{"id":"gen9nationaldex-1997089899","p1":"Marty1010","p2":"Patar136","format":"[Gen 9] National Dex","log":"|html|<div class=\"broadcast-blue\"><strong>[Gen 9] National Dex is currently suspecting Sneasler! For information on how to participate check out the <a href=\"https:\/\/www.smogon.com\/forums\/threads\/sv-national-dex-suspect-8-just-dance.3731534\/\">suspect thread<\/a>.<\/strong><\/div>\n|j|\u2606Marty1010\n|j|\u2606Patar136\n|t:|1700763458\n|gametype|singles\n|player|p1|Marty1010|blackbelt-gen4|1273\n|player|p2|Patar136|misty|1349\n|teamsize|p1|6\n|teamsize|p2|6\n|gen|9\n|tier|[Gen 9] National Dex\n|rated|\n|rule|HP Percentage Mod: HP is shown in percentages\n|rule|Endless Battle Clause: Forcing endless battles is banned\n|rule|OHKO Clause: OHKO moves are banned\n|rule|Evasion Clause: Evasion abilities, items, and moves are banned\n|rule|Evasion Abilities Clause: Evasion abilities are banned\n|rule|Evasion Items Clause: Evasion items are banned\n|rule|Evasion Moves Clause: Evasion moves are banned\n|rule|Species Clause: Limit one of each Pok\u00e9mon\n|rule|Sleep Clause Mod: Limit one foe put to sleep\n|clearpoke\n|poke|p1|Charizard, F|\n|poke|p1|Leafeon, M|\n|poke|p1|Ferrothorn, F|\n|poke|p1|Corviknight, F|\n|poke|p1|Garganacl, M|\n|poke|p1|Toxapex, F|\n|poke|p2|Gliscor, F|\n|poke|p2|Buzzwole|\n|poke|p2|Alomomola, M|\n|poke|p2|Quagsire, M|\n|poke|p2|Garganacl, M|\n|poke|p2|Blissey, F|\n|teampreview\n|\n|t:|1700763465\n|start\n|switch|p1a: Spikey|Ferrothorn, F|100\/100\n|switch|p2a: Quagsire|Quagsire, M|100\/100\n|turn|1\n|\n|t:|1700763480\n|switch|p2a: Buzzwole|Buzzwole|100\/100\n|move|p1a: Spikey|Leech Seed|p2a: Buzzwole\n|-start|p2a: Buzzwole|move: Leech Seed\n|\n|-damage|p2a: Buzzwole|88\/100|[from] Leech Seed|[of] p1a: Spikey\n|upkeep\n|turn|2\n|\n|t:|1700763487\n|switch|p2a: Gliscor|Gliscor, F|100\/100\n|switch|p1a: Poison|Toxapex, F|100\/100\n|\n|-status|p2a: Gliscor|tox|[from] item: Toxic Orb\n|upkeep\n|turn|3\n|\n|t:|1700763497\n|move|p2a: Gliscor|Taunt|p1a: Poison\n|-start|p1a: Poison|move: Taunt\n|move|p1a: Poison|Scald|p2a: Gliscor\n|-supereffective|p2a: Gliscor\n|-damage|p2a: Gliscor|61\/100 tox\n|\n|-heal|p2a: Gliscor|74\/100 tox|[from] ability: Poison Heal\n|upkeep\n|turn|4\n|\n|t:|1700763505\n|switch|p1a: Corviknight|Corviknight, F|100\/100\n|-ability|p1a: Corviknight|Pressure\n|move|p2a: Gliscor|Toxic|p1a: Corviknight\n|-immune|p1a: Corviknight\n|\n|-heal|p2a: Gliscor|86\/100 tox|[from] ability: Poison Heal\n|upkeep\n|turn|5\n|\n|t:|1700763515\n|move|p2a: Gliscor|Taunt|p1a: Corviknight\n|-start|p1a: Corviknight|move: Taunt\n|cant|p1a: Corviknight|move: Taunt|Iron Defense\n|\n|-heal|p2a: Gliscor|98\/100 tox|[from] ability: Poison Heal\n|upkeep\n|turn|6\n|\n|t:|1700763523\n|switch|p2a: Quagsire|Quagsire, M|100\/100\n|move|p1a: Corviknight|Brave Bird|p2a: Quagsire\n|-damage|p2a: Quagsire|73\/100\n|-damage|p1a: Corviknight|91\/100|[from] Recoil\n|\n|-heal|p2a: Quagsire|79\/100|[from] item: Leftovers\n|upkeep\n|turn|7\n|\n|t:|1700763532\n|switch|p1a: Poison|Toxapex, F|100\/100\n|move|p2a: Quagsire|Stealth Rock|p1a: Poison\n|-sidestart|p1: Marty1010|move: Stealth Rock\n|\n|-heal|p2a: Quagsire|85\/100|[from] item: Leftovers\n|upkeep\n|turn|8\n|\n|t:|1700763540\n|move|p1a: Poison|Scald|p2a: Quagsire\n|-damage|p2a: Quagsire|66\/100\n|move|p2a: Quagsire|Earthquake|p1a: Poison\n|-supereffective|p1a: Poison\n|-damage|p1a: Poison|66\/100\n|\n|-heal|p2a: Quagsire|72\/100|[from] item: Leftovers\n|-heal|p1a: Poison|73\/100|[from] item: Black Sludge\n|upkeep\n|turn|9\n|\n|t:|1700763549\n|move|p1a: Poison|Scald|p2a: Quagsire\n|-damage|p2a: Quagsire|53\/100\n|move|p2a: Quagsire|Earthquake|p1a: Poison\n|-supereffective|p1a: Poison\n|-crit|p1a: Poison\n|-damage|p1a: Poison|17\/100\n|\n|-heal|p2a: Quagsire|59\/100|[from] item: Leftovers\n|-heal|p1a: Poison|24\/100|[from] item: Black Sludge\n|upkeep\n|turn|10\n|\n|t:|1700763559\n|move|p1a: Poison|Baneful Bunker|p1a: Poison\n|-singleturn|p1a: Poison|move: Protect\n|move|p2a: Quagsire|Scald|p1a: Poison\n|-activate|p1a: Poison|move: Protect\n|\n|-heal|p1a: Poison|30\/100|[from] item: Black Sludge\n|-heal|p2a: Quagsire|65\/100|[from] item: Leftovers\n|upkeep\n|turn|11\n|\n|t:|1700763573\n|switch|p1a: Spikey|Ferrothorn, F|100\/100\n|-damage|p1a: Spikey|95\/100|[from] Stealth Rock\n|move|p2a: Quagsire|Earthquake|p1a: Spikey\n|-damage|p1a: Spikey|77\/100\n|\n|-heal|p2a: Quagsire|71\/100|[from] item: Leftovers\n|-heal|p1a: Spikey|83\/100|[from] item: Leftovers\n|upkeep\n|turn|12\n|\n|t:|1700763583\n|switch|p2a: Gliscor|Gliscor, F|98\/100 tox\n|move|p1a: Spikey|Leech Seed|p2a: Gliscor\n|-start|p2a: Gliscor|move: Leech Seed\n|\n|-heal|p1a: Spikey|89\/100|[from] item: Leftovers\n|-damage|p2a: Gliscor|86\/100 tox|[from] Leech Seed|[of] p1a: Spikey\n|-heal|p1a: Spikey|99\/100|[silent]\n|-heal|p2a: Gliscor|98\/100 tox|[from] ability: Poison Heal\n|upkeep\n|turn|13\n|\n|t:|1700763599\n|switch|p1a: Garganacl|Garganacl, M|100\/100\n|-damage|p1a: Garganacl|88\/100|[from] Stealth Rock\n|move|p2a: Gliscor|Taunt|p1a: Garganacl\n|-start|p1a: Garganacl|move: Taunt\n|\n|-damage|p2a: Gliscor|86\/100 tox|[from] Leech Seed|[of] p1a: Garganacl\n|-heal|p1a: Garganacl|97\/100|[silent]\n|-heal|p2a: Gliscor|98\/100 tox|[from] ability: Poison Heal\n|upkeep\n|turn|14\n|\n|t:|1700763608\n|switch|p2a: Garganacl|Garganacl, M|100\/100\n|move|p1a: Garganacl|Salt Cure|p2a: Garganacl\n|-damage|p2a: Garganacl|91\/100\n|-start|p2a: Garganacl|Salt Cure\n|\n|-heal|p2a: Garganacl|97\/100|[from] item: Leftovers\n|-damage|p2a: Garganacl|84\/100|[from] Salt Cure\n|upkeep\n|turn|15\n|\n|t:|1700763622\n|switch|p1a: Corviknight|Corviknight, F|91\/100\n|-ability|p1a: Corviknight|Pressure\n|move|p2a: Garganacl|Salt Cure|p1a: Corviknight\n|-damage|p1a: Corviknight|79\/100\n|-start|p1a: Corviknight|Salt Cure\n|\n|-heal|p2a: Garganacl|91\/100|[from] item: Leftovers\n|-damage|p1a: Corviknight|55\/100|[from] Salt Cure\n|-damage|p2a: Garganacl|78\/100|[from] Salt Cure\n|upkeep\n|turn|16\n|\n|t:|1700763633\n|switch|p2a: Quagsire|Quagsire, M|71\/100\n|move|p1a: Corviknight|Roost|p1a: Corviknight\n|-heal|p1a: Corviknight|100\/100\n|-singleturn|p1a: Corviknight|move: Roost\n|\n|-heal|p2a: Quagsire|77\/100|[from] item: Leftovers\n|-damage|p1a: Corviknight|76\/100|[from] Salt Cure\n|upkeep\n|turn|17\n|\n|t:|1700763643\n|switch|p1a: Spikey|Ferrothorn, F|99\/100\n|-damage|p1a: Spikey|94\/100|[from] Stealth Rock\n|move|p2a: Quagsire|Scald|p1a: Spikey\n|-resisted|p1a: Spikey\n|-damage|p1a: Spikey|87\/100\n|\n|-heal|p2a: Quagsire|83\/100|[from] item: Leftovers\n|-heal|p1a: Spikey|93\/100|[from] item: Leftovers\n|upkeep\n|turn|18\n|\n|t:|1700763652\n|switch|p2a: Buzzwole|Buzzwole|88\/100\n|move|p1a: Spikey|Leech Seed|p2a: Buzzwole\n|-start|p2a: Buzzwole|move: Leech Seed\n|\n|-heal|p1a: Spikey|99\/100|[from] item: Leftovers\n|-damage|p2a: Buzzwole|76\/100|[from] Leech Seed|[of] p1a: Spikey\n|-heal|p1a: Spikey|100\/100|[silent]\n|upkeep\n|turn|19\n|\n|t:|1700763659\n|move|p2a: Buzzwole|Drain Punch|p1a: Spikey\n|-supereffective|p1a: Spikey\n|-damage|p1a: Spikey|64\/100\n|-heal|p2a: Buzzwole|91\/100|[from] drain|[of] p1a: Spikey\n|-damage|p2a: Buzzwole|78\/100|[from] ability: Iron Barbs|[of] p1a: Spikey\n|move|p1a: Spikey|Stealth Rock|p2a: Buzzwole\n|-sidestart|p2: Patar136|move: Stealth Rock\n|\n|-heal|p1a: Spikey|70\/100|[from] item: Leftovers\n|-damage|p2a: Buzzwole|66\/100|[from] Leech Seed|[of] p1a: Spikey\n|-heal|p1a: Spikey|85\/100|[silent]\n|upkeep\n|turn|20\n|\n|t:|1700763671\n|switch|p2a: Gliscor|Gliscor, F|98\/100 tox\n|-damage|p2a: Gliscor|86\/100 tox|[from] Stealth Rock\n|switch|p1a: Poison|Toxapex, F|63\/100\n|-damage|p1a: Poison|50\/100|[from] Stealth Rock\n|\n|-heal|p1a: Poison|57\/100|[from] item: Black Sludge\n|-heal|p2a: Gliscor|98\/100 tox|[from] ability: Poison Heal\n|upkeep\n|turn|21\n|\n|t:|1700763681\n|move|p1a: Poison|Baneful Bunker|p1a: Poison\n|-singleturn|p1a: Poison|move: Protect\n|move|p2a: Gliscor|Earthquake|p1a: Poison\n|-activate|p1a: Poison|move: Protect\n|\n|-heal|p1a: Poison|63\/100|[from] item: Black Sludge\n|-heal|p2a: Gliscor|100\/100 tox|[from] ability: Poison Heal\n|upkeep\n|turn|22\n|\n|t:|1700763690\n|switch|p1a: Corviknight|Corviknight, F|76\/100\n|-ability|p1a: Corviknight|Pressure\n|move|p2a: Gliscor|Earthquake|p1a: Corviknight\n|-immune|p1a: Corviknight\n|\n|upkeep\n|turn|23\n|\n|t:|1700763698\n|move|p2a: Gliscor|Taunt|p1a: Corviknight\n|-start|p1a: Corviknight|move: Taunt\n|move|p1a: Corviknight|Body Press|p2a: Gliscor\n|-resisted|p2a: Gliscor\n|-damage|p2a: Gliscor|91\/100 tox\n|\n|-heal|p2a: Gliscor|100\/100 tox|[from] ability: Poison Heal\n|upkeep\n|turn|24\n|\n|t:|1700763708\n|move|p2a: Gliscor|Toxic|p1a: Corviknight|[miss]\n|-miss|p2a: Gliscor|p1a: Corviknight\n|move|p1a: Corviknight|Brave Bird|p2a: Gliscor\n|-damage|p2a: Gliscor|65\/100 tox\n|-damage|p1a: Corviknight|67\/100|[from] Recoil\n|\n|-heal|p2a: Gliscor|78\/100 tox|[from] ability: Poison Heal\n|upkeep\n|turn|25\n|\n|t:|1700763717\n|move|p2a: Gliscor|Roost|p2a: Gliscor\n|-heal|p2a: Gliscor|100\/100 tox\n|-singleturn|p2a: Gliscor|move: Roost\n|move|p1a: Corviknight|Brave Bird|p2a: Gliscor\n|-damage|p2a: Gliscor|63\/100 tox\n|-damage|p1a: Corviknight|58\/100|[from] Recoil\n|\n|-heal|p2a: Gliscor|75\/100 tox|[from] ability: Poison Heal\n|-end|p1a: Corviknight|move: Taunt\n|upkeep\n|turn|26\n|\n|t:|1700763728\n|move|p2a: Gliscor|Taunt|p1a: Corviknight\n|-start|p1a: Corviknight|move: Taunt\n|cant|p1a: Corviknight|move: Taunt|Roost\n|\n|-heal|p2a: Gliscor|88\/100 tox|[from] ability: Poison Heal\n|upkeep\n|turn|27\n|\n|t:|1700763735\n|switch|p2a: Quagsire|Quagsire, M|83\/100\n|-damage|p2a: Quagsire|77\/100|[from] Stealth Rock\n|move|p1a: Corviknight|Body Press|p2a: Quagsire\n|-damage|p2a: Quagsire|64\/100\n|\n|-heal|p2a: Quagsire|70\/100|[from] item: Leftovers\n|upkeep\n|turn|28\n|\n|t:|1700763744\n|switch|p1a: Poison|Toxapex, F|96\/100\n|-damage|p1a: Poison|84\/100|[from] Stealth Rock\n|move|p2a: Quagsire|Scald|p1a: Poison\n|-resisted|p1a: Poison\n|-damage|p1a: Poison|76\/100\n|\n|-heal|p2a: Quagsire|76\/100|[from] item: Leftovers\n|-heal|p1a: Poison|83\/100|[from] item: Black Sludge\n|upkeep\n|turn|29\n|\n|t:|1700763754\n|move|p1a: Poison|Toxic Spikes|p2a: Quagsire\n|-sidestart|p2: Patar136|move: Toxic Spikes\n|move|p2a: Quagsire|Earthquake|p1a: Poison\n|-supereffective|p1a: Poison\n|-damage|p1a: Poison|47\/100\n|\n|-heal|p2a: Quagsire|82\/100|[from] item: Leftovers\n|-heal|p1a: Poison|53\/100|[from] item: Black Sludge\n|upkeep\n|turn|30\n|\n|t:|1700763763\n|-terastallize|p2a: Quagsire|Poison\n|move|p2a: Quagsire|Earthquake|p1a: Poison\n|-supereffective|p1a: Poison\n|-damage|p1a: Poison|19\/100\n|move|p1a: Poison|Toxic Spikes|p2a: Quagsire\n|-sidestart|p2: Patar136|move: Toxic Spikes\n|\n|-heal|p1a: Poison|25\/100|[from] item: Black Sludge\n|-heal|p2a: Quagsire|89\/100|[from] item: Leftovers\n|upkeep\n|turn|31\n|\n|t:|1700763772\n|move|p1a: Poison|Baneful Bunker|p1a: Poison\n|-singleturn|p1a: Poison|move: Protect\n|move|p2a: Quagsire|Earthquake|p1a: Poison\n|-activate|p1a: Poison|move: Protect\n|\n|-heal|p1a: Poison|31\/100|[from] item: Black Sludge\n|-heal|p2a: Quagsire|95\/100|[from] item: Leftovers\n|upkeep\n|turn|32\n|\n|t:|1700763780\n|switch|p1a: Spikey|Ferrothorn, F|85\/100\n|-damage|p1a: Spikey|79\/100|[from] Stealth Rock\n|move|p2a: Quagsire|Scald|p1a: Spikey\n|-resisted|p1a: Spikey\n|-damage|p1a: Spikey|71\/100\n|\n|-heal|p2a: Quagsire|100\/100|[from] item: Leftovers\n|-heal|p1a: Spikey|77\/100|[from] item: Leftovers\n|upkeep\n|turn|33\n|\n|t:|1700763790\n|switch|p2a: Gliscor|Gliscor, F|88\/100 tox\n|-damage|p2a: Gliscor|75\/100 tox|[from] Stealth Rock\n|move|p1a: Spikey|Leech Seed|p2a: Gliscor\n|-start|p2a: Gliscor|move: Leech Seed\n|\n|-heal|p1a: Spikey|83\/100|[from] item: Leftovers\n|-damage|p2a: Gliscor|63\/100 tox|[from] Leech Seed|[of] p1a: Spikey\n|-heal|p1a: Spikey|93\/100|[silent]\n|-heal|p2a: Gliscor|75\/100 tox|[from] ability: Poison Heal\n|upkeep\n|turn|34\n|\n|t:|1700763799\n|switch|p2a: Quagsire|Quagsire, M, tera:Poison|100\/100\n|-damage|p2a: Quagsire|88\/100|[from] Stealth Rock\n|-sideend|p2: Patar136|move: Toxic Spikes|[of] p2a: Quagsire\n|move|p1a: Spikey|Gyro Ball|p2a: Quagsire\n|-damage|p2a: Quagsire|76\/100\n|\n|-heal|p2a: Quagsire|82\/100|[from] item: Leftovers\n|-heal|p1a: Spikey|99\/100|[from] item: Leftovers\n|upkeep\n|turn|35\n|\n|t:|1700763813\n|move|p2a: Quagsire|Earthquake|p1a: Spikey\n|-damage|p1a: Spikey|82\/100\n|move|p1a: Spikey|Spikes|p2a: Quagsire\n|-sidestart|p2: Patar136|Spikes\n|\n|-heal|p2a: Quagsire|88\/100|[from] item: Leftovers\n|-heal|p1a: Spikey|88\/100|[from] item: Leftovers\n|upkeep\n|turn|36\n|\n|t:|1700763820\n|move|p2a: Quagsire|Scald|p1a: Spikey\n|-resisted|p1a: Spikey\n|-damage|p1a: Spikey|80\/100\n|move|p1a: Spikey|Leech Seed|p2a: Quagsire\n|-start|p2a: Quagsire|move: Leech Seed\n|\n|-heal|p2a: Quagsire|94\/100|[from] item: Leftovers\n|-heal|p1a: Spikey|86\/100|[from] item: Leftovers\n|-damage|p2a: Quagsire|81\/100|[from] Leech Seed|[of] p1a: Spikey\n|-heal|p1a: Spikey|99\/100|[silent]\n|upkeep\n|turn|37\n|\n|t:|1700763829\n|move|p2a: Quagsire|Scald|p1a: Spikey\n|-resisted|p1a: Spikey\n|-damage|p1a: Spikey|93\/100\n|move|p1a: Spikey|Spikes|p2a: Quagsire\n|-sidestart|p2: Patar136|Spikes\n|\n|-heal|p2a: Quagsire|88\/100|[from] item: Leftovers\n|-heal|p1a: Spikey|99\/100|[from] item: Leftovers\n|-damage|p2a: Quagsire|75\/100|[from] Leech Seed|[of] p1a: Spikey\n|-heal|p1a: Spikey|100\/100|[silent]\n|upkeep\n|turn|38\n|\n|t:|1700763837\n|switch|p2a: Buzzwole|Buzzwole|66\/100\n|move|p1a: Spikey|Spikes|p2a: Buzzwole\n|-sidestart|p2: Patar136|Spikes\n|\n|upkeep\n|turn|39\n|\n|t:|1700763844\n|move|p2a: Buzzwole|Drain Punch|p1a: Spikey\n|-supereffective|p1a: Spikey\n|-damage|p1a: Spikey|64\/100\n|-heal|p2a: Buzzwole|81\/100|[from] drain|[of] p1a: Spikey\n|-damage|p2a: Buzzwole|69\/100|[from] ability: Iron Barbs|[of] p1a: Spikey\n|move|p1a: Spikey|Leech Seed|p2a: Buzzwole\n|-start|p2a: Buzzwole|move: Leech Seed\n|\n|-heal|p1a: Spikey|70\/100|[from] item: Leftovers\n|-damage|p2a: Buzzwole|56\/100|[from] Leech Seed|[of] p1a: Spikey\n|-heal|p1a: Spikey|85\/100|[silent]\n|upkeep\n|turn|40\n|\n|t:|1700763855\n|move|p2a: Buzzwole|Roost|p2a: Buzzwole\n|-heal|p2a: Buzzwole|100\/100\n|-singleturn|p2a: Buzzwole|move: Roost\n|move|p1a: Spikey|Gyro Ball|p2a: Buzzwole\n|-damage|p2a: Buzzwole|84\/100\n|\n|-heal|p1a: Spikey|91\/100|[from] item: Leftovers\n|-damage|p2a: Buzzwole|72\/100|[from] Leech Seed|[of] p1a: Spikey\n|-heal|p1a: Spikey|100\/100|[silent]\n|upkeep\n|turn|41\n|\n|t:|1700763866\n|switch|p2a: Gliscor|Gliscor, F|75\/100 tox\n|-damage|p2a: Gliscor|63\/100 tox|[from] Stealth Rock\n|move|p1a: Spikey|Leech Seed|p2a: Gliscor\n|-start|p2a: Gliscor|move: Leech Seed\n|\n|-damage|p2a: Gliscor|51\/100 tox|[from] Leech Seed|[of] p1a: Spikey\n|-heal|p2a: Gliscor|63\/100 tox|[from] ability: Poison Heal\n|upkeep\n|turn|42\n|\n|t:|1700763875\n|switch|p2a: Alomomola|Alomomola, M|100\/100\n|move|p1a: Spikey|Gyro Ball|p2a: Alomomola\n|-resisted|p2a: Alomomola\n|-damage|p2a: Alomomola|93\/100\n|\n|upkeep\n|turn|43\n|\n|t:|1700763881\n|move|p2a: Alomomola|Wish|p2a: Alomomola\n|move|p1a: Spikey|Leech Seed|p2a: Alomomola\n|-start|p2a: Alomomola|move: Leech Seed\n|\n|-damage|p2a: Alomomola|81\/100|[from] Leech Seed|[of] p1a: Spikey\n|upkeep\n|turn|44\n|\n|t:|1700763886\n|move|p2a: Alomomola|Flip Turn|p1a: Spikey\n|-resisted|p1a: Spikey\n|-damage|p1a: Spikey|96\/100\n|-damage|p2a: Alomomola|68\/100|[from] ability: Iron Barbs|[of] p1a: Spikey\n|\n|t:|1700763892\n|switch|p2a: Gliscor|Gliscor, F|63\/100 tox|[from] Flip Turn\n|-damage|p2a: Gliscor|51\/100 tox|[from] Stealth Rock\n|move|p1a: Spikey|Leech Seed|p2a: Gliscor\n|-start|p2a: Gliscor|move: Leech Seed\n|\n|-heal|p2a: Gliscor|100\/100 tox|[from] move: Wish|[wisher] Alomomola\n|-heal|p1a: Spikey|100\/100|[from] item: Leftovers\n|-damage|p2a: Gliscor|88\/100 tox|[from] Leech Seed|[of] p1a: Spikey\n|-heal|p2a: Gliscor|100\/100 tox|[from] ability: Poison Heal\n|upkeep\n|turn|45\n|\n|t:|1700763903\n|switch|p1a: Corviknight|Corviknight, F|58\/100\n|-ability|p1a: Corviknight|Pressure\n|move|p2a: Gliscor|Taunt|p1a: Corviknight\n|-start|p1a: Corviknight|move: Taunt\n|\n|-damage|p2a: Gliscor|88\/100 tox|[from] Leech Seed|[of] p1a: Corviknight\n|-heal|p1a: Corviknight|67\/100|[silent]\n|-heal|p2a: Gliscor|100\/100 tox|[from] ability: Poison Heal\n|upkeep\n|turn|46\n|\n|t:|1700763914\n|switch|p2a: Garganacl|Garganacl, M|78\/100\n|-damage|p2a: Garganacl|66\/100|[from] Stealth Rock\n|-damage|p2a: Garganacl|41\/100|[from] Spikes\n|move|p1a: Corviknight|Body Press|p2a: Garganacl\n|-supereffective|p2a: Garganacl\n|-damage|p2a: Garganacl|16\/100\n|\n|-heal|p2a: Garganacl|22\/100|[from] item: Leftovers\n|upkeep\n|turn|47\n|\n|t:|1700763924\n|move|p1a: Corviknight|Body Press|p2a: Garganacl\n|-supereffective|p2a: Garganacl\n|-damage|p2a: Garganacl|0 fnt\n|faint|p2a: Garganacl\n|\n|-end|p1a: Corviknight|move: Taunt\n|upkeep\n|-message|Patar136 forfeited.\n|\n|win|Marty1010\n|raw|Marty1010's rating: 1273 &rarr; <strong>1303<\/strong><br \/>(+30 for winning)\n|raw|Patar136's rating: 1349 &rarr; <strong>1325<\/strong><br \/>(-24 for losing)\n|l|\u2606Patar136\n","uploadtime":1700763959,"views":10,"p1id":"marty1010","p2id":"patar136","formatid":"gen9nationaldex","rating":1303,"private":0,"password":""}