{"id":"gen9nationaldex-1992331930","p1":"QM3 Levistra","p2":"HeartGoldenGatr","format":"[Gen 9] National Dex","log":"|j|\u2606QM3 Levistra\n|j|\u2606HeartGoldenGatr\n|t:|1700175549\n|gametype|singles\n|player|p1|QM3 Levistra|plasmagrunt-gen5bw|1052\n|player|p2|HeartGoldenGatr|ethan|1108\n|teamsize|p1|6\n|teamsize|p2|6\n|gen|9\n|tier|[Gen 9] National Dex\n|rated|\n|rule|HP Percentage Mod: HP is shown in percentages\n|rule|Endless Battle Clause: Forcing endless battles is banned\n|rule|OHKO Clause: OHKO moves are banned\n|rule|Evasion Clause: Evasion abilities, items, and moves are banned\n|rule|Evasion Abilities Clause: Evasion abilities are banned\n|rule|Evasion Items Clause: Evasion items are banned\n|rule|Evasion Moves Clause: Evasion moves are banned\n|rule|Species Clause: Limit one of each Pok\u00e9mon\n|rule|Sleep Clause Mod: Limit one foe put to sleep\n|clearpoke\n|poke|p1|Butterfree, M|\n|poke|p1|Torterra, F|\n|poke|p1|Infernape, M|\n|poke|p1|Gible, F|\n|poke|p1|Krookodile, F|\n|poke|p1|Greninja-*, M|\n|poke|p2|Feraligatr, M|\n|poke|p2|Corviknight, M|\n|poke|p2|Espeon, M|\n|poke|p2|Luxray, F|\n|poke|p2|Tyranitar, F|\n|poke|p2|Volcarona, M|\n|teampreview\n|inactive|Battle timer is ON: inactive players will automatically lose when time's up. (requested by QM3 Levistra)\n|c|\u2606HeartGoldenGatr|Aaaah an ash team\n|c|\u2606HeartGoldenGatr|ok bet let's do this\n|c|\u2606HeartGoldenGatr|love the butterfry\n|c|\u2606QM3 Levistra|i love her too\n|inactive|HeartGoldenGatr has 120 seconds left.\n|c|\u2606HeartGoldenGatr|wait can we do feraligatr vs krookodile\n|c|\u2606QM3 Levistra|just play\n|\n|t:|1700175591\n|start\n|switch|p1a: Gible|Gible, F|100\/100\n|switch|p2a: Volcarona|Volcarona, M|100\/100\n|turn|1\n|\n|t:|1700175596\n|move|p2a: Volcarona|Quiver Dance|p2a: Volcarona\n|-boost|p2a: Volcarona|spa|1\n|-boost|p2a: Volcarona|spd|1\n|-boost|p2a: Volcarona|spe|1\n|move|p1a: Gible|Stealth Rock|p2a: Volcarona\n|-sidestart|p2: HeartGoldenGatr|move: Stealth Rock\n|\n|upkeep\n|turn|2\n|c|\u2606HeartGoldenGatr|:(\n|\n|t:|1700175604\n|move|p2a: Volcarona|Quiver Dance|p2a: Volcarona\n|-boost|p2a: Volcarona|spa|1\n|-boost|p2a: Volcarona|spd|1\n|-boost|p2a: Volcarona|spe|1\n|move|p1a: Gible|Roar|p2a: Volcarona\n|drag|p2a: Tyranitar|Tyranitar, F|100\/100\n|-damage|p2a: Tyranitar|88\/100|[from] Stealth Rock\n|-weather|Sandstorm|[from] ability: Sand Stream|[of] p2a: Tyranitar\n|\n|-weather|Sandstorm|[upkeep]\n|upkeep\n|turn|3\n|\n|t:|1700175612\n|detailschange|p2a: Tyranitar|Tyranitar-Mega, F\n|-mega|p2a: Tyranitar|Tyranitar|Tyranitarite\n|move|p2a: Tyranitar|Crunch|p1a: Gible\n|-damage|p1a: Gible|11\/100\n|-damage|p2a: Tyranitar|76\/100|[from] ability: Rough Skin|[of] p1a: Gible\n|move|p1a: Gible|Toxic|p2a: Tyranitar\n|-status|p2a: Tyranitar|tox\n|\n|-weather|Sandstorm|[upkeep]\n|-damage|p2a: Tyranitar|70\/100 tox|[from] psn\n|upkeep\n|turn|4\n|\n|t:|1700175621\n|move|p1a: Gible|Protect|p1a: Gible\n|-singleturn|p1a: Gible|Protect\n|move|p2a: Tyranitar|Crunch|p1a: Gible\n|-activate|p1a: Gible|move: Protect\n|\n|-weather|Sandstorm|[upkeep]\n|-damage|p2a: Tyranitar|57\/100 tox|[from] psn\n|upkeep\n|turn|5\n|\n|t:|1700175629\n|move|p2a: Tyranitar|Crunch|p1a: Gible\n|-damage|p1a: Gible|0 fnt\n|-damage|p2a: Tyranitar|45\/100 tox|[from] ability: Rough Skin|[of] p1a: Gible\n|faint|p1a: Gible\n|\n|-weather|Sandstorm|[upkeep]\n|-damage|p2a: Tyranitar|27\/100 tox|[from] psn\n|upkeep\n|c|\u2606HeartGoldenGatr|that was insane\n|\n|t:|1700175645\n|switch|p1a: Infernape|Infernape, M|100\/100\n|turn|6\n|\n|t:|1700175649\n|move|p1a: Infernape|Grass Knot|p2a: Tyranitar\n|-supereffective|p2a: Tyranitar\n|-damage|p2a: Tyranitar|0 fnt\n|faint|p2a: Tyranitar\n|\n|-weather|none\n|upkeep\n|\n|t:|1700175672\n|switch|p2a: Espeon|Espeon, M|100\/100\n|-damage|p2a: Espeon|88\/100|[from] Stealth Rock\n|turn|7\n|\n|t:|1700175681\n|switch|p1a: Krookodile|Krookodile, F|100\/100\n|-ability|p1a: Krookodile|Intimidate|boost\n|-unboost|p2a: Espeon|atk|1\n|move|p2a: Espeon|Psychic|p1a: Krookodile\n|-immune|p1a: Krookodile\n|\n|upkeep\n|turn|8\n|\n|t:|1700175687\n|move|p1a: Krookodile|Crunch|p2a: Espeon\n|-supereffective|p2a: Espeon\n|-damage|p2a: Espeon|0 fnt\n|faint|p2a: Espeon\n|\n|upkeep\n|c|\u2606HeartGoldenGatr|FUCK YES\n|\n|t:|1700175694\n|switch|p2a: Feraligatr|Feraligatr, M|100\/100\n|-damage|p2a: Feraligatr|88\/100|[from] Stealth Rock\n|turn|9\n|c|\u2606HeartGoldenGatr|Oh yeah.\n|\n|t:|1700175709\n|move|p1a: Krookodile|Crunch|p2a: Feraligatr\n|-damage|p2a: Feraligatr|31\/100\n|move|p2a: Feraligatr|Dragon Dance|p2a: Feraligatr\n|-boost|p2a: Feraligatr|atk|1\n|-boost|p2a: Feraligatr|spe|1\n|\n|upkeep\n|turn|10\n|c|\u2606QM3 Levistra|anime music\n|\n|t:|1700175715\n|move|p2a: Feraligatr|Liquidation|p1a: Krookodile\n|-supereffective|p1a: Krookodile\n|-damage|p1a: Krookodile|0 fnt\n|faint|p1a: Krookodile\n|\n|upkeep\n|\n|t:|1700175739\n|switch|p1a: Greninja|Greninja, M|100\/100\n|turn|11\n|\n|t:|1700175746\n|move|p1a: Greninja|Dark Pulse|p2a: Feraligatr\n|-damage|p2a: Feraligatr|0 fnt\n|faint|p2a: Feraligatr\n|-ability|p1a: Greninja|Battle Bond|boost\n|-boost|p1a: Greninja|atk|1\n|-boost|p1a: Greninja|spa|1\n|-boost|p1a: Greninja|spe|1\n|-activate|p1a: Greninja|ability: Battle Bond\n|-damage|p1a: Greninja|91\/100|[from] item: Life Orb\n|\n|upkeep\n|\n|t:|1700175752\n|switch|p2a: Luxray|Luxray, F|100\/100\n|-damage|p2a: Luxray|88\/100|[from] Stealth Rock\n|-ability|p2a: Luxray|Intimidate|boost\n|-unboost|p1a: Greninja|atk|1\n|turn|12\n|\n|t:|1700175760\n|move|p1a: Greninja|Dark Pulse|p2a: Luxray\n|-damage|p2a: Luxray|10\/100\n|-enditem|p2a: Luxray|Sitrus Berry|[eat]\n|-heal|p2a: Luxray|35\/100|[from] item: Sitrus Berry\n|-damage|p1a: Greninja|81\/100|[from] item: Life Orb\n|move|p2a: Luxray|Play Rough|p1a: Greninja\n|-supereffective|p1a: Greninja\n|-crit|p1a: Greninja\n|-damage|p1a: Greninja|0 fnt\n|faint|p1a: Greninja\n|\n|upkeep\n|\n|t:|1700175779\n|switch|p1a: Infernape|Infernape, M|100\/100\n|turn|13\n|\n|t:|1700175793\n|move|p1a: Infernape|Flamethrower|p2a: Luxray\n|-damage|p2a: Luxray|0 fnt\n|faint|p2a: Luxray\n|\n|upkeep\n|\n|t:|1700175797\n|switch|p2a: Corviknight|Corviknight, M|100\/100\n|-damage|p2a: Corviknight|88\/100|[from] Stealth Rock\n|turn|14\n|\n|t:|1700175813\n|-terastallize|p2a: Corviknight|Flying\n|move|p1a: Infernape|Flamethrower|p2a: Corviknight\n|-damage|p2a: Corviknight|44\/100\n|move|p2a: Corviknight|Drill Peck|p1a: Infernape\n|-supereffective|p1a: Infernape\n|-damage|p1a: Infernape|0 fnt\n|faint|p1a: Infernape\n|\n|-heal|p2a: Corviknight|51\/100|[from] item: Leftovers\n|upkeep\n|\n|t:|1700175827\n|switch|p1a: Butterfree|Butterfree, M|100\/100\n|turn|15\n|\n|t:|1700175836\n|move|p1a: Butterfree|Sleep Powder|p2a: Corviknight\n|-status|p2a: Corviknight|slp|[from] move: Sleep Powder\n|cant|p2a: Corviknight|slp\n|\n|-heal|p2a: Corviknight|57\/100 slp|[from] item: Leftovers\n|upkeep\n|turn|16\n|\n|t:|1700175840\n|move|p1a: Butterfree|Substitute|p1a: Butterfree\n|-start|p1a: Butterfree|Substitute\n|-damage|p1a: Butterfree|76\/100\n|cant|p2a: Corviknight|slp\n|\n|-heal|p1a: Butterfree|82\/100|[from] item: Leftovers\n|-heal|p2a: Corviknight|63\/100 slp|[from] item: Leftovers\n|upkeep\n|turn|17\n|\n|t:|1700175843\n|move|p1a: Butterfree|Quiver Dance|p1a: Butterfree\n|-boost|p1a: Butterfree|spa|1\n|-boost|p1a: Butterfree|spd|1\n|-boost|p1a: Butterfree|spe|1\n|cant|p2a: Corviknight|slp\n|\n|-heal|p1a: Butterfree|88\/100|[from] item: Leftovers\n|-heal|p2a: Corviknight|69\/100 slp|[from] item: Leftovers\n|upkeep\n|turn|18\n|\n|t:|1700175846\n|move|p1a: Butterfree|Quiver Dance|p1a: Butterfree\n|-boost|p1a: Butterfree|spa|1\n|-boost|p1a: Butterfree|spd|1\n|-boost|p1a: Butterfree|spe|1\n|-curestatus|p2a: Corviknight|slp|[msg]\n|move|p2a: Corviknight|Drill Peck|p1a: Butterfree\n|-supereffective|p1a: Butterfree\n|-end|p1a: Butterfree|Substitute\n|\n|-heal|p1a: Butterfree|94\/100|[from] item: Leftovers\n|-heal|p2a: Corviknight|76\/100|[from] item: Leftovers\n|upkeep\n|turn|19\n|\n|t:|1700175849\n|move|p1a: Butterfree|Sleep Powder|p2a: Corviknight\n|-status|p2a: Corviknight|slp|[from] move: Sleep Powder\n|cant|p2a: Corviknight|slp\n|\n|-heal|p1a: Butterfree|99\/100|[from] item: Leftovers\n|-heal|p2a: Corviknight|82\/100 slp|[from] item: Leftovers\n|upkeep\n|turn|20\n|\n|t:|1700175852\n|move|p1a: Butterfree|Substitute|p1a: Butterfree\n|-start|p1a: Butterfree|Substitute\n|-damage|p1a: Butterfree|75\/100\n|cant|p2a: Corviknight|slp\n|\n|-heal|p1a: Butterfree|81\/100|[from] item: Leftovers\n|-heal|p2a: Corviknight|88\/100 slp|[from] item: Leftovers\n|upkeep\n|turn|21\n|\n|t:|1700175854\n|move|p1a: Butterfree|Quiver Dance|p1a: Butterfree\n|-boost|p1a: Butterfree|spa|1\n|-boost|p1a: Butterfree|spd|1\n|-boost|p1a: Butterfree|spe|1\n|cant|p2a: Corviknight|slp\n|\n|-heal|p1a: Butterfree|87\/100|[from] item: Leftovers\n|-heal|p2a: Corviknight|94\/100 slp|[from] item: Leftovers\n|upkeep\n|turn|22\n|\n|t:|1700175865\n|move|p1a: Butterfree|Quiver Dance|p1a: Butterfree\n|-boost|p1a: Butterfree|spa|1\n|-boost|p1a: Butterfree|spd|1\n|-boost|p1a: Butterfree|spe|1\n|-curestatus|p2a: Corviknight|slp|[msg]\n|move|p2a: Corviknight|Drill Peck|p1a: Butterfree\n|-supereffective|p1a: Butterfree\n|-end|p1a: Butterfree|Substitute\n|\n|-heal|p1a: Butterfree|94\/100|[from] item: Leftovers\n|-heal|p2a: Corviknight|100\/100|[from] item: Leftovers\n|upkeep\n|turn|23\n|\n|t:|1700175872\n|move|p1a: Butterfree|Sleep Powder|p2a: Corviknight\n|-status|p2a: Corviknight|slp|[from] move: Sleep Powder\n|cant|p2a: Corviknight|slp\n|\n|-heal|p1a: Butterfree|99\/100|[from] item: Leftovers\n|upkeep\n|turn|24\n|\n|t:|1700175875\n|move|p1a: Butterfree|Substitute|p1a: Butterfree\n|-start|p1a: Butterfree|Substitute\n|-damage|p1a: Butterfree|75\/100\n|cant|p2a: Corviknight|slp\n|\n|-heal|p1a: Butterfree|81\/100|[from] item: Leftovers\n|upkeep\n|turn|25\n|\n|t:|1700175877\n|move|p1a: Butterfree|Hurricane|p2a: Corviknight\n|-damage|p2a: Corviknight|0 fnt\n|faint|p2a: Corviknight\n|\n|-heal|p1a: Butterfree|87\/100|[from] item: Leftovers\n|upkeep\n|\n|t:|1700175879\n|switch|p2a: Volcarona|Volcarona, M|100\/100\n|turn|26\n|\n|t:|1700175885\n|move|p1a: Butterfree|Sleep Powder|p2a: Volcarona\n|-status|p2a: Volcarona|slp|[from] move: Sleep Powder\n|cant|p2a: Volcarona|slp\n|\n|-heal|p1a: Butterfree|93\/100|[from] item: Leftovers\n|upkeep\n|turn|27\n|\n|t:|1700175888\n|move|p1a: Butterfree|Hurricane|p2a: Volcarona\n|-supereffective|p2a: Volcarona\n|-damage|p2a: Volcarona|0 fnt\n|faint|p2a: Volcarona\n|\n|win|QM3 Levistra\n|raw|QM3 Levistra's rating: 1052 &rarr; <strong>1089<\/strong><br \/>(+37 for winning)\n|raw|HeartGoldenGatr's rating: 1108 &rarr; <strong>1079<\/strong><br \/>(-29 for losing)\n|c|\u2606HeartGoldenGatr|gg!\n|c|\u2606QM3 Levistra|gg\n|c|\u2606HeartGoldenGatr|that was insane\n|l|\u2606HeartGoldenGatr\n","uploadtime":1700175907,"views":5,"p1id":"qm3levistra","p2id":"heartgoldengatr","formatid":"gen9nationaldex","rating":1079,"private":0,"password":""}