{"id":"gen9nationaldex-1988856940","p1":"hsenb\u59da\u67d0","p2":"winlike","format":"[Gen 9] National Dex","log":"|j|\u2606hsenb\u59da\u67d0\n|j|\u2606winlike\n|t:|1699774961\n|gametype|singles\n|player|p1|hsenb\u59da\u67d0|may-contest|\n|player|p2|winlike|red-masters|\n|teamsize|p1|6\n|teamsize|p2|6\n|gen|9\n|tier|[Gen 9] National Dex\n|rule|HP Percentage Mod: HP is shown in percentages\n|rule|Endless Battle Clause: Forcing endless battles is banned\n|rule|OHKO Clause: OHKO moves are banned\n|rule|Evasion Clause: Evasion abilities, items, and moves are banned\n|rule|Evasion Abilities Clause: Evasion abilities are banned\n|rule|Evasion Items Clause: Evasion items are banned\n|rule|Evasion Moves Clause: Evasion moves are banned\n|rule|Species Clause: Limit one of each Pok\u00e9mon\n|rule|Sleep Clause Mod: Limit one foe put to sleep\n|clearpoke\n|poke|p1|Diancie|\n|poke|p1|Garganacl, F|\n|poke|p1|Arcanine-Hisui, F|\n|poke|p1|Nihilego|\n|poke|p1|Glimmora, F|\n|poke|p1|Kleavor, F|\n|poke|p2|Garganacl, F|\n|poke|p2|Tyranitar, M|\n|poke|p2|Ogerpon-Cornerstone, F|\n|poke|p2|Arcanine-Hisui, M|\n|poke|p2|Terrakion|\n|poke|p2|Glimmora, M|\n|teampreview\n|\n|t:|1699774982\n|start\n|switch|p1a: Glimmora|Glimmora, F|100\/100\n|switch|p2a: Tyranitar|Tyranitar, M|100\/100\n|-weather|Sandstorm|[from] ability: Sand Stream|[of] p2a: Tyranitar\n|turn|1\n|\n|t:|1699775001\n|detailschange|p2a: Tyranitar|Tyranitar-Mega, M\n|-mega|p2a: Tyranitar|Tyranitar|Tyranitarite\n|move|p1a: Glimmora|Stealth Rock|p2a: Tyranitar\n|-sidestart|p2: winlike|move: Stealth Rock\n|move|p2a: Tyranitar|Dragon Dance|p2a: Tyranitar\n|-boost|p2a: Tyranitar|atk|1\n|-boost|p2a: Tyranitar|spe|1\n|\n|-weather|Sandstorm|[upkeep]\n|upkeep\n|turn|2\n|\n|t:|1699775015\n|move|p1a: Glimmora|Mortal Spin|p2a: Tyranitar\n|-resisted|p2a: Tyranitar\n|-damage|p2a: Tyranitar|99\/100\n|-status|p2a: Tyranitar|psn\n|move|p2a: Tyranitar|Dragon Dance|p2a: Tyranitar\n|-boost|p2a: Tyranitar|atk|1\n|-boost|p2a: Tyranitar|spe|1\n|\n|-weather|Sandstorm|[upkeep]\n|-damage|p2a: Tyranitar|86\/100 psn|[from] psn\n|upkeep\n|turn|3\n|\n|t:|1699775025\n|move|p2a: Tyranitar|Earthquake|p1a: Glimmora\n|-supereffective|p1a: Glimmora\n|-enditem|p1a: Glimmora|Focus Sash\n|-damage|p1a: Glimmora|1\/100\n|-activate|p1a: Glimmora|ability: Toxic Debris\n|-sidestart|p2: winlike|move: Toxic Spikes\n|move|p1a: Glimmora|Energy Ball|p2a: Tyranitar\n|-supereffective|p2a: Tyranitar\n|-damage|p2a: Tyranitar|56\/100 psn\n|\n|-weather|Sandstorm|[upkeep]\n|-damage|p2a: Tyranitar|43\/100 psn|[from] psn\n|upkeep\n|turn|4\n|\n|t:|1699775041\n|move|p2a: Tyranitar|Earthquake|p1a: Glimmora\n|-supereffective|p1a: Glimmora\n|-damage|p1a: Glimmora|0 fnt\n|-activate|p1a: Glimmora|ability: Toxic Debris\n|-sidestart|p2: winlike|move: Toxic Spikes\n|faint|p1a: Glimmora\n|\n|-weather|Sandstorm|[upkeep]\n|-damage|p2a: Tyranitar|31\/100 psn|[from] psn\n|upkeep\n|\n|t:|1699775046\n|switch|p1a: Kleavor|Kleavor, F|100\/100\n|turn|5\n|\n|t:|1699775079\n|move|p1a: Kleavor|U-turn|p2a: Tyranitar\n|-supereffective|p2a: Tyranitar\n|-damage|p2a: Tyranitar|0 fnt\n|faint|p2a: Tyranitar\n|\n|t:|1699775084\n|switch|p1a: Diancie|Diancie|100\/100|[from] U-turn\n|\n|-weather|none\n|upkeep\n|\n|t:|1699775090\n|switch|p2a: Glimmora|Glimmora, M|100\/100\n|-damage|p2a: Glimmora|88\/100|[from] Stealth Rock\n|-sideend|p2: winlike|move: Toxic Spikes|[of] p2a: Glimmora\n|turn|6\n|\n|t:|1699775106\n|detailschange|p1a: Diancie|Diancie-Mega\n|-mega|p1a: Diancie|Diancie|Diancite\n|-terastallize|p2a: Glimmora|Steel\n|move|p1a: Diancie|Moonblast|p2a: Glimmora\n|-resisted|p2a: Glimmora\n|-damage|p2a: Glimmora|56\/100\n|-unboost|p2a: Glimmora|spa|1\n|move|p2a: Glimmora|Flash Cannon|p1a: Diancie\n|-supereffective|p1a: Diancie\n|-damage|p1a: Diancie|0 fnt\n|faint|p1a: Diancie\n|\n|upkeep\n|\n|t:|1699775121\n|switch|p1a: Kleavor|Kleavor, F|100\/100\n|turn|7\n|c|\u2606winlike|\u8bfb\u7684\u600e\u4e48\u6837\n|\n|t:|1699775132\n|move|p1a: Kleavor|Close Combat|p2a: Glimmora\n|-supereffective|p2a: Glimmora\n|-damage|p2a: Glimmora|0 fnt\n|-unboost|p1a: Kleavor|def|1\n|-unboost|p1a: Kleavor|spd|1\n|-activate|p2a: Glimmora|ability: Toxic Debris\n|-sidestart|p1: hsenb\u59da\u67d0|move: Toxic Spikes\n|faint|p2a: Glimmora\n|\n|upkeep\n|c|\u2606hsenb\u59da\u67d0|\u8fd9\u53eb\u5730\u96f7\n|\n|t:|1699775152\n|switch|p2a: Terrakion|Terrakion|100\/100\n|-damage|p2a: Terrakion|94\/100|[from] Stealth Rock\n|turn|8\n|c|\u2606winlike|\u6ca1\u60f3\u5230\u5427\n|\n|t:|1699775177\n|switch|p1a: Garganacl|Garganacl, F|100\/100\n|move|p2a: Terrakion|Sacred Sword|p1a: Garganacl\n|-supereffective|p1a: Garganacl\n|-damage|p1a: Garganacl|37\/100\n|\n|-heal|p2a: Terrakion|100\/100|[from] item: Leftovers\n|-heal|p1a: Garganacl|43\/100|[from] item: Leftovers\n|upkeep\n|turn|9\n|\n|t:|1699775189\n|move|p1a: Garganacl|Protect|p1a: Garganacl\n|-singleturn|p1a: Garganacl|Protect\n|move|p2a: Terrakion|Sacred Sword|p1a: Garganacl\n|-activate|p1a: Garganacl|move: Protect\n|\n|-heal|p1a: Garganacl|49\/100|[from] item: Leftovers\n|upkeep\n|turn|10\n|\n|t:|1699775205\n|-terastallize|p1a: Garganacl|Grass\n|move|p2a: Terrakion|Sacred Sword|p1a: Garganacl\n|-damage|p1a: Garganacl|17\/100\n|move|p1a: Garganacl|Iron Defense|p1a: Garganacl\n|-boost|p1a: Garganacl|def|2\n|\n|-heal|p1a: Garganacl|23\/100|[from] item: Leftovers\n|upkeep\n|turn|11\n|\n|t:|1699775217\n|move|p2a: Terrakion|Sacred Sword|p1a: Garganacl\n|-damage|p1a: Garganacl|0 fnt\n|faint|p1a: Garganacl\n|\n|upkeep\n|c|\u2606hsenb\u59da\u67d0|\u4e3a\u4ec0\u4e48\n|c|\u2606winlike|\u5723\u5251\u65e0\u89c6\u7b49\u7ea7\n|\n|t:|1699775240\n|switch|p1a: Nihilego|Nihilego|100\/100\n|-sideend|p1: hsenb\u59da\u67d0|move: Toxic Spikes|[of] p1a: Nihilego\n|turn|12\n|\n|t:|1699775248\n|move|p1a: Nihilego|Meteor Beam||[still]\n|-prepare|p1a: Nihilego|Meteor Beam\n|-boost|p1a: Nihilego|spa|1\n|-enditem|p1a: Nihilego|Power Herb\n|-anim|p1a: Nihilego|Meteor Beam|p2a: Terrakion\n|-resisted|p2a: Terrakion\n|-damage|p2a: Terrakion|47\/100\n|move|p2a: Terrakion|Earthquake|p1a: Nihilego\n|-supereffective|p1a: Nihilego\n|-damage|p1a: Nihilego|0 fnt\n|faint|p1a: Nihilego\n|\n|-heal|p2a: Terrakion|53\/100|[from] item: Leftovers\n|upkeep\n|\n|t:|1699775266\n|switch|p1a: Arcanine|Arcanine-Hisui, F|100\/100\n|turn|13\n|c|\u2606hsenb\u59da\u67d0|\u4e0a\u9519\u4e86\n|\n|t:|1699775284\n|move|p2a: Terrakion|Earthquake|p1a: Arcanine\n|-supereffective|p1a: Arcanine\n|-damage|p1a: Arcanine|0 fnt\n|faint|p1a: Arcanine\n|\n|-heal|p2a: Terrakion|60\/100|[from] item: Leftovers\n|upkeep\n|\n|t:|1699775291\n|switch|p1a: Kleavor|Kleavor, F|100\/100\n|turn|14\n|\n|t:|1699775304\n|move|p1a: Kleavor|Close Combat|p2a: Terrakion\n|-supereffective|p2a: Terrakion\n|-damage|p2a: Terrakion|0 fnt\n|-unboost|p1a: Kleavor|def|1\n|-unboost|p1a: Kleavor|spd|1\n|faint|p2a: Terrakion\n|\n|upkeep\n|\n|t:|1699775319\n|switch|p2a: Ogerpon|Ogerpon-Cornerstone, F|100\/100\n|-damage|p2a: Ogerpon|88\/100|[from] Stealth Rock\n|turn|15\n|c|\u2606hsenb\u59da\u67d0|\u4e8f\u6b7b\n|\n|t:|1699775333\n|move|p1a: Kleavor|Close Combat|p2a: Ogerpon\n|-supereffective|p2a: Ogerpon\n|-crit|p2a: Ogerpon\n|-damage|p2a: Ogerpon|0 fnt\n|-unboost|p1a: Kleavor|def|1\n|-unboost|p1a: Kleavor|spd|1\n|faint|p2a: Ogerpon\n|\n|upkeep\n|c|\u2606winlike|\u554a\n|\n|t:|1699775345\n|switch|p2a: Arcanine|Arcanine-Hisui, M|100\/100\n|-damage|p2a: Arcanine|75\/100|[from] Stealth Rock\n|turn|16\n|\n|t:|1699775349\n|move|p1a: Kleavor|Close Combat|p2a: Arcanine\n|-supereffective|p2a: Arcanine\n|-damage|p2a: Arcanine|0 fnt\n|-unboost|p1a: Kleavor|def|1\n|-unboost|p1a: Kleavor|spd|1\n|faint|p2a: Arcanine\n|\n|upkeep\n|\n|t:|1699775353\n|switch|p2a: Garganacl|Garganacl, F, shiny|100\/100\n|-damage|p2a: Garganacl|88\/100|[from] Stealth Rock\n|turn|17\n|c|\u2606hsenb\u59da\u67d0|\u554a\u554a\u554a\u4f46\u51e1\u521a\u624d\u6211\u6ca1\u70b9\u9519\n|c|\u2606winlike|\u51fb\u4e2d\u4e86\u8981\u5bb3\n|c|\u2606hsenb\u59da\u67d0|\u5e94\u8be5\u79d2\u4e0d\u6389\u76d0\n|\n|t:|1699775396\n|move|p2a: Garganacl|Protect|p2a: Garganacl\n|-singleturn|p2a: Garganacl|Protect\n|move|p1a: Kleavor|Close Combat|p2a: Garganacl\n|-activate|p2a: Garganacl|move: Protect\n|\n|-heal|p2a: Garganacl|94\/100|[from] item: Leftovers\n|upkeep\n|turn|18\n|c|\u2606winlike|\u6781\u9650\u7269\u9632\u7684\n|\n|t:|1699775408\n|move|p1a: Kleavor|Close Combat|p2a: Garganacl\n|-supereffective|p2a: Garganacl\n|-damage|p2a: Garganacl|34\/100\n|-unboost|p1a: Kleavor|def|1\n|-unboost|p1a: Kleavor|spd|1\n|move|p2a: Garganacl|Salt Cure|p1a: Kleavor\n|-supereffective|p1a: Kleavor\n|-damage|p1a: Kleavor|2\/100\n|-start|p1a: Kleavor|Salt Cure\n|\n|-heal|p2a: Garganacl|41\/100|[from] item: Leftovers\n|-damage|p1a: Kleavor|0 fnt|[from] Salt Cure\n|faint|p1a: Kleavor\n|\n|win|winlike\n|upkeep\n|c|\u2606hsenb\u59da\u67d0|\u5982\u679c\u72d7\u7559\u7740\u5c31\u884c\u4e86\n|c|\u2606winlike|\u55ef\n|c|\u2606winlike|\u5ca9\u77f3\u5929\u738b\u6211\u7684\u4e86\n","uploadtime":1699775449,"views":5,"p1id":"hsenb","p2id":"winlike","formatid":"gen9nationaldex","rating":0,"private":0,"password":""}