{"id":"gen9nationaldex-1989822163","p1":"TinkDrawsStuff","p2":"SeamlessStan","format":"[Gen 9] National Dex","log":"|j|\u2606TinkDrawsStuff\n|j|\u2606SeamlessStan\n|t:|1699898631\n|gametype|singles\n|player|p1|TinkDrawsStuff|265|1351\n|player|p2|SeamlessStan|2|1351\n|teamsize|p1|6\n|teamsize|p2|6\n|gen|9\n|tier|[Gen 9] National Dex\n|rated|\n|rule|HP Percentage Mod: HP is shown in percentages\n|rule|Endless Battle Clause: Forcing endless battles is banned\n|rule|OHKO Clause: OHKO moves are banned\n|rule|Evasion Clause: Evasion abilities, items, and moves are banned\n|rule|Evasion Abilities Clause: Evasion abilities are banned\n|rule|Evasion Items Clause: Evasion items are banned\n|rule|Evasion Moves Clause: Evasion moves are banned\n|rule|Species Clause: Limit one of each Pok\u00e9mon\n|rule|Sleep Clause Mod: Limit one foe put to sleep\n|clearpoke\n|poke|p1|Tinkaton, F|\n|poke|p1|Skeledirge, M|\n|poke|p1|Greninja-*, M|\n|poke|p1|Gliscor, F|\n|poke|p1|Kommo-o, M|\n|poke|p1|Glimmora, F|\n|poke|p2|Rillaboom, F|\n|poke|p2|Iron Valiant|\n|poke|p2|Ogerpon-Wellspring, F|\n|poke|p2|Slowking-Galar, M|\n|poke|p2|Gliscor, F|\n|poke|p2|Lopunny, F|\n|teampreview\n|\n|t:|1699898647\n|start\n|switch|p1a: Glimmora|Glimmora, F|100\/100\n|switch|p2a: Gliscor|Gliscor, F|100\/100\n|-item|p1a: Glimmora|Air Balloon\n|turn|1\n|\n|t:|1699898652\n|move|p1a: Glimmora|Stealth Rock|p2a: Gliscor\n|-sidestart|p2: SeamlessStan|move: Stealth Rock\n|move|p2a: Gliscor|Stealth Rock|p1a: Glimmora\n|-sidestart|p1: TinkDrawsStuff|move: Stealth Rock\n|\n|-status|p2a: Gliscor|tox|[from] item: Toxic Orb\n|upkeep\n|turn|2\n|\n|t:|1699898658\n|switch|p2a: Lopunny|Lopunny, F|100\/100\n|-damage|p2a: Lopunny|88\/100|[from] Stealth Rock\n|move|p1a: Glimmora|Spikes|p2a: Lopunny\n|-sidestart|p2: SeamlessStan|Spikes\n|\n|upkeep\n|turn|3\n|\n|t:|1699898665\n|detailschange|p2a: Lopunny|Lopunny-Mega, F\n|-mega|p2a: Lopunny|Lopunny|Lopunnite\n|move|p1a: Glimmora|Spiky Shield|p1a: Glimmora\n|-singleturn|p1a: Glimmora|move: Protect\n|move|p2a: Lopunny|Fake Out|p1a: Glimmora\n|-activate|p1a: Glimmora|move: Protect\n|-damage|p2a: Lopunny|76\/100|[from] Spiky Shield|[of] p1a: Glimmora\n|\n|upkeep\n|turn|4\n|\n|t:|1699898671\n|move|p2a: Lopunny|U-turn|p1a: Glimmora\n|-resisted|p1a: Glimmora\n|-damage|p1a: Glimmora|89\/100\n|-activate|p1a: Glimmora|ability: Toxic Debris\n|-sidestart|p2: SeamlessStan|move: Toxic Spikes\n|-enditem|p1a: Glimmora|Air Balloon\n|\n|t:|1699898682\n|switch|p2a: Gliscor|Gliscor, F|100\/100 tox|[from] U-turn\n|-damage|p2a: Gliscor|88\/100 tox|[from] Stealth Rock\n|move|p1a: Glimmora|Toxic|p2a: Gliscor\n|-fail|p2a: Gliscor|tox\n|\n|-heal|p2a: Gliscor|100\/100 tox|[from] ability: Poison Heal\n|upkeep\n|turn|5\n|\n|t:|1699898687\n|move|p1a: Glimmora|Spikes|p2a: Gliscor\n|-sidestart|p2: SeamlessStan|Spikes\n|move|p2a: Gliscor|Earthquake|p1a: Glimmora\n|-supereffective|p1a: Glimmora\n|-damage|p1a: Glimmora|0 fnt\n|-activate|p1a: Glimmora|ability: Toxic Debris\n|-sidestart|p2: SeamlessStan|move: Toxic Spikes\n|faint|p1a: Glimmora\n|\n|upkeep\n|\n|t:|1699898691\n|switch|p1a: Batman|Gliscor, F, shiny|100\/100\n|-damage|p1a: Batman|88\/100|[from] Stealth Rock\n|turn|6\n|\n|t:|1699898699\n|switch|p2a: Slowking|Slowking-Galar, M|100\/100\n|-damage|p2a: Slowking|88\/100|[from] Stealth Rock\n|-damage|p2a: Slowking|72\/100|[from] Spikes\n|-sideend|p2: SeamlessStan|move: Toxic Spikes|[of] p2a: Slowking\n|move|p1a: Batman|Swords Dance|p1a: Batman\n|-boost|p1a: Batman|atk|2\n|\n|-status|p1a: Batman|tox|[from] item: Toxic Orb\n|upkeep\n|turn|7\n|\n|t:|1699898707\n|move|p1a: Batman|Earthquake|p2a: Slowking\n|-supereffective|p2a: Slowking\n|-damage|p2a: Slowking|0 fnt\n|faint|p2a: Slowking\n|\n|-heal|p1a: Batman|100\/100 tox|[from] ability: Poison Heal\n|upkeep\n|\n|t:|1699898711\n|switch|p2a: Ogerpon|Ogerpon-Wellspring, F|100\/100\n|-damage|p2a: Ogerpon|88\/100|[from] Stealth Rock\n|-damage|p2a: Ogerpon|72\/100|[from] Spikes\n|turn|8\n|\n|t:|1699898722\n|-terastallize|p1a: Batman|Water\n|move|p2a: Ogerpon|Ivy Cudgel|p1a: Batman\n|-resisted|p1a: Batman\n|-damage|p1a: Batman|71\/100 tox\n|move|p1a: Batman|Acrobatics|p2a: Ogerpon\n|-supereffective|p2a: Ogerpon\n|-damage|p2a: Ogerpon|0 fnt\n|faint|p2a: Ogerpon\n|\n|-heal|p1a: Batman|84\/100 tox|[from] ability: Poison Heal\n|upkeep\n|\n|t:|1699898727\n|switch|p2a: Rillaboom|Rillaboom, F|100\/100\n|-damage|p2a: Rillaboom|88\/100|[from] Stealth Rock\n|-damage|p2a: Rillaboom|72\/100|[from] Spikes\n|-fieldstart|move: Grassy Terrain|[from] ability: Grassy Surge|[of] p2a: Rillaboom\n|turn|9\n|\n|t:|1699898765\n|switch|p1a: Milan|Skeledirge, M, shiny|100\/100\n|-damage|p1a: Milan|75\/100|[from] Stealth Rock\n|-terastallize|p2a: Rillaboom|Grass\n|move|p2a: Rillaboom|Wood Hammer|p1a: Milan\n|-resisted|p1a: Milan\n|-damage|p1a: Milan|0 fnt\n|faint|p1a: Milan\n|-damage|p2a: Rillaboom|42\/100|[from] Recoil\n|\n|-heal|p2a: Rillaboom|48\/100|[from] Grassy Terrain\n|upkeep\n|\n|t:|1699898771\n|switch|p1a: Porunga|Kommo-o, M|100\/100\n|-damage|p1a: Porunga|94\/100|[from] Stealth Rock\n|turn|10\n|\n|t:|1699898775\n|switch|p2a: Iron Valiant|Iron Valiant|100\/100\n|-damage|p2a: Iron Valiant|94\/100|[from] Stealth Rock\n|-damage|p2a: Iron Valiant|78\/100|[from] Spikes\n|-enditem|p2a: Iron Valiant|Booster Energy\n|-activate|p2a: Iron Valiant|ability: Quark Drive|[fromitem]\n|-start|p2a: Iron Valiant|quarkdrivespe\n|-zpower|p1a: Porunga\n|move|p1a: Porunga|Clangorous Soulblaze|p2a: Iron Valiant|[zeffect]\n|-immune|p2a: Iron Valiant\n|\n|-heal|p2a: Iron Valiant|84\/100|[from] Grassy Terrain\n|-heal|p1a: Porunga|100\/100|[from] Grassy Terrain\n|upkeep\n|turn|11\n|\n|t:|1699898789\n|move|p2a: Iron Valiant|Calm Mind|p2a: Iron Valiant\n|-boost|p2a: Iron Valiant|spa|1\n|-boost|p2a: Iron Valiant|spd|1\n|move|p1a: Porunga|Close Combat|p2a: Iron Valiant\n|-resisted|p2a: Iron Valiant\n|-damage|p2a: Iron Valiant|50\/100\n|-unboost|p1a: Porunga|def|1\n|-unboost|p1a: Porunga|spd|1\n|\n|-heal|p2a: Iron Valiant|56\/100|[from] Grassy Terrain\n|upkeep\n|turn|12\n|\n|t:|1699898799\n|move|p2a: Iron Valiant|Calm Mind|p2a: Iron Valiant\n|-boost|p2a: Iron Valiant|spa|1\n|-boost|p2a: Iron Valiant|spd|1\n|move|p1a: Porunga|Iron Head|p2a: Iron Valiant\n|-supereffective|p2a: Iron Valiant\n|-damage|p2a: Iron Valiant|0 fnt\n|faint|p2a: Iron Valiant\n|-end|p2a: Iron Valiant|Quark Drive|[silent]\n|\n|upkeep\n|\n|t:|1699898804\n|switch|p2a: Lopunny|Lopunny-Mega, F|76\/100\n|-damage|p2a: Lopunny|70\/100|[from] Stealth Rock\n|-damage|p2a: Lopunny|54\/100|[from] Spikes\n|turn|13\n|\n|t:|1699898809\n|switch|p1a: Froggit|Greninja, M, shiny|100\/100\n|-damage|p1a: Froggit|88\/100|[from] Stealth Rock\n|move|p2a: Lopunny|Fake Out|p1a: Froggit\n|-damage|p1a: Froggit|47\/100\n|\n|-heal|p1a: Froggit|53\/100|[from] Grassy Terrain\n|-heal|p2a: Lopunny|60\/100|[from] Grassy Terrain\n|-fieldend|move: Grassy Terrain\n|upkeep\n|turn|14\n|\n|t:|1699898822\n|move|p1a: Froggit|Ice Beam|p2a: Lopunny\n|-start|p1a: Froggit|typechange|Ice|[from] ability: Protean\n|-damage|p2a: Lopunny|6\/100\n|move|p2a: Lopunny|Return|p1a: Froggit\n|-damage|p1a: Froggit|0 fnt\n|faint|p1a: Froggit\n|\n|upkeep\n|\n|t:|1699898827\n|switch|p1a: Batman|Gliscor, F, shiny, tera:Water|84\/100 tox\n|-damage|p1a: Batman|71\/100 tox|[from] Stealth Rock\n|turn|15\n|\n|t:|1699898831\n|move|p2a: Lopunny|Close Combat|p1a: Batman\n|-damage|p1a: Batman|9\/100 tox\n|-unboost|p2a: Lopunny|def|1\n|-unboost|p2a: Lopunny|spd|1\n|move|p1a: Batman|Acrobatics|p2a: Lopunny\n|-supereffective|p2a: Lopunny\n|-damage|p2a: Lopunny|0 fnt\n|faint|p2a: Lopunny\n|\n|-heal|p1a: Batman|22\/100 tox|[from] ability: Poison Heal\n|upkeep\n|\n|t:|1699898838\n|switch|p2a: Rillaboom|Rillaboom, F, tera:Grass|48\/100\n|-damage|p2a: Rillaboom|36\/100|[from] Stealth Rock\n|-damage|p2a: Rillaboom|19\/100|[from] Spikes\n|-fieldstart|move: Grassy Terrain|[from] ability: Grassy Surge|[of] p2a: Rillaboom\n|turn|16\n|\n|t:|1699898842\n|switch|p1a: Porunga|Kommo-o, M|100\/100\n|-damage|p1a: Porunga|94\/100|[from] Stealth Rock\n|move|p2a: Rillaboom|Grassy Glide|p1a: Porunga\n|-resisted|p1a: Porunga\n|-damage|p1a: Porunga|58\/100\n|\n|-heal|p1a: Porunga|64\/100|[from] Grassy Terrain\n|-heal|p2a: Rillaboom|25\/100|[from] Grassy Terrain\n|upkeep\n|turn|17\n|\n|t:|1699898850\n|switch|p2a: Gliscor|Gliscor, F|100\/100 tox\n|-damage|p2a: Gliscor|88\/100 tox|[from] Stealth Rock\n|move|p1a: Porunga|Dragon Claw|p2a: Gliscor\n|-damage|p2a: Gliscor|62\/100 tox\n|\n|-heal|p1a: Porunga|70\/100|[from] Grassy Terrain\n|-heal|p2a: Gliscor|74\/100 tox|[from] ability: Poison Heal\n|upkeep\n|turn|18\n|\n|t:|1699898859\n|move|p1a: Porunga|Dragon Claw|p2a: Gliscor\n|-damage|p2a: Gliscor|48\/100 tox\n|move|p2a: Gliscor|Toxic|p1a: Porunga\n|-status|p1a: Porunga|tox\n|\n|-heal|p1a: Porunga|76\/100 tox|[from] Grassy Terrain\n|-damage|p1a: Porunga|70\/100 tox|[from] psn\n|-heal|p2a: Gliscor|60\/100 tox|[from] ability: Poison Heal\n|upkeep\n|turn|19\n|\n|t:|1699898864\n|move|p1a: Porunga|Dragon Claw|p2a: Gliscor\n|-damage|p2a: Gliscor|36\/100 tox\n|move|p2a: Gliscor|Roost|p2a: Gliscor\n|-heal|p2a: Gliscor|86\/100 tox\n|-singleturn|p2a: Gliscor|move: Roost\n|\n|-heal|p1a: Porunga|76\/100 tox|[from] Grassy Terrain\n|-heal|p2a: Gliscor|93\/100 tox|[from] Grassy Terrain\n|-damage|p1a: Porunga|64\/100 tox|[from] psn\n|-heal|p2a: Gliscor|100\/100 tox|[from] ability: Poison Heal\n|upkeep\n|turn|20\n|\n|t:|1699898867\n|switch|p1a: Batman|Gliscor, F, shiny, tera:Water|22\/100 tox\n|-damage|p1a: Batman|9\/100 tox|[from] Stealth Rock\n|move|p2a: Gliscor|Earthquake|p1a: Batman\n|-damage|p1a: Batman|0 fnt\n|faint|p1a: Batman\n|\n|-fieldend|move: Grassy Terrain\n|upkeep\n|\n|t:|1699898871\n|switch|p1a: Porunga|Kommo-o, M|64\/100 tox\n|-damage|p1a: Porunga|58\/100 tox|[from] Stealth Rock\n|turn|21\n|\n|t:|1699898877\n|move|p1a: Porunga|Close Combat|p2a: Gliscor\n|-resisted|p2a: Gliscor\n|-damage|p2a: Gliscor|81\/100 tox\n|-unboost|p1a: Porunga|def|1\n|-unboost|p1a: Porunga|spd|1\n|move|p2a: Gliscor|Earthquake|p1a: Porunga\n|-damage|p1a: Porunga|12\/100 tox\n|\n|-damage|p1a: Porunga|6\/100 tox|[from] psn\n|-heal|p2a: Gliscor|93\/100 tox|[from] ability: Poison Heal\n|upkeep\n|turn|22\n|-message|TinkDrawsStuff forfeited.\n|\n|win|SeamlessStan\n|raw|TinkDrawsStuff's rating: 1351 &rarr; <strong>1331<\/strong><br \/>(-20 for losing)\n|raw|SeamlessStan's rating: 1351 &rarr; <strong>1371<\/strong><br \/>(+20 for winning)\n|l|\u2606TinkDrawsStuff\n|c|\u2606SeamlessStan|gg\n","uploadtime":1699898888,"views":4,"p1id":"tinkdrawsstuff","p2id":"seamlessstan","formatid":"gen9nationaldex","rating":1331,"private":0,"password":""}