{"id":"gen9nationaldex-1988464513","p1":"halpu","p2":"MRI007","format":"[Gen 9] National Dex","log":"|j|\u2606halpu\n|j|\u2606MRI007\n|t:|1699725751\n|gametype|singles\n|player|p1|halpu|cynthia-masters|1519\n|player|p2|MRI007|265|1511\n|teamsize|p1|6\n|teamsize|p2|6\n|gen|9\n|tier|[Gen 9] National Dex\n|rated|\n|rule|HP Percentage Mod: HP is shown in percentages\n|rule|Endless Battle Clause: Forcing endless battles is banned\n|rule|OHKO Clause: OHKO moves are banned\n|rule|Evasion Clause: Evasion abilities, items, and moves are banned\n|rule|Evasion Abilities Clause: Evasion abilities are banned\n|rule|Evasion Items Clause: Evasion items are banned\n|rule|Evasion Moves Clause: Evasion moves are banned\n|rule|Species Clause: Limit one of each Pok\u00e9mon\n|rule|Sleep Clause Mod: Limit one foe put to sleep\n|clearpoke\n|poke|p1|Ferrothorn, M|\n|poke|p1|Pelipper, M|\n|poke|p1|Swampert, M|\n|poke|p1|Great Tusk|\n|poke|p1|Slowking-Galar, F|\n|poke|p1|Volcanion|\n|poke|p2|Alomomola, M|\n|poke|p2|Chansey, F|\n|poke|p2|Tapu Lele|\n|poke|p2|Urshifu-*, M|\n|poke|p2|Kyurem|\n|poke|p2|Moltres|\n|teampreview\n|\n|t:|1699725762\n|start\n|switch|p1a: pelifter|Pelipper, M|100\/100\n|switch|p2a: Tapu Lele|Tapu Lele|100\/100\n|-fieldstart|move: Psychic Terrain|[from] ability: Psychic Surge|[of] p2a: Tapu Lele\n|-weather|RainDance|[from] ability: Drizzle|[of] p1a: pelifter\n|turn|1\n|\n|t:|1699725773\n|switch|p1a: Blackthorn|Ferrothorn, M|100\/100\n|-terastallize|p2a: Tapu Lele|Psychic\n|move|p2a: Tapu Lele|Psyshock|p1a: Blackthorn\n|-resisted|p1a: Blackthorn\n|-damage|p1a: Blackthorn|61\/100\n|\n|-weather|RainDance|[upkeep]\n|upkeep\n|turn|2\n|\n|t:|1699725783\n|move|p2a: Tapu Lele|Psyshock|p1a: Blackthorn\n|-resisted|p1a: Blackthorn\n|-damage|p1a: Blackthorn|20\/100\n|move|p1a: Blackthorn|Knock Off|p2a: Tapu Lele\n|-supereffective|p2a: Tapu Lele\n|-damage|p2a: Tapu Lele|0 fnt\n|-enditem|p2a: Tapu Lele|Choice Specs|[from] move: Knock Off|[of] p1a: Blackthorn\n|faint|p2a: Tapu Lele\n|\n|-weather|RainDance|[upkeep]\n|upkeep\n|\n|t:|1699725799\n|switch|p2a: Kyurem|Kyurem|100\/100\n|-ability|p2a: Kyurem|Pressure\n|turn|3\n|\n|t:|1699725805\n|move|p2a: Kyurem|Substitute|p2a: Kyurem\n|-start|p2a: Kyurem|Substitute\n|-damage|p2a: Kyurem|76\/100\n|move|p1a: Blackthorn|Knock Off|p2a: Kyurem\n|-end|p2a: Kyurem|Substitute\n|\n|-weather|RainDance|[upkeep]\n|-heal|p2a: Kyurem|82\/100|[from] item: Leftovers\n|upkeep\n|turn|4\n|\n|t:|1699725815\n|move|p2a: Kyurem|Substitute|p2a: Kyurem\n|-start|p2a: Kyurem|Substitute\n|-damage|p2a: Kyurem|57\/100\n|move|p1a: Blackthorn|Knock Off|p2a: Kyurem\n|-end|p2a: Kyurem|Substitute\n|\n|-weather|RainDance|[upkeep]\n|-heal|p2a: Kyurem|63\/100|[from] item: Leftovers\n|upkeep\n|turn|5\n|\n|t:|1699725833\n|move|p2a: Kyurem|Substitute|p2a: Kyurem\n|-start|p2a: Kyurem|Substitute\n|-damage|p2a: Kyurem|38\/100\n|move|p1a: Blackthorn|Knock Off|p2a: Kyurem\n|-end|p2a: Kyurem|Substitute\n|\n|-weather|RainDance|[upkeep]\n|-heal|p2a: Kyurem|44\/100|[from] item: Leftovers\n|-fieldend|move: Psychic Terrain\n|upkeep\n|turn|6\n|\n|t:|1699725842\n|move|p2a: Kyurem|Substitute|p2a: Kyurem\n|-start|p2a: Kyurem|Substitute\n|-damage|p2a: Kyurem|19\/100\n|move|p1a: Blackthorn|Knock Off|p2a: Kyurem\n|-end|p2a: Kyurem|Substitute\n|\n|-weather|RainDance|[upkeep]\n|-heal|p2a: Kyurem|26\/100|[from] item: Leftovers\n|upkeep\n|turn|7\n|\n|t:|1699725851\n|move|p2a: Kyurem|Roost|p2a: Kyurem\n|-heal|p2a: Kyurem|76\/100\n|-singleturn|p2a: Kyurem|move: Roost\n|move|p1a: Blackthorn|Knock Off|p2a: Kyurem\n|-damage|p2a: Kyurem|46\/100\n|-enditem|p2a: Kyurem|Leftovers|[from] move: Knock Off|[of] p1a: Blackthorn\n|\n|-weather|RainDance|[upkeep]\n|upkeep\n|turn|8\n|\n|t:|1699725860\n|move|p2a: Kyurem|Substitute|p2a: Kyurem\n|-start|p2a: Kyurem|Substitute\n|-damage|p2a: Kyurem|21\/100\n|move|p1a: Blackthorn|Knock Off|p2a: Kyurem\n|-activate|p2a: Kyurem|move: Substitute|[damage]\n|\n|-weather|none\n|upkeep\n|turn|9\n|\n|t:|1699725882\n|move|p2a: Kyurem|Roost|p2a: Kyurem\n|-heal|p2a: Kyurem|71\/100\n|-singleturn|p2a: Kyurem|move: Roost\n|move|p1a: Blackthorn|Knock Off|p2a: Kyurem\n|-end|p2a: Kyurem|Substitute\n|\n|upkeep\n|turn|10\n|\n|t:|1699725892\n|switch|p1a: astrachad ironlegs|Great Tusk|100\/100\n|move|p2a: Kyurem|Substitute|p2a: Kyurem\n|-start|p2a: Kyurem|Substitute\n|-damage|p2a: Kyurem|47\/100\n|\n|upkeep\n|turn|11\n|\n|t:|1699725899\n|-terastallize|p1a: astrachad ironlegs|Water\n|move|p2a: Kyurem|Dragon Dance|p2a: Kyurem\n|-boost|p2a: Kyurem|atk|1\n|-boost|p2a: Kyurem|spe|1\n|move|p1a: astrachad ironlegs|Close Combat|p2a: Kyurem\n|-supereffective|p2a: Kyurem\n|-end|p2a: Kyurem|Substitute\n|-unboost|p1a: astrachad ironlegs|def|1\n|-unboost|p1a: astrachad ironlegs|spd|1\n|\n|upkeep\n|turn|12\n|\n|t:|1699725912\n|move|p2a: Kyurem|Substitute|p2a: Kyurem\n|-start|p2a: Kyurem|Substitute\n|-damage|p2a: Kyurem|22\/100\n|move|p1a: astrachad ironlegs|Close Combat|p2a: Kyurem\n|-supereffective|p2a: Kyurem\n|-end|p2a: Kyurem|Substitute\n|-unboost|p1a: astrachad ironlegs|def|1\n|-unboost|p1a: astrachad ironlegs|spd|1\n|\n|upkeep\n|turn|13\n|\n|t:|1699725921\n|-end|p1a: astrachad ironlegs|Protosynthesis|[silent]\n|switch|p1a: Blackthorn|Ferrothorn, M|20\/100\n|move|p2a: Kyurem|Icicle Spear|p1a: Blackthorn\n|-damage|p1a: Blackthorn|8\/100\n|-damage|p1a: Blackthorn|0 fnt\n|faint|p1a: Blackthorn\n|-hitcount|p1: Blackthorn|2\n|\n|upkeep\n|\n|t:|1699725932\n|switch|p1a: astrachad ironlegs|Great Tusk, tera:Water|100\/100\n|turn|14\n|\n|t:|1699725947\n|move|p2a: Kyurem|Roost|p2a: Kyurem\n|-heal|p2a: Kyurem|72\/100\n|-singleturn|p2a: Kyurem|move: Roost\n|move|p1a: astrachad ironlegs|Earthquake|p2a: Kyurem\n|-damage|p2a: Kyurem|45\/100\n|\n|upkeep\n|turn|15\n|\n|t:|1699725955\n|move|p2a: Kyurem|Substitute|p2a: Kyurem\n|-start|p2a: Kyurem|Substitute\n|-damage|p2a: Kyurem|20\/100\n|move|p1a: astrachad ironlegs|Close Combat|p2a: Kyurem\n|-supereffective|p2a: Kyurem\n|-end|p2a: Kyurem|Substitute\n|-unboost|p1a: astrachad ironlegs|def|1\n|-unboost|p1a: astrachad ironlegs|spd|1\n|\n|upkeep\n|turn|16\n|\n|t:|1699725965\n|switch|p2a: Moltres|Moltres|100\/100\n|move|p1a: astrachad ironlegs|Close Combat|p2a: Moltres\n|-resisted|p2a: Moltres\n|-damage|p2a: Moltres|77\/100\n|-unboost|p1a: astrachad ironlegs|def|1\n|-unboost|p1a: astrachad ironlegs|spd|1\n|\n|upkeep\n|turn|17\n|\n|t:|1699725973\n|switch|p2a: Kyurem|Kyurem|20\/100\n|-ability|p2a: Kyurem|Pressure\n|-end|p1a: astrachad ironlegs|Protosynthesis|[silent]\n|switch|p1a: pelifter|Pelipper, M|100\/100\n|-weather|RainDance|[from] ability: Drizzle|[of] p1a: pelifter\n|\n|-weather|RainDance|[upkeep]\n|upkeep\n|turn|18\n|c|\u2606MRI007|\u3002\n|\n|t:|1699726022\n|move|p2a: Kyurem|Roost|p2a: Kyurem\n|-heal|p2a: Kyurem|70\/100\n|-singleturn|p2a: Kyurem|move: Roost\n|move|p1a: pelifter|U-turn|p2a: Kyurem\n|-damage|p2a: Kyurem|65\/100\n|\n|t:|1699726040\n|switch|p1a: astrachad ironlegs|Great Tusk, tera:Water|100\/100|[from] U-turn\n|\n|-weather|RainDance|[upkeep]\n|upkeep\n|turn|19\n|\n|t:|1699726051\n|move|p2a: Kyurem|Substitute|p2a: Kyurem\n|-start|p2a: Kyurem|Substitute\n|-damage|p2a: Kyurem|40\/100\n|move|p1a: astrachad ironlegs|Earthquake|p2a: Kyurem\n|-end|p2a: Kyurem|Substitute\n|\n|-weather|RainDance|[upkeep]\n|upkeep\n|turn|20\n|\n|t:|1699726060\n|switch|p2a: Moltres|Moltres|77\/100\n|move|p1a: astrachad ironlegs|Earthquake|p2a: Moltres\n|-immune|p2a: Moltres\n|\n|-weather|RainDance|[upkeep]\n|upkeep\n|turn|21\n|\n|t:|1699726084\n|move|p2a: Moltres|Will-O-Wisp|p1a: astrachad ironlegs\n|-status|p1a: astrachad ironlegs|brn\n|move|p1a: astrachad ironlegs|Stealth Rock|p2a: Moltres\n|-sidestart|p2: MRI007|move: Stealth Rock\n|\n|-weather|RainDance|[upkeep]\n|-damage|p1a: astrachad ironlegs|94\/100 brn|[from] brn\n|upkeep\n|turn|22\n|\n|t:|1699726093\n|-end|p1a: astrachad ironlegs|Protosynthesis|[silent]\n|switch|p1a: swolecanion|Volcanion|100\/100\n|move|p2a: Moltres|Defog|p1a: swolecanion\n|-unboost|p1a: swolecanion|evasion|1\n|-sideend|p2: MRI007|Stealth Rock|[from] move: Defog|[of] p2a: Moltres\n|\n|-weather|RainDance|[upkeep]\n|upkeep\n|turn|23\n|\n|t:|1699726102\n|switch|p2a: Alomomola|Alomomola, M|100\/100\n|move|p1a: swolecanion|Steam Eruption|p2a: Alomomola\n|-resisted|p2a: Alomomola\n|-damage|p2a: Alomomola|60\/100\n|-status|p2a: Alomomola|brn\n|\n|-weather|RainDance|[upkeep]\n|-damage|p2a: Alomomola|54\/100 brn|[from] brn\n|upkeep\n|turn|24\n|\n|t:|1699726122\n|move|p1a: swolecanion|Steam Eruption|p2a: Alomomola\n|-resisted|p2a: Alomomola\n|-damage|p2a: Alomomola|19\/100 brn\n|move|p2a: Alomomola|Toxic|p1a: swolecanion\n|-status|p1a: swolecanion|tox\n|\n|-weather|none\n|-damage|p1a: swolecanion|95\/100 tox|[from] psn\n|-damage|p2a: Alomomola|13\/100 brn|[from] brn\n|upkeep\n|turn|25\n|\n|t:|1699726133\n|switch|p1a: pelifter|Pelipper, M|100\/100\n|-weather|RainDance|[from] ability: Drizzle|[of] p1a: pelifter\n|switch|p2a: Chansey|Chansey, F|100\/100\n|\n|-weather|RainDance|[upkeep]\n|upkeep\n|turn|26\n|\n|t:|1699726146\n|move|p1a: pelifter|U-turn|p2a: Chansey\n|-damage|p2a: Chansey|95\/100\n|\n|t:|1699726185\n|switch|p1a: astrachad ironlegs|Great Tusk, tera:Water|94\/100 brn|[from] U-turn\n|move|p2a: Chansey|Aromatherapy|p2a: Chansey\n|-activate|p2a: Chansey|move: Aromatherapy\n|-curestatus|p2: Alomomola|brn|[msg]\n|\n|-weather|RainDance|[upkeep]\n|-heal|p1a: astrachad ironlegs|100\/100 brn|[from] item: Leftovers\n|-damage|p1a: astrachad ironlegs|94\/100 brn|[from] brn\n|upkeep\n|turn|27\n|\n|t:|1699726206\n|switch|p2a: Moltres|Moltres|77\/100\n|move|p1a: astrachad ironlegs|Stealth Rock|p2a: Moltres\n|-sidestart|p2: MRI007|move: Stealth Rock\n|\n|-weather|RainDance|[upkeep]\n|-heal|p1a: astrachad ironlegs|100\/100 brn|[from] item: Leftovers\n|-damage|p1a: astrachad ironlegs|94\/100 brn|[from] brn\n|upkeep\n|turn|28\n|\n|t:|1699726217\n|move|p2a: Moltres|Defog|p1a: astrachad ironlegs\n|-unboost|p1a: astrachad ironlegs|evasion|1\n|-sideend|p2: MRI007|Stealth Rock|[from] move: Defog|[of] p2a: Moltres\n|move|p1a: astrachad ironlegs|Stealth Rock|p2a: Moltres\n|-sidestart|p2: MRI007|move: Stealth Rock\n|\n|-weather|RainDance|[upkeep]\n|-heal|p1a: astrachad ironlegs|100\/100 brn|[from] item: Leftovers\n|-damage|p1a: astrachad ironlegs|94\/100 brn|[from] brn\n|upkeep\n|turn|29\n|\n|t:|1699726227\n|move|p2a: Moltres|Defog|p1a: astrachad ironlegs\n|-unboost|p1a: astrachad ironlegs|evasion|1\n|-sideend|p2: MRI007|Stealth Rock|[from] move: Defog|[of] p2a: Moltres\n|move|p1a: astrachad ironlegs|Stealth Rock|p2a: Moltres\n|-sidestart|p2: MRI007|move: Stealth Rock\n|\n|-weather|RainDance|[upkeep]\n|-heal|p1a: astrachad ironlegs|100\/100 brn|[from] item: Leftovers\n|-damage|p1a: astrachad ironlegs|94\/100 brn|[from] brn\n|upkeep\n|turn|30\n|\n|t:|1699726237\n|move|p2a: Moltres|Defog|p1a: astrachad ironlegs\n|-unboost|p1a: astrachad ironlegs|evasion|1\n|-sideend|p2: MRI007|Stealth Rock|[from] move: Defog|[of] p2a: Moltres\n|move|p1a: astrachad ironlegs|Stealth Rock|p2a: Moltres\n|-sidestart|p2: MRI007|move: Stealth Rock\n|\n|-weather|RainDance|[upkeep]\n|-heal|p1a: astrachad ironlegs|100\/100 brn|[from] item: Leftovers\n|-damage|p1a: astrachad ironlegs|94\/100 brn|[from] brn\n|upkeep\n|turn|31\n|\n|t:|1699726247\n|move|p2a: Moltres|Defog|p1a: astrachad ironlegs\n|-unboost|p1a: astrachad ironlegs|evasion|1\n|-sideend|p2: MRI007|Stealth Rock|[from] move: Defog|[of] p2a: Moltres\n|move|p1a: astrachad ironlegs|Stealth Rock|p2a: Moltres\n|-sidestart|p2: MRI007|move: Stealth Rock\n|\n|-weather|RainDance|[upkeep]\n|-heal|p1a: astrachad ironlegs|100\/100 brn|[from] item: Leftovers\n|-damage|p1a: astrachad ironlegs|94\/100 brn|[from] brn\n|upkeep\n|turn|32\n|inactive|Battle timer is ON: inactive players will automatically lose when time's up. (requested by halpu)\n|\n|t:|1699726257\n|move|p2a: Moltres|Defog|p1a: astrachad ironlegs\n|-unboost|p1a: astrachad ironlegs|evasion|1\n|-sideend|p2: MRI007|Stealth Rock|[from] move: Defog|[of] p2a: Moltres\n|move|p1a: astrachad ironlegs|Stealth Rock|p2a: Moltres\n|-sidestart|p2: MRI007|move: Stealth Rock\n|\n|-weather|none\n|-heal|p1a: astrachad ironlegs|100\/100 brn|[from] item: Leftovers\n|-damage|p1a: astrachad ironlegs|94\/100 brn|[from] brn\n|upkeep\n|turn|33\n|\n|t:|1699726267\n|move|p2a: Moltres|Flamethrower|p1a: astrachad ironlegs\n|-resisted|p1a: astrachad ironlegs\n|-damage|p1a: astrachad ironlegs|68\/100 brn\n|move|p1a: astrachad ironlegs|Stealth Rock||[still]\n|-fail|p1a: astrachad ironlegs\n|\n|-heal|p1a: astrachad ironlegs|74\/100 brn|[from] item: Leftovers\n|-damage|p1a: astrachad ironlegs|68\/100 brn|[from] brn\n|upkeep\n|turn|34\n|\n|t:|1699726288\n|move|p2a: Moltres|Defog|p1a: astrachad ironlegs\n|-unboost|p1a: astrachad ironlegs|evasion|1\n|-sideend|p2: MRI007|Stealth Rock|[from] move: Defog|[of] p2a: Moltres\n|move|p1a: astrachad ironlegs|Stealth Rock|p2a: Moltres\n|-sidestart|p2: MRI007|move: Stealth Rock\n|\n|-heal|p1a: astrachad ironlegs|74\/100 brn|[from] item: Leftovers\n|-damage|p1a: astrachad ironlegs|68\/100 brn|[from] brn\n|upkeep\n|turn|35\n|\n|t:|1699726297\n|-end|p1a: astrachad ironlegs|Protosynthesis|[silent]\n|switch|p1a: pelifter|Pelipper, M|100\/100\n|-weather|RainDance|[from] ability: Drizzle|[of] p1a: pelifter\n|move|p2a: Moltres|Defog|p1a: pelifter\n|-unboost|p1a: pelifter|evasion|1\n|-sideend|p2: MRI007|Stealth Rock|[from] move: Defog|[of] p2a: Moltres\n|\n|-weather|RainDance|[upkeep]\n|upkeep\n|turn|36\n|\n|t:|1699726313\n|switch|p2a: Alomomola|Alomomola, M|46\/100\n|move|p1a: pelifter|U-turn|p2a: Alomomola\n|-damage|p2a: Alomomola|40\/100\n|-damage|p1a: pelifter|84\/100|[from] item: Rocky Helmet|[of] p2a: Alomomola\n|\n|t:|1699726317\n|switch|p1a: wet beast|Swampert, M|100\/100|[from] U-turn\n|\n|-weather|RainDance|[upkeep]\n|upkeep\n|turn|37\n|\n|t:|1699726326\n|detailschange|p1a: wet beast|Swampert-Mega, M\n|-mega|p1a: wet beast|Swampert|Swampertite\n|move|p1a: wet beast|Earthquake|p2a: Alomomola\n|-damage|p2a: Alomomola|0 fnt\n|faint|p2a: Alomomola\n|\n|-weather|RainDance|[upkeep]\n|upkeep\n|\n|t:|1699726345\n|switch|p2a: Urshifu|Urshifu-Rapid-Strike, M|100\/100\n|turn|38\n|\n|t:|1699726358\n|switch|p1a: astrachad ironlegs|Great Tusk, tera:Water|68\/100 brn\n|move|p2a: Urshifu|Close Combat|p1a: astrachad ironlegs\n|-damage|p1a: astrachad ironlegs|38\/100 brn\n|-unboost|p2a: Urshifu|def|1\n|-unboost|p2a: Urshifu|spd|1\n|\n|-weather|RainDance|[upkeep]\n|-heal|p1a: astrachad ironlegs|45\/100 brn|[from] item: Leftovers\n|-damage|p1a: astrachad ironlegs|38\/100 brn|[from] brn\n|upkeep\n|turn|39\n|\n|t:|1699726371\n|switch|p2a: Kyurem|Kyurem|40\/100\n|-ability|p2a: Kyurem|Pressure\n|move|p1a: astrachad ironlegs|Stealth Rock|p2a: Kyurem\n|-sidestart|p2: MRI007|move: Stealth Rock\n|\n|-weather|RainDance|[upkeep]\n|-heal|p1a: astrachad ironlegs|45\/100 brn|[from] item: Leftovers\n|-damage|p1a: astrachad ironlegs|38\/100 brn|[from] brn\n|upkeep\n|turn|40\n|\n|t:|1699726395\n|move|p2a: Kyurem|Substitute|p2a: Kyurem\n|-start|p2a: Kyurem|Substitute\n|-damage|p2a: Kyurem|15\/100\n|move|p1a: astrachad ironlegs|Close Combat|p2a: Kyurem\n|-supereffective|p2a: Kyurem\n|-end|p2a: Kyurem|Substitute\n|-unboost|p1a: astrachad ironlegs|def|1\n|-unboost|p1a: astrachad ironlegs|spd|1\n|\n|-weather|RainDance|[upkeep]\n|-heal|p1a: astrachad ironlegs|45\/100 brn|[from] item: Leftovers\n|-damage|p1a: astrachad ironlegs|38\/100 brn|[from] brn\n|upkeep\n|turn|41\n|\n|t:|1699726407\n|-end|p1a: astrachad ironlegs|Protosynthesis|[silent]\n|switch|p1a: wet beast|Swampert-Mega, M|100\/100\n|move|p2a: Kyurem|Roost|p2a: Kyurem\n|-heal|p2a: Kyurem|65\/100\n|-singleturn|p2a: Kyurem|move: Roost\n|\n|-weather|RainDance|[upkeep]\n|upkeep\n|turn|42\n|inactive|halpu has 120 seconds left.\n|\n|t:|1699726431\n|move|p1a: wet beast|Earthquake|p2a: Kyurem\n|-damage|p2a: Kyurem|26\/100\n|move|p2a: Kyurem|Roost|p2a: Kyurem\n|-heal|p2a: Kyurem|76\/100\n|-singleturn|p2a: Kyurem|move: Roost\n|\n|-weather|none\n|upkeep\n|turn|43\n|inactive|halpu has 120 seconds left.\n|\n|t:|1699726446\n|move|p2a: Kyurem|Substitute|p2a: Kyurem\n|-start|p2a: Kyurem|Substitute\n|-damage|p2a: Kyurem|52\/100\n|move|p1a: wet beast|Flip Turn|p2a: Kyurem\n|-resisted|p2a: Kyurem\n|-activate|p2a: Kyurem|move: Substitute|[damage]\n|\n|t:|1699726471\n|switch|p1a: swolecanion|Volcanion|95\/100 tox|[from] Flip Turn\n|\n|-damage|p1a: swolecanion|89\/100 tox|[from] psn\n|upkeep\n|turn|44\n|inactive|halpu has 90 seconds left.\n|\n|t:|1699726498\n|move|p1a: swolecanion|Fire Blast|p2a: Kyurem\n|-end|p2a: Kyurem|Substitute\n|move|p2a: Kyurem|Dragon Dance|p2a: Kyurem\n|-boost|p2a: Kyurem|atk|1\n|-boost|p2a: Kyurem|spe|1\n|\n|-damage|p1a: swolecanion|77\/100 tox|[from] psn\n|upkeep\n|turn|45\n|\n|t:|1699726507\n|move|p2a: Kyurem|Substitute|p2a: Kyurem\n|-start|p2a: Kyurem|Substitute\n|-damage|p2a: Kyurem|27\/100\n|move|p1a: swolecanion|Fire Blast|p2a: Kyurem\n|-end|p2a: Kyurem|Substitute\n|\n|-damage|p1a: swolecanion|59\/100 tox|[from] psn\n|upkeep\n|turn|46\n|\n|t:|1699726519\n|move|p2a: Kyurem|Substitute|p2a: Kyurem\n|-start|p2a: Kyurem|Substitute\n|-damage|p2a: Kyurem|2\/100\n|move|p1a: swolecanion|Fire Blast|p2a: Kyurem\n|-end|p2a: Kyurem|Substitute\n|\n|-damage|p1a: swolecanion|35\/100 tox|[from] psn\n|upkeep\n|turn|47\n|\n|t:|1699726528\n|move|p2a: Kyurem|Icicle Spear|p1a: swolecanion\n|-resisted|p1a: swolecanion\n|-damage|p1a: swolecanion|31\/100 tox\n|-resisted|p1a: swolecanion\n|-damage|p1a: swolecanion|28\/100 tox\n|-resisted|p1a: swolecanion\n|-damage|p1a: swolecanion|24\/100 tox\n|-resisted|p1a: swolecanion\n|-damage|p1a: swolecanion|20\/100 tox\n|-hitcount|p1a: swolecanion|4\n|move|p1a: swolecanion|Fire Blast|p2a: Kyurem\n|-damage|p2a: Kyurem|0 fnt\n|faint|p2a: Kyurem\n|\n|-damage|p1a: swolecanion|0 fnt|[from] psn\n|faint|p1a: swolecanion\n|upkeep\n|-message|MRI007 forfeited.\n|\n|win|halpu\n|raw|halpu's rating: 1519 &rarr; <strong>1539<\/strong><br \/>(+20 for winning)\n|raw|MRI007's rating: 1511 &rarr; <strong>1491<\/strong><br \/>(-20 for losing)\n|l|\u2606MRI007\n","uploadtime":1699726555,"views":5,"p1id":"halpu","p2id":"mri007","formatid":"gen9nationaldex","rating":1491,"private":0,"password":""}