{"id":"gen9nationaldex-1989109078","p1":"JustAPlz","p2":"AerBlaziken","format":"[Gen 9] National Dex","log":"|j|\u2606JustAPlz\n|j|\u2606AerBlaziken\n|t:|1699813170\n|gametype|singles\n|player|p1|JustAPlz|101|1237\n|player|p2|AerBlaziken|hexmaniac-gen6|1237\n|teamsize|p1|6\n|teamsize|p2|6\n|gen|9\n|tier|[Gen 9] National Dex\n|rated|\n|rule|HP Percentage Mod: HP is shown in percentages\n|rule|Endless Battle Clause: Forcing endless battles is banned\n|rule|OHKO Clause: OHKO moves are banned\n|rule|Evasion Clause: Evasion abilities, items, and moves are banned\n|rule|Evasion Abilities Clause: Evasion abilities are banned\n|rule|Evasion Items Clause: Evasion items are banned\n|rule|Evasion Moves Clause: Evasion moves are banned\n|rule|Species Clause: Limit one of each Pok\u00e9mon\n|rule|Sleep Clause Mod: Limit one foe put to sleep\n|clearpoke\n|poke|p1|Farigiraf, F|\n|poke|p1|Talonflame, F|\n|poke|p1|Comfey, F|\n|poke|p1|Bruxish, M|\n|poke|p1|Tsareena, F|\n|poke|p1|Grimmsnarl, M|\n|poke|p2|Ogerpon-Wellspring, F|\n|poke|p2|Jirachi|\n|poke|p2|Cinderace, F|\n|poke|p2|Banette, M|\n|poke|p2|Thundurus-Therian, M|\n|poke|p2|Ninetales-Alola, F|\n|teampreview\n|\n|t:|1699813178\n|start\n|switch|p1a: Grimmsnarl|Grimmsnarl, M|100\/100\n|switch|p2a: Luma|Jirachi, shiny|100\/100\n|turn|1\n|\n|t:|1699813184\n|move|p1a: Grimmsnarl|Light Screen|p1a: Grimmsnarl\n|-sidestart|p1: JustAPlz|move: Light Screen\n|move|p2a: Luma|Doom Desire|p1a: Grimmsnarl\n|-start|p2a: Luma|Doom Desire\n|\n|upkeep\n|turn|2\n|\n|t:|1699813194\n|move|p1a: Grimmsnarl|Reflect|p1a: Grimmsnarl\n|-sidestart|p1: JustAPlz|Reflect\n|move|p2a: Luma|Wish|p2a: Luma\n|\n|upkeep\n|turn|3\n|\n|t:|1699813203\n|switch|p2a: Cinnamon|Cinderace, F|100\/100\n|move|p1a: Grimmsnarl|Parting Shot|p2a: Cinnamon\n|-unboost|p2a: Cinnamon|atk|1\n|-unboost|p2a: Cinnamon|spa|1\n|\n|t:|1699813211\n|switch|p1a: Bruxish|Bruxish, M|100\/100|[from] Parting Shot\n|\n|-end|p1a: Bruxish|move: Doom Desire\n|-resisted|p1a: Bruxish\n|-damage|p1a: Bruxish|78\/100\n|upkeep\n|turn|4\n|\n|t:|1699813221\n|move|p2a: Cinnamon|Court Change|p2a: Cinnamon\n|-start|p2a: Cinnamon|typechange|Normal|[from] ability: Libero\n|-swapsideconditions\n|-activate|p2a: Cinnamon|move: Court Change\n|move|p1a: Bruxish|Swords Dance|p1a: Bruxish\n|-boost|p1a: Bruxish|atk|2\n|\n|upkeep\n|turn|5\n|\n|t:|1699813233\n|switch|p2a: Kiriko|Ninetales-Alola, F, shiny|100\/100\n|-weather|Snow|[from] ability: Snow Warning|[of] p2a: Kiriko\n|move|p1a: Bruxish|Psychic Fangs|p2a: Kiriko\n|-sideend|p2: AerBlaziken|Reflect\n|-sideend|p2: AerBlaziken|move: Light Screen\n|-damage|p2a: Kiriko|6\/100\n|-damage|p1a: Bruxish|69\/100|[from] item: Life Orb\n|\n|-weather|Snow|[upkeep]\n|upkeep\n|turn|6\n|\n|t:|1699813245\n|move|p1a: Bruxish|Aqua Jet|p2a: Kiriko\n|-damage|p2a: Kiriko|0 fnt\n|faint|p2a: Kiriko\n|-damage|p1a: Bruxish|59\/100|[from] item: Life Orb\n|\n|-weather|Snow|[upkeep]\n|upkeep\n|\n|t:|1699813252\n|switch|p2a: Naboo|Ogerpon-Wellspring, F|100\/100\n|turn|7\n|\n|t:|1699813256\n|move|p2a: Naboo|Trailblaze|p1a: Bruxish\n|-supereffective|p1a: Bruxish\n|-damage|p1a: Bruxish|0 fnt\n|-boost|p2a: Naboo|spe|1\n|faint|p1a: Bruxish\n|\n|-weather|Snow|[upkeep]\n|upkeep\n|\n|t:|1699813266\n|switch|p1a: Grimmsnarl|Grimmsnarl, M|100\/100\n|turn|8\n|\n|t:|1699813272\n|move|p1a: Grimmsnarl|Reflect|p1a: Grimmsnarl\n|-sidestart|p1: JustAPlz|Reflect\n|move|p2a: Naboo|Swords Dance|p2a: Naboo\n|-boost|p2a: Naboo|atk|2\n|\n|-weather|Snow|[upkeep]\n|upkeep\n|turn|9\n|\n|t:|1699813279\n|move|p1a: Grimmsnarl|Light Screen|p1a: Grimmsnarl\n|-sidestart|p1: JustAPlz|move: Light Screen\n|move|p2a: Naboo|Swords Dance|p2a: Naboo\n|-boost|p2a: Naboo|atk|2\n|\n|-weather|none\n|upkeep\n|turn|10\n|\n|t:|1699813285\n|move|p1a: Grimmsnarl|Parting Shot|p2a: Naboo\n|-unboost|p2a: Naboo|atk|1\n|-unboost|p2a: Naboo|spa|1\n|\n|t:|1699813291\n|switch|p1a: Farigiraf|Farigiraf, F|100\/100|[from] Parting Shot\n|move|p2a: Naboo|Swords Dance|p2a: Naboo\n|-boost|p2a: Naboo|atk|2\n|\n|upkeep\n|turn|11\n|\n|t:|1699813300\n|-terastallize|p2a: Naboo|Water\n|detailschange|p2a: Naboo|Ogerpon-Wellspring-Tera, F, tera:Water\n|-ability|p2a: Naboo|Embody Aspect (Wellspring)|boost\n|-boost|p2a: Naboo|spd|1\n|move|p2a: Naboo|Ivy Cudgel|p1a: Farigiraf\n|-damage|p1a: Farigiraf|0 fnt\n|faint|p1a: Farigiraf\n|\n|upkeep\n|c|\u2606JustAPlz|here we go\n|\n|t:|1699813307\n|switch|p1a: Talonflame|Talonflame, F|100\/100\n|turn|12\n|\n|t:|1699813314\n|-terastallize|p1a: Talonflame|Flying\n|move|p1a: Talonflame|Brave Bird|p2a: Naboo\n|-damage|p2a: Naboo|22\/100\n|-damage|p1a: Talonflame|74\/100|[from] Recoil\n|move|p2a: Naboo|Ivy Cudgel|p1a: Talonflame\n|-damage|p1a: Talonflame|0 fnt\n|faint|p1a: Talonflame\n|\n|upkeep\n|\n|t:|1699813322\n|switch|p1a: Comfey|Comfey, F|100\/100\n|turn|13\n|\n|t:|1699813325\n|move|p1a: Comfey|Giga Drain|p2a: Naboo\n|-supereffective|p2a: Naboo\n|-damage|p2a: Naboo|0 fnt\n|faint|p2a: Naboo\n|-damage|p1a: Comfey|91\/100|[from] item: Life Orb\n|\n|upkeep\n|\n|t:|1699813336\n|switch|p2a: Luma|Jirachi, shiny|100\/100\n|turn|14\n|\n|t:|1699813339\n|move|p1a: Comfey|Calm Mind|p1a: Comfey\n|-boost|p1a: Comfey|spa|1\n|-boost|p1a: Comfey|spd|1\n|move|p2a: Luma|Doom Desire|p1a: Comfey\n|-start|p2a: Luma|Doom Desire\n|\n|upkeep\n|turn|15\n|\n|t:|1699813346\n|move|p1a: Comfey|Hidden Power|p2a: Luma\n|-supereffective|p2a: Luma\n|-damage|p2a: Luma|45\/100\n|-damage|p1a: Comfey|81\/100|[from] item: Life Orb\n|move|p2a: Luma|Thunder Wave|p1a: Comfey\n|-status|p1a: Comfey|par\n|\n|-heal|p2a: Luma|51\/100|[from] item: Leftovers\n|-sideend|p1: JustAPlz|Reflect\n|upkeep\n|turn|16\n|\n|t:|1699813355\n|move|p2a: Luma|Wish|p2a: Luma\n|cant|p1a: Comfey|par\n|\n|-end|p1a: Comfey|move: Doom Desire\n|-supereffective|p1a: Comfey\n|-damage|p1a: Comfey|33\/100 par\n|-heal|p2a: Luma|57\/100|[from] item: Leftovers\n|-sideend|p1: JustAPlz|move: Light Screen\n|upkeep\n|turn|17\n|\n|t:|1699813363\n|move|p2a: Luma|Doom Desire|p1a: Comfey\n|-start|p2a: Luma|Doom Desire\n|move|p1a: Comfey|Hidden Power|p2a: Luma\n|-supereffective|p2a: Luma\n|-damage|p2a: Luma|5\/100\n|-damage|p1a: Comfey|23\/100 par|[from] item: Life Orb\n|\n|-heal|p2a: Luma|55\/100|[from] move: Wish|[wisher] Luma\n|-heal|p2a: Luma|61\/100|[from] item: Leftovers\n|upkeep\n|turn|18\n|\n|t:|1699813379\n|switch|p2a: zeus\u2026ZEUS!|Thundurus-Therian, M, shiny|100\/100\n|move|p1a: Comfey|Hidden Power|p2a: zeus\u2026ZEUS!\n|-damage|p2a: zeus\u2026ZEUS!|59\/100\n|-damage|p1a: Comfey|13\/100 par|[from] item: Life Orb\n|\n|upkeep\n|turn|19\n|\n|t:|1699813388\n|move|p1a: Comfey|Draining Kiss|p2a: zeus\u2026ZEUS!\n|-damage|p2a: zeus\u2026ZEUS!|10\/100\n|-heal|p1a: Comfey|59\/100 par|[from] drain|[of] p2a: zeus\u2026ZEUS!\n|-damage|p1a: Comfey|49\/100 par|[from] item: Life Orb\n|move|p2a: zeus\u2026ZEUS!|Nasty Plot|p2a: zeus\u2026ZEUS!\n|-boost|p2a: zeus\u2026ZEUS!|spa|2\n|\n|-end|p1a: Comfey|move: Doom Desire\n|-supereffective|p1a: Comfey\n|-damage|p1a: Comfey|0 fnt\n|faint|p1a: Comfey\n|upkeep\n|\n|t:|1699813399\n|switch|p1a: Grimmsnarl|Grimmsnarl, M|100\/100\n|turn|20\n|\n|t:|1699813404\n|move|p1a: Grimmsnarl|Light Screen|p1a: Grimmsnarl\n|-sidestart|p1: JustAPlz|move: Light Screen\n|move|p2a: zeus\u2026ZEUS!|Thunderbolt|p1a: Grimmsnarl\n|-damage|p1a: Grimmsnarl|47\/100\n|\n|upkeep\n|turn|21\n|\n|t:|1699813409\n|move|p1a: Grimmsnarl|Reflect|p1a: Grimmsnarl\n|-sidestart|p1: JustAPlz|Reflect\n|move|p2a: zeus\u2026ZEUS!|Thunderbolt|p1a: Grimmsnarl\n|-damage|p1a: Grimmsnarl|0 fnt\n|faint|p1a: Grimmsnarl\n|\n|upkeep\n|\n|t:|1699813415\n|switch|p1a: Tsareena|Tsareena, F|100\/100\n|turn|22\n|\n|t:|1699813418\n|move|p2a: zeus\u2026ZEUS!|Dark Pulse|p1a: Tsareena\n|-damage|p1a: Tsareena|64\/100\n|move|p1a: Tsareena|Trailblaze|p2a: zeus\u2026ZEUS!\n|-resisted|p2a: zeus\u2026ZEUS!\n|-crit|p2a: zeus\u2026ZEUS!\n|-damage|p2a: zeus\u2026ZEUS!|0 fnt\n|-boost|p1a: Tsareena|spe|1\n|faint|p2a: zeus\u2026ZEUS!\n|\n|upkeep\n|\n|t:|1699813424\n|switch|p2a: Cinnamon|Cinderace, F|100\/100\n|turn|23\n|\n|t:|1699813428\n|move|p1a: Tsareena|Swagger|p2a: Cinnamon\n|-boost|p2a: Cinnamon|atk|2\n|-enditem|p1a: Tsareena|Mirror Herb\n|-boost|p1a: Tsareena|atk|2|[from] item: Mirror Herb\n|-start|p2a: Cinnamon|confusion\n|-activate|p2a: Cinnamon|confusion\n|-damage|p2a: Cinnamon|60\/100|[from] confusion\n|\n|upkeep\n|turn|24\n|\n|t:|1699813440\n|move|p1a: Tsareena|Tera Blast|p2a: Cinnamon\n|-damage|p2a: Cinnamon|47\/100\n|-activate|p2a: Cinnamon|confusion\n|-damage|p2a: Cinnamon|12\/100|[from] confusion\n|\n|upkeep\n|turn|25\n|\n|t:|1699813446\n|move|p1a: Tsareena|Trailblaze|p2a: Cinnamon\n|-resisted|p2a: Cinnamon\n|-damage|p2a: Cinnamon|0 fnt\n|-boost|p1a: Tsareena|spe|1\n|faint|p2a: Cinnamon\n|\n|upkeep\n|\n|t:|1699813449\n|switch|p2a: Luma|Jirachi, shiny|61\/100\n|turn|26\n|\n|t:|1699813460\n|move|p1a: Tsareena|High Jump Kick|p2a: Luma\n|-damage|p2a: Luma|0 fnt\n|faint|p2a: Luma\n|\n|upkeep\n|\n|t:|1699813463\n|switch|p2a: Pocket Dimension|Banette, M|100\/100\n|turn|27\n|\n|t:|1699813468\n|detailschange|p2a: Pocket Dimension|Banette-Mega, M\n|-mega|p2a: Pocket Dimension|Banette|Banettite\n|move|p2a: Pocket Dimension|Shadow Sneak||[still]\n|cant|p1a: Tsareena|ability: Queenly Majesty|Shadow Sneak|[of] p2a: Pocket Dimension\n|move|p1a: Tsareena|Swagger|p2a: Pocket Dimension\n|-boost|p2a: Pocket Dimension|atk|2\n|-start|p2a: Pocket Dimension|confusion\n|\n|-sideend|p1: JustAPlz|move: Light Screen\n|upkeep\n|turn|28\n|\n|t:|1699813483\n|-activate|p2a: Pocket Dimension|confusion\n|move|p2a: Pocket Dimension|Shadow Sneak||[still]\n|cant|p1a: Tsareena|ability: Queenly Majesty|Shadow Sneak|[of] p2a: Pocket Dimension\n|move|p1a: Tsareena|Trailblaze|p2a: Pocket Dimension\n|-damage|p2a: Pocket Dimension|40\/100\n|-boost|p1a: Tsareena|spe|1\n|\n|-sideend|p1: JustAPlz|Reflect\n|upkeep\n|turn|29\n|\n|t:|1699813490\n|-end|p2a: Pocket Dimension|confusion\n|move|p2a: Pocket Dimension|Will-O-Wisp||[still]\n|cant|p1a: Tsareena|ability: Queenly Majesty|Will-O-Wisp|[of] p2a: Pocket Dimension\n|move|p1a: Tsareena|Trailblaze|p2a: Pocket Dimension\n|-damage|p2a: Pocket Dimension|0 fnt\n|-boost|p1a: Tsareena|spe|1\n|faint|p2a: Pocket Dimension\n|\n|win|JustAPlz\n|raw|JustAPlz's rating: 1237 &rarr; <strong>1262<\/strong><br \/>(+25 for winning)\n|raw|AerBlaziken's rating: 1237 &rarr; <strong>1212<\/strong><br \/>(-25 for losing)\n|l|\u2606AerBlaziken\n","uploadtime":1699813504,"views":5,"p1id":"justaplz","p2id":"aerblaziken","formatid":"gen9nationaldex","rating":1212,"private":0,"password":""}