{"id":"gen9nationaldex-1987611960","p1":"Nora3a","p2":"schagab","format":"[Gen 9] National Dex","log":"|j|\u2606Nora3a\n|j|\u2606schagab\n|t:|1699619470\n|gametype|singles\n|player|p1|Nora3a|roxie|1000\n|player|p2|schagab|brycenman|1000\n|teamsize|p1|6\n|teamsize|p2|6\n|gen|9\n|tier|[Gen 9] National Dex\n|rated|\n|rule|HP Percentage Mod: HP is shown in percentages\n|rule|Endless Battle Clause: Forcing endless battles is banned\n|rule|OHKO Clause: OHKO moves are banned\n|rule|Evasion Clause: Evasion abilities, items, and moves are banned\n|rule|Evasion Abilities Clause: Evasion abilities are banned\n|rule|Evasion Items Clause: Evasion items are banned\n|rule|Evasion Moves Clause: Evasion moves are banned\n|rule|Species Clause: Limit one of each Pok\u00e9mon\n|rule|Sleep Clause Mod: Limit one foe put to sleep\n|clearpoke\n|poke|p1|Serperior, M|\n|poke|p1|Aegislash, F|\n|poke|p1|Crawdaunt, F|\n|poke|p1|Garbodor, F|\n|poke|p1|Flamigo, F|\n|poke|p1|Bouffalant, F|\n|poke|p2|Feraligatr, M|\n|poke|p2|Exploud, M|\n|poke|p2|Beartic, F|\n|poke|p2|Abomasnow, M|\n|poke|p2|Buzzwole|\n|poke|p2|Hoopa-Unbound|\n|teampreview\n|\n|t:|1699619479\n|start\n|switch|p1a: Garbodor|Garbodor, F|100\/100\n|switch|p2a: Discord Mod|Abomasnow, M|100\/100\n|-weather|Snow|[from] ability: Snow Warning|[of] p2a: Discord Mod\n|turn|1\n|\n|t:|1699619497\n|switch|p2a: Volibear|Beartic, F|100\/100\n|move|p1a: Garbodor|Toxic|p2a: Volibear\n|-status|p2a: Volibear|tox\n|\n|-weather|Snow|[upkeep]\n|-damage|p2a: Volibear|94\/100 tox|[from] psn\n|upkeep\n|turn|2\n|\n|t:|1699619511\n|move|p1a: Garbodor|Protect|p1a: Garbodor\n|-singleturn|p1a: Garbodor|Protect\n|move|p2a: Volibear|Earthquake|p1a: Garbodor\n|-activate|p1a: Garbodor|move: Protect\n|\n|-weather|Snow|[upkeep]\n|-damage|p2a: Volibear|82\/100 tox|[from] psn\n|upkeep\n|turn|3\n|\n|t:|1699619525\n|switch|p1a: Flamigo|Flamigo, F|100\/100\n|move|p2a: Volibear|Earthquake|p1a: Flamigo\n|-immune|p1a: Flamigo\n|\n|-weather|Snow|[upkeep]\n|-damage|p2a: Volibear|64\/100 tox|[from] psn\n|upkeep\n|turn|4\n|\n|t:|1699619539\n|switch|p2a: Kroko Dr Mundo|Feraligatr, M|100\/100\n|move|p1a: Flamigo|Low Kick|p2a: Kroko Dr Mundo\n|-damage|p2a: Kroko Dr Mundo|49\/100\n|-damage|p1a: Flamigo|91\/100|[from] item: Life Orb\n|\n|-weather|Snow|[upkeep]\n|upkeep\n|turn|5\n|\n|t:|1699619550\n|move|p1a: Flamigo|U-turn|p2a: Kroko Dr Mundo\n|-damage|p2a: Kroko Dr Mundo|15\/100\n|-damage|p1a: Flamigo|81\/100|[from] item: Life Orb\n|\n|t:|1699619558\n|switch|p1a: Bouffalant|Bouffalant, F|100\/100|[from] U-turn\n|move|p2a: Kroko Dr Mundo|Ice Punch|p1a: Bouffalant\n|-damage|p1a: Bouffalant|65\/100\n|\n|-weather|none\n|-heal|p1a: Bouffalant|72\/100|[from] item: Leftovers\n|upkeep\n|turn|6\n|\n|t:|1699619579\n|switch|p2a: Gigasekt|Buzzwole|100\/100\n|move|p1a: Bouffalant|Head Charge|p2a: Gigasekt\n|-damage|p2a: Gigasekt|55\/100\n|-damage|p1a: Bouffalant|59\/100|[from] Recoil\n|\n|-heal|p1a: Bouffalant|65\/100|[from] item: Leftovers\n|upkeep\n|turn|7\n|\n|t:|1699619596\n|move|p2a: Gigasekt|Drain Punch|p1a: Bouffalant\n|-supereffective|p1a: Bouffalant\n|-damage|p1a: Bouffalant|0 fnt\n|-heal|p2a: Gigasekt|86\/100|[from] drain|[of] p1a: Bouffalant\n|faint|p1a: Bouffalant\n|-ability|p2a: Gigasekt|Beast Boost|boost\n|-boost|p2a: Gigasekt|atk|1\n|\n|upkeep\n|\n|t:|1699619604\n|switch|p1a: Garbodor|Garbodor, F|100\/100\n|turn|8\n|\n|t:|1699619626\n|move|p2a: Gigasekt|Ice Punch|p1a: Garbodor\n|-damage|p1a: Garbodor|48\/100\n|move|p1a: Garbodor|Clear Smog|p2a: Gigasekt\n|-damage|p2a: Gigasekt|76\/100\n|-clearboost|p2a: Gigasekt\n|\n|-heal|p1a: Garbodor|54\/100|[from] item: Black Sludge\n|upkeep\n|turn|9\n|\n|t:|1699619660\n|switch|p2a: Volibear|Beartic, F|64\/100 tox\n|move|p1a: Garbodor|Toxic|p2a: Volibear\n|-fail|p2a: Volibear|tox\n|\n|-heal|p1a: Garbodor|60\/100|[from] item: Black Sludge\n|-damage|p2a: Volibear|58\/100 tox|[from] psn\n|upkeep\n|turn|10\n|\n|t:|1699619676\n|move|p1a: Garbodor|Protect|p1a: Garbodor\n|-singleturn|p1a: Garbodor|Protect\n|move|p2a: Volibear|Icicle Crash|p1a: Garbodor\n|-activate|p1a: Garbodor|move: Protect\n|\n|-heal|p1a: Garbodor|66\/100|[from] item: Black Sludge\n|-damage|p2a: Volibear|46\/100 tox|[from] psn\n|upkeep\n|turn|11\n|\n|t:|1699619692\n|switch|p1a: Aegislash|Aegislash, F|100\/100\n|move|p2a: Volibear|Icicle Crash|p1a: Aegislash|[miss]\n|-miss|p2a: Volibear|p1a: Aegislash\n|\n|-damage|p2a: Volibear|28\/100 tox|[from] psn\n|upkeep\n|turn|12\n|\n|t:|1699619705\n|switch|p2a: Gigasekt|Buzzwole|76\/100\n|move|p1a: Aegislash|Iron Defense|p1a: Aegislash\n|-boost|p1a: Aegislash|def|2\n|\n|upkeep\n|turn|13\n|\n|t:|1699619718\n|move|p2a: Gigasekt|Ice Punch|p1a: Aegislash\n|-resisted|p1a: Aegislash\n|-damage|p1a: Aegislash|95\/100\n|-status|p1a: Aegislash|frz\n|-damage|p2a: Gigasekt|60\/100|[from] item: Rocky Helmet|[of] p1a: Aegislash\n|cant|p1a: Aegislash|frz\n|\n|upkeep\n|turn|14\n|\n|t:|1699619733\n|switch|p2a: Sengenschreiin|Exploud, M|100\/100\n|cant|p1a: Aegislash|frz\n|\n|upkeep\n|turn|15\n|\n|t:|1699619743\n|move|p2a: Sengenschreiin|Fire Blast|p1a: Aegislash\n|-supereffective|p1a: Aegislash\n|-damage|p1a: Aegislash|20\/100 frz\n|-curestatus|p1a: Aegislash|frz|[msg]\n|-formechange|p1a: Aegislash|Aegislash-Blade||[from] ability: Stance Change\n|move|p1a: Aegislash|Sacred Sword|p2a: Sengenschreiin\n|-supereffective|p2a: Sengenschreiin\n|-damage|p2a: Sengenschreiin|35\/100\n|\n|upkeep\n|turn|16\n|\n|t:|1699619755\n|-formechange|p1a: Aegislash|Aegislash||[from] ability: Stance Change\n|move|p1a: Aegislash|King's Shield|p1a: Aegislash\n|-singleturn|p1a: Aegislash|Protect\n|move|p2a: Sengenschreiin|Fire Blast|p1a: Aegislash\n|-activate|p1a: Aegislash|move: Protect\n|\n|upkeep\n|turn|17\n|\n|t:|1699619764\n|-formechange|p1a: Aegislash|Aegislash-Blade||[from] ability: Stance Change\n|move|p1a: Aegislash|Shadow Sneak|p2a: Sengenschreiin\n|-immune|p2a: Sengenschreiin\n|move|p2a: Sengenschreiin|Fire Blast|p1a: Aegislash\n|-supereffective|p1a: Aegislash\n|-damage|p1a: Aegislash|0 fnt\n|faint|p1a: Aegislash\n|\n|upkeep\n|\n|t:|1699619775\n|switch|p1a: Garbodor|Garbodor, F|66\/100\n|turn|18\n|\n|t:|1699619787\n|switch|p2a: Volibear|Beartic, F|28\/100 tox\n|move|p1a: Garbodor|Toxic|p2a: Volibear\n|-fail|p2a: Volibear|tox\n|\n|-heal|p1a: Garbodor|72\/100|[from] item: Black Sludge\n|-damage|p2a: Volibear|22\/100 tox|[from] psn\n|upkeep\n|turn|19\n|\n|t:|1699619814\n|switch|p2a: Hand-Beruf-Profi|Hoopa-Unbound|100\/100\n|move|p1a: Garbodor|Giga Drain|p2a: Hand-Beruf-Profi\n|-damage|p2a: Hand-Beruf-Profi|90\/100\n|-heal|p1a: Garbodor|77\/100|[from] drain|[of] p2a: Hand-Beruf-Profi\n|\n|-heal|p1a: Garbodor|83\/100|[from] item: Black Sludge\n|upkeep\n|turn|20\n|\n|t:|1699619826\n|move|p1a: Garbodor|Protect|p1a: Garbodor\n|-singleturn|p1a: Garbodor|Protect\n|move|p2a: Hand-Beruf-Profi|Nasty Plot|p2a: Hand-Beruf-Profi\n|-boost|p2a: Hand-Beruf-Profi|spa|2\n|\n|-heal|p1a: Garbodor|89\/100|[from] item: Black Sludge\n|upkeep\n|turn|21\n|\n|t:|1699619849\n|move|p2a: Hand-Beruf-Profi|Dark Pulse|p1a: Garbodor\n|-damage|p1a: Garbodor|0 fnt\n|faint|p1a: Garbodor\n|-damage|p2a: Hand-Beruf-Profi|80\/100|[from] item: Life Orb\n|\n|upkeep\n|\n|t:|1699619857\n|switch|p1a: Flamigo|Flamigo, F|81\/100\n|turn|22\n|\n|t:|1699619865\n|move|p1a: Flamigo|Low Kick|p2a: Hand-Beruf-Profi\n|-damage|p2a: Hand-Beruf-Profi|0 fnt\n|faint|p2a: Hand-Beruf-Profi\n|-damage|p1a: Flamigo|71\/100|[from] item: Life Orb\n|\n|upkeep\n|\n|t:|1699619873\n|switch|p2a: Gigasekt|Buzzwole|60\/100\n|turn|23\n|\n|t:|1699619885\n|move|p1a: Flamigo|Low Kick|p2a: Gigasekt\n|-resisted|p2a: Gigasekt\n|-damage|p2a: Gigasekt|37\/100\n|-damage|p1a: Flamigo|61\/100|[from] item: Life Orb\n|move|p2a: Gigasekt|Ice Punch|p1a: Flamigo\n|-supereffective|p1a: Flamigo\n|-damage|p1a: Flamigo|0 fnt\n|faint|p1a: Flamigo\n|-ability|p2a: Gigasekt|Beast Boost|boost\n|-boost|p2a: Gigasekt|atk|1\n|\n|upkeep\n|\n|t:|1699619898\n|switch|p1a: Serperior|Serperior, M|100\/100\n|turn|24\n|\n|t:|1699619902\n|move|p1a: Serperior|Leaf Storm|p2a: Gigasekt\n|-resisted|p2a: Gigasekt\n|-damage|p2a: Gigasekt|2\/100\n|-boost|p1a: Serperior|spa|2\n|move|p2a: Gigasekt|Leech Life|p1a: Serperior\n|-supereffective|p1a: Serperior\n|-damage|p1a: Serperior|0 fnt\n|-heal|p2a: Gigasekt|37\/100|[from] drain|[of] p1a: Serperior\n|faint|p1a: Serperior\n|-ability|p2a: Gigasekt|Beast Boost|boost\n|-boost|p2a: Gigasekt|atk|1\n|\n|upkeep\n|\n|t:|1699619912\n|switch|p1a: Crawdaunt|Crawdaunt, F|100\/100\n|turn|25\n|c|\u2606Nora3a|ggs\n|\n|t:|1699619918\n|move|p1a: Crawdaunt|Aqua Jet|p2a: Gigasekt\n|-damage|p2a: Gigasekt|24\/100\n|move|p2a: Gigasekt|Drain Punch|p1a: Crawdaunt\n|-supereffective|p1a: Crawdaunt\n|-damage|p1a: Crawdaunt|0 fnt\n|-heal|p2a: Gigasekt|63\/100|[from] drain|[of] p1a: Crawdaunt\n|faint|p1a: Crawdaunt\n|\n|win|schagab\n|raw|Nora3a's rating: 1000 &rarr; <strong>1000<\/strong><br \/>(+0 for losing)\n|raw|schagab's rating: 1000 &rarr; <strong>1040<\/strong><br \/>(+40 for winning)\n|l|\u2606Nora3a\n","uploadtime":1699619949,"views":6,"p1id":"nora3a","p2id":"schagab","formatid":"gen9nationaldex","rating":1000,"private":0,"password":""}