{"id":"gen9nationaldex-1999390720","p1":"mega yinxiangshuai","p2":"NDSNEZ Phantom","format":"[Gen 9] National Dex","log":"|html|<div class=\"broadcast-blue\"><strong>[Gen 9] National Dex is currently suspecting Sneasler! For information on how to participate check out the <a href=\"https:\/\/www.smogon.com\/forums\/threads\/sv-national-dex-suspect-8-just-dance.3731534\/\">suspect thread<\/a>.<\/strong><\/div>\n|j|\u2606mega yinxiangshuai\n|j|\u2606NDSNEZ Phantom\n|t:|1701072366\n|gametype|singles\n|player|p1|mega yinxiangshuai|ash-kalos|1602\n|player|p2|NDSNEZ Phantom|red|1580\n|teamsize|p1|6\n|teamsize|p2|6\n|gen|9\n|tier|[Gen 9] National Dex\n|rated|\n|rule|HP Percentage Mod: HP is shown in percentages\n|rule|Endless Battle Clause: Forcing endless battles is banned\n|rule|OHKO Clause: OHKO moves are banned\n|rule|Evasion Clause: Evasion abilities, items, and moves are banned\n|rule|Evasion Abilities Clause: Evasion abilities are banned\n|rule|Evasion Items Clause: Evasion items are banned\n|rule|Evasion Moves Clause: Evasion moves are banned\n|rule|Species Clause: Limit one of each Pok\u00e9mon\n|rule|Sleep Clause Mod: Limit one foe put to sleep\n|clearpoke\n|poke|p1|Sneasler, F|\n|poke|p1|Serperior, M|\n|poke|p1|Galvantula, M|\n|poke|p1|Charizard, F|\n|poke|p1|Iron Treads|\n|poke|p1|Tapu Lele|\n|poke|p2|Venusaur, M|\n|poke|p2|Heatran, M|\n|poke|p2|Garchomp, M|\n|poke|p2|Thundurus-Therian, M|\n|poke|p2|Weavile, M|\n|poke|p2|Corviknight, F|\n|teampreview\n|inactive|Battle timer is ON: inactive players will automatically lose when time's up. (requested by mega yinxiangshuai)\n|inactive|NDSNEZ Phantom has 120 seconds left.\n|\n|t:|1701072405\n|start\n|switch|p1a: \u94c1\u5e9f\u7269|Iron Treads|100\/100\n|switch|p2a: Garchomp|Garchomp, M|100\/100\n|turn|1\n|\n|t:|1701072414\n|switch|p2a: Corviknight|Corviknight, F|100\/100\n|-ability|p2a: Corviknight|Pressure\n|move|p1a: \u94c1\u5e9f\u7269|Ice Spinner|p2a: Corviknight\n|-crit|p2a: Corviknight\n|-damage|p2a: Corviknight|80\/100\n|-damage|p1a: \u94c1\u5e9f\u7269|84\/100|[from] item: Rocky Helmet|[of] p2a: Corviknight\n|\n|upkeep\n|turn|2\n|\n|t:|1701072424\n|-end|p1a: \u94c1\u5e9f\u7269|Quark Drive|[silent]\n|switch|p1a: \u56fd\u4ea7\u55b7|Charizard, F|100\/100\n|move|p2a: Corviknight|U-turn|p1a: \u56fd\u4ea7\u55b7\n|-resisted|p1a: \u56fd\u4ea7\u55b7\n|-damage|p1a: \u56fd\u4ea7\u55b7|96\/100\n|\n|t:|1701072429\n|switch|p2a: Garchomp|Garchomp, M|100\/100|[from] U-turn\n|\n|upkeep\n|turn|3\n|\n|t:|1701072438\n|detailschange|p1a: \u56fd\u4ea7\u55b7|Charizard-Mega-X, F\n|-mega|p1a: \u56fd\u4ea7\u55b7|Charizard|Charizardite X\n|move|p2a: Garchomp|Spikes|p1a: \u56fd\u4ea7\u55b7\n|-sidestart|p1: mega yinxiangshuai|Spikes\n|move|p1a: \u56fd\u4ea7\u55b7|Flame Charge|p2a: Garchomp\n|-resisted|p2a: Garchomp\n|-damage|p2a: Garchomp|85\/100\n|-boost|p1a: \u56fd\u4ea7\u55b7|spe|1\n|-damage|p1a: \u56fd\u4ea7\u55b7|84\/100|[from] ability: Rough Skin|[of] p2a: Garchomp\n|\n|upkeep\n|turn|4\n|\n|t:|1701072452\n|move|p1a: \u56fd\u4ea7\u55b7|Dragon Claw|p2a: Garchomp\n|-supereffective|p2a: Garchomp\n|-damage|p2a: Garchomp|0 fnt\n|-damage|p1a: \u56fd\u4ea7\u55b7|72\/100|[from] ability: Rough Skin|[of] p2a: Garchomp\n|faint|p2a: Garchomp\n|\n|upkeep\n|\n|t:|1701072475\n|switch|p2a: Heatran|Heatran, M|100\/100\n|-item|p2a: Heatran|Air Balloon\n|turn|5\n|\n|t:|1701072498\n|move|p1a: \u56fd\u4ea7\u55b7|Dragon Claw|p2a: Heatran\n|-resisted|p2a: Heatran\n|-damage|p2a: Heatran|81\/100\n|-enditem|p2a: Heatran|Air Balloon\n|move|p2a: Heatran|Earth Power|p1a: \u56fd\u4ea7\u55b7\n|-supereffective|p1a: \u56fd\u4ea7\u55b7\n|-damage|p1a: \u56fd\u4ea7\u55b7|16\/100\n|\n|upkeep\n|turn|6\n|inactive|mega yinxiangshuai has 120 seconds left.\n|\n|t:|1701072529\n|switch|p1a: \u654c\u4e0d\u52a8\u6211\u5c31\u52a8|Serperior, M|100\/100\n|-damage|p1a: \u654c\u4e0d\u52a8\u6211\u5c31\u52a8|88\/100|[from] Spikes\n|-terastallize|p2a: Heatran|Grass\n|move|p2a: Heatran|Earth Power|p1a: \u654c\u4e0d\u52a8\u6211\u5c31\u52a8\n|-resisted|p1a: \u654c\u4e0d\u52a8\u6211\u5c31\u52a8\n|-damage|p1a: \u654c\u4e0d\u52a8\u6211\u5c31\u52a8|73\/100\n|\n|-heal|p1a: \u654c\u4e0d\u52a8\u6211\u5c31\u52a8|80\/100|[from] item: Leftovers\n|upkeep\n|turn|7\n|\n|t:|1701072547\n|move|p1a: \u654c\u4e0d\u52a8\u6211\u5c31\u52a8|Glare|p2a: Heatran\n|-status|p2a: Heatran|par\n|cant|p2a: Heatran|par\n|\n|-heal|p1a: \u654c\u4e0d\u52a8\u6211\u5c31\u52a8|86\/100|[from] item: Leftovers\n|upkeep\n|turn|8\n|\n|t:|1701072554\n|move|p1a: \u654c\u4e0d\u52a8\u6211\u5c31\u52a8|Substitute|p1a: \u654c\u4e0d\u52a8\u6211\u5c31\u52a8\n|-start|p1a: \u654c\u4e0d\u52a8\u6211\u5c31\u52a8|Substitute\n|-damage|p1a: \u654c\u4e0d\u52a8\u6211\u5c31\u52a8|61\/100\n|move|p2a: Heatran|Magma Storm|p1a: \u654c\u4e0d\u52a8\u6211\u5c31\u52a8\n|-supereffective|p1a: \u654c\u4e0d\u52a8\u6211\u5c31\u52a8\n|-end|p1a: \u654c\u4e0d\u52a8\u6211\u5c31\u52a8|Substitute\n|\n|-heal|p1a: \u654c\u4e0d\u52a8\u6211\u5c31\u52a8|67\/100|[from] item: Leftovers\n|upkeep\n|turn|9\n|\n|t:|1701072570\n|switch|p1a: \u6ca1\u5e26\u56f4\u5dfe|Tapu Lele|100\/100\n|-damage|p1a: \u6ca1\u5e26\u56f4\u5dfe|88\/100|[from] Spikes\n|-fieldstart|move: Psychic Terrain|[from] ability: Psychic Surge|[of] p1a: \u6ca1\u5e26\u56f4\u5dfe\n|switch|p2a: Venusaur|Venusaur, M|100\/100\n|\n|upkeep\n|turn|10\n|\n|t:|1701072590\n|switch|p2a: Heatran|Heatran, M, tera:Grass|81\/100 par\n|move|p1a: \u6ca1\u5e26\u56f4\u5dfe|Psychic|p2a: Heatran\n|-damage|p2a: Heatran|28\/100 par\n|\n|upkeep\n|turn|11\n|\n|t:|1701072596\n|move|p1a: \u6ca1\u5e26\u56f4\u5dfe|Psychic|p2a: Heatran\n|-crit|p2a: Heatran\n|-damage|p2a: Heatran|0 fnt\n|faint|p2a: Heatran\n|\n|upkeep\n|\n|t:|1701072600\n|switch|p2a: Weavile|Weavile, M|100\/100\n|-ability|p2a: Weavile|Pressure\n|turn|12\n|\n|t:|1701072610\n|switch|p1a: \u56fd\u4ea7\u55b7|Charizard-Mega-X, F|16\/100\n|-damage|p1a: \u56fd\u4ea7\u55b7|3\/100|[from] Spikes\n|move|p2a: Weavile|Triple Axel|p1a: \u56fd\u4ea7\u55b7\n|-damage|p1a: \u56fd\u4ea7\u55b7|0 fnt\n|faint|p1a: \u56fd\u4ea7\u55b7\n|-hitcount|p1: \u56fd\u4ea7\u55b7|1\n|\n|upkeep\n|\n|t:|1701072619\n|switch|p1a: \u94c1\u5e9f\u7269|Iron Treads|84\/100\n|-damage|p1a: \u94c1\u5e9f\u7269|71\/100|[from] Spikes\n|turn|13\n|\n|t:|1701072623\n|move|p2a: Weavile|Triple Axel|p1a: \u94c1\u5e9f\u7269\n|-damage|p1a: \u94c1\u5e9f\u7269|59\/100\n|-damage|p1a: \u94c1\u5e9f\u7269|39\/100\n|-damage|p1a: \u94c1\u5e9f\u7269|2\/100\n|-hitcount|p1a: \u94c1\u5e9f\u7269|3\n|move|p1a: \u94c1\u5e9f\u7269|Heavy Slam|p2a: Weavile\n|-supereffective|p2a: Weavile\n|-damage|p2a: Weavile|0 fnt\n|faint|p2a: Weavile\n|\n|-fieldend|move: Psychic Terrain\n|upkeep\n|\n|t:|1701072634\n|switch|p2a: Venusaur|Venusaur, M|100\/100\n|turn|14\n|\n|t:|1701072642\n|detailschange|p2a: Venusaur|Venusaur-Mega, M\n|-mega|p2a: Venusaur|Venusaur|Venusaurite\n|move|p1a: \u94c1\u5e9f\u7269|Rapid Spin|p2a: Venusaur\n|-damage|p2a: Venusaur|89\/100\n|-boost|p1a: \u94c1\u5e9f\u7269|spe|1\n|-sideend|p1: mega yinxiangshuai|Spikes|[from] move: Rapid Spin|[of] p1a: \u94c1\u5e9f\u7269\n|move|p2a: Venusaur|Sludge Bomb|p1a: \u94c1\u5e9f\u7269\n|-immune|p1a: \u94c1\u5e9f\u7269\n|\n|upkeep\n|turn|15\n|-message|NDSNEZ Phantom forfeited.\n|\n|win|mega yinxiangshuai\n|raw|mega yinxiangshuai's rating: 1602 &rarr; <strong>1621<\/strong><br \/>(+19 for winning)\n|raw|NDSNEZ Phantom's rating: 1580 &rarr; <strong>1561<\/strong><br \/>(-19 for losing)\n|l|\u2606NDSNEZ Phantom\n","uploadtime":1701072758,"views":4,"p1id":"megayinxiangshuai","p2id":"ndsnezphantom","formatid":"gen9nationaldex","rating":1561,"private":0,"password":""}