{"id":"gen9nationaldex-1992792420","p1":"KyosukeKamijou","p2":"Pawelko","format":"[Gen 9] National Dex","log":"|j|\u2606KyosukeKamijou\n|j|\u2606Pawelko\n|t:|1700235860\n|gametype|singles\n|player|p1|KyosukeKamijou|ghetsis|1259\n|player|p2|Pawelko|brawly|1184\n|teamsize|p1|6\n|teamsize|p2|6\n|gen|9\n|tier|[Gen 9] National Dex\n|rated|\n|rule|HP Percentage Mod: HP is shown in percentages\n|rule|Endless Battle Clause: Forcing endless battles is banned\n|rule|OHKO Clause: OHKO moves are banned\n|rule|Evasion Clause: Evasion abilities, items, and moves are banned\n|rule|Evasion Abilities Clause: Evasion abilities are banned\n|rule|Evasion Items Clause: Evasion items are banned\n|rule|Evasion Moves Clause: Evasion moves are banned\n|rule|Species Clause: Limit one of each Pok\u00e9mon\n|rule|Sleep Clause Mod: Limit one foe put to sleep\n|clearpoke\n|poke|p1|Kommo-o, M|\n|poke|p1|Great Tusk|\n|poke|p1|Ogerpon-Cornerstone, F|\n|poke|p1|Charizard, M|\n|poke|p1|Greninja-*, M|\n|poke|p1|Frosmoth, M|\n|poke|p2|Medicham, M|\n|poke|p2|Espeon, M|\n|poke|p2|Alakazam, F|\n|poke|p2|Indeedee, M|\n|poke|p2|Braviary-Hisui, M|\n|poke|p2|Latias, F|\n|teampreview\n|\n|t:|1700235874\n|start\n|switch|p1a: PapillonOhger|Frosmoth, M|100\/100\n|switch|p2a: Latias|Latias, F|100\/100\n|turn|1\n|\n|t:|1700235881\n|detailschange|p2a: Latias|Latias-Mega, F\n|-mega|p2a: Latias|Latias|Latiasite\n|move|p2a: Latias|Mystical Fire|p1a: PapillonOhger\n|-supereffective|p1a: PapillonOhger\n|-damage|p1a: PapillonOhger|24\/100\n|-unboost|p1a: PapillonOhger|spa|1\n|move|p1a: PapillonOhger|Quiver Dance|p1a: PapillonOhger\n|-boost|p1a: PapillonOhger|spa|1\n|-boost|p1a: PapillonOhger|spd|1\n|-boost|p1a: PapillonOhger|spe|1\n|\n|upkeep\n|turn|2\n|\n|t:|1700235894\n|-terastallize|p1a: PapillonOhger|Water\n|move|p2a: Latias|Mystical Fire|p1a: PapillonOhger\n|-resisted|p1a: PapillonOhger\n|-damage|p1a: PapillonOhger|18\/100\n|-unboost|p1a: PapillonOhger|spa|1\n|move|p1a: PapillonOhger|Ice Beam|p2a: Latias\n|-supereffective|p2a: Latias\n|-damage|p2a: Latias|48\/100\n|\n|upkeep\n|turn|3\n|\n|t:|1700235905\n|move|p2a: Latias|Psychic|p1a: PapillonOhger\n|-damage|p1a: PapillonOhger|0 fnt\n|faint|p1a: PapillonOhger\n|\n|upkeep\n|\n|t:|1700235910\n|switch|p1a: Ninja Black|Greninja, M, shiny|100\/100\n|turn|4\n|\n|t:|1700235916\n|move|p1a: Ninja Black|Ice Beam|p2a: Latias\n|-start|p1a: Ninja Black|typechange|Ice|[from] ability: Protean\n|-supereffective|p2a: Latias\n|-damage|p2a: Latias|0 fnt\n|faint|p2a: Latias\n|\n|upkeep\n|\n|t:|1700235923\n|switch|p2a: Medicham|Medicham, M|100\/100\n|turn|5\n|\n|t:|1700235928\n|switch|p1a: Onisister|Ogerpon-Cornerstone, F|100\/100\n|move|p2a: Medicham|Close Combat|p1a: Onisister\n|-supereffective|p1a: Onisister\n|-ability|p1a: Onisister|Sturdy\n|-damage|p1a: Onisister|1\/100\n|-unboost|p2a: Medicham|def|1\n|-unboost|p2a: Medicham|spd|1\n|\n|upkeep\n|turn|6\n|\n|t:|1700235939\n|move|p1a: Onisister|Spiky Shield|p1a: Onisister\n|-singleturn|p1a: Onisister|move: Protect\n|move|p2a: Medicham|Close Combat|p1a: Onisister\n|-activate|p1a: Onisister|move: Protect\n|-damage|p2a: Medicham|88\/100|[from] Spiky Shield|[of] p1a: Onisister\n|\n|upkeep\n|turn|7\n|inactive|Battle timer is ON: inactive players will automatically lose when time's up. (requested by Pawelko)\n|inactive|KyosukeKamijou has 120 seconds left.\n|inactive|KyosukeKamijou has 90 seconds left.\n|c|\u2606Pawelko|nie spij kurwa\n|inactive|KyosukeKamijou has 60 seconds left.\n|\n|t:|1700236122\n|move|p2a: Medicham|Close Combat|p1a: Onisister\n|-supereffective|p1a: Onisister\n|-damage|p1a: Onisister|0 fnt\n|-unboost|p2a: Medicham|def|1\n|-unboost|p2a: Medicham|spd|1\n|faint|p1a: Onisister\n|\n|upkeep\n|\n|t:|1700236130\n|switch|p1a: Ryuranger|Kommo-o, M|100\/100\n|turn|8\n|\n|t:|1700236137\n|move|p2a: Medicham|Close Combat|p1a: Ryuranger\n|-damage|p1a: Ryuranger|21\/100\n|-unboost|p2a: Medicham|def|1\n|-unboost|p2a: Medicham|spd|1\n|-zpower|p1a: Ryuranger\n|move|p1a: Ryuranger|Clangorous Soulblaze|p2a: Medicham|[zeffect]\n|-damage|p2a: Medicham|0 fnt\n|faint|p2a: Medicham\n|-boost|p1a: Ryuranger|atk|1\n|-boost|p1a: Ryuranger|def|1\n|-boost|p1a: Ryuranger|spa|1\n|-boost|p1a: Ryuranger|spd|1\n|-boost|p1a: Ryuranger|spe|1\n|\n|upkeep\n|\n|t:|1700236147\n|switch|p2a: Alakazam|Alakazam, F|100\/100\n|turn|9\n|inactive|KyosukeKamijou has 120 seconds left.\n|\n|t:|1700236155\n|move|p1a: Ryuranger|Clanging Scales|p2a: Alakazam\n|-enditem|p2a: Alakazam|Focus Sash\n|-damage|p2a: Alakazam|1\/100\n|-unboost|p1a: Ryuranger|def|1\n|move|p2a: Alakazam|Psyshock|p1a: Ryuranger\n|-supereffective|p1a: Ryuranger\n|-damage|p1a: Ryuranger|0 fnt\n|faint|p1a: Ryuranger\n|\n|upkeep\n|inactive|KyosukeKamijou has 120 seconds left.\n|\n|t:|1700236165\n|switch|p1a: Ninja Black|Greninja, M, shiny|100\/100\n|turn|10\n|\n|t:|1700236172\n|move|p1a: Ninja Black|Dark Pulse|p2a: Alakazam\n|-start|p1a: Ninja Black|typechange|Dark|[from] ability: Protean\n|-supereffective|p2a: Alakazam\n|-damage|p2a: Alakazam|0 fnt\n|faint|p2a: Alakazam\n|\n|upkeep\n|\n|t:|1700236182\n|switch|p2a: Braviary|Braviary-Hisui, M|100\/100\n|turn|11\n|\n|t:|1700236185\n|move|p1a: Ninja Black|Dark Pulse|p2a: Braviary\n|-supereffective|p2a: Braviary\n|-damage|p2a: Braviary|0 fnt\n|faint|p2a: Braviary\n|\n|upkeep\n|\n|t:|1700236188\n|switch|p2a: Espeon|Espeon, M|100\/100\n|turn|12\n|\n|t:|1700236191\n|move|p1a: Ninja Black|Dark Pulse|p2a: Espeon\n|-supereffective|p2a: Espeon\n|-damage|p2a: Espeon|0 fnt\n|faint|p2a: Espeon\n|\n|upkeep\n|-message|Pawelko forfeited.\n|\n|win|KyosukeKamijou\n|raw|KyosukeKamijou's rating: 1259 &rarr; <strong>1279<\/strong><br \/>(+20 for winning)\n|raw|Pawelko's rating: 1184 &rarr; <strong>1164<\/strong><br \/>(-20 for losing)\n|l|\u2606Pawelko\n","uploadtime":1700236201,"views":8,"p1id":"kyosukekamijou","p2id":"pawelko","formatid":"gen9nationaldex","rating":1164,"private":0,"password":""}