{"id":"gen9nationaldex-1998979854","p1":"David 521","p2":"NeverGP","format":"[Gen 9] National Dex","log":"|html|<div class=\"broadcast-blue\"><strong>[Gen 9] National Dex is currently suspecting Sneasler! For information on how to participate check out the <a href=\"https:\/\/www.smogon.com\/forums\/threads\/sv-national-dex-suspect-8-just-dance.3731534\/\">suspect thread<\/a>.<\/strong><\/div>\n|j|\u2606David 521\n|j|\u2606NeverGP\n|t:|1701020237\n|gametype|singles\n|player|p1|David 521|giovanni|1503\n|player|p2|NeverGP|102|1438\n|teamsize|p1|6\n|teamsize|p2|6\n|gen|9\n|tier|[Gen 9] National Dex\n|rated|\n|rule|HP Percentage Mod: HP is shown in percentages\n|rule|Endless Battle Clause: Forcing endless battles is banned\n|rule|OHKO Clause: OHKO moves are banned\n|rule|Evasion Clause: Evasion abilities, items, and moves are banned\n|rule|Evasion Abilities Clause: Evasion abilities are banned\n|rule|Evasion Items Clause: Evasion items are banned\n|rule|Evasion Moves Clause: Evasion moves are banned\n|rule|Species Clause: Limit one of each Pok\u00e9mon\n|rule|Sleep Clause Mod: Limit one foe put to sleep\n|clearpoke\n|poke|p1|Toxapex, M|\n|poke|p1|Sableye, M|\n|poke|p1|Chansey, F|\n|poke|p1|Moltres|\n|poke|p1|Ferrothorn, F|\n|poke|p1|Garganacl, F|\n|poke|p2|Banette, F|\n|poke|p2|Slowking-Galar, F|\n|poke|p2|Garganacl, M|\n|poke|p2|Great Tusk|\n|poke|p2|Tapu Bulu|\n|poke|p2|Skarmory, M|\n|teampreview\n|inactive|Battle timer is ON: inactive players will automatically lose when time's up. (requested by David 521)\n|\n|t:|1701020248\n|start\n|switch|p1a: Sableye|Sableye, M|100\/100\n|switch|p2a: Garganacl|Garganacl, M|100\/100\n|turn|1\n|\n|t:|1701020255\n|detailschange|p1a: Sableye|Sableye-Mega, M\n|-mega|p1a: Sableye|Sableye|Sablenite\n|move|p2a: Garganacl|Salt Cure|p1a: Sableye\n|-damage|p1a: Sableye|88\/100\n|-start|p1a: Sableye|Salt Cure\n|move|p1a: Sableye|Knock Off|p2a: Garganacl\n|-damage|p2a: Garganacl|82\/100\n|-enditem|p2a: Garganacl|Leftovers|[from] move: Knock Off|[of] p1a: Sableye\n|\n|-damage|p1a: Sableye|76\/100|[from] Salt Cure\n|upkeep\n|turn|2\n|\n|t:|1701020266\n|switch|p1a: Chansey|Chansey, F|100\/100\n|move|p2a: Garganacl|Salt Cure|p1a: Chansey\n|-damage|p1a: Chansey|91\/100\n|-start|p1a: Chansey|Salt Cure\n|\n|-damage|p1a: Chansey|78\/100|[from] Salt Cure\n|upkeep\n|turn|3\n|\n|t:|1701020273\n|move|p2a: Garganacl|Salt Cure|p1a: Chansey\n|-damage|p1a: Chansey|69\/100\n|move|p1a: Chansey|Counter|p2a: Garganacl\n|-damage|p2a: Garganacl|49\/100\n|\n|-damage|p1a: Chansey|56\/100|[from] Salt Cure\n|upkeep\n|turn|4\n|\n|t:|1701020280\n|move|p1a: Chansey|Soft-Boiled|p1a: Chansey\n|-heal|p1a: Chansey|100\/100\n|move|p2a: Garganacl|Stealth Rock|p1a: Chansey\n|-sidestart|p1: David 521|move: Stealth Rock\n|\n|-damage|p1a: Chansey|88\/100|[from] Salt Cure\n|upkeep\n|turn|5\n|\n|t:|1701020294\n|switch|p1a: Ferrothorn|Ferrothorn, F|100\/100\n|-damage|p1a: Ferrothorn|94\/100|[from] Stealth Rock\n|move|p2a: Garganacl|Salt Cure|p1a: Ferrothorn\n|-resisted|p1a: Ferrothorn\n|-damage|p1a: Ferrothorn|90\/100\n|-start|p1a: Ferrothorn|Salt Cure\n|\n|-heal|p1a: Ferrothorn|97\/100|[from] item: Leftovers\n|-damage|p1a: Ferrothorn|72\/100|[from] Salt Cure\n|upkeep\n|turn|6\n|\n|t:|1701020305\n|move|p2a: Garganacl|Recover|p2a: Garganacl\n|-heal|p2a: Garganacl|99\/100\n|move|p1a: Ferrothorn|Stealth Rock|p2a: Garganacl\n|-sidestart|p2: NeverGP|move: Stealth Rock\n|\n|-heal|p1a: Ferrothorn|78\/100|[from] item: Leftovers\n|-damage|p1a: Ferrothorn|53\/100|[from] Salt Cure\n|upkeep\n|turn|7\n|\n|t:|1701020312\n|move|p2a: Garganacl|Salt Cure|p1a: Ferrothorn\n|-resisted|p1a: Ferrothorn\n|-damage|p1a: Ferrothorn|49\/100\n|move|p1a: Ferrothorn|Leech Seed|p2a: Garganacl|[miss]\n|-miss|p1a: Ferrothorn|p2a: Garganacl\n|\n|-heal|p1a: Ferrothorn|55\/100|[from] item: Leftovers\n|-damage|p1a: Ferrothorn|30\/100|[from] Salt Cure\n|upkeep\n|turn|8\n|\n|t:|1701020320\n|switch|p1a: Chansey|Chansey, F|88\/100\n|-damage|p1a: Chansey|76\/100|[from] Stealth Rock\n|move|p2a: Garganacl|Protect||[still]\n|-fail|p2a: Garganacl\n|\n|upkeep\n|turn|9\n|\n|t:|1701020330\n|switch|p2a: Great Tusk|Great Tusk|100\/100\n|-damage|p2a: Great Tusk|98\/100|[from] Stealth Rock\n|move|p1a: Chansey|Counter||[still]\n|-fail|p1a: Chansey\n|\n|upkeep\n|turn|10\n|\n|t:|1701020338\n|switch|p1a: Moltres|Moltres|100\/100\n|-ability|p1a: Moltres|Pressure\n|move|p2a: Great Tusk|Headlong Rush|p1a: Moltres\n|-immune|p1a: Moltres\n|\n|upkeep\n|turn|11\n|\n|t:|1701020349\n|-zpower|p2a: Great Tusk\n|move|p2a: Great Tusk|Continental Crush|p1a: Moltres|[zeffect]\n|-supereffective|p1a: Moltres\n|-damage|p1a: Moltres|0 fnt\n|faint|p1a: Moltres\n|\n|upkeep\n|\n|t:|1701020357\n|switch|p1a: Sableye|Sableye-Mega, M|76\/100\n|-damage|p1a: Sableye|64\/100|[from] Stealth Rock\n|turn|12\n|\n|t:|1701020361\n|-end|p2a: Great Tusk|Protosynthesis|[silent]\n|switch|p2a: Garganacl|Garganacl, M|99\/100\n|-damage|p2a: Garganacl|86\/100|[from] Stealth Rock\n|move|p1a: Sableye|Will-O-Wisp|p2a: Garganacl\n|-immune|p2a: Garganacl|[from] ability: Purifying Salt\n|\n|upkeep\n|turn|13\n|\n|t:|1701020379\n|move|p2a: Garganacl|Salt Cure|p1a: Sableye\n|-damage|p1a: Sableye|52\/100\n|-start|p1a: Sableye|Salt Cure\n|move|p1a: Sableye|Recover|p1a: Sableye\n|-heal|p1a: Sableye|100\/100\n|\n|-damage|p1a: Sableye|88\/100|[from] Salt Cure\n|upkeep\n|turn|14\n|\n|t:|1701020385\n|switch|p1a: Toxapex|Toxapex, M|100\/100\n|-damage|p1a: Toxapex|88\/100|[from] Stealth Rock\n|move|p2a: Garganacl|Salt Cure|p1a: Toxapex\n|-damage|p1a: Toxapex|79\/100\n|-start|p1a: Toxapex|Salt Cure\n|\n|-heal|p1a: Toxapex|85\/100|[from] item: Leftovers\n|-damage|p1a: Toxapex|60\/100|[from] Salt Cure\n|upkeep\n|turn|15\n|\n|t:|1701020394\n|switch|p1a: Chansey|Chansey, F|76\/100\n|-damage|p1a: Chansey|63\/100|[from] Stealth Rock\n|switch|p2a: Slowking|Slowking-Galar, F|100\/100\n|\n|upkeep\n|turn|16\n|\n|t:|1701020401\n|move|p1a: Chansey|Soft-Boiled|p1a: Chansey\n|-heal|p1a: Chansey|100\/100\n|move|p2a: Slowking|Future Sight|p1a: Chansey\n|-start|p2a: Slowking|move: Future Sight\n|\n|upkeep\n|turn|17\n|\n|t:|1701020405\n|switch|p1a: Ferrothorn|Ferrothorn, F|30\/100\n|-damage|p1a: Ferrothorn|24\/100|[from] Stealth Rock\n|move|p2a: Slowking|Chilly Reception|p2a: Slowking\n|-weather|Snow\n|\n|t:|1701020417\n|switch|p2a: Great Tusk|Great Tusk|98\/100|[from] Chilly Reception\n|-damage|p2a: Great Tusk|95\/100|[from] Stealth Rock\n|\n|-weather|Snow|[upkeep]\n|-heal|p1a: Ferrothorn|30\/100|[from] item: Leftovers\n|upkeep\n|turn|18\n|\n|t:|1701020422\n|move|p2a: Great Tusk|Headlong Rush|p1a: Ferrothorn\n|-damage|p1a: Ferrothorn|0 fnt\n|-unboost|p2a: Great Tusk|def|1\n|-unboost|p2a: Great Tusk|spd|1\n|-damage|p2a: Great Tusk|82\/100|[from] ability: Iron Barbs|[of] p1a: Ferrothorn\n|faint|p1a: Ferrothorn\n|\n|-weather|Snow|[upkeep]\n|-hint|Future Sight did not hit because the target is fainted.\n|upkeep\n|\n|t:|1701020425\n|switch|p1a: Garganacl|Garganacl, F|100\/100\n|-damage|p1a: Garganacl|88\/100|[from] Stealth Rock\n|turn|19\n|\n|t:|1701020431\n|-terastallize|p1a: Garganacl|Fairy\n|move|p2a: Great Tusk|Rapid Spin|p1a: Garganacl\n|-damage|p1a: Garganacl|75\/100\n|-boost|p2a: Great Tusk|spe|1\n|-sideend|p2: NeverGP|Stealth Rock|[from] move: Rapid Spin|[of] p2a: Great Tusk\n|move|p1a: Garganacl|Iron Defense|p1a: Garganacl\n|-boost|p1a: Garganacl|def|2\n|\n|-weather|Snow|[upkeep]\n|-heal|p1a: Garganacl|82\/100|[from] item: Leftovers\n|upkeep\n|turn|20\n|\n|t:|1701020439\n|-end|p2a: Great Tusk|Protosynthesis|[silent]\n|switch|p2a: Banette|Banette, F|100\/100\n|-item|p1a: Garganacl|Leftovers|[from] ability: Frisk|[of] p2a: Banette|[identify]\n|move|p1a: Garganacl|Iron Defense|p1a: Garganacl\n|-boost|p1a: Garganacl|def|2\n|\n|-weather|Snow|[upkeep]\n|-heal|p1a: Garganacl|88\/100|[from] item: Leftovers\n|upkeep\n|turn|21\n|\n|t:|1701020445\n|detailschange|p2a: Banette|Banette-Mega, F\n|-mega|p2a: Banette|Banette|Banettite\n|move|p2a: Banette|Encore|p1a: Garganacl\n|-start|p1a: Garganacl|Encore\n|move|p1a: Garganacl|Iron Defense|p1a: Garganacl\n|-boost|p1a: Garganacl|def|2\n|\n|-weather|none\n|-heal|p1a: Garganacl|94\/100|[from] item: Leftovers\n|upkeep\n|turn|22\n|\n|t:|1701020462\n|switch|p2a: Great Tusk|Great Tusk|82\/100\n|switch|p1a: Chansey|Chansey, F|100\/100\n|-damage|p1a: Chansey|88\/100|[from] Stealth Rock\n|\n|upkeep\n|turn|23\n|\n|t:|1701020471\n|switch|p1a: Sableye|Sableye-Mega, M|88\/100\n|-damage|p1a: Sableye|76\/100|[from] Stealth Rock\n|move|p2a: Great Tusk|Close Combat|p1a: Sableye\n|-immune|p1a: Sableye\n|\n|upkeep\n|turn|24\n|\n|t:|1701020478\n|-end|p2a: Great Tusk|Protosynthesis|[silent]\n|switch|p2a: Garganacl|Garganacl, M|86\/100\n|move|p1a: Sableye|Will-O-Wisp|p2a: Garganacl\n|-immune|p2a: Garganacl|[from] ability: Purifying Salt\n|\n|upkeep\n|turn|25\n|\n|t:|1701020483\n|move|p2a: Garganacl|Salt Cure|p1a: Sableye\n|-crit|p1a: Sableye\n|-damage|p1a: Sableye|58\/100\n|-start|p1a: Sableye|Salt Cure\n|move|p1a: Sableye|Knock Off|p2a: Garganacl\n|-crit|p2a: Garganacl\n|-damage|p2a: Garganacl|67\/100\n|\n|-damage|p1a: Sableye|46\/100|[from] Salt Cure\n|upkeep\n|turn|26\n|\n|t:|1701020505\n|switch|p2a: Slowking|Slowking-Galar, F|100\/100\n|move|p1a: Sableye|Recover|p1a: Sableye\n|-heal|p1a: Sableye|96\/100\n|\n|-damage|p1a: Sableye|84\/100|[from] Salt Cure\n|upkeep\n|turn|27\n|\n|t:|1701020514\n|move|p1a: Sableye|Knock Off|p2a: Slowking\n|-supereffective|p2a: Slowking\n|-damage|p2a: Slowking|39\/100\n|-enditem|p2a: Slowking|Heavy-Duty Boots|[from] move: Knock Off|[of] p1a: Sableye\n|move|p2a: Slowking|Future Sight|p1a: Sableye\n|-start|p2a: Slowking|move: Future Sight\n|\n|-damage|p1a: Sableye|72\/100|[from] Salt Cure\n|upkeep\n|turn|28\n|\n|t:|1701020532\n|switch|p1a: Chansey|Chansey, F|88\/100\n|-damage|p1a: Chansey|76\/100|[from] Stealth Rock\n|switch|p2a: Garganacl|Garganacl, M|67\/100\n|\n|upkeep\n|turn|29\n|\n|t:|1701020539\n|move|p2a: Garganacl|Salt Cure|p1a: Chansey\n|-damage|p1a: Chansey|66\/100\n|-start|p1a: Chansey|Salt Cure\n|move|p1a: Chansey|Counter|p2a: Garganacl\n|-damage|p2a: Garganacl|33\/100\n|\n|-end|p1a: Chansey|move: Future Sight\n|-damage|p1a: Chansey|51\/100\n|-damage|p1a: Chansey|39\/100|[from] Salt Cure\n|upkeep\n|turn|30\n|\n|t:|1701020550\n|move|p1a: Chansey|Seismic Toss|p2a: Garganacl\n|-damage|p2a: Garganacl|8\/100\n|move|p2a: Garganacl|Recover|p2a: Garganacl\n|-heal|p2a: Garganacl|58\/100\n|\n|-damage|p1a: Chansey|27\/100|[from] Salt Cure\n|upkeep\n|turn|31\n|\n|t:|1701020560\n|switch|p2a: Great Tusk|Great Tusk|82\/100\n|move|p1a: Chansey|Soft-Boiled|p1a: Chansey\n|-heal|p1a: Chansey|77\/100\n|\n|-damage|p1a: Chansey|64\/100|[from] Salt Cure\n|upkeep\n|turn|32\n|\n|t:|1701020572\n|move|p2a: Great Tusk|Headlong Rush|p1a: Chansey\n|-damage|p1a: Chansey|22\/100\n|-unboost|p2a: Great Tusk|def|1\n|-unboost|p2a: Great Tusk|spd|1\n|move|p1a: Chansey|Counter|p2a: Great Tusk\n|-damage|p2a: Great Tusk|0 fnt\n|faint|p2a: Great Tusk\n|-end|p2a: Great Tusk|Protosynthesis|[silent]\n|\n|-damage|p1a: Chansey|9\/100|[from] Salt Cure\n|upkeep\n|\n|t:|1701020579\n|switch|p2a: Tapu Bulu|Tapu Bulu, shiny|100\/100\n|-fieldstart|move: Grassy Terrain|[from] ability: Grassy Surge|[of] p2a: Tapu Bulu\n|turn|33\n|\n|t:|1701020592\n|move|p2a: Tapu Bulu|Horn Leech|p1a: Chansey\n|-damage|p1a: Chansey|0 fnt\n|faint|p1a: Chansey\n|\n|upkeep\n|\n|t:|1701020595\n|switch|p1a: Toxapex|Toxapex, M|94\/100\n|-damage|p1a: Toxapex|81\/100|[from] Stealth Rock\n|turn|34\n|\n|t:|1701020601\n|switch|p2a: Slowking|Slowking-Galar, F|72\/100\n|move|p1a: Toxapex|Toxic|p2a: Slowking\n|-immune|p2a: Slowking\n|\n|-heal|p1a: Toxapex|87\/100|[from] Grassy Terrain\n|-heal|p1a: Toxapex|93\/100|[from] item: Leftovers\n|-heal|p2a: Slowking|78\/100|[from] Grassy Terrain\n|upkeep\n|turn|35\n|\n|t:|1701020609\n|move|p1a: Toxapex|Scald|p2a: Slowking\n|-damage|p2a: Slowking|68\/100\n|move|p2a: Slowking|Chilly Reception|p2a: Slowking\n|-weather|Snow\n|\n|t:|1701020622\n|switch|p2a: Garganacl|Garganacl, M|58\/100|[from] Chilly Reception\n|\n|-weather|Snow|[upkeep]\n|-heal|p2a: Garganacl|64\/100|[from] Grassy Terrain\n|-heal|p1a: Toxapex|99\/100|[from] Grassy Terrain\n|-heal|p1a: Toxapex|100\/100|[from] item: Leftovers\n|upkeep\n|turn|36\n|\n|t:|1701020629\n|switch|p1a: Garganacl|Garganacl, F, tera:Fairy|94\/100\n|-damage|p1a: Garganacl|82\/100|[from] Stealth Rock\n|move|p2a: Garganacl|Salt Cure|p1a: Garganacl\n|-damage|p1a: Garganacl|72\/100\n|-start|p1a: Garganacl|Salt Cure\n|\n|-weather|Snow|[upkeep]\n|-heal|p2a: Garganacl|70\/100|[from] Grassy Terrain\n|-heal|p1a: Garganacl|78\/100|[from] Grassy Terrain\n|-heal|p1a: Garganacl|84\/100|[from] item: Leftovers\n|-damage|p1a: Garganacl|72\/100|[from] Salt Cure\n|upkeep\n|turn|37\n|\n|t:|1701020637\n|switch|p2a: Skarmory|Skarmory, M|100\/100\n|move|p1a: Garganacl|Salt Cure|p2a: Skarmory\n|-damage|p2a: Skarmory|86\/100\n|-ability|p2a: Skarmory|Weak Armor|boost\n|-unboost|p2a: Skarmory|def|1\n|-boost|p2a: Skarmory|spe|2\n|\n|-weather|Snow|[upkeep]\n|-heal|p1a: Garganacl|78\/100|[from] Grassy Terrain\n|-heal|p1a: Garganacl|84\/100|[from] item: Leftovers\n|-damage|p1a: Garganacl|72\/100|[from] Salt Cure\n|-fieldend|move: Grassy Terrain\n|upkeep\n|turn|38\n|\n|t:|1701020647\n|switch|p1a: Toxapex|Toxapex, M|100\/100\n|-damage|p1a: Toxapex|88\/100|[from] Stealth Rock\n|move|p2a: Skarmory|Swords Dance|p2a: Skarmory\n|-boost|p2a: Skarmory|atk|2\n|\n|-weather|Snow|[upkeep]\n|-heal|p1a: Toxapex|94\/100|[from] item: Leftovers\n|upkeep\n|turn|39\n|\n|t:|1701020656\n|move|p2a: Skarmory|Brave Bird|p1a: Toxapex\n|-damage|p1a: Toxapex|39\/100\n|-damage|p2a: Skarmory|66\/100|[from] Recoil\n|move|p1a: Toxapex|Scald|p2a: Skarmory\n|-damage|p2a: Skarmory|40\/100\n|\n|-weather|none\n|-heal|p1a: Toxapex|45\/100|[from] item: Leftovers\n|upkeep\n|turn|40\n|\n|t:|1701020666\n|switch|p1a: Sableye|Sableye-Mega, M|72\/100\n|-damage|p1a: Sableye|60\/100|[from] Stealth Rock\n|move|p2a: Skarmory|Brave Bird|p1a: Sableye\n|-damage|p1a: Sableye|0 fnt\n|faint|p1a: Sableye\n|-damage|p2a: Skarmory|18\/100|[from] Recoil\n|\n|upkeep\n|\n|t:|1701020668\n|switch|p1a: Toxapex|Toxapex, M|78\/100\n|-damage|p1a: Toxapex|66\/100|[from] Stealth Rock\n|turn|41\n|\n|t:|1701020684\n|move|p2a: Skarmory|Roost|p2a: Skarmory\n|-heal|p2a: Skarmory|68\/100\n|-singleturn|p2a: Skarmory|move: Roost\n|move|p1a: Toxapex|Haze|p1a: Toxapex\n|-clearallboost\n|\n|-heal|p1a: Toxapex|72\/100|[from] item: Leftovers\n|upkeep\n|turn|42\n|\n|t:|1701020693\n|switch|p2a: Slowking|Slowking-Galar, F|100\/100\n|move|p1a: Toxapex|Scald|p2a: Slowking\n|-damage|p2a: Slowking|90\/100\n|\n|-heal|p1a: Toxapex|78\/100|[from] item: Leftovers\n|upkeep\n|turn|43\n|\n|t:|1701020700\n|move|p1a: Toxapex|Scald|p2a: Slowking\n|-damage|p2a: Slowking|80\/100\n|move|p2a: Slowking|Future Sight|p1a: Toxapex\n|-start|p2a: Slowking|move: Future Sight\n|\n|-heal|p1a: Toxapex|84\/100|[from] item: Leftovers\n|upkeep\n|turn|44\n|\n|t:|1701020706\n|move|p1a: Toxapex|Scald|p2a: Slowking\n|-damage|p2a: Slowking|71\/100\n|-status|p2a: Slowking|brn\n|move|p2a: Slowking|Fire Blast|p1a: Toxapex\n|-resisted|p1a: Toxapex\n|-crit|p1a: Toxapex\n|-damage|p1a: Toxapex|68\/100\n|-status|p1a: Toxapex|brn\n|\n|-heal|p1a: Toxapex|74\/100 brn|[from] item: Leftovers\n|-damage|p1a: Toxapex|68\/100 brn|[from] brn\n|-damage|p2a: Slowking|65\/100 brn|[from] brn\n|upkeep\n|turn|45\n|\n|t:|1701020719\n|move|p1a: Toxapex|Scald|p2a: Slowking\n|-damage|p2a: Slowking|55\/100 brn\n|move|p2a: Slowking|Sludge Bomb|p1a: Toxapex\n|-resisted|p1a: Toxapex\n|-damage|p1a: Toxapex|54\/100 brn\n|\n|-end|p1a: Toxapex|move: Future Sight\n|-supereffective|p1a: Toxapex\n|-damage|p1a: Toxapex|0 fnt\n|faint|p1a: Toxapex\n|-damage|p2a: Slowking|49\/100 brn|[from] brn\n|upkeep\n|\n|t:|1701020723\n|switch|p1a: Garganacl|Garganacl, F, tera:Fairy|72\/100\n|-damage|p1a: Garganacl|59\/100|[from] Stealth Rock\n|turn|46\n|\n|t:|1701020731\n|move|p1a: Garganacl|Salt Cure|p2a: Slowking\n|-damage|p2a: Slowking|33\/100 brn\n|-start|p2a: Slowking|Salt Cure\n|move|p2a: Slowking|Sludge Bomb|p1a: Garganacl\n|-supereffective|p1a: Garganacl\n|-damage|p1a: Garganacl|13\/100\n|\n|-heal|p1a: Garganacl|19\/100|[from] item: Leftovers\n|-damage|p2a: Slowking|27\/100 brn|[from] brn\n|-damage|p2a: Slowking|15\/100 brn|[from] Salt Cure\n|upkeep\n|turn|47\n|\n|t:|1701020742\n|move|p1a: Garganacl|Recover|p1a: Garganacl\n|-heal|p1a: Garganacl|69\/100\n|move|p2a: Slowking|Sludge Bomb|p1a: Garganacl\n|-supereffective|p1a: Garganacl\n|-damage|p1a: Garganacl|21\/100\n|\n|-heal|p1a: Garganacl|27\/100|[from] item: Leftovers\n|-damage|p2a: Slowking|9\/100 brn|[from] brn\n|-damage|p2a: Slowking|0 fnt|[from] Salt Cure\n|faint|p2a: Slowking\n|upkeep\n|-message|David 521 forfeited.\n|\n|win|NeverGP\n|raw|David 521's rating: 1503 &rarr; <strong>1479<\/strong><br \/>(-24 for losing)\n|raw|NeverGP's rating: 1438 &rarr; <strong>1462<\/strong><br \/>(+24 for winning)\n|l|\u2606David 521\n","uploadtime":1701020761,"views":7,"p1id":"david521","p2id":"nevergp","formatid":"gen9nationaldex","rating":1462,"private":0,"password":""}