{"id":"gen9nationaldex-1993263562","p1":"Gonedour","p2":"Marty1010","format":"[Gen 9] National Dex","log":"|j|\u2606Gonedour\n|j|\u2606Marty1010\n|t:|1700286407\n|gametype|singles\n|player|p1|Gonedour|piers|1179\n|player|p2|Marty1010|crasherwake|1223\n|teamsize|p1|6\n|teamsize|p2|6\n|gen|9\n|tier|[Gen 9] National Dex\n|rated|\n|rule|HP Percentage Mod: HP is shown in percentages\n|rule|Endless Battle Clause: Forcing endless battles is banned\n|rule|OHKO Clause: OHKO moves are banned\n|rule|Evasion Clause: Evasion abilities, items, and moves are banned\n|rule|Evasion Abilities Clause: Evasion abilities are banned\n|rule|Evasion Items Clause: Evasion items are banned\n|rule|Evasion Moves Clause: Evasion moves are banned\n|rule|Species Clause: Limit one of each Pok\u00e9mon\n|rule|Sleep Clause Mod: Limit one foe put to sleep\n|clearpoke\n|poke|p1|Skeledirge, M|\n|poke|p1|Dusclops, F|\n|poke|p1|Houndoom, M|\n|poke|p1|Marowak-Alola, M|\n|poke|p1|Zoroark, M|\n|poke|p1|Cursola, M|\n|poke|p2|Slowbro, M|\n|poke|p2|Lucario, M|\n|poke|p2|Glimmora, F|\n|poke|p2|Gliscor, F|\n|poke|p2|Milotic, F|\n|poke|p2|Umbreon, M|\n|teampreview\n|\n|t:|1700286423\n|start\n|switch|p1a: Skirt|Marowak-Alola, M|100\/100\n|switch|p2a: Mari|Glimmora, F|100\/100\n|turn|1\n|\n|t:|1700286429\n|move|p2a: Mari|Toxic|p1a: Skirt\n|-status|p1a: Skirt|tox\n|move|p1a: Skirt|Flame Charge|p2a: Mari\n|-resisted|p2a: Mari\n|-damage|p2a: Mari|76\/100\n|-boost|p1a: Skirt|spe|1\n|\n|-damage|p1a: Skirt|94\/100 tox|[from] psn\n|upkeep\n|turn|2\n|\n|t:|1700286449\n|switch|p2a: Max|Umbreon, M|100\/100\n|move|p1a: Skirt|Bonemerang|p2a: Max\n|-damage|p2a: Max|80\/100\n|-damage|p2a: Max|59\/100\n|-hitcount|p2a: Max|2\n|\n|-heal|p2a: Max|65\/100|[from] item: Leftovers\n|-damage|p1a: Skirt|82\/100 tox|[from] psn\n|upkeep\n|turn|3\n|\n|t:|1700286480\n|-terastallize|p1a: Skirt|Ground\n|move|p1a: Skirt|Bonemerang|p2a: Max\n|-damage|p2a: Max|35\/100\n|-damage|p2a: Max|3\/100\n|-hitcount|p2a: Max|2\n|move|p2a: Max|Wish|p2a: Max\n|\n|-heal|p2a: Max|9\/100|[from] item: Leftovers\n|-damage|p1a: Skirt|64\/100 tox|[from] psn\n|upkeep\n|turn|4\n|\n|t:|1700286489\n|move|p2a: Max|Protect|p2a: Max\n|-singleturn|p2a: Max|Protect\n|move|p1a: Skirt|Flame Charge|p2a: Max\n|-activate|p2a: Max|move: Protect\n|\n|-heal|p2a: Max|59\/100|[from] move: Wish|[wisher] Max\n|-heal|p2a: Max|65\/100|[from] item: Leftovers\n|-damage|p1a: Skirt|39\/100 tox|[from] psn\n|upkeep\n|turn|5\n|\n|t:|1700286499\n|move|p1a: Skirt|Bonemerang|p2a: Max\n|-damage|p2a: Max|36\/100\n|-damage|p2a: Max|7\/100\n|-hitcount|p2a: Max|2\n|move|p2a: Max|Wish|p2a: Max\n|\n|-heal|p2a: Max|13\/100|[from] item: Leftovers\n|-damage|p1a: Skirt|9\/100 tox|[from] psn\n|upkeep\n|turn|6\n|\n|t:|1700286507\n|move|p2a: Max|Protect|p2a: Max\n|-singleturn|p2a: Max|Protect\n|move|p1a: Skirt|Bonemerang|p2a: Max\n|-activate|p2a: Max|move: Protect\n|\n|-heal|p2a: Max|63\/100|[from] move: Wish|[wisher] Max\n|-heal|p2a: Max|69\/100|[from] item: Leftovers\n|-damage|p1a: Skirt|0 fnt|[from] psn\n|faint|p1a: Skirt\n|upkeep\n|\n|t:|1700286516\n|switch|p1a: Evil eye|Dusclops, F, shiny|100\/100\n|turn|7\n|\n|t:|1700286519\n|move|p1a: Evil eye|Nasty Plot|p1a: Evil eye\n|-boost|p1a: Evil eye|spa|2\n|move|p2a: Max|Toxic|p1a: Evil eye\n|-status|p1a: Evil eye|tox\n|\n|-heal|p2a: Max|75\/100|[from] item: Leftovers\n|-damage|p1a: Evil eye|94\/100 tox|[from] psn\n|upkeep\n|turn|8\n|\n|t:|1700286526\n|move|p1a: Evil eye|Nasty Plot|p1a: Evil eye\n|-boost|p1a: Evil eye|spa|2\n|move|p2a: Max|Wish|p2a: Max\n|\n|-heal|p2a: Max|81\/100|[from] item: Leftovers\n|-damage|p1a: Evil eye|82\/100 tox|[from] psn\n|upkeep\n|turn|9\n|\n|t:|1700286533\n|move|p1a: Evil eye|Flamethrower|p2a: Max\n|-damage|p2a: Max|35\/100\n|move|p2a: Max|Shadow Ball|p1a: Evil eye\n|-resisted|p1a: Evil eye\n|-damage|p1a: Evil eye|69\/100 tox\n|replace|p1a: >;)|Zoroark, M\n|-end|p1a: >;)|Illusion\n|\n|-heal|p2a: Max|85\/100|[from] move: Wish|[wisher] Max\n|-heal|p2a: Max|91\/100|[from] item: Leftovers\n|-damage|p1a: >;)|51\/100 tox|[from] psn\n|upkeep\n|turn|10\n|\n|t:|1700286544\n|move|p1a: >;)|Flamethrower||[still]\n|-damage|p2a: Max|44\/100\n|-status|p2a: Max|brn\n|-activate|p2a: Max|ability: Synchronize\n|-fail|p2a: Max\n|move|p2a: Max|Wish|p2a: Max\n|\n|-heal|p2a: Max|50\/100 brn|[from] item: Leftovers\n|-damage|p1a: >;)|27\/100 tox|[from] psn\n|-damage|p2a: Max|44\/100 brn|[from] brn\n|upkeep\n|turn|11\n|\n|t:|1700286558\n|switch|p1a: Lucy|Houndoom, M|100\/100\n|move|p2a: Max|Protect||[still]\n|-fail|p2a: Max\n|\n|-heal|p2a: Max|94\/100 brn|[from] move: Wish|[wisher] Max\n|-heal|p2a: Max|99\/100 brn|[from] item: Leftovers\n|-damage|p2a: Max|94\/100 brn|[from] brn\n|upkeep\n|turn|12\n|\n|t:|1700286566\n|detailschange|p1a: Lucy|Houndoom-Mega, M\n|-mega|p1a: Lucy|Houndoom|Houndoominite\n|move|p1a: Lucy|Nasty Plot|p1a: Lucy\n|-boost|p1a: Lucy|spa|2\n|move|p2a: Max|Toxic|p1a: Lucy\n|-status|p1a: Lucy|tox\n|\n|-heal|p2a: Max|99\/100 brn|[from] item: Leftovers\n|-damage|p1a: Lucy|94\/100 tox|[from] psn\n|-damage|p2a: Max|94\/100 brn|[from] brn\n|upkeep\n|turn|13\n|\n|t:|1700286576\n|move|p1a: Lucy|Fire Blast|p2a: Max|[miss]\n|-miss|p1a: Lucy|p2a: Max\n|move|p2a: Max|Shadow Ball|p1a: Lucy\n|-resisted|p1a: Lucy\n|-damage|p1a: Lucy|87\/100 tox\n|\n|-heal|p2a: Max|99\/100 brn|[from] item: Leftovers\n|-damage|p1a: Lucy|74\/100 tox|[from] psn\n|-damage|p2a: Max|94\/100 brn|[from] brn\n|upkeep\n|turn|14\n|\n|t:|1700286587\n|move|p1a: Lucy|Fire Blast|p2a: Max\n|-damage|p2a: Max|27\/100 brn\n|move|p2a: Max|Wish|p2a: Max\n|\n|-heal|p2a: Max|33\/100 brn|[from] item: Leftovers\n|-damage|p1a: Lucy|56\/100 tox|[from] psn\n|-damage|p2a: Max|27\/100 brn|[from] brn\n|upkeep\n|turn|15\n|\n|t:|1700286595\n|move|p2a: Max|Protect|p2a: Max\n|-singleturn|p2a: Max|Protect\n|move|p1a: Lucy|Nasty Plot|p1a: Lucy\n|-boost|p1a: Lucy|spa|2\n|\n|-heal|p2a: Max|77\/100 brn|[from] move: Wish|[wisher] Max\n|-heal|p2a: Max|83\/100 brn|[from] item: Leftovers\n|-damage|p1a: Lucy|31\/100 tox|[from] psn\n|-damage|p2a: Max|77\/100 brn|[from] brn\n|upkeep\n|turn|16\n|\n|t:|1700286605\n|move|p1a: Lucy|Fire Blast|p2a: Max\n|-damage|p2a: Max|0 fnt\n|faint|p2a: Max\n|\n|-damage|p1a: Lucy|0 fnt|[from] psn\n|faint|p1a: Lucy\n|upkeep\n|\n|t:|1700286619\n|switch|p1a: We're next <3|Cursola, M, shiny|100\/100\n|switch|p2a: Mari|Glimmora, F|76\/100\n|turn|17\n|\n|t:|1700286626\n|move|p2a: Mari|Toxic|p1a: We're next <3\n|-status|p1a: We're next <3|tox\n|move|p1a: We're next <3|Ice Beam|p2a: Mari\n|-damage|p2a: Mari|37\/100\n|\n|-damage|p1a: We're next <3|94\/100 tox|[from] psn\n|upkeep\n|turn|18\n|\n|t:|1700286635\n|switch|p2a: Slowbro|Slowbro, M|100\/100\n|move|p1a: We're next <3|Ice Beam|p2a: Slowbro\n|-resisted|p2a: Slowbro\n|-damage|p2a: Slowbro|86\/100\n|\n|-heal|p2a: Slowbro|92\/100|[from] item: Leftovers\n|-damage|p1a: We're next <3|82\/100 tox|[from] psn\n|upkeep\n|turn|19\n|\n|t:|1700286645\n|move|p1a: We're next <3|Will-O-Wisp|p2a: Slowbro\n|-status|p2a: Slowbro|brn\n|move|p2a: Slowbro|Scald|p1a: We're next <3\n|-damage|p1a: We're next <3|65\/100 tox\n|\n|-heal|p2a: Slowbro|98\/100 brn|[from] item: Leftovers\n|-damage|p1a: We're next <3|46\/100 tox|[from] psn\n|-damage|p2a: Slowbro|92\/100 brn|[from] brn\n|upkeep\n|turn|20\n|\n|t:|1700286666\n|move|p2a: Slowbro|Scald|p1a: We're next <3\n|-damage|p1a: We're next <3|29\/100 tox\n|move|p1a: We're next <3|Hex|p2a: Slowbro\n|-supereffective|p2a: Slowbro\n|-damage|p2a: Slowbro|0 fnt\n|faint|p2a: Slowbro\n|\n|-damage|p1a: We're next <3|4\/100 tox|[from] psn\n|upkeep\n|\n|t:|1700286675\n|switch|p2a: Marceline|Gliscor, F|100\/100\n|turn|21\n|\n|t:|1700286695\n|switch|p2a: Rio|Lucario, M|100\/100\n|move|p1a: We're next <3|Will-O-Wisp|p2a: Rio\n|-status|p2a: Rio|brn\n|\n|-damage|p1a: We're next <3|0 fnt|[from] psn\n|faint|p1a: We're next <3\n|-damage|p2a: Rio|94\/100 brn|[from] brn\n|upkeep\n|\n|t:|1700286699\n|switch|p1a: Sunday|Skeledirge, M|100\/100\n|turn|22\n|\n|t:|1700286709\n|-terastallize|p2a: Rio|Ghost\n|move|p2a: Rio|Shadow Ball|p1a: Sunday\n|-supereffective|p1a: Sunday\n|-damage|p1a: Sunday|17\/100\n|-enditem|p1a: Sunday|Aguav Berry|[eat]\n|-heal|p1a: Sunday|51\/100|[from] item: Aguav Berry\n|move|p1a: Sunday|Torch Song|p2a: Rio\n|-damage|p2a: Rio|46\/100 brn\n|-boost|p1a: Sunday|spa|1\n|\n|-damage|p2a: Rio|40\/100 brn|[from] brn\n|upkeep\n|turn|23\n|\n|t:|1700286735\n|move|p2a: Rio|Shadow Ball|p1a: Sunday\n|-supereffective|p1a: Sunday\n|-damage|p1a: Sunday|0 fnt\n|faint|p1a: Sunday\n|\n|-damage|p2a: Rio|34\/100 brn|[from] brn\n|upkeep\n|-message|Gonedour forfeited.\n|\n|win|Marty1010\n|raw|Gonedour's rating: 1179 &rarr; <strong>1157<\/strong><br \/>(-22 for losing)\n|raw|Marty1010's rating: 1223 &rarr; <strong>1245<\/strong><br \/>(+22 for winning)\n|l|\u2606Gonedour\n","uploadtime":1700286748,"views":12,"p1id":"gonedour","p2id":"marty1010","formatid":"gen9nationaldex","rating":1157,"private":0,"password":""}