{"id":"gen9nationaldex-1988540920","p1":"Prtbl_Trash","p2":"MyMonkeNeedsBanana","format":"[Gen 9] National Dex","log":"|j|\u2606Prtbl_Trash\n|j|\u203dMyMonkeNeedsBanana\n|t:|1699733993\n|gametype|singles\n|player|p1|Prtbl_Trash|rosa|1374\n|player|p2|MyMonkeNeedsBanana|266|1338\n|teamsize|p1|6\n|teamsize|p2|6\n|gen|9\n|tier|[Gen 9] National Dex\n|rated|\n|rule|HP Percentage Mod: HP is shown in percentages\n|rule|Endless Battle Clause: Forcing endless battles is banned\n|rule|OHKO Clause: OHKO moves are banned\n|rule|Evasion Clause: Evasion abilities, items, and moves are banned\n|rule|Evasion Abilities Clause: Evasion abilities are banned\n|rule|Evasion Items Clause: Evasion items are banned\n|rule|Evasion Moves Clause: Evasion moves are banned\n|rule|Species Clause: Limit one of each Pok\u00e9mon\n|rule|Sleep Clause Mod: Limit one foe put to sleep\n|clearpoke\n|poke|p1|Thundurus-Therian, M|\n|poke|p1|Toxapex, F|\n|poke|p1|Excadrill, M|\n|poke|p1|Skeledirge, M|\n|poke|p1|Meowscarada, F|\n|poke|p1|Lopunny, M|\n|poke|p2|Blissey, F|\n|poke|p2|Toxapex, M|\n|poke|p2|Garganacl, F|\n|poke|p2|Skarmory, F|\n|poke|p2|Clefable, F|\n|poke|p2|Samurott-Hisui, M|\n|teampreview\n|inactive|Battle timer is ON: inactive players will automatically lose when time's up. (requested by MyMonkeNeedsBanana)\n|inactive|Prtbl_Trash also wants the timer to be on.\n|\n|t:|1699734001\n|start\n|switch|p1a: Thundurus|Thundurus-Therian, M|100\/100\n|switch|p2a: Samurott|Samurott-Hisui, M|100\/100\n|turn|1\n|\n|t:|1699734006\n|switch|p2a: Blissey|Blissey, F|100\/100\n|move|p1a: Thundurus|Volt Switch|p2a: Blissey\n|-damage|p2a: Blissey|85\/100\n|\n|t:|1699734011\n|switch|p1a: Lopunny|Lopunny, M|100\/100|[from] Volt Switch\n|\n|-heal|p2a: Blissey|91\/100|[from] item: Leftovers\n|upkeep\n|turn|2\n|\n|t:|1699734017\n|switch|p2a: Toxapex|Toxapex, M|100\/100\n|detailschange|p1a: Lopunny|Lopunny-Mega, M\n|-mega|p1a: Lopunny|Lopunny|Lopunnite\n|move|p1a: Lopunny|Fake Out|p2a: Toxapex\n|-damage|p2a: Toxapex|85\/100\n|\n|-heal|p2a: Toxapex|92\/100|[from] item: Leftovers\n|upkeep\n|turn|3\n|\n|t:|1699734023\n|switch|p1a: Excadrill|Excadrill, M|100\/100\n|move|p2a: Toxapex|Baneful Bunker||[still]\n|-fail|p2a: Toxapex\n|\n|-heal|p2a: Toxapex|98\/100|[from] item: Leftovers\n|upkeep\n|turn|4\n|\n|t:|1699734028\n|switch|p2a: Skarmory|Skarmory, F|100\/100\n|move|p1a: Excadrill|Stealth Rock|p2a: Skarmory\n|-sidestart|p2: MyMonkeNeedsBanana|move: Stealth Rock\n|\n|upkeep\n|turn|5\n|\n|t:|1699734035\n|switch|p1a: Thundurus|Thundurus-Therian, M|100\/100\n|move|p2a: Skarmory|Body Press|p1a: Thundurus\n|-resisted|p1a: Thundurus\n|-damage|p1a: Thundurus|75\/100\n|\n|upkeep\n|turn|6\n|\n|t:|1699734041\n|switch|p2a: Samurott|Samurott-Hisui, M|100\/100\n|-damage|p2a: Samurott|88\/100|[from] Stealth Rock\n|move|p1a: Thundurus|Volt Switch|p2a: Samurott\n|-supereffective|p2a: Samurott\n|-damage|p2a: Samurott|0 fnt\n|faint|p2a: Samurott\n|\n|t:|1699734050\n|switch|p1a: Lopunny|Lopunny-Mega, M|100\/100|[from] Volt Switch\n|\n|upkeep\n|\n|t:|1699734056\n|switch|p2a: Skarmory|Skarmory, F|100\/100\n|-damage|p2a: Skarmory|88\/100|[from] Stealth Rock\n|turn|7\n|\n|t:|1699734060\n|move|p1a: Lopunny|Fake Out|p2a: Skarmory\n|-resisted|p2a: Skarmory\n|-damage|p2a: Skarmory|83\/100\n|cant|p2a: Skarmory|flinch\n|\n|-heal|p2a: Skarmory|89\/100|[from] item: Leftovers\n|upkeep\n|turn|8\n|\n|t:|1699734064\n|move|p1a: Lopunny|U-turn|p2a: Skarmory\n|-resisted|p2a: Skarmory\n|-damage|p2a: Skarmory|85\/100\n|\n|t:|1699734066\n|switch|p1a: Skeledirge|Skeledirge, M|100\/100|[from] U-turn\n|move|p2a: Skarmory|Spikes|p1a: Skeledirge\n|-sidestart|p1: Prtbl_Trash|Spikes\n|\n|-heal|p2a: Skarmory|91\/100|[from] item: Leftovers\n|upkeep\n|turn|9\n|\n|t:|1699734070\n|switch|p2a: Blissey|Blissey, F|91\/100\n|-damage|p2a: Blissey|79\/100|[from] Stealth Rock\n|move|p1a: Skeledirge|Will-O-Wisp|p2a: Blissey\n|-status|p2a: Blissey|brn\n|\n|-heal|p2a: Blissey|85\/100 brn|[from] item: Leftovers\n|-damage|p2a: Blissey|79\/100 brn|[from] brn\n|upkeep\n|turn|10\n|\n|t:|1699734076\n|move|p1a: Skeledirge|Torch Song|p2a: Blissey\n|-damage|p2a: Blissey|71\/100 brn\n|-boost|p1a: Skeledirge|spa|1\n|move|p2a: Blissey|Seismic Toss|p1a: Skeledirge\n|-immune|p1a: Skeledirge\n|\n|-heal|p2a: Blissey|77\/100 brn|[from] item: Leftovers\n|-damage|p2a: Blissey|71\/100 brn|[from] brn\n|upkeep\n|turn|11\n|\n|t:|1699734080\n|move|p1a: Skeledirge|Torch Song|p2a: Blissey\n|-damage|p2a: Blissey|58\/100 brn\n|-boost|p1a: Skeledirge|spa|1\n|move|p2a: Blissey|Stealth Rock|p1a: Skeledirge\n|-sidestart|p1: Prtbl_Trash|move: Stealth Rock\n|\n|-heal|p2a: Blissey|64\/100 brn|[from] item: Leftovers\n|-damage|p2a: Blissey|58\/100 brn|[from] brn\n|upkeep\n|turn|12\n|\n|t:|1699734084\n|move|p1a: Skeledirge|Torch Song|p2a: Blissey\n|-damage|p2a: Blissey|43\/100 brn\n|-boost|p1a: Skeledirge|spa|1\n|move|p2a: Blissey|Toxic|p1a: Skeledirge\n|-status|p1a: Skeledirge|tox\n|\n|-heal|p2a: Blissey|49\/100 brn|[from] item: Leftovers\n|-damage|p1a: Skeledirge|94\/100 tox|[from] psn\n|-damage|p2a: Blissey|43\/100 brn|[from] brn\n|upkeep\n|turn|13\n|\n|t:|1699734087\n|move|p1a: Skeledirge|Torch Song|p2a: Blissey\n|-damage|p2a: Blissey|20\/100 brn\n|-boost|p1a: Skeledirge|spa|1\n|move|p2a: Blissey|Soft-Boiled|p2a: Blissey\n|-heal|p2a: Blissey|70\/100 brn\n|\n|-heal|p2a: Blissey|76\/100 brn|[from] item: Leftovers\n|-damage|p1a: Skeledirge|82\/100 tox|[from] psn\n|-damage|p2a: Blissey|70\/100 brn|[from] brn\n|upkeep\n|turn|14\n|\n|t:|1699734090\n|-curestatus|p2a: Blissey|brn|[from] ability: Natural Cure\n|switch|p2a: Clefable|Clefable, F|100\/100\n|-damage|p2a: Clefable|88\/100|[from] Stealth Rock\n|move|p1a: Skeledirge|Torch Song|p2a: Clefable\n|-damage|p2a: Clefable|61\/100\n|-boost|p1a: Skeledirge|spa|1\n|\n|-heal|p2a: Clefable|67\/100|[from] item: Leftovers\n|-damage|p1a: Skeledirge|64\/100 tox|[from] psn\n|upkeep\n|turn|15\n|\n|t:|1699734096\n|switch|p1a: Excadrill|Excadrill, M|100\/100\n|-damage|p1a: Excadrill|88\/100|[from] Spikes\n|-damage|p1a: Excadrill|85\/100|[from] Stealth Rock\n|move|p2a: Clefable|Cosmic Power|p2a: Clefable\n|-boost|p2a: Clefable|def|1\n|-boost|p2a: Clefable|spd|1\n|\n|-heal|p2a: Clefable|73\/100|[from] item: Leftovers\n|upkeep\n|turn|16\n|\n|t:|1699734100\n|-terastallize|p2a: Clefable|Steel\n|move|p1a: Excadrill|Rapid Spin|p2a: Clefable\n|-resisted|p2a: Clefable\n|-damage|p2a: Clefable|67\/100\n|-boost|p1a: Excadrill|spe|1\n|-sideend|p1: Prtbl_Trash|Spikes|[from] move: Rapid Spin|[of] p1a: Excadrill\n|-sideend|p1: Prtbl_Trash|Stealth Rock|[from] move: Rapid Spin|[of] p1a: Excadrill\n|move|p2a: Clefable|Cosmic Power|p2a: Clefable\n|-boost|p2a: Clefable|def|1\n|-boost|p2a: Clefable|spd|1\n|\n|-heal|p2a: Clefable|73\/100|[from] item: Leftovers\n|upkeep\n|turn|17\n|\n|t:|1699734109\n|move|p1a: Excadrill|Earthquake|p2a: Clefable\n|-supereffective|p2a: Clefable\n|-damage|p2a: Clefable|15\/100\n|move|p2a: Clefable|Soft-Boiled|p2a: Clefable\n|-heal|p2a: Clefable|65\/100\n|\n|-heal|p2a: Clefable|71\/100|[from] item: Leftovers\n|upkeep\n|turn|18\n|\n|t:|1699734114\n|-terastallize|p1a: Excadrill|Ground\n|move|p1a: Excadrill|Earthquake|p2a: Clefable\n|-supereffective|p2a: Clefable\n|-damage|p2a: Clefable|0 fnt\n|faint|p2a: Clefable\n|\n|upkeep\n|\n|t:|1699734119\n|switch|p2a: Skarmory|Skarmory, F|91\/100\n|-damage|p2a: Skarmory|79\/100|[from] Stealth Rock\n|turn|19\n|\n|t:|1699734126\n|switch|p1a: Thundurus|Thundurus-Therian, M|75\/100\n|move|p2a: Skarmory|Whirlwind|p1a: Thundurus\n|drag|p1a: Excadrill|Excadrill, M, tera:Ground|85\/100\n|\n|-heal|p2a: Skarmory|85\/100|[from] item: Leftovers\n|upkeep\n|turn|20\n|\n|t:|1699734133\n|switch|p1a: Thundurus|Thundurus-Therian, M|75\/100\n|move|p2a: Skarmory|Spikes|p1a: Thundurus\n|-sidestart|p1: Prtbl_Trash|Spikes\n|\n|-heal|p2a: Skarmory|91\/100|[from] item: Leftovers\n|upkeep\n|turn|21\n|\n|t:|1699734141\n|switch|p2a: Blissey|Blissey, F|70\/100\n|-damage|p2a: Blissey|57\/100|[from] Stealth Rock\n|move|p1a: Thundurus|Volt Switch|p2a: Blissey\n|-damage|p2a: Blissey|42\/100\n|\n|t:|1699734148\n|switch|p1a: Lopunny|Lopunny-Mega, M|100\/100|[from] Volt Switch\n|-damage|p1a: Lopunny|88\/100|[from] Spikes\n|\n|-heal|p2a: Blissey|48\/100|[from] item: Leftovers\n|upkeep\n|turn|22\n|\n|t:|1699734151\n|switch|p2a: Skarmory|Skarmory, F|91\/100\n|-damage|p2a: Skarmory|79\/100|[from] Stealth Rock\n|move|p1a: Lopunny|Fake Out|p2a: Skarmory\n|-resisted|p2a: Skarmory\n|-damage|p2a: Skarmory|72\/100\n|\n|-heal|p2a: Skarmory|78\/100|[from] item: Leftovers\n|upkeep\n|turn|23\n|\n|t:|1699734155\n|move|p1a: Lopunny|Close Combat|p2a: Skarmory\n|-damage|p2a: Skarmory|41\/100\n|-unboost|p1a: Lopunny|def|1\n|-unboost|p1a: Lopunny|spd|1\n|move|p2a: Skarmory|Spikes|p1a: Lopunny\n|-sidestart|p1: Prtbl_Trash|Spikes\n|\n|-heal|p2a: Skarmory|47\/100|[from] item: Leftovers\n|upkeep\n|turn|24\n|\n|t:|1699734160\n|move|p1a: Lopunny|U-turn|p2a: Skarmory\n|-resisted|p2a: Skarmory\n|-damage|p2a: Skarmory|43\/100\n|\n|t:|1699734163\n|switch|p1a: Thundurus|Thundurus-Therian, M|75\/100|[from] U-turn\n|move|p2a: Skarmory|Roost|p2a: Skarmory\n|-heal|p2a: Skarmory|93\/100\n|-singleturn|p2a: Skarmory|move: Roost\n|\n|-heal|p2a: Skarmory|99\/100|[from] item: Leftovers\n|upkeep\n|turn|25\n|\n|t:|1699734169\n|move|p1a: Thundurus|Volt Switch|p2a: Skarmory\n|-supereffective|p2a: Skarmory\n|-damage|p2a: Skarmory|0 fnt\n|faint|p2a: Skarmory\n|\n|t:|1699734172\n|switch|p1a: Excadrill|Excadrill, M, tera:Ground|85\/100|[from] Volt Switch\n|-damage|p1a: Excadrill|68\/100|[from] Spikes\n|\n|upkeep\n|\n|t:|1699734176\n|switch|p2a: Toxapex|Toxapex, M|100\/100\n|-damage|p2a: Toxapex|88\/100|[from] Stealth Rock\n|turn|26\n|\n|t:|1699734179\n|move|p2a: Toxapex|Baneful Bunker|p2a: Toxapex\n|-singleturn|p2a: Toxapex|move: Protect\n|move|p1a: Excadrill|Stealth Rock||[still]\n|-fail|p1a: Excadrill\n|\n|-heal|p2a: Toxapex|94\/100|[from] item: Leftovers\n|upkeep\n|turn|27\n|inactive|MyMonkeNeedsBanana has 120 seconds left.\n|\n|t:|1699734222\n|move|p1a: Excadrill|Rapid Spin|p2a: Toxapex\n|-damage|p2a: Toxapex|81\/100\n|-boost|p1a: Excadrill|spe|1\n|-sideend|p1: Prtbl_Trash|Spikes|[from] move: Rapid Spin|[of] p1a: Excadrill\n|move|p2a: Toxapex|Scald|p1a: Excadrill\n|-supereffective|p1a: Excadrill\n|-damage|p1a: Excadrill|23\/100\n|\n|-heal|p2a: Toxapex|87\/100|[from] item: Leftovers\n|upkeep\n|turn|28\n|\n|t:|1699734228\n|move|p2a: Toxapex|Baneful Bunker|p2a: Toxapex\n|-singleturn|p2a: Toxapex|move: Protect\n|move|p1a: Excadrill|Earthquake|p2a: Toxapex\n|-activate|p2a: Toxapex|move: Protect\n|\n|-heal|p2a: Toxapex|93\/100|[from] item: Leftovers\n|upkeep\n|turn|29\n|\n|t:|1699734230\n|move|p1a: Excadrill|Earthquake|p2a: Toxapex\n|-supereffective|p2a: Toxapex\n|-damage|p2a: Toxapex|0 fnt\n|faint|p2a: Toxapex\n|\n|upkeep\n|\n|t:|1699734233\n|switch|p2a: Garganacl|Garganacl, F|100\/100\n|-damage|p2a: Garganacl|88\/100|[from] Stealth Rock\n|turn|30\n|\n|t:|1699734239\n|move|p2a: Garganacl|Protect|p2a: Garganacl\n|-singleturn|p2a: Garganacl|Protect\n|move|p1a: Excadrill|Earthquake|p2a: Garganacl\n|-activate|p2a: Garganacl|move: Protect\n|\n|-heal|p2a: Garganacl|94\/100|[from] item: Leftovers\n|upkeep\n|turn|31\n|\n|t:|1699734242\n|move|p1a: Excadrill|Earthquake|p2a: Garganacl\n|-supereffective|p2a: Garganacl\n|-damage|p2a: Garganacl|20\/100\n|move|p2a: Garganacl|Iron Defense|p2a: Garganacl\n|-boost|p2a: Garganacl|def|2\n|\n|-heal|p2a: Garganacl|26\/100|[from] item: Leftovers\n|upkeep\n|turn|32\n|\n|t:|1699734245\n|move|p2a: Garganacl|Protect|p2a: Garganacl\n|-singleturn|p2a: Garganacl|Protect\n|move|p1a: Excadrill|Earthquake|p2a: Garganacl\n|-activate|p2a: Garganacl|move: Protect\n|\n|-heal|p2a: Garganacl|32\/100|[from] item: Leftovers\n|upkeep\n|turn|33\n|\n|t:|1699734247\n|move|p1a: Excadrill|Earthquake|p2a: Garganacl\n|-supereffective|p2a: Garganacl\n|-damage|p2a: Garganacl|0 fnt\n|faint|p2a: Garganacl\n|\n|upkeep\n|-message|MyMonkeNeedsBanana forfeited.\n|\n|win|Prtbl_Trash\n|raw|Prtbl_Trash's rating: 1374 &rarr; <strong>1392<\/strong><br \/>(+18 for winning)\n|raw|MyMonkeNeedsBanana's rating: 1338 &rarr; <strong>1320<\/strong><br \/>(-18 for losing)\n|l|\u203dMyMonkeNeedsBanana\n","uploadtime":1699734260,"views":6,"p1id":"prtbltrash","p2id":"mymonkeneedsbanana","formatid":"gen9nationaldex","rating":1320,"private":0,"password":""}