{"id":"gen9nationaldex-1994227520","p1":"fyehdsj","p2":"GregorioRDT","format":"[Gen 9] National Dex","log":"|j|\u2606fyehdsj\n|j|\u2606GregorioRDT\n|t:|1700421078\n|gametype|singles\n|player|p1|fyehdsj|1|1100\n|player|p2|GregorioRDT|hilbert-wonderlauncher|1160\n|teamsize|p1|6\n|teamsize|p2|6\n|gen|9\n|tier|[Gen 9] National Dex\n|rated|\n|rule|HP Percentage Mod: HP is shown in percentages\n|rule|Endless Battle Clause: Forcing endless battles is banned\n|rule|OHKO Clause: OHKO moves are banned\n|rule|Evasion Clause: Evasion abilities, items, and moves are banned\n|rule|Evasion Abilities Clause: Evasion abilities are banned\n|rule|Evasion Items Clause: Evasion items are banned\n|rule|Evasion Moves Clause: Evasion moves are banned\n|rule|Species Clause: Limit one of each Pok\u00e9mon\n|rule|Sleep Clause Mod: Limit one foe put to sleep\n|clearpoke\n|poke|p1|Pineco, L1, M|\n|poke|p1|Cottonee, L1, F|\n|poke|p1|Togedemaru, L1, M|\n|poke|p1|Mimikyu, L1, F|\n|poke|p1|Wooper-Paldea, L1, F|\n|poke|p1|Taillow, L1, M|\n|poke|p2|Charizard, F|\n|poke|p2|Tyranitar, M|\n|poke|p2|Glimmora, F|\n|poke|p2|Garganacl, M|\n|poke|p2|Armarouge, M|\n|poke|p2|Aggron, F|\n|teampreview\n|\n|t:|1700421090\n|start\n|switch|p1a: Pineco|Pineco, L1, M|100\/100\n|switch|p2a: Glimmora|Glimmora, F|100\/100\n|turn|1\n|\n|t:|1700421098\n|move|p2a: Glimmora|Mortal Spin|p1a: Pineco\n|-ability|p1a: Pineco|Sturdy\n|-damage|p1a: Pineco|9\/100\n|-status|p1a: Pineco|psn\n|-enditem|p1a: Pineco|Berry Juice\n|-heal|p1a: Pineco|100\/100 psn|[from] item: Berry Juice\n|move|p1a: Pineco|Toxic Spikes|p2a: Glimmora\n|-sidestart|p2: GregorioRDT|move: Toxic Spikes\n|\n|-damage|p1a: Pineco|92\/100 psn|[from] psn\n|upkeep\n|turn|2\n|\n|t:|1700421111\n|switch|p1a: Togedemaru|Togedemaru, L1, M|100\/100\n|move|p2a: Glimmora|Toxic Spikes|p1a: Togedemaru\n|-sidestart|p1: fyehdsj|move: Toxic Spikes\n|\n|upkeep\n|turn|3\n|\n|t:|1700421117\n|move|p2a: Glimmora|Mortal Spin|p1a: Togedemaru\n|-immune|p1a: Togedemaru\n|move|p1a: Togedemaru|Encore|p2a: Glimmora\n|-start|p2a: Glimmora|Encore\n|\n|upkeep\n|turn|4\n|\n|t:|1700421122\n|switch|p2a: Garganacl|Garganacl, M, shiny|100\/100\n|move|p1a: Togedemaru|Endeavor|p2a: Garganacl\n|-damage|p2a: Garganacl|3\/100\n|\n|-heal|p2a: Garganacl|10\/100|[from] item: Leftovers\n|upkeep\n|turn|5\n|\n|t:|1700421130\n|move|p1a: Togedemaru|Spiky Shield|p1a: Togedemaru\n|-singleturn|p1a: Togedemaru|move: Protect\n|move|p2a: Garganacl|Salt Cure|p1a: Togedemaru\n|-activate|p1a: Togedemaru|move: Protect\n|\n|-heal|p2a: Garganacl|16\/100|[from] item: Leftovers\n|upkeep\n|turn|6\n|\n|t:|1700421145\n|switch|p1a: Mimikyu|Mimikyu, L1, F, shiny|100\/100\n|-item|p1a: Mimikyu|Air Balloon\n|move|p2a: Garganacl|Salt Cure|p1a: Mimikyu\n|-activate|p1a: Mimikyu|ability: Disguise\n|-damage|p1a: Mimikyu|100\/100\n|-start|p1a: Mimikyu|Salt Cure\n|-enditem|p1a: Mimikyu|Air Balloon\n|detailschange|p1a: Mimikyu|Mimikyu-Busted, L1, F, shiny\n|-damage|p1a: Mimikyu|93\/100|[from] pokemon: Mimikyu-Busted\n|\n|-heal|p2a: Garganacl|22\/100|[from] item: Leftovers\n|-damage|p1a: Mimikyu|85\/100|[from] Salt Cure\n|upkeep\n|turn|7\n|\n|t:|1700421159\n|move|p2a: Garganacl|Recover|p2a: Garganacl\n|-heal|p2a: Garganacl|72\/100\n|move|p1a: Mimikyu|Trick Room|p1a: Mimikyu\n|-fieldstart|move: Trick Room|[of] p1a: Mimikyu\n|\n|-heal|p2a: Garganacl|78\/100|[from] item: Leftovers\n|-damage|p1a: Mimikyu|77\/100|[from] Salt Cure\n|upkeep\n|turn|8\n|\n|t:|1700421167\n|switch|p2a: Glimmora|Glimmora, F|100\/100\n|-sideend|p2: GregorioRDT|move: Toxic Spikes|[of] p2a: Glimmora\n|move|p1a: Mimikyu|Destiny Bond|p1a: Mimikyu\n|-singlemove|p1a: Mimikyu|Destiny Bond\n|\n|-damage|p1a: Mimikyu|70\/100|[from] Salt Cure\n|upkeep\n|turn|9\n|\n|t:|1700421175\n|move|p1a: Mimikyu|Destiny Bond||[still]\n|-fail|p1a: Mimikyu\n|move|p2a: Glimmora|Stealth Rock|p1a: Mimikyu\n|-sidestart|p1: fyehdsj|move: Stealth Rock\n|\n|-damage|p1a: Mimikyu|62\/100|[from] Salt Cure\n|upkeep\n|turn|10\n|\n|t:|1700421183\n|move|p1a: Mimikyu|Will-O-Wisp|p2a: Glimmora\n|-status|p2a: Glimmora|brn\n|move|p2a: Glimmora|Toxic Spikes|p1a: Mimikyu\n|-sidestart|p1: fyehdsj|move: Toxic Spikes\n|\n|-damage|p2a: Glimmora|94\/100 brn|[from] brn\n|-damage|p1a: Mimikyu|54\/100|[from] Salt Cure\n|upkeep\n|turn|11\n|\n|t:|1700421191\n|move|p1a: Mimikyu|Destiny Bond|p1a: Mimikyu\n|-singlemove|p1a: Mimikyu|Destiny Bond\n|move|p2a: Glimmora|Mortal Spin|p1a: Mimikyu\n|-damage|p1a: Mimikyu|0 fnt\n|faint|p1a: Mimikyu\n|-activate|p1a: Mimikyu|move: Destiny Bond\n|faint|p2a: Glimmora\n|\n|-fieldend|move: Trick Room\n|upkeep\n|\n|t:|1700421206\n|switch|p2a: Tyranitar|Tyranitar, M|100\/100\n|switch|p1a: Wooper|Wooper-Paldea, L1, F, shiny|100\/100\n|-weather|Sandstorm|[from] ability: Sand Stream|[of] p2a: Tyranitar\n|-sideend|p1: fyehdsj|move: Toxic Spikes|[of] p1a: Wooper\n|-damage|p1a: Wooper|93\/100|[from] Stealth Rock\n|turn|12\n|\n|t:|1700421217\n|move|p2a: Tyranitar|Earthquake|p1a: Wooper\n|-supereffective|p1a: Wooper\n|-damage|p1a: Wooper|0 fnt\n|faint|p1a: Wooper\n|-damage|p2a: Tyranitar|91\/100|[from] item: Life Orb\n|\n|-weather|Sandstorm|[upkeep]\n|upkeep\n|\n|t:|1700421224\n|switch|p1a: Taillow|Taillow, L1, M, shiny|100\/100\n|-damage|p1a: Taillow|75\/100|[from] Stealth Rock\n|turn|13\n|\n|t:|1700421228\n|move|p2a: Tyranitar|Stone Edge|p1a: Taillow\n|-supereffective|p1a: Taillow\n|-crit|p1a: Taillow\n|-damage|p1a: Taillow|0 fnt\n|faint|p1a: Taillow\n|-damage|p2a: Tyranitar|81\/100|[from] item: Life Orb\n|\n|-weather|Sandstorm|[upkeep]\n|upkeep\n|\n|t:|1700421235\n|switch|p1a: Cottonee|Cottonee, L1, F|100\/100\n|-damage|p1a: Cottonee|91\/100|[from] Stealth Rock\n|turn|14\n|\n|t:|1700421240\n|move|p1a: Cottonee|Leech Seed|p2a: Tyranitar\n|-hint|Since gen 7, Dark is immune to Prankster moves.\n|-immune|p2a: Tyranitar\n|move|p2a: Tyranitar|Fire Punch|p1a: Cottonee\n|-supereffective|p1a: Cottonee\n|-damage|p1a: Cottonee|0 fnt\n|faint|p1a: Cottonee\n|-damage|p2a: Tyranitar|71\/100|[from] item: Life Orb\n|\n|-weather|Sandstorm|[upkeep]\n|upkeep\n|-message|fyehdsj forfeited.\n|\n|win|GregorioRDT\n|raw|fyehdsj's rating: 1100 &rarr; <strong>1079<\/strong><br \/>(-21 for losing)\n|raw|GregorioRDT's rating: 1160 &rarr; <strong>1181<\/strong><br \/>(+21 for winning)\n|l|\u2606fyehdsj\n","uploadtime":1700421254,"views":4,"p1id":"fyehdsj","p2id":"gregoriordt","formatid":"gen9nationaldex","rating":1079,"private":0,"password":""}