{"id":"gen9nationaldex-1995769600","p1":"NeoFlare2967","p2":"imbleed","format":"[Gen 9] National Dex","log":"|html|<div class=\"broadcast-blue\"><strong>[Gen 9] National Dex is currently suspecting Sneasler! For information on how to participate check out the <a href=\"https:\/\/www.smogon.com\/forums\/threads\/sv-national-dex-suspect-8-just-dance.3731534\/\">suspect thread<\/a>.<\/strong><\/div>\n|j|\u2606NeoFlare2967\n|j|\u2606imbleed\n|t:|1700601451\n|gametype|singles\n|player|p1|NeoFlare2967|265|1382\n|player|p2|imbleed|poppy|1376\n|teamsize|p1|6\n|teamsize|p2|6\n|gen|9\n|tier|[Gen 9] National Dex\n|rated|\n|rule|HP Percentage Mod: HP is shown in percentages\n|rule|Endless Battle Clause: Forcing endless battles is banned\n|rule|OHKO Clause: OHKO moves are banned\n|rule|Evasion Clause: Evasion abilities, items, and moves are banned\n|rule|Evasion Abilities Clause: Evasion abilities are banned\n|rule|Evasion Items Clause: Evasion items are banned\n|rule|Evasion Moves Clause: Evasion moves are banned\n|rule|Species Clause: Limit one of each Pok\u00e9mon\n|rule|Sleep Clause Mod: Limit one foe put to sleep\n|clearpoke\n|poke|p1|Togedemaru, L1, F|\n|poke|p1|Moltres|\n|poke|p1|Alomomola, F|\n|poke|p1|Tsareena, F|\n|poke|p1|Sceptile, F|\n|poke|p1|Iron Jugulis|\n|poke|p2|Flareon, M|\n|poke|p2|Ninetales-Alola, F|\n|poke|p2|Scolipede, M|\n|poke|p2|Raikou|\n|poke|p2|Zangoose, M|\n|poke|p2|Lycanroc-Dusk, M|\n|teampreview\n|inactive|Battle timer is ON: inactive players will automatically lose when time's up. (requested by NeoFlare2967)\n|j| 5cat\n|c|\u2606NeoFlare2967|glhf\n|inactive|imbleed has 120 seconds left.\n|c| 5cat|thanks\n|j| TheStroker\n|\n|t:|1700601496\n|start\n|switch|p1a: Moltres|Moltres|100\/100\n|switch|p2a: 9 empty tales|Ninetales-Alola, F|100\/100\n|-weather|Snow|[from] ability: Snow Warning|[of] p2a: 9 empty tales\n|turn|1\n|c|\u2606NeoFlare2967|woah spectators \ud83e\udd23\n|c| TheStroker|noob\n|\n|t:|1700601514\n|-terastallize|p1a: Moltres|Fire\n|move|p2a: 9 empty tales|Aurora Veil|p2a: 9 empty tales\n|-sidestart|p2: imbleed|move: Aurora Veil\n|move|p1a: Moltres|Burn Up|p2a: 9 empty tales\n|-supereffective|p2a: 9 empty tales\n|-damage|p2a: 9 empty tales|27\/100\n|-start|p1a: Moltres|typechange|Fire|[from] move: Burn Up\n|\n|-weather|Snow|[upkeep]\n|upkeep\n|turn|2\n|c| 5cat|rude\n|\n|t:|1700601540\n|move|p2a: 9 empty tales|Safeguard|p2a: 9 empty tales\n|-sidestart|p2: imbleed|Safeguard\n|move|p1a: Moltres|Burn Up|p2a: 9 empty tales\n|-supereffective|p2a: 9 empty tales\n|-damage|p2a: 9 empty tales|0 fnt\n|-start|p1a: Moltres|typechange|Fire|[from] move: Burn Up\n|faint|p2a: 9 empty tales\n|\n|-weather|Snow|[upkeep]\n|upkeep\n|inactive|imbleed has 120 seconds left.\n|\n|t:|1700601550\n|switch|p2a: the other cat|Raikou|100\/100\n|turn|3\n|\n|t:|1700601555\n|-terastallize|p2a: the other cat|Water\n|move|p2a: the other cat|Calm Mind|p2a: the other cat\n|-boost|p2a: the other cat|spa|1\n|-boost|p2a: the other cat|spd|1\n|move|p1a: Moltres|Defog|p2a: the other cat\n|-unboost|p2a: the other cat|evasion|1\n|-sideend|p2: imbleed|move: Aurora Veil\n|-sideend|p2: imbleed|Safeguard\n|\n|-weather|Snow|[upkeep]\n|upkeep\n|turn|4\n|j| Stealsyourpokemon\n|\n|t:|1700601564\n|move|p2a: the other cat|Scald|p1a: Moltres\n|-supereffective|p1a: Moltres\n|-damage|p1a: Moltres|0 fnt\n|faint|p1a: Moltres\n|\n|-weather|Snow|[upkeep]\n|upkeep\n|\n|t:|1700601568\n|switch|p1a: Togedemaru|Togedemaru, L1, F|100\/100\n|turn|5\n|\n|t:|1700601583\n|move|p2a: the other cat|Scald|p1a: Togedemaru\n|-ability|p1a: Togedemaru|Sturdy\n|-damage|p1a: Togedemaru|9\/100\n|-status|p1a: Togedemaru|brn\n|move|p1a: Togedemaru|Endeavor|p2a: the other cat\n|-damage|p2a: the other cat|1\/100\n|-heal|p1a: Togedemaru|100\/100 brn|[from] item: Shell Bell|[of] p2a: the other cat\n|\n|-weather|none\n|-heal|p2a: the other cat|7\/100|[from] item: Leftovers\n|-damage|p1a: Togedemaru|92\/100 brn|[from] brn\n|upkeep\n|turn|6\n|\n|t:|1700601600\n|move|p2a: the other cat|Scald|p1a: Togedemaru\n|-damage|p1a: Togedemaru|0 fnt\n|faint|p1a: Togedemaru\n|\n|-heal|p2a: the other cat|13\/100|[from] item: Leftovers\n|upkeep\n|\n|t:|1700601607\n|switch|p1a: Sceptile|Sceptile, F|100\/100\n|turn|7\n|\n|t:|1700601611\n|switch|p2a: beed boosted|Scolipede, M|100\/100\n|detailschange|p1a: Sceptile|Sceptile-Mega, F\n|-mega|p1a: Sceptile|Sceptile|Sceptilite\n|move|p1a: Sceptile|Energy Ball|p2a: beed boosted\n|-resisted|p2a: beed boosted\n|-damage|p2a: beed boosted|77\/100\n|\n|upkeep\n|turn|8\n|\n|t:|1700601621\n|switch|p1a: Alomomola|Alomomola, F|100\/100\n|move|p2a: beed boosted|Swords Dance|p2a: beed boosted\n|-boost|p2a: beed boosted|atk|2\n|\n|-ability|p2a: beed boosted|Speed Boost|boost\n|-boost|p2a: beed boosted|spe|1\n|upkeep\n|turn|9\n|\n|t:|1700601635\n|move|p2a: beed boosted|Megahorn|p1a: Alomomola\n|-damage|p1a: Alomomola|39\/100\n|-damage|p2a: beed boosted|61\/100|[from] item: Rocky Helmet|[of] p1a: Alomomola\n|move|p1a: Alomomola|Flip Turn|p2a: beed boosted\n|-damage|p2a: beed boosted|36\/100\n|n| NotBeliever|stealsyourpokemon\n|\n|t:|1700601639\n|switch|p1a: Tsareena|Tsareena, F|100\/100|[from] Flip Turn\n|\n|-ability|p2a: beed boosted|Speed Boost|boost\n|-boost|p2a: beed boosted|spe|1\n|upkeep\n|turn|10\n|\n|t:|1700601646\n|move|p2a: beed boosted|Poison Jab|p1a: Tsareena\n|-supereffective|p1a: Tsareena\n|-damage|p1a: Tsareena|0 fnt\n|faint|p1a: Tsareena\n|\n|-ability|p2a: beed boosted|Speed Boost|boost\n|-boost|p2a: beed boosted|spe|1\n|upkeep\n|\n|t:|1700601655\n|switch|p1a: Alomomola|Alomomola, F|72\/100\n|turn|11\n|\n|t:|1700601670\n|move|p2a: beed boosted|Megahorn|p1a: Alomomola\n|-damage|p1a: Alomomola|8\/100\n|-damage|p2a: beed boosted|20\/100|[from] item: Rocky Helmet|[of] p1a: Alomomola\n|move|p1a: Alomomola|Flip Turn|p2a: beed boosted\n|-damage|p2a: beed boosted|0 fnt\n|faint|p2a: beed boosted\n|\n|t:|1700601676\n|switch|p1a: Sceptile|Sceptile-Mega, F|100\/100|[from] Flip Turn\n|\n|upkeep\n|c| NotBeliever|So bad...\n|j| kung fu pokechu\n|\n|t:|1700601687\n|switch|p2a: champ|Zangoose, M|100\/100\n|turn|12\n|c| NotBeliever|rectangularbrain that already happened\n|c| NotBeliever|Ankha memes\n|inactive|NeoFlare2967 has 120 seconds left.\n|c|\u2606NeoFlare2967|why are there so many spectators\n|c| NotBeliever|the mime memes\n|\n|t:|1700601723\n|move|p1a: Sceptile|Focus Blast|p2a: champ|[miss]\n|-miss|p1a: Sceptile|p2a: champ\n|move|p2a: champ|Facade|p1a: Sceptile\n|-damage|p1a: Sceptile|51\/100\n|\n|-status|p2a: champ|tox|[from] item: Toxic Orb\n|upkeep\n|turn|13\n|c| TheStroker|why\n|\n|t:|1700601733\n|move|p2a: champ|Quick Attack|p1a: Sceptile\n|-damage|p1a: Sceptile|7\/100\n|move|p1a: Sceptile|Focus Blast|p2a: champ\n|-supereffective|p2a: champ\n|-damage|p2a: champ|0 fnt\n|faint|p2a: champ\n|\n|upkeep\n|\n|t:|1700601746\n|switch|p2a: lotta loyalty|Lycanroc-Dusk, M|100\/100\n|turn|14\n|\n|t:|1700601751\n|switch|p1a: Alomomola|Alomomola, F|42\/100\n|move|p2a: lotta loyalty|Accelerock|p1a: Alomomola\n|-damage|p1a: Alomomola|25\/100\n|-damage|p2a: lotta loyalty|84\/100|[from] item: Rocky Helmet|[of] p1a: Alomomola\n|-damage|p2a: lotta loyalty|74\/100|[from] item: Life Orb\n|\n|upkeep\n|turn|15\n|\n|t:|1700601756\n|move|p2a: lotta loyalty|Close Combat|p1a: Alomomola\n|-damage|p1a: Alomomola|0 fnt\n|-unboost|p2a: lotta loyalty|def|1\n|-unboost|p2a: lotta loyalty|spd|1\n|-damage|p2a: lotta loyalty|58\/100|[from] item: Rocky Helmet|[of] p1a: Alomomola\n|faint|p1a: Alomomola\n|-damage|p2a: lotta loyalty|48\/100|[from] item: Life Orb\n|\n|upkeep\n|\n|t:|1700601761\n|switch|p1a: Iron Jugulis|Iron Jugulis|100\/100\n|-enditem|p1a: Iron Jugulis|Booster Energy\n|-activate|p1a: Iron Jugulis|ability: Quark Drive|[fromitem]\n|-start|p1a: Iron Jugulis|quarkdrivespe\n|turn|16\n|\n|t:|1700601768\n|move|p2a: lotta loyalty|Accelerock|p1a: Iron Jugulis\n|-supereffective|p1a: Iron Jugulis\n|-damage|p1a: Iron Jugulis|26\/100\n|-damage|p2a: lotta loyalty|38\/100|[from] item: Life Orb\n|move|p1a: Iron Jugulis|Dark Pulse|p2a: lotta loyalty\n|-damage|p2a: lotta loyalty|0 fnt\n|faint|p2a: lotta loyalty\n|\n|upkeep\n|\n|t:|1700601778\n|switch|p2a: pet the fluff|Flareon, M|100\/100\n|turn|17\n|\n|t:|1700601783\n|move|p2a: pet the fluff|Quick Attack|p1a: Iron Jugulis\n|-damage|p1a: Iron Jugulis|11\/100\n|move|p1a: Iron Jugulis|Hydro Pump|p2a: pet the fluff\n|-supereffective|p2a: pet the fluff\n|-damage|p2a: pet the fluff|16\/100\n|\n|-status|p2a: pet the fluff|tox|[from] item: Toxic Orb\n|upkeep\n|turn|18\n|\n|t:|1700601794\n|move|p2a: pet the fluff|Quick Attack|p1a: Iron Jugulis\n|-damage|p1a: Iron Jugulis|0 fnt\n|faint|p1a: Iron Jugulis\n|-end|p1a: Iron Jugulis|Quark Drive|[silent]\n|\n|-damage|p2a: pet the fluff|10\/100 tox|[from] psn\n|upkeep\n|\n|t:|1700601797\n|switch|p1a: Sceptile|Sceptile-Mega, F|7\/100\n|turn|19\n|c|\u2606NeoFlare2967|gg\n|\n|t:|1700601806\n|move|p2a: pet the fluff|Quick Attack|p1a: Sceptile\n|-damage|p1a: Sceptile|0 fnt\n|faint|p1a: Sceptile\n|\n|win|imbleed\n|raw|NeoFlare2967's rating: 1382 &rarr; <strong>1362<\/strong><br \/>(-20 for losing)\n|raw|imbleed's rating: 1376 &rarr; <strong>1396<\/strong><br \/>(+20 for winning)\n","uploadtime":1700601813,"views":0,"p1id":"neoflare2967","p2id":"imbleed","formatid":"gen9nationaldex","rating":1362,"private":0,"password":""}