{"id":"gen9nationaldex-1988823946","p1":"TrainerStorma","p2":"hwduy","format":"[Gen 9] National Dex","log":"|j|\u2606TrainerStorma\n|j|\u2606hwduy\n|t:|1699768636\n|gametype|singles\n|player|p1|TrainerStorma|bellelba|1377\n|player|p2|hwduy|102|1431\n|teamsize|p1|6\n|teamsize|p2|6\n|gen|9\n|tier|[Gen 9] National Dex\n|rated|\n|rule|HP Percentage Mod: HP is shown in percentages\n|rule|Endless Battle Clause: Forcing endless battles is banned\n|rule|OHKO Clause: OHKO moves are banned\n|rule|Evasion Clause: Evasion abilities, items, and moves are banned\n|rule|Evasion Abilities Clause: Evasion abilities are banned\n|rule|Evasion Items Clause: Evasion items are banned\n|rule|Evasion Moves Clause: Evasion moves are banned\n|rule|Species Clause: Limit one of each Pok\u00e9mon\n|rule|Sleep Clause Mod: Limit one foe put to sleep\n|clearpoke\n|poke|p1|Swampert, M|\n|poke|p1|Zapdos|\n|poke|p1|Serperior, M|\n|poke|p1|Tyranitar, M|\n|poke|p1|Pelipper, F|\n|poke|p1|Ninetales-Alola, F|\n|poke|p2|Charizard, M|\n|poke|p2|Serperior, F|\n|poke|p2|Tyranitar, M|\n|poke|p2|Great Tusk|\n|poke|p2|Doublade, M|\n|poke|p2|Alomomola, M|\n|teampreview\n|inactive|Battle timer is ON: inactive players will automatically lose when time's up. (requested by TrainerStorma)\n|\n|t:|1699768643\n|start\n|switch|p1a: Ninetales|Ninetales-Alola, F|100\/100\n|switch|p2a: Tyranitar|Tyranitar, M|100\/100\n|-weather|Snow|[from] ability: Snow Warning|[of] p1a: Ninetales\n|-weather|Sandstorm|[from] ability: Sand Stream|[of] p2a: Tyranitar\n|turn|1\n|\n|t:|1699768651\n|switch|p1a: Pelipper|Pelipper, F|100\/100\n|-weather|RainDance|[from] ability: Drizzle|[of] p1a: Pelipper\n|move|p2a: Tyranitar|Knock Off|p1a: Pelipper\n|-damage|p1a: Pelipper|57\/100\n|-enditem|p1a: Pelipper|Heavy-Duty Boots|[from] move: Knock Off|[of] p2a: Tyranitar\n|\n|-weather|RainDance|[upkeep]\n|upkeep\n|turn|2\n|\n|t:|1699768662\n|move|p1a: Pelipper|Scald|p2a: Tyranitar\n|-supereffective|p2a: Tyranitar\n|-damage|p2a: Tyranitar|9\/100\n|-status|p2a: Tyranitar|brn\n|move|p2a: Tyranitar|Stealth Rock|p1a: Pelipper\n|-sidestart|p1: TrainerStorma|move: Stealth Rock\n|\n|-weather|RainDance|[upkeep]\n|-damage|p2a: Tyranitar|3\/100 brn|[from] brn\n|upkeep\n|turn|3\n|\n|t:|1699768679\n|switch|p1a: Tyranitar|Tyranitar, M|100\/100\n|-weather|Sandstorm|[from] ability: Sand Stream|[of] p1a: Tyranitar\n|move|p2a: Tyranitar|Ice Beam|p1a: Tyranitar\n|-damage|p1a: Tyranitar|83\/100\n|\n|-weather|Sandstorm|[upkeep]\n|-damage|p2a: Tyranitar|0 fnt|[from] brn\n|faint|p2a: Tyranitar\n|upkeep\n|\n|t:|1699768684\n|switch|p2a: Great Tusk|Great Tusk|100\/100\n|turn|4\n|\n|t:|1699768694\n|switch|p1a: Pelipper|Pelipper, F|57\/100\n|-damage|p1a: Pelipper|32\/100|[from] Stealth Rock\n|-weather|RainDance|[from] ability: Drizzle|[of] p1a: Pelipper\n|move|p2a: Great Tusk|Rapid Spin|p1a: Pelipper\n|-damage|p1a: Pelipper|14\/100\n|-boost|p2a: Great Tusk|spe|1\n|\n|-weather|RainDance|[upkeep]\n|upkeep\n|turn|5\n|\n|t:|1699768703\n|move|p2a: Great Tusk|Rapid Spin|p1a: Pelipper\n|-damage|p1a: Pelipper|0 fnt\n|-boost|p2a: Great Tusk|spe|1\n|faint|p1a: Pelipper\n|\n|-weather|RainDance|[upkeep]\n|upkeep\n|\n|t:|1699768710\n|switch|p1a: Ninetales|Ninetales-Alola, F|100\/100\n|-damage|p1a: Ninetales|75\/100|[from] Stealth Rock\n|-weather|Snow|[from] ability: Snow Warning|[of] p1a: Ninetales\n|turn|6\n|\n|t:|1699768719\n|move|p2a: Great Tusk|Close Combat|p1a: Ninetales\n|-damage|p1a: Ninetales|27\/100\n|-unboost|p2a: Great Tusk|def|1\n|-unboost|p2a: Great Tusk|spd|1\n|move|p1a: Ninetales|Blizzard|p2a: Great Tusk\n|-supereffective|p2a: Great Tusk\n|-damage|p2a: Great Tusk|0 fnt\n|faint|p2a: Great Tusk\n|-end|p2a: Great Tusk|Protosynthesis|[silent]\n|\n|-weather|Snow|[upkeep]\n|upkeep\n|\n|t:|1699768729\n|switch|p2a: Serperior|Serperior, F|100\/100\n|turn|7\n|\n|t:|1699768747\n|switch|p1a: Zapdos|Zapdos|100\/100\n|-damage|p1a: Zapdos|76\/100|[from] Stealth Rock\n|move|p2a: Serperior|Leaf Storm|p1a: Zapdos\n|-resisted|p1a: Zapdos\n|-damage|p1a: Zapdos|57\/100\n|-boost|p2a: Serperior|spa|2\n|\n|-weather|Snow|[upkeep]\n|upkeep\n|turn|8\n|\n|t:|1699768765\n|move|p2a: Serperior|Glare|p1a: Zapdos\n|-immune|p1a: Zapdos\n|move|p1a: Zapdos|Hurricane|p2a: Serperior\n|-supereffective|p2a: Serperior\n|-damage|p2a: Serperior|0 fnt\n|faint|p2a: Serperior\n|\n|-weather|Snow|[upkeep]\n|upkeep\n|\n|t:|1699768774\n|switch|p2a: Charizard|Charizard, M|100\/100\n|turn|9\n|\n|t:|1699768788\n|detailschange|p2a: Charizard|Charizard-Mega-Y, M\n|-mega|p2a: Charizard|Charizard|Charizardite Y\n|-weather|SunnyDay|[from] ability: Drought|[of] p2a: Charizard\n|move|p2a: Charizard|Weather Ball|p1a: Zapdos\n|-damage|p1a: Zapdos|0 fnt\n|faint|p1a: Zapdos\n|\n|-weather|SunnyDay|[upkeep]\n|upkeep\n|\n|t:|1699768793\n|switch|p1a: Tyranitar|Tyranitar, M|83\/100\n|-weather|Sandstorm|[from] ability: Sand Stream|[of] p1a: Tyranitar\n|turn|10\n|\n|t:|1699768820\n|switch|p2a: Doublade|Doublade, M|100\/100\n|switch|p1a: Ninetales|Ninetales-Alola, F|27\/100\n|-damage|p1a: Ninetales|2\/100|[from] Stealth Rock\n|-weather|Snow|[from] ability: Snow Warning|[of] p1a: Ninetales\n|\n|-weather|Snow|[upkeep]\n|upkeep\n|turn|11\n|\n|t:|1699768825\n|move|p2a: Doublade|Shadow Sneak|p1a: Ninetales\n|-damage|p1a: Ninetales|0 fnt\n|faint|p1a: Ninetales\n|\n|-weather|Snow|[upkeep]\n|upkeep\n|\n|t:|1699768830\n|switch|p1a: Swampert|Swampert, M|100\/100\n|-damage|p1a: Swampert|94\/100|[from] Stealth Rock\n|turn|12\n|\n|t:|1699768837\n|switch|p2a: Alomomola|Alomomola, M, shiny|100\/100\n|detailschange|p1a: Swampert|Swampert-Mega, M\n|-mega|p1a: Swampert|Swampert|Swampertite\n|move|p1a: Swampert|Flip Turn|p2a: Alomomola\n|-resisted|p2a: Alomomola\n|-damage|p2a: Alomomola|92\/100\n|\n|t:|1699768844\n|switch|p1a: Serperior|Serperior, M|100\/100|[from] Flip Turn\n|-damage|p1a: Serperior|88\/100|[from] Stealth Rock\n|\n|-weather|Snow|[upkeep]\n|upkeep\n|turn|13\n|\n|t:|1699768850\n|-terastallize|p2a: Alomomola|Fairy\n|move|p1a: Serperior|Glare|p2a: Alomomola\n|-status|p2a: Alomomola|par\n|move|p2a: Alomomola|Flip Turn|p1a: Serperior\n|-resisted|p1a: Serperior\n|-damage|p1a: Serperior|78\/100\n|\n|t:|1699768862\n|switch|p2a: Charizard|Charizard-Mega-Y, M|100\/100|[from] Flip Turn\n|-weather|SunnyDay|[from] ability: Drought|[of] p2a: Charizard\n|\n|-weather|SunnyDay|[upkeep]\n|upkeep\n|turn|14\n|\n|t:|1699768886\n|-terastallize|p1a: Serperior|Water\n|move|p1a: Serperior|Glare|p2a: Charizard\n|-status|p2a: Charizard|par\n|move|p2a: Charizard|Scorching Sands|p1a: Serperior\n|-damage|p1a: Serperior|44\/100\n|\n|-weather|SunnyDay|[upkeep]\n|upkeep\n|turn|15\n|\n|t:|1699768895\n|switch|p1a: Tyranitar|Tyranitar, M|83\/100\n|-weather|Sandstorm|[from] ability: Sand Stream|[of] p1a: Tyranitar\n|cant|p2a: Charizard|par\n|\n|-weather|Sandstorm|[upkeep]\n|-damage|p2a: Charizard|94\/100 par|[from] Sandstorm\n|upkeep\n|turn|16\n|\n|t:|1699768902\n|switch|p2a: Doublade|Doublade, M|100\/100\n|move|p1a: Tyranitar|Dragon Dance|p1a: Tyranitar\n|-boost|p1a: Tyranitar|atk|1\n|-boost|p1a: Tyranitar|spe|1\n|\n|-weather|Sandstorm|[upkeep]\n|upkeep\n|turn|17\n|\n|t:|1699768907\n|move|p1a: Tyranitar|Earthquake|p2a: Doublade\n|-supereffective|p2a: Doublade\n|-damage|p2a: Doublade|45\/100\n|move|p2a: Doublade|Close Combat|p1a: Tyranitar\n|-supereffective|p1a: Tyranitar\n|-damage|p1a: Tyranitar|0 fnt\n|-unboost|p2a: Doublade|def|1\n|-unboost|p2a: Doublade|spd|1\n|faint|p1a: Tyranitar\n|\n|-weather|Sandstorm|[upkeep]\n|upkeep\n|\n|t:|1699768917\n|switch|p1a: Swampert|Swampert-Mega, M|94\/100\n|-damage|p1a: Swampert|88\/100|[from] Stealth Rock\n|turn|18\n|\n|t:|1699768934\n|switch|p2a: Charizard|Charizard-Mega-Y, M|94\/100 par\n|-weather|SunnyDay|[from] ability: Drought|[of] p2a: Charizard\n|move|p1a: Swampert|Seismic Toss|p2a: Charizard\n|-damage|p2a: Charizard|61\/100 par\n|\n|-weather|SunnyDay|[upkeep]\n|upkeep\n|turn|19\n|\n|t:|1699768957\n|move|p1a: Swampert|Seismic Toss|p2a: Charizard\n|-damage|p2a: Charizard|27\/100 par\n|move|p2a: Charizard|Solar Beam||[still]\n|-prepare|p2a: Charizard|Solar Beam\n|-anim|p2a: Charizard|Solar Beam|p1a: Swampert\n|-supereffective|p1a: Swampert\n|-damage|p1a: Swampert|0 fnt\n|faint|p1a: Swampert\n|\n|-weather|SunnyDay|[upkeep]\n|upkeep\n|\n|t:|1699768965\n|switch|p1a: Serperior|Serperior, M, tera:Water|44\/100\n|-damage|p1a: Serperior|32\/100|[from] Stealth Rock\n|turn|20\n|\n|t:|1699768969\n|move|p1a: Serperior|Leaf Storm|p2a: Charizard\n|-resisted|p2a: Charizard\n|-damage|p2a: Charizard|14\/100 par\n|-boost|p1a: Serperior|spa|2\n|cant|p2a: Charizard|par\n|\n|-weather|SunnyDay|[upkeep]\n|upkeep\n|turn|21\n|\n|t:|1699768977\n|move|p1a: Serperior|Leaf Storm|p2a: Charizard\n|-resisted|p2a: Charizard\n|-damage|p2a: Charizard|0 fnt\n|-boost|p1a: Serperior|spa|2\n|faint|p2a: Charizard\n|\n|-weather|SunnyDay|[upkeep]\n|upkeep\n|\n|t:|1699768980\n|switch|p2a: Doublade|Doublade, M|45\/100\n|turn|22\n|\n|t:|1699768987\n|move|p2a: Doublade|Shadow Sneak|p1a: Serperior\n|-damage|p1a: Serperior|6\/100\n|move|p1a: Serperior|Hidden Power|p2a: Doublade\n|-supereffective|p2a: Doublade\n|-damage|p2a: Doublade|0 fnt\n|faint|p2a: Doublade\n|\n|-weather|none\n|upkeep\n|\n|t:|1699768989\n|switch|p2a: Alomomola|Alomomola, M, shiny, tera:Fairy|100\/100 par\n|turn|23\n|\n|t:|1699768995\n|move|p1a: Serperior|Leaf Storm|p2a: Alomomola\n|-damage|p2a: Alomomola|0 fnt\n|-boost|p1a: Serperior|spa|2\n|faint|p2a: Alomomola\n|\n|win|TrainerStorma\n|raw|TrainerStorma's rating: 1377 &rarr; <strong>1400<\/strong><br \/>(+23 for winning)\n|raw|hwduy's rating: 1431 &rarr; <strong>1408<\/strong><br \/>(-23 for losing)\n|l|\u2606hwduy\n|c|\u2606TrainerStorma|GG YAS\n","uploadtime":1699769015,"views":4,"p1id":"trainerstorma","p2id":"hwduy","formatid":"gen9nationaldex","rating":1400,"private":0,"password":""}