{"id":"gen9nationaldex-1988951378","p1":"angzilovefansher","p2":"Manisj","format":"[Gen 9] National Dex","log":"|j|\u2606angzilovefansher\n|j|\u203dManisj\n|t:|1699793445\n|gametype|singles\n|player|p1|angzilovefansher|norman|1357\n|player|p2|Manisj|lance|1445\n|teamsize|p1|6\n|teamsize|p2|6\n|gen|9\n|tier|[Gen 9] National Dex\n|rated|\n|rule|HP Percentage Mod: HP is shown in percentages\n|rule|Endless Battle Clause: Forcing endless battles is banned\n|rule|OHKO Clause: OHKO moves are banned\n|rule|Evasion Clause: Evasion abilities, items, and moves are banned\n|rule|Evasion Abilities Clause: Evasion abilities are banned\n|rule|Evasion Items Clause: Evasion items are banned\n|rule|Evasion Moves Clause: Evasion moves are banned\n|rule|Species Clause: Limit one of each Pok\u00e9mon\n|rule|Sleep Clause Mod: Limit one foe put to sleep\n|clearpoke\n|poke|p1|Ursaluna, F|\n|poke|p1|Porygon2|\n|poke|p1|Exploud, F|\n|poke|p1|Ditto|\n|poke|p1|Audino, M|\n|poke|p1|Cinccino, M|\n|poke|p2|Scizor, F|\n|poke|p2|Landorus-Therian, M|\n|poke|p2|Toxapex, F|\n|poke|p2|Iron Valiant|\n|poke|p2|Tornadus-Therian, M|\n|poke|p2|Kommo-o, F|\n|teampreview\n|inactive|Battle timer is ON: inactive players will automatically lose when time's up. (requested by angzilovefansher)\n|\n|t:|1699793465\n|start\n|switch|p1a: Porygon2|Porygon2|100\/100\n|switch|p2a: Iron Valiant|Iron Valiant|100\/100\n|turn|1\n|\n|t:|1699793471\n|move|p2a: Iron Valiant|Close Combat|p1a: Porygon2\n|-supereffective|p1a: Porygon2\n|-damage|p1a: Porygon2|52\/100\n|-unboost|p2a: Iron Valiant|def|1\n|-unboost|p2a: Iron Valiant|spd|1\n|-enditem|p2a: Iron Valiant|Eject Pack\n|inactive|Manisj has 120 seconds left.\n|\n|t:|1699793513\n|-end|p2a: Iron Valiant|Quark Drive|[silent]\n|switch|p2a: Scizor|Scizor, F|100\/100\n|-ability|p1a: Porygon2|Light Metal|[from] ability: Trace|[of] p2a: Scizor\n|move|p1a: Porygon2|Trick Room|p1a: Porygon2\n|-fieldstart|move: Trick Room|[of] p1a: Porygon2\n|\n|upkeep\n|turn|2\n|\n|t:|1699793529\n|detailschange|p2a: Scizor|Scizor-Mega, F\n|-mega|p2a: Scizor|Scizor|Scizorite\n|move|p2a: Scizor|U-turn|p1a: Porygon2\n|-damage|p1a: Porygon2|36\/100\n|\n|t:|1699793536\n|switch|p2a: Toxapex|Toxapex, F|100\/100|[from] U-turn\n|move|p1a: Porygon2|Teleport|p1a: Porygon2\n|\n|t:|1699793543\n|switch|p1a: Ursaluna|Ursaluna, F|100\/100|[from] Teleport\n|\n|-status|p1a: Ursaluna|brn|[from] item: Flame Orb\n|upkeep\n|turn|3\n|\n|t:|1699793552\n|switch|p2a: Tornadus|Tornadus-Therian, M|100\/100\n|move|p1a: Ursaluna|Facade|p2a: Tornadus\n|-damage|p2a: Tornadus|0 fnt\n|faint|p2a: Tornadus\n|\n|-damage|p1a: Ursaluna|94\/100 brn|[from] brn\n|upkeep\n|inactive|Manisj has 120 seconds left.\n|\n|t:|1699793563\n|switch|p2a: Landorus|Landorus-Therian, M|100\/100\n|-ability|p2a: Landorus|Intimidate|boost\n|-unboost|p1a: Ursaluna|atk|1\n|turn|4\n|\n|t:|1699793570\n|move|p1a: Ursaluna|Facade|p2a: Landorus\n|-damage|p2a: Landorus|7\/100\n|move|p2a: Landorus|Defog|p1a: Ursaluna\n|-unboost|p1a: Ursaluna|evasion|1\n|\n|-damage|p1a: Ursaluna|88\/100 brn|[from] brn\n|upkeep\n|turn|5\n|\n|t:|1699793579\n|switch|p2a: Toxapex|Toxapex, F|100\/100\n|move|p1a: Ursaluna|Facade|p2a: Toxapex\n|-damage|p2a: Toxapex|48\/100\n|\n|-damage|p1a: Ursaluna|82\/100 brn|[from] brn\n|-fieldend|move: Trick Room\n|upkeep\n|turn|6\n|\n|t:|1699793590\n|switch|p2a: Landorus|Landorus-Therian, M|7\/100\n|-ability|p2a: Landorus|Intimidate|boost\n|-unboost|p1a: Ursaluna|atk|1\n|move|p1a: Ursaluna|Facade|p2a: Landorus\n|-damage|p2a: Landorus|0 fnt\n|faint|p2a: Landorus\n|\n|-damage|p1a: Ursaluna|76\/100 brn|[from] brn\n|upkeep\n|\n|t:|1699793599\n|switch|p2a: Kommo-o|Kommo-o, F|100\/100\n|turn|7\n|\n|t:|1699793603\n|switch|p1a: Audino|Audino, M|100\/100\n|-zpower|p2a: Kommo-o\n|move|p2a: Kommo-o|Clangorous Soulblaze|p1a: Audino|[zeffect]\n|-damage|p1a: Audino|45\/100\n|-boost|p2a: Kommo-o|atk|1\n|-boost|p2a: Kommo-o|def|1\n|-boost|p2a: Kommo-o|spa|1\n|-boost|p2a: Kommo-o|spd|1\n|-boost|p2a: Kommo-o|spe|1\n|\n|upkeep\n|turn|8\n|\n|t:|1699793621\n|detailschange|p1a: Audino|Audino-Mega, M\n|-mega|p1a: Audino|Audino|Audinite\n|move|p2a: Kommo-o|Boomburst|p1a: Audino\n|-damage|p1a: Audino|12\/100\n|move|p1a: Audino|Trick Room|p1a: Audino\n|-fieldstart|move: Trick Room|[of] p1a: Audino\n|\n|upkeep\n|turn|9\n|\n|t:|1699793627\n|move|p2a: Kommo-o|Vacuum Wave|p1a: Audino\n|-damage|p1a: Audino|0 fnt\n|faint|p1a: Audino\n|\n|upkeep\n|\n|t:|1699793631\n|switch|p1a: Ursaluna|Ursaluna, F|76\/100 brn\n|turn|10\n|\n|t:|1699793637\n|move|p2a: Kommo-o|Vacuum Wave|p1a: Ursaluna\n|-supereffective|p1a: Ursaluna\n|-damage|p1a: Ursaluna|27\/100 brn\n|move|p1a: Ursaluna|Facade|p2a: Kommo-o\n|-damage|p2a: Kommo-o|18\/100\n|\n|-damage|p1a: Ursaluna|21\/100 brn|[from] brn\n|upkeep\n|turn|11\n|\n|t:|1699793645\n|switch|p1a: Ditto|Ditto|100\/100\n|-transform|p1a: Ditto|p2a: Kommo-o|[from] ability: Imposter\n|move|p2a: Kommo-o|Vacuum Wave|p1a: Ditto\n|-damage|p1a: Ditto|82\/100\n|-enditem|p1a: Ditto|Red Card|[of] p2a: Kommo-o\n|drag|p2a: Toxapex|Toxapex, F|81\/100\n|\n|upkeep\n|turn|12\n|\n|t:|1699793656\n|-terastallize|p1a: Ditto|Normal\n|move|p2a: Toxapex|Toxic|p1a: Ditto\n|-status|p1a: Ditto|tox\n|move|p1a: Ditto|Boomburst|p2a: Toxapex\n|-damage|p2a: Toxapex|9\/100\n|\n|-damage|p1a: Ditto|76\/100 tox|[from] psn\n|-fieldend|move: Trick Room\n|upkeep\n|turn|13\n|\n|t:|1699793669\n|move|p1a: Ditto|Boomburst|p2a: Toxapex\n|-damage|p2a: Toxapex|0 fnt\n|faint|p2a: Toxapex\n|\n|-damage|p1a: Ditto|64\/100 tox|[from] psn\n|upkeep\n|inactive|Manisj has 120 seconds left.\n|\n|t:|1699793715\n|switch|p2a: Kommo-o|Kommo-o, F|18\/100\n|turn|14\n|\n|t:|1699793733\n|move|p1a: Ditto|Vacuum Wave|p2a: Kommo-o\n|-damage|p2a: Kommo-o|0 fnt\n|faint|p2a: Kommo-o\n|\n|-damage|p1a: Ditto|46\/100 tox|[from] psn\n|upkeep\n|\n|t:|1699793739\n|switch|p2a: Scizor|Scizor-Mega, F|100\/100\n|turn|15\n|\n|t:|1699793748\n|move|p1a: Ditto|Flamethrower|p2a: Scizor\n|-supereffective|p2a: Scizor\n|-damage|p2a: Scizor|0 fnt\n|faint|p2a: Scizor\n|\n|-damage|p1a: Ditto|22\/100 tox|[from] psn\n|upkeep\n|-message|Manisj forfeited.\n|\n|win|angzilovefansher\n|raw|angzilovefansher's rating: 1357 &rarr; <strong>1382<\/strong><br \/>(+25 for winning)\n|raw|Manisj's rating: 1445 &rarr; <strong>1420<\/strong><br \/>(-25 for losing)\n|l|\u203dManisj\n","uploadtime":1699793762,"views":7,"p1id":"angzilovefansher","p2id":"manisj","formatid":"gen9nationaldex","rating":1382,"private":0,"password":""}