{"id":"gen9nationaldex-1989054940","p1":"Trainer-Yanwu","p2":"Mr.114514","format":"[Gen 9] National Dex","log":"|j|\u2606Trainer-Yanwu\n|j|\u2606Mr.114514\n|t:|1699807165\n|gametype|singles\n|player|p1|Trainer-Yanwu|fisherman|1255\n|player|p2|Mr.114514|170|1203\n|teamsize|p1|6\n|teamsize|p2|6\n|gen|9\n|tier|[Gen 9] National Dex\n|rated|\n|rule|HP Percentage Mod: HP is shown in percentages\n|rule|Endless Battle Clause: Forcing endless battles is banned\n|rule|OHKO Clause: OHKO moves are banned\n|rule|Evasion Clause: Evasion abilities, items, and moves are banned\n|rule|Evasion Abilities Clause: Evasion abilities are banned\n|rule|Evasion Items Clause: Evasion items are banned\n|rule|Evasion Moves Clause: Evasion moves are banned\n|rule|Species Clause: Limit one of each Pok\u00e9mon\n|rule|Sleep Clause Mod: Limit one foe put to sleep\n|clearpoke\n|poke|p1|Mienshao, M|\n|poke|p1|Zapdos|\n|poke|p1|Scizor, M|\n|poke|p1|Pelipper, M|\n|poke|p1|Tapu Lele|\n|poke|p1|Hydreigon, M|\n|poke|p2|Urshifu-*, F|\n|poke|p2|Banette, F|\n|poke|p2|Kartana|\n|poke|p2|Iron Valiant|\n|poke|p2|Sandy Shocks|\n|poke|p2|Kommo-o, F|\n|teampreview\n|\n|t:|1699807193\n|start\n|switch|p1a: Mienshao|Mienshao, M|100\/100\n|switch|p2a: Kartana|Kartana|100\/100\n|turn|1\n|\n|t:|1699807244\n|switch|p2a: Banette|Banette, F|100\/100\n|move|p1a: Mienshao|Fake Out|p2a: Banette\n|-immune|p2a: Banette\n|\n|upkeep\n|turn|2\n|inactive|Battle timer is ON: inactive players will automatically lose when time's up. (requested by Trainer-Yanwu)\n|\n|t:|1699807264\n|detailschange|p2a: Banette|Banette-Mega, F\n|-mega|p2a: Banette|Banette|Banettite\n|move|p2a: Banette|Destiny Bond|p2a: Banette\n|-singlemove|p2a: Banette|Destiny Bond\n|move|p1a: Mienshao|Knock Off|p2a: Banette\n|-supereffective|p2a: Banette\n|-damage|p2a: Banette|11\/100\n|-damage|p1a: Mienshao|91\/100|[from] item: Life Orb\n|\n|upkeep\n|turn|3\n|\n|t:|1699807282\n|switch|p1a: Scizor|Scizor, M|100\/100\n|move|p2a: Banette|Poltergeist|p1a: Scizor\n|-activate|p1a: Scizor|move: Poltergeist|Scizorite\n|-damage|p1a: Scizor|22\/100\n|\n|upkeep\n|turn|4\n|\n|t:|1699807296\n|detailschange|p1a: Scizor|Scizor-Mega, M\n|-mega|p1a: Scizor|Scizor|Scizorite\n|move|p1a: Scizor|Bullet Punch|p2a: Banette\n|-damage|p2a: Banette|0 fnt\n|faint|p2a: Banette\n|\n|upkeep\n|inactive|Mr.114514 has 120 seconds left.\n|\n|t:|1699807333\n|switch|p2a: Kommo-o|Kommo-o, F|100\/100\n|turn|5\n|\n|t:|1699807340\n|switch|p1a: Tapu Lele|Tapu Lele|100\/100\n|-fieldstart|move: Psychic Terrain|[from] ability: Psychic Surge|[of] p1a: Tapu Lele\n|-zpower|p2a: Kommo-o\n|move|p2a: Kommo-o|Clangorous Soulblaze|p1a: Tapu Lele|[zeffect]\n|-immune|p1a: Tapu Lele\n|\n|upkeep\n|turn|6\n|inactive|Mr.114514 has 120 seconds left.\n|\n|t:|1699807361\n|switch|p2a: Kartana|Kartana|100\/100\n|move|p1a: Tapu Lele|Moonblast|p2a: Kartana\n|-resisted|p2a: Kartana\n|-damage|p2a: Kartana|26\/100\n|\n|upkeep\n|turn|7\n|\n|t:|1699807371\n|switch|p1a: Zapdos|Zapdos|100\/100\n|move|p2a: Kartana|Smart Strike|p1a: Zapdos\n|-resisted|p1a: Zapdos\n|-damage|p1a: Zapdos|75\/100\n|-status|p2a: Kartana|par|[from] ability: Static|[of] p1a: Zapdos\n|\n|-heal|p1a: Zapdos|82\/100|[from] item: Leftovers\n|upkeep\n|turn|8\n|\n|t:|1699807392\n|switch|p2a: Sandy Shocks|Sandy Shocks|100\/100\n|-enditem|p2a: Sandy Shocks|Booster Energy\n|-activate|p2a: Sandy Shocks|ability: Protosynthesis|[fromitem]\n|-start|p2a: Sandy Shocks|protosynthesisspa\n|move|p1a: Zapdos|Heat Wave|p2a: Sandy Shocks\n|-damage|p2a: Sandy Shocks|55\/100\n|\n|-heal|p1a: Zapdos|88\/100|[from] item: Leftovers\n|upkeep\n|turn|9\n|\n|t:|1699807411\n|-terastallize|p2a: Sandy Shocks|Ice\n|move|p2a: Sandy Shocks|Tera Blast|p1a: Zapdos|[anim] Tera Blast Ice\n|-supereffective|p1a: Zapdos\n|-damage|p1a: Zapdos|0 fnt\n|faint|p1a: Zapdos\n|\n|-fieldend|move: Psychic Terrain\n|upkeep\n|\n|t:|1699807421\n|switch|p1a: Mienshao|Mienshao, M|91\/100\n|turn|10\n|\n|t:|1699807430\n|move|p1a: Mienshao|High Jump Kick|p2a: Sandy Shocks\n|-supereffective|p2a: Sandy Shocks\n|-damage|p2a: Sandy Shocks|0 fnt\n|faint|p2a: Sandy Shocks\n|-end|p2a: Sandy Shocks|Protosynthesis|[silent]\n|-damage|p1a: Mienshao|81\/100|[from] item: Life Orb\n|\n|upkeep\n|\n|t:|1699807444\n|switch|p2a: Urshifu|Urshifu-Rapid-Strike, F|100\/100\n|turn|11\n|\n|t:|1699807460\n|move|p1a: Mienshao|High Jump Kick|p2a: Urshifu|[miss]\n|-miss|p1a: Mienshao|p2a: Urshifu\n|-damage|p1a: Mienshao|31\/100|[from] highjumpkick\n|move|p2a: Urshifu|Swords Dance|p2a: Urshifu\n|-boost|p2a: Urshifu|atk|2\n|\n|upkeep\n|turn|12\n|\n|t:|1699807469\n|move|p1a: Mienshao|High Jump Kick|p2a: Urshifu\n|-damage|p2a: Urshifu|0 fnt\n|faint|p2a: Urshifu\n|-damage|p1a: Mienshao|21\/100|[from] item: Life Orb\n|\n|upkeep\n|-message|Mr.114514 forfeited.\n|\n|win|Trainer-Yanwu\n|raw|Trainer-Yanwu's rating: 1255 &rarr; <strong>1276<\/strong><br \/>(+21 for winning)\n|raw|Mr.114514's rating: 1203 &rarr; <strong>1182<\/strong><br \/>(-21 for losing)\n|l|\u2606Mr.114514\n","uploadtime":1699807510,"views":13,"p1id":"traineryanwu","p2id":"mr114514","formatid":"gen9nationaldex","rating":1182,"private":0,"password":""}