{"id":"gen9nationaldex-1994329056","p1":"KoiGameing","p2":"God_Tawh","format":"[Gen 9] National Dex","log":"|j|\u2606KoiGameing\n|j|\u2606God_Tawh\n|t:|1700431688\n|gametype|singles\n|player|p1|KoiGameing|unknownf|1190\n|player|p2|God_Tawh|hilbert|1088\n|teamsize|p1|6\n|teamsize|p2|6\n|gen|9\n|tier|[Gen 9] National Dex\n|rated|\n|rule|HP Percentage Mod: HP is shown in percentages\n|rule|Endless Battle Clause: Forcing endless battles is banned\n|rule|OHKO Clause: OHKO moves are banned\n|rule|Evasion Clause: Evasion abilities, items, and moves are banned\n|rule|Evasion Abilities Clause: Evasion abilities are banned\n|rule|Evasion Items Clause: Evasion items are banned\n|rule|Evasion Moves Clause: Evasion moves are banned\n|rule|Species Clause: Limit one of each Pok\u00e9mon\n|rule|Sleep Clause Mod: Limit one foe put to sleep\n|clearpoke\n|poke|p1|Hatterene, F|\n|poke|p1|Porygon2|\n|poke|p1|Rabsca, M|\n|poke|p1|Ursaluna, F|\n|poke|p1|Heracross, M|\n|poke|p1|Glastrier|\n|poke|p2|Xurkitree|\n|poke|p2|Charizard, M|\n|poke|p2|Corviknight, M|\n|poke|p2|Snorlax, M|\n|poke|p2|Garchomp, M|\n|poke|p2|Great Tusk|\n|teampreview\n|\n|t:|1700431701\n|start\n|switch|p1a: Hatterene|Hatterene, F, shiny|100\/100\n|switch|p2a: Charizard|Charizard, M, shiny|100\/100\n|turn|1\n|\n|t:|1700431713\n|detailschange|p2a: Charizard|Charizard-Mega-Y, M, shiny\n|-mega|p2a: Charizard|Charizard|Charizardite Y\n|-weather|SunnyDay|[from] ability: Drought|[of] p2a: Charizard\n|-terastallize|p1a: Hatterene|Psychic\n|move|p2a: Charizard|Solar Beam||[still]\n|-prepare|p2a: Charizard|Solar Beam\n|-anim|p2a: Charizard|Solar Beam|p1a: Hatterene\n|-damage|p1a: Hatterene|48\/100\n|move|p1a: Hatterene|Trick Room|p1a: Hatterene\n|-fieldstart|move: Trick Room|[of] p1a: Hatterene\n|\n|-weather|SunnyDay|[upkeep]\n|upkeep\n|turn|2\n|\n|t:|1700431729\n|move|p1a: Hatterene|Healing Wish|p1a: Hatterene\n|faint|p1a: Hatterene\n|move|p2a: Charizard|Dragon Claw|p1: Hatterene|[notarget]\n|-fail|p2a: Charizard\n|\n|-weather|SunnyDay|[upkeep]\n|upkeep\n|\n|t:|1700431732\n|switch|p1a: Heracross|Heracross, M|100\/100\n|turn|3\n|\n|t:|1700431736\n|move|p1a: Heracross|Rock Blast|p2a: Charizard\n|-supereffective|p2a: Charizard\n|-damage|p2a: Charizard|36\/100\n|-supereffective|p2a: Charizard\n|-damage|p2a: Charizard|0 fnt\n|faint|p2a: Charizard\n|-ability|p1a: Heracross|Moxie|boost\n|-boost|p1a: Heracross|atk|1\n|-hitcount|p2: Charizard|2\n|\n|-weather|SunnyDay|[upkeep]\n|upkeep\n|\n|t:|1700431751\n|switch|p2a: Corviknight|Corviknight, M, shiny|100\/100\n|turn|4\n|\n|t:|1700431757\n|detailschange|p1a: Heracross|Heracross-Mega, M\n|-mega|p1a: Heracross|Heracross|Heracronite\n|move|p1a: Heracross|Rock Blast|p2a: Corviknight\n|-damage|p2a: Corviknight|89\/100\n|-damage|p2a: Corviknight|77\/100\n|-damage|p2a: Corviknight|66\/100\n|-crit|p2a: Corviknight\n|-damage|p2a: Corviknight|49\/100\n|-crit|p2a: Corviknight\n|-damage|p2a: Corviknight|32\/100\n|-hitcount|p2a: Corviknight|5\n|move|p2a: Corviknight|Brave Bird|p1a: Heracross\n|-supereffective|p1a: Heracross\n|-damage|p1a: Heracross|0 fnt\n|faint|p1a: Heracross\n|-damage|p2a: Corviknight|2\/100|[from] Recoil\n|\n|-weather|SunnyDay|[upkeep]\n|-heal|p2a: Corviknight|8\/100|[from] item: Leftovers\n|upkeep\n|\n|t:|1700431769\n|switch|p1a: Rabsca|Rabsca, M|100\/100\n|turn|5\n|\n|t:|1700431783\n|move|p1a: Rabsca|Revival Blessing|p1a: Rabsca\n|-enditem|p1a: Rabsca|Leppa Berry|[eat]\n|-activate|p1a: Rabsca|item: Leppa Berry|Revival Blessing|[consumed]\n|\n|t:|1700431785\n|-heal|p1: Heracross|50\/100|[from] move: Revival Blessing\n|move|p2a: Corviknight|Brave Bird|p1a: Rabsca\n|-supereffective|p1a: Rabsca\n|-damage|p1a: Rabsca|26\/100\n|-damage|p2a: Corviknight|0 fnt|[from] Recoil\n|faint|p2a: Corviknight\n|\n|-weather|none\n|-fieldend|move: Trick Room\n|upkeep\n|\n|t:|1700431799\n|switch|p2a: Snorlax|Snorlax, M, shiny|100\/100\n|turn|6\n|\n|t:|1700431806\n|move|p2a: Snorlax|Darkest Lariat|p1a: Rabsca\n|-supereffective|p1a: Rabsca\n|-damage|p1a: Rabsca|0 fnt\n|faint|p1a: Rabsca\n|\n|upkeep\n|\n|t:|1700431808\n|switch|p1a: Porygon2|Porygon2|100\/100\n|-ability|p1a: Porygon2|Immunity|[from] ability: Trace|[of] p2a: Snorlax\n|turn|7\n|\n|t:|1700431812\n|-zpower|p2a: Snorlax\n|move|p2a: Snorlax|Pulverizing Pancake|p1a: Porygon2|[zeffect]\n|-damage|p1a: Porygon2|24\/100\n|move|p1a: Porygon2|Trick Room|p1a: Porygon2\n|-fieldstart|move: Trick Room|[of] p1a: Porygon2\n|\n|upkeep\n|turn|8\n|\n|t:|1700431824\n|move|p2a: Snorlax|Darkest Lariat|p1a: Porygon2\n|-damage|p1a: Porygon2|5\/100\n|move|p1a: Porygon2|Recover|p1a: Porygon2\n|-heal|p1a: Porygon2|55\/100\n|\n|upkeep\n|turn|9\n|\n|t:|1700431829\n|move|p2a: Snorlax|Giga Impact|p1a: Porygon2\n|-damage|p1a: Porygon2|8\/100\n|-mustrecharge|p2a: Snorlax\n|move|p1a: Porygon2|Recover|p1a: Porygon2\n|-heal|p1a: Porygon2|58\/100\n|\n|upkeep\n|turn|10\n|\n|t:|1700431835\n|cant|p2a: Snorlax|recharge\n|move|p1a: Porygon2|Recover|p1a: Porygon2\n|-heal|p1a: Porygon2|100\/100\n|\n|upkeep\n|turn|11\n|\n|t:|1700431846\n|move|p2a: Snorlax|Darkest Lariat|p1a: Porygon2\n|-damage|p1a: Porygon2|80\/100\n|move|p1a: Porygon2|Recover|p1a: Porygon2\n|-heal|p1a: Porygon2|100\/100\n|\n|-fieldend|move: Trick Room\n|upkeep\n|turn|12\n|\n|t:|1700431863\n|move|p2a: Snorlax|Giga Impact|p1a: Porygon2|[miss]\n|-miss|p2a: Snorlax|p1a: Porygon2\n|move|p1a: Porygon2|Trick Room|p1a: Porygon2\n|-fieldstart|move: Trick Room|[of] p1a: Porygon2\n|\n|upkeep\n|turn|13\n|\n|t:|1700431868\n|move|p2a: Snorlax|Giga Impact|p1a: Porygon2\n|-damage|p1a: Porygon2|48\/100\n|-mustrecharge|p2a: Snorlax\n|move|p1a: Porygon2|Teleport|p1a: Porygon2\n|\n|t:|1700431874\n|switch|p1a: Ursaluna|Ursaluna, F|100\/100|[from] Teleport\n|\n|-status|p1a: Ursaluna|brn|[from] item: Flame Orb\n|upkeep\n|turn|14\n|\n|t:|1700431879\n|cant|p2a: Snorlax|recharge\n|move|p1a: Ursaluna|Facade|p2a: Snorlax\n|-damage|p2a: Snorlax|0 fnt\n|faint|p2a: Snorlax\n|\n|-damage|p1a: Ursaluna|94\/100 brn|[from] brn\n|upkeep\n|\n|t:|1700431892\n|switch|p2a: Garchomp|Garchomp, M, shiny|100\/100\n|turn|15\n|\n|t:|1700431897\n|move|p1a: Ursaluna|Facade|p2a: Garchomp\n|-damage|p2a: Garchomp|0 fnt\n|-damage|p1a: Ursaluna|82\/100 brn|[from] ability: Rough Skin|[of] p2a: Garchomp\n|faint|p2a: Garchomp\n|\n|-damage|p1a: Ursaluna|76\/100 brn|[from] brn\n|upkeep\n|\n|t:|1700431904\n|switch|p2a: Great Tusk|Great Tusk, shiny|100\/100\n|turn|16\n|\n|t:|1700431909\n|move|p1a: Ursaluna|Close Combat|p2a: Great Tusk\n|-damage|p2a: Great Tusk|47\/100\n|-unboost|p1a: Ursaluna|def|1\n|-unboost|p1a: Ursaluna|spd|1\n|move|p2a: Great Tusk|Ice Spinner|p1a: Ursaluna\n|-supereffective|p1a: Ursaluna\n|-damage|p1a: Ursaluna|16\/100 brn\n|\n|-damage|p1a: Ursaluna|10\/100 brn|[from] brn\n|-fieldend|move: Trick Room\n|upkeep\n|turn|17\n|\n|t:|1700431926\n|move|p2a: Great Tusk|Heavy Slam|p1a: Ursaluna\n|-damage|p1a: Ursaluna|0 fnt\n|faint|p1a: Ursaluna\n|\n|upkeep\n|\n|t:|1700431928\n|switch|p1a: Porygon2|Porygon2|48\/100\n|-heal|p1a: Porygon2|100\/100|[from] move: Healing Wish\n|turn|18\n|\n|t:|1700431942\n|move|p2a: Great Tusk|Heavy Slam|p1a: Porygon2\n|-damage|p1a: Porygon2|72\/100\n|move|p1a: Porygon2|Trick Room|p1a: Porygon2\n|-fieldstart|move: Trick Room|[of] p1a: Porygon2\n|\n|upkeep\n|turn|19\n|\n|t:|1700431990\n|move|p2a: Great Tusk|Ice Spinner|p1a: Porygon2\n|-damage|p1a: Porygon2|53\/100\n|move|p1a: Porygon2|Teleport|p1a: Porygon2\n|\n|t:|1700431992\n|switch|p1a: Glastrier|Glastrier|100\/100|[from] Teleport\n|\n|upkeep\n|turn|20\n|\n|t:|1700432015\n|move|p1a: Glastrier|Icicle Crash|p2a: Great Tusk\n|-supereffective|p2a: Great Tusk\n|-damage|p2a: Great Tusk|0 fnt\n|faint|p2a: Great Tusk\n|-end|p2a: Great Tusk|Protosynthesis|[silent]\n|-ability|p1a: Glastrier|Chilling Neigh|boost\n|-boost|p1a: Glastrier|atk|1\n|-damage|p1a: Glastrier|91\/100|[from] item: Life Orb\n|\n|upkeep\n|\n|t:|1700432019\n|switch|p2a: Xurkitree|Xurkitree, shiny|100\/100\n|turn|21\n|\n|t:|1700432052\n|move|p1a: Glastrier|Outrage|p2a: Xurkitree\n|-damage|p2a: Xurkitree|0 fnt\n|faint|p2a: Xurkitree\n|-damage|p1a: Glastrier|81\/100|[from] item: Life Orb\n|\n|win|KoiGameing\n|raw|KoiGameing's rating: 1190 &rarr; <strong>1208<\/strong><br \/>(+18 for winning)\n|raw|God_Tawh's rating: 1088 &rarr; <strong>1071<\/strong><br \/>(-17 for losing)\n|l|\u2606God_Tawh\n","uploadtime":1700432060,"views":5,"p1id":"koigameing","p2id":"godtawh","formatid":"gen9nationaldex","rating":1071,"private":0,"password":""}