{"id":"gen9nationaldex-1990082917","p1":"Kuzwa","p2":"bananasinpajamas7","format":"[Gen 9] National Dex","log":"|j|\u2606Kuzwa\n|j|\u2606bananasinpajamas7\n|t:|1699922700\n|gametype|singles\n|player|p1|Kuzwa|parasollady|1291\n|player|p2|bananasinpajamas7|brendan-gen3|1331\n|teamsize|p1|6\n|teamsize|p2|6\n|gen|9\n|tier|[Gen 9] National Dex\n|rated|\n|rule|HP Percentage Mod: HP is shown in percentages\n|rule|Endless Battle Clause: Forcing endless battles is banned\n|rule|OHKO Clause: OHKO moves are banned\n|rule|Evasion Clause: Evasion abilities, items, and moves are banned\n|rule|Evasion Abilities Clause: Evasion abilities are banned\n|rule|Evasion Items Clause: Evasion items are banned\n|rule|Evasion Moves Clause: Evasion moves are banned\n|rule|Species Clause: Limit one of each Pok\u00e9mon\n|rule|Sleep Clause Mod: Limit one foe put to sleep\n|clearpoke\n|poke|p1|Gallade, M|\n|poke|p1|Kartana|\n|poke|p1|Weavile, M|\n|poke|p1|Quaquaval, M|\n|poke|p1|Tapu Fini|\n|poke|p1|Ogerpon-Wellspring, F|\n|poke|p2|Sableye, M|\n|poke|p2|Clefable, F|\n|poke|p2|Toxapex, F|\n|poke|p2|Gliscor, M|\n|poke|p2|Rillaboom, M|\n|poke|p2|Heatran, M|\n|teampreview\n|\n|t:|1699922707\n|start\n|switch|p1a: Kamoshida|Quaquaval, M|100\/100\n|switch|p2a: Sableye|Sableye, M|100\/100\n|turn|1\n|\n|t:|1699922712\n|detailschange|p2a: Sableye|Sableye-Mega, M\n|-mega|p2a: Sableye|Sableye|Sablenite\n|move|p1a: Kamoshida|Aqua Step|p2a: Sableye\n|-damage|p2a: Sableye|66\/100\n|-boost|p1a: Kamoshida|spe|1\n|move|p2a: Sableye|Will-O-Wisp|p1a: Kamoshida\n|-status|p1a: Kamoshida|brn\n|\n|-damage|p1a: Kamoshida|94\/100 brn|[from] brn\n|upkeep\n|turn|2\n|\n|t:|1699922716\n|move|p1a: Kamoshida|Aqua Step|p2a: Sableye\n|-damage|p2a: Sableye|48\/100\n|-boost|p1a: Kamoshida|spe|1\n|move|p2a: Sableye|Knock Off|p1a: Kamoshida\n|-resisted|p1a: Kamoshida\n|-damage|p1a: Kamoshida|76\/100 brn\n|-enditem|p1a: Kamoshida|Focus Sash|[from] move: Knock Off|[of] p2a: Sableye\n|\n|-damage|p1a: Kamoshida|70\/100 brn|[from] brn\n|upkeep\n|turn|3\n|\n|t:|1699922719\n|move|p1a: Kamoshida|Aqua Step|p2a: Sableye\n|-damage|p2a: Sableye|33\/100\n|-boost|p1a: Kamoshida|spe|1\n|move|p2a: Sableye|Recover|p2a: Sableye\n|-heal|p2a: Sableye|83\/100\n|\n|-damage|p1a: Kamoshida|64\/100 brn|[from] brn\n|upkeep\n|turn|4\n|\n|t:|1699922722\n|move|p1a: Kamoshida|Aqua Step|p2a: Sableye\n|-damage|p2a: Sableye|66\/100\n|-boost|p1a: Kamoshida|spe|1\n|move|p2a: Sableye|Knock Off|p1a: Kamoshida\n|-resisted|p1a: Kamoshida\n|-crit|p1a: Kamoshida\n|-damage|p1a: Kamoshida|45\/100 brn\n|\n|-damage|p1a: Kamoshida|38\/100 brn|[from] brn\n|upkeep\n|turn|5\n|\n|t:|1699922731\n|move|p1a: Kamoshida|Ice Spinner|p2a: Sableye\n|-damage|p2a: Sableye|54\/100\n|move|p2a: Sableye|Knock Off|p1a: Kamoshida\n|-resisted|p1a: Kamoshida\n|-damage|p1a: Kamoshida|25\/100 brn\n|\n|-damage|p1a: Kamoshida|19\/100 brn|[from] brn\n|upkeep\n|turn|6\n|\n|t:|1699922734\n|move|p1a: Kamoshida|Aqua Step|p2a: Sableye\n|-damage|p2a: Sableye|37\/100\n|-boost|p1a: Kamoshida|spe|1\n|move|p2a: Sableye|Knock Off|p1a: Kamoshida\n|-resisted|p1a: Kamoshida\n|-damage|p1a: Kamoshida|6\/100 brn\n|\n|-damage|p1a: Kamoshida|0 fnt|[from] brn\n|faint|p1a: Kamoshida\n|upkeep\n|\n|t:|1699922740\n|switch|p1a: Nyx|Tapu Fini, shiny|100\/100\n|-fieldstart|move: Misty Terrain|[from] ability: Misty Surge|[of] p1a: Nyx\n|turn|7\n|\n|t:|1699922749\n|switch|p2a: Toxapex|Toxapex, F|100\/100\n|move|p1a: Nyx|Moonblast|p2a: Toxapex\n|-resisted|p2a: Toxapex\n|-damage|p2a: Toxapex|86\/100\n|\n|-heal|p2a: Toxapex|92\/100|[from] item: Leftovers\n|upkeep\n|turn|8\n|\n|t:|1699922753\n|switch|p1a: Makoto Yuki|Kartana, shiny|100\/100\n|move|p2a: Toxapex|Scald|p1a: Makoto Yuki\n|-resisted|p1a: Makoto Yuki\n|-damage|p1a: Makoto Yuki|74\/100\n|\n|-heal|p2a: Toxapex|99\/100|[from] item: Leftovers\n|upkeep\n|turn|9\n|\n|t:|1699922760\n|switch|p2a: Heatran|Heatran, M|100\/100\n|move|p1a: Makoto Yuki|Swords Dance|p1a: Makoto Yuki\n|-boost|p1a: Makoto Yuki|atk|2\n|\n|upkeep\n|turn|10\n|\n|t:|1699922765\n|move|p1a: Makoto Yuki|Sacred Sword|p2a: Heatran\n|-supereffective|p2a: Heatran\n|-damage|p2a: Heatran|0 fnt\n|faint|p2a: Heatran\n|-ability|p1a: Makoto Yuki|Beast Boost|boost\n|-boost|p1a: Makoto Yuki|atk|1\n|\n|upkeep\n|\n|t:|1699922772\n|switch|p2a: Gliscor|Gliscor, M|100\/100\n|turn|11\n|\n|t:|1699922775\n|move|p1a: Makoto Yuki|Leaf Blade|p2a: Gliscor\n|-damage|p2a: Gliscor|0 fnt\n|faint|p2a: Gliscor\n|-ability|p1a: Makoto Yuki|Beast Boost|boost\n|-boost|p1a: Makoto Yuki|atk|1\n|\n|-fieldend|Misty Terrain\n|upkeep\n|\n|t:|1699922780\n|switch|p2a: Rillaboom|Rillaboom, M|100\/100\n|-fieldstart|move: Grassy Terrain|[from] ability: Grassy Surge|[of] p2a: Rillaboom\n|turn|12\n|\n|t:|1699922783\n|move|p1a: Makoto Yuki|Smart Strike|p2a: Rillaboom\n|-damage|p2a: Rillaboom|0 fnt\n|faint|p2a: Rillaboom\n|-ability|p1a: Makoto Yuki|Beast Boost|boost\n|-boost|p1a: Makoto Yuki|atk|1\n|\n|-heal|p1a: Makoto Yuki|80\/100|[from] Grassy Terrain\n|upkeep\n|c|\u2606bananasinpajamas7|well played\n|-message|bananasinpajamas7 forfeited.\n|\n|win|Kuzwa\n|raw|Kuzwa's rating: 1291 &rarr; <strong>1319<\/strong><br \/>(+28 for winning)\n|raw|bananasinpajamas7's rating: 1331 &rarr; <strong>1309<\/strong><br \/>(-22 for losing)\n|l|\u2606bananasinpajamas7\n","uploadtime":1699922796,"views":4,"p1id":"kuzwa","p2id":"bananasinpajamas7","formatid":"gen9nationaldex","rating":1309,"private":0,"password":""}