{"id":"gen9nationaldex-1995062833","p1":"PikaTheRat","p2":"KaneWritez","format":"[Gen 9] National Dex","log":"|html|<div class=\"broadcast-blue\"><strong>[Gen 9] National Dex is currently suspecting Sneasler! For information on how to participate check out the <a href=\"https:\/\/www.smogon.com\/forums\/threads\/sv-national-dex-suspect-8-just-dance.3731534\/\">suspect thread<\/a>.<\/strong><\/div>\n|j|\u2606PikaTheRat\n|j|\u2606KaneWritez\n|t:|1700518510\n|gametype|singles\n|player|p1|PikaTheRat|lucas|\n|player|p2|KaneWritez|266|\n|teamsize|p1|3\n|teamsize|p2|2\n|gen|9\n|tier|[Gen 9] National Dex\n|rule|HP Percentage Mod: HP is shown in percentages\n|rule|Endless Battle Clause: Forcing endless battles is banned\n|rule|OHKO Clause: OHKO moves are banned\n|rule|Evasion Clause: Evasion abilities, items, and moves are banned\n|rule|Evasion Abilities Clause: Evasion abilities are banned\n|rule|Evasion Items Clause: Evasion items are banned\n|rule|Evasion Moves Clause: Evasion moves are banned\n|rule|Species Clause: Limit one of each Pok\u00e9mon\n|rule|Sleep Clause Mod: Limit one foe put to sleep\n|clearpoke\n|poke|p1|Bagon, L10, M|\n|poke|p1|Rockruff, L8, M|\n|poke|p1|Lotad, L7, F|\n|poke|p2|Spheal, L10, M|\n|poke|p2|Grubbin, L9, M|\n|teampreview\n|\n|t:|1700518539\n|start\n|switch|p1a: Rocky|Bagon, L10, M|100\/100\n|switch|p2a: Grubbin|Grubbin, L9, M|100\/100\n|turn|1\n|\n|t:|1700518547\n|move|p1a: Rocky|Dragon Breath|p2a: Grubbin\n|-damage|p2a: Grubbin|55\/100\n|-status|p2a: Grubbin|par\n|move|p2a: Grubbin|Mud-Slap|p1a: Rocky\n|-damage|p1a: Rocky|91\/100\n|-unboost|p1a: Rocky|accuracy|1\n|\n|upkeep\n|turn|2\n|\n|t:|1700518559\n|move|p1a: Rocky|Ember|p2a: Grubbin\n|-supereffective|p2a: Grubbin\n|-damage|p2a: Grubbin|9\/100 par\n|move|p2a: Grubbin|Mud-Slap|p1a: Rocky\n|-damage|p1a: Rocky|82\/100\n|-unboost|p1a: Rocky|accuracy|1\n|\n|upkeep\n|turn|3\n|\n|t:|1700518570\n|switch|p1a: Lucy|Lotad, L7, F|100\/100\n|cant|p2a: Grubbin|par\n|\n|upkeep\n|turn|4\n|\n|t:|1700518578\n|move|p1a: Lucy|Water Gun|p2a: Grubbin\n|-damage|p2a: Grubbin|0 fnt\n|faint|p2a: Grubbin\n|\n|upkeep\n|\n|t:|1700518584\n|switch|p2a: Spheal|Spheal, L10, M|100\/100\n|turn|5\n|\n|t:|1700518591\n|move|p1a: Lucy|Absorb|p2a: Spheal\n|-supereffective|p2a: Spheal\n|-damage|p2a: Spheal|95\/100\n|move|p2a: Spheal|Rollout|p1a: Lucy\n|-damage|p1a: Lucy|75\/100\n|\n|upkeep\n|turn|6\n|\n|t:|1700518599\n|move|p1a: Lucy|Absorb|p2a: Spheal\n|-supereffective|p2a: Spheal\n|-damage|p2a: Spheal|90\/100\n|-heal|p1a: Lucy|80\/100|[from] drain|[of] p2a: Spheal\n|move|p2a: Spheal|Rollout|p1a: Lucy|[from]lockedmove|[miss]\n|-miss|p2a: Spheal|p1a: Lucy\n|\n|upkeep\n|turn|7\n|\n|t:|1700518610\n|move|p1a: Lucy|Absorb|p2a: Spheal\n|-supereffective|p2a: Spheal\n|-damage|p2a: Spheal|84\/100\n|-heal|p1a: Lucy|84\/100|[from] drain|[of] p2a: Spheal\n|move|p2a: Spheal|Rollout|p1a: Lucy\n|-damage|p1a: Lucy|55\/100\n|\n|upkeep\n|turn|8\n|\n|t:|1700518618\n|move|p1a: Lucy|Absorb|p2a: Spheal\n|-supereffective|p2a: Spheal\n|-damage|p2a: Spheal|79\/100\n|-heal|p1a: Lucy|59\/100|[from] drain|[of] p2a: Spheal\n|move|p2a: Spheal|Rollout|p1a: Lucy|[from]lockedmove\n|-damage|p1a: Lucy|9\/100\n|\n|upkeep\n|turn|9\n|\n|t:|1700518626\n|move|p1a: Lucy|Absorb|p2a: Spheal\n|-supereffective|p2a: Spheal\n|-damage|p2a: Spheal|73\/100\n|-heal|p1a: Lucy|13\/100|[from] drain|[of] p2a: Spheal\n|move|p2a: Spheal|Rollout|p1a: Lucy|[from]lockedmove\n|-damage|p1a: Lucy|0 fnt\n|faint|p1a: Lucy\n|\n|upkeep\n|\n|t:|1700518635\n|switch|p1a: Rockruff|Rockruff, L8, M|100\/100\n|turn|10\n|\n|t:|1700518643\n|move|p1a: Rockruff|Sand Attack|p2a: Spheal\n|-unboost|p2a: Spheal|accuracy|1\n|move|p2a: Spheal|Rollout|p1a: Rockruff|[from]lockedmove\n|-damage|p1a: Rockruff|0 fnt\n|faint|p1a: Rockruff\n|\n|upkeep\n|\n|t:|1700518651\n|switch|p1a: Rocky|Bagon, L10, M|82\/100\n|turn|11\n|\n|t:|1700518657\n|move|p1a: Rocky|Dragon Breath|p2a: Spheal\n|-damage|p2a: Spheal|46\/100\n|-status|p2a: Spheal|par\n|move|p2a: Spheal|Rollout|p1a: Rocky|[from]lockedmove\n|-damage|p1a: Rocky|0 fnt\n|faint|p1a: Rocky\n|\n|win|KaneWritez\n","uploadtime":1700518670,"views":2,"p1id":"pikatherat","p2id":"kanewritez","formatid":"gen9nationaldex","rating":0,"private":0,"password":""}