{"id":"gen9nationaldex-1995061385","p1":"Eliprogamer","p2":"The Critical God","format":"[Gen 9] National Dex","log":"|html|<div class=\"broadcast-blue\"><strong>[Gen 9] National Dex is currently suspecting Sneasler! For information on how to participate check out the <a href=\"https:\/\/www.smogon.com\/forums\/threads\/sv-national-dex-suspect-8-just-dance.3731534\/\">suspect thread<\/a>.<\/strong><\/div>\n|j|\u2606Eliprogamer\n|j|\u203dThe Critical God\n|inactive|Battle timer is ON: inactive players will automatically lose when time's up.\n|t:|1700518358\n|gametype|singles\n|player|p1|Eliprogamer|biker-gen4|\n|player|p2|The Critical God|169|\n|teamsize|p1|6\n|teamsize|p2|6\n|gen|9\n|tier|[Gen 9] National Dex\n|rated|Tournament battle\n|rule|HP Percentage Mod: HP is shown in percentages\n|rule|Endless Battle Clause: Forcing endless battles is banned\n|rule|OHKO Clause: OHKO moves are banned\n|rule|Evasion Clause: Evasion abilities, items, and moves are banned\n|rule|Evasion Abilities Clause: Evasion abilities are banned\n|rule|Evasion Items Clause: Evasion items are banned\n|rule|Evasion Moves Clause: Evasion moves are banned\n|rule|Species Clause: Limit one of each Pok\u00e9mon\n|rule|Sleep Clause Mod: Limit one foe put to sleep\n|clearpoke\n|poke|p1|Cinderace, F|\n|poke|p1|Chandelure, F|\n|poke|p1|Dragonite, F|\n|poke|p1|Slowbro, M|\n|poke|p1|Venusaur, F|\n|poke|p1|Iron Treads|\n|poke|p2|Blissey, F|\n|poke|p2|Glimmora, F|\n|poke|p2|Toxapex, M|\n|poke|p2|Garganacl, M|\n|poke|p2|Alomomola, M|\n|poke|p2|Ferrothorn, M|\n|teampreview\n|c|\u2606Eliprogamer|Man\n|c|\u2606Eliprogamer|Ah well\n|c|\u2606Eliprogamer|It is what it is\n|\n|t:|1700518378\n|start\n|switch|p1a: Onlyusedcuzgood|Cinderace, F|100\/100\n|switch|p2a: Glimmora|Glimmora, F|100\/100\n|turn|1\n|\n|t:|1700518388\n|move|p1a: Onlyusedcuzgood|U-turn|p2a: Glimmora\n|-start|p1a: Onlyusedcuzgood|typechange|Bug|[from] ability: Libero\n|-resisted|p2a: Glimmora\n|-damage|p2a: Glimmora|83\/100\n|-activate|p2a: Glimmora|ability: Toxic Debris\n|-sidestart|p1: Eliprogamer|move: Toxic Spikes\n|\n|t:|1700518395\n|switch|p1a: Peni\u00a7infrontofface|Iron Treads|100\/100|[from] U-turn\n|move|p2a: Glimmora|Toxic Spikes|p1a: Peni\u00a7infrontofface\n|-sidestart|p1: Eliprogamer|move: Toxic Spikes\n|\n|upkeep\n|turn|2\n|\n|t:|1700518403\n|switch|p2a: Garganacl|Garganacl, M|100\/100\n|move|p1a: Peni\u00a7infrontofface|Earthquake|p2a: Garganacl\n|-supereffective|p2a: Garganacl\n|-damage|p2a: Garganacl|46\/100\n|\n|-heal|p2a: Garganacl|52\/100|[from] item: Leftovers\n|upkeep\n|turn|3\n|\n|t:|1700518412\n|move|p2a: Garganacl|Protect|p2a: Garganacl\n|-singleturn|p2a: Garganacl|Protect\n|move|p1a: Peni\u00a7infrontofface|Iron Head|p2a: Garganacl\n|-activate|p2a: Garganacl|move: Protect\n|\n|-heal|p2a: Garganacl|58\/100|[from] item: Leftovers\n|upkeep\n|turn|4\n|\n|t:|1700518426\n|move|p1a: Peni\u00a7infrontofface|Earthquake|p2a: Garganacl\n|-supereffective|p2a: Garganacl\n|-damage|p2a: Garganacl|4\/100\n|move|p2a: Garganacl|Recover|p2a: Garganacl\n|-heal|p2a: Garganacl|54\/100\n|\n|-heal|p2a: Garganacl|61\/100|[from] item: Leftovers\n|upkeep\n|turn|5\n|\n|t:|1700518439\n|-end|p1a: Peni\u00a7infrontofface|Quark Drive|[silent]\n|switch|p1a: VAMO MESSI VAMOO|Dragonite, F, shiny|100\/100\n|move|p2a: Garganacl|Salt Cure|p1a: VAMO MESSI VAMOO\n|-supereffective|p1a: VAMO MESSI VAMOO\n|-damage|p1a: VAMO MESSI VAMOO|87\/100\n|-start|p1a: VAMO MESSI VAMOO|Salt Cure\n|\n|-heal|p2a: Garganacl|67\/100|[from] item: Leftovers\n|-damage|p1a: VAMO MESSI VAMOO|74\/100|[from] Salt Cure\n|upkeep\n|turn|6\n|\n|t:|1700518446\n|switch|p1a: Peni\u00a7infrontofface|Iron Treads|100\/100\n|move|p2a: Garganacl|Iron Defense|p2a: Garganacl\n|-boost|p2a: Garganacl|def|2\n|\n|-heal|p2a: Garganacl|73\/100|[from] item: Leftovers\n|upkeep\n|turn|7\n|\n|t:|1700518456\n|-end|p1a: Peni\u00a7infrontofface|Quark Drive|[silent]\n|switch|p1a: Weed Frog|Venusaur, F|100\/100\n|-sideend|p1: Eliprogamer|move: Toxic Spikes|[of] p1a: Weed Frog\n|move|p2a: Garganacl|Iron Defense|p2a: Garganacl\n|-boost|p2a: Garganacl|def|2\n|\n|-heal|p2a: Garganacl|79\/100|[from] item: Leftovers\n|upkeep\n|turn|8\n|\n|t:|1700518461\n|detailschange|p1a: Weed Frog|Venusaur-Mega, F\n|-mega|p1a: Weed Frog|Venusaur|Venusaurite\n|move|p1a: Weed Frog|Leech Seed|p2a: Garganacl\n|-start|p2a: Garganacl|move: Leech Seed\n|move|p2a: Garganacl|Salt Cure|p1a: Weed Frog\n|-damage|p1a: Weed Frog|90\/100\n|-start|p1a: Weed Frog|Salt Cure\n|\n|-heal|p2a: Garganacl|85\/100|[from] item: Leftovers\n|-damage|p2a: Garganacl|73\/100|[from] Leech Seed|[of] p1a: Weed Frog\n|-heal|p1a: Weed Frog|100\/100|[silent]\n|-damage|p1a: Weed Frog|88\/100|[from] Salt Cure\n|upkeep\n|turn|9\n|\n|t:|1700518471\n|switch|p1a: Twomad|Slowbro, M|100\/100\n|switch|p2a: Ferrothorn|Ferrothorn, M|100\/100\n|\n|upkeep\n|turn|10\n|\n|t:|1700518476\n|switch|p1a: Weed Frog|Venusaur-Mega, F|88\/100\n|move|p2a: Ferrothorn|Toxic|p1a: Weed Frog\n|-immune|p1a: Weed Frog\n|\n|upkeep\n|turn|11\n|\n|t:|1700518491\n|move|p1a: Weed Frog|Earth Power|p2a: Ferrothorn\n|-damage|p2a: Ferrothorn|78\/100\n|move|p2a: Ferrothorn|Gyro Ball|p1a: Weed Frog\n|-crit|p1a: Weed Frog\n|-damage|p1a: Weed Frog|36\/100\n|\n|-heal|p2a: Ferrothorn|84\/100|[from] item: Leftovers\n|upkeep\n|turn|12\n|\n|t:|1700518500\n|switch|p1a: Twomad|Slowbro, M|100\/100\n|move|p2a: Ferrothorn|Gyro Ball|p1a: Twomad\n|-resisted|p1a: Twomad\n|-damage|p1a: Twomad|95\/100\n|-damage|p2a: Ferrothorn|68\/100|[from] item: Rocky Helmet|[of] p1a: Twomad\n|\n|-heal|p2a: Ferrothorn|74\/100|[from] item: Leftovers\n|upkeep\n|turn|13\n|\n|t:|1700518510\n|switch|p1a: Weed Frog|Venusaur-Mega, F|36\/100\n|move|p2a: Ferrothorn|Toxic|p1a: Weed Frog\n|-immune|p1a: Weed Frog\n|\n|-heal|p2a: Ferrothorn|80\/100|[from] item: Leftovers\n|upkeep\n|turn|14\n|\n|t:|1700518517\n|switch|p1a: Kanye|Chandelure, F, shiny|100\/100\n|move|p2a: Ferrothorn|Gyro Ball|p1a: Kanye\n|-resisted|p1a: Kanye\n|-damage|p1a: Kanye|66\/100\n|\n|-heal|p2a: Ferrothorn|87\/100|[from] item: Leftovers\n|upkeep\n|turn|15\n|\n|t:|1700518525\n|switch|p2a: Blissey|Blissey, F|100\/100\n|move|p1a: Kanye|Trick|p2a: Blissey\n|-activate|p1a: Kanye|move: Trick|[of] p2a: Blissey\n|-item|p2a: Blissey|Choice Scarf|[from] move: Trick\n|-item|p1a: Kanye|Leftovers|[from] move: Trick\n|\n|-heal|p1a: Kanye|72\/100|[from] item: Leftovers\n|upkeep\n|turn|16\n|\n|t:|1700518533\n|switch|p1a: Peni\u00a7infrontofface|Iron Treads|100\/100\n|move|p2a: Blissey|Toxic|p1a: Peni\u00a7infrontofface\n|-immune|p1a: Peni\u00a7infrontofface\n|\n|upkeep\n|turn|17\n|\n|t:|1700518539\n|switch|p2a: Ferrothorn|Ferrothorn, M|87\/100\n|move|p1a: Peni\u00a7infrontofface|Earthquake|p2a: Ferrothorn\n|-damage|p2a: Ferrothorn|63\/100\n|\n|-heal|p2a: Ferrothorn|70\/100|[from] item: Leftovers\n|upkeep\n|turn|18\n|\n|t:|1700518548\n|-end|p1a: Peni\u00a7infrontofface|Quark Drive|[silent]\n|switch|p1a: Twomad|Slowbro, M|100\/100\n|move|p2a: Ferrothorn|Leech Seed|p1a: Twomad\n|-start|p1a: Twomad|move: Leech Seed\n|\n|-heal|p2a: Ferrothorn|76\/100|[from] item: Leftovers\n|-damage|p1a: Twomad|88\/100|[from] Leech Seed|[of] p2a: Ferrothorn\n|-heal|p2a: Ferrothorn|90\/100|[silent]\n|upkeep\n|turn|19\n|\n|t:|1700518560\n|switch|p1a: Weed Frog|Venusaur-Mega, F|36\/100\n|move|p2a: Ferrothorn|Toxic|p1a: Weed Frog\n|-immune|p1a: Weed Frog\n|\n|-heal|p2a: Ferrothorn|96\/100|[from] item: Leftovers\n|upkeep\n|turn|20\n|\n|t:|1700518568\n|switch|p1a: Onlyusedcuzgood|Cinderace, F|100\/100\n|move|p2a: Ferrothorn|Gyro Ball|p1a: Onlyusedcuzgood\n|-resisted|p1a: Onlyusedcuzgood\n|-damage|p1a: Onlyusedcuzgood|68\/100\n|\n|-heal|p2a: Ferrothorn|100\/100|[from] item: Leftovers\n|upkeep\n|turn|21\n|\n|t:|1700518578\n|switch|p2a: Toxapex|Toxapex, M|100\/100\n|move|p1a: Onlyusedcuzgood|U-turn|p2a: Toxapex\n|-start|p1a: Onlyusedcuzgood|typechange|Bug|[from] ability: Libero\n|-resisted|p2a: Toxapex\n|-crit|p2a: Toxapex\n|-damage|p2a: Toxapex|84\/100\n|\n|t:|1700518583\n|switch|p1a: Weed Frog|Venusaur-Mega, F|36\/100|[from] U-turn\n|\n|-heal|p2a: Toxapex|90\/100|[from] item: Leftovers\n|upkeep\n|turn|22\n|\n|t:|1700518597\n|switch|p2a: Ferrothorn|Ferrothorn, M|100\/100\n|move|p1a: Weed Frog|Earth Power|p2a: Ferrothorn\n|-damage|p2a: Ferrothorn|79\/100\n|\n|-heal|p2a: Ferrothorn|85\/100|[from] item: Leftovers\n|upkeep\n|turn|23\n|\n|t:|1700518606\n|move|p1a: Weed Frog|Earth Power|p2a: Ferrothorn\n|-damage|p2a: Ferrothorn|64\/100\n|move|p2a: Ferrothorn|Gyro Ball|p1a: Weed Frog\n|-damage|p1a: Weed Frog|4\/100\n|\n|-heal|p2a: Ferrothorn|70\/100|[from] item: Leftovers\n|upkeep\n|turn|24\n|\n|t:|1700518615\n|move|p1a: Weed Frog|Earth Power|p2a: Ferrothorn\n|-damage|p2a: Ferrothorn|49\/100\n|move|p2a: Ferrothorn|Gyro Ball|p1a: Weed Frog\n|-damage|p1a: Weed Frog|0 fnt\n|faint|p1a: Weed Frog\n|\n|-heal|p2a: Ferrothorn|55\/100|[from] item: Leftovers\n|upkeep\n|\n|t:|1700518623\n|switch|p1a: VAMO MESSI VAMOO|Dragonite, F, shiny|74\/100\n|turn|25\n|\n|t:|1700518637\n|move|p1a: VAMO MESSI VAMOO|Fire Punch|p2a: Ferrothorn\n|-supereffective|p2a: Ferrothorn\n|-damage|p2a: Ferrothorn|0 fnt\n|-damage|p1a: VAMO MESSI VAMOO|62\/100|[from] ability: Iron Barbs|[of] p2a: Ferrothorn\n|faint|p2a: Ferrothorn\n|\n|upkeep\n|\n|t:|1700518641\n|switch|p2a: Toxapex|Toxapex, M|100\/100\n|turn|26\n|\n|t:|1700518646\n|switch|p1a: Twomad|Slowbro, M|100\/100\n|move|p2a: Toxapex|Toxic|p1a: Twomad\n|-status|p1a: Twomad|tox\n|\n|-damage|p1a: Twomad|94\/100 tox|[from] psn\n|upkeep\n|turn|27\n|\n|t:|1700518652\n|switch|p2a: Blissey|Blissey, F|100\/100\n|move|p1a: Twomad|Future Sight|p2a: Blissey\n|-start|p1a: Twomad|move: Future Sight\n|\n|-damage|p1a: Twomad|82\/100 tox|[from] psn\n|upkeep\n|turn|28\n|\n|t:|1700518658\n|move|p2a: Blissey|Protect|p2a: Blissey\n|-singleturn|p2a: Blissey|Protect\n|move|p1a: Twomad|Teleport|p1a: Twomad\n|\n|t:|1700518665\n|switch|p1a: VAMO MESSI VAMOO|Dragonite, F, shiny|62\/100|[from] Teleport\n|\n|upkeep\n|turn|29\n|\n|t:|1700518674\n|switch|p2a: Toxapex|Toxapex, M|100\/100\n|move|p1a: VAMO MESSI VAMOO|Earthquake|p2a: Toxapex\n|-supereffective|p2a: Toxapex\n|-damage|p2a: Toxapex|27\/100\n|\n|-end|p2a: Toxapex|move: Future Sight\n|-supereffective|p2a: Toxapex\n|-damage|p2a: Toxapex|0 fnt\n|faint|p2a: Toxapex\n|upkeep\n|\n|t:|1700518683\n|switch|p2a: Alomomola|Alomomola, M|100\/100\n|turn|30\n|\n|t:|1700518691\n|switch|p1a: Twomad|Slowbro, M|100\/100 tox\n|move|p2a: Alomomola|Toxic|p1a: Twomad\n|-fail|p1a: Twomad|tox\n|\n|-damage|p1a: Twomad|94\/100 tox|[from] psn\n|upkeep\n|turn|31\n|\n|t:|1700518707\n|move|p2a: Alomomola|Protect|p2a: Alomomola\n|-singleturn|p2a: Alomomola|Protect\n|move|p1a: Twomad|Future Sight|p2a: Alomomola\n|-start|p1a: Twomad|move: Future Sight\n|\n|-damage|p1a: Twomad|82\/100 tox|[from] psn\n|upkeep\n|turn|32\n|\n|t:|1700518718\n|move|p2a: Alomomola|Flip Turn|p1a: Twomad\n|-resisted|p1a: Twomad\n|-damage|p1a: Twomad|78\/100 tox\n|-damage|p2a: Alomomola|84\/100|[from] item: Rocky Helmet|[of] p1a: Twomad\n|\n|t:|1700518722\n|switch|p2a: Garganacl|Garganacl, M|73\/100|[from] Flip Turn\n|move|p1a: Twomad|Teleport|p1a: Twomad\n|\n|t:|1700518727\n|switch|p1a: VAMO MESSI VAMOO|Dragonite, F, shiny|62\/100|[from] Teleport\n|\n|-heal|p2a: Garganacl|79\/100|[from] item: Leftovers\n|upkeep\n|turn|33\n|\n|t:|1700518733\n|move|p2a: Garganacl|Protect|p2a: Garganacl\n|-singleturn|p2a: Garganacl|Protect\n|move|p1a: VAMO MESSI VAMOO|Earthquake|p2a: Garganacl\n|-activate|p2a: Garganacl|move: Protect\n|\n|-end|p2a: Garganacl|move: Future Sight\n|-damage|p2a: Garganacl|51\/100\n|-heal|p2a: Garganacl|57\/100|[from] item: Leftovers\n|upkeep\n|turn|34\n|\n|t:|1700518740\n|move|p1a: VAMO MESSI VAMOO|Earthquake|p2a: Garganacl\n|-supereffective|p2a: Garganacl\n|-damage|p2a: Garganacl|0 fnt\n|faint|p2a: Garganacl\n|\n|upkeep\n|\n|t:|1700518745\n|switch|p2a: Alomomola|Alomomola, M|100\/100\n|turn|35\n|\n|t:|1700518752\n|switch|p1a: Twomad|Slowbro, M|100\/100 tox\n|move|p2a: Alomomola|Flip Turn|p1a: Twomad\n|-resisted|p1a: Twomad\n|-damage|p1a: Twomad|96\/100 tox\n|-damage|p2a: Alomomola|84\/100|[from] item: Rocky Helmet|[of] p1a: Twomad\n|\n|t:|1700518756\n|switch|p2a: Blissey|Blissey, F|100\/100|[from] Flip Turn\n|\n|-damage|p1a: Twomad|90\/100 tox|[from] psn\n|upkeep\n|turn|36\n|-message|The Critical God forfeited.\n|\n|win|Eliprogamer\n|n|\u2606Eliprogamer|eliprogamer\n|n|\u203dThe Critical God|thecriticalgod\n|l|\u203dThe Critical God\n","uploadtime":1700518774,"views":1,"p1id":"eliprogamer","p2id":"thecriticalgod","formatid":"gen9nationaldex","rating":0,"private":0,"password":""}