{"id":"gen9nationaldex-1993685185","p1":"Genarf","p2":"Gigkhigigig","format":"[Gen 9] National Dex","log":"|j|\u2606Genarf\n|j|\u2606Gigkhigigig\n|t:|1700345376\n|gametype|singles\n|player|p1|Genarf|ghetsis-gen5bw|1045\n|player|p2|Gigkhigigig|1|1033\n|teamsize|p1|6\n|teamsize|p2|6\n|gen|9\n|tier|[Gen 9] National Dex\n|rated|\n|rule|HP Percentage Mod: HP is shown in percentages\n|rule|Endless Battle Clause: Forcing endless battles is banned\n|rule|OHKO Clause: OHKO moves are banned\n|rule|Evasion Clause: Evasion abilities, items, and moves are banned\n|rule|Evasion Abilities Clause: Evasion abilities are banned\n|rule|Evasion Items Clause: Evasion items are banned\n|rule|Evasion Moves Clause: Evasion moves are banned\n|rule|Species Clause: Limit one of each Pok\u00e9mon\n|rule|Sleep Clause Mod: Limit one foe put to sleep\n|clearpoke\n|poke|p1|Cofagrigus, M|\n|poke|p1|Bouffalant, M|\n|poke|p1|Eelektross, M|\n|poke|p1|Bisharp, F|\n|poke|p1|Seismitoad, M|\n|poke|p1|Hydreigon, M|\n|poke|p2|Ariados, M|\n|poke|p2|Golisopod, M|\n|poke|p2|Scizor, M|\n|poke|p2|Armaldo, F|\n|poke|p2|Araquanid, M|\n|poke|p2|Vikavolt, F|\n|teampreview\n|inactive|Battle timer is ON: inactive players will automatically lose when time's up. (requested by Genarf)\n|\n|t:|1700345383\n|start\n|switch|p1a: Cofagrigus|Cofagrigus, M|100\/100\n|switch|p2a: Ariados|Ariados, M|100\/100\n|turn|1\n|c|\u2606Genarf|gechis\n|\n|t:|1700345390\n|move|p1a: Cofagrigus|Psychic|p2a: Ariados\n|-supereffective|p2a: Ariados\n|-damage|p2a: Ariados|62\/100\n|move|p2a: Ariados|Sticky Web|p1a: Cofagrigus\n|-sidestart|p1: Genarf|move: Sticky Web\n|\n|upkeep\n|turn|2\n|\n|t:|1700345395\n|move|p1a: Cofagrigus|Shadow Ball|p2a: Ariados\n|-damage|p2a: Ariados|40\/100\n|move|p2a: Ariados|Toxic Spikes|p1a: Cofagrigus\n|-sidestart|p1: Genarf|move: Toxic Spikes\n|\n|upkeep\n|turn|3\n|\n|t:|1700345403\n|move|p1a: Cofagrigus|Psychic|p2a: Ariados\n|-supereffective|p2a: Ariados\n|-damage|p2a: Ariados|1\/100\n|move|p2a: Ariados|Toxic Spikes|p1a: Cofagrigus\n|-sidestart|p1: Genarf|move: Toxic Spikes\n|\n|upkeep\n|turn|4\n|\n|t:|1700345410\n|move|p1a: Cofagrigus|Shadow Ball|p2a: Ariados\n|-damage|p2a: Ariados|0 fnt\n|faint|p2a: Ariados\n|\n|upkeep\n|\n|t:|1700345413\n|switch|p2a: Armaldo|Armaldo, F|100\/100\n|turn|5\n|\n|t:|1700345417\n|move|p1a: Cofagrigus|Toxic|p2a: Armaldo\n|-status|p2a: Armaldo|tox\n|move|p2a: Armaldo|Stealth Rock|p1a: Cofagrigus\n|-sidestart|p1: Genarf|move: Stealth Rock\n|\n|-damage|p2a: Armaldo|94\/100 tox|[from] psn\n|upkeep\n|turn|6\n|\n|t:|1700345425\n|move|p1a: Cofagrigus|Shadow Ball|p2a: Armaldo\n|-damage|p2a: Armaldo|64\/100 tox\n|move|p2a: Armaldo|Shadow Claw|p1a: Cofagrigus\n|-supereffective|p1a: Cofagrigus\n|-damage|p1a: Cofagrigus|61\/100\n|-activate|p1a: Cofagrigus|ability: Mummy|Battle Armor|[of] p2a: Armaldo\n|\n|-heal|p1a: Cofagrigus|67\/100|[from] item: Leftovers\n|-heal|p2a: Armaldo|71\/100 tox|[from] item: Leftovers\n|-damage|p2a: Armaldo|58\/100 tox|[from] psn\n|upkeep\n|turn|7\n|\n|t:|1700345438\n|move|p1a: Cofagrigus|Protect|p1a: Cofagrigus\n|-singleturn|p1a: Cofagrigus|Protect\n|move|p2a: Armaldo|Shadow Claw|p1a: Cofagrigus\n|-activate|p1a: Cofagrigus|move: Protect\n|\n|-heal|p1a: Cofagrigus|73\/100|[from] item: Leftovers\n|-heal|p2a: Armaldo|64\/100 tox|[from] item: Leftovers\n|-damage|p2a: Armaldo|46\/100 tox|[from] psn\n|upkeep\n|turn|8\n|\n|t:|1700345448\n|move|p1a: Cofagrigus|Shadow Ball|p2a: Armaldo\n|-damage|p2a: Armaldo|17\/100 tox\n|move|p2a: Armaldo|Shadow Claw|p1a: Cofagrigus\n|-supereffective|p1a: Cofagrigus\n|-damage|p1a: Cofagrigus|38\/100\n|\n|-heal|p1a: Cofagrigus|44\/100|[from] item: Leftovers\n|-heal|p2a: Armaldo|23\/100 tox|[from] item: Leftovers\n|-damage|p2a: Armaldo|0 fnt|[from] psn\n|faint|p2a: Armaldo\n|upkeep\n|\n|t:|1700345459\n|switch|p2a: Araquanid|Araquanid, M|100\/100\n|turn|9\n|\n|t:|1700345464\n|-terastallize|p2a: Araquanid|Water\n|move|p1a: Cofagrigus|Toxic|p2a: Araquanid\n|-status|p2a: Araquanid|tox\n|move|p2a: Araquanid|Scald|p1a: Cofagrigus\n|-damage|p1a: Cofagrigus|0 fnt\n|faint|p1a: Cofagrigus\n|\n|-damage|p2a: Araquanid|94\/100 tox|[from] psn\n|upkeep\n|\n|t:|1700345475\n|switch|p1a: Eelektross|Eelektross, M|100\/100\n|-damage|p1a: Eelektross|88\/100|[from] Stealth Rock\n|turn|10\n|\n|t:|1700345485\n|move|p1a: Eelektross|Wild Charge|p2a: Araquanid\n|-supereffective|p2a: Araquanid\n|-damage|p2a: Araquanid|16\/100 tox\n|-damage|p1a: Eelektross|71\/100|[from] Recoil\n|move|p2a: Araquanid|Toxic|p1a: Eelektross\n|-status|p1a: Eelektross|tox\n|\n|-damage|p1a: Eelektross|64\/100 tox|[from] psn\n|-damage|p2a: Araquanid|4\/100 tox|[from] psn\n|upkeep\n|turn|11\n|\n|t:|1700345498\n|move|p1a: Eelektross|Wild Charge|p2a: Araquanid\n|-supereffective|p2a: Araquanid\n|-damage|p2a: Araquanid|0 fnt\n|faint|p2a: Araquanid\n|-damage|p1a: Eelektross|64\/100 tox|[from] Recoil\n|\n|-damage|p1a: Eelektross|51\/100 tox|[from] psn\n|upkeep\n|\n|t:|1700345502\n|switch|p2a: Scizor|Scizor, M|100\/100\n|turn|12\n|\n|t:|1700345508\n|detailschange|p2a: Scizor|Scizor-Mega, M\n|-mega|p2a: Scizor|Scizor|Scizorite\n|move|p1a: Eelektross|Wild Charge|p2a: Scizor\n|-damage|p2a: Scizor|66\/100\n|-damage|p1a: Eelektross|44\/100 tox|[from] Recoil\n|move|p2a: Scizor|Counter|p1a: Eelektross\n|-damage|p1a: Eelektross|0 fnt\n|faint|p1a: Eelektross\n|\n|upkeep\n|\n|t:|1700345521\n|switch|p1a: Hydreigon|Hydreigon, M|100\/100\n|-damage|p1a: Hydreigon|88\/100|[from] Stealth Rock\n|turn|13\n|\n|t:|1700345528\n|move|p1a: Hydreigon|Fire Blast|p2a: Scizor\n|-supereffective|p2a: Scizor\n|-damage|p2a: Scizor|0 fnt\n|faint|p2a: Scizor\n|\n|upkeep\n|\n|t:|1700345533\n|switch|p2a: Vikavolt|Vikavolt, F|100\/100\n|turn|14\n|\n|t:|1700345536\n|move|p1a: Hydreigon|Fire Blast|p2a: Vikavolt\n|-supereffective|p2a: Vikavolt\n|-damage|p2a: Vikavolt|0 fnt\n|faint|p2a: Vikavolt\n|\n|upkeep\n|\n|t:|1700345540\n|switch|p2a: Golisopod|Golisopod, M, shiny|100\/100\n|turn|15\n|\n|t:|1700345546\n|switch|p1a: Seismitoad|Seismitoad, M|100\/100\n|move|p2a: Golisopod|First Impression|p1a: Seismitoad\n|-damage|p1a: Seismitoad|28\/100\n|\n|upkeep\n|turn|16\n|\n|t:|1700345553\n|move|p1a: Seismitoad|Sludge Wave|p2a: Golisopod\n|-damage|p2a: Golisopod|70\/100\n|move|p2a: Golisopod|Swords Dance|p2a: Golisopod\n|-boost|p2a: Golisopod|atk|2\n|\n|upkeep\n|turn|17\n|\n|t:|1700345559\n|move|p1a: Seismitoad|Sludge Wave|p2a: Golisopod\n|-damage|p2a: Golisopod|44\/100\n|move|p2a: Golisopod|Liquidation|p1a: Seismitoad\n|-damage|p1a: Seismitoad|0 fnt\n|faint|p1a: Seismitoad\n|\n|upkeep\n|\n|t:|1700345569\n|switch|p1a: Hydreigon|Hydreigon, M|88\/100\n|-damage|p1a: Hydreigon|76\/100|[from] Stealth Rock\n|turn|18\n|\n|t:|1700345573\n|move|p1a: Hydreigon|Dragon Pulse|p2a: Golisopod\n|-damage|p2a: Golisopod|0 fnt\n|faint|p2a: Golisopod\n|\n|win|Genarf\n|raw|Genarf's rating: 1045 &rarr; <strong>1077<\/strong><br \/>(+32 for winning)\n|raw|Gigkhigigig's rating: 1033 &rarr; <strong>1019<\/strong><br \/>(-14 for losing)\n|l|\u2606Gigkhigigig\n","uploadtime":1700345581,"views":14,"p1id":"genarf","p2id":"gigkhigigig","formatid":"gen9nationaldex","rating":1019,"private":0,"password":""}