{"id":"gen9nationaldex-1987619581","p1":"MCmao","p2":"Viroillus","format":"[Gen 9] National Dex","log":"|j|\u2606MCmao\n|j|\u2606Viroillus\n|t:|1699620431\n|gametype|singles\n|player|p1|MCmao|youngster-gen4dp|1520\n|player|p2|Viroillus|n|1484\n|teamsize|p1|6\n|teamsize|p2|6\n|gen|9\n|tier|[Gen 9] National Dex\n|rated|\n|rule|HP Percentage Mod: HP is shown in percentages\n|rule|Endless Battle Clause: Forcing endless battles is banned\n|rule|OHKO Clause: OHKO moves are banned\n|rule|Evasion Clause: Evasion abilities, items, and moves are banned\n|rule|Evasion Abilities Clause: Evasion abilities are banned\n|rule|Evasion Items Clause: Evasion items are banned\n|rule|Evasion Moves Clause: Evasion moves are banned\n|rule|Species Clause: Limit one of each Pok\u00e9mon\n|rule|Sleep Clause Mod: Limit one foe put to sleep\n|clearpoke\n|poke|p1|Garganacl, F|\n|poke|p1|Clodsire, M|\n|poke|p1|Scizor, F|\n|poke|p1|Moltres|\n|poke|p1|Cinderace, F|\n|poke|p1|Iron Valiant|\n|poke|p2|Moltres-Galar|\n|poke|p2|Scizor, F|\n|poke|p2|Garchomp, F|\n|poke|p2|Corviknight, F|\n|poke|p2|Clodsire, M|\n|poke|p2|Skeledirge, M|\n|teampreview\n|inactive|Battle timer is ON: inactive players will automatically lose when time's up. (requested by MCmao)\n|\n|t:|1699620441\n|start\n|switch|p1a: Cinderace|Cinderace, F|100\/100\n|switch|p2a: Garchomp|Garchomp, F|100\/100\n|turn|1\n|\n|t:|1699620451\n|move|p1a: Cinderace|U-turn|p2a: Garchomp\n|-start|p1a: Cinderace|typechange|Bug|[from] ability: Libero\n|-damage|p2a: Garchomp|62\/100\n|-damage|p1a: Cinderace|88\/100|[from] ability: Rough Skin|[of] p2a: Garchomp\n|\n|t:|1699620456\n|switch|p1a: Moltres|Moltres|100\/100|[from] U-turn\n|move|p2a: Garchomp|Stealth Rock|p1a: Moltres\n|-sidestart|p1: MCmao|move: Stealth Rock\n|\n|upkeep\n|turn|2\n|\n|t:|1699620473\n|switch|p2a: Clodsire|Clodsire, M|100\/100\n|move|p1a: Moltres|Defog|p2a: Clodsire\n|-unboost|p2a: Clodsire|evasion|1\n|-sideend|p1: MCmao|Stealth Rock|[from] move: Defog|[of] p1a: Moltres\n|\n|upkeep\n|turn|3\n|\n|t:|1699620489\n|switch|p1a: Scizor|Scizor, F|100\/100\n|move|p2a: Clodsire|Stealth Rock|p1a: Scizor\n|-sidestart|p1: MCmao|move: Stealth Rock\n|\n|upkeep\n|turn|4\n|\n|t:|1699620494\n|switch|p2a: Corviknight|Corviknight, F|100\/100\n|-ability|p2a: Corviknight|Pressure\n|detailschange|p1a: Scizor|Scizor-Mega, F\n|-mega|p1a: Scizor|Scizor|Scizorite\n|move|p1a: Scizor|Dual Wingbeat|p2a: Corviknight|[miss]\n|-miss|p1a: Scizor|p2a: Corviknight\n|\n|upkeep\n|turn|5\n|\n|t:|1699620504\n|switch|p1a: Moltres|Moltres|100\/100\n|move|p2a: Corviknight|Body Press|p1a: Moltres\n|-resisted|p1a: Moltres\n|-damage|p1a: Moltres|91\/100\n|\n|upkeep\n|turn|6\n|\n|t:|1699620510\n|switch|p2a: Clodsire|Clodsire, M|100\/100\n|move|p1a: Moltres|Defog|p2a: Clodsire\n|-unboost|p2a: Clodsire|evasion|1\n|-sideend|p1: MCmao|Stealth Rock|[from] move: Defog|[of] p1a: Moltres\n|\n|upkeep\n|turn|7\n|\n|t:|1699620514\n|move|p1a: Moltres|U-turn|p2a: Clodsire\n|-resisted|p2a: Clodsire\n|-damage|p2a: Clodsire|93\/100\n|\n|t:|1699620518\n|switch|p1a: Iron Valiant|Iron Valiant|100\/100|[from] U-turn\n|move|p2a: Clodsire|Stealth Rock|p1a: Iron Valiant\n|-sidestart|p1: MCmao|move: Stealth Rock\n|\n|-heal|p2a: Clodsire|99\/100|[from] item: Black Sludge\n|upkeep\n|turn|8\n|\n|t:|1699620539\n|switch|p2a: Scizor|Scizor, F|100\/100\n|move|p1a: Iron Valiant|Trick||[still]\n|-fail|p1a: Iron Valiant\n|\n|upkeep\n|turn|9\n|\n|t:|1699620559\n|-end|p1a: Iron Valiant|Quark Drive|[silent]\n|switch|p1a: Scizor|Scizor-Mega, F|100\/100\n|-damage|p1a: Scizor|88\/100|[from] Stealth Rock\n|switch|p2a: Garchomp|Garchomp, F|62\/100\n|\n|upkeep\n|turn|10\n|\n|t:|1699620570\n|move|p2a: Garchomp|Earthquake|p1a: Scizor\n|-crit|p1a: Scizor\n|-damage|p1a: Scizor|33\/100\n|move|p1a: Scizor|Dual Wingbeat|p2a: Garchomp\n|-damage|p2a: Garchomp|38\/100\n|-damage|p1a: Scizor|21\/100|[from] ability: Rough Skin|[of] p2a: Garchomp\n|-damage|p2a: Garchomp|12\/100\n|-damage|p1a: Scizor|8\/100|[from] ability: Rough Skin|[of] p2a: Garchomp\n|-hitcount|p2a: Garchomp|2\n|\n|upkeep\n|turn|11\n|inactive|Viroillus has 120 seconds left.\n|\n|t:|1699620594\n|move|p1a: Scizor|Bullet Punch|p2a: Garchomp\n|-damage|p2a: Garchomp|0 fnt\n|-damage|p1a: Scizor|0 fnt|[from] ability: Rough Skin|[of] p2a: Garchomp\n|faint|p2a: Garchomp\n|faint|p1a: Scizor\n|\n|upkeep\n|inactive|Viroillus has 120 seconds left.\n|\n|t:|1699620616\n|switch|p2a: Moltres|Moltres-Galar|100\/100\n|switch|p1a: Moltres|Moltres|91\/100\n|turn|12\n|\n|t:|1699620630\n|move|p2a: Moltres|Agility|p2a: Moltres\n|-boost|p2a: Moltres|spe|2\n|move|p1a: Moltres|Defog|p2a: Moltres\n|-unboost|p2a: Moltres|evasion|1\n|-sideend|p1: MCmao|Stealth Rock|[from] move: Defog|[of] p1a: Moltres\n|\n|upkeep\n|turn|13\n|\n|t:|1699620633\n|move|p2a: Moltres|Nasty Plot|p2a: Moltres\n|-boost|p2a: Moltres|spa|2\n|move|p1a: Moltres|U-turn|p2a: Moltres\n|-damage|p2a: Moltres|84\/100\n|\n|t:|1699620641\n|switch|p1a: Garganacl|Garganacl, F|100\/100|[from] U-turn\n|\n|upkeep\n|turn|14\n|\n|t:|1699620651\n|move|p2a: Moltres|Fiery Wrath|p1a: Garganacl\n|-damage|p1a: Garganacl|48\/100\n|move|p1a: Garganacl|Salt Cure|p2a: Moltres\n|-supereffective|p2a: Moltres\n|-damage|p2a: Moltres|52\/100\n|-start|p2a: Moltres|Salt Cure\n|\n|-heal|p1a: Garganacl|54\/100|[from] item: Leftovers\n|-damage|p2a: Moltres|40\/100|[from] Salt Cure\n|upkeep\n|turn|15\n|\n|t:|1699620655\n|switch|p1a: Iron Valiant|Iron Valiant|100\/100\n|move|p2a: Moltres|Nasty Plot|p2a: Moltres\n|-boost|p2a: Moltres|spa|2\n|\n|-damage|p2a: Moltres|27\/100|[from] Salt Cure\n|upkeep\n|turn|16\n|\n|t:|1699620668\n|-end|p1a: Iron Valiant|Quark Drive|[silent]\n|switch|p1a: Clodsire|Clodsire, M|100\/100\n|move|p2a: Moltres|Air Slash|p1a: Clodsire\n|-damage|p1a: Clodsire|29\/100\n|\n|-heal|p1a: Clodsire|35\/100|[from] item: Leftovers\n|-damage|p2a: Moltres|15\/100|[from] Salt Cure\n|upkeep\n|turn|17\n|\n|t:|1699620676\n|move|p2a: Moltres|Air Slash|p1a: Clodsire\n|-damage|p1a: Clodsire|0 fnt\n|faint|p1a: Clodsire\n|\n|-damage|p2a: Moltres|2\/100|[from] Salt Cure\n|upkeep\n|\n|t:|1699620682\n|switch|p1a: Garganacl|Garganacl, F|54\/100\n|turn|18\n|\n|t:|1699620685\n|move|p2a: Moltres|Fiery Wrath|p1a: Garganacl\n|-damage|p1a: Garganacl|0 fnt\n|faint|p1a: Garganacl\n|\n|-damage|p2a: Moltres|0 fnt|[from] Salt Cure\n|faint|p2a: Moltres\n|upkeep\n|\n|t:|1699620703\n|switch|p2a: Scizor|Scizor, F|100\/100\n|switch|p1a: Cinderace|Cinderace, F|88\/100\n|turn|19\n|\n|t:|1699620714\n|switch|p2a: Skeledirge|Skeledirge, M|100\/100\n|-terastallize|p1a: Cinderace|Fire\n|move|p1a: Cinderace|Pyro Ball|p2a: Skeledirge\n|-resisted|p2a: Skeledirge\n|-damage|p2a: Skeledirge|75\/100\n|\n|-heal|p2a: Skeledirge|82\/100|[from] item: Leftovers\n|upkeep\n|turn|20\n|\n|t:|1699620725\n|switch|p1a: Iron Valiant|Iron Valiant|100\/100\n|move|p2a: Skeledirge|Torch Song|p1a: Iron Valiant\n|-damage|p1a: Iron Valiant|50\/100\n|-boost|p2a: Skeledirge|spa|1\n|\n|-heal|p2a: Skeledirge|88\/100|[from] item: Leftovers\n|upkeep\n|turn|21\n|\n|t:|1699620729\n|move|p1a: Iron Valiant|Thunderbolt|p2a: Skeledirge\n|-damage|p2a: Skeledirge|39\/100\n|move|p2a: Skeledirge|Torch Song|p1a: Iron Valiant\n|-damage|p1a: Iron Valiant|0 fnt\n|-boost|p2a: Skeledirge|spa|1\n|faint|p1a: Iron Valiant\n|-end|p1a: Iron Valiant|Quark Drive|[silent]\n|\n|-heal|p2a: Skeledirge|45\/100|[from] item: Leftovers\n|upkeep\n|\n|t:|1699620745\n|switch|p1a: Cinderace|Cinderace, F, tera:Fire|88\/100\n|turn|22\n|\n|t:|1699620748\n|move|p1a: Cinderace|Pyro Ball|p2a: Skeledirge\n|-resisted|p2a: Skeledirge\n|-damage|p2a: Skeledirge|19\/100\n|move|p2a: Skeledirge|Slack Off|p2a: Skeledirge\n|-heal|p2a: Skeledirge|69\/100\n|\n|-heal|p2a: Skeledirge|75\/100|[from] item: Leftovers\n|upkeep\n|turn|23\n|-message|MCmao forfeited.\n|\n|win|Viroillus\n|raw|MCmao's rating: 1520 &rarr; <strong>1498<\/strong><br \/>(-22 for losing)\n|raw|Viroillus's rating: 1484 &rarr; <strong>1506<\/strong><br \/>(+22 for winning)\n|l|\u2606MCmao\n","uploadtime":1699620763,"views":4,"p1id":"mcmao","p2id":"viroillus","formatid":"gen9nationaldex","rating":1498,"private":0,"password":""}