{"id":"gen9nationaldex-1988587448","p1":"female charizard","p2":"DaddyDaveV2","format":"[Gen 9] National Dex","log":"|j|\u2606female charizard\n|j|\u2606DaddyDaveV2\n|t:|1699739146\n|gametype|singles\n|player|p1|female charizard|170|1138\n|player|p2|DaddyDaveV2|101|1167\n|teamsize|p1|6\n|teamsize|p2|6\n|gen|9\n|tier|[Gen 9] National Dex\n|rated|\n|rule|HP Percentage Mod: HP is shown in percentages\n|rule|Endless Battle Clause: Forcing endless battles is banned\n|rule|OHKO Clause: OHKO moves are banned\n|rule|Evasion Clause: Evasion abilities, items, and moves are banned\n|rule|Evasion Abilities Clause: Evasion abilities are banned\n|rule|Evasion Items Clause: Evasion items are banned\n|rule|Evasion Moves Clause: Evasion moves are banned\n|rule|Species Clause: Limit one of each Pok\u00e9mon\n|rule|Sleep Clause Mod: Limit one foe put to sleep\n|clearpoke\n|poke|p1|Kyurem|\n|poke|p1|Abomasnow, M|\n|poke|p1|Breloom, F|\n|poke|p1|Rhyperior, F|\n|poke|p1|Ogerpon-Wellspring, F|\n|poke|p1|Ekans, M|\n|poke|p2|Illumise, F|\n|poke|p2|Klefki, F|\n|poke|p2|Kartana|\n|poke|p2|Iron Moth|\n|poke|p2|Lopunny, F|\n|poke|p2|Garchomp, F|\n|teampreview\n|\n|t:|1699739151\n|start\n|switch|p1a: thanks|Ekans, M|100\/100\n|switch|p2a: Kartana|Kartana|100\/100\n|-ability|p1a: thanks|Intimidate|boost\n|-unboost|p2a: Kartana|atk|1\n|turn|1\n|j| snugglesnfluff\n|\n|t:|1699739157\n|move|p2a: Kartana|Smart Strike|p1a: thanks\n|-damage|p1a: thanks|2\/100\n|-damage|p2a: Kartana|90\/100|[from] item: Life Orb\n|move|p1a: thanks|Glare|p2a: Kartana\n|-status|p2a: Kartana|par\n|\n|upkeep\n|turn|2\n|\n|t:|1699739163\n|move|p2a: Kartana|Smart Strike|p1a: thanks\n|-damage|p1a: thanks|0 fnt\n|faint|p1a: thanks\n|-ability|p2a: Kartana|Beast Boost|boost\n|-boost|p2a: Kartana|atk|1\n|-damage|p2a: Kartana|80\/100 par|[from] item: Life Orb\n|\n|upkeep\n|\n|t:|1699739180\n|switch|p1a: bisexual|Breloom, F|100\/100\n|turn|3\n|\n|t:|1699739194\n|switch|p2a: Illumise|Illumise, F|100\/100\n|move|p1a: bisexual|Spore|p2a: Illumise\n|-status|p2a: Illumise|slp|[from] move: Spore\n|\n|upkeep\n|turn|4\n|\n|t:|1699739197\n|cant|p2a: Illumise|slp\n|move|p1a: bisexual|Dynamic Punch|p2a: Illumise\n|-resisted|p2a: Illumise\n|-damage|p2a: Illumise|67\/100 slp\n|-start|p2a: Illumise|confusion\n|\n|upkeep\n|turn|5\n|\n|t:|1699739199\n|cant|p2a: Illumise|slp\n|move|p1a: bisexual|Dynamic Punch|p2a: Illumise\n|-resisted|p2a: Illumise\n|-damage|p2a: Illumise|30\/100 slp\n|\n|upkeep\n|turn|6\n|j| kung fu pokechu\n|\n|t:|1699739203\n|cant|p2a: Illumise|slp\n|move|p1a: bisexual|Dynamic Punch|p2a: Illumise|[miss]\n|-miss|p1a: bisexual|p2a: Illumise\n|-enditem|p1a: bisexual|Blunder Policy\n|-boost|p1a: bisexual|spe|2\n|\n|upkeep\n|turn|7\n|j| imbleach\n|\n|t:|1699739206\n|-curestatus|p2a: Illumise|slp|[msg]\n|-activate|p2a: Illumise|confusion\n|move|p2a: Illumise|Aromatherapy|p2a: Illumise\n|-activate|p2a: Illumise|move: Aromatherapy\n|-curestatus|p2: Kartana|par|[msg]\n|move|p1a: bisexual|Bullet Seed|p2a: Illumise\n|-resisted|p2a: Illumise\n|-damage|p2a: Illumise|18\/100\n|-resisted|p2a: Illumise\n|-damage|p2a: Illumise|5\/100\n|-resisted|p2a: Illumise\n|-damage|p2a: Illumise|0 fnt\n|faint|p2a: Illumise\n|-hitcount|p2: Illumise|3\n|\n|upkeep\n|\n|t:|1699739212\n|switch|p2a: Iron Moth|Iron Moth|100\/100\n|turn|8\n|j| it's ogrepon\n|\n|t:|1699739217\n|move|p1a: bisexual|Spore|p2a: Iron Moth\n|-status|p2a: Iron Moth|slp|[from] move: Spore\n|cant|p2a: Iron Moth|slp\n|\n|upkeep\n|turn|9\n|\n|t:|1699739221\n|move|p1a: bisexual|Dynamic Punch|p2a: Iron Moth|[miss]\n|-miss|p1a: bisexual|p2a: Iron Moth\n|-curestatus|p2a: Iron Moth|slp|[msg]\n|move|p2a: Iron Moth|Fiery Dance|p1a: bisexual\n|-supereffective|p1a: bisexual\n|-damage|p1a: bisexual|0 fnt\n|-boost|p2a: Iron Moth|spa|1\n|faint|p1a: bisexual\n|\n|upkeep\n|\n|t:|1699739229\n|switch|p1a: mods annoy me|Ogerpon-Wellspring, F|100\/100\n|turn|10\n|\n|t:|1699739234\n|move|p2a: Iron Moth|Fiery Dance|p1a: mods annoy me\n|-damage|p1a: mods annoy me|0 fnt\n|-boost|p2a: Iron Moth|spa|1\n|faint|p1a: mods annoy me\n|\n|upkeep\n|\n|t:|1699739247\n|switch|p1a: SOLID SUGGESTER|Rhyperior, F|100\/100\n|turn|11\n|\n|t:|1699739251\n|-end|p2a: Iron Moth|Quark Drive|[silent]\n|switch|p2a: Garchomp|Garchomp, F|100\/100\n|move|p1a: SOLID SUGGESTER|Earthquake|p2a: Garchomp\n|-damage|p2a: Garchomp|66\/100\n|\n|upkeep\n|turn|12\n|\n|t:|1699739254\n|move|p2a: Garchomp|Aqua Tail|p1a: SOLID SUGGESTER\n|-supereffective|p1a: SOLID SUGGESTER\n|-damage|p1a: SOLID SUGGESTER|45\/100\n|-enditem|p1a: SOLID SUGGESTER|Weakness Policy\n|-boost|p1a: SOLID SUGGESTER|atk|2|[from] item: Weakness Policy\n|-boost|p1a: SOLID SUGGESTER|spa|2|[from] item: Weakness Policy\n|move|p1a: SOLID SUGGESTER|Rock Polish|p1a: SOLID SUGGESTER\n|-boost|p1a: SOLID SUGGESTER|spe|2\n|\n|upkeep\n|turn|13\n|\n|t:|1699739260\n|move|p1a: SOLID SUGGESTER|Earthquake|p2a: Garchomp\n|-damage|p2a: Garchomp|0 fnt\n|faint|p2a: Garchomp\n|\n|upkeep\n|\n|t:|1699739263\n|switch|p2a: Klefki|Klefki, F|100\/100\n|turn|14\n|\n|t:|1699739267\n|move|p2a: Klefki|Switcheroo|p1a: SOLID SUGGESTER\n|-activate|p2a: Klefki|move: Trick|[of] p1a: SOLID SUGGESTER\n|-item|p1a: SOLID SUGGESTER|Lagging Tail|[from] move: Switcheroo\n|-enditem|p2a: Klefki|Lagging Tail|[silent]|[from] move: Switcheroo\n|move|p1a: SOLID SUGGESTER|Earthquake|p2a: Klefki\n|-supereffective|p2a: Klefki\n|-damage|p2a: Klefki|0 fnt\n|faint|p2a: Klefki\n|\n|upkeep\n|\n|t:|1699739270\n|switch|p2a: Kartana|Kartana|80\/100\n|turn|15\n|\n|t:|1699739274\n|move|p2a: Kartana|Leaf Blade|p1a: SOLID SUGGESTER\n|-supereffective|p1a: SOLID SUGGESTER\n|-damage|p1a: SOLID SUGGESTER|0 fnt\n|faint|p1a: SOLID SUGGESTER\n|-ability|p2a: Kartana|Beast Boost|boost\n|-boost|p2a: Kartana|atk|1\n|-damage|p2a: Kartana|70\/100|[from] item: Life Orb\n|\n|upkeep\n|\n|t:|1699739283\n|switch|p1a: pressure friends|Kyurem|100\/100\n|-ability|p1a: pressure friends|Pressure\n|turn|16\n|\n|t:|1699739287\n|-terastallize|p1a: pressure friends|Dragon\n|move|p2a: Kartana|Smart Strike|p1a: pressure friends\n|-damage|p1a: pressure friends|24\/100\n|-damage|p2a: Kartana|60\/100|[from] item: Life Orb\n|move|p1a: pressure friends|Freeze-Dry|p2a: Kartana\n|-damage|p2a: Kartana|0 fnt\n|faint|p2a: Kartana\n|\n|-heal|p1a: pressure friends|30\/100|[from] item: Leftovers\n|upkeep\n|\n|t:|1699739294\n|switch|p2a: Lopunny|Lopunny, F|100\/100\n|turn|17\n|\n|t:|1699739299\n|detailschange|p2a: Lopunny|Lopunny-Mega, F\n|-mega|p2a: Lopunny|Lopunny|Lopunnite\n|move|p1a: pressure friends|Protect|p1a: pressure friends\n|-singleturn|p1a: pressure friends|Protect\n|move|p2a: Lopunny|Fake Out|p1a: pressure friends\n|-activate|p1a: pressure friends|move: Protect\n|\n|-heal|p1a: pressure friends|36\/100|[from] item: Leftovers\n|upkeep\n|turn|18\n|\n|t:|1699739303\n|move|p2a: Lopunny|Ice Punch|p1a: pressure friends\n|-supereffective|p1a: pressure friends\n|-damage|p1a: pressure friends|0 fnt\n|faint|p1a: pressure friends\n|\n|upkeep\n|\n|t:|1699739306\n|switch|p1a: A subtle joke|Abomasnow, M|100\/100\n|-weather|Snow|[from] ability: Snow Warning|[of] p1a: A subtle joke\n|turn|19\n|\n|t:|1699739308\n|move|p2a: Lopunny|Close Combat|p1a: A subtle joke\n|-supereffective|p1a: A subtle joke\n|-damage|p1a: A subtle joke|5\/100\n|-unboost|p2a: Lopunny|def|1\n|-unboost|p2a: Lopunny|spd|1\n|move|p1a: A subtle joke|Aurora Veil|p1a: A subtle joke\n|-sidestart|p1: female charizard|move: Aurora Veil\n|\n|-weather|Snow|[upkeep]\n|upkeep\n|turn|20\n|\n|t:|1699739312\n|move|p1a: A subtle joke|Ice Shard|p2a: Lopunny\n|-damage|p2a: Lopunny|75\/100\n|move|p2a: Lopunny|Close Combat|p1a: A subtle joke\n|-supereffective|p1a: A subtle joke\n|-damage|p1a: A subtle joke|0 fnt\n|-unboost|p2a: Lopunny|def|1\n|-unboost|p2a: Lopunny|spd|1\n|faint|p1a: A subtle joke\n|\n|win|DaddyDaveV2\n|raw|female charizard's rating: 1138 &rarr; <strong>1115<\/strong><br \/>(-23 for losing)\n|raw|DaddyDaveV2's rating: 1167 &rarr; <strong>1190<\/strong><br \/>(+23 for winning)\n|l|\u2606DaddyDaveV2\n","uploadtime":1699739337,"views":4,"p1id":"femalecharizard","p2id":"daddydavev2","formatid":"gen9nationaldex","rating":1115,"private":0,"password":""}