{"id":"gen9nationaldex-1996589791","p1":"Drampa\u5927Raivoso","p2":"The Kitten Boy","format":"[Gen 9] National Dex","log":"|html|<div class=\"broadcast-blue\"><strong>[Gen 9] National Dex is currently suspecting Sneasler! For information on how to participate check out the <a href=\"https:\/\/www.smogon.com\/forums\/threads\/sv-national-dex-suspect-8-just-dance.3731534\/\">suspect thread<\/a>.<\/strong><\/div>\n|j|\u2606Drampa\u5927Raivoso\n|j|\u2606The Kitten Boy\n|inactive|Battle timer is ON: inactive players will automatically lose when time's up.\n|t:|1700697801\n|gametype|singles\n|player|p1|Drampa\u5927Raivoso|n-masters|\n|player|p2|The Kitten Boy|kieran-festival|\n|teamsize|p1|6\n|teamsize|p2|6\n|gen|9\n|tier|[Gen 9] National Dex\n|rated|Tournament battle\n|rule|HP Percentage Mod: HP is shown in percentages\n|rule|Endless Battle Clause: Forcing endless battles is banned\n|rule|OHKO Clause: OHKO moves are banned\n|rule|Evasion Clause: Evasion abilities, items, and moves are banned\n|rule|Evasion Abilities Clause: Evasion abilities are banned\n|rule|Evasion Items Clause: Evasion items are banned\n|rule|Evasion Moves Clause: Evasion moves are banned\n|rule|Species Clause: Limit one of each Pok\u00e9mon\n|rule|Sleep Clause Mod: Limit one foe put to sleep\n|clearpoke\n|poke|p1|Lopunny, F|\n|poke|p1|Corviknight, M|\n|poke|p1|Toxapex, F|\n|poke|p1|Landorus-Therian, M|\n|poke|p1|Tapu Koko|\n|poke|p1|Iron Valiant|\n|poke|p2|Tapu Koko|\n|poke|p2|Iron Valiant|\n|poke|p2|Sneasler, F|\n|poke|p2|Iron Moth|\n|poke|p2|Landorus-Therian, M|\n|poke|p2|Scizor, F|\n|teampreview\n|inactive|Drampa\u5927Raivoso also wants the timer to be on.\n|\n|t:|1700697812\n|start\n|switch|p1a: Mirko|Lopunny, F|100\/100\n|switch|p2a: Intimidate Gliscor|Landorus-Therian, M, shiny|100\/100\n|-ability|p2a: Intimidate Gliscor|Intimidate|boost\n|-unboost|p1a: Mirko|atk|1\n|turn|1\n|\n|t:|1700697816\n|detailschange|p1a: Mirko|Lopunny-Mega, F\n|-mega|p1a: Mirko|Lopunny|Lopunnite\n|move|p1a: Mirko|Fake Out|p2a: Intimidate Gliscor\n|-damage|p2a: Intimidate Gliscor|86\/100\n|-enditem|p2a: Intimidate Gliscor|Eject Button\n|\n|t:|1700697819\n|switch|p2a: PiuPiu|Tapu Koko, shiny|100\/100\n|-fieldstart|move: Electric Terrain|[from] ability: Electric Surge|[of] p2a: PiuPiu\n|\n|upkeep\n|turn|2\n|\n|t:|1700697822\n|switch|p1a: Menino Ney|Tapu Koko|100\/100\n|move|p2a: PiuPiu|U-turn|p1a: Menino Ney\n|-resisted|p1a: Menino Ney\n|-damage|p1a: Menino Ney|89\/100\n|j| Batataplays\n|\n|t:|1700697826\n|switch|p2a: No QuiverDance?|Iron Moth, shiny|100\/100|[from] U-turn\n|-activate|p2a: No QuiverDance?|ability: Quark Drive\n|-start|p2a: No QuiverDance?|quarkdrivespe\n|\n|upkeep\n|turn|3\n|\n|t:|1700697842\n|-end|p2a: No QuiverDance?|Quark Drive|[silent]\n|switch|p2a: Intimidate Gliscor|Landorus-Therian, M, shiny|86\/100\n|-ability|p2a: Intimidate Gliscor|Intimidate|boost\n|-unboost|p1a: Menino Ney|atk|1\n|switch|p1a: Landorus|Landorus-Therian, M|100\/100\n|-ability|p1a: Landorus|Intimidate|boost\n|-unboost|p2a: Intimidate Gliscor|atk|1\n|\n|upkeep\n|turn|4\n|\n|t:|1700697848\n|move|p1a: Landorus|Stealth Rock|p2a: Intimidate Gliscor\n|-sidestart|p2: The Kitten Boy|move: Stealth Rock\n|move|p2a: Intimidate Gliscor|Stealth Rock|p1a: Landorus\n|-sidestart|p1: Drampa\u5927Raivoso|move: Stealth Rock\n|\n|upkeep\n|turn|5\n|\n|t:|1700697853\n|move|p1a: Landorus|Toxic|p2a: Intimidate Gliscor\n|-status|p2a: Intimidate Gliscor|tox\n|move|p2a: Intimidate Gliscor|U-turn|p1a: Landorus\n|-resisted|p1a: Landorus\n|-damage|p1a: Landorus|92\/100\n|-damage|p2a: Intimidate Gliscor|70\/100 tox|[from] item: Rocky Helmet|[of] p1a: Landorus\n|\n|t:|1700697859\n|switch|p2a: N\u00e3o-Bin\u00e1rie|Iron Valiant, shiny|100\/100|[from] U-turn\n|-damage|p2a: N\u00e3o-Bin\u00e1rie|94\/100|[from] Stealth Rock\n|-activate|p2a: N\u00e3o-Bin\u00e1rie|ability: Quark Drive\n|-start|p2a: N\u00e3o-Bin\u00e1rie|quarkdrivespe\n|\n|upkeep\n|turn|6\n|\n|t:|1700697863\n|move|p2a: N\u00e3o-Bin\u00e1rie|Moonblast|p1a: Landorus\n|-crit|p1a: Landorus\n|-damage|p1a: Landorus|6\/100\n|move|p1a: Landorus|Earthquake|p2a: N\u00e3o-Bin\u00e1rie\n|-damage|p2a: N\u00e3o-Bin\u00e1rie|20\/100\n|\n|upkeep\n|turn|7\n|\n|t:|1700697869\n|switch|p1a: Darkrow|Corviknight, M|100\/100\n|-damage|p1a: Darkrow|88\/100|[from] Stealth Rock\n|-ability|p1a: Darkrow|Pressure\n|move|p2a: N\u00e3o-Bin\u00e1rie|Moonblast|p1a: Darkrow\n|-resisted|p1a: Darkrow\n|-damage|p1a: Darkrow|66\/100\n|\n|upkeep\n|turn|8\n|\n|t:|1700697875\n|switch|p1a: Landorus|Landorus-Therian, M|6\/100\n|-damage|p1a: Landorus|0 fnt|[from] Stealth Rock\n|faint|p1a: Landorus\n|-zpower|p2a: N\u00e3o-Bin\u00e1rie\n|move|p2a: N\u00e3o-Bin\u00e1rie|All-Out Pummeling|p1: Landorus|[zeffect]|[notarget]\n|-fail|p2a: N\u00e3o-Bin\u00e1rie\n|\n|-fieldend|move: Electric Terrain\n|-end|p2a: N\u00e3o-Bin\u00e1rie|Quark Drive\n|upkeep\n|\n|t:|1700697890\n|switch|p1a: Mirko|Lopunny-Mega, F|100\/100\n|-damage|p1a: Mirko|95\/100|[from] Stealth Rock\n|turn|9\n|\n|t:|1700697898\n|-end|p2a: N\u00e3o-Bin\u00e1rie|Quark Drive|[silent]\n|switch|p2a: Atack Forretress|Scizor, F, shiny|100\/100\n|-damage|p2a: Atack Forretress|88\/100|[from] Stealth Rock\n|move|p1a: Mirko|Fake Out|p2a: Atack Forretress\n|-resisted|p2a: Atack Forretress\n|-damage|p2a: Atack Forretress|80\/100\n|\n|upkeep\n|turn|10\n|\n|t:|1700697905\n|switch|p1a: Darkrow|Corviknight, M|66\/100\n|-damage|p1a: Darkrow|53\/100|[from] Stealth Rock\n|-ability|p1a: Darkrow|Pressure\n|detailschange|p2a: Atack Forretress|Scizor-Mega, F, shiny\n|-mega|p2a: Atack Forretress|Scizor|Scizorite\n|move|p2a: Atack Forretress|U-turn|p1a: Darkrow\n|-resisted|p1a: Darkrow\n|-damage|p1a: Darkrow|48\/100\n|-damage|p2a: Atack Forretress|63\/100|[from] item: Rocky Helmet|[of] p1a: Darkrow\n|\n|t:|1700697912\n|switch|p2a: Intimidate Gliscor|Landorus-Therian, M, shiny|70\/100 tox|[from] U-turn\n|-damage|p2a: Intimidate Gliscor|57\/100 tox|[from] Stealth Rock\n|-ability|p2a: Intimidate Gliscor|Intimidate|boost\n|-unboost|p1a: Darkrow|atk|1\n|\n|-damage|p2a: Intimidate Gliscor|51\/100 tox|[from] psn\n|upkeep\n|turn|11\n|\n|t:|1700697917\n|move|p2a: Intimidate Gliscor|Defog|p1a: Darkrow\n|-unboost|p1a: Darkrow|evasion|1\n|-sideend|p1: Drampa\u5927Raivoso|Stealth Rock|[from] move: Defog|[of] p2a: Intimidate Gliscor\n|-sideend|p2: The Kitten Boy|Stealth Rock|[from] move: Defog|[of] p2a: Intimidate Gliscor\n|move|p1a: Darkrow|Roost|p1a: Darkrow\n|-heal|p1a: Darkrow|98\/100\n|-singleturn|p1a: Darkrow|move: Roost\n|\n|-damage|p2a: Intimidate Gliscor|39\/100 tox|[from] psn\n|upkeep\n|turn|12\n|\n|t:|1700697921\n|move|p2a: Intimidate Gliscor|Stealth Rock|p1a: Darkrow\n|-sidestart|p1: Drampa\u5927Raivoso|move: Stealth Rock\n|move|p1a: Darkrow|U-turn|p2a: Intimidate Gliscor\n|-resisted|p2a: Intimidate Gliscor\n|-damage|p2a: Intimidate Gliscor|35\/100 tox\n|\n|t:|1700697935\n|switch|p1a: Mirko|Lopunny-Mega, F|95\/100|[from] U-turn\n|-damage|p1a: Mirko|89\/100|[from] Stealth Rock\n|\n|-damage|p2a: Intimidate Gliscor|17\/100 tox|[from] psn\n|upkeep\n|turn|13\n|\n|t:|1700697949\n|move|p1a: Mirko|Frustration|p2a: Intimidate Gliscor\n|-damage|p2a: Intimidate Gliscor|0 fnt\n|faint|p2a: Intimidate Gliscor\n|\n|upkeep\n|\n|t:|1700697954\n|switch|p2a: Atack Forretress|Scizor-Mega, F, shiny|63\/100\n|turn|14\n|\n|t:|1700697957\n|move|p1a: Mirko|Close Combat|p2a: Atack Forretress\n|-damage|p2a: Atack Forretress|25\/100\n|-unboost|p1a: Mirko|def|1\n|-unboost|p1a: Mirko|spd|1\n|move|p2a: Atack Forretress|U-turn|p1a: Mirko\n|-resisted|p1a: Mirko\n|-damage|p1a: Mirko|52\/100\n|\n|t:|1700697960\n|switch|p2a: PiuPiu|Tapu Koko, shiny|100\/100|[from] U-turn\n|-fieldstart|move: Electric Terrain|[from] ability: Electric Surge|[of] p2a: PiuPiu\n|\n|upkeep\n|turn|15\n|\n|t:|1700697973\n|switch|p1a: Menino Ney|Tapu Koko|89\/100\n|move|p2a: PiuPiu|U-turn|p1a: Menino Ney\n|-resisted|p1a: Menino Ney\n|-crit|p1a: Menino Ney\n|-damage|p1a: Menino Ney|73\/100\n|\n|t:|1700697978\n|switch|p2a: No QuiverDance?|Iron Moth, shiny|100\/100|[from] U-turn\n|-activate|p2a: No QuiverDance?|ability: Quark Drive\n|-start|p2a: No QuiverDance?|quarkdrivespe\n|\n|upkeep\n|turn|16\n|\n|t:|1700697986\n|switch|p1a: Toxapex|Toxapex, F|100\/100\n|move|p2a: No QuiverDance?|Fiery Dance|p1a: Toxapex\n|-resisted|p1a: Toxapex\n|-damage|p1a: Toxapex|86\/100\n|\n|upkeep\n|turn|17\n|\n|t:|1700697992\n|move|p2a: No QuiverDance?|Psychic|p1a: Toxapex\n|-supereffective|p1a: Toxapex\n|-damage|p1a: Toxapex|40\/100\n|-unboost|p1a: Toxapex|spd|1\n|move|p1a: Toxapex|Scald|p2a: No QuiverDance?\n|-supereffective|p2a: No QuiverDance?\n|-damage|p2a: No QuiverDance?|66\/100\n|\n|upkeep\n|turn|18\n|inactive|Drampa\u5927Raivoso has 120 seconds left.\n|inactive|Drampa\u5927Raivoso has 90 seconds left.\n|\n|t:|1700698064\n|move|p2a: No QuiverDance?|Psychic|p1a: Toxapex\n|-supereffective|p1a: Toxapex\n|-damage|p1a: Toxapex|0 fnt\n|faint|p1a: Toxapex\n|\n|upkeep\n|\n|t:|1700698069\n|switch|p1a: 2b|Iron Valiant|100\/100\n|-damage|p1a: 2b|94\/100|[from] Stealth Rock\n|-activate|p1a: 2b|ability: Quark Drive\n|-start|p1a: 2b|quarkdrivespe\n|turn|19\n|\n|t:|1700698077\n|move|p1a: 2b|Psyshock|p2a: No QuiverDance?\n|-supereffective|p2a: No QuiverDance?\n|-damage|p2a: No QuiverDance?|0 fnt\n|faint|p2a: No QuiverDance?\n|-end|p2a: No QuiverDance?|Quark Drive|[silent]\n|\n|upkeep\n|\n|t:|1700698079\n|switch|p2a: Atack Forretress|Scizor-Mega, F, shiny|25\/100\n|turn|20\n|\n|t:|1700698084\n|-end|p1a: 2b|Quark Drive|[silent]\n|switch|p1a: Darkrow|Corviknight, M|98\/100\n|-damage|p1a: Darkrow|86\/100|[from] Stealth Rock\n|-ability|p1a: Darkrow|Pressure\n|move|p2a: Atack Forretress|Bullet Punch|p1a: Darkrow\n|-resisted|p1a: Darkrow\n|-damage|p1a: Darkrow|77\/100\n|-damage|p2a: Atack Forretress|8\/100|[from] item: Rocky Helmet|[of] p1a: Darkrow\n|\n|upkeep\n|turn|21\n|\n|t:|1700698090\n|move|p2a: Atack Forretress|Roost|p2a: Atack Forretress\n|-heal|p2a: Atack Forretress|59\/100\n|-singleturn|p2a: Atack Forretress|move: Roost\n|move|p1a: Darkrow|Brave Bird|p2a: Atack Forretress\n|-damage|p2a: Atack Forretress|35\/100\n|-damage|p1a: Darkrow|70\/100|[from] Recoil\n|\n|-fieldend|move: Electric Terrain\n|upkeep\n|turn|22\n|\n|t:|1700698095\n|move|p2a: Atack Forretress|Roost|p2a: Atack Forretress\n|-heal|p2a: Atack Forretress|85\/100\n|-singleturn|p2a: Atack Forretress|move: Roost\n|move|p1a: Darkrow|Defog|p2a: Atack Forretress\n|-unboost|p2a: Atack Forretress|evasion|1\n|-sideend|p1: Drampa\u5927Raivoso|Stealth Rock|[from] move: Defog|[of] p1a: Darkrow\n|\n|upkeep\n|turn|23\n|\n|t:|1700698098\n|move|p2a: Atack Forretress|U-turn|p1a: Darkrow\n|-resisted|p1a: Darkrow\n|-damage|p1a: Darkrow|66\/100\n|-damage|p2a: Atack Forretress|68\/100|[from] item: Rocky Helmet|[of] p1a: Darkrow\n|\n|t:|1700698100\n|switch|p2a: PiuPiu|Tapu Koko, shiny|100\/100|[from] U-turn\n|-fieldstart|move: Electric Terrain|[from] ability: Electric Surge|[of] p2a: PiuPiu\n|move|p1a: Darkrow|U-turn|p2a: PiuPiu\n|-resisted|p2a: PiuPiu\n|-damage|p2a: PiuPiu|90\/100\n|\n|t:|1700698123\n|switch|p1a: Menino Ney|Tapu Koko|73\/100|[from] U-turn\n|\n|upkeep\n|turn|24\n|\n|t:|1700698138\n|move|p1a: Menino Ney|Roost|p1a: Menino Ney\n|-heal|p1a: Menino Ney|100\/100\n|-singleturn|p1a: Menino Ney|move: Roost\n|move|p2a: PiuPiu|U-turn|p1a: Menino Ney\n|-resisted|p1a: Menino Ney\n|-damage|p1a: Menino Ney|90\/100\n|\n|t:|1700698145\n|switch|p2a: Hawlucha s\u00f3q bom|Sneasler, F, shiny|100\/100|[from] U-turn\n|-enditem|p2a: Hawlucha s\u00f3q bom|Electric Seed\n|-boost|p2a: Hawlucha s\u00f3q bom|def|1|[from] item: Electric Seed\n|\n|upkeep\n|turn|25\n|\n|t:|1700698153\n|move|p2a: Hawlucha s\u00f3q bom|Dire Claw|p1a: Menino Ney\n|-supereffective|p1a: Menino Ney\n|-damage|p1a: Menino Ney|0 fnt\n|faint|p1a: Menino Ney\n|\n|upkeep\n|\n|t:|1700698158\n|switch|p1a: Darkrow|Corviknight, M|66\/100\n|-ability|p1a: Darkrow|Pressure\n|turn|26\n|inactive|The Kitten Boy has 120 seconds left.\n|\n|t:|1700698189\n|-terastallize|p2a: Hawlucha s\u00f3q bom|Flying\n|move|p2a: Hawlucha s\u00f3q bom|Swords Dance|p2a: Hawlucha s\u00f3q bom\n|-boost|p2a: Hawlucha s\u00f3q bom|atk|2\n|move|p1a: Darkrow|Roost|p1a: Darkrow\n|-heal|p1a: Darkrow|100\/100\n|-singleturn|p1a: Darkrow|move: Roost\n|\n|upkeep\n|turn|27\n|\n|t:|1700698194\n|move|p2a: Hawlucha s\u00f3q bom|Close Combat|p1a: Darkrow\n|-damage|p1a: Darkrow|25\/100\n|-unboost|p2a: Hawlucha s\u00f3q bom|def|1\n|-unboost|p2a: Hawlucha s\u00f3q bom|spd|1\n|-damage|p2a: Hawlucha s\u00f3q bom|84\/100|[from] item: Rocky Helmet|[of] p1a: Darkrow\n|move|p1a: Darkrow|Brave Bird|p2a: Hawlucha s\u00f3q bom\n|-crit|p2a: Hawlucha s\u00f3q bom\n|-damage|p2a: Hawlucha s\u00f3q bom|0 fnt\n|faint|p2a: Hawlucha s\u00f3q bom\n|-damage|p1a: Darkrow|5\/100|[from] Recoil\n|\n|upkeep\n|\n|t:|1700698201\n|switch|p2a: N\u00e3o-Bin\u00e1rie|Iron Valiant, shiny|20\/100\n|-activate|p2a: N\u00e3o-Bin\u00e1rie|ability: Quark Drive\n|-start|p2a: N\u00e3o-Bin\u00e1rie|quarkdrivespe\n|turn|28\n|\n|t:|1700698206\n|move|p2a: N\u00e3o-Bin\u00e1rie|Moonblast|p1a: Darkrow\n|-resisted|p1a: Darkrow\n|-damage|p1a: Darkrow|0 fnt\n|faint|p1a: Darkrow\n|\n|upkeep\n|\n|t:|1700698210\n|switch|p1a: 2b|Iron Valiant|94\/100\n|-activate|p1a: 2b|ability: Quark Drive\n|-start|p1a: 2b|quarkdrivespe\n|turn|29\n|\n|t:|1700698221\n|move|p2a: N\u00e3o-Bin\u00e1rie|Moonblast|p1a: 2b\n|-supereffective|p1a: 2b\n|-damage|p1a: 2b|0 fnt\n|faint|p1a: 2b\n|-end|p1a: 2b|Quark Drive|[silent]\n|\n|upkeep\n|\n|t:|1700698225\n|switch|p1a: Mirko|Lopunny-Mega, F|52\/100\n|turn|30\n|\n|t:|1700698230\n|-end|p2a: N\u00e3o-Bin\u00e1rie|Quark Drive|[silent]\n|switch|p2a: Atack Forretress|Scizor-Mega, F, shiny|68\/100\n|move|p1a: Mirko|Fake Out|p2a: Atack Forretress\n|-resisted|p2a: Atack Forretress\n|-damage|p2a: Atack Forretress|61\/100\n|\n|-fieldend|move: Electric Terrain\n|upkeep\n|turn|31\n|inactive|The Kitten Boy has 120 seconds left.\n|\n|t:|1700698262\n|move|p1a: Mirko|Close Combat|p2a: Atack Forretress\n|-damage|p2a: Atack Forretress|23\/100\n|-unboost|p1a: Mirko|def|1\n|-unboost|p1a: Mirko|spd|1\n|move|p2a: Atack Forretress|Swords Dance|p2a: Atack Forretress\n|-boost|p2a: Atack Forretress|atk|2\n|\n|upkeep\n|turn|32\n|inactive|Drampa\u5927Raivoso has 120 seconds left.\n|\n|t:|1700698304\n|move|p2a: Atack Forretress|Bullet Punch|p1a: Mirko\n|-damage|p1a: Mirko|0 fnt\n|faint|p1a: Mirko\n|\n|win|The Kitten Boy\n|n|\u2606Drampa\u5927Raivoso|dramparaivoso\n|n|\u2606The Kitten Boy|thekittenboy\n|n| Batataplays|batataplays\n|l|\u2606Drampa\u5927Raivoso\n","uploadtime":1700698311,"views":1,"p1id":"dramparaivoso","p2id":"thekittenboy","formatid":"gen9nationaldex","rating":0,"private":0,"password":""}