{"id":"gen9nationaldex-1993653102","p1":"ckswagdog","p2":"Liberal tyranitars","format":"[Gen 9] National Dex","log":"|j|\u2606ckswagdog\n|j|\u2606Liberal tyranitars\n|t:|1700341874\n|gametype|singles\n|player|p1|ckswagdog|firebreather|\n|player|p2|Liberal tyranitars|169|\n|teamsize|p1|6\n|teamsize|p2|6\n|gen|9\n|tier|[Gen 9] National Dex\n|rule|HP Percentage Mod: HP is shown in percentages\n|rule|Endless Battle Clause: Forcing endless battles is banned\n|rule|OHKO Clause: OHKO moves are banned\n|rule|Evasion Clause: Evasion abilities, items, and moves are banned\n|rule|Evasion Abilities Clause: Evasion abilities are banned\n|rule|Evasion Items Clause: Evasion items are banned\n|rule|Evasion Moves Clause: Evasion moves are banned\n|rule|Species Clause: Limit one of each Pok\u00e9mon\n|rule|Sleep Clause Mod: Limit one foe put to sleep\n|clearpoke\n|poke|p1|Toedscruel, M|\n|poke|p1|Quaquaval, F|\n|poke|p1|Corsola-Galar, F|\n|poke|p1|Pelipper, F|\n|poke|p1|Thundurus-Therian, M|\n|poke|p1|Sharpedo, M|\n|poke|p2|Tyranitar, F|\n|poke|p2|Dracozolt|\n|poke|p2|Empoleon, F|\n|poke|p2|Gigalith, F|\n|poke|p2|Goodra-Hisui, F|\n|poke|p2|Houndstone, F|\n|teampreview\n|\n|t:|1700341883\n|start\n|switch|p1a: Corsola|Corsola-Galar, F|100\/100\n|switch|p2a: Goodra|Goodra-Hisui, F|100\/100\n|turn|1\n|\n|t:|1700341907\n|move|p2a: Goodra|Flash Cannon|p1a: Corsola\n|-crit|p1a: Corsola\n|-damage|p1a: Corsola|57\/100\n|-start|p2a: Goodra|Disable|Flash Cannon|[from] ability: Cursed Body|[of] p1a: Corsola\n|move|p1a: Corsola|Stealth Rock|p2a: Goodra\n|-sidestart|p2: Liberal tyranitars|move: Stealth Rock\n|\n|upkeep\n|turn|2\n|\n|t:|1700341918\n|move|p2a: Goodra|Dragon Pulse|p1a: Corsola\n|-damage|p1a: Corsola|24\/100\n|move|p1a: Corsola|Whirlpool|p2a: Goodra\n|-resisted|p2a: Goodra\n|-damage|p2a: Goodra|99\/100\n|-activate|p2a: Goodra|move: Whirlpool|[of] p1a: Corsola\n|\n|-heal|p2a: Goodra|100\/100|[from] item: Leftovers\n|-damage|p2a: Goodra|88\/100|[from] move: Whirlpool|[partiallytrapped]\n|upkeep\n|turn|3\n|\n|t:|1700341944\n|switch|p1a: Toedscruel|Toedscruel, M|100\/100\n|move|p2a: Goodra|Dragon Pulse|p1a: Toedscruel\n|-damage|p1a: Toedscruel|58\/100\n|\n|-heal|p2a: Goodra|94\/100|[from] item: Leftovers\n|-end|p2a: Goodra|Whirlpool|[partiallytrapped]|[silent]\n|upkeep\n|turn|4\n|\n|t:|1700341960\n|move|p2a: Goodra|Dragon Pulse|p1a: Toedscruel\n|-damage|p1a: Toedscruel|13\/100\n|move|p1a: Toedscruel|Spikes|p2a: Goodra\n|-sidestart|p2: Liberal tyranitars|Spikes\n|\n|-heal|p2a: Goodra|99\/100|[from] item: Leftovers\n|-end|p2a: Goodra|Disable\n|upkeep\n|turn|5\n|\n|t:|1700341978\n|move|p2a: Goodra|Flash Cannon|p1a: Toedscruel\n|-damage|p1a: Toedscruel|0 fnt\n|faint|p1a: Toedscruel\n|\n|-heal|p2a: Goodra|100\/100|[from] item: Leftovers\n|upkeep\n|\n|t:|1700341991\n|switch|p1a: Sharpedo|Sharpedo, M|100\/100\n|turn|6\n|\n|t:|1700342007\n|move|p1a: Sharpedo|Protect|p1a: Sharpedo\n|-singleturn|p1a: Sharpedo|Protect\n|move|p2a: Goodra|Thunder|p1a: Sharpedo\n|-activate|p1a: Sharpedo|move: Protect\n|\n|upkeep\n|turn|7\n|\n|t:|1700342015\n|switch|p1a: Thundurus|Thundurus-Therian, M|100\/100\n|move|p2a: Goodra|Thunder|p1a: Thundurus\n|-immune|p1a: Thundurus|[from] ability: Volt Absorb\n|\n|upkeep\n|turn|8\n|\n|t:|1700342025\n|move|p1a: Thundurus|Focus Blast|p2a: Goodra|[miss]\n|-miss|p1a: Thundurus|p2a: Goodra\n|move|p2a: Goodra|Flash Cannon|p1a: Thundurus\n|-resisted|p1a: Thundurus\n|-damage|p1a: Thundurus|80\/100\n|\n|upkeep\n|turn|9\n|\n|t:|1700342032\n|move|p1a: Thundurus|Focus Blast|p2a: Goodra\n|-supereffective|p2a: Goodra\n|-damage|p2a: Goodra|41\/100\n|move|p2a: Goodra|Dragon Pulse|p1a: Thundurus\n|-damage|p1a: Thundurus|44\/100\n|\n|-heal|p2a: Goodra|47\/100|[from] item: Leftovers\n|upkeep\n|turn|10\n|\n|t:|1700342062\n|switch|p2a: Houndstone|Houndstone, F|100\/100\n|-damage|p2a: Houndstone|88\/100|[from] Stealth Rock\n|-damage|p2a: Houndstone|76\/100|[from] Spikes\n|move|p1a: Thundurus|Focus Blast|p2a: Houndstone\n|-immune|p2a: Houndstone\n|\n|upkeep\n|turn|11\n|\n|t:|1700342077\n|move|p1a: Thundurus|Volt Switch|p2a: Houndstone\n|-damage|p2a: Houndstone|28\/100\n|\n|t:|1700342080\n|switch|p1a: Sharpedo|Sharpedo, M|100\/100|[from] Volt Switch\n|move|p2a: Houndstone|Ice Fang|p1a: Sharpedo\n|-resisted|p1a: Sharpedo\n|-damage|p1a: Sharpedo|76\/100\n|-damage|p2a: Houndstone|15\/100|[from] ability: Rough Skin|[of] p1a: Sharpedo\n|-enditem|p2a: Houndstone|Aguav Berry|[eat]\n|-heal|p2a: Houndstone|49\/100|[from] item: Aguav Berry\n|\n|upkeep\n|turn|12\n|\n|t:|1700342095\n|move|p1a: Sharpedo|Protect|p1a: Sharpedo\n|-singleturn|p1a: Sharpedo|Protect\n|move|p2a: Houndstone|Destiny Bond|p2a: Houndstone\n|-singlemove|p2a: Houndstone|Destiny Bond\n|\n|upkeep\n|turn|13\n|\n|t:|1700342111\n|move|p1a: Sharpedo|Aqua Jet|p2a: Houndstone\n|-damage|p2a: Houndstone|25\/100\n|move|p2a: Houndstone|Poltergeist|p1a: Sharpedo\n|-activate|p1a: Sharpedo|move: Poltergeist|Sharpedonite\n|-resisted|p1a: Sharpedo\n|-damage|p1a: Sharpedo|12\/100\n|\n|upkeep\n|turn|14\n|\n|t:|1700342129\n|switch|p2a: Gigalith|Gigalith, F|100\/100\n|-damage|p2a: Gigalith|88\/100|[from] Stealth Rock\n|-damage|p2a: Gigalith|76\/100|[from] Spikes\n|-weather|Sandstorm|[from] ability: Sand Stream|[of] p2a: Gigalith\n|detailschange|p1a: Sharpedo|Sharpedo-Mega, M\n|-mega|p1a: Sharpedo|Sharpedo|Sharpedonite\n|move|p1a: Sharpedo|Crunch|p2a: Gigalith\n|-damage|p2a: Gigalith|26\/100\n|-unboost|p2a: Gigalith|def|1\n|\n|-weather|Sandstorm|[upkeep]\n|-damage|p1a: Sharpedo|6\/100|[from] Sandstorm\n|upkeep\n|turn|15\n|\n|t:|1700342150\n|move|p1a: Sharpedo|Aqua Jet|p2a: Gigalith\n|-supereffective|p2a: Gigalith\n|-damage|p2a: Gigalith|0 fnt\n|faint|p2a: Gigalith\n|\n|-weather|Sandstorm|[upkeep]\n|-damage|p1a: Sharpedo|0 fnt|[from] Sandstorm\n|faint|p1a: Sharpedo\n|upkeep\n|\n|t:|1700342163\n|switch|p1a: Pelipper|Pelipper, F|100\/100\n|switch|p2a: Goodra|Goodra-Hisui, F|47\/100\n|-weather|RainDance|[from] ability: Drizzle|[of] p1a: Pelipper\n|-damage|p2a: Goodra|41\/100|[from] Stealth Rock\n|-damage|p2a: Goodra|29\/100|[from] Spikes\n|turn|16\n|\n|t:|1700342184\n|switch|p1a: Thundurus|Thundurus-Therian, M|44\/100\n|move|p2a: Goodra|Draco Meteor|p1a: Thundurus\n|-damage|p1a: Thundurus|0 fnt\n|-unboost|p2a: Goodra|spa|2\n|faint|p1a: Thundurus\n|\n|-weather|RainDance|[upkeep]\n|-heal|p2a: Goodra|35\/100|[from] item: Leftovers\n|upkeep\n|\n|t:|1700342194\n|switch|p1a: Quaquaval|Quaquaval, F|100\/100\n|turn|17\n|\n|t:|1700342199\n|move|p1a: Quaquaval|Bulk Up|p1a: Quaquaval\n|-boost|p1a: Quaquaval|atk|1\n|-boost|p1a: Quaquaval|def|1\n|move|p2a: Goodra|Thunder|p1a: Quaquaval\n|-supereffective|p1a: Quaquaval\n|-damage|p1a: Quaquaval|55\/100\n|\n|-weather|RainDance|[upkeep]\n|-heal|p1a: Quaquaval|61\/100|[from] item: Leftovers\n|-heal|p2a: Goodra|41\/100|[from] item: Leftovers\n|upkeep\n|turn|18\n|\n|t:|1700342217\n|move|p1a: Quaquaval|Aqua Step|p2a: Goodra\n|-resisted|p2a: Goodra\n|-damage|p2a: Goodra|0 fnt\n|-boost|p1a: Quaquaval|spe|1\n|faint|p2a: Goodra\n|-ability|p1a: Quaquaval|Moxie|boost\n|-boost|p1a: Quaquaval|atk|1\n|\n|-weather|RainDance|[upkeep]\n|-heal|p1a: Quaquaval|68\/100|[from] item: Leftovers\n|upkeep\n|\n|t:|1700342238\n|switch|p2a: Tyranitar|Tyranitar, F|100\/100\n|-damage|p2a: Tyranitar|88\/100|[from] Stealth Rock\n|-damage|p2a: Tyranitar|76\/100|[from] Spikes\n|-weather|Sandstorm|[from] ability: Sand Stream|[of] p2a: Tyranitar\n|turn|19\n|\n|t:|1700342252\n|detailschange|p2a: Tyranitar|Tyranitar-Mega, F\n|-mega|p2a: Tyranitar|Tyranitar|Tyranitarite\n|move|p1a: Quaquaval|Close Combat|p2a: Tyranitar\n|-supereffective|p2a: Tyranitar\n|-damage|p2a: Tyranitar|0 fnt\n|-unboost|p1a: Quaquaval|def|1\n|-unboost|p1a: Quaquaval|spd|1\n|faint|p2a: Tyranitar\n|-ability|p1a: Quaquaval|Moxie|boost\n|-boost|p1a: Quaquaval|atk|1\n|\n|-weather|Sandstorm|[upkeep]\n|-damage|p1a: Quaquaval|61\/100|[from] Sandstorm\n|-heal|p1a: Quaquaval|68\/100|[from] item: Leftovers\n|upkeep\n|\n|t:|1700342265\n|switch|p2a: Dracozolt|Dracozolt|100\/100\n|-damage|p2a: Dracozolt|88\/100|[from] Stealth Rock\n|-damage|p2a: Dracozolt|75\/100|[from] Spikes\n|turn|20\n|\n|t:|1700342273\n|switch|p1a: Corsola|Corsola-Galar, F|24\/100\n|move|p2a: Dracozolt|Bolt Beak|p1a: Corsola\n|-damage|p1a: Corsola|0 fnt\n|faint|p1a: Corsola\n|-damage|p2a: Dracozolt|66\/100|[from] item: Life Orb\n|\n|-weather|Sandstorm|[upkeep]\n|upkeep\n|\n|t:|1700342283\n|switch|p1a: Pelipper|Pelipper, F|100\/100\n|-weather|RainDance|[from] ability: Drizzle|[of] p1a: Pelipper\n|turn|21\n|\n|t:|1700342298\n|move|p2a: Dracozolt|Bolt Beak|p1a: Pelipper\n|-supereffective|p1a: Pelipper\n|-damage|p1a: Pelipper|0 fnt\n|faint|p1a: Pelipper\n|-damage|p2a: Dracozolt|56\/100|[from] item: Life Orb\n|\n|-weather|RainDance|[upkeep]\n|upkeep\n|\n|t:|1700342305\n|switch|p1a: Quaquaval|Quaquaval, F|68\/100\n|turn|22\n|\n|t:|1700342314\n|move|p2a: Dracozolt|Bolt Beak|p1a: Quaquaval\n|-supereffective|p1a: Quaquaval\n|-damage|p1a: Quaquaval|0 fnt\n|faint|p1a: Quaquaval\n|-damage|p2a: Dracozolt|46\/100|[from] item: Life Orb\n|\n|win|Liberal tyranitars\n|l|\u2606ckswagdog\n","uploadtime":1700342351,"views":34,"p1id":"ckswagdog","p2id":"liberaltyranitars","formatid":"gen9nationaldex","rating":0,"private":0,"password":""}