{"id":"gen9nationaldex-1987300745","p1":"ghosts lord6","p2":"losr1229","format":"[Gen 9] National Dex","log":"|j|\u2606ghosts lord6\n|j|\u2606losr1229\n|t:|1699574921\n|gametype|singles\n|player|p1|ghosts lord6|alder|\n|player|p2|losr1229|twins|\n|teamsize|p1|6\n|teamsize|p2|6\n|gen|9\n|tier|[Gen 9] National Dex\n|rule|HP Percentage Mod: HP is shown in percentages\n|rule|Endless Battle Clause: Forcing endless battles is banned\n|rule|OHKO Clause: OHKO moves are banned\n|rule|Evasion Clause: Evasion abilities, items, and moves are banned\n|rule|Evasion Abilities Clause: Evasion abilities are banned\n|rule|Evasion Items Clause: Evasion items are banned\n|rule|Evasion Moves Clause: Evasion moves are banned\n|rule|Species Clause: Limit one of each Pok\u00e9mon\n|rule|Sleep Clause Mod: Limit one foe put to sleep\n|clearpoke\n|poke|p1|Pinsir, F|\n|poke|p1|Cinderace, M|\n|poke|p1|Grimmsnarl, M|\n|poke|p1|Urshifu-*, M|\n|poke|p1|Decidueye-Hisui, F|\n|poke|p1|Sneasler, M|\n|poke|p2|Regidrago|\n|poke|p2|Hydreigon, M|\n|poke|p2|Toxapex, F|\n|poke|p2|Tentacruel, M|\n|poke|p2|Beedrill, F|\n|poke|p2|Okidogi, M|\n|teampreview\n|inactive|Battle timer is ON: inactive players will automatically lose when time's up. (requested by ghosts lord6)\n|inactive|losr1229 also wants the timer to be on.\n|\n|t:|1699574932\n|start\n|switch|p1a: Grimmsnarl|Grimmsnarl, M|100\/100\n|switch|p2a: Toxapex|Toxapex, F, shiny|100\/100\n|turn|1\n|\n|t:|1699574942\n|move|p1a: Grimmsnarl|Thunder Wave|p2a: Toxapex\n|-status|p2a: Toxapex|par\n|move|p2a: Toxapex|Toxic|p1a: Grimmsnarl\n|-status|p1a: Grimmsnarl|tox\n|\n|-damage|p1a: Grimmsnarl|94\/100 tox|[from] psn\n|upkeep\n|turn|2\n|\n|t:|1699574948\n|move|p1a: Grimmsnarl|Reflect|p1a: Grimmsnarl\n|-sidestart|p1: ghosts lord6|Reflect\n|move|p2a: Toxapex|Knock Off|p1a: Grimmsnarl\n|-resisted|p1a: Grimmsnarl\n|-damage|p1a: Grimmsnarl|92\/100 tox\n|-enditem|p1a: Grimmsnarl|Light Clay|[from] move: Knock Off|[of] p2a: Toxapex\n|\n|-damage|p1a: Grimmsnarl|80\/100 tox|[from] psn\n|upkeep\n|turn|3\n|\n|t:|1699574959\n|move|p1a: Grimmsnarl|Light Screen|p1a: Grimmsnarl\n|-sidestart|p1: ghosts lord6|move: Light Screen\n|move|p2a: Toxapex|Scald|p1a: Grimmsnarl\n|-damage|p1a: Grimmsnarl|74\/100 tox\n|\n|-damage|p1a: Grimmsnarl|56\/100 tox|[from] psn\n|upkeep\n|turn|4\n|c|\u2606ghosts lord6|watch me get poisoned\n|\n|t:|1699574972\n|switch|p2a: Hydreigon|Hydreigon, M, shiny|100\/100\n|move|p1a: Grimmsnarl|Parting Shot|p2a: Hydreigon\n|-hint|Since gen 7, Dark is immune to Prankster moves.\n|-immune|p2a: Hydreigon\n|\n|-damage|p1a: Grimmsnarl|31\/100 tox|[from] psn\n|upkeep\n|turn|5\n|\n|t:|1699574978\n|move|p1a: Grimmsnarl|Thunder Wave|p2a: Hydreigon\n|-hint|Since gen 7, Dark is immune to Prankster moves.\n|-immune|p2a: Hydreigon\n|move|p2a: Hydreigon|Focus Energy|p2a: Hydreigon\n|-start|p2a: Hydreigon|move: Focus Energy\n|\n|-damage|p1a: Grimmsnarl|1\/100 tox|[from] psn\n|upkeep\n|turn|6\n|\n|t:|1699574986\n|move|p1a: Grimmsnarl|Thunder Wave|p2a: Hydreigon\n|-hint|Since gen 7, Dark is immune to Prankster moves.\n|-immune|p2a: Hydreigon\n|move|p2a: Hydreigon|Draco Meteor|p1a: Grimmsnarl\n|-immune|p1a: Grimmsnarl\n|\n|-damage|p1a: Grimmsnarl|0 fnt|[from] psn\n|faint|p1a: Grimmsnarl\n|upkeep\n|c|\u2606losr1229|Ignore the draco\n|c|\u2606ghosts lord6|ah yes\n|inactive|ghosts lord6 has 270 seconds left.\n|c|\u2606ghosts lord6|my dumbness doomed me\n|\n|t:|1699575018\n|switch|p1a: Pinsir|Pinsir, F|100\/100\n|turn|7\n|\n|t:|1699575024\n|detailschange|p1a: Pinsir|Pinsir-Mega, F\n|-mega|p1a: Pinsir|Pinsir|Pinsirite\n|move|p1a: Pinsir|X-Scissor|p2a: Hydreigon\n|-supereffective|p2a: Hydreigon\n|-damage|p2a: Hydreigon|0 fnt\n|faint|p2a: Hydreigon\n|\n|-sideend|p1: ghosts lord6|move: Light Screen\n|upkeep\n|c|\u2606ghosts lord6|oh\n|\n|t:|1699575032\n|switch|p2a: Toxapex|Toxapex, F, shiny|100\/100 par\n|turn|8\n|\n|t:|1699575038\n|switch|p1a: Cinderace|Cinderace, M|100\/100\n|move|p2a: Toxapex|Scald|p1a: Cinderace\n|-supereffective|p1a: Cinderace\n|-damage|p1a: Cinderace|52\/100\n|\n|upkeep\n|turn|9\n|\n|t:|1699575047\n|move|p1a: Cinderace|Iron Head|p2a: Toxapex\n|-start|p1a: Cinderace|typechange|Steel|[from] ability: Libero\n|-resisted|p2a: Toxapex\n|-damage|p2a: Toxapex|86\/100 par\n|move|p2a: Toxapex|Scald|p1a: Cinderace\n|-damage|p1a: Cinderace|27\/100\n|-status|p1a: Cinderace|brn\n|\n|-heal|p2a: Toxapex|92\/100 par|[from] item: Leftovers\n|-damage|p1a: Cinderace|21\/100 brn|[from] brn\n|-sideend|p1: ghosts lord6|Reflect\n|upkeep\n|turn|10\n|\n|t:|1699575058\n|switch|p1a: Decidueye|Decidueye-Hisui, F|100\/100\n|move|p2a: Toxapex|Scald|p1a: Decidueye\n|-resisted|p1a: Decidueye\n|-damage|p1a: Decidueye|95\/100\n|\n|-heal|p1a: Decidueye|100\/100|[from] item: Leftovers\n|-heal|p2a: Toxapex|99\/100 par|[from] item: Leftovers\n|upkeep\n|turn|11\n|\n|t:|1699575064\n|move|p1a: Decidueye|Bulk Up|p1a: Decidueye\n|-boost|p1a: Decidueye|atk|1\n|-boost|p1a: Decidueye|def|1\n|cant|p2a: Toxapex|par\n|\n|-heal|p2a: Toxapex|100\/100 par|[from] item: Leftovers\n|upkeep\n|turn|12\n|\n|t:|1699575069\n|move|p1a: Decidueye|Bulk Up|p1a: Decidueye\n|-boost|p1a: Decidueye|atk|1\n|-boost|p1a: Decidueye|def|1\n|move|p2a: Toxapex|Scald|p1a: Decidueye\n|-resisted|p1a: Decidueye\n|-damage|p1a: Decidueye|95\/100\n|\n|-heal|p1a: Decidueye|100\/100|[from] item: Leftovers\n|upkeep\n|turn|13\n|\n|t:|1699575075\n|move|p1a: Decidueye|Bulk Up|p1a: Decidueye\n|-boost|p1a: Decidueye|atk|1\n|-boost|p1a: Decidueye|def|1\n|move|p2a: Toxapex|Scald|p1a: Decidueye\n|-resisted|p1a: Decidueye\n|-damage|p1a: Decidueye|94\/100\n|-status|p1a: Decidueye|brn\n|\n|-heal|p1a: Decidueye|100\/100 brn|[from] item: Leftovers\n|-damage|p1a: Decidueye|94\/100 brn|[from] brn\n|upkeep\n|turn|14\n|\n|t:|1699575086\n|move|p1a: Decidueye|Bulk Up|p1a: Decidueye\n|-boost|p1a: Decidueye|atk|1\n|-boost|p1a: Decidueye|def|1\n|move|p2a: Toxapex|Knock Off|p1a: Decidueye\n|-resisted|p1a: Decidueye\n|-damage|p1a: Decidueye|91\/100 brn\n|-enditem|p1a: Decidueye|Leftovers|[from] move: Knock Off|[of] p2a: Toxapex\n|\n|-damage|p1a: Decidueye|85\/100 brn|[from] brn\n|upkeep\n|turn|15\n|c|\u2606ghosts lord6|so again with the 100% burn\n|\n|t:|1699575095\n|switch|p2a: Tentacruel|Tentacruel, M|100\/100\n|-terastallize|p1a: Decidueye|Ghost\n|move|p1a: Decidueye|Shadow Sneak|p2a: Tentacruel\n|-damage|p2a: Tentacruel|66\/100\n|\n|-heal|p2a: Tentacruel|72\/100|[from] item: Leftovers\n|-damage|p1a: Decidueye|79\/100 brn|[from] brn\n|upkeep\n|turn|16\n|c|\u2606losr1229|Your para luck is crazy tho\n|\n|t:|1699575115\n|move|p1a: Decidueye|Shadow Sneak|p2a: Tentacruel\n|-damage|p2a: Tentacruel|32\/100\n|move|p2a: Tentacruel|Acid Armor|p2a: Tentacruel\n|-boost|p2a: Tentacruel|def|2\n|\n|-heal|p2a: Tentacruel|38\/100|[from] item: Leftovers\n|-damage|p1a: Decidueye|73\/100 brn|[from] brn\n|upkeep\n|turn|17\n|\n|t:|1699575123\n|move|p1a: Decidueye|Shadow Sneak|p2a: Tentacruel\n|-damage|p2a: Tentacruel|18\/100\n|move|p2a: Tentacruel|Hydro Pump|p1a: Decidueye\n|-damage|p1a: Decidueye|51\/100 brn\n|\n|-heal|p2a: Tentacruel|24\/100|[from] item: Leftovers\n|-damage|p1a: Decidueye|45\/100 brn|[from] brn\n|upkeep\n|turn|18\n|\n|t:|1699575130\n|move|p1a: Decidueye|Shadow Sneak|p2a: Tentacruel\n|-damage|p2a: Tentacruel|6\/100\n|move|p2a: Tentacruel|Hydro Pump|p1a: Decidueye|[miss]\n|-miss|p2a: Tentacruel|p1a: Decidueye\n|\n|-heal|p2a: Tentacruel|12\/100|[from] item: Leftovers\n|-damage|p1a: Decidueye|39\/100 brn|[from] brn\n|upkeep\n|turn|19\n|\n|t:|1699575134\n|move|p1a: Decidueye|Shadow Sneak|p2a: Tentacruel\n|-damage|p2a: Tentacruel|0 fnt\n|faint|p2a: Tentacruel\n|\n|-damage|p1a: Decidueye|33\/100 brn|[from] brn\n|upkeep\n|\n|t:|1699575140\n|switch|p2a: Toxapex|Toxapex, F, shiny|100\/100 par\n|turn|20\n|\n|t:|1699575145\n|move|p1a: Decidueye|Roost|p1a: Decidueye\n|-heal|p1a: Decidueye|83\/100 brn\n|move|p2a: Toxapex|Scald|p1a: Decidueye\n|-damage|p1a: Decidueye|72\/100 brn\n|\n|-damage|p1a: Decidueye|65\/100 brn|[from] brn\n|upkeep\n|turn|21\n|c|\u2606ghosts lord6|thx for the free root\n|c|\u2606ghosts lord6|roost*\n|c|\u2606losr1229|I forgot you had it\n|\n|t:|1699575158\n|move|p1a: Decidueye|Bulk Up|p1a: Decidueye\n|-boost|p1a: Decidueye|atk|1\n|-boost|p1a: Decidueye|def|1\n|cant|p2a: Toxapex|par\n|\n|-damage|p1a: Decidueye|59\/100 brn|[from] brn\n|upkeep\n|turn|22\n|\n|t:|1699575163\n|switch|p2a: Regidrago|Regidrago, shiny|100\/100\n|move|p1a: Decidueye|Bulk Up|p1a: Decidueye\n|-boost|p1a: Decidueye|atk|1\n|-boost|p1a: Decidueye|def|1\n|\n|-damage|p1a: Decidueye|53\/100 brn|[from] brn\n|upkeep\n|turn|23\n|\n|t:|1699575170\n|move|p1a: Decidueye|Shadow Sneak|p2a: Regidrago\n|-damage|p2a: Regidrago|66\/100\n|move|p2a: Regidrago|Dragon Pulse|p1a: Decidueye\n|-damage|p1a: Decidueye|19\/100 brn\n|\n|-damage|p1a: Decidueye|13\/100 brn|[from] brn\n|upkeep\n|turn|24\n|\n|t:|1699575176\n|move|p1a: Decidueye|Shadow Sneak|p2a: Regidrago\n|-damage|p2a: Regidrago|35\/100\n|move|p2a: Regidrago|Dragon Pulse|p1a: Decidueye\n|-damage|p1a: Decidueye|0 fnt\n|faint|p1a: Decidueye\n|\n|upkeep\n|\n|t:|1699575179\n|switch|p1a: Cinderace|Cinderace, M|21\/100 brn\n|turn|25\n|\n|t:|1699575182\n|move|p2a: Regidrago|Dragon Pulse|p1a: Cinderace\n|-damage|p1a: Cinderace|0 fnt\n|faint|p1a: Cinderace\n|\n|upkeep\n|\n|t:|1699575191\n|switch|p1a: Pinsir|Pinsir-Mega, F|100\/100\n|turn|26\n|\n|t:|1699575195\n|move|p1a: Pinsir|Quick Attack|p2a: Regidrago\n|-damage|p2a: Regidrago|0 fnt\n|faint|p2a: Regidrago\n|\n|upkeep\n|\n|t:|1699575197\n|switch|p2a: Toxapex|Toxapex, F, shiny|100\/100 par\n|turn|27\n|\n|t:|1699575205\n|switch|p1a: Urshifu|Urshifu-Rapid-Strike, M|100\/100\n|move|p2a: Toxapex|Scald|p1a: Urshifu\n|-resisted|p1a: Urshifu\n|-damage|p1a: Urshifu|87\/100\n|\n|upkeep\n|turn|28\n|\n|t:|1699575211\n|move|p1a: Urshifu|Thunder Punch|p2a: Toxapex\n|-supereffective|p2a: Toxapex\n|-damage|p2a: Toxapex|49\/100 par\n|move|p2a: Toxapex|Scald|p1a: Urshifu\n|-resisted|p1a: Urshifu\n|-damage|p1a: Urshifu|76\/100\n|\n|-heal|p2a: Toxapex|56\/100 par|[from] item: Leftovers\n|upkeep\n|turn|29\n|\n|t:|1699575220\n|switch|p2a: Okidogi|Okidogi, M|100\/100\n|move|p1a: Urshifu|Thunder Punch|p2a: Okidogi\n|-damage|p2a: Okidogi|75\/100\n|-status|p2a: Okidogi|par\n|\n|-heal|p2a: Okidogi|81\/100 par|[from] item: Leftovers\n|upkeep\n|turn|30\n|c|\u2606ghosts lord6|wow\n|\n|t:|1699575231\n|move|p1a: Urshifu|Surging Strikes|p2a: Okidogi\n|-crit|p2a: Okidogi\n|-damage|p2a: Okidogi|61\/100 par\n|-crit|p2a: Okidogi\n|-damage|p2a: Okidogi|43\/100 par\n|-crit|p2a: Okidogi\n|-damage|p2a: Okidogi|24\/100 par\n|-hitcount|p2a: Okidogi|3\n|move|p2a: Okidogi|Gunk Shot|p1a: Urshifu|[miss]\n|-miss|p2a: Okidogi|p1a: Urshifu\n|\n|-heal|p2a: Okidogi|30\/100 par|[from] item: Leftovers\n|upkeep\n|turn|31\n|c|\u2606ghosts lord6|WOW\n|c|\u2606ghosts lord6|LOL\n|\n|t:|1699575239\n|move|p1a: Urshifu|Surging Strikes|p2a: Okidogi\n|-crit|p2a: Okidogi\n|-damage|p2a: Okidogi|10\/100 par\n|-crit|p2a: Okidogi\n|-damage|p2a: Okidogi|0 fnt\n|faint|p2a: Okidogi\n|-hitcount|p2: Okidogi|2\n|\n|upkeep\n|\n|t:|1699575241\n|switch|p2a: Toxapex|Toxapex, F, shiny|89\/100 par\n|turn|32\n|\n|t:|1699575243\n|move|p1a: Urshifu|Thunder Punch|p2a: Toxapex\n|-supereffective|p2a: Toxapex\n|-damage|p2a: Toxapex|40\/100 par\n|cant|p2a: Toxapex|par\n|\n|-heal|p2a: Toxapex|46\/100 par|[from] item: Leftovers\n|upkeep\n|turn|33\n|c|\u2606ghosts lord6|LMAO\n|\n|t:|1699575249\n|move|p1a: Urshifu|Thunder Punch|p2a: Toxapex\n|-supereffective|p2a: Toxapex\n|-damage|p2a: Toxapex|0 fnt\n|faint|p2a: Toxapex\n|\n|upkeep\n|\n|t:|1699575251\n|switch|p2a: Beedrill|Beedrill, F, shiny|100\/100\n|turn|34\n|\n|t:|1699575257\n|detailschange|p2a: Beedrill|Beedrill-Mega, F, shiny\n|-mega|p2a: Beedrill|Beedrill|Beedrillite\n|move|p2a: Beedrill|Poison Jab|p1a: Urshifu\n|-damage|p1a: Urshifu|16\/100\n|-status|p1a: Urshifu|psn\n|move|p1a: Urshifu|Surging Strikes|p2a: Beedrill\n|-crit|p2a: Beedrill\n|-damage|p2a: Beedrill|53\/100\n|-crit|p2a: Beedrill\n|-damage|p2a: Beedrill|0 fnt\n|faint|p2a: Beedrill\n|-hitcount|p2: Beedrill|2\n|\n|win|ghosts lord6\n|c|\u2606ghosts lord6|gg\n|c|\u2606ghosts lord6|nah nah that luck was crazy\n|c|\u2606losr1229|Gg\n","uploadtime":1699575284,"views":16,"p1id":"ghostslord6","p2id":"losr1229","formatid":"gen9nationaldex","rating":0,"private":0,"password":""}