{"id":"gen9nationaldex-1989271342","p1":"Jam20Jam","p2":"HeirEhm","format":"[Gen 9] National Dex","log":"|j|\u2606Jam20Jam\n|j|\u2606HeirEhm\n|t:|1699830311\n|gametype|singles\n|player|p1|Jam20Jam|carmine|\n|player|p2|HeirEhm|cynthia-gen7|\n|teamsize|p1|6\n|teamsize|p2|6\n|gen|9\n|tier|[Gen 9] National Dex\n|rule|HP Percentage Mod: HP is shown in percentages\n|rule|Endless Battle Clause: Forcing endless battles is banned\n|rule|OHKO Clause: OHKO moves are banned\n|rule|Evasion Clause: Evasion abilities, items, and moves are banned\n|rule|Evasion Abilities Clause: Evasion abilities are banned\n|rule|Evasion Items Clause: Evasion items are banned\n|rule|Evasion Moves Clause: Evasion moves are banned\n|rule|Species Clause: Limit one of each Pok\u00e9mon\n|rule|Sleep Clause Mod: Limit one foe put to sleep\n|clearpoke\n|poke|p1|Amoonguss, M|\n|poke|p1|Skeledirge, M|\n|poke|p1|Grimer-Alola, F|\n|poke|p1|Coalossal, M|\n|poke|p1|Veluza, F|\n|poke|p1|Cetitan, F|\n|poke|p2|Garganacl, M|\n|poke|p2|Ceruledge, F|\n|poke|p2|Klefki, M|\n|poke|p2|Electrode-Hisui|\n|poke|p2|Chansey, F|\n|poke|p2|Murkrow, M|\n|teampreview\n|\n|t:|1699830334\n|start\n|switch|p1a: Grimer|Grimer-Alola, F|100\/100\n|switch|p2a: Wambulance|Chansey, F|100\/100\n|turn|1\n|\n|t:|1699830348\n|move|p2a: Wambulance|Tri Attack|p1a: Grimer\n|-crit|p1a: Grimer\n|-damage|p1a: Grimer|68\/100\n|-status|p1a: Grimer|frz\n|cant|p1a: Grimer|frz\n|\n|upkeep\n|turn|2\n|\n|t:|1699830362\n|move|p2a: Wambulance|Thunderbolt|p1a: Grimer\n|-crit|p1a: Grimer\n|-damage|p1a: Grimer|43\/100 frz\n|cant|p1a: Grimer|frz\n|\n|upkeep\n|turn|3\n|\n|t:|1699830369\n|move|p2a: Wambulance|Water Pulse|p1a: Grimer\n|-damage|p1a: Grimer|32\/100 frz\n|-start|p1a: Grimer|confusion\n|cant|p1a: Grimer|frz\n|\n|upkeep\n|turn|4\n|\n|t:|1699830377\n|move|p2a: Wambulance|Tri Attack|p1a: Grimer\n|-crit|p1a: Grimer\n|-damage|p1a: Grimer|2\/100 frz\n|cant|p1a: Grimer|frz\n|\n|upkeep\n|turn|5\n|\n|t:|1699830384\n|switch|p2a: SWORDSFORHANDS|Ceruledge, F|100\/100\n|cant|p1a: Grimer|frz\n|\n|upkeep\n|turn|6\n|\n|t:|1699830399\n|move|p2a: SWORDSFORHANDS|Bulk Up|p2a: SWORDSFORHANDS\n|-boost|p2a: SWORDSFORHANDS|atk|1\n|-boost|p2a: SWORDSFORHANDS|def|1\n|cant|p1a: Grimer|frz\n|\n|upkeep\n|turn|7\n|\n|t:|1699830405\n|move|p2a: SWORDSFORHANDS|Bulk Up|p2a: SWORDSFORHANDS\n|-boost|p2a: SWORDSFORHANDS|atk|1\n|-boost|p2a: SWORDSFORHANDS|def|1\n|cant|p1a: Grimer|frz\n|\n|upkeep\n|turn|8\n|\n|t:|1699830416\n|move|p2a: SWORDSFORHANDS|Brick Break|p1a: Grimer\n|-damage|p1a: Grimer|0 fnt\n|faint|p1a: Grimer\n|\n|upkeep\n|\n|t:|1699830423\n|switch|p1a: Veluza|Veluza, F|100\/100\n|turn|9\n|\n|t:|1699830439\n|move|p2a: SWORDSFORHANDS|Shadow Sneak|p1a: Veluza\n|-supereffective|p1a: Veluza\n|-damage|p1a: Veluza|0 fnt\n|faint|p1a: Veluza\n|\n|upkeep\n|\n|t:|1699830447\n|switch|p1a: Skeledirge|Skeledirge, M|100\/100\n|turn|10\n|\n|t:|1699830468\n|-terastallize|p1a: Skeledirge|Fire\n|move|p2a: SWORDSFORHANDS|Shadow Sneak|p1a: Skeledirge\n|-damage|p1a: Skeledirge|83\/100\n|move|p1a: Skeledirge|Shadow Ball|p2a: SWORDSFORHANDS\n|-supereffective|p2a: SWORDSFORHANDS\n|-damage|p2a: SWORDSFORHANDS|24\/100\n|\n|upkeep\n|turn|11\n|\n|t:|1699830496\n|switch|p2a: Wambulance|Chansey, F|100\/100\n|move|p1a: Skeledirge|Shadow Ball|p2a: Wambulance\n|-immune|p2a: Wambulance\n|\n|upkeep\n|turn|12\n|\n|t:|1699830507\n|move|p1a: Skeledirge|Torch Song|p2a: Wambulance\n|-damage|p2a: Wambulance|79\/100\n|-boost|p1a: Skeledirge|spa|1\n|move|p2a: Wambulance|Water Pulse|p1a: Skeledirge\n|-supereffective|p1a: Skeledirge\n|-damage|p1a: Skeledirge|68\/100\n|\n|upkeep\n|turn|13\n|\n|t:|1699830516\n|-terastallize|p2a: Wambulance|Water\n|move|p1a: Skeledirge|Torch Song|p2a: Wambulance\n|-resisted|p2a: Wambulance\n|-damage|p2a: Wambulance|63\/100\n|-boost|p1a: Skeledirge|spa|1\n|move|p2a: Wambulance|Water Pulse|p1a: Skeledirge\n|-supereffective|p1a: Skeledirge\n|-damage|p1a: Skeledirge|46\/100\n|\n|upkeep\n|turn|14\n|\n|t:|1699830526\n|move|p1a: Skeledirge|Slack Off|p1a: Skeledirge\n|-heal|p1a: Skeledirge|96\/100\n|move|p2a: Wambulance|Water Pulse|p1a: Skeledirge\n|-supereffective|p1a: Skeledirge\n|-crit|p1a: Skeledirge\n|-damage|p1a: Skeledirge|65\/100\n|\n|upkeep\n|turn|15\n|\n|t:|1699830532\n|move|p1a: Skeledirge|Torch Song|p2a: Wambulance\n|-resisted|p2a: Wambulance\n|-damage|p2a: Wambulance|42\/100\n|-boost|p1a: Skeledirge|spa|1\n|move|p2a: Wambulance|Water Pulse|p1a: Skeledirge\n|-supereffective|p1a: Skeledirge\n|-crit|p1a: Skeledirge\n|-damage|p1a: Skeledirge|34\/100\n|\n|upkeep\n|turn|16\n|\n|t:|1699830542\n|move|p1a: Skeledirge|Slack Off|p1a: Skeledirge\n|-heal|p1a: Skeledirge|84\/100\n|move|p2a: Wambulance|Water Pulse|p1a: Skeledirge\n|-supereffective|p1a: Skeledirge\n|-damage|p1a: Skeledirge|62\/100\n|\n|upkeep\n|turn|17\n|\n|t:|1699830552\n|move|p1a: Skeledirge|Torch Song|p2a: Wambulance\n|-resisted|p2a: Wambulance\n|-damage|p2a: Wambulance|18\/100\n|-boost|p1a: Skeledirge|spa|1\n|move|p2a: Wambulance|Water Pulse|p1a: Skeledirge\n|-supereffective|p1a: Skeledirge\n|-crit|p1a: Skeledirge\n|-damage|p1a: Skeledirge|28\/100\n|\n|upkeep\n|turn|18\n|\n|t:|1699830566\n|move|p1a: Skeledirge|Slack Off|p1a: Skeledirge\n|-heal|p1a: Skeledirge|78\/100\n|move|p2a: Wambulance|Soft-Boiled|p2a: Wambulance\n|-heal|p2a: Wambulance|68\/100\n|\n|upkeep\n|turn|19\n|\n|t:|1699830579\n|move|p1a: Skeledirge|Torch Song|p2a: Wambulance\n|-resisted|p2a: Wambulance\n|-damage|p2a: Wambulance|39\/100\n|-boost|p1a: Skeledirge|spa|1\n|move|p2a: Wambulance|Tri Attack|p1a: Skeledirge\n|-crit|p1a: Skeledirge\n|-damage|p1a: Skeledirge|55\/100\n|\n|upkeep\n|turn|20\n|\n|t:|1699830595\n|move|p1a: Skeledirge|Shadow Ball|p2a: Wambulance\n|-damage|p2a: Wambulance|0 fnt\n|faint|p2a: Wambulance\n|\n|upkeep\n|\n|t:|1699830599\n|switch|p2a: Rowkrum|Murkrow, M|100\/100\n|turn|21\n|\n|t:|1699830611\n|move|p2a: Rowkrum|Haze|p2a: Rowkrum\n|-clearallboost\n|move|p1a: Skeledirge|Torch Song|p2a: Rowkrum\n|-damage|p2a: Rowkrum|52\/100\n|-boost|p1a: Skeledirge|spa|1\n|\n|upkeep\n|turn|22\n|\n|t:|1699830624\n|move|p2a: Rowkrum|Air Slash|p1a: Skeledirge\n|-damage|p1a: Skeledirge|32\/100\n|move|p1a: Skeledirge|Slack Off|p1a: Skeledirge\n|-heal|p1a: Skeledirge|82\/100\n|\n|upkeep\n|turn|23\n|\n|t:|1699830630\n|move|p2a: Rowkrum|Air Slash|p1a: Skeledirge\n|-damage|p1a: Skeledirge|57\/100\n|move|p1a: Skeledirge|Shadow Ball|p2a: Rowkrum\n|-resisted|p2a: Rowkrum\n|-damage|p2a: Rowkrum|27\/100\n|\n|upkeep\n|turn|24\n|\n|t:|1699830657\n|move|p2a: Rowkrum|Air Slash|p1a: Skeledirge\n|-damage|p1a: Skeledirge|34\/100\n|move|p1a: Skeledirge|Slack Off|p1a: Skeledirge\n|-heal|p1a: Skeledirge|84\/100\n|\n|upkeep\n|turn|25\n|\n|t:|1699830669\n|move|p2a: Rowkrum|Air Slash|p1a: Skeledirge\n|-damage|p1a: Skeledirge|60\/100\n|move|p1a: Skeledirge|Shadow Ball|p2a: Rowkrum\n|-resisted|p2a: Rowkrum\n|-crit|p2a: Rowkrum\n|-damage|p2a: Rowkrum|0 fnt\n|faint|p2a: Rowkrum\n|\n|upkeep\n|\n|t:|1699830674\n|switch|p2a: RegiSalt|Garganacl, M, shiny|100\/100\n|turn|26\n|\n|t:|1699830679\n|move|p1a: Skeledirge|Earth Power|p2a: RegiSalt\n|-supereffective|p2a: RegiSalt\n|-damage|p2a: RegiSalt|56\/100\n|move|p2a: RegiSalt|Salt Cure|p1a: Skeledirge\n|-supereffective|p1a: Skeledirge\n|-damage|p1a: Skeledirge|38\/100\n|\n|-heal|p2a: RegiSalt|62\/100|[from] item: Leftovers\n|upkeep\n|turn|27\n|\n|t:|1699830689\n|move|p1a: Skeledirge|Slack Off|p1a: Skeledirge\n|-heal|p1a: Skeledirge|88\/100\n|move|p2a: RegiSalt|Recover|p2a: RegiSalt\n|-heal|p2a: RegiSalt|100\/100\n|\n|upkeep\n|turn|28\n|\n|t:|1699830716\n|move|p1a: Skeledirge|Torch Song|p2a: RegiSalt\n|-resisted|p2a: RegiSalt\n|-damage|p2a: RegiSalt|80\/100\n|-boost|p1a: Skeledirge|spa|1\n|move|p2a: RegiSalt|Recover|p2a: RegiSalt\n|-heal|p2a: RegiSalt|100\/100\n|\n|upkeep\n|turn|29\n|\n|t:|1699830726\n|move|p1a: Skeledirge|Torch Song|p2a: RegiSalt\n|-resisted|p2a: RegiSalt\n|-damage|p2a: RegiSalt|73\/100\n|-boost|p1a: Skeledirge|spa|1\n|move|p2a: RegiSalt|Iron Defense|p2a: RegiSalt\n|-boost|p2a: RegiSalt|def|2\n|\n|-heal|p2a: RegiSalt|79\/100|[from] item: Leftovers\n|upkeep\n|turn|30\n|\n|t:|1699830738\n|move|p1a: Skeledirge|Torch Song|p2a: RegiSalt\n|-resisted|p2a: RegiSalt\n|-damage|p2a: RegiSalt|50\/100\n|-boost|p1a: Skeledirge|spa|1\n|move|p2a: RegiSalt|Iron Defense|p2a: RegiSalt\n|-boost|p2a: RegiSalt|def|2\n|\n|-heal|p2a: RegiSalt|56\/100|[from] item: Leftovers\n|upkeep\n|turn|31\n|\n|t:|1699830747\n|move|p1a: Skeledirge|Earth Power|p2a: RegiSalt\n|-supereffective|p2a: RegiSalt\n|-damage|p2a: RegiSalt|0 fnt\n|faint|p2a: RegiSalt\n|\n|upkeep\n|\n|t:|1699830754\n|switch|p2a: Beyblade beyblade|Electrode-Hisui|100\/100\n|turn|32\n|\n|t:|1699830766\n|move|p2a: Beyblade beyblade|Thunderbolt|p1a: Skeledirge\n|-damage|p1a: Skeledirge|55\/100\n|-damage|p2a: Beyblade beyblade|91\/100|[from] item: Life Orb\n|move|p1a: Skeledirge|Shadow Ball|p2a: Beyblade beyblade\n|-damage|p2a: Beyblade beyblade|0 fnt\n|faint|p2a: Beyblade beyblade\n|\n|upkeep\n|\n|t:|1699830773\n|switch|p2a: Jingle Jingle|Klefki, M|100\/100\n|turn|33\n|\n|t:|1699830779\n|move|p2a: Jingle Jingle|Light Screen|p2a: Jingle Jingle\n|-sidestart|p2: HeirEhm|move: Light Screen\n|move|p1a: Skeledirge|Torch Song|p2a: Jingle Jingle\n|-supereffective|p2a: Jingle Jingle\n|-damage|p2a: Jingle Jingle|0 fnt\n|-boost|p1a: Skeledirge|spa|1\n|faint|p2a: Jingle Jingle\n|\n|upkeep\n|\n|t:|1699830782\n|switch|p2a: SWORDSFORHANDS|Ceruledge, F|24\/100\n|turn|34\n|\n|t:|1699830790\n|move|p2a: SWORDSFORHANDS|Bitter Blade|p1a: Skeledirge\n|-resisted|p1a: Skeledirge\n|-damage|p1a: Skeledirge|37\/100\n|-heal|p2a: SWORDSFORHANDS|37\/100|[from] drain|[of] p1a: Skeledirge\n|move|p1a: Skeledirge|Earth Power|p2a: SWORDSFORHANDS\n|-supereffective|p2a: SWORDSFORHANDS\n|-damage|p2a: SWORDSFORHANDS|0 fnt\n|faint|p2a: SWORDSFORHANDS\n|\n|win|Jam20Jam\n","uploadtime":1699830801,"views":7,"p1id":"jam20jam","p2id":"heirehm","formatid":"gen9nationaldex","rating":0,"private":0,"password":""}