{"id":"gen9nationaldex-1996880071","p1":"InsBAPlayer","p2":"Y.V_Mad1","format":"[Gen 9] National Dex","log":"|html|<div class=\"broadcast-blue\"><strong>[Gen 9] National Dex is currently suspecting Sneasler! For information on how to participate check out the <a href=\"https:\/\/www.smogon.com\/forums\/threads\/sv-national-dex-suspect-8-just-dance.3731534\/\">suspect thread<\/a>.<\/strong><\/div>\n|j|\u2606InsBAPlayer\n|j|\u2606Y.V_Mad1\n|t:|1700739512\n|gametype|singles\n|player|p1|InsBAPlayer|bugsy|1228\n|player|p2|Y.V_Mad1|nanu|1197\n|teamsize|p1|6\n|teamsize|p2|6\n|gen|9\n|tier|[Gen 9] National Dex\n|rated|\n|rule|HP Percentage Mod: HP is shown in percentages\n|rule|Endless Battle Clause: Forcing endless battles is banned\n|rule|OHKO Clause: OHKO moves are banned\n|rule|Evasion Clause: Evasion abilities, items, and moves are banned\n|rule|Evasion Abilities Clause: Evasion abilities are banned\n|rule|Evasion Items Clause: Evasion items are banned\n|rule|Evasion Moves Clause: Evasion moves are banned\n|rule|Species Clause: Limit one of each Pok\u00e9mon\n|rule|Sleep Clause Mod: Limit one foe put to sleep\n|clearpoke\n|poke|p1|Galvantula, F|\n|poke|p1|Pinsir, F|\n|poke|p1|Forretress, M|\n|poke|p1|Araquanid, F|\n|poke|p1|Venomoth, M|\n|poke|p1|Lokix, F|\n|poke|p2|Necrozma|\n|poke|p2|Zeraora|\n|poke|p2|Victini|\n|poke|p2|Beedrill, M|\n|poke|p2|Garchomp, M|\n|poke|p2|Hoopa-Unbound|\n|teampreview\n|inactive|Battle timer is ON: inactive players will automatically lose when time's up. (requested by Y.V_Mad1)\n|inactive|InsBAPlayer also wants the timer to be on.\n|l|\u2606InsBAPlayer\n|inactive|InsBAPlayer disconnected and has a minute to reconnect!\n|player|p1|\n|j|\u2606InsBAPlayer\n|inactive|InsBAPlayer reconnected and has 135 seconds left.\n|player|p1|InsBAPlayer|bugsy\n|\n|t:|1700739542\n|start\n|switch|p1a: Lokix|Lokix, F|100\/100\n|switch|p2a: Hoopa-de-Boopa|Hoopa-Unbound|100\/100\n|turn|1\n|\n|t:|1700739553\n|move|p1a: Lokix|First Impression|p2a: Hoopa-de-Boopa\n|-supereffective|p2a: Hoopa-de-Boopa\n|-damage|p2a: Hoopa-de-Boopa|0 fnt\n|faint|p2a: Hoopa-de-Boopa\n|-damage|p1a: Lokix|91\/100|[from] item: Life Orb\n|\n|upkeep\n|\n|t:|1700739559\n|switch|p2a: Chargomp|Garchomp, M|100\/100\n|turn|2\n|\n|t:|1700739564\n|move|p1a: Lokix|Swords Dance|p1a: Lokix\n|-boost|p1a: Lokix|atk|2\n|move|p2a: Chargomp|Stealth Rock|p1a: Lokix\n|-sidestart|p1: InsBAPlayer|move: Stealth Rock\n|\n|upkeep\n|turn|3\n|\n|t:|1700739571\n|-terastallize|p1a: Lokix|Dark\n|move|p1a: Lokix|Sucker Punch|p2a: Chargomp\n|-damage|p2a: Chargomp|18\/100\n|-damage|p1a: Lokix|78\/100|[from] ability: Rough Skin|[of] p2a: Chargomp\n|-damage|p1a: Lokix|62\/100|[from] item: Rocky Helmet|[of] p2a: Chargomp\n|-damage|p1a: Lokix|52\/100|[from] item: Life Orb\n|move|p2a: Chargomp|Dragon Tail|p1a: Lokix\n|-damage|p1a: Lokix|13\/100\n|drag|p1a: Venomoth|Venomoth, M|100\/100\n|-damage|p1a: Venomoth|76\/100|[from] Stealth Rock\n|\n|upkeep\n|turn|4\n|\n|t:|1700739579\n|move|p1a: Venomoth|Sleep Powder|p2a: Chargomp\n|-status|p2a: Chargomp|slp|[from] move: Sleep Powder\n|cant|p2a: Chargomp|slp\n|\n|upkeep\n|turn|5\n|\n|t:|1700739582\n|move|p1a: Venomoth|Quiver Dance|p1a: Venomoth\n|-boost|p1a: Venomoth|spa|1\n|-boost|p1a: Venomoth|spd|1\n|-boost|p1a: Venomoth|spe|1\n|cant|p2a: Chargomp|slp\n|\n|upkeep\n|turn|6\n|\n|t:|1700739588\n|move|p1a: Venomoth|Bug Buzz|p2a: Chargomp\n|-damage|p2a: Chargomp|0 fnt\n|faint|p2a: Chargomp\n|-heal|p1a: Venomoth|78\/100|[from] item: Shell Bell|[of] p2: Chargomp\n|\n|upkeep\n|\n|t:|1700739594\n|switch|p2a: Buck Bumble|Beedrill, M|100\/100\n|turn|7\n|\n|t:|1700739600\n|detailschange|p2a: Buck Bumble|Beedrill-Mega, M\n|-mega|p2a: Buck Bumble|Beedrill|Beedrillite\n|move|p1a: Venomoth|Sleep Powder|p2a: Buck Bumble\n|-status|p2a: Buck Bumble|slp|[from] move: Sleep Powder\n|cant|p2a: Buck Bumble|slp\n|\n|upkeep\n|turn|8\n|c|\u2606Y.V_Mad1|motherfucker whyyyyyyyyyyyyyyyyyyyy\n|\n|t:|1700739612\n|move|p1a: Venomoth|Bug Buzz|p2a: Buck Bumble\n|-resisted|p2a: Buck Bumble\n|-damage|p2a: Buck Bumble|21\/100 slp\n|-heal|p1a: Venomoth|88\/100|[from] item: Shell Bell|[of] p2a: Buck Bumble\n|-curestatus|p2a: Buck Bumble|slp|[msg]\n|move|p2a: Buck Bumble|Drill Run|p1a: Venomoth\n|-damage|p1a: Venomoth|28\/100\n|\n|upkeep\n|turn|9\n|\n|t:|1700739618\n|move|p1a: Venomoth|Bug Buzz|p2a: Buck Bumble\n|-resisted|p2a: Buck Bumble\n|-damage|p2a: Buck Bumble|0 fnt\n|faint|p2a: Buck Bumble\n|-heal|p1a: Venomoth|30\/100|[from] item: Shell Bell|[of] p2: Buck Bumble\n|\n|upkeep\n|\n|t:|1700739624\n|switch|p2a: Thundercat|Zeraora|100\/100\n|turn|10\n|c|\u2606Y.V_Mad1|sleep powder yh\n|inactive|InsBAPlayer has 120 seconds left.\n|\n|t:|1700739667\n|move|p1a: Venomoth|Sleep Powder|p2a: Thundercat\n|-status|p2a: Thundercat|slp|[from] move: Sleep Powder\n|cant|p2a: Thundercat|slp\n|\n|upkeep\n|turn|11\n|n|!Y.V_Mad1|yvmad1\n|inactive|Y.V_Mad1 has 120 seconds left.\n|inactive|Y.V_Mad1 has 90 seconds left.\n|inactive|Y.V_Mad1 has 60 seconds left.\n|inactive|Y.V_Mad1 has 30 seconds left.\n|inactive|Y.V_Mad1 has 20 seconds left.\n|\n|t:|1700739800\n|move|p1a: Venomoth|Quiver Dance|p1a: Venomoth\n|-boost|p1a: Venomoth|spa|1\n|-boost|p1a: Venomoth|spd|1\n|-boost|p1a: Venomoth|spe|1\n|cant|p2a: Thundercat|slp\n|\n|upkeep\n|turn|12\n|inactive|Y.V_Mad1 has 30 seconds left this turn.\n|inactive|Y.V_Mad1 has 20 seconds left.\n|\n|t:|1700739811\n|move|p1a: Venomoth|Bug Buzz|p2a: Thundercat\n|-damage|p2a: Thundercat|2\/100 slp\n|-heal|p1a: Venomoth|44\/100|[from] item: Shell Bell|[of] p2a: Thundercat\n|cant|p2a: Thundercat|slp\n|\n|upkeep\n|turn|13\n|inactive|Y.V_Mad1 has 30 seconds left this turn.\n|\n|t:|1700739817\n|move|p1a: Venomoth|Bug Buzz|p2a: Thundercat\n|-damage|p2a: Thundercat|0 fnt\n|faint|p2a: Thundercat\n|-heal|p1a: Venomoth|45\/100|[from] item: Shell Bell|[of] p2: Thundercat\n|\n|upkeep\n|inactive|Y.V_Mad1 has 30 seconds left.\n|\n|t:|1700739828\n|switch|p2a: D4C: Love Train|Victini|100\/100\n|turn|14\n|\n|t:|1700739832\n|move|p1a: Venomoth|Sleep Powder|p2a: D4C: Love Train\n|-status|p2a: D4C: Love Train|slp|[from] move: Sleep Powder\n|cant|p2a: D4C: Love Train|slp\n|\n|upkeep\n|turn|15\n|inactive|Y.V_Mad1 has 30 seconds left.\n|\n|t:|1700739853\n|move|p1a: Venomoth|Bug Buzz|p2a: D4C: Love Train\n|-damage|p2a: D4C: Love Train|28\/100 slp\n|-heal|p1a: Venomoth|55\/100|[from] item: Shell Bell|[of] p2a: D4C: Love Train\n|cant|p2a: D4C: Love Train|slp\n|\n|upkeep\n|turn|16\n|inactive|Y.V_Mad1 has 30 seconds left.\n|\n|t:|1700739859\n|move|p1a: Venomoth|Bug Buzz|p2a: D4C: Love Train\n|-damage|p2a: D4C: Love Train|0 fnt\n|faint|p2a: D4C: Love Train\n|-heal|p1a: Venomoth|59\/100|[from] item: Shell Bell|[of] p2: D4C: Love Train\n|\n|upkeep\n|\n|t:|1700739864\n|switch|p2a: Crystal Meth|Necrozma|100\/100\n|turn|17\n|\n|t:|1700739877\n|-terastallize|p2a: Crystal Meth|Bug\n|move|p1a: Venomoth|Bug Buzz|p2a: Crystal Meth\n|-damage|p2a: Crystal Meth|21\/100\n|-unboost|p2a: Crystal Meth|spd|1\n|-heal|p1a: Venomoth|71\/100|[from] item: Shell Bell|[of] p2a: Crystal Meth\n|move|p2a: Crystal Meth|Earth Power|p1a: Venomoth\n|-damage|p1a: Venomoth|43\/100\n|\n|upkeep\n|turn|18\n|inactive|Y.V_Mad1 has 30 seconds left.\n|inactive|Y.V_Mad1 has 20 seconds left.\n|inactive|Y.V_Mad1 has 15 seconds left.\n|inactive|Y.V_Mad1 has 10 seconds left.\n|inactive|Y.V_Mad1 has 5 seconds left.\n|-message|Y.V_Mad1 lost due to inactivity.\n|\n|win|InsBAPlayer\n|raw|InsBAPlayer's rating: 1228 &rarr; <strong>1251<\/strong><br \/>(+23 for winning)\n|raw|Y.V_Mad1's rating: 1197 &rarr; <strong>1174<\/strong><br \/>(-23 for losing)\n","uploadtime":1700739611,"views":0,"p1id":"insbaplayer","p2id":"yvmad1","formatid":"gen9nationaldex","rating":1174,"private":0,"password":""}