{"id":"gen9nationaldex-1990597845","p1":"Sivilea","p2":"JuicyJK","format":"[Gen 9] National Dex","log":"|j|\u2606Sivilea\n|j|\u2606JuicyJK\n|t:|1699984517\n|gametype|singles\n|player|p1|Sivilea|rosa-masters|1124\n|player|p2|JuicyJK|169|1168\n|teamsize|p1|6\n|teamsize|p2|6\n|gen|9\n|tier|[Gen 9] National Dex\n|rated|\n|rule|HP Percentage Mod: HP is shown in percentages\n|rule|Endless Battle Clause: Forcing endless battles is banned\n|rule|OHKO Clause: OHKO moves are banned\n|rule|Evasion Clause: Evasion abilities, items, and moves are banned\n|rule|Evasion Abilities Clause: Evasion abilities are banned\n|rule|Evasion Items Clause: Evasion items are banned\n|rule|Evasion Moves Clause: Evasion moves are banned\n|rule|Species Clause: Limit one of each Pok\u00e9mon\n|rule|Sleep Clause Mod: Limit one foe put to sleep\n|clearpoke\n|poke|p1|Malamar, M|\n|poke|p1|Staraptor, M|\n|poke|p1|Cinderace, M|\n|poke|p1|Rotom-Wash|\n|poke|p1|Shiinotic, F|\n|poke|p1|Aegislash, F|\n|poke|p2|Scolipede, M|\n|poke|p2|Hydreigon, F|\n|poke|p2|Gastrodon, M|\n|poke|p2|Houndoom, M|\n|poke|p2|Ninetales-Alola, F|\n|poke|p2|Chansey, F|\n|teampreview\n|\n|t:|1699984527\n|start\n|switch|p1a: Olympic|Aegislash, F|100\/100\n|switch|p2a: Chansey|Chansey, F|100\/100\n|turn|1\n|\n|t:|1699984532\n|move|p1a: Olympic|Substitute|p1a: Olympic\n|-start|p1a: Olympic|Substitute\n|-damage|p1a: Olympic|75\/100\n|move|p2a: Chansey|Stealth Rock|p1a: Olympic\n|-sidestart|p1: Sivilea|move: Stealth Rock\n|\n|-heal|p1a: Olympic|82\/100|[from] item: Leftovers\n|upkeep\n|turn|2\n|\n|t:|1699984546\n|-formechange|p1a: Olympic|Aegislash-Blade||[from] ability: Stance Change\n|move|p1a: Olympic|Flash Cannon|p2a: Chansey\n|-damage|p2a: Chansey|85\/100\n|move|p2a: Chansey|Wish|p2a: Chansey\n|\n|-heal|p1a: Olympic|88\/100|[from] item: Leftovers\n|upkeep\n|turn|3\n|\n|t:|1699984563\n|switch|p2a: Houndoom|Houndoom, M|100\/100\n|-formechange|p1a: Olympic|Aegislash||[from] ability: Stance Change\n|move|p1a: Olympic|King's Shield||[still]\n|-fail|p1a: Olympic\n|\n|-heal|p1a: Olympic|94\/100|[from] item: Leftovers\n|upkeep\n|turn|4\n|\n|t:|1699984578\n|switch|p1a: Messi|Cinderace, M|100\/100\n|detailschange|p2a: Houndoom|Houndoom-Mega, M\n|-mega|p2a: Houndoom|Houndoom|Houndoominite\n|move|p2a: Houndoom|Nasty Plot|p2a: Houndoom\n|-boost|p2a: Houndoom|spa|2\n|\n|upkeep\n|turn|5\n|\n|t:|1699984590\n|move|p1a: Messi|High Jump Kick|p2a: Houndoom\n|-start|p1a: Messi|typechange|Fighting|[from] ability: Libero\n|-supereffective|p2a: Houndoom\n|-crit|p2a: Houndoom\n|-damage|p2a: Houndoom|0 fnt\n|faint|p2a: Houndoom\n|\n|upkeep\n|\n|t:|1699984598\n|switch|p2a: Ninetales|Ninetales-Alola, F|100\/100\n|-weather|Snow|[from] ability: Snow Warning|[of] p2a: Ninetales\n|turn|6\n|\n|t:|1699984602\n|move|p1a: Messi|U-turn|p2a: Ninetales\n|-resisted|p2a: Ninetales\n|-damage|p2a: Ninetales|89\/100\n|\n|t:|1699984604\n|switch|p1a: Olympic|Aegislash, F|94\/100|[from] U-turn\n|-damage|p1a: Olympic|88\/100|[from] Stealth Rock\n|move|p2a: Ninetales|Moonblast|p1a: Olympic\n|-resisted|p1a: Olympic\n|-damage|p1a: Olympic|73\/100\n|\n|-weather|Snow|[upkeep]\n|-heal|p1a: Olympic|79\/100|[from] item: Leftovers\n|upkeep\n|turn|7\n|\n|t:|1699984632\n|switch|p2a: Gastrodon|Gastrodon, M|100\/100\n|-formechange|p1a: Olympic|Aegislash-Blade||[from] ability: Stance Change\n|move|p1a: Olympic|Flash Cannon|p2a: Gastrodon\n|-resisted|p2a: Gastrodon\n|-damage|p2a: Gastrodon|81\/100\n|\n|-weather|Snow|[upkeep]\n|-heal|p1a: Olympic|85\/100|[from] item: Leftovers\n|-heal|p2a: Gastrodon|87\/100|[from] item: Leftovers\n|upkeep\n|turn|8\n|\n|t:|1699984641\n|switch|p1a: Naptime|Shiinotic, F|100\/100\n|-damage|p1a: Naptime|88\/100|[from] Stealth Rock\n|move|p2a: Gastrodon|Scald|p1a: Naptime\n|-resisted|p1a: Naptime\n|-crit|p1a: Naptime\n|-damage|p1a: Naptime|69\/100\n|\n|-weather|Snow|[upkeep]\n|-heal|p2a: Gastrodon|93\/100|[from] item: Leftovers\n|upkeep\n|turn|9\n|\n|t:|1699984646\n|move|p2a: Gastrodon|Ice Beam|p1a: Naptime\n|-supereffective|p1a: Naptime\n|-damage|p1a: Naptime|24\/100\n|move|p1a: Naptime|Spore|p2a: Gastrodon\n|-status|p2a: Gastrodon|slp|[from] move: Spore\n|\n|-weather|Snow|[upkeep]\n|-heal|p2a: Gastrodon|99\/100 slp|[from] item: Leftovers\n|upkeep\n|turn|10\n|\n|t:|1699984651\n|cant|p2a: Gastrodon|slp\n|move|p1a: Naptime|Strength Sap|p2a: Gastrodon\n|-unboost|p2a: Gastrodon|atk|1\n|-heal|p1a: Naptime|71\/100\n|\n|-weather|none\n|-heal|p2a: Gastrodon|100\/100 slp|[from] item: Leftovers\n|upkeep\n|turn|11\n|\n|t:|1699984653\n|cant|p2a: Gastrodon|slp\n|move|p1a: Naptime|Giga Drain|p2a: Gastrodon\n|-supereffective|p2a: Gastrodon\n|-damage|p2a: Gastrodon|26\/100 slp\n|-heal|p1a: Naptime|100\/100|[from] drain|[of] p2a: Gastrodon\n|\n|-heal|p2a: Gastrodon|32\/100 slp|[from] item: Leftovers\n|upkeep\n|turn|12\n|\n|t:|1699984659\n|cant|p2a: Gastrodon|slp\n|move|p1a: Naptime|Giga Drain|p2a: Gastrodon\n|-supereffective|p2a: Gastrodon\n|-damage|p2a: Gastrodon|0 fnt\n|faint|p2a: Gastrodon\n|\n|upkeep\n|\n|t:|1699984662\n|switch|p2a: Scolipede|Scolipede, M|100\/100\n|turn|13\n|\n|t:|1699984671\n|move|p2a: Scolipede|Poison Jab|p1a: Naptime\n|-supereffective|p1a: Naptime\n|-damage|p1a: Naptime|0 fnt\n|faint|p1a: Naptime\n|-damage|p2a: Scolipede|91\/100|[from] item: Life Orb\n|\n|-ability|p2a: Scolipede|Speed Boost|boost\n|-boost|p2a: Scolipede|spe|1\n|upkeep\n|\n|t:|1699984673\n|switch|p1a: Messi|Cinderace, M|100\/100\n|turn|14\n|\n|t:|1699984677\n|move|p2a: Scolipede|Earthquake|p1a: Messi\n|-supereffective|p1a: Messi\n|-damage|p1a: Messi|0 fnt\n|faint|p1a: Messi\n|-damage|p2a: Scolipede|81\/100|[from] item: Life Orb\n|\n|-ability|p2a: Scolipede|Speed Boost|boost\n|-boost|p2a: Scolipede|spe|1\n|upkeep\n|\n|t:|1699984685\n|switch|p1a: Dinnerbone|Malamar, M|100\/100\n|-damage|p1a: Dinnerbone|88\/100|[from] Stealth Rock\n|turn|15\n|\n|t:|1699984688\n|-terastallize|p1a: Dinnerbone|Rock\n|move|p2a: Scolipede|Poison Jab|p1a: Dinnerbone\n|-resisted|p1a: Dinnerbone\n|-damage|p1a: Dinnerbone|65\/100\n|-damage|p2a: Scolipede|71\/100|[from] item: Life Orb\n|move|p1a: Dinnerbone|Psycho Cut|p2a: Scolipede\n|-supereffective|p2a: Scolipede\n|-damage|p2a: Scolipede|0 fnt\n|faint|p2a: Scolipede\n|\n|upkeep\n|\n|t:|1699984696\n|switch|p2a: Chansey|Chansey, F|85\/100\n|turn|16\n|\n|t:|1699984698\n|move|p1a: Dinnerbone|Superpower|p2a: Chansey\n|-supereffective|p2a: Chansey\n|-damage|p2a: Chansey|34\/100\n|-boost|p1a: Dinnerbone|atk|1\n|-boost|p1a: Dinnerbone|def|1\n|move|p2a: Chansey|Thunder Wave|p1a: Dinnerbone\n|-status|p1a: Dinnerbone|par\n|\n|upkeep\n|turn|17\n|\n|t:|1699984709\n|move|p2a: Chansey|Wish|p2a: Chansey\n|move|p1a: Dinnerbone|Superpower|p2a: Chansey\n|-supereffective|p2a: Chansey\n|-damage|p2a: Chansey|0 fnt\n|-boost|p1a: Dinnerbone|atk|1\n|-boost|p1a: Dinnerbone|def|1\n|faint|p2a: Chansey\n|\n|upkeep\n|\n|t:|1699984714\n|switch|p2a: Ninetales|Ninetales-Alola, F|89\/100\n|-weather|Snow|[from] ability: Snow Warning|[of] p2a: Ninetales\n|turn|18\n|\n|t:|1699984723\n|move|p2a: Ninetales|Moonblast|p1a: Dinnerbone\n|-damage|p1a: Dinnerbone|25\/100 par\n|-enditem|p1a: Dinnerbone|Aguav Berry|[eat]\n|-heal|p1a: Dinnerbone|59\/100 par|[from] item: Aguav Berry\n|cant|p1a: Dinnerbone|par\n|\n|-weather|Snow|[upkeep]\n|-heal|p2a: Ninetales|100\/100|[from] move: Wish|[wisher] Chansey\n|upkeep\n|turn|19\n|\n|t:|1699984730\n|move|p2a: Ninetales|Moonblast|p1a: Dinnerbone\n|-damage|p1a: Dinnerbone|18\/100 par\n|-boost|p1a: Dinnerbone|spa|1\n|cant|p1a: Dinnerbone|par\n|\n|-weather|Snow|[upkeep]\n|upkeep\n|turn|20\n|c|\u2606Sivilea|rigged\n|\n|t:|1699984738\n|move|p2a: Ninetales|Moonblast|p1a: Dinnerbone\n|-damage|p1a: Dinnerbone|0 fnt\n|faint|p1a: Dinnerbone\n|\n|-weather|Snow|[upkeep]\n|upkeep\n|\n|t:|1699984739\n|switch|p1a: Olympic|Aegislash, F|85\/100\n|-damage|p1a: Olympic|79\/100|[from] Stealth Rock\n|turn|21\n|\n|t:|1699984751\n|switch|p2a: Hydreigon|Hydreigon, F|100\/100\n|-formechange|p1a: Olympic|Aegislash-Blade||[from] ability: Stance Change\n|move|p1a: Olympic|Flash Cannon|p2a: Hydreigon\n|-damage|p2a: Hydreigon|54\/100\n|\n|-weather|Snow|[upkeep]\n|-heal|p1a: Olympic|85\/100|[from] item: Leftovers\n|upkeep\n|turn|22\n|\n|t:|1699984773\n|-formechange|p1a: Olympic|Aegislash||[from] ability: Stance Change\n|move|p1a: Olympic|King's Shield|p1a: Olympic\n|-singleturn|p1a: Olympic|Protect\n|move|p2a: Hydreigon|Outrage|p1a: Olympic\n|-activate|p1a: Olympic|move: Protect\n|-unboost|p2a: Hydreigon|atk|1\n|\n|-weather|none\n|-heal|p1a: Olympic|92\/100|[from] item: Leftovers\n|upkeep\n|turn|23\n|\n|t:|1699984778\n|move|p2a: Hydreigon|Outrage|p1a: Olympic\n|-resisted|p1a: Olympic\n|-damage|p1a: Olympic|76\/100\n|-formechange|p1a: Olympic|Aegislash-Blade||[from] ability: Stance Change\n|move|p1a: Olympic|Flash Cannon|p2a: Hydreigon\n|-damage|p2a: Hydreigon|9\/100\n|-unboost|p2a: Hydreigon|spd|1\n|\n|-heal|p1a: Olympic|82\/100|[from] item: Leftovers\n|upkeep\n|turn|24\n|\n|t:|1699984796\n|-formechange|p1a: Olympic|Aegislash||[from] ability: Stance Change\n|move|p1a: Olympic|King's Shield|p1a: Olympic\n|-singleturn|p1a: Olympic|Protect\n|move|p2a: Hydreigon|Outrage|p1a: Olympic|[from]lockedmove\n|-activate|p1a: Olympic|move: Protect\n|-unboost|p2a: Hydreigon|atk|1\n|\n|-heal|p1a: Olympic|88\/100|[from] item: Leftovers\n|upkeep\n|turn|25\n|\n|t:|1699984806\n|move|p2a: Hydreigon|Dual Wingbeat|p1a: Olympic|[miss]\n|-miss|p2a: Hydreigon|p1a: Olympic\n|-formechange|p1a: Olympic|Aegislash-Blade||[from] ability: Stance Change\n|move|p1a: Olympic|Flash Cannon|p2a: Hydreigon\n|-damage|p2a: Hydreigon|0 fnt\n|faint|p2a: Hydreigon\n|\n|-heal|p1a: Olympic|95\/100|[from] item: Leftovers\n|upkeep\n|\n|t:|1699984812\n|switch|p2a: Ninetales|Ninetales-Alola, F|100\/100\n|-weather|Snow|[from] ability: Snow Warning|[of] p2a: Ninetales\n|turn|26\n|\n|t:|1699984813\n|move|p2a: Ninetales|Freeze-Dry|p1a: Olympic\n|-resisted|p1a: Olympic\n|-damage|p1a: Olympic|71\/100\n|move|p1a: Olympic|Flash Cannon|p2a: Ninetales\n|-supereffective|p2a: Ninetales\n|-damage|p2a: Ninetales|0 fnt\n|faint|p2a: Ninetales\n|\n|win|Sivilea\n|raw|Sivilea's rating: 1124 &rarr; <strong>1152<\/strong><br \/>(+28 for winning)\n|raw|JuicyJK's rating: 1168 &rarr; <strong>1140<\/strong><br \/>(-28 for losing)\n|l|\u2606JuicyJK\n","uploadtime":1699984831,"views":6,"p1id":"sivilea","p2id":"juicyjk","formatid":"gen9nationaldex","rating":1140,"private":0,"password":""}