{"id":"gen9nationaldex-1988218668","p1":"Jeyley","p2":"Kuzwa","format":"[Gen 9] National Dex","log":"|j|\u2606Jeyley\n|j|\u2606Kuzwa\n|t:|1699687615\n|gametype|singles\n|player|p1|Jeyley|silver|1318\n|player|p2|Kuzwa|parasollady|1212\n|teamsize|p1|6\n|teamsize|p2|6\n|gen|9\n|tier|[Gen 9] National Dex\n|rated|\n|rule|HP Percentage Mod: HP is shown in percentages\n|rule|Endless Battle Clause: Forcing endless battles is banned\n|rule|OHKO Clause: OHKO moves are banned\n|rule|Evasion Clause: Evasion abilities, items, and moves are banned\n|rule|Evasion Abilities Clause: Evasion abilities are banned\n|rule|Evasion Items Clause: Evasion items are banned\n|rule|Evasion Moves Clause: Evasion moves are banned\n|rule|Species Clause: Limit one of each Pok\u00e9mon\n|rule|Sleep Clause Mod: Limit one foe put to sleep\n|clearpoke\n|poke|p1|Venusaur, M|\n|poke|p1|Gyarados, M|\n|poke|p1|Heracross, M|\n|poke|p1|Flygon, M|\n|poke|p1|Bisharp, M|\n|poke|p1|Talonflame, M|\n|poke|p2|Gallade, M|\n|poke|p2|Garchomp, M|\n|poke|p2|Kartana|\n|poke|p2|Scizor, M|\n|poke|p2|Weavile, M|\n|poke|p2|Quaquaval, M|\n|teampreview\n|inactive|Battle timer is ON: inactive players will automatically lose when time's up. (requested by Jeyley)\n|\n|t:|1699687620\n|start\n|switch|p1a: Hercules|Heracross, M|100\/100\n|switch|p2a: ???|Quaquaval, M|100\/100\n|turn|1\n|\n|t:|1699687627\n|move|p1a: Hercules|Rock Tomb|p2a: ???\n|-resisted|p2a: ???\n|-damage|p2a: ???|88\/100\n|-unboost|p2a: ???|spe|1\n|move|p2a: ???|Aqua Step|p1a: Hercules\n|-damage|p1a: Hercules|39\/100\n|-boost|p2a: ???|spe|1\n|\n|-status|p1a: Hercules|brn|[from] item: Flame Orb\n|upkeep\n|turn|2\n|\n|t:|1699687638\n|move|p2a: ???|Aqua Step|p1a: Hercules\n|-damage|p1a: Hercules|0 fnt\n|-boost|p2a: ???|spe|1\n|faint|p1a: Hercules\n|-ability|p2a: ???|Moxie|boost\n|-boost|p2a: ???|atk|1\n|\n|upkeep\n|\n|t:|1699687645\n|switch|p1a: Saur|Venusaur, M|100\/100\n|turn|3\n|\n|t:|1699687650\n|detailschange|p1a: Saur|Venusaur-Mega, M\n|-mega|p1a: Saur|Venusaur|Venusaurite\n|-zpower|p2a: ???\n|move|p2a: ???|Subzero Slammer|p1a: Saur|[zeffect]\n|-supereffective|p1a: Saur\n|-damage|p1a: Saur|27\/100\n|move|p1a: Saur|Giga Drain|p2a: ???\n|-supereffective|p2a: ???\n|-damage|p2a: ???|0 fnt\n|-heal|p1a: Saur|72\/100|[from] drain|[of] p2a: ???\n|faint|p2a: ???\n|\n|upkeep\n|\n|t:|1699687662\n|switch|p2a: Junpei Iori|Weavile, M, shiny|100\/100\n|turn|4\n|\n|t:|1699687667\n|switch|p1a: Leviatan|Gyarados, M, shiny|100\/100\n|move|p2a: Junpei Iori|Ice Spinner|p1a: Leviatan\n|-damage|p1a: Leviatan|51\/100\n|\n|-heal|p1a: Leviatan|57\/100|[from] item: Leftovers\n|upkeep\n|turn|5\n|\n|t:|1699687675\n|move|p2a: Junpei Iori|Throat Chop|p1a: Leviatan\n|-damage|p1a: Leviatan|12\/100\n|-start|p1a: Leviatan|Throat Chop|[silent]\n|move|p1a: Leviatan|Dragon Dance|p1a: Leviatan\n|-boost|p1a: Leviatan|atk|1\n|-boost|p1a: Leviatan|spe|1\n|\n|-heal|p1a: Leviatan|18\/100|[from] item: Leftovers\n|upkeep\n|turn|6\n|\n|t:|1699687683\n|move|p1a: Leviatan|Waterfall|p2a: Junpei Iori\n|-enditem|p2a: Junpei Iori|Focus Sash\n|-damage|p2a: Junpei Iori|1\/100\n|-enditem|p1a: Leviatan|Leftovers|[silent]|[from] ability: Pickpocket|[of] p1a: Leviatan\n|-item|p2a: Junpei Iori|Leftovers|[from] ability: Pickpocket|[of] p1a: Leviatan\n|move|p2a: Junpei Iori|Throat Chop|p1a: Leviatan\n|-damage|p1a: Leviatan|0 fnt\n|faint|p1a: Leviatan\n|\n|-heal|p2a: Junpei Iori|7\/100|[from] item: Leftovers\n|upkeep\n|\n|t:|1699687695\n|switch|p1a: Flash|Bisharp, M|100\/100\n|turn|7\n|\n|t:|1699687699\n|move|p2a: Junpei Iori|Throat Chop|p1a: Flash\n|-resisted|p1a: Flash\n|-damage|p1a: Flash|77\/100\n|-start|p1a: Flash|Throat Chop|[silent]\n|move|p1a: Flash|Iron Head|p2a: Junpei Iori\n|-supereffective|p2a: Junpei Iori\n|-damage|p2a: Junpei Iori|0 fnt\n|faint|p2a: Junpei Iori\n|\n|upkeep\n|\n|t:|1699687707\n|switch|p2a: Makoto Yuki|Kartana, shiny|100\/100\n|turn|8\n|\n|t:|1699687711\n|switch|p1a: Fenix|Talonflame, M, shiny|100\/100\n|move|p2a: Makoto Yuki|Sacred Sword|p1a: Fenix\n|-resisted|p1a: Fenix\n|-damage|p1a: Fenix|72\/100\n|\n|upkeep\n|turn|9\n|\n|t:|1699687720\n|move|p1a: Fenix|Flame Charge|p2a: Makoto Yuki\n|-supereffective|p2a: Makoto Yuki\n|-damage|p2a: Makoto Yuki|17\/100\n|-boost|p1a: Fenix|spe|1\n|move|p2a: Makoto Yuki|Swords Dance|p2a: Makoto Yuki\n|-boost|p2a: Makoto Yuki|atk|2\n|\n|upkeep\n|turn|10\n|\n|t:|1699687729\n|move|p1a: Fenix|Flame Charge|p2a: Makoto Yuki\n|-supereffective|p2a: Makoto Yuki\n|-damage|p2a: Makoto Yuki|0 fnt\n|-boost|p1a: Fenix|spe|1\n|faint|p2a: Makoto Yuki\n|\n|upkeep\n|\n|t:|1699687737\n|switch|p2a: Akihiko Sanada|Garchomp, M|100\/100\n|turn|11\n|\n|t:|1699687743\n|switch|p1a: Flash|Bisharp, M|77\/100\n|move|p2a: Akihiko Sanada|Outrage|p1a: Flash\n|-resisted|p1a: Flash\n|-damage|p1a: Flash|37\/100\n|\n|upkeep\n|turn|12\n|\n|t:|1699687750\n|move|p2a: Akihiko Sanada|Outrage|p1a: Flash|[from]lockedmove\n|-resisted|p1a: Flash\n|-damage|p1a: Flash|0 fnt\n|faint|p1a: Flash\n|\n|upkeep\n|\n|t:|1699687756\n|switch|p1a: Dragonfly|Flygon, M, shiny|100\/100\n|turn|13\n|\n|t:|1699687760\n|-terastallize|p1a: Dragonfly|Steel\n|move|p2a: Akihiko Sanada|Outrage|p1a: Dragonfly|[from]lockedmove\n|-resisted|p1a: Dragonfly\n|-damage|p1a: Dragonfly|55\/100\n|-start|p2a: Akihiko Sanada|confusion|[fatigue]\n|move|p1a: Dragonfly|Dragon Dance|p1a: Dragonfly\n|-boost|p1a: Dragonfly|atk|1\n|-boost|p1a: Dragonfly|spe|1\n|\n|-heal|p1a: Dragonfly|61\/100|[from] item: Leftovers\n|upkeep\n|turn|14\n|\n|t:|1699687775\n|move|p1a: Dragonfly|Dragon Claw|p2a: Akihiko Sanada\n|-supereffective|p2a: Akihiko Sanada\n|-damage|p2a: Akihiko Sanada|5\/100\n|-damage|p1a: Dragonfly|48\/100|[from] ability: Rough Skin|[of] p2a: Akihiko Sanada\n|-activate|p2a: Akihiko Sanada|confusion\n|move|p2a: Akihiko Sanada|Outrage|p1a: Dragonfly\n|-resisted|p1a: Dragonfly\n|-damage|p1a: Dragonfly|4\/100\n|\n|-heal|p1a: Dragonfly|10\/100|[from] item: Leftovers\n|upkeep\n|turn|15\n|\n|t:|1699687790\n|move|p1a: Dragonfly|Earthquake|p2a: Akihiko Sanada\n|-damage|p2a: Akihiko Sanada|0 fnt\n|faint|p2a: Akihiko Sanada\n|\n|-heal|p1a: Dragonfly|16\/100|[from] item: Leftovers\n|upkeep\n|\n|t:|1699687793\n|switch|p2a: Ken Amada|Scizor, M|100\/100\n|turn|16\n|\n|t:|1699687800\n|detailschange|p2a: Ken Amada|Scizor-Mega, M\n|-mega|p2a: Ken Amada|Scizor|Scizorite\n|move|p2a: Ken Amada|Bullet Punch|p1a: Dragonfly\n|-resisted|p1a: Dragonfly\n|-damage|p1a: Dragonfly|0 fnt\n|faint|p1a: Dragonfly\n|\n|upkeep\n|\n|t:|1699687806\n|switch|p1a: Fenix|Talonflame, M, shiny|72\/100\n|turn|17\n|\n|t:|1699687814\n|move|p1a: Fenix|Swords Dance|p1a: Fenix\n|-boost|p1a: Fenix|atk|2\n|move|p2a: Ken Amada|Acrobatics|p1a: Fenix\n|-damage|p1a: Fenix|15\/100\n|\n|upkeep\n|turn|18\n|\n|t:|1699687821\n|move|p2a: Ken Amada|Bullet Punch|p1a: Fenix\n|-resisted|p1a: Fenix\n|-damage|p1a: Fenix|0 fnt\n|-status|p2a: Ken Amada|brn|[from] ability: Flame Body|[of] p1a: Fenix\n|faint|p1a: Fenix\n|\n|-damage|p2a: Ken Amada|94\/100 brn|[from] brn\n|upkeep\n|\n|t:|1699687829\n|switch|p1a: Saur|Venusaur-Mega, M|72\/100\n|turn|19\n|\n|t:|1699687832\n|move|p1a: Saur|Leech Seed|p2a: Ken Amada\n|-start|p2a: Ken Amada|move: Leech Seed\n|move|p2a: Ken Amada|Swords Dance|p2a: Ken Amada\n|-boost|p2a: Ken Amada|atk|2\n|\n|-damage|p2a: Ken Amada|82\/100 brn|[from] Leech Seed|[of] p1a: Saur\n|-heal|p1a: Saur|86\/100|[silent]\n|-damage|p2a: Ken Amada|76\/100 brn|[from] brn\n|upkeep\n|turn|20\n|\n|t:|1699687842\n|move|p1a: Saur|Earth Power|p2a: Ken Amada\n|-damage|p2a: Ken Amada|47\/100 brn\n|move|p2a: Ken Amada|Swords Dance|p2a: Ken Amada\n|-boost|p2a: Ken Amada|atk|2\n|\n|-damage|p2a: Ken Amada|35\/100 brn|[from] Leech Seed|[of] p1a: Saur\n|-heal|p1a: Saur|99\/100|[silent]\n|-damage|p2a: Ken Amada|29\/100 brn|[from] brn\n|upkeep\n|turn|21\n|\n|t:|1699687852\n|move|p1a: Saur|Earth Power|p2a: Ken Amada\n|-damage|p2a: Ken Amada|1\/100 brn\n|-unboost|p2a: Ken Amada|spd|1\n|move|p2a: Ken Amada|Acrobatics|p1a: Saur\n|-supereffective|p1a: Saur\n|-damage|p1a: Saur|0 fnt\n|faint|p1a: Saur\n|\n|win|Kuzwa\n|raw|Jeyley's rating: 1318 &rarr; <strong>1292<\/strong><br \/>(-26 for losing)\n|raw|Kuzwa's rating: 1212 &rarr; <strong>1244<\/strong><br \/>(+32 for winning)\n","uploadtime":1699687861,"views":4,"p1id":"jeyley","p2id":"kuzwa","formatid":"gen9nationaldex","rating":1244,"private":0,"password":""}