{"id":"gen9nationaldex-1994479839","p1":"momfr","p2":"Ehehdhhdhd","format":"[Gen 9] National Dex","log":"|j|\u2606momfr\n|j|\u2606Ehehdhhdhd\n|t:|1700448767\n|gametype|singles\n|player|p1|momfr|265|1101\n|player|p2|Ehehdhhdhd|n|1127\n|teamsize|p1|6\n|teamsize|p2|6\n|gen|9\n|tier|[Gen 9] National Dex\n|rated|\n|rule|HP Percentage Mod: HP is shown in percentages\n|rule|Endless Battle Clause: Forcing endless battles is banned\n|rule|OHKO Clause: OHKO moves are banned\n|rule|Evasion Clause: Evasion abilities, items, and moves are banned\n|rule|Evasion Abilities Clause: Evasion abilities are banned\n|rule|Evasion Items Clause: Evasion items are banned\n|rule|Evasion Moves Clause: Evasion moves are banned\n|rule|Species Clause: Limit one of each Pok\u00e9mon\n|rule|Sleep Clause Mod: Limit one foe put to sleep\n|clearpoke\n|poke|p1|Snorlax, F|\n|poke|p1|Infernape, M|\n|poke|p1|Heracross, F|\n|poke|p1|Tauros-Paldea-Aqua, M|\n|poke|p1|Skarmory, F|\n|poke|p1|Blissey, F|\n|poke|p2|Mimikyu, M|\n|poke|p2|Kartana|\n|poke|p2|Toxapex, M|\n|poke|p2|Medicham, M|\n|poke|p2|Fezandipiti, M|\n|poke|p2|Blaziken, M|\n|teampreview\n|inactive|Battle timer is ON: inactive players will automatically lose when time's up. (requested by Ehehdhhdhd)\n|j| Adamanzane\n|j| gayspotter2\n|\n|t:|1700448784\n|start\n|switch|p1a: smegger|Blissey, F|100\/100\n|switch|p2a: Fezandipiti|Fezandipiti, M|100\/100\n|turn|1\n|l|\u2606Ehehdhhdhd\n|inactive|Ehehdhhdhd disconnected and has a minute to reconnect!\n|player|p2|\n|j| kung fu pokechu\n|j|\u2606Ehehdhhdhd\n|inactive|Ehehdhhdhd reconnected and has 140 seconds left.\n|player|p2|Ehehdhhdhd|n\n|\n|t:|1700448800\n|move|p2a: Fezandipiti|Beat Up|p1a: smegger\n|-damage|p1a: smegger|98\/100\n|-damage|p1a: smegger|93\/100\n|-status|p1a: smegger|tox|[from] ability: Toxic Chain|[of] p2a: Fezandipiti\n|-damage|p1a: smegger|91\/100 tox\n|-damage|p1a: smegger|89\/100 tox\n|-damage|p1a: smegger|86\/100 tox\n|-damage|p1a: smegger|83\/100 tox\n|-hitcount|p1a: smegger|6\n|move|p1a: smegger|Teleport|p1a: smegger\n|\n|t:|1700448812\n|-curestatus|p1a: smegger|tox|[from] ability: Natural Cure\n|switch|p1a: Blue Beetle|Heracross, F|100\/100|[from] Teleport\n|\n|-status|p1a: Blue Beetle|brn|[from] item: Flame Orb\n|upkeep\n|turn|2\n|\n|t:|1700448821\n|move|p1a: Blue Beetle|Trailblaze|p2a: Fezandipiti\n|-resisted|p2a: Fezandipiti\n|-damage|p2a: Fezandipiti|91\/100\n|-boost|p1a: Blue Beetle|spe|1\n|move|p2a: Fezandipiti|U-turn|p1a: Blue Beetle\n|-resisted|p1a: Blue Beetle\n|-damage|p1a: Blue Beetle|90\/100 brn\n|\n|t:|1700448831\n|switch|p2a: Blaziken|Blaziken, M, shiny|100\/100|[from] U-turn\n|\n|-damage|p1a: Blue Beetle|84\/100 brn|[from] brn\n|upkeep\n|turn|3\n|\n|t:|1700448839\n|switch|p1a: Cow|Tauros-Paldea-Aqua, M|100\/100\n|-ability|p1a: Cow|Intimidate|boost\n|-unboost|p2a: Blaziken|atk|1\n|move|p2a: Blaziken|Protect||[still]\n|-fail|p2a: Blaziken\n|\n|-ability|p2a: Blaziken|Speed Boost|boost\n|-boost|p2a: Blaziken|spe|1\n|upkeep\n|turn|4\n|\n|t:|1700448849\n|move|p1a: Cow|Wave Crash|p2a: Blaziken\n|-supereffective|p2a: Blaziken\n|-damage|p2a: Blaziken|0 fnt\n|faint|p2a: Blaziken\n|-damage|p1a: Cow|59\/100|[from] Recoil\n|\n|upkeep\n|\n|t:|1700448852\n|switch|p2a: Deaths broom|Kartana, shiny|100\/100\n|turn|5\n|\n|t:|1700448868\n|switch|p1a: Chicken|Skarmory, F|100\/100\n|move|p2a: Deaths broom|Leaf Blade|p1a: Chicken\n|-resisted|p1a: Chicken\n|-damage|p1a: Chicken|90\/100\n|-ability|p1a: Chicken|Weak Armor|boost\n|-unboost|p1a: Chicken|def|1\n|-boost|p1a: Chicken|spe|2\n|\n|upkeep\n|turn|6\n|\n|t:|1700448875\n|move|p1a: Chicken|Brave Bird|p2a: Deaths broom\n|-damage|p2a: Deaths broom|25\/100\n|-damage|p1a: Chicken|70\/100|[from] Recoil\n|move|p2a: Deaths broom|Sacred Sword|p1a: Chicken\n|-damage|p1a: Chicken|40\/100\n|-ability|p1a: Chicken|Weak Armor|boost\n|-unboost|p1a: Chicken|def|1\n|-boost|p1a: Chicken|spe|2\n|\n|upkeep\n|turn|7\n|\n|t:|1700448881\n|move|p1a: Chicken|Brave Bird|p2a: Deaths broom\n|-damage|p2a: Deaths broom|0 fnt\n|faint|p2a: Deaths broom\n|-damage|p1a: Chicken|34\/100|[from] Recoil\n|\n|upkeep\n|\n|t:|1700448885\n|switch|p2a: The Cook|Mimikyu, M, shiny|100\/100\n|turn|8\n|\n|t:|1700448889\n|move|p1a: Chicken|Brave Bird|p2a: The Cook\n|-activate|p2a: The Cook|ability: Disguise\n|-damage|p2a: The Cook|100\/100\n|detailschange|p2a: The Cook|Mimikyu-Busted, M, shiny\n|-damage|p2a: The Cook|88\/100|[from] pokemon: Mimikyu-Busted\n|move|p2a: The Cook|Swords Dance|p2a: The Cook\n|-boost|p2a: The Cook|atk|2\n|\n|upkeep\n|turn|9\n|\n|t:|1700448895\n|move|p2a: The Cook|Shadow Sneak|p1a: Chicken\n|-damage|p1a: Chicken|0 fnt\n|faint|p1a: Chicken\n|-damage|p2a: The Cook|78\/100|[from] item: Life Orb\n|\n|upkeep\n|\n|t:|1700448906\n|switch|p1a: Cow|Tauros-Paldea-Aqua, M|59\/100\n|-ability|p1a: Cow|Intimidate|boost\n|-unboost|p2a: The Cook|atk|1\n|turn|10\n|\n|t:|1700448912\n|move|p2a: The Cook|Shadow Sneak|p1a: Cow\n|-damage|p1a: Cow|17\/100\n|-damage|p2a: The Cook|68\/100|[from] item: Life Orb\n|move|p1a: Cow|Wave Crash|p2a: The Cook\n|-damage|p2a: The Cook|0 fnt\n|faint|p2a: The Cook\n|-damage|p1a: Cow|0 fnt|[from] Recoil\n|faint|p1a: Cow\n|\n|upkeep\n|\n|t:|1700448927\n|switch|p1a: smegger|Blissey, F|83\/100\n|switch|p2a: Medicham|Medicham, M, shiny|100\/100\n|turn|11\n|\n|t:|1700448934\n|move|p2a: Medicham|Body Slam|p1a: smegger\n|-damage|p1a: smegger|48\/100\n|move|p1a: smegger|Teleport|p1a: smegger\n|\n|t:|1700448947\n|switch|p1a: Son Goku :^)|Infernape, M|100\/100|[from] Teleport\n|\n|upkeep\n|turn|12\n|\n|t:|1700448954\n|detailschange|p2a: Medicham|Medicham-Mega, M, shiny\n|-mega|p2a: Medicham|Medicham|Medichamite\n|move|p1a: Son Goku :^)|Fire Punch|p2a: Medicham\n|-damage|p2a: Medicham|36\/100\n|move|p2a: Medicham|Body Slam|p1a: Son Goku :^)\n|-damage|p1a: Son Goku :^)|22\/100\n|\n|upkeep\n|turn|13\n|\n|t:|1700448964\n|move|p2a: Medicham|Bullet Punch|p1a: Son Goku :^)\n|-resisted|p1a: Son Goku :^)\n|-damage|p1a: Son Goku :^)|2\/100\n|move|p1a: Son Goku :^)|Fire Punch|p2a: Medicham\n|-damage|p2a: Medicham|0 fnt\n|faint|p2a: Medicham\n|\n|upkeep\n|\n|t:|1700448969\n|switch|p2a: Fezandipiti|Fezandipiti, M|91\/100\n|turn|14\n|\n|t:|1700448975\n|move|p1a: Son Goku :^)|Fire Punch|p2a: Fezandipiti\n|-damage|p2a: Fezandipiti|57\/100\n|move|p2a: Fezandipiti|U-turn|p1a: Son Goku :^)\n|-resisted|p1a: Son Goku :^)\n|-damage|p1a: Son Goku :^)|0 fnt\n|faint|p1a: Son Goku :^)\n|\n|t:|1700448978\n|switch|p2a: Toxapex|Toxapex, M, shiny|100\/100|[from] U-turn\n|\n|upkeep\n|\n|t:|1700448981\n|switch|p1a: smegger|Blissey, F|48\/100\n|turn|15\n|\n|t:|1700448986\n|move|p1a: smegger|Trick|p2a: Toxapex\n|-activate|p1a: smegger|move: Trick|[of] p2a: Toxapex\n|-item|p2a: Toxapex|Choice Specs|[from] move: Trick\n|-item|p1a: smegger|Black Sludge|[from] move: Trick\n|move|p2a: Toxapex|Knock Off|p1a: smegger\n|-damage|p1a: smegger|33\/100\n|-enditem|p1a: smegger|Black Sludge|[from] move: Knock Off|[of] p2a: Toxapex\n|\n|upkeep\n|turn|16\n|\n|t:|1700448994\n|move|p1a: smegger|Soft-Boiled|p1a: smegger\n|-heal|p1a: smegger|83\/100\n|move|p2a: Toxapex|Knock Off|p1a: smegger\n|-damage|p1a: smegger|74\/100\n|\n|upkeep\n|turn|17\n|\n|t:|1700448998\n|switch|p2a: Fezandipiti|Fezandipiti, M|57\/100\n|move|p1a: smegger|Seismic Toss|p2a: Fezandipiti\n|-damage|p2a: Fezandipiti|31\/100\n|\n|upkeep\n|turn|18\n|\n|t:|1700449002\n|move|p2a: Fezandipiti|Rest|p2a: Fezandipiti\n|-status|p2a: Fezandipiti|slp|[from] move: Rest\n|-enditem|p2a: Fezandipiti|Lum Berry|[eat]\n|-curestatus|p2a: Fezandipiti|slp|[msg]\n|-heal|p2a: Fezandipiti|100\/100|[silent]\n|move|p1a: smegger|Seismic Toss|p2a: Fezandipiti\n|-damage|p2a: Fezandipiti|74\/100\n|\n|upkeep\n|turn|19\n|\n|t:|1700449017\n|move|p2a: Fezandipiti|Beat Up|p1a: smegger\n|-damage|p1a: smegger|72\/100\n|-damage|p1a: smegger|69\/100\n|-status|p1a: smegger|tox|[from] ability: Toxic Chain|[of] p2a: Fezandipiti\n|-hitcount|p1a: smegger|2\n|move|p1a: smegger|Seismic Toss|p2a: Fezandipiti\n|-damage|p2a: Fezandipiti|48\/100\n|\n|-damage|p1a: smegger|63\/100 tox|[from] psn\n|upkeep\n|turn|20\n|\n|t:|1700449023\n|move|p2a: Fezandipiti|Rest|p2a: Fezandipiti\n|-status|p2a: Fezandipiti|slp|[from] move: Rest\n|-heal|p2a: Fezandipiti|100\/100 slp|[silent]\n|move|p1a: smegger|Teleport|p1a: smegger\n|\n|t:|1700449031\n|-curestatus|p1a: smegger|tox|[from] ability: Natural Cure\n|switch|p1a: my wife|Snorlax, F|100\/100|[from] Teleport\n|\n|upkeep\n|turn|21\n|\n|t:|1700449038\n|cant|p2a: Fezandipiti|slp\n|move|p1a: my wife|Curse|p1a: my wife\n|-unboost|p1a: my wife|spe|1\n|-boost|p1a: my wife|atk|1\n|-boost|p1a: my wife|def|1\n|\n|upkeep\n|turn|22\n|\n|t:|1700449043\n|cant|p2a: Fezandipiti|slp\n|move|p1a: my wife|Earthquake|p2a: Fezandipiti\n|-supereffective|p2a: Fezandipiti\n|-damage|p2a: Fezandipiti|41\/100 slp\n|\n|upkeep\n|turn|23\n|\n|t:|1700449048\n|-curestatus|p2a: Fezandipiti|slp|[msg]\n|move|p2a: Fezandipiti|Beat Up|p1a: my wife\n|-damage|p1a: my wife|99\/100\n|-damage|p1a: my wife|98\/100\n|-hitcount|p1a: my wife|2\n|move|p1a: my wife|Earthquake|p2a: Fezandipiti\n|-supereffective|p2a: Fezandipiti\n|-damage|p2a: Fezandipiti|0 fnt\n|faint|p2a: Fezandipiti\n|\n|-heal|p1a: my wife|100\/100|[from] item: Leftovers\n|upkeep\n|\n|t:|1700449054\n|switch|p2a: Toxapex|Toxapex, M, shiny|100\/100\n|turn|24\n|\n|t:|1700449057\n|move|p2a: Toxapex|Toxic|p1a: my wife\n|-status|p1a: my wife|tox\n|move|p1a: my wife|Earthquake|p2a: Toxapex\n|-supereffective|p2a: Toxapex\n|-damage|p2a: Toxapex|45\/100\n|\n|-damage|p1a: my wife|94\/100 tox|[from] psn\n|upkeep\n|turn|25\n|l|\u2606Ehehdhhdhd\n|inactive|Ehehdhhdhd disconnected and has a minute to reconnect!\n|player|p2|\n|inactive|Ehehdhhdhd has 30 seconds to reconnect!\n|l| gayspotter2\n|inactive|Ehehdhhdhd has 20 seconds to reconnect!\n|inactive|Ehehdhhdhd has 15 seconds to reconnect!\n|inactive|Ehehdhhdhd has 10 seconds to reconnect!\n|inactive|Ehehdhhdhd has 5 seconds to reconnect!\n|-message|Ehehdhhdhd lost due to inactivity.\n|\n|win|momfr\n|raw|momfr's rating: 1101 &rarr; <strong>1128<\/strong><br \/>(+27 for winning)\n|raw|Ehehdhhdhd's rating: 1127 &rarr; <strong>1100<\/strong><br \/>(-27 for losing)\n","uploadtime":1700449134,"views":4,"p1id":"momfr","p2id":"ehehdhhdhd","formatid":"gen9nationaldex","rating":1100,"private":0,"password":""}