{"id":"gen9nationaldex-1992845501","p1":"Francoise Fat","p2":"papapanoel","format":"[Gen 9] National Dex","log":"|j|\u2606Francoise Fat\n|j|\u2606papapanoel\n|t:|1700240432\n|gametype|singles\n|player|p1|Francoise Fat|101|1309\n|player|p2|papapanoel|2|1336\n|teamsize|p1|6\n|teamsize|p2|6\n|gen|9\n|tier|[Gen 9] National Dex\n|rated|\n|rule|HP Percentage Mod: HP is shown in percentages\n|rule|Endless Battle Clause: Forcing endless battles is banned\n|rule|OHKO Clause: OHKO moves are banned\n|rule|Evasion Clause: Evasion abilities, items, and moves are banned\n|rule|Evasion Abilities Clause: Evasion abilities are banned\n|rule|Evasion Items Clause: Evasion items are banned\n|rule|Evasion Moves Clause: Evasion moves are banned\n|rule|Species Clause: Limit one of each Pok\u00e9mon\n|rule|Sleep Clause Mod: Limit one foe put to sleep\n|clearpoke\n|poke|p1|Garchomp, F|\n|poke|p1|Iron Treads|\n|poke|p1|Dracozolt|\n|poke|p1|Tyranitar, M|\n|poke|p1|Houndstone, F|\n|poke|p1|Aggron, F|\n|poke|p2|Tapu Koko|\n|poke|p2|Zapdos|\n|poke|p2|Zeraora|\n|poke|p2|Raichu-Alola, F|\n|poke|p2|Corviknight, M|\n|poke|p2|Pelipper, F|\n|teampreview\n|\n|t:|1700240458\n|start\n|switch|p1a: Tyranitar|Tyranitar, M, shiny|100\/100\n|switch|p2a: Pelipper|Pelipper, F|100\/100\n|-weather|RainDance|[from] ability: Drizzle|[of] p2a: Pelipper\n|-weather|Sandstorm|[from] ability: Sand Stream|[of] p1a: Tyranitar\n|turn|1\n|\n|t:|1700240473\n|move|p2a: Pelipper|U-turn|p1a: Tyranitar\n|-supereffective|p1a: Tyranitar\n|-damage|p1a: Tyranitar|87\/100\n|\n|t:|1700240476\n|switch|p2a: Corviknight|Corviknight, M|100\/100|[from] U-turn\n|-ability|p2a: Corviknight|Pressure\n|move|p1a: Tyranitar|Stone Edge|p2a: Corviknight\n|-crit|p2a: Corviknight\n|-damage|p2a: Corviknight|45\/100\n|\n|-weather|Sandstorm|[upkeep]\n|-heal|p2a: Corviknight|52\/100|[from] item: Leftovers\n|upkeep\n|turn|2\n|\n|t:|1700240485\n|switch|p1a: Houndstone|Houndstone, F|100\/100\n|move|p2a: Corviknight|Roost|p2a: Corviknight\n|-heal|p2a: Corviknight|100\/100\n|-singleturn|p2a: Corviknight|move: Roost\n|\n|-weather|Sandstorm|[upkeep]\n|upkeep\n|turn|3\n|\n|t:|1700240489\n|move|p1a: Houndstone|Will-O-Wisp|p2a: Corviknight\n|-status|p2a: Corviknight|brn\n|move|p2a: Corviknight|U-turn|p1a: Houndstone\n|-resisted|p1a: Houndstone\n|-damage|p1a: Houndstone|97\/100\n|-enditem|p1a: Houndstone|Eject Button\n|\n|t:|1700240497\n|switch|p1a: Dracozolt|Dracozolt|100\/100\n|\n|-weather|Sandstorm|[upkeep]\n|-damage|p2a: Corviknight|94\/100 brn|[from] brn\n|upkeep\n|turn|4\n|\n|t:|1700240503\n|switch|p2a: Zeraora|Zeraora|100\/100\n|move|p1a: Dracozolt|Bolt Beak|p2a: Zeraora\n|-immune|p2a: Zeraora|[from] ability: Volt Absorb\n|\n|-weather|Sandstorm|[upkeep]\n|-damage|p2a: Zeraora|95\/100|[from] Sandstorm\n|upkeep\n|turn|5\n|\n|t:|1700240506\n|move|p2a: Zeraora|Fake Out|p1a: Dracozolt\n|-damage|p1a: Dracozolt|81\/100\n|-damage|p2a: Zeraora|85\/100|[from] item: Life Orb\n|cant|p1a: Dracozolt|flinch\n|\n|-weather|Sandstorm|[upkeep]\n|-damage|p2a: Zeraora|79\/100|[from] Sandstorm\n|upkeep\n|turn|6\n|\n|t:|1700240515\n|switch|p2a: Corviknight|Corviknight, M|94\/100 brn\n|-ability|p2a: Corviknight|Pressure\n|move|p1a: Dracozolt|High Horsepower|p2a: Corviknight\n|-immune|p2a: Corviknight\n|\n|-weather|Sandstorm|[upkeep]\n|-heal|p2a: Corviknight|100\/100 brn|[from] item: Leftovers\n|-damage|p2a: Corviknight|94\/100 brn|[from] brn\n|upkeep\n|turn|7\n|\n|t:|1700240520\n|switch|p2a: Zeraora|Zeraora|79\/100\n|move|p1a: Dracozolt|Bolt Beak|p2a: Zeraora\n|-heal|p2a: Zeraora|100\/100|[from] ability: Volt Absorb|[of] p1a: Dracozolt\n|\n|-weather|Sandstorm|[upkeep]\n|-damage|p2a: Zeraora|95\/100|[from] Sandstorm\n|upkeep\n|turn|8\n|\n|t:|1700240525\n|move|p2a: Zeraora|Fake Out|p1a: Dracozolt\n|-damage|p1a: Dracozolt|60\/100\n|-damage|p2a: Zeraora|85\/100|[from] item: Life Orb\n|cant|p1a: Dracozolt|flinch\n|\n|-weather|none\n|upkeep\n|turn|9\n|\n|t:|1700240532\n|switch|p1a: Tyranitar|Tyranitar, M, shiny|87\/100\n|-weather|Sandstorm|[from] ability: Sand Stream|[of] p1a: Tyranitar\n|move|p2a: Zeraora|Close Combat|p1a: Tyranitar\n|-supereffective|p1a: Tyranitar\n|-damage|p1a: Tyranitar|0 fnt\n|-unboost|p2a: Zeraora|def|1\n|-unboost|p2a: Zeraora|spd|1\n|faint|p1a: Tyranitar\n|-damage|p2a: Zeraora|75\/100|[from] item: Life Orb\n|\n|-weather|Sandstorm|[upkeep]\n|-damage|p2a: Zeraora|69\/100|[from] Sandstorm\n|upkeep\n|\n|t:|1700240535\n|switch|p1a: Houndstone|Houndstone, F|97\/100\n|turn|10\n|\n|t:|1700240541\n|switch|p2a: Pelipper|Pelipper, F|100\/100\n|-weather|RainDance|[from] ability: Drizzle|[of] p2a: Pelipper\n|move|p1a: Houndstone|Sandstorm|p1a: Houndstone\n|-weather|Sandstorm\n|\n|-weather|Sandstorm|[upkeep]\n|-damage|p2a: Pelipper|94\/100|[from] Sandstorm\n|upkeep\n|turn|11\n|\n|t:|1700240562\n|move|p1a: Houndstone|Poltergeist|p2a: Pelipper\n|-activate|p2a: Pelipper|move: Poltergeist|Choice Specs\n|-damage|p2a: Pelipper|50\/100\n|move|p2a: Pelipper|Hydro Pump|p1a: Houndstone\n|-damage|p1a: Houndstone|20\/100\n|\n|-weather|Sandstorm|[upkeep]\n|-damage|p2a: Pelipper|44\/100|[from] Sandstorm\n|upkeep\n|turn|12\n|\n|t:|1700240575\n|switch|p2a: Corviknight|Corviknight, M|94\/100 brn\n|-ability|p2a: Corviknight|Pressure\n|move|p1a: Houndstone|Poltergeist|p2a: Corviknight\n|-activate|p2a: Corviknight|move: Poltergeist|Leftovers\n|-damage|p2a: Corviknight|69\/100 brn\n|\n|-weather|Sandstorm|[upkeep]\n|-heal|p2a: Corviknight|75\/100 brn|[from] item: Leftovers\n|-damage|p2a: Corviknight|69\/100 brn|[from] brn\n|upkeep\n|turn|13\n|\n|t:|1700240586\n|switch|p1a: Garchomp|Garchomp, F|100\/100\n|move|p2a: Corviknight|Roost|p2a: Corviknight\n|-heal|p2a: Corviknight|100\/100 brn\n|-singleturn|p2a: Corviknight|move: Roost\n|\n|-weather|Sandstorm|[upkeep]\n|-damage|p2a: Corviknight|94\/100 brn|[from] brn\n|upkeep\n|turn|14\n|\n|t:|1700240597\n|move|p1a: Garchomp|Scale Shot|p2a: Corviknight|[miss]\n|-miss|p1a: Garchomp|p2a: Corviknight\n|move|p2a: Corviknight|U-turn|p1a: Garchomp\n|-damage|p1a: Garchomp|93\/100\n|-damage|p2a: Corviknight|82\/100 brn|[from] ability: Rough Skin|[of] p1a: Garchomp\n|c|\u2606Francoise Fat|gg\n|\n|t:|1700240603\n|switch|p2a: Tapu Koko|Tapu Koko|100\/100|[from] U-turn\n|-fieldstart|move: Electric Terrain|[from] ability: Electric Surge|[of] p2a: Tapu Koko\n|\n|-weather|none\n|upkeep\n|turn|15\n|\n|t:|1700240611\n|switch|p1a: Iron Treads|Iron Treads|100\/100\n|-activate|p1a: Iron Treads|ability: Quark Drive\n|-start|p1a: Iron Treads|quarkdrivespe\n|move|p2a: Tapu Koko|Dazzling Gleam|p1a: Iron Treads\n|-resisted|p1a: Iron Treads\n|-damage|p1a: Iron Treads|77\/100\n|\n|upkeep\n|turn|16\n|\n|t:|1700240617\n|switch|p2a: Pelipper|Pelipper, F|44\/100\n|-weather|RainDance|[from] ability: Drizzle|[of] p2a: Pelipper\n|move|p1a: Iron Treads|Ice Spinner|p2a: Pelipper\n|-damage|p2a: Pelipper|19\/100\n|-fieldend|move: Electric Terrain\n|-end|p1a: Iron Treads|Quark Drive\n|-enditem|p1a: Iron Treads|Booster Energy\n|-activate|p1a: Iron Treads|ability: Quark Drive|[fromitem]\n|-start|p1a: Iron Treads|quarkdrivespe\n|\n|-weather|RainDance|[upkeep]\n|upkeep\n|turn|17\n|\n|t:|1700240625\n|switch|p2a: Zeraora|Zeraora|69\/100\n|move|p1a: Iron Treads|Ice Spinner|p2a: Zeraora\n|-damage|p2a: Zeraora|32\/100\n|\n|-weather|RainDance|[upkeep]\n|upkeep\n|turn|18\n|\n|t:|1700240641\n|switch|p2a: Zapdos|Zapdos|100\/100\n|move|p1a: Iron Treads|Ice Spinner|p2a: Zapdos\n|-supereffective|p2a: Zapdos\n|-damage|p2a: Zapdos|52\/100\n|\n|-weather|RainDance|[upkeep]\n|upkeep\n|turn|19\n|\n|t:|1700240645\n|-terastallize|p1a: Iron Treads|Ice\n|move|p1a: Iron Treads|Ice Spinner|p2a: Zapdos\n|-supereffective|p2a: Zapdos\n|-damage|p2a: Zapdos|0 fnt\n|faint|p2a: Zapdos\n|\n|-weather|RainDance|[upkeep]\n|upkeep\n|\n|t:|1700240654\n|switch|p2a: Tapu Koko|Tapu Koko|100\/100\n|-fieldstart|move: Electric Terrain|[from] ability: Electric Surge|[of] p2a: Tapu Koko\n|turn|20\n|\n|t:|1700240663\n|switch|p2a: Pelipper|Pelipper, F|19\/100\n|move|p1a: Iron Treads|Earthquake|p2a: Pelipper\n|-immune|p2a: Pelipper\n|\n|-weather|none\n|upkeep\n|turn|21\n|\n|t:|1700240669\n|move|p1a: Iron Treads|Ice Spinner|p2a: Pelipper\n|-damage|p2a: Pelipper|0 fnt\n|-fieldend|move: Electric Terrain\n|faint|p2a: Pelipper\n|\n|upkeep\n|\n|t:|1700240675\n|switch|p2a: Corviknight|Corviknight, M|82\/100 brn\n|-ability|p2a: Corviknight|Pressure\n|turn|22\n|\n|t:|1700240682\n|-end|p1a: Iron Treads|Quark Drive|[silent]\n|switch|p1a: Houndstone|Houndstone, F|20\/100\n|move|p2a: Corviknight|Body Press|p1a: Houndstone\n|-immune|p1a: Houndstone\n|\n|-heal|p2a: Corviknight|88\/100 brn|[from] item: Leftovers\n|-damage|p2a: Corviknight|82\/100 brn|[from] brn\n|upkeep\n|turn|23\n|\n|t:|1700240688\n|move|p1a: Houndstone|Sandstorm|p1a: Houndstone\n|-weather|Sandstorm\n|move|p2a: Corviknight|U-turn|p1a: Houndstone\n|-resisted|p1a: Houndstone\n|-crit|p1a: Houndstone\n|-damage|p1a: Houndstone|14\/100\n|\n|t:|1700240701\n|switch|p2a: Tapu Koko|Tapu Koko|100\/100|[from] U-turn\n|-fieldstart|move: Electric Terrain|[from] ability: Electric Surge|[of] p2a: Tapu Koko\n|\n|-weather|Sandstorm|[upkeep]\n|-damage|p2a: Tapu Koko|94\/100|[from] Sandstorm\n|upkeep\n|turn|24\n|\n|t:|1700240705\n|move|p1a: Houndstone|Poltergeist|p2a: Tapu Koko\n|-activate|p2a: Tapu Koko|move: Poltergeist|Terrain Extender\n|-damage|p2a: Tapu Koko|39\/100\n|move|p2a: Tapu Koko|Thunderbolt|p1a: Houndstone\n|-damage|p1a: Houndstone|0 fnt\n|faint|p1a: Houndstone\n|\n|-weather|Sandstorm|[upkeep]\n|-damage|p2a: Tapu Koko|33\/100|[from] Sandstorm\n|upkeep\n|\n|t:|1700240716\n|switch|p1a: Dracozolt|Dracozolt|60\/100\n|turn|25\n|\n|t:|1700240721\n|switch|p2a: Zeraora|Zeraora|32\/100\n|move|p1a: Dracozolt|High Horsepower|p2a: Zeraora|[miss]\n|-miss|p1a: Dracozolt|p2a: Zeraora\n|\n|-weather|Sandstorm|[upkeep]\n|-damage|p2a: Zeraora|26\/100|[from] Sandstorm\n|upkeep\n|turn|26\n|c|\u2606Francoise Fat|GEEEEEEEEEEEEGEEEEEEEEEEEEEEEEEEE\n|\n|t:|1700240736\n|move|p2a: Zeraora|Fake Out|p1a: Dracozolt\n|-damage|p1a: Dracozolt|41\/100\n|-damage|p2a: Zeraora|17\/100|[from] item: Life Orb\n|cant|p1a: Dracozolt|flinch\n|\n|-weather|Sandstorm|[upkeep]\n|-damage|p2a: Zeraora|11\/100|[from] Sandstorm\n|upkeep\n|turn|27\n|\n|t:|1700240743\n|move|p1a: Dracozolt|Fire Blast|p2a: Zeraora|[miss]\n|-miss|p1a: Dracozolt|p2a: Zeraora\n|move|p2a: Zeraora|Close Combat|p1a: Dracozolt\n|-damage|p1a: Dracozolt|0 fnt\n|-unboost|p2a: Zeraora|def|1\n|-unboost|p2a: Zeraora|spd|1\n|faint|p1a: Dracozolt\n|-damage|p2a: Zeraora|1\/100|[from] item: Life Orb\n|\n|-weather|none\n|upkeep\n|c|\u2606Francoise Fat|GGGGGGGGGGGGGGGGGGGGGGGGGGGGGGGGGGGGGGGGGGGEEEEEEEEEEEEEEEEEEEEEEEEEEEEEEE\n|c|\u2606Francoise Fat|GEEEEEEEEEEEEEEEEEEEEEEEEEEEEEEEEEEEEEEEEEEEEEEEEEEEEEEEEEEEEEEEEEEEEEEEE\n|\n|t:|1700240757\n|switch|p1a: Garchomp|Garchomp, F|93\/100\n|turn|28\n|\n|t:|1700240779\n|move|p2a: Zeraora|Close Combat|p1a: Garchomp\n|-damage|p1a: Garchomp|43\/100\n|-unboost|p2a: Zeraora|def|1\n|-unboost|p2a: Zeraora|spd|1\n|-damage|p2a: Zeraora|0 fnt|[from] ability: Rough Skin|[of] p1a: Garchomp\n|faint|p2a: Zeraora\n|move|p1a: Garchomp|Scale Shot|p2: Zeraora|[notarget]\n|-fail|p1a: Garchomp\n|\n|upkeep\n|\n|t:|1700240796\n|switch|p2a: Tapu Koko|Tapu Koko|33\/100\n|turn|29\n|\n|t:|1700240800\n|switch|p1a: Iron Treads|Iron Treads, tera:Ice|77\/100\n|-activate|p1a: Iron Treads|ability: Quark Drive\n|-start|p1a: Iron Treads|quarkdrivespe\n|move|p2a: Tapu Koko|Dazzling Gleam|p1a: Iron Treads\n|-damage|p1a: Iron Treads|25\/100\n|\n|upkeep\n|turn|30\n|\n|t:|1700240806\n|switch|p2a: Corviknight|Corviknight, M|82\/100 brn\n|-ability|p2a: Corviknight|Pressure\n|move|p1a: Iron Treads|Ice Spinner|p2a: Corviknight\n|-damage|p2a: Corviknight|58\/100 brn\n|-fieldend|move: Electric Terrain\n|-end|p1a: Iron Treads|Quark Drive\n|\n|-heal|p2a: Corviknight|64\/100 brn|[from] item: Leftovers\n|-damage|p2a: Corviknight|58\/100 brn|[from] brn\n|upkeep\n|turn|31\n|\n|t:|1700240813\n|move|p1a: Iron Treads|Ice Spinner|p2a: Corviknight\n|-damage|p2a: Corviknight|36\/100 brn\n|move|p2a: Corviknight|U-turn|p1a: Iron Treads\n|-damage|p1a: Iron Treads|18\/100\n|\n|t:|1700240818\n|switch|p2a: Tapu Koko|Tapu Koko|33\/100|[from] U-turn\n|-fieldstart|move: Electric Terrain|[from] ability: Electric Surge|[of] p2a: Tapu Koko\n|-activate|p1a: Iron Treads|ability: Quark Drive\n|-start|p1a: Iron Treads|quarkdrivespe\n|\n|upkeep\n|turn|32\n|\n|t:|1700240828\n|move|p1a: Iron Treads|Ice Spinner|p2a: Tapu Koko\n|-damage|p2a: Tapu Koko|0 fnt\n|-fieldend|move: Electric Terrain\n|-end|p1a: Iron Treads|Quark Drive\n|faint|p2a: Tapu Koko\n|\n|upkeep\n|\n|t:|1700240836\n|switch|p2a: Corviknight|Corviknight, M|36\/100 brn\n|-ability|p2a: Corviknight|Pressure\n|turn|33\n|\n|t:|1700240839\n|move|p1a: Iron Treads|Ice Spinner|p2a: Corviknight\n|-damage|p2a: Corviknight|15\/100 brn\n|move|p2a: Corviknight|Roost|p2a: Corviknight\n|-heal|p2a: Corviknight|65\/100 brn\n|-singleturn|p2a: Corviknight|move: Roost\n|\n|-heal|p2a: Corviknight|72\/100 brn|[from] item: Leftovers\n|-damage|p2a: Corviknight|65\/100 brn|[from] brn\n|upkeep\n|turn|34\n|\n|t:|1700240843\n|move|p1a: Iron Treads|Ice Spinner|p2a: Corviknight\n|-damage|p2a: Corviknight|41\/100 brn\n|move|p2a: Corviknight|Roost|p2a: Corviknight\n|-heal|p2a: Corviknight|91\/100 brn\n|-singleturn|p2a: Corviknight|move: Roost\n|\n|-heal|p2a: Corviknight|97\/100 brn|[from] item: Leftovers\n|-damage|p2a: Corviknight|91\/100 brn|[from] brn\n|upkeep\n|turn|35\n|\n|t:|1700240846\n|move|p1a: Iron Treads|Ice Spinner|p2a: Corviknight\n|-damage|p2a: Corviknight|67\/100 brn\n|move|p2a: Corviknight|Body Press|p1a: Iron Treads\n|-supereffective|p1a: Iron Treads\n|-damage|p1a: Iron Treads|0 fnt\n|faint|p1a: Iron Treads\n|-end|p1a: Iron Treads|Quark Drive|[silent]\n|\n|-heal|p2a: Corviknight|74\/100 brn|[from] item: Leftovers\n|-damage|p2a: Corviknight|67\/100 brn|[from] brn\n|upkeep\n|\n|t:|1700240849\n|switch|p1a: Oceano|Aggron, F, shiny|100\/100\n|turn|36\n|\n|t:|1700240854\n|move|p2a: Corviknight|Body Press|p1a: Oceano\n|-supereffective|p1a: Oceano\n|-damage|p1a: Oceano|71\/100\n|-enditem|p1a: Oceano|Red Card|[of] p2a: Corviknight\n|drag|p2a: Raichu|Raichu-Alola, F|100\/100\n|move|p1a: Oceano|Metal Burst|p2a: Raichu\n|-damage|p2a: Raichu|43\/100\n|\n|upkeep\n|turn|37\n|\n|t:|1700240865\n|switch|p2a: Corviknight|Corviknight, M|67\/100 brn\n|-ability|p2a: Corviknight|Pressure\n|move|p1a: Oceano|Stone Edge|p2a: Corviknight\n|-crit|p2a: Corviknight\n|-damage|p2a: Corviknight|24\/100 brn\n|\n|-heal|p2a: Corviknight|30\/100 brn|[from] item: Leftovers\n|-damage|p2a: Corviknight|24\/100 brn|[from] brn\n|upkeep\n|turn|38\n|\n|t:|1700240871\n|move|p2a: Corviknight|Roost|p2a: Corviknight\n|-heal|p2a: Corviknight|74\/100 brn\n|-singleturn|p2a: Corviknight|move: Roost\n|move|p1a: Oceano|Stone Edge|p2a: Corviknight\n|-resisted|p2a: Corviknight\n|-damage|p2a: Corviknight|58\/100 brn\n|\n|-heal|p2a: Corviknight|64\/100 brn|[from] item: Leftovers\n|-damage|p2a: Corviknight|58\/100 brn|[from] brn\n|upkeep\n|turn|39\n|\n|t:|1700240877\n|move|p2a: Corviknight|Body Press|p1a: Oceano\n|-supereffective|p1a: Oceano\n|-damage|p1a: Oceano|40\/100\n|move|p1a: Oceano|Stone Edge|p2a: Corviknight\n|-damage|p2a: Corviknight|28\/100 brn\n|\n|-heal|p2a: Corviknight|34\/100 brn|[from] item: Leftovers\n|-damage|p2a: Corviknight|28\/100 brn|[from] brn\n|upkeep\n|turn|40\n|\n|t:|1700240884\n|switch|p1a: Garchomp|Garchomp, F|43\/100\n|move|p2a: Corviknight|Roost|p2a: Corviknight\n|-heal|p2a: Corviknight|78\/100 brn\n|-singleturn|p2a: Corviknight|move: Roost\n|\n|-heal|p2a: Corviknight|84\/100 brn|[from] item: Leftovers\n|-damage|p2a: Corviknight|78\/100 brn|[from] brn\n|upkeep\n|turn|41\n|\n|t:|1700240898\n|detailschange|p1a: Garchomp|Garchomp-Mega, F\n|-mega|p1a: Garchomp|Garchomp|Garchompite\n|-terastallize|p2a: Corviknight|Flying\n|move|p1a: Garchomp|Swords Dance|p1a: Garchomp\n|-boost|p1a: Garchomp|atk|2\n|move|p2a: Corviknight|Brave Bird|p1a: Garchomp\n|-damage|p1a: Garchomp|22\/100\n|-damage|p2a: Corviknight|72\/100 brn|[from] Recoil\n|\n|-heal|p2a: Corviknight|78\/100 brn|[from] item: Leftovers\n|-damage|p2a: Corviknight|72\/100 brn|[from] brn\n|upkeep\n|turn|42\n|\n|t:|1700240907\n|move|p1a: Garchomp|Scale Shot|p2a: Corviknight|[miss]\n|-miss|p1a: Garchomp|p2a: Corviknight\n|move|p2a: Corviknight|Brave Bird|p1a: Garchomp\n|-damage|p1a: Garchomp|2\/100\n|-damage|p2a: Corviknight|66\/100 brn|[from] Recoil\n|\n|-heal|p2a: Corviknight|72\/100 brn|[from] item: Leftovers\n|-damage|p2a: Corviknight|66\/100 brn|[from] brn\n|upkeep\n|turn|43\n|\n|t:|1700240912\n|move|p1a: Garchomp|Scale Shot|p2a: Corviknight\n|-damage|p2a: Corviknight|48\/100 brn\n|-damage|p2a: Corviknight|31\/100 brn\n|-hitcount|p2a: Corviknight|2\n|-unboost|p1a: Garchomp|def|1\n|-boost|p1a: Garchomp|spe|1\n|move|p2a: Corviknight|U-turn|p1a: Garchomp\n|-damage|p1a: Garchomp|0 fnt\n|faint|p1a: Garchomp\n|c|\u2606Francoise Fat|GEE....\n|\n|t:|1700240915\n|switch|p2a: Raichu|Raichu-Alola, F|43\/100|[from] U-turn\n|\n|upkeep\n|c|\u2606Francoise Fat|GEEEEEEEEEEEEEEEEEEE\n|\n|t:|1700240920\n|switch|p1a: Oceano|Aggron, F, shiny|40\/100\n|turn|44\n|\n|t:|1700240924\n|-zpower|p2a: Raichu\n|move|p2a: Raichu|Stoked Sparksurfer|p1a: Oceano|[zeffect]\n|-damage|p1a: Oceano|0 fnt\n|faint|p1a: Oceano\n|\n|win|papapanoel\n|raw|Francoise Fat's rating: 1309 &rarr; <strong>1291<\/strong><br \/>(-18 for losing)\n|raw|papapanoel's rating: 1336 &rarr; <strong>1354<\/strong><br \/>(+18 for winning)\n|c|\u2606Francoise Fat|GG\n","uploadtime":1700240928,"views":12,"p1id":"francoisefat","p2id":"papapanoel","formatid":"gen9nationaldex","rating":1291,"private":0,"password":""}