{"id":"gen9nationaldex-1998627295","p1":"dicexdxd","p2":"GlaDosDOs","format":"[Gen 9] National Dex","log":"|html|<div class=\"broadcast-blue\"><strong>[Gen 9] National Dex is currently suspecting Sneasler! For information on how to participate check out the <a href=\"https:\/\/www.smogon.com\/forums\/threads\/sv-national-dex-suspect-8-just-dance.3731534\/\">suspect thread<\/a>.<\/strong><\/div>\n|j|\u2606dicexdxd\n|j|\u2606GlaDosDOs\n|t:|1700964737\n|gametype|singles\n|player|p1|dicexdxd|2|1108\n|player|p2|GlaDosDOs|cheren-gen5bw2|1000\n|teamsize|p1|6\n|teamsize|p2|6\n|gen|9\n|tier|[Gen 9] National Dex\n|rated|\n|rule|HP Percentage Mod: HP is shown in percentages\n|rule|Endless Battle Clause: Forcing endless battles is banned\n|rule|OHKO Clause: OHKO moves are banned\n|rule|Evasion Clause: Evasion abilities, items, and moves are banned\n|rule|Evasion Abilities Clause: Evasion abilities are banned\n|rule|Evasion Items Clause: Evasion items are banned\n|rule|Evasion Moves Clause: Evasion moves are banned\n|rule|Species Clause: Limit one of each Pok\u00e9mon\n|rule|Sleep Clause Mod: Limit one foe put to sleep\n|clearpoke\n|poke|p1|Alomomola, F|\n|poke|p1|Garganacl, M|\n|poke|p1|Ninetales-Alola, F|\n|poke|p1|Corviknight, F|\n|poke|p1|Blissey, F|\n|poke|p1|Altaria, M|\n|poke|p2|Audino, F|\n|poke|p2|Scolipede, M|\n|poke|p2|Delphox, F|\n|poke|p2|Krookodile, M|\n|poke|p2|Aegislash, M|\n|poke|p2|Ditto|\n|teampreview\n|\n|t:|1700964752\n|start\n|switch|p1a: Altaria|Altaria, M|100\/100\n|switch|p2a: This u?|Ditto|100\/100\n|-transform|p2a: This u?|p1a: Altaria|[from] ability: Imposter\n|turn|1\n|c|\u2606dicexdxd|f\n|\n|t:|1700964765\n|switch|p2a: Kroko|Krookodile, M|100\/100\n|-ability|p2a: Kroko|Intimidate|boost\n|-unboost|p1a: Altaria|atk|1\n|move|p1a: Altaria|Fire Spin|p2a: Kroko\n|-damage|p2a: Kroko|92\/100\n|-activate|p2a: Kroko|move: Fire Spin|[of] p1a: Altaria\n|\n|-heal|p2a: Kroko|98\/100|[from] item: Leftovers\n|-damage|p2a: Kroko|85\/100|[from] move: Fire Spin|[partiallytrapped]\n|upkeep\n|turn|2\n|\n|t:|1700964790\n|detailschange|p1a: Altaria|Altaria-Mega, M\n|-mega|p1a: Altaria|Altaria|Altarianite\n|-terastallize|p2a: Kroko|Steel\n|move|p2a: Kroko|Tera Blast|p1a: Altaria|[anim] Tera Blast Steel\n|-supereffective|p1a: Altaria\n|-damage|p1a: Altaria|39\/100\n|move|p1a: Altaria|Perish Song|p1a: Altaria\n|-start|p1a: Altaria|perish3|[silent]\n|-start|p2a: Kroko|perish3|[silent]\n|-fieldactivate|move: Perish Song\n|\n|-heal|p2a: Kroko|91\/100|[from] item: Leftovers\n|-damage|p2a: Kroko|79\/100|[from] move: Fire Spin|[partiallytrapped]\n|-start|p2a: Kroko|perish3\n|-start|p1a: Altaria|perish3\n|upkeep\n|turn|3\n|\n|t:|1700964806\n|switch|p1a: Corviknight|Corviknight, F|100\/100\n|move|p2a: Kroko|Tera Blast|p1a: Corviknight|[anim] Tera Blast Steel\n|-resisted|p1a: Corviknight\n|-damage|p1a: Corviknight|83\/100\n|\n|-heal|p2a: Kroko|85\/100|[from] item: Leftovers\n|-heal|p1a: Corviknight|89\/100|[from] item: Leftovers\n|-end|p2a: Kroko|Fire Spin|[partiallytrapped]|[silent]\n|-start|p2a: Kroko|perish2\n|upkeep\n|turn|4\n|\n|t:|1700964818\n|switch|p2a: This u?|Ditto|100\/100\n|-transform|p2a: This u?|p1a: Corviknight|[from] ability: Imposter\n|move|p1a: Corviknight|Body Press|p2a: This u?\n|-damage|p2a: This u?|78\/100\n|\n|-heal|p1a: Corviknight|96\/100|[from] item: Leftovers\n|upkeep\n|turn|5\n|\n|t:|1700964834\n|switch|p1a: Garganacl|Garganacl, M|100\/100\n|move|p2a: This u?|Iron Defense|p2a: This u?\n|-boost|p2a: This u?|def|2\n|\n|upkeep\n|turn|6\n|\n|t:|1700964852\n|switch|p2a: Courtesy Call|Audino, F|100\/100\n|-terastallize|p1a: Garganacl|Ghost\n|move|p1a: Garganacl|Salt Cure|p2a: Courtesy Call\n|-damage|p2a: Courtesy Call|88\/100\n|-start|p2a: Courtesy Call|Salt Cure\n|\n|-heal|p2a: Courtesy Call|94\/100|[from] item: Leftovers\n|-damage|p2a: Courtesy Call|82\/100|[from] Salt Cure\n|upkeep\n|turn|7\n|\n|t:|1700964864\n|switch|p1a: Blissey|Blissey, F|100\/100\n|move|p2a: Courtesy Call|Yawn|p1a: Blissey\n|-start|p1a: Blissey|move: Yawn|[of] p2a: Courtesy Call\n|\n|-heal|p2a: Courtesy Call|88\/100|[from] item: Leftovers\n|-damage|p2a: Courtesy Call|75\/100|[from] Salt Cure\n|upkeep\n|turn|8\n|\n|t:|1700964881\n|switch|p1a: Garganacl|Garganacl, M, tera:Ghost|100\/100\n|switch|p2a: Eye Sword|Aegislash, M|100\/100\n|\n|upkeep\n|turn|9\n|\n|t:|1700964899\n|move|p2a: Eye Sword|Swords Dance|p2a: Eye Sword\n|-boost|p2a: Eye Sword|atk|2\n|move|p1a: Garganacl|Salt Cure|p2a: Eye Sword\n|-resisted|p2a: Eye Sword\n|-damage|p2a: Eye Sword|93\/100\n|-start|p2a: Eye Sword|Salt Cure\n|\n|-damage|p2a: Eye Sword|68\/100|[from] Salt Cure\n|upkeep\n|turn|10\n|\n|t:|1700964926\n|-formechange|p2a: Eye Sword|Aegislash-Blade||[from] ability: Stance Change\n|move|p2a: Eye Sword|Iron Head|p1a: Garganacl\n|-damage|p1a: Garganacl|39\/100\n|move|p1a: Garganacl|Iron Defense|p1a: Garganacl\n|-boost|p1a: Garganacl|def|2\n|\n|-heal|p1a: Garganacl|46\/100|[from] item: Leftovers\n|-damage|p2a: Eye Sword|44\/100|[from] Salt Cure\n|upkeep\n|turn|11\n|\n|t:|1700964947\n|switch|p1a: Alomomola|Alomomola, F|100\/100\n|move|p2a: Eye Sword|Iron Head|p1a: Alomomola\n|-resisted|p1a: Alomomola\n|-damage|p1a: Alomomola|75\/100\n|\n|-heal|p1a: Alomomola|81\/100|[from] item: Leftovers\n|-damage|p2a: Eye Sword|19\/100|[from] Salt Cure\n|upkeep\n|turn|12\n|\n|t:|1700964957\n|switch|p2a: This u?|Ditto|78\/100\n|-transform|p2a: This u?|p1a: Alomomola|[from] ability: Imposter\n|move|p1a: Alomomola|Wish|p1a: Alomomola\n|\n|-heal|p1a: Alomomola|87\/100|[from] item: Leftovers\n|upkeep\n|turn|13\n|\n|t:|1700964967\n|move|p2a: This u?|Toxic|p1a: Alomomola\n|-status|p1a: Alomomola|tox\n|move|p1a: Alomomola|Toxic|p2a: This u?\n|-status|p2a: This u?|tox\n|\n|-heal|p1a: Alomomola|100\/100 tox|[from] move: Wish|[wisher] Alomomola\n|-damage|p2a: This u?|72\/100 tox|[from] psn\n|-damage|p1a: Alomomola|94\/100 tox|[from] psn\n|upkeep\n|turn|14\n|\n|t:|1700964981\n|switch|p2a: Eye Sword|Aegislash, M|19\/100\n|move|p1a: Alomomola|Flip Turn|p2a: Eye Sword\n|-damage|p2a: Eye Sword|2\/100\n|\n|t:|1700964989\n|switch|p1a: Ninetales|Ninetales-Alola, F|100\/100|[from] Flip Turn\n|-weather|Snow|[from] ability: Snow Warning|[of] p1a: Ninetales\n|\n|-weather|Snow|[upkeep]\n|upkeep\n|turn|15\n|\n|t:|1700965012\n|switch|p2a: Courtesy Call|Audino, F|100\/100\n|move|p1a: Ninetales|Hex|p2a: Courtesy Call\n|-immune|p2a: Courtesy Call\n|\n|-weather|Snow|[upkeep]\n|upkeep\n|turn|16\n|\n|t:|1700965023\n|move|p1a: Ninetales|Aurora Veil|p1a: Ninetales\n|-sidestart|p1: dicexdxd|move: Aurora Veil\n|move|p2a: Courtesy Call|Calm Mind|p2a: Courtesy Call\n|-boost|p2a: Courtesy Call|spa|1\n|-boost|p2a: Courtesy Call|spd|1\n|\n|-weather|Snow|[upkeep]\n|upkeep\n|turn|17\n|\n|t:|1700965028\n|switch|p1a: Blissey|Blissey, F|100\/100\n|move|p2a: Courtesy Call|Light Screen|p2a: Courtesy Call\n|-sidestart|p2: GlaDosDOs|move: Light Screen\n|\n|-weather|Snow|[upkeep]\n|upkeep\n|turn|18\n|\n|t:|1700965045\n|switch|p2a: This u?|Ditto|100\/100 tox\n|-transform|p2a: This u?|p1a: Blissey|[from] ability: Imposter\n|move|p1a: Blissey|Thunder Wave||[still]\n|-fail|p1a: Blissey\n|\n|-weather|none\n|-damage|p2a: This u?|94\/100 tox|[from] psn\n|upkeep\n|turn|19\n|\n|t:|1700965058\n|move|p2a: This u?|Thunder Wave|p1a: Blissey\n|-status|p1a: Blissey|par\n|cant|p1a: Blissey|par\n|\n|-damage|p2a: This u?|82\/100 tox|[from] psn\n|upkeep\n|turn|20\n|\n|t:|1700965079\n|-curestatus|p2a: This u?|tox|[from] ability: Natural Cure\n|switch|p2a: Courtesy Call|Audino, F|100\/100\n|move|p1a: Blissey|Thunder Wave|p2a: Courtesy Call\n|-status|p2a: Courtesy Call|par\n|\n|upkeep\n|turn|21\n|\n|t:|1700965098\n|move|p1a: Blissey|Heal Bell|p1a: Blissey\n|-activate|p1a: Blissey|move: Heal Bell\n|-curestatus|p1a: Blissey|par|[msg]\n|-curestatus|p1: Alomomola|tox|[msg]\n|move|p2a: Courtesy Call|Calm Mind|p2a: Courtesy Call\n|-boost|p2a: Courtesy Call|spa|1\n|-boost|p2a: Courtesy Call|spd|1\n|\n|-sideend|p2: GlaDosDOs|move: Light Screen\n|upkeep\n|turn|22\n|\n|t:|1700965108\n|move|p1a: Blissey|Calm Mind|p1a: Blissey\n|-boost|p1a: Blissey|spa|1\n|-boost|p1a: Blissey|spd|1\n|move|p2a: Courtesy Call|Calm Mind|p2a: Courtesy Call\n|-boost|p2a: Courtesy Call|spa|1\n|-boost|p2a: Courtesy Call|spd|1\n|\n|upkeep\n|turn|23\n|\n|t:|1700965118\n|move|p1a: Blissey|Calm Mind|p1a: Blissey\n|-boost|p1a: Blissey|spa|1\n|-boost|p1a: Blissey|spd|1\n|cant|p2a: Courtesy Call|par\n|\n|-sideend|p1: dicexdxd|move: Aurora Veil\n|upkeep\n|turn|24\n|\n|t:|1700965125\n|move|p1a: Blissey|Calm Mind|p1a: Blissey\n|-boost|p1a: Blissey|spa|1\n|-boost|p1a: Blissey|spd|1\n|move|p2a: Courtesy Call|Yawn|p1a: Blissey\n|-start|p1a: Blissey|move: Yawn|[of] p2a: Courtesy Call\n|\n|upkeep\n|turn|25\n|\n|t:|1700965132\n|move|p1a: Blissey|Calm Mind|p1a: Blissey\n|-boost|p1a: Blissey|spa|1\n|-boost|p1a: Blissey|spd|1\n|move|p2a: Courtesy Call|Calm Mind|p2a: Courtesy Call\n|-boost|p2a: Courtesy Call|spa|1\n|-boost|p2a: Courtesy Call|spd|1\n|\n|-end|p1a: Blissey|move: Yawn|[silent]\n|-status|p1a: Blissey|slp\n|upkeep\n|turn|26\n|\n|t:|1700965141\n|-curestatus|p1a: Blissey|slp|[from] ability: Natural Cure\n|switch|p1a: Corviknight|Corviknight, F|96\/100\n|move|p2a: Courtesy Call|Calm Mind|p2a: Courtesy Call\n|-boost|p2a: Courtesy Call|spa|1\n|-boost|p2a: Courtesy Call|spd|1\n|\n|-heal|p1a: Corviknight|100\/100|[from] item: Leftovers\n|upkeep\n|turn|27\n|\n|t:|1700965167\n|switch|p1a: Blissey|Blissey, F|100\/100\n|switch|p2a: This u?|Ditto|82\/100\n|-transform|p2a: This u?|p1a: Blissey|[from] ability: Imposter\n|\n|upkeep\n|turn|28\n|\n|t:|1700965188\n|switch|p2a: Kroko|Krookodile, M, tera:Steel|85\/100\n|-ability|p2a: Kroko|Intimidate|boost\n|-unboost|p1a: Blissey|atk|1\n|move|p1a: Blissey|Thunder Wave|p2a: Kroko\n|-status|p2a: Kroko|par\n|\n|-heal|p2a: Kroko|91\/100 par|[from] item: Leftovers\n|upkeep\n|turn|29\n|\n|t:|1700965215\n|switch|p1a: Alomomola|Alomomola, F|100\/100\n|move|p2a: Kroko|Knock Off|p1a: Alomomola\n|-damage|p1a: Alomomola|71\/100\n|-enditem|p1a: Alomomola|Leftovers|[from] move: Knock Off|[of] p2a: Kroko\n|\n|-heal|p2a: Kroko|97\/100 par|[from] item: Leftovers\n|upkeep\n|turn|30\n|\n|t:|1700965232\n|move|p1a: Alomomola|Wish|p1a: Alomomola\n|move|p2a: Kroko|Outrage|p1a: Alomomola\n|-damage|p1a: Alomomola|47\/100\n|\n|-heal|p2a: Kroko|100\/100 par|[from] item: Leftovers\n|upkeep\n|turn|31\n|\n|t:|1700965239\n|move|p1a: Alomomola|Flip Turn|p2a: Kroko\n|-damage|p2a: Kroko|84\/100 par\n|\n|t:|1700965243\n|switch|p1a: Altaria|Altaria-Mega, M|39\/100|[from] Flip Turn\n|cant|p2a: Kroko|par\n|\n|-heal|p1a: Altaria|100\/100|[from] move: Wish|[wisher] Alomomola\n|-heal|p2a: Kroko|90\/100 par|[from] item: Leftovers\n|-start|p2a: Kroko|confusion|[fatigue]\n|upkeep\n|turn|32\n|\n|t:|1700965262\n|switch|p2a: This u?|Ditto|82\/100\n|-transform|p2a: This u?|p1a: Altaria|[from] ability: Imposter\n|move|p1a: Altaria|Fire Spin|p2a: This u?\n|-resisted|p2a: This u?\n|-damage|p2a: This u?|78\/100\n|-activate|p2a: This u?|move: Fire Spin|[of] p1a: Altaria\n|\n|-damage|p2a: This u?|65\/100|[from] move: Fire Spin|[partiallytrapped]\n|upkeep\n|turn|33\n|c|\u2606dicexdxd|ok this is awkward\n|\n|t:|1700965274\n|move|p2a: This u?|Fire Spin|p1a: Altaria|[miss]\n|-miss|p2a: This u?|p1a: Altaria\n|move|p1a: Altaria|Perish Song|p1a: Altaria\n|-start|p1a: Altaria|perish3|[silent]\n|-start|p2a: This u?|perish3|[silent]\n|-fieldactivate|move: Perish Song\n|\n|-damage|p2a: This u?|53\/100|[from] move: Fire Spin|[partiallytrapped]\n|-start|p2a: This u?|perish3\n|-start|p1a: Altaria|perish3\n|upkeep\n|turn|34\n|\n|t:|1700965285\n|move|p2a: This u?|Fire Spin|p1a: Altaria|[miss]\n|-miss|p2a: This u?|p1a: Altaria\n|move|p1a: Altaria|Fire Spin|p2a: This u?\n|-resisted|p2a: This u?\n|-damage|p2a: This u?|48\/100\n|\n|-damage|p2a: This u?|36\/100|[from] move: Fire Spin|[partiallytrapped]\n|-start|p2a: This u?|perish2\n|-start|p1a: Altaria|perish2\n|upkeep\n|turn|35\n|\n|t:|1700965294\n|move|p2a: This u?|Fire Spin|p1a: Altaria\n|-resisted|p1a: Altaria\n|-damage|p1a: Altaria|97\/100\n|-activate|p1a: Altaria|move: Fire Spin|[of] p2a: This u?\n|move|p1a: Altaria|Fire Spin|p2a: This u?\n|-resisted|p2a: This u?\n|-damage|p2a: This u?|31\/100\n|\n|-damage|p2a: This u?|18\/100|[from] move: Fire Spin|[partiallytrapped]\n|-damage|p1a: Altaria|84\/100|[from] move: Fire Spin|[partiallytrapped]\n|-start|p2a: This u?|perish1\n|-start|p1a: Altaria|perish1\n|upkeep\n|turn|36\n|\n|t:|1700965306\n|move|p2a: This u?|Fire Spin|p1a: Altaria\n|-resisted|p1a: Altaria\n|-damage|p1a: Altaria|81\/100\n|move|p1a: Altaria|Fire Spin|p2a: This u?\n|-resisted|p2a: This u?\n|-damage|p2a: This u?|14\/100\n|\n|-end|p2a: This u?|Fire Spin|[partiallytrapped]\n|-damage|p1a: Altaria|68\/100|[from] move: Fire Spin|[partiallytrapped]\n|-start|p2a: This u?|perish0\n|-start|p1a: Altaria|perish0\n|upkeep\n|faint|p2a: This u?\n|faint|p1a: Altaria\n|c|\u2606dicexdxd|we are fckd here pal\n|\n|t:|1700965321\n|switch|p1a: Ninetales|Ninetales-Alola, F|100\/100\n|switch|p2a: Kroko|Krookodile, M, tera:Steel|90\/100 par\n|-weather|Snow|[from] ability: Snow Warning|[of] p1a: Ninetales\n|-ability|p2a: Kroko|Intimidate|boost\n|-unboost|p1a: Ninetales|atk|1\n|turn|37\n|\n|t:|1700965329\n|move|p1a: Ninetales|Aurora Veil|p1a: Ninetales\n|-sidestart|p1: dicexdxd|move: Aurora Veil\n|move|p2a: Kroko|Tera Blast|p1a: Ninetales|[anim] Tera Blast Steel\n|-supereffective|p1a: Ninetales\n|-damage|p1a: Ninetales|6\/100\n|\n|-weather|Snow|[upkeep]\n|-heal|p2a: Kroko|96\/100 par|[from] item: Leftovers\n|upkeep\n|turn|38\n|\n|t:|1700965336\n|switch|p1a: Alomomola|Alomomola, F|81\/100\n|move|p2a: Kroko|Tera Blast|p1a: Alomomola|[anim] Tera Blast Steel\n|-resisted|p1a: Alomomola\n|-damage|p1a: Alomomola|75\/100\n|\n|-weather|Snow|[upkeep]\n|-heal|p2a: Kroko|100\/100 par|[from] item: Leftovers\n|upkeep\n|turn|39\n|\n|t:|1700965347\n|move|p1a: Alomomola|Wish|p1a: Alomomola\n|move|p2a: Kroko|Earthquake|p1a: Alomomola\n|-damage|p1a: Alomomola|62\/100\n|\n|-weather|Snow|[upkeep]\n|upkeep\n|turn|40\n|\n|t:|1700965357\n|move|p1a: Alomomola|Flip Turn|p2a: Kroko\n|-damage|p2a: Kroko|84\/100 par\n|\n|t:|1700965360\n|switch|p1a: Corviknight|Corviknight, F|100\/100|[from] Flip Turn\n|cant|p2a: Kroko|par\n|\n|-weather|Snow|[upkeep]\n|-heal|p2a: Kroko|90\/100 par|[from] item: Leftovers\n|upkeep\n|turn|41\n|\n|t:|1700965383\n|switch|p2a: Eye Sword|Aegislash, M|2\/100\n|move|p1a: Corviknight|Iron Defense|p1a: Corviknight\n|-boost|p1a: Corviknight|def|2\n|\n|-weather|none\n|upkeep\n|turn|42\n|\n|t:|1700965393\n|switch|p1a: Alomomola|Alomomola, F|95\/100\n|move|p2a: Eye Sword|Swords Dance|p2a: Eye Sword\n|-boost|p2a: Eye Sword|atk|2\n|\n|upkeep\n|turn|43\n|\n|t:|1700965404\n|move|p2a: Eye Sword|King's Shield|p2a: Eye Sword\n|-singleturn|p2a: Eye Sword|Protect\n|move|p1a: Alomomola|Flip Turn|p2a: Eye Sword\n|-activate|p2a: Eye Sword|move: Protect\n|-unboost|p1a: Alomomola|atk|1\n|\n|upkeep\n|turn|44\n|\n|t:|1700965430\n|switch|p2a: Courtesy Call|Audino, F|100\/100 par\n|move|p1a: Alomomola|Flip Turn|p2a: Courtesy Call\n|-damage|p2a: Courtesy Call|90\/100 par\n|\n|t:|1700965433\n|switch|p1a: Garganacl|Garganacl, M, tera:Ghost|46\/100|[from] Flip Turn\n|\n|-heal|p1a: Garganacl|52\/100|[from] item: Leftovers\n|-heal|p2a: Courtesy Call|96\/100 par|[from] item: Leftovers\n|-sideend|p1: dicexdxd|move: Aurora Veil\n|upkeep\n|turn|45\n|\n|t:|1700965449\n|move|p1a: Garganacl|Salt Cure|p2a: Courtesy Call\n|-damage|p2a: Courtesy Call|83\/100 par\n|-start|p2a: Courtesy Call|Salt Cure\n|move|p2a: Courtesy Call|Light Screen|p2a: Courtesy Call\n|-sidestart|p2: GlaDosDOs|move: Light Screen\n|\n|-heal|p1a: Garganacl|58\/100|[from] item: Leftovers\n|-heal|p2a: Courtesy Call|89\/100 par|[from] item: Leftovers\n|-damage|p2a: Courtesy Call|77\/100 par|[from] Salt Cure\n|upkeep\n|turn|46\n|\n|t:|1700965460\n|move|p1a: Garganacl|Salt Cure|p2a: Courtesy Call\n|-damage|p2a: Courtesy Call|64\/100 par\n|cant|p2a: Courtesy Call|par\n|\n|-heal|p1a: Garganacl|64\/100|[from] item: Leftovers\n|-heal|p2a: Courtesy Call|70\/100 par|[from] item: Leftovers\n|-damage|p2a: Courtesy Call|58\/100 par|[from] Salt Cure\n|upkeep\n|turn|47\n|\n|t:|1700965471\n|move|p1a: Garganacl|Body Press|p2a: Courtesy Call\n|-supereffective|p2a: Courtesy Call\n|-damage|p2a: Courtesy Call|14\/100 par\n|move|p2a: Courtesy Call|Yawn|p1a: Garganacl\n|-immune|p1a: Garganacl|[from] ability: Purifying Salt\n|\n|-heal|p1a: Garganacl|70\/100|[from] item: Leftovers\n|-heal|p2a: Courtesy Call|20\/100 par|[from] item: Leftovers\n|-damage|p2a: Courtesy Call|8\/100 par|[from] Salt Cure\n|upkeep\n|turn|48\n|-message|GlaDosDOs forfeited.\n|\n|win|dicexdxd\n|raw|dicexdxd's rating: 1108 &rarr; <strong>1125<\/strong><br \/>(+17 for winning)\n|raw|GlaDosDOs's rating: 1000 &rarr; <strong>1000<\/strong><br \/>(+0 for losing)\n|l|\u2606GlaDosDOs\n|l|\u2606dicexdxd\n|j|\u2606GlaDosDOs\n|player|p2|GlaDosDOs|cheren-gen5bw2\n","uploadtime":1700965667,"views":1,"p1id":"dicexdxd","p2id":"gladosdos","formatid":"gen9nationaldex","rating":1000,"private":0,"password":""}