{"id":"gen9nationaldex-1988449143","p1":"FossGz","p2":"DiosPanzer","format":"[Gen 9] National Dex","log":"|j|\u2606FossGz\n|j|\u2606DiosPanzer\n|t:|1699724124\n|gametype|singles\n|player|p1|FossGz|swimmer-gen4dp|1004\n|player|p2|DiosPanzer|102|1000\n|teamsize|p1|6\n|teamsize|p2|6\n|gen|9\n|tier|[Gen 9] National Dex\n|rated|\n|rule|HP Percentage Mod: HP is shown in percentages\n|rule|Endless Battle Clause: Forcing endless battles is banned\n|rule|OHKO Clause: OHKO moves are banned\n|rule|Evasion Clause: Evasion abilities, items, and moves are banned\n|rule|Evasion Abilities Clause: Evasion abilities are banned\n|rule|Evasion Items Clause: Evasion items are banned\n|rule|Evasion Moves Clause: Evasion moves are banned\n|rule|Species Clause: Limit one of each Pok\u00e9mon\n|rule|Sleep Clause Mod: Limit one foe put to sleep\n|clearpoke\n|poke|p1|Mamoswine, F|\n|poke|p1|Ninetales-Alola, M|\n|poke|p1|Frosmoth, F|\n|poke|p1|Keldeo-Resolute|\n|poke|p1|Arctozolt|\n|poke|p1|Abomasnow, F|\n|poke|p2|Clodsire, M|\n|poke|p2|Lopunny, M|\n|poke|p2|Skeledirge, M|\n|poke|p2|Aegislash, M|\n|poke|p2|Toxapex, M|\n|poke|p2|Jirachi|\n|teampreview\n|c|\u2606FossGz|uwu\n|c|\u2606DiosPanzer|GL HF\n|\n|t:|1699724143\n|start\n|switch|p1a: todasputas|Ninetales-Alola, M|100\/100\n|switch|p2a: Clodsire|Clodsire, M|100\/100\n|-weather|Snow|[from] ability: Snow Warning|[of] p1a: todasputas\n|turn|1\n|\n|t:|1699724156\n|move|p1a: todasputas|Aurora Veil|p1a: todasputas\n|-sidestart|p1: FossGz|move: Aurora Veil\n|move|p2a: Clodsire|Stealth Rock|p1a: todasputas\n|-sidestart|p1: FossGz|move: Stealth Rock\n|\n|-weather|Snow|[upkeep]\n|upkeep\n|turn|2\n|c|\u2606FossGz|uwu\n|\n|t:|1699724170\n|switch|p1a: Arctozolt|Arctozolt|100\/100\n|move|p2a: Clodsire|Toxic|p1a: Arctozolt\n|-status|p1a: Arctozolt|tox\n|\n|-weather|Snow|[upkeep]\n|-damage|p1a: Arctozolt|94\/100 tox|[from] psn\n|upkeep\n|turn|3\n|\n|t:|1699724182\n|move|p1a: Arctozolt|Blizzard|p2a: Clodsire\n|-supereffective|p2a: Clodsire\n|-crit|p2a: Clodsire\n|-damage|p2a: Clodsire|42\/100\n|move|p2a: Clodsire|Earthquake|p1a: Arctozolt\n|-supereffective|p1a: Arctozolt\n|-damage|p1a: Arctozolt|72\/100 tox\n|\n|-weather|Snow|[upkeep]\n|-heal|p2a: Clodsire|48\/100|[from] item: Leftovers\n|-damage|p1a: Arctozolt|59\/100 tox|[from] psn\n|upkeep\n|turn|4\n|\n|t:|1699724194\n|move|p1a: Arctozolt|Blizzard|p2a: Clodsire\n|-supereffective|p2a: Clodsire\n|-damage|p2a: Clodsire|11\/100\n|move|p2a: Clodsire|Earthquake|p1a: Arctozolt\n|-supereffective|p1a: Arctozolt\n|-damage|p1a: Arctozolt|36\/100 tox\n|\n|-weather|Snow|[upkeep]\n|-heal|p2a: Clodsire|17\/100|[from] item: Leftovers\n|-damage|p1a: Arctozolt|17\/100 tox|[from] psn\n|upkeep\n|turn|5\n|\n|t:|1699724213\n|switch|p2a: Skeledirge|Skeledirge, M|100\/100\n|move|p1a: Arctozolt|Blizzard|p2a: Skeledirge\n|-resisted|p2a: Skeledirge\n|-damage|p2a: Skeledirge|87\/100\n|\n|-weather|none\n|-heal|p2a: Skeledirge|93\/100|[from] item: Leftovers\n|-damage|p1a: Arctozolt|0 fnt|[from] psn\n|faint|p1a: Arctozolt\n|upkeep\n|\n|t:|1699724229\n|switch|p1a: mamo|Mamoswine, F|100\/100\n|-damage|p1a: mamo|88\/100|[from] Stealth Rock\n|turn|6\n|\n|t:|1699724240\n|move|p1a: mamo|Earthquake|p2a: Skeledirge\n|-supereffective|p2a: Skeledirge\n|-damage|p2a: Skeledirge|3\/100\n|move|p2a: Skeledirge|Torch Song|p1a: mamo\n|-supereffective|p1a: mamo\n|-damage|p1a: mamo|66\/100\n|-boost|p2a: Skeledirge|spa|1\n|-enditem|p1a: mamo|Weakness Policy\n|-boost|p1a: mamo|atk|2|[from] item: Weakness Policy\n|-boost|p1a: mamo|spa|2|[from] item: Weakness Policy\n|\n|-heal|p2a: Skeledirge|9\/100|[from] item: Leftovers\n|upkeep\n|turn|7\n|\n|t:|1699724253\n|move|p1a: mamo|Earthquake|p2a: Skeledirge\n|-supereffective|p2a: Skeledirge\n|-damage|p2a: Skeledirge|0 fnt\n|faint|p2a: Skeledirge\n|\n|upkeep\n|\n|t:|1699724257\n|switch|p2a: Lopunny|Lopunny, M, shiny|100\/100\n|turn|8\n|c|\u2606DiosPanzer|Waos\n|c|\u2606DiosPanzer|Me papean\n|\n|t:|1699724284\n|detailschange|p2a: Lopunny|Lopunny-Mega, M, shiny\n|-mega|p2a: Lopunny|Lopunny|Lopunnite\n|move|p2a: Lopunny|Fake Out|p1a: mamo\n|-damage|p1a: mamo|53\/100\n|cant|p1a: mamo|flinch\n|\n|-sideend|p1: FossGz|move: Aurora Veil\n|upkeep\n|turn|9\n|l|\u2606FossGz\n|player|p1|\n|j|\u2606FossGz\n|player|p1|FossGz|swimmer-gen4dp\n|inactive|Battle timer is ON: inactive players will automatically lose when time's up. (requested by DiosPanzer)\n|inactive|FossGz has 120 seconds left.\n|\n|t:|1699724366\n|move|p1a: mamo|Ice Shard|p2a: Lopunny\n|-damage|p2a: Lopunny|43\/100\n|move|p2a: Lopunny|Close Combat|p1a: mamo\n|-supereffective|p1a: mamo\n|-damage|p1a: mamo|0 fnt\n|-unboost|p2a: Lopunny|def|1\n|-unboost|p2a: Lopunny|spd|1\n|faint|p1a: mamo\n|\n|upkeep\n|\n|t:|1699724376\n|switch|p1a: todasputas|Ninetales-Alola, M|100\/100\n|-damage|p1a: todasputas|76\/100|[from] Stealth Rock\n|-weather|Snow|[from] ability: Snow Warning|[of] p1a: todasputas\n|turn|10\n|\n|t:|1699724382\n|switch|p2a: Aegislash|Aegislash, M, shiny|100\/100\n|move|p1a: todasputas|Aurora Veil|p1a: todasputas\n|-sidestart|p1: FossGz|move: Aurora Veil\n|\n|-weather|Snow|[upkeep]\n|upkeep\n|turn|11\n|\n|t:|1699724390\n|switch|p1a: revientaanos2000|Frosmoth, F, shiny|100\/100\n|-damage|p1a: revientaanos2000|50\/100|[from] Stealth Rock\n|move|p2a: Aegislash|Swords Dance|p2a: Aegislash\n|-boost|p2a: Aegislash|atk|2\n|\n|-weather|Snow|[upkeep]\n|upkeep\n|turn|12\n|\n|t:|1699724406\n|-terastallize|p1a: revientaanos2000|Ground\n|move|p1a: revientaanos2000|Reflect|p1a: revientaanos2000\n|-sidestart|p1: FossGz|Reflect\n|-formechange|p2a: Aegislash|Aegislash-Blade||[from] ability: Stance Change\n|move|p2a: Aegislash|Iron Head|p1a: revientaanos2000\n|-damage|p1a: revientaanos2000|0 fnt\n|faint|p1a: revientaanos2000\n|\n|-weather|Snow|[upkeep]\n|upkeep\n|\n|t:|1699724415\n|switch|p1a: Keldeo|Keldeo-Resolute|100\/100\n|-damage|p1a: Keldeo|94\/100|[from] Stealth Rock\n|turn|13\n|\n|t:|1699724421\n|-formechange|p2a: Aegislash|Aegislash||[from] ability: Stance Change\n|move|p2a: Aegislash|King's Shield|p2a: Aegislash\n|-singleturn|p2a: Aegislash|Protect\n|move|p1a: Keldeo|Hydro Pump|p2a: Aegislash\n|-activate|p2a: Aegislash|move: Protect\n|\n|-weather|Snow|[upkeep]\n|upkeep\n|turn|14\n|\n|t:|1699724429\n|switch|p2a: Toxapex|Toxapex, M|100\/100\n|move|p1a: Keldeo|Hydro Pump|p2a: Toxapex|[miss]\n|-miss|p1a: Keldeo|p2a: Toxapex\n|\n|-weather|none\n|upkeep\n|turn|15\n|-message|FossGz forfeited.\n|\n|win|DiosPanzer\n|raw|FossGz's rating: 1004 &rarr; <strong>1000<\/strong><br \/>(-4 for losing)\n|raw|DiosPanzer's rating: 1000 &rarr; <strong>1040<\/strong><br \/>(+40 for winning)\n|l|\u2606FossGz\n","uploadtime":1699724453,"views":14,"p1id":"fossgz","p2id":"diospanzer","formatid":"gen9nationaldex","rating":1000,"private":0,"password":""}