{"id":"gen9nationaldex-1991004284","p1":"Kuzwa","p2":"hansord","format":"[Gen 9] National Dex","log":"|j|\u2606Kuzwa\n|j|\u2606hansord\n|t:|1700026431\n|gametype|singles\n|player|p1|Kuzwa|parasollady|1315\n|player|p2|hansord|guitarist|1281\n|teamsize|p1|6\n|teamsize|p2|6\n|gen|9\n|tier|[Gen 9] National Dex\n|rated|\n|rule|HP Percentage Mod: HP is shown in percentages\n|rule|Endless Battle Clause: Forcing endless battles is banned\n|rule|OHKO Clause: OHKO moves are banned\n|rule|Evasion Clause: Evasion abilities, items, and moves are banned\n|rule|Evasion Abilities Clause: Evasion abilities are banned\n|rule|Evasion Items Clause: Evasion items are banned\n|rule|Evasion Moves Clause: Evasion moves are banned\n|rule|Species Clause: Limit one of each Pok\u00e9mon\n|rule|Sleep Clause Mod: Limit one foe put to sleep\n|clearpoke\n|poke|p1|Kartana|\n|poke|p1|Weavile, M|\n|poke|p1|Ogerpon-Wellspring, F|\n|poke|p1|Zeraora|\n|poke|p1|Glimmora, M|\n|poke|p1|Urshifu-*, M|\n|poke|p2|Garganacl, F|\n|poke|p2|Toxapex, F|\n|poke|p2|Heatran, F|\n|poke|p2|Rotom-Wash|\n|poke|p2|Gliscor, F|\n|poke|p2|Banette, F|\n|teampreview\n|\n|t:|1700026443\n|start\n|switch|p1a: Junpei Iori|Weavile, M, shiny|100\/100\n|switch|p2a: Banette|Banette, F|100\/100\n|-item|p1a: Junpei Iori|Focus Sash|[from] ability: Frisk|[of] p2a: Banette|[identify]\n|turn|1\n|\n|t:|1700026457\n|switch|p2a: Toxapex|Toxapex, F|100\/100\n|move|p1a: Junpei Iori|Knock Off|p2a: Toxapex\n|-damage|p2a: Toxapex|71\/100\n|-enditem|p2a: Toxapex|Black Sludge|[from] move: Knock Off|[of] p1a: Junpei Iori\n|\n|upkeep\n|turn|2\n|\n|t:|1700026464\n|move|p1a: Junpei Iori|Swords Dance|p1a: Junpei Iori\n|-boost|p1a: Junpei Iori|atk|2\n|move|p2a: Toxapex|Toxic|p1a: Junpei Iori\n|-status|p1a: Junpei Iori|tox\n|\n|-damage|p1a: Junpei Iori|94\/100 tox|[from] psn\n|upkeep\n|turn|3\n|\n|t:|1700026470\n|move|p1a: Junpei Iori|Swords Dance|p1a: Junpei Iori\n|-boost|p1a: Junpei Iori|atk|2\n|move|p2a: Toxapex|Haze|p2a: Toxapex\n|-clearallboost\n|\n|-damage|p1a: Junpei Iori|82\/100 tox|[from] psn\n|upkeep\n|turn|4\n|\n|t:|1700026478\n|move|p1a: Junpei Iori|Swords Dance|p1a: Junpei Iori\n|-boost|p1a: Junpei Iori|atk|2\n|move|p2a: Toxapex|Knock Off|p1a: Junpei Iori\n|-resisted|p1a: Junpei Iori\n|-damage|p1a: Junpei Iori|71\/100 tox\n|-enditem|p1a: Junpei Iori|Focus Sash|[from] move: Knock Off|[of] p2a: Toxapex\n|\n|-damage|p1a: Junpei Iori|52\/100 tox|[from] psn\n|upkeep\n|turn|5\n|\n|t:|1700026487\n|move|p1a: Junpei Iori|Psycho Cut|p2a: Toxapex\n|-supereffective|p2a: Toxapex\n|-crit|p2a: Toxapex\n|-damage|p2a: Toxapex|0 fnt\n|faint|p2a: Toxapex\n|\n|-damage|p1a: Junpei Iori|28\/100 tox|[from] psn\n|upkeep\n|\n|t:|1700026493\n|switch|p2a: Heatran|Heatran, F|100\/100\n|turn|6\n|\n|t:|1700026496\n|move|p2a: Heatran|Protect|p2a: Heatran\n|-singleturn|p2a: Heatran|Protect\n|move|p1a: Junpei Iori|Knock Off|p2a: Heatran\n|-activate|p2a: Heatran|move: Protect\n|\n|-damage|p1a: Junpei Iori|0 fnt|[from] psn\n|faint|p1a: Junpei Iori\n|upkeep\n|\n|t:|1700026499\n|switch|p1a: thing|Glimmora, M|100\/100\n|-item|p1a: thing|Air Balloon\n|turn|7\n|\n|t:|1700026506\n|move|p1a: thing|Earth Power|p2a: Heatran\n|-supereffective|p2a: Heatran\n|-damage|p2a: Heatran|0 fnt\n|faint|p2a: Heatran\n|\n|upkeep\n|-message|hansord forfeited.\n|\n|win|Kuzwa\n|raw|Kuzwa's rating: 1315 &rarr; <strong>1333<\/strong><br \/>(+18 for winning)\n|raw|hansord's rating: 1281 &rarr; <strong>1258<\/strong><br \/>(-23 for losing)\n|l|\u2606hansord\n","uploadtime":1700026514,"views":4,"p1id":"kuzwa","p2id":"hansord","formatid":"gen9nationaldex","rating":1258,"private":0,"password":""}