{"id":"gen9nationaldex-1998454596","p1":"Gallade Maid","p2":"weirdnomad","format":"[Gen 9] National Dex","log":"|html|<div class=\"broadcast-blue\"><strong>[Gen 9] National Dex is currently suspecting Sneasler! For information on how to participate check out the <a href=\"https:\/\/www.smogon.com\/forums\/threads\/sv-national-dex-suspect-8-just-dance.3731534\/\">suspect thread<\/a>.<\/strong><\/div>\n|j|\u2606Gallade Maid\n|j|\u203dweirdnomad\n|t:|1700944155\n|gametype|singles\n|player|p1|Gallade Maid|waitress|1443\n|player|p2|weirdnomad|hiker-gen4|1438\n|teamsize|p1|6\n|teamsize|p2|6\n|gen|9\n|tier|[Gen 9] National Dex\n|rated|\n|rule|HP Percentage Mod: HP is shown in percentages\n|rule|Endless Battle Clause: Forcing endless battles is banned\n|rule|OHKO Clause: OHKO moves are banned\n|rule|Evasion Clause: Evasion abilities, items, and moves are banned\n|rule|Evasion Abilities Clause: Evasion abilities are banned\n|rule|Evasion Items Clause: Evasion items are banned\n|rule|Evasion Moves Clause: Evasion moves are banned\n|rule|Species Clause: Limit one of each Pok\u00e9mon\n|rule|Sleep Clause Mod: Limit one foe put to sleep\n|clearpoke\n|poke|p1|Indeedee, M|\n|poke|p1|Sneasler, M|\n|poke|p1|Polteageist|\n|poke|p1|Hatterene, F|\n|poke|p1|Great Tusk|\n|poke|p1|Armarouge, F|\n|poke|p2|Corviknight, M|\n|poke|p2|Mamoswine, M|\n|poke|p2|Azumarill, F|\n|poke|p2|Gengar, M|\n|poke|p2|Blaziken, M|\n|poke|p2|Hydreigon, F|\n|teampreview\n|inactive|Battle timer is ON: inactive players will automatically lose when time's up. (requested by Gallade Maid)\n|\n|t:|1700944173\n|start\n|switch|p1a: Indeedee|Indeedee, M|100\/100\n|switch|p2a: Gengar|Gengar, M|100\/100\n|-fieldstart|move: Psychic Terrain|[from] ability: Psychic Surge|[of] p1a: Indeedee\n|turn|1\n|\n|t:|1700944183\n|switch|p2a: Hydreigon|Hydreigon, F, shiny|100\/100\n|switch|p1a: Hatterene|Hatterene, F|100\/100\n|\n|upkeep\n|turn|2\n|\n|t:|1700944192\n|move|p2a: Hydreigon|U-turn|p1a: Hatterene\n|-damage|p1a: Hatterene|86\/100\n|-enditem|p1a: Hatterene|Eject Button\n|\n|t:|1700944200\n|switch|p1a: Sneasler|Sneasler, M|100\/100\n|-enditem|p1a: Sneasler|Psychic Seed\n|-boost|p1a: Sneasler|spd|1|[from] item: Psychic Seed\n|\n|upkeep\n|turn|3\n|\n|t:|1700944207\n|switch|p2a: Corviknight|Corviknight, M, shiny|100\/100\n|-ability|p2a: Corviknight|Pressure\n|move|p1a: Sneasler|Swords Dance|p1a: Sneasler\n|-boost|p1a: Sneasler|atk|2\n|\n|upkeep\n|turn|4\n|\n|t:|1700944214\n|move|p1a: Sneasler|Close Combat|p2a: Corviknight\n|-damage|p2a: Corviknight|24\/100\n|-unboost|p1a: Sneasler|def|1\n|-unboost|p1a: Sneasler|spd|1\n|-damage|p1a: Sneasler|84\/100|[from] item: Rocky Helmet|[of] p2a: Corviknight\n|move|p2a: Corviknight|Brave Bird|p1a: Sneasler\n|-supereffective|p1a: Sneasler\n|-damage|p1a: Sneasler|0 fnt\n|faint|p1a: Sneasler\n|-damage|p2a: Corviknight|4\/100|[from] Recoil\n|\n|upkeep\n|\n|t:|1700944220\n|switch|p1a: Great Tusk|Great Tusk|100\/100\n|turn|5\n|\n|t:|1700944229\n|move|p1a: Great Tusk|Rapid Spin|p2a: Corviknight\n|-resisted|p2a: Corviknight\n|-damage|p2a: Corviknight|0 fnt\n|-boost|p1a: Great Tusk|spe|1\n|-damage|p1a: Great Tusk|84\/100|[from] item: Rocky Helmet|[of] p2a: Corviknight\n|faint|p2a: Corviknight\n|\n|upkeep\n|\n|t:|1700944236\n|switch|p2a: Azumarill|Azumarill, F|100\/100\n|turn|6\n|\n|t:|1700944242\n|move|p1a: Great Tusk|Headlong Rush|p2a: Azumarill\n|-damage|p2a: Azumarill|41\/100\n|-unboost|p1a: Great Tusk|def|1\n|-unboost|p1a: Great Tusk|spd|1\n|-enditem|p1a: Great Tusk|Eject Pack\n|\n|t:|1700944244\n|-end|p1a: Great Tusk|Protosynthesis|[silent]\n|switch|p1a: Armarouge|Armarouge, F|100\/100\n|move|p2a: Azumarill|Liquidation|p1a: Armarouge\n|-supereffective|p1a: Armarouge\n|-enditem|p1a: Armarouge|Focus Sash\n|-damage|p1a: Armarouge|1\/100\n|-ability|p1a: Armarouge|Weak Armor|boost\n|-unboost|p1a: Armarouge|def|1\n|-boost|p1a: Armarouge|spe|2\n|\n|upkeep\n|turn|7\n|\n|t:|1700944262\n|switch|p2a: Hydreigon|Hydreigon, F, shiny|100\/100\n|move|p1a: Armarouge|Expanding Force|p2a: Hydreigon\n|-immune|p2a: Hydreigon\n|\n|upkeep\n|turn|8\n|\n|t:|1700944271\n|move|p1a: Armarouge|Destiny Bond|p1a: Armarouge\n|-singlemove|p1a: Armarouge|Destiny Bond\n|move|p2a: Hydreigon|U-turn|p1a: Armarouge\n|-damage|p1a: Armarouge|0 fnt\n|faint|p1a: Armarouge\n|-activate|p1a: Armarouge|move: Destiny Bond\n|faint|p2a: Hydreigon\n|\n|-fieldend|move: Psychic Terrain\n|upkeep\n|\n|t:|1700944287\n|switch|p1a: Indeedee|Indeedee, M|100\/100\n|switch|p2a: Mamoswine|Mamoswine, M|100\/100\n|-fieldstart|move: Psychic Terrain|[from] ability: Psychic Surge|[of] p1a: Indeedee\n|turn|9\n|\n|t:|1700944294\n|switch|p1a: Great Tusk|Great Tusk|84\/100\n|move|p2a: Mamoswine|Knock Off|p1a: Great Tusk\n|-resisted|p1a: Great Tusk\n|-damage|p1a: Great Tusk|75\/100\n|\n|upkeep\n|turn|10\n|l|\u2606Gallade Maid\n|inactive|Gallade Maid disconnected and has a minute to reconnect!\n|player|p1|\n|j|\u2606Gallade Maid\n|inactive|Gallade Maid reconnected and has 120 seconds left.\n|player|p1|Gallade Maid|waitress\n|\n|t:|1700944328\n|switch|p2a: Gengar|Gengar, M|100\/100\n|move|p1a: Great Tusk|Close Combat|p2a: Gengar\n|-immune|p2a: Gengar\n|\n|upkeep\n|turn|11\n|\n|t:|1700944336\n|move|p2a: Gengar|Psychic|p1a: Great Tusk\n|-supereffective|p1a: Great Tusk\n|-damage|p1a: Great Tusk|0 fnt\n|faint|p1a: Great Tusk\n|-end|p1a: Great Tusk|Protosynthesis|[silent]\n|\n|upkeep\n|\n|t:|1700944345\n|switch|p1a: Hatterene|Hatterene, F|86\/100\n|turn|12\n|\n|t:|1700944355\n|switch|p2a: Azumarill|Azumarill, F|41\/100\n|move|p1a: Hatterene|Nuzzle|p2a: Azumarill\n|-supereffective|p2a: Azumarill\n|-damage|p2a: Azumarill|32\/100\n|-status|p2a: Azumarill|par\n|\n|upkeep\n|turn|13\n|\n|t:|1700944364\n|cant|p2a: Azumarill|par\n|move|p1a: Hatterene|Expanding Force|p2a: Azumarill\n|-damage|p2a: Azumarill|0 fnt\n|faint|p2a: Azumarill\n|\n|upkeep\n|\n|t:|1700944379\n|switch|p2a: Blaziken|Blaziken, M|100\/100\n|turn|14\n|\n|t:|1700944382\n|move|p2a: Blaziken|Protect|p2a: Blaziken\n|-singleturn|p2a: Blaziken|Protect\n|move|p1a: Hatterene|Calm Mind|p1a: Hatterene\n|-boost|p1a: Hatterene|spa|1\n|-boost|p1a: Hatterene|spd|1\n|\n|-ability|p2a: Blaziken|Speed Boost|boost\n|-boost|p2a: Blaziken|spe|1\n|upkeep\n|turn|15\n|\n|t:|1700944392\n|move|p2a: Blaziken|Flare Blitz|p1a: Hatterene\n|-damage|p1a: Hatterene|40\/100\n|-damage|p2a: Blaziken|84\/100|[from] Recoil\n|move|p1a: Hatterene|Expanding Force|p2a: Blaziken\n|-supereffective|p2a: Blaziken\n|-damage|p2a: Blaziken|0 fnt\n|faint|p2a: Blaziken\n|\n|upkeep\n|\n|t:|1700944403\n|switch|p2a: Mamoswine|Mamoswine, M|100\/100\n|turn|16\n|inactive|Gallade Maid has 120 seconds left.\n|\n|t:|1700944441\n|move|p2a: Mamoswine|Heavy Slam|p1a: Hatterene\n|-supereffective|p1a: Hatterene\n|-damage|p1a: Hatterene|0 fnt\n|faint|p1a: Hatterene\n|\n|-fieldend|move: Psychic Terrain\n|upkeep\n|\n|t:|1700944443\n|switch|p1a: Indeedee|Indeedee, M|100\/100\n|-fieldstart|move: Psychic Terrain|[from] ability: Psychic Surge|[of] p1a: Indeedee\n|turn|17\n|\n|t:|1700944461\n|-terastallize|p2a: Mamoswine|Steel\n|move|p1a: Indeedee|Expanding Force|p2a: Mamoswine\n|-resisted|p2a: Mamoswine\n|-damage|p2a: Mamoswine|74\/100\n|move|p2a: Mamoswine|Heavy Slam|p1a: Indeedee\n|-damage|p1a: Indeedee|0 fnt\n|faint|p1a: Indeedee\n|\n|upkeep\n|\n|t:|1700944465\n|switch|p1a: Polteageist|Polteageist|100\/100\n|turn|18\n|\n|t:|1700944480\n|move|p1a: Polteageist|Shell Smash|p1a: Polteageist\n|-unboost|p1a: Polteageist|def|1\n|-unboost|p1a: Polteageist|spd|1\n|-boost|p1a: Polteageist|atk|2\n|-boost|p1a: Polteageist|spa|2\n|-boost|p1a: Polteageist|spe|2\n|move|p2a: Mamoswine|Knock Off|p1a: Polteageist\n|-supereffective|p1a: Polteageist\n|-enditem|p1a: Polteageist|Focus Sash\n|-damage|p1a: Polteageist|1\/100\n|-ability|p1a: Polteageist|Weak Armor|boost\n|-unboost|p1a: Polteageist|def|1\n|-boost|p1a: Polteageist|spe|2\n|\n|upkeep\n|turn|19\n|\n|t:|1700944496\n|move|p1a: Polteageist|Shadow Ball|p2a: Mamoswine\n|-damage|p2a: Mamoswine|16\/100\n|move|p2a: Mamoswine|Heavy Slam|p1a: Polteageist\n|-damage|p1a: Polteageist|0 fnt\n|faint|p1a: Polteageist\n|\n|win|weirdnomad\n|raw|Gallade Maid's rating: 1443 &rarr; <strong>1423<\/strong><br \/>(-20 for losing)\n|raw|weirdnomad's rating: 1438 &rarr; <strong>1458<\/strong><br \/>(+20 for winning)\n|c|\u2606Gallade Maid|Chinese Mamo?\n|c|\u2606Gallade Maid|Based tbh\n|c|\u2606Gallade Maid|GG\n|l|\u2606Gallade Maid\n","uploadtime":1700944539,"views":4,"p1id":"gallademaid","p2id":"weirdnomad","formatid":"gen9nationaldex","rating":1423,"private":0,"password":""}