{"id":"gen9nationaldex-1992977640","p1":"Grosel","p2":"testing a funni3","format":"[Gen 9] National Dex","log":"|j|\u2606Grosel\n|j|\u2606testing a funni3\n|t:|1700252086\n|gametype|singles\n|player|p1|Grosel|drayden|1489\n|player|p2|testing a funni3|unknownf|1489\n|teamsize|p1|6\n|teamsize|p2|6\n|gen|9\n|tier|[Gen 9] National Dex\n|rated|\n|rule|HP Percentage Mod: HP is shown in percentages\n|rule|Endless Battle Clause: Forcing endless battles is banned\n|rule|OHKO Clause: OHKO moves are banned\n|rule|Evasion Clause: Evasion abilities, items, and moves are banned\n|rule|Evasion Abilities Clause: Evasion abilities are banned\n|rule|Evasion Items Clause: Evasion items are banned\n|rule|Evasion Moves Clause: Evasion moves are banned\n|rule|Species Clause: Limit one of each Pok\u00e9mon\n|rule|Sleep Clause Mod: Limit one foe put to sleep\n|clearpoke\n|poke|p1|Pelipper, F|\n|poke|p1|Zapdos|\n|poke|p1|Swampert, F|\n|poke|p1|Barraskewda, M|\n|poke|p1|Kartana|\n|poke|p1|Ferrothorn, F|\n|poke|p2|Latios, M|\n|poke|p2|Buzzwole|\n|poke|p2|Gliscor, M|\n|poke|p2|Weavile, F|\n|poke|p2|Heatran, F|\n|poke|p2|Ogerpon-Wellspring, F|\n|teampreview\n|inactive|Battle timer is ON: inactive players will automatically lose when time's up. (requested by Grosel)\n|\n|t:|1700252095\n|start\n|switch|p1a: Pelipper|Pelipper, F|100\/100\n|switch|p2a: Weavile|Weavile, F|100\/100\n|-ability|p2a: Weavile|Pressure\n|-weather|RainDance|[from] ability: Drizzle|[of] p1a: Pelipper\n|turn|1\n|\n|t:|1700252101\n|move|p2a: Weavile|Triple Axel|p1a: Pelipper\n|-damage|p1a: Pelipper|88\/100\n|-damage|p1a: Pelipper|67\/100\n|-damage|p1a: Pelipper|32\/100\n|-hitcount|p1a: Pelipper|3\n|move|p1a: Pelipper|U-turn|p2a: Weavile\n|-supereffective|p2a: Weavile\n|-damage|p2a: Weavile|73\/100\n|\n|t:|1700252112\n|switch|p1a: Barraskewda|Barraskewda, M|100\/100|[from] U-turn\n|\n|-weather|RainDance|[upkeep]\n|upkeep\n|turn|2\n|\n|t:|1700252120\n|switch|p2a: Ogerpon|Ogerpon-Wellspring, F|100\/100\n|move|p1a: Barraskewda|Flip Turn|p2a: Ogerpon\n|-immune|p2a: Ogerpon|[from] ability: Water Absorb\n|\n|-weather|RainDance|[upkeep]\n|upkeep\n|turn|3\n|\n|t:|1700252131\n|switch|p1a: Ferrothorn|Ferrothorn, F|100\/100\n|move|p2a: Ogerpon|Ivy Cudgel|p1a: Ferrothorn|[anim] Ivy Cudgel Water\n|-resisted|p1a: Ferrothorn\n|-damage|p1a: Ferrothorn|73\/100\n|\n|-weather|RainDance|[upkeep]\n|-heal|p1a: Ferrothorn|79\/100|[from] item: Leftovers\n|upkeep\n|turn|4\n|\n|t:|1700252141\n|switch|p2a: Gliscor|Gliscor, M|100\/100\n|move|p1a: Ferrothorn|Knock Off|p2a: Gliscor\n|-crit|p2a: Gliscor\n|-damage|p2a: Gliscor|74\/100\n|-enditem|p2a: Gliscor|Toxic Orb|[from] move: Knock Off|[of] p1a: Ferrothorn\n|\n|-weather|RainDance|[upkeep]\n|-heal|p1a: Ferrothorn|85\/100|[from] item: Leftovers\n|upkeep\n|turn|5\n|\n|t:|1700252149\n|switch|p2a: Heatran|Heatran, F|100\/100\n|move|p1a: Ferrothorn|Leech Seed|p2a: Heatran\n|-start|p2a: Heatran|move: Leech Seed\n|\n|-weather|RainDance|[upkeep]\n|-heal|p1a: Ferrothorn|91\/100|[from] item: Leftovers\n|-damage|p2a: Heatran|88\/100|[from] Leech Seed|[of] p1a: Ferrothorn\n|-heal|p1a: Ferrothorn|100\/100|[silent]\n|upkeep\n|turn|6\n|\n|t:|1700252165\n|switch|p1a: Swampert|Swampert, F|100\/100\n|move|p2a: Heatran|Magma Storm|p1a: Swampert\n|-resisted|p1a: Swampert\n|-damage|p1a: Swampert|88\/100\n|-activate|p1a: Swampert|move: Magma Storm|[of] p2a: Heatran\n|\n|-weather|RainDance|[upkeep]\n|-heal|p2a: Heatran|94\/100|[from] item: Leftovers\n|-damage|p2a: Heatran|82\/100|[from] Leech Seed|[of] p1a: Swampert\n|-heal|p1a: Swampert|100\/100|[silent]\n|-damage|p1a: Swampert|88\/100|[from] move: Magma Storm|[partiallytrapped]\n|upkeep\n|turn|7\n|\n|t:|1700252173\n|switch|p2a: Ogerpon|Ogerpon-Wellspring, F|100\/100\n|detailschange|p1a: Swampert|Swampert-Mega, F\n|-mega|p1a: Swampert|Swampert|Swampertite\n|move|p1a: Swampert|Darkest Lariat|p2a: Ogerpon\n|-damage|p2a: Ogerpon|59\/100\n|\n|-weather|RainDance|[upkeep]\n|-end|p1a: Swampert|Magma Storm|[partiallytrapped]|[silent]\n|upkeep\n|turn|8\n|\n|t:|1700252180\n|move|p1a: Swampert|Darkest Lariat|p2a: Ogerpon\n|-damage|p2a: Ogerpon|19\/100\n|move|p2a: Ogerpon|Power Whip|p1a: Swampert\n|-supereffective|p1a: Swampert\n|-damage|p1a: Swampert|0 fnt\n|faint|p1a: Swampert\n|\n|-weather|none\n|upkeep\n|inactive|Grosel has 120 seconds left.\n|\n|t:|1700252215\n|switch|p1a: Zapdos|Zapdos, shiny|100\/100\n|turn|9\n|inactive|Grosel has 120 seconds left.\n|\n|t:|1700252222\n|switch|p2a: Heatran|Heatran, F|82\/100\n|move|p1a: Zapdos|Volt Switch|p2a: Heatran\n|-damage|p2a: Heatran|58\/100\n|\n|t:|1700252225\n|switch|p1a: Pelipper|Pelipper, F|32\/100|[from] Volt Switch\n|-weather|RainDance|[from] ability: Drizzle|[of] p1a: Pelipper\n|\n|-weather|RainDance|[upkeep]\n|-heal|p2a: Heatran|64\/100|[from] item: Leftovers\n|upkeep\n|turn|10\n|\n|t:|1700252233\n|move|p2a: Heatran|Magma Storm|p1a: Pelipper\n|-resisted|p1a: Pelipper\n|-damage|p1a: Pelipper|18\/100\n|-activate|p1a: Pelipper|move: Magma Storm|[of] p2a: Heatran\n|move|p1a: Pelipper|Weather Ball|p2a: Heatran\n|-supereffective|p2a: Heatran\n|-damage|p2a: Heatran|3\/100\n|\n|-weather|RainDance|[upkeep]\n|-heal|p2a: Heatran|9\/100|[from] item: Leftovers\n|-damage|p1a: Pelipper|6\/100|[from] move: Magma Storm|[partiallytrapped]\n|upkeep\n|turn|11\n|\n|t:|1700252243\n|switch|p2a: Ogerpon|Ogerpon-Wellspring, F|19\/100\n|move|p1a: Pelipper|Roost|p1a: Pelipper\n|-heal|p1a: Pelipper|56\/100\n|-singleturn|p1a: Pelipper|move: Roost\n|\n|-weather|RainDance|[upkeep]\n|-end|p1a: Pelipper|Magma Storm|[partiallytrapped]|[silent]\n|upkeep\n|turn|12\n|\n|t:|1700252249\n|move|p2a: Ogerpon|Power Whip|p1a: Pelipper\n|-damage|p1a: Pelipper|5\/100\n|move|p1a: Pelipper|U-turn|p2a: Ogerpon\n|-supereffective|p2a: Ogerpon\n|-damage|p2a: Ogerpon|0 fnt\n|faint|p2a: Ogerpon\n|\n|t:|1700252254\n|switch|p1a: Barraskewda|Barraskewda, M|100\/100|[from] U-turn\n|\n|-weather|RainDance|[upkeep]\n|upkeep\n|\n|t:|1700252263\n|switch|p2a: Buzzwole|Buzzwole|100\/100\n|turn|13\n|\n|t:|1700252273\n|-terastallize|p1a: Barraskewda|Water\n|-terastallize|p2a: Buzzwole|Water\n|move|p1a: Barraskewda|Waterfall|p2a: Buzzwole\n|-resisted|p2a: Buzzwole\n|-damage|p2a: Buzzwole|69\/100\n|move|p2a: Buzzwole|Bulk Up|p2a: Buzzwole\n|-boost|p2a: Buzzwole|atk|1\n|-boost|p2a: Buzzwole|def|1\n|\n|-weather|RainDance|[upkeep]\n|upkeep\n|turn|14\n|\n|t:|1700252283\n|switch|p1a: Zapdos|Zapdos, shiny|100\/100\n|move|p2a: Buzzwole|Drain Punch|p1a: Zapdos\n|-resisted|p1a: Zapdos\n|-damage|p1a: Zapdos|74\/100\n|-heal|p2a: Buzzwole|81\/100|[from] drain|[of] p1a: Zapdos\n|-damage|p2a: Buzzwole|65\/100|[from] item: Rocky Helmet|[of] p1a: Zapdos\n|-status|p2a: Buzzwole|par|[from] ability: Static|[of] p1a: Zapdos\n|\n|-weather|RainDance|[upkeep]\n|upkeep\n|turn|15\n|\n|t:|1700252287\n|switch|p2a: Gliscor|Gliscor, M|74\/100\n|move|p1a: Zapdos|Thunder|p2a: Gliscor\n|-immune|p2a: Gliscor\n|\n|-weather|RainDance|[upkeep]\n|upkeep\n|turn|16\n|\n|t:|1700252294\n|move|p1a: Zapdos|Hurricane|p2a: Gliscor\n|-damage|p2a: Gliscor|23\/100\n|move|p2a: Gliscor|Toxic|p1a: Zapdos\n|-status|p1a: Zapdos|tox\n|\n|-weather|none\n|-damage|p1a: Zapdos|68\/100 tox|[from] psn\n|upkeep\n|turn|17\n|\n|t:|1700252300\n|move|p1a: Zapdos|Hurricane|p2a: Gliscor|[miss]\n|-miss|p1a: Zapdos|p2a: Gliscor\n|move|p2a: Gliscor|Roost|p2a: Gliscor\n|-heal|p2a: Gliscor|73\/100\n|-singleturn|p2a: Gliscor|move: Roost\n|\n|-damage|p1a: Zapdos|56\/100 tox|[from] psn\n|upkeep\n|turn|18\n|\n|t:|1700252312\n|move|p1a: Zapdos|Hurricane|p2a: Gliscor|[miss]\n|-miss|p1a: Zapdos|p2a: Gliscor\n|move|p2a: Gliscor|Roost|p2a: Gliscor\n|-heal|p2a: Gliscor|100\/100\n|-singleturn|p2a: Gliscor|move: Roost\n|\n|-damage|p1a: Zapdos|38\/100 tox|[from] psn\n|upkeep\n|turn|19\n|\n|t:|1700252316\n|switch|p1a: Pelipper|Pelipper, F|5\/100\n|-weather|RainDance|[from] ability: Drizzle|[of] p1a: Pelipper\n|move|p2a: Gliscor|Defog|p1a: Pelipper\n|-unboost|p1a: Pelipper|evasion|1\n|\n|-weather|RainDance|[upkeep]\n|upkeep\n|turn|20\n|\n|t:|1700252326\n|switch|p2a: Heatran|Heatran, F|9\/100\n|move|p1a: Pelipper|Weather Ball|p2a: Heatran\n|-supereffective|p2a: Heatran\n|-damage|p2a: Heatran|0 fnt\n|faint|p2a: Heatran\n|\n|-weather|RainDance|[upkeep]\n|upkeep\n|\n|t:|1700252332\n|switch|p2a: Weavile|Weavile, F|73\/100\n|-ability|p2a: Weavile|Pressure\n|turn|21\n|\n|t:|1700252355\n|switch|p1a: Kartana|Kartana|100\/100\n|move|p2a: Weavile|Knock Off|p1a: Kartana\n|-damage|p1a: Kartana|23\/100\n|-enditem|p1a: Kartana|Choice Scarf|[from] move: Knock Off|[of] p2a: Weavile\n|\n|-weather|RainDance|[upkeep]\n|upkeep\n|turn|22\n|\n|t:|1700252361\n|move|p2a: Weavile|Knock Off|p1a: Kartana\n|-damage|p1a: Kartana|0 fnt\n|faint|p1a: Kartana\n|\n|-weather|RainDance|[upkeep]\n|upkeep\n|\n|t:|1700252364\n|switch|p1a: Barraskewda|Barraskewda, M, tera:Water|100\/100\n|turn|23\n|\n|t:|1700252368\n|switch|p2a: Buzzwole|Buzzwole, tera:Water|65\/100 par\n|move|p1a: Barraskewda|Close Combat|p2a: Buzzwole\n|-damage|p2a: Buzzwole|36\/100 par\n|-unboost|p1a: Barraskewda|def|1\n|-unboost|p1a: Barraskewda|spd|1\n|\n|-weather|RainDance|[upkeep]\n|upkeep\n|turn|24\n|\n|t:|1700252382\n|switch|p1a: Ferrothorn|Ferrothorn, F|100\/100\n|move|p2a: Buzzwole|Roost|p2a: Buzzwole\n|-heal|p2a: Buzzwole|86\/100 par\n|\n|-weather|RainDance|[upkeep]\n|upkeep\n|turn|25\n|\n|t:|1700252392\n|move|p2a: Buzzwole|Bulk Up|p2a: Buzzwole\n|-boost|p2a: Buzzwole|atk|1\n|-boost|p2a: Buzzwole|def|1\n|move|p1a: Ferrothorn|Leech Seed|p2a: Buzzwole\n|-start|p2a: Buzzwole|move: Leech Seed\n|\n|-weather|RainDance|[upkeep]\n|-damage|p2a: Buzzwole|74\/100 par|[from] Leech Seed|[of] p1a: Ferrothorn\n|upkeep\n|turn|26\n|\n|t:|1700252396\n|switch|p1a: Zapdos|Zapdos, shiny|38\/100 tox\n|move|p2a: Buzzwole|Drain Punch|p1a: Zapdos\n|-resisted|p1a: Zapdos\n|-damage|p1a: Zapdos|10\/100 tox\n|-heal|p2a: Buzzwole|87\/100 par|[from] drain|[of] p1a: Zapdos\n|-damage|p2a: Buzzwole|70\/100 par|[from] item: Rocky Helmet|[of] p1a: Zapdos\n|\n|-weather|none\n|-damage|p2a: Buzzwole|58\/100 par|[from] Leech Seed|[of] p1a: Zapdos\n|-heal|p1a: Zapdos|23\/100 tox|[silent]\n|-damage|p1a: Zapdos|17\/100 tox|[from] psn\n|upkeep\n|turn|27\n|\n|t:|1700252401\n|switch|p2a: Gliscor|Gliscor, M|100\/100\n|move|p1a: Zapdos|Roost|p1a: Zapdos\n|-heal|p1a: Zapdos|67\/100 tox\n|-singleturn|p1a: Zapdos|move: Roost\n|\n|-damage|p1a: Zapdos|55\/100 tox|[from] psn\n|upkeep\n|turn|28\n|\n|t:|1700252412\n|move|p1a: Zapdos|Roost|p1a: Zapdos\n|-heal|p1a: Zapdos|100\/100 tox\n|-singleturn|p1a: Zapdos|move: Roost\n|move|p2a: Gliscor|Toxic|p1a: Zapdos\n|-fail|p1a: Zapdos|tox\n|\n|-damage|p1a: Zapdos|82\/100 tox|[from] psn\n|upkeep\n|turn|29\n|\n|t:|1700252418\n|switch|p1a: Pelipper|Pelipper, F|5\/100\n|-weather|RainDance|[from] ability: Drizzle|[of] p1a: Pelipper\n|move|p2a: Gliscor|Toxic|p1a: Pelipper\n|-status|p1a: Pelipper|tox\n|\n|-weather|RainDance|[upkeep]\n|-damage|p1a: Pelipper|0 fnt|[from] psn\n|faint|p1a: Pelipper\n|upkeep\n|\n|t:|1700252421\n|switch|p1a: Barraskewda|Barraskewda, M, tera:Water|100\/100\n|turn|30\n|\n|t:|1700252425\n|switch|p2a: Buzzwole|Buzzwole, tera:Water|58\/100 par\n|move|p1a: Barraskewda|Flip Turn|p2a: Buzzwole\n|-resisted|p2a: Buzzwole\n|-damage|p2a: Buzzwole|34\/100 par\n|\n|t:|1700252428\n|switch|p1a: Zapdos|Zapdos, shiny|82\/100 tox|[from] Flip Turn\n|\n|-weather|RainDance|[upkeep]\n|-damage|p1a: Zapdos|76\/100 tox|[from] psn\n|upkeep\n|turn|31\n|\n|t:|1700252431\n|switch|p2a: Gliscor|Gliscor, M|100\/100\n|move|p1a: Zapdos|Hurricane|p2a: Gliscor\n|-damage|p2a: Gliscor|46\/100\n|-start|p2a: Gliscor|confusion\n|\n|-weather|RainDance|[upkeep]\n|-damage|p1a: Zapdos|64\/100 tox|[from] psn\n|upkeep\n|turn|32\n|\n|t:|1700252438\n|move|p1a: Zapdos|Hurricane|p2a: Gliscor\n|-damage|p2a: Gliscor|0 fnt\n|faint|p2a: Gliscor\n|\n|-weather|RainDance|[upkeep]\n|-damage|p1a: Zapdos|46\/100 tox|[from] psn\n|upkeep\n|\n|t:|1700252441\n|switch|p2a: Latios|Latios, M|100\/100\n|turn|33\n|\n|t:|1700252444\n|switch|p1a: Ferrothorn|Ferrothorn, F|100\/100\n|detailschange|p2a: Latios|Latios-Mega, M\n|-mega|p2a: Latios|Latios|Latiosite\n|move|p2a: Latios|Psychic|p1a: Ferrothorn\n|-resisted|p1a: Ferrothorn\n|-damage|p1a: Ferrothorn|77\/100\n|\n|-weather|RainDance|[upkeep]\n|-heal|p1a: Ferrothorn|83\/100|[from] item: Leftovers\n|upkeep\n|turn|34\n|\n|t:|1700252447\n|move|p2a: Latios|Mystical Fire|p1a: Ferrothorn\n|-supereffective|p1a: Ferrothorn\n|-damage|p1a: Ferrothorn|28\/100\n|-unboost|p1a: Ferrothorn|spa|1\n|move|p1a: Ferrothorn|Knock Off|p2a: Latios\n|-supereffective|p2a: Latios\n|-damage|p2a: Latios|70\/100\n|\n|-weather|RainDance|[upkeep]\n|-heal|p1a: Ferrothorn|34\/100|[from] item: Leftovers\n|upkeep\n|turn|35\n|\n|t:|1700252450\n|move|p2a: Latios|Mystical Fire|p1a: Ferrothorn\n|-supereffective|p1a: Ferrothorn\n|-damage|p1a: Ferrothorn|0 fnt\n|faint|p1a: Ferrothorn\n|\n|-weather|RainDance|[upkeep]\n|upkeep\n|\n|t:|1700252452\n|switch|p1a: Zapdos|Zapdos, shiny|46\/100 tox\n|turn|36\n|\n|t:|1700252455\n|move|p2a: Latios|Psychic|p1a: Zapdos\n|-damage|p1a: Zapdos|0 fnt\n|faint|p1a: Zapdos\n|\n|-weather|none\n|upkeep\n|\n|t:|1700252457\n|switch|p1a: Barraskewda|Barraskewda, M, tera:Water|100\/100\n|turn|37\n|\n|t:|1700252461\n|move|p1a: Barraskewda|Waterfall|p2a: Latios\n|-resisted|p2a: Latios\n|-damage|p2a: Latios|23\/100\n|move|p2a: Latios|Psychic|p1a: Barraskewda\n|-damage|p1a: Barraskewda|0 fnt\n|faint|p1a: Barraskewda\n|\n|win|testing a funni3\n|raw|Grosel's rating: 1489 &rarr; <strong>1469<\/strong><br \/>(-20 for losing)\n|raw|testing a funni3's rating: 1489 &rarr; <strong>1509<\/strong><br \/>(+20 for winning)\n","uploadtime":1700252468,"views":7,"p1id":"grosel","p2id":"testingafunni3","formatid":"gen9nationaldex","rating":1469,"private":0,"password":""}