{"id":"gen9nationaldex-1988173413","p1":"goravor","p2":"Trainer-Yanwu","format":"[Gen 9] National Dex","log":"|j|\u2606goravor\n|j|\u2606Trainer-Yanwu\n|t:|1699679426\n|gametype|singles\n|player|p1|goravor|zinnia|1343\n|player|p2|Trainer-Yanwu|red|1269\n|teamsize|p1|6\n|teamsize|p2|6\n|gen|9\n|tier|[Gen 9] National Dex\n|rated|\n|rule|HP Percentage Mod: HP is shown in percentages\n|rule|Endless Battle Clause: Forcing endless battles is banned\n|rule|OHKO Clause: OHKO moves are banned\n|rule|Evasion Clause: Evasion abilities, items, and moves are banned\n|rule|Evasion Abilities Clause: Evasion abilities are banned\n|rule|Evasion Items Clause: Evasion items are banned\n|rule|Evasion Moves Clause: Evasion moves are banned\n|rule|Species Clause: Limit one of each Pok\u00e9mon\n|rule|Sleep Clause Mod: Limit one foe put to sleep\n|clearpoke\n|poke|p1|Muk-Alola, F|\n|poke|p1|Ninetales-Alola, F|\n|poke|p1|Exeggutor-Alola, F|\n|poke|p1|Sandslash-Alola, M|\n|poke|p1|Golem-Alola, M|\n|poke|p1|Marowak-Alola, F|\n|poke|p2|Ninetales-Alola, F|\n|poke|p2|Sandslash-Alola, M|\n|poke|p2|Slowking, M|\n|poke|p2|Weavile, F|\n|poke|p2|Vanilluxe, M|\n|poke|p2|Kommo-o, M|\n|teampreview\n|inactive|Battle timer is ON: inactive players will automatically lose when time's up. (requested by goravor)\n|\n|t:|1699679437\n|start\n|switch|p1a: Ninetales|Ninetales-Alola, F|100\/100\n|switch|p2a: \u4e5d\u4e5d|Ninetales-Alola, F|100\/100\n|-weather|Snow|[from] ability: Snow Warning|[of] p2a: \u4e5d\u4e5d\n|turn|1\n|\n|t:|1699679441\n|move|p1a: Ninetales|Aurora Veil|p1a: Ninetales\n|-sidestart|p1: goravor|move: Aurora Veil\n|move|p2a: \u4e5d\u4e5d|Aurora Veil|p2a: \u4e5d\u4e5d\n|-sidestart|p2: Trainer-Yanwu|move: Aurora Veil\n|\n|-weather|Snow|[upkeep]\n|upkeep\n|turn|2\n|\n|t:|1699679451\n|switch|p1a: Golem|Golem-Alola, M|100\/100\n|switch|p2a: \u7a7f\u7a7f|Sandslash-Alola, M|100\/100\n|\n|-weather|Snow|[upkeep]\n|upkeep\n|turn|3\n|\n|t:|1699679470\n|move|p2a: \u7a7f\u7a7f|Earthquake|p1a: Golem\n|-supereffective|p1a: Golem\n|-damage|p1a: Golem|38\/100\n|-enditem|p1a: Golem|Weakness Policy\n|-boost|p1a: Golem|atk|2|[from] item: Weakness Policy\n|-boost|p1a: Golem|spa|2|[from] item: Weakness Policy\n|-damage|p2a: \u7a7f\u7a7f|91\/100|[from] item: Life Orb\n|move|p1a: Golem|Fire Punch|p2a: \u7a7f\u7a7f\n|-supereffective|p2a: \u7a7f\u7a7f\n|-damage|p2a: \u7a7f\u7a7f|22\/100\n|\n|-weather|Snow|[upkeep]\n|upkeep\n|turn|4\n|\n|t:|1699679483\n|move|p2a: \u7a7f\u7a7f|Earthquake|p1a: Golem\n|-supereffective|p1a: Golem\n|-damage|p1a: Golem|0 fnt\n|faint|p1a: Golem\n|-damage|p2a: \u7a7f\u7a7f|12\/100|[from] item: Life Orb\n|\n|-weather|Snow|[upkeep]\n|upkeep\n|\n|t:|1699679496\n|switch|p1a: Sandslash|Sandslash-Alola, M|100\/100\n|turn|5\n|\n|t:|1699679503\n|-terastallize|p1a: Sandslash|Ice\n|move|p2a: \u7a7f\u7a7f|Brick Break|p1a: Sandslash\n|-sideend|p1: goravor|move: Aurora Veil\n|-supereffective|p1a: Sandslash\n|-damage|p1a: Sandslash|59\/100\n|-damage|p2a: \u7a7f\u7a7f|2\/100|[from] item: Life Orb\n|move|p1a: Sandslash|Swords Dance|p1a: Sandslash\n|-boost|p1a: Sandslash|atk|2\n|\n|-weather|none\n|upkeep\n|turn|6\n|\n|t:|1699679518\n|switch|p1a: Ninetales|Ninetales-Alola, F|100\/100\n|-weather|Snow|[from] ability: Snow Warning|[of] p1a: Ninetales\n|move|p2a: \u7a7f\u7a7f|Iron Head|p1a: Ninetales\n|-supereffective|p1a: Ninetales\n|-damage|p1a: Ninetales|0 fnt\n|faint|p1a: Ninetales\n|-damage|p2a: \u7a7f\u7a7f|0 fnt|[from] item: Life Orb\n|faint|p2a: \u7a7f\u7a7f\n|\n|-weather|Snow|[upkeep]\n|upkeep\n|\n|t:|1699679544\n|switch|p1a: Marowak|Marowak-Alola, F|100\/100\n|switch|p2a: Weavile|Weavile, F|100\/100\n|-ability|p2a: Weavile|Pressure\n|turn|7\n|\n|t:|1699679552\n|move|p2a: Weavile|Knock Off|p1a: Marowak\n|-supereffective|p1a: Marowak\n|-damage|p1a: Marowak|0 fnt\n|-enditem|p1a: Marowak|Thick Club|[from] move: Knock Off|[of] p2a: Weavile\n|faint|p1a: Marowak\n|\n|-weather|Snow|[upkeep]\n|upkeep\n|\n|t:|1699679555\n|switch|p1a: Muk|Muk-Alola, F|100\/100\n|turn|8\n|\n|t:|1699679562\n|move|p2a: Weavile|Knock Off|p1a: Muk\n|-resisted|p1a: Muk\n|-damage|p1a: Muk|69\/100\n|-enditem|p1a: Muk|Assault Vest|[from] move: Knock Off|[of] p2a: Weavile\n|move|p1a: Muk|Poison Jab|p2a: Weavile\n|-damage|p2a: Weavile|79\/100\n|\n|-weather|Snow|[upkeep]\n|-sideend|p2: Trainer-Yanwu|move: Aurora Veil\n|upkeep\n|turn|9\n|\n|t:|1699679571\n|move|p2a: Weavile|Triple Axel|p1a: Muk\n|-damage|p1a: Muk|59\/100\n|-hitcount|p1a: Muk|1\n|move|p1a: Muk|Drain Punch|p2a: Weavile\n|-supereffective|p2a: Weavile\n|-damage|p2a: Weavile|0 fnt\n|-heal|p1a: Muk|86\/100|[from] drain|[of] p2a: Weavile\n|faint|p2a: Weavile\n|\n|-weather|Snow|[upkeep]\n|upkeep\n|\n|t:|1699679586\n|switch|p2a: Kommo-o|Kommo-o, M|100\/100\n|turn|10\n|\n|t:|1699679591\n|-zpower|p2a: Kommo-o\n|move|p2a: Kommo-o|Clangorous Soulblaze|p1a: Muk|[zeffect]\n|-damage|p1a: Muk|18\/100\n|-boost|p2a: Kommo-o|atk|1\n|-boost|p2a: Kommo-o|def|1\n|-boost|p2a: Kommo-o|spa|1\n|-boost|p2a: Kommo-o|spd|1\n|-boost|p2a: Kommo-o|spe|1\n|move|p1a: Muk|Ice Punch|p2a: Kommo-o\n|-supereffective|p2a: Kommo-o\n|-damage|p2a: Kommo-o|69\/100\n|-status|p2a: Kommo-o|psn|[from] ability: Poison Touch|[of] p1a: Muk\n|\n|-weather|none\n|-damage|p2a: Kommo-o|57\/100 psn|[from] psn\n|upkeep\n|turn|11\n|\n|t:|1699679607\n|move|p2a: Kommo-o|Aura Sphere|p1a: Muk\n|-damage|p1a: Muk|0 fnt\n|faint|p1a: Muk\n|\n|-damage|p2a: Kommo-o|44\/100 psn|[from] psn\n|upkeep\n|\n|t:|1699679611\n|switch|p1a: Exeggutor|Exeggutor-Alola, F|100\/100\n|turn|12\n|\n|t:|1699679621\n|move|p2a: Kommo-o|Clanging Scales|p1a: Exeggutor\n|-supereffective|p1a: Exeggutor\n|-damage|p1a: Exeggutor|0 fnt\n|faint|p1a: Exeggutor\n|-unboost|p2a: Kommo-o|def|1\n|\n|-damage|p2a: Kommo-o|32\/100 psn|[from] psn\n|upkeep\n|\n|t:|1699679626\n|switch|p1a: Sandslash|Sandslash-Alola, M, tera:Ice|59\/100\n|turn|13\n|\n|t:|1699679633\n|move|p2a: Kommo-o|Aura Sphere|p1a: Sandslash\n|-supereffective|p1a: Sandslash\n|-damage|p1a: Sandslash|0 fnt\n|faint|p1a: Sandslash\n|\n|win|Trainer-Yanwu\n|raw|goravor's rating: 1343 &rarr; <strong>1319<\/strong><br \/>(-24 for losing)\n|raw|Trainer-Yanwu's rating: 1269 &rarr; <strong>1299<\/strong><br \/>(+30 for winning)\n|l|\u2606goravor\n","uploadtime":1699679651,"views":5,"p1id":"goravor","p2id":"traineryanwu","formatid":"gen9nationaldex","rating":1299,"private":0,"password":""}