{"id":"gen9nationaldex-1988217356","p1":"MRI007","p2":"xiaopiki123","format":"[Gen 9] National Dex","log":"|j|\u2606MRI007\n|j|\u2606xiaopiki123\n|t:|1699687345\n|gametype|singles\n|player|p1|MRI007|265|1589\n|player|p2|xiaopiki123|elesa|1772\n|teamsize|p1|6\n|teamsize|p2|6\n|gen|9\n|tier|[Gen 9] National Dex\n|rated|\n|rule|HP Percentage Mod: HP is shown in percentages\n|rule|Endless Battle Clause: Forcing endless battles is banned\n|rule|OHKO Clause: OHKO moves are banned\n|rule|Evasion Clause: Evasion abilities, items, and moves are banned\n|rule|Evasion Abilities Clause: Evasion abilities are banned\n|rule|Evasion Items Clause: Evasion items are banned\n|rule|Evasion Moves Clause: Evasion moves are banned\n|rule|Species Clause: Limit one of each Pok\u00e9mon\n|rule|Sleep Clause Mod: Limit one foe put to sleep\n|clearpoke\n|poke|p1|Alomomola, M|\n|poke|p1|Chansey, F|\n|poke|p1|Tapu Lele|\n|poke|p1|Urshifu-*, M|\n|poke|p1|Kyurem|\n|poke|p1|Moltres|\n|poke|p2|Urshifu-*, M|\n|poke|p2|Charizard, F|\n|poke|p2|Zapdos|\n|poke|p2|Tapu Lele|\n|poke|p2|Ogerpon-Cornerstone, F|\n|poke|p2|Serperior, F|\n|teampreview\n|\n|t:|1699687356\n|start\n|switch|p1a: Urshifu|Urshifu-Rapid-Strike, M|100\/100\n|switch|p2a: Ogerpon|Ogerpon-Cornerstone, F|100\/100\n|turn|1\n|\n|t:|1699687364\n|switch|p2a: Zapdos|Zapdos|100\/100\n|move|p1a: Urshifu|U-turn|p2a: Zapdos\n|-resisted|p2a: Zapdos\n|-damage|p2a: Zapdos|92\/100\n|inactive|Battle timer is ON: inactive players will automatically lose when time's up. (requested by xiaopiki123)\n|\n|t:|1699687370\n|switch|p1a: Tapu Lele|Tapu Lele|100\/100|[from] U-turn\n|-fieldstart|move: Psychic Terrain|[from] ability: Psychic Surge|[of] p1a: Tapu Lele\n|\n|upkeep\n|turn|2\n|\n|t:|1699687382\n|-terastallize|p1a: Tapu Lele|Psychic\n|move|p1a: Tapu Lele|Psyshock|p2a: Zapdos\n|-damage|p2a: Zapdos|10\/100\n|move|p2a: Zapdos|Volt Switch|p1a: Tapu Lele\n|-damage|p1a: Tapu Lele|67\/100\n|\n|t:|1699687392\n|switch|p2a: Urshifu|Urshifu-Rapid-Strike, M|100\/100|[from] Volt Switch\n|\n|upkeep\n|turn|3\n|\n|t:|1699687398\n|switch|p1a: Alomomola|Alomomola, M|100\/100\n|move|p2a: Urshifu|U-turn|p1a: Alomomola\n|-crit|p1a: Alomomola\n|-damage|p1a: Alomomola|76\/100\n|-damage|p2a: Urshifu|84\/100|[from] item: Rocky Helmet|[of] p1a: Alomomola\n|\n|t:|1699687407\n|switch|p2a: Charizard|Charizard, F|100\/100|[from] U-turn\n|\n|upkeep\n|turn|4\n|\n|t:|1699687419\n|detailschange|p2a: Charizard|Charizard-Mega-Y, F\n|-mega|p2a: Charizard|Charizard|Charizardite Y\n|-weather|SunnyDay|[from] ability: Drought|[of] p2a: Charizard\n|move|p2a: Charizard|Solar Beam||[still]\n|-prepare|p2a: Charizard|Solar Beam\n|-anim|p2a: Charizard|Solar Beam|p1a: Alomomola\n|-supereffective|p1a: Alomomola\n|-damage|p1a: Alomomola|0 fnt\n|faint|p1a: Alomomola\n|\n|-weather|SunnyDay|[upkeep]\n|upkeep\n|\n|t:|1699687431\n|switch|p1a: Urshifu|Urshifu-Rapid-Strike, M|100\/100\n|turn|5\n|\n|t:|1699687434\n|switch|p2a: Zapdos|Zapdos|10\/100\n|move|p1a: Urshifu|Surging Strikes|p2a: Zapdos\n|-crit|p2a: Zapdos\n|-damage|p2a: Zapdos|3\/100\n|-crit|p2a: Zapdos\n|-damage|p2a: Zapdos|0 fnt\n|faint|p2a: Zapdos\n|-hitcount|p2: Zapdos|2\n|\n|-weather|SunnyDay|[upkeep]\n|-fieldend|move: Psychic Terrain\n|upkeep\n|\n|t:|1699687436\n|switch|p2a: Serperior|Serperior, F|100\/100\n|turn|6\n|\n|t:|1699687448\n|switch|p1a: Moltres|Moltres|100\/100\n|move|p2a: Serperior|Leaf Storm|p1a: Moltres\n|-resisted|p1a: Moltres\n|-damage|p1a: Moltres|93\/100\n|-boost|p2a: Serperior|spa|2\n|\n|-weather|SunnyDay|[upkeep]\n|upkeep\n|turn|7\n|\n|t:|1699687465\n|move|p2a: Serperior|Glare|p1a: Moltres\n|-status|p1a: Moltres|par\n|move|p1a: Moltres|Flamethrower|p2a: Serperior\n|-supereffective|p2a: Serperior\n|-damage|p2a: Serperior|0 fnt\n|faint|p2a: Serperior\n|\n|-weather|SunnyDay|[upkeep]\n|upkeep\n|\n|t:|1699687471\n|switch|p2a: Urshifu|Urshifu-Rapid-Strike, M|84\/100\n|turn|8\n|\n|t:|1699687481\n|switch|p2a: Ogerpon|Ogerpon-Cornerstone, F|100\/100\n|switch|p1a: Kyurem|Kyurem|100\/100\n|-ability|p1a: Kyurem|Pressure\n|\n|-weather|none\n|upkeep\n|turn|9\n|\n|t:|1699687495\n|move|p2a: Ogerpon|Trailblaze|p1a: Kyurem\n|-resisted|p1a: Kyurem\n|-damage|p1a: Kyurem|92\/100\n|-boost|p2a: Ogerpon|spe|1\n|move|p1a: Kyurem|Substitute|p1a: Kyurem\n|-start|p1a: Kyurem|Substitute\n|-damage|p1a: Kyurem|67\/100\n|\n|-heal|p1a: Kyurem|73\/100|[from] item: Leftovers\n|upkeep\n|turn|10\n|\n|t:|1699687506\n|move|p2a: Ogerpon|Ivy Cudgel|p1a: Kyurem\n|-supereffective|p1a: Kyurem\n|-crit|p1a: Kyurem\n|-end|p1a: Kyurem|Substitute\n|move|p1a: Kyurem|Icicle Spear|p2a: Ogerpon\n|-supereffective|p2a: Ogerpon\n|-damage|p2a: Ogerpon|73\/100\n|-supereffective|p2a: Ogerpon\n|-damage|p2a: Ogerpon|43\/100\n|-hitcount|p2a: Ogerpon|2\n|\n|-heal|p1a: Kyurem|79\/100|[from] item: Leftovers\n|upkeep\n|turn|11\n|\n|t:|1699687518\n|move|p2a: Ogerpon|Ivy Cudgel|p1a: Kyurem\n|-supereffective|p1a: Kyurem\n|-damage|p1a: Kyurem|8\/100\n|move|p1a: Kyurem|Icicle Spear|p2a: Ogerpon\n|-supereffective|p2a: Ogerpon\n|-crit|p2a: Ogerpon\n|-damage|p2a: Ogerpon|0 fnt\n|faint|p2a: Ogerpon\n|-hitcount|p2: Ogerpon|1\n|\n|-heal|p1a: Kyurem|14\/100|[from] item: Leftovers\n|upkeep\n|\n|t:|1699687533\n|switch|p2a: Urshifu|Urshifu-Rapid-Strike, M|84\/100\n|turn|12\n|\n|t:|1699687540\n|switch|p1a: Moltres|Moltres|93\/100 par\n|move|p2a: Urshifu|Surging Strikes|p1a: Moltres\n|-supereffective|p1a: Moltres\n|-crit|p1a: Moltres\n|-damage|p1a: Moltres|62\/100 par\n|-supereffective|p1a: Moltres\n|-crit|p1a: Moltres\n|-damage|p1a: Moltres|26\/100 par\n|-status|p2a: Urshifu|brn|[from] ability: Flame Body|[of] p1a: Moltres\n|-supereffective|p1a: Moltres\n|-crit|p1a: Moltres\n|-damage|p1a: Moltres|9\/100 par\n|-hitcount|p1a: Moltres|3\n|\n|-damage|p2a: Urshifu|78\/100 brn|[from] brn\n|upkeep\n|turn|13\n|\n|t:|1699687562\n|switch|p1a: Chansey|Chansey, F|100\/100\n|move|p2a: Urshifu|Surging Strikes|p1a: Chansey\n|-crit|p1a: Chansey\n|-damage|p1a: Chansey|94\/100\n|-crit|p1a: Chansey\n|-damage|p1a: Chansey|88\/100\n|-crit|p1a: Chansey\n|-damage|p1a: Chansey|82\/100\n|-hitcount|p1a: Chansey|3\n|\n|-damage|p2a: Urshifu|72\/100 brn|[from] brn\n|upkeep\n|turn|14\n|\n|t:|1699687577\n|switch|p2a: Tapu Lele|Tapu Lele|100\/100\n|-fieldstart|move: Psychic Terrain|[from] ability: Psychic Surge|[of] p2a: Tapu Lele\n|move|p1a: Chansey|Toxic|p2a: Tapu Lele\n|-status|p2a: Tapu Lele|tox\n|\n|-damage|p2a: Tapu Lele|94\/100 tox|[from] psn\n|upkeep\n|turn|15\n|\n|t:|1699687587\n|move|p2a: Tapu Lele|Future Sight|p1a: Chansey\n|-start|p2a: Tapu Lele|move: Future Sight\n|move|p1a: Chansey|Soft-Boiled|p1a: Chansey\n|-heal|p1a: Chansey|100\/100\n|\n|-damage|p2a: Tapu Lele|82\/100 tox|[from] psn\n|upkeep\n|turn|16\n|\n|t:|1699687594\n|switch|p2a: Urshifu|Urshifu-Rapid-Strike, M|72\/100 brn\n|move|p1a: Chansey|Seismic Toss|p2a: Urshifu\n|-damage|p2a: Urshifu|42\/100 brn\n|\n|-damage|p2a: Urshifu|36\/100 brn|[from] brn\n|upkeep\n|turn|17\n|\n|t:|1699687607\n|switch|p1a: Moltres|Moltres|9\/100 par\n|move|p2a: Urshifu|Close Combat|p1a: Moltres\n|-resisted|p1a: Moltres\n|-damage|p1a: Moltres|0 fnt\n|-unboost|p2a: Urshifu|def|1\n|-unboost|p2a: Urshifu|spd|1\n|faint|p1a: Moltres\n|\n|-hint|Future Sight did not hit because the target is fainted.\n|-damage|p2a: Urshifu|30\/100 brn|[from] brn\n|upkeep\n|\n|t:|1699687619\n|switch|p1a: Urshifu|Urshifu-Rapid-Strike, M|100\/100\n|turn|18\n|inactive|xiaopiki123 has 120 seconds left.\n|inactive|xiaopiki123 has 90 seconds left.\n|inactive|xiaopiki123 has 60 seconds left.\n|inactive|xiaopiki123 has 30 seconds left.\n|inactive|xiaopiki123 has 20 seconds left.\n|inactive|xiaopiki123 has 15 seconds left.\n|inactive|xiaopiki123 has 10 seconds left.\n|inactive|xiaopiki123 has 5 seconds left.\n|-message|xiaopiki123 lost due to inactivity.\n|\n|win|MRI007\n|raw|MRI007's rating: 1589 &rarr; <strong>1618<\/strong><br \/>(+29 for winning)\n|raw|xiaopiki123's rating: 1748 &rarr; <strong>1719<\/strong><br \/>(-29 for losing)\n","uploadtime":1699687793,"views":10,"p1id":"mri007","p2id":"xiaopiki123","formatid":"gen9nationaldex","rating":1618,"private":0,"password":""}