{"id":"gen9nationaldex-1987277806","p1":"TheSerperiorSnivy","p2":"dshsb","format":"[Gen 9] National Dex","log":"|j|\u2606TheSerperiorSnivy\n|j|\u2606dshsb\n|t:|1699572356\n|gametype|singles\n|player|p1|TheSerperiorSnivy|ghetsis|1388\n|player|p2|dshsb|rosa-masters2|1533\n|teamsize|p1|6\n|teamsize|p2|6\n|gen|9\n|tier|[Gen 9] National Dex\n|rated|\n|rule|HP Percentage Mod: HP is shown in percentages\n|rule|Endless Battle Clause: Forcing endless battles is banned\n|rule|OHKO Clause: OHKO moves are banned\n|rule|Evasion Clause: Evasion abilities, items, and moves are banned\n|rule|Evasion Abilities Clause: Evasion abilities are banned\n|rule|Evasion Items Clause: Evasion items are banned\n|rule|Evasion Moves Clause: Evasion moves are banned\n|rule|Species Clause: Limit one of each Pok\u00e9mon\n|rule|Sleep Clause Mod: Limit one foe put to sleep\n|clearpoke\n|poke|p1|Serperior, F|\n|poke|p1|Ribombee, F|\n|poke|p1|Charizard, M|\n|poke|p1|Samurott-Hisui, F|\n|poke|p1|Great Tusk|\n|poke|p1|Zamazenta-*|\n|poke|p2|Alomomola, M|\n|poke|p2|Tornadus-Therian, M|\n|poke|p2|Scizor, F|\n|poke|p2|Volcarona, F|\n|poke|p2|Blaziken, M|\n|poke|p2|Clodsire, F|\n|teampreview\n|inactive|Battle timer is ON: inactive players will automatically lose when time's up. (requested by dshsb)\n|\n|t:|1699572362\n|start\n|switch|p1a: Rombus|Ribombee, F, shiny|100\/100\n|switch|p2a: Scizor|Scizor, F|100\/100\n|turn|1\n|\n|t:|1699572377\n|detailschange|p2a: Scizor|Scizor-Mega, F\n|-mega|p2a: Scizor|Scizor|Scizorite\n|move|p1a: Rombus|Sticky Web|p2a: Scizor\n|-sidestart|p2: dshsb|move: Sticky Web\n|move|p2a: Scizor|Knock Off|p1a: Rombus\n|-resisted|p1a: Rombus\n|-damage|p1a: Rombus|69\/100\n|-enditem|p1a: Rombus|Focus Sash|[from] move: Knock Off|[of] p2a: Scizor\n|\n|upkeep\n|turn|2\n|\n|t:|1699572384\n|move|p1a: Rombus|Stun Spore|p2a: Scizor\n|-status|p2a: Scizor|par\n|cant|p2a: Scizor|par\n|\n|upkeep\n|turn|3\n|\n|t:|1699572392\n|switch|p1a: Emboarr|Charizard, M|100\/100\n|cant|p2a: Scizor|par\n|\n|upkeep\n|turn|4\n|\n|t:|1699572407\n|switch|p2a: Clodsire|Clodsire, F|100\/100\n|-activate|p2a: Clodsire|move: Sticky Web\n|-unboost|p2a: Clodsire|spe|1\n|detailschange|p1a: Emboarr|Charizard-Mega-Y, M\n|-mega|p1a: Emboarr|Charizard|Charizardite Y\n|-weather|SunnyDay|[from] ability: Drought|[of] p1a: Emboarr\n|move|p1a: Emboarr|Flamethrower|p2a: Clodsire\n|-damage|p2a: Clodsire|58\/100\n|\n|-weather|SunnyDay|[upkeep]\n|-heal|p2a: Clodsire|64\/100|[from] item: Leftovers\n|upkeep\n|turn|5\n|\n|t:|1699572419\n|move|p1a: Emboarr|Flamethrower|p2a: Clodsire\n|-damage|p2a: Clodsire|17\/100\n|move|p2a: Clodsire|Recover|p2a: Clodsire\n|-heal|p2a: Clodsire|67\/100\n|\n|-weather|SunnyDay|[upkeep]\n|-heal|p2a: Clodsire|73\/100|[from] item: Leftovers\n|upkeep\n|turn|6\n|\n|t:|1699572432\n|switch|p1a: above average tusk|Great Tusk|100\/100\n|-activate|p1a: above average tusk|ability: Protosynthesis\n|-start|p1a: above average tusk|protosynthesisatk\n|move|p2a: Clodsire|Stealth Rock|p1a: above average tusk\n|-sidestart|p1: TheSerperiorSnivy|move: Stealth Rock\n|\n|-weather|SunnyDay|[upkeep]\n|-heal|p2a: Clodsire|79\/100|[from] item: Leftovers\n|upkeep\n|turn|7\n|\n|t:|1699572436\n|switch|p2a: Tornadus|Tornadus-Therian, M|100\/100\n|move|p1a: above average tusk|Rapid Spin|p2a: Tornadus\n|-damage|p2a: Tornadus|70\/100\n|-boost|p1a: above average tusk|spe|1\n|-sideend|p1: TheSerperiorSnivy|Stealth Rock|[from] move: Rapid Spin|[of] p1a: above average tusk\n|\n|-weather|SunnyDay|[upkeep]\n|upkeep\n|turn|8\n|\n|t:|1699572442\n|switch|p2a: Alomomola|Alomomola, M|100\/100\n|move|p1a: above average tusk|Ice Spinner|p2a: Alomomola\n|-resisted|p2a: Alomomola\n|-damage|p2a: Alomomola|91\/100\n|\n|-weather|none\n|-end|p1a: above average tusk|Protosynthesis\n|upkeep\n|-enditem|p1a: above average tusk|Booster Energy\n|-activate|p1a: above average tusk|ability: Protosynthesis|[fromitem]\n|-start|p1a: above average tusk|protosynthesisspe\n|turn|9\n|\n|t:|1699572469\n|-end|p1a: above average tusk|Protosynthesis|[silent]\n|switch|p1a: Rombus|Ribombee, F, shiny|69\/100\n|move|p2a: Alomomola|Toxic|p1a: Rombus\n|-status|p1a: Rombus|tox\n|\n|-damage|p1a: Rombus|63\/100 tox|[from] psn\n|upkeep\n|turn|10\n|\n|t:|1699572476\n|switch|p2a: Scizor|Scizor-Mega, F|100\/100 par\n|-activate|p2a: Scizor|move: Sticky Web\n|-unboost|p2a: Scizor|spe|1\n|move|p1a: Rombus|Stun Spore|p2a: Scizor\n|-fail|p2a: Scizor|par\n|\n|-damage|p1a: Rombus|51\/100 tox|[from] psn\n|upkeep\n|turn|11\n|\n|t:|1699572480\n|move|p1a: Rombus|Aromatherapy|p1a: Rombus\n|-activate|p1a: Rombus|move: Aromatherapy\n|-curestatus|p1a: Rombus|tox|[msg]\n|cant|p2a: Scizor|par\n|\n|upkeep\n|turn|12\n|\n|t:|1699572486\n|switch|p1a: Emboarr|Charizard-Mega-Y, M|100\/100\n|-weather|SunnyDay|[from] ability: Drought|[of] p1a: Emboarr\n|move|p2a: Scizor|U-turn|p1a: Emboarr\n|-resisted|p1a: Emboarr\n|-damage|p1a: Emboarr|88\/100\n|\n|t:|1699572492\n|switch|p2a: Clodsire|Clodsire, F|79\/100|[from] U-turn\n|-activate|p2a: Clodsire|move: Sticky Web\n|-unboost|p2a: Clodsire|spe|1\n|\n|-weather|SunnyDay|[upkeep]\n|-heal|p2a: Clodsire|85\/100|[from] item: Leftovers\n|upkeep\n|turn|13\n|\n|t:|1699572497\n|move|p1a: Emboarr|Flamethrower|p2a: Clodsire\n|-damage|p2a: Clodsire|42\/100\n|-status|p2a: Clodsire|brn\n|move|p2a: Clodsire|Toxic|p1a: Emboarr\n|-status|p1a: Emboarr|tox\n|\n|-weather|SunnyDay|[upkeep]\n|-heal|p2a: Clodsire|48\/100 brn|[from] item: Leftovers\n|-damage|p1a: Emboarr|82\/100 tox|[from] psn\n|-damage|p2a: Clodsire|42\/100 brn|[from] brn\n|upkeep\n|turn|14\n|\n|t:|1699572503\n|switch|p2a: Tornadus|Tornadus-Therian, M|100\/100\n|move|p1a: Emboarr|Flamethrower|p2a: Tornadus\n|-damage|p2a: Tornadus|6\/100\n|\n|-weather|SunnyDay|[upkeep]\n|-damage|p1a: Emboarr|70\/100 tox|[from] psn\n|upkeep\n|turn|15\n|\n|t:|1699572506\n|move|p2a: Tornadus|Defog|p1a: Emboarr\n|-unboost|p1a: Emboarr|evasion|1\n|-sideend|p2: dshsb|Sticky Web|[from] move: Defog|[of] p2a: Tornadus\n|move|p1a: Emboarr|Flamethrower|p2a: Tornadus\n|-damage|p2a: Tornadus|0 fnt\n|faint|p2a: Tornadus\n|\n|-weather|SunnyDay|[upkeep]\n|-damage|p1a: Emboarr|52\/100 tox|[from] psn\n|upkeep\n|\n|t:|1699572512\n|switch|p2a: Blaziken|Blaziken, M|100\/100\n|turn|16\n|\n|t:|1699572523\n|switch|p1a: Rombus|Ribombee, F, shiny|51\/100\n|move|p2a: Blaziken|Swords Dance|p2a: Blaziken\n|-boost|p2a: Blaziken|atk|2\n|\n|-weather|none\n|-ability|p2a: Blaziken|Speed Boost|boost\n|-boost|p2a: Blaziken|spe|1\n|upkeep\n|turn|17\n|\n|t:|1699572531\n|move|p2a: Blaziken|Flare Blitz|p1a: Rombus\n|-supereffective|p1a: Rombus\n|-damage|p1a: Rombus|0 fnt\n|faint|p1a: Rombus\n|-damage|p2a: Blaziken|86\/100|[from] Recoil\n|\n|-ability|p2a: Blaziken|Speed Boost|boost\n|-boost|p2a: Blaziken|spe|1\n|upkeep\n|\n|t:|1699572542\n|switch|p1a: romhack mon|Samurott-Hisui, F|100\/100\n|turn|18\n|\n|t:|1699572551\n|-terastallize|p1a: romhack mon|Ghost\n|move|p2a: Blaziken|Close Combat|p1a: romhack mon\n|-immune|p1a: romhack mon\n|move|p1a: romhack mon|Razor Shell|p2a: Blaziken\n|-supereffective|p2a: Blaziken\n|-damage|p2a: Blaziken|0 fnt\n|faint|p2a: Blaziken\n|\n|upkeep\n|\n|t:|1699572556\n|switch|p2a: Alomomola|Alomomola, M|100\/100\n|turn|19\n|\n|t:|1699572560\n|move|p1a: romhack mon|Knock Off|p2a: Alomomola\n|-damage|p2a: Alomomola|76\/100\n|-enditem|p2a: Alomomola|Heavy-Duty Boots|[from] move: Knock Off|[of] p1a: romhack mon\n|move|p2a: Alomomola|Toxic|p1a: romhack mon\n|-status|p1a: romhack mon|tox\n|\n|-damage|p1a: romhack mon|94\/100 tox|[from] psn\n|upkeep\n|turn|20\n|\n|t:|1699572565\n|move|p1a: romhack mon|Ceaseless Edge|p2a: Alomomola\n|-damage|p2a: Alomomola|52\/100\n|-sidestart|p2: dshsb|Spikes\n|move|p2a: Alomomola|Wish|p2a: Alomomola\n|\n|-damage|p1a: romhack mon|82\/100 tox|[from] psn\n|upkeep\n|turn|21\n|\n|t:|1699572568\n|move|p1a: romhack mon|Ceaseless Edge|p2a: Alomomola\n|-damage|p2a: Alomomola|28\/100\n|-sidestart|p2: dshsb|Spikes\n|move|p2a: Alomomola|Flip Turn|p1a: romhack mon\n|-damage|p1a: romhack mon|61\/100 tox\n|\n|t:|1699572578\n|switch|p2a: Clodsire|Clodsire, F|42\/100 brn|[from] Flip Turn\n|-damage|p2a: Clodsire|25\/100 brn|[from] Spikes\n|\n|-heal|p2a: Clodsire|83\/100 brn|[from] move: Wish|[wisher] Alomomola\n|-heal|p2a: Clodsire|89\/100 brn|[from] item: Leftovers\n|-damage|p1a: romhack mon|42\/100 tox|[from] psn\n|-damage|p2a: Clodsire|83\/100 brn|[from] brn\n|upkeep\n|turn|22\n|\n|t:|1699572583\n|move|p1a: romhack mon|Razor Shell|p2a: Clodsire\n|-supereffective|p2a: Clodsire\n|-damage|p2a: Clodsire|0 fnt\n|faint|p2a: Clodsire\n|\n|-damage|p1a: romhack mon|17\/100 tox|[from] psn\n|upkeep\n|\n|t:|1699572586\n|switch|p2a: Volcarona|Volcarona, F|100\/100\n|turn|23\n|\n|t:|1699572589\n|-terastallize|p2a: Volcarona|Water\n|move|p1a: romhack mon|Aqua Jet|p2a: Volcarona\n|-resisted|p2a: Volcarona\n|-damage|p2a: Volcarona|92\/100\n|move|p2a: Volcarona|Quiver Dance|p2a: Volcarona\n|-boost|p2a: Volcarona|spa|1\n|-boost|p2a: Volcarona|spd|1\n|-boost|p2a: Volcarona|spe|1\n|\n|-damage|p1a: romhack mon|0 fnt|[from] psn\n|faint|p1a: romhack mon\n|upkeep\n|\n|t:|1699572608\n|switch|p1a: howl me a river|Zamazenta, shiny|100\/100\n|-ability|p1a: howl me a river|Dauntless Shield|boost\n|-boost|p1a: howl me a river|def|1\n|turn|24\n|\n|t:|1699572613\n|move|p1a: howl me a river|Body Press|p2a: Volcarona\n|-damage|p2a: Volcarona|50\/100\n|move|p2a: Volcarona|Quiver Dance|p2a: Volcarona\n|-boost|p2a: Volcarona|spa|1\n|-boost|p2a: Volcarona|spd|1\n|-boost|p2a: Volcarona|spe|1\n|\n|upkeep\n|turn|25\n|\n|t:|1699572619\n|move|p2a: Volcarona|Fiery Dance|p1a: howl me a river\n|-damage|p1a: howl me a river|46\/100\n|-boost|p2a: Volcarona|spa|1\n|move|p1a: howl me a river|Body Press|p2a: Volcarona\n|-damage|p2a: Volcarona|9\/100\n|-status|p1a: howl me a river|brn|[from] ability: Flame Body|[of] p2a: Volcarona\n|\n|-heal|p1a: howl me a river|53\/100 brn|[from] item: Leftovers\n|-damage|p1a: howl me a river|46\/100 brn|[from] brn\n|upkeep\n|turn|26\n|\n|t:|1699572625\n|move|p2a: Volcarona|Roost|p2a: Volcarona\n|-heal|p2a: Volcarona|59\/100\n|move|p1a: howl me a river|Body Press|p2a: Volcarona\n|-damage|p2a: Volcarona|39\/100\n|\n|-heal|p1a: howl me a river|53\/100 brn|[from] item: Leftovers\n|-damage|p1a: howl me a river|46\/100 brn|[from] brn\n|upkeep\n|turn|27\n|\n|t:|1699572630\n|move|p2a: Volcarona|Fiery Dance|p1a: howl me a river\n|-damage|p1a: howl me a river|0 fnt\n|-boost|p2a: Volcarona|spa|1\n|faint|p1a: howl me a river\n|\n|upkeep\n|c|\u2606TheSerperiorSnivy|gg\n|\n|t:|1699572656\n|switch|p1a: Emboarr|Charizard-Mega-Y, M|52\/100 tox\n|-weather|SunnyDay|[from] ability: Drought|[of] p1a: Emboarr\n|turn|28\n|\n|t:|1699572658\n|move|p2a: Volcarona|Tera Blast|p1a: Emboarr|[anim] Tera Blast Water\n|-supereffective|p1a: Emboarr\n|-damage|p1a: Emboarr|0 fnt\n|faint|p1a: Emboarr\n|\n|-weather|SunnyDay|[upkeep]\n|upkeep\n|\n|t:|1699572663\n|switch|p1a: above average tusk|Great Tusk|100\/100\n|-activate|p1a: above average tusk|ability: Protosynthesis\n|-start|p1a: above average tusk|protosynthesisatk\n|turn|29\n|\n|t:|1699572668\n|move|p2a: Volcarona|Tera Blast|p1a: above average tusk|[anim] Tera Blast Water\n|-supereffective|p1a: above average tusk\n|-damage|p1a: above average tusk|0 fnt\n|faint|p1a: above average tusk\n|-end|p1a: above average tusk|Protosynthesis|[silent]\n|\n|-weather|SunnyDay|[upkeep]\n|upkeep\n|\n|t:|1699572669\n|switch|p1a: leGOAT|Serperior, F|100\/100\n|turn|30\n|\n|t:|1699572672\n|move|p2a: Volcarona|Fiery Dance|p1a: leGOAT\n|-supereffective|p1a: leGOAT\n|-damage|p1a: leGOAT|0 fnt\n|-boost|p2a: Volcarona|spa|1\n|faint|p1a: leGOAT\n|\n|win|dshsb\n|raw|TheSerperiorSnivy's rating: 1388 &rarr; <strong>1376<\/strong><br \/>(-12 for losing)\n|raw|dshsb's rating: 1533 &rarr; <strong>1545<\/strong><br \/>(+12 for winning)\n","uploadtime":1699572674,"views":5,"p1id":"theserperiorsnivy","p2id":"dshsb","formatid":"gen9nationaldex","rating":1376,"private":0,"password":""}