{"id":"gen9nationaldex-1993934267","p1":"Carrotfromkanto","p2":"DarkYuichiro","format":"[Gen 9] National Dex","log":"|j|\u2606Carrotfromkanto\n|j|\u2606DarkYuichiro\n|t:|1700378142\n|gametype|singles\n|player|p1|Carrotfromkanto|cynthia|1304\n|player|p2|DarkYuichiro|roxie|1296\n|teamsize|p1|6\n|teamsize|p2|6\n|gen|9\n|tier|[Gen 9] National Dex\n|rated|\n|rule|HP Percentage Mod: HP is shown in percentages\n|rule|Endless Battle Clause: Forcing endless battles is banned\n|rule|OHKO Clause: OHKO moves are banned\n|rule|Evasion Clause: Evasion abilities, items, and moves are banned\n|rule|Evasion Abilities Clause: Evasion abilities are banned\n|rule|Evasion Items Clause: Evasion items are banned\n|rule|Evasion Moves Clause: Evasion moves are banned\n|rule|Species Clause: Limit one of each Pok\u00e9mon\n|rule|Sleep Clause Mod: Limit one foe put to sleep\n|clearpoke\n|poke|p1|Wailord, M|\n|poke|p1|Kyurem|\n|poke|p1|Quagsire, F|\n|poke|p1|Amoonguss, M|\n|poke|p1|Blissey, F|\n|poke|p1|Togekiss, F|\n|poke|p2|Amoonguss, M|\n|poke|p2|Beedrill, M|\n|poke|p2|Skeledirge, M|\n|poke|p2|Iron Moth|\n|poke|p2|Tauros-Paldea-Aqua, M|\n|poke|p2|Dondozo, M|\n|teampreview\n|\n|t:|1700378162\n|start\n|switch|p1a: Amoonguss|Amoonguss, M, shiny|100\/100\n|switch|p2a: Ferdinand|Tauros-Paldea-Aqua, M|100\/100\n|-ability|p2a: Ferdinand|Intimidate|boost\n|-unboost|p1a: Amoonguss|atk|1\n|turn|1\n|c|\u2606DarkYuichiro|Amoonguss Brothers\n|\n|t:|1700378176\n|switch|p2a: Bob|Amoonguss, M, shiny|100\/100\n|move|p1a: Amoonguss|Seed Bomb|p2a: Bob\n|-resisted|p2a: Bob\n|-damage|p2a: Bob|97\/100\n|\n|upkeep\n|turn|2\n|\n|t:|1700378190\n|switch|p1a: Wailord|Wailord, M|100\/100\n|-ability|p1a: Wailord|Pressure\n|move|p2a: Bob|Sludge Bomb|p1a: Wailord\n|-damage|p1a: Wailord|79\/100\n|\n|-heal|p1a: Wailord|85\/100|[from] item: Leftovers\n|upkeep\n|turn|3\n|c|\u2606DarkYuichiro|Ooh\n|\n|t:|1700378200\n|move|p1a: Wailord|Block|p2a: Bob\n|-activate|p2a: Bob|trapped\n|move|p2a: Bob|Giga Drain|p1a: Wailord\n|-supereffective|p1a: Wailord\n|-damage|p1a: Wailord|50\/100\n|-heal|p2a: Bob|100\/100|[from] drain|[of] p1a: Wailord\n|\n|-heal|p1a: Wailord|56\/100|[from] item: Leftovers\n|upkeep\n|turn|4\n|\n|t:|1700378209\n|-terastallize|p1a: Wailord|Ghost\n|move|p1a: Wailord|Noble Roar|p2a: Bob\n|-unboost|p2a: Bob|atk|1\n|-unboost|p2a: Bob|spa|1\n|move|p2a: Bob|Giga Drain|p1a: Wailord\n|-damage|p1a: Wailord|43\/100\n|\n|-heal|p1a: Wailord|49\/100|[from] item: Leftovers\n|upkeep\n|turn|5\n|\n|t:|1700378217\n|move|p1a: Wailord|Noble Roar|p2a: Bob\n|-unboost|p2a: Bob|atk|1\n|-unboost|p2a: Bob|spa|1\n|move|p2a: Bob|Sludge Bomb|p1a: Wailord\n|-resisted|p1a: Wailord\n|-damage|p1a: Wailord|44\/100\n|\n|-heal|p1a: Wailord|50\/100|[from] item: Leftovers\n|upkeep\n|turn|6\n|\n|t:|1700378224\n|move|p1a: Wailord|Noble Roar|p2a: Bob\n|-unboost|p2a: Bob|atk|1\n|-unboost|p2a: Bob|spa|1\n|move|p2a: Bob|Sludge Bomb|p1a: Wailord\n|-resisted|p1a: Wailord\n|-damage|p1a: Wailord|46\/100\n|-status|p1a: Wailord|psn\n|\n|-heal|p1a: Wailord|52\/100 psn|[from] item: Leftovers\n|-damage|p1a: Wailord|40\/100 psn|[from] psn\n|upkeep\n|turn|7\n|c|\u2606Carrotfromkanto|lol\n|c|\u2606DarkYuichiro|Nice Strategy\n|inactive|Battle timer is ON: inactive players will automatically lose when time's up. (requested by Carrotfromkanto)\n|\n|t:|1700378265\n|move|p1a: Wailord|Noble Roar|p2a: Bob\n|-unboost|p2a: Bob|atk|1\n|-unboost|p2a: Bob|spa|1\n|move|p2a: Bob|Sludge Bomb|p1a: Wailord\n|-resisted|p1a: Wailord\n|-damage|p1a: Wailord|36\/100 psn\n|\n|-heal|p1a: Wailord|42\/100 psn|[from] item: Leftovers\n|-damage|p1a: Wailord|30\/100 psn|[from] psn\n|upkeep\n|turn|8\n|j| prince5\n|\n|t:|1700378276\n|move|p1a: Wailord|Rest|p1a: Wailord\n|-status|p1a: Wailord|slp|[from] move: Rest\n|-heal|p1a: Wailord|100\/100 slp|[silent]\n|move|p2a: Bob|Sludge Bomb|p1a: Wailord\n|-resisted|p1a: Wailord\n|-damage|p1a: Wailord|97\/100 slp\n|\n|-heal|p1a: Wailord|100\/100 slp|[from] item: Leftovers\n|upkeep\n|turn|9\n|\n|t:|1700378281\n|cant|p1a: Wailord|slp\n|move|p2a: Bob|Clear Smog|p1a: Wailord\n|-resisted|p1a: Wailord\n|-damage|p1a: Wailord|98\/100 slp\n|-clearboost|p1a: Wailord\n|\n|-heal|p1a: Wailord|100\/100 slp|[from] item: Leftovers\n|upkeep\n|turn|10\n|\n|t:|1700378284\n|cant|p1a: Wailord|slp\n|move|p2a: Bob|Sludge Bomb|p1a: Wailord\n|-resisted|p1a: Wailord\n|-damage|p1a: Wailord|97\/100 slp\n|\n|-heal|p1a: Wailord|100\/100 slp|[from] item: Leftovers\n|upkeep\n|turn|11\n|\n|t:|1700378289\n|-curestatus|p1a: Wailord|slp|[msg]\n|move|p1a: Wailord|Defense Curl|p1a: Wailord\n|-boost|p1a: Wailord|def|1\n|move|p2a: Bob|Giga Drain|p1a: Wailord\n|-damage|p1a: Wailord|94\/100\n|\n|-heal|p1a: Wailord|100\/100|[from] item: Leftovers\n|upkeep\n|turn|12\n|\n|t:|1700378293\n|move|p1a: Wailord|Defense Curl|p1a: Wailord\n|-boost|p1a: Wailord|def|1\n|move|p2a: Bob|Clear Smog|p1a: Wailord\n|-resisted|p1a: Wailord\n|-damage|p1a: Wailord|98\/100\n|-clearboost|p1a: Wailord\n|\n|-heal|p1a: Wailord|100\/100|[from] item: Leftovers\n|upkeep\n|turn|13\n|\n|t:|1700378300\n|move|p1a: Wailord|Defense Curl|p1a: Wailord\n|-boost|p1a: Wailord|def|1\n|move|p2a: Bob|Hidden Power|p1a: Wailord\n|-damage|p1a: Wailord|97\/100\n|\n|-heal|p1a: Wailord|100\/100|[from] item: Leftovers\n|upkeep\n|turn|14\n|c|\u2606Carrotfromkanto|i got 64 defense curls\n|c|\u2606Carrotfromkanto|lmao\n|\n|t:|1700378308\n|move|p1a: Wailord|Defense Curl|p1a: Wailord\n|-boost|p1a: Wailord|def|1\n|move|p2a: Bob|Clear Smog|p1a: Wailord\n|-resisted|p1a: Wailord\n|-damage|p1a: Wailord|99\/100\n|-clearboost|p1a: Wailord\n|\n|-heal|p1a: Wailord|100\/100|[from] item: Leftovers\n|upkeep\n|turn|15\n|c|\u2606DarkYuichiro|Xd\n|\n|t:|1700378318\n|move|p1a: Wailord|Defense Curl|p1a: Wailord\n|-boost|p1a: Wailord|def|1\n|move|p2a: Bob|Hidden Power|p1a: Wailord\n|-damage|p1a: Wailord|97\/100\n|\n|-heal|p1a: Wailord|100\/100|[from] item: Leftovers\n|upkeep\n|turn|16\n|\n|t:|1700378325\n|move|p1a: Wailord|Defense Curl|p1a: Wailord\n|-boost|p1a: Wailord|def|1\n|move|p2a: Bob|Hidden Power|p1a: Wailord\n|-crit|p1a: Wailord\n|-damage|p1a: Wailord|87\/100\n|\n|-heal|p1a: Wailord|93\/100|[from] item: Leftovers\n|upkeep\n|turn|17\n|\n|t:|1700378328\n|move|p1a: Wailord|Defense Curl|p1a: Wailord\n|-boost|p1a: Wailord|def|1\n|move|p2a: Bob|Hidden Power|p1a: Wailord\n|-damage|p1a: Wailord|89\/100\n|\n|-heal|p1a: Wailord|95\/100|[from] item: Leftovers\n|upkeep\n|turn|18\n|\n|t:|1700378332\n|move|p1a: Wailord|Noble Roar|p2a: Bob\n|-unboost|p2a: Bob|atk|1\n|-unboost|p2a: Bob|spa|1\n|move|p2a: Bob|Hidden Power|p1a: Wailord\n|-damage|p1a: Wailord|92\/100\n|\n|-heal|p1a: Wailord|99\/100|[from] item: Leftovers\n|upkeep\n|turn|19\n|c| prince5|atp\n|\n|t:|1700378343\n|move|p1a: Wailord|Defense Curl|p1a: Wailord\n|-boost|p1a: Wailord|def|1\n|move|p2a: Bob|Sludge Bomb|p1a: Wailord\n|-resisted|p1a: Wailord\n|-damage|p1a: Wailord|95\/100\n|\n|-heal|p1a: Wailord|100\/100|[from] item: Leftovers\n|upkeep\n|turn|20\n|c| prince5|just use choice specs or choice scarf\n|\n|t:|1700378349\n|move|p1a: Wailord|Defense Curl|p1a: Wailord\n|-boost|p1a: Wailord|def|1\n|move|p2a: Bob|Clear Smog|p1a: Wailord\n|-resisted|p1a: Wailord\n|-damage|p1a: Wailord|99\/100\n|-clearboost|p1a: Wailord\n|\n|-heal|p1a: Wailord|100\/100|[from] item: Leftovers\n|upkeep\n|turn|21\n|c|\u2606Carrotfromkanto|no dude\n|c|\u2606Carrotfromkanto|you use smogon sets\n|c|\u2606DarkYuichiro|Hello\n|c|\u2606Carrotfromkanto|yo probably just hit the button that suggest evs too\n|inactive|Carrotfromkanto has 120 seconds left.\n|c|\u2606Carrotfromkanto|you dont think outside the box\n|\n|t:|1700378383\n|move|p1a: Wailord|Defense Curl|p1a: Wailord\n|-boost|p1a: Wailord|def|1\n|move|p2a: Bob|Hidden Power|p1a: Wailord\n|-damage|p1a: Wailord|98\/100\n|\n|-heal|p1a: Wailord|100\/100|[from] item: Leftovers\n|upkeep\n|turn|22\n|\n|t:|1700378385\n|move|p1a: Wailord|Defense Curl|p1a: Wailord\n|-boost|p1a: Wailord|def|1\n|move|p2a: Bob|Hidden Power|p1a: Wailord\n|-damage|p1a: Wailord|98\/100\n|\n|-heal|p1a: Wailord|100\/100|[from] item: Leftovers\n|upkeep\n|turn|23\n|\n|t:|1700378387\n|move|p1a: Wailord|Defense Curl|p1a: Wailord\n|-boost|p1a: Wailord|def|1\n|move|p2a: Bob|Hidden Power|p1a: Wailord\n|-damage|p1a: Wailord|98\/100\n|\n|-heal|p1a: Wailord|100\/100|[from] item: Leftovers\n|upkeep\n|turn|24\n|\n|t:|1700378394\n|move|p1a: Wailord|Defense Curl|p1a: Wailord\n|-boost|p1a: Wailord|def|1\n|move|p2a: Bob|Hidden Power|p1a: Wailord\n|-damage|p1a: Wailord|98\/100\n|\n|-heal|p1a: Wailord|100\/100|[from] item: Leftovers\n|upkeep\n|turn|25\n|c|\u2606DarkYuichiro|Defense Curl Why? \ud83e\udd14\n|c|\u2606DarkYuichiro|For PP?\n|\n|t:|1700378422\n|move|p1a: Wailord|Defense Curl|p1a: Wailord\n|-boost|p1a: Wailord|def|1\n|move|p2a: Bob|Hidden Power|p1a: Wailord\n|-damage|p1a: Wailord|98\/100\n|\n|-heal|p1a: Wailord|100\/100|[from] item: Leftovers\n|upkeep\n|turn|26\n|c|\u2606Carrotfromkanto|because it has 64 PP\n|c|\u2606Carrotfromkanto|and raises my defense\n|c|\u2606DarkYuichiro|Ok\n|l| prince5\n|\n|t:|1700378435\n|move|p1a: Wailord|Defense Curl|p1a: Wailord\n|-boost|p1a: Wailord|def|1\n|move|p2a: Bob|Clear Smog|p1a: Wailord\n|-resisted|p1a: Wailord\n|-damage|p1a: Wailord|99\/100\n|-clearboost|p1a: Wailord\n|\n|-heal|p1a: Wailord|100\/100|[from] item: Leftovers\n|upkeep\n|turn|27\n|\n|t:|1700378440\n|move|p1a: Wailord|Defense Curl|p1a: Wailord\n|-boost|p1a: Wailord|def|1\n|move|p2a: Bob|Clear Smog|p1a: Wailord\n|-resisted|p1a: Wailord\n|-damage|p1a: Wailord|99\/100\n|-clearboost|p1a: Wailord\n|\n|-heal|p1a: Wailord|100\/100|[from] item: Leftovers\n|upkeep\n|turn|28\n|\n|t:|1700378452\n|move|p1a: Wailord|Defense Curl|p1a: Wailord\n|-boost|p1a: Wailord|def|1\n|move|p2a: Bob|Giga Drain|p1a: Wailord\n|-damage|p1a: Wailord|95\/100\n|\n|-heal|p1a: Wailord|100\/100|[from] item: Leftovers\n|upkeep\n|turn|29\n|\n|t:|1700378457\n|move|p1a: Wailord|Defense Curl|p1a: Wailord\n|-boost|p1a: Wailord|def|1\n|move|p2a: Bob|Giga Drain|p1a: Wailord\n|-damage|p1a: Wailord|96\/100\n|\n|-heal|p1a: Wailord|100\/100|[from] item: Leftovers\n|upkeep\n|turn|30\n|\n|t:|1700378467\n|move|p1a: Wailord|Defense Curl|p1a: Wailord\n|-boost|p1a: Wailord|def|1\n|move|p2a: Bob|Clear Smog|p1a: Wailord\n|-resisted|p1a: Wailord\n|-damage|p1a: Wailord|99\/100\n|-clearboost|p1a: Wailord\n|\n|-heal|p1a: Wailord|100\/100|[from] item: Leftovers\n|upkeep\n|turn|31\n|\n|t:|1700378474\n|move|p1a: Wailord|Defense Curl|p1a: Wailord\n|-boost|p1a: Wailord|def|1\n|move|p2a: Bob|Clear Smog|p1a: Wailord\n|-resisted|p1a: Wailord\n|-damage|p1a: Wailord|99\/100\n|-clearboost|p1a: Wailord\n|\n|-heal|p1a: Wailord|100\/100|[from] item: Leftovers\n|upkeep\n|turn|32\n|\n|t:|1700378484\n|move|p1a: Wailord|Defense Curl|p1a: Wailord\n|-boost|p1a: Wailord|def|1\n|move|p2a: Bob|Giga Drain|p1a: Wailord\n|-damage|p1a: Wailord|95\/100\n|\n|-heal|p1a: Wailord|100\/100|[from] item: Leftovers\n|upkeep\n|turn|33\n|\n|t:|1700378489\n|move|p1a: Wailord|Defense Curl|p1a: Wailord\n|-boost|p1a: Wailord|def|1\n|move|p2a: Bob|Clear Smog|p1a: Wailord\n|-resisted|p1a: Wailord\n|-damage|p1a: Wailord|99\/100\n|-clearboost|p1a: Wailord\n|\n|-heal|p1a: Wailord|100\/100|[from] item: Leftovers\n|upkeep\n|turn|34\n|\n|t:|1700378501\n|move|p1a: Wailord|Noble Roar|p2a: Bob\n|-unboost|p2a: Bob|atk|1\n|-unboost|p2a: Bob|spa|1\n|move|p2a: Bob|Clear Smog|p1a: Wailord\n|-resisted|p1a: Wailord\n|-damage|p1a: Wailord|99\/100\n|-clearboost|p1a: Wailord\n|\n|-heal|p1a: Wailord|100\/100|[from] item: Leftovers\n|upkeep\n|turn|35\n|\n|t:|1700378514\n|move|p1a: Wailord|Defense Curl|p1a: Wailord\n|-boost|p1a: Wailord|def|1\n|move|p2a: Bob|Clear Smog|p1a: Wailord\n|-resisted|p1a: Wailord\n|-damage|p1a: Wailord|99\/100\n|-clearboost|p1a: Wailord\n|\n|-heal|p1a: Wailord|100\/100|[from] item: Leftovers\n|upkeep\n|turn|36\n|c|\u2606Carrotfromkanto|im having fun\n|inactive|DarkYuichiro has 120 seconds left.\n|inactive|DarkYuichiro has 90 seconds left.\n|inactive|DarkYuichiro has 60 seconds left.\n|\n|t:|1700378608\n|move|p1a: Wailord|Defense Curl|p1a: Wailord\n|-boost|p1a: Wailord|def|1\n|move|p2a: Bob|Clear Smog|p1a: Wailord\n|-resisted|p1a: Wailord\n|-damage|p1a: Wailord|99\/100\n|-clearboost|p1a: Wailord\n|\n|-heal|p1a: Wailord|100\/100|[from] item: Leftovers\n|upkeep\n|turn|37\n|c|\u2606DarkYuichiro|What set do you take the Wailord with?\n|inactive|DarkYuichiro has 60 seconds left.\n|c|\u2606Carrotfromkanto|come again?\n|\n|t:|1700378627\n|move|p1a: Wailord|Defense Curl|p1a: Wailord\n|-boost|p1a: Wailord|def|1\n|move|p2a: Bob|Hidden Power|p1a: Wailord\n|-damage|p1a: Wailord|98\/100\n|\n|-heal|p1a: Wailord|100\/100|[from] item: Leftovers\n|upkeep\n|turn|38\n|inactive|DarkYuichiro has 60 seconds left.\n|c|\u2606DarkYuichiro|Evs\n|c|\u2606Carrotfromkanto|its a secret\n|\n|t:|1700378644\n|move|p1a: Wailord|Defense Curl|p1a: Wailord\n|-boost|p1a: Wailord|def|1\n|move|p2a: Bob|Hidden Power|p1a: Wailord\n|-damage|p1a: Wailord|98\/100\n|\n|-heal|p1a: Wailord|100\/100|[from] item: Leftovers\n|upkeep\n|turn|39\n|\n|t:|1700378654\n|move|p1a: Wailord|Defense Curl|p1a: Wailord\n|-boost|p1a: Wailord|def|1\n|move|p2a: Bob|Giga Drain|p1a: Wailord\n|-damage|p1a: Wailord|96\/100\n|\n|-heal|p1a: Wailord|100\/100|[from] item: Leftovers\n|upkeep\n|turn|40\n|\n|t:|1700378660\n|move|p1a: Wailord|Defense Curl|p1a: Wailord\n|-boost|p1a: Wailord|def|1\n|move|p2a: Bob|Sludge Bomb|p1a: Wailord\n|-resisted|p1a: Wailord\n|-damage|p1a: Wailord|98\/100\n|\n|-heal|p1a: Wailord|100\/100|[from] item: Leftovers\n|upkeep\n|turn|41\n|\n|t:|1700378669\n|move|p1a: Wailord|Defense Curl|p1a: Wailord\n|-boost|p1a: Wailord|def|1\n|move|p2a: Bob|Giga Drain|p1a: Wailord\n|-damage|p1a: Wailord|96\/100\n|\n|-heal|p1a: Wailord|100\/100|[from] item: Leftovers\n|upkeep\n|turn|42\n|\n|t:|1700378675\n|move|p1a: Wailord|Defense Curl|p1a: Wailord\n|-boost|p1a: Wailord|def|1\n|-activate|p2a: Bob|move: Struggle\n|move|p2a: Bob|Struggle|p1a: Wailord\n|-damage|p1a: Wailord|99\/100\n|-damage|p2a: Bob|75\/100|[from] recoil\n|\n|-heal|p1a: Wailord|100\/100|[from] item: Leftovers\n|upkeep\n|turn|43\n|inactive|DarkYuichiro has 60 seconds left.\n|c|\u2606DarkYuichiro|F\n|\n|t:|1700378703\n|move|p1a: Wailord|Noble Roar|p2a: Bob\n|-unboost|p2a: Bob|atk|0\n|-unboost|p2a: Bob|spa|0\n|-activate|p2a: Bob|move: Struggle\n|move|p2a: Bob|Struggle|p1a: Wailord\n|-damage|p1a: Wailord|99\/100\n|-damage|p2a: Bob|50\/100|[from] recoil\n|\n|-heal|p1a: Wailord|100\/100|[from] item: Leftovers\n|upkeep\n|turn|44\n|\n|t:|1700378708\n|move|p1a: Wailord|Noble Roar|p2a: Bob\n|-unboost|p2a: Bob|atk|0\n|-unboost|p2a: Bob|spa|0\n|-activate|p2a: Bob|move: Struggle\n|move|p2a: Bob|Struggle|p1a: Wailord\n|-damage|p1a: Wailord|99\/100\n|-damage|p2a: Bob|25\/100|[from] recoil\n|\n|-heal|p1a: Wailord|100\/100|[from] item: Leftovers\n|upkeep\n|turn|45\n|\n|t:|1700378711\n|move|p1a: Wailord|Noble Roar|p2a: Bob\n|-unboost|p2a: Bob|atk|0\n|-unboost|p2a: Bob|spa|0\n|-activate|p2a: Bob|move: Struggle\n|move|p2a: Bob|Struggle|p1a: Wailord\n|-damage|p1a: Wailord|99\/100\n|-damage|p2a: Bob|0 fnt|[from] recoil\n|faint|p2a: Bob\n|\n|-heal|p1a: Wailord|100\/100|[from] item: Leftovers\n|upkeep\n|c|\u2606Carrotfromkanto|lol\n|\n|t:|1700378720\n|switch|p2a: Fezanditi|Beedrill, M, shiny|100\/100\n|turn|46\n|c|\u2606Carrotfromkanto|and ill do it again\n|\n|t:|1700378732\n|detailschange|p2a: Fezanditi|Beedrill-Mega, M, shiny\n|-mega|p2a: Fezanditi|Beedrill|Beedrillite\n|move|p2a: Fezanditi|Knock Off|p1a: Wailord\n|-supereffective|p1a: Wailord\n|-damage|p1a: Wailord|82\/100\n|-enditem|p1a: Wailord|Leftovers|[from] move: Knock Off|[of] p2a: Fezanditi\n|move|p1a: Wailord|Block|p2a: Fezanditi\n|-activate|p2a: Fezanditi|trapped\n|\n|upkeep\n|turn|47\n|\n|t:|1700378745\n|move|p2a: Fezanditi|Poison Jab|p1a: Wailord\n|-resisted|p1a: Wailord\n|-damage|p1a: Wailord|74\/100\n|move|p1a: Wailord|Block||[still]\n|-fail|p1a: Wailord\n|\n|upkeep\n|turn|48\n|\n|t:|1700378757\n|move|p2a: Fezanditi|Poison Jab|p1a: Wailord\n|-resisted|p1a: Wailord\n|-damage|p1a: Wailord|68\/100\n|move|p1a: Wailord|Noble Roar|p2a: Fezanditi\n|-unboost|p2a: Fezanditi|atk|1\n|-unboost|p2a: Fezanditi|spa|1\n|\n|upkeep\n|turn|49\n|\n|t:|1700378763\n|move|p2a: Fezanditi|Drill Run|p1a: Wailord\n|-damage|p1a: Wailord|62\/100\n|move|p1a: Wailord|Noble Roar|p2a: Fezanditi\n|-unboost|p2a: Fezanditi|atk|1\n|-unboost|p2a: Fezanditi|spa|1\n|\n|upkeep\n|turn|50\n|\n|t:|1700378771\n|move|p2a: Fezanditi|Drill Run|p1a: Wailord\n|-damage|p1a: Wailord|58\/100\n|move|p1a: Wailord|Noble Roar|p2a: Fezanditi\n|-unboost|p2a: Fezanditi|atk|1\n|-unboost|p2a: Fezanditi|spa|1\n|\n|upkeep\n|turn|51\n|\n|t:|1700378776\n|move|p2a: Fezanditi|Drill Run|p1a: Wailord\n|-damage|p1a: Wailord|55\/100\n|move|p1a: Wailord|Noble Roar|p2a: Fezanditi\n|-unboost|p2a: Fezanditi|atk|1\n|-unboost|p2a: Fezanditi|spa|1\n|\n|upkeep\n|turn|52\n|\n|t:|1700378781\n|move|p2a: Fezanditi|Drill Run|p1a: Wailord\n|-damage|p1a: Wailord|53\/100\n|move|p1a: Wailord|Noble Roar|p2a: Fezanditi\n|-unboost|p2a: Fezanditi|atk|1\n|-unboost|p2a: Fezanditi|spa|1\n|\n|upkeep\n|turn|53\n|\n|t:|1700378786\n|move|p2a: Fezanditi|Poison Jab|p1a: Wailord\n|-resisted|p1a: Wailord\n|-damage|p1a: Wailord|50\/100\n|move|p1a: Wailord|Noble Roar|p2a: Fezanditi\n|-unboost|p2a: Fezanditi|atk|1\n|-unboost|p2a: Fezanditi|spa|1\n|\n|upkeep\n|turn|54\n|\n|t:|1700378795\n|move|p2a: Fezanditi|Poison Jab|p1a: Wailord\n|-resisted|p1a: Wailord\n|-damage|p1a: Wailord|48\/100\n|move|p1a: Wailord|Noble Roar|p2a: Fezanditi\n|-unboost|p2a: Fezanditi|atk|0\n|-unboost|p2a: Fezanditi|spa|0\n|\n|upkeep\n|turn|55\n|\n|t:|1700378798\n|move|p2a: Fezanditi|Poison Jab|p1a: Wailord\n|-resisted|p1a: Wailord\n|-damage|p1a: Wailord|46\/100\n|move|p1a: Wailord|Noble Roar|p2a: Fezanditi\n|-unboost|p2a: Fezanditi|atk|0\n|-unboost|p2a: Fezanditi|spa|0\n|\n|upkeep\n|turn|56\n|\n|t:|1700378800\n|move|p2a: Fezanditi|Drill Run|p1a: Wailord\n|-damage|p1a: Wailord|44\/100\n|move|p1a: Wailord|Noble Roar|p2a: Fezanditi\n|-unboost|p2a: Fezanditi|atk|0\n|-unboost|p2a: Fezanditi|spa|0\n|\n|upkeep\n|turn|57\n|\n|t:|1700378802\n|move|p2a: Fezanditi|Drill Run|p1a: Wailord\n|-crit|p1a: Wailord\n|-damage|p1a: Wailord|2\/100\n|move|p1a: Wailord|Noble Roar|p2a: Fezanditi\n|-unboost|p2a: Fezanditi|atk|0\n|-unboost|p2a: Fezanditi|spa|0\n|\n|upkeep\n|turn|58\n|\n|t:|1700378807\n|move|p2a: Fezanditi|Fell Stinger|p1a: Wailord\n|-resisted|p1a: Wailord\n|-damage|p1a: Wailord|0 fnt\n|faint|p1a: Wailord\n|-boost|p2a: Fezanditi|atk|3\n|\n|upkeep\n|c|\u2606DarkYuichiro|UwU\n|c|\u2606Carrotfromkanto|lol\n|\n|t:|1700378830\n|switch|p1a: Amoonguss|Amoonguss, M, shiny|100\/100\n|turn|59\n|c|\u2606DarkYuichiro|Nice Wailord\n|\n|t:|1700378836\n|switch|p2a: Guayando|Skeledirge, M, shiny|100\/100\n|move|p1a: Amoonguss|Spore|p2a: Guayando\n|-status|p2a: Guayando|slp|[from] move: Spore\n|\n|upkeep\n|turn|60\n|\n|t:|1700378845\n|switch|p2a: Fezanditi|Beedrill-Mega, M, shiny|100\/100\n|switch|p1a: Quagsire|Quagsire, F|100\/100\n|\n|upkeep\n|turn|61\n|\n|t:|1700378852\n|move|p2a: Fezanditi|Knock Off|p1a: Quagsire\n|-damage|p1a: Quagsire|75\/100\n|-enditem|p1a: Quagsire|Rindo Berry|[from] move: Knock Off|[of] p2a: Fezanditi\n|move|p1a: Quagsire|Scald|p2a: Fezanditi\n|-damage|p2a: Fezanditi|72\/100\n|\n|upkeep\n|turn|62\n|\n|t:|1700378863\n|switch|p2a: Mondongo|Dondozo, M|100\/100\n|move|p1a: Quagsire|Scald|p2a: Mondongo\n|-resisted|p2a: Mondongo\n|-damage|p2a: Mondongo|93\/100\n|\n|-heal|p2a: Mondongo|99\/100|[from] item: Leftovers\n|upkeep\n|turn|63\n|\n|t:|1700378868\n|move|p2a: Mondongo|Curse|p2a: Mondongo\n|-unboost|p2a: Mondongo|spe|1\n|-boost|p2a: Mondongo|atk|1\n|-boost|p2a: Mondongo|def|1\n|move|p1a: Quagsire|Toxic|p2a: Mondongo\n|-status|p2a: Mondongo|tox\n|\n|-heal|p2a: Mondongo|100\/100 tox|[from] item: Leftovers\n|-damage|p2a: Mondongo|94\/100 tox|[from] psn\n|upkeep\n|turn|64\n|\n|t:|1700378876\n|move|p1a: Quagsire|Earthquake|p2a: Mondongo\n|-damage|p2a: Mondongo|78\/100 tox\n|move|p2a: Mondongo|Curse|p2a: Mondongo\n|-unboost|p2a: Mondongo|spe|1\n|-boost|p2a: Mondongo|atk|1\n|-boost|p2a: Mondongo|def|1\n|\n|-heal|p2a: Mondongo|84\/100 tox|[from] item: Leftovers\n|-damage|p2a: Mondongo|72\/100 tox|[from] psn\n|upkeep\n|turn|65\n|\n|t:|1700378879\n|move|p1a: Quagsire|Earthquake|p2a: Mondongo\n|-damage|p2a: Mondongo|57\/100 tox\n|move|p2a: Mondongo|Curse|p2a: Mondongo\n|-unboost|p2a: Mondongo|spe|1\n|-boost|p2a: Mondongo|atk|1\n|-boost|p2a: Mondongo|def|1\n|\n|-heal|p2a: Mondongo|63\/100 tox|[from] item: Leftovers\n|-damage|p2a: Mondongo|45\/100 tox|[from] psn\n|upkeep\n|turn|66\n|\n|t:|1700378881\n|move|p1a: Quagsire|Earthquake|p2a: Mondongo\n|-damage|p2a: Mondongo|28\/100 tox\n|move|p2a: Mondongo|Rest|p2a: Mondongo\n|-status|p2a: Mondongo|slp|[from] move: Rest\n|-heal|p2a: Mondongo|100\/100 slp|[silent]\n|\n|upkeep\n|turn|67\n|\n|t:|1700378888\n|switch|p1a: Amoonguss|Amoonguss, M, shiny|100\/100\n|cant|p2a: Mondongo|slp\n|\n|upkeep\n|turn|68\n|\n|t:|1700378907\n|switch|p2a: Mothra|Iron Moth|100\/100\n|-enditem|p2a: Mothra|Booster Energy\n|-activate|p2a: Mothra|ability: Quark Drive|[fromitem]\n|-start|p2a: Mothra|quarkdrivespa\n|move|p1a: Amoonguss|Clear Smog|p2a: Mothra\n|-resisted|p2a: Mothra\n|-damage|p2a: Mothra|92\/100\n|-clearboost|p2a: Mothra\n|\n|upkeep\n|turn|69\n|\n|t:|1700378937\n|switch|p1a: Blissey|Blissey, F|100\/100\n|move|p2a: Mothra|Fiery Dance|p1a: Blissey\n|-damage|p1a: Blissey|78\/100\n|-boost|p2a: Mothra|spa|1\n|\n|upkeep\n|turn|70\n|\n|t:|1700378947\n|move|p2a: Mothra|Sludge Wave|p1a: Blissey\n|-damage|p1a: Blissey|43\/100\n|move|p1a: Blissey|Wish|p1a: Blissey\n|\n|upkeep\n|turn|71\n|\n|t:|1700378957\n|move|p2a: Mothra|Fiery Dance|p1a: Blissey\n|-damage|p1a: Blissey|12\/100\n|-boost|p2a: Mothra|spa|1\n|move|p1a: Blissey|Soft-Boiled|p1a: Blissey\n|-heal|p1a: Blissey|62\/100\n|\n|-heal|p1a: Blissey|100\/100|[from] move: Wish|[wisher] Blissey\n|upkeep\n|turn|72\n|\n|t:|1700378961\n|move|p2a: Mothra|Fiery Dance|p1a: Blissey\n|-damage|p1a: Blissey|56\/100\n|-boost|p2a: Mothra|spa|1\n|move|p1a: Blissey|Seismic Toss|p2a: Mothra\n|-damage|p2a: Mothra|59\/100\n|\n|upkeep\n|turn|73\n|\n|t:|1700378966\n|move|p2a: Mothra|Fiery Dance|p1a: Blissey\n|-damage|p1a: Blissey|0 fnt\n|faint|p1a: Blissey\n|\n|upkeep\n|\n|t:|1700378969\n|switch|p1a: Quagsire|Quagsire, F|75\/100\n|turn|74\n|\n|t:|1700378974\n|move|p2a: Mothra|Energy Ball|p1a: Quagsire\n|-supereffective|p1a: Quagsire\n|-damage|p1a: Quagsire|0 fnt\n|faint|p1a: Quagsire\n|\n|upkeep\n|-message|Carrotfromkanto forfeited.\n|\n|win|DarkYuichiro\n|raw|Carrotfromkanto's rating: 1304 &rarr; <strong>1284<\/strong><br \/>(-20 for losing)\n|raw|DarkYuichiro's rating: 1296 &rarr; <strong>1322<\/strong><br \/>(+26 for winning)\n|l|\u2606Carrotfromkanto\n|c|\u2606DarkYuichiro|Gg\n","uploadtime":1700378998,"views":18,"p1id":"carrotfromkanto","p2id":"darkyuichiro","formatid":"gen9nationaldex","rating":1284,"private":0,"password":""}