{"id":"gen9nationaldex-1996107782","p1":"dadi02","p2":"Fycc","format":"[Gen 9] National Dex","log":"|html|<div class=\"broadcast-blue\"><strong>[Gen 9] National Dex is currently suspecting Sneasler! For information on how to participate check out the <a href=\"https:\/\/www.smogon.com\/forums\/threads\/sv-national-dex-suspect-8-just-dance.3731534\/\">suspect thread<\/a>.<\/strong><\/div>\n|j|\u2606dadi02\n|j|\u2606Fycc\n|t:|1700645276\n|gametype|singles\n|player|p1|dadi02|beauty|1509\n|player|p2|Fycc|170|1513\n|teamsize|p1|6\n|teamsize|p2|6\n|gen|9\n|tier|[Gen 9] National Dex\n|rated|\n|rule|HP Percentage Mod: HP is shown in percentages\n|rule|Endless Battle Clause: Forcing endless battles is banned\n|rule|OHKO Clause: OHKO moves are banned\n|rule|Evasion Clause: Evasion abilities, items, and moves are banned\n|rule|Evasion Abilities Clause: Evasion abilities are banned\n|rule|Evasion Items Clause: Evasion items are banned\n|rule|Evasion Moves Clause: Evasion moves are banned\n|rule|Species Clause: Limit one of each Pok\u00e9mon\n|rule|Sleep Clause Mod: Limit one foe put to sleep\n|clearpoke\n|poke|p1|Yanmega, M|\n|poke|p1|Centiskorch, F|\n|poke|p1|Durant, F|\n|poke|p1|Ribombee, F|\n|poke|p1|Buzzwole|\n|poke|p1|Pinsir, M|\n|poke|p2|Garganacl, F|\n|poke|p2|Zamazenta-*|\n|poke|p2|Suicune|\n|poke|p2|Okidogi, M|\n|poke|p2|Manectric, M|\n|poke|p2|Lycanroc-Dusk, M|\n|teampreview\n|inactive|Battle timer is ON: inactive players will automatically lose when time's up. (requested by Fycc)\n|\n|t:|1700645282\n|start\n|switch|p1a: \u6b7b\u4e5f\u8981\u628a\u866b\u7f51\u6492\u51fa\u6765|Ribombee, F, shiny|100\/100\n|switch|p2a: Lycanroc|Lycanroc-Dusk, M|100\/100\n|turn|1\n|\n|t:|1700645290\n|move|p1a: \u6b7b\u4e5f\u8981\u628a\u866b\u7f51\u6492\u51fa\u6765|Sticky Web|p2a: Lycanroc\n|-sidestart|p2: Fycc|move: Sticky Web\n|move|p2a: Lycanroc|Stealth Rock|p1a: \u6b7b\u4e5f\u8981\u628a\u866b\u7f51\u6492\u51fa\u6765\n|-sidestart|p1: dadi02|move: Stealth Rock\n|\n|upkeep\n|turn|2\n|\n|t:|1700645300\n|switch|p2a: Garganacl|Garganacl, F|100\/100\n|-activate|p2a: Garganacl|move: Sticky Web\n|-unboost|p2a: Garganacl|spe|1\n|move|p1a: \u6b7b\u4e5f\u8981\u628a\u866b\u7f51\u6492\u51fa\u6765|Moonblast|p2a: Garganacl\n|-damage|p2a: Garganacl|74\/100\n|-unboost|p2a: Garganacl|spa|1\n|\n|-heal|p2a: Garganacl|80\/100|[from] item: Leftovers\n|upkeep\n|turn|3\n|\n|t:|1700645312\n|move|p1a: \u6b7b\u4e5f\u8981\u628a\u866b\u7f51\u6492\u51fa\u6765|Defog|p2a: Garganacl\n|-unboost|p2a: Garganacl|evasion|1\n|-sideend|p2: Fycc|Sticky Web|[from] move: Defog|[of] p1a: \u6b7b\u4e5f\u8981\u628a\u866b\u7f51\u6492\u51fa\u6765\n|-sideend|p1: dadi02|Stealth Rock|[from] move: Defog|[of] p1a: \u6b7b\u4e5f\u8981\u628a\u866b\u7f51\u6492\u51fa\u6765\n|move|p2a: Garganacl|Salt Cure|p1a: \u6b7b\u4e5f\u8981\u628a\u866b\u7f51\u6492\u51fa\u6765\n|-supereffective|p1a: \u6b7b\u4e5f\u8981\u628a\u866b\u7f51\u6492\u51fa\u6765\n|-damage|p1a: \u6b7b\u4e5f\u8981\u628a\u866b\u7f51\u6492\u51fa\u6765|45\/100\n|\n|-heal|p2a: Garganacl|86\/100|[from] item: Leftovers\n|upkeep\n|turn|4\n|\n|t:|1700645324\n|move|p1a: \u6b7b\u4e5f\u8981\u628a\u866b\u7f51\u6492\u51fa\u6765|Sticky Web|p2a: Garganacl\n|-sidestart|p2: Fycc|move: Sticky Web\n|move|p2a: Garganacl|Salt Cure|p1a: \u6b7b\u4e5f\u8981\u628a\u866b\u7f51\u6492\u51fa\u6765\n|-supereffective|p1a: \u6b7b\u4e5f\u8981\u628a\u866b\u7f51\u6492\u51fa\u6765\n|-damage|p1a: \u6b7b\u4e5f\u8981\u628a\u866b\u7f51\u6492\u51fa\u6765|0 fnt\n|faint|p1a: \u6b7b\u4e5f\u8981\u628a\u866b\u7f51\u6492\u51fa\u6765\n|\n|-heal|p2a: Garganacl|92\/100|[from] item: Leftovers\n|upkeep\n|\n|t:|1700645341\n|switch|p1a: \u5403\u6211\u949b\u6676\u866b\u866b\u9e23!|Yanmega, M, shiny|100\/100\n|turn|5\n|\n|t:|1700645356\n|move|p1a: \u5403\u6211\u949b\u6676\u866b\u866b\u9e23!|Bug Buzz|p2a: Garganacl\n|-damage|p2a: Garganacl|44\/100\n|move|p2a: Garganacl|Salt Cure|p1a: \u5403\u6211\u949b\u6676\u866b\u866b\u9e23!\n|-supereffective|p1a: \u5403\u6211\u949b\u6676\u866b\u866b\u9e23!\n|-damage|p1a: \u5403\u6211\u949b\u6676\u866b\u866b\u9e23!|28\/100\n|-start|p1a: \u5403\u6211\u949b\u6676\u866b\u866b\u9e23!|Salt Cure\n|\n|-heal|p2a: Garganacl|50\/100|[from] item: Leftovers\n|-damage|p1a: \u5403\u6211\u949b\u6676\u866b\u866b\u9e23!|15\/100|[from] Salt Cure\n|upkeep\n|turn|6\n|\n|t:|1700645367\n|switch|p2a: Okidogi|Okidogi, M|100\/100\n|-activate|p2a: Okidogi|move: Sticky Web\n|-unboost|p2a: Okidogi|spe|1\n|move|p1a: \u5403\u6211\u949b\u6676\u866b\u866b\u9e23!|Bug Buzz|p2a: Okidogi\n|-resisted|p2a: Okidogi\n|-damage|p2a: Okidogi|69\/100\n|\n|-heal|p2a: Okidogi|75\/100|[from] item: Leftovers\n|-damage|p1a: \u5403\u6211\u949b\u6676\u866b\u866b\u9e23!|3\/100|[from] Salt Cure\n|upkeep\n|turn|7\n|\n|t:|1700645378\n|move|p1a: \u5403\u6211\u949b\u6676\u866b\u866b\u9e23!|Bug Buzz|p2a: Okidogi\n|-resisted|p2a: Okidogi\n|-damage|p2a: Okidogi|44\/100\n|move|p2a: Okidogi|Bulk Up|p2a: Okidogi\n|-boost|p2a: Okidogi|atk|1\n|-boost|p2a: Okidogi|def|1\n|\n|-heal|p2a: Okidogi|50\/100|[from] item: Leftovers\n|-damage|p1a: \u5403\u6211\u949b\u6676\u866b\u866b\u9e23!|0 fnt|[from] Salt Cure\n|faint|p1a: \u5403\u6211\u949b\u6676\u866b\u866b\u9e23!\n|upkeep\n|\n|t:|1700645389\n|switch|p1a: \u6597z\u89e3\u51b3\u4e00\u5207\u706b\u94a2|Durant, F, shiny|100\/100\n|turn|8\n|\n|t:|1700645398\n|move|p1a: \u6597z\u89e3\u51b3\u4e00\u5207\u706b\u94a2|Hone Claws|p1a: \u6597z\u89e3\u51b3\u4e00\u5207\u706b\u94a2\n|-boost|p1a: \u6597z\u89e3\u51b3\u4e00\u5207\u706b\u94a2|atk|1\n|-boost|p1a: \u6597z\u89e3\u51b3\u4e00\u5207\u706b\u94a2|accuracy|1\n|move|p2a: Okidogi|Drain Punch|p1a: \u6597z\u89e3\u51b3\u4e00\u5207\u706b\u94a2\n|-damage|p1a: \u6597z\u89e3\u51b3\u4e00\u5207\u706b\u94a2|38\/100\n|-heal|p2a: Okidogi|72\/100|[from] drain|[of] p1a: \u6597z\u89e3\u51b3\u4e00\u5207\u706b\u94a2\n|\n|-heal|p2a: Okidogi|78\/100|[from] item: Leftovers\n|upkeep\n|turn|9\n|\n|t:|1700645408\n|-zpower|p1a: \u6597z\u89e3\u51b3\u4e00\u5207\u706b\u94a2\n|move|p1a: \u6597z\u89e3\u51b3\u4e00\u5207\u706b\u94a2|Continental Crush|p2a: Okidogi|[zeffect]\n|-resisted|p2a: Okidogi\n|-damage|p2a: Okidogi|47\/100\n|move|p2a: Okidogi|Drain Punch|p1a: \u6597z\u89e3\u51b3\u4e00\u5207\u706b\u94a2\n|-damage|p1a: \u6597z\u89e3\u51b3\u4e00\u5207\u706b\u94a2|0 fnt\n|-heal|p2a: Okidogi|60\/100|[from] drain|[of] p1a: \u6597z\u89e3\u51b3\u4e00\u5207\u706b\u94a2\n|faint|p1a: \u6597z\u89e3\u51b3\u4e00\u5207\u706b\u94a2\n|\n|-heal|p2a: Okidogi|66\/100|[from] item: Leftovers\n|upkeep\n|\n|t:|1700645422\n|switch|p1a: \u5c31\u4f60\u53eb\u706b\u795e\u866b\u554a|Centiskorch, F, shiny|100\/100\n|turn|10\n|\n|t:|1700645427\n|-terastallize|p2a: Okidogi|Dark\n|move|p1a: \u5c31\u4f60\u53eb\u706b\u795e\u866b\u554a|Knock Off|p2a: Okidogi\n|-resisted|p2a: Okidogi\n|-damage|p2a: Okidogi|59\/100\n|-enditem|p2a: Okidogi|Leftovers|[from] move: Knock Off|[of] p1a: \u5c31\u4f60\u53eb\u706b\u795e\u866b\u554a\n|move|p2a: Okidogi|Poison Jab|p1a: \u5c31\u4f60\u53eb\u706b\u795e\u866b\u554a\n|-damage|p1a: \u5c31\u4f60\u53eb\u706b\u795e\u866b\u554a|27\/100\n|-status|p1a: \u5c31\u4f60\u53eb\u706b\u795e\u866b\u554a|psn\n|\n|-damage|p1a: \u5c31\u4f60\u53eb\u706b\u795e\u866b\u554a|14\/100 psn|[from] psn\n|upkeep\n|turn|11\n|\n|t:|1700645440\n|move|p1a: \u5c31\u4f60\u53eb\u706b\u795e\u866b\u554a|Flare Blitz|p2a: Okidogi\n|-damage|p2a: Okidogi|30\/100\n|-damage|p1a: \u5c31\u4f60\u53eb\u706b\u795e\u866b\u554a|5\/100 psn|[from] Recoil\n|move|p2a: Okidogi|Bulk Up|p2a: Okidogi\n|-boost|p2a: Okidogi|atk|1\n|-boost|p2a: Okidogi|def|1\n|\n|-damage|p1a: \u5c31\u4f60\u53eb\u706b\u795e\u866b\u554a|0 fnt|[from] psn\n|faint|p1a: \u5c31\u4f60\u53eb\u706b\u795e\u866b\u554a\n|upkeep\n|\n|t:|1700645450\n|switch|p1a: \u5927\u7532\uff0c\u542f\u52a8!|Pinsir, M, shiny|100\/100\n|turn|12\n|\n|t:|1700645456\n|detailschange|p1a: \u5927\u7532\uff0c\u542f\u52a8!|Pinsir-Mega, M, shiny\n|-mega|p1a: \u5927\u7532\uff0c\u542f\u52a8!|Pinsir|Pinsirite\n|move|p1a: \u5927\u7532\uff0c\u542f\u52a8!|Frustration|p2a: Okidogi\n|-damage|p2a: Okidogi|0 fnt\n|faint|p2a: Okidogi\n|\n|upkeep\n|\n|t:|1700645470\n|switch|p2a: Manectric|Manectric, M|100\/100\n|-activate|p2a: Manectric|move: Sticky Web\n|-unboost|p2a: Manectric|spe|1\n|turn|13\n|\n|t:|1700645477\n|detailschange|p2a: Manectric|Manectric-Mega, M\n|-mega|p2a: Manectric|Manectric|Manectite\n|-ability|p2a: Manectric|Intimidate|boost\n|-unboost|p1a: \u5927\u7532\uff0c\u542f\u52a8!|atk|1\n|move|p1a: \u5927\u7532\uff0c\u542f\u52a8!|Earthquake|p2a: Manectric\n|-supereffective|p2a: Manectric\n|-damage|p2a: Manectric|24\/100\n|move|p2a: Manectric|Thunderbolt|p1a: \u5927\u7532\uff0c\u542f\u52a8!\n|-supereffective|p1a: \u5927\u7532\uff0c\u542f\u52a8!\n|-damage|p1a: \u5927\u7532\uff0c\u542f\u52a8!|0 fnt\n|faint|p1a: \u5927\u7532\uff0c\u542f\u52a8!\n|\n|upkeep\n|\n|t:|1700645487\n|switch|p1a: \u868a\u7237\u7237|Buzzwole, shiny|100\/100\n|turn|14\n|\n|t:|1700645493\n|-terastallize|p1a: \u868a\u7237\u7237|Electric\n|move|p2a: Manectric|Thunderbolt|p1a: \u868a\u7237\u7237\n|-resisted|p1a: \u868a\u7237\u7237\n|-damage|p1a: \u868a\u7237\u7237|70\/100\n|move|p1a: \u868a\u7237\u7237|Drain Punch|p2a: Manectric\n|-damage|p2a: Manectric|0 fnt\n|-heal|p1a: \u868a\u7237\u7237|78\/100|[from] drain|[of] p2a: Manectric\n|faint|p2a: Manectric\n|-ability|p1a: \u868a\u7237\u7237|Beast Boost|boost\n|-boost|p1a: \u868a\u7237\u7237|def|1\n|\n|upkeep\n|\n|t:|1700645510\n|switch|p2a: Lycanroc|Lycanroc-Dusk, M|100\/100\n|-activate|p2a: Lycanroc|move: Sticky Web\n|-unboost|p2a: Lycanroc|spe|1\n|turn|15\n|\n|t:|1700645520\n|move|p1a: \u868a\u7237\u7237|Bulk Up|p1a: \u868a\u7237\u7237\n|-boost|p1a: \u868a\u7237\u7237|atk|1\n|-boost|p1a: \u868a\u7237\u7237|def|1\n|move|p2a: Lycanroc|Counter||[still]\n|-fail|p2a: Lycanroc\n|\n|upkeep\n|turn|16\n|\n|t:|1700645529\n|move|p1a: \u868a\u7237\u7237|Bulk Up|p1a: \u868a\u7237\u7237\n|-boost|p1a: \u868a\u7237\u7237|atk|1\n|-boost|p1a: \u868a\u7237\u7237|def|1\n|move|p2a: Lycanroc|Counter||[still]\n|-fail|p2a: Lycanroc\n|\n|upkeep\n|turn|17\n|\n|t:|1700645536\n|move|p1a: \u868a\u7237\u7237|Bulk Up|p1a: \u868a\u7237\u7237\n|-boost|p1a: \u868a\u7237\u7237|atk|1\n|-boost|p1a: \u868a\u7237\u7237|def|1\n|move|p2a: Lycanroc|Counter||[still]\n|-fail|p2a: Lycanroc\n|\n|upkeep\n|turn|18\n|\n|t:|1700645543\n|move|p1a: \u868a\u7237\u7237|Bulk Up|p1a: \u868a\u7237\u7237\n|-boost|p1a: \u868a\u7237\u7237|atk|1\n|-boost|p1a: \u868a\u7237\u7237|def|1\n|move|p2a: Lycanroc|Counter||[still]\n|-fail|p2a: Lycanroc\n|\n|upkeep\n|turn|19\n|\n|t:|1700645551\n|move|p2a: Lycanroc|Accelerock|p1a: \u868a\u7237\u7237\n|-damage|p1a: \u868a\u7237\u7237|74\/100\n|-damage|p2a: Lycanroc|84\/100|[from] item: Rocky Helmet|[of] p1a: \u868a\u7237\u7237\n|move|p1a: \u868a\u7237\u7237|Bulk Up|p1a: \u868a\u7237\u7237\n|-boost|p1a: \u868a\u7237\u7237|atk|1\n|-boost|p1a: \u868a\u7237\u7237|def|1\n|\n|upkeep\n|turn|20\n|-message|Fycc forfeited.\n|\n|win|dadi02\n|raw|dadi02's rating: 1509 &rarr; <strong>1529<\/strong><br \/>(+20 for winning)\n|raw|Fycc's rating: 1513 &rarr; <strong>1493<\/strong><br \/>(-20 for losing)\n|l|\u2606Fycc\n","uploadtime":1700645565,"views":18,"p1id":"dadi02","p2id":"fycc","formatid":"gen9nationaldex","rating":1493,"private":0,"password":""}