{"id":"gen9nationaldex-1992216205","p1":"hightopfade69","p2":"Fallout 3 Enjoyer","format":"[Gen 9] National Dex","log":"|j|\u2606hightopfade69\n|j|\u2606Fallout 3 Enjoyer\n|t:|1700164666\n|gametype|singles\n|player|p1|hightopfade69|2|1180\n|player|p2|Fallout 3 Enjoyer|acetrainerf|1137\n|teamsize|p1|6\n|teamsize|p2|6\n|gen|9\n|tier|[Gen 9] National Dex\n|rated|\n|rule|HP Percentage Mod: HP is shown in percentages\n|rule|Endless Battle Clause: Forcing endless battles is banned\n|rule|OHKO Clause: OHKO moves are banned\n|rule|Evasion Clause: Evasion abilities, items, and moves are banned\n|rule|Evasion Abilities Clause: Evasion abilities are banned\n|rule|Evasion Items Clause: Evasion items are banned\n|rule|Evasion Moves Clause: Evasion moves are banned\n|rule|Species Clause: Limit one of each Pok\u00e9mon\n|rule|Sleep Clause Mod: Limit one foe put to sleep\n|clearpoke\n|poke|p1|Glalie, M|\n|poke|p1|Ninetales-Alola, F|\n|poke|p1|Samurott-Hisui, F|\n|poke|p1|Tapu Lele|\n|poke|p1|Heatran, F|\n|poke|p1|Glimmora, M|\n|poke|p2|Clodsire, F|\n|poke|p2|Bellibolt, F|\n|poke|p2|Politoed, F|\n|poke|p2|Poliwrath, F|\n|poke|p2|Swampert, F|\n|poke|p2|Toxicroak, F|\n|teampreview\n|inactive|Battle timer is ON: inactive players will automatically lose when time's up. (requested by Fallout 3 Enjoyer)\n|\n|t:|1700164673\n|start\n|switch|p1a: Tapu Lele|Tapu Lele|100\/100\n|switch|p2a: Damp Frog|Politoed, F, shiny|100\/100\n|-fieldstart|move: Psychic Terrain|[from] ability: Psychic Surge|[of] p1a: Tapu Lele\n|-weather|RainDance|[from] ability: Drizzle|[of] p2a: Damp Frog\n|turn|1\n|\n|t:|1700164677\n|move|p1a: Tapu Lele|Energy Ball|p2a: Damp Frog\n|-supereffective|p2a: Damp Frog\n|-damage|p2a: Damp Frog|58\/100\n|-unboost|p2a: Damp Frog|spd|1\n|move|p2a: Damp Frog|Weather Ball|p1a: Tapu Lele\n|-damage|p1a: Tapu Lele|47\/100\n|\n|-weather|RainDance|[upkeep]\n|upkeep\n|turn|2\n|\n|t:|1700164683\n|-terastallize|p2a: Damp Frog|Grass\n|move|p1a: Tapu Lele|Energy Ball|p2a: Damp Frog\n|-resisted|p2a: Damp Frog\n|-damage|p2a: Damp Frog|41\/100\n|move|p2a: Damp Frog|Weather Ball|p1a: Tapu Lele\n|-damage|p1a: Tapu Lele|0 fnt\n|faint|p1a: Tapu Lele\n|\n|-weather|RainDance|[upkeep]\n|upkeep\n|\n|t:|1700164687\n|switch|p1a: Samurott|Samurott-Hisui, F|100\/100\n|turn|3\n|\n|t:|1700164691\n|switch|p2a: Clodsire|Clodsire, F|100\/100\n|move|p1a: Samurott|Ceaseless Edge|p2a: Clodsire\n|-damage|p2a: Clodsire|70\/100\n|-sidestart|p2: Fallout 3 Enjoyer|Spikes\n|\n|-weather|RainDance|[upkeep]\n|-heal|p2a: Clodsire|76\/100|[from] item: Black Sludge\n|upkeep\n|turn|4\n|\n|t:|1700164703\n|switch|p1a: Glimmora|Glimmora, M|100\/100\n|move|p2a: Clodsire|Stealth Rock|p1a: Glimmora\n|-sidestart|p1: hightopfade69|move: Stealth Rock\n|\n|-weather|RainDance|[upkeep]\n|-heal|p2a: Clodsire|82\/100|[from] item: Black Sludge\n|upkeep\n|turn|5\n|\n|t:|1700164713\n|-terastallize|p1a: Glimmora|Ground\n|move|p1a: Glimmora|Earth Power|p2a: Clodsire\n|-supereffective|p2a: Clodsire\n|-damage|p2a: Clodsire|0 fnt\n|faint|p2a: Clodsire\n|\n|-weather|RainDance|[upkeep]\n|-fieldend|move: Psychic Terrain\n|upkeep\n|\n|t:|1700164732\n|switch|p2a: Charge Frog|Bellibolt, F|100\/100\n|-damage|p2a: Charge Frog|88\/100|[from] Spikes\n|turn|6\n|\n|t:|1700164737\n|switch|p1a: Samurott|Samurott-Hisui, F|100\/100\n|-damage|p1a: Samurott|88\/100|[from] Stealth Rock\n|move|p2a: Charge Frog|Muddy Water|p1a: Samurott\n|-resisted|p1a: Samurott\n|-damage|p1a: Samurott|76\/100\n|-unboost|p1a: Samurott|accuracy|1\n|\n|-weather|RainDance|[upkeep]\n|-heal|p2a: Charge Frog|94\/100|[from] item: Leftovers\n|upkeep\n|turn|7\n|\n|t:|1700164748\n|move|p1a: Samurott|Ceaseless Edge|p2a: Charge Frog|[miss]\n|-miss|p1a: Samurott|p2a: Charge Frog\n|move|p2a: Charge Frog|Thunder|p1a: Samurott\n|-supereffective|p1a: Samurott\n|-damage|p1a: Samurott|18\/100\n|\n|-weather|RainDance|[upkeep]\n|-heal|p2a: Charge Frog|100\/100|[from] item: Leftovers\n|upkeep\n|turn|8\n|\n|t:|1700164752\n|move|p1a: Samurott|Ceaseless Edge|p2a: Charge Frog|[miss]\n|-miss|p1a: Samurott|p2a: Charge Frog\n|move|p2a: Charge Frog|Muddy Water|p1a: Samurott\n|-resisted|p1a: Samurott\n|-damage|p1a: Samurott|5\/100\n|\n|-weather|none\n|upkeep\n|turn|9\n|\n|t:|1700164757\n|move|p1a: Samurott|Ceaseless Edge|p2a: Charge Frog\n|-damage|p2a: Charge Frog|71\/100\n|-start|p2a: Charge Frog|Charge|Ceaseless Edge|[from] ability: Electromorphosis\n|-sidestart|p2: Fallout 3 Enjoyer|Spikes\n|move|p2a: Charge Frog|Parabolic Charge|p1a: Samurott\n|-supereffective|p1a: Samurott\n|-damage|p1a: Samurott|0 fnt\n|-heal|p2a: Charge Frog|73\/100|[from] drain|[of] p1a: Samurott\n|faint|p1a: Samurott\n|-end|p2a: Charge Frog|Charge|[silent]\n|\n|-heal|p2a: Charge Frog|80\/100|[from] item: Leftovers\n|upkeep\n|\n|t:|1700164770\n|switch|p1a: Glimmora|Glimmora, M, tera:Ground|100\/100\n|-damage|p1a: Glimmora|94\/100|[from] Stealth Rock\n|turn|10\n|\n|t:|1700164776\n|switch|p2a: Damp Frog|Politoed, F, shiny, tera:Grass|41\/100\n|-damage|p2a: Damp Frog|24\/100|[from] Spikes\n|-weather|RainDance|[from] ability: Drizzle|[of] p2a: Damp Frog\n|move|p1a: Glimmora|Mortal Spin|p2a: Damp Frog\n|-supereffective|p2a: Damp Frog\n|-damage|p2a: Damp Frog|11\/100\n|-status|p2a: Damp Frog|psn\n|-sideend|p1: hightopfade69|Stealth Rock|[from] move: Mortal Spin|[of] p1a: Glimmora\n|\n|-weather|RainDance|[upkeep]\n|-damage|p2a: Damp Frog|0 fnt|[from] psn\n|faint|p2a: Damp Frog\n|upkeep\n|\n|t:|1700164784\n|switch|p2a: Fisty Frog|Poliwrath, F|100\/100\n|-damage|p2a: Fisty Frog|84\/100|[from] Spikes\n|turn|11\n|\n|t:|1700164794\n|switch|p1a: Ninetales|Ninetales-Alola, F|100\/100\n|-weather|Snow|[from] ability: Snow Warning|[of] p1a: Ninetales\n|move|p2a: Fisty Frog|Waterfall|p1a: Ninetales\n|-damage|p1a: Ninetales|61\/100\n|\n|-weather|Snow|[upkeep]\n|upkeep\n|turn|12\n|\n|t:|1700164800\n|switch|p2a: Charge Frog|Bellibolt, F|80\/100\n|-damage|p2a: Charge Frog|63\/100|[from] Spikes\n|move|p1a: Ninetales|Aurora Veil|p1a: Ninetales\n|-sidestart|p1: hightopfade69|move: Aurora Veil\n|\n|-weather|Snow|[upkeep]\n|-heal|p2a: Charge Frog|69\/100|[from] item: Leftovers\n|upkeep\n|turn|13\n|\n|t:|1700164810\n|move|p1a: Ninetales|Blizzard|p2a: Charge Frog\n|-damage|p2a: Charge Frog|31\/100\n|-start|p2a: Charge Frog|Charge|Blizzard|[from] ability: Electromorphosis\n|move|p2a: Charge Frog|Charge Beam|p1a: Ninetales\n|-damage|p1a: Ninetales|40\/100\n|-boost|p2a: Charge Frog|spa|1\n|-end|p2a: Charge Frog|Charge|[silent]\n|\n|-weather|Snow|[upkeep]\n|-heal|p2a: Charge Frog|37\/100|[from] item: Leftovers\n|upkeep\n|turn|14\n|\n|t:|1700164820\n|move|p1a: Ninetales|Moonblast|p2a: Charge Frog\n|-damage|p2a: Charge Frog|1\/100\n|-start|p2a: Charge Frog|Charge|Moonblast|[from] ability: Electromorphosis\n|move|p2a: Charge Frog|Parabolic Charge|p1a: Ninetales\n|-damage|p1a: Ninetales|3\/100\n|-heal|p2a: Charge Frog|14\/100|[from] drain|[of] p1a: Ninetales\n|-end|p2a: Charge Frog|Charge|[silent]\n|\n|-weather|Snow|[upkeep]\n|-heal|p2a: Charge Frog|20\/100|[from] item: Leftovers\n|upkeep\n|turn|15\n|\n|t:|1700164827\n|move|p1a: Ninetales|Moonblast|p2a: Charge Frog\n|-damage|p2a: Charge Frog|0 fnt\n|faint|p2a: Charge Frog\n|\n|-weather|none\n|upkeep\n|\n|t:|1700164830\n|switch|p2a: Poison Frog|Toxicroak, F|100\/100\n|turn|16\n|\n|t:|1700164836\n|switch|p1a: Glimmora|Glimmora, M, tera:Ground|94\/100\n|move|p2a: Poison Frog|Fake Out|p1a: Glimmora\n|-damage|p1a: Glimmora|86\/100\n|-activate|p1a: Glimmora|ability: Toxic Debris\n|-sidestart|p2: Fallout 3 Enjoyer|move: Toxic Spikes\n|\n|upkeep\n|turn|17\n|\n|t:|1700164849\n|move|p1a: Glimmora|Energy Ball|p2a: Poison Frog\n|-resisted|p2a: Poison Frog\n|-damage|p2a: Poison Frog|64\/100\n|move|p2a: Poison Frog|Brick Break|p1a: Glimmora\n|-sideend|p1: hightopfade69|move: Aurora Veil\n|-damage|p1a: Glimmora|45\/100\n|-activate|p1a: Glimmora|ability: Toxic Debris\n|-sidestart|p2: Fallout 3 Enjoyer|move: Toxic Spikes\n|\n|upkeep\n|turn|18\n|\n|t:|1700164859\n|switch|p1a: Ninetales|Ninetales-Alola, F|3\/100\n|-weather|Snow|[from] ability: Snow Warning|[of] p1a: Ninetales\n|move|p2a: Poison Frog|Brick Break|p1a: Ninetales\n|-damage|p1a: Ninetales|0 fnt\n|faint|p1a: Ninetales\n|\n|-weather|Snow|[upkeep]\n|upkeep\n|\n|t:|1700164865\n|switch|p1a: Glalie|Glalie, M|100\/100\n|turn|19\n|\n|t:|1700164869\n|detailschange|p1a: Glalie|Glalie-Mega, M\n|-mega|p1a: Glalie|Glalie|Glalitite\n|move|p2a: Poison Frog|Brick Break|p1a: Glalie\n|-supereffective|p1a: Glalie\n|-crit|p1a: Glalie\n|-damage|p1a: Glalie|22\/100\n|move|p1a: Glalie|Explosion|p2a: Poison Frog\n|-damage|p2a: Poison Frog|0 fnt\n|faint|p1a: Glalie\n|faint|p2a: Poison Frog\n|\n|-weather|Snow|[upkeep]\n|upkeep\n|\n|t:|1700164880\n|switch|p2a: Fisty Frog|Poliwrath, F|84\/100\n|switch|p1a: Glimmora|Glimmora, M, tera:Ground|45\/100\n|-damage|p2a: Fisty Frog|67\/100|[from] Spikes\n|-status|p2a: Fisty Frog|tox\n|-enditem|p2a: Fisty Frog|Lum Berry|[eat]\n|-curestatus|p2a: Fisty Frog|tox|[msg]\n|turn|20\n|\n|t:|1700164883\n|move|p1a: Glimmora|Energy Ball|p2a: Fisty Frog\n|-supereffective|p2a: Fisty Frog\n|-damage|p2a: Fisty Frog|0 fnt\n|faint|p2a: Fisty Frog\n|\n|-weather|Snow|[upkeep]\n|upkeep\n|\n|t:|1700164885\n|switch|p2a: Roid Frog|Swampert, F|100\/100\n|-damage|p2a: Roid Frog|84\/100|[from] Spikes\n|-status|p2a: Roid Frog|tox\n|turn|21\n|\n|t:|1700164890\n|detailschange|p2a: Roid Frog|Swampert-Mega, F\n|-mega|p2a: Roid Frog|Swampert|Swampertite\n|move|p1a: Glimmora|Energy Ball|p2a: Roid Frog\n|-supereffective|p2a: Roid Frog\n|-crit|p2a: Roid Frog\n|-damage|p2a: Roid Frog|0 fnt\n|faint|p2a: Roid Frog\n|\n|win|hightopfade69\n|raw|hightopfade69's rating: 1180 &rarr; <strong>1202<\/strong><br \/>(+22 for winning)\n|raw|Fallout 3 Enjoyer's rating: 1137 &rarr; <strong>1115<\/strong><br \/>(-22 for losing)\n|c|\u2606Fallout 3 Enjoyer|gg\n|l|\u2606Fallout 3 Enjoyer\n","uploadtime":1700164912,"views":4,"p1id":"hightopfade69","p2id":"fallout3enjoyer","formatid":"gen9nationaldex","rating":1115,"private":0,"password":""}