{"id":"gen9nationaldex-1988074349","p1":"jazzynazzy","p2":"Arcane Civility","format":"[Gen 9] National Dex","log":"|j|\u2606jazzynazzy\n|j|\u2606Arcane Civility\n|t:|1699666374\n|gametype|singles\n|player|p1|jazzynazzy|170|1441\n|player|p2|Arcane Civility|tuber|1545\n|teamsize|p1|6\n|teamsize|p2|6\n|gen|9\n|tier|[Gen 9] National Dex\n|rated|\n|rule|HP Percentage Mod: HP is shown in percentages\n|rule|Endless Battle Clause: Forcing endless battles is banned\n|rule|OHKO Clause: OHKO moves are banned\n|rule|Evasion Clause: Evasion abilities, items, and moves are banned\n|rule|Evasion Abilities Clause: Evasion abilities are banned\n|rule|Evasion Items Clause: Evasion items are banned\n|rule|Evasion Moves Clause: Evasion moves are banned\n|rule|Species Clause: Limit one of each Pok\u00e9mon\n|rule|Sleep Clause Mod: Limit one foe put to sleep\n|clearpoke\n|poke|p1|Charizard, M|\n|poke|p1|Zeraora|\n|poke|p1|Venusaur, M|\n|poke|p1|Torkoal, M|\n|poke|p1|Kommo-o, F|\n|poke|p1|Volcarona, M|\n|poke|p2|Iron Valiant|\n|poke|p2|Ogerpon, F|\n|poke|p2|Gyarados, F|\n|poke|p2|Glimmora, F|\n|poke|p2|Landorus-Therian, M|\n|poke|p2|Heatran, M|\n|teampreview\n|inactive|Battle timer is ON: inactive players will automatically lose when time's up. (requested by Arcane Civility)\n|inactive|jazzynazzy has 120 seconds left.\n|inactive|jazzynazzy has 90 seconds left.\n|\n|t:|1699666448\n|start\n|switch|p1a: Zeraora|Zeraora|100\/100\n|switch|p2a: Glimmora|Glimmora, F|100\/100\n|turn|1\n|\n|t:|1699666455\n|move|p1a: Zeraora|Volt Switch|p2a: Glimmora\n|-damage|p2a: Glimmora|78\/100\n|inactive|jazzynazzy has 120 seconds left.\n|inactive|jazzynazzy has 90 seconds left.\n|\n|t:|1699666520\n|switch|p1a: Venusaur|Venusaur, M|100\/100|[from] Volt Switch\n|move|p2a: Glimmora|Stealth Rock|p1a: Venusaur\n|-sidestart|p1: jazzynazzy|move: Stealth Rock\n|\n|upkeep\n|turn|2\n|inactive|jazzynazzy has 90 seconds left.\n|\n|t:|1699666539\n|switch|p2a: Landorus|Landorus-Therian, M|100\/100\n|-ability|p2a: Landorus|Intimidate|boost\n|-unboost|p1a: Venusaur|atk|1\n|move|p1a: Venusaur|Earth Power|p2a: Landorus\n|-immune|p2a: Landorus\n|\n|upkeep\n|turn|3\n|\n|t:|1699666556\n|switch|p1a: Volcarona|Volcarona, M|100\/100\n|move|p2a: Landorus|Knock Off|p1a: Volcarona\n|-damage|p1a: Volcarona|65\/100\n|-status|p2a: Landorus|brn|[from] ability: Flame Body|[of] p1a: Volcarona\n|-enditem|p1a: Volcarona|Heavy-Duty Boots|[from] move: Knock Off|[of] p2a: Landorus\n|\n|-damage|p2a: Landorus|94\/100 brn|[from] brn\n|upkeep\n|turn|4\n|\n|t:|1699666576\n|switch|p2a: Heatran|Heatran, M|100\/100\n|move|p1a: Volcarona|Roost|p1a: Volcarona\n|-heal|p1a: Volcarona|100\/100\n|-singleturn|p1a: Volcarona|move: Roost\n|\n|upkeep\n|turn|5\n|inactive|jazzynazzy has 90 seconds left.\n|inactive|jazzynazzy has 60 seconds left.\n|\n|t:|1699666650\n|switch|p1a: Charizard|Charizard, M, shiny|100\/100\n|move|p2a: Heatran|Eruption|p1a: Charizard\n|-resisted|p1a: Charizard\n|-damage|p1a: Charizard|41\/100\n|\n|upkeep\n|turn|6\n|\n|t:|1699666657\n|move|p2a: Heatran|Eruption|p1a: Charizard\n|-resisted|p1a: Charizard\n|-damage|p1a: Charizard|0 fnt\n|faint|p1a: Charizard\n|\n|upkeep\n|\n|t:|1699666670\n|switch|p1a: Kommo-o|Kommo-o, F|100\/100\n|-damage|p1a: Kommo-o|94\/100|[from] Stealth Rock\n|turn|7\n|\n|t:|1699666677\n|switch|p2a: Iron Valiant|Iron Valiant|100\/100\n|-enditem|p2a: Iron Valiant|Booster Energy\n|-activate|p2a: Iron Valiant|ability: Quark Drive|[fromitem]\n|-start|p2a: Iron Valiant|quarkdrivespe\n|-zpower|p1a: Kommo-o\n|move|p1a: Kommo-o|Clangorous Soulblaze|p2a: Iron Valiant|[zeffect]\n|-immune|p2a: Iron Valiant\n|\n|upkeep\n|turn|8\n|inactive|jazzynazzy has 60 seconds left.\n|\n|t:|1699666691\n|move|p2a: Iron Valiant|Psyshock|p1a: Kommo-o\n|-supereffective|p1a: Kommo-o\n|-damage|p1a: Kommo-o|41\/100\n|move|p1a: Kommo-o|Iron Head|p2a: Iron Valiant\n|-supereffective|p2a: Iron Valiant\n|-damage|p2a: Iron Valiant|42\/100\n|\n|upkeep\n|turn|9\n|\n|t:|1699666696\n|move|p2a: Iron Valiant|Psyshock|p1a: Kommo-o\n|-supereffective|p1a: Kommo-o\n|-damage|p1a: Kommo-o|0 fnt\n|faint|p1a: Kommo-o\n|\n|upkeep\n|inactive|jazzynazzy has 60 seconds left.\n|\n|t:|1699666729\n|switch|p1a: Zeraora|Zeraora|100\/100\n|turn|10\n|\n|t:|1699666733\n|move|p2a: Iron Valiant|Moonblast|p1a: Zeraora\n|-damage|p1a: Zeraora|36\/100\n|-unboost|p1a: Zeraora|spa|1\n|move|p1a: Zeraora|Plasma Fists|p2a: Iron Valiant\n|-damage|p2a: Iron Valiant|0 fnt\n|-fieldactivate|move: Ion Deluge\n|-hint|Normal-type moves become Electric-type after using Plasma Fists.\n|faint|p2a: Iron Valiant\n|-end|p2a: Iron Valiant|Quark Drive|[silent]\n|\n|upkeep\n|\n|t:|1699666742\n|switch|p2a: Heatran|Heatran, M|100\/100\n|turn|11\n|inactive|jazzynazzy has 60 seconds left.\n|\n|t:|1699666757\n|move|p1a: Zeraora|Close Combat|p2a: Heatran\n|-supereffective|p2a: Heatran\n|-damage|p2a: Heatran|27\/100\n|-unboost|p1a: Zeraora|def|1\n|-unboost|p1a: Zeraora|spd|1\n|move|p2a: Heatran|Eruption|p1a: Zeraora\n|-damage|p1a: Zeraora|0 fnt\n|faint|p1a: Zeraora\n|\n|upkeep\n|\n|t:|1699666764\n|switch|p1a: Volcarona|Volcarona, M|100\/100\n|-damage|p1a: Volcarona|51\/100|[from] Stealth Rock\n|turn|12\n|\n|t:|1699666773\n|switch|p2a: Landorus|Landorus-Therian, M|94\/100 brn\n|-ability|p2a: Landorus|Intimidate|boost\n|-unboost|p1a: Volcarona|atk|1\n|move|p1a: Volcarona|Quiver Dance|p1a: Volcarona\n|-boost|p1a: Volcarona|spa|1\n|-boost|p1a: Volcarona|spd|1\n|-boost|p1a: Volcarona|spe|1\n|\n|-damage|p2a: Landorus|88\/100 brn|[from] brn\n|upkeep\n|turn|13\n|\n|t:|1699666777\n|move|p2a: Landorus|Explosion|p1a: Volcarona\n|-damage|p1a: Volcarona|11\/100\n|faint|p2a: Landorus\n|move|p1a: Volcarona|Roost|p1a: Volcarona\n|-heal|p1a: Volcarona|61\/100\n|-singleturn|p1a: Volcarona|move: Roost\n|\n|upkeep\n|\n|t:|1699666788\n|switch|p2a: Glimmora|Glimmora, F|78\/100\n|turn|14\n|c|\u2606jazzynazzy|double scarf\n|c|\u2606jazzynazzy|terrorism\n|c|\u2606Arcane Civility|Lmao\n|inactive|jazzynazzy has 60 seconds left.\n|\n|t:|1699666821\n|-terastallize|p1a: Volcarona|Grass\n|-terastallize|p2a: Glimmora|Flying\n|move|p1a: Volcarona|Giga Drain|p2a: Glimmora\n|-resisted|p2a: Glimmora\n|-damage|p2a: Glimmora|50\/100\n|-heal|p1a: Volcarona|75\/100|[from] drain|[of] p2a: Glimmora\n|move|p2a: Glimmora|Power Gem|p1a: Volcarona\n|-damage|p1a: Volcarona|50\/100\n|\n|upkeep\n|turn|15\n|\n|t:|1699666827\n|move|p1a: Volcarona|Flamethrower|p2a: Glimmora\n|-damage|p2a: Glimmora|0 fnt\n|faint|p2a: Glimmora\n|\n|upkeep\n|\n|t:|1699666841\n|switch|p2a: Heatran|Heatran, M|27\/100\n|turn|16\n|\n|t:|1699666847\n|move|p2a: Heatran|Fire Blast|p1a: Volcarona\n|-supereffective|p1a: Volcarona\n|-damage|p1a: Volcarona|0 fnt\n|faint|p1a: Volcarona\n|\n|upkeep\n|\n|t:|1699666850\n|switch|p1a: Torkoal|Torkoal, M|100\/100\n|-damage|p1a: Torkoal|76\/100|[from] Stealth Rock\n|-weather|SunnyDay|[from] ability: Drought|[of] p1a: Torkoal\n|turn|17\n|\n|t:|1699666855\n|switch|p2a: Gyarados|Gyarados, F|100\/100\n|-ability|p2a: Gyarados|Intimidate|boost\n|-unboost|p1a: Torkoal|atk|1\n|move|p1a: Torkoal|Stealth Rock|p2a: Gyarados\n|-sidestart|p2: Arcane Civility|move: Stealth Rock\n|\n|-weather|SunnyDay|[upkeep]\n|upkeep\n|turn|18\n|\n|t:|1699666863\n|detailschange|p2a: Gyarados|Gyarados-Mega, F\n|-mega|p2a: Gyarados|Gyarados|Gyaradosite\n|-ability|p2a: Gyarados|Mold Breaker\n|move|p2a: Gyarados|Waterfall|p1a: Torkoal\n|-supereffective|p1a: Torkoal\n|-damage|p1a: Torkoal|48\/100\n|cant|p1a: Torkoal|flinch\n|\n|-weather|SunnyDay|[upkeep]\n|upkeep\n|turn|19\n|\n|t:|1699666869\n|move|p2a: Gyarados|Waterfall|p1a: Torkoal\n|-supereffective|p1a: Torkoal\n|-damage|p1a: Torkoal|21\/100\n|move|p1a: Torkoal|Yawn|p2a: Gyarados\n|-start|p2a: Gyarados|move: Yawn|[of] p1a: Torkoal\n|\n|-weather|SunnyDay|[upkeep]\n|upkeep\n|turn|20\n|\n|t:|1699666880\n|switch|p2a: Ogerpon|Ogerpon, F|100\/100\n|-damage|p2a: Ogerpon|88\/100|[from] Stealth Rock\n|switch|p1a: Venusaur|Venusaur, M|100\/100\n|-damage|p1a: Venusaur|88\/100|[from] Stealth Rock\n|\n|-weather|SunnyDay|[upkeep]\n|upkeep\n|turn|21\n|\n|t:|1699666888\n|move|p1a: Venusaur|Weather Ball|p2a: Ogerpon\n|-supereffective|p2a: Ogerpon\n|-damage|p2a: Ogerpon|0 fnt\n|faint|p2a: Ogerpon\n|-damage|p1a: Venusaur|78\/100|[from] item: Life Orb\n|\n|-weather|SunnyDay|[upkeep]\n|upkeep\n|c|\u2606jazzynazzy|ggs\n|\n|t:|1699666912\n|switch|p2a: Gyarados|Gyarados-Mega, F|100\/100\n|-damage|p2a: Gyarados|88\/100|[from] Stealth Rock\n|-ability|p2a: Gyarados|Mold Breaker\n|turn|22\n|inactive|jazzynazzy has 120 seconds left.\n|inactive|Arcane Civility has 120 seconds left.\n|\n|t:|1699666936\n|move|p1a: Venusaur|Giga Drain|p2a: Gyarados\n|-supereffective|p2a: Gyarados\n|-damage|p2a: Gyarados|17\/100\n|-heal|p1a: Venusaur|100\/100|[from] drain|[of] p2a: Gyarados\n|-damage|p1a: Venusaur|91\/100|[from] item: Life Orb\n|move|p2a: Gyarados|Crunch|p1a: Venusaur\n|-damage|p1a: Venusaur|30\/100\n|\n|-weather|SunnyDay|[upkeep]\n|upkeep\n|turn|23\n|\n|t:|1699666944\n|switch|p2a: Heatran|Heatran, M|27\/100\n|-damage|p2a: Heatran|15\/100|[from] Stealth Rock\n|move|p1a: Venusaur|Giga Drain|p2a: Heatran\n|-resisted|p2a: Heatran\n|-damage|p2a: Heatran|3\/100\n|-heal|p1a: Venusaur|37\/100|[from] drain|[of] p2a: Heatran\n|-damage|p1a: Venusaur|27\/100|[from] item: Life Orb\n|\n|-weather|SunnyDay|[upkeep]\n|upkeep\n|turn|24\n|\n|t:|1699666952\n|move|p1a: Venusaur|Giga Drain|p2a: Heatran\n|-resisted|p2a: Heatran\n|-crit|p2a: Heatran\n|-damage|p2a: Heatran|0 fnt\n|-heal|p1a: Venusaur|28\/100|[from] drain|[of] p2a: Heatran\n|faint|p2a: Heatran\n|-damage|p1a: Venusaur|18\/100|[from] item: Life Orb\n|\n|-weather|none\n|upkeep\n|\n|t:|1699666954\n|switch|p2a: Gyarados|Gyarados-Mega, F|17\/100\n|-damage|p2a: Gyarados|4\/100|[from] Stealth Rock\n|-ability|p2a: Gyarados|Mold Breaker\n|turn|25\n|c|\u2606jazzynazzy|wait\n|c|\u2606jazzynazzy|i lost\n|c|\u2606jazzynazzy|why didnt i earth power\n|\n|t:|1699666967\n|switch|p1a: Torkoal|Torkoal, M|21\/100\n|-damage|p1a: Torkoal|0 fnt|[from] Stealth Rock\n|faint|p1a: Torkoal\n|move|p2a: Gyarados|Crunch|p1: Torkoal|[notarget]\n|-fail|p2a: Gyarados\n|\n|upkeep\n|c|\u2606jazzynazzy|they gotta study my brain\n|\n|t:|1699666971\n|switch|p1a: Venusaur|Venusaur, M|18\/100\n|-damage|p1a: Venusaur|6\/100|[from] Stealth Rock\n|turn|26\n|c|\u2606Arcane Civility|ggs\n|c|\u2606Arcane Civility|lol\n|c|\u2606jazzynazzy|ggwp\n|\n|t:|1699666992\n|move|p2a: Gyarados|Crunch|p1a: Venusaur\n|-damage|p1a: Venusaur|0 fnt\n|faint|p1a: Venusaur\n|\n|win|Arcane Civility\n|raw|jazzynazzy's rating: 1441 &rarr; <strong>1427<\/strong><br \/>(-14 for losing)\n|raw|Arcane Civility's rating: 1545 &rarr; <strong>1559<\/strong><br \/>(+14 for winning)\n|c|\u2606Arcane Civility|close match\n|c|\u2606jazzynazzy|im a fool\n|l|\u2606jazzynazzy\n","uploadtime":1699667052,"views":9,"p1id":"jazzynazzy","p2id":"arcanecivility","formatid":"gen9nationaldex","rating":1427,"private":0,"password":""}