{"id":"gen9nationaldex-2000066930","p1":"qrerawa","p2":"kingboiboi","format":"[Gen 9] National Dex","log":"|html|<div class=\"broadcast-blue\"><strong>[Gen 9] National Dex is currently suspecting Sneasler! For information on how to participate check out the <a href=\"https:\/\/www.smogon.com\/forums\/threads\/sv-national-dex-suspect-8-just-dance.3731534\/\">suspect thread<\/a>.<\/strong><\/div>\n|j|\u2606qrerawa\n|j|\u2606kingboiboi\n|t:|1701148792\n|gametype|singles\n|player|p1|qrerawa|2|1346\n|player|p2|kingboiboi|drayden|1258\n|teamsize|p1|6\n|teamsize|p2|6\n|gen|9\n|tier|[Gen 9] National Dex\n|rated|\n|rule|HP Percentage Mod: HP is shown in percentages\n|rule|Endless Battle Clause: Forcing endless battles is banned\n|rule|OHKO Clause: OHKO moves are banned\n|rule|Evasion Clause: Evasion abilities, items, and moves are banned\n|rule|Evasion Abilities Clause: Evasion abilities are banned\n|rule|Evasion Items Clause: Evasion items are banned\n|rule|Evasion Moves Clause: Evasion moves are banned\n|rule|Species Clause: Limit one of each Pok\u00e9mon\n|rule|Sleep Clause Mod: Limit one foe put to sleep\n|clearpoke\n|poke|p1|Mawile, M|\n|poke|p1|Marowak-Alola, F|\n|poke|p1|Hatterene, F|\n|poke|p1|Cresselia, F|\n|poke|p1|Porygon2|\n|poke|p1|Ursaluna, F|\n|poke|p2|Corviknight, F|\n|poke|p2|Gliscor, M|\n|poke|p2|Pinsir, F|\n|poke|p2|Thundurus-Therian, M|\n|poke|p2|Pelipper, F|\n|poke|p2|Landorus-Therian, M|\n|teampreview\n|inactive|Battle timer is ON: inactive players will automatically lose when time's up. (requested by kingboiboi)\n|\n|t:|1701148810\n|start\n|switch|p1a: Porygon2|Porygon2|100\/100\n|switch|p2a: Corviknight|Corviknight, F|100\/100\n|-ability|p1a: Porygon2|Mirror Armor|[from] ability: Trace|[of] p2a: Corviknight\n|turn|1\n|\n|t:|1701148819\n|move|p2a: Corviknight|Taunt|p1a: Porygon2\n|-start|p1a: Porygon2|move: Taunt\n|cant|p1a: Porygon2|move: Taunt|Trick Room\n|\n|upkeep\n|turn|2\n|\n|t:|1701148838\n|switch|p1a: Cresselia|Cresselia, F|100\/100\n|move|p2a: Corviknight|Bulk Up|p2a: Corviknight\n|-boost|p2a: Corviknight|atk|1\n|-boost|p2a: Corviknight|def|1\n|\n|upkeep\n|turn|3\n|inactive|qrerawa has 120 seconds left.\n|\n|t:|1701148869\n|move|p2a: Corviknight|Taunt|p1a: Cresselia\n|-start|p1a: Cresselia|move: Taunt\n|cant|p1a: Cresselia|move: Taunt|Trick Room\n|\n|upkeep\n|turn|4\n|\n|t:|1701148876\n|switch|p1a: Hatterene|Hatterene, F|100\/100\n|move|p2a: Corviknight|Bulk Up|p2a: Corviknight\n|-boost|p2a: Corviknight|atk|1\n|-boost|p2a: Corviknight|def|1\n|\n|upkeep\n|turn|5\n|\n|t:|1701148884\n|move|p2a: Corviknight|Brave Bird|p1a: Hatterene\n|-damage|p1a: Hatterene|23\/100\n|-damage|p2a: Corviknight|80\/100|[from] Recoil\n|move|p1a: Hatterene|Trick Room|p1a: Hatterene\n|-fieldstart|move: Trick Room|[of] p1a: Hatterene\n|\n|-heal|p2a: Corviknight|86\/100|[from] item: Leftovers\n|upkeep\n|turn|6\n|\n|t:|1701148892\n|move|p1a: Hatterene|Misty Explosion|p2a: Corviknight\n|-resisted|p2a: Corviknight\n|-damage|p2a: Corviknight|68\/100\n|faint|p1a: Hatterene\n|move|p2a: Corviknight|Brave Bird|p1: Hatterene|[notarget]\n|-fail|p2a: Corviknight\n|\n|-heal|p2a: Corviknight|74\/100|[from] item: Leftovers\n|upkeep\n|\n|t:|1701148899\n|switch|p1a: Ursaluna|Ursaluna, F|100\/100\n|turn|7\n|\n|t:|1701148907\n|move|p1a: Ursaluna|Fire Punch|p2a: Corviknight\n|-supereffective|p2a: Corviknight\n|-damage|p2a: Corviknight|50\/100\n|move|p2a: Corviknight|Brave Bird|p1a: Ursaluna\n|-damage|p1a: Ursaluna|45\/100\n|-damage|p2a: Corviknight|29\/100|[from] Recoil\n|\n|-heal|p2a: Corviknight|36\/100|[from] item: Leftovers\n|-status|p1a: Ursaluna|brn|[from] item: Flame Orb\n|upkeep\n|turn|8\n|\n|t:|1701148917\n|move|p1a: Ursaluna|Fire Punch|p2a: Corviknight\n|-supereffective|p2a: Corviknight\n|-damage|p2a: Corviknight|0 fnt\n|faint|p2a: Corviknight\n|\n|-damage|p1a: Ursaluna|39\/100 brn|[from] brn\n|upkeep\n|\n|t:|1701148931\n|switch|p2a: Landorus|Landorus-Therian, M|100\/100\n|-ability|p2a: Landorus|Intimidate|boost\n|-unboost|p1a: Ursaluna|atk|1\n|turn|9\n|\n|t:|1701148947\n|-terastallize|p1a: Ursaluna|Normal\n|move|p1a: Ursaluna|Facade|p2a: Landorus\n|-damage|p2a: Landorus|0 fnt\n|faint|p2a: Landorus\n|\n|-damage|p1a: Ursaluna|33\/100 brn|[from] brn\n|-fieldend|move: Trick Room\n|upkeep\n|\n|t:|1701148958\n|switch|p2a: Gliscor|Gliscor, M|100\/100\n|turn|10\n|\n|t:|1701148961\n|switch|p1a: Porygon2|Porygon2|100\/100\n|-ability|p1a: Porygon2|Poison Heal|[from] ability: Trace|[of] p2a: Gliscor\n|move|p2a: Gliscor|Protect||[still]\n|-fail|p2a: Gliscor\n|\n|-status|p2a: Gliscor|tox|[from] item: Toxic Orb\n|upkeep\n|turn|11\n|\n|t:|1701148971\n|move|p2a: Gliscor|Swords Dance|p2a: Gliscor\n|-boost|p2a: Gliscor|atk|2\n|move|p1a: Porygon2|Trick Room|p1a: Porygon2\n|-fieldstart|move: Trick Room|[of] p1a: Porygon2\n|\n|upkeep\n|turn|12\n|\n|t:|1701148978\n|move|p1a: Porygon2|Ice Beam|p2a: Gliscor\n|-supereffective|p2a: Gliscor\n|-damage|p2a: Gliscor|0 fnt\n|faint|p2a: Gliscor\n|\n|upkeep\n|\n|t:|1701148985\n|switch|p2a: Thundurus|Thundurus-Therian, M|100\/100\n|turn|13\n|-message|kingboiboi forfeited.\n|\n|win|qrerawa\n|raw|qrerawa's rating: 1346 &rarr; <strong>1361<\/strong><br \/>(+15 for winning)\n|raw|kingboiboi's rating: 1258 &rarr; <strong>1239<\/strong><br \/>(-19 for losing)\n|l|\u2606kingboiboi\n|c|\u2606qrerawa|ggwp\n","uploadtime":1701149003,"views":12,"p1id":"qrerawa","p2id":"kingboiboi","formatid":"gen9nationaldex","rating":1239,"private":0,"password":""}