{"id":"gen9nationaldex-1987004474","p1":"BlazingPhoenix740B","p2":"Square K","format":"[Gen 9] National Dex","log":"|j|\u2606BlazingPhoenix740B\n|j|\u2606Square K\n|t:|1699548280\n|gametype|singles\n|player|p1|BlazingPhoenix740B|1|1333\n|player|p2|Square K|chuck|1371\n|teamsize|p1|6\n|teamsize|p2|6\n|gen|9\n|tier|[Gen 9] National Dex\n|rated|\n|rule|HP Percentage Mod: HP is shown in percentages\n|rule|Endless Battle Clause: Forcing endless battles is banned\n|rule|OHKO Clause: OHKO moves are banned\n|rule|Evasion Clause: Evasion abilities, items, and moves are banned\n|rule|Evasion Abilities Clause: Evasion abilities are banned\n|rule|Evasion Items Clause: Evasion items are banned\n|rule|Evasion Moves Clause: Evasion moves are banned\n|rule|Species Clause: Limit one of each Pok\u00e9mon\n|rule|Sleep Clause Mod: Limit one foe put to sleep\n|clearpoke\n|poke|p1|Ferrothorn, M|\n|poke|p1|Ting-Lu|\n|poke|p1|Pinsir, F|\n|poke|p1|Zapdos|\n|poke|p1|Skeledirge, M|\n|poke|p1|Urshifu-*, M|\n|poke|p2|Arcanine-Hisui, F|\n|poke|p2|Heatran, M|\n|poke|p2|Clodsire, M|\n|poke|p2|Lopunny, M|\n|poke|p2|Urshifu-*, F|\n|poke|p2|Corviknight, F|\n|teampreview\n|\n|t:|1699548322\n|start\n|switch|p1a: Ferrothorn|Ferrothorn, M|100\/100\n|switch|p2a: \u95ea\u5149\u7684\u5f17\u83b1\u4ec0|Lopunny, M|100\/100\n|turn|1\n|\n|t:|1699548334\n|switch|p2a: \u91d1\u5c5e\u9a91\u58eb|Heatran, M|100\/100\n|move|p1a: Ferrothorn|Protect||[still]\n|-fail|p1a: Ferrothorn\n|\n|upkeep\n|turn|2\n|\n|t:|1699548342\n|switch|p1a: Ting-Lu|Ting-Lu|100\/100\n|-ability|p1a: Ting-Lu|Vessel of Ruin\n|move|p2a: \u91d1\u5c5e\u9a91\u58eb|Heat Wave|p1a: Ting-Lu\n|-damage|p1a: Ting-Lu|68\/100\n|\n|-heal|p1a: Ting-Lu|74\/100|[from] item: Leftovers\n|upkeep\n|turn|3\n|\n|t:|1699548349\n|-terastallize|p2a: \u91d1\u5c5e\u9a91\u58eb|Grass\n|move|p2a: \u91d1\u5c5e\u9a91\u58eb|Tera Blast|p1a: Ting-Lu|[anim] Tera Blast Grass\n|-supereffective|p1a: Ting-Lu\n|-damage|p1a: Ting-Lu|19\/100\n|move|p1a: Ting-Lu|Earthquake|p2a: \u91d1\u5c5e\u9a91\u58eb\n|-resisted|p2a: \u91d1\u5c5e\u9a91\u58eb\n|-damage|p2a: \u91d1\u5c5e\u9a91\u58eb|83\/100\n|\n|-heal|p2a: \u91d1\u5c5e\u9a91\u58eb|89\/100|[from] item: Leftovers\n|-heal|p1a: Ting-Lu|25\/100|[from] item: Leftovers\n|upkeep\n|turn|4\n|\n|t:|1699548355\n|move|p1a: Ting-Lu|Protect|p1a: Ting-Lu\n|-singleturn|p1a: Ting-Lu|Protect\n|move|p2a: \u91d1\u5c5e\u9a91\u58eb|Tera Blast|p1a: Ting-Lu|[anim] Tera Blast Grass\n|-activate|p1a: Ting-Lu|move: Protect\n|\n|-heal|p2a: \u91d1\u5c5e\u9a91\u58eb|95\/100|[from] item: Leftovers\n|-heal|p1a: Ting-Lu|32\/100|[from] item: Leftovers\n|upkeep\n|turn|5\n|\n|t:|1699548360\n|switch|p1a: Chomper|Skeledirge, M|100\/100\n|move|p2a: \u91d1\u5c5e\u9a91\u58eb|Earth Power|p1a: Chomper\n|-supereffective|p1a: Chomper\n|-damage|p1a: Chomper|35\/100\n|\n|-heal|p2a: \u91d1\u5c5e\u9a91\u58eb|100\/100|[from] item: Leftovers\n|-heal|p1a: Chomper|42\/100|[from] item: Leftovers\n|upkeep\n|turn|6\n|\n|t:|1699548372\n|-terastallize|p1a: Chomper|Fairy\n|move|p2a: \u91d1\u5c5e\u9a91\u58eb|Earth Power|p1a: Chomper\n|-damage|p1a: Chomper|12\/100\n|move|p1a: Chomper|Slack Off|p1a: Chomper\n|-heal|p1a: Chomper|62\/100\n|\n|-heal|p1a: Chomper|68\/100|[from] item: Leftovers\n|upkeep\n|turn|7\n|\n|t:|1699548378\n|move|p2a: \u91d1\u5c5e\u9a91\u58eb|Earth Power|p1a: Chomper\n|-damage|p1a: Chomper|37\/100\n|move|p1a: Chomper|Slack Off|p1a: Chomper\n|-heal|p1a: Chomper|87\/100\n|\n|-heal|p1a: Chomper|93\/100|[from] item: Leftovers\n|upkeep\n|turn|8\n|\n|t:|1699548382\n|move|p2a: \u91d1\u5c5e\u9a91\u58eb|Earth Power|p1a: Chomper\n|-crit|p1a: Chomper\n|-damage|p1a: Chomper|42\/100\n|move|p1a: Chomper|Flamethrower|p2a: \u91d1\u5c5e\u9a91\u58eb\n|-start|p2a: \u91d1\u5c5e\u9a91\u58eb|ability: Flash Fire\n|\n|-heal|p1a: Chomper|48\/100|[from] item: Leftovers\n|upkeep\n|turn|9\n|\n|t:|1699548388\n|move|p2a: \u91d1\u5c5e\u9a91\u58eb|Earth Power|p1a: Chomper\n|-damage|p1a: Chomper|17\/100\n|move|p1a: Chomper|Slack Off|p1a: Chomper\n|-heal|p1a: Chomper|67\/100\n|\n|-heal|p1a: Chomper|73\/100|[from] item: Leftovers\n|upkeep\n|turn|10\n|\n|t:|1699548392\n|move|p2a: \u91d1\u5c5e\u9a91\u58eb|Earth Power|p1a: Chomper\n|-damage|p1a: Chomper|42\/100\n|move|p1a: Chomper|Shadow Ball|p2a: \u91d1\u5c5e\u9a91\u58eb\n|-damage|p2a: \u91d1\u5c5e\u9a91\u58eb|74\/100\n|\n|-heal|p2a: \u91d1\u5c5e\u9a91\u58eb|80\/100|[from] item: Leftovers\n|-heal|p1a: Chomper|48\/100|[from] item: Leftovers\n|upkeep\n|turn|11\n|\n|t:|1699548396\n|move|p2a: \u91d1\u5c5e\u9a91\u58eb|Earth Power|p1a: Chomper\n|-damage|p1a: Chomper|17\/100\n|move|p1a: Chomper|Slack Off|p1a: Chomper\n|-heal|p1a: Chomper|67\/100\n|\n|-heal|p2a: \u91d1\u5c5e\u9a91\u58eb|86\/100|[from] item: Leftovers\n|-heal|p1a: Chomper|73\/100|[from] item: Leftovers\n|upkeep\n|turn|12\n|\n|t:|1699548400\n|move|p2a: \u91d1\u5c5e\u9a91\u58eb|Earth Power|p1a: Chomper\n|-damage|p1a: Chomper|41\/100\n|move|p1a: Chomper|Shadow Ball|p2a: \u91d1\u5c5e\u9a91\u58eb\n|-damage|p2a: \u91d1\u5c5e\u9a91\u58eb|58\/100\n|\n|-heal|p2a: \u91d1\u5c5e\u9a91\u58eb|64\/100|[from] item: Leftovers\n|-heal|p1a: Chomper|47\/100|[from] item: Leftovers\n|upkeep\n|turn|13\n|\n|t:|1699548404\n|move|p2a: \u91d1\u5c5e\u9a91\u58eb|Earth Power|p1a: Chomper\n|-damage|p1a: Chomper|16\/100\n|move|p1a: Chomper|Slack Off|p1a: Chomper\n|-heal|p1a: Chomper|66\/100\n|\n|-heal|p2a: \u91d1\u5c5e\u9a91\u58eb|71\/100|[from] item: Leftovers\n|-heal|p1a: Chomper|72\/100|[from] item: Leftovers\n|upkeep\n|turn|14\n|\n|t:|1699548411\n|move|p2a: \u91d1\u5c5e\u9a91\u58eb|Earth Power|p1a: Chomper\n|-damage|p1a: Chomper|38\/100\n|move|p1a: Chomper|Slack Off|p1a: Chomper\n|-heal|p1a: Chomper|88\/100\n|\n|-heal|p2a: \u91d1\u5c5e\u9a91\u58eb|77\/100|[from] item: Leftovers\n|-heal|p1a: Chomper|94\/100|[from] item: Leftovers\n|upkeep\n|turn|15\n|\n|t:|1699548415\n|move|p2a: \u91d1\u5c5e\u9a91\u58eb|Earth Power|p1a: Chomper\n|-damage|p1a: Chomper|60\/100\n|-unboost|p1a: Chomper|spd|1\n|move|p1a: Chomper|Shadow Ball|p2a: \u91d1\u5c5e\u9a91\u58eb\n|-damage|p2a: \u91d1\u5c5e\u9a91\u58eb|46\/100\n|\n|-heal|p2a: \u91d1\u5c5e\u9a91\u58eb|53\/100|[from] item: Leftovers\n|-heal|p1a: Chomper|66\/100|[from] item: Leftovers\n|upkeep\n|turn|16\n|\n|t:|1699548423\n|move|p2a: \u91d1\u5c5e\u9a91\u58eb|Heat Wave|p1a: Chomper\n|-damage|p1a: Chomper|0 fnt\n|faint|p1a: Chomper\n|\n|-heal|p2a: \u91d1\u5c5e\u9a91\u58eb|59\/100|[from] item: Leftovers\n|upkeep\n|\n|t:|1699548429\n|switch|p1a: Pinsir|Pinsir, F|100\/100\n|turn|17\n|\n|t:|1699548441\n|-end|p2a: \u91d1\u5c5e\u9a91\u58eb|ability: Flash Fire|[silent]\n|switch|p2a: \u6b7b\u4ea1\u6539\u9020\u4eba|Corviknight, F|100\/100\n|detailschange|p1a: Pinsir|Pinsir-Mega, F\n|-mega|p1a: Pinsir|Pinsir|Pinsirite\n|move|p1a: Pinsir|Return|p2a: \u6b7b\u4ea1\u6539\u9020\u4eba\n|-resisted|p2a: \u6b7b\u4ea1\u6539\u9020\u4eba\n|-damage|p2a: \u6b7b\u4ea1\u6539\u9020\u4eba|69\/100\n|-damage|p1a: Pinsir|84\/100|[from] item: Rocky Helmet|[of] p2a: \u6b7b\u4ea1\u6539\u9020\u4eba\n|\n|upkeep\n|turn|18\n|\n|t:|1699548450\n|switch|p1a: Ting-Lu|Ting-Lu|32\/100\n|-ability|p1a: Ting-Lu|Vessel of Ruin\n|move|p2a: \u6b7b\u4ea1\u6539\u9020\u4eba|Iron Defense|p2a: \u6b7b\u4ea1\u6539\u9020\u4eba\n|-boost|p2a: \u6b7b\u4ea1\u6539\u9020\u4eba|def|2\n|\n|-heal|p1a: Ting-Lu|38\/100|[from] item: Leftovers\n|upkeep\n|turn|19\n|\n|t:|1699548460\n|move|p2a: \u6b7b\u4ea1\u6539\u9020\u4eba|Body Press|p1a: Ting-Lu\n|-supereffective|p1a: Ting-Lu\n|-damage|p1a: Ting-Lu|3\/100\n|move|p1a: Ting-Lu|Ruination|p2a: \u6b7b\u4ea1\u6539\u9020\u4eba\n|-damage|p2a: \u6b7b\u4ea1\u6539\u9020\u4eba|35\/100\n|\n|-heal|p1a: Ting-Lu|9\/100|[from] item: Leftovers\n|upkeep\n|turn|20\n|\n|t:|1699548466\n|move|p2a: \u6b7b\u4ea1\u6539\u9020\u4eba|Body Press|p1a: Ting-Lu\n|-supereffective|p1a: Ting-Lu\n|-damage|p1a: Ting-Lu|0 fnt\n|faint|p1a: Ting-Lu\n|\n|upkeep\n|\n|t:|1699548468\n|switch|p1a: Zapdos|Zapdos|100\/100\n|turn|21\n|\n|t:|1699548477\n|switch|p1a: Urshifu|Urshifu-Rapid-Strike, M|100\/100\n|switch|p2a: \u732a\u795e|Clodsire, M|100\/100\n|\n|upkeep\n|turn|22\n|\n|t:|1699548484\n|move|p1a: Urshifu|Surging Strikes|p2a: \u732a\u795e\n|-immune|p2a: \u732a\u795e|[from] ability: Water Absorb\n|move|p2a: \u732a\u795e|Yawn|p1a: Urshifu\n|-start|p1a: Urshifu|move: Yawn|[of] p2a: \u732a\u795e\n|\n|upkeep\n|turn|23\n|\n|t:|1699548494\n|switch|p1a: Ferrothorn|Ferrothorn, M|100\/100\n|switch|p2a: \u6b7b\u4ea1\u6539\u9020\u4eba|Corviknight, F|35\/100\n|\n|upkeep\n|turn|24\n|\n|t:|1699548498\n|move|p2a: \u6b7b\u4ea1\u6539\u9020\u4eba|Roost|p2a: \u6b7b\u4ea1\u6539\u9020\u4eba\n|-heal|p2a: \u6b7b\u4ea1\u6539\u9020\u4eba|85\/100\n|-singleturn|p2a: \u6b7b\u4ea1\u6539\u9020\u4eba|move: Roost\n|move|p1a: Ferrothorn|Leech Seed|p2a: \u6b7b\u4ea1\u6539\u9020\u4eba\n|-start|p2a: \u6b7b\u4ea1\u6539\u9020\u4eba|move: Leech Seed\n|\n|-damage|p2a: \u6b7b\u4ea1\u6539\u9020\u4eba|72\/100|[from] Leech Seed|[of] p1a: Ferrothorn\n|upkeep\n|turn|25\n|\n|t:|1699548503\n|switch|p2a: \u95ea\u5149\u7684\u5f17\u83b1\u4ec0|Lopunny, M|100\/100\n|switch|p1a: Zapdos|Zapdos|100\/100\n|\n|upkeep\n|turn|26\n|\n|t:|1699548506\n|move|p2a: \u95ea\u5149\u7684\u5f17\u83b1\u4ec0|Fake Out|p1a: Zapdos\n|-damage|p1a: Zapdos|88\/100\n|cant|p1a: Zapdos|flinch\n|\n|upkeep\n|turn|27\n|\n|t:|1699548511\n|switch|p2a: \u732a\u795e|Clodsire, M|100\/100\n|move|p1a: Zapdos|Thunder Wave|p2a: \u732a\u795e\n|-immune|p2a: \u732a\u795e\n|\n|upkeep\n|turn|28\n|\n|t:|1699548517\n|switch|p1a: Ferrothorn|Ferrothorn, M|100\/100\n|move|p2a: \u732a\u795e|Earthquake|p1a: Ferrothorn\n|-damage|p1a: Ferrothorn|86\/100\n|\n|-heal|p1a: Ferrothorn|92\/100|[from] item: Leftovers\n|upkeep\n|turn|29\n|inactive|Battle timer is ON: inactive players will automatically lose when time's up. (requested by Square K)\n|\n|t:|1699548557\n|switch|p2a: \u91d1\u5c5e\u9a91\u58eb|Heatran, M, tera:Grass|59\/100\n|move|p1a: Ferrothorn|Leech Seed|p2a: \u91d1\u5c5e\u9a91\u58eb\n|-immune|p2a: \u91d1\u5c5e\u9a91\u58eb\n|\n|-heal|p2a: \u91d1\u5c5e\u9a91\u58eb|65\/100|[from] item: Leftovers\n|-heal|p1a: Ferrothorn|99\/100|[from] item: Leftovers\n|upkeep\n|turn|30\n|\n|t:|1699548566\n|switch|p1a: Urshifu|Urshifu-Rapid-Strike, M|100\/100\n|move|p2a: \u91d1\u5c5e\u9a91\u58eb|Heat Wave|p1a: Urshifu|[miss]\n|-miss|p2a: \u91d1\u5c5e\u9a91\u58eb|p1a: Urshifu\n|\n|-heal|p2a: \u91d1\u5c5e\u9a91\u58eb|71\/100|[from] item: Leftovers\n|upkeep\n|turn|31\n|\n|t:|1699548574\n|switch|p2a: \u732a\u795e|Clodsire, M|100\/100\n|move|p1a: Urshifu|U-turn|p2a: \u732a\u795e\n|-resisted|p2a: \u732a\u795e\n|-damage|p2a: \u732a\u795e|88\/100\n|\n|t:|1699548578\n|switch|p1a: Pinsir|Pinsir-Mega, F|84\/100|[from] U-turn\n|\n|-heal|p2a: \u732a\u795e|94\/100|[from] item: Black Sludge\n|upkeep\n|turn|32\n|\n|t:|1699548587\n|move|p2a: \u732a\u795e|Protect|p2a: \u732a\u795e\n|-singleturn|p2a: \u732a\u795e|Protect\n|move|p1a: Pinsir|Earthquake|p2a: \u732a\u795e\n|-activate|p2a: \u732a\u795e|move: Protect\n|\n|-heal|p2a: \u732a\u795e|100\/100|[from] item: Black Sludge\n|upkeep\n|turn|33\n|\n|t:|1699548594\n|switch|p1a: Zapdos|Zapdos|88\/100\n|switch|p2a: \u6b7b\u4ea1\u6539\u9020\u4eba|Corviknight, F|72\/100\n|\n|upkeep\n|turn|34\n|\n|t:|1699548607\n|switch|p2a: \u732a\u795e|Clodsire, M|100\/100\n|move|p1a: Zapdos|Roost|p1a: Zapdos\n|-heal|p1a: Zapdos|100\/100\n|-singleturn|p1a: Zapdos|move: Roost\n|\n|upkeep\n|turn|35\n|\n|t:|1699548612\n|switch|p1a: Ferrothorn|Ferrothorn, M|99\/100\n|move|p2a: \u732a\u795e|Yawn|p1a: Ferrothorn\n|-start|p1a: Ferrothorn|move: Yawn|[of] p2a: \u732a\u795e\n|\n|-heal|p1a: Ferrothorn|100\/100|[from] item: Leftovers\n|upkeep\n|turn|36\n|\n|t:|1699548641\n|switch|p1a: Urshifu|Urshifu-Rapid-Strike, M|100\/100\n|move|p2a: \u732a\u795e|Yawn|p1a: Urshifu\n|-start|p1a: Urshifu|move: Yawn|[of] p2a: \u732a\u795e\n|\n|upkeep\n|turn|37\n|\n|t:|1699548648\n|switch|p2a: \u91d1\u5c5e\u9a91\u58eb|Heatran, M, tera:Grass|71\/100\n|move|p1a: Urshifu|U-turn|p2a: \u91d1\u5c5e\u9a91\u58eb\n|-supereffective|p2a: \u91d1\u5c5e\u9a91\u58eb\n|-damage|p2a: \u91d1\u5c5e\u9a91\u58eb|32\/100\n|\n|t:|1699548653\n|switch|p1a: Pinsir|Pinsir-Mega, F|84\/100|[from] U-turn\n|\n|-heal|p2a: \u91d1\u5c5e\u9a91\u58eb|39\/100|[from] item: Leftovers\n|upkeep\n|turn|38\n|\n|t:|1699548663\n|switch|p1a: Zapdos|Zapdos|100\/100\n|move|p2a: \u91d1\u5c5e\u9a91\u58eb|Protect||[still]\n|-fail|p2a: \u91d1\u5c5e\u9a91\u58eb\n|\n|-heal|p2a: \u91d1\u5c5e\u9a91\u58eb|45\/100|[from] item: Leftovers\n|upkeep\n|turn|39\n|\n|t:|1699548671\n|switch|p2a: \u732a\u795e|Clodsire, M|100\/100\n|move|p1a: Zapdos|Volt Switch|p2a: \u732a\u795e\n|-immune|p2a: \u732a\u795e\n|\n|upkeep\n|turn|40\n|\n|t:|1699548680\n|switch|p1a: Urshifu|Urshifu-Rapid-Strike, M|100\/100\n|move|p2a: \u732a\u795e|Earthquake|p1a: Urshifu\n|-damage|p1a: Urshifu|74\/100\n|\n|upkeep\n|turn|41\n|\n|t:|1699548686\n|move|p1a: Urshifu|U-turn|p2a: \u732a\u795e\n|-resisted|p2a: \u732a\u795e\n|-damage|p2a: \u732a\u795e|86\/100\n|\n|t:|1699548691\n|switch|p1a: Pinsir|Pinsir-Mega, F|84\/100|[from] U-turn\n|move|p2a: \u732a\u795e|Yawn|p1a: Pinsir\n|-start|p1a: Pinsir|move: Yawn|[of] p2a: \u732a\u795e\n|\n|-heal|p2a: \u732a\u795e|93\/100|[from] item: Black Sludge\n|upkeep\n|turn|42\n|\n|t:|1699548698\n|switch|p1a: Ferrothorn|Ferrothorn, M|100\/100\n|move|p2a: \u732a\u795e|Protect||[still]\n|-fail|p2a: \u732a\u795e\n|\n|-heal|p2a: \u732a\u795e|99\/100|[from] item: Black Sludge\n|upkeep\n|turn|43\n|\n|t:|1699548703\n|move|p2a: \u732a\u795e|Yawn|p1a: Ferrothorn\n|-start|p1a: Ferrothorn|move: Yawn|[of] p2a: \u732a\u795e\n|move|p1a: Ferrothorn|Leech Seed|p2a: \u732a\u795e\n|-start|p2a: \u732a\u795e|move: Leech Seed\n|\n|-heal|p2a: \u732a\u795e|100\/100|[from] item: Black Sludge\n|-damage|p2a: \u732a\u795e|88\/100|[from] Leech Seed|[of] p1a: Ferrothorn\n|upkeep\n|turn|44\n|\n|t:|1699548709\n|switch|p2a: \u95ea\u5149\u7684\u5f17\u83b1\u4ec0|Lopunny, M|100\/100\n|switch|p1a: Urshifu|Urshifu-Rapid-Strike, M|74\/100\n|\n|upkeep\n|turn|45\n|\n|t:|1699548715\n|move|p2a: \u95ea\u5149\u7684\u5f17\u83b1\u4ec0|Fake Out|p1a: Urshifu\n|-damage|p1a: Urshifu|58\/100\n|cant|p1a: Urshifu|flinch\n|\n|upkeep\n|turn|46\n|\n|t:|1699548720\n|switch|p2a: \u732a\u795e|Clodsire, M|88\/100\n|move|p1a: Urshifu|Surging Strikes|p2a: \u732a\u795e\n|-heal|p2a: \u732a\u795e|100\/100|[from] ability: Water Absorb|[of] p1a: Urshifu\n|\n|upkeep\n|turn|47\n|\n|t:|1699548728\n|switch|p1a: Ferrothorn|Ferrothorn, M|100\/100\n|move|p2a: \u732a\u795e|Yawn|p1a: Ferrothorn\n|-start|p1a: Ferrothorn|move: Yawn|[of] p2a: \u732a\u795e\n|\n|upkeep\n|turn|48\n|\n|t:|1699548733\n|switch|p2a: \u95ea\u5149\u7684\u5f17\u83b1\u4ec0|Lopunny, M|100\/100\n|move|p1a: Ferrothorn|Leech Seed|p2a: \u95ea\u5149\u7684\u5f17\u83b1\u4ec0\n|-start|p2a: \u95ea\u5149\u7684\u5f17\u83b1\u4ec0|move: Leech Seed\n|\n|-damage|p2a: \u95ea\u5149\u7684\u5f17\u83b1\u4ec0|88\/100|[from] Leech Seed|[of] p1a: Ferrothorn\n|-end|p1a: Ferrothorn|move: Yawn|[silent]\n|-status|p1a: Ferrothorn|slp\n|upkeep\n|turn|49\n|inactive|BlazingPhoenix740B has 120 seconds left.\n|\n|t:|1699548766\n|detailschange|p2a: \u95ea\u5149\u7684\u5f17\u83b1\u4ec0|Lopunny-Mega, M\n|-mega|p2a: \u95ea\u5149\u7684\u5f17\u83b1\u4ec0|Lopunny|Lopunnite\n|cant|p1a: Ferrothorn|slp\n|move|p2a: \u95ea\u5149\u7684\u5f17\u83b1\u4ec0|Close Combat|p1a: Ferrothorn\n|-supereffective|p1a: Ferrothorn\n|-damage|p1a: Ferrothorn|22\/100 slp\n|-unboost|p2a: \u95ea\u5149\u7684\u5f17\u83b1\u4ec0|def|1\n|-unboost|p2a: \u95ea\u5149\u7684\u5f17\u83b1\u4ec0|spd|1\n|-damage|p2a: \u95ea\u5149\u7684\u5f17\u83b1\u4ec0|76\/100|[from] ability: Iron Barbs|[of] p1a: Ferrothorn\n|\n|-heal|p1a: Ferrothorn|28\/100 slp|[from] item: Leftovers\n|-damage|p2a: \u95ea\u5149\u7684\u5f17\u83b1\u4ec0|64\/100|[from] Leech Seed|[of] p1a: Ferrothorn\n|-heal|p1a: Ferrothorn|37\/100 slp|[silent]\n|upkeep\n|turn|50\n|\n|t:|1699548772\n|-curestatus|p1a: Ferrothorn|slp|[msg]\n|move|p1a: Ferrothorn|Protect|p1a: Ferrothorn\n|-singleturn|p1a: Ferrothorn|Protect\n|move|p2a: \u95ea\u5149\u7684\u5f17\u83b1\u4ec0|Close Combat|p1a: Ferrothorn\n|-activate|p1a: Ferrothorn|move: Protect\n|\n|-heal|p1a: Ferrothorn|43\/100|[from] item: Leftovers\n|-damage|p2a: \u95ea\u5149\u7684\u5f17\u83b1\u4ec0|52\/100|[from] Leech Seed|[of] p1a: Ferrothorn\n|-heal|p1a: Ferrothorn|53\/100|[silent]\n|upkeep\n|turn|51\n|\n|t:|1699548778\n|switch|p1a: Zapdos|Zapdos|100\/100\n|move|p2a: \u95ea\u5149\u7684\u5f17\u83b1\u4ec0|Close Combat|p1a: Zapdos\n|-resisted|p1a: Zapdos\n|-damage|p1a: Zapdos|70\/100\n|-unboost|p2a: \u95ea\u5149\u7684\u5f17\u83b1\u4ec0|def|1\n|-unboost|p2a: \u95ea\u5149\u7684\u5f17\u83b1\u4ec0|spd|1\n|-status|p2a: \u95ea\u5149\u7684\u5f17\u83b1\u4ec0|par|[from] ability: Static|[of] p1a: Zapdos\n|\n|-damage|p2a: \u95ea\u5149\u7684\u5f17\u83b1\u4ec0|40\/100 par|[from] Leech Seed|[of] p1a: Zapdos\n|-heal|p1a: Zapdos|79\/100|[silent]\n|upkeep\n|turn|52\n|\n|t:|1699548786\n|switch|p2a: \u732a\u795e|Clodsire, M|100\/100\n|move|p1a: Zapdos|Volt Switch|p2a: \u732a\u795e\n|-immune|p2a: \u732a\u795e\n|\n|upkeep\n|turn|53\n|\n|t:|1699548793\n|move|p1a: Zapdos|Roost|p1a: Zapdos\n|-heal|p1a: Zapdos|100\/100\n|-singleturn|p1a: Zapdos|move: Roost\n|move|p2a: \u732a\u795e|Yawn|p1a: Zapdos\n|-start|p1a: Zapdos|move: Yawn|[of] p2a: \u732a\u795e\n|\n|upkeep\n|turn|54\n|\n|t:|1699548799\n|switch|p1a: Pinsir|Pinsir-Mega, F|84\/100\n|move|p2a: \u732a\u795e|Earthquake|p1a: Pinsir\n|-immune|p1a: Pinsir\n|\n|upkeep\n|turn|55\n|\n|t:|1699548806\n|move|p2a: \u732a\u795e|Protect|p2a: \u732a\u795e\n|-singleturn|p2a: \u732a\u795e|Protect\n|move|p1a: Pinsir|Return|p2a: \u732a\u795e\n|-activate|p2a: \u732a\u795e|move: Protect\n|\n|upkeep\n|turn|56\n|\n|t:|1699548820\n|switch|p1a: Zapdos|Zapdos|100\/100\n|switch|p2a: \u6b7b\u4ea1\u6539\u9020\u4eba|Corviknight, F|72\/100\n|\n|upkeep\n|turn|57\n|\n|t:|1699548841\n|switch|p2a: \u8b66\u72ac\u4fa0|Arcanine-Hisui, F|100\/100\n|-ability|p2a: \u8b66\u72ac\u4fa0|Intimidate|boost\n|-unboost|p1a: Zapdos|atk|1\n|move|p1a: Zapdos|Thunderbolt|p2a: \u8b66\u72ac\u4fa0\n|-damage|p2a: \u8b66\u72ac\u4fa0|56\/100\n|\n|upkeep\n|turn|58\n|\n|t:|1699548851\n|-zpower|p2a: \u8b66\u72ac\u4fa0\n|move|p2a: \u8b66\u72ac\u4fa0|Continental Crush|p1a: Zapdos|[zeffect]\n|-supereffective|p1a: Zapdos\n|-damage|p1a: Zapdos|0 fnt\n|faint|p1a: Zapdos\n|\n|upkeep\n|\n|t:|1699548854\n|switch|p1a: Urshifu|Urshifu-Rapid-Strike, M|58\/100\n|turn|59\n|\n|t:|1699548864\n|switch|p2a: \u732a\u795e|Clodsire, M|100\/100\n|move|p1a: Urshifu|Surging Strikes|p2a: \u732a\u795e\n|-immune|p2a: \u732a\u795e|[from] ability: Water Absorb\n|\n|upkeep\n|turn|60\n|\n|t:|1699548868\n|switch|p1a: Ferrothorn|Ferrothorn, M|53\/100\n|move|p2a: \u732a\u795e|Yawn|p1a: Ferrothorn\n|-start|p1a: Ferrothorn|move: Yawn|[of] p2a: \u732a\u795e\n|\n|-heal|p1a: Ferrothorn|59\/100|[from] item: Leftovers\n|upkeep\n|turn|61\n|\n|t:|1699548879\n|switch|p1a: Urshifu|Urshifu-Rapid-Strike, M|58\/100\n|switch|p2a: \u8b66\u72ac\u4fa0|Arcanine-Hisui, F|56\/100\n|-ability|p2a: \u8b66\u72ac\u4fa0|Intimidate|boost\n|-unboost|p1a: Urshifu|atk|1\n|\n|upkeep\n|turn|62\n|\n|t:|1699548890\n|switch|p2a: \u732a\u795e|Clodsire, M|100\/100\n|move|p1a: Urshifu|Close Combat|p2a: \u732a\u795e\n|-resisted|p2a: \u732a\u795e\n|-damage|p2a: \u732a\u795e|76\/100\n|-unboost|p1a: Urshifu|def|1\n|-unboost|p1a: Urshifu|spd|1\n|\n|-heal|p2a: \u732a\u795e|82\/100|[from] item: Black Sludge\n|upkeep\n|turn|63\n|\n|t:|1699548894\n|switch|p1a: Pinsir|Pinsir-Mega, F|84\/100\n|move|p2a: \u732a\u795e|Yawn|p1a: Pinsir\n|-start|p1a: Pinsir|move: Yawn|[of] p2a: \u732a\u795e\n|\n|-heal|p2a: \u732a\u795e|89\/100|[from] item: Black Sludge\n|upkeep\n|turn|64\n|\n|t:|1699548902\n|switch|p2a: \u8b66\u72ac\u4fa0|Arcanine-Hisui, F|56\/100\n|-ability|p2a: \u8b66\u72ac\u4fa0|Intimidate|boost\n|-unboost|p1a: Pinsir|atk|1\n|move|p1a: Pinsir|Earthquake|p2a: \u8b66\u72ac\u4fa0\n|-supereffective|p2a: \u8b66\u72ac\u4fa0\n|-damage|p2a: \u8b66\u72ac\u4fa0|0 fnt\n|faint|p2a: \u8b66\u72ac\u4fa0\n|\n|-end|p1a: Pinsir|move: Yawn|[silent]\n|-status|p1a: Pinsir|slp\n|upkeep\n|\n|t:|1699548916\n|switch|p2a: \u91d1\u5c5e\u9a91\u58eb|Heatran, M, tera:Grass|45\/100\n|turn|65\n|\n|t:|1699548922\n|cant|p1a: Pinsir|slp\n|move|p2a: \u91d1\u5c5e\u9a91\u58eb|Heat Wave|p1a: Pinsir\n|-supereffective|p1a: Pinsir\n|-damage|p1a: Pinsir|0 fnt\n|faint|p1a: Pinsir\n|\n|-heal|p2a: \u91d1\u5c5e\u9a91\u58eb|51\/100|[from] item: Leftovers\n|upkeep\n|\n|t:|1699548926\n|switch|p1a: Urshifu|Urshifu-Rapid-Strike, M|58\/100\n|turn|66\n|\n|t:|1699548932\n|switch|p2a: \u732a\u795e|Clodsire, M|89\/100\n|move|p1a: Urshifu|U-turn|p2a: \u732a\u795e\n|-resisted|p2a: \u732a\u795e\n|-damage|p2a: \u732a\u795e|74\/100\n|\n|t:|1699548935\n|switch|p1a: Ferrothorn|Ferrothorn, M|59\/100|[from] U-turn\n|\n|-heal|p2a: \u732a\u795e|80\/100|[from] item: Black Sludge\n|-heal|p1a: Ferrothorn|65\/100|[from] item: Leftovers\n|upkeep\n|turn|67\n|\n|t:|1699548939\n|move|p1a: Ferrothorn|Knock Off|p2a: \u732a\u795e\n|-damage|p2a: \u732a\u795e|58\/100\n|-enditem|p2a: \u732a\u795e|Black Sludge|[from] move: Knock Off|[of] p1a: Ferrothorn\n|move|p2a: \u732a\u795e|Yawn|p1a: Ferrothorn\n|-start|p1a: Ferrothorn|move: Yawn|[of] p2a: \u732a\u795e\n|\n|-heal|p1a: Ferrothorn|72\/100|[from] item: Leftovers\n|upkeep\n|turn|68\n|\n|t:|1699548949\n|switch|p2a: \u95ea\u5149\u7684\u5f17\u83b1\u4ec0|Lopunny-Mega, M|40\/100 par\n|switch|p1a: Urshifu|Urshifu-Rapid-Strike, M|58\/100\n|\n|upkeep\n|turn|69\n|\n|t:|1699548956\n|move|p2a: \u95ea\u5149\u7684\u5f17\u83b1\u4ec0|Fake Out|p1a: Urshifu\n|-damage|p1a: Urshifu|32\/100\n|cant|p1a: Urshifu|flinch\n|\n|upkeep\n|turn|70\n|\n|t:|1699548962\n|move|p2a: \u95ea\u5149\u7684\u5f17\u83b1\u4ec0|Quick Attack|p1a: Urshifu\n|-damage|p1a: Urshifu|8\/100\n|move|p1a: Urshifu|Iron Head|p2a: \u95ea\u5149\u7684\u5f17\u83b1\u4ec0\n|-damage|p2a: \u95ea\u5149\u7684\u5f17\u83b1\u4ec0|2\/100 par\n|\n|upkeep\n|turn|71\n|\n|t:|1699548967\n|move|p2a: \u95ea\u5149\u7684\u5f17\u83b1\u4ec0|Quick Attack|p1a: Urshifu\n|-damage|p1a: Urshifu|0 fnt\n|faint|p1a: Urshifu\n|\n|upkeep\n|\n|t:|1699548969\n|switch|p1a: Ferrothorn|Ferrothorn, M|72\/100\n|turn|72\n|-message|BlazingPhoenix740B forfeited.\n|\n|win|Square K\n|raw|BlazingPhoenix740B's rating: 1333 &rarr; <strong>1315<\/strong><br \/>(-18 for losing)\n|raw|Square K's rating: 1371 &rarr; <strong>1389<\/strong><br \/>(+18 for winning)\n|l|\u2606BlazingPhoenix740B\n","uploadtime":1699548977,"views":4,"p1id":"blazingphoenix740b","p2id":"squarek","formatid":"gen9nationaldex","rating":1315,"private":0,"password":""}