{"id":"gen9nationaldex-1988489822","p1":"Itay80771","p2":"potw13 dude","format":"[Gen 9] National Dex","log":"|j|\u2606Itay80771\n|j|\u2606potw13 dude\n|t:|1699728478\n|gametype|singles\n|player|p1|Itay80771|giovanni|1063\n|player|p2|potw13 dude|hiker-gen4|1139\n|teamsize|p1|6\n|teamsize|p2|6\n|gen|9\n|tier|[Gen 9] National Dex\n|rated|\n|rule|HP Percentage Mod: HP is shown in percentages\n|rule|Endless Battle Clause: Forcing endless battles is banned\n|rule|OHKO Clause: OHKO moves are banned\n|rule|Evasion Clause: Evasion abilities, items, and moves are banned\n|rule|Evasion Abilities Clause: Evasion abilities are banned\n|rule|Evasion Items Clause: Evasion items are banned\n|rule|Evasion Moves Clause: Evasion moves are banned\n|rule|Species Clause: Limit one of each Pok\u00e9mon\n|rule|Sleep Clause Mod: Limit one foe put to sleep\n|clearpoke\n|poke|p1|Alomomola, M|\n|poke|p1|Ceruledge, F|\n|poke|p1|Zapdos|\n|poke|p1|Pinsir, F|\n|poke|p1|Hydreigon, F|\n|poke|p1|Garganacl, F|\n|poke|p2|Perrserker, M|\n|poke|p2|Pinsir, M|\n|poke|p2|Tornadus-Therian, M|\n|poke|p2|Slowking-Galar, M|\n|poke|p2|Zamazenta-*|\n|poke|p2|Garchomp, M|\n|teampreview\n|inactive|Battle timer is ON: inactive players will automatically lose when time's up. (requested by Itay80771)\n|j| MathisBitz\n|l| MathisBitz\n|\n|t:|1699728499\n|start\n|switch|p1a: Slade|Ceruledge, F|100\/100\n|switch|p2a: Tornadus|Tornadus-Therian, M|100\/100\n|turn|1\n|\n|t:|1699728508\n|move|p2a: Tornadus|Hurricane|p1a: Slade\n|-damage|p1a: Slade|54\/100\n|move|p1a: Slade|Swords Dance|p1a: Slade\n|-boost|p1a: Slade|atk|2\n|\n|upkeep\n|turn|2\n|\n|t:|1699728515\n|move|p2a: Tornadus|Knock Off|p1a: Slade\n|-supereffective|p1a: Slade\n|-damage|p1a: Slade|0 fnt\n|-enditem|p1a: Slade|Focus Sash|[from] move: Knock Off|[of] p2a: Tornadus\n|faint|p1a: Slade\n|\n|upkeep\n|\n|t:|1699728520\n|switch|p1a: Static Birb|Zapdos|100\/100\n|turn|3\n|\n|t:|1699728526\n|switch|p2a: Slowking|Slowking-Galar, M|100\/100\n|move|p1a: Static Birb|Thunderbolt|p2a: Slowking\n|-damage|p2a: Slowking|73\/100\n|\n|upkeep\n|turn|4\n|\n|t:|1699728533\n|switch|p1a: RockNRoll|Garganacl, F|100\/100\n|move|p2a: Slowking|Chilly Reception|p2a: Slowking\n|-weather|Snow\n|\n|t:|1699728540\n|switch|p2a: Garchomp|Garchomp, M|100\/100|[from] Chilly Reception\n|\n|-weather|Snow|[upkeep]\n|upkeep\n|turn|5\n|\n|t:|1699728546\n|-terastallize|p1a: RockNRoll|Ghost\n|move|p2a: Garchomp|Stealth Rock|p1a: RockNRoll\n|-sidestart|p1: Itay80771|move: Stealth Rock\n|move|p1a: RockNRoll|Stealth Rock|p2a: Garchomp\n|-sidestart|p2: potw13 dude|move: Stealth Rock\n|\n|-weather|Snow|[upkeep]\n|upkeep\n|turn|6\n|\n|t:|1699728552\n|move|p1a: RockNRoll|Salt Cure|p2a: Garchomp\n|-resisted|p2a: Garchomp\n|-damage|p2a: Garchomp|96\/100\n|-start|p2a: Garchomp|Salt Cure\n|move|p2a: Garchomp|Roar|p1a: RockNRoll\n|drag|p1a: Blue Beetle|Pinsir, F, shiny|100\/100\n|-damage|p1a: Blue Beetle|76\/100|[from] Stealth Rock\n|\n|-weather|Snow|[upkeep]\n|-damage|p2a: Garchomp|83\/100|[from] Salt Cure\n|upkeep\n|turn|7\n|\n|t:|1699728560\n|switch|p2a: Tornadus|Tornadus-Therian, M|100\/100\n|detailschange|p1a: Blue Beetle|Pinsir-Mega, F, shiny\n|-mega|p1a: Blue Beetle|Pinsir|Pinsirite\n|move|p1a: Blue Beetle|Swords Dance|p1a: Blue Beetle\n|-boost|p1a: Blue Beetle|atk|2\n|\n|-weather|Snow|[upkeep]\n|upkeep\n|turn|8\n|\n|t:|1699728570\n|move|p1a: Blue Beetle|Quick Attack|p2a: Tornadus\n|-damage|p2a: Tornadus|32\/100\n|move|p2a: Tornadus|Hurricane|p1a: Blue Beetle\n|-supereffective|p1a: Blue Beetle\n|-damage|p1a: Blue Beetle|0 fnt\n|faint|p1a: Blue Beetle\n|\n|-weather|none\n|upkeep\n|\n|t:|1699728581\n|switch|p1a: Static Birb|Zapdos|100\/100\n|turn|9\n|\n|t:|1699728594\n|switch|p2a: Slowking|Slowking-Galar, M|100\/100\n|move|p1a: Static Birb|Defog|p2a: Slowking\n|-unboost|p2a: Slowking|evasion|1\n|-sideend|p2: potw13 dude|Stealth Rock|[from] move: Defog|[of] p1a: Static Birb\n|-sideend|p1: Itay80771|Stealth Rock|[from] move: Defog|[of] p1a: Static Birb\n|\n|upkeep\n|turn|10\n|\n|t:|1699728601\n|move|p1a: Static Birb|Thunderbolt|p2a: Slowking\n|-damage|p2a: Slowking|69\/100\n|move|p2a: Slowking|Chilly Reception|p2a: Slowking\n|-weather|Snow\n|\n|t:|1699728615\n|switch|p2a: Perrserker|Perrserker, M|100\/100|[from] Chilly Reception\n|\n|-weather|Snow|[upkeep]\n|upkeep\n|turn|11\n|inactive|Itay80771 has 120 seconds left.\n|\n|t:|1699728654\n|move|p1a: Static Birb|Thunderbolt|p2a: Perrserker\n|-damage|p2a: Perrserker|44\/100\n|-status|p2a: Perrserker|par\n|move|p2a: Perrserker|U-turn|p1a: Static Birb\n|-resisted|p1a: Static Birb\n|-damage|p1a: Static Birb|86\/100\n|\n|t:|1699728660\n|switch|p2a: Slowking|Slowking-Galar, M|100\/100|[from] U-turn\n|\n|-weather|Snow|[upkeep]\n|upkeep\n|turn|12\n|\n|t:|1699728664\n|move|p1a: Static Birb|Thunderbolt|p2a: Slowking\n|-damage|p2a: Slowking|72\/100\n|move|p2a: Slowking|Future Sight|p1a: Static Birb\n|-start|p2a: Slowking|move: Future Sight\n|\n|-weather|Snow|[upkeep]\n|upkeep\n|turn|13\n|\n|t:|1699728671\n|move|p1a: Static Birb|Thunderbolt|p2a: Slowking\n|-damage|p2a: Slowking|42\/100\n|move|p2a: Slowking|Chilly Reception|p2a: Slowking\n|\n|t:|1699728681\n|switch|p2a: Zamazenta|Zamazenta|100\/100|[from] Chilly Reception\n|-ability|p2a: Zamazenta|Dauntless Shield|boost\n|-boost|p2a: Zamazenta|def|1\n|\n|-weather|Snow|[upkeep]\n|upkeep\n|turn|14\n|\n|t:|1699728695\n|switch|p1a: Hydra|Hydreigon, F, shiny|100\/100\n|move|p2a: Zamazenta|Ice Fang|p1a: Hydra\n|-supereffective|p1a: Hydra\n|-damage|p1a: Hydra|23\/100\n|\n|-weather|none\n|-end|p1a: Hydra|move: Future Sight\n|-immune|p1a: Hydra\n|upkeep\n|turn|15\n|\n|t:|1699728705\n|move|p1a: Hydra|Draco Meteor|p2a: Zamazenta\n|-damage|p2a: Zamazenta|36\/100\n|-unboost|p1a: Hydra|spa|2\n|move|p2a: Zamazenta|Ice Fang|p1a: Hydra\n|-supereffective|p1a: Hydra\n|-damage|p1a: Hydra|0 fnt\n|faint|p1a: Hydra\n|\n|upkeep\n|\n|t:|1699728716\n|switch|p1a: Static Birb|Zapdos|86\/100\n|turn|16\n|\n|t:|1699728721\n|switch|p2a: Slowking|Slowking-Galar, M|76\/100\n|move|p1a: Static Birb|Thunderbolt|p2a: Slowking\n|-damage|p2a: Slowking|44\/100\n|\n|upkeep\n|turn|17\n|\n|t:|1699728726\n|move|p1a: Static Birb|Thunderbolt|p2a: Slowking\n|-damage|p2a: Slowking|15\/100\n|move|p2a: Slowking|Slack Off|p2a: Slowking\n|-heal|p2a: Slowking|65\/100\n|\n|upkeep\n|turn|18\n|\n|t:|1699728732\n|move|p1a: Static Birb|Thunderbolt|p2a: Slowking\n|-damage|p2a: Slowking|37\/100\n|-status|p2a: Slowking|par\n|move|p2a: Slowking|Slack Off|p2a: Slowking\n|-heal|p2a: Slowking|87\/100 par\n|\n|upkeep\n|turn|19\n|\n|t:|1699728739\n|switch|p1a: RockNRoll|Garganacl, F, tera:Ghost|100\/100\n|cant|p2a: Slowking|par\n|\n|upkeep\n|turn|20\n|\n|t:|1699728748\n|move|p1a: RockNRoll|Stealth Rock|p2a: Slowking\n|-sidestart|p2: potw13 dude|move: Stealth Rock\n|cant|p2a: Slowking|par\n|\n|upkeep\n|turn|21\n|\n|t:|1699728753\n|move|p1a: RockNRoll|Salt Cure|p2a: Slowking\n|-damage|p2a: Slowking|73\/100 par\n|-start|p2a: Slowking|Salt Cure\n|move|p2a: Slowking|Chilly Reception|p2a: Slowking\n|-weather|Snow\n|\n|t:|1699728761\n|switch|p2a: Zamazenta|Zamazenta|36\/100|[from] Chilly Reception\n|-damage|p2a: Zamazenta|29\/100|[from] Stealth Rock\n|\n|-weather|Snow|[upkeep]\n|upkeep\n|turn|22\n|\n|t:|1699728767\n|move|p2a: Zamazenta|Crunch|p1a: RockNRoll\n|-supereffective|p1a: RockNRoll\n|-damage|p1a: RockNRoll|64\/100\n|move|p1a: RockNRoll|Salt Cure|p2a: Zamazenta\n|-resisted|p2a: Zamazenta\n|-damage|p2a: Zamazenta|22\/100\n|-start|p2a: Zamazenta|Salt Cure\n|\n|-weather|Snow|[upkeep]\n|-heal|p1a: RockNRoll|70\/100|[from] item: Leftovers\n|-damage|p2a: Zamazenta|10\/100|[from] Salt Cure\n|upkeep\n|turn|23\n|\n|t:|1699728776\n|switch|p2a: Perrserker|Perrserker, M|44\/100 par\n|-damage|p2a: Perrserker|38\/100 par|[from] Stealth Rock\n|move|p1a: RockNRoll|Recover|p1a: RockNRoll\n|-heal|p1a: RockNRoll|100\/100\n|\n|-weather|Snow|[upkeep]\n|upkeep\n|turn|24\n|\n|t:|1699728782\n|move|p1a: RockNRoll|Salt Cure|p2a: Perrserker\n|-resisted|p2a: Perrserker\n|-damage|p2a: Perrserker|30\/100 par\n|-start|p2a: Perrserker|Salt Cure\n|move|p2a: Perrserker|Iron Head|p1a: RockNRoll\n|-damage|p1a: RockNRoll|75\/100\n|\n|-weather|Snow|[upkeep]\n|-heal|p1a: RockNRoll|81\/100|[from] item: Leftovers\n|-damage|p2a: Perrserker|6\/100 par|[from] Salt Cure\n|upkeep\n|turn|25\n|\n|t:|1699728793\n|move|p1a: RockNRoll|Salt Cure|p2a: Perrserker\n|-resisted|p2a: Perrserker\n|-damage|p2a: Perrserker|0 fnt\n|faint|p2a: Perrserker\n|\n|-weather|none\n|-heal|p1a: RockNRoll|87\/100|[from] item: Leftovers\n|upkeep\n|\n|t:|1699728797\n|switch|p2a: Tornadus|Tornadus-Therian, M|66\/100\n|turn|26\n|\n|t:|1699728802\n|move|p2a: Tornadus|Knock Off|p1a: RockNRoll\n|-supereffective|p1a: RockNRoll\n|-damage|p1a: RockNRoll|68\/100\n|-enditem|p1a: RockNRoll|Leftovers|[from] move: Knock Off|[of] p2a: Tornadus\n|move|p1a: RockNRoll|Salt Cure|p2a: Tornadus\n|-supereffective|p2a: Tornadus\n|-damage|p2a: Tornadus|34\/100\n|-start|p2a: Tornadus|Salt Cure\n|\n|-damage|p2a: Tornadus|22\/100|[from] Salt Cure\n|upkeep\n|turn|27\n|\n|t:|1699728811\n|move|p2a: Tornadus|U-turn|p1a: RockNRoll\n|-resisted|p1a: RockNRoll\n|-damage|p1a: RockNRoll|64\/100\n|\n|t:|1699728817\n|switch|p2a: Zamazenta|Zamazenta|10\/100|[from] U-turn\n|-damage|p2a: Zamazenta|4\/100|[from] Stealth Rock\n|move|p1a: RockNRoll|Recover|p1a: RockNRoll\n|-heal|p1a: RockNRoll|100\/100\n|\n|upkeep\n|turn|28\n|\n|t:|1699728823\n|move|p2a: Zamazenta|Crunch|p1a: RockNRoll\n|-supereffective|p1a: RockNRoll\n|-damage|p1a: RockNRoll|58\/100\n|move|p1a: RockNRoll|Salt Cure|p2a: Zamazenta\n|-resisted|p2a: Zamazenta\n|-damage|p2a: Zamazenta|0 fnt\n|faint|p2a: Zamazenta\n|\n|upkeep\n|\n|t:|1699728840\n|switch|p2a: Slowking|Slowking-Galar, M|100\/100 par\n|turn|29\n|\n|t:|1699728844\n|move|p1a: RockNRoll|Recover|p1a: RockNRoll\n|-heal|p1a: RockNRoll|100\/100\n|move|p2a: Slowking|Future Sight|p1a: RockNRoll\n|-start|p2a: Slowking|move: Future Sight\n|\n|upkeep\n|turn|30\n|\n|t:|1699728850\n|move|p1a: RockNRoll|Salt Cure|p2a: Slowking\n|-damage|p2a: Slowking|86\/100 par\n|-start|p2a: Slowking|Salt Cure\n|cant|p2a: Slowking|par\n|\n|-damage|p2a: Slowking|73\/100 par|[from] Salt Cure\n|upkeep\n|turn|31\n|\n|t:|1699728857\n|move|p1a: RockNRoll|Salt Cure|p2a: Slowking\n|-damage|p2a: Slowking|60\/100 par\n|move|p2a: Slowking|Slack Off|p2a: Slowking\n|-heal|p2a: Slowking|100\/100 par\n|\n|-end|p1a: RockNRoll|move: Future Sight\n|-damage|p1a: RockNRoll|61\/100\n|-damage|p2a: Slowking|88\/100 par|[from] Salt Cure\n|upkeep\n|turn|32\n|\n|t:|1699728868\n|move|p1a: RockNRoll|Recover|p1a: RockNRoll\n|-heal|p1a: RockNRoll|100\/100\n|move|p2a: Slowking|Future Sight|p1a: RockNRoll\n|-start|p2a: Slowking|move: Future Sight\n|\n|-damage|p2a: Slowking|76\/100 par|[from] Salt Cure\n|upkeep\n|turn|33\n|\n|t:|1699728873\n|switch|p2a: Tornadus|Tornadus-Therian, M|55\/100\n|move|p1a: RockNRoll|Salt Cure|p2a: Tornadus\n|-supereffective|p2a: Tornadus\n|-damage|p2a: Tornadus|21\/100\n|-start|p2a: Tornadus|Salt Cure\n|\n|-damage|p2a: Tornadus|9\/100|[from] Salt Cure\n|upkeep\n|turn|34\n|\n|t:|1699728882\n|move|p2a: Tornadus|U-turn|p1a: RockNRoll\n|-resisted|p1a: RockNRoll\n|-damage|p1a: RockNRoll|97\/100\n|\n|t:|1699728893\n|switch|p2a: Garchomp|Garchomp, M|83\/100|[from] U-turn\n|-damage|p2a: Garchomp|77\/100|[from] Stealth Rock\n|move|p1a: RockNRoll|Recover|p1a: RockNRoll\n|-heal|p1a: RockNRoll|100\/100\n|\n|-end|p1a: RockNRoll|move: Future Sight\n|-damage|p1a: RockNRoll|58\/100\n|upkeep\n|turn|35\n|\n|t:|1699728899\n|move|p2a: Garchomp|Earthquake|p1a: RockNRoll\n|-damage|p1a: RockNRoll|34\/100\n|move|p1a: RockNRoll|Salt Cure|p2a: Garchomp\n|-resisted|p2a: Garchomp\n|-damage|p2a: Garchomp|72\/100\n|-start|p2a: Garchomp|Salt Cure\n|\n|-damage|p2a: Garchomp|59\/100|[from] Salt Cure\n|upkeep\n|turn|36\n|\n|t:|1699728904\n|switch|p2a: Slowking|Slowking-Galar, M|100\/100 par\n|move|p1a: RockNRoll|Recover|p1a: RockNRoll\n|-heal|p1a: RockNRoll|84\/100\n|\n|upkeep\n|turn|37\n|\n|t:|1699728910\n|move|p1a: RockNRoll|Salt Cure|p2a: Slowking\n|-damage|p2a: Slowking|86\/100 par\n|-start|p2a: Slowking|Salt Cure\n|cant|p2a: Slowking|par\n|\n|-damage|p2a: Slowking|73\/100 par|[from] Salt Cure\n|upkeep\n|turn|38\n|\n|t:|1699728916\n|move|p1a: RockNRoll|Salt Cure|p2a: Slowking\n|-damage|p2a: Slowking|59\/100 par\n|move|p2a: Slowking|Future Sight|p1a: RockNRoll\n|-start|p2a: Slowking|move: Future Sight\n|\n|-damage|p2a: Slowking|47\/100 par|[from] Salt Cure\n|upkeep\n|turn|39\n|\n|t:|1699728922\n|switch|p2a: Garchomp|Garchomp, M|59\/100\n|-damage|p2a: Garchomp|53\/100|[from] Stealth Rock\n|move|p1a: RockNRoll|Salt Cure|p2a: Garchomp\n|-resisted|p2a: Garchomp\n|-damage|p2a: Garchomp|48\/100\n|-start|p2a: Garchomp|Salt Cure\n|\n|-damage|p2a: Garchomp|35\/100|[from] Salt Cure\n|upkeep\n|turn|40\n|\n|t:|1699728930\n|switch|p1a: Static Birb|Zapdos|86\/100\n|move|p2a: Garchomp|Earthquake|p1a: Static Birb\n|-immune|p1a: Static Birb\n|\n|-end|p1a: Static Birb|move: Future Sight\n|-damage|p1a: Static Birb|39\/100\n|-damage|p2a: Garchomp|23\/100|[from] Salt Cure\n|upkeep\n|turn|41\n|\n|t:|1699728938\n|move|p2a: Garchomp|Stealth Rock|p1a: Static Birb\n|-sidestart|p1: Itay80771|move: Stealth Rock\n|move|p1a: Static Birb|Hidden Power|p2a: Garchomp\n|-supereffective|p2a: Garchomp\n|-damage|p2a: Garchomp|0 fnt\n|faint|p2a: Garchomp\n|\n|upkeep\n|\n|t:|1699728947\n|switch|p2a: Slowking|Slowking-Galar, M|80\/100 par\n|turn|42\n|\n|t:|1699728953\n|move|p1a: Static Birb|Roost|p1a: Static Birb\n|-heal|p1a: Static Birb|89\/100\n|-singleturn|p1a: Static Birb|move: Roost\n|cant|p2a: Slowking|par\n|\n|upkeep\n|turn|43\n|\n|t:|1699728957\n|move|p1a: Static Birb|Defog|p2a: Slowking\n|-unboost|p2a: Slowking|evasion|1\n|-sideend|p2: potw13 dude|Stealth Rock|[from] move: Defog|[of] p1a: Static Birb\n|-sideend|p1: Itay80771|Stealth Rock|[from] move: Defog|[of] p1a: Static Birb\n|cant|p2a: Slowking|par\n|\n|upkeep\n|turn|44\n|\n|t:|1699728964\n|move|p1a: Static Birb|Thunderbolt|p2a: Slowking\n|-damage|p2a: Slowking|50\/100 par\n|move|p2a: Slowking|Future Sight|p1a: Static Birb\n|-start|p2a: Slowking|move: Future Sight\n|\n|upkeep\n|turn|45\n|\n|t:|1699728971\n|move|p1a: Static Birb|Thunderbolt|p2a: Slowking\n|-damage|p2a: Slowking|20\/100 par\n|move|p2a: Slowking|Slack Off|p2a: Slowking\n|-heal|p2a: Slowking|70\/100 par\n|\n|upkeep\n|turn|46\n|\n|t:|1699728977\n|move|p1a: Static Birb|Thunderbolt|p2a: Slowking\n|-damage|p2a: Slowking|40\/100 par\n|move|p2a: Slowking|Sludge Bomb|p1a: Static Birb\n|-damage|p1a: Static Birb|54\/100\n|\n|-end|p1a: Static Birb|move: Future Sight\n|-crit|p1a: Static Birb\n|-damage|p1a: Static Birb|0 fnt\n|faint|p1a: Static Birb\n|upkeep\n|\n|t:|1699728983\n|switch|p1a: RockNRoll|Garganacl, F, tera:Ghost|84\/100\n|turn|47\n|\n|t:|1699728993\n|move|p1a: RockNRoll|Salt Cure|p2a: Slowking\n|-damage|p2a: Slowking|25\/100 par\n|-start|p2a: Slowking|Salt Cure\n|move|p2a: Slowking|Slack Off|p2a: Slowking\n|-heal|p2a: Slowking|75\/100 par\n|\n|-damage|p2a: Slowking|62\/100 par|[from] Salt Cure\n|upkeep\n|turn|48\n|\n|t:|1699729001\n|move|p1a: RockNRoll|Salt Cure|p2a: Slowking\n|-damage|p2a: Slowking|48\/100 par\n|move|p2a: Slowking|Chilly Reception|p2a: Slowking\n|-weather|Snow\n|\n|t:|1699729007\n|switch|p2a: Pinsir|Pinsir, M|100\/100|[from] Chilly Reception\n|\n|-weather|Snow|[upkeep]\n|upkeep\n|turn|49\n|\n|t:|1699729015\n|detailschange|p2a: Pinsir|Pinsir-Mega, M\n|-mega|p2a: Pinsir|Pinsir|Pinsirite\n|move|p2a: Pinsir|Swords Dance|p2a: Pinsir\n|-boost|p2a: Pinsir|atk|2\n|move|p1a: RockNRoll|Salt Cure|p2a: Pinsir\n|-supereffective|p2a: Pinsir\n|-damage|p2a: Pinsir|43\/100\n|-start|p2a: Pinsir|Salt Cure\n|\n|-weather|Snow|[upkeep]\n|-damage|p2a: Pinsir|31\/100|[from] Salt Cure\n|upkeep\n|turn|50\n|\n|t:|1699729026\n|move|p1a: RockNRoll|Protect|p1a: RockNRoll\n|-singleturn|p1a: RockNRoll|Protect\n|move|p2a: Pinsir|Frustration|p1a: RockNRoll\n|-activate|p1a: RockNRoll|move: Protect\n|\n|-weather|Snow|[upkeep]\n|-damage|p2a: Pinsir|19\/100|[from] Salt Cure\n|upkeep\n|turn|51\n|\n|t:|1699729031\n|move|p2a: Pinsir|Frustration|p1a: RockNRoll\n|-damage|p1a: RockNRoll|6\/100\n|move|p1a: RockNRoll|Recover|p1a: RockNRoll\n|-heal|p1a: RockNRoll|56\/100\n|\n|-weather|Snow|[upkeep]\n|-damage|p2a: Pinsir|6\/100|[from] Salt Cure\n|upkeep\n|turn|52\n|\n|t:|1699729043\n|switch|p2a: Tornadus|Tornadus-Therian, M|42\/100\n|move|p1a: RockNRoll|Protect||[still]\n|-fail|p1a: RockNRoll\n|\n|-weather|none\n|upkeep\n|turn|53\n|\n|t:|1699729051\n|switch|p2a: Pinsir|Pinsir-Mega, M|6\/100\n|move|p1a: RockNRoll|Salt Cure|p2a: Pinsir\n|-supereffective|p2a: Pinsir\n|-damage|p2a: Pinsir|0 fnt\n|faint|p2a: Pinsir\n|\n|upkeep\n|\n|t:|1699729056\n|switch|p2a: Slowking|Slowking-Galar, M|82\/100 par\n|turn|54\n|\n|t:|1699729061\n|move|p1a: RockNRoll|Salt Cure|p2a: Slowking\n|-damage|p2a: Slowking|68\/100 par\n|-start|p2a: Slowking|Salt Cure\n|move|p2a: Slowking|Future Sight|p1a: RockNRoll\n|-start|p2a: Slowking|move: Future Sight\n|\n|-damage|p2a: Slowking|55\/100 par|[from] Salt Cure\n|upkeep\n|turn|55\n|\n|t:|1699729069\n|move|p1a: RockNRoll|Salt Cure|p2a: Slowking\n|-crit|p2a: Slowking\n|-damage|p2a: Slowking|34\/100 par\n|move|p2a: Slowking|Chilly Reception|p2a: Slowking\n|-weather|Snow\n|\n|t:|1699729075\n|switch|p2a: Tornadus|Tornadus-Therian, M|75\/100|[from] Chilly Reception\n|\n|-weather|Snow|[upkeep]\n|upkeep\n|turn|56\n|\n|t:|1699729084\n|move|p2a: Tornadus|Knock Off|p1a: RockNRoll\n|-supereffective|p1a: RockNRoll\n|-damage|p1a: RockNRoll|42\/100\n|move|p1a: RockNRoll|Recover|p1a: RockNRoll\n|-heal|p1a: RockNRoll|92\/100\n|\n|-weather|Snow|[upkeep]\n|-end|p1a: RockNRoll|move: Future Sight\n|-damage|p1a: RockNRoll|48\/100\n|upkeep\n|turn|57\n|\n|t:|1699729091\n|move|p2a: Tornadus|U-turn|p1a: RockNRoll\n|-resisted|p1a: RockNRoll\n|-damage|p1a: RockNRoll|44\/100\n|\n|t:|1699729094\n|switch|p2a: Slowking|Slowking-Galar, M|67\/100 par|[from] U-turn\n|move|p1a: RockNRoll|Salt Cure|p2a: Slowking\n|-damage|p2a: Slowking|51\/100 par\n|-start|p2a: Slowking|Salt Cure\n|\n|-weather|Snow|[upkeep]\n|-damage|p2a: Slowking|39\/100 par|[from] Salt Cure\n|upkeep\n|turn|58\n|\n|t:|1699729101\n|switch|p2a: Tornadus|Tornadus-Therian, M|100\/100\n|move|p1a: RockNRoll|Salt Cure|p2a: Tornadus\n|-supereffective|p2a: Tornadus\n|-damage|p2a: Tornadus|68\/100\n|-start|p2a: Tornadus|Salt Cure\n|\n|-weather|Snow|[upkeep]\n|-damage|p2a: Tornadus|56\/100|[from] Salt Cure\n|upkeep\n|turn|59\n|\n|t:|1699729109\n|switch|p2a: Slowking|Slowking-Galar, M|72\/100 par\n|switch|p1a: Pinky Fish|Alomomola, M|100\/100\n|\n|-weather|none\n|upkeep\n|turn|60\n|\n|t:|1699729119\n|move|p1a: Pinky Fish|Wish|p1a: Pinky Fish\n|move|p2a: Slowking|Future Sight|p1a: Pinky Fish\n|-start|p2a: Slowking|move: Future Sight\n|\n|upkeep\n|turn|61\n|\n|t:|1699729126\n|switch|p1a: RockNRoll|Garganacl, F, tera:Ghost|44\/100\n|move|p2a: Slowking|Sludge Bomb|p1a: RockNRoll\n|-resisted|p1a: RockNRoll\n|-damage|p1a: RockNRoll|28\/100\n|\n|-heal|p1a: RockNRoll|95\/100|[from] move: Wish|[wisher] Pinky Fish\n|upkeep\n|turn|62\n|\n|t:|1699729136\n|move|p1a: RockNRoll|Salt Cure|p2a: Slowking\n|-damage|p2a: Slowking|57\/100 par\n|-start|p2a: Slowking|Salt Cure\n|move|p2a: Slowking|Sludge Bomb|p1a: RockNRoll\n|-resisted|p1a: RockNRoll\n|-damage|p1a: RockNRoll|79\/100\n|\n|-end|p1a: RockNRoll|move: Future Sight\n|-damage|p1a: RockNRoll|36\/100\n|-damage|p2a: Slowking|45\/100 par|[from] Salt Cure\n|upkeep\n|turn|63\n|\n|t:|1699729148\n|switch|p1a: Pinky Fish|Alomomola, M|100\/100\n|switch|p2a: Tornadus|Tornadus-Therian, M|89\/100\n|\n|upkeep\n|turn|64\n|\n|t:|1699729152\n|move|p2a: Tornadus|Hurricane|p1a: Pinky Fish\n|-damage|p1a: Pinky Fish|59\/100\n|-start|p1a: Pinky Fish|confusion\n|-activate|p1a: Pinky Fish|confusion\n|-damage|p1a: Pinky Fish|54\/100|[from] confusion\n|\n|-heal|p1a: Pinky Fish|60\/100|[from] item: Leftovers\n|upkeep\n|turn|65\n|\n|t:|1699729160\n|move|p2a: Tornadus|Knock Off|p1a: Pinky Fish\n|-damage|p1a: Pinky Fish|48\/100\n|-enditem|p1a: Pinky Fish|Leftovers|[from] move: Knock Off|[of] p2a: Tornadus\n|-activate|p1a: Pinky Fish|confusion\n|move|p1a: Pinky Fish|Toxic|p2a: Tornadus|[miss]\n|-miss|p1a: Pinky Fish|p2a: Tornadus\n|\n|upkeep\n|turn|66\n|\n|t:|1699729166\n|move|p2a: Tornadus|U-turn|p1a: Pinky Fish\n|-damage|p1a: Pinky Fish|39\/100\n|\n|t:|1699729168\n|switch|p2a: Slowking|Slowking-Galar, M|78\/100 par|[from] U-turn\n|-end|p1a: Pinky Fish|confusion\n|move|p1a: Pinky Fish|Wish|p1a: Pinky Fish\n|\n|upkeep\n|turn|67\n|\n|t:|1699729174\n|move|p1a: Pinky Fish|Protect|p1a: Pinky Fish\n|-singleturn|p1a: Pinky Fish|Protect\n|cant|p2a: Slowking|par\n|\n|-heal|p1a: Pinky Fish|89\/100|[from] move: Wish|[wisher] Pinky Fish\n|upkeep\n|turn|68\n|\n|t:|1699729178\n|move|p1a: Pinky Fish|Wish|p1a: Pinky Fish\n|move|p2a: Slowking|Future Sight|p1a: Pinky Fish\n|-start|p2a: Slowking|move: Future Sight\n|\n|upkeep\n|turn|69\n|\n|t:|1699729188\n|move|p1a: Pinky Fish|Flip Turn|p2a: Slowking\n|-damage|p2a: Slowking|60\/100 par\n|\n|t:|1699729191\n|switch|p1a: RockNRoll|Garganacl, F, tera:Ghost|36\/100|[from] Flip Turn\n|move|p2a: Slowking|Sludge Bomb|p1a: RockNRoll\n|-resisted|p1a: RockNRoll\n|-damage|p1a: RockNRoll|20\/100\n|\n|-heal|p1a: RockNRoll|86\/100|[from] move: Wish|[wisher] Pinky Fish\n|upkeep\n|turn|70\n|\n|t:|1699729204\n|switch|p2a: Tornadus|Tornadus-Therian, M|100\/100\n|move|p1a: RockNRoll|Salt Cure|p2a: Tornadus\n|-supereffective|p2a: Tornadus\n|-damage|p2a: Tornadus|70\/100\n|-start|p2a: Tornadus|Salt Cure\n|\n|-end|p1a: RockNRoll|move: Future Sight\n|-damage|p1a: RockNRoll|41\/100\n|-damage|p2a: Tornadus|58\/100|[from] Salt Cure\n|upkeep\n|turn|71\n|\n|t:|1699729215\n|switch|p2a: Slowking|Slowking-Galar, M|94\/100 par\n|switch|p1a: Pinky Fish|Alomomola, M|100\/100\n|\n|upkeep\n|turn|72\n|\n|t:|1699729222\n|move|p1a: Pinky Fish|Wish|p1a: Pinky Fish\n|move|p2a: Slowking|Future Sight|p1a: Pinky Fish\n|-start|p2a: Slowking|move: Future Sight\n|\n|upkeep\n|turn|73\n|\n|t:|1699729229\n|switch|p1a: RockNRoll|Garganacl, F, tera:Ghost|41\/100\n|move|p2a: Slowking|Chilly Reception|p2a: Slowking\n|-weather|Snow\n|\n|t:|1699729235\n|switch|p2a: Tornadus|Tornadus-Therian, M|91\/100|[from] Chilly Reception\n|\n|-weather|Snow|[upkeep]\n|-heal|p1a: RockNRoll|100\/100|[from] move: Wish|[wisher] Pinky Fish\n|upkeep\n|turn|74\n|\n|t:|1699729241\n|move|p2a: Tornadus|Hurricane|p1a: RockNRoll|[miss]\n|-miss|p2a: Tornadus|p1a: RockNRoll\n|move|p1a: RockNRoll|Stealth Rock|p2a: Tornadus\n|-sidestart|p2: potw13 dude|move: Stealth Rock\n|\n|-weather|Snow|[upkeep]\n|-end|p1a: RockNRoll|move: Future Sight\n|-damage|p1a: RockNRoll|59\/100\n|upkeep\n|turn|75\n|\n|t:|1699729246\n|switch|p1a: Pinky Fish|Alomomola, M|100\/100\n|move|p2a: Tornadus|Hurricane|p1a: Pinky Fish\n|-damage|p1a: Pinky Fish|58\/100\n|\n|-weather|Snow|[upkeep]\n|upkeep\n|turn|76\n|\n|t:|1699729257\n|move|p2a: Tornadus|U-turn|p1a: Pinky Fish\n|-damage|p1a: Pinky Fish|49\/100\n|\n|t:|1699729260\n|switch|p2a: Slowking|Slowking-Galar, M|100\/100 par|[from] U-turn\n|move|p1a: Pinky Fish|Wish|p1a: Pinky Fish\n|\n|-weather|Snow|[upkeep]\n|upkeep\n|turn|77\n|\n|t:|1699729266\n|move|p1a: Pinky Fish|Protect|p1a: Pinky Fish\n|-singleturn|p1a: Pinky Fish|Protect\n|move|p2a: Slowking|Future Sight|p1a: Pinky Fish\n|-start|p2a: Slowking|move: Future Sight\n|\n|-weather|none\n|-heal|p1a: Pinky Fish|99\/100|[from] move: Wish|[wisher] Pinky Fish\n|upkeep\n|turn|78\n|inactive|Itay80771 has 120 seconds left.\n|\n|t:|1699729304\n|switch|p2a: Tornadus|Tornadus-Therian, M|100\/100\n|move|p1a: Pinky Fish|Flip Turn|p2a: Tornadus\n|-damage|p2a: Tornadus|84\/100\n|\n|t:|1699729313\n|switch|p1a: RockNRoll|Garganacl, F, tera:Ghost|59\/100|[from] Flip Turn\n|\n|upkeep\n|turn|79\n|\n|t:|1699729319\n|move|p1a: RockNRoll|Protect|p1a: RockNRoll\n|-singleturn|p1a: RockNRoll|Protect\n|move|p2a: Tornadus|Hurricane|p1a: RockNRoll\n|-activate|p1a: RockNRoll|move: Protect\n|\n|-end|p1a: RockNRoll|move: Future Sight\n|-damage|p1a: RockNRoll|21\/100\n|upkeep\n|turn|80\n|\n|t:|1699729323\n|switch|p1a: Pinky Fish|Alomomola, M|100\/100\n|move|p2a: Tornadus|Hurricane|p1a: Pinky Fish\n|-damage|p1a: Pinky Fish|61\/100\n|\n|upkeep\n|turn|81\n|\n|t:|1699729330\n|move|p2a: Tornadus|U-turn|p1a: Pinky Fish\n|-damage|p1a: Pinky Fish|52\/100\n|\n|t:|1699729333\n|switch|p2a: Slowking|Slowking-Galar, M|100\/100 par|[from] U-turn\n|move|p1a: Pinky Fish|Wish|p1a: Pinky Fish\n|\n|upkeep\n|turn|82\n|\n|t:|1699729339\n|move|p1a: Pinky Fish|Protect|p1a: Pinky Fish\n|-singleturn|p1a: Pinky Fish|Protect\n|move|p2a: Slowking|Future Sight|p1a: Pinky Fish\n|-start|p2a: Slowking|move: Future Sight\n|\n|-heal|p1a: Pinky Fish|100\/100|[from] move: Wish|[wisher] Pinky Fish\n|upkeep\n|turn|83\n|\n|t:|1699729343\n|switch|p2a: Tornadus|Tornadus-Therian, M|100\/100\n|move|p1a: Pinky Fish|Flip Turn|p2a: Tornadus\n|-damage|p2a: Tornadus|83\/100\n|\n|t:|1699729348\n|switch|p1a: RockNRoll|Garganacl, F, tera:Ghost|21\/100|[from] Flip Turn\n|\n|upkeep\n|turn|84\n|\n|t:|1699729353\n|switch|p1a: Pinky Fish|Alomomola, M|100\/100\n|move|p2a: Tornadus|Hurricane|p1a: Pinky Fish|[miss]\n|-miss|p2a: Tornadus|p1a: Pinky Fish\n|\n|-end|p1a: Pinky Fish|move: Future Sight\n|-damage|p1a: Pinky Fish|53\/100\n|upkeep\n|turn|85\n|\n|t:|1699729360\n|move|p2a: Tornadus|Hurricane|p1a: Pinky Fish|[miss]\n|-miss|p2a: Tornadus|p1a: Pinky Fish\n|move|p1a: Pinky Fish|Wish|p1a: Pinky Fish\n|\n|upkeep\n|turn|86\n|\n|t:|1699729364\n|move|p2a: Tornadus|Hurricane|p1a: Pinky Fish\n|-damage|p1a: Pinky Fish|15\/100\n|move|p1a: Pinky Fish|Toxic|p2a: Tornadus\n|-status|p2a: Tornadus|tox\n|\n|-heal|p1a: Pinky Fish|65\/100|[from] move: Wish|[wisher] Pinky Fish\n|-damage|p2a: Tornadus|77\/100 tox|[from] psn\n|upkeep\n|turn|87\n|\n|t:|1699729371\n|switch|p2a: Slowking|Slowking-Galar, M|100\/100 par\n|move|p1a: Pinky Fish|Protect||[still]\n|-fail|p1a: Pinky Fish\n|\n|upkeep\n|turn|88\n|\n|t:|1699729377\n|move|p1a: Pinky Fish|Wish|p1a: Pinky Fish\n|move|p2a: Slowking|Future Sight|p1a: Pinky Fish\n|-start|p2a: Slowking|move: Future Sight\n|\n|upkeep\n|turn|89\n|\n|t:|1699729382\n|move|p1a: Pinky Fish|Flip Turn|p2a: Slowking\n|-damage|p2a: Slowking|84\/100 par\n|\n|t:|1699729385\n|switch|p1a: RockNRoll|Garganacl, F, tera:Ghost|21\/100|[from] Flip Turn\n|cant|p2a: Slowking|par\n|\n|-heal|p1a: RockNRoll|87\/100|[from] move: Wish|[wisher] Pinky Fish\n|upkeep\n|turn|90\n|\n|t:|1699729392\n|move|p1a: RockNRoll|Protect|p1a: RockNRoll\n|-singleturn|p1a: RockNRoll|Protect\n|move|p2a: Slowking|Sludge Bomb|p1a: RockNRoll\n|-activate|p1a: RockNRoll|move: Protect\n|\n|-end|p1a: RockNRoll|move: Future Sight\n|-damage|p1a: RockNRoll|41\/100\n|upkeep\n|turn|91\n|\n|t:|1699729414\n|switch|p1a: Pinky Fish|Alomomola, M|98\/100\n|cant|p2a: Slowking|par\n|\n|upkeep\n|turn|92\n|\n|t:|1699729420\n|move|p1a: Pinky Fish|Wish|p1a: Pinky Fish\n|move|p2a: Slowking|Future Sight|p1a: Pinky Fish\n|-start|p2a: Slowking|move: Future Sight\n|\n|upkeep\n|turn|93\n|\n|t:|1699729427\n|switch|p1a: RockNRoll|Garganacl, F, tera:Ghost|41\/100\n|switch|p2a: Tornadus|Tornadus-Therian, M|100\/100 tox\n|\n|-heal|p1a: RockNRoll|100\/100|[from] move: Wish|[wisher] Pinky Fish\n|-damage|p2a: Tornadus|94\/100 tox|[from] psn\n|upkeep\n|turn|94\n|\n|t:|1699729434\n|switch|p1a: Pinky Fish|Alomomola, M|100\/100\n|move|p2a: Tornadus|Knock Off|p1a: Pinky Fish\n|-damage|p1a: Pinky Fish|93\/100\n|\n|-end|p1a: Pinky Fish|move: Future Sight\n|-damage|p1a: Pinky Fish|47\/100\n|-damage|p2a: Tornadus|82\/100 tox|[from] psn\n|upkeep\n|turn|95\n|\n|t:|1699729444\n|move|p1a: Pinky Fish|Protect|p1a: Pinky Fish\n|-singleturn|p1a: Pinky Fish|Protect\n|move|p2a: Tornadus|Hurricane|p1a: Pinky Fish\n|-activate|p1a: Pinky Fish|move: Protect\n|\n|-damage|p2a: Tornadus|64\/100 tox|[from] psn\n|upkeep\n|turn|96\n|\n|t:|1699729450\n|move|p2a: Tornadus|U-turn|p1a: Pinky Fish\n|-damage|p1a: Pinky Fish|38\/100\n|\n|t:|1699729453\n|switch|p2a: Slowking|Slowking-Galar, M|100\/100 par|[from] U-turn\n|move|p1a: Pinky Fish|Wish|p1a: Pinky Fish\n|\n|upkeep\n|turn|97\n|\n|t:|1699729466\n|move|p1a: Pinky Fish|Protect|p1a: Pinky Fish\n|-singleturn|p1a: Pinky Fish|Protect\n|move|p2a: Slowking|Sludge Bomb|p1a: Pinky Fish\n|-activate|p1a: Pinky Fish|move: Protect\n|\n|-heal|p1a: Pinky Fish|88\/100|[from] move: Wish|[wisher] Pinky Fish\n|upkeep\n|turn|98\n|\n|t:|1699729479\n|switch|p1a: RockNRoll|Garganacl, F, tera:Ghost|100\/100\n|move|p2a: Slowking|Future Sight|p1a: RockNRoll\n|-start|p2a: Slowking|move: Future Sight\n|\n|upkeep\n|turn|99\n|\n|t:|1699729486\n|switch|p2a: Tornadus|Tornadus-Therian, M|97\/100 tox\n|move|p1a: RockNRoll|Stealth Rock||[still]\n|-fail|p1a: RockNRoll\n|\n|-damage|p2a: Tornadus|91\/100 tox|[from] psn\n|upkeep\n|turn|100\n|\n|t:|1699729493\n|switch|p1a: Pinky Fish|Alomomola, M|100\/100\n|move|p2a: Tornadus|Knock Off|p1a: Pinky Fish\n|-damage|p1a: Pinky Fish|93\/100\n|\n|-end|p1a: Pinky Fish|move: Future Sight\n|-crit|p1a: Pinky Fish\n|-damage|p1a: Pinky Fish|24\/100\n|-damage|p2a: Tornadus|79\/100 tox|[from] psn\n|upkeep\n|turn|101\n|\n|t:|1699729500\n|move|p1a: Pinky Fish|Protect|p1a: Pinky Fish\n|-singleturn|p1a: Pinky Fish|Protect\n|move|p2a: Tornadus|Hurricane|p1a: Pinky Fish\n|-activate|p1a: Pinky Fish|move: Protect\n|\n|-damage|p2a: Tornadus|61\/100 tox|[from] psn\n|upkeep\n|turn|102\n|\n|t:|1699729506\n|switch|p1a: RockNRoll|Garganacl, F, tera:Ghost|100\/100\n|move|p2a: Tornadus|Hurricane|p1a: RockNRoll\n|-damage|p1a: RockNRoll|65\/100\n|\n|-damage|p2a: Tornadus|36\/100 tox|[from] psn\n|upkeep\n|turn|103\n|\n|t:|1699729515\n|switch|p2a: Slowking|Slowking-Galar, M|100\/100 par\n|switch|p1a: Pinky Fish|Alomomola, M|57\/100\n|\n|upkeep\n|turn|104\n|\n|t:|1699729521\n|move|p1a: Pinky Fish|Wish|p1a: Pinky Fish\n|cant|p2a: Slowking|par\n|\n|upkeep\n|turn|105\n|\n|t:|1699729528\n|move|p1a: Pinky Fish|Protect|p1a: Pinky Fish\n|-singleturn|p1a: Pinky Fish|Protect\n|move|p2a: Slowking|Future Sight|p1a: Pinky Fish\n|-start|p2a: Slowking|move: Future Sight\n|\n|-heal|p1a: Pinky Fish|100\/100|[from] move: Wish|[wisher] Pinky Fish\n|upkeep\n|turn|106\n|\n|t:|1699729537\n|switch|p2a: Tornadus|Tornadus-Therian, M|69\/100 tox\n|move|p1a: Pinky Fish|Flip Turn|p2a: Tornadus\n|-damage|p2a: Tornadus|53\/100 tox\n|\n|t:|1699729543\n|switch|p1a: RockNRoll|Garganacl, F, tera:Ghost|65\/100|[from] Flip Turn\n|\n|-damage|p2a: Tornadus|46\/100 tox|[from] psn\n|upkeep\n|turn|107\n|\n|t:|1699729551\n|switch|p1a: Pinky Fish|Alomomola, M|100\/100\n|move|p2a: Tornadus|Hurricane|p1a: Pinky Fish\n|-damage|p1a: Pinky Fish|56\/100\n|-start|p1a: Pinky Fish|confusion\n|\n|-end|p1a: Pinky Fish|move: Future Sight\n|-damage|p1a: Pinky Fish|14\/100\n|-damage|p2a: Tornadus|34\/100 tox|[from] psn\n|upkeep\n|turn|108\n|inactive|potw13 dude has 120 seconds left.\n|\n|t:|1699729586\n|switch|p1a: RockNRoll|Garganacl, F, tera:Ghost|65\/100\n|move|p2a: Tornadus|Hurricane|p1a: RockNRoll\n|-damage|p1a: RockNRoll|24\/100\n|\n|-damage|p2a: Tornadus|16\/100 tox|[from] psn\n|upkeep\n|turn|109\n|inactive|Itay80771 has 120 seconds left.\n|\n|t:|1699729618\n|switch|p2a: Slowking|Slowking-Galar, M|100\/100 par\n|move|p1a: RockNRoll|Protect||[still]\n|-fail|p1a: RockNRoll\n|\n|upkeep\n|turn|110\n|\n|t:|1699729625\n|switch|p1a: Pinky Fish|Alomomola, M|48\/100\n|switch|p2a: Tornadus|Tornadus-Therian, M|49\/100 tox\n|\n|-damage|p2a: Tornadus|43\/100 tox|[from] psn\n|upkeep\n|turn|111\n|\n|t:|1699729629\n|switch|p2a: Slowking|Slowking-Galar, M|100\/100 par\n|move|p1a: Pinky Fish|Protect||[still]\n|-fail|p1a: Pinky Fish\n|\n|upkeep\n|turn|112\n|\n|t:|1699729649\n|switch|p2a: Tornadus|Tornadus-Therian, M|76\/100 tox\n|move|p1a: Pinky Fish|Wish|p1a: Pinky Fish\n|\n|-damage|p2a: Tornadus|70\/100 tox|[from] psn\n|upkeep\n|turn|113\n|inactive|potw13 dude has 120 seconds left.\n|\n|t:|1699729661\n|move|p1a: Pinky Fish|Protect|p1a: Pinky Fish\n|-singleturn|p1a: Pinky Fish|Protect\n|move|p2a: Tornadus|U-turn|p1a: Pinky Fish\n|-activate|p1a: Pinky Fish|move: Protect\n|\n|-heal|p1a: Pinky Fish|98\/100|[from] move: Wish|[wisher] Pinky Fish\n|-damage|p2a: Tornadus|58\/100 tox|[from] psn\n|upkeep\n|turn|114\n|\n|t:|1699729664\n|move|p2a: Tornadus|U-turn|p1a: Pinky Fish\n|-damage|p1a: Pinky Fish|89\/100\n|\n|t:|1699729667\n|switch|p2a: Slowking|Slowking-Galar, M|100\/100 par|[from] U-turn\n|move|p1a: Pinky Fish|Flip Turn|p2a: Slowking\n|-damage|p2a: Slowking|83\/100 par\n|\n|t:|1699729673\n|switch|p1a: RockNRoll|Garganacl, F, tera:Ghost|24\/100|[from] Flip Turn\n|\n|upkeep\n|turn|115\n|\n|t:|1699729683\n|switch|p1a: Pinky Fish|Alomomola, M|100\/100\n|move|p2a: Slowking|Sludge Bomb|p1a: Pinky Fish\n|-damage|p1a: Pinky Fish|69\/100\n|\n|upkeep\n|turn|116\n|\n|t:|1699729689\n|move|p1a: Pinky Fish|Wish|p1a: Pinky Fish\n|move|p2a: Slowking|Sludge Bomb|p1a: Pinky Fish\n|-damage|p1a: Pinky Fish|37\/100\n|\n|upkeep\n|turn|117\n|\n|t:|1699729697\n|switch|p1a: RockNRoll|Garganacl, F, tera:Ghost|24\/100\n|cant|p2a: Slowking|par\n|\n|-heal|p1a: RockNRoll|90\/100|[from] move: Wish|[wisher] Pinky Fish\n|upkeep\n|turn|118\n|inactive|Itay80771 has 120 seconds left.\n|\n|t:|1699729709\n|move|p1a: RockNRoll|Stealth Rock||[still]\n|-fail|p1a: RockNRoll\n|cant|p2a: Slowking|par\n|\n|upkeep\n|turn|119\n|\n|t:|1699729720\n|move|p1a: RockNRoll|Stealth Rock||[still]\n|-fail|p1a: RockNRoll\n|move|p2a: Slowking|Sludge Bomb|p1a: RockNRoll\n|-resisted|p1a: RockNRoll\n|-damage|p1a: RockNRoll|74\/100\n|\n|upkeep\n|turn|120\n|inactive|Itay80771 has 120 seconds left.\n|\n|t:|1699729735\n|switch|p1a: Pinky Fish|Alomomola, M|70\/100\n|cant|p2a: Slowking|par\n|\n|upkeep\n|turn|121\n|\n|t:|1699729739\n|move|p1a: Pinky Fish|Flip Turn|p2a: Slowking\n|-damage|p2a: Slowking|65\/100 par\n|\n|t:|1699729742\n|switch|p1a: RockNRoll|Garganacl, F, tera:Ghost|74\/100|[from] Flip Turn\n|cant|p2a: Slowking|par\n|\n|upkeep\n|turn|122\n|inactive|Itay80771 has 120 seconds left.\n|\n|t:|1699729748\n|move|p1a: RockNRoll|Stealth Rock||[still]\n|-fail|p1a: RockNRoll\n|move|p2a: Slowking|Sludge Bomb|p1a: RockNRoll\n|-resisted|p1a: RockNRoll\n|-damage|p1a: RockNRoll|57\/100\n|\n|upkeep\n|turn|123\n|inactive|Itay80771 has 120 seconds left.\n|\n|t:|1699729756\n|move|p1a: RockNRoll|Protect|p1a: RockNRoll\n|-singleturn|p1a: RockNRoll|Protect\n|move|p2a: Slowking|Future Sight|p1a: RockNRoll\n|-start|p2a: Slowking|move: Future Sight\n|\n|upkeep\n|turn|124\n|inactive|Itay80771 has 120 seconds left.\n|\n|t:|1699729761\n|switch|p1a: Pinky Fish|Alomomola, M|100\/100\n|switch|p2a: Tornadus|Tornadus-Therian, M|91\/100 tox\n|\n|-damage|p2a: Tornadus|85\/100 tox|[from] psn\n|upkeep\n|turn|125\n|inactive|Itay80771 has 120 seconds left.\n|\n|t:|1699729769\n|move|p2a: Tornadus|Knock Off|p1a: Pinky Fish\n|-damage|p1a: Pinky Fish|93\/100\n|move|p1a: Pinky Fish|Wish|p1a: Pinky Fish\n|\n|-end|p1a: Pinky Fish|move: Future Sight\n|-damage|p1a: Pinky Fish|48\/100\n|-damage|p2a: Tornadus|73\/100 tox|[from] psn\n|upkeep\n|turn|126\n|inactive|Itay80771 has 120 seconds left.\n|\n|t:|1699729777\n|switch|p2a: Slowking|Slowking-Galar, M|98\/100 par\n|move|p1a: Pinky Fish|Protect||[still]\n|-fail|p1a: Pinky Fish\n|\n|-heal|p1a: Pinky Fish|98\/100|[from] move: Wish|[wisher] Pinky Fish\n|upkeep\n|turn|127\n|inactive|Itay80771 has 120 seconds left.\n|\n|t:|1699729786\n|switch|p1a: RockNRoll|Garganacl, F, tera:Ghost|57\/100\n|move|p2a: Slowking|Sludge Bomb|p1a: RockNRoll\n|-resisted|p1a: RockNRoll\n|-damage|p1a: RockNRoll|42\/100\n|\n|upkeep\n|turn|128\n|inactive|Itay80771 has 120 seconds left.\n|\n|t:|1699729795\n|move|p1a: RockNRoll|Stealth Rock||[still]\n|-fail|p1a: RockNRoll\n|move|p2a: Slowking|Chilly Reception|p2a: Slowking\n|-weather|Snow\n|\n|t:|1699729800\n|switch|p2a: Tornadus|Tornadus-Therian, M|100\/100 tox|[from] Chilly Reception\n|\n|-weather|Snow|[upkeep]\n|-damage|p2a: Tornadus|94\/100 tox|[from] psn\n|upkeep\n|turn|129\n|\n|t:|1699729805\n|move|p1a: RockNRoll|Protect|p1a: RockNRoll\n|-singleturn|p1a: RockNRoll|Protect\n|move|p2a: Tornadus|Knock Off|p1a: RockNRoll\n|-activate|p1a: RockNRoll|move: Protect\n|\n|-weather|Snow|[upkeep]\n|-damage|p2a: Tornadus|82\/100 tox|[from] psn\n|upkeep\n|turn|130\n|\n|t:|1699729813\n|switch|p1a: Pinky Fish|Alomomola, M|100\/100\n|move|p2a: Tornadus|U-turn|p1a: Pinky Fish\n|-damage|p1a: Pinky Fish|92\/100\n|\n|t:|1699729817\n|switch|p2a: Slowking|Slowking-Galar, M|100\/100 par|[from] U-turn\n|\n|-weather|Snow|[upkeep]\n|upkeep\n|turn|131\n|\n|t:|1699729822\n|move|p1a: Pinky Fish|Wish|p1a: Pinky Fish\n|move|p2a: Slowking|Chilly Reception|p2a: Slowking\n|\n|t:|1699729826\n|switch|p2a: Tornadus|Tornadus-Therian, M|100\/100 tox|[from] Chilly Reception\n|\n|-weather|Snow|[upkeep]\n|-damage|p2a: Tornadus|94\/100 tox|[from] psn\n|upkeep\n|turn|132\n|\n|t:|1699729831\n|switch|p1a: RockNRoll|Garganacl, F, tera:Ghost|42\/100\n|move|p2a: Tornadus|Knock Off|p1a: RockNRoll\n|-supereffective|p1a: RockNRoll\n|-damage|p1a: RockNRoll|28\/100\n|\n|-weather|none\n|-heal|p1a: RockNRoll|94\/100|[from] move: Wish|[wisher] Pinky Fish\n|-damage|p2a: Tornadus|82\/100 tox|[from] psn\n|upkeep\n|turn|133\n|\n|t:|1699729840\n|switch|p2a: Slowking|Slowking-Galar, M|100\/100 par\n|move|p1a: RockNRoll|Stealth Rock||[still]\n|-fail|p1a: RockNRoll\n|\n|upkeep\n|turn|134\n|\n|t:|1699729852\n|move|p1a: RockNRoll|Protect|p1a: RockNRoll\n|-singleturn|p1a: RockNRoll|Protect\n|move|p2a: Slowking|Slack Off||[still]\n|-fail|p2a: Slowking|heal\n|\n|upkeep\n|turn|135\n|\n|t:|1699729863\n|move|p1a: RockNRoll|Stealth Rock||[still]\n|-fail|p1a: RockNRoll\n|move|p2a: Slowking|Sludge Bomb|p1a: RockNRoll\n|-resisted|p1a: RockNRoll\n|-damage|p1a: RockNRoll|79\/100\n|\n|upkeep\n|turn|136\n|\n|t:|1699729869\n|switch|p2a: Tornadus|Tornadus-Therian, M|100\/100 tox\n|move|p1a: RockNRoll|Stealth Rock||[still]\n|-fail|p1a: RockNRoll\n|\n|-damage|p2a: Tornadus|94\/100 tox|[from] psn\n|upkeep\n|turn|137\n|\n|t:|1699729876\n|switch|p1a: Pinky Fish|Alomomola, M|100\/100\n|move|p2a: Tornadus|Knock Off|p1a: Pinky Fish\n|-damage|p1a: Pinky Fish|93\/100\n|\n|-damage|p2a: Tornadus|82\/100 tox|[from] psn\n|upkeep\n|turn|138\n|\n|t:|1699729887\n|switch|p2a: Slowking|Slowking-Galar, M|100\/100 par\n|move|p1a: Pinky Fish|Protect||[still]\n|-fail|p1a: Pinky Fish\n|\n|upkeep\n|turn|139\n|\n|t:|1699729894\n|move|p1a: Pinky Fish|Flip Turn|p2a: Slowking\n|-damage|p2a: Slowking|83\/100 par\n|\n|t:|1699729903\n|switch|p1a: RockNRoll|Garganacl, F, tera:Ghost|79\/100|[from] Flip Turn\n|cant|p2a: Slowking|par\n|\n|upkeep\n|turn|140\n|\n|t:|1699729908\n|move|p1a: RockNRoll|Stealth Rock||[still]\n|-fail|p1a: RockNRoll\n|move|p2a: Slowking|Sludge Bomb|p1a: RockNRoll\n|-resisted|p1a: RockNRoll\n|-damage|p1a: RockNRoll|64\/100\n|\n|upkeep\n|turn|141\n|\n|t:|1699729915\n|switch|p2a: Tornadus|Tornadus-Therian, M|100\/100 tox\n|move|p1a: RockNRoll|Protect||[still]\n|-fail|p1a: RockNRoll\n|\n|-damage|p2a: Tornadus|94\/100 tox|[from] psn\n|upkeep\n|turn|142\n|\n|t:|1699729919\n|switch|p1a: Pinky Fish|Alomomola, M|100\/100\n|move|p2a: Tornadus|Knock Off|p1a: Pinky Fish\n|-damage|p1a: Pinky Fish|93\/100\n|\n|-damage|p2a: Tornadus|82\/100 tox|[from] psn\n|upkeep\n|turn|143\n|\n|t:|1699729928\n|move|p1a: Pinky Fish|Protect|p1a: Pinky Fish\n|-singleturn|p1a: Pinky Fish|Protect\n|move|p2a: Tornadus|U-turn|p1a: Pinky Fish\n|-activate|p1a: Pinky Fish|move: Protect\n|\n|-damage|p2a: Tornadus|64\/100 tox|[from] psn\n|upkeep\n|turn|144\n|\n|t:|1699729935\n|move|p2a: Tornadus|U-turn|p1a: Pinky Fish\n|-damage|p1a: Pinky Fish|84\/100\n|\n|t:|1699729938\n|switch|p2a: Slowking|Slowking-Galar, M|100\/100 par|[from] U-turn\n|move|p1a: Pinky Fish|Flip Turn|p2a: Slowking\n|-damage|p2a: Slowking|83\/100 par\n|\n|t:|1699729943\n|switch|p1a: RockNRoll|Garganacl, F, tera:Ghost|64\/100|[from] Flip Turn\n|\n|upkeep\n|turn|145\n|\n|t:|1699729950\n|move|p1a: RockNRoll|Stealth Rock||[still]\n|-fail|p1a: RockNRoll\n|cant|p2a: Slowking|par\n|\n|upkeep\n|turn|146\n|\n|t:|1699729956\n|move|p1a: RockNRoll|Stealth Rock||[still]\n|-fail|p1a: RockNRoll\n|move|p2a: Slowking|Chilly Reception|p2a: Slowking\n|-weather|Snow\n|\n|t:|1699729961\n|switch|p2a: Tornadus|Tornadus-Therian, M|97\/100 tox|[from] Chilly Reception\n|\n|-weather|Snow|[upkeep]\n|-damage|p2a: Tornadus|91\/100 tox|[from] psn\n|upkeep\n|turn|147\n|\n|t:|1699729973\n|switch|p1a: Pinky Fish|Alomomola, M|100\/100\n|move|p2a: Tornadus|U-turn|p1a: Pinky Fish\n|-damage|p1a: Pinky Fish|92\/100\n|\n|t:|1699729978\n|switch|p2a: Slowking|Slowking-Galar, M|100\/100 par|[from] U-turn\n|\n|-weather|Snow|[upkeep]\n|upkeep\n|turn|148\n|\n|t:|1699729984\n|switch|p1a: RockNRoll|Garganacl, F, tera:Ghost|64\/100\n|move|p2a: Slowking|Sludge Bomb|p1a: RockNRoll\n|-resisted|p1a: RockNRoll\n|-damage|p1a: RockNRoll|49\/100\n|\n|-weather|Snow|[upkeep]\n|upkeep\n|turn|149\n|\n|t:|1699729991\n|move|p1a: RockNRoll|Protect|p1a: RockNRoll\n|-singleturn|p1a: RockNRoll|Protect\n|move|p2a: Slowking|Chilly Reception|p2a: Slowking\n|\n|t:|1699729996\n|switch|p2a: Tornadus|Tornadus-Therian, M|100\/100 tox|[from] Chilly Reception\n|\n|-weather|Snow|[upkeep]\n|-damage|p2a: Tornadus|94\/100 tox|[from] psn\n|upkeep\n|turn|150\n|\n|t:|1699730004\n|switch|p1a: Pinky Fish|Alomomola, M|100\/100\n|move|p2a: Tornadus|Hurricane|p1a: Pinky Fish\n|-damage|p1a: Pinky Fish|57\/100\n|\n|-weather|none\n|-damage|p2a: Tornadus|82\/100 tox|[from] psn\n|upkeep\n|turn|151\n|\n|t:|1699730014\n|move|p1a: Pinky Fish|Protect|p1a: Pinky Fish\n|-singleturn|p1a: Pinky Fish|Protect\n|move|p2a: Tornadus|U-turn|p1a: Pinky Fish\n|-activate|p1a: Pinky Fish|move: Protect\n|\n|-damage|p2a: Tornadus|64\/100 tox|[from] psn\n|upkeep\n|turn|152\n|\n|t:|1699730021\n|move|p2a: Tornadus|U-turn|p1a: Pinky Fish\n|-damage|p1a: Pinky Fish|48\/100\n|\n|t:|1699730025\n|switch|p2a: Slowking|Slowking-Galar, M|100\/100 par|[from] U-turn\n|move|p1a: Pinky Fish|Flip Turn|p2a: Slowking\n|-damage|p2a: Slowking|83\/100 par\n|\n|t:|1699730031\n|switch|p1a: RockNRoll|Garganacl, F, tera:Ghost|49\/100|[from] Flip Turn\n|\n|upkeep\n|turn|153\n|\n|t:|1699730035\n|switch|p2a: Tornadus|Tornadus-Therian, M|97\/100 tox\n|move|p1a: RockNRoll|Protect||[still]\n|-fail|p1a: RockNRoll\n|\n|-damage|p2a: Tornadus|91\/100 tox|[from] psn\n|upkeep\n|turn|154\n|\n|t:|1699730041\n|move|p2a: Tornadus|Knock Off|p1a: RockNRoll\n|-supereffective|p1a: RockNRoll\n|-damage|p1a: RockNRoll|34\/100\n|move|p1a: RockNRoll|Stealth Rock||[still]\n|-fail|p1a: RockNRoll\n|\n|-damage|p2a: Tornadus|79\/100 tox|[from] psn\n|upkeep\n|turn|155\n|\n|t:|1699730047\n|switch|p2a: Slowking|Slowking-Galar, M|100\/100 par\n|switch|p1a: Pinky Fish|Alomomola, M|81\/100\n|\n|upkeep\n|turn|156\n|\n|t:|1699730055\n|switch|p2a: Tornadus|Tornadus-Therian, M|100\/100 tox\n|move|p1a: Pinky Fish|Wish|p1a: Pinky Fish\n|\n|-damage|p2a: Tornadus|94\/100 tox|[from] psn\n|upkeep\n|turn|157\n|\n|t:|1699730062\n|switch|p1a: RockNRoll|Garganacl, F, tera:Ghost|34\/100\n|move|p2a: Tornadus|Knock Off|p1a: RockNRoll\n|-supereffective|p1a: RockNRoll\n|-damage|p1a: RockNRoll|20\/100\n|\n|-heal|p1a: RockNRoll|86\/100|[from] move: Wish|[wisher] Pinky Fish\n|-damage|p2a: Tornadus|82\/100 tox|[from] psn\n|upkeep\n|turn|158\n|\n|t:|1699730072\n|switch|p2a: Slowking|Slowking-Galar, M|100\/100 par\n|move|p1a: RockNRoll|Stealth Rock||[still]\n|-fail|p1a: RockNRoll\n|\n|upkeep\n|turn|159\n|\n|t:|1699730080\n|move|p1a: RockNRoll|Stealth Rock||[still]\n|-fail|p1a: RockNRoll\n|move|p2a: Slowking|Chilly Reception|p2a: Slowking\n|-weather|Snow\n|\n|t:|1699730085\n|switch|p2a: Tornadus|Tornadus-Therian, M|100\/100 tox|[from] Chilly Reception\n|\n|-weather|Snow|[upkeep]\n|-damage|p2a: Tornadus|94\/100 tox|[from] psn\n|upkeep\n|turn|160\n|\n|t:|1699730090\n|move|p2a: Tornadus|Knock Off|p1a: RockNRoll\n|-supereffective|p1a: RockNRoll\n|-damage|p1a: RockNRoll|73\/100\n|move|p1a: RockNRoll|Stealth Rock||[still]\n|-fail|p1a: RockNRoll\n|\n|-weather|Snow|[upkeep]\n|-damage|p2a: Tornadus|82\/100 tox|[from] psn\n|upkeep\n|turn|161\n|\n|t:|1699730099\n|move|p2a: Tornadus|Knock Off|p1a: RockNRoll\n|-supereffective|p1a: RockNRoll\n|-damage|p1a: RockNRoll|58\/100\n|move|p1a: RockNRoll|Stealth Rock||[still]\n|-fail|p1a: RockNRoll\n|\n|-weather|Snow|[upkeep]\n|-damage|p2a: Tornadus|64\/100 tox|[from] psn\n|upkeep\n|turn|162\n|\n|t:|1699730106\n|switch|p2a: Slowking|Slowking-Galar, M|100\/100 par\n|move|p1a: RockNRoll|Protect||[still]\n|-fail|p1a: RockNRoll\n|\n|-weather|Snow|[upkeep]\n|upkeep\n|turn|163\n|\n|t:|1699730110\n|switch|p2a: Tornadus|Tornadus-Therian, M|97\/100 tox\n|move|p1a: RockNRoll|Stealth Rock||[still]\n|-fail|p1a: RockNRoll\n|\n|-weather|none\n|-damage|p2a: Tornadus|91\/100 tox|[from] psn\n|upkeep\n|turn|164\n|\n|t:|1699730114\n|switch|p1a: Pinky Fish|Alomomola, M|100\/100\n|move|p2a: Tornadus|Knock Off|p1a: Pinky Fish\n|-damage|p1a: Pinky Fish|93\/100\n|\n|-damage|p2a: Tornadus|79\/100 tox|[from] psn\n|upkeep\n|turn|165\n|\n|t:|1699730121\n|move|p1a: Pinky Fish|Protect|p1a: Pinky Fish\n|-singleturn|p1a: Pinky Fish|Protect\n|move|p2a: Tornadus|U-turn|p1a: Pinky Fish\n|-activate|p1a: Pinky Fish|move: Protect\n|\n|-damage|p2a: Tornadus|61\/100 tox|[from] psn\n|upkeep\n|turn|166\n|\n|t:|1699730128\n|move|p1a: Pinky Fish|Protect|p1a: Pinky Fish\n|-singleturn|p1a: Pinky Fish|Protect\n|move|p2a: Tornadus|U-turn|p1a: Pinky Fish\n|-activate|p1a: Pinky Fish|move: Protect\n|\n|-damage|p2a: Tornadus|36\/100 tox|[from] psn\n|upkeep\n|turn|167\n|\n|t:|1699730133\n|move|p2a: Tornadus|U-turn|p1a: Pinky Fish\n|-damage|p1a: Pinky Fish|84\/100\n|\n|t:|1699730135\n|switch|p2a: Slowking|Slowking-Galar, M|100\/100 par|[from] U-turn\n|move|p1a: Pinky Fish|Flip Turn|p2a: Slowking\n|-damage|p2a: Slowking|83\/100 par\n|\n|t:|1699730140\n|switch|p1a: RockNRoll|Garganacl, F, tera:Ghost|58\/100|[from] Flip Turn\n|\n|upkeep\n|turn|168\n|\n|t:|1699730146\n|switch|p2a: Tornadus|Tornadus-Therian, M|69\/100 tox\n|move|p1a: RockNRoll|Stealth Rock||[still]\n|-fail|p1a: RockNRoll\n|\n|-damage|p2a: Tornadus|63\/100 tox|[from] psn\n|upkeep\n|turn|169\n|\n|t:|1699730149\n|switch|p2a: Slowking|Slowking-Galar, M|100\/100 par\n|switch|p1a: Pinky Fish|Alomomola, M|100\/100\n|\n|upkeep\n|turn|170\n|\n|t:|1699730157\n|move|p1a: Pinky Fish|Toxic||[still]\n|-fail|p1a: Pinky Fish\n|move|p2a: Slowking|Chilly Reception|p2a: Slowking\n|-weather|Snow\n|\n|t:|1699730164\n|switch|p2a: Tornadus|Tornadus-Therian, M|97\/100 tox|[from] Chilly Reception\n|\n|-weather|Snow|[upkeep]\n|-damage|p2a: Tornadus|91\/100 tox|[from] psn\n|upkeep\n|turn|171\n|\n|t:|1699730170\n|move|p2a: Tornadus|Knock Off|p1a: Pinky Fish\n|-damage|p1a: Pinky Fish|92\/100\n|move|p1a: Pinky Fish|Toxic|p2a: Tornadus\n|-fail|p2a: Tornadus|tox\n|\n|-weather|Snow|[upkeep]\n|-damage|p2a: Tornadus|78\/100 tox|[from] psn\n|upkeep\n|turn|172\n|\n|t:|1699730177\n|move|p2a: Tornadus|Knock Off|p1a: Pinky Fish\n|-crit|p1a: Pinky Fish\n|-damage|p1a: Pinky Fish|80\/100\n|move|p1a: Pinky Fish|Flip Turn|p2a: Tornadus\n|-damage|p2a: Tornadus|60\/100 tox\n|\n|t:|1699730183\n|switch|p1a: RockNRoll|Garganacl, F, tera:Ghost|58\/100|[from] Flip Turn\n|\n|-weather|Snow|[upkeep]\n|-damage|p2a: Tornadus|42\/100 tox|[from] psn\n|upkeep\n|turn|173\n|\n|t:|1699730191\n|switch|p2a: Slowking|Slowking-Galar, M|100\/100 par\n|move|p1a: RockNRoll|Stealth Rock||[still]\n|-fail|p1a: RockNRoll\n|\n|-weather|Snow|[upkeep]\n|upkeep\n|turn|174\n|c|\u2606potw13 dude|wow i feel bad for whoevers watching this\n|\n|t:|1699730204\n|switch|p1a: Pinky Fish|Alomomola, M|100\/100\n|move|p2a: Slowking|Chilly Reception|p2a: Slowking\n|\n|t:|1699730209\n|switch|p2a: Tornadus|Tornadus-Therian, M|75\/100 tox|[from] Chilly Reception\n|\n|-weather|none\n|-damage|p2a: Tornadus|69\/100 tox|[from] psn\n|upkeep\n|turn|175\n|c|\u2606Itay80771|Agree\n|\n|t:|1699730215\n|move|p2a: Tornadus|Knock Off|p1a: Pinky Fish\n|-damage|p1a: Pinky Fish|93\/100\n|move|p1a: Pinky Fish|Flip Turn|p2a: Tornadus\n|-damage|p2a: Tornadus|50\/100 tox\n|\n|t:|1699730219\n|switch|p1a: RockNRoll|Garganacl, F, tera:Ghost|58\/100|[from] Flip Turn\n|\n|-damage|p2a: Tornadus|38\/100 tox|[from] psn\n|upkeep\n|turn|176\n|\n|t:|1699730224\n|switch|p2a: Slowking|Slowking-Galar, M|100\/100 par\n|switch|p1a: Pinky Fish|Alomomola, M|100\/100\n|\n|upkeep\n|turn|177\n|\n|t:|1699730239\n|switch|p2a: Tornadus|Tornadus-Therian, M|71\/100 tox\n|move|p1a: Pinky Fish|Flip Turn|p2a: Tornadus\n|-damage|p2a: Tornadus|53\/100 tox\n|\n|t:|1699730243\n|switch|p1a: RockNRoll|Garganacl, F, tera:Ghost|58\/100|[from] Flip Turn\n|\n|-damage|p2a: Tornadus|47\/100 tox|[from] psn\n|upkeep\n|turn|178\n|\n|t:|1699730250\n|switch|p2a: Slowking|Slowking-Galar, M|100\/100 par\n|move|p1a: RockNRoll|Stealth Rock||[still]\n|-fail|p1a: RockNRoll\n|\n|upkeep\n|turn|179\n|\n|t:|1699730260\n|switch|p1a: Pinky Fish|Alomomola, M|100\/100\n|switch|p2a: Tornadus|Tornadus-Therian, M|80\/100 tox\n|\n|-damage|p2a: Tornadus|74\/100 tox|[from] psn\n|upkeep\n|turn|180\n|inactive|Itay80771 has 120 seconds left.\n|\n|t:|1699730282\n|move|p2a: Tornadus|U-turn|p1a: Pinky Fish\n|-damage|p1a: Pinky Fish|92\/100\n|\n|t:|1699730285\n|switch|p2a: Slowking|Slowking-Galar, M|100\/100 par|[from] U-turn\n|move|p1a: Pinky Fish|Toxic||[still]\n|-fail|p1a: Pinky Fish\n|\n|upkeep\n|turn|181\n|\n|t:|1699730292\n|move|p1a: Pinky Fish|Toxic||[still]\n|-fail|p1a: Pinky Fish\n|move|p2a: Slowking|Sludge Bomb|p1a: Pinky Fish\n|-damage|p1a: Pinky Fish|59\/100\n|\n|upkeep\n|turn|182\n|\n|t:|1699730299\n|move|p1a: Pinky Fish|Flip Turn|p2a: Slowking\n|-damage|p2a: Slowking|84\/100 par\n|\n|t:|1699730302\n|switch|p1a: RockNRoll|Garganacl, F, tera:Ghost|58\/100|[from] Flip Turn\n|move|p2a: Slowking|Chilly Reception|p2a: Slowking\n|-weather|Snow\n|\n|t:|1699730308\n|switch|p2a: Tornadus|Tornadus-Therian, M|100\/100 tox|[from] Chilly Reception\n|\n|-weather|Snow|[upkeep]\n|-damage|p2a: Tornadus|94\/100 tox|[from] psn\n|upkeep\n|turn|183\n|inactive|Itay80771 has 120 seconds left.\n|\n|t:|1699730315\n|move|p2a: Tornadus|U-turn|p1a: RockNRoll\n|-resisted|p1a: RockNRoll\n|-damage|p1a: RockNRoll|54\/100\n|\n|t:|1699730318\n|switch|p2a: Slowking|Slowking-Galar, M|100\/100 par|[from] U-turn\n|move|p1a: RockNRoll|Stealth Rock||[still]\n|-fail|p1a: RockNRoll\n|\n|-weather|Snow|[upkeep]\n|upkeep\n|turn|184\n|\n|t:|1699730323\n|move|p1a: RockNRoll|Protect|p1a: RockNRoll\n|-singleturn|p1a: RockNRoll|Protect\n|move|p2a: Slowking|Chilly Reception|p2a: Slowking\n|\n|t:|1699730328\n|switch|p2a: Tornadus|Tornadus-Therian, M|100\/100 tox|[from] Chilly Reception\n|\n|-weather|Snow|[upkeep]\n|-damage|p2a: Tornadus|94\/100 tox|[from] psn\n|upkeep\n|turn|185\n|\n|t:|1699730338\n|move|p1a: RockNRoll|Protect||[still]\n|-fail|p1a: RockNRoll\n|move|p2a: Tornadus|Knock Off|p1a: RockNRoll\n|-supereffective|p1a: RockNRoll\n|-damage|p1a: RockNRoll|40\/100\n|\n|-weather|Snow|[upkeep]\n|-damage|p2a: Tornadus|82\/100 tox|[from] psn\n|upkeep\n|turn|186\n|\n|t:|1699730345\n|switch|p1a: Pinky Fish|Alomomola, M|92\/100\n|move|p2a: Tornadus|U-turn|p1a: Pinky Fish\n|-damage|p1a: Pinky Fish|84\/100\n|\n|t:|1699730350\n|switch|p2a: Slowking|Slowking-Galar, M|100\/100 par|[from] U-turn\n|\n|-weather|none\n|upkeep\n|turn|187\n|inactive|Itay80771 has 120 seconds left.\n|\n|t:|1699730369\n|move|p1a: Pinky Fish|Toxic||[still]\n|-fail|p1a: Pinky Fish\n|move|p2a: Slowking|Sludge Bomb|p1a: Pinky Fish\n|-damage|p1a: Pinky Fish|47\/100\n|\n|upkeep\n|turn|188\n|\n|t:|1699730380\n|switch|p2a: Tornadus|Tornadus-Therian, M|100\/100 tox\n|move|p1a: Pinky Fish|Flip Turn|p2a: Tornadus\n|-damage|p2a: Tornadus|82\/100 tox\n|\n|t:|1699730383\n|switch|p1a: RockNRoll|Garganacl, F, tera:Ghost|40\/100|[from] Flip Turn\n|\n|-damage|p2a: Tornadus|76\/100 tox|[from] psn\n|upkeep\n|turn|189\n|inactive|Itay80771 has 120 seconds left.\n|\n|t:|1699730389\n|move|p2a: Tornadus|Knock Off|p1a: RockNRoll\n|-supereffective|p1a: RockNRoll\n|-damage|p1a: RockNRoll|26\/100\n|move|p1a: RockNRoll|Stealth Rock||[still]\n|-fail|p1a: RockNRoll\n|\n|-damage|p2a: Tornadus|64\/100 tox|[from] psn\n|upkeep\n|turn|190\n|\n|t:|1699730394\n|switch|p2a: Slowking|Slowking-Galar, M|100\/100 par\n|move|p1a: RockNRoll|Protect||[still]\n|-fail|p1a: RockNRoll\n|\n|upkeep\n|turn|191\n|\n|t:|1699730398\n|switch|p2a: Tornadus|Tornadus-Therian, M|97\/100 tox\n|move|p1a: RockNRoll|Stealth Rock||[still]\n|-fail|p1a: RockNRoll\n|\n|-damage|p2a: Tornadus|91\/100 tox|[from] psn\n|upkeep\n|turn|192\n|\n|t:|1699730401\n|switch|p1a: Pinky Fish|Alomomola, M|81\/100\n|move|p2a: Tornadus|Knock Off|p1a: Pinky Fish\n|-damage|p1a: Pinky Fish|73\/100\n|\n|-damage|p2a: Tornadus|79\/100 tox|[from] psn\n|upkeep\n|turn|193\n|\n|t:|1699730408\n|move|p2a: Tornadus|U-turn|p1a: Pinky Fish\n|-damage|p1a: Pinky Fish|64\/100\n|\n|t:|1699730411\n|switch|p2a: Slowking|Slowking-Galar, M|100\/100 par|[from] U-turn\n|move|p1a: Pinky Fish|Toxic||[still]\n|-fail|p1a: Pinky Fish\n|\n|upkeep\n|turn|194\n|\n|t:|1699730420\n|move|p1a: Pinky Fish|Flip Turn|p2a: Slowking\n|-damage|p2a: Slowking|84\/100 par\n|\n|t:|1699730423\n|switch|p1a: RockNRoll|Garganacl, F, tera:Ghost|26\/100|[from] Flip Turn\n|move|p2a: Slowking|Slack Off|p2a: Slowking\n|-heal|p2a: Slowking|100\/100 par\n|\n|upkeep\n|turn|195\n|\n|t:|1699730429\n|switch|p1a: Pinky Fish|Alomomola, M|97\/100\n|move|p2a: Slowking|Slack Off||[still]\n|-fail|p2a: Slowking|heal\n|\n|upkeep\n|turn|196\n|\n|t:|1699730435\n|move|p1a: Pinky Fish|Flip Turn|p2a: Slowking\n|-damage|p2a: Slowking|82\/100 par\n|\n|t:|1699730437\n|switch|p1a: RockNRoll|Garganacl, F, tera:Ghost|26\/100|[from] Flip Turn\n|cant|p2a: Slowking|par\n|\n|upkeep\n|turn|197\n|\n|t:|1699730443\n|move|p1a: RockNRoll|Stealth Rock||[still]\n|-fail|p1a: RockNRoll\n|-activate|p2a: Slowking|move: Struggle\n|move|p2a: Slowking|Struggle|p1a: RockNRoll\n|-damage|p1a: RockNRoll|23\/100\n|-damage|p2a: Slowking|57\/100 par|[from] recoil\n|\n|upkeep\n|turn|198\n|\n|t:|1699730450\n|switch|p2a: Tornadus|Tornadus-Therian, M|100\/100 tox\n|move|p1a: RockNRoll|Stealth Rock||[still]\n|-fail|p1a: RockNRoll\n|\n|-damage|p2a: Tornadus|94\/100 tox|[from] psn\n|upkeep\n|turn|199\n|\n|t:|1699730455\n|switch|p1a: Pinky Fish|Alomomola, M|100\/100\n|move|p2a: Tornadus|Knock Off|p1a: Pinky Fish\n|-damage|p1a: Pinky Fish|92\/100\n|\n|-damage|p2a: Tornadus|82\/100 tox|[from] psn\n|upkeep\n|turn|200\n|inactive|Itay80771 has 120 seconds left.\n|\n|t:|1699730461\n|move|p2a: Tornadus|Defog|p1a: Pinky Fish\n|-unboost|p1a: Pinky Fish|evasion|1\n|-sideend|p2: potw13 dude|Stealth Rock|[from] move: Defog|[of] p2a: Tornadus\n|move|p1a: Pinky Fish|Flip Turn|p2a: Tornadus\n|-damage|p2a: Tornadus|62\/100 tox\n|inactive|Itay80771 has 120 seconds left.\n|\n|t:|1699730467\n|switch|p1a: RockNRoll|Garganacl, F, tera:Ghost|23\/100|[from] Flip Turn\n|\n|-damage|p2a: Tornadus|44\/100 tox|[from] psn\n|upkeep\n|turn|201\n|\n|t:|1699730472\n|switch|p2a: Slowking|Slowking-Galar, M|91\/100 par\n|move|p1a: RockNRoll|Stealth Rock|p2a: Slowking\n|-sidestart|p2: potw13 dude|move: Stealth Rock\n|\n|upkeep\n|turn|202\n|\n|t:|1699730476\n|move|p1a: RockNRoll|Protect|p1a: RockNRoll\n|-singleturn|p1a: RockNRoll|Protect\n|-activate|p2a: Slowking|move: Struggle\n|move|p2a: Slowking|Struggle|p1a: RockNRoll\n|-activate|p1a: RockNRoll|move: Protect\n|\n|upkeep\n|turn|203\n|\n|t:|1699730481\n|move|p1a: RockNRoll|Stealth Rock||[still]\n|-fail|p1a: RockNRoll\n|-activate|p2a: Slowking|move: Struggle\n|move|p2a: Slowking|Struggle|p1a: RockNRoll\n|-damage|p1a: RockNRoll|20\/100\n|-damage|p2a: Slowking|66\/100 par|[from] recoil\n|\n|upkeep\n|turn|204\n|inactive|Itay80771 has 120 seconds left.\n|inactive|Itay80771 has 90 seconds left.\n|inactive|Itay80771 has 60 seconds left.\n|c|\u2606potw13 dude|dont time out after all this\n|c|\u2606potw13 dude|come on\n|inactive|Itay80771 has 30 seconds left.\n|inactive|Itay80771 has 20 seconds left.\n|c|\u2606potw13 dude|coward!!\n|inactive|Itay80771 has 15 seconds left.\n|inactive|Itay80771 has 10 seconds left.\n|inactive|Itay80771 has 5 seconds left.\n|-message|Itay80771 lost due to inactivity.\n|\n|win|potw13 dude\n|raw|Itay80771's rating: 1063 &rarr; <strong>1048<\/strong><br \/>(-15 for losing)\n|raw|potw13 dude's rating: 1139 &rarr; <strong>1159<\/strong><br \/>(+20 for winning)\n","uploadtime":1699730614,"views":36,"p1id":"itay80771","p2id":"potw13dude","formatid":"gen9nationaldex","rating":1048,"private":0,"password":""}