{"id":"gen9nationaldex-1997887609","p1":"salamencita_441","p2":"Xoky_Jose Ale 55","format":"[Gen 9] National Dex","log":"|html|<div class=\"broadcast-blue\"><strong>[Gen 9] National Dex is currently suspecting Sneasler! For information on how to participate check out the <a href=\"https:\/\/www.smogon.com\/forums\/threads\/sv-national-dex-suspect-8-just-dance.3731534\/\">suspect thread<\/a>.<\/strong><\/div>\n|j|\u2606salamencita_441\n|j|\u2606Xoky_Jose Ale 55\n|t:|1700863861\n|gametype|singles\n|player|p1|salamencita_441|wallace|\n|player|p2|Xoky_Jose Ale 55|red-masters|\n|teamsize|p1|6\n|teamsize|p2|6\n|gen|9\n|tier|[Gen 9] National Dex\n|rule|HP Percentage Mod: HP is shown in percentages\n|rule|Endless Battle Clause: Forcing endless battles is banned\n|rule|OHKO Clause: OHKO moves are banned\n|rule|Evasion Clause: Evasion abilities, items, and moves are banned\n|rule|Evasion Abilities Clause: Evasion abilities are banned\n|rule|Evasion Items Clause: Evasion items are banned\n|rule|Evasion Moves Clause: Evasion moves are banned\n|rule|Species Clause: Limit one of each Pok\u00e9mon\n|rule|Sleep Clause Mod: Limit one foe put to sleep\n|clearpoke\n|poke|p1|Charizard, F|\n|poke|p1|Iron Valiant|\n|poke|p1|Garchomp, M|\n|poke|p1|Ferrothorn, M|\n|poke|p1|Chansey, F|\n|poke|p1|Zapdos|\n|poke|p2|Ferrothorn, M|\n|poke|p2|Heatran, M|\n|poke|p2|Landorus-Therian, M|\n|poke|p2|Tapu Lele|\n|poke|p2|Lopunny, M|\n|poke|p2|Kommo-o, F|\n|teampreview\n|\n|t:|1700863875\n|start\n|switch|p1a: Charizard|Charizard, F|100\/100\n|switch|p2a: Ferrothorn|Ferrothorn, M|100\/100\n|turn|1\n|\n|t:|1700863882\n|detailschange|p1a: Charizard|Charizard-Mega-Y, F\n|-mega|p1a: Charizard|Charizard|Charizardite Y\n|-weather|SunnyDay|[from] ability: Drought|[of] p1a: Charizard\n|move|p2a: Ferrothorn|Protect|p2a: Ferrothorn\n|-singleturn|p2a: Ferrothorn|Protect\n|move|p1a: Charizard|Flamethrower|p2a: Ferrothorn\n|-activate|p2a: Ferrothorn|move: Protect\n|\n|-weather|SunnyDay|[upkeep]\n|upkeep\n|turn|2\n|\n|t:|1700863895\n|switch|p2a: Landorus|Landorus-Therian, M|100\/100\n|-ability|p2a: Landorus|Intimidate|boost\n|-unboost|p1a: Charizard|atk|1\n|move|p1a: Charizard|Focus Blast|p2a: Landorus\n|-resisted|p2a: Landorus\n|-damage|p2a: Landorus|78\/100\n|\n|-weather|SunnyDay|[upkeep]\n|-heal|p2a: Landorus|84\/100|[from] item: Leftovers\n|upkeep\n|turn|3\n|\n|t:|1700863900\n|switch|p2a: Heatran|Heatran, M|100\/100\n|move|p1a: Charizard|Flamethrower|p2a: Heatran\n|-start|p2a: Heatran|ability: Flash Fire\n|\n|-weather|SunnyDay|[upkeep]\n|upkeep\n|turn|4\n|\n|t:|1700863905\n|move|p1a: Charizard|Focus Blast|p2a: Heatran|[miss]\n|-miss|p1a: Charizard|p2a: Heatran\n|move|p2a: Heatran|Magma Storm|p1a: Charizard\n|-resisted|p1a: Charizard\n|-damage|p1a: Charizard|58\/100\n|-activate|p1a: Charizard|move: Magma Storm|[of] p2a: Heatran\n|\n|-weather|SunnyDay|[upkeep]\n|-damage|p1a: Charizard|46\/100|[from] move: Magma Storm|[partiallytrapped]\n|upkeep\n|turn|5\n|\n|t:|1700863913\n|move|p1a: Charizard|Focus Blast|p2a: Heatran\n|-supereffective|p2a: Heatran\n|-damage|p2a: Heatran|31\/100\n|move|p2a: Heatran|Earth Power|p1a: Charizard\n|-immune|p1a: Charizard\n|\n|-weather|none\n|-heal|p2a: Heatran|37\/100|[from] item: Leftovers\n|-damage|p1a: Charizard|34\/100|[from] move: Magma Storm|[partiallytrapped]\n|upkeep\n|turn|6\n|\n|t:|1700863919\n|move|p2a: Heatran|Protect|p2a: Heatran\n|-singleturn|p2a: Heatran|Protect\n|move|p1a: Charizard|Roost|p1a: Charizard\n|-heal|p1a: Charizard|84\/100\n|-singleturn|p1a: Charizard|move: Roost\n|\n|-heal|p2a: Heatran|44\/100|[from] item: Leftovers\n|-damage|p1a: Charizard|72\/100|[from] move: Magma Storm|[partiallytrapped]\n|upkeep\n|turn|7\n|\n|t:|1700863925\n|-end|p2a: Heatran|ability: Flash Fire|[silent]\n|switch|p2a: Tapu Lele|Tapu Lele|100\/100\n|-fieldstart|move: Psychic Terrain|[from] ability: Psychic Surge|[of] p2a: Tapu Lele\n|move|p1a: Charizard|Focus Blast|p2a: Tapu Lele\n|-resisted|p2a: Tapu Lele\n|-damage|p2a: Tapu Lele|87\/100\n|\n|-end|p1a: Charizard|Magma Storm|[partiallytrapped]|[silent]\n|upkeep\n|turn|8\n|\n|t:|1700863929\n|-terastallize|p2a: Tapu Lele|Psychic\n|move|p2a: Tapu Lele|Psyshock|p1a: Charizard\n|-damage|p1a: Charizard|0 fnt\n|faint|p1a: Charizard\n|\n|upkeep\n|\n|t:|1700863936\n|switch|p1a: Ferrothorn|Ferrothorn, M|100\/100\n|turn|9\n|\n|t:|1700863941\n|switch|p2a: Ferrothorn|Ferrothorn, M|100\/100\n|move|p1a: Ferrothorn|Stealth Rock|p2a: Ferrothorn\n|-sidestart|p2: Xoky_Jose Ale 55|move: Stealth Rock\n|\n|upkeep\n|turn|10\n|\n|t:|1700863946\n|switch|p1a: Zapdos|Zapdos|100\/100\n|move|p2a: Ferrothorn|Stealth Rock|p1a: Zapdos\n|-sidestart|p1: salamencita_441|move: Stealth Rock\n|\n|upkeep\n|turn|11\n|\n|t:|1700863951\n|switch|p2a: Landorus|Landorus-Therian, M|84\/100\n|-damage|p2a: Landorus|72\/100|[from] Stealth Rock\n|-ability|p2a: Landorus|Intimidate|boost\n|-unboost|p1a: Zapdos|atk|1\n|move|p1a: Zapdos|Heat Wave|p2a: Landorus|[miss]\n|-miss|p1a: Zapdos|p2a: Landorus\n|\n|-heal|p2a: Landorus|78\/100|[from] item: Leftovers\n|-fieldend|move: Psychic Terrain\n|upkeep\n|turn|12\n|\n|t:|1700863956\n|move|p1a: Zapdos|Heat Wave|p2a: Landorus\n|-damage|p2a: Landorus|47\/100\n|move|p2a: Landorus|Knock Off|p1a: Zapdos\n|-damage|p1a: Zapdos|70\/100\n|-enditem|p1a: Zapdos|Heavy-Duty Boots|[from] move: Knock Off|[of] p2a: Landorus\n|\n|-heal|p2a: Landorus|53\/100|[from] item: Leftovers\n|upkeep\n|turn|13\n|\n|t:|1700863969\n|move|p1a: Zapdos|Heat Wave|p2a: Landorus\n|-damage|p2a: Landorus|25\/100\n|move|p2a: Landorus|U-turn|p1a: Zapdos\n|-resisted|p1a: Zapdos\n|-damage|p1a: Zapdos|59\/100\n|-status|p2a: Landorus|par|[from] ability: Static|[of] p1a: Zapdos\n|\n|t:|1700863982\n|switch|p2a: Tapu Lele|Tapu Lele, tera:Psychic|87\/100|[from] U-turn\n|-damage|p2a: Tapu Lele|75\/100|[from] Stealth Rock\n|-fieldstart|move: Psychic Terrain|[from] ability: Psychic Surge|[of] p2a: Tapu Lele\n|\n|upkeep\n|turn|14\n|\n|t:|1700863990\n|move|p2a: Tapu Lele|Psychic|p1a: Zapdos\n|-damage|p1a: Zapdos|0 fnt\n|faint|p1a: Zapdos\n|\n|upkeep\n|\n|t:|1700863996\n|switch|p1a: Chansey|Chansey, F|100\/100\n|-damage|p1a: Chansey|88\/100|[from] Stealth Rock\n|turn|15\n|\n|t:|1700864004\n|switch|p2a: Ferrothorn|Ferrothorn, M|100\/100\n|-damage|p2a: Ferrothorn|94\/100|[from] Stealth Rock\n|move|p1a: Chansey|Soft-Boiled|p1a: Chansey\n|-heal|p1a: Chansey|100\/100\n|\n|-heal|p2a: Ferrothorn|100\/100|[from] item: Leftovers\n|upkeep\n|turn|16\n|\n|t:|1700864009\n|move|p1a: Chansey|Seismic Toss|p2a: Ferrothorn\n|-damage|p2a: Ferrothorn|72\/100\n|-damage|p1a: Chansey|88\/100|[from] ability: Iron Barbs|[of] p2a: Ferrothorn\n|move|p2a: Ferrothorn|Leech Seed|p1a: Chansey\n|-start|p1a: Chansey|move: Leech Seed\n|\n|-heal|p2a: Ferrothorn|78\/100|[from] item: Leftovers\n|-damage|p1a: Chansey|76\/100|[from] Leech Seed|[of] p2a: Ferrothorn\n|-heal|p2a: Ferrothorn|100\/100|[silent]\n|upkeep\n|turn|17\n|\n|t:|1700864013\n|move|p1a: Chansey|Seismic Toss|p2a: Ferrothorn\n|-damage|p2a: Ferrothorn|72\/100\n|-damage|p1a: Chansey|63\/100|[from] ability: Iron Barbs|[of] p2a: Ferrothorn\n|move|p2a: Ferrothorn|Gyro Ball|p1a: Chansey\n|-damage|p1a: Chansey|47\/100\n|\n|-heal|p2a: Ferrothorn|78\/100|[from] item: Leftovers\n|-damage|p1a: Chansey|35\/100|[from] Leech Seed|[of] p2a: Ferrothorn\n|-heal|p2a: Ferrothorn|100\/100|[silent]\n|-fieldend|move: Psychic Terrain\n|upkeep\n|turn|18\n|\n|t:|1700864037\n|switch|p1a: Garchomp|Garchomp, M|100\/100\n|-damage|p1a: Garchomp|94\/100|[from] Stealth Rock\n|move|p2a: Ferrothorn|Gyro Ball|p1a: Garchomp\n|-damage|p1a: Garchomp|46\/100\n|-damage|p2a: Ferrothorn|88\/100|[from] ability: Rough Skin|[of] p1a: Garchomp\n|\n|-heal|p2a: Ferrothorn|94\/100|[from] item: Leftovers\n|upkeep\n|turn|19\n|\n|t:|1700864046\n|move|p1a: Garchomp|Earthquake|p2a: Ferrothorn\n|-damage|p2a: Ferrothorn|63\/100\n|move|p2a: Ferrothorn|Leech Seed|p1a: Garchomp\n|-start|p1a: Garchomp|move: Leech Seed\n|\n|-heal|p2a: Ferrothorn|69\/100|[from] item: Leftovers\n|-damage|p1a: Garchomp|34\/100|[from] Leech Seed|[of] p2a: Ferrothorn\n|-heal|p2a: Ferrothorn|81\/100|[silent]\n|upkeep\n|turn|20\n|\n|t:|1700864051\n|move|p2a: Ferrothorn|Protect|p2a: Ferrothorn\n|-singleturn|p2a: Ferrothorn|Protect\n|move|p1a: Garchomp|Swords Dance|p1a: Garchomp\n|-boost|p1a: Garchomp|atk|2\n|\n|-heal|p2a: Ferrothorn|88\/100|[from] item: Leftovers\n|-damage|p1a: Garchomp|22\/100|[from] Leech Seed|[of] p2a: Ferrothorn\n|-heal|p2a: Ferrothorn|99\/100|[silent]\n|upkeep\n|turn|21\n|\n|t:|1700864059\n|move|p1a: Garchomp|Earthquake|p2a: Ferrothorn\n|-damage|p2a: Ferrothorn|38\/100\n|move|p2a: Ferrothorn|Gyro Ball|p1a: Garchomp\n|-damage|p1a: Garchomp|0 fnt\n|-damage|p2a: Ferrothorn|25\/100|[from] ability: Rough Skin|[of] p1a: Garchomp\n|faint|p1a: Garchomp\n|\n|-heal|p2a: Ferrothorn|32\/100|[from] item: Leftovers\n|upkeep\n|\n|t:|1700864064\n|switch|p1a: Iron Valiant|Iron Valiant|100\/100\n|-damage|p1a: Iron Valiant|94\/100|[from] Stealth Rock\n|-enditem|p1a: Iron Valiant|Booster Energy\n|-activate|p1a: Iron Valiant|ability: Quark Drive|[fromitem]\n|-start|p1a: Iron Valiant|quarkdrivespe\n|turn|22\n|\n|t:|1700864067\n|move|p1a: Iron Valiant|Aura Sphere|p2a: Ferrothorn\n|-supereffective|p2a: Ferrothorn\n|-damage|p2a: Ferrothorn|0 fnt\n|faint|p2a: Ferrothorn\n|\n|upkeep\n|\n|t:|1700864079\n|switch|p2a: Lopunny|Lopunny, M|100\/100\n|-damage|p2a: Lopunny|88\/100|[from] Stealth Rock\n|turn|23\n|\n|t:|1700864084\n|detailschange|p2a: Lopunny|Lopunny-Mega, M\n|-mega|p2a: Lopunny|Lopunny|Lopunnite\n|move|p2a: Lopunny|Fake Out|p1a: Iron Valiant\n|-damage|p1a: Iron Valiant|67\/100\n|cant|p1a: Iron Valiant|flinch\n|\n|upkeep\n|turn|24\n|\n|t:|1700864093\n|switch|p2a: Landorus|Landorus-Therian, M|25\/100 par\n|-damage|p2a: Landorus|13\/100 par|[from] Stealth Rock\n|-ability|p2a: Landorus|Intimidate|boost\n|-unboost|p1a: Iron Valiant|atk|1\n|move|p1a: Iron Valiant|Moonblast|p2a: Landorus\n|-damage|p2a: Landorus|0 fnt\n|faint|p2a: Landorus\n|\n|upkeep\n|\n|t:|1700864096\n|switch|p2a: Lopunny|Lopunny-Mega, M|88\/100\n|-damage|p2a: Lopunny|82\/100|[from] Stealth Rock\n|turn|25\n|\n|t:|1700864101\n|move|p2a: Lopunny|Fake Out|p1a: Iron Valiant\n|-damage|p1a: Iron Valiant|37\/100\n|cant|p1a: Iron Valiant|flinch\n|\n|upkeep\n|turn|26\n|\n|t:|1700864112\n|switch|p2a: Kommo-o|Kommo-o, F|100\/100\n|-damage|p2a: Kommo-o|94\/100|[from] Stealth Rock\n|move|p1a: Iron Valiant|Moonblast|p2a: Kommo-o\n|-supereffective|p2a: Kommo-o\n|-damage|p2a: Kommo-o|0 fnt\n|faint|p2a: Kommo-o\n|\n|upkeep\n|\n|t:|1700864117\n|switch|p2a: Lopunny|Lopunny-Mega, M|82\/100\n|-damage|p2a: Lopunny|77\/100|[from] Stealth Rock\n|turn|27\n|\n|t:|1700864125\n|move|p2a: Lopunny|Fake Out|p1a: Iron Valiant\n|-damage|p1a: Iron Valiant|11\/100\n|cant|p1a: Iron Valiant|flinch\n|\n|upkeep\n|turn|28\n|\n|t:|1700864136\n|switch|p2a: Heatran|Heatran, M|44\/100\n|-damage|p2a: Heatran|31\/100|[from] Stealth Rock\n|move|p1a: Iron Valiant|Moonblast|p2a: Heatran\n|-resisted|p2a: Heatran\n|-damage|p2a: Heatran|25\/100\n|\n|-heal|p2a: Heatran|31\/100|[from] item: Leftovers\n|upkeep\n|turn|29\n|\n|t:|1700864143\n|move|p1a: Iron Valiant|Aura Sphere|p2a: Heatran\n|-supereffective|p2a: Heatran\n|-damage|p2a: Heatran|0 fnt\n|faint|p2a: Heatran\n|\n|upkeep\n|\n|t:|1700864145\n|switch|p2a: Lopunny|Lopunny-Mega, M|77\/100\n|-damage|p2a: Lopunny|71\/100|[from] Stealth Rock\n|turn|30\n|\n|t:|1700864152\n|move|p2a: Lopunny|Fake Out|p1a: Iron Valiant\n|-damage|p1a: Iron Valiant|0 fnt\n|faint|p1a: Iron Valiant\n|-end|p1a: Iron Valiant|Quark Drive|[silent]\n|\n|upkeep\n|\n|t:|1700864159\n|switch|p1a: Chansey|Chansey, F|35\/100\n|-damage|p1a: Chansey|22\/100|[from] Stealth Rock\n|turn|31\n|\n|t:|1700864165\n|move|p2a: Lopunny|Close Combat|p1a: Chansey\n|-supereffective|p1a: Chansey\n|-damage|p1a: Chansey|0 fnt\n|-unboost|p2a: Lopunny|def|1\n|-unboost|p2a: Lopunny|spd|1\n|faint|p1a: Chansey\n|\n|upkeep\n|\n|t:|1700864169\n|switch|p1a: Ferrothorn|Ferrothorn, M|100\/100\n|-damage|p1a: Ferrothorn|95\/100|[from] Stealth Rock\n|turn|32\n|\n|t:|1700864180\n|-terastallize|p1a: Ferrothorn|Grass\n|move|p2a: Lopunny|Close Combat|p1a: Ferrothorn\n|-damage|p1a: Ferrothorn|55\/100\n|-unboost|p2a: Lopunny|def|1\n|-unboost|p2a: Lopunny|spd|1\n|-damage|p2a: Lopunny|58\/100|[from] ability: Iron Barbs|[of] p1a: Ferrothorn\n|-damage|p2a: Lopunny|42\/100|[from] item: Rocky Helmet|[of] p1a: Ferrothorn\n|move|p1a: Ferrothorn|Gyro Ball|p2a: Lopunny\n|-damage|p2a: Lopunny|0 fnt\n|faint|p2a: Lopunny\n|\n|upkeep\n|\n|t:|1700864182\n|switch|p2a: Tapu Lele|Tapu Lele, tera:Psychic|75\/100\n|-damage|p2a: Tapu Lele|62\/100|[from] Stealth Rock\n|-fieldstart|move: Psychic Terrain|[from] ability: Psychic Surge|[of] p2a: Tapu Lele\n|turn|33\n|\n|t:|1700864233\n|move|p2a: Tapu Lele|Psychic|p1a: Ferrothorn\n|-damage|p1a: Ferrothorn|0 fnt\n|faint|p1a: Ferrothorn\n|\n|win|Xoky_Jose Ale 55\n|c|\u2606Xoky_Jose Ale 55|GG\n|l|\u2606salamencita_441\n","uploadtime":1700864245,"views":24,"p1id":"salamencita441","p2id":"xokyjoseale55","formatid":"gen9nationaldex","rating":0,"private":0,"password":""}