{"id":"gen9nationaldex-1998022903","p1":"SanFranfan4ever","p2":"Un0eg0","format":"[Gen 9] National Dex","log":"|html|<div class=\"broadcast-blue\"><strong>[Gen 9] National Dex is currently suspecting Sneasler! For information on how to participate check out the <a href=\"https:\/\/www.smogon.com\/forums\/threads\/sv-national-dex-suspect-8-just-dance.3731534\/\">suspect thread<\/a>.<\/strong><\/div>\n|j|\u2606SanFranfan4ever\n|j|\u2606Un0eg0\n|t:|1700880189\n|gametype|singles\n|player|p1|SanFranfan4ever|lance|1215\n|player|p2|Un0eg0|ash|1262\n|teamsize|p1|6\n|teamsize|p2|6\n|gen|9\n|tier|[Gen 9] National Dex\n|rated|\n|rule|HP Percentage Mod: HP is shown in percentages\n|rule|Endless Battle Clause: Forcing endless battles is banned\n|rule|OHKO Clause: OHKO moves are banned\n|rule|Evasion Clause: Evasion abilities, items, and moves are banned\n|rule|Evasion Abilities Clause: Evasion abilities are banned\n|rule|Evasion Items Clause: Evasion items are banned\n|rule|Evasion Moves Clause: Evasion moves are banned\n|rule|Species Clause: Limit one of each Pok\u00e9mon\n|rule|Sleep Clause Mod: Limit one foe put to sleep\n|clearpoke\n|poke|p1|Tyranitar, M|\n|poke|p1|Garchomp, M|\n|poke|p1|Magnezone|\n|poke|p1|Venusaur, F|\n|poke|p1|Moltres|\n|poke|p1|Iron Treads|\n|poke|p2|Sceptile, M|\n|poke|p2|Greninja-*, M|\n|poke|p2|Gengar, M|\n|poke|p2|Ceruledge, F|\n|poke|p2|Talonflame, F|\n|poke|p2|Goodra-Hisui, F|\n|teampreview\n|inactive|Battle timer is ON: inactive players will automatically lose when time's up. (requested by Un0eg0)\n|inactive|Un0eg0 has 120 seconds left.\n|\n|t:|1700880226\n|start\n|switch|p1a: Garganacl buster|Venusaur, F|100\/100\n|switch|p2a: Joy boy|Gengar, M|100\/100\n|turn|1\n|\n|t:|1700880241\n|move|p2a: Joy boy|Taunt|p1a: Garganacl buster\n|-start|p1a: Garganacl buster|move: Taunt\n|move|p1a: Garganacl buster|Earth Power|p2a: Joy boy\n|-supereffective|p2a: Joy boy\n|-damage|p2a: Joy boy|3\/100\n|-start|p1a: Garganacl buster|Disable|Earth Power|[from] ability: Cursed Body|[of] p2a: Joy boy\n|\n|upkeep\n|turn|2\n|\n|t:|1700880262\n|switch|p1a: Apophis|Tyranitar, M|100\/100\n|-weather|Sandstorm|[from] ability: Sand Stream|[of] p1a: Apophis\n|move|p2a: Joy boy|Destiny Bond|p2a: Joy boy\n|-singlemove|p2a: Joy boy|Destiny Bond\n|\n|-weather|Sandstorm|[upkeep]\n|-damage|p2a: Joy boy|0 fnt|[from] Sandstorm\n|faint|p2a: Joy boy\n|upkeep\n|\n|t:|1700880268\n|switch|p2a: Zoro|Sceptile, M, shiny|100\/100\n|turn|3\n|\n|t:|1700880275\n|switch|p1a: Moltres|Moltres|100\/100\n|move|p2a: Zoro|Swords Dance|p2a: Zoro\n|-boost|p2a: Zoro|atk|2\n|\n|-weather|Sandstorm|[upkeep]\n|-damage|p2a: Zoro|94\/100|[from] Sandstorm\n|-damage|p1a: Moltres|94\/100|[from] Sandstorm\n|upkeep\n|turn|4\n|\n|t:|1700880284\n|move|p2a: Zoro|Leaf Blade|p1a: Moltres\n|-resisted|p1a: Moltres\n|-damage|p1a: Moltres|72\/100\n|move|p1a: Moltres|Air Slash|p2a: Zoro\n|-supereffective|p2a: Zoro\n|-damage|p2a: Zoro|0 fnt\n|faint|p2a: Zoro\n|\n|-weather|Sandstorm|[upkeep]\n|-damage|p1a: Moltres|65\/100|[from] Sandstorm\n|upkeep\n|\n|t:|1700880290\n|switch|p2a: TT|Goodra-Hisui, F|100\/100\n|turn|5\n|\n|t:|1700880297\n|move|p1a: Moltres|Scorching Sands|p2a: TT\n|-supereffective|p2a: TT\n|-damage|p2a: TT|80\/100\n|move|p2a: TT|Dragon Tail|p1a: Moltres|[miss]\n|-miss|p2a: TT|p1a: Moltres\n|\n|-weather|Sandstorm|[upkeep]\n|-damage|p1a: Moltres|59\/100|[from] Sandstorm\n|upkeep\n|turn|6\n|\n|t:|1700880310\n|move|p1a: Moltres|Scorching Sands|p2a: TT\n|-supereffective|p2a: TT\n|-damage|p2a: TT|60\/100\n|move|p2a: TT|Thunderbolt|p1a: Moltres\n|-supereffective|p1a: Moltres\n|-damage|p1a: Moltres|0 fnt\n|faint|p1a: Moltres\n|\n|-weather|none\n|upkeep\n|\n|t:|1700880320\n|switch|p1a: Iron Treads|Iron Treads|100\/100\n|turn|7\n|\n|t:|1700880325\n|move|p1a: Iron Treads|Rapid Spin|p2a: TT\n|-resisted|p2a: TT\n|-damage|p2a: TT|52\/100\n|-boost|p1a: Iron Treads|spe|1\n|-ability|p2a: TT|Gooey\n|-unboost|p1a: Iron Treads|spe|1\n|move|p2a: TT|Dragon Tail|p1a: Iron Treads\n|-resisted|p1a: Iron Treads\n|-damage|p1a: Iron Treads|91\/100\n|-end|p1a: Iron Treads|Quark Drive|[silent]\n|drag|p1a: Magnezone|Magnezone|100\/100\n|\n|upkeep\n|turn|8\n|\n|t:|1700880339\n|move|p1a: Magnezone|Thunderbolt|p2a: TT\n|-resisted|p2a: TT\n|-damage|p2a: TT|42\/100\n|move|p2a: TT|Dragon Tail|p1a: Magnezone\n|-resisted|p1a: Magnezone\n|-damage|p1a: Magnezone|92\/100\n|drag|p1a: Sahara|Garchomp, M|100\/100\n|\n|upkeep\n|turn|9\n|\n|t:|1700880347\n|move|p1a: Sahara|Earthquake|p2a: TT\n|-supereffective|p2a: TT\n|-damage|p2a: TT|0 fnt\n|faint|p2a: TT\n|\n|upkeep\n|\n|t:|1700880351\n|switch|p2a: Megaman|Ceruledge, F|100\/100\n|turn|10\n|\n|t:|1700880356\n|-terastallize|p2a: Megaman|Flying\n|move|p1a: Sahara|Earthquake|p2a: Megaman\n|-immune|p2a: Megaman\n|move|p2a: Megaman|Swords Dance|p2a: Megaman\n|-boost|p2a: Megaman|atk|2\n|\n|upkeep\n|turn|11\n|\n|t:|1700880364\n|move|p1a: Sahara|Dragon Claw|p2a: Megaman\n|-damage|p2a: Megaman|37\/100\n|-ability|p2a: Megaman|Weak Armor|boost\n|-unboost|p2a: Megaman|def|1\n|-boost|p2a: Megaman|spe|2\n|move|p2a: Megaman|Dragon Claw|p1a: Sahara\n|-supereffective|p1a: Sahara\n|-damage|p1a: Sahara|0 fnt\n|-damage|p2a: Megaman|25\/100|[from] ability: Rough Skin|[of] p1a: Sahara\n|faint|p1a: Sahara\n|\n|upkeep\n|inactive|SanFranfan4ever has 120 seconds left.\n|c|\u2606SanFranfan4ever|This mf dont even have hands!! Wy the fuck it can lwarn dragon claw\n|\n|t:|1700880409\n|switch|p1a: Magnezone|Magnezone|92\/100\n|turn|12\n|\n|t:|1700880414\n|-terastallize|p1a: Magnezone|Water\n|move|p2a: Megaman|Bitter Blade|p1a: Magnezone\n|-resisted|p1a: Magnezone\n|-damage|p1a: Magnezone|48\/100\n|-heal|p2a: Megaman|50\/100|[from] drain|[of] p1a: Magnezone\n|move|p1a: Magnezone|Thunderbolt|p2a: Megaman\n|-supereffective|p2a: Megaman\n|-damage|p2a: Megaman|0 fnt\n|faint|p2a: Megaman\n|\n|upkeep\n|\n|t:|1700880420\n|switch|p2a: Naruto|Greninja, M|100\/100\n|turn|13\n|\n|t:|1700880428\n|move|p2a: Naruto|Dark Pulse|p1a: Magnezone\n|-damage|p1a: Magnezone|0 fnt\n|faint|p1a: Magnezone\n|-ability|p2a: Naruto|Battle Bond|boost\n|-boost|p2a: Naruto|atk|1\n|-boost|p2a: Naruto|spa|1\n|-boost|p2a: Naruto|spe|1\n|-activate|p2a: Naruto|ability: Battle Bond\n|-damage|p2a: Naruto|91\/100|[from] item: Life Orb\n|\n|upkeep\n|inactive|SanFranfan4ever has 120 seconds left.\n|\n|t:|1700880438\n|switch|p1a: Garganacl buster|Venusaur, F|100\/100\n|turn|14\n|\n|t:|1700880442\n|move|p2a: Naruto|Dark Pulse|p1a: Garganacl buster\n|-damage|p1a: Garganacl buster|26\/100\n|-damage|p2a: Naruto|81\/100|[from] item: Life Orb\n|cant|p1a: Garganacl buster|flinch\n|\n|-heal|p1a: Garganacl buster|32\/100|[from] item: Black Sludge\n|upkeep\n|turn|15\n|\n|t:|1700880451\n|move|p2a: Naruto|Dark Pulse|p1a: Garganacl buster\n|-damage|p1a: Garganacl buster|0 fnt\n|faint|p1a: Garganacl buster\n|-damage|p2a: Naruto|71\/100|[from] item: Life Orb\n|\n|upkeep\n|\n|t:|1700880457\n|switch|p1a: Iron Treads|Iron Treads|91\/100\n|turn|16\n|c|\u2606Un0eg0|Lol your dragon claw comment\ud83d\ude2d\ud83d\ude2d\n|\n|t:|1700880477\n|move|p2a: Naruto|Surf|p1a: Iron Treads\n|-supereffective|p1a: Iron Treads\n|-damage|p1a: Iron Treads|0 fnt\n|faint|p1a: Iron Treads\n|-end|p1a: Iron Treads|Quark Drive|[silent]\n|-damage|p2a: Naruto|61\/100|[from] item: Life Orb\n|\n|upkeep\n|\n|t:|1700880489\n|switch|p1a: Apophis|Tyranitar, M|100\/100\n|-weather|Sandstorm|[from] ability: Sand Stream|[of] p1a: Apophis\n|turn|17\n|\n|t:|1700880494\n|detailschange|p1a: Apophis|Tyranitar-Mega, M\n|-mega|p1a: Apophis|Tyranitar|Tyranitarite\n|move|p2a: Naruto|Surf|p1a: Apophis\n|-supereffective|p1a: Apophis\n|-damage|p1a: Apophis|18\/100\n|-damage|p2a: Naruto|51\/100|[from] item: Life Orb\n|move|p1a: Apophis|Earthquake|p2a: Naruto\n|-damage|p2a: Naruto|0 fnt\n|faint|p2a: Naruto\n|\n|-weather|Sandstorm|[upkeep]\n|upkeep\n|\n|t:|1700880503\n|switch|p2a: Marco|Talonflame, F|100\/100\n|turn|18\n|\n|t:|1700880511\n|move|p2a: Marco|Flare Blitz|p1a: Apophis\n|-resisted|p1a: Apophis\n|-damage|p1a: Apophis|2\/100\n|-damage|p2a: Marco|94\/100|[from] Recoil\n|move|p1a: Apophis|Stone Edge|p2a: Marco|[miss]\n|-miss|p1a: Apophis|p2a: Marco\n|\n|-weather|Sandstorm|[upkeep]\n|-damage|p2a: Marco|88\/100|[from] Sandstorm\n|upkeep\n|turn|19\n|-message|SanFranfan4ever forfeited.\n|\n|win|Un0eg0\n|raw|SanFranfan4ever's rating: 1215 &rarr; <strong>1193<\/strong><br \/>(-22 for losing)\n|raw|Un0eg0's rating: 1262 &rarr; <strong>1284<\/strong><br \/>(+22 for winning)\n|l|\u2606SanFranfan4ever\n","uploadtime":1700880404,"views":1,"p1id":"sanfranfan4ever","p2id":"un0eg0","formatid":"gen9nationaldex","rating":1193,"private":0,"password":""}