{"id":"gen9nationaldex-1992080931","p1":"AutumnCookie","p2":"cassinidivision","format":"[Gen 9] National Dex","log":"|j|\u2606AutumnCookie\n|j|\u2606cassinidivision\n|t:|1700153468\n|gametype|singles\n|player|p1|AutumnCookie|penny|\n|player|p2|cassinidivision|poppy|\n|teamsize|p1|6\n|teamsize|p2|6\n|gen|9\n|tier|[Gen 9] National Dex\n|rule|HP Percentage Mod: HP is shown in percentages\n|rule|Endless Battle Clause: Forcing endless battles is banned\n|rule|OHKO Clause: OHKO moves are banned\n|rule|Evasion Clause: Evasion abilities, items, and moves are banned\n|rule|Evasion Abilities Clause: Evasion abilities are banned\n|rule|Evasion Items Clause: Evasion items are banned\n|rule|Evasion Moves Clause: Evasion moves are banned\n|rule|Species Clause: Limit one of each Pok\u00e9mon\n|rule|Sleep Clause Mod: Limit one foe put to sleep\n|clearpoke\n|poke|p1|Jolteon, F|\n|poke|p1|Vaporeon, M|\n|poke|p1|Flareon, M|\n|poke|p1|Leafeon, M|\n|poke|p1|Umbreon, M|\n|poke|p1|Sylveon, F|\n|poke|p2|Copperajah, F|\n|poke|p2|Tinkaton, F|\n|poke|p2|Magnezone|\n|poke|p2|Corviknight, M|\n|poke|p2|Klefki, F|\n|poke|p2|Togedemaru, F|\n|teampreview\n|c|\u2606cassinidivision|holy moly\n|c|\u2606cassinidivision|veevee\n|c|\u2606AutumnCookie|The nicknames are so bad I hate it \/pos\n|c|\u2606cassinidivision|WAIT\n|c|\u2606cassinidivision|I SHOULD NICKNAME POPPYS\n|\n|t:|1700153506\n|start\n|switch|p1a: You|Jolteon, F|100\/100\n|switch|p2a: Klefki|Klefki, F|100\/100\n|turn|1\n|c|\u2606AutumnCookie|REAL\n|c|\u2606cassinidivision|yousoroooooooo\n|\n|t:|1700153526\n|move|p2a: Klefki|Reflect|p2a: Klefki\n|-sidestart|p2: cassinidivision|Reflect\n|move|p1a: You|Calm Mind|p1a: You\n|-boost|p1a: You|spa|1\n|-boost|p1a: You|spd|1\n|\n|-status|p1a: You|brn|[from] item: Flame Orb\n|upkeep\n|turn|2\n|l|\u2606AutumnCookie\n|player|p1|\n|j|\u2606AutumnCookie\n|player|p1|AutumnCookie|penny\n|n|\u2606AutumnCookie|autumncookie\n|\n|t:|1700153570\n|move|p2a: Klefki|Light Screen|p2a: Klefki\n|-sidestart|p2: cassinidivision|move: Light Screen\n|move|p1a: You|Calm Mind|p1a: You\n|-boost|p1a: You|spa|1\n|-boost|p1a: You|spd|1\n|\n|-damage|p1a: You|95\/100 brn|[from] brn\n|upkeep\n|turn|3\n|c|\u2606cassinidivision|sorry. yous catchphrase\n|c|\u2606cassinidivision|basically just means ahoy\n|\n|t:|1700153582\n|move|p2a: Klefki|Spikes|p1a: You\n|-sidestart|p1: AutumnCookie|Spikes\n|move|p1a: You|Calm Mind|p1a: You\n|-boost|p1a: You|spa|1\n|-boost|p1a: You|spd|1\n|\n|-damage|p1a: You|89\/100 brn|[from] brn\n|upkeep\n|turn|4\n|\n|t:|1700153592\n|move|p2a: Klefki|Spikes|p1a: You\n|-sidestart|p1: AutumnCookie|Spikes\n|move|p1a: You|Calm Mind|p1a: You\n|-boost|p1a: You|spa|1\n|-boost|p1a: You|spd|1\n|\n|-damage|p1a: You|83\/100 brn|[from] brn\n|upkeep\n|turn|5\n|\n|t:|1700153602\n|move|p2a: Klefki|Spikes|p1a: You\n|-sidestart|p1: AutumnCookie|Spikes\n|move|p1a: You|Calm Mind|p1a: You\n|-boost|p1a: You|spa|1\n|-boost|p1a: You|spd|1\n|\n|-damage|p1a: You|77\/100 brn|[from] brn\n|upkeep\n|turn|6\n|\n|t:|1700153611\n|move|p1a: You|Signal Beam|p2a: Klefki\n|-resisted|p2a: Klefki\n|-damage|p2a: Klefki|89\/100\n|move|p2a: Klefki|Hidden Power|p1a: You\n|-damage|p1a: You|72\/100 brn\n|\n|-damage|p1a: You|66\/100 brn|[from] brn\n|upkeep\n|turn|7\n|\n|t:|1700153622\n|move|p1a: You|Thunder|p2a: Klefki\n|-damage|p2a: Klefki|0 fnt\n|faint|p2a: Klefki\n|\n|-damage|p1a: You|60\/100 brn|[from] brn\n|upkeep\n|c|\u2606cassinidivision|mmm im so ful from chip damage yum\n|\n|t:|1700153638\n|switch|p2a: Copperajah|Copperajah, F|100\/100\n|turn|8\n|c|\u2606AutumnCookie|Real\n|\n|t:|1700153651\n|move|p1a: You|Thunder|p2a: Copperajah|[miss]\n|-miss|p1a: You|p2a: Copperajah\n|move|p2a: Copperajah|Earthquake|p1a: You\n|-supereffective|p1a: You\n|-damage|p1a: You|0 fnt\n|faint|p1a: You\n|\n|-sideend|p2: cassinidivision|Reflect\n|upkeep\n|c|\u2606AutumnCookie|Should've led with Vaporeon idk what I was thinking\n|\n|t:|1700153686\n|switch|p1a: Kacchan|Flareon, M|100\/100\n|-damage|p1a: Kacchan|76\/100|[from] Spikes\n|turn|9\n|\n|t:|1700153694\n|move|p1a: Kacchan|Flare Blitz|p2a: Copperajah\n|-supereffective|p2a: Copperajah\n|-damage|p2a: Copperajah|0 fnt\n|faint|p2a: Copperajah\n|-damage|p1a: Kacchan|31\/100|[from] Recoil\n|\n|-sideend|p2: cassinidivision|move: Light Screen\n|-status|p1a: Kacchan|tox|[from] item: Toxic Orb\n|upkeep\n|\n|t:|1700153706\n|switch|p2a: Magnezone|Magnezone|100\/100\n|turn|10\n|\n|t:|1700153722\n|move|p2a: Magnezone|Thunderbolt|p1a: Kacchan\n|-damage|p1a: Kacchan|0 fnt\n|faint|p1a: Kacchan\n|\n|upkeep\n|\n|t:|1700153736\n|switch|p1a: Dainsleif|Umbreon, M|100\/100\n|-damage|p1a: Dainsleif|76\/100|[from] Spikes\n|turn|11\n|\n|t:|1700153746\n|switch|p2a: Togedemaru|Togedemaru, F|100\/100\n|move|p1a: Dainsleif|Sucker Punch||[still]\n|-fail|p1a: Dainsleif\n|\n|-heal|p1a: Dainsleif|82\/100|[from] item: Leftovers\n|upkeep\n|turn|12\n|\n|t:|1700153760\n|move|p2a: Togedemaru|Fake Out|p1a: Dainsleif\n|-damage|p1a: Dainsleif|73\/100\n|cant|p1a: Dainsleif|flinch\n|\n|-heal|p1a: Dainsleif|79\/100|[from] item: Leftovers\n|upkeep\n|turn|13\n|\n|t:|1700153773\n|move|p2a: Togedemaru|Spiky Shield|p2a: Togedemaru\n|-singleturn|p2a: Togedemaru|move: Protect\n|move|p1a: Dainsleif|Sucker Punch||[still]\n|-fail|p1a: Dainsleif\n|\n|-heal|p1a: Dainsleif|85\/100|[from] item: Leftovers\n|upkeep\n|turn|14\n|\n|t:|1700153782\n|move|p1a: Dainsleif|Sucker Punch|p2a: Togedemaru\n|-damage|p2a: Togedemaru|70\/100\n|-damage|p1a: Dainsleif|72\/100|[from] ability: Iron Barbs|[of] p2a: Togedemaru\n|move|p2a: Togedemaru|Nuzzle|p1a: Dainsleif\n|-damage|p1a: Dainsleif|64\/100\n|-status|p1a: Dainsleif|par\n|-activate|p1a: Dainsleif|ability: Synchronize\n|-immune|p2a: Togedemaru\n|\n|-heal|p1a: Dainsleif|71\/100 par|[from] item: Leftovers\n|upkeep\n|turn|15\n|\n|t:|1700153799\n|move|p2a: Togedemaru|Spiky Shield|p2a: Togedemaru\n|-singleturn|p2a: Togedemaru|move: Protect\n|move|p1a: Dainsleif|Moonlight|p1a: Dainsleif\n|-heal|p1a: Dainsleif|100\/100 par\n|\n|upkeep\n|turn|16\n|\n|t:|1700153814\n|move|p2a: Togedemaru|Zing Zap|p1a: Dainsleif\n|-damage|p1a: Dainsleif|73\/100 par\n|move|p1a: Dainsleif|Foul Play|p2a: Togedemaru\n|-damage|p2a: Togedemaru|0 fnt\n|-damage|p1a: Dainsleif|60\/100 par|[from] ability: Iron Barbs|[of] p2a: Togedemaru\n|faint|p2a: Togedemaru\n|\n|-heal|p1a: Dainsleif|66\/100 par|[from] item: Leftovers\n|upkeep\n|\n|t:|1700153831\n|switch|p2a: Magnezone|Magnezone|100\/100\n|turn|17\n|\n|t:|1700153843\n|move|p2a: Magnezone|Signal Beam|p1a: Dainsleif\n|-supereffective|p1a: Dainsleif\n|-damage|p1a: Dainsleif|38\/100 par\n|move|p1a: Dainsleif|Moonlight|p1a: Dainsleif\n|-heal|p1a: Dainsleif|88\/100 par\n|\n|-heal|p1a: Dainsleif|94\/100 par|[from] item: Leftovers\n|upkeep\n|turn|18\n|\n|t:|1700153852\n|move|p1a: Dainsleif|Sucker Punch|p2a: Magnezone\n|-damage|p2a: Magnezone|81\/100\n|move|p2a: Magnezone|Signal Beam|p1a: Dainsleif\n|-supereffective|p1a: Dainsleif\n|-damage|p1a: Dainsleif|68\/100 par\n|\n|-heal|p1a: Dainsleif|74\/100 par|[from] item: Leftovers\n|upkeep\n|turn|19\n|\n|t:|1700153861\n|move|p2a: Magnezone|Signal Beam|p1a: Dainsleif\n|-supereffective|p1a: Dainsleif\n|-damage|p1a: Dainsleif|46\/100 par\n|move|p1a: Dainsleif|Foul Play|p2a: Magnezone\n|-damage|p2a: Magnezone|61\/100\n|\n|-heal|p1a: Dainsleif|52\/100 par|[from] item: Leftovers\n|upkeep\n|turn|20\n|\n|t:|1700153870\n|move|p2a: Magnezone|Signal Beam|p1a: Dainsleif\n|-supereffective|p1a: Dainsleif\n|-damage|p1a: Dainsleif|26\/100 par\n|move|p1a: Dainsleif|Moonlight|p1a: Dainsleif\n|-heal|p1a: Dainsleif|76\/100 par\n|\n|-heal|p1a: Dainsleif|82\/100 par|[from] item: Leftovers\n|upkeep\n|turn|21\n|\n|t:|1700153879\n|move|p2a: Magnezone|Signal Beam|p1a: Dainsleif\n|-supereffective|p1a: Dainsleif\n|-damage|p1a: Dainsleif|55\/100 par\n|-start|p1a: Dainsleif|confusion\n|-activate|p1a: Dainsleif|confusion\n|-damage|p1a: Dainsleif|50\/100 par|[from] confusion\n|\n|-heal|p1a: Dainsleif|56\/100 par|[from] item: Leftovers\n|upkeep\n|turn|22\n|c|\u2606AutumnCookie|GDI\n|c|\u2606cassinidivision|teeheeee\n|\n|t:|1700153908\n|switch|p2a: Corviknight|Corviknight, M|100\/100\n|-ability|p2a: Corviknight|Pressure\n|-activate|p1a: Dainsleif|confusion\n|move|p1a: Dainsleif|Moonlight|p1a: Dainsleif\n|-heal|p1a: Dainsleif|100\/100 par\n|\n|upkeep\n|turn|23\n|c|\u2606cassinidivision|get pressured\n|\n|t:|1700153928\n|move|p2a: Corviknight|Brave Bird|p1a: Dainsleif\n|-damage|p1a: Dainsleif|70\/100 par\n|-damage|p2a: Corviknight|90\/100|[from] Recoil\n|-activate|p1a: Dainsleif|confusion\n|cant|p1a: Dainsleif|par\n|\n|-heal|p1a: Dainsleif|76\/100 par|[from] item: Leftovers\n|upkeep\n|turn|24\n|\n|t:|1700153938\n|move|p2a: Corviknight|Brave Bird|p1a: Dainsleif\n|-damage|p1a: Dainsleif|44\/100 par\n|-damage|p2a: Corviknight|80\/100|[from] Recoil\n|-activate|p1a: Dainsleif|confusion\n|move|p1a: Dainsleif|Foul Play|p2a: Corviknight\n|-damage|p2a: Corviknight|60\/100\n|-damage|p1a: Dainsleif|27\/100 par|[from] item: Rocky Helmet|[of] p2a: Corviknight\n|\n|-heal|p1a: Dainsleif|33\/100 par|[from] item: Leftovers\n|upkeep\n|turn|25\n|\n|t:|1700153949\n|move|p2a: Corviknight|Brave Bird|p1a: Dainsleif\n|-damage|p1a: Dainsleif|7\/100 par\n|-damage|p2a: Corviknight|51\/100|[from] Recoil\n|-end|p1a: Dainsleif|confusion\n|move|p1a: Dainsleif|Moonlight|p1a: Dainsleif\n|-heal|p1a: Dainsleif|57\/100 par\n|\n|-heal|p1a: Dainsleif|63\/100 par|[from] item: Leftovers\n|upkeep\n|turn|26\n|\n|t:|1700153960\n|move|p1a: Dainsleif|Sucker Punch||[still]\n|-fail|p1a: Dainsleif\n|move|p2a: Corviknight|Roost|p2a: Corviknight\n|-heal|p2a: Corviknight|100\/100\n|-singleturn|p2a: Corviknight|move: Roost\n|\n|-heal|p1a: Dainsleif|69\/100 par|[from] item: Leftovers\n|upkeep\n|turn|27\n|\n|t:|1700153969\n|move|p1a: Dainsleif|Sucker Punch|p2a: Corviknight\n|-damage|p2a: Corviknight|90\/100\n|-damage|p1a: Dainsleif|52\/100 par|[from] item: Rocky Helmet|[of] p2a: Corviknight\n|move|p2a: Corviknight|Brave Bird|p1a: Dainsleif\n|-damage|p1a: Dainsleif|24\/100 par\n|-damage|p2a: Corviknight|81\/100|[from] Recoil\n|\n|-heal|p1a: Dainsleif|30\/100 par|[from] item: Leftovers\n|upkeep\n|turn|28\n|\n|t:|1700153979\n|move|p2a: Corviknight|Brave Bird|p1a: Dainsleif\n|-crit|p1a: Dainsleif\n|-damage|p1a: Dainsleif|0 fnt\n|faint|p1a: Dainsleif\n|-damage|p2a: Corviknight|71\/100|[from] Recoil\n|\n|upkeep\n|\n|t:|1700153986\n|switch|p1a: KAITO|Vaporeon, M|100\/100\n|-damage|p1a: KAITO|76\/100|[from] Spikes\n|turn|29\n|\n|t:|1700153999\n|move|p2a: Corviknight|Brave Bird|p1a: KAITO\n|-damage|p1a: KAITO|51\/100\n|-damage|p2a: Corviknight|62\/100|[from] Recoil\n|move|p1a: KAITO|Aqua Ring|p1a: KAITO\n|-start|p1a: KAITO|Aqua Ring\n|\n|-heal|p1a: KAITO|57\/100|[from] Aqua Ring\n|upkeep\n|turn|30\n|\n|t:|1700154018\n|move|p2a: Corviknight|Brave Bird|p1a: KAITO\n|-damage|p1a: KAITO|28\/100\n|-damage|p2a: Corviknight|51\/100|[from] Recoil\n|move|p1a: KAITO|Acid Armor|p1a: KAITO\n|-boost|p1a: KAITO|def|2\n|\n|-heal|p1a: KAITO|34\/100|[from] Aqua Ring\n|upkeep\n|turn|31\n|\n|t:|1700154028\n|move|p2a: Corviknight|Roost|p2a: Corviknight\n|-heal|p2a: Corviknight|100\/100\n|-singleturn|p2a: Corviknight|move: Roost\n|move|p1a: KAITO|Acid Armor|p1a: KAITO\n|-boost|p1a: KAITO|def|2\n|\n|-heal|p1a: KAITO|40\/100|[from] Aqua Ring\n|upkeep\n|turn|32\n|\n|t:|1700154038\n|move|p2a: Corviknight|Brave Bird|p1a: KAITO\n|-damage|p1a: KAITO|32\/100\n|-damage|p2a: Corviknight|97\/100|[from] Recoil\n|move|p1a: KAITO|Acid Armor|p1a: KAITO\n|-boost|p1a: KAITO|def|2\n|\n|-heal|p1a: KAITO|38\/100|[from] Aqua Ring\n|upkeep\n|turn|33\n|c|\u2606AutumnCookie|This is awful\n|\n|t:|1700154071\n|move|p2a: Corviknight|Brave Bird|p1a: KAITO\n|-damage|p1a: KAITO|30\/100\n|-damage|p2a: Corviknight|94\/100|[from] Recoil\n|move|p1a: KAITO|Scald|p2a: Corviknight\n|-damage|p2a: Corviknight|69\/100\n|\n|-heal|p1a: KAITO|36\/100|[from] Aqua Ring\n|upkeep\n|turn|34\n|c|\u2606cassinidivision|pink silly\n|\n|t:|1700154092\n|move|p2a: Corviknight|Brave Bird|p1a: KAITO\n|-damage|p1a: KAITO|29\/100\n|-damage|p2a: Corviknight|66\/100|[from] Recoil\n|move|p1a: KAITO|Scald|p2a: Corviknight\n|-damage|p2a: Corviknight|40\/100\n|\n|-heal|p1a: KAITO|35\/100|[from] Aqua Ring\n|upkeep\n|turn|35\n|\n|t:|1700154123\n|move|p2a: Corviknight|Brave Bird|p1a: KAITO\n|-damage|p1a: KAITO|28\/100\n|-damage|p2a: Corviknight|37\/100|[from] Recoil\n|move|p1a: KAITO|Scald|p2a: Corviknight\n|-crit|p2a: Corviknight\n|-damage|p2a: Corviknight|0 fnt\n|faint|p2a: Corviknight\n|\n|-heal|p1a: KAITO|34\/100|[from] Aqua Ring\n|upkeep\n|\n|t:|1700154127\n|switch|p2a: Magnezone|Magnezone|61\/100\n|turn|36\n|c|\u2606AutumnCookie|Crit clutch\n|\n|t:|1700154139\n|move|p2a: Magnezone|Volt Switch|p1a: KAITO\n|-supereffective|p1a: KAITO\n|-damage|p1a: KAITO|0 fnt\n|faint|p1a: KAITO\n|\n|t:|1700154143\n|switch|p2a: Tinkaton|Tinkaton, F|100\/100|[from] Volt Switch\n|-ability|p2a: Tinkaton|Mold Breaker\n|\n|upkeep\n|\n|t:|1700154151\n|switch|p1a: Kurama|Leafeon, M|100\/100\n|-damage|p1a: Kurama|76\/100|[from] Spikes\n|turn|37\n|c|\u2606cassinidivision|leafeons cry is so nice\n|\n|t:|1700154164\n|move|p1a: Kurama|Wish|p1a: Kurama\n|move|p2a: Tinkaton|Swords Dance|p2a: Tinkaton\n|-boost|p2a: Tinkaton|atk|2\n|\n|upkeep\n|turn|38\n|\n|t:|1700154177\n|move|p1a: Kurama|Swords Dance|p1a: Kurama\n|-boost|p1a: Kurama|atk|2\n|move|p2a: Tinkaton|Swords Dance|p2a: Tinkaton\n|-boost|p2a: Tinkaton|atk|2\n|\n|-heal|p1a: Kurama|100\/100|[from] move: Wish|[wisher] Kurama\n|upkeep\n|turn|39\n|\n|t:|1700154204\n|move|p1a: Kurama|Protect|p1a: Kurama\n|-singleturn|p1a: Kurama|Protect\n|move|p2a: Tinkaton|Gigaton Hammer|p1a: Kurama\n|-activate|p1a: Kurama|move: Protect\n|\n|upkeep\n|turn|40\n|\n|t:|1700154212\n|move|p2a: Tinkaton|Protect|p2a: Tinkaton\n|-singleturn|p2a: Tinkaton|Protect\n|move|p1a: Kurama|Swords Dance|p1a: Kurama\n|-boost|p1a: Kurama|atk|2\n|\n|upkeep\n|turn|41\n|c|\u2606cassinidivision|two can play that game\n|\n|t:|1700154225\n|move|p1a: Kurama|Protect|p1a: Kurama\n|-singleturn|p1a: Kurama|Protect\n|move|p2a: Tinkaton|Swords Dance|p2a: Tinkaton\n|-boost|p2a: Tinkaton|atk|2\n|\n|upkeep\n|turn|42\n|\n|t:|1700154232\n|move|p1a: Kurama|Protect|p1a: Kurama\n|-singleturn|p1a: Kurama|Protect\n|move|p2a: Tinkaton|Gigaton Hammer|p1a: Kurama\n|-activate|p1a: Kurama|move: Protect\n|\n|upkeep\n|turn|43\n|c|\u2606AutumnCookie|YAY\n|c|\u2606cassinidivision|cheater\n|\n|t:|1700154250\n|move|p1a: Kurama|Swords Dance|p1a: Kurama\n|-boost|p1a: Kurama|atk|2\n|move|p2a: Tinkaton|Play Rough|p1a: Kurama\n|-damage|p1a: Kurama|0 fnt\n|faint|p1a: Kurama\n|\n|upkeep\n|c|\u2606AutumnCookie|Damn.\n|\n|t:|1700154261\n|switch|p1a: Chibiusa|Sylveon, F|100\/100\n|-damage|p1a: Chibiusa|76\/100|[from] Spikes\n|turn|44\n|c|\u2606cassinidivision|996 attack\n|\n|t:|1700154281\n|-terastallize|p1a: Chibiusa|Fire\n|move|p2a: Tinkaton|Protect|p2a: Tinkaton\n|-singleturn|p2a: Tinkaton|Protect\n|move|p1a: Chibiusa|Protect||[still]\n|-fail|p1a: Chibiusa\n|\n|upkeep\n|turn|45\n|\n|t:|1700154298\n|-terastallize|p2a: Tinkaton|Fighting\n|move|p2a: Tinkaton|Gigaton Hammer|p1a: Chibiusa\n|-resisted|p1a: Chibiusa\n|-damage|p1a: Chibiusa|0 fnt\n|faint|p1a: Chibiusa\n|\n|win|cassinidivision\n|c|\u2606AutumnCookie|Awful thangs\n|c|\u2606cassinidivision|poppy cracked\n|c|\u2606AutumnCookie|REAL\n|l|\u2606AutumnCookie\n|j|\u2606AutumnCookie\n|player|p1|AutumnCookie|grusha\n","uploadtime":1700154323,"views":4,"p1id":"autumncookie","p2id":"cassinidivision","formatid":"gen9nationaldex","rating":0,"private":0,"password":""}