{"id":"gen9nationaldex-1987199072","p1":"MatiasD10S","p2":"Clash Goblin","format":"[Gen 9] National Dex","log":"|j|\u2606MatiasD10S\n|j|\u2606Clash Goblin\n|t:|1699564540\n|gametype|singles\n|player|p1|MatiasD10S|veteran|1441\n|player|p2|Clash Goblin|fisherman|1480\n|teamsize|p1|6\n|teamsize|p2|6\n|gen|9\n|tier|[Gen 9] National Dex\n|rated|\n|rule|HP Percentage Mod: HP is shown in percentages\n|rule|Endless Battle Clause: Forcing endless battles is banned\n|rule|OHKO Clause: OHKO moves are banned\n|rule|Evasion Clause: Evasion abilities, items, and moves are banned\n|rule|Evasion Abilities Clause: Evasion abilities are banned\n|rule|Evasion Items Clause: Evasion items are banned\n|rule|Evasion Moves Clause: Evasion moves are banned\n|rule|Species Clause: Limit one of each Pok\u00e9mon\n|rule|Sleep Clause Mod: Limit one foe put to sleep\n|clearpoke\n|poke|p1|Zapdos|\n|poke|p1|Tapu Lele|\n|poke|p1|Sneasler, M|\n|poke|p1|Greninja-*, M|\n|poke|p1|Blaziken, M|\n|poke|p1|Zamazenta-*|\n|poke|p2|Weezing-Galar, M|\n|poke|p2|Wo-Chien|\n|poke|p2|Alomomola, M|\n|poke|p2|Charizard, M|\n|poke|p2|Swellow, M|\n|poke|p2|Gliscor, M|\n|teampreview\n|inactive|Battle timer is ON: inactive players will automatically lose when time's up. (requested by Clash Goblin)\n|\n|t:|1699564549\n|start\n|switch|p1a: RYUU|Zapdos, shiny|100\/100\n|switch|p2a: Gliscor|Gliscor, M, shiny|100\/100\n|turn|1\n|\n|t:|1699564569\n|-zpower|p1a: RYUU\n|move|p1a: RYUU|Z-Rain Dance|p1a: RYUU|[anim]Rain Dance\n|-boost|p1a: RYUU|spe|1|[zeffect]\n|-weather|RainDance\n|move|p2a: Gliscor|Toxic|p1a: RYUU\n|-status|p1a: RYUU|tox\n|\n|-weather|RainDance|[upkeep]\n|-damage|p1a: RYUU|94\/100 tox|[from] psn\n|-status|p2a: Gliscor|tox|[from] item: Toxic Orb\n|upkeep\n|turn|2\n|\n|t:|1699564579\n|switch|p2a: Wo-Chien|Wo-Chien|100\/100\n|-ability|p2a: Wo-Chien|Tablets of Ruin\n|move|p1a: RYUU|Weather Ball|p2a: Wo-Chien\n|-resisted|p2a: Wo-Chien\n|-damage|p2a: Wo-Chien|84\/100\n|\n|-weather|RainDance|[upkeep]\n|-heal|p2a: Wo-Chien|91\/100|[from] item: Leftovers\n|-damage|p1a: RYUU|82\/100 tox|[from] psn\n|upkeep\n|turn|3\n|\n|t:|1699564590\n|move|p2a: Wo-Chien|Protect|p2a: Wo-Chien\n|-singleturn|p2a: Wo-Chien|Protect\n|move|p1a: RYUU|Hurricane|p2a: Wo-Chien\n|-activate|p2a: Wo-Chien|move: Protect\n|\n|-weather|RainDance|[upkeep]\n|-heal|p2a: Wo-Chien|97\/100|[from] item: Leftovers\n|-damage|p1a: RYUU|63\/100 tox|[from] psn\n|upkeep\n|turn|4\n|\n|t:|1699564598\n|move|p1a: RYUU|Hurricane|p2a: Wo-Chien\n|-supereffective|p2a: Wo-Chien\n|-damage|p2a: Wo-Chien|32\/100\n|-start|p2a: Wo-Chien|confusion\n|-activate|p2a: Wo-Chien|confusion\n|move|p2a: Wo-Chien|Leech Seed|p1a: RYUU\n|-start|p1a: RYUU|move: Leech Seed\n|\n|-weather|RainDance|[upkeep]\n|-heal|p2a: Wo-Chien|38\/100|[from] item: Leftovers\n|-damage|p1a: RYUU|51\/100 tox|[from] Leech Seed|[of] p2a: Wo-Chien\n|-heal|p2a: Wo-Chien|49\/100|[silent]\n|-damage|p1a: RYUU|26\/100 tox|[from] psn\n|upkeep\n|turn|5\n|\n|t:|1699564609\n|switch|p1a: RAIZO|Greninja, M|100\/100\n|-activate|p2a: Wo-Chien|confusion\n|-damage|p2a: Wo-Chien|41\/100|[from] confusion\n|\n|-weather|none\n|-heal|p2a: Wo-Chien|48\/100|[from] item: Leftovers\n|upkeep\n|turn|6\n|\n|t:|1699564616\n|move|p1a: RAIZO|Ice Beam|p2a: Wo-Chien\n|-supereffective|p2a: Wo-Chien\n|-damage|p2a: Wo-Chien|7\/100\n|-damage|p1a: RAIZO|91\/100|[from] item: Life Orb\n|-end|p2a: Wo-Chien|confusion\n|move|p2a: Wo-Chien|Leech Seed|p1a: RAIZO\n|-start|p1a: RAIZO|move: Leech Seed\n|\n|-heal|p2a: Wo-Chien|13\/100|[from] item: Leftovers\n|-damage|p1a: RAIZO|78\/100|[from] Leech Seed|[of] p2a: Wo-Chien\n|-heal|p2a: Wo-Chien|22\/100|[silent]\n|upkeep\n|turn|7\n|\n|t:|1699564626\n|move|p2a: Wo-Chien|Protect|p2a: Wo-Chien\n|-singleturn|p2a: Wo-Chien|Protect\n|move|p1a: RAIZO|Ice Beam|p2a: Wo-Chien\n|-activate|p2a: Wo-Chien|move: Protect\n|\n|-heal|p2a: Wo-Chien|28\/100|[from] item: Leftovers\n|-damage|p1a: RAIZO|66\/100|[from] Leech Seed|[of] p2a: Wo-Chien\n|-heal|p2a: Wo-Chien|38\/100|[silent]\n|upkeep\n|turn|8\n|\n|t:|1699564647\n|-terastallize|p2a: Wo-Chien|Water\n|move|p2a: Wo-Chien|Protect||[still]\n|-fail|p2a: Wo-Chien\n|move|p1a: RAIZO|Ice Beam|p2a: Wo-Chien\n|-resisted|p2a: Wo-Chien\n|-damage|p2a: Wo-Chien|27\/100\n|-damage|p1a: RAIZO|56\/100|[from] item: Life Orb\n|\n|-heal|p2a: Wo-Chien|33\/100|[from] item: Leftovers\n|-damage|p1a: RAIZO|44\/100|[from] Leech Seed|[of] p2a: Wo-Chien\n|-heal|p2a: Wo-Chien|43\/100|[silent]\n|upkeep\n|turn|9\n|\n|t:|1699564657\n|switch|p1a: RYUU|Zapdos, shiny|26\/100 tox\n|move|p2a: Wo-Chien|Knock Off|p1a: RYUU\n|-damage|p1a: RYUU|2\/100 tox\n|\n|-heal|p2a: Wo-Chien|49\/100|[from] item: Leftovers\n|-damage|p1a: RYUU|0 fnt|[from] psn\n|faint|p1a: RYUU\n|upkeep\n|l|\u2606Clash Goblin\n|inactive|Clash Goblin disconnected and has a minute to reconnect!\n|player|p2|\n|\n|t:|1699564667\n|switch|p1a: SHADOW|Tapu Lele, shiny|100\/100\n|-fieldstart|move: Psychic Terrain|[from] ability: Psychic Surge|[of] p1a: SHADOW\n|turn|10\n|j|\u2606Clash Goblin\n|inactive|Clash Goblin reconnected and has 130 seconds left.\n|player|p2|Clash Goblin|fisherman\n|\n|t:|1699564697\n|move|p1a: SHADOW|Energy Ball|p2a: Wo-Chien\n|-supereffective|p2a: Wo-Chien\n|-damage|p2a: Wo-Chien|12\/100\n|-unboost|p2a: Wo-Chien|spd|1\n|move|p2a: Wo-Chien|Leech Seed|p1a: SHADOW\n|-start|p1a: SHADOW|move: Leech Seed\n|\n|-heal|p2a: Wo-Chien|18\/100|[from] item: Leftovers\n|-damage|p1a: SHADOW|88\/100|[from] Leech Seed|[of] p2a: Wo-Chien\n|-heal|p2a: Wo-Chien|28\/100|[silent]\n|upkeep\n|turn|11\n|c|\u2606MatiasD10S|wtf this guy\n|\n|t:|1699564711\n|move|p2a: Wo-Chien|Protect|p2a: Wo-Chien\n|-singleturn|p2a: Wo-Chien|Protect\n|move|p1a: SHADOW|Energy Ball|p2a: Wo-Chien\n|-activate|p2a: Wo-Chien|move: Protect\n|\n|-heal|p2a: Wo-Chien|34\/100|[from] item: Leftovers\n|-damage|p1a: SHADOW|76\/100|[from] Leech Seed|[of] p2a: Wo-Chien\n|-heal|p2a: Wo-Chien|43\/100|[silent]\n|upkeep\n|turn|12\n|inactive|MatiasD10S has 120 seconds left.\n|\n|t:|1699564748\n|switch|p1a: RORONOA|Sneasler, M, shiny|100\/100\n|-enditem|p1a: RORONOA|Psychic Seed\n|-boost|p1a: RORONOA|spd|1|[from] item: Psychic Seed\n|switch|p2a: Gliscor|Gliscor, M, shiny|100\/100 tox\n|\n|upkeep\n|turn|13\n|inactive|MatiasD10S has 120 seconds left.\n|\n|t:|1699564756\n|-terastallize|p1a: RORONOA|Dark\n|move|p1a: RORONOA|Swords Dance|p1a: RORONOA\n|-boost|p1a: RORONOA|atk|2\n|move|p2a: Gliscor|Earthquake|p1a: RORONOA\n|-damage|p1a: RORONOA|47\/100\n|\n|upkeep\n|turn|14\n|\n|t:|1699564762\n|move|p1a: RORONOA|Night Slash|p2a: Gliscor\n|-damage|p2a: Gliscor|40\/100 tox\n|move|p2a: Gliscor|Toxic|p1a: RORONOA\n|-status|p1a: RORONOA|tox\n|\n|-damage|p1a: RORONOA|41\/100 tox|[from] psn\n|-heal|p2a: Gliscor|52\/100 tox|[from] ability: Poison Heal\n|-fieldend|move: Psychic Terrain\n|upkeep\n|turn|15\n|\n|t:|1699564774\n|switch|p2a: Weezing|Weezing-Galar, M|100\/100\n|move|p1a: RORONOA|Night Slash|p2a: Weezing\n|-resisted|p2a: Weezing\n|-damage|p2a: Weezing|75\/100\n|\n|-heal|p2a: Weezing|81\/100|[from] item: Leftovers\n|-damage|p1a: RORONOA|29\/100 tox|[from] psn\n|upkeep\n|turn|16\n|\n|t:|1699564783\n|switch|p2a: Alomomola|Alomomola, M, shiny|100\/100\n|move|p1a: RORONOA|Dire Claw|p2a: Alomomola\n|-damage|p2a: Alomomola|57\/100\n|-damage|p1a: RORONOA|12\/100 tox|[from] item: Rocky Helmet|[of] p2a: Alomomola\n|\n|-damage|p1a: RORONOA|0 fnt|[from] psn\n|faint|p1a: RORONOA\n|upkeep\n|\n|t:|1699564794\n|switch|p1a: SHADOW|Tapu Lele, shiny|76\/100\n|-fieldstart|move: Psychic Terrain|[from] ability: Psychic Surge|[of] p1a: SHADOW\n|turn|17\n|\n|t:|1699564799\n|switch|p2a: Gliscor|Gliscor, M, shiny|52\/100 tox\n|move|p1a: SHADOW|Energy Ball|p2a: Gliscor\n|-damage|p2a: Gliscor|27\/100 tox\n|\n|-heal|p2a: Gliscor|40\/100 tox|[from] ability: Poison Heal\n|upkeep\n|turn|18\n|\n|t:|1699564807\n|move|p1a: SHADOW|Energy Ball|p2a: Gliscor\n|-damage|p2a: Gliscor|12\/100 tox\n|move|p2a: Gliscor|Roost|p2a: Gliscor\n|-heal|p2a: Gliscor|62\/100 tox\n|-singleturn|p2a: Gliscor|move: Roost\n|\n|-heal|p2a: Gliscor|74\/100 tox|[from] ability: Poison Heal\n|upkeep\n|turn|19\n|\n|t:|1699564815\n|move|p1a: SHADOW|Energy Ball|p2a: Gliscor\n|-damage|p2a: Gliscor|49\/100 tox\n|move|p2a: Gliscor|Earthquake|p1a: SHADOW\n|-damage|p1a: SHADOW|22\/100\n|\n|-heal|p2a: Gliscor|62\/100 tox|[from] ability: Poison Heal\n|upkeep\n|turn|20\n|\n|t:|1699564822\n|move|p1a: SHADOW|Energy Ball|p2a: Gliscor\n|-damage|p2a: Gliscor|35\/100 tox\n|move|p2a: Gliscor|Toxic|p1a: SHADOW\n|-status|p1a: SHADOW|tox\n|\n|-damage|p1a: SHADOW|16\/100 tox|[from] psn\n|-heal|p2a: Gliscor|47\/100 tox|[from] ability: Poison Heal\n|upkeep\n|turn|21\n|\n|t:|1699564831\n|move|p1a: SHADOW|Energy Ball|p2a: Gliscor\n|-damage|p2a: Gliscor|22\/100 tox\n|move|p2a: Gliscor|Roost|p2a: Gliscor\n|-heal|p2a: Gliscor|72\/100 tox\n|-singleturn|p2a: Gliscor|move: Roost\n|\n|-damage|p1a: SHADOW|4\/100 tox|[from] psn\n|-heal|p2a: Gliscor|84\/100 tox|[from] ability: Poison Heal\n|-fieldend|move: Psychic Terrain\n|upkeep\n|turn|22\n|\n|t:|1699564852\n|move|p1a: SHADOW|Energy Ball|p2a: Gliscor\n|-damage|p2a: Gliscor|57\/100 tox\n|move|p2a: Gliscor|Earthquake|p1a: SHADOW\n|-damage|p1a: SHADOW|0 fnt\n|faint|p1a: SHADOW\n|\n|-heal|p2a: Gliscor|70\/100 tox|[from] ability: Poison Heal\n|upkeep\n|\n|t:|1699564860\n|switch|p1a: MUZAN|Blaziken, M, shiny|100\/100\n|turn|23\n|\n|t:|1699564864\n|move|p1a: MUZAN|Swords Dance|p1a: MUZAN\n|-boost|p1a: MUZAN|atk|2\n|move|p2a: Gliscor|Earthquake|p1a: MUZAN\n|-supereffective|p1a: MUZAN\n|-crit|p1a: MUZAN\n|-damage|p1a: MUZAN|0 fnt\n|faint|p1a: MUZAN\n|\n|-heal|p2a: Gliscor|82\/100 tox|[from] ability: Poison Heal\n|upkeep\n|-message|MatiasD10S forfeited.\n|\n|win|Clash Goblin\n|raw|MatiasD10S's rating: 1441 &rarr; <strong>1423<\/strong><br \/>(-18 for losing)\n|raw|Clash Goblin's rating: 1480 &rarr; <strong>1498<\/strong><br \/>(+18 for winning)\n|l|\u2606MatiasD10S\n","uploadtime":1699564882,"views":12,"p1id":"matiasd10s","p2id":"clashgoblin","formatid":"gen9nationaldex","rating":1423,"private":0,"password":""}