{"id":"gen9nationaldex-1994686031","p1":"aceeeeer","p2":"shfeha","format":"[Gen 9] National Dex","log":"|html|<div class=\"broadcast-blue\"><strong>[Gen 9] National Dex is currently suspecting Sneasler! For information on how to participate check out the <a href=\"https:\/\/www.smogon.com\/forums\/threads\/sv-national-dex-suspect-8-just-dance.3731534\/\">suspect thread<\/a>.<\/strong><\/div>\n|j|\u2606aceeeeer\n|j|\u2606shfeha\n|t:|1700480896\n|gametype|singles\n|player|p1|aceeeeer|koga|1208\n|player|p2|shfeha|cyclist|1267\n|teamsize|p1|6\n|teamsize|p2|6\n|gen|9\n|tier|[Gen 9] National Dex\n|rated|\n|rule|HP Percentage Mod: HP is shown in percentages\n|rule|Endless Battle Clause: Forcing endless battles is banned\n|rule|OHKO Clause: OHKO moves are banned\n|rule|Evasion Clause: Evasion abilities, items, and moves are banned\n|rule|Evasion Abilities Clause: Evasion abilities are banned\n|rule|Evasion Items Clause: Evasion items are banned\n|rule|Evasion Moves Clause: Evasion moves are banned\n|rule|Species Clause: Limit one of each Pok\u00e9mon\n|rule|Sleep Clause Mod: Limit one foe put to sleep\n|clearpoke\n|poke|p1|Toxapex, F|\n|poke|p1|Venusaur, M|\n|poke|p1|Blissey, F|\n|poke|p1|Mew|\n|poke|p1|Clodsire, M|\n|poke|p1|Nidoking, M|\n|poke|p2|Gallade, M|\n|poke|p2|Tapu Lele|\n|poke|p2|Tornadus, M|\n|poke|p2|Urshifu-*, M|\n|poke|p2|Glimmora, F|\n|poke|p2|Gengar, F|\n|teampreview\n|inactive|Battle timer is ON: inactive players will automatically lose when time's up. (requested by shfeha)\n|\n|t:|1700480906\n|start\n|switch|p1a: Mew|Mew|100\/100\n|switch|p2a: Glimmora|Glimmora, F, shiny|100\/100\n|turn|1\n|\n|t:|1700480913\n|-terastallize|p1a: Mew|Poison\n|move|p2a: Glimmora|Stealth Rock|p1a: Mew\n|-sidestart|p1: aceeeeer|move: Stealth Rock\n|move|p1a: Mew|Cosmic Power|p1a: Mew\n|-boost|p1a: Mew|def|1\n|-boost|p1a: Mew|spd|1\n|\n|upkeep\n|turn|2\n|\n|t:|1700480928\n|move|p2a: Glimmora|Power Gem|p1a: Mew\n|-crit|p1a: Mew\n|-damage|p1a: Mew|47\/100\n|move|p1a: Mew|Cosmic Power|p1a: Mew\n|-boost|p1a: Mew|def|1\n|-boost|p1a: Mew|spd|1\n|\n|upkeep\n|turn|3\n|\n|t:|1700480936\n|move|p2a: Glimmora|Power Gem|p1a: Mew\n|-damage|p1a: Mew|30\/100\n|move|p1a: Mew|Roost|p1a: Mew\n|-heal|p1a: Mew|81\/100\n|\n|upkeep\n|turn|4\n|\n|t:|1700480942\n|move|p2a: Glimmora|Power Gem|p1a: Mew\n|-damage|p1a: Mew|64\/100\n|move|p1a: Mew|Cosmic Power|p1a: Mew\n|-boost|p1a: Mew|def|1\n|-boost|p1a: Mew|spd|1\n|\n|upkeep\n|turn|5\n|\n|t:|1700480950\n|move|p2a: Glimmora|Power Gem|p1a: Mew\n|-damage|p1a: Mew|50\/100\n|move|p1a: Mew|Roost|p1a: Mew\n|-heal|p1a: Mew|99\/100\n|\n|upkeep\n|turn|6\n|\n|t:|1700480957\n|move|p2a: Glimmora|Power Gem|p1a: Mew\n|-damage|p1a: Mew|86\/100\n|move|p1a: Mew|Cosmic Power|p1a: Mew\n|-boost|p1a: Mew|def|1\n|-boost|p1a: Mew|spd|1\n|\n|upkeep\n|turn|7\n|\n|t:|1700480964\n|switch|p2a: Tornadus|Tornadus, M|100\/100\n|move|p1a: Mew|Cosmic Power|p1a: Mew\n|-boost|p1a: Mew|def|1\n|-boost|p1a: Mew|spd|1\n|\n|upkeep\n|turn|8\n|\n|t:|1700480972\n|move|p2a: Tornadus|Taunt|p1a: Mew\n|-start|p1a: Mew|move: Taunt\n|move|p1a: Mew|Stored Power|p2a: Tornadus\n|-damage|p2a: Tornadus|0 fnt\n|faint|p2a: Tornadus\n|\n|upkeep\n|\n|t:|1700480984\n|switch|p2a: Gengar|Gengar, F|100\/100\n|turn|9\n|\n|t:|1700480989\n|move|p2a: Gengar|Hex|p1a: Mew\n|-damage|p1a: Mew|78\/100\n|move|p1a: Mew|Stored Power|p2a: Gengar\n|-supereffective|p2a: Gengar\n|-enditem|p2a: Gengar|Focus Sash\n|-damage|p2a: Gengar|1\/100\n|\n|upkeep\n|turn|10\n|\n|t:|1700480998\n|move|p2a: Gengar|Destiny Bond|p2a: Gengar\n|-singlemove|p2a: Gengar|Destiny Bond\n|move|p1a: Mew|Stored Power|p2a: Gengar\n|-supereffective|p2a: Gengar\n|-damage|p2a: Gengar|0 fnt\n|faint|p2a: Gengar\n|-activate|p2a: Gengar|move: Destiny Bond\n|faint|p1a: Mew\n|\n|upkeep\n|\n|t:|1700481011\n|switch|p2a: Glimmora|Glimmora, F, shiny|100\/100\n|switch|p1a: Nidoking|Nidoking, M|100\/100\n|-damage|p1a: Nidoking|94\/100|[from] Stealth Rock\n|turn|11\n|\n|t:|1700481020\n|move|p2a: Glimmora|Energy Ball|p1a: Nidoking\n|-damage|p1a: Nidoking|50\/100\n|move|p1a: Nidoking|Substitute|p1a: Nidoking\n|-start|p1a: Nidoking|Substitute\n|-damage|p1a: Nidoking|25\/100\n|\n|-heal|p1a: Nidoking|31\/100|[from] item: Black Sludge\n|upkeep\n|turn|12\n|\n|t:|1700481039\n|move|p2a: Glimmora|Energy Ball|p1a: Nidoking\n|-end|p1a: Nidoking|Substitute\n|move|p1a: Nidoking|Sludge Wave|p2a: Glimmora\n|-resisted|p2a: Glimmora\n|-damage|p2a: Glimmora|85\/100\n|\n|-heal|p1a: Nidoking|37\/100|[from] item: Black Sludge\n|upkeep\n|turn|13\n|\n|t:|1700481049\n|switch|p1a: Blissey|Blissey, F|100\/100\n|-damage|p1a: Blissey|88\/100|[from] Stealth Rock\n|move|p2a: Glimmora|Energy Ball|p1a: Blissey\n|-damage|p1a: Blissey|78\/100\n|\n|-heal|p1a: Blissey|84\/100|[from] item: Leftovers\n|upkeep\n|turn|14\n|\n|t:|1700481059\n|switch|p2a: Gallade|Gallade, M, shiny|100\/100\n|move|p1a: Blissey|Wish|p1a: Blissey\n|\n|-heal|p1a: Blissey|90\/100|[from] item: Leftovers\n|upkeep\n|turn|15\n|\n|t:|1700481066\n|detailschange|p2a: Gallade|Gallade-Mega, M, shiny\n|-mega|p2a: Gallade|Gallade|Galladite\n|move|p2a: Gallade|Close Combat|p1a: Blissey\n|-supereffective|p1a: Blissey\n|-damage|p1a: Blissey|0 fnt\n|-unboost|p2a: Gallade|def|1\n|-unboost|p2a: Gallade|spd|1\n|faint|p1a: Blissey\n|\n|upkeep\n|\n|t:|1700481076\n|switch|p1a: Venusaur|Venusaur, M|100\/100\n|-damage|p1a: Venusaur|88\/100|[from] Stealth Rock\n|turn|16\n|\n|t:|1700481082\n|detailschange|p1a: Venusaur|Venusaur-Mega, M\n|-mega|p1a: Venusaur|Venusaur|Venusaurite\n|move|p2a: Gallade|Psycho Cut|p1a: Venusaur\n|-supereffective|p1a: Venusaur\n|-damage|p1a: Venusaur|24\/100\n|move|p1a: Venusaur|Leech Seed|p2a: Gallade\n|-start|p2a: Gallade|move: Leech Seed\n|\n|-damage|p2a: Gallade|88\/100|[from] Leech Seed|[of] p1a: Venusaur\n|-heal|p1a: Venusaur|35\/100|[silent]\n|upkeep\n|turn|17\n|\n|t:|1700481093\n|switch|p2a: Tapu Lele|Tapu Lele, shiny|100\/100\n|-fieldstart|move: Psychic Terrain|[from] ability: Psychic Surge|[of] p2a: Tapu Lele\n|move|p1a: Venusaur|Synthesis|p1a: Venusaur\n|-heal|p1a: Venusaur|85\/100\n|\n|upkeep\n|turn|18\n|\n|t:|1700481101\n|move|p2a: Tapu Lele|Psychic|p1a: Venusaur\n|-supereffective|p1a: Venusaur\n|-damage|p1a: Venusaur|0 fnt\n|faint|p1a: Venusaur\n|\n|upkeep\n|l|\u2606aceeeeer\n|inactive|aceeeeer disconnected and has a minute to reconnect!\n|player|p1|\n|inactive|aceeeeer has 30 seconds to reconnect!\n|inactive|aceeeeer has 20 seconds to reconnect!\n|inactive|aceeeeer has 15 seconds to reconnect!\n|inactive|aceeeeer has 10 seconds to reconnect!\n|inactive|aceeeeer has 5 seconds to reconnect!\n|-message|aceeeeer lost due to inactivity.\n|\n|win|shfeha\n|raw|aceeeeer's rating: 1208 &rarr; <strong>1187<\/strong><br \/>(-21 for losing)\n|raw|shfeha's rating: 1267 &rarr; <strong>1288<\/strong><br \/>(+21 for winning)\n","uploadtime":1700481172,"views":7,"p1id":"aceeeeer","p2id":"shfeha","formatid":"gen9nationaldex","rating":1187,"private":0,"password":""}