{"id":"gen9nationaldex-1991852928","p1":"DORAYOYO","p2":"chusei22","format":"[Gen 9] National Dex","log":"|j|\u2606DORAYOYO\n|j|\u2606chusei22\n|t:|1700128665\n|gametype|singles\n|player|p1|DORAYOYO|170|1516\n|player|p2|chusei22|lady-gen4|1529\n|teamsize|p1|6\n|teamsize|p2|6\n|gen|9\n|tier|[Gen 9] National Dex\n|rated|\n|rule|HP Percentage Mod: HP is shown in percentages\n|rule|Endless Battle Clause: Forcing endless battles is banned\n|rule|OHKO Clause: OHKO moves are banned\n|rule|Evasion Clause: Evasion abilities, items, and moves are banned\n|rule|Evasion Abilities Clause: Evasion abilities are banned\n|rule|Evasion Items Clause: Evasion items are banned\n|rule|Evasion Moves Clause: Evasion moves are banned\n|rule|Species Clause: Limit one of each Pok\u00e9mon\n|rule|Sleep Clause Mod: Limit one foe put to sleep\n|clearpoke\n|poke|p1|Pelipper, F|\n|poke|p1|Ogerpon-Wellspring, F|\n|poke|p1|Kommo-o, M|\n|poke|p1|Clefable, F|\n|poke|p1|Samurott-Hisui, M|\n|poke|p1|Gyarados, F|\n|poke|p2|Pelipper, F|\n|poke|p2|Swampert, M|\n|poke|p2|Amoonguss, M|\n|poke|p2|Zapdos|\n|poke|p2|Urshifu-*, M|\n|poke|p2|Manaphy|\n|teampreview\n|\n|t:|1700128688\n|start\n|switch|p1a: Samurott|Samurott-Hisui, M|100\/100\n|switch|p2a: il mouille|Pelipper, F|100\/100\n|-weather|RainDance|[from] ability: Drizzle|[of] p2a: il mouille\n|turn|1\n|\n|t:|1700128701\n|move|p1a: Samurott|Ceaseless Edge|p2a: il mouille\n|-damage|p2a: il mouille|45\/100\n|-sidestart|p2: chusei22|Spikes\n|move|p2a: il mouille|U-turn|p1a: Samurott\n|-supereffective|p1a: Samurott\n|-damage|p1a: Samurott|77\/100\n|\n|t:|1700128706\n|switch|p2a: body builder king|Swampert, M|100\/100|[from] U-turn\n|-damage|p2a: body builder king|88\/100|[from] Spikes\n|\n|-weather|RainDance|[upkeep]\n|upkeep\n|turn|2\n|\n|t:|1700128712\n|switch|p1a: Gyarados|Gyarados, F|100\/100\n|-ability|p1a: Gyarados|Intimidate|boost\n|-unboost|p2a: body builder king|atk|1\n|detailschange|p2a: body builder king|Swampert-Mega, M\n|-mega|p2a: body builder king|Swampert|Swampertite\n|move|p2a: body builder king|Earthquake|p1a: Gyarados\n|-immune|p1a: Gyarados\n|\n|-weather|RainDance|[upkeep]\n|upkeep\n|turn|3\n|\n|t:|1700128720\n|move|p2a: body builder king|Flip Turn|p1a: Gyarados\n|-resisted|p1a: Gyarados\n|-damage|p1a: Gyarados|77\/100\n|\n|t:|1700128725\n|switch|p2a: roi des piafabec|Zapdos|100\/100|[from] Flip Turn\n|move|p1a: Gyarados|Dragon Dance|p1a: Gyarados\n|-boost|p1a: Gyarados|atk|1\n|-boost|p1a: Gyarados|spe|1\n|\n|-weather|RainDance|[upkeep]\n|upkeep\n|turn|4\n|\n|t:|1700128735\n|move|p1a: Gyarados|Waterfall|p2a: roi des piafabec\n|-damage|p2a: roi des piafabec|0 fnt\n|faint|p2a: roi des piafabec\n|\n|-weather|RainDance|[upkeep]\n|upkeep\n|\n|t:|1700128743\n|switch|p2a: karateka|Urshifu-Rapid-Strike, M|100\/100\n|-damage|p2a: karateka|88\/100|[from] Spikes\n|turn|5\n|\n|t:|1700128749\n|move|p1a: Gyarados|Waterfall|p2a: karateka\n|-resisted|p2a: karateka\n|-damage|p2a: karateka|42\/100\n|cant|p2a: karateka|flinch\n|\n|-weather|RainDance|[upkeep]\n|upkeep\n|turn|6\n|\n|t:|1700128755\n|switch|p2a: champi|Amoonguss, M|100\/100\n|-damage|p2a: champi|88\/100|[from] Spikes\n|move|p1a: Gyarados|Waterfall|p2a: champi\n|-resisted|p2a: champi\n|-damage|p2a: champi|40\/100\n|-enditem|p2a: champi|Eject Button\n|\n|t:|1700128758\n|switch|p2a: la grenouille|Manaphy|100\/100\n|-damage|p2a: la grenouille|88\/100|[from] Spikes\n|\n|-weather|RainDance|[upkeep]\n|-heal|p2a: la grenouille|94\/100|[from] item: Leftovers\n|upkeep\n|turn|7\n|\n|t:|1700128768\n|move|p1a: Gyarados|Taunt|p2a: la grenouille\n|-start|p2a: la grenouille|move: Taunt\n|cant|p2a: la grenouille|move: Taunt|Tail Glow\n|\n|-weather|RainDance|[upkeep]\n|-heal|p2a: la grenouille|100\/100|[from] item: Leftovers\n|upkeep\n|turn|8\n|\n|t:|1700128774\n|move|p1a: Gyarados|Dragon Dance|p1a: Gyarados\n|-boost|p1a: Gyarados|atk|1\n|-boost|p1a: Gyarados|spe|1\n|move|p2a: la grenouille|Ice Beam|p1a: Gyarados\n|-damage|p1a: Gyarados|52\/100\n|\n|-weather|none\n|upkeep\n|turn|9\n|\n|t:|1700128781\n|move|p1a: Gyarados|Earthquake|p2a: la grenouille\n|-damage|p2a: la grenouille|24\/100\n|move|p2a: la grenouille|Energy Ball|p1a: Gyarados\n|-damage|p1a: Gyarados|27\/100\n|\n|-heal|p2a: la grenouille|30\/100|[from] item: Leftovers\n|-end|p2a: la grenouille|move: Taunt\n|upkeep\n|turn|10\n|\n|t:|1700128792\n|switch|p2a: il mouille|Pelipper, F|45\/100\n|-weather|RainDance|[from] ability: Drizzle|[of] p2a: il mouille\n|move|p1a: Gyarados|Waterfall|p2a: il mouille\n|-resisted|p2a: il mouille\n|-damage|p2a: il mouille|0 fnt\n|faint|p2a: il mouille\n|\n|-weather|RainDance|[upkeep]\n|upkeep\n|\n|t:|1700128798\n|switch|p2a: body builder king|Swampert-Mega, M|88\/100\n|-damage|p2a: body builder king|76\/100|[from] Spikes\n|turn|11\n|\n|t:|1700128806\n|detailschange|p1a: Gyarados|Gyarados-Mega, F\n|-mega|p1a: Gyarados|Gyarados|Gyaradosite\n|-ability|p1a: Gyarados|Mold Breaker\n|move|p1a: Gyarados|Waterfall|p2a: body builder king\n|-damage|p2a: body builder king|0 fnt\n|faint|p2a: body builder king\n|\n|-weather|RainDance|[upkeep]\n|upkeep\n|\n|t:|1700128813\n|switch|p2a: la grenouille|Manaphy|30\/100\n|-damage|p2a: la grenouille|18\/100|[from] Spikes\n|turn|12\n|\n|t:|1700128817\n|move|p1a: Gyarados|Waterfall|p2a: la grenouille\n|-resisted|p2a: la grenouille\n|-damage|p2a: la grenouille|0 fnt\n|faint|p2a: la grenouille\n|\n|-weather|RainDance|[upkeep]\n|upkeep\n|\n|t:|1700128819\n|switch|p2a: karateka|Urshifu-Rapid-Strike, M|42\/100\n|-damage|p2a: karateka|30\/100|[from] Spikes\n|turn|13\n|\n|t:|1700128824\n|-terastallize|p2a: karateka|Water\n|move|p2a: karateka|Aqua Jet|p1a: Gyarados\n|-resisted|p1a: Gyarados\n|-damage|p1a: Gyarados|0 fnt\n|faint|p1a: Gyarados\n|\n|-weather|RainDance|[upkeep]\n|upkeep\n|\n|t:|1700128832\n|switch|p1a: Ogerpon|Ogerpon-Wellspring, F|100\/100\n|turn|14\n|inactive|Battle timer is ON: inactive players will automatically lose when time's up. (requested by chusei22)\n|\n|t:|1700128839\n|switch|p2a: champi|Amoonguss, M|74\/100\n|-damage|p2a: champi|61\/100|[from] Spikes\n|move|p1a: Ogerpon|Swords Dance|p1a: Ogerpon\n|-boost|p1a: Ogerpon|atk|2\n|\n|-weather|RainDance|[upkeep]\n|upkeep\n|turn|15\n|\n|t:|1700128847\n|-terastallize|p1a: Ogerpon|Water\n|detailschange|p1a: Ogerpon|Ogerpon-Wellspring-Tera, F, tera:Water\n|-ability|p1a: Ogerpon|Embody Aspect (Wellspring)|boost\n|-boost|p1a: Ogerpon|spd|1\n|move|p1a: Ogerpon|Ivy Cudgel|p2a: champi|[anim] Ivy Cudgel Water\n|-resisted|p2a: champi\n|-damage|p2a: champi|0 fnt\n|faint|p2a: champi\n|\n|-weather|RainDance|[upkeep]\n|upkeep\n|\n|t:|1700128854\n|switch|p2a: karateka|Urshifu-Rapid-Strike, M, tera:Water|30\/100\n|-damage|p2a: karateka|18\/100|[from] Spikes\n|turn|16\n|\n|t:|1700128858\n|move|p2a: karateka|Close Combat|p1a: Ogerpon\n|-damage|p1a: Ogerpon|0 fnt\n|-unboost|p2a: karateka|def|1\n|-unboost|p2a: karateka|spd|1\n|faint|p1a: Ogerpon\n|\n|-weather|RainDance|[upkeep]\n|upkeep\n|\n|t:|1700128866\n|switch|p1a: Kommo-o|Kommo-o, M|100\/100\n|turn|17\n|\n|t:|1700128869\n|move|p2a: karateka|Close Combat|p1a: Kommo-o\n|-damage|p1a: Kommo-o|7\/100\n|-unboost|p2a: karateka|def|1\n|-unboost|p2a: karateka|spd|1\n|-zpower|p1a: Kommo-o\n|move|p1a: Kommo-o|Clangorous Soulblaze|p2a: karateka|[zeffect]\n|-damage|p2a: karateka|0 fnt\n|faint|p2a: karateka\n|\n|win|DORAYOYO\n|raw|DORAYOYO's rating: 1516 &rarr; <strong>1537<\/strong><br \/>(+21 for winning)\n|raw|chusei22's rating: 1529 &rarr; <strong>1508<\/strong><br \/>(-21 for losing)\n|l|\u2606chusei22\n","uploadtime":1700128886,"views":7,"p1id":"dorayoyo","p2id":"chusei22","formatid":"gen9nationaldex","rating":1508,"private":0,"password":""}