{"id":"gen9nationaldex-1988326884","p1":"wopowopo","p2":"IceBerryCoffee","format":"[Gen 9] National Dex","log":"|j|\u2606wopowopo\n|j|\u2606IceBerryCoffee\n|t:|1699709052\n|gametype|singles\n|player|p1|wopowopo|102|1411\n|player|p2|IceBerryCoffee|2|1382\n|teamsize|p1|6\n|teamsize|p2|6\n|gen|9\n|tier|[Gen 9] National Dex\n|rated|\n|rule|HP Percentage Mod: HP is shown in percentages\n|rule|Endless Battle Clause: Forcing endless battles is banned\n|rule|OHKO Clause: OHKO moves are banned\n|rule|Evasion Clause: Evasion abilities, items, and moves are banned\n|rule|Evasion Abilities Clause: Evasion abilities are banned\n|rule|Evasion Items Clause: Evasion items are banned\n|rule|Evasion Moves Clause: Evasion moves are banned\n|rule|Species Clause: Limit one of each Pok\u00e9mon\n|rule|Sleep Clause Mod: Limit one foe put to sleep\n|clearpoke\n|poke|p1|Glimmora, F|\n|poke|p1|Lokix, F|\n|poke|p1|Ogerpon-Cornerstone, F|\n|poke|p1|Moltres|\n|poke|p1|Tapu Lele|\n|poke|p1|Sneasler, M|\n|poke|p2|Scizor, M|\n|poke|p2|Great Tusk|\n|poke|p2|Volcarona, F|\n|poke|p2|Landorus-Therian, M|\n|poke|p2|Munkidori, M|\n|poke|p2|Rotom-Wash|\n|teampreview\n|inactive|Battle timer is ON: inactive players will automatically lose when time's up. (requested by wopowopo)\n|\n|t:|1699709073\n|start\n|switch|p1a: \u8d85\u7ea7\u8f93\u51fa\u624b|Glimmora, F|100\/100\n|switch|p2a: Great Tusk|Great Tusk|100\/100\n|turn|1\n|\n|t:|1699709078\n|-terastallize|p1a: \u8d85\u7ea7\u8f93\u51fa\u624b|Grass\n|move|p1a: \u8d85\u7ea7\u8f93\u51fa\u624b|Energy Ball|p2a: Great Tusk\n|-supereffective|p2a: Great Tusk\n|-damage|p2a: Great Tusk|0 fnt\n|faint|p2a: Great Tusk\n|-end|p2a: Great Tusk|Protosynthesis|[silent]\n|\n|upkeep\n|\n|t:|1699709091\n|switch|p2a: Volcarona|Volcarona, F|100\/100\n|turn|2\n|\n|t:|1699709096\n|switch|p1a: \u88c2\u817f\u7687\u4fa0|Lokix, F|100\/100\n|move|p2a: Volcarona|Quiver Dance|p2a: Volcarona\n|-boost|p2a: Volcarona|spa|1\n|-boost|p2a: Volcarona|spd|1\n|-boost|p2a: Volcarona|spe|1\n|\n|upkeep\n|turn|3\n|\n|t:|1699709108\n|move|p1a: \u88c2\u817f\u7687\u4fa0|First Impression|p2a: Volcarona\n|-resisted|p2a: Volcarona\n|-damage|p2a: Volcarona|5\/100\n|move|p2a: Volcarona|Flamethrower|p1a: \u88c2\u817f\u7687\u4fa0\n|-supereffective|p1a: \u88c2\u817f\u7687\u4fa0\n|-damage|p1a: \u88c2\u817f\u7687\u4fa0|0 fnt\n|faint|p1a: \u88c2\u817f\u7687\u4fa0\n|\n|upkeep\n|\n|t:|1699709122\n|switch|p1a: Moltres|Moltres|100\/100\n|turn|4\n|\n|t:|1699709126\n|move|p2a: Volcarona|Flamethrower|p1a: Moltres\n|-resisted|p1a: Moltres\n|-damage|p1a: Moltres|64\/100\n|move|p1a: Moltres|Mystical Fire|p2a: Volcarona\n|-damage|p2a: Volcarona|0 fnt\n|faint|p2a: Volcarona\n|\n|upkeep\n|\n|t:|1699709136\n|switch|p2a: Rotom|Rotom-Wash|100\/100\n|turn|5\n|\n|t:|1699709143\n|switch|p1a: Tapu Lele|Tapu Lele|100\/100\n|-fieldstart|move: Psychic Terrain|[from] ability: Psychic Surge|[of] p1a: Tapu Lele\n|move|p2a: Rotom|Volt Switch|p1a: Tapu Lele\n|-damage|p1a: Tapu Lele|72\/100\n|\n|t:|1699709149\n|switch|p2a: Munkidori|Munkidori, M|100\/100|[from] Volt Switch\n|\n|upkeep\n|turn|6\n|\n|t:|1699709156\n|move|p2a: Munkidori|Sludge Bomb|p1a: Tapu Lele\n|-supereffective|p1a: Tapu Lele\n|-damage|p1a: Tapu Lele|0 fnt\n|faint|p1a: Tapu Lele\n|\n|upkeep\n|\n|t:|1699709160\n|switch|p1a: Sneasler|Sneasler, M|100\/100\n|-enditem|p1a: Sneasler|Psychic Seed\n|-boost|p1a: Sneasler|spd|1|[from] item: Psychic Seed\n|turn|7\n|\n|t:|1699709166\n|switch|p2a: Landorus|Landorus-Therian, M|100\/100\n|-ability|p2a: Landorus|Intimidate|boost\n|-unboost|p1a: Sneasler|atk|1\n|move|p1a: Sneasler|Swords Dance|p1a: Sneasler\n|-boost|p1a: Sneasler|atk|2\n|\n|upkeep\n|turn|8\n|\n|t:|1699709175\n|move|p1a: Sneasler|Acrobatics|p2a: Landorus\n|-damage|p2a: Landorus|60\/100\n|-damage|p1a: Sneasler|84\/100|[from] item: Rocky Helmet|[of] p2a: Landorus\n|move|p2a: Landorus|Earthquake|p1a: Sneasler\n|-supereffective|p1a: Sneasler\n|-damage|p1a: Sneasler|0 fnt\n|faint|p1a: Sneasler\n|\n|upkeep\n|\n|t:|1699709182\n|switch|p1a: \u8d85\u7ea7\u8f93\u51fa\u624b|Glimmora, F, tera:Grass|100\/100\n|turn|9\n|\n|t:|1699709192\n|move|p1a: \u8d85\u7ea7\u8f93\u51fa\u624b|Energy Ball|p2a: Landorus\n|-damage|p2a: Landorus|11\/100\n|move|p2a: Landorus|Toxic|p1a: \u8d85\u7ea7\u8f93\u51fa\u624b\n|-status|p1a: \u8d85\u7ea7\u8f93\u51fa\u624b|tox\n|\n|-damage|p1a: \u8d85\u7ea7\u8f93\u51fa\u624b|94\/100 tox|[from] psn\n|-fieldend|move: Psychic Terrain\n|upkeep\n|turn|10\n|\n|t:|1699709201\n|switch|p1a: Moltres|Moltres|64\/100\n|move|p2a: Landorus|U-turn|p1a: Moltres\n|-resisted|p1a: Moltres\n|-damage|p1a: Moltres|60\/100\n|\n|t:|1699709210\n|switch|p2a: Rotom|Rotom-Wash|100\/100|[from] U-turn\n|\n|upkeep\n|turn|11\n|\n|t:|1699709214\n|move|p2a: Rotom|Volt Switch|p1a: Moltres\n|-supereffective|p1a: Moltres\n|-damage|p1a: Moltres|12\/100\n|\n|t:|1699709221\n|switch|p2a: Landorus|Landorus-Therian, M|11\/100|[from] Volt Switch\n|-ability|p2a: Landorus|Intimidate|boost\n|-unboost|p1a: Moltres|atk|1\n|move|p1a: Moltres|Roost|p1a: Moltres\n|-heal|p1a: Moltres|62\/100\n|-singleturn|p1a: Moltres|move: Roost\n|\n|upkeep\n|turn|12\n|\n|t:|1699709229\n|move|p2a: Landorus|Toxic|p1a: Moltres\n|-status|p1a: Moltres|tox\n|move|p1a: Moltres|Mystical Fire|p2a: Landorus\n|-damage|p2a: Landorus|0 fnt\n|faint|p2a: Landorus\n|\n|-damage|p1a: Moltres|56\/100 tox|[from] psn\n|upkeep\n|\n|t:|1699709236\n|switch|p2a: Rotom|Rotom-Wash|100\/100\n|turn|13\n|\n|t:|1699709240\n|move|p2a: Rotom|Hydro Pump|p1a: Moltres\n|-supereffective|p1a: Moltres\n|-damage|p1a: Moltres|0 fnt\n|faint|p1a: Moltres\n|\n|upkeep\n|\n|t:|1699709243\n|switch|p1a: \u8d85\u7ea7\u8f93\u51fa\u624b|Glimmora, F, tera:Grass|94\/100 tox\n|turn|14\n|\n|t:|1699709249\n|move|p1a: \u8d85\u7ea7\u8f93\u51fa\u624b|Power Gem|p2a: Rotom\n|-damage|p2a: Rotom|59\/100\n|move|p2a: Rotom|Hydro Pump|p1a: \u8d85\u7ea7\u8f93\u51fa\u624b\n|-resisted|p1a: \u8d85\u7ea7\u8f93\u51fa\u624b\n|-damage|p1a: \u8d85\u7ea7\u8f93\u51fa\u624b|66\/100 tox\n|\n|-damage|p1a: \u8d85\u7ea7\u8f93\u51fa\u624b|60\/100 tox|[from] psn\n|upkeep\n|turn|15\n|\n|t:|1699709257\n|move|p2a: Rotom|Hydro Pump|p1a: \u8d85\u7ea7\u8f93\u51fa\u624b|[miss]\n|-miss|p2a: Rotom|p1a: \u8d85\u7ea7\u8f93\u51fa\u624b\n|move|p1a: \u8d85\u7ea7\u8f93\u51fa\u624b|Power Gem|p2a: Rotom\n|-damage|p2a: Rotom|14\/100\n|\n|-damage|p1a: \u8d85\u7ea7\u8f93\u51fa\u624b|48\/100 tox|[from] psn\n|upkeep\n|turn|16\n|\n|t:|1699709264\n|move|p2a: Rotom|Hydro Pump|p1a: \u8d85\u7ea7\u8f93\u51fa\u624b\n|-resisted|p1a: \u8d85\u7ea7\u8f93\u51fa\u624b\n|-damage|p1a: \u8d85\u7ea7\u8f93\u51fa\u624b|20\/100 tox\n|move|p1a: \u8d85\u7ea7\u8f93\u51fa\u624b|Power Gem|p2a: Rotom\n|-damage|p2a: Rotom|0 fnt\n|faint|p2a: Rotom\n|\n|-damage|p1a: \u8d85\u7ea7\u8f93\u51fa\u624b|1\/100 tox|[from] psn\n|upkeep\n|\n|t:|1699709272\n|switch|p2a: Scizor|Scizor, M|100\/100\n|turn|17\n|\n|t:|1699709276\n|detailschange|p2a: Scizor|Scizor-Mega, M\n|-mega|p2a: Scizor|Scizor|Scizorite\n|move|p1a: \u8d85\u7ea7\u8f93\u51fa\u624b|Power Gem|p2a: Scizor\n|-damage|p2a: Scizor|56\/100\n|move|p2a: Scizor|Swords Dance|p2a: Scizor\n|-boost|p2a: Scizor|atk|2\n|\n|-damage|p1a: \u8d85\u7ea7\u8f93\u51fa\u624b|0 fnt|[from] psn\n|faint|p1a: \u8d85\u7ea7\u8f93\u51fa\u624b\n|upkeep\n|\n|t:|1699709281\n|switch|p1a: Ogerpon|Ogerpon-Cornerstone, F|100\/100\n|turn|18\n|\n|t:|1699709286\n|move|p2a: Scizor|Bullet Punch|p1a: Ogerpon\n|-supereffective|p1a: Ogerpon\n|-ability|p1a: Ogerpon|Sturdy\n|-damage|p1a: Ogerpon|1\/100\n|move|p1a: Ogerpon|Ivy Cudgel|p2a: Scizor\n|-damage|p2a: Scizor|9\/100\n|\n|upkeep\n|turn|19\n|-message|wopowopo forfeited.\n|\n|win|IceBerryCoffee\n|raw|wopowopo's rating: 1411 &rarr; <strong>1389<\/strong><br \/>(-22 for losing)\n|raw|IceBerryCoffee's rating: 1382 &rarr; <strong>1404<\/strong><br \/>(+22 for winning)\n|l|\u2606wopowopo\n","uploadtime":1699709295,"views":4,"p1id":"wopowopo","p2id":"iceberrycoffee","formatid":"gen9nationaldex","rating":1389,"private":0,"password":""}