{"id":"gen9nationaldex-1998135174","p1":"A Ira de Deus","p2":"baigu2","format":"[Gen 9] National Dex","log":"|html|<div class=\"broadcast-blue\"><strong>[Gen 9] National Dex is currently suspecting Sneasler! For information on how to participate check out the <a href=\"https:\/\/www.smogon.com\/forums\/threads\/sv-national-dex-suspect-8-just-dance.3731534\/\">suspect thread<\/a>.<\/strong><\/div>\n|j|\u2606A Ira de Deus\n|j|\u2606baigu2\n|t:|1700897933\n|gametype|singles\n|player|p1|A Ira de Deus|unknown|1740\n|player|p2|baigu2|265|1847\n|teamsize|p1|6\n|teamsize|p2|6\n|gen|9\n|tier|[Gen 9] National Dex\n|rated|\n|rule|HP Percentage Mod: HP is shown in percentages\n|rule|Endless Battle Clause: Forcing endless battles is banned\n|rule|OHKO Clause: OHKO moves are banned\n|rule|Evasion Clause: Evasion abilities, items, and moves are banned\n|rule|Evasion Abilities Clause: Evasion abilities are banned\n|rule|Evasion Items Clause: Evasion items are banned\n|rule|Evasion Moves Clause: Evasion moves are banned\n|rule|Species Clause: Limit one of each Pok\u00e9mon\n|rule|Sleep Clause Mod: Limit one foe put to sleep\n|clearpoke\n|poke|p1|Charizard, M|\n|poke|p1|Hoopa-Unbound|\n|poke|p1|Clefable, M|\n|poke|p1|Toxapex, M|\n|poke|p1|Chansey, F|\n|poke|p1|Gliscor, M|\n|poke|p2|Ursaluna, F|\n|poke|p2|Slowking, M|\n|poke|p2|Corviknight, F|\n|poke|p2|Hoopa-Unbound|\n|poke|p2|Dragonite, M|\n|poke|p2|Tapu Koko|\n|teampreview\n|inactive|Battle timer is ON: inactive players will automatically lose when time's up. (requested by baigu2)\n|inactive|A Ira de Deus has 120 seconds left.\n|\n|t:|1700897985\n|start\n|switch|p1a: Flat Earth|Gliscor, M, shiny|100\/100\n|switch|p2a: Tapu Koko|Tapu Koko|100\/100\n|-fieldstart|move: Electric Terrain|[from] ability: Electric Surge|[of] p2a: Tapu Koko\n|turn|1\n|\n|t:|1700897993\n|move|p2a: Tapu Koko|U-turn|p1a: Flat Earth\n|-resisted|p1a: Flat Earth\n|-damage|p1a: Flat Earth|94\/100\n|\n|t:|1700897997\n|switch|p2a: Ursaluna|Ursaluna, F|100\/100|[from] U-turn\n|move|p1a: Flat Earth|Earthquake|p2a: Ursaluna\n|-damage|p2a: Ursaluna|77\/100\n|\n|-status|p1a: Flat Earth|tox|[from] item: Toxic Orb\n|-status|p2a: Ursaluna|brn|[from] item: Flame Orb\n|upkeep\n|turn|2\n|\n|t:|1700898004\n|-terastallize|p2a: Ursaluna|Normal\n|move|p1a: Flat Earth|Stealth Rock|p2a: Ursaluna\n|-sidestart|p2: baigu2|move: Stealth Rock\n|move|p2a: Ursaluna|Facade|p1a: Flat Earth\n|-damage|p1a: Flat Earth|0 fnt\n|faint|p1a: Flat Earth\n|\n|-damage|p2a: Ursaluna|71\/100 brn|[from] brn\n|upkeep\n|\n|t:|1700898011\n|switch|p1a: Face of Abyss|Hoopa-Unbound|100\/100\n|turn|3\n|\n|t:|1700898017\n|switch|p2a: Tapu Koko|Tapu Koko|100\/100\n|-damage|p2a: Tapu Koko|88\/100|[from] Stealth Rock\n|move|p1a: Face of Abyss|Nasty Plot|p1a: Face of Abyss\n|-boost|p1a: Face of Abyss|spa|2\n|\n|upkeep\n|turn|4\n|\n|t:|1700898024\n|move|p2a: Tapu Koko|U-turn|p1a: Face of Abyss\n|-supereffective|p1a: Face of Abyss\n|-damage|p1a: Face of Abyss|6\/100\n|\n|t:|1700898044\n|switch|p2a: Hoopa|Hoopa-Unbound|100\/100|[from] U-turn\n|-damage|p2a: Hoopa|88\/100|[from] Stealth Rock\n|move|p1a: Face of Abyss|Psyshock|p2a: Hoopa\n|-immune|p2a: Hoopa\n|\n|upkeep\n|turn|5\n|\n|t:|1700898051\n|move|p1a: Face of Abyss|Dark Pulse|p2a: Hoopa\n|-crit|p2a: Hoopa\n|-damage|p2a: Hoopa|0 fnt\n|faint|p2a: Hoopa\n|\n|-fieldend|move: Electric Terrain\n|upkeep\n|\n|t:|1700898054\n|switch|p2a: Tapu Koko|Tapu Koko|88\/100\n|-damage|p2a: Tapu Koko|76\/100|[from] Stealth Rock\n|-fieldstart|move: Electric Terrain|[from] ability: Electric Surge|[of] p2a: Tapu Koko\n|turn|6\n|\n|t:|1700898057\n|switch|p1a: Hover on Water|Toxapex, M|100\/100\n|move|p2a: Tapu Koko|Volt Switch|p1a: Hover on Water\n|-supereffective|p1a: Hover on Water\n|-damage|p1a: Hover on Water|0 fnt\n|faint|p1a: Hover on Water\n|\n|t:|1700898063\n|switch|p2a: Corviknight|Corviknight, F|100\/100|[from] Volt Switch\n|-damage|p2a: Corviknight|88\/100|[from] Stealth Rock\n|-ability|p2a: Corviknight|Pressure\n|\n|upkeep\n|\n|t:|1700898067\n|switch|p1a: Consuming Fire|Charizard, M|100\/100\n|turn|7\n|\n|t:|1700898074\n|detailschange|p1a: Consuming Fire|Charizard-Mega-X, M\n|-mega|p1a: Consuming Fire|Charizard|Charizardite X\n|move|p1a: Consuming Fire|Dragon Dance|p1a: Consuming Fire\n|-boost|p1a: Consuming Fire|atk|1\n|-boost|p1a: Consuming Fire|spe|1\n|move|p2a: Corviknight|Defog|p1a: Consuming Fire\n|-unboost|p1a: Consuming Fire|evasion|1\n|-sideend|p2: baigu2|Stealth Rock|[from] move: Defog|[of] p2a: Corviknight\n|-fieldend|move: Electric Terrain\n|\n|upkeep\n|turn|8\n|\n|t:|1700898081\n|move|p1a: Consuming Fire|Fire Punch|p2a: Corviknight\n|-supereffective|p2a: Corviknight\n|-damage|p2a: Corviknight|1\/100\n|-damage|p1a: Consuming Fire|84\/100|[from] item: Rocky Helmet|[of] p2a: Corviknight\n|move|p2a: Corviknight|Brave Bird|p1a: Consuming Fire\n|-damage|p1a: Consuming Fire|48\/100\n|-damage|p2a: Corviknight|0 fnt|[from] Recoil\n|faint|p2a: Corviknight\n|\n|upkeep\n|\n|t:|1700898091\n|switch|p2a: Slowking|Slowking, M|100\/100\n|turn|9\n|\n|t:|1700898099\n|move|p1a: Consuming Fire|Roost|p1a: Consuming Fire\n|-heal|p1a: Consuming Fire|98\/100\n|-singleturn|p1a: Consuming Fire|move: Roost\n|move|p2a: Slowking|Trick Room|p2a: Slowking\n|-fieldstart|move: Trick Room|[of] p2a: Slowking\n|\n|upkeep\n|turn|10\n|\n|t:|1700898106\n|move|p1a: Consuming Fire|Dragon Claw|p2a: Slowking\n|-damage|p2a: Slowking|13\/100\n|move|p2a: Slowking|Teleport|p2a: Slowking\n|\n|t:|1700898109\n|switch|p2a: Ursaluna|Ursaluna, F, tera:Normal|71\/100 brn|[from] Teleport\n|\n|-damage|p2a: Ursaluna|65\/100 brn|[from] brn\n|upkeep\n|turn|11\n|\n|t:|1700898114\n|switch|p1a: Face of Abyss|Hoopa-Unbound|6\/100\n|move|p2a: Ursaluna|Facade|p1a: Face of Abyss\n|-damage|p1a: Face of Abyss|0 fnt\n|faint|p1a: Face of Abyss\n|\n|-damage|p2a: Ursaluna|58\/100 brn|[from] brn\n|upkeep\n|\n|t:|1700898118\n|switch|p1a: Forbidden Fruit|Clefable, M|100\/100\n|turn|12\n|\n|t:|1700898123\n|move|p1a: Forbidden Fruit|Protect|p1a: Forbidden Fruit\n|-singleturn|p1a: Forbidden Fruit|Protect\n|move|p2a: Ursaluna|Facade|p1a: Forbidden Fruit\n|-activate|p1a: Forbidden Fruit|move: Protect\n|\n|-damage|p2a: Ursaluna|52\/100 brn|[from] brn\n|upkeep\n|turn|13\n|\n|t:|1700898133\n|move|p1a: Forbidden Fruit|Protect||[still]\n|-fail|p1a: Forbidden Fruit\n|move|p2a: Ursaluna|Headlong Rush|p1a: Forbidden Fruit\n|-damage|p1a: Forbidden Fruit|15\/100\n|-unboost|p2a: Ursaluna|def|1\n|-unboost|p2a: Ursaluna|spd|1\n|\n|-heal|p1a: Forbidden Fruit|21\/100|[from] item: Leftovers\n|-damage|p2a: Ursaluna|46\/100 brn|[from] brn\n|-fieldend|move: Trick Room\n|upkeep\n|turn|14\n|\n|t:|1700898137\n|switch|p2a: Tapu Koko|Tapu Koko|76\/100\n|-fieldstart|move: Electric Terrain|[from] ability: Electric Surge|[of] p2a: Tapu Koko\n|move|p1a: Forbidden Fruit|Wish|p1a: Forbidden Fruit\n|\n|-heal|p1a: Forbidden Fruit|27\/100|[from] item: Leftovers\n|upkeep\n|turn|15\n|\n|t:|1700898146\n|switch|p2a: Slowking|Slowking, M|47\/100\n|move|p1a: Forbidden Fruit|Protect||[still]\n|-fail|p1a: Forbidden Fruit\n|\n|-heal|p1a: Forbidden Fruit|77\/100|[from] move: Wish|[wisher] Forbidden Fruit\n|-heal|p1a: Forbidden Fruit|83\/100|[from] item: Leftovers\n|upkeep\n|turn|16\n|\n|t:|1700898150\n|move|p1a: Forbidden Fruit|Toxic|p2a: Slowking\n|-status|p2a: Slowking|tox\n|move|p2a: Slowking|Trick Room|p2a: Slowking\n|-fieldstart|move: Trick Room|[of] p2a: Slowking\n|\n|-heal|p1a: Forbidden Fruit|89\/100|[from] item: Leftovers\n|-damage|p2a: Slowking|41\/100 tox|[from] psn\n|upkeep\n|turn|17\n|\n|t:|1700898152\n|move|p1a: Forbidden Fruit|Wish|p1a: Forbidden Fruit\n|move|p2a: Slowking|Teleport|p2a: Slowking\n|\n|t:|1700898154\n|switch|p2a: Ursaluna|Ursaluna, F, tera:Normal|46\/100 brn|[from] Teleport\n|\n|-heal|p1a: Forbidden Fruit|95\/100|[from] item: Leftovers\n|-damage|p2a: Ursaluna|40\/100 brn|[from] brn\n|upkeep\n|turn|18\n|\n|t:|1700898162\n|move|p2a: Ursaluna|Facade|p1a: Forbidden Fruit\n|-damage|p1a: Forbidden Fruit|0 fnt\n|faint|p1a: Forbidden Fruit\n|\n|-damage|p2a: Ursaluna|33\/100 brn|[from] brn\n|-fieldend|move: Electric Terrain\n|upkeep\n|-message|A Ira de Deus forfeited.\n|\n|win|baigu2\n|raw|A Ira de Deus's rating: 1740 &rarr; <strong>1726<\/strong><br \/>(-14 for losing)\n|raw|baigu2's rating: 1847 &rarr; <strong>1861<\/strong><br \/>(+14 for winning)\n|l|\u2606A Ira de Deus\n","uploadtime":1700898171,"views":1,"p1id":"airadedeus","p2id":"baigu2","formatid":"gen9nationaldex","rating":1726,"private":0,"password":""}