{"id":"gen9nationaldex-1993783389","p1":"Rangufan77","p2":"Mr300Milesof","format":"[Gen 9] National Dex","log":"|j|\u2606Rangufan77\n|j|\u2606Mr300Milesof\n|t:|1700356753\n|gametype|singles\n|player|p1|Rangufan77|hugh|1329\n|player|p2|Mr300Milesof|acerola|1351\n|teamsize|p1|6\n|teamsize|p2|6\n|gen|9\n|tier|[Gen 9] National Dex\n|rated|\n|rule|HP Percentage Mod: HP is shown in percentages\n|rule|Endless Battle Clause: Forcing endless battles is banned\n|rule|OHKO Clause: OHKO moves are banned\n|rule|Evasion Clause: Evasion abilities, items, and moves are banned\n|rule|Evasion Abilities Clause: Evasion abilities are banned\n|rule|Evasion Items Clause: Evasion items are banned\n|rule|Evasion Moves Clause: Evasion moves are banned\n|rule|Species Clause: Limit one of each Pok\u00e9mon\n|rule|Sleep Clause Mod: Limit one foe put to sleep\n|clearpoke\n|poke|p1|Cinderace, M|\n|poke|p1|Galvantula, F|\n|poke|p1|Garganacl, M|\n|poke|p1|Greninja-*, M|\n|poke|p1|Sneasler, F|\n|poke|p1|Lopunny, M|\n|poke|p2|Vileplume, F|\n|poke|p2|Tapu Fini|\n|poke|p2|Mew|\n|poke|p2|Cinderace, M|\n|poke|p2|Galvantula, F|\n|poke|p2|Beedrill, F|\n|teampreview\n|\n|t:|1700356768\n|start\n|switch|p1a: Cinderace|Cinderace, M|100\/100\n|switch|p2a: Beedrill|Beedrill, F|100\/100\n|turn|1\n|inactive|Battle timer is ON: inactive players will automatically lose when time's up. (requested by Rangufan77)\n|\n|t:|1700356781\n|switch|p2a: Tapu Fini|Tapu Fini|100\/100\n|-fieldstart|move: Misty Terrain|[from] ability: Misty Surge|[of] p2a: Tapu Fini\n|move|p1a: Cinderace|Pyro Ball|p2a: Tapu Fini\n|-resisted|p2a: Tapu Fini\n|-damage|p2a: Tapu Fini|71\/100\n|\n|upkeep\n|turn|2\n|\n|t:|1700356795\n|move|p2a: Tapu Fini|Surf|p1a: Cinderace\n|-supereffective|p1a: Cinderace\n|-damage|p1a: Cinderace|0 fnt\n|faint|p1a: Cinderace\n|\n|upkeep\n|j| Bayern72915\n|\n|t:|1700356803\n|switch|p1a: Galvantula|Galvantula, F|100\/100\n|turn|3\n|\n|t:|1700356812\n|switch|p2a: Cinderace|Cinderace, M|100\/100\n|move|p1a: Galvantula|Sticky Web|p2a: Cinderace\n|-sidestart|p2: Mr300Milesof|move: Sticky Web\n|\n|upkeep\n|turn|4\n|\n|t:|1700356817\n|move|p2a: Cinderace|Pyro Ball|p1a: Galvantula|[miss]\n|-miss|p2a: Cinderace|p1a: Galvantula\n|move|p1a: Galvantula|Thunder|p2a: Cinderace\n|-crit|p2a: Cinderace\n|-damage|p2a: Cinderace|0 fnt\n|faint|p2a: Cinderace\n|\n|upkeep\n|\n|t:|1700356824\n|switch|p2a: Galvantula|Galvantula, F|100\/100\n|-activate|p2a: Galvantula|move: Sticky Web\n|-unboost|p2a: Galvantula|spe|1\n|turn|5\n|c|\u2606Rangufan77|one cinderace for other cinderace\n|\n|t:|1700356840\n|move|p1a: Galvantula|Thunder|p2a: Galvantula\n|-resisted|p2a: Galvantula\n|-damage|p2a: Galvantula|56\/100\n|move|p2a: Galvantula|Sticky Web|p1a: Galvantula\n|-sidestart|p1: Rangufan77|move: Sticky Web\n|\n|-fieldend|Misty Terrain\n|upkeep\n|turn|6\n|\n|t:|1700356846\n|move|p1a: Galvantula|Thunder|p2a: Galvantula\n|-resisted|p2a: Galvantula\n|-damage|p2a: Galvantula|14\/100\n|move|p2a: Galvantula|Thunder|p1a: Galvantula\n|-resisted|p1a: Galvantula\n|-damage|p1a: Galvantula|61\/100\n|\n|upkeep\n|turn|7\n|\n|t:|1700356857\n|switch|p2a: Vileplume|Vileplume, F|100\/100\n|-activate|p2a: Vileplume|move: Sticky Web\n|-unboost|p2a: Vileplume|spe|1\n|move|p1a: Galvantula|Bug Buzz|p2a: Vileplume\n|-damage|p2a: Vileplume|61\/100\n|-unboost|p2a: Vileplume|spd|1\n|\n|upkeep\n|turn|8\n|\n|t:|1700356867\n|move|p1a: Galvantula|Thunder|p2a: Vileplume\n|-resisted|p2a: Vileplume\n|-damage|p2a: Vileplume|25\/100\n|move|p2a: Vileplume|Strength Sap|p1a: Galvantula\n|-unboost|p1a: Galvantula|atk|1\n|-heal|p2a: Vileplume|65\/100\n|\n|upkeep\n|turn|9\n|l| Bayern72915\n|\n|t:|1700356877\n|move|p1a: Galvantula|Bug Buzz|p2a: Vileplume\n|-damage|p2a: Vileplume|5\/100\n|move|p2a: Vileplume|Sleep Powder|p1a: Galvantula\n|-status|p1a: Galvantula|slp|[from] move: Sleep Powder\n|\n|upkeep\n|turn|10\n|\n|t:|1700356887\n|switch|p1a: Garganacl|Garganacl, M|100\/100\n|-activate|p1a: Garganacl|move: Sticky Web\n|-unboost|p1a: Garganacl|spe|1\n|move|p2a: Vileplume|Sludge Bomb|p1a: Garganacl\n|-resisted|p1a: Garganacl\n|-damage|p1a: Garganacl|89\/100\n|\n|-heal|p1a: Garganacl|95\/100|[from] item: Leftovers\n|upkeep\n|turn|11\n|\n|t:|1700356896\n|move|p2a: Vileplume|Strength Sap|p1a: Garganacl\n|-unboost|p1a: Garganacl|atk|1\n|-heal|p2a: Vileplume|72\/100\n|move|p1a: Garganacl|Salt Cure|p2a: Vileplume\n|-damage|p2a: Vileplume|65\/100\n|-start|p2a: Vileplume|Salt Cure\n|\n|-heal|p1a: Garganacl|100\/100|[from] item: Leftovers\n|-damage|p2a: Vileplume|53\/100|[from] Salt Cure\n|upkeep\n|turn|12\n|\n|t:|1700356907\n|move|p2a: Vileplume|Giga Drain|p1a: Garganacl\n|-supereffective|p1a: Garganacl\n|-damage|p1a: Garganacl|65\/100\n|-heal|p2a: Vileplume|73\/100|[from] drain|[of] p1a: Garganacl\n|move|p1a: Garganacl|Salt Cure|p2a: Vileplume\n|-damage|p2a: Vileplume|65\/100\n|\n|-heal|p1a: Garganacl|71\/100|[from] item: Leftovers\n|-damage|p2a: Vileplume|53\/100|[from] Salt Cure\n|upkeep\n|turn|13\n|\n|t:|1700356918\n|switch|p2a: fetus|Mew|100\/100\n|-activate|p2a: fetus|move: Sticky Web\n|-unboost|p2a: fetus|spe|1\n|switch|p1a: Sneasler|Sneasler, F|100\/100\n|-activate|p1a: Sneasler|move: Sticky Web\n|-unboost|p1a: Sneasler|spe|1\n|-enditem|p1a: Sneasler|White Herb\n|-clearnegativeboost|p1a: Sneasler|[silent]\n|\n|upkeep\n|turn|14\n|\n|t:|1700356927\n|move|p1a: Sneasler|Fake Out|p2a: fetus\n|-damage|p2a: fetus|87\/100\n|move|p2a: fetus|Cosmic Power|p2a: fetus\n|-boost|p2a: fetus|def|1\n|-boost|p2a: fetus|spd|1\n|\n|upkeep\n|turn|15\n|\n|t:|1700356934\n|move|p1a: Sneasler|Dire Claw|p2a: fetus\n|-damage|p2a: fetus|63\/100\n|move|p2a: fetus|Cosmic Power|p2a: fetus\n|-boost|p2a: fetus|def|1\n|-boost|p2a: fetus|spd|1\n|\n|upkeep\n|turn|16\n|\n|t:|1700356941\n|switch|p1a: Greninja|Greninja, M|100\/100\n|-activate|p1a: Greninja|move: Sticky Web\n|-unboost|p1a: Greninja|spe|1\n|move|p2a: fetus|Soft-Boiled|p2a: fetus\n|-heal|p2a: fetus|100\/100\n|\n|upkeep\n|turn|17\n|\n|t:|1700356949\n|-terastallize|p2a: fetus|Poison\n|move|p1a: Greninja|Dark Pulse|p2a: fetus\n|-damage|p2a: fetus|89\/100\n|move|p2a: fetus|Body Press|p1a: Greninja\n|-supereffective|p1a: Greninja\n|-damage|p1a: Greninja|0 fnt\n|faint|p1a: Greninja\n|\n|upkeep\n|\n|t:|1700356957\n|switch|p1a: Garganacl|Garganacl, M|71\/100\n|-activate|p1a: Garganacl|move: Sticky Web\n|-unboost|p1a: Garganacl|spe|1\n|turn|18\n|\n|t:|1700356962\n|-terastallize|p1a: Garganacl|Ghost\n|move|p2a: fetus|Cosmic Power|p2a: fetus\n|-boost|p2a: fetus|def|1\n|-boost|p2a: fetus|spd|1\n|move|p1a: Garganacl|Salt Cure|p2a: fetus\n|-damage|p2a: fetus|84\/100\n|\n|-heal|p1a: Garganacl|77\/100|[from] item: Leftovers\n|upkeep\n|turn|19\n|-message|Rangufan77 forfeited.\n|\n|win|Mr300Milesof\n|raw|Rangufan77's rating: 1329 &rarr; <strong>1310<\/strong><br \/>(-19 for losing)\n|raw|Mr300Milesof's rating: 1351 &rarr; <strong>1370<\/strong><br \/>(+19 for winning)\n|l|\u2606Rangufan77\n","uploadtime":1700356981,"views":17,"p1id":"rangufan77","p2id":"mr300milesof","formatid":"gen9nationaldex","rating":1310,"private":0,"password":""}