{"id":"gen9nationaldex-1987812728","p1":"TheAlphaPyro","p2":"TrueMercer","format":"[Gen 9] National Dex","log":"|j|\u2606TheAlphaPyro\n|j|\u2606TrueMercer\n|t:|1699639162\n|gametype|singles\n|player|p1|TheAlphaPyro|cynthia|\n|player|p2|TrueMercer|265|\n|teamsize|p1|6\n|teamsize|p2|6\n|gen|9\n|tier|[Gen 9] National Dex\n|rule|HP Percentage Mod: HP is shown in percentages\n|rule|Endless Battle Clause: Forcing endless battles is banned\n|rule|OHKO Clause: OHKO moves are banned\n|rule|Evasion Clause: Evasion abilities, items, and moves are banned\n|rule|Evasion Abilities Clause: Evasion abilities are banned\n|rule|Evasion Items Clause: Evasion items are banned\n|rule|Evasion Moves Clause: Evasion moves are banned\n|rule|Species Clause: Limit one of each Pok\u00e9mon\n|rule|Sleep Clause Mod: Limit one foe put to sleep\n|clearpoke\n|poke|p1|Torterra, M|\n|poke|p1|Excadrill, M|\n|poke|p1|Garchomp, F|\n|poke|p1|Tyranitar, F|\n|poke|p1|Rotom-Wash|\n|poke|p1|Glimmora, M|\n|poke|p2|Venusaur, M|\n|poke|p2|Klefki, F|\n|poke|p2|Quagsire, M|\n|poke|p2|Dragonite, M|\n|poke|p2|Xatu, M|\n|poke|p2|Greninja-*, F|\n|teampreview\n|inactive|Battle timer is ON: inactive players will automatically lose when time's up. (requested by TrueMercer)\n|\n|t:|1699639176\n|start\n|switch|p1a: Glimmora|Glimmora, M|100\/100\n|switch|p2a: Klefki|Klefki, F|100\/100\n|turn|1\n|\n|t:|1699639187\n|move|p2a: Klefki|Reflect|p2a: Klefki\n|-sidestart|p2: TrueMercer|Reflect\n|move|p1a: Glimmora|Stealth Rock|p2a: Klefki\n|-sidestart|p2: TrueMercer|move: Stealth Rock\n|\n|upkeep\n|turn|2\n|\n|t:|1699639194\n|switch|p2a: Xatu|Xatu, M|100\/100\n|move|p1a: Glimmora|Mortal Spin|p2a: Xatu\n|-damage|p2a: Xatu|98\/100\n|-status|p2a: Xatu|psn\n|\n|-damage|p2a: Xatu|86\/100 psn|[from] psn\n|upkeep\n|turn|3\n|\n|t:|1699639204\n|move|p1a: Glimmora|Spiky Shield|p1a: Glimmora\n|-singleturn|p1a: Glimmora|move: Protect\n|move|p2a: Xatu|Defog|p1a: Glimmora\n|-activate|p1a: Glimmora|move: Protect\n|\n|-damage|p2a: Xatu|73\/100 psn|[from] psn\n|upkeep\n|turn|4\n|\n|t:|1699639227\n|move|p1a: Glimmora|Mortal Spin|p2a: Xatu\n|-crit|p2a: Xatu\n|-damage|p2a: Xatu|64\/100 psn\n|move|p2a: Xatu|Defog|p1a: Glimmora\n|-unboost|p1a: Glimmora|evasion|1\n|-sideend|p2: TrueMercer|Stealth Rock|[from] move: Defog|[of] p2a: Xatu\n|\n|-damage|p2a: Xatu|52\/100 psn|[from] psn\n|upkeep\n|turn|5\n|\n|t:|1699639239\n|switch|p2a: Venusaur|Venusaur, M|100\/100\n|move|p1a: Glimmora|Stealth Rock|p2a: Venusaur\n|-sidestart|p2: TrueMercer|move: Stealth Rock\n|\n|upkeep\n|turn|6\n|\n|t:|1699639249\n|move|p1a: Glimmora|Spiky Shield|p1a: Glimmora\n|-singleturn|p1a: Glimmora|move: Protect\n|move|p2a: Venusaur|Giga Drain|p1a: Glimmora\n|-activate|p1a: Glimmora|move: Protect\n|\n|upkeep\n|turn|7\n|\n|t:|1699639261\n|switch|p1a: Torterra|Torterra, M|100\/100\n|move|p2a: Venusaur|Leech Seed|p1a: Torterra\n|-immune|p1a: Torterra\n|\n|upkeep\n|turn|8\n|\n|t:|1699639286\n|switch|p2a: Greninja|Greninja, F|100\/100\n|-damage|p2a: Greninja|88\/100|[from] Stealth Rock\n|-terastallize|p1a: Torterra|Ice\n|move|p1a: Torterra|Tera Blast|p2a: Greninja|[anim] Tera Blast Ice\n|-resisted|p2a: Greninja\n|-damage|p2a: Greninja|63\/100\n|\n|-sideend|p2: TrueMercer|Reflect\n|upkeep\n|turn|9\n|inactive|TheAlphaPyro has 270 seconds left.\n|\n|t:|1699639317\n|move|p2a: Greninja|U-turn|p1a: Torterra\n|-start|p2a: Greninja|typechange|Bug|[from] ability: Protean\n|-damage|p1a: Torterra|78\/100\n|\n|t:|1699639325\n|switch|p2a: Klefki|Klefki, F|100\/100|[from] U-turn\n|-damage|p2a: Klefki|95\/100|[from] Stealth Rock\n|move|p1a: Torterra|Energy Ball|p2a: Klefki\n|-resisted|p2a: Klefki\n|-damage|p2a: Klefki|72\/100\n|\n|-heal|p1a: Torterra|84\/100|[from] item: Leftovers\n|upkeep\n|turn|10\n|inactive|TheAlphaPyro has 270 seconds left.\n|\n|t:|1699639343\n|move|p2a: Klefki|Reflect|p2a: Klefki\n|-sidestart|p2: TrueMercer|Reflect\n|move|p1a: Torterra|Earth Power|p2a: Klefki\n|-supereffective|p2a: Klefki\n|-damage|p2a: Klefki|0 fnt\n|faint|p2a: Klefki\n|\n|-heal|p1a: Torterra|90\/100|[from] item: Leftovers\n|upkeep\n|\n|t:|1699639352\n|switch|p2a: Dragonite|Dragonite, M|100\/100\n|turn|11\n|\n|t:|1699639356\n|move|p2a: Dragonite|Dragon Dance|p2a: Dragonite\n|-boost|p2a: Dragonite|atk|1\n|-boost|p2a: Dragonite|spe|1\n|move|p1a: Torterra|Tera Blast|p2a: Dragonite|[anim] Tera Blast Ice\n|-supereffective|p2a: Dragonite\n|-damage|p2a: Dragonite|44\/100\n|\n|-heal|p1a: Torterra|96\/100|[from] item: Leftovers\n|upkeep\n|turn|12\n|\n|t:|1699639378\n|-terastallize|p2a: Dragonite|Normal\n|move|p2a: Dragonite|Roost|p2a: Dragonite\n|-heal|p2a: Dragonite|94\/100\n|move|p1a: Torterra|Tera Blast|p2a: Dragonite|[anim] Tera Blast Ice\n|-damage|p2a: Dragonite|61\/100\n|\n|-heal|p1a: Torterra|100\/100|[from] item: Leftovers\n|upkeep\n|turn|13\n|inactive|TheAlphaPyro has 270 seconds left.\n|\n|t:|1699639397\n|move|p2a: Dragonite|Dragon Dance|p2a: Dragonite\n|-boost|p2a: Dragonite|atk|1\n|-boost|p2a: Dragonite|spe|1\n|move|p1a: Torterra|Body Press|p2a: Dragonite\n|-supereffective|p2a: Dragonite\n|-damage|p2a: Dragonite|42\/100\n|\n|upkeep\n|turn|14\n|inactive|TheAlphaPyro has 270 seconds left.\n|\n|t:|1699639414\n|move|p2a: Dragonite|Roost|p2a: Dragonite\n|-heal|p2a: Dragonite|92\/100\n|move|p1a: Torterra|Body Press|p2a: Dragonite\n|-supereffective|p2a: Dragonite\n|-damage|p2a: Dragonite|73\/100\n|\n|upkeep\n|turn|15\n|inactive|TheAlphaPyro has 270 seconds left.\n|inactive|TheAlphaPyro has 240 seconds left.\n|\n|t:|1699639479\n|move|p2a: Dragonite|Dragon Dance|p2a: Dragonite\n|-boost|p2a: Dragonite|atk|1\n|-boost|p2a: Dragonite|spe|1\n|move|p1a: Torterra|Body Press|p2a: Dragonite\n|-supereffective|p2a: Dragonite\n|-damage|p2a: Dragonite|53\/100\n|\n|upkeep\n|turn|16\n|inactive|TheAlphaPyro has 210 seconds left.\n|\n|t:|1699639496\n|move|p2a: Dragonite|Extreme Speed|p1a: Torterra\n|-damage|p1a: Torterra|0 fnt\n|faint|p1a: Torterra\n|\n|upkeep\n|inactive|TheAlphaPyro has 210 seconds left.\n|\n|t:|1699639502\n|switch|p1a: Glimmora|Glimmora, M|100\/100\n|turn|17\n|\n|t:|1699639509\n|move|p1a: Glimmora|Spiky Shield|p1a: Glimmora\n|-singleturn|p1a: Glimmora|move: Protect\n|move|p2a: Dragonite|Earthquake|p1a: Glimmora\n|-activate|p1a: Glimmora|move: Protect\n|\n|-sideend|p2: TrueMercer|Reflect\n|upkeep\n|turn|18\n|\n|t:|1699639517\n|move|p2a: Dragonite|Earthquake|p1a: Glimmora\n|-supereffective|p1a: Glimmora\n|-damage|p1a: Glimmora|0 fnt\n|-activate|p1a: Glimmora|ability: Toxic Debris\n|-sidestart|p2: TrueMercer|move: Toxic Spikes\n|faint|p1a: Glimmora\n|\n|upkeep\n|inactive|TheAlphaPyro has 210 seconds left.\n|\n|t:|1699639546\n|switch|p1a: Excadrill|Excadrill, M|100\/100\n|turn|19\n|\n|t:|1699639551\n|move|p2a: Dragonite|Earthquake|p1a: Excadrill\n|-supereffective|p1a: Excadrill\n|-damage|p1a: Excadrill|0 fnt\n|faint|p1a: Excadrill\n|\n|upkeep\n|inactive|TheAlphaPyro has 210 seconds left.\n|\n|t:|1699639561\n|switch|p1a: Rotom|Rotom-Wash|100\/100\n|turn|20\n|\n|t:|1699639563\n|move|p2a: Dragonite|Extreme Speed|p1a: Rotom\n|-damage|p1a: Rotom|0 fnt\n|faint|p1a: Rotom\n|\n|upkeep\n|\n|t:|1699639576\n|switch|p1a: Tyranitar|Tyranitar, F|100\/100\n|-weather|Sandstorm|[from] ability: Sand Stream|[of] p1a: Tyranitar\n|turn|21\n|\n|t:|1699639583\n|move|p2a: Dragonite|Earthquake|p1a: Tyranitar\n|-supereffective|p1a: Tyranitar\n|-damage|p1a: Tyranitar|0 fnt\n|faint|p1a: Tyranitar\n|\n|-weather|Sandstorm|[upkeep]\n|-damage|p2a: Dragonite|47\/100|[from] Sandstorm\n|upkeep\n|\n|t:|1699639590\n|switch|p1a: Garchomp|Garchomp, F|100\/100\n|turn|22\n|\n|t:|1699639595\n|move|p2a: Dragonite|Extreme Speed|p1a: Garchomp\n|-damage|p1a: Garchomp|0 fnt\n|-damage|p2a: Dragonite|35\/100|[from] ability: Rough Skin|[of] p1a: Garchomp\n|faint|p1a: Garchomp\n|\n|win|TrueMercer\n","uploadtime":1699639706,"views":16,"p1id":"thealphapyro","p2id":"truemercer","formatid":"gen9nationaldex","rating":0,"private":0,"password":""}