{"id":"gen9nationaldex-1996629492","p1":"PkmnMstr28494","p2":"Zippybud5","format":"[Gen 9] National Dex","log":"|html|<div class=\"broadcast-blue\"><strong>[Gen 9] National Dex is currently suspecting Sneasler! For information on how to participate check out the <a href=\"https:\/\/www.smogon.com\/forums\/threads\/sv-national-dex-suspect-8-just-dance.3731534\/\">suspect thread<\/a>.<\/strong><\/div>\n|j|\u2606PkmnMstr28494\n|j|\u2606Zippybud5\n|t:|1700702623\n|gametype|singles\n|player|p1|PkmnMstr28494|265|1088\n|player|p2|Zippybud5|169|1112\n|teamsize|p1|6\n|teamsize|p2|6\n|gen|9\n|tier|[Gen 9] National Dex\n|rated|\n|rule|HP Percentage Mod: HP is shown in percentages\n|rule|Endless Battle Clause: Forcing endless battles is banned\n|rule|OHKO Clause: OHKO moves are banned\n|rule|Evasion Clause: Evasion abilities, items, and moves are banned\n|rule|Evasion Abilities Clause: Evasion abilities are banned\n|rule|Evasion Items Clause: Evasion items are banned\n|rule|Evasion Moves Clause: Evasion moves are banned\n|rule|Species Clause: Limit one of each Pok\u00e9mon\n|rule|Sleep Clause Mod: Limit one foe put to sleep\n|clearpoke\n|poke|p1|Tyranitar, F|\n|poke|p1|Excadrill, M|\n|poke|p1|Blissey, F|\n|poke|p1|Skarmory, F|\n|poke|p1|Tangrowth, M|\n|poke|p1|Reuniclus, F|\n|poke|p2|Magmortar, F|\n|poke|p2|Toxicroak, M|\n|poke|p2|Ampharos, F|\n|poke|p2|Munkidori, M|\n|poke|p2|Slowbro, F|\n|poke|p2|Blastoise, M|\n|teampreview\n|\n|t:|1700702648\n|start\n|switch|p1a: Blissey|Blissey, F|100\/100\n|switch|p2a: Magmortar|Magmortar, F|100\/100\n|turn|1\n|\n|t:|1700702657\n|-terastallize|p2a: Magmortar|Steel\n|move|p2a: Magmortar|Power-Up Punch|p1a: Blissey\n|-supereffective|p1a: Blissey\n|-damage|p1a: Blissey|81\/100\n|-boost|p2a: Magmortar|atk|1\n|move|p1a: Blissey|Thunder Wave|p2a: Magmortar\n|-status|p2a: Magmortar|par\n|\n|upkeep\n|turn|2\n|\n|t:|1700702669\n|switch|p1a: Reuniclus|Reuniclus, F|100\/100\n|cant|p2a: Magmortar|par\n|\n|upkeep\n|turn|3\n|inactive|Battle timer is ON: inactive players will automatically lose when time's up. (requested by PkmnMstr28494)\n|\n|t:|1700702685\n|move|p2a: Magmortar|Iron Tail|p1a: Reuniclus\n|-damage|p1a: Reuniclus|51\/100\n|move|p1a: Reuniclus|Calm Mind|p1a: Reuniclus\n|-boost|p1a: Reuniclus|spa|1\n|-boost|p1a: Reuniclus|spd|1\n|\n|upkeep\n|turn|4\n|\n|t:|1700702691\n|cant|p2a: Magmortar|par\n|move|p1a: Reuniclus|Recover|p1a: Reuniclus\n|-heal|p1a: Reuniclus|100\/100\n|\n|upkeep\n|turn|5\n|\n|t:|1700702697\n|move|p2a: Magmortar|Iron Tail|p1a: Reuniclus\n|-damage|p1a: Reuniclus|52\/100\n|move|p1a: Reuniclus|Focus Blast|p2a: Magmortar\n|-supereffective|p2a: Magmortar\n|-damage|p2a: Magmortar|0 fnt\n|faint|p2a: Magmortar\n|\n|upkeep\n|\n|t:|1700702717\n|switch|p2a: Toxicroak|Toxicroak, M|100\/100\n|-ability|p2a: Toxicroak|Anticipation\n|turn|6\n|\n|t:|1700702728\n|switch|p1a: Skarmory|Skarmory, F|100\/100\n|move|p2a: Toxicroak|Nasty Plot|p2a: Toxicroak\n|-boost|p2a: Toxicroak|spa|2\n|\n|upkeep\n|turn|7\n|\n|t:|1700702736\n|-terastallize|p1a: Skarmory|Fighting\n|move|p2a: Toxicroak|Dark Pulse|p1a: Skarmory\n|-resisted|p1a: Skarmory\n|-damage|p1a: Skarmory|68\/100\n|move|p1a: Skarmory|Body Press|p2a: Toxicroak\n|-resisted|p2a: Toxicroak\n|-damage|p2a: Toxicroak|69\/100\n|\n|upkeep\n|turn|8\n|\n|t:|1700702746\n|move|p2a: Toxicroak|Sludge Wave|p1a: Skarmory\n|-damage|p1a: Skarmory|0 fnt\n|faint|p1a: Skarmory\n|\n|upkeep\n|\n|t:|1700702749\n|switch|p1a: Blissey|Blissey, F|81\/100\n|turn|9\n|\n|t:|1700702758\n|move|p2a: Toxicroak|Focus Blast|p1a: Blissey\n|-supereffective|p1a: Blissey\n|-damage|p1a: Blissey|9\/100\n|move|p1a: Blissey|Thunder Wave|p2a: Toxicroak|[miss]\n|-miss|p1a: Blissey|p2a: Toxicroak\n|\n|upkeep\n|turn|10\n|\n|t:|1700702766\n|move|p2a: Toxicroak|Sludge Wave|p1a: Blissey\n|-damage|p1a: Blissey|0 fnt\n|faint|p1a: Blissey\n|\n|upkeep\n|\n|t:|1700702771\n|switch|p1a: Tyranitar|Tyranitar, F|100\/100\n|-weather|Sandstorm|[from] ability: Sand Stream|[of] p1a: Tyranitar\n|turn|11\n|\n|t:|1700702779\n|move|p2a: Toxicroak|Focus Blast|p1a: Tyranitar\n|-supereffective|p1a: Tyranitar\n|-damage|p1a: Tyranitar|0 fnt\n|faint|p1a: Tyranitar\n|\n|-weather|Sandstorm|[upkeep]\n|-damage|p2a: Toxicroak|63\/100|[from] Sandstorm\n|upkeep\n|\n|t:|1700702781\n|switch|p1a: Excadrill|Excadrill, M|100\/100\n|turn|12\n|\n|t:|1700702789\n|switch|p2a: Slowbro|Slowbro, F|100\/100\n|move|p1a: Excadrill|Earthquake|p2a: Slowbro\n|-damage|p2a: Slowbro|62\/100\n|\n|-weather|Sandstorm|[upkeep]\n|-damage|p2a: Slowbro|56\/100|[from] Sandstorm\n|-heal|p2a: Slowbro|62\/100|[from] item: Leftovers\n|upkeep\n|turn|13\n|\n|t:|1700702800\n|switch|p1a: Tangrowth|Tangrowth, M|100\/100\n|move|p2a: Slowbro|Chilling Water|p1a: Tangrowth\n|-resisted|p1a: Tangrowth\n|-damage|p1a: Tangrowth|91\/100\n|-unboost|p1a: Tangrowth|atk|1\n|\n|-weather|Sandstorm|[upkeep]\n|-damage|p1a: Tangrowth|84\/100|[from] Sandstorm\n|-damage|p2a: Slowbro|56\/100|[from] Sandstorm\n|-heal|p2a: Slowbro|62\/100|[from] item: Leftovers\n|upkeep\n|turn|14\n|\n|t:|1700702816\n|switch|p2a: Blastoise|Blastoise, M|100\/100\n|move|p1a: Tangrowth|Ancient Power|p2a: Blastoise\n|-damage|p2a: Blastoise|79\/100\n|\n|-weather|Sandstorm|[upkeep]\n|-damage|p2a: Blastoise|73\/100|[from] Sandstorm\n|-damage|p1a: Tangrowth|78\/100|[from] Sandstorm\n|upkeep\n|turn|15\n|\n|t:|1700702825\n|move|p2a: Blastoise|Flash Cannon|p1a: Tangrowth\n|-damage|p1a: Tangrowth|59\/100\n|move|p1a: Tangrowth|Ancient Power|p2a: Blastoise\n|-damage|p2a: Blastoise|55\/100\n|\n|-weather|Sandstorm|[upkeep]\n|-damage|p2a: Blastoise|49\/100|[from] Sandstorm\n|-damage|p1a: Tangrowth|53\/100|[from] Sandstorm\n|upkeep\n|turn|16\n|\n|t:|1700702836\n|move|p2a: Blastoise|Flash Cannon|p1a: Tangrowth\n|-damage|p1a: Tangrowth|35\/100\n|move|p1a: Tangrowth|Giga Drain|p2a: Blastoise\n|-supereffective|p2a: Blastoise\n|-damage|p2a: Blastoise|0 fnt\n|-heal|p1a: Tangrowth|54\/100|[from] drain|[of] p2a: Blastoise\n|faint|p2a: Blastoise\n|\n|-weather|Sandstorm|[upkeep]\n|-damage|p1a: Tangrowth|48\/100|[from] Sandstorm\n|upkeep\n|\n|t:|1700702846\n|switch|p2a: Toxicroak|Toxicroak, M|63\/100\n|turn|17\n|\n|t:|1700702850\n|switch|p1a: Excadrill|Excadrill, M|100\/100\n|move|p2a: Toxicroak|Focus Blast|p1a: Excadrill|[miss]\n|-miss|p2a: Toxicroak|p1a: Excadrill\n|\n|-weather|Sandstorm|[upkeep]\n|-damage|p2a: Toxicroak|57\/100|[from] Sandstorm\n|upkeep\n|turn|18\n|\n|t:|1700702866\n|switch|p2a: Slowbro|Slowbro, F|95\/100\n|move|p1a: Excadrill|Earthquake|p2a: Slowbro\n|-damage|p2a: Slowbro|55\/100\n|\n|-weather|none\n|-heal|p2a: Slowbro|62\/100|[from] item: Leftovers\n|upkeep\n|turn|19\n|\n|t:|1700702877\n|move|p1a: Excadrill|Swords Dance|p1a: Excadrill\n|-boost|p1a: Excadrill|atk|2\n|move|p2a: Slowbro|Yawn|p1a: Excadrill\n|-start|p1a: Excadrill|move: Yawn|[of] p2a: Slowbro\n|\n|-heal|p2a: Slowbro|68\/100|[from] item: Leftovers\n|upkeep\n|turn|20\n|\n|t:|1700702886\n|switch|p1a: Tangrowth|Tangrowth, M|81\/100\n|switch|p2a: Toxicroak|Toxicroak, M|57\/100\n|\n|upkeep\n|turn|21\n|\n|t:|1700702895\n|switch|p1a: Reuniclus|Reuniclus, F|52\/100\n|move|p2a: Toxicroak|Focus Blast|p1a: Reuniclus|[miss]\n|-miss|p2a: Toxicroak|p1a: Reuniclus\n|\n|upkeep\n|turn|22\n|\n|t:|1700702901\n|move|p2a: Toxicroak|Dark Pulse|p1a: Reuniclus\n|-supereffective|p1a: Reuniclus\n|-crit|p1a: Reuniclus\n|-damage|p1a: Reuniclus|0 fnt\n|faint|p1a: Reuniclus\n|\n|upkeep\n|\n|t:|1700702904\n|switch|p1a: Excadrill|Excadrill, M|100\/100\n|turn|23\n|\n|t:|1700702923\n|move|p1a: Excadrill|Swords Dance|p1a: Excadrill\n|-boost|p1a: Excadrill|atk|2\n|move|p2a: Toxicroak|Focus Blast|p1a: Excadrill\n|-supereffective|p1a: Excadrill\n|-damage|p1a: Excadrill|0 fnt\n|faint|p1a: Excadrill\n|\n|upkeep\n|\n|t:|1700702929\n|switch|p1a: Tangrowth|Tangrowth, M|100\/100\n|turn|24\n|-message|PkmnMstr28494 forfeited.\n|\n|win|Zippybud5\n|raw|PkmnMstr28494's rating: 1088 &rarr; <strong>1066<\/strong><br \/>(-22 for losing)\n|raw|Zippybud5's rating: 1112 &rarr; <strong>1135<\/strong><br \/>(+23 for winning)\n","uploadtime":1700702944,"views":1,"p1id":"pkmnmstr28494","p2id":"zippybud5","formatid":"gen9nationaldex","rating":1066,"private":0,"password":""}