{"id":"gen9nationaldex-1988535636","p1":"DeathRayKPK","p2":"Omarnyte","format":"[Gen 9] National Dex","log":"|j|\u2606DeathRayKPK\n|j|\u2606Omarnyte\n|t:|1699733414\n|gametype|singles\n|player|p1|DeathRayKPK|102|1358\n|player|p2|Omarnyte|266|1334\n|teamsize|p1|6\n|teamsize|p2|6\n|gen|9\n|tier|[Gen 9] National Dex\n|rated|\n|rule|HP Percentage Mod: HP is shown in percentages\n|rule|Endless Battle Clause: Forcing endless battles is banned\n|rule|OHKO Clause: OHKO moves are banned\n|rule|Evasion Clause: Evasion abilities, items, and moves are banned\n|rule|Evasion Abilities Clause: Evasion abilities are banned\n|rule|Evasion Items Clause: Evasion items are banned\n|rule|Evasion Moves Clause: Evasion moves are banned\n|rule|Species Clause: Limit one of each Pok\u00e9mon\n|rule|Sleep Clause Mod: Limit one foe put to sleep\n|clearpoke\n|poke|p1|Pelipper, M|\n|poke|p1|Salamence, M|\n|poke|p1|Barraskewda, M|\n|poke|p1|Xurkitree|\n|poke|p1|Gliscor, M|\n|poke|p1|Ferrothorn, M|\n|poke|p2|Gallade, M|\n|poke|p2|Mamoswine, F|\n|poke|p2|Gengar, M|\n|poke|p2|Tauros, M|\n|poke|p2|Omastar, M|\n|poke|p2|Decidueye, M|\n|teampreview\n|\n|t:|1699733418\n|start\n|switch|p1a: Pelipper|Pelipper, M|100\/100\n|switch|p2a: Gallade|Gallade, M, shiny|100\/100\n|-weather|RainDance|[from] ability: Drizzle|[of] p1a: Pelipper\n|turn|1\n|\n|t:|1699733438\n|detailschange|p2a: Gallade|Gallade-Mega, M, shiny\n|-mega|p2a: Gallade|Gallade|Galladite\n|move|p2a: Gallade|Thunder Punch|p1a: Pelipper\n|-supereffective|p1a: Pelipper\n|-damage|p1a: Pelipper|10\/100\n|move|p1a: Pelipper|U-turn|p2a: Gallade\n|-damage|p2a: Gallade|90\/100\n|\n|t:|1699733445\n|switch|p1a: Barraskewda|Barraskewda, M|100\/100|[from] U-turn\n|\n|-weather|RainDance|[upkeep]\n|upkeep\n|turn|2\n|\n|t:|1699733461\n|-terastallize|p1a: Barraskewda|Water\n|move|p1a: Barraskewda|Waterfall|p2a: Gallade\n|-damage|p2a: Gallade|0 fnt\n|faint|p2a: Gallade\n|\n|-weather|RainDance|[upkeep]\n|upkeep\n|\n|t:|1699733467\n|switch|p2a: Decidueye|Decidueye, M|100\/100\n|turn|3\n|\n|t:|1699733485\n|switch|p1a: Salamence|Salamence, M|100\/100\n|-ability|p1a: Salamence|Intimidate|boost\n|-unboost|p2a: Decidueye|atk|1\n|move|p2a: Decidueye|Tailwind|p2a: Decidueye\n|-sidestart|p2: Omarnyte|move: Tailwind\n|\n|-weather|RainDance|[upkeep]\n|upkeep\n|turn|4\n|\n|t:|1699733498\n|switch|p2a: Mamoswine|Mamoswine, F|100\/100\n|move|p1a: Salamence|Hurricane|p2a: Mamoswine\n|-damage|p2a: Mamoswine|28\/100\n|-start|p2a: Mamoswine|confusion\n|\n|-weather|RainDance|[upkeep]\n|-heal|p2a: Mamoswine|35\/100|[from] item: Leftovers\n|upkeep\n|turn|5\n|\n|t:|1699733508\n|switch|p1a: Ferrothorn|Ferrothorn, M|100\/100\n|-activate|p2a: Mamoswine|confusion\n|move|p2a: Mamoswine|Ice Shard|p1a: Ferrothorn\n|-damage|p1a: Ferrothorn|85\/100\n|\n|-weather|RainDance|[upkeep]\n|-heal|p2a: Mamoswine|41\/100|[from] item: Leftovers\n|-heal|p1a: Ferrothorn|91\/100|[from] item: Leftovers\n|upkeep\n|turn|6\n|\n|t:|1699733526\n|-activate|p2a: Mamoswine|confusion\n|move|p2a: Mamoswine|Icicle Crash|p1a: Ferrothorn\n|-damage|p1a: Ferrothorn|59\/100\n|move|p1a: Ferrothorn|Gyro Ball|p2a: Mamoswine\n|-supereffective|p2a: Mamoswine\n|-damage|p2a: Mamoswine|0 fnt\n|faint|p2a: Mamoswine\n|\n|-weather|RainDance|[upkeep]\n|-heal|p1a: Ferrothorn|66\/100|[from] item: Leftovers\n|-sideend|p2: Omarnyte|move: Tailwind\n|upkeep\n|\n|t:|1699733532\n|switch|p2a: Tauros|Tauros, M|100\/100\n|turn|7\n|\n|t:|1699733556\n|switch|p1a: Gliscor|Gliscor, M|100\/100\n|move|p2a: Tauros|Work Up|p2a: Tauros\n|-boost|p2a: Tauros|atk|1\n|-boost|p2a: Tauros|spa|1\n|\n|-weather|RainDance|[upkeep]\n|-status|p1a: Gliscor|tox|[from] item: Toxic Orb\n|upkeep\n|turn|8\n|\n|t:|1699733568\n|move|p2a: Tauros|Body Slam|p1a: Gliscor\n|-damage|p1a: Gliscor|25\/100 tox\n|move|p1a: Gliscor|Earthquake|p2a: Tauros\n|-damage|p2a: Tauros|54\/100\n|\n|-weather|none\n|-heal|p1a: Gliscor|38\/100 tox|[from] ability: Poison Heal\n|upkeep\n|turn|9\n|\n|t:|1699733578\n|move|p1a: Gliscor|Protect|p1a: Gliscor\n|-singleturn|p1a: Gliscor|Protect\n|move|p2a: Tauros|Body Slam|p1a: Gliscor\n|-activate|p1a: Gliscor|move: Protect\n|\n|-heal|p1a: Gliscor|50\/100 tox|[from] ability: Poison Heal\n|upkeep\n|turn|10\n|inactive|Battle timer is ON: inactive players will automatically lose when time's up. (requested by Omarnyte)\n|\n|t:|1699733612\n|switch|p1a: Pelipper|Pelipper, M|10\/100\n|-weather|RainDance|[from] ability: Drizzle|[of] p1a: Pelipper\n|move|p2a: Tauros|Body Slam|p1a: Pelipper\n|-damage|p1a: Pelipper|0 fnt\n|faint|p1a: Pelipper\n|\n|-weather|RainDance|[upkeep]\n|upkeep\n|\n|t:|1699733623\n|switch|p1a: Barraskewda|Barraskewda, M, tera:Water|100\/100\n|turn|11\n|\n|t:|1699733627\n|move|p1a: Barraskewda|Waterfall|p2a: Tauros\n|-damage|p2a: Tauros|0 fnt\n|faint|p2a: Tauros\n|\n|-weather|RainDance|[upkeep]\n|upkeep\n|\n|t:|1699733638\n|switch|p2a: Decidueye|Decidueye, M|100\/100\n|turn|12\n|\n|t:|1699733649\n|move|p1a: Barraskewda|Waterfall|p2a: Decidueye\n|-resisted|p2a: Decidueye\n|-damage|p2a: Decidueye|27\/100\n|move|p2a: Decidueye|Tailwind|p2a: Decidueye\n|-sidestart|p2: Omarnyte|move: Tailwind\n|\n|-weather|RainDance|[upkeep]\n|-heal|p2a: Decidueye|33\/100|[from] item: Leftovers\n|upkeep\n|turn|13\n|\n|t:|1699733662\n|move|p1a: Barraskewda|Waterfall|p2a: Decidueye\n|-resisted|p2a: Decidueye\n|-damage|p2a: Decidueye|0 fnt\n|faint|p2a: Decidueye\n|\n|-weather|RainDance|[upkeep]\n|upkeep\n|\n|t:|1699733675\n|switch|p2a: Gengar|Gengar, M|100\/100\n|turn|14\n|\n|t:|1699733685\n|move|p1a: Barraskewda|Waterfall|p2a: Gengar\n|-enditem|p2a: Gengar|Focus Sash\n|-damage|p2a: Gengar|1\/100\n|-start|p1a: Barraskewda|Disable|Waterfall|[from] ability: Cursed Body|[of] p2a: Gengar\n|move|p2a: Gengar|Sludge Wave|p1a: Barraskewda\n|-damage|p1a: Barraskewda|0 fnt\n|faint|p1a: Barraskewda\n|\n|-weather|RainDance|[upkeep]\n|upkeep\n|\n|t:|1699733699\n|switch|p1a: Gliscor|Gliscor, M|50\/100 tox\n|turn|15\n|\n|t:|1699733717\n|move|p2a: Gengar|Nasty Plot|p2a: Gengar\n|-boost|p2a: Gengar|spa|2\n|move|p1a: Gliscor|Earthquake|p2a: Gengar\n|-supereffective|p2a: Gengar\n|-damage|p2a: Gengar|0 fnt\n|faint|p2a: Gengar\n|\n|-weather|RainDance|[upkeep]\n|-heal|p1a: Gliscor|63\/100 tox|[from] ability: Poison Heal\n|-sideend|p2: Omarnyte|move: Tailwind\n|upkeep\n|\n|t:|1699733719\n|switch|p2a: Omastar|Omastar, M|100\/100\n|turn|16\n|\n|t:|1699733735\n|-terastallize|p2a: Omastar|Water\n|move|p1a: Gliscor|Earthquake|p2a: Omastar\n|-damage|p2a: Omastar|59\/100\n|-ability|p2a: Omastar|Weak Armor|boost\n|-unboost|p2a: Omastar|def|1\n|-boost|p2a: Omastar|spe|2\n|move|p2a: Omastar|Shell Smash|p2a: Omastar\n|-unboost|p2a: Omastar|def|1\n|-unboost|p2a: Omastar|spd|1\n|-boost|p2a: Omastar|atk|2\n|-boost|p2a: Omastar|spa|2\n|-boost|p2a: Omastar|spe|2\n|\n|-weather|RainDance|[upkeep]\n|-heal|p1a: Gliscor|75\/100 tox|[from] ability: Poison Heal\n|upkeep\n|turn|17\n|inactive|DeathRayKPK has 120 seconds left.\n|\n|t:|1699733779\n|move|p1a: Gliscor|Protect|p1a: Gliscor\n|-singleturn|p1a: Gliscor|Protect\n|move|p2a: Omastar|Surf|p1a: Gliscor\n|-activate|p1a: Gliscor|move: Protect\n|\n|-weather|none\n|-heal|p1a: Gliscor|88\/100 tox|[from] ability: Poison Heal\n|upkeep\n|turn|18\n|\n|t:|1699733801\n|move|p2a: Omastar|Surf|p1a: Gliscor\n|-supereffective|p1a: Gliscor\n|-damage|p1a: Gliscor|0 fnt\n|faint|p1a: Gliscor\n|\n|upkeep\n|inactive|DeathRayKPK has 90 seconds left.\n|\n|t:|1699733815\n|switch|p1a: Salamence|Salamence, M|100\/100\n|-ability|p1a: Salamence|Intimidate|boost\n|-unboost|p2a: Omastar|atk|1\n|turn|19\n|\n|t:|1699733820\n|move|p2a: Omastar|Ancient Power|p1a: Salamence\n|-supereffective|p1a: Salamence\n|-damage|p1a: Salamence|0 fnt\n|faint|p1a: Salamence\n|\n|upkeep\n|\n|t:|1699733827\n|switch|p1a: Ferrothorn|Ferrothorn, M|66\/100\n|turn|20\n|\n|t:|1699733835\n|move|p1a: Ferrothorn|Protect|p1a: Ferrothorn\n|-singleturn|p1a: Ferrothorn|Protect\n|move|p2a: Omastar|Ice Beam|p1a: Ferrothorn\n|-activate|p1a: Ferrothorn|move: Protect\n|\n|-heal|p1a: Ferrothorn|72\/100|[from] item: Leftovers\n|upkeep\n|turn|21\n|\n|t:|1699733844\n|move|p2a: Omastar|Ice Beam|p1a: Ferrothorn\n|-damage|p1a: Ferrothorn|24\/100\n|move|p1a: Ferrothorn|Power Whip|p2a: Omastar\n|-supereffective|p2a: Omastar\n|-damage|p2a: Omastar|0 fnt\n|faint|p2a: Omastar\n|\n|win|DeathRayKPK\n|raw|DeathRayKPK's rating: 1358 &rarr; <strong>1377<\/strong><br \/>(+19 for winning)\n|raw|Omarnyte's rating: 1334 &rarr; <strong>1315<\/strong><br \/>(-19 for losing)\n|l|\u2606Omarnyte\n","uploadtime":1699733859,"views":14,"p1id":"deathraykpk","p2id":"omarnyte","formatid":"gen9nationaldex","rating":1315,"private":0,"password":""}