{"id":"gen9nationaldex-1991810626","p1":"zaizaipo","p2":"Chilaway","format":"[Gen 9] National Dex","log":"|j|\u2606zaizaipo\n|j|\u2606Chilaway\n|t:|1700121577\n|gametype|singles\n|player|p1|zaizaipo|101|1251\n|player|p2|Chilaway|lucas|1127\n|teamsize|p1|6\n|teamsize|p2|6\n|gen|9\n|tier|[Gen 9] National Dex\n|rated|\n|rule|HP Percentage Mod: HP is shown in percentages\n|rule|Endless Battle Clause: Forcing endless battles is banned\n|rule|OHKO Clause: OHKO moves are banned\n|rule|Evasion Clause: Evasion abilities, items, and moves are banned\n|rule|Evasion Abilities Clause: Evasion abilities are banned\n|rule|Evasion Items Clause: Evasion items are banned\n|rule|Evasion Moves Clause: Evasion moves are banned\n|rule|Species Clause: Limit one of each Pok\u00e9mon\n|rule|Sleep Clause Mod: Limit one foe put to sleep\n|clearpoke\n|poke|p1|Sudowoodo, F|\n|poke|p1|Shiftry, F|\n|poke|p1|Corviknight, M|\n|poke|p1|Swampert, M|\n|poke|p1|Pelipper, M|\n|poke|p1|Ogerpon, F|\n|poke|p2|Landorus-Therian, M|\n|poke|p2|Hydreigon, F|\n|poke|p2|Tapu Koko|\n|poke|p2|Sneasler, F|\n|poke|p2|Volcarona, F|\n|poke|p2|Iron Valiant|\n|teampreview\n|inactive|Battle timer is ON: inactive players will automatically lose when time's up. (requested by zaizaipo)\n|\n|t:|1700121595\n|start\n|switch|p1a: Sudowoodo|Sudowoodo, F, shiny|100\/100\n|switch|p2a: Tapu Koko|Tapu Koko|100\/100\n|-fieldstart|move: Electric Terrain|[from] ability: Electric Surge|[of] p2a: Tapu Koko\n|turn|1\n|\n|t:|1700121601\n|move|p2a: Tapu Koko|Reflect|p2a: Tapu Koko\n|-sidestart|p2: Chilaway|Reflect\n|move|p1a: Sudowoodo|Stealth Rock|p2a: Tapu Koko\n|-sidestart|p2: Chilaway|move: Stealth Rock\n|\n|upkeep\n|turn|2\n|\n|t:|1700121606\n|move|p2a: Tapu Koko|Light Screen|p2a: Tapu Koko\n|-sidestart|p2: Chilaway|move: Light Screen\n|move|p1a: Sudowoodo|Taunt|p2a: Tapu Koko\n|-start|p2a: Tapu Koko|move: Taunt\n|\n|upkeep\n|turn|3\n|\n|t:|1700121614\n|switch|p1a: Swampert|Swampert, M|100\/100\n|move|p2a: Tapu Koko|U-turn|p1a: Swampert\n|-damage|p1a: Swampert|80\/100\n|\n|t:|1700121625\n|switch|p2a: Landorus|Landorus-Therian, M|100\/100|[from] U-turn\n|-damage|p2a: Landorus|88\/100|[from] Stealth Rock\n|-ability|p2a: Landorus|Intimidate|boost\n|-unboost|p1a: Swampert|atk|1\n|\n|upkeep\n|turn|4\n|\n|t:|1700121634\n|switch|p1a: Pelipper|Pelipper, M|100\/100\n|-weather|RainDance|[from] ability: Drizzle|[of] p1a: Pelipper\n|move|p2a: Landorus|Stealth Rock|p1a: Pelipper\n|-sidestart|p1: zaizaipo|move: Stealth Rock\n|\n|-weather|RainDance|[upkeep]\n|upkeep\n|turn|5\n|\n|t:|1700121645\n|move|p2a: Landorus|Swords Dance|p2a: Landorus\n|-boost|p2a: Landorus|atk|2\n|move|p1a: Pelipper|Defog|p2a: Landorus\n|-unboost|p2a: Landorus|evasion|1\n|-sideend|p2: Chilaway|Reflect\n|-sideend|p2: Chilaway|move: Light Screen\n|-sideend|p2: Chilaway|Stealth Rock|[from] move: Defog|[of] p1a: Pelipper\n|-sideend|p1: zaizaipo|Stealth Rock|[from] move: Defog|[of] p1a: Pelipper\n|-fieldend|move: Electric Terrain\n|\n|-weather|RainDance|[upkeep]\n|upkeep\n|turn|6\n|\n|t:|1700121654\n|move|p2a: Landorus|Swords Dance|p2a: Landorus\n|-boost|p2a: Landorus|atk|2\n|move|p1a: Pelipper|Weather Ball|p2a: Landorus\n|-supereffective|p2a: Landorus\n|-crit|p2a: Landorus\n|-damage|p2a: Landorus|0 fnt\n|faint|p2a: Landorus\n|\n|-weather|RainDance|[upkeep]\n|upkeep\n|c|\u2606Chilaway|BRO THAT MATTERED\n|\n|t:|1700121677\n|switch|p2a: Iron Valiant|Iron Valiant|100\/100\n|-enditem|p2a: Iron Valiant|Booster Energy\n|-activate|p2a: Iron Valiant|ability: Quark Drive|[fromitem]\n|-start|p2a: Iron Valiant|quarkdrivespe\n|turn|7\n|\n|t:|1700121691\n|move|p2a: Iron Valiant|Calm Mind|p2a: Iron Valiant\n|-boost|p2a: Iron Valiant|spa|1\n|-boost|p2a: Iron Valiant|spd|1\n|move|p1a: Pelipper|U-turn|p2a: Iron Valiant\n|-resisted|p2a: Iron Valiant\n|-damage|p2a: Iron Valiant|98\/100\n|\n|t:|1700121698\n|switch|p1a: Sudowoodo|Sudowoodo, F, shiny|100\/100|[from] U-turn\n|\n|-weather|RainDance|[upkeep]\n|upkeep\n|turn|8\n|\n|t:|1700121704\n|move|p2a: Iron Valiant|Aura Sphere|p1a: Sudowoodo\n|-supereffective|p1a: Sudowoodo\n|-ability|p1a: Sudowoodo|Sturdy\n|-damage|p1a: Sudowoodo|1\/100\n|move|p1a: Sudowoodo|Stealth Rock|p2a: Iron Valiant\n|-sidestart|p2: Chilaway|move: Stealth Rock\n|\n|-weather|none\n|upkeep\n|turn|9\n|-enditem|p1a: Sudowoodo|Custap Berry|[eat]\n|-activate|p1a: Sudowoodo|item: Custap Berry|[consumed]\n|\n|t:|1700121715\n|move|p1a: Sudowoodo|Explosion|p2a: Iron Valiant\n|-damage|p2a: Iron Valiant|0 fnt\n|faint|p1a: Sudowoodo\n|faint|p2a: Iron Valiant\n|-end|p2a: Iron Valiant|Quark Drive|[silent]\n|\n|upkeep\n|\n|t:|1700121733\n|switch|p2a: Volcarona|Volcarona, F|100\/100\n|switch|p1a: Shiftry|Shiftry, F, shiny|100\/100\n|turn|10\n|\n|t:|1700121746\n|move|p2a: Volcarona|Fiery Dance|p1a: Shiftry\n|-supereffective|p1a: Shiftry\n|-enditem|p1a: Shiftry|Focus Sash\n|-damage|p1a: Shiftry|1\/100\n|move|p1a: Shiftry|Tailwind|p1a: Shiftry\n|-sidestart|p1: zaizaipo|move: Tailwind\n|-ability|p1a: Shiftry|Wind Rider|boost\n|-boost|p1a: Shiftry|atk|1\n|\n|upkeep\n|turn|11\n|\n|t:|1700121758\n|move|p1a: Shiftry|Explosion|p2a: Volcarona\n|-damage|p2a: Volcarona|0 fnt\n|faint|p1a: Shiftry\n|faint|p2a: Volcarona\n|\n|upkeep\n|c|\u2606Chilaway|tf\n|\n|t:|1700121768\n|switch|p2a: Tapu Koko|Tapu Koko|100\/100\n|switch|p1a: Ogerpon|Ogerpon, F|100\/100\n|-damage|p2a: Tapu Koko|88\/100|[from] Stealth Rock\n|-fieldstart|move: Electric Terrain|[from] ability: Electric Surge|[of] p2a: Tapu Koko\n|turn|12\n|\n|t:|1700121776\n|-zpower|p1a: Ogerpon\n|move|p1a: Ogerpon|Bloom Doom|p2a: Tapu Koko|[zeffect]\n|-damage|p2a: Tapu Koko|0 fnt\n|faint|p2a: Tapu Koko\n|\n|upkeep\n|\n|t:|1700121786\n|switch|p2a: Hydreigon|Hydreigon, F|100\/100\n|-damage|p2a: Hydreigon|88\/100|[from] Stealth Rock\n|turn|13\n|\n|t:|1700121799\n|-terastallize|p2a: Hydreigon|Fire\n|move|p1a: Ogerpon|Superpower|p2a: Hydreigon\n|-damage|p2a: Hydreigon|36\/100\n|-unboost|p1a: Ogerpon|atk|1\n|-unboost|p1a: Ogerpon|def|1\n|move|p2a: Hydreigon|Tera Blast|p1a: Ogerpon|[anim] Tera Blast Fire\n|-supereffective|p1a: Ogerpon\n|-damage|p1a: Ogerpon|0 fnt\n|faint|p1a: Ogerpon\n|\n|-sideend|p1: zaizaipo|move: Tailwind\n|upkeep\n|\n|t:|1700121810\n|switch|p1a: Pelipper|Pelipper, M|100\/100\n|-weather|RainDance|[from] ability: Drizzle|[of] p1a: Pelipper\n|turn|14\n|\n|t:|1700121820\n|-terastallize|p1a: Pelipper|Ground\n|move|p2a: Hydreigon|Scale Shot|p1a: Pelipper\n|-damage|p1a: Pelipper|90\/100\n|-damage|p1a: Pelipper|80\/100\n|-damage|p1a: Pelipper|71\/100\n|-damage|p1a: Pelipper|60\/100\n|-hitcount|p1a: Pelipper|4\n|-unboost|p2a: Hydreigon|def|1\n|-boost|p2a: Hydreigon|spe|1\n|move|p1a: Pelipper|Weather Ball|p2a: Hydreigon\n|-supereffective|p2a: Hydreigon\n|-crit|p2a: Hydreigon\n|-damage|p2a: Hydreigon|0 fnt\n|faint|p2a: Hydreigon\n|\n|-weather|RainDance|[upkeep]\n|upkeep\n|\n|t:|1700121834\n|switch|p2a: Sneasler|Sneasler, F|100\/100\n|-damage|p2a: Sneasler|94\/100|[from] Stealth Rock\n|-enditem|p2a: Sneasler|Electric Seed\n|-boost|p2a: Sneasler|def|1|[from] item: Electric Seed\n|turn|15\n|\n|t:|1700121847\n|move|p2a: Sneasler|Acrobatics|p1a: Pelipper\n|-damage|p1a: Pelipper|27\/100\n|move|p1a: Pelipper|Hurricane|p2a: Sneasler\n|-supereffective|p2a: Sneasler\n|-damage|p2a: Sneasler|9\/100\n|-start|p2a: Sneasler|confusion\n|\n|-weather|RainDance|[upkeep]\n|upkeep\n|turn|16\n|\n|t:|1700121860\n|-activate|p2a: Sneasler|confusion\n|move|p2a: Sneasler|Acrobatics|p1a: Pelipper\n|-damage|p1a: Pelipper|0 fnt\n|faint|p1a: Pelipper\n|\n|-weather|RainDance|[upkeep]\n|-fieldend|move: Electric Terrain\n|upkeep\n|\n|t:|1700121867\n|switch|p1a: Swampert|Swampert, M|80\/100\n|turn|17\n|\n|t:|1700121874\n|detailschange|p1a: Swampert|Swampert-Mega, M\n|-mega|p1a: Swampert|Swampert|Swampertite\n|-activate|p2a: Sneasler|confusion\n|move|p2a: Sneasler|Acrobatics|p1a: Swampert\n|-damage|p1a: Swampert|41\/100\n|move|p1a: Swampert|Earthquake|p2a: Sneasler\n|-supereffective|p2a: Sneasler\n|-damage|p2a: Sneasler|0 fnt\n|faint|p2a: Sneasler\n|\n|win|zaizaipo\n|raw|zaizaipo's rating: 1251 &rarr; <strong>1267<\/strong><br \/>(+16 for winning)\n|raw|Chilaway's rating: 1127 &rarr; <strong>1111<\/strong><br \/>(-16 for losing)\n","uploadtime":1700121884,"views":4,"p1id":"zaizaipo","p2id":"chilaway","formatid":"gen9nationaldex","rating":1111,"private":0,"password":""}