{"id":"gen9nationaldex-1988438118","p1":"avilaisaac81507","p2":"tyjed5ty","format":"[Gen 9] National Dex","log":"|j|\u2606avilaisaac81507\n|j|\u2606tyjed5ty\n|t:|1699722948\n|gametype|singles\n|player|p1|avilaisaac81507|parasollady|1062\n|player|p2|tyjed5ty|169|1018\n|teamsize|p1|6\n|teamsize|p2|6\n|gen|9\n|tier|[Gen 9] National Dex\n|rated|\n|rule|HP Percentage Mod: HP is shown in percentages\n|rule|Endless Battle Clause: Forcing endless battles is banned\n|rule|OHKO Clause: OHKO moves are banned\n|rule|Evasion Clause: Evasion abilities, items, and moves are banned\n|rule|Evasion Abilities Clause: Evasion abilities are banned\n|rule|Evasion Items Clause: Evasion items are banned\n|rule|Evasion Moves Clause: Evasion moves are banned\n|rule|Species Clause: Limit one of each Pok\u00e9mon\n|rule|Sleep Clause Mod: Limit one foe put to sleep\n|clearpoke\n|poke|p1|Alomomola, F|\n|poke|p1|Crawdaunt, F|\n|poke|p1|Breloom, F|\n|poke|p1|Rillaboom, M|\n|poke|p1|Rotom-Wash|\n|poke|p1|Grimmsnarl, M|\n|poke|p2|Gliscor, M|\n|poke|p2|Heatran, M|\n|poke|p2|Keldeo-Resolute|\n|poke|p2|Amoonguss, F|\n|poke|p2|Hatterene, F|\n|poke|p2|Cyclizar, M|\n|teampreview\n|inactive|Battle timer is ON: inactive players will automatically lose when time's up. (requested by avilaisaac81507)\n|\n|t:|1699722952\n|start\n|switch|p1a: Grimmsnarl|Grimmsnarl, M|100\/100\n|switch|p2a: Cyclizar|Cyclizar, M|100\/100\n|turn|1\n|\n|t:|1699722962\n|move|p1a: Grimmsnarl|Taunt|p2a: Cyclizar\n|-start|p2a: Cyclizar|move: Taunt\n|move|p2a: Cyclizar|Knock Off|p1a: Grimmsnarl\n|-resisted|p1a: Grimmsnarl\n|-damage|p1a: Grimmsnarl|93\/100\n|-enditem|p1a: Grimmsnarl|Light Clay|[from] move: Knock Off|[of] p2a: Cyclizar\n|\n|upkeep\n|turn|2\n|\n|t:|1699722973\n|move|p1a: Grimmsnarl|Reflect|p1a: Grimmsnarl\n|-sidestart|p1: avilaisaac81507|Reflect\n|move|p2a: Cyclizar|U-turn|p1a: Grimmsnarl\n|-damage|p1a: Grimmsnarl|81\/100\n|\n|t:|1699722976\n|switch|p2a: Amoonguss|Amoonguss, F|100\/100|[from] U-turn\n|\n|upkeep\n|turn|3\n|\n|t:|1699722984\n|move|p1a: Grimmsnarl|Parting Shot|p2a: Amoonguss\n|-unboost|p2a: Amoonguss|atk|1\n|-unboost|p2a: Amoonguss|spa|1\n|\n|t:|1699722992\n|switch|p1a: Rillaboom|Rillaboom, M|100\/100|[from] Parting Shot\n|-fieldstart|move: Grassy Terrain|[from] ability: Grassy Surge|[of] p1a: Rillaboom\n|move|p2a: Amoonguss|Sludge Bomb|p1a: Rillaboom\n|-supereffective|p1a: Rillaboom\n|-damage|p1a: Rillaboom|34\/100\n|-status|p1a: Rillaboom|psn\n|\n|-heal|p1a: Rillaboom|40\/100 psn|[from] Grassy Terrain\n|-damage|p1a: Rillaboom|27\/100 psn|[from] psn\n|upkeep\n|turn|4\n|\n|t:|1699723005\n|move|p1a: Rillaboom|Knock Off|p2a: Amoonguss\n|-damage|p2a: Amoonguss|47\/100\n|-enditem|p2a: Amoonguss|Black Sludge|[from] move: Knock Off|[of] p1a: Rillaboom\n|move|p2a: Amoonguss|Sludge Bomb|p1a: Rillaboom\n|-supereffective|p1a: Rillaboom\n|-damage|p1a: Rillaboom|0 fnt\n|faint|p1a: Rillaboom\n|\n|-heal|p2a: Amoonguss|53\/100|[from] Grassy Terrain\n|upkeep\n|\n|t:|1699723015\n|switch|p1a: Crawdaunt|Crawdaunt, F|100\/100\n|turn|5\n|\n|t:|1699723020\n|move|p1a: Crawdaunt|Crunch|p2a: Amoonguss\n|-damage|p2a: Amoonguss|0 fnt\n|faint|p2a: Amoonguss\n|\n|upkeep\n|\n|t:|1699723026\n|switch|p2a: Cyclizar|Cyclizar, M|100\/100\n|turn|6\n|\n|t:|1699723034\n|move|p2a: Cyclizar|U-turn|p1a: Crawdaunt\n|-supereffective|p1a: Crawdaunt\n|-damage|p1a: Crawdaunt|73\/100\n|\n|t:|1699723042\n|switch|p2a: Keldeo|Keldeo-Resolute|100\/100|[from] U-turn\n|move|p1a: Crawdaunt|Crunch|p2a: Keldeo\n|-resisted|p2a: Keldeo\n|-damage|p2a: Keldeo|48\/100\n|-ability|p2a: Keldeo|Justified|boost\n|-boost|p2a: Keldeo|atk|1\n|\n|-heal|p2a: Keldeo|54\/100|[from] Grassy Terrain\n|-heal|p1a: Crawdaunt|79\/100|[from] Grassy Terrain\n|-sideend|p1: avilaisaac81507|Reflect\n|upkeep\n|turn|7\n|\n|t:|1699723054\n|switch|p1a: Alomomola|Alomomola, F|100\/100\n|move|p2a: Keldeo|Secret Sword|p1a: Alomomola\n|-damage|p1a: Alomomola|70\/100\n|-damage|p2a: Keldeo|44\/100|[from] item: Life Orb\n|\n|-heal|p2a: Keldeo|51\/100|[from] Grassy Terrain\n|-heal|p1a: Alomomola|76\/100|[from] Grassy Terrain\n|-fieldend|move: Grassy Terrain\n|upkeep\n|turn|8\n|\n|t:|1699723072\n|switch|p2a: Cyclizar|Cyclizar, M|100\/100\n|move|p1a: Alomomola|Wish|p1a: Alomomola\n|\n|upkeep\n|turn|9\n|\n|t:|1699723077\n|move|p2a: Cyclizar|Knock Off|p1a: Alomomola\n|-damage|p1a: Alomomola|62\/100\n|-damage|p2a: Cyclizar|84\/100|[from] item: Rocky Helmet|[of] p1a: Alomomola\n|-enditem|p1a: Alomomola|Rocky Helmet|[from] move: Knock Off|[of] p2a: Cyclizar\n|move|p1a: Alomomola|Flip Turn|p2a: Cyclizar\n|-resisted|p2a: Cyclizar\n|-damage|p2a: Cyclizar|72\/100\n|\n|t:|1699723085\n|switch|p1a: Grimmsnarl|Grimmsnarl, M|81\/100|[from] Flip Turn\n|\n|-heal|p1a: Grimmsnarl|100\/100|[from] move: Wish|[wisher] Alomomola\n|upkeep\n|turn|10\n|\n|t:|1699723097\n|move|p1a: Grimmsnarl|Light Screen|p1a: Grimmsnarl\n|-sidestart|p1: avilaisaac81507|move: Light Screen\n|move|p2a: Cyclizar|U-turn|p1a: Grimmsnarl\n|-damage|p1a: Grimmsnarl|75\/100\n|\n|t:|1699723112\n|switch|p2a: Hatterene|Hatterene, F|100\/100|[from] U-turn\n|\n|upkeep\n|turn|11\n|\n|t:|1699723124\n|move|p1a: Grimmsnarl|Taunt|p2a: Hatterene\n|move|p2a: Hatterene|Taunt|p1a: Grimmsnarl|[from]ability: Magic Bounce\n|-start|p1a: Grimmsnarl|move: Taunt\n|move|p2a: Hatterene|Draining Kiss|p1a: Grimmsnarl\n|-supereffective|p1a: Grimmsnarl\n|-damage|p1a: Grimmsnarl|53\/100\n|\n|upkeep\n|turn|12\n|\n|t:|1699723133\n|switch|p1a: Rotom|Rotom-Wash|100\/100\n|move|p2a: Hatterene|Draining Kiss|p1a: Rotom\n|-damage|p1a: Rotom|89\/100\n|\n|-heal|p1a: Rotom|95\/100|[from] item: Leftovers\n|upkeep\n|turn|13\n|\n|t:|1699723140\n|move|p1a: Rotom|Volt Switch|p2a: Hatterene\n|-damage|p2a: Hatterene|83\/100\n|\n|t:|1699723145\n|switch|p1a: Crawdaunt|Crawdaunt, F|79\/100|[from] Volt Switch\n|move|p2a: Hatterene|Mystical Fire|p1a: Crawdaunt\n|-resisted|p1a: Crawdaunt\n|-damage|p1a: Crawdaunt|65\/100\n|-unboost|p1a: Crawdaunt|spa|1\n|\n|upkeep\n|turn|14\n|\n|t:|1699723159\n|switch|p2a: Cyclizar|Cyclizar, M|100\/100\n|move|p1a: Crawdaunt|Crabhammer|p2a: Cyclizar\n|-resisted|p2a: Cyclizar\n|-damage|p2a: Cyclizar|10\/100\n|\n|-sideend|p1: avilaisaac81507|move: Light Screen\n|upkeep\n|turn|15\n|\n|t:|1699723171\n|switch|p1a: Alomomola|Alomomola, F|95\/100\n|move|p2a: Cyclizar|U-turn|p1a: Alomomola\n|-damage|p1a: Alomomola|85\/100\n|\n|t:|1699723185\n|switch|p2a: Hatterene|Hatterene, F|83\/100|[from] U-turn\n|\n|upkeep\n|turn|16\n|\n|t:|1699723190\n|move|p1a: Alomomola|Flip Turn|p2a: Hatterene\n|-damage|p2a: Hatterene|67\/100\n|\n|t:|1699723194\n|switch|p1a: Rotom|Rotom-Wash|95\/100|[from] Flip Turn\n|move|p2a: Hatterene|Giga Drain|p1a: Rotom\n|-supereffective|p1a: Rotom\n|-damage|p1a: Rotom|49\/100\n|-heal|p2a: Hatterene|89\/100|[from] drain|[of] p1a: Rotom\n|\n|-heal|p1a: Rotom|55\/100|[from] item: Leftovers\n|upkeep\n|turn|17\n|\n|t:|1699723204\n|move|p1a: Rotom|Volt Switch|p2a: Hatterene\n|-damage|p2a: Hatterene|72\/100\n|\n|t:|1699723207\n|switch|p1a: Breloom|Breloom, F|100\/100|[from] Volt Switch\n|move|p2a: Hatterene|Mystical Fire|p1a: Breloom\n|-supereffective|p1a: Breloom\n|-damage|p1a: Breloom|0 fnt\n|faint|p1a: Breloom\n|\n|upkeep\n|-message|avilaisaac81507 forfeited.\n|\n|win|tyjed5ty\n|raw|avilaisaac81507's rating: 1062 &rarr; <strong>1040<\/strong><br \/>(-22 for losing)\n|raw|tyjed5ty's rating: 1018 &rarr; <strong>1060<\/strong><br \/>(+42 for winning)\n|l|\u2606avilaisaac81507\n","uploadtime":1699723220,"views":4,"p1id":"avilaisaac81507","p2id":"tyjed5ty","formatid":"gen9nationaldex","rating":1040,"private":0,"password":""}