{"id":"gen9nationaldex-1994008790","p1":"Mangarino","p2":"ghostkinggengar","format":"[Gen 9] National Dex","log":"|j|\u2606Mangarino\n|j|\u2606ghostkinggengar\n|t:|1700392726\n|gametype|singles\n|player|p1|Mangarino|101|1459\n|player|p2|ghostkinggengar|swimmerf|1578\n|teamsize|p1|6\n|teamsize|p2|6\n|gen|9\n|tier|[Gen 9] National Dex\n|rated|\n|rule|HP Percentage Mod: HP is shown in percentages\n|rule|Endless Battle Clause: Forcing endless battles is banned\n|rule|OHKO Clause: OHKO moves are banned\n|rule|Evasion Clause: Evasion abilities, items, and moves are banned\n|rule|Evasion Abilities Clause: Evasion abilities are banned\n|rule|Evasion Items Clause: Evasion items are banned\n|rule|Evasion Moves Clause: Evasion moves are banned\n|rule|Species Clause: Limit one of each Pok\u00e9mon\n|rule|Sleep Clause Mod: Limit one foe put to sleep\n|clearpoke\n|poke|p1|Clodsire, F|\n|poke|p1|Lopunny, F|\n|poke|p1|Gliscor, F|\n|poke|p1|Moltres|\n|poke|p1|Ribombee, M|\n|poke|p1|Slowking, M|\n|poke|p2|Slowbro, F|\n|poke|p2|Ursaluna, M|\n|poke|p2|Scizor, M|\n|poke|p2|Blacephalon|\n|poke|p2|Gliscor, F|\n|poke|p2|Garchomp, M|\n|teampreview\n|inactive|Battle timer is ON: inactive players will automatically lose when time's up. (requested by ghostkinggengar)\n|\n|t:|1700392744\n|start\n|switch|p1a: Slowking|Slowking, M|100\/100\n|switch|p2a: Blacephalon|Blacephalon|100\/100\n|turn|1\n|\n|t:|1700392751\n|switch|p1a: Clodsire|Clodsire, F|100\/100\n|move|p2a: Blacephalon|Shadow Ball|p1a: Clodsire\n|-damage|p1a: Clodsire|75\/100\n|\n|-heal|p1a: Clodsire|82\/100|[from] item: Leftovers\n|upkeep\n|turn|2\n|\n|t:|1700392757\n|switch|p2a: Gliscor|Gliscor, F|100\/100\n|move|p1a: Clodsire|Toxic|p2a: Gliscor\n|-status|p2a: Gliscor|tox\n|\n|-heal|p1a: Clodsire|88\/100|[from] item: Leftovers\n|upkeep\n|turn|3\n|\n|t:|1700392773\n|switch|p1a: Gliscor|Gliscor, F|100\/100\n|move|p2a: Gliscor|Earthquake|p1a: Gliscor\n|-immune|p1a: Gliscor\n|\n|-status|p1a: Gliscor|tox|[from] item: Toxic Orb\n|upkeep\n|turn|4\n|\n|t:|1700392781\n|move|p2a: Gliscor|U-turn|p1a: Gliscor\n|-resisted|p1a: Gliscor\n|-damage|p1a: Gliscor|96\/100 tox\n|\n|t:|1700392786\n|switch|p2a: Slowbro|Slowbro, F|100\/100|[from] U-turn\n|move|p1a: Gliscor|Toxic Spikes|p2a: Slowbro\n|-sidestart|p2: ghostkinggengar|move: Toxic Spikes\n|\n|-heal|p1a: Gliscor|100\/100 tox|[from] ability: Poison Heal\n|upkeep\n|turn|5\n|\n|t:|1700392795\n|switch|p1a: Slowking|Slowking, M|100\/100\n|move|p2a: Slowbro|Scald|p1a: Slowking\n|-resisted|p1a: Slowking\n|-damage|p1a: Slowking|89\/100\n|\n|upkeep\n|turn|6\n|\n|t:|1700392807\n|move|p2a: Slowbro|Future Sight|p1a: Slowking\n|-start|p2a: Slowbro|move: Future Sight\n|move|p1a: Slowking|Chilly Reception|p1a: Slowking\n|-weather|Snow\n|\n|t:|1700392810\n|switch|p1a: Clodsire|Clodsire, F|88\/100|[from] Chilly Reception\n|\n|-weather|Snow|[upkeep]\n|-heal|p1a: Clodsire|94\/100|[from] item: Leftovers\n|upkeep\n|turn|7\n|\n|t:|1700392825\n|switch|p2a: Gliscor|Gliscor, F|100\/100 tox\n|move|p1a: Clodsire|Toxic|p2a: Gliscor\n|-fail|p2a: Gliscor|tox\n|\n|-weather|Snow|[upkeep]\n|-heal|p1a: Clodsire|99\/100|[from] item: Leftovers\n|upkeep\n|turn|8\n|\n|t:|1700392833\n|switch|p1a: Slowking|Slowking, M|100\/100\n|move|p2a: Gliscor|Defog|p1a: Slowking\n|-unboost|p1a: Slowking|evasion|1\n|-sideend|p2: ghostkinggengar|Toxic Spikes|[from] move: Defog|[of] p2a: Gliscor\n|\n|-weather|Snow|[upkeep]\n|-end|p1a: Slowking|move: Future Sight\n|-resisted|p1a: Slowking\n|-damage|p1a: Slowking|83\/100\n|upkeep\n|turn|9\n|\n|t:|1700392842\n|move|p2a: Gliscor|Toxic|p1a: Slowking\n|-status|p1a: Slowking|tox\n|move|p1a: Slowking|Scald|p2a: Gliscor\n|-supereffective|p2a: Gliscor\n|-damage|p2a: Gliscor|51\/100 tox\n|\n|-weather|Snow|[upkeep]\n|-heal|p2a: Gliscor|64\/100 tox|[from] ability: Poison Heal\n|-damage|p1a: Slowking|77\/100 tox|[from] psn\n|upkeep\n|turn|10\n|\n|t:|1700392853\n|switch|p2a: Slowbro|Slowbro, F|100\/100\n|move|p1a: Slowking|Scald|p2a: Slowbro\n|-resisted|p2a: Slowbro\n|-damage|p2a: Slowbro|87\/100\n|\n|-weather|none\n|-damage|p1a: Slowking|65\/100 tox|[from] psn\n|upkeep\n|turn|11\n|\n|t:|1700392867\n|switch|p1a: Clodsire|Clodsire, F|99\/100\n|move|p2a: Slowbro|Future Sight|p1a: Clodsire\n|-start|p2a: Slowbro|move: Future Sight\n|\n|-heal|p1a: Clodsire|100\/100|[from] item: Leftovers\n|upkeep\n|turn|12\n|\n|t:|1700392873\n|move|p1a: Clodsire|Stealth Rock|p2a: Slowbro\n|-sidestart|p2: ghostkinggengar|move: Stealth Rock\n|move|p2a: Slowbro|Teleport|p2a: Slowbro\n|\n|t:|1700392882\n|switch|p2a: Ursaluna|Ursaluna, M|100\/100|[from] Teleport\n|-damage|p2a: Ursaluna|94\/100|[from] Stealth Rock\n|\n|-status|p2a: Ursaluna|brn|[from] item: Flame Orb\n|upkeep\n|turn|13\n|\n|t:|1700392889\n|switch|p1a: Slowking|Slowking, M|98\/100 tox\n|-terastallize|p2a: Ursaluna|Normal\n|move|p2a: Ursaluna|Facade|p1a: Slowking\n|-damage|p1a: Slowking|0 fnt\n|-damage|p2a: Ursaluna|78\/100 brn|[from] item: Rocky Helmet|[of] p1a: Slowking\n|faint|p1a: Slowking\n|\n|-hint|Future Sight did not hit because the target is fainted.\n|-damage|p2a: Ursaluna|72\/100 brn|[from] brn\n|upkeep\n|\n|t:|1700392894\n|switch|p1a: Lopunny|Lopunny, F|100\/100\n|turn|14\n|\n|t:|1700392902\n|switch|p2a: Slowbro|Slowbro, F|100\/100\n|-damage|p2a: Slowbro|88\/100|[from] Stealth Rock\n|detailschange|p1a: Lopunny|Lopunny-Mega, F\n|-mega|p1a: Lopunny|Lopunny|Lopunnite\n|move|p1a: Lopunny|Return|p2a: Slowbro\n|-damage|p2a: Slowbro|55\/100\n|-damage|p1a: Lopunny|84\/100|[from] item: Rocky Helmet|[of] p2a: Slowbro\n|\n|upkeep\n|turn|15\n|inactive|ghostkinggengar has 120 seconds left.\n|\n|t:|1700392937\n|move|p1a: Lopunny|Return|p2a: Slowbro\n|-damage|p2a: Slowbro|25\/100\n|-damage|p1a: Lopunny|67\/100|[from] item: Rocky Helmet|[of] p2a: Slowbro\n|move|p2a: Slowbro|Trick Room|p2a: Slowbro\n|-fieldstart|move: Trick Room|[of] p2a: Slowbro\n|\n|upkeep\n|turn|16\n|inactive|ghostkinggengar has 120 seconds left.\n|\n|t:|1700392959\n|switch|p2a: Scizor|Scizor, M|100\/100\n|-damage|p2a: Scizor|88\/100|[from] Stealth Rock\n|switch|p1a: Clodsire|Clodsire, F|100\/100\n|\n|upkeep\n|turn|17\n|\n|t:|1700392965\n|switch|p1a: Moltres|Moltres|100\/100\n|detailschange|p2a: Scizor|Scizor-Mega, M\n|-mega|p2a: Scizor|Scizor|Scizorite\n|move|p2a: Scizor|U-turn|p1a: Moltres\n|-resisted|p1a: Moltres\n|-damage|p1a: Moltres|94\/100\n|\n|t:|1700392971\n|switch|p2a: Ursaluna|Ursaluna, M, tera:Normal|72\/100 brn|[from] U-turn\n|-damage|p2a: Ursaluna|59\/100 brn|[from] Stealth Rock\n|\n|-damage|p2a: Ursaluna|53\/100 brn|[from] brn\n|upkeep\n|turn|18\n|\n|t:|1700392977\n|move|p2a: Ursaluna|Facade|p1a: Moltres\n|-damage|p1a: Moltres|0 fnt\n|faint|p1a: Moltres\n|\n|-damage|p2a: Ursaluna|47\/100 brn|[from] brn\n|upkeep\n|\n|t:|1700392983\n|switch|p1a: Gliscor|Gliscor, F|100\/100 tox\n|turn|19\n|\n|t:|1700392989\n|move|p1a: Gliscor|Protect|p1a: Gliscor\n|-singleturn|p1a: Gliscor|Protect\n|move|p2a: Ursaluna|Facade|p1a: Gliscor\n|-activate|p1a: Gliscor|move: Protect\n|\n|-damage|p2a: Ursaluna|41\/100 brn|[from] brn\n|-fieldend|move: Trick Room\n|upkeep\n|turn|20\n|\n|t:|1700393004\n|switch|p2a: Gliscor|Gliscor, F|64\/100 tox\n|-damage|p2a: Gliscor|51\/100 tox|[from] Stealth Rock\n|move|p1a: Gliscor|Knock Off|p2a: Gliscor\n|-damage|p2a: Gliscor|34\/100 tox\n|-enditem|p2a: Gliscor|Toxic Orb|[from] move: Knock Off|[of] p1a: Gliscor\n|\n|-heal|p2a: Gliscor|47\/100 tox|[from] ability: Poison Heal\n|upkeep\n|turn|21\n|\n|t:|1700393015\n|move|p2a: Gliscor|Defog|p1a: Gliscor\n|-unboost|p1a: Gliscor|evasion|1\n|-sideend|p2: ghostkinggengar|Stealth Rock|[from] move: Defog|[of] p2a: Gliscor\n|move|p1a: Gliscor|Toxic Spikes|p2a: Gliscor\n|-sidestart|p2: ghostkinggengar|move: Toxic Spikes\n|\n|-heal|p2a: Gliscor|59\/100 tox|[from] ability: Poison Heal\n|upkeep\n|turn|22\n|\n|t:|1700393024\n|move|p2a: Gliscor|Defog|p1a: Gliscor\n|-unboost|p1a: Gliscor|evasion|1\n|-sideend|p2: ghostkinggengar|Toxic Spikes|[from] move: Defog|[of] p2a: Gliscor\n|move|p1a: Gliscor|Toxic Spikes|p2a: Gliscor\n|-sidestart|p2: ghostkinggengar|move: Toxic Spikes\n|\n|-heal|p2a: Gliscor|72\/100 tox|[from] ability: Poison Heal\n|upkeep\n|turn|23\n|\n|t:|1700393032\n|move|p2a: Gliscor|Earthquake|p1a: Gliscor\n|-immune|p1a: Gliscor\n|move|p1a: Gliscor|Toxic Spikes|p2a: Gliscor\n|-sidestart|p2: ghostkinggengar|move: Toxic Spikes\n|\n|-heal|p2a: Gliscor|84\/100 tox|[from] ability: Poison Heal\n|upkeep\n|turn|24\n|\n|t:|1700393039\n|move|p1a: Gliscor|Protect|p1a: Gliscor\n|-singleturn|p1a: Gliscor|Protect\n|move|p2a: Gliscor|Defog|p1a: Gliscor\n|-activate|p1a: Gliscor|move: Protect\n|\n|-heal|p2a: Gliscor|97\/100 tox|[from] ability: Poison Heal\n|upkeep\n|turn|25\n|\n|t:|1700393043\n|move|p2a: Gliscor|Defog|p1a: Gliscor\n|-unboost|p1a: Gliscor|evasion|1\n|-sideend|p2: ghostkinggengar|Toxic Spikes|[from] move: Defog|[of] p2a: Gliscor\n|move|p1a: Gliscor|Knock Off|p2a: Gliscor\n|-damage|p2a: Gliscor|85\/100 tox\n|\n|-heal|p2a: Gliscor|98\/100 tox|[from] ability: Poison Heal\n|upkeep\n|turn|26\n|\n|t:|1700393050\n|move|p2a: Gliscor|U-turn|p1a: Gliscor\n|-resisted|p1a: Gliscor\n|-damage|p1a: Gliscor|96\/100 tox\n|\n|t:|1700393058\n|switch|p2a: Slowbro|Slowbro, F|59\/100|[from] U-turn\n|move|p1a: Gliscor|Toxic Spikes|p2a: Slowbro\n|-sidestart|p2: ghostkinggengar|move: Toxic Spikes\n|\n|-heal|p1a: Gliscor|100\/100 tox|[from] ability: Poison Heal\n|upkeep\n|turn|27\n|\n|t:|1700393063\n|move|p1a: Gliscor|Knock Off|p2a: Slowbro\n|-supereffective|p2a: Slowbro\n|-damage|p2a: Slowbro|34\/100\n|-damage|p1a: Gliscor|84\/100 tox|[from] item: Rocky Helmet|[of] p2a: Slowbro\n|-enditem|p2a: Slowbro|Rocky Helmet|[from] move: Knock Off|[of] p1a: Gliscor\n|move|p2a: Slowbro|Trick Room|p2a: Slowbro\n|-fieldstart|move: Trick Room|[of] p2a: Slowbro\n|\n|-heal|p1a: Gliscor|96\/100 tox|[from] ability: Poison Heal\n|upkeep\n|turn|28\n|\n|t:|1700393074\n|move|p1a: Gliscor|Earthquake|p2a: Slowbro\n|-damage|p2a: Slowbro|15\/100\n|move|p2a: Slowbro|Teleport|p2a: Slowbro\n|\n|t:|1700393078\n|switch|p2a: Ursaluna|Ursaluna, M, tera:Normal|41\/100 brn|[from] Teleport\n|\n|-heal|p1a: Gliscor|100\/100 tox|[from] ability: Poison Heal\n|-damage|p2a: Ursaluna|35\/100 brn|[from] brn\n|upkeep\n|turn|29\n|\n|t:|1700393085\n|move|p1a: Gliscor|Protect|p1a: Gliscor\n|-singleturn|p1a: Gliscor|Protect\n|move|p2a: Ursaluna|Facade|p1a: Gliscor\n|-activate|p1a: Gliscor|move: Protect\n|\n|-damage|p2a: Ursaluna|29\/100 brn|[from] brn\n|upkeep\n|turn|30\n|\n|t:|1700393092\n|move|p2a: Ursaluna|Facade|p1a: Gliscor\n|-damage|p1a: Gliscor|0 fnt\n|faint|p1a: Gliscor\n|\n|-damage|p2a: Ursaluna|22\/100 brn|[from] brn\n|upkeep\n|\n|t:|1700393100\n|switch|p1a: Lopunny|Lopunny-Mega, F|67\/100\n|turn|31\n|\n|t:|1700393105\n|switch|p2a: Scizor|Scizor-Mega, M|88\/100\n|move|p1a: Lopunny|Fake Out|p2a: Scizor\n|-resisted|p2a: Scizor\n|-damage|p2a: Scizor|81\/100\n|\n|-fieldend|move: Trick Room\n|upkeep\n|turn|32\n|\n|t:|1700393116\n|move|p2a: Scizor|Bullet Punch|p1a: Lopunny\n|-damage|p1a: Lopunny|29\/100\n|move|p1a: Lopunny|Close Combat|p2a: Scizor\n|-damage|p2a: Scizor|39\/100\n|-unboost|p1a: Lopunny|def|1\n|-unboost|p1a: Lopunny|spd|1\n|\n|upkeep\n|turn|33\n|-message|Mangarino forfeited.\n|\n|win|ghostkinggengar\n|raw|Mangarino's rating: 1459 &rarr; <strong>1446<\/strong><br \/>(-13 for losing)\n|raw|ghostkinggengar's rating: 1578 &rarr; <strong>1591<\/strong><br \/>(+13 for winning)\n|l|\u2606Mangarino\n","uploadtime":1700393125,"views":6,"p1id":"mangarino","p2id":"ghostkinggengar","formatid":"gen9nationaldex","rating":1446,"private":0,"password":""}