{"id":"gen9nationaldex-2000672557","p1":"puzaifan01","p2":"Deriverse","format":"[Gen 9] National Dex","log":"|html|<div class=\"broadcast-blue\"><strong>[Gen 9] National Dex is currently suspecting Sneasler! For information on how to participate check out the <a href=\"https:\/\/www.smogon.com\/forums\/threads\/sv-national-dex-suspect-8-just-dance.3731534\/\">suspect thread<\/a>.<\/strong><\/div>\n|j|\u2606puzaifan01\n|j|\u2606Deriverse\n|t:|1701217144\n|gametype|singles\n|player|p1|puzaifan01|pokekid|1278\n|player|p2|Deriverse|veteranf|1294\n|teamsize|p1|6\n|teamsize|p2|6\n|gen|9\n|tier|[Gen 9] National Dex\n|rated|\n|rule|HP Percentage Mod: HP is shown in percentages\n|rule|Endless Battle Clause: Forcing endless battles is banned\n|rule|OHKO Clause: OHKO moves are banned\n|rule|Evasion Clause: Evasion abilities, items, and moves are banned\n|rule|Evasion Abilities Clause: Evasion abilities are banned\n|rule|Evasion Items Clause: Evasion items are banned\n|rule|Evasion Moves Clause: Evasion moves are banned\n|rule|Species Clause: Limit one of each Pok\u00e9mon\n|rule|Sleep Clause Mod: Limit one foe put to sleep\n|clearpoke\n|poke|p1|Sneasler, F|\n|poke|p1|Tapu Lele|\n|poke|p1|Chansey, F|\n|poke|p1|Alakazam, F|\n|poke|p1|Cinderace, F|\n|poke|p1|Latias, F|\n|poke|p2|Victini|\n|poke|p2|Tapu Lele|\n|poke|p2|Latios, M|\n|poke|p2|Slowbro, M|\n|poke|p2|Slowking-Galar, M|\n|poke|p2|Hatterene, F|\n|teampreview\n|inactive|Battle timer is ON: inactive players will automatically lose when time's up. (requested by puzaifan01)\n|\n|t:|1701217161\n|start\n|switch|p1a: Tapu Lele|Tapu Lele|100\/100\n|switch|p2a: Slowking|Slowking-Galar, M|100\/100\n|-fieldstart|move: Psychic Terrain|[from] ability: Psychic Surge|[of] p1a: Tapu Lele\n|turn|1\n|\n|t:|1701217171\n|move|p1a: Tapu Lele|Focus Blast|p2a: Slowking|[miss]\n|-miss|p1a: Tapu Lele|p2a: Slowking\n|move|p2a: Slowking|Sludge Bomb|p1a: Tapu Lele\n|-supereffective|p1a: Tapu Lele\n|-damage|p1a: Tapu Lele|21\/100\n|\n|upkeep\n|turn|2\n|\n|t:|1701217175\n|switch|p1a: Chansey|Chansey, F|100\/100\n|move|p2a: Slowking|Sludge Bomb|p1a: Chansey\n|-damage|p1a: Chansey|89\/100\n|-status|p1a: Chansey|psn\n|\n|-damage|p1a: Chansey|76\/100 psn|[from] psn\n|upkeep\n|turn|3\n|\n|t:|1701217180\n|move|p2a: Slowking|Chilly Reception|p2a: Slowking\n|-weather|Snow\n|\n|t:|1701217184\n|switch|p2a: Victini|Victini|100\/100|[from] Chilly Reception\n|move|p1a: Chansey|Teleport|p1a: Chansey\n|\n|t:|1701217191\n|-curestatus|p1a: Chansey|psn|[from] ability: Natural Cure\n|switch|p1a: Alakazam|Alakazam, F|100\/100|[from] Teleport\n|\n|-weather|Snow|[upkeep]\n|upkeep\n|turn|4\n|\n|t:|1701217199\n|move|p1a: Alakazam|Expanding Force|p2a: Victini\n|-resisted|p2a: Victini\n|-damage|p2a: Victini|46\/100\n|move|p2a: Victini|V-create|p1a: Alakazam\n|-damage|p1a: Alakazam|0 fnt\n|-unboost|p2a: Victini|spe|1\n|-unboost|p2a: Victini|def|1\n|-unboost|p2a: Victini|spd|1\n|faint|p1a: Alakazam\n|\n|-weather|Snow|[upkeep]\n|upkeep\n|\n|t:|1701217202\n|switch|p1a: Sneasler|Sneasler, F|100\/100\n|-enditem|p1a: Sneasler|Psychic Seed\n|-boost|p1a: Sneasler|spd|1|[from] item: Psychic Seed\n|turn|5\n|\n|t:|1701217206\n|switch|p2a: Slowking|Slowking-Galar, M|100\/100\n|move|p1a: Sneasler|Acrobatics|p2a: Slowking\n|-damage|p2a: Slowking|60\/100\n|\n|-weather|Snow|[upkeep]\n|upkeep\n|turn|6\n|\n|t:|1701217213\n|move|p1a: Sneasler|Swords Dance|p1a: Sneasler\n|-boost|p1a: Sneasler|atk|2\n|move|p2a: Slowking|Future Sight|p1a: Sneasler\n|-start|p2a: Slowking|move: Future Sight\n|\n|-weather|Snow|[upkeep]\n|upkeep\n|turn|7\n|\n|t:|1701217219\n|move|p1a: Sneasler|Acrobatics|p2a: Slowking\n|-damage|p2a: Slowking|0 fnt\n|faint|p2a: Slowking\n|\n|-weather|none\n|upkeep\n|\n|t:|1701217224\n|switch|p2a: Slowbro|Slowbro, M|100\/100\n|turn|8\n|\n|t:|1701217229\n|move|p1a: Sneasler|Acrobatics|p2a: Slowbro\n|-damage|p2a: Slowbro|48\/100\n|move|p2a: Slowbro|Slack Off|p2a: Slowbro\n|-heal|p2a: Slowbro|98\/100\n|\n|-end|p1a: Sneasler|move: Future Sight\n|-supereffective|p1a: Sneasler\n|-damage|p1a: Sneasler|0 fnt\n|faint|p1a: Sneasler\n|-fieldend|move: Psychic Terrain\n|upkeep\n|\n|t:|1701217239\n|switch|p1a: Tapu Lele|Tapu Lele|21\/100\n|-fieldstart|move: Psychic Terrain|[from] ability: Psychic Surge|[of] p1a: Tapu Lele\n|turn|9\n|\n|t:|1701217243\n|move|p1a: Tapu Lele|Psychic|p2a: Slowbro\n|-resisted|p2a: Slowbro\n|-damage|p2a: Slowbro|64\/100\n|move|p2a: Slowbro|Scald|p1a: Tapu Lele\n|-damage|p1a: Tapu Lele|0 fnt\n|faint|p1a: Tapu Lele\n|\n|upkeep\n|\n|t:|1701217250\n|switch|p1a: Latias|Latias, F|100\/100\n|turn|10\n|\n|t:|1701217257\n|switch|p2a: Victini|Victini|46\/100\n|detailschange|p1a: Latias|Latias-Mega, F\n|-mega|p1a: Latias|Latias|Latiasite\n|move|p1a: Latias|Calm Mind|p1a: Latias\n|-boost|p1a: Latias|spa|1\n|-boost|p1a: Latias|spd|1\n|\n|upkeep\n|turn|11\n|\n|t:|1701217267\n|-zpower|p2a: Victini\n|move|p2a: Victini|Z-Celebrate|p2a: Victini|[anim]Celebrate\n|-boost|p2a: Victini|atk|1|[zeffect]\n|-boost|p2a: Victini|def|1|[zeffect]\n|-boost|p2a: Victini|spa|1|[zeffect]\n|-boost|p2a: Victini|spd|1|[zeffect]\n|-boost|p2a: Victini|spe|1|[zeffect]\n|-activate|p2a: Victini|move: Celebrate\n|move|p1a: Latias|Calm Mind|p1a: Latias\n|-boost|p1a: Latias|spa|1\n|-boost|p1a: Latias|spd|1\n|\n|upkeep\n|turn|12\n|\n|t:|1701217276\n|move|p2a: Victini|Stored Power|p1a: Latias\n|-resisted|p1a: Latias\n|-damage|p1a: Latias|85\/100\n|move|p1a: Latias|Calm Mind|p1a: Latias\n|-boost|p1a: Latias|spa|1\n|-boost|p1a: Latias|spd|1\n|\n|upkeep\n|turn|13\n|\n|t:|1701217283\n|move|p2a: Victini|V-create|p1a: Latias\n|-resisted|p1a: Latias\n|-damage|p1a: Latias|55\/100\n|-unboost|p2a: Victini|spe|1\n|-unboost|p2a: Victini|def|1\n|-unboost|p2a: Victini|spd|1\n|move|p1a: Latias|Psyshock|p2a: Victini\n|-resisted|p2a: Victini\n|-damage|p2a: Victini|0 fnt\n|faint|p2a: Victini\n|\n|upkeep\n|\n|t:|1701217292\n|switch|p2a: Tapu Lele|Tapu Lele|100\/100\n|turn|14\n|\n|t:|1701217294\n|-terastallize|p2a: Tapu Lele|Fairy\n|move|p2a: Tapu Lele|Moonblast|p1a: Latias\n|-supereffective|p1a: Latias\n|-damage|p1a: Latias|0 fnt\n|faint|p1a: Latias\n|\n|upkeep\n|\n|t:|1701217301\n|switch|p1a: Cinderace|Cinderace, F|100\/100\n|turn|15\n|\n|t:|1701217304\n|switch|p2a: Slowbro|Slowbro, M|98\/100\n|move|p1a: Cinderace|Pyro Ball|p2a: Slowbro\n|-resisted|p2a: Slowbro\n|-damage|p2a: Slowbro|80\/100\n|-status|p2a: Slowbro|brn\n|\n|-damage|p2a: Slowbro|74\/100 brn|[from] brn\n|upkeep\n|turn|16\n|\n|t:|1701217310\n|move|p1a: Cinderace|U-turn|p2a: Slowbro\n|-start|p1a: Cinderace|typechange|Bug|[from] ability: Libero\n|-supereffective|p2a: Slowbro\n|-damage|p2a: Slowbro|28\/100 brn\n|\n|t:|1701217314\n|switch|p1a: Chansey|Chansey, F|76\/100|[from] U-turn\n|move|p2a: Slowbro|Scald|p1a: Chansey\n|-damage|p1a: Chansey|67\/100\n|\n|-damage|p2a: Slowbro|22\/100 brn|[from] brn\n|-fieldend|move: Psychic Terrain\n|upkeep\n|turn|17\n|\n|t:|1701217321\n|switch|p2a: Hatterene|Hatterene, F|100\/100\n|move|p1a: Chansey|Teleport|p1a: Chansey\n|\n|t:|1701217325\n|switch|p1a: Cinderace|Cinderace, F|100\/100|[from] Teleport\n|\n|upkeep\n|turn|18\n|\n|t:|1701217329\n|move|p1a: Cinderace|U-turn|p2a: Hatterene\n|-start|p1a: Cinderace|typechange|Bug|[from] ability: Libero\n|-damage|p2a: Hatterene|60\/100\n|\n|t:|1701217333\n|switch|p1a: Chansey|Chansey, F|67\/100|[from] U-turn\n|move|p2a: Hatterene|Nuzzle|p1a: Chansey\n|-damage|p1a: Chansey|65\/100\n|-status|p1a: Chansey|par\n|\n|-heal|p2a: Hatterene|66\/100|[from] item: Leftovers\n|upkeep\n|turn|19\n|\n|t:|1701217338\n|move|p2a: Hatterene|Draining Kiss|p1a: Chansey\n|-damage|p1a: Chansey|54\/100 par\n|-heal|p2a: Hatterene|83\/100|[from] drain|[of] p1a: Chansey\n|move|p1a: Chansey|Teleport|p1a: Chansey\n|\n|t:|1701217343\n|-curestatus|p1a: Chansey|par|[from] ability: Natural Cure\n|switch|p1a: Cinderace|Cinderace, F|100\/100|[from] Teleport\n|\n|-heal|p2a: Hatterene|89\/100|[from] item: Leftovers\n|upkeep\n|turn|20\n|\n|t:|1701217359\n|-terastallize|p1a: Cinderace|Fire\n|move|p1a: Cinderace|Pyro Ball|p2a: Hatterene\n|-damage|p2a: Hatterene|8\/100\n|move|p2a: Hatterene|Nuzzle|p1a: Cinderace\n|-damage|p1a: Cinderace|95\/100\n|-status|p1a: Cinderace|par\n|\n|-heal|p2a: Hatterene|14\/100|[from] item: Leftovers\n|upkeep\n|turn|21\n|\n|t:|1701217367\n|move|p1a: Cinderace|U-turn|p2a: Hatterene\n|-damage|p2a: Hatterene|0 fnt\n|faint|p2a: Hatterene\n|\n|t:|1701217369\n|switch|p1a: Chansey|Chansey, F|54\/100|[from] U-turn\n|\n|upkeep\n|\n|t:|1701217370\n|switch|p2a: Tapu Lele|Tapu Lele, tera:Fairy|100\/100\n|-fieldstart|move: Psychic Terrain|[from] ability: Psychic Surge|[of] p2a: Tapu Lele\n|turn|22\n|\n|t:|1701217374\n|move|p2a: Tapu Lele|Psyshock|p1a: Chansey\n|-damage|p1a: Chansey|0 fnt\n|faint|p1a: Chansey\n|\n|upkeep\n|\n|t:|1701217377\n|switch|p1a: Cinderace|Cinderace, F, tera:Fire|95\/100 par\n|turn|23\n|\n|t:|1701217379\n|move|p2a: Tapu Lele|Psyshock|p1a: Cinderace\n|-damage|p1a: Cinderace|0 fnt\n|faint|p1a: Cinderace\n|\n|win|Deriverse\n|raw|puzaifan01's rating: 1278 &rarr; <strong>1254<\/strong><br \/>(-24 for losing)\n|raw|Deriverse's rating: 1294 &rarr; <strong>1318<\/strong><br \/>(+24 for winning)\n|l|\u2606puzaifan01\n","uploadtime":1701217387,"views":1,"p1id":"puzaifan01","p2id":"deriverse","formatid":"gen9nationaldex","rating":1254,"private":0,"password":""}