{"id":"gen9nationaldex-1992975931","p1":"PanaMomos","p2":"RegiSauce","format":"[Gen 9] National Dex","log":"|j|\u2606PanaMomos\n|j|\u2606RegiSauce\n|t:|1700251927\n|gametype|singles\n|player|p1|PanaMomos|alder|1411\n|player|p2|RegiSauce|shadowtriad|1465\n|teamsize|p1|6\n|teamsize|p2|6\n|gen|9\n|tier|[Gen 9] National Dex\n|rated|\n|rule|HP Percentage Mod: HP is shown in percentages\n|rule|Endless Battle Clause: Forcing endless battles is banned\n|rule|OHKO Clause: OHKO moves are banned\n|rule|Evasion Clause: Evasion abilities, items, and moves are banned\n|rule|Evasion Abilities Clause: Evasion abilities are banned\n|rule|Evasion Items Clause: Evasion items are banned\n|rule|Evasion Moves Clause: Evasion moves are banned\n|rule|Species Clause: Limit one of each Pok\u00e9mon\n|rule|Sleep Clause Mod: Limit one foe put to sleep\n|clearpoke\n|poke|p1|Charizard, F|\n|poke|p1|Corviknight, M|\n|poke|p1|Gastrodon-East, M|\n|poke|p1|Clefable, M|\n|poke|p1|Kartana|\n|poke|p1|Victini|\n|poke|p2|Tyranitar, F|\n|poke|p2|Togekiss, F|\n|poke|p2|Zeraora|\n|poke|p2|Decidueye-Hisui, M|\n|poke|p2|Greninja-*, M|\n|poke|p2|Absol, F|\n|teampreview\n|inactive|Battle timer is ON: inactive players will automatically lose when time's up. (requested by PanaMomos)\n|\n|t:|1700251938\n|start\n|switch|p1a: Victini|Victini|100\/100\n|switch|p2a: Decidueye|Decidueye-Hisui, M|100\/100\n|turn|1\n|\n|t:|1700251943\n|switch|p2a: Pear|Tyranitar, F|100\/100\n|-weather|Sandstorm|[from] ability: Sand Stream|[of] p2a: Pear\n|move|p1a: Victini|V-create|p2a: Pear\n|-resisted|p2a: Pear\n|-damage|p2a: Pear|70\/100\n|-unboost|p1a: Victini|spe|1\n|-unboost|p1a: Victini|def|1\n|-unboost|p1a: Victini|spd|1\n|\n|-weather|Sandstorm|[upkeep]\n|-damage|p1a: Victini|94\/100|[from] Sandstorm\n|upkeep\n|turn|2\n|\n|t:|1700251949\n|-activate|p1a: Victini|move: Pursuit\n|move|p2a: Pear|Pursuit|p1a: Victini|[from]Pursuit\n|-supereffective|p1a: Victini\n|-damage|p1a: Victini|0 fnt\n|faint|p1a: Victini\n|-hint|A Pokemon can't switch between when it runs out of HP and when it faints\n|\n|-weather|Sandstorm|[upkeep]\n|upkeep\n|\n|t:|1700251954\n|switch|p1a: Corviknight|Corviknight, M|100\/100\n|-ability|p1a: Corviknight|Pressure\n|turn|3\n|\n|t:|1700251958\n|switch|p2a: Summer Sky|Togekiss, F|100\/100\n|move|p1a: Corviknight|U-turn|p2a: Summer Sky\n|-resisted|p2a: Summer Sky\n|-crit|p2a: Summer Sky\n|-damage|p2a: Summer Sky|96\/100\n|\n|t:|1700251962\n|switch|p1a: Clefable|Clefable, M, shiny|100\/100|[from] U-turn\n|\n|-weather|Sandstorm|[upkeep]\n|-damage|p2a: Summer Sky|90\/100|[from] Sandstorm\n|-damage|p1a: Clefable|94\/100|[from] Sandstorm\n|-heal|p2a: Summer Sky|96\/100|[from] item: Leftovers\n|-heal|p1a: Clefable|100\/100|[from] item: Leftovers\n|upkeep\n|turn|4\n|\n|t:|1700251964\n|move|p2a: Summer Sky|Thunder Wave|p1a: Clefable|[miss]\n|-miss|p2a: Summer Sky|p1a: Clefable\n|move|p1a: Clefable|Thunder Wave|p2a: Summer Sky\n|-status|p2a: Summer Sky|par\n|\n|-weather|Sandstorm|[upkeep]\n|-damage|p1a: Clefable|94\/100|[from] Sandstorm\n|-damage|p2a: Summer Sky|90\/100 par|[from] Sandstorm\n|-heal|p1a: Clefable|100\/100|[from] item: Leftovers\n|-heal|p2a: Summer Sky|96\/100 par|[from] item: Leftovers\n|upkeep\n|turn|5\n|\n|t:|1700251966\n|move|p1a: Clefable|Wish|p1a: Clefable\n|move|p2a: Summer Sky|Thunder Wave|p1a: Clefable\n|-status|p1a: Clefable|par\n|\n|-weather|none\n|-heal|p2a: Summer Sky|100\/100 par|[from] item: Leftovers\n|upkeep\n|turn|6\n|\n|t:|1700251969\n|move|p2a: Summer Sky|Heal Bell|p2a: Summer Sky\n|-activate|p2a: Summer Sky|move: Heal Bell\n|-curestatus|p2a: Summer Sky|par|[msg]\n|move|p1a: Clefable|Moonblast|p2a: Summer Sky\n|-damage|p2a: Summer Sky|73\/100\n|\n|-heal|p2a: Summer Sky|79\/100|[from] item: Leftovers\n|upkeep\n|turn|7\n|\n|t:|1700251975\n|move|p2a: Summer Sky|Air Slash|p1a: Clefable\n|-damage|p1a: Clefable|60\/100 par\n|cant|p1a: Clefable|flinch\n|\n|-heal|p2a: Summer Sky|85\/100|[from] item: Leftovers\n|-heal|p1a: Clefable|66\/100 par|[from] item: Leftovers\n|upkeep\n|turn|8\n|\n|t:|1700251988\n|switch|p1a: Gastrodon|Gastrodon-East, M|100\/100\n|move|p2a: Summer Sky|Thunder Wave|p1a: Gastrodon\n|-immune|p1a: Gastrodon\n|\n|-heal|p2a: Summer Sky|91\/100|[from] item: Leftovers\n|upkeep\n|turn|9\n|\n|t:|1700251990\n|move|p2a: Summer Sky|Air Slash|p1a: Gastrodon\n|-damage|p1a: Gastrodon|76\/100\n|cant|p1a: Gastrodon|flinch\n|\n|-heal|p2a: Summer Sky|98\/100|[from] item: Leftovers\n|-heal|p1a: Gastrodon|82\/100|[from] item: Leftovers\n|upkeep\n|turn|10\n|\n|t:|1700251994\n|move|p2a: Summer Sky|Air Slash|p1a: Gastrodon\n|-damage|p1a: Gastrodon|55\/100\n|move|p1a: Gastrodon|Toxic|p2a: Summer Sky\n|-status|p2a: Summer Sky|tox\n|\n|-heal|p2a: Summer Sky|100\/100 tox|[from] item: Leftovers\n|-heal|p1a: Gastrodon|61\/100|[from] item: Leftovers\n|-damage|p2a: Summer Sky|94\/100 tox|[from] psn\n|upkeep\n|turn|11\n|\n|t:|1700251997\n|move|p2a: Summer Sky|Heal Bell|p2a: Summer Sky\n|-activate|p2a: Summer Sky|move: Heal Bell\n|-curestatus|p2a: Summer Sky|tox|[msg]\n|move|p1a: Gastrodon|Recover|p1a: Gastrodon\n|-heal|p1a: Gastrodon|100\/100\n|\n|-heal|p2a: Summer Sky|100\/100|[from] item: Leftovers\n|upkeep\n|turn|12\n|\n|t:|1700252000\n|move|p2a: Summer Sky|Air Slash|p1a: Gastrodon\n|-damage|p1a: Gastrodon|73\/100\n|move|p1a: Gastrodon|Toxic|p2a: Summer Sky\n|-status|p2a: Summer Sky|tox\n|\n|-heal|p1a: Gastrodon|79\/100|[from] item: Leftovers\n|-damage|p2a: Summer Sky|94\/100 tox|[from] psn\n|upkeep\n|turn|13\n|\n|t:|1700252004\n|switch|p1a: Charizard|Charizard, F|100\/100\n|move|p2a: Summer Sky|Air Slash|p1a: Charizard\n|-damage|p1a: Charizard|48\/100\n|\n|-heal|p2a: Summer Sky|100\/100 tox|[from] item: Leftovers\n|-damage|p2a: Summer Sky|88\/100 tox|[from] psn\n|upkeep\n|turn|14\n|\n|t:|1700252006\n|detailschange|p1a: Charizard|Charizard-Mega-Y, F\n|-mega|p1a: Charizard|Charizard|Charizardite Y\n|-weather|SunnyDay|[from] ability: Drought|[of] p1a: Charizard\n|move|p1a: Charizard|Weather Ball|p2a: Summer Sky\n|-damage|p2a: Summer Sky|20\/100 tox\n|move|p2a: Summer Sky|Air Slash|p1a: Charizard\n|-damage|p1a: Charizard|5\/100\n|\n|-weather|SunnyDay|[upkeep]\n|-heal|p2a: Summer Sky|26\/100 tox|[from] item: Leftovers\n|-damage|p2a: Summer Sky|7\/100 tox|[from] psn\n|upkeep\n|turn|15\n|\n|t:|1700252013\n|move|p1a: Charizard|Roost|p1a: Charizard\n|-heal|p1a: Charizard|55\/100\n|-singleturn|p1a: Charizard|move: Roost\n|move|p2a: Summer Sky|Air Slash|p1a: Charizard\n|-damage|p1a: Charizard|14\/100\n|\n|-weather|SunnyDay|[upkeep]\n|-heal|p2a: Summer Sky|14\/100 tox|[from] item: Leftovers\n|-damage|p2a: Summer Sky|0 fnt|[from] psn\n|faint|p2a: Summer Sky\n|upkeep\n|\n|t:|1700252015\n|switch|p2a: Greninja|Greninja, M|100\/100\n|turn|16\n|\n|t:|1700252019\n|switch|p1a: Clefable|Clefable, M, shiny|66\/100 par\n|move|p2a: Greninja|Dark Pulse|p1a: Clefable\n|-resisted|p1a: Clefable\n|-damage|p1a: Clefable|46\/100 par\n|\n|-weather|SunnyDay|[upkeep]\n|-heal|p1a: Clefable|52\/100 par|[from] item: Leftovers\n|upkeep\n|turn|17\n|\n|t:|1700252024\n|-terastallize|p2a: Greninja|Water\n|move|p2a: Greninja|Extrasensory|p1a: Clefable\n|-damage|p1a: Clefable|28\/100 par\n|move|p1a: Clefable|Wish|p1a: Clefable\n|\n|-weather|SunnyDay|[upkeep]\n|-heal|p1a: Clefable|34\/100 par|[from] item: Leftovers\n|upkeep\n|turn|18\n|\n|t:|1700252041\n|move|p1a: Clefable|Protect|p1a: Clefable\n|-singleturn|p1a: Clefable|Protect\n|move|p2a: Greninja|Extrasensory|p1a: Clefable\n|-activate|p1a: Clefable|move: Protect\n|\n|-weather|none\n|-heal|p1a: Clefable|84\/100 par|[from] move: Wish|[wisher] Clefable\n|-heal|p1a: Clefable|90\/100 par|[from] item: Leftovers\n|upkeep\n|turn|19\n|\n|t:|1700252047\n|move|p2a: Greninja|Extrasensory|p1a: Clefable\n|-damage|p1a: Clefable|64\/100 par\n|move|p1a: Clefable|Wish|p1a: Clefable\n|\n|-heal|p1a: Clefable|70\/100 par|[from] item: Leftovers\n|upkeep\n|turn|20\n|\n|t:|1700252053\n|switch|p2a: Dragon Sage|Zeraora, shiny|100\/100\n|-item|p2a: Dragon Sage|Air Balloon\n|move|p1a: Clefable|Thunder Wave|p2a: Dragon Sage\n|-immune|p2a: Dragon Sage|[from] ability: Volt Absorb\n|\n|-heal|p1a: Clefable|100\/100 par|[from] move: Wish|[wisher] Clefable\n|upkeep\n|turn|21\n|\n|t:|1700252059\n|move|p2a: Dragon Sage|Bulk Up|p2a: Dragon Sage\n|-boost|p2a: Dragon Sage|atk|1\n|-boost|p2a: Dragon Sage|def|1\n|move|p1a: Clefable|Moonblast|p2a: Dragon Sage\n|-damage|p2a: Dragon Sage|62\/100\n|-unboost|p2a: Dragon Sage|spa|1\n|-enditem|p2a: Dragon Sage|Air Balloon\n|\n|upkeep\n|turn|22\n|\n|t:|1700252065\n|move|p2a: Dragon Sage|Bulk Up|p2a: Dragon Sage\n|-boost|p2a: Dragon Sage|atk|1\n|-boost|p2a: Dragon Sage|def|1\n|cant|p1a: Clefable|par\n|\n|upkeep\n|turn|23\n|\n|t:|1700252071\n|move|p2a: Dragon Sage|Plasma Fists|p1a: Clefable\n|-damage|p1a: Clefable|70\/100 par\n|-fieldactivate|move: Ion Deluge\n|-hint|Normal-type moves become Electric-type after using Plasma Fists.\n|move|p1a: Clefable|Moonblast|p2a: Dragon Sage\n|-damage|p2a: Dragon Sage|23\/100\n|\n|-heal|p1a: Clefable|76\/100 par|[from] item: Leftovers\n|upkeep\n|turn|24\n|\n|t:|1700252076\n|move|p2a: Dragon Sage|Acrobatics|p1a: Clefable\n|-crit|p1a: Clefable\n|-damage|p1a: Clefable|44\/100 par\n|move|p1a: Clefable|Moonblast|p2a: Dragon Sage\n|-damage|p2a: Dragon Sage|0 fnt\n|faint|p2a: Dragon Sage\n|\n|-heal|p1a: Clefable|50\/100 par|[from] item: Leftovers\n|upkeep\n|\n|t:|1700252079\n|switch|p2a: Decidueye|Decidueye-Hisui, M|100\/100\n|turn|25\n|\n|t:|1700252092\n|-zpower|p2a: Decidueye\n|move|p2a: Decidueye|Z-Tailwind|p2a: Decidueye|[anim]Tailwind\n|-start|p2a: Decidueye|move: Focus Energy|[zeffect]\n|-sidestart|p2: RegiSauce|move: Tailwind\n|cant|p1a: Clefable|par\n|\n|-heal|p1a: Clefable|56\/100 par|[from] item: Leftovers\n|upkeep\n|turn|26\n|\n|t:|1700252099\n|move|p2a: Decidueye|Leaf Blade|p1a: Clefable\n|-crit|p1a: Clefable\n|-damage|p1a: Clefable|1\/100 par\n|move|p1a: Clefable|Wish|p1a: Clefable\n|\n|-heal|p1a: Clefable|7\/100 par|[from] item: Leftovers\n|upkeep\n|turn|27\n|\n|t:|1700252104\n|switch|p1a: Charizard|Charizard-Mega-Y, F|14\/100\n|-weather|SunnyDay|[from] ability: Drought|[of] p1a: Charizard\n|move|p2a: Decidueye|Leaf Blade|p1a: Charizard\n|-resisted|p1a: Charizard\n|-crit|p1a: Charizard\n|-damage|p1a: Charizard|0 fnt\n|faint|p1a: Charizard\n|\n|-weather|SunnyDay|[upkeep]\n|upkeep\n|\n|t:|1700252117\n|switch|p1a: Gastrodon|Gastrodon-East, M|79\/100\n|turn|28\n|\n|t:|1700252120\n|switch|p1a: Corviknight|Corviknight, M|100\/100\n|-ability|p1a: Corviknight|Pressure\n|move|p2a: Decidueye|Leaf Blade|p1a: Corviknight\n|-resisted|p1a: Corviknight\n|-crit|p1a: Corviknight\n|-damage|p1a: Corviknight|91\/100\n|-damage|p2a: Decidueye|84\/100|[from] item: Rocky Helmet|[of] p1a: Corviknight\n|\n|-weather|SunnyDay|[upkeep]\n|-sideend|p2: RegiSauce|move: Tailwind\n|upkeep\n|turn|29\n|\n|t:|1700252128\n|move|p2a: Decidueye|Tailwind|p2a: Decidueye\n|-sidestart|p2: RegiSauce|move: Tailwind\n|move|p1a: Corviknight|U-turn|p2a: Decidueye\n|-damage|p2a: Decidueye|65\/100\n|\n|t:|1700252133\n|switch|p1a: Clefable|Clefable, M, shiny|7\/100 par|[from] U-turn\n|\n|-weather|SunnyDay|[upkeep]\n|-heal|p1a: Clefable|13\/100 par|[from] item: Leftovers\n|upkeep\n|turn|30\n|\n|t:|1700252136\n|cant|p1a: Clefable|par\n|move|p2a: Decidueye|Triple Arrows|p1a: Clefable\n|-resisted|p1a: Clefable\n|-crit|p1a: Clefable\n|-damage|p1a: Clefable|0 fnt\n|faint|p1a: Clefable\n|\n|-weather|SunnyDay|[upkeep]\n|upkeep\n|\n|t:|1700252141\n|switch|p1a: Corviknight|Corviknight, M|91\/100\n|-ability|p1a: Corviknight|Pressure\n|turn|31\n|\n|t:|1700252142\n|move|p2a: Decidueye|Triple Arrows|p1a: Corviknight\n|-crit|p1a: Corviknight\n|-damage|p1a: Corviknight|51\/100\n|move|p1a: Corviknight|Roost|p1a: Corviknight\n|-heal|p1a: Corviknight|100\/100\n|-singleturn|p1a: Corviknight|move: Roost\n|\n|-weather|none\n|upkeep\n|turn|32\n|\n|t:|1700252147\n|move|p2a: Decidueye|Triple Arrows|p1a: Corviknight\n|-crit|p1a: Corviknight\n|-damage|p1a: Corviknight|59\/100\n|cant|p1a: Corviknight|flinch\n|\n|-sideend|p2: RegiSauce|move: Tailwind\n|upkeep\n|turn|33\n|\n|t:|1700252154\n|move|p2a: Decidueye|Triple Arrows|p1a: Corviknight\n|-crit|p1a: Corviknight\n|-damage|p1a: Corviknight|17\/100\n|move|p1a: Corviknight|Roost|p1a: Corviknight\n|-heal|p1a: Corviknight|67\/100\n|-singleturn|p1a: Corviknight|move: Roost\n|\n|upkeep\n|turn|34\n|\n|t:|1700252163\n|move|p2a: Decidueye|Triple Arrows|p1a: Corviknight\n|-crit|p1a: Corviknight\n|-damage|p1a: Corviknight|23\/100\n|cant|p1a: Corviknight|flinch\n|\n|upkeep\n|turn|35\n|\n|t:|1700252167\n|move|p2a: Decidueye|Triple Arrows|p1a: Corviknight\n|-crit|p1a: Corviknight\n|-damage|p1a: Corviknight|0 fnt\n|faint|p1a: Corviknight\n|\n|upkeep\n|\n|t:|1700252170\n|switch|p1a: Kartana|Kartana, shiny|100\/100\n|turn|36\n|\n|t:|1700252173\n|move|p1a: Kartana|Leaf Blade|p2a: Decidueye\n|-resisted|p2a: Decidueye\n|-damage|p2a: Decidueye|27\/100\n|move|p2a: Decidueye|Tailwind|p2a: Decidueye\n|-sidestart|p2: RegiSauce|move: Tailwind\n|\n|upkeep\n|turn|37\n|\n|t:|1700252180\n|move|p2a: Decidueye|Triple Arrows|p1a: Kartana\n|-supereffective|p1a: Kartana\n|-crit|p1a: Kartana\n|-damage|p1a: Kartana|0 fnt\n|faint|p1a: Kartana\n|\n|upkeep\n|\n|t:|1700252183\n|switch|p1a: Gastrodon|Gastrodon-East, M|79\/100\n|turn|38\n|\n|t:|1700252186\n|-terastallize|p1a: Gastrodon|Poison\n|move|p2a: Decidueye|Leaf Blade|p1a: Gastrodon\n|-resisted|p1a: Gastrodon\n|-crit|p1a: Gastrodon\n|-damage|p1a: Gastrodon|44\/100\n|move|p1a: Gastrodon|Recover|p1a: Gastrodon\n|-heal|p1a: Gastrodon|94\/100\n|\n|-heal|p1a: Gastrodon|99\/100|[from] item: Leftovers\n|upkeep\n|turn|39\n|\n|t:|1700252193\n|move|p2a: Decidueye|Triple Arrows|p1a: Gastrodon\n|-resisted|p1a: Gastrodon\n|-crit|p1a: Gastrodon\n|-damage|p1a: Gastrodon|62\/100\n|cant|p1a: Gastrodon|flinch\n|\n|-heal|p1a: Gastrodon|68\/100|[from] item: Leftovers\n|-sideend|p2: RegiSauce|move: Tailwind\n|upkeep\n|turn|40\n|\n|t:|1700252197\n|move|p2a: Decidueye|Triple Arrows|p1a: Gastrodon\n|-resisted|p1a: Gastrodon\n|-crit|p1a: Gastrodon\n|-damage|p1a: Gastrodon|31\/100\n|-unboost|p1a: Gastrodon|def|1\n|move|p1a: Gastrodon|Recover|p1a: Gastrodon\n|-heal|p1a: Gastrodon|81\/100\n|\n|-heal|p1a: Gastrodon|87\/100|[from] item: Leftovers\n|upkeep\n|turn|41\n|\n|t:|1700252203\n|move|p2a: Decidueye|Triple Arrows|p1a: Gastrodon\n|-resisted|p1a: Gastrodon\n|-crit|p1a: Gastrodon\n|-damage|p1a: Gastrodon|32\/100\n|-unboost|p1a: Gastrodon|def|1\n|move|p1a: Gastrodon|Toxic|p2a: Decidueye\n|-status|p2a: Decidueye|tox\n|\n|-heal|p1a: Gastrodon|39\/100|[from] item: Leftovers\n|-damage|p2a: Decidueye|21\/100 tox|[from] psn\n|upkeep\n|turn|42\n|\n|t:|1700252208\n|move|p2a: Decidueye|Triple Arrows|p1a: Gastrodon\n|-resisted|p1a: Gastrodon\n|-crit|p1a: Gastrodon\n|-damage|p1a: Gastrodon|0 fnt\n|faint|p1a: Gastrodon\n|\n|win|RegiSauce\n|raw|PanaMomos's rating: 1411 &rarr; <strong>1394<\/strong><br \/>(-17 for losing)\n|raw|RegiSauce's rating: 1465 &rarr; <strong>1482<\/strong><br \/>(+17 for winning)\n|l|\u2606PanaMomos\n","uploadtime":1700252257,"views":8,"p1id":"panamomos","p2id":"regisauce","formatid":"gen9nationaldex","rating":1394,"private":0,"password":""}