{"id":"gen9nationaldex-1996757011","p1":"mrcalico","p2":"birdnie","format":"[Gen 9] National Dex","log":"|html|<div class=\"broadcast-blue\"><strong>[Gen 9] National Dex is currently suspecting Sneasler! For information on how to participate check out the <a href=\"https:\/\/www.smogon.com\/forums\/threads\/sv-national-dex-suspect-8-just-dance.3731534\/\">suspect thread<\/a>.<\/strong><\/div>\n|j|\u2606mrcalico\n|j|\u2606birdnie\n|t:|1700720022\n|gametype|singles\n|player|p1|mrcalico|alec-anime|1083\n|player|p2|birdnie|marnie-masters3|1042\n|teamsize|p1|6\n|teamsize|p2|6\n|gen|9\n|tier|[Gen 9] National Dex\n|rated|\n|rule|HP Percentage Mod: HP is shown in percentages\n|rule|Endless Battle Clause: Forcing endless battles is banned\n|rule|OHKO Clause: OHKO moves are banned\n|rule|Evasion Clause: Evasion abilities, items, and moves are banned\n|rule|Evasion Abilities Clause: Evasion abilities are banned\n|rule|Evasion Items Clause: Evasion items are banned\n|rule|Evasion Moves Clause: Evasion moves are banned\n|rule|Species Clause: Limit one of each Pok\u00e9mon\n|rule|Sleep Clause Mod: Limit one foe put to sleep\n|clearpoke\n|poke|p1|Ferrothorn, M|\n|poke|p1|Toxapex, M|\n|poke|p1|Garganacl, F|\n|poke|p1|Registeel|\n|poke|p1|Gliscor, F|\n|poke|p1|Latias, F|\n|poke|p2|Ninetales, F|\n|poke|p2|Sylveon, F|\n|poke|p2|Houndoom, M|\n|poke|p2|Mantine, M|\n|poke|p2|Lilligant-Hisui, F|\n|poke|p2|Sandy Shocks|\n|teampreview\n|inactive|Battle timer is ON: inactive players will automatically lose when time's up. (requested by mrcalico)\n|\n|t:|1700720045\n|start\n|switch|p1a: Toxapex|Toxapex, M|100\/100\n|switch|p2a: Icarus|Mantine, M|100\/100\n|turn|1\n|\n|t:|1700720052\n|move|p2a: Icarus|Scald|p1a: Toxapex\n|-resisted|p1a: Toxapex\n|-damage|p1a: Toxapex|91\/100\n|move|p1a: Toxapex|Toxic Spikes|p2a: Icarus\n|-sidestart|p2: birdnie|move: Toxic Spikes\n|\n|upkeep\n|turn|2\n|\n|t:|1700720060\n|move|p2a: Icarus|Scald|p1a: Toxapex\n|-resisted|p1a: Toxapex\n|-damage|p1a: Toxapex|81\/100\n|move|p1a: Toxapex|Toxic Spikes|p2a: Icarus\n|-sidestart|p2: birdnie|move: Toxic Spikes\n|\n|upkeep\n|turn|3\n|\n|t:|1700720066\n|move|p2a: Icarus|Defog|p1a: Toxapex\n|-unboost|p1a: Toxapex|evasion|1\n|-sideend|p2: birdnie|Toxic Spikes|[from] move: Defog|[of] p2a: Icarus\n|move|p1a: Toxapex|Ice Spinner|p2a: Icarus\n|-damage|p2a: Icarus|90\/100\n|\n|upkeep\n|turn|4\n|\n|t:|1700720077\n|switch|p1a: Gliscor|Gliscor, F|100\/100\n|move|p2a: Icarus|Scald|p1a: Gliscor\n|-supereffective|p1a: Gliscor\n|-damage|p1a: Gliscor|46\/100\n|\n|-status|p1a: Gliscor|tox|[from] item: Toxic Orb\n|upkeep\n|turn|5\n|\n|t:|1700720085\n|move|p1a: Gliscor|Protect|p1a: Gliscor\n|-singleturn|p1a: Gliscor|Protect\n|move|p2a: Icarus|Scald|p1a: Gliscor\n|-activate|p1a: Gliscor|move: Protect\n|\n|-heal|p1a: Gliscor|59\/100 tox|[from] ability: Poison Heal\n|upkeep\n|turn|6\n|\n|t:|1700720114\n|move|p1a: Gliscor|U-turn|p2a: Icarus\n|-resisted|p2a: Icarus\n|-damage|p2a: Icarus|83\/100\n|\n|t:|1700720118\n|switch|p1a: Toxapex|Toxapex, M|100\/100|[from] U-turn\n|move|p2a: Icarus|Scald|p1a: Toxapex\n|-resisted|p1a: Toxapex\n|-damage|p1a: Toxapex|91\/100\n|\n|upkeep\n|turn|7\n|\n|t:|1700720125\n|move|p2a: Icarus|Scald|p1a: Toxapex\n|-resisted|p1a: Toxapex\n|-damage|p1a: Toxapex|81\/100\n|move|p1a: Toxapex|Ice Spinner|p2a: Icarus\n|-damage|p2a: Icarus|74\/100\n|\n|upkeep\n|turn|8\n|\n|t:|1700720136\n|move|p2a: Icarus|Scald|p1a: Toxapex\n|-resisted|p1a: Toxapex\n|-damage|p1a: Toxapex|72\/100\n|move|p1a: Toxapex|Ice Spinner|p2a: Icarus\n|-damage|p2a: Icarus|64\/100\n|\n|upkeep\n|turn|9\n|\n|t:|1700720141\n|move|p2a: Icarus|Scald|p1a: Toxapex\n|-resisted|p1a: Toxapex\n|-damage|p1a: Toxapex|62\/100\n|move|p1a: Toxapex|Ice Spinner|p2a: Icarus\n|-damage|p2a: Icarus|54\/100\n|\n|upkeep\n|turn|10\n|\n|t:|1700720159\n|move|p2a: Icarus|Scald|p1a: Toxapex\n|-resisted|p1a: Toxapex\n|-damage|p1a: Toxapex|53\/100\n|move|p1a: Toxapex|Ice Spinner|p2a: Icarus\n|-damage|p2a: Icarus|44\/100\n|\n|upkeep\n|turn|11\n|\n|t:|1700720165\n|move|p2a: Icarus|Scald|p1a: Toxapex\n|-resisted|p1a: Toxapex\n|-damage|p1a: Toxapex|43\/100\n|move|p1a: Toxapex|Recover|p1a: Toxapex\n|-heal|p1a: Toxapex|93\/100\n|\n|upkeep\n|turn|12\n|\n|t:|1700720171\n|move|p2a: Icarus|Roost|p2a: Icarus\n|-heal|p2a: Icarus|94\/100\n|-singleturn|p2a: Icarus|move: Roost\n|move|p1a: Toxapex|Ice Spinner|p2a: Icarus\n|-resisted|p2a: Icarus\n|-damage|p2a: Icarus|88\/100\n|\n|upkeep\n|turn|13\n|inactive|mrcalico has 120 seconds left.\n|\n|t:|1700720207\n|switch|p1a: Registeel|Registeel|100\/100\n|move|p2a: Icarus|Scald|p1a: Registeel\n|-damage|p1a: Registeel|89\/100\n|\n|-heal|p1a: Registeel|95\/100|[from] item: Leftovers\n|upkeep\n|turn|14\n|\n|t:|1700720216\n|move|p2a: Icarus|Scald|p1a: Registeel\n|-damage|p1a: Registeel|82\/100\n|move|p1a: Registeel|Toxic|p2a: Icarus\n|-status|p2a: Icarus|tox\n|\n|-heal|p1a: Registeel|88\/100|[from] item: Leftovers\n|-damage|p2a: Icarus|82\/100 tox|[from] psn\n|upkeep\n|turn|15\n|\n|t:|1700720224\n|switch|p2a: Kiriko|Ninetales, F|100\/100\n|-weather|SunnyDay|[from] ability: Drought|[of] p2a: Kiriko\n|switch|p1a: Toxapex|Toxapex, M|100\/100\n|\n|-weather|SunnyDay|[upkeep]\n|upkeep\n|turn|16\n|inactive|mrcalico has 120 seconds left.\n|\n|t:|1700720259\n|switch|p2a: Abigail|Sylveon, F|100\/100\n|switch|p1a: Latias|Latias, F|100\/100\n|\n|-weather|SunnyDay|[upkeep]\n|upkeep\n|turn|17\n|\n|t:|1700720269\n|switch|p1a: Toxapex|Toxapex, M|100\/100\n|move|p2a: Abigail|Hyper Voice|p1a: Toxapex\n|-resisted|p1a: Toxapex\n|-damage|p1a: Toxapex|84\/100\n|\n|-weather|SunnyDay|[upkeep]\n|upkeep\n|turn|18\n|\n|t:|1700720275\n|move|p2a: Abigail|Heal Bell|p2a: Abigail\n|-activate|p2a: Abigail|move: Heal Bell\n|-curestatus|p2: Icarus|tox|[msg]\n|move|p1a: Toxapex|Toxic Spikes|p2a: Abigail\n|-sidestart|p2: birdnie|move: Toxic Spikes\n|\n|-weather|SunnyDay|[upkeep]\n|upkeep\n|turn|19\n|inactive|mrcalico has 120 seconds left.\n|\n|t:|1700720297\n|switch|p2a: Icarus|Mantine, M|82\/100\n|move|p1a: Toxapex|Toxic Spikes|p2a: Icarus\n|-sidestart|p2: birdnie|move: Toxic Spikes\n|\n|-weather|SunnyDay|[upkeep]\n|upkeep\n|turn|20\n|\n|t:|1700720314\n|move|p2a: Icarus|Defog|p1a: Toxapex\n|-unboost|p1a: Toxapex|evasion|1\n|-sideend|p2: birdnie|Toxic Spikes|[from] move: Defog|[of] p2a: Icarus\n|move|p1a: Toxapex|Ice Spinner|p2a: Icarus\n|-damage|p2a: Icarus|72\/100\n|\n|-weather|SunnyDay|[upkeep]\n|upkeep\n|turn|21\n|\n|t:|1700720327\n|move|p2a: Icarus|Scald|p1a: Toxapex\n|-resisted|p1a: Toxapex\n|-damage|p1a: Toxapex|79\/100\n|move|p1a: Toxapex|Ice Spinner|p2a: Icarus\n|-damage|p2a: Icarus|63\/100\n|\n|-weather|SunnyDay|[upkeep]\n|upkeep\n|turn|22\n|\n|t:|1700720336\n|switch|p1a: Registeel|Registeel|88\/100\n|move|p2a: Icarus|Scald|p1a: Registeel\n|-damage|p1a: Registeel|82\/100\n|-status|p1a: Registeel|brn\n|\n|-weather|none\n|-heal|p1a: Registeel|88\/100 brn|[from] item: Leftovers\n|-damage|p1a: Registeel|82\/100 brn|[from] brn\n|upkeep\n|turn|23\n|\n|t:|1700720347\n|switch|p2a: Kiriko|Ninetales, F|100\/100\n|-weather|SunnyDay|[from] ability: Drought|[of] p2a: Kiriko\n|move|p1a: Registeel|Toxic|p2a: Kiriko\n|-status|p2a: Kiriko|tox\n|\n|-weather|SunnyDay|[upkeep]\n|-heal|p1a: Registeel|88\/100 brn|[from] item: Leftovers\n|-damage|p2a: Kiriko|94\/100 tox|[from] psn\n|-damage|p1a: Registeel|82\/100 brn|[from] brn\n|upkeep\n|turn|24\n|inactive|mrcalico has 120 seconds left.\n|\n|t:|1700720365\n|switch|p2a: Zinnia|Lilligant-Hisui, F|100\/100\n|move|p1a: Registeel|Protect||[still]\n|-fail|p1a: Registeel\n|\n|-weather|SunnyDay|[upkeep]\n|-heal|p1a: Registeel|88\/100 brn|[from] item: Leftovers\n|-damage|p1a: Registeel|82\/100 brn|[from] brn\n|upkeep\n|turn|25\n|\n|t:|1700720373\n|switch|p1a: Latias|Latias, F|100\/100\n|move|p2a: Zinnia|Victory Dance|p2a: Zinnia\n|-boost|p2a: Zinnia|atk|1\n|-boost|p2a: Zinnia|def|1\n|-boost|p2a: Zinnia|spe|1\n|\n|-weather|SunnyDay|[upkeep]\n|upkeep\n|turn|26\n|\n|t:|1700720381\n|-terastallize|p1a: Latias|Poison\n|move|p2a: Zinnia|Ice Spinner|p1a: Latias\n|-damage|p1a: Latias|58\/100\n|move|p1a: Latias|Draco Meteor|p2a: Zinnia|[miss]\n|-miss|p1a: Latias|p2a: Zinnia\n|\n|-weather|SunnyDay|[upkeep]\n|-heal|p1a: Latias|64\/100|[from] item: Leftovers\n|upkeep\n|turn|27\n|inactive|mrcalico has 120 seconds left.\n|\n|t:|1700720418\n|move|p2a: Zinnia|Victory Dance|p2a: Zinnia\n|-boost|p2a: Zinnia|atk|1\n|-boost|p2a: Zinnia|def|1\n|-boost|p2a: Zinnia|spe|1\n|move|p1a: Latias|Draco Meteor|p2a: Zinnia\n|-damage|p2a: Zinnia|29\/100\n|-unboost|p1a: Latias|spa|2\n|\n|-weather|SunnyDay|[upkeep]\n|-heal|p2a: Zinnia|35\/100|[from] item: Leftovers\n|-heal|p1a: Latias|70\/100|[from] item: Leftovers\n|upkeep\n|turn|28\n|\n|t:|1700720433\n|move|p2a: Zinnia|Ice Spinner|p1a: Latias\n|-damage|p1a: Latias|21\/100\n|move|p1a: Latias|Thunder Wave|p2a: Zinnia\n|-status|p2a: Zinnia|par\n|\n|-weather|SunnyDay|[upkeep]\n|-heal|p2a: Zinnia|41\/100 par|[from] item: Leftovers\n|-heal|p1a: Latias|27\/100|[from] item: Leftovers\n|upkeep\n|turn|29\n|inactive|mrcalico has 120 seconds left.\n|\n|t:|1700720452\n|move|p1a: Latias|Protect|p1a: Latias\n|-singleturn|p1a: Latias|Protect\n|move|p2a: Zinnia|Ice Spinner|p1a: Latias\n|-activate|p1a: Latias|move: Protect\n|\n|-weather|SunnyDay|[upkeep]\n|-heal|p2a: Zinnia|47\/100 par|[from] item: Leftovers\n|-heal|p1a: Latias|33\/100|[from] item: Leftovers\n|upkeep\n|turn|30\n|\n|t:|1700720460\n|switch|p1a: Toxapex|Toxapex, M|100\/100\n|move|p2a: Zinnia|Ice Spinner|p1a: Toxapex\n|-resisted|p1a: Toxapex\n|-damage|p1a: Toxapex|83\/100\n|\n|-weather|none\n|-heal|p2a: Zinnia|53\/100 par|[from] item: Leftovers\n|upkeep\n|turn|31\n|inactive|mrcalico has 120 seconds left.\n|\n|t:|1700720485\n|switch|p2a: Abigail|Sylveon, F|100\/100\n|move|p1a: Toxapex|Baneful Bunker||[still]\n|-fail|p1a: Toxapex\n|\n|upkeep\n|turn|32\n|inactive|mrcalico has 90 seconds left.\n|\n|t:|1700720512\n|move|p1a: Toxapex|Baneful Bunker|p1a: Toxapex\n|-singleturn|p1a: Toxapex|move: Protect\n|move|p2a: Abigail|Heal Bell|p2a: Abigail\n|-activate|p2a: Abigail|move: Heal Bell\n|-curestatus|p2: Zinnia|par|[msg]\n|-curestatus|p2: Kiriko|tox|[msg]\n|\n|upkeep\n|turn|33\n|inactive|mrcalico has 90 seconds left.\n|\n|t:|1700720528\n|switch|p2a: Thales|Sandy Shocks|100\/100\n|-enditem|p2a: Thales|Booster Energy\n|-activate|p2a: Thales|ability: Protosynthesis|[fromitem]\n|-start|p2a: Thales|protosynthesisspe\n|switch|p1a: Gliscor|Gliscor, F|59\/100 tox\n|\n|-heal|p1a: Gliscor|71\/100 tox|[from] ability: Poison Heal\n|upkeep\n|turn|34\n|inactive|mrcalico has 90 seconds left.\n|\n|t:|1700720554\n|-end|p2a: Thales|Protosynthesis|[silent]\n|switch|p2a: Zinnia|Lilligant-Hisui, F|53\/100\n|move|p1a: Gliscor|Spikes|p2a: Zinnia\n|-sidestart|p2: birdnie|Spikes\n|\n|-heal|p2a: Zinnia|59\/100|[from] item: Leftovers\n|-heal|p1a: Gliscor|84\/100 tox|[from] ability: Poison Heal\n|upkeep\n|turn|35\n|\n|t:|1700720564\n|switch|p1a: Toxapex|Toxapex, M|100\/100\n|move|p2a: Zinnia|Victory Dance|p2a: Zinnia\n|-boost|p2a: Zinnia|atk|1\n|-boost|p2a: Zinnia|def|1\n|-boost|p2a: Zinnia|spe|1\n|\n|-heal|p2a: Zinnia|65\/100|[from] item: Leftovers\n|upkeep\n|turn|36\n|\n|t:|1700720576\n|move|p2a: Zinnia|Victory Dance|p2a: Zinnia\n|-boost|p2a: Zinnia|atk|1\n|-boost|p2a: Zinnia|def|1\n|-boost|p2a: Zinnia|spe|1\n|move|p1a: Toxapex|Ice Spinner|p2a: Zinnia\n|-supereffective|p2a: Zinnia\n|-damage|p2a: Zinnia|44\/100\n|\n|-heal|p2a: Zinnia|50\/100|[from] item: Leftovers\n|upkeep\n|turn|37\n|inactive|mrcalico has 90 seconds left.\n|inactive|mrcalico has 60 seconds left.\n|\n|t:|1700720628\n|move|p2a: Zinnia|Victory Dance|p2a: Zinnia\n|-boost|p2a: Zinnia|atk|1\n|-boost|p2a: Zinnia|def|1\n|-boost|p2a: Zinnia|spe|1\n|move|p1a: Toxapex|Ice Spinner|p2a: Zinnia\n|-supereffective|p2a: Zinnia\n|-damage|p2a: Zinnia|32\/100\n|\n|-heal|p2a: Zinnia|38\/100|[from] item: Leftovers\n|upkeep\n|turn|38\n|\n|t:|1700720638\n|move|p1a: Toxapex|Baneful Bunker|p1a: Toxapex\n|-singleturn|p1a: Toxapex|move: Protect\n|move|p2a: Zinnia|Leaf Blade|p1a: Toxapex\n|-activate|p1a: Toxapex|move: Protect\n|-status|p2a: Zinnia|psn\n|\n|-heal|p2a: Zinnia|44\/100 psn|[from] item: Leftovers\n|-damage|p2a: Zinnia|31\/100 psn|[from] psn\n|upkeep\n|turn|39\n|\n|t:|1700720650\n|switch|p1a: Ferrothorn|Ferrothorn, M|100\/100\n|move|p2a: Zinnia|Leaf Blade|p1a: Ferrothorn\n|-resisted|p1a: Ferrothorn\n|-crit|p1a: Ferrothorn\n|-damage|p1a: Ferrothorn|76\/100\n|-damage|p2a: Zinnia|19\/100 psn|[from] ability: Iron Barbs|[of] p1a: Ferrothorn\n|\n|-heal|p2a: Zinnia|25\/100 psn|[from] item: Leftovers\n|-heal|p1a: Ferrothorn|82\/100|[from] item: Leftovers\n|-damage|p2a: Zinnia|13\/100 psn|[from] psn\n|upkeep\n|turn|40\n|\n|t:|1700720663\n|move|p2a: Zinnia|Close Combat|p1a: Ferrothorn\n|-supereffective|p1a: Ferrothorn\n|-damage|p1a: Ferrothorn|0 fnt\n|-unboost|p2a: Zinnia|def|1\n|-unboost|p2a: Zinnia|spd|1\n|-damage|p2a: Zinnia|0 fnt|[from] ability: Iron Barbs|[of] p1a: Ferrothorn\n|faint|p1a: Ferrothorn\n|faint|p2a: Zinnia\n|\n|upkeep\n|\n|t:|1700720676\n|switch|p2a: Icarus|Mantine, M|63\/100\n|switch|p1a: Latias|Latias, F, tera:Poison|33\/100\n|turn|41\n|inactive|mrcalico has 60 seconds left.\n|inactive|mrcalico has 30 seconds left.\n|\n|t:|1700720727\n|move|p1a: Latias|Recover|p1a: Latias\n|-heal|p1a: Latias|83\/100\n|move|p2a: Icarus|Scald|p1a: Latias\n|-damage|p1a: Latias|69\/100\n|-status|p1a: Latias|brn\n|\n|-heal|p1a: Latias|75\/100 brn|[from] item: Leftovers\n|-damage|p1a: Latias|69\/100 brn|[from] brn\n|upkeep\n|turn|42\n|\n|t:|1700720740\n|move|p1a: Latias|Recover|p1a: Latias\n|-heal|p1a: Latias|100\/100 brn\n|move|p2a: Icarus|Defog|p1a: Latias\n|-unboost|p1a: Latias|evasion|1\n|-sideend|p2: birdnie|Spikes|[from] move: Defog|[of] p2a: Icarus\n|\n|-damage|p1a: Latias|94\/100 brn|[from] brn\n|upkeep\n|turn|43\n|inactive|mrcalico has 30 seconds left.\n|inactive|mrcalico has 20 seconds left.\n|inactive|mrcalico has 15 seconds left.\n|inactive|mrcalico has 10 seconds left.\n|inactive|mrcalico has 5 seconds left.\n|-message|mrcalico lost due to inactivity.\n|\n|win|birdnie\n|raw|mrcalico's rating: 1083 &rarr; <strong>1058<\/strong><br \/>(-25 for losing)\n|raw|birdnie's rating: 1042 &rarr; <strong>1080<\/strong><br \/>(+38 for winning)\n","uploadtime":1700720790,"views":11,"p1id":"mrcalico","p2id":"birdnie","formatid":"gen9nationaldex","rating":1058,"private":0,"password":""}