{"id":"gen9nationaldex-1992499105","p1":"miaomu718","p2":"tdd20070515\u5179\u4f0f\u5947\u5927\u543e","format":"[Gen 9] National Dex","log":"|j|\u2606miaomu718\n|j|\u2606tdd20070515\u5179\u4f0f\u5947\u5927\u543e\n|t:|1700195441\n|gametype|singles\n|player|p1|miaomu718|jasmine|1287\n|player|p2|tdd20070515\u5179\u4f0f\u5947\u5927\u543e|steven|1319\n|teamsize|p1|6\n|teamsize|p2|6\n|gen|9\n|tier|[Gen 9] National Dex\n|rated|\n|rule|HP Percentage Mod: HP is shown in percentages\n|rule|Endless Battle Clause: Forcing endless battles is banned\n|rule|OHKO Clause: OHKO moves are banned\n|rule|Evasion Clause: Evasion abilities, items, and moves are banned\n|rule|Evasion Abilities Clause: Evasion abilities are banned\n|rule|Evasion Items Clause: Evasion items are banned\n|rule|Evasion Moves Clause: Evasion moves are banned\n|rule|Species Clause: Limit one of each Pok\u00e9mon\n|rule|Sleep Clause Mod: Limit one foe put to sleep\n|clearpoke\n|poke|p1|Tapu Koko|\n|poke|p1|Scizor, M|\n|poke|p1|Iron Moth|\n|poke|p1|Ursaluna, M|\n|poke|p1|Toxapex, F|\n|poke|p1|Hydreigon, F|\n|poke|p2|Tapu Lele|\n|poke|p2|Hawlucha, M|\n|poke|p2|Chansey, F|\n|poke|p2|Cinderace, M|\n|poke|p2|Polteageist-Antique|\n|poke|p2|Armarouge, M|\n|teampreview\n|inactive|Battle timer is ON: inactive players will automatically lose when time's up. (requested by miaomu718)\n|\n|t:|1700195451\n|start\n|switch|p1a: Scizor|Scizor, M|100\/100\n|switch|p2a: Chansey|Chansey, F|100\/100\n|turn|1\n|\n|t:|1700195461\n|detailschange|p1a: Scizor|Scizor-Mega, M\n|-mega|p1a: Scizor|Scizor|Scizorite\n|-terastallize|p2a: Chansey|Ground\n|move|p1a: Scizor|U-turn|p2a: Chansey\n|-damage|p2a: Chansey|80\/100\n|\n|t:|1700195471\n|switch|p1a: Hydreigon|Hydreigon, F|100\/100|[from] U-turn\n|move|p2a: Chansey|Thunder Wave|p1a: Hydreigon\n|-status|p1a: Hydreigon|par\n|\n|upkeep\n|turn|2\n|\n|t:|1700195477\n|move|p1a: Hydreigon|Stealth Rock|p2a: Chansey\n|-sidestart|p2: tdd20070515\u5179\u4f0f\u5947\u5927\u543e|move: Stealth Rock\n|move|p2a: Chansey|Teleport|p2a: Chansey\n|\n|t:|1700195481\n|switch|p2a: Tapu Lele|Tapu Lele|100\/100|[from] Teleport\n|-damage|p2a: Tapu Lele|88\/100|[from] Stealth Rock\n|-fieldstart|move: Psychic Terrain|[from] ability: Psychic Surge|[of] p2a: Tapu Lele\n|\n|upkeep\n|turn|3\n|\n|t:|1700195488\n|switch|p1a: Scizor|Scizor-Mega, M|100\/100\n|move|p2a: Tapu Lele|Focus Blast|p1a: Scizor\n|-damage|p1a: Scizor|57\/100\n|\n|upkeep\n|turn|4\n|\n|t:|1700195506\n|switch|p2a: Armarouge|Armarouge, M|100\/100\n|-damage|p2a: Armarouge|75\/100|[from] Stealth Rock\n|move|p1a: Scizor|Roost|p1a: Scizor\n|-heal|p1a: Scizor|100\/100\n|-singleturn|p1a: Scizor|move: Roost\n|\n|upkeep\n|turn|5\n|\n|t:|1700195520\n|switch|p1a: Toxapex|Toxapex, F|100\/100\n|move|p2a: Armarouge|Endure||[still]\n|-fail|p2a: Armarouge\n|\n|upkeep\n|turn|6\n|\n|t:|1700195526\n|move|p2a: Armarouge|Expanding Force|p1a: Toxapex\n|-supereffective|p1a: Toxapex\n|-damage|p1a: Toxapex|0 fnt\n|faint|p1a: Toxapex\n|\n|upkeep\n|\n|t:|1700195534\n|switch|p1a: Hydreigon|Hydreigon, F|100\/100 par\n|turn|7\n|\n|t:|1700195538\n|move|p2a: Armarouge|Endure|p2a: Armarouge\n|-singleturn|p2a: Armarouge|move: Endure\n|cant|p1a: Hydreigon|par\n|\n|upkeep\n|turn|8\n|\n|t:|1700195545\n|move|p2a: Armarouge|Endure|p2a: Armarouge\n|-singleturn|p2a: Armarouge|move: Endure\n|move|p1a: Hydreigon|Dark Pulse|p2a: Armarouge\n|-supereffective|p2a: Armarouge\n|-activate|p2a: Armarouge|move: Endure\n|-damage|p2a: Armarouge|1\/100\n|-enditem|p2a: Armarouge|Weakness Policy\n|-boost|p2a: Armarouge|atk|2|[from] item: Weakness Policy\n|-boost|p2a: Armarouge|spa|2|[from] item: Weakness Policy\n|\n|upkeep\n|turn|9\n|\n|t:|1700195558\n|move|p2a: Armarouge|Armor Cannon|p1a: Hydreigon\n|-resisted|p1a: Hydreigon\n|-damage|p1a: Hydreigon|43\/100 par\n|-unboost|p2a: Armarouge|def|1\n|-unboost|p2a: Armarouge|spd|1\n|move|p1a: Hydreigon|Earth Power|p2a: Armarouge\n|-supereffective|p2a: Armarouge\n|-damage|p2a: Armarouge|0 fnt\n|faint|p2a: Armarouge\n|\n|-heal|p1a: Hydreigon|49\/100 par|[from] item: Leftovers\n|-fieldend|move: Psychic Terrain\n|upkeep\n|\n|t:|1700195564\n|switch|p2a: Tapu Lele|Tapu Lele|88\/100\n|-damage|p2a: Tapu Lele|76\/100|[from] Stealth Rock\n|-fieldstart|move: Psychic Terrain|[from] ability: Psychic Surge|[of] p2a: Tapu Lele\n|turn|10\n|\n|t:|1700195571\n|move|p2a: Tapu Lele|Future Sight|p1a: Hydreigon\n|-start|p2a: Tapu Lele|move: Future Sight\n|move|p1a: Hydreigon|Dark Pulse|p2a: Tapu Lele\n|-damage|p2a: Tapu Lele|40\/100\n|\n|-heal|p1a: Hydreigon|56\/100 par|[from] item: Leftovers\n|upkeep\n|turn|11\n|\n|t:|1700195579\n|move|p2a: Tapu Lele|Moonblast|p1a: Hydreigon\n|-supereffective|p1a: Hydreigon\n|-damage|p1a: Hydreigon|0 fnt\n|faint|p1a: Hydreigon\n|\n|upkeep\n|\n|t:|1700195582\n|switch|p1a: Scizor|Scizor-Mega, M|100\/100\n|turn|12\n|\n|t:|1700195588\n|switch|p2a: Hawlucha|Hawlucha, M, shiny|100\/100\n|-damage|p2a: Hawlucha|88\/100|[from] Stealth Rock\n|-enditem|p2a: Hawlucha|Psychic Seed\n|-boost|p2a: Hawlucha|spd|1|[from] item: Psychic Seed\n|move|p1a: Scizor|U-turn|p2a: Hawlucha\n|-resisted|p2a: Hawlucha\n|-damage|p2a: Hawlucha|76\/100\n|\n|t:|1700195597\n|switch|p1a: Tapu Koko|Tapu Koko|100\/100|[from] U-turn\n|-fieldstart|move: Electric Terrain|[from] ability: Electric Surge|[of] p1a: Tapu Koko\n|\n|-end|p1a: Tapu Koko|move: Future Sight\n|-damage|p1a: Tapu Koko|3\/100\n|upkeep\n|turn|13\n|\n|t:|1700195609\n|move|p2a: Hawlucha|Acrobatics|p1a: Tapu Koko\n|-resisted|p1a: Tapu Koko\n|-damage|p1a: Tapu Koko|0 fnt\n|faint|p1a: Tapu Koko\n|\n|upkeep\n|\n|t:|1700195611\n|switch|p1a: Iron Moth|Iron Moth|100\/100\n|-activate|p1a: Iron Moth|ability: Quark Drive\n|-start|p1a: Iron Moth|quarkdrivespe\n|turn|14\n|\n|t:|1700195621\n|move|p2a: Hawlucha|Acrobatics|p1a: Iron Moth\n|-damage|p1a: Iron Moth|29\/100\n|move|p1a: Iron Moth|Discharge|p2a: Hawlucha\n|-supereffective|p2a: Hawlucha\n|-damage|p2a: Hawlucha|0 fnt\n|faint|p2a: Hawlucha\n|\n|upkeep\n|\n|t:|1700195628\n|switch|p2a: Chansey|Chansey, F, tera:Ground|80\/100\n|-damage|p2a: Chansey|74\/100|[from] Stealth Rock\n|turn|15\n|\n|t:|1700195639\n|move|p1a: Iron Moth|Fiery Dance|p2a: Chansey\n|-damage|p2a: Chansey|61\/100\n|move|p2a: Chansey|Soft-Boiled|p2a: Chansey\n|-heal|p2a: Chansey|100\/100\n|\n|upkeep\n|turn|16\n|\n|t:|1700195645\n|move|p1a: Iron Moth|Discharge|p2a: Chansey\n|-immune|p2a: Chansey\n|move|p2a: Chansey|Thunder Wave|p1a: Iron Moth\n|-status|p1a: Iron Moth|par\n|\n|-fieldend|move: Electric Terrain\n|-end|p1a: Iron Moth|Quark Drive\n|upkeep\n|turn|17\n|\n|t:|1700195651\n|move|p1a: Iron Moth|Sludge Wave|p2a: Chansey\n|-resisted|p2a: Chansey\n|-damage|p2a: Chansey|93\/100\n|move|p2a: Chansey|Teleport|p2a: Chansey\n|\n|t:|1700195654\n|switch|p2a: Cinderace|Cinderace, M|100\/100|[from] Teleport\n|\n|upkeep\n|turn|18\n|\n|t:|1700195658\n|move|p2a: Cinderace|Court Change|p2a: Cinderace\n|-start|p2a: Cinderace|typechange|Normal|[from] ability: Libero\n|-swapsideconditions\n|-activate|p2a: Cinderace|move: Court Change\n|move|p1a: Iron Moth|Sludge Wave|p2a: Cinderace\n|-damage|p2a: Cinderace|32\/100\n|\n|upkeep\n|turn|19\n|\n|t:|1700195666\n|move|p2a: Cinderace|U-turn|p1a: Iron Moth\n|-resisted|p1a: Iron Moth\n|-damage|p1a: Iron Moth|20\/100 par\n|\n|t:|1700195668\n|switch|p2a: Tapu Lele|Tapu Lele|40\/100|[from] U-turn\n|-fieldstart|move: Psychic Terrain|[from] ability: Psychic Surge|[of] p2a: Tapu Lele\n|cant|p1a: Iron Moth|par\n|\n|upkeep\n|turn|20\n|\n|t:|1700195676\n|move|p2a: Tapu Lele|Moonblast|p1a: Iron Moth\n|-resisted|p1a: Iron Moth\n|-damage|p1a: Iron Moth|6\/100 par\n|move|p1a: Iron Moth|Fiery Dance|p2a: Tapu Lele\n|-damage|p2a: Tapu Lele|6\/100\n|\n|upkeep\n|turn|21\n|\n|t:|1700195684\n|move|p2a: Tapu Lele|Taunt|p1a: Iron Moth\n|-start|p1a: Iron Moth|move: Taunt\n|move|p1a: Iron Moth|Fiery Dance|p2a: Tapu Lele\n|-damage|p2a: Tapu Lele|0 fnt\n|faint|p2a: Tapu Lele\n|\n|upkeep\n|\n|t:|1700195687\n|switch|p2a: Polteageist|Polteageist-Antique|100\/100\n|turn|22\n|\n|t:|1700195695\n|move|p2a: Polteageist|Shell Smash|p2a: Polteageist\n|-unboost|p2a: Polteageist|def|1\n|-unboost|p2a: Polteageist|spd|1\n|-boost|p2a: Polteageist|atk|2\n|-boost|p2a: Polteageist|spa|2\n|-boost|p2a: Polteageist|spe|2\n|move|p1a: Iron Moth|Fiery Dance|p2a: Polteageist\n|-crit|p2a: Polteageist\n|-enditem|p2a: Polteageist|Focus Sash\n|-damage|p2a: Polteageist|1\/100\n|\n|upkeep\n|turn|23\n|\n|t:|1700195704\n|move|p2a: Polteageist|Dark Pulse|p1a: Iron Moth\n|-damage|p1a: Iron Moth|0 fnt\n|faint|p1a: Iron Moth\n|-end|p1a: Iron Moth|Quark Drive|[silent]\n|\n|upkeep\n|\n|t:|1700195707\n|switch|p1a: Scizor|Scizor-Mega, M|100\/100\n|-damage|p1a: Scizor|88\/100|[from] Stealth Rock\n|turn|24\n|\n|t:|1700195714\n|move|p1a: Scizor|Bullet Punch|p2a: Polteageist\n|-activate|p2a: Polteageist|move: Psychic Terrain\n|move|p2a: Polteageist|Stored Power|p1a: Scizor\n|-resisted|p1a: Scizor\n|-damage|p1a: Scizor|24\/100\n|\n|upkeep\n|turn|25\n|\n|t:|1700195724\n|move|p2a: Polteageist|Stored Power|p1a: Scizor\n|-resisted|p1a: Scizor\n|-damage|p1a: Scizor|0 fnt\n|faint|p1a: Scizor\n|\n|upkeep\n|\n|t:|1700195727\n|switch|p1a: Ursaluna|Ursaluna, M|100\/100\n|-damage|p1a: Ursaluna|94\/100|[from] Stealth Rock\n|turn|26\n|\n|t:|1700195735\n|move|p2a: Polteageist|Stored Power|p1a: Ursaluna\n|-damage|p1a: Ursaluna|0 fnt\n|faint|p1a: Ursaluna\n|\n|win|tdd20070515\u5179\u4f0f\u5947\u5927\u543e\n|raw|miaomu718's rating: 1287 &rarr; <strong>1264<\/strong><br \/>(-23 for losing)\n|raw|tdd20070515\u5179\u4f0f\u5947\u5927\u543e's rating: 1319 &rarr; <strong>1337<\/strong><br \/>(+18 for winning)\n","uploadtime":1700195741,"views":7,"p1id":"miaomu718","p2id":"tdd20070515","formatid":"gen9nationaldex","rating":1264,"private":0,"password":""}