{"id":"gen9nationaldex-1999774245","p1":"XD_IS_MY_NAME","p2":"kell2","format":"[Gen 9] National Dex","log":"|html|<div class=\"broadcast-blue\"><strong>[Gen 9] National Dex is currently suspecting Sneasler! For information on how to participate check out the <a href=\"https:\/\/www.smogon.com\/forums\/threads\/sv-national-dex-suspect-8-just-dance.3731534\/\">suspect thread<\/a>.<\/strong><\/div>\n|j|\u2606XD_IS_MY_NAME\n|j|\u2606kell2\n|t:|1701115473\n|gametype|singles\n|player|p1|XD_IS_MY_NAME|parasollady-gen4|1371\n|player|p2|kell2|hiker-gen4|1359\n|teamsize|p1|6\n|teamsize|p2|6\n|gen|9\n|tier|[Gen 9] National Dex\n|rated|\n|rule|HP Percentage Mod: HP is shown in percentages\n|rule|Endless Battle Clause: Forcing endless battles is banned\n|rule|OHKO Clause: OHKO moves are banned\n|rule|Evasion Clause: Evasion abilities, items, and moves are banned\n|rule|Evasion Abilities Clause: Evasion abilities are banned\n|rule|Evasion Items Clause: Evasion items are banned\n|rule|Evasion Moves Clause: Evasion moves are banned\n|rule|Species Clause: Limit one of each Pok\u00e9mon\n|rule|Sleep Clause Mod: Limit one foe put to sleep\n|clearpoke\n|poke|p1|Hitmontop, M|\n|poke|p1|Gliscor, M|\n|poke|p1|Tapu Fini|\n|poke|p1|Scizor, M|\n|poke|p1|Iron Moth|\n|poke|p1|Meowscarada, M|\n|poke|p2|Mawile, F|\n|poke|p2|Tapu Lele|\n|poke|p2|Ogerpon-Wellspring, F|\n|poke|p2|Zamazenta-*|\n|poke|p2|Landorus-Therian, M|\n|poke|p2|Heatran, F|\n|teampreview\n|inactive|Battle timer is ON: inactive players will automatically lose when time's up. (requested by kell2)\n|\n|t:|1701115484\n|start\n|switch|p1a: Tapu Fini|Tapu Fini|100\/100\n|switch|p2a: Mawile|Mawile, F|100\/100\n|-fieldstart|move: Misty Terrain|[from] ability: Misty Surge|[of] p1a: Tapu Fini\n|-ability|p2a: Mawile|Intimidate|boost\n|-unboost|p1a: Tapu Fini|atk|1\n|turn|1\n|\n|t:|1701115494\n|switch|p1a: Gliscor|Gliscor, M|100\/100\n|detailschange|p2a: Mawile|Mawile-Mega, F\n|-mega|p2a: Mawile|Mawile|Mawilite\n|move|p2a: Mawile|Thunder Punch|p1a: Gliscor\n|-immune|p1a: Gliscor\n|\n|-status|p1a: Gliscor|tox|[from] item: Toxic Orb\n|upkeep\n|turn|2\n|\n|t:|1701115504\n|move|p1a: Gliscor|Earthquake|p2a: Mawile\n|-supereffective|p2a: Mawile\n|-damage|p2a: Mawile|24\/100\n|move|p2a: Mawile|Ice Punch|p1a: Gliscor\n|-supereffective|p1a: Gliscor\n|-damage|p1a: Gliscor|0 fnt\n|faint|p1a: Gliscor\n|\n|upkeep\n|\n|t:|1701115513\n|switch|p1a: Scizor|Scizor, M|100\/100\n|turn|3\n|\n|t:|1701115522\n|detailschange|p1a: Scizor|Scizor-Mega, M\n|-mega|p1a: Scizor|Scizor|Scizorite\n|move|p1a: Scizor|Bullet Punch|p2a: Mawile\n|-damage|p2a: Mawile|0 fnt\n|faint|p2a: Mawile\n|\n|upkeep\n|\n|t:|1701115527\n|switch|p2a: Heatran|Heatran, F|100\/100\n|turn|4\n|\n|t:|1701115533\n|move|p1a: Scizor|U-turn|p2a: Heatran\n|-resisted|p2a: Heatran\n|-damage|p2a: Heatran|93\/100\n|\n|t:|1701115534\n|switch|p1a: Tapu Fini|Tapu Fini|100\/100|[from] U-turn\n|move|p2a: Heatran|Magma Storm|p1a: Tapu Fini\n|-resisted|p1a: Tapu Fini\n|-damage|p1a: Tapu Fini|82\/100\n|-activate|p1a: Tapu Fini|move: Magma Storm|[of] p2a: Heatran\n|\n|-heal|p1a: Tapu Fini|89\/100|[from] item: Leftovers\n|-heal|p2a: Heatran|99\/100|[from] item: Leftovers\n|-damage|p1a: Tapu Fini|76\/100|[from] move: Magma Storm|[partiallytrapped]\n|upkeep\n|turn|5\n|\n|t:|1701115544\n|move|p1a: Tapu Fini|Taunt|p2a: Heatran\n|-start|p2a: Heatran|move: Taunt\n|cant|p2a: Heatran|move: Taunt|Stealth Rock\n|\n|-heal|p1a: Tapu Fini|82\/100|[from] item: Leftovers\n|-heal|p2a: Heatran|100\/100|[from] item: Leftovers\n|-damage|p1a: Tapu Fini|70\/100|[from] move: Magma Storm|[partiallytrapped]\n|-fieldend|Misty Terrain\n|upkeep\n|turn|6\n|\n|t:|1701115552\n|switch|p2a: Tapu Lele|Tapu Lele|100\/100\n|-fieldstart|move: Psychic Terrain|[from] ability: Psychic Surge|[of] p2a: Tapu Lele\n|move|p1a: Tapu Fini|Surf|p2a: Tapu Lele\n|-damage|p2a: Tapu Lele|67\/100\n|\n|-heal|p1a: Tapu Fini|76\/100|[from] item: Leftovers\n|-end|p1a: Tapu Fini|Magma Storm|[partiallytrapped]|[silent]\n|upkeep\n|turn|7\n|\n|t:|1701115559\n|switch|p1a: Scizor|Scizor-Mega, M|100\/100\n|move|p2a: Tapu Lele|Moonblast|p1a: Scizor\n|-resisted|p1a: Scizor\n|-damage|p1a: Scizor|82\/100\n|\n|upkeep\n|turn|8\n|\n|t:|1701115565\n|switch|p2a: Landorus|Landorus-Therian, M|100\/100\n|-ability|p2a: Landorus|Intimidate|boost\n|-unboost|p1a: Scizor|atk|1\n|move|p1a: Scizor|Knock Off|p2a: Landorus\n|-damage|p2a: Landorus|83\/100\n|-enditem|p2a: Landorus|Leftovers|[from] move: Knock Off|[of] p1a: Scizor\n|\n|upkeep\n|turn|9\n|\n|t:|1701115574\n|move|p2a: Landorus|U-turn|p1a: Scizor\n|-resisted|p1a: Scizor\n|-damage|p1a: Scizor|74\/100\n|\n|t:|1701115576\n|switch|p2a: Heatran|Heatran, F|100\/100|[from] U-turn\n|move|p1a: Scizor|U-turn|p2a: Heatran\n|-resisted|p2a: Heatran\n|-damage|p2a: Heatran|96\/100\n|\n|t:|1701115580\n|switch|p1a: rollie|Hitmontop, M|100\/100|[from] U-turn\n|\n|-heal|p2a: Heatran|100\/100|[from] item: Leftovers\n|upkeep\n|turn|10\n|\n|t:|1701115598\n|switch|p2a: Zamazenta|Zamazenta|100\/100\n|-ability|p2a: Zamazenta|Dauntless Shield|boost\n|-boost|p2a: Zamazenta|def|1\n|move|p1a: rollie|Bulk Up|p1a: rollie\n|-boost|p1a: rollie|atk|1\n|-boost|p1a: rollie|def|1\n|\n|-fieldend|move: Psychic Terrain\n|upkeep\n|turn|11\n|inactive|XD_IS_MY_NAME has 120 seconds left.\n|\n|t:|1701115624\n|move|p2a: Zamazenta|Close Combat|p1a: rollie\n|-damage|p1a: rollie|52\/100\n|-unboost|p2a: Zamazenta|def|1\n|-unboost|p2a: Zamazenta|spd|1\n|move|p1a: rollie|Triple Axel|p2a: Zamazenta\n|-damage|p2a: Zamazenta|90\/100\n|-damage|p2a: Zamazenta|71\/100\n|-damage|p2a: Zamazenta|44\/100\n|-hitcount|p2a: Zamazenta|3\n|\n|upkeep\n|turn|12\n|inactive|XD_IS_MY_NAME has 120 seconds left.\n|\n|t:|1701115634\n|move|p1a: rollie|Mach Punch|p2a: Zamazenta\n|-damage|p2a: Zamazenta|14\/100\n|move|p2a: Zamazenta|Close Combat|p1a: rollie\n|-damage|p1a: rollie|6\/100\n|-unboost|p2a: Zamazenta|def|1\n|-unboost|p2a: Zamazenta|spd|1\n|-enditem|p1a: rollie|Liechi Berry|[eat]\n|-boost|p1a: rollie|atk|1|[from] item: Liechi Berry\n|\n|upkeep\n|turn|13\n|inactive|XD_IS_MY_NAME has 120 seconds left.\n|\n|t:|1701115652\n|switch|p2a: Tapu Lele|Tapu Lele|67\/100\n|-fieldstart|move: Psychic Terrain|[from] ability: Psychic Surge|[of] p2a: Tapu Lele\n|move|p1a: rollie|Mach Punch|p2a: Tapu Lele\n|-activate|p2a: Tapu Lele|move: Psychic Terrain\n|\n|upkeep\n|turn|14\n|\n|t:|1701115660\n|move|p2a: Tapu Lele|Moonblast|p1a: rollie\n|-supereffective|p1a: rollie\n|-damage|p1a: rollie|0 fnt\n|faint|p1a: rollie\n|\n|upkeep\n|\n|t:|1701115665\n|switch|p1a: Scizor|Scizor-Mega, M|74\/100\n|turn|15\n|\n|t:|1701115677\n|switch|p2a: Heatran|Heatran, F|100\/100\n|move|p1a: Scizor|U-turn|p2a: Heatran\n|-resisted|p2a: Heatran\n|-damage|p2a: Heatran|93\/100\n|\n|t:|1701115681\n|switch|p1a: Tapu Fini|Tapu Fini|76\/100|[from] U-turn\n|-fieldstart|move: Misty Terrain|[from] ability: Misty Surge|[of] p1a: Tapu Fini\n|\n|-heal|p1a: Tapu Fini|82\/100|[from] item: Leftovers\n|-heal|p2a: Heatran|99\/100|[from] item: Leftovers\n|upkeep\n|turn|16\n|\n|t:|1701115697\n|move|p1a: Tapu Fini|Surf|p2a: Heatran\n|-supereffective|p2a: Heatran\n|-damage|p2a: Heatran|66\/100\n|move|p2a: Heatran|Stealth Rock|p1a: Tapu Fini\n|-sidestart|p1: XD_IS_MY_NAME|move: Stealth Rock\n|\n|-heal|p1a: Tapu Fini|89\/100|[from] item: Leftovers\n|-heal|p2a: Heatran|73\/100|[from] item: Leftovers\n|upkeep\n|turn|17\n|\n|t:|1701115708\n|switch|p2a: Ogerpon|Ogerpon-Wellspring, F|100\/100\n|move|p1a: Tapu Fini|Moonblast|p2a: Ogerpon\n|-damage|p2a: Ogerpon|63\/100\n|-unboost|p2a: Ogerpon|spa|1\n|\n|-heal|p1a: Tapu Fini|95\/100|[from] item: Leftovers\n|upkeep\n|turn|18\n|\n|t:|1701115721\n|-terastallize|p1a: Tapu Fini|Dragon\n|move|p2a: Ogerpon|Horn Leech|p1a: Tapu Fini\n|-resisted|p1a: Tapu Fini\n|-damage|p1a: Tapu Fini|78\/100\n|-heal|p2a: Ogerpon|73\/100|[from] drain|[of] p1a: Tapu Fini\n|move|p1a: Tapu Fini|Moonblast|p2a: Ogerpon\n|-damage|p2a: Ogerpon|37\/100\n|\n|-heal|p1a: Tapu Fini|84\/100|[from] item: Leftovers\n|upkeep\n|turn|19\n|inactive|kell2 has 120 seconds left.\n|\n|t:|1701115759\n|move|p2a: Ogerpon|Ivy Cudgel|p1a: Tapu Fini|[anim] Ivy Cudgel Water\n|-resisted|p1a: Tapu Fini\n|-damage|p1a: Tapu Fini|63\/100\n|move|p1a: Tapu Fini|Moonblast|p2a: Ogerpon\n|-damage|p2a: Ogerpon|0 fnt\n|faint|p2a: Ogerpon\n|\n|-heal|p1a: Tapu Fini|69\/100|[from] item: Leftovers\n|-fieldend|Misty Terrain\n|upkeep\n|\n|t:|1701115765\n|switch|p2a: Tapu Lele|Tapu Lele|67\/100\n|-fieldstart|move: Psychic Terrain|[from] ability: Psychic Surge|[of] p2a: Tapu Lele\n|turn|20\n|inactive|kell2 has 120 seconds left.\n|\n|t:|1701115772\n|switch|p1a: Scizor|Scizor-Mega, M|74\/100\n|-damage|p1a: Scizor|61\/100|[from] Stealth Rock\n|move|p2a: Tapu Lele|Future Sight|p1a: Scizor\n|-start|p2a: Tapu Lele|move: Future Sight\n|\n|upkeep\n|turn|21\n|\n|t:|1701115778\n|switch|p2a: Heatran|Heatran, F|73\/100\n|move|p1a: Scizor|Knock Off|p2a: Heatran\n|-damage|p2a: Heatran|45\/100\n|-enditem|p2a: Heatran|Leftovers|[from] move: Knock Off|[of] p1a: Scizor\n|\n|upkeep\n|turn|22\n|\n|t:|1701115784\n|move|p1a: Scizor|Close Combat|p2a: Heatran\n|-supereffective|p2a: Heatran\n|-damage|p2a: Heatran|0 fnt\n|-unboost|p1a: Scizor|def|1\n|-unboost|p1a: Scizor|spd|1\n|faint|p2a: Heatran\n|\n|-end|p1a: Scizor|move: Future Sight\n|-resisted|p1a: Scizor\n|-damage|p1a: Scizor|16\/100\n|upkeep\n|\n|t:|1701115791\n|switch|p2a: Tapu Lele|Tapu Lele|67\/100\n|turn|23\n|\n|t:|1701115797\n|move|p2a: Tapu Lele|Moonblast|p1a: Scizor\n|-resisted|p1a: Scizor\n|-damage|p1a: Scizor|0 fnt\n|faint|p1a: Scizor\n|\n|upkeep\n|\n|t:|1701115826\n|switch|p1a: Iron Moth|Iron Moth|100\/100\n|-damage|p1a: Iron Moth|76\/100|[from] Stealth Rock\n|-enditem|p1a: Iron Moth|Booster Energy\n|-activate|p1a: Iron Moth|ability: Quark Drive|[fromitem]\n|-start|p1a: Iron Moth|quarkdrivespe\n|turn|24\n|\n|t:|1701115834\n|switch|p2a: Zamazenta|Zamazenta|14\/100\n|move|p1a: Iron Moth|Sludge Wave|p2a: Zamazenta\n|-damage|p2a: Zamazenta|0 fnt\n|faint|p2a: Zamazenta\n|\n|-fieldend|move: Psychic Terrain\n|upkeep\n|\n|t:|1701115845\n|switch|p2a: Landorus|Landorus-Therian, M|83\/100\n|-ability|p2a: Landorus|Intimidate|boost\n|-unboost|p1a: Iron Moth|atk|1\n|turn|25\n|\n|t:|1701115859\n|move|p1a: Iron Moth|Fiery Dance|p2a: Landorus\n|-damage|p2a: Landorus|40\/100\n|move|p2a: Landorus|Earthquake|p1a: Iron Moth\n|-supereffective|p1a: Iron Moth\n|-damage|p1a: Iron Moth|0 fnt\n|faint|p1a: Iron Moth\n|-end|p1a: Iron Moth|Quark Drive|[silent]\n|\n|upkeep\n|\n|t:|1701115870\n|switch|p1a: Tapu Fini|Tapu Fini, tera:Dragon|69\/100\n|-damage|p1a: Tapu Fini|57\/100|[from] Stealth Rock\n|-fieldstart|move: Misty Terrain|[from] ability: Misty Surge|[of] p1a: Tapu Fini\n|turn|26\n|\n|t:|1701115884\n|move|p2a: Landorus|U-turn|p1a: Tapu Fini\n|-damage|p1a: Tapu Fini|41\/100\n|\n|t:|1701115886\n|switch|p2a: Tapu Lele|Tapu Lele|67\/100|[from] U-turn\n|-fieldstart|move: Psychic Terrain|[from] ability: Psychic Surge|[of] p2a: Tapu Lele\n|move|p1a: Tapu Fini|Surf|p2a: Tapu Lele\n|-damage|p2a: Tapu Lele|37\/100\n|\n|-heal|p1a: Tapu Fini|47\/100|[from] item: Leftovers\n|upkeep\n|turn|27\n|\n|t:|1701115892\n|move|p2a: Tapu Lele|Moonblast|p1a: Tapu Fini\n|-supereffective|p1a: Tapu Fini\n|-damage|p1a: Tapu Fini|0 fnt\n|faint|p1a: Tapu Fini\n|\n|upkeep\n|\n|t:|1701115893\n|switch|p1a: Meowscarada|Meowscarada, M|100\/100\n|-damage|p1a: Meowscarada|88\/100|[from] Stealth Rock\n|turn|28\n|\n|t:|1701115895\n|move|p1a: Meowscarada|Flower Trick|p2a: Tapu Lele\n|-start|p1a: Meowscarada|typechange|Grass|[from] ability: Protean\n|-crit|p2a: Tapu Lele\n|-damage|p2a: Tapu Lele|0 fnt\n|faint|p2a: Tapu Lele\n|\n|upkeep\n|\n|t:|1701115901\n|switch|p2a: Landorus|Landorus-Therian, M|40\/100\n|-ability|p2a: Landorus|Intimidate|boost\n|-unboost|p1a: Meowscarada|atk|1\n|turn|29\n|\n|t:|1701115906\n|-terastallize|p2a: Landorus|Dragon\n|move|p1a: Meowscarada|Flower Trick|p2a: Landorus\n|-resisted|p2a: Landorus\n|-crit|p2a: Landorus\n|-damage|p2a: Landorus|21\/100\n|move|p2a: Landorus|U-turn|p1a: Meowscarada\n|-supereffective|p1a: Meowscarada\n|-damage|p1a: Meowscarada|5\/100\n|\n|upkeep\n|turn|30\n|\n|t:|1701115913\n|move|p1a: Meowscarada|Flower Trick|p2a: Landorus\n|-resisted|p2a: Landorus\n|-crit|p2a: Landorus\n|-damage|p2a: Landorus|2\/100\n|move|p2a: Landorus|U-turn|p1a: Meowscarada\n|-supereffective|p1a: Meowscarada\n|-damage|p1a: Meowscarada|0 fnt\n|faint|p1a: Meowscarada\n|\n|win|kell2\n|raw|XD_IS_MY_NAME's rating: 1371 &rarr; <strong>1350<\/strong><br \/>(-21 for losing)\n|raw|kell2's rating: 1359 &rarr; <strong>1380<\/strong><br \/>(+21 for winning)\n|l|\u2606XD_IS_MY_NAME\n","uploadtime":1701115930,"views":4,"p1id":"xdismyname","p2id":"kell2","formatid":"gen9nationaldex","rating":1350,"private":0,"password":""}