{"id":"gen9nationaldex-1998859472","p1":"YAGAMUGA","p2":"Karlushi06","format":"[Gen 9] National Dex","log":"|html|<div class=\"broadcast-blue\"><strong>[Gen 9] National Dex is currently suspecting Sneasler! For information on how to participate check out the <a href=\"https:\/\/www.smogon.com\/forums\/threads\/sv-national-dex-suspect-8-just-dance.3731534\/\">suspect thread<\/a>.<\/strong><\/div>\n|j|\u2606YAGAMUGA\n|j|\u2606Karlushi06\n|t:|1701004489\n|gametype|singles\n|player|p1|YAGAMUGA|red|1102\n|player|p2|Karlushi06|n|1169\n|teamsize|p1|6\n|teamsize|p2|6\n|gen|9\n|tier|[Gen 9] National Dex\n|rated|\n|rule|HP Percentage Mod: HP is shown in percentages\n|rule|Endless Battle Clause: Forcing endless battles is banned\n|rule|OHKO Clause: OHKO moves are banned\n|rule|Evasion Clause: Evasion abilities, items, and moves are banned\n|rule|Evasion Abilities Clause: Evasion abilities are banned\n|rule|Evasion Items Clause: Evasion items are banned\n|rule|Evasion Moves Clause: Evasion moves are banned\n|rule|Species Clause: Limit one of each Pok\u00e9mon\n|rule|Sleep Clause Mod: Limit one foe put to sleep\n|clearpoke\n|poke|p1|Kartana|\n|poke|p1|Goodra, M|\n|poke|p1|Houndoom, M|\n|poke|p1|Weezing-Galar, M|\n|poke|p1|Sawsbuck-Summer, M|\n|poke|p1|Seismitoad, F|\n|poke|p2|Cinderace, F|\n|poke|p2|Iron Moth|\n|poke|p2|Lopunny, F|\n|poke|p2|Vaporeon, F|\n|poke|p2|Morpeko, M|\n|poke|p2|Dragonite, M|\n|teampreview\n|\n|t:|1701004502\n|start\n|switch|p1a: Polyx|Seismitoad, F, shiny|100\/100\n|switch|p2a: Layla|Lopunny, F|100\/100\n|turn|1\n|\n|t:|1701004513\n|detailschange|p2a: Layla|Lopunny-Mega, F\n|-mega|p2a: Layla|Lopunny|Lopunnite\n|move|p2a: Layla|U-turn|p1a: Polyx\n|-damage|p1a: Polyx|80\/100\n|\n|t:|1701004529\n|switch|p2a: Iron Moth|Iron Moth|100\/100|[from] U-turn\n|-enditem|p2a: Iron Moth|Booster Energy\n|-activate|p2a: Iron Moth|ability: Quark Drive|[fromitem]\n|-start|p2a: Iron Moth|quarkdrivespa\n|move|p1a: Polyx|Stealth Rock|p2a: Iron Moth\n|-sidestart|p2: Karlushi06|move: Stealth Rock\n|\n|-heal|p1a: Polyx|86\/100|[from] item: Leftovers\n|upkeep\n|turn|2\n|\n|t:|1701004584\n|switch|p1a: Grim Matchstick|Goodra, M|100\/100\n|move|p2a: Iron Moth|Energy Ball|p1a: Grim Matchstick\n|-ability|p1a: Grim Matchstick|Sap Sipper|boost\n|-boost|p1a: Grim Matchstick|atk|1\n|\n|upkeep\n|turn|3\n|\n|t:|1701004602\n|-end|p2a: Iron Moth|Quark Drive|[silent]\n|switch|p2a: Iara|Vaporeon, F, shiny|100\/100\n|-damage|p2a: Iara|88\/100|[from] Stealth Rock\n|move|p1a: Grim Matchstick|Dragon Pulse|p2a: Iara\n|-damage|p2a: Iara|69\/100\n|\n|-heal|p2a: Iara|75\/100|[from] item: Leftovers\n|upkeep\n|turn|4\n|\n|t:|1701004614\n|switch|p1a: Lung Cancer|Weezing-Galar, M|100\/100\n|-fieldstart|move: Misty Terrain|[from] ability: Misty Surge|[of] p1a: Lung Cancer\n|move|p2a: Iara|Toxic|p1a: Lung Cancer\n|-immune|p1a: Lung Cancer\n|\n|-heal|p2a: Iara|81\/100|[from] item: Leftovers\n|upkeep\n|turn|5\n|\n|t:|1701004625\n|move|p2a: Iara|Flip Turn|p1a: Lung Cancer\n|-damage|p1a: Lung Cancer|91\/100\n|\n|t:|1701004643\n|switch|p2a: Dragonite|Dragonite, M|100\/100|[from] Flip Turn\n|-damage|p2a: Dragonite|76\/100|[from] Stealth Rock\n|move|p1a: Lung Cancer|Sunny Day|p1a: Lung Cancer\n|-weather|SunnyDay\n|\n|-weather|SunnyDay|[upkeep]\n|upkeep\n|turn|6\n|\n|t:|1701004654\n|move|p2a: Dragonite|Earthquake|p1a: Lung Cancer\n|-supereffective|p1a: Lung Cancer\n|-damage|p1a: Lung Cancer|24\/100\n|move|p1a: Lung Cancer|Strange Steam|p2a: Dragonite\n|-supereffective|p2a: Dragonite\n|-damage|p2a: Dragonite|20\/100\n|-start|p2a: Dragonite|confusion\n|\n|-weather|SunnyDay|[upkeep]\n|upkeep\n|turn|7\n|\n|t:|1701004666\n|switch|p1a: Milwaukee|Sawsbuck-Summer, M|100\/100\n|-activate|p2a: Dragonite|confusion\n|move|p2a: Dragonite|Earthquake|p1a: Milwaukee\n|-resisted|p1a: Milwaukee\n|-crit|p1a: Milwaukee\n|-damage|p1a: Milwaukee|38\/100\n|\n|-weather|SunnyDay|[upkeep]\n|upkeep\n|turn|8\n|\n|t:|1701004677\n|move|p1a: Milwaukee|Synthesis|p1a: Milwaukee\n|-heal|p1a: Milwaukee|100\/100\n|-activate|p2a: Dragonite|confusion\n|-damage|p2a: Dragonite|3\/100|[from] confusion\n|\n|-weather|SunnyDay|[upkeep]\n|-fieldend|Misty Terrain\n|upkeep\n|turn|9\n|\n|t:|1701004685\n|move|p1a: Milwaukee|Return|p2a: Dragonite\n|-damage|p2a: Dragonite|0 fnt\n|faint|p2a: Dragonite\n|-damage|p1a: Milwaukee|91\/100|[from] item: Life Orb\n|\n|-weather|SunnyDay|[upkeep]\n|upkeep\n|\n|t:|1701004705\n|switch|p2a: Iara|Vaporeon, F, shiny|81\/100\n|-damage|p2a: Iara|69\/100|[from] Stealth Rock\n|turn|10\n|\n|t:|1701004710\n|move|p1a: Milwaukee|Swords Dance|p1a: Milwaukee\n|-boost|p1a: Milwaukee|atk|2\n|move|p2a: Iara|Toxic|p1a: Milwaukee\n|-status|p1a: Milwaukee|tox\n|\n|-weather|SunnyDay|[upkeep]\n|-heal|p2a: Iara|75\/100|[from] item: Leftovers\n|-damage|p1a: Milwaukee|85\/100 tox|[from] psn\n|upkeep\n|turn|11\n|\n|t:|1701004723\n|move|p1a: Milwaukee|Horn Leech|p2a: Iara\n|-supereffective|p2a: Iara\n|-damage|p2a: Iara|0 fnt\n|-heal|p1a: Milwaukee|100\/100 tox|[from] drain|[of] p2a: Iara\n|faint|p2a: Iara\n|-damage|p1a: Milwaukee|91\/100 tox|[from] item: Life Orb\n|\n|-weather|SunnyDay|[upkeep]\n|-damage|p1a: Milwaukee|79\/100 tox|[from] psn\n|upkeep\n|\n|t:|1701004734\n|switch|p2a: Napolitano|Morpeko, M, shiny|100\/100\n|-damage|p2a: Napolitano|88\/100|[from] Stealth Rock\n|turn|12\n|\n|t:|1701004739\n|move|p2a: Napolitano|Fake Out|p1a: Milwaukee\n|-damage|p1a: Milwaukee|62\/100 tox\n|cant|p1a: Milwaukee|flinch\n|\n|-weather|none\n|-damage|p1a: Milwaukee|44\/100 tox|[from] psn\n|-formechange|p2a: Napolitano|Morpeko-Hangry||[from] ability: Hunger Switch\n|upkeep\n|turn|13\n|\n|t:|1701004750\n|move|p2a: Napolitano|Aura Wheel|p1a: Milwaukee\n|-damage|p1a: Milwaukee|0 fnt\n|-boost|p2a: Napolitano|spe|1\n|faint|p1a: Milwaukee\n|\n|-formechange|p2a: Napolitano|Morpeko||[from] ability: Hunger Switch\n|upkeep\n|\n|t:|1701004765\n|switch|p1a: Papercut|Kartana|100\/100\n|turn|14\n|\n|t:|1701004774\n|move|p1a: Papercut|Sacred Sword|p2a: Napolitano\n|-supereffective|p2a: Napolitano\n|-damage|p2a: Napolitano|0 fnt\n|faint|p2a: Napolitano\n|-ability|p1a: Papercut|Beast Boost|boost\n|-boost|p1a: Papercut|atk|1\n|\n|upkeep\n|\n|t:|1701004794\n|switch|p2a: Layla|Lopunny-Mega, F|100\/100\n|-damage|p2a: Layla|95\/100|[from] Stealth Rock\n|turn|15\n|\n|t:|1701004798\n|move|p1a: Papercut|Sacred Sword|p2a: Layla\n|-supereffective|p2a: Layla\n|-damage|p2a: Layla|0 fnt\n|faint|p2a: Layla\n|-ability|p1a: Papercut|Beast Boost|boost\n|-boost|p1a: Papercut|atk|1\n|\n|upkeep\n|-message|Karlushi06 forfeited.\n|\n|win|YAGAMUGA\n|raw|YAGAMUGA's rating: 1102 &rarr; <strong>1132<\/strong><br \/>(+30 for winning)\n|raw|Karlushi06's rating: 1169 &rarr; <strong>1139<\/strong><br \/>(-30 for losing)\n|l|\u2606Karlushi06\n|l|\u2606YAGAMUGA\n","uploadtime":1701005145,"views":1,"p1id":"yagamuga","p2id":"karlushi06","formatid":"gen9nationaldex","rating":1132,"private":0,"password":""}