{"id":"gen9nationaldex-1997588829","p1":"Aeterna Act 2","p2":"kapukokokikokiko","format":"[Gen 9] National Dex","log":"|html|<div class=\"broadcast-blue\"><strong>[Gen 9] National Dex is currently suspecting Sneasler! For information on how to participate check out the <a href=\"https:\/\/www.smogon.com\/forums\/threads\/sv-national-dex-suspect-8-just-dance.3731534\/\">suspect thread<\/a>.<\/strong><\/div>\n|j|\u2606Aeterna Act 2\n|j|\u2606kapukokokikokiko\n|t:|1700829755\n|gametype|singles\n|player|p1|Aeterna Act 2|guitarist|1137\n|player|p2|kapukokokikokiko|roxie|1127\n|teamsize|p1|6\n|teamsize|p2|6\n|gen|9\n|tier|[Gen 9] National Dex\n|rated|\n|rule|HP Percentage Mod: HP is shown in percentages\n|rule|Endless Battle Clause: Forcing endless battles is banned\n|rule|OHKO Clause: OHKO moves are banned\n|rule|Evasion Clause: Evasion abilities, items, and moves are banned\n|rule|Evasion Abilities Clause: Evasion abilities are banned\n|rule|Evasion Items Clause: Evasion items are banned\n|rule|Evasion Moves Clause: Evasion moves are banned\n|rule|Species Clause: Limit one of each Pok\u00e9mon\n|rule|Sleep Clause Mod: Limit one foe put to sleep\n|clearpoke\n|poke|p1|Torkoal, M|\n|poke|p1|Houndoom, M|\n|poke|p1|Heliolisk, M|\n|poke|p1|Shiftry, M|\n|poke|p1|Moltres|\n|poke|p1|Great Tusk|\n|poke|p2|Ampharos, M|\n|poke|p2|Gogoat, M|\n|poke|p2|Dubwool, F|\n|poke|p2|Whimsicott, M|\n|poke|p2|Cobalion|\n|poke|p2|Houndstone, F|\n|teampreview\n|inactive|Battle timer is ON: inactive players will automatically lose when time's up. (requested by kapukokokikokiko)\n|\n|t:|1700829775\n|start\n|switch|p1a: Torkoal|Torkoal, M|100\/100\n|switch|p2a: \u767d\u7f8a\u5bab|Whimsicott, M, shiny|100\/100\n|-weather|SunnyDay|[from] ability: Drought|[of] p1a: Torkoal\n|turn|1\n|\n|t:|1700829782\n|move|p2a: \u767d\u7f8a\u5bab|Toxic|p1a: Torkoal\n|-status|p1a: Torkoal|tox\n|move|p1a: Torkoal|Stealth Rock|p2a: \u767d\u7f8a\u5bab\n|-sidestart|p2: kapukokokikokiko|move: Stealth Rock\n|\n|-weather|SunnyDay|[upkeep]\n|-damage|p1a: Torkoal|94\/100 tox|[from] psn\n|upkeep\n|turn|2\n|\n|t:|1700829791\n|move|p2a: \u767d\u7f8a\u5bab|Encore|p1a: Torkoal\n|-start|p1a: Torkoal|Encore\n|move|p1a: Torkoal|Stealth Rock||[still]\n|-fail|p1a: Torkoal\n|\n|-weather|SunnyDay|[upkeep]\n|-damage|p1a: Torkoal|82\/100 tox|[from] psn\n|upkeep\n|turn|3\n|\n|t:|1700829800\n|switch|p1a: Heliolisk|Heliolisk, M|100\/100\n|move|p2a: \u767d\u7f8a\u5bab|Light Screen|p2a: \u767d\u7f8a\u5bab\n|-sidestart|p2: kapukokokikokiko|move: Light Screen\n|\n|-weather|SunnyDay|[upkeep]\n|-damage|p1a: Heliolisk|88\/100|[from] ability: Solar Power|[of] p1a: Heliolisk\n|upkeep\n|turn|4\n|\n|t:|1700829812\n|move|p2a: \u767d\u7f8a\u5bab|Toxic|p1a: Heliolisk\n|-status|p1a: Heliolisk|tox\n|move|p1a: Heliolisk|Weather Ball|p2a: \u767d\u7f8a\u5bab\n|-supereffective|p2a: \u767d\u7f8a\u5bab\n|-enditem|p2a: \u767d\u7f8a\u5bab|Focus Sash\n|-damage|p2a: \u767d\u7f8a\u5bab|1\/100\n|\n|-weather|SunnyDay|[upkeep]\n|-damage|p1a: Heliolisk|76\/100 tox|[from] ability: Solar Power|[of] p1a: Heliolisk\n|-damage|p1a: Heliolisk|70\/100 tox|[from] psn\n|upkeep\n|turn|5\n|\n|t:|1700829825\n|move|p1a: Heliolisk|Weather Ball|p2a: \u767d\u7f8a\u5bab\n|-supereffective|p2a: \u767d\u7f8a\u5bab\n|-damage|p2a: \u767d\u7f8a\u5bab|0 fnt\n|faint|p2a: \u767d\u7f8a\u5bab\n|\n|-weather|SunnyDay|[upkeep]\n|-damage|p1a: Heliolisk|57\/100 tox|[from] ability: Solar Power|[of] p1a: Heliolisk\n|-damage|p1a: Heliolisk|45\/100 tox|[from] psn\n|upkeep\n|\n|t:|1700829840\n|switch|p2a: \u7535\u7f8a|Ampharos, M|100\/100\n|-damage|p2a: \u7535\u7f8a|88\/100|[from] Stealth Rock\n|turn|6\n|\n|t:|1700829852\n|detailschange|p2a: \u7535\u7f8a|Ampharos-Mega, M\n|-mega|p2a: \u7535\u7f8a|Ampharos|Ampharosite\n|-ability|p2a: \u7535\u7f8a|Mold Breaker\n|move|p1a: Heliolisk|Weather Ball|p2a: \u7535\u7f8a\n|-resisted|p2a: \u7535\u7f8a\n|-damage|p2a: \u7535\u7f8a|79\/100\n|move|p2a: \u7535\u7f8a|Dragon Pulse|p1a: Heliolisk\n|-damage|p1a: Heliolisk|0 fnt\n|faint|p1a: Heliolisk\n|\n|-weather|SunnyDay|[upkeep]\n|upkeep\n|\n|t:|1700829869\n|switch|p1a: Great Tusk|Great Tusk|100\/100\n|-activate|p1a: Great Tusk|ability: Protosynthesis\n|-start|p1a: Great Tusk|protosynthesisdef\n|turn|7\n|\n|t:|1700829889\n|switch|p2a: \u8089\u7f8a|Dubwool, F|100\/100\n|-damage|p2a: \u8089\u7f8a|88\/100|[from] Stealth Rock\n|move|p1a: Great Tusk|Rapid Spin|p2a: \u8089\u7f8a\n|-damage|p2a: \u8089\u7f8a|77\/100\n|-boost|p1a: Great Tusk|spe|1\n|\n|-weather|SunnyDay|[upkeep]\n|-heal|p2a: \u8089\u7f8a|83\/100|[from] item: Leftovers\n|-sideend|p2: kapukokokikokiko|move: Light Screen\n|upkeep\n|turn|8\n|\n|t:|1700829905\n|move|p1a: Great Tusk|Bulk Up|p1a: Great Tusk\n|-boost|p1a: Great Tusk|atk|1\n|-boost|p1a: Great Tusk|def|1\n|move|p2a: \u8089\u7f8a|Cotton Guard|p2a: \u8089\u7f8a\n|-boost|p2a: \u8089\u7f8a|def|3\n|\n|-weather|none\n|-end|p1a: Great Tusk|Protosynthesis\n|-heal|p2a: \u8089\u7f8a|89\/100|[from] item: Leftovers\n|upkeep\n|turn|9\n|\n|t:|1700829917\n|-end|p1a: Great Tusk|Protosynthesis|[silent]\n|switch|p1a: Torkoal|Torkoal, M|82\/100 tox\n|-weather|SunnyDay|[from] ability: Drought|[of] p1a: Torkoal\n|move|p2a: \u8089\u7f8a|Cotton Guard|p2a: \u8089\u7f8a\n|-boost|p2a: \u8089\u7f8a|def|3\n|\n|-weather|SunnyDay|[upkeep]\n|-heal|p2a: \u8089\u7f8a|95\/100|[from] item: Leftovers\n|-damage|p1a: Torkoal|76\/100 tox|[from] psn\n|upkeep\n|turn|10\n|\n|t:|1700829930\n|move|p2a: \u8089\u7f8a|Substitute|p2a: \u8089\u7f8a\n|-start|p2a: \u8089\u7f8a|Substitute\n|-damage|p2a: \u8089\u7f8a|70\/100\n|move|p1a: Torkoal|Toxic||[still]\n|-fail|p1a: Torkoal\n|\n|-weather|SunnyDay|[upkeep]\n|-heal|p2a: \u8089\u7f8a|76\/100|[from] item: Leftovers\n|-damage|p1a: Torkoal|64\/100 tox|[from] psn\n|upkeep\n|turn|11\n|\n|t:|1700829940\n|switch|p1a: Moltres|Moltres|100\/100\n|move|p2a: \u8089\u7f8a|Body Press|p1a: Moltres\n|-resisted|p1a: Moltres\n|-damage|p1a: Moltres|64\/100\n|\n|-weather|SunnyDay|[upkeep]\n|-heal|p2a: \u8089\u7f8a|82\/100|[from] item: Leftovers\n|upkeep\n|turn|12\n|\n|t:|1700829950\n|move|p1a: Moltres|Flamethrower|p2a: \u8089\u7f8a\n|-end|p2a: \u8089\u7f8a|Substitute\n|move|p2a: \u8089\u7f8a|Thunder Wave|p1a: Moltres\n|-status|p1a: Moltres|par\n|\n|-weather|SunnyDay|[upkeep]\n|-heal|p2a: \u8089\u7f8a|88\/100|[from] item: Leftovers\n|upkeep\n|turn|13\n|\n|t:|1700829976\n|move|p2a: \u8089\u7f8a|Substitute|p2a: \u8089\u7f8a\n|-start|p2a: \u8089\u7f8a|Substitute\n|-damage|p2a: \u8089\u7f8a|63\/100\n|move|p1a: Moltres|Flamethrower|p2a: \u8089\u7f8a\n|-end|p2a: \u8089\u7f8a|Substitute\n|\n|-weather|SunnyDay|[upkeep]\n|-heal|p2a: \u8089\u7f8a|69\/100|[from] item: Leftovers\n|upkeep\n|turn|14\n|\n|t:|1700829988\n|move|p2a: \u8089\u7f8a|Substitute|p2a: \u8089\u7f8a\n|-start|p2a: \u8089\u7f8a|Substitute\n|-damage|p2a: \u8089\u7f8a|44\/100\n|move|p1a: Moltres|Flamethrower|p2a: \u8089\u7f8a\n|-end|p2a: \u8089\u7f8a|Substitute\n|\n|-weather|SunnyDay|[upkeep]\n|-heal|p2a: \u8089\u7f8a|50\/100|[from] item: Leftovers\n|upkeep\n|turn|15\n|\n|t:|1700830000\n|move|p2a: \u8089\u7f8a|Substitute|p2a: \u8089\u7f8a\n|-start|p2a: \u8089\u7f8a|Substitute\n|-damage|p2a: \u8089\u7f8a|25\/100\n|move|p1a: Moltres|Flamethrower|p2a: \u8089\u7f8a\n|-end|p2a: \u8089\u7f8a|Substitute\n|\n|-weather|SunnyDay|[upkeep]\n|-heal|p2a: \u8089\u7f8a|32\/100|[from] item: Leftovers\n|upkeep\n|turn|16\n|\n|t:|1700830017\n|switch|p2a: \u7535\u7f8a|Ampharos-Mega, M|79\/100\n|-damage|p2a: \u7535\u7f8a|66\/100|[from] Stealth Rock\n|-ability|p2a: \u7535\u7f8a|Mold Breaker\n|move|p1a: Moltres|Flamethrower|p2a: \u7535\u7f8a\n|-resisted|p2a: \u7535\u7f8a\n|-damage|p2a: \u7535\u7f8a|51\/100\n|\n|-weather|none\n|upkeep\n|turn|17\n|\n|t:|1700830039\n|switch|p1a: Torkoal|Torkoal, M|64\/100 tox\n|-weather|SunnyDay|[from] ability: Drought|[of] p1a: Torkoal\n|move|p2a: \u7535\u7f8a|Cotton Guard|p2a: \u7535\u7f8a\n|-boost|p2a: \u7535\u7f8a|def|3\n|\n|-weather|SunnyDay|[upkeep]\n|-damage|p1a: Torkoal|58\/100 tox|[from] psn\n|upkeep\n|turn|18\n|inactive|kapukokokikokiko has 120 seconds left.\n|inactive|Aeterna Act 2 has 120 seconds left.\n|\n|t:|1700830066\n|switch|p1a: Great Tusk|Great Tusk|100\/100\n|-activate|p1a: Great Tusk|ability: Protosynthesis\n|-start|p1a: Great Tusk|protosynthesisdef\n|move|p2a: \u7535\u7f8a|Dragon Pulse|p1a: Great Tusk\n|-damage|p1a: Great Tusk|44\/100\n|\n|-weather|SunnyDay|[upkeep]\n|-heal|p1a: Great Tusk|50\/100|[from] item: Leftovers\n|upkeep\n|turn|19\n|inactive|Aeterna Act 2 has 120 seconds left.\n|inactive|kapukokokikokiko has 120 seconds left.\n|\n|t:|1700830080\n|move|p1a: Great Tusk|Earthquake|p2a: \u7535\u7f8a\n|-supereffective|p2a: \u7535\u7f8a\n|-damage|p2a: \u7535\u7f8a|22\/100\n|move|p2a: \u7535\u7f8a|Dragon Pulse|p1a: Great Tusk\n|-damage|p1a: Great Tusk|0 fnt\n|faint|p1a: Great Tusk\n|-end|p1a: Great Tusk|Protosynthesis|[silent]\n|\n|-weather|SunnyDay|[upkeep]\n|upkeep\n|inactive|Aeterna Act 2 has 120 seconds left.\n|\n|t:|1700830086\n|switch|p1a: Houndoom|Houndoom, M|100\/100\n|turn|20\n|\n|t:|1700830095\n|detailschange|p1a: Houndoom|Houndoom-Mega, M\n|-mega|p1a: Houndoom|Houndoom|Houndoominite\n|move|p1a: Houndoom|Dark Pulse|p2a: \u7535\u7f8a\n|-damage|p2a: \u7535\u7f8a|0 fnt\n|faint|p2a: \u7535\u7f8a\n|\n|-weather|SunnyDay|[upkeep]\n|-damage|p1a: Houndoom|88\/100|[from] ability: Solar Power|[of] p1a: Houndoom\n|upkeep\n|inactive|kapukokokikokiko has 120 seconds left.\n|\n|t:|1700830122\n|switch|p2a: \u7267\u7f8a\u72ac|Houndstone, F|100\/100\n|-damage|p2a: \u7267\u7f8a\u72ac|88\/100|[from] Stealth Rock\n|turn|21\n|\n|t:|1700830130\n|move|p1a: Houndoom|Dark Pulse|p2a: \u7267\u7f8a\u72ac\n|-supereffective|p2a: \u7267\u7f8a\u72ac\n|-damage|p2a: \u7267\u7f8a\u72ac|0 fnt\n|faint|p2a: \u7267\u7f8a\u72ac\n|\n|-weather|SunnyDay|[upkeep]\n|-damage|p1a: Houndoom|76\/100|[from] ability: Solar Power|[of] p1a: Houndoom\n|upkeep\n|\n|t:|1700830136\n|switch|p2a: \u8349\u7f8a|Gogoat, M, shiny|100\/100\n|-damage|p2a: \u8349\u7f8a|88\/100|[from] Stealth Rock\n|turn|22\n|inactive|kapukokokikokiko has 120 seconds left.\n|\n|t:|1700830146\n|-terastallize|p2a: \u8349\u7f8a|Water\n|move|p1a: Houndoom|Flamethrower|p2a: \u8349\u7f8a\n|-resisted|p2a: \u8349\u7f8a\n|-damage|p2a: \u8349\u7f8a|53\/100\n|move|p2a: \u8349\u7f8a|Rock Slide|p1a: Houndoom|[miss]\n|-miss|p2a: \u8349\u7f8a|p1a: Houndoom\n|\n|-weather|SunnyDay|[upkeep]\n|-damage|p1a: Houndoom|63\/100|[from] ability: Solar Power|[of] p1a: Houndoom\n|-heal|p2a: \u8349\u7f8a|59\/100|[from] item: Leftovers\n|upkeep\n|turn|23\n|inactive|kapukokokikokiko has 120 seconds left.\n|\n|t:|1700830159\n|move|p1a: Houndoom|Dark Pulse|p2a: \u8349\u7f8a\n|-damage|p2a: \u8349\u7f8a|19\/100\n|move|p2a: \u8349\u7f8a|Milk Drink|p2a: \u8349\u7f8a\n|-heal|p2a: \u8349\u7f8a|69\/100\n|\n|-weather|SunnyDay|[upkeep]\n|-damage|p1a: Houndoom|51\/100|[from] ability: Solar Power|[of] p1a: Houndoom\n|-heal|p2a: \u8349\u7f8a|75\/100|[from] item: Leftovers\n|upkeep\n|turn|24\n|inactive|kapukokokikokiko has 120 seconds left.\n|\n|t:|1700830172\n|switch|p1a: Moltres|Moltres|64\/100 par\n|move|p2a: \u8349\u7f8a|Milk Drink|p2a: \u8349\u7f8a\n|-heal|p2a: \u8349\u7f8a|100\/100\n|\n|-weather|none\n|upkeep\n|turn|25\n|inactive|kapukokokikokiko has 120 seconds left.\n|\n|t:|1700830179\n|move|p2a: \u8349\u7f8a|Rock Slide|p1a: Moltres\n|-supereffective|p1a: Moltres\n|-damage|p1a: Moltres|1\/100 par\n|move|p1a: Moltres|Roost|p1a: Moltres\n|-heal|p1a: Moltres|51\/100 par\n|-singleturn|p1a: Moltres|move: Roost\n|\n|upkeep\n|turn|26\n|inactive|kapukokokikokiko has 120 seconds left.\n|\n|t:|1700830190\n|switch|p1a: Torkoal|Torkoal, M|58\/100 tox\n|-weather|SunnyDay|[from] ability: Drought|[of] p1a: Torkoal\n|move|p2a: \u8349\u7f8a|Rock Slide|p1a: Torkoal\n|-supereffective|p1a: Torkoal\n|-damage|p1a: Torkoal|37\/100 tox\n|\n|-weather|SunnyDay|[upkeep]\n|-damage|p1a: Torkoal|31\/100 tox|[from] psn\n|upkeep\n|turn|27\n|inactive|kapukokokikokiko has 120 seconds left.\n|\n|t:|1700830202\n|switch|p2a: \u94a2\u7f8a|Cobalion, shiny|100\/100\n|-damage|p2a: \u94a2\u7f8a|97\/100|[from] Stealth Rock\n|move|p1a: Torkoal|Toxic|p2a: \u94a2\u7f8a\n|-immune|p2a: \u94a2\u7f8a\n|\n|-weather|SunnyDay|[upkeep]\n|-damage|p1a: Torkoal|19\/100 tox|[from] psn\n|upkeep\n|turn|28\n|inactive|kapukokokikokiko has 120 seconds left.\n|\n|t:|1700830224\n|move|p2a: \u94a2\u7f8a|Close Combat|p1a: Torkoal\n|-damage|p1a: Torkoal|0 fnt\n|-unboost|p2a: \u94a2\u7f8a|def|1\n|-unboost|p2a: \u94a2\u7f8a|spd|1\n|faint|p1a: Torkoal\n|-damage|p2a: \u94a2\u7f8a|87\/100|[from] item: Life Orb\n|\n|-weather|SunnyDay|[upkeep]\n|upkeep\n|\n|t:|1700830237\n|switch|p1a: Houndoom|Houndoom-Mega, M|51\/100\n|turn|29\n|inactive|kapukokokikokiko has 120 seconds left.\n|inactive|Aeterna Act 2 has 120 seconds left.\n|\n|t:|1700830258\n|switch|p2a: \u8089\u7f8a|Dubwool, F|32\/100\n|-damage|p2a: \u8089\u7f8a|19\/100|[from] Stealth Rock\n|move|p1a: Houndoom|Flamethrower|p2a: \u8089\u7f8a\n|-damage|p2a: \u8089\u7f8a|0 fnt\n|faint|p2a: \u8089\u7f8a\n|\n|-weather|SunnyDay|[upkeep]\n|-damage|p1a: Houndoom|39\/100|[from] ability: Solar Power|[of] p1a: Houndoom\n|upkeep\n|\n|t:|1700830272\n|switch|p2a: \u8349\u7f8a|Gogoat, M, shiny, tera:Water|100\/100\n|-damage|p2a: \u8349\u7f8a|88\/100|[from] Stealth Rock\n|turn|30\n|\n|t:|1700830286\n|switch|p1a: Moltres|Moltres|51\/100 par\n|move|p2a: \u8349\u7f8a|Bulk Up|p2a: \u8349\u7f8a\n|-boost|p2a: \u8349\u7f8a|atk|1\n|-boost|p2a: \u8349\u7f8a|def|1\n|\n|-weather|SunnyDay|[upkeep]\n|-heal|p2a: \u8349\u7f8a|94\/100|[from] item: Leftovers\n|upkeep\n|turn|31\n|\n|t:|1700830296\n|move|p2a: \u8349\u7f8a|Rock Slide|p1a: Moltres\n|-supereffective|p1a: Moltres\n|-damage|p1a: Moltres|0 fnt\n|faint|p1a: Moltres\n|\n|-weather|SunnyDay|[upkeep]\n|-heal|p2a: \u8349\u7f8a|100\/100|[from] item: Leftovers\n|upkeep\n|\n|t:|1700830299\n|switch|p1a: Shiftry|Shiftry, M|100\/100\n|turn|32\n|inactive|kapukokokikokiko has 120 seconds left.\n|\n|t:|1700830307\n|-terastallize|p1a: Shiftry|Grass\n|move|p1a: Shiftry|Solar Blade||[still]\n|-prepare|p1a: Shiftry|Solar Blade\n|-anim|p1a: Shiftry|Solar Blade|p2a: \u8349\u7f8a\n|-ability|p2a: \u8349\u7f8a|Sap Sipper|boost\n|-boost|p2a: \u8349\u7f8a|atk|1\n|move|p2a: \u8349\u7f8a|Bulk Up|p2a: \u8349\u7f8a\n|-boost|p2a: \u8349\u7f8a|atk|1\n|-boost|p2a: \u8349\u7f8a|def|1\n|\n|-weather|SunnyDay|[upkeep]\n|upkeep\n|turn|33\n|-message|Aeterna Act 2 forfeited.\n|\n|win|kapukokokikokiko\n|raw|Aeterna Act 2's rating: 1137 &rarr; <strong>1111<\/strong><br \/>(-26 for losing)\n|raw|kapukokokikokiko's rating: 1127 &rarr; <strong>1153<\/strong><br \/>(+26 for winning)\n|l|\u2606Aeterna Act 2\n","uploadtime":1700830331,"views":2,"p1id":"aeternaact2","p2id":"kapukokokikokiko","formatid":"gen9nationaldex","rating":1111,"private":0,"password":""}