{"id":"gen9nationaldex-1999113608","p1":"wildflower13","p2":"Dabman1069","format":"[Gen 9] National Dex","log":"|html|<div class=\"broadcast-blue\"><strong>[Gen 9] National Dex is currently suspecting Sneasler! For information on how to participate check out the <a href=\"https:\/\/www.smogon.com\/forums\/threads\/sv-national-dex-suspect-8-just-dance.3731534\/\">suspect thread<\/a>.<\/strong><\/div>\n|j|\u2606wildflower13\n|j|\u2606Dabman1069\n|t:|1701034575\n|gametype|singles\n|player|p1|wildflower13|wallace|1726\n|player|p2|Dabman1069|steven-masters2|1654\n|teamsize|p1|6\n|teamsize|p2|6\n|gen|9\n|tier|[Gen 9] National Dex\n|rated|\n|rule|HP Percentage Mod: HP is shown in percentages\n|rule|Endless Battle Clause: Forcing endless battles is banned\n|rule|OHKO Clause: OHKO moves are banned\n|rule|Evasion Clause: Evasion abilities, items, and moves are banned\n|rule|Evasion Abilities Clause: Evasion abilities are banned\n|rule|Evasion Items Clause: Evasion items are banned\n|rule|Evasion Moves Clause: Evasion moves are banned\n|rule|Species Clause: Limit one of each Pok\u00e9mon\n|rule|Sleep Clause Mod: Limit one foe put to sleep\n|clearpoke\n|poke|p1|Ferrothorn, F|\n|poke|p1|Primarina, M|\n|poke|p1|Iron Valiant|\n|poke|p1|Mawile, M|\n|poke|p1|Landorus-Therian, M|\n|poke|p1|Latias, F|\n|poke|p2|Torkoal, M|\n|poke|p2|Charizard, F|\n|poke|p2|Iron Moth|\n|poke|p2|Heliolisk, F|\n|poke|p2|Landorus-Therian, M|\n|poke|p2|Weavile, F|\n|teampreview\n|c|\u2606Dabman1069|GL\n|c|\u2606wildflower13|u2\n|inactive|Battle timer is ON: inactive players will automatically lose when time's up. (requested by wildflower13)\n|\n|t:|1701034597\n|start\n|switch|p1a: Latias|Latias, F|100\/100\n|switch|p2a: Torkoal|Torkoal, M|100\/100\n|-weather|SunnyDay|[from] ability: Drought|[of] p2a: Torkoal\n|turn|1\n|\n|t:|1701034606\n|move|p1a: Latias|Draco Meteor|p2a: Torkoal|[miss]\n|-miss|p1a: Latias|p2a: Torkoal\n|move|p2a: Torkoal|Stealth Rock|p1a: Latias\n|-sidestart|p1: wildflower13|move: Stealth Rock\n|\n|-weather|SunnyDay|[upkeep]\n|upkeep\n|turn|2\n|\n|t:|1701034622\n|move|p1a: Latias|Draco Meteor|p2a: Torkoal\n|-damage|p2a: Torkoal|0 fnt\n|-unboost|p1a: Latias|spa|2\n|faint|p2a: Torkoal\n|-damage|p1a: Latias|91\/100|[from] item: Life Orb\n|\n|-weather|SunnyDay|[upkeep]\n|upkeep\n|\n|t:|1701034627\n|switch|p2a: Weavile|Weavile, F|100\/100\n|-ability|p2a: Weavile|Pressure\n|turn|3\n|\n|t:|1701034632\n|switch|p1a: Mawile|Mawile, M|100\/100\n|-damage|p1a: Mawile|95\/100|[from] Stealth Rock\n|-ability|p1a: Mawile|Intimidate|boost\n|-unboost|p2a: Weavile|atk|1\n|-terastallize|p2a: Weavile|Dark\n|move|p2a: Weavile|Beat Up|p1a: Mawile\n|-resisted|p1a: Mawile\n|-damage|p1a: Mawile|87\/100\n|-resisted|p1a: Mawile\n|-damage|p1a: Mawile|82\/100\n|-resisted|p1a: Mawile\n|-damage|p1a: Mawile|76\/100\n|-resisted|p1a: Mawile\n|-damage|p1a: Mawile|72\/100\n|-resisted|p1a: Mawile\n|-damage|p1a: Mawile|64\/100\n|-hitcount|p1a: Mawile|5\n|\n|-weather|SunnyDay|[upkeep]\n|upkeep\n|turn|4\n|\n|t:|1701034650\n|switch|p2a: Landorus|Landorus-Therian, M|100\/100\n|-ability|p2a: Landorus|Intimidate|boost\n|-unboost|p1a: Mawile|atk|1\n|detailschange|p1a: Mawile|Mawile-Mega, M\n|-mega|p1a: Mawile|Mawile|Mawilite\n|move|p1a: Mawile|Thunder Punch|p2a: Landorus\n|-immune|p2a: Landorus\n|\n|-weather|SunnyDay|[upkeep]\n|upkeep\n|turn|5\n|\n|t:|1701034659\n|switch|p1a: Landorus|Landorus-Therian, M|100\/100\n|-damage|p1a: Landorus|88\/100|[from] Stealth Rock\n|-ability|p1a: Landorus|Intimidate|boost\n|-unboost|p2a: Landorus|atk|1\n|move|p2a: Landorus|U-turn|p1a: Landorus\n|-resisted|p1a: Landorus\n|-damage|p1a: Landorus|83\/100\n|-damage|p2a: Landorus|84\/100|[from] item: Rocky Helmet|[of] p1a: Landorus\n|\n|t:|1701034665\n|switch|p2a: Charizard|Charizard, F|100\/100|[from] U-turn\n|\n|-weather|SunnyDay|[upkeep]\n|upkeep\n|turn|6\n|\n|t:|1701034671\n|switch|p1a: Latias|Latias, F|91\/100\n|-damage|p1a: Latias|78\/100|[from] Stealth Rock\n|move|p2a: Charizard|Dragon Dance|p2a: Charizard\n|-boost|p2a: Charizard|atk|1\n|-boost|p2a: Charizard|spe|1\n|\n|-weather|SunnyDay|[upkeep]\n|upkeep\n|turn|7\n|\n|t:|1701034679\n|switch|p1a: Landorus|Landorus-Therian, M|83\/100\n|-damage|p1a: Landorus|70\/100|[from] Stealth Rock\n|-ability|p1a: Landorus|Intimidate|boost\n|-unboost|p2a: Charizard|atk|1\n|detailschange|p2a: Charizard|Charizard-Mega-X, F\n|-mega|p2a: Charizard|Charizard|Charizardite X\n|move|p2a: Charizard|Dragon Claw|p1a: Landorus\n|-damage|p1a: Landorus|36\/100\n|-damage|p2a: Charizard|84\/100|[from] item: Rocky Helmet|[of] p1a: Landorus\n|\n|-weather|SunnyDay|[upkeep]\n|upkeep\n|turn|8\n|\n|t:|1701034693\n|move|p2a: Charizard|Flare Blitz|p1a: Landorus\n|-damage|p1a: Landorus|0 fnt\n|-damage|p2a: Charizard|68\/100|[from] item: Rocky Helmet|[of] p1a: Landorus\n|faint|p1a: Landorus\n|-damage|p2a: Charizard|53\/100|[from] Recoil\n|\n|-weather|none\n|upkeep\n|\n|t:|1701034700\n|switch|p1a: Primarina|Primarina, M|100\/100\n|-damage|p1a: Primarina|88\/100|[from] Stealth Rock\n|turn|9\n|\n|t:|1701034725\n|move|p2a: Charizard|Flare Blitz|p1a: Primarina\n|-resisted|p1a: Primarina\n|-damage|p1a: Primarina|42\/100\n|-damage|p2a: Charizard|36\/100|[from] Recoil\n|move|p1a: Primarina|Psychic|p2a: Charizard\n|-damage|p2a: Charizard|0 fnt\n|faint|p2a: Charizard\n|\n|upkeep\n|\n|t:|1701034734\n|switch|p2a: Weavile|Weavile, F, tera:Dark|100\/100\n|-ability|p2a: Weavile|Pressure\n|turn|10\n|\n|t:|1701034739\n|move|p2a: Weavile|Triple Axel|p1a: Primarina\n|-resisted|p1a: Primarina\n|-damage|p1a: Primarina|34\/100\n|-resisted|p1a: Primarina\n|-damage|p1a: Primarina|16\/100\n|-resisted|p1a: Primarina\n|-damage|p1a: Primarina|0 fnt\n|faint|p1a: Primarina\n|-hitcount|p1: Primarina|3\n|\n|upkeep\n|\n|t:|1701034749\n|switch|p1a: Mawile|Mawile-Mega, M|64\/100\n|-damage|p1a: Mawile|58\/100|[from] Stealth Rock\n|turn|11\n|j| Xceptr\n|\n|t:|1701034767\n|switch|p2a: Landorus|Landorus-Therian, M|84\/100\n|-ability|p2a: Landorus|Intimidate|boost\n|-unboost|p1a: Mawile|atk|1\n|move|p1a: Mawile|Play Rough|p2a: Landorus\n|-damage|p2a: Landorus|50\/100\n|-damage|p1a: Mawile|41\/100|[from] item: Rocky Helmet|[of] p2a: Landorus\n|\n|upkeep\n|turn|12\n|\n|t:|1701034779\n|switch|p2a: Iron Moth|Iron Moth|100\/100\n|-enditem|p2a: Iron Moth|Booster Energy\n|-activate|p2a: Iron Moth|ability: Quark Drive|[fromitem]\n|-start|p2a: Iron Moth|quarkdrivespe\n|move|p1a: Mawile|Play Rough|p2a: Iron Moth|[miss]\n|-miss|p1a: Mawile|p2a: Iron Moth\n|\n|upkeep\n|turn|13\n|\n|t:|1701034794\n|move|p2a: Iron Moth|Fiery Dance|p1a: Mawile\n|-supereffective|p1a: Mawile\n|-damage|p1a: Mawile|0 fnt\n|faint|p1a: Mawile\n|\n|upkeep\n|\n|t:|1701034799\n|switch|p1a: Latias|Latias, F|78\/100\n|-damage|p1a: Latias|66\/100|[from] Stealth Rock\n|turn|14\n|\n|t:|1701034826\n|move|p2a: Iron Moth|Dazzling Gleam|p1a: Latias\n|-supereffective|p1a: Latias\n|-damage|p1a: Latias|17\/100\n|move|p1a: Latias|Surf|p2a: Iron Moth\n|-supereffective|p2a: Iron Moth\n|-damage|p2a: Iron Moth|19\/100\n|-damage|p1a: Latias|7\/100|[from] item: Life Orb\n|\n|upkeep\n|turn|15\n|j| NicksRokaya\n|\n|t:|1701034836\n|move|p2a: Iron Moth|Fiery Dance|p1a: Latias\n|-resisted|p1a: Latias\n|-damage|p1a: Latias|0 fnt\n|-boost|p2a: Iron Moth|spa|1\n|faint|p1a: Latias\n|\n|upkeep\n|\n|t:|1701034845\n|switch|p1a: Iron Valiant|Iron Valiant, shiny|100\/100\n|-damage|p1a: Iron Valiant|94\/100|[from] Stealth Rock\n|-enditem|p1a: Iron Valiant|Booster Energy\n|-activate|p1a: Iron Valiant|ability: Quark Drive|[fromitem]\n|-start|p1a: Iron Valiant|quarkdrivespe\n|turn|16\n|l| NicksRokaya\n|inactive|Dabman1069 has 120 seconds left.\n|\n|t:|1701034874\n|move|p1a: Iron Valiant|Shadow Ball|p2a: Iron Moth\n|-damage|p2a: Iron Moth|0 fnt\n|faint|p2a: Iron Moth\n|-end|p2a: Iron Moth|Quark Drive|[silent]\n|\n|upkeep\n|inactive|Dabman1069 has 120 seconds left.\n|\n|t:|1701034880\n|switch|p2a: Heliolisk|Heliolisk, F|100\/100\n|turn|17\n|\n|t:|1701034894\n|move|p1a: Iron Valiant|Moonblast|p2a: Heliolisk\n|-damage|p2a: Heliolisk|42\/100\n|move|p2a: Heliolisk|Thunderbolt|p1a: Iron Valiant\n|-damage|p1a: Iron Valiant|25\/100\n|\n|upkeep\n|turn|18\n|inactive|Dabman1069 has 120 seconds left.\n|\n|t:|1701034921\n|move|p1a: Iron Valiant|Moonblast|p2a: Heliolisk\n|-damage|p2a: Heliolisk|0 fnt\n|faint|p2a: Heliolisk\n|\n|upkeep\n|j| NicksRokaya\n|\n|t:|1701034924\n|switch|p2a: Weavile|Weavile, F, tera:Dark|100\/100\n|-ability|p2a: Weavile|Pressure\n|turn|19\n|\n|t:|1701034938\n|move|p2a: Weavile|Ice Shard|p1a: Iron Valiant\n|-damage|p1a: Iron Valiant|0 fnt\n|faint|p1a: Iron Valiant\n|-end|p1a: Iron Valiant|Quark Drive|[silent]\n|\n|upkeep\n|\n|t:|1701034942\n|switch|p1a: Ferrothorn|Ferrothorn, F|100\/100\n|-damage|p1a: Ferrothorn|94\/100|[from] Stealth Rock\n|turn|20\n|\n|t:|1701034961\n|switch|p2a: Landorus|Landorus-Therian, M|50\/100\n|-ability|p2a: Landorus|Intimidate|boost\n|-unboost|p1a: Ferrothorn|atk|1\n|move|p1a: Ferrothorn|Leech Seed|p2a: Landorus\n|-start|p2a: Landorus|move: Leech Seed\n|\n|-heal|p1a: Ferrothorn|100\/100|[from] item: Leftovers\n|-damage|p2a: Landorus|38\/100|[from] Leech Seed|[of] p1a: Ferrothorn\n|upkeep\n|turn|21\n|\n|t:|1701034970\n|move|p2a: Landorus|Earthquake|p1a: Ferrothorn\n|-damage|p1a: Ferrothorn|61\/100\n|move|p1a: Ferrothorn|Stealth Rock|p2a: Landorus\n|-sidestart|p2: Dabman1069|move: Stealth Rock\n|\n|-heal|p1a: Ferrothorn|68\/100|[from] item: Leftovers\n|-damage|p2a: Landorus|25\/100|[from] Leech Seed|[of] p1a: Ferrothorn\n|-heal|p1a: Ferrothorn|81\/100|[silent]\n|upkeep\n|turn|22\n|\n|t:|1701034980\n|move|p2a: Landorus|Earthquake|p1a: Ferrothorn\n|-damage|p1a: Ferrothorn|43\/100\n|move|p1a: Ferrothorn|Power Whip|p2a: Landorus\n|-damage|p2a: Landorus|7\/100\n|-damage|p1a: Ferrothorn|26\/100|[from] item: Rocky Helmet|[of] p2a: Landorus\n|\n|-heal|p1a: Ferrothorn|32\/100|[from] item: Leftovers\n|-damage|p2a: Landorus|0 fnt|[from] Leech Seed|[of] p1a: Ferrothorn\n|-heal|p1a: Ferrothorn|40\/100|[silent]\n|faint|p2a: Landorus\n|upkeep\n|l| Xceptr\n|\n|t:|1701034986\n|switch|p2a: Weavile|Weavile, F, tera:Dark|100\/100\n|-damage|p2a: Weavile|88\/100|[from] Stealth Rock\n|-ability|p2a: Weavile|Pressure\n|turn|23\n|\n|t:|1701035014\n|-terastallize|p1a: Ferrothorn|Water\n|move|p2a: Weavile|Triple Axel|p1a: Ferrothorn\n|-resisted|p1a: Ferrothorn\n|-damage|p1a: Ferrothorn|34\/100\n|-damage|p2a: Weavile|76\/100|[from] ability: Iron Barbs|[of] p1a: Ferrothorn\n|-resisted|p1a: Ferrothorn\n|-damage|p1a: Ferrothorn|22\/100\n|-damage|p2a: Weavile|63\/100|[from] ability: Iron Barbs|[of] p1a: Ferrothorn\n|-resisted|p1a: Ferrothorn\n|-damage|p1a: Ferrothorn|7\/100\n|-damage|p2a: Weavile|51\/100|[from] ability: Iron Barbs|[of] p1a: Ferrothorn\n|-hitcount|p1a: Ferrothorn|3\n|move|p1a: Ferrothorn|Power Whip|p2a: Weavile\n|-damage|p2a: Weavile|8\/100\n|\n|-heal|p1a: Ferrothorn|13\/100|[from] item: Leftovers\n|upkeep\n|turn|24\n|c|\u2606Dabman1069|gg\n|c|\u2606Dabman1069|shouldve knocked\n|\n|t:|1701035034\n|move|p2a: Weavile|Triple Axel|p1a: Ferrothorn\n|-resisted|p1a: Ferrothorn\n|-damage|p1a: Ferrothorn|7\/100\n|-damage|p2a: Weavile|0 fnt|[from] ability: Iron Barbs|[of] p1a: Ferrothorn\n|faint|p2a: Weavile\n|\n|win|wildflower13\n|-hitcount|p1a: Ferrothorn|1\n|raw|wildflower13's rating: 1726 &rarr; <strong>1742<\/strong><br \/>(+16 for winning)\n|raw|Dabman1069's rating: 1654 &rarr; <strong>1638<\/strong><br \/>(-16 for losing)\n|l|\u2606Dabman1069\n","uploadtime":1701035047,"views":10,"p1id":"wildflower13","p2id":"dabman1069","formatid":"gen9nationaldex","rating":1638,"private":0,"password":""}