{"id":"gen9nationaldex-1998152487","p1":"qietan","p2":"baigu2","format":"[Gen 9] National Dex","log":"|html|<div class=\"broadcast-blue\"><strong>[Gen 9] National Dex is currently suspecting Sneasler! For information on how to participate check out the <a href=\"https:\/\/www.smogon.com\/forums\/threads\/sv-national-dex-suspect-8-just-dance.3731534\/\">suspect thread<\/a>.<\/strong><\/div>\n|j|\u2606qietan\n|j|\u2606baigu2\n|t:|1700901601\n|gametype|singles\n|player|p1|qietan|cilan|1618\n|player|p2|baigu2|265|1831\n|teamsize|p1|6\n|teamsize|p2|6\n|gen|9\n|tier|[Gen 9] National Dex\n|rated|\n|rule|HP Percentage Mod: HP is shown in percentages\n|rule|Endless Battle Clause: Forcing endless battles is banned\n|rule|OHKO Clause: OHKO moves are banned\n|rule|Evasion Clause: Evasion abilities, items, and moves are banned\n|rule|Evasion Abilities Clause: Evasion abilities are banned\n|rule|Evasion Items Clause: Evasion items are banned\n|rule|Evasion Moves Clause: Evasion moves are banned\n|rule|Species Clause: Limit one of each Pok\u00e9mon\n|rule|Sleep Clause Mod: Limit one foe put to sleep\n|clearpoke\n|poke|p1|Rillaboom, M|\n|poke|p1|Heatran, M|\n|poke|p1|Charizard, F|\n|poke|p1|Tapu Lele|\n|poke|p1|Sneasler, M|\n|poke|p1|Garchomp, F|\n|poke|p2|Ursaluna, M|\n|poke|p2|Slowking, M|\n|poke|p2|Corviknight, F|\n|poke|p2|Hoopa-Unbound|\n|poke|p2|Dragonite, F|\n|poke|p2|Tapu Koko|\n|teampreview\n|inactive|Battle timer is ON: inactive players will automatically lose when time's up. (requested by qietan)\n|\n|t:|1700901612\n|start\n|switch|p1a: Tapu Lele|Tapu Lele|100\/100\n|switch|p2a: Tapu Koko|Tapu Koko|100\/100\n|-fieldstart|move: Psychic Terrain|[from] ability: Psychic Surge|[of] p1a: Tapu Lele\n|-fieldstart|move: Electric Terrain|[from] ability: Electric Surge|[of] p2a: Tapu Koko\n|turn|1\n|\n|t:|1700901623\n|switch|p2a: Slowking|Slowking, M|100\/100\n|move|p1a: Tapu Lele|Moonblast|p2a: Slowking\n|-damage|p2a: Slowking|73\/100\n|\n|upkeep\n|turn|2\n|\n|t:|1700901627\n|switch|p1a: Rillaboom|Rillaboom, M|100\/100\n|-fieldstart|move: Grassy Terrain|[from] ability: Grassy Surge|[of] p1a: Rillaboom\n|move|p2a: Slowking|Trick Room|p2a: Slowking\n|-fieldstart|move: Trick Room|[of] p2a: Slowking\n|\n|-heal|p2a: Slowking|79\/100|[from] Grassy Terrain\n|upkeep\n|turn|3\n|\n|t:|1700901631\n|switch|p2a: Dragonite|Dragonite, F|100\/100\n|move|p1a: Rillaboom|U-turn|p2a: Dragonite\n|-resisted|p2a: Dragonite\n|-damage|p2a: Dragonite|92\/100\n|\n|t:|1700901638\n|switch|p1a: Tapu Lele|Tapu Lele|100\/100|[from] U-turn\n|-fieldstart|move: Psychic Terrain|[from] ability: Psychic Surge|[of] p1a: Tapu Lele\n|\n|upkeep\n|turn|4\n|\n|t:|1700901649\n|switch|p2a: \u718a\u5927|Ursaluna, M|100\/100\n|move|p1a: Tapu Lele|Moonblast|p2a: \u718a\u5927\n|-damage|p2a: \u718a\u5927|60\/100\n|\n|-status|p2a: \u718a\u5927|brn|[from] item: Flame Orb\n|upkeep\n|turn|5\n|inactive|qietan has 120 seconds left.\n|\n|t:|1700901683\n|switch|p1a: Garchomp|Garchomp, F|100\/100\n|move|p2a: \u718a\u5927|Facade|p1a: Garchomp\n|-damage|p1a: Garchomp|0 fnt\n|-damage|p2a: \u718a\u5927|48\/100 brn|[from] ability: Rough Skin|[of] p1a: Garchomp\n|faint|p1a: Garchomp\n|\n|-damage|p2a: \u718a\u5927|42\/100 brn|[from] brn\n|upkeep\n|\n|t:|1700901686\n|switch|p1a: Rillaboom|Rillaboom, M|100\/100\n|-fieldstart|move: Grassy Terrain|[from] ability: Grassy Surge|[of] p1a: Rillaboom\n|turn|6\n|\n|t:|1700901696\n|switch|p2a: Corviknight|Corviknight, F|100\/100\n|-ability|p2a: Corviknight|Pressure\n|move|p1a: Rillaboom|U-turn|p2a: Corviknight\n|-resisted|p2a: Corviknight\n|-damage|p2a: Corviknight|95\/100\n|-damage|p1a: Rillaboom|84\/100|[from] item: Rocky Helmet|[of] p2a: Corviknight\n|\n|t:|1700901702\n|switch|p1a: Charizard|Charizard, F|100\/100|[from] U-turn\n|\n|-fieldend|move: Trick Room\n|upkeep\n|turn|7\n|\n|t:|1700901706\n|switch|p2a: Slowking|Slowking, M|100\/100\n|detailschange|p1a: Charizard|Charizard-Mega-Y, F\n|-mega|p1a: Charizard|Charizard|Charizardite Y\n|-weather|SunnyDay|[from] ability: Drought|[of] p1a: Charizard\n|move|p1a: Charizard|Weather Ball|p2a: Slowking\n|-resisted|p2a: Slowking\n|-damage|p2a: Slowking|72\/100\n|\n|-weather|SunnyDay|[upkeep]\n|-heal|p2a: Slowking|78\/100|[from] Grassy Terrain\n|upkeep\n|turn|8\n|\n|t:|1700901715\n|switch|p2a: Tapu Koko|Tapu Koko|100\/100\n|-fieldstart|move: Electric Terrain|[from] ability: Electric Surge|[of] p2a: Tapu Koko\n|move|p1a: Charizard|Solar Beam||[still]\n|-prepare|p1a: Charizard|Solar Beam\n|-anim|p1a: Charizard|Solar Beam|p2a: Tapu Koko\n|-damage|p2a: Tapu Koko|24\/100\n|\n|-weather|SunnyDay|[upkeep]\n|upkeep\n|turn|9\n|\n|t:|1700901722\n|switch|p1a: Rillaboom|Rillaboom, M|84\/100\n|-fieldstart|move: Grassy Terrain|[from] ability: Grassy Surge|[of] p1a: Rillaboom\n|move|p2a: Tapu Koko|Volt Switch|p1a: Rillaboom\n|-resisted|p1a: Rillaboom\n|-damage|p1a: Rillaboom|60\/100\n|\n|t:|1700901730\n|switch|p2a: Dragonite|Dragonite, F|92\/100|[from] Volt Switch\n|\n|-weather|SunnyDay|[upkeep]\n|-heal|p1a: Rillaboom|66\/100|[from] Grassy Terrain\n|upkeep\n|turn|10\n|\n|t:|1700901742\n|move|p2a: Dragonite|Dual Wingbeat|p1a: Rillaboom\n|-supereffective|p1a: Rillaboom\n|-damage|p1a: Rillaboom|0 fnt\n|faint|p1a: Rillaboom\n|-hitcount|p1: Rillaboom|1\n|\n|-weather|SunnyDay|[upkeep]\n|upkeep\n|\n|t:|1700901747\n|switch|p1a: Sneasler|Sneasler, M|100\/100\n|-enditem|p1a: Sneasler|Grassy Seed\n|-boost|p1a: Sneasler|def|1|[from] item: Grassy Seed\n|turn|11\n|\n|t:|1700901752\n|-terastallize|p1a: Sneasler|Flying\n|move|p1a: Sneasler|Swords Dance|p1a: Sneasler\n|-boost|p1a: Sneasler|atk|2\n|move|p2a: Dragonite|Dual Wingbeat|p1a: Sneasler\n|-damage|p1a: Sneasler|69\/100\n|-damage|p1a: Sneasler|38\/100\n|-hitcount|p1a: Sneasler|2\n|\n|-weather|none\n|upkeep\n|turn|12\n|\n|t:|1700901762\n|switch|p2a: Corviknight|Corviknight, F|95\/100\n|-ability|p2a: Corviknight|Pressure\n|move|p1a: Sneasler|Dire Claw|p2a: Corviknight\n|-immune|p2a: Corviknight\n|\n|upkeep\n|turn|13\n|\n|t:|1700901766\n|move|p1a: Sneasler|Close Combat|p2a: Corviknight\n|-damage|p2a: Corviknight|17\/100\n|-unboost|p1a: Sneasler|def|1\n|-unboost|p1a: Sneasler|spd|1\n|-damage|p1a: Sneasler|21\/100|[from] item: Rocky Helmet|[of] p2a: Corviknight\n|move|p2a: Corviknight|Brave Bird|p1a: Sneasler\n|-damage|p1a: Sneasler|0 fnt\n|faint|p1a: Sneasler\n|-damage|p2a: Corviknight|11\/100|[from] Recoil\n|\n|-fieldend|move: Grassy Terrain\n|upkeep\n|\n|t:|1700901777\n|switch|p1a: Charizard|Charizard-Mega-Y, F|100\/100\n|-weather|SunnyDay|[from] ability: Drought|[of] p1a: Charizard\n|turn|14\n|\n|t:|1700901784\n|move|p1a: Charizard|Weather Ball|p2a: Corviknight\n|-supereffective|p2a: Corviknight\n|-damage|p2a: Corviknight|0 fnt\n|faint|p2a: Corviknight\n|\n|-weather|SunnyDay|[upkeep]\n|upkeep\n|\n|t:|1700901786\n|switch|p2a: Tapu Koko|Tapu Koko|24\/100\n|-fieldstart|move: Electric Terrain|[from] ability: Electric Surge|[of] p2a: Tapu Koko\n|turn|15\n|\n|t:|1700901802\n|move|p2a: Tapu Koko|Volt Switch|p1a: Charizard\n|-supereffective|p1a: Charizard\n|-damage|p1a: Charizard|0 fnt\n|faint|p1a: Charizard\n|\n|t:|1700901807\n|switch|p2a: Slowking|Slowking, M|100\/100|[from] Volt Switch\n|\n|-weather|SunnyDay|[upkeep]\n|upkeep\n|\n|t:|1700901813\n|switch|p1a: Heatran|Heatran, M|100\/100\n|turn|16\n|\n|t:|1700901816\n|move|p1a: Heatran|Magma Storm|p2a: Slowking\n|-resisted|p2a: Slowking\n|-damage|p2a: Slowking|77\/100\n|-activate|p2a: Slowking|move: Magma Storm|[of] p1a: Heatran\n|move|p2a: Slowking|Trick Room|p2a: Slowking\n|-fieldstart|move: Trick Room|[of] p2a: Slowking\n|\n|-weather|SunnyDay|[upkeep]\n|-damage|p2a: Slowking|65\/100|[from] move: Magma Storm|[partiallytrapped]\n|upkeep\n|turn|17\n|\n|t:|1700901820\n|move|p1a: Heatran|Magma Storm|p2a: Slowking\n|-resisted|p2a: Slowking\n|-damage|p2a: Slowking|44\/100\n|move|p2a: Slowking|Teleport|p2a: Slowking\n|\n|t:|1700901825\n|switch|p2a: \u718a\u5927|Ursaluna, M|42\/100 brn|[from] Teleport\n|\n|-weather|SunnyDay|[upkeep]\n|-damage|p2a: \u718a\u5927|35\/100 brn|[from] brn\n|upkeep\n|turn|18\n|\n|t:|1700901829\n|move|p2a: \u718a\u5927|Headlong Rush|p1a: Heatran\n|-supereffective|p1a: Heatran\n|-damage|p1a: Heatran|0 fnt\n|-unboost|p2a: \u718a\u5927|def|1\n|-unboost|p2a: \u718a\u5927|spd|1\n|faint|p1a: Heatran\n|\n|-weather|none\n|-damage|p2a: \u718a\u5927|29\/100 brn|[from] brn\n|upkeep\n|\n|t:|1700901833\n|switch|p1a: Tapu Lele|Tapu Lele|100\/100\n|-fieldstart|move: Psychic Terrain|[from] ability: Psychic Surge|[of] p1a: Tapu Lele\n|turn|19\n|\n|t:|1700901835\n|-terastallize|p2a: \u718a\u5927|Normal\n|move|p2a: \u718a\u5927|Facade|p1a: Tapu Lele\n|-crit|p1a: Tapu Lele\n|-damage|p1a: Tapu Lele|0 fnt\n|faint|p1a: Tapu Lele\n|\n|win|baigu2\n|raw|qietan's rating: 1618 &rarr; <strong>1609<\/strong><br \/>(-9 for losing)\n|raw|baigu2's rating: 1831 &rarr; <strong>1840<\/strong><br \/>(+9 for winning)\n","uploadtime":1700901838,"views":1,"p1id":"qietan","p2id":"baigu2","formatid":"gen9nationaldex","rating":1609,"private":0,"password":""}