{"id":"gen9nationaldex-1992742634","p1":"Hrksbwhyf","p2":"RandoTestAccount","format":"[Gen 9] National Dex","log":"|j|\u2606Hrksbwhyf\n|j|\u2606RandoTestAccount\n|t:|1700231264\n|gametype|singles\n|player|p1|Hrksbwhyf|iris-gen5bw2|1184\n|player|p2|RandoTestAccount|pokemonrangerf|1232\n|teamsize|p1|6\n|teamsize|p2|6\n|gen|9\n|tier|[Gen 9] National Dex\n|rated|\n|rule|HP Percentage Mod: HP is shown in percentages\n|rule|Endless Battle Clause: Forcing endless battles is banned\n|rule|OHKO Clause: OHKO moves are banned\n|rule|Evasion Clause: Evasion abilities, items, and moves are banned\n|rule|Evasion Abilities Clause: Evasion abilities are banned\n|rule|Evasion Items Clause: Evasion items are banned\n|rule|Evasion Moves Clause: Evasion moves are banned\n|rule|Species Clause: Limit one of each Pok\u00e9mon\n|rule|Sleep Clause Mod: Limit one foe put to sleep\n|clearpoke\n|poke|p1|Zapdos|\n|poke|p1|Gliscor, M|\n|poke|p1|Celebi|\n|poke|p1|Heatran, M|\n|poke|p1|Weavile, F|\n|poke|p1|Slowbro, F|\n|poke|p2|Umbreon, F|\n|poke|p2|Excadrill, F|\n|poke|p2|Corviknight, F|\n|poke|p2|Sableye, F|\n|poke|p2|Tapu Fini|\n|poke|p2|Dragalge, F|\n|teampreview\n|inactive|Battle timer is ON: inactive players will automatically lose when time's up. (requested by RandoTestAccount)\n|\n|t:|1700231284\n|start\n|switch|p1a: Weavile|Weavile, F|100\/100\n|switch|p2a: The Droplet Tear|Tapu Fini, shiny|100\/100\n|-ability|p1a: Weavile|Pressure\n|-fieldstart|move: Misty Terrain|[from] ability: Misty Surge|[of] p2a: The Droplet Tear\n|turn|1\n|\n|t:|1700231308\n|switch|p1a: Slowbro|Slowbro, F|100\/100\n|move|p2a: The Droplet Tear|Moonblast|p1a: Slowbro\n|-damage|p1a: Slowbro|66\/100\n|\n|upkeep\n|turn|2\n|\n|t:|1700231314\n|move|p2a: The Droplet Tear|Substitute|p2a: The Droplet Tear\n|-start|p2a: The Droplet Tear|Substitute\n|-damage|p2a: The Droplet Tear|76\/100\n|move|p1a: Slowbro|Teleport|p1a: Slowbro\n|\n|t:|1700231321\n|switch|p1a: Celebi|Celebi|100\/100|[from] Teleport\n|\n|-heal|p2a: The Droplet Tear|82\/100|[from] item: Leftovers\n|upkeep\n|turn|3\n|\n|t:|1700231350\n|move|p1a: Celebi|Stealth Rock|p2a: The Droplet Tear\n|-sidestart|p2: RandoTestAccount|move: Stealth Rock\n|move|p2a: The Droplet Tear|Calm Mind|p2a: The Droplet Tear\n|-boost|p2a: The Droplet Tear|spa|1\n|-boost|p2a: The Droplet Tear|spd|1\n|\n|-heal|p2a: The Droplet Tear|88\/100|[from] item: Leftovers\n|upkeep\n|turn|4\n|\n|t:|1700231360\n|move|p1a: Celebi|Energy Ball|p2a: The Droplet Tear\n|-supereffective|p2a: The Droplet Tear\n|-end|p2a: The Droplet Tear|Substitute\n|move|p2a: The Droplet Tear|Calm Mind|p2a: The Droplet Tear\n|-boost|p2a: The Droplet Tear|spa|1\n|-boost|p2a: The Droplet Tear|spd|1\n|\n|-heal|p2a: The Droplet Tear|94\/100|[from] item: Leftovers\n|upkeep\n|turn|5\n|\n|t:|1700231365\n|move|p1a: Celebi|Energy Ball|p2a: The Droplet Tear\n|-supereffective|p2a: The Droplet Tear\n|-damage|p2a: The Droplet Tear|69\/100\n|move|p2a: The Droplet Tear|Substitute|p2a: The Droplet Tear\n|-start|p2a: The Droplet Tear|Substitute\n|-damage|p2a: The Droplet Tear|44\/100\n|\n|-heal|p2a: The Droplet Tear|50\/100|[from] item: Leftovers\n|-fieldend|Misty Terrain\n|upkeep\n|turn|6\n|\n|t:|1700231373\n|move|p1a: Celebi|Energy Ball|p2a: The Droplet Tear\n|-supereffective|p2a: The Droplet Tear\n|-activate|p2a: The Droplet Tear|move: Substitute|[damage]\n|move|p2a: The Droplet Tear|Moonblast|p1a: Celebi\n|-damage|p1a: Celebi|57\/100\n|-unboost|p1a: Celebi|spa|1\n|\n|-heal|p1a: Celebi|63\/100|[from] item: Leftovers\n|-heal|p2a: The Droplet Tear|56\/100|[from] item: Leftovers\n|upkeep\n|turn|7\n|\n|t:|1700231378\n|move|p1a: Celebi|Energy Ball|p2a: The Droplet Tear\n|-supereffective|p2a: The Droplet Tear\n|-end|p2a: The Droplet Tear|Substitute\n|move|p2a: The Droplet Tear|Substitute|p2a: The Droplet Tear\n|-start|p2a: The Droplet Tear|Substitute\n|-damage|p2a: The Droplet Tear|31\/100\n|\n|-heal|p1a: Celebi|70\/100|[from] item: Leftovers\n|-heal|p2a: The Droplet Tear|37\/100|[from] item: Leftovers\n|upkeep\n|turn|8\n|\n|t:|1700231381\n|move|p1a: Celebi|Energy Ball|p2a: The Droplet Tear\n|-supereffective|p2a: The Droplet Tear\n|-activate|p2a: The Droplet Tear|move: Substitute|[damage]\n|move|p2a: The Droplet Tear|Moonblast|p1a: Celebi\n|-damage|p1a: Celebi|26\/100\n|\n|-heal|p1a: Celebi|32\/100|[from] item: Leftovers\n|-heal|p2a: The Droplet Tear|43\/100|[from] item: Leftovers\n|upkeep\n|turn|9\n|\n|t:|1700231388\n|move|p1a: Celebi|Recover|p1a: Celebi\n|-heal|p1a: Celebi|83\/100\n|move|p2a: The Droplet Tear|Moonblast|p1a: Celebi\n|-damage|p1a: Celebi|39\/100\n|\n|-heal|p1a: Celebi|45\/100|[from] item: Leftovers\n|-heal|p2a: The Droplet Tear|49\/100|[from] item: Leftovers\n|upkeep\n|turn|10\n|\n|t:|1700231390\n|move|p1a: Celebi|Energy Ball|p2a: The Droplet Tear\n|-supereffective|p2a: The Droplet Tear\n|-end|p2a: The Droplet Tear|Substitute\n|move|p2a: The Droplet Tear|Calm Mind|p2a: The Droplet Tear\n|-boost|p2a: The Droplet Tear|spa|1\n|-boost|p2a: The Droplet Tear|spd|1\n|\n|-heal|p1a: Celebi|52\/100|[from] item: Leftovers\n|-heal|p2a: The Droplet Tear|55\/100|[from] item: Leftovers\n|upkeep\n|turn|11\n|\n|t:|1700231396\n|switch|p1a: Zapdos|Zapdos|100\/100\n|move|p2a: The Droplet Tear|Moonblast|p1a: Zapdos\n|-damage|p1a: Zapdos|19\/100\n|\n|-heal|p2a: The Droplet Tear|62\/100|[from] item: Leftovers\n|upkeep\n|turn|12\n|\n|t:|1700231408\n|-zpower|p1a: Zapdos\n|move|p1a: Zapdos|Supersonic Skystrike|p2a: The Droplet Tear|[zeffect]\n|-damage|p2a: The Droplet Tear|33\/100\n|move|p2a: The Droplet Tear|Moonblast|p1a: Zapdos\n|-damage|p1a: Zapdos|0 fnt\n|faint|p1a: Zapdos\n|\n|-heal|p2a: The Droplet Tear|39\/100|[from] item: Leftovers\n|upkeep\n|\n|t:|1700231415\n|switch|p1a: Weavile|Weavile, F|100\/100\n|-ability|p1a: Weavile|Pressure\n|turn|13\n|\n|t:|1700231440\n|move|p1a: Weavile|Triple Axel|p2a: The Droplet Tear\n|-resisted|p2a: The Droplet Tear\n|-damage|p2a: The Droplet Tear|34\/100\n|-resisted|p2a: The Droplet Tear\n|-damage|p2a: The Droplet Tear|23\/100\n|-resisted|p2a: The Droplet Tear\n|-damage|p2a: The Droplet Tear|7\/100\n|-hitcount|p2a: The Droplet Tear|3\n|move|p2a: The Droplet Tear|Moonblast|p1a: Weavile\n|-supereffective|p1a: Weavile\n|-damage|p1a: Weavile|0 fnt\n|faint|p1a: Weavile\n|\n|-heal|p2a: The Droplet Tear|13\/100|[from] item: Leftovers\n|upkeep\n|\n|t:|1700231449\n|switch|p1a: Celebi|Celebi|52\/100\n|turn|14\n|-message|Hrksbwhyf forfeited.\n|\n|win|RandoTestAccount\n|raw|Hrksbwhyf's rating: 1184 &rarr; <strong>1164<\/strong><br \/>(-20 for losing)\n|raw|RandoTestAccount's rating: 1253 &rarr; <strong>1273<\/strong><br \/>(+20 for winning)\n|l|\u2606Hrksbwhyf\n","uploadtime":1700231484,"views":5,"p1id":"hrksbwhyf","p2id":"randotestaccount","formatid":"gen9nationaldex","rating":1164,"private":0,"password":""}