{"id":"gen9nationaldex-1991352771","p1":"Klawf Up A Lung","p2":"actualonion","format":"[Gen 9] National Dex","log":"|j|\u2606Klawf Up A Lung\n|j|\u2606actualonion\n|t:|1700070023\n|gametype|singles\n|player|p1|Klawf Up A Lung|salvatore|1525\n|player|p2|actualonion|allister|1440\n|teamsize|p1|6\n|teamsize|p2|6\n|gen|9\n|tier|[Gen 9] National Dex\n|rated|\n|rule|HP Percentage Mod: HP is shown in percentages\n|rule|Endless Battle Clause: Forcing endless battles is banned\n|rule|OHKO Clause: OHKO moves are banned\n|rule|Evasion Clause: Evasion abilities, items, and moves are banned\n|rule|Evasion Abilities Clause: Evasion abilities are banned\n|rule|Evasion Items Clause: Evasion items are banned\n|rule|Evasion Moves Clause: Evasion moves are banned\n|rule|Species Clause: Limit one of each Pok\u00e9mon\n|rule|Sleep Clause Mod: Limit one foe put to sleep\n|clearpoke\n|poke|p1|Gourgeist-*, M|\n|poke|p1|Tyranitar, F|\n|poke|p1|Heatran, M|\n|poke|p1|Landorus-Therian, M|\n|poke|p1|Volcarona, M|\n|poke|p1|Alomomola, F|\n|poke|p2|Charizard, F|\n|poke|p2|Victini|\n|poke|p2|Sneasler, F|\n|poke|p2|Polteageist|\n|poke|p2|Indeedee, M|\n|poke|p2|Hatterene, F|\n|teampreview\n|inactive|Battle timer is ON: inactive players will automatically lose when time's up. (requested by Klawf Up A Lung)\n|j| Dark Umbreon 08\n|inactive|Klawf Up A Lung has 120 seconds left.\n|l| Dark Umbreon 08\n|\n|t:|1700070066\n|start\n|switch|p1a: Landorus|Landorus-Therian, M|100\/100\n|switch|p2a: Victini|Victini|100\/100\n|-ability|p1a: Landorus|Intimidate|boost\n|-unboost|p2a: Victini|atk|1\n|turn|1\n|\n|t:|1700070072\n|move|p2a: Victini|Final Gambit|p1a: Landorus\n|-damage|p1a: Landorus|0 fnt\n|faint|p2a: Victini\n|faint|p1a: Landorus\n|\n|upkeep\n|\n|t:|1700070081\n|switch|p2a: Charizard|Charizard, F|100\/100\n|switch|p1a: Tyranitar|Tyranitar, F|100\/100\n|-weather|Sandstorm|[from] ability: Sand Stream|[of] p1a: Tyranitar\n|turn|2\n|\n|t:|1700070088\n|detailschange|p2a: Charizard|Charizard-Mega-Y, F\n|-mega|p2a: Charizard|Charizard|Charizardite Y\n|-weather|SunnyDay|[from] ability: Drought|[of] p2a: Charizard\n|detailschange|p1a: Tyranitar|Tyranitar-Mega, F\n|-mega|p1a: Tyranitar|Tyranitar|Tyranitarite\n|-weather|Sandstorm|[from] ability: Sand Stream|[of] p1a: Tyranitar\n|move|p2a: Charizard|Scorching Sands|p1a: Tyranitar\n|-supereffective|p1a: Tyranitar\n|-damage|p1a: Tyranitar|80\/100\n|move|p1a: Tyranitar|Toxic|p2a: Charizard\n|-status|p2a: Charizard|tox\n|\n|-weather|Sandstorm|[upkeep]\n|-damage|p2a: Charizard|94\/100 tox|[from] Sandstorm\n|-damage|p2a: Charizard|88\/100 tox|[from] psn\n|upkeep\n|turn|3\n|\n|t:|1700070101\n|move|p2a: Charizard|Scorching Sands|p1a: Tyranitar\n|-supereffective|p1a: Tyranitar\n|-damage|p1a: Tyranitar|58\/100\n|move|p1a: Tyranitar|Knock Off|p2a: Charizard\n|-damage|p2a: Charizard|37\/100 tox\n|\n|-weather|Sandstorm|[upkeep]\n|-damage|p2a: Charizard|31\/100 tox|[from] Sandstorm\n|-damage|p2a: Charizard|19\/100 tox|[from] psn\n|upkeep\n|turn|4\n|\n|t:|1700070111\n|switch|p1a: Gourgeist|Gourgeist-Super, M|100\/100\n|-item|p2a: Charizard|Charizardite Y|[from] ability: Frisk|[of] p1a: Gourgeist|[identify]\n|move|p2a: Charizard|Scorching Sands|p1a: Gourgeist\n|-resisted|p1a: Gourgeist\n|-damage|p1a: Gourgeist|84\/100\n|\n|-weather|Sandstorm|[upkeep]\n|-damage|p2a: Charizard|13\/100 tox|[from] Sandstorm\n|-damage|p1a: Gourgeist|78\/100|[from] Sandstorm\n|-damage|p2a: Charizard|0 fnt|[from] psn\n|faint|p2a: Charizard\n|upkeep\n|\n|t:|1700070124\n|switch|p2a: Indeedee|Indeedee, M|100\/100\n|-fieldstart|move: Psychic Terrain|[from] ability: Psychic Surge|[of] p2a: Indeedee\n|turn|5\n|\n|t:|1700070146\n|move|p2a: Indeedee|Dazzling Gleam|p1a: Gourgeist\n|-damage|p1a: Gourgeist|49\/100\n|move|p1a: Gourgeist|Trick|p2a: Indeedee\n|-activate|p1a: Gourgeist|move: Trick|[of] p2a: Indeedee\n|-item|p2a: Indeedee|Choice Specs|[from] move: Trick\n|-item|p1a: Gourgeist|Terrain Extender|[from] move: Trick\n|\n|-weather|Sandstorm|[upkeep]\n|-damage|p2a: Indeedee|94\/100|[from] Sandstorm\n|-damage|p1a: Gourgeist|43\/100|[from] Sandstorm\n|upkeep\n|turn|6\n|\n|t:|1700070154\n|move|p1a: Gourgeist|Protect|p1a: Gourgeist\n|-singleturn|p1a: Gourgeist|Protect\n|move|p2a: Indeedee|Encore|p1a: Gourgeist\n|-activate|p1a: Gourgeist|move: Protect\n|\n|-weather|none\n|upkeep\n|turn|7\n|\n|t:|1700070161\n|switch|p2a: Hatterene|Hatterene, F|100\/100\n|switch|p1a: Volcarona|Volcarona, M|100\/100\n|\n|upkeep\n|turn|8\n|\n|t:|1700070167\n|move|p1a: Volcarona|Quiver Dance|p1a: Volcarona\n|-boost|p1a: Volcarona|spa|1\n|-boost|p1a: Volcarona|spd|1\n|-boost|p1a: Volcarona|spe|1\n|move|p2a: Hatterene|Nuzzle|p1a: Volcarona\n|-damage|p1a: Volcarona|96\/100\n|-status|p1a: Volcarona|par\n|\n|upkeep\n|turn|9\n|\n|t:|1700070177\n|cant|p1a: Volcarona|par\n|move|p2a: Hatterene|Psyshock|p1a: Volcarona\n|-damage|p1a: Volcarona|46\/100 par\n|\n|upkeep\n|turn|10\n|\n|t:|1700070189\n|move|p1a: Volcarona|Roost|p1a: Volcarona\n|-heal|p1a: Volcarona|96\/100 par\n|-singleturn|p1a: Volcarona|move: Roost\n|move|p2a: Hatterene|Psyshock|p1a: Volcarona\n|-damage|p1a: Volcarona|47\/100 par\n|\n|upkeep\n|turn|11\n|\n|t:|1700070195\n|move|p1a: Volcarona|Roost|p1a: Volcarona\n|-heal|p1a: Volcarona|97\/100 par\n|-singleturn|p1a: Volcarona|move: Roost\n|move|p2a: Hatterene|Psyshock|p1a: Volcarona\n|-damage|p1a: Volcarona|51\/100 par\n|\n|upkeep\n|turn|12\n|\n|t:|1700070200\n|move|p1a: Volcarona|Roost|p1a: Volcarona\n|-heal|p1a: Volcarona|100\/100 par\n|-singleturn|p1a: Volcarona|move: Roost\n|move|p2a: Hatterene|Psyshock|p1a: Volcarona\n|-crit|p1a: Volcarona\n|-damage|p1a: Volcarona|22\/100 par\n|\n|-fieldend|move: Psychic Terrain\n|upkeep\n|turn|13\n|\n|t:|1700070206\n|cant|p1a: Volcarona|par\n|move|p2a: Hatterene|Psyshock|p1a: Volcarona\n|-damage|p1a: Volcarona|0 fnt\n|faint|p1a: Volcarona\n|\n|upkeep\n|\n|t:|1700070211\n|switch|p1a: Heatran|Heatran, M|100\/100\n|turn|14\n|\n|t:|1700070216\n|move|p1a: Heatran|Magma Storm|p2a: Hatterene|[miss]\n|-miss|p1a: Heatran|p2a: Hatterene\n|move|p2a: Hatterene|Nuzzle|p1a: Heatran\n|-damage|p1a: Heatran|97\/100\n|-status|p1a: Heatran|par\n|\n|-heal|p1a: Heatran|100\/100 par|[from] item: Leftovers\n|upkeep\n|turn|15\n|\n|t:|1700070227\n|move|p2a: Hatterene|Healing Wish|p2a: Hatterene\n|faint|p2a: Hatterene\n|move|p1a: Heatran|Magma Storm|p2: Hatterene|[notarget]\n|-fail|p1a: Heatran\n|\n|upkeep\n|\n|t:|1700070231\n|switch|p2a: Indeedee|Indeedee, M|94\/100\n|-heal|p2a: Indeedee|100\/100|[from] move: Healing Wish\n|-fieldstart|move: Psychic Terrain|[from] ability: Psychic Surge|[of] p2a: Indeedee\n|turn|16\n|\n|t:|1700070238\n|move|p2a: Indeedee|Encore|p1a: Heatran\n|-start|p1a: Heatran|Encore\n|move|p1a: Heatran|Magma Storm|p2a: Indeedee\n|-damage|p2a: Indeedee|41\/100\n|-activate|p2a: Indeedee|move: Magma Storm|[of] p1a: Heatran\n|\n|-damage|p2a: Indeedee|28\/100|[from] move: Magma Storm|[partiallytrapped]\n|upkeep\n|turn|17\n|\n|t:|1700070257\n|switch|p1a: Gourgeist|Gourgeist-Super, M|43\/100\n|-item|p2a: Indeedee|Choice Specs|[from] ability: Frisk|[of] p1a: Gourgeist|[identify]\n|move|p2a: Indeedee|Encore||[still]\n|-fail|p2a: Indeedee\n|\n|-end|p2a: Indeedee|Magma Storm|[partiallytrapped]|[silent]\n|upkeep\n|turn|18\n|\n|t:|1700070268\n|switch|p2a: Polteageist|Polteageist|100\/100\n|move|p1a: Gourgeist|Trick|p2a: Polteageist\n|-activate|p1a: Gourgeist|move: Trick|[of] p2a: Polteageist\n|-item|p2a: Polteageist|Terrain Extender|[from] move: Trick\n|-item|p1a: Gourgeist|Focus Sash|[from] move: Trick\n|\n|upkeep\n|turn|19\n|\n|t:|1700070274\n|move|p2a: Polteageist|Shell Smash|p2a: Polteageist\n|-unboost|p2a: Polteageist|def|1\n|-unboost|p2a: Polteageist|spd|1\n|-boost|p2a: Polteageist|atk|2\n|-boost|p2a: Polteageist|spa|2\n|-boost|p2a: Polteageist|spe|2\n|move|p1a: Gourgeist|Toxic|p2a: Polteageist\n|-status|p2a: Polteageist|tox\n|\n|-damage|p2a: Polteageist|94\/100 tox|[from] psn\n|upkeep\n|turn|20\n|\n|t:|1700070283\n|move|p1a: Gourgeist|Protect|p1a: Gourgeist\n|-singleturn|p1a: Gourgeist|Protect\n|move|p2a: Polteageist|Shadow Ball|p1a: Gourgeist\n|-activate|p1a: Gourgeist|move: Protect\n|\n|-damage|p2a: Polteageist|82\/100 tox|[from] psn\n|-fieldend|move: Psychic Terrain\n|upkeep\n|turn|21\n|\n|t:|1700070292\n|switch|p1a: Tyranitar|Tyranitar-Mega, F|58\/100\n|-weather|Sandstorm|[from] ability: Sand Stream|[of] p1a: Tyranitar\n|move|p2a: Polteageist|Shadow Ball|p1a: Tyranitar\n|-resisted|p1a: Tyranitar\n|-damage|p1a: Tyranitar|43\/100\n|\n|-weather|Sandstorm|[upkeep]\n|-damage|p2a: Polteageist|76\/100 tox|[from] Sandstorm\n|-damage|p2a: Polteageist|58\/100 tox|[from] psn\n|upkeep\n|turn|22\n|\n|t:|1700070302\n|-terastallize|p2a: Polteageist|Fighting\n|move|p1a: Tyranitar|Protect|p1a: Tyranitar\n|-singleturn|p1a: Tyranitar|Protect\n|move|p2a: Polteageist|Tera Blast|p1a: Tyranitar|[anim] Tera Blast Fighting\n|-activate|p1a: Tyranitar|move: Protect\n|\n|-weather|Sandstorm|[upkeep]\n|-damage|p2a: Polteageist|51\/100 tox|[from] Sandstorm\n|-damage|p2a: Polteageist|27\/100 tox|[from] psn\n|upkeep\n|turn|23\n|\n|t:|1700070311\n|switch|p2a: Indeedee|Indeedee, M|28\/100\n|-fieldstart|move: Psychic Terrain|[from] ability: Psychic Surge|[of] p2a: Indeedee\n|move|p1a: Tyranitar|Body Press|p2a: Indeedee\n|-damage|p2a: Indeedee|0 fnt\n|faint|p2a: Indeedee\n|\n|-weather|Sandstorm|[upkeep]\n|upkeep\n|\n|t:|1700070319\n|switch|p2a: Sneasler|Sneasler, F|100\/100\n|-enditem|p2a: Sneasler|Psychic Seed\n|-boost|p2a: Sneasler|spd|1|[from] item: Psychic Seed\n|turn|24\n|\n|t:|1700070322\n|move|p2a: Sneasler|Swords Dance|p2a: Sneasler\n|-boost|p2a: Sneasler|atk|2\n|move|p1a: Tyranitar|Knock Off|p2a: Sneasler\n|-resisted|p2a: Sneasler\n|-damage|p2a: Sneasler|72\/100\n|\n|-weather|Sandstorm|[upkeep]\n|-damage|p2a: Sneasler|66\/100|[from] Sandstorm\n|upkeep\n|turn|25\n|\n|t:|1700070330\n|move|p2a: Sneasler|Swords Dance|p2a: Sneasler\n|-boost|p2a: Sneasler|atk|2\n|move|p1a: Tyranitar|Knock Off|p2a: Sneasler\n|-resisted|p2a: Sneasler\n|-damage|p2a: Sneasler|39\/100\n|\n|-weather|none\n|upkeep\n|turn|26\n|\n|t:|1700070338\n|move|p2a: Sneasler|Close Combat|p1a: Tyranitar\n|-supereffective|p1a: Tyranitar\n|-damage|p1a: Tyranitar|0 fnt\n|-unboost|p2a: Sneasler|def|1\n|-unboost|p2a: Sneasler|spd|1\n|faint|p1a: Tyranitar\n|\n|upkeep\n|\n|t:|1700070343\n|switch|p1a: Gourgeist|Gourgeist-Super, M|43\/100\n|turn|27\n|\n|t:|1700070347\n|move|p2a: Sneasler|Dire Claw|p1a: Gourgeist\n|-damage|p1a: Gourgeist|0 fnt\n|faint|p1a: Gourgeist\n|\n|-fieldend|move: Psychic Terrain\n|upkeep\n|\n|t:|1700070349\n|switch|p1a: Heatran|Heatran, M|100\/100 par\n|turn|28\n|\n|t:|1700070354\n|move|p2a: Sneasler|Close Combat|p1a: Heatran\n|-supereffective|p1a: Heatran\n|-damage|p1a: Heatran|0 fnt\n|-unboost|p2a: Sneasler|def|1\n|-unboost|p2a: Sneasler|spd|1\n|faint|p1a: Heatran\n|\n|upkeep\n|\n|t:|1700070356\n|switch|p1a: Alomomola|Alomomola, F|100\/100\n|turn|29\n|\n|t:|1700070361\n|move|p2a: Sneasler|Close Combat|p1a: Alomomola\n|-damage|p1a: Alomomola|0 fnt\n|-unboost|p2a: Sneasler|def|1\n|-unboost|p2a: Sneasler|spd|1\n|faint|p1a: Alomomola\n|\n|win|actualonion\n|raw|Klawf Up A Lung's rating: 1525 &rarr; <strong>1500<\/strong><br \/>(-25 for losing)\n|raw|actualonion's rating: 1440 &rarr; <strong>1465<\/strong><br \/>(+25 for winning)\n|c|\u2606Klawf Up A Lung|Gg\n|c|\u2606actualonion|GG\n|l|\u2606Klawf Up A Lung\n|c|\u2606actualonion|klawf is the goat\n","uploadtime":1700070385,"views":5,"p1id":"klawfupalung","p2id":"actualonion","formatid":"gen9nationaldex","rating":1465,"private":0,"password":""}