{"id":"gen9nationaldex-1993770542","p1":"caibi107","p2":"Red Vs Showdown","format":"[Gen 9] National Dex","log":"|j|\u2606caibi107\n|j|\u2606Red Vs Showdown\n|t:|1700355229\n|gametype|singles\n|player|p1|caibi107|hilbert|1591\n|player|p2|Red Vs Showdown|red-gen2|1670\n|teamsize|p1|6\n|teamsize|p2|6\n|gen|9\n|tier|[Gen 9] National Dex\n|rated|\n|rule|HP Percentage Mod: HP is shown in percentages\n|rule|Endless Battle Clause: Forcing endless battles is banned\n|rule|OHKO Clause: OHKO moves are banned\n|rule|Evasion Clause: Evasion abilities, items, and moves are banned\n|rule|Evasion Abilities Clause: Evasion abilities are banned\n|rule|Evasion Items Clause: Evasion items are banned\n|rule|Evasion Moves Clause: Evasion moves are banned\n|rule|Species Clause: Limit one of each Pok\u00e9mon\n|rule|Sleep Clause Mod: Limit one foe put to sleep\n|clearpoke\n|poke|p1|Beedrill, F|\n|poke|p1|Iron Treads|\n|poke|p1|Zapdos-Galar|\n|poke|p1|Slowking-Galar, F|\n|poke|p1|Ceruledge, F|\n|poke|p1|Thundurus-Therian, M|\n|poke|p2|Pikachu, F|\n|poke|p2|Charizard, M|\n|poke|p2|Blastoise, M|\n|poke|p2|Venusaur, F|\n|poke|p2|Snorlax, M|\n|poke|p2|Espeon, F|\n|teampreview\n|c|\u2606Red Vs Showdown|...\n|\n|t:|1700355237\n|start\n|switch|p1a: Beedrill|Beedrill, F|100\/100\n|switch|p2a: Pikachu|Pikachu, F|100\/100\n|turn|1\n|\n|t:|1700355257\n|switch|p1a: Ceruledge|Ceruledge, F|100\/100\n|move|p2a: Pikachu|Fake Out|p1a: Ceruledge\n|-immune|p1a: Ceruledge\n|\n|upkeep\n|turn|2\n|\n|t:|1700355266\n|switch|p2a: Blastoise|Blastoise, M|100\/100\n|move|p1a: Ceruledge|Swords Dance|p1a: Ceruledge\n|-boost|p1a: Ceruledge|atk|2\n|\n|upkeep\n|turn|3\n|\n|t:|1700355269\n|move|p1a: Ceruledge|Poltergeist|p2a: Blastoise\n|-activate|p2a: Blastoise|move: Poltergeist|Leftovers\n|-damage|p2a: Blastoise|23\/100\n|move|p2a: Blastoise|Flip Turn|p1a: Ceruledge\n|-supereffective|p1a: Ceruledge\n|-damage|p1a: Ceruledge|24\/100\n|-ability|p1a: Ceruledge|Weak Armor|boost\n|-unboost|p1a: Ceruledge|def|1\n|-boost|p1a: Ceruledge|spe|2\n|\n|t:|1700355296\n|switch|p2a: Snorlax|Snorlax, M|100\/100|[from] Flip Turn\n|\n|upkeep\n|turn|4\n|\n|t:|1700355307\n|-terastallize|p1a: Ceruledge|Fire\n|move|p1a: Ceruledge|Bitter Blade|p2a: Snorlax\n|-damage|p2a: Snorlax|29\/100\n|-heal|p1a: Ceruledge|82\/100|[from] drain|[of] p2a: Snorlax\n|move|p2a: Snorlax|Heat Crash|p1a: Ceruledge\n|-resisted|p1a: Ceruledge\n|-damage|p1a: Ceruledge|16\/100\n|-ability|p1a: Ceruledge|Weak Armor|boost\n|-unboost|p1a: Ceruledge|def|1\n|-boost|p1a: Ceruledge|spe|2\n|\n|upkeep\n|turn|5\n|\n|t:|1700355316\n|switch|p2a: Blastoise|Blastoise, M|23\/100\n|move|p1a: Ceruledge|Bitter Blade|p2a: Blastoise\n|-resisted|p2a: Blastoise\n|-damage|p2a: Blastoise|0 fnt\n|-heal|p1a: Ceruledge|30\/100|[from] drain|[of] p2a: Blastoise\n|faint|p2a: Blastoise\n|\n|upkeep\n|\n|t:|1700355317\n|switch|p2a: Pikachu|Pikachu, F|100\/100\n|turn|6\n|\n|t:|1700355320\n|move|p2a: Pikachu|Extreme Speed|p1a: Ceruledge\n|-damage|p1a: Ceruledge|0 fnt\n|faint|p1a: Ceruledge\n|\n|upkeep\n|\n|t:|1700355337\n|switch|p1a: Iron Treads|Iron Treads|100\/100\n|turn|7\n|\n|t:|1700355340\n|switch|p2a: Espeon|Espeon, F|100\/100\n|move|p1a: Iron Treads|Rapid Spin|p2a: Espeon\n|-damage|p2a: Espeon|75\/100\n|-boost|p1a: Iron Treads|spe|1\n|\n|upkeep\n|turn|8\n|\n|t:|1700355345\n|switch|p2a: Charizard|Charizard, M|100\/100\n|move|p1a: Iron Treads|High Horsepower|p2a: Charizard\n|-immune|p2a: Charizard\n|\n|upkeep\n|turn|9\n|\n|t:|1700355348\n|detailschange|p2a: Charizard|Charizard-Mega-Y, M\n|-mega|p2a: Charizard|Charizard|Charizardite Y\n|-weather|SunnyDay|[from] ability: Drought|[of] p2a: Charizard\n|move|p1a: Iron Treads|Rock Slide|p2a: Charizard\n|-supereffective|p2a: Charizard\n|-damage|p2a: Charizard|0 fnt\n|faint|p2a: Charizard\n|\n|-weather|SunnyDay|[upkeep]\n|upkeep\n|\n|t:|1700355351\n|switch|p2a: Venusaur|Venusaur, F|100\/100\n|turn|10\n|\n|t:|1700355361\n|move|p2a: Venusaur|Weather Ball|p1a: Iron Treads\n|-supereffective|p1a: Iron Treads\n|-damage|p1a: Iron Treads|36\/100\n|move|p1a: Iron Treads|Stealth Rock|p2a: Venusaur\n|-sidestart|p2: Red Vs Showdown|move: Stealth Rock\n|\n|-weather|SunnyDay|[upkeep]\n|-heal|p1a: Iron Treads|43\/100|[from] item: Leftovers\n|upkeep\n|turn|11\n|\n|t:|1700355365\n|-end|p1a: Iron Treads|Quark Drive|[silent]\n|switch|p1a: Slowking|Slowking-Galar, F|100\/100\n|move|p2a: Venusaur|Weather Ball|p1a: Slowking\n|-damage|p1a: Slowking|76\/100\n|\n|-weather|SunnyDay|[upkeep]\n|-heal|p1a: Slowking|82\/100|[from] item: Leftovers\n|upkeep\n|turn|12\n|\n|t:|1700355369\n|switch|p2a: Espeon|Espeon, F|75\/100\n|-damage|p2a: Espeon|63\/100|[from] Stealth Rock\n|move|p1a: Slowking|Future Sight|p2a: Espeon\n|-start|p1a: Slowking|move: Future Sight\n|\n|-weather|SunnyDay|[upkeep]\n|-heal|p1a: Slowking|88\/100|[from] item: Leftovers\n|upkeep\n|turn|13\n|\n|t:|1700355374\n|move|p2a: Espeon|Psychic|p1a: Slowking\n|-damage|p1a: Slowking|60\/100\n|move|p1a: Slowking|Chilly Reception|p1a: Slowking\n|-weather|Snow\n|\n|t:|1700355383\n|switch|p1a: Beedrill|Beedrill, F|100\/100|[from] Chilly Reception\n|\n|-weather|Snow|[upkeep]\n|upkeep\n|turn|14\n|\n|t:|1700355385\n|detailschange|p1a: Beedrill|Beedrill-Mega, F\n|-mega|p1a: Beedrill|Beedrill|Beedrillite\n|move|p2a: Espeon|Psychic|p1a: Beedrill\n|-supereffective|p1a: Beedrill\n|-crit|p1a: Beedrill\n|-damage|p1a: Beedrill|0 fnt\n|faint|p1a: Beedrill\n|\n|-weather|Snow|[upkeep]\n|-end|p2a: Espeon|move: Future Sight\n|-resisted|p2a: Espeon\n|-damage|p2a: Espeon|34\/100\n|upkeep\n|j| YJLF\n|\n|t:|1700355408\n|switch|p1a: Iron Treads|Iron Treads|43\/100\n|turn|15\n|\n|t:|1700355415\n|switch|p2a: Snorlax|Snorlax, M|29\/100\n|-damage|p2a: Snorlax|17\/100|[from] Stealth Rock\n|move|p1a: Iron Treads|High Horsepower|p2a: Snorlax\n|-damage|p2a: Snorlax|0 fnt\n|faint|p2a: Snorlax\n|\n|-weather|Snow|[upkeep]\n|-heal|p1a: Iron Treads|49\/100|[from] item: Leftovers\n|upkeep\n|\n|t:|1700355424\n|switch|p2a: Venusaur|Venusaur, F|100\/100\n|-damage|p2a: Venusaur|88\/100|[from] Stealth Rock\n|turn|16\n|\n|t:|1700355428\n|-zpower|p2a: Venusaur\n|move|p2a: Venusaur|Bloom Doom|p1a: Iron Treads|[zeffect]\n|-crit|p1a: Iron Treads\n|-damage|p1a: Iron Treads|0 fnt\n|faint|p1a: Iron Treads\n|-end|p1a: Iron Treads|Quark Drive|[silent]\n|\n|-weather|Snow|[upkeep]\n|upkeep\n|\n|t:|1700355441\n|switch|p1a: Zapdos|Zapdos-Galar|100\/100\n|turn|17\n|\n|t:|1700355445\n|move|p1a: Zapdos|Brave Bird|p2a: Venusaur\n|-supereffective|p2a: Venusaur\n|-damage|p2a: Venusaur|0 fnt\n|faint|p2a: Venusaur\n|-damage|p1a: Zapdos|73\/100|[from] Recoil\n|\n|-weather|none\n|upkeep\n|\n|t:|1700355447\n|switch|p2a: Espeon|Espeon, F|34\/100\n|-damage|p2a: Espeon|22\/100|[from] Stealth Rock\n|turn|18\n|\n|t:|1700355451\n|switch|p1a: Slowking|Slowking-Galar, F|94\/100\n|move|p2a: Espeon|Psychic|p1a: Slowking\n|-damage|p1a: Slowking|65\/100\n|\n|-heal|p1a: Slowking|71\/100|[from] item: Leftovers\n|upkeep\n|turn|19\n|\n|t:|1700355455\n|move|p2a: Espeon|Psychic|p1a: Slowking\n|-damage|p1a: Slowking|46\/100\n|move|p1a: Slowking|Future Sight|p2a: Espeon\n|-start|p1a: Slowking|move: Future Sight\n|\n|-heal|p1a: Slowking|52\/100|[from] item: Leftovers\n|upkeep\n|turn|20\n|\n|t:|1700355461\n|move|p2a: Espeon|Psychic|p1a: Slowking\n|-damage|p1a: Slowking|22\/100\n|move|p1a: Slowking|Toxic|p2a: Espeon\n|move|p2a: Espeon|Toxic|p1a: Slowking|[from]ability: Magic Bounce\n|-immune|p1a: Slowking\n|\n|-heal|p1a: Slowking|28\/100|[from] item: Leftovers\n|upkeep\n|turn|21\n|\n|t:|1700355466\n|move|p2a: Espeon|Psychic|p1a: Slowking\n|-damage|p1a: Slowking|0 fnt\n|faint|p1a: Slowking\n|\n|-end|p2a: Espeon|move: Future Sight\n|-resisted|p2a: Espeon\n|-damage|p2a: Espeon|0 fnt\n|faint|p2a: Espeon\n|upkeep\n|\n|t:|1700355474\n|switch|p2a: Pikachu|Pikachu, F|100\/100\n|switch|p1a: Thundurus|Thundurus-Therian, M|100\/100\n|-damage|p2a: Pikachu|88\/100|[from] Stealth Rock\n|turn|22\n|\n|t:|1700355477\n|-terastallize|p2a: Pikachu|Normal\n|move|p2a: Pikachu|Fake Out|p1a: Thundurus\n|-damage|p1a: Thundurus|62\/100\n|cant|p1a: Thundurus|flinch\n|\n|upkeep\n|turn|23\n|\n|t:|1700355481\n|move|p2a: Pikachu|Extreme Speed|p1a: Thundurus\n|-damage|p1a: Thundurus|0 fnt\n|faint|p1a: Thundurus\n|\n|upkeep\n|\n|t:|1700355483\n|switch|p1a: Zapdos|Zapdos-Galar|73\/100\n|turn|24\n|\n|t:|1700355485\n|move|p2a: Pikachu|Extreme Speed|p1a: Zapdos\n|-crit|p1a: Zapdos\n|-damage|p1a: Zapdos|0 fnt\n|faint|p1a: Zapdos\n|\n|win|Red Vs Showdown\n|raw|caibi107's rating: 1591 &rarr; <strong>1575<\/strong><br \/>(-16 for losing)\n|raw|Red Vs Showdown's rating: 1670 &rarr; <strong>1686<\/strong><br \/>(+16 for winning)\n|c|\u2606Red Vs Showdown|...\n","uploadtime":1700355492,"views":10,"p1id":"caibi107","p2id":"redvsshowdown","formatid":"gen9nationaldex","rating":1575,"private":0,"password":""}