{"id":"gen9nationaldex-1990185472","p1":"v587","p2":"KingofEdenz","format":"[Gen 9] National Dex","log":"|j|\u2606v587\n|j|\u2606KingofEdenz\n|t:|1699934374\n|gametype|singles\n|player|p1|v587|dawn|1409\n|player|p2|KingofEdenz|artist-gen4|1509\n|teamsize|p1|6\n|teamsize|p2|6\n|gen|9\n|tier|[Gen 9] National Dex\n|rated|\n|rule|HP Percentage Mod: HP is shown in percentages\n|rule|Endless Battle Clause: Forcing endless battles is banned\n|rule|OHKO Clause: OHKO moves are banned\n|rule|Evasion Clause: Evasion abilities, items, and moves are banned\n|rule|Evasion Abilities Clause: Evasion abilities are banned\n|rule|Evasion Items Clause: Evasion items are banned\n|rule|Evasion Moves Clause: Evasion moves are banned\n|rule|Species Clause: Limit one of each Pok\u00e9mon\n|rule|Sleep Clause Mod: Limit one foe put to sleep\n|clearpoke\n|poke|p1|Cloyster, F|\n|poke|p1|Ninetales-Alola, F|\n|poke|p1|Avalugg, M|\n|poke|p1|Mamoswine, F|\n|poke|p1|Abomasnow, M|\n|poke|p1|Kyurem|\n|poke|p2|Scolipede, F|\n|poke|p2|Excadrill, M|\n|poke|p2|Sinistcha|\n|poke|p2|Regice|\n|poke|p2|Aerodactyl, M|\n|poke|p2|Samurott-Hisui, M|\n|teampreview\n|inactive|Battle timer is ON: inactive players will automatically lose when time's up. (requested by v587)\n|\n|t:|1699934386\n|start\n|switch|p1a: Mamoswine|Mamoswine, F|100\/100\n|switch|p2a: Regice|Regice|100\/100\n|turn|1\n|\n|t:|1699934391\n|move|p1a: Mamoswine|Stealth Rock|p2a: Regice\n|-sidestart|p2: KingofEdenz|move: Stealth Rock\n|move|p2a: Regice|Focus Blast|p1a: Mamoswine\n|-supereffective|p1a: Mamoswine\n|-enditem|p1a: Mamoswine|Focus Sash\n|-damage|p1a: Mamoswine|1\/100\n|\n|upkeep\n|turn|2\n|\n|t:|1699934400\n|move|p1a: Mamoswine|Earthquake|p2a: Regice\n|-damage|p2a: Regice|48\/100\n|move|p2a: Regice|Ice Beam|p1a: Mamoswine\n|-crit|p1a: Mamoswine\n|-damage|p1a: Mamoswine|0 fnt\n|faint|p1a: Mamoswine\n|\n|upkeep\n|\n|t:|1699934407\n|switch|p1a: Ninetales|Ninetales-Alola, F|100\/100\n|-weather|Snow|[from] ability: Snow Warning|[of] p1a: Ninetales\n|turn|3\n|\n|t:|1699934410\n|move|p1a: Ninetales|Aurora Veil|p1a: Ninetales\n|-sidestart|p1: v587|move: Aurora Veil\n|move|p2a: Regice|Flash Cannon|p1a: Ninetales\n|-supereffective|p1a: Ninetales\n|-damage|p1a: Ninetales|55\/100\n|\n|-weather|Snow|[upkeep]\n|upkeep\n|turn|4\n|\n|t:|1699934430\n|-terastallize|p1a: Ninetales|Steel\n|move|p1a: Ninetales|Moonblast|p2a: Regice\n|-damage|p2a: Regice|39\/100\n|move|p2a: Regice|Thunderbolt|p1a: Ninetales\n|-damage|p1a: Ninetales|41\/100\n|\n|-weather|Snow|[upkeep]\n|upkeep\n|turn|5\n|\n|t:|1699934435\n|move|p1a: Ninetales|Moonblast|p2a: Regice\n|-damage|p2a: Regice|30\/100\n|move|p2a: Regice|Focus Blast|p1a: Ninetales|[miss]\n|-miss|p2a: Regice|p1a: Ninetales\n|\n|-weather|Snow|[upkeep]\n|upkeep\n|turn|6\n|\n|t:|1699934443\n|move|p1a: Ninetales|Moonblast|p2a: Regice\n|-damage|p2a: Regice|20\/100\n|move|p2a: Regice|Thunderbolt|p1a: Ninetales\n|-damage|p1a: Ninetales|26\/100\n|\n|-weather|Snow|[upkeep]\n|upkeep\n|turn|7\n|\n|t:|1699934446\n|move|p1a: Ninetales|Moonblast|p2a: Regice\n|-damage|p2a: Regice|10\/100\n|move|p2a: Regice|Focus Blast|p1a: Ninetales\n|-supereffective|p1a: Ninetales\n|-damage|p1a: Ninetales|0 fnt\n|faint|p1a: Ninetales\n|\n|-weather|none\n|upkeep\n|\n|t:|1699934456\n|switch|p1a: Kyurem|Kyurem|100\/100\n|-ability|p1a: Kyurem|Pressure\n|turn|8\n|\n|t:|1699934458\n|move|p1a: Kyurem|Hidden Power|p2a: Regice\n|-supereffective|p2a: Regice\n|-damage|p2a: Regice|0 fnt\n|faint|p2a: Regice\n|\n|upkeep\n|\n|t:|1699934465\n|switch|p2a: Samurott|Samurott-Hisui, M|100\/100\n|-damage|p2a: Samurott|88\/100|[from] Stealth Rock\n|turn|9\n|\n|t:|1699934473\n|switch|p1a: Avalugg|Avalugg, M|100\/100\n|move|p2a: Samurott|Sacred Sword|p1a: Avalugg\n|-supereffective|p1a: Avalugg\n|-damage|p1a: Avalugg|85\/100\n|\n|upkeep\n|turn|10\n|\n|t:|1699934486\n|switch|p2a: Sinistcha|Sinistcha|100\/100\n|-damage|p2a: Sinistcha|88\/100|[from] Stealth Rock\n|move|p1a: Avalugg|Iron Defense|p1a: Avalugg\n|-boost|p1a: Avalugg|def|2\n|\n|-heal|p2a: Sinistcha|94\/100|[from] item: Leftovers\n|-sideend|p1: v587|move: Aurora Veil\n|upkeep\n|turn|11\n|\n|t:|1699934489\n|switch|p1a: Abomasnow|Abomasnow, M|100\/100\n|-weather|Snow|[from] ability: Snow Warning|[of] p1a: Abomasnow\n|move|p2a: Sinistcha|Strength Sap|p1a: Abomasnow\n|-unboost|p1a: Abomasnow|atk|1\n|-heal|p2a: Sinistcha|100\/100\n|\n|-weather|Snow|[upkeep]\n|upkeep\n|turn|12\n|\n|t:|1699934498\n|detailschange|p1a: Abomasnow|Abomasnow-Mega, M\n|-mega|p1a: Abomasnow|Abomasnow|Abomasite\n|-terastallize|p2a: Sinistcha|Poison\n|move|p2a: Sinistcha|Calm Mind|p2a: Sinistcha\n|-boost|p2a: Sinistcha|spa|1\n|-boost|p2a: Sinistcha|spd|1\n|move|p1a: Abomasnow|Aurora Veil|p1a: Abomasnow\n|-sidestart|p1: v587|move: Aurora Veil\n|\n|-weather|Snow|[upkeep]\n|upkeep\n|turn|13\n|\n|t:|1699934508\n|switch|p1a: Kyurem|Kyurem|100\/100\n|-ability|p1a: Kyurem|Pressure\n|move|p2a: Sinistcha|Calm Mind|p2a: Sinistcha\n|-boost|p2a: Sinistcha|spa|1\n|-boost|p2a: Sinistcha|spd|1\n|\n|-weather|Snow|[upkeep]\n|upkeep\n|turn|14\n|\n|t:|1699934514\n|move|p2a: Sinistcha|Shadow Ball|p1a: Kyurem\n|-damage|p1a: Kyurem|77\/100\n|move|p1a: Kyurem|Dragon Tail|p2a: Sinistcha\n|-damage|p2a: Sinistcha|81\/100\n|drag|p2a: Samurott|Samurott-Hisui, M|88\/100\n|-damage|p2a: Samurott|76\/100|[from] Stealth Rock\n|\n|-weather|Snow|[upkeep]\n|upkeep\n|turn|15\n|\n|t:|1699934534\n|switch|p1a: Cloyster|Cloyster, F|100\/100\n|move|p2a: Samurott|Ceaseless Edge|p1a: Cloyster\n|-damage|p1a: Cloyster|87\/100\n|-sidestart|p1: v587|Spikes\n|\n|-weather|none\n|upkeep\n|turn|16\n|\n|t:|1699934544\n|switch|p2a: Sinistcha|Sinistcha, tera:Poison|81\/100\n|-damage|p2a: Sinistcha|69\/100|[from] Stealth Rock\n|move|p1a: Cloyster|Shell Smash|p1a: Cloyster\n|-unboost|p1a: Cloyster|def|1\n|-unboost|p1a: Cloyster|spd|1\n|-boost|p1a: Cloyster|atk|2\n|-boost|p1a: Cloyster|spa|2\n|-boost|p1a: Cloyster|spe|2\n|-enditem|p1a: Cloyster|White Herb\n|-clearnegativeboost|p1a: Cloyster|[silent]\n|\n|-heal|p2a: Sinistcha|75\/100|[from] item: Leftovers\n|-sideend|p1: v587|move: Aurora Veil\n|upkeep\n|turn|17\n|\n|t:|1699934547\n|move|p1a: Cloyster|Icicle Spear|p2a: Sinistcha\n|-damage|p2a: Sinistcha|56\/100\n|-damage|p2a: Sinistcha|36\/100\n|-damage|p2a: Sinistcha|17\/100\n|-damage|p2a: Sinistcha|0 fnt\n|faint|p2a: Sinistcha\n|-hitcount|p2: Sinistcha|4\n|\n|upkeep\n|\n|t:|1699934551\n|switch|p2a: Samurott|Samurott-Hisui, M|76\/100\n|-damage|p2a: Samurott|63\/100|[from] Stealth Rock\n|turn|18\n|\n|t:|1699934554\n|move|p1a: Cloyster|Rock Blast|p2a: Samurott|[miss]\n|-miss|p1a: Cloyster|p2a: Samurott\n|move|p2a: Samurott|Sacred Sword|p1a: Cloyster\n|-supereffective|p1a: Cloyster\n|-damage|p1a: Cloyster|21\/100\n|\n|upkeep\n|turn|19\n|\n|t:|1699934557\n|move|p1a: Cloyster|Rock Blast|p2a: Samurott\n|-damage|p2a: Samurott|43\/100\n|-damage|p2a: Samurott|25\/100\n|-damage|p2a: Samurott|5\/100\n|-damage|p2a: Samurott|0 fnt\n|faint|p2a: Samurott\n|-hitcount|p2: Samurott|4\n|\n|upkeep\n|\n|t:|1699934561\n|switch|p2a: Scolipede|Scolipede, F, shiny|100\/100\n|turn|20\n|\n|t:|1699934565\n|move|p1a: Cloyster|Rock Blast|p2a: Scolipede\n|-supereffective|p2a: Scolipede\n|-damage|p2a: Scolipede|58\/100\n|-supereffective|p2a: Scolipede\n|-damage|p2a: Scolipede|15\/100\n|-supereffective|p2a: Scolipede\n|-damage|p2a: Scolipede|0 fnt\n|faint|p2a: Scolipede\n|-hitcount|p2: Scolipede|3\n|\n|upkeep\n|\n|t:|1699934568\n|switch|p2a: Excadrill|Excadrill, M|100\/100\n|-damage|p2a: Excadrill|97\/100|[from] Stealth Rock\n|-ability|p2a: Excadrill|Mold Breaker\n|turn|21\n|\n|t:|1699934571\n|move|p1a: Cloyster|Liquidation|p2a: Excadrill\n|-supereffective|p2a: Excadrill\n|-damage|p2a: Excadrill|0 fnt\n|faint|p2a: Excadrill\n|\n|upkeep\n|-message|KingofEdenz forfeited.\n|\n|win|v587\n|raw|v587's rating: 1409 &rarr; <strong>1435<\/strong><br \/>(+26 for winning)\n|raw|KingofEdenz's rating: 1509 &rarr; <strong>1483<\/strong><br \/>(-26 for losing)\n|l|\u2606KingofEdenz\n","uploadtime":1699934589,"views":6,"p1id":"v587","p2id":"kingofedenz","formatid":"gen9nationaldex","rating":1435,"private":0,"password":""}