{"id":"gen9nationaldex-1991183591","p1":"Kaizo Block 6000","p2":"psng","format":"[Gen 9] National Dex","log":"|j|\u2606Kaizo Block 6000\n|j|\u2606psng\n|t:|1700054598\n|gametype|singles\n|player|p1|Kaizo Block 6000|102|1191\n|player|p2|psng|wallace|1353\n|teamsize|p1|6\n|teamsize|p2|6\n|gen|9\n|tier|[Gen 9] National Dex\n|rated|\n|rule|HP Percentage Mod: HP is shown in percentages\n|rule|Endless Battle Clause: Forcing endless battles is banned\n|rule|OHKO Clause: OHKO moves are banned\n|rule|Evasion Clause: Evasion abilities, items, and moves are banned\n|rule|Evasion Abilities Clause: Evasion abilities are banned\n|rule|Evasion Items Clause: Evasion items are banned\n|rule|Evasion Moves Clause: Evasion moves are banned\n|rule|Species Clause: Limit one of each Pok\u00e9mon\n|rule|Sleep Clause Mod: Limit one foe put to sleep\n|clearpoke\n|poke|p1|Tapu Koko|\n|poke|p1|Iron Valiant|\n|poke|p1|Sneasler, F|\n|poke|p1|Pinsir, F|\n|poke|p1|Mimikyu, M|\n|poke|p1|Azelf|\n|poke|p2|Pelipper, F|\n|poke|p2|Tapu Lele|\n|poke|p2|Swampert, M|\n|poke|p2|Greninja-*, M|\n|poke|p2|Zapdos|\n|poke|p2|Ferrothorn, M|\n|teampreview\n|inactive|Battle timer is ON: inactive players will automatically lose when time's up. (requested by psng)\n|\n|t:|1700054611\n|start\n|switch|p1a: Hawk|Tapu Koko|100\/100\n|switch|p2a: Pelipper|Pelipper, F, shiny|100\/100\n|-fieldstart|move: Electric Terrain|[from] ability: Electric Surge|[of] p1a: Hawk\n|-weather|RainDance|[from] ability: Drizzle|[of] p2a: Pelipper\n|turn|1\n|\n|t:|1700054626\n|switch|p2a: Tapu Lele|Tapu Lele, shiny|100\/100\n|-fieldstart|move: Psychic Terrain|[from] ability: Psychic Surge|[of] p2a: Tapu Lele\n|move|p1a: Hawk|Dazzling Gleam|p2a: Tapu Lele\n|-damage|p2a: Tapu Lele|61\/100\n|\n|-weather|RainDance|[upkeep]\n|upkeep\n|turn|2\n|\n|t:|1700054641\n|switch|p1a: Akillurzelf(joke)|Azelf|100\/100\n|move|p2a: Tapu Lele|Psychic|p1a: Akillurzelf(joke)\n|-resisted|p1a: Akillurzelf(joke)\n|-damage|p1a: Akillurzelf(joke)|50\/100\n|-unboost|p1a: Akillurzelf(joke)|spd|1\n|\n|-weather|RainDance|[upkeep]\n|upkeep\n|turn|3\n|\n|t:|1700054654\n|move|p2a: Tapu Lele|Psychic|p1a: Akillurzelf(joke)\n|-resisted|p1a: Akillurzelf(joke)\n|-damage|p1a: Akillurzelf(joke)|0 fnt\n|faint|p1a: Akillurzelf(joke)\n|\n|-weather|RainDance|[upkeep]\n|upkeep\n|\n|t:|1700054665\n|switch|p1a: Hawk|Tapu Koko|100\/100\n|-fieldstart|move: Electric Terrain|[from] ability: Electric Surge|[of] p1a: Hawk\n|turn|4\n|\n|t:|1700054693\n|switch|p2a: Swampert|Swampert, M, shiny|100\/100\n|move|p1a: Hawk|Thunder|p2a: Swampert\n|-immune|p2a: Swampert\n|\n|-weather|RainDance|[upkeep]\n|upkeep\n|turn|5\n|\n|t:|1700054705\n|switch|p1a: Buzz Off|Pinsir, F|100\/100\n|detailschange|p2a: Swampert|Swampert-Mega, M, shiny\n|-mega|p2a: Swampert|Swampert|Swampertite\n|move|p2a: Swampert|Earthquake|p1a: Buzz Off\n|-resisted|p1a: Buzz Off\n|-damage|p1a: Buzz Off|60\/100\n|\n|-weather|RainDance|[upkeep]\n|upkeep\n|turn|6\n|\n|t:|1700054712\n|detailschange|p1a: Buzz Off|Pinsir-Mega, F\n|-mega|p1a: Buzz Off|Pinsir|Pinsirite\n|move|p1a: Buzz Off|Quick Attack|p2a: Swampert\n|-damage|p2a: Swampert|73\/100\n|move|p2a: Swampert|Ice Punch|p1a: Buzz Off\n|-supereffective|p1a: Buzz Off\n|-crit|p1a: Buzz Off\n|-damage|p1a: Buzz Off|0 fnt\n|faint|p1a: Buzz Off\n|\n|-weather|RainDance|[upkeep]\n|upkeep\n|\n|t:|1700054719\n|switch|p1a: Mimikins|Mimikyu, M, shiny|100\/100\n|turn|7\n|\n|t:|1700054726\n|move|p2a: Swampert|Flip Turn|p1a: Mimikins\n|-activate|p1a: Mimikins|ability: Disguise\n|-damage|p1a: Mimikins|100\/100\n|detailschange|p1a: Mimikins|Mimikyu-Busted, M, shiny\n|-damage|p1a: Mimikins|88\/100|[from] pokemon: Mimikyu-Busted\n|\n|t:|1700054730\n|switch|p2a: Zapdos|Zapdos, shiny|100\/100|[from] Flip Turn\n|move|p1a: Mimikins|Wood Hammer|p2a: Zapdos\n|-resisted|p2a: Zapdos\n|-damage|p2a: Zapdos|84\/100\n|-damage|p1a: Mimikins|80\/100|[from] Recoil\n|-damage|p1a: Mimikins|70\/100|[from] item: Life Orb\n|\n|-weather|RainDance|[upkeep]\n|upkeep\n|turn|8\n|\n|t:|1700054741\n|move|p1a: Mimikins|Play Rough|p2a: Zapdos\n|-damage|p2a: Zapdos|52\/100\n|-damage|p1a: Mimikins|60\/100|[from] item: Life Orb\n|move|p2a: Zapdos|Hurricane|p1a: Mimikins\n|-damage|p1a: Mimikins|0 fnt\n|faint|p1a: Mimikins\n|\n|-weather|none\n|-fieldend|move: Electric Terrain\n|upkeep\n|\n|t:|1700054755\n|switch|p1a: Hawk|Tapu Koko|100\/100\n|-fieldstart|move: Electric Terrain|[from] ability: Electric Surge|[of] p1a: Hawk\n|turn|9\n|\n|t:|1700054775\n|switch|p1a: 1R0N VAI1ANT|Iron Valiant|100\/100\n|-activate|p1a: 1R0N VAI1ANT|ability: Quark Drive\n|-start|p1a: 1R0N VAI1ANT|quarkdrivespe\n|switch|p2a: Tapu Lele|Tapu Lele, shiny|61\/100\n|-fieldstart|move: Psychic Terrain|[from] ability: Psychic Surge|[of] p2a: Tapu Lele\n|-end|p1a: 1R0N VAI1ANT|Quark Drive\n|\n|upkeep\n|turn|10\n|\n|t:|1700054786\n|-end|p1a: 1R0N VAI1ANT|Quark Drive|[silent]\n|switch|p1a: Hawk|Tapu Koko|100\/100\n|-fieldstart|move: Electric Terrain|[from] ability: Electric Surge|[of] p1a: Hawk\n|move|p2a: Tapu Lele|Psychic|p1a: Hawk\n|-damage|p1a: Hawk|30\/100\n|-unboost|p1a: Hawk|spd|1\n|\n|upkeep\n|turn|11\n|\n|t:|1700054795\n|move|p2a: Tapu Lele|Psychic|p1a: Hawk\n|-damage|p1a: Hawk|0 fnt\n|faint|p1a: Hawk\n|\n|upkeep\n|\n|t:|1700054807\n|switch|p1a: Revenge|Sneasler, F, shiny|100\/100\n|-enditem|p1a: Revenge|Electric Seed\n|-boost|p1a: Revenge|def|1|[from] item: Electric Seed\n|turn|12\n|\n|t:|1700054821\n|switch|p2a: Pelipper|Pelipper, F, shiny|100\/100\n|-weather|RainDance|[from] ability: Drizzle|[of] p2a: Pelipper\n|move|p1a: Revenge|Acrobatics|p2a: Pelipper\n|-crit|p2a: Pelipper\n|-damage|p2a: Pelipper|55\/100\n|\n|-weather|RainDance|[upkeep]\n|upkeep\n|turn|13\n|\n|t:|1700054829\n|move|p1a: Revenge|Dire Claw|p2a: Pelipper\n|-damage|p2a: Pelipper|18\/100\n|move|p2a: Pelipper|U-turn|p1a: Revenge\n|-resisted|p1a: Revenge\n|-damage|p1a: Revenge|98\/100\n|\n|t:|1700054847\n|switch|p2a: Zapdos|Zapdos, shiny|52\/100|[from] U-turn\n|\n|-weather|RainDance|[upkeep]\n|upkeep\n|turn|14\n|\n|t:|1700054853\n|move|p1a: Revenge|Dire Claw|p2a: Zapdos\n|-crit|p2a: Zapdos\n|-damage|p2a: Zapdos|0 fnt\n|faint|p2a: Zapdos\n|\n|-weather|RainDance|[upkeep]\n|-fieldend|move: Electric Terrain\n|upkeep\n|\n|t:|1700054867\n|switch|p2a: Ferrothorn|Ferrothorn, M, shiny|100\/100\n|turn|15\n|\n|t:|1700054871\n|-terastallize|p2a: Ferrothorn|Water\n|move|p1a: Revenge|Close Combat|p2a: Ferrothorn\n|-damage|p2a: Ferrothorn|51\/100\n|-unboost|p1a: Revenge|def|1\n|-unboost|p1a: Revenge|spd|1\n|-damage|p1a: Revenge|86\/100|[from] ability: Iron Barbs|[of] p2a: Ferrothorn\n|move|p2a: Ferrothorn|Gyro Ball|p1a: Revenge\n|-damage|p1a: Revenge|4\/100\n|\n|-weather|RainDance|[upkeep]\n|-heal|p2a: Ferrothorn|57\/100|[from] item: Leftovers\n|upkeep\n|turn|16\n|l|\u2606Kaizo Block 6000\n|inactive|Kaizo Block 6000 disconnected and has a minute to reconnect!\n|player|p1|\n|\n|t:|1700054889\n|move|p1a: Revenge|Close Combat|p2a: Ferrothorn\n|-damage|p2a: Ferrothorn|7\/100\n|-unboost|p1a: Revenge|def|1\n|-unboost|p1a: Revenge|spd|1\n|-damage|p1a: Revenge|0 fnt|[from] ability: Iron Barbs|[of] p2a: Ferrothorn\n|faint|p1a: Revenge\n|move|p2a: Ferrothorn|Leech Seed|p1: Revenge|[notarget]\n|-fail|p2a: Ferrothorn\n|\n|-weather|RainDance|[upkeep]\n|-heal|p2a: Ferrothorn|13\/100|[from] item: Leftovers\n|upkeep\n|inactive|Kaizo Block 6000 has 30 seconds to reconnect!\n|inactive|Kaizo Block 6000 has 20 seconds to reconnect!\n|inactive|Kaizo Block 6000 has 15 seconds to reconnect!\n|inactive|Kaizo Block 6000 has 10 seconds to reconnect!\n|inactive|Kaizo Block 6000 has 5 seconds to reconnect!\n|-message|Kaizo Block 6000 lost due to inactivity.\n|\n|win|psng\n|raw|Kaizo Block 6000's rating: 1191 &rarr; <strong>1177<\/strong><br \/>(-14 for losing)\n|raw|psng's rating: 1353 &rarr; <strong>1364<\/strong><br \/>(+11 for winning)\n","uploadtime":1700054955,"views":5,"p1id":"kaizoblock6000","p2id":"psng","formatid":"gen9nationaldex","rating":1177,"private":0,"password":""}