{"id":"gen9nationaldex-1987870991","p1":"chengza","p2":"hurenkebi","format":"[Gen 9] National Dex","log":"|j|\u2606chengza\n|j|\u2606hurenkebi\n|t:|1699644516\n|gametype|singles\n|player|p1|chengza|cynthia-gen4|\n|player|p2|hurenkebi|kimonogirl|\n|teamsize|p1|6\n|teamsize|p2|6\n|gen|9\n|tier|[Gen 9] National Dex\n|rule|HP Percentage Mod: HP is shown in percentages\n|rule|Endless Battle Clause: Forcing endless battles is banned\n|rule|OHKO Clause: OHKO moves are banned\n|rule|Evasion Clause: Evasion abilities, items, and moves are banned\n|rule|Evasion Abilities Clause: Evasion abilities are banned\n|rule|Evasion Items Clause: Evasion items are banned\n|rule|Evasion Moves Clause: Evasion moves are banned\n|rule|Species Clause: Limit one of each Pok\u00e9mon\n|rule|Sleep Clause Mod: Limit one foe put to sleep\n|clearpoke\n|poke|p1|Clodsire, M|\n|poke|p1|Garganacl, F|\n|poke|p1|Dondozo, F|\n|poke|p1|Sableye, M|\n|poke|p1|Toxapex, F|\n|poke|p1|Corviknight, F|\n|poke|p2|Charizard, M|\n|poke|p2|Torkoal, F|\n|poke|p2|Great Tusk|\n|poke|p2|Venusaur, F|\n|poke|p2|Alomomola, M|\n|poke|p2|Gliscor, F|\n|teampreview\n|inactive|Battle timer is ON: inactive players will automatically lose when time's up. (requested by chengza)\n|\n|t:|1699644565\n|start\n|switch|p1a: Clodsire|Clodsire, M|100\/100\n|switch|p2a: Torkoal|Torkoal, F, shiny|100\/100\n|-weather|SunnyDay|[from] ability: Drought|[of] p2a: Torkoal\n|turn|1\n|\n|t:|1699644574\n|move|p1a: Clodsire|Stealth Rock|p2a: Torkoal\n|-sidestart|p2: hurenkebi|move: Stealth Rock\n|move|p2a: Torkoal|Stealth Rock|p1a: Clodsire\n|-sidestart|p1: chengza|move: Stealth Rock\n|\n|-weather|SunnyDay|[upkeep]\n|upkeep\n|turn|2\n|\n|t:|1699644580\n|move|p1a: Clodsire|Spikes|p2a: Torkoal\n|-sidestart|p2: hurenkebi|Spikes\n|move|p2a: Torkoal|Rapid Spin|p1a: Clodsire\n|-damage|p1a: Clodsire|92\/100\n|-boost|p2a: Torkoal|spe|1\n|-sideend|p2: hurenkebi|Spikes|[from] move: Rapid Spin|[of] p2a: Torkoal\n|-sideend|p2: hurenkebi|Stealth Rock|[from] move: Rapid Spin|[of] p2a: Torkoal\n|\n|-weather|SunnyDay|[upkeep]\n|upkeep\n|turn|3\n|\n|t:|1699644591\n|switch|p2a: Gliscor|Gliscor, F|100\/100\n|move|p1a: Clodsire|Stealth Rock|p2a: Gliscor\n|-sidestart|p2: hurenkebi|move: Stealth Rock\n|\n|-weather|SunnyDay|[upkeep]\n|-status|p2a: Gliscor|tox|[from] item: Toxic Orb\n|upkeep\n|turn|4\n|\n|t:|1699644604\n|switch|p1a: Sableye|Sableye, M|100\/100\n|-damage|p1a: Sableye|88\/100|[from] Stealth Rock\n|move|p2a: Gliscor|Facade|p1a: Sableye\n|-immune|p1a: Sableye\n|\n|-weather|SunnyDay|[upkeep]\n|upkeep\n|turn|5\n|\n|t:|1699644622\n|detailschange|p1a: Sableye|Sableye-Mega, M\n|-mega|p1a: Sableye|Sableye|Sablenite\n|move|p2a: Gliscor|Swords Dance|p2a: Gliscor\n|-boost|p2a: Gliscor|atk|2\n|move|p1a: Sableye|Foul Play|p2a: Gliscor\n|-damage|p2a: Gliscor|23\/100 tox\n|\n|-weather|SunnyDay|[upkeep]\n|-heal|p2a: Gliscor|35\/100 tox|[from] ability: Poison Heal\n|upkeep\n|turn|6\n|\n|t:|1699644647\n|switch|p2a: Venusaur|Venusaur, F, shiny|100\/100\n|-damage|p2a: Venusaur|88\/100|[from] Stealth Rock\n|move|p1a: Sableye|Foul Play|p2a: Venusaur\n|-damage|p2a: Venusaur|61\/100\n|\n|-weather|SunnyDay|[upkeep]\n|upkeep\n|turn|7\n|inactive|hurenkebi has 270 seconds left.\n|\n|t:|1699644676\n|switch|p1a: Clodsire|Clodsire, M|92\/100\n|move|p2a: Venusaur|Giga Drain|p1a: Clodsire\n|-crit|p1a: Clodsire\n|-damage|p1a: Clodsire|57\/100\n|-heal|p2a: Venusaur|88\/100|[from] drain|[of] p1a: Clodsire\n|-damage|p2a: Venusaur|78\/100|[from] item: Life Orb\n|\n|-weather|SunnyDay|[upkeep]\n|upkeep\n|turn|8\n|\n|t:|1699644689\n|switch|p2a: Gliscor|Gliscor, F|35\/100 tox\n|-damage|p2a: Gliscor|23\/100 tox|[from] Stealth Rock\n|move|p1a: Clodsire|Recover|p1a: Clodsire\n|-heal|p1a: Clodsire|100\/100\n|\n|-weather|none\n|-heal|p2a: Gliscor|35\/100 tox|[from] ability: Poison Heal\n|upkeep\n|turn|9\n|inactive|hurenkebi has 270 seconds left.\n|\n|t:|1699644700\n|move|p2a: Gliscor|Roost|p2a: Gliscor\n|-heal|p2a: Gliscor|85\/100 tox\n|-singleturn|p2a: Gliscor|move: Roost\n|move|p1a: Clodsire|Poison Jab|p2a: Gliscor\n|-resisted|p2a: Gliscor\n|-damage|p2a: Gliscor|75\/100 tox\n|\n|-heal|p2a: Gliscor|87\/100 tox|[from] ability: Poison Heal\n|upkeep\n|turn|10\n|\n|t:|1699644710\n|move|p2a: Gliscor|Earthquake|p1a: Clodsire\n|-supereffective|p1a: Clodsire\n|-damage|p1a: Clodsire|20\/100\n|move|p1a: Clodsire|Spikes|p2a: Gliscor\n|-sidestart|p2: hurenkebi|Spikes\n|\n|-heal|p2a: Gliscor|99\/100 tox|[from] ability: Poison Heal\n|upkeep\n|turn|11\n|inactive|hurenkebi has 270 seconds left.\n|\n|t:|1699644727\n|switch|p1a: Corviknight|Corviknight, F|100\/100\n|-damage|p1a: Corviknight|88\/100|[from] Stealth Rock\n|-ability|p1a: Corviknight|Pressure\n|move|p2a: Gliscor|Earthquake|p1a: Corviknight\n|-immune|p1a: Corviknight\n|\n|-heal|p1a: Corviknight|94\/100|[from] item: Leftovers\n|-heal|p2a: Gliscor|100\/100 tox|[from] ability: Poison Heal\n|upkeep\n|turn|12\n|inactive|hurenkebi has 270 seconds left.\n|\n|t:|1699644744\n|move|p2a: Gliscor|Swords Dance|p2a: Gliscor\n|-boost|p2a: Gliscor|atk|2\n|move|p1a: Corviknight|U-turn|p2a: Gliscor\n|-resisted|p2a: Gliscor\n|-damage|p2a: Gliscor|94\/100 tox\n|\n|t:|1699644752\n|switch|p1a: Dondozo|Dondozo, F|100\/100|[from] U-turn\n|-damage|p1a: Dondozo|88\/100|[from] Stealth Rock\n|\n|-heal|p1a: Dondozo|94\/100|[from] item: Leftovers\n|-heal|p2a: Gliscor|100\/100 tox|[from] ability: Poison Heal\n|upkeep\n|turn|13\n|inactive|hurenkebi has 270 seconds left.\n|\n|t:|1699644768\n|switch|p2a: Venusaur|Venusaur, F, shiny|78\/100\n|-damage|p2a: Venusaur|65\/100|[from] Stealth Rock\n|-damage|p2a: Venusaur|53\/100|[from] Spikes\n|move|p1a: Dondozo|Curse|p1a: Dondozo\n|-unboost|p1a: Dondozo|spe|1\n|-boost|p1a: Dondozo|atk|1\n|-boost|p1a: Dondozo|def|1\n|\n|-heal|p1a: Dondozo|100\/100|[from] item: Leftovers\n|upkeep\n|turn|14\n|inactive|chengza has 270 seconds left.\n|\n|t:|1699644798\n|switch|p1a: Garganacl|Garganacl, F|100\/100\n|-damage|p1a: Garganacl|88\/100|[from] Stealth Rock\n|move|p2a: Venusaur|Giga Drain|p1a: Garganacl\n|-supereffective|p1a: Garganacl\n|-damage|p1a: Garganacl|28\/100\n|-heal|p2a: Venusaur|93\/100|[from] drain|[of] p1a: Garganacl\n|-damage|p2a: Venusaur|83\/100|[from] item: Life Orb\n|\n|-heal|p1a: Garganacl|34\/100|[from] item: Leftovers\n|upkeep\n|turn|15\n|inactive|chengza has 270 seconds left.\n|inactive|hurenkebi has 270 seconds left.\n|inactive|hurenkebi has 240 seconds left.\n|inactive|hurenkebi has 210 seconds left.\n|\n|t:|1699644899\n|switch|p2a: Torkoal|Torkoal, F, shiny|100\/100\n|-damage|p2a: Torkoal|75\/100|[from] Stealth Rock\n|-damage|p2a: Torkoal|63\/100|[from] Spikes\n|-weather|SunnyDay|[from] ability: Drought|[of] p2a: Torkoal\n|switch|p1a: Corviknight|Corviknight, F|94\/100\n|-damage|p1a: Corviknight|82\/100|[from] Stealth Rock\n|-ability|p1a: Corviknight|Pressure\n|\n|-weather|SunnyDay|[upkeep]\n|-heal|p1a: Corviknight|88\/100|[from] item: Leftovers\n|upkeep\n|turn|16\n|\n|t:|1699644924\n|move|p1a: Corviknight|U-turn|p2a: Torkoal\n|-resisted|p2a: Torkoal\n|-damage|p2a: Torkoal|59\/100\n|\n|t:|1699644927\n|switch|p1a: Dondozo|Dondozo, F|100\/100|[from] U-turn\n|-damage|p1a: Dondozo|88\/100|[from] Stealth Rock\n|move|p2a: Torkoal|Rapid Spin|p1a: Dondozo\n|-damage|p1a: Dondozo|84\/100\n|-boost|p2a: Torkoal|spe|1\n|-sideend|p2: hurenkebi|Spikes|[from] move: Rapid Spin|[of] p2a: Torkoal\n|-sideend|p2: hurenkebi|Stealth Rock|[from] move: Rapid Spin|[of] p2a: Torkoal\n|\n|-weather|SunnyDay|[upkeep]\n|-heal|p1a: Dondozo|90\/100|[from] item: Leftovers\n|upkeep\n|turn|17\n|\n|t:|1699644939\n|switch|p2a: Venusaur|Venusaur, F, shiny|83\/100\n|move|p1a: Dondozo|Curse|p1a: Dondozo\n|-unboost|p1a: Dondozo|spe|1\n|-boost|p1a: Dondozo|atk|1\n|-boost|p1a: Dondozo|def|1\n|\n|-weather|SunnyDay|[upkeep]\n|-heal|p1a: Dondozo|97\/100|[from] item: Leftovers\n|upkeep\n|turn|18\n|inactive|hurenkebi has 210 seconds left.\n|\n|t:|1699644951\n|-terastallize|p1a: Dondozo|Dragon\n|move|p2a: Venusaur|Giga Drain|p1a: Dondozo\n|-resisted|p1a: Dondozo\n|-damage|p1a: Dondozo|78\/100\n|-heal|p2a: Venusaur|98\/100|[from] drain|[of] p1a: Dondozo\n|-damage|p2a: Venusaur|88\/100|[from] item: Life Orb\n|move|p1a: Dondozo|Curse|p1a: Dondozo\n|-unboost|p1a: Dondozo|spe|1\n|-boost|p1a: Dondozo|atk|1\n|-boost|p1a: Dondozo|def|1\n|\n|-weather|SunnyDay|[upkeep]\n|-heal|p1a: Dondozo|85\/100|[from] item: Leftovers\n|upkeep\n|turn|19\n|inactive|hurenkebi has 210 seconds left.\n|\n|t:|1699644968\n|move|p2a: Venusaur|Sludge Bomb|p1a: Dondozo\n|-damage|p1a: Dondozo|37\/100\n|-status|p1a: Dondozo|psn\n|-damage|p2a: Venusaur|78\/100|[from] item: Life Orb\n|move|p1a: Dondozo|Curse|p1a: Dondozo\n|-unboost|p1a: Dondozo|spe|1\n|-boost|p1a: Dondozo|atk|1\n|-boost|p1a: Dondozo|def|1\n|\n|-weather|SunnyDay|[upkeep]\n|-heal|p1a: Dondozo|44\/100 psn|[from] item: Leftovers\n|-damage|p1a: Dondozo|31\/100 psn|[from] psn\n|upkeep\n|turn|20\n|inactive|hurenkebi has 210 seconds left.\n|\n|t:|1699644989\n|move|p2a: Venusaur|Weather Ball|p1a: Dondozo\n|-resisted|p1a: Dondozo\n|-damage|p1a: Dondozo|4\/100 psn\n|-damage|p2a: Venusaur|68\/100|[from] item: Life Orb\n|move|p1a: Dondozo|Rest|p1a: Dondozo\n|-status|p1a: Dondozo|slp|[from] move: Rest\n|-heal|p1a: Dondozo|100\/100 slp|[silent]\n|\n|-weather|SunnyDay|[upkeep]\n|upkeep\n|turn|21\n|\n|t:|1699645000\n|move|p2a: Venusaur|Sludge Bomb|p1a: Dondozo\n|-damage|p1a: Dondozo|54\/100 slp\n|-damage|p2a: Venusaur|58\/100|[from] item: Life Orb\n|cant|p1a: Dondozo|slp\n|move|p1a: Dondozo|Sleep Talk|p1a: Dondozo\n|move|p1a: Dondozo|Rest||[from]move: Sleep Talk|[still]\n|-fail|p1a: Dondozo\n|\n|-weather|SunnyDay|[upkeep]\n|-heal|p1a: Dondozo|60\/100 slp|[from] item: Leftovers\n|upkeep\n|turn|22\n|\n|t:|1699645012\n|move|p2a: Venusaur|Giga Drain|p1a: Dondozo\n|-resisted|p1a: Dondozo\n|-damage|p1a: Dondozo|40\/100 slp\n|-heal|p2a: Venusaur|74\/100|[from] drain|[of] p1a: Dondozo\n|-damage|p2a: Venusaur|64\/100|[from] item: Life Orb\n|cant|p1a: Dondozo|slp\n|move|p1a: Dondozo|Sleep Talk|p1a: Dondozo\n|move|p1a: Dondozo|Liquidation|p2a: Venusaur|[from]move: Sleep Talk\n|-resisted|p2a: Venusaur\n|-damage|p2a: Venusaur|41\/100\n|\n|-weather|none\n|-heal|p1a: Dondozo|46\/100 slp|[from] item: Leftovers\n|upkeep\n|turn|23\n|inactive|hurenkebi has 210 seconds left.\n|\n|t:|1699645028\n|move|p2a: Venusaur|Sludge Bomb|p1a: Dondozo\n|-damage|p1a: Dondozo|0 fnt\n|faint|p1a: Dondozo\n|-damage|p2a: Venusaur|31\/100|[from] item: Life Orb\n|\n|upkeep\n|\n|t:|1699645036\n|switch|p1a: Corviknight|Corviknight, F|88\/100\n|-damage|p1a: Corviknight|76\/100|[from] Stealth Rock\n|-ability|p1a: Corviknight|Pressure\n|turn|24\n|inactive|hurenkebi has 210 seconds left.\n|\n|t:|1699645047\n|switch|p2a: Alomomola|Alomomola, M, shiny|100\/100\n|move|p1a: Corviknight|Defog|p2a: Alomomola\n|-unboost|p2a: Alomomola|evasion|1\n|-sideend|p1: chengza|Stealth Rock|[from] move: Defog|[of] p1a: Corviknight\n|\n|-heal|p1a: Corviknight|82\/100|[from] item: Leftovers\n|upkeep\n|turn|25\n|\n|t:|1699645056\n|move|p1a: Corviknight|U-turn|p2a: Alomomola\n|-damage|p2a: Alomomola|89\/100\n|\n|t:|1699645059\n|switch|p1a: Clodsire|Clodsire, M|20\/100|[from] U-turn\n|move|p2a: Alomomola|Knock Off|p1a: Clodsire\n|-damage|p1a: Clodsire|3\/100\n|-enditem|p1a: Clodsire|Heavy-Duty Boots|[from] move: Knock Off|[of] p2a: Alomomola\n|\n|-heal|p2a: Alomomola|95\/100|[from] item: Leftovers\n|upkeep\n|turn|26\n|\n|t:|1699645070\n|move|p2a: Alomomola|Flip Turn|p1a: Clodsire\n|-supereffective|p1a: Clodsire\n|-damage|p1a: Clodsire|0 fnt\n|faint|p1a: Clodsire\n|\n|t:|1699645074\n|switch|p2a: Charizard|Charizard, M, shiny|100\/100|[from] Flip Turn\n|\n|upkeep\n|\n|t:|1699645080\n|switch|p1a: Garganacl|Garganacl, F|34\/100\n|turn|27\n|\n|t:|1699645085\n|detailschange|p2a: Charizard|Charizard-Mega-X, M, shiny\n|-mega|p2a: Charizard|Charizard|Charizardite X\n|move|p2a: Charizard|Earthquake|p1a: Garganacl\n|-supereffective|p1a: Garganacl\n|-damage|p1a: Garganacl|0 fnt\n|faint|p1a: Garganacl\n|\n|upkeep\n|\n|t:|1699645094\n|switch|p1a: Sableye|Sableye-Mega, M|88\/100\n|turn|28\n|\n|t:|1699645098\n|move|p2a: Charizard|Flare Blitz|p1a: Sableye\n|-damage|p1a: Sableye|29\/100\n|-damage|p2a: Charizard|81\/100|[from] Recoil\n|move|p1a: Sableye|Will-O-Wisp|p2a: Charizard|[miss]\n|-miss|p1a: Sableye|p2a: Charizard\n|\n|upkeep\n|turn|29\n|\n|t:|1699645108\n|move|p2a: Charizard|Flare Blitz|p1a: Sableye\n|-damage|p1a: Sableye|0 fnt\n|faint|p1a: Sableye\n|-damage|p2a: Charizard|71\/100|[from] Recoil\n|\n|upkeep\n|\n|t:|1699645128\n|switch|p1a: Toxapex|Toxapex, F|100\/100\n|turn|30\n|\n|t:|1699645144\n|move|p2a: Charizard|Earthquake|p1a: Toxapex\n|-supereffective|p1a: Toxapex\n|-damage|p1a: Toxapex|49\/100\n|move|p1a: Toxapex|Toxic|p2a: Charizard\n|-status|p2a: Charizard|tox\n|\n|-damage|p2a: Charizard|65\/100 tox|[from] psn\n|upkeep\n|turn|31\n|\n|t:|1699645155\n|move|p2a: Charizard|Earthquake|p1a: Toxapex\n|-supereffective|p1a: Toxapex\n|-damage|p1a: Toxapex|0 fnt\n|faint|p1a: Toxapex\n|\n|-damage|p2a: Charizard|53\/100 tox|[from] psn\n|upkeep\n|\n|t:|1699645162\n|switch|p1a: Corviknight|Corviknight, F|82\/100\n|-ability|p1a: Corviknight|Pressure\n|turn|32\n|\n|t:|1699645169\n|move|p2a: Charizard|Flare Blitz|p1a: Corviknight\n|-supereffective|p1a: Corviknight\n|-damage|p1a: Corviknight|0 fnt\n|faint|p1a: Corviknight\n|-damage|p2a: Charizard|17\/100 tox|[from] Recoil\n|\n|win|hurenkebi\n|l|\u2606chengza\n","uploadtime":1699645176,"views":8,"p1id":"chengza","p2id":"hurenkebi","formatid":"gen9nationaldex","rating":0,"private":0,"password":""}