{"id":"gen9nationaldex-1993432705","p1":"GodLikeAlon","p2":"A_bhlnaV","format":"[Gen 9] National Dex","log":"|j|\u2606GodLikeAlon\n|j|\u2606A_bhlnaV\n|t:|1700317214\n|gametype|singles\n|player|p1|GodLikeAlon|1|\n|player|p2|A_bhlnaV|hilbert-wonderlauncher|\n|teamsize|p1|6\n|teamsize|p2|6\n|gen|9\n|tier|[Gen 9] National Dex\n|rule|HP Percentage Mod: HP is shown in percentages\n|rule|Endless Battle Clause: Forcing endless battles is banned\n|rule|OHKO Clause: OHKO moves are banned\n|rule|Evasion Clause: Evasion abilities, items, and moves are banned\n|rule|Evasion Abilities Clause: Evasion abilities are banned\n|rule|Evasion Items Clause: Evasion items are banned\n|rule|Evasion Moves Clause: Evasion moves are banned\n|rule|Species Clause: Limit one of each Pok\u00e9mon\n|rule|Sleep Clause Mod: Limit one foe put to sleep\n|clearpoke\n|poke|p1|Indeedee-F, F|\n|poke|p1|Armarouge, M|\n|poke|p1|Polteageist-Antique|\n|poke|p1|Hatterene, F|\n|poke|p1|Volcarona, F|\n|poke|p1|Great Tusk|\n|poke|p2|Blissey, F|\n|poke|p2|Clodsire, M|\n|poke|p2|Latios, M|\n|poke|p2|Gardevoir, F|\n|poke|p2|Great Tusk|\n|poke|p2|Landorus-Therian, M|\n|teampreview\n|c|\u2606A_bhlnaV|Only one battle\n|c|\u2606A_bhlnaV|RIght\n|c|\u2606GodLikeAlon|upto u\n|c|\u2606GodLikeAlon|do u want more then one\n|c|\u2606A_bhlnaV|if i win then no more\n|c|\u2606A_bhlnaV|if i lose then more\n|c|\u2606A_bhlnaV|how about that\n|c|\u2606A_bhlnaV|fair enough\n|c|\u2606GodLikeAlon|**Sure**\n|\n|t:|1700317254\n|start\n|switch|p1a: D boy|Indeedee-F, F|100\/100\n|switch|p2a: Landorus|Landorus-Therian, M|100\/100\n|-ability|p2a: Landorus|Intimidate|boost\n|-unboost|p1a: D boy|atk|1\n|-fieldstart|move: Psychic Terrain|[from] ability: Psychic Surge|[of] p1a: D boy\n|turn|1\n|c|\u2606GodLikeAlon|But the first winner is the goat\n|c|\u2606A_bhlnaV|sure\n|\n|t:|1700317264\n|switch|p1a: does he know??|Hatterene, F|100\/100\n|move|p2a: Landorus|Knock Off|p1a: does he know??\n|-damage|p1a: does he know??|74\/100\n|-enditem|p1a: does he know??|Leftovers|[from] move: Knock Off|[of] p2a: Landorus\n|\n|upkeep\n|turn|2\n|c|\u2606GodLikeAlon|**does he know chat**\n|\n|t:|1700317278\n|move|p2a: Landorus|Earthquake|p1a: does he know??\n|-damage|p1a: does he know??|30\/100\n|move|p1a: does he know??|Calm Mind|p1a: does he know??\n|-boost|p1a: does he know??|spa|1\n|-boost|p1a: does he know??|spd|1\n|\n|upkeep\n|turn|3\n|\n|t:|1700317285\n|move|p2a: Landorus|Earthquake|p1a: does he know??\n|-damage|p1a: does he know??|0 fnt\n|faint|p1a: does he know??\n|\n|upkeep\n|c|\u2606A_bhlnaV|he does not\n|\n|t:|1700317290\n|switch|p1a: Cheta two tea|Polteageist-Antique|100\/100\n|turn|4\n|c|\u2606GodLikeAlon|CHETA\n|c|\u2606GodLikeAlon|TWO TEA\n|\n|t:|1700317300\n|move|p2a: Landorus|Knock Off|p1a: Cheta two tea\n|-supereffective|p1a: Cheta two tea\n|-enditem|p1a: Cheta two tea|Focus Sash\n|-damage|p1a: Cheta two tea|1\/100\n|-ability|p1a: Cheta two tea|Weak Armor|boost\n|-unboost|p1a: Cheta two tea|def|1\n|-boost|p1a: Cheta two tea|spe|2\n|move|p1a: Cheta two tea|Shell Smash|p1a: Cheta two tea\n|-unboost|p1a: Cheta two tea|def|1\n|-unboost|p1a: Cheta two tea|spd|1\n|-boost|p1a: Cheta two tea|atk|2\n|-boost|p1a: Cheta two tea|spa|2\n|-boost|p1a: Cheta two tea|spe|2\n|\n|upkeep\n|turn|5\n|c|\u2606GodLikeAlon|And now\n|c|\u2606A_bhlnaV|uo\n|c|\u2606A_bhlnaV|yo\n|c|\u2606GodLikeAlon|THIS WORLD\n|c|\u2606A_bhlnaV|yo\n|c|\u2606GodLikeAlon|SHALL\n|c|\u2606GodLikeAlon|KNOW\n|c|\u2606GodLikeAlon|PAINNNN\n|\n|t:|1700317319\n|move|p1a: Cheta two tea|Stored Power|p2a: Landorus\n|-damage|p2a: Landorus|0 fnt\n|faint|p2a: Landorus\n|\n|upkeep\n|c|\u2606A_bhlnaV|i mean to say\n|\n|t:|1700317328\n|switch|p2a: Clodsire|Clodsire, M|100\/100\n|turn|6\n|c|\u2606A_bhlnaV|yo mama\n|\n|t:|1700317340\n|move|p1a: Cheta two tea|Stored Power|p2a: Clodsire\n|-supereffective|p2a: Clodsire\n|-crit|p2a: Clodsire\n|-damage|p2a: Clodsire|0 fnt\n|faint|p2a: Clodsire\n|\n|upkeep\n|c|\u2606A_bhlnaV|UHHM UHM\n|\n|t:|1700317351\n|switch|p2a: Blissey|Blissey, F|100\/100\n|turn|7\n|c|\u2606GodLikeAlon|!weak Blissey\n|c| GodLikeAlon|\/raw <div class=\"infobox\">Blissey (ignoring abilities):<br \/><span class=\"message-effect-weak\">Weaknesses<\/span>: Fighting<br \/><span class=\"message-effect-resist\">Resistances<\/span>: <font color=#999999>None<\/font><br \/><span class=\"message-effect-immune\">Immunities<\/span>: Ghost<\/div>\n|c|\u2606A_bhlnaV|i mean to  say UR MAMA\n|c|\u2606GodLikeAlon|HMM\n|c|\u2606GodLikeAlon|WELL THEN\n|c|\u2606GodLikeAlon|HOW ABOUT DEEZ\n|\n|t:|1700317370\n|-terastallize|p2a: Blissey|Dark\n|move|p1a: Cheta two tea|Stored Power|p2a: Blissey\n|-immune|p2a: Blissey\n|move|p2a: Blissey|Toxic|p1a: Cheta two tea|[miss]\n|-miss|p2a: Blissey|p1a: Cheta two tea\n|\n|upkeep\n|turn|8\n|c|\u2606A_bhlnaV|BRO\n|c|\u2606A_bhlnaV|BRO\n|c|\u2606A_bhlnaV|BRO\n|c|\u2606GodLikeAlon|LMOSOOO\n|c|\u2606GodLikeAlon|KJADSLKSAJLKNDSALNDSA\n|\n|t:|1700317385\n|-terastallize|p1a: Cheta two tea|Fighting\n|move|p1a: Cheta two tea|Tera Blast|p2a: Blissey|[anim] Tera Blast Fighting\n|-supereffective|p2a: Blissey\n|-damage|p2a: Blissey|29\/100\n|move|p2a: Blissey|Toxic|p1a: Cheta two tea\n|-status|p1a: Cheta two tea|tox\n|\n|-heal|p2a: Blissey|35\/100|[from] item: Leftovers\n|-damage|p1a: Cheta two tea|0 fnt|[from] psn\n|faint|p1a: Cheta two tea\n|-fieldend|move: Psychic Terrain\n|upkeep\n|c|\u2606A_bhlnaV|its fine chat\n|c|\u2606GodLikeAlon|BRoo\n|c|\u2606GodLikeAlon|scam\n|c|\u2606GodLikeAlon|tbh\n|\n|t:|1700317403\n|switch|p1a: D boy|Indeedee-F, F|100\/100\n|-fieldstart|move: Psychic Terrain|[from] ability: Psychic Surge|[of] p1a: D boy\n|turn|9\n|\n|t:|1700317411\n|switch|p1a: remember him?|Volcarona, F|100\/100\n|move|p2a: Blissey|Soft-Boiled|p2a: Blissey\n|-heal|p2a: Blissey|85\/100\n|\n|-heal|p2a: Blissey|91\/100|[from] item: Leftovers\n|upkeep\n|turn|10\n|\n|t:|1700317418\n|move|p1a: remember him?|Quiver Dance|p1a: remember him?\n|-boost|p1a: remember him?|spa|1\n|-boost|p1a: remember him?|spd|1\n|-boost|p1a: remember him?|spe|1\n|move|p2a: Blissey|Toxic|p1a: remember him?\n|-status|p1a: remember him?|tox\n|\n|-heal|p2a: Blissey|98\/100|[from] item: Leftovers\n|-damage|p1a: remember him?|94\/100 tox|[from] psn\n|upkeep\n|turn|11\n|\n|t:|1700317427\n|move|p1a: remember him?|Bug Buzz|p2a: Blissey\n|-supereffective|p2a: Blissey\n|-damage|p2a: Blissey|42\/100\n|move|p2a: Blissey|Soft-Boiled|p2a: Blissey\n|-heal|p2a: Blissey|92\/100\n|\n|-heal|p2a: Blissey|98\/100|[from] item: Leftovers\n|-damage|p1a: remember him?|82\/100 tox|[from] psn\n|upkeep\n|turn|12\n|\n|t:|1700317436\n|move|p1a: remember him?|Bug Buzz|p2a: Blissey\n|-supereffective|p2a: Blissey\n|-damage|p2a: Blissey|38\/100\n|move|p2a: Blissey|Soft-Boiled|p2a: Blissey\n|-heal|p2a: Blissey|88\/100\n|\n|-heal|p2a: Blissey|94\/100|[from] item: Leftovers\n|-damage|p1a: remember him?|64\/100 tox|[from] psn\n|upkeep\n|turn|13\n|\n|t:|1700317448\n|move|p2a: Blissey|Protect|p2a: Blissey\n|-singleturn|p2a: Blissey|Protect\n|move|p1a: remember him?|Giga Drain|p2a: Blissey\n|-activate|p2a: Blissey|move: Protect\n|\n|-heal|p2a: Blissey|100\/100|[from] item: Leftovers\n|-damage|p1a: remember him?|39\/100 tox|[from] psn\n|upkeep\n|turn|14\n|\n|t:|1700317457\n|move|p1a: remember him?|Bug Buzz|p2a: Blissey\n|-supereffective|p2a: Blissey\n|-damage|p2a: Blissey|37\/100\n|move|p2a: Blissey|Soft-Boiled|p2a: Blissey\n|-heal|p2a: Blissey|87\/100\n|\n|-heal|p2a: Blissey|93\/100|[from] item: Leftovers\n|-damage|p1a: remember him?|9\/100 tox|[from] psn\n|upkeep\n|turn|15\n|\n|t:|1700317468\n|move|p2a: Blissey|Protect|p2a: Blissey\n|-singleturn|p2a: Blissey|Protect\n|move|p1a: remember him?|Bug Buzz|p2a: Blissey\n|-activate|p2a: Blissey|move: Protect\n|\n|-heal|p2a: Blissey|99\/100|[from] item: Leftovers\n|-damage|p1a: remember him?|0 fnt|[from] psn\n|faint|p1a: remember him?\n|upkeep\n|c|\u2606GodLikeAlon|Hmm\n|c|\u2606GodLikeAlon|I see\n|\n|t:|1700317480\n|switch|p1a: D boy|Indeedee-F, F|100\/100\n|turn|16\n|\n|t:|1700317487\n|move|p1a: D boy|Hyper Voice|p2a: Blissey\n|-damage|p2a: Blissey|86\/100\n|move|p2a: Blissey|Toxic|p1a: D boy\n|-status|p1a: D boy|tox\n|\n|-heal|p2a: Blissey|92\/100|[from] item: Leftovers\n|-damage|p1a: D boy|94\/100 tox|[from] psn\n|-fieldend|move: Psychic Terrain\n|upkeep\n|turn|17\n|\n|t:|1700317496\n|switch|p1a: Hati mera sathi|Great Tusk|100\/100\n|move|p2a: Blissey|Teleport|p2a: Blissey\n|c|\u2606A_bhlnaV|BRO\n|c|\u2606GodLikeAlon|HAthi mera sathi bro\n|c|\u2606A_bhlnaV|i think we should see\n|\n|t:|1700317512\n|switch|p2a: Great Tusk|Great Tusk|100\/100|[from] Teleport\n|\n|upkeep\n|turn|18\n|c|\u2606A_bhlnaV|WHO HAS THE BETTER ONE\n|c|\u2606A_bhlnaV|no SWITCHINg\n|\n|t:|1700317525\n|move|p1a: Hati mera sathi|Close Combat|p2a: Great Tusk\n|-damage|p2a: Great Tusk|57\/100\n|-unboost|p1a: Hati mera sathi|def|1\n|-unboost|p1a: Hati mera sathi|spd|1\n|move|p2a: Great Tusk|Ice Spinner|p1a: Hati mera sathi\n|-supereffective|p1a: Hati mera sathi\n|-damage|p1a: Hati mera sathi|43\/100\n|\n|-heal|p2a: Great Tusk|63\/100|[from] item: Leftovers\n|upkeep\n|turn|19\n|\n|t:|1700317546\n|-end|p1a: Hati mera sathi|Protosynthesis|[silent]\n|switch|p1a: D boy|Indeedee-F, F|94\/100 tox\n|-fieldstart|move: Psychic Terrain|[from] ability: Psychic Surge|[of] p1a: D boy\n|move|p2a: Great Tusk|Ice Spinner|p1a: D boy\n|-damage|p1a: D boy|44\/100 tox\n|-fieldend|move: Psychic Terrain\n|\n|-heal|p2a: Great Tusk|69\/100|[from] item: Leftovers\n|-damage|p1a: D boy|38\/100 tox|[from] psn\n|upkeep\n|turn|20\n|\n|t:|1700317559\n|move|p2a: Great Tusk|Headlong Rush|p1a: D boy\n|-damage|p1a: D boy|0 fnt\n|-unboost|p2a: Great Tusk|def|1\n|-unboost|p2a: Great Tusk|spd|1\n|faint|p1a: D boy\n|\n|-heal|p2a: Great Tusk|75\/100|[from] item: Leftovers\n|upkeep\n|\n|t:|1700317568\n|switch|p1a: Lucario Pro Max|Armarouge, M|100\/100\n|turn|21\n|c|\u2606GodLikeAlon|uh this is bad\n|\n|t:|1700317579\n|move|p2a: Great Tusk|Headlong Rush|p1a: Lucario Pro Max\n|-supereffective|p1a: Lucario Pro Max\n|-enditem|p1a: Lucario Pro Max|Focus Sash\n|-damage|p1a: Lucario Pro Max|1\/100\n|-unboost|p2a: Great Tusk|def|1\n|-unboost|p2a: Great Tusk|spd|1\n|-ability|p1a: Lucario Pro Max|Weak Armor|boost\n|-unboost|p1a: Lucario Pro Max|def|1\n|-boost|p1a: Lucario Pro Max|spe|2\n|move|p1a: Lucario Pro Max|Calm Mind|p1a: Lucario Pro Max\n|-boost|p1a: Lucario Pro Max|spa|1\n|-boost|p1a: Lucario Pro Max|spd|1\n|\n|-heal|p2a: Great Tusk|81\/100|[from] item: Leftovers\n|upkeep\n|turn|22\n|c|\u2606A_bhlnaV|ngl psychic terrain is smart\n|c|\u2606GodLikeAlon|rematch\n|c|\u2606GodLikeAlon|no teamchange\n|c|\u2606A_bhlnaV|LOL\n|c|\u2606GodLikeAlon|u win this\n|\n|t:|1700317596\n|move|p1a: Lucario Pro Max|Energy Ball|p2a: Great Tusk\n|-supereffective|p2a: Great Tusk\n|-damage|p2a: Great Tusk|0 fnt\n|faint|p2a: Great Tusk\n|-end|p2a: Great Tusk|Protosynthesis|[silent]\n|\n|upkeep\n|c|\u2606A_bhlnaV|ahahaha\n|\n|t:|1700317602\n|switch|p2a: Blissey|Blissey, F, tera:Dark|92\/100\n|turn|23\n|c|\u2606GodLikeAlon|**asif**\\\n|\n|t:|1700317608\n|move|p1a: Lucario Pro Max|Armor Cannon|p2a: Blissey\n|-damage|p2a: Blissey|56\/100\n|-unboost|p1a: Lucario Pro Max|def|1\n|-unboost|p1a: Lucario Pro Max|spd|1\n|move|p2a: Blissey|Toxic|p1a: Lucario Pro Max\n|-status|p1a: Lucario Pro Max|tox\n|\n|-heal|p2a: Blissey|62\/100|[from] item: Leftovers\n|-damage|p1a: Lucario Pro Max|0 fnt|[from] psn\n|faint|p1a: Lucario Pro Max\n|upkeep\n|c|\u2606GodLikeAlon|I CAn IWN\n|\n|t:|1700317618\n|switch|p1a: Hati mera sathi|Great Tusk|43\/100\n|turn|24\n|\n|t:|1700317622\n|move|p1a: Hati mera sathi|Close Combat|p2a: Blissey\n|-supereffective|p2a: Blissey\n|-damage|p2a: Blissey|0 fnt\n|-unboost|p1a: Hati mera sathi|def|1\n|-unboost|p1a: Hati mera sathi|spd|1\n|faint|p2a: Blissey\n|\n|upkeep\n|\n|t:|1700317635\n|switch|p2a: Gardevoir|Gardevoir, F|100\/100\n|turn|25\n|\n|t:|1700317642\n|detailschange|p2a: Gardevoir|Gardevoir-Mega, F\n|-mega|p2a: Gardevoir|Gardevoir|Gardevoirite\n|move|p2a: Gardevoir|Hyper Voice|p1a: Hati mera sathi\n|-supereffective|p1a: Hati mera sathi\n|-damage|p1a: Hati mera sathi|0 fnt\n|faint|p1a: Hati mera sathi\n|-end|p1a: Hati mera sathi|Protosynthesis|[silent]\n|\n|win|A_bhlnaV\n|c|\u2606GodLikeAlon|alr\n|c|\u2606GodLikeAlon|1-0\n|c|\u2606A_bhlnaV|OL\n|c|\u2606A_bhlnaV|LOL\n|c|\u2606A_bhlnaV|DIDNT U SAY\n|c|\u2606GodLikeAlon|firs to 3\n|c|\u2606A_bhlnaV|FIRST TO WIN IS THE GOAT\n|c|\u2606A_bhlnaV|LOOOOL\n|c|\u2606GodLikeAlon|ok\n|c|\u2606GodLikeAlon|u are goat\n","uploadtime":1700317666,"views":6,"p1id":"godlikealon","p2id":"abhlnav","formatid":"gen9nationaldex","rating":0,"private":0,"password":""}