{"id":"gen9nationaldex-1991496679","p1":"FantaShadowRYT","p2":"beantheduck13","format":"[Gen 9] National Dex","log":"|j|\u2606FantaShadowRYT\n|j|\u2606beantheduck13\n|t:|1700082294\n|gametype|singles\n|player|p1|FantaShadowRYT|wallace|1451\n|player|p2|beantheduck13|102|1350\n|teamsize|p1|6\n|teamsize|p2|6\n|gen|9\n|tier|[Gen 9] National Dex\n|rated|\n|rule|HP Percentage Mod: HP is shown in percentages\n|rule|Endless Battle Clause: Forcing endless battles is banned\n|rule|OHKO Clause: OHKO moves are banned\n|rule|Evasion Clause: Evasion abilities, items, and moves are banned\n|rule|Evasion Abilities Clause: Evasion abilities are banned\n|rule|Evasion Items Clause: Evasion items are banned\n|rule|Evasion Moves Clause: Evasion moves are banned\n|rule|Species Clause: Limit one of each Pok\u00e9mon\n|rule|Sleep Clause Mod: Limit one foe put to sleep\n|clearpoke\n|poke|p1|Blaziken, M|\n|poke|p1|Mantine, F|\n|poke|p1|Venusaur, F|\n|poke|p1|Tyranitar, F|\n|poke|p1|Scizor, F|\n|poke|p1|Nidoking, M|\n|poke|p2|Greninja-*, M|\n|poke|p2|Iron Moth|\n|poke|p2|Ogerpon, F|\n|poke|p2|Meowstic, M|\n|poke|p2|Kommo-o, F|\n|poke|p2|Mawile, F|\n|teampreview\n|inactive|Battle timer is ON: inactive players will automatically lose when time's up. (requested by FantaShadowRYT)\n|\n|t:|1700082314\n|start\n|switch|p1a: Mega???|Scizor, F|100\/100\n|switch|p2a: Mac|Kommo-o, F|100\/100\n|turn|1\n|\n|t:|1700082321\n|switch|p1a: Real Pokemon|Mantine, F|100\/100\n|-zpower|p2a: Mac\n|move|p2a: Mac|Clangorous Soulblaze|p1a: Real Pokemon|[zeffect]\n|-crit|p1a: Real Pokemon\n|-damage|p1a: Real Pokemon|37\/100\n|-boost|p2a: Mac|atk|1\n|-boost|p2a: Mac|def|1\n|-boost|p2a: Mac|spa|1\n|-boost|p2a: Mac|spd|1\n|-boost|p2a: Mac|spe|1\n|\n|upkeep\n|turn|2\n|\n|t:|1700082334\n|move|p2a: Mac|Clanging Scales|p1a: Real Pokemon\n|-damage|p1a: Real Pokemon|1\/100\n|-unboost|p2a: Mac|def|1\n|move|p1a: Real Pokemon|Toxic|p2a: Mac\n|-status|p2a: Mac|tox\n|\n|-damage|p2a: Mac|94\/100 tox|[from] psn\n|upkeep\n|turn|3\n|\n|t:|1700082342\n|switch|p1a: Mega??|Tyranitar, F|100\/100\n|-weather|Sandstorm|[from] ability: Sand Stream|[of] p1a: Mega??\n|move|p2a: Mac|Clanging Scales|p1a: Mega??\n|-damage|p1a: Mega??|73\/100\n|-unboost|p2a: Mac|def|1\n|\n|-weather|Sandstorm|[upkeep]\n|-heal|p1a: Mega??|79\/100|[from] item: Leftovers\n|-damage|p2a: Mac|82\/100 tox|[from] psn\n|upkeep\n|turn|4\n|\n|t:|1700082352\n|switch|p1a: Not Best Oldie|Nidoking, M|100\/100\n|move|p2a: Mac|Close Combat|p1a: Not Best Oldie\n|-resisted|p1a: Not Best Oldie\n|-damage|p1a: Not Best Oldie|45\/100\n|-unboost|p2a: Mac|def|1\n|-unboost|p2a: Mac|spd|1\n|\n|-weather|Sandstorm|[upkeep]\n|-damage|p2a: Mac|63\/100 tox|[from] psn\n|upkeep\n|turn|5\n|\n|t:|1700082361\n|move|p1a: Not Best Oldie|Ice Beam|p2a: Mac\n|-supereffective|p2a: Mac\n|-damage|p2a: Mac|0 fnt\n|faint|p2a: Mac\n|\n|-weather|Sandstorm|[upkeep]\n|upkeep\n|\n|t:|1700082379\n|switch|p2a: Clef|Meowstic, M|100\/100\n|turn|6\n|\n|t:|1700082389\n|switch|p1a: Mega??|Tyranitar, F|79\/100\n|move|p2a: Clef|Light Screen|p2a: Clef\n|-sidestart|p2: beantheduck13|move: Light Screen\n|\n|-weather|Sandstorm|[upkeep]\n|-damage|p2a: Clef|94\/100|[from] Sandstorm\n|-heal|p1a: Mega??|85\/100|[from] item: Leftovers\n|upkeep\n|turn|7\n|\n|t:|1700082396\n|move|p2a: Clef|Reflect|p2a: Clef\n|-sidestart|p2: beantheduck13|Reflect\n|move|p1a: Mega??|Thunder Wave|p2a: Clef\n|-status|p2a: Clef|par\n|\n|-weather|none\n|-heal|p1a: Mega??|92\/100|[from] item: Leftovers\n|upkeep\n|turn|8\n|\n|t:|1700082405\n|switch|p2a: Ukuza|Ogerpon, F|100\/100\n|move|p1a: Mega??|Stealth Rock|p2a: Ukuza\n|-sidestart|p2: beantheduck13|move: Stealth Rock\n|\n|-heal|p1a: Mega??|98\/100|[from] item: Leftovers\n|upkeep\n|turn|9\n|\n|t:|1700082416\n|-terastallize|p2a: Ukuza|Grass\n|detailschange|p2a: Ukuza|Ogerpon-Teal-Tera, F, tera:Grass\n|-ability|p2a: Ukuza|Embody Aspect (Teal)|boost\n|-boost|p2a: Ukuza|spe|1\n|move|p2a: Ukuza|Stomping Tantrum|p1a: Mega??\n|-supereffective|p1a: Mega??\n|-damage|p1a: Mega??|52\/100\n|move|p1a: Mega??|Thunder Wave|p2a: Ukuza\n|-status|p2a: Ukuza|par\n|\n|-heal|p1a: Mega??|59\/100|[from] item: Leftovers\n|upkeep\n|turn|10\n|\n|t:|1700082426\n|switch|p1a: Mega???|Scizor, F|100\/100\n|move|p2a: Ukuza|Ivy Cudgel|p1a: Mega???\n|-resisted|p1a: Mega???\n|-damage|p1a: Mega???|84\/100\n|\n|upkeep\n|turn|11\n|\n|t:|1700082435\n|detailschange|p1a: Mega???|Scizor-Mega, F\n|-mega|p1a: Mega???|Scizor|Scizorite\n|move|p2a: Ukuza|Stomping Tantrum|p1a: Mega???\n|-damage|p1a: Mega???|69\/100\n|move|p1a: Mega???|U-turn|p2a: Ukuza\n|-supereffective|p2a: Ukuza\n|-damage|p2a: Ukuza|53\/100 par\n|\n|t:|1700082440\n|switch|p1a: Mega??|Tyranitar, F|59\/100|[from] U-turn\n|-weather|Sandstorm|[from] ability: Sand Stream|[of] p1a: Mega??\n|\n|-weather|Sandstorm|[upkeep]\n|-damage|p2a: Ukuza|47\/100 par|[from] Sandstorm\n|-heal|p1a: Mega??|65\/100|[from] item: Leftovers\n|upkeep\n|turn|12\n|\n|t:|1700082448\n|switch|p1a: Mega???|Scizor-Mega, F|69\/100\n|move|p2a: Ukuza|Ivy Cudgel|p1a: Mega???\n|-resisted|p1a: Mega???\n|-damage|p1a: Mega???|57\/100\n|\n|-weather|Sandstorm|[upkeep]\n|-damage|p2a: Ukuza|41\/100 par|[from] Sandstorm\n|upkeep\n|turn|13\n|\n|t:|1700082455\n|switch|p2a: Six|Mawile, F, shiny|100\/100\n|-damage|p2a: Six|94\/100|[from] Stealth Rock\n|-ability|p2a: Six|Intimidate|boost\n|-unboost|p1a: Mega???|atk|1\n|move|p1a: Mega???|Roost|p1a: Mega???\n|-heal|p1a: Mega???|100\/100\n|-singleturn|p1a: Mega???|move: Roost\n|\n|-weather|Sandstorm|[upkeep]\n|-sideend|p2: beantheduck13|move: Light Screen\n|upkeep\n|turn|14\n|\n|t:|1700082466\n|detailschange|p2a: Six|Mawile-Mega, F, shiny\n|-mega|p2a: Six|Mawile|Mawilite\n|move|p1a: Mega???|U-turn|p2a: Six\n|-resisted|p2a: Six\n|-damage|p2a: Six|92\/100\n|\n|t:|1700082470\n|switch|p1a: Not Best Oldie|Nidoking, M|45\/100|[from] U-turn\n|move|p2a: Six|Swords Dance|p2a: Six\n|-boost|p2a: Six|atk|2\n|\n|-weather|Sandstorm|[upkeep]\n|-sideend|p2: beantheduck13|Reflect\n|upkeep\n|turn|15\n|\n|t:|1700082477\n|switch|p1a: Not Mega|Blaziken, M|100\/100\n|move|p2a: Six|Sucker Punch||[still]\n|-fail|p2a: Six\n|\n|-weather|none\n|upkeep\n|turn|16\n|\n|t:|1700082483\n|move|p1a: Not Mega|Flare Blitz|p2a: Six\n|-supereffective|p2a: Six\n|-damage|p2a: Six|0 fnt\n|faint|p2a: Six\n|-damage|p1a: Not Mega|76\/100|[from] Recoil\n|\n|-heal|p1a: Not Mega|82\/100|[from] item: Leftovers\n|-ability|p1a: Not Mega|Speed Boost|boost\n|-boost|p1a: Not Mega|spe|1\n|upkeep\n|inactive|beantheduck13 has 120 seconds left.\n|\n|t:|1700082518\n|switch|p2a: Clef|Meowstic, M|94\/100 par\n|-damage|p2a: Clef|82\/100 par|[from] Stealth Rock\n|turn|17\n|\n|t:|1700082536\n|-terastallize|p1a: Not Mega|Grass\n|move|p2a: Clef|Reflect|p2a: Clef\n|-sidestart|p2: beantheduck13|Reflect\n|move|p1a: Not Mega|Swords Dance|p1a: Not Mega\n|-boost|p1a: Not Mega|atk|2\n|\n|-heal|p1a: Not Mega|88\/100|[from] item: Leftovers\n|-ability|p1a: Not Mega|Speed Boost|boost\n|-boost|p1a: Not Mega|spe|1\n|upkeep\n|turn|18\n|\n|t:|1700082548\n|move|p1a: Not Mega|Swords Dance|p1a: Not Mega\n|-boost|p1a: Not Mega|atk|2\n|cant|p2a: Clef|par\n|\n|-heal|p1a: Not Mega|94\/100|[from] item: Leftovers\n|-ability|p1a: Not Mega|Speed Boost|boost\n|-boost|p1a: Not Mega|spe|1\n|upkeep\n|turn|19\n|\n|t:|1700082555\n|move|p1a: Not Mega|Flare Blitz|p2a: Clef\n|-damage|p2a: Clef|0 fnt\n|faint|p2a: Clef\n|-damage|p1a: Not Mega|68\/100|[from] Recoil\n|\n|-heal|p1a: Not Mega|74\/100|[from] item: Leftovers\n|-ability|p1a: Not Mega|Speed Boost|boost\n|-boost|p1a: Not Mega|spe|1\n|upkeep\n|c|\u2606FantaShadowRYT|gg\n|\n|t:|1700082567\n|switch|p2a: Shen|Iron Moth|100\/100\n|-damage|p2a: Shen|76\/100|[from] Stealth Rock\n|-enditem|p2a: Shen|Booster Energy\n|-activate|p2a: Shen|ability: Quark Drive|[fromitem]\n|-start|p2a: Shen|quarkdrivespa\n|turn|20\n|\n|t:|1700082577\n|move|p1a: Not Mega|Flare Blitz|p2a: Shen\n|-resisted|p2a: Shen\n|-damage|p2a: Shen|0 fnt\n|faint|p2a: Shen\n|-end|p2a: Shen|Quark Drive|[silent]\n|-damage|p1a: Not Mega|49\/100|[from] Recoil\n|\n|-heal|p1a: Not Mega|55\/100|[from] item: Leftovers\n|-ability|p1a: Not Mega|Speed Boost|boost\n|-boost|p1a: Not Mega|spe|1\n|upkeep\n|\n|t:|1700082588\n|switch|p2a: Frogger|Greninja, M, shiny|100\/100\n|-damage|p2a: Frogger|88\/100|[from] Stealth Rock\n|turn|21\n|\n|t:|1700082593\n|move|p1a: Not Mega|Close Combat|p2a: Frogger\n|-supereffective|p2a: Frogger\n|-damage|p2a: Frogger|0 fnt\n|-unboost|p1a: Not Mega|def|1\n|-unboost|p1a: Not Mega|spd|1\n|faint|p2a: Frogger\n|\n|-heal|p1a: Not Mega|61\/100|[from] item: Leftovers\n|-ability|p1a: Not Mega|Speed Boost|boost\n|-boost|p1a: Not Mega|spe|1\n|upkeep\n|\n|t:|1700082602\n|switch|p2a: Ukuza|Ogerpon-Teal-Tera, F, tera:Grass|41\/100 par\n|-damage|p2a: Ukuza|29\/100 par|[from] Stealth Rock\n|-ability|p2a: Ukuza|Embody Aspect (Teal)|boost\n|-boost|p2a: Ukuza|spe|1\n|turn|22\n|\n|t:|1700082607\n|move|p2a: Ukuza|Spiky Shield|p2a: Ukuza\n|-singleturn|p2a: Ukuza|move: Protect\n|move|p1a: Not Mega|Close Combat|p2a: Ukuza\n|-activate|p2a: Ukuza|move: Protect\n|-damage|p1a: Not Mega|49\/100|[from] Spiky Shield|[of] p2a: Ukuza\n|\n|-heal|p1a: Not Mega|55\/100|[from] item: Leftovers\n|upkeep\n|turn|23\n|\n|t:|1700082616\n|move|p1a: Not Mega|Close Combat|p2a: Ukuza\n|-damage|p2a: Ukuza|0 fnt\n|-unboost|p1a: Not Mega|def|1\n|-unboost|p1a: Not Mega|spd|1\n|faint|p2a: Ukuza\n|\n|win|FantaShadowRYT\n|raw|FantaShadowRYT's rating: 1451 &rarr; <strong>1465<\/strong><br \/>(+14 for winning)\n|raw|beantheduck13's rating: 1350 &rarr; <strong>1336<\/strong><br \/>(-14 for losing)\n","uploadtime":1700082624,"views":6,"p1id":"fantashadowryt","p2id":"beantheduck13","formatid":"gen9nationaldex","rating":1336,"private":0,"password":""}