{"id":"gen9nationaldex-1995518187","p1":"xiaoyang2004","p2":"ryangregory78","format":"[Gen 9] National Dex","log":"|html|<div class=\"broadcast-blue\"><strong>[Gen 9] National Dex is currently suspecting Sneasler! For information on how to participate check out the <a href=\"https:\/\/www.smogon.com\/forums\/threads\/sv-national-dex-suspect-8-just-dance.3731534\/\">suspect thread<\/a>.<\/strong><\/div>\n|j|\u2606xiaoyang2004\n|j|\u2606ryangregory78\n|t:|1700579155\n|gametype|singles\n|player|p1|xiaoyang2004|lyra|1648\n|player|p2|ryangregory78|170|1609\n|teamsize|p1|6\n|teamsize|p2|6\n|gen|9\n|tier|[Gen 9] National Dex\n|rated|\n|rule|HP Percentage Mod: HP is shown in percentages\n|rule|Endless Battle Clause: Forcing endless battles is banned\n|rule|OHKO Clause: OHKO moves are banned\n|rule|Evasion Clause: Evasion abilities, items, and moves are banned\n|rule|Evasion Abilities Clause: Evasion abilities are banned\n|rule|Evasion Items Clause: Evasion items are banned\n|rule|Evasion Moves Clause: Evasion moves are banned\n|rule|Species Clause: Limit one of each Pok\u00e9mon\n|rule|Sleep Clause Mod: Limit one foe put to sleep\n|clearpoke\n|poke|p1|Gliscor, M|\n|poke|p1|Diancie|\n|poke|p1|Hoopa-Unbound|\n|poke|p1|Garganacl, M|\n|poke|p1|Skeledirge, M|\n|poke|p1|Greninja-*, M|\n|poke|p2|Charizard, F|\n|poke|p2|Hatterene, F|\n|poke|p2|Great Tusk|\n|poke|p2|Venusaur, F|\n|poke|p2|Heatran, F|\n|poke|p2|Victini|\n|teampreview\n|inactive|Battle timer is ON: inactive players will automatically lose when time's up. (requested by ryangregory78)\n|inactive|ryangregory78 has 120 seconds left.\n|\n|t:|1700579190\n|start\n|switch|p1a: Diancie|Diancie|100\/100\n|switch|p2a: Charizard|Charizard, F|100\/100\n|turn|1\n|\n|t:|1700579203\n|switch|p2a: Hatterene|Hatterene, F|100\/100\n|detailschange|p1a: Diancie|Diancie-Mega\n|-mega|p1a: Diancie|Diancie|Diancite\n|move|p1a: Diancie|Diamond Storm|p2a: Hatterene\n|-damage|p2a: Hatterene|49\/100\n|-boost|p1a: Diancie|def|2\n|-enditem|p2a: Hatterene|Eject Button\n|\n|t:|1700579210\n|switch|p2a: Venusaur|Venusaur, F|100\/100\n|\n|upkeep\n|turn|2\n|\n|t:|1700579226\n|switch|p1a: Hoopa|Hoopa-Unbound|100\/100\n|move|p2a: Venusaur|Earth Power|p1a: Hoopa\n|-damage|p1a: Hoopa|66\/100\n|-damage|p2a: Venusaur|91\/100|[from] item: Life Orb\n|\n|upkeep\n|turn|3\n|\n|t:|1700579238\n|switch|p2a: Victini|Victini|100\/100\n|move|p1a: Hoopa|Zen Headbutt|p2a: Victini\n|-resisted|p2a: Victini\n|-damage|p2a: Victini|62\/100\n|\n|upkeep\n|turn|4\n|\n|t:|1700579252\n|switch|p1a: Garganacl|Garganacl, M, shiny|100\/100\n|move|p2a: Victini|U-turn|p1a: Garganacl\n|-damage|p1a: Garganacl|83\/100\n|\n|t:|1700579273\n|switch|p2a: Great Tusk|Great Tusk|100\/100|[from] U-turn\n|\n|-heal|p1a: Garganacl|89\/100|[from] item: Leftovers\n|upkeep\n|turn|5\n|\n|t:|1700579282\n|move|p1a: Garganacl|Protect|p1a: Garganacl\n|-singleturn|p1a: Garganacl|Protect\n|move|p2a: Great Tusk|Earthquake|p1a: Garganacl\n|-activate|p1a: Garganacl|move: Protect\n|\n|-heal|p1a: Garganacl|96\/100|[from] item: Leftovers\n|upkeep\n|turn|6\n|\n|t:|1700579291\n|switch|p1a: Gliscor|Gliscor, M, shiny|100\/100\n|move|p2a: Great Tusk|Stealth Rock|p1a: Gliscor\n|-sidestart|p1: xiaoyang2004|move: Stealth Rock\n|\n|-status|p1a: Gliscor|tox|[from] item: Toxic Orb\n|upkeep\n|turn|7\n|\n|t:|1700579307\n|move|p2a: Great Tusk|Ice Spinner|p1a: Gliscor\n|-supereffective|p1a: Gliscor\n|-damage|p1a: Gliscor|45\/100 tox\n|move|p1a: Gliscor|U-turn|p2a: Great Tusk\n|-resisted|p2a: Great Tusk\n|-damage|p2a: Great Tusk|95\/100\n|\n|t:|1700579313\n|switch|p1a: Greninja|Greninja, M|100\/100|[from] U-turn\n|-damage|p1a: Greninja|88\/100|[from] Stealth Rock\n|\n|upkeep\n|turn|8\n|\n|t:|1700579335\n|-end|p2a: Great Tusk|Protosynthesis|[silent]\n|switch|p2a: Venusaur|Venusaur, F|91\/100\n|-zpower|p1a: Greninja\n|move|p1a: Greninja|Hydro Vortex|p2a: Venusaur|[zeffect]\n|-resisted|p2a: Venusaur\n|-damage|p2a: Venusaur|42\/100\n|\n|upkeep\n|turn|9\n|\n|t:|1700579359\n|switch|p2a: Charizard|Charizard, F|100\/100\n|move|p1a: Greninja|Ice Beam|p2a: Charizard\n|-damage|p2a: Charizard|68\/100\n|\n|upkeep\n|turn|10\n|\n|t:|1700579376\n|switch|p1a: Gliscor|Gliscor, M, shiny|45\/100 tox\n|-damage|p1a: Gliscor|33\/100 tox|[from] Stealth Rock\n|detailschange|p2a: Charizard|Charizard-Mega-Y, F\n|-mega|p2a: Charizard|Charizard|Charizardite Y\n|-weather|SunnyDay|[from] ability: Drought|[of] p2a: Charizard\n|move|p2a: Charizard|Solar Beam||[still]\n|-prepare|p2a: Charizard|Solar Beam\n|-anim|p2a: Charizard|Solar Beam|p1a: Gliscor\n|-damage|p1a: Gliscor|0 fnt\n|faint|p1a: Gliscor\n|\n|-weather|SunnyDay|[upkeep]\n|upkeep\n|inactive|xiaoyang2004 has 120 seconds left.\n|\n|t:|1700579387\n|switch|p1a: Diancie|Diancie-Mega|100\/100\n|-damage|p1a: Diancie|88\/100|[from] Stealth Rock\n|turn|11\n|\n|t:|1700579395\n|switch|p2a: Hatterene|Hatterene, F|49\/100\n|move|p1a: Diancie|Diamond Storm|p2a: Hatterene\n|-damage|p2a: Hatterene|0 fnt\n|-boost|p1a: Diancie|def|2\n|faint|p2a: Hatterene\n|\n|-weather|SunnyDay|[upkeep]\n|upkeep\n|\n|t:|1700579401\n|switch|p2a: Venusaur|Venusaur, F|42\/100\n|turn|12\n|\n|t:|1700579412\n|switch|p1a: Skeledirge|Skeledirge, M|100\/100\n|move|p2a: Venusaur|Giga Drain|p1a: Skeledirge\n|-resisted|p1a: Skeledirge\n|-damage|p1a: Skeledirge|79\/100\n|-heal|p2a: Venusaur|57\/100|[from] drain|[of] p1a: Skeledirge\n|-damage|p2a: Venusaur|47\/100|[from] item: Life Orb\n|\n|-weather|SunnyDay|[upkeep]\n|upkeep\n|turn|13\n|\n|t:|1700579431\n|switch|p2a: Heatran|Heatran, F|100\/100\n|move|p1a: Skeledirge|Slack Off|p1a: Skeledirge\n|-heal|p1a: Skeledirge|100\/100\n|\n|-weather|SunnyDay|[upkeep]\n|upkeep\n|turn|14\n|\n|t:|1700579440\n|move|p2a: Heatran|Magma Storm|p1a: Skeledirge\n|-resisted|p1a: Skeledirge\n|-damage|p1a: Skeledirge|58\/100\n|-activate|p1a: Skeledirge|move: Magma Storm|[of] p2a: Heatran\n|move|p1a: Skeledirge|Earth Power|p2a: Heatran\n|-supereffective|p2a: Heatran\n|-damage|p2a: Heatran|15\/100\n|\n|-weather|none\n|-heal|p2a: Heatran|21\/100|[from] item: Leftovers\n|-damage|p1a: Skeledirge|45\/100|[from] move: Magma Storm|[partiallytrapped]\n|upkeep\n|turn|15\n|\n|t:|1700579450\n|move|p2a: Heatran|Earth Power|p1a: Skeledirge\n|-supereffective|p1a: Skeledirge\n|-damage|p1a: Skeledirge|0 fnt\n|faint|p1a: Skeledirge\n|\n|-heal|p2a: Heatran|27\/100|[from] item: Leftovers\n|upkeep\n|\n|t:|1700579461\n|switch|p1a: Greninja|Greninja, M|88\/100\n|-damage|p1a: Greninja|76\/100|[from] Stealth Rock\n|turn|16\n|\n|t:|1700579470\n|switch|p2a: Charizard|Charizard-Mega-Y, F|68\/100\n|-weather|SunnyDay|[from] ability: Drought|[of] p2a: Charizard\n|move|p1a: Greninja|Dark Pulse|p2a: Charizard\n|-damage|p2a: Charizard|31\/100\n|\n|-weather|SunnyDay|[upkeep]\n|upkeep\n|turn|17\n|\n|t:|1700579486\n|switch|p2a: Venusaur|Venusaur, F|47\/100\n|move|p1a: Greninja|Dark Pulse|p2a: Venusaur\n|-damage|p2a: Venusaur|5\/100\n|\n|-weather|SunnyDay|[upkeep]\n|upkeep\n|turn|18\n|\n|t:|1700579493\n|move|p1a: Greninja|Water Shuriken|p2a: Venusaur\n|-resisted|p2a: Venusaur\n|-damage|p2a: Venusaur|3\/100\n|-resisted|p2a: Venusaur\n|-damage|p2a: Venusaur|1\/100\n|-hitcount|p2a: Venusaur|2\n|move|p2a: Venusaur|Giga Drain|p1a: Greninja\n|-supereffective|p1a: Greninja\n|-damage|p1a: Greninja|0 fnt\n|-heal|p2a: Venusaur|37\/100|[from] drain|[of] p1a: Greninja\n|faint|p1a: Greninja\n|-damage|p2a: Venusaur|27\/100|[from] item: Life Orb\n|\n|-weather|SunnyDay|[upkeep]\n|upkeep\n|\n|t:|1700579510\n|switch|p1a: Garganacl|Garganacl, M, shiny|96\/100\n|-damage|p1a: Garganacl|83\/100|[from] Stealth Rock\n|turn|19\n|\n|t:|1700579518\n|-terastallize|p1a: Garganacl|Dragon\n|move|p2a: Venusaur|Giga Drain|p1a: Garganacl\n|-resisted|p1a: Garganacl\n|-damage|p1a: Garganacl|68\/100\n|-heal|p2a: Venusaur|37\/100|[from] drain|[of] p1a: Garganacl\n|-damage|p2a: Venusaur|27\/100|[from] item: Life Orb\n|move|p1a: Garganacl|Salt Cure|p2a: Venusaur\n|-damage|p2a: Venusaur|9\/100\n|-start|p2a: Venusaur|Salt Cure\n|\n|-weather|SunnyDay|[upkeep]\n|-heal|p1a: Garganacl|74\/100|[from] item: Leftovers\n|-damage|p2a: Venusaur|0 fnt|[from] Salt Cure\n|faint|p2a: Venusaur\n|upkeep\n|\n|t:|1700579536\n|switch|p2a: Victini|Victini|62\/100\n|turn|20\n|\n|t:|1700579543\n|-terastallize|p2a: Victini|Fire\n|move|p1a: Garganacl|Protect|p1a: Garganacl\n|-singleturn|p1a: Garganacl|Protect\n|move|p2a: Victini|V-create|p1a: Garganacl\n|-activate|p1a: Garganacl|move: Protect\n|\n|-weather|none\n|-heal|p1a: Garganacl|80\/100|[from] item: Leftovers\n|upkeep\n|turn|21\n|\n|t:|1700579557\n|switch|p2a: Charizard|Charizard-Mega-Y, F|31\/100\n|-weather|SunnyDay|[from] ability: Drought|[of] p2a: Charizard\n|move|p1a: Garganacl|Stealth Rock|p2a: Charizard\n|-sidestart|p2: ryangregory78|move: Stealth Rock\n|\n|-weather|SunnyDay|[upkeep]\n|-heal|p1a: Garganacl|86\/100|[from] item: Leftovers\n|upkeep\n|turn|22\n|\n|t:|1700579570\n|move|p1a: Garganacl|Protect|p1a: Garganacl\n|-singleturn|p1a: Garganacl|Protect\n|move|p2a: Charizard|Roost|p2a: Charizard\n|-heal|p2a: Charizard|82\/100\n|-singleturn|p2a: Charizard|move: Roost\n|\n|-weather|SunnyDay|[upkeep]\n|-heal|p1a: Garganacl|93\/100|[from] item: Leftovers\n|upkeep\n|turn|23\n|\n|t:|1700579585\n|switch|p2a: Great Tusk|Great Tusk|95\/100\n|-activate|p2a: Great Tusk|ability: Protosynthesis\n|-start|p2a: Great Tusk|protosynthesisspe\n|move|p1a: Garganacl|Salt Cure|p2a: Great Tusk\n|-resisted|p2a: Great Tusk\n|-damage|p2a: Great Tusk|93\/100\n|-start|p2a: Great Tusk|Salt Cure\n|\n|-weather|SunnyDay|[upkeep]\n|-heal|p1a: Garganacl|99\/100|[from] item: Leftovers\n|-damage|p2a: Great Tusk|81\/100|[from] Salt Cure\n|upkeep\n|turn|24\n|\n|t:|1700579609\n|move|p2a: Great Tusk|Ice Spinner|p1a: Garganacl\n|-supereffective|p1a: Garganacl\n|-damage|p1a: Garganacl|69\/100\n|move|p1a: Garganacl|Stealth Rock||[still]\n|-fail|p1a: Garganacl\n|\n|-weather|SunnyDay|[upkeep]\n|-heal|p1a: Garganacl|75\/100|[from] item: Leftovers\n|-damage|p2a: Great Tusk|68\/100|[from] Salt Cure\n|upkeep\n|turn|25\n|\n|t:|1700579620\n|move|p2a: Great Tusk|Ice Spinner|p1a: Garganacl\n|-supereffective|p1a: Garganacl\n|-damage|p1a: Garganacl|45\/100\n|move|p1a: Garganacl|Recover|p1a: Garganacl\n|-heal|p1a: Garganacl|95\/100\n|\n|-weather|none\n|-end|p2a: Great Tusk|Protosynthesis\n|-heal|p1a: Garganacl|100\/100|[from] item: Leftovers\n|-damage|p2a: Great Tusk|56\/100|[from] Salt Cure\n|upkeep\n|turn|26\n|\n|t:|1700579634\n|move|p2a: Great Tusk|Rapid Spin|p1a: Garganacl\n|-damage|p1a: Garganacl|92\/100\n|-boost|p2a: Great Tusk|spe|1\n|-sideend|p2: ryangregory78|Stealth Rock|[from] move: Rapid Spin|[of] p2a: Great Tusk\n|move|p1a: Garganacl|Salt Cure|p2a: Great Tusk\n|-resisted|p2a: Great Tusk\n|-damage|p2a: Great Tusk|54\/100\n|\n|-heal|p1a: Garganacl|98\/100|[from] item: Leftovers\n|-damage|p2a: Great Tusk|41\/100|[from] Salt Cure\n|upkeep\n|turn|27\n|\n|t:|1700579643\n|-end|p2a: Great Tusk|Protosynthesis|[silent]\n|switch|p2a: Charizard|Charizard-Mega-Y, F|82\/100\n|-weather|SunnyDay|[from] ability: Drought|[of] p2a: Charizard\n|move|p1a: Garganacl|Stealth Rock|p2a: Charizard\n|-sidestart|p2: ryangregory78|move: Stealth Rock\n|\n|-weather|SunnyDay|[upkeep]\n|-heal|p1a: Garganacl|100\/100|[from] item: Leftovers\n|upkeep\n|turn|28\n|\n|t:|1700579669\n|switch|p2a: Heatran|Heatran, F|27\/100\n|-damage|p2a: Heatran|15\/100|[from] Stealth Rock\n|move|p1a: Garganacl|Salt Cure|p2a: Heatran\n|-damage|p2a: Heatran|1\/100\n|-start|p2a: Heatran|Salt Cure\n|\n|-weather|SunnyDay|[upkeep]\n|-heal|p2a: Heatran|7\/100|[from] item: Leftovers\n|-damage|p2a: Heatran|0 fnt|[from] Salt Cure\n|faint|p2a: Heatran\n|upkeep\n|\n|t:|1700579671\n|switch|p2a: Victini|Victini, tera:Fire|62\/100\n|-damage|p2a: Victini|37\/100|[from] Stealth Rock\n|turn|29\n|\n|t:|1700579683\n|move|p1a: Garganacl|Protect|p1a: Garganacl\n|-singleturn|p1a: Garganacl|Protect\n|move|p2a: Victini|V-create|p1a: Garganacl\n|-activate|p1a: Garganacl|move: Protect\n|\n|-weather|SunnyDay|[upkeep]\n|upkeep\n|turn|30\n|\n|t:|1700579690\n|move|p2a: Victini|V-create|p1a: Garganacl\n|-resisted|p1a: Garganacl\n|-damage|p1a: Garganacl|26\/100\n|-unboost|p2a: Victini|spe|1\n|-unboost|p2a: Victini|def|1\n|-unboost|p2a: Victini|spd|1\n|move|p1a: Garganacl|Recover|p1a: Garganacl\n|-heal|p1a: Garganacl|76\/100\n|\n|-weather|SunnyDay|[upkeep]\n|-heal|p1a: Garganacl|82\/100|[from] item: Leftovers\n|upkeep\n|turn|31\n|-message|ryangregory78 forfeited.\n|\n|win|xiaoyang2004\n|raw|xiaoyang2004's rating: 1648 &rarr; <strong>1666<\/strong><br \/>(+18 for winning)\n|raw|ryangregory78's rating: 1609 &rarr; <strong>1591<\/strong><br \/>(-18 for losing)\n|l|\u2606ryangregory78\n","uploadtime":1700579702,"views":0,"p1id":"xiaoyang2004","p2id":"ryangregory78","formatid":"gen9nationaldex","rating":1591,"private":0,"password":""}