{"id":"gen9nationaldex-1997316962","p1":"Martu2863","p2":"Fabrizio8","format":"[Gen 9] National Dex","log":"|html|<div class=\"broadcast-blue\"><strong>[Gen 9] National Dex is currently suspecting Sneasler! For information on how to participate check out the <a href=\"https:\/\/www.smogon.com\/forums\/threads\/sv-national-dex-suspect-8-just-dance.3731534\/\">suspect thread<\/a>.<\/strong><\/div>\n|j|\u2606Martu2863\n|j|\u2606Fabrizio8\n|t:|1700788596\n|gametype|singles\n|player|p1|Martu2863|cynthia-gen7|\n|player|p2|Fabrizio8|blue|\n|teamsize|p1|6\n|teamsize|p2|6\n|gen|9\n|tier|[Gen 9] National Dex\n|rule|HP Percentage Mod: HP is shown in percentages\n|rule|Endless Battle Clause: Forcing endless battles is banned\n|rule|OHKO Clause: OHKO moves are banned\n|rule|Evasion Clause: Evasion abilities, items, and moves are banned\n|rule|Evasion Abilities Clause: Evasion abilities are banned\n|rule|Evasion Items Clause: Evasion items are banned\n|rule|Evasion Moves Clause: Evasion moves are banned\n|rule|Species Clause: Limit one of each Pok\u00e9mon\n|rule|Sleep Clause Mod: Limit one foe put to sleep\n|clearpoke\n|poke|p1|Krookodile, F|\n|poke|p1|Moltres|\n|poke|p1|Tapu Fini|\n|poke|p1|Rillaboom, M|\n|poke|p1|Kartana|\n|poke|p1|Manectric, M|\n|poke|p2|Glimmora, F|\n|poke|p2|Okidogi, M|\n|poke|p2|Hydreigon, F|\n|poke|p2|Toxtricity, M|\n|poke|p2|Beedrill, F|\n|poke|p2|Slowbro-Galar, M|\n|teampreview\n|c|\u2606Martu2863|Suerte\n|c|\u2606Fabrizio8|no tengo ganas de pelear hoy asi que, que sea r\u00e1pido\n|j| Sylveon(404)\n|j| insipido\n|j| RARMolina\n|\n|t:|1700788620\n|start\n|switch|p1a: Zen|Manectric, M|100\/100\n|switch|p2a: cummora|Glimmora, F, shiny|100\/100\n|turn|1\n|\n|t:|1700788631\n|detailschange|p1a: Zen|Manectric-Mega, M\n|-mega|p1a: Zen|Manectric|Manectite\n|-ability|p1a: Zen|Intimidate|boost\n|-unboost|p2a: cummora|atk|1\n|move|p1a: Zen|Volt Switch|p2a: cummora\n|-damage|p2a: cummora|62\/100\n|\n|t:|1700788643\n|switch|p1a: Kami|Kartana|100\/100|[from] Volt Switch\n|move|p2a: cummora|Toxic Spikes|p1a: Kami\n|-sidestart|p1: Martu2863|move: Toxic Spikes\n|\n|upkeep\n|turn|2\n|\n|t:|1700788649\n|-zpower|p1a: Kami\n|move|p1a: Kami|Corkscrew Crash|p2a: cummora|[zeffect]\n|-supereffective|p2a: cummora\n|-damage|p2a: cummora|0 fnt\n|faint|p2a: cummora\n|-ability|p1a: Kami|Beast Boost|boost\n|-boost|p1a: Kami|atk|1\n|\n|upkeep\n|c| RARMolina|:0\n|c|\u2606Martu2863|Esta bien\n|\n|t:|1700788670\n|switch|p2a: tsohg olra|Hydreigon, F|100\/100\n|turn|3\n|c|\u2606Martu2863|intentar\u00e9 que sea lo mas rapido para ti\n|j| WSoldat\n|\n|t:|1700788678\n|move|p1a: Kami|Sacred Sword|p2a: tsohg olra\n|-supereffective|p2a: tsohg olra\n|-damage|p2a: tsohg olra|0 fnt\n|faint|p2a: tsohg olra\n|-ability|p1a: Kami|Beast Boost|boost\n|-boost|p1a: Kami|atk|1\n|\n|upkeep\n|\n|t:|1700788686\n|switch|p2a: todo bien|Okidogi, M|100\/100\n|turn|4\n|\n|t:|1700788695\n|move|p1a: Kami|Smart Strike|p2a: todo bien\n|-damage|p2a: todo bien|30\/100\n|move|p2a: todo bien|Drain Punch|p1a: Kami\n|-supereffective|p1a: Kami\n|-damage|p1a: Kami|19\/100\n|-heal|p2a: todo bien|64\/100|[from] drain|[of] p1a: Kami\n|\n|upkeep\n|turn|5\n|c|\u2606Fabrizio8|lol\n|c| RARMolina|Lol\n|\n|t:|1700788708\n|move|p1a: Kami|Smart Strike|p2a: todo bien\n|-damage|p2a: todo bien|0 fnt\n|faint|p2a: todo bien\n|-ability|p1a: Kami|Beast Boost|boost\n|-boost|p1a: Kami|atk|1\n|\n|upkeep\n|c| WSoldat|Decime que el beedrill tiene drill run\n|\n|t:|1700788733\n|switch|p2a: toxico|Toxtricity, M|100\/100\n|turn|6\n|\n|t:|1700788738\n|move|p1a: Kami|Smart Strike|p2a: toxico\n|-resisted|p2a: toxico\n|-damage|p2a: toxico|16\/100\n|move|p2a: toxico|Boomburst|p1a: Kami\n|-resisted|p1a: Kami\n|-damage|p1a: Kami|0 fnt\n|faint|p1a: Kami\n|-enditem|p2a: toxico|Throat Spray\n|-boost|p2a: toxico|spa|1|[from] item: Throat Spray\n|\n|upkeep\n|\n|t:|1700788748\n|switch|p1a: Tarzan|Rillaboom, M|100\/100\n|-status|p1a: Tarzan|psn\n|-fieldstart|move: Grassy Terrain|[from] ability: Grassy Surge|[of] p1a: Tarzan\n|turn|7\n|\n|t:|1700788754\n|switch|p2a: Slowbro|Slowbro-Galar, M|100\/100\n|-terastallize|p1a: Tarzan|Ground\n|move|p1a: Tarzan|Stomping Tantrum|p2a: Slowbro\n|-supereffective|p2a: Slowbro\n|-damage|p2a: Slowbro|0 fnt\n|faint|p2a: Slowbro\n|\n|-damage|p1a: Tarzan|88\/100 psn|[from] psn\n|upkeep\n|c| RARMolina|Le tumbaste uno fabrizio ya es algo\n|\n|t:|1700788767\n|switch|p2a: Beedrill|Beedrill, F|100\/100\n|turn|8\n|\n|t:|1700788774\n|switch|p1a: Zen|Manectric-Mega, M|100\/100\n|-status|p1a: Zen|psn\n|-ability|p1a: Zen|Intimidate|boost\n|-unboost|p2a: Beedrill|atk|1\n|detailschange|p2a: Beedrill|Beedrill-Mega, F\n|-mega|p2a: Beedrill|Beedrill|Beedrillite\n|move|p2a: Beedrill|Frustration|p1a: Zen\n|-damage|p1a: Zen|61\/100 psn\n|\n|-heal|p1a: Zen|67\/100 psn|[from] Grassy Terrain\n|-damage|p1a: Zen|55\/100 psn|[from] psn\n|upkeep\n|turn|9\n|c|\u2606Fabrizio8|lol\n|\n|t:|1700788793\n|switch|p1a: Fenix|Moltres|100\/100\n|move|p2a: Beedrill|Frustration|p1a: Fenix\n|-damage|p1a: Fenix|80\/100\n|\n|upkeep\n|turn|10\n|c| WSoldat|Wtf beedrill con frustacion\n|c| WSoldat|Ok?\n|j| Gamer00ooO\n|c|\u2606Fabrizio8|molcuatro\n|c| RARMolina|A\n|c| Gamer00ooO|Hola\n|\n|t:|1700788810\n|move|p2a: Beedrill|Poison Jab|p1a: Fenix\n|-damage|p1a: Fenix|51\/100\n|-status|p2a: Beedrill|brn|[from] ability: Flame Body|[of] p1a: Fenix\n|move|p1a: Fenix|Will-O-Wisp|p2a: Beedrill\n|-fail|p2a: Beedrill|brn\n|\n|-damage|p2a: Beedrill|94\/100 brn|[from] brn\n|upkeep\n|turn|11\n|c|\u2606Fabrizio8|lol\n|\n|t:|1700788823\n|move|p2a: Beedrill|Frustration|p1a: Fenix\n|-damage|p1a: Fenix|41\/100\n|move|p1a: Fenix|Roost|p1a: Fenix\n|-heal|p1a: Fenix|91\/100\n|-singleturn|p1a: Fenix|move: Roost\n|\n|-heal|p2a: Beedrill|100\/100 brn|[from] Grassy Terrain\n|-heal|p1a: Fenix|98\/100|[from] Grassy Terrain\n|-damage|p2a: Beedrill|94\/100 brn|[from] brn\n|-fieldend|move: Grassy Terrain\n|upkeep\n|turn|12\n|c|\u2606Fabrizio8|lol\n|\n|t:|1700788840\n|move|p2a: Beedrill|Poison Jab|p1a: Fenix\n|-damage|p1a: Fenix|83\/100\n|-status|p1a: Fenix|psn\n|move|p1a: Fenix|Flamethrower|p2a: Beedrill\n|-supereffective|p2a: Beedrill\n|-damage|p2a: Beedrill|0 fnt\n|faint|p2a: Beedrill\n|\n|-damage|p1a: Fenix|70\/100 psn|[from] psn\n|upkeep\n|\n|t:|1700788852\n|switch|p2a: toxico|Toxtricity, M|16\/100\n|turn|13\n|\n|t:|1700788855\n|switch|p1a: Tarzan|Rillaboom, M, tera:Ground|88\/100 psn\n|-fieldstart|move: Grassy Terrain|[from] ability: Grassy Surge|[of] p1a: Tarzan\n|move|p2a: toxico|Overdrive|p1a: Tarzan\n|-immune|p1a: Tarzan\n|\n|-heal|p1a: Tarzan|94\/100 psn|[from] Grassy Terrain\n|-heal|p2a: toxico|22\/100|[from] Grassy Terrain\n|-damage|p1a: Tarzan|82\/100 psn|[from] psn\n|upkeep\n|turn|14\n|c|\u2606Fabrizio8|lol\n|\n|t:|1700788869\n|move|p1a: Tarzan|Grassy Glide|p2a: toxico\n|-resisted|p2a: toxico\n|-damage|p2a: toxico|0 fnt\n|faint|p2a: toxico\n|\n|win|Martu2863\n|c|\u2606Martu2863|Gg\n","uploadtime":1700788875,"views":4,"p1id":"martu2863","p2id":"fabrizio8","formatid":"gen9nationaldex","rating":0,"private":0,"password":""}