{"id":"gen9nationaldex-1988500927","p1":"sprayreal","p2":"nbdg","format":"[Gen 9] National Dex","log":"|j|\u2606sprayreal\n|j|\u2606nbdg\n|t:|1699729660\n|gametype|singles\n|player|p1|sprayreal|pokemonranger-gen4|\n|player|p2|nbdg|102|\n|teamsize|p1|3\n|teamsize|p2|3\n|gen|9\n|tier|[Gen 9] National Dex\n|rule|HP Percentage Mod: HP is shown in percentages\n|rule|Endless Battle Clause: Forcing endless battles is banned\n|rule|OHKO Clause: OHKO moves are banned\n|rule|Evasion Clause: Evasion abilities, items, and moves are banned\n|rule|Evasion Abilities Clause: Evasion abilities are banned\n|rule|Evasion Items Clause: Evasion items are banned\n|rule|Evasion Moves Clause: Evasion moves are banned\n|rule|Species Clause: Limit one of each Pok\u00e9mon\n|rule|Sleep Clause Mod: Limit one foe put to sleep\n|clearpoke\n|poke|p1|Mudkip, L5, F|\n|poke|p1|Ogerpon-Cornerstone, F|\n|poke|p1|Noivern, M|\n|poke|p2|Ogerpon, F|\n|poke|p2|Bibarel, F|\n|poke|p2|Klefki, M|\n|teampreview\n|c|\u2606sprayreal|?\n|\n|t:|1699729667\n|start\n|switch|p1a: wolfie|Mudkip, L5, F|100\/100\n|switch|p2a: Klefki|Klefki, M|100\/100\n|turn|1\n|c|\u2606nbdg|ths tesm id botched\n|\n|t:|1699729678\n|move|p2a: Klefki|Reflect|p2a: Klefki\n|-sidestart|p2: nbdg|Reflect\n|move|p1a: wolfie|Endeavor|p2a: Klefki\n|-damage|p2a: Klefki|9\/100\n|\n|-heal|p2a: Klefki|15\/100|[from] item: Leftovers\n|upkeep\n|turn|2\n|\n|t:|1699729689\n|switch|p1a: alonso|Noivern, M|100\/100\n|move|p2a: Klefki|Psyshock|p1a: alonso\n|-damage|p1a: alonso|80\/100\n|\n|-heal|p2a: Klefki|20\/100|[from] item: Leftovers\n|upkeep\n|turn|3\n|\n|t:|1699729697\n|move|p2a: Klefki|Toxic|p1a: alonso\n|-status|p1a: alonso|tox\n|move|p1a: alonso|Flamethrower|p2a: Klefki\n|-supereffective|p2a: Klefki\n|-damage|p2a: Klefki|0 fnt\n|faint|p2a: Klefki\n|\n|-damage|p1a: alonso|74\/100 tox|[from] psn\n|upkeep\n|\n|t:|1699729707\n|switch|p2a: Bibarel|Bibarel, F|100\/100\n|turn|4\n|\n|t:|1699729718\n|-singleturn|p2a: Bibarel|move: Focus Punch\n|move|p1a: alonso|Draco Meteor|p2a: Bibarel\n|-damage|p2a: Bibarel|18\/100\n|-unboost|p1a: alonso|spa|2\n|cant|p2a: Bibarel|Focus Punch|Focus Punch\n|\n|-damage|p1a: alonso|62\/100 tox|[from] psn\n|upkeep\n|turn|5\n|c|\u2606nbdg|lol\n|\n|t:|1699729739\n|move|p2a: Bibarel|Aqua Jet|p1a: alonso\n|-resisted|p1a: alonso\n|-damage|p1a: alonso|54\/100 tox\n|move|p1a: alonso|Draco Meteor|p2a: Bibarel\n|-damage|p2a: Bibarel|0 fnt\n|-unboost|p1a: alonso|spa|2\n|faint|p2a: Bibarel\n|\n|-damage|p1a: alonso|36\/100 tox|[from] psn\n|-sideend|p2: nbdg|Reflect\n|upkeep\n|\n|t:|1699729752\n|switch|p2a: Ogerpon|Ogerpon, F|100\/100\n|turn|6\n|\n|t:|1699729760\n|-terastallize|p2a: Ogerpon|Grass\n|detailschange|p2a: Ogerpon|Ogerpon-Teal-Tera, F, tera:Grass\n|-ability|p2a: Ogerpon|Embody Aspect (Teal)|boost\n|-boost|p2a: Ogerpon|spe|1\n|move|p2a: Ogerpon|Play Rough|p1a: alonso\n|-supereffective|p1a: alonso\n|-damage|p1a: alonso|0 fnt\n|faint|p1a: alonso\n|\n|upkeep\n|c|\u2606sprayreal|erm\n|\n|t:|1699729767\n|switch|p1a: wolfie|Mudkip, L5, F|100\/100\n|turn|7\n|l|\u2606nbdg\n|player|p2|\n|j|\u2606nbdg\n|player|p2|nbdg|102\n|c|\u2606sprayreal|what happened\n|c|\u2606nbdg|i hate you\n|\n|t:|1699729848\n|move|p2a: Ogerpon|Horn Leech|p1a: wolfie\n|-supereffective|p1a: wolfie\n|-enditem|p1a: wolfie|Focus Sash\n|-damage|p1a: wolfie|5\/100\n|move|p1a: wolfie|Toxic|p2a: Ogerpon\n|-status|p2a: Ogerpon|tox\n|\n|-damage|p2a: Ogerpon|95\/100 tox|[from] psn\n|upkeep\n|turn|8\n|\n|t:|1699729858\n|move|p1a: wolfie|Protect|p1a: wolfie\n|-singleturn|p1a: wolfie|Protect\n|move|p2a: Ogerpon|Horn Leech|p1a: wolfie\n|-activate|p1a: wolfie|move: Protect\n|\n|-damage|p2a: Ogerpon|83\/100 tox|[from] psn\n|upkeep\n|turn|9\n|\n|t:|1699729866\n|move|p2a: Ogerpon|Horn Leech|p1a: wolfie\n|-supereffective|p1a: wolfie\n|-damage|p1a: wolfie|0 fnt\n|-heal|p2a: Ogerpon|83\/100 tox|[from] drain|[of] p1a: wolfie\n|faint|p1a: wolfie\n|\n|-damage|p2a: Ogerpon|65\/100 tox|[from] psn\n|upkeep\n|\n|t:|1699729873\n|switch|p1a: noob|Ogerpon-Cornerstone, F|100\/100\n|turn|10\n|\n|t:|1699729877\n|move|p2a: Ogerpon|Ivy Cudgel|p1a: noob\n|-ability|p1a: noob|Sturdy\n|-damage|p1a: noob|1\/100\n|move|p1a: noob|Ivy Cudgel|p2a: Ogerpon\n|-crit|p2a: Ogerpon\n|-damage|p2a: Ogerpon|0 fnt\n|faint|p2a: Ogerpon\n|\n|win|sprayreal\n|c|\u2606nbdg|NOO\n|c|\u2606sprayreal|:3\n","uploadtime":1699729895,"views":6,"p1id":"sprayreal","p2id":"nbdg","formatid":"gen9nationaldex","rating":0,"private":0,"password":""}