{"id":"gen9nationaldex-1988964067","p1":"KryoPlaysShowdown","p2":"Poppop1212","format":"[Gen 9] National Dex","log":"|j|\u2606KryoPlaysShowdown\n|j|\u2606Poppop1212\n|t:|1699795436\n|gametype|singles\n|player|p1|KryoPlaysShowdown|colress|\n|player|p2|Poppop1212|102|\n|teamsize|p1|6\n|teamsize|p2|6\n|gen|9\n|tier|[Gen 9] National Dex\n|rule|HP Percentage Mod: HP is shown in percentages\n|rule|Endless Battle Clause: Forcing endless battles is banned\n|rule|OHKO Clause: OHKO moves are banned\n|rule|Evasion Clause: Evasion abilities, items, and moves are banned\n|rule|Evasion Abilities Clause: Evasion abilities are banned\n|rule|Evasion Items Clause: Evasion items are banned\n|rule|Evasion Moves Clause: Evasion moves are banned\n|rule|Species Clause: Limit one of each Pok\u00e9mon\n|rule|Sleep Clause Mod: Limit one foe put to sleep\n|clearpoke\n|poke|p1|Furret, M|\n|poke|p1|Blaziken, F|\n|poke|p1|Kommo-o, F|\n|poke|p1|Scolipede, F|\n|poke|p1|Diancie|\n|poke|p1|Rillaboom, M|\n|poke|p2|Honchkrow, F|\n|poke|p2|Garbodor, F|\n|poke|p2|Tyrantrum, M|\n|poke|p2|Kartana|\n|poke|p2|Infernape, M|\n|poke|p2|Runerigus, M|\n|teampreview\n|inactive|Battle timer is ON: inactive players will automatically lose when time's up. (requested by Poppop1212)\n|\n|t:|1699795486\n|start\n|switch|p1a: Scolipede|Scolipede, F|100\/100\n|switch|p2a: Garbodor|Garbodor, F|100\/100\n|turn|1\n|\n|t:|1699795507\n|move|p1a: Scolipede|Spikes|p2a: Garbodor\n|-sidestart|p2: Poppop1212|Spikes\n|move|p2a: Garbodor|Body Slam|p1a: Scolipede\n|-damage|p1a: Scolipede|80\/100\n|\n|-heal|p1a: Scolipede|86\/100|[from] item: Leftovers\n|-ability|p1a: Scolipede|Speed Boost|boost\n|-boost|p1a: Scolipede|spe|1\n|upkeep\n|turn|2\n|\n|t:|1699795514\n|switch|p2a: Infernape|Infernape, M|100\/100\n|-damage|p2a: Infernape|88\/100|[from] Spikes\n|move|p1a: Scolipede|Spikes|p2a: Infernape\n|-sidestart|p2: Poppop1212|Spikes\n|\n|-heal|p1a: Scolipede|92\/100|[from] item: Leftovers\n|-ability|p1a: Scolipede|Speed Boost|boost\n|-boost|p1a: Scolipede|spe|1\n|upkeep\n|turn|3\n|\n|t:|1699795527\n|move|p1a: Scolipede|Toxic Spikes|p2a: Infernape\n|-sidestart|p2: Poppop1212|move: Toxic Spikes\n|move|p2a: Infernape|Flare Blitz|p1a: Scolipede\n|-supereffective|p1a: Scolipede\n|-damage|p1a: Scolipede|0 fnt\n|faint|p1a: Scolipede\n|-damage|p2a: Infernape|55\/100|[from] Recoil\n|\n|upkeep\n|\n|t:|1699795536\n|switch|p1a: Diancie|Diancie|100\/100\n|turn|4\n|\n|t:|1699795549\n|switch|p2a: Kartana|Kartana|100\/100\n|-damage|p2a: Kartana|84\/100|[from] Spikes\n|detailschange|p1a: Diancie|Diancie-Mega\n|-mega|p1a: Diancie|Diancie|Diancite\n|move|p1a: Diancie|Moonblast|p2a: Kartana\n|-resisted|p2a: Kartana\n|-damage|p2a: Kartana|0 fnt\n|faint|p2a: Kartana\n|\n|upkeep\n|\n|t:|1699795559\n|switch|p2a: Runerigus|Runerigus, M|100\/100\n|-damage|p2a: Runerigus|84\/100|[from] Spikes\n|-status|p2a: Runerigus|psn\n|turn|5\n|\n|t:|1699795565\n|move|p1a: Diancie|Moonblast|p2a: Runerigus\n|-damage|p2a: Runerigus|8\/100 psn\n|-unboost|p2a: Runerigus|spa|1\n|move|p2a: Runerigus|Destiny Bond|p2a: Runerigus\n|-singlemove|p2a: Runerigus|Destiny Bond\n|\n|-damage|p2a: Runerigus|0 fnt|[from] psn\n|faint|p2a: Runerigus\n|upkeep\n|-message|Poppop1212 forfeited.\n|\n|win|KryoPlaysShowdown\n|l|\u2606Poppop1212\n","uploadtime":1699795581,"views":23,"p1id":"kryoplaysshowdown","p2id":"poppop1212","formatid":"gen9nationaldex","rating":0,"private":0,"password":""}