{"id":"gen9nationaldex-1993325511","p1":"meimieya","p2":"Serena1111","format":"[Gen 9] National Dex","log":"|j|\u2606meimieya\n|j|\u2606Serena1111\n|t:|1700298727\n|gametype|singles\n|player|p1|meimieya|102|1284\n|player|p2|Serena1111|serena|1264\n|teamsize|p1|6\n|teamsize|p2|6\n|gen|9\n|tier|[Gen 9] National Dex\n|rated|\n|rule|HP Percentage Mod: HP is shown in percentages\n|rule|Endless Battle Clause: Forcing endless battles is banned\n|rule|OHKO Clause: OHKO moves are banned\n|rule|Evasion Clause: Evasion abilities, items, and moves are banned\n|rule|Evasion Abilities Clause: Evasion abilities are banned\n|rule|Evasion Items Clause: Evasion items are banned\n|rule|Evasion Moves Clause: Evasion moves are banned\n|rule|Species Clause: Limit one of each Pok\u00e9mon\n|rule|Sleep Clause Mod: Limit one foe put to sleep\n|clearpoke\n|poke|p1|Pelipper, M|\n|poke|p1|Barraskewda, M|\n|poke|p1|Garganacl, M|\n|poke|p1|Swampert, M|\n|poke|p1|Moltres|\n|poke|p1|Kingdra, F|\n|poke|p2|Exeggutor, M|\n|poke|p2|Arcanine, F|\n|poke|p2|Machamp, F|\n|poke|p2|Sudowoodo, M|\n|poke|p2|Shiftry, M|\n|poke|p2|Lopunny, F|\n|teampreview\n|inactive|Battle timer is ON: inactive players will automatically lose when time's up. (requested by Serena1111)\n|\n|t:|1700298733\n|start\n|switch|p1a: Garganacl|Garganacl, M|100\/100\n|switch|p2a: Exeggutor|Exeggutor, M|100\/100\n|turn|1\n|\n|t:|1700298738\n|move|p2a: Exeggutor|Calm Mind|p2a: Exeggutor\n|-boost|p2a: Exeggutor|spa|1\n|-boost|p2a: Exeggutor|spd|1\n|move|p1a: Garganacl|Stealth Rock|p2a: Exeggutor\n|-sidestart|p2: Serena1111|move: Stealth Rock\n|\n|upkeep\n|turn|2\n|\n|t:|1700298743\n|move|p2a: Exeggutor|Calm Mind|p2a: Exeggutor\n|-boost|p2a: Exeggutor|spa|1\n|-boost|p2a: Exeggutor|spd|1\n|move|p1a: Garganacl|Salt Cure|p2a: Exeggutor\n|-damage|p2a: Exeggutor|88\/100\n|-start|p2a: Exeggutor|Salt Cure\n|\n|-damage|p2a: Exeggutor|75\/100|[from] Salt Cure\n|upkeep\n|turn|3\n|\n|t:|1700298748\n|move|p2a: Exeggutor|Giga Drain|p1a: Garganacl\n|-supereffective|p1a: Garganacl\n|-damage|p1a: Garganacl|0 fnt\n|-heal|p2a: Exeggutor|100\/100|[from] drain|[of] p1a: Garganacl\n|faint|p1a: Garganacl\n|\n|-damage|p2a: Exeggutor|88\/100|[from] Salt Cure\n|upkeep\n|\n|t:|1700298766\n|switch|p1a: Pelipper|Pelipper, M|100\/100\n|-weather|RainDance|[from] ability: Drizzle|[of] p1a: Pelipper\n|turn|4\n|\n|t:|1700298773\n|move|p1a: Pelipper|U-turn|p2a: Exeggutor\n|-supereffective|p2a: Exeggutor\n|-damage|p2a: Exeggutor|55\/100\n|\n|t:|1700298776\n|switch|p1a: Moltres|Moltres|100\/100|[from] U-turn\n|move|p2a: Exeggutor|Giga Drain|p1a: Moltres\n|-resisted|p1a: Moltres\n|-damage|p1a: Moltres|79\/100\n|-heal|p2a: Exeggutor|65\/100|[from] drain|[of] p1a: Moltres\n|\n|-weather|RainDance|[upkeep]\n|-damage|p2a: Exeggutor|53\/100|[from] Salt Cure\n|upkeep\n|turn|5\n|\n|t:|1700298785\n|move|p1a: Moltres|Hurricane|p2a: Exeggutor\n|-supereffective|p2a: Exeggutor\n|-damage|p2a: Exeggutor|5\/100\n|move|p2a: Exeggutor|Psyshock|p1a: Moltres\n|-damage|p1a: Moltres|20\/100\n|\n|-weather|RainDance|[upkeep]\n|-damage|p2a: Exeggutor|0 fnt|[from] Salt Cure\n|faint|p2a: Exeggutor\n|upkeep\n|\n|t:|1700298795\n|switch|p2a: Arcanine|Arcanine, F|100\/100\n|-damage|p2a: Arcanine|76\/100|[from] Stealth Rock\n|turn|6\n|\n|t:|1700298805\n|-terastallize|p2a: Arcanine|Fire\n|move|p2a: Arcanine|Burn Up|p1a: Moltres\n|-resisted|p1a: Moltres\n|-damage|p1a: Moltres|0 fnt\n|-start|p2a: Arcanine|typechange|Fire|[from] move: Burn Up\n|faint|p1a: Moltres\n|\n|-weather|RainDance|[upkeep]\n|upkeep\n|\n|t:|1700298811\n|switch|p1a: Swampert|Swampert, M|100\/100\n|turn|7\n|\n|t:|1700298817\n|switch|p2a: Shiftry|Shiftry, M|100\/100\n|-damage|p2a: Shiftry|88\/100|[from] Stealth Rock\n|detailschange|p1a: Swampert|Swampert-Mega, M\n|-mega|p1a: Swampert|Swampert|Swampertite\n|move|p1a: Swampert|Liquidation|p2a: Shiftry\n|-resisted|p2a: Shiftry\n|-damage|p2a: Shiftry|20\/100\n|\n|-weather|RainDance|[upkeep]\n|-heal|p2a: Shiftry|27\/100|[from] item: Leftovers\n|upkeep\n|turn|8\n|\n|t:|1700298844\n|move|p1a: Swampert|Liquidation|p2a: Shiftry\n|-resisted|p2a: Shiftry\n|-damage|p2a: Shiftry|0 fnt\n|faint|p2a: Shiftry\n|\n|-weather|RainDance|[upkeep]\n|upkeep\n|inactive|Serena1111 has 120 seconds left.\n|\n|t:|1700298861\n|switch|p2a: Machamp|Machamp, F|100\/100\n|-damage|p2a: Machamp|94\/100|[from] Stealth Rock\n|turn|9\n|\n|t:|1700298867\n|move|p1a: Swampert|Liquidation|p2a: Machamp\n|-damage|p2a: Machamp|4\/100\n|move|p2a: Machamp|Dynamic Punch|p1a: Swampert\n|-damage|p1a: Swampert|52\/100\n|-start|p1a: Swampert|confusion\n|\n|-weather|RainDance|[upkeep]\n|upkeep\n|turn|10\n|\n|t:|1700298882\n|-activate|p1a: Swampert|confusion\n|move|p1a: Swampert|Liquidation|p2a: Machamp\n|-damage|p2a: Machamp|0 fnt\n|faint|p2a: Machamp\n|\n|-weather|RainDance|[upkeep]\n|upkeep\n|\n|t:|1700298886\n|switch|p2a: Lopunny|Lopunny, F|100\/100\n|-damage|p2a: Lopunny|88\/100|[from] Stealth Rock\n|turn|11\n|\n|t:|1700298891\n|detailschange|p2a: Lopunny|Lopunny-Mega, F\n|-mega|p2a: Lopunny|Lopunny|Lopunnite\n|move|p2a: Lopunny|Fake Out|p1a: Swampert\n|-damage|p1a: Swampert|31\/100\n|cant|p1a: Swampert|flinch\n|\n|-weather|none\n|upkeep\n|turn|12\n|\n|t:|1700298900\n|switch|p1a: Pelipper|Pelipper, M|100\/100\n|-weather|RainDance|[from] ability: Drizzle|[of] p1a: Pelipper\n|move|p2a: Lopunny|Ice Punch|p1a: Pelipper\n|-damage|p1a: Pelipper|77\/100\n|\n|-weather|RainDance|[upkeep]\n|upkeep\n|turn|13\n|\n|t:|1700298910\n|move|p2a: Lopunny|High Jump Kick|p1a: Pelipper\n|-resisted|p1a: Pelipper\n|-damage|p1a: Pelipper|48\/100\n|move|p1a: Pelipper|U-turn|p2a: Lopunny\n|-resisted|p2a: Lopunny\n|-crit|p2a: Lopunny\n|-damage|p2a: Lopunny|79\/100\n|\n|t:|1700298937\n|switch|p1a: Swampert|Swampert-Mega, M|31\/100|[from] U-turn\n|\n|-weather|RainDance|[upkeep]\n|upkeep\n|turn|14\n|\n|t:|1700298948\n|switch|p2a: Sudowoodo|Sudowoodo, M|100\/100\n|-damage|p2a: Sudowoodo|88\/100|[from] Stealth Rock\n|move|p1a: Swampert|Liquidation|p2a: Sudowoodo\n|-supereffective|p2a: Sudowoodo\n|-damage|p2a: Sudowoodo|0 fnt\n|faint|p2a: Sudowoodo\n|\n|-weather|RainDance|[upkeep]\n|upkeep\n|\n|t:|1700298955\n|switch|p2a: Lopunny|Lopunny-Mega, F|79\/100\n|-damage|p2a: Lopunny|74\/100|[from] Stealth Rock\n|turn|15\n|\n|t:|1700298962\n|switch|p1a: Barraskewda|Barraskewda, M, shiny|100\/100\n|move|p2a: Lopunny|Fake Out|p1a: Barraskewda\n|-damage|p1a: Barraskewda|57\/100\n|\n|-weather|RainDance|[upkeep]\n|upkeep\n|turn|16\n|\n|t:|1700298971\n|move|p1a: Barraskewda|Liquidation|p2a: Lopunny\n|-damage|p2a: Lopunny|0 fnt\n|faint|p2a: Lopunny\n|\n|-weather|RainDance|[upkeep]\n|upkeep\n|-message|Serena1111 forfeited.\n|\n|win|meimieya\n|raw|meimieya's rating: 1284 &rarr; <strong>1308<\/strong><br \/>(+24 for winning)\n|raw|Serena1111's rating: 1264 &rarr; <strong>1240<\/strong><br \/>(-24 for losing)\n|l|\u2606meimieya\n","uploadtime":1700298982,"views":8,"p1id":"meimieya","p2id":"serena1111","formatid":"gen9nationaldex","rating":1240,"private":0,"password":""}