{"id":"gen9nationaldex-1995175537","p1":"BoBTheFriendlyTree","p2":"Sirrawrz","format":"[Gen 9] National Dex","log":"|html|<div class=\"broadcast-blue\"><strong>[Gen 9] National Dex is currently suspecting Sneasler! For information on how to participate check out the <a href=\"https:\/\/www.smogon.com\/forums\/threads\/sv-national-dex-suspect-8-just-dance.3731534\/\">suspect thread<\/a>.<\/strong><\/div>\n|j|\u2606BoBTheFriendlyTree\n|j|\u2606Sirrawrz\n|t:|1700531046\n|gametype|singles\n|player|p1|BoBTheFriendlyTree|clair|1545\n|player|p2|Sirrawrz|emmet|1512\n|teamsize|p1|6\n|teamsize|p2|6\n|gen|9\n|tier|[Gen 9] National Dex\n|rated|\n|rule|HP Percentage Mod: HP is shown in percentages\n|rule|Endless Battle Clause: Forcing endless battles is banned\n|rule|OHKO Clause: OHKO moves are banned\n|rule|Evasion Clause: Evasion abilities, items, and moves are banned\n|rule|Evasion Abilities Clause: Evasion abilities are banned\n|rule|Evasion Items Clause: Evasion items are banned\n|rule|Evasion Moves Clause: Evasion moves are banned\n|rule|Species Clause: Limit one of each Pok\u00e9mon\n|rule|Sleep Clause Mod: Limit one foe put to sleep\n|clearpoke\n|poke|p1|Rillaboom, M|\n|poke|p1|Sandy Shocks|\n|poke|p1|Samurott-Hisui, M|\n|poke|p1|Charizard, M|\n|poke|p1|Great Tusk|\n|poke|p1|Dragonite, M|\n|poke|p2|Ninetales, M|\n|poke|p2|Venusaur, M|\n|poke|p2|Jolteon, M|\n|poke|p2|Blastoise, M|\n|poke|p2|Rhydon, M|\n|poke|p2|Scyther, M|\n|teampreview\n|inactive|Battle timer is ON: inactive players will automatically lose when time's up. (requested by BoBTheFriendlyTree)\n|c|\u2606Sirrawrz|glhf\n|inactive|BoBTheFriendlyTree has 120 seconds left.\n|\n|t:|1700531080\n|start\n|switch|p1a: Sandy Shocks|Sandy Shocks|100\/100\n|switch|p2a: Blastoise|Blastoise, M, shiny|100\/100\n|turn|1\n|\n|t:|1700531089\n|switch|p2a: Rhydon|Rhydon, M, shiny|100\/100\n|move|p1a: Sandy Shocks|Volt Switch|p2a: Rhydon\n|-ability|p2a: Rhydon|Lightning Rod|boost\n|-boost|p2a: Rhydon|spa|1\n|\n|upkeep\n|turn|2\n|\n|t:|1700531098\n|-end|p1a: Sandy Shocks|Protosynthesis|[silent]\n|switch|p1a: Rillaboom|Rillaboom, M|100\/100\n|-fieldstart|move: Grassy Terrain|[from] ability: Grassy Surge|[of] p1a: Rillaboom\n|move|p2a: Rhydon|Stealth Rock|p1a: Rillaboom\n|-sidestart|p1: BoBTheFriendlyTree|move: Stealth Rock\n|\n|upkeep\n|turn|3\n|inactive|BoBTheFriendlyTree has 120 seconds left.\n|\n|t:|1700531135\n|switch|p2a: Scyther|Scyther, M, shiny|100\/100\n|move|p1a: Rillaboom|Grassy Glide|p2a: Scyther\n|-resisted|p2a: Scyther\n|-damage|p2a: Scyther|87\/100\n|\n|upkeep\n|turn|4\n|inactive|BoBTheFriendlyTree has 120 seconds left.\n|\n|t:|1700531141\n|switch|p1a: Charizard|Charizard, M|100\/100\n|-damage|p1a: Charizard|51\/100|[from] Stealth Rock\n|move|p2a: Scyther|Dual Wingbeat|p1a: Charizard\n|-damage|p1a: Charizard|0 fnt\n|faint|p1a: Charizard\n|-hitcount|p1: Charizard|1\n|\n|upkeep\n|inactive|BoBTheFriendlyTree has 120 seconds left.\n|\n|t:|1700531156\n|switch|p1a: Great Tusk|Great Tusk|100\/100\n|-damage|p1a: Great Tusk|98\/100|[from] Stealth Rock\n|turn|5\n|\n|t:|1700531161\n|-terastallize|p2a: Scyther|Flying\n|move|p2a: Scyther|Dual Wingbeat|p1a: Great Tusk\n|-supereffective|p1a: Great Tusk\n|-damage|p1a: Great Tusk|18\/100\n|-supereffective|p1a: Great Tusk\n|-damage|p1a: Great Tusk|0 fnt\n|faint|p1a: Great Tusk\n|-end|p1a: Great Tusk|Protosynthesis|[silent]\n|-hitcount|p1: Great Tusk|2\n|\n|upkeep\n|inactive|BoBTheFriendlyTree has 120 seconds left.\n|\n|t:|1700531190\n|switch|p1a: Sandy Shocks|Sandy Shocks|100\/100\n|-damage|p1a: Sandy Shocks|94\/100|[from] Stealth Rock\n|turn|6\n|\n|t:|1700531208\n|switch|p2a: Rhydon|Rhydon, M, shiny|100\/100\n|move|p1a: Sandy Shocks|Stealth Rock|p2a: Rhydon\n|-sidestart|p2: Sirrawrz|move: Stealth Rock\n|\n|-heal|p1a: Sandy Shocks|100\/100|[from] Grassy Terrain\n|upkeep\n|turn|7\n|c|\u2606Sirrawrz|no you keep rocks\n|c|\u2606Sirrawrz|:c\n|inactive|BoBTheFriendlyTree has 90 seconds left.\n|\n|t:|1700531257\n|-end|p1a: Sandy Shocks|Protosynthesis|[silent]\n|switch|p1a: Samurott|Samurott-Hisui, M|100\/100\n|-damage|p1a: Samurott|88\/100|[from] Stealth Rock\n|move|p2a: Rhydon|Avalanche|p1a: Samurott\n|-resisted|p1a: Samurott\n|-damage|p1a: Samurott|76\/100\n|\n|-heal|p1a: Samurott|82\/100|[from] Grassy Terrain\n|upkeep\n|turn|8\n|\n|t:|1700531263\n|switch|p2a: Blastoise|Blastoise, M, shiny|100\/100\n|-damage|p2a: Blastoise|88\/100|[from] Stealth Rock\n|move|p1a: Samurott|Ceaseless Edge|p2a: Blastoise\n|-damage|p2a: Blastoise|56\/100\n|-sidestart|p2: Sirrawrz|Spikes\n|\n|-heal|p1a: Samurott|89\/100|[from] Grassy Terrain\n|-heal|p2a: Blastoise|62\/100|[from] Grassy Terrain\n|upkeep\n|turn|9\n|\n|t:|1700531265\n|move|p1a: Samurott|Ceaseless Edge|p2a: Blastoise\n|-damage|p2a: Blastoise|29\/100\n|-sidestart|p2: Sirrawrz|Spikes\n|move|p2a: Blastoise|Rapid Spin|p1a: Samurott\n|-damage|p1a: Samurott|77\/100\n|-boost|p2a: Blastoise|spe|1\n|-sideend|p2: Sirrawrz|Spikes|[from] move: Rapid Spin|[of] p2a: Blastoise\n|-sideend|p2: Sirrawrz|Stealth Rock|[from] move: Rapid Spin|[of] p2a: Blastoise\n|\n|-heal|p1a: Samurott|83\/100|[from] Grassy Terrain\n|-heal|p2a: Blastoise|35\/100|[from] Grassy Terrain\n|-fieldend|move: Grassy Terrain\n|upkeep\n|turn|10\n|\n|t:|1700531269\n|move|p1a: Samurott|Ceaseless Edge|p2a: Blastoise\n|-damage|p2a: Blastoise|2\/100\n|-sidestart|p2: Sirrawrz|Spikes\n|move|p2a: Blastoise|Body Press|p1a: Samurott\n|-supereffective|p1a: Samurott\n|-damage|p1a: Samurott|14\/100\n|\n|upkeep\n|turn|11\n|\n|t:|1700531288\n|move|p1a: Samurott|Ceaseless Edge|p2a: Blastoise\n|-damage|p2a: Blastoise|0 fnt\n|-sidestart|p2: Sirrawrz|Spikes\n|faint|p2a: Blastoise\n|\n|upkeep\n|\n|t:|1700531300\n|switch|p2a: Scyther|Scyther, M, shiny, tera:Flying|87\/100\n|turn|12\n|inactive|BoBTheFriendlyTree has 120 seconds left.\n|\n|t:|1700531306\n|move|p1a: Samurott|Ceaseless Edge|p2a: Scyther|[miss]\n|-miss|p1a: Samurott|p2a: Scyther\n|move|p2a: Scyther|U-turn|p1a: Samurott\n|-supereffective|p1a: Samurott\n|-damage|p1a: Samurott|0 fnt\n|faint|p1a: Samurott\n|\n|t:|1700531316\n|switch|p2a: Venusaur|Venusaur, M, shiny|100\/100|[from] U-turn\n|-damage|p2a: Venusaur|84\/100|[from] Spikes\n|\n|upkeep\n|\n|t:|1700531322\n|switch|p1a: Dragonite|Dragonite, M|100\/100\n|-damage|p1a: Dragonite|76\/100|[from] Stealth Rock\n|turn|13\n|\n|t:|1700531324\n|move|p1a: Dragonite|Dragon Dance|p1a: Dragonite\n|-boost|p1a: Dragonite|atk|1\n|-boost|p1a: Dragonite|spe|1\n|move|p2a: Venusaur|Sludge Bomb|p1a: Dragonite\n|-damage|p1a: Dragonite|15\/100\n|-status|p1a: Dragonite|psn\n|-damage|p2a: Venusaur|74\/100|[from] item: Life Orb\n|\n|-heal|p1a: Dragonite|21\/100 psn|[from] item: Leftovers\n|-damage|p1a: Dragonite|9\/100 psn|[from] psn\n|upkeep\n|turn|14\n|\n|t:|1700531333\n|switch|p2a: Rhydon|Rhydon, M, shiny|100\/100\n|-damage|p2a: Rhydon|84\/100|[from] Spikes\n|move|p1a: Dragonite|Fire Punch|p2a: Rhydon\n|-resisted|p2a: Rhydon\n|-damage|p2a: Rhydon|73\/100\n|-status|p2a: Rhydon|brn\n|\n|-heal|p1a: Dragonite|15\/100 psn|[from] item: Leftovers\n|-damage|p1a: Dragonite|3\/100 psn|[from] psn\n|-damage|p2a: Rhydon|67\/100 brn|[from] brn\n|upkeep\n|turn|15\n|\n|t:|1700531340\n|move|p1a: Dragonite|Earthquake|p2a: Rhydon\n|-supereffective|p2a: Rhydon\n|-damage|p2a: Rhydon|16\/100 brn\n|move|p2a: Rhydon|Avalanche|p1a: Dragonite\n|-supereffective|p1a: Dragonite\n|-damage|p1a: Dragonite|0 fnt\n|faint|p1a: Dragonite\n|\n|-damage|p2a: Rhydon|10\/100 brn|[from] brn\n|upkeep\n|inactive|BoBTheFriendlyTree has 120 seconds left.\n|\n|t:|1700531383\n|switch|p1a: Sandy Shocks|Sandy Shocks|100\/100\n|-damage|p1a: Sandy Shocks|94\/100|[from] Stealth Rock\n|turn|16\n|\n|t:|1700531396\n|move|p1a: Sandy Shocks|Earth Power|p2a: Rhydon\n|-supereffective|p2a: Rhydon\n|-damage|p2a: Rhydon|0 fnt\n|faint|p2a: Rhydon\n|\n|upkeep\n|\n|t:|1700531400\n|switch|p2a: Jolteon|Jolteon, M, shiny|100\/100\n|-damage|p2a: Jolteon|84\/100|[from] Spikes\n|turn|17\n|\n|t:|1700531402\n|move|p1a: Sandy Shocks|Earth Power|p2a: Jolteon\n|-supereffective|p2a: Jolteon\n|-damage|p2a: Jolteon|0 fnt\n|faint|p2a: Jolteon\n|\n|upkeep\n|\n|t:|1700531406\n|switch|p2a: Scyther|Scyther, M, shiny, tera:Flying|87\/100\n|turn|18\n|\n|t:|1700531410\n|-end|p1a: Sandy Shocks|Protosynthesis|[silent]\n|switch|p1a: Rillaboom|Rillaboom, M|100\/100\n|-damage|p1a: Rillaboom|88\/100|[from] Stealth Rock\n|-fieldstart|move: Grassy Terrain|[from] ability: Grassy Surge|[of] p1a: Rillaboom\n|move|p2a: Scyther|U-turn|p1a: Rillaboom\n|-supereffective|p1a: Rillaboom\n|-damage|p1a: Rillaboom|0 fnt\n|faint|p1a: Rillaboom\n|\n|t:|1700531418\n|switch|p2a: Ninetales|Ninetales, M, shiny|100\/100|[from] U-turn\n|-damage|p2a: Ninetales|84\/100|[from] Spikes\n|-weather|SunnyDay|[from] ability: Drought|[of] p2a: Ninetales\n|\n|-weather|SunnyDay|[upkeep]\n|-heal|p2a: Ninetales|90\/100|[from] Grassy Terrain\n|upkeep\n|\n|t:|1700531436\n|switch|p1a: Sandy Shocks|Sandy Shocks|94\/100\n|-damage|p1a: Sandy Shocks|88\/100|[from] Stealth Rock\n|-activate|p1a: Sandy Shocks|ability: Protosynthesis\n|-start|p1a: Sandy Shocks|protosynthesisspa\n|turn|19\n|\n|t:|1700531450\n|move|p1a: Sandy Shocks|Power Gem|p2a: Ninetales\n|-supereffective|p2a: Ninetales\n|-damage|p2a: Ninetales|4\/100\n|move|p2a: Ninetales|Weather Ball|p1a: Sandy Shocks\n|-damage|p1a: Sandy Shocks|17\/100\n|\n|-weather|SunnyDay|[upkeep]\n|-heal|p1a: Sandy Shocks|23\/100|[from] Grassy Terrain\n|-heal|p2a: Ninetales|10\/100|[from] Grassy Terrain\n|upkeep\n|turn|20\n|\n|t:|1700531461\n|move|p1a: Sandy Shocks|Power Gem|p2a: Ninetales\n|-supereffective|p2a: Ninetales\n|-damage|p2a: Ninetales|0 fnt\n|faint|p2a: Ninetales\n|\n|-weather|SunnyDay|[upkeep]\n|-heal|p1a: Sandy Shocks|29\/100|[from] Grassy Terrain\n|upkeep\n|\n|t:|1700531464\n|switch|p2a: Venusaur|Venusaur, M, shiny|74\/100\n|-damage|p2a: Venusaur|57\/100|[from] Spikes\n|turn|21\n|\n|t:|1700531468\n|move|p2a: Venusaur|Weather Ball|p1a: Sandy Shocks\n|-damage|p1a: Sandy Shocks|0 fnt\n|faint|p1a: Sandy Shocks\n|-end|p1a: Sandy Shocks|Protosynthesis|[silent]\n|-damage|p2a: Venusaur|48\/100|[from] item: Life Orb\n|\n|win|Sirrawrz\n|raw|BoBTheFriendlyTree's rating: 1545 &rarr; <strong>1523<\/strong><br \/>(-22 for losing)\n|raw|Sirrawrz's rating: 1512 &rarr; <strong>1534<\/strong><br \/>(+22 for winning)\n|c|\u2606Sirrawrz|gg neat team never see shocks!\n","uploadtime":1700531483,"views":1,"p1id":"bobthefriendlytree","p2id":"sirrawrz","formatid":"gen9nationaldex","rating":1523,"private":0,"password":""}