{"id":"gen9nationaldex-1988931138","p1":"jzhuc1841","p2":"Aminegeo\u82cd\u708e\u5203\u9b3c","format":"[Gen 9] National Dex","log":"|j|\u2606jzhuc1841\n|j|\u2606Aminegeo\u82cd\u708e\u5203\u9b3c\n|t:|1699789971\n|gametype|singles\n|player|p1|jzhuc1841|hilbert-wonderlauncher|\n|player|p2|Aminegeo\u82cd\u708e\u5203\u9b3c|bugsy|\n|teamsize|p1|6\n|teamsize|p2|6\n|gen|9\n|tier|[Gen 9] National Dex\n|rule|HP Percentage Mod: HP is shown in percentages\n|rule|Endless Battle Clause: Forcing endless battles is banned\n|rule|OHKO Clause: OHKO moves are banned\n|rule|Evasion Clause: Evasion abilities, items, and moves are banned\n|rule|Evasion Abilities Clause: Evasion abilities are banned\n|rule|Evasion Items Clause: Evasion items are banned\n|rule|Evasion Moves Clause: Evasion moves are banned\n|rule|Species Clause: Limit one of each Pok\u00e9mon\n|rule|Sleep Clause Mod: Limit one foe put to sleep\n|clearpoke\n|poke|p1|Moltres|\n|poke|p1|Banette, F|\n|poke|p1|Sneasler, M|\n|poke|p1|Garchomp, M|\n|poke|p1|Bisharp, M|\n|poke|p1|Dragonite, M|\n|poke|p2|Banette, F|\n|poke|p2|Bronzong|\n|poke|p2|Rillaboom, F|\n|poke|p2|Ceruledge, M|\n|poke|p2|Slowbro-Galar, M|\n|poke|p2|Dedenne, F|\n|teampreview\n|c|\u2606jzhuc1841|\u5636\n|c|\u2606jzhuc1841|\u901f\u51fb\u5427\n|c|\u2606jzhuc1841|\u5e78\u597dnd\u628a\u5148\u5236\u4e4b\u722abanl\n|c|\u2606jzhuc1841|ban\u4e86\n|\n|t:|1699790017\n|start\n|switch|p1a: Sneasler|Sneasler, M|100\/100\n|switch|p2a: Slowbro|Slowbro-Galar, M|100\/100\n|turn|1\n|c|\u2606Aminegeo\u82cd\u708e\u5203\u9b3c|\u6ca1\u5b8c\u5168ban\n|\n|t:|1699790024\n|move|p1a: Sneasler|U-turn|p2a: Slowbro\n|-damage|p2a: Slowbro|78\/100\n|\n|t:|1699790028\n|switch|p1a: Bisharp|Bisharp, M|100\/100|[from] U-turn\n|move|p2a: Slowbro|Trick Room|p2a: Slowbro\n|-fieldstart|move: Trick Room|[of] p2a: Slowbro\n|\n|-heal|p2a: Slowbro|84\/100|[from] item: Black Sludge\n|upkeep\n|turn|2\n|\n|t:|1699790036\n|move|p2a: Slowbro|Yawn|p1a: Bisharp\n|-start|p1a: Bisharp|move: Yawn|[of] p2a: Slowbro\n|move|p1a: Bisharp|Swords Dance|p1a: Bisharp\n|-boost|p1a: Bisharp|atk|2\n|\n|-heal|p2a: Slowbro|91\/100|[from] item: Black Sludge\n|upkeep\n|turn|3\n|\n|t:|1699790048\n|switch|p2a: Ceruledge|Ceruledge, M, shiny|100\/100\n|switch|p1a: Banette|Banette, F|100\/100\n|\n|upkeep\n|turn|4\n|\n|t:|1699790055\n|detailschange|p1a: Banette|Banette-Mega, F\n|-mega|p1a: Banette|Banette|Banettite\n|-terastallize|p2a: Ceruledge|Water\n|move|p1a: Banette|Destiny Bond|p1a: Banette\n|-singlemove|p1a: Banette|Destiny Bond\n|move|p2a: Ceruledge|Poltergeist|p1a: Banette|[miss]\n|-miss|p2a: Ceruledge|p1a: Banette\n|\n|upkeep\n|turn|5\n|\n|t:|1699790064\n|move|p1a: Banette|Poltergeist|p2a: Ceruledge\n|-activate|p2a: Ceruledge|move: Poltergeist|Assault Vest\n|-crit|p2a: Ceruledge\n|-damage|p2a: Ceruledge|0 fnt\n|faint|p2a: Ceruledge\n|\n|-fieldend|move: Trick Room\n|upkeep\n|\n|t:|1699790069\n|switch|p2a: Banette|Banette, F|100\/100\n|turn|6\n|c|\u2606jzhuc1841|\u5c31\u4f60\u4f1a\u7075\u9a9a\u554a\n|\n|t:|1699790082\n|detailschange|p2a: Banette|Banette-Mega, F\n|-mega|p2a: Banette|Banette|Banettite\n|move|p1a: Banette|Destiny Bond|p1a: Banette\n|-singlemove|p1a: Banette|Destiny Bond\n|move|p2a: Banette|Poltergeist|p1a: Banette\n|-activate|p1a: Banette|move: Poltergeist|Banettite\n|-supereffective|p1a: Banette\n|-damage|p1a: Banette|0 fnt\n|faint|p1a: Banette\n|-activate|p1a: Banette|move: Destiny Bond\n|faint|p2a: Banette\n|\n|upkeep\n|\n|t:|1699790097\n|switch|p1a: Sneasler|Sneasler, M|100\/100\n|switch|p2a: Rillaboom|Rillaboom, F|100\/100\n|-fieldstart|move: Grassy Terrain|[from] ability: Grassy Surge|[of] p2a: Rillaboom\n|-enditem|p2a: Rillaboom|Grassy Seed\n|-boost|p2a: Rillaboom|def|1|[from] item: Grassy Seed\n|turn|7\n|\n|t:|1699790101\n|move|p2a: Rillaboom|Fake Out|p1a: Sneasler\n|-damage|p1a: Sneasler|77\/100\n|cant|p1a: Sneasler|flinch\n|\n|-heal|p1a: Sneasler|83\/100|[from] Grassy Terrain\n|upkeep\n|turn|8\n|\n|t:|1699790142\n|move|p1a: Sneasler|U-turn|p2a: Rillaboom\n|-supereffective|p2a: Rillaboom\n|-damage|p2a: Rillaboom|62\/100\n|\n|t:|1699790147\n|switch|p1a: Moltres|Moltres|100\/100|[from] U-turn\n|move|p2a: Rillaboom|Earthquake|p1a: Moltres\n|-immune|p1a: Moltres\n|\n|-heal|p2a: Rillaboom|68\/100|[from] Grassy Terrain\n|upkeep\n|turn|9\n|\n|t:|1699790156\n|switch|p2a: Slowbro|Slowbro-Galar, M|91\/100\n|move|p1a: Moltres|Flamethrower|p2a: Slowbro\n|-damage|p2a: Slowbro|46\/100\n|\n|-heal|p2a: Slowbro|53\/100|[from] Grassy Terrain\n|-heal|p2a: Slowbro|59\/100|[from] item: Black Sludge\n|upkeep\n|turn|10\n|\n|t:|1699790165\n|move|p1a: Moltres|U-turn|p2a: Slowbro\n|-damage|p2a: Slowbro|46\/100\n|\n|t:|1699790168\n|switch|p1a: Bisharp|Bisharp, M|100\/100|[from] U-turn\n|move|p2a: Slowbro|Yawn|p1a: Bisharp\n|-start|p1a: Bisharp|move: Yawn|[of] p2a: Slowbro\n|\n|-heal|p2a: Slowbro|53\/100|[from] Grassy Terrain\n|-heal|p2a: Slowbro|59\/100|[from] item: Black Sludge\n|upkeep\n|turn|11\n|\n|t:|1699790177\n|switch|p1a: Dragonite|Dragonite, M|100\/100\n|move|p2a: Slowbro|Slack Off|p2a: Slowbro\n|-heal|p2a: Slowbro|100\/100\n|\n|-fieldend|move: Grassy Terrain\n|upkeep\n|turn|12\n|-activate|p2a: Slowbro|ability: Quick Draw\n|\n|t:|1699790274\n|move|p2a: Slowbro|Sludge Bomb|p1a: Dragonite\n|-damage|p1a: Dragonite|82\/100\n|move|p1a: Dragonite|Earthquake|p2a: Slowbro\n|-supereffective|p2a: Slowbro\n|-damage|p2a: Slowbro|42\/100\n|\n|-heal|p2a: Slowbro|48\/100|[from] item: Black Sludge\n|upkeep\n|turn|13\n|\n|t:|1699790282\n|move|p1a: Dragonite|Earthquake|p2a: Slowbro\n|-supereffective|p2a: Slowbro\n|-crit|p2a: Slowbro\n|-damage|p2a: Slowbro|0 fnt\n|faint|p2a: Slowbro\n|\n|upkeep\n|\n|t:|1699790286\n|switch|p2a: Bronzong|Bronzong|100\/100\n|turn|14\n|\n|t:|1699790291\n|switch|p1a: Bisharp|Bisharp, M|100\/100\n|move|p2a: Bronzong|Trick|p1a: Bisharp\n|-activate|p2a: Bronzong|move: Trick|[of] p1a: Bisharp\n|-item|p1a: Bisharp|Choice Scarf|[from] move: Trick\n|-item|p2a: Bronzong|Eviolite|[from] move: Trick\n|\n|upkeep\n|turn|15\n|\n|t:|1699790299\n|switch|p2a: Dedenne|Dedenne, F|100\/100\n|move|p1a: Bisharp|Knock Off|p2a: Dedenne\n|-resisted|p2a: Dedenne\n|-damage|p2a: Dedenne|57\/100\n|-enditem|p2a: Dedenne|Sitrus Berry|[from] move: Knock Off|[of] p1a: Bisharp\n|\n|upkeep\n|turn|16\n|\n|t:|1699790307\n|switch|p1a: Garchomp|Garchomp, M|100\/100\n|move|p2a: Dedenne|Thunderbolt|p1a: Garchomp\n|-immune|p1a: Garchomp\n|\n|upkeep\n|turn|17\n|\n|t:|1699790314\n|move|p1a: Garchomp|Earthquake|p2a: Dedenne\n|-supereffective|p2a: Dedenne\n|-damage|p2a: Dedenne|0 fnt\n|faint|p2a: Dedenne\n|\n|upkeep\n|-message|Aminegeo\u82cd\u708e\u5203\u9b3c forfeited.\n|\n|win|jzhuc1841\n|l|\u2606Aminegeo\u82cd\u708e\u5203\u9b3c\n","uploadtime":1699790324,"views":6,"p1id":"jzhuc1841","p2id":"aminegeo","formatid":"gen9nationaldex","rating":0,"private":0,"password":""}