{"id":"gen9nationaldex-1987822449","p1":"verlisifyunbound","p2":"Koolwraith","format":"[Gen 9] National Dex","log":"|j|\u2606verlisifyunbound\n|j|\u2606Koolwraith\n|t:|1699640048\n|gametype|singles\n|player|p1|verlisifyunbound|n|1213\n|player|p2|Koolwraith|karen|1279\n|teamsize|p1|6\n|teamsize|p2|6\n|gen|9\n|tier|[Gen 9] National Dex\n|rated|\n|rule|HP Percentage Mod: HP is shown in percentages\n|rule|Endless Battle Clause: Forcing endless battles is banned\n|rule|OHKO Clause: OHKO moves are banned\n|rule|Evasion Clause: Evasion abilities, items, and moves are banned\n|rule|Evasion Abilities Clause: Evasion abilities are banned\n|rule|Evasion Items Clause: Evasion items are banned\n|rule|Evasion Moves Clause: Evasion moves are banned\n|rule|Species Clause: Limit one of each Pok\u00e9mon\n|rule|Sleep Clause Mod: Limit one foe put to sleep\n|clearpoke\n|poke|p1|Octillery, F|\n|poke|p1|Tapu Koko|\n|poke|p1|Vanilluxe, M|\n|poke|p1|Great Tusk|\n|poke|p1|Aegislash, M|\n|poke|p1|Kyurem|\n|poke|p2|Galvantula, F|\n|poke|p2|Breloom, M|\n|poke|p2|Togekiss, F|\n|poke|p2|Porygon2|\n|poke|p2|Gyarados, F|\n|poke|p2|Mew|\n|teampreview\n|inactive|Battle timer is ON: inactive players will automatically lose when time's up. (requested by Koolwraith)\n|\n|t:|1699640088\n|start\n|switch|p1a: Tapu Koko|Tapu Koko|100\/100\n|switch|p2a: Porygon2|Porygon2|100\/100\n|-fieldstart|move: Electric Terrain|[from] ability: Electric Surge|[of] p1a: Tapu Koko\n|turn|1\n|\n|t:|1699640094\n|move|p1a: Tapu Koko|Taunt|p2a: Porygon2\n|-start|p2a: Porygon2|move: Taunt\n|move|p2a: Porygon2|Tri Attack|p1a: Tapu Koko\n|-damage|p1a: Tapu Koko|36\/100\n|\n|-heal|p1a: Tapu Koko|42\/100|[from] item: Leftovers\n|upkeep\n|turn|2\n|\n|t:|1699640101\n|move|p1a: Tapu Koko|U-turn|p2a: Porygon2\n|-damage|p2a: Porygon2|89\/100\n|\n|t:|1699640110\n|switch|p1a: Aegislash|Aegislash, M|100\/100|[from] U-turn\n|-item|p1a: Aegislash|Air Balloon\n|move|p2a: Porygon2|Tri Attack|p1a: Aegislash\n|-immune|p1a: Aegislash\n|\n|upkeep\n|turn|3\n|\n|t:|1699640131\n|move|p2a: Porygon2|Ice Beam|p1a: Aegislash\n|-resisted|p1a: Aegislash\n|-damage|p1a: Aegislash|88\/100\n|-enditem|p1a: Aegislash|Air Balloon\n|-formechange|p1a: Aegislash|Aegislash-Blade||[from] ability: Stance Change\n|move|p1a: Aegislash|Sacred Sword|p2a: Porygon2\n|-supereffective|p2a: Porygon2\n|-damage|p2a: Porygon2|41\/100\n|\n|-end|p2a: Porygon2|move: Taunt\n|upkeep\n|turn|4\n|\n|t:|1699640151\n|move|p2a: Porygon2|Shadow Ball|p1a: Aegislash\n|-supereffective|p1a: Aegislash\n|-damage|p1a: Aegislash|0 fnt\n|faint|p1a: Aegislash\n|\n|upkeep\n|inactive|verlisifyunbound has 120 seconds left.\n|\n|t:|1699640171\n|switch|p1a: Tapu Koko|Tapu Koko|42\/100\n|turn|5\n|\n|t:|1699640181\n|-terastallize|p1a: Tapu Koko|Electric\n|move|p1a: Tapu Koko|Thunderbolt|p2a: Porygon2\n|-damage|p2a: Porygon2|11\/100\n|move|p2a: Porygon2|Recover|p2a: Porygon2\n|-heal|p2a: Porygon2|61\/100\n|\n|-heal|p1a: Tapu Koko|48\/100|[from] item: Leftovers\n|-fieldend|move: Electric Terrain\n|upkeep\n|turn|6\n|inactive|verlisifyunbound has 120 seconds left.\n|\n|t:|1699640192\n|move|p1a: Tapu Koko|Taunt|p2a: Porygon2\n|-start|p2a: Porygon2|move: Taunt\n|move|p2a: Porygon2|Tri Attack|p1a: Tapu Koko\n|-damage|p1a: Tapu Koko|0 fnt\n|faint|p1a: Tapu Koko\n|\n|upkeep\n|\n|t:|1699640199\n|switch|p1a: Kyurem|Kyurem|100\/100\n|-ability|p1a: Kyurem|Pressure\n|turn|7\n|\n|t:|1699640203\n|move|p1a: Kyurem|Dragon Dance|p1a: Kyurem\n|-boost|p1a: Kyurem|atk|1\n|-boost|p1a: Kyurem|spe|1\n|move|p2a: Porygon2|Tri Attack|p1a: Kyurem\n|-damage|p1a: Kyurem|43\/100\n|\n|upkeep\n|turn|8\n|\n|t:|1699640211\n|move|p1a: Kyurem|Icicle Spear|p2a: Porygon2\n|-damage|p2a: Porygon2|43\/100\n|-damage|p2a: Porygon2|26\/100\n|-hitcount|p2a: Porygon2|2\n|-damage|p1a: Kyurem|33\/100|[from] item: Life Orb\n|move|p2a: Porygon2|Tri Attack|p1a: Kyurem\n|-damage|p1a: Kyurem|0 fnt\n|faint|p1a: Kyurem\n|\n|-end|p2a: Porygon2|move: Taunt\n|upkeep\n|-message|verlisifyunbound forfeited.\n|\n|win|Koolwraith\n|raw|verlisifyunbound's rating: 1213 &rarr; <strong>1193<\/strong><br \/>(-20 for losing)\n|raw|Koolwraith's rating: 1279 &rarr; <strong>1299<\/strong><br \/>(+20 for winning)\n|l|\u2606verlisifyunbound\n","uploadtime":1699640226,"views":4,"p1id":"verlisifyunbound","p2id":"koolwraith","formatid":"gen9nationaldex","rating":1193,"private":0,"password":""}