{"id":"gen9nationaldex-1993072391","p1":"zsennas","p2":"Zaynzito","format":"[Gen 9] National Dex","log":"|j|\u2606zsennas\n|j|\u2606Zaynzito\n|t:|1700261602\n|gametype|singles\n|player|p1|zsennas|chili|\n|player|p2|Zaynzito|hugh|\n|teamsize|p1|6\n|teamsize|p2|6\n|gen|9\n|tier|[Gen 9] National Dex\n|rule|HP Percentage Mod: HP is shown in percentages\n|rule|Endless Battle Clause: Forcing endless battles is banned\n|rule|OHKO Clause: OHKO moves are banned\n|rule|Evasion Clause: Evasion abilities, items, and moves are banned\n|rule|Evasion Abilities Clause: Evasion abilities are banned\n|rule|Evasion Items Clause: Evasion items are banned\n|rule|Evasion Moves Clause: Evasion moves are banned\n|rule|Species Clause: Limit one of each Pok\u00e9mon\n|rule|Sleep Clause Mod: Limit one foe put to sleep\n|clearpoke\n|poke|p1|Pichu, L15, M|\n|poke|p1|Zorua-Hisui, L15, M|\n|poke|p1|Rockruff, L15, M|\n|poke|p1|Growlithe, L15, M|\n|poke|p1|Squirtle, L15, M|\n|poke|p1|Butterfree, L15, F|\n|poke|p2|Machop, L15, F|\n|poke|p2|Mankey, L15, M|\n|poke|p2|Makuhita, L15, F|\n|poke|p2|Stufful, L15, F|\n|poke|p2|Timburr, L15, M|\n|poke|p2|Crabrawler, L17, F|\n|teampreview\n|\n|t:|1700261621\n|start\n|switch|p1a: Lino|Pichu, L15, M|100\/100\n|switch|p2a: Makuhita|Makuhita, L15, F|100\/100\n|turn|1\n|\n|t:|1700261630\n|move|p1a: Lino|Fake Out|p2a: Makuhita\n|-damage|p2a: Makuhita|84\/100\n|cant|p2a: Makuhita|flinch\n|\n|-status|p2a: Makuhita|brn|[from] item: Flame Orb\n|upkeep\n|turn|2\n|\n|t:|1700261637\n|move|p1a: Lino|Volt Tackle|p2a: Makuhita\n|-damage|p2a: Makuhita|17\/100 brn\n|-damage|p1a: Lino|65\/100|[from] Recoil\n|move|p2a: Makuhita|Drain Punch|p1a: Lino\n|-crit|p1a: Lino\n|-damage|p1a: Lino|0 fnt\n|-heal|p2a: Makuhita|37\/100 brn|[from] drain|[of] p1a: Lino\n|faint|p1a: Lino\n|\n|-damage|p2a: Makuhita|32\/100 brn|[from] brn\n|upkeep\n|\n|t:|1700261647\n|switch|p1a: Jotap\u00ea|Squirtle, L15, M|100\/100\n|turn|3\n|\n|t:|1700261653\n|move|p1a: Jotap\u00ea|Fake Out|p2a: Makuhita\n|-damage|p2a: Makuhita|15\/100 brn\n|cant|p2a: Makuhita|flinch\n|\n|-damage|p2a: Makuhita|10\/100 brn|[from] brn\n|upkeep\n|turn|4\n|\n|t:|1700261657\n|move|p1a: Jotap\u00ea|Aqua Jet|p2a: Makuhita\n|-damage|p2a: Makuhita|0 fnt\n|faint|p2a: Makuhita\n|\n|upkeep\n|\n|t:|1700261669\n|switch|p2a: Stufful|Stufful, L15, F|100\/100\n|turn|5\n|\n|t:|1700261679\n|switch|p1a: Zuluz\u00e3o|Growlithe, L15, M|100\/100\n|move|p2a: Stufful|Bulk Up|p2a: Stufful\n|-boost|p2a: Stufful|atk|1\n|-boost|p2a: Stufful|def|1\n|\n|upkeep\n|turn|6\n|\n|t:|1700261695\n|move|p1a: Zuluz\u00e3o|Will-O-Wisp|p2a: Stufful\n|-status|p2a: Stufful|brn\n|move|p2a: Stufful|Rock Slide|p1a: Zuluz\u00e3o\n|-damage|p1a: Zuluz\u00e3o|73\/100\n|replace|p1a: Nic\u00e3o|Zorua-Hisui, L15, M\n|-end|p1a: Nic\u00e3o|Illusion\n|\n|-damage|p2a: Stufful|95\/100 brn|[from] brn\n|upkeep\n|turn|7\n|\n|t:|1700261709\n|switch|p1a: Jotap\u00ea|Squirtle, L15, M|100\/100\n|move|p2a: Stufful|Bulk Up|p2a: Stufful\n|-boost|p2a: Stufful|atk|1\n|-boost|p2a: Stufful|def|1\n|\n|-damage|p2a: Stufful|90\/100 brn|[from] brn\n|upkeep\n|turn|8\n|\n|t:|1700261716\n|move|p1a: Jotap\u00ea|Fake Out|p2a: Stufful\n|-damage|p2a: Stufful|89\/100 brn\n|cant|p2a: Stufful|flinch\n|\n|-damage|p2a: Stufful|84\/100 brn|[from] brn\n|upkeep\n|turn|9\n|\n|t:|1700261720\n|move|p1a: Jotap\u00ea|Waterfall|p2a: Stufful\n|-damage|p2a: Stufful|78\/100 brn\n|move|p2a: Stufful|Bulk Up|p2a: Stufful\n|-boost|p2a: Stufful|atk|1\n|-boost|p2a: Stufful|def|1\n|\n|-damage|p2a: Stufful|73\/100 brn|[from] brn\n|upkeep\n|turn|10\n|\n|t:|1700261725\n|switch|p1a: Maria|Butterfree, L15, F|100\/100\n|move|p2a: Stufful|Bulk Up|p2a: Stufful\n|-boost|p2a: Stufful|atk|1\n|-boost|p2a: Stufful|def|1\n|\n|-damage|p2a: Stufful|68\/100 brn|[from] brn\n|upkeep\n|turn|11\n|\n|t:|1700261730\n|move|p1a: Maria|Air Slash|p2a: Stufful\n|-supereffective|p2a: Stufful\n|-damage|p2a: Stufful|0 fnt\n|faint|p2a: Stufful\n|\n|upkeep\n|\n|t:|1700261743\n|switch|p2a: Machop|Machop, L15, F|100\/100\n|turn|12\n|\n|t:|1700261759\n|move|p2a: Machop|Ice Punch|p1a: Maria\n|-supereffective|p1a: Maria\n|-damage|p1a: Maria|11\/100\n|move|p1a: Maria|Sleep Powder|p2a: Machop\n|-status|p2a: Machop|slp|[from] move: Sleep Powder\n|\n|upkeep\n|turn|13\n|\n|t:|1700261765\n|cant|p2a: Machop|slp\n|move|p1a: Maria|Quiver Dance|p1a: Maria\n|-boost|p1a: Maria|spa|1\n|-boost|p1a: Maria|spd|1\n|-boost|p1a: Maria|spe|1\n|\n|upkeep\n|turn|14\n|\n|t:|1700261769\n|move|p1a: Maria|Quiver Dance|p1a: Maria\n|-boost|p1a: Maria|spa|1\n|-boost|p1a: Maria|spd|1\n|-boost|p1a: Maria|spe|1\n|cant|p2a: Machop|slp\n|\n|upkeep\n|turn|15\n|\n|t:|1700261774\n|move|p1a: Maria|Air Slash|p2a: Machop\n|-supereffective|p2a: Machop\n|-crit|p2a: Machop\n|-damage|p2a: Machop|0 fnt\n|faint|p2a: Machop\n|\n|upkeep\n|\n|t:|1700261778\n|switch|p2a: Mankey|Mankey, L15, M|100\/100\n|turn|16\n|\n|t:|1700261782\n|move|p1a: Maria|Air Slash|p2a: Mankey\n|-supereffective|p2a: Mankey\n|-enditem|p2a: Mankey|Focus Sash\n|-damage|p2a: Mankey|3\/100\n|move|p2a: Mankey|Gunk Shot|p1a: Maria\n|-damage|p1a: Maria|0 fnt\n|faint|p1a: Maria\n|\n|upkeep\n|\n|t:|1700261793\n|switch|p1a: Jotap\u00ea|Squirtle, L15, M|100\/100\n|turn|17\n|l|\u2606zsennas\n|player|p1|\n|\n|t:|1700261800\n|switch|p2a: Timburr|Timburr, L15, M|100\/100\n|move|p1a: Jotap\u00ea|Fake Out|p2a: Timburr\n|-damage|p2a: Timburr|89\/100\n|\n|upkeep\n|turn|18\n|j|\u2606zsennas\n|player|p1|zsennas|chili\n|\n|t:|1700261854\n|move|p1a: Jotap\u00ea|Waterfall|p2a: Timburr\n|-damage|p2a: Timburr|55\/100\n|move|p2a: Timburr|Poison Jab|p1a: Jotap\u00ea\n|-damage|p1a: Jotap\u00ea|74\/100\n|\n|upkeep\n|turn|19\n|\n|t:|1700261897\n|move|p1a: Jotap\u00ea|Waterfall|p2a: Timburr\n|-damage|p2a: Timburr|25\/100\n|move|p2a: Timburr|Poison Jab|p1a: Jotap\u00ea\n|-damage|p1a: Jotap\u00ea|46\/100\n|\n|upkeep\n|turn|20\n|l|\u2606zsennas\n|player|p1|\n|j|\u2606zsennas\n|player|p1|zsennas|chili\n|\n|t:|1700261996\n|move|p1a: Jotap\u00ea|Waterfall|p2a: Timburr\n|-damage|p2a: Timburr|0 fnt\n|faint|p2a: Timburr\n|\n|upkeep\n|\n|t:|1700262041\n|switch|p2a: Crabrawler|Crabrawler, L17, F|100\/100\n|turn|21\n|\n|t:|1700262053\n|move|p2a: Crabrawler|Gunk Shot|p1a: Jotap\u00ea\n|-damage|p1a: Jotap\u00ea|9\/100\n|move|p1a: Jotap\u00ea|Waterfall|p2a: Crabrawler\n|-damage|p2a: Crabrawler|50\/100\n|\n|upkeep\n|turn|22\n|\n|t:|1700262057\n|move|p2a: Crabrawler|Gunk Shot|p1a: Jotap\u00ea\n|-damage|p1a: Jotap\u00ea|0 fnt\n|faint|p1a: Jotap\u00ea\n|\n|upkeep\n|\n|t:|1700262078\n|switch|p1a: Zuluz\u00e3o|Growlithe, L15, M|100\/100\n|-ability|p1a: Zuluz\u00e3o|Intimidate|boost\n|-unboost|p2a: Crabrawler|atk|1\n|turn|23\n|\n|t:|1700262085\n|switch|p2a: Mankey|Mankey, L15, M|3\/100\n|move|p1a: Zuluz\u00e3o|Flare Blitz|p2a: Mankey\n|-damage|p2a: Mankey|0 fnt\n|faint|p2a: Mankey\n|-damage|p1a: Zuluz\u00e3o|98\/100|[from] Recoil\n|\n|upkeep\n|\n|t:|1700262090\n|switch|p2a: Crabrawler|Crabrawler, L17, F|50\/100\n|turn|24\n|\n|t:|1700262094\n|-zpower|p2a: Crabrawler\n|move|p2a: Crabrawler|All-Out Pummeling|p1a: Zuluz\u00e3o|[zeffect]\n|-damage|p1a: Zuluz\u00e3o|19\/100\n|move|p1a: Zuluz\u00e3o|Flare Blitz|p2a: Crabrawler\n|-damage|p2a: Crabrawler|0 fnt\n|faint|p2a: Crabrawler\n|-damage|p1a: Zuluz\u00e3o|3\/100|[from] Recoil\n|\n|win|zsennas\n|l|\u2606zsennas\n|j|\u2606zsennas\n|player|p1|zsennas|chili\n","uploadtime":1700262125,"views":16,"p1id":"zsennas","p2id":"zaynzito","formatid":"gen9nationaldex","rating":0,"private":0,"password":""}