{"id":"gen9nationaldex-1989489226","p1":"ZywiecZdrojZero","p2":"Applejuicebruh","format":"[Gen 9] National Dex","log":"|j|\u2606ZywiecZdrojZero\n|j|\u2606Applejuicebruh\n|t:|1699859184\n|gametype|singles\n|player|p1|ZywiecZdrojZero|pokemaniac|1070\n|player|p2|Applejuicebruh|crasherwake|1105\n|teamsize|p1|6\n|teamsize|p2|6\n|gen|9\n|tier|[Gen 9] National Dex\n|rated|\n|rule|HP Percentage Mod: HP is shown in percentages\n|rule|Endless Battle Clause: Forcing endless battles is banned\n|rule|OHKO Clause: OHKO moves are banned\n|rule|Evasion Clause: Evasion abilities, items, and moves are banned\n|rule|Evasion Abilities Clause: Evasion abilities are banned\n|rule|Evasion Items Clause: Evasion items are banned\n|rule|Evasion Moves Clause: Evasion moves are banned\n|rule|Species Clause: Limit one of each Pok\u00e9mon\n|rule|Sleep Clause Mod: Limit one foe put to sleep\n|clearpoke\n|poke|p1|Greninja-*, M|\n|poke|p1|Pelipper, F|\n|poke|p1|Zapdos|\n|poke|p1|Sneasler, M|\n|poke|p1|Hitmonlee, M|\n|poke|p1|Iron Valiant|\n|poke|p2|Shuckle, M|\n|poke|p2|Beedrill, M|\n|poke|p2|Victini|\n|poke|p2|Togekiss, M|\n|poke|p2|Hawlucha, M|\n|poke|p2|Feraligatr, M|\n|teampreview\n|\n|t:|1699859194\n|start\n|switch|p1a: Sneasler|Sneasler, M|100\/100\n|switch|p2a: Rey Mysterio|Hawlucha, M, shiny|100\/100\n|turn|1\n|\n|t:|1699859198\n|move|p1a: Sneasler|Fake Out|p2a: Rey Mysterio\n|-damage|p2a: Rey Mysterio|81\/100\n|cant|p2a: Rey Mysterio|flinch\n|\n|upkeep\n|turn|2\n|\n|t:|1699859207\n|-zpower|p1a: Sneasler\n|move|p1a: Sneasler|All-Out Pummeling|p2a: Rey Mysterio|[zeffect]\n|-resisted|p2a: Rey Mysterio\n|-crit|p2a: Rey Mysterio\n|-damage|p2a: Rey Mysterio|0 fnt\n|faint|p2a: Rey Mysterio\n|\n|upkeep\n|\n|t:|1699859215\n|switch|p2a: No onions pls|Beedrill, M, shiny|100\/100\n|turn|3\n|\n|t:|1699859222\n|switch|p1a: Pelipper|Pelipper, F|100\/100\n|-weather|RainDance|[from] ability: Drizzle|[of] p1a: Pelipper\n|move|p2a: No onions pls|Fell Stinger|p1a: Pelipper\n|-resisted|p1a: Pelipper\n|-damage|p1a: Pelipper|92\/100\n|\n|-weather|RainDance|[upkeep]\n|-heal|p1a: Pelipper|98\/100|[from] item: Leftovers\n|upkeep\n|turn|4\n|\n|t:|1699859233\n|detailschange|p2a: No onions pls|Beedrill-Mega, M, shiny\n|-mega|p2a: No onions pls|Beedrill|Beedrillite\n|move|p2a: No onions pls|Poison Jab|p1a: Pelipper\n|-damage|p1a: Pelipper|44\/100\n|move|p1a: Pelipper|Hurricane|p2a: No onions pls\n|-supereffective|p2a: No onions pls\n|-damage|p2a: No onions pls|0 fnt\n|faint|p2a: No onions pls\n|\n|-weather|RainDance|[upkeep]\n|-heal|p1a: Pelipper|50\/100|[from] item: Leftovers\n|upkeep\n|\n|t:|1699859243\n|switch|p2a: greg|Shuckle, M, shiny|100\/100\n|turn|5\n|\n|t:|1699859257\n|switch|p1a: Hitmonlee|Hitmonlee, M|100\/100\n|move|p2a: greg|Stealth Rock|p1a: Hitmonlee\n|-sidestart|p1: ZywiecZdrojZero|move: Stealth Rock\n|\n|-weather|RainDance|[upkeep]\n|upkeep\n|turn|6\n|\n|t:|1699859262\n|move|p1a: Hitmonlee|Bullet Punch|p2a: greg\n|-supereffective|p2a: greg\n|-damage|p2a: greg|84\/100\n|-enditem|p2a: greg|Red Card|[of] p1a: Hitmonlee\n|drag|p1a: Greninja|Greninja, M|100\/100\n|-damage|p1a: Greninja|88\/100|[from] Stealth Rock\n|move|p2a: greg|Toxic|p1a: Greninja\n|-status|p1a: Greninja|tox\n|\n|-weather|RainDance|[upkeep]\n|-damage|p1a: Greninja|82\/100 tox|[from] psn\n|upkeep\n|turn|7\n|\n|t:|1699859274\n|-terastallize|p2a: greg|Bug\n|move|p1a: Greninja|Water Shuriken|p2a: greg\n|-damage|p2a: greg|76\/100\n|-damage|p2a: greg|68\/100\n|-hitcount|p2a: greg|2\n|move|p2a: greg|Shell Smash|p2a: greg\n|-boost|p2a: greg|def|1\n|-boost|p2a: greg|spd|1\n|-unboost|p2a: greg|atk|2\n|-unboost|p2a: greg|spa|2\n|-unboost|p2a: greg|spe|2\n|\n|-weather|none\n|-damage|p1a: Greninja|70\/100 tox|[from] psn\n|upkeep\n|turn|8\n|\n|t:|1699859291\n|switch|p1a: Hitmonlee|Hitmonlee, M|100\/100\n|-damage|p1a: Hitmonlee|94\/100|[from] Stealth Rock\n|move|p2a: greg|Sticky Web|p1a: Hitmonlee\n|-sidestart|p1: ZywiecZdrojZero|move: Sticky Web\n|\n|upkeep\n|turn|9\n|\n|t:|1699859297\n|move|p1a: Hitmonlee|High Jump Kick|p2a: greg|[miss]\n|-miss|p1a: Hitmonlee|p2a: greg\n|-damage|p1a: Hitmonlee|44\/100|[from] highjumpkick\n|move|p2a: greg|Toxic|p1a: Hitmonlee\n|-status|p1a: Hitmonlee|tox\n|\n|-damage|p1a: Hitmonlee|38\/100 tox|[from] psn\n|upkeep\n|turn|10\n|\n|t:|1699859309\n|move|p1a: Hitmonlee|Bullet Punch|p2a: greg\n|-damage|p2a: greg|62\/100\n|move|p2a: greg|Shell Smash|p2a: greg\n|-boost|p2a: greg|def|1\n|-boost|p2a: greg|spd|1\n|-unboost|p2a: greg|atk|2\n|-unboost|p2a: greg|spa|2\n|-unboost|p2a: greg|spe|2\n|\n|-damage|p1a: Hitmonlee|26\/100 tox|[from] psn\n|upkeep\n|turn|11\n|-message|ZywiecZdrojZero forfeited.\n|\n|win|Applejuicebruh\n|raw|ZywiecZdrojZero's rating: 1070 &rarr; <strong>1052<\/strong><br \/>(-18 for losing)\n|raw|Applejuicebruh's rating: 1105 &rarr; <strong>1127<\/strong><br \/>(+22 for winning)\n|l|\u2606ZywiecZdrojZero\n","uploadtime":1699859327,"views":5,"p1id":"zywieczdrojzero","p2id":"applejuicebruh","formatid":"gen9nationaldex","rating":1052,"private":0,"password":""}