{"id":"gen9nationaldex-1998884186","p1":"lucky1111","p2":"Under031","format":"[Gen 9] National Dex","log":"|html|<div class=\"broadcast-blue\"><strong>[Gen 9] National Dex is currently suspecting Sneasler! For information on how to participate check out the <a href=\"https:\/\/www.smogon.com\/forums\/threads\/sv-national-dex-suspect-8-just-dance.3731534\/\">suspect thread<\/a>.<\/strong><\/div>\n|j|\u2606lucky1111\n|j|\u2606Under031\n|t:|1701008347\n|gametype|singles\n|player|p1|lucky1111|dawn|1200\n|player|p2|Under031|clemont|1121\n|teamsize|p1|6\n|teamsize|p2|6\n|gen|9\n|tier|[Gen 9] National Dex\n|rated|\n|rule|HP Percentage Mod: HP is shown in percentages\n|rule|Endless Battle Clause: Forcing endless battles is banned\n|rule|OHKO Clause: OHKO moves are banned\n|rule|Evasion Clause: Evasion abilities, items, and moves are banned\n|rule|Evasion Abilities Clause: Evasion abilities are banned\n|rule|Evasion Items Clause: Evasion items are banned\n|rule|Evasion Moves Clause: Evasion moves are banned\n|rule|Species Clause: Limit one of each Pok\u00e9mon\n|rule|Sleep Clause Mod: Limit one foe put to sleep\n|clearpoke\n|poke|p1|Pelipper, F|\n|poke|p1|Swampert, F|\n|poke|p1|Landorus-Therian, M|\n|poke|p1|Zapdos|\n|poke|p1|Basculegion, M|\n|poke|p1|Ferrothorn, F|\n|poke|p2|Primarina, F|\n|poke|p2|Kommo-o, M|\n|poke|p2|Ninetales-Alola, F|\n|poke|p2|Scizor, F|\n|poke|p2|Samurott-Hisui, F|\n|poke|p2|Furret, F|\n|teampreview\n|inactive|Battle timer is ON: inactive players will automatically lose when time's up. (requested by Under031)\n|\n|t:|1701008358\n|start\n|switch|p1a: Basculegion|Basculegion, M|100\/100\n|switch|p2a: Velkhana|Ninetales-Alola, F|100\/100\n|-weather|Snow|[from] ability: Snow Warning|[of] p2a: Velkhana\n|turn|1\n|\n|t:|1701008366\n|switch|p1a: \u53e4\u6708\u9e1f|Pelipper, F|100\/100\n|-weather|RainDance|[from] ability: Drizzle|[of] p1a: \u53e4\u6708\u9e1f\n|move|p2a: Velkhana|Aurora Veil||[still]\n|-fail|p2a: Velkhana\n|\n|-weather|RainDance|[upkeep]\n|upkeep\n|turn|2\n|\n|t:|1701008382\n|move|p2a: Velkhana|Moonblast|p1a: \u53e4\u6708\u9e1f\n|-damage|p1a: \u53e4\u6708\u9e1f|61\/100\n|-unboost|p1a: \u53e4\u6708\u9e1f|spa|1\n|move|p1a: \u53e4\u6708\u9e1f|Scald|p2a: Velkhana\n|-damage|p2a: Velkhana|59\/100\n|-status|p2a: Velkhana|brn\n|\n|-weather|RainDance|[upkeep]\n|-damage|p2a: Velkhana|53\/100 brn|[from] brn\n|upkeep\n|turn|3\n|\n|t:|1701008396\n|move|p2a: Velkhana|Moonblast|p1a: \u53e4\u6708\u9e1f\n|-damage|p1a: \u53e4\u6708\u9e1f|24\/100\n|move|p1a: \u53e4\u6708\u9e1f|U-turn|p2a: Velkhana\n|-resisted|p2a: Velkhana\n|-damage|p2a: Velkhana|48\/100 brn\n|\n|t:|1701008405\n|switch|p1a: Basculegion|Basculegion, M|100\/100|[from] U-turn\n|\n|-weather|RainDance|[upkeep]\n|-damage|p2a: Velkhana|42\/100 brn|[from] brn\n|upkeep\n|turn|4\n|\n|t:|1701008419\n|switch|p2a: Kulve Taroth|Kommo-o, M|100\/100\n|-terastallize|p1a: Basculegion|Water\n|move|p1a: Basculegion|Wave Crash|p2a: Kulve Taroth\n|-resisted|p2a: Kulve Taroth\n|-damage|p2a: Kulve Taroth|32\/100\n|-enditem|p2a: Kulve Taroth|Sitrus Berry|[eat]\n|-heal|p2a: Kulve Taroth|57\/100|[from] item: Sitrus Berry\n|-damage|p1a: Basculegion|81\/100|[from] Recoil\n|\n|-weather|RainDance|[upkeep]\n|upkeep\n|turn|5\n|\n|t:|1701008440\n|move|p1a: Basculegion|Wave Crash|p2a: Kulve Taroth\n|-resisted|p2a: Kulve Taroth\n|-damage|p2a: Kulve Taroth|0 fnt\n|faint|p2a: Kulve Taroth\n|-damage|p1a: Basculegion|65\/100|[from] Recoil\n|\n|-weather|RainDance|[upkeep]\n|upkeep\n|\n|t:|1701008443\n|switch|p2a: Velkhana|Ninetales-Alola, F|42\/100 brn\n|-weather|Snow|[from] ability: Snow Warning|[of] p2a: Velkhana\n|turn|6\n|\n|t:|1701008451\n|switch|p1a: \u53e4\u6708\u9e1f|Pelipper, F|24\/100\n|-weather|RainDance|[from] ability: Drizzle|[of] p1a: \u53e4\u6708\u9e1f\n|move|p2a: Velkhana|Moonblast|p1a: \u53e4\u6708\u9e1f\n|-damage|p1a: \u53e4\u6708\u9e1f|0 fnt\n|faint|p1a: \u53e4\u6708\u9e1f\n|\n|-weather|RainDance|[upkeep]\n|-damage|p2a: Velkhana|36\/100 brn|[from] brn\n|upkeep\n|\n|t:|1701008464\n|switch|p1a: Basculegion|Basculegion, M, tera:Water|65\/100\n|turn|7\n|\n|t:|1701008476\n|switch|p2a: Nergigante|Scizor, F|100\/100\n|move|p1a: Basculegion|Wave Crash|p2a: Nergigante\n|-damage|p2a: Nergigante|0 fnt\n|faint|p2a: Nergigante\n|-damage|p1a: Basculegion|40\/100|[from] Recoil\n|\n|-weather|RainDance|[upkeep]\n|upkeep\n|\n|t:|1701008480\n|switch|p2a: Velkhana|Ninetales-Alola, F|36\/100 brn\n|-weather|Snow|[from] ability: Snow Warning|[of] p2a: Velkhana\n|turn|8\n|\n|t:|1701008489\n|move|p2a: Velkhana|Aurora Veil|p2a: Velkhana\n|-sidestart|p2: Under031|move: Aurora Veil\n|move|p1a: Basculegion|Wave Crash|p2a: Velkhana\n|-crit|p2a: Velkhana\n|-damage|p2a: Velkhana|0 fnt\n|faint|p2a: Velkhana\n|-damage|p1a: Basculegion|31\/100|[from] Recoil\n|\n|-weather|Snow|[upkeep]\n|upkeep\n|\n|t:|1701008503\n|switch|p2a: Fatalis|Furret, F, shiny|100\/100\n|-item|p1a: Basculegion|Choice Band|[from] ability: Frisk|[of] p2a: Fatalis|[identify]\n|turn|9\n|\n|t:|1701008512\n|move|p2a: Fatalis|Tidy Up|p2a: Fatalis\n|-boost|p2a: Fatalis|atk|1\n|-boost|p2a: Fatalis|spe|1\n|move|p1a: Basculegion|Wave Crash|p2a: Fatalis\n|-damage|p2a: Fatalis|7\/100\n|-damage|p1a: Basculegion|6\/100|[from] Recoil\n|\n|-weather|Snow|[upkeep]\n|upkeep\n|turn|10\n|\n|t:|1701008521\n|move|p2a: Fatalis|Thunder Punch|p1a: Basculegion\n|-supereffective|p1a: Basculegion\n|-damage|p1a: Basculegion|0 fnt\n|faint|p1a: Basculegion\n|\n|-weather|Snow|[upkeep]\n|upkeep\n|\n|t:|1701008529\n|switch|p1a: \u571f\u732b|Landorus-Therian, M|100\/100\n|-ability|p1a: \u571f\u732b|Intimidate|boost\n|-unboost|p2a: Fatalis|atk|1\n|turn|11\n|\n|t:|1701008536\n|move|p2a: Fatalis|Ice Punch|p1a: \u571f\u732b\n|-supereffective|p1a: \u571f\u732b\n|-damage|p1a: \u571f\u732b|22\/100\n|move|p1a: \u571f\u732b|U-turn|p2a: Fatalis\n|-damage|p2a: Fatalis|0 fnt\n|faint|p2a: Fatalis\n|\n|t:|1701008543\n|switch|p1a: Ferrothorn|Ferrothorn, F|100\/100|[from] U-turn\n|\n|-weather|Snow|[upkeep]\n|upkeep\n|\n|t:|1701008547\n|switch|p2a: Makili Pietru|Samurott-Hisui, F|100\/100\n|turn|12\n|\n|t:|1701008552\n|move|p2a: Makili Pietru|Sacred Sword|p1a: Ferrothorn\n|-supereffective|p1a: Ferrothorn\n|-damage|p1a: Ferrothorn|38\/100\n|-damage|p2a: Makili Pietru|88\/100|[from] ability: Iron Barbs|[of] p1a: Ferrothorn\n|move|p1a: Ferrothorn|Leech Seed|p2a: Makili Pietru\n|-start|p2a: Makili Pietru|move: Leech Seed\n|\n|-weather|none\n|-heal|p1a: Ferrothorn|44\/100|[from] item: Leftovers\n|-damage|p2a: Makili Pietru|76\/100|[from] Leech Seed|[of] p1a: Ferrothorn\n|-heal|p1a: Ferrothorn|58\/100|[silent]\n|upkeep\n|turn|13\n|\n|t:|1701008563\n|move|p1a: Ferrothorn|Protect|p1a: Ferrothorn\n|-singleturn|p1a: Ferrothorn|Protect\n|move|p2a: Makili Pietru|Sacred Sword|p1a: Ferrothorn\n|-activate|p1a: Ferrothorn|move: Protect\n|\n|-heal|p1a: Ferrothorn|64\/100|[from] item: Leftovers\n|-damage|p2a: Makili Pietru|63\/100|[from] Leech Seed|[of] p1a: Ferrothorn\n|-heal|p1a: Ferrothorn|78\/100|[silent]\n|upkeep\n|turn|14\n|\n|t:|1701008577\n|switch|p1a: \u571f\u732b|Landorus-Therian, M|22\/100\n|-ability|p1a: \u571f\u732b|Intimidate|boost\n|-unboost|p2a: Makili Pietru|atk|1\n|move|p2a: Makili Pietru|Sacred Sword|p1a: \u571f\u732b\n|-resisted|p1a: \u571f\u732b\n|-damage|p1a: \u571f\u732b|4\/100\n|\n|-damage|p2a: Makili Pietru|51\/100|[from] Leech Seed|[of] p1a: \u571f\u732b\n|-heal|p1a: \u571f\u732b|16\/100|[silent]\n|upkeep\n|turn|15\n|\n|t:|1701008598\n|switch|p1a: \u95ea\u7535\u4fa0|Zapdos|100\/100\n|move|p2a: Makili Pietru|Sacred Sword|p1a: \u95ea\u7535\u4fa0\n|-resisted|p1a: \u95ea\u7535\u4fa0\n|-damage|p1a: \u95ea\u7535\u4fa0|81\/100\n|\n|-damage|p2a: Makili Pietru|38\/100|[from] Leech Seed|[of] p1a: \u95ea\u7535\u4fa0\n|-heal|p1a: \u95ea\u7535\u4fa0|93\/100|[silent]\n|-sideend|p2: Under031|move: Aurora Veil\n|upkeep\n|turn|16\n|c|\u2606Under031|kill me. do it.\n|\n|t:|1701008614\n|switch|p1a: \u6cbc\u8dc3\u9c7c|Swampert, F|100\/100\n|move|p2a: Makili Pietru|Sacred Sword|p1a: \u6cbc\u8dc3\u9c7c\n|-damage|p1a: \u6cbc\u8dc3\u9c7c|67\/100\n|\n|-damage|p2a: Makili Pietru|26\/100|[from] Leech Seed|[of] p1a: \u6cbc\u8dc3\u9c7c\n|-heal|p1a: \u6cbc\u8dc3\u9c7c|79\/100|[silent]\n|upkeep\n|turn|17\n|\n|t:|1701008628\n|detailschange|p1a: \u6cbc\u8dc3\u9c7c|Swampert-Mega, F\n|-mega|p1a: \u6cbc\u8dc3\u9c7c|Swampert|Swampertite\n|move|p2a: Makili Pietru|Sacred Sword|p1a: \u6cbc\u8dc3\u9c7c\n|-damage|p1a: \u6cbc\u8dc3\u9c7c|51\/100\n|move|p1a: \u6cbc\u8dc3\u9c7c|Flip Turn|p2a: Makili Pietru\n|-resisted|p2a: Makili Pietru\n|-damage|p2a: Makili Pietru|5\/100\n|\n|t:|1701008636\n|switch|p1a: Ferrothorn|Ferrothorn, F|78\/100|[from] Flip Turn\n|\n|-heal|p1a: Ferrothorn|84\/100|[from] item: Leftovers\n|-damage|p2a: Makili Pietru|0 fnt|[from] Leech Seed|[of] p1a: Ferrothorn\n|-heal|p1a: Ferrothorn|88\/100|[silent]\n|faint|p2a: Makili Pietru\n|upkeep\n|\n|t:|1701008651\n|switch|p2a: Lunastra|Primarina, F|100\/100\n|turn|18\n|\n|t:|1701008658\n|move|p2a: Lunastra|Shadow Ball|p1a: Ferrothorn\n|-damage|p1a: Ferrothorn|64\/100\n|move|p1a: Ferrothorn|Leech Seed|p2a: Lunastra\n|-start|p2a: Lunastra|move: Leech Seed\n|\n|-heal|p1a: Ferrothorn|70\/100|[from] item: Leftovers\n|-damage|p2a: Lunastra|88\/100|[from] Leech Seed|[of] p1a: Ferrothorn\n|-heal|p1a: Ferrothorn|83\/100|[silent]\n|upkeep\n|turn|19\n|\n|t:|1701008668\n|move|p2a: Lunastra|Shadow Ball|p1a: Ferrothorn\n|-damage|p1a: Ferrothorn|59\/100\n|move|p1a: Ferrothorn|Iron Defense|p1a: Ferrothorn\n|-boost|p1a: Ferrothorn|def|2\n|\n|-heal|p1a: Ferrothorn|65\/100|[from] item: Leftovers\n|-damage|p2a: Lunastra|76\/100|[from] Leech Seed|[of] p1a: Ferrothorn\n|-heal|p1a: Ferrothorn|78\/100|[silent]\n|upkeep\n|turn|20\n|-message|Under031 forfeited.\n|\n|win|lucky1111\n|raw|lucky1111's rating: 1200 &rarr; <strong>1219<\/strong><br \/>(+19 for winning)\n|raw|Under031's rating: 1121 &rarr; <strong>1102<\/strong><br \/>(-19 for losing)\n|l|\u2606Under031\n","uploadtime":1701008684,"views":2,"p1id":"lucky1111","p2id":"under031","formatid":"gen9nationaldex","rating":1102,"private":0,"password":""}