{"id":"gen9nationaldex-1994118807","p1":"Poopoo2","p2":"cutesheep","format":"[Gen 9] National Dex","log":"|j|\u2606Poopoo2\n|j|\u2606cutesheep\n|t:|1700409094\n|gametype|singles\n|player|p1|Poopoo2|unknown|1323\n|player|p2|cutesheep|102|1317\n|teamsize|p1|6\n|teamsize|p2|6\n|gen|9\n|tier|[Gen 9] National Dex\n|rated|\n|rule|HP Percentage Mod: HP is shown in percentages\n|rule|Endless Battle Clause: Forcing endless battles is banned\n|rule|OHKO Clause: OHKO moves are banned\n|rule|Evasion Clause: Evasion abilities, items, and moves are banned\n|rule|Evasion Abilities Clause: Evasion abilities are banned\n|rule|Evasion Items Clause: Evasion items are banned\n|rule|Evasion Moves Clause: Evasion moves are banned\n|rule|Species Clause: Limit one of each Pok\u00e9mon\n|rule|Sleep Clause Mod: Limit one foe put to sleep\n|clearpoke\n|poke|p1|Glaceon, F|\n|poke|p1|Beautifly, M|\n|poke|p1|Lilligant-Hisui, F|\n|poke|p1|Lumineon, F|\n|poke|p1|Zoroark-Hisui, F|\n|poke|p1|Goodra-Hisui, F|\n|poke|p2|Pelipper, M|\n|poke|p2|Floatzel, M|\n|poke|p2|Ferrothorn, F|\n|poke|p2|Zapdos|\n|poke|p2|Swampert, F|\n|poke|p2|Tapu Lele|\n|teampreview\n|inactive|Battle timer is ON: inactive players will automatically lose when time's up. (requested by cutesheep)\n|\n|t:|1700409112\n|start\n|switch|p1a: Goodra|Goodra-Hisui, F|100\/100\n|switch|p2a: Pelipper|Pelipper, M|100\/100\n|-weather|RainDance|[from] ability: Drizzle|[of] p2a: Pelipper\n|turn|1\n|\n|t:|1700409131\n|switch|p2a: Swampert|Swampert, F|100\/100\n|move|p1a: Goodra|Flamethrower|p2a: Swampert\n|-resisted|p2a: Swampert\n|-damage|p2a: Swampert|93\/100\n|\n|-weather|RainDance|[upkeep]\n|upkeep\n|turn|2\n|\n|t:|1700409140\n|detailschange|p2a: Swampert|Swampert-Mega, F\n|-mega|p2a: Swampert|Swampert|Swampertite\n|-terastallize|p1a: Goodra|Flying\n|move|p2a: Swampert|Earthquake|p1a: Goodra\n|-immune|p1a: Goodra\n|move|p1a: Goodra|Draco Meteor|p2a: Swampert|[miss]\n|-miss|p1a: Goodra|p2a: Swampert\n|\n|-weather|RainDance|[upkeep]\n|upkeep\n|turn|3\n|\n|t:|1700409147\n|move|p2a: Swampert|Liquidation|p1a: Goodra\n|-damage|p1a: Goodra|34\/100\n|move|p1a: Goodra|Draco Meteor|p2a: Swampert\n|-damage|p2a: Swampert|35\/100\n|-unboost|p1a: Goodra|spa|2\n|\n|-weather|RainDance|[upkeep]\n|upkeep\n|turn|4\n|\n|t:|1700409153\n|switch|p1a: Lumineon|Lumineon, F|100\/100\n|move|p2a: Swampert|Flip Turn|p1a: Lumineon\n|-ability|p1a: Lumineon|Storm Drain|boost\n|-boost|p1a: Lumineon|spa|1\n|\n|-weather|RainDance|[upkeep]\n|upkeep\n|turn|5\n|\n|t:|1700409163\n|switch|p2a: Ferrothorn|Ferrothorn, F|100\/100\n|move|p1a: Lumineon|Scald|p2a: Ferrothorn\n|-resisted|p2a: Ferrothorn\n|-damage|p2a: Ferrothorn|84\/100\n|\n|-weather|RainDance|[upkeep]\n|-heal|p2a: Ferrothorn|90\/100|[from] item: Leftovers\n|upkeep\n|turn|6\n|\n|t:|1700409174\n|move|p1a: Lumineon|Scald|p2a: Ferrothorn\n|-resisted|p2a: Ferrothorn\n|-crit|p2a: Ferrothorn\n|-damage|p2a: Ferrothorn|64\/100\n|-status|p2a: Ferrothorn|brn\n|move|p2a: Ferrothorn|Stealth Rock|p1a: Lumineon\n|-sidestart|p1: Poopoo2|move: Stealth Rock\n|\n|-weather|RainDance|[upkeep]\n|-heal|p2a: Ferrothorn|71\/100 brn|[from] item: Leftovers\n|-damage|p2a: Ferrothorn|64\/100 brn|[from] brn\n|upkeep\n|turn|7\n|\n|t:|1700409177\n|move|p1a: Lumineon|Defog|p2a: Ferrothorn\n|-unboost|p2a: Ferrothorn|evasion|1\n|-sideend|p1: Poopoo2|Stealth Rock|[from] move: Defog|[of] p1a: Lumineon\n|move|p2a: Ferrothorn|Leech Seed|p1a: Lumineon\n|-start|p1a: Lumineon|move: Leech Seed\n|\n|-weather|RainDance|[upkeep]\n|-heal|p2a: Ferrothorn|71\/100 brn|[from] item: Leftovers\n|-damage|p1a: Lumineon|88\/100|[from] Leech Seed|[of] p2a: Ferrothorn\n|-heal|p2a: Ferrothorn|83\/100 brn|[silent]\n|-damage|p2a: Ferrothorn|76\/100 brn|[from] brn\n|upkeep\n|turn|8\n|\n|t:|1700409185\n|switch|p1a: Lilligant|Lilligant-Hisui, F|100\/100\n|move|p2a: Ferrothorn|Stealth Rock|p1a: Lilligant\n|-sidestart|p1: Poopoo2|move: Stealth Rock\n|\n|-weather|none\n|-heal|p2a: Ferrothorn|83\/100 brn|[from] item: Leftovers\n|-damage|p2a: Ferrothorn|76\/100 brn|[from] brn\n|upkeep\n|turn|9\n|\n|t:|1700409199\n|switch|p2a: Pelipper|Pelipper, M|100\/100\n|-weather|RainDance|[from] ability: Drizzle|[of] p2a: Pelipper\n|move|p1a: Lilligant|Victory Dance|p1a: Lilligant\n|-boost|p1a: Lilligant|atk|1\n|-boost|p1a: Lilligant|def|1\n|-boost|p1a: Lilligant|spe|1\n|\n|-weather|RainDance|[upkeep]\n|upkeep\n|turn|10\n|\n|t:|1700409207\n|move|p1a: Lilligant|Leaf Blade|p2a: Pelipper|[miss]\n|-miss|p1a: Lilligant|p2a: Pelipper\n|move|p2a: Pelipper|U-turn|p1a: Lilligant\n|-damage|p1a: Lilligant|92\/100\n|\n|t:|1700409216\n|switch|p2a: Zapdos|Zapdos|100\/100|[from] U-turn\n|\n|-weather|RainDance|[upkeep]\n|upkeep\n|turn|11\n|\n|t:|1700409222\n|move|p1a: Lilligant|Ice Spinner|p2a: Zapdos\n|-supereffective|p2a: Zapdos\n|-damage|p2a: Zapdos|0 fnt\n|faint|p2a: Zapdos\n|\n|-weather|RainDance|[upkeep]\n|upkeep\n|\n|t:|1700409235\n|switch|p2a: Floatzel|Floatzel, M|100\/100\n|turn|12\n|\n|t:|1700409249\n|-terastallize|p2a: Floatzel|Water\n|move|p2a: Floatzel|Wave Crash|p1a: Lilligant\n|-resisted|p1a: Lilligant\n|-damage|p1a: Lilligant|0 fnt\n|faint|p1a: Lilligant\n|-damage|p2a: Floatzel|73\/100|[from] Recoil\n|\n|-weather|RainDance|[upkeep]\n|upkeep\n|\n|t:|1700409254\n|switch|p1a: Lumineon|Lumineon, F|88\/100\n|-damage|p1a: Lumineon|76\/100|[from] Stealth Rock\n|turn|13\n|\n|t:|1700409274\n|switch|p2a: Tapu Lele|Tapu Lele|100\/100\n|-fieldstart|move: Psychic Terrain|[from] ability: Psychic Surge|[of] p2a: Tapu Lele\n|move|p1a: Lumineon|Defog|p2a: Tapu Lele\n|-unboost|p2a: Tapu Lele|evasion|1\n|-sideend|p1: Poopoo2|Stealth Rock|[from] move: Defog|[of] p1a: Lumineon\n|-fieldend|move: Psychic Terrain\n|\n|-weather|RainDance|[upkeep]\n|-heal|p1a: Lumineon|82\/100|[from] item: Leftovers\n|upkeep\n|turn|14\n|\n|t:|1700409287\n|switch|p1a: Goodra|Goodra-Hisui, F, tera:Flying|34\/100\n|move|p2a: Tapu Lele|Calm Mind|p2a: Tapu Lele\n|-boost|p2a: Tapu Lele|spa|1\n|-boost|p2a: Tapu Lele|spd|1\n|\n|-weather|RainDance|[upkeep]\n|upkeep\n|turn|15\n|\n|t:|1700409303\n|move|p2a: Tapu Lele|Psychic|p1a: Goodra\n|-damage|p1a: Goodra|0 fnt\n|faint|p1a: Goodra\n|\n|-weather|RainDance|[upkeep]\n|upkeep\n|\n|t:|1700409320\n|switch|p1a: Glaceon|Glaceon, F|100\/100\n|turn|16\n|l|\u2606cutesheep\n|inactive|cutesheep disconnected and has a minute to reconnect!\n|player|p2|\n|j|\u2606cutesheep\n|inactive|cutesheep reconnected and has 110 seconds left.\n|player|p2|cutesheep|102\n|\n|t:|1700409362\n|move|p1a: Glaceon|Shadow Ball|p2a: Tapu Lele\n|-supereffective|p2a: Tapu Lele\n|-damage|p2a: Tapu Lele|39\/100\n|-zpower|p2a: Tapu Lele\n|move|p2a: Tapu Lele|All-Out Pummeling|p1a: Glaceon|[zeffect]\n|-immune|p1a: Glaceon\n|\n|-weather|none\n|upkeep\n|turn|17\n|inactive|cutesheep has 90 seconds left.\n|\n|t:|1700409389\n|switch|p2a: Pelipper|Pelipper, M|100\/100\n|-weather|RainDance|[from] ability: Drizzle|[of] p2a: Pelipper\n|move|p1a: Glaceon|Shadow Ball|p2a: Pelipper\n|-damage|p2a: Pelipper|48\/100\n|\n|-weather|RainDance|[upkeep]\n|upkeep\n|turn|18\n|inactive|cutesheep has 90 seconds left.\n|\n|t:|1700409401\n|move|p1a: Glaceon|Shadow Ball|p2a: Pelipper\n|-damage|p2a: Pelipper|0 fnt\n|faint|p2a: Pelipper\n|\n|-weather|RainDance|[upkeep]\n|upkeep\n|inactive|cutesheep has 90 seconds left.\n|\n|t:|1700409407\n|switch|p2a: Swampert|Swampert-Mega, F|35\/100\n|turn|19\n|\n|t:|1700409412\n|switch|p1a: Beautifly|Beautifly, M, shiny|100\/100\n|move|p2a: Swampert|Earthquake|p1a: Beautifly\n|-immune|p1a: Beautifly\n|\n|-weather|RainDance|[upkeep]\n|upkeep\n|turn|20\n|\n|t:|1700409418\n|move|p2a: Swampert|Liquidation|p1a: Beautifly\n|-enditem|p1a: Beautifly|Focus Sash\n|-damage|p1a: Beautifly|1\/100\n|move|p1a: Beautifly|Bug Buzz|p2a: Swampert\n|-damage|p2a: Swampert|0 fnt\n|faint|p2a: Swampert\n|\n|-weather|RainDance|[upkeep]\n|upkeep\n|inactive|cutesheep has 90 seconds left.\n|\n|t:|1700409445\n|switch|p2a: Tapu Lele|Tapu Lele|39\/100\n|-fieldstart|move: Psychic Terrain|[from] ability: Psychic Surge|[of] p2a: Tapu Lele\n|turn|21\n|inactive|cutesheep has 90 seconds left.\n|\n|t:|1700409455\n|move|p2a: Tapu Lele|Psychic|p1a: Beautifly\n|-damage|p1a: Beautifly|0 fnt\n|faint|p1a: Beautifly\n|\n|-weather|RainDance|[upkeep]\n|upkeep\n|\n|t:|1700409457\n|switch|p1a: Glaceon|Glaceon, F|100\/100\n|turn|22\n|\n|t:|1700409463\n|switch|p2a: Ferrothorn|Ferrothorn, F|76\/100 brn\n|move|p1a: Glaceon|Shadow Ball|p2a: Ferrothorn\n|-damage|p2a: Ferrothorn|48\/100 brn\n|\n|-weather|RainDance|[upkeep]\n|-heal|p2a: Ferrothorn|54\/100 brn|[from] item: Leftovers\n|-damage|p2a: Ferrothorn|48\/100 brn|[from] brn\n|upkeep\n|turn|23\n|inactive|cutesheep has 90 seconds left.\n|\n|t:|1700409506\n|move|p1a: Glaceon|Shadow Ball|p2a: Ferrothorn\n|-damage|p2a: Ferrothorn|19\/100 brn\n|-unboost|p2a: Ferrothorn|spd|1\n|move|p2a: Ferrothorn|Leech Seed|p1a: Glaceon\n|-start|p1a: Glaceon|move: Leech Seed\n|\n|-weather|RainDance|[upkeep]\n|-heal|p2a: Ferrothorn|25\/100 brn|[from] item: Leftovers\n|-damage|p1a: Glaceon|88\/100|[from] Leech Seed|[of] p2a: Ferrothorn\n|-heal|p2a: Ferrothorn|34\/100 brn|[silent]\n|-damage|p2a: Ferrothorn|27\/100 brn|[from] brn\n|upkeep\n|turn|24\n|inactive|cutesheep has 60 seconds left.\n|-message|cutesheep forfeited.\n|\n|win|Poopoo2\n|raw|Poopoo2's rating: 1323 &rarr; <strong>1343<\/strong><br \/>(+20 for winning)\n|raw|cutesheep's rating: 1317 &rarr; <strong>1297<\/strong><br \/>(-20 for losing)\n|l|\u2606cutesheep\n","uploadtime":1700409549,"views":6,"p1id":"poopoo2","p2id":"cutesheep","formatid":"gen9nationaldex","rating":1297,"private":0,"password":""}