{"id":"gen9nationaldex-1999638523","p1":"huge almond nips","p2":"Vvbttij","format":"[Gen 9] National Dex","log":"|html|<div class=\"broadcast-blue\"><strong>[Gen 9] National Dex is currently suspecting Sneasler! For information on how to participate check out the <a href=\"https:\/\/www.smogon.com\/forums\/threads\/sv-national-dex-suspect-8-just-dance.3731534\/\">suspect thread<\/a>.<\/strong><\/div>\n|j|\u2606huge almond nips\n|j|\u2606Vvbttij\n|t:|1701103520\n|gametype|singles\n|player|p1|huge almond nips|theroyal|1049\n|player|p2|Vvbttij|red|1108\n|teamsize|p1|6\n|teamsize|p2|6\n|gen|9\n|tier|[Gen 9] National Dex\n|rated|\n|rule|HP Percentage Mod: HP is shown in percentages\n|rule|Endless Battle Clause: Forcing endless battles is banned\n|rule|OHKO Clause: OHKO moves are banned\n|rule|Evasion Clause: Evasion abilities, items, and moves are banned\n|rule|Evasion Abilities Clause: Evasion abilities are banned\n|rule|Evasion Items Clause: Evasion items are banned\n|rule|Evasion Moves Clause: Evasion moves are banned\n|rule|Species Clause: Limit one of each Pok\u00e9mon\n|rule|Sleep Clause Mod: Limit one foe put to sleep\n|clearpoke\n|poke|p1|Banette, M|\n|poke|p1|Pelipper, F|\n|poke|p1|Armaldo, M|\n|poke|p1|Tapu Koko|\n|poke|p1|Iron Jugulis|\n|poke|p1|Ribombee, F|\n|poke|p2|Charizard, M|\n|poke|p2|Blastoise, M|\n|poke|p2|Venusaur, F|\n|poke|p2|Snorlax, F|\n|poke|p2|Lapras, F|\n|poke|p2|Pikachu, F|\n|teampreview\n|inactive|Battle timer is ON: inactive players will automatically lose when time's up. (requested by huge almond nips)\n|\n|t:|1701103527\n|start\n|switch|p1a: Ribombee|Ribombee, F, shiny|100\/100\n|switch|p2a: Charizard|Charizard, M|100\/100\n|turn|1\n|\n|t:|1701103532\n|move|p1a: Ribombee|Sticky Web|p2a: Charizard\n|-sidestart|p2: Vvbttij|move: Sticky Web\n|move|p2a: Charizard|Belly Drum|p2a: Charizard\n|-damage|p2a: Charizard|50\/100\n|-setboost|p2a: Charizard|atk|6|[from] move: Belly Drum\n|\n|upkeep\n|turn|2\n|\n|t:|1701103536\n|move|p1a: Ribombee|Toxic|p2a: Charizard\n|-status|p2a: Charizard|tox\n|move|p2a: Charizard|Dual Wingbeat|p1a: Ribombee\n|-supereffective|p1a: Ribombee\n|-enditem|p1a: Ribombee|Focus Sash\n|-damage|p1a: Ribombee|1\/100\n|-supereffective|p1a: Ribombee\n|-damage|p1a: Ribombee|0 fnt\n|faint|p1a: Ribombee\n|-hitcount|p1: Ribombee|2\n|\n|-damage|p2a: Charizard|44\/100 tox|[from] psn\n|upkeep\n|\n|t:|1701103543\n|switch|p1a: Pelipper|Pelipper, F, shiny|100\/100\n|-weather|RainDance|[from] ability: Drizzle|[of] p1a: Pelipper\n|turn|3\n|\n|t:|1701103550\n|move|p2a: Charizard|Dual Wingbeat|p1a: Pelipper\n|-damage|p1a: Pelipper|55\/100\n|-damage|p1a: Pelipper|5\/100\n|-hitcount|p1a: Pelipper|2\n|move|p1a: Pelipper|Scald|p2a: Charizard\n|-supereffective|p2a: Charizard\n|-damage|p2a: Charizard|0 fnt\n|faint|p2a: Charizard\n|\n|-weather|RainDance|[upkeep]\n|upkeep\n|\n|t:|1701103555\n|switch|p2a: Lapras|Lapras, F|100\/100\n|-activate|p2a: Lapras|move: Sticky Web\n|-unboost|p2a: Lapras|spe|1\n|turn|4\n|\n|t:|1701103558\n|move|p1a: Pelipper|U-turn|p2a: Lapras\n|-damage|p2a: Lapras|92\/100\n|\n|t:|1701103560\n|switch|p1a: Tapu Koko|Tapu Koko|100\/100|[from] U-turn\n|-fieldstart|move: Electric Terrain|[from] ability: Electric Surge|[of] p1a: Tapu Koko\n|move|p2a: Lapras|Dragon Dance|p2a: Lapras\n|-boost|p2a: Lapras|atk|1\n|-boost|p2a: Lapras|spe|1\n|\n|-weather|RainDance|[upkeep]\n|upkeep\n|turn|5\n|\n|t:|1701103566\n|-terastallize|p2a: Lapras|Ground\n|move|p1a: Tapu Koko|Thunderbolt|p2a: Lapras\n|-immune|p2a: Lapras\n|move|p2a: Lapras|Dragon Dance|p2a: Lapras\n|-boost|p2a: Lapras|atk|1\n|-boost|p2a: Lapras|spe|1\n|\n|-weather|RainDance|[upkeep]\n|upkeep\n|turn|6\n|\n|t:|1701103571\n|switch|p1a: Armaldo|Armaldo, M|100\/100\n|move|p2a: Lapras|Dragon Dance|p2a: Lapras\n|-boost|p2a: Lapras|atk|1\n|-boost|p2a: Lapras|spe|1\n|\n|-weather|RainDance|[upkeep]\n|upkeep\n|turn|7\n|\n|t:|1701103580\n|-terastallize|p1a: Armaldo|Water\n|move|p2a: Lapras|Ice Shard|p1a: Armaldo\n|-resisted|p1a: Armaldo\n|-damage|p1a: Armaldo|77\/100\n|move|p1a: Armaldo|Liquidation|p2a: Lapras\n|-heal|p2a: Lapras|100\/100|[from] ability: Water Absorb|[of] p1a: Armaldo\n|\n|-weather|RainDance|[upkeep]\n|upkeep\n|turn|8\n|\n|t:|1701103588\n|move|p2a: Lapras|Waterfall|p1a: Armaldo\n|-resisted|p1a: Armaldo\n|-damage|p1a: Armaldo|0 fnt\n|faint|p1a: Armaldo\n|\n|-weather|RainDance|[upkeep]\n|-fieldend|move: Electric Terrain\n|upkeep\n|\n|t:|1701103592\n|switch|p1a: Banette|Banette, M|100\/100\n|-item|p2a: Lapras|Mystic Water|[from] ability: Frisk|[of] p1a: Banette|[identify]\n|turn|9\n|\n|t:|1701103594\n|detailschange|p1a: Banette|Banette-Mega, M\n|-mega|p1a: Banette|Banette|Banettite\n|move|p1a: Banette|Destiny Bond|p1a: Banette\n|-singlemove|p1a: Banette|Destiny Bond\n|move|p2a: Lapras|Waterfall|p1a: Banette\n|-damage|p1a: Banette|0 fnt\n|faint|p1a: Banette\n|-activate|p1a: Banette|move: Destiny Bond\n|faint|p2a: Lapras\n|\n|-weather|RainDance|[upkeep]\n|upkeep\n|\n|t:|1701103601\n|switch|p1a: Tapu Koko|Tapu Koko|100\/100\n|switch|p2a: Blastoise|Blastoise, M|100\/100\n|-fieldstart|move: Electric Terrain|[from] ability: Electric Surge|[of] p1a: Tapu Koko\n|-activate|p2a: Blastoise|move: Sticky Web\n|-unboost|p2a: Blastoise|spe|1\n|turn|10\n|\n|t:|1701103608\n|switch|p2a: Pikachu|Pikachu, F|100\/100\n|-activate|p2a: Pikachu|move: Sticky Web\n|-unboost|p2a: Pikachu|spe|1\n|move|p1a: Tapu Koko|Dazzling Gleam|p2a: Pikachu\n|-damage|p2a: Pikachu|0 fnt\n|faint|p2a: Pikachu\n|\n|-weather|none\n|upkeep\n|\n|t:|1701103614\n|switch|p2a: Snorlax|Snorlax, F, shiny|100\/100\n|-activate|p2a: Snorlax|move: Sticky Web\n|-unboost|p2a: Snorlax|spe|1\n|turn|11\n|\n|t:|1701103617\n|switch|p1a: Pelipper|Pelipper, F, shiny|5\/100\n|-weather|RainDance|[from] ability: Drizzle|[of] p1a: Pelipper\n|move|p2a: Snorlax|Body Slam|p1a: Pelipper\n|-damage|p1a: Pelipper|0 fnt\n|faint|p1a: Pelipper\n|-damage|p2a: Snorlax|91\/100|[from] item: Life Orb\n|\n|-weather|RainDance|[upkeep]\n|upkeep\n|\n|t:|1701103621\n|switch|p1a: Iron Jugulis|Iron Jugulis|100\/100\n|-activate|p1a: Iron Jugulis|ability: Quark Drive\n|-start|p1a: Iron Jugulis|quarkdrivespa\n|turn|12\n|\n|t:|1701103626\n|move|p1a: Iron Jugulis|Hurricane|p2a: Snorlax\n|-damage|p2a: Snorlax|44\/100\n|move|p2a: Snorlax|Body Slam|p1a: Iron Jugulis\n|-damage|p1a: Iron Jugulis|35\/100\n|-status|p1a: Iron Jugulis|par\n|-damage|p2a: Snorlax|34\/100|[from] item: Life Orb\n|\n|-weather|RainDance|[upkeep]\n|upkeep\n|turn|13\n|\n|t:|1701103633\n|move|p1a: Iron Jugulis|Hurricane|p2a: Snorlax\n|-damage|p2a: Snorlax|0 fnt\n|faint|p2a: Snorlax\n|\n|-weather|RainDance|[upkeep]\n|upkeep\n|\n|t:|1701103635\n|switch|p2a: Blastoise|Blastoise, M|100\/100\n|-activate|p2a: Blastoise|move: Sticky Web\n|-unboost|p2a: Blastoise|spe|1\n|turn|14\n|\n|t:|1701103637\n|-end|p1a: Iron Jugulis|Quark Drive|[silent]\n|switch|p1a: Tapu Koko|Tapu Koko|100\/100\n|move|p2a: Blastoise|Rapid Spin|p1a: Tapu Koko\n|-damage|p1a: Tapu Koko|89\/100\n|-boost|p2a: Blastoise|spe|1\n|-sideend|p2: Vvbttij|Sticky Web|[from] move: Rapid Spin|[of] p2a: Blastoise\n|\n|-weather|RainDance|[upkeep]\n|-fieldend|move: Electric Terrain\n|upkeep\n|turn|15\n|\n|t:|1701103641\n|move|p1a: Tapu Koko|Volt Switch|p2a: Blastoise\n|-supereffective|p2a: Blastoise\n|-damage|p2a: Blastoise|6\/100\n|\n|t:|1701103643\n|switch|p1a: Iron Jugulis|Iron Jugulis|35\/100 par|[from] Volt Switch\n|move|p2a: Blastoise|Shell Smash|p2a: Blastoise\n|-unboost|p2a: Blastoise|def|1\n|-unboost|p2a: Blastoise|spd|1\n|-boost|p2a: Blastoise|atk|2\n|-boost|p2a: Blastoise|spa|2\n|-boost|p2a: Blastoise|spe|2\n|\n|-weather|RainDance|[upkeep]\n|upkeep\n|turn|16\n|\n|t:|1701103647\n|move|p2a: Blastoise|Scald|p1a: Iron Jugulis\n|-damage|p1a: Iron Jugulis|0 fnt\n|faint|p1a: Iron Jugulis\n|-end|p1a: Iron Jugulis|Quark Drive|[silent]\n|\n|-weather|RainDance|[upkeep]\n|upkeep\n|\n|t:|1701103648\n|switch|p1a: Tapu Koko|Tapu Koko|89\/100\n|-fieldstart|move: Electric Terrain|[from] ability: Electric Surge|[of] p1a: Tapu Koko\n|turn|17\n|\n|t:|1701103653\n|move|p2a: Blastoise|Scald|p1a: Tapu Koko\n|-damage|p1a: Tapu Koko|0 fnt\n|faint|p1a: Tapu Koko\n|\n|win|Vvbttij\n|raw|huge almond nips's rating: 1049 &rarr; <strong>1035<\/strong><br \/>(-14 for losing)\n|raw|Vvbttij's rating: 1108 &rarr; <strong>1129<\/strong><br \/>(+21 for winning)\n|l|\u2606huge almond nips\n|c|\u2606Vvbttij|Gg\n","uploadtime":1701103659,"views":1,"p1id":"hugealmondnips","p2id":"vvbttij","formatid":"gen9nationaldex","rating":1035,"private":0,"password":""}