{"id":"gen9nationaldex-1991441883","p1":"Monkey1224","p2":"quinniet55","format":"[Gen 9] National Dex","log":"|j|\u2606Monkey1224\n|j|\u2606quinniet55\n|t:|1700077416\n|gametype|singles\n|player|p1|Monkey1224|fisherman-gen4|\n|player|p2|quinniet55|169|\n|teamsize|p1|6\n|teamsize|p2|6\n|gen|9\n|tier|[Gen 9] National Dex\n|rule|HP Percentage Mod: HP is shown in percentages\n|rule|Endless Battle Clause: Forcing endless battles is banned\n|rule|OHKO Clause: OHKO moves are banned\n|rule|Evasion Clause: Evasion abilities, items, and moves are banned\n|rule|Evasion Abilities Clause: Evasion abilities are banned\n|rule|Evasion Items Clause: Evasion items are banned\n|rule|Evasion Moves Clause: Evasion moves are banned\n|rule|Species Clause: Limit one of each Pok\u00e9mon\n|rule|Sleep Clause Mod: Limit one foe put to sleep\n|clearpoke\n|poke|p1|Wishiwashi, M|\n|poke|p1|Clawitzer, M|\n|poke|p1|Jellicent, M|\n|poke|p1|Slowbro-Galar, M|\n|poke|p1|Cradily, M|\n|poke|p1|Exeggutor-Alola, M|\n|poke|p2|Quagsire, F|\n|poke|p2|Quaquaval, F|\n|poke|p2|Ursaluna, M|\n|poke|p2|Uxie|\n|poke|p2|Umbreon, F|\n|poke|p2|Qwilfish-Hisui, M|\n|teampreview\n|\n|t:|1700077426\n|start\n|switch|p1a: Stooges|Exeggutor-Alola, M|100\/100\n|switch|p2a: Qwilfish|Qwilfish-Hisui, M|100\/100\n|turn|1\n|\n|t:|1700077435\n|move|p2a: Qwilfish|Toxic Spikes|p1a: Stooges\n|-sidestart|p1: Monkey1224|move: Toxic Spikes\n|move|p1a: Stooges|Sunny Day|p1a: Stooges\n|-weather|SunnyDay\n|\n|-weather|SunnyDay|[upkeep]\n|upkeep\n|turn|2\n|\n|t:|1700077446\n|move|p2a: Qwilfish|Waterfall|p1a: Stooges\n|-resisted|p1a: Stooges\n|-damage|p1a: Stooges|98\/100\n|move|p1a: Stooges|Solar Beam||[still]\n|-prepare|p1a: Stooges|Solar Beam\n|-anim|p1a: Stooges|Solar Beam|p2a: Qwilfish\n|-resisted|p2a: Qwilfish\n|-damage|p2a: Qwilfish|36\/100\n|\n|-weather|SunnyDay|[upkeep]\n|-heal|p2a: Qwilfish|41\/100|[from] item: Leftovers\n|upkeep\n|turn|3\n|c|\u2606Monkey1224|oh boy, my first showdown battle in like 6 years\n|\n|t:|1700077461\n|move|p2a: Qwilfish|Toxic|p1a: Stooges\n|-status|p1a: Stooges|tox\n|move|p1a: Stooges|Solar Beam||[still]\n|-prepare|p1a: Stooges|Solar Beam\n|-anim|p1a: Stooges|Solar Beam|p2a: Qwilfish\n|-resisted|p2a: Qwilfish\n|-damage|p2a: Qwilfish|0 fnt\n|faint|p2a: Qwilfish\n|\n|-weather|SunnyDay|[upkeep]\n|-damage|p1a: Stooges|92\/100 tox|[from] psn\n|upkeep\n|c|\u2606Monkey1224|kill kill bite kill\n|c|\u2606quinniet55|brady is watching too\n|c|\u2606Monkey1224|ooo\n|c|\u2606Monkey1224|hi bradyyy\n|\n|t:|1700077486\n|switch|p2a: Uxie|Uxie|100\/100\n|turn|4\n|\n|t:|1700077492\n|move|p2a: Uxie|Fire Punch|p1a: Stooges\n|-damage|p1a: Stooges|72\/100 tox\n|move|p1a: Stooges|Solar Beam||[still]\n|-prepare|p1a: Stooges|Solar Beam\n|-anim|p1a: Stooges|Solar Beam|p2a: Uxie\n|-damage|p2a: Uxie|51\/100\n|\n|-weather|SunnyDay|[upkeep]\n|-heal|p2a: Uxie|57\/100|[from] item: Leftovers\n|-damage|p1a: Stooges|60\/100 tox|[from] psn\n|upkeep\n|turn|5\n|\n|t:|1700077529\n|move|p2a: Uxie|Psyshock|p1a: Stooges\n|-damage|p1a: Stooges|38\/100 tox\n|-enditem|p1a: Stooges|Sitrus Berry|[eat]\n|-heal|p1a: Stooges|62\/100 tox|[from] item: Sitrus Berry\n|move|p1a: Stooges|Solar Beam||[still]\n|-prepare|p1a: Stooges|Solar Beam\n|-anim|p1a: Stooges|Solar Beam|p2a: Uxie\n|-damage|p2a: Uxie|4\/100\n|\n|-weather|none\n|-heal|p2a: Uxie|10\/100|[from] item: Leftovers\n|-damage|p1a: Stooges|44\/100 tox|[from] psn\n|upkeep\n|turn|6\n|\n|t:|1700077544\n|move|p2a: Uxie|Psyshock|p1a: Stooges\n|-damage|p1a: Stooges|24\/100 tox\n|move|p1a: Stooges|Sunny Day|p1a: Stooges\n|-weather|SunnyDay\n|\n|-weather|SunnyDay|[upkeep]\n|-heal|p2a: Uxie|17\/100|[from] item: Leftovers\n|-damage|p1a: Stooges|0 fnt|[from] psn\n|faint|p1a: Stooges\n|upkeep\n|\n|t:|1700077557\n|switch|p1a: No-Name|Jellicent, M|100\/100\n|-status|p1a: No-Name|psn\n|turn|7\n|\n|t:|1700077567\n|move|p2a: Uxie|Solar Beam||[still]\n|-prepare|p2a: Uxie|Solar Beam\n|-anim|p2a: Uxie|Solar Beam|p1a: No-Name\n|-supereffective|p1a: No-Name\n|-crit|p1a: No-Name\n|-damage|p1a: No-Name|50\/100 psn\n|-start|p2a: Uxie|Disable|Solar Beam|[from] ability: Cursed Body|[of] p1a: No-Name\n|move|p1a: No-Name|Poltergeist|p2a: Uxie\n|-activate|p2a: Uxie|move: Poltergeist|Leftovers\n|-supereffective|p2a: Uxie\n|-damage|p2a: Uxie|0 fnt\n|faint|p2a: Uxie\n|\n|-weather|SunnyDay|[upkeep]\n|-damage|p1a: No-Name|38\/100 psn|[from] psn\n|upkeep\n|c|\u2606Monkey1224|uh oh\n|\n|t:|1700077583\n|switch|p2a: Umbreon|Umbreon, F|100\/100\n|turn|8\n|\n|t:|1700077594\n|move|p2a: Umbreon|Dark Pulse|p1a: No-Name\n|-supereffective|p1a: No-Name\n|-damage|p1a: No-Name|9\/100 psn\n|move|p1a: No-Name|Energy Ball|p2a: Umbreon\n|-damage|p2a: Umbreon|89\/100\n|\n|-weather|SunnyDay|[upkeep]\n|-heal|p2a: Umbreon|95\/100|[from] item: Leftovers\n|-damage|p1a: No-Name|0 fnt|[from] psn\n|faint|p1a: No-Name\n|upkeep\n|\n|t:|1700077606\n|switch|p1a: Yes He Did|Clawitzer, M|100\/100\n|-status|p1a: Yes He Did|psn\n|turn|9\n|\n|t:|1700077616\n|move|p1a: Yes He Did|Aura Sphere|p2a: Umbreon\n|-supereffective|p2a: Umbreon\n|-damage|p2a: Umbreon|11\/100\n|move|p2a: Umbreon|Wish|p2a: Umbreon\n|\n|-weather|SunnyDay|[upkeep]\n|-heal|p2a: Umbreon|18\/100|[from] item: Leftovers\n|-damage|p1a: Yes He Did|88\/100 psn|[from] psn\n|upkeep\n|turn|10\n|\n|t:|1700077648\n|move|p1a: Yes He Did|Aura Sphere|p2a: Umbreon\n|-supereffective|p2a: Umbreon\n|-damage|p2a: Umbreon|0 fnt\n|faint|p2a: Umbreon\n|\n|-weather|none\n|-damage|p1a: Yes He Did|76\/100 psn|[from] psn\n|upkeep\n|\n|t:|1700077672\n|switch|p2a: Quaquaval|Quaquaval, F|100\/100\n|turn|11\n|\n|t:|1700077703\n|move|p2a: Quaquaval|Rapid Spin|p1a: Yes He Did\n|-damage|p1a: Yes He Did|56\/100 psn\n|-boost|p2a: Quaquaval|spe|1\n|move|p1a: Yes He Did|Aura Sphere|p2a: Quaquaval\n|-damage|p2a: Quaquaval|17\/100\n|\n|-damage|p1a: Yes He Did|44\/100 psn|[from] psn\n|upkeep\n|turn|12\n|\n|t:|1700077716\n|switch|p1a: Cod Dammit|Wishiwashi, M|100\/100\n|-status|p1a: Cod Dammit|psn\n|-formechange|p1a: Cod Dammit|Wishiwashi-School||[from] ability: Schooling\n|move|p2a: Quaquaval|Brave Bird|p1a: Cod Dammit\n|-damage|p1a: Cod Dammit|68\/100 psn\n|-damage|p2a: Quaquaval|8\/100|[from] Recoil\n|\n|-heal|p1a: Cod Dammit|74\/100 psn|[from] item: Leftovers\n|-damage|p1a: Cod Dammit|61\/100 psn|[from] psn\n|upkeep\n|turn|13\n|\n|t:|1700077734\n|move|p2a: Quaquaval|Ice Spinner|p1a: Cod Dammit\n|-resisted|p1a: Cod Dammit\n|-damage|p1a: Cod Dammit|49\/100 psn\n|move|p1a: Cod Dammit|Flip Turn|p2a: Quaquaval\n|-resisted|p2a: Quaquaval\n|-damage|p2a: Quaquaval|0 fnt\n|faint|p2a: Quaquaval\n|\n|t:|1700077743\n|switch|p1a: Yes He Did|Clawitzer, M|44\/100 psn|[from] Flip Turn\n|\n|-damage|p1a: Yes He Did|31\/100 psn|[from] psn\n|upkeep\n|\n|t:|1700077764\n|switch|p2a: Quagsire|Quagsire, F|100\/100\n|turn|14\n|\n|t:|1700077770\n|-terastallize|p1a: Yes He Did|Dragon\n|move|p1a: Yes He Did|Dragon Pulse|p2a: Quagsire\n|-damage|p2a: Quagsire|0 fnt\n|faint|p2a: Quagsire\n|\n|-damage|p1a: Yes He Did|19\/100 psn|[from] psn\n|upkeep\n|\n|t:|1700077777\n|switch|p2a: Ursaluna|Ursaluna, M|100\/100\n|turn|15\n|\n|t:|1700077783\n|move|p1a: Yes He Did|Dragon Pulse|p2a: Ursaluna\n|-damage|p2a: Ursaluna|7\/100\n|move|p2a: Ursaluna|Gunk Shot|p1a: Yes He Did\n|-crit|p1a: Yes He Did\n|-damage|p1a: Yes He Did|0 fnt\n|faint|p1a: Yes He Did\n|-damage|p2a: Ursaluna|0 fnt|[from] item: Life Orb\n|faint|p2a: Ursaluna\n|\n|win|Monkey1224\n|c|\u2606Monkey1224|nooo my gunk\n","uploadtime":1700077797,"views":34,"p1id":"monkey1224","p2id":"quinniet55","formatid":"gen9nationaldex","rating":0,"private":0,"password":""}