{"id":"gen9nationaldex-1994525404","p1":"Xian_AA","p2":"mtyqjltz6","format":"[Gen 9] National Dex","log":"|j|\u2606Xian_AA\n|j|\u2606mtyqjltz6\n|t:|1700454574\n|gametype|singles\n|player|p1|Xian_AA|norman|1312\n|player|p2|mtyqjltz6|elesa|1347\n|teamsize|p1|6\n|teamsize|p2|6\n|gen|9\n|tier|[Gen 9] National Dex\n|rated|\n|rule|HP Percentage Mod: HP is shown in percentages\n|rule|Endless Battle Clause: Forcing endless battles is banned\n|rule|OHKO Clause: OHKO moves are banned\n|rule|Evasion Clause: Evasion abilities, items, and moves are banned\n|rule|Evasion Abilities Clause: Evasion abilities are banned\n|rule|Evasion Items Clause: Evasion items are banned\n|rule|Evasion Moves Clause: Evasion moves are banned\n|rule|Species Clause: Limit one of each Pok\u00e9mon\n|rule|Sleep Clause Mod: Limit one foe put to sleep\n|clearpoke\n|poke|p1|Urshifu-*, F|\n|poke|p1|Rillaboom, F|\n|poke|p1|Ogerpon-Wellspring, F|\n|poke|p1|Landorus-Therian, M|\n|poke|p1|Corviknight, M|\n|poke|p1|Garchomp, M|\n|poke|p2|Raticate, M|\n|poke|p2|Ribombee, F|\n|poke|p2|Nidoking, M|\n|poke|p2|Bisharp, M|\n|poke|p2|Medicham, F|\n|poke|p2|Thundurus-Therian, M|\n|teampreview\n|inactive|Battle timer is ON: inactive players will automatically lose when time's up. (requested by Xian_AA)\n|\n|t:|1700454596\n|start\n|switch|p1a: Landorus|Landorus-Therian, M, shiny|100\/100\n|switch|p2a: Thundurus|Thundurus-Therian, M|100\/100\n|-ability|p1a: Landorus|Intimidate|boost\n|-unboost|p2a: Thundurus|atk|1\n|turn|1\n|\n|t:|1700454605\n|move|p2a: Thundurus|Hidden Power|p1a: Landorus\n|-supereffective|p1a: Landorus\n|-damage|p1a: Landorus|8\/100\n|move|p1a: Landorus|Stealth Rock|p2a: Thundurus\n|-sidestart|p2: mtyqjltz6|move: Stealth Rock\n|\n|upkeep\n|turn|2\n|\n|t:|1700454624\n|switch|p1a: Ogerpon|Ogerpon-Wellspring, F|100\/100\n|move|p2a: Thundurus|Hidden Power|p1a: Ogerpon\n|-damage|p1a: Ogerpon|74\/100\n|\n|upkeep\n|turn|3\n|\n|t:|1700454649\n|switch|p2a: Raticate|Raticate, M|100\/100\n|-damage|p2a: Raticate|88\/100|[from] Stealth Rock\n|move|p1a: Ogerpon|Ivy Cudgel|p2a: Raticate|[anim] Ivy Cudgel Water\n|-damage|p2a: Raticate|0 fnt\n|faint|p2a: Raticate\n|\n|upkeep\n|inactive|mtyqjltz6 has 120 seconds left.\n|\n|t:|1700454668\n|switch|p2a: Ribombee|Ribombee, F, shiny|100\/100\n|-damage|p2a: Ribombee|76\/100|[from] Stealth Rock\n|turn|4\n|inactive|mtyqjltz6 has 120 seconds left.\n|\n|t:|1700454677\n|move|p2a: Ribombee|Skill Swap|p1a: Ogerpon\n|-activate|p2a: Ribombee|move: Skill Swap|Water Absorb|Shield Dust|[of] p1a: Ogerpon\n|move|p1a: Ogerpon|Ivy Cudgel|p2a: Ribombee|[anim] Ivy Cudgel Water\n|-heal|p2a: Ribombee|100\/100|[from] ability: Water Absorb|[of] p1a: Ogerpon\n|\n|upkeep\n|turn|5\n|\n|t:|1700454686\n|switch|p1a: Corviknight|Corviknight, M|100\/100\n|-ability|p1a: Corviknight|Pressure\n|move|p2a: Ribombee|Sticky Web|p1a: Corviknight\n|-sidestart|p1: Xian_AA|move: Sticky Web\n|\n|upkeep\n|turn|6\n|\n|t:|1700454694\n|switch|p2a: Bisharp|Bisharp, M, shiny|100\/100\n|-damage|p2a: Bisharp|94\/100|[from] Stealth Rock\n|move|p1a: Corviknight|Brave Bird|p2a: Bisharp\n|-resisted|p2a: Bisharp\n|-damage|p2a: Bisharp|80\/100\n|-damage|p1a: Corviknight|97\/100|[from] Recoil\n|\n|upkeep\n|turn|7\n|inactive|mtyqjltz6 has 120 seconds left.\n|\n|t:|1700454721\n|move|p2a: Bisharp|Swords Dance|p2a: Bisharp\n|-boost|p2a: Bisharp|atk|2\n|move|p1a: Corviknight|Defog|p2a: Bisharp\n|-unboost|p2a: Bisharp|evasion|1\n|-ability|p2a: Bisharp|Defiant|boost\n|-boost|p2a: Bisharp|atk|2\n|-sideend|p2: mtyqjltz6|Stealth Rock|[from] move: Defog|[of] p1a: Corviknight\n|-sideend|p1: Xian_AA|Sticky Web|[from] move: Defog|[of] p1a: Corviknight\n|\n|upkeep\n|turn|8\n|\n|t:|1700454733\n|move|p2a: Bisharp|Knock Off|p1a: Corviknight\n|-damage|p1a: Corviknight|4\/100\n|-damage|p2a: Bisharp|64\/100|[from] item: Rocky Helmet|[of] p1a: Corviknight\n|-enditem|p1a: Corviknight|Rocky Helmet|[from] move: Knock Off|[of] p2a: Bisharp\n|move|p1a: Corviknight|U-turn|p2a: Bisharp\n|-damage|p2a: Bisharp|52\/100\n|\n|t:|1700454745\n|switch|p1a: Garchomp|Garchomp, M|100\/100|[from] U-turn\n|\n|upkeep\n|turn|9\n|\n|t:|1700454751\n|-terastallize|p2a: Bisharp|Flying\n|move|p1a: Garchomp|Fire Blast|p2a: Bisharp\n|-damage|p2a: Bisharp|30\/100\n|-status|p2a: Bisharp|brn\n|move|p2a: Bisharp|Knock Off|p1a: Garchomp\n|-damage|p1a: Garchomp|16\/100\n|-damage|p2a: Bisharp|17\/100 brn|[from] ability: Rough Skin|[of] p1a: Garchomp\n|-enditem|p1a: Garchomp|Loaded Dice|[from] move: Knock Off|[of] p2a: Bisharp\n|\n|-damage|p2a: Bisharp|11\/100 brn|[from] brn\n|upkeep\n|turn|10\n|c|\u2606mtyqjltz6|\u554a\uff1f\n|\n|t:|1700454774\n|move|p2a: Bisharp|Sucker Punch|p1a: Garchomp\n|-damage|p1a: Garchomp|0 fnt\n|-damage|p2a: Bisharp|0 fnt|[from] ability: Rough Skin|[of] p1a: Garchomp\n|faint|p1a: Garchomp\n|faint|p2a: Bisharp\n|\n|upkeep\n|\n|t:|1700454784\n|switch|p1a: Ogerpon|Ogerpon-Wellspring, F|74\/100\n|switch|p2a: Ribombee|Ribombee, F, shiny|100\/100\n|turn|11\n|inactive|Xian_AA has 120 seconds left.\n|\n|t:|1700454806\n|move|p2a: Ribombee|Sticky Web|p1a: Ogerpon\n|-sidestart|p1: Xian_AA|move: Sticky Web\n|move|p1a: Ogerpon|Swords Dance|p1a: Ogerpon\n|-boost|p1a: Ogerpon|atk|2\n|\n|upkeep\n|turn|12\n|\n|t:|1700454811\n|move|p2a: Ribombee|Skill Swap|p1a: Ogerpon\n|-activate|p2a: Ribombee|move: Skill Swap|Water Absorb|Shield Dust|[of] p1a: Ogerpon\n|move|p1a: Ogerpon|Power Whip|p2a: Ribombee|[miss]\n|-miss|p1a: Ogerpon|p2a: Ribombee\n|\n|upkeep\n|turn|13\n|\n|t:|1700454819\n|move|p2a: Ribombee|Moonblast|p1a: Ogerpon\n|-damage|p1a: Ogerpon|30\/100\n|move|p1a: Ogerpon|Power Whip|p2a: Ribombee|[miss]\n|-miss|p1a: Ogerpon|p2a: Ribombee\n|\n|upkeep\n|turn|14\n|c|\u2606mtyqjltz6|\u2026\u2026\n|\n|t:|1700454831\n|move|p2a: Ribombee|Moonblast|p1a: Ogerpon\n|-damage|p1a: Ogerpon|0 fnt\n|faint|p1a: Ogerpon\n|\n|upkeep\n|\n|t:|1700454843\n|switch|p1a: Urshifu|Urshifu-Rapid-Strike, F|100\/100\n|-activate|p1a: Urshifu|move: Sticky Web\n|-unboost|p1a: Urshifu|spe|1\n|turn|15\n|\n|t:|1700454849\n|move|p2a: Ribombee|Moonblast|p1a: Urshifu\n|-supereffective|p1a: Urshifu\n|-damage|p1a: Urshifu|0 fnt\n|faint|p1a: Urshifu\n|\n|upkeep\n|\n|t:|1700454852\n|switch|p1a: Rillaboom|Rillaboom, F, shiny|100\/100\n|-activate|p1a: Rillaboom|move: Sticky Web\n|-unboost|p1a: Rillaboom|spe|1\n|-fieldstart|move: Grassy Terrain|[from] ability: Grassy Surge|[of] p1a: Rillaboom\n|turn|16\n|\n|t:|1700454862\n|-terastallize|p1a: Rillaboom|Grass\n|move|p2a: Ribombee|Moonblast|p1a: Rillaboom\n|-damage|p1a: Rillaboom|49\/100\n|move|p1a: Rillaboom|Wood Hammer|p2a: Ribombee\n|-resisted|p2a: Ribombee\n|-enditem|p2a: Ribombee|Focus Sash\n|-damage|p2a: Ribombee|1\/100\n|-damage|p1a: Rillaboom|23\/100|[from] Recoil\n|\n|-heal|p2a: Ribombee|7\/100|[from] Grassy Terrain\n|-heal|p1a: Rillaboom|30\/100|[from] Grassy Terrain\n|upkeep\n|turn|17\n|\n|t:|1700454872\n|switch|p1a: Landorus|Landorus-Therian, M, shiny|8\/100\n|-ability|p1a: Landorus|Intimidate|boost\n|-unboost|p2a: Ribombee|atk|1\n|move|p2a: Ribombee|Moonblast|p1a: Landorus\n|-damage|p1a: Landorus|0 fnt\n|faint|p1a: Landorus\n|\n|-heal|p2a: Ribombee|13\/100|[from] Grassy Terrain\n|upkeep\n|\n|t:|1700454874\n|switch|p1a: Rillaboom|Rillaboom, F, shiny, tera:Grass|30\/100\n|-activate|p1a: Rillaboom|move: Sticky Web\n|-unboost|p1a: Rillaboom|spe|1\n|turn|18\n|\n|t:|1700454877\n|move|p1a: Rillaboom|Grassy Glide|p2a: Ribombee\n|-resisted|p2a: Ribombee\n|-damage|p2a: Ribombee|0 fnt\n|faint|p2a: Ribombee\n|\n|-heal|p1a: Rillaboom|36\/100|[from] Grassy Terrain\n|upkeep\n|\n|t:|1700454881\n|switch|p2a: Medicham|Medicham, F|100\/100\n|turn|19\n|\n|t:|1700454884\n|detailschange|p2a: Medicham|Medicham-Mega, F\n|-mega|p2a: Medicham|Medicham|Medichamite\n|move|p2a: Medicham|Fake Out|p1a: Rillaboom\n|-damage|p1a: Rillaboom|12\/100\n|cant|p1a: Rillaboom|flinch\n|\n|-heal|p1a: Rillaboom|18\/100|[from] Grassy Terrain\n|upkeep\n|turn|20\n|\n|t:|1700454892\n|move|p2a: Medicham|Bullet Punch|p1a: Rillaboom\n|-damage|p1a: Rillaboom|0 fnt\n|faint|p1a: Rillaboom\n|\n|-fieldend|move: Grassy Terrain\n|upkeep\n|\n|t:|1700454895\n|switch|p1a: Corviknight|Corviknight, M|4\/100\n|-ability|p1a: Corviknight|Pressure\n|turn|21\n|\n|t:|1700454898\n|move|p2a: Medicham|Close Combat|p1a: Corviknight\n|-damage|p1a: Corviknight|0 fnt\n|-unboost|p2a: Medicham|def|1\n|-unboost|p2a: Medicham|spd|1\n|faint|p1a: Corviknight\n|\n|win|mtyqjltz6\n|raw|Xian_AA's rating: 1312 &rarr; <strong>1294<\/strong><br \/>(-18 for losing)\n|raw|mtyqjltz6's rating: 1347 &rarr; <strong>1365<\/strong><br \/>(+18 for winning)\n|l|\u2606Xian_AA\n","uploadtime":1700454906,"views":15,"p1id":"xianaa","p2id":"mtyqjltz6","formatid":"gen9nationaldex","rating":1294,"private":0,"password":""}