{"id":"gen9nationaldex-1988131205","p1":"red fintans","p2":"muxftbtx","format":"[Gen 9] National Dex","log":"|j|\u2606red fintans\n|j|\u2606muxftbtx\n|t:|1699673450\n|gametype|singles\n|player|p1|red fintans|depotagent|1520\n|player|p2|muxftbtx|brendan|1510\n|teamsize|p1|6\n|teamsize|p2|6\n|gen|9\n|tier|[Gen 9] National Dex\n|rated|\n|rule|HP Percentage Mod: HP is shown in percentages\n|rule|Endless Battle Clause: Forcing endless battles is banned\n|rule|OHKO Clause: OHKO moves are banned\n|rule|Evasion Clause: Evasion abilities, items, and moves are banned\n|rule|Evasion Abilities Clause: Evasion abilities are banned\n|rule|Evasion Items Clause: Evasion items are banned\n|rule|Evasion Moves Clause: Evasion moves are banned\n|rule|Species Clause: Limit one of each Pok\u00e9mon\n|rule|Sleep Clause Mod: Limit one foe put to sleep\n|clearpoke\n|poke|p1|Dragalge, M|\n|poke|p1|Alomomola, M|\n|poke|p1|Iron Valiant|\n|poke|p1|Ferrothorn, F|\n|poke|p1|Lopunny, F|\n|poke|p1|Landorus-Therian, M|\n|poke|p2|Skeledirge, M|\n|poke|p2|Goodra-Hisui, F|\n|poke|p2|Gliscor, M|\n|poke|p2|Lopunny, F|\n|poke|p2|Rotom-Wash|\n|poke|p2|Garganacl, M|\n|teampreview\n|inactive|Battle timer is ON: inactive players will automatically lose when time's up. (requested by red fintans)\n|inactive|muxftbtx also wants the timer to be on.\n|c|\u2606red fintans|glhf\n|c|\u2606muxftbtx|gl\n|\n|t:|1699673464\n|start\n|switch|p1a: face of smogon|Landorus-Therian, M|100\/100\n|switch|p2a: Rotom|Rotom-Wash|100\/100\n|-ability|p1a: face of smogon|Intimidate|boost\n|-unboost|p2a: Rotom|atk|1\n|turn|1\n|\n|t:|1699673472\n|switch|p1a: not edible|Dragalge, M|100\/100\n|move|p2a: Rotom|Hydro Pump|p1a: not edible|[miss]\n|-miss|p2a: Rotom|p1a: not edible\n|\n|upkeep\n|turn|2\n|\n|t:|1699673479\n|switch|p2a: Goodra|Goodra-Hisui, F|100\/100\n|move|p1a: not edible|Sludge Bomb|p2a: Goodra\n|-immune|p2a: Goodra\n|\n|upkeep\n|turn|3\n|\n|t:|1699673484\n|move|p2a: Goodra|Flash Cannon|p1a: not edible\n|-damage|p1a: not edible|80\/100\n|move|p1a: not edible|Flip Turn|p2a: Goodra\n|-resisted|p2a: Goodra\n|-damage|p2a: Goodra|96\/100\n|\n|t:|1699673489\n|switch|p1a: bunny wabbit|Lopunny, F|100\/100|[from] Flip Turn\n|\n|upkeep\n|turn|4\n|\n|t:|1699673493\n|switch|p2a: Gliscor|Gliscor, M|100\/100\n|detailschange|p1a: bunny wabbit|Lopunny-Mega, F\n|-mega|p1a: bunny wabbit|Lopunny|Lopunnite\n|move|p1a: bunny wabbit|Fake Out|p2a: Gliscor\n|-damage|p2a: Gliscor|87\/100\n|\n|-status|p2a: Gliscor|tox|[from] item: Toxic Orb\n|upkeep\n|turn|5\n|\n|t:|1699673499\n|switch|p1a: face of smogon|Landorus-Therian, M|100\/100\n|-ability|p1a: face of smogon|Intimidate|boost\n|-unboost|p2a: Gliscor|atk|1\n|move|p2a: Gliscor|Stealth Rock|p1a: face of smogon\n|-sidestart|p1: red fintans|move: Stealth Rock\n|\n|-heal|p2a: Gliscor|99\/100 tox|[from] ability: Poison Heal\n|upkeep\n|turn|6\n|\n|t:|1699673506\n|move|p2a: Gliscor|Toxic|p1a: face of smogon\n|-status|p1a: face of smogon|tox\n|move|p1a: face of smogon|Defog|p2a: Gliscor\n|-unboost|p2a: Gliscor|evasion|1\n|-sideend|p1: red fintans|Stealth Rock|[from] move: Defog|[of] p1a: face of smogon\n|\n|-heal|p2a: Gliscor|100\/100 tox|[from] ability: Poison Heal\n|-damage|p1a: face of smogon|94\/100 tox|[from] psn\n|upkeep\n|turn|7\n|\n|t:|1699673515\n|move|p2a: Gliscor|Stealth Rock|p1a: face of smogon\n|-sidestart|p1: red fintans|move: Stealth Rock\n|move|p1a: face of smogon|U-turn|p2a: Gliscor\n|-resisted|p2a: Gliscor\n|-damage|p2a: Gliscor|94\/100 tox\n|\n|t:|1699673521\n|switch|p1a: on the RADAR??|Iron Valiant|100\/100|[from] U-turn\n|-damage|p1a: on the RADAR??|94\/100|[from] Stealth Rock\n|\n|-heal|p2a: Gliscor|100\/100 tox|[from] ability: Poison Heal\n|upkeep\n|turn|8\n|\n|t:|1699673531\n|move|p1a: on the RADAR??|Focus Blast|p2a: Gliscor\n|-resisted|p2a: Gliscor\n|-damage|p2a: Gliscor|45\/100 tox\n|move|p2a: Gliscor|U-turn|p1a: on the RADAR??\n|-resisted|p1a: on the RADAR??\n|-damage|p1a: on the RADAR??|91\/100\n|\n|t:|1699673543\n|switch|p2a: Lopunny|Lopunny, F, shiny|100\/100|[from] U-turn\n|\n|upkeep\n|turn|9\n|\n|t:|1699673547\n|-end|p1a: on the RADAR??|Quark Drive|[silent]\n|switch|p1a: dont touch dis|Ferrothorn, F|100\/100\n|-damage|p1a: dont touch dis|95\/100|[from] Stealth Rock\n|detailschange|p2a: Lopunny|Lopunny-Mega, F, shiny\n|-mega|p2a: Lopunny|Lopunny|Lopunnite\n|move|p2a: Lopunny|Fake Out|p1a: dont touch dis\n|-resisted|p1a: dont touch dis\n|-damage|p1a: dont touch dis|88\/100\n|-damage|p2a: Lopunny|88\/100|[from] ability: Iron Barbs|[of] p1a: dont touch dis\n|-damage|p2a: Lopunny|71\/100|[from] item: Rocky Helmet|[of] p1a: dont touch dis\n|\n|upkeep\n|turn|10\n|\n|t:|1699673554\n|switch|p2a: Garganacl|Garganacl, M|100\/100\n|move|p1a: dont touch dis|Leech Seed|p2a: Garganacl\n|-start|p2a: Garganacl|move: Leech Seed\n|\n|-damage|p2a: Garganacl|88\/100|[from] Leech Seed|[of] p1a: dont touch dis\n|-heal|p1a: dont touch dis|100\/100|[silent]\n|upkeep\n|turn|11\n|\n|t:|1699673558\n|move|p2a: Garganacl|Salt Cure|p1a: dont touch dis\n|-resisted|p1a: dont touch dis\n|-crit|p1a: dont touch dis\n|-damage|p1a: dont touch dis|95\/100\n|-start|p1a: dont touch dis|Salt Cure\n|move|p1a: dont touch dis|Knock Off|p2a: Garganacl\n|-damage|p2a: Garganacl|73\/100\n|-enditem|p2a: Garganacl|Leftovers|[from] move: Knock Off|[of] p1a: dont touch dis\n|\n|-damage|p2a: Garganacl|60\/100|[from] Leech Seed|[of] p1a: dont touch dis\n|-heal|p1a: dont touch dis|100\/100|[silent]\n|-damage|p1a: dont touch dis|76\/100|[from] Salt Cure\n|upkeep\n|turn|12\n|\n|t:|1699673575\n|switch|p1a: not edible|Dragalge, M|80\/100\n|-damage|p1a: not edible|68\/100|[from] Stealth Rock\n|move|p2a: Garganacl|Recover|p2a: Garganacl\n|-heal|p2a: Garganacl|100\/100\n|\n|-damage|p2a: Garganacl|88\/100|[from] Leech Seed|[of] p1a: not edible\n|-heal|p1a: not edible|83\/100|[silent]\n|upkeep\n|turn|13\n|\n|t:|1699673594\n|switch|p2a: Goodra|Goodra-Hisui, F|96\/100\n|move|p1a: not edible|Draco Meteor|p2a: Goodra|[miss]\n|-miss|p1a: not edible|p2a: Goodra\n|\n|upkeep\n|turn|14\n|\n|t:|1699673604\n|move|p2a: Goodra|Surf|p1a: not edible\n|-resisted|p1a: not edible\n|-damage|p1a: not edible|75\/100\n|move|p1a: not edible|Flip Turn|p2a: Goodra\n|-resisted|p2a: Goodra\n|-damage|p2a: Goodra|91\/100\n|\n|t:|1699673607\n|switch|p1a: bunny wabbit|Lopunny-Mega, F|100\/100|[from] Flip Turn\n|-damage|p1a: bunny wabbit|95\/100|[from] Stealth Rock\n|\n|upkeep\n|turn|15\n|\n|t:|1699673617\n|switch|p2a: Skeledirge|Skeledirge, M|100\/100\n|move|p1a: bunny wabbit|Fake Out|p2a: Skeledirge\n|-damage|p2a: Skeledirge|86\/100\n|\n|-heal|p2a: Skeledirge|92\/100|[from] item: Leftovers\n|upkeep\n|turn|16\n|\n|t:|1699673630\n|switch|p1a: midground: the mon|Alomomola, M|100\/100\n|move|p2a: Skeledirge|Yawn|p1a: midground: the mon\n|-start|p1a: midground: the mon|move: Yawn|[of] p2a: Skeledirge\n|\n|-heal|p2a: Skeledirge|99\/100|[from] item: Leftovers\n|upkeep\n|turn|17\n|\n|t:|1699673644\n|switch|p2a: Gliscor|Gliscor, M|45\/100 tox\n|move|p1a: midground: the mon|Flip Turn|p2a: Gliscor\n|-supereffective|p2a: Gliscor\n|-damage|p2a: Gliscor|24\/100 tox\n|\n|t:|1699673650\n|switch|p1a: on the RADAR??|Iron Valiant|91\/100|[from] Flip Turn\n|-damage|p1a: on the RADAR??|85\/100|[from] Stealth Rock\n|\n|-heal|p2a: Gliscor|36\/100 tox|[from] ability: Poison Heal\n|upkeep\n|turn|18\n|\n|t:|1699673662\n|switch|p2a: Goodra|Goodra-Hisui, F|91\/100\n|move|p1a: on the RADAR??|Moonblast|p2a: Goodra\n|-damage|p2a: Goodra|61\/100\n|\n|upkeep\n|turn|19\n|\n|t:|1699673676\n|-end|p1a: on the RADAR??|Quark Drive|[silent]\n|switch|p1a: not edible|Dragalge, M|75\/100\n|-damage|p1a: not edible|62\/100|[from] Stealth Rock\n|-terastallize|p2a: Goodra|Water\n|move|p2a: Goodra|Flash Cannon|p1a: not edible\n|-damage|p1a: not edible|42\/100\n|\n|upkeep\n|turn|20\n|\n|t:|1699673684\n|switch|p2a: Garganacl|Garganacl, M|88\/100\n|move|p1a: not edible|Flip Turn|p2a: Garganacl\n|-supereffective|p2a: Garganacl\n|-damage|p2a: Garganacl|75\/100\n|\n|t:|1699673686\n|switch|p1a: midground: the mon|Alomomola, M|100\/100|[from] Flip Turn\n|\n|upkeep\n|turn|21\n|\n|t:|1699673694\n|move|p1a: midground: the mon|Wish|p1a: midground: the mon\n|move|p2a: Garganacl|Recover|p2a: Garganacl\n|-heal|p2a: Garganacl|100\/100\n|\n|upkeep\n|turn|22\n|\n|t:|1699673699\n|move|p1a: midground: the mon|Flip Turn|p2a: Garganacl\n|-supereffective|p2a: Garganacl\n|-damage|p2a: Garganacl|79\/100\n|\n|t:|1699673703\n|switch|p1a: not edible|Dragalge, M|42\/100|[from] Flip Turn\n|-damage|p1a: not edible|30\/100|[from] Stealth Rock\n|move|p2a: Garganacl|Salt Cure|p1a: not edible\n|-damage|p1a: not edible|18\/100\n|-start|p1a: not edible|Salt Cure\n|\n|-heal|p1a: not edible|89\/100|[from] move: Wish|[wisher] midground: the mon\n|-damage|p1a: not edible|76\/100|[from] Salt Cure\n|upkeep\n|turn|23\n|\n|t:|1699673722\n|switch|p2a: Rotom|Rotom-Wash|100\/100\n|move|p1a: not edible|Flip Turn|p2a: Rotom\n|-resisted|p2a: Rotom\n|-damage|p2a: Rotom|93\/100\n|\n|t:|1699673731\n|switch|p1a: dont touch dis|Ferrothorn, F|76\/100|[from] Flip Turn\n|-damage|p1a: dont touch dis|70\/100|[from] Stealth Rock\n|\n|upkeep\n|turn|24\n|\n|t:|1699673735\n|move|p2a: Rotom|Volt Switch|p1a: dont touch dis\n|-resisted|p1a: dont touch dis\n|-damage|p1a: dont touch dis|55\/100\n|\n|t:|1699673739\n|switch|p2a: Goodra|Goodra-Hisui, F, tera:Water|61\/100|[from] Volt Switch\n|move|p1a: dont touch dis|Power Whip|p2a: Goodra\n|-ability|p2a: Goodra|Sap Sipper|boost\n|-boost|p2a: Goodra|atk|1\n|\n|upkeep\n|turn|25\n|\n|t:|1699673756\n|switch|p1a: midground: the mon|Alomomola, M|100\/100\n|move|p2a: Goodra|Flash Cannon|p1a: midground: the mon\n|-resisted|p1a: midground: the mon\n|-damage|p1a: midground: the mon|81\/100\n|\n|upkeep\n|turn|26\n|\n|t:|1699673761\n|move|p2a: Goodra|Thunderbolt|p1a: midground: the mon\n|-supereffective|p1a: midground: the mon\n|-damage|p1a: midground: the mon|25\/100\n|-status|p1a: midground: the mon|par\n|move|p1a: midground: the mon|Wish|p1a: midground: the mon\n|\n|upkeep\n|turn|27\n|\n|t:|1699673776\n|cant|p1a: midground: the mon|par\n|move|p2a: Goodra|Flamethrower|p1a: midground: the mon\n|-resisted|p1a: midground: the mon\n|-damage|p1a: midground: the mon|12\/100 par\n|\n|-heal|p1a: midground: the mon|62\/100 par|[from] move: Wish|[wisher] midground: the mon\n|upkeep\n|turn|28\n|\n|t:|1699673780\n|switch|p1a: face of smogon|Landorus-Therian, M|94\/100 tox\n|-damage|p1a: face of smogon|82\/100 tox|[from] Stealth Rock\n|-ability|p1a: face of smogon|Intimidate|boost\n|-unboost|p2a: Goodra|atk|1\n|move|p2a: Goodra|Thunderbolt|p1a: face of smogon\n|-immune|p1a: face of smogon\n|\n|-damage|p1a: face of smogon|76\/100 tox|[from] psn\n|upkeep\n|turn|29\n|\n|t:|1699673799\n|move|p1a: face of smogon|Earthquake|p2a: Goodra\n|-damage|p2a: Goodra|18\/100\n|move|p2a: Goodra|Surf|p1a: face of smogon\n|-supereffective|p1a: face of smogon\n|-damage|p1a: face of smogon|0 fnt\n|faint|p1a: face of smogon\n|\n|upkeep\n|\n|t:|1699673805\n|switch|p1a: on the RADAR??|Iron Valiant|85\/100\n|-damage|p1a: on the RADAR??|79\/100|[from] Stealth Rock\n|turn|30\n|\n|t:|1699673812\n|switch|p2a: Rotom|Rotom-Wash|93\/100\n|-terastallize|p1a: on the RADAR??|Fairy\n|move|p1a: on the RADAR??|Moonblast|p2a: Rotom\n|-damage|p2a: Rotom|0 fnt\n|faint|p2a: Rotom\n|\n|upkeep\n|\n|t:|1699673821\n|switch|p2a: Lopunny|Lopunny-Mega, F, shiny|71\/100\n|turn|31\n|\n|t:|1699673824\n|-end|p1a: on the RADAR??|Quark Drive|[silent]\n|switch|p1a: dont touch dis|Ferrothorn, F|55\/100\n|-damage|p1a: dont touch dis|50\/100|[from] Stealth Rock\n|move|p2a: Lopunny|Fake Out|p1a: dont touch dis\n|-resisted|p1a: dont touch dis\n|-damage|p1a: dont touch dis|43\/100\n|-damage|p2a: Lopunny|59\/100|[from] ability: Iron Barbs|[of] p1a: dont touch dis\n|-damage|p2a: Lopunny|42\/100|[from] item: Rocky Helmet|[of] p1a: dont touch dis\n|\n|upkeep\n|turn|32\n|\n|t:|1699673838\n|switch|p1a: midground: the mon|Alomomola, M|95\/100 par\n|move|p2a: Lopunny|Close Combat|p1a: midground: the mon\n|-damage|p1a: midground: the mon|59\/100 par\n|-unboost|p2a: Lopunny|def|1\n|-unboost|p2a: Lopunny|spd|1\n|\n|upkeep\n|turn|33\n|\n|t:|1699673850\n|move|p2a: Lopunny|U-turn|p1a: midground: the mon\n|-damage|p1a: midground: the mon|44\/100 par\n|\n|t:|1699673855\n|switch|p2a: Garganacl|Garganacl, M|79\/100|[from] U-turn\n|move|p1a: midground: the mon|Flip Turn|p2a: Garganacl\n|-supereffective|p2a: Garganacl\n|-damage|p2a: Garganacl|55\/100\n|\n|t:|1699673861\n|switch|p1a: on the RADAR??|Iron Valiant, tera:Fairy|79\/100|[from] Flip Turn\n|-damage|p1a: on the RADAR??|66\/100|[from] Stealth Rock\n|\n|upkeep\n|turn|34\n|\n|t:|1699673888\n|switch|p2a: Skeledirge|Skeledirge, M|99\/100\n|move|p1a: on the RADAR??|Moonblast|p2a: Skeledirge\n|-resisted|p2a: Skeledirge\n|-damage|p2a: Skeledirge|48\/100\n|-unboost|p2a: Skeledirge|spa|1\n|\n|-heal|p2a: Skeledirge|54\/100|[from] item: Leftovers\n|upkeep\n|turn|35\n|\n|t:|1699673901\n|move|p1a: on the RADAR??|Moonblast|p2a: Skeledirge\n|-resisted|p2a: Skeledirge\n|-damage|p2a: Skeledirge|5\/100\n|move|p2a: Skeledirge|Yawn|p1a: on the RADAR??\n|-start|p1a: on the RADAR??|move: Yawn|[of] p2a: Skeledirge\n|\n|-heal|p2a: Skeledirge|11\/100|[from] item: Leftovers\n|upkeep\n|turn|36\n|\n|t:|1699673909\n|-end|p1a: on the RADAR??|Quark Drive|[silent]\n|switch|p1a: not edible|Dragalge, M|76\/100\n|-damage|p1a: not edible|64\/100|[from] Stealth Rock\n|move|p2a: Skeledirge|Slack Off|p2a: Skeledirge\n|-heal|p2a: Skeledirge|61\/100\n|\n|-heal|p2a: Skeledirge|67\/100|[from] item: Leftovers\n|upkeep\n|turn|37\n|\n|t:|1699673916\n|move|p2a: Skeledirge|Slack Off|p2a: Skeledirge\n|-heal|p2a: Skeledirge|100\/100\n|move|p1a: not edible|Draco Meteor|p2a: Skeledirge\n|-damage|p2a: Skeledirge|36\/100\n|-unboost|p1a: not edible|spa|2\n|\n|-heal|p2a: Skeledirge|42\/100|[from] item: Leftovers\n|upkeep\n|turn|38\n|\n|t:|1699673926\n|move|p2a: Skeledirge|Slack Off|p2a: Skeledirge\n|-heal|p2a: Skeledirge|92\/100\n|move|p1a: not edible|Flip Turn|p2a: Skeledirge\n|-supereffective|p2a: Skeledirge\n|-damage|p2a: Skeledirge|80\/100\n|\n|t:|1699673933\n|switch|p1a: bunny wabbit|Lopunny-Mega, F|95\/100|[from] Flip Turn\n|-damage|p1a: bunny wabbit|89\/100|[from] Stealth Rock\n|\n|-heal|p2a: Skeledirge|86\/100|[from] item: Leftovers\n|upkeep\n|turn|39\n|\n|t:|1699673939\n|move|p1a: bunny wabbit|Fake Out|p2a: Skeledirge\n|-damage|p2a: Skeledirge|74\/100\n|cant|p2a: Skeledirge|flinch\n|\n|-heal|p2a: Skeledirge|80\/100|[from] item: Leftovers\n|upkeep\n|turn|40\n|\n|t:|1699673950\n|switch|p1a: midground: the mon|Alomomola, M|77\/100 par\n|move|p2a: Skeledirge|Torch Song|p1a: midground: the mon\n|-resisted|p1a: midground: the mon\n|-damage|p1a: midground: the mon|69\/100 par\n|-boost|p2a: Skeledirge|spa|1\n|\n|-heal|p2a: Skeledirge|86\/100|[from] item: Leftovers\n|upkeep\n|turn|41\n|\n|t:|1699673958\n|move|p2a: Skeledirge|Torch Song|p1a: midground: the mon\n|-resisted|p1a: midground: the mon\n|-damage|p1a: midground: the mon|54\/100 par\n|-boost|p2a: Skeledirge|spa|1\n|move|p1a: midground: the mon|Wish|p1a: midground: the mon\n|\n|-heal|p2a: Skeledirge|92\/100|[from] item: Leftovers\n|upkeep\n|turn|42\n|\n|t:|1699673964\n|switch|p1a: not edible|Dragalge, M|64\/100\n|-damage|p1a: not edible|52\/100|[from] Stealth Rock\n|move|p2a: Skeledirge|Torch Song|p1a: not edible\n|-resisted|p1a: not edible\n|-damage|p1a: not edible|39\/100\n|-boost|p2a: Skeledirge|spa|1\n|\n|-heal|p1a: not edible|100\/100|[from] move: Wish|[wisher] midground: the mon\n|-heal|p2a: Skeledirge|98\/100|[from] item: Leftovers\n|upkeep\n|turn|43\n|\n|t:|1699673974\n|move|p2a: Skeledirge|Slack Off|p2a: Skeledirge\n|-heal|p2a: Skeledirge|100\/100\n|move|p1a: not edible|Draco Meteor|p2a: Skeledirge\n|-damage|p2a: Skeledirge|40\/100\n|-unboost|p1a: not edible|spa|2\n|\n|-heal|p2a: Skeledirge|46\/100|[from] item: Leftovers\n|upkeep\n|turn|44\n|\n|t:|1699673980\n|move|p2a: Skeledirge|Slack Off|p2a: Skeledirge\n|-heal|p2a: Skeledirge|96\/100\n|move|p1a: not edible|Flip Turn|p2a: Skeledirge\n|-supereffective|p2a: Skeledirge\n|-damage|p2a: Skeledirge|84\/100\n|\n|t:|1699673982\n|switch|p1a: bunny wabbit|Lopunny-Mega, F|89\/100|[from] Flip Turn\n|-damage|p1a: bunny wabbit|83\/100|[from] Stealth Rock\n|\n|-heal|p2a: Skeledirge|90\/100|[from] item: Leftovers\n|upkeep\n|turn|45\n|\n|t:|1699673995\n|move|p1a: bunny wabbit|Encore|p2a: Skeledirge\n|-start|p2a: Skeledirge|Encore\n|move|p2a: Skeledirge|Slack Off|p2a: Skeledirge\n|-heal|p2a: Skeledirge|100\/100\n|\n|upkeep\n|turn|46\n|\n|t:|1699674000\n|switch|p2a: Gliscor|Gliscor, M|36\/100 tox\n|move|p1a: bunny wabbit|Close Combat|p2a: Gliscor\n|-resisted|p2a: Gliscor\n|-damage|p2a: Gliscor|17\/100 tox\n|-unboost|p1a: bunny wabbit|def|1\n|-unboost|p1a: bunny wabbit|spd|1\n|\n|-heal|p2a: Gliscor|30\/100 tox|[from] ability: Poison Heal\n|upkeep\n|turn|47\n|\n|t:|1699674009\n|move|p1a: bunny wabbit|Return|p2a: Gliscor\n|-damage|p2a: Gliscor|0 fnt\n|faint|p2a: Gliscor\n|\n|upkeep\n|\n|t:|1699674016\n|switch|p2a: Lopunny|Lopunny-Mega, F, shiny|42\/100\n|turn|48\n|\n|t:|1699674019\n|switch|p1a: dont touch dis|Ferrothorn, F|43\/100\n|-damage|p1a: dont touch dis|37\/100|[from] Stealth Rock\n|move|p2a: Lopunny|Close Combat|p1a: dont touch dis\n|-supereffective|p1a: dont touch dis\n|-damage|p1a: dont touch dis|0 fnt\n|-unboost|p2a: Lopunny|def|1\n|-unboost|p2a: Lopunny|spd|1\n|-damage|p2a: Lopunny|30\/100|[from] ability: Iron Barbs|[of] p1a: dont touch dis\n|-damage|p2a: Lopunny|13\/100|[from] item: Rocky Helmet|[of] p1a: dont touch dis\n|faint|p1a: dont touch dis\n|\n|upkeep\n|\n|t:|1699674027\n|switch|p1a: not edible|Dragalge, M|100\/100\n|-damage|p1a: not edible|88\/100|[from] Stealth Rock\n|turn|49\n|\n|t:|1699674031\n|move|p2a: Lopunny|U-turn|p1a: not edible\n|-resisted|p1a: not edible\n|-damage|p1a: not edible|78\/100\n|\n|t:|1699674035\n|switch|p2a: Skeledirge|Skeledirge, M|100\/100|[from] U-turn\n|move|p1a: not edible|Sludge Bomb|p2a: Skeledirge\n|-resisted|p2a: Skeledirge\n|-damage|p2a: Skeledirge|78\/100\n|\n|-heal|p2a: Skeledirge|84\/100|[from] item: Leftovers\n|upkeep\n|turn|50\n|\n|t:|1699674047\n|move|p2a: Skeledirge|Slack Off|p2a: Skeledirge\n|-heal|p2a: Skeledirge|100\/100\n|move|p1a: not edible|Draco Meteor|p2a: Skeledirge\n|-damage|p2a: Skeledirge|34\/100\n|-unboost|p1a: not edible|spa|2\n|\n|-heal|p2a: Skeledirge|41\/100|[from] item: Leftovers\n|upkeep\n|turn|51\n|\n|t:|1699674055\n|move|p2a: Skeledirge|Slack Off|p2a: Skeledirge\n|-heal|p2a: Skeledirge|91\/100\n|move|p1a: not edible|Flip Turn|p2a: Skeledirge\n|-supereffective|p2a: Skeledirge\n|-damage|p2a: Skeledirge|79\/100\n|\n|t:|1699674061\n|switch|p1a: bunny wabbit|Lopunny-Mega, F|83\/100|[from] Flip Turn\n|-damage|p1a: bunny wabbit|77\/100|[from] Stealth Rock\n|\n|-heal|p2a: Skeledirge|85\/100|[from] item: Leftovers\n|upkeep\n|turn|52\n|\n|t:|1699674065\n|move|p1a: bunny wabbit|Fake Out|p2a: Skeledirge\n|-damage|p2a: Skeledirge|72\/100\n|cant|p2a: Skeledirge|flinch\n|\n|-heal|p2a: Skeledirge|78\/100|[from] item: Leftovers\n|upkeep\n|turn|53\n|\n|t:|1699674071\n|switch|p1a: not edible|Dragalge, M|78\/100\n|-damage|p1a: not edible|66\/100|[from] Stealth Rock\n|move|p2a: Skeledirge|Torch Song|p1a: not edible\n|-resisted|p1a: not edible\n|-damage|p1a: not edible|59\/100\n|-boost|p2a: Skeledirge|spa|1\n|\n|-heal|p2a: Skeledirge|84\/100|[from] item: Leftovers\n|upkeep\n|turn|54\n|\n|t:|1699674083\n|move|p2a: Skeledirge|Shadow Ball|p1a: not edible\n|-damage|p1a: not edible|33\/100\n|-unboost|p1a: not edible|spd|1\n|move|p1a: not edible|Draco Meteor|p2a: Skeledirge\n|-damage|p2a: Skeledirge|26\/100\n|-unboost|p1a: not edible|spa|2\n|\n|-heal|p2a: Skeledirge|32\/100|[from] item: Leftovers\n|upkeep\n|turn|55\n|\n|t:|1699674090\n|switch|p1a: midground: the mon|Alomomola, M|87\/100 par\n|move|p2a: Skeledirge|Torch Song|p1a: midground: the mon\n|-resisted|p1a: midground: the mon\n|-damage|p1a: midground: the mon|67\/100 par\n|-boost|p2a: Skeledirge|spa|1\n|\n|-heal|p2a: Skeledirge|38\/100|[from] item: Leftovers\n|upkeep\n|turn|56\n|\n|t:|1699674096\n|move|p2a: Skeledirge|Shadow Ball|p1a: midground: the mon\n|-damage|p1a: midground: the mon|18\/100 par\n|move|p1a: midground: the mon|Flip Turn|p2a: Skeledirge\n|-supereffective|p2a: Skeledirge\n|-damage|p2a: Skeledirge|20\/100\n|\n|t:|1699674101\n|switch|p1a: on the RADAR??|Iron Valiant, tera:Fairy|66\/100|[from] Flip Turn\n|-damage|p1a: on the RADAR??|54\/100|[from] Stealth Rock\n|\n|-heal|p2a: Skeledirge|26\/100|[from] item: Leftovers\n|upkeep\n|turn|57\n|\n|t:|1699674109\n|move|p1a: on the RADAR??|Moonblast|p2a: Skeledirge\n|-resisted|p2a: Skeledirge\n|-damage|p2a: Skeledirge|0 fnt\n|faint|p2a: Skeledirge\n|\n|upkeep\n|\n|t:|1699674123\n|switch|p2a: Lopunny|Lopunny-Mega, F, shiny|13\/100\n|turn|58\n|\n|t:|1699674131\n|-end|p1a: on the RADAR??|Quark Drive|[silent]\n|switch|p1a: midground: the mon|Alomomola, M|51\/100 par\n|move|p2a: Lopunny|Fake Out|p1a: midground: the mon\n|-damage|p1a: midground: the mon|38\/100 par\n|\n|upkeep\n|turn|59\n|\n|t:|1699674135\n|switch|p1a: not edible|Dragalge, M|33\/100\n|-damage|p1a: not edible|21\/100|[from] Stealth Rock\n|move|p2a: Lopunny|Close Combat|p1a: not edible\n|-resisted|p1a: not edible\n|-damage|p1a: not edible|0 fnt\n|-unboost|p2a: Lopunny|def|1\n|-unboost|p2a: Lopunny|spd|1\n|faint|p1a: not edible\n|\n|upkeep\n|\n|t:|1699674141\n|switch|p1a: bunny wabbit|Lopunny-Mega, F|77\/100\n|-damage|p1a: bunny wabbit|71\/100|[from] Stealth Rock\n|turn|60\n|\n|t:|1699674149\n|switch|p2a: Garganacl|Garganacl, M|55\/100\n|move|p1a: bunny wabbit|Fake Out|p2a: Garganacl\n|-resisted|p2a: Garganacl\n|-damage|p2a: Garganacl|49\/100\n|\n|upkeep\n|turn|61\n|\n|t:|1699674154\n|move|p1a: bunny wabbit|Close Combat|p2a: Garganacl\n|-supereffective|p2a: Garganacl\n|-damage|p2a: Garganacl|0 fnt\n|-unboost|p1a: bunny wabbit|def|1\n|-unboost|p1a: bunny wabbit|spd|1\n|faint|p2a: Garganacl\n|\n|upkeep\n|\n|t:|1699674156\n|switch|p2a: Lopunny|Lopunny-Mega, F, shiny|13\/100\n|turn|62\n|\n|t:|1699674159\n|switch|p1a: midground: the mon|Alomomola, M|72\/100 par\n|move|p2a: Lopunny|Return|p1a: midground: the mon\n|-damage|p1a: midground: the mon|37\/100 par\n|\n|upkeep\n|turn|63\n|\n|t:|1699674169\n|move|p2a: Lopunny|Close Combat|p1a: midground: the mon\n|-damage|p1a: midground: the mon|0 fnt\n|-unboost|p2a: Lopunny|def|1\n|-unboost|p2a: Lopunny|spd|1\n|faint|p1a: midground: the mon\n|\n|upkeep\n|\n|t:|1699674171\n|switch|p1a: bunny wabbit|Lopunny-Mega, F|71\/100\n|-damage|p1a: bunny wabbit|65\/100|[from] Stealth Rock\n|turn|64\n|\n|t:|1699674173\n|switch|p2a: Goodra|Goodra-Hisui, F, tera:Water|18\/100\n|move|p1a: bunny wabbit|Fake Out|p2a: Goodra\n|-damage|p2a: Goodra|0 fnt\n|faint|p2a: Goodra\n|\n|upkeep\n|\n|t:|1699674177\n|switch|p2a: Lopunny|Lopunny-Mega, F, shiny|13\/100\n|turn|65\n|c|\u2606red fintans|gg\n|\n|t:|1699674180\n|switch|p1a: on the RADAR??|Iron Valiant, tera:Fairy|54\/100\n|-damage|p1a: on the RADAR??|41\/100|[from] Stealth Rock\n|move|p2a: Lopunny|Return|p1a: on the RADAR??\n|-damage|p1a: on the RADAR??|0 fnt\n|faint|p1a: on the RADAR??\n|-end|p1a: on the RADAR??|Quark Drive|[silent]\n|\n|upkeep\n|\n|t:|1699674182\n|switch|p1a: bunny wabbit|Lopunny-Mega, F|65\/100\n|-damage|p1a: bunny wabbit|59\/100|[from] Stealth Rock\n|turn|66\n|\n|t:|1699674186\n|move|p1a: bunny wabbit|Fake Out|p2a: Lopunny\n|-damage|p2a: Lopunny|0 fnt\n|faint|p2a: Lopunny\n|\n|win|red fintans\n|raw|red fintans's rating: 1520 &rarr; <strong>1539<\/strong><br \/>(+19 for winning)\n|raw|muxftbtx's rating: 1510 &rarr; <strong>1491<\/strong><br \/>(-19 for losing)\n|l|\u2606muxftbtx\n|l|\u2606red fintans\n|j|\u2606red fintans\n|player|p1|red fintans|depotagent\n","uploadtime":1699674355,"views":5,"p1id":"redfintans","p2id":"muxftbtx","formatid":"gen9nationaldex","rating":1491,"private":0,"password":""}