{"id":"gen9nationaldex-1992758393","p1":"jyssfs","p2":"dcrownd","format":"[Gen 9] National Dex","log":"|j|\u2606jyssfs\n|j|\u2606dcrownd\n|t:|1700232813\n|gametype|singles\n|player|p1|jyssfs|red|1410\n|player|p2|dcrownd|giovanni|1313\n|teamsize|p1|6\n|teamsize|p2|6\n|gen|9\n|tier|[Gen 9] National Dex\n|rated|\n|rule|HP Percentage Mod: HP is shown in percentages\n|rule|Endless Battle Clause: Forcing endless battles is banned\n|rule|OHKO Clause: OHKO moves are banned\n|rule|Evasion Clause: Evasion abilities, items, and moves are banned\n|rule|Evasion Abilities Clause: Evasion abilities are banned\n|rule|Evasion Items Clause: Evasion items are banned\n|rule|Evasion Moves Clause: Evasion moves are banned\n|rule|Species Clause: Limit one of each Pok\u00e9mon\n|rule|Sleep Clause Mod: Limit one foe put to sleep\n|clearpoke\n|poke|p1|Crawdaunt, F|\n|poke|p1|Stakataka|\n|poke|p1|Ursaluna, M|\n|poke|p1|Porygon2|\n|poke|p1|Cresselia, F|\n|poke|p1|Mawile, M|\n|poke|p2|Charizard, M|\n|poke|p2|Samurott-Hisui, M|\n|poke|p2|Sneasler, F|\n|poke|p2|Rillaboom, M|\n|poke|p2|Kartana|\n|poke|p2|Great Tusk|\n|teampreview\n|\n|t:|1700232827\n|start\n|switch|p1a: Porygon2|Porygon2, shiny|100\/100\n|switch|p2a: Samurott|Samurott-Hisui, M|100\/100\n|-ability|p1a: Porygon2|Torrent|[from] ability: Trace|[of] p2a: Samurott\n|turn|1\n|\n|t:|1700232841\n|move|p2a: Samurott|Knock Off|p1a: Porygon2\n|-damage|p1a: Porygon2|70\/100\n|-enditem|p1a: Porygon2|Eviolite|[from] move: Knock Off|[of] p2a: Samurott\n|move|p1a: Porygon2|Trick Room|p1a: Porygon2\n|-fieldstart|move: Trick Room|[of] p1a: Porygon2\n|\n|upkeep\n|turn|2\n|\n|t:|1700232850\n|move|p2a: Samurott|Razor Shell|p1a: Porygon2\n|-damage|p1a: Porygon2|38\/100\n|move|p1a: Porygon2|Teleport|p1a: Porygon2\n|\n|t:|1700232858\n|switch|p1a: Ursaluna|Ursaluna, M, shiny|100\/100|[from] Teleport\n|\n|-status|p1a: Ursaluna|brn|[from] item: Flame Orb\n|upkeep\n|turn|3\n|\n|t:|1700232869\n|move|p1a: Ursaluna|Facade|p2a: Samurott\n|-enditem|p2a: Samurott|Focus Sash\n|-damage|p2a: Samurott|1\/100\n|move|p2a: Samurott|Razor Shell|p1a: Ursaluna\n|-supereffective|p1a: Ursaluna\n|-damage|p1a: Ursaluna|30\/100 brn\n|-unboost|p1a: Ursaluna|def|1\n|\n|-damage|p1a: Ursaluna|24\/100 brn|[from] brn\n|upkeep\n|turn|4\n|\n|t:|1700232880\n|move|p2a: Samurott|Aqua Jet|p1a: Ursaluna\n|-supereffective|p1a: Ursaluna\n|-damage|p1a: Ursaluna|0 fnt\n|faint|p1a: Ursaluna\n|\n|upkeep\n|\n|t:|1700232890\n|switch|p1a: Stakataka|Stakataka, shiny|100\/100\n|turn|5\n|\n|t:|1700232901\n|move|p2a: Samurott|Aqua Jet|p1a: Stakataka\n|-supereffective|p1a: Stakataka\n|-damage|p1a: Stakataka|67\/100\n|move|p1a: Stakataka|Body Press|p2a: Samurott\n|-supereffective|p2a: Samurott\n|-damage|p2a: Samurott|0 fnt\n|faint|p2a: Samurott\n|-ability|p1a: Stakataka|Beast Boost|boost\n|-boost|p1a: Stakataka|atk|1\n|-damage|p1a: Stakataka|58\/100|[from] item: Life Orb\n|\n|-fieldend|move: Trick Room\n|upkeep\n|\n|t:|1700232921\n|switch|p2a: Rillaboom|Rillaboom, M|100\/100\n|-fieldstart|move: Grassy Terrain|[from] ability: Grassy Surge|[of] p2a: Rillaboom\n|turn|6\n|\n|t:|1700232935\n|-terastallize|p1a: Stakataka|Flying\n|move|p2a: Rillaboom|Grassy Glide|p1a: Stakataka\n|-resisted|p1a: Stakataka\n|-damage|p1a: Stakataka|37\/100\n|move|p1a: Stakataka|Trick Room|p1a: Stakataka\n|-fieldstart|move: Trick Room|[of] p1a: Stakataka\n|\n|upkeep\n|turn|7\n|\n|t:|1700232950\n|switch|p2a: Sneasler|Sneasler, F|100\/100\n|-enditem|p2a: Sneasler|Grassy Seed\n|-boost|p2a: Sneasler|def|1|[from] item: Grassy Seed\n|move|p1a: Stakataka|Heat Crash|p2a: Sneasler\n|-damage|p2a: Sneasler|0 fnt\n|faint|p2a: Sneasler\n|-ability|p1a: Stakataka|Beast Boost|boost\n|-boost|p1a: Stakataka|atk|1\n|-damage|p1a: Stakataka|27\/100|[from] item: Life Orb\n|\n|upkeep\n|\n|t:|1700232963\n|switch|p2a: Kartana|Kartana|100\/100\n|turn|8\n|\n|t:|1700232970\n|move|p1a: Stakataka|Heat Crash|p2a: Kartana\n|-supereffective|p2a: Kartana\n|-damage|p2a: Kartana|0 fnt\n|faint|p2a: Kartana\n|-ability|p1a: Stakataka|Beast Boost|boost\n|-boost|p1a: Stakataka|atk|1\n|-damage|p1a: Stakataka|18\/100|[from] item: Life Orb\n|\n|upkeep\n|\n|t:|1700232985\n|switch|p2a: Rillaboom|Rillaboom, M|100\/100\n|turn|9\n|\n|t:|1700232999\n|switch|p1a: Cresselia|Cresselia, F|100\/100\n|-terastallize|p2a: Rillaboom|Grass\n|move|p2a: Rillaboom|Grassy Glide|p1a: Cresselia\n|-damage|p1a: Cresselia|62\/100\n|\n|upkeep\n|turn|10\n|\n|t:|1700233023\n|move|p2a: Rillaboom|Grassy Glide|p1a: Cresselia\n|-damage|p1a: Cresselia|17\/100\n|move|p1a: Cresselia|Future Sight|p2a: Rillaboom\n|-start|p1a: Cresselia|move: Future Sight\n|\n|-fieldend|move: Trick Room\n|-fieldend|move: Grassy Terrain\n|upkeep\n|turn|11\n|\n|t:|1700233032\n|move|p2a: Rillaboom|Grassy Glide|p1a: Cresselia\n|-damage|p1a: Cresselia|0 fnt\n|faint|p1a: Cresselia\n|\n|upkeep\n|\n|t:|1700233038\n|switch|p1a: Porygon2|Porygon2, shiny|38\/100\n|-fieldstart|move: Grassy Terrain|[from] ability: Grassy Surge|[of] p1a: Porygon2\n|-ability|p1a: Porygon2|Grassy Surge|[from] ability: Trace|[of] p2a: Rillaboom\n|turn|12\n|\n|t:|1700233045\n|move|p2a: Rillaboom|Grassy Glide|p1a: Porygon2\n|-damage|p1a: Porygon2|0 fnt\n|faint|p1a: Porygon2\n|\n|-end|p2a: Rillaboom|move: Future Sight\n|-damage|p2a: Rillaboom|55\/100\n|-heal|p2a: Rillaboom|61\/100|[from] Grassy Terrain\n|upkeep\n|inactive|Battle timer is ON: inactive players will automatically lose when time's up. (requested by dcrownd)\n|\n|t:|1700233055\n|switch|p1a: Mawile|Mawile, M|100\/100\n|-ability|p1a: Mawile|Intimidate|boost\n|-unboost|p2a: Rillaboom|atk|1\n|turn|13\n|\n|t:|1700233062\n|switch|p2a: Charizard|Charizard, M|100\/100\n|detailschange|p1a: Mawile|Mawile-Mega, M\n|-mega|p1a: Mawile|Mawile|Mawilite\n|move|p1a: Mawile|Swords Dance|p1a: Mawile\n|-boost|p1a: Mawile|atk|2\n|\n|upkeep\n|turn|14\n|\n|t:|1700233072\n|detailschange|p2a: Charizard|Charizard-Mega-Y, M\n|-mega|p2a: Charizard|Charizard|Charizardite Y\n|-weather|SunnyDay|[from] ability: Drought|[of] p2a: Charizard\n|move|p1a: Mawile|Sucker Punch|p2a: Charizard\n|-damage|p2a: Charizard|0 fnt\n|faint|p2a: Charizard\n|\n|-weather|SunnyDay|[upkeep]\n|upkeep\n|\n|t:|1700233083\n|switch|p2a: Rillaboom|Rillaboom, M, tera:Grass|61\/100\n|turn|15\n|\n|t:|1700233087\n|move|p1a: Mawile|Sucker Punch|p2a: Rillaboom\n|-damage|p2a: Rillaboom|0 fnt\n|faint|p2a: Rillaboom\n|\n|-weather|SunnyDay|[upkeep]\n|upkeep\n|\n|t:|1700233094\n|switch|p2a: Great Tusk|Great Tusk, shiny|100\/100\n|-activate|p2a: Great Tusk|ability: Protosynthesis\n|-start|p2a: Great Tusk|protosynthesisatk\n|turn|16\n|\n|t:|1700233102\n|move|p1a: Mawile|Sucker Punch|p2a: Great Tusk\n|-resisted|p2a: Great Tusk\n|-damage|p2a: Great Tusk|66\/100\n|move|p2a: Great Tusk|Headlong Rush|p1a: Mawile\n|-supereffective|p1a: Mawile\n|-damage|p1a: Mawile|0 fnt\n|-unboost|p2a: Great Tusk|def|1\n|-unboost|p2a: Great Tusk|spd|1\n|faint|p1a: Mawile\n|\n|-weather|SunnyDay|[upkeep]\n|-heal|p2a: Great Tusk|72\/100|[from] Grassy Terrain\n|-fieldend|move: Grassy Terrain\n|upkeep\n|\n|t:|1700233107\n|switch|p1a: Stakataka|Stakataka, shiny, tera:Flying|18\/100\n|turn|17\n|\n|t:|1700233118\n|move|p2a: Great Tusk|Ice Spinner|p1a: Stakataka\n|-supereffective|p1a: Stakataka\n|-crit|p1a: Stakataka\n|-damage|p1a: Stakataka|0 fnt\n|faint|p1a: Stakataka\n|\n|-weather|SunnyDay|[upkeep]\n|upkeep\n|\n|t:|1700233121\n|switch|p1a: Crawdaunt|Crawdaunt, F, shiny|100\/100\n|turn|18\n|\n|t:|1700233130\n|move|p1a: Crawdaunt|Aqua Jet|p2a: Great Tusk\n|-supereffective|p2a: Great Tusk\n|-damage|p2a: Great Tusk|33\/100\n|-damage|p1a: Crawdaunt|90\/100|[from] item: Life Orb\n|move|p2a: Great Tusk|Close Combat|p1a: Crawdaunt\n|-supereffective|p1a: Crawdaunt\n|-damage|p1a: Crawdaunt|0 fnt\n|-unboost|p2a: Great Tusk|def|1\n|-unboost|p2a: Great Tusk|spd|1\n|faint|p1a: Crawdaunt\n|\n|win|dcrownd\n|raw|jyssfs's rating: 1410 &rarr; <strong>1385<\/strong><br \/>(-25 for losing)\n|raw|dcrownd's rating: 1313 &rarr; <strong>1338<\/strong><br \/>(+25 for winning)\n|l|\u2606jyssfs\n","uploadtime":1700233155,"views":7,"p1id":"jyssfs","p2id":"dcrownd","formatid":"gen9nationaldex","rating":1338,"private":0,"password":""}