{"id":"gen9nationaldex-1988564146","p1":"akyraaiko","p2":"Ekkogandr","format":"[Gen 9] National Dex","log":"|j|\u2606akyraaiko\n|j|\u2606Ekkogandr\n|t:|1699736588\n|gametype|singles\n|player|p1|akyraaiko|beauty-gen4dp|\n|player|p2|Ekkogandr|turo-ai|\n|teamsize|p1|6\n|teamsize|p2|6\n|gen|9\n|tier|[Gen 9] National Dex\n|rule|HP Percentage Mod: HP is shown in percentages\n|rule|Endless Battle Clause: Forcing endless battles is banned\n|rule|OHKO Clause: OHKO moves are banned\n|rule|Evasion Clause: Evasion abilities, items, and moves are banned\n|rule|Evasion Abilities Clause: Evasion abilities are banned\n|rule|Evasion Items Clause: Evasion items are banned\n|rule|Evasion Moves Clause: Evasion moves are banned\n|rule|Species Clause: Limit one of each Pok\u00e9mon\n|rule|Sleep Clause Mod: Limit one foe put to sleep\n|clearpoke\n|poke|p1|Zoroark-Hisui, F|\n|poke|p1|Ceruledge, M|\n|poke|p1|Pikachu-Original, M|\n|poke|p1|Aerodactyl, F|\n|poke|p1|Lycanroc-Dusk, F|\n|poke|p1|Ting-Lu|\n|poke|p2|Rillaboom, F|\n|poke|p2|Kartana|\n|poke|p2|Heatran, M|\n|poke|p2|Tornadus-Therian, M|\n|poke|p2|Urshifu-*, F|\n|poke|p2|Great Tusk|\n|teampreview\n|\n|t:|1699736612\n|start\n|switch|p1a: Ting-Lu|Ting-Lu|100\/100\n|switch|p2a: Ngen|Tornadus-Therian, M|100\/100\n|-ability|p1a: Ting-Lu|Vessel of Ruin\n|turn|1\n|\n|t:|1699736621\n|move|p2a: Ngen|Knock Off|p1a: Ting-Lu\n|-resisted|p1a: Ting-Lu\n|-damage|p1a: Ting-Lu|97\/100\n|-enditem|p1a: Ting-Lu|Leftovers|[from] move: Knock Off|[of] p2a: Ngen\n|move|p1a: Ting-Lu|Stealth Rock|p2a: Ngen\n|-sidestart|p2: Ekkogandr|move: Stealth Rock\n|\n|upkeep\n|turn|2\n|\n|t:|1699736629\n|move|p2a: Ngen|Defog|p1a: Ting-Lu\n|-unboost|p1a: Ting-Lu|evasion|1\n|-sideend|p2: Ekkogandr|Stealth Rock|[from] move: Defog|[of] p2a: Ngen\n|move|p1a: Ting-Lu|Spikes|p2a: Ngen\n|-sidestart|p2: Ekkogandr|Spikes\n|\n|upkeep\n|turn|3\n|\n|t:|1699736644\n|switch|p1a: Aerodactyl|Aerodactyl, F|100\/100\n|move|p2a: Ngen|U-turn|p1a: Aerodactyl\n|-resisted|p1a: Aerodactyl\n|-damage|p1a: Aerodactyl|89\/100\n|\n|t:|1699736658\n|switch|p2a: Tane|Kartana|100\/100|[from] U-turn\n|-damage|p2a: Tane|88\/100|[from] Spikes\n|\n|upkeep\n|turn|4\n|\n|t:|1699736674\n|detailschange|p1a: Aerodactyl|Aerodactyl-Mega, F\n|-mega|p1a: Aerodactyl|Aerodactyl|Aerodactylite\n|move|p2a: Tane|Smart Strike|p1a: Aerodactyl\n|-supereffective|p1a: Aerodactyl\n|-damage|p1a: Aerodactyl|0 fnt\n|faint|p1a: Aerodactyl\n|-ability|p2a: Tane|Beast Boost|boost\n|-boost|p2a: Tane|atk|1\n|\n|upkeep\n|c|\u2606Ekkogandr|<3\n|c|\u2606akyraaiko|copiao\n|c|\u2606Ekkogandr|eu fiz esse time em setembro\n|c|\u2606Ekkogandr|vc que me copiou\n|\n|t:|1699736705\n|switch|p1a: Ceruledge|Ceruledge, M|100\/100\n|turn|5\n|\n|t:|1699736721\n|switch|p2a: Kagutsuchi|Heatran, M|100\/100\n|-damage|p2a: Kagutsuchi|88\/100|[from] Spikes\n|move|p1a: Ceruledge|Nasty Plot|p1a: Ceruledge\n|-boost|p1a: Ceruledge|spa|2\n|\n|-heal|p2a: Kagutsuchi|94\/100|[from] item: Leftovers\n|upkeep\n|turn|6\n|\n|t:|1699736727\n|move|p1a: Ceruledge|Poltergeist|p2a: Kagutsuchi\n|-activate|p2a: Kagutsuchi|move: Poltergeist|Leftovers\n|-damage|p2a: Kagutsuchi|65\/100\n|move|p2a: Kagutsuchi|Earth Power|p1a: Ceruledge\n|-damage|p1a: Ceruledge|45\/100\n|replace|p1a: Zoroark|Zoroark-Hisui, F\n|-end|p1a: Zoroark|Illusion\n|\n|-heal|p1a: Zoroark|51\/100|[from] item: Leftovers\n|-heal|p2a: Kagutsuchi|71\/100|[from] item: Leftovers\n|upkeep\n|turn|7\n|c|\u2606Ekkogandr|eitaaa\n|c|\u2606Ekkogandr|nasty plot + poltergeist \u00e9 foda\n|\n|t:|1699736747\n|move|p1a: Zoroark|Hyper Voice|p2a: Kagutsuchi\n|-resisted|p2a: Kagutsuchi\n|-damage|p2a: Kagutsuchi|44\/100\n|move|p2a: Kagutsuchi|Magma Storm|p1a: Zoroark|[miss]\n|-miss|p2a: Kagutsuchi|p1a: Zoroark\n|\n|-heal|p1a: Zoroark|57\/100|[from] item: Leftovers\n|-heal|p2a: Kagutsuchi|50\/100|[from] item: Leftovers\n|upkeep\n|turn|8\n|c|\u2606akyraaiko|\u00e9 pra vc n  pensar q vai ser isso\n|\n|t:|1699736759\n|move|p1a: Zoroark|Hyper Voice|p2a: Kagutsuchi\n|-resisted|p2a: Kagutsuchi\n|-damage|p2a: Kagutsuchi|22\/100\n|move|p2a: Kagutsuchi|Earth Power|p1a: Zoroark\n|-damage|p1a: Zoroark|0 fnt\n|faint|p1a: Zoroark\n|\n|-heal|p2a: Kagutsuchi|28\/100|[from] item: Leftovers\n|upkeep\n|\n|t:|1699736770\n|switch|p1a: Lycanroc|Lycanroc-Dusk, F, shiny|100\/100\n|turn|9\n|c|\u2606Ekkogandr|no momento que vc usa nasty plot eu j\u00e1 sei q \u00e9 um zoroark\n|\n|t:|1699736779\n|switch|p2a: Viridios|Rillaboom, F|100\/100\n|-damage|p2a: Viridios|88\/100|[from] Spikes\n|-fieldstart|move: Grassy Terrain|[from] ability: Grassy Surge|[of] p2a: Viridios\n|move|p1a: Lycanroc|Accelerock|p2a: Viridios\n|-damage|p2a: Viridios|47\/100\n|-damage|p1a: Lycanroc|91\/100|[from] item: Life Orb\n|\n|-heal|p1a: Lycanroc|97\/100|[from] Grassy Terrain\n|-heal|p2a: Viridios|53\/100|[from] Grassy Terrain\n|upkeep\n|turn|10\n|\n|t:|1699736789\n|switch|p1a: Ceruledge|Ceruledge, M|100\/100\n|move|p2a: Viridios|Grassy Glide|p1a: Ceruledge\n|-resisted|p1a: Ceruledge\n|-damage|p1a: Ceruledge|55\/100\n|\n|-heal|p1a: Ceruledge|61\/100|[from] Grassy Terrain\n|-heal|p2a: Viridios|59\/100|[from] Grassy Terrain\n|-heal|p1a: Ceruledge|68\/100|[from] item: Leftovers\n|upkeep\n|turn|11\n|\n|t:|1699736797\n|switch|p2a: Kagutsuchi|Heatran, M|28\/100\n|-damage|p2a: Kagutsuchi|16\/100|[from] Spikes\n|move|p1a: Ceruledge|Bitter Blade|p2a: Kagutsuchi\n|-start|p2a: Kagutsuchi|ability: Flash Fire\n|\n|-heal|p1a: Ceruledge|74\/100|[from] Grassy Terrain\n|-heal|p1a: Ceruledge|80\/100|[from] item: Leftovers\n|-heal|p2a: Kagutsuchi|22\/100|[from] Grassy Terrain\n|-heal|p2a: Kagutsuchi|28\/100|[from] item: Leftovers\n|upkeep\n|turn|12\n|\n|t:|1699736809\n|move|p1a: Ceruledge|Close Combat|p2a: Kagutsuchi\n|-supereffective|p2a: Kagutsuchi\n|-damage|p2a: Kagutsuchi|0 fnt\n|-unboost|p1a: Ceruledge|def|1\n|-unboost|p1a: Ceruledge|spd|1\n|faint|p2a: Kagutsuchi\n|\n|-heal|p1a: Ceruledge|86\/100|[from] Grassy Terrain\n|-heal|p1a: Ceruledge|92\/100|[from] item: Leftovers\n|upkeep\n|c|\u2606akyraaiko|morra\n|\n|t:|1699736816\n|switch|p2a: Tane|Kartana|88\/100\n|-damage|p2a: Tane|76\/100|[from] Spikes\n|turn|13\n|\n|t:|1699736822\n|move|p2a: Tane|Knock Off|p1a: Ceruledge\n|-supereffective|p1a: Ceruledge\n|-crit|p1a: Ceruledge\n|-damage|p1a: Ceruledge|0 fnt\n|-enditem|p1a: Ceruledge|Leftovers|[from] move: Knock Off|[of] p2a: Tane\n|faint|p1a: Ceruledge\n|-ability|p2a: Tane|Beast Boost|boost\n|-boost|p2a: Tane|atk|1\n|\n|-heal|p2a: Tane|82\/100|[from] Grassy Terrain\n|-fieldend|move: Grassy Terrain\n|upkeep\n|c|\u2606akyraaiko|Aw\n|\n|t:|1699736846\n|switch|p1a: Lycanroc|Lycanroc-Dusk, F, shiny|97\/100\n|turn|14\n|\n|t:|1699736852\n|-terastallize|p1a: Lycanroc|Water\n|move|p2a: Tane|Knock Off|p1a: Lycanroc\n|-damage|p1a: Lycanroc|0 fnt\n|-enditem|p1a: Lycanroc|Life Orb|[from] move: Knock Off|[of] p2a: Tane\n|faint|p1a: Lycanroc\n|-ability|p2a: Tane|Beast Boost|boost\n|-boost|p2a: Tane|atk|1\n|\n|upkeep\n|c|\u2606akyraaiko|porra\n|\n|t:|1699736858\n|switch|p1a: Pikachu|Pikachu-Original, M|100\/100\n|turn|15\n|c|\u2606Ekkogandr|rip\n|c|\u2606akyraaiko|gg kartana\n|\n|t:|1699736866\n|move|p2a: Tane|Knock Off|p1a: Pikachu\n|-crit|p1a: Pikachu\n|-damage|p1a: Pikachu|0 fnt\n|-enditem|p1a: Pikachu|Light Ball|[from] move: Knock Off|[of] p2a: Tane\n|faint|p1a: Pikachu\n|-ability|p2a: Tane|Beast Boost|boost\n|-boost|p2a: Tane|atk|1\n|\n|upkeep\n|\n|t:|1699736868\n|switch|p1a: Ting-Lu|Ting-Lu|97\/100\n|-ability|p1a: Ting-Lu|Vessel of Ruin\n|turn|16\n|c|\u2606Ekkogandr|eu n mato o ting lu com knock off\n|\n|t:|1699736881\n|move|p2a: Tane|Knock Off|p1a: Ting-Lu\n|-resisted|p1a: Ting-Lu\n|-damage|p1a: Ting-Lu|81\/100\n|move|p1a: Ting-Lu|Body Press|p2a: Tane\n|-supereffective|p2a: Tane\n|-damage|p2a: Tane|25\/100\n|\n|upkeep\n|turn|17\n|\n|t:|1699736916\n|switch|p2a: Ngen|Tornadus-Therian, M|100\/100\n|move|p1a: Ting-Lu|Body Press|p2a: Ngen\n|-resisted|p2a: Ngen\n|-damage|p2a: Ngen|86\/100\n|\n|upkeep\n|turn|18\n|\n|t:|1699736925\n|move|p2a: Ngen|Defog|p1a: Ting-Lu\n|-unboost|p1a: Ting-Lu|evasion|1\n|-sideend|p2: Ekkogandr|Spikes|[from] move: Defog|[of] p2a: Ngen\n|move|p1a: Ting-Lu|Body Press|p2a: Ngen\n|-resisted|p2a: Ngen\n|-damage|p2a: Ngen|70\/100\n|\n|upkeep\n|turn|19\n|\n|t:|1699736928\n|move|p2a: Ngen|U-turn|p1a: Ting-Lu\n|-supereffective|p1a: Ting-Lu\n|-damage|p1a: Ting-Lu|69\/100\n|\n|t:|1699736931\n|switch|p2a: Viridios|Rillaboom, F|59\/100|[from] U-turn\n|-fieldstart|move: Grassy Terrain|[from] ability: Grassy Surge|[of] p2a: Viridios\n|move|p1a: Ting-Lu|Body Press|p2a: Viridios\n|-damage|p2a: Viridios|25\/100\n|\n|-heal|p2a: Viridios|31\/100|[from] Grassy Terrain\n|-heal|p1a: Ting-Lu|75\/100|[from] Grassy Terrain\n|upkeep\n|turn|20\n|\n|t:|1699736937\n|move|p2a: Viridios|Wood Hammer|p1a: Ting-Lu\n|-supereffective|p1a: Ting-Lu\n|-damage|p1a: Ting-Lu|0 fnt\n|faint|p1a: Ting-Lu\n|-damage|p2a: Viridios|0 fnt|[from] Recoil\n|faint|p2a: Viridios\n|\n|win|Ekkogandr\n|l|\u2606akyraaiko\n|c|\u2606Ekkogandr|gg\n","uploadtime":1699736945,"views":4,"p1id":"akyraaiko","p2id":"ekkogandr","formatid":"gen9nationaldex","rating":0,"private":0,"password":""}