{"id":"gen9nationaldex-1994120034","p1":"LipeZero","p2":"Hyuhao\u60f3\u8981\u5929\u6069","format":"[Gen 9] National Dex","log":"|j|\u2606LipeZero\n|j|\u2606Hyuhao\u60f3\u8981\u5929\u6069\n|t:|1700409243\n|gametype|singles\n|player|p1|LipeZero|n|1131\n|player|p2|Hyuhao\u60f3\u8981\u5929\u6069|mira|1186\n|teamsize|p1|6\n|teamsize|p2|6\n|gen|9\n|tier|[Gen 9] National Dex\n|rated|\n|rule|HP Percentage Mod: HP is shown in percentages\n|rule|Endless Battle Clause: Forcing endless battles is banned\n|rule|OHKO Clause: OHKO moves are banned\n|rule|Evasion Clause: Evasion abilities, items, and moves are banned\n|rule|Evasion Abilities Clause: Evasion abilities are banned\n|rule|Evasion Items Clause: Evasion items are banned\n|rule|Evasion Moves Clause: Evasion moves are banned\n|rule|Species Clause: Limit one of each Pok\u00e9mon\n|rule|Sleep Clause Mod: Limit one foe put to sleep\n|clearpoke\n|poke|p1|Flygon, F|\n|poke|p1|Kommo-o, M|\n|poke|p1|Cloyster, M|\n|poke|p1|Armarouge, F|\n|poke|p1|Ferrothorn, M|\n|poke|p1|Mimikyu, M|\n|poke|p2|Swellow, M|\n|poke|p2|Blissey, F|\n|poke|p2|Porygon-Z|\n|poke|p2|Bewear, F|\n|poke|p2|Cyclizar, F|\n|poke|p2|Dudunsparce-*, M|\n|teampreview\n|inactive|Battle timer is ON: inactive players will automatically lose when time's up. (requested by LipeZero)\n|\n|t:|1700409252\n|start\n|switch|p1a: Babi Babydoll|Flygon, F|100\/100\n|switch|p2a: BUG\u71d5|Swellow, M, shiny|100\/100\n|turn|1\n|\n|t:|1700409259\n|-terastallize|p2a: BUG\u71d5|Normal\n|move|p2a: BUG\u71d5|Boomburst|p1a: Babi Babydoll\n|-damage|p1a: Babi Babydoll|0 fnt\n|faint|p1a: Babi Babydoll\n|\n|upkeep\n|\n|t:|1700409266\n|switch|p1a: Fudido|Kommo-o, M|100\/100\n|turn|2\n|\n|t:|1700409273\n|move|p2a: BUG\u71d5|Boomburst|p1a: Fudido\n|-damage|p1a: Fudido|0 fnt\n|faint|p1a: Fudido\n|\n|upkeep\n|\n|t:|1700409281\n|switch|p1a: Capeta|Mimikyu, M|100\/100\n|turn|3\n|\n|t:|1700409291\n|move|p2a: BUG\u71d5|Boomburst|p1a: Capeta\n|-activate|p1a: Capeta|ability: Disguise\n|-damage|p1a: Capeta|100\/100\n|detailschange|p1a: Capeta|Mimikyu-Busted, M\n|-damage|p1a: Capeta|88\/100|[from] pokemon: Mimikyu-Busted\n|move|p1a: Capeta|Play Rough|p2a: BUG\u71d5\n|-damage|p2a: BUG\u71d5|28\/100\n|\n|-heal|p1a: Capeta|94\/100|[from] item: Leftovers\n|upkeep\n|turn|4\n|\n|t:|1700409309\n|switch|p2a: Cyclizar|Cyclizar, F|100\/100\n|move|p1a: Capeta|Play Rough|p2a: Cyclizar\n|-supereffective|p2a: Cyclizar\n|-damage|p2a: Cyclizar|0 fnt\n|faint|p2a: Cyclizar\n|\n|-heal|p1a: Capeta|99\/100|[from] item: Leftovers\n|upkeep\n|\n|t:|1700409314\n|switch|p2a: BUG\u71d5|Swellow, M, shiny, tera:Normal|28\/100\n|turn|5\n|\n|t:|1700409322\n|switch|p1a: Feio|Ferrothorn, M|100\/100\n|move|p2a: BUG\u71d5|Boomburst|p1a: Feio\n|-resisted|p1a: Feio\n|-damage|p1a: Feio|66\/100\n|\n|upkeep\n|turn|6\n|\n|t:|1700409336\n|switch|p2a: Bewear|Bewear, F, shiny|100\/100\n|move|p1a: Feio|Leech Seed|p2a: Bewear\n|-start|p2a: Bewear|move: Leech Seed\n|\n|-damage|p2a: Bewear|88\/100|[from] Leech Seed|[of] p1a: Feio\n|-heal|p1a: Feio|81\/100|[silent]\n|upkeep\n|turn|7\n|\n|t:|1700409344\n|move|p2a: Bewear|Drain Punch|p1a: Feio\n|-supereffective|p1a: Feio\n|-damage|p1a: Feio|29\/100\n|-heal|p2a: Bewear|100\/100|[from] drain|[of] p1a: Feio\n|-damage|p2a: Bewear|88\/100|[from] ability: Iron Barbs|[of] p1a: Feio\n|-damage|p2a: Bewear|71\/100|[from] item: Rocky Helmet|[of] p1a: Feio\n|move|p1a: Feio|Toxic|p2a: Bewear|[miss]\n|-miss|p1a: Feio|p2a: Bewear\n|\n|-damage|p2a: Bewear|59\/100|[from] Leech Seed|[of] p1a: Feio\n|-heal|p1a: Feio|44\/100|[silent]\n|upkeep\n|turn|8\n|\n|t:|1700409367\n|switch|p2a: BUG\u71d5|Swellow, M, shiny, tera:Normal|28\/100\n|switch|p1a: Capeta|Mimikyu-Busted, M|99\/100\n|\n|-heal|p1a: Capeta|100\/100|[from] item: Leftovers\n|upkeep\n|turn|9\n|\n|t:|1700409375\n|move|p2a: BUG\u71d5|Boomburst|p1a: Capeta\n|-crit|p1a: Capeta\n|-damage|p1a: Capeta|0 fnt\n|faint|p1a: Capeta\n|\n|upkeep\n|\n|t:|1700409381\n|switch|p1a: Feio|Ferrothorn, M|44\/100\n|turn|10\n|\n|t:|1700409391\n|switch|p2a: Blissey|Blissey, F, shiny|100\/100\n|move|p1a: Feio|Leech Seed|p2a: Blissey\n|-start|p2a: Blissey|move: Leech Seed\n|\n|-damage|p2a: Blissey|88\/100|[from] Leech Seed|[of] p1a: Feio\n|-heal|p1a: Feio|69\/100|[silent]\n|upkeep\n|turn|11\n|\n|t:|1700409399\n|move|p2a: Blissey|Stealth Rock|p1a: Feio\n|-sidestart|p1: LipeZero|move: Stealth Rock\n|move|p1a: Feio|Stealth Rock|p2a: Blissey\n|-sidestart|p2: Hyuhao\u60f3\u8981\u5929\u6069|move: Stealth Rock\n|\n|-damage|p2a: Blissey|76\/100|[from] Leech Seed|[of] p1a: Feio\n|-heal|p1a: Feio|94\/100|[silent]\n|upkeep\n|turn|12\n|\n|t:|1700409412\n|move|p1a: Feio|Toxic|p2a: Blissey\n|-status|p2a: Blissey|tox\n|move|p2a: Blissey|Teleport|p2a: Blissey\n|\n|t:|1700409429\n|-curestatus|p2a: Blissey|tox|[from] ability: Natural Cure\n|switch|p2a: Bewear|Bewear, F, shiny|59\/100|[from] Teleport\n|-damage|p2a: Bewear|53\/100|[from] Stealth Rock\n|\n|upkeep\n|turn|13\n|\n|t:|1700409436\n|move|p2a: Bewear|Drain Punch|p1a: Feio\n|-supereffective|p1a: Feio\n|-damage|p1a: Feio|36\/100\n|-heal|p2a: Bewear|77\/100|[from] drain|[of] p1a: Feio\n|-damage|p2a: Bewear|64\/100|[from] ability: Iron Barbs|[of] p1a: Feio\n|-damage|p2a: Bewear|48\/100|[from] item: Rocky Helmet|[of] p1a: Feio\n|move|p1a: Feio|Toxic|p2a: Bewear\n|-status|p2a: Bewear|tox\n|\n|-damage|p2a: Bewear|42\/100 tox|[from] psn\n|upkeep\n|turn|14\n|\n|t:|1700409458\n|move|p2a: Bewear|Drain Punch|p1a: Feio\n|-supereffective|p1a: Feio\n|-damage|p1a: Feio|0 fnt\n|-heal|p2a: Bewear|56\/100 tox|[from] drain|[of] p1a: Feio\n|-damage|p2a: Bewear|44\/100 tox|[from] ability: Iron Barbs|[of] p1a: Feio\n|-damage|p2a: Bewear|27\/100 tox|[from] item: Rocky Helmet|[of] p1a: Feio\n|faint|p1a: Feio\n|\n|-damage|p2a: Bewear|15\/100 tox|[from] psn\n|upkeep\n|\n|t:|1700409471\n|switch|p1a: Comedor|Cloyster, M|100\/100\n|-damage|p1a: Comedor|76\/100|[from] Stealth Rock\n|turn|15\n|\n|t:|1700409476\n|move|p1a: Comedor|Pin Missile|p2a: Bewear\n|-resisted|p2a: Bewear\n|-damage|p2a: Bewear|12\/100 tox\n|-resisted|p2a: Bewear\n|-damage|p2a: Bewear|8\/100 tox\n|-resisted|p2a: Bewear\n|-damage|p2a: Bewear|5\/100 tox\n|-resisted|p2a: Bewear\n|-damage|p2a: Bewear|2\/100 tox\n|-resisted|p2a: Bewear\n|-damage|p2a: Bewear|0 fnt\n|faint|p2a: Bewear\n|-hitcount|p2: Bewear|5\n|\n|upkeep\n|\n|t:|1700409493\n|switch|p2a: Porygon-Z|Porygon-Z, shiny|100\/100\n|-damage|p2a: Porygon-Z|88\/100|[from] Stealth Rock\n|-ability|p2a: Porygon-Z|Download|boost\n|-boost|p2a: Porygon-Z|spa|1\n|turn|16\n|\n|t:|1700409498\n|move|p2a: Porygon-Z|Thunderbolt|p1a: Comedor\n|-supereffective|p1a: Comedor\n|-damage|p1a: Comedor|0 fnt\n|faint|p1a: Comedor\n|\n|upkeep\n|\n|t:|1700409503\n|switch|p1a: Kaz|Armarouge, F|100\/100\n|-damage|p1a: Kaz|76\/100|[from] Stealth Rock\n|turn|17\n|\n|t:|1700409511\n|-zpower|p2a: Porygon-Z\n|move|p2a: Porygon-Z|Z-Conversion|p2a: Porygon-Z|[anim]Conversion\n|-boost|p2a: Porygon-Z|atk|1|[zeffect]\n|-boost|p2a: Porygon-Z|def|1|[zeffect]\n|-boost|p2a: Porygon-Z|spa|1|[zeffect]\n|-boost|p2a: Porygon-Z|spd|1|[zeffect]\n|-boost|p2a: Porygon-Z|spe|1|[zeffect]\n|-start|p2a: Porygon-Z|typechange|Electric\n|move|p1a: Kaz|Calm Mind|p1a: Kaz\n|-boost|p1a: Kaz|spa|1\n|-boost|p1a: Kaz|spd|1\n|\n|upkeep\n|turn|18\n|\n|t:|1700409526\n|move|p2a: Porygon-Z|Thunderbolt|p1a: Kaz\n|-damage|p1a: Kaz|19\/100\n|move|p1a: Kaz|Armor Cannon|p2a: Porygon-Z\n|-damage|p2a: Porygon-Z|13\/100\n|-unboost|p1a: Kaz|def|1\n|-unboost|p1a: Kaz|spd|1\n|\n|upkeep\n|turn|19\n|\n|t:|1700409534\n|move|p2a: Porygon-Z|Thunderbolt|p1a: Kaz\n|-damage|p1a: Kaz|0 fnt\n|faint|p1a: Kaz\n|\n|win|Hyuhao\u60f3\u8981\u5929\u6069\n|raw|LipeZero's rating: 1131 &rarr; <strong>1110<\/strong><br \/>(-21 for losing)\n|raw|Hyuhao\u60f3\u8981\u5929\u6069's rating: 1186 &rarr; <strong>1207<\/strong><br \/>(+21 for winning)\n","uploadtime":1700409538,"views":10,"p1id":"lipezero","p2id":"hyuhao","formatid":"gen9nationaldex","rating":1110,"private":0,"password":""}