{"id":"gen9nationaldex-2000545782","p1":"netro1212","p2":"itay80771","format":"[Gen 9] National Dex","log":"|html|<div class=\"broadcast-blue\"><strong>[Gen 9] National Dex is currently suspecting Sneasler! For information on how to participate check out the <a href=\"https:\/\/www.smogon.com\/forums\/threads\/sv-national-dex-suspect-8-just-dance.3731534\/\">suspect thread<\/a>.<\/strong><\/div>\n|j|\u2606netro1212\n|j|\u2606itay80771\n|t:|1701204069\n|gametype|singles\n|player|p1|netro1212|102|\n|player|p2|itay80771|giovanni|\n|teamsize|p1|6\n|teamsize|p2|6\n|gen|9\n|tier|[Gen 9] National Dex\n|rule|HP Percentage Mod: HP is shown in percentages\n|rule|Endless Battle Clause: Forcing endless battles is banned\n|rule|OHKO Clause: OHKO moves are banned\n|rule|Evasion Clause: Evasion abilities, items, and moves are banned\n|rule|Evasion Abilities Clause: Evasion abilities are banned\n|rule|Evasion Items Clause: Evasion items are banned\n|rule|Evasion Moves Clause: Evasion moves are banned\n|rule|Species Clause: Limit one of each Pok\u00e9mon\n|rule|Sleep Clause Mod: Limit one foe put to sleep\n|clearpoke\n|poke|p1|Blacephalon|\n|poke|p1|Aegislash, F|\n|poke|p1|Banette, F|\n|poke|p1|Polteageist|\n|poke|p1|Zoroark-Hisui, M|\n|poke|p1|Trevenant, M|\n|poke|p2|Landorus-Therian, M|\n|poke|p2|Clodsire, M|\n|poke|p2|Excadrill, F|\n|poke|p2|Hippowdon, M|\n|poke|p2|Garchomp, F|\n|poke|p2|Torterra, F|\n|teampreview\n|inactive|Battle timer is ON: inactive players will automatically lose when time's up. (requested by itay80771)\n|inactive|netro1212 has 270 seconds left.\n|inactive|itay80771 has 270 seconds left.\n|\n|t:|1701204115\n|start\n|switch|p1a: Spooky Knight|Aegislash, F, shiny|100\/100\n|switch|p2a: Moldera|Excadrill, F, shiny|100\/100\n|turn|1\n|\n|t:|1701204130\n|move|p2a: Moldera|Swords Dance|p2a: Moldera\n|-boost|p2a: Moldera|atk|2\n|-formechange|p1a: Spooky Knight|Aegislash-Blade||[from] ability: Stance Change\n|move|p1a: Spooky Knight|Shadow Ball|p2a: Moldera\n|-damage|p2a: Moldera|50\/100\n|\n|upkeep\n|turn|2\n|\n|t:|1701204144\n|switch|p1a: Im Groot|Trevenant, M, shiny|100\/100\n|move|p2a: Moldera|Earthquake|p1a: Im Groot\n|-resisted|p1a: Im Groot\n|-damage|p1a: Im Groot|35\/100\n|-enditem|p1a: Im Groot|Sitrus Berry|[eat]\n|-heal|p1a: Im Groot|60\/100|[from] item: Sitrus Berry\n|\n|-item|p1a: Im Groot|Sitrus Berry|[from] ability: Harvest\n|upkeep\n|turn|3\n|\n|t:|1701204158\n|move|p1a: Im Groot|Protect|p1a: Im Groot\n|-singleturn|p1a: Im Groot|Protect\n|move|p2a: Moldera|Iron Head|p1a: Im Groot\n|-activate|p1a: Im Groot|move: Protect\n|\n|upkeep\n|turn|4\n|\n|t:|1701204168\n|switch|p1a: Nasty Clown|Blacephalon, shiny|100\/100\n|move|p2a: Moldera|Iron Head|p1a: Nasty Clown\n|-resisted|p1a: Nasty Clown\n|-damage|p1a: Nasty Clown|0 fnt\n|faint|p1a: Nasty Clown\n|\n|upkeep\n|\n|t:|1701204180\n|switch|p1a: Tea Time!|Polteageist|100\/100\n|turn|5\n|\n|t:|1701204192\n|move|p2a: Moldera|Earthquake|p1a: Tea Time!\n|-enditem|p1a: Tea Time!|Focus Sash\n|-damage|p1a: Tea Time!|1\/100\n|-ability|p1a: Tea Time!|Weak Armor|boost\n|-unboost|p1a: Tea Time!|def|1\n|-boost|p1a: Tea Time!|spe|2\n|move|p1a: Tea Time!|Shell Smash|p1a: Tea Time!\n|-unboost|p1a: Tea Time!|def|1\n|-unboost|p1a: Tea Time!|spd|1\n|-boost|p1a: Tea Time!|atk|2\n|-boost|p1a: Tea Time!|spa|2\n|-boost|p1a: Tea Time!|spe|2\n|\n|upkeep\n|turn|6\n|\n|t:|1701204208\n|switch|p2a: Pooper 2.0|Clodsire, M, shiny|100\/100\n|move|p1a: Tea Time!|Stored Power|p2a: Pooper 2.0\n|-supereffective|p2a: Pooper 2.0\n|-damage|p2a: Pooper 2.0|22\/100\n|\n|upkeep\n|turn|7\n|\n|t:|1701204216\n|move|p1a: Tea Time!|Stored Power|p2a: Pooper 2.0\n|-supereffective|p2a: Pooper 2.0\n|-damage|p2a: Pooper 2.0|0 fnt\n|faint|p2a: Pooper 2.0\n|\n|upkeep\n|\n|t:|1701204220\n|switch|p2a: Madara|Garchomp, F|100\/100\n|turn|8\n|\n|t:|1701204225\n|detailschange|p2a: Madara|Garchomp-Mega, F\n|-mega|p2a: Madara|Garchomp|Garchompite\n|move|p1a: Tea Time!|Shadow Ball|p2a: Madara\n|-damage|p2a: Madara|9\/100\n|move|p2a: Madara|Scale Shot|p1a: Tea Time!\n|-damage|p1a: Tea Time!|0 fnt\n|faint|p1a: Tea Time!\n|-hitcount|p1: Tea Time!|1\n|-unboost|p2a: Madara|def|1\n|-boost|p2a: Madara|spe|1\n|\n|upkeep\n|\n|t:|1701204238\n|switch|p1a: Im Groot|Trevenant, M, shiny|60\/100\n|turn|9\n|\n|t:|1701204242\n|move|p2a: Madara|Scale Shot|p1a: Im Groot\n|-damage|p1a: Im Groot|39\/100\n|-enditem|p1a: Im Groot|Sitrus Berry|[eat]\n|-heal|p1a: Im Groot|64\/100|[from] item: Sitrus Berry\n|-damage|p1a: Im Groot|44\/100\n|-hitcount|p1a: Im Groot|2\n|-unboost|p2a: Madara|def|1\n|-boost|p2a: Madara|spe|1\n|move|p1a: Im Groot|Horn Leech|p2a: Madara\n|-damage|p2a: Madara|0 fnt\n|-heal|p1a: Im Groot|48\/100|[from] drain|[of] p2a: Madara\n|faint|p2a: Madara\n|\n|upkeep\n|\n|t:|1701204258\n|switch|p2a: Behemoth|Landorus-Therian, M, shiny|100\/100\n|-ability|p2a: Behemoth|Intimidate|boost\n|-unboost|p1a: Im Groot|atk|1\n|turn|10\n|\n|t:|1701204265\n|move|p1a: Im Groot|Protect|p1a: Im Groot\n|-singleturn|p1a: Im Groot|Protect\n|move|p2a: Behemoth|Knock Off|p1a: Im Groot\n|-activate|p1a: Im Groot|move: Protect\n|\n|-item|p1a: Im Groot|Sitrus Berry|[from] ability: Harvest\n|upkeep\n|-enditem|p1a: Im Groot|Sitrus Berry|[eat]\n|-heal|p1a: Im Groot|73\/100|[from] item: Sitrus Berry\n|turn|11\n|\n|t:|1701204279\n|move|p2a: Behemoth|Knock Off|p1a: Im Groot\n|-supereffective|p1a: Im Groot\n|-damage|p1a: Im Groot|0 fnt\n|faint|p1a: Im Groot\n|-damage|p2a: Behemoth|91\/100|[from] item: Life Orb\n|\n|upkeep\n|\n|t:|1701204286\n|switch|p1a: Spooky Knight|Aegislash, F, shiny|100\/100\n|turn|12\n|\n|t:|1701204294\n|move|p1a: Spooky Knight|King's Shield|p1a: Spooky Knight\n|-singleturn|p1a: Spooky Knight|Protect\n|move|p2a: Behemoth|U-turn|p1a: Spooky Knight\n|-activate|p1a: Spooky Knight|move: Protect\n|-unboost|p2a: Behemoth|atk|1\n|\n|upkeep\n|turn|13\n|j| bidoofol\n|\n|t:|1701204306\n|switch|p1a: Creepy Doll|Banette, F, shiny|100\/100\n|move|p2a: Behemoth|U-turn|p1a: Creepy Doll\n|-resisted|p1a: Creepy Doll\n|-damage|p1a: Creepy Doll|79\/100\n|replace|p1a: Manchester|Zoroark-Hisui, M, shiny\n|-end|p1a: Manchester|Illusion\n|-damage|p2a: Behemoth|81\/100|[from] item: Life Orb\n|\n|t:|1701204315\n|switch|p2a: Moldera|Excadrill, F, shiny|50\/100|[from] U-turn\n|\n|upkeep\n|turn|14\n|c| bidoofol|\u05d1\u05e8\u05d4\n|\n|t:|1701204325\n|-terastallize|p1a: Manchester|Normal\n|move|p1a: Manchester|Hyper Voice|p2a: Moldera\n|-resisted|p2a: Moldera\n|-damage|p2a: Moldera|0 fnt\n|faint|p2a: Moldera\n|\n|upkeep\n|\n|t:|1701204334\n|switch|p2a: Broccoli|Torterra, F|100\/100\n|turn|15\n|\n|t:|1701204340\n|move|p1a: Manchester|Hyper Voice|p2a: Broccoli\n|-damage|p2a: Broccoli|0 fnt\n|faint|p2a: Broccoli\n|\n|upkeep\n|\n|t:|1701204345\n|switch|p2a: Happy Hippo|Hippowdon, M|100\/100\n|-weather|Sandstorm|[from] ability: Sand Stream|[of] p2a: Happy Hippo\n|turn|16\n|\n|t:|1701204350\n|move|p1a: Manchester|Hyper Voice|p2a: Happy Hippo\n|-damage|p2a: Happy Hippo|13\/100\n|move|p2a: Happy Hippo|Body Press|p1a: Manchester\n|-supereffective|p1a: Manchester\n|-damage|p1a: Manchester|0 fnt\n|faint|p1a: Manchester\n|\n|-weather|Sandstorm|[upkeep]\n|upkeep\n|\n|t:|1701204361\n|switch|p1a: Spooky Knight|Aegislash, F, shiny|100\/100\n|turn|17\n|\n|t:|1701204377\n|-formechange|p1a: Spooky Knight|Aegislash-Blade||[from] ability: Stance Change\n|move|p1a: Spooky Knight|Flash Cannon|p2a: Happy Hippo\n|-damage|p2a: Happy Hippo|0 fnt\n|faint|p2a: Happy Hippo\n|\n|-weather|Sandstorm|[upkeep]\n|upkeep\n|\n|t:|1701204386\n|switch|p2a: Behemoth|Landorus-Therian, M, shiny|81\/100\n|-ability|p2a: Behemoth|Intimidate|boost\n|-unboost|p1a: Spooky Knight|atk|1\n|turn|18\n|\n|t:|1701204394\n|-formechange|p1a: Spooky Knight|Aegislash||[from] ability: Stance Change\n|move|p1a: Spooky Knight|King's Shield|p1a: Spooky Knight\n|-singleturn|p1a: Spooky Knight|Protect\n|move|p2a: Behemoth|Knock Off|p1a: Spooky Knight\n|-activate|p1a: Spooky Knight|move: Protect\n|-unboost|p2a: Behemoth|atk|1\n|\n|-weather|Sandstorm|[upkeep]\n|upkeep\n|turn|19\n|\n|t:|1701204413\n|-terastallize|p2a: Behemoth|Steel\n|move|p2a: Behemoth|Knock Off|p1a: Spooky Knight\n|-supereffective|p1a: Spooky Knight\n|-crit|p1a: Spooky Knight\n|-damage|p1a: Spooky Knight|0 fnt\n|-enditem|p1a: Spooky Knight|Leftovers|[from] move: Knock Off|[of] p2a: Behemoth\n|faint|p1a: Spooky Knight\n|-damage|p2a: Behemoth|71\/100|[from] item: Life Orb\n|\n|-weather|Sandstorm|[upkeep]\n|upkeep\n|\n|t:|1701204423\n|switch|p1a: Creepy Doll|Banette, F, shiny|100\/100\n|turn|20\n|\n|t:|1701204430\n|detailschange|p1a: Creepy Doll|Banette-Mega, F, shiny\n|-mega|p1a: Creepy Doll|Banette|Banettite\n|move|p1a: Creepy Doll|Will-O-Wisp|p2a: Behemoth|[miss]\n|-miss|p1a: Creepy Doll|p2a: Behemoth\n|move|p2a: Behemoth|Earthquake|p1a: Creepy Doll\n|-damage|p1a: Creepy Doll|35\/100\n|-damage|p2a: Behemoth|61\/100|[from] item: Life Orb\n|\n|-weather|Sandstorm|[upkeep]\n|-damage|p1a: Creepy Doll|29\/100|[from] Sandstorm\n|upkeep\n|turn|21\n|\n|t:|1701204452\n|move|p1a: Creepy Doll|Destiny Bond|p1a: Creepy Doll\n|-singlemove|p1a: Creepy Doll|Destiny Bond\n|move|p2a: Behemoth|Earthquake|p1a: Creepy Doll\n|-crit|p1a: Creepy Doll\n|-damage|p1a: Creepy Doll|0 fnt\n|faint|p1a: Creepy Doll\n|-activate|p1a: Creepy Doll|move: Destiny Bond\n|faint|p2a: Behemoth\n|\n|win|itay80771\n|l| bidoofol\n|l|\u2606itay80771\n|j| Lightning emolga\n","uploadtime":1701204599,"views":9,"p1id":"netro1212","p2id":"itay80771","formatid":"gen9nationaldex","rating":0,"private":0,"password":""}