{"id":"gen9nationaldex-1992201930","p1":"Finallyfoundaname","p2":"hightopfade69","format":"[Gen 9] National Dex","log":"|j|\u2606Finallyfoundaname\n|j|\u2606hightopfade69\n|t:|1700163453\n|gametype|singles\n|player|p1|Finallyfoundaname|unknown|1264\n|player|p2|hightopfade69|2|1278\n|teamsize|p1|6\n|teamsize|p2|6\n|gen|9\n|tier|[Gen 9] National Dex\n|rated|\n|rule|HP Percentage Mod: HP is shown in percentages\n|rule|Endless Battle Clause: Forcing endless battles is banned\n|rule|OHKO Clause: OHKO moves are banned\n|rule|Evasion Clause: Evasion abilities, items, and moves are banned\n|rule|Evasion Abilities Clause: Evasion abilities are banned\n|rule|Evasion Items Clause: Evasion items are banned\n|rule|Evasion Moves Clause: Evasion moves are banned\n|rule|Species Clause: Limit one of each Pok\u00e9mon\n|rule|Sleep Clause Mod: Limit one foe put to sleep\n|clearpoke\n|poke|p1|Kartana|\n|poke|p1|Shuckle, F|\n|poke|p1|Malamar, F|\n|poke|p1|Diancie|\n|poke|p1|Sneasler, F|\n|poke|p1|Dragonite, F|\n|poke|p2|Glalie, F|\n|poke|p2|Ninetales-Alola, M|\n|poke|p2|Samurott-Hisui, M|\n|poke|p2|Tapu Lele|\n|poke|p2|Heatran, M|\n|poke|p2|Glimmora, M|\n|teampreview\n|\n|t:|1700163464\n|start\n|switch|p1a: Malamar|Malamar, F|100\/100\n|switch|p2a: Samurott|Samurott-Hisui, M|100\/100\n|turn|1\n|\n|t:|1700163477\n|move|p2a: Samurott|Ceaseless Edge|p1a: Malamar\n|-damage|p1a: Malamar|68\/100\n|-sidestart|p1: Finallyfoundaname|Spikes\n|move|p1a: Malamar|Trick Room|p1a: Malamar\n|-fieldstart|move: Trick Room|[of] p1a: Malamar\n|\n|-heal|p1a: Malamar|74\/100|[from] item: Leftovers\n|upkeep\n|turn|2\n|\n|t:|1700163481\n|move|p1a: Malamar|Superpower|p2a: Samurott\n|-supereffective|p2a: Samurott\n|-damage|p2a: Samurott|43\/100\n|-boost|p1a: Malamar|atk|1\n|-boost|p1a: Malamar|def|1\n|move|p2a: Samurott|Flip Turn|p1a: Malamar\n|-damage|p1a: Malamar|60\/100\n|\n|t:|1700163488\n|switch|p2a: Glimmora|Glimmora, M|100\/100|[from] Flip Turn\n|\n|-heal|p1a: Malamar|66\/100|[from] item: Leftovers\n|upkeep\n|turn|3\n|\n|t:|1700163497\n|move|p1a: Malamar|Superpower|p2a: Glimmora\n|-damage|p2a: Glimmora|56\/100\n|-boost|p1a: Malamar|atk|1\n|-boost|p1a: Malamar|def|1\n|-activate|p2a: Glimmora|ability: Toxic Debris\n|-sidestart|p1: Finallyfoundaname|move: Toxic Spikes\n|move|p2a: Glimmora|Mortal Spin|p1a: Malamar\n|-damage|p1a: Malamar|64\/100\n|-status|p1a: Malamar|psn\n|\n|-heal|p1a: Malamar|70\/100 psn|[from] item: Leftovers\n|-damage|p1a: Malamar|58\/100 psn|[from] psn\n|upkeep\n|turn|4\n|\n|t:|1700163510\n|move|p1a: Malamar|Superpower|p2a: Glimmora\n|-damage|p2a: Glimmora|0 fnt\n|-boost|p1a: Malamar|atk|1\n|-boost|p1a: Malamar|def|1\n|-activate|p2a: Glimmora|ability: Toxic Debris\n|-sidestart|p1: Finallyfoundaname|move: Toxic Spikes\n|faint|p2a: Glimmora\n|\n|-heal|p1a: Malamar|64\/100 psn|[from] item: Leftovers\n|-damage|p1a: Malamar|51\/100 psn|[from] psn\n|upkeep\n|\n|t:|1700163514\n|switch|p2a: Ninetales|Ninetales-Alola, M|100\/100\n|-weather|Snow|[from] ability: Snow Warning|[of] p2a: Ninetales\n|turn|5\n|\n|t:|1700163521\n|move|p1a: Malamar|Superpower|p2a: Ninetales\n|-damage|p2a: Ninetales|35\/100\n|-boost|p1a: Malamar|atk|1\n|-boost|p1a: Malamar|def|1\n|move|p2a: Ninetales|Aurora Veil|p2a: Ninetales\n|-sidestart|p2: hightopfade69|move: Aurora Veil\n|\n|-weather|Snow|[upkeep]\n|-heal|p1a: Malamar|58\/100 psn|[from] item: Leftovers\n|-damage|p1a: Malamar|45\/100 psn|[from] psn\n|-fieldend|move: Trick Room\n|upkeep\n|turn|6\n|\n|t:|1700163525\n|move|p2a: Ninetales|Moonblast|p1a: Malamar\n|-supereffective|p1a: Malamar\n|-damage|p1a: Malamar|0 fnt\n|faint|p1a: Malamar\n|\n|-weather|Snow|[upkeep]\n|upkeep\n|\n|t:|1700163528\n|switch|p1a: Sneasler|Sneasler, F|100\/100\n|-damage|p1a: Sneasler|88\/100|[from] Spikes\n|-sideend|p1: Finallyfoundaname|move: Toxic Spikes|[of] p1a: Sneasler\n|turn|7\n|\n|t:|1700163537\n|switch|p1a: Shuckle|Shuckle, F|100\/100\n|-damage|p1a: Shuckle|88\/100|[from] Spikes\n|move|p2a: Ninetales|Encore||[still]\n|-fail|p2a: Ninetales\n|\n|-weather|Snow|[upkeep]\n|-heal|p1a: Shuckle|94\/100|[from] item: Leftovers\n|upkeep\n|turn|8\n|\n|t:|1700163548\n|move|p2a: Ninetales|Moonblast|p1a: Shuckle\n|-damage|p1a: Shuckle|75\/100\n|-unboost|p1a: Shuckle|spa|1\n|move|p1a: Shuckle|Sticky Web|p2a: Ninetales\n|-sidestart|p2: hightopfade69|move: Sticky Web\n|\n|-weather|Snow|[upkeep]\n|-heal|p1a: Shuckle|81\/100|[from] item: Leftovers\n|upkeep\n|turn|9\n|\n|t:|1700163554\n|switch|p1a: Kartana|Kartana|100\/100\n|-damage|p1a: Kartana|88\/100|[from] Spikes\n|move|p2a: Ninetales|Blizzard|p1a: Kartana\n|-damage|p1a: Kartana|0 fnt\n|faint|p1a: Kartana\n|\n|-weather|none\n|upkeep\n|\n|t:|1700163566\n|switch|p1a: Diancie|Diancie|100\/100\n|-damage|p1a: Diancie|88\/100|[from] Spikes\n|turn|10\n|\n|t:|1700163576\n|switch|p2a: Samurott|Samurott-Hisui, M|43\/100\n|-activate|p2a: Samurott|move: Sticky Web\n|-unboost|p2a: Samurott|spe|1\n|detailschange|p1a: Diancie|Diancie-Mega\n|-mega|p1a: Diancie|Diancie|Diancite\n|move|p1a: Diancie|Amnesia|p1a: Diancie\n|-boost|p1a: Diancie|spd|2\n|\n|upkeep\n|turn|11\n|\n|t:|1700163585\n|move|p1a: Diancie|Diamond Storm|p2a: Samurott\n|-damage|p2a: Samurott|5\/100\n|move|p2a: Samurott|Flip Turn|p1a: Diancie\n|-supereffective|p1a: Diancie\n|-damage|p1a: Diancie|15\/100\n|\n|t:|1700163591\n|switch|p2a: Glalie|Glalie, F|100\/100|[from] Flip Turn\n|-activate|p2a: Glalie|move: Sticky Web\n|-unboost|p2a: Glalie|spe|1\n|\n|upkeep\n|turn|12\n|\n|t:|1700163598\n|detailschange|p2a: Glalie|Glalie-Mega, F\n|-mega|p2a: Glalie|Glalie|Glalitite\n|move|p2a: Glalie|Ice Shard|p1a: Diancie\n|-damage|p1a: Diancie|0 fnt\n|faint|p1a: Diancie\n|\n|-sideend|p2: hightopfade69|move: Aurora Veil\n|upkeep\n|\n|t:|1700163602\n|switch|p1a: Shuckle|Shuckle, F|81\/100\n|-damage|p1a: Shuckle|68\/100|[from] Spikes\n|turn|13\n|\n|t:|1700163610\n|switch|p2a: Ninetales|Ninetales-Alola, M|35\/100\n|-activate|p2a: Ninetales|move: Sticky Web\n|-unboost|p2a: Ninetales|spe|1\n|-weather|Snow|[from] ability: Snow Warning|[of] p2a: Ninetales\n|move|p1a: Shuckle|Power Split|p2a: Ninetales\n|-activate|p1a: Shuckle|move: Power Split|[of] p2a: Ninetales\n|\n|-weather|Snow|[upkeep]\n|-heal|p1a: Shuckle|75\/100|[from] item: Leftovers\n|upkeep\n|turn|14\n|\n|t:|1700163623\n|move|p2a: Ninetales|Aurora Veil|p2a: Ninetales\n|-sidestart|p2: hightopfade69|move: Aurora Veil\n|move|p1a: Shuckle|Gyro Ball|p2a: Ninetales\n|-supereffective|p2a: Ninetales\n|-damage|p2a: Ninetales|7\/100\n|\n|-weather|Snow|[upkeep]\n|-heal|p1a: Shuckle|81\/100|[from] item: Leftovers\n|upkeep\n|turn|15\n|\n|t:|1700163631\n|move|p2a: Ninetales|Encore|p1a: Shuckle\n|-start|p1a: Shuckle|Encore\n|move|p1a: Shuckle|Gyro Ball|p2a: Ninetales\n|-supereffective|p2a: Ninetales\n|-damage|p2a: Ninetales|0 fnt\n|faint|p2a: Ninetales\n|\n|-weather|Snow|[upkeep]\n|-heal|p1a: Shuckle|87\/100|[from] item: Leftovers\n|upkeep\n|\n|t:|1700163637\n|switch|p2a: Samurott|Samurott-Hisui, M|5\/100\n|-activate|p2a: Samurott|move: Sticky Web\n|-unboost|p2a: Samurott|spe|1\n|turn|16\n|\n|t:|1700163644\n|move|p2a: Samurott|Ceaseless Edge|p1a: Shuckle|[miss]\n|-miss|p2a: Samurott|p1a: Shuckle\n|move|p1a: Shuckle|Gyro Ball|p2a: Samurott\n|-resisted|p2a: Samurott\n|-damage|p2a: Samurott|1\/100\n|\n|-weather|Snow|[upkeep]\n|-heal|p1a: Shuckle|93\/100|[from] item: Leftovers\n|upkeep\n|turn|17\n|\n|t:|1700163647\n|move|p2a: Samurott|Ceaseless Edge|p1a: Shuckle\n|-damage|p1a: Shuckle|63\/100\n|-sidestart|p1: Finallyfoundaname|Spikes\n|move|p1a: Shuckle|Gyro Ball|p2a: Samurott\n|-resisted|p2a: Samurott\n|-damage|p2a: Samurott|0 fnt\n|faint|p2a: Samurott\n|\n|-weather|none\n|-heal|p1a: Shuckle|70\/100|[from] item: Leftovers\n|-end|p1a: Shuckle|Encore\n|upkeep\n|\n|t:|1700163653\n|switch|p2a: Heatran|Heatran, M|100\/100\n|-activate|p2a: Heatran|move: Sticky Web\n|-unboost|p2a: Heatran|spe|1\n|turn|18\n|\n|t:|1700163656\n|move|p2a: Heatran|Stealth Rock|p1a: Shuckle\n|-sidestart|p1: Finallyfoundaname|move: Stealth Rock\n|move|p1a: Shuckle|Power Split|p2a: Heatran\n|-activate|p1a: Shuckle|move: Power Split|[of] p2a: Heatran\n|\n|-heal|p1a: Shuckle|76\/100|[from] item: Leftovers\n|upkeep\n|turn|19\n|\n|t:|1700163662\n|move|p2a: Heatran|Toxic|p1a: Shuckle\n|-status|p1a: Shuckle|tox\n|move|p1a: Shuckle|Stealth Rock|p2a: Heatran\n|-sidestart|p2: hightopfade69|move: Stealth Rock\n|\n|-heal|p1a: Shuckle|82\/100 tox|[from] item: Leftovers\n|-damage|p1a: Shuckle|76\/100 tox|[from] psn\n|upkeep\n|turn|20\n|\n|t:|1700163672\n|move|p2a: Heatran|Scorching Sands|p1a: Shuckle\n|-damage|p1a: Shuckle|68\/100 tox\n|move|p1a: Shuckle|Gyro Ball|p2a: Heatran\n|-resisted|p2a: Heatran\n|-damage|p2a: Heatran|98\/100\n|\n|-heal|p1a: Shuckle|74\/100 tox|[from] item: Leftovers\n|-damage|p1a: Shuckle|61\/100 tox|[from] psn\n|upkeep\n|turn|21\n|\n|t:|1700163676\n|move|p2a: Heatran|Stealth Rock||[still]\n|-fail|p2a: Heatran\n|move|p1a: Shuckle|Gyro Ball|p2a: Heatran\n|-resisted|p2a: Heatran\n|-damage|p2a: Heatran|96\/100\n|\n|-heal|p1a: Shuckle|68\/100 tox|[from] item: Leftovers\n|-damage|p1a: Shuckle|49\/100 tox|[from] psn\n|-sideend|p2: hightopfade69|move: Aurora Veil\n|upkeep\n|turn|22\n|\n|t:|1700163682\n|move|p2a: Heatran|Stealth Rock||[still]\n|-fail|p2a: Heatran\n|move|p1a: Shuckle|Gyro Ball|p2a: Heatran\n|-resisted|p2a: Heatran\n|-damage|p2a: Heatran|93\/100\n|\n|-heal|p1a: Shuckle|55\/100 tox|[from] item: Leftovers\n|-damage|p1a: Shuckle|31\/100 tox|[from] psn\n|upkeep\n|turn|23\n|\n|t:|1700163684\n|switch|p1a: Dragonite|Dragonite, F|100\/100\n|-damage|p1a: Dragonite|76\/100|[from] Stealth Rock\n|move|p2a: Heatran|Stealth Rock||[still]\n|-fail|p2a: Heatran\n|\n|-heal|p1a: Dragonite|82\/100|[from] item: Leftovers\n|upkeep\n|turn|24\n|\n|t:|1700163691\n|move|p1a: Dragonite|Dragon Dance|p1a: Dragonite\n|-boost|p1a: Dragonite|atk|1\n|-boost|p1a: Dragonite|spe|1\n|move|p2a: Heatran|Toxic|p1a: Dragonite\n|-status|p1a: Dragonite|tox\n|\n|-heal|p1a: Dragonite|88\/100 tox|[from] item: Leftovers\n|-damage|p1a: Dragonite|82\/100 tox|[from] psn\n|upkeep\n|turn|25\n|\n|t:|1700163698\n|switch|p2a: Tapu Lele|Tapu Lele|100\/100\n|-activate|p2a: Tapu Lele|move: Sticky Web\n|-unboost|p2a: Tapu Lele|spe|1\n|-damage|p2a: Tapu Lele|88\/100|[from] Stealth Rock\n|-fieldstart|move: Psychic Terrain|[from] ability: Psychic Surge|[of] p2a: Tapu Lele\n|move|p1a: Dragonite|Earthquake|p2a: Tapu Lele\n|-damage|p2a: Tapu Lele|0 fnt\n|faint|p2a: Tapu Lele\n|\n|-heal|p1a: Dragonite|88\/100 tox|[from] item: Leftovers\n|-damage|p1a: Dragonite|76\/100 tox|[from] psn\n|upkeep\n|c|\u2606Finallyfoundaname|why'd you go to tapu lele lolll\n|\n|t:|1700163713\n|switch|p2a: Glalie|Glalie-Mega, F|100\/100\n|-activate|p2a: Glalie|move: Sticky Web\n|-unboost|p2a: Glalie|spe|1\n|-damage|p2a: Glalie|75\/100|[from] Stealth Rock\n|turn|26\n|\n|t:|1700163719\n|move|p2a: Glalie|Ice Shard|p1a: Dragonite\n|-hint|Psychic Terrain doesn't affect Pok\u00e9mon immune to Ground.\n|-supereffective|p1a: Dragonite\n|-damage|p1a: Dragonite|0 fnt\n|faint|p1a: Dragonite\n|\n|upkeep\n|c|\u2606Finallyfoundaname|ah\n|c|\u2606Finallyfoundaname|never knew that loll\n|\n|t:|1700163735\n|switch|p1a: Shuckle|Shuckle, F|31\/100 tox\n|-damage|p1a: Shuckle|14\/100 tox|[from] Spikes\n|-damage|p1a: Shuckle|0 fnt|[from] Stealth Rock\n|faint|p1a: Shuckle\n|\n|t:|1700163737\n|switch|p1a: Sneasler|Sneasler, F|88\/100\n|-damage|p1a: Sneasler|72\/100|[from] Spikes\n|-damage|p1a: Sneasler|66\/100|[from] Stealth Rock\n|turn|27\n|\n|t:|1700163748\n|move|p1a: Sneasler|Dire Claw|p2a: Glalie\n|-damage|p2a: Glalie|20\/100\n|move|p2a: Glalie|Explosion|p1a: Sneasler\n|-damage|p1a: Sneasler|0 fnt\n|faint|p2a: Glalie\n|faint|p1a: Sneasler\n|\n|win|hightopfade69\n|raw|Finallyfoundaname's rating: 1264 &rarr; <strong>1240<\/strong><br \/>(-24 for losing)\n|raw|hightopfade69's rating: 1278 &rarr; <strong>1302<\/strong><br \/>(+24 for winning)\n|c|\u2606Finallyfoundaname|yea gg\n|l|\u2606Finallyfoundaname\n","uploadtime":1700163757,"views":37,"p1id":"finallyfoundaname","p2id":"hightopfade69","formatid":"gen9nationaldex","rating":1240,"private":0,"password":""}