{"id":"gen9nationaldex-1992999858","p1":"Zhanlue","p2":"AFreeVirus!","format":"[Gen 9] National Dex","log":"|j|\u2606Zhanlue\n|j|\u2606AFreeVirus!\n|t:|1700254181\n|gametype|singles\n|player|p1|Zhanlue|170|1263\n|player|p2|AFreeVirus!|ingo|1358\n|teamsize|p1|6\n|teamsize|p2|6\n|gen|9\n|tier|[Gen 9] National Dex\n|rated|\n|rule|HP Percentage Mod: HP is shown in percentages\n|rule|Endless Battle Clause: Forcing endless battles is banned\n|rule|OHKO Clause: OHKO moves are banned\n|rule|Evasion Clause: Evasion abilities, items, and moves are banned\n|rule|Evasion Abilities Clause: Evasion abilities are banned\n|rule|Evasion Items Clause: Evasion items are banned\n|rule|Evasion Moves Clause: Evasion moves are banned\n|rule|Species Clause: Limit one of each Pok\u00e9mon\n|rule|Sleep Clause Mod: Limit one foe put to sleep\n|clearpoke\n|poke|p1|Corviknight, F|\n|poke|p1|Excadrill, M|\n|poke|p1|Greninja-*, M|\n|poke|p1|Sneasler, F|\n|poke|p1|Volcarona, M|\n|poke|p1|Mimikyu, F|\n|poke|p2|Tapu Koko|\n|poke|p2|Raichu-Alola, F|\n|poke|p2|Landorus-Therian, M|\n|poke|p2|Iron Valiant|\n|poke|p2|Alomomola, F|\n|poke|p2|Corviknight, F|\n|teampreview\n|inactive|Battle timer is ON: inactive players will automatically lose when time's up. (requested by Zhanlue)\n|\n|t:|1700254196\n|start\n|switch|p1a: Sneasler|Sneasler, F, shiny|100\/100\n|switch|p2a: Tapu Koko|Tapu Koko|100\/100\n|-fieldstart|move: Electric Terrain|[from] ability: Electric Surge|[of] p2a: Tapu Koko\n|turn|1\n|\n|t:|1700254226\n|switch|p2a: Corviknight|Corviknight, F|100\/100\n|-ability|p2a: Corviknight|Pressure\n|move|p1a: Sneasler|Fake Out|p2a: Corviknight\n|-resisted|p2a: Corviknight\n|-damage|p2a: Corviknight|96\/100\n|\n|upkeep\n|turn|2\n|inactive|AFreeVirus! has 120 seconds left.\n|\n|t:|1700254242\n|move|p1a: Sneasler|Close Combat|p2a: Corviknight\n|-damage|p2a: Corviknight|56\/100\n|-unboost|p1a: Sneasler|def|1\n|-unboost|p1a: Sneasler|spd|1\n|move|p2a: Corviknight|U-turn|p1a: Sneasler\n|-resisted|p1a: Sneasler\n|-damage|p1a: Sneasler|92\/100\n|inactive|AFreeVirus! has 120 seconds left.\n|\n|t:|1700254252\n|switch|p2a: Raichu|Raichu-Alola, F|100\/100|[from] U-turn\n|\n|upkeep\n|turn|3\n|inactive|AFreeVirus! has 120 seconds left.\n|\n|t:|1700254265\n|-terastallize|p2a: Raichu|Electric\n|move|p2a: Raichu|Psyshock|p1a: Sneasler\n|-supereffective|p1a: Sneasler\n|-damage|p1a: Sneasler|0 fnt\n|faint|p1a: Sneasler\n|-damage|p2a: Raichu|91\/100|[from] item: Life Orb\n|\n|upkeep\n|\n|t:|1700254285\n|switch|p1a: Excadrill|Excadrill, M, shiny|100\/100\n|-ability|p1a: Excadrill|Mold Breaker\n|-item|p1a: Excadrill|Air Balloon\n|turn|4\n|inactive|AFreeVirus! has 120 seconds left.\n|\n|t:|1700254320\n|switch|p2a: Landorus|Landorus-Therian, M|100\/100\n|-ability|p2a: Landorus|Intimidate|boost\n|-unboost|p1a: Excadrill|atk|1\n|move|p1a: Excadrill|Earthquake|p2a: Landorus\n|-immune|p2a: Landorus\n|\n|upkeep\n|turn|5\n|\n|t:|1700254336\n|move|p1a: Excadrill|Rapid Spin|p2a: Landorus\n|-damage|p2a: Landorus|92\/100\n|-boost|p1a: Excadrill|spe|1\n|-damage|p1a: Excadrill|84\/100|[from] item: Rocky Helmet|[of] p2a: Landorus\n|move|p2a: Landorus|U-turn|p1a: Excadrill\n|-resisted|p1a: Excadrill\n|-damage|p1a: Excadrill|68\/100\n|-enditem|p1a: Excadrill|Air Balloon\n|\n|t:|1700254340\n|switch|p2a: Raichu|Raichu-Alola, F, tera:Electric|91\/100|[from] U-turn\n|\n|upkeep\n|turn|6\n|\n|t:|1700254348\n|move|p2a: Raichu|Surf|p1a: Excadrill\n|-supereffective|p1a: Excadrill\n|-damage|p1a: Excadrill|0 fnt\n|faint|p1a: Excadrill\n|-damage|p2a: Raichu|81\/100|[from] item: Life Orb\n|\n|upkeep\n|\n|t:|1700254356\n|switch|p1a: Greninja|Greninja, M|100\/100\n|turn|7\n|\n|t:|1700254364\n|move|p2a: Raichu|Rising Voltage|p1a: Greninja\n|-hint|Rising Voltage's BP doubled on grounded target.\n|-supereffective|p1a: Greninja\n|-damage|p1a: Greninja|0 fnt\n|faint|p1a: Greninja\n|-damage|p2a: Raichu|71\/100|[from] item: Life Orb\n|\n|upkeep\n|\n|t:|1700254375\n|switch|p1a: Mimikyu|Mimikyu, F, shiny|100\/100\n|turn|8\n|\n|t:|1700254385\n|switch|p2a: Landorus|Landorus-Therian, M|92\/100\n|-ability|p2a: Landorus|Intimidate|boost\n|-unboost|p1a: Mimikyu|atk|1\n|move|p1a: Mimikyu|Swords Dance|p1a: Mimikyu\n|-boost|p1a: Mimikyu|atk|2\n|\n|-fieldend|move: Electric Terrain\n|upkeep\n|turn|9\n|\n|t:|1700254400\n|move|p1a: Mimikyu|Swords Dance|p1a: Mimikyu\n|-boost|p1a: Mimikyu|atk|2\n|move|p2a: Landorus|U-turn|p1a: Mimikyu\n|-activate|p1a: Mimikyu|ability: Disguise\n|-damage|p1a: Mimikyu|100\/100\n|detailschange|p1a: Mimikyu|Mimikyu-Busted, F, shiny\n|-damage|p1a: Mimikyu|88\/100|[from] pokemon: Mimikyu-Busted\n|\n|t:|1700254403\n|switch|p2a: Tapu Koko|Tapu Koko|100\/100|[from] U-turn\n|-fieldstart|move: Electric Terrain|[from] ability: Electric Surge|[of] p2a: Tapu Koko\n|\n|upkeep\n|turn|10\n|\n|t:|1700254411\n|move|p2a: Tapu Koko|Discharge|p1a: Mimikyu\n|-damage|p1a: Mimikyu|23\/100\n|-status|p1a: Mimikyu|par\n|-zpower|p1a: Mimikyu\n|move|p1a: Mimikyu|Let's Snuggle Forever|p2a: Tapu Koko|[zeffect]\n|-damage|p2a: Tapu Koko|0 fnt\n|faint|p2a: Tapu Koko\n|\n|upkeep\n|\n|t:|1700254428\n|switch|p2a: Iron Valiant|Iron Valiant|100\/100\n|-activate|p2a: Iron Valiant|ability: Quark Drive\n|-start|p2a: Iron Valiant|quarkdrivespe\n|turn|11\n|\n|t:|1700254445\n|move|p2a: Iron Valiant|Thunderbolt|p1a: Mimikyu\n|-damage|p1a: Mimikyu|0 fnt\n|faint|p1a: Mimikyu\n|\n|upkeep\n|\n|t:|1700254452\n|switch|p1a: Corviknight|Corviknight, F, shiny|100\/100\n|turn|12\n|\n|t:|1700254455\n|move|p2a: Iron Valiant|Thunderbolt|p1a: Corviknight\n|-supereffective|p1a: Corviknight\n|-damage|p1a: Corviknight|0 fnt\n|faint|p1a: Corviknight\n|\n|upkeep\n|\n|t:|1700254458\n|switch|p1a: Volcarona|Volcarona, M, shiny|100\/100\n|turn|13\n|\n|t:|1700254462\n|-end|p2a: Iron Valiant|Quark Drive|[silent]\n|switch|p2a: Raichu|Raichu-Alola, F, tera:Electric|71\/100\n|move|p1a: Volcarona|Quiver Dance|p1a: Volcarona\n|-boost|p1a: Volcarona|spa|1\n|-boost|p1a: Volcarona|spd|1\n|-boost|p1a: Volcarona|spe|1\n|\n|upkeep\n|turn|14\n|\n|t:|1700254470\n|move|p2a: Raichu|Rising Voltage|p1a: Volcarona\n|-hint|Rising Voltage's BP doubled on grounded target.\n|-damage|p1a: Volcarona|6\/100\n|-damage|p2a: Raichu|61\/100|[from] item: Life Orb\n|move|p1a: Volcarona|Quiver Dance|p1a: Volcarona\n|-boost|p1a: Volcarona|spa|1\n|-boost|p1a: Volcarona|spd|1\n|-boost|p1a: Volcarona|spe|1\n|\n|upkeep\n|turn|15\n|\n|t:|1700254478\n|move|p1a: Volcarona|Giga Drain|p2a: Raichu\n|-damage|p2a: Raichu|0 fnt\n|-heal|p1a: Volcarona|31\/100|[from] drain|[of] p2a: Raichu\n|faint|p2a: Raichu\n|\n|upkeep\n|\n|t:|1700254488\n|switch|p2a: Iron Valiant|Iron Valiant|100\/100\n|-activate|p2a: Iron Valiant|ability: Quark Drive\n|-start|p2a: Iron Valiant|quarkdrivespe\n|turn|16\n|\n|t:|1700254493\n|move|p1a: Volcarona|Fiery Dance|p2a: Iron Valiant\n|-damage|p2a: Iron Valiant|0 fnt\n|-boost|p1a: Volcarona|spa|1\n|faint|p2a: Iron Valiant\n|-end|p2a: Iron Valiant|Quark Drive|[silent]\n|\n|-fieldend|move: Electric Terrain\n|upkeep\n|\n|t:|1700254497\n|switch|p2a: Landorus|Landorus-Therian, M|92\/100\n|-ability|p2a: Landorus|Intimidate|boost\n|-unboost|p1a: Volcarona|atk|1\n|turn|17\n|\n|t:|1700254502\n|move|p1a: Volcarona|Fiery Dance|p2a: Landorus\n|-damage|p2a: Landorus|0 fnt\n|-boost|p1a: Volcarona|spa|1\n|faint|p2a: Landorus\n|\n|upkeep\n|\n|t:|1700254510\n|switch|p2a: Alomomola|Alomomola, F|100\/100\n|turn|18\n|\n|t:|1700254513\n|move|p2a: Alomomola|Protect|p2a: Alomomola\n|-singleturn|p2a: Alomomola|Protect\n|move|p1a: Volcarona|Giga Drain|p2a: Alomomola\n|-activate|p2a: Alomomola|move: Protect\n|\n|upkeep\n|turn|19\n|\n|t:|1700254517\n|switch|p2a: Corviknight|Corviknight, F|56\/100\n|-ability|p2a: Corviknight|Pressure\n|move|p1a: Volcarona|Giga Drain|p2a: Corviknight\n|-resisted|p2a: Corviknight\n|-damage|p2a: Corviknight|38\/100\n|-heal|p1a: Volcarona|43\/100|[from] drain|[of] p2a: Corviknight\n|\n|upkeep\n|turn|20\n|\n|t:|1700254525\n|move|p1a: Volcarona|Fiery Dance|p2a: Corviknight\n|-supereffective|p2a: Corviknight\n|-damage|p2a: Corviknight|0 fnt\n|-boost|p1a: Volcarona|spa|1\n|faint|p2a: Corviknight\n|\n|upkeep\n|\n|t:|1700254528\n|switch|p2a: Alomomola|Alomomola, F|100\/100\n|turn|21\n|\n|t:|1700254530\n|move|p1a: Volcarona|Giga Drain|p2a: Alomomola\n|-supereffective|p2a: Alomomola\n|-damage|p2a: Alomomola|0 fnt\n|-heal|p1a: Volcarona|100\/100|[from] drain|[of] p2a: Alomomola\n|faint|p2a: Alomomola\n|\n|win|Zhanlue\n|raw|Zhanlue's rating: 1263 &rarr; <strong>1295<\/strong><br \/>(+32 for winning)\n|raw|AFreeVirus!'s rating: 1358 &rarr; <strong>1333<\/strong><br \/>(-25 for losing)\n|l|\u2606Zhanlue\n","uploadtime":1700254629,"views":6,"p1id":"zhanlue","p2id":"afreevirus","formatid":"gen9nationaldex","rating":1295,"private":0,"password":""}