{"id":"gen9nationaldex-1989124657","p1":"xtheghostfairyx","p2":"KDLGigatonHammers","format":"[Gen 9] National Dex","log":"|j|\u2606xtheghostfairyx\n|j|\u2606KDLGigatonHammers\n|t:|1699814872\n|gametype|singles\n|player|p1|xtheghostfairyx|266|\n|player|p2|KDLGigatonHammers|backersf|\n|teamsize|p1|6\n|teamsize|p2|6\n|gen|9\n|tier|[Gen 9] National Dex\n|rule|HP Percentage Mod: HP is shown in percentages\n|rule|Endless Battle Clause: Forcing endless battles is banned\n|rule|OHKO Clause: OHKO moves are banned\n|rule|Evasion Clause: Evasion abilities, items, and moves are banned\n|rule|Evasion Abilities Clause: Evasion abilities are banned\n|rule|Evasion Items Clause: Evasion items are banned\n|rule|Evasion Moves Clause: Evasion moves are banned\n|rule|Species Clause: Limit one of each Pok\u00e9mon\n|rule|Sleep Clause Mod: Limit one foe put to sleep\n|clearpoke\n|poke|p1|Swampert, F|\n|poke|p1|Charizard, M|\n|poke|p1|Gardevoir, M|\n|poke|p1|Walrein, F|\n|poke|p1|Jolteon, M|\n|poke|p1|Grapploct, M|\n|poke|p2|Oricorio-Pa'u, M|\n|poke|p2|Iron Valiant|\n|poke|p2|Slowking-Galar, F|\n|poke|p2|Cyclizar, F|\n|poke|p2|Silvally-*|\n|poke|p2|Whimsicott, F|\n|teampreview\n|\n|t:|1699814906\n|start\n|switch|p1a: Topaz|Jolteon, M|100\/100\n|switch|p2a: Iron Valiant|Iron Valiant|100\/100\n|turn|1\n|\n|t:|1699814922\n|-end|p2a: Iron Valiant|Quark Drive|[silent]\n|switch|p2a: Cyclizar|Cyclizar, F|100\/100\n|move|p1a: Topaz|Volt Switch|p2a: Cyclizar\n|-resisted|p2a: Cyclizar\n|-damage|p2a: Cyclizar|87\/100\n|\n|t:|1699814932\n|switch|p1a: Krystalle|Grapploct, M|100\/100|[from] Volt Switch\n|\n|upkeep\n|turn|2\n|\n|t:|1699814942\n|switch|p2a: Oricorio|Oricorio-Pa'u, M|100\/100\n|move|p1a: Krystalle|Brick Break|p2a: Oricorio\n|-resisted|p2a: Oricorio\n|-damage|p2a: Oricorio|89\/100\n|\n|upkeep\n|turn|3\n|\n|t:|1699814950\n|move|p2a: Oricorio|Quiver Dance|p2a: Oricorio\n|-boost|p2a: Oricorio|spa|1\n|-boost|p2a: Oricorio|spd|1\n|-boost|p2a: Oricorio|spe|1\n|move|p1a: Krystalle|Ice Punch|p2a: Oricorio\n|-supereffective|p2a: Oricorio\n|-damage|p2a: Oricorio|21\/100\n|-enditem|p2a: Oricorio|Sitrus Berry|[eat]\n|-heal|p2a: Oricorio|46\/100|[from] item: Sitrus Berry\n|\n|upkeep\n|turn|4\n|\n|t:|1699814961\n|move|p2a: Oricorio|Revelation Dance|p1a: Krystalle\n|-supereffective|p1a: Krystalle\n|-damage|p1a: Krystalle|0 fnt\n|faint|p1a: Krystalle\n|\n|upkeep\n|\n|t:|1699814968\n|switch|p1a: Frostii|Walrein, F|100\/100\n|turn|5\n|\n|t:|1699814976\n|-terastallize|p2a: Oricorio|Steel\n|-terastallize|p1a: Frostii|Ice\n|move|p2a: Oricorio|Roost|p2a: Oricorio\n|-heal|p2a: Oricorio|96\/100\n|move|p1a: Frostii|Ice Beam|p2a: Oricorio\n|-resisted|p2a: Oricorio\n|-damage|p2a: Oricorio|76\/100\n|\n|upkeep\n|turn|6\n|\n|t:|1699814989\n|move|p2a: Oricorio|Quiver Dance|p2a: Oricorio\n|-boost|p2a: Oricorio|spa|1\n|-boost|p2a: Oricorio|spd|1\n|-boost|p2a: Oricorio|spe|1\n|move|p1a: Frostii|Earthquake|p2a: Oricorio\n|-supereffective|p2a: Oricorio\n|-damage|p2a: Oricorio|15\/100\n|\n|upkeep\n|turn|7\n|\n|t:|1699815000\n|move|p2a: Oricorio|Revelation Dance|p1a: Frostii\n|-supereffective|p1a: Frostii\n|-damage|p1a: Frostii|0 fnt\n|faint|p1a: Frostii\n|\n|upkeep\n|\n|t:|1699815015\n|switch|p1a: Topaz|Jolteon, M|100\/100\n|turn|8\n|\n|t:|1699815031\n|move|p2a: Oricorio|Roost|p2a: Oricorio\n|-heal|p2a: Oricorio|65\/100\n|move|p1a: Topaz|Volt Switch|p2a: Oricorio\n|-damage|p2a: Oricorio|43\/100\n|\n|t:|1699815040\n|switch|p1a: Sapphire|Swampert, F|100\/100|[from] Volt Switch\n|\n|upkeep\n|turn|9\n|\n|t:|1699815047\n|move|p2a: Oricorio|Hurricane|p1a: Sapphire\n|-damage|p1a: Sapphire|9\/100\n|move|p1a: Sapphire|Earthquake|p2a: Oricorio\n|-supereffective|p2a: Oricorio\n|-damage|p2a: Oricorio|0 fnt\n|faint|p2a: Oricorio\n|\n|upkeep\n|\n|t:|1699815057\n|switch|p2a: Iron Valiant|Iron Valiant|100\/100\n|turn|10\n|\n|t:|1699815071\n|move|p2a: Iron Valiant|Vacuum Wave|p1a: Sapphire\n|-damage|p1a: Sapphire|0 fnt\n|faint|p1a: Sapphire\n|-damage|p2a: Iron Valiant|91\/100|[from] item: Life Orb\n|\n|upkeep\n|\n|t:|1699815088\n|switch|p1a: Ruby|Charizard, M|100\/100\n|turn|11\n|\n|t:|1699815094\n|move|p2a: Iron Valiant|Thunderbolt|p1a: Ruby\n|-supereffective|p1a: Ruby\n|-damage|p1a: Ruby|0 fnt\n|faint|p1a: Ruby\n|-damage|p2a: Iron Valiant|81\/100|[from] item: Life Orb\n|\n|upkeep\n|\n|t:|1699815102\n|switch|p1a: Topaz|Jolteon, M|100\/100\n|turn|12\n|\n|t:|1699815108\n|move|p2a: Iron Valiant|Moonblast|p1a: Topaz\n|-damage|p1a: Topaz|27\/100\n|-unboost|p1a: Topaz|spa|1\n|-damage|p2a: Iron Valiant|71\/100|[from] item: Life Orb\n|move|p1a: Topaz|Iron Tail|p2a: Iron Valiant\n|-supereffective|p2a: Iron Valiant\n|-damage|p2a: Iron Valiant|27\/100\n|-unboost|p2a: Iron Valiant|def|1\n|\n|upkeep\n|turn|13\n|\n|t:|1699815118\n|move|p2a: Iron Valiant|Moonblast|p1a: Topaz\n|-damage|p1a: Topaz|0 fnt\n|faint|p1a: Topaz\n|-damage|p2a: Iron Valiant|17\/100|[from] item: Life Orb\n|\n|upkeep\n|\n|t:|1699815123\n|switch|p1a: Jade|Gardevoir, M|100\/100\n|turn|14\n|\n|t:|1699815138\n|-end|p2a: Iron Valiant|Quark Drive|[silent]\n|switch|p2a: Slowking|Slowking-Galar, F|100\/100\n|move|p1a: Jade|Psychic|p2a: Slowking\n|-damage|p2a: Slowking|68\/100\n|\n|-heal|p2a: Slowking|74\/100|[from] item: Leftovers\n|upkeep\n|turn|15\n|\n|t:|1699815149\n|move|p1a: Jade|Shadow Ball|p2a: Slowking\n|-supereffective|p2a: Slowking\n|-damage|p2a: Slowking|37\/100\n|move|p2a: Slowking|Yawn|p1a: Jade\n|-start|p1a: Jade|move: Yawn|[of] p2a: Slowking\n|\n|-heal|p2a: Slowking|43\/100|[from] item: Leftovers\n|upkeep\n|turn|16\n|\n|t:|1699815160\n|switch|p2a: Cyclizar|Cyclizar, F|100\/100\n|move|p1a: Jade|Shadow Ball|p2a: Cyclizar\n|-immune|p2a: Cyclizar\n|\n|-end|p1a: Jade|move: Yawn|[silent]\n|-status|p1a: Jade|slp\n|upkeep\n|turn|17\n|\n|t:|1699815170\n|switch|p2a: Iron Valiant|Iron Valiant|17\/100\n|cant|p1a: Jade|slp\n|\n|upkeep\n|turn|18\n|\n|t:|1699815178\n|move|p2a: Iron Valiant|Moonblast|p1a: Jade\n|-damage|p1a: Jade|43\/100 slp\n|-unboost|p1a: Jade|spa|1\n|-damage|p2a: Iron Valiant|7\/100|[from] item: Life Orb\n|-curestatus|p1a: Jade|slp|[msg]\n|move|p1a: Jade|Psychic|p2a: Iron Valiant\n|-supereffective|p2a: Iron Valiant\n|-damage|p2a: Iron Valiant|0 fnt\n|faint|p2a: Iron Valiant\n|-end|p2a: Iron Valiant|Quark Drive|[silent]\n|\n|upkeep\n|\n|t:|1699815204\n|switch|p2a: Whimsicott|Whimsicott, F|100\/100\n|turn|19\n|\n|t:|1699815212\n|move|p2a: Whimsicott|Shadow Ball|p1a: Jade\n|-supereffective|p1a: Jade\n|-damage|p1a: Jade|0 fnt\n|faint|p1a: Jade\n|\n|win|KDLGigatonHammers\n|c|\u2606KDLGigatonHammers|gg\n","uploadtime":1699815224,"views":67,"p1id":"xtheghostfairyx","p2id":"kdlgigatonhammers","formatid":"gen9nationaldex","rating":0,"private":0,"password":""}