{"id":"gen9nationaldex-1991112260","p1":"skif1439","p2":"eelala","format":"[Gen 9] National Dex","log":"|j|\u2606skif1439\n|j|\u2606eelala\n|t:|1700044794\n|gametype|singles\n|player|p1|skif1439|alder|1151\n|player|p2|eelala|steven|1130\n|teamsize|p1|6\n|teamsize|p2|6\n|gen|9\n|tier|[Gen 9] National Dex\n|rated|\n|rule|HP Percentage Mod: HP is shown in percentages\n|rule|Endless Battle Clause: Forcing endless battles is banned\n|rule|OHKO Clause: OHKO moves are banned\n|rule|Evasion Clause: Evasion abilities, items, and moves are banned\n|rule|Evasion Abilities Clause: Evasion abilities are banned\n|rule|Evasion Items Clause: Evasion items are banned\n|rule|Evasion Moves Clause: Evasion moves are banned\n|rule|Species Clause: Limit one of each Pok\u00e9mon\n|rule|Sleep Clause Mod: Limit one foe put to sleep\n|clearpoke\n|poke|p1|Whimsicott, M|\n|poke|p1|Comfey, F|\n|poke|p1|Golurk|\n|poke|p1|Garganacl, F|\n|poke|p1|Medicham, M|\n|poke|p1|Kleavor, F|\n|poke|p2|Tapu Koko|\n|poke|p2|Iron Moth|\n|poke|p2|Ditto|\n|poke|p2|Iron Valiant|\n|poke|p2|Ogerpon, F|\n|poke|p2|Dragonite, M|\n|teampreview\n|inactive|Battle timer is ON: inactive players will automatically lose when time's up. (requested by eelala)\n|\n|t:|1700044818\n|start\n|switch|p1a: Kleavor|Kleavor, F|100\/100\n|switch|p2a: Tapu Koko|Tapu Koko|100\/100\n|-fieldstart|move: Electric Terrain|[from] ability: Electric Surge|[of] p2a: Tapu Koko\n|turn|1\n|inactive|skif1439 has 120 seconds left.\n|inactive|skif1439 has 90 seconds left.\n|\n|t:|1700044894\n|move|p2a: Tapu Koko|U-turn|p1a: Kleavor\n|-damage|p1a: Kleavor|83\/100\n|\n|t:|1700044908\n|switch|p2a: Ogerpon|Ogerpon, F|100\/100|[from] U-turn\n|move|p1a: Kleavor|Stone Axe|p2a: Ogerpon\n|-damage|p2a: Ogerpon|34\/100\n|-sidestart|p2: eelala|move: Stealth Rock\n|\n|upkeep\n|turn|2\n|\n|t:|1700044929\n|-terastallize|p1a: Kleavor|Dragon\n|move|p2a: Ogerpon|Ivy Cudgel|p1a: Kleavor\n|-resisted|p1a: Kleavor\n|-damage|p1a: Kleavor|38\/100\n|move|p1a: Kleavor|X-Scissor|p2a: Ogerpon\n|-supereffective|p2a: Ogerpon\n|-damage|p2a: Ogerpon|0 fnt\n|faint|p2a: Ogerpon\n|\n|upkeep\n|\n|t:|1700044938\n|switch|p2a: Tapu Koko|Tapu Koko|100\/100\n|-damage|p2a: Tapu Koko|88\/100|[from] Stealth Rock\n|turn|3\n|\n|t:|1700044955\n|move|p2a: Tapu Koko|Dazzling Gleam|p1a: Kleavor\n|-supereffective|p1a: Kleavor\n|-damage|p1a: Kleavor|0 fnt\n|faint|p1a: Kleavor\n|\n|upkeep\n|\n|t:|1700044963\n|switch|p1a: Golurk|Golurk|100\/100\n|turn|4\n|\n|t:|1700044972\n|move|p2a: Tapu Koko|U-turn|p1a: Golurk\n|-resisted|p1a: Golurk\n|-damage|p1a: Golurk|92\/100\n|\n|t:|1700044978\n|switch|p2a: Dragonite|Dragonite, M|100\/100|[from] U-turn\n|-damage|p2a: Dragonite|76\/100|[from] Stealth Rock\n|move|p1a: Golurk|Earthquake|p2a: Dragonite\n|-immune|p2a: Dragonite\n|\n|upkeep\n|turn|5\n|\n|t:|1700044984\n|switch|p1a: Garganacl|Garganacl, F|100\/100\n|move|p2a: Dragonite|Dragon Dance|p2a: Dragonite\n|-boost|p2a: Dragonite|atk|1\n|-boost|p2a: Dragonite|spe|1\n|\n|-fieldend|move: Electric Terrain\n|upkeep\n|turn|6\n|\n|t:|1700044994\n|move|p2a: Dragonite|Dragon Dance|p2a: Dragonite\n|-boost|p2a: Dragonite|atk|1\n|-boost|p2a: Dragonite|spe|1\n|move|p1a: Garganacl|Salt Cure|p2a: Dragonite\n|-supereffective|p2a: Dragonite\n|-damage|p2a: Dragonite|46\/100\n|-start|p2a: Dragonite|Salt Cure\n|\n|-damage|p2a: Dragonite|34\/100|[from] Salt Cure\n|upkeep\n|turn|7\n|\n|t:|1700045003\n|move|p2a: Dragonite|Earthquake|p1a: Garganacl\n|-supereffective|p1a: Garganacl\n|-damage|p1a: Garganacl|9\/100\n|move|p1a: Garganacl|Salt Cure|p2a: Dragonite\n|-supereffective|p2a: Dragonite\n|-damage|p2a: Dragonite|5\/100\n|\n|-heal|p1a: Garganacl|15\/100|[from] item: Leftovers\n|-damage|p2a: Dragonite|0 fnt|[from] Salt Cure\n|faint|p2a: Dragonite\n|upkeep\n|\n|t:|1700045008\n|switch|p2a: Tapu Koko|Tapu Koko|88\/100\n|-damage|p2a: Tapu Koko|76\/100|[from] Stealth Rock\n|-fieldstart|move: Electric Terrain|[from] ability: Electric Surge|[of] p2a: Tapu Koko\n|turn|8\n|\n|t:|1700045016\n|move|p2a: Tapu Koko|Dazzling Gleam|p1a: Garganacl\n|-damage|p1a: Garganacl|0 fnt\n|faint|p1a: Garganacl\n|\n|upkeep\n|inactive|skif1439 has 90 seconds left.\n|\n|t:|1700045046\n|switch|p1a: Golurk|Golurk|92\/100\n|turn|9\n|\n|t:|1700045051\n|move|p2a: Tapu Koko|U-turn|p1a: Golurk\n|-resisted|p1a: Golurk\n|-damage|p1a: Golurk|84\/100\n|\n|t:|1700045054\n|switch|p2a: Ditto|Ditto|100\/100|[from] U-turn\n|-damage|p2a: Ditto|88\/100|[from] Stealth Rock\n|-transform|p2a: Ditto|p1a: Golurk|[from] ability: Imposter\n|move|p1a: Golurk|Stone Edge|p2a: Ditto\n|-resisted|p2a: Ditto\n|-crit|p2a: Ditto\n|-damage|p2a: Ditto|32\/100\n|\n|upkeep\n|turn|10\n|\n|t:|1700045066\n|move|p2a: Ditto|Poltergeist|p1a: Golurk\n|-activate|p1a: Golurk|move: Poltergeist|Choice Band\n|-supereffective|p1a: Golurk\n|-damage|p1a: Golurk|0 fnt\n|faint|p1a: Golurk\n|\n|upkeep\n|\n|t:|1700045081\n|switch|p1a: Whimsicott|Whimsicott, M|100\/100\n|turn|11\n|\n|t:|1700045102\n|switch|p2a: Iron Moth|Iron Moth|100\/100\n|-damage|p2a: Iron Moth|76\/100|[from] Stealth Rock\n|-activate|p2a: Iron Moth|ability: Quark Drive\n|-start|p2a: Iron Moth|quarkdrivespe\n|move|p1a: Whimsicott|Energy Ball|p2a: Iron Moth\n|-resisted|p2a: Iron Moth\n|-damage|p2a: Iron Moth|68\/100\n|\n|upkeep\n|turn|12\n|\n|t:|1700045111\n|move|p1a: Whimsicott|Stun Spore|p2a: Iron Moth|[miss]\n|-miss|p1a: Whimsicott|p2a: Iron Moth\n|move|p2a: Iron Moth|Fire Blast|p1a: Whimsicott\n|-supereffective|p1a: Whimsicott\n|-damage|p1a: Whimsicott|0 fnt\n|faint|p1a: Whimsicott\n|-damage|p2a: Iron Moth|58\/100|[from] item: Life Orb\n|\n|-fieldend|move: Electric Terrain\n|-end|p2a: Iron Moth|Quark Drive\n|upkeep\n|\n|t:|1700045118\n|switch|p1a: Medicham|Medicham, M|100\/100\n|turn|13\n|\n|t:|1700045127\n|detailschange|p1a: Medicham|Medicham-Mega, M\n|-mega|p1a: Medicham|Medicham|Medichamite\n|move|p1a: Medicham|Fake Out|p2a: Iron Moth\n|-damage|p2a: Iron Moth|16\/100\n|cant|p2a: Iron Moth|flinch\n|\n|upkeep\n|turn|14\n|inactive|skif1439 has 120 seconds left.\n|\n|t:|1700045134\n|move|p1a: Medicham|Bullet Punch|p2a: Iron Moth\n|-resisted|p2a: Iron Moth\n|-damage|p2a: Iron Moth|0 fnt\n|faint|p2a: Iron Moth\n|-end|p2a: Iron Moth|Quark Drive|[silent]\n|\n|upkeep\n|\n|t:|1700045138\n|switch|p2a: Tapu Koko|Tapu Koko|76\/100\n|-damage|p2a: Tapu Koko|63\/100|[from] Stealth Rock\n|-fieldstart|move: Electric Terrain|[from] ability: Electric Surge|[of] p2a: Tapu Koko\n|turn|15\n|\n|t:|1700045144\n|move|p1a: Medicham|Bullet Punch|p2a: Tapu Koko\n|-damage|p2a: Tapu Koko|30\/100\n|-zpower|p2a: Tapu Koko\n|move|p2a: Tapu Koko|Gigavolt Havoc|p1a: Medicham|[zeffect]\n|-damage|p1a: Medicham|0 fnt\n|faint|p1a: Medicham\n|\n|upkeep\n|\n|t:|1700045149\n|switch|p1a: Comfey|Comfey, F|100\/100\n|turn|16\n|c|\u2606skif1439|ggs\n|\n|t:|1700045160\n|move|p1a: Comfey|Draining Kiss|p2a: Tapu Koko\n|-crit|p2a: Tapu Koko\n|-damage|p2a: Tapu Koko|0 fnt\n|faint|p2a: Tapu Koko\n|\n|upkeep\n|\n|t:|1700045163\n|switch|p2a: Ditto|Ditto|32\/100\n|-damage|p2a: Ditto|20\/100|[from] Stealth Rock\n|-transform|p2a: Ditto|p1a: Comfey|[from] ability: Imposter\n|turn|17\n|\n|t:|1700045176\n|move|p2a: Ditto|Draining Kiss|p1a: Comfey\n|-damage|p1a: Comfey|82\/100\n|-heal|p2a: Ditto|35\/100|[from] drain|[of] p1a: Comfey\n|move|p1a: Comfey|Draining Kiss|p2a: Ditto\n|-damage|p2a: Ditto|3\/100\n|-heal|p1a: Comfey|100\/100|[from] drain|[of] p2a: Ditto\n|\n|upkeep\n|turn|18\n|\n|t:|1700045181\n|move|p2a: Ditto|Draining Kiss|p1a: Comfey\n|-damage|p1a: Comfey|82\/100\n|-heal|p2a: Ditto|18\/100|[from] drain|[of] p1a: Comfey\n|move|p1a: Comfey|Draining Kiss|p2a: Ditto\n|-damage|p2a: Ditto|0 fnt\n|-heal|p1a: Comfey|95\/100|[from] drain|[of] p2a: Ditto\n|faint|p2a: Ditto\n|\n|upkeep\n|\n|t:|1700045191\n|switch|p2a: Iron Valiant|Iron Valiant|100\/100\n|-damage|p2a: Iron Valiant|94\/100|[from] Stealth Rock\n|-activate|p2a: Iron Valiant|ability: Quark Drive\n|-start|p2a: Iron Valiant|quarkdrivespe\n|turn|19\n|\n|t:|1700045198\n|-terastallize|p2a: Iron Valiant|Fire\n|move|p1a: Comfey|Draining Kiss|p2a: Iron Valiant\n|-resisted|p2a: Iron Valiant\n|-damage|p2a: Iron Valiant|68\/100\n|-heal|p1a: Comfey|100\/100|[from] drain|[of] p2a: Iron Valiant\n|move|p2a: Iron Valiant|Tera Blast|p1a: Comfey|[anim] Tera Blast Fire\n|-damage|p1a: Comfey|57\/100\n|\n|-fieldend|move: Electric Terrain\n|-end|p2a: Iron Valiant|Quark Drive\n|upkeep\n|turn|20\n|\n|t:|1700045216\n|move|p1a: Comfey|Draining Kiss|p2a: Iron Valiant\n|-resisted|p2a: Iron Valiant\n|-damage|p2a: Iron Valiant|43\/100\n|-heal|p1a: Comfey|75\/100|[from] drain|[of] p2a: Iron Valiant\n|move|p2a: Iron Valiant|Tera Blast|p1a: Comfey|[anim] Tera Blast Fire\n|-damage|p1a: Comfey|35\/100\n|\n|upkeep\n|turn|21\n|\n|t:|1700045222\n|move|p1a: Comfey|Draining Kiss|p2a: Iron Valiant\n|-resisted|p2a: Iron Valiant\n|-damage|p2a: Iron Valiant|18\/100\n|-heal|p1a: Comfey|52\/100|[from] drain|[of] p2a: Iron Valiant\n|move|p2a: Iron Valiant|Tera Blast|p1a: Comfey|[anim] Tera Blast Fire\n|-damage|p1a: Comfey|12\/100\n|\n|upkeep\n|turn|22\n|c|\u2606skif1439|hollup no way\n|\n|t:|1700045234\n|move|p1a: Comfey|Draining Kiss|p2a: Iron Valiant\n|-resisted|p2a: Iron Valiant\n|-damage|p2a: Iron Valiant|0 fnt\n|-heal|p1a: Comfey|25\/100|[from] drain|[of] p2a: Iron Valiant\n|faint|p2a: Iron Valiant\n|-end|p2a: Iron Valiant|Quark Drive|[silent]\n|\n|win|skif1439\n|raw|skif1439's rating: 1151 &rarr; <strong>1174<\/strong><br \/>(+23 for winning)\n|raw|eelala's rating: 1130 &rarr; <strong>1107<\/strong><br \/>(-23 for losing)\n|l|\u2606eelala\n|c|\u2606skif1439|ggs\n|c|\u2606skif1439|i thought it was over ahja\n","uploadtime":1700045346,"views":6,"p1id":"skif1439","p2id":"eelala","formatid":"gen9nationaldex","rating":1107,"private":0,"password":""}