{"id":"gen9nationaldex-1994482528","p1":"momfr","p2":"Beastking0731","format":"[Gen 9] National Dex","log":"|j|\u2606momfr\n|j|\u2606Beastking0731\n|t:|1700449089\n|gametype|singles\n|player|p1|momfr|265|1101\n|player|p2|Beastking0731|265|1000\n|teamsize|p1|6\n|teamsize|p2|6\n|gen|9\n|tier|[Gen 9] National Dex\n|rated|\n|rule|HP Percentage Mod: HP is shown in percentages\n|rule|Endless Battle Clause: Forcing endless battles is banned\n|rule|OHKO Clause: OHKO moves are banned\n|rule|Evasion Clause: Evasion abilities, items, and moves are banned\n|rule|Evasion Abilities Clause: Evasion abilities are banned\n|rule|Evasion Items Clause: Evasion items are banned\n|rule|Evasion Moves Clause: Evasion moves are banned\n|rule|Species Clause: Limit one of each Pok\u00e9mon\n|rule|Sleep Clause Mod: Limit one foe put to sleep\n|clearpoke\n|poke|p1|Snorlax, F|\n|poke|p1|Infernape, F|\n|poke|p1|Heracross, M|\n|poke|p1|Tauros-Paldea-Aqua, M|\n|poke|p1|Skarmory, F|\n|poke|p1|Blissey, F|\n|poke|p2|Darmanitan, F|\n|poke|p2|Nidoqueen, F|\n|poke|p2|Swadloon, F|\n|poke|p2|Indeedee, M|\n|poke|p2|Cyclizar, F|\n|poke|p2|Dhelmise|\n|teampreview\n|j| kung fu pokechu\n|j| gayspotter2\n|j| Adamanzane\n|\n|t:|1700449102\n|start\n|switch|p1a: Son Goku :^)|Infernape, F|100\/100\n|switch|p2a: Nidoqueen|Nidoqueen, F|100\/100\n|turn|1\n|\n|t:|1700449109\n|switch|p1a: Chicken|Skarmory, F|100\/100\n|move|p2a: Nidoqueen|Roar|p1a: Chicken\n|drag|p1a: my wife|Snorlax, F|100\/100\n|\n|upkeep\n|turn|2\n|\n|t:|1700449116\n|move|p2a: Nidoqueen|Stealth Rock|p1a: my wife\n|-sidestart|p1: momfr|move: Stealth Rock\n|move|p1a: my wife|Earthquake|p2a: Nidoqueen\n|-supereffective|p2a: Nidoqueen\n|-damage|p2a: Nidoqueen|64\/100\n|-enditem|p2a: Nidoqueen|Red Card|[of] p1a: my wife\n|drag|p1a: Blue Beetle|Heracross, M|100\/100\n|-damage|p1a: Blue Beetle|88\/100|[from] Stealth Rock\n|\n|-status|p1a: Blue Beetle|brn|[from] item: Flame Orb\n|upkeep\n|turn|3\n|\n|t:|1700449125\n|move|p1a: Blue Beetle|Knock Off|p2a: Nidoqueen\n|-damage|p2a: Nidoqueen|39\/100\n|move|p2a: Nidoqueen|Toxic Spikes|p1a: Blue Beetle\n|-sidestart|p1: momfr|move: Toxic Spikes\n|\n|-damage|p1a: Blue Beetle|82\/100 brn|[from] brn\n|upkeep\n|turn|4\n|\n|t:|1700449135\n|move|p1a: Blue Beetle|Trailblaze|p2a: Nidoqueen\n|-crit|p2a: Nidoqueen\n|-damage|p2a: Nidoqueen|10\/100\n|-boost|p1a: Blue Beetle|spe|1\n|move|p2a: Nidoqueen|Roar|p1a: Blue Beetle\n|drag|p1a: smegger|Blissey, F|100\/100\n|-damage|p1a: smegger|88\/100|[from] Stealth Rock\n|-status|p1a: smegger|psn\n|\n|-damage|p1a: smegger|76\/100 psn|[from] psn\n|upkeep\n|turn|5\n|\n|t:|1700449149\n|-terastallize|p2a: Nidoqueen|Poison\n|move|p1a: smegger|Seismic Toss|p2a: Nidoqueen\n|-damage|p2a: Nidoqueen|0 fnt\n|faint|p2a: Nidoqueen\n|\n|-damage|p1a: smegger|63\/100 psn|[from] psn\n|upkeep\n|\n|t:|1700449157\n|switch|p2a: Indeedee|Indeedee, M|100\/100\n|-fieldstart|move: Psychic Terrain|[from] ability: Psychic Surge|[of] p2a: Indeedee\n|turn|6\n|\n|t:|1700449173\n|-curestatus|p1a: smegger|psn|[from] ability: Natural Cure\n|switch|p1a: my wife|Snorlax, F|100\/100\n|-damage|p1a: my wife|88\/100|[from] Stealth Rock\n|-status|p1a: my wife|psn\n|move|p2a: Indeedee|Tri Attack|p1a: my wife\n|-damage|p1a: my wife|69\/100 psn\n|\n|-heal|p1a: my wife|75\/100 psn|[from] item: Leftovers\n|-damage|p1a: my wife|63\/100 psn|[from] psn\n|upkeep\n|turn|7\n|\n|t:|1700449187\n|switch|p2a: Darmanitan|Darmanitan, F, shiny|100\/100\n|move|p1a: my wife|Curse|p1a: my wife\n|-unboost|p1a: my wife|spe|1\n|-boost|p1a: my wife|atk|1\n|-boost|p1a: my wife|def|1\n|\n|-heal|p1a: my wife|69\/100 psn|[from] item: Leftovers\n|-damage|p1a: my wife|57\/100 psn|[from] psn\n|upkeep\n|turn|8\n|\n|t:|1700449198\n|move|p2a: Darmanitan|Endure|p2a: Darmanitan\n|-singleturn|p2a: Darmanitan|move: Endure\n|move|p1a: my wife|Rest|p1a: my wife\n|-status|p1a: my wife|slp|[from] move: Rest\n|-heal|p1a: my wife|100\/100 slp|[silent]\n|\n|upkeep\n|turn|9\n|\n|t:|1700449207\n|move|p2a: Darmanitan|Substitute|p2a: Darmanitan\n|-start|p2a: Darmanitan|Substitute\n|-damage|p2a: Darmanitan|75\/100\n|cant|p1a: my wife|slp\n|\n|upkeep\n|turn|10\n|\n|t:|1700449224\n|switch|p2a: Swadloon|Swadloon, F, shiny|100\/100\n|cant|p1a: my wife|slp\n|\n|upkeep\n|turn|11\n|\n|t:|1700449231\n|move|p2a: Swadloon|Sticky Web|p1a: my wife\n|-sidestart|p1: momfr|move: Sticky Web\n|-curestatus|p1a: my wife|slp|[msg]\n|move|p1a: my wife|Body Slam|p2a: Swadloon\n|-damage|p2a: Swadloon|64\/100\n|\n|upkeep\n|turn|12\n|\n|t:|1700449238\n|switch|p2a: Indeedee|Indeedee, M|100\/100\n|move|p1a: my wife|Curse|p1a: my wife\n|-unboost|p1a: my wife|spe|1\n|-boost|p1a: my wife|atk|1\n|-boost|p1a: my wife|def|1\n|\n|upkeep\n|turn|13\n|\n|t:|1700449250\n|move|p2a: Indeedee|Energy Ball|p1a: my wife\n|-damage|p1a: my wife|87\/100\n|move|p1a: my wife|Body Slam|p2a: Indeedee\n|-crit|p2a: Indeedee\n|-damage|p2a: Indeedee|0 fnt\n|faint|p2a: Indeedee\n|\n|-heal|p1a: my wife|93\/100|[from] item: Leftovers\n|-fieldend|move: Psychic Terrain\n|upkeep\n|\n|t:|1700449261\n|switch|p2a: Darmanitan|Darmanitan, F, shiny|75\/100\n|turn|14\n|\n|t:|1700449267\n|move|p2a: Darmanitan|Endure|p2a: Darmanitan\n|-singleturn|p2a: Darmanitan|move: Endure\n|move|p1a: my wife|Body Slam|p2a: Darmanitan\n|-activate|p2a: Darmanitan|move: Endure\n|-damage|p2a: Darmanitan|1\/100\n|-enditem|p2a: Darmanitan|Salac Berry|[eat]\n|-boost|p2a: Darmanitan|spe|1|[from] item: Salac Berry\n|\n|-heal|p1a: my wife|99\/100|[from] item: Leftovers\n|-formechange|p2a: Darmanitan|Darmanitan-Zen|\n|upkeep\n|turn|15\n|\n|t:|1700449288\n|move|p2a: Darmanitan|Overheat|p1a: my wife\n|-damage|p1a: my wife|78\/100\n|-unboost|p2a: Darmanitan|spa|2\n|move|p1a: my wife|Curse|p1a: my wife\n|-unboost|p1a: my wife|spe|1\n|-boost|p1a: my wife|atk|1\n|-boost|p1a: my wife|def|1\n|\n|-heal|p1a: my wife|85\/100|[from] item: Leftovers\n|upkeep\n|turn|16\n|\n|t:|1700449301\n|move|p2a: Darmanitan|Endure|p2a: Darmanitan\n|-singleturn|p2a: Darmanitan|move: Endure\n|move|p1a: my wife|Curse|p1a: my wife\n|-unboost|p1a: my wife|spe|1\n|-boost|p1a: my wife|atk|1\n|-boost|p1a: my wife|def|1\n|\n|-heal|p1a: my wife|91\/100|[from] item: Leftovers\n|upkeep\n|turn|17\n|\n|t:|1700449310\n|move|p2a: Darmanitan|Psychic|p1a: my wife\n|-damage|p1a: my wife|78\/100\n|-unboost|p1a: my wife|spd|1\n|move|p1a: my wife|Curse|p1a: my wife\n|-unboost|p1a: my wife|spe|1\n|-boost|p1a: my wife|atk|1\n|-boost|p1a: my wife|def|1\n|\n|-heal|p1a: my wife|84\/100|[from] item: Leftovers\n|upkeep\n|turn|18\n|\n|t:|1700449320\n|move|p2a: Darmanitan|Psychic|p1a: my wife\n|-damage|p1a: my wife|64\/100\n|move|p1a: my wife|Curse|p1a: my wife\n|-unboost|p1a: my wife|spe|1\n|-boost|p1a: my wife|atk|1\n|-boost|p1a: my wife|def|1\n|\n|-heal|p1a: my wife|71\/100|[from] item: Leftovers\n|upkeep\n|turn|19\n|\n|t:|1700449334\n|move|p2a: Darmanitan|Psychic|p1a: my wife\n|-damage|p1a: my wife|51\/100\n|move|p1a: my wife|Rest|p1a: my wife\n|-status|p1a: my wife|slp|[from] move: Rest\n|-heal|p1a: my wife|100\/100 slp|[silent]\n|\n|upkeep\n|turn|20\n|\n|t:|1700449345\n|move|p2a: Darmanitan|Psychic|p1a: my wife\n|-damage|p1a: my wife|81\/100 slp\n|cant|p1a: my wife|slp\n|\n|-heal|p1a: my wife|87\/100 slp|[from] item: Leftovers\n|upkeep\n|turn|21\n|\n|t:|1700449351\n|move|p2a: Darmanitan|Psychic|p1a: my wife\n|-damage|p1a: my wife|64\/100 slp\n|cant|p1a: my wife|slp\n|\n|-heal|p1a: my wife|70\/100 slp|[from] item: Leftovers\n|upkeep\n|turn|22\n|\n|t:|1700449357\n|move|p2a: Darmanitan|Psychic|p1a: my wife\n|-damage|p1a: my wife|49\/100 slp\n|-curestatus|p1a: my wife|slp|[msg]\n|move|p1a: my wife|Body Slam|p2a: Darmanitan\n|-damage|p2a: Darmanitan|0 fnt\n|faint|p2a: Darmanitan\n|\n|-heal|p1a: my wife|55\/100|[from] item: Leftovers\n|upkeep\n|\n|t:|1700449371\n|switch|p2a: Cyclizar|Cyclizar, F|100\/100\n|turn|23\n|\n|t:|1700449386\n|move|p2a: Cyclizar|Draco Meteor|p1a: my wife\n|-damage|p1a: my wife|0 fnt\n|-unboost|p2a: Cyclizar|spa|2\n|faint|p1a: my wife\n|\n|upkeep\n|\n|t:|1700449394\n|switch|p1a: Chicken|Skarmory, F|100\/100\n|-damage|p1a: Chicken|88\/100|[from] Stealth Rock\n|turn|24\n|\n|t:|1700449402\n|switch|p2a: Dhelmise|Dhelmise, shiny|100\/100\n|move|p1a: Chicken|Brave Bird|p2a: Dhelmise\n|-supereffective|p2a: Dhelmise\n|-damage|p2a: Dhelmise|0 fnt\n|faint|p2a: Dhelmise\n|-damage|p1a: Chicken|53\/100|[from] Recoil\n|\n|upkeep\n|\n|t:|1700449409\n|switch|p2a: Cyclizar|Cyclizar, F|100\/100\n|turn|25\n|\n|t:|1700449418\n|move|p2a: Cyclizar|Hyper Voice|p1a: Chicken\n|-resisted|p1a: Chicken\n|-damage|p1a: Chicken|18\/100\n|move|p1a: Chicken|Brave Bird|p2a: Cyclizar\n|-damage|p2a: Cyclizar|0 fnt\n|faint|p2a: Cyclizar\n|-damage|p1a: Chicken|0 fnt|[from] Recoil\n|faint|p1a: Chicken\n|\n|upkeep\n|\n|t:|1700449427\n|switch|p2a: Swadloon|Swadloon, F, shiny|64\/100\n|switch|p1a: Son Goku :^)|Infernape, F|100\/100\n|-damage|p1a: Son Goku :^)|88\/100|[from] Stealth Rock\n|-status|p1a: Son Goku :^)|psn\n|-activate|p1a: Son Goku :^)|move: Sticky Web\n|-unboost|p1a: Son Goku :^)|spe|1\n|turn|26\n|\n|t:|1700449436\n|move|p1a: Son Goku :^)|Fire Punch|p2a: Swadloon\n|-supereffective|p2a: Swadloon\n|-damage|p2a: Swadloon|0 fnt\n|faint|p2a: Swadloon\n|\n|win|momfr\n|raw|momfr's rating: 1128 &rarr; <strong>1144<\/strong><br \/>(+16 for winning)\n|raw|Beastking0731's rating: 1000 &rarr; <strong>1000<\/strong><br \/>(+0 for losing)\n|c|\u2606Beastking0731|gg\n","uploadtime":1700449463,"views":5,"p1id":"momfr","p2id":"beastking0731","formatid":"gen9nationaldex","rating":1000,"private":0,"password":""}