{"id":"gen9nationaldex-1993271796","p1":"hhxh\u955c\u82b1\u6c34\u6708","p2":"shuaiboy","format":"[Gen 9] National Dex","log":"|j|\u2606hhxh\u955c\u82b1\u6c34\u6708\n|j|\u2606shuaiboy\n|t:|1700287853\n|gametype|singles\n|player|p1|hhxh\u955c\u82b1\u6c34\u6708|penny|1646\n|player|p2|shuaiboy|169|1560\n|teamsize|p1|6\n|teamsize|p2|6\n|gen|9\n|tier|[Gen 9] National Dex\n|rated|\n|rule|HP Percentage Mod: HP is shown in percentages\n|rule|Endless Battle Clause: Forcing endless battles is banned\n|rule|OHKO Clause: OHKO moves are banned\n|rule|Evasion Clause: Evasion abilities, items, and moves are banned\n|rule|Evasion Abilities Clause: Evasion abilities are banned\n|rule|Evasion Items Clause: Evasion items are banned\n|rule|Evasion Moves Clause: Evasion moves are banned\n|rule|Species Clause: Limit one of each Pok\u00e9mon\n|rule|Sleep Clause Mod: Limit one foe put to sleep\n|clearpoke\n|poke|p1|Volcanion|\n|poke|p1|Slowbro, F|\n|poke|p1|Mawile, F|\n|poke|p1|Ursaluna, M|\n|poke|p1|Maushold|\n|poke|p1|Dragonite, M|\n|poke|p2|Banette, M|\n|poke|p2|Blacephalon|\n|poke|p2|Ogerpon-Cornerstone, F|\n|poke|p2|Bisharp, F|\n|poke|p2|Urshifu-*, M|\n|poke|p2|Volcarona, M|\n|teampreview\n|c|\u2606shuaiboy|\uff1f\uff1f\uff1f\uff1f\uff1f\n|c|\u2606hhxh\u955c\u82b1\u6c34\u6708|6\n|inactive|Battle timer is ON: inactive players will automatically lose when time's up. (requested by hhxh\u955c\u82b1\u6c34\u6708)\n|\n|t:|1700287888\n|start\n|switch|p1a: Maushold|Maushold, shiny|100\/100\n|switch|p2a: \u5251\u821e\u90fd\u53ef\u4ee5\u5251\u821e|Ogerpon-Cornerstone, F|100\/100\n|turn|1\n|\n|t:|1700287903\n|move|p1a: Maushold|Bite|p2a: \u5251\u821e\u90fd\u53ef\u4ee5\u5251\u821e\n|-damage|p2a: \u5251\u821e\u90fd\u53ef\u4ee5\u5251\u821e|73\/100\n|move|p2a: \u5251\u821e\u90fd\u53ef\u4ee5\u5251\u821e|Spikes|p1a: Maushold\n|-sidestart|p1: hhxh\u955c\u82b1\u6c34\u6708|Spikes\n|\n|upkeep\n|turn|2\n|\n|t:|1700287912\n|-terastallize|p2a: \u5251\u821e\u90fd\u53ef\u4ee5\u5251\u821e|Rock\n|detailschange|p2a: \u5251\u821e\u90fd\u53ef\u4ee5\u5251\u821e|Ogerpon-Cornerstone-Tera, F, tera:Rock\n|-ability|p2a: \u5251\u821e\u90fd\u53ef\u4ee5\u5251\u821e|Embody Aspect (Cornerstone)|boost\n|-boost|p2a: \u5251\u821e\u90fd\u53ef\u4ee5\u5251\u821e|def|1\n|move|p1a: Maushold|Encore|p2a: \u5251\u821e\u90fd\u53ef\u4ee5\u5251\u821e\n|-start|p2a: \u5251\u821e\u90fd\u53ef\u4ee5\u5251\u821e|Encore\n|move|p2a: \u5251\u821e\u90fd\u53ef\u4ee5\u5251\u821e|Spikes|p1a: Maushold\n|-sidestart|p1: hhxh\u955c\u82b1\u6c34\u6708|Spikes\n|\n|upkeep\n|turn|3\n|\n|t:|1700287919\n|switch|p2a: \u955c\u82b1\u6c34\u6708|Bisharp, F|100\/100\n|move|p1a: Maushold|Tidy Up|p1a: Maushold\n|-sideend|p1: hhxh\u955c\u82b1\u6c34\u6708|Spikes\n|-activate|p1a: Maushold|move: Tidy Up\n|-boost|p1a: Maushold|atk|1\n|-boost|p1a: Maushold|spe|1\n|\n|upkeep\n|turn|4\n|c|\u2606hhxh\u955c\u82b1\u6c34\u6708|\u559c\u6b22\u6492\n|c|\u2606hhxh\u955c\u82b1\u6c34\u6708|\u6ee1\u8db3\u4f60\n|\n|t:|1700287931\n|switch|p1a: Mawile|Mawile, F, shiny|100\/100\n|-ability|p1a: Mawile|Intimidate|boost\n|-unboost|p2a: \u955c\u82b1\u6c34\u6708|atk|1\n|-ability|p2a: \u955c\u82b1\u6c34\u6708|Defiant|boost\n|-boost|p2a: \u955c\u82b1\u6c34\u6708|atk|2\n|move|p2a: \u955c\u82b1\u6c34\u6708|Knock Off|p1a: Mawile\n|-resisted|p1a: Mawile\n|-damage|p1a: Mawile|65\/100\n|\n|upkeep\n|turn|5\n|\n|t:|1700287936\n|detailschange|p1a: Mawile|Mawile-Mega, F, shiny\n|-mega|p1a: Mawile|Mawile|Mawilite\n|move|p2a: \u955c\u82b1\u6c34\u6708|Iron Head|p1a: Mawile\n|-damage|p1a: Mawile|4\/100\n|move|p1a: Mawile|Brick Break|p2a: \u955c\u82b1\u6c34\u6708\n|-supereffective|p2a: \u955c\u82b1\u6c34\u6708\n|-damage|p2a: \u955c\u82b1\u6c34\u6708|0 fnt\n|faint|p2a: \u955c\u82b1\u6c34\u6708\n|\n|upkeep\n|c|\u2606shuaiboy|\uff1f\uff1f\uff1f\n|\n|t:|1700287947\n|switch|p2a: \u56f4\u5dfe\u8fd8\u662f\u5934\u5e26|Urshifu-Rapid-Strike, M|100\/100\n|turn|6\n|\n|t:|1700287953\n|move|p1a: Mawile|Sucker Punch|p2a: \u56f4\u5dfe\u8fd8\u662f\u5934\u5e26\n|-resisted|p2a: \u56f4\u5dfe\u8fd8\u662f\u5934\u5e26\n|-damage|p2a: \u56f4\u5dfe\u8fd8\u662f\u5934\u5e26|79\/100\n|move|p2a: \u56f4\u5dfe\u8fd8\u662f\u5934\u5e26|U-turn|p1a: Mawile\n|-resisted|p1a: Mawile\n|-damage|p1a: Mawile|0 fnt\n|faint|p1a: Mawile\n|\n|t:|1700287961\n|switch|p2a: \u5251\u821e\u90fd\u53ef\u4ee5\u5251\u821e|Ogerpon-Cornerstone-Tera, F, tera:Rock|73\/100|[from] U-turn\n|-ability|p2a: \u5251\u821e\u90fd\u53ef\u4ee5\u5251\u821e|Embody Aspect (Cornerstone)|boost\n|-boost|p2a: \u5251\u821e\u90fd\u53ef\u4ee5\u5251\u821e|def|1\n|\n|upkeep\n|\n|t:|1700287970\n|switch|p1a: Slowbro|Slowbro, F, shiny|100\/100\n|turn|7\n|\n|t:|1700287976\n|move|p2a: \u5251\u821e\u90fd\u53ef\u4ee5\u5251\u821e|Power Whip|p1a: Slowbro\n|-supereffective|p1a: Slowbro\n|-damage|p1a: Slowbro|12\/100\n|move|p1a: Slowbro|Trick Room|p1a: Slowbro\n|-fieldstart|move: Trick Room|[of] p1a: Slowbro\n|\n|-heal|p1a: Slowbro|18\/100|[from] item: Leftovers\n|upkeep\n|turn|8\n|\n|t:|1700287982\n|move|p1a: Slowbro|Scald|p2a: \u5251\u821e\u90fd\u53ef\u4ee5\u5251\u821e\n|-supereffective|p2a: \u5251\u821e\u90fd\u53ef\u4ee5\u5251\u821e\n|-damage|p2a: \u5251\u821e\u90fd\u53ef\u4ee5\u5251\u821e|5\/100\n|move|p2a: \u5251\u821e\u90fd\u53ef\u4ee5\u5251\u821e|U-turn|p1a: Slowbro\n|-supereffective|p1a: Slowbro\n|-damage|p1a: Slowbro|0 fnt\n|faint|p1a: Slowbro\n|\n|t:|1700287994\n|switch|p2a: \u540c\u547d\u4e0d\u540c\u547d\u540c\u547d|Banette, M|100\/100|[from] U-turn\n|\n|upkeep\n|\n|t:|1700288002\n|switch|p1a: Volcanion|Volcanion|100\/100\n|turn|9\n|\n|t:|1700288008\n|detailschange|p2a: \u540c\u547d\u4e0d\u540c\u547d\u540c\u547d|Banette-Mega, M\n|-mega|p2a: \u540c\u547d\u4e0d\u540c\u547d\u540c\u547d|Banette|Banettite\n|move|p1a: Volcanion|Flamethrower|p2a: \u540c\u547d\u4e0d\u540c\u547d\u540c\u547d\n|-damage|p2a: \u540c\u547d\u4e0d\u540c\u547d\u540c\u547d|20\/100\n|move|p2a: \u540c\u547d\u4e0d\u540c\u547d\u540c\u547d|Poltergeist|p1a: Volcanion\n|-activate|p1a: Volcanion|move: Poltergeist|Expert Belt\n|-crit|p1a: Volcanion\n|-damage|p1a: Volcanion|0 fnt\n|faint|p1a: Volcanion\n|\n|upkeep\n|c|\u2606shuaiboy|nice\n|c|\u2606hhxh\u955c\u82b1\u6c34\u6708|?\n|\n|t:|1700288021\n|switch|p1a: Ursaluna|Ursaluna, M, shiny|100\/100\n|turn|10\n|\n|t:|1700288030\n|switch|p1a: Maushold|Maushold, shiny|100\/100\n|move|p2a: \u540c\u547d\u4e0d\u540c\u547d\u540c\u547d|Destiny Bond|p2a: \u540c\u547d\u4e0d\u540c\u547d\u540c\u547d\n|-singlemove|p2a: \u540c\u547d\u4e0d\u540c\u547d\u540c\u547d|Destiny Bond\n|\n|upkeep\n|turn|11\n|\n|t:|1700288040\n|-terastallize|p1a: Maushold|Dark\n|move|p2a: \u540c\u547d\u4e0d\u540c\u547d\u540c\u547d|Will-O-Wisp|p1a: Maushold\n|-hint|Since gen 7, Dark is immune to Prankster moves.\n|-immune|p1a: Maushold\n|move|p1a: Maushold|Tidy Up|p1a: Maushold\n|-boost|p1a: Maushold|atk|1\n|-boost|p1a: Maushold|spe|1\n|\n|-fieldend|move: Trick Room\n|upkeep\n|turn|12\n|\n|t:|1700288046\n|move|p1a: Maushold|Encore|p2a: \u540c\u547d\u4e0d\u540c\u547d\u540c\u547d\n|-start|p2a: \u540c\u547d\u4e0d\u540c\u547d\u540c\u547d|Encore\n|move|p2a: \u540c\u547d\u4e0d\u540c\u547d\u540c\u547d|Will-O-Wisp|p1a: Maushold\n|-status|p1a: Maushold|brn\n|\n|-damage|p1a: Maushold|94\/100 brn|[from] brn\n|upkeep\n|turn|13\n|c|\u2606shuaiboy|\u54c8\u54c8\u54c8\u54c8\n|c|\u2606hhxh\u955c\u82b1\u6c34\u6708|?\n|c|\u2606shuaiboy|\u5c0f\u4e11 \u771f\u7684\u5c0f\u4e11\n|c|\u2606hhxh\u955c\u82b1\u6c34\u6708|\u4ec0\u4e48\u4e1c\u897f\n|\n|t:|1700288065\n|switch|p2a: \u706b\u7130\u4e4b\u8eaf \u6700\u559c\u6b22\u7684\u7279\u6027|Volcarona, M|100\/100\n|move|p1a: Maushold|Tidy Up|p1a: Maushold\n|-boost|p1a: Maushold|atk|1\n|-boost|p1a: Maushold|spe|1\n|\n|-damage|p1a: Maushold|88\/100 brn|[from] brn\n|upkeep\n|turn|14\n|\n|t:|1700288070\n|move|p1a: Maushold|Population Bomb|p2a: \u706b\u7130\u4e4b\u8eaf \u6700\u559c\u6b22\u7684\u7279\u6027\n|-damage|p2a: \u706b\u7130\u4e4b\u8eaf \u6700\u559c\u6b22\u7684\u7279\u6027|91\/100\n|-damage|p2a: \u706b\u7130\u4e4b\u8eaf \u6700\u559c\u6b22\u7684\u7279\u6027|80\/100\n|-damage|p2a: \u706b\u7130\u4e4b\u8eaf \u6700\u559c\u6b22\u7684\u7279\u6027|71\/100\n|-damage|p2a: \u706b\u7130\u4e4b\u8eaf \u6700\u559c\u6b22\u7684\u7279\u6027|60\/100\n|-damage|p2a: \u706b\u7130\u4e4b\u8eaf \u6700\u559c\u6b22\u7684\u7279\u6027|50\/100\n|-damage|p2a: \u706b\u7130\u4e4b\u8eaf \u6700\u559c\u6b22\u7684\u7279\u6027|40\/100\n|-damage|p2a: \u706b\u7130\u4e4b\u8eaf \u6700\u559c\u6b22\u7684\u7279\u6027|31\/100\n|-damage|p2a: \u706b\u7130\u4e4b\u8eaf \u6700\u559c\u6b22\u7684\u7279\u6027|20\/100\n|-damage|p2a: \u706b\u7130\u4e4b\u8eaf \u6700\u559c\u6b22\u7684\u7279\u6027|10\/100\n|-damage|p2a: \u706b\u7130\u4e4b\u8eaf \u6700\u559c\u6b22\u7684\u7279\u6027|0 fnt\n|faint|p2a: \u706b\u7130\u4e4b\u8eaf \u6700\u559c\u6b22\u7684\u7279\u6027\n|-hitcount|p2: \u706b\u7130\u4e4b\u8eaf \u6700\u559c\u6b22\u7684\u7279\u6027|10\n|\n|-damage|p1a: Maushold|82\/100 brn|[from] brn\n|upkeep\n|\n|t:|1700288078\n|switch|p2a: \u540c\u547d\u4e0d\u540c\u547d\u540c\u547d|Banette-Mega, M|20\/100\n|turn|15\n|\n|t:|1700288082\n|move|p1a: Maushold|Tidy Up|p1a: Maushold\n|-boost|p1a: Maushold|atk|1\n|-boost|p1a: Maushold|spe|1\n|move|p2a: \u540c\u547d\u4e0d\u540c\u547d\u540c\u547d|Poltergeist|p1a: Maushold\n|-activate|p1a: Maushold|move: Poltergeist|Wide Lens\n|-resisted|p1a: Maushold\n|-damage|p1a: Maushold|26\/100 brn\n|\n|-damage|p1a: Maushold|20\/100 brn|[from] brn\n|upkeep\n|turn|16\n|\n|t:|1700288087\n|move|p2a: \u540c\u547d\u4e0d\u540c\u547d\u540c\u547d|Sucker Punch|p1a: Maushold\n|-resisted|p1a: Maushold\n|-damage|p1a: Maushold|0 fnt\n|faint|p1a: Maushold\n|\n|upkeep\n|\n|t:|1700288090\n|switch|p1a: Ursaluna|Ursaluna, M, shiny|100\/100\n|turn|17\n|\n|t:|1700288093\n|move|p2a: \u540c\u547d\u4e0d\u540c\u547d\u540c\u547d|Destiny Bond|p2a: \u540c\u547d\u4e0d\u540c\u547d\u540c\u547d\n|-singlemove|p2a: \u540c\u547d\u4e0d\u540c\u547d\u540c\u547d|Destiny Bond\n|move|p1a: Ursaluna|Headlong Rush|p2a: \u540c\u547d\u4e0d\u540c\u547d\u540c\u547d\n|-damage|p2a: \u540c\u547d\u4e0d\u540c\u547d\u540c\u547d|0 fnt\n|-unboost|p1a: Ursaluna|def|1\n|-unboost|p1a: Ursaluna|spd|1\n|faint|p2a: \u540c\u547d\u4e0d\u540c\u547d\u540c\u547d\n|-activate|p2a: \u540c\u547d\u4e0d\u540c\u547d\u540c\u547d|move: Destiny Bond\n|faint|p1a: Ursaluna\n|\n|upkeep\n|\n|t:|1700288100\n|switch|p2a: \u56f4\u5dfe\u8fd8\u662f\u5934\u5e26|Urshifu-Rapid-Strike, M|79\/100\n|switch|p1a: Dragonite|Dragonite, M, shiny|100\/100\n|turn|18\n|\n|t:|1700288107\n|move|p2a: \u56f4\u5dfe\u8fd8\u662f\u5934\u5e26|Ice Spinner|p1a: Dragonite\n|-supereffective|p1a: Dragonite\n|-damage|p1a: Dragonite|34\/100\n|-zpower|p1a: Dragonite\n|move|p1a: Dragonite|Devastating Drake|p2a: \u56f4\u5dfe\u8fd8\u662f\u5934\u5e26|[zeffect]\n|-damage|p2a: \u56f4\u5dfe\u8fd8\u662f\u5934\u5e26|0 fnt\n|faint|p2a: \u56f4\u5dfe\u8fd8\u662f\u5934\u5e26\n|\n|upkeep\n|\n|t:|1700288112\n|switch|p2a: \u5c0f\u4e11\u771f\u7684\u5c0f\u4e11|Blacephalon|100\/100\n|turn|19\n|-message|hhxh\u955c\u82b1\u6c34\u6708 forfeited.\n|\n|win|shuaiboy\n|raw|hhxh\u955c\u82b1\u6c34\u6708's rating: 1646 &rarr; <strong>1621<\/strong><br \/>(-25 for losing)\n|raw|shuaiboy's rating: 1560 &rarr; <strong>1585<\/strong><br \/>(+25 for winning)\n|l|\u2606hhxh\u955c\u82b1\u6c34\u6708\n|c|\u2606shuaiboy|\u6211\u5982\u679c\u73b0\u5728\u4e00\u4e2a\u518d\u6765\u4e00\u6b21\u4f1a\u600e\u4e48\u6837\n","uploadtime":1700288130,"views":7,"p1id":"hhxh","p2id":"shuaiboy","formatid":"gen9nationaldex","rating":1585,"private":0,"password":""}