{"id":"gen9nationaldex-1990484397","p1":"radlc","p2":"NormalU?","format":"[Gen 9] National Dex","log":"|j|\u2606radlc\n|j|\u2606NormalU?\n|t:|1699975191\n|gametype|singles\n|player|p1|radlc|rocketgrunt|1520\n|player|p2|NormalU?|courtney|1414\n|teamsize|p1|6\n|teamsize|p2|6\n|gen|9\n|tier|[Gen 9] National Dex\n|rated|\n|rule|HP Percentage Mod: HP is shown in percentages\n|rule|Endless Battle Clause: Forcing endless battles is banned\n|rule|OHKO Clause: OHKO moves are banned\n|rule|Evasion Clause: Evasion abilities, items, and moves are banned\n|rule|Evasion Abilities Clause: Evasion abilities are banned\n|rule|Evasion Items Clause: Evasion items are banned\n|rule|Evasion Moves Clause: Evasion moves are banned\n|rule|Species Clause: Limit one of each Pok\u00e9mon\n|rule|Sleep Clause Mod: Limit one foe put to sleep\n|clearpoke\n|poke|p1|Braviary-Hisui, M|\n|poke|p1|Kleavor, M|\n|poke|p1|Iron Treads|\n|poke|p1|Tauros-Paldea-Aqua, M|\n|poke|p1|Venusaur, F|\n|poke|p1|Moltres|\n|poke|p2|Kyurem|\n|poke|p2|Tentacruel, M|\n|poke|p2|Absol, F|\n|poke|p2|Slowking, M|\n|poke|p2|Zeraora|\n|poke|p2|Urshifu-*, M|\n|teampreview\n|inactive|Battle timer is ON: inactive players will automatically lose when time's up. (requested by radlc)\n|inactive|NormalU? also wants the timer to be on.\n|\n|t:|1699975201\n|start\n|switch|p1a: Kleavor|Kleavor, M, shiny|100\/100\n|switch|p2a: 3|Urshifu-Rapid-Strike, M|100\/100\n|turn|1\n|\n|t:|1699975220\n|move|p2a: 3|Surging Strikes|p1a: Kleavor\n|-supereffective|p1a: Kleavor\n|-crit|p1a: Kleavor\n|-damage|p1a: Kleavor|51\/100\n|-supereffective|p1a: Kleavor\n|-crit|p1a: Kleavor\n|-damage|p1a: Kleavor|0 fnt\n|faint|p1a: Kleavor\n|-hitcount|p1: Kleavor|2\n|\n|upkeep\n|\n|t:|1699975230\n|switch|p1a: Venusaur|Venusaur, F|100\/100\n|turn|2\n|\n|t:|1699975236\n|switch|p2a: Evil|Tentacruel, M|100\/100\n|detailschange|p1a: Venusaur|Venusaur-Mega, F\n|-mega|p1a: Venusaur|Venusaur|Venusaurite\n|move|p1a: Venusaur|Leech Seed|p2a: Evil\n|-start|p2a: Evil|move: Leech Seed\n|\n|-damage|p2a: Evil|88\/100|[from] Leech Seed|[of] p1a: Venusaur\n|-damage|p1a: Venusaur|90\/100|[from] ability: Liquid Ooze|[of] p2a: Evil\n|upkeep\n|turn|3\n|\n|t:|1699975258\n|move|p2a: Evil|Swords Dance|p2a: Evil\n|-boost|p2a: Evil|atk|2\n|move|p1a: Venusaur|Giga Drain|p2a: Evil\n|-damage|p2a: Evil|58\/100\n|-damage|p1a: Venusaur|78\/100|[from] ability: Liquid Ooze|[of] p2a: Evil\n|\n|-heal|p2a: Evil|64\/100|[from] item: Leftovers\n|-damage|p2a: Evil|52\/100|[from] Leech Seed|[of] p1a: Venusaur\n|-damage|p1a: Venusaur|68\/100|[from] ability: Liquid Ooze|[of] p2a: Evil\n|upkeep\n|turn|4\n|\n|t:|1699975271\n|switch|p1a: Tauros|Tauros-Paldea-Aqua, M|100\/100\n|-ability|p1a: Tauros|Intimidate|boost\n|-unboost|p2a: Evil|atk|1\n|move|p2a: Evil|Knock Off|p1a: Tauros\n|-resisted|p1a: Tauros\n|-damage|p1a: Tauros|89\/100\n|-enditem|p1a: Tauros|Leftovers|[from] move: Knock Off|[of] p2a: Evil\n|\n|-heal|p2a: Evil|58\/100|[from] item: Leftovers\n|-damage|p2a: Evil|45\/100|[from] Leech Seed|[of] p1a: Tauros\n|-damage|p1a: Tauros|79\/100|[from] ability: Liquid Ooze|[of] p2a: Evil\n|upkeep\n|turn|5\n|\n|t:|1699975287\n|move|p2a: Evil|Rapid Spin|p1a: Tauros\n|-damage|p1a: Tauros|66\/100\n|-boost|p2a: Evil|spe|1\n|-end|p2a: Evil|Leech Seed|[from] move: Rapid Spin|[of] p2a: Evil\n|move|p1a: Tauros|Body Slam|p2a: Evil\n|-damage|p2a: Evil|12\/100\n|-status|p2a: Evil|par\n|\n|-heal|p2a: Evil|18\/100 par|[from] item: Leftovers\n|upkeep\n|turn|6\n|\n|t:|1699975299\n|move|p2a: Evil|Waterfall|p1a: Tauros\n|-resisted|p1a: Tauros\n|-damage|p1a: Tauros|52\/100\n|cant|p1a: Tauros|flinch\n|\n|-heal|p2a: Evil|24\/100 par|[from] item: Leftovers\n|upkeep\n|turn|7\n|inactive|radlc has 120 seconds left.\n|\n|t:|1699975319\n|move|p2a: Evil|Waterfall|p1a: Tauros\n|-resisted|p1a: Tauros\n|-damage|p1a: Tauros|38\/100\n|move|p1a: Tauros|Body Slam|p2a: Evil\n|-damage|p2a: Evil|0 fnt\n|faint|p2a: Evil\n|\n|upkeep\n|\n|t:|1699975329\n|switch|p2a: 2|Zeraora|100\/100\n|turn|8\n|\n|t:|1699975334\n|switch|p1a: Iron Treads|Iron Treads|100\/100\n|move|p2a: 2|Volt Switch|p1a: Iron Treads\n|-immune|p1a: Iron Treads\n|\n|upkeep\n|turn|9\n|\n|t:|1699975342\n|switch|p2a: 3|Urshifu-Rapid-Strike, M|100\/100\n|move|p1a: Iron Treads|Knock Off|p2a: 3\n|-resisted|p2a: 3\n|-crit|p2a: 3\n|-damage|p2a: 3|83\/100\n|-enditem|p2a: 3|Choice Scarf|[from] move: Knock Off|[of] p1a: Iron Treads\n|\n|upkeep\n|turn|10\n|\n|t:|1699975352\n|-end|p1a: Iron Treads|Quark Drive|[silent]\n|switch|p1a: Tauros|Tauros-Paldea-Aqua, M|38\/100\n|-ability|p1a: Tauros|Intimidate|boost\n|-unboost|p2a: 3|atk|1\n|move|p2a: 3|Close Combat|p1a: Tauros\n|-damage|p1a: Tauros|7\/100\n|-unboost|p2a: 3|def|1\n|-unboost|p2a: 3|spd|1\n|\n|upkeep\n|turn|11\n|\n|t:|1699975362\n|switch|p1a: Moltres|Moltres|100\/100\n|move|p2a: 3|U-turn|p1a: Moltres\n|-resisted|p1a: Moltres\n|-damage|p1a: Moltres|98\/100\n|\n|t:|1699975370\n|switch|p2a: Bing Crosby|Slowking, M|100\/100|[from] U-turn\n|\n|upkeep\n|turn|12\n|\n|t:|1699975378\n|move|p1a: Moltres|U-turn|p2a: Bing Crosby\n|-supereffective|p2a: Bing Crosby\n|-damage|p2a: Bing Crosby|77\/100\n|\n|t:|1699975387\n|switch|p1a: Braviary|Braviary-Hisui, M, shiny|100\/100|[from] U-turn\n|move|p2a: Bing Crosby|Future Sight|p1a: Braviary\n|-start|p2a: Bing Crosby|move: Future Sight\n|\n|-heal|p2a: Bing Crosby|83\/100|[from] item: Leftovers\n|upkeep\n|turn|13\n|\n|t:|1699975396\n|move|p1a: Braviary|Esper Wing|p2a: Bing Crosby\n|-resisted|p2a: Bing Crosby\n|-crit|p2a: Bing Crosby\n|-damage|p2a: Bing Crosby|26\/100\n|-boost|p1a: Braviary|spe|1\n|move|p2a: Bing Crosby|Chilly Reception|p2a: Bing Crosby\n|-weather|Snow\n|\n|t:|1699975406\n|switch|p2a: 2|Zeraora|100\/100|[from] Chilly Reception\n|\n|-weather|Snow|[upkeep]\n|upkeep\n|turn|14\n|\n|t:|1699975418\n|-terastallize|p1a: Braviary|Ground\n|move|p2a: 2|Plasma Fists|p1a: Braviary\n|-immune|p1a: Braviary\n|move|p1a: Braviary|Tera Blast|p2a: 2|[anim] Tera Blast Ground\n|-supereffective|p2a: 2\n|-damage|p2a: 2|0 fnt\n|faint|p2a: 2\n|\n|-weather|Snow|[upkeep]\n|-end|p1a: Braviary|move: Future Sight\n|-damage|p1a: Braviary|40\/100\n|upkeep\n|\n|t:|1699975425\n|switch|p2a: Absol|Absol, F|100\/100\n|-ability|p2a: Absol|Pressure\n|turn|15\n|\n|t:|1699975440\n|switch|p1a: Moltres|Moltres|98\/100\n|move|p2a: Absol|Protect||[still]\n|-fail|p2a: Absol\n|\n|-weather|Snow|[upkeep]\n|upkeep\n|turn|16\n|\n|t:|1699975451\n|detailschange|p2a: Absol|Absol-Mega, F\n|-mega|p2a: Absol|Absol|Absolite\n|move|p2a: Absol|Knock Off|p1a: Moltres\n|-damage|p1a: Moltres|62\/100\n|-enditem|p1a: Moltres|Heavy-Duty Boots|[from] move: Knock Off|[of] p2a: Absol\n|move|p1a: Moltres|U-turn|p2a: Absol\n|-supereffective|p2a: Absol\n|-damage|p2a: Absol|48\/100\n|\n|t:|1699975462\n|switch|p1a: Tauros|Tauros-Paldea-Aqua, M|7\/100|[from] U-turn\n|-ability|p1a: Tauros|Intimidate|boost\n|-unboost|p2a: Absol|atk|1\n|\n|-weather|Snow|[upkeep]\n|upkeep\n|turn|17\n|\n|t:|1699975469\n|switch|p1a: Moltres|Moltres|62\/100\n|move|p2a: Absol|Close Combat|p1a: Moltres\n|-resisted|p1a: Moltres\n|-damage|p1a: Moltres|52\/100\n|-unboost|p2a: Absol|def|1\n|-unboost|p2a: Absol|spd|1\n|\n|-weather|none\n|upkeep\n|turn|18\n|\n|t:|1699975479\n|move|p2a: Absol|Protect|p2a: Absol\n|-singleturn|p2a: Absol|Protect\n|move|p1a: Moltres|Roost|p1a: Moltres\n|-heal|p1a: Moltres|100\/100\n|-singleturn|p1a: Moltres|move: Roost\n|\n|upkeep\n|turn|19\n|\n|t:|1699975492\n|switch|p2a: Bing Crosby|Slowking, M|59\/100\n|move|p1a: Moltres|U-turn|p2a: Bing Crosby\n|-supereffective|p2a: Bing Crosby\n|-damage|p2a: Bing Crosby|37\/100\n|\n|t:|1699975502\n|switch|p1a: Braviary|Braviary-Hisui, M, shiny, tera:Ground|40\/100|[from] U-turn\n|\n|-heal|p2a: Bing Crosby|43\/100|[from] item: Leftovers\n|upkeep\n|turn|20\n|\n|t:|1699975513\n|switch|p1a: Venusaur|Venusaur-Mega, F|68\/100\n|move|p2a: Bing Crosby|Scald|p1a: Venusaur\n|-resisted|p1a: Venusaur\n|-damage|p1a: Venusaur|58\/100\n|-status|p1a: Venusaur|brn\n|\n|-heal|p2a: Bing Crosby|49\/100|[from] item: Leftovers\n|-damage|p1a: Venusaur|52\/100 brn|[from] brn\n|upkeep\n|turn|21\n|\n|t:|1699975529\n|switch|p2a: Absol|Absol-Mega, F|48\/100\n|move|p1a: Venusaur|Leech Seed|p2a: Absol\n|move|p2a: Absol|Leech Seed|p1a: Venusaur|[from]ability: Magic Bounce\n|-immune|p1a: Venusaur\n|\n|-damage|p1a: Venusaur|46\/100 brn|[from] brn\n|upkeep\n|turn|22\n|\n|t:|1699975544\n|switch|p1a: Moltres|Moltres|100\/100\n|move|p2a: Absol|Protect||[still]\n|-fail|p2a: Absol\n|\n|upkeep\n|turn|23\n|\n|t:|1699975551\n|move|p2a: Absol|Protect|p2a: Absol\n|-singleturn|p2a: Absol|Protect\n|move|p1a: Moltres|U-turn|p2a: Absol\n|-activate|p2a: Absol|move: Protect\n|\n|upkeep\n|turn|24\n|\n|t:|1699975562\n|switch|p2a: 3|Urshifu-Rapid-Strike, M|83\/100\n|move|p1a: Moltres|Air Slash|p2a: 3\n|-supereffective|p2a: 3\n|-damage|p2a: 3|0 fnt\n|faint|p2a: 3\n|\n|upkeep\n|\n|t:|1699975569\n|switch|p2a: 1|Kyurem|100\/100\n|-ability|p2a: 1|Pressure\n|turn|25\n|\n|t:|1699975578\n|switch|p1a: Iron Treads|Iron Treads|100\/100\n|move|p2a: 1|Ice Beam|p1a: Iron Treads\n|-damage|p1a: Iron Treads|75\/100\n|\n|upkeep\n|turn|26\n|\n|t:|1699975589\n|switch|p2a: Bing Crosby|Slowking, M|82\/100\n|move|p1a: Iron Treads|Knock Off|p2a: Bing Crosby\n|-supereffective|p2a: Bing Crosby\n|-damage|p2a: Bing Crosby|39\/100\n|-enditem|p2a: Bing Crosby|Leftovers|[from] move: Knock Off|[of] p1a: Iron Treads\n|\n|upkeep\n|turn|27\n|\n|t:|1699975605\n|-end|p1a: Iron Treads|Quark Drive|[silent]\n|switch|p1a: Venusaur|Venusaur-Mega, F|46\/100 brn\n|move|p2a: Bing Crosby|Chilly Reception|p2a: Bing Crosby\n|-weather|Snow\n|\n|t:|1699975608\n|switch|p2a: 1|Kyurem|100\/100|[from] Chilly Reception\n|-ability|p2a: 1|Pressure\n|\n|-weather|Snow|[upkeep]\n|-damage|p1a: Venusaur|40\/100 brn|[from] brn\n|upkeep\n|turn|28\n|\n|t:|1699975623\n|move|p2a: 1|Draco Meteor|p1a: Venusaur\n|-damage|p1a: Venusaur|0 fnt\n|-unboost|p2a: 1|spa|2\n|faint|p1a: Venusaur\n|\n|-weather|Snow|[upkeep]\n|upkeep\n|\n|t:|1699975641\n|switch|p1a: Iron Treads|Iron Treads|75\/100\n|turn|29\n|\n|t:|1699975652\n|switch|p2a: Bing Crosby|Slowking, M|72\/100\n|move|p1a: Iron Treads|Rapid Spin|p2a: Bing Crosby\n|-damage|p2a: Bing Crosby|62\/100\n|-boost|p1a: Iron Treads|spe|1\n|\n|-weather|Snow|[upkeep]\n|upkeep\n|turn|30\n|\n|t:|1699975662\n|move|p1a: Iron Treads|Earthquake|p2a: Bing Crosby\n|-damage|p2a: Bing Crosby|29\/100\n|move|p2a: Bing Crosby|Scald|p1a: Iron Treads\n|-supereffective|p1a: Iron Treads\n|-damage|p1a: Iron Treads|37\/100\n|-status|p1a: Iron Treads|brn\n|\n|-weather|Snow|[upkeep]\n|-damage|p1a: Iron Treads|30\/100 brn|[from] brn\n|upkeep\n|turn|31\n|inactive|radlc has 120 seconds left.\n|inactive|radlc has 90 seconds left.\n|inactive|radlc has 60 seconds left.\n|inactive|radlc has 30 seconds left.\n|inactive|radlc has 20 seconds left.\n|inactive|radlc has 15 seconds left.\n|inactive|radlc has 10 seconds left.\n|inactive|radlc has 5 seconds left.\n|-message|radlc lost due to inactivity.\n|\n|win|NormalU?\n|raw|radlc's rating: 1520 &rarr; <strong>1494<\/strong><br \/>(-26 for losing)\n|raw|NormalU?'s rating: 1414 &rarr; <strong>1440<\/strong><br \/>(+26 for winning)\n","uploadtime":1699975840,"views":13,"p1id":"radlc","p2id":"normalu","formatid":"gen9nationaldex","rating":1440,"private":0,"password":""}