{"id":"gen9nationaldex-1990980448","p1":"gfsn\u7535\u68cd\u5973\u513f\u7c73\u8bfa","p2":"XxLuckx","format":"[Gen 9] National Dex","log":"|j|\u2606gfsn\u7535\u68cd\u5973\u513f\u7c73\u8bfa\n|j|\u2606XxLuckx\n|t:|1700022785\n|gametype|singles\n|player|p1|gfsn\u7535\u68cd\u5973\u513f\u7c73\u8bfa|rosa|1504\n|player|p2|XxLuckx|red|1554\n|teamsize|p1|6\n|teamsize|p2|6\n|gen|9\n|tier|[Gen 9] National Dex\n|rated|\n|rule|HP Percentage Mod: HP is shown in percentages\n|rule|Endless Battle Clause: Forcing endless battles is banned\n|rule|OHKO Clause: OHKO moves are banned\n|rule|Evasion Clause: Evasion abilities, items, and moves are banned\n|rule|Evasion Abilities Clause: Evasion abilities are banned\n|rule|Evasion Items Clause: Evasion items are banned\n|rule|Evasion Moves Clause: Evasion moves are banned\n|rule|Species Clause: Limit one of each Pok\u00e9mon\n|rule|Sleep Clause Mod: Limit one foe put to sleep\n|clearpoke\n|poke|p1|Medicham, F|\n|poke|p1|Tapu Lele|\n|poke|p1|Glimmora, F|\n|poke|p1|Sinistcha-Masterpiece|\n|poke|p1|Hatterene, F|\n|poke|p1|Polteageist-Antique|\n|poke|p2|Charizard, M|\n|poke|p2|Urshifu-*, F|\n|poke|p2|Serperior, M|\n|poke|p2|Mandibuzz, F|\n|poke|p2|Toxapex, F|\n|poke|p2|Zamazenta-*|\n|teampreview\n|inactive|Battle timer is ON: inactive players will automatically lose when time's up. (requested by gfsn\u7535\u68cd\u5973\u513f\u7c73\u8bfa)\n|inactive|gfsn\u7535\u68cd\u5973\u513f\u7c73\u8bfa has 120 seconds left.\n|l|\u2606XxLuckx\n|inactive|XxLuckx disconnected and has a minute to reconnect!\n|player|p2|\n|j|\u2606XxLuckx\n|inactive|XxLuckx reconnected.\n|player|p2|XxLuckx|red\n|\n|t:|1700022835\n|start\n|switch|p1a: Glimmora|Glimmora, F|100\/100\n|switch|p2a: Urshifu|Urshifu-Rapid-Strike, F|100\/100\n|-item|p1a: Glimmora|Air Balloon\n|turn|1\n|\n|t:|1700022850\n|-terastallize|p1a: Glimmora|Grass\n|move|p2a: Urshifu|Swords Dance|p2a: Urshifu\n|-boost|p2a: Urshifu|atk|2\n|move|p1a: Glimmora|Energy Ball|p2a: Urshifu\n|-supereffective|p2a: Urshifu\n|-damage|p2a: Urshifu|0 fnt\n|faint|p2a: Urshifu\n|\n|upkeep\n|\n|t:|1700022858\n|switch|p2a: Charizard|Charizard, M|100\/100\n|turn|2\n|inactive|gfsn\u7535\u68cd\u5973\u513f\u7c73\u8bfa has 120 seconds left.\n|\n|t:|1700022904\n|switch|p1a: Hatterene|Hatterene, F|100\/100\n|detailschange|p2a: Charizard|Charizard-Mega-Y, M\n|-mega|p2a: Charizard|Charizard|Charizardite Y\n|-weather|SunnyDay|[from] ability: Drought|[of] p2a: Charizard\n|move|p2a: Charizard|Fire Blast|p1a: Hatterene\n|-damage|p1a: Hatterene|0 fnt\n|faint|p1a: Hatterene\n|\n|-weather|SunnyDay|[upkeep]\n|upkeep\n|\n|t:|1700022917\n|switch|p1a: Medicham|Medicham, F, shiny|100\/100\n|turn|3\n|\n|t:|1700022928\n|switch|p2a: Toxapex|Toxapex, F|100\/100\n|detailschange|p1a: Medicham|Medicham-Mega, F, shiny\n|-mega|p1a: Medicham|Medicham|Medichamite\n|move|p1a: Medicham|Zen Headbutt|p2a: Toxapex\n|-supereffective|p2a: Toxapex\n|-damage|p2a: Toxapex|21\/100\n|\n|-weather|SunnyDay|[upkeep]\n|-heal|p2a: Toxapex|27\/100|[from] item: Black Sludge\n|upkeep\n|turn|4\n|\n|t:|1700022939\n|move|p2a: Toxapex|Baneful Bunker|p2a: Toxapex\n|-singleturn|p2a: Toxapex|move: Protect\n|move|p1a: Medicham|Trailblaze|p2a: Toxapex\n|-activate|p2a: Toxapex|move: Protect\n|-status|p1a: Medicham|psn\n|\n|-weather|SunnyDay|[upkeep]\n|-heal|p2a: Toxapex|33\/100|[from] item: Black Sludge\n|-damage|p1a: Medicham|88\/100 psn|[from] psn\n|upkeep\n|turn|5\n|\n|t:|1700022958\n|switch|p2a: Mandibuzz|Mandibuzz, F|100\/100\n|move|p1a: Medicham|Trailblaze|p2a: Mandibuzz\n|-resisted|p2a: Mandibuzz\n|-damage|p2a: Mandibuzz|93\/100\n|-boost|p1a: Medicham|spe|1\n|\n|-weather|SunnyDay|[upkeep]\n|-damage|p1a: Medicham|76\/100 psn|[from] psn\n|upkeep\n|turn|6\n|\n|t:|1700022969\n|move|p1a: Medicham|Bulk Up|p1a: Medicham\n|-boost|p1a: Medicham|atk|1\n|-boost|p1a: Medicham|def|1\n|move|p2a: Mandibuzz|Roost|p2a: Mandibuzz\n|-heal|p2a: Mandibuzz|100\/100\n|-singleturn|p2a: Mandibuzz|move: Roost\n|\n|-weather|none\n|-damage|p1a: Medicham|64\/100 psn|[from] psn\n|upkeep\n|turn|7\n|\n|t:|1700022980\n|move|p1a: Medicham|Bulk Up|p1a: Medicham\n|-boost|p1a: Medicham|atk|1\n|-boost|p1a: Medicham|def|1\n|move|p2a: Mandibuzz|Foul Play|p1a: Medicham\n|-damage|p1a: Medicham|5\/100 psn\n|\n|-damage|p1a: Medicham|0 fnt|[from] psn\n|faint|p1a: Medicham\n|upkeep\n|inactive|gfsn\u7535\u68cd\u5973\u513f\u7c73\u8bfa has 90 seconds left.\n|\n|t:|1700022992\n|switch|p1a: Glimmora|Glimmora, F, tera:Grass|100\/100\n|-item|p1a: Glimmora|Air Balloon\n|turn|8\n|\n|t:|1700023000\n|move|p1a: Glimmora|Stealth Rock|p2a: Mandibuzz\n|-sidestart|p2: XxLuckx|move: Stealth Rock\n|move|p2a: Mandibuzz|U-turn|p1a: Glimmora\n|-supereffective|p1a: Glimmora\n|-crit|p1a: Glimmora\n|-damage|p1a: Glimmora|65\/100\n|-enditem|p1a: Glimmora|Air Balloon\n|\n|t:|1700023001\n|switch|p2a: Charizard|Charizard-Mega-Y, M|100\/100|[from] U-turn\n|-damage|p2a: Charizard|50\/100|[from] Stealth Rock\n|-weather|SunnyDay|[from] ability: Drought|[of] p2a: Charizard\n|\n|-weather|SunnyDay|[upkeep]\n|upkeep\n|turn|9\n|inactive|gfsn\u7535\u68cd\u5973\u513f\u7c73\u8bfa has 90 seconds left.\n|\n|t:|1700023025\n|move|p2a: Charizard|Air Slash|p1a: Glimmora\n|-supereffective|p1a: Glimmora\n|-damage|p1a: Glimmora|0 fnt\n|faint|p1a: Glimmora\n|\n|-weather|SunnyDay|[upkeep]\n|upkeep\n|inactive|gfsn\u7535\u68cd\u5973\u513f\u7c73\u8bfa has 90 seconds left.\n|\n|t:|1700023035\n|switch|p1a: Tapu Lele|Tapu Lele|100\/100\n|-fieldstart|move: Psychic Terrain|[from] ability: Psychic Surge|[of] p1a: Tapu Lele\n|turn|10\n|inactive|gfsn\u7535\u68cd\u5973\u513f\u7c73\u8bfa has 90 seconds left.\n|\n|t:|1700023047\n|move|p2a: Charizard|Fire Blast|p1a: Tapu Lele\n|-damage|p1a: Tapu Lele|19\/100\n|move|p1a: Tapu Lele|Future Sight|p2a: Charizard\n|-start|p1a: Tapu Lele|move: Future Sight\n|\n|-weather|SunnyDay|[upkeep]\n|upkeep\n|turn|11\n|inactive|gfsn\u7535\u68cd\u5973\u513f\u7c73\u8bfa has 90 seconds left.\n|\n|t:|1700023056\n|move|p2a: Charizard|Air Slash|p1a: Tapu Lele\n|-damage|p1a: Tapu Lele|0 fnt\n|faint|p1a: Tapu Lele\n|\n|-weather|SunnyDay|[upkeep]\n|upkeep\n|inactive|gfsn\u7535\u68cd\u5973\u513f\u7c73\u8bfa has 90 seconds left.\n|\n|t:|1700023064\n|switch|p1a: Polteageist|Polteageist-Antique, shiny|100\/100\n|turn|12\n|\n|t:|1700023070\n|move|p2a: Charizard|Fire Blast|p1a: Polteageist|[miss]\n|-miss|p2a: Charizard|p1a: Polteageist\n|move|p1a: Polteageist|Shell Smash|p1a: Polteageist\n|-unboost|p1a: Polteageist|def|1\n|-unboost|p1a: Polteageist|spd|1\n|-boost|p1a: Polteageist|atk|2\n|-boost|p1a: Polteageist|spa|2\n|-boost|p1a: Polteageist|spe|2\n|\n|-weather|none\n|-end|p2a: Charizard|move: Future Sight\n|-damage|p2a: Charizard|0 fnt\n|faint|p2a: Charizard\n|upkeep\n|\n|t:|1700023076\n|switch|p2a: Mandibuzz|Mandibuzz, F|100\/100\n|turn|13\n|\n|t:|1700023094\n|move|p1a: Polteageist|Tera Blast|p2a: Mandibuzz\n|-damage|p2a: Mandibuzz|54\/100\n|move|p2a: Mandibuzz|Foul Play|p1a: Polteageist\n|-supereffective|p1a: Polteageist\n|-enditem|p1a: Polteageist|Focus Sash\n|-damage|p1a: Polteageist|1\/100\n|-ability|p1a: Polteageist|Weak Armor|boost\n|-unboost|p1a: Polteageist|def|1\n|-boost|p1a: Polteageist|spe|2\n|\n|upkeep\n|turn|14\n|\n|t:|1700023108\n|move|p1a: Polteageist|Tera Blast|p2a: Mandibuzz\n|-damage|p2a: Mandibuzz|9\/100\n|move|p2a: Mandibuzz|Roost|p2a: Mandibuzz\n|-heal|p2a: Mandibuzz|59\/100\n|-singleturn|p2a: Mandibuzz|move: Roost\n|\n|upkeep\n|turn|15\n|\n|t:|1700023118\n|move|p1a: Polteageist|Shell Smash|p1a: Polteageist\n|-unboost|p1a: Polteageist|def|1\n|-unboost|p1a: Polteageist|spd|1\n|-boost|p1a: Polteageist|atk|2\n|-boost|p1a: Polteageist|spa|2\n|-boost|p1a: Polteageist|spe|2\n|move|p2a: Mandibuzz|Foul Play|p1a: Polteageist\n|-supereffective|p1a: Polteageist\n|-damage|p1a: Polteageist|0 fnt\n|faint|p1a: Polteageist\n|\n|upkeep\n|inactive|gfsn\u7535\u68cd\u5973\u513f\u7c73\u8bfa has 90 seconds left.\n|\n|t:|1700023129\n|switch|p1a: Sinistcha|Sinistcha-Masterpiece, shiny|100\/100\n|turn|16\n|\n|t:|1700023136\n|move|p1a: Sinistcha|Calm Mind|p1a: Sinistcha\n|-boost|p1a: Sinistcha|spa|1\n|-boost|p1a: Sinistcha|spd|1\n|move|p2a: Mandibuzz|Defog|p1a: Sinistcha\n|-unboost|p1a: Sinistcha|evasion|1\n|-sideend|p2: XxLuckx|Stealth Rock|[from] move: Defog|[of] p2a: Mandibuzz\n|-fieldend|move: Psychic Terrain\n|\n|upkeep\n|turn|17\n|\n|t:|1700023147\n|move|p1a: Sinistcha|Calm Mind|p1a: Sinistcha\n|-boost|p1a: Sinistcha|spa|1\n|-boost|p1a: Sinistcha|spd|1\n|move|p2a: Mandibuzz|U-turn|p1a: Sinistcha\n|-damage|p1a: Sinistcha|91\/100\n|\n|t:|1700023149\n|switch|p2a: Toxapex|Toxapex, F|67\/100|[from] U-turn\n|\n|-heal|p2a: Toxapex|73\/100|[from] item: Black Sludge\n|upkeep\n|turn|18\n|\n|t:|1700023162\n|-terastallize|p2a: Toxapex|Grass\n|-zpower|p1a: Sinistcha\n|move|p1a: Sinistcha|Bloom Doom|p2a: Toxapex|[zeffect]\n|-resisted|p2a: Toxapex\n|-damage|p2a: Toxapex|17\/100\n|move|p2a: Toxapex|Toxic|p1a: Sinistcha\n|-status|p1a: Sinistcha|tox\n|\n|-damage|p2a: Toxapex|5\/100|[from] item: Black Sludge\n|-damage|p1a: Sinistcha|84\/100 tox|[from] psn\n|upkeep\n|turn|19\n|\n|t:|1700023182\n|switch|p2a: Mandibuzz|Mandibuzz, F|59\/100\n|move|p1a: Sinistcha|Matcha Gotcha|p2a: Mandibuzz\n|-resisted|p2a: Mandibuzz\n|-damage|p2a: Mandibuzz|31\/100\n|-heal|p1a: Sinistcha|100\/100 tox|[from] drain|[of] p2a: Mandibuzz\n|\n|-damage|p1a: Sinistcha|88\/100 tox|[from] psn\n|upkeep\n|turn|20\n|\n|t:|1700023196\n|move|p1a: Sinistcha|Calm Mind|p1a: Sinistcha\n|-boost|p1a: Sinistcha|spa|1\n|-boost|p1a: Sinistcha|spd|1\n|move|p2a: Mandibuzz|Roost|p2a: Mandibuzz\n|-heal|p2a: Mandibuzz|81\/100\n|-singleturn|p2a: Mandibuzz|move: Roost\n|\n|-damage|p1a: Sinistcha|70\/100 tox|[from] psn\n|upkeep\n|turn|21\n|-message|gfsn\u7535\u68cd\u5973\u513f\u7c73\u8bfa forfeited.\n|\n|win|XxLuckx\n|raw|gfsn\u7535\u68cd\u5973\u513f\u7c73\u8bfa's rating: 1504 &rarr; <strong>1487<\/strong><br \/>(-17 for losing)\n|raw|XxLuckx's rating: 1554 &rarr; <strong>1571<\/strong><br \/>(+17 for winning)\n|l|\u2606gfsn\u7535\u68cd\u5973\u513f\u7c73\u8bfa\n","uploadtime":1700023217,"views":10,"p1id":"gfsn","p2id":"xxluckx","formatid":"gen9nationaldex","rating":1487,"private":0,"password":""}