{"id":"gen9nationaldex-1990438605","p1":"Juiceswilldie","p2":"Top 1 worst player","format":"[Gen 9] National Dex","log":"|j|\u2606Juiceswilldie\n|j|\u2606Top 1 worst player\n|t:|1699971025\n|gametype|singles\n|player|p1|Juiceswilldie|dawn-gen4pt|1212\n|player|p2|Top 1 worst player|yellow|1162\n|teamsize|p1|6\n|teamsize|p2|6\n|gen|9\n|tier|[Gen 9] National Dex\n|rated|\n|rule|HP Percentage Mod: HP is shown in percentages\n|rule|Endless Battle Clause: Forcing endless battles is banned\n|rule|OHKO Clause: OHKO moves are banned\n|rule|Evasion Clause: Evasion abilities, items, and moves are banned\n|rule|Evasion Abilities Clause: Evasion abilities are banned\n|rule|Evasion Items Clause: Evasion items are banned\n|rule|Evasion Moves Clause: Evasion moves are banned\n|rule|Species Clause: Limit one of each Pok\u00e9mon\n|rule|Sleep Clause Mod: Limit one foe put to sleep\n|clearpoke\n|poke|p1|Pikachu, F|\n|poke|p1|Venusaur, F|\n|poke|p1|Charizard, F|\n|poke|p1|Blastoise, F|\n|poke|p1|Espeon, F|\n|poke|p1|Snorlax, F|\n|poke|p2|Smeargle, M|\n|poke|p2|Zapdos|\n|poke|p2|Lopunny, F|\n|poke|p2|Weavile, F|\n|poke|p2|Greninja-*, M|\n|poke|p2|Alomomola, F|\n|teampreview\n|inactive|Battle timer is ON: inactive players will automatically lose when time's up. (requested by Juiceswilldie)\n|\n|t:|1699971039\n|start\n|switch|p1a: Lust|Pikachu, F|100\/100\n|switch|p2a: Weavile|Weavile, F, shiny|100\/100\n|-ability|p2a: Weavile|Pressure\n|turn|1\n|\n|t:|1699971050\n|-terastallize|p1a: Lust|Normal\n|move|p1a: Lust|Fake Out|p2a: Weavile\n|-damage|p2a: Weavile|54\/100\n|cant|p2a: Weavile|flinch\n|\n|upkeep\n|turn|2\n|\n|t:|1699971061\n|switch|p2a: Zapdos|Zapdos|100\/100\n|move|p1a: Lust|Extreme Speed|p2a: Zapdos\n|-damage|p2a: Zapdos|38\/100\n|\n|upkeep\n|turn|3\n|\n|t:|1699971068\n|move|p1a: Lust|Extreme Speed|p2a: Zapdos\n|-damage|p2a: Zapdos|0 fnt\n|faint|p2a: Zapdos\n|\n|upkeep\n|\n|t:|1699971072\n|switch|p2a: Lopunny|Lopunny, F, shiny|100\/100\n|turn|4\n|\n|t:|1699971075\n|switch|p1a: Pride|Blastoise, F|100\/100\n|detailschange|p2a: Lopunny|Lopunny-Mega, F, shiny\n|-mega|p2a: Lopunny|Lopunny|Lopunnite\n|move|p2a: Lopunny|Fake Out|p1a: Pride\n|-damage|p1a: Pride|86\/100\n|\n|-heal|p1a: Pride|92\/100|[from] item: Leftovers\n|upkeep\n|turn|5\n|\n|t:|1699971083\n|move|p2a: Lopunny|High Jump Kick|p1a: Pride\n|-damage|p1a: Pride|45\/100\n|move|p1a: Pride|Scald|p2a: Lopunny\n|-damage|p2a: Lopunny|67\/100\n|\n|-heal|p1a: Pride|51\/100|[from] item: Leftovers\n|upkeep\n|turn|6\n|\n|t:|1699971092\n|move|p2a: Lopunny|High Jump Kick|p1a: Pride\n|-damage|p1a: Pride|3\/100\n|move|p1a: Pride|Seismic Toss|p2a: Lopunny\n|-damage|p2a: Lopunny|30\/100\n|\n|-heal|p1a: Pride|9\/100|[from] item: Leftovers\n|upkeep\n|turn|7\n|\n|t:|1699971099\n|move|p2a: Lopunny|Return|p1a: Pride\n|-damage|p1a: Pride|0 fnt\n|faint|p1a: Pride\n|\n|upkeep\n|\n|t:|1699971105\n|switch|p1a: Lust|Pikachu, F, tera:Normal|100\/100\n|turn|8\n|\n|t:|1699971109\n|switch|p2a: Alomomola|Alomomola, F|100\/100\n|move|p1a: Lust|Extreme Speed|p2a: Alomomola\n|-damage|p2a: Alomomola|70\/100\n|-damage|p1a: Lust|84\/100|[from] item: Rocky Helmet|[of] p2a: Alomomola\n|\n|upkeep\n|turn|9\n|\n|t:|1699971116\n|move|p1a: Lust|Volt Tackle|p2a: Alomomola\n|-supereffective|p2a: Alomomola\n|-damage|p2a: Alomomola|0 fnt\n|-damage|p1a: Lust|67\/100|[from] item: Rocky Helmet|[of] p2a: Alomomola\n|faint|p2a: Alomomola\n|-damage|p1a: Lust|10\/100|[from] Recoil\n|\n|upkeep\n|\n|t:|1699971122\n|switch|p2a: Weavile|Weavile, F, shiny|54\/100\n|-ability|p2a: Weavile|Pressure\n|turn|10\n|\n|t:|1699971132\n|move|p1a: Lust|Extreme Speed|p2a: Weavile\n|-damage|p2a: Weavile|0 fnt\n|faint|p2a: Weavile\n|\n|upkeep\n|\n|t:|1699971135\n|switch|p2a: Lopunny|Lopunny-Mega, F, shiny|30\/100\n|turn|11\n|\n|t:|1699971142\n|switch|p1a: Wrath|Charizard, F|100\/100\n|move|p2a: Lopunny|Fake Out|p1a: Wrath\n|-damage|p1a: Wrath|72\/100\n|\n|upkeep\n|turn|12\n|\n|t:|1699971150\n|detailschange|p1a: Wrath|Charizard-Mega-Y, F\n|-mega|p1a: Wrath|Charizard|Charizardite Y\n|-weather|SunnyDay|[from] ability: Drought|[of] p1a: Wrath\n|move|p2a: Lopunny|Return|p1a: Wrath\n|-damage|p1a: Wrath|0 fnt\n|faint|p1a: Wrath\n|\n|-weather|SunnyDay|[upkeep]\n|upkeep\n|\n|t:|1699971158\n|switch|p1a: Greed|Venusaur, F|100\/100\n|turn|13\n|\n|t:|1699971162\n|move|p1a: Greed|Giga Drain|p2a: Lopunny\n|-damage|p2a: Lopunny|0 fnt\n|faint|p2a: Lopunny\n|-damage|p1a: Greed|91\/100|[from] item: Life Orb\n|\n|-weather|SunnyDay|[upkeep]\n|upkeep\n|\n|t:|1699971166\n|switch|p2a: Smeargle|Smeargle, M, shiny|100\/100\n|turn|14\n|\n|t:|1699971170\n|move|p1a: Greed|Sludge Bomb|p2a: Smeargle\n|-enditem|p2a: Smeargle|Focus Sash\n|-damage|p2a: Smeargle|1\/100\n|-status|p2a: Smeargle|psn\n|-damage|p1a: Greed|81\/100|[from] item: Life Orb\n|move|p2a: Smeargle|Sticky Web|p1a: Greed\n|-sidestart|p1: Juiceswilldie|move: Sticky Web\n|\n|-weather|SunnyDay|[upkeep]\n|-damage|p2a: Smeargle|0 fnt|[from] psn\n|faint|p2a: Smeargle\n|upkeep\n|\n|t:|1699971174\n|switch|p2a: Greninja|Greninja, M|100\/100\n|turn|15\n|\n|t:|1699971181\n|-terastallize|p2a: Greninja|Fairy\n|move|p1a: Greed|Giga Drain|p2a: Greninja\n|-damage|p2a: Greninja|32\/100\n|-heal|p1a: Greed|100\/100|[from] drain|[of] p2a: Greninja\n|-damage|p1a: Greed|91\/100|[from] item: Life Orb\n|move|p2a: Greninja|Ice Beam|p1a: Greed\n|-supereffective|p1a: Greed\n|-damage|p1a: Greed|20\/100\n|-damage|p2a: Greninja|22\/100|[from] item: Life Orb\n|\n|-weather|SunnyDay|[upkeep]\n|upkeep\n|turn|16\n|\n|t:|1699971192\n|move|p2a: Greninja|Water Shuriken|p1a: Greed\n|-resisted|p1a: Greed\n|-damage|p1a: Greed|18\/100\n|-resisted|p1a: Greed\n|-damage|p1a: Greed|15\/100\n|-hitcount|p1a: Greed|2\n|-damage|p2a: Greninja|12\/100|[from] item: Life Orb\n|move|p1a: Greed|Giga Drain|p2a: Greninja\n|-damage|p2a: Greninja|0 fnt\n|-heal|p1a: Greed|20\/100|[from] drain|[of] p2a: Greninja\n|faint|p2a: Greninja\n|-damage|p1a: Greed|11\/100|[from] item: Life Orb\n|\n|win|Juiceswilldie\n|raw|Juiceswilldie's rating: 1212 &rarr; <strong>1233<\/strong><br \/>(+21 for winning)\n|raw|Top 1 worst player's rating: 1162 &rarr; <strong>1141<\/strong><br \/>(-21 for losing)\n|l|\u2606Top 1 worst player\n","uploadtime":1699971245,"views":4,"p1id":"juiceswilldie","p2id":"top1worstplayer","formatid":"gen9nationaldex","rating":1141,"private":0,"password":""}