{"id":"gen9nationaldex-1996099040","p1":"PikaTheRat","p2":"KaneWritez","format":"[Gen 9] National Dex","log":"|html|<div class=\"broadcast-blue\"><strong>[Gen 9] National Dex is currently suspecting Sneasler! For information on how to participate check out the <a href=\"https:\/\/www.smogon.com\/forums\/threads\/sv-national-dex-suspect-8-just-dance.3731534\/\">suspect thread<\/a>.<\/strong><\/div>\n|j|\u2606PikaTheRat\n|j|\u2606KaneWritez\n|t:|1700643906\n|gametype|singles\n|player|p1|PikaTheRat|lucas|\n|player|p2|KaneWritez|ghetsis|\n|teamsize|p1|6\n|teamsize|p2|4\n|gen|9\n|tier|[Gen 9] National Dex\n|rule|HP Percentage Mod: HP is shown in percentages\n|rule|Endless Battle Clause: Forcing endless battles is banned\n|rule|OHKO Clause: OHKO moves are banned\n|rule|Evasion Clause: Evasion abilities, items, and moves are banned\n|rule|Evasion Abilities Clause: Evasion abilities are banned\n|rule|Evasion Items Clause: Evasion items are banned\n|rule|Evasion Moves Clause: Evasion moves are banned\n|rule|Species Clause: Limit one of each Pok\u00e9mon\n|rule|Sleep Clause Mod: Limit one foe put to sleep\n|clearpoke\n|poke|p1|Shelgon, L34, M|\n|poke|p1|Lycanroc-Midnight, L34, M|\n|poke|p1|Ludicolo, L34, F|\n|poke|p1|Litleo, L34, M|\n|poke|p1|Orbeetle, L34, M|\n|poke|p1|Toxtricity, L34, M|\n|poke|p2|Minior-Violet, L36|\n|poke|p2|Relicanth, L34, F|\n|poke|p2|Graveler, L34, F|\n|poke|p2|Roggenrola, L32, M|\n|teampreview\n|\n|t:|1700643957\n|start\n|switch|p1a: Rocky|Shelgon, L34, M|100\/100\n|switch|p2a: Roggenrola|Roggenrola, L32, M|100\/100\n|turn|1\n|\n|t:|1700643965\n|move|p1a: Rocky|Dragon Claw|p2a: Roggenrola\n|-damage|p2a: Roggenrola|75\/100\n|move|p2a: Roggenrola|Stealth Rock|p1a: Rocky\n|-sidestart|p1: PikaTheRat|move: Stealth Rock\n|\n|upkeep\n|turn|2\n|\n|t:|1700643972\n|move|p1a: Rocky|Dragon Claw|p2a: Roggenrola\n|-crit|p2a: Roggenrola\n|-damage|p2a: Roggenrola|41\/100\n|move|p2a: Roggenrola|Rock Slide|p1a: Rocky\n|-damage|p1a: Rocky|82\/100\n|\n|upkeep\n|turn|3\n|\n|t:|1700643980\n|move|p1a: Rocky|Dragon Claw|p2a: Roggenrola\n|-damage|p2a: Roggenrola|15\/100\n|move|p2a: Roggenrola|Rock Slide|p1a: Rocky\n|-damage|p1a: Rocky|64\/100\n|\n|upkeep\n|turn|4\n|\n|t:|1700643987\n|move|p1a: Rocky|Dragon Claw|p2a: Roggenrola\n|-damage|p2a: Roggenrola|0 fnt\n|faint|p2a: Roggenrola\n|\n|upkeep\n|\n|t:|1700643993\n|switch|p2a: Graveler|Graveler, L34, F|100\/100\n|turn|5\n|\n|t:|1700643999\n|move|p1a: Rocky|Dragon Claw|p2a: Graveler\n|-damage|p2a: Graveler|73\/100\n|-damage|p1a: Rocky|47\/100|[from] item: Rocky Helmet|[of] p2a: Graveler\n|move|p2a: Graveler|Ancient Power|p1a: Rocky\n|-damage|p1a: Rocky|27\/100\n|\n|upkeep\n|turn|6\n|\n|t:|1700644007\n|move|p1a: Rocky|Dragon Claw|p2a: Graveler\n|-damage|p2a: Graveler|49\/100\n|-damage|p1a: Rocky|10\/100|[from] item: Rocky Helmet|[of] p2a: Graveler\n|move|p2a: Graveler|Ancient Power|p1a: Rocky\n|-damage|p1a: Rocky|0 fnt\n|faint|p1a: Rocky\n|\n|upkeep\n|\n|t:|1700644024\n|switch|p1a: Ludicolo|Ludicolo, L34, F|100\/100\n|-damage|p1a: Ludicolo|88\/100|[from] Stealth Rock\n|turn|7\n|\n|t:|1700644030\n|move|p1a: Ludicolo|Mega Drain|p2a: Graveler\n|-supereffective|p2a: Graveler\n|-damage|p2a: Graveler|0 fnt\n|-heal|p1a: Ludicolo|100\/100|[from] drain|[of] p2a: Graveler\n|faint|p2a: Graveler\n|\n|upkeep\n|\n|t:|1700644041\n|switch|p2a: Minior|Minior-Violet, L36|100\/100\n|-formechange|p2a: Minior|Minior-Meteor||[from] ability: Shields Down\n|turn|8\n|\n|t:|1700644049\n|switch|p1a: Orbeetle|Orbeetle, L34, M|100\/100\n|-damage|p1a: Orbeetle|76\/100|[from] Stealth Rock\n|move|p2a: Minior|Hidden Power|p1a: Orbeetle\n|-supereffective|p1a: Orbeetle\n|-damage|p1a: Orbeetle|24\/100\n|\n|upkeep\n|turn|9\n|\n|t:|1700644057\n|move|p1a: Orbeetle|Hypnosis|p2a: Minior|[miss]\n|-miss|p1a: Orbeetle|p2a: Minior\n|move|p2a: Minior|Hidden Power|p1a: Orbeetle\n|-supereffective|p1a: Orbeetle\n|-damage|p1a: Orbeetle|0 fnt\n|faint|p1a: Orbeetle\n|\n|upkeep\n|\n|t:|1700644066\n|switch|p1a: Lycanroc|Lycanroc-Midnight, L34, M|100\/100\n|-damage|p1a: Lycanroc|88\/100|[from] Stealth Rock\n|turn|10\n|\n|t:|1700644073\n|move|p1a: Lycanroc|Rock Tomb|p2a: Minior\n|-supereffective|p2a: Minior\n|-damage|p2a: Minior|26\/100\n|-unboost|p2a: Minior|spe|1\n|move|p2a: Minior|Reflect|p2a: Minior\n|-sidestart|p2: KaneWritez|Reflect\n|\n|-formechange|p2a: Minior|Minior-Violet||[from] ability: Shields Down\n|upkeep\n|turn|11\n|\n|t:|1700644084\n|switch|p2a: Relicanth|Relicanth, L34, F|100\/100\n|move|p1a: Lycanroc|Bulldoze|p2a: Relicanth\n|-supereffective|p2a: Relicanth\n|-damage|p2a: Relicanth|89\/100\n|-unboost|p2a: Relicanth|spe|1\n|\n|upkeep\n|turn|12\n|\n|t:|1700644094\n|switch|p1a: Ludicolo|Ludicolo, L34, F|100\/100\n|-damage|p1a: Ludicolo|88\/100|[from] Stealth Rock\n|move|p2a: Relicanth|Waterfall|p1a: Ludicolo\n|-resisted|p1a: Ludicolo\n|-damage|p1a: Ludicolo|75\/100\n|\n|upkeep\n|turn|13\n|\n|t:|1700644103\n|move|p1a: Ludicolo|Mega Drain|p2a: Relicanth\n|-supereffective|p2a: Relicanth\n|-damage|p2a: Relicanth|20\/100\n|-heal|p1a: Ludicolo|100\/100|[from] drain|[of] p2a: Relicanth\n|move|p2a: Relicanth|Head Smash|p1a: Ludicolo\n|-damage|p1a: Ludicolo|0 fnt\n|faint|p1a: Ludicolo\n|\n|upkeep\n|\n|t:|1700644115\n|switch|p1a: Toxtricity|Toxtricity, L34, M|100\/100\n|-damage|p1a: Toxtricity|89\/100|[from] Stealth Rock\n|turn|14\n|\n|t:|1700644125\n|switch|p1a: Lycanroc|Lycanroc-Midnight, L34, M|88\/100\n|-damage|p1a: Lycanroc|75\/100|[from] Stealth Rock\n|move|p2a: Relicanth|Head Smash|p1a: Lycanroc\n|-damage|p1a: Lycanroc|0 fnt\n|faint|p1a: Lycanroc\n|\n|-sideend|p2: KaneWritez|Reflect\n|upkeep\n|\n|t:|1700644135\n|switch|p1a: Toxtricity|Toxtricity, L34, M|89\/100\n|-damage|p1a: Toxtricity|77\/100|[from] Stealth Rock\n|turn|15\n|\n|t:|1700644139\n|move|p1a: Toxtricity|Shock Wave|p2a: Relicanth\n|-supereffective|p2a: Relicanth\n|-damage|p2a: Relicanth|0 fnt\n|faint|p2a: Relicanth\n|\n|upkeep\n|\n|t:|1700644144\n|switch|p2a: Minior|Minior-Violet, L36|26\/100\n|turn|16\n|\n|t:|1700644149\n|-terastallize|p2a: Minior|Rock\n|move|p2a: Minior|Power Gem|p1a: Toxtricity\n|-damage|p1a: Toxtricity|27\/100\n|move|p1a: Toxtricity|Shock Wave|p2a: Minior\n|-damage|p2a: Minior|0 fnt\n|faint|p2a: Minior\n|\n|win|PikaTheRat\n|l|\u2606KaneWritez\n","uploadtime":1700644160,"views":0,"p1id":"pikatherat","p2id":"kanewritez","formatid":"gen9nationaldex","rating":0,"private":0,"password":""}