{"id":"gen9nationaldex-1997405243","p1":"hocobykanye","p2":"Niggoum","format":"[Gen 9] National Dex","log":"|html|<div class=\"broadcast-blue\"><strong>[Gen 9] National Dex is currently suspecting Sneasler! For information on how to participate check out the <a href=\"https:\/\/www.smogon.com\/forums\/threads\/sv-national-dex-suspect-8-just-dance.3731534\/\">suspect thread<\/a>.<\/strong><\/div>\n|j|\u2606hocobykanye\n|j|\u2606Niggoum\n|t:|1700800041\n|gametype|singles\n|player|p1|hocobykanye|flannery|\n|player|p2|Niggoum|policeman-gen4|\n|teamsize|p1|6\n|teamsize|p2|6\n|gen|9\n|tier|[Gen 9] National Dex\n|rule|HP Percentage Mod: HP is shown in percentages\n|rule|Endless Battle Clause: Forcing endless battles is banned\n|rule|OHKO Clause: OHKO moves are banned\n|rule|Evasion Clause: Evasion abilities, items, and moves are banned\n|rule|Evasion Abilities Clause: Evasion abilities are banned\n|rule|Evasion Items Clause: Evasion items are banned\n|rule|Evasion Moves Clause: Evasion moves are banned\n|rule|Species Clause: Limit one of each Pok\u00e9mon\n|rule|Sleep Clause Mod: Limit one foe put to sleep\n|clearpoke\n|poke|p1|Charizard, F|\n|poke|p1|Lilligant-Hisui, F|\n|poke|p1|Torkoal, M|\n|poke|p1|Salazzle, F|\n|poke|p1|Gliscor, M|\n|poke|p1|Avalugg, M|\n|poke|p2|Garchomp, M|\n|poke|p2|Excadrill, M|\n|poke|p2|Hippowdon, F|\n|poke|p2|Tapu Fini|\n|poke|p2|Heatran, M|\n|poke|p2|Empoleon, F|\n|teampreview\n|\n|t:|1700800061\n|start\n|switch|p1a: Torkoal|Torkoal, M|100\/100\n|switch|p2a: Garchomp|Garchomp, M|100\/100\n|-weather|SunnyDay|[from] ability: Drought|[of] p1a: Torkoal\n|turn|1\n|j| MyBoiThomas\n|\n|t:|1700800073\n|move|p2a: Garchomp|Stone Edge|p1a: Torkoal|[miss]\n|-miss|p2a: Garchomp|p1a: Torkoal\n|move|p1a: Torkoal|Stealth Rock|p2a: Garchomp\n|-sidestart|p2: Niggoum|move: Stealth Rock\n|\n|-weather|SunnyDay|[upkeep]\n|upkeep\n|turn|2\n|\n|t:|1700800082\n|switch|p1a: Gliscor|Gliscor, M|100\/100\n|move|p2a: Garchomp|Stone Edge|p1a: Gliscor\n|-crit|p1a: Gliscor\n|-damage|p1a: Gliscor|58\/100\n|\n|-weather|SunnyDay|[upkeep]\n|-status|p1a: Gliscor|tox|[from] item: Toxic Orb\n|upkeep\n|turn|3\n|\n|t:|1700800100\n|switch|p2a: Hippowdon|Hippowdon, F|100\/100\n|-damage|p2a: Hippowdon|94\/100|[from] Stealth Rock\n|-weather|Sandstorm|[from] ability: Sand Stream|[of] p2a: Hippowdon\n|move|p1a: Gliscor|Toxic|p2a: Hippowdon\n|-status|p2a: Hippowdon|tox\n|\n|-weather|Sandstorm|[upkeep]\n|-heal|p2a: Hippowdon|100\/100 tox|[from] item: Leftovers\n|-heal|p1a: Gliscor|70\/100 tox|[from] ability: Poison Heal\n|-damage|p2a: Hippowdon|94\/100 tox|[from] psn\n|upkeep\n|turn|4\n|inactive|Battle timer is ON: inactive players will automatically lose when time's up. (requested by hocobykanye)\n|\n|t:|1700800154\n|switch|p2a: Empoleon|Empoleon, F|100\/100\n|-damage|p2a: Empoleon|94\/100|[from] Stealth Rock\n|move|p1a: Gliscor|Knock Off|p2a: Empoleon\n|-damage|p2a: Empoleon|73\/100\n|-enditem|p2a: Empoleon|Leftovers|[from] move: Knock Off|[of] p1a: Gliscor\n|\n|-weather|Sandstorm|[upkeep]\n|-heal|p1a: Gliscor|83\/100 tox|[from] ability: Poison Heal\n|upkeep\n|turn|5\n|\n|t:|1700800166\n|switch|p1a: Torkoal|Torkoal, M|100\/100\n|-weather|SunnyDay|[from] ability: Drought|[of] p1a: Torkoal\n|move|p2a: Empoleon|Ice Beam|p1a: Torkoal\n|-resisted|p1a: Torkoal\n|-damage|p1a: Torkoal|84\/100\n|\n|-weather|SunnyDay|[upkeep]\n|upkeep\n|turn|6\n|\n|t:|1700800175\n|switch|p2a: Hippowdon|Hippowdon, F|94\/100 tox\n|-damage|p2a: Hippowdon|88\/100 tox|[from] Stealth Rock\n|-weather|Sandstorm|[from] ability: Sand Stream|[of] p2a: Hippowdon\n|move|p1a: Torkoal|Body Press|p2a: Hippowdon\n|-damage|p2a: Hippowdon|65\/100 tox\n|\n|-weather|Sandstorm|[upkeep]\n|-damage|p1a: Torkoal|78\/100|[from] Sandstorm\n|-heal|p2a: Hippowdon|71\/100 tox|[from] item: Leftovers\n|-damage|p2a: Hippowdon|65\/100 tox|[from] psn\n|upkeep\n|turn|7\n|\n|t:|1700800190\n|switch|p2a: Garchomp|Garchomp, M|100\/100\n|-damage|p2a: Garchomp|94\/100|[from] Stealth Rock\n|move|p1a: Torkoal|Lava Plume|p2a: Garchomp\n|-resisted|p2a: Garchomp\n|-damage|p2a: Garchomp|82\/100\n|\n|-weather|Sandstorm|[upkeep]\n|-damage|p1a: Torkoal|72\/100|[from] Sandstorm\n|upkeep\n|turn|8\n|\n|t:|1700800209\n|move|p2a: Garchomp|Stone Edge|p1a: Torkoal\n|-supereffective|p1a: Torkoal\n|-damage|p1a: Torkoal|34\/100\n|move|p1a: Torkoal|Lava Plume|p2a: Garchomp\n|-resisted|p2a: Garchomp\n|-damage|p2a: Garchomp|67\/100\n|\n|-weather|Sandstorm|[upkeep]\n|-damage|p1a: Torkoal|28\/100|[from] Sandstorm\n|upkeep\n|turn|9\n|\n|t:|1700800229\n|switch|p1a: Gliscor|Gliscor, M|83\/100 tox\n|move|p2a: Garchomp|Stone Edge|p1a: Gliscor\n|-crit|p1a: Gliscor\n|-damage|p1a: Gliscor|44\/100 tox\n|\n|-weather|Sandstorm|[upkeep]\n|-heal|p1a: Gliscor|57\/100 tox|[from] ability: Poison Heal\n|upkeep\n|turn|10\n|inactive|hocobykanye has 270 seconds left.\n|\n|t:|1700800246\n|switch|p2a: Empoleon|Empoleon, F|73\/100\n|-damage|p2a: Empoleon|67\/100|[from] Stealth Rock\n|move|p1a: Gliscor|Toxic|p2a: Empoleon\n|-immune|p2a: Empoleon\n|\n|-weather|none\n|-heal|p1a: Gliscor|69\/100 tox|[from] ability: Poison Heal\n|upkeep\n|turn|11\n|inactive|hocobykanye has 270 seconds left.\n|\n|t:|1700800260\n|switch|p1a: Avalugg|Avalugg, M|100\/100\n|move|p2a: Empoleon|Surf|p1a: Avalugg\n|-damage|p1a: Avalugg|44\/100\n|\n|upkeep\n|turn|12\n|inactive|hocobykanye has 270 seconds left.\n|\n|t:|1700800271\n|switch|p1a: Torkoal|Torkoal, M|28\/100\n|-weather|SunnyDay|[from] ability: Drought|[of] p1a: Torkoal\n|move|p2a: Empoleon|Surf|p1a: Torkoal\n|-supereffective|p1a: Torkoal\n|-damage|p1a: Torkoal|0 fnt\n|faint|p1a: Torkoal\n|\n|-weather|SunnyDay|[upkeep]\n|upkeep\n|inactive|hocobykanye has 270 seconds left.\n|\n|t:|1700800284\n|switch|p1a: Lilligant|Lilligant-Hisui, F|100\/100\n|turn|13\n|inactive|hocobykanye has 270 seconds left.\n|inactive|Niggoum has 270 seconds left.\n|\n|t:|1700800319\n|switch|p2a: Garchomp|Garchomp, M|67\/100\n|-damage|p2a: Garchomp|61\/100|[from] Stealth Rock\n|move|p1a: Lilligant|Close Combat|p2a: Garchomp\n|-damage|p2a: Garchomp|11\/100\n|-unboost|p1a: Lilligant|def|1\n|-unboost|p1a: Lilligant|spd|1\n|-damage|p1a: Lilligant|88\/100|[from] ability: Rough Skin|[of] p2a: Garchomp\n|\n|-weather|SunnyDay|[upkeep]\n|-heal|p1a: Lilligant|94\/100|[from] item: Leftovers\n|upkeep\n|turn|14\n|inactive|hocobykanye has 270 seconds left.\n|inactive|Niggoum has 270 seconds left.\n|\n|t:|1700800335\n|switch|p2a: Hippowdon|Hippowdon, F|65\/100 tox\n|-damage|p2a: Hippowdon|59\/100 tox|[from] Stealth Rock\n|-weather|Sandstorm|[from] ability: Sand Stream|[of] p2a: Hippowdon\n|move|p1a: Lilligant|Ice Spinner|p2a: Hippowdon\n|-supereffective|p2a: Hippowdon\n|-damage|p2a: Hippowdon|25\/100 tox\n|\n|-weather|Sandstorm|[upkeep]\n|-damage|p1a: Lilligant|88\/100|[from] Sandstorm\n|-heal|p1a: Lilligant|94\/100|[from] item: Leftovers\n|-heal|p2a: Hippowdon|32\/100 tox|[from] item: Leftovers\n|-damage|p2a: Hippowdon|25\/100 tox|[from] psn\n|upkeep\n|turn|15\n|inactive|Niggoum has 270 seconds left.\n|inactive|hocobykanye has 270 seconds left.\n|\n|t:|1700800363\n|switch|p2a: Tapu Fini|Tapu Fini|100\/100\n|-damage|p2a: Tapu Fini|88\/100|[from] Stealth Rock\n|-fieldstart|move: Misty Terrain|[from] ability: Misty Surge|[of] p2a: Tapu Fini\n|move|p1a: Lilligant|Ice Spinner|p2a: Tapu Fini\n|-resisted|p2a: Tapu Fini\n|-damage|p2a: Tapu Fini|78\/100\n|-fieldend|Misty Terrain\n|\n|-weather|Sandstorm|[upkeep]\n|-damage|p1a: Lilligant|88\/100|[from] Sandstorm\n|-damage|p2a: Tapu Fini|72\/100|[from] Sandstorm\n|-heal|p1a: Lilligant|94\/100|[from] item: Leftovers\n|upkeep\n|turn|16\n|inactive|hocobykanye has 270 seconds left.\n|inactive|Niggoum has 240 seconds left.\n|\n|t:|1700800395\n|switch|p1a: Avalugg|Avalugg, M|44\/100\n|move|p2a: Tapu Fini|Moonblast|p1a: Avalugg\n|-damage|p1a: Avalugg|0 fnt\n|faint|p1a: Avalugg\n|\n|-weather|Sandstorm|[upkeep]\n|-damage|p2a: Tapu Fini|66\/100|[from] Sandstorm\n|upkeep\n|\n|t:|1700800403\n|switch|p1a: Charizard|Charizard, F|100\/100\n|turn|17\n|inactive|Niggoum has 240 seconds left.\n|\n|t:|1700800437\n|switch|p2a: Empoleon|Empoleon, F|67\/100\n|-damage|p2a: Empoleon|60\/100|[from] Stealth Rock\n|detailschange|p1a: Charizard|Charizard-Mega-Y, F\n|-mega|p1a: Charizard|Charizard|Charizardite Y\n|-weather|SunnyDay|[from] ability: Drought|[of] p1a: Charizard\n|move|p1a: Charizard|Solar Beam||[still]\n|-prepare|p1a: Charizard|Solar Beam\n|-anim|p1a: Charizard|Solar Beam|p2a: Empoleon\n|-damage|p2a: Empoleon|26\/100\n|\n|-weather|SunnyDay|[upkeep]\n|upkeep\n|turn|18\n|inactive|Niggoum has 210 seconds left.\n|\n|t:|1700800463\n|switch|p2a: Hippowdon|Hippowdon, F|25\/100 tox\n|-damage|p2a: Hippowdon|19\/100 tox|[from] Stealth Rock\n|-weather|Sandstorm|[from] ability: Sand Stream|[of] p2a: Hippowdon\n|move|p1a: Charizard|Solar Beam||[still]\n|-prepare|p1a: Charizard|Solar Beam\n|\n|-weather|Sandstorm|[upkeep]\n|-damage|p1a: Charizard|94\/100|[from] Sandstorm\n|-heal|p2a: Hippowdon|25\/100 tox|[from] item: Leftovers\n|-damage|p2a: Hippowdon|19\/100 tox|[from] psn\n|upkeep\n|turn|19\n|\n|t:|1700800476\n|switch|p2a: Empoleon|Empoleon, F|26\/100\n|-damage|p2a: Empoleon|20\/100|[from] Stealth Rock\n|move|p1a: Charizard|Solar Beam|p2a: Empoleon|[from]lockedmove\n|-damage|p2a: Empoleon|4\/100\n|\n|-weather|Sandstorm|[upkeep]\n|-damage|p1a: Charizard|88\/100|[from] Sandstorm\n|upkeep\n|turn|20\n|\n|t:|1700800493\n|move|p1a: Charizard|Flamethrower|p2a: Empoleon\n|-damage|p2a: Empoleon|0 fnt\n|faint|p2a: Empoleon\n|\n|-weather|Sandstorm|[upkeep]\n|-damage|p1a: Charizard|82\/100|[from] Sandstorm\n|upkeep\n|\n|t:|1700800499\n|switch|p2a: Excadrill|Excadrill, M|100\/100\n|-damage|p2a: Excadrill|97\/100|[from] Stealth Rock\n|turn|21\n|inactive|Niggoum has 210 seconds left.\n|\n|t:|1700800505\n|switch|p1a: Gliscor|Gliscor, M|69\/100 tox\n|move|p2a: Excadrill|Rock Slide|p1a: Gliscor|[miss]\n|-miss|p2a: Excadrill|p1a: Gliscor\n|\n|-weather|Sandstorm|[upkeep]\n|-heal|p1a: Gliscor|82\/100 tox|[from] ability: Poison Heal\n|upkeep\n|turn|22\n|inactive|Niggoum has 210 seconds left.\n|\n|t:|1700800516\n|move|p2a: Excadrill|Rock Slide|p1a: Gliscor|[miss]\n|-miss|p2a: Excadrill|p1a: Gliscor\n|move|p1a: Gliscor|Toxic|p2a: Excadrill\n|-immune|p2a: Excadrill\n|\n|-weather|none\n|-heal|p1a: Gliscor|94\/100 tox|[from] ability: Poison Heal\n|upkeep\n|turn|23\n|j| pencildropper\n|\n|t:|1700800523\n|move|p2a: Excadrill|Rock Slide|p1a: Gliscor\n|-damage|p1a: Gliscor|69\/100 tox\n|move|p1a: Gliscor|Knock Off|p2a: Excadrill\n|-damage|p2a: Excadrill|68\/100\n|-enditem|p2a: Excadrill|Focus Sash|[from] move: Knock Off|[of] p1a: Gliscor\n|\n|-heal|p1a: Gliscor|82\/100 tox|[from] ability: Poison Heal\n|upkeep\n|turn|24\n|inactive|hocobykanye has 270 seconds left.\n|inactive|Niggoum has 210 seconds left.\n|\n|t:|1700800545\n|switch|p2a: Hippowdon|Hippowdon, F|19\/100 tox\n|-damage|p2a: Hippowdon|13\/100 tox|[from] Stealth Rock\n|-weather|Sandstorm|[from] ability: Sand Stream|[of] p2a: Hippowdon\n|move|p1a: Gliscor|Earthquake|p2a: Hippowdon\n|-damage|p2a: Hippowdon|0 fnt\n|faint|p2a: Hippowdon\n|\n|-weather|Sandstorm|[upkeep]\n|-heal|p1a: Gliscor|94\/100 tox|[from] ability: Poison Heal\n|upkeep\n|inactive|Niggoum has 180 seconds left.\n|\n|t:|1700800579\n|switch|p2a: Garchomp|Garchomp, M|11\/100\n|-damage|p2a: Garchomp|5\/100|[from] Stealth Rock\n|turn|25\n|\n|t:|1700800588\n|detailschange|p2a: Garchomp|Garchomp-Mega, M\n|-mega|p2a: Garchomp|Garchomp|Garchompite\n|move|p2a: Garchomp|Scale Shot|p1a: Gliscor|[miss]\n|-miss|p2a: Garchomp|p1a: Gliscor\n|move|p1a: Gliscor|Earthquake|p2a: Garchomp\n|-damage|p2a: Garchomp|0 fnt\n|faint|p2a: Garchomp\n|\n|-weather|Sandstorm|[upkeep]\n|-heal|p1a: Gliscor|100\/100 tox|[from] ability: Poison Heal\n|upkeep\n|inactive|Niggoum has 180 seconds left.\n|\n|t:|1700800616\n|switch|p2a: Excadrill|Excadrill, M|68\/100\n|-damage|p2a: Excadrill|65\/100|[from] Stealth Rock\n|turn|26\n|inactive|Niggoum has 150 seconds left.\n|\n|t:|1700800650\n|move|p2a: Excadrill|Iron Head|p1a: Gliscor\n|-damage|p1a: Gliscor|60\/100 tox\n|move|p1a: Gliscor|Earthquake|p2a: Excadrill\n|-supereffective|p2a: Excadrill\n|-damage|p2a: Excadrill|0 fnt\n|faint|p2a: Excadrill\n|\n|-weather|Sandstorm|[upkeep]\n|-heal|p1a: Gliscor|73\/100 tox|[from] ability: Poison Heal\n|upkeep\n|\n|t:|1700800665\n|switch|p2a: Tapu Fini|Tapu Fini|66\/100\n|-damage|p2a: Tapu Fini|53\/100|[from] Stealth Rock\n|-fieldstart|move: Misty Terrain|[from] ability: Misty Surge|[of] p2a: Tapu Fini\n|turn|27\n|\n|t:|1700800682\n|switch|p1a: Charizard|Charizard-Mega-Y, F|82\/100\n|-weather|SunnyDay|[from] ability: Drought|[of] p1a: Charizard\n|move|p2a: Tapu Fini|Scald|p1a: Charizard\n|-supereffective|p1a: Charizard\n|-damage|p1a: Charizard|29\/100\n|\n|-weather|SunnyDay|[upkeep]\n|upkeep\n|turn|28\n|inactive|Niggoum has 150 seconds left.\n|\n|t:|1700800694\n|move|p1a: Charizard|Solar Beam||[still]\n|-prepare|p1a: Charizard|Solar Beam\n|-anim|p1a: Charizard|Solar Beam|p2a: Tapu Fini\n|-supereffective|p2a: Tapu Fini\n|-damage|p2a: Tapu Fini|0 fnt\n|faint|p2a: Tapu Fini\n|\n|-weather|SunnyDay|[upkeep]\n|upkeep\n|inactive|Niggoum has 150 seconds left.\n|\n|t:|1700800701\n|switch|p2a: Heatran|Heatran, M|100\/100\n|-damage|p2a: Heatran|88\/100|[from] Stealth Rock\n|-item|p2a: Heatran|Air Balloon\n|turn|29\n|\n|t:|1700800711\n|switch|p1a: Gliscor|Gliscor, M|73\/100 tox\n|move|p2a: Heatran|Earth Power|p1a: Gliscor\n|-immune|p1a: Gliscor\n|\n|-weather|SunnyDay|[upkeep]\n|-heal|p1a: Gliscor|85\/100 tox|[from] ability: Poison Heal\n|upkeep\n|turn|30\n|\n|t:|1700800721\n|move|p1a: Gliscor|Knock Off|p2a: Heatran\n|-damage|p2a: Heatran|71\/100\n|-enditem|p2a: Heatran|Air Balloon\n|move|p2a: Heatran|Magma Storm|p1a: Gliscor\n|-damage|p1a: Gliscor|35\/100 tox\n|-activate|p1a: Gliscor|move: Magma Storm|[of] p2a: Heatran\n|\n|-weather|SunnyDay|[upkeep]\n|-heal|p1a: Gliscor|47\/100 tox|[from] ability: Poison Heal\n|-damage|p1a: Gliscor|35\/100 tox|[from] move: Magma Storm|[partiallytrapped]\n|upkeep\n|turn|31\n|\n|t:|1700800732\n|move|p1a: Gliscor|Earthquake|p2a: Heatran\n|-supereffective|p2a: Heatran\n|-damage|p2a: Heatran|0 fnt\n|faint|p2a: Heatran\n|\n|win|hocobykanye\n","uploadtime":1700800739,"views":22,"p1id":"hocobykanye","p2id":"niggoum","formatid":"gen9nationaldex","rating":0,"private":0,"password":""}