{"id":"gen9nationaldex-1991559228","p1":"PulsarNyx","p2":"darkwarrior212","format":"[Gen 9] National Dex","log":"|j|\u2606PulsarNyx\n|j|\u2606darkwarrior212\n|t:|1700088321\n|gametype|singles\n|player|p1|PulsarNyx|eusine|\n|player|p2|darkwarrior212|102|\n|teamsize|p1|6\n|teamsize|p2|6\n|gen|9\n|tier|[Gen 9] National Dex\n|rule|HP Percentage Mod: HP is shown in percentages\n|rule|Endless Battle Clause: Forcing endless battles is banned\n|rule|OHKO Clause: OHKO moves are banned\n|rule|Evasion Clause: Evasion abilities, items, and moves are banned\n|rule|Evasion Abilities Clause: Evasion abilities are banned\n|rule|Evasion Items Clause: Evasion items are banned\n|rule|Evasion Moves Clause: Evasion moves are banned\n|rule|Species Clause: Limit one of each Pok\u00e9mon\n|rule|Sleep Clause Mod: Limit one foe put to sleep\n|clearpoke\n|poke|p1|Zapdos|\n|poke|p1|Blaziken, M|\n|poke|p1|Empoleon, F|\n|poke|p1|Porygon-Z|\n|poke|p1|Archeops, F|\n|poke|p1|Decidueye, M|\n|poke|p2|Zapdos|\n|poke|p2|Blaziken, F|\n|poke|p2|Empoleon, M|\n|poke|p2|Corviknight, M|\n|poke|p2|Moltres-Galar|\n|poke|p2|Articuno-Galar|\n|teampreview\n|c|\u2606PulsarNyx|gaming\n|c|\u2606darkwarrior212|glhf\n|c|\u2606PulsarNyx|u 2\n|\n|t:|1700088342\n|start\n|switch|p1a: Victoire|Blaziken, M|100\/100\n|switch|p2a: Arceus_Bug|Blaziken, F|100\/100\n|turn|1\n|\n|t:|1700088350\n|move|p2a: Arceus_Bug|Rock Slide|p1a: Victoire\n|-damage|p1a: Victoire|48\/100\n|-damage|p2a: Arceus_Bug|91\/100|[from] item: Life Orb\n|move|p1a: Victoire|Swords Dance|p1a: Victoire\n|-boost|p1a: Victoire|atk|2\n|\n|-ability|p1a: Victoire|Speed Boost|boost\n|-boost|p1a: Victoire|spe|1\n|-ability|p2a: Arceus_Bug|Speed Boost|boost\n|-boost|p2a: Arceus_Bug|spe|1\n|upkeep\n|turn|2\n|\n|t:|1700088357\n|move|p1a: Victoire|Reversal|p2a: Arceus_Bug\n|-damage|p2a: Arceus_Bug|24\/100\n|move|p2a: Arceus_Bug|Rock Slide|p1a: Victoire|[miss]\n|-miss|p2a: Arceus_Bug|p1a: Victoire\n|\n|-ability|p2a: Arceus_Bug|Speed Boost|boost\n|-boost|p2a: Arceus_Bug|spe|1\n|-ability|p1a: Victoire|Speed Boost|boost\n|-boost|p1a: Victoire|spe|1\n|upkeep\n|turn|3\n|\n|t:|1700088363\n|move|p1a: Victoire|Thunder Punch|p2a: Arceus_Bug\n|-damage|p2a: Arceus_Bug|0 fnt\n|faint|p2a: Arceus_Bug\n|\n|-ability|p1a: Victoire|Speed Boost|boost\n|-boost|p1a: Victoire|spe|1\n|upkeep\n|\n|t:|1700088369\n|switch|p2a: Arceus Bug?|Empoleon, M|100\/100\n|turn|4\n|\n|t:|1700088373\n|move|p1a: Victoire|Thunder Punch|p2a: Arceus Bug?\n|-supereffective|p2a: Arceus Bug?\n|-damage|p2a: Arceus Bug?|0 fnt\n|faint|p2a: Arceus Bug?\n|\n|-ability|p1a: Victoire|Speed Boost|boost\n|-boost|p1a: Victoire|spe|1\n|upkeep\n|\n|t:|1700088376\n|switch|p2a: Arceus Bug|Zapdos|100\/100\n|turn|5\n|\n|t:|1700088380\n|-terastallize|p1a: Victoire|Electric\n|move|p1a: Victoire|Thunder Punch|p2a: Arceus Bug\n|-damage|p2a: Arceus Bug|17\/100\n|move|p2a: Arceus Bug|Hurricane|p1a: Victoire|[miss]\n|-miss|p2a: Arceus Bug|p1a: Victoire\n|\n|-ability|p1a: Victoire|Speed Boost|boost\n|-boost|p1a: Victoire|spe|1\n|upkeep\n|turn|6\n|c|\u2606PulsarNyx|bruh\n|\n|t:|1700088389\n|move|p1a: Victoire|Thunder Punch|p2a: Arceus Bug\n|-damage|p2a: Arceus Bug|0 fnt\n|faint|p2a: Arceus Bug\n|\n|-ability|p1a: Victoire|Speed Boost|boost\n|-boost|p1a: Victoire|spe|1\n|upkeep\n|c|\u2606darkwarrior212|I miss\n|\n|t:|1700088395\n|switch|p2a: Bug of Arceus|Corviknight, M|100\/100\n|turn|7\n|c|\u2606PulsarNyx|unfortunate\n|\n|t:|1700088398\n|move|p1a: Victoire|Fire Punch|p2a: Bug of Arceus\n|-supereffective|p2a: Bug of Arceus\n|-damage|p2a: Bug of Arceus|0 fnt\n|-damage|p1a: Victoire|31\/100|[from] item: Rocky Helmet|[of] p2a: Bug of Arceus\n|faint|p2a: Bug of Arceus\n|\n|upkeep\n|\n|t:|1700088400\n|switch|p2a: Arceus... Bug|Articuno-Galar|100\/100\n|turn|8\n|\n|t:|1700088403\n|move|p1a: Victoire|Thunder Punch|p2a: Arceus... Bug\n|-supereffective|p2a: Arceus... Bug\n|-damage|p2a: Arceus... Bug|0 fnt\n|faint|p2a: Arceus... Bug\n|\n|upkeep\n|\n|t:|1700088405\n|switch|p2a: Arceus Bug!|Moltres-Galar|100\/100\n|turn|9\n|\n|t:|1700088408\n|move|p1a: Victoire|Thunder Punch|p2a: Arceus Bug!\n|-supereffective|p2a: Arceus Bug!\n|-damage|p2a: Arceus Bug!|0 fnt\n|faint|p2a: Arceus Bug!\n|\n|win|PulsarNyx\n|c|\u2606PulsarNyx|welp\n|c|\u2606darkwarrior212|I miss\n|c|\u2606PulsarNyx|ggs\n|c|\u2606darkwarrior212|Hell yeah bro\n","uploadtime":1700088419,"views":31,"p1id":"pulsarnyx","p2id":"darkwarrior212","formatid":"gen9nationaldex","rating":0,"private":0,"password":""}