{"id":"gen9nationaldex-1993661493","p1":"FernandaCoxta","p2":"AiraAira","format":"[Gen 9] National Dex","log":"|j|\u2606FernandaCoxta\n|j|\u2606AiraAira\n|t:|1700342795\n|gametype|singles\n|player|p1|FernandaCoxta|lady-gen4|\n|player|p2|AiraAira|170|\n|teamsize|p1|6\n|teamsize|p2|6\n|gen|9\n|tier|[Gen 9] National Dex\n|rule|HP Percentage Mod: HP is shown in percentages\n|rule|Endless Battle Clause: Forcing endless battles is banned\n|rule|OHKO Clause: OHKO moves are banned\n|rule|Evasion Clause: Evasion abilities, items, and moves are banned\n|rule|Evasion Abilities Clause: Evasion abilities are banned\n|rule|Evasion Items Clause: Evasion items are banned\n|rule|Evasion Moves Clause: Evasion moves are banned\n|rule|Species Clause: Limit one of each Pok\u00e9mon\n|rule|Sleep Clause Mod: Limit one foe put to sleep\n|clearpoke\n|poke|p1|Infernape, M|\n|poke|p1|Camerupt, F|\n|poke|p1|Chandelure, F|\n|poke|p1|Magcargo, F|\n|poke|p1|Rotom-Heat|\n|poke|p1|Volcarona, M|\n|poke|p2|Delphox, M|\n|poke|p2|Cinderace, M|\n|poke|p2|Simisear, M|\n|poke|p2|Magcargo, F|\n|poke|p2|Flareon, M|\n|poke|p2|Growlithe-Hisui, M|\n|teampreview\n|\n|t:|1700342806\n|start\n|switch|p1a: Tidinha|Camerupt, F|100\/100\n|switch|p2a: Delphox|Delphox, M, shiny|100\/100\n|turn|1\n|inactive|Battle timer is ON: inactive players will automatically lose when time's up. (requested by FernandaCoxta)\n|\n|t:|1700342824\n|move|p2a: Delphox|Calm Mind|p2a: Delphox\n|-boost|p2a: Delphox|spa|1\n|-boost|p2a: Delphox|spd|1\n|move|p1a: Tidinha|Stealth Rock|p2a: Delphox\n|-sidestart|p2: AiraAira|move: Stealth Rock\n|\n|upkeep\n|turn|2\n|\n|t:|1700342840\n|move|p2a: Delphox|Encore|p1a: Tidinha\n|-start|p1a: Tidinha|Encore\n|move|p1a: Tidinha|Stealth Rock||[still]\n|-fail|p1a: Tidinha\n|\n|upkeep\n|turn|3\n|\n|t:|1700342853\n|switch|p1a: Luciana Gimenez|Chandelure, F|100\/100\n|move|p2a: Delphox|Trick Room|p2a: Delphox\n|-fieldstart|move: Trick Room|[of] p2a: Delphox\n|\n|-damage|p1a: Luciana Gimenez|88\/100|[from] item: Black Sludge\n|upkeep\n|turn|4\n|inactive|AiraAira has 270 seconds left.\n|\n|t:|1700342894\n|switch|p2a: Magcargo|Magcargo, F, shiny|100\/100\n|-damage|p2a: Magcargo|76\/100|[from] Stealth Rock\n|move|p1a: Luciana Gimenez|Trick|p2a: Magcargo\n|-activate|p1a: Luciana Gimenez|move: Trick|[of] p2a: Magcargo\n|-item|p2a: Magcargo|Black Sludge|[from] move: Trick\n|-item|p1a: Luciana Gimenez|Weakness Policy|[from] move: Trick\n|\n|-damage|p2a: Magcargo|63\/100|[from] item: Black Sludge\n|upkeep\n|turn|5\n|\n|t:|1700342906\n|switch|p1a: Tidinha|Camerupt, F|100\/100\n|move|p2a: Magcargo|Power Gem|p1a: Tidinha\n|-damage|p1a: Tidinha|55\/100\n|\n|-heal|p1a: Tidinha|61\/100|[from] item: Leftovers\n|-damage|p2a: Magcargo|51\/100|[from] item: Black Sludge\n|upkeep\n|turn|6\n|\n|t:|1700342919\n|move|p1a: Tidinha|Earth Power|p2a: Magcargo\n|-supereffective|p2a: Magcargo\n|-damage|p2a: Magcargo|0 fnt\n|faint|p2a: Magcargo\n|\n|-heal|p1a: Tidinha|67\/100|[from] item: Leftovers\n|upkeep\n|\n|t:|1700342935\n|switch|p2a: Flareon|Flareon, M|100\/100\n|-damage|p2a: Flareon|76\/100|[from] Stealth Rock\n|turn|7\n|\n|t:|1700342943\n|move|p1a: Tidinha|Earth Power|p2a: Flareon\n|-supereffective|p2a: Flareon\n|-damage|p2a: Flareon|0 fnt\n|faint|p2a: Flareon\n|\n|-heal|p1a: Tidinha|73\/100|[from] item: Leftovers\n|-fieldend|move: Trick Room\n|upkeep\n|\n|t:|1700342959\n|switch|p2a: Simisear|Simisear, M|100\/100\n|-damage|p2a: Simisear|76\/100|[from] Stealth Rock\n|turn|8\n|inactive|AiraAira has 240 seconds left.\n|\n|t:|1700342975\n|move|p2a: Simisear|Rock Slide|p1a: Tidinha\n|-damage|p1a: Tidinha|46\/100\n|cant|p1a: Tidinha|flinch\n|\n|-heal|p1a: Tidinha|52\/100|[from] item: Leftovers\n|upkeep\n|turn|9\n|inactive|AiraAira has 240 seconds left.\n|\n|t:|1700342985\n|move|p2a: Simisear|Crunch|p1a: Tidinha\n|-damage|p1a: Tidinha|21\/100\n|move|p1a: Tidinha|Earth Power|p2a: Simisear\n|-supereffective|p2a: Simisear\n|-damage|p2a: Simisear|0 fnt\n|faint|p2a: Simisear\n|\n|-heal|p1a: Tidinha|27\/100|[from] item: Leftovers\n|upkeep\n|inactive|AiraAira has 240 seconds left.\n|\n|t:|1700343003\n|switch|p2a: Cinderace|Cinderace, M|100\/100\n|-damage|p2a: Cinderace|76\/100|[from] Stealth Rock\n|turn|10\n|\n|t:|1700343008\n|move|p2a: Cinderace|Court Change|p2a: Cinderace\n|-swapsideconditions\n|-activate|p2a: Cinderace|move: Court Change\n|move|p1a: Tidinha|Earth Power|p2a: Cinderace\n|-supereffective|p2a: Cinderace\n|-damage|p2a: Cinderace|0 fnt\n|faint|p2a: Cinderace\n|\n|-heal|p1a: Tidinha|33\/100|[from] item: Leftovers\n|upkeep\n|inactive|AiraAira has 240 seconds left.\n|\n|t:|1700343017\n|switch|p2a: Delphox|Delphox, M, shiny|100\/100\n|turn|11\n|\n|t:|1700343030\n|move|p2a: Delphox|Calm Mind|p2a: Delphox\n|-boost|p2a: Delphox|spa|1\n|-boost|p2a: Delphox|spd|1\n|move|p1a: Tidinha|Earth Power|p2a: Delphox\n|-supereffective|p2a: Delphox\n|-damage|p2a: Delphox|35\/100\n|-enditem|p2a: Delphox|Weakness Policy\n|-boost|p2a: Delphox|atk|2|[from] item: Weakness Policy\n|-boost|p2a: Delphox|spa|2|[from] item: Weakness Policy\n|\n|-heal|p1a: Tidinha|39\/100|[from] item: Leftovers\n|upkeep\n|turn|12\n|\n|t:|1700343041\n|move|p2a: Delphox|Stored Power|p1a: Tidinha\n|-damage|p1a: Tidinha|0 fnt\n|faint|p1a: Tidinha\n|\n|upkeep\n|\n|t:|1700343054\n|switch|p1a: Super Pop|Volcarona, M|100\/100\n|turn|13\n|\n|t:|1700343058\n|move|p2a: Delphox|Stored Power|p1a: Super Pop\n|-damage|p1a: Super Pop|0 fnt\n|faint|p1a: Super Pop\n|\n|upkeep\n|\n|t:|1700343064\n|switch|p1a: Rodrigue Xuxe|Magcargo, F|100\/100\n|-damage|p1a: Rodrigue Xuxe|76\/100|[from] Stealth Rock\n|turn|14\n|\n|t:|1700343069\n|move|p2a: Delphox|Stored Power|p1a: Rodrigue Xuxe\n|-damage|p1a: Rodrigue Xuxe|0 fnt\n|faint|p1a: Rodrigue Xuxe\n|\n|upkeep\n|\n|t:|1700343074\n|switch|p1a: Carlos Daniel|Infernape, M|100\/100\n|-damage|p1a: Carlos Daniel|88\/100|[from] Stealth Rock\n|turn|15\n|\n|t:|1700343085\n|move|p1a: Carlos Daniel|Knock Off|p2a: Delphox\n|-supereffective|p2a: Delphox\n|-damage|p2a: Delphox|0 fnt\n|faint|p2a: Delphox\n|\n|upkeep\n|\n|t:|1700343090\n|switch|p2a: Growlithe|Growlithe-Hisui, M, shiny|100\/100\n|turn|16\n|\n|t:|1700343096\n|switch|p1a: Luciana Gimenez|Chandelure, F|88\/100\n|-damage|p1a: Luciana Gimenez|63\/100|[from] Stealth Rock\n|-terastallize|p2a: Growlithe|Fire\n|move|p2a: Growlithe|Agility|p2a: Growlithe\n|-boost|p2a: Growlithe|spe|2\n|\n|upkeep\n|turn|17\n|\n|t:|1700343107\n|move|p2a: Growlithe|Head Smash|p1a: Luciana Gimenez|[miss]\n|-miss|p2a: Growlithe|p1a: Luciana Gimenez\n|move|p1a: Luciana Gimenez|Trick|p2a: Growlithe\n|-activate|p1a: Luciana Gimenez|move: Trick|[of] p2a: Growlithe\n|-item|p2a: Growlithe|Weakness Policy|[from] move: Trick\n|-item|p1a: Luciana Gimenez|Eviolite|[from] move: Trick\n|\n|upkeep\n|turn|18\n|\n|t:|1700343116\n|move|p2a: Growlithe|Head Smash|p1a: Luciana Gimenez\n|-supereffective|p1a: Luciana Gimenez\n|-damage|p1a: Luciana Gimenez|0 fnt\n|faint|p1a: Luciana Gimenez\n|\n|upkeep\n|\n|t:|1700343123\n|switch|p1a: Carlos Daniel|Infernape, M|88\/100\n|-damage|p1a: Carlos Daniel|76\/100|[from] Stealth Rock\n|turn|19\n|\n|t:|1700343130\n|move|p1a: Carlos Daniel|Knock Off|p2a: Growlithe\n|-damage|p2a: Growlithe|30\/100\n|-enditem|p2a: Growlithe|Weakness Policy|[from] move: Knock Off|[of] p1a: Carlos Daniel\n|move|p2a: Growlithe|Head Smash|p1a: Carlos Daniel\n|-damage|p1a: Carlos Daniel|0 fnt\n|faint|p1a: Carlos Daniel\n|\n|upkeep\n|\n|t:|1700343137\n|switch|p1a: Rede TV|Rotom-Heat|100\/100\n|-damage|p1a: Rede TV|76\/100|[from] Stealth Rock\n|turn|20\n|\n|t:|1700343143\n|move|p2a: Growlithe|Head Smash|p1a: Rede TV\n|-supereffective|p1a: Rede TV\n|-damage|p1a: Rede TV|0 fnt\n|faint|p1a: Rede TV\n|\n|win|AiraAira\n","uploadtime":1700343157,"views":17,"p1id":"fernandacoxta","p2id":"airaaira","formatid":"gen9nationaldex","rating":0,"private":0,"password":""}