{"id":"gen9nationaldex-2000503848","p1":"illneverchooseyou","p2":"RebornG","format":"[Gen 9] National Dex","log":"|html|<div class=\"broadcast-blue\"><strong>[Gen 9] National Dex is currently suspecting Sneasler! For information on how to participate check out the <a href=\"https:\/\/www.smogon.com\/forums\/threads\/sv-national-dex-suspect-8-just-dance.3731534\/\">suspect thread<\/a>.<\/strong><\/div>\n|j|\u2606illneverchooseyou\n|j|\u2606RebornG\n|t:|1701200317\n|gametype|singles\n|player|p1|illneverchooseyou|psychic-gen4|1623\n|player|p2|RebornG|elesa|1676\n|teamsize|p1|6\n|teamsize|p2|6\n|gen|9\n|tier|[Gen 9] National Dex\n|rated|\n|rule|HP Percentage Mod: HP is shown in percentages\n|rule|Endless Battle Clause: Forcing endless battles is banned\n|rule|OHKO Clause: OHKO moves are banned\n|rule|Evasion Clause: Evasion abilities, items, and moves are banned\n|rule|Evasion Abilities Clause: Evasion abilities are banned\n|rule|Evasion Items Clause: Evasion items are banned\n|rule|Evasion Moves Clause: Evasion moves are banned\n|rule|Species Clause: Limit one of each Pok\u00e9mon\n|rule|Sleep Clause Mod: Limit one foe put to sleep\n|clearpoke\n|poke|p1|Tapu Koko|\n|poke|p1|Iron Valiant|\n|poke|p1|Scizor, M|\n|poke|p1|Ursaluna, F|\n|poke|p1|Clefable, F|\n|poke|p1|Slowbro, M|\n|poke|p2|Pinsir, F|\n|poke|p2|Iron Valiant|\n|poke|p2|Sneasler, M|\n|poke|p2|Iron Treads|\n|poke|p2|Greninja-*, M|\n|poke|p2|Tapu Koko|\n|teampreview\n|inactive|Battle timer is ON: inactive players will automatically lose when time's up. (requested by RebornG)\n|\n|t:|1701200325\n|start\n|switch|p1a: Clefable|Clefable, F|100\/100\n|switch|p2a: Iron Treads|Iron Treads|100\/100\n|turn|1\n|\n|t:|1701200338\n|move|p2a: Iron Treads|Stealth Rock|p1a: Clefable\n|-sidestart|p1: illneverchooseyou|move: Stealth Rock\n|move|p1a: Clefable|Stealth Rock|p2a: Iron Treads\n|-sidestart|p2: RebornG|move: Stealth Rock\n|\n|upkeep\n|turn|2\n|\n|t:|1701200343\n|switch|p1a: Slowbro|Slowbro, M|100\/100\n|move|p2a: Iron Treads|Rapid Spin|p1a: Slowbro\n|-damage|p1a: Slowbro|92\/100\n|-boost|p2a: Iron Treads|spe|1\n|-sideend|p2: RebornG|Stealth Rock|[from] move: Rapid Spin|[of] p2a: Iron Treads\n|\n|upkeep\n|turn|3\n|\n|t:|1701200350\n|-end|p2a: Iron Treads|Quark Drive|[silent]\n|switch|p2a: Tapu Koko|Tapu Koko|100\/100\n|-fieldstart|move: Electric Terrain|[from] ability: Electric Surge|[of] p2a: Tapu Koko\n|move|p1a: Slowbro|Future Sight|p2a: Tapu Koko\n|-start|p1a: Slowbro|move: Future Sight\n|\n|upkeep\n|turn|4\n|\n|t:|1701200361\n|switch|p1a: Ursaluna|Ursaluna, F|100\/100\n|-damage|p1a: Ursaluna|94\/100|[from] Stealth Rock\n|move|p2a: Tapu Koko|Dazzling Gleam|p1a: Ursaluna\n|-damage|p1a: Ursaluna|48\/100\n|\n|-status|p1a: Ursaluna|brn|[from] item: Flame Orb\n|upkeep\n|turn|5\n|\n|t:|1701200372\n|move|p2a: Tapu Koko|Dazzling Gleam|p1a: Ursaluna\n|-damage|p1a: Ursaluna|5\/100 brn\n|move|p1a: Ursaluna|Facade|p2a: Tapu Koko\n|-damage|p2a: Tapu Koko|0 fnt\n|faint|p2a: Tapu Koko\n|\n|-hint|Future Sight did not hit because the target is fainted.\n|-damage|p1a: Ursaluna|0 fnt|[from] brn\n|faint|p1a: Ursaluna\n|upkeep\n|c|\u2606illneverchooseyou|I didn't think you'd just sack koko \ud83d\ude2d\n|inactive|illneverchooseyou has 120 seconds left.\n|c|\u2606illneverchooseyou|Literally everyone switched to a dark type on future sight\n|c|\u2606illneverchooseyou|I need to just stop predicting because it literally never works\n|c|\u2606RebornG|because you have one!\n|inactive|illneverchooseyou has 90 seconds left.\n|\n|t:|1701200435\n|switch|p2a: Greninja|Greninja, M|100\/100\n|switch|p1a: Scizor|Scizor, M|100\/100\n|-damage|p1a: Scizor|88\/100|[from] Stealth Rock\n|turn|6\n|\n|t:|1701200440\n|detailschange|p1a: Scizor|Scizor-Mega, M\n|-mega|p1a: Scizor|Scizor|Scizorite\n|move|p2a: Greninja|Hydro Pump|p1a: Scizor\n|-damage|p1a: Scizor|47\/100\n|move|p1a: Scizor|U-turn|p2a: Greninja\n|-supereffective|p2a: Greninja\n|-damage|p2a: Greninja|0 fnt\n|faint|p2a: Greninja\n|inactive|illneverchooseyou has 90 seconds left.\n|\n|t:|1701200473\n|switch|p1a: Slowbro|Slowbro, M|100\/100|[from] U-turn\n|\n|upkeep\n|\n|t:|1701200478\n|switch|p2a: Sneasler|Sneasler, M|100\/100\n|-enditem|p2a: Sneasler|Electric Seed\n|-boost|p2a: Sneasler|def|1|[from] item: Electric Seed\n|turn|7\n|\n|t:|1701200485\n|move|p2a: Sneasler|Swords Dance|p2a: Sneasler\n|-boost|p2a: Sneasler|atk|2\n|move|p1a: Slowbro|Trick Room|p1a: Slowbro\n|-fieldstart|move: Trick Room|[of] p1a: Slowbro\n|\n|-fieldend|move: Electric Terrain\n|upkeep\n|turn|8\n|inactive|illneverchooseyou has 90 seconds left.\n|\n|t:|1701200500\n|move|p1a: Slowbro|Scald|p2a: Sneasler\n|-damage|p2a: Sneasler|62\/100\n|-status|p2a: Sneasler|brn\n|move|p2a: Sneasler|Dire Claw|p1a: Slowbro\n|-damage|p1a: Slowbro|74\/100\n|-status|p1a: Slowbro|par\n|\n|-damage|p2a: Sneasler|56\/100 brn|[from] brn\n|upkeep\n|turn|9\n|\n|t:|1701200505\n|move|p1a: Slowbro|Future Sight|p2a: Sneasler\n|-start|p1a: Slowbro|move: Future Sight\n|move|p2a: Sneasler|Dire Claw|p1a: Slowbro\n|-damage|p1a: Slowbro|47\/100 par\n|\n|-damage|p2a: Sneasler|50\/100 brn|[from] brn\n|upkeep\n|turn|10\n|\n|t:|1701200512\n|move|p2a: Sneasler|Close Combat|p1a: Slowbro\n|-resisted|p1a: Slowbro\n|-damage|p1a: Slowbro|28\/100 par\n|-unboost|p2a: Sneasler|def|1\n|-unboost|p2a: Sneasler|spd|1\n|move|p1a: Slowbro|Trick Room|p1a: Slowbro\n|-fieldend|move: Trick Room\n|\n|-damage|p2a: Sneasler|44\/100 brn|[from] brn\n|upkeep\n|turn|11\n|inactive|illneverchooseyou has 90 seconds left.\n|\n|t:|1701200540\n|switch|p1a: Tapu Koko|Tapu Koko|100\/100\n|-fieldstart|move: Electric Terrain|[from] ability: Electric Surge|[of] p1a: Tapu Koko\n|move|p2a: Sneasler|Dire Claw|p1a: Tapu Koko\n|-supereffective|p1a: Tapu Koko\n|-damage|p1a: Tapu Koko|0 fnt\n|faint|p1a: Tapu Koko\n|\n|-end|p2a: Sneasler|move: Future Sight\n|-supereffective|p2a: Sneasler\n|-damage|p2a: Sneasler|0 fnt\n|faint|p2a: Sneasler\n|upkeep\n|inactive|illneverchooseyou has 90 seconds left.\n|\n|t:|1701200553\n|switch|p1a: Slowbro|Slowbro, M|61\/100 par\n|switch|p2a: Iron Treads|Iron Treads|100\/100\n|-activate|p2a: Iron Treads|ability: Quark Drive\n|-start|p2a: Iron Treads|quarkdrivespe\n|turn|12\n|inactive|illneverchooseyou has 90 seconds left.\n|\n|t:|1701200567\n|-end|p2a: Iron Treads|Quark Drive|[silent]\n|switch|p2a: Iron Valiant|Iron Valiant|100\/100\n|-activate|p2a: Iron Valiant|ability: Quark Drive\n|-start|p2a: Iron Valiant|quarkdrivespe\n|move|p1a: Slowbro|Trick Room|p1a: Slowbro\n|-fieldstart|move: Trick Room|[of] p1a: Slowbro\n|\n|upkeep\n|turn|13\n|inactive|illneverchooseyou has 90 seconds left.\n|\n|t:|1701200577\n|switch|p1a: Clefable|Clefable, F|100\/100\n|-terastallize|p2a: Iron Valiant|Fairy\n|move|p2a: Iron Valiant|Moonblast|p1a: Clefable\n|-damage|p1a: Clefable|32\/100\n|\n|upkeep\n|turn|14\n|inactive|illneverchooseyou has 90 seconds left.\n|\n|t:|1701200595\n|-end|p2a: Iron Valiant|Quark Drive|[silent]\n|switch|p2a: Iron Treads|Iron Treads|100\/100\n|-activate|p2a: Iron Treads|ability: Quark Drive\n|-start|p2a: Iron Treads|quarkdrivespe\n|move|p1a: Clefable|Wish|p1a: Clefable\n|\n|upkeep\n|turn|15\n|inactive|illneverchooseyou has 90 seconds left.\n|\n|t:|1701200623\n|switch|p1a: Slowbro|Slowbro, M|94\/100 par\n|move|p2a: Iron Treads|Earthquake|p1a: Slowbro\n|-damage|p1a: Slowbro|67\/100 par\n|\n|-heal|p1a: Slowbro|100\/100 par|[from] move: Wish|[wisher] Clefable\n|-fieldend|move: Electric Terrain\n|-end|p2a: Iron Treads|Quark Drive\n|upkeep\n|turn|16\n|\n|t:|1701200628\n|-end|p2a: Iron Treads|Quark Drive|[silent]\n|switch|p2a: Iron Valiant|Iron Valiant, tera:Fairy|100\/100\n|move|p1a: Slowbro|Future Sight|p2a: Iron Valiant\n|-start|p1a: Slowbro|move: Future Sight\n|\n|-fieldend|move: Trick Room\n|upkeep\n|turn|17\n|\n|t:|1701200639\n|switch|p1a: Clefable|Clefable, F|32\/100\n|move|p2a: Iron Valiant|Moonblast|p1a: Clefable\n|-damage|p1a: Clefable|0 fnt\n|faint|p1a: Clefable\n|\n|upkeep\n|\n|t:|1701200653\n|switch|p1a: Scizor|Scizor-Mega, M|47\/100\n|-damage|p1a: Scizor|35\/100|[from] Stealth Rock\n|turn|18\n|j| Shazamwhich\n|\n|t:|1701200658\n|-end|p2a: Iron Valiant|Quark Drive|[silent]\n|switch|p2a: Iron Treads|Iron Treads|100\/100\n|move|p1a: Scizor|Roost|p1a: Scizor\n|-heal|p1a: Scizor|85\/100\n|-singleturn|p1a: Scizor|move: Roost\n|\n|-end|p2a: Iron Treads|move: Future Sight\n|-resisted|p2a: Iron Treads\n|-damage|p2a: Iron Treads|73\/100\n|upkeep\n|turn|19\n|inactive|illneverchooseyou has 90 seconds left.\n|\n|t:|1701200667\n|move|p2a: Iron Treads|Earthquake|p1a: Scizor\n|-damage|p1a: Scizor|56\/100\n|move|p1a: Scizor|Swords Dance|p1a: Scizor\n|-boost|p1a: Scizor|atk|2\n|\n|upkeep\n|turn|20\n|\n|t:|1701200673\n|move|p2a: Iron Treads|Earthquake|p1a: Scizor\n|-damage|p1a: Scizor|29\/100\n|move|p1a: Scizor|Roost|p1a: Scizor\n|-heal|p1a: Scizor|79\/100\n|-singleturn|p1a: Scizor|move: Roost\n|\n|upkeep\n|turn|21\n|\n|t:|1701200677\n|move|p2a: Iron Treads|Earthquake|p1a: Scizor\n|-damage|p1a: Scizor|52\/100\n|move|p1a: Scizor|Roost|p1a: Scizor\n|-heal|p1a: Scizor|100\/100\n|-singleturn|p1a: Scizor|move: Roost\n|\n|upkeep\n|turn|22\n|\n|t:|1701200681\n|move|p2a: Iron Treads|Earthquake|p1a: Scizor\n|-damage|p1a: Scizor|73\/100\n|move|p1a: Scizor|Swords Dance|p1a: Scizor\n|-boost|p1a: Scizor|atk|2\n|\n|upkeep\n|turn|23\n|\n|t:|1701200686\n|move|p2a: Iron Treads|Endeavor|p1a: Scizor\n|-damage|p1a: Scizor|68\/100\n|move|p1a: Scizor|Roost|p1a: Scizor\n|-heal|p1a: Scizor|100\/100\n|-singleturn|p1a: Scizor|move: Roost\n|\n|upkeep\n|turn|24\n|\n|t:|1701200689\n|move|p2a: Iron Treads|Endeavor|p1a: Scizor\n|-damage|p1a: Scizor|68\/100\n|move|p1a: Scizor|Swords Dance|p1a: Scizor\n|-boost|p1a: Scizor|atk|2\n|\n|upkeep\n|turn|25\n|\n|t:|1701200699\n|move|p2a: Iron Treads|Earthquake|p1a: Scizor\n|-damage|p1a: Scizor|40\/100\n|move|p1a: Scizor|Swords Dance|p1a: Scizor\n|-boost|p1a: Scizor|atk|0\n|\n|upkeep\n|turn|26\n|\n|t:|1701200703\n|move|p2a: Iron Treads|Endeavor|p1a: Scizor\n|-immune|p1a: Scizor\n|move|p1a: Scizor|Roost|p1a: Scizor\n|-heal|p1a: Scizor|90\/100\n|-singleturn|p1a: Scizor|move: Roost\n|\n|upkeep\n|turn|27\n|\n|t:|1701200709\n|move|p2a: Iron Treads|Endeavor|p1a: Scizor\n|-damage|p1a: Scizor|68\/100\n|move|p1a: Scizor|Swords Dance|p1a: Scizor\n|-boost|p1a: Scizor|atk|0\n|\n|upkeep\n|turn|28\n|\n|t:|1701200715\n|move|p1a: Scizor|Bullet Punch|p2a: Iron Treads\n|-resisted|p2a: Iron Treads\n|-damage|p2a: Iron Treads|16\/100\n|move|p2a: Iron Treads|Endeavor|p1a: Scizor\n|-damage|p1a: Scizor|15\/100\n|\n|upkeep\n|turn|29\n|\n|t:|1701200726\n|move|p1a: Scizor|Bullet Punch|p2a: Iron Treads\n|-resisted|p2a: Iron Treads\n|-damage|p2a: Iron Treads|0 fnt\n|faint|p2a: Iron Treads\n|-end|p2a: Iron Treads|Quark Drive|[silent]\n|\n|upkeep\n|\n|t:|1701200728\n|switch|p2a: Pinsir|Pinsir, F|100\/100\n|turn|30\n|\n|t:|1701200736\n|detailschange|p2a: Pinsir|Pinsir-Mega, F\n|-mega|p2a: Pinsir|Pinsir|Pinsirite\n|move|p2a: Pinsir|Quick Attack|p1a: Scizor\n|-damage|p1a: Scizor|0 fnt\n|faint|p1a: Scizor\n|\n|upkeep\n|\n|t:|1701200739\n|switch|p1a: Slowbro|Slowbro, M|100\/100 par\n|turn|31\n|\n|t:|1701200745\n|switch|p2a: Iron Valiant|Iron Valiant, tera:Fairy|100\/100\n|move|p1a: Slowbro|Trick Room|p1a: Slowbro\n|-fieldstart|move: Trick Room|[of] p1a: Slowbro\n|\n|upkeep\n|turn|32\n|\n|t:|1701200753\n|move|p1a: Slowbro|Scald|p2a: Iron Valiant\n|-damage|p2a: Iron Valiant|51\/100\n|move|p2a: Iron Valiant|Moonblast|p1a: Slowbro\n|-damage|p1a: Slowbro|12\/100 par\n|\n|upkeep\n|turn|33\n|\n|t:|1701200778\n|move|p1a: Slowbro|Scald|p2a: Iron Valiant\n|-damage|p2a: Iron Valiant|3\/100\n|move|p2a: Iron Valiant|Moonblast|p1a: Slowbro\n|-damage|p1a: Slowbro|0 fnt\n|faint|p1a: Slowbro\n|\n|upkeep\n|\n|t:|1701200782\n|switch|p1a: Iron Valiant|Iron Valiant|100\/100\n|-damage|p1a: Iron Valiant|94\/100|[from] Stealth Rock\n|turn|34\n|\n|t:|1701200787\n|-terastallize|p1a: Iron Valiant|Electric\n|move|p1a: Iron Valiant|Moonblast|p2a: Iron Valiant\n|-damage|p2a: Iron Valiant|0 fnt\n|faint|p2a: Iron Valiant\n|-end|p2a: Iron Valiant|Quark Drive|[silent]\n|-damage|p1a: Iron Valiant|85\/100|[from] item: Life Orb\n|\n|upkeep\n|\n|t:|1701200790\n|switch|p2a: Pinsir|Pinsir-Mega, F|100\/100\n|turn|35\n|\n|t:|1701200793\n|move|p2a: Pinsir|Earthquake|p1a: Iron Valiant\n|-supereffective|p1a: Iron Valiant\n|-damage|p1a: Iron Valiant|0 fnt\n|faint|p1a: Iron Valiant\n|-end|p1a: Iron Valiant|Quark Drive|[silent]\n|\n|win|RebornG\n|raw|illneverchooseyou's rating: 1623 &rarr; <strong>1606<\/strong><br \/>(-17 for losing)\n|raw|RebornG's rating: 1676 &rarr; <strong>1693<\/strong><br \/>(+17 for winning)\n|c|\u2606illneverchooseyou|Gg\n|l|\u2606illneverchooseyou\n|c|\u2606RebornG|gg\n","uploadtime":1701200806,"views":0,"p1id":"illneverchooseyou","p2id":"reborng","formatid":"gen9nationaldex","rating":1606,"private":0,"password":""}