{"id":"gen9nationaldex-1990215129","p1":"noon49","p2":"GhostSunGR\u9b3c\u65e5","format":"[Gen 9] National Dex","log":"|j|\u2606noon49\n|j|\u2606GhostSunGR\u9b3c\u65e5\n|t:|1699938607\n|gametype|singles\n|player|p1|noon49|red|1569\n|player|p2|GhostSunGR\u9b3c\u65e5|steven-masters|1535\n|teamsize|p1|6\n|teamsize|p2|6\n|gen|9\n|tier|[Gen 9] National Dex\n|rated|\n|rule|HP Percentage Mod: HP is shown in percentages\n|rule|Endless Battle Clause: Forcing endless battles is banned\n|rule|OHKO Clause: OHKO moves are banned\n|rule|Evasion Clause: Evasion abilities, items, and moves are banned\n|rule|Evasion Abilities Clause: Evasion abilities are banned\n|rule|Evasion Items Clause: Evasion items are banned\n|rule|Evasion Moves Clause: Evasion moves are banned\n|rule|Species Clause: Limit one of each Pok\u00e9mon\n|rule|Sleep Clause Mod: Limit one foe put to sleep\n|clearpoke\n|poke|p1|Dragonite, M|\n|poke|p1|Ursaluna, F|\n|poke|p1|Tapu Koko|\n|poke|p1|Garchomp, M|\n|poke|p1|Hoopa-Unbound|\n|poke|p1|Moltres|\n|poke|p2|Rillaboom, F|\n|poke|p2|Heatran, M|\n|poke|p2|Urshifu-*, F|\n|poke|p2|Slowking-Galar, F|\n|poke|p2|Thundurus-Therian, M|\n|poke|p2|Weezing-Galar, F|\n|teampreview\n|inactive|Battle timer is ON: inactive players will automatically lose when time's up. (requested by GhostSunGR\u9b3c\u65e5)\n|\n|t:|1699938622\n|start\n|switch|p1a: Tapu Koko|Tapu Koko|100\/100\n|switch|p2a: Heatran|Heatran, M|100\/100\n|-fieldstart|move: Electric Terrain|[from] ability: Electric Surge|[of] p1a: Tapu Koko\n|turn|1\n|\n|t:|1699938632\n|move|p1a: Tapu Koko|Thunderbolt|p2a: Heatran\n|-damage|p2a: Heatran|53\/100\n|move|p2a: Heatran|Stealth Rock|p1a: Tapu Koko\n|-sidestart|p1: noon49|move: Stealth Rock\n|\n|-heal|p2a: Heatran|59\/100|[from] item: Leftovers\n|upkeep\n|turn|2\n|\n|t:|1699938648\n|switch|p1a: Hoopa|Hoopa-Unbound|100\/100\n|-damage|p1a: Hoopa|88\/100|[from] Stealth Rock\n|switch|p2a: Thundurus|Thundurus-Therian, M|100\/100\n|\n|upkeep\n|turn|3\n|\n|t:|1699938658\n|move|p2a: Thundurus|Volt Switch|p1a: Hoopa\n|-damage|p1a: Hoopa|55\/100\n|\n|t:|1699938661\n|switch|p2a: Urshifu|Urshifu-Rapid-Strike, F|100\/100|[from] Volt Switch\n|move|p1a: Hoopa|Dark Pulse|p2a: Urshifu\n|-resisted|p2a: Urshifu\n|-damage|p2a: Urshifu|57\/100\n|\n|upkeep\n|turn|4\n|\n|t:|1699938680\n|switch|p1a: Garchomp|Garchomp, M|100\/100\n|-damage|p1a: Garchomp|94\/100|[from] Stealth Rock\n|move|p2a: Urshifu|U-turn|p1a: Garchomp\n|-damage|p1a: Garchomp|57\/100\n|-damage|p2a: Urshifu|44\/100|[from] ability: Rough Skin|[of] p1a: Garchomp\n|\n|t:|1699938685\n|switch|p2a: Thundurus|Thundurus-Therian, M|100\/100|[from] U-turn\n|\n|upkeep\n|turn|5\n|\n|t:|1699938702\n|switch|p1a: Ursaluna|Ursaluna, F|100\/100\n|-damage|p1a: Ursaluna|94\/100|[from] Stealth Rock\n|move|p2a: Thundurus|Hidden Power|p1a: Ursaluna\n|-supereffective|p1a: Ursaluna\n|-damage|p1a: Ursaluna|66\/100\n|\n|-fieldend|move: Electric Terrain\n|upkeep\n|turn|6\n|\n|t:|1699938717\n|switch|p2a: Weezing|Weezing-Galar, F|100\/100\n|-ability|p2a: Weezing|Neutralizing Gas\n|move|p1a: Ursaluna|Body Slam|p2a: Weezing\n|-damage|p2a: Weezing|65\/100\n|\n|-heal|p2a: Weezing|71\/100|[from] item: Leftovers\n|upkeep\n|turn|7\n|\n|t:|1699938727\n|-terastallize|p2a: Weezing|Ghost\n|move|p2a: Weezing|Will-O-Wisp|p1a: Ursaluna\n|-status|p1a: Ursaluna|brn\n|move|p1a: Ursaluna|Headlong Rush|p2a: Weezing\n|-damage|p2a: Weezing|46\/100\n|-unboost|p1a: Ursaluna|def|1\n|-unboost|p1a: Ursaluna|spd|1\n|\n|-heal|p2a: Weezing|52\/100|[from] item: Leftovers\n|-damage|p1a: Ursaluna|60\/100 brn|[from] brn\n|upkeep\n|turn|8\n|\n|t:|1699938742\n|move|p2a: Weezing|Toxic Spikes|p1a: Ursaluna\n|-sidestart|p1: noon49|move: Toxic Spikes\n|move|p1a: Ursaluna|Headlong Rush|p2a: Weezing\n|-damage|p2a: Weezing|29\/100\n|-unboost|p1a: Ursaluna|def|1\n|-unboost|p1a: Ursaluna|spd|1\n|\n|-heal|p2a: Weezing|35\/100|[from] item: Leftovers\n|-damage|p1a: Ursaluna|54\/100 brn|[from] brn\n|upkeep\n|turn|9\n|\n|t:|1699938752\n|-end|p2a: Weezing|ability: Neutralizing Gas\n|switch|p2a: Thundurus|Thundurus-Therian, M|100\/100\n|switch|p1a: Moltres|Moltres|100\/100\n|\n|upkeep\n|turn|10\n|\n|t:|1699938765\n|-terastallize|p1a: Moltres|Grass\n|move|p2a: Thundurus|Hidden Power|p1a: Moltres\n|-supereffective|p1a: Moltres\n|-damage|p1a: Moltres|56\/100\n|move|p1a: Moltres|Defog|p2a: Thundurus\n|-unboost|p2a: Thundurus|evasion|1\n|-sideend|p1: noon49|Toxic Spikes|[from] move: Defog|[of] p1a: Moltres\n|-sideend|p1: noon49|Stealth Rock|[from] move: Defog|[of] p1a: Moltres\n|\n|upkeep\n|turn|11\n|\n|t:|1699938774\n|switch|p2a: Heatran|Heatran, M|59\/100\n|move|p1a: Moltres|Roost|p1a: Moltres\n|-heal|p1a: Moltres|100\/100\n|\n|-heal|p2a: Heatran|65\/100|[from] item: Leftovers\n|upkeep\n|turn|12\n|\n|t:|1699938781\n|move|p1a: Moltres|U-turn|p2a: Heatran\n|-resisted|p2a: Heatran\n|-damage|p2a: Heatran|62\/100\n|\n|t:|1699938785\n|switch|p1a: Garchomp|Garchomp, M|57\/100|[from] U-turn\n|move|p2a: Heatran|Stealth Rock|p1a: Garchomp\n|-sidestart|p1: noon49|move: Stealth Rock\n|\n|-heal|p2a: Heatran|69\/100|[from] item: Leftovers\n|upkeep\n|turn|13\n|\n|t:|1699938800\n|switch|p1a: Tapu Koko|Tapu Koko|100\/100\n|-damage|p1a: Tapu Koko|88\/100|[from] Stealth Rock\n|-fieldstart|move: Electric Terrain|[from] ability: Electric Surge|[of] p1a: Tapu Koko\n|switch|p2a: Thundurus|Thundurus-Therian, M|100\/100\n|\n|upkeep\n|turn|14\n|\n|t:|1699938814\n|move|p2a: Thundurus|Volt Switch|p1a: Tapu Koko\n|-resisted|p1a: Tapu Koko\n|-damage|p1a: Tapu Koko|58\/100\n|\n|t:|1699938817\n|switch|p2a: Slowking|Slowking-Galar, F|100\/100|[from] Volt Switch\n|move|p1a: Tapu Koko|Dazzling Gleam|p2a: Slowking\n|-resisted|p2a: Slowking\n|-damage|p2a: Slowking|82\/100\n|\n|upkeep\n|turn|15\n|\n|t:|1699938832\n|switch|p1a: Ursaluna|Ursaluna, F|54\/100 brn\n|-damage|p1a: Ursaluna|47\/100 brn|[from] Stealth Rock\n|move|p2a: Slowking|Chilly Reception|p2a: Slowking\n|-weather|Snow\n|\n|t:|1699938840\n|switch|p2a: Urshifu|Urshifu-Rapid-Strike, F|44\/100|[from] Chilly Reception\n|\n|-weather|Snow|[upkeep]\n|-damage|p1a: Ursaluna|41\/100 brn|[from] brn\n|upkeep\n|turn|16\n|\n|t:|1699938855\n|move|p2a: Urshifu|U-turn|p1a: Ursaluna\n|-damage|p1a: Ursaluna|17\/100 brn\n|\n|t:|1699938859\n|switch|p2a: Weezing|Weezing-Galar, F, tera:Ghost|35\/100|[from] U-turn\n|-ability|p2a: Weezing|Neutralizing Gas\n|move|p1a: Ursaluna|Stone Edge|p2a: Weezing\n|-damage|p2a: Weezing|22\/100\n|\n|-weather|Snow|[upkeep]\n|-heal|p2a: Weezing|28\/100|[from] item: Leftovers\n|-damage|p1a: Ursaluna|10\/100 brn|[from] brn\n|upkeep\n|turn|17\n|\n|t:|1699938873\n|move|p2a: Weezing|Strange Steam|p1a: Ursaluna\n|-damage|p1a: Ursaluna|0 fnt\n|faint|p1a: Ursaluna\n|\n|-weather|Snow|[upkeep]\n|-heal|p2a: Weezing|34\/100|[from] item: Leftovers\n|-fieldend|move: Electric Terrain\n|upkeep\n|\n|t:|1699938887\n|switch|p1a: Hoopa|Hoopa-Unbound|55\/100\n|-damage|p1a: Hoopa|43\/100|[from] Stealth Rock\n|turn|18\n|\n|t:|1699938892\n|move|p1a: Hoopa|Dark Pulse|p2a: Weezing\n|-supereffective|p2a: Weezing\n|-damage|p2a: Weezing|0 fnt\n|faint|p2a: Weezing\n|-end|p2a: Weezing|ability: Neutralizing Gas\n|\n|-weather|Snow|[upkeep]\n|upkeep\n|\n|t:|1699938919\n|switch|p2a: Rillaboom|Rillaboom, F|100\/100\n|-fieldstart|move: Grassy Terrain|[from] ability: Grassy Surge|[of] p2a: Rillaboom\n|turn|19\n|\n|t:|1699938933\n|switch|p1a: Garchomp|Garchomp, M|57\/100\n|-damage|p1a: Garchomp|51\/100|[from] Stealth Rock\n|move|p2a: Rillaboom|U-turn|p1a: Garchomp\n|-damage|p1a: Garchomp|9\/100\n|-damage|p2a: Rillaboom|88\/100|[from] ability: Rough Skin|[of] p1a: Garchomp\n|\n|t:|1699938940\n|switch|p2a: Slowking|Slowking-Galar, F|100\/100|[from] U-turn\n|\n|-weather|none\n|-heal|p1a: Garchomp|15\/100|[from] Grassy Terrain\n|upkeep\n|turn|20\n|\n|t:|1699938948\n|move|p1a: Garchomp|Outrage|p2a: Slowking\n|-damage|p2a: Slowking|48\/100\n|move|p2a: Slowking|Sludge Bomb|p1a: Garchomp\n|-resisted|p1a: Garchomp\n|-damage|p1a: Garchomp|0 fnt\n|faint|p1a: Garchomp\n|\n|-heal|p2a: Slowking|54\/100|[from] Grassy Terrain\n|upkeep\n|\n|t:|1699938958\n|switch|p1a: Hoopa|Hoopa-Unbound|43\/100\n|-damage|p1a: Hoopa|30\/100|[from] Stealth Rock\n|turn|21\n|\n|t:|1699938964\n|switch|p2a: Urshifu|Urshifu-Rapid-Strike, F|44\/100\n|move|p1a: Hoopa|Dark Pulse|p2a: Urshifu\n|-resisted|p2a: Urshifu\n|-damage|p2a: Urshifu|5\/100\n|\n|-heal|p2a: Urshifu|11\/100|[from] Grassy Terrain\n|-heal|p1a: Hoopa|36\/100|[from] Grassy Terrain\n|upkeep\n|turn|22\n|\n|t:|1699938992\n|switch|p1a: Dragonite|Dragonite, M|100\/100\n|-damage|p1a: Dragonite|76\/100|[from] Stealth Rock\n|move|p2a: Urshifu|U-turn|p1a: Dragonite\n|-resisted|p1a: Dragonite\n|-damage|p1a: Dragonite|57\/100\n|\n|t:|1699938996\n|switch|p2a: Thundurus|Thundurus-Therian, M|100\/100|[from] U-turn\n|\n|upkeep\n|turn|23\n|\n|t:|1699939007\n|switch|p2a: Heatran|Heatran, M|69\/100\n|move|p1a: Dragonite|Extreme Speed|p2a: Heatran\n|-resisted|p2a: Heatran\n|-damage|p2a: Heatran|50\/100\n|\n|-heal|p2a: Heatran|57\/100|[from] Grassy Terrain\n|-heal|p2a: Heatran|63\/100|[from] item: Leftovers\n|-fieldend|move: Grassy Terrain\n|upkeep\n|turn|24\n|\n|t:|1699939025\n|switch|p1a: Moltres|Moltres, tera:Grass|100\/100\n|move|p2a: Heatran|Magma Storm|p1a: Moltres\n|-supereffective|p1a: Moltres\n|-damage|p1a: Moltres|14\/100\n|-activate|p1a: Moltres|move: Magma Storm|[of] p2a: Heatran\n|\n|-heal|p2a: Heatran|69\/100|[from] item: Leftovers\n|-damage|p1a: Moltres|2\/100|[from] move: Magma Storm|[partiallytrapped]\n|upkeep\n|turn|25\n|\n|t:|1699939034\n|move|p1a: Moltres|U-turn|p2a: Heatran\n|-resisted|p2a: Heatran\n|-damage|p2a: Heatran|66\/100\n|\n|t:|1699939040\n|switch|p1a: Dragonite|Dragonite, M|57\/100|[from] U-turn\n|-damage|p1a: Dragonite|32\/100|[from] Stealth Rock\n|move|p2a: Heatran|Magma Storm|p1a: Dragonite\n|-resisted|p1a: Dragonite\n|-damage|p1a: Dragonite|10\/100\n|-activate|p1a: Dragonite|move: Magma Storm|[of] p2a: Heatran\n|\n|-heal|p2a: Heatran|73\/100|[from] item: Leftovers\n|-damage|p1a: Dragonite|0 fnt|[from] move: Magma Storm|[partiallytrapped]\n|faint|p1a: Dragonite\n|upkeep\n|-message|noon49 forfeited.\n|\n|win|GhostSunGR\u9b3c\u65e5\n|raw|noon49's rating: 1569 &rarr; <strong>1547<\/strong><br \/>(-22 for losing)\n|raw|GhostSunGR\u9b3c\u65e5's rating: 1535 &rarr; <strong>1557<\/strong><br \/>(+22 for winning)\n|l|\u2606noon49\n","uploadtime":1699939051,"views":13,"p1id":"noon49","p2id":"ghostsungr","formatid":"gen9nationaldex","rating":1547,"private":0,"password":""}