{"id":"gen9nationaldex-1990036448","p1":"Pickedman","p2":"Sheilwood","format":"[Gen 9] National Dex","log":"|j|\u2606Pickedman\n|j|\u2606Sheilwood\n|t:|1699917728\n|gametype|singles\n|player|p1|Pickedman|zinnia|\n|player|p2|Sheilwood|acetrainerf|\n|teamsize|p1|6\n|teamsize|p2|6\n|gen|9\n|tier|[Gen 9] National Dex\n|rule|HP Percentage Mod: HP is shown in percentages\n|rule|Endless Battle Clause: Forcing endless battles is banned\n|rule|OHKO Clause: OHKO moves are banned\n|rule|Evasion Clause: Evasion abilities, items, and moves are banned\n|rule|Evasion Abilities Clause: Evasion abilities are banned\n|rule|Evasion Items Clause: Evasion items are banned\n|rule|Evasion Moves Clause: Evasion moves are banned\n|rule|Species Clause: Limit one of each Pok\u00e9mon\n|rule|Sleep Clause Mod: Limit one foe put to sleep\n|clearpoke\n|poke|p1|Tapu Koko|\n|poke|p1|Iron Valiant|\n|poke|p1|Sneasler, F|\n|poke|p1|Lopunny, F|\n|poke|p1|Glimmora, F|\n|poke|p1|Greninja-*, M|\n|poke|p2|Lopunny, F|\n|poke|p2|Scream Tail|\n|poke|p2|Dondozo, F|\n|poke|p2|Gliscor, M|\n|poke|p2|Toxapex, F|\n|poke|p2|Great Tusk|\n|teampreview\n|inactive|Battle timer is ON: inactive players will automatically lose when time's up. (requested by Sheilwood)\n|c|\u2606Sheilwood|Sorry, I didn't realise we were doing another\n|c|\u2606Sheilwood|glhf\n|c|\u2606Pickedman|its ok\n|c|\u2606Pickedman|u2\n|inactive|Pickedman has 270 seconds left.\n|\n|t:|1699917765\n|start\n|switch|p1a: Glimmora|Glimmora, F|100\/100\n|switch|p2a: Toxapex|Toxapex, F|100\/100\n|turn|1\n|\n|t:|1699917779\n|move|p1a: Glimmora|Stealth Rock|p2a: Toxapex\n|-sidestart|p2: Sheilwood|move: Stealth Rock\n|move|p2a: Toxapex|Scald|p1a: Glimmora\n|-supereffective|p1a: Glimmora\n|-damage|p1a: Glimmora|47\/100\n|\n|upkeep\n|turn|2\n|\n|t:|1699917785\n|move|p1a: Glimmora|Spikes|p2a: Toxapex\n|-sidestart|p2: Sheilwood|Spikes\n|move|p2a: Toxapex|Scald|p1a: Glimmora\n|-supereffective|p1a: Glimmora\n|-damage|p1a: Glimmora|0 fnt\n|faint|p1a: Glimmora\n|\n|upkeep\n|\n|t:|1699917802\n|switch|p1a: Iron Valiant|Iron Valiant|100\/100\n|turn|3\n|\n|t:|1699917809\n|move|p1a: Iron Valiant|Calm Mind|p1a: Iron Valiant\n|-boost|p1a: Iron Valiant|spa|1\n|-boost|p1a: Iron Valiant|spd|1\n|move|p2a: Toxapex|Sludge Bomb|p1a: Iron Valiant\n|-supereffective|p1a: Iron Valiant\n|-damage|p1a: Iron Valiant|40\/100\n|\n|upkeep\n|turn|4\n|\n|t:|1699917816\n|move|p1a: Iron Valiant|Thunderbolt|p2a: Toxapex\n|-supereffective|p2a: Toxapex\n|-damage|p2a: Toxapex|39\/100\n|move|p2a: Toxapex|Sludge Bomb|p1a: Iron Valiant\n|-supereffective|p1a: Iron Valiant\n|-damage|p1a: Iron Valiant|0 fnt\n|faint|p1a: Iron Valiant\n|-end|p1a: Iron Valiant|Quark Drive|[silent]\n|\n|upkeep\n|\n|t:|1699917824\n|switch|p1a: Tapu Koko|Tapu Koko|100\/100\n|-fieldstart|move: Electric Terrain|[from] ability: Electric Surge|[of] p1a: Tapu Koko\n|turn|5\n|j| DraykOP\n|\n|t:|1699917845\n|switch|p2a: Scream Tail|Scream Tail|100\/100\n|-damage|p2a: Scream Tail|88\/100|[from] Stealth Rock\n|-damage|p2a: Scream Tail|76\/100|[from] Spikes\n|move|p1a: Tapu Koko|Light Screen|p1a: Tapu Koko\n|-sidestart|p1: Pickedman|move: Light Screen\n|\n|-heal|p2a: Scream Tail|82\/100|[from] item: Leftovers\n|upkeep\n|turn|6\n|l| DraykOP\n|\n|t:|1699917851\n|move|p1a: Tapu Koko|Taunt|p2a: Scream Tail\n|-start|p2a: Scream Tail|move: Taunt\n|cant|p2a: Scream Tail|move: Taunt|Encore\n|\n|-heal|p2a: Scream Tail|88\/100|[from] item: Leftovers\n|upkeep\n|turn|7\n|\n|t:|1699917859\n|-end|p2a: Scream Tail|Protosynthesis|[silent]\n|switch|p2a: Great Tusk|Great Tusk|100\/100\n|-damage|p2a: Great Tusk|97\/100|[from] Stealth Rock\n|-damage|p2a: Great Tusk|85\/100|[from] Spikes\n|move|p1a: Tapu Koko|Reflect|p1a: Tapu Koko\n|-sidestart|p1: Pickedman|Reflect\n|\n|-heal|p2a: Great Tusk|91\/100|[from] item: Leftovers\n|upkeep\n|turn|8\n|\n|t:|1699917868\n|-terastallize|p2a: Great Tusk|Steel\n|move|p1a: Tapu Koko|U-turn|p2a: Great Tusk\n|-resisted|p2a: Great Tusk\n|-damage|p2a: Great Tusk|87\/100\n|\n|t:|1699917873\n|switch|p1a: Sneasler|Sneasler, F|100\/100|[from] U-turn\n|-enditem|p1a: Sneasler|Electric Seed\n|-boost|p1a: Sneasler|def|1|[from] item: Electric Seed\n|move|p2a: Great Tusk|Rapid Spin|p1a: Sneasler\n|-damage|p1a: Sneasler|92\/100\n|-boost|p2a: Great Tusk|spe|1\n|-sideend|p2: Sheilwood|Spikes|[from] move: Rapid Spin|[of] p2a: Great Tusk\n|-sideend|p2: Sheilwood|Stealth Rock|[from] move: Rapid Spin|[of] p2a: Great Tusk\n|\n|-heal|p2a: Great Tusk|93\/100|[from] item: Leftovers\n|upkeep\n|turn|9\n|\n|t:|1699917886\n|-end|p2a: Great Tusk|Protosynthesis|[silent]\n|switch|p2a: Gliscor|Gliscor, M|100\/100\n|-terastallize|p1a: Sneasler|Flying\n|move|p1a: Sneasler|Swords Dance|p1a: Sneasler\n|-boost|p1a: Sneasler|atk|2\n|\n|-fieldend|move: Electric Terrain\n|-status|p2a: Gliscor|tox|[from] item: Toxic Orb\n|upkeep\n|turn|10\n|\n|t:|1699917895\n|move|p1a: Sneasler|Acrobatics|p2a: Gliscor\n|-crit|p2a: Gliscor\n|-damage|p2a: Gliscor|0 fnt\n|faint|p2a: Gliscor\n|\n|upkeep\n|\n|t:|1699917899\n|switch|p2a: Dondozo|Dondozo, F|100\/100\n|turn|11\n|\n|t:|1699917905\n|move|p1a: Sneasler|Acrobatics|p2a: Dondozo\n|-damage|p2a: Dondozo|60\/100\n|move|p2a: Dondozo|Curse|p2a: Dondozo\n|-unboost|p2a: Dondozo|spe|1\n|-boost|p2a: Dondozo|atk|1\n|-boost|p2a: Dondozo|def|1\n|\n|-heal|p2a: Dondozo|67\/100|[from] item: Leftovers\n|upkeep\n|turn|12\n|\n|t:|1699917915\n|move|p2a: Dondozo|Protect|p2a: Dondozo\n|-singleturn|p2a: Dondozo|Protect\n|move|p1a: Sneasler|Dire Claw|p2a: Dondozo\n|-activate|p2a: Dondozo|move: Protect\n|\n|-heal|p2a: Dondozo|73\/100|[from] item: Leftovers\n|-sideend|p1: Pickedman|move: Light Screen\n|upkeep\n|turn|13\n|\n|t:|1699917922\n|move|p1a: Sneasler|Dire Claw|p2a: Dondozo\n|-damage|p2a: Dondozo|56\/100\n|-status|p2a: Dondozo|psn\n|move|p2a: Dondozo|Curse|p2a: Dondozo\n|-unboost|p2a: Dondozo|spe|1\n|-boost|p2a: Dondozo|atk|1\n|-boost|p2a: Dondozo|def|1\n|\n|-heal|p2a: Dondozo|62\/100 psn|[from] item: Leftovers\n|-damage|p2a: Dondozo|50\/100 psn|[from] psn\n|upkeep\n|turn|14\n|\n|t:|1699917934\n|move|p1a: Sneasler|Acrobatics|p2a: Dondozo\n|-damage|p2a: Dondozo|29\/100 psn\n|move|p2a: Dondozo|Liquidation|p1a: Sneasler\n|-damage|p1a: Sneasler|42\/100\n|-unboost|p1a: Sneasler|def|1\n|\n|-heal|p2a: Dondozo|35\/100 psn|[from] item: Leftovers\n|-damage|p2a: Dondozo|23\/100 psn|[from] psn\n|-sideend|p1: Pickedman|Reflect\n|upkeep\n|turn|15\n|\n|t:|1699917943\n|move|p1a: Sneasler|Acrobatics|p2a: Dondozo\n|-damage|p2a: Dondozo|4\/100 psn\n|move|p2a: Dondozo|Rest|p2a: Dondozo\n|-status|p2a: Dondozo|slp|[from] move: Rest\n|-heal|p2a: Dondozo|100\/100 slp|[silent]\n|\n|upkeep\n|turn|16\n|\n|t:|1699917955\n|move|p1a: Sneasler|Acrobatics|p2a: Dondozo\n|-crit|p2a: Dondozo\n|-damage|p2a: Dondozo|44\/100 slp\n|cant|p2a: Dondozo|slp\n|\n|-heal|p2a: Dondozo|51\/100 slp|[from] item: Leftovers\n|upkeep\n|turn|17\n|\n|t:|1699917961\n|cant|p2a: Dondozo|slp\n|move|p1a: Sneasler|Acrobatics|p2a: Dondozo\n|-damage|p2a: Dondozo|32\/100 slp\n|\n|-heal|p2a: Dondozo|38\/100 slp|[from] item: Leftovers\n|upkeep\n|turn|18\n|\n|t:|1699917970\n|-curestatus|p2a: Dondozo|slp|[msg]\n|move|p2a: Dondozo|Protect|p2a: Dondozo\n|-singleturn|p2a: Dondozo|Protect\n|move|p1a: Sneasler|Acrobatics|p2a: Dondozo\n|-activate|p2a: Dondozo|move: Protect\n|\n|-heal|p2a: Dondozo|44\/100|[from] item: Leftovers\n|upkeep\n|turn|19\n|\n|t:|1699917980\n|move|p1a: Sneasler|Acrobatics|p2a: Dondozo\n|-damage|p2a: Dondozo|26\/100\n|move|p2a: Dondozo|Liquidation|p1a: Sneasler\n|-damage|p1a: Sneasler|0 fnt\n|faint|p1a: Sneasler\n|\n|-heal|p2a: Dondozo|32\/100|[from] item: Leftovers\n|upkeep\n|\n|t:|1699917989\n|switch|p1a: Greninja|Greninja, M|100\/100\n|turn|20\n|\n|t:|1699917992\n|switch|p2a: Toxapex|Toxapex, F|73\/100\n|move|p1a: Greninja|Dark Pulse|p2a: Toxapex\n|-damage|p2a: Toxapex|46\/100\n|-damage|p1a: Greninja|91\/100|[from] item: Life Orb\n|\n|upkeep\n|turn|21\n|\n|t:|1699918000\n|switch|p2a: Scream Tail|Scream Tail|88\/100\n|move|p1a: Greninja|Dark Pulse|p2a: Scream Tail\n|-damage|p2a: Scream Tail|54\/100\n|-damage|p1a: Greninja|81\/100|[from] item: Life Orb\n|\n|-heal|p2a: Scream Tail|60\/100|[from] item: Leftovers\n|upkeep\n|turn|22\n|\n|t:|1699918006\n|move|p1a: Greninja|Surf|p2a: Scream Tail\n|-damage|p2a: Scream Tail|25\/100\n|-damage|p1a: Greninja|71\/100|[from] item: Life Orb\n|move|p2a: Scream Tail|Dazzling Gleam|p1a: Greninja\n|-supereffective|p1a: Greninja\n|-damage|p1a: Greninja|4\/100\n|\n|-heal|p2a: Scream Tail|31\/100|[from] item: Leftovers\n|upkeep\n|turn|23\n|\n|t:|1699918014\n|-end|p2a: Scream Tail|Protosynthesis|[silent]\n|switch|p2a: Toxapex|Toxapex, F|79\/100\n|move|p1a: Greninja|Surf|p2a: Toxapex\n|-resisted|p2a: Toxapex\n|-damage|p2a: Toxapex|63\/100\n|-damage|p1a: Greninja|0 fnt|[from] item: Life Orb\n|faint|p1a: Greninja\n|\n|upkeep\n|\n|t:|1699918023\n|switch|p1a: Tapu Koko|Tapu Koko|100\/100\n|-fieldstart|move: Electric Terrain|[from] ability: Electric Surge|[of] p1a: Tapu Koko\n|turn|24\n|\n|t:|1699918031\n|switch|p2a: Lopunny|Lopunny, F|100\/100\n|move|p1a: Tapu Koko|Light Screen|p1a: Tapu Koko\n|-sidestart|p1: Pickedman|move: Light Screen\n|\n|upkeep\n|turn|25\n|\n|t:|1699918039\n|detailschange|p2a: Lopunny|Lopunny-Mega, F\n|-mega|p2a: Lopunny|Lopunny|Lopunnite\n|move|p2a: Lopunny|Fake Out|p1a: Tapu Koko\n|-crit|p1a: Tapu Koko\n|-damage|p1a: Tapu Koko|66\/100\n|cant|p1a: Tapu Koko|flinch\n|\n|upkeep\n|turn|26\n|\n|t:|1699918062\n|switch|p2a: Dondozo|Dondozo, F|32\/100\n|move|p1a: Tapu Koko|Reflect|p1a: Tapu Koko\n|-sidestart|p1: Pickedman|Reflect\n|\n|-heal|p2a: Dondozo|38\/100|[from] item: Leftovers\n|upkeep\n|turn|27\n|\n|t:|1699918077\n|move|p2a: Dondozo|Protect|p2a: Dondozo\n|-singleturn|p2a: Dondozo|Protect\n|move|p1a: Tapu Koko|Taunt|p2a: Dondozo\n|-activate|p2a: Dondozo|move: Protect\n|\n|-heal|p2a: Dondozo|44\/100|[from] item: Leftovers\n|upkeep\n|turn|28\n|\n|t:|1699918085\n|switch|p2a: Toxapex|Toxapex, F|97\/100\n|move|p1a: Tapu Koko|Taunt|p2a: Toxapex\n|-start|p2a: Toxapex|move: Taunt\n|\n|-fieldend|move: Electric Terrain\n|upkeep\n|turn|29\n|\n|t:|1699918091\n|move|p1a: Tapu Koko|U-turn|p2a: Toxapex\n|-resisted|p2a: Toxapex\n|-damage|p2a: Toxapex|90\/100\n|\n|t:|1699918094\n|switch|p1a: Lopunny|Lopunny, F|100\/100|[from] U-turn\n|move|p2a: Toxapex|Scald|p1a: Lopunny\n|-damage|p1a: Lopunny|85\/100\n|\n|upkeep\n|turn|30\n|\n|t:|1699918097\n|detailschange|p1a: Lopunny|Lopunny-Mega, F\n|-mega|p1a: Lopunny|Lopunny|Lopunnite\n|move|p1a: Lopunny|Frustration|p2a: Toxapex\n|-damage|p2a: Toxapex|47\/100\n|move|p2a: Toxapex|Scald|p1a: Lopunny\n|-damage|p1a: Lopunny|70\/100\n|-status|p1a: Lopunny|brn\n|\n|-damage|p1a: Lopunny|64\/100 brn|[from] brn\n|-end|p2a: Toxapex|move: Taunt\n|upkeep\n|turn|31\n|-message|Pickedman forfeited.\n|\n|win|Sheilwood\n|l|\u2606Pickedman\n|c|\u2606Sheilwood|gg?\n","uploadtime":1699918115,"views":5,"p1id":"pickedman","p2id":"sheilwood","formatid":"gen9nationaldex","rating":0,"private":0,"password":""}