{"id":"gen9nationaldex-1997597702","p1":"321g","p2":"Yuanshen61\u6211\u8981\u73a9\u539f\u795e","format":"[Gen 9] National Dex","log":"|html|<div class=\"broadcast-blue\"><strong>[Gen 9] National Dex is currently suspecting Sneasler! For information on how to participate check out the <a href=\"https:\/\/www.smogon.com\/forums\/threads\/sv-national-dex-suspect-8-just-dance.3731534\/\">suspect thread<\/a>.<\/strong><\/div>\n|j|\u2606321g\n|j|\u2606Yuanshen61\u6211\u8981\u73a9\u539f\u795e\n|t:|1700830973\n|gametype|singles\n|player|p1|321g|266|1465\n|player|p2|Yuanshen61\u6211\u8981\u73a9\u539f\u795e|dawn-contest|1460\n|teamsize|p1|6\n|teamsize|p2|6\n|gen|9\n|tier|[Gen 9] National Dex\n|rated|\n|rule|HP Percentage Mod: HP is shown in percentages\n|rule|Endless Battle Clause: Forcing endless battles is banned\n|rule|OHKO Clause: OHKO moves are banned\n|rule|Evasion Clause: Evasion abilities, items, and moves are banned\n|rule|Evasion Abilities Clause: Evasion abilities are banned\n|rule|Evasion Items Clause: Evasion items are banned\n|rule|Evasion Moves Clause: Evasion moves are banned\n|rule|Species Clause: Limit one of each Pok\u00e9mon\n|rule|Sleep Clause Mod: Limit one foe put to sleep\n|clearpoke\n|poke|p1|Lanturn, M|\n|poke|p1|Kommo-o, M|\n|poke|p1|Buzzwole|\n|poke|p1|Glimmora, F|\n|poke|p1|Gengar, M|\n|poke|p1|Gyarados, F|\n|poke|p2|Ditto|\n|poke|p2|Alomomola, M|\n|poke|p2|Lopunny, M|\n|poke|p2|Xurkitree|\n|poke|p2|Corviknight, M|\n|poke|p2|Zoroark, M|\n|teampreview\n|inactive|Battle timer is ON: inactive players will automatically lose when time's up. (requested by Yuanshen61\u6211\u8981\u73a9\u539f\u795e)\n|\n|t:|1700830992\n|start\n|switch|p1a: Gyarados|Gyarados, F|100\/100\n|switch|p2a: Xurkitree|Xurkitree|100\/100\n|-ability|p1a: Gyarados|Intimidate|boost\n|-unboost|p2a: Xurkitree|atk|1\n|turn|1\n|\n|t:|1700830998\n|switch|p1a: Lanturn|Lanturn, M|100\/100\n|move|p2a: Xurkitree|Thunderbolt|p1a: Lanturn\n|-immune|p1a: Lanturn|[from] ability: Volt Absorb\n|\n|upkeep\n|turn|2\n|\n|t:|1700831013\n|switch|p1a: Gyarados|Gyarados, F|100\/100\n|-ability|p1a: Gyarados|Intimidate|boost\n|-unboost|p2a: Xurkitree|atk|1\n|-zpower|p2a: Xurkitree\n|move|p2a: Xurkitree|Z-Hypnosis|p1a: Gyarados|[anim]Hypnosis\n|-boost|p2a: Xurkitree|spe|1|[zeffect]\n|-status|p1a: Gyarados|slp|[from] move: Hypnosis\n|\n|upkeep\n|turn|3\n|\n|t:|1700831023\n|switch|p1a: Lanturn|Lanturn, M|100\/100\n|move|p2a: Xurkitree|Tail Glow|p2a: Xurkitree\n|-boost|p2a: Xurkitree|spa|3\n|\n|upkeep\n|turn|4\n|\n|t:|1700831030\n|move|p2a: Xurkitree|Energy Ball|p1a: Lanturn\n|-supereffective|p1a: Lanturn\n|-damage|p1a: Lanturn|0 fnt\n|faint|p1a: Lanturn\n|-ability|p2a: Xurkitree|Beast Boost|boost\n|-boost|p2a: Xurkitree|spa|1\n|\n|upkeep\n|\n|t:|1700831040\n|switch|p1a: Kommo-o|Kommo-o, M|100\/100\n|turn|5\n|\n|t:|1700831048\n|move|p2a: Xurkitree|Thunderbolt|p1a: Kommo-o\n|-resisted|p1a: Kommo-o\n|-damage|p1a: Kommo-o|40\/100\n|move|p1a: Kommo-o|Body Press|p2a: Xurkitree\n|-damage|p2a: Xurkitree|47\/100\n|\n|-heal|p1a: Kommo-o|46\/100|[from] item: Leftovers\n|upkeep\n|turn|6\n|\n|t:|1700831059\n|move|p1a: Kommo-o|Protect|p1a: Kommo-o\n|-singleturn|p1a: Kommo-o|Protect\n|move|p2a: Xurkitree|Thunderbolt|p1a: Kommo-o\n|-activate|p1a: Kommo-o|move: Protect\n|\n|-heal|p1a: Kommo-o|52\/100|[from] item: Leftovers\n|upkeep\n|turn|7\n|\n|t:|1700831065\n|move|p2a: Xurkitree|Thunderbolt|p1a: Kommo-o\n|-resisted|p1a: Kommo-o\n|-damage|p1a: Kommo-o|0 fnt\n|faint|p1a: Kommo-o\n|-ability|p2a: Xurkitree|Beast Boost|boost\n|-boost|p2a: Xurkitree|spa|1\n|\n|upkeep\n|\n|t:|1700831074\n|switch|p1a: Glimmora|Glimmora, F|100\/100\n|turn|8\n|\n|t:|1700831077\n|move|p2a: Xurkitree|Thunderbolt|p1a: Glimmora\n|-enditem|p1a: Glimmora|Focus Sash\n|-damage|p1a: Glimmora|1\/100\n|move|p1a: Glimmora|Earth Power|p2a: Xurkitree\n|-supereffective|p2a: Xurkitree\n|-damage|p2a: Xurkitree|0 fnt\n|faint|p2a: Xurkitree\n|\n|upkeep\n|\n|t:|1700831081\n|switch|p2a: Corviknight|Corviknight, M|100\/100\n|turn|9\n|\n|t:|1700831086\n|move|p2a: Corviknight|Dark Pulse|p1a: Glimmora\n|-damage|p1a: Glimmora|0 fnt\n|faint|p1a: Glimmora\n|\n|upkeep\n|\n|t:|1700831095\n|switch|p1a: Buzzwole|Buzzwole|100\/100\n|turn|10\n|\n|t:|1700831100\n|move|p1a: Buzzwole|Bulk Up|p1a: Buzzwole\n|-boost|p1a: Buzzwole|atk|1\n|-boost|p1a: Buzzwole|def|1\n|move|p2a: Corviknight|Counter||[still]\n|-fail|p2a: Corviknight\n|\n|upkeep\n|turn|11\n|\n|t:|1700831114\n|move|p2a: Corviknight|Flamethrower|p1a: Buzzwole\n|-supereffective|p1a: Buzzwole\n|-damage|p1a: Buzzwole|16\/100\n|move|p1a: Buzzwole|Ice Punch|p2a: Corviknight\n|-damage|p2a: Corviknight|38\/100\n|replace|p2a: Zoroark|Zoroark, M\n|-end|p2a: Zoroark|Illusion\n|\n|upkeep\n|turn|12\n|-message|321g forfeited.\n|\n|win|Yuanshen61\u6211\u8981\u73a9\u539f\u795e\n|raw|321g's rating: 1465 &rarr; <strong>1445<\/strong><br \/>(-20 for losing)\n|raw|Yuanshen61\u6211\u8981\u73a9\u539f\u795e's rating: 1460 &rarr; <strong>1480<\/strong><br \/>(+20 for winning)\n|l|\u2606321g\n","uploadtime":1700831131,"views":4,"p1id":"321g","p2id":"yuanshen61","formatid":"gen9nationaldex","rating":1445,"private":0,"password":""}