{"id":"gen9nationaldex-1990583760","p1":"Hysuto","p2":"Shay ObsidianEW","format":"[Gen 9] National Dex","log":"|j|\u2606Hysuto\n|j|\u2606Shay ObsidianEW\n|t:|1699983383\n|gametype|singles\n|player|p1|Hysuto|burglar|1600\n|player|p2|Shay ObsidianEW|n|1702\n|teamsize|p1|6\n|teamsize|p2|6\n|gen|9\n|tier|[Gen 9] National Dex\n|rated|\n|rule|HP Percentage Mod: HP is shown in percentages\n|rule|Endless Battle Clause: Forcing endless battles is banned\n|rule|OHKO Clause: OHKO moves are banned\n|rule|Evasion Clause: Evasion abilities, items, and moves are banned\n|rule|Evasion Abilities Clause: Evasion abilities are banned\n|rule|Evasion Items Clause: Evasion items are banned\n|rule|Evasion Moves Clause: Evasion moves are banned\n|rule|Species Clause: Limit one of each Pok\u00e9mon\n|rule|Sleep Clause Mod: Limit one foe put to sleep\n|clearpoke\n|poke|p1|Alomomola, F|\n|poke|p1|Aggron, M|\n|poke|p1|Heatran, M|\n|poke|p1|Rillaboom, F|\n|poke|p1|Sneasler, M|\n|poke|p1|Moltres|\n|poke|p2|Landorus-Therian, M|\n|poke|p2|Rillaboom, F|\n|poke|p2|Charizard, F|\n|poke|p2|Corviknight, F|\n|poke|p2|Tapu Lele|\n|poke|p2|Sneasler, F|\n|teampreview\n|inactive|Battle timer is ON: inactive players will automatically lose when time's up. (requested by Hysuto)\n|c|\u2606Hysuto|Glhf\n|\n|t:|1699983397\n|start\n|switch|p1a: Rillaboom|Rillaboom, F|100\/100\n|switch|p2a: Charizard|Charizard, F|100\/100\n|-fieldstart|move: Grassy Terrain|[from] ability: Grassy Surge|[of] p1a: Rillaboom\n|turn|1\n|\n|t:|1699983411\n|switch|p1a: Heatran|Heatran, M|100\/100\n|detailschange|p2a: Charizard|Charizard-Mega-Y, F\n|-mega|p2a: Charizard|Charizard|Charizardite Y\n|-weather|SunnyDay|[from] ability: Drought|[of] p2a: Charizard\n|move|p2a: Charizard|Air Slash|p1a: Heatran\n|-resisted|p1a: Heatran\n|-damage|p1a: Heatran|91\/100\n|\n|-weather|SunnyDay|[upkeep]\n|-heal|p1a: Heatran|97\/100|[from] Grassy Terrain\n|upkeep\n|turn|2\n|\n|t:|1699983416\n|move|p2a: Charizard|Scorching Sands|p1a: Heatran\n|-supereffective|p1a: Heatran\n|-damage|p1a: Heatran|47\/100\n|move|p1a: Heatran|Power Gem|p2a: Charizard\n|-supereffective|p2a: Charizard\n|-damage|p2a: Charizard|4\/100\n|\n|-weather|SunnyDay|[upkeep]\n|-heal|p1a: Heatran|53\/100|[from] Grassy Terrain\n|upkeep\n|turn|3\n|\n|t:|1699983423\n|switch|p1a: Moltres|Moltres|100\/100\n|move|p2a: Charizard|Scorching Sands|p1a: Moltres\n|-immune|p1a: Moltres\n|\n|-weather|SunnyDay|[upkeep]\n|upkeep\n|turn|4\n|\n|t:|1699983430\n|switch|p2a: Landorus|Landorus-Therian, M|100\/100\n|-ability|p2a: Landorus|Intimidate|boost\n|-unboost|p1a: Moltres|atk|1\n|move|p1a: Moltres|U-turn|p2a: Landorus\n|-resisted|p2a: Landorus\n|-damage|p2a: Landorus|96\/100\n|\n|t:|1699983438\n|switch|p1a: Sneasler|Sneasler, M, shiny|100\/100|[from] U-turn\n|-enditem|p1a: Sneasler|Grassy Seed\n|-boost|p1a: Sneasler|def|1|[from] item: Grassy Seed\n|\n|-weather|SunnyDay|[upkeep]\n|upkeep\n|turn|5\n|\n|t:|1699983453\n|-terastallize|p1a: Sneasler|Flying\n|move|p1a: Sneasler|Substitute|p1a: Sneasler\n|-start|p1a: Sneasler|Substitute\n|-damage|p1a: Sneasler|76\/100\n|move|p2a: Landorus|U-turn|p1a: Sneasler\n|-resisted|p1a: Sneasler\n|-activate|p1a: Sneasler|move: Substitute|[damage]\n|\n|t:|1699983466\n|switch|p2a: Corviknight|Corviknight, F|100\/100|[from] U-turn\n|-ability|p2a: Corviknight|Pressure\n|\n|-weather|none\n|-fieldend|move: Grassy Terrain\n|upkeep\n|turn|6\n|\n|t:|1699983469\n|move|p1a: Sneasler|Swords Dance|p1a: Sneasler\n|-boost|p1a: Sneasler|atk|2\n|move|p2a: Corviknight|Brave Bird|p1a: Sneasler\n|-end|p1a: Sneasler|Substitute\n|-damage|p2a: Corviknight|98\/100|[from] Recoil|[of] p1a: Sneasler\n|\n|upkeep\n|turn|7\n|\n|t:|1699983474\n|move|p1a: Sneasler|Close Combat|p2a: Corviknight\n|-damage|p2a: Corviknight|14\/100\n|-unboost|p1a: Sneasler|def|1\n|-unboost|p1a: Sneasler|spd|1\n|-damage|p1a: Sneasler|59\/100|[from] item: Rocky Helmet|[of] p2a: Corviknight\n|move|p2a: Corviknight|Brave Bird|p1a: Sneasler\n|-damage|p1a: Sneasler|0 fnt\n|faint|p1a: Sneasler\n|-damage|p2a: Corviknight|0 fnt|[from] Recoil\n|faint|p2a: Corviknight\n|\n|upkeep\n|\n|t:|1699983481\n|switch|p1a: Rillaboom|Rillaboom, F|100\/100\n|switch|p2a: Charizard|Charizard-Mega-Y, F|4\/100\n|-weather|SunnyDay|[from] ability: Drought|[of] p2a: Charizard\n|-fieldstart|move: Grassy Terrain|[from] ability: Grassy Surge|[of] p1a: Rillaboom\n|turn|8\n|\n|t:|1699983491\n|switch|p2a: Sneasler|Sneasler, F|100\/100\n|move|p1a: Rillaboom|Grassy Glide|p2a: Sneasler\n|-resisted|p2a: Sneasler\n|-damage|p2a: Sneasler|52\/100\n|\n|-weather|SunnyDay|[upkeep]\n|-heal|p2a: Sneasler|58\/100|[from] Grassy Terrain\n|upkeep\n|turn|9\n|\n|t:|1699983499\n|switch|p1a: Aggron|Aggron, M|100\/100\n|move|p2a: Sneasler|Swords Dance|p2a: Sneasler\n|-boost|p2a: Sneasler|atk|2\n|\n|-weather|SunnyDay|[upkeep]\n|-heal|p2a: Sneasler|64\/100|[from] Grassy Terrain\n|upkeep\n|turn|10\n|\n|t:|1699983504\n|detailschange|p1a: Aggron|Aggron-Mega, M\n|-mega|p1a: Aggron|Aggron|Aggronite\n|move|p2a: Sneasler|Close Combat|p1a: Aggron\n|-supereffective|p1a: Aggron\n|-damage|p1a: Aggron|17\/100\n|-unboost|p2a: Sneasler|def|1\n|-unboost|p2a: Sneasler|spd|1\n|move|p1a: Aggron|Body Press|p2a: Sneasler\n|-resisted|p2a: Sneasler\n|-damage|p2a: Sneasler|2\/100\n|\n|-weather|SunnyDay|[upkeep]\n|-heal|p2a: Sneasler|8\/100|[from] Grassy Terrain\n|-heal|p1a: Aggron|23\/100|[from] Grassy Terrain\n|upkeep\n|turn|11\n|\n|t:|1699983520\n|switch|p1a: Moltres|Moltres|100\/100\n|move|p2a: Sneasler|Close Combat|p1a: Moltres\n|-resisted|p1a: Moltres\n|-damage|p1a: Moltres|46\/100\n|-unboost|p2a: Sneasler|def|1\n|-unboost|p2a: Sneasler|spd|1\n|-status|p2a: Sneasler|brn|[from] ability: Flame Body|[of] p1a: Moltres\n|\n|-weather|SunnyDay|[upkeep]\n|-heal|p2a: Sneasler|14\/100 brn|[from] Grassy Terrain\n|-damage|p2a: Sneasler|8\/100 brn|[from] brn\n|upkeep\n|turn|12\n|\n|t:|1699983525\n|move|p2a: Sneasler|Dire Claw|p1a: Moltres\n|-damage|p1a: Moltres|5\/100\n|-status|p1a: Moltres|par\n|move|p1a: Moltres|Roost|p1a: Moltres\n|-heal|p1a: Moltres|55\/100 par\n|-singleturn|p1a: Moltres|move: Roost\n|\n|-weather|none\n|-heal|p2a: Sneasler|14\/100 brn|[from] Grassy Terrain\n|-heal|p1a: Moltres|61\/100 par|[from] Grassy Terrain\n|-damage|p2a: Sneasler|8\/100 brn|[from] brn\n|-fieldend|move: Grassy Terrain\n|upkeep\n|turn|13\n|\n|t:|1699983532\n|move|p2a: Sneasler|Swords Dance|p2a: Sneasler\n|-boost|p2a: Sneasler|atk|2\n|cant|p1a: Moltres|par\n|\n|-damage|p2a: Sneasler|2\/100 brn|[from] brn\n|upkeep\n|turn|14\n|\n|t:|1699983540\n|switch|p1a: Aggron|Aggron-Mega, M|23\/100\n|move|p2a: Sneasler|Dire Claw|p1a: Aggron\n|-immune|p1a: Aggron\n|\n|-damage|p2a: Sneasler|0 fnt|[from] brn\n|faint|p2a: Sneasler\n|upkeep\n|\n|t:|1699983543\n|switch|p2a: Charizard|Charizard-Mega-Y, F|4\/100\n|-weather|SunnyDay|[from] ability: Drought|[of] p2a: Charizard\n|turn|15\n|\n|t:|1699983547\n|switch|p1a: Moltres|Moltres|61\/100 par\n|move|p2a: Charizard|Scorching Sands|p1a: Moltres\n|-immune|p1a: Moltres\n|\n|-weather|SunnyDay|[upkeep]\n|upkeep\n|turn|16\n|\n|t:|1699983554\n|switch|p1a: Heatran|Heatran, M|53\/100\n|move|p2a: Charizard|Air Slash|p1a: Heatran\n|-resisted|p1a: Heatran\n|-damage|p1a: Heatran|44\/100\n|\n|-weather|SunnyDay|[upkeep]\n|upkeep\n|turn|17\n|\n|t:|1699983560\n|switch|p1a: Alomomola|Alomomola, F|100\/100\n|move|p2a: Charizard|Scorching Sands|p1a: Alomomola\n|-damage|p1a: Alomomola|81\/100\n|\n|-weather|SunnyDay|[upkeep]\n|upkeep\n|turn|18\n|\n|t:|1699983562\n|move|p2a: Charizard|Solar Beam||[still]\n|-prepare|p2a: Charizard|Solar Beam\n|-anim|p2a: Charizard|Solar Beam|p1a: Alomomola\n|-supereffective|p1a: Alomomola\n|-damage|p1a: Alomomola|15\/100\n|move|p1a: Alomomola|Wish|p1a: Alomomola\n|\n|-weather|SunnyDay|[upkeep]\n|upkeep\n|turn|19\n|\n|t:|1699983572\n|switch|p1a: Heatran|Heatran, M|44\/100\n|move|p2a: Charizard|Solar Beam||[still]\n|-prepare|p2a: Charizard|Solar Beam\n|-anim|p2a: Charizard|Solar Beam|p1a: Heatran\n|-resisted|p1a: Heatran\n|-damage|p1a: Heatran|38\/100\n|\n|-weather|none\n|-heal|p1a: Heatran|100\/100|[from] move: Wish|[wisher] Alomomola\n|upkeep\n|turn|20\n|\n|t:|1699983581\n|switch|p2a: Landorus|Landorus-Therian, M|96\/100\n|-ability|p2a: Landorus|Intimidate|boost\n|-unboost|p1a: Heatran|atk|1\n|switch|p1a: Moltres|Moltres|61\/100 par\n|\n|upkeep\n|turn|21\n|\n|t:|1699983585\n|move|p2a: Landorus|Smack Down|p1a: Moltres\n|-supereffective|p1a: Moltres\n|-damage|p1a: Moltres|0 fnt\n|faint|p1a: Moltres\n|\n|upkeep\n|\n|t:|1699983590\n|switch|p1a: Alomomola|Alomomola, F|49\/100\n|turn|22\n|\n|t:|1699983594\n|move|p2a: Landorus|U-turn|p1a: Alomomola\n|-crit|p1a: Alomomola\n|-damage|p1a: Alomomola|18\/100\n|\n|t:|1699983597\n|switch|p2a: Charizard|Charizard-Mega-Y, F|4\/100|[from] U-turn\n|-weather|SunnyDay|[from] ability: Drought|[of] p2a: Charizard\n|move|p1a: Alomomola|Wish|p1a: Alomomola\n|\n|-weather|SunnyDay|[upkeep]\n|upkeep\n|turn|23\n|\n|t:|1699983604\n|move|p1a: Alomomola|Protect|p1a: Alomomola\n|-singleturn|p1a: Alomomola|Protect\n|move|p2a: Charizard|Scorching Sands|p1a: Alomomola\n|-activate|p1a: Alomomola|move: Protect\n|\n|-weather|SunnyDay|[upkeep]\n|-heal|p1a: Alomomola|68\/100|[from] move: Wish|[wisher] Alomomola\n|upkeep\n|turn|24\n|\n|t:|1699983610\n|move|p2a: Charizard|Solar Beam||[still]\n|-prepare|p2a: Charizard|Solar Beam\n|-anim|p2a: Charizard|Solar Beam|p1a: Alomomola\n|-supereffective|p1a: Alomomola\n|-damage|p1a: Alomomola|3\/100\n|move|p1a: Alomomola|Flip Turn|p2a: Charizard\n|-supereffective|p2a: Charizard\n|-damage|p2a: Charizard|0 fnt\n|faint|p2a: Charizard\n|\n|t:|1699983617\n|switch|p1a: Rillaboom|Rillaboom, F|100\/100|[from] Flip Turn\n|-fieldstart|move: Grassy Terrain|[from] ability: Grassy Surge|[of] p1a: Rillaboom\n|\n|-weather|SunnyDay|[upkeep]\n|upkeep\n|\n|t:|1699983630\n|switch|p2a: Rillaboom|Rillaboom, F|100\/100\n|turn|25\n|c|\u2606Hysuto|This is kinda rough\n|\n|t:|1699983641\n|move|p1a: Rillaboom|U-turn|p2a: Rillaboom\n|-supereffective|p2a: Rillaboom\n|-damage|p2a: Rillaboom|25\/100\n|\n|t:|1699983645\n|switch|p1a: Heatran|Heatran, M|100\/100|[from] U-turn\n|move|p2a: Rillaboom|U-turn|p1a: Heatran\n|-resisted|p1a: Heatran\n|-damage|p1a: Heatran|92\/100\n|\n|t:|1699983649\n|switch|p2a: Landorus|Landorus-Therian, M|96\/100|[from] U-turn\n|-ability|p2a: Landorus|Intimidate|boost\n|-unboost|p1a: Heatran|atk|1\n|\n|-weather|SunnyDay|[upkeep]\n|-heal|p1a: Heatran|98\/100|[from] Grassy Terrain\n|upkeep\n|turn|26\n|\n|t:|1699983656\n|switch|p1a: Alomomola|Alomomola, F|36\/100\n|move|p2a: Landorus|U-turn|p1a: Alomomola\n|-damage|p1a: Alomomola|16\/100\n|\n|t:|1699983659\n|switch|p2a: Tapu Lele|Tapu Lele, shiny|100\/100|[from] U-turn\n|-fieldstart|move: Psychic Terrain|[from] ability: Psychic Surge|[of] p2a: Tapu Lele\n|\n|-weather|none\n|upkeep\n|turn|27\n|\n|t:|1699983665\n|switch|p1a: Heatran|Heatran, M|98\/100\n|move|p2a: Tapu Lele|Focus Blast|p1a: Heatran\n|-supereffective|p1a: Heatran\n|-damage|p1a: Heatran|61\/100\n|-unboost|p1a: Heatran|spd|1\n|\n|upkeep\n|turn|28\n|\n|t:|1699983672\n|switch|p1a: Rillaboom|Rillaboom, F|100\/100\n|-fieldstart|move: Grassy Terrain|[from] ability: Grassy Surge|[of] p1a: Rillaboom\n|move|p2a: Tapu Lele|Focus Blast|p1a: Rillaboom\n|-crit|p1a: Rillaboom\n|-damage|p1a: Rillaboom|24\/100\n|\n|-heal|p1a: Rillaboom|30\/100|[from] Grassy Terrain\n|upkeep\n|turn|29\n|\n|t:|1699983681\n|move|p1a: Rillaboom|Grassy Glide|p2a: Tapu Lele\n|-damage|p2a: Tapu Lele|14\/100\n|move|p2a: Tapu Lele|Focus Blast|p1a: Rillaboom\n|-damage|p1a: Rillaboom|0 fnt\n|faint|p1a: Rillaboom\n|\n|-heal|p2a: Tapu Lele|20\/100|[from] Grassy Terrain\n|upkeep\n|\n|t:|1699983685\n|switch|p1a: Alomomola|Alomomola, F|50\/100\n|turn|30\n|\n|t:|1699983693\n|switch|p2a: Rillaboom|Rillaboom, F|25\/100\n|move|p1a: Alomomola|Wish|p1a: Alomomola\n|\n|-heal|p2a: Rillaboom|31\/100|[from] Grassy Terrain\n|-heal|p1a: Alomomola|56\/100|[from] Grassy Terrain\n|upkeep\n|turn|31\n|\n|t:|1699983704\n|switch|p1a: Aggron|Aggron-Mega, M|23\/100\n|move|p2a: Rillaboom|Knock Off|p1a: Aggron\n|-damage|p1a: Aggron|8\/100\n|\n|-heal|p1a: Aggron|85\/100|[from] move: Wish|[wisher] Alomomola\n|-heal|p2a: Rillaboom|37\/100|[from] Grassy Terrain\n|-heal|p1a: Aggron|91\/100|[from] Grassy Terrain\n|upkeep\n|turn|32\n|\n|t:|1699983713\n|switch|p2a: Landorus|Landorus-Therian, M|96\/100\n|-ability|p2a: Landorus|Intimidate|boost\n|-unboost|p1a: Aggron|atk|1\n|move|p1a: Aggron|Iron Defense|p1a: Aggron\n|-boost|p1a: Aggron|def|2\n|\n|-heal|p1a: Aggron|98\/100|[from] Grassy Terrain\n|-fieldend|move: Grassy Terrain\n|upkeep\n|turn|33\n|\n|t:|1699983720\n|move|p2a: Landorus|U-turn|p1a: Aggron\n|-resisted|p1a: Aggron\n|-damage|p1a: Aggron|95\/100\n|\n|t:|1699983722\n|switch|p2a: Tapu Lele|Tapu Lele, shiny|20\/100|[from] U-turn\n|-fieldstart|move: Psychic Terrain|[from] ability: Psychic Surge|[of] p2a: Tapu Lele\n|move|p1a: Aggron|Body Press|p2a: Tapu Lele\n|-resisted|p2a: Tapu Lele\n|-damage|p2a: Tapu Lele|0 fnt\n|faint|p2a: Tapu Lele\n|\n|upkeep\n|-message|Shay ObsidianEW forfeited.\n|\n|win|Hysuto\n|raw|Hysuto's rating: 1600 &rarr; <strong>1626<\/strong><br \/>(+26 for winning)\n|raw|Shay ObsidianEW's rating: 1702 &rarr; <strong>1676<\/strong><br \/>(-26 for losing)\n|l|\u2606Shay ObsidianEW\n","uploadtime":1699983733,"views":10,"p1id":"hysuto","p2id":"shayobsidianew","formatid":"gen9nationaldex","rating":1626,"private":0,"password":""}