{"id":"gen9nationaldex-1997659360","p1":"shfeha","p2":"N\u00b090125","format":"[Gen 9] National Dex","log":"|html|<div class=\"broadcast-blue\"><strong>[Gen 9] National Dex is currently suspecting Sneasler! For information on how to participate check out the <a href=\"https:\/\/www.smogon.com\/forums\/threads\/sv-national-dex-suspect-8-just-dance.3731534\/\">suspect thread<\/a>.<\/strong><\/div>\n|j|\u2606shfeha\n|j|\u2606N\u00b090125\n|t:|1700838648\n|gametype|singles\n|player|p1|shfeha|li|1221\n|player|p2|N\u00b090125|ingo|1219\n|teamsize|p1|6\n|teamsize|p2|6\n|gen|9\n|tier|[Gen 9] National Dex\n|rated|\n|rule|HP Percentage Mod: HP is shown in percentages\n|rule|Endless Battle Clause: Forcing endless battles is banned\n|rule|OHKO Clause: OHKO moves are banned\n|rule|Evasion Clause: Evasion abilities, items, and moves are banned\n|rule|Evasion Abilities Clause: Evasion abilities are banned\n|rule|Evasion Items Clause: Evasion items are banned\n|rule|Evasion Moves Clause: Evasion moves are banned\n|rule|Species Clause: Limit one of each Pok\u00e9mon\n|rule|Sleep Clause Mod: Limit one foe put to sleep\n|clearpoke\n|poke|p1|Durant, M|\n|poke|p1|Absol, M|\n|poke|p1|Tapu Koko|\n|poke|p1|Hydreigon, F|\n|poke|p1|Relicanth, M|\n|poke|p1|Victini|\n|poke|p2|Xurkitree|\n|poke|p2|Glimmora, M|\n|poke|p2|Tyranitar, F|\n|poke|p2|Ogerpon-Wellspring, F|\n|poke|p2|Beedrill, M|\n|poke|p2|Dragonite, F|\n|teampreview\n|inactive|Battle timer is ON: inactive players will automatically lose when time's up. (requested by shfeha)\n|\n|t:|1700838654\n|start\n|switch|p1a: Tapu Koko|Tapu Koko, shiny|100\/100\n|switch|p2a: Glimmora|Glimmora, M|100\/100\n|-fieldstart|move: Electric Terrain|[from] ability: Electric Surge|[of] p1a: Tapu Koko\n|turn|1\n|\n|t:|1700838663\n|move|p1a: Tapu Koko|Thunderbolt|p2a: Glimmora\n|-damage|p2a: Glimmora|37\/100\n|move|p2a: Glimmora|Earth Power|p1a: Tapu Koko\n|-supereffective|p1a: Tapu Koko\n|-damage|p1a: Tapu Koko|12\/100\n|\n|upkeep\n|turn|2\n|\n|t:|1700838675\n|move|p1a: Tapu Koko|Thunderbolt|p2a: Glimmora\n|-damage|p2a: Glimmora|0 fnt\n|faint|p2a: Glimmora\n|\n|upkeep\n|\n|t:|1700838691\n|switch|p2a: Xurkitree|Xurkitree|100\/100\n|turn|3\n|\n|t:|1700838695\n|move|p2a: Xurkitree|Volt Switch|p1a: Tapu Koko\n|-resisted|p1a: Tapu Koko\n|-damage|p1a: Tapu Koko|0 fnt\n|faint|p1a: Tapu Koko\n|-ability|p2a: Xurkitree|Beast Boost|boost\n|-boost|p2a: Xurkitree|spa|1\n|\n|t:|1700838716\n|switch|p2a: Tyranitar|Tyranitar, F|100\/100|[from] Volt Switch\n|-weather|Sandstorm|[from] ability: Sand Stream|[of] p2a: Tyranitar\n|\n|-weather|Sandstorm|[upkeep]\n|upkeep\n|\n|t:|1700838721\n|switch|p1a: Durant|Durant, M, shiny|100\/100\n|turn|4\n|l|\u2606shfeha\n|inactive|shfeha disconnected and has a minute to reconnect!\n|player|p1|\n|inactive|N\u00b090125 has 120 seconds left.\n|\n|t:|1700838753\n|switch|p2a: Dragonite|Dragonite, F|100\/100\n|move|p1a: Durant|First Impression|p2a: Dragonite\n|-resisted|p2a: Dragonite\n|-damage|p2a: Dragonite|77\/100\n|-damage|p1a: Durant|91\/100|[from] item: Life Orb\n|\n|-weather|Sandstorm|[upkeep]\n|-damage|p2a: Dragonite|71\/100|[from] Sandstorm\n|upkeep\n|turn|5\n|j|\u2606shfeha\n|inactive|shfeha reconnected and has 140 seconds left.\n|player|p1|shfeha|li\n|\n|t:|1700838768\n|move|p1a: Durant|Stone Edge|p2a: Dragonite|[miss]\n|-miss|p1a: Durant|p2a: Dragonite\n|move|p2a: Dragonite|Fire Punch|p1a: Durant\n|-supereffective|p1a: Durant\n|-damage|p1a: Durant|0 fnt\n|faint|p1a: Durant\n|\n|-weather|Sandstorm|[upkeep]\n|-damage|p2a: Dragonite|65\/100|[from] Sandstorm\n|-fieldend|move: Electric Terrain\n|upkeep\n|\n|t:|1700838776\n|switch|p1a: Relicanth|Relicanth, M, shiny|100\/100\n|turn|6\n|\n|t:|1700838782\n|move|p2a: Dragonite|Earthquake|p1a: Relicanth\n|-supereffective|p1a: Relicanth\n|-damage|p1a: Relicanth|45\/100\n|move|p1a: Relicanth|Stealth Rock|p2a: Dragonite\n|-sidestart|p2: N\u00b090125|move: Stealth Rock\n|\n|-weather|Sandstorm|[upkeep]\n|-damage|p2a: Dragonite|59\/100|[from] Sandstorm\n|upkeep\n|turn|7\n|\n|t:|1700838790\n|switch|p1a: Hydreigon|Hydreigon, F, shiny|100\/100\n|move|p2a: Dragonite|Earthquake|p1a: Hydreigon\n|-immune|p1a: Hydreigon|[from] ability: Levitate\n|\n|-weather|none\n|upkeep\n|turn|8\n|\n|t:|1700838800\n|move|p2a: Dragonite|Extreme Speed|p1a: Hydreigon\n|-damage|p1a: Hydreigon|67\/100\n|move|p1a: Hydreigon|Draco Meteor|p2a: Dragonite\n|-supereffective|p2a: Dragonite\n|-damage|p2a: Dragonite|0 fnt\n|-unboost|p1a: Hydreigon|spa|2\n|faint|p2a: Dragonite\n|\n|upkeep\n|inactive|N\u00b090125 has 120 seconds left.\n|\n|t:|1700838830\n|switch|p2a: Ogerpon|Ogerpon-Wellspring, F|100\/100\n|-damage|p2a: Ogerpon|88\/100|[from] Stealth Rock\n|turn|9\n|inactive|N\u00b090125 has 120 seconds left.\n|\n|t:|1700838844\n|move|p1a: Hydreigon|Draco Meteor|p2a: Ogerpon\n|-damage|p2a: Ogerpon|47\/100\n|-unboost|p1a: Hydreigon|spa|2\n|move|p2a: Ogerpon|Swords Dance|p2a: Ogerpon\n|-boost|p2a: Ogerpon|atk|2\n|\n|upkeep\n|turn|10\n|\n|t:|1700838854\n|switch|p1a: Relicanth|Relicanth, M, shiny|45\/100\n|move|p2a: Ogerpon|Play Rough|p1a: Relicanth\n|-damage|p1a: Relicanth|0 fnt\n|faint|p1a: Relicanth\n|\n|upkeep\n|\n|t:|1700838861\n|switch|p1a: Absol|Absol, M|100\/100\n|turn|11\n|\n|t:|1700838869\n|detailschange|p1a: Absol|Absol-Mega, M\n|-mega|p1a: Absol|Absol|Absolite\n|move|p1a: Absol|Pursuit|p2a: Ogerpon\n|-damage|p2a: Ogerpon|17\/100\n|move|p2a: Ogerpon|Ivy Cudgel|p1a: Absol|[anim] Ivy Cudgel Water\n|-damage|p1a: Absol|0 fnt\n|faint|p1a: Absol\n|\n|upkeep\n|\n|t:|1700838875\n|switch|p1a: Hydreigon|Hydreigon, F, shiny|67\/100\n|turn|12\n|\n|t:|1700838881\n|move|p1a: Hydreigon|Dark Pulse|p2a: Ogerpon\n|-damage|p2a: Ogerpon|0 fnt\n|faint|p2a: Ogerpon\n|\n|upkeep\n|\n|t:|1700838887\n|switch|p2a: Tyranitar|Tyranitar, F|100\/100\n|-damage|p2a: Tyranitar|88\/100|[from] Stealth Rock\n|-weather|Sandstorm|[from] ability: Sand Stream|[of] p2a: Tyranitar\n|turn|13\n|\n|t:|1700838892\n|-terastallize|p1a: Hydreigon|Dark\n|move|p1a: Hydreigon|Dark Pulse|p2a: Tyranitar\n|-resisted|p2a: Tyranitar\n|-damage|p2a: Tyranitar|77\/100\n|move|p2a: Tyranitar|Stone Edge|p1a: Hydreigon|[miss]\n|-miss|p2a: Tyranitar|p1a: Hydreigon\n|\n|-weather|Sandstorm|[upkeep]\n|-damage|p1a: Hydreigon|60\/100|[from] Sandstorm\n|upkeep\n|turn|14\n|\n|t:|1700838900\n|move|p1a: Hydreigon|Dark Pulse|p2a: Tyranitar\n|-resisted|p2a: Tyranitar\n|-damage|p2a: Tyranitar|67\/100\n|move|p2a: Tyranitar|Stone Edge|p1a: Hydreigon\n|-damage|p1a: Hydreigon|0 fnt\n|faint|p1a: Hydreigon\n|\n|-weather|Sandstorm|[upkeep]\n|upkeep\n|\n|t:|1700838903\n|switch|p1a: Victini|Victini|100\/100\n|turn|15\n|\n|t:|1700838911\n|-zpower|p1a: Victini\n|move|p1a: Victini|Z-Celebrate|p1a: Victini|[anim]Celebrate\n|-boost|p1a: Victini|atk|1|[zeffect]\n|-boost|p1a: Victini|def|1|[zeffect]\n|-boost|p1a: Victini|spa|1|[zeffect]\n|-boost|p1a: Victini|spd|1|[zeffect]\n|-boost|p1a: Victini|spe|1|[zeffect]\n|-activate|p1a: Victini|move: Celebrate\n|move|p2a: Tyranitar|Crunch|p1a: Victini\n|-supereffective|p1a: Victini\n|-damage|p1a: Victini|37\/100\n|\n|-weather|Sandstorm|[upkeep]\n|-damage|p1a: Victini|31\/100|[from] Sandstorm\n|upkeep\n|turn|16\n|\n|t:|1700838920\n|move|p1a: Victini|Focus Blast|p2a: Tyranitar\n|-supereffective|p2a: Tyranitar\n|-damage|p2a: Tyranitar|0 fnt\n|faint|p2a: Tyranitar\n|\n|-weather|Sandstorm|[upkeep]\n|-damage|p1a: Victini|25\/100|[from] Sandstorm\n|upkeep\n|\n|t:|1700838945\n|switch|p2a: Beedrill|Beedrill, M|100\/100\n|-damage|p2a: Beedrill|76\/100|[from] Stealth Rock\n|turn|17\n|\n|t:|1700838950\n|detailschange|p2a: Beedrill|Beedrill-Mega, M\n|-mega|p2a: Beedrill|Beedrill|Beedrillite\n|move|p1a: Victini|Searing Shot|p2a: Beedrill\n|-supereffective|p2a: Beedrill\n|-crit|p2a: Beedrill\n|-damage|p2a: Beedrill|0 fnt\n|faint|p2a: Beedrill\n|\n|-weather|none\n|upkeep\n|\n|t:|1700838965\n|switch|p2a: Xurkitree|Xurkitree|100\/100\n|-damage|p2a: Xurkitree|88\/100|[from] Stealth Rock\n|turn|18\n|\n|t:|1700838968\n|move|p1a: Victini|Searing Shot|p2a: Xurkitree\n|-damage|p2a: Xurkitree|0 fnt\n|faint|p2a: Xurkitree\n|\n|win|shfeha\n|raw|shfeha's rating: 1221 &rarr; <strong>1246<\/strong><br \/>(+25 for winning)\n|raw|N\u00b090125's rating: 1219 &rarr; <strong>1194<\/strong><br \/>(-25 for losing)\n","uploadtime":1700838971,"views":17,"p1id":"shfeha","p2id":"n90125","formatid":"gen9nationaldex","rating":1194,"private":0,"password":""}