{"id":"gen9nationaldex-1997879927","p1":"Ash Ketchum344","p2":"snaoznajZ","format":"[Gen 9] National Dex","log":"|html|<div class=\"broadcast-blue\"><strong>[Gen 9] National Dex is currently suspecting Sneasler! For information on how to participate check out the <a href=\"https:\/\/www.smogon.com\/forums\/threads\/sv-national-dex-suspect-8-just-dance.3731534\/\">suspect thread<\/a>.<\/strong><\/div>\n|j|\u2606Ash Ketchum344\n|j|\u2606snaoznajZ\n|t:|1700862979\n|gametype|singles\n|player|p1|Ash Ketchum344|lucas-gen4pt|1070\n|player|p2|snaoznajZ|266|1085\n|teamsize|p1|6\n|teamsize|p2|6\n|gen|9\n|tier|[Gen 9] National Dex\n|rated|\n|rule|HP Percentage Mod: HP is shown in percentages\n|rule|Endless Battle Clause: Forcing endless battles is banned\n|rule|OHKO Clause: OHKO moves are banned\n|rule|Evasion Clause: Evasion abilities, items, and moves are banned\n|rule|Evasion Abilities Clause: Evasion abilities are banned\n|rule|Evasion Items Clause: Evasion items are banned\n|rule|Evasion Moves Clause: Evasion moves are banned\n|rule|Species Clause: Limit one of each Pok\u00e9mon\n|rule|Sleep Clause Mod: Limit one foe put to sleep\n|clearpoke\n|poke|p1|Pikachu, F|\n|poke|p1|Dracozolt|\n|poke|p1|Lucario, F|\n|poke|p1|Sirfetch\u2019d, M|\n|poke|p1|Dragonite, F|\n|poke|p1|Gengar, M|\n|poke|p2|Blastoise, M|\n|poke|p2|Sinistcha|\n|poke|p2|Dugtrio, F|\n|poke|p2|Moltres|\n|poke|p2|Escavalier, F|\n|poke|p2|Crobat, F|\n|teampreview\n|\n|t:|1700862985\n|start\n|switch|p1a: Lucario|Lucario, F|100\/100\n|switch|p2a: Crobat|Crobat, F|100\/100\n|turn|1\n|\n|t:|1700862993\n|move|p2a: Crobat|Nasty Plot|p2a: Crobat\n|-boost|p2a: Crobat|spa|2\n|move|p1a: Lucario|Swords Dance|p1a: Lucario\n|-boost|p1a: Lucario|atk|2\n|\n|upkeep\n|turn|2\n|\n|t:|1700863002\n|move|p1a: Lucario|Bullet Punch|p2a: Crobat\n|-damage|p2a: Crobat|42\/100\n|-damage|p1a: Lucario|91\/100|[from] item: Life Orb\n|move|p2a: Crobat|Air Slash|p1a: Lucario\n|-damage|p1a: Lucario|1\/100\n|\n|upkeep\n|turn|3\n|\n|t:|1700863014\n|switch|p2a: Escavalier|Escavalier, F|100\/100\n|move|p1a: Lucario|Bullet Punch|p2a: Escavalier\n|-resisted|p2a: Escavalier\n|-damage|p2a: Escavalier|77\/100\n|-damage|p1a: Lucario|0 fnt|[from] item: Life Orb\n|faint|p1a: Lucario\n|\n|upkeep\n|\n|t:|1700863034\n|switch|p1a: Gengar|Gengar, M|100\/100\n|turn|4\n|\n|t:|1700863044\n|move|p1a: Gengar|Shadow Ball|p2a: Escavalier\n|-damage|p2a: Escavalier|16\/100\n|move|p2a: Escavalier|Iron Head|p1a: Gengar\n|-damage|p1a: Gengar|11\/100\n|\n|upkeep\n|turn|5\n|\n|t:|1700863052\n|move|p1a: Gengar|Shadow Ball|p2a: Escavalier\n|-damage|p2a: Escavalier|0 fnt\n|faint|p2a: Escavalier\n|\n|upkeep\n|\n|t:|1700863061\n|switch|p2a: Dugtrio|Dugtrio, F|100\/100\n|turn|6\n|\n|t:|1700863065\n|move|p2a: Dugtrio|Swords Dance|p2a: Dugtrio\n|-boost|p2a: Dugtrio|atk|2\n|move|p1a: Gengar|Shadow Ball|p2a: Dugtrio\n|-enditem|p2a: Dugtrio|Focus Sash\n|-damage|p2a: Dugtrio|1\/100\n|\n|upkeep\n|turn|7\n|\n|t:|1700863073\n|move|p2a: Dugtrio|Sucker Punch|p1a: Gengar\n|-supereffective|p1a: Gengar\n|-damage|p1a: Gengar|0 fnt\n|faint|p1a: Gengar\n|\n|upkeep\n|\n|t:|1700863076\n|switch|p1a: Dragonite|Dragonite, F|100\/100\n|turn|8\n|\n|t:|1700863080\n|move|p1a: Dragonite|Extreme Speed|p2a: Dugtrio\n|-damage|p2a: Dugtrio|0 fnt\n|faint|p2a: Dugtrio\n|\n|upkeep\n|\n|t:|1700863092\n|switch|p2a: Blastoise|Blastoise, M|100\/100\n|turn|9\n|\n|t:|1700863100\n|-terastallize|p1a: Dragonite|Normal\n|move|p1a: Dragonite|Dragon Dance|p1a: Dragonite\n|-boost|p1a: Dragonite|atk|1\n|-boost|p1a: Dragonite|spe|1\n|move|p2a: Blastoise|Rain Dance|p2a: Blastoise\n|-weather|RainDance\n|\n|-weather|RainDance|[upkeep]\n|upkeep\n|turn|10\n|\n|t:|1700863109\n|move|p1a: Dragonite|Dragon Dance|p1a: Dragonite\n|-boost|p1a: Dragonite|atk|1\n|-boost|p1a: Dragonite|spe|1\n|move|p2a: Blastoise|Toxic|p1a: Dragonite\n|-status|p1a: Dragonite|tox\n|\n|-weather|RainDance|[upkeep]\n|-damage|p1a: Dragonite|94\/100 tox|[from] psn\n|upkeep\n|turn|11\n|\n|t:|1700863118\n|move|p2a: Blastoise|Protect|p2a: Blastoise\n|-singleturn|p2a: Blastoise|Protect\n|move|p1a: Dragonite|Dragon Dance|p1a: Dragonite\n|-boost|p1a: Dragonite|atk|1\n|-boost|p1a: Dragonite|spe|1\n|\n|-weather|RainDance|[upkeep]\n|-damage|p1a: Dragonite|82\/100 tox|[from] psn\n|upkeep\n|turn|12\n|\n|t:|1700863126\n|switch|p2a: Sinistcha|Sinistcha|100\/100\n|move|p1a: Dragonite|Dragon Claw|p2a: Sinistcha\n|-damage|p2a: Sinistcha|0 fnt\n|faint|p2a: Sinistcha\n|\n|-weather|RainDance|[upkeep]\n|-damage|p1a: Dragonite|63\/100 tox|[from] psn\n|upkeep\n|\n|t:|1700863137\n|switch|p2a: Blastoise|Blastoise, M|100\/100\n|turn|13\n|\n|t:|1700863142\n|move|p1a: Dragonite|Dragon Claw|p2a: Blastoise\n|-damage|p2a: Blastoise|0 fnt\n|faint|p2a: Blastoise\n|\n|-weather|none\n|-damage|p1a: Dragonite|39\/100 tox|[from] psn\n|upkeep\n|\n|t:|1700863150\n|switch|p2a: Moltres|Moltres|100\/100\n|-ability|p2a: Moltres|Pressure\n|turn|14\n|\n|t:|1700863154\n|move|p1a: Dragonite|Dragon Claw|p2a: Moltres\n|-damage|p2a: Moltres|0 fnt\n|faint|p2a: Moltres\n|\n|-damage|p1a: Dragonite|8\/100 tox|[from] psn\n|upkeep\n|\n|t:|1700863156\n|switch|p2a: Crobat|Crobat, F|42\/100\n|turn|15\n|\n|t:|1700863160\n|-terastallize|p2a: Crobat|Poison\n|move|p1a: Dragonite|Extreme Speed|p2a: Crobat\n|-damage|p2a: Crobat|0 fnt\n|faint|p2a: Crobat\n|\n|win|Ash Ketchum344\n|raw|Ash Ketchum344's rating: 1070 &rarr; <strong>1101<\/strong><br \/>(+31 for winning)\n|raw|snaoznajZ's rating: 1085 &rarr; <strong>1061<\/strong><br \/>(-24 for losing)\n|l|\u2606snaoznajZ\n","uploadtime":1700863167,"views":4,"p1id":"ashketchum344","p2id":"snaoznajz","formatid":"gen9nationaldex","rating":1061,"private":0,"password":""}