{"id":"gen9nationaldex-1992656108","p1":"psycotia","p2":"Andolic 47","format":"[Gen 9] National Dex","log":"|j|\u2606psycotia\n|j|\u2606Andolic 47\n|t:|1700221214\n|gametype|singles\n|player|p1|psycotia|kimonogirl|\n|player|p2|Andolic 47|acetrainer|\n|teamsize|p1|6\n|teamsize|p2|6\n|gen|9\n|tier|[Gen 9] National Dex\n|rule|HP Percentage Mod: HP is shown in percentages\n|rule|Endless Battle Clause: Forcing endless battles is banned\n|rule|OHKO Clause: OHKO moves are banned\n|rule|Evasion Clause: Evasion abilities, items, and moves are banned\n|rule|Evasion Abilities Clause: Evasion abilities are banned\n|rule|Evasion Items Clause: Evasion items are banned\n|rule|Evasion Moves Clause: Evasion moves are banned\n|rule|Species Clause: Limit one of each Pok\u00e9mon\n|rule|Sleep Clause Mod: Limit one foe put to sleep\n|clearpoke\n|poke|p1|Samurott-Hisui, F|\n|poke|p1|Smeargle, M|\n|poke|p1|Kartana|\n|poke|p1|Diancie|\n|poke|p1|Hoopa-Unbound|\n|poke|p1|Iron Valiant|\n|poke|p2|Glimmora, M|\n|poke|p2|Ogerpon-Wellspring, F|\n|poke|p2|Lopunny, F|\n|poke|p2|Volcarona, M|\n|poke|p2|Raichu-Alola, F|\n|poke|p2|Enamorus, F|\n|teampreview\n|j| h1rsfr\n|c| h1rsfr|Veg fried momo\n|\n|t:|1700221235\n|start\n|switch|p1a: Diancie|Diancie|100\/100\n|switch|p2a: Enamorus|Enamorus, F|100\/100\n|turn|1\n|c| h1rsfr|Can only fix me now\n|c|\u2606psycotia|ohko?\n|\n|t:|1700221255\n|detailschange|p1a: Diancie|Diancie-Mega\n|-mega|p1a: Diancie|Diancie|Diancite\n|move|p1a: Diancie|Diamond Storm|p2a: Enamorus\n|-supereffective|p2a: Enamorus\n|-damage|p2a: Enamorus|0 fnt\n|-boost|p1a: Diancie|def|2\n|faint|p2a: Enamorus\n|\n|upkeep\n|c|\u2606psycotia|yes\n|\n|t:|1700221288\n|switch|p2a: Ogerpon|Ogerpon-Wellspring, F|100\/100\n|turn|2\n|\n|t:|1700221303\n|-terastallize|p2a: Ogerpon|Water\n|detailschange|p2a: Ogerpon|Ogerpon-Wellspring-Tera, F, tera:Water\n|-ability|p2a: Ogerpon|Embody Aspect (Wellspring)|boost\n|-boost|p2a: Ogerpon|spd|1\n|move|p1a: Diancie|Moonblast|p2a: Ogerpon\n|-damage|p2a: Ogerpon|57\/100\n|-unboost|p2a: Ogerpon|spa|1\n|move|p2a: Ogerpon|Ivy Cudgel|p1a: Diancie|[anim] Ivy Cudgel Water\n|-supereffective|p1a: Diancie\n|-crit|p1a: Diancie\n|-damage|p1a: Diancie|0 fnt\n|faint|p1a: Diancie\n|\n|upkeep\n|c| h1rsfr|Ok\n|\n|t:|1700221325\n|switch|p1a: Hoopa|Hoopa-Unbound|100\/100\n|turn|3\n|c| h1rsfr|Good\n|\n|t:|1700221384\n|move|p1a: Hoopa|Hyperspace Fury|p2a: Ogerpon\n|-damage|p2a: Ogerpon|0 fnt\n|-unboost|p1a: Hoopa|def|1\n|faint|p2a: Ogerpon\n|\n|upkeep\n|c|\u2606Andolic 47|Scraf\n|c| h1rsfr|Bugbuzz kr\n|c| h1rsfr|Onehit hoga\n|\n|t:|1700221422\n|switch|p2a: Volcarona|Volcarona, M|100\/100\n|turn|4\n|\n|t:|1700221430\n|-terastallize|p1a: Hoopa|Dark\n|move|p1a: Hoopa|Hyperspace Fury|p2a: Volcarona\n|-damage|p2a: Volcarona|0 fnt\n|-unboost|p1a: Hoopa|def|1\n|faint|p2a: Volcarona\n|\n|upkeep\n|\n|t:|1700221449\n|switch|p2a: Raichu|Raichu-Alola, F|100\/100\n|turn|5\n|\n|t:|1700221454\n|move|p1a: Hoopa|Hyperspace Fury|p2a: Raichu\n|-supereffective|p2a: Raichu\n|-enditem|p2a: Raichu|Focus Sash\n|-damage|p2a: Raichu|1\/100\n|-unboost|p1a: Hoopa|def|1\n|move|p2a: Raichu|Draining Kiss|p1a: Hoopa\n|-supereffective|p1a: Hoopa\n|-damage|p1a: Hoopa|74\/100\n|-heal|p2a: Raichu|24\/100|[from] drain|[of] p1a: Hoopa\n|\n|upkeep\n|turn|6\n|c| h1rsfr|\ud83d\udc80\n|c|\u2606psycotia|man\n|c| h1rsfr|Abe zmove krdeta\n|c|\u2606psycotia|dont kiss me babe\n|c|\u2606Andolic 47|!data hyperspace fury\n|raw|<ul class=\"utilichart\"><li class=\"result\"><span class=\"col movenamecol\"><a href=\"https:\/\/dex.pokemonshowdown.com\/moves\/hyperspacefury\">Hyperspace Fury<\/a><\/span> <span class=\"col typecol\"><img src=\"\/\/play.pokemonshowdown.com\/sprites\/types\/Dark.png\" alt=\"Dark\" width=\"32\" height=\"14\"><img src=\"\/\/play.pokemonshowdown.com\/sprites\/categories\/Physical.png\" alt=\"Physical\" width=\"32\" height=\"14\"><\/span> <span class=\"col labelcol\"><em>Power<\/em><br>100<\/span> <span class=\"col widelabelcol\"><em>Accuracy<\/em><br>\u2014<\/span> <span class=\"col pplabelcol\"><em>PP<\/em><br>8<\/span> <span class=\"col movedesccol\">Hoopa-U: Lowers user's Def by 1; breaks protect.<\/span> <\/li><li style=\"clear:both\"><\/li><\/ul>\n\n|\n|t:|1700221484\n|switch|p2a: Glimmora|Glimmora, M|100\/100\n|move|p1a: Hoopa|Hyperspace Fury|p2a: Glimmora\n|-damage|p2a: Glimmora|24\/100\n|-unboost|p1a: Hoopa|def|1\n|-activate|p2a: Glimmora|ability: Toxic Debris\n|-sidestart|p1: psycotia|move: Toxic Spikes\n|\n|upkeep\n|turn|7\n|\n|t:|1700221494\n|move|p1a: Hoopa|Hyperspace Fury|p2a: Glimmora\n|-damage|p2a: Glimmora|0 fnt\n|-unboost|p1a: Hoopa|def|1\n|-activate|p2a: Glimmora|ability: Toxic Debris\n|-sidestart|p1: psycotia|move: Toxic Spikes\n|faint|p2a: Glimmora\n|\n|upkeep\n|j| Gaurav Charizard x\n|\n|t:|1700221502\n|switch|p2a: Lopunny|Lopunny, F|100\/100\n|turn|8\n|c| h1rsfr|Fakeout\n|\n|t:|1700221510\n|switch|p1a: Iron Valiant|Iron Valiant|100\/100\n|-status|p1a: Iron Valiant|tox\n|-enditem|p1a: Iron Valiant|Booster Energy\n|-activate|p1a: Iron Valiant|ability: Quark Drive|[fromitem]\n|-start|p1a: Iron Valiant|quarkdrivespe\n|detailschange|p2a: Lopunny|Lopunny-Mega, F\n|-mega|p2a: Lopunny|Lopunny|Lopunnite\n|move|p2a: Lopunny|Fake Out|p1a: Iron Valiant\n|-damage|p1a: Iron Valiant|73\/100 tox\n|\n|-damage|p1a: Iron Valiant|67\/100 tox|[from] psn\n|upkeep\n|turn|9\n|\n|t:|1700221523\n|switch|p2a: Raichu|Raichu-Alola, F|24\/100\n|move|p1a: Iron Valiant|Moonblast|p2a: Raichu\n|-damage|p2a: Raichu|0 fnt\n|faint|p2a: Raichu\n|\n|-damage|p1a: Iron Valiant|54\/100 tox|[from] psn\n|upkeep\n|c| h1rsfr|Switch\n|c|\u2606psycotia|ohko?\n|\n|t:|1700221534\n|switch|p2a: Lopunny|Lopunny-Mega, F|100\/100\n|turn|10\n|\n|t:|1700221537\n|move|p2a: Lopunny|Fake Out|p1a: Iron Valiant\n|-damage|p1a: Iron Valiant|25\/100 tox\n|cant|p1a: Iron Valiant|flinch\n|\n|-damage|p1a: Iron Valiant|7\/100 tox|[from] psn\n|upkeep\n|turn|11\n|\n|t:|1700221545\n|move|p1a: Iron Valiant|Close Combat|p2a: Lopunny\n|-supereffective|p2a: Lopunny\n|-damage|p2a: Lopunny|0 fnt\n|-unboost|p1a: Iron Valiant|def|1\n|-unboost|p1a: Iron Valiant|spd|1\n|faint|p2a: Lopunny\n|\n|win|psycotia\n","uploadtime":1700221551,"views":12,"p1id":"psycotia","p2id":"andolic47","formatid":"gen9nationaldex","rating":0,"private":0,"password":""}