{"id":"gen9nationaldex-1993719733","p1":"Meeeerlinpinpin","p2":"Alcyona","format":"[Gen 9] National Dex","log":"|j|\u2606Meeeerlinpinpin\n|j|\u2606Alcyona\n|t:|1700349244\n|gametype|singles\n|player|p1|Meeeerlinpinpin|whitney|1399\n|player|p2|Alcyona|iris-gen5bw2|1430\n|teamsize|p1|6\n|teamsize|p2|6\n|gen|9\n|tier|[Gen 9] National Dex\n|rated|\n|rule|HP Percentage Mod: HP is shown in percentages\n|rule|Endless Battle Clause: Forcing endless battles is banned\n|rule|OHKO Clause: OHKO moves are banned\n|rule|Evasion Clause: Evasion abilities, items, and moves are banned\n|rule|Evasion Abilities Clause: Evasion abilities are banned\n|rule|Evasion Items Clause: Evasion items are banned\n|rule|Evasion Moves Clause: Evasion moves are banned\n|rule|Species Clause: Limit one of each Pok\u00e9mon\n|rule|Sleep Clause Mod: Limit one foe put to sleep\n|clearpoke\n|poke|p1|Tapu Koko|\n|poke|p1|Lopunny, M|\n|poke|p1|Iron Valiant|\n|poke|p1|Sneasler, F|\n|poke|p1|Ogerpon-Wellspring, F|\n|poke|p1|Iron Moth|\n|poke|p2|Mawile, F|\n|poke|p2|Alomomola, M|\n|poke|p2|Samurott-Hisui, M|\n|poke|p2|Zapdos|\n|poke|p2|Aegislash, F|\n|poke|p2|Rillaboom, M|\n|teampreview\n|inactive|Battle timer is ON: inactive players will automatically lose when time's up. (requested by Meeeerlinpinpin)\n|\n|t:|1700349253\n|start\n|switch|p1a: Lopunny|Lopunny, M|100\/100\n|switch|p2a: Samurott|Samurott-Hisui, M|100\/100\n|turn|1\n|\n|t:|1700349256\n|switch|p2a: Zapdos|Zapdos|100\/100\n|detailschange|p1a: Lopunny|Lopunny-Mega, M\n|-mega|p1a: Lopunny|Lopunny|Lopunnite\n|move|p1a: Lopunny|Fake Out|p2a: Zapdos\n|-damage|p2a: Zapdos|84\/100\n|\n|upkeep\n|turn|2\n|\n|t:|1700349268\n|switch|p1a: Tapu Koko|Tapu Koko|100\/100\n|-fieldstart|move: Electric Terrain|[from] ability: Electric Surge|[of] p1a: Tapu Koko\n|move|p2a: Zapdos|Thunderbolt|p1a: Tapu Koko\n|-resisted|p1a: Tapu Koko\n|-damage|p1a: Tapu Koko|77\/100\n|\n|upkeep\n|turn|3\n|\n|t:|1700349287\n|switch|p2a: Aegislash|Aegislash, F|100\/100\n|move|p1a: Tapu Koko|Nature's Madness|p2a: Aegislash\n|-damage|p2a: Aegislash|51\/100\n|\n|-heal|p2a: Aegislash|57\/100|[from] item: Leftovers\n|upkeep\n|turn|4\n|\n|t:|1700349296\n|move|p2a: Aegislash|King's Shield|p2a: Aegislash\n|-singleturn|p2a: Aegislash|Protect\n|move|p1a: Tapu Koko|Volt Switch|p2a: Aegislash\n|-activate|p2a: Aegislash|move: Protect\n|\n|-heal|p2a: Aegislash|63\/100|[from] item: Leftovers\n|upkeep\n|turn|5\n|inactive|Alcyona has 120 seconds left.\n|\n|t:|1700349329\n|move|p1a: Tapu Koko|Volt Switch|p2a: Aegislash\n|-damage|p2a: Aegislash|43\/100\n|\n|t:|1700349335\n|switch|p1a: Ogerpon|Ogerpon-Wellspring, F|100\/100|[from] Volt Switch\n|move|p2a: Aegislash|Substitute|p2a: Aegislash\n|-start|p2a: Aegislash|Substitute\n|-damage|p2a: Aegislash|18\/100\n|\n|-heal|p2a: Aegislash|25\/100|[from] item: Leftovers\n|upkeep\n|turn|6\n|\n|t:|1700349343\n|move|p1a: Ogerpon|Swords Dance|p1a: Ogerpon\n|-boost|p1a: Ogerpon|atk|2\n|move|p2a: Aegislash|Toxic|p1a: Ogerpon\n|-status|p1a: Ogerpon|tox\n|\n|-heal|p2a: Aegislash|31\/100|[from] item: Leftovers\n|-damage|p1a: Ogerpon|95\/100 tox|[from] psn\n|-fieldend|move: Electric Terrain\n|upkeep\n|turn|7\n|\n|t:|1700349362\n|move|p2a: Aegislash|King's Shield|p2a: Aegislash\n|-singleturn|p2a: Aegislash|Protect\n|move|p1a: Ogerpon|Ivy Cudgel|p2a: Aegislash|[anim] Ivy Cudgel Water\n|-activate|p2a: Aegislash|move: Protect\n|\n|-heal|p2a: Aegislash|37\/100|[from] item: Leftovers\n|-damage|p1a: Ogerpon|83\/100 tox|[from] psn\n|upkeep\n|turn|8\n|\n|t:|1700349370\n|move|p1a: Ogerpon|Ivy Cudgel|p2a: Aegislash|[anim] Ivy Cudgel Water\n|-end|p2a: Aegislash|Substitute\n|-formechange|p2a: Aegislash|Aegislash-Blade||[from] ability: Stance Change\n|move|p2a: Aegislash|Shadow Ball|p1a: Ogerpon\n|-damage|p1a: Ogerpon|41\/100 tox\n|\n|-heal|p2a: Aegislash|43\/100|[from] item: Leftovers\n|-damage|p1a: Ogerpon|23\/100 tox|[from] psn\n|upkeep\n|turn|9\n|\n|t:|1700349381\n|-formechange|p2a: Aegislash|Aegislash||[from] ability: Stance Change\n|move|p2a: Aegislash|King's Shield|p2a: Aegislash\n|-singleturn|p2a: Aegislash|Protect\n|move|p1a: Ogerpon|Ivy Cudgel|p2a: Aegislash|[anim] Ivy Cudgel Water\n|-activate|p2a: Aegislash|move: Protect\n|\n|-heal|p2a: Aegislash|49\/100|[from] item: Leftovers\n|-damage|p1a: Ogerpon|0 fnt|[from] psn\n|faint|p1a: Ogerpon\n|upkeep\n|\n|t:|1700349385\n|switch|p1a: Iron Moth|Iron Moth|100\/100\n|turn|10\n|inactive|Alcyona has 120 seconds left.\n|\n|t:|1700349416\n|switch|p2a: Alomomola|Alomomola, M|100\/100\n|move|p1a: Iron Moth|Fire Blast|p2a: Alomomola\n|-resisted|p2a: Alomomola\n|-damage|p2a: Alomomola|58\/100\n|-status|p2a: Alomomola|brn\n|-enditem|p2a: Alomomola|Red Card|[of] p1a: Iron Moth\n|-end|p1a: Iron Moth|Quark Drive|[silent]\n|drag|p1a: Tapu Koko|Tapu Koko|77\/100\n|-fieldstart|move: Electric Terrain|[from] ability: Electric Surge|[of] p1a: Tapu Koko\n|\n|-damage|p2a: Alomomola|52\/100 brn|[from] brn\n|upkeep\n|turn|11\n|inactive|Alcyona has 120 seconds left.\n|\n|t:|1700349434\n|switch|p2a: Rillaboom|Rillaboom, M|100\/100\n|-fieldstart|move: Grassy Terrain|[from] ability: Grassy Surge|[of] p2a: Rillaboom\n|move|p1a: Tapu Koko|Volt Switch|p2a: Rillaboom\n|-resisted|p2a: Rillaboom\n|-damage|p2a: Rillaboom|85\/100\n|\n|t:|1700349441\n|switch|p1a: Lopunny|Lopunny-Mega, M|100\/100|[from] Volt Switch\n|\n|-heal|p2a: Rillaboom|91\/100|[from] Grassy Terrain\n|upkeep\n|turn|12\n|inactive|Alcyona has 120 seconds left.\n|\n|t:|1700349451\n|switch|p2a: Zapdos|Zapdos|84\/100\n|move|p1a: Lopunny|Fake Out|p2a: Zapdos\n|-damage|p2a: Zapdos|66\/100\n|\n|upkeep\n|turn|13\n|\n|t:|1700349460\n|switch|p1a: Tapu Koko|Tapu Koko|77\/100\n|-fieldstart|move: Electric Terrain|[from] ability: Electric Surge|[of] p1a: Tapu Koko\n|move|p2a: Zapdos|Roost|p2a: Zapdos\n|-heal|p2a: Zapdos|100\/100\n|-singleturn|p2a: Zapdos|move: Roost\n|\n|upkeep\n|turn|14\n|\n|t:|1700349469\n|move|p1a: Tapu Koko|Nature's Madness|p2a: Zapdos|[miss]\n|-miss|p1a: Tapu Koko|p2a: Zapdos\n|move|p2a: Zapdos|Thunderbolt|p1a: Tapu Koko\n|-resisted|p1a: Tapu Koko\n|-damage|p1a: Tapu Koko|52\/100\n|\n|upkeep\n|turn|15\n|\n|t:|1700349488\n|switch|p2a: Rillaboom|Rillaboom, M|91\/100\n|-fieldstart|move: Grassy Terrain|[from] ability: Grassy Surge|[of] p2a: Rillaboom\n|move|p1a: Tapu Koko|Roost|p1a: Tapu Koko\n|-heal|p1a: Tapu Koko|100\/100\n|-singleturn|p1a: Tapu Koko|move: Roost\n|\n|-heal|p2a: Rillaboom|97\/100|[from] Grassy Terrain\n|upkeep\n|turn|16\n|inactive|Alcyona has 120 seconds left.\n|\n|t:|1700349508\n|move|p1a: Tapu Koko|U-turn|p2a: Rillaboom\n|-supereffective|p2a: Rillaboom\n|-damage|p2a: Rillaboom|64\/100\n|\n|t:|1700349511\n|switch|p1a: Iron Moth|Iron Moth|100\/100|[from] U-turn\n|move|p2a: Rillaboom|U-turn|p1a: Iron Moth\n|-resisted|p1a: Iron Moth\n|-crit|p1a: Iron Moth\n|-damage|p1a: Iron Moth|76\/100\n|inactive|Alcyona has 120 seconds left.\n|\n|t:|1700349523\n|switch|p2a: Samurott|Samurott-Hisui, M|100\/100|[from] U-turn\n|\n|-heal|p1a: Iron Moth|82\/100|[from] Grassy Terrain\n|upkeep\n|turn|17\n|\n|t:|1700349528\n|move|p1a: Iron Moth|Energy Ball|p2a: Samurott\n|-supereffective|p2a: Samurott\n|-enditem|p2a: Samurott|Focus Sash\n|-damage|p2a: Samurott|1\/100\n|move|p2a: Samurott|Razor Shell|p1a: Iron Moth\n|-supereffective|p1a: Iron Moth\n|-damage|p1a: Iron Moth|0 fnt\n|faint|p1a: Iron Moth\n|-end|p1a: Iron Moth|Quark Drive|[silent]\n|\n|-heal|p2a: Samurott|7\/100|[from] Grassy Terrain\n|upkeep\n|\n|t:|1700349534\n|switch|p1a: Lopunny|Lopunny-Mega, M|100\/100\n|turn|18\n|\n|t:|1700349538\n|move|p1a: Lopunny|Fake Out|p2a: Samurott\n|-damage|p2a: Samurott|0 fnt\n|faint|p2a: Samurott\n|\n|upkeep\n|\n|t:|1700349545\n|switch|p2a: Rillaboom|Rillaboom, M|64\/100\n|turn|19\n|\n|t:|1700349548\n|move|p2a: Rillaboom|Grassy Glide|p1a: Lopunny\n|-damage|p1a: Lopunny|19\/100\n|move|p1a: Lopunny|U-turn|p2a: Rillaboom\n|-supereffective|p2a: Rillaboom\n|-damage|p2a: Rillaboom|7\/100\n|\n|t:|1700349552\n|switch|p1a: Tapu Koko|Tapu Koko|100\/100|[from] U-turn\n|-fieldstart|move: Electric Terrain|[from] ability: Electric Surge|[of] p1a: Tapu Koko\n|\n|upkeep\n|turn|20\n|\n|t:|1700349561\n|switch|p2a: Zapdos|Zapdos|100\/100\n|move|p1a: Tapu Koko|U-turn|p2a: Zapdos\n|-resisted|p2a: Zapdos\n|-damage|p2a: Zapdos|94\/100\n|\n|t:|1700349568\n|switch|p1a: Iron Valiant|Iron Valiant|100\/100|[from] U-turn\n|-activate|p1a: Iron Valiant|ability: Quark Drive\n|-start|p1a: Iron Valiant|quarkdrivespe\n|\n|upkeep\n|turn|21\n|\n|t:|1700349580\n|move|p1a: Iron Valiant|Moonblast|p2a: Zapdos\n|-damage|p2a: Zapdos|21\/100\n|move|p2a: Zapdos|Thunderbolt|p1a: Iron Valiant\n|-damage|p1a: Iron Valiant|30\/100\n|\n|upkeep\n|turn|22\n|\n|t:|1700349587\n|switch|p2a: Rillaboom|Rillaboom, M|7\/100\n|-fieldstart|move: Grassy Terrain|[from] ability: Grassy Surge|[of] p2a: Rillaboom\n|-end|p1a: Iron Valiant|Quark Drive\n|move|p1a: Iron Valiant|Moonblast|p2a: Rillaboom\n|-damage|p2a: Rillaboom|0 fnt\n|faint|p2a: Rillaboom\n|\n|-heal|p1a: Iron Valiant|36\/100|[from] Grassy Terrain\n|upkeep\n|\n|t:|1700349591\n|switch|p2a: Mawile|Mawile, F|100\/100\n|-ability|p2a: Mawile|Intimidate|boost\n|-unboost|p1a: Iron Valiant|atk|1\n|turn|23\n|\n|t:|1700349601\n|detailschange|p2a: Mawile|Mawile-Mega, F\n|-mega|p2a: Mawile|Mawile|Mawilite\n|move|p2a: Mawile|Sucker Punch|p1a: Iron Valiant\n|-resisted|p1a: Iron Valiant\n|-damage|p1a: Iron Valiant|22\/100\n|move|p1a: Iron Valiant|Moonblast|p2a: Mawile\n|-resisted|p2a: Mawile\n|-damage|p2a: Mawile|58\/100\n|\n|-heal|p1a: Iron Valiant|29\/100|[from] Grassy Terrain\n|-heal|p2a: Mawile|64\/100|[from] Grassy Terrain\n|upkeep\n|turn|24\n|\n|t:|1700349608\n|move|p1a: Iron Valiant|Moonblast|p2a: Mawile\n|-resisted|p2a: Mawile\n|-damage|p2a: Mawile|21\/100\n|move|p2a: Mawile|Iron Head|p1a: Iron Valiant\n|-supereffective|p1a: Iron Valiant\n|-damage|p1a: Iron Valiant|0 fnt\n|faint|p1a: Iron Valiant\n|-end|p1a: Iron Valiant|Quark Drive|[silent]\n|\n|-heal|p2a: Mawile|27\/100|[from] Grassy Terrain\n|upkeep\n|\n|t:|1700349612\n|switch|p1a: Lopunny|Lopunny-Mega, M|19\/100\n|turn|25\n|\n|t:|1700349619\n|switch|p1a: Tapu Koko|Tapu Koko|100\/100\n|-fieldstart|move: Electric Terrain|[from] ability: Electric Surge|[of] p1a: Tapu Koko\n|switch|p2a: Alomomola|Alomomola, M|85\/100 brn\n|\n|-damage|p2a: Alomomola|79\/100 brn|[from] brn\n|upkeep\n|turn|26\n|\n|t:|1700349628\n|-terastallize|p2a: Alomomola|Dragon\n|move|p1a: Tapu Koko|Volt Switch|p2a: Alomomola\n|-resisted|p2a: Alomomola\n|-damage|p2a: Alomomola|67\/100 brn\n|\n|t:|1700349632\n|switch|p1a: Sneasler|Sneasler, F|100\/100|[from] Volt Switch\n|-enditem|p1a: Sneasler|Electric Seed\n|-boost|p1a: Sneasler|def|1|[from] item: Electric Seed\n|move|p2a: Alomomola|Wish|p2a: Alomomola\n|\n|-damage|p2a: Alomomola|60\/100 brn|[from] brn\n|upkeep\n|turn|27\n|\n|t:|1700349638\n|move|p1a: Sneasler|Swords Dance|p1a: Sneasler\n|-boost|p1a: Sneasler|atk|2\n|move|p2a: Alomomola|Flip Turn|p1a: Sneasler\n|-damage|p1a: Sneasler|92\/100\n|\n|t:|1700349643\n|switch|p2a: Aegislash|Aegislash, F|49\/100|[from] Flip Turn\n|\n|-heal|p2a: Aegislash|100\/100|[from] move: Wish|[wisher] Alomomola\n|upkeep\n|turn|28\n|\n|t:|1700349656\n|move|p2a: Aegislash|King's Shield|p2a: Aegislash\n|-singleturn|p2a: Aegislash|Protect\n|move|p1a: Sneasler|Acrobatics|p2a: Aegislash\n|-activate|p2a: Aegislash|move: Protect\n|-unboost|p1a: Sneasler|atk|1\n|\n|upkeep\n|turn|29\n|\n|t:|1700349662\n|move|p1a: Sneasler|Acrobatics|p2a: Aegislash\n|-resisted|p2a: Aegislash\n|-damage|p2a: Aegislash|76\/100\n|-formechange|p2a: Aegislash|Aegislash-Blade||[from] ability: Stance Change\n|move|p2a: Aegislash|Shadow Ball|p1a: Sneasler\n|-damage|p1a: Sneasler|40\/100\n|\n|-heal|p2a: Aegislash|82\/100|[from] item: Leftovers\n|-fieldend|move: Electric Terrain\n|upkeep\n|turn|30\n|\n|t:|1700349674\n|switch|p1a: Lopunny|Lopunny-Mega, M|19\/100\n|switch|p2a: Alomomola|Alomomola, M, tera:Dragon|94\/100 brn\n|\n|-damage|p2a: Alomomola|88\/100 brn|[from] brn\n|upkeep\n|turn|31\n|\n|t:|1700349679\n|move|p1a: Lopunny|Fake Out|p2a: Alomomola\n|-damage|p2a: Alomomola|74\/100 brn\n|cant|p2a: Alomomola|flinch\n|\n|-damage|p2a: Alomomola|67\/100 brn|[from] brn\n|upkeep\n|turn|32\n|\n|t:|1700349682\n|move|p1a: Lopunny|U-turn|p2a: Alomomola\n|-damage|p2a: Alomomola|52\/100 brn\n|\n|t:|1700349683\n|switch|p1a: Tapu Koko|Tapu Koko|100\/100|[from] U-turn\n|-fieldstart|move: Electric Terrain|[from] ability: Electric Surge|[of] p1a: Tapu Koko\n|move|p2a: Alomomola|Wish|p2a: Alomomola\n|\n|-damage|p2a: Alomomola|46\/100 brn|[from] brn\n|upkeep\n|turn|33\n|\n|t:|1700349689\n|move|p1a: Tapu Koko|Nature's Madness|p2a: Alomomola|[miss]\n|-miss|p1a: Tapu Koko|p2a: Alomomola\n|move|p2a: Alomomola|Flip Turn|p1a: Tapu Koko\n|-damage|p1a: Tapu Koko|91\/100\n|\n|t:|1700349695\n|switch|p2a: Mawile|Mawile-Mega, F|27\/100|[from] Flip Turn\n|\n|-heal|p2a: Mawile|100\/100|[from] move: Wish|[wisher] Alomomola\n|upkeep\n|turn|34\n|\n|t:|1700349706\n|move|p1a: Tapu Koko|Nature's Madness|p2a: Mawile|[miss]\n|-miss|p1a: Tapu Koko|p2a: Mawile\n|move|p2a: Mawile|Iron Head|p1a: Tapu Koko\n|-crit|p1a: Tapu Koko\n|-damage|p1a: Tapu Koko|0 fnt\n|faint|p1a: Tapu Koko\n|\n|upkeep\n|c|\u2606Meeeerlinpinpin|FUCK\n|-message|Meeeerlinpinpin forfeited.\n|\n|win|Alcyona\n|raw|Meeeerlinpinpin's rating: 1399 &rarr; <strong>1381<\/strong><br \/>(-18 for losing)\n|raw|Alcyona's rating: 1430 &rarr; <strong>1448<\/strong><br \/>(+18 for winning)\n|l|\u2606Alcyona\n","uploadtime":1700349808,"views":13,"p1id":"meeeerlinpinpin","p2id":"alcyona","formatid":"gen9nationaldex","rating":1381,"private":0,"password":""}