{"id":"gen9nationaldex-1993760647","p1":"Regielekiv2","p2":"Accelerater06","format":"[Gen 9] National Dex","log":"|j|\u2606Regielekiv2\n|j|\u2606Accelerater06\n|t:|1700354047\n|gametype|singles\n|player|p1|Regielekiv2|clair|1692\n|player|p2|Accelerater06|266|1653\n|teamsize|p1|6\n|teamsize|p2|6\n|gen|9\n|tier|[Gen 9] National Dex\n|rated|\n|rule|HP Percentage Mod: HP is shown in percentages\n|rule|Endless Battle Clause: Forcing endless battles is banned\n|rule|OHKO Clause: OHKO moves are banned\n|rule|Evasion Clause: Evasion abilities, items, and moves are banned\n|rule|Evasion Abilities Clause: Evasion abilities are banned\n|rule|Evasion Items Clause: Evasion items are banned\n|rule|Evasion Moves Clause: Evasion moves are banned\n|rule|Species Clause: Limit one of each Pok\u00e9mon\n|rule|Sleep Clause Mod: Limit one foe put to sleep\n|clearpoke\n|poke|p1|Absol, M|\n|poke|p1|Tapu Koko|\n|poke|p1|Sneasler, F|\n|poke|p1|Clefable, F|\n|poke|p1|Landorus-Therian, M|\n|poke|p1|Jirachi|\n|poke|p2|Dragonite, M|\n|poke|p2|Sneasler, M|\n|poke|p2|Tapu Lele|\n|poke|p2|Gardevoir, F|\n|poke|p2|Urshifu-*, M|\n|poke|p2|Clodsire, M|\n|teampreview\n|inactive|Battle timer is ON: inactive players will automatically lose when time's up. (requested by Accelerater06)\n|\n|t:|1700354065\n|start\n|switch|p1a: Jirachi|Jirachi|100\/100\n|switch|p2a: Tapu Lele|Tapu Lele|100\/100\n|-fieldstart|move: Psychic Terrain|[from] ability: Psychic Surge|[of] p2a: Tapu Lele\n|turn|1\n|\n|t:|1700354079\n|switch|p2a: Clodsire|Clodsire, M, shiny|100\/100\n|move|p1a: Jirachi|Body Slam|p2a: Clodsire\n|-damage|p2a: Clodsire|80\/100\n|-status|p2a: Clodsire|par\n|\n|-heal|p2a: Clodsire|86\/100 par|[from] item: Leftovers\n|upkeep\n|turn|2\n|\n|t:|1700354088\n|move|p1a: Jirachi|Iron Head|p2a: Clodsire\n|-damage|p2a: Clodsire|54\/100 par\n|cant|p2a: Clodsire|flinch\n|\n|-heal|p2a: Clodsire|61\/100 par|[from] item: Leftovers\n|upkeep\n|turn|3\n|\n|t:|1700354093\n|move|p1a: Jirachi|Iron Head|p2a: Clodsire\n|-damage|p2a: Clodsire|31\/100 par\n|cant|p2a: Clodsire|par\n|\n|-heal|p2a: Clodsire|37\/100 par|[from] item: Leftovers\n|upkeep\n|turn|4\n|\n|t:|1700354097\n|move|p1a: Jirachi|Iron Head|p2a: Clodsire\n|-damage|p2a: Clodsire|4\/100 par\n|cant|p2a: Clodsire|flinch\n|\n|-heal|p2a: Clodsire|10\/100 par|[from] item: Leftovers\n|upkeep\n|turn|5\n|\n|t:|1700354102\n|move|p1a: Jirachi|Body Slam|p2a: Clodsire\n|-damage|p2a: Clodsire|0 fnt\n|faint|p2a: Clodsire\n|\n|-fieldend|move: Psychic Terrain\n|upkeep\n|\n|t:|1700354124\n|switch|p2a: Tapu Lele|Tapu Lele|100\/100\n|-fieldstart|move: Psychic Terrain|[from] ability: Psychic Surge|[of] p2a: Tapu Lele\n|turn|6\n|\n|t:|1700354128\n|switch|p2a: Sneasler|Sneasler, M|100\/100\n|-enditem|p2a: Sneasler|Psychic Seed\n|-boost|p2a: Sneasler|spd|1|[from] item: Psychic Seed\n|move|p1a: Jirachi|Body Slam|p2a: Sneasler\n|-damage|p2a: Sneasler|68\/100\n|-status|p2a: Sneasler|par\n|\n|upkeep\n|turn|7\n|\n|t:|1700354133\n|cant|p2a: Sneasler|par\n|move|p1a: Jirachi|Iron Head|p2a: Sneasler\n|-damage|p2a: Sneasler|22\/100 par\n|\n|upkeep\n|turn|8\n|\n|t:|1700354136\n|move|p2a: Sneasler|Close Combat|p1a: Jirachi\n|-damage|p1a: Jirachi|43\/100\n|-unboost|p2a: Sneasler|def|1\n|-unboost|p2a: Sneasler|spd|1\n|move|p1a: Jirachi|Iron Head|p2a: Sneasler\n|-damage|p2a: Sneasler|0 fnt\n|faint|p2a: Sneasler\n|\n|-heal|p1a: Jirachi|49\/100|[from] item: Leftovers\n|upkeep\n|\n|t:|1700354147\n|switch|p2a: Urshifu|Urshifu-Rapid-Strike, M|100\/100\n|turn|9\n|\n|t:|1700354150\n|switch|p1a: Clefable|Clefable, F|100\/100\n|move|p2a: Urshifu|Surging Strikes|p1a: Clefable\n|-crit|p1a: Clefable\n|-damage|p1a: Clefable|77\/100\n|-crit|p1a: Clefable\n|-damage|p1a: Clefable|50\/100\n|-crit|p1a: Clefable\n|-damage|p1a: Clefable|22\/100\n|-hitcount|p1a: Clefable|3\n|\n|-heal|p1a: Clefable|28\/100|[from] item: Leftovers\n|upkeep\n|turn|10\n|\n|t:|1700354158\n|-terastallize|p2a: Urshifu|Water\n|move|p2a: Urshifu|Surging Strikes|p1a: Clefable\n|-crit|p1a: Clefable\n|-damage|p1a: Clefable|0 fnt\n|faint|p1a: Clefable\n|-hitcount|p1: Clefable|1\n|\n|-fieldend|move: Psychic Terrain\n|upkeep\n|\n|t:|1700354163\n|switch|p1a: Tapu Koko|Tapu Koko|100\/100\n|-fieldstart|move: Electric Terrain|[from] ability: Electric Surge|[of] p1a: Tapu Koko\n|turn|11\n|\n|t:|1700354171\n|switch|p2a: Tapu Lele|Tapu Lele|100\/100\n|-fieldstart|move: Psychic Terrain|[from] ability: Psychic Surge|[of] p2a: Tapu Lele\n|move|p1a: Tapu Koko|Volt Switch|p2a: Tapu Lele\n|-damage|p2a: Tapu Lele|66\/100\n|\n|t:|1700354176\n|switch|p1a: Jirachi|Jirachi|49\/100|[from] Volt Switch\n|\n|-heal|p1a: Jirachi|55\/100|[from] item: Leftovers\n|upkeep\n|turn|12\n|\n|t:|1700354186\n|move|p2a: Tapu Lele|Moonblast|p1a: Jirachi\n|-resisted|p1a: Jirachi\n|-damage|p1a: Jirachi|41\/100\n|move|p1a: Jirachi|Wish|p1a: Jirachi\n|\n|-heal|p1a: Jirachi|47\/100|[from] item: Leftovers\n|upkeep\n|turn|13\n|\n|t:|1700354194\n|switch|p2a: Urshifu|Urshifu-Rapid-Strike, M, tera:Water|100\/100\n|move|p1a: Jirachi|Body Slam|p2a: Urshifu\n|-damage|p2a: Urshifu|82\/100\n|-status|p2a: Urshifu|par\n|\n|-heal|p1a: Jirachi|97\/100|[from] move: Wish|[wisher] Jirachi\n|-heal|p1a: Jirachi|100\/100|[from] item: Leftovers\n|upkeep\n|turn|14\n|\n|t:|1700354203\n|move|p1a: Jirachi|U-turn|p2a: Urshifu\n|-damage|p2a: Urshifu|68\/100 par\n|\n|t:|1700354205\n|switch|p1a: Landorus|Landorus-Therian, M|100\/100|[from] U-turn\n|-ability|p1a: Landorus|Intimidate|boost\n|-unboost|p2a: Urshifu|atk|1\n|move|p2a: Urshifu|Surging Strikes|p1a: Landorus\n|-supereffective|p1a: Landorus\n|-crit|p1a: Landorus\n|-damage|p1a: Landorus|15\/100\n|-supereffective|p1a: Landorus\n|-crit|p1a: Landorus\n|-damage|p1a: Landorus|0 fnt\n|faint|p1a: Landorus\n|-hitcount|p1: Landorus|2\n|\n|upkeep\n|\n|t:|1700354207\n|switch|p1a: Tapu Koko|Tapu Koko|100\/100\n|-fieldstart|move: Electric Terrain|[from] ability: Electric Surge|[of] p1a: Tapu Koko\n|turn|15\n|\n|t:|1700354218\n|switch|p2a: Tapu Lele|Tapu Lele|66\/100\n|-fieldstart|move: Psychic Terrain|[from] ability: Psychic Surge|[of] p2a: Tapu Lele\n|-zpower|p1a: Tapu Koko\n|move|p1a: Tapu Koko|Twinkle Tackle|p2a: Tapu Lele|[zeffect]\n|-damage|p2a: Tapu Lele|0 fnt\n|faint|p2a: Tapu Lele\n|\n|upkeep\n|j| NotAmazingYT\n|\n|t:|1700354227\n|switch|p2a: Gardevoir|Gardevoir, F, shiny|100\/100\n|turn|16\n|\n|t:|1700354234\n|detailschange|p2a: Gardevoir|Gardevoir-Mega, F, shiny\n|-mega|p2a: Gardevoir|Gardevoir|Gardevoirite\n|move|p1a: Tapu Koko|Volt Switch|p2a: Gardevoir\n|-damage|p2a: Gardevoir|75\/100\n|\n|t:|1700354237\n|switch|p1a: Jirachi|Jirachi|100\/100|[from] Volt Switch\n|move|p2a: Gardevoir|Hyper Voice|p1a: Jirachi\n|-resisted|p1a: Jirachi\n|-damage|p1a: Jirachi|80\/100\n|\n|-heal|p1a: Jirachi|86\/100|[from] item: Leftovers\n|upkeep\n|turn|17\n|\n|t:|1700354248\n|move|p2a: Gardevoir|Pain Split|p1a: Jirachi\n|-sethp|p1a: Jirachi|69\/100|[from] move: Pain Split|[silent]\n|-sethp|p2a: Gardevoir|99\/100|[from] move: Pain Split\n|move|p1a: Jirachi|Body Slam|p2a: Gardevoir\n|-damage|p2a: Gardevoir|68\/100\n|-status|p2a: Gardevoir|par\n|\n|-heal|p1a: Jirachi|75\/100|[from] item: Leftovers\n|upkeep\n|turn|18\n|inactive|Accelerater06 has 120 seconds left.\n|l|\u2606Accelerater06\n|inactive|Accelerater06 disconnected and has a minute to reconnect!\n|player|p2|\n|l| NotAmazingYT\n|inactive|Accelerater06 has 30 seconds to reconnect!\n|inactive|Accelerater06 has 20 seconds to reconnect!\n|inactive|Accelerater06 has 15 seconds to reconnect!\n|inactive|Accelerater06 has 10 seconds to reconnect!\n|inactive|Accelerater06 has 5 seconds to reconnect!\n|-message|Accelerater06 lost due to inactivity.\n|\n|win|Regielekiv2\n|raw|Regielekiv2's rating: 1692 &rarr; <strong>1710<\/strong><br \/>(+18 for winning)\n|raw|Accelerater06's rating: 1653 &rarr; <strong>1635<\/strong><br \/>(-18 for losing)\n","uploadtime":1700354357,"views":11,"p1id":"regielekiv2","p2id":"accelerater06","formatid":"gen9nationaldex","rating":1635,"private":0,"password":""}