{"id":"gen9nationaldex-1995156641","p1":"Zeus_X_DEath","p2":"Marty1010","format":"[Gen 9] National Dex","log":"|html|<div class=\"broadcast-blue\"><strong>[Gen 9] National Dex is currently suspecting Sneasler! For information on how to participate check out the <a href=\"https:\/\/www.smogon.com\/forums\/threads\/sv-national-dex-suspect-8-just-dance.3731534\/\">suspect thread<\/a>.<\/strong><\/div>\n|j|\u2606Zeus_X_DEath\n|j|\u2606Marty1010\n|t:|1700528897\n|gametype|singles\n|player|p1|Zeus_X_DEath|biker|1283\n|player|p2|Marty1010|blackbelt-gen4|1274\n|teamsize|p1|6\n|teamsize|p2|6\n|gen|9\n|tier|[Gen 9] National Dex\n|rated|\n|rule|HP Percentage Mod: HP is shown in percentages\n|rule|Endless Battle Clause: Forcing endless battles is banned\n|rule|OHKO Clause: OHKO moves are banned\n|rule|Evasion Clause: Evasion abilities, items, and moves are banned\n|rule|Evasion Abilities Clause: Evasion abilities are banned\n|rule|Evasion Items Clause: Evasion items are banned\n|rule|Evasion Moves Clause: Evasion moves are banned\n|rule|Species Clause: Limit one of each Pok\u00e9mon\n|rule|Sleep Clause Mod: Limit one foe put to sleep\n|clearpoke\n|poke|p1|Metagross|\n|poke|p1|Ferrothorn, M|\n|poke|p1|Toxapex, M|\n|poke|p1|Beedrill, M|\n|poke|p1|Registeel|\n|poke|p1|Hippowdon, M|\n|poke|p2|Charizard, F|\n|poke|p2|Leafeon, M|\n|poke|p2|Ferrothorn, M|\n|poke|p2|Corviknight, F|\n|poke|p2|Garganacl, M|\n|poke|p2|Toxapex, F|\n|teampreview\n|\n|t:|1700528909\n|start\n|switch|p1a: Beedrill|Beedrill, M|100\/100\n|switch|p2a: Spikey|Ferrothorn, M|100\/100\n|turn|1\n|\n|t:|1700528920\n|detailschange|p1a: Beedrill|Beedrill-Mega, M\n|-mega|p1a: Beedrill|Beedrill|Beedrillite\n|move|p1a: Beedrill|U-turn|p2a: Spikey\n|-damage|p2a: Spikey|67\/100\n|-damage|p1a: Beedrill|88\/100|[from] ability: Iron Barbs|[of] p2a: Spikey\n|\n|t:|1700528932\n|switch|p1a: Registeel|Registeel|100\/100|[from] U-turn\n|move|p2a: Spikey|Leech Seed|p1a: Registeel\n|-start|p1a: Registeel|move: Leech Seed\n|\n|-heal|p2a: Spikey|73\/100|[from] item: Leftovers\n|-damage|p1a: Registeel|88\/100|[from] Leech Seed|[of] p2a: Spikey\n|-heal|p2a: Spikey|86\/100|[silent]\n|upkeep\n|turn|2\n|\n|t:|1700528943\n|move|p1a: Registeel|Iron Defense|p1a: Registeel\n|-boost|p1a: Registeel|def|2\n|move|p2a: Spikey|Stealth Rock|p1a: Registeel\n|-sidestart|p1: Zeus_X_DEath|move: Stealth Rock\n|\n|-heal|p1a: Registeel|94\/100|[from] item: Leftovers\n|-heal|p2a: Spikey|92\/100|[from] item: Leftovers\n|-damage|p1a: Registeel|82\/100|[from] Leech Seed|[of] p2a: Spikey\n|-heal|p2a: Spikey|100\/100|[silent]\n|upkeep\n|turn|3\n|\n|t:|1700528953\n|move|p1a: Registeel|Iron Defense|p1a: Registeel\n|-boost|p1a: Registeel|def|2\n|move|p2a: Spikey|Spikes|p1a: Registeel\n|-sidestart|p1: Zeus_X_DEath|Spikes\n|\n|-heal|p1a: Registeel|88\/100|[from] item: Leftovers\n|-damage|p1a: Registeel|75\/100|[from] Leech Seed|[of] p2a: Spikey\n|upkeep\n|turn|4\n|\n|t:|1700528962\n|move|p1a: Registeel|Iron Defense|p1a: Registeel\n|-boost|p1a: Registeel|def|2\n|move|p2a: Spikey|Spikes|p1a: Registeel\n|-sidestart|p1: Zeus_X_DEath|Spikes\n|\n|-heal|p1a: Registeel|82\/100|[from] item: Leftovers\n|-damage|p1a: Registeel|69\/100|[from] Leech Seed|[of] p2a: Spikey\n|upkeep\n|turn|5\n|\n|t:|1700528971\n|move|p1a: Registeel|Body Press|p2a: Spikey\n|-supereffective|p2a: Spikey\n|-damage|p2a: Spikey|0 fnt\n|-damage|p1a: Registeel|57\/100|[from] ability: Iron Barbs|[of] p2a: Spikey\n|faint|p2a: Spikey\n|\n|-heal|p1a: Registeel|63\/100|[from] item: Leftovers\n|upkeep\n|\n|t:|1700528978\n|switch|p2a: Charli|Charizard, F|100\/100\n|turn|6\n|\n|t:|1700528983\n|switch|p1a: Toxapex|Toxapex, M|100\/100\n|-damage|p1a: Toxapex|88\/100|[from] Stealth Rock\n|-damage|p1a: Toxapex|72\/100|[from] Spikes\n|detailschange|p2a: Charli|Charizard-Mega-Y, F\n|-mega|p2a: Charli|Charizard|Charizardite Y\n|-weather|SunnyDay|[from] ability: Drought|[of] p2a: Charli\n|move|p2a: Charli|Weather Ball|p1a: Toxapex\n|-resisted|p1a: Toxapex\n|-damage|p1a: Toxapex|40\/100\n|\n|-weather|SunnyDay|[upkeep]\n|-heal|p1a: Toxapex|46\/100|[from] item: Black Sludge\n|upkeep\n|turn|7\n|\n|t:|1700528999\n|move|p2a: Charli|Ancient Power|p1a: Toxapex\n|-damage|p1a: Toxapex|28\/100\n|move|p1a: Toxapex|Toxic|p2a: Charli\n|-status|p2a: Charli|tox\n|\n|-weather|SunnyDay|[upkeep]\n|-heal|p1a: Toxapex|35\/100|[from] item: Black Sludge\n|-damage|p2a: Charli|94\/100 tox|[from] psn\n|upkeep\n|turn|8\n|\n|t:|1700529009\n|switch|p2a: Corviknight|Corviknight, F|100\/100\n|-ability|p2a: Corviknight|Pressure\n|move|p1a: Toxapex|Baneful Bunker||[still]\n|-fail|p1a: Toxapex\n|\n|-weather|SunnyDay|[upkeep]\n|-heal|p1a: Toxapex|41\/100|[from] item: Black Sludge\n|upkeep\n|turn|9\n|\n|t:|1700529018\n|move|p2a: Corviknight|Iron Defense|p2a: Corviknight\n|-boost|p2a: Corviknight|def|2\n|move|p1a: Toxapex|Recover|p1a: Toxapex\n|-heal|p1a: Toxapex|91\/100\n|\n|-weather|SunnyDay|[upkeep]\n|-heal|p1a: Toxapex|97\/100|[from] item: Black Sludge\n|upkeep\n|turn|10\n|\n|t:|1700529027\n|switch|p1a: Hippowdon|Hippowdon, M|100\/100\n|-damage|p1a: Hippowdon|94\/100|[from] Stealth Rock\n|-damage|p1a: Hippowdon|78\/100|[from] Spikes\n|-weather|Sandstorm|[from] ability: Sand Stream|[of] p1a: Hippowdon\n|move|p2a: Corviknight|Iron Defense|p2a: Corviknight\n|-boost|p2a: Corviknight|def|2\n|\n|-weather|Sandstorm|[upkeep]\n|upkeep\n|turn|11\n|\n|t:|1700529038\n|move|p2a: Corviknight|Body Press|p1a: Hippowdon\n|-damage|p1a: Hippowdon|42\/100\n|-damage|p2a: Corviknight|84\/100|[from] item: Rocky Helmet|[of] p1a: Hippowdon\n|move|p1a: Hippowdon|Whirlwind|p2a: Corviknight\n|drag|p2a: Garganacl|Garganacl, M|100\/100\n|\n|-weather|Sandstorm|[upkeep]\n|upkeep\n|turn|12\n|\n|t:|1700529049\n|switch|p2a: Corviknight|Corviknight, F|84\/100\n|-ability|p2a: Corviknight|Pressure\n|move|p1a: Hippowdon|Slack Off|p1a: Hippowdon\n|-heal|p1a: Hippowdon|92\/100\n|\n|-weather|Sandstorm|[upkeep]\n|upkeep\n|turn|13\n|\n|t:|1700529057\n|move|p2a: Corviknight|Brave Bird|p1a: Hippowdon\n|-damage|p1a: Hippowdon|70\/100\n|-damage|p2a: Corviknight|67\/100|[from] item: Rocky Helmet|[of] p1a: Hippowdon\n|-damage|p2a: Corviknight|59\/100|[from] Recoil\n|move|p1a: Hippowdon|Stealth Rock|p2a: Corviknight\n|-sidestart|p2: Marty1010|move: Stealth Rock\n|\n|-weather|Sandstorm|[upkeep]\n|upkeep\n|turn|14\n|\n|t:|1700529067\n|move|p2a: Corviknight|Roost|p2a: Corviknight\n|-heal|p2a: Corviknight|100\/100\n|-singleturn|p2a: Corviknight|move: Roost\n|move|p1a: Hippowdon|Slack Off|p1a: Hippowdon\n|-heal|p1a: Hippowdon|100\/100\n|\n|-weather|none\n|upkeep\n|turn|15\n|\n|t:|1700529076\n|move|p2a: Corviknight|Iron Defense|p2a: Corviknight\n|-boost|p2a: Corviknight|def|2\n|move|p1a: Hippowdon|Whirlwind|p2a: Corviknight\n|drag|p2a: Leon|Leafeon, M|100\/100\n|-damage|p2a: Leon|88\/100|[from] Stealth Rock\n|\n|upkeep\n|turn|16\n|\n|t:|1700529088\n|switch|p1a: Beedrill|Beedrill-Mega, M|88\/100\n|-damage|p1a: Beedrill|64\/100|[from] Stealth Rock\n|-damage|p1a: Beedrill|47\/100|[from] Spikes\n|move|p2a: Leon|Leaf Blade|p1a: Beedrill\n|-resisted|p1a: Beedrill\n|-damage|p1a: Beedrill|2\/100\n|\n|upkeep\n|turn|17\n|\n|t:|1700529098\n|switch|p2a: Corviknight|Corviknight, F|100\/100\n|-ability|p2a: Corviknight|Pressure\n|move|p1a: Beedrill|U-turn|p2a: Corviknight\n|-resisted|p2a: Corviknight\n|-damage|p2a: Corviknight|88\/100\n|\n|t:|1700529112\n|switch|p1a: Hippowdon|Hippowdon, M|100\/100|[from] U-turn\n|-damage|p1a: Hippowdon|94\/100|[from] Stealth Rock\n|-damage|p1a: Hippowdon|78\/100|[from] Spikes\n|-weather|Sandstorm|[from] ability: Sand Stream|[of] p1a: Hippowdon\n|\n|-weather|Sandstorm|[upkeep]\n|upkeep\n|turn|18\n|\n|t:|1700529121\n|move|p2a: Corviknight|Iron Defense|p2a: Corviknight\n|-boost|p2a: Corviknight|def|2\n|move|p1a: Hippowdon|Whirlwind|p2a: Corviknight\n|drag|p2a: Charli|Charizard-Mega-Y, F|94\/100 tox\n|-damage|p2a: Charli|45\/100 tox|[from] Stealth Rock\n|-weather|SunnyDay|[from] ability: Drought|[of] p2a: Charli\n|\n|-weather|SunnyDay|[upkeep]\n|-damage|p2a: Charli|39\/100 tox|[from] psn\n|upkeep\n|turn|19\n|\n|t:|1700529136\n|move|p2a: Charli|Solar Beam||[still]\n|-prepare|p2a: Charli|Solar Beam\n|-anim|p2a: Charli|Solar Beam|p1a: Hippowdon\n|-supereffective|p1a: Hippowdon\n|-damage|p1a: Hippowdon|0 fnt\n|faint|p1a: Hippowdon\n|\n|-weather|SunnyDay|[upkeep]\n|-damage|p2a: Charli|26\/100 tox|[from] psn\n|upkeep\n|\n|t:|1700529150\n|switch|p1a: Toxapex|Toxapex, M|100\/100\n|-damage|p1a: Toxapex|88\/100|[from] Stealth Rock\n|-damage|p1a: Toxapex|72\/100|[from] Spikes\n|turn|20\n|\n|t:|1700529157\n|switch|p2a: Corviknight|Corviknight, F|88\/100\n|-ability|p2a: Corviknight|Pressure\n|move|p1a: Toxapex|Scald|p2a: Corviknight\n|-damage|p2a: Corviknight|82\/100\n|-status|p2a: Corviknight|brn\n|\n|-weather|SunnyDay|[upkeep]\n|-heal|p1a: Toxapex|78\/100|[from] item: Black Sludge\n|-damage|p2a: Corviknight|76\/100 brn|[from] brn\n|upkeep\n|turn|21\n|\n|t:|1700529178\n|switch|p1a: Ferrothorn|Ferrothorn, M|100\/100\n|-damage|p1a: Ferrothorn|94\/100|[from] Stealth Rock\n|-damage|p1a: Ferrothorn|78\/100|[from] Spikes\n|move|p2a: Corviknight|Iron Defense|p2a: Corviknight\n|-boost|p2a: Corviknight|def|2\n|\n|-weather|SunnyDay|[upkeep]\n|-heal|p1a: Ferrothorn|84\/100|[from] item: Leftovers\n|-damage|p2a: Corviknight|70\/100 brn|[from] brn\n|upkeep\n|turn|22\n|\n|t:|1700529189\n|move|p2a: Corviknight|Iron Defense|p2a: Corviknight\n|-boost|p2a: Corviknight|def|2\n|move|p1a: Ferrothorn|Leech Seed|p2a: Corviknight|[miss]\n|-miss|p1a: Ferrothorn|p2a: Corviknight\n|\n|-weather|none\n|-heal|p1a: Ferrothorn|90\/100|[from] item: Leftovers\n|-damage|p2a: Corviknight|64\/100 brn|[from] brn\n|upkeep\n|turn|23\n|\n|t:|1700529199\n|move|p2a: Corviknight|Iron Defense|p2a: Corviknight\n|-boost|p2a: Corviknight|def|2\n|move|p1a: Ferrothorn|Leech Seed|p2a: Corviknight\n|-start|p2a: Corviknight|move: Leech Seed\n|\n|-heal|p1a: Ferrothorn|97\/100|[from] item: Leftovers\n|-damage|p2a: Corviknight|51\/100 brn|[from] Leech Seed|[of] p1a: Ferrothorn\n|-heal|p1a: Ferrothorn|100\/100|[silent]\n|-damage|p2a: Corviknight|45\/100 brn|[from] brn\n|upkeep\n|turn|24\n|\n|t:|1700529210\n|-terastallize|p1a: Ferrothorn|Grass\n|move|p2a: Corviknight|Body Press|p1a: Ferrothorn\n|-damage|p1a: Ferrothorn|79\/100\n|-damage|p2a: Corviknight|33\/100 brn|[from] ability: Iron Barbs|[of] p1a: Ferrothorn\n|move|p1a: Ferrothorn|Body Press|p2a: Corviknight\n|-damage|p2a: Corviknight|27\/100 brn\n|\n|-heal|p1a: Ferrothorn|85\/100|[from] item: Leftovers\n|-damage|p2a: Corviknight|14\/100 brn|[from] Leech Seed|[of] p1a: Ferrothorn\n|-heal|p1a: Ferrothorn|99\/100|[silent]\n|-damage|p2a: Corviknight|8\/100 brn|[from] brn\n|upkeep\n|turn|25\n|\n|t:|1700529236\n|switch|p1a: Toxapex|Toxapex, M|100\/100\n|-damage|p1a: Toxapex|88\/100|[from] Stealth Rock\n|-damage|p1a: Toxapex|72\/100|[from] Spikes\n|move|p2a: Corviknight|Roost|p2a: Corviknight\n|-heal|p2a: Corviknight|58\/100 brn\n|-singleturn|p2a: Corviknight|move: Roost\n|\n|-heal|p1a: Toxapex|78\/100|[from] item: Black Sludge\n|-damage|p2a: Corviknight|46\/100 brn|[from] Leech Seed|[of] p1a: Toxapex\n|-heal|p1a: Toxapex|94\/100|[silent]\n|-damage|p2a: Corviknight|40\/100 brn|[from] brn\n|upkeep\n|turn|26\n|\n|t:|1700529251\n|move|p2a: Corviknight|Roost|p2a: Corviknight\n|-heal|p2a: Corviknight|90\/100 brn\n|-singleturn|p2a: Corviknight|move: Roost\n|move|p1a: Toxapex|Scald|p2a: Corviknight\n|-damage|p2a: Corviknight|79\/100 brn\n|\n|-heal|p1a: Toxapex|99\/100|[from] item: Black Sludge\n|-damage|p2a: Corviknight|66\/100 brn|[from] Leech Seed|[of] p1a: Toxapex\n|-heal|p1a: Toxapex|100\/100|[silent]\n|-damage|p2a: Corviknight|60\/100 brn|[from] brn\n|upkeep\n|turn|27\n|\n|t:|1700529263\n|move|p2a: Corviknight|Roost|p2a: Corviknight\n|-heal|p2a: Corviknight|100\/100 brn\n|-singleturn|p2a: Corviknight|move: Roost\n|move|p1a: Toxapex|Scald|p2a: Corviknight\n|-damage|p2a: Corviknight|89\/100 brn\n|\n|-damage|p2a: Corviknight|77\/100 brn|[from] Leech Seed|[of] p1a: Toxapex\n|-damage|p2a: Corviknight|71\/100 brn|[from] brn\n|upkeep\n|turn|28\n|\n|t:|1700529274\n|move|p2a: Corviknight|Body Press|p1a: Toxapex\n|-resisted|p1a: Toxapex\n|-damage|p1a: Toxapex|86\/100\n|move|p1a: Toxapex|Scald|p2a: Corviknight\n|-damage|p2a: Corviknight|59\/100 brn\n|\n|-heal|p1a: Toxapex|92\/100|[from] item: Black Sludge\n|-damage|p2a: Corviknight|47\/100 brn|[from] Leech Seed|[of] p1a: Toxapex\n|-heal|p1a: Toxapex|100\/100|[silent]\n|-damage|p2a: Corviknight|41\/100 brn|[from] brn\n|upkeep\n|turn|29\n|\n|t:|1700529289\n|move|p2a: Corviknight|Roost|p2a: Corviknight\n|-heal|p2a: Corviknight|91\/100 brn\n|-singleturn|p2a: Corviknight|move: Roost\n|move|p1a: Toxapex|Scald|p2a: Corviknight\n|-damage|p2a: Corviknight|80\/100 brn\n|\n|-damage|p2a: Corviknight|67\/100 brn|[from] Leech Seed|[of] p1a: Toxapex\n|-damage|p2a: Corviknight|61\/100 brn|[from] brn\n|upkeep\n|turn|30\n|\n|t:|1700529305\n|move|p2a: Corviknight|Roost|p2a: Corviknight\n|-heal|p2a: Corviknight|100\/100 brn\n|-singleturn|p2a: Corviknight|move: Roost\n|move|p1a: Toxapex|Toxic||[still]\n|-fail|p1a: Toxapex\n|\n|-damage|p2a: Corviknight|88\/100 brn|[from] Leech Seed|[of] p1a: Toxapex\n|-damage|p2a: Corviknight|82\/100 brn|[from] brn\n|upkeep\n|turn|31\n|\n|t:|1700529317\n|move|p2a: Corviknight|Body Press|p1a: Toxapex\n|-resisted|p1a: Toxapex\n|-damage|p1a: Toxapex|85\/100\n|move|p1a: Toxapex|Scald|p2a: Corviknight\n|-damage|p2a: Corviknight|71\/100 brn\n|\n|-heal|p1a: Toxapex|91\/100|[from] item: Black Sludge\n|-damage|p2a: Corviknight|59\/100 brn|[from] Leech Seed|[of] p1a: Toxapex\n|-heal|p1a: Toxapex|100\/100|[silent]\n|-damage|p2a: Corviknight|53\/100 brn|[from] brn\n|upkeep\n|turn|32\n|\n|t:|1700529329\n|move|p2a: Corviknight|Roost|p2a: Corviknight\n|-heal|p2a: Corviknight|100\/100 brn\n|-singleturn|p2a: Corviknight|move: Roost\n|move|p1a: Toxapex|Scald|p2a: Corviknight\n|-damage|p2a: Corviknight|89\/100 brn\n|\n|-damage|p2a: Corviknight|77\/100 brn|[from] Leech Seed|[of] p1a: Toxapex\n|-damage|p2a: Corviknight|71\/100 brn|[from] brn\n|upkeep\n|turn|33\n|\n|t:|1700529345\n|move|p2a: Corviknight|Body Press|p1a: Toxapex\n|-resisted|p1a: Toxapex\n|-damage|p1a: Toxapex|87\/100\n|move|p1a: Toxapex|Scald|p2a: Corviknight\n|-damage|p2a: Corviknight|60\/100 brn\n|\n|-heal|p1a: Toxapex|93\/100|[from] item: Black Sludge\n|-damage|p2a: Corviknight|48\/100 brn|[from] Leech Seed|[of] p1a: Toxapex\n|-heal|p1a: Toxapex|100\/100|[silent]\n|-damage|p2a: Corviknight|42\/100 brn|[from] brn\n|upkeep\n|turn|34\n|\n|t:|1700529357\n|move|p2a: Corviknight|Roost|p2a: Corviknight\n|-heal|p2a: Corviknight|92\/100 brn\n|-singleturn|p2a: Corviknight|move: Roost\n|move|p1a: Toxapex|Scald|p2a: Corviknight\n|-damage|p2a: Corviknight|80\/100 brn\n|\n|-damage|p2a: Corviknight|68\/100 brn|[from] Leech Seed|[of] p1a: Toxapex\n|-damage|p2a: Corviknight|62\/100 brn|[from] brn\n|upkeep\n|turn|35\n|\n|t:|1700529372\n|switch|p1a: Ferrothorn|Ferrothorn, M, tera:Grass|99\/100\n|-damage|p1a: Ferrothorn|86\/100|[from] Stealth Rock\n|-damage|p1a: Ferrothorn|70\/100|[from] Spikes\n|move|p2a: Corviknight|Body Press|p1a: Ferrothorn\n|-damage|p1a: Ferrothorn|48\/100\n|-damage|p2a: Corviknight|50\/100 brn|[from] ability: Iron Barbs|[of] p1a: Ferrothorn\n|\n|-heal|p1a: Ferrothorn|54\/100|[from] item: Leftovers\n|-damage|p2a: Corviknight|38\/100 brn|[from] Leech Seed|[of] p1a: Ferrothorn\n|-heal|p1a: Ferrothorn|68\/100|[silent]\n|-damage|p2a: Corviknight|32\/100 brn|[from] brn\n|upkeep\n|turn|36\n|\n|t:|1700529389\n|switch|p1a: Toxapex|Toxapex, M|100\/100\n|-damage|p1a: Toxapex|88\/100|[from] Stealth Rock\n|-damage|p1a: Toxapex|72\/100|[from] Spikes\n|move|p2a: Corviknight|Brave Bird|p1a: Toxapex\n|-damage|p1a: Toxapex|56\/100\n|-damage|p2a: Corviknight|28\/100 brn|[from] Recoil\n|\n|-heal|p1a: Toxapex|62\/100|[from] item: Black Sludge\n|-damage|p2a: Corviknight|15\/100 brn|[from] Leech Seed|[of] p1a: Toxapex\n|-heal|p1a: Toxapex|78\/100|[silent]\n|-damage|p2a: Corviknight|9\/100 brn|[from] brn\n|upkeep\n|turn|37\n|\n|t:|1700529403\n|move|p2a: Corviknight|Iron Defense|p2a: Corviknight\n|-boost|p2a: Corviknight|def|0\n|move|p1a: Toxapex|Recover|p1a: Toxapex\n|-heal|p1a: Toxapex|100\/100\n|\n|-damage|p2a: Corviknight|0 fnt|[from] Leech Seed|[of] p1a: Toxapex\n|faint|p2a: Corviknight\n|upkeep\n|\n|t:|1700529419\n|switch|p2a: Garganacl|Garganacl, M|100\/100\n|-damage|p2a: Garganacl|88\/100|[from] Stealth Rock\n|turn|38\n|\n|t:|1700529427\n|move|p1a: Toxapex|Toxic|p2a: Garganacl\n|-immune|p2a: Garganacl|[from] ability: Purifying Salt\n|move|p2a: Garganacl|Stone Edge|p1a: Toxapex\n|-damage|p1a: Toxapex|71\/100\n|\n|-heal|p1a: Toxapex|77\/100|[from] item: Black Sludge\n|upkeep\n|turn|39\n|\n|t:|1700529435\n|move|p1a: Toxapex|Scald|p2a: Garganacl\n|-supereffective|p2a: Garganacl\n|-damage|p2a: Garganacl|64\/100\n|move|p2a: Garganacl|Salt Cure|p1a: Toxapex\n|-damage|p1a: Toxapex|67\/100\n|-start|p1a: Toxapex|Salt Cure\n|\n|-heal|p1a: Toxapex|73\/100|[from] item: Black Sludge\n|-damage|p1a: Toxapex|48\/100|[from] Salt Cure\n|upkeep\n|turn|40\n|\n|t:|1700529446\n|move|p2a: Garganacl|Recover|p2a: Garganacl\n|-heal|p2a: Garganacl|100\/100\n|move|p1a: Toxapex|Recover|p1a: Toxapex\n|-heal|p1a: Toxapex|98\/100\n|\n|-heal|p1a: Toxapex|100\/100|[from] item: Black Sludge\n|-damage|p1a: Toxapex|75\/100|[from] Salt Cure\n|upkeep\n|turn|41\n|\n|t:|1700529456\n|switch|p1a: Ferrothorn|Ferrothorn, M, tera:Grass|68\/100\n|-damage|p1a: Ferrothorn|56\/100|[from] Stealth Rock\n|-damage|p1a: Ferrothorn|39\/100|[from] Spikes\n|move|p2a: Garganacl|Stone Edge|p1a: Ferrothorn\n|-crit|p1a: Ferrothorn\n|-damage|p1a: Ferrothorn|9\/100\n|\n|-heal|p1a: Ferrothorn|16\/100|[from] item: Leftovers\n|upkeep\n|turn|42\n|\n|t:|1700529467\n|move|p2a: Garganacl|Salt Cure|p1a: Ferrothorn\n|-damage|p1a: Ferrothorn|7\/100\n|-start|p1a: Ferrothorn|Salt Cure\n|move|p1a: Ferrothorn|Leech Seed|p2a: Garganacl\n|-start|p2a: Garganacl|move: Leech Seed\n|\n|-heal|p1a: Ferrothorn|13\/100|[from] item: Leftovers\n|-damage|p2a: Garganacl|88\/100|[from] Leech Seed|[of] p1a: Ferrothorn\n|-heal|p1a: Ferrothorn|27\/100|[silent]\n|-damage|p1a: Ferrothorn|15\/100|[from] Salt Cure\n|upkeep\n|turn|43\n|\n|t:|1700529480\n|move|p2a: Garganacl|Stone Edge|p1a: Ferrothorn\n|-crit|p1a: Ferrothorn\n|-damage|p1a: Ferrothorn|0 fnt\n|faint|p1a: Ferrothorn\n|\n|upkeep\n|\n|t:|1700529487\n|switch|p1a: Registeel|Registeel|63\/100\n|-damage|p1a: Registeel|57\/100|[from] Stealth Rock\n|-damage|p1a: Registeel|40\/100|[from] Spikes\n|turn|44\n|\n|t:|1700529494\n|switch|p2a: Poison|Toxapex, F|100\/100\n|-damage|p2a: Poison|88\/100|[from] Stealth Rock\n|move|p1a: Registeel|Protect||[still]\n|-fail|p1a: Registeel\n|\n|-heal|p1a: Registeel|46\/100|[from] item: Leftovers\n|-heal|p2a: Poison|94\/100|[from] item: Black Sludge\n|upkeep\n|turn|45\n|\n|t:|1700529505\n|move|p1a: Registeel|Iron Defense|p1a: Registeel\n|-boost|p1a: Registeel|def|2\n|move|p2a: Poison|Scald|p1a: Registeel\n|-damage|p1a: Registeel|38\/100\n|-status|p1a: Registeel|brn\n|\n|-heal|p1a: Registeel|44\/100 brn|[from] item: Leftovers\n|-heal|p2a: Poison|100\/100|[from] item: Black Sludge\n|-damage|p1a: Registeel|38\/100 brn|[from] brn\n|upkeep\n|turn|46\n|\n|t:|1700529517\n|move|p1a: Registeel|Iron Defense|p1a: Registeel\n|-boost|p1a: Registeel|def|2\n|move|p2a: Poison|Toxic Spikes|p1a: Registeel\n|-sidestart|p1: Zeus_X_DEath|move: Toxic Spikes\n|\n|-heal|p1a: Registeel|44\/100 brn|[from] item: Leftovers\n|-damage|p1a: Registeel|38\/100 brn|[from] brn\n|upkeep\n|turn|47\n|\n|t:|1700529526\n|move|p1a: Registeel|Iron Defense|p1a: Registeel\n|-boost|p1a: Registeel|def|2\n|move|p2a: Poison|Haze|p2a: Poison\n|-clearallboost\n|\n|-heal|p1a: Registeel|44\/100 brn|[from] item: Leftovers\n|-damage|p1a: Registeel|38\/100 brn|[from] brn\n|upkeep\n|turn|48\n|\n|t:|1700529540\n|move|p1a: Registeel|Iron Defense|p1a: Registeel\n|-boost|p1a: Registeel|def|2\n|move|p2a: Poison|Toxic Spikes|p1a: Registeel\n|-sidestart|p1: Zeus_X_DEath|move: Toxic Spikes\n|\n|-heal|p1a: Registeel|44\/100 brn|[from] item: Leftovers\n|-damage|p1a: Registeel|38\/100 brn|[from] brn\n|upkeep\n|turn|49\n|\n|t:|1700529548\n|move|p1a: Registeel|Body Press|p2a: Poison\n|-resisted|p2a: Poison\n|-damage|p2a: Poison|92\/100\n|move|p2a: Poison|Scald|p1a: Registeel\n|-damage|p1a: Registeel|30\/100 brn\n|\n|-heal|p1a: Registeel|36\/100 brn|[from] item: Leftovers\n|-heal|p2a: Poison|99\/100|[from] item: Black Sludge\n|-damage|p1a: Registeel|30\/100 brn|[from] brn\n|upkeep\n|turn|50\n|\n|t:|1700529563\n|switch|p1a: Metagross|Metagross|100\/100\n|-damage|p1a: Metagross|94\/100|[from] Stealth Rock\n|-damage|p1a: Metagross|78\/100|[from] Spikes\n|move|p2a: Poison|Haze|p2a: Poison\n|-clearallboost\n|\n|-heal|p1a: Metagross|84\/100|[from] item: Leftovers\n|-heal|p2a: Poison|100\/100|[from] item: Black Sludge\n|upkeep\n|turn|51\n|\n|t:|1700529581\n|switch|p2a: Charli|Charizard-Mega-Y, F|26\/100 tox\n|-damage|p2a: Charli|0 fnt|[from] Stealth Rock\n|faint|p2a: Charli\n|move|p1a: Metagross|Cosmic Power|p1a: Metagross\n|-boost|p1a: Metagross|def|1\n|-boost|p1a: Metagross|spd|1\n|\n|-heal|p1a: Metagross|90\/100|[from] item: Leftovers\n|upkeep\n|\n|t:|1700529594\n|switch|p2a: Garganacl|Garganacl, M|88\/100\n|-damage|p2a: Garganacl|76\/100|[from] Stealth Rock\n|turn|52\n|\n|t:|1700529600\n|-terastallize|p2a: Garganacl|Water\n|move|p1a: Metagross|Cosmic Power|p1a: Metagross\n|-boost|p1a: Metagross|def|1\n|-boost|p1a: Metagross|spd|1\n|move|p2a: Garganacl|Recover|p2a: Garganacl\n|-heal|p2a: Garganacl|100\/100\n|\n|-heal|p1a: Metagross|96\/100|[from] item: Leftovers\n|upkeep\n|turn|53\n|\n|t:|1700529610\n|move|p1a: Metagross|Cosmic Power|p1a: Metagross\n|-boost|p1a: Metagross|def|1\n|-boost|p1a: Metagross|spd|1\n|move|p2a: Garganacl|Salt Cure|p1a: Metagross\n|-resisted|p1a: Metagross\n|-damage|p1a: Metagross|94\/100\n|-start|p1a: Metagross|Salt Cure\n|\n|-heal|p1a: Metagross|100\/100|[from] item: Leftovers\n|-damage|p1a: Metagross|75\/100|[from] Salt Cure\n|upkeep\n|turn|54\n|\n|t:|1700529624\n|switch|p2a: Poison|Toxapex, F|100\/100\n|-damage|p2a: Poison|88\/100|[from] Stealth Rock\n|move|p1a: Metagross|Cosmic Power|p1a: Metagross\n|-boost|p1a: Metagross|def|1\n|-boost|p1a: Metagross|spd|1\n|\n|-heal|p1a: Metagross|82\/100|[from] item: Leftovers\n|-heal|p2a: Poison|94\/100|[from] item: Black Sludge\n|-damage|p1a: Metagross|57\/100|[from] Salt Cure\n|upkeep\n|turn|55\n|\n|t:|1700529640\n|move|p1a: Metagross|Bullet Punch|p2a: Poison\n|-resisted|p2a: Poison\n|-damage|p2a: Poison|88\/100\n|move|p2a: Poison|Haze|p2a: Poison\n|-clearallboost\n|\n|-heal|p1a: Metagross|63\/100|[from] item: Leftovers\n|-heal|p2a: Poison|95\/100|[from] item: Black Sludge\n|-damage|p1a: Metagross|38\/100|[from] Salt Cure\n|upkeep\n|turn|56\n|\n|t:|1700529653\n|switch|p1a: Beedrill|Beedrill-Mega, M|2\/100\n|-damage|p1a: Beedrill|0 fnt|[from] Stealth Rock\n|-sideend|p1: Zeus_X_DEath|move: Toxic Spikes|[of] p1a: Beedrill\n|faint|p1a: Beedrill\n|move|p2a: Poison|Scald|p1: Beedrill|[notarget]\n|-fail|p2a: Poison\n|\n|-heal|p2a: Poison|100\/100|[from] item: Black Sludge\n|upkeep\n|\n|t:|1700529663\n|switch|p1a: Toxapex|Toxapex, M|100\/100\n|-damage|p1a: Toxapex|88\/100|[from] Stealth Rock\n|-damage|p1a: Toxapex|72\/100|[from] Spikes\n|turn|57\n|\n|t:|1700529669\n|move|p1a: Toxapex|Recover|p1a: Toxapex\n|-heal|p1a: Toxapex|100\/100\n|move|p2a: Poison|Scald|p1a: Toxapex\n|-resisted|p1a: Toxapex\n|-damage|p1a: Toxapex|95\/100\n|\n|-heal|p1a: Toxapex|100\/100|[from] item: Black Sludge\n|upkeep\n|turn|58\n|\n|t:|1700529678\n|move|p1a: Toxapex|Baneful Bunker|p1a: Toxapex\n|-singleturn|p1a: Toxapex|move: Protect\n|move|p2a: Poison|Scald|p1a: Toxapex\n|-activate|p1a: Toxapex|move: Protect\n|\n|upkeep\n|turn|59\n|\n|t:|1700529685\n|move|p2a: Poison|Scald|p1a: Toxapex\n|-resisted|p1a: Toxapex\n|-damage|p1a: Toxapex|96\/100\n|-status|p1a: Toxapex|brn\n|move|p1a: Toxapex|Scald|p2a: Poison\n|-resisted|p2a: Poison\n|-damage|p2a: Poison|94\/100\n|\n|-heal|p2a: Poison|100\/100|[from] item: Black Sludge\n|-heal|p1a: Toxapex|100\/100 brn|[from] item: Black Sludge\n|-damage|p1a: Toxapex|94\/100 brn|[from] brn\n|upkeep\n|turn|60\n|\n|t:|1700529699\n|move|p1a: Toxapex|Scald|p2a: Poison\n|-resisted|p2a: Poison\n|-damage|p2a: Poison|93\/100\n|move|p2a: Poison|Haze|p2a: Poison\n|-clearallboost\n|\n|-heal|p2a: Poison|99\/100|[from] item: Black Sludge\n|-heal|p1a: Toxapex|100\/100 brn|[from] item: Black Sludge\n|-damage|p1a: Toxapex|94\/100 brn|[from] brn\n|upkeep\n|turn|61\n|\n|t:|1700529710\n|move|p2a: Poison|Baneful Bunker|p2a: Poison\n|-singleturn|p2a: Poison|move: Protect\n|move|p1a: Toxapex|Scald|p2a: Poison\n|-activate|p2a: Poison|move: Protect\n|\n|-heal|p2a: Poison|100\/100|[from] item: Black Sludge\n|-heal|p1a: Toxapex|100\/100 brn|[from] item: Black Sludge\n|-damage|p1a: Toxapex|94\/100 brn|[from] brn\n|upkeep\n|turn|62\n|\n|t:|1700529722\n|move|p1a: Toxapex|Scald|p2a: Poison\n|-resisted|p2a: Poison\n|-damage|p2a: Poison|94\/100\n|move|p2a: Poison|Scald|p1a: Toxapex\n|-resisted|p1a: Toxapex\n|-damage|p1a: Toxapex|89\/100 brn\n|\n|-heal|p2a: Poison|99\/100|[from] item: Black Sludge\n|-heal|p1a: Toxapex|95\/100 brn|[from] item: Black Sludge\n|-damage|p1a: Toxapex|89\/100 brn|[from] brn\n|upkeep\n|turn|63\n|\n|t:|1700529734\n|move|p2a: Poison|Baneful Bunker|p2a: Poison\n|-singleturn|p2a: Poison|move: Protect\n|move|p1a: Toxapex|Scald|p2a: Poison\n|-activate|p2a: Poison|move: Protect\n|\n|-heal|p2a: Poison|100\/100|[from] item: Black Sludge\n|-heal|p1a: Toxapex|95\/100 brn|[from] item: Black Sludge\n|-damage|p1a: Toxapex|89\/100 brn|[from] brn\n|upkeep\n|turn|64\n|\n|t:|1700529749\n|move|p1a: Toxapex|Baneful Bunker|p1a: Toxapex\n|-singleturn|p1a: Toxapex|move: Protect\n|move|p2a: Poison|Toxic Spikes|p1a: Toxapex\n|-sidestart|p1: Zeus_X_DEath|move: Toxic Spikes\n|\n|-heal|p1a: Toxapex|95\/100 brn|[from] item: Black Sludge\n|-damage|p1a: Toxapex|89\/100 brn|[from] brn\n|upkeep\n|turn|65\n|\n|t:|1700529760\n|move|p1a: Toxapex|Baneful Bunker|p1a: Toxapex\n|-singleturn|p1a: Toxapex|move: Protect\n|move|p2a: Poison|Toxic Spikes|p1a: Toxapex\n|-sidestart|p1: Zeus_X_DEath|move: Toxic Spikes\n|\n|-heal|p1a: Toxapex|95\/100 brn|[from] item: Black Sludge\n|-damage|p1a: Toxapex|89\/100 brn|[from] brn\n|upkeep\n|turn|66\n|c|\u2606Marty1010|test\n|c|\u2606Marty1010|kk not laging\n|inactive|Battle timer is ON: inactive players will automatically lose when time's up. (requested by Marty1010)\n|inactive|Zeus_X_DEath has 120 seconds left.\n|inactive|Zeus_X_DEath has 90 seconds left.\n|inactive|Zeus_X_DEath has 60 seconds left.\n|inactive|Zeus_X_DEath has 30 seconds left.\n|inactive|Zeus_X_DEath has 20 seconds left.\n|inactive|Zeus_X_DEath has 15 seconds left.\n|inactive|Zeus_X_DEath has 10 seconds left.\n|inactive|Zeus_X_DEath has 5 seconds left.\n|-message|Zeus_X_DEath lost due to inactivity.\n|\n|win|Marty1010\n|raw|Zeus_X_DEath's rating: 1283 &rarr; <strong>1257<\/strong><br \/>(-26 for losing)\n|raw|Marty1010's rating: 1274 &rarr; <strong>1300<\/strong><br \/>(+26 for winning)\n|c|\u2606Marty1010|um\n","uploadtime":1700530043,"views":6,"p1id":"zeusxdeath","p2id":"marty1010","formatid":"gen9nationaldex","rating":1257,"private":0,"password":""}