{"id":"gen9nationaldex-1988055592","p1":"lindao.1.","p2":"Jarl_jake","format":"[Gen 9] National Dex","log":"|j|\u2606lindao.1.\n|j|\u2606Jarl_jake\n|t:|1699664096\n|gametype|singles\n|player|p1|lindao.1.|shadowtriad|1169\n|player|p2|Jarl_jake|red|1138\n|teamsize|p1|6\n|teamsize|p2|6\n|gen|9\n|tier|[Gen 9] National Dex\n|rated|\n|rule|HP Percentage Mod: HP is shown in percentages\n|rule|Endless Battle Clause: Forcing endless battles is banned\n|rule|OHKO Clause: OHKO moves are banned\n|rule|Evasion Clause: Evasion abilities, items, and moves are banned\n|rule|Evasion Abilities Clause: Evasion abilities are banned\n|rule|Evasion Items Clause: Evasion items are banned\n|rule|Evasion Moves Clause: Evasion moves are banned\n|rule|Species Clause: Limit one of each Pok\u00e9mon\n|rule|Sleep Clause Mod: Limit one foe put to sleep\n|clearpoke\n|poke|p1|Pelipper, F|\n|poke|p1|Urshifu-*, M|\n|poke|p1|Zapdos|\n|poke|p1|Ferrothorn, F|\n|poke|p1|Torterra, M|\n|poke|p1|Swampert, F|\n|poke|p2|Ninetales-Alola, F|\n|poke|p2|Serperior, F|\n|poke|p2|Salamence, M|\n|poke|p2|Blaziken, M|\n|poke|p2|Blastoise, F|\n|poke|p2|Grimmsnarl, M|\n|teampreview\n|\n|t:|1699664108\n|start\n|switch|p1a: Torterra|Torterra, M|100\/100\n|switch|p2a: Chicharron|Blaziken, M, shiny|100\/100\n|turn|1\n|\n|t:|1699664122\n|-terastallize|p1a: Torterra|Fire\n|move|p2a: Chicharron|Swords Dance|p2a: Chicharron\n|-boost|p2a: Chicharron|atk|2\n|move|p1a: Torterra|Shell Smash|p1a: Torterra\n|-unboost|p1a: Torterra|def|1\n|-unboost|p1a: Torterra|spd|1\n|-boost|p1a: Torterra|atk|2\n|-boost|p1a: Torterra|spa|2\n|-boost|p1a: Torterra|spe|2\n|\n|-ability|p2a: Chicharron|Speed Boost|boost\n|-boost|p2a: Chicharron|spe|1\n|upkeep\n|turn|2\n|\n|t:|1699664137\n|move|p1a: Torterra|Rock Blast|p2a: Chicharron\n|-damage|p2a: Chicharron|75\/100\n|-damage|p2a: Chicharron|51\/100\n|-damage|p2a: Chicharron|27\/100\n|-damage|p2a: Chicharron|0 fnt\n|faint|p2a: Chicharron\n|-hitcount|p2: Chicharron|4\n|\n|upkeep\n|\n|t:|1699664146\n|switch|p2a: Grendel|Grimmsnarl, M, shiny|100\/100\n|turn|3\n|\n|t:|1699664149\n|move|p2a: Grendel|Thunder Wave|p1a: Torterra\n|-status|p1a: Torterra|par\n|move|p1a: Torterra|Bullet Seed|p2a: Grendel\n|-damage|p2a: Grendel|74\/100\n|-damage|p2a: Grendel|48\/100\n|-damage|p2a: Grendel|23\/100\n|-damage|p2a: Grendel|0 fnt\n|faint|p2a: Grendel\n|-hitcount|p2: Grendel|4\n|\n|upkeep\n|\n|t:|1699664160\n|switch|p2a: Paarthurnax|Salamence, M, shiny|100\/100\n|turn|4\n|\n|t:|1699664165\n|-terastallize|p2a: Paarthurnax|Ground\n|move|p2a: Paarthurnax|Earthquake|p1a: Torterra\n|-supereffective|p1a: Torterra\n|-damage|p1a: Torterra|0 fnt\n|faint|p1a: Torterra\n|-ability|p2a: Paarthurnax|Moxie|boost\n|-boost|p2a: Paarthurnax|atk|1\n|\n|upkeep\n|\n|t:|1699664174\n|switch|p1a: Pelipper|Pelipper, F, shiny|100\/100\n|-weather|RainDance|[from] ability: Drizzle|[of] p1a: Pelipper\n|turn|5\n|\n|t:|1699664185\n|switch|p2a: Fat Girl|Blastoise, F, shiny|100\/100\n|move|p1a: Pelipper|Weather Ball|p2a: Fat Girl\n|-resisted|p2a: Fat Girl\n|-damage|p2a: Fat Girl|77\/100\n|\n|-weather|RainDance|[upkeep]\n|upkeep\n|turn|6\n|\n|t:|1699664194\n|switch|p1a: Ferrothorn|Ferrothorn, F, shiny|100\/100\n|move|p2a: Fat Girl|Shell Smash|p2a: Fat Girl\n|-unboost|p2a: Fat Girl|def|1\n|-unboost|p2a: Fat Girl|spd|1\n|-boost|p2a: Fat Girl|atk|2\n|-boost|p2a: Fat Girl|spa|2\n|-boost|p2a: Fat Girl|spe|2\n|\n|-weather|RainDance|[upkeep]\n|upkeep\n|turn|7\n|\n|t:|1699664203\n|move|p2a: Fat Girl|Ice Beam|p1a: Ferrothorn\n|-damage|p1a: Ferrothorn|60\/100\n|move|p1a: Ferrothorn|Knock Off|p2a: Fat Girl\n|-damage|p2a: Fat Girl|43\/100\n|-enditem|p2a: Fat Girl|Heavy-Duty Boots|[from] move: Knock Off|[of] p1a: Ferrothorn\n|\n|-weather|RainDance|[upkeep]\n|-heal|p1a: Ferrothorn|66\/100|[from] item: Leftovers\n|upkeep\n|turn|8\n|\n|t:|1699664213\n|move|p2a: Fat Girl|Ice Beam|p1a: Ferrothorn\n|-damage|p1a: Ferrothorn|24\/100\n|move|p1a: Ferrothorn|Leech Seed|p2a: Fat Girl\n|-start|p2a: Fat Girl|move: Leech Seed\n|\n|-weather|RainDance|[upkeep]\n|-heal|p1a: Ferrothorn|30\/100|[from] item: Leftovers\n|-damage|p2a: Fat Girl|31\/100|[from] Leech Seed|[of] p1a: Ferrothorn\n|-heal|p1a: Ferrothorn|42\/100|[silent]\n|upkeep\n|turn|9\n|\n|t:|1699664222\n|switch|p1a: Swampert|Swampert, F|100\/100\n|move|p2a: Fat Girl|Ice Beam|p1a: Swampert\n|-damage|p1a: Swampert|41\/100\n|\n|-weather|RainDance|[upkeep]\n|-damage|p2a: Fat Girl|18\/100|[from] Leech Seed|[of] p1a: Swampert\n|-heal|p1a: Swampert|53\/100|[silent]\n|upkeep\n|turn|10\n|\n|t:|1699664231\n|detailschange|p1a: Swampert|Swampert-Mega, F\n|-mega|p1a: Swampert|Swampert|Swampertite\n|move|p1a: Swampert|Earthquake|p2a: Fat Girl\n|-damage|p2a: Fat Girl|0 fnt\n|faint|p2a: Fat Girl\n|\n|-weather|RainDance|[upkeep]\n|upkeep\n|\n|t:|1699664240\n|switch|p2a: Kurama|Ninetales-Alola, F, shiny|100\/100\n|-weather|Snow|[from] ability: Snow Warning|[of] p2a: Kurama\n|turn|11\n|\n|t:|1699664245\n|switch|p1a: Pelipper|Pelipper, F, shiny|100\/100\n|-weather|RainDance|[from] ability: Drizzle|[of] p1a: Pelipper\n|move|p2a: Kurama|Aurora Veil||[still]\n|-fail|p2a: Kurama\n|\n|-weather|RainDance|[upkeep]\n|upkeep\n|turn|12\n|\n|t:|1699664254\n|move|p2a: Kurama|Moonblast|p1a: Pelipper\n|-damage|p1a: Pelipper|50\/100\n|move|p1a: Pelipper|Hurricane|p2a: Kurama\n|-damage|p2a: Kurama|54\/100\n|\n|-weather|RainDance|[upkeep]\n|upkeep\n|turn|13\n|inactive|Battle timer is ON: inactive players will automatically lose when time's up. (requested by lindao.1.)\n|\n|t:|1699664264\n|switch|p2a: Lady Oscar|Serperior, F, shiny|100\/100\n|switch|p1a: Ferrothorn|Ferrothorn, F, shiny|42\/100\n|\n|-weather|RainDance|[upkeep]\n|-heal|p1a: Ferrothorn|48\/100|[from] item: Leftovers\n|upkeep\n|turn|14\n|\n|t:|1699664273\n|move|p2a: Lady Oscar|Leaf Storm|p1a: Ferrothorn|[miss]\n|-miss|p2a: Lady Oscar|p1a: Ferrothorn\n|move|p1a: Ferrothorn|Knock Off|p2a: Lady Oscar\n|-damage|p2a: Lady Oscar|74\/100\n|-enditem|p2a: Lady Oscar|Life Orb|[from] move: Knock Off|[of] p1a: Ferrothorn\n|\n|-weather|RainDance|[upkeep]\n|-heal|p1a: Ferrothorn|54\/100|[from] item: Leftovers\n|upkeep\n|turn|15\n|\n|t:|1699664282\n|move|p2a: Lady Oscar|Leaf Storm|p1a: Ferrothorn\n|-resisted|p1a: Ferrothorn\n|-damage|p1a: Ferrothorn|45\/100\n|-boost|p2a: Lady Oscar|spa|2\n|move|p1a: Ferrothorn|Gyro Ball|p2a: Lady Oscar\n|-damage|p2a: Lady Oscar|19\/100\n|\n|-weather|RainDance|[upkeep]\n|-heal|p1a: Ferrothorn|51\/100|[from] item: Leftovers\n|upkeep\n|turn|16\n|\n|t:|1699664292\n|move|p2a: Lady Oscar|Hidden Power|p1a: Ferrothorn\n|-supereffective|p1a: Ferrothorn\n|-damage|p1a: Ferrothorn|4\/100\n|move|p1a: Ferrothorn|Gyro Ball|p2a: Lady Oscar\n|-damage|p2a: Lady Oscar|0 fnt\n|faint|p2a: Lady Oscar\n|\n|-weather|RainDance|[upkeep]\n|-heal|p1a: Ferrothorn|10\/100|[from] item: Leftovers\n|upkeep\n|\n|t:|1699664302\n|switch|p2a: Kurama|Ninetales-Alola, F, shiny|54\/100\n|-weather|Snow|[from] ability: Snow Warning|[of] p2a: Kurama\n|turn|17\n|c|\u2606lindao.1.|\u54c8\u54c8\n|\n|t:|1699664307\n|switch|p1a: Pelipper|Pelipper, F, shiny|50\/100\n|-weather|RainDance|[from] ability: Drizzle|[of] p1a: Pelipper\n|move|p2a: Kurama|Moonblast|p1a: Pelipper\n|-damage|p1a: Pelipper|0 fnt\n|faint|p1a: Pelipper\n|\n|-weather|RainDance|[upkeep]\n|upkeep\n|\n|t:|1699664309\n|switch|p1a: Swampert|Swampert-Mega, F|53\/100\n|turn|18\n|\n|t:|1699664319\n|switch|p2a: Paarthurnax|Salamence, M, shiny, tera:Ground|100\/100\n|move|p1a: Swampert|Earthquake|p2a: Paarthurnax\n|-damage|p2a: Paarthurnax|28\/100\n|\n|-weather|RainDance|[upkeep]\n|upkeep\n|turn|19\n|\n|t:|1699664328\n|move|p1a: Swampert|Earthquake|p2a: Paarthurnax\n|-damage|p2a: Paarthurnax|0 fnt\n|faint|p2a: Paarthurnax\n|\n|-weather|RainDance|[upkeep]\n|upkeep\n|\n|t:|1699664334\n|switch|p2a: Kurama|Ninetales-Alola, F, shiny|54\/100\n|-weather|Snow|[from] ability: Snow Warning|[of] p2a: Kurama\n|turn|20\n|\n|t:|1699664340\n|move|p2a: Kurama|Blizzard|p1a: Swampert\n|-damage|p1a: Swampert|13\/100\n|-status|p1a: Swampert|frz\n|cant|p1a: Swampert|frz\n|\n|-weather|Snow|[upkeep]\n|upkeep\n|turn|21\n|c|\u2606lindao.1.|\uff1f\uff1f\uff1f\n|\n|t:|1699664353\n|move|p2a: Kurama|Moonblast|p1a: Swampert\n|-damage|p1a: Swampert|0 fnt\n|faint|p1a: Swampert\n|\n|-weather|Snow|[upkeep]\n|upkeep\n|\n|t:|1699664356\n|switch|p1a: Zapdos|Zapdos, shiny|100\/100\n|turn|22\n|\n|t:|1699664361\n|move|p2a: Kurama|Blizzard|p1a: Zapdos\n|-supereffective|p1a: Zapdos\n|-damage|p1a: Zapdos|11\/100\n|move|p1a: Zapdos|Thunder|p2a: Kurama|[miss]\n|-miss|p1a: Zapdos|p2a: Kurama\n|\n|-weather|Snow|[upkeep]\n|upkeep\n|turn|23\n|\n|t:|1699664370\n|move|p2a: Kurama|Blizzard|p1a: Zapdos\n|-supereffective|p1a: Zapdos\n|-damage|p1a: Zapdos|0 fnt\n|faint|p1a: Zapdos\n|\n|-weather|Snow|[upkeep]\n|upkeep\n|\n|t:|1699664374\n|switch|p1a: Urshifu|Urshifu-Rapid-Strike, M|100\/100\n|turn|24\n|\n|t:|1699664379\n|move|p2a: Kurama|Moonblast|p1a: Urshifu\n|-supereffective|p1a: Urshifu\n|-damage|p1a: Urshifu|0 fnt\n|faint|p1a: Urshifu\n|\n|-weather|none\n|upkeep\n|\n|t:|1699664385\n|switch|p1a: Ferrothorn|Ferrothorn, F, shiny|10\/100\n|turn|25\n|\n|t:|1699664388\n|move|p2a: Kurama|Moonblast|p1a: Ferrothorn\n|-resisted|p1a: Ferrothorn\n|-crit|p1a: Ferrothorn\n|-damage|p1a: Ferrothorn|0 fnt\n|faint|p1a: Ferrothorn\n|\n|win|Jarl_jake\n|raw|lindao.1.'s rating: 1169 &rarr; <strong>1142<\/strong><br \/>(-27 for losing)\n|raw|Jarl_jake's rating: 1138 &rarr; <strong>1165<\/strong><br \/>(+27 for winning)\n|l|\u2606lindao.1.\n","uploadtime":1699664397,"views":23,"p1id":"lindao1","p2id":"jarljake","formatid":"gen9nationaldex","rating":1142,"private":0,"password":""}