{"id":"gen9nationaldex-1994361104","p1":"Void280","p2":"WSoldat","format":"[Gen 9] National Dex","log":"|j|\u2606Void280\n|j|\u2606WSoldat\n|t:|1700435146\n|gametype|singles\n|player|p1|Void280|cynthia-masters|\n|player|p2|WSoldat|n|\n|teamsize|p1|6\n|teamsize|p2|6\n|gen|9\n|tier|[Gen 9] National Dex\n|rule|HP Percentage Mod: HP is shown in percentages\n|rule|Endless Battle Clause: Forcing endless battles is banned\n|rule|OHKO Clause: OHKO moves are banned\n|rule|Evasion Clause: Evasion abilities, items, and moves are banned\n|rule|Evasion Abilities Clause: Evasion abilities are banned\n|rule|Evasion Items Clause: Evasion items are banned\n|rule|Evasion Moves Clause: Evasion moves are banned\n|rule|Species Clause: Limit one of each Pok\u00e9mon\n|rule|Sleep Clause Mod: Limit one foe put to sleep\n|clearpoke\n|poke|p1|Great Tusk|\n|poke|p1|Ogerpon-Wellspring, F|\n|poke|p1|Lopunny, M|\n|poke|p1|Hydreigon, F|\n|poke|p1|Togekiss, F|\n|poke|p1|Goodra-Hisui, F|\n|poke|p2|Dragonite, M|\n|poke|p2|Hydreigon, M|\n|poke|p2|Garchomp, M|\n|poke|p2|Goodra-Hisui, M|\n|poke|p2|Corviknight, M|\n|poke|p2|Duraludon, F|\n|teampreview\n|\n|t:|1700435170\n|start\n|switch|p1a: Kilo|Great Tusk|100\/100\n|switch|p2a: HoraDeGarchar|Garchomp, M, shiny|100\/100\n|turn|1\n|c|\u2606WSoldat|Si has llegado hasta aqui es porque eres bueno\n|c|\u2606WSoldat|Vayamos al grano, por qu\u00e9 luchas tu?\n|\n|t:|1700435202\n|move|p1a: Kilo|Ice Spinner|p2a: HoraDeGarchar\n|-supereffective|p2a: HoraDeGarchar\n|-damage|p2a: HoraDeGarchar|0 fnt\n|-damage|p1a: Kilo|88\/100|[from] ability: Rough Skin|[of] p2a: HoraDeGarchar\n|-damage|p1a: Kilo|72\/100|[from] item: Rocky Helmet|[of] p2a: HoraDeGarchar\n|faint|p2a: HoraDeGarchar\n|\n|upkeep\n|c|\u2606Void280|Por mejorar\n|c|\u2606WSoldat|Estas listo para saciar lo que has renegado por mucho tiempo?\n|c|\u2606Void280|Si, estoy listo\n|c|\u2606WSoldat|Entonces que comience el festin\n|\n|t:|1700435277\n|switch|p2a: Barney|Dragonite, M, shiny|100\/100\n|turn|2\n|\n|t:|1700435291\n|-terastallize|p1a: Kilo|Steel\n|move|p1a: Kilo|Ice Spinner|p2a: Barney\n|-supereffective|p2a: Barney\n|-damage|p2a: Barney|37\/100\n|-enditem|p2a: Barney|Weakness Policy\n|-boost|p2a: Barney|atk|2|[from] item: Weakness Policy\n|-boost|p2a: Barney|spa|2|[from] item: Weakness Policy\n|move|p2a: Barney|Dragon Dance|p2a: Barney\n|-boost|p2a: Barney|atk|1\n|-boost|p2a: Barney|spe|1\n|\n|upkeep\n|turn|3\n|\n|t:|1700435307\n|move|p2a: Barney|Earthquake|p1a: Kilo\n|-supereffective|p1a: Kilo\n|-damage|p1a: Kilo|0 fnt\n|faint|p1a: Kilo\n|-end|p1a: Kilo|Protosynthesis|[silent]\n|\n|upkeep\n|\n|t:|1700435331\n|switch|p1a: Ansel|Lopunny, M, shiny|100\/100\n|turn|4\n|\n|t:|1700435338\n|detailschange|p1a: Ansel|Lopunny-Mega, M, shiny\n|-mega|p1a: Ansel|Lopunny|Lopunnite\n|move|p1a: Ansel|Fake Out|p2a: Barney\n|-damage|p2a: Barney|12\/100\n|cant|p2a: Barney|flinch\n|\n|upkeep\n|turn|5\n|\n|t:|1700435346\n|switch|p1a: Sui|Goodra-Hisui, F|100\/100\n|move|p2a: Barney|Extreme Speed|p1a: Sui\n|-resisted|p1a: Sui\n|-damage|p1a: Sui|69\/100\n|-ability|p1a: Sui|Gooey\n|-unboost|p2a: Barney|spe|1\n|\n|-heal|p1a: Sui|75\/100|[from] item: Leftovers\n|upkeep\n|turn|6\n|\n|t:|1700435358\n|move|p2a: Barney|Earthquake|p1a: Sui\n|-supereffective|p1a: Sui\n|-damage|p1a: Sui|0 fnt\n|faint|p1a: Sui\n|\n|upkeep\n|\n|t:|1700435363\n|switch|p1a: Ansel|Lopunny-Mega, M, shiny|100\/100\n|turn|7\n|\n|t:|1700435369\n|switch|p2a: Carlos Emanuel III|Corviknight, M, shiny|100\/100\n|move|p1a: Ansel|Fake Out|p2a: Carlos Emanuel III\n|-resisted|p2a: Carlos Emanuel III\n|-damage|p2a: Carlos Emanuel III|94\/100\n|-damage|p1a: Ansel|84\/100|[from] item: Rocky Helmet|[of] p2a: Carlos Emanuel III\n|\n|upkeep\n|turn|8\n|\n|t:|1700435382\n|switch|p1a: Bless|Togekiss, F|100\/100\n|move|p2a: Carlos Emanuel III|Body Press|p1a: Bless\n|-resisted|p1a: Bless\n|-damage|p1a: Bless|93\/100\n|\n|-heal|p1a: Bless|99\/100|[from] item: Leftovers\n|upkeep\n|turn|9\n|\n|t:|1700435398\n|switch|p2a: Babo SA .Inc|Goodra-Hisui, M, shiny|100\/100\n|move|p1a: Bless|Flamethrower|p2a: Babo SA .Inc\n|-damage|p2a: Babo SA .Inc|90\/100\n|\n|-heal|p1a: Bless|100\/100|[from] item: Leftovers\n|upkeep\n|turn|10\n|\n|t:|1700435419\n|switch|p1a: Yuna|Ogerpon-Wellspring, F|100\/100\n|move|p2a: Babo SA .Inc|Ice Beam|p1a: Yuna\n|-crit|p1a: Yuna\n|-damage|p1a: Yuna|55\/100\n|\n|upkeep\n|turn|11\n|\n|t:|1700435429\n|switch|p2a: Barney|Dragonite, M, shiny|12\/100\n|move|p1a: Yuna|Ivy Cudgel|p2a: Barney|[anim] Ivy Cudgel Water\n|-resisted|p2a: Barney\n|-damage|p2a: Barney|0 fnt\n|faint|p2a: Barney\n|\n|upkeep\n|\n|t:|1700435448\n|switch|p2a: DuraNalgon|Duraludon, F|100\/100\n|turn|12\n|\n|t:|1700435520\n|move|p2a: DuraNalgon|Thunderbolt|p1a: Yuna\n|-damage|p1a: Yuna|18\/100\n|move|p1a: Yuna|U-turn|p2a: DuraNalgon\n|-resisted|p2a: DuraNalgon\n|-damage|p2a: DuraNalgon|86\/100\n|\n|t:|1700435546\n|switch|p1a: Hydra|Hydreigon, F|100\/100|[from] U-turn\n|\n|upkeep\n|turn|13\n|\n|t:|1700435552\n|switch|p2a: Babo SA .Inc|Goodra-Hisui, M, shiny|90\/100\n|move|p1a: Hydra|Draco Meteor|p2a: Babo SA .Inc\n|-damage|p2a: Babo SA .Inc|57\/100\n|-unboost|p1a: Hydra|spa|2\n|\n|upkeep\n|turn|14\n|\n|t:|1700435563\n|switch|p1a: Yuna|Ogerpon-Wellspring, F|18\/100\n|move|p2a: Babo SA .Inc|Knock Off|p1a: Yuna\n|-damage|p1a: Yuna|1\/100\n|\n|upkeep\n|turn|15\n|\n|t:|1700435594\n|switch|p2a: Carlos Emanuel III|Corviknight, M, shiny|94\/100\n|move|p1a: Yuna|Horn Leech|p2a: Carlos Emanuel III\n|-resisted|p2a: Carlos Emanuel III\n|-damage|p2a: Carlos Emanuel III|87\/100\n|-heal|p1a: Yuna|5\/100|[from] drain|[of] p2a: Carlos Emanuel III\n|-damage|p1a: Yuna|0 fnt|[from] item: Rocky Helmet|[of] p2a: Carlos Emanuel III\n|faint|p1a: Yuna\n|\n|upkeep\n|\n|t:|1700435607\n|switch|p1a: Bless|Togekiss, F|100\/100\n|turn|16\n|\n|t:|1700435611\n|switch|p2a: Babo SA .Inc|Goodra-Hisui, M, shiny|57\/100\n|move|p1a: Bless|Flamethrower|p2a: Babo SA .Inc\n|-damage|p2a: Babo SA .Inc|47\/100\n|\n|upkeep\n|turn|17\n|\n|t:|1700435628\n|move|p1a: Bless|Air Slash|p2a: Babo SA .Inc\n|-resisted|p2a: Babo SA .Inc\n|-damage|p2a: Babo SA .Inc|41\/100\n|move|p2a: Babo SA .Inc|Ice Beam|p1a: Bless\n|-supereffective|p1a: Bless\n|-damage|p1a: Bless|58\/100\n|\n|-heal|p1a: Bless|64\/100|[from] item: Leftovers\n|upkeep\n|turn|18\n|j| Sylveon(404)\n|\n|t:|1700435638\n|move|p1a: Bless|Flamethrower|p2a: Babo SA .Inc\n|-damage|p2a: Babo SA .Inc|30\/100\n|-status|p2a: Babo SA .Inc|brn\n|move|p2a: Babo SA .Inc|Ice Beam|p1a: Bless\n|-supereffective|p1a: Bless\n|-damage|p1a: Bless|15\/100\n|\n|-heal|p1a: Bless|21\/100|[from] item: Leftovers\n|-damage|p2a: Babo SA .Inc|24\/100 brn|[from] brn\n|upkeep\n|turn|19\n|c| Sylveon(404)|maxi gana\n|\n|t:|1700435661\n|move|p1a: Bless|Air Slash|p2a: Babo SA .Inc\n|-resisted|p2a: Babo SA .Inc\n|-damage|p2a: Babo SA .Inc|18\/100 brn\n|move|p2a: Babo SA .Inc|Ice Beam|p1a: Bless\n|-supereffective|p1a: Bless\n|-damage|p1a: Bless|0 fnt\n|faint|p1a: Bless\n|\n|-damage|p2a: Babo SA .Inc|11\/100 brn|[from] brn\n|upkeep\n|\n|t:|1700435677\n|switch|p1a: Ansel|Lopunny-Mega, M, shiny|84\/100\n|turn|20\n|\n|t:|1700435685\n|switch|p2a: Carlos Emanuel III|Corviknight, M, shiny|87\/100\n|move|p1a: Ansel|Fake Out|p2a: Carlos Emanuel III\n|-resisted|p2a: Carlos Emanuel III\n|-damage|p2a: Carlos Emanuel III|81\/100\n|-damage|p1a: Ansel|67\/100|[from] item: Rocky Helmet|[of] p2a: Carlos Emanuel III\n|\n|upkeep\n|turn|21\n|\n|t:|1700435695\n|switch|p2a: Babo SA .Inc|Goodra-Hisui, M, shiny|11\/100 brn\n|move|p1a: Ansel|Thunder Punch|p2a: Babo SA .Inc\n|-resisted|p2a: Babo SA .Inc\n|-damage|p2a: Babo SA .Inc|0 fnt\n|-ability|p2a: Babo SA .Inc|Gooey\n|-unboost|p1a: Ansel|spe|1\n|faint|p2a: Babo SA .Inc\n|\n|upkeep\n|\n|t:|1700435729\n|switch|p2a: Lernea|Hydreigon, M, shiny|100\/100\n|turn|22\n|\n|t:|1700435745\n|move|p2a: Lernea|Substitute|p2a: Lernea\n|-start|p2a: Lernea|Substitute\n|-damage|p2a: Lernea|76\/100\n|move|p1a: Ansel|Close Combat|p2a: Lernea\n|-supereffective|p2a: Lernea\n|-end|p2a: Lernea|Substitute\n|-unboost|p1a: Ansel|def|1\n|-unboost|p1a: Ansel|spd|1\n|\n|upkeep\n|turn|23\n|\n|t:|1700435756\n|move|p2a: Lernea|Flash Cannon|p1a: Ansel\n|-damage|p1a: Ansel|0 fnt\n|faint|p1a: Ansel\n|-damage|p2a: Lernea|66\/100|[from] item: Life Orb\n|\n|upkeep\n|c|\u2606Void280|ggs\n|\n|t:|1700435762\n|switch|p1a: Hydra|Hydreigon, F|100\/100\n|turn|24\n|c| Sylveon(404)|ojo\n|\n|t:|1700435769\n|-terastallize|p2a: Lernea|Steel\n|move|p2a: Lernea|Flash Cannon|p1a: Hydra\n|-damage|p1a: Hydra|39\/100\n|-damage|p2a: Lernea|56\/100|[from] item: Life Orb\n|move|p1a: Hydra|Draco Meteor|p2a: Lernea\n|-resisted|p2a: Lernea\n|-damage|p2a: Lernea|0 fnt\n|-unboost|p1a: Hydra|spa|2\n|faint|p2a: Lernea\n|\n|upkeep\n|c| Sylveon(404)|pelea de hydreis\n|\n|t:|1700435782\n|switch|p2a: DuraNalgon|Duraludon, F|86\/100\n|turn|25\n|\n|t:|1700435790\n|move|p2a: DuraNalgon|Flash Cannon|p1a: Hydra\n|-damage|p1a: Hydra|0 fnt\n|faint|p1a: Hydra\n|\n|win|WSoldat\n|c|\u2606Void280|Buen combate\n|c|\u2606WSoldat|Gg\n","uploadtime":1700435801,"views":20,"p1id":"void280","p2id":"wsoldat","formatid":"gen9nationaldex","rating":0,"private":0,"password":""}