{"id":"gen9nationaldex-1993498349","p1":"Percy_Valdez","p2":"Fabatizer","format":"[Gen 9] National Dex","log":"|j|\u2606Percy_Valdez\n|j|\u2606Fabatizer\n|t:|1700325028\n|gametype|singles\n|player|p1|Percy_Valdez|lucas|1119\n|player|p2|Fabatizer|lucas|1145\n|teamsize|p1|6\n|teamsize|p2|6\n|gen|9\n|tier|[Gen 9] National Dex\n|rated|\n|rule|HP Percentage Mod: HP is shown in percentages\n|rule|Endless Battle Clause: Forcing endless battles is banned\n|rule|OHKO Clause: OHKO moves are banned\n|rule|Evasion Clause: Evasion abilities, items, and moves are banned\n|rule|Evasion Abilities Clause: Evasion abilities are banned\n|rule|Evasion Items Clause: Evasion items are banned\n|rule|Evasion Moves Clause: Evasion moves are banned\n|rule|Species Clause: Limit one of each Pok\u00e9mon\n|rule|Sleep Clause Mod: Limit one foe put to sleep\n|clearpoke\n|poke|p1|Ferrothorn, F|\n|poke|p1|Kommo-o, M|\n|poke|p1|Corviknight, M|\n|poke|p1|Lopunny, M|\n|poke|p1|Tapu Lele|\n|poke|p1|Thundurus-Therian, M|\n|poke|p2|Slowbro, M|\n|poke|p2|Clefable, M|\n|poke|p2|Ferrothorn, M|\n|poke|p2|Garganacl, M|\n|poke|p2|Rotom-Wash|\n|poke|p2|Corviknight, F|\n|teampreview\n|inactive|Battle timer is ON: inactive players will automatically lose when time's up. (requested by Fabatizer)\n|\n|t:|1700325036\n|start\n|switch|p1a: Ferrothorn|Ferrothorn, F|100\/100\n|switch|p2a: Ferrothorn|Ferrothorn, M|100\/100\n|turn|1\n|\n|t:|1700325055\n|move|p2a: Ferrothorn|Knock Off|p1a: Ferrothorn\n|-damage|p1a: Ferrothorn|81\/100\n|-damage|p2a: Ferrothorn|88\/100|[from] ability: Iron Barbs|[of] p1a: Ferrothorn\n|-damage|p2a: Ferrothorn|72\/100|[from] item: Rocky Helmet|[of] p1a: Ferrothorn\n|-enditem|p1a: Ferrothorn|Rocky Helmet|[from] move: Knock Off|[of] p2a: Ferrothorn\n|move|p1a: Ferrothorn|Explosion|p2a: Ferrothorn\n|-resisted|p2a: Ferrothorn\n|-damage|p2a: Ferrothorn|48\/100\n|faint|p1a: Ferrothorn\n|\n|upkeep\n|\n|t:|1700325072\n|switch|p1a: Corviknight|Corviknight, M|100\/100\n|turn|2\n|\n|t:|1700325077\n|-terastallize|p1a: Corviknight|Flying\n|move|p1a: Corviknight|Brave Bird|p2a: Ferrothorn\n|-damage|p2a: Ferrothorn|4\/100\n|-damage|p1a: Corviknight|88\/100|[from] ability: Iron Barbs|[of] p2a: Ferrothorn\n|-damage|p1a: Corviknight|71\/100|[from] item: Rocky Helmet|[of] p2a: Ferrothorn\n|-damage|p1a: Corviknight|56\/100|[from] Recoil\n|move|p2a: Ferrothorn|Leech Seed|p1a: Corviknight\n|-start|p1a: Corviknight|move: Leech Seed\n|\n|-heal|p1a: Corviknight|63\/100|[from] item: Leftovers\n|-damage|p1a: Corviknight|50\/100|[from] Leech Seed|[of] p2a: Ferrothorn\n|-heal|p2a: Ferrothorn|16\/100|[silent]\n|upkeep\n|turn|3\n|\n|t:|1700325099\n|move|p1a: Corviknight|Brave Bird|p2a: Ferrothorn\n|-damage|p2a: Ferrothorn|0 fnt\n|-damage|p1a: Corviknight|38\/100|[from] ability: Iron Barbs|[of] p2a: Ferrothorn\n|-damage|p1a: Corviknight|21\/100|[from] item: Rocky Helmet|[of] p2a: Ferrothorn\n|faint|p2a: Ferrothorn\n|-damage|p1a: Corviknight|16\/100|[from] Recoil\n|\n|-heal|p1a: Corviknight|22\/100|[from] item: Leftovers\n|upkeep\n|\n|t:|1700325112\n|switch|p2a: Garganacl|Garganacl, M|100\/100\n|turn|4\n|\n|t:|1700325117\n|move|p2a: Garganacl|Protect|p2a: Garganacl\n|-singleturn|p2a: Garganacl|Protect\n|move|p1a: Corviknight|Reflect|p1a: Corviknight\n|-sidestart|p1: Percy_Valdez|Reflect\n|\n|-heal|p1a: Corviknight|28\/100|[from] item: Leftovers\n|-damage|p1a: Corviknight|16\/100|[from] Leech Seed|[of] p2a: Garganacl\n|upkeep\n|turn|5\n|\n|t:|1700325127\n|move|p1a: Corviknight|Light Screen|p1a: Corviknight\n|-sidestart|p1: Percy_Valdez|move: Light Screen\n|move|p2a: Garganacl|Recover||[still]\n|-fail|p2a: Garganacl|heal\n|\n|-heal|p1a: Corviknight|22\/100|[from] item: Leftovers\n|-damage|p1a: Corviknight|9\/100|[from] Leech Seed|[of] p2a: Garganacl\n|upkeep\n|turn|6\n|\n|t:|1700325140\n|switch|p2a: Clefable|Clefable, M|100\/100\n|move|p1a: Corviknight|Brave Bird|p2a: Clefable\n|-damage|p2a: Clefable|47\/100\n|-damage|p1a: Corviknight|0 fnt|[from] Recoil\n|faint|p1a: Corviknight\n|\n|-heal|p2a: Clefable|53\/100|[from] item: Leftovers\n|upkeep\n|\n|t:|1700325160\n|switch|p1a: Tapu Lele|Tapu Lele|100\/100\n|-fieldstart|move: Psychic Terrain|[from] ability: Psychic Surge|[of] p1a: Tapu Lele\n|turn|7\n|\n|t:|1700325166\n|move|p1a: Tapu Lele|Psyshock|p2a: Clefable\n|-damage|p2a: Clefable|11\/100\n|move|p2a: Clefable|Calm Mind|p2a: Clefable\n|-boost|p2a: Clefable|spa|1\n|-boost|p2a: Clefable|spd|1\n|\n|-heal|p2a: Clefable|17\/100|[from] item: Leftovers\n|upkeep\n|turn|8\n|\n|t:|1700325174\n|move|p2a: Clefable|Protect|p2a: Clefable\n|-singleturn|p2a: Clefable|Protect\n|move|p1a: Tapu Lele|Psyshock|p2a: Clefable\n|-activate|p2a: Clefable|move: Protect\n|\n|-heal|p2a: Clefable|23\/100|[from] item: Leftovers\n|-sideend|p1: Percy_Valdez|Reflect\n|upkeep\n|turn|9\n|\n|t:|1700325185\n|move|p2a: Clefable|Protect||[still]\n|-fail|p2a: Clefable\n|move|p1a: Tapu Lele|Psyshock|p2a: Clefable\n|-damage|p2a: Clefable|0 fnt\n|faint|p2a: Clefable\n|\n|-sideend|p1: Percy_Valdez|move: Light Screen\n|upkeep\n|\n|t:|1700325193\n|switch|p2a: Corviknight|Corviknight, F|100\/100\n|turn|10\n|\n|t:|1700325205\n|switch|p1a: Lopunny|Lopunny, M|100\/100\n|move|p2a: Corviknight|U-turn|p1a: Lopunny\n|-damage|p1a: Lopunny|79\/100\n|\n|t:|1700325209\n|switch|p2a: Rotom|Rotom-Wash|100\/100|[from] U-turn\n|\n|upkeep\n|turn|11\n|\n|t:|1700325218\n|detailschange|p1a: Lopunny|Lopunny-Mega, M\n|-mega|p1a: Lopunny|Lopunny|Lopunnite\n|move|p1a: Lopunny|Return|p2a: Rotom\n|-damage|p2a: Rotom|42\/100\n|move|p2a: Rotom|Will-O-Wisp|p1a: Lopunny\n|-status|p1a: Lopunny|brn\n|\n|-damage|p1a: Lopunny|73\/100 brn|[from] brn\n|-fieldend|move: Psychic Terrain\n|upkeep\n|turn|12\n|\n|t:|1700325231\n|move|p1a: Lopunny|Return|p2a: Rotom\n|-damage|p2a: Rotom|15\/100\n|-enditem|p2a: Rotom|Wiki Berry|[eat]\n|-heal|p2a: Rotom|48\/100|[from] item: Wiki Berry\n|move|p2a: Rotom|Volt Switch|p1a: Lopunny\n|-damage|p1a: Lopunny|38\/100 brn\n|\n|t:|1700325239\n|switch|p2a: Corviknight|Corviknight, F|100\/100|[from] Volt Switch\n|\n|-damage|p1a: Lopunny|32\/100 brn|[from] brn\n|upkeep\n|turn|13\n|\n|t:|1700325246\n|move|p1a: Lopunny|Close Combat|p2a: Corviknight\n|-damage|p2a: Corviknight|80\/100\n|-unboost|p1a: Lopunny|def|1\n|-unboost|p1a: Lopunny|spd|1\n|move|p2a: Corviknight|Brave Bird|p1a: Lopunny\n|-supereffective|p1a: Lopunny\n|-damage|p1a: Lopunny|0 fnt\n|faint|p1a: Lopunny\n|-damage|p2a: Corviknight|73\/100|[from] Recoil\n|\n|-heal|p2a: Corviknight|80\/100|[from] item: Leftovers\n|upkeep\n|\n|t:|1700325262\n|switch|p1a: Tapu Lele|Tapu Lele|100\/100\n|-fieldstart|move: Psychic Terrain|[from] ability: Psychic Surge|[of] p1a: Tapu Lele\n|turn|14\n|\n|t:|1700325271\n|move|p1a: Tapu Lele|Psyshock|p2a: Corviknight\n|-resisted|p2a: Corviknight\n|-damage|p2a: Corviknight|63\/100\n|move|p2a: Corviknight|Brave Bird|p1a: Tapu Lele\n|-damage|p1a: Tapu Lele|46\/100\n|-damage|p2a: Corviknight|50\/100|[from] Recoil\n|\n|-heal|p2a: Corviknight|57\/100|[from] item: Leftovers\n|upkeep\n|turn|15\n|\n|t:|1700325282\n|switch|p1a: Thundurus|Thundurus-Therian, M|100\/100\n|move|p2a: Corviknight|Roost|p2a: Corviknight\n|-heal|p2a: Corviknight|100\/100\n|-singleturn|p2a: Corviknight|move: Roost\n|\n|upkeep\n|turn|16\n|\n|t:|1700325295\n|switch|p2a: Rotom|Rotom-Wash|48\/100\n|move|p1a: Thundurus|Thunderbolt|p2a: Rotom\n|-damage|p2a: Rotom|12\/100\n|\n|upkeep\n|turn|17\n|\n|t:|1700325306\n|move|p1a: Thundurus|Volt Switch|p2a: Rotom\n|-damage|p2a: Rotom|0 fnt\n|faint|p2a: Rotom\n|\n|t:|1700325314\n|switch|p1a: Tapu Lele|Tapu Lele|46\/100|[from] Volt Switch\n|\n|upkeep\n|\n|t:|1700325323\n|switch|p2a: Garganacl|Garganacl, M|100\/100\n|turn|18\n|\n|t:|1700325326\n|move|p1a: Tapu Lele|Energy Ball|p2a: Garganacl\n|-supereffective|p2a: Garganacl\n|-damage|p2a: Garganacl|47\/100\n|move|p2a: Garganacl|Salt Cure|p1a: Tapu Lele\n|-damage|p1a: Tapu Lele|24\/100\n|-start|p1a: Tapu Lele|Salt Cure\n|\n|-damage|p1a: Tapu Lele|12\/100|[from] Salt Cure\n|-fieldend|move: Psychic Terrain\n|upkeep\n|turn|19\n|\n|t:|1700325336\n|move|p2a: Garganacl|Protect|p2a: Garganacl\n|-singleturn|p2a: Garganacl|Protect\n|move|p1a: Tapu Lele|Energy Ball|p2a: Garganacl\n|-activate|p2a: Garganacl|move: Protect\n|\n|-damage|p1a: Tapu Lele|0 fnt|[from] Salt Cure\n|faint|p1a: Tapu Lele\n|upkeep\n|\n|t:|1700325347\n|switch|p1a: Thundurus|Thundurus-Therian, M|100\/100\n|turn|20\n|\n|t:|1700325353\n|move|p1a: Thundurus|Grass Knot|p2a: Garganacl\n|-supereffective|p2a: Garganacl\n|-damage|p2a: Garganacl|0 fnt\n|faint|p2a: Garganacl\n|\n|upkeep\n|\n|t:|1700325359\n|switch|p2a: Corviknight|Corviknight, F|100\/100\n|turn|21\n|\n|t:|1700325366\n|move|p1a: Thundurus|Thunderbolt|p2a: Corviknight\n|-supereffective|p2a: Corviknight\n|-damage|p2a: Corviknight|1\/100\n|move|p2a: Corviknight|Brave Bird|p1a: Thundurus\n|-resisted|p1a: Thundurus\n|-damage|p1a: Thundurus|75\/100\n|-damage|p2a: Corviknight|0 fnt|[from] Recoil\n|faint|p2a: Corviknight\n|\n|-heal|p1a: Thundurus|81\/100|[from] item: Leftovers\n|upkeep\n|\n|t:|1700325369\n|switch|p2a: Slowbro|Slowbro, M|100\/100\n|turn|22\n|-message|Fabatizer forfeited.\n|\n|win|Percy_Valdez\n|raw|Percy_Valdez's rating: 1119 &rarr; <strong>1146<\/strong><br \/>(+27 for winning)\n|raw|Fabatizer's rating: 1145 &rarr; <strong>1118<\/strong><br \/>(-27 for losing)\n|l|\u2606Fabatizer\n","uploadtime":1700325391,"views":11,"p1id":"percyvaldez","p2id":"fabatizer","formatid":"gen9nationaldex","rating":1118,"private":0,"password":""}