{"id":"gen9nationaldex-1988632176","p1":"Stunseed46","p2":"IlikePiesofApple","format":"[Gen 9] National Dex","log":"|j|\u2606Stunseed46\n|j|\u2606IlikePiesofApple\n|t:|1699744167\n|gametype|singles\n|player|p1|Stunseed46|unknown|1060\n|player|p2|IlikePiesofApple|lady|1000\n|teamsize|p1|6\n|teamsize|p2|6\n|gen|9\n|tier|[Gen 9] National Dex\n|rated|\n|rule|HP Percentage Mod: HP is shown in percentages\n|rule|Endless Battle Clause: Forcing endless battles is banned\n|rule|OHKO Clause: OHKO moves are banned\n|rule|Evasion Clause: Evasion abilities, items, and moves are banned\n|rule|Evasion Abilities Clause: Evasion abilities are banned\n|rule|Evasion Items Clause: Evasion items are banned\n|rule|Evasion Moves Clause: Evasion moves are banned\n|rule|Species Clause: Limit one of each Pok\u00e9mon\n|rule|Sleep Clause Mod: Limit one foe put to sleep\n|clearpoke\n|poke|p1|Floatzel, F|\n|poke|p1|Pelipper, F|\n|poke|p1|Tornadus-Therian, M|\n|poke|p1|Ferrothorn, F|\n|poke|p1|Gorebyss, F|\n|poke|p1|Swampert, M|\n|poke|p2|Espeon, F|\n|poke|p2|Bayleef, M|\n|poke|p2|Charizard, M|\n|poke|p2|Garchomp, F|\n|poke|p2|Morpeko, M|\n|poke|p2|Glimmora, F|\n|teampreview\n|\n|t:|1699744188\n|start\n|switch|p1a: Pelipper|Pelipper, F|100\/100\n|switch|p2a: Morpeko|Morpeko, M|100\/100\n|-weather|RainDance|[from] ability: Drizzle|[of] p1a: Pelipper\n|turn|1\n|\n|t:|1699744203\n|switch|p2a: Charizard|Charizard, M|100\/100\n|switch|p1a: Swampert|Swampert, M, shiny|100\/100\n|\n|-weather|RainDance|[upkeep]\n|upkeep\n|turn|2\n|inactive|Battle timer is ON: inactive players will automatically lose when time's up. (requested by IlikePiesofApple)\n|\n|t:|1699744231\n|detailschange|p2a: Charizard|Charizard-Mega-Y, M\n|-mega|p2a: Charizard|Charizard|Charizardite Y\n|-weather|SunnyDay|[from] ability: Drought|[of] p2a: Charizard\n|detailschange|p1a: Swampert|Swampert-Mega, M, shiny\n|-mega|p1a: Swampert|Swampert|Swampertite\n|move|p2a: Charizard|Ancient Power|p1a: Swampert\n|-resisted|p1a: Swampert\n|-damage|p1a: Swampert|89\/100\n|-boost|p2a: Charizard|atk|1\n|-boost|p2a: Charizard|def|1\n|-boost|p2a: Charizard|spa|1\n|-boost|p2a: Charizard|spd|1\n|-boost|p2a: Charizard|spe|1\n|move|p1a: Swampert|Flip Turn|p2a: Charizard\n|-supereffective|p2a: Charizard\n|-damage|p2a: Charizard|65\/100\n|\n|t:|1699744243\n|switch|p1a: Pelipper|Pelipper, F|100\/100|[from] Flip Turn\n|-weather|RainDance|[from] ability: Drizzle|[of] p1a: Pelipper\n|\n|-weather|RainDance|[upkeep]\n|upkeep\n|turn|3\n|c|\u2606Stunseed46|???\n|\n|t:|1699744252\n|move|p2a: Charizard|Ancient Power|p1a: Pelipper\n|-supereffective|p1a: Pelipper\n|-damage|p1a: Pelipper|4\/100\n|move|p1a: Pelipper|Scald|p2a: Charizard\n|-supereffective|p2a: Charizard\n|-damage|p2a: Charizard|16\/100\n|\n|-weather|RainDance|[upkeep]\n|upkeep\n|turn|4\n|\n|t:|1699744282\n|switch|p1a: Swampert|Swampert-Mega, M, shiny|89\/100\n|move|p2a: Charizard|Ancient Power|p1a: Swampert\n|-resisted|p1a: Swampert\n|-damage|p1a: Swampert|71\/100\n|\n|-weather|RainDance|[upkeep]\n|upkeep\n|turn|5\n|\n|t:|1699744289\n|move|p2a: Charizard|Air Slash|p1a: Swampert\n|-damage|p1a: Swampert|12\/100\n|cant|p1a: Swampert|flinch\n|\n|-weather|RainDance|[upkeep]\n|upkeep\n|turn|6\n|\n|t:|1699744294\n|move|p2a: Charizard|Air Slash|p1a: Swampert\n|-damage|p1a: Swampert|0 fnt\n|faint|p1a: Swampert\n|\n|-weather|RainDance|[upkeep]\n|upkeep\n|c|\u2606Stunseed46|What??\n|\n|t:|1699744300\n|switch|p1a: Floatzel|Floatzel, F, shiny|100\/100\n|turn|7\n|\n|t:|1699744307\n|switch|p2a: Bayleef|Bayleef, M|100\/100\n|move|p1a: Floatzel|Aqua Jet|p2a: Bayleef\n|-resisted|p2a: Bayleef\n|-damage|p2a: Bayleef|85\/100\n|\n|-weather|RainDance|[upkeep]\n|upkeep\n|turn|8\n|\n|t:|1699744314\n|switch|p1a: Ferrothorn|Ferrothorn, F, shiny|100\/100\n|move|p2a: Bayleef|Leech Seed|p1a: Ferrothorn\n|-immune|p1a: Ferrothorn\n|\n|-weather|RainDance|[upkeep]\n|upkeep\n|turn|9\n|\n|t:|1699744324\n|switch|p2a: Espeon|Espeon, F|100\/100\n|move|p1a: Ferrothorn|Thunder Wave|p2a: Espeon\n|move|p2a: Espeon|Thunder Wave|p1a: Ferrothorn|[from]ability: Magic Bounce\n|-status|p1a: Ferrothorn|par\n|\n|-weather|none\n|upkeep\n|turn|10\n|-message|Stunseed46 forfeited.\n|\n|win|IlikePiesofApple\n|raw|Stunseed46's rating: 1060 &rarr; <strong>1038<\/strong><br \/>(-22 for losing)\n|raw|IlikePiesofApple's rating: 1000 &rarr; <strong>1047<\/strong><br \/>(+47 for winning)\n|l|\u2606Stunseed46\n","uploadtime":1699744331,"views":4,"p1id":"stunseed46","p2id":"ilikepiesofapple","formatid":"gen9nationaldex","rating":1038,"private":0,"password":""}