{"id":"gen9nationaldex-1990159486","p1":"Jektrooper","p2":"v587","format":"[Gen 9] National Dex","log":"|j|\u2606Jektrooper\n|j|\u2606v587\n|t:|1699931128\n|gametype|singles\n|player|p1|Jektrooper|pokemonbreederf|1406\n|player|p2|v587|dawn|1390\n|teamsize|p1|6\n|teamsize|p2|6\n|gen|9\n|tier|[Gen 9] National Dex\n|rated|\n|rule|HP Percentage Mod: HP is shown in percentages\n|rule|Endless Battle Clause: Forcing endless battles is banned\n|rule|OHKO Clause: OHKO moves are banned\n|rule|Evasion Clause: Evasion abilities, items, and moves are banned\n|rule|Evasion Abilities Clause: Evasion abilities are banned\n|rule|Evasion Items Clause: Evasion items are banned\n|rule|Evasion Moves Clause: Evasion moves are banned\n|rule|Species Clause: Limit one of each Pok\u00e9mon\n|rule|Sleep Clause Mod: Limit one foe put to sleep\n|clearpoke\n|poke|p1|Ribombee, M|\n|poke|p1|Zapdos-Galar|\n|poke|p1|Blacephalon|\n|poke|p1|Dragonite, F|\n|poke|p1|Medicham, M|\n|poke|p1|Tapu Koko|\n|poke|p2|Zamazenta-*|\n|poke|p2|Arcanine-Hisui, F|\n|poke|p2|Smeargle, M|\n|poke|p2|Houndstone, F|\n|poke|p2|Manectric, M|\n|poke|p2|Okidogi, M|\n|teampreview\n|\n|t:|1699931142\n|start\n|switch|p1a: Medicham|Medicham, M|100\/100\n|switch|p2a: Arcanine|Arcanine-Hisui, F|100\/100\n|turn|1\n|\n|t:|1699931163\n|switch|p2a: Houndstone|Houndstone, F|100\/100\n|detailschange|p1a: Medicham|Medicham-Mega, M\n|-mega|p1a: Medicham|Medicham|Medichamite\n|move|p1a: Medicham|Fake Out|p2a: Houndstone\n|-immune|p2a: Houndstone\n|\n|upkeep\n|turn|2\n|\n|t:|1699931173\n|switch|p1a: Ribombee|Ribombee, M|100\/100\n|move|p2a: Houndstone|Night Shade|p1a: Ribombee\n|-damage|p1a: Ribombee|62\/100\n|\n|upkeep\n|turn|3\n|\n|t:|1699931188\n|switch|p2a: Arcanine|Arcanine-Hisui, F|100\/100\n|move|p1a: Ribombee|Sticky Web|p2a: Arcanine\n|-sidestart|p2: v587|move: Sticky Web\n|\n|upkeep\n|turn|4\n|\n|t:|1699931193\n|move|p1a: Ribombee|Stun Spore|p2a: Arcanine\n|-status|p2a: Arcanine|par\n|cant|p2a: Arcanine|par\n|\n|upkeep\n|turn|5\n|\n|t:|1699931198\n|move|p1a: Ribombee|Skill Swap|p2a: Arcanine\n|-activate|p1a: Ribombee|move: Skill Swap|Rock Head|Shield Dust|[of] p2a: Arcanine\n|move|p2a: Arcanine|Stealth Rock|p1a: Ribombee\n|-sidestart|p1: Jektrooper|move: Stealth Rock\n|\n|upkeep\n|turn|6\n|\n|t:|1699931223\n|switch|p2a: Okidogi|Okidogi, M|100\/100\n|-activate|p2a: Okidogi|move: Sticky Web\n|-unboost|p2a: Okidogi|spe|1\n|move|p1a: Ribombee|Moonblast|p2a: Okidogi\n|-damage|p2a: Okidogi|73\/100\n|\n|-heal|p2a: Okidogi|79\/100|[from] item: Black Sludge\n|upkeep\n|turn|7\n|\n|t:|1699931231\n|move|p1a: Ribombee|Stun Spore|p2a: Okidogi\n|-status|p2a: Okidogi|par\n|cant|p2a: Okidogi|par\n|\n|-heal|p2a: Okidogi|85\/100 par|[from] item: Black Sludge\n|upkeep\n|turn|8\n|\n|t:|1699931239\n|switch|p1a: Zapdos|Zapdos-Galar|100\/100\n|-damage|p1a: Zapdos|88\/100|[from] Stealth Rock\n|cant|p2a: Okidogi|par\n|\n|-heal|p2a: Okidogi|92\/100 par|[from] item: Black Sludge\n|upkeep\n|turn|9\n|\n|t:|1699931250\n|switch|p2a: Houndstone|Houndstone, F|100\/100\n|-activate|p2a: Houndstone|move: Sticky Web\n|-unboost|p2a: Houndstone|spe|1\n|move|p1a: Zapdos|Brave Bird|p2a: Houndstone\n|-damage|p2a: Houndstone|66\/100\n|-damage|p1a: Zapdos|76\/100|[from] Recoil\n|\n|-heal|p2a: Houndstone|72\/100|[from] item: Leftovers\n|upkeep\n|turn|10\n|\n|t:|1699931259\n|move|p1a: Zapdos|Brave Bird|p2a: Houndstone\n|-damage|p2a: Houndstone|40\/100\n|-damage|p1a: Zapdos|64\/100|[from] Recoil\n|move|p2a: Houndstone|Will-O-Wisp|p1a: Zapdos\n|-status|p1a: Zapdos|brn\n|\n|-heal|p2a: Houndstone|46\/100|[from] item: Leftovers\n|-damage|p1a: Zapdos|58\/100 brn|[from] brn\n|upkeep\n|turn|11\n|\n|t:|1699931274\n|switch|p1a: Tapu Koko|Tapu Koko|100\/100\n|-damage|p1a: Tapu Koko|88\/100|[from] Stealth Rock\n|-fieldstart|move: Electric Terrain|[from] ability: Electric Surge|[of] p1a: Tapu Koko\n|move|p2a: Houndstone|Night Shade|p1a: Tapu Koko\n|-damage|p1a: Tapu Koko|52\/100\n|\n|-heal|p2a: Houndstone|52\/100|[from] item: Leftovers\n|upkeep\n|turn|12\n|\n|t:|1699931284\n|switch|p2a: Manectric|Manectric, M|100\/100\n|-activate|p2a: Manectric|move: Sticky Web\n|-unboost|p2a: Manectric|spe|1\n|move|p1a: Tapu Koko|Dazzling Gleam|p2a: Manectric\n|-damage|p2a: Manectric|17\/100\n|-damage|p1a: Tapu Koko|42\/100|[from] item: Life Orb\n|\n|upkeep\n|turn|13\n|\n|t:|1699931297\n|switch|p2a: Okidogi|Okidogi, M|92\/100 par\n|-activate|p2a: Okidogi|move: Sticky Web\n|-unboost|p2a: Okidogi|spe|1\n|move|p1a: Tapu Koko|U-turn|p2a: Okidogi\n|-resisted|p2a: Okidogi\n|-damage|p2a: Okidogi|87\/100 par\n|-damage|p1a: Tapu Koko|33\/100|[from] item: Life Orb\n|\n|t:|1699931302\n|switch|p1a: Medicham|Medicham-Mega, M|100\/100|[from] U-turn\n|-damage|p1a: Medicham|94\/100|[from] Stealth Rock\n|\n|-heal|p2a: Okidogi|93\/100 par|[from] item: Black Sludge\n|upkeep\n|turn|14\n|\n|t:|1699931310\n|switch|p2a: Manectric|Manectric, M|17\/100\n|-activate|p2a: Manectric|move: Sticky Web\n|-unboost|p2a: Manectric|spe|1\n|move|p1a: Medicham|Zen Headbutt|p2a: Manectric\n|-damage|p2a: Manectric|0 fnt\n|faint|p2a: Manectric\n|\n|upkeep\n|\n|t:|1699931319\n|switch|p2a: Smeargle|Smeargle, M|100\/100\n|-activate|p2a: Smeargle|move: Sticky Web\n|-unboost|p2a: Smeargle|spe|1\n|turn|15\n|\n|t:|1699931330\n|move|p1a: Medicham|Bullet Punch|p2a: Smeargle\n|-damage|p2a: Smeargle|46\/100\n|move|p2a: Smeargle|Sticky Web|p1a: Medicham\n|-sidestart|p1: Jektrooper|move: Sticky Web\n|\n|-fieldend|move: Electric Terrain\n|upkeep\n|turn|16\n|\n|t:|1699931339\n|move|p1a: Medicham|Bullet Punch|p2a: Smeargle\n|-damage|p2a: Smeargle|0 fnt\n|faint|p2a: Smeargle\n|\n|upkeep\n|\n|t:|1699931349\n|switch|p2a: Houndstone|Houndstone, F|52\/100\n|-activate|p2a: Houndstone|move: Sticky Web\n|-unboost|p2a: Houndstone|spe|1\n|turn|17\n|\n|t:|1699931357\n|switch|p1a: Tapu Koko|Tapu Koko|33\/100\n|-damage|p1a: Tapu Koko|20\/100|[from] Stealth Rock\n|-activate|p1a: Tapu Koko|move: Sticky Web\n|-unboost|p1a: Tapu Koko|spe|1\n|-fieldstart|move: Electric Terrain|[from] ability: Electric Surge|[of] p1a: Tapu Koko\n|move|p2a: Houndstone|Roar|p1a: Tapu Koko\n|drag|p1a: Medicham|Medicham-Mega, M|94\/100\n|-damage|p1a: Medicham|88\/100|[from] Stealth Rock\n|-activate|p1a: Medicham|move: Sticky Web\n|-unboost|p1a: Medicham|spe|1\n|\n|-heal|p2a: Houndstone|58\/100|[from] item: Leftovers\n|upkeep\n|turn|18\n|\n|t:|1699931373\n|move|p1a: Medicham|Zen Headbutt|p2a: Houndstone\n|-damage|p2a: Houndstone|34\/100\n|move|p2a: Houndstone|Night Shade|p1a: Medicham\n|-damage|p1a: Medicham|50\/100\n|\n|-heal|p2a: Houndstone|40\/100|[from] item: Leftovers\n|upkeep\n|turn|19\n|\n|t:|1699931381\n|switch|p1a: Zapdos|Zapdos-Galar|58\/100 brn\n|-damage|p1a: Zapdos|45\/100 brn|[from] Stealth Rock\n|move|p2a: Houndstone|Night Shade|p1a: Zapdos\n|-damage|p1a: Zapdos|14\/100 brn\n|\n|-heal|p2a: Houndstone|46\/100|[from] item: Leftovers\n|-damage|p1a: Zapdos|8\/100 brn|[from] brn\n|upkeep\n|turn|20\n|\n|t:|1699931397\n|move|p1a: Zapdos|Brave Bird|p2a: Houndstone\n|-damage|p2a: Houndstone|29\/100\n|-damage|p1a: Zapdos|2\/100 brn|[from] Recoil\n|move|p2a: Houndstone|Night Shade|p1a: Zapdos\n|-damage|p1a: Zapdos|0 fnt\n|faint|p1a: Zapdos\n|\n|-heal|p2a: Houndstone|35\/100|[from] item: Leftovers\n|upkeep\n|\n|t:|1699931402\n|switch|p1a: Tapu Koko|Tapu Koko|20\/100\n|-damage|p1a: Tapu Koko|8\/100|[from] Stealth Rock\n|-activate|p1a: Tapu Koko|move: Sticky Web\n|-unboost|p1a: Tapu Koko|spe|1\n|turn|21\n|\n|t:|1699931410\n|switch|p2a: Okidogi|Okidogi, M|93\/100 par\n|-activate|p2a: Okidogi|move: Sticky Web\n|-unboost|p2a: Okidogi|spe|1\n|move|p1a: Tapu Koko|Thunderbolt|p2a: Okidogi\n|-damage|p2a: Okidogi|45\/100 par\n|-damage|p1a: Tapu Koko|0 fnt|[from] item: Life Orb\n|faint|p1a: Tapu Koko\n|\n|-heal|p2a: Okidogi|51\/100 par|[from] item: Black Sludge\n|-fieldend|move: Electric Terrain\n|upkeep\n|\n|t:|1699931412\n|switch|p1a: Blacephalon|Blacephalon|100\/100\n|-damage|p1a: Blacephalon|76\/100|[from] Stealth Rock\n|-activate|p1a: Blacephalon|move: Sticky Web\n|-unboost|p1a: Blacephalon|spe|1\n|turn|22\n|\n|t:|1699931421\n|move|p1a: Blacephalon|Shadow Ball|p2a: Okidogi\n|-damage|p2a: Okidogi|3\/100 par\n|move|p2a: Okidogi|Knock Off|p1a: Blacephalon\n|-supereffective|p1a: Blacephalon\n|-damage|p1a: Blacephalon|0 fnt\n|-enditem|p1a: Blacephalon|Choice Specs|[from] move: Knock Off|[of] p2a: Okidogi\n|faint|p1a: Blacephalon\n|\n|-heal|p2a: Okidogi|9\/100 par|[from] item: Black Sludge\n|upkeep\n|\n|t:|1699931430\n|switch|p1a: Dragonite|Dragonite, F|100\/100\n|turn|23\n|\n|t:|1699931437\n|switch|p2a: Houndstone|Houndstone, F|35\/100\n|-activate|p2a: Houndstone|move: Sticky Web\n|-unboost|p2a: Houndstone|spe|1\n|move|p1a: Dragonite|Dragon Dance|p1a: Dragonite\n|-boost|p1a: Dragonite|atk|1\n|-boost|p1a: Dragonite|spe|1\n|\n|-heal|p2a: Houndstone|41\/100|[from] item: Leftovers\n|upkeep\n|turn|24\n|\n|t:|1699931445\n|move|p1a: Dragonite|Earthquake|p2a: Houndstone\n|-damage|p2a: Houndstone|0 fnt\n|faint|p2a: Houndstone\n|\n|upkeep\n|\n|t:|1699931450\n|switch|p2a: Zamazenta|Zamazenta|100\/100\n|-activate|p2a: Zamazenta|move: Sticky Web\n|-unboost|p2a: Zamazenta|spe|1\n|-ability|p2a: Zamazenta|Dauntless Shield|boost\n|-boost|p2a: Zamazenta|def|1\n|turn|25\n|\n|t:|1699931457\n|move|p1a: Dragonite|Earthquake|p2a: Zamazenta\n|-damage|p2a: Zamazenta|71\/100\n|move|p2a: Zamazenta|Iron Defense|p2a: Zamazenta\n|-boost|p2a: Zamazenta|def|2\n|\n|-heal|p2a: Zamazenta|78\/100|[from] item: Leftovers\n|upkeep\n|turn|26\n|\n|t:|1699931462\n|switch|p1a: Ribombee|Ribombee, M|62\/100\n|-damage|p1a: Ribombee|37\/100|[from] Stealth Rock\n|-activate|p1a: Ribombee|move: Sticky Web\n|-unboost|p1a: Ribombee|spe|1\n|move|p2a: Zamazenta|Iron Defense|p2a: Zamazenta\n|-boost|p2a: Zamazenta|def|2\n|\n|-heal|p2a: Zamazenta|84\/100|[from] item: Leftovers\n|upkeep\n|turn|27\n|\n|t:|1699931470\n|move|p2a: Zamazenta|Heavy Slam|p1a: Ribombee\n|-supereffective|p1a: Ribombee\n|-damage|p1a: Ribombee|0 fnt\n|faint|p1a: Ribombee\n|\n|-heal|p2a: Zamazenta|90\/100|[from] item: Leftovers\n|upkeep\n|c|\u2606Jektrooper|ggs\n|-message|Jektrooper forfeited.\n|\n|win|v587\n|raw|Jektrooper's rating: 1406 &rarr; <strong>1385<\/strong><br \/>(-21 for losing)\n|raw|v587's rating: 1390 &rarr; <strong>1411<\/strong><br \/>(+21 for winning)\n|l|\u2606Jektrooper\n","uploadtime":1699931481,"views":7,"p1id":"jektrooper","p2id":"v587","formatid":"gen9nationaldex","rating":1385,"private":0,"password":""}