{"id":"gen9nationaldex-1989734236","p1":"Haustlauf","p2":"solve my riddles!","format":"[Gen 9] National Dex","log":"|j|\u2606Haustlauf\n|j|\u2606solve my riddles!\n|t:|1699891172\n|gametype|singles\n|player|p1|Haustlauf|gambler|1141\n|player|p2|solve my riddles!|flint|1215\n|teamsize|p1|6\n|teamsize|p2|6\n|gen|9\n|tier|[Gen 9] National Dex\n|rated|\n|rule|HP Percentage Mod: HP is shown in percentages\n|rule|Endless Battle Clause: Forcing endless battles is banned\n|rule|OHKO Clause: OHKO moves are banned\n|rule|Evasion Clause: Evasion abilities, items, and moves are banned\n|rule|Evasion Abilities Clause: Evasion abilities are banned\n|rule|Evasion Items Clause: Evasion items are banned\n|rule|Evasion Moves Clause: Evasion moves are banned\n|rule|Species Clause: Limit one of each Pok\u00e9mon\n|rule|Sleep Clause Mod: Limit one foe put to sleep\n|clearpoke\n|poke|p1|Stakataka|\n|poke|p1|Lucario, F|\n|poke|p1|Rotom-Frost|\n|poke|p1|Chandelure, M|\n|poke|p1|Ferrothorn, F|\n|poke|p1|Sigilyph, M|\n|poke|p2|Chatot, M|\n|poke|p2|Azelf|\n|poke|p2|Zarude|\n|poke|p2|Meowstic, M|\n|poke|p2|Urshifu-*, F|\n|poke|p2|Porygon-Z|\n|teampreview\n|\n|t:|1699891184\n|start\n|switch|p1a: Lucario|Lucario, F|100\/100\n|switch|p2a: Azelf|Azelf|100\/100\n|turn|1\n|\n|t:|1699891189\n|move|p2a: Azelf|Magic Room|p2a: Azelf\n|-fieldstart|move: Magic Room|[of] p2a: Azelf\n|move|p1a: Lucario|Dark Pulse|p2a: Azelf\n|-supereffective|p2a: Azelf\n|-damage|p2a: Azelf|36\/100\n|\n|upkeep\n|turn|2\n|\n|t:|1699891195\n|move|p2a: Azelf|Flamethrower|p1a: Lucario\n|-supereffective|p1a: Lucario\n|-damage|p1a: Lucario|16\/100\n|move|p1a: Lucario|Dark Pulse|p2a: Azelf\n|-supereffective|p2a: Azelf\n|-damage|p2a: Azelf|0 fnt\n|faint|p2a: Azelf\n|\n|upkeep\n|\n|t:|1699891202\n|switch|p2a: Urshifu|Urshifu-Rapid-Strike, F|100\/100\n|turn|3\n|c|\u2606Haustlauf|dt! Magic Room\n|\n|t:|1699891226\n|move|p2a: Urshifu|Swords Dance|p2a: Urshifu\n|-boost|p2a: Urshifu|atk|2\n|move|p1a: Lucario|Aura Sphere|p2a: Urshifu\n|-damage|p2a: Urshifu|55\/100\n|\n|upkeep\n|turn|4\n|\n|t:|1699891238\n|move|p1a: Lucario|Bullet Punch|p2a: Urshifu\n|-resisted|p2a: Urshifu\n|-damage|p2a: Urshifu|47\/100\n|move|p2a: Urshifu|Drain Punch|p1a: Lucario\n|-supereffective|p1a: Lucario\n|-damage|p1a: Lucario|0 fnt\n|-heal|p2a: Urshifu|53\/100|[from] drain|[of] p1a: Lucario\n|faint|p1a: Lucario\n|\n|upkeep\n|\n|t:|1699891244\n|switch|p1a: Sigilyph|Sigilyph, M|100\/100\n|turn|5\n|\n|t:|1699891251\n|move|p2a: Urshifu|Surging Strikes|p1a: Sigilyph\n|-crit|p1a: Sigilyph\n|-damage|p1a: Sigilyph|52\/100\n|-crit|p1a: Sigilyph\n|-damage|p1a: Sigilyph|8\/100\n|-crit|p1a: Sigilyph\n|-damage|p1a: Sigilyph|0 fnt\n|faint|p1a: Sigilyph\n|-hitcount|p1: Sigilyph|3\n|\n|-fieldend|move: Magic Room|[of] p2: Azelf\n|upkeep\n|\n|t:|1699891257\n|switch|p1a: Ferrothorn|Ferrothorn, F|100\/100\n|turn|6\n|\n|t:|1699891265\n|-terastallize|p1a: Ferrothorn|Water\n|move|p2a: Urshifu|Drain Punch|p1a: Ferrothorn\n|-damage|p1a: Ferrothorn|36\/100\n|-heal|p2a: Urshifu|83\/100|[from] drain|[of] p1a: Ferrothorn\n|-damage|p2a: Urshifu|71\/100|[from] ability: Iron Barbs|[of] p1a: Ferrothorn\n|move|p1a: Ferrothorn|Leech Seed|p2a: Urshifu\n|-start|p2a: Urshifu|move: Leech Seed\n|\n|-heal|p1a: Ferrothorn|43\/100|[from] item: Leftovers\n|-damage|p2a: Urshifu|59\/100|[from] Leech Seed|[of] p1a: Ferrothorn\n|-heal|p1a: Ferrothorn|56\/100|[silent]\n|upkeep\n|turn|7\n|\n|t:|1699891280\n|move|p1a: Ferrothorn|Protect|p1a: Ferrothorn\n|-singleturn|p1a: Ferrothorn|Protect\n|move|p2a: Urshifu|Drain Punch|p1a: Ferrothorn\n|-damage|p1a: Ferrothorn|0 fnt\n|-heal|p2a: Urshifu|85\/100|[from] drain|[of] p1a: Ferrothorn\n|-damage|p2a: Urshifu|73\/100|[from] ability: Iron Barbs|[of] p1a: Ferrothorn\n|faint|p1a: Ferrothorn\n|\n|upkeep\n|\n|t:|1699891290\n|switch|p1a: Rotom|Rotom-Frost|100\/100\n|turn|8\n|\n|t:|1699891294\n|move|p2a: Urshifu|Drain Punch|p1a: Rotom\n|-supereffective|p1a: Rotom\n|-damage|p1a: Rotom|0 fnt\n|-heal|p2a: Urshifu|100\/100|[from] drain|[of] p1a: Rotom\n|faint|p1a: Rotom\n|\n|upkeep\n|\n|t:|1699891297\n|switch|p1a: Stakataka|Stakataka|100\/100\n|turn|9\n|\n|t:|1699891305\n|move|p2a: Urshifu|Drain Punch|p1a: Stakataka\n|-supereffective|p1a: Stakataka\n|-damage|p1a: Stakataka|0 fnt\n|faint|p1a: Stakataka\n|\n|upkeep\n|\n|t:|1699891306\n|switch|p1a: Chandelure|Chandelure, M|100\/100\n|turn|10\n|\n|t:|1699891317\n|switch|p2a: Meowstic|Meowstic, M|100\/100\n|move|p1a: Chandelure|Energy Ball|p2a: Meowstic\n|-damage|p2a: Meowstic|66\/100\n|\n|upkeep\n|turn|11\n|\n|t:|1699891327\n|move|p2a: Meowstic|Thunderbolt|p1a: Chandelure\n|-damage|p1a: Chandelure|81\/100\n|move|p1a: Chandelure|Shadow Ball|p2a: Meowstic\n|-supereffective|p2a: Meowstic\n|-damage|p2a: Meowstic|0 fnt\n|faint|p2a: Meowstic\n|\n|upkeep\n|\n|t:|1699891332\n|switch|p2a: Zarude|Zarude|100\/100\n|turn|12\n|\n|t:|1699891336\n|move|p2a: Zarude|Knock Off|p1a: Chandelure\n|-supereffective|p1a: Chandelure\n|-damage|p1a: Chandelure|0 fnt\n|-enditem|p1a: Chandelure|Heavy-Duty Boots|[from] move: Knock Off|[of] p2a: Zarude\n|faint|p1a: Chandelure\n|\n|win|solve my riddles!\n|raw|Haustlauf's rating: 1141 &rarr; <strong>1121<\/strong><br \/>(-20 for losing)\n|raw|solve my riddles!'s rating: 1215 &rarr; <strong>1235<\/strong><br \/>(+20 for winning)\n|l|\u2606Haustlauf\n","uploadtime":1699891341,"views":13,"p1id":"haustlauf","p2id":"solvemyriddles","formatid":"gen9nationaldex","rating":1121,"private":0,"password":""}