{"id":"gen9nationaldex-1998909345","p1":"Gaming king pro","p2":"powerstaark","format":"[Gen 9] National Dex","log":"|html|<div class=\"broadcast-blue\"><strong>[Gen 9] National Dex is currently suspecting Sneasler! For information on how to participate check out the <a href=\"https:\/\/www.smogon.com\/forums\/threads\/sv-national-dex-suspect-8-just-dance.3731534\/\">suspect thread<\/a>.<\/strong><\/div>\n|j|\u2606Gaming king pro\n|j|\u2606powerstaark\n|t:|1701011819\n|gametype|singles\n|player|p1|Gaming king pro|steven|1036\n|player|p2|powerstaark|101|1000\n|teamsize|p1|6\n|teamsize|p2|6\n|gen|9\n|tier|[Gen 9] National Dex\n|rated|\n|rule|HP Percentage Mod: HP is shown in percentages\n|rule|Endless Battle Clause: Forcing endless battles is banned\n|rule|OHKO Clause: OHKO moves are banned\n|rule|Evasion Clause: Evasion abilities, items, and moves are banned\n|rule|Evasion Abilities Clause: Evasion abilities are banned\n|rule|Evasion Items Clause: Evasion items are banned\n|rule|Evasion Moves Clause: Evasion moves are banned\n|rule|Species Clause: Limit one of each Pok\u00e9mon\n|rule|Sleep Clause Mod: Limit one foe put to sleep\n|clearpoke\n|poke|p1|Gliscor, M|\n|poke|p1|Scizor, M|\n|poke|p1|Gallade, M|\n|poke|p1|Togekiss, M|\n|poke|p1|Tangrowth, F|\n|poke|p1|Weavile, F|\n|poke|p2|Wyrdeer, F|\n|poke|p2|Arcanine-Hisui, M|\n|poke|p2|Electrode-Hisui|\n|poke|p2|Sneasler, F|\n|poke|p2|Kleavor, F|\n|poke|p2|Goodra-Hisui, M|\n|teampreview\n|j| Sipxk\n|inactive|Battle timer is ON: inactive players will automatically lose when time's up. (requested by Gaming king pro)\n|\n|t:|1701011847\n|start\n|switch|p1a: Tangrowth|Tangrowth, F|100\/100\n|switch|p2a: Electrode|Electrode-Hisui|100\/100\n|turn|1\n|\n|t:|1701011860\n|move|p2a: Electrode|Volt Switch|p1a: Tangrowth\n|-resisted|p1a: Tangrowth\n|-damage|p1a: Tangrowth|86\/100\n|\n|t:|1701011877\n|switch|p2a: Arcanine|Arcanine-Hisui, M|100\/100|[from] Volt Switch\n|move|p1a: Tangrowth|Earthquake|p2a: Arcanine\n|-supereffective|p2a: Arcanine\n|-enditem|p2a: Arcanine|Focus Sash\n|-damage|p2a: Arcanine|1\/100\n|\n|-heal|p1a: Tangrowth|92\/100|[from] item: Leftovers\n|upkeep\n|turn|2\n|\n|t:|1701011891\n|move|p2a: Arcanine|Flare Blitz|p1a: Tangrowth\n|-supereffective|p1a: Tangrowth\n|-damage|p1a: Tangrowth|10\/100\n|move|p1a: Tangrowth|Energy Ball|p2a: Arcanine\n|-damage|p2a: Arcanine|0 fnt\n|faint|p2a: Arcanine\n|\n|-heal|p1a: Tangrowth|16\/100|[from] item: Leftovers\n|upkeep\n|\n|t:|1701011900\n|switch|p2a: Kleavor|Kleavor, F|100\/100\n|turn|3\n|\n|t:|1701011907\n|move|p2a: Kleavor|Stone Axe|p1a: Tangrowth\n|-damage|p1a: Tangrowth|0 fnt\n|-sidestart|p1: Gaming king pro|move: Stealth Rock\n|faint|p1a: Tangrowth\n|\n|upkeep\n|\n|t:|1701011914\n|switch|p1a: Scizor|Scizor, M|100\/100\n|-damage|p1a: Scizor|88\/100|[from] Stealth Rock\n|turn|4\n|\n|t:|1701011928\n|move|p1a: Scizor|Bullet Punch|p2a: Kleavor\n|-supereffective|p2a: Kleavor\n|-damage|p2a: Kleavor|6\/100\n|-enditem|p2a: Kleavor|Sitrus Berry|[eat]\n|-heal|p2a: Kleavor|31\/100|[from] item: Sitrus Berry\n|move|p2a: Kleavor|Stone Axe|p1a: Scizor\n|-damage|p1a: Scizor|13\/100\n|\n|upkeep\n|turn|5\n|\n|t:|1701011936\n|move|p2a: Kleavor|Quick Attack|p1a: Scizor\n|-resisted|p1a: Scizor\n|-damage|p1a: Scizor|4\/100\n|move|p1a: Scizor|Bullet Punch|p2a: Kleavor\n|-supereffective|p2a: Kleavor\n|-damage|p2a: Kleavor|0 fnt\n|faint|p2a: Kleavor\n|\n|upkeep\n|\n|t:|1701011948\n|switch|p2a: Electrode|Electrode-Hisui|100\/100\n|turn|6\n|\n|t:|1701011954\n|move|p1a: Scizor|Bullet Punch|p2a: Electrode\n|-resisted|p2a: Electrode\n|-damage|p2a: Electrode|67\/100\n|move|p2a: Electrode|Energy Ball|p1a: Scizor\n|-resisted|p1a: Scizor\n|-damage|p1a: Scizor|0 fnt\n|faint|p1a: Scizor\n|\n|upkeep\n|\n|t:|1701011964\n|switch|p1a: Weavile|Weavile, F|100\/100\n|-damage|p1a: Weavile|76\/100|[from] Stealth Rock\n|-ability|p1a: Weavile|Pressure\n|turn|7\n|\n|t:|1701011973\n|move|p1a: Weavile|Fake Out|p2a: Electrode\n|-damage|p2a: Electrode|40\/100\n|-enditem|p2a: Electrode|Sitrus Berry|[eat]\n|-heal|p2a: Electrode|65\/100|[from] item: Sitrus Berry\n|cant|p2a: Electrode|flinch\n|\n|upkeep\n|turn|8\n|\n|t:|1701011981\n|move|p2a: Electrode|Thunderbolt|p1a: Weavile\n|-damage|p1a: Weavile|26\/100\n|move|p1a: Weavile|Ice Spinner|p2a: Electrode\n|-supereffective|p2a: Electrode\n|-damage|p2a: Electrode|0 fnt\n|-damage|p1a: Weavile|1\/100|[from] ability: Aftermath|[of] p2a: Electrode\n|faint|p2a: Electrode\n|\n|upkeep\n|\n|t:|1701011995\n|switch|p2a: Sneasler|Sneasler, F|100\/100\n|turn|9\n|\n|t:|1701012002\n|move|p2a: Sneasler|Shadow Claw|p1a: Weavile\n|-resisted|p1a: Weavile\n|-crit|p1a: Weavile\n|-damage|p1a: Weavile|0 fnt\n|faint|p1a: Weavile\n|\n|upkeep\n|\n|t:|1701012010\n|switch|p1a: Gallade|Gallade, M|100\/100\n|-damage|p1a: Gallade|94\/100|[from] Stealth Rock\n|turn|10\n|\n|t:|1701012018\n|detailschange|p1a: Gallade|Gallade-Mega, M\n|-mega|p1a: Gallade|Gallade|Galladite\n|move|p2a: Sneasler|Shadow Claw|p1a: Gallade\n|-supereffective|p1a: Gallade\n|-damage|p1a: Gallade|32\/100\n|move|p1a: Gallade|Psycho Cut|p2a: Sneasler\n|-supereffective|p2a: Sneasler\n|-enditem|p2a: Sneasler|Focus Sash\n|-damage|p2a: Sneasler|1\/100\n|\n|upkeep\n|turn|11\n|\n|t:|1701012030\n|switch|p1a: Gliscor|Gliscor, M, shiny|100\/100\n|-damage|p1a: Gliscor|88\/100|[from] Stealth Rock\n|move|p2a: Sneasler|Dire Claw|p1a: Gliscor\n|-resisted|p1a: Gliscor\n|-damage|p1a: Gliscor|71\/100\n|-status|p1a: Gliscor|par\n|\n|upkeep\n|turn|12\n|\n|t:|1701012039\n|cant|p1a: Gliscor|par\n|move|p2a: Sneasler|Shadow Claw|p1a: Gliscor\n|-crit|p1a: Gliscor\n|-damage|p1a: Gliscor|40\/100 par\n|\n|upkeep\n|turn|13\n|\n|t:|1701012045\n|move|p1a: Gliscor|Quick Attack|p2a: Sneasler\n|-damage|p2a: Sneasler|0 fnt\n|faint|p2a: Sneasler\n|\n|upkeep\n|\n|t:|1701012049\n|switch|p2a: Goodra|Goodra-Hisui, M|100\/100\n|turn|14\n|\n|t:|1701012057\n|move|p2a: Goodra|Shelter|p2a: Goodra\n|-boost|p2a: Goodra|def|2\n|move|p1a: Gliscor|Earthquake|p2a: Goodra\n|-supereffective|p2a: Goodra\n|-damage|p2a: Goodra|67\/100\n|\n|-heal|p2a: Goodra|73\/100|[from] item: Leftovers\n|upkeep\n|turn|15\n|\n|t:|1701012068\n|-terastallize|p1a: Gliscor|Ground\n|move|p2a: Goodra|Draco Meteor|p1a: Gliscor\n|-damage|p1a: Gliscor|0 fnt\n|-unboost|p2a: Goodra|spa|2\n|faint|p1a: Gliscor\n|\n|-heal|p2a: Goodra|79\/100|[from] item: Leftovers\n|upkeep\n|\n|t:|1701012077\n|switch|p1a: Gallade|Gallade-Mega, M|32\/100\n|-damage|p1a: Gallade|25\/100|[from] Stealth Rock\n|turn|16\n|\n|t:|1701012081\n|move|p1a: Gallade|Earthquake|p2a: Goodra\n|-supereffective|p2a: Goodra\n|-damage|p2a: Goodra|46\/100\n|move|p2a: Goodra|Draco Meteor|p1a: Gallade\n|-damage|p1a: Gallade|0 fnt\n|-unboost|p2a: Goodra|spa|2\n|faint|p1a: Gallade\n|\n|-heal|p2a: Goodra|52\/100|[from] item: Leftovers\n|upkeep\n|\n|t:|1701012091\n|switch|p1a: Togekiss|Togekiss, M|100\/100\n|-damage|p1a: Togekiss|76\/100|[from] Stealth Rock\n|turn|17\n|\n|t:|1701012097\n|move|p1a: Togekiss|Aura Sphere|p2a: Goodra\n|-supereffective|p2a: Goodra\n|-damage|p2a: Goodra|14\/100\n|move|p2a: Goodra|Iron Head|p1a: Togekiss\n|-supereffective|p1a: Togekiss\n|-damage|p1a: Togekiss|4\/100\n|-enditem|p1a: Togekiss|Sitrus Berry|[eat]\n|-heal|p1a: Togekiss|28\/100|[from] item: Sitrus Berry\n|\n|-heal|p2a: Goodra|20\/100|[from] item: Leftovers\n|upkeep\n|turn|18\n|\n|t:|1701012107\n|move|p1a: Togekiss|Aura Sphere|p2a: Goodra\n|-supereffective|p2a: Goodra\n|-damage|p2a: Goodra|0 fnt\n|faint|p2a: Goodra\n|\n|upkeep\n|\n|t:|1701012112\n|switch|p2a: Wyrdeer|Wyrdeer, F|100\/100\n|-ability|p2a: Wyrdeer|Intimidate|boost\n|-unboost|p1a: Togekiss|atk|1\n|turn|19\n|\n|t:|1701012117\n|move|p1a: Togekiss|Ancient Power|p2a: Wyrdeer\n|-damage|p2a: Wyrdeer|76\/100\n|move|p2a: Wyrdeer|Psyshield Bash|p1a: Togekiss\n|-damage|p1a: Togekiss|0 fnt\n|-boost|p2a: Wyrdeer|def|1\n|faint|p1a: Togekiss\n|\n|win|powerstaark\n|raw|Gaming king pro's rating: 1036 &rarr; <strong>1019<\/strong><br \/>(-17 for losing)\n|raw|powerstaark's rating: 1000 &rarr; <strong>1044<\/strong><br \/>(+44 for winning)\n|l|\u2606Gaming king pro\n|l| Sipxk\n","uploadtime":1701012275,"views":3,"p1id":"gamingkingpro","p2id":"powerstaark","formatid":"gen9nationaldex","rating":1019,"private":0,"password":""}