{"id":"gen9nationaldex-1996568188","p1":"Pablo_0982","p2":"tukitiko","format":"[Gen 9] National Dex","log":"|html|<div class=\"broadcast-blue\"><strong>[Gen 9] National Dex is currently suspecting Sneasler! For information on how to participate check out the <a href=\"https:\/\/www.smogon.com\/forums\/threads\/sv-national-dex-suspect-8-just-dance.3731534\/\">suspect thread<\/a>.<\/strong><\/div>\n|j|\u2606Pablo_0982\n|j|\u2606tukitiko\n|t:|1700695265\n|gametype|singles\n|player|p1|Pablo_0982|plasmagruntf-gen5bw|1073\n|player|p2|tukitiko|janitor|1169\n|teamsize|p1|6\n|teamsize|p2|6\n|gen|9\n|tier|[Gen 9] National Dex\n|rated|\n|rule|HP Percentage Mod: HP is shown in percentages\n|rule|Endless Battle Clause: Forcing endless battles is banned\n|rule|OHKO Clause: OHKO moves are banned\n|rule|Evasion Clause: Evasion abilities, items, and moves are banned\n|rule|Evasion Abilities Clause: Evasion abilities are banned\n|rule|Evasion Items Clause: Evasion items are banned\n|rule|Evasion Moves Clause: Evasion moves are banned\n|rule|Species Clause: Limit one of each Pok\u00e9mon\n|rule|Sleep Clause Mod: Limit one foe put to sleep\n|clearpoke\n|poke|p1|Umbreon, M|\n|poke|p1|Gardevoir, F|\n|poke|p1|Dragonite, F|\n|poke|p1|Volcarona, M|\n|poke|p1|Ferrothorn, F|\n|poke|p1|Crobat, M|\n|poke|p2|Jellicent, F|\n|poke|p2|Sneasler, M|\n|poke|p2|Rillaboom, M|\n|poke|p2|Venusaur, M|\n|poke|p2|Kartana|\n|poke|p2|Volcanion|\n|teampreview\n|inactive|Battle timer is ON: inactive players will automatically lose when time's up. (requested by tukitiko)\n|\n|t:|1700695272\n|start\n|switch|p1a: Dragonite|Dragonite, F, shiny|100\/100\n|switch|p2a: Estefano|Rillaboom, M|100\/100\n|-fieldstart|move: Grassy Terrain|[from] ability: Grassy Surge|[of] p2a: Estefano\n|turn|1\n|\n|t:|1700695279\n|move|p2a: Estefano|Drum Beating|p1a: Dragonite\n|-resisted|p1a: Dragonite\n|-crit|p1a: Dragonite\n|-damage|p1a: Dragonite|90\/100\n|-unboost|p1a: Dragonite|spe|1\n|move|p1a: Dragonite|Dragon Dance|p1a: Dragonite\n|-boost|p1a: Dragonite|atk|1\n|-boost|p1a: Dragonite|spe|1\n|\n|upkeep\n|turn|2\n|\n|t:|1700695286\n|move|p2a: Estefano|U-turn|p1a: Dragonite\n|-resisted|p1a: Dragonite\n|-damage|p1a: Dragonite|77\/100\n|\n|t:|1700695294\n|switch|p2a: Adelito|Sneasler, M|100\/100|[from] U-turn\n|-enditem|p2a: Adelito|Grassy Seed\n|-boost|p2a: Adelito|def|1|[from] item: Grassy Seed\n|move|p1a: Dragonite|Dragon Dance|p1a: Dragonite\n|-boost|p1a: Dragonite|atk|1\n|-boost|p1a: Dragonite|spe|1\n|\n|upkeep\n|turn|3\n|\n|t:|1700695306\n|move|p2a: Adelito|Dire Claw|p1a: Dragonite\n|-damage|p1a: Dragonite|27\/100\n|-status|p1a: Dragonite|psn\n|move|p1a: Dragonite|Dragon Claw|p2a: Adelito\n|-damage|p2a: Adelito|0 fnt\n|faint|p2a: Adelito\n|\n|-damage|p1a: Dragonite|14\/100 psn|[from] psn\n|upkeep\n|-enditem|p1a: Dragonite|Aguav Berry|[eat]\n|-heal|p1a: Dragonite|48\/100 psn|[from] item: Aguav Berry\n|\n|t:|1700695322\n|switch|p2a: Mr. Mustach|Jellicent, F|100\/100\n|turn|4\n|\n|t:|1700695329\n|move|p1a: Dragonite|Dragon Claw|p2a: Mr. Mustach\n|-damage|p2a: Mr. Mustach|32\/100\n|move|p2a: Mr. Mustach|Strength Sap|p1a: Dragonite\n|-unboost|p1a: Dragonite|atk|1\n|-heal|p2a: Mr. Mustach|100\/100\n|\n|-damage|p1a: Dragonite|35\/100 psn|[from] psn\n|upkeep\n|turn|5\n|\n|t:|1700695345\n|move|p1a: Dragonite|Dragon Dance|p1a: Dragonite\n|-boost|p1a: Dragonite|atk|1\n|-boost|p1a: Dragonite|spe|1\n|move|p2a: Mr. Mustach|Substitute|p2a: Mr. Mustach\n|-start|p2a: Mr. Mustach|Substitute\n|-damage|p2a: Mr. Mustach|75\/100\n|\n|-heal|p2a: Mr. Mustach|82\/100|[from] Grassy Terrain\n|-heal|p2a: Mr. Mustach|88\/100|[from] item: Leftovers\n|-damage|p1a: Dragonite|23\/100 psn|[from] psn\n|upkeep\n|turn|6\n|\n|t:|1700695353\n|move|p1a: Dragonite|Iron Head|p2a: Mr. Mustach\n|-resisted|p2a: Mr. Mustach\n|-end|p2a: Mr. Mustach|Substitute\n|move|p2a: Mr. Mustach|Hex|p1a: Dragonite\n|-damage|p1a: Dragonite|0 fnt\n|faint|p1a: Dragonite\n|\n|-heal|p2a: Mr. Mustach|94\/100|[from] Grassy Terrain\n|-heal|p2a: Mr. Mustach|99\/100|[from] item: Leftovers\n|upkeep\n|\n|t:|1700695373\n|switch|p1a: Umbreon|Umbreon, M|100\/100\n|turn|7\n|\n|t:|1700695376\n|move|p1a: Umbreon|Toxic|p2a: Mr. Mustach\n|-status|p2a: Mr. Mustach|tox\n|move|p2a: Mr. Mustach|Substitute|p2a: Mr. Mustach\n|-start|p2a: Mr. Mustach|Substitute\n|-damage|p2a: Mr. Mustach|75\/100 tox\n|\n|-heal|p2a: Mr. Mustach|81\/100 tox|[from] Grassy Terrain\n|-heal|p2a: Mr. Mustach|88\/100 tox|[from] item: Leftovers\n|-damage|p2a: Mr. Mustach|81\/100 tox|[from] psn\n|upkeep\n|turn|8\n|\n|t:|1700695385\n|move|p1a: Umbreon|Foul Play|p2a: Mr. Mustach\n|-supereffective|p2a: Mr. Mustach\n|-activate|p2a: Mr. Mustach|move: Substitute|[damage]\n|move|p2a: Mr. Mustach|Scald|p1a: Umbreon\n|-damage|p1a: Umbreon|83\/100\n|\n|-heal|p1a: Umbreon|89\/100|[from] Grassy Terrain\n|-heal|p1a: Umbreon|95\/100|[from] item: Leftovers\n|-heal|p2a: Mr. Mustach|88\/100 tox|[from] Grassy Terrain\n|-heal|p2a: Mr. Mustach|94\/100 tox|[from] item: Leftovers\n|-damage|p2a: Mr. Mustach|81\/100 tox|[from] psn\n|-fieldend|move: Grassy Terrain\n|upkeep\n|turn|9\n|\n|t:|1700695398\n|move|p1a: Umbreon|Foul Play|p2a: Mr. Mustach\n|-supereffective|p2a: Mr. Mustach\n|-end|p2a: Mr. Mustach|Substitute\n|move|p2a: Mr. Mustach|Scald|p1a: Umbreon\n|-damage|p1a: Umbreon|78\/100\n|\n|-heal|p1a: Umbreon|84\/100|[from] item: Leftovers\n|-heal|p2a: Mr. Mustach|88\/100 tox|[from] item: Leftovers\n|-damage|p2a: Mr. Mustach|69\/100 tox|[from] psn\n|upkeep\n|turn|10\n|\n|t:|1700695407\n|switch|p2a: Estefano|Rillaboom, M|100\/100\n|-fieldstart|move: Grassy Terrain|[from] ability: Grassy Surge|[of] p2a: Estefano\n|move|p1a: Umbreon|Foul Play|p2a: Estefano\n|-damage|p2a: Estefano|48\/100\n|\n|-heal|p2a: Estefano|54\/100|[from] Grassy Terrain\n|-heal|p1a: Umbreon|90\/100|[from] Grassy Terrain\n|-heal|p1a: Umbreon|96\/100|[from] item: Leftovers\n|upkeep\n|turn|11\n|\n|t:|1700695420\n|move|p2a: Estefano|U-turn|p1a: Umbreon\n|-supereffective|p1a: Umbreon\n|-damage|p1a: Umbreon|62\/100\n|\n|t:|1700695423\n|switch|p2a: Defogn't|Kartana|100\/100|[from] U-turn\n|move|p1a: Umbreon|Foul Play|p2a: Defogn't\n|-damage|p2a: Defogn't|28\/100\n|\n|-heal|p2a: Defogn't|34\/100|[from] Grassy Terrain\n|-heal|p1a: Umbreon|68\/100|[from] Grassy Terrain\n|-heal|p1a: Umbreon|74\/100|[from] item: Leftovers\n|upkeep\n|turn|12\n|\n|t:|1700695432\n|move|p1a: Umbreon|Protect|p1a: Umbreon\n|-singleturn|p1a: Umbreon|Protect\n|move|p2a: Defogn't|X-Scissor|p1a: Umbreon\n|-activate|p1a: Umbreon|move: Protect\n|\n|-heal|p2a: Defogn't|41\/100|[from] Grassy Terrain\n|-heal|p1a: Umbreon|80\/100|[from] Grassy Terrain\n|-heal|p1a: Umbreon|86\/100|[from] item: Leftovers\n|upkeep\n|turn|13\n|\n|t:|1700695442\n|switch|p1a: Ferrothorn|Ferrothorn, F|100\/100\n|move|p2a: Defogn't|Swords Dance|p2a: Defogn't\n|-boost|p2a: Defogn't|atk|2\n|\n|-heal|p2a: Defogn't|47\/100|[from] Grassy Terrain\n|upkeep\n|turn|14\n|\n|t:|1700695449\n|move|p2a: Defogn't|X-Scissor|p1a: Ferrothorn\n|-damage|p1a: Ferrothorn|48\/100\n|-damage|p2a: Defogn't|34\/100|[from] ability: Iron Barbs|[of] p1a: Ferrothorn\n|-damage|p2a: Defogn't|18\/100|[from] item: Rocky Helmet|[of] p1a: Ferrothorn\n|-enditem|p2a: Defogn't|Salac Berry|[eat]\n|-boost|p2a: Defogn't|spe|1|[from] item: Salac Berry\n|move|p1a: Ferrothorn|Leech Seed|p2a: Defogn't\n|-immune|p2a: Defogn't\n|\n|-heal|p2a: Defogn't|24\/100|[from] Grassy Terrain\n|-heal|p1a: Ferrothorn|54\/100|[from] Grassy Terrain\n|upkeep\n|turn|15\n|\n|t:|1700695461\n|-terastallize|p2a: Defogn't|Bug\n|move|p1a: Ferrothorn|Protect|p1a: Ferrothorn\n|-singleturn|p1a: Ferrothorn|Protect\n|move|p2a: Defogn't|X-Scissor|p1a: Ferrothorn\n|-activate|p1a: Ferrothorn|move: Protect\n|\n|-heal|p2a: Defogn't|30\/100|[from] Grassy Terrain\n|-heal|p1a: Ferrothorn|60\/100|[from] Grassy Terrain\n|upkeep\n|turn|16\n|\n|t:|1700695472\n|move|p2a: Defogn't|X-Scissor|p1a: Ferrothorn\n|-damage|p1a: Ferrothorn|0 fnt\n|-damage|p2a: Defogn't|18\/100|[from] ability: Iron Barbs|[of] p1a: Ferrothorn\n|-damage|p2a: Defogn't|1\/100|[from] item: Rocky Helmet|[of] p1a: Ferrothorn\n|faint|p1a: Ferrothorn\n|-ability|p2a: Defogn't|Beast Boost|boost\n|-boost|p2a: Defogn't|atk|1\n|\n|-heal|p2a: Defogn't|7\/100|[from] Grassy Terrain\n|upkeep\n|\n|t:|1700695487\n|switch|p1a: Umbreon|Umbreon, M|86\/100\n|turn|17\n|\n|t:|1700695490\n|move|p2a: Defogn't|X-Scissor|p1a: Umbreon\n|-supereffective|p1a: Umbreon\n|-damage|p1a: Umbreon|0 fnt\n|faint|p1a: Umbreon\n|-ability|p2a: Defogn't|Beast Boost|boost\n|-boost|p2a: Defogn't|atk|1\n|\n|-heal|p2a: Defogn't|14\/100|[from] Grassy Terrain\n|-fieldend|move: Grassy Terrain\n|upkeep\n|\n|t:|1700695497\n|switch|p1a: Crobat|Crobat, M, shiny|100\/100\n|turn|18\n|\n|t:|1700695502\n|move|p2a: Defogn't|Smart Strike|p1a: Crobat\n|-crit|p1a: Crobat\n|-damage|p1a: Crobat|0 fnt\n|faint|p1a: Crobat\n|-ability|p2a: Defogn't|Beast Boost|boost\n|-boost|p2a: Defogn't|atk|1\n|\n|upkeep\n|\n|t:|1700695509\n|switch|p1a: Volcarona|Volcarona, M|100\/100\n|turn|19\n|\n|t:|1700695512\n|move|p2a: Defogn't|Smart Strike|p1a: Volcarona\n|-resisted|p1a: Volcarona\n|-damage|p1a: Volcarona|0 fnt\n|faint|p1a: Volcarona\n|-ability|p2a: Defogn't|Beast Boost|boost\n|-boost|p2a: Defogn't|atk|1\n|\n|upkeep\n|\n|t:|1700695518\n|switch|p1a: Gardevoir|Gardevoir, F|100\/100\n|turn|20\n|\n|t:|1700695523\n|move|p2a: Defogn't|Smart Strike|p1a: Gardevoir\n|-supereffective|p1a: Gardevoir\n|-damage|p1a: Gardevoir|0 fnt\n|faint|p1a: Gardevoir\n|\n|win|tukitiko\n|raw|Pablo_0982's rating: 1073 &rarr; <strong>1058<\/strong><br \/>(-15 for losing)\n|raw|tukitiko's rating: 1169 &rarr; <strong>1187<\/strong><br \/>(+18 for winning)\n","uploadtime":1700695527,"views":3,"p1id":"pablo0982","p2id":"tukitiko","formatid":"gen9nationaldex","rating":1058,"private":0,"password":""}