{"id":"gen9nationaldex-1987804526","p1":"Jonathan53332","p2":"Linkmasterjr","format":"[Gen 9] National Dex","log":"|j|\u2606Jonathan53332\n|j|\u2606Linkmasterjr\n|t:|1699638415\n|gametype|singles\n|player|p1|Jonathan53332|1|\n|player|p2|Linkmasterjr|hugh|\n|teamsize|p1|6\n|teamsize|p2|6\n|gen|9\n|tier|[Gen 9] National Dex\n|rule|HP Percentage Mod: HP is shown in percentages\n|rule|Endless Battle Clause: Forcing endless battles is banned\n|rule|OHKO Clause: OHKO moves are banned\n|rule|Evasion Clause: Evasion abilities, items, and moves are banned\n|rule|Evasion Abilities Clause: Evasion abilities are banned\n|rule|Evasion Items Clause: Evasion items are banned\n|rule|Evasion Moves Clause: Evasion moves are banned\n|rule|Species Clause: Limit one of each Pok\u00e9mon\n|rule|Sleep Clause Mod: Limit one foe put to sleep\n|clearpoke\n|poke|p1|Dudunsparce-*, F|\n|poke|p1|Florges-Blue, F|\n|poke|p1|Barraskewda, M|\n|poke|p1|Kilowattrel, F|\n|poke|p1|Pyukumuku, F|\n|poke|p1|Pawmot, M|\n|poke|p2|Gliscor, F|\n|poke|p2|Dragonite, M|\n|poke|p2|Lopunny, M|\n|poke|p2|Ferrothorn, M|\n|poke|p2|Greninja-*, M|\n|poke|p2|Chandelure, F|\n|teampreview\n|inactive|Battle timer is ON: inactive players will automatically lose when time's up. (requested by Linkmasterjr)\n|inactive|Jonathan53332 has 270 seconds left.\n|l|\u2606Jonathan53332\n|inactive|Jonathan53332 disconnected and has 300 seconds to reconnect!\n|player|p1|\n|inactive|Jonathan53332 has 270 seconds to reconnect!\n|l|\u2606Linkmasterjr\n|inactive|Linkmasterjr disconnected and has 300 seconds to reconnect!\n|player|p2|\n|inactive|Jonathan53332 has 240 seconds to reconnect!\n|j|\u2606Linkmasterjr\n|inactive|Linkmasterjr reconnected.\n|player|p2|Linkmasterjr|hugh\n|j|\u2606Jonathan53332\n|inactive|Jonathan53332 reconnected and has 250 seconds left.\n|player|p1|Jonathan53332|1\n|inactive|Jonathan53332 has 240 seconds left.\n|\n|t:|1699638572\n|start\n|switch|p1a: Dudunsparce|Dudunsparce-Three-Segment, F|100\/100\n|switch|p2a: Chandelure|Chandelure, F|100\/100\n|turn|1\n|\n|t:|1699638581\n|move|p2a: Chandelure|Overheat|p1a: Dudunsparce|[miss]\n|-miss|p2a: Chandelure|p1a: Dudunsparce\n|move|p1a: Dudunsparce|Earthquake|p2a: Chandelure\n|-supereffective|p2a: Chandelure\n|-damage|p2a: Chandelure|0 fnt\n|faint|p2a: Chandelure\n|\n|upkeep\n|\n|t:|1699638588\n|switch|p2a: Lopunny|Lopunny, M|100\/100\n|turn|2\n|\n|t:|1699638592\n|detailschange|p2a: Lopunny|Lopunny-Mega, M\n|-mega|p2a: Lopunny|Lopunny|Lopunnite\n|move|p2a: Lopunny|Drain Punch|p1a: Dudunsparce\n|-supereffective|p1a: Dudunsparce\n|-damage|p1a: Dudunsparce|23\/100\n|move|p1a: Dudunsparce|Body Slam|p2a: Lopunny\n|-damage|p2a: Lopunny|34\/100\n|\n|upkeep\n|turn|3\n|\n|t:|1699638596\n|move|p2a: Lopunny|Drain Punch|p1a: Dudunsparce\n|-supereffective|p1a: Dudunsparce\n|-damage|p1a: Dudunsparce|0 fnt\n|-heal|p2a: Lopunny|53\/100|[from] drain|[of] p1a: Dudunsparce\n|faint|p1a: Dudunsparce\n|\n|upkeep\n|\n|t:|1699638608\n|switch|p1a: Barraskewda|Barraskewda, M|100\/100\n|turn|4\n|\n|t:|1699638613\n|switch|p2a: Ferrothorn|Ferrothorn, M|100\/100\n|move|p1a: Barraskewda|Liquidation|p2a: Ferrothorn\n|-resisted|p2a: Ferrothorn\n|-damage|p2a: Ferrothorn|77\/100\n|-damage|p1a: Barraskewda|88\/100|[from] ability: Iron Barbs|[of] p2a: Ferrothorn\n|\n|upkeep\n|turn|5\n|\n|t:|1699638618\n|switch|p1a: Pawmot|Pawmot, M|100\/100\n|move|p2a: Ferrothorn|Thunderbolt|p1a: Pawmot\n|-resisted|p1a: Pawmot\n|-damage|p1a: Pawmot|81\/100\n|\n|upkeep\n|turn|6\n|\n|t:|1699638625\n|switch|p2a: Dragonite|Dragonite, M|100\/100\n|move|p1a: Pawmot|Ice Punch|p2a: Dragonite\n|-supereffective|p2a: Dragonite\n|-damage|p2a: Dragonite|0 fnt\n|faint|p2a: Dragonite\n|\n|upkeep\n|\n|t:|1699638636\n|switch|p2a: Greninja|Greninja, M|100\/100\n|turn|7\n|\n|t:|1699638653\n|-terastallize|p2a: Greninja|Fairy\n|-terastallize|p1a: Pawmot|Fighting\n|move|p1a: Pawmot|Mach Punch|p2a: Greninja\n|-resisted|p2a: Greninja\n|-damage|p2a: Greninja|70\/100\n|move|p2a: Greninja|Extrasensory|p1a: Pawmot\n|-supereffective|p1a: Pawmot\n|-damage|p1a: Pawmot|0 fnt\n|faint|p1a: Pawmot\n|-ability|p2a: Greninja|Battle Bond|boost\n|-boost|p2a: Greninja|atk|1\n|-boost|p2a: Greninja|spa|1\n|-boost|p2a: Greninja|spe|1\n|-activate|p2a: Greninja|ability: Battle Bond\n|\n|upkeep\n|\n|t:|1699638660\n|switch|p1a: Pyukumuku|Pyukumuku, F|100\/100\n|turn|8\n|\n|t:|1699638664\n|move|p2a: Greninja|Ice Beam|p1a: Pyukumuku\n|-resisted|p1a: Pyukumuku\n|-damage|p1a: Pyukumuku|88\/100\n|move|p1a: Pyukumuku|Mirror Coat|p2a: Greninja\n|-damage|p2a: Greninja|42\/100\n|\n|-heal|p1a: Pyukumuku|94\/100|[from] item: Leftovers\n|upkeep\n|turn|9\n|\n|t:|1699638669\n|switch|p2a: Ferrothorn|Ferrothorn, M|77\/100\n|move|p1a: Pyukumuku|Toxic|p2a: Ferrothorn\n|-immune|p2a: Ferrothorn\n|\n|-heal|p1a: Pyukumuku|99\/100|[from] item: Leftovers\n|upkeep\n|turn|10\n|\n|t:|1699638675\n|switch|p1a: Kilowattrel|Kilowattrel, F|100\/100\n|move|p2a: Ferrothorn|Spikes|p1a: Kilowattrel\n|-sidestart|p1: Jonathan53332|Spikes\n|\n|upkeep\n|turn|11\n|\n|t:|1699638681\n|move|p1a: Kilowattrel|Air Slash|p2a: Ferrothorn\n|-damage|p2a: Ferrothorn|46\/100\n|move|p2a: Ferrothorn|Gyro Ball|p1a: Kilowattrel\n|-resisted|p1a: Kilowattrel\n|-damage|p1a: Kilowattrel|58\/100\n|\n|upkeep\n|turn|12\n|\n|t:|1699638691\n|move|p1a: Kilowattrel|Tailwind|p1a: Kilowattrel\n|-sidestart|p1: Jonathan53332|move: Tailwind\n|move|p2a: Ferrothorn|Spikes|p1a: Kilowattrel\n|-sidestart|p1: Jonathan53332|Spikes\n|\n|upkeep\n|turn|13\n|\n|t:|1699638694\n|move|p1a: Kilowattrel|Air Slash|p2a: Ferrothorn\n|-damage|p2a: Ferrothorn|16\/100\n|move|p2a: Ferrothorn|Spikes|p1a: Kilowattrel\n|-sidestart|p1: Jonathan53332|Spikes\n|\n|upkeep\n|turn|14\n|\n|t:|1699638697\n|move|p1a: Kilowattrel|Air Slash|p2a: Ferrothorn\n|-damage|p2a: Ferrothorn|0 fnt\n|faint|p2a: Ferrothorn\n|\n|upkeep\n|\n|t:|1699638699\n|switch|p2a: Gliscor|Gliscor, F|100\/100\n|turn|15\n|\n|t:|1699638703\n|move|p1a: Kilowattrel|Endeavor|p2a: Gliscor\n|-damage|p2a: Gliscor|56\/100\n|move|p2a: Gliscor|Poison Jab|p1a: Kilowattrel\n|-damage|p1a: Kilowattrel|14\/100\n|-status|p1a: Kilowattrel|psn\n|\n|-damage|p1a: Kilowattrel|2\/100 psn|[from] psn\n|-sideend|p1: Jonathan53332|move: Tailwind\n|-status|p2a: Gliscor|tox|[from] item: Toxic Orb\n|upkeep\n|turn|16\n|\n|t:|1699638712\n|move|p1a: Kilowattrel|Tailwind|p1a: Kilowattrel\n|-sidestart|p1: Jonathan53332|move: Tailwind\n|move|p2a: Gliscor|Crabhammer|p1a: Kilowattrel|[miss]\n|-miss|p2a: Gliscor|p1a: Kilowattrel\n|\n|-damage|p1a: Kilowattrel|0 fnt|[from] psn\n|faint|p1a: Kilowattrel\n|-heal|p2a: Gliscor|69\/100 tox|[from] ability: Poison Heal\n|upkeep\n|\n|t:|1699638719\n|switch|p1a: Barraskewda|Barraskewda, M|88\/100\n|-damage|p1a: Barraskewda|64\/100|[from] Spikes\n|turn|17\n|\n|t:|1699638724\n|move|p1a: Barraskewda|Ice Fang|p2a: Gliscor\n|-supereffective|p2a: Gliscor\n|-damage|p2a: Gliscor|0 fnt\n|faint|p2a: Gliscor\n|\n|upkeep\n|\n|t:|1699638731\n|switch|p2a: Greninja|Greninja, M, tera:Fairy|42\/100\n|turn|18\n|\n|t:|1699638740\n|move|p1a: Barraskewda|Ice Fang|p2a: Greninja\n|-damage|p2a: Greninja|0 fnt\n|faint|p2a: Greninja\n|\n|upkeep\n|\n|t:|1699638743\n|switch|p2a: Lopunny|Lopunny-Mega, M|53\/100\n|turn|19\n|\n|t:|1699638746\n|move|p2a: Lopunny|Fake Out|p1a: Barraskewda\n|-damage|p1a: Barraskewda|23\/100\n|cant|p1a: Barraskewda|flinch\n|\n|-sideend|p1: Jonathan53332|move: Tailwind\n|upkeep\n|turn|20\n|\n|t:|1699638749\n|move|p1a: Barraskewda|Ice Fang|p2a: Lopunny\n|-damage|p2a: Lopunny|9\/100\n|move|p2a: Lopunny|Acrobatics|p1a: Barraskewda\n|-damage|p1a: Barraskewda|0 fnt\n|faint|p1a: Barraskewda\n|\n|upkeep\n|\n|t:|1699638753\n|switch|p1a: Pyukumuku|Pyukumuku, F|99\/100\n|-damage|p1a: Pyukumuku|75\/100|[from] Spikes\n|turn|21\n|\n|t:|1699638757\n|move|p2a: Lopunny|Acrobatics|p1a: Pyukumuku\n|-damage|p1a: Pyukumuku|58\/100\n|move|p1a: Pyukumuku|Toxic|p2a: Lopunny\n|-status|p2a: Lopunny|tox\n|\n|-heal|p1a: Pyukumuku|65\/100|[from] item: Leftovers\n|-damage|p2a: Lopunny|3\/100 tox|[from] psn\n|upkeep\n|turn|22\n|\n|t:|1699638764\n|move|p2a: Lopunny|Drain Punch|p1a: Pyukumuku\n|-damage|p1a: Pyukumuku|32\/100\n|-heal|p2a: Lopunny|22\/100 tox|[from] drain|[of] p1a: Pyukumuku\n|move|p1a: Pyukumuku|Recover|p1a: Pyukumuku\n|-heal|p1a: Pyukumuku|82\/100\n|\n|-heal|p1a: Pyukumuku|88\/100|[from] item: Leftovers\n|-damage|p2a: Lopunny|10\/100 tox|[from] psn\n|upkeep\n|turn|23\n|inactive|Jonathan53332 has 270 seconds left.\n|-message|Linkmasterjr forfeited.\n|\n|win|Jonathan53332\n|l|\u2606Linkmasterjr\n","uploadtime":1699638832,"views":4,"p1id":"jonathan53332","p2id":"linkmasterjr","formatid":"gen9nationaldex","rating":0,"private":0,"password":""}