{"id":"gen9nationaldex-1988510713","p1":"Naranciass","p2":"Jor99fran","format":"[Gen 9] National Dex","log":"|j|\u2606Naranciass\n|j|\u2606Jor99fran\n|t:|1699730697\n|gametype|singles\n|player|p1|Naranciass|colress|\n|player|p2|Jor99fran|266|\n|teamsize|p1|6\n|teamsize|p2|6\n|gen|9\n|tier|[Gen 9] National Dex\n|rule|HP Percentage Mod: HP is shown in percentages\n|rule|Endless Battle Clause: Forcing endless battles is banned\n|rule|OHKO Clause: OHKO moves are banned\n|rule|Evasion Clause: Evasion abilities, items, and moves are banned\n|rule|Evasion Abilities Clause: Evasion abilities are banned\n|rule|Evasion Items Clause: Evasion items are banned\n|rule|Evasion Moves Clause: Evasion moves are banned\n|rule|Species Clause: Limit one of each Pok\u00e9mon\n|rule|Sleep Clause Mod: Limit one foe put to sleep\n|clearpoke\n|poke|p1|Ferrothorn, M|\n|poke|p1|Rillaboom, M|\n|poke|p1|Serperior, F|\n|poke|p1|Kartana|\n|poke|p1|Venusaur, M|\n|poke|p1|Meowscarada, F|\n|poke|p2|Zoroark-Hisui, F|\n|poke|p2|Mimikyu, M|\n|poke|p2|Froslass, F|\n|poke|p2|Ceruledge, F|\n|poke|p2|Mismagius, F|\n|poke|p2|Typhlosion-Hisui, F|\n|teampreview\n|c|\u2606Jor99fran|buena suerte\n|c|\u2606Jor99fran|xd\n|\n|t:|1699730718\n|start\n|switch|p1a: Saitama|Rillaboom, M|100\/100\n|switch|p2a: Froslass|Froslass, F|100\/100\n|-fieldstart|move: Grassy Terrain|[from] ability: Grassy Surge|[of] p1a: Saitama\n|turn|1\n|\n|t:|1699730732\n|switch|p1a: 20th Century Boy|Ferrothorn, M|100\/100\n|move|p2a: Froslass|Spikes|p1a: 20th Century Boy\n|-sidestart|p1: Naranciass|Spikes\n|\n|upkeep\n|turn|2\n|\n|t:|1699730741\n|move|p2a: Froslass|Taunt|p1a: 20th Century Boy\n|-start|p1a: 20th Century Boy|move: Taunt\n|cant|p1a: 20th Century Boy|move: Taunt|Thunder Wave\n|\n|upkeep\n|turn|3\n|\n|t:|1699730746\n|switch|p1a: Supreme|Meowscarada, F, shiny|100\/100\n|-damage|p1a: Supreme|88\/100|[from] Spikes\n|move|p2a: Froslass|Spikes|p1a: Supreme\n|-sidestart|p1: Naranciass|Spikes\n|\n|-heal|p1a: Supreme|94\/100|[from] Grassy Terrain\n|upkeep\n|turn|4\n|\n|t:|1699730757\n|move|p2a: Froslass|Icy Wind|p1a: Supreme\n|-supereffective|p1a: Supreme\n|-damage|p1a: Supreme|29\/100\n|-unboost|p1a: Supreme|spe|1\n|move|p1a: Supreme|Knock Off|p2a: Froslass\n|-start|p1a: Supreme|typechange|Dark|[from] ability: Protean\n|-supereffective|p2a: Froslass\n|-enditem|p2a: Froslass|Focus Sash\n|-damage|p2a: Froslass|1\/100\n|\n|-heal|p2a: Froslass|7\/100|[from] Grassy Terrain\n|-heal|p1a: Supreme|35\/100|[from] Grassy Terrain\n|upkeep\n|turn|5\n|\n|t:|1699730774\n|switch|p1a: 20th Century Boy|Ferrothorn, M|100\/100\n|-damage|p1a: 20th Century Boy|84\/100|[from] Spikes\n|move|p2a: Froslass|Icy Wind|p1a: 20th Century Boy\n|-crit|p1a: 20th Century Boy\n|-damage|p1a: 20th Century Boy|57\/100\n|-unboost|p1a: 20th Century Boy|spe|1\n|\n|-heal|p2a: Froslass|13\/100|[from] Grassy Terrain\n|-heal|p1a: 20th Century Boy|63\/100|[from] Grassy Terrain\n|-fieldend|move: Grassy Terrain\n|upkeep\n|turn|6\n|\n|t:|1699730787\n|move|p2a: Froslass|Taunt|p1a: 20th Century Boy\n|-start|p1a: 20th Century Boy|move: Taunt\n|move|p1a: 20th Century Boy|Gyro Ball|p2a: Froslass\n|-supereffective|p2a: Froslass\n|-damage|p2a: Froslass|0 fnt\n|faint|p2a: Froslass\n|\n|upkeep\n|\n|t:|1699730794\n|switch|p2a: Ceruledge|Ceruledge, F|100\/100\n|turn|7\n|\n|t:|1699730805\n|-terastallize|p2a: Ceruledge|Ghost\n|move|p2a: Ceruledge|Swords Dance|p2a: Ceruledge\n|-boost|p2a: Ceruledge|atk|2\n|move|p1a: 20th Century Boy|Gyro Ball|p2a: Ceruledge\n|-damage|p2a: Ceruledge|19\/100\n|-ability|p2a: Ceruledge|Weak Armor|boost\n|-unboost|p2a: Ceruledge|def|1\n|-boost|p2a: Ceruledge|spe|2\n|\n|upkeep\n|turn|8\n|\n|t:|1699730817\n|move|p2a: Ceruledge|Bitter Blade|p1a: 20th Century Boy\n|-supereffective|p1a: 20th Century Boy\n|-damage|p1a: 20th Century Boy|0 fnt\n|-heal|p2a: Ceruledge|50\/100|[from] drain|[of] p1a: 20th Century Boy\n|-damage|p2a: Ceruledge|38\/100|[from] ability: Iron Barbs|[of] p1a: 20th Century Boy\n|-damage|p2a: Ceruledge|21\/100|[from] item: Rocky Helmet|[of] p1a: 20th Century Boy\n|faint|p1a: 20th Century Boy\n|\n|upkeep\n|\n|t:|1699730826\n|switch|p1a: Saitama|Rillaboom, M|100\/100\n|-damage|p1a: Saitama|84\/100|[from] Spikes\n|-fieldstart|move: Grassy Terrain|[from] ability: Grassy Surge|[of] p1a: Saitama\n|turn|9\n|\n|t:|1699730832\n|move|p1a: Saitama|Grassy Glide|p2a: Ceruledge\n|-damage|p2a: Ceruledge|0 fnt\n|faint|p2a: Ceruledge\n|-damage|p1a: Saitama|74\/100|[from] item: Life Orb\n|\n|-heal|p1a: Saitama|80\/100|[from] Grassy Terrain\n|upkeep\n|\n|t:|1699730838\n|switch|p2a: Mimikyu|Mimikyu, M|100\/100\n|turn|10\n|\n|t:|1699730846\n|move|p2a: Mimikyu|Flamethrower|p1a: Saitama\n|-supereffective|p1a: Saitama\n|-damage|p1a: Saitama|2\/100\n|move|p1a: Saitama|U-turn|p2a: Mimikyu\n|-resisted|p2a: Mimikyu\n|-damage|p2a: Mimikyu|65\/100\n|replace|p2a: Zoroark|Zoroark-Hisui, F\n|-end|p2a: Zoroark|Illusion\n|-damage|p1a: Saitama|0 fnt|[from] item: Life Orb\n|faint|p1a: Saitama\n|\n|-heal|p2a: Zoroark|71\/100|[from] Grassy Terrain\n|upkeep\n|\n|t:|1699730866\n|switch|p1a: Lechuga|Venusaur, M, shiny|100\/100\n|-damage|p1a: Lechuga|84\/100|[from] Spikes\n|turn|11\n|\n|t:|1699730874\n|detailschange|p1a: Lechuga|Venusaur-Mega, M, shiny\n|-mega|p1a: Lechuga|Venusaur|Venusaurite\n|move|p2a: Zoroark|Nasty Plot|p2a: Zoroark\n|-boost|p2a: Zoroark|spa|2\n|move|p1a: Lechuga|Sleep Powder|p2a: Zoroark\n|-status|p2a: Zoroark|slp|[from] move: Sleep Powder\n|\n|-heal|p2a: Zoroark|77\/100 slp|[from] Grassy Terrain\n|-heal|p1a: Lechuga|90\/100|[from] Grassy Terrain\n|upkeep\n|turn|12\n|\n|t:|1699730886\n|cant|p2a: Zoroark|slp\n|move|p1a: Lechuga|Giga Drain|p2a: Zoroark\n|-damage|p2a: Zoroark|0 fnt\n|-heal|p1a: Lechuga|100\/100|[from] drain|[of] p2a: Zoroark\n|faint|p2a: Zoroark\n|\n|upkeep\n|\n|t:|1699730895\n|switch|p2a: Mismagius|Mismagius, F|100\/100\n|turn|13\n|\n|t:|1699730900\n|move|p2a: Mismagius|Trick||[still]\n|-fail|p2a: Mismagius\n|move|p1a: Lechuga|Sleep Powder|p2a: Mismagius\n|-status|p2a: Mismagius|slp|[from] move: Sleep Powder\n|\n|-fieldend|move: Grassy Terrain\n|upkeep\n|turn|14\n|\n|t:|1699730907\n|cant|p2a: Mismagius|slp\n|move|p1a: Lechuga|Giga Drain|p2a: Mismagius\n|-damage|p2a: Mismagius|47\/100 slp\n|\n|upkeep\n|turn|15\n|\n|t:|1699730913\n|cant|p2a: Mismagius|slp\n|move|p1a: Lechuga|Giga Drain|p2a: Mismagius\n|-damage|p2a: Mismagius|0 fnt\n|faint|p2a: Mismagius\n|\n|upkeep\n|\n|t:|1699730916\n|switch|p2a: Typhlosion|Typhlosion-Hisui, F|100\/100\n|-item|p1a: Lechuga|Venusaurite|[from] ability: Frisk|[of] p2a: Typhlosion|[identify]\n|turn|16\n|\n|t:|1699730927\n|move|p2a: Typhlosion|Fire Blast|p1a: Lechuga\n|-supereffective|p1a: Lechuga\n|-damage|p1a: Lechuga|61\/100\n|move|p1a: Lechuga|Sleep Powder|p2a: Typhlosion\n|-status|p2a: Typhlosion|slp|[from] move: Sleep Powder\n|\n|upkeep\n|turn|17\n|\n|t:|1699730936\n|cant|p2a: Typhlosion|slp\n|move|p1a: Lechuga|Sludge Bomb|p2a: Typhlosion\n|-resisted|p2a: Typhlosion\n|-damage|p2a: Typhlosion|67\/100 slp\n|\n|upkeep\n|turn|18\n|\n|t:|1699730938\n|cant|p2a: Typhlosion|slp\n|move|p1a: Lechuga|Earth Power|p2a: Typhlosion\n|-supereffective|p2a: Typhlosion\n|-damage|p2a: Typhlosion|0 fnt\n|faint|p2a: Typhlosion\n|\n|upkeep\n|\n|t:|1699730940\n|switch|p2a: Mimikyu|Mimikyu, M|100\/100\n|turn|19\n|\n|t:|1699730948\n|move|p2a: Mimikyu|Swords Dance|p2a: Mimikyu\n|-boost|p2a: Mimikyu|atk|2\n|move|p1a: Lechuga|Giga Drain|p2a: Mimikyu\n|-activate|p2a: Mimikyu|ability: Disguise\n|-damage|p2a: Mimikyu|100\/100\n|detailschange|p2a: Mimikyu|Mimikyu-Busted, M\n|-damage|p2a: Mimikyu|88\/100|[from] pokemon: Mimikyu-Busted\n|\n|upkeep\n|turn|20\n|\n|t:|1699730963\n|move|p2a: Mimikyu|Play Rough|p1a: Lechuga\n|-resisted|p1a: Lechuga\n|-damage|p1a: Lechuga|18\/100\n|-damage|p2a: Mimikyu|78\/100|[from] item: Life Orb\n|move|p1a: Lechuga|Sludge Bomb|p2a: Mimikyu\n|-damage|p2a: Mimikyu|11\/100\n|\n|upkeep\n|turn|21\n|\n|t:|1699730975\n|switch|p1a: Supreme|Meowscarada, F, shiny|35\/100\n|-damage|p1a: Supreme|19\/100|[from] Spikes\n|move|p2a: Mimikyu|Shadow Claw|p1a: Supreme\n|-resisted|p1a: Supreme\n|-damage|p1a: Supreme|0 fnt\n|faint|p1a: Supreme\n|-damage|p2a: Mimikyu|1\/100|[from] item: Life Orb\n|\n|upkeep\n|\n|t:|1699730986\n|switch|p1a: Lechuga|Venusaur-Mega, M, shiny|18\/100\n|-damage|p1a: Lechuga|1\/100|[from] Spikes\n|turn|22\n|c|\u2606Jor99fran|ya perdi\n|c|\u2606Jor99fran|gg\n|\n|t:|1699730992\n|move|p2a: Mimikyu|Shadow Sneak|p1a: Lechuga\n|-damage|p1a: Lechuga|0 fnt\n|faint|p1a: Lechuga\n|-damage|p2a: Mimikyu|0 fnt|[from] item: Life Orb\n|faint|p2a: Mimikyu\n|\n|win|Naranciass\n|c|\u2606Jor99fran|siento que reprobe\n","uploadtime":1699731240,"views":12,"p1id":"naranciass","p2id":"jor99fran","formatid":"gen9nationaldex","rating":0,"private":0,"password":""}