{"id":"gen9nationaldex-1996820023","p1":"xiaozhifensi","p2":"BlasphemousTrainer","format":"[Gen 9] National Dex","log":"|html|<div class=\"broadcast-blue\"><strong>[Gen 9] National Dex is currently suspecting Sneasler! For information on how to participate check out the <a href=\"https:\/\/www.smogon.com\/forums\/threads\/sv-national-dex-suspect-8-just-dance.3731534\/\">suspect thread<\/a>.<\/strong><\/div>\n|j|\u2606xiaozhifensi\n|j|\u203dBlasphemousTrainer\n|t:|1700730600\n|gametype|singles\n|player|p1|xiaozhifensi|ash-kalos|1476\n|player|p2|BlasphemousTrainer|veteran|1458\n|teamsize|p1|6\n|teamsize|p2|6\n|gen|9\n|tier|[Gen 9] National Dex\n|rated|\n|rule|HP Percentage Mod: HP is shown in percentages\n|rule|Endless Battle Clause: Forcing endless battles is banned\n|rule|OHKO Clause: OHKO moves are banned\n|rule|Evasion Clause: Evasion abilities, items, and moves are banned\n|rule|Evasion Abilities Clause: Evasion abilities are banned\n|rule|Evasion Items Clause: Evasion items are banned\n|rule|Evasion Moves Clause: Evasion moves are banned\n|rule|Species Clause: Limit one of each Pok\u00e9mon\n|rule|Sleep Clause Mod: Limit one foe put to sleep\n|clearpoke\n|poke|p1|Sneasler, M|\n|poke|p1|Serperior, M|\n|poke|p1|Galvantula, F|\n|poke|p1|Charizard, F|\n|poke|p1|Iron Treads|\n|poke|p1|Tapu Lele|\n|poke|p2|Inteleon, M|\n|poke|p2|Great Tusk|\n|poke|p2|Corviknight, M|\n|poke|p2|Sneasler, F|\n|poke|p2|Ninetales-Alola, M|\n|poke|p2|Charizard, F|\n|teampreview\n|inactive|Battle timer is ON: inactive players will automatically lose when time's up. (requested by BlasphemousTrainer)\n|\n|t:|1700730609\n|start\n|switch|p1a: \u6492\u4e2a\u7f51|Galvantula, F|100\/100\n|switch|p2a: Great Tusk|Great Tusk|100\/100\n|turn|1\n|\n|t:|1700730625\n|move|p1a: \u6492\u4e2a\u7f51|Energy Ball|p2a: Great Tusk\n|-supereffective|p2a: Great Tusk\n|-damage|p2a: Great Tusk|35\/100\n|move|p2a: Great Tusk|Rapid Spin|p1a: \u6492\u4e2a\u7f51\n|-damage|p1a: \u6492\u4e2a\u7f51|75\/100\n|-boost|p2a: Great Tusk|spe|1\n|\n|-heal|p2a: Great Tusk|41\/100|[from] item: Leftovers\n|upkeep\n|turn|2\n|\n|t:|1700730644\n|switch|p1a: \u654c\u4e0d\u52a8\u6211\u5c31\u52a8|Serperior, M|100\/100\n|-terastallize|p2a: Great Tusk|Steel\n|move|p2a: Great Tusk|Rapid Spin|p1a: \u654c\u4e0d\u52a8\u6211\u5c31\u52a8\n|-damage|p1a: \u654c\u4e0d\u52a8\u6211\u5c31\u52a8|81\/100\n|-boost|p2a: Great Tusk|spe|1\n|\n|-heal|p2a: Great Tusk|47\/100|[from] item: Leftovers\n|-heal|p1a: \u654c\u4e0d\u52a8\u6211\u5c31\u52a8|88\/100|[from] item: Leftovers\n|upkeep\n|turn|3\n|\n|t:|1700730657\n|move|p2a: Great Tusk|Ice Spinner|p1a: \u654c\u4e0d\u52a8\u6211\u5c31\u52a8\n|-supereffective|p1a: \u654c\u4e0d\u52a8\u6211\u5c31\u52a8\n|-crit|p1a: \u654c\u4e0d\u52a8\u6211\u5c31\u52a8\n|-damage|p1a: \u654c\u4e0d\u52a8\u6211\u5c31\u52a8|0 fnt\n|faint|p1a: \u654c\u4e0d\u52a8\u6211\u5c31\u52a8\n|\n|-heal|p2a: Great Tusk|53\/100|[from] item: Leftovers\n|upkeep\n|\n|t:|1700730665\n|switch|p1a: \u56fd\u4ea7\u55b7|Charizard, F|100\/100\n|turn|4\n|\n|t:|1700730673\n|-end|p2a: Great Tusk|Protosynthesis|[silent]\n|switch|p2a: Ninetales|Ninetales-Alola, M|100\/100\n|-weather|Snow|[from] ability: Snow Warning|[of] p2a: Ninetales\n|move|p1a: \u56fd\u4ea7\u55b7|Flame Charge|p2a: Ninetales\n|-supereffective|p2a: Ninetales\n|-damage|p2a: Ninetales|75\/100\n|-boost|p1a: \u56fd\u4ea7\u55b7|spe|1\n|\n|-weather|Snow|[upkeep]\n|upkeep\n|turn|5\n|\n|t:|1700730685\n|detailschange|p1a: \u56fd\u4ea7\u55b7|Charizard-Mega-X, F\n|-mega|p1a: \u56fd\u4ea7\u55b7|Charizard|Charizardite X\n|move|p1a: \u56fd\u4ea7\u55b7|Belly Drum|p1a: \u56fd\u4ea7\u55b7\n|-damage|p1a: \u56fd\u4ea7\u55b7|51\/100\n|-setboost|p1a: \u56fd\u4ea7\u55b7|atk|6|[from] move: Belly Drum\n|move|p2a: Ninetales|Aurora Veil|p2a: Ninetales\n|-sidestart|p2: BlasphemousTrainer|move: Aurora Veil\n|\n|-weather|Snow|[upkeep]\n|upkeep\n|turn|6\n|\n|t:|1700730709\n|switch|p2a: Corviknight|Corviknight, M|100\/100\n|-ability|p2a: Corviknight|Pressure\n|move|p1a: \u56fd\u4ea7\u55b7|Roost|p1a: \u56fd\u4ea7\u55b7\n|-heal|p1a: \u56fd\u4ea7\u55b7|100\/100\n|-singleturn|p1a: \u56fd\u4ea7\u55b7|move: Roost\n|\n|-weather|Snow|[upkeep]\n|upkeep\n|turn|7\n|\n|t:|1700730716\n|move|p1a: \u56fd\u4ea7\u55b7|Flame Charge|p2a: Corviknight\n|-supereffective|p2a: Corviknight\n|-damage|p2a: Corviknight|31\/100\n|-boost|p1a: \u56fd\u4ea7\u55b7|spe|1\n|-damage|p1a: \u56fd\u4ea7\u55b7|84\/100|[from] item: Rocky Helmet|[of] p2a: Corviknight\n|move|p2a: Corviknight|U-turn|p1a: \u56fd\u4ea7\u55b7\n|-resisted|p1a: \u56fd\u4ea7\u55b7\n|-damage|p1a: \u56fd\u4ea7\u55b7|78\/100\n|\n|t:|1700730723\n|switch|p2a: Ninetales|Ninetales-Alola, M|75\/100|[from] U-turn\n|\n|-weather|Snow|[upkeep]\n|upkeep\n|turn|8\n|\n|t:|1700730727\n|move|p1a: \u56fd\u4ea7\u55b7|Flame Charge|p2a: Ninetales\n|-supereffective|p2a: Ninetales\n|-damage|p2a: Ninetales|0 fnt\n|-boost|p1a: \u56fd\u4ea7\u55b7|spe|1\n|faint|p2a: Ninetales\n|\n|-weather|none\n|upkeep\n|\n|t:|1700730733\n|switch|p2a: Inteleon|Inteleon, M|100\/100\n|turn|9\n|\n|t:|1700730737\n|move|p1a: \u56fd\u4ea7\u55b7|Dragon Claw|p2a: Inteleon\n|-damage|p2a: Inteleon|0 fnt\n|faint|p2a: Inteleon\n|\n|upkeep\n|\n|t:|1700730741\n|switch|p2a: Sneasler|Sneasler, F|100\/100\n|-item|p2a: Sneasler|Air Balloon\n|turn|10\n|\n|t:|1700730745\n|move|p1a: \u56fd\u4ea7\u55b7|Dragon Claw|p2a: Sneasler\n|-damage|p2a: Sneasler|0 fnt\n|-enditem|p2a: Sneasler|Air Balloon\n|faint|p2a: Sneasler\n|\n|upkeep\n|-message|BlasphemousTrainer forfeited.\n|\n|win|xiaozhifensi\n|raw|xiaozhifensi's rating: 1476 &rarr; <strong>1495<\/strong><br \/>(+19 for winning)\n|raw|BlasphemousTrainer's rating: 1458 &rarr; <strong>1439<\/strong><br \/>(-19 for losing)\n|l|\u203dBlasphemousTrainer\n","uploadtime":1700730772,"views":2,"p1id":"xiaozhifensi","p2id":"blasphemoustrainer","formatid":"gen9nationaldex","rating":1439,"private":0,"password":""}