{"id":"gen9nationaldex-1987366578","p1":"Specter1434","p2":"Player 723456","format":"[Gen 9] National Dex","log":"|j|\u2606Specter1434\n|j|\u2606Player 723456\n|t:|1699582395\n|gametype|singles\n|player|p1|Specter1434|alec-anime|1115\n|player|p2|Player 723456|lucas|1032\n|teamsize|p1|6\n|teamsize|p2|6\n|gen|9\n|tier|[Gen 9] National Dex\n|rated|\n|rule|HP Percentage Mod: HP is shown in percentages\n|rule|Endless Battle Clause: Forcing endless battles is banned\n|rule|OHKO Clause: OHKO moves are banned\n|rule|Evasion Clause: Evasion abilities, items, and moves are banned\n|rule|Evasion Abilities Clause: Evasion abilities are banned\n|rule|Evasion Items Clause: Evasion items are banned\n|rule|Evasion Moves Clause: Evasion moves are banned\n|rule|Species Clause: Limit one of each Pok\u00e9mon\n|rule|Sleep Clause Mod: Limit one foe put to sleep\n|clearpoke\n|poke|p1|Aegislash, F|\n|poke|p1|Landorus-Therian, M|\n|poke|p1|Heatran, M|\n|poke|p1|Lopunny, M|\n|poke|p1|Alakazam, F|\n|poke|p1|Barraskewda, F|\n|poke|p2|Swampert, M|\n|poke|p2|Rotom-Wash|\n|poke|p2|Hawlucha, F|\n|poke|p2|Ferrothorn, M|\n|poke|p2|Gengar, M|\n|poke|p2|Mandibuzz, F|\n|teampreview\n|\n|t:|1699582410\n|start\n|switch|p1a: Barraskewda|Barraskewda, F|100\/100\n|switch|p2a: Swampert|Swampert, M|100\/100\n|turn|1\n|\n|t:|1699582438\n|move|p1a: Barraskewda|Poison Jab|p2a: Swampert\n|-resisted|p2a: Swampert\n|-damage|p2a: Swampert|88\/100\n|move|p2a: Swampert|Stealth Rock|p1a: Barraskewda\n|-sidestart|p1: Specter1434|move: Stealth Rock\n|\n|-heal|p2a: Swampert|94\/100|[from] item: Leftovers\n|upkeep\n|turn|2\n|\n|t:|1699582470\n|move|p1a: Barraskewda|Poison Jab|p2a: Swampert\n|-resisted|p2a: Swampert\n|-damage|p2a: Swampert|82\/100\n|move|p2a: Swampert|Earthquake|p1a: Barraskewda\n|-damage|p1a: Barraskewda|31\/100\n|\n|-heal|p2a: Swampert|88\/100|[from] item: Leftovers\n|upkeep\n|turn|3\n|\n|t:|1699582492\n|move|p1a: Barraskewda|Poison Jab|p2a: Swampert\n|-resisted|p2a: Swampert\n|-damage|p2a: Swampert|75\/100\n|move|p2a: Swampert|Earthquake|p1a: Barraskewda\n|-damage|p1a: Barraskewda|0 fnt\n|faint|p1a: Barraskewda\n|\n|-heal|p2a: Swampert|81\/100|[from] item: Leftovers\n|upkeep\n|\n|t:|1699582506\n|switch|p1a: Aegislash|Aegislash, F|100\/100\n|-damage|p1a: Aegislash|94\/100|[from] Stealth Rock\n|turn|4\n|\n|t:|1699582531\n|move|p2a: Swampert|Earthquake|p1a: Aegislash\n|-supereffective|p1a: Aegislash\n|-damage|p1a: Aegislash|39\/100\n|move|p1a: Aegislash|Toxic|p2a: Swampert\n|-status|p2a: Swampert|tox\n|\n|-heal|p2a: Swampert|87\/100 tox|[from] item: Leftovers\n|-heal|p1a: Aegislash|45\/100|[from] item: Leftovers\n|-damage|p2a: Swampert|81\/100 tox|[from] psn\n|upkeep\n|turn|5\n|\n|t:|1699582544\n|move|p1a: Aegislash|King's Shield|p1a: Aegislash\n|-singleturn|p1a: Aegislash|Protect\n|move|p2a: Swampert|Earthquake|p1a: Aegislash\n|-activate|p1a: Aegislash|move: Protect\n|\n|-heal|p2a: Swampert|87\/100 tox|[from] item: Leftovers\n|-heal|p1a: Aegislash|51\/100|[from] item: Leftovers\n|-damage|p2a: Swampert|75\/100 tox|[from] psn\n|upkeep\n|turn|6\n|\n|t:|1699582556\n|switch|p1a: Landorus|Landorus-Therian, M|100\/100\n|-ability|p1a: Landorus|Intimidate|boost\n|-unboost|p2a: Swampert|atk|1\n|move|p2a: Swampert|Earthquake|p1a: Landorus\n|-immune|p1a: Landorus\n|\n|-heal|p2a: Swampert|81\/100 tox|[from] item: Leftovers\n|-damage|p2a: Swampert|62\/100 tox|[from] psn\n|upkeep\n|turn|7\n|\n|t:|1699582569\n|switch|p1a: Aegislash|Aegislash, F|51\/100\n|-damage|p1a: Aegislash|45\/100|[from] Stealth Rock\n|move|p2a: Swampert|Scald|p1a: Aegislash\n|-damage|p1a: Aegislash|30\/100\n|\n|-heal|p2a: Swampert|68\/100 tox|[from] item: Leftovers\n|-heal|p1a: Aegislash|36\/100|[from] item: Leftovers\n|-damage|p2a: Swampert|44\/100 tox|[from] psn\n|upkeep\n|turn|8\n|\n|t:|1699582580\n|move|p1a: Aegislash|King's Shield|p1a: Aegislash\n|-singleturn|p1a: Aegislash|Protect\n|move|p2a: Swampert|Scald|p1a: Aegislash\n|-activate|p1a: Aegislash|move: Protect\n|\n|-heal|p2a: Swampert|50\/100 tox|[from] item: Leftovers\n|-heal|p1a: Aegislash|42\/100|[from] item: Leftovers\n|-damage|p2a: Swampert|19\/100 tox|[from] psn\n|upkeep\n|turn|9\n|\n|t:|1699582610\n|switch|p1a: Lopunny|Lopunny, M|100\/100\n|-damage|p1a: Lopunny|88\/100|[from] Stealth Rock\n|move|p2a: Swampert|Scald|p1a: Lopunny\n|-damage|p1a: Lopunny|45\/100\n|\n|-heal|p2a: Swampert|25\/100 tox|[from] item: Leftovers\n|-damage|p2a: Swampert|0 fnt|[from] psn\n|faint|p2a: Swampert\n|upkeep\n|\n|t:|1699582625\n|switch|p2a: Gengar|Gengar, M|100\/100\n|turn|10\n|\n|t:|1699582631\n|detailschange|p1a: Lopunny|Lopunny-Mega, M\n|-mega|p1a: Lopunny|Lopunny|Lopunnite\n|move|p1a: Lopunny|U-turn|p2a: Gengar\n|-resisted|p2a: Gengar\n|-damage|p2a: Gengar|86\/100\n|\n|t:|1699582646\n|switch|p1a: Heatran|Heatran, M|100\/100|[from] U-turn\n|-damage|p1a: Heatran|88\/100|[from] Stealth Rock\n|move|p2a: Gengar|Dazzling Gleam|p1a: Heatran\n|-resisted|p1a: Heatran\n|-damage|p1a: Heatran|80\/100\n|\n|-heal|p1a: Heatran|86\/100|[from] item: Leftovers\n|upkeep\n|turn|11\n|\n|t:|1699582661\n|switch|p2a: Rotom|Rotom-Wash|100\/100\n|move|p1a: Heatran|Magma Storm|p2a: Rotom\n|-resisted|p2a: Rotom\n|-crit|p2a: Rotom\n|-damage|p2a: Rotom|44\/100\n|-activate|p2a: Rotom|move: Magma Storm|[of] p1a: Heatran\n|\n|-heal|p1a: Heatran|92\/100|[from] item: Leftovers\n|-damage|p2a: Rotom|32\/100|[from] move: Magma Storm|[partiallytrapped]\n|upkeep\n|turn|12\n|\n|t:|1699582680\n|move|p2a: Rotom|Hydro Pump|p1a: Heatran\n|-supereffective|p1a: Heatran\n|-damage|p1a: Heatran|16\/100\n|move|p1a: Heatran|Flash Cannon|p2a: Rotom\n|-resisted|p2a: Rotom\n|-crit|p2a: Rotom\n|-damage|p2a: Rotom|10\/100\n|\n|-heal|p1a: Heatran|22\/100|[from] item: Leftovers\n|-damage|p2a: Rotom|0 fnt|[from] move: Magma Storm|[partiallytrapped]\n|faint|p2a: Rotom\n|upkeep\n|\n|t:|1699582695\n|switch|p2a: Gengar|Gengar, M|86\/100\n|turn|13\n|\n|t:|1699582708\n|move|p2a: Gengar|Shadow Ball|p1a: Heatran\n|-damage|p1a: Heatran|0 fnt\n|faint|p1a: Heatran\n|\n|upkeep\n|\n|t:|1699582716\n|switch|p1a: Aegislash|Aegislash, F|42\/100\n|-damage|p1a: Aegislash|36\/100|[from] Stealth Rock\n|turn|14\n|\n|t:|1699582722\n|move|p1a: Aegislash|King's Shield|p1a: Aegislash\n|-singleturn|p1a: Aegislash|Protect\n|move|p2a: Gengar|Shadow Ball|p1a: Aegislash\n|-activate|p1a: Aegislash|move: Protect\n|\n|-heal|p1a: Aegislash|42\/100|[from] item: Leftovers\n|upkeep\n|turn|15\n|\n|t:|1699582753\n|move|p2a: Gengar|Shadow Ball|p1a: Aegislash\n|-supereffective|p1a: Aegislash\n|-damage|p1a: Aegislash|0 fnt\n|faint|p1a: Aegislash\n|\n|upkeep\n|\n|t:|1699582764\n|switch|p1a: Landorus|Landorus-Therian, M|100\/100\n|-ability|p1a: Landorus|Intimidate|boost\n|-unboost|p2a: Gengar|atk|1\n|turn|16\n|\n|t:|1699582772\n|move|p2a: Gengar|Shadow Ball|p1a: Landorus\n|-damage|p1a: Landorus|13\/100\n|move|p1a: Landorus|Earthquake|p2a: Gengar\n|-supereffective|p2a: Gengar\n|-damage|p2a: Gengar|0 fnt\n|faint|p2a: Gengar\n|\n|upkeep\n|\n|t:|1699582784\n|switch|p2a: Ferrothorn|Ferrothorn, M|100\/100\n|turn|17\n|\n|t:|1699582788\n|move|p1a: Landorus|U-turn|p2a: Ferrothorn\n|-damage|p2a: Ferrothorn|78\/100\n|-damage|p1a: Landorus|0 fnt|[from] ability: Iron Barbs|[of] p2a: Ferrothorn\n|faint|p1a: Landorus\n|move|p2a: Ferrothorn|Gyro Ball|p1: Landorus|[notarget]\n|-fail|p2a: Ferrothorn\n|\n|upkeep\n|\n|t:|1699582798\n|switch|p1a: Lopunny|Lopunny-Mega, M|45\/100\n|-damage|p1a: Lopunny|39\/100|[from] Stealth Rock\n|turn|18\n|\n|t:|1699582835\n|move|p1a: Lopunny|Close Combat|p2a: Ferrothorn\n|-supereffective|p2a: Ferrothorn\n|-damage|p2a: Ferrothorn|0 fnt\n|-unboost|p1a: Lopunny|def|1\n|-unboost|p1a: Lopunny|spd|1\n|-damage|p1a: Lopunny|27\/100|[from] ability: Iron Barbs|[of] p2a: Ferrothorn\n|-damage|p1a: Lopunny|10\/100|[from] item: Rocky Helmet|[of] p2a: Ferrothorn\n|faint|p2a: Ferrothorn\n|\n|upkeep\n|\n|t:|1699582847\n|switch|p2a: Mandibuzz|Mandibuzz, F|100\/100\n|turn|19\n|\n|t:|1699582873\n|move|p1a: Lopunny|Ice Punch|p2a: Mandibuzz\n|-supereffective|p2a: Mandibuzz\n|-damage|p2a: Mandibuzz|68\/100\n|move|p2a: Mandibuzz|Foul Play|p1a: Lopunny\n|-resisted|p1a: Lopunny\n|-damage|p1a: Lopunny|0 fnt\n|faint|p1a: Lopunny\n|\n|upkeep\n|\n|t:|1699582880\n|switch|p1a: Alakazam|Alakazam, F|100\/100\n|-damage|p1a: Alakazam|88\/100|[from] Stealth Rock\n|turn|20\n|\n|t:|1699582898\n|move|p1a: Alakazam|Dazzling Gleam|p2a: Mandibuzz\n|-supereffective|p2a: Mandibuzz\n|-damage|p2a: Mandibuzz|0 fnt\n|faint|p2a: Mandibuzz\n|\n|upkeep\n|\n|t:|1699582927\n|switch|p2a: Hawlucha|Hawlucha, F|100\/100\n|turn|21\n|\n|t:|1699582941\n|move|p2a: Hawlucha|Endure|p2a: Hawlucha\n|-singleturn|p2a: Hawlucha|move: Endure\n|move|p1a: Alakazam|Dazzling Gleam|p2a: Hawlucha\n|-supereffective|p2a: Hawlucha\n|-activate|p2a: Hawlucha|move: Endure\n|-damage|p2a: Hawlucha|1\/100\n|-enditem|p2a: Hawlucha|Weakness Policy\n|-boost|p2a: Hawlucha|atk|2|[from] item: Weakness Policy\n|-boost|p2a: Hawlucha|spa|2|[from] item: Weakness Policy\n|\n|upkeep\n|turn|22\n|\n|t:|1699582951\n|move|p2a: Hawlucha|Acrobatics|p1a: Alakazam\n|-damage|p1a: Alakazam|0 fnt\n|faint|p1a: Alakazam\n|\n|win|Player 723456\n|raw|Specter1434's rating: 1115 &rarr; <strong>1084<\/strong><br \/>(-31 for losing)\n|raw|Player 723456's rating: 1032 &rarr; <strong>1075<\/strong><br \/>(+43 for winning)\n","uploadtime":1699582960,"views":13,"p1id":"specter1434","p2id":"player723456","formatid":"gen9nationaldex","rating":1075,"private":0,"password":""}