{"id":"gen9nationaldex-1993405685","p1":"Ribbit Mania","p2":"Plobistinator","format":"[Gen 9] National Dex","log":"|j|\u2606Ribbit Mania\n|j|\u2606Plobistinator\n|t:|1700313434\n|gametype|singles\n|player|p1|Ribbit Mania|skierf|1131\n|player|p2|Plobistinator|baker|1226\n|teamsize|p1|6\n|teamsize|p2|6\n|gen|9\n|tier|[Gen 9] National Dex\n|rated|\n|rule|HP Percentage Mod: HP is shown in percentages\n|rule|Endless Battle Clause: Forcing endless battles is banned\n|rule|OHKO Clause: OHKO moves are banned\n|rule|Evasion Clause: Evasion abilities, items, and moves are banned\n|rule|Evasion Abilities Clause: Evasion abilities are banned\n|rule|Evasion Items Clause: Evasion items are banned\n|rule|Evasion Moves Clause: Evasion moves are banned\n|rule|Species Clause: Limit one of each Pok\u00e9mon\n|rule|Sleep Clause Mod: Limit one foe put to sleep\n|clearpoke\n|poke|p1|Maushold|\n|poke|p1|Cloyster, M|\n|poke|p1|Cinccino, F|\n|poke|p1|Gliscor, F|\n|poke|p1|Blaziken, F|\n|poke|p1|Beedrill, F|\n|poke|p2|Slurpuff, M|\n|poke|p2|Aegislash, F|\n|poke|p2|Charizard, F|\n|poke|p2|Flygon, F|\n|poke|p2|Nidoking, M|\n|poke|p2|Milotic, M|\n|teampreview\n|inactive|Battle timer is ON: inactive players will automatically lose when time's up. (requested by Ribbit Mania)\n|\n|t:|1700313439\n|start\n|switch|p1a: Euphemism|Cloyster, M|100\/100\n|switch|p2a: Slurpuff|Slurpuff, M|100\/100\n|turn|1\n|\n|t:|1700313445\n|switch|p2a: Aegislash|Aegislash, F|100\/100\n|move|p1a: Euphemism|Shell Smash|p1a: Euphemism\n|-unboost|p1a: Euphemism|def|1\n|-unboost|p1a: Euphemism|spd|1\n|-boost|p1a: Euphemism|atk|2\n|-boost|p1a: Euphemism|spa|2\n|-boost|p1a: Euphemism|spe|2\n|\n|upkeep\n|turn|2\n|\n|t:|1700313454\n|switch|p1a: Scapegoat|Gliscor, F|100\/100\n|-formechange|p2a: Aegislash|Aegislash-Blade||[from] ability: Stance Change\n|move|p2a: Aegislash|Gyro Ball|p1a: Scapegoat\n|-damage|p1a: Scapegoat|56\/100\n|\n|-status|p1a: Scapegoat|tox|[from] item: Toxic Orb\n|upkeep\n|turn|3\n|\n|t:|1700313461\n|switch|p2a: Flygon|Flygon, F|100\/100\n|move|p1a: Scapegoat|Swords Dance|p1a: Scapegoat\n|-boost|p1a: Scapegoat|atk|2\n|\n|-heal|p1a: Scapegoat|69\/100 tox|[from] ability: Poison Heal\n|upkeep\n|turn|4\n|\n|t:|1700313469\n|move|p2a: Flygon|U-turn|p1a: Scapegoat\n|-resisted|p1a: Scapegoat\n|-damage|p1a: Scapegoat|59\/100 tox\n|\n|t:|1700313472\n|switch|p2a: Milotic|Milotic, M|100\/100|[from] U-turn\n|move|p1a: Scapegoat|Dual Wingbeat|p2a: Milotic\n|-damage|p2a: Milotic|78\/100\n|-damage|p2a: Milotic|53\/100\n|-hitcount|p2a: Milotic|2\n|\n|-heal|p2a: Milotic|59\/100|[from] item: Leftovers\n|-heal|p1a: Scapegoat|72\/100 tox|[from] ability: Poison Heal\n|upkeep\n|turn|5\n|\n|t:|1700313484\n|move|p1a: Scapegoat|Dual Wingbeat|p2a: Milotic\n|-damage|p2a: Milotic|36\/100\n|-damage|p2a: Milotic|14\/100\n|-hitcount|p2a: Milotic|2\n|move|p2a: Milotic|Ice Beam|p1a: Scapegoat\n|-supereffective|p1a: Scapegoat\n|-damage|p1a: Scapegoat|0 fnt\n|faint|p1a: Scapegoat\n|\n|-heal|p2a: Milotic|20\/100|[from] item: Leftovers\n|upkeep\n|\n|t:|1700313487\n|switch|p1a: Miles Prower|Cinccino, F, shiny|100\/100\n|turn|6\n|\n|t:|1700313498\n|move|p1a: Miles Prower|Bullet Seed|p2a: Milotic\n|-supereffective|p2a: Milotic\n|-damage|p2a: Milotic|4\/100\n|-supereffective|p2a: Milotic\n|-damage|p2a: Milotic|0 fnt\n|faint|p2a: Milotic\n|-hitcount|p2: Milotic|2\n|-damage|p1a: Miles Prower|91\/100|[from] item: Life Orb\n|\n|upkeep\n|\n|t:|1700313502\n|switch|p2a: Aegislash|Aegislash, F|100\/100\n|turn|7\n|\n|t:|1700313509\n|move|p1a: Miles Prower|Bullet Seed|p2a: Aegislash\n|-resisted|p2a: Aegislash\n|-damage|p2a: Aegislash|96\/100\n|-resisted|p2a: Aegislash\n|-damage|p2a: Aegislash|92\/100\n|-resisted|p2a: Aegislash\n|-damage|p2a: Aegislash|88\/100\n|-resisted|p2a: Aegislash\n|-crit|p2a: Aegislash\n|-damage|p2a: Aegislash|81\/100\n|-resisted|p2a: Aegislash\n|-damage|p2a: Aegislash|77\/100\n|-hitcount|p2a: Aegislash|5\n|-damage|p1a: Miles Prower|81\/100|[from] item: Life Orb\n|-formechange|p2a: Aegislash|Aegislash-Blade||[from] ability: Stance Change\n|move|p2a: Aegislash|Gyro Ball|p1a: Miles Prower\n|-damage|p1a: Miles Prower|0 fnt\n|faint|p1a: Miles Prower\n|\n|-heal|p2a: Aegislash|83\/100|[from] item: Leftovers\n|upkeep\n|\n|t:|1700313512\n|switch|p1a: Blaziken|Blaziken, F|100\/100\n|turn|8\n|\n|t:|1700313516\n|switch|p2a: Slurpuff|Slurpuff, M|100\/100\n|move|p1a: Blaziken|Swords Dance|p1a: Blaziken\n|-boost|p1a: Blaziken|atk|2\n|\n|-ability|p1a: Blaziken|Speed Boost|boost\n|-boost|p1a: Blaziken|spe|1\n|upkeep\n|turn|9\n|\n|t:|1700313523\n|move|p1a: Blaziken|Flare Blitz|p2a: Slurpuff\n|-enditem|p2a: Slurpuff|Focus Sash\n|-damage|p2a: Slurpuff|1\/100\n|-damage|p1a: Blaziken|67\/100|[from] Recoil\n|move|p2a: Slurpuff|Sticky Web|p1a: Blaziken\n|-sidestart|p1: Ribbit Mania|move: Sticky Web\n|\n|-ability|p1a: Blaziken|Speed Boost|boost\n|-boost|p1a: Blaziken|spe|1\n|upkeep\n|turn|10\n|\n|t:|1700313526\n|move|p1a: Blaziken|Quick Attack|p2a: Slurpuff\n|-damage|p2a: Slurpuff|0 fnt\n|faint|p2a: Slurpuff\n|\n|-ability|p1a: Blaziken|Speed Boost|boost\n|-boost|p1a: Blaziken|spe|1\n|upkeep\n|\n|t:|1700313529\n|switch|p2a: Nidoking|Nidoking, M|100\/100\n|turn|11\n|\n|t:|1700313539\n|-terastallize|p2a: Nidoking|Water\n|-zpower|p1a: Blaziken\n|move|p1a: Blaziken|Inferno Overdrive|p2a: Nidoking|[zeffect]\n|-resisted|p2a: Nidoking\n|-damage|p2a: Nidoking|0 fnt\n|faint|p2a: Nidoking\n|\n|-ability|p1a: Blaziken|Speed Boost|boost\n|-boost|p1a: Blaziken|spe|1\n|upkeep\n|\n|t:|1700313548\n|switch|p2a: Flygon|Flygon, F|100\/100\n|turn|12\n|\n|t:|1700313551\n|move|p1a: Blaziken|Flare Blitz|p2a: Flygon\n|-resisted|p2a: Flygon\n|-damage|p2a: Flygon|11\/100\n|-damage|p1a: Blaziken|38\/100|[from] Recoil\n|move|p2a: Flygon|Earthquake|p1a: Blaziken\n|-supereffective|p1a: Blaziken\n|-damage|p1a: Blaziken|0 fnt\n|faint|p1a: Blaziken\n|\n|upkeep\n|\n|t:|1700313557\n|switch|p1a: The Rapper|Beedrill, F|100\/100\n|-activate|p1a: The Rapper|move: Sticky Web\n|-unboost|p1a: The Rapper|spe|1\n|turn|13\n|\n|t:|1700313562\n|detailschange|p1a: The Rapper|Beedrill-Mega, F\n|-mega|p1a: The Rapper|Beedrill|Beedrillite\n|move|p2a: Flygon|Dual Wingbeat|p1a: The Rapper\n|-supereffective|p1a: The Rapper\n|-damage|p1a: The Rapper|43\/100\n|-supereffective|p1a: The Rapper\n|-damage|p1a: The Rapper|0 fnt\n|faint|p1a: The Rapper\n|-hitcount|p1: The Rapper|2\n|\n|upkeep\n|\n|t:|1700313568\n|switch|p1a: MUDAMUDAMUDAMUDA|Maushold|100\/100\n|-activate|p1a: MUDAMUDAMUDAMUDA|move: Sticky Web\n|-unboost|p1a: MUDAMUDAMUDAMUDA|spe|1\n|turn|14\n|\n|t:|1700313572\n|move|p2a: Flygon|Earthquake|p1a: MUDAMUDAMUDAMUDA\n|-damage|p1a: MUDAMUDAMUDAMUDA|29\/100\n|move|p1a: MUDAMUDAMUDAMUDA|Population Bomb|p2a: Flygon\n|-crit|p2a: Flygon\n|-damage|p2a: Flygon|0 fnt\n|faint|p2a: Flygon\n|-hitcount|p2: Flygon|1\n|\n|upkeep\n|\n|t:|1700313577\n|switch|p2a: Charizard|Charizard, F|100\/100\n|turn|15\n|\n|t:|1700313579\n|detailschange|p2a: Charizard|Charizard-Mega-Y, F\n|-mega|p2a: Charizard|Charizard|Charizardite Y\n|-weather|SunnyDay|[from] ability: Drought|[of] p2a: Charizard\n|move|p2a: Charizard|Weather Ball|p1a: MUDAMUDAMUDAMUDA\n|-damage|p1a: MUDAMUDAMUDAMUDA|0 fnt\n|faint|p1a: MUDAMUDAMUDAMUDA\n|\n|-weather|SunnyDay|[upkeep]\n|upkeep\n|\n|t:|1700313581\n|switch|p1a: Euphemism|Cloyster, M|100\/100\n|-activate|p1a: Euphemism|move: Sticky Web\n|-unboost|p1a: Euphemism|spe|1\n|turn|16\n|\n|t:|1700313584\n|move|p2a: Charizard|Solar Beam||[still]\n|-prepare|p2a: Charizard|Solar Beam\n|-anim|p2a: Charizard|Solar Beam|p1a: Euphemism\n|-supereffective|p1a: Euphemism\n|-enditem|p1a: Euphemism|Focus Sash\n|-damage|p1a: Euphemism|1\/100\n|move|p1a: Euphemism|Shell Smash|p1a: Euphemism\n|-unboost|p1a: Euphemism|def|1\n|-unboost|p1a: Euphemism|spd|1\n|-boost|p1a: Euphemism|atk|2\n|-boost|p1a: Euphemism|spa|2\n|-boost|p1a: Euphemism|spe|2\n|\n|-weather|SunnyDay|[upkeep]\n|upkeep\n|turn|17\n|\n|t:|1700313588\n|move|p1a: Euphemism|Icicle Spear|p2a: Charizard\n|-damage|p2a: Charizard|68\/100\n|-damage|p2a: Charizard|37\/100\n|-damage|p2a: Charizard|6\/100\n|-damage|p2a: Charizard|0 fnt\n|faint|p2a: Charizard\n|-hitcount|p2: Charizard|4\n|\n|-weather|SunnyDay|[upkeep]\n|upkeep\n|\n|t:|1700313590\n|switch|p2a: Aegislash|Aegislash, F|83\/100\n|turn|18\n|\n|t:|1700313593\n|-formechange|p2a: Aegislash|Aegislash-Blade||[from] ability: Stance Change\n|move|p2a: Aegislash|Shadow Sneak|p1a: Euphemism\n|-damage|p1a: Euphemism|0 fnt\n|faint|p1a: Euphemism\n|\n|win|Plobistinator\n|raw|Ribbit Mania's rating: 1131 &rarr; <strong>1113<\/strong><br \/>(-18 for losing)\n|raw|Plobistinator's rating: 1226 &rarr; <strong>1244<\/strong><br \/>(+18 for winning)\n|l|\u2606Ribbit Mania\n","uploadtime":1700313603,"views":7,"p1id":"ribbitmania","p2id":"plobistinator","formatid":"gen9nationaldex","rating":1113,"private":0,"password":""}