{"id":"gen9nationaldex-1994168815","p1":"Emorawr79","p2":"KakunaBR","format":"[Gen 9] National Dex","log":"|j|\u2606Emorawr79\n|j|\u2606KakunaBR\n|t:|1700414802\n|gametype|singles\n|player|p1|Emorawr79|169|1634\n|player|p2|KakunaBR|veteran|1632\n|teamsize|p1|6\n|teamsize|p2|6\n|gen|9\n|tier|[Gen 9] National Dex\n|rated|\n|rule|HP Percentage Mod: HP is shown in percentages\n|rule|Endless Battle Clause: Forcing endless battles is banned\n|rule|OHKO Clause: OHKO moves are banned\n|rule|Evasion Clause: Evasion abilities, items, and moves are banned\n|rule|Evasion Abilities Clause: Evasion abilities are banned\n|rule|Evasion Items Clause: Evasion items are banned\n|rule|Evasion Moves Clause: Evasion moves are banned\n|rule|Species Clause: Limit one of each Pok\u00e9mon\n|rule|Sleep Clause Mod: Limit one foe put to sleep\n|clearpoke\n|poke|p1|Greninja-*, M|\n|poke|p1|Ribombee, F|\n|poke|p1|Banette, M|\n|poke|p1|Ogerpon-Wellspring, F|\n|poke|p1|Pelipper, F|\n|poke|p1|Zapdos|\n|poke|p2|Charizard, M|\n|poke|p2|Gengar, F|\n|poke|p2|Dragonite, F|\n|poke|p2|Cinderace, M|\n|poke|p2|Machamp, M|\n|poke|p2|Ferrothorn, F|\n|teampreview\n|\n|t:|1700414815\n|start\n|switch|p1a: Ribombee|Ribombee, F|100\/100\n|switch|p2a: Gengar|Gengar, F|100\/100\n|turn|1\n|\n|t:|1700414818\n|move|p2a: Gengar|Trick|p1a: Ribombee\n|-activate|p2a: Gengar|move: Trick|[of] p1a: Ribombee\n|-item|p1a: Ribombee|Choice Scarf|[from] move: Trick\n|-item|p2a: Gengar|Focus Sash|[from] move: Trick\n|move|p1a: Ribombee|Sticky Web|p2a: Gengar\n|-sidestart|p2: KakunaBR|move: Sticky Web\n|\n|upkeep\n|turn|2\n|\n|t:|1700414828\n|switch|p1a: Pelipper|Pelipper, F|100\/100\n|-weather|RainDance|[from] ability: Drizzle|[of] p1a: Pelipper\n|move|p2a: Gengar|Sludge Wave|p1a: Pelipper\n|-damage|p1a: Pelipper|30\/100\n|\n|-weather|RainDance|[upkeep]\n|upkeep\n|turn|3\n|\n|t:|1700414835\n|move|p2a: Gengar|Sludge Wave|p1a: Pelipper\n|-damage|p1a: Pelipper|0 fnt\n|faint|p1a: Pelipper\n|\n|-weather|RainDance|[upkeep]\n|upkeep\n|\n|t:|1700414838\n|switch|p1a: Zapdos|Zapdos|100\/100\n|turn|4\n|\n|t:|1700414846\n|move|p2a: Gengar|Sludge Wave|p1a: Zapdos\n|-damage|p1a: Zapdos|44\/100\n|-status|p1a: Zapdos|psn\n|move|p1a: Zapdos|Thunder|p2a: Gengar\n|-damage|p2a: Gengar|2\/100\n|-start|p1a: Zapdos|Disable|Thunder|[from] ability: Cursed Body|[of] p2a: Gengar\n|\n|-weather|RainDance|[upkeep]\n|-damage|p1a: Zapdos|32\/100 psn|[from] psn\n|upkeep\n|turn|5\n|\n|t:|1700414852\n|move|p2a: Gengar|Sludge Wave|p1a: Zapdos\n|-damage|p1a: Zapdos|0 fnt\n|faint|p1a: Zapdos\n|\n|-weather|RainDance|[upkeep]\n|upkeep\n|\n|t:|1700414854\n|switch|p1a: Greninja|Greninja, M|100\/100\n|turn|6\n|\n|t:|1700414857\n|switch|p2a: Ferrothorn|Ferrothorn, F|100\/100\n|-activate|p2a: Ferrothorn|move: Sticky Web\n|-unboost|p2a: Ferrothorn|spe|1\n|move|p1a: Greninja|Surf|p2a: Ferrothorn\n|-resisted|p2a: Ferrothorn\n|-damage|p2a: Ferrothorn|66\/100\n|-damage|p1a: Greninja|91\/100|[from] item: Life Orb\n|\n|-weather|RainDance|[upkeep]\n|upkeep\n|turn|7\n|inactive|Battle timer is ON: inactive players will automatically lose when time's up. (requested by KakunaBR)\n|\n|t:|1700414863\n|move|p1a: Greninja|Dark Pulse|p2a: Ferrothorn\n|-damage|p2a: Ferrothorn|30\/100\n|-damage|p1a: Greninja|81\/100|[from] item: Life Orb\n|move|p2a: Ferrothorn|Body Press|p1a: Greninja\n|-supereffective|p1a: Greninja\n|-damage|p1a: Greninja|0 fnt\n|faint|p1a: Greninja\n|\n|-weather|RainDance|[upkeep]\n|upkeep\n|\n|t:|1700414869\n|switch|p1a: Banette|Banette, M|100\/100\n|turn|8\n|\n|t:|1700414873\n|detailschange|p1a: Banette|Banette-Mega, M\n|-mega|p1a: Banette|Banette|Banettite\n|move|p1a: Banette|Poltergeist|p2a: Ferrothorn\n|-activate|p2a: Ferrothorn|move: Poltergeist|Rocky Helmet\n|-damage|p2a: Ferrothorn|0 fnt\n|faint|p2a: Ferrothorn\n|\n|-weather|RainDance|[upkeep]\n|upkeep\n|\n|t:|1700414878\n|switch|p2a: Charizard|Charizard, M|100\/100\n|turn|9\n|\n|t:|1700414880\n|detailschange|p2a: Charizard|Charizard-Mega-Y, M\n|-mega|p2a: Charizard|Charizard|Charizardite Y\n|-weather|SunnyDay|[from] ability: Drought|[of] p2a: Charizard\n|move|p1a: Banette|Destiny Bond|p1a: Banette\n|-singlemove|p1a: Banette|Destiny Bond\n|move|p2a: Charizard|Fire Blast|p1a: Banette\n|-damage|p1a: Banette|0 fnt\n|faint|p1a: Banette\n|-activate|p1a: Banette|move: Destiny Bond\n|faint|p2a: Charizard\n|\n|-weather|SunnyDay|[upkeep]\n|upkeep\n|\n|t:|1700414888\n|switch|p2a: Cinderace|Cinderace, M|100\/100\n|switch|p1a: Ribombee|Ribombee, F|100\/100\n|turn|10\n|\n|t:|1700414894\n|move|p1a: Ribombee|Sticky Web||[still]\n|-fail|p1a: Ribombee\n|move|p2a: Cinderace|Court Change|p2a: Cinderace\n|-start|p2a: Cinderace|typechange|Normal|[from] ability: Libero\n|-swapsideconditions\n|-activate|p2a: Cinderace|move: Court Change\n|\n|-weather|SunnyDay|[upkeep]\n|upkeep\n|turn|11\n|\n|t:|1700414902\n|move|p1a: Ribombee|Sticky Web|p2a: Cinderace\n|-sidestart|p2: KakunaBR|move: Sticky Web\n|move|p2a: Cinderace|Pyro Ball|p1a: Ribombee\n|-supereffective|p1a: Ribombee\n|-damage|p1a: Ribombee|0 fnt\n|faint|p1a: Ribombee\n|\n|-weather|SunnyDay|[upkeep]\n|upkeep\n|\n|t:|1700414905\n|switch|p1a: Ogerpon|Ogerpon-Wellspring, F|100\/100\n|-activate|p1a: Ogerpon|move: Sticky Web\n|-unboost|p1a: Ogerpon|spe|1\n|turn|12\n|\n|t:|1700414910\n|-terastallize|p1a: Ogerpon|Water\n|detailschange|p1a: Ogerpon|Ogerpon-Wellspring-Tera, F, tera:Water\n|-ability|p1a: Ogerpon|Embody Aspect (Wellspring)|boost\n|-boost|p1a: Ogerpon|spd|1\n|move|p2a: Cinderace|Pyro Ball|p1a: Ogerpon\n|-resisted|p1a: Ogerpon\n|-damage|p1a: Ogerpon|60\/100\n|move|p1a: Ogerpon|Trailblaze|p2a: Cinderace\n|-damage|p2a: Cinderace|59\/100\n|-boost|p1a: Ogerpon|spe|1\n|\n|-weather|SunnyDay|[upkeep]\n|upkeep\n|turn|13\n|\n|t:|1700414918\n|move|p2a: Cinderace|High Jump Kick|p1a: Ogerpon\n|-damage|p1a: Ogerpon|7\/100\n|move|p1a: Ogerpon|Swords Dance|p1a: Ogerpon\n|-boost|p1a: Ogerpon|atk|2\n|\n|-weather|none\n|upkeep\n|turn|14\n|c|\u2606KakunaBR|gg\n|\n|t:|1700414926\n|move|p2a: Cinderace|Sucker Punch|p1a: Ogerpon\n|-damage|p1a: Ogerpon|0 fnt\n|faint|p1a: Ogerpon\n|\n|win|KakunaBR\n|raw|Emorawr79's rating: 1634 &rarr; <strong>1614<\/strong><br \/>(-20 for losing)\n|raw|KakunaBR's rating: 1632 &rarr; <strong>1652<\/strong><br \/>(+20 for winning)\n|l|\u2606Emorawr79\n","uploadtime":1700414940,"views":11,"p1id":"emorawr79","p2id":"kakunabr","formatid":"gen9nationaldex","rating":1614,"private":0,"password":""}