{"id":"gen9nationaldex-1992443410","p1":"KillerZodiac03","p2":"PeppsiAsiEs","format":"[Gen 9] National Dex","log":"|j|\u2606KillerZodiac03\n|j|\u2606PeppsiAsiEs\n|t:|1700188228\n|gametype|singles\n|player|p1|KillerZodiac03|ghetsis-gen5bw|\n|player|p2|PeppsiAsiEs|poppy|\n|teamsize|p1|6\n|teamsize|p2|6\n|gen|9\n|tier|[Gen 9] National Dex\n|rule|HP Percentage Mod: HP is shown in percentages\n|rule|Endless Battle Clause: Forcing endless battles is banned\n|rule|OHKO Clause: OHKO moves are banned\n|rule|Evasion Clause: Evasion abilities, items, and moves are banned\n|rule|Evasion Abilities Clause: Evasion abilities are banned\n|rule|Evasion Items Clause: Evasion items are banned\n|rule|Evasion Moves Clause: Evasion moves are banned\n|rule|Species Clause: Limit one of each Pok\u00e9mon\n|rule|Sleep Clause Mod: Limit one foe put to sleep\n|clearpoke\n|poke|p1|Garganacl, M|\n|poke|p1|Urshifu-*, M|\n|poke|p1|Kartana|\n|poke|p1|Grimmsnarl, M|\n|poke|p1|Serperior, M|\n|poke|p1|Toxapex, M|\n|poke|p2|Skarmory, M|\n|poke|p2|Jirachi|\n|poke|p2|Celesteela|\n|poke|p2|Bisharp, M|\n|poke|p2|Aegislash, M|\n|poke|p2|Heatran, F|\n|teampreview\n|j| Void280\n|j| Sylveon(404)\n|j| matu 1402\n|j| Dios Typhlosion\n|c| Void280|Voy a aprovechar a ver el equipo de Pep\n|j| WSoldat\n|c|\u2606PeppsiAsiEs|\u00a1Hola, Aspirante! Veo que has llegado muy lejos hasta aqu\u00ed ahora con demasiado esfuerzo conllevado a batallas esplendidas. Esta batalla, no ser\u00e1 la excepci\u00f3n.\n|c| Dios Typhlosion|Dale Pep\n|c| WSoldat|Opa\n|c| WSoldat|Vos podes pep\n|c| Void280|Suerte Pep\n|l| Dios Typhlosion\n|c| Sylveon(404)|mucho texto\n|c|\u2606PeppsiAsiEs|Una pregunta... \u00bfPrefieres doblarte... o romperte?\n|j| Dios Typhlosion\n|c| matu 1402|Tu puedes killer\n|c| Sylveon(404)|solo quiero ver putazos\n|c| Dios Typhlosion|Si no ganas te cortamos las piernas (?\n|c| WSoldat|Si pep no gana lo macheteamos\n|c|\u2606KillerZodiac03|yo no me doblo contra nadie y mucho menos dejo que rompan el esfuerzo que nos trajo hasta ti\n|c| WSoldat|Vive en lomas de zamora\n|c| Sylveon(404)|el q pierde\n|c|\u2606PeppsiAsiEs|No hab\u00eda una respuesta C, Killer :)\n|c| Dios Typhlosion|Fuera de joda, Buenas suerte Killer\n|c| Sylveon(404)|XD\n|\n|t:|1700188359\n|start\n|switch|p1a: Grimmsnarl|Grimmsnarl, M|100\/100\n|switch|p2a: Skarmory|Skarmory, M|100\/100\n|turn|1\n|c|\u2606PeppsiAsiEs|Suerte en este combate.\n|\n|t:|1700188365\n|move|p1a: Grimmsnarl|Thunder Wave|p2a: Skarmory\n|-status|p2a: Skarmory|par\n|move|p2a: Skarmory|Taunt|p1a: Grimmsnarl\n|-start|p1a: Grimmsnarl|move: Taunt\n|\n|upkeep\n|turn|2\n|\n|t:|1700188374\n|switch|p1a: Toxapex|Toxapex, M, shiny|100\/100\n|move|p2a: Skarmory|Stealth Rock|p1a: Toxapex\n|-sidestart|p1: KillerZodiac03|move: Stealth Rock\n|\n|upkeep\n|turn|3\n|\n|t:|1700188387\n|cant|p2a: Skarmory|par\n|move|p1a: Toxapex|Scald|p2a: Skarmory\n|-damage|p2a: Skarmory|72\/100 par\n|\n|upkeep\n|turn|4\n|l| Void280\n|j| Void280\n|\n|t:|1700188422\n|switch|p1a: Grimmsnarl|Grimmsnarl, M|100\/100\n|-damage|p1a: Grimmsnarl|88\/100|[from] Stealth Rock\n|move|p2a: Skarmory|Spikes|p1a: Grimmsnarl\n|-sidestart|p1: KillerZodiac03|Spikes\n|\n|upkeep\n|turn|5\n|\n|t:|1700188428\n|move|p1a: Grimmsnarl|Parting Shot|p2a: Skarmory\n|-unboost|p2a: Skarmory|atk|1\n|-unboost|p2a: Skarmory|spa|1\n|\n|t:|1700188433\n|switch|p1a: Serperior|Serperior, M|100\/100|[from] Parting Shot\n|-damage|p1a: Serperior|88\/100|[from] Stealth Rock\n|-damage|p1a: Serperior|76\/100|[from] Spikes\n|cant|p2a: Skarmory|par\n|\n|upkeep\n|turn|6\n|c| Sylveon(404)|https:\/\/youtu.be\/DGRGZr5sNSs?si=Oh4uBW2Vn1gAVKUb\n|\n|t:|1700188440\n|switch|p2a: Heatran|Heatran, F|100\/100\n|-item|p2a: Heatran|Air Balloon\n|move|p1a: Serperior|Substitute|p1a: Serperior\n|-start|p1a: Serperior|Substitute\n|-damage|p1a: Serperior|51\/100\n|\n|upkeep\n|turn|7\n|\n|t:|1700188448\n|move|p1a: Serperior|Giga Drain|p2a: Heatran\n|-resisted|p2a: Heatran\n|-damage|p2a: Heatran|95\/100\n|-heal|p1a: Serperior|55\/100|[from] drain|[of] p2a: Heatran\n|-enditem|p2a: Heatran|Air Balloon\n|move|p2a: Heatran|Magma Storm|p1a: Serperior\n|-supereffective|p1a: Serperior\n|-end|p1a: Serperior|Substitute\n|\n|upkeep\n|turn|8\n|\n|t:|1700188478\n|switch|p1a: Toxapex|Toxapex, M, shiny|100\/100\n|-damage|p1a: Toxapex|88\/100|[from] Stealth Rock\n|-damage|p1a: Toxapex|75\/100|[from] Spikes\n|-terastallize|p2a: Heatran|Grass\n|move|p2a: Heatran|Magma Storm|p1a: Toxapex|[miss]\n|-miss|p2a: Heatran|p1a: Toxapex\n|\n|-heal|p1a: Toxapex|82\/100|[from] item: Black Sludge\n|upkeep\n|turn|9\n|\n|t:|1700188489\n|move|p2a: Heatran|Earth Power|p1a: Toxapex\n|-supereffective|p1a: Toxapex\n|-crit|p1a: Toxapex\n|-damage|p1a: Toxapex|24\/100\n|move|p1a: Toxapex|Toxic|p2a: Heatran\n|-status|p2a: Heatran|tox\n|\n|-heal|p1a: Toxapex|30\/100|[from] item: Black Sludge\n|-damage|p2a: Heatran|89\/100 tox|[from] psn\n|upkeep\n|turn|10\n|\n|t:|1700188503\n|switch|p2a: Celesteela|Celesteela|100\/100\n|move|p1a: Toxapex|Baneful Bunker||[still]\n|-fail|p1a: Toxapex\n|\n|-heal|p1a: Toxapex|36\/100|[from] item: Black Sludge\n|upkeep\n|turn|11\n|\n|t:|1700188510\n|move|p2a: Celesteela|Autotomize|p2a: Celesteela\n|-boost|p2a: Celesteela|spe|2\n|-start|p2a: Celesteela|Autotomize\n|move|p1a: Toxapex|Recover|p1a: Toxapex\n|-heal|p1a: Toxapex|86\/100\n|\n|-heal|p1a: Toxapex|93\/100|[from] item: Black Sludge\n|upkeep\n|turn|12\n|c| Dios Typhlosion|Y el Defog?\n|\n|t:|1700188520\n|move|p2a: Celesteela|Meteor Beam||[still]\n|-prepare|p2a: Celesteela|Meteor Beam\n|-boost|p2a: Celesteela|spa|1\n|-enditem|p2a: Celesteela|Power Herb\n|-anim|p2a: Celesteela|Meteor Beam|p1a: Toxapex|[miss]\n|-miss|p2a: Celesteela|p1a: Toxapex\n|move|p1a: Toxapex|Scald|p2a: Celesteela\n|-damage|p2a: Celesteela|83\/100\n|\n|-heal|p1a: Toxapex|99\/100|[from] item: Black Sludge\n|upkeep\n|turn|13\n|\n|t:|1700188535\n|move|p2a: Celesteela|Giga Drain|p1a: Toxapex\n|-damage|p1a: Toxapex|73\/100\n|-heal|p2a: Celesteela|95\/100|[from] drain|[of] p1a: Toxapex\n|move|p1a: Toxapex|Scald|p2a: Celesteela\n|-damage|p2a: Celesteela|78\/100\n|-status|p2a: Celesteela|brn\n|\n|-heal|p1a: Toxapex|79\/100|[from] item: Black Sludge\n|-damage|p2a: Celesteela|72\/100 brn|[from] brn\n|upkeep\n|turn|14\n|c| matu 1402|Se fue\n|c| WSoldat|Mirenlo al pendejo fallando el meteor beam\n|c| matu 1402|Otro meteor beam para seguir bosteandose\n|c| Sylveon(404)|dx\n|\n|t:|1700188575\n|switch|p2a: Heatran|Heatran, F, tera:Grass|89\/100 tox\n|switch|p1a: Serperior|Serperior, M|55\/100\n|-damage|p1a: Serperior|42\/100|[from] Stealth Rock\n|-damage|p1a: Serperior|30\/100|[from] Spikes\n|\n|-damage|p2a: Heatran|83\/100 tox|[from] psn\n|upkeep\n|turn|15\n|\n|t:|1700188586\n|move|p1a: Serperior|Leaf Storm|p2a: Heatran\n|-resisted|p2a: Heatran\n|-damage|p2a: Heatran|66\/100 tox\n|-boost|p1a: Serperior|spa|2\n|move|p2a: Heatran|Magma Storm|p1a: Serperior\n|-supereffective|p1a: Serperior\n|-damage|p1a: Serperior|0 fnt\n|faint|p1a: Serperior\n|\n|-damage|p2a: Heatran|54\/100 tox|[from] psn\n|upkeep\n|\n|t:|1700188601\n|switch|p1a: Garganacl|Garganacl, M|100\/100\n|-damage|p1a: Garganacl|88\/100|[from] Stealth Rock\n|-damage|p1a: Garganacl|76\/100|[from] Spikes\n|turn|16\n|\n|t:|1700188608\n|move|p2a: Heatran|Earth Power|p1a: Garganacl\n|-supereffective|p1a: Garganacl\n|-damage|p1a: Garganacl|35\/100\n|-unboost|p1a: Garganacl|spd|1\n|move|p1a: Garganacl|Iron Defense|p1a: Garganacl\n|-boost|p1a: Garganacl|def|2\n|\n|-heal|p1a: Garganacl|41\/100|[from] item: Leftovers\n|-damage|p2a: Heatran|35\/100 tox|[from] psn\n|upkeep\n|turn|17\n|\n|t:|1700188626\n|switch|p1a: Grimmsnarl|Grimmsnarl, M|88\/100\n|-damage|p1a: Grimmsnarl|76\/100|[from] Stealth Rock\n|-damage|p1a: Grimmsnarl|63\/100|[from] Spikes\n|move|p2a: Heatran|Earth Power|p1a: Grimmsnarl\n|-damage|p1a: Grimmsnarl|38\/100\n|\n|-damage|p2a: Heatran|10\/100 tox|[from] psn\n|upkeep\n|turn|18\n|\n|t:|1700188642\n|move|p1a: Grimmsnarl|Parting Shot|p2a: Heatran\n|-unboost|p2a: Heatran|atk|1\n|-unboost|p2a: Heatran|spa|1\n|\n|t:|1700188646\n|switch|p1a: Urshifu|Urshifu-Rapid-Strike, M|100\/100|[from] Parting Shot\n|-damage|p1a: Urshifu|94\/100|[from] Stealth Rock\n|-damage|p1a: Urshifu|82\/100|[from] Spikes\n|move|p2a: Heatran|Magma Storm|p1a: Urshifu\n|-resisted|p1a: Urshifu\n|-damage|p1a: Urshifu|62\/100\n|-activate|p1a: Urshifu|move: Magma Storm|[of] p2a: Heatran\n|\n|-damage|p2a: Heatran|0 fnt|[from] psn\n|faint|p2a: Heatran\n|-end|p1a: Urshifu|Magma Storm|[partiallytrapped]|[silent]\n|upkeep\n|c| matu 1402|Zzzz\n|\n|t:|1700188671\n|switch|p2a: Aegislash|Aegislash, M|100\/100\n|turn|19\n|\n|t:|1700188686\n|switch|p1a: Grimmsnarl|Grimmsnarl, M|38\/100\n|-damage|p1a: Grimmsnarl|26\/100|[from] Stealth Rock\n|-damage|p1a: Grimmsnarl|13\/100|[from] Spikes\n|-formechange|p2a: Aegislash|Aegislash-Blade||[from] ability: Stance Change\n|move|p2a: Aegislash|Close Combat|p1a: Grimmsnarl\n|-damage|p1a: Grimmsnarl|0 fnt\n|-unboost|p2a: Aegislash|def|1\n|-unboost|p2a: Aegislash|spd|1\n|faint|p1a: Grimmsnarl\n|\n|upkeep\n|\n|t:|1700188701\n|switch|p1a: Kartana|Kartana, shiny|100\/100\n|-damage|p1a: Kartana|94\/100|[from] Stealth Rock\n|-damage|p1a: Kartana|82\/100|[from] Spikes\n|turn|20\n|\n|t:|1700188719\n|switch|p2a: Skarmory|Skarmory, M|72\/100 par\n|move|p1a: Kartana|Knock Off|p2a: Skarmory\n|-damage|p2a: Skarmory|30\/100 par\n|-enditem|p2a: Skarmory|Custap Berry|[from] move: Knock Off|[of] p1a: Kartana\n|\n|upkeep\n|turn|21\n|\n|t:|1700188728\n|switch|p1a: Garganacl|Garganacl, M|41\/100\n|-damage|p1a: Garganacl|29\/100|[from] Stealth Rock\n|-damage|p1a: Garganacl|16\/100|[from] Spikes\n|move|p2a: Skarmory|Brave Bird|p1a: Garganacl\n|-resisted|p1a: Garganacl\n|-damage|p1a: Garganacl|2\/100\n|-damage|p2a: Skarmory|24\/100 par|[from] Recoil\n|\n|-heal|p1a: Garganacl|8\/100|[from] item: Leftovers\n|upkeep\n|turn|22\n|\n|t:|1700188740\n|switch|p2a: Aegislash|Aegislash, M|100\/100\n|move|p1a: Garganacl|Recover|p1a: Garganacl\n|-heal|p1a: Garganacl|59\/100\n|\n|-heal|p1a: Garganacl|65\/100|[from] item: Leftovers\n|upkeep\n|turn|23\n|\n|t:|1700188749\n|move|p2a: Aegislash|Swords Dance|p2a: Aegislash\n|-boost|p2a: Aegislash|atk|2\n|move|p1a: Garganacl|Recover|p1a: Garganacl\n|-heal|p1a: Garganacl|100\/100\n|\n|upkeep\n|turn|24\n|\n|t:|1700188757\n|-formechange|p2a: Aegislash|Aegislash-Blade||[from] ability: Stance Change\n|move|p2a: Aegislash|Close Combat|p1a: Garganacl\n|-supereffective|p1a: Garganacl\n|-damage|p1a: Garganacl|0 fnt\n|-unboost|p2a: Aegislash|def|1\n|-unboost|p2a: Aegislash|spd|1\n|faint|p1a: Garganacl\n|\n|upkeep\n|\n|t:|1700188766\n|switch|p1a: Urshifu|Urshifu-Rapid-Strike, M|62\/100\n|-damage|p1a: Urshifu|56\/100|[from] Stealth Rock\n|-damage|p1a: Urshifu|43\/100|[from] Spikes\n|turn|25\n|\n|t:|1700188783\n|switch|p2a: Skarmory|Skarmory, M|24\/100 par\n|move|p1a: Urshifu|Surging Strikes|p2a: Skarmory\n|-crit|p2a: Skarmory\n|-damage|p2a: Skarmory|8\/100 par\n|-crit|p2a: Skarmory\n|-damage|p2a: Skarmory|0 fnt\n|faint|p2a: Skarmory\n|-hitcount|p2: Skarmory|2\n|\n|upkeep\n|\n|t:|1700188793\n|switch|p2a: Aegislash|Aegislash, M|100\/100\n|turn|26\n|\n|t:|1700188802\n|move|p1a: Urshifu|Surging Strikes|p2a: Aegislash\n|-crit|p2a: Aegislash\n|-damage|p2a: Aegislash|86\/100\n|-crit|p2a: Aegislash\n|-damage|p2a: Aegislash|71\/100\n|-crit|p2a: Aegislash\n|-damage|p2a: Aegislash|56\/100\n|-hitcount|p2a: Aegislash|3\n|move|p2a: Aegislash|Swords Dance|p2a: Aegislash\n|-boost|p2a: Aegislash|atk|2\n|\n|upkeep\n|turn|27\n|\n|t:|1700188812\n|-formechange|p2a: Aegislash|Aegislash-Blade||[from] ability: Stance Change\n|move|p2a: Aegislash|Shadow Sneak|p1a: Urshifu\n|-damage|p1a: Urshifu|0 fnt\n|faint|p1a: Urshifu\n|\n|upkeep\n|c| Sylveon(404)|vamo pep\n|\n|t:|1700188824\n|switch|p1a: Kartana|Kartana, shiny|82\/100\n|-damage|p1a: Kartana|76\/100|[from] Stealth Rock\n|-damage|p1a: Kartana|63\/100|[from] Spikes\n|turn|28\n|\n|t:|1700188832\n|move|p2a: Aegislash|Shadow Sneak|p1a: Kartana\n|-damage|p1a: Kartana|11\/100\n|move|p1a: Kartana|Sacred Sword|p2a: Aegislash\n|-immune|p2a: Aegislash\n|\n|upkeep\n|turn|29\n|c|\u2606PeppsiAsiEs|?\n|c|\u2606KillerZodiac03|mierda\n|c| Void280|Como jode esos hazards\n|c|\u2606KillerZodiac03|pense en prever un cambio\n|c| WSoldat|Mala predict\n|c| matu 1402|Maxi te desafie ya\n|\n|t:|1700188857\n|move|p2a: Aegislash|Shadow Sneak|p1a: Kartana\n|-damage|p1a: Kartana|0 fnt\n|faint|p1a: Kartana\n|\n|upkeep\n|c| matu 1402|Soldat a ti tambien\n|\n|t:|1700188862\n|switch|p1a: Toxapex|Toxapex, M, shiny|100\/100\n|-damage|p1a: Toxapex|88\/100|[from] Stealth Rock\n|-damage|p1a: Toxapex|75\/100|[from] Spikes\n|turn|30\n|c| WSoldat|Para\n|c| Void280|No me lleg\u00f3 nada\n|c| matu 1402|Mando de nuevo\n|c| matu 1402|Soldat el todos vs todos\n|\n|t:|1700188885\n|move|p2a: Aegislash|Shadow Claw|p1a: Toxapex\n|-damage|p1a: Toxapex|23\/100\n|move|p1a: Toxapex|Scald|p2a: Aegislash\n|-damage|p2a: Aegislash|25\/100\n|\n|-heal|p1a: Toxapex|29\/100|[from] item: Black Sludge\n|upkeep\n|turn|31\n|c| Void280|ggs Pep\n|c|\u2606PeppsiAsiEs|Gg\n|\n|t:|1700188896\n|move|p1a: Toxapex|Baneful Bunker|p1a: Toxapex\n|-singleturn|p1a: Toxapex|move: Protect\n|move|p2a: Aegislash|Shadow Claw|p1a: Toxapex\n|-activate|p1a: Toxapex|move: Protect\n|\n|-heal|p1a: Toxapex|36\/100|[from] item: Black Sludge\n|upkeep\n|turn|32\n|c| Dios Typhlosion|Grande Pep\n|c| Sylveon(404)|cghe\n|c|\u2606PeppsiAsiEs|Antes roto, que doblarme.\n|c| Sylveon(404)|inviten\n|c| Sylveon(404)|no sean wachps\n|c|\u2606KillerZodiac03|gg\n|c| WSoldat|Recuerden enviar la replay\n|c| WSoldat|En putazos\n|c| Void280|La paso yo\n|\n|t:|1700188938\n|move|p2a: Aegislash|Shadow Claw|p1a: Toxapex\n|-damage|p1a: Toxapex|0 fnt\n|faint|p1a: Toxapex\n|\n|win|PeppsiAsiEs\n|c| matu 1402|Soldat acepta\n|c|\u2606PeppsiAsiEs|Si me disculpan ire a dormir despues de esto.\n","uploadtime":1700188944,"views":13,"p1id":"killerzodiac03","p2id":"peppsiasies","formatid":"gen9nationaldex","rating":0,"private":0,"password":""}