{"id":"gen9nationaldex-1994804405","p1":"RandoTestAccount","p2":"chz3781873","format":"[Gen 9] National Dex","log":"|html|<div class=\"broadcast-blue\"><strong>[Gen 9] National Dex is currently suspecting Sneasler! For information on how to participate check out the <a href=\"https:\/\/www.smogon.com\/forums\/threads\/sv-national-dex-suspect-8-just-dance.3731534\/\">suspect thread<\/a>.<\/strong><\/div>\n|j|\u2606RandoTestAccount\n|j|\u2606chz3781873\n|t:|1700494373\n|gametype|singles\n|player|p1|RandoTestAccount|pokemonrangerf|1274\n|player|p2|chz3781873|norman|1339\n|teamsize|p1|6\n|teamsize|p2|6\n|gen|9\n|tier|[Gen 9] National Dex\n|rated|\n|rule|HP Percentage Mod: HP is shown in percentages\n|rule|Endless Battle Clause: Forcing endless battles is banned\n|rule|OHKO Clause: OHKO moves are banned\n|rule|Evasion Clause: Evasion abilities, items, and moves are banned\n|rule|Evasion Abilities Clause: Evasion abilities are banned\n|rule|Evasion Items Clause: Evasion items are banned\n|rule|Evasion Moves Clause: Evasion moves are banned\n|rule|Species Clause: Limit one of each Pok\u00e9mon\n|rule|Sleep Clause Mod: Limit one foe put to sleep\n|clearpoke\n|poke|p1|Umbreon, F|\n|poke|p1|Excadrill, F|\n|poke|p1|Corviknight, F|\n|poke|p1|Sableye, F|\n|poke|p1|Tapu Fini|\n|poke|p1|Dragalge, F|\n|poke|p2|Tapu Lele|\n|poke|p2|Ribombee, M|\n|poke|p2|Garganacl, F|\n|poke|p2|Moltres|\n|poke|p2|Diancie|\n|poke|p2|Urshifu-*, M|\n|teampreview\n|inactive|Battle timer is ON: inactive players will automatically lose when time's up. (requested by RandoTestAccount)\n|\n|t:|1700494382\n|start\n|switch|p1a: Spectre of Emerald|Sableye, F, shiny|100\/100\n|switch|p2a: Ribombee|Ribombee, M, shiny|100\/100\n|turn|1\n|\n|t:|1700494393\n|detailschange|p1a: Spectre of Emerald|Sableye-Mega, F, shiny\n|-mega|p1a: Spectre of Emerald|Sableye|Sablenite\n|move|p2a: Ribombee|Moonblast|p1a: Spectre of Emerald\n|-supereffective|p1a: Spectre of Emerald\n|-damage|p1a: Spectre of Emerald|17\/100\n|-unboost|p1a: Spectre of Emerald|spa|1\n|move|p1a: Spectre of Emerald|Recover|p1a: Spectre of Emerald\n|-heal|p1a: Spectre of Emerald|67\/100\n|\n|upkeep\n|turn|2\n|\n|t:|1700494406\n|switch|p1a: Ephialtes Keeper|Corviknight, F, shiny|100\/100\n|-ability|p1a: Ephialtes Keeper|Pressure\n|move|p2a: Ribombee|Moonblast|p1a: Ephialtes Keeper\n|-resisted|p1a: Ephialtes Keeper\n|-damage|p1a: Ephialtes Keeper|85\/100\n|\n|upkeep\n|turn|3\n|\n|t:|1700494420\n|switch|p2a: Moltres|Moltres|100\/100\n|switch|p1a: Spectre of Emerald|Sableye-Mega, F, shiny|67\/100\n|\n|upkeep\n|turn|4\n|\n|t:|1700494431\n|switch|p1a: Agony Steelheart|Dragalge, F, shiny|100\/100\n|move|p2a: Moltres|Flamethrower|p1a: Agony Steelheart\n|-resisted|p1a: Agony Steelheart\n|-damage|p1a: Agony Steelheart|90\/100\n|\n|-heal|p1a: Agony Steelheart|96\/100|[from] item: Black Sludge\n|upkeep\n|turn|5\n|\n|t:|1700494443\n|move|p2a: Moltres|U-turn|p1a: Agony Steelheart\n|-resisted|p1a: Agony Steelheart\n|-damage|p1a: Agony Steelheart|86\/100\n|\n|t:|1700494453\n|switch|p2a: Garganacl|Garganacl, F|100\/100|[from] U-turn\n|move|p1a: Agony Steelheart|Toxic|p2a: Garganacl\n|-immune|p2a: Garganacl|[from] ability: Purifying Salt\n|\n|-heal|p1a: Agony Steelheart|92\/100|[from] item: Black Sludge\n|upkeep\n|turn|6\n|\n|t:|1700494469\n|move|p1a: Agony Steelheart|Acid Spray|p2a: Garganacl\n|-resisted|p2a: Garganacl\n|-damage|p2a: Garganacl|94\/100\n|-unboost|p2a: Garganacl|spd|2\n|move|p2a: Garganacl|Stealth Rock|p1a: Agony Steelheart\n|-sidestart|p1: RandoTestAccount|move: Stealth Rock\n|\n|-heal|p1a: Agony Steelheart|98\/100|[from] item: Black Sludge\n|-heal|p2a: Garganacl|99\/100|[from] item: Leftovers\n|upkeep\n|turn|7\n|\n|t:|1700494478\n|move|p1a: Agony Steelheart|Dragon Pulse|p2a: Garganacl\n|-damage|p2a: Garganacl|47\/100\n|move|p2a: Garganacl|Salt Cure|p1a: Agony Steelheart\n|-damage|p1a: Agony Steelheart|84\/100\n|-start|p1a: Agony Steelheart|Salt Cure\n|\n|-heal|p1a: Agony Steelheart|90\/100|[from] item: Black Sludge\n|-heal|p2a: Garganacl|53\/100|[from] item: Leftovers\n|-damage|p1a: Agony Steelheart|78\/100|[from] Salt Cure\n|upkeep\n|turn|8\n|\n|t:|1700494492\n|switch|p1a: Ephialtes Keeper|Corviknight, F, shiny|85\/100\n|-damage|p1a: Ephialtes Keeper|72\/100|[from] Stealth Rock\n|-ability|p1a: Ephialtes Keeper|Pressure\n|switch|p2a: Diancie|Diancie|100\/100\n|\n|upkeep\n|turn|9\n|\n|t:|1700494506\n|detailschange|p2a: Diancie|Diancie-Mega\n|-mega|p2a: Diancie|Diancie|Diancite\n|move|p2a: Diancie|Mystical Fire|p1a: Ephialtes Keeper\n|-supereffective|p1a: Ephialtes Keeper\n|-damage|p1a: Ephialtes Keeper|25\/100\n|-unboost|p1a: Ephialtes Keeper|spa|1\n|move|p1a: Ephialtes Keeper|Defog|p2a: Diancie\n|move|p2a: Diancie|Defog|p1a: Ephialtes Keeper|[from]ability: Magic Bounce\n|-unboost|p1a: Ephialtes Keeper|evasion|1\n|-sideend|p1: RandoTestAccount|Stealth Rock|[from] move: Defog|[of] p2a: Diancie\n|\n|upkeep\n|turn|10\n|inactive|RandoTestAccount has 120 seconds left.\n|\n|t:|1700494543\n|switch|p1a: Agony Steelheart|Dragalge, F, shiny|78\/100\n|move|p2a: Diancie|Mystical Fire|p1a: Agony Steelheart\n|-resisted|p1a: Agony Steelheart\n|-damage|p1a: Agony Steelheart|68\/100\n|-unboost|p1a: Agony Steelheart|spa|1\n|\n|-heal|p1a: Agony Steelheart|74\/100|[from] item: Black Sludge\n|upkeep\n|turn|11\n|inactive|chz3781873 has 120 seconds left.\n|\n|t:|1700494576\n|switch|p2a: Garganacl|Garganacl, F|53\/100\n|move|p1a: Agony Steelheart|Acid Spray|p2a: Garganacl\n|-resisted|p2a: Garganacl\n|-damage|p2a: Garganacl|50\/100\n|-unboost|p2a: Garganacl|spd|2\n|\n|-heal|p1a: Agony Steelheart|80\/100|[from] item: Black Sludge\n|-heal|p2a: Garganacl|56\/100|[from] item: Leftovers\n|upkeep\n|turn|12\n|inactive|chz3781873 has 120 seconds left.\n|inactive|RandoTestAccount has 120 seconds left.\n|inactive|RandoTestAccount has 90 seconds left.\n|\n|t:|1700494627\n|move|p2a: Garganacl|Protect|p2a: Garganacl\n|-singleturn|p2a: Garganacl|Protect\n|move|p1a: Agony Steelheart|Dragon Pulse|p2a: Garganacl\n|-activate|p2a: Garganacl|move: Protect\n|\n|-heal|p1a: Agony Steelheart|86\/100|[from] item: Black Sludge\n|-heal|p2a: Garganacl|62\/100|[from] item: Leftovers\n|upkeep\n|turn|13\n|inactive|chz3781873 has 120 seconds left.\n|\n|t:|1700494638\n|switch|p1a: Spectre of Emerald|Sableye-Mega, F, shiny|67\/100\n|switch|p2a: Diancie|Diancie-Mega|100\/100\n|\n|upkeep\n|turn|14\n|inactive|chz3781873 has 120 seconds left.\n|\n|t:|1700494652\n|switch|p1a: Agony Steelheart|Dragalge, F, shiny|86\/100\n|move|p2a: Diancie|Mystical Fire|p1a: Agony Steelheart\n|-resisted|p1a: Agony Steelheart\n|-damage|p1a: Agony Steelheart|76\/100\n|-unboost|p1a: Agony Steelheart|spa|1\n|\n|-heal|p1a: Agony Steelheart|82\/100|[from] item: Black Sludge\n|upkeep\n|turn|15\n|inactive|chz3781873 has 120 seconds left.\n|\n|t:|1700494677\n|switch|p2a: Garganacl|Garganacl, F|62\/100\n|move|p1a: Agony Steelheart|Acid Spray|p2a: Garganacl\n|-resisted|p2a: Garganacl\n|-damage|p2a: Garganacl|58\/100\n|-unboost|p2a: Garganacl|spd|2\n|\n|-heal|p1a: Agony Steelheart|88\/100|[from] item: Black Sludge\n|-heal|p2a: Garganacl|64\/100|[from] item: Leftovers\n|upkeep\n|turn|16\n|\n|t:|1700494698\n|move|p2a: Garganacl|Protect|p2a: Garganacl\n|-singleturn|p2a: Garganacl|Protect\n|move|p1a: Agony Steelheart|Acid Spray|p2a: Garganacl\n|-activate|p2a: Garganacl|move: Protect\n|\n|-heal|p1a: Agony Steelheart|94\/100|[from] item: Black Sludge\n|-heal|p2a: Garganacl|71\/100|[from] item: Leftovers\n|upkeep\n|turn|17\n|\n|t:|1700494709\n|switch|p2a: Tapu Lele|Tapu Lele, shiny|100\/100\n|-fieldstart|move: Psychic Terrain|[from] ability: Psychic Surge|[of] p2a: Tapu Lele\n|move|p1a: Agony Steelheart|Dragon Pulse|p2a: Tapu Lele\n|-immune|p2a: Tapu Lele\n|\n|-heal|p1a: Agony Steelheart|99\/100|[from] item: Black Sludge\n|upkeep\n|turn|18\n|\n|t:|1700494724\n|switch|p1a: The Droplet Tear|Tapu Fini, shiny|100\/100\n|-fieldstart|move: Misty Terrain|[from] ability: Misty Surge|[of] p1a: The Droplet Tear\n|move|p2a: Tapu Lele|Moonblast|p1a: The Droplet Tear\n|-damage|p1a: The Droplet Tear|48\/100\n|\n|-heal|p1a: The Droplet Tear|54\/100|[from] item: Leftovers\n|upkeep\n|turn|19\n|\n|t:|1700494743\n|move|p2a: Tapu Lele|Moonblast|p1a: The Droplet Tear\n|-damage|p1a: The Droplet Tear|0 fnt\n|faint|p1a: The Droplet Tear\n|\n|upkeep\n|inactive|RandoTestAccount has 90 seconds left.\n|\n|t:|1700494773\n|switch|p1a: The Lonesome One|Excadrill, F, shiny|100\/100\n|-ability|p1a: The Lonesome One|Mold Breaker\n|turn|20\n|\n|t:|1700494791\n|switch|p2a: Moltres|Moltres|100\/100\n|move|p1a: The Lonesome One|Rapid Spin|p2a: Moltres\n|-damage|p2a: Moltres|83\/100\n|-boost|p1a: The Lonesome One|spe|1\n|\n|upkeep\n|turn|21\n|inactive|chz3781873 has 90 seconds left.\n|\n|t:|1700494814\n|switch|p1a: Agony Steelheart|Dragalge, F, shiny|99\/100\n|move|p2a: Moltres|U-turn|p1a: Agony Steelheart\n|-resisted|p1a: Agony Steelheart\n|-damage|p1a: Agony Steelheart|91\/100\n|inactive|chz3781873 has 90 seconds left.\n|\n|t:|1700494834\n|switch|p2a: Diancie|Diancie-Mega|100\/100|[from] U-turn\n|\n|-heal|p1a: Agony Steelheart|97\/100|[from] item: Black Sludge\n|upkeep\n|turn|22\n|\n|t:|1700494849\n|move|p2a: Diancie|Moonblast|p1a: Agony Steelheart\n|-damage|p1a: Agony Steelheart|60\/100\n|move|p1a: Agony Steelheart|Acid Spray|p2a: Diancie\n|-damage|p2a: Diancie|76\/100\n|-unboost|p2a: Diancie|spd|2\n|\n|-heal|p1a: Agony Steelheart|66\/100|[from] item: Black Sludge\n|-fieldend|Misty Terrain\n|upkeep\n|turn|23\n|inactive|chz3781873 has 90 seconds left.\n|\n|t:|1700494875\n|switch|p2a: Garganacl|Garganacl, F|71\/100\n|move|p1a: Agony Steelheart|Acid Spray|p2a: Garganacl\n|-resisted|p2a: Garganacl\n|-damage|p2a: Garganacl|64\/100\n|-unboost|p2a: Garganacl|spd|2\n|\n|-heal|p1a: Agony Steelheart|72\/100|[from] item: Black Sludge\n|-heal|p2a: Garganacl|70\/100|[from] item: Leftovers\n|upkeep\n|turn|24\n|inactive|RandoTestAccount has 120 seconds left.\n|\n|t:|1700494890\n|move|p2a: Garganacl|Protect|p2a: Garganacl\n|-singleturn|p2a: Garganacl|Protect\n|move|p1a: Agony Steelheart|Acid Spray|p2a: Garganacl\n|-activate|p2a: Garganacl|move: Protect\n|\n|-heal|p1a: Agony Steelheart|78\/100|[from] item: Black Sludge\n|-heal|p2a: Garganacl|76\/100|[from] item: Leftovers\n|upkeep\n|turn|25\n|inactive|chz3781873 has 60 seconds left.\n|\n|t:|1700494913\n|switch|p2a: Ribombee|Ribombee, M, shiny|100\/100\n|move|p1a: Agony Steelheart|Acid Spray|p2a: Ribombee\n|-supereffective|p2a: Ribombee\n|-damage|p2a: Ribombee|33\/100\n|\n|-heal|p1a: Agony Steelheart|84\/100|[from] item: Black Sludge\n|upkeep\n|turn|26\n|inactive|chz3781873 has 60 seconds left.\n|inactive|RandoTestAccount has 120 seconds left.\n|\n|t:|1700494935\n|switch|p1a: Spectre of Emerald|Sableye-Mega, F, shiny|67\/100\n|move|p2a: Ribombee|Stun Spore|p1a: Spectre of Emerald\n|move|p1a: Spectre of Emerald|Stun Spore|p2a: Ribombee|[from]ability: Magic Bounce\n|-status|p2a: Ribombee|par\n|\n|upkeep\n|turn|27\n|inactive|chz3781873 has 60 seconds left.\n|\n|t:|1700494946\n|switch|p1a: The Lonesome One|Excadrill, F, shiny|100\/100\n|-ability|p1a: The Lonesome One|Mold Breaker\n|cant|p2a: Ribombee|par\n|\n|upkeep\n|turn|28\n|\n|t:|1700494954\n|move|p1a: The Lonesome One|Rapid Spin|p2a: Ribombee\n|-damage|p2a: Ribombee|0 fnt\n|-boost|p1a: The Lonesome One|spe|1\n|faint|p2a: Ribombee\n|\n|upkeep\n|\n|t:|1700494962\n|switch|p2a: Urshifu|Urshifu-Rapid-Strike, M|100\/100\n|turn|29\n|\n|t:|1700494983\n|switch|p1a: Ephialtes Keeper|Corviknight, F, shiny|25\/100\n|-ability|p1a: Ephialtes Keeper|Pressure\n|move|p2a: Urshifu|Surging Strikes|p1a: Ephialtes Keeper\n|-crit|p1a: Ephialtes Keeper\n|-damage|p1a: Ephialtes Keeper|8\/100\n|-damage|p2a: Urshifu|84\/100|[from] item: Rocky Helmet|[of] p1a: Ephialtes Keeper\n|-crit|p1a: Ephialtes Keeper\n|-damage|p1a: Ephialtes Keeper|0 fnt\n|-damage|p2a: Urshifu|68\/100|[from] item: Rocky Helmet|[of] p1a: Ephialtes Keeper\n|faint|p1a: Ephialtes Keeper\n|-hitcount|p1: Ephialtes Keeper|2\n|\n|upkeep\n|\n|t:|1700494989\n|switch|p1a: Agony Steelheart|Dragalge, F, shiny|84\/100\n|turn|30\n|\n|t:|1700495001\n|switch|p2a: Tapu Lele|Tapu Lele, shiny|100\/100\n|-fieldstart|move: Psychic Terrain|[from] ability: Psychic Surge|[of] p2a: Tapu Lele\n|move|p1a: Agony Steelheart|Acid Spray|p2a: Tapu Lele\n|-supereffective|p2a: Tapu Lele\n|-damage|p2a: Tapu Lele|62\/100\n|-unboost|p2a: Tapu Lele|spd|2\n|\n|-heal|p1a: Agony Steelheart|90\/100|[from] item: Black Sludge\n|upkeep\n|turn|31\n|inactive|RandoTestAccount has 120 seconds left.\n|\n|t:|1700495044\n|move|p2a: Tapu Lele|Psychic|p1a: Agony Steelheart\n|-supereffective|p1a: Agony Steelheart\n|-damage|p1a: Agony Steelheart|0 fnt\n|faint|p1a: Agony Steelheart\n|\n|upkeep\n|\n|t:|1700495054\n|switch|p1a: The Lonesome One|Excadrill, F, shiny|100\/100\n|-ability|p1a: The Lonesome One|Mold Breaker\n|turn|32\n|\n|t:|1700495064\n|switch|p2a: Moltres|Moltres|83\/100\n|move|p1a: The Lonesome One|Rapid Spin|p2a: Moltres\n|-damage|p2a: Moltres|65\/100\n|-boost|p1a: The Lonesome One|spe|1\n|-status|p1a: The Lonesome One|brn|[from] ability: Flame Body|[of] p2a: Moltres\n|\n|-damage|p1a: The Lonesome One|94\/100 brn|[from] brn\n|upkeep\n|turn|33\n|inactive|RandoTestAccount has 120 seconds left.\n|inactive|RandoTestAccount has 90 seconds left.\n|\n|t:|1700495103\n|move|p1a: The Lonesome One|Rapid Spin|p2a: Moltres\n|-damage|p2a: Moltres|57\/100\n|-boost|p1a: The Lonesome One|spe|1\n|move|p2a: Moltres|Roost|p2a: Moltres\n|-heal|p2a: Moltres|100\/100\n|-singleturn|p2a: Moltres|move: Roost\n|\n|-heal|p1a: The Lonesome One|100\/100 brn|[from] item: Leftovers\n|-damage|p1a: The Lonesome One|94\/100 brn|[from] brn\n|upkeep\n|turn|34\n|\n|t:|1700495115\n|switch|p1a: Nika Reanukko|Umbreon, F, shiny|100\/100\n|move|p2a: Moltres|Flamethrower|p1a: Nika Reanukko\n|-damage|p1a: Nika Reanukko|82\/100\n|\n|-heal|p1a: Nika Reanukko|88\/100|[from] item: Leftovers\n|-fieldend|move: Psychic Terrain\n|upkeep\n|turn|35\n|inactive|RandoTestAccount has 90 seconds left.\n|\n|t:|1700495136\n|move|p2a: Moltres|U-turn|p1a: Nika Reanukko\n|-supereffective|p1a: Nika Reanukko\n|-damage|p1a: Nika Reanukko|61\/100\n|\n|t:|1700495143\n|switch|p2a: Garganacl|Garganacl, F|76\/100|[from] U-turn\n|move|p1a: Nika Reanukko|Heal Bell|p1a: Nika Reanukko\n|-activate|p1a: Nika Reanukko|move: Heal Bell\n|-curestatus|p1: The Lonesome One|brn|[msg]\n|\n|-heal|p1a: Nika Reanukko|67\/100|[from] item: Leftovers\n|-heal|p2a: Garganacl|83\/100|[from] item: Leftovers\n|upkeep\n|turn|36\n|\n|t:|1700495154\n|move|p1a: Nika Reanukko|Wish|p1a: Nika Reanukko\n|move|p2a: Garganacl|Stealth Rock|p1a: Nika Reanukko\n|-sidestart|p1: RandoTestAccount|move: Stealth Rock\n|\n|-heal|p1a: Nika Reanukko|73\/100|[from] item: Leftovers\n|-heal|p2a: Garganacl|89\/100|[from] item: Leftovers\n|upkeep\n|turn|37\n|\n|t:|1700495166\n|move|p1a: Nika Reanukko|Payback|p2a: Garganacl\n|-damage|p2a: Garganacl|81\/100\n|move|p2a: Garganacl|Salt Cure|p1a: Nika Reanukko\n|-damage|p1a: Nika Reanukko|62\/100\n|-start|p1a: Nika Reanukko|Salt Cure\n|\n|-heal|p1a: Nika Reanukko|100\/100|[from] move: Wish|[wisher] Nika Reanukko\n|-heal|p2a: Garganacl|87\/100|[from] item: Leftovers\n|-damage|p1a: Nika Reanukko|88\/100|[from] Salt Cure\n|upkeep\n|turn|38\n|\n|t:|1700495181\n|switch|p1a: The Lonesome One|Excadrill, F, shiny|94\/100\n|-damage|p1a: The Lonesome One|91\/100|[from] Stealth Rock\n|-ability|p1a: The Lonesome One|Mold Breaker\n|move|p2a: Garganacl|Salt Cure|p1a: The Lonesome One\n|-resisted|p1a: The Lonesome One\n|-damage|p1a: The Lonesome One|87\/100\n|-start|p1a: The Lonesome One|Salt Cure\n|\n|-heal|p1a: The Lonesome One|94\/100|[from] item: Leftovers\n|-heal|p2a: Garganacl|94\/100|[from] item: Leftovers\n|-damage|p1a: The Lonesome One|69\/100|[from] Salt Cure\n|upkeep\n|turn|39\n|\n|t:|1700495197\n|move|p2a: Garganacl|Protect|p2a: Garganacl\n|-singleturn|p2a: Garganacl|Protect\n|move|p1a: The Lonesome One|Swords Dance|p1a: The Lonesome One\n|-boost|p1a: The Lonesome One|atk|2\n|\n|-heal|p1a: The Lonesome One|75\/100|[from] item: Leftovers\n|-heal|p2a: Garganacl|99\/100|[from] item: Leftovers\n|-damage|p1a: The Lonesome One|50\/100|[from] Salt Cure\n|upkeep\n|turn|40\n|inactive|RandoTestAccount has 120 seconds left.\n|\n|t:|1700495211\n|-terastallize|p2a: Garganacl|Dragon\n|move|p1a: The Lonesome One|Rapid Spin|p2a: Garganacl\n|-damage|p2a: Garganacl|75\/100\n|-boost|p1a: The Lonesome One|spe|1\n|-sideend|p1: RandoTestAccount|Stealth Rock|[from] move: Rapid Spin|[of] p1a: The Lonesome One\n|move|p2a: Garganacl|Salt Cure|p1a: The Lonesome One\n|-resisted|p1a: The Lonesome One\n|-damage|p1a: The Lonesome One|46\/100\n|\n|-heal|p1a: The Lonesome One|52\/100|[from] item: Leftovers\n|-heal|p2a: Garganacl|82\/100|[from] item: Leftovers\n|-damage|p1a: The Lonesome One|27\/100|[from] Salt Cure\n|upkeep\n|turn|41\n|inactive|RandoTestAccount has 120 seconds left.\n|\n|t:|1700495233\n|move|p1a: The Lonesome One|Earthquake|p2a: Garganacl\n|-damage|p2a: Garganacl|0 fnt\n|faint|p2a: Garganacl\n|\n|-heal|p1a: The Lonesome One|33\/100|[from] item: Leftovers\n|-damage|p1a: The Lonesome One|8\/100|[from] Salt Cure\n|upkeep\n|\n|t:|1700495246\n|switch|p2a: Urshifu|Urshifu-Rapid-Strike, M|68\/100\n|turn|42\n|inactive|RandoTestAccount has 120 seconds left.\n|\n|t:|1700495254\n|move|p2a: Urshifu|U-turn|p1a: The Lonesome One\n|-resisted|p1a: The Lonesome One\n|-damage|p1a: The Lonesome One|0 fnt\n|faint|p1a: The Lonesome One\n|\n|t:|1700495262\n|switch|p2a: Diancie|Diancie-Mega|76\/100|[from] U-turn\n|\n|upkeep\n|inactive|RandoTestAccount has 120 seconds left.\n|\n|t:|1700495275\n|switch|p1a: Nika Reanukko|Umbreon, F, shiny|88\/100\n|turn|43\n|inactive|chz3781873 has 90 seconds left.\n|\n|t:|1700495281\n|-terastallize|p1a: Nika Reanukko|Ghost\n|move|p2a: Diancie|Moonblast|p1a: Nika Reanukko\n|-damage|p1a: Nika Reanukko|59\/100\n|move|p1a: Nika Reanukko|Wish|p1a: Nika Reanukko\n|\n|-heal|p1a: Nika Reanukko|65\/100|[from] item: Leftovers\n|upkeep\n|turn|44\n|inactive|chz3781873 has 90 seconds left.\n|inactive|RandoTestAccount has 120 seconds left.\n|l|\u2606RandoTestAccount\n|inactive|RandoTestAccount disconnected and has a minute to reconnect!\n|player|p1|\n|inactive|RandoTestAccount has 30 seconds to reconnect!\n|inactive|RandoTestAccount has 20 seconds to reconnect!\n|inactive|RandoTestAccount has 15 seconds to reconnect!\n|inactive|RandoTestAccount has 10 seconds to reconnect!\n|inactive|RandoTestAccount has 5 seconds to reconnect!\n|-message|RandoTestAccount lost due to inactivity.\n|\n|win|chz3781873\n|raw|RandoTestAccount's rating: 1320 &rarr; <strong>1301<\/strong><br \/>(-19 for losing)\n|raw|chz3781873's rating: 1339 &rarr; <strong>1358<\/strong><br \/>(+19 for winning)\n","uploadtime":1700495366,"views":3,"p1id":"randotestaccount","p2id":"chz3781873","formatid":"gen9nationaldex","rating":1301,"private":0,"password":""}