{"id":"gen9nationaldex-1994140591","p1":"Malexrocks","p2":"yueyibu","format":"[Gen 9] National Dex","log":"|j|\u2606Malexrocks\n|j|\u2606yueyibu\n|t:|1700411649\n|gametype|singles\n|player|p1|Malexrocks|101|1151\n|player|p2|yueyibu|n|1193\n|teamsize|p1|6\n|teamsize|p2|6\n|gen|9\n|tier|[Gen 9] National Dex\n|rated|\n|rule|HP Percentage Mod: HP is shown in percentages\n|rule|Endless Battle Clause: Forcing endless battles is banned\n|rule|OHKO Clause: OHKO moves are banned\n|rule|Evasion Clause: Evasion abilities, items, and moves are banned\n|rule|Evasion Abilities Clause: Evasion abilities are banned\n|rule|Evasion Items Clause: Evasion items are banned\n|rule|Evasion Moves Clause: Evasion moves are banned\n|rule|Species Clause: Limit one of each Pok\u00e9mon\n|rule|Sleep Clause Mod: Limit one foe put to sleep\n|clearpoke\n|poke|p1|Banette, M|\n|poke|p1|Tapu Lele|\n|poke|p1|Hoopa-Unbound|\n|poke|p1|Toxapex, F|\n|poke|p1|Ferrothorn, M|\n|poke|p1|Hatterene, F|\n|poke|p2|Meowscarada, M|\n|poke|p2|Skarmory, F|\n|poke|p2|Rotom-Wash|\n|poke|p2|Beedrill, M|\n|poke|p2|Kommo-o, F|\n|poke|p2|Skeledirge, F|\n|teampreview\n|\n|t:|1700411657\n|start\n|switch|p1a: Banette|Banette, M|100\/100\n|switch|p2a: Skarmory|Skarmory, F|100\/100\n|turn|1\n|inactive|Battle timer is ON: inactive players will automatically lose when time's up. (requested by Malexrocks)\n|\n|t:|1700411665\n|switch|p2a: Beedrill|Beedrill, M|100\/100\n|detailschange|p1a: Banette|Banette-Mega, M\n|-mega|p1a: Banette|Banette|Banettite\n|move|p1a: Banette|Poltergeist|p2a: Beedrill\n|-activate|p2a: Beedrill|move: Poltergeist|Beedrillite\n|-damage|p2a: Beedrill|0 fnt\n|faint|p2a: Beedrill\n|\n|upkeep\n|\n|t:|1700411677\n|switch|p2a: Kommo-o|Kommo-o, F|100\/100\n|turn|2\n|\n|t:|1700411681\n|move|p1a: Banette|Will-O-Wisp|p2a: Kommo-o\n|-status|p2a: Kommo-o|brn\n|move|p2a: Kommo-o|Clanging Scales|p1a: Banette\n|-damage|p1a: Banette|47\/100\n|-unboost|p2a: Kommo-o|def|1\n|-enditem|p2a: Kommo-o|Throat Spray\n|-boost|p2a: Kommo-o|spa|1|[from] item: Throat Spray\n|\n|-damage|p2a: Kommo-o|94\/100 brn|[from] brn\n|upkeep\n|turn|3\n|\n|t:|1700411689\n|move|p1a: Banette|Destiny Bond|p1a: Banette\n|-singlemove|p1a: Banette|Destiny Bond\n|move|p2a: Kommo-o|Clangorous Soul|p2a: Kommo-o\n|-boost|p2a: Kommo-o|atk|1\n|-boost|p2a: Kommo-o|def|1\n|-boost|p2a: Kommo-o|spa|1\n|-boost|p2a: Kommo-o|spd|1\n|-boost|p2a: Kommo-o|spe|1\n|-damage|p2a: Kommo-o|61\/100 brn\n|\n|-damage|p2a: Kommo-o|55\/100 brn|[from] brn\n|upkeep\n|turn|4\n|\n|t:|1700411697\n|move|p1a: Banette|Encore|p2a: Kommo-o\n|-start|p2a: Kommo-o|Encore\n|move|p2a: Kommo-o|Clangorous Soul|p2a: Kommo-o\n|-boost|p2a: Kommo-o|atk|1\n|-boost|p2a: Kommo-o|def|1\n|-boost|p2a: Kommo-o|spa|1\n|-boost|p2a: Kommo-o|spd|1\n|-boost|p2a: Kommo-o|spe|1\n|-damage|p2a: Kommo-o|22\/100 brn\n|\n|-damage|p2a: Kommo-o|16\/100 brn|[from] brn\n|upkeep\n|turn|5\n|\n|t:|1700411701\n|move|p2a: Kommo-o|Clangorous Soul||[still]\n|-fail|p2a: Kommo-o\n|move|p1a: Banette|Poltergeist||[still]\n|-fail|p1a: Banette\n|\n|-damage|p2a: Kommo-o|10\/100 brn|[from] brn\n|upkeep\n|turn|6\n|\n|t:|1700411713\n|move|p1a: Banette|Will-O-Wisp|p2a: Kommo-o\n|-fail|p2a: Kommo-o|brn\n|move|p2a: Kommo-o|Clangorous Soul||[still]\n|-fail|p2a: Kommo-o\n|\n|-damage|p2a: Kommo-o|4\/100 brn|[from] brn\n|-end|p2a: Kommo-o|Encore\n|upkeep\n|turn|7\n|\n|t:|1700411718\n|move|p1a: Banette|Encore|p2a: Kommo-o\n|-start|p2a: Kommo-o|Encore\n|move|p2a: Kommo-o|Clangorous Soul||[still]\n|-fail|p2a: Kommo-o\n|\n|-damage|p2a: Kommo-o|0 fnt|[from] brn\n|faint|p2a: Kommo-o\n|upkeep\n|-message|yueyibu forfeited.\n|\n|win|Malexrocks\n|raw|Malexrocks's rating: 1151 &rarr; <strong>1180<\/strong><br \/>(+29 for winning)\n|raw|yueyibu's rating: 1211 &rarr; <strong>1182<\/strong><br \/>(-29 for losing)\n|l|\u2606yueyibu\n","uploadtime":1700411729,"views":7,"p1id":"malexrocks","p2id":"yueyibu","formatid":"gen9nationaldex","rating":1180,"private":0,"password":""}