{"id":"gen9nationaldex-1998785972","p1":"congpizza","p2":"Dr Allen Hu","format":"[Gen 9] National Dex","log":"|html|<div class=\"broadcast-blue\"><strong>[Gen 9] National Dex is currently suspecting Sneasler! For information on how to participate check out the <a href=\"https:\/\/www.smogon.com\/forums\/threads\/sv-national-dex-suspect-8-just-dance.3731534\/\">suspect thread<\/a>.<\/strong><\/div>\n|j|\u2606congpizza\n|j|\u2606Dr Allen Hu\n|t:|1700990538\n|gametype|singles\n|player|p1|congpizza|dawn|1206\n|player|p2|Dr Allen Hu|101|1099\n|teamsize|p1|6\n|teamsize|p2|6\n|gen|9\n|tier|[Gen 9] National Dex\n|rated|\n|rule|HP Percentage Mod: HP is shown in percentages\n|rule|Endless Battle Clause: Forcing endless battles is banned\n|rule|OHKO Clause: OHKO moves are banned\n|rule|Evasion Clause: Evasion abilities, items, and moves are banned\n|rule|Evasion Abilities Clause: Evasion abilities are banned\n|rule|Evasion Items Clause: Evasion items are banned\n|rule|Evasion Moves Clause: Evasion moves are banned\n|rule|Species Clause: Limit one of each Pok\u00e9mon\n|rule|Sleep Clause Mod: Limit one foe put to sleep\n|clearpoke\n|poke|p1|Pelipper, F|\n|poke|p1|Greninja-*, M|\n|poke|p1|Swampert, F|\n|poke|p1|Ferrothorn, M|\n|poke|p1|Overqwil, F|\n|poke|p1|Zapdos|\n|poke|p2|Clodsire, M|\n|poke|p2|Alomomola, F|\n|poke|p2|Toxapex, M|\n|poke|p2|Ferrothorn, F|\n|poke|p2|Tyranitar, F|\n|poke|p2|Torkoal, M|\n|teampreview\n|inactive|Battle timer is ON: inactive players will automatically lose when time's up. (requested by Dr Allen Hu)\n|inactive|congpizza also wants the timer to be on.\n|\n|t:|1700990560\n|start\n|switch|p1a: \u80cc\u9762\u6218\u795e\u6b63\u9762\u6076\u5fc3|Ferrothorn, M|100\/100\n|switch|p2a: Tyranitar|Tyranitar, F|100\/100\n|-weather|Sandstorm|[from] ability: Sand Stream|[of] p2a: Tyranitar\n|turn|1\n|\n|t:|1700990571\n|detailschange|p2a: Tyranitar|Tyranitar-Mega, F\n|-mega|p2a: Tyranitar|Tyranitar|Tyranitarite\n|move|p2a: Tyranitar|Stealth Rock|p1a: \u80cc\u9762\u6218\u795e\u6b63\u9762\u6076\u5fc3\n|-sidestart|p1: congpizza|move: Stealth Rock\n|move|p1a: \u80cc\u9762\u6218\u795e\u6b63\u9762\u6076\u5fc3|Stealth Rock|p2a: Tyranitar\n|-sidestart|p2: Dr Allen Hu|move: Stealth Rock\n|\n|-weather|Sandstorm|[upkeep]\n|upkeep\n|turn|2\n|\n|t:|1700990585\n|move|p2a: Tyranitar|Sand Tomb|p1a: \u80cc\u9762\u6218\u795e\u6b63\u9762\u6076\u5fc3\n|-damage|p1a: \u80cc\u9762\u6218\u795e\u6b63\u9762\u6076\u5fc3|92\/100\n|-activate|p1a: \u80cc\u9762\u6218\u795e\u6b63\u9762\u6076\u5fc3|move: Sand Tomb|[of] p2a: Tyranitar\n|move|p1a: \u80cc\u9762\u6218\u795e\u6b63\u9762\u6076\u5fc3|Gyro Ball|p2a: Tyranitar\n|-supereffective|p2a: Tyranitar\n|-damage|p2a: Tyranitar|57\/100\n|\n|-weather|Sandstorm|[upkeep]\n|-damage|p1a: \u80cc\u9762\u6218\u795e\u6b63\u9762\u6076\u5fc3|79\/100|[from] move: Sand Tomb|[partiallytrapped]\n|upkeep\n|turn|3\n|\n|t:|1700990591\n|switch|p2a: Torkoal|Torkoal, M|100\/100\n|-damage|p2a: Torkoal|75\/100|[from] Stealth Rock\n|move|p1a: \u80cc\u9762\u6218\u795e\u6b63\u9762\u6076\u5fc3|Gyro Ball|p2a: Torkoal\n|-resisted|p2a: Torkoal\n|-damage|p2a: Torkoal|71\/100\n|\n|-weather|Sandstorm|[upkeep]\n|-damage|p2a: Torkoal|65\/100|[from] Sandstorm\n|-heal|p2a: Torkoal|71\/100|[from] item: Leftovers\n|-end|p1a: \u80cc\u9762\u6218\u795e\u6b63\u9762\u6076\u5fc3|Sand Tomb|[partiallytrapped]|[silent]\n|upkeep\n|turn|4\n|\n|t:|1700990594\n|switch|p1a: \u76d6\u9e25\u5361|Pelipper, F|100\/100\n|-damage|p1a: \u76d6\u9e25\u5361|76\/100|[from] Stealth Rock\n|-weather|RainDance|[from] ability: Drizzle|[of] p1a: \u76d6\u9e25\u5361\n|move|p2a: Torkoal|Will-O-Wisp|p1a: \u76d6\u9e25\u5361\n|-status|p1a: \u76d6\u9e25\u5361|brn\n|\n|-weather|RainDance|[upkeep]\n|-heal|p2a: Torkoal|78\/100|[from] item: Leftovers\n|-damage|p1a: \u76d6\u9e25\u5361|70\/100 brn|[from] brn\n|upkeep\n|turn|5\n|\n|t:|1700990602\n|switch|p2a: Ferrothorn|Ferrothorn, F|100\/100\n|-damage|p2a: Ferrothorn|94\/100|[from] Stealth Rock\n|move|p1a: \u76d6\u9e25\u5361|U-turn|p2a: Ferrothorn\n|-damage|p2a: Ferrothorn|92\/100\n|-damage|p1a: \u76d6\u9e25\u5361|57\/100 brn|[from] ability: Iron Barbs|[of] p2a: Ferrothorn\n|-damage|p1a: \u76d6\u9e25\u5361|41\/100 brn|[from] item: Rocky Helmet|[of] p2a: Ferrothorn\n|\n|t:|1700990618\n|switch|p1a: \u65e0\u654c\u7684\u516d\u8fb9\u5f62|Swampert, F|100\/100|[from] U-turn\n|-damage|p1a: \u65e0\u654c\u7684\u516d\u8fb9\u5f62|94\/100|[from] Stealth Rock\n|\n|-weather|RainDance|[upkeep]\n|upkeep\n|turn|6\n|\n|t:|1700990629\n|detailschange|p1a: \u65e0\u654c\u7684\u516d\u8fb9\u5f62|Swampert-Mega, F\n|-mega|p1a: \u65e0\u654c\u7684\u516d\u8fb9\u5f62|Swampert|Swampertite\n|move|p1a: \u65e0\u654c\u7684\u516d\u8fb9\u5f62|Earthquake|p2a: Ferrothorn\n|-damage|p2a: Ferrothorn|52\/100\n|move|p2a: Ferrothorn|Leech Seed|p1a: \u65e0\u654c\u7684\u516d\u8fb9\u5f62\n|-start|p1a: \u65e0\u654c\u7684\u516d\u8fb9\u5f62|move: Leech Seed\n|\n|-weather|RainDance|[upkeep]\n|-damage|p1a: \u65e0\u654c\u7684\u516d\u8fb9\u5f62|82\/100|[from] Leech Seed|[of] p2a: Ferrothorn\n|-heal|p2a: Ferrothorn|64\/100|[silent]\n|upkeep\n|turn|7\n|\n|t:|1700990637\n|switch|p1a: \u4f60\u9e1f\u54e5\u8fd8\u662f\u4f60\u9e1f\u54e5|Zapdos|100\/100\n|move|p2a: Ferrothorn|Toxic|p1a: \u4f60\u9e1f\u54e5\u8fd8\u662f\u4f60\u9e1f\u54e5\n|-status|p1a: \u4f60\u9e1f\u54e5\u8fd8\u662f\u4f60\u9e1f\u54e5|tox\n|\n|-weather|RainDance|[upkeep]\n|-damage|p1a: \u4f60\u9e1f\u54e5\u8fd8\u662f\u4f60\u9e1f\u54e5|94\/100 tox|[from] psn\n|upkeep\n|turn|8\n|\n|t:|1700990644\n|-terastallize|p2a: Ferrothorn|Dragon\n|move|p1a: \u4f60\u9e1f\u54e5\u8fd8\u662f\u4f60\u9e1f\u54e5|Hurricane|p2a: Ferrothorn\n|-damage|p2a: Ferrothorn|11\/100\n|move|p2a: Ferrothorn|Leech Seed|p1a: \u4f60\u9e1f\u54e5\u8fd8\u662f\u4f60\u9e1f\u54e5\n|-start|p1a: \u4f60\u9e1f\u54e5\u8fd8\u662f\u4f60\u9e1f\u54e5|move: Leech Seed\n|\n|-weather|RainDance|[upkeep]\n|-damage|p1a: \u4f60\u9e1f\u54e5\u8fd8\u662f\u4f60\u9e1f\u54e5|82\/100 tox|[from] Leech Seed|[of] p2a: Ferrothorn\n|-heal|p2a: Ferrothorn|23\/100|[silent]\n|-damage|p1a: \u4f60\u9e1f\u54e5\u8fd8\u662f\u4f60\u9e1f\u54e5|69\/100 tox|[from] psn\n|upkeep\n|turn|9\n|\n|t:|1700990654\n|switch|p1a: \u4efb\u4f55\u7329\u7329\uff0c\u7ec8\u5c06\u7ef3\u4e4b\u4ee5\u6cd5\uff01|Overqwil, F|100\/100\n|-damage|p1a: \u4efb\u4f55\u7329\u7329\uff0c\u7ec8\u5c06\u7ef3\u4e4b\u4ee5\u6cd5\uff01|88\/100|[from] Stealth Rock\n|switch|p2a: Tyranitar|Tyranitar-Mega, F|57\/100\n|-damage|p2a: Tyranitar|45\/100|[from] Stealth Rock\n|-weather|Sandstorm|[from] ability: Sand Stream|[of] p2a: Tyranitar\n|\n|-weather|Sandstorm|[upkeep]\n|-damage|p1a: \u4efb\u4f55\u7329\u7329\uff0c\u7ec8\u5c06\u7ef3\u4e4b\u4ee5\u6cd5\uff01|82\/100|[from] Sandstorm\n|upkeep\n|turn|10\n|\n|t:|1700990667\n|move|p1a: \u4efb\u4f55\u7329\u7329\uff0c\u7ec8\u5c06\u7ef3\u4e4b\u4ee5\u6cd5\uff01|Liquidation|p2a: Tyranitar\n|-supereffective|p2a: Tyranitar\n|-damage|p2a: Tyranitar|12\/100\n|move|p2a: Tyranitar|Sand Tomb|p1a: \u4efb\u4f55\u7329\u7329\uff0c\u7ec8\u5c06\u7ef3\u4e4b\u4ee5\u6cd5\uff01\n|-supereffective|p1a: \u4efb\u4f55\u7329\u7329\uff0c\u7ec8\u5c06\u7ef3\u4e4b\u4ee5\u6cd5\uff01\n|-damage|p1a: \u4efb\u4f55\u7329\u7329\uff0c\u7ec8\u5c06\u7ef3\u4e4b\u4ee5\u6cd5\uff01|53\/100\n|-activate|p1a: \u4efb\u4f55\u7329\u7329\uff0c\u7ec8\u5c06\u7ef3\u4e4b\u4ee5\u6cd5\uff01|move: Sand Tomb|[of] p2a: Tyranitar\n|\n|-weather|Sandstorm|[upkeep]\n|-damage|p1a: \u4efb\u4f55\u7329\u7329\uff0c\u7ec8\u5c06\u7ef3\u4e4b\u4ee5\u6cd5\uff01|46\/100|[from] Sandstorm\n|-damage|p1a: \u4efb\u4f55\u7329\u7329\uff0c\u7ec8\u5c06\u7ef3\u4e4b\u4ee5\u6cd5\uff01|34\/100|[from] move: Sand Tomb|[partiallytrapped]\n|upkeep\n|turn|11\n|\n|t:|1700990677\n|switch|p2a: Alomomola|Alomomola, F|100\/100\n|-damage|p2a: Alomomola|88\/100|[from] Stealth Rock\n|move|p1a: \u4efb\u4f55\u7329\u7329\uff0c\u7ec8\u5c06\u7ef3\u4e4b\u4ee5\u6cd5\uff01|Liquidation|p2a: Alomomola\n|-resisted|p2a: Alomomola\n|-damage|p2a: Alomomola|80\/100\n|\n|-weather|Sandstorm|[upkeep]\n|-damage|p1a: \u4efb\u4f55\u7329\u7329\uff0c\u7ec8\u5c06\u7ef3\u4e4b\u4ee5\u6cd5\uff01|28\/100|[from] Sandstorm\n|-damage|p2a: Alomomola|74\/100|[from] Sandstorm\n|-heal|p2a: Alomomola|80\/100|[from] item: Leftovers\n|-end|p1a: \u4efb\u4f55\u7329\u7329\uff0c\u7ec8\u5c06\u7ef3\u4e4b\u4ee5\u6cd5\uff01|Sand Tomb|[partiallytrapped]|[silent]\n|upkeep\n|turn|12\n|\n|t:|1700990684\n|switch|p1a: \u76d6\u9e25\u5361|Pelipper, F|41\/100 brn\n|-damage|p1a: \u76d6\u9e25\u5361|16\/100 brn|[from] Stealth Rock\n|-weather|RainDance|[from] ability: Drizzle|[of] p1a: \u76d6\u9e25\u5361\n|move|p2a: Alomomola|Flip Turn|p1a: \u76d6\u9e25\u5361\n|-resisted|p1a: \u76d6\u9e25\u5361\n|-damage|p1a: \u76d6\u9e25\u5361|4\/100 brn\n|\n|t:|1700990701\n|switch|p2a: Tyranitar|Tyranitar-Mega, F|12\/100|[from] Flip Turn\n|-damage|p2a: Tyranitar|0 fnt|[from] Stealth Rock\n|faint|p2a: Tyranitar\n|\n|-weather|RainDance|[upkeep]\n|-damage|p1a: \u76d6\u9e25\u5361|0 fnt|[from] brn\n|faint|p1a: \u76d6\u9e25\u5361\n|upkeep\n|\n|t:|1700990715\n|switch|p2a: Alomomola|Alomomola, F|100\/100\n|switch|p1a: \u65e0\u654c\u7684\u516d\u8fb9\u5f62|Swampert-Mega, F|82\/100\n|-damage|p1a: \u65e0\u654c\u7684\u516d\u8fb9\u5f62|76\/100|[from] Stealth Rock\n|-damage|p2a: Alomomola|88\/100|[from] Stealth Rock\n|turn|13\n|\n|t:|1700990732\n|move|p1a: \u65e0\u654c\u7684\u516d\u8fb9\u5f62|Earthquake|p2a: Alomomola\n|-damage|p2a: Alomomola|56\/100\n|move|p2a: Alomomola|Toxic|p1a: \u65e0\u654c\u7684\u516d\u8fb9\u5f62\n|-status|p1a: \u65e0\u654c\u7684\u516d\u8fb9\u5f62|tox\n|\n|-weather|RainDance|[upkeep]\n|-heal|p2a: Alomomola|62\/100|[from] item: Leftovers\n|-damage|p1a: \u65e0\u654c\u7684\u516d\u8fb9\u5f62|70\/100 tox|[from] psn\n|upkeep\n|turn|14\n|\n|t:|1700990742\n|move|p2a: Alomomola|Protect|p2a: Alomomola\n|-singleturn|p2a: Alomomola|Protect\n|move|p1a: \u65e0\u654c\u7684\u516d\u8fb9\u5f62|Flip Turn|p2a: Alomomola\n|-activate|p2a: Alomomola|move: Protect\n|\n|-weather|RainDance|[upkeep]\n|-heal|p2a: Alomomola|68\/100|[from] item: Leftovers\n|-damage|p1a: \u65e0\u654c\u7684\u516d\u8fb9\u5f62|58\/100 tox|[from] psn\n|upkeep\n|turn|15\n|\n|t:|1700990755\n|move|p1a: \u65e0\u654c\u7684\u516d\u8fb9\u5f62|Flip Turn|p2a: Alomomola\n|-resisted|p2a: Alomomola\n|-damage|p2a: Alomomola|54\/100\n|\n|t:|1700990759\n|switch|p1a: \u4efb\u4f55\u7329\u7329\uff0c\u7ec8\u5c06\u7ef3\u4e4b\u4ee5\u6cd5\uff01|Overqwil, F|28\/100|[from] Flip Turn\n|-damage|p1a: \u4efb\u4f55\u7329\u7329\uff0c\u7ec8\u5c06\u7ef3\u4e4b\u4ee5\u6cd5\uff01|16\/100|[from] Stealth Rock\n|move|p2a: Alomomola|Wish|p2a: Alomomola\n|\n|-weather|RainDance|[upkeep]\n|-heal|p2a: Alomomola|60\/100|[from] item: Leftovers\n|upkeep\n|turn|16\n|\n|t:|1700990775\n|-zpower|p1a: \u4efb\u4f55\u7329\u7329\uff0c\u7ec8\u5c06\u7ef3\u4e4b\u4ee5\u6cd5\uff01\n|move|p1a: \u4efb\u4f55\u7329\u7329\uff0c\u7ec8\u5c06\u7ef3\u4e4b\u4ee5\u6cd5\uff01|Black Hole Eclipse|p2a: Alomomola|[zeffect]\n|-damage|p2a: Alomomola|15\/100\n|move|p2a: Alomomola|Flip Turn|p1a: \u4efb\u4f55\u7329\u7329\uff0c\u7ec8\u5c06\u7ef3\u4e4b\u4ee5\u6cd5\uff01\n|-damage|p1a: \u4efb\u4f55\u7329\u7329\uff0c\u7ec8\u5c06\u7ef3\u4e4b\u4ee5\u6cd5\uff01|0 fnt\n|faint|p1a: \u4efb\u4f55\u7329\u7329\uff0c\u7ec8\u5c06\u7ef3\u4e4b\u4ee5\u6cd5\uff01\n|\n|t:|1700990786\n|switch|p2a: Ferrothorn|Ferrothorn, F, tera:Dragon|23\/100|[from] Flip Turn\n|-damage|p2a: Ferrothorn|10\/100|[from] Stealth Rock\n|\n|-weather|RainDance|[upkeep]\n|-heal|p2a: Ferrothorn|86\/100|[from] move: Wish|[wisher] Alomomola\n|upkeep\n|\n|t:|1700990792\n|switch|p1a: \u65e0\u654c\u7684\u516d\u8fb9\u5f62|Swampert-Mega, F|58\/100 tox\n|-damage|p1a: \u65e0\u654c\u7684\u516d\u8fb9\u5f62|51\/100 tox|[from] Stealth Rock\n|turn|17\n|\n|t:|1700990807\n|move|p1a: \u65e0\u654c\u7684\u516d\u8fb9\u5f62|Ice Punch|p2a: Ferrothorn\n|-supereffective|p2a: Ferrothorn\n|-damage|p2a: Ferrothorn|48\/100\n|-damage|p1a: \u65e0\u654c\u7684\u516d\u8fb9\u5f62|39\/100 tox|[from] ability: Iron Barbs|[of] p2a: Ferrothorn\n|-damage|p1a: \u65e0\u654c\u7684\u516d\u8fb9\u5f62|22\/100 tox|[from] item: Rocky Helmet|[of] p2a: Ferrothorn\n|move|p2a: Ferrothorn|Leech Seed|p1a: \u65e0\u654c\u7684\u516d\u8fb9\u5f62\n|-start|p1a: \u65e0\u654c\u7684\u516d\u8fb9\u5f62|move: Leech Seed\n|\n|-weather|RainDance|[upkeep]\n|-damage|p1a: \u65e0\u654c\u7684\u516d\u8fb9\u5f62|10\/100 tox|[from] Leech Seed|[of] p2a: Ferrothorn\n|-heal|p2a: Ferrothorn|60\/100|[silent]\n|-damage|p1a: \u65e0\u654c\u7684\u516d\u8fb9\u5f62|4\/100 tox|[from] psn\n|upkeep\n|turn|18\n|\n|t:|1700990815\n|switch|p1a: \u80cc\u9762\u6218\u795e\u6b63\u9762\u6076\u5fc3|Ferrothorn, M|79\/100\n|-damage|p1a: \u80cc\u9762\u6218\u795e\u6b63\u9762\u6076\u5fc3|73\/100|[from] Stealth Rock\n|switch|p2a: Toxapex|Toxapex, M|100\/100\n|-damage|p2a: Toxapex|88\/100|[from] Stealth Rock\n|\n|-weather|RainDance|[upkeep]\n|-heal|p2a: Toxapex|94\/100|[from] item: Leftovers\n|upkeep\n|turn|19\n|\n|t:|1700990821\n|move|p2a: Toxapex|Infestation|p1a: \u80cc\u9762\u6218\u795e\u6b63\u9762\u6076\u5fc3\n|-damage|p1a: \u80cc\u9762\u6218\u795e\u6b63\u9762\u6076\u5fc3|70\/100\n|-activate|p1a: \u80cc\u9762\u6218\u795e\u6b63\u9762\u6076\u5fc3|move: Infestation|[of] p2a: Toxapex\n|-damage|p2a: Toxapex|82\/100|[from] ability: Iron Barbs|[of] p1a: \u80cc\u9762\u6218\u795e\u6b63\u9762\u6076\u5fc3\n|move|p1a: \u80cc\u9762\u6218\u795e\u6b63\u9762\u6076\u5fc3|Gyro Ball|p2a: Toxapex\n|-resisted|p2a: Toxapex\n|-damage|p2a: Toxapex|76\/100\n|\n|-weather|none\n|-heal|p2a: Toxapex|82\/100|[from] item: Leftovers\n|-damage|p1a: \u80cc\u9762\u6218\u795e\u6b63\u9762\u6076\u5fc3|58\/100|[from] move: Infestation|[partiallytrapped]\n|upkeep\n|turn|20\n|\n|t:|1700990829\n|move|p2a: Toxapex|Baneful Bunker|p2a: Toxapex\n|-singleturn|p2a: Toxapex|move: Protect\n|move|p1a: \u80cc\u9762\u6218\u795e\u6b63\u9762\u6076\u5fc3|Spikes|p2a: Toxapex\n|-sidestart|p2: Dr Allen Hu|Spikes\n|\n|-heal|p2a: Toxapex|88\/100|[from] item: Leftovers\n|-damage|p1a: \u80cc\u9762\u6218\u795e\u6b63\u9762\u6076\u5fc3|46\/100|[from] move: Infestation|[partiallytrapped]\n|upkeep\n|turn|21\n|\n|t:|1700990832\n|move|p2a: Toxapex|Recover|p2a: Toxapex\n|-heal|p2a: Toxapex|100\/100\n|move|p1a: \u80cc\u9762\u6218\u795e\u6b63\u9762\u6076\u5fc3|Spikes|p2a: Toxapex\n|-sidestart|p2: Dr Allen Hu|Spikes\n|\n|-damage|p1a: \u80cc\u9762\u6218\u795e\u6b63\u9762\u6076\u5fc3|33\/100|[from] move: Infestation|[partiallytrapped]\n|upkeep\n|turn|22\n|\n|t:|1700990835\n|move|p2a: Toxapex|Infestation|p1a: \u80cc\u9762\u6218\u795e\u6b63\u9762\u6076\u5fc3\n|-damage|p1a: \u80cc\u9762\u6218\u795e\u6b63\u9762\u6076\u5fc3|31\/100\n|-damage|p2a: Toxapex|88\/100|[from] ability: Iron Barbs|[of] p1a: \u80cc\u9762\u6218\u795e\u6b63\u9762\u6076\u5fc3\n|move|p1a: \u80cc\u9762\u6218\u795e\u6b63\u9762\u6076\u5fc3|Spikes|p2a: Toxapex\n|-sidestart|p2: Dr Allen Hu|Spikes\n|\n|-heal|p2a: Toxapex|94\/100|[from] item: Leftovers\n|-damage|p1a: \u80cc\u9762\u6218\u795e\u6b63\u9762\u6076\u5fc3|18\/100|[from] move: Infestation|[partiallytrapped]\n|upkeep\n|turn|23\n|\n|t:|1700990840\n|move|p2a: Toxapex|Infestation|p1a: \u80cc\u9762\u6218\u795e\u6b63\u9762\u6076\u5fc3\n|-damage|p1a: \u80cc\u9762\u6218\u795e\u6b63\u9762\u6076\u5fc3|16\/100\n|-damage|p2a: Toxapex|82\/100|[from] ability: Iron Barbs|[of] p1a: \u80cc\u9762\u6218\u795e\u6b63\u9762\u6076\u5fc3\n|move|p1a: \u80cc\u9762\u6218\u795e\u6b63\u9762\u6076\u5fc3|Power Whip|p2a: Toxapex\n|-damage|p2a: Toxapex|57\/100\n|\n|-heal|p2a: Toxapex|63\/100|[from] item: Leftovers\n|-end|p1a: \u80cc\u9762\u6218\u795e\u6b63\u9762\u6076\u5fc3|Infestation|[partiallytrapped]\n|upkeep\n|turn|24\n|\n|t:|1700990851\n|switch|p1a: \u65e0\u654c\u7684\u516d\u8fb9\u5f62|Swampert-Mega, F|4\/100 tox\n|-damage|p1a: \u65e0\u654c\u7684\u516d\u8fb9\u5f62|0 fnt|[from] Stealth Rock\n|faint|p1a: \u65e0\u654c\u7684\u516d\u8fb9\u5f62\n|move|p2a: Toxapex|Infestation|p1: \u65e0\u654c\u7684\u516d\u8fb9\u5f62|[notarget]\n|-fail|p2a: Toxapex\n|\n|-heal|p2a: Toxapex|70\/100|[from] item: Leftovers\n|upkeep\n|\n|t:|1700990860\n|switch|p1a: \u4f60\u9e1f\u54e5\u8fd8\u662f\u4f60\u9e1f\u54e5|Zapdos|69\/100 tox\n|turn|25\n|\n|t:|1700990873\n|switch|p2a: Clodsire|Clodsire, M|100\/100\n|-damage|p2a: Clodsire|94\/100|[from] Stealth Rock\n|-damage|p2a: Clodsire|69\/100|[from] Spikes\n|move|p1a: \u4f60\u9e1f\u54e5\u8fd8\u662f\u4f60\u9e1f\u54e5|Thunderbolt|p2a: Clodsire\n|-immune|p2a: Clodsire\n|\n|-heal|p2a: Clodsire|75\/100|[from] item: Leftovers\n|-damage|p1a: \u4f60\u9e1f\u54e5\u8fd8\u662f\u4f60\u9e1f\u54e5|63\/100 tox|[from] psn\n|upkeep\n|turn|26\n|\n|t:|1700990881\n|move|p2a: Clodsire|Protect|p2a: Clodsire\n|-singleturn|p2a: Clodsire|Protect\n|move|p1a: \u4f60\u9e1f\u54e5\u8fd8\u662f\u4f60\u9e1f\u54e5|Hurricane|p2a: Clodsire\n|-activate|p2a: Clodsire|move: Protect\n|\n|-heal|p2a: Clodsire|82\/100|[from] item: Leftovers\n|-damage|p1a: \u4f60\u9e1f\u54e5\u8fd8\u662f\u4f60\u9e1f\u54e5|51\/100 tox|[from] psn\n|upkeep\n|turn|27\n|\n|t:|1700990887\n|move|p1a: \u4f60\u9e1f\u54e5\u8fd8\u662f\u4f60\u9e1f\u54e5|Hurricane|p2a: Clodsire\n|-damage|p2a: Clodsire|40\/100\n|move|p2a: Clodsire|Recover|p2a: Clodsire\n|-heal|p2a: Clodsire|90\/100\n|\n|-heal|p2a: Clodsire|97\/100|[from] item: Leftovers\n|-damage|p1a: \u4f60\u9e1f\u54e5\u8fd8\u662f\u4f60\u9e1f\u54e5|32\/100 tox|[from] psn\n|upkeep\n|turn|28\n|\n|t:|1700990895\n|move|p2a: Clodsire|Protect|p2a: Clodsire\n|-singleturn|p2a: Clodsire|Protect\n|move|p1a: \u4f60\u9e1f\u54e5\u8fd8\u662f\u4f60\u9e1f\u54e5|Hurricane|p2a: Clodsire\n|-activate|p2a: Clodsire|move: Protect\n|\n|-heal|p2a: Clodsire|100\/100|[from] item: Leftovers\n|-damage|p1a: \u4f60\u9e1f\u54e5\u8fd8\u662f\u4f60\u9e1f\u54e5|7\/100 tox|[from] psn\n|upkeep\n|turn|29\n|\n|t:|1700990903\n|move|p1a: \u4f60\u9e1f\u54e5\u8fd8\u662f\u4f60\u9e1f\u54e5|Roost|p1a: \u4f60\u9e1f\u54e5\u8fd8\u662f\u4f60\u9e1f\u54e5\n|-heal|p1a: \u4f60\u9e1f\u54e5\u8fd8\u662f\u4f60\u9e1f\u54e5|57\/100 tox\n|-singleturn|p1a: \u4f60\u9e1f\u54e5\u8fd8\u662f\u4f60\u9e1f\u54e5|move: Roost\n|move|p2a: Clodsire|Recover||[still]\n|-fail|p2a: Clodsire|heal\n|\n|-damage|p1a: \u4f60\u9e1f\u54e5\u8fd8\u662f\u4f60\u9e1f\u54e5|26\/100 tox|[from] psn\n|upkeep\n|turn|30\n|\n|t:|1700990911\n|switch|p1a: \u80cc\u9762\u6218\u795e\u6b63\u9762\u6076\u5fc3|Ferrothorn, M|16\/100\n|-damage|p1a: \u80cc\u9762\u6218\u795e\u6b63\u9762\u6076\u5fc3|10\/100|[from] Stealth Rock\n|move|p2a: Clodsire|Protect||[still]\n|-fail|p2a: Clodsire\n|\n|upkeep\n|turn|31\n|\n|t:|1700990921\n|move|p2a: Clodsire|Earthquake|p1a: \u80cc\u9762\u6218\u795e\u6b63\u9762\u6076\u5fc3\n|-damage|p1a: \u80cc\u9762\u6218\u795e\u6b63\u9762\u6076\u5fc3|0 fnt\n|faint|p1a: \u80cc\u9762\u6218\u795e\u6b63\u9762\u6076\u5fc3\n|\n|upkeep\n|\n|t:|1700990924\n|switch|p1a: \u4f60\u9e1f\u54e5\u8fd8\u662f\u4f60\u9e1f\u54e5|Zapdos|26\/100 tox\n|turn|32\n|\n|t:|1700990931\n|move|p2a: Clodsire|Protect|p2a: Clodsire\n|-singleturn|p2a: Clodsire|Protect\n|move|p1a: \u4f60\u9e1f\u54e5\u8fd8\u662f\u4f60\u9e1f\u54e5|Hurricane|p2a: Clodsire\n|-activate|p2a: Clodsire|move: Protect\n|\n|-damage|p1a: \u4f60\u9e1f\u54e5\u8fd8\u662f\u4f60\u9e1f\u54e5|20\/100 tox|[from] psn\n|upkeep\n|turn|33\n|\n|t:|1700990940\n|move|p1a: \u4f60\u9e1f\u54e5\u8fd8\u662f\u4f60\u9e1f\u54e5|Hurricane|p2a: Clodsire\n|-damage|p2a: Clodsire|59\/100\n|-start|p2a: Clodsire|confusion\n|-activate|p2a: Clodsire|confusion\n|move|p2a: Clodsire|Recover|p2a: Clodsire\n|-heal|p2a: Clodsire|100\/100\n|\n|-damage|p1a: \u4f60\u9e1f\u54e5\u8fd8\u662f\u4f60\u9e1f\u54e5|8\/100 tox|[from] psn\n|upkeep\n|turn|34\n|\n|t:|1700990948\n|-activate|p2a: Clodsire|confusion\n|move|p2a: Clodsire|Protect|p2a: Clodsire\n|-singleturn|p2a: Clodsire|Protect\n|move|p1a: \u4f60\u9e1f\u54e5\u8fd8\u662f\u4f60\u9e1f\u54e5|Hurricane|p2a: Clodsire\n|-activate|p2a: Clodsire|move: Protect\n|\n|-damage|p1a: \u4f60\u9e1f\u54e5\u8fd8\u662f\u4f60\u9e1f\u54e5|0 fnt|[from] psn\n|faint|p1a: \u4f60\u9e1f\u54e5\u8fd8\u662f\u4f60\u9e1f\u54e5\n|upkeep\n|\n|t:|1700990951\n|switch|p1a: \u86d9\u54e5\u6c34\u70ae\u4ece\u4e0dmiss|Greninja, M|100\/100\n|-damage|p1a: \u86d9\u54e5\u6c34\u70ae\u4ece\u4e0dmiss|88\/100|[from] Stealth Rock\n|turn|35\n|-message|Dr Allen Hu forfeited.\n|\n|win|congpizza\n|raw|congpizza's rating: 1206 &rarr; <strong>1224<\/strong><br \/>(+18 for winning)\n|raw|Dr Allen Hu's rating: 1099 &rarr; <strong>1082<\/strong><br \/>(-17 for losing)\n|l|\u2606Dr Allen Hu\n","uploadtime":1700990968,"views":4,"p1id":"congpizza","p2id":"drallenhu","formatid":"gen9nationaldex","rating":1082,"private":0,"password":""}