{"id":"gen9nationaldex-1999497183","p1":"qintian","p2":"VK Kassa","format":"[Gen 9] National Dex","log":"|html|<div class=\"broadcast-blue\"><strong>[Gen 9] National Dex is currently suspecting Sneasler! For information on how to participate check out the <a href=\"https:\/\/www.smogon.com\/forums\/threads\/sv-national-dex-suspect-8-just-dance.3731534\/\">suspect thread<\/a>.<\/strong><\/div>\n|j|\u2606qintian\n|j|\u2606VK Kassa\n|t:|1701089155\n|gametype|singles\n|player|p1|qintian|n|1559\n|player|p2|VK Kassa|skyla|1498\n|teamsize|p1|6\n|teamsize|p2|6\n|gen|9\n|tier|[Gen 9] National Dex\n|rated|\n|rule|HP Percentage Mod: HP is shown in percentages\n|rule|Endless Battle Clause: Forcing endless battles is banned\n|rule|OHKO Clause: OHKO moves are banned\n|rule|Evasion Clause: Evasion abilities, items, and moves are banned\n|rule|Evasion Abilities Clause: Evasion abilities are banned\n|rule|Evasion Items Clause: Evasion items are banned\n|rule|Evasion Moves Clause: Evasion moves are banned\n|rule|Species Clause: Limit one of each Pok\u00e9mon\n|rule|Sleep Clause Mod: Limit one foe put to sleep\n|clearpoke\n|poke|p1|Garganacl, F|\n|poke|p1|Tapu Koko|\n|poke|p1|Charizard, M|\n|poke|p1|Ting-Lu|\n|poke|p1|Iron Valiant|\n|poke|p1|Alomomola, M|\n|poke|p2|Gliscor, F|\n|poke|p2|Alomomola, M|\n|poke|p2|Garganacl, M|\n|poke|p2|Aegislash, M|\n|poke|p2|Scizor, M|\n|poke|p2|Skeledirge, F|\n|teampreview\n|inactive|Battle timer is ON: inactive players will automatically lose when time's up. (requested by VK Kassa)\n|\n|t:|1701089178\n|start\n|switch|p1a: Tapu Koko|Tapu Koko|100\/100\n|switch|p2a: Gliscor|Gliscor, F|100\/100\n|-fieldstart|move: Electric Terrain|[from] ability: Electric Surge|[of] p1a: Tapu Koko\n|turn|1\n|\n|t:|1701089184\n|move|p2a: Gliscor|Protect|p2a: Gliscor\n|-singleturn|p2a: Gliscor|Protect\n|move|p1a: Tapu Koko|Taunt|p2a: Gliscor\n|-activate|p2a: Gliscor|move: Protect\n|\n|-status|p2a: Gliscor|tox|[from] item: Toxic Orb\n|upkeep\n|turn|2\n|\n|t:|1701089189\n|switch|p1a: Ting-Lu|Ting-Lu|100\/100\n|-ability|p1a: Ting-Lu|Vessel of Ruin\n|move|p2a: Gliscor|U-turn|p1a: Ting-Lu\n|-supereffective|p1a: Ting-Lu\n|-damage|p1a: Ting-Lu|84\/100\n|\n|t:|1701089199\n|switch|p2a: Alomomola|Alomomola, M|100\/100|[from] U-turn\n|\n|-heal|p1a: Ting-Lu|90\/100|[from] item: Leftovers\n|upkeep\n|turn|3\n|\n|t:|1701089208\n|switch|p1a: Garganacl|Garganacl, F|100\/100\n|move|p2a: Alomomola|Toxic|p1a: Garganacl\n|-immune|p1a: Garganacl|[from] ability: Purifying Salt\n|\n|upkeep\n|turn|4\n|\n|t:|1701089212\n|move|p2a: Alomomola|Flip Turn|p1a: Garganacl\n|-supereffective|p1a: Garganacl\n|-damage|p1a: Garganacl|83\/100\n|\n|t:|1701089219\n|switch|p2a: Gliscor|Gliscor, F|100\/100 tox|[from] Flip Turn\n|move|p1a: Garganacl|Substitute|p1a: Garganacl\n|-start|p1a: Garganacl|Substitute\n|-damage|p1a: Garganacl|58\/100\n|\n|-heal|p1a: Garganacl|64\/100|[from] item: Leftovers\n|upkeep\n|turn|5\n|\n|t:|1701089228\n|move|p2a: Gliscor|Earthquake|p1a: Garganacl\n|-supereffective|p1a: Garganacl\n|-end|p1a: Garganacl|Substitute\n|move|p1a: Garganacl|Salt Cure|p2a: Gliscor\n|-damage|p2a: Gliscor|89\/100 tox\n|-start|p2a: Gliscor|Salt Cure\n|\n|-heal|p1a: Garganacl|70\/100|[from] item: Leftovers\n|-heal|p2a: Gliscor|100\/100 tox|[from] ability: Poison Heal\n|-damage|p2a: Gliscor|88\/100 tox|[from] Salt Cure\n|-fieldend|move: Electric Terrain\n|upkeep\n|turn|6\n|\n|t:|1701089233\n|move|p1a: Garganacl|Protect|p1a: Garganacl\n|-singleturn|p1a: Garganacl|Protect\n|move|p2a: Gliscor|Spikes|p1a: Garganacl\n|-sidestart|p1: qintian|Spikes\n|\n|-heal|p1a: Garganacl|76\/100|[from] item: Leftovers\n|-heal|p2a: Gliscor|100\/100 tox|[from] ability: Poison Heal\n|-damage|p2a: Gliscor|88\/100 tox|[from] Salt Cure\n|upkeep\n|turn|7\n|\n|t:|1701089241\n|switch|p1a: Charizard|Charizard, M|100\/100\n|move|p2a: Gliscor|Earthquake|p1a: Charizard\n|-immune|p1a: Charizard\n|\n|-heal|p2a: Gliscor|100\/100 tox|[from] ability: Poison Heal\n|-damage|p2a: Gliscor|88\/100 tox|[from] Salt Cure\n|upkeep\n|turn|8\n|\n|t:|1701089248\n|detailschange|p1a: Charizard|Charizard-Mega-Y, M\n|-mega|p1a: Charizard|Charizard|Charizardite Y\n|-weather|SunnyDay|[from] ability: Drought|[of] p1a: Charizard\n|move|p2a: Gliscor|Protect|p2a: Gliscor\n|-singleturn|p2a: Gliscor|Protect\n|move|p1a: Charizard|Flamethrower|p2a: Gliscor\n|-activate|p2a: Gliscor|move: Protect\n|\n|-weather|SunnyDay|[upkeep]\n|-heal|p2a: Gliscor|100\/100 tox|[from] ability: Poison Heal\n|-damage|p2a: Gliscor|88\/100 tox|[from] Salt Cure\n|upkeep\n|turn|9\n|\n|t:|1701089255\n|switch|p2a: Garganacl|Garganacl, M|100\/100\n|move|p1a: Charizard|Air Slash|p2a: Garganacl\n|-resisted|p2a: Garganacl\n|-damage|p2a: Garganacl|84\/100\n|\n|-weather|SunnyDay|[upkeep]\n|upkeep\n|turn|10\n|\n|t:|1701089264\n|switch|p1a: Ting-Lu|Ting-Lu|90\/100\n|-damage|p1a: Ting-Lu|78\/100|[from] Spikes\n|-ability|p1a: Ting-Lu|Vessel of Ruin\n|move|p2a: Garganacl|Salt Cure|p1a: Ting-Lu\n|-resisted|p1a: Ting-Lu\n|-damage|p1a: Ting-Lu|74\/100\n|-start|p1a: Ting-Lu|Salt Cure\n|\n|-weather|SunnyDay|[upkeep]\n|-heal|p1a: Ting-Lu|80\/100|[from] item: Leftovers\n|-damage|p1a: Ting-Lu|68\/100|[from] Salt Cure\n|upkeep\n|turn|11\n|\n|t:|1701089269\n|move|p1a: Ting-Lu|Stealth Rock|p2a: Garganacl\n|-sidestart|p2: VK Kassa|move: Stealth Rock\n|move|p2a: Garganacl|Stealth Rock|p1a: Ting-Lu\n|-sidestart|p1: qintian|move: Stealth Rock\n|\n|-weather|SunnyDay|[upkeep]\n|-heal|p1a: Ting-Lu|74\/100|[from] item: Leftovers\n|-damage|p1a: Ting-Lu|62\/100|[from] Salt Cure\n|upkeep\n|turn|12\n|\n|t:|1701089273\n|switch|p2a: Gliscor|Gliscor, F|88\/100 tox\n|-damage|p2a: Gliscor|75\/100 tox|[from] Stealth Rock\n|move|p1a: Ting-Lu|Earthquake|p2a: Gliscor\n|-immune|p2a: Gliscor\n|\n|-weather|none\n|-heal|p1a: Ting-Lu|68\/100|[from] item: Leftovers\n|-heal|p2a: Gliscor|88\/100 tox|[from] ability: Poison Heal\n|-damage|p1a: Ting-Lu|56\/100|[from] Salt Cure\n|upkeep\n|turn|13\n|\n|t:|1701089285\n|switch|p1a: Alomomola|Alomomola, M|100\/100\n|-damage|p1a: Alomomola|88\/100|[from] Spikes\n|-damage|p1a: Alomomola|76\/100|[from] Stealth Rock\n|move|p2a: Gliscor|Spikes|p1a: Alomomola\n|-sidestart|p1: qintian|Spikes\n|\n|-heal|p2a: Gliscor|100\/100 tox|[from] ability: Poison Heal\n|upkeep\n|turn|14\n|\n|t:|1701089292\n|move|p2a: Gliscor|Spikes|p1a: Alomomola\n|-sidestart|p1: qintian|Spikes\n|move|p1a: Alomomola|Flip Turn|p2a: Gliscor\n|-supereffective|p2a: Gliscor\n|-damage|p2a: Gliscor|73\/100 tox\n|\n|t:|1701089297\n|switch|p1a: Tapu Koko|Tapu Koko|100\/100|[from] Flip Turn\n|-fieldstart|move: Electric Terrain|[from] ability: Electric Surge|[of] p1a: Tapu Koko\n|\n|-heal|p2a: Gliscor|86\/100 tox|[from] ability: Poison Heal\n|upkeep\n|turn|15\n|\n|t:|1701089300\n|move|p2a: Gliscor|Protect|p2a: Gliscor\n|-singleturn|p2a: Gliscor|Protect\n|move|p1a: Tapu Koko|Defog|p2a: Gliscor\n|-activate|p2a: Gliscor|move: Protect\n|\n|-heal|p2a: Gliscor|98\/100 tox|[from] ability: Poison Heal\n|upkeep\n|turn|16\n|\n|t:|1701089305\n|move|p1a: Tapu Koko|Defog|p2a: Gliscor\n|-unboost|p2a: Gliscor|evasion|1\n|-sideend|p2: VK Kassa|Stealth Rock|[from] move: Defog|[of] p1a: Tapu Koko\n|-sideend|p1: qintian|Spikes|[from] move: Defog|[of] p1a: Tapu Koko\n|-sideend|p1: qintian|Stealth Rock|[from] move: Defog|[of] p1a: Tapu Koko\n|-fieldend|move: Electric Terrain\n|move|p2a: Gliscor|Earthquake|p1a: Tapu Koko\n|-supereffective|p1a: Tapu Koko\n|-damage|p1a: Tapu Koko|11\/100\n|\n|-heal|p2a: Gliscor|100\/100 tox|[from] ability: Poison Heal\n|upkeep\n|turn|17\n|\n|t:|1701089310\n|move|p1a: Tapu Koko|Taunt|p2a: Gliscor\n|-start|p2a: Gliscor|move: Taunt\n|move|p2a: Gliscor|U-turn|p1a: Tapu Koko\n|-resisted|p1a: Tapu Koko\n|-damage|p1a: Tapu Koko|0 fnt\n|faint|p1a: Tapu Koko\n|\n|t:|1701089318\n|switch|p2a: Alomomola|Alomomola, M|100\/100|[from] U-turn\n|\n|upkeep\n|\n|t:|1701089327\n|switch|p1a: Garganacl|Garganacl, F|76\/100\n|turn|18\n|\n|t:|1701089331\n|-terastallize|p1a: Garganacl|Water\n|move|p2a: Alomomola|Flip Turn|p1a: Garganacl\n|-resisted|p1a: Garganacl\n|-damage|p1a: Garganacl|73\/100\n|\n|t:|1701089338\n|switch|p2a: Gliscor|Gliscor, F|100\/100 tox|[from] Flip Turn\n|move|p1a: Garganacl|Substitute|p1a: Garganacl\n|-start|p1a: Garganacl|Substitute\n|-damage|p1a: Garganacl|48\/100\n|\n|-heal|p1a: Garganacl|54\/100|[from] item: Leftovers\n|upkeep\n|turn|19\n|\n|t:|1701089344\n|move|p2a: Gliscor|Spikes|p1a: Garganacl\n|-sidestart|p1: qintian|Spikes\n|move|p1a: Garganacl|Salt Cure|p2a: Gliscor\n|-damage|p2a: Gliscor|90\/100 tox\n|-start|p2a: Gliscor|Salt Cure\n|\n|-heal|p1a: Garganacl|60\/100|[from] item: Leftovers\n|-heal|p2a: Gliscor|100\/100 tox|[from] ability: Poison Heal\n|-damage|p2a: Gliscor|88\/100 tox|[from] Salt Cure\n|upkeep\n|turn|20\n|\n|t:|1701089348\n|move|p2a: Gliscor|U-turn|p1a: Garganacl\n|-activate|p1a: Garganacl|move: Substitute|[damage]\n|\n|t:|1701089351\n|switch|p2a: Alomomola|Alomomola, M|100\/100|[from] U-turn\n|move|p1a: Garganacl|Salt Cure|p2a: Alomomola\n|-damage|p2a: Alomomola|93\/100\n|-start|p2a: Alomomola|Salt Cure\n|\n|-heal|p1a: Garganacl|66\/100|[from] item: Leftovers\n|-damage|p2a: Alomomola|68\/100|[from] Salt Cure\n|upkeep\n|turn|21\n|\n|t:|1701089357\n|move|p2a: Alomomola|Flip Turn|p1a: Garganacl\n|-resisted|p1a: Garganacl\n|-activate|p1a: Garganacl|move: Substitute|[damage]\n|\n|t:|1701089360\n|switch|p2a: Gliscor|Gliscor, F|88\/100 tox|[from] Flip Turn\n|move|p1a: Garganacl|Salt Cure|p2a: Gliscor\n|-damage|p2a: Gliscor|78\/100 tox\n|-start|p2a: Gliscor|Salt Cure\n|\n|-heal|p1a: Garganacl|72\/100|[from] item: Leftovers\n|-heal|p2a: Gliscor|90\/100 tox|[from] ability: Poison Heal\n|-damage|p2a: Gliscor|78\/100 tox|[from] Salt Cure\n|upkeep\n|turn|22\n|\n|t:|1701089366\n|move|p2a: Gliscor|Earthquake|p1a: Garganacl\n|-end|p1a: Garganacl|Substitute\n|move|p1a: Garganacl|Substitute|p1a: Garganacl\n|-start|p1a: Garganacl|Substitute\n|-damage|p1a: Garganacl|47\/100\n|\n|-heal|p1a: Garganacl|53\/100|[from] item: Leftovers\n|-heal|p2a: Gliscor|90\/100 tox|[from] ability: Poison Heal\n|-damage|p2a: Gliscor|78\/100 tox|[from] Salt Cure\n|upkeep\n|turn|23\n|\n|t:|1701089371\n|move|p2a: Gliscor|Earthquake|p1a: Garganacl\n|-activate|p1a: Garganacl|move: Substitute|[damage]\n|move|p1a: Garganacl|Salt Cure|p2a: Gliscor\n|-damage|p2a: Gliscor|68\/100 tox\n|\n|-heal|p1a: Garganacl|60\/100|[from] item: Leftovers\n|-heal|p2a: Gliscor|80\/100 tox|[from] ability: Poison Heal\n|-damage|p2a: Gliscor|68\/100 tox|[from] Salt Cure\n|upkeep\n|turn|24\n|\n|t:|1701089375\n|move|p2a: Gliscor|U-turn|p1a: Garganacl\n|-crit|p1a: Garganacl\n|-end|p1a: Garganacl|Substitute\n|\n|t:|1701089379\n|switch|p2a: Alomomola|Alomomola, M|100\/100|[from] U-turn\n|move|p1a: Garganacl|Substitute|p1a: Garganacl\n|-start|p1a: Garganacl|Substitute\n|-damage|p1a: Garganacl|35\/100\n|\n|-heal|p1a: Garganacl|41\/100|[from] item: Leftovers\n|upkeep\n|turn|25\n|\n|t:|1701089386\n|move|p2a: Alomomola|Wish|p2a: Alomomola\n|move|p1a: Garganacl|Salt Cure|p2a: Alomomola\n|-damage|p2a: Alomomola|94\/100\n|-start|p2a: Alomomola|Salt Cure\n|\n|-heal|p1a: Garganacl|47\/100|[from] item: Leftovers\n|-damage|p2a: Alomomola|69\/100|[from] Salt Cure\n|upkeep\n|turn|26\n|\n|t:|1701089389\n|switch|p2a: Gliscor|Gliscor, F|68\/100 tox\n|move|p1a: Garganacl|Salt Cure|p2a: Gliscor\n|-damage|p2a: Gliscor|56\/100 tox\n|-start|p2a: Gliscor|Salt Cure\n|\n|-heal|p2a: Gliscor|100\/100 tox|[from] move: Wish|[wisher] Alomomola\n|-heal|p1a: Garganacl|53\/100|[from] item: Leftovers\n|-damage|p2a: Gliscor|88\/100 tox|[from] Salt Cure\n|upkeep\n|turn|27\n|\n|t:|1701089395\n|move|p2a: Gliscor|Spikes|p1a: Garganacl\n|-sidestart|p1: qintian|Spikes\n|move|p1a: Garganacl|Substitute|p1a: Garganacl\n|-fail|p1a: Garganacl|move: Substitute\n|\n|-heal|p1a: Garganacl|59\/100|[from] item: Leftovers\n|-heal|p2a: Gliscor|100\/100 tox|[from] ability: Poison Heal\n|-damage|p2a: Gliscor|88\/100 tox|[from] Salt Cure\n|upkeep\n|turn|28\n|\n|t:|1701089400\n|move|p2a: Gliscor|Spikes|p1a: Garganacl\n|-sidestart|p1: qintian|Spikes\n|move|p1a: Garganacl|Salt Cure|p2a: Gliscor\n|-damage|p2a: Gliscor|77\/100 tox\n|\n|-heal|p1a: Garganacl|66\/100|[from] item: Leftovers\n|-heal|p2a: Gliscor|89\/100 tox|[from] ability: Poison Heal\n|-damage|p2a: Gliscor|77\/100 tox|[from] Salt Cure\n|upkeep\n|turn|29\n|\n|t:|1701089406\n|switch|p2a: Alomomola|Alomomola, M|100\/100\n|move|p1a: Garganacl|Salt Cure|p2a: Alomomola\n|-damage|p2a: Alomomola|94\/100\n|-start|p2a: Alomomola|Salt Cure\n|\n|-heal|p1a: Garganacl|72\/100|[from] item: Leftovers\n|-damage|p2a: Alomomola|69\/100|[from] Salt Cure\n|upkeep\n|turn|30\n|\n|t:|1701089410\n|switch|p2a: Gliscor|Gliscor, F|77\/100 tox\n|move|p1a: Garganacl|Salt Cure|p2a: Gliscor\n|-damage|p2a: Gliscor|66\/100 tox\n|-start|p2a: Gliscor|Salt Cure\n|\n|-heal|p1a: Garganacl|78\/100|[from] item: Leftovers\n|-heal|p2a: Gliscor|78\/100 tox|[from] ability: Poison Heal\n|-damage|p2a: Gliscor|66\/100 tox|[from] Salt Cure\n|upkeep\n|turn|31\n|\n|t:|1701089416\n|switch|p2a: Garganacl|Garganacl, M|84\/100\n|move|p1a: Garganacl|Salt Cure|p2a: Garganacl\n|-damage|p2a: Garganacl|76\/100\n|-start|p2a: Garganacl|Salt Cure\n|\n|-heal|p1a: Garganacl|84\/100|[from] item: Leftovers\n|-damage|p2a: Garganacl|63\/100|[from] Salt Cure\n|upkeep\n|turn|32\n|\n|t:|1701089421\n|move|p1a: Garganacl|Salt Cure|p2a: Garganacl\n|-damage|p2a: Garganacl|53\/100\n|move|p2a: Garganacl|Stealth Rock|p1a: Garganacl\n|-sidestart|p1: qintian|move: Stealth Rock\n|\n|-heal|p1a: Garganacl|90\/100|[from] item: Leftovers\n|-damage|p2a: Garganacl|41\/100|[from] Salt Cure\n|upkeep\n|turn|33\n|\n|t:|1701089427\n|switch|p2a: Alomomola|Alomomola, M|100\/100\n|move|p1a: Garganacl|Salt Cure|p2a: Alomomola\n|-damage|p2a: Alomomola|93\/100\n|-start|p2a: Alomomola|Salt Cure\n|\n|-heal|p1a: Garganacl|97\/100|[from] item: Leftovers\n|-damage|p2a: Alomomola|68\/100|[from] Salt Cure\n|upkeep\n|turn|34\n|\n|t:|1701089432\n|switch|p2a: Gliscor|Gliscor, F|66\/100 tox\n|move|p1a: Garganacl|Salt Cure|p2a: Gliscor\n|-damage|p2a: Gliscor|54\/100 tox\n|-start|p2a: Gliscor|Salt Cure\n|\n|-heal|p1a: Garganacl|100\/100|[from] item: Leftovers\n|-heal|p2a: Gliscor|67\/100 tox|[from] ability: Poison Heal\n|-damage|p2a: Gliscor|54\/100 tox|[from] Salt Cure\n|upkeep\n|turn|35\n|\n|t:|1701089440\n|switch|p2a: Alomomola|Alomomola, M|100\/100\n|move|p1a: Garganacl|Salt Cure|p2a: Alomomola\n|-damage|p2a: Alomomola|92\/100\n|-start|p2a: Alomomola|Salt Cure\n|\n|-damage|p2a: Alomomola|68\/100|[from] Salt Cure\n|upkeep\n|turn|36\n|\n|t:|1701089447\n|switch|p1a: Charizard|Charizard-Mega-Y, M|100\/100\n|-damage|p1a: Charizard|50\/100|[from] Stealth Rock\n|-weather|SunnyDay|[from] ability: Drought|[of] p1a: Charizard\n|move|p2a: Alomomola|Wish|p2a: Alomomola\n|\n|-weather|SunnyDay|[upkeep]\n|-damage|p2a: Alomomola|43\/100|[from] Salt Cure\n|upkeep\n|turn|37\n|\n|t:|1701089454\n|switch|p2a: Garganacl|Garganacl, M|41\/100\n|move|p1a: Charizard|Flamethrower|p2a: Garganacl\n|-resisted|p2a: Garganacl\n|-damage|p2a: Garganacl|14\/100\n|\n|-weather|SunnyDay|[upkeep]\n|-heal|p2a: Garganacl|83\/100|[from] move: Wish|[wisher] Alomomola\n|upkeep\n|turn|38\n|-message|qintian forfeited.\n|\n|win|VK Kassa\n|raw|qintian's rating: 1559 &rarr; <strong>1536<\/strong><br \/>(-23 for losing)\n|raw|VK Kassa's rating: 1498 &rarr; <strong>1521<\/strong><br \/>(+23 for winning)\n|l|\u2606qintian\n","uploadtime":1701089465,"views":1,"p1id":"qintian","p2id":"vkkassa","formatid":"gen9nationaldex","rating":1521,"private":0,"password":""}