{"id":"gen9nationaldex-1990208761","p1":"Nemasilla","p2":"PeculiarPossum","format":"[Gen 9] National Dex","log":"|j|\u2606Nemasilla\n|j|\u2606PeculiarPossum\n|t:|1699937649\n|gametype|singles\n|player|p1|Nemasilla|irida|1107\n|player|p2|PeculiarPossum|harlequin|1184\n|teamsize|p1|6\n|teamsize|p2|6\n|gen|9\n|tier|[Gen 9] National Dex\n|rated|\n|rule|HP Percentage Mod: HP is shown in percentages\n|rule|Endless Battle Clause: Forcing endless battles is banned\n|rule|OHKO Clause: OHKO moves are banned\n|rule|Evasion Clause: Evasion abilities, items, and moves are banned\n|rule|Evasion Abilities Clause: Evasion abilities are banned\n|rule|Evasion Items Clause: Evasion items are banned\n|rule|Evasion Moves Clause: Evasion moves are banned\n|rule|Species Clause: Limit one of each Pok\u00e9mon\n|rule|Sleep Clause Mod: Limit one foe put to sleep\n|clearpoke\n|poke|p1|Miltank, F|\n|poke|p1|Dubwool, M|\n|poke|p1|Appletun, F|\n|poke|p1|Brute Bonnet|\n|poke|p1|Rotom-Mow|\n|poke|p1|Beedrill, F|\n|poke|p2|Mawile, F|\n|poke|p2|Blacephalon|\n|poke|p2|Venusaur, M|\n|poke|p2|Cramorant, F|\n|poke|p2|Gliscor, M|\n|poke|p2|Garganacl, M|\n|teampreview\n|inactive|Battle timer is ON: inactive players will automatically lose when time's up. (requested by PeculiarPossum)\n|inactive|Nemasilla also wants the timer to be on.\n|\n|t:|1699937655\n|start\n|switch|p1a: Brute Bonnet|Brute Bonnet|100\/100\n|switch|p2a: Cacophony|Blacephalon|100\/100\n|turn|1\n|\n|t:|1699937662\n|-terastallize|p1a: Brute Bonnet|Fire\n|move|p1a: Brute Bonnet|Sucker Punch|p2a: Cacophony\n|-supereffective|p2a: Cacophony\n|-damage|p2a: Cacophony|0 fnt\n|faint|p2a: Cacophony\n|\n|upkeep\n|\n|t:|1699937669\n|switch|p2a: AHHH STAIRS|Garganacl, M|100\/100\n|turn|2\n|\n|t:|1699937672\n|move|p1a: Brute Bonnet|Bullet Seed|p2a: AHHH STAIRS\n|-supereffective|p2a: AHHH STAIRS\n|-damage|p2a: AHHH STAIRS|80\/100\n|-supereffective|p2a: AHHH STAIRS\n|-damage|p2a: AHHH STAIRS|58\/100\n|-supereffective|p2a: AHHH STAIRS\n|-damage|p2a: AHHH STAIRS|40\/100\n|-supereffective|p2a: AHHH STAIRS\n|-damage|p2a: AHHH STAIRS|20\/100\n|-hitcount|p2a: AHHH STAIRS|4\n|move|p2a: AHHH STAIRS|Salt Cure|p1a: Brute Bonnet\n|-supereffective|p1a: Brute Bonnet\n|-damage|p1a: Brute Bonnet|75\/100\n|-start|p1a: Brute Bonnet|Salt Cure\n|\n|-heal|p2a: AHHH STAIRS|26\/100|[from] item: Leftovers\n|-damage|p1a: Brute Bonnet|63\/100|[from] Salt Cure\n|upkeep\n|turn|3\n|\n|t:|1699937690\n|switch|p2a: The plug|Venusaur, M|100\/100\n|move|p1a: Brute Bonnet|Bullet Seed|p2a: The plug\n|-resisted|p2a: The plug\n|-damage|p2a: The plug|96\/100\n|-resisted|p2a: The plug\n|-damage|p2a: The plug|91\/100\n|-resisted|p2a: The plug\n|-damage|p2a: The plug|87\/100\n|-resisted|p2a: The plug\n|-damage|p2a: The plug|82\/100\n|-hitcount|p2a: The plug|4\n|\n|-damage|p1a: Brute Bonnet|50\/100|[from] Salt Cure\n|upkeep\n|turn|4\n|\n|t:|1699937696\n|move|p2a: The plug|Sludge Bomb|p1a: Brute Bonnet\n|-damage|p1a: Brute Bonnet|0 fnt\n|faint|p1a: Brute Bonnet\n|-end|p1a: Brute Bonnet|Protosynthesis|[silent]\n|-damage|p2a: The plug|72\/100|[from] item: Life Orb\n|\n|upkeep\n|\n|t:|1699937699\n|switch|p1a: Beedrill|Beedrill, F|100\/100\n|turn|5\n|\n|t:|1699937705\n|detailschange|p1a: Beedrill|Beedrill-Mega, F\n|-mega|p1a: Beedrill|Beedrill|Beedrillite\n|move|p1a: Beedrill|U-turn|p2a: The plug\n|-damage|p2a: The plug|2\/100\n|\n|t:|1699937712\n|switch|p1a: Miltank|Miltank, F|100\/100|[from] U-turn\n|move|p2a: The plug|Sleep Powder|p1a: Miltank\n|-status|p1a: Miltank|slp|[from] move: Sleep Powder\n|\n|upkeep\n|turn|6\n|\n|t:|1699937717\n|cant|p1a: Miltank|slp\n|move|p2a: The plug|Giga Drain|p1a: Miltank\n|-damage|p1a: Miltank|46\/100 slp\n|-heal|p2a: The plug|37\/100|[from] drain|[of] p1a: Miltank\n|-damage|p2a: The plug|27\/100|[from] item: Life Orb\n|\n|-heal|p1a: Miltank|52\/100 slp|[from] item: Leftovers\n|upkeep\n|turn|7\n|\n|t:|1699937722\n|-curestatus|p1a: Miltank|slp|[msg]\n|move|p1a: Miltank|Milk Drink|p1a: Miltank\n|-heal|p1a: Miltank|100\/100\n|move|p2a: The plug|Giga Drain|p1a: Miltank\n|-damage|p1a: Miltank|47\/100\n|-heal|p2a: The plug|63\/100|[from] drain|[of] p1a: Miltank\n|-damage|p2a: The plug|53\/100|[from] item: Life Orb\n|\n|-heal|p1a: Miltank|53\/100|[from] item: Leftovers\n|upkeep\n|turn|8\n|\n|t:|1699937736\n|switch|p1a: Appletun|Appletun, F|100\/100\n|move|p2a: The plug|Giga Drain|p1a: Appletun\n|-resisted|p1a: Appletun\n|-damage|p1a: Appletun|92\/100\n|-heal|p2a: The plug|59\/100|[from] drain|[of] p1a: Appletun\n|-damage|p2a: The plug|49\/100|[from] item: Life Orb\n|\n|upkeep\n|turn|9\n|\n|t:|1699937741\n|move|p2a: The plug|Sludge Bomb|p1a: Appletun\n|-supereffective|p1a: Appletun\n|-damage|p1a: Appletun|14\/100\n|-damage|p2a: The plug|39\/100|[from] item: Life Orb\n|move|p1a: Appletun|Apple Acid|p2a: The plug\n|-resisted|p2a: The plug\n|-damage|p2a: The plug|31\/100\n|-unboost|p2a: The plug|spd|1\n|\n|upkeep\n|turn|10\n|\n|t:|1699937751\n|move|p2a: The plug|Sludge Bomb|p1a: Appletun\n|-supereffective|p1a: Appletun\n|-damage|p1a: Appletun|0 fnt\n|faint|p1a: Appletun\n|-damage|p2a: The plug|21\/100|[from] item: Life Orb\n|\n|upkeep\n|\n|t:|1699937754\n|switch|p1a: Beedrill|Beedrill-Mega, F|100\/100\n|turn|11\n|\n|t:|1699937761\n|move|p1a: Beedrill|Fell Stinger|p2a: The plug\n|-damage|p2a: The plug|0 fnt\n|faint|p2a: The plug\n|-boost|p1a: Beedrill|atk|3\n|\n|upkeep\n|\n|t:|1699937765\n|switch|p2a: Gulpy|Cramorant, F|100\/100\n|turn|12\n|\n|t:|1699937769\n|move|p1a: Beedrill|Poison Jab|p2a: Gulpy\n|-damage|p2a: Gulpy|0 fnt\n|faint|p2a: Gulpy\n|\n|upkeep\n|\n|t:|1699937775\n|switch|p2a: Discordance|Mawile, F, shiny|100\/100\n|turn|13\n|\n|t:|1699937778\n|detailschange|p2a: Discordance|Mawile-Mega, F, shiny\n|-mega|p2a: Discordance|Mawile|Mawilite\n|move|p1a: Beedrill|Drill Run|p2a: Discordance\n|-supereffective|p2a: Discordance\n|-damage|p2a: Discordance|0 fnt\n|faint|p2a: Discordance\n|\n|upkeep\n|\n|t:|1699937785\n|switch|p2a: AHHH STAIRS|Garganacl, M|26\/100\n|turn|14\n|\n|t:|1699937789\n|-terastallize|p2a: AHHH STAIRS|Flying\n|move|p1a: Beedrill|Drill Run|p2a: AHHH STAIRS\n|-immune|p2a: AHHH STAIRS\n|move|p2a: AHHH STAIRS|Salt Cure|p1a: Beedrill\n|-supereffective|p1a: Beedrill\n|-damage|p1a: Beedrill|33\/100\n|-start|p1a: Beedrill|Salt Cure\n|\n|-heal|p2a: AHHH STAIRS|32\/100|[from] item: Leftovers\n|-damage|p1a: Beedrill|21\/100|[from] Salt Cure\n|upkeep\n|turn|15\n|\n|t:|1699937797\n|move|p1a: Beedrill|U-turn|p2a: AHHH STAIRS\n|-resisted|p2a: AHHH STAIRS\n|-damage|p2a: AHHH STAIRS|0 fnt\n|faint|p2a: AHHH STAIRS\n|\n|t:|1699937803\n|switch|p1a: Dubwool|Dubwool, M|100\/100|[from] U-turn\n|\n|upkeep\n|\n|t:|1699937806\n|switch|p2a: Meaty Claws|Gliscor, M|100\/100\n|turn|16\n|\n|t:|1699937809\n|move|p1a: Dubwool|Cotton Guard|p1a: Dubwool\n|-boost|p1a: Dubwool|def|3\n|move|p2a: Meaty Claws|Toxic|p1a: Dubwool\n|-status|p1a: Dubwool|tox\n|\n|-damage|p1a: Dubwool|94\/100 tox|[from] psn\n|-status|p2a: Meaty Claws|tox|[from] item: Toxic Orb\n|upkeep\n|turn|17\n|\n|t:|1699937815\n|move|p1a: Dubwool|Cotton Guard|p1a: Dubwool\n|-boost|p1a: Dubwool|def|3\n|move|p2a: Meaty Claws|Earthquake|p1a: Dubwool\n|-damage|p1a: Dubwool|86\/100 tox\n|\n|-damage|p1a: Dubwool|73\/100 tox|[from] psn\n|upkeep\n|turn|18\n|\n|t:|1699937819\n|move|p1a: Dubwool|Body Press|p2a: Meaty Claws\n|-resisted|p2a: Meaty Claws\n|-damage|p2a: Meaty Claws|72\/100 tox\n|move|p2a: Meaty Claws|Earthquake|p1a: Dubwool\n|-damage|p1a: Dubwool|66\/100 tox\n|\n|-damage|p1a: Dubwool|48\/100 tox|[from] psn\n|-heal|p2a: Meaty Claws|85\/100 tox|[from] ability: Poison Heal\n|upkeep\n|turn|19\n|\n|t:|1699937823\n|move|p1a: Dubwool|Rest|p1a: Dubwool\n|-status|p1a: Dubwool|slp|[from] move: Rest\n|-heal|p1a: Dubwool|100\/100 slp|[silent]\n|move|p2a: Meaty Claws|Roost|p2a: Meaty Claws\n|-heal|p2a: Meaty Claws|100\/100 tox\n|-singleturn|p2a: Meaty Claws|move: Roost\n|\n|upkeep\n|turn|20\n|\n|t:|1699937827\n|cant|p1a: Dubwool|slp\n|move|p1a: Dubwool|Sleep Talk|p1a: Dubwool\n|move|p1a: Dubwool|Rest||[from]move: Sleep Talk|[still]\n|-fail|p1a: Dubwool\n|move|p2a: Meaty Claws|Earthquake|p1a: Dubwool\n|-damage|p1a: Dubwool|92\/100 slp\n|\n|upkeep\n|turn|21\n|\n|t:|1699937831\n|cant|p1a: Dubwool|slp\n|move|p1a: Dubwool|Sleep Talk|p1a: Dubwool\n|move|p1a: Dubwool|Body Press|p2a: Meaty Claws|[from]move: Sleep Talk\n|-resisted|p2a: Meaty Claws\n|-damage|p2a: Meaty Claws|72\/100 tox\n|move|p2a: Meaty Claws|Earthquake|p1a: Dubwool\n|-damage|p1a: Dubwool|83\/100 slp\n|\n|-heal|p2a: Meaty Claws|84\/100 tox|[from] ability: Poison Heal\n|upkeep\n|turn|22\n|\n|t:|1699937838\n|-curestatus|p1a: Dubwool|slp|[msg]\n|move|p1a: Dubwool|Body Press|p2a: Meaty Claws\n|-resisted|p2a: Meaty Claws\n|-damage|p2a: Meaty Claws|56\/100 tox\n|move|p2a: Meaty Claws|Toxic|p1a: Dubwool\n|-status|p1a: Dubwool|tox\n|\n|-damage|p1a: Dubwool|77\/100 tox|[from] psn\n|-heal|p2a: Meaty Claws|69\/100 tox|[from] ability: Poison Heal\n|upkeep\n|turn|23\n|\n|t:|1699937847\n|move|p1a: Dubwool|Body Press|p2a: Meaty Claws\n|-resisted|p2a: Meaty Claws\n|-crit|p2a: Meaty Claws\n|-damage|p2a: Meaty Claws|28\/100 tox\n|move|p2a: Meaty Claws|Earthquake|p1a: Dubwool\n|-damage|p1a: Dubwool|69\/100 tox\n|\n|-damage|p1a: Dubwool|57\/100 tox|[from] psn\n|-heal|p2a: Meaty Claws|41\/100 tox|[from] ability: Poison Heal\n|upkeep\n|turn|24\n|\n|t:|1699937850\n|move|p1a: Dubwool|Body Press|p2a: Meaty Claws\n|-resisted|p2a: Meaty Claws\n|-damage|p2a: Meaty Claws|11\/100 tox\n|move|p2a: Meaty Claws|Earthquake|p1a: Dubwool\n|-damage|p1a: Dubwool|48\/100 tox\n|\n|-damage|p1a: Dubwool|30\/100 tox|[from] psn\n|-heal|p2a: Meaty Claws|24\/100 tox|[from] ability: Poison Heal\n|upkeep\n|turn|25\n|\n|t:|1699937853\n|move|p1a: Dubwool|Body Press|p2a: Meaty Claws\n|-resisted|p2a: Meaty Claws\n|-damage|p2a: Meaty Claws|0 fnt\n|faint|p2a: Meaty Claws\n|\n|win|Nemasilla\n|raw|Nemasilla's rating: 1107 &rarr; <strong>1137<\/strong><br \/>(+30 for winning)\n|raw|PeculiarPossum's rating: 1184 &rarr; <strong>1154<\/strong><br \/>(-30 for losing)\n|l|\u2606PeculiarPossum\n","uploadtime":1699937869,"views":5,"p1id":"nemasilla","p2id":"peculiarpossum","formatid":"gen9nationaldex","rating":1137,"private":0,"password":""}