{"id":"gen9nationaldex-1994399438","p1":"Dinumata","p2":"Fedepoketrainer","format":"[Gen 9] National Dex","log":"|j|\u2606Dinumata\n|j|\u2606Fedepoketrainer\n|t:|1700439508\n|gametype|singles\n|player|p1|Dinumata|red|\n|player|p2|Fedepoketrainer|ash-kalos|\n|teamsize|p1|6\n|teamsize|p2|6\n|gen|9\n|tier|[Gen 9] National Dex\n|rule|HP Percentage Mod: HP is shown in percentages\n|rule|Endless Battle Clause: Forcing endless battles is banned\n|rule|OHKO Clause: OHKO moves are banned\n|rule|Evasion Clause: Evasion abilities, items, and moves are banned\n|rule|Evasion Abilities Clause: Evasion abilities are banned\n|rule|Evasion Items Clause: Evasion items are banned\n|rule|Evasion Moves Clause: Evasion moves are banned\n|rule|Species Clause: Limit one of each Pok\u00e9mon\n|rule|Sleep Clause Mod: Limit one foe put to sleep\n|clearpoke\n|poke|p1|Braviary, M|\n|poke|p1|Lycanroc-Dusk, M|\n|poke|p1|Magnezone|\n|poke|p1|Ninetales-Alola, F|\n|poke|p1|Snorlax, F|\n|poke|p1|Incineroar, F|\n|poke|p2|Serperior, F|\n|poke|p2|Liepard, F|\n|poke|p2|Simipour, F|\n|poke|p2|Haxorus, M|\n|poke|p2|Gigalith, M|\n|poke|p2|Unfezant, M|\n|teampreview\n|j| newluka\n|\n|t:|1700439549\n|start\n|switch|p1a: Magnezone|Magnezone|100\/100\n|switch|p2a: Haxorus|Haxorus, M, shiny|100\/100\n|-ability|p2a: Haxorus|Mold Breaker\n|turn|1\n|j| vertigou\n|j| Vento d'argento\n|c| vertigou|DALE DINAAAA\n|c| Vento d'argento|Vamos capitao\n|l| vertigou\n|\n|t:|1700439592\n|switch|p1a: Braviary|Braviary, M|100\/100\n|move|p2a: Haxorus|Dragon Dance|p2a: Haxorus\n|-boost|p2a: Haxorus|atk|1\n|-boost|p2a: Haxorus|spe|1\n|\n|upkeep\n|turn|2\n|j| vertigou\n|\n|t:|1700439600\n|-terastallize|p1a: Braviary|Fairy\n|move|p2a: Haxorus|Iron Head|p1a: Braviary\n|-supereffective|p1a: Braviary\n|-damage|p1a: Braviary|0 fnt\n|faint|p1a: Braviary\n|\n|upkeep\n|\n|t:|1700439611\n|switch|p1a: Incineroar|Incineroar, F|100\/100\n|-ability|p1a: Incineroar|Intimidate|boost\n|-unboost|p2a: Haxorus|atk|1\n|turn|3\n|\n|t:|1700439618\n|move|p2a: Haxorus|Earthquake|p1a: Incineroar\n|-supereffective|p1a: Incineroar\n|-enditem|p1a: Incineroar|Shuca Berry|[eat]\n|-enditem|p1a: Incineroar|Shuca Berry|[weaken]\n|-damage|p1a: Incineroar|79\/100\n|move|p1a: Incineroar|Will-O-Wisp|p2a: Haxorus\n|-status|p2a: Haxorus|brn\n|-enditem|p2a: Haxorus|Lum Berry|[eat]\n|-curestatus|p2a: Haxorus|brn|[msg]\n|\n|upkeep\n|turn|4\n|\n|t:|1700439641\n|move|p2a: Haxorus|Dragon Dance|p2a: Haxorus\n|-boost|p2a: Haxorus|atk|1\n|-boost|p2a: Haxorus|spe|1\n|move|p1a: Incineroar|Will-O-Wisp|p2a: Haxorus\n|-status|p2a: Haxorus|brn\n|\n|-damage|p2a: Haxorus|94\/100 brn|[from] brn\n|upkeep\n|turn|5\n|c| Vento d'argento|Pero\n|\n|t:|1700439653\n|move|p2a: Haxorus|Earthquake|p1a: Incineroar\n|-supereffective|p1a: Incineroar\n|-damage|p1a: Incineroar|48\/100\n|move|p1a: Incineroar|Roar|p2a: Haxorus\n|drag|p2a: Liepard|Liepard, F|100\/100\n|\n|upkeep\n|turn|6\n|\n|t:|1700439683\n|move|p2a: Liepard|Dark Pulse|p1a: Incineroar\n|-resisted|p1a: Incineroar\n|-damage|p1a: Incineroar|32\/100\n|move|p1a: Incineroar|Parting Shot|p2a: Liepard\n|-unboost|p2a: Liepard|atk|1\n|-unboost|p2a: Liepard|spa|1\n|\n|t:|1700439696\n|switch|p1a: Ninetales|Ninetales-Alola, F|100\/100|[from] Parting Shot\n|-weather|Snow|[from] ability: Snow Warning|[of] p1a: Ninetales\n|\n|-weather|Snow|[upkeep]\n|upkeep\n|turn|7\n|\n|t:|1700439707\n|move|p2a: Liepard|Thunder Wave|p1a: Ninetales\n|-status|p1a: Ninetales|par\n|move|p1a: Ninetales|Aurora Veil|p1a: Ninetales\n|-sidestart|p1: Dinumata|move: Aurora Veil\n|\n|-weather|Snow|[upkeep]\n|upkeep\n|turn|8\n|\n|t:|1700439718\n|move|p2a: Liepard|Copycat|p2a: Liepard\n|move|p2a: Liepard|Aurora Veil|p2a: Liepard|[from]move: Copycat\n|-sidestart|p2: Fedepoketrainer|move: Aurora Veil\n|move|p1a: Ninetales|Moonblast|p2a: Liepard\n|-supereffective|p2a: Liepard\n|-damage|p2a: Liepard|27\/100\n|-unboost|p2a: Liepard|spa|1\n|\n|-weather|Snow|[upkeep]\n|upkeep\n|turn|9\n|\n|t:|1700439747\n|move|p2a: Liepard|Dark Pulse|p1a: Ninetales\n|-resisted|p1a: Ninetales\n|-damage|p1a: Ninetales|96\/100 par\n|move|p1a: Ninetales|Blizzard|p2a: Liepard\n|-damage|p2a: Liepard|0 fnt\n|faint|p2a: Liepard\n|\n|-weather|Snow|[upkeep]\n|upkeep\n|\n|t:|1700439759\n|switch|p2a: Serperior|Serperior, F|100\/100\n|turn|10\n|\n|t:|1700439773\n|move|p2a: Serperior|Substitute|p2a: Serperior\n|-start|p2a: Serperior|Substitute\n|-damage|p2a: Serperior|76\/100\n|move|p1a: Ninetales|Blizzard|p2a: Serperior\n|-supereffective|p2a: Serperior\n|-end|p2a: Serperior|Substitute\n|\n|-weather|none\n|-heal|p2a: Serperior|82\/100|[from] item: Leftovers\n|upkeep\n|turn|11\n|\n|t:|1700439785\n|move|p2a: Serperior|Substitute|p2a: Serperior\n|-start|p2a: Serperior|Substitute\n|-damage|p2a: Serperior|57\/100\n|move|p1a: Ninetales|Encore|p2a: Serperior\n|-start|p2a: Serperior|Encore\n|\n|-heal|p2a: Serperior|63\/100|[from] item: Leftovers\n|upkeep\n|turn|12\n|c| vertigou|VAMOS DINAMA TIOOO\n|\n|t:|1700439834\n|switch|p1a: Incineroar|Incineroar, F|32\/100\n|-ability|p1a: Incineroar|Intimidate|boost\n|-immune|p2a: Serperior\n|move|p2a: Serperior|Substitute|p2a: Serperior\n|-fail|p2a: Serperior|move: Substitute\n|\n|-heal|p2a: Serperior|70\/100|[from] item: Leftovers\n|-sideend|p2: Fedepoketrainer|move: Aurora Veil\n|upkeep\n|turn|13\n|\n|t:|1700439858\n|move|p2a: Serperior|Substitute|p2a: Serperior\n|-fail|p2a: Serperior|move: Substitute\n|move|p1a: Incineroar|Parting Shot|p2a: Serperior\n|-boost|p2a: Serperior|atk|1\n|-boost|p2a: Serperior|spa|1\n|c| Vento d'argento|xd\n|\n|t:|1700439867\n|switch|p1a: Ninetales|Ninetales-Alola, F|96\/100 par|[from] Parting Shot\n|-weather|Snow|[from] ability: Snow Warning|[of] p1a: Ninetales\n|\n|-weather|Snow|[upkeep]\n|-heal|p2a: Serperior|76\/100|[from] item: Leftovers\n|upkeep\n|turn|14\n|\n|t:|1700439876\n|move|p2a: Serperior|Substitute|p2a: Serperior\n|-fail|p2a: Serperior|move: Substitute\n|move|p1a: Ninetales|Blizzard|p2a: Serperior\n|-supereffective|p2a: Serperior\n|-end|p2a: Serperior|Substitute\n|\n|-weather|Snow|[upkeep]\n|-heal|p2a: Serperior|82\/100|[from] item: Leftovers\n|-end|p2a: Serperior|Encore\n|-sideend|p1: Dinumata|move: Aurora Veil\n|upkeep\n|turn|15\n|\n|t:|1700439897\n|switch|p1a: Snorlax|Snorlax, F|100\/100\n|-terastallize|p2a: Serperior|Rock\n|move|p2a: Serperior|Hidden Power|p1a: Snorlax\n|-damage|p1a: Snorlax|86\/100\n|\n|-weather|Snow|[upkeep]\n|-heal|p2a: Serperior|88\/100|[from] item: Leftovers\n|-heal|p1a: Snorlax|92\/100|[from] item: Leftovers\n|upkeep\n|turn|16\n|\n|t:|1700439922\n|move|p2a: Serperior|Substitute|p2a: Serperior\n|-start|p2a: Serperior|Substitute\n|-damage|p2a: Serperior|63\/100\n|move|p1a: Snorlax|Earthquake|p2a: Serperior\n|-supereffective|p2a: Serperior\n|-end|p2a: Serperior|Substitute\n|\n|-weather|Snow|[upkeep]\n|-heal|p2a: Serperior|70\/100|[from] item: Leftovers\n|-heal|p1a: Snorlax|98\/100|[from] item: Leftovers\n|upkeep\n|turn|17\n|l|\u2606Fedepoketrainer\n|player|p2|\n|j|\u2606Fedepoketrainer\n|player|p2|Fedepoketrainer|ash-kalos\n|\n|t:|1700440033\n|move|p2a: Serperior|Leaf Storm|p1a: Snorlax\n|-damage|p1a: Snorlax|62\/100\n|-boost|p2a: Serperior|spa|2\n|move|p1a: Snorlax|Earthquake|p2a: Serperior\n|-supereffective|p2a: Serperior\n|-damage|p2a: Serperior|4\/100\n|\n|-weather|none\n|-heal|p2a: Serperior|10\/100|[from] item: Leftovers\n|-heal|p1a: Snorlax|68\/100|[from] item: Leftovers\n|upkeep\n|turn|18\n|\n|t:|1700440047\n|move|p2a: Serperior|Hidden Power|p1a: Snorlax\n|-damage|p1a: Snorlax|41\/100\n|move|p1a: Snorlax|Earthquake|p2a: Serperior\n|-supereffective|p2a: Serperior\n|-damage|p2a: Serperior|0 fnt\n|faint|p2a: Serperior\n|\n|-heal|p1a: Snorlax|48\/100|[from] item: Leftovers\n|upkeep\n|\n|t:|1700440055\n|switch|p2a: Gigalith|Gigalith, M, shiny|100\/100\n|turn|19\n|l| vertigou\n|\n|t:|1700440070\n|move|p1a: Snorlax|Earthquake|p2a: Gigalith\n|-supereffective|p2a: Gigalith\n|-damage|p2a: Gigalith|61\/100\n|move|p2a: Gigalith|Body Press|p1a: Snorlax\n|-supereffective|p1a: Snorlax\n|-damage|p1a: Snorlax|13\/100\n|\n|-heal|p1a: Snorlax|19\/100|[from] item: Leftovers\n|-heal|p2a: Gigalith|68\/100|[from] item: Leftovers\n|upkeep\n|turn|20\n|\n|t:|1700440106\n|switch|p2a: Unfezant|Unfezant, M|100\/100\n|move|p1a: Snorlax|Earthquake|p2a: Unfezant\n|-immune|p2a: Unfezant\n|\n|-heal|p1a: Snorlax|26\/100|[from] item: Leftovers\n|upkeep\n|turn|21\n|\n|t:|1700440124\n|move|p2a: Unfezant|Return|p1a: Snorlax\n|-damage|p1a: Snorlax|0 fnt\n|faint|p1a: Snorlax\n|\n|upkeep\n|\n|t:|1700440129\n|switch|p1a: Lycanroc|Lycanroc-Dusk, M|100\/100\n|turn|22\n|\n|t:|1700440140\n|switch|p2a: Haxorus|Haxorus, M, shiny|94\/100 brn\n|-ability|p2a: Haxorus|Mold Breaker\n|-zpower|p1a: Lycanroc\n|move|p1a: Lycanroc|Splintered Stormshards|p2a: Haxorus|[zeffect]\n|-crit|p2a: Haxorus\n|-damage|p2a: Haxorus|0 fnt\n|faint|p2a: Haxorus\n|\n|upkeep\n|\n|t:|1700440152\n|switch|p2a: Simipour|Simipour, F|100\/100\n|turn|23\n|\n|t:|1700440173\n|switch|p1a: Incineroar|Incineroar, F|32\/100\n|-ability|p1a: Incineroar|Intimidate|boost\n|-unboost|p2a: Simipour|atk|1\n|-zpower|p2a: Simipour\n|move|p2a: Simipour|Hydro Vortex|p1a: Incineroar|[zeffect]\n|-supereffective|p1a: Incineroar\n|-damage|p1a: Incineroar|0 fnt\n|faint|p1a: Incineroar\n|\n|upkeep\n|\n|t:|1700440184\n|switch|p1a: Magnezone|Magnezone|100\/100\n|turn|24\n|\n|t:|1700440188\n|move|p2a: Simipour|Focus Blast|p1a: Magnezone\n|-supereffective|p1a: Magnezone\n|-damage|p1a: Magnezone|23\/100\n|move|p1a: Magnezone|Thunderbolt|p2a: Simipour\n|-supereffective|p2a: Simipour\n|-damage|p2a: Simipour|0 fnt\n|faint|p2a: Simipour\n|\n|upkeep\n|\n|t:|1700440192\n|switch|p2a: Unfezant|Unfezant, M|100\/100\n|turn|25\n|j| vertigou\n|\n|t:|1700440220\n|move|p2a: Unfezant|Night Slash|p1a: Magnezone\n|-crit|p1a: Magnezone\n|-damage|p1a: Magnezone|0 fnt\n|faint|p1a: Magnezone\n|\n|upkeep\n|l| vertigou\n|\n|t:|1700440274\n|switch|p1a: Ninetales|Ninetales-Alola, F|96\/100 par\n|-weather|Snow|[from] ability: Snow Warning|[of] p1a: Ninetales\n|turn|26\n|j| Obiw\n|\n|t:|1700440281\n|switch|p2a: Gigalith|Gigalith, M, shiny|68\/100\n|cant|p1a: Ninetales|par\n|\n|-weather|Snow|[upkeep]\n|-heal|p2a: Gigalith|74\/100|[from] item: Leftovers\n|upkeep\n|turn|27\n|j| vertigou\n|\n|t:|1700440293\n|move|p1a: Ninetales|Blizzard|p2a: Gigalith\n|-damage|p2a: Gigalith|40\/100\n|move|p2a: Gigalith|Rock Slide|p1a: Ninetales\n|-supereffective|p1a: Ninetales\n|-damage|p1a: Ninetales|31\/100 par\n|\n|-weather|Snow|[upkeep]\n|-heal|p2a: Gigalith|46\/100|[from] item: Leftovers\n|upkeep\n|turn|28\n|\n|t:|1700440306\n|move|p1a: Ninetales|Blizzard|p2a: Gigalith\n|-damage|p2a: Gigalith|17\/100\n|move|p2a: Gigalith|Rock Slide|p1a: Ninetales\n|-supereffective|p1a: Ninetales\n|-crit|p1a: Ninetales\n|-damage|p1a: Ninetales|0 fnt\n|faint|p1a: Ninetales\n|\n|-weather|Snow|[upkeep]\n|-heal|p2a: Gigalith|23\/100|[from] item: Leftovers\n|upkeep\n|\n|t:|1700440311\n|switch|p1a: Lycanroc|Lycanroc-Dusk, M|100\/100\n|turn|29\n|l| vertigou\n|j| vertigou\n|l| Vento d'argento\n|\n|t:|1700440406\n|move|p1a: Lycanroc|Close Combat|p2a: Gigalith\n|-supereffective|p2a: Gigalith\n|-damage|p2a: Gigalith|0 fnt\n|-unboost|p1a: Lycanroc|def|1\n|-unboost|p1a: Lycanroc|spd|1\n|faint|p2a: Gigalith\n|\n|-weather|Snow|[upkeep]\n|upkeep\n|\n|t:|1700440430\n|switch|p2a: Unfezant|Unfezant, M|100\/100\n|turn|30\n|\n|t:|1700440437\n|move|p1a: Lycanroc|Stone Edge|p2a: Unfezant\n|-supereffective|p2a: Unfezant\n|-damage|p2a: Unfezant|0 fnt\n|faint|p2a: Unfezant\n|\n|win|Dinumata\n|c| vertigou|vamooo\n|c| vertigou|VAMIOOOOOO\n|l| vertigou\n","uploadtime":1700440449,"views":14,"p1id":"dinumata","p2id":"fedepoketrainer","formatid":"gen9nationaldex","rating":0,"private":0,"password":""}