{"id":"gen9nationaldex-1988588265","p1":"fajpar","p2":"Zera & Lucy","format":"[Gen 9] National Dex","log":"|j|\u2606fajpar\n|j|\u2606Zera & Lucy\n|t:|1699739241\n|gametype|singles\n|player|p1|fajpar|nessa|1023\n|player|p2|Zera & Lucy|cynthia|1076\n|teamsize|p1|6\n|teamsize|p2|6\n|gen|9\n|tier|[Gen 9] National Dex\n|rated|\n|rule|HP Percentage Mod: HP is shown in percentages\n|rule|Endless Battle Clause: Forcing endless battles is banned\n|rule|OHKO Clause: OHKO moves are banned\n|rule|Evasion Clause: Evasion abilities, items, and moves are banned\n|rule|Evasion Abilities Clause: Evasion abilities are banned\n|rule|Evasion Items Clause: Evasion items are banned\n|rule|Evasion Moves Clause: Evasion moves are banned\n|rule|Species Clause: Limit one of each Pok\u00e9mon\n|rule|Sleep Clause Mod: Limit one foe put to sleep\n|clearpoke\n|poke|p1|Mr. Mime, M|\n|poke|p1|Grapploct, M|\n|poke|p1|Hawlucha, F|\n|poke|p1|Brambleghast, F|\n|poke|p1|Gyarados, M|\n|poke|p1|Gengar, M|\n|poke|p2|Ambipom, F|\n|poke|p2|Zoroark-Hisui, M|\n|poke|p2|Cinccino, F|\n|poke|p2|Indeedee, M|\n|poke|p2|Cyclizar, M|\n|poke|p2|Heliolisk, M|\n|teampreview\n|inactive|Battle timer is ON: inactive players will automatically lose when time's up. (requested by Zera & Lucy)\n|\n|t:|1699739246\n|start\n|switch|p1a: Mr. Mime|Mr. Mime, M|100\/100\n|switch|p2a: Ambipom|Ambipom, F|100\/100\n|turn|1\n|\n|t:|1699739253\n|move|p2a: Ambipom|Fake Out|p1a: Mr. Mime\n|-damage|p1a: Mr. Mime|43\/100\n|cant|p1a: Mr. Mime|flinch\n|\n|-status|p1a: Mr. Mime|brn|[from] item: Flame Orb\n|upkeep\n|turn|2\n|\n|t:|1699739260\n|move|p2a: Ambipom|Knock Off|p1a: Mr. Mime\n|-damage|p1a: Mr. Mime|0 fnt\n|-enditem|p1a: Mr. Mime|Flame Orb|[from] move: Knock Off|[of] p2a: Ambipom\n|faint|p1a: Mr. Mime\n|\n|upkeep\n|\n|t:|1699739263\n|switch|p1a: Gengar|Gengar, M|100\/100\n|turn|3\n|\n|t:|1699739268\n|move|p1a: Gengar|Destiny Bond|p1a: Gengar\n|-singlemove|p1a: Gengar|Destiny Bond\n|move|p2a: Ambipom|Knock Off|p1a: Gengar\n|-supereffective|p1a: Gengar\n|-damage|p1a: Gengar|0 fnt\n|-enditem|p1a: Gengar|Choice Scarf|[from] move: Knock Off|[of] p2a: Ambipom\n|faint|p1a: Gengar\n|-activate|p1a: Gengar|move: Destiny Bond\n|faint|p2a: Ambipom\n|\n|upkeep\n|\n|t:|1699739275\n|switch|p2a: Cyclizar|Cyclizar, M|100\/100\n|switch|p1a: Gyarados|Gyarados, M|100\/100\n|-ability|p1a: Gyarados|Intimidate|boost\n|-unboost|p2a: Cyclizar|atk|1\n|turn|4\n|\n|t:|1699739282\n|move|p2a: Cyclizar|U-turn|p1a: Gyarados\n|-resisted|p1a: Gyarados\n|-damage|p1a: Gyarados|94\/100\n|\n|t:|1699739286\n|switch|p2a: Heliolisk|Heliolisk, M|100\/100|[from] U-turn\n|move|p1a: Gyarados|Dragon Dance|p1a: Gyarados\n|-boost|p1a: Gyarados|atk|1\n|-boost|p1a: Gyarados|spe|1\n|\n|-heal|p1a: Gyarados|100\/100|[from] item: Leftovers\n|upkeep\n|turn|5\n|\n|t:|1699739296\n|-terastallize|p1a: Gyarados|Ground\n|move|p1a: Gyarados|Earthquake|p2a: Heliolisk\n|-supereffective|p2a: Heliolisk\n|-damage|p2a: Heliolisk|0 fnt\n|faint|p2a: Heliolisk\n|\n|upkeep\n|\n|t:|1699739300\n|switch|p2a: Cinccino|Cinccino, F|100\/100\n|turn|6\n|\n|t:|1699739310\n|move|p1a: Gyarados|Earthquake|p2a: Cinccino\n|-damage|p2a: Cinccino|0 fnt\n|faint|p2a: Cinccino\n|\n|upkeep\n|\n|t:|1699739314\n|switch|p2a: Indeedee|Indeedee, M|100\/100\n|-fieldstart|move: Psychic Terrain|[from] ability: Psychic Surge|[of] p2a: Indeedee\n|turn|7\n|\n|t:|1699739321\n|-terastallize|p2a: Indeedee|Psychic\n|move|p2a: Indeedee|Expanding Force|p1a: Gyarados\n|-damage|p1a: Gyarados|0 fnt\n|faint|p1a: Gyarados\n|\n|upkeep\n|\n|t:|1699739326\n|switch|p1a: Brambleghast|Brambleghast, F|100\/100\n|turn|8\n|\n|t:|1699739335\n|move|p2a: Indeedee|Expanding Force|p1a: Brambleghast\n|-damage|p1a: Brambleghast|0 fnt\n|faint|p1a: Brambleghast\n|\n|upkeep\n|\n|t:|1699739337\n|switch|p1a: Grapploct|Grapploct, M|100\/100\n|turn|9\n|\n|t:|1699739340\n|move|p2a: Indeedee|Expanding Force|p1a: Grapploct\n|-supereffective|p1a: Grapploct\n|-damage|p1a: Grapploct|0 fnt\n|faint|p1a: Grapploct\n|\n|upkeep\n|\n|t:|1699739341\n|switch|p1a: Hawlucha|Hawlucha, F|100\/100\n|turn|10\n|\n|t:|1699739343\n|move|p2a: Indeedee|Expanding Force|p1a: Hawlucha\n|-supereffective|p1a: Hawlucha\n|-damage|p1a: Hawlucha|0 fnt\n|faint|p1a: Hawlucha\n|\n|win|Zera & Lucy\n|raw|fajpar's rating: 1023 &rarr; <strong>1012<\/strong><br \/>(-11 for losing)\n|raw|Zera &amp; Lucy's rating: 1076 &rarr; <strong>1100<\/strong><br \/>(+24 for winning)\n","uploadtime":1699739347,"views":5,"p1id":"fajpar","p2id":"zeralucy","formatid":"gen9nationaldex","rating":1012,"private":0,"password":""}