{"id":"gen9nationaldex-1992846765","p1":"MaizeFB","p2":"testing a funni3","format":"[Gen 9] National Dex","log":"|j|\u2606MaizeFB\n|j|\u2606testing a funni3\n|t:|1700240544\n|gametype|singles\n|player|p1|MaizeFB|102|1443\n|player|p2|testing a funni3|unknownf|1502\n|teamsize|p1|6\n|teamsize|p2|6\n|gen|9\n|tier|[Gen 9] National Dex\n|rated|\n|rule|HP Percentage Mod: HP is shown in percentages\n|rule|Endless Battle Clause: Forcing endless battles is banned\n|rule|OHKO Clause: OHKO moves are banned\n|rule|Evasion Clause: Evasion abilities, items, and moves are banned\n|rule|Evasion Abilities Clause: Evasion abilities are banned\n|rule|Evasion Items Clause: Evasion items are banned\n|rule|Evasion Moves Clause: Evasion moves are banned\n|rule|Species Clause: Limit one of each Pok\u00e9mon\n|rule|Sleep Clause Mod: Limit one foe put to sleep\n|clearpoke\n|poke|p1|Cresselia, F|\n|poke|p1|Tapu Koko|\n|poke|p1|Ting-Lu|\n|poke|p1|Aegislash, M|\n|poke|p1|Diancie|\n|poke|p1|Pyukumuku, M|\n|poke|p2|Latios, M|\n|poke|p2|Buzzwole|\n|poke|p2|Gliscor, F|\n|poke|p2|Weavile, M|\n|poke|p2|Heatran, F|\n|poke|p2|Ogerpon-Wellspring, F|\n|teampreview\n|\n|t:|1700240560\n|start\n|switch|p1a: Diancie|Diancie, shiny|100\/100\n|switch|p2a: Ogerpon|Ogerpon-Wellspring, F|100\/100\n|turn|1\n|\n|t:|1700240573\n|detailschange|p1a: Diancie|Diancie-Mega, shiny\n|-mega|p1a: Diancie|Diancie|Diancite\n|move|p1a: Diancie|Protect|p1a: Diancie\n|-singleturn|p1a: Diancie|Protect\n|move|p2a: Ogerpon|Ivy Cudgel|p1a: Diancie|[anim] Ivy Cudgel Water\n|-activate|p1a: Diancie|move: Protect\n|\n|upkeep\n|turn|2\n|\n|t:|1700240587\n|switch|p1a: Pyukumuku|Pyukumuku, M, shiny|100\/100\n|move|p2a: Ogerpon|Ivy Cudgel|p1a: Pyukumuku|[anim] Ivy Cudgel Water\n|-resisted|p1a: Pyukumuku\n|-crit|p1a: Pyukumuku\n|-damage|p1a: Pyukumuku|65\/100\n|\n|upkeep\n|turn|3\n|\n|t:|1700240596\n|switch|p2a: Gliscor|Gliscor, F|100\/100\n|move|p1a: Pyukumuku|Toxic|p2a: Gliscor\n|-status|p2a: Gliscor|tox\n|\n|upkeep\n|turn|4\n|\n|t:|1700240603\n|switch|p1a: Diancie|Diancie-Mega, shiny|100\/100\n|move|p2a: Gliscor|Toxic|p1a: Diancie\n|move|p1a: Diancie|Toxic|p2a: Gliscor|[from]ability: Magic Bounce\n|-fail|p2a: Gliscor|tox\n|\n|upkeep\n|turn|5\n|\n|t:|1700240615\n|move|p1a: Diancie|Encore|p2a: Gliscor\n|-start|p2a: Gliscor|Encore\n|move|p2a: Gliscor|Toxic|p1a: Diancie\n|move|p1a: Diancie|Toxic|p2a: Gliscor|[from]ability: Magic Bounce|[miss]\n|-miss|p1a: Diancie|p2a: Gliscor\n|\n|upkeep\n|turn|6\n|\n|t:|1700240623\n|switch|p1a: Aegislash|Aegislash, M, shiny|100\/100\n|move|p2a: Gliscor|Toxic|p1a: Aegislash\n|-immune|p1a: Aegislash\n|\n|upkeep\n|turn|7\n|\n|t:|1700240630\n|switch|p2a: Heatran|Heatran, F|100\/100\n|move|p1a: Aegislash|Swords Dance|p1a: Aegislash\n|-boost|p1a: Aegislash|atk|2\n|\n|upkeep\n|turn|8\n|\n|t:|1700240639\n|move|p2a: Heatran|Magma Storm|p1a: Aegislash|[miss]\n|-miss|p2a: Heatran|p1a: Aegislash\n|-formechange|p1a: Aegislash|Aegislash-Blade||[from] ability: Stance Change\n|move|p1a: Aegislash|Sacred Sword|p2a: Heatran\n|-supereffective|p2a: Heatran\n|-damage|p2a: Heatran|0 fnt\n|faint|p2a: Heatran\n|\n|upkeep\n|\n|t:|1700240646\n|switch|p2a: Weavile|Weavile, M|100\/100\n|-ability|p2a: Weavile|Pressure\n|turn|9\n|\n|t:|1700240654\n|-formechange|p1a: Aegislash|Aegislash||[from] ability: Stance Change\n|move|p1a: Aegislash|King's Shield|p1a: Aegislash\n|-singleturn|p1a: Aegislash|Protect\n|move|p2a: Weavile|Pursuit|p1a: Aegislash\n|-activate|p1a: Aegislash|move: Protect\n|-unboost|p2a: Weavile|atk|1\n|\n|upkeep\n|turn|10\n|\n|t:|1700240664\n|switch|p2a: Buzzwole|Buzzwole|100\/100\n|-formechange|p1a: Aegislash|Aegislash-Blade||[from] ability: Stance Change\n|move|p1a: Aegislash|Sacred Sword|p2a: Buzzwole\n|-resisted|p2a: Buzzwole\n|-damage|p2a: Buzzwole|85\/100\n|\n|upkeep\n|turn|11\n|\n|t:|1700240673\n|-formechange|p1a: Aegislash|Aegislash||[from] ability: Stance Change\n|move|p1a: Aegislash|King's Shield|p1a: Aegislash\n|-singleturn|p1a: Aegislash|Protect\n|move|p2a: Buzzwole|Bulk Up|p2a: Buzzwole\n|-boost|p2a: Buzzwole|atk|1\n|-boost|p2a: Buzzwole|def|1\n|\n|upkeep\n|turn|12\n|\n|t:|1700240682\n|move|p2a: Buzzwole|Bulk Up|p2a: Buzzwole\n|-boost|p2a: Buzzwole|atk|1\n|-boost|p2a: Buzzwole|def|1\n|move|p1a: Aegislash|Swords Dance|p1a: Aegislash\n|-boost|p1a: Aegislash|atk|2\n|\n|upkeep\n|turn|13\n|\n|t:|1700240690\n|move|p2a: Buzzwole|Bulk Up|p2a: Buzzwole\n|-boost|p2a: Buzzwole|atk|1\n|-boost|p2a: Buzzwole|def|1\n|move|p1a: Aegislash|Swords Dance|p1a: Aegislash\n|-boost|p1a: Aegislash|atk|2\n|\n|upkeep\n|turn|14\n|\n|t:|1700240698\n|move|p2a: Buzzwole|Ice Punch|p1a: Aegislash\n|-resisted|p1a: Aegislash\n|-damage|p1a: Aegislash|78\/100\n|-zpower|p1a: Aegislash\n|-formechange|p1a: Aegislash|Aegislash-Blade||[from] ability: Stance Change\n|move|p1a: Aegislash|Never-Ending Nightmare|p2a: Buzzwole|[zeffect]\n|-damage|p2a: Buzzwole|39\/100\n|\n|upkeep\n|turn|15\n|\n|t:|1700240709\n|-formechange|p1a: Aegislash|Aegislash||[from] ability: Stance Change\n|move|p1a: Aegislash|King's Shield|p1a: Aegislash\n|-singleturn|p1a: Aegislash|Protect\n|move|p2a: Buzzwole|Roost|p2a: Buzzwole\n|-heal|p2a: Buzzwole|89\/100\n|-singleturn|p2a: Buzzwole|move: Roost\n|\n|upkeep\n|turn|16\n|\n|t:|1700240718\n|move|p2a: Buzzwole|Bulk Up|p2a: Buzzwole\n|-boost|p2a: Buzzwole|atk|1\n|-boost|p2a: Buzzwole|def|1\n|-formechange|p1a: Aegislash|Aegislash-Blade||[from] ability: Stance Change\n|move|p1a: Aegislash|Sacred Sword|p2a: Buzzwole\n|-resisted|p2a: Buzzwole\n|-damage|p2a: Buzzwole|56\/100\n|\n|upkeep\n|turn|17\n|\n|t:|1700240727\n|-formechange|p1a: Aegislash|Aegislash||[from] ability: Stance Change\n|move|p1a: Aegislash|King's Shield|p1a: Aegislash\n|-singleturn|p1a: Aegislash|Protect\n|move|p2a: Buzzwole|Bulk Up|p2a: Buzzwole\n|-boost|p2a: Buzzwole|atk|1\n|-boost|p2a: Buzzwole|def|1\n|\n|upkeep\n|turn|18\n|\n|t:|1700240736\n|move|p2a: Buzzwole|Bulk Up|p2a: Buzzwole\n|-boost|p2a: Buzzwole|atk|1\n|-boost|p2a: Buzzwole|def|1\n|-formechange|p1a: Aegislash|Aegislash-Blade||[from] ability: Stance Change\n|move|p1a: Aegislash|Sacred Sword|p2a: Buzzwole\n|-resisted|p2a: Buzzwole\n|-damage|p2a: Buzzwole|24\/100\n|\n|upkeep\n|turn|19\n|\n|t:|1700240746\n|move|p2a: Buzzwole|Roost|p2a: Buzzwole\n|-heal|p2a: Buzzwole|74\/100\n|-singleturn|p2a: Buzzwole|move: Roost\n|move|p1a: Aegislash|Sacred Sword|p2a: Buzzwole\n|-resisted|p2a: Buzzwole\n|-damage|p2a: Buzzwole|38\/100\n|\n|upkeep\n|turn|20\n|\n|t:|1700240754\n|-formechange|p1a: Aegislash|Aegislash||[from] ability: Stance Change\n|move|p1a: Aegislash|King's Shield|p1a: Aegislash\n|-singleturn|p1a: Aegislash|Protect\n|move|p2a: Buzzwole|Roost|p2a: Buzzwole\n|-heal|p2a: Buzzwole|88\/100\n|-singleturn|p2a: Buzzwole|move: Roost\n|\n|upkeep\n|turn|21\n|\n|t:|1700240762\n|move|p2a: Buzzwole|Ice Punch|p1a: Aegislash\n|-resisted|p1a: Aegislash\n|-damage|p1a: Aegislash|43\/100\n|-formechange|p1a: Aegislash|Aegislash-Blade||[from] ability: Stance Change\n|move|p1a: Aegislash|Sacred Sword|p2a: Buzzwole\n|-resisted|p2a: Buzzwole\n|-damage|p2a: Buzzwole|55\/100\n|\n|upkeep\n|turn|22\n|\n|t:|1700240772\n|move|p2a: Buzzwole|Roost|p2a: Buzzwole\n|-heal|p2a: Buzzwole|100\/100\n|-singleturn|p2a: Buzzwole|move: Roost\n|move|p1a: Aegislash|Sacred Sword|p2a: Buzzwole\n|-resisted|p2a: Buzzwole\n|-damage|p2a: Buzzwole|65\/100\n|\n|upkeep\n|turn|23\n|\n|t:|1700240779\n|move|p1a: Aegislash|Shadow Sneak|p2a: Buzzwole\n|-damage|p2a: Buzzwole|52\/100\n|move|p2a: Buzzwole|Ice Punch|p1a: Aegislash\n|-resisted|p1a: Aegislash\n|-damage|p1a: Aegislash|0 fnt\n|faint|p1a: Aegislash\n|\n|upkeep\n|\n|t:|1700240797\n|switch|p1a: Diancie|Diancie-Mega, shiny|100\/100\n|turn|24\n|\n|t:|1700240803\n|move|p1a: Diancie|Mystical Fire|p2a: Buzzwole\n|-supereffective|p2a: Buzzwole\n|-damage|p2a: Buzzwole|0 fnt\n|faint|p2a: Buzzwole\n|\n|upkeep\n|\n|t:|1700240810\n|switch|p2a: Weavile|Weavile, M|100\/100\n|-ability|p2a: Weavile|Pressure\n|turn|25\n|\n|t:|1700240816\n|move|p1a: Diancie|Protect|p1a: Diancie\n|-singleturn|p1a: Diancie|Protect\n|move|p2a: Weavile|Triple Axel|p1a: Diancie\n|-activate|p1a: Diancie|move: Protect\n|\n|upkeep\n|turn|26\n|\n|t:|1700240824\n|move|p2a: Weavile|Triple Axel|p1a: Diancie|[miss]\n|-miss|p2a: Weavile|p1a: Diancie\n|move|p1a: Diancie|Mystical Fire|p2a: Weavile\n|-supereffective|p2a: Weavile\n|-damage|p2a: Weavile|36\/100\n|-unboost|p2a: Weavile|spa|1\n|\n|upkeep\n|turn|27\n|\n|t:|1700240833\n|move|p2a: Weavile|Triple Axel|p1a: Diancie\n|-damage|p1a: Diancie|79\/100\n|-damage|p1a: Diancie|41\/100\n|-crit|p1a: Diancie\n|-damage|p1a: Diancie|0 fnt\n|faint|p1a: Diancie\n|-hitcount|p1: Diancie|3\n|\n|upkeep\n|\n|t:|1700240850\n|switch|p1a: Tapu Koko|Tapu Koko, shiny|100\/100\n|-fieldstart|move: Electric Terrain|[from] ability: Electric Surge|[of] p1a: Tapu Koko\n|turn|28\n|\n|t:|1700240859\n|move|p1a: Tapu Koko|U-turn|p2a: Weavile\n|-supereffective|p2a: Weavile\n|-damage|p2a: Weavile|0 fnt\n|faint|p2a: Weavile\n|-damage|p1a: Tapu Koko|91\/100|[from] item: Life Orb\n|\n|t:|1700240876\n|switch|p1a: Cresselia|Cresselia, F, shiny|100\/100|[from] U-turn\n|-enditem|p1a: Cresselia|Electric Seed\n|-boost|p1a: Cresselia|def|1|[from] item: Electric Seed\n|\n|upkeep\n|\n|t:|1700240881\n|switch|p2a: Gliscor|Gliscor, F|100\/100 tox\n|turn|29\n|\n|t:|1700240885\n|-terastallize|p1a: Cresselia|Poison\n|move|p2a: Gliscor|Toxic|p1a: Cresselia\n|-immune|p1a: Cresselia\n|move|p1a: Cresselia|Calm Mind|p1a: Cresselia\n|-boost|p1a: Cresselia|spa|1\n|-boost|p1a: Cresselia|spd|1\n|\n|upkeep\n|turn|30\n|\n|t:|1700240893\n|switch|p2a: Latios|Latios, M|100\/100\n|move|p1a: Cresselia|Calm Mind|p1a: Cresselia\n|-boost|p1a: Cresselia|spa|1\n|-boost|p1a: Cresselia|spd|1\n|\n|upkeep\n|turn|31\n|\n|t:|1700240900\n|detailschange|p2a: Latios|Latios-Mega, M\n|-mega|p2a: Latios|Latios|Latiosite\n|move|p2a: Latios|Psychic|p1a: Cresselia\n|-supereffective|p1a: Cresselia\n|-damage|p1a: Cresselia|61\/100\n|move|p1a: Cresselia|Calm Mind|p1a: Cresselia\n|-boost|p1a: Cresselia|spa|1\n|-boost|p1a: Cresselia|spd|1\n|\n|upkeep\n|turn|32\n|\n|t:|1700240909\n|move|p2a: Latios|Psychic|p1a: Cresselia\n|-supereffective|p1a: Cresselia\n|-damage|p1a: Cresselia|30\/100\n|-unboost|p1a: Cresselia|spd|1\n|move|p1a: Cresselia|Moonlight|p1a: Cresselia\n|-heal|p1a: Cresselia|80\/100\n|\n|-fieldend|move: Electric Terrain\n|upkeep\n|turn|33\n|\n|t:|1700240919\n|move|p2a: Latios|Psychic|p1a: Cresselia\n|-supereffective|p1a: Cresselia\n|-damage|p1a: Cresselia|42\/100\n|-unboost|p1a: Cresselia|spd|1\n|move|p1a: Cresselia|Moonlight|p1a: Cresselia\n|-heal|p1a: Cresselia|92\/100\n|\n|upkeep\n|turn|34\n|\n|t:|1700240927\n|move|p2a: Latios|Psychic|p1a: Cresselia\n|-supereffective|p1a: Cresselia\n|-damage|p1a: Cresselia|42\/100\n|move|p1a: Cresselia|Calm Mind|p1a: Cresselia\n|-boost|p1a: Cresselia|spa|1\n|-boost|p1a: Cresselia|spd|1\n|\n|upkeep\n|turn|35\n|\n|t:|1700240934\n|move|p2a: Latios|Psychic|p1a: Cresselia\n|-supereffective|p1a: Cresselia\n|-damage|p1a: Cresselia|3\/100\n|move|p1a: Cresselia|Moonlight|p1a: Cresselia\n|-heal|p1a: Cresselia|53\/100\n|\n|upkeep\n|turn|36\n|\n|t:|1700240941\n|move|p2a: Latios|Psychic|p1a: Cresselia\n|-supereffective|p1a: Cresselia\n|-damage|p1a: Cresselia|14\/100\n|-unboost|p1a: Cresselia|spd|1\n|move|p1a: Cresselia|Moonlight|p1a: Cresselia\n|-heal|p1a: Cresselia|64\/100\n|\n|upkeep\n|turn|37\n|\n|t:|1700240950\n|move|p2a: Latios|Psychic|p1a: Cresselia\n|-supereffective|p1a: Cresselia\n|-damage|p1a: Cresselia|19\/100\n|move|p1a: Cresselia|Moonlight|p1a: Cresselia\n|-heal|p1a: Cresselia|69\/100\n|\n|upkeep\n|turn|38\n|\n|t:|1700240964\n|move|p2a: Latios|Psychic|p1a: Cresselia\n|-supereffective|p1a: Cresselia\n|-crit|p1a: Cresselia\n|-damage|p1a: Cresselia|0 fnt\n|faint|p1a: Cresselia\n|\n|upkeep\n|\n|t:|1700240974\n|switch|p1a: Ting-Lu|Ting-Lu|100\/100\n|-ability|p1a: Ting-Lu|Vessel of Ruin\n|turn|39\n|\n|t:|1700240980\n|switch|p2a: Gliscor|Gliscor, F|100\/100 tox\n|move|p1a: Ting-Lu|Stealth Rock|p2a: Gliscor\n|-sidestart|p2: testing a funni3|move: Stealth Rock\n|\n|upkeep\n|turn|40\n|\n|t:|1700240986\n|move|p2a: Gliscor|Toxic|p1a: Ting-Lu|[miss]\n|-miss|p2a: Gliscor|p1a: Ting-Lu\n|move|p1a: Ting-Lu|Spikes|p2a: Gliscor\n|-sidestart|p2: testing a funni3|Spikes\n|\n|upkeep\n|turn|41\n|\n|t:|1700240992\n|move|p2a: Gliscor|Toxic|p1a: Ting-Lu\n|-status|p1a: Ting-Lu|tox\n|move|p1a: Ting-Lu|Spikes|p2a: Gliscor\n|-sidestart|p2: testing a funni3|Spikes\n|\n|-damage|p1a: Ting-Lu|94\/100 tox|[from] psn\n|upkeep\n|turn|42\n|\n|t:|1700241000\n|move|p2a: Gliscor|Defog|p1a: Ting-Lu\n|-unboost|p1a: Ting-Lu|evasion|1\n|-sideend|p2: testing a funni3|Spikes|[from] move: Defog|[of] p2a: Gliscor\n|-sideend|p2: testing a funni3|Stealth Rock|[from] move: Defog|[of] p2a: Gliscor\n|move|p1a: Ting-Lu|Spikes|p2a: Gliscor\n|-sidestart|p2: testing a funni3|Spikes\n|\n|-damage|p1a: Ting-Lu|82\/100 tox|[from] psn\n|upkeep\n|turn|43\n|\n|t:|1700241008\n|move|p2a: Gliscor|Earthquake|p1a: Ting-Lu\n|-damage|p1a: Ting-Lu|66\/100 tox\n|move|p1a: Ting-Lu|Whirlwind|p2a: Gliscor\n|drag|p2a: Latios|Latios-Mega, M|100\/100\n|\n|-damage|p1a: Ting-Lu|48\/100 tox|[from] psn\n|upkeep\n|turn|44\n|\n|t:|1700241017\n|move|p2a: Latios|Aura Sphere|p1a: Ting-Lu\n|-supereffective|p1a: Ting-Lu\n|-damage|p1a: Ting-Lu|18\/100 tox\n|move|p1a: Ting-Lu|Rest|p1a: Ting-Lu\n|-status|p1a: Ting-Lu|slp|[from] move: Rest\n|-heal|p1a: Ting-Lu|100\/100 slp|[silent]\n|-enditem|p1a: Ting-Lu|Chesto Berry|[eat]\n|-curestatus|p1a: Ting-Lu|slp|[msg]\n|\n|upkeep\n|turn|45\n|\n|t:|1700241028\n|switch|p2a: Gliscor|Gliscor, F|100\/100 tox\n|switch|p1a: Tapu Koko|Tapu Koko, shiny|91\/100\n|-fieldstart|move: Electric Terrain|[from] ability: Electric Surge|[of] p1a: Tapu Koko\n|\n|upkeep\n|turn|46\n|\n|t:|1700241036\n|-terastallize|p2a: Gliscor|Fairy\n|move|p1a: Tapu Koko|Hidden Power|p2a: Gliscor\n|-damage|p2a: Gliscor|85\/100 tox\n|-damage|p1a: Tapu Koko|81\/100|[from] item: Life Orb\n|move|p2a: Gliscor|Earthquake|p1a: Tapu Koko\n|-supereffective|p1a: Tapu Koko\n|-damage|p1a: Tapu Koko|0 fnt\n|faint|p1a: Tapu Koko\n|\n|-heal|p2a: Gliscor|97\/100 tox|[from] ability: Poison Heal\n|upkeep\n|\n|t:|1700241050\n|switch|p1a: Ting-Lu|Ting-Lu|100\/100\n|-ability|p1a: Ting-Lu|Vessel of Ruin\n|turn|47\n|-message|MaizeFB forfeited.\n|\n|win|testing a funni3\n|raw|MaizeFB's rating: 1443 &rarr; <strong>1426<\/strong><br \/>(-17 for losing)\n|raw|testing a funni3's rating: 1502 &rarr; <strong>1519<\/strong><br \/>(+17 for winning)\n|l|\u2606MaizeFB\n","uploadtime":1700241060,"views":15,"p1id":"maizefb","p2id":"testingafunni3","formatid":"gen9nationaldex","rating":1426,"private":0,"password":""}