{"id":"gen9nationaldex-1990939042","p1":"mtyqjltz5","p2":"smmarmar","format":"[Gen 9] National Dex","log":"|j|\u2606mtyqjltz5\n|j|\u2606smmarmar\n|t:|1700017406\n|gametype|singles\n|player|p1|mtyqjltz5|elesa|1342\n|player|p2|smmarmar|102|1335\n|teamsize|p1|6\n|teamsize|p2|6\n|gen|9\n|tier|[Gen 9] National Dex\n|rated|\n|rule|HP Percentage Mod: HP is shown in percentages\n|rule|Endless Battle Clause: Forcing endless battles is banned\n|rule|OHKO Clause: OHKO moves are banned\n|rule|Evasion Clause: Evasion abilities, items, and moves are banned\n|rule|Evasion Abilities Clause: Evasion abilities are banned\n|rule|Evasion Items Clause: Evasion items are banned\n|rule|Evasion Moves Clause: Evasion moves are banned\n|rule|Species Clause: Limit one of each Pok\u00e9mon\n|rule|Sleep Clause Mod: Limit one foe put to sleep\n|clearpoke\n|poke|p1|Pidgeot, M|\n|poke|p1|Weezing-Galar, M|\n|poke|p1|Heatran, M|\n|poke|p1|Rillaboom, M|\n|poke|p1|Urshifu-*, M|\n|poke|p1|Slowking-Galar, M|\n|poke|p2|Zoroark-Hisui, F|\n|poke|p2|Iron Hands|\n|poke|p2|Kleavor, M|\n|poke|p2|Slowking-Galar, F|\n|poke|p2|Scizor, M|\n|poke|p2|Krookodile, F|\n|teampreview\n|inactive|Battle timer is ON: inactive players will automatically lose when time's up. (requested by smmarmar)\n|\n|t:|1700017424\n|start\n|switch|p1a: Urshifu|Urshifu-Rapid-Strike, M|100\/100\n|switch|p2a: Krookodile|Krookodile, F|100\/100\n|turn|1\n|\n|t:|1700017432\n|move|p1a: Urshifu|Surging Strikes|p2a: Krookodile\n|-crit|p2a: Krookodile\n|-damage|p2a: Krookodile|61\/100\n|replace|p2a: Zoroark|Zoroark-Hisui, F, shiny\n|-end|p2a: Zoroark|Illusion\n|-crit|p2a: Zoroark\n|-damage|p2a: Zoroark|24\/100\n|-crit|p2a: Zoroark\n|-damage|p2a: Zoroark|0 fnt\n|faint|p2a: Zoroark\n|-hitcount|p2: Zoroark|3\n|\n|upkeep\n|\n|t:|1700017435\n|switch|p2a: Slowking|Slowking-Galar, F|100\/100\n|turn|2\n|\n|t:|1700017448\n|switch|p1a: Heatran|Heatran, M|100\/100\n|move|p2a: Slowking|Future Sight|p1a: Heatran\n|-start|p2a: Slowking|move: Future Sight\n|\n|upkeep\n|turn|3\n|\n|t:|1700017459\n|move|p1a: Heatran|Taunt|p2a: Slowking\n|-start|p2a: Slowking|move: Taunt\n|cant|p2a: Slowking|move: Taunt|Chilly Reception\n|\n|upkeep\n|turn|4\n|\n|t:|1700017464\n|switch|p2a: Iron Hands|Iron Hands|100\/100\n|-enditem|p2a: Iron Hands|Booster Energy\n|-activate|p2a: Iron Hands|ability: Quark Drive|[fromitem]\n|-start|p2a: Iron Hands|quarkdriveatk\n|move|p1a: Heatran|Magma Storm|p2a: Iron Hands|[miss]\n|-miss|p1a: Heatran|p2a: Iron Hands\n|\n|-end|p1a: Heatran|move: Future Sight\n|-resisted|p1a: Heatran\n|-damage|p1a: Heatran|87\/100\n|-heal|p1a: Heatran|93\/100|[from] item: Leftovers\n|upkeep\n|turn|5\n|\n|t:|1700017474\n|switch|p1a: Weezing|Weezing-Galar, M|100\/100\n|move|p2a: Iron Hands|Thunder Punch|p1a: Weezing\n|-damage|p1a: Weezing|74\/100\n|\n|-heal|p1a: Weezing|80\/100|[from] item: Leftovers\n|upkeep\n|turn|6\n|\n|t:|1700017492\n|-end|p2a: Iron Hands|Quark Drive|[silent]\n|switch|p2a: Scizor|Scizor, M|100\/100\n|move|p1a: Weezing|Will-O-Wisp|p2a: Scizor\n|-status|p2a: Scizor|brn\n|\n|-heal|p1a: Weezing|86\/100|[from] item: Leftovers\n|-damage|p2a: Scizor|94\/100 brn|[from] brn\n|upkeep\n|turn|7\n|\n|t:|1700017507\n|switch|p1a: Slowking|Slowking-Galar, M|100\/100\n|move|p2a: Scizor|U-turn|p1a: Slowking\n|-damage|p1a: Slowking|87\/100\n|\n|t:|1700017518\n|switch|p2a: Krookodile|Krookodile, F|100\/100|[from] U-turn\n|\n|upkeep\n|turn|8\n|\n|t:|1700017529\n|switch|p1a: Weezing|Weezing-Galar, M|86\/100\n|move|p2a: Krookodile|Bulk Up|p2a: Krookodile\n|-boost|p2a: Krookodile|atk|1\n|-boost|p2a: Krookodile|def|1\n|\n|-heal|p1a: Weezing|92\/100|[from] item: Leftovers\n|upkeep\n|turn|9\n|\n|t:|1700017536\n|switch|p2a: Scizor|Scizor, M|94\/100 brn\n|move|p1a: Weezing|Will-O-Wisp|p2a: Scizor\n|-fail|p2a: Scizor|brn\n|\n|-heal|p2a: Scizor|100\/100 brn|[from] item: Leftovers\n|-heal|p1a: Weezing|98\/100|[from] item: Leftovers\n|-damage|p2a: Scizor|94\/100 brn|[from] brn\n|upkeep\n|turn|10\n|\n|t:|1700017558\n|move|p2a: Scizor|U-turn|p1a: Weezing\n|-resisted|p1a: Weezing\n|-damage|p1a: Weezing|95\/100\n|\n|t:|1700017565\n|switch|p2a: Slowking|Slowking-Galar, F|100\/100|[from] U-turn\n|move|p1a: Weezing|Strange Steam|p2a: Slowking\n|-resisted|p2a: Slowking\n|-damage|p2a: Slowking|92\/100\n|\n|-heal|p1a: Weezing|100\/100|[from] item: Leftovers\n|upkeep\n|turn|11\n|\n|t:|1700017572\n|move|p1a: Weezing|Toxic Spikes|p2a: Slowking\n|-sidestart|p2: smmarmar|move: Toxic Spikes\n|move|p2a: Slowking|Nasty Plot|p2a: Slowking\n|-boost|p2a: Slowking|spa|2\n|\n|upkeep\n|turn|12\n|\n|t:|1700017577\n|switch|p1a: Heatran|Heatran, M|93\/100\n|move|p2a: Slowking|Future Sight|p1a: Heatran\n|-start|p2a: Slowking|move: Future Sight\n|\n|-heal|p1a: Heatran|99\/100|[from] item: Leftovers\n|upkeep\n|turn|13\n|\n|t:|1700017586\n|switch|p2a: Scizor|Scizor, M|94\/100 brn\n|move|p1a: Heatran|Stealth Rock|p2a: Scizor\n|-sidestart|p2: smmarmar|move: Stealth Rock\n|\n|-heal|p1a: Heatran|100\/100|[from] item: Leftovers\n|-heal|p2a: Scizor|100\/100 brn|[from] item: Leftovers\n|-damage|p2a: Scizor|94\/100 brn|[from] brn\n|upkeep\n|turn|14\n|\n|t:|1700017604\n|-terastallize|p2a: Scizor|Water\n|move|p1a: Heatran|Magma Storm|p2a: Scizor\n|-resisted|p2a: Scizor\n|-damage|p2a: Scizor|70\/100 brn\n|-activate|p2a: Scizor|move: Magma Storm|[of] p1a: Heatran\n|move|p2a: Scizor|Defog|p1a: Heatran\n|-unboost|p1a: Heatran|evasion|1\n|-sideend|p2: smmarmar|Toxic Spikes|[from] move: Defog|[of] p2a: Scizor\n|-sideend|p2: smmarmar|Stealth Rock|[from] move: Defog|[of] p2a: Scizor\n|\n|-end|p1a: Heatran|move: Future Sight\n|-resisted|p1a: Heatran\n|-damage|p1a: Heatran|88\/100\n|-heal|p1a: Heatran|94\/100|[from] item: Leftovers\n|-heal|p2a: Scizor|77\/100 brn|[from] item: Leftovers\n|-damage|p2a: Scizor|70\/100 brn|[from] brn\n|-damage|p2a: Scizor|58\/100 brn|[from] move: Magma Storm|[partiallytrapped]\n|upkeep\n|turn|15\n|\n|t:|1700017624\n|move|p1a: Heatran|Stealth Rock|p2a: Scizor\n|-sidestart|p2: smmarmar|move: Stealth Rock\n|move|p2a: Scizor|Roost|p2a: Scizor\n|-heal|p2a: Scizor|100\/100 brn\n|\n|-heal|p1a: Heatran|99\/100|[from] item: Leftovers\n|-damage|p2a: Scizor|94\/100 brn|[from] brn\n|-damage|p2a: Scizor|82\/100 brn|[from] move: Magma Storm|[partiallytrapped]\n|upkeep\n|turn|16\n|\n|t:|1700017632\n|move|p1a: Heatran|Earth Power|p2a: Scizor\n|-damage|p2a: Scizor|54\/100 brn\n|move|p2a: Scizor|U-turn|p1a: Heatran\n|-resisted|p1a: Heatran\n|-damage|p1a: Heatran|97\/100\n|\n|t:|1700017638\n|switch|p2a: Kleavor|Kleavor, M, shiny|100\/100|[from] U-turn\n|-damage|p2a: Kleavor|76\/100|[from] Stealth Rock\n|\n|-heal|p1a: Heatran|100\/100|[from] item: Leftovers\n|upkeep\n|turn|17\n|\n|t:|1700017647\n|switch|p1a: Weezing|Weezing-Galar, M|100\/100\n|move|p2a: Kleavor|Stone Axe|p1a: Weezing\n|-damage|p1a: Weezing|66\/100\n|-sidestart|p1: mtyqjltz5|move: Stealth Rock\n|\n|-heal|p1a: Weezing|72\/100|[from] item: Leftovers\n|upkeep\n|turn|18\n|inactive|mtyqjltz5 has 120 seconds left.\n|\n|t:|1700017685\n|move|p2a: Kleavor|Stone Axe|p1a: Weezing\n|-damage|p1a: Weezing|36\/100\n|move|p1a: Weezing|Strange Steam|p2a: Kleavor\n|-damage|p2a: Kleavor|33\/100\n|\n|-heal|p1a: Weezing|42\/100|[from] item: Leftovers\n|upkeep\n|turn|19\n|inactive|mtyqjltz5 has 120 seconds left.\n|\n|t:|1700017710\n|switch|p1a: Rillaboom|Rillaboom, M|100\/100\n|-damage|p1a: Rillaboom|88\/100|[from] Stealth Rock\n|-fieldstart|move: Grassy Terrain|[from] ability: Grassy Surge|[of] p1a: Rillaboom\n|move|p2a: Kleavor|Stone Axe|p1a: Rillaboom\n|-damage|p1a: Rillaboom|36\/100\n|\n|-heal|p2a: Kleavor|39\/100|[from] Grassy Terrain\n|-heal|p1a: Rillaboom|42\/100|[from] Grassy Terrain\n|upkeep\n|turn|20\n|\n|t:|1700017734\n|switch|p2a: Slowking|Slowking-Galar, F|100\/100\n|-damage|p2a: Slowking|88\/100|[from] Stealth Rock\n|-terastallize|p1a: Rillaboom|Grass\n|move|p1a: Rillaboom|Grassy Glide|p2a: Slowking\n|-resisted|p2a: Slowking\n|-damage|p2a: Slowking|55\/100\n|-damage|p1a: Rillaboom|26\/100|[from] item: Rocky Helmet|[of] p2a: Slowking\n|\n|-heal|p1a: Rillaboom|32\/100|[from] Grassy Terrain\n|-heal|p2a: Slowking|61\/100|[from] Grassy Terrain\n|upkeep\n|turn|21\n|\n|t:|1700017748\n|switch|p1a: Heatran|Heatran, M|100\/100\n|-damage|p1a: Heatran|88\/100|[from] Stealth Rock\n|move|p2a: Slowking|Flamethrower|p1a: Heatran\n|-start|p1a: Heatran|ability: Flash Fire\n|\n|-heal|p1a: Heatran|94\/100|[from] Grassy Terrain\n|-heal|p1a: Heatran|100\/100|[from] item: Leftovers\n|-heal|p2a: Slowking|67\/100|[from] Grassy Terrain\n|upkeep\n|turn|22\n|\n|t:|1700017754\n|switch|p2a: Krookodile|Krookodile, F|100\/100\n|-damage|p2a: Krookodile|94\/100|[from] Stealth Rock\n|move|p1a: Heatran|Magma Storm|p2a: Krookodile|[miss]\n|-miss|p1a: Heatran|p2a: Krookodile\n|\n|-heal|p2a: Krookodile|100\/100|[from] Grassy Terrain\n|upkeep\n|turn|23\n|inactive|mtyqjltz5 has 90 seconds left.\n|\n|t:|1700017800\n|switch|p2a: Kleavor|Kleavor, M, shiny|39\/100\n|-damage|p2a: Kleavor|14\/100|[from] Stealth Rock\n|-end|p1a: Heatran|ability: Flash Fire|[silent]\n|switch|p1a: Urshifu|Urshifu-Rapid-Strike, M|100\/100\n|-damage|p1a: Urshifu|94\/100|[from] Stealth Rock\n|\n|-heal|p1a: Urshifu|100\/100|[from] Grassy Terrain\n|-heal|p2a: Kleavor|20\/100|[from] Grassy Terrain\n|-fieldend|move: Grassy Terrain\n|upkeep\n|turn|24\n|\n|t:|1700017808\n|move|p1a: Urshifu|Surging Strikes|p2a: Kleavor\n|-supereffective|p2a: Kleavor\n|-crit|p2a: Kleavor\n|-damage|p2a: Kleavor|0 fnt\n|faint|p2a: Kleavor\n|-hitcount|p2: Kleavor|1\n|\n|upkeep\n|\n|t:|1700017812\n|switch|p2a: Scizor|Scizor, M, tera:Water|54\/100 brn\n|-damage|p2a: Scizor|42\/100 brn|[from] Stealth Rock\n|turn|25\n|\n|t:|1700017816\n|move|p1a: Urshifu|Surging Strikes|p2a: Scizor\n|-resisted|p2a: Scizor\n|-crit|p2a: Scizor\n|-damage|p2a: Scizor|32\/100 brn\n|-resisted|p2a: Scizor\n|-crit|p2a: Scizor\n|-damage|p2a: Scizor|23\/100 brn\n|-resisted|p2a: Scizor\n|-crit|p2a: Scizor\n|-damage|p2a: Scizor|12\/100 brn\n|-hitcount|p2a: Scizor|3\n|move|p2a: Scizor|Roost|p2a: Scizor\n|-heal|p2a: Scizor|62\/100 brn\n|\n|-heal|p2a: Scizor|69\/100 brn|[from] item: Leftovers\n|-damage|p2a: Scizor|62\/100 brn|[from] brn\n|upkeep\n|turn|26\n|inactive|mtyqjltz5 has 90 seconds left.\n|\n|t:|1700017830\n|move|p1a: Urshifu|Surging Strikes|p2a: Scizor\n|-resisted|p2a: Scizor\n|-crit|p2a: Scizor\n|-damage|p2a: Scizor|53\/100 brn\n|-resisted|p2a: Scizor\n|-crit|p2a: Scizor\n|-damage|p2a: Scizor|44\/100 brn\n|-resisted|p2a: Scizor\n|-crit|p2a: Scizor\n|-damage|p2a: Scizor|33\/100 brn\n|-hitcount|p2a: Scizor|3\n|move|p2a: Scizor|U-turn|p1a: Urshifu\n|-resisted|p1a: Urshifu\n|-damage|p1a: Urshifu|93\/100\n|\n|t:|1700017834\n|switch|p2a: Iron Hands|Iron Hands|100\/100|[from] U-turn\n|-damage|p2a: Iron Hands|94\/100|[from] Stealth Rock\n|\n|upkeep\n|turn|27\n|\n|t:|1700017843\n|switch|p1a: Slowking|Slowking-Galar, M|100\/100\n|move|p2a: Iron Hands|Thunder Punch|p1a: Slowking\n|-damage|p1a: Slowking|73\/100\n|\n|upkeep\n|turn|28\n|\n|t:|1700017850\n|move|p2a: Iron Hands|Earthquake|p1a: Slowking\n|-supereffective|p1a: Slowking\n|-damage|p1a: Slowking|27\/100\n|move|p1a: Slowking|Future Sight|p2a: Iron Hands\n|-start|p1a: Slowking|move: Future Sight\n|\n|upkeep\n|turn|29\n|\n|t:|1700017862\n|switch|p1a: Weezing|Weezing-Galar, M|42\/100\n|-damage|p1a: Weezing|30\/100|[from] Stealth Rock\n|move|p2a: Iron Hands|Thunder Punch|p1a: Weezing\n|-damage|p1a: Weezing|6\/100\n|\n|-heal|p1a: Weezing|12\/100|[from] item: Leftovers\n|upkeep\n|turn|30\n|\n|t:|1700017875\n|-end|p2a: Iron Hands|Quark Drive|[silent]\n|switch|p2a: Slowking|Slowking-Galar, F|100\/100\n|-damage|p2a: Slowking|88\/100|[from] Stealth Rock\n|move|p1a: Weezing|Strange Steam|p2a: Slowking\n|-resisted|p2a: Slowking\n|-damage|p2a: Slowking|79\/100\n|\n|-end|p2a: Slowking|move: Future Sight\n|-damage|p2a: Slowking|47\/100\n|-heal|p1a: Weezing|18\/100|[from] item: Leftovers\n|upkeep\n|turn|31\n|inactive|mtyqjltz5 has 120 seconds left.\n|\n|t:|1700017892\n|switch|p1a: Heatran|Heatran, M|100\/100\n|-damage|p1a: Heatran|88\/100|[from] Stealth Rock\n|move|p2a: Slowking|Chilly Reception|p2a: Slowking\n|-weather|Snow\n|\n|t:|1700017899\n|switch|p2a: Krookodile|Krookodile, F|100\/100|[from] Chilly Reception\n|-damage|p2a: Krookodile|94\/100|[from] Stealth Rock\n|\n|-weather|Snow|[upkeep]\n|-heal|p2a: Krookodile|100\/100|[from] item: Leftovers\n|-heal|p1a: Heatran|94\/100|[from] item: Leftovers\n|upkeep\n|turn|32\n|inactive|mtyqjltz5 has 120 seconds left.\n|inactive|mtyqjltz5 has 90 seconds left.\n|inactive|mtyqjltz5 has 60 seconds left.\n|\n|t:|1700017965\n|switch|p1a: Weezing|Weezing-Galar, M|18\/100\n|-damage|p1a: Weezing|6\/100|[from] Stealth Rock\n|move|p2a: Krookodile|Bulk Up|p2a: Krookodile\n|-boost|p2a: Krookodile|atk|1\n|-boost|p2a: Krookodile|def|1\n|\n|-weather|Snow|[upkeep]\n|-heal|p1a: Weezing|12\/100|[from] item: Leftovers\n|upkeep\n|turn|33\n|\n|t:|1700017976\n|move|p2a: Krookodile|Knock Off|p1a: Weezing\n|-resisted|p1a: Weezing\n|-damage|p1a: Weezing|0 fnt\n|-enditem|p1a: Weezing|Leftovers|[from] move: Knock Off|[of] p2a: Krookodile\n|faint|p1a: Weezing\n|-ability|p2a: Krookodile|Moxie|boost\n|-boost|p2a: Krookodile|atk|1\n|\n|-weather|Snow|[upkeep]\n|upkeep\n|\n|t:|1700017980\n|switch|p1a: Urshifu|Urshifu-Rapid-Strike, M|93\/100\n|-damage|p1a: Urshifu|86\/100|[from] Stealth Rock\n|turn|34\n|\n|t:|1700017992\n|move|p1a: Urshifu|Surging Strikes|p2a: Krookodile\n|-supereffective|p2a: Krookodile\n|-crit|p2a: Krookodile\n|-damage|p2a: Krookodile|49\/100\n|-supereffective|p2a: Krookodile\n|-crit|p2a: Krookodile\n|-damage|p2a: Krookodile|0 fnt\n|faint|p2a: Krookodile\n|-hitcount|p2: Krookodile|2\n|\n|-weather|Snow|[upkeep]\n|upkeep\n|\n|t:|1700017998\n|switch|p2a: Slowking|Slowking-Galar, F|80\/100\n|-damage|p2a: Slowking|68\/100|[from] Stealth Rock\n|turn|35\n|inactive|mtyqjltz5 has 90 seconds left.\n|\n|t:|1700018005\n|switch|p2a: Iron Hands|Iron Hands|94\/100\n|-damage|p2a: Iron Hands|88\/100|[from] Stealth Rock\n|move|p1a: Urshifu|Surging Strikes|p2a: Iron Hands\n|-crit|p2a: Iron Hands\n|-damage|p2a: Iron Hands|77\/100\n|-crit|p2a: Iron Hands\n|-damage|p2a: Iron Hands|66\/100\n|-crit|p2a: Iron Hands\n|-damage|p2a: Iron Hands|55\/100\n|-hitcount|p2a: Iron Hands|3\n|\n|-weather|none\n|upkeep\n|turn|36\n|-message|smmarmar forfeited.\n|\n|win|mtyqjltz5\n|raw|mtyqjltz5's rating: 1342 &rarr; <strong>1362<\/strong><br \/>(+20 for winning)\n|raw|smmarmar's rating: 1335 &rarr; <strong>1315<\/strong><br \/>(-20 for losing)\n|l|\u2606smmarmar\n","uploadtime":1700018023,"views":4,"p1id":"mtyqjltz5","p2id":"smmarmar","formatid":"gen9nationaldex","rating":1315,"private":0,"password":""}