{"id":"gen9nationaldex-1990126797","p1":"JogadorCaro","p2":"yuanpi414","format":"[Gen 9] National Dex","log":"|j|\u2606JogadorCaro\n|j|\u2606yuanpi414\n|t:|1699927423\n|gametype|singles\n|player|p1|JogadorCaro|tate|1725\n|player|p2|yuanpi414|giovanni|1612\n|teamsize|p1|6\n|teamsize|p2|6\n|gen|9\n|tier|[Gen 9] National Dex\n|rated|\n|rule|HP Percentage Mod: HP is shown in percentages\n|rule|Endless Battle Clause: Forcing endless battles is banned\n|rule|OHKO Clause: OHKO moves are banned\n|rule|Evasion Clause: Evasion abilities, items, and moves are banned\n|rule|Evasion Abilities Clause: Evasion abilities are banned\n|rule|Evasion Items Clause: Evasion items are banned\n|rule|Evasion Moves Clause: Evasion moves are banned\n|rule|Species Clause: Limit one of each Pok\u00e9mon\n|rule|Sleep Clause Mod: Limit one foe put to sleep\n|clearpoke\n|poke|p1|Garganacl, M|\n|poke|p1|Zamazenta-*|\n|poke|p1|Volcarona, M|\n|poke|p1|Hoopa-Unbound|\n|poke|p1|Dondozo, M|\n|poke|p1|Rotom-Wash|\n|poke|p2|Pelipper, M|\n|poke|p2|Goodra-Hisui, F|\n|poke|p2|Moltres|\n|poke|p2|Urshifu-*, F|\n|poke|p2|Tapu Lele|\n|poke|p2|Swampert, M|\n|teampreview\n|\n|t:|1699927438\n|start\n|switch|p1a: mulher|Rotom-Wash|100\/100\n|switch|p2a: Tapu Lele|Tapu Lele|100\/100\n|-fieldstart|move: Psychic Terrain|[from] ability: Psychic Surge|[of] p2a: Tapu Lele\n|turn|1\n|j| xuxiansheng\n|\n|t:|1699927447\n|move|p2a: Tapu Lele|Moonblast|p1a: mulher\n|-damage|p1a: mulher|46\/100\n|move|p1a: mulher|Volt Switch|p2a: Tapu Lele\n|-damage|p2a: Tapu Lele|73\/100\n|\n|t:|1699927453\n|switch|p1a: Endeavor|Volcarona, M|100\/100|[from] Volt Switch\n|\n|upkeep\n|turn|2\n|\n|t:|1699927461\n|switch|p1a: mulher|Rotom-Wash|46\/100\n|switch|p2a: Pelipper|Pelipper, M|100\/100\n|-weather|RainDance|[from] ability: Drizzle|[of] p2a: Pelipper\n|\n|-weather|RainDance|[upkeep]\n|-heal|p1a: mulher|52\/100|[from] item: Leftovers\n|upkeep\n|turn|3\n|\n|t:|1699927474\n|switch|p2a: Swampert|Swampert, M|100\/100\n|move|p1a: mulher|Hydro Pump|p2a: Swampert\n|-damage|p2a: Swampert|35\/100\n|\n|-weather|RainDance|[upkeep]\n|-heal|p1a: mulher|59\/100|[from] item: Leftovers\n|upkeep\n|turn|4\n|\n|t:|1699927486\n|detailschange|p2a: Swampert|Swampert-Mega, M\n|-mega|p2a: Swampert|Swampert|Swampertite\n|move|p2a: Swampert|Substitute|p2a: Swampert\n|-start|p2a: Swampert|Substitute\n|-damage|p2a: Swampert|10\/100\n|move|p1a: mulher|Hydro Pump|p2a: Swampert\n|-end|p2a: Swampert|Substitute\n|\n|-weather|RainDance|[upkeep]\n|-heal|p1a: mulher|65\/100|[from] item: Leftovers\n|upkeep\n|turn|5\n|\n|t:|1699927498\n|switch|p2a: Goodra|Goodra-Hisui, F|100\/100\n|move|p1a: mulher|Hydro Pump|p2a: Goodra\n|-resisted|p2a: Goodra\n|-damage|p2a: Goodra|88\/100\n|\n|-weather|RainDance|[upkeep]\n|-heal|p1a: mulher|71\/100|[from] item: Leftovers\n|-fieldend|move: Psychic Terrain\n|upkeep\n|turn|6\n|\n|t:|1699927509\n|move|p1a: mulher|Volt Switch|p2a: Goodra\n|-resisted|p2a: Goodra\n|-damage|p2a: Goodra|82\/100\n|\n|t:|1699927513\n|switch|p1a: Toji|Zamazenta|100\/100|[from] Volt Switch\n|-ability|p1a: Toji|Dauntless Shield|boost\n|-boost|p1a: Toji|def|1\n|move|p2a: Goodra|Thunder|p1a: Toji\n|-damage|p1a: Toji|63\/100\n|\n|-weather|RainDance|[upkeep]\n|upkeep\n|turn|7\n|\n|t:|1699927526\n|switch|p1a: Agito|Hoopa-Unbound|100\/100\n|move|p2a: Goodra|Surf|p1a: Agito\n|-damage|p1a: Agito|58\/100\n|\n|-weather|RainDance|[upkeep]\n|upkeep\n|turn|8\n|\n|t:|1699927535\n|switch|p2a: Moltres|Moltres|100\/100\n|move|p1a: Agito|Focus Blast|p2a: Moltres\n|-resisted|p2a: Moltres\n|-damage|p2a: Moltres|64\/100\n|\n|-weather|RainDance|[upkeep]\n|upkeep\n|turn|9\n|\n|t:|1699927544\n|switch|p1a: mulher|Rotom-Wash|71\/100\n|switch|p2a: Tapu Lele|Tapu Lele|73\/100\n|-fieldstart|move: Psychic Terrain|[from] ability: Psychic Surge|[of] p2a: Tapu Lele\n|\n|-weather|none\n|-heal|p1a: mulher|77\/100|[from] item: Leftovers\n|upkeep\n|turn|10\n|\n|t:|1699927556\n|move|p2a: Tapu Lele|Moonblast|p1a: mulher\n|-damage|p1a: mulher|18\/100\n|move|p1a: mulher|Volt Switch|p2a: Tapu Lele\n|-damage|p2a: Tapu Lele|46\/100\n|\n|t:|1699927562\n|switch|p1a: Endeavor|Volcarona, M|100\/100|[from] Volt Switch\n|\n|upkeep\n|turn|11\n|\n|t:|1699927569\n|switch|p2a: Pelipper|Pelipper, M|100\/100\n|-weather|RainDance|[from] ability: Drizzle|[of] p2a: Pelipper\n|move|p1a: Endeavor|Quiver Dance|p1a: Endeavor\n|-boost|p1a: Endeavor|spa|1\n|-boost|p1a: Endeavor|spd|1\n|-boost|p1a: Endeavor|spe|1\n|\n|-weather|RainDance|[upkeep]\n|upkeep\n|turn|12\n|\n|t:|1699927578\n|move|p1a: Endeavor|Giga Drain|p2a: Pelipper\n|-damage|p2a: Pelipper|43\/100\n|move|p2a: Pelipper|U-turn|p1a: Endeavor\n|-resisted|p1a: Endeavor\n|-damage|p1a: Endeavor|93\/100\n|\n|t:|1699927588\n|switch|p2a: Moltres|Moltres|64\/100|[from] U-turn\n|\n|-weather|RainDance|[upkeep]\n|upkeep\n|turn|13\n|\n|t:|1699927601\n|switch|p1a: mulher|Rotom-Wash|18\/100\n|move|p2a: Moltres|Hurricane|p1a: mulher\n|-resisted|p1a: mulher\n|-damage|p1a: mulher|0 fnt\n|faint|p1a: mulher\n|\n|-weather|RainDance|[upkeep]\n|-fieldend|move: Psychic Terrain\n|upkeep\n|\n|t:|1699927607\n|switch|p1a: Agito|Hoopa-Unbound|58\/100\n|turn|14\n|\n|t:|1699927616\n|switch|p2a: Urshifu|Urshifu-Rapid-Strike, F|100\/100\n|move|p1a: Agito|Psychic|p2a: Urshifu\n|-supereffective|p2a: Urshifu\n|-damage|p2a: Urshifu|0 fnt\n|faint|p2a: Urshifu\n|\n|-weather|RainDance|[upkeep]\n|upkeep\n|\n|t:|1699927626\n|switch|p2a: Tapu Lele|Tapu Lele|46\/100\n|-fieldstart|move: Psychic Terrain|[from] ability: Psychic Surge|[of] p2a: Tapu Lele\n|turn|15\n|j| YJLF2\n|\n|t:|1699927632\n|switch|p1a: Endeavor|Volcarona, M|93\/100\n|move|p2a: Tapu Lele|Moonblast|p1a: Endeavor\n|-resisted|p1a: Endeavor\n|-damage|p1a: Endeavor|56\/100\n|\n|-weather|RainDance|[upkeep]\n|upkeep\n|turn|16\n|\n|t:|1699927644\n|switch|p2a: Goodra|Goodra-Hisui, F|82\/100\n|move|p1a: Endeavor|Fiery Dance|p2a: Goodra\n|-damage|p2a: Goodra|72\/100\n|-boost|p1a: Endeavor|spa|1\n|\n|-weather|RainDance|[upkeep]\n|upkeep\n|turn|17\n|\n|t:|1699927653\n|switch|p1a: Bale\u00e3o|Dondozo, M|100\/100\n|move|p2a: Goodra|Surf|p1a: Bale\u00e3o\n|-resisted|p1a: Bale\u00e3o\n|-damage|p1a: Bale\u00e3o|85\/100\n|\n|-weather|RainDance|[upkeep]\n|-heal|p1a: Bale\u00e3o|91\/100|[from] item: Leftovers\n|upkeep\n|turn|18\n|\n|t:|1699927667\n|move|p2a: Goodra|Thunder|p1a: Bale\u00e3o\n|-supereffective|p1a: Bale\u00e3o\n|-damage|p1a: Bale\u00e3o|43\/100\n|move|p1a: Bale\u00e3o|Wave Crash|p2a: Goodra\n|-resisted|p2a: Goodra\n|-damage|p2a: Goodra|46\/100\n|-damage|p1a: Bale\u00e3o|37\/100|[from] Recoil\n|\n|-weather|none\n|-heal|p1a: Bale\u00e3o|43\/100|[from] item: Leftovers\n|upkeep\n|turn|19\n|\n|t:|1699927678\n|switch|p1a: Toji|Zamazenta|63\/100\n|move|p2a: Goodra|Dragon Pulse|p1a: Toji\n|-damage|p1a: Toji|26\/100\n|\n|-fieldend|move: Psychic Terrain\n|upkeep\n|turn|20\n|\n|t:|1699927690\n|switch|p2a: Swampert|Swampert-Mega, M|10\/100\n|move|p1a: Toji|Wild Charge|p2a: Swampert\n|-immune|p2a: Swampert\n|\n|upkeep\n|turn|21\n|\n|t:|1699927697\n|switch|p1a: Bale\u00e3o|Dondozo, M|43\/100\n|move|p2a: Swampert|Liquidation|p1a: Bale\u00e3o\n|-resisted|p1a: Bale\u00e3o\n|-damage|p1a: Bale\u00e3o|29\/100\n|\n|-heal|p1a: Bale\u00e3o|35\/100|[from] item: Leftovers\n|upkeep\n|turn|22\n|\n|t:|1699927707\n|move|p2a: Swampert|Earthquake|p1a: Bale\u00e3o\n|-damage|p1a: Bale\u00e3o|0 fnt\n|faint|p1a: Bale\u00e3o\n|\n|upkeep\n|inactive|Battle timer is ON: inactive players will automatically lose when time's up. (requested by yuanpi414)\n|\n|t:|1699927734\n|switch|p1a: Agito|Hoopa-Unbound|58\/100\n|turn|23\n|\n|t:|1699927743\n|switch|p2a: Pelipper|Pelipper, M|43\/100\n|-weather|RainDance|[from] ability: Drizzle|[of] p2a: Pelipper\n|move|p1a: Agito|Dark Pulse|p2a: Pelipper\n|-damage|p2a: Pelipper|0 fnt\n|faint|p2a: Pelipper\n|\n|-weather|RainDance|[upkeep]\n|upkeep\n|\n|t:|1699927755\n|switch|p2a: Swampert|Swampert-Mega, M|10\/100\n|turn|24\n|\n|t:|1699927761\n|switch|p1a: Toji|Zamazenta|26\/100\n|move|p2a: Swampert|Liquidation|p1a: Toji\n|-damage|p1a: Toji|0 fnt\n|faint|p1a: Toji\n|\n|-weather|RainDance|[upkeep]\n|upkeep\n|\n|t:|1699927763\n|switch|p1a: Mahoraga|Garganacl, M|100\/100\n|turn|25\n|\n|t:|1699927772\n|-terastallize|p1a: Mahoraga|Ghost\n|move|p2a: Swampert|Earthquake|p1a: Mahoraga\n|-damage|p1a: Mahoraga|69\/100\n|move|p1a: Mahoraga|Salt Cure|p2a: Swampert\n|-resisted|p2a: Swampert\n|-damage|p2a: Swampert|3\/100\n|-start|p2a: Swampert|Salt Cure\n|\n|-weather|RainDance|[upkeep]\n|-heal|p1a: Mahoraga|75\/100|[from] item: Leftovers\n|-damage|p2a: Swampert|0 fnt|[from] Salt Cure\n|faint|p2a: Swampert\n|upkeep\n|\n|t:|1699927794\n|switch|p2a: Tapu Lele|Tapu Lele|46\/100\n|-fieldstart|move: Psychic Terrain|[from] ability: Psychic Surge|[of] p2a: Tapu Lele\n|turn|26\n|\n|t:|1699927801\n|-terastallize|p2a: Tapu Lele|Psychic\n|move|p2a: Tapu Lele|Psychic|p1a: Mahoraga\n|-crit|p1a: Mahoraga\n|-damage|p1a: Mahoraga|0 fnt\n|faint|p1a: Mahoraga\n|\n|-weather|RainDance|[upkeep]\n|upkeep\n|\n|t:|1699927806\n|switch|p1a: Agito|Hoopa-Unbound|58\/100\n|turn|27\n|\n|t:|1699927814\n|switch|p2a: Goodra|Goodra-Hisui, F|46\/100\n|move|p1a: Agito|Dark Pulse|p2a: Goodra\n|-damage|p2a: Goodra|13\/100\n|\n|-weather|RainDance|[upkeep]\n|upkeep\n|turn|28\n|\n|t:|1699927823\n|move|p1a: Agito|Dark Pulse|p2a: Goodra\n|-damage|p2a: Goodra|0 fnt\n|faint|p2a: Goodra\n|\n|-weather|RainDance|[upkeep]\n|upkeep\n|\n|t:|1699927831\n|switch|p2a: Tapu Lele|Tapu Lele, tera:Psychic|46\/100\n|turn|29\n|\n|t:|1699927834\n|switch|p1a: Endeavor|Volcarona, M|56\/100\n|move|p2a: Tapu Lele|Moonblast|p1a: Endeavor\n|-resisted|p1a: Endeavor\n|-damage|p1a: Endeavor|16\/100\n|-unboost|p1a: Endeavor|spa|1\n|\n|-weather|RainDance|[upkeep]\n|upkeep\n|turn|30\n|\n|t:|1699927844\n|move|p1a: Endeavor|Bug Buzz|p2a: Tapu Lele\n|-supereffective|p2a: Tapu Lele\n|-damage|p2a: Tapu Lele|0 fnt\n|faint|p2a: Tapu Lele\n|\n|-weather|none\n|-fieldend|move: Psychic Terrain\n|upkeep\n|c|\u2606JogadorCaro|oh..\n|c|\u2606JogadorCaro|wait\n|c|\u2606JogadorCaro|what?\n|\n|t:|1699927851\n|switch|p2a: Moltres|Moltres|64\/100\n|turn|31\n|\n|t:|1699927855\n|move|p1a: Endeavor|Fiery Dance|p2a: Moltres\n|-resisted|p2a: Moltres\n|-damage|p2a: Moltres|49\/100\n|move|p2a: Moltres|Roost|p2a: Moltres\n|-heal|p2a: Moltres|99\/100\n|-singleturn|p2a: Moltres|move: Roost\n|\n|upkeep\n|turn|32\n|\n|t:|1699927864\n|move|p1a: Endeavor|Fiery Dance|p2a: Moltres\n|-resisted|p2a: Moltres\n|-damage|p2a: Moltres|84\/100\n|-boost|p1a: Endeavor|spa|1\n|move|p2a: Moltres|Hurricane|p1a: Endeavor\n|-supereffective|p1a: Endeavor\n|-damage|p1a: Endeavor|0 fnt\n|faint|p1a: Endeavor\n|\n|upkeep\n|c|\u2606JogadorCaro|but you have U turn right?\n|\n|t:|1699927871\n|switch|p1a: Agito|Hoopa-Unbound|58\/100\n|turn|33\n|\n|t:|1699927875\n|move|p1a: Agito|Psychic|p2a: Moltres\n|-damage|p2a: Moltres|0 fnt\n|faint|p2a: Moltres\n|\n|win|JogadorCaro\n|raw|JogadorCaro's rating: 1725 &rarr; <strong>1739<\/strong><br \/>(+14 for winning)\n|raw|yuanpi414's rating: 1612 &rarr; <strong>1598<\/strong><br \/>(-14 for losing)\n|c|\u2606JogadorCaro|...\n|c|\u2606JogadorCaro|ok\n|c|\u2606JogadorCaro|gg\n","uploadtime":1699927891,"views":12,"p1id":"jogadorcaro","p2id":"yuanpi414","formatid":"gen9nationaldex","rating":1598,"private":0,"password":""}