{"id":"gen9nationaldex-1995001397","p1":"tprip17","p2":"Glass101","format":"[Gen 9] National Dex","log":"|html|<div class=\"broadcast-blue\"><strong>[Gen 9] National Dex is currently suspecting Sneasler! For information on how to participate check out the <a href=\"https:\/\/www.smogon.com\/forums\/threads\/sv-national-dex-suspect-8-just-dance.3731534\/\">suspect thread<\/a>.<\/strong><\/div>\n|j|\u2606tprip17\n|j|\u2606Glass101\n|t:|1700512200\n|gametype|singles\n|player|p1|tprip17|101|1462\n|player|p2|Glass101|rocketgruntf|1567\n|teamsize|p1|6\n|teamsize|p2|6\n|gen|9\n|tier|[Gen 9] National Dex\n|rated|\n|rule|HP Percentage Mod: HP is shown in percentages\n|rule|Endless Battle Clause: Forcing endless battles is banned\n|rule|OHKO Clause: OHKO moves are banned\n|rule|Evasion Clause: Evasion abilities, items, and moves are banned\n|rule|Evasion Abilities Clause: Evasion abilities are banned\n|rule|Evasion Items Clause: Evasion items are banned\n|rule|Evasion Moves Clause: Evasion moves are banned\n|rule|Species Clause: Limit one of each Pok\u00e9mon\n|rule|Sleep Clause Mod: Limit one foe put to sleep\n|clearpoke\n|poke|p1|Gyarados, F|\n|poke|p1|Gliscor, F|\n|poke|p1|Tapu Lele|\n|poke|p1|Blacephalon|\n|poke|p1|Ferrothorn, M|\n|poke|p1|Sneasler, F|\n|poke|p2|Clodsire, F|\n|poke|p2|Chansey, F|\n|poke|p2|Toxapex, M|\n|poke|p2|Skarmory, M|\n|poke|p2|Kyurem|\n|poke|p2|Sableye, F|\n|teampreview\n|inactive|Battle timer is ON: inactive players will automatically lose when time's up. (requested by Glass101)\n|\n|t:|1700512213\n|start\n|switch|p1a: Blacephalon|Blacephalon|100\/100\n|switch|p2a: Sorry \":D|Sableye, F|100\/100\n|turn|1\n|\n|t:|1700512219\n|detailschange|p2a: Sorry \":D|Sableye-Mega, F\n|-mega|p2a: Sorry \":D|Sableye|Sablenite\n|move|p1a: Blacephalon|Fire Blast|p2a: Sorry \":D\n|-damage|p2a: Sorry \":D|5\/100\n|move|p2a: Sorry \":D|Hex|p1a: Blacephalon\n|-supereffective|p1a: Blacephalon\n|-damage|p1a: Blacephalon|30\/100\n|\n|upkeep\n|turn|2\n|\n|t:|1700512225\n|switch|p2a: Ahh!|Toxapex, M|100\/100\n|move|p1a: Blacephalon|Fire Blast|p2a: Ahh!|[miss]\n|-miss|p1a: Blacephalon|p2a: Ahh!\n|\n|upkeep\n|turn|3\n|\n|t:|1700512230\n|switch|p1a: Gliscor|Gliscor, F|100\/100\n|move|p2a: Ahh!|Scald|p1a: Gliscor\n|-supereffective|p1a: Gliscor\n|-damage|p1a: Gliscor|58\/100\n|\n|-status|p1a: Gliscor|tox|[from] item: Toxic Orb\n|upkeep\n|turn|4\n|\n|t:|1700512241\n|switch|p1a: Blacephalon|Blacephalon|30\/100\n|move|p2a: Ahh!|Scald|p1a: Blacephalon\n|-supereffective|p1a: Blacephalon\n|-damage|p1a: Blacephalon|0 fnt\n|faint|p1a: Blacephalon\n|\n|upkeep\n|\n|t:|1700512257\n|switch|p1a: Tapu Lele|Tapu Lele|100\/100\n|-fieldstart|move: Psychic Terrain|[from] ability: Psychic Surge|[of] p1a: Tapu Lele\n|turn|5\n|\n|t:|1700512266\n|switch|p2a: Sorry \":D|Sableye-Mega, F|5\/100\n|move|p1a: Tapu Lele|Moonblast|p2a: Sorry \":D\n|-supereffective|p2a: Sorry \":D\n|-damage|p2a: Sorry \":D|0 fnt\n|faint|p2a: Sorry \":D\n|\n|upkeep\n|\n|t:|1700512273\n|switch|p2a: Ahh!|Toxapex, M|100\/100\n|turn|6\n|\n|t:|1700512289\n|switch|p1a: Ferrothorn|Ferrothorn, M|100\/100\n|move|p2a: Ahh!|Scald|p1a: Ferrothorn\n|-resisted|p1a: Ferrothorn\n|-damage|p1a: Ferrothorn|95\/100\n|\n|-heal|p1a: Ferrothorn|100\/100|[from] item: Leftovers\n|upkeep\n|turn|7\n|\n|t:|1700512294\n|switch|p2a: Whupsies|Chansey, F|100\/100\n|move|p1a: Ferrothorn|Knock Off|p2a: Whupsies\n|-damage|p2a: Whupsies|64\/100\n|-enditem|p2a: Whupsies|Eviolite|[from] move: Knock Off|[of] p1a: Ferrothorn\n|\n|upkeep\n|turn|8\n|\n|t:|1700512302\n|move|p2a: Whupsies|Stealth Rock|p1a: Ferrothorn\n|-sidestart|p1: tprip17|move: Stealth Rock\n|move|p1a: Ferrothorn|Leech Seed|p2a: Whupsies\n|-start|p2a: Whupsies|move: Leech Seed\n|\n|-damage|p2a: Whupsies|51\/100|[from] Leech Seed|[of] p1a: Ferrothorn\n|upkeep\n|turn|9\n|\n|t:|1700512308\n|switch|p2a: Oops|Kyurem|100\/100\n|-ability|p2a: Oops|Pressure\n|move|p1a: Ferrothorn|Leech Seed|p2a: Oops\n|-start|p2a: Oops|move: Leech Seed\n|\n|-damage|p2a: Oops|88\/100|[from] Leech Seed|[of] p1a: Ferrothorn\n|-fieldend|move: Psychic Terrain\n|upkeep\n|turn|10\n|\n|t:|1700512317\n|switch|p2a: The Worst|Skarmory, M|100\/100\n|move|p1a: Ferrothorn|Knock Off|p2a: The Worst\n|-damage|p2a: The Worst|88\/100\n|-enditem|p2a: The Worst|Leftovers|[from] move: Knock Off|[of] p1a: Ferrothorn\n|\n|upkeep\n|turn|11\n|\n|t:|1700512322\n|move|p2a: The Worst|Body Press|p1a: Ferrothorn\n|-supereffective|p1a: Ferrothorn\n|-damage|p1a: Ferrothorn|54\/100\n|-damage|p2a: The Worst|76\/100|[from] ability: Iron Barbs|[of] p1a: Ferrothorn\n|move|p1a: Ferrothorn|Leech Seed|p2a: The Worst\n|-start|p2a: The Worst|move: Leech Seed\n|\n|-heal|p1a: Ferrothorn|60\/100|[from] item: Leftovers\n|-damage|p2a: The Worst|63\/100|[from] Leech Seed|[of] p1a: Ferrothorn\n|-heal|p1a: Ferrothorn|72\/100|[silent]\n|upkeep\n|turn|12\n|\n|t:|1700512326\n|switch|p2a: Oops|Kyurem|88\/100\n|-ability|p2a: Oops|Pressure\n|move|p1a: Ferrothorn|Stealth Rock|p2a: Oops\n|-sidestart|p2: Glass101|move: Stealth Rock\n|\n|-heal|p1a: Ferrothorn|78\/100|[from] item: Leftovers\n|upkeep\n|turn|13\n|j| Diegogris\n|inactive|tprip17 has 120 seconds left.\n|\n|t:|1700512359\n|move|p2a: Oops|Substitute|p2a: Oops\n|-start|p2a: Oops|Substitute\n|-damage|p2a: Oops|63\/100\n|move|p1a: Ferrothorn|Leech Seed||[still]\n|-fail|p1a: Ferrothorn\n|\n|-heal|p1a: Ferrothorn|84\/100|[from] item: Leftovers\n|upkeep\n|turn|14\n|\n|t:|1700512364\n|move|p2a: Oops|Freeze-Dry|p1a: Ferrothorn\n|-damage|p1a: Ferrothorn|49\/100\n|-damage|p2a: Oops|53\/100|[from] item: Life Orb\n|move|p1a: Ferrothorn|Knock Off|p2a: Oops\n|-activate|p2a: Oops|move: Substitute|[damage]\n|\n|-heal|p1a: Ferrothorn|55\/100|[from] item: Leftovers\n|upkeep\n|turn|15\n|\n|t:|1700512373\n|move|p2a: Oops|Roost|p2a: Oops\n|-heal|p2a: Oops|100\/100\n|-singleturn|p2a: Oops|move: Roost\n|move|p1a: Ferrothorn|Knock Off|p2a: Oops\n|-end|p2a: Oops|Substitute\n|\n|-heal|p1a: Ferrothorn|61\/100|[from] item: Leftovers\n|upkeep\n|turn|16\n|\n|t:|1700512383\n|switch|p1a: Gliscor|Gliscor, F|58\/100 tox\n|-damage|p1a: Gliscor|46\/100 tox|[from] Stealth Rock\n|move|p2a: Oops|Substitute|p2a: Oops\n|-start|p2a: Oops|Substitute\n|-damage|p2a: Oops|76\/100\n|\n|-heal|p1a: Gliscor|58\/100 tox|[from] ability: Poison Heal\n|upkeep\n|turn|17\n|\n|t:|1700512388\n|move|p2a: Oops|Freeze-Dry|p1a: Gliscor\n|-supereffective|p1a: Gliscor\n|-damage|p1a: Gliscor|0 fnt\n|faint|p1a: Gliscor\n|-damage|p2a: Oops|66\/100|[from] item: Life Orb\n|\n|upkeep\n|inactive|tprip17 has 120 seconds left.\n|\n|t:|1700512443\n|switch|p1a: Tapu Lele|Tapu Lele|100\/100\n|-damage|p1a: Tapu Lele|88\/100|[from] Stealth Rock\n|-fieldstart|move: Psychic Terrain|[from] ability: Psychic Surge|[of] p1a: Tapu Lele\n|turn|18\n|\n|t:|1700512451\n|move|p1a: Tapu Lele|Psychic|p2a: Oops\n|-crit|p2a: Oops\n|-end|p2a: Oops|Substitute\n|move|p2a: Oops|Freeze-Dry|p1a: Tapu Lele\n|-damage|p1a: Tapu Lele|36\/100\n|-damage|p2a: Oops|56\/100|[from] item: Life Orb\n|\n|upkeep\n|turn|19\n|\n|t:|1700512457\n|switch|p2a: The Worst|Skarmory, M|63\/100\n|-damage|p2a: The Worst|51\/100|[from] Stealth Rock\n|-terastallize|p1a: Tapu Lele|Psychic\n|move|p1a: Tapu Lele|Psychic|p2a: The Worst\n|-resisted|p2a: The Worst\n|-damage|p2a: The Worst|0 fnt\n|faint|p2a: The Worst\n|\n|upkeep\n|\n|t:|1700512461\n|switch|p2a: Amazing Regardless|Clodsire, F|100\/100\n|-damage|p2a: Amazing Regardless|94\/100|[from] Stealth Rock\n|turn|20\n|inactive|tprip17 has 120 seconds left.\n|\n|t:|1700512467\n|switch|p1a: Ferrothorn|Ferrothorn, M|61\/100\n|-damage|p1a: Ferrothorn|55\/100|[from] Stealth Rock\n|-terastallize|p2a: Amazing Regardless|Dark\n|move|p2a: Amazing Regardless|Earthquake|p1a: Ferrothorn\n|-damage|p1a: Ferrothorn|34\/100\n|\n|-heal|p1a: Ferrothorn|41\/100|[from] item: Leftovers\n|upkeep\n|turn|21\n|\n|t:|1700512472\n|move|p2a: Amazing Regardless|Earthquake|p1a: Ferrothorn\n|-damage|p1a: Ferrothorn|21\/100\n|move|p1a: Ferrothorn|Leech Seed|p2a: Amazing Regardless\n|-start|p2a: Amazing Regardless|move: Leech Seed\n|\n|-heal|p1a: Ferrothorn|27\/100|[from] item: Leftovers\n|-damage|p2a: Amazing Regardless|82\/100|[from] Leech Seed|[of] p1a: Ferrothorn\n|-heal|p1a: Ferrothorn|44\/100|[silent]\n|upkeep\n|turn|22\n|\n|t:|1700512479\n|switch|p2a: Oops|Kyurem|56\/100\n|-damage|p2a: Oops|31\/100|[from] Stealth Rock\n|-ability|p2a: Oops|Pressure\n|move|p1a: Ferrothorn|Knock Off|p2a: Oops\n|-damage|p2a: Oops|12\/100\n|-enditem|p2a: Oops|Life Orb|[from] move: Knock Off|[of] p1a: Ferrothorn\n|\n|-heal|p1a: Ferrothorn|50\/100|[from] item: Leftovers\n|-fieldend|move: Psychic Terrain\n|upkeep\n|turn|23\n|\n|t:|1700512485\n|move|p2a: Oops|Roost|p2a: Oops\n|-heal|p2a: Oops|62\/100\n|-singleturn|p2a: Oops|move: Roost\n|move|p1a: Ferrothorn|Leech Seed|p2a: Oops\n|-start|p2a: Oops|move: Leech Seed\n|\n|-heal|p1a: Ferrothorn|56\/100|[from] item: Leftovers\n|-damage|p2a: Oops|50\/100|[from] Leech Seed|[of] p1a: Ferrothorn\n|-heal|p1a: Ferrothorn|72\/100|[silent]\n|upkeep\n|turn|24\n|\n|t:|1700512488\n|move|p2a: Oops|Roost|p2a: Oops\n|-heal|p2a: Oops|99\/100\n|-singleturn|p2a: Oops|move: Roost\n|move|p1a: Ferrothorn|Knock Off|p2a: Oops\n|-damage|p2a: Oops|89\/100\n|\n|-heal|p1a: Ferrothorn|78\/100|[from] item: Leftovers\n|-damage|p2a: Oops|77\/100|[from] Leech Seed|[of] p1a: Ferrothorn\n|-heal|p1a: Ferrothorn|94\/100|[silent]\n|upkeep\n|turn|25\n|\n|t:|1700512497\n|switch|p2a: Ahh!|Toxapex, M|100\/100\n|-damage|p2a: Ahh!|88\/100|[from] Stealth Rock\n|move|p1a: Ferrothorn|Knock Off|p2a: Ahh!\n|-damage|p2a: Ahh!|71\/100\n|-damage|p1a: Ferrothorn|78\/100|[from] item: Rocky Helmet|[of] p2a: Ahh!\n|-enditem|p2a: Ahh!|Rocky Helmet|[from] move: Knock Off|[of] p1a: Ferrothorn\n|\n|-heal|p1a: Ferrothorn|84\/100|[from] item: Leftovers\n|upkeep\n|turn|26\n|\n|t:|1700512509\n|move|p2a: Ahh!|Scald|p1a: Ferrothorn\n|-resisted|p1a: Ferrothorn\n|-damage|p1a: Ferrothorn|79\/100\n|move|p1a: Ferrothorn|Leech Seed|p2a: Ahh!\n|-start|p2a: Ahh!|move: Leech Seed\n|\n|-heal|p1a: Ferrothorn|85\/100|[from] item: Leftovers\n|-damage|p2a: Ahh!|59\/100|[from] Leech Seed|[of] p1a: Ferrothorn\n|-heal|p1a: Ferrothorn|94\/100|[silent]\n|upkeep\n|turn|27\n|\n|t:|1700512528\n|move|p2a: Ahh!|Scald|p1a: Ferrothorn\n|-resisted|p1a: Ferrothorn\n|-damage|p1a: Ferrothorn|89\/100\n|-status|p1a: Ferrothorn|brn\n|move|p1a: Ferrothorn|Knock Off|p2a: Ahh!\n|-damage|p2a: Ahh!|54\/100\n|\n|-heal|p1a: Ferrothorn|95\/100 brn|[from] item: Leftovers\n|-damage|p2a: Ahh!|41\/100|[from] Leech Seed|[of] p1a: Ferrothorn\n|-heal|p1a: Ferrothorn|100\/100 brn|[silent]\n|-damage|p1a: Ferrothorn|94\/100 brn|[from] brn\n|upkeep\n|turn|28\n|\n|t:|1700512541\n|switch|p2a: Whupsies|Chansey, F|51\/100\n|-damage|p2a: Whupsies|39\/100|[from] Stealth Rock\n|switch|p1a: Gyarados|Gyarados, F|100\/100\n|-damage|p1a: Gyarados|76\/100|[from] Stealth Rock\n|-ability|p1a: Gyarados|Intimidate|boost\n|-unboost|p2a: Whupsies|atk|1\n|\n|upkeep\n|turn|29\n|\n|t:|1700512573\n|detailschange|p1a: Gyarados|Gyarados-Mega, F\n|-mega|p1a: Gyarados|Gyarados|Gyaradosite\n|-ability|p1a: Gyarados|Mold Breaker\n|move|p1a: Gyarados|Dragon Dance|p1a: Gyarados\n|-boost|p1a: Gyarados|atk|1\n|-boost|p1a: Gyarados|spe|1\n|move|p2a: Whupsies|Stealth Rock||[still]\n|-fail|p2a: Whupsies\n|\n|upkeep\n|turn|30\n|\n|t:|1700512590\n|switch|p2a: Ahh!|Toxapex, M|74\/100\n|-damage|p2a: Ahh!|62\/100|[from] Stealth Rock\n|move|p1a: Gyarados|Dragon Dance|p1a: Gyarados\n|-boost|p1a: Gyarados|atk|1\n|-boost|p1a: Gyarados|spe|1\n|\n|upkeep\n|turn|31\n|\n|t:|1700512595\n|move|p1a: Gyarados|Crunch|p2a: Ahh!\n|-damage|p2a: Ahh!|0 fnt\n|faint|p2a: Ahh!\n|\n|upkeep\n|\n|t:|1700512606\n|switch|p2a: Amazing Regardless|Clodsire, F, tera:Dark|82\/100\n|-damage|p2a: Amazing Regardless|69\/100|[from] Stealth Rock\n|turn|32\n|\n|t:|1700512611\n|move|p1a: Gyarados|Waterfall|p2a: Amazing Regardless\n|-damage|p2a: Amazing Regardless|33\/100\n|move|p2a: Amazing Regardless|Counter|p1a: Gyarados\n|-damage|p1a: Gyarados|0 fnt\n|faint|p1a: Gyarados\n|\n|upkeep\n|\n|t:|1700512629\n|switch|p1a: Tapu Lele|Tapu Lele, tera:Psychic|36\/100\n|-damage|p1a: Tapu Lele|24\/100|[from] Stealth Rock\n|-fieldstart|move: Psychic Terrain|[from] ability: Psychic Surge|[of] p1a: Tapu Lele\n|turn|33\n|\n|t:|1700512635\n|move|p1a: Tapu Lele|Moonblast|p2a: Amazing Regardless\n|-supereffective|p2a: Amazing Regardless\n|-damage|p2a: Amazing Regardless|0 fnt\n|faint|p2a: Amazing Regardless\n|\n|upkeep\n|\n|t:|1700512640\n|switch|p2a: Whupsies|Chansey, F|39\/100\n|-damage|p2a: Whupsies|26\/100|[from] Stealth Rock\n|turn|34\n|\n|t:|1700512646\n|move|p1a: Tapu Lele|Moonblast|p2a: Whupsies\n|-damage|p2a: Whupsies|6\/100\n|-unboost|p2a: Whupsies|spa|1\n|move|p2a: Whupsies|Soft-Boiled|p2a: Whupsies\n|-heal|p2a: Whupsies|56\/100\n|\n|upkeep\n|turn|35\n|\n|t:|1700512657\n|switch|p1a: Sneasler|Sneasler, F|100\/100\n|-damage|p1a: Sneasler|95\/100|[from] Stealth Rock\n|-enditem|p1a: Sneasler|Psychic Seed\n|-boost|p1a: Sneasler|spd|1|[from] item: Psychic Seed\n|move|p2a: Whupsies|Soft-Boiled|p2a: Whupsies\n|-heal|p2a: Whupsies|100\/100\n|\n|upkeep\n|turn|36\n|\n|t:|1700512665\n|move|p1a: Sneasler|Swords Dance|p1a: Sneasler\n|-boost|p1a: Sneasler|atk|2\n|move|p2a: Whupsies|Seismic Toss|p1a: Sneasler\n|-damage|p1a: Sneasler|61\/100\n|\n|upkeep\n|turn|37\n|\n|t:|1700512691\n|move|p1a: Sneasler|Close Combat|p2a: Whupsies\n|-supereffective|p2a: Whupsies\n|-damage|p2a: Whupsies|0 fnt\n|-unboost|p1a: Sneasler|def|1\n|-unboost|p1a: Sneasler|spd|1\n|faint|p2a: Whupsies\n|\n|-fieldend|move: Psychic Terrain\n|upkeep\n|-message|Glass101 forfeited.\n|\n|win|tprip17\n|raw|tprip17's rating: 1462 &rarr; <strong>1488<\/strong><br \/>(+26 for winning)\n|raw|Glass101's rating: 1567 &rarr; <strong>1541<\/strong><br \/>(-26 for losing)\n|l|\u2606Glass101\n|l|\u2606tprip17\n","uploadtime":1700512698,"views":1,"p1id":"tprip17","p2id":"glass101","formatid":"gen9nationaldex","rating":1488,"private":0,"password":""}