{"id":"gen9nationaldex-1987377916","p1":"Greedy Monarch","p2":"naM kliM","format":"[Gen 9] National Dex","log":"|j|\u2606Greedy Monarch\n|j|\u2606naM kliM\n|t:|1699583745\n|gametype|singles\n|player|p1|Greedy Monarch|swimmer-gen4|1235\n|player|p2|naM kliM|teamrocket|1303\n|teamsize|p1|6\n|teamsize|p2|6\n|gen|9\n|tier|[Gen 9] National Dex\n|rated|\n|rule|HP Percentage Mod: HP is shown in percentages\n|rule|Endless Battle Clause: Forcing endless battles is banned\n|rule|OHKO Clause: OHKO moves are banned\n|rule|Evasion Clause: Evasion abilities, items, and moves are banned\n|rule|Evasion Abilities Clause: Evasion abilities are banned\n|rule|Evasion Items Clause: Evasion items are banned\n|rule|Evasion Moves Clause: Evasion moves are banned\n|rule|Species Clause: Limit one of each Pok\u00e9mon\n|rule|Sleep Clause Mod: Limit one foe put to sleep\n|clearpoke\n|poke|p1|Scolipede, F|\n|poke|p1|Armaldo, F|\n|poke|p1|Volcarona, F|\n|poke|p1|Scizor, M|\n|poke|p1|Frosmoth, F|\n|poke|p1|Kleavor, M|\n|poke|p2|Clodsire, F|\n|poke|p2|Garganacl, M|\n|poke|p2|Gliscor, F|\n|poke|p2|Lopunny, M|\n|poke|p2|Tyranitar, M|\n|poke|p2|Sinistcha|\n|teampreview\n|inactive|Battle timer is ON: inactive players will automatically lose when time's up. (requested by naM kliM)\n|inactive|Greedy Monarch has 120 seconds left.\n|c|\u2606naM kliM|Sucken dick\n|\n|t:|1699583788\n|start\n|switch|p1a: Sector|Scizor, M|100\/100\n|switch|p2a: Lopunny|Lopunny, M|100\/100\n|turn|1\n|\n|t:|1699583796\n|detailschange|p2a: Lopunny|Lopunny-Mega, M\n|-mega|p2a: Lopunny|Lopunny|Lopunnite\n|detailschange|p1a: Sector|Scizor-Mega, M\n|-mega|p1a: Sector|Scizor|Scizorite\n|move|p2a: Lopunny|Fake Out|p1a: Sector\n|-resisted|p1a: Sector\n|-damage|p1a: Sector|91\/100\n|cant|p1a: Sector|flinch\n|\n|upkeep\n|turn|2\n|\n|t:|1699583806\n|switch|p2a: Garganacl|Garganacl, M|100\/100\n|move|p1a: Sector|Swords Dance|p1a: Sector\n|-boost|p1a: Sector|atk|2\n|\n|upkeep\n|turn|3\n|\n|t:|1699583812\n|move|p1a: Sector|Bullet Punch|p2a: Garganacl\n|-supereffective|p2a: Garganacl\n|-damage|p2a: Garganacl|8\/100\n|move|p2a: Garganacl|Salt Cure|p1a: Sector\n|-damage|p1a: Sector|80\/100\n|-start|p1a: Sector|Salt Cure\n|\n|-heal|p2a: Garganacl|14\/100|[from] item: Leftovers\n|-damage|p1a: Sector|55\/100|[from] Salt Cure\n|upkeep\n|turn|4\n|\n|t:|1699583823\n|move|p2a: Garganacl|Protect|p2a: Garganacl\n|-singleturn|p2a: Garganacl|Protect\n|move|p1a: Sector|Bullet Punch|p2a: Garganacl\n|-activate|p2a: Garganacl|move: Protect\n|\n|-heal|p2a: Garganacl|20\/100|[from] item: Leftovers\n|-damage|p1a: Sector|30\/100|[from] Salt Cure\n|upkeep\n|turn|5\n|\n|t:|1699583832\n|move|p1a: Sector|Bullet Punch|p2a: Garganacl\n|-supereffective|p2a: Garganacl\n|-damage|p2a: Garganacl|0 fnt\n|faint|p2a: Garganacl\n|\n|-damage|p1a: Sector|5\/100|[from] Salt Cure\n|upkeep\n|\n|t:|1699583839\n|switch|p2a: Gliscor|Gliscor, F|100\/100\n|turn|6\n|\n|t:|1699583843\n|move|p1a: Sector|Bullet Punch|p2a: Gliscor\n|-crit|p2a: Gliscor\n|-damage|p2a: Gliscor|6\/100\n|move|p2a: Gliscor|Earthquake|p1a: Sector\n|-damage|p1a: Sector|0 fnt\n|faint|p1a: Sector\n|\n|-status|p2a: Gliscor|tox|[from] item: Toxic Orb\n|upkeep\n|\n|t:|1699583856\n|switch|p1a: Kharn|Kleavor, M|100\/100\n|turn|7\n|\n|t:|1699583860\n|move|p2a: Gliscor|Protect|p2a: Gliscor\n|-singleturn|p2a: Gliscor|Protect\n|move|p1a: Kharn|Stone Axe|p2a: Gliscor\n|-activate|p2a: Gliscor|move: Protect\n|\n|-heal|p2a: Gliscor|18\/100 tox|[from] ability: Poison Heal\n|upkeep\n|turn|8\n|\n|t:|1699583869\n|switch|p2a: Lopunny|Lopunny-Mega, M|100\/100\n|move|p1a: Kharn|Stone Axe|p2a: Lopunny\n|-resisted|p2a: Lopunny\n|-crit|p2a: Lopunny\n|-damage|p2a: Lopunny|49\/100\n|-sidestart|p2: naM kliM|move: Stealth Rock\n|\n|upkeep\n|turn|9\n|\n|t:|1699583877\n|move|p2a: Lopunny|Fake Out|p1a: Kharn\n|-resisted|p1a: Kharn\n|-crit|p1a: Kharn\n|-damage|p1a: Kharn|81\/100\n|cant|p1a: Kharn|flinch\n|\n|upkeep\n|turn|10\n|\n|t:|1699583885\n|switch|p1a: Vesta|Volcarona, F|100\/100\n|move|p2a: Lopunny|Close Combat|p1a: Vesta\n|-resisted|p1a: Vesta\n|-damage|p1a: Vesta|54\/100\n|-unboost|p2a: Lopunny|def|1\n|-unboost|p2a: Lopunny|spd|1\n|-status|p2a: Lopunny|brn|[from] ability: Flame Body|[of] p1a: Vesta\n|\n|-damage|p2a: Lopunny|42\/100 brn|[from] brn\n|upkeep\n|turn|11\n|-message|naM kliM forfeited.\n|\n|win|Greedy Monarch\n|raw|Greedy Monarch's rating: 1235 &rarr; <strong>1265<\/strong><br \/>(+30 for winning)\n|raw|naM kliM's rating: 1303 &rarr; <strong>1279<\/strong><br \/>(-24 for losing)\n","uploadtime":1699583781,"views":4,"p1id":"greedymonarch","p2id":"namklim","formatid":"gen9nationaldex","rating":1265,"private":0,"password":""}