{"id":"gen9nationaldex-1995994946","p1":"KingoftheTitans","p2":"asuraryo","format":"[Gen 9] National Dex","log":"|html|<div class=\"broadcast-blue\"><strong>[Gen 9] National Dex is currently suspecting Sneasler! For information on how to participate check out the <a href=\"https:\/\/www.smogon.com\/forums\/threads\/sv-national-dex-suspect-8-just-dance.3731534\/\">suspect thread<\/a>.<\/strong><\/div>\n|j|\u2606KingoftheTitans\n|j|\u2606asuraryo\n|t:|1700626757\n|gametype|singles\n|player|p1|KingoftheTitans|169|1178\n|player|p2|asuraryo|shadowtriad|1084\n|teamsize|p1|6\n|teamsize|p2|6\n|gen|9\n|tier|[Gen 9] National Dex\n|rated|\n|rule|HP Percentage Mod: HP is shown in percentages\n|rule|Endless Battle Clause: Forcing endless battles is banned\n|rule|OHKO Clause: OHKO moves are banned\n|rule|Evasion Clause: Evasion abilities, items, and moves are banned\n|rule|Evasion Abilities Clause: Evasion abilities are banned\n|rule|Evasion Items Clause: Evasion items are banned\n|rule|Evasion Moves Clause: Evasion moves are banned\n|rule|Species Clause: Limit one of each Pok\u00e9mon\n|rule|Sleep Clause Mod: Limit one foe put to sleep\n|clearpoke\n|poke|p1|Samurott-Hisui, M|\n|poke|p1|Charizard, M|\n|poke|p1|Abomasnow, M|\n|poke|p1|Arctovish|\n|poke|p1|Exploud, M|\n|poke|p1|Excadrill, M|\n|poke|p2|Machamp, M|\n|poke|p2|Gyarados, M|\n|poke|p2|Alakazam, F|\n|poke|p2|Slowbro, F|\n|poke|p2|Dragonite, M|\n|poke|p2|Electrode|\n|teampreview\n|inactive|Battle timer is ON: inactive players will automatically lose when time's up. (requested by asuraryo)\n|\n|t:|1700626766\n|start\n|switch|p1a: Charizard|Charizard, M|100\/100\n|switch|p2a: Electrode|Electrode, shiny|100\/100\n|turn|1\n|c|\u2606asuraryo|lets have a great fight\n|c|\u2606KingoftheTitans|Hopefully\n|\n|t:|1700626778\n|-terastallize|p1a: Charizard|Ground\n|move|p2a: Electrode|Light Screen|p2a: Electrode\n|-sidestart|p2: asuraryo|move: Light Screen\n|move|p1a: Charizard|Substitute|p1a: Charizard\n|-start|p1a: Charizard|Substitute\n|-damage|p1a: Charizard|75\/100\n|\n|upkeep\n|turn|2\n|c|\u2606KingoftheTitans|I'm going through something personal rn\n|\n|t:|1700626796\n|switch|p2a: Slowbro|Slowbro, F, shiny|100\/100\n|move|p1a: Charizard|Swords Dance|p1a: Charizard\n|-boost|p1a: Charizard|atk|2\n|\n|upkeep\n|turn|3\n|c|\u2606asuraryo|same dude\n|\n|t:|1700626811\n|move|p1a: Charizard|Swords Dance|p1a: Charizard\n|-boost|p1a: Charizard|atk|2\n|move|p2a: Slowbro|Psychic Terrain|p2a: Slowbro\n|-fieldstart|move: Psychic Terrain\n|\n|upkeep\n|turn|4\n|c|\u2606KingoftheTitans|#relatable\n|\n|t:|1700626816\n|move|p1a: Charizard|Acrobatics|p2a: Slowbro\n|-damage|p2a: Slowbro|65\/100\n|move|p2a: Slowbro|Expanding Force|p1a: Charizard\n|-end|p1a: Charizard|Substitute\n|\n|upkeep\n|turn|5\n|c|\u2606asuraryo|ya got a discord ?\n|\n|t:|1700626829\n|move|p1a: Charizard|Substitute|p1a: Charizard\n|-start|p1a: Charizard|Substitute\n|-damage|p1a: Charizard|50\/100\n|move|p2a: Slowbro|Calm Mind|p2a: Slowbro\n|-boost|p2a: Slowbro|spa|1\n|-boost|p2a: Slowbro|spd|1\n|\n|-sideend|p2: asuraryo|move: Light Screen\n|upkeep\n|turn|6\n|c|\u2606KingoftheTitans|Yeah lol\n|\n|t:|1700626840\n|move|p1a: Charizard|Acrobatics|p2a: Slowbro\n|-damage|p2a: Slowbro|26\/100\n|move|p2a: Slowbro|Calm Mind|p2a: Slowbro\n|-boost|p2a: Slowbro|spa|1\n|-boost|p2a: Slowbro|spd|1\n|\n|upkeep\n|turn|7\n|\n|t:|1700626848\n|move|p1a: Charizard|Acrobatics|p2a: Slowbro\n|-damage|p2a: Slowbro|0 fnt\n|faint|p2a: Slowbro\n|\n|-fieldend|move: Psychic Terrain\n|upkeep\n|c|\u2606asuraryo|true\n|\n|t:|1700626856\n|switch|p2a: Gyarados|Gyarados, M, shiny|100\/100\n|-ability|p2a: Gyarados|Intimidate|boost\n|-immune|p1a: Charizard\n|turn|8\n|\n|t:|1700626864\n|move|p1a: Charizard|Acrobatics|p2a: Gyarados\n|-damage|p2a: Gyarados|27\/100\n|move|p2a: Gyarados|Dragon Dance|p2a: Gyarados\n|-boost|p2a: Gyarados|atk|1\n|-boost|p2a: Gyarados|spe|1\n|\n|upkeep\n|turn|9\n|\n|t:|1700626875\n|move|p1a: Charizard|Substitute|p1a: Charizard\n|-fail|p1a: Charizard|move: Substitute\n|move|p2a: Gyarados|Dragon Tail|p1a: Charizard|[miss]\n|-miss|p2a: Gyarados|p1a: Charizard\n|\n|upkeep\n|turn|10\n|\n|t:|1700626895\n|move|p2a: Gyarados|Earthquake|p1a: Charizard\n|-end|p1a: Charizard|Substitute\n|-damage|p2a: Gyarados|17\/100|[from] item: Life Orb\n|move|p1a: Charizard|Acrobatics|p2a: Gyarados\n|-damage|p2a: Gyarados|0 fnt\n|faint|p2a: Gyarados\n|\n|upkeep\n|\n|t:|1700626904\n|switch|p2a: Machamp|Machamp, M|100\/100\n|turn|11\n|\n|t:|1700626911\n|move|p2a: Machamp|Protect|p2a: Machamp\n|-singleturn|p2a: Machamp|Protect\n|move|p1a: Charizard|Substitute|p1a: Charizard\n|-start|p1a: Charizard|Substitute\n|-damage|p1a: Charizard|25\/100\n|-enditem|p1a: Charizard|Salac Berry|[eat]\n|-boost|p1a: Charizard|spe|1|[from] item: Salac Berry\n|\n|upkeep\n|turn|12\n|\n|t:|1700626922\n|move|p1a: Charizard|Acrobatics|p2a: Machamp\n|-supereffective|p2a: Machamp\n|-damage|p2a: Machamp|0 fnt\n|faint|p2a: Machamp\n|\n|upkeep\n|\n|t:|1700626927\n|switch|p2a: Dragonite|Dragonite, M|100\/100\n|turn|13\n|\n|t:|1700626933\n|move|p1a: Charizard|Acrobatics|p2a: Dragonite\n|-damage|p2a: Dragonite|0 fnt\n|faint|p2a: Dragonite\n|\n|upkeep\n|\n|t:|1700626937\n|switch|p2a: Electrode|Electrode, shiny|100\/100\n|turn|14\n|\n|t:|1700626941\n|move|p1a: Charizard|Fire Punch|p2a: Electrode\n|-damage|p2a: Electrode|0 fnt\n|-damage|p1a: Charizard|9\/100|[from] item: Rocky Helmet|[of] p2a: Electrode\n|faint|p2a: Electrode\n|\n|upkeep\n|\n|t:|1700626946\n|switch|p2a: Alakazam|Alakazam, F|100\/100\n|turn|15\n|c|\u2606KingoftheTitans|Oh my\n|c|\u2606KingoftheTitans|gg\n|\n|t:|1700626951\n|move|p1a: Charizard|Acrobatics|p2a: Alakazam\n|-damage|p2a: Alakazam|0 fnt\n|faint|p2a: Alakazam\n|\n|win|KingoftheTitans\n|raw|KingoftheTitans's rating: 1178 &rarr; <strong>1196<\/strong><br \/>(+18 for winning)\n|raw|asuraryo's rating: 1084 &rarr; <strong>1067<\/strong><br \/>(-17 for losing)\n|c|\u2606asuraryo|yeyegg\n","uploadtime":1700626958,"views":1,"p1id":"kingofthetitans","p2id":"asuraryo","formatid":"gen9nationaldex","rating":1067,"private":0,"password":""}