{"id":"gen9nationaldex-1991520390","p1":"llamakin15","p2":"ansariboss","format":"[Gen 9] National Dex","log":"|j|\u2606llamakin15\n|j|\u2606ansariboss\n|t:|1700084500\n|gametype|singles\n|player|p1|llamakin15|lyra|\n|player|p2|ansariboss|1|\n|teamsize|p1|6\n|teamsize|p2|6\n|gen|9\n|tier|[Gen 9] National Dex\n|rule|HP Percentage Mod: HP is shown in percentages\n|rule|Endless Battle Clause: Forcing endless battles is banned\n|rule|OHKO Clause: OHKO moves are banned\n|rule|Evasion Clause: Evasion abilities, items, and moves are banned\n|rule|Evasion Abilities Clause: Evasion abilities are banned\n|rule|Evasion Items Clause: Evasion items are banned\n|rule|Evasion Moves Clause: Evasion moves are banned\n|rule|Species Clause: Limit one of each Pok\u00e9mon\n|rule|Sleep Clause Mod: Limit one foe put to sleep\n|clearpoke\n|poke|p1|Hydreigon, F|\n|poke|p1|Lokix, F|\n|poke|p1|Volcarona, F|\n|poke|p1|Dragonite, M|\n|poke|p1|Avalugg, M|\n|poke|p1|Goodra-Hisui, M|\n|poke|p2|Corsola-Galar, M|\n|poke|p2|Sableye, F|\n|poke|p2|Aegislash, F|\n|poke|p2|Decidueye, F|\n|poke|p2|Mimikyu, M|\n|poke|p2|Runerigus, M|\n|teampreview\n|\n|t:|1700084555\n|start\n|switch|p1a: Volcarona|Volcarona, F|100\/100\n|switch|p2a: Corsola|Corsola-Galar, M, shiny|100\/100\n|turn|1\n|\n|t:|1700084564\n|move|p1a: Volcarona|Quiver Dance|p1a: Volcarona\n|-boost|p1a: Volcarona|spa|1\n|-boost|p1a: Volcarona|spd|1\n|-boost|p1a: Volcarona|spe|1\n|move|p2a: Corsola|Stealth Rock|p1a: Volcarona\n|-sidestart|p1: llamakin15|move: Stealth Rock\n|\n|upkeep\n|turn|2\n|\n|t:|1700084571\n|move|p1a: Volcarona|Quiver Dance|p1a: Volcarona\n|-boost|p1a: Volcarona|spa|1\n|-boost|p1a: Volcarona|spd|1\n|-boost|p1a: Volcarona|spe|1\n|move|p2a: Corsola|Strength Sap|p1a: Volcarona\n|-unboost|p1a: Volcarona|atk|1\n|\n|upkeep\n|turn|3\n|\n|t:|1700084599\n|switch|p2a: Runerigus|Runerigus, M|100\/100\n|move|p1a: Volcarona|Quiver Dance|p1a: Volcarona\n|-boost|p1a: Volcarona|spa|1\n|-boost|p1a: Volcarona|spd|1\n|-boost|p1a: Volcarona|spe|1\n|\n|upkeep\n|turn|4\n|\n|t:|1700084621\n|move|p1a: Volcarona|Fiery Dance|p2a: Runerigus\n|-damage|p2a: Runerigus|0 fnt\n|-boost|p1a: Volcarona|spa|1\n|faint|p2a: Runerigus\n|\n|upkeep\n|\n|t:|1700084633\n|switch|p2a: Mimikyu|Mimikyu, M, shiny|100\/100\n|turn|5\n|\n|t:|1700084644\n|move|p1a: Volcarona|Fiery Dance|p2a: Mimikyu\n|-activate|p2a: Mimikyu|ability: Disguise\n|-damage|p2a: Mimikyu|100\/100\n|detailschange|p2a: Mimikyu|Mimikyu-Busted, M, shiny\n|-damage|p2a: Mimikyu|88\/100|[from] pokemon: Mimikyu-Busted\n|move|p2a: Mimikyu|Swords Dance|p2a: Mimikyu\n|-boost|p2a: Mimikyu|atk|2\n|\n|upkeep\n|turn|6\n|\n|t:|1700084659\n|move|p2a: Mimikyu|Shadow Sneak|p1a: Volcarona\n|-damage|p1a: Volcarona|34\/100\n|-damage|p2a: Mimikyu|78\/100|[from] item: Life Orb\n|move|p1a: Volcarona|Fiery Dance|p2a: Mimikyu\n|-damage|p2a: Mimikyu|0 fnt\n|faint|p2a: Mimikyu\n|\n|upkeep\n|\n|t:|1700084666\n|switch|p2a: Aegislash|Aegislash, F, shiny|100\/100\n|turn|7\n|\n|t:|1700084675\n|switch|p1a: Avalugg|Avalugg, M|100\/100\n|-damage|p1a: Avalugg|76\/100|[from] Stealth Rock\n|-formechange|p2a: Aegislash|Aegislash-Blade||[from] ability: Stance Change\n|move|p2a: Aegislash|Shadow Sneak|p1a: Avalugg\n|-damage|p1a: Avalugg|64\/100\n|\n|-heal|p1a: Avalugg|70\/100|[from] item: Leftovers\n|upkeep\n|turn|8\n|\n|t:|1700084702\n|move|p2a: Aegislash|Brick Break|p1a: Avalugg\n|-supereffective|p1a: Avalugg\n|-damage|p1a: Avalugg|47\/100\n|move|p1a: Avalugg|Avalanche|p2a: Aegislash\n|-resisted|p2a: Aegislash\n|-damage|p2a: Aegislash|58\/100\n|\n|-heal|p1a: Avalugg|54\/100|[from] item: Leftovers\n|upkeep\n|turn|9\n|\n|t:|1700084727\n|-formechange|p2a: Aegislash|Aegislash||[from] ability: Stance Change\n|move|p2a: Aegislash|King's Shield|p2a: Aegislash\n|-singleturn|p2a: Aegislash|Protect\n|move|p1a: Avalugg|Recover|p1a: Avalugg\n|-heal|p1a: Avalugg|100\/100\n|\n|upkeep\n|turn|10\n|\n|t:|1700084756\n|switch|p2a: Corsola|Corsola-Galar, M, shiny|100\/100\n|move|p1a: Avalugg|Curse|p1a: Avalugg\n|-unboost|p1a: Avalugg|spe|1\n|-boost|p1a: Avalugg|atk|1\n|-boost|p1a: Avalugg|def|1\n|\n|upkeep\n|turn|11\n|\n|t:|1700084770\n|move|p2a: Corsola|Will-O-Wisp|p1a: Avalugg\n|-status|p1a: Avalugg|brn\n|move|p1a: Avalugg|Curse|p1a: Avalugg\n|-unboost|p1a: Avalugg|spe|1\n|-boost|p1a: Avalugg|atk|1\n|-boost|p1a: Avalugg|def|1\n|\n|-damage|p1a: Avalugg|94\/100 brn|[from] brn\n|upkeep\n|turn|12\n|\n|t:|1700084780\n|move|p2a: Corsola|Strength Sap|p1a: Avalugg\n|-unboost|p1a: Avalugg|atk|1\n|move|p1a: Avalugg|Avalanche|p2a: Corsola\n|-damage|p2a: Corsola|91\/100\n|\n|-heal|p1a: Avalugg|100\/100 brn|[from] item: Leftovers\n|-damage|p1a: Avalugg|94\/100 brn|[from] brn\n|upkeep\n|turn|13\n|\n|t:|1700084796\n|switch|p1a: Hydreigon|Hydreigon, F|100\/100\n|-damage|p1a: Hydreigon|88\/100|[from] Stealth Rock\n|move|p2a: Corsola|Night Shade|p1a: Hydreigon\n|-damage|p1a: Hydreigon|57\/100\n|\n|upkeep\n|turn|14\n|\n|t:|1700084820\n|move|p1a: Hydreigon|Dark Pulse|p2a: Corsola\n|-supereffective|p2a: Corsola\n|-damage|p2a: Corsola|5\/100\n|cant|p2a: Corsola|flinch\n|\n|upkeep\n|turn|15\n|\n|t:|1700084836\n|move|p1a: Hydreigon|Dark Pulse|p2a: Corsola\n|-supereffective|p2a: Corsola\n|-damage|p2a: Corsola|0 fnt\n|faint|p2a: Corsola\n|\n|upkeep\n|\n|t:|1700084858\n|switch|p2a: Sableye|Sableye, F, shiny|100\/100\n|turn|16\n|\n|t:|1700084868\n|switch|p1a: Goodra|Goodra-Hisui, M|100\/100\n|-damage|p1a: Goodra|94\/100|[from] Stealth Rock\n|detailschange|p2a: Sableye|Sableye-Mega, F, shiny\n|-mega|p2a: Sableye|Sableye|Sablenite\n|move|p2a: Sableye|Knock Off|p1a: Goodra\n|-damage|p1a: Goodra|66\/100\n|-ability|p1a: Goodra|Gooey\n|-unboost|p2a: Sableye|spe|1\n|-enditem|p1a: Goodra|Assault Vest|[from] move: Knock Off|[of] p2a: Sableye\n|\n|upkeep\n|turn|17\n|\n|t:|1700084882\n|move|p1a: Goodra|Dragon Pulse|p2a: Sableye\n|-damage|p2a: Sableye|68\/100\n|move|p2a: Sableye|Will-O-Wisp|p1a: Goodra\n|-status|p1a: Goodra|brn\n|\n|-damage|p1a: Goodra|60\/100 brn|[from] brn\n|upkeep\n|turn|18\n|\n|t:|1700084919\n|move|p1a: Goodra|Dragon Pulse|p2a: Sableye\n|-damage|p2a: Sableye|35\/100\n|move|p2a: Sableye|Recover|p2a: Sableye\n|-heal|p2a: Sableye|85\/100\n|\n|-damage|p1a: Goodra|54\/100 brn|[from] brn\n|upkeep\n|turn|19\n|\n|t:|1700084952\n|switch|p1a: Lokix|Lokix, F|100\/100\n|-damage|p1a: Lokix|76\/100|[from] Stealth Rock\n|move|p2a: Sableye|Will-O-Wisp|p1a: Lokix\n|-status|p1a: Lokix|brn\n|\n|-damage|p1a: Lokix|70\/100 brn|[from] brn\n|upkeep\n|turn|20\n|\n|t:|1700084965\n|move|p2a: Sableye|Protect|p2a: Sableye\n|-singleturn|p2a: Sableye|Protect\n|move|p1a: Lokix|First Impression|p2a: Sableye\n|-activate|p2a: Sableye|move: Protect\n|\n|-damage|p1a: Lokix|64\/100 brn|[from] brn\n|upkeep\n|turn|21\n|\n|t:|1700084981\n|switch|p1a: Hydreigon|Hydreigon, F|57\/100\n|-damage|p1a: Hydreigon|45\/100|[from] Stealth Rock\n|switch|p2a: Aegislash|Aegislash, F, shiny|58\/100\n|\n|upkeep\n|turn|22\n|\n|t:|1700085004\n|-formechange|p2a: Aegislash|Aegislash-Blade||[from] ability: Stance Change\n|move|p2a: Aegislash|Shadow Sneak|p1a: Hydreigon\n|-resisted|p1a: Hydreigon\n|-damage|p1a: Hydreigon|29\/100\n|move|p1a: Hydreigon|Flamethrower|p2a: Aegislash\n|-supereffective|p2a: Aegislash\n|-damage|p2a: Aegislash|0 fnt\n|faint|p2a: Aegislash\n|\n|upkeep\n|\n|t:|1700085016\n|switch|p2a: Sableye|Sableye-Mega, F, shiny|85\/100\n|turn|23\n|\n|t:|1700085042\n|move|p1a: Hydreigon|Flamethrower|p2a: Sableye\n|-damage|p2a: Sableye|51\/100\n|move|p2a: Sableye|Knock Off|p1a: Hydreigon\n|-resisted|p1a: Hydreigon\n|-damage|p1a: Hydreigon|13\/100\n|-enditem|p1a: Hydreigon|Choice Specs|[from] move: Knock Off|[of] p2a: Sableye\n|\n|upkeep\n|turn|24\n|\n|t:|1700085057\n|switch|p1a: Volcarona|Volcarona, F|34\/100\n|move|p2a: Sableye|Recover|p2a: Sableye\n|-heal|p2a: Sableye|100\/100\n|\n|upkeep\n|turn|25\n|\n|t:|1700085073\n|move|p1a: Volcarona|Bug Buzz|p2a: Sableye\n|-damage|p2a: Sableye|56\/100\n|move|p2a: Sableye|Knock Off|p1a: Volcarona\n|-damage|p1a: Volcarona|0 fnt\n|-enditem|p1a: Volcarona|Heavy-Duty Boots|[from] move: Knock Off|[of] p2a: Sableye\n|faint|p1a: Volcarona\n|\n|upkeep\n|\n|t:|1700085090\n|switch|p1a: Hydreigon|Hydreigon, F|13\/100\n|-damage|p1a: Hydreigon|0 fnt|[from] Stealth Rock\n|faint|p1a: Hydreigon\n|\n|t:|1700085098\n|switch|p1a: Dragonite|Dragonite, M|100\/100\n|-damage|p1a: Dragonite|76\/100|[from] Stealth Rock\n|turn|26\n|\n|t:|1700085106\n|move|p1a: Dragonite|Dragon Dance|p1a: Dragonite\n|-boost|p1a: Dragonite|atk|1\n|-boost|p1a: Dragonite|spe|1\n|move|p2a: Sableye|Recover|p2a: Sableye\n|-heal|p2a: Sableye|100\/100\n|\n|upkeep\n|turn|27\n|\n|t:|1700085118\n|move|p1a: Dragonite|Earthquake|p2a: Sableye\n|-damage|p2a: Sableye|53\/100\n|move|p2a: Sableye|Will-O-Wisp|p1a: Dragonite\n|-status|p1a: Dragonite|brn\n|\n|-damage|p1a: Dragonite|70\/100 brn|[from] brn\n|upkeep\n|turn|28\n|\n|t:|1700085125\n|move|p1a: Dragonite|Dragon Dance|p1a: Dragonite\n|-boost|p1a: Dragonite|atk|1\n|-boost|p1a: Dragonite|spe|1\n|move|p2a: Sableye|Recover|p2a: Sableye\n|-heal|p2a: Sableye|100\/100\n|\n|-damage|p1a: Dragonite|63\/100 brn|[from] brn\n|upkeep\n|turn|29\n|\n|t:|1700085141\n|move|p2a: Sableye|Protect|p2a: Sableye\n|-singleturn|p2a: Sableye|Protect\n|move|p1a: Dragonite|Dragon Dance|p1a: Dragonite\n|-boost|p1a: Dragonite|atk|1\n|-boost|p1a: Dragonite|spe|1\n|\n|-damage|p1a: Dragonite|57\/100 brn|[from] brn\n|upkeep\n|turn|30\n|\n|t:|1700085153\n|switch|p2a: Decidueye|Decidueye, F|100\/100\n|move|p1a: Dragonite|Earthquake|p2a: Decidueye\n|-resisted|p2a: Decidueye\n|-damage|p2a: Decidueye|63\/100\n|\n|-damage|p1a: Dragonite|51\/100 brn|[from] brn\n|upkeep\n|turn|31\n|\n|t:|1700085167\n|move|p2a: Decidueye|Sucker Punch|p1a: Dragonite\n|-damage|p1a: Dragonite|26\/100 brn\n|move|p1a: Dragonite|Ice Spinner|p2a: Decidueye\n|-supereffective|p2a: Decidueye\n|-damage|p2a: Decidueye|0 fnt\n|faint|p2a: Decidueye\n|\n|-damage|p1a: Dragonite|19\/100 brn|[from] brn\n|upkeep\n|\n|t:|1700085175\n|switch|p2a: Sableye|Sableye-Mega, F, shiny|100\/100\n|turn|32\n|\n|t:|1700085201\n|move|p1a: Dragonite|Earthquake|p2a: Sableye\n|-damage|p2a: Sableye|61\/100\n|move|p2a: Sableye|Knock Off|p1a: Dragonite\n|-damage|p1a: Dragonite|0 fnt\n|-enditem|p1a: Dragonite|Weakness Policy|[from] move: Knock Off|[of] p2a: Sableye\n|faint|p1a: Dragonite\n|\n|upkeep\n|\n|t:|1700085235\n|switch|p1a: Avalugg|Avalugg, M|94\/100 brn\n|-damage|p1a: Avalugg|70\/100 brn|[from] Stealth Rock\n|turn|33\n|\n|t:|1700085248\n|move|p1a: Avalugg|Curse|p1a: Avalugg\n|-unboost|p1a: Avalugg|spe|1\n|-boost|p1a: Avalugg|atk|1\n|-boost|p1a: Avalugg|def|1\n|move|p2a: Sableye|Recover|p2a: Sableye\n|-heal|p2a: Sableye|100\/100\n|\n|-heal|p1a: Avalugg|76\/100 brn|[from] item: Leftovers\n|-damage|p1a: Avalugg|70\/100 brn|[from] brn\n|upkeep\n|turn|34\n|\n|t:|1700085258\n|move|p2a: Sableye|Knock Off|p1a: Avalugg\n|-damage|p1a: Avalugg|61\/100 brn\n|-enditem|p1a: Avalugg|Leftovers|[from] move: Knock Off|[of] p2a: Sableye\n|move|p1a: Avalugg|Curse|p1a: Avalugg\n|-unboost|p1a: Avalugg|spe|1\n|-boost|p1a: Avalugg|atk|1\n|-boost|p1a: Avalugg|def|1\n|\n|-damage|p1a: Avalugg|55\/100 brn|[from] brn\n|upkeep\n|turn|35\n|\n|t:|1700085267\n|move|p2a: Sableye|Knock Off|p1a: Avalugg\n|-damage|p1a: Avalugg|51\/100 brn\n|move|p1a: Avalugg|Curse|p1a: Avalugg\n|-unboost|p1a: Avalugg|spe|1\n|-boost|p1a: Avalugg|atk|1\n|-boost|p1a: Avalugg|def|1\n|\n|-damage|p1a: Avalugg|45\/100 brn|[from] brn\n|upkeep\n|turn|36\n|\n|t:|1700085280\n|move|p2a: Sableye|Knock Off|p1a: Avalugg\n|-damage|p1a: Avalugg|42\/100 brn\n|move|p1a: Avalugg|Curse|p1a: Avalugg\n|-unboost|p1a: Avalugg|spe|1\n|-boost|p1a: Avalugg|atk|1\n|-boost|p1a: Avalugg|def|1\n|\n|-damage|p1a: Avalugg|36\/100 brn|[from] brn\n|upkeep\n|turn|37\n|\n|t:|1700085290\n|move|p2a: Sableye|Knock Off|p1a: Avalugg\n|-damage|p1a: Avalugg|32\/100 brn\n|move|p1a: Avalugg|Curse|p1a: Avalugg\n|-unboost|p1a: Avalugg|spe|1\n|-boost|p1a: Avalugg|atk|1\n|-boost|p1a: Avalugg|def|1\n|\n|-damage|p1a: Avalugg|26\/100 brn|[from] brn\n|upkeep\n|turn|38\n|\n|t:|1700085320\n|move|p2a: Sableye|Knock Off|p1a: Avalugg\n|-damage|p1a: Avalugg|24\/100 brn\n|move|p1a: Avalugg|Curse|p1a: Avalugg\n|-unboost|p1a: Avalugg|spe|1\n|-boost|p1a: Avalugg|atk|1\n|-boost|p1a: Avalugg|def|1\n|\n|-damage|p1a: Avalugg|18\/100 brn|[from] brn\n|upkeep\n|turn|39\n|\n|t:|1700085373\n|move|p2a: Sableye|Knock Off|p1a: Avalugg\n|-damage|p1a: Avalugg|16\/100 brn\n|move|p1a: Avalugg|Recover|p1a: Avalugg\n|-heal|p1a: Avalugg|66\/100 brn\n|\n|-damage|p1a: Avalugg|60\/100 brn|[from] brn\n|upkeep\n|turn|40\n|\n|t:|1700085392\n|move|p2a: Sableye|Knock Off|p1a: Avalugg\n|-damage|p1a: Avalugg|57\/100 brn\n|move|p1a: Avalugg|Avalanche|p2a: Sableye\n|-damage|p2a: Sableye|23\/100\n|\n|-damage|p1a: Avalugg|51\/100 brn|[from] brn\n|upkeep\n|turn|41\n|\n|t:|1700085408\n|move|p2a: Sableye|Recover|p2a: Sableye\n|-heal|p2a: Sableye|73\/100\n|move|p1a: Avalugg|Avalanche|p2a: Sableye\n|-damage|p2a: Sableye|34\/100\n|\n|-damage|p1a: Avalugg|45\/100 brn|[from] brn\n|upkeep\n|turn|42\n|\n|t:|1700085417\n|move|p2a: Sableye|Recover|p2a: Sableye\n|-heal|p2a: Sableye|84\/100\n|move|p1a: Avalugg|Avalanche|p2a: Sableye\n|-damage|p2a: Sableye|45\/100\n|\n|-damage|p1a: Avalugg|39\/100 brn|[from] brn\n|upkeep\n|turn|43\n|\n|t:|1700085448\n|move|p2a: Sableye|Recover|p2a: Sableye\n|-heal|p2a: Sableye|95\/100\n|move|p1a: Avalugg|Avalanche|p2a: Sableye\n|-damage|p2a: Sableye|54\/100\n|\n|-damage|p1a: Avalugg|33\/100 brn|[from] brn\n|upkeep\n|turn|44\n|\n|t:|1700085460\n|move|p2a: Sableye|Protect|p2a: Sableye\n|-singleturn|p2a: Sableye|Protect\n|move|p1a: Avalugg|Avalanche|p2a: Sableye\n|-activate|p2a: Sableye|move: Protect\n|\n|-damage|p1a: Avalugg|27\/100 brn|[from] brn\n|upkeep\n|turn|45\n|\n|t:|1700085467\n|move|p2a: Sableye|Knock Off|p1a: Avalugg\n|-damage|p1a: Avalugg|24\/100 brn\n|move|p1a: Avalugg|Recover|p1a: Avalugg\n|-heal|p1a: Avalugg|74\/100 brn\n|\n|-damage|p1a: Avalugg|68\/100 brn|[from] brn\n|upkeep\n|turn|46\n|\n|t:|1700085474\n|move|p2a: Sableye|Knock Off|p1a: Avalugg\n|-damage|p1a: Avalugg|66\/100 brn\n|move|p1a: Avalugg|Avalanche|p2a: Sableye\n|-damage|p2a: Sableye|0 fnt\n|faint|p2a: Sableye\n|\n|win|llamakin15\n|c|\u2606ansariboss|ggs\n|c|\u2606llamakin15|ggs, ill let you know tomorrow what results are :D\n|c|\u2606ansariboss|alr\n|c|\u2606ansariboss|thx agin\n","uploadtime":1700085497,"views":25,"p1id":"llamakin15","p2id":"ansariboss","formatid":"gen9nationaldex","rating":0,"private":0,"password":""}