{"id":"gen9nationaldex-1995942413","p1":"Sai4rr","p2":"Arlo Ghost","format":"[Gen 9] National Dex","log":"|html|<div class=\"broadcast-blue\"><strong>[Gen 9] National Dex is currently suspecting Sneasler! For information on how to participate check out the <a href=\"https:\/\/www.smogon.com\/forums\/threads\/sv-national-dex-suspect-8-just-dance.3731534\/\">suspect thread<\/a>.<\/strong><\/div>\n|j|\u2606Sai4rr\n|j|\u2606Arlo Ghost\n|t:|1700620110\n|gametype|singles\n|player|p1|Sai4rr|elesa|\n|player|p2|Arlo Ghost|mars|\n|teamsize|p1|6\n|teamsize|p2|6\n|gen|9\n|tier|[Gen 9] National Dex\n|rule|HP Percentage Mod: HP is shown in percentages\n|rule|Endless Battle Clause: Forcing endless battles is banned\n|rule|OHKO Clause: OHKO moves are banned\n|rule|Evasion Clause: Evasion abilities, items, and moves are banned\n|rule|Evasion Abilities Clause: Evasion abilities are banned\n|rule|Evasion Items Clause: Evasion items are banned\n|rule|Evasion Moves Clause: Evasion moves are banned\n|rule|Species Clause: Limit one of each Pok\u00e9mon\n|rule|Sleep Clause Mod: Limit one foe put to sleep\n|clearpoke\n|poke|p1|Sneasler, F|\n|poke|p1|Medicham, M|\n|poke|p1|Greninja-*, M|\n|poke|p1|Rillaboom, M|\n|poke|p1|Maushold-Four|\n|poke|p1|Tapu Koko|\n|poke|p2|Mandibuzz, F|\n|poke|p2|Greninja-*, M|\n|poke|p2|Tyranitar, M|\n|poke|p2|Muk-Alola, M|\n|poke|p2|Grimmsnarl, M|\n|poke|p2|Hydreigon, M|\n|teampreview\n|\n|t:|1700620138\n|start\n|switch|p1a: Org\u00eda|Maushold-Four|100\/100\n|switch|p2a: El Cumbia Ninja|Greninja, M|100\/100\n|turn|1\n|j| WSoldat\n|\n|t:|1700620161\n|move|p2a: El Cumbia Ninja|U-turn|p1a: Org\u00eda\n|-start|p2a: El Cumbia Ninja|typechange|Bug|[from] ability: Protean\n|-damage|p1a: Org\u00eda|57\/100\n|\n|t:|1700620165\n|switch|p2a: Winona|Mandibuzz, F|100\/100|[from] U-turn\n|move|p1a: Org\u00eda|Tidy Up|p1a: Org\u00eda\n|-boost|p1a: Org\u00eda|atk|1\n|-boost|p1a: Org\u00eda|spe|1\n|\n|upkeep\n|turn|2\n|\n|t:|1700620183\n|move|p1a: Org\u00eda|Encore||[still]\n|-fail|p1a: Org\u00eda\n|move|p2a: Winona|Toxic|p1a: Org\u00eda\n|-status|p1a: Org\u00eda|tox\n|\n|-damage|p1a: Org\u00eda|51\/100 tox|[from] psn\n|upkeep\n|turn|3\n|\n|t:|1700620192\n|switch|p2a: Sherkemo|Grimmsnarl, M|100\/100\n|move|p1a: Org\u00eda|Bite|p2a: Sherkemo\n|-resisted|p2a: Sherkemo\n|-damage|p2a: Sherkemo|92\/100\n|\n|-damage|p1a: Org\u00eda|38\/100 tox|[from] psn\n|upkeep\n|turn|4\n|\n|t:|1700620201\n|move|p2a: Sherkemo|Parting Shot|p1a: Org\u00eda\n|-unboost|p1a: Org\u00eda|atk|1\n|-unboost|p1a: Org\u00eda|spa|1\n|\n|t:|1700620203\n|switch|p2a: Winona|Mandibuzz, F|100\/100|[from] Parting Shot\n|move|p1a: Org\u00eda|Tidy Up|p1a: Org\u00eda\n|-boost|p1a: Org\u00eda|atk|1\n|-boost|p1a: Org\u00eda|spe|1\n|\n|-damage|p1a: Org\u00eda|20\/100 tox|[from] psn\n|upkeep\n|turn|5\n|\n|t:|1700620219\n|move|p1a: Org\u00eda|Population Bomb|p2a: Winona\n|-damage|p2a: Winona|91\/100\n|-damage|p1a: Org\u00eda|3\/100 tox|[from] item: Rocky Helmet|[of] p2a: Winona\n|-damage|p2a: Winona|83\/100\n|-damage|p1a: Org\u00eda|0 fnt|[from] item: Rocky Helmet|[of] p2a: Winona\n|faint|p1a: Org\u00eda\n|-hitcount|p2a: Winona|2\n|move|p2a: Winona|Roost|p2a: Winona\n|-heal|p2a: Winona|100\/100\n|-singleturn|p2a: Winona|move: Roost\n|\n|upkeep\n|\n|t:|1700620232\n|switch|p1a: Koko|Tapu Koko, shiny|100\/100\n|-fieldstart|move: Electric Terrain|[from] ability: Electric Surge|[of] p1a: Koko\n|turn|6\n|\n|t:|1700620238\n|switch|p2a: Sherkemo|Grimmsnarl, M|92\/100\n|move|p1a: Koko|Dazzling Gleam|p2a: Sherkemo\n|-supereffective|p2a: Sherkemo\n|-damage|p2a: Sherkemo|34\/100\n|\n|upkeep\n|turn|7\n|\n|t:|1700620246\n|move|p2a: Sherkemo|Parting Shot|p1a: Koko\n|-unboost|p1a: Koko|atk|1\n|-unboost|p1a: Koko|spa|1\n|\n|t:|1700620248\n|switch|p2a: Rockzilla|Tyranitar, M, shiny|100\/100|[from] Parting Shot\n|-weather|Sandstorm|[from] ability: Sand Stream|[of] p2a: Rockzilla\n|move|p1a: Koko|Dazzling Gleam|p2a: Rockzilla\n|-supereffective|p2a: Rockzilla\n|-damage|p2a: Rockzilla|74\/100\n|\n|-weather|Sandstorm|[upkeep]\n|-damage|p1a: Koko|94\/100|[from] Sandstorm\n|upkeep\n|turn|8\n|\n|t:|1700620259\n|detailschange|p2a: Rockzilla|Tyranitar-Mega, M, shiny\n|-mega|p2a: Rockzilla|Tyranitar|Tyranitarite\n|move|p1a: Koko|Volt Switch|p2a: Rockzilla\n|-damage|p2a: Rockzilla|61\/100\n|\n|t:|1700620274\n|switch|p1a: Greninja|Greninja, M|100\/100|[from] Volt Switch\n|move|p2a: Rockzilla|Ice Punch|p1a: Greninja\n|-resisted|p1a: Greninja\n|-damage|p1a: Greninja|77\/100\n|\n|-weather|Sandstorm|[upkeep]\n|-damage|p1a: Greninja|71\/100|[from] Sandstorm\n|upkeep\n|turn|9\n|\n|t:|1700620286\n|move|p1a: Greninja|Surf|p2a: Rockzilla\n|-supereffective|p2a: Rockzilla\n|-damage|p2a: Rockzilla|2\/100\n|move|p2a: Rockzilla|Earthquake|p1a: Greninja\n|-damage|p1a: Greninja|16\/100\n|\n|-weather|Sandstorm|[upkeep]\n|-damage|p1a: Greninja|10\/100|[from] Sandstorm\n|upkeep\n|turn|10\n|\n|t:|1700620295\n|switch|p2a: Marijuano|Muk-Alola, M|100\/100\n|move|p1a: Greninja|Surf|p2a: Marijuano\n|-damage|p2a: Marijuano|74\/100\n|\n|-weather|Sandstorm|[upkeep]\n|-damage|p1a: Greninja|4\/100|[from] Sandstorm\n|-damage|p2a: Marijuano|68\/100|[from] Sandstorm\n|-fieldend|move: Electric Terrain\n|upkeep\n|turn|11\n|\n|t:|1700620304\n|move|p2a: Marijuano|Shadow Sneak|p1a: Greninja\n|-resisted|p1a: Greninja\n|-damage|p1a: Greninja|0 fnt\n|faint|p1a: Greninja\n|\n|-weather|none\n|upkeep\n|\n|t:|1700620318\n|switch|p1a: La veneno|Sneasler, F, shiny|100\/100\n|turn|12\n|\n|t:|1700620327\n|switch|p2a: Rockzilla|Tyranitar-Mega, M, shiny|2\/100\n|-weather|Sandstorm|[from] ability: Sand Stream|[of] p2a: Rockzilla\n|move|p1a: La veneno|Swords Dance|p1a: La veneno\n|-boost|p1a: La veneno|atk|2\n|\n|-weather|Sandstorm|[upkeep]\n|-damage|p1a: La veneno|95\/100|[from] Sandstorm\n|upkeep\n|turn|13\n|\n|t:|1700620339\n|move|p1a: La veneno|Dire Claw|p2a: Rockzilla\n|-resisted|p2a: Rockzilla\n|-damage|p2a: Rockzilla|0 fnt\n|faint|p2a: Rockzilla\n|\n|-weather|Sandstorm|[upkeep]\n|-damage|p1a: La veneno|89\/100|[from] Sandstorm\n|upkeep\n|\n|t:|1700620342\n|switch|p2a: Sherkemo|Grimmsnarl, M|34\/100\n|turn|14\n|\n|t:|1700620352\n|move|p2a: Sherkemo|Reflect|p2a: Sherkemo\n|-sidestart|p2: Arlo Ghost|Reflect\n|move|p1a: La veneno|Dire Claw|p2a: Sherkemo\n|-supereffective|p2a: Sherkemo\n|-damage|p2a: Sherkemo|0 fnt\n|faint|p2a: Sherkemo\n|\n|-weather|Sandstorm|[upkeep]\n|-damage|p1a: La veneno|83\/100|[from] Sandstorm\n|upkeep\n|\n|t:|1700620355\n|switch|p2a: Winona|Mandibuzz, F|100\/100\n|turn|15\n|\n|t:|1700620367\n|move|p1a: La veneno|Close Combat|p2a: Winona\n|-damage|p2a: Winona|60\/100\n|-unboost|p1a: La veneno|def|1\n|-unboost|p1a: La veneno|spd|1\n|-damage|p1a: La veneno|66\/100|[from] item: Rocky Helmet|[of] p2a: Winona\n|-enditem|p1a: La veneno|White Herb\n|-clearnegativeboost|p1a: La veneno|[silent]\n|move|p2a: Winona|Foul Play|p1a: La veneno\n|-resisted|p1a: La veneno\n|-crit|p1a: La veneno\n|-damage|p1a: La veneno|0 fnt\n|faint|p1a: La veneno\n|\n|-weather|Sandstorm|[upkeep]\n|upkeep\n|\n|t:|1700620384\n|switch|p1a: Mediputas|Medicham, M, shiny|100\/100\n|turn|16\n|\n|t:|1700620388\n|detailschange|p1a: Mediputas|Medicham-Mega, M, shiny\n|-mega|p1a: Mediputas|Medicham|Medichamite\n|move|p1a: Mediputas|Fake Out|p2a: Winona\n|-damage|p2a: Winona|53\/100\n|-damage|p1a: Mediputas|84\/100|[from] item: Rocky Helmet|[of] p2a: Winona\n|cant|p2a: Winona|flinch\n|\n|-weather|none\n|upkeep\n|turn|17\n|\n|t:|1700620400\n|switch|p1a: Koko|Tapu Koko, shiny|94\/100\n|-fieldstart|move: Electric Terrain|[from] ability: Electric Surge|[of] p1a: Koko\n|move|p2a: Winona|Roost|p2a: Winona\n|-heal|p2a: Winona|100\/100\n|-singleturn|p2a: Winona|move: Roost\n|\n|upkeep\n|turn|18\n|\n|t:|1700620412\n|switch|p2a: Marijuano|Muk-Alola, M|68\/100\n|move|p1a: Koko|Volt Switch|p2a: Marijuano\n|-damage|p2a: Marijuano|51\/100\n|\n|t:|1700620420\n|switch|p1a: Mediputas|Medicham-Mega, M, shiny|84\/100|[from] Volt Switch\n|\n|upkeep\n|turn|19\n|\n|t:|1700620425\n|switch|p2a: Winona|Mandibuzz, F|100\/100\n|move|p1a: Mediputas|Fake Out|p2a: Winona\n|-damage|p2a: Winona|94\/100\n|-damage|p1a: Mediputas|68\/100|[from] item: Rocky Helmet|[of] p2a: Winona\n|\n|upkeep\n|turn|20\n|\n|t:|1700620442\n|move|p1a: Mediputas|Ice Punch|p2a: Winona\n|-supereffective|p2a: Winona\n|-damage|p2a: Winona|68\/100\n|-damage|p1a: Mediputas|51\/100|[from] item: Rocky Helmet|[of] p2a: Winona\n|move|p2a: Winona|Toxic|p1a: Mediputas\n|-status|p1a: Mediputas|tox\n|\n|-damage|p1a: Mediputas|45\/100 tox|[from] psn\n|upkeep\n|turn|21\n|\n|t:|1700620453\n|switch|p1a: Koko|Tapu Koko, shiny|94\/100\n|move|p2a: Winona|Foul Play|p1a: Koko\n|-resisted|p1a: Koko\n|-damage|p1a: Koko|73\/100\n|\n|-sideend|p2: Arlo Ghost|Reflect\n|-fieldend|move: Electric Terrain\n|upkeep\n|turn|22\n|\n|t:|1700620464\n|switch|p2a: Marijuano|Muk-Alola, M|51\/100\n|move|p1a: Koko|Roost|p1a: Koko\n|-heal|p1a: Koko|100\/100\n|-singleturn|p1a: Koko|move: Roost\n|\n|upkeep\n|turn|23\n|\n|t:|1700620473\n|move|p1a: Koko|Volt Switch|p2a: Marijuano\n|-damage|p2a: Marijuano|38\/100\n|\n|t:|1700620481\n|switch|p1a: Macaco|Rillaboom, M|100\/100|[from] Volt Switch\n|-fieldstart|move: Grassy Terrain|[from] ability: Grassy Surge|[of] p1a: Macaco\n|move|p2a: Marijuano|Knock Off|p1a: Macaco\n|-damage|p1a: Macaco|61\/100\n|-status|p1a: Macaco|psn|[from] ability: Poison Touch|[of] p2a: Marijuano\n|-enditem|p1a: Macaco|Choice Band|[from] move: Knock Off|[of] p2a: Marijuano\n|\n|-heal|p1a: Macaco|67\/100 psn|[from] Grassy Terrain\n|-heal|p2a: Marijuano|44\/100|[from] Grassy Terrain\n|-damage|p1a: Macaco|54\/100 psn|[from] psn\n|upkeep\n|turn|24\n|\n|t:|1700620499\n|move|p1a: Macaco|Brick Break|p2a: Marijuano\n|-damage|p2a: Marijuano|19\/100\n|move|p2a: Marijuano|Poison Jab|p1a: Macaco\n|-supereffective|p1a: Macaco\n|-damage|p1a: Macaco|0 fnt\n|faint|p1a: Macaco\n|\n|-heal|p2a: Marijuano|25\/100|[from] Grassy Terrain\n|upkeep\n|\n|t:|1700620510\n|switch|p1a: Koko|Tapu Koko, shiny|100\/100\n|-fieldstart|move: Electric Terrain|[from] ability: Electric Surge|[of] p1a: Koko\n|turn|25\n|\n|t:|1700620517\n|move|p1a: Koko|Volt Switch|p2a: Marijuano\n|-damage|p2a: Marijuano|10\/100\n|\n|t:|1700620520\n|switch|p1a: Mediputas|Medicham-Mega, M, shiny|45\/100 tox|[from] Volt Switch\n|move|p2a: Marijuano|Poison Jab|p1a: Mediputas\n|-damage|p1a: Mediputas|3\/100 tox\n|\n|-damage|p1a: Mediputas|0 fnt|[from] psn\n|faint|p1a: Mediputas\n|upkeep\n|\n|t:|1700620530\n|switch|p1a: Koko|Tapu Koko, shiny|100\/100\n|turn|26\n|\n|t:|1700620537\n|move|p1a: Koko|Thunderbolt|p2a: Marijuano\n|-damage|p2a: Marijuano|0 fnt\n|faint|p2a: Marijuano\n|\n|upkeep\n|\n|t:|1700620540\n|switch|p2a: El Cumbia Ninja|Greninja, M|100\/100\n|turn|27\n|\n|t:|1700620549\n|move|p2a: El Cumbia Ninja|Gunk Shot|p1a: Koko\n|-start|p2a: El Cumbia Ninja|typechange|Poison|[from] ability: Protean\n|-supereffective|p1a: Koko\n|-damage|p1a: Koko|0 fnt\n|faint|p1a: Koko\n|\n|win|Arlo Ghost\n|c|\u2606Arlo Ghost|gg\n|c|\u2606Sai4rr|Gg\n|l|\u2606Sai4rr\n","uploadtime":1700620560,"views":13,"p1id":"sai4rr","p2id":"arloghost","formatid":"gen9nationaldex","rating":0,"private":0,"password":""}