{"id":"gen9nationaldex-1994343412","p1":"Adriux15","p2":"YeahNoUm","format":"[Gen 9] National Dex","log":"|j|\u2606Adriux15\n|j|\u2606YeahNoUm\n|inactive|Battle timer is ON: inactive players will automatically lose when time's up.\n|t:|1700433224\n|gametype|singles\n|player|p1|Adriux15|steven|\n|player|p2|YeahNoUm|beauty-gen4dp|\n|teamsize|p1|6\n|teamsize|p2|6\n|gen|9\n|tier|[Gen 9] National Dex\n|rated|Tournament battle\n|rule|HP Percentage Mod: HP is shown in percentages\n|rule|Endless Battle Clause: Forcing endless battles is banned\n|rule|OHKO Clause: OHKO moves are banned\n|rule|Evasion Clause: Evasion abilities, items, and moves are banned\n|rule|Evasion Abilities Clause: Evasion abilities are banned\n|rule|Evasion Items Clause: Evasion items are banned\n|rule|Evasion Moves Clause: Evasion moves are banned\n|rule|Species Clause: Limit one of each Pok\u00e9mon\n|rule|Sleep Clause Mod: Limit one foe put to sleep\n|clearpoke\n|poke|p1|Pelipper, M|\n|poke|p1|Basculegion, M|\n|poke|p1|Greninja-*, F|\n|poke|p1|Gastrodon, M|\n|poke|p1|Thundurus-Therian, M|\n|poke|p1|Urshifu-*, M|\n|poke|p2|Tapu Koko|\n|poke|p2|Sneasler, F|\n|poke|p2|Gyarados, M|\n|poke|p2|Volcarona, M|\n|poke|p2|Toxapex, M|\n|poke|p2|Slowking-Galar, F|\n|teampreview\n|\n|t:|1700433244\n|start\n|switch|p1a: Pelipper|Pelipper, M|100\/100\n|switch|p2a: Tapu Koko|Tapu Koko, shiny|100\/100\n|-fieldstart|move: Electric Terrain|[from] ability: Electric Surge|[of] p2a: Tapu Koko\n|-weather|RainDance|[from] ability: Drizzle|[of] p1a: Pelipper\n|turn|1\n|j| BYGTGYDASIISP\n|\n|t:|1700433252\n|switch|p1a: Gastrodon|Gastrodon, M|100\/100\n|move|p2a: Tapu Koko|Volt Switch|p1a: Gastrodon\n|-immune|p1a: Gastrodon\n|\n|-weather|RainDance|[upkeep]\n|upkeep\n|turn|2\n|\n|t:|1700433260\n|-terastallize|p2a: Tapu Koko|Flying\n|move|p2a: Tapu Koko|Taunt|p1a: Gastrodon\n|-start|p1a: Gastrodon|move: Taunt\n|move|p1a: Gastrodon|Earth Power|p2a: Tapu Koko\n|-immune|p2a: Tapu Koko\n|\n|-weather|RainDance|[upkeep]\n|upkeep\n|turn|3\n|j| bodi 69\n|\n|t:|1700433268\n|move|p2a: Tapu Koko|Light Screen|p2a: Tapu Koko\n|-sidestart|p2: YeahNoUm|move: Light Screen\n|move|p1a: Gastrodon|Ice Beam|p2a: Tapu Koko\n|-supereffective|p2a: Tapu Koko\n|-damage|p2a: Tapu Koko|72\/100\n|\n|-weather|RainDance|[upkeep]\n|upkeep\n|turn|4\n|\n|t:|1700433275\n|move|p2a: Tapu Koko|Reflect|p2a: Tapu Koko\n|-sidestart|p2: YeahNoUm|Reflect\n|move|p1a: Gastrodon|Ice Beam|p2a: Tapu Koko\n|-supereffective|p2a: Tapu Koko\n|-damage|p2a: Tapu Koko|45\/100\n|\n|-weather|RainDance|[upkeep]\n|-end|p1a: Gastrodon|move: Taunt\n|upkeep\n|turn|5\n|\n|t:|1700433282\n|move|p2a: Tapu Koko|Taunt|p1a: Gastrodon\n|-start|p1a: Gastrodon|move: Taunt\n|move|p1a: Gastrodon|Ice Beam|p2a: Tapu Koko\n|-supereffective|p2a: Tapu Koko\n|-damage|p2a: Tapu Koko|18\/100\n|\n|-weather|RainDance|[upkeep]\n|-fieldend|move: Electric Terrain\n|upkeep\n|turn|6\n|\n|t:|1700433307\n|switch|p2a: Volcarona|Volcarona, M|100\/100\n|move|p1a: Gastrodon|Ice Beam|p2a: Volcarona\n|-resisted|p2a: Volcarona\n|-damage|p2a: Volcarona|95\/100\n|\n|-weather|RainDance|[upkeep]\n|upkeep\n|turn|7\n|l| bodi 69\n|\n|t:|1700433316\n|switch|p1a: Thundurus|Thundurus-Therian, M, shiny|100\/100\n|move|p2a: Volcarona|Quiver Dance|p2a: Volcarona\n|-boost|p2a: Volcarona|spa|1\n|-boost|p2a: Volcarona|spd|1\n|-boost|p2a: Volcarona|spe|1\n|\n|-weather|RainDance|[upkeep]\n|upkeep\n|turn|8\n|\n|t:|1700433322\n|move|p2a: Volcarona|Quiver Dance|p2a: Volcarona\n|-boost|p2a: Volcarona|spa|1\n|-boost|p2a: Volcarona|spd|1\n|-boost|p2a: Volcarona|spe|1\n|move|p1a: Thundurus|Thunder|p2a: Volcarona\n|-damage|p2a: Volcarona|81\/100\n|\n|-weather|none\n|upkeep\n|turn|9\n|\n|t:|1700433341\n|move|p2a: Volcarona|Quiver Dance|p2a: Volcarona\n|-boost|p2a: Volcarona|spa|1\n|-boost|p2a: Volcarona|spd|1\n|-boost|p2a: Volcarona|spe|1\n|move|p1a: Thundurus|Thunder|p2a: Volcarona\n|-damage|p2a: Volcarona|70\/100\n|\n|upkeep\n|turn|10\n|\n|t:|1700433348\n|move|p2a: Volcarona|Roost|p2a: Volcarona\n|-heal|p2a: Volcarona|100\/100\n|-singleturn|p2a: Volcarona|move: Roost\n|move|p1a: Thundurus|Thunder|p2a: Volcarona\n|-damage|p2a: Volcarona|88\/100\n|\n|-sideend|p2: YeahNoUm|move: Light Screen\n|upkeep\n|turn|11\n|\n|t:|1700433355\n|move|p2a: Volcarona|Fiery Dance|p1a: Thundurus\n|-damage|p1a: Thundurus|25\/100\n|move|p1a: Thundurus|Thunder|p2a: Volcarona|[miss]\n|-miss|p1a: Thundurus|p2a: Volcarona\n|\n|-sideend|p2: YeahNoUm|Reflect\n|upkeep\n|turn|12\n|j| NoTollsNoRolls\n|\n|t:|1700433363\n|switch|p1a: Pelipper|Pelipper, M|100\/100\n|-weather|RainDance|[from] ability: Drizzle|[of] p1a: Pelipper\n|move|p2a: Volcarona|Quiver Dance|p2a: Volcarona\n|-boost|p2a: Volcarona|spa|1\n|-boost|p2a: Volcarona|spd|1\n|-boost|p2a: Volcarona|spe|1\n|\n|-weather|RainDance|[upkeep]\n|upkeep\n|turn|13\n|\n|t:|1700433372\n|move|p2a: Volcarona|Bug Buzz|p1a: Pelipper\n|-resisted|p1a: Pelipper\n|-damage|p1a: Pelipper|26\/100\n|move|p1a: Pelipper|Hurricane|p2a: Volcarona\n|-supereffective|p2a: Volcarona\n|-damage|p2a: Volcarona|63\/100\n|\n|-weather|RainDance|[upkeep]\n|upkeep\n|turn|14\n|c| BYGTGYDASIISP|you gon die to aqua jet\n|c|\u2606YeahNoUm|hup\n|\n|t:|1700433382\n|move|p2a: Volcarona|Bug Buzz|p1a: Pelipper\n|-resisted|p1a: Pelipper\n|-damage|p1a: Pelipper|0 fnt\n|faint|p1a: Pelipper\n|\n|-weather|RainDance|[upkeep]\n|upkeep\n|\n|t:|1700433390\n|switch|p1a: Greninja|Greninja, F, shiny|100\/100\n|turn|15\n|\n|t:|1700433393\n|move|p2a: Volcarona|Bug Buzz|p1a: Greninja\n|-supereffective|p1a: Greninja\n|-enditem|p1a: Greninja|Focus Sash\n|-damage|p1a: Greninja|1\/100\n|move|p1a: Greninja|Hydro Pump|p2a: Volcarona\n|-start|p1a: Greninja|typechange|Water|[from] ability: Protean\n|-supereffective|p2a: Volcarona\n|-damage|p2a: Volcarona|16\/100\n|\n|-weather|RainDance|[upkeep]\n|upkeep\n|turn|16\n|\n|t:|1700433402\n|move|p2a: Volcarona|Fiery Dance|p1a: Greninja\n|-resisted|p1a: Greninja\n|-damage|p1a: Greninja|0 fnt\n|-boost|p2a: Volcarona|spa|1\n|faint|p1a: Greninja\n|\n|-weather|RainDance|[upkeep]\n|upkeep\n|\n|t:|1700433409\n|switch|p1a: Basculegion|Basculegion, M, shiny|100\/100\n|turn|17\n|\n|t:|1700433413\n|move|p1a: Basculegion|Aqua Jet|p2a: Volcarona\n|-supereffective|p2a: Volcarona\n|-damage|p2a: Volcarona|0 fnt\n|faint|p2a: Volcarona\n|-damage|p1a: Basculegion|91\/100|[from] item: Life Orb\n|\n|-weather|RainDance|[upkeep]\n|upkeep\n|\n|t:|1700433416\n|switch|p2a: Toxapex|Toxapex, M|100\/100\n|turn|18\n|\n|t:|1700433421\n|move|p1a: Basculegion|Psychic Fangs|p2a: Toxapex\n|-supereffective|p2a: Toxapex\n|-damage|p2a: Toxapex|52\/100\n|-damage|p1a: Basculegion|81\/100|[from] item: Life Orb\n|move|p2a: Toxapex|Toxic|p1a: Basculegion\n|-status|p1a: Basculegion|tox\n|\n|-weather|RainDance|[upkeep]\n|-damage|p1a: Basculegion|75\/100 tox|[from] psn\n|upkeep\n|turn|19\n|j| Carrotfromkanto\n|\n|t:|1700433429\n|switch|p2a: Tapu Koko|Tapu Koko, shiny, tera:Flying|18\/100\n|-fieldstart|move: Electric Terrain|[from] ability: Electric Surge|[of] p2a: Tapu Koko\n|move|p1a: Basculegion|Psychic Fangs|p2a: Tapu Koko\n|-damage|p2a: Tapu Koko|0 fnt\n|faint|p2a: Tapu Koko\n|-damage|p1a: Basculegion|65\/100 tox|[from] item: Life Orb\n|\n|-weather|none\n|-damage|p1a: Basculegion|52\/100 tox|[from] psn\n|upkeep\n|\n|t:|1700433443\n|switch|p2a: Sneasler|Sneasler, F|100\/100\n|-enditem|p2a: Sneasler|Electric Seed\n|-boost|p2a: Sneasler|def|1|[from] item: Electric Seed\n|turn|20\n|\n|t:|1700433452\n|move|p1a: Basculegion|Aqua Jet|p2a: Sneasler\n|-damage|p2a: Sneasler|72\/100\n|-damage|p1a: Basculegion|42\/100 tox|[from] item: Life Orb\n|move|p2a: Sneasler|Acrobatics|p1a: Basculegion\n|-crit|p1a: Basculegion\n|-damage|p1a: Basculegion|0 fnt\n|faint|p1a: Basculegion\n|\n|upkeep\n|\n|t:|1700433460\n|switch|p1a: Gastrodon|Gastrodon, M|100\/100\n|turn|21\n|\n|t:|1700433470\n|move|p2a: Sneasler|Swords Dance|p2a: Sneasler\n|-boost|p2a: Sneasler|atk|2\n|move|p1a: Gastrodon|Earth Power|p2a: Sneasler\n|-supereffective|p2a: Sneasler\n|-damage|p2a: Sneasler|0 fnt\n|faint|p2a: Sneasler\n|\n|upkeep\n|c|\u2606YeahNoUm|oOOOSP\n|c|\u2606YeahNoUm|MISCLICK\n|\n|t:|1700433490\n|switch|p2a: Slowking|Slowking-Galar, F|100\/100\n|turn|22\n|\n|t:|1700433496\n|move|p1a: Gastrodon|Earth Power|p2a: Slowking\n|-supereffective|p2a: Slowking\n|-crit|p2a: Slowking\n|-damage|p2a: Slowking|44\/100\n|move|p2a: Slowking|Sludge Bomb|p1a: Gastrodon\n|-resisted|p1a: Gastrodon\n|-damage|p1a: Gastrodon|80\/100\n|\n|-heal|p1a: Gastrodon|86\/100|[from] item: Leftovers\n|upkeep\n|turn|23\n|\n|t:|1700433504\n|switch|p2a: Gyarados|Gyarados, M, shiny|100\/100\n|-ability|p2a: Gyarados|Intimidate|boost\n|-unboost|p1a: Gastrodon|atk|1\n|move|p1a: Gastrodon|Earth Power|p2a: Gyarados\n|-immune|p2a: Gyarados\n|\n|-heal|p1a: Gastrodon|92\/100|[from] item: Leftovers\n|-fieldend|move: Electric Terrain\n|upkeep\n|turn|24\n|\n|t:|1700433514\n|detailschange|p2a: Gyarados|Gyarados-Mega, M, shiny\n|-mega|p2a: Gyarados|Gyarados|Gyaradosite\n|-ability|p2a: Gyarados|Mold Breaker\n|move|p2a: Gyarados|Dragon Dance|p2a: Gyarados\n|-boost|p2a: Gyarados|atk|1\n|-boost|p2a: Gyarados|spe|1\n|move|p1a: Gastrodon|Ice Beam|p2a: Gyarados\n|-resisted|p2a: Gyarados\n|-damage|p2a: Gyarados|92\/100\n|\n|-heal|p1a: Gastrodon|98\/100|[from] item: Leftovers\n|upkeep\n|turn|25\n|c| BYGTGYDASIISP|break his mold\n|\n|t:|1700433528\n|-terastallize|p1a: Gastrodon|Ground\n|move|p2a: Gyarados|Substitute|p2a: Gyarados\n|-start|p2a: Gyarados|Substitute\n|-damage|p2a: Gyarados|67\/100\n|move|p1a: Gastrodon|Earth Power|p2a: Gyarados\n|-end|p2a: Gyarados|Substitute\n|\n|-heal|p1a: Gastrodon|100\/100|[from] item: Leftovers\n|upkeep\n|turn|26\n|c| BYGTGYDASIISP|waterfall his storm drain\n|c|\u2606YeahNoUm|Wait so\n|c|\u2606YeahNoUm|my water will\n|c| BYGTGYDASIISP|yes\n|c|\u2606YeahNoUm|affect him\n|c| BYGTGYDASIISP|yes\n|\n|t:|1700433554\n|move|p2a: Gyarados|Waterfall|p1a: Gastrodon\n|-supereffective|p1a: Gastrodon\n|-damage|p1a: Gastrodon|0 fnt\n|faint|p1a: Gastrodon\n|\n|upkeep\n|c|\u2606YeahNoUm|SUUUUUUU\n|c| BYGTGYDASIISP|i thought that's why you mega evolve in the first place\n|\n|t:|1700433561\n|switch|p1a: Urshifu|Urshifu-Rapid-Strike, M|100\/100\n|turn|27\n|c|\u2606YeahNoUm|Nah i am noob\n|\n|t:|1700433576\n|move|p2a: Gyarados|Waterfall|p1a: Urshifu\n|-resisted|p1a: Urshifu\n|-damage|p1a: Urshifu|66\/100\n|move|p1a: Urshifu|Close Combat|p2a: Gyarados\n|-supereffective|p2a: Gyarados\n|-damage|p2a: Gyarados|0 fnt\n|-unboost|p1a: Urshifu|def|1\n|-unboost|p1a: Urshifu|spd|1\n|faint|p2a: Gyarados\n|\n|upkeep\n|\n|t:|1700433585\n|switch|p2a: Toxapex|Toxapex, M|85\/100\n|turn|28\n|\n|t:|1700433591\n|switch|p1a: Thundurus|Thundurus-Therian, M, shiny|25\/100\n|move|p2a: Toxapex|Scald|p1a: Thundurus\n|-damage|p1a: Thundurus|12\/100\n|-status|p1a: Thundurus|brn\n|\n|-damage|p1a: Thundurus|6\/100 brn|[from] brn\n|upkeep\n|turn|29\n|\n|t:|1700433600\n|switch|p2a: Slowking|Slowking-Galar, F|77\/100\n|move|p1a: Thundurus|Thunder|p2a: Slowking|[miss]\n|-miss|p1a: Thundurus|p2a: Slowking\n|\n|-damage|p1a: Thundurus|0 fnt|[from] brn\n|faint|p1a: Thundurus\n|upkeep\n|\n|t:|1700433608\n|switch|p1a: Urshifu|Urshifu-Rapid-Strike, M|66\/100\n|turn|30\n|\n|t:|1700433613\n|switch|p2a: Toxapex|Toxapex, M|100\/100\n|move|p1a: Urshifu|Surging Strikes|p2a: Toxapex\n|-resisted|p2a: Toxapex\n|-crit|p2a: Toxapex\n|-damage|p2a: Toxapex|92\/100\n|-resisted|p2a: Toxapex\n|-crit|p2a: Toxapex\n|-damage|p2a: Toxapex|85\/100\n|-resisted|p2a: Toxapex\n|-crit|p2a: Toxapex\n|-damage|p2a: Toxapex|77\/100\n|-hitcount|p2a: Toxapex|3\n|\n|upkeep\n|turn|31\n|\n|t:|1700433623\n|move|p1a: Urshifu|Surging Strikes|p2a: Toxapex\n|-resisted|p2a: Toxapex\n|-crit|p2a: Toxapex\n|-damage|p2a: Toxapex|69\/100\n|-resisted|p2a: Toxapex\n|-crit|p2a: Toxapex\n|-damage|p2a: Toxapex|61\/100\n|-resisted|p2a: Toxapex\n|-crit|p2a: Toxapex\n|-damage|p2a: Toxapex|52\/100\n|-hitcount|p2a: Toxapex|3\n|move|p2a: Toxapex|Toxic|p1a: Urshifu\n|-status|p1a: Urshifu|tox\n|\n|-damage|p1a: Urshifu|60\/100 tox|[from] psn\n|upkeep\n|turn|32\n|c|\u2606YeahNoUm|gg#\n|\n|t:|1700433633\n|move|p1a: Urshifu|Surging Strikes|p2a: Toxapex\n|-resisted|p2a: Toxapex\n|-crit|p2a: Toxapex\n|-damage|p2a: Toxapex|44\/100\n|-resisted|p2a: Toxapex\n|-crit|p2a: Toxapex\n|-damage|p2a: Toxapex|35\/100\n|-resisted|p2a: Toxapex\n|-crit|p2a: Toxapex\n|-damage|p2a: Toxapex|28\/100\n|-hitcount|p2a: Toxapex|3\n|move|p2a: Toxapex|Recover|p2a: Toxapex\n|-heal|p2a: Toxapex|78\/100\n|\n|-damage|p1a: Urshifu|48\/100 tox|[from] psn\n|upkeep\n|turn|33\n|\n|t:|1700433645\n|move|p1a: Urshifu|Surging Strikes|p2a: Toxapex\n|-resisted|p2a: Toxapex\n|-crit|p2a: Toxapex\n|-damage|p2a: Toxapex|69\/100\n|-resisted|p2a: Toxapex\n|-crit|p2a: Toxapex\n|-damage|p2a: Toxapex|61\/100\n|-resisted|p2a: Toxapex\n|-crit|p2a: Toxapex\n|-damage|p2a: Toxapex|54\/100\n|-hitcount|p2a: Toxapex|3\n|move|p2a: Toxapex|Recover|p2a: Toxapex\n|-heal|p2a: Toxapex|100\/100\n|\n|-damage|p1a: Urshifu|29\/100 tox|[from] psn\n|upkeep\n|turn|34\n|\n|t:|1700433656\n|move|p1a: Urshifu|Surging Strikes|p2a: Toxapex\n|-resisted|p2a: Toxapex\n|-crit|p2a: Toxapex\n|-damage|p2a: Toxapex|93\/100\n|-resisted|p2a: Toxapex\n|-crit|p2a: Toxapex\n|-damage|p2a: Toxapex|85\/100\n|-resisted|p2a: Toxapex\n|-crit|p2a: Toxapex\n|-damage|p2a: Toxapex|77\/100\n|-hitcount|p2a: Toxapex|3\n|move|p2a: Toxapex|Scald|p1a: Urshifu\n|-resisted|p1a: Urshifu\n|-damage|p1a: Urshifu|16\/100 tox\n|\n|-damage|p1a: Urshifu|0 fnt|[from] psn\n|faint|p1a: Urshifu\n|\n|win|YeahNoUm\n|upkeep\n|n|\u2606Adriux15|adriux15\n|n|\u2606YeahNoUm|yeahnoum\n|n| BYGTGYDASIISP|bygtgydasiisp\n|n| NoTollsNoRolls|notollsnorolls\n|n| Carrotfromkanto|carrotfromkanto\n","uploadtime":1700433658,"views":4,"p1id":"adriux15","p2id":"yeahnoum","formatid":"gen9nationaldex","rating":0,"private":0,"password":""}