{"id":"gen9nationaldex-1990582095","p1":"Asguardia","p2":"Dark Umbreon 08","format":"[Gen 9] National Dex","log":"|j|\u2606Asguardia\n|j|\u2606Dark Umbreon 08\n|t:|1699983247\n|gametype|singles\n|player|p1|Asguardia|morty|1105\n|player|p2|Dark Umbreon 08|lass-gen4dp|1104\n|teamsize|p1|6\n|teamsize|p2|2\n|gen|9\n|tier|[Gen 9] National Dex\n|rated|\n|rule|HP Percentage Mod: HP is shown in percentages\n|rule|Endless Battle Clause: Forcing endless battles is banned\n|rule|OHKO Clause: OHKO moves are banned\n|rule|Evasion Clause: Evasion abilities, items, and moves are banned\n|rule|Evasion Abilities Clause: Evasion abilities are banned\n|rule|Evasion Items Clause: Evasion items are banned\n|rule|Evasion Moves Clause: Evasion moves are banned\n|rule|Species Clause: Limit one of each Pok\u00e9mon\n|rule|Sleep Clause Mod: Limit one foe put to sleep\n|clearpoke\n|poke|p1|Gengar, M|\n|poke|p1|Gallade, M|\n|poke|p1|Golurk|\n|poke|p1|Porygon-Z|\n|poke|p1|Greninja-*, M|\n|poke|p1|Dhelmise|\n|poke|p2|Blaziken, F|\n|poke|p2|Torterra, M|\n|teampreview\n|inactive|Battle timer is ON: inactive players will automatically lose when time's up. (requested by Dark Umbreon 08)\n|\n|t:|1699983253\n|start\n|switch|p1a: Casper|Gengar, M, shiny|100\/100\n|switch|p2a: Torterra|Torterra, M|100\/100\n|turn|1\n|\n|t:|1699983269\n|move|p2a: Torterra|Shell Smash|p2a: Torterra\n|-unboost|p2a: Torterra|def|1\n|-unboost|p2a: Torterra|spd|1\n|-boost|p2a: Torterra|atk|2\n|-boost|p2a: Torterra|spa|2\n|-boost|p2a: Torterra|spe|2\n|move|p1a: Casper|Trick Room|p1a: Casper\n|-fieldstart|move: Trick Room|[of] p1a: Casper\n|\n|upkeep\n|turn|2\n|\n|t:|1699983279\n|move|p1a: Casper|Shadow Ball|p2a: Torterra\n|-damage|p2a: Torterra|33\/100\n|-unboost|p2a: Torterra|spd|1\n|move|p2a: Torterra|Rock Blast|p1a: Casper\n|-damage|p1a: Casper|70\/100\n|-damage|p1a: Casper|37\/100\n|-start|p2a: Torterra|Disable|Rock Blast|[from] ability: Cursed Body|[of] p1a: Casper\n|-damage|p1a: Casper|6\/100\n|-damage|p1a: Casper|0 fnt\n|faint|p1a: Casper\n|-hitcount|p1: Casper|4\n|\n|upkeep\n|\n|t:|1699983284\n|switch|p1a: Black Star|Greninja, M, shiny|100\/100\n|turn|3\n|\n|t:|1699983291\n|switch|p2a: Blaziken|Blaziken, F|100\/100\n|move|p1a: Black Star|Ice Beam|p2a: Blaziken\n|-start|p1a: Black Star|typechange|Ice|[from] ability: Protean\n|-resisted|p2a: Blaziken\n|-damage|p2a: Blaziken|71\/100\n|\n|upkeep\n|turn|4\n|\n|t:|1699983308\n|-terastallize|p1a: Black Star|Water\n|move|p2a: Blaziken|Blaze Kick|p1a: Black Star\n|-resisted|p1a: Black Star\n|-damage|p1a: Black Star|51\/100\n|move|p1a: Black Star|Surf|p2a: Blaziken\n|-supereffective|p2a: Blaziken\n|-damage|p2a: Blaziken|0 fnt\n|faint|p2a: Blaziken\n|\n|upkeep\n|\n|t:|1699983310\n|switch|p2a: Torterra|Torterra, M|33\/100\n|turn|5\n|\n|t:|1699983315\n|move|p2a: Torterra|Bullet Seed|p1a: Black Star\n|-supereffective|p1a: Black Star\n|-damage|p1a: Black Star|0 fnt\n|faint|p1a: Black Star\n|-hitcount|p1: Black Star|1\n|\n|-fieldend|move: Trick Room\n|upkeep\n|\n|t:|1699983322\n|switch|p1a: Tweek|Porygon-Z, shiny|100\/100\n|turn|6\n|\n|t:|1699983326\n|-terastallize|p2a: Torterra|Rock\n|-zpower|p1a: Tweek\n|move|p1a: Tweek|Z-Conversion|p1a: Tweek|[anim]Conversion\n|-boost|p1a: Tweek|atk|1|[zeffect]\n|-boost|p1a: Tweek|def|1|[zeffect]\n|-boost|p1a: Tweek|spa|1|[zeffect]\n|-boost|p1a: Tweek|spd|1|[zeffect]\n|-boost|p1a: Tweek|spe|1|[zeffect]\n|-start|p1a: Tweek|typechange|Electric\n|move|p2a: Torterra|Shell Smash|p2a: Torterra\n|-unboost|p2a: Torterra|def|1\n|-unboost|p2a: Torterra|spd|1\n|-boost|p2a: Torterra|atk|2\n|-boost|p2a: Torterra|spa|2\n|-boost|p2a: Torterra|spe|2\n|\n|upkeep\n|turn|7\n|\n|t:|1699983331\n|move|p2a: Torterra|Headlong Rush|p1a: Tweek\n|-supereffective|p1a: Tweek\n|-damage|p1a: Tweek|0 fnt\n|-unboost|p2a: Torterra|def|1\n|-unboost|p2a: Torterra|spd|1\n|faint|p1a: Tweek\n|\n|upkeep\n|\n|t:|1699983336\n|switch|p1a: Lance|Gallade, M, shiny|100\/100\n|turn|8\n|\n|t:|1699983342\n|detailschange|p1a: Lance|Gallade-Mega, M, shiny\n|-mega|p1a: Lance|Gallade|Galladite\n|move|p2a: Torterra|Bullet Seed|p1a: Lance\n|-damage|p1a: Lance|67\/100\n|-damage|p1a: Lance|31\/100\n|-damage|p1a: Lance|0 fnt\n|faint|p1a: Lance\n|-hitcount|p1: Lance|3\n|\n|upkeep\n|\n|t:|1699983345\n|switch|p1a: Alphonse|Golurk, shiny|100\/100\n|turn|9\n|\n|t:|1699983348\n|move|p2a: Torterra|Bullet Seed|p1a: Alphonse\n|-supereffective|p1a: Alphonse\n|-damage|p1a: Alphonse|33\/100\n|-supereffective|p1a: Alphonse\n|-damage|p1a: Alphonse|0 fnt\n|faint|p1a: Alphonse\n|-hitcount|p1: Alphonse|2\n|\n|upkeep\n|\n|t:|1699983353\n|switch|p1a: Flying Dutchman|Dhelmise, shiny|100\/100\n|turn|10\n|\n|t:|1699983360\n|move|p2a: Torterra|Rock Blast|p1a: Flying Dutchman\n|-damage|p1a: Flying Dutchman|72\/100\n|-damage|p1a: Flying Dutchman|45\/100\n|-damage|p1a: Flying Dutchman|18\/100\n|-damage|p1a: Flying Dutchman|0 fnt\n|faint|p1a: Flying Dutchman\n|-hitcount|p1: Flying Dutchman|4\n|\n|win|Dark Umbreon 08\n|raw|Asguardia's rating: 1105 &rarr; <strong>1080<\/strong><br \/>(-25 for losing)\n|raw|Dark Umbreon 08's rating: 1104 &rarr; <strong>1129<\/strong><br \/>(+25 for winning)\n|c|\u2606Dark Umbreon 08|Gg\n|c|\u2606Asguardia|still not fair.\n|l|\u2606Asguardia\n","uploadtime":1699983398,"views":3,"p1id":"asguardia","p2id":"darkumbreon08","formatid":"gen9nationaldex","rating":1080,"private":0,"password":""}