{"id":"gen9nationaldex-1988398366","p1":"Ricardo2221","p2":"DarkYuichiro","format":"[Gen 9] National Dex","log":"|j|\u2606Ricardo2221\n|j|\u2606DarkYuichiro\n|t:|1699718498\n|gametype|singles\n|player|p1|Ricardo2221|benga|\n|player|p2|DarkYuichiro|roxie|\n|teamsize|p1|6\n|teamsize|p2|6\n|gen|9\n|tier|[Gen 9] National Dex\n|rule|HP Percentage Mod: HP is shown in percentages\n|rule|Endless Battle Clause: Forcing endless battles is banned\n|rule|OHKO Clause: OHKO moves are banned\n|rule|Evasion Clause: Evasion abilities, items, and moves are banned\n|rule|Evasion Abilities Clause: Evasion abilities are banned\n|rule|Evasion Items Clause: Evasion items are banned\n|rule|Evasion Moves Clause: Evasion moves are banned\n|rule|Species Clause: Limit one of each Pok\u00e9mon\n|rule|Sleep Clause Mod: Limit one foe put to sleep\n|clearpoke\n|poke|p1|Sneasler, M|\n|poke|p1|Iron Valiant|\n|poke|p1|Zapdos|\n|poke|p1|Pinsir, M|\n|poke|p1|Landorus-Therian, M|\n|poke|p1|Garganacl, F|\n|poke|p2|Galvantula, M|\n|poke|p2|Amoonguss, M|\n|poke|p2|Beedrill, M|\n|poke|p2|Iron Moth|\n|poke|p2|Skeledirge, M|\n|poke|p2|Dondozo, M|\n|teampreview\n|inactive|Battle timer is ON: inactive players will automatically lose when time's up. (requested by Ricardo2221)\n|\n|t:|1699718509\n|start\n|switch|p1a: Landorus|Landorus-Therian, M|100\/100\n|switch|p2a: Copernico|Galvantula, M, shiny|100\/100\n|-ability|p1a: Landorus|Intimidate|boost\n|-unboost|p2a: Copernico|atk|1\n|turn|1\n|c|\u2606DarkYuichiro|Suerte\n|\n|t:|1699718522\n|move|p2a: Copernico|Sticky Web|p1a: Landorus\n|-sidestart|p1: Ricardo2221|move: Sticky Web\n|move|p1a: Landorus|Earthquake|p2a: Copernico\n|-enditem|p2a: Copernico|Focus Sash\n|-damage|p2a: Copernico|1\/100\n|\n|upkeep\n|turn|2\n|\n|t:|1699718531\n|move|p2a: Copernico|Bug Buzz|p1a: Landorus\n|-resisted|p1a: Landorus\n|-damage|p1a: Landorus|76\/100\n|move|p1a: Landorus|Stealth Rock|p2a: Copernico\n|-sidestart|p2: DarkYuichiro|move: Stealth Rock\n|\n|upkeep\n|turn|3\n|\n|t:|1699718538\n|move|p2a: Copernico|Bug Buzz|p1a: Landorus\n|-resisted|p1a: Landorus\n|-damage|p1a: Landorus|49\/100\n|move|p1a: Landorus|Earthquake|p2a: Copernico\n|-damage|p2a: Copernico|0 fnt\n|faint|p2a: Copernico\n|\n|upkeep\n|\n|t:|1699718550\n|switch|p2a: Mondongo|Dondozo, M|100\/100\n|-damage|p2a: Mondongo|88\/100|[from] Stealth Rock\n|turn|4\n|\n|t:|1699718555\n|move|p1a: Landorus|Toxic|p2a: Mondongo|[miss]\n|-miss|p1a: Landorus|p2a: Mondongo\n|move|p2a: Mondongo|Curse|p2a: Mondongo\n|-unboost|p2a: Mondongo|spe|1\n|-boost|p2a: Mondongo|atk|1\n|-boost|p2a: Mondongo|def|1\n|\n|-heal|p2a: Mondongo|94\/100|[from] item: Leftovers\n|upkeep\n|turn|5\n|\n|t:|1699718564\n|move|p1a: Landorus|Toxic|p2a: Mondongo\n|-status|p2a: Mondongo|tox\n|move|p2a: Mondongo|Curse|p2a: Mondongo\n|-unboost|p2a: Mondongo|spe|1\n|-boost|p2a: Mondongo|atk|1\n|-boost|p2a: Mondongo|def|1\n|\n|-heal|p2a: Mondongo|99\/100 tox|[from] item: Leftovers\n|-damage|p2a: Mondongo|94\/100 tox|[from] psn\n|upkeep\n|turn|6\n|\n|t:|1699718571\n|switch|p1a: Zapdos|Zapdos|100\/100\n|move|p2a: Mondongo|Wave Crash|p1a: Zapdos\n|-damage|p1a: Zapdos|22\/100\n|-damage|p2a: Mondongo|75\/100 tox|[from] Recoil\n|\n|-heal|p2a: Mondongo|81\/100 tox|[from] item: Leftovers\n|-damage|p2a: Mondongo|68\/100 tox|[from] psn\n|upkeep\n|turn|7\n|j| EmiKohi\n|\n|t:|1699718578\n|-terastallize|p2a: Mondongo|Dragon\n|move|p1a: Zapdos|Thunderbolt|p2a: Mondongo\n|-resisted|p2a: Mondongo\n|-damage|p2a: Mondongo|50\/100 tox\n|move|p2a: Mondongo|Wave Crash|p1a: Zapdos\n|-damage|p1a: Zapdos|0 fnt\n|faint|p1a: Zapdos\n|-damage|p2a: Mondongo|45\/100 tox|[from] Recoil\n|\n|-heal|p2a: Mondongo|51\/100 tox|[from] item: Leftovers\n|-damage|p2a: Mondongo|33\/100 tox|[from] psn\n|upkeep\n|\n|t:|1699718583\n|switch|p1a: Iron Valiant|Iron Valiant|100\/100\n|-activate|p1a: Iron Valiant|move: Sticky Web\n|-unboost|p1a: Iron Valiant|spe|1\n|-enditem|p1a: Iron Valiant|Booster Energy\n|-activate|p1a: Iron Valiant|ability: Quark Drive|[fromitem]\n|-start|p1a: Iron Valiant|quarkdrivespa\n|turn|8\n|c| EmiKohi|perdimo\n|\n|t:|1699718588\n|switch|p2a: Bob|Amoonguss, M, shiny|100\/100\n|-damage|p2a: Bob|88\/100|[from] Stealth Rock\n|move|p1a: Iron Valiant|Moonblast|p2a: Bob\n|-resisted|p2a: Bob\n|-damage|p2a: Bob|70\/100\n|\n|upkeep\n|turn|9\n|c| EmiKohi|secso\n|c| EmiKohi|bai buichibro\n|\n|t:|1699718604\n|-end|p1a: Iron Valiant|Quark Drive|[silent]\n|switch|p1a: Sneasler|Sneasler, M|100\/100\n|-activate|p1a: Sneasler|move: Sticky Web\n|-unboost|p1a: Sneasler|spe|1\n|-enditem|p1a: Sneasler|White Herb\n|-clearnegativeboost|p1a: Sneasler|[silent]\n|move|p2a: Bob|Sludge Bomb|p1a: Sneasler\n|-resisted|p1a: Sneasler\n|-damage|p1a: Sneasler|81\/100\n|\n|upkeep\n|turn|10\n|\n|t:|1699718615\n|move|p1a: Sneasler|Close Combat|p2a: Bob\n|-resisted|p2a: Bob\n|-damage|p2a: Bob|43\/100\n|-unboost|p1a: Sneasler|def|1\n|-unboost|p1a: Sneasler|spd|1\n|move|p2a: Bob|Hidden Power|p1a: Sneasler\n|-supereffective|p1a: Sneasler\n|-crit|p1a: Sneasler\n|-damage|p1a: Sneasler|10\/100\n|\n|upkeep\n|turn|11\n|c| EmiKohi|rip\n|c| EmiKohi|ojo\n|c| EmiKohi|OJOOOOOOOOOOOOOO\n|c| EmiKohi|NA RIP\n|\n|t:|1699718637\n|switch|p2a: Mondongo|Dondozo, M, tera:Dragon|33\/100 tox\n|-damage|p2a: Mondongo|20\/100 tox|[from] Stealth Rock\n|-terastallize|p1a: Sneasler|Flying\n|move|p1a: Sneasler|Acrobatics|p2a: Mondongo\n|-damage|p2a: Mondongo|0 fnt\n|faint|p2a: Mondongo\n|\n|upkeep\n|c|\u2606Ricardo2221|Quer\u00eda activar la White herb\n|\n|t:|1699718649\n|switch|p2a: Guayando|Skeledirge, M, shiny|100\/100\n|turn|12\n|c| EmiKohi|guayando\n|\n|t:|1699718654\n|move|p1a: Sneasler|Acrobatics|p2a: Guayando\n|-damage|p2a: Guayando|49\/100\n|move|p2a: Guayando|Torch Song|p1a: Sneasler\n|-damage|p1a: Sneasler|0 fnt\n|-boost|p2a: Guayando|spa|1\n|faint|p1a: Sneasler\n|\n|upkeep\n|\n|t:|1699718658\n|switch|p1a: Landorus|Landorus-Therian, M|49\/100\n|-ability|p1a: Landorus|Intimidate|boost\n|-unboost|p2a: Guayando|atk|1\n|turn|13\n|\n|t:|1699718671\n|move|p1a: Landorus|Earthquake|p2a: Guayando\n|-supereffective|p2a: Guayando\n|-damage|p2a: Guayando|0 fnt\n|faint|p2a: Guayando\n|\n|upkeep\n|c|\u2606Ricardo2221|Vaya xountereada te tengo Bro\n|\n|t:|1699718679\n|switch|p2a: Mothra|Iron Moth|100\/100\n|-damage|p2a: Mothra|76\/100|[from] Stealth Rock\n|-enditem|p2a: Mothra|Booster Energy\n|-activate|p2a: Mothra|ability: Quark Drive|[fromitem]\n|-start|p2a: Mothra|quarkdrivespa\n|turn|14\n|\n|t:|1699718686\n|move|p2a: Mothra|Psychic|p1a: Landorus\n|-crit|p1a: Landorus\n|-damage|p1a: Landorus|0 fnt\n|faint|p1a: Landorus\n|\n|upkeep\n|\n|t:|1699718693\n|switch|p1a: Garganacl|Garganacl, F|100\/100\n|-activate|p1a: Garganacl|move: Sticky Web\n|-unboost|p1a: Garganacl|spe|1\n|turn|15\n|\n|t:|1699718696\n|move|p2a: Mothra|Energy Ball|p1a: Garganacl\n|-supereffective|p1a: Garganacl\n|-damage|p1a: Garganacl|47\/100\n|move|p1a: Garganacl|Salt Cure|p2a: Mothra\n|-supereffective|p2a: Mothra\n|-damage|p2a: Mothra|31\/100\n|-start|p2a: Mothra|Salt Cure\n|\n|-heal|p1a: Garganacl|53\/100|[from] item: Leftovers\n|-damage|p2a: Mothra|19\/100|[from] Salt Cure\n|upkeep\n|turn|16\n|\n|t:|1699718700\n|move|p2a: Mothra|Energy Ball|p1a: Garganacl\n|-supereffective|p1a: Garganacl\n|-damage|p1a: Garganacl|0 fnt\n|faint|p1a: Garganacl\n|\n|-damage|p2a: Mothra|6\/100|[from] Salt Cure\n|upkeep\n|c| EmiKohi|buichis sepso\n|\n|t:|1699718703\n|switch|p1a: Pinsir|Pinsir, M|100\/100\n|-activate|p1a: Pinsir|move: Sticky Web\n|-unboost|p1a: Pinsir|spe|1\n|turn|17\n|c| EmiKohi|sepsochiro\n|\n|t:|1699718707\n|detailschange|p1a: Pinsir|Pinsir-Mega, M\n|-mega|p1a: Pinsir|Pinsir|Pinsirite\n|move|p1a: Pinsir|Quick Attack|p2a: Mothra\n|-damage|p2a: Mothra|0 fnt\n|faint|p2a: Mothra\n|-end|p2a: Mothra|Quark Drive|[silent]\n|\n|upkeep\n|\n|t:|1699718709\n|switch|p2a: Fezanditi|Beedrill, M, shiny|100\/100\n|-damage|p2a: Fezanditi|76\/100|[from] Stealth Rock\n|turn|18\n|\n|t:|1699718714\n|detailschange|p2a: Fezanditi|Beedrill-Mega, M, shiny\n|-mega|p2a: Fezanditi|Beedrill|Beedrillite\n|move|p1a: Pinsir|Quick Attack|p2a: Fezanditi\n|-supereffective|p2a: Fezanditi\n|-damage|p2a: Fezanditi|0 fnt\n|faint|p2a: Fezanditi\n|\n|upkeep\n|c| EmiKohi|quick ata\n|\n|t:|1699718717\n|switch|p2a: Bob|Amoonguss, M, shiny|76\/100\n|-damage|p2a: Bob|63\/100|[from] Stealth Rock\n|turn|19\n|c| EmiKohi|rip\n|\n|t:|1699718719\n|move|p1a: Pinsir|Return|p2a: Bob\n|-supereffective|p2a: Bob\n|-damage|p2a: Bob|0 fnt\n|faint|p2a: Bob\n|\n|win|Ricardo2221\n","uploadtime":1699718724,"views":6,"p1id":"ricardo2221","p2id":"darkyuichiro","formatid":"gen9nationaldex","rating":0,"private":0,"password":""}