{"id":"gen9nationaldex-1996019086","p1":"1BadGTO","p2":"NDSNEZ COCAKK2","format":"[Gen 9] National Dex","log":"|html|<div class=\"broadcast-blue\"><strong>[Gen 9] National Dex is currently suspecting Sneasler! For information on how to participate check out the <a href=\"https:\/\/www.smogon.com\/forums\/threads\/sv-national-dex-suspect-8-just-dance.3731534\/\">suspect thread<\/a>.<\/strong><\/div>\n|j|\u26061BadGTO\n|j|\u2606NDSNEZ COCAKK2\n|t:|1700630253\n|gametype|singles\n|player|p1|1BadGTO|dahlia|1288\n|player|p2|NDSNEZ COCAKK2|iris-gen5bw2|1223\n|teamsize|p1|6\n|teamsize|p2|6\n|gen|9\n|tier|[Gen 9] National Dex\n|rated|\n|rule|HP Percentage Mod: HP is shown in percentages\n|rule|Endless Battle Clause: Forcing endless battles is banned\n|rule|OHKO Clause: OHKO moves are banned\n|rule|Evasion Clause: Evasion abilities, items, and moves are banned\n|rule|Evasion Abilities Clause: Evasion abilities are banned\n|rule|Evasion Items Clause: Evasion items are banned\n|rule|Evasion Moves Clause: Evasion moves are banned\n|rule|Species Clause: Limit one of each Pok\u00e9mon\n|rule|Sleep Clause Mod: Limit one foe put to sleep\n|clearpoke\n|poke|p1|Urshifu-*, F|\n|poke|p1|Pelipper, M|\n|poke|p1|Swampert, M|\n|poke|p1|Tornadus-Therian, M|\n|poke|p1|Landorus-Therian, M|\n|poke|p1|Thundurus-Therian, M|\n|poke|p2|Hatterene, F|\n|poke|p2|Ursaluna, F|\n|poke|p2|Marowak-Alola, M|\n|poke|p2|Mawile, F|\n|poke|p2|Porygon2|\n|poke|p2|Cresselia, F|\n|teampreview\n|inactive|Battle timer is ON: inactive players will automatically lose when time's up. (requested by NDSNEZ COCAKK2)\n|\n|t:|1700630265\n|start\n|switch|p1a: Landorus|Landorus-Therian, M|100\/100\n|switch|p2a: Hatterene|Hatterene, F|100\/100\n|-ability|p1a: Landorus|Intimidate|boost\n|-unboost|p2a: Hatterene|atk|1\n|turn|1\n|\n|t:|1700630280\n|move|p1a: Landorus|Earthquake|p2a: Hatterene\n|-damage|p2a: Hatterene|47\/100\n|move|p2a: Hatterene|Trick Room|p2a: Hatterene\n|-fieldstart|move: Trick Room|[of] p2a: Hatterene\n|\n|upkeep\n|turn|2\n|\n|t:|1700630286\n|move|p2a: Hatterene|Psychic|p1a: Landorus\n|-damage|p1a: Landorus|48\/100\n|move|p1a: Landorus|Earthquake|p2a: Hatterene\n|-damage|p2a: Hatterene|0 fnt\n|faint|p2a: Hatterene\n|\n|upkeep\n|\n|t:|1700630290\n|switch|p2a: Marowak|Marowak-Alola, M|100\/100\n|turn|3\n|\n|t:|1700630306\n|move|p2a: Marowak|Flare Blitz|p1a: Landorus\n|-damage|p1a: Landorus|0 fnt\n|faint|p1a: Landorus\n|\n|upkeep\n|inactive|1BadGTO has 120 seconds left.\n|\n|t:|1700630327\n|switch|p1a: Tornadus|Tornadus-Therian, M|100\/100\n|turn|4\n|\n|t:|1700630332\n|-terastallize|p2a: Marowak|Ghost\n|move|p2a: Marowak|Poltergeist|p1a: Tornadus\n|-activate|p1a: Tornadus|move: Poltergeist|Heavy-Duty Boots\n|-damage|p1a: Tornadus|0 fnt\n|faint|p1a: Tornadus\n|\n|upkeep\n|\n|t:|1700630344\n|switch|p1a: Pelipper|Pelipper, M|100\/100\n|-weather|RainDance|[from] ability: Drizzle|[of] p1a: Pelipper\n|turn|5\n|\n|t:|1700630352\n|move|p2a: Marowak|Poltergeist|p1a: Pelipper|[miss]\n|-miss|p2a: Marowak|p1a: Pelipper\n|move|p1a: Pelipper|U-turn|p2a: Marowak\n|-resisted|p2a: Marowak\n|-damage|p2a: Marowak|96\/100\n|\n|t:|1700630360\n|switch|p1a: Urshifu|Urshifu-Rapid-Strike, F|100\/100|[from] U-turn\n|\n|-weather|RainDance|[upkeep]\n|-fieldend|move: Trick Room\n|upkeep\n|turn|6\n|\n|t:|1700630367\n|switch|p2a: Ursaluna|Ursaluna, F|100\/100\n|-terastallize|p1a: Urshifu|Water\n|move|p1a: Urshifu|Surging Strikes|p2a: Ursaluna\n|-supereffective|p2a: Ursaluna\n|-crit|p2a: Ursaluna\n|-damage|p2a: Ursaluna|37\/100\n|-supereffective|p2a: Ursaluna\n|-crit|p2a: Ursaluna\n|-damage|p2a: Ursaluna|0 fnt\n|faint|p2a: Ursaluna\n|-hitcount|p2: Ursaluna|2\n|\n|-weather|RainDance|[upkeep]\n|upkeep\n|\n|t:|1700630373\n|switch|p2a: Cresselia|Cresselia, F|100\/100\n|turn|7\n|\n|t:|1700630380\n|move|p1a: Urshifu|Surging Strikes|p2a: Cresselia\n|-crit|p2a: Cresselia\n|-damage|p2a: Cresselia|68\/100\n|-crit|p2a: Cresselia\n|-damage|p2a: Cresselia|36\/100\n|-crit|p2a: Cresselia\n|-damage|p2a: Cresselia|5\/100\n|-hitcount|p2a: Cresselia|3\n|move|p2a: Cresselia|Trick Room|p2a: Cresselia\n|-fieldstart|move: Trick Room|[of] p2a: Cresselia\n|\n|-weather|RainDance|[upkeep]\n|upkeep\n|turn|8\n|\n|t:|1700630390\n|move|p1a: Urshifu|Aqua Jet|p2a: Cresselia\n|-damage|p2a: Cresselia|0 fnt\n|faint|p2a: Cresselia\n|\n|-weather|RainDance|[upkeep]\n|upkeep\n|\n|t:|1700630393\n|switch|p2a: Marowak|Marowak-Alola, M, tera:Ghost|96\/100\n|turn|9\n|\n|t:|1700630409\n|move|p1a: Urshifu|Aqua Jet|p2a: Marowak\n|-damage|p2a: Marowak|48\/100\n|move|p2a: Marowak|Poltergeist|p1a: Urshifu\n|-activate|p1a: Urshifu|move: Poltergeist|Mystic Water\n|-damage|p1a: Urshifu|0 fnt\n|faint|p1a: Urshifu\n|\n|-weather|RainDance|[upkeep]\n|upkeep\n|\n|t:|1700630418\n|switch|p1a: Thundurus|Thundurus-Therian, M|100\/100\n|turn|10\n|\n|t:|1700630430\n|move|p2a: Marowak|Poltergeist|p1a: Thundurus|[miss]\n|-miss|p2a: Marowak|p1a: Thundurus\n|move|p1a: Thundurus|Thunderbolt|p2a: Marowak\n|-damage|p2a: Marowak|0 fnt\n|faint|p2a: Marowak\n|\n|-weather|RainDance|[upkeep]\n|upkeep\n|\n|t:|1700630436\n|switch|p2a: Porygon2|Porygon2|100\/100\n|-ability|p2a: Porygon2|Download|boost\n|-boost|p2a: Porygon2|atk|1\n|turn|11\n|\n|t:|1700630443\n|move|p2a: Porygon2|Ice Beam|p1a: Thundurus\n|-supereffective|p1a: Thundurus\n|-damage|p1a: Thundurus|36\/100\n|move|p1a: Thundurus|Nasty Plot|p1a: Thundurus\n|-boost|p1a: Thundurus|spa|2\n|\n|-weather|RainDance|[upkeep]\n|-fieldend|move: Trick Room\n|upkeep\n|turn|12\n|\n|t:|1700630459\n|-zpower|p1a: Thundurus\n|move|p1a: Thundurus|Gigavolt Havoc|p2a: Porygon2|[zeffect]\n|-damage|p2a: Porygon2|0 fnt\n|faint|p2a: Porygon2\n|\n|-weather|none\n|upkeep\n|\n|t:|1700630461\n|switch|p2a: Mawile|Mawile, F|100\/100\n|turn|13\n|\n|t:|1700630470\n|detailschange|p2a: Mawile|Mawile-Mega, F\n|-mega|p2a: Mawile|Mawile|Mawilite\n|move|p1a: Thundurus|Thunderbolt|p2a: Mawile\n|-damage|p2a: Mawile|0 fnt\n|faint|p2a: Mawile\n|\n|win|1BadGTO\n|raw|1BadGTO's rating: 1288 &rarr; <strong>1308<\/strong><br \/>(+20 for winning)\n|raw|NDSNEZ COCAKK2's rating: 1223 &rarr; <strong>1203<\/strong><br \/>(-20 for losing)\n|l|\u2606NDSNEZ COCAKK2\n","uploadtime":1700630500,"views":6,"p1id":"1badgto","p2id":"ndsnezcocakk2","formatid":"gen9nationaldex","rating":1203,"private":0,"password":""}