{"id":"gen9nationaldex-1992622818","p1":"Ling17","p2":"xuxiansheng","format":"[Gen 9] National Dex","log":"|j|\u2606Ling17\n|j|\u2606xuxiansheng\n|t:|1700216312\n|gametype|singles\n|player|p1|Ling17|ariana|1358\n|player|p2|xuxiansheng|candice|1420\n|teamsize|p1|6\n|teamsize|p2|6\n|gen|9\n|tier|[Gen 9] National Dex\n|rated|\n|rule|HP Percentage Mod: HP is shown in percentages\n|rule|Endless Battle Clause: Forcing endless battles is banned\n|rule|OHKO Clause: OHKO moves are banned\n|rule|Evasion Clause: Evasion abilities, items, and moves are banned\n|rule|Evasion Abilities Clause: Evasion abilities are banned\n|rule|Evasion Items Clause: Evasion items are banned\n|rule|Evasion Moves Clause: Evasion moves are banned\n|rule|Species Clause: Limit one of each Pok\u00e9mon\n|rule|Sleep Clause Mod: Limit one foe put to sleep\n|clearpoke\n|poke|p1|Ferrothorn, M|\n|poke|p1|Araquanid, F|\n|poke|p1|Chansey, F|\n|poke|p1|Tapu Lele|\n|poke|p1|Celesteela|\n|poke|p1|Lopunny, F|\n|poke|p2|Charizard, F|\n|poke|p2|Nidoking, M|\n|poke|p2|Great Tusk|\n|poke|p2|Ogerpon-Wellspring, F|\n|poke|p2|Ribombee, M|\n|poke|p2|Aegislash, M|\n|teampreview\n|inactive|Battle timer is ON: inactive players will automatically lose when time's up. (requested by Ling17)\n|inactive|xuxiansheng also wants the timer to be on.\n|\n|t:|1700216324\n|start\n|switch|p1a: Lopunny|Lopunny, F|100\/100\n|switch|p2a: Ribombee|Ribombee, M|100\/100\n|turn|1\n|\n|t:|1700216328\n|switch|p2a: Aegislash|Aegislash, M|100\/100\n|detailschange|p1a: Lopunny|Lopunny-Mega, F\n|-mega|p1a: Lopunny|Lopunny|Lopunnite\n|move|p1a: Lopunny|Fake Out|p2a: Aegislash\n|-resisted|p2a: Aegislash\n|-damage|p2a: Aegislash|94\/100\n|\n|-heal|p2a: Aegislash|99\/100|[from] item: Leftovers\n|upkeep\n|turn|2\n|\n|t:|1700216335\n|switch|p1a: Araquanid|Araquanid, F|100\/100\n|move|p2a: Aegislash|King's Shield||[still]\n|-fail|p2a: Aegislash\n|\n|-heal|p2a: Aegislash|100\/100|[from] item: Leftovers\n|upkeep\n|turn|3\n|\n|t:|1700216342\n|move|p2a: Aegislash|King's Shield|p2a: Aegislash\n|-singleturn|p2a: Aegislash|Protect\n|move|p1a: Araquanid|Sticky Web|p2a: Aegislash\n|-sidestart|p2: xuxiansheng|move: Sticky Web\n|\n|upkeep\n|turn|4\n|\n|t:|1700216361\n|switch|p2a: Ogerpon|Ogerpon-Wellspring, F|100\/100\n|-activate|p2a: Ogerpon|move: Sticky Web\n|-unboost|p2a: Ogerpon|spe|1\n|move|p1a: Araquanid|Liquidation|p2a: Ogerpon\n|-immune|p2a: Ogerpon|[from] ability: Water Absorb\n|\n|upkeep\n|turn|5\n|\n|t:|1700216368\n|switch|p1a: Ferrothorn|Ferrothorn, M|100\/100\n|move|p2a: Ogerpon|Encore||[still]\n|-fail|p2a: Ogerpon\n|\n|upkeep\n|turn|6\n|\n|t:|1700216375\n|switch|p2a: Ribombee|Ribombee, M|100\/100\n|-activate|p2a: Ribombee|move: Sticky Web\n|-unboost|p2a: Ribombee|spe|1\n|move|p1a: Ferrothorn|Stealth Rock|p2a: Ribombee\n|-sidestart|p2: xuxiansheng|move: Stealth Rock\n|\n|upkeep\n|turn|7\n|\n|t:|1700216380\n|move|p2a: Ribombee|Sticky Web|p1a: Ferrothorn\n|-sidestart|p1: Ling17|move: Sticky Web\n|move|p1a: Ferrothorn|Gyro Ball|p2a: Ribombee\n|-supereffective|p2a: Ribombee\n|-enditem|p2a: Ribombee|Focus Sash\n|-damage|p2a: Ribombee|1\/100\n|\n|upkeep\n|turn|8\n|\n|t:|1700216386\n|switch|p2a: Great Tusk|Great Tusk|100\/100\n|-activate|p2a: Great Tusk|move: Sticky Web\n|-unboost|p2a: Great Tusk|spe|1\n|-damage|p2a: Great Tusk|98\/100|[from] Stealth Rock\n|switch|p1a: Celesteela|Celesteela|100\/100\n|\n|upkeep\n|turn|9\n|\n|t:|1700216393\n|move|p1a: Celesteela|Air Slash|p2a: Great Tusk\n|-supereffective|p2a: Great Tusk\n|-damage|p2a: Great Tusk|27\/100\n|move|p2a: Great Tusk|Rapid Spin|p1a: Celesteela\n|-resisted|p1a: Celesteela\n|-damage|p1a: Celesteela|91\/100\n|-boost|p2a: Great Tusk|spe|1\n|-sideend|p2: xuxiansheng|Stealth Rock|[from] move: Rapid Spin|[of] p2a: Great Tusk\n|-sideend|p2: xuxiansheng|Sticky Web|[from] move: Rapid Spin|[of] p2a: Great Tusk\n|\n|upkeep\n|turn|10\n|\n|t:|1700216418\n|move|p2a: Great Tusk|Close Combat|p1a: Celesteela\n|-damage|p1a: Celesteela|28\/100\n|-unboost|p2a: Great Tusk|def|1\n|-unboost|p2a: Great Tusk|spd|1\n|move|p1a: Celesteela|Autotomize|p1a: Celesteela\n|-boost|p1a: Celesteela|spe|2\n|-start|p1a: Celesteela|Autotomize\n|\n|upkeep\n|turn|11\n|\n|t:|1700216426\n|move|p1a: Celesteela|Air Slash|p2a: Great Tusk\n|-supereffective|p2a: Great Tusk\n|-damage|p2a: Great Tusk|0 fnt\n|faint|p2a: Great Tusk\n|-end|p2a: Great Tusk|Protosynthesis|[silent]\n|-ability|p1a: Celesteela|Beast Boost|boost\n|-boost|p1a: Celesteela|spa|1\n|\n|upkeep\n|\n|t:|1700216434\n|switch|p2a: Ogerpon|Ogerpon-Wellspring, F|100\/100\n|turn|12\n|\n|t:|1700216441\n|-terastallize|p2a: Ogerpon|Water\n|detailschange|p2a: Ogerpon|Ogerpon-Wellspring-Tera, F, tera:Water\n|-ability|p2a: Ogerpon|Embody Aspect (Wellspring)|boost\n|-boost|p2a: Ogerpon|spd|1\n|move|p1a: Celesteela|Air Slash|p2a: Ogerpon\n|-damage|p2a: Ogerpon|55\/100\n|move|p2a: Ogerpon|Ivy Cudgel|p1a: Celesteela|[anim] Ivy Cudgel Water\n|-damage|p1a: Celesteela|0 fnt\n|faint|p1a: Celesteela\n|\n|upkeep\n|\n|t:|1700216445\n|switch|p1a: Araquanid|Araquanid, F|100\/100\n|-activate|p1a: Araquanid|move: Sticky Web\n|-unboost|p1a: Araquanid|spe|1\n|turn|13\n|\n|t:|1700216452\n|move|p2a: Ogerpon|Swords Dance|p2a: Ogerpon\n|-boost|p2a: Ogerpon|atk|2\n|move|p1a: Araquanid|Sticky Web|p2a: Ogerpon\n|-sidestart|p2: xuxiansheng|move: Sticky Web\n|\n|upkeep\n|turn|14\n|\n|t:|1700216456\n|switch|p1a: Ferrothorn|Ferrothorn, M|100\/100\n|-activate|p1a: Ferrothorn|move: Sticky Web\n|-unboost|p1a: Ferrothorn|spe|1\n|move|p2a: Ogerpon|Encore||[still]\n|-fail|p2a: Ogerpon\n|\n|upkeep\n|turn|15\n|\n|t:|1700216463\n|move|p2a: Ogerpon|Ivy Cudgel|p1a: Ferrothorn|[anim] Ivy Cudgel Water\n|-resisted|p1a: Ferrothorn\n|-damage|p1a: Ferrothorn|52\/100\n|move|p1a: Ferrothorn|Leech Seed|p2a: Ogerpon\n|-start|p2a: Ogerpon|move: Leech Seed\n|\n|-heal|p1a: Ferrothorn|58\/100|[from] item: Leftovers\n|-damage|p2a: Ogerpon|43\/100|[from] Leech Seed|[of] p1a: Ferrothorn\n|-heal|p1a: Ferrothorn|69\/100|[silent]\n|upkeep\n|turn|16\n|\n|t:|1700216467\n|move|p1a: Ferrothorn|Protect|p1a: Ferrothorn\n|-singleturn|p1a: Ferrothorn|Protect\n|move|p2a: Ogerpon|Encore|p1a: Ferrothorn\n|-activate|p1a: Ferrothorn|move: Protect\n|\n|-heal|p1a: Ferrothorn|75\/100|[from] item: Leftovers\n|-damage|p2a: Ogerpon|31\/100|[from] Leech Seed|[of] p1a: Ferrothorn\n|-heal|p1a: Ferrothorn|86\/100|[silent]\n|upkeep\n|turn|17\n|\n|t:|1700216474\n|switch|p2a: Charizard|Charizard, F|100\/100\n|move|p1a: Ferrothorn|Gyro Ball|p2a: Charizard\n|-resisted|p2a: Charizard\n|-damage|p2a: Charizard|68\/100\n|\n|-heal|p1a: Ferrothorn|92\/100|[from] item: Leftovers\n|upkeep\n|turn|18\n|\n|t:|1700216484\n|detailschange|p2a: Charizard|Charizard-Mega-Y, F\n|-mega|p2a: Charizard|Charizard|Charizardite Y\n|-weather|SunnyDay|[from] ability: Drought|[of] p2a: Charizard\n|move|p2a: Charizard|Weather Ball|p1a: Ferrothorn\n|-supereffective|p1a: Ferrothorn\n|-damage|p1a: Ferrothorn|0 fnt\n|faint|p1a: Ferrothorn\n|\n|-weather|SunnyDay|[upkeep]\n|upkeep\n|\n|t:|1700216486\n|switch|p1a: Araquanid|Araquanid, F|100\/100\n|-activate|p1a: Araquanid|move: Sticky Web\n|-unboost|p1a: Araquanid|spe|1\n|turn|19\n|\n|t:|1700216489\n|move|p2a: Charizard|Air Slash|p1a: Araquanid\n|-supereffective|p1a: Araquanid\n|-damage|p1a: Araquanid|46\/100\n|move|p1a: Araquanid|Mirror Coat|p2a: Charizard\n|-damage|p2a: Charizard|0 fnt\n|faint|p2a: Charizard\n|\n|-weather|SunnyDay|[upkeep]\n|upkeep\n|\n|t:|1700216508\n|switch|p2a: Nidoking|Nidoking, M|100\/100\n|-activate|p2a: Nidoking|move: Sticky Web\n|-unboost|p2a: Nidoking|spe|1\n|turn|20\n|\n|t:|1700216513\n|move|p2a: Nidoking|Thunderbolt|p1a: Araquanid\n|-supereffective|p1a: Araquanid\n|-damage|p1a: Araquanid|0 fnt\n|faint|p1a: Araquanid\n|\n|-weather|SunnyDay|[upkeep]\n|upkeep\n|\n|t:|1700216518\n|switch|p1a: Lopunny|Lopunny-Mega, F|100\/100\n|-activate|p1a: Lopunny|move: Sticky Web\n|-unboost|p1a: Lopunny|spe|1\n|turn|21\n|\n|t:|1700216524\n|switch|p2a: Aegislash|Aegislash, M|100\/100\n|-activate|p2a: Aegislash|move: Sticky Web\n|-unboost|p2a: Aegislash|spe|1\n|move|p1a: Lopunny|Fake Out|p2a: Aegislash\n|-resisted|p2a: Aegislash\n|-damage|p2a: Aegislash|93\/100\n|\n|-weather|SunnyDay|[upkeep]\n|-heal|p2a: Aegislash|99\/100|[from] item: Leftovers\n|upkeep\n|turn|22\n|\n|t:|1700216529\n|switch|p1a: Chansey|Chansey, F|100\/100\n|-activate|p1a: Chansey|move: Sticky Web\n|-unboost|p1a: Chansey|spe|1\n|move|p2a: Aegislash|King's Shield||[still]\n|-fail|p2a: Aegislash\n|\n|-weather|none\n|-heal|p2a: Aegislash|100\/100|[from] item: Leftovers\n|upkeep\n|turn|23\n|\n|t:|1700216534\n|move|p1a: Chansey|Wish|p1a: Chansey\n|-formechange|p2a: Aegislash|Aegislash-Blade||[from] ability: Stance Change\n|move|p2a: Aegislash|Iron Head|p1a: Chansey\n|-damage|p1a: Chansey|77\/100\n|\n|upkeep\n|turn|24\n|\n|t:|1700216542\n|switch|p1a: Lopunny|Lopunny-Mega, F|100\/100\n|-activate|p1a: Lopunny|move: Sticky Web\n|-unboost|p1a: Lopunny|spe|1\n|move|p2a: Aegislash|Iron Head|p1a: Lopunny\n|-damage|p1a: Lopunny|51\/100\n|\n|-heal|p1a: Lopunny|100\/100|[from] move: Wish|[wisher] Chansey\n|upkeep\n|turn|25\n|\n|t:|1700216551\n|-formechange|p2a: Aegislash|Aegislash||[from] ability: Stance Change\n|move|p2a: Aegislash|King's Shield|p2a: Aegislash\n|-singleturn|p2a: Aegislash|Protect\n|move|p1a: Lopunny|Fake Out|p2a: Aegislash\n|-activate|p2a: Aegislash|move: Protect\n|-unboost|p1a: Lopunny|atk|1\n|\n|upkeep\n|turn|26\n|\n|t:|1700216559\n|move|p1a: Lopunny|Power-Up Punch|p2a: Aegislash\n|-supereffective|p2a: Aegislash\n|-damage|p2a: Aegislash|82\/100\n|-boost|p1a: Lopunny|atk|1\n|-formechange|p2a: Aegislash|Aegislash-Blade||[from] ability: Stance Change\n|move|p2a: Aegislash|Iron Head|p1a: Lopunny\n|-damage|p1a: Lopunny|53\/100\n|\n|-heal|p2a: Aegislash|88\/100|[from] item: Leftovers\n|upkeep\n|turn|27\n|\n|t:|1700216570\n|switch|p1a: Tapu Lele|Tapu Lele|100\/100\n|-activate|p1a: Tapu Lele|move: Sticky Web\n|-unboost|p1a: Tapu Lele|spe|1\n|-fieldstart|move: Psychic Terrain|[from] ability: Psychic Surge|[of] p1a: Tapu Lele\n|-formechange|p2a: Aegislash|Aegislash||[from] ability: Stance Change\n|move|p2a: Aegislash|King's Shield||[still]\n|-fail|p2a: Aegislash\n|\n|-heal|p2a: Aegislash|94\/100|[from] item: Leftovers\n|upkeep\n|turn|28\n|\n|t:|1700216578\n|-terastallize|p1a: Tapu Lele|Psychic\n|move|p2a: Aegislash|King's Shield|p2a: Aegislash\n|-singleturn|p2a: Aegislash|Protect\n|move|p1a: Tapu Lele|Psychic|p2a: Aegislash\n|-activate|p2a: Aegislash|move: Protect\n|\n|-heal|p2a: Aegislash|100\/100|[from] item: Leftovers\n|upkeep\n|turn|29\n|\n|t:|1700216593\n|switch|p2a: Ribombee|Ribombee, M|1\/100\n|-activate|p2a: Ribombee|move: Sticky Web\n|-unboost|p2a: Ribombee|spe|1\n|move|p1a: Tapu Lele|Psychic|p2a: Ribombee\n|-damage|p2a: Ribombee|0 fnt\n|faint|p2a: Ribombee\n|\n|upkeep\n|\n|t:|1700216602\n|switch|p2a: Ogerpon|Ogerpon-Wellspring-Tera, F, tera:Water|31\/100\n|-activate|p2a: Ogerpon|move: Sticky Web\n|-unboost|p2a: Ogerpon|spe|1\n|-ability|p2a: Ogerpon|Embody Aspect (Wellspring)|boost\n|-boost|p2a: Ogerpon|spd|1\n|turn|30\n|\n|t:|1700216616\n|switch|p1a: Chansey|Chansey, F|77\/100\n|-activate|p1a: Chansey|move: Sticky Web\n|-unboost|p1a: Chansey|spe|1\n|move|p2a: Ogerpon|Horn Leech|p1a: Chansey\n|-damage|p1a: Chansey|47\/100\n|-heal|p2a: Ogerpon|66\/100|[from] drain|[of] p1a: Chansey\n|\n|upkeep\n|turn|31\n|\n|t:|1700216633\n|move|p2a: Ogerpon|Ivy Cudgel|p1a: Chansey|[anim] Ivy Cudgel Water\n|-damage|p1a: Chansey|0 fnt\n|faint|p1a: Chansey\n|\n|-fieldend|move: Psychic Terrain\n|upkeep\n|\n|t:|1700216636\n|switch|p1a: Lopunny|Lopunny-Mega, F|53\/100\n|-activate|p1a: Lopunny|move: Sticky Web\n|-unboost|p1a: Lopunny|spe|1\n|turn|32\n|\n|t:|1700216658\n|move|p1a: Lopunny|Close Combat|p2a: Ogerpon\n|-damage|p2a: Ogerpon|0 fnt\n|-unboost|p1a: Lopunny|def|1\n|-unboost|p1a: Lopunny|spd|1\n|faint|p2a: Ogerpon\n|\n|upkeep\n|\n|t:|1700216663\n|switch|p2a: Nidoking|Nidoking, M|100\/100\n|-activate|p2a: Nidoking|move: Sticky Web\n|-unboost|p2a: Nidoking|spe|1\n|turn|33\n|\n|t:|1700216668\n|switch|p1a: Tapu Lele|Tapu Lele, tera:Psychic|100\/100\n|-activate|p1a: Tapu Lele|move: Sticky Web\n|-unboost|p1a: Tapu Lele|spe|1\n|-fieldstart|move: Psychic Terrain|[from] ability: Psychic Surge|[of] p1a: Tapu Lele\n|move|p2a: Nidoking|Sludge Wave|p1a: Tapu Lele\n|-damage|p1a: Tapu Lele|37\/100\n|\n|upkeep\n|turn|34\n|\n|t:|1700216674\n|move|p1a: Tapu Lele|Psychic|p2a: Nidoking\n|-supereffective|p2a: Nidoking\n|-damage|p2a: Nidoking|0 fnt\n|faint|p2a: Nidoking\n|\n|upkeep\n|\n|t:|1700216676\n|switch|p2a: Aegislash|Aegislash, M|100\/100\n|-activate|p2a: Aegislash|move: Sticky Web\n|-unboost|p2a: Aegislash|spe|1\n|turn|35\n|\n|t:|1700216683\n|move|p2a: Aegislash|King's Shield|p2a: Aegislash\n|-singleturn|p2a: Aegislash|Protect\n|move|p1a: Tapu Lele|Psychic|p2a: Aegislash\n|-activate|p2a: Aegislash|move: Protect\n|\n|upkeep\n|turn|36\n|\n|t:|1700216690\n|move|p1a: Tapu Lele|Psychic|p2a: Aegislash\n|-resisted|p2a: Aegislash\n|-damage|p2a: Aegislash|50\/100\n|-formechange|p2a: Aegislash|Aegislash-Blade||[from] ability: Stance Change\n|move|p2a: Aegislash|Iron Head|p1a: Tapu Lele\n|-damage|p1a: Tapu Lele|0 fnt\n|faint|p1a: Tapu Lele\n|\n|-heal|p2a: Aegislash|56\/100|[from] item: Leftovers\n|upkeep\n|\n|t:|1700216693\n|switch|p1a: Lopunny|Lopunny-Mega, F|53\/100\n|-activate|p1a: Lopunny|move: Sticky Web\n|-unboost|p1a: Lopunny|spe|1\n|turn|37\n|\n|t:|1700216707\n|-formechange|p2a: Aegislash|Aegislash||[from] ability: Stance Change\n|move|p2a: Aegislash|King's Shield|p2a: Aegislash\n|-singleturn|p2a: Aegislash|Protect\n|move|p1a: Lopunny|Fake Out|p2a: Aegislash\n|-activate|p2a: Aegislash|move: Psychic Terrain\n|\n|-heal|p2a: Aegislash|62\/100|[from] item: Leftovers\n|-fieldend|move: Psychic Terrain\n|upkeep\n|turn|38\n|\n|t:|1700216719\n|move|p2a: Aegislash|King's Shield||[still]\n|-fail|p2a: Aegislash\n|move|p1a: Lopunny|Close Combat|p2a: Aegislash\n|-supereffective|p2a: Aegislash\n|-damage|p2a: Aegislash|0 fnt\n|-unboost|p1a: Lopunny|def|1\n|-unboost|p1a: Lopunny|spd|1\n|faint|p2a: Aegislash\n|\n|win|Ling17\n|raw|Ling17's rating: 1358 &rarr; <strong>1382<\/strong><br \/>(+24 for winning)\n|raw|xuxiansheng's rating: 1420 &rarr; <strong>1396<\/strong><br \/>(-24 for losing)\n|l|\u2606xuxiansheng\n","uploadtime":1700216732,"views":37,"p1id":"ling17","p2id":"xuxiansheng","formatid":"gen9nationaldex","rating":1382,"private":0,"password":""}