{"id":"gen9nationaldex-2000021037","p1":"Keanmon","p2":"jayemfr","format":"[Gen 9] National Dex","log":"|html|<div class=\"broadcast-blue\"><strong>[Gen 9] National Dex is currently suspecting Sneasler! For information on how to participate check out the <a href=\"https:\/\/www.smogon.com\/forums\/threads\/sv-national-dex-suspect-8-just-dance.3731534\/\">suspect thread<\/a>.<\/strong><\/div>\n|j|\u2606Keanmon\n|j|\u2606jayemfr\n|t:|1701142158\n|gametype|singles\n|player|p1|Keanmon|rood|1147\n|player|p2|jayemfr|chili|1227\n|teamsize|p1|6\n|teamsize|p2|6\n|gen|9\n|tier|[Gen 9] National Dex\n|rated|\n|rule|HP Percentage Mod: HP is shown in percentages\n|rule|Endless Battle Clause: Forcing endless battles is banned\n|rule|OHKO Clause: OHKO moves are banned\n|rule|Evasion Clause: Evasion abilities, items, and moves are banned\n|rule|Evasion Abilities Clause: Evasion abilities are banned\n|rule|Evasion Items Clause: Evasion items are banned\n|rule|Evasion Moves Clause: Evasion moves are banned\n|rule|Species Clause: Limit one of each Pok\u00e9mon\n|rule|Sleep Clause Mod: Limit one foe put to sleep\n|clearpoke\n|poke|p1|Cloyster, M|\n|poke|p1|Forretress, M|\n|poke|p1|Solrock|\n|poke|p1|Glalie, M|\n|poke|p1|Ferrothorn, M|\n|poke|p1|Carbink|\n|poke|p2|Landorus-Therian, M|\n|poke|p2|Dragonite, F|\n|poke|p2|Charizard, F|\n|poke|p2|Aegislash, M|\n|poke|p2|Tapu Fini|\n|poke|p2|Samurott-Hisui, M|\n|teampreview\n|inactive|Battle timer is ON: inactive players will automatically lose when time's up. (requested by jayemfr)\n|c|\u2606jayemfr|glhf\n|\n|t:|1701142170\n|start\n|switch|p1a: Geoshine|Solrock|100\/100\n|switch|p2a: Katara|Tapu Fini|100\/100\n|-fieldstart|move: Misty Terrain|[from] ability: Misty Surge|[of] p2a: Katara\n|turn|1\n|\n|t:|1701142177\n|switch|p1a: Ironut|Forretress, M|100\/100\n|move|p2a: Katara|Iron Defense|p2a: Katara\n|-boost|p2a: Katara|def|2\n|\n|upkeep\n|turn|2\n|\n|t:|1701142184\n|move|p2a: Katara|Calm Mind|p2a: Katara\n|-boost|p2a: Katara|spa|1\n|-boost|p2a: Katara|spd|1\n|move|p1a: Ironut|Zap Cannon|p2a: Katara\n|-supereffective|p2a: Katara\n|-damage|p2a: Katara|79\/100\n|\n|-heal|p2a: Katara|85\/100|[from] item: Leftovers\n|upkeep\n|turn|3\n|\n|t:|1701142192\n|move|p2a: Katara|Calm Mind|p2a: Katara\n|-boost|p2a: Katara|spa|1\n|-boost|p2a: Katara|spd|1\n|move|p1a: Ironut|Stealth Rock|p2a: Katara\n|-sidestart|p2: jayemfr|move: Stealth Rock\n|\n|-heal|p2a: Katara|91\/100|[from] item: Leftovers\n|upkeep\n|turn|4\n|\n|t:|1701142196\n|switch|p1a: Whiplash|Ferrothorn, M|100\/100\n|move|p2a: Katara|Calm Mind|p2a: Katara\n|-boost|p2a: Katara|spa|1\n|-boost|p2a: Katara|spd|1\n|\n|-heal|p2a: Katara|97\/100|[from] item: Leftovers\n|upkeep\n|turn|5\n|\n|t:|1701142200\n|move|p2a: Katara|Iron Defense|p2a: Katara\n|-boost|p2a: Katara|def|2\n|move|p1a: Whiplash|Leech Seed|p2a: Katara\n|-start|p2a: Katara|move: Leech Seed\n|\n|-heal|p2a: Katara|100\/100|[from] item: Leftovers\n|-damage|p2a: Katara|88\/100|[from] Leech Seed|[of] p1a: Whiplash\n|-fieldend|Misty Terrain\n|upkeep\n|turn|6\n|\n|t:|1701142222\n|move|p2a: Katara|Iron Defense|p2a: Katara\n|-boost|p2a: Katara|def|2\n|move|p1a: Whiplash|Power Whip|p2a: Katara\n|-supereffective|p2a: Katara\n|-damage|p2a: Katara|69\/100\n|\n|-heal|p2a: Katara|75\/100|[from] item: Leftovers\n|-damage|p2a: Katara|63\/100|[from] Leech Seed|[of] p1a: Whiplash\n|upkeep\n|turn|7\n|\n|t:|1701142233\n|move|p2a: Katara|Stored Power|p1a: Whiplash\n|-resisted|p1a: Whiplash\n|-damage|p1a: Whiplash|38\/100\n|move|p1a: Whiplash|Power Whip|p2a: Katara\n|-supereffective|p2a: Katara\n|-damage|p2a: Katara|46\/100\n|\n|-heal|p2a: Katara|52\/100|[from] item: Leftovers\n|-damage|p2a: Katara|39\/100|[from] Leech Seed|[of] p1a: Whiplash\n|-heal|p1a: Whiplash|52\/100|[silent]\n|upkeep\n|turn|8\n|\n|t:|1701142239\n|move|p1a: Whiplash|Protect|p1a: Whiplash\n|-singleturn|p1a: Whiplash|Protect\n|move|p2a: Katara|Stored Power|p1a: Whiplash\n|-activate|p1a: Whiplash|move: Protect\n|\n|-heal|p2a: Katara|45\/100|[from] item: Leftovers\n|-damage|p2a: Katara|33\/100|[from] Leech Seed|[of] p1a: Whiplash\n|-heal|p1a: Whiplash|66\/100|[silent]\n|upkeep\n|turn|9\n|\n|t:|1701142251\n|move|p2a: Katara|Draining Kiss|p1a: Whiplash\n|-resisted|p1a: Whiplash\n|-damage|p1a: Whiplash|49\/100\n|-heal|p2a: Katara|44\/100|[from] drain|[of] p1a: Whiplash\n|-damage|p2a: Katara|32\/100|[from] ability: Iron Barbs|[of] p1a: Whiplash\n|-damage|p2a: Katara|15\/100|[from] item: Rocky Helmet|[of] p1a: Whiplash\n|move|p1a: Whiplash|Power Whip|p2a: Katara\n|-supereffective|p2a: Katara\n|-damage|p2a: Katara|0 fnt\n|faint|p2a: Katara\n|\n|upkeep\n|\n|t:|1701142257\n|switch|p2a: Musashi|Samurott-Hisui, M|100\/100\n|-damage|p2a: Musashi|88\/100|[from] Stealth Rock\n|turn|10\n|\n|t:|1701142266\n|move|p2a: Musashi|Sacred Sword|p1a: Whiplash\n|-supereffective|p1a: Whiplash\n|-damage|p1a: Whiplash|0 fnt\n|-damage|p2a: Musashi|76\/100|[from] ability: Iron Barbs|[of] p1a: Whiplash\n|-damage|p2a: Musashi|59\/100|[from] item: Rocky Helmet|[of] p1a: Whiplash\n|faint|p1a: Whiplash\n|\n|upkeep\n|\n|t:|1701142279\n|switch|p1a: Ironut|Forretress, M|100\/100\n|turn|11\n|\n|t:|1701142282\n|move|p2a: Musashi|Sacred Sword|p1a: Ironut\n|-damage|p1a: Ironut|75\/100\n|move|p1a: Ironut|Zap Cannon|p2a: Musashi|[miss]\n|-miss|p1a: Ironut|p2a: Musashi\n|\n|-heal|p1a: Ironut|82\/100|[from] item: Leftovers\n|upkeep\n|turn|12\n|\n|t:|1701142289\n|switch|p2a: Netero|Landorus-Therian, M|100\/100\n|-damage|p2a: Netero|88\/100|[from] Stealth Rock\n|-ability|p2a: Netero|Intimidate|boost\n|-unboost|p1a: Ironut|atk|1\n|switch|p1a: Cryosion|Glalie, M|100\/100\n|\n|upkeep\n|turn|13\n|\n|t:|1701142296\n|switch|p2a: Excal|Aegislash, M, shiny|100\/100\n|-damage|p2a: Excal|94\/100|[from] Stealth Rock\n|detailschange|p1a: Cryosion|Glalie-Mega, M\n|-mega|p1a: Cryosion|Glalie|Glalitite\n|move|p1a: Cryosion|Return|p2a: Excal\n|-resisted|p2a: Excal\n|-damage|p2a: Excal|70\/100\n|\n|-heal|p2a: Excal|76\/100|[from] item: Leftovers\n|upkeep\n|turn|14\n|\n|t:|1701142301\n|switch|p1a: Ironut|Forretress, M|82\/100\n|-formechange|p2a: Excal|Aegislash-Blade||[from] ability: Stance Change\n|move|p2a: Excal|Flash Cannon|p1a: Ironut\n|-resisted|p1a: Ironut\n|-damage|p1a: Ironut|51\/100\n|\n|-heal|p2a: Excal|83\/100|[from] item: Leftovers\n|-heal|p1a: Ironut|57\/100|[from] item: Leftovers\n|upkeep\n|turn|15\n|\n|t:|1701142306\n|switch|p2a: Netero|Landorus-Therian, M|88\/100\n|-damage|p2a: Netero|76\/100|[from] Stealth Rock\n|-ability|p2a: Netero|Intimidate|boost\n|-unboost|p1a: Ironut|atk|1\n|move|p1a: Ironut|Zap Cannon|p2a: Netero\n|-immune|p2a: Netero\n|\n|-heal|p1a: Ironut|63\/100|[from] item: Leftovers\n|upkeep\n|turn|16\n|\n|t:|1701142310\n|move|p2a: Netero|Defog|p1a: Ironut\n|-unboost|p1a: Ironut|evasion|1\n|-sideend|p2: jayemfr|Stealth Rock|[from] move: Defog|[of] p2a: Netero\n|move|p1a: Ironut|Toxic Spikes|p2a: Netero\n|-sidestart|p2: jayemfr|move: Toxic Spikes\n|\n|-heal|p1a: Ironut|70\/100|[from] item: Leftovers\n|upkeep\n|turn|17\n|\n|t:|1701142315\n|switch|p2a: Azula|Charizard, F, shiny|100\/100\n|move|p1a: Ironut|Stealth Rock|p2a: Azula\n|-sidestart|p2: jayemfr|move: Stealth Rock\n|\n|-heal|p1a: Ironut|76\/100|[from] item: Leftovers\n|upkeep\n|turn|18\n|\n|t:|1701142319\n|switch|p1a: Geoshine|Solrock|100\/100\n|detailschange|p2a: Azula|Charizard-Mega-Y, F, shiny\n|-mega|p2a: Azula|Charizard|Charizardite Y\n|-weather|SunnyDay|[from] ability: Drought|[of] p2a: Azula\n|move|p2a: Azula|Fire Blast|p1a: Geoshine\n|-resisted|p1a: Geoshine\n|-damage|p1a: Geoshine|33\/100\n|\n|-weather|SunnyDay|[upkeep]\n|upkeep\n|turn|19\n|\n|t:|1701142329\n|move|p1a: Geoshine|Rock Slide|p2a: Azula\n|-supereffective|p2a: Azula\n|-damage|p2a: Azula|0 fnt\n|faint|p2a: Azula\n|\n|-weather|SunnyDay|[upkeep]\n|upkeep\n|\n|t:|1701142335\n|switch|p2a: Netero|Landorus-Therian, M|76\/100\n|-damage|p2a: Netero|64\/100|[from] Stealth Rock\n|-ability|p2a: Netero|Intimidate|boost\n|-unboost|p1a: Geoshine|atk|1\n|turn|20\n|\n|t:|1701142340\n|switch|p1a: Ironut|Forretress, M|76\/100\n|move|p2a: Netero|Earthquake|p1a: Ironut\n|-damage|p1a: Ironut|45\/100\n|\n|-weather|SunnyDay|[upkeep]\n|-heal|p1a: Ironut|51\/100|[from] item: Leftovers\n|upkeep\n|turn|21\n|\n|t:|1701142345\n|move|p2a: Netero|Defog|p1a: Ironut\n|-unboost|p1a: Ironut|evasion|1\n|-sideend|p2: jayemfr|Toxic Spikes|[from] move: Defog|[of] p2a: Netero\n|-sideend|p2: jayemfr|Stealth Rock|[from] move: Defog|[of] p2a: Netero\n|move|p1a: Ironut|Toxic Spikes|p2a: Netero\n|-sidestart|p2: jayemfr|move: Toxic Spikes\n|\n|-weather|SunnyDay|[upkeep]\n|-heal|p1a: Ironut|57\/100|[from] item: Leftovers\n|upkeep\n|turn|22\n|\n|t:|1701142349\n|move|p2a: Netero|Defog|p1a: Ironut\n|-unboost|p1a: Ironut|evasion|1\n|-sideend|p2: jayemfr|Toxic Spikes|[from] move: Defog|[of] p2a: Netero\n|move|p1a: Ironut|Stealth Rock|p2a: Netero\n|-sidestart|p2: jayemfr|move: Stealth Rock\n|\n|-weather|none\n|-heal|p1a: Ironut|63\/100|[from] item: Leftovers\n|upkeep\n|turn|23\n|\n|t:|1701142352\n|move|p2a: Netero|Defog|p1a: Ironut\n|-unboost|p1a: Ironut|evasion|1\n|-sideend|p2: jayemfr|Stealth Rock|[from] move: Defog|[of] p2a: Netero\n|move|p1a: Ironut|Stealth Rock|p2a: Netero\n|-sidestart|p2: jayemfr|move: Stealth Rock\n|\n|-heal|p1a: Ironut|69\/100|[from] item: Leftovers\n|upkeep\n|turn|24\n|\n|t:|1701142355\n|move|p2a: Netero|U-turn|p1a: Ironut\n|-resisted|p1a: Ironut\n|-crit|p1a: Ironut\n|-damage|p1a: Ironut|60\/100\n|\n|t:|1701142359\n|switch|p2a: Launcey|Dragonite, F|100\/100|[from] U-turn\n|-damage|p2a: Launcey|76\/100|[from] Stealth Rock\n|move|p1a: Ironut|Toxic Spikes|p2a: Launcey\n|-sidestart|p2: jayemfr|move: Toxic Spikes\n|\n|-heal|p1a: Ironut|66\/100|[from] item: Leftovers\n|upkeep\n|turn|25\n|\n|t:|1701142362\n|switch|p1a: Comastone|Carbink|100\/100\n|move|p2a: Launcey|Dragon Dance|p2a: Launcey\n|-boost|p2a: Launcey|atk|1\n|-boost|p2a: Launcey|spe|1\n|\n|upkeep\n|turn|26\n|\n|t:|1701142367\n|-terastallize|p2a: Launcey|Normal\n|move|p2a: Launcey|Dragon Dance|p2a: Launcey\n|-boost|p2a: Launcey|atk|1\n|-boost|p2a: Launcey|spe|1\n|move|p1a: Comastone|Moonblast|p2a: Launcey\n|-damage|p2a: Launcey|56\/100\n|\n|upkeep\n|turn|27\n|\n|t:|1701142378\n|move|p2a: Launcey|Extreme Speed|p1a: Comastone\n|-resisted|p1a: Comastone\n|-damage|p1a: Comastone|55\/100\n|-damage|p2a: Launcey|46\/100|[from] item: Life Orb\n|move|p1a: Comastone|Calm Mind|p1a: Comastone\n|-boost|p1a: Comastone|spa|1\n|-boost|p1a: Comastone|spd|1\n|\n|upkeep\n|turn|28\n|\n|t:|1701142389\n|move|p2a: Launcey|Extreme Speed|p1a: Comastone\n|-resisted|p1a: Comastone\n|-damage|p1a: Comastone|5\/100\n|-enditem|p1a: Comastone|Sitrus Berry|[eat]\n|-heal|p1a: Comastone|30\/100|[from] item: Sitrus Berry\n|-damage|p2a: Launcey|36\/100|[from] item: Life Orb\n|move|p1a: Comastone|Moonblast|p2a: Launcey\n|-damage|p2a: Launcey|4\/100\n|\n|upkeep\n|turn|29\n|\n|t:|1701142399\n|move|p2a: Launcey|Extreme Speed|p1a: Comastone\n|-resisted|p1a: Comastone\n|-damage|p1a: Comastone|0 fnt\n|faint|p1a: Comastone\n|-damage|p2a: Launcey|0 fnt|[from] item: Life Orb\n|faint|p2a: Launcey\n|\n|upkeep\n|\n|t:|1701142412\n|switch|p2a: Musashi|Samurott-Hisui, M|59\/100\n|switch|p1a: Cryosion|Glalie-Mega, M|100\/100\n|-damage|p2a: Musashi|47\/100|[from] Stealth Rock\n|-status|p2a: Musashi|psn\n|turn|30\n|\n|t:|1701142419\n|switch|p1a: Ironut|Forretress, M|66\/100\n|move|p2a: Musashi|Sacred Sword|p1a: Ironut\n|-damage|p1a: Ironut|42\/100\n|\n|-heal|p1a: Ironut|48\/100|[from] item: Leftovers\n|-damage|p2a: Musashi|34\/100 psn|[from] psn\n|upkeep\n|turn|31\n|\n|t:|1701142428\n|switch|p2a: Excal|Aegislash, M, shiny|83\/100\n|-damage|p2a: Excal|76\/100|[from] Stealth Rock\n|move|p1a: Ironut|Zap Cannon|p2a: Excal\n|-damage|p2a: Excal|62\/100\n|-status|p2a: Excal|par\n|\n|-heal|p1a: Ironut|54\/100|[from] item: Leftovers\n|-heal|p2a: Excal|68\/100 par|[from] item: Leftovers\n|upkeep\n|turn|32\n|\n|t:|1701142432\n|move|p1a: Ironut|Toxic Spikes|p2a: Excal\n|-sidestart|p2: jayemfr|move: Toxic Spikes\n|-formechange|p2a: Excal|Aegislash-Blade||[from] ability: Stance Change\n|move|p2a: Excal|Shadow Ball|p1a: Ironut\n|-crit|p1a: Ironut\n|-damage|p1a: Ironut|0 fnt\n|faint|p1a: Ironut\n|\n|-heal|p2a: Excal|74\/100 par|[from] item: Leftovers\n|upkeep\n|\n|t:|1701142438\n|switch|p1a: Cryosion|Glalie-Mega, M|100\/100\n|turn|33\n|\n|t:|1701142441\n|move|p1a: Cryosion|Earthquake|p2a: Excal\n|-supereffective|p2a: Excal\n|-damage|p2a: Excal|0 fnt\n|faint|p2a: Excal\n|\n|upkeep\n|\n|t:|1701142447\n|switch|p2a: Netero|Landorus-Therian, M|64\/100\n|-damage|p2a: Netero|51\/100|[from] Stealth Rock\n|-ability|p2a: Netero|Intimidate|boost\n|-unboost|p1a: Cryosion|atk|1\n|turn|34\n|\n|t:|1701142451\n|move|p1a: Cryosion|Return|p2a: Netero\n|-supereffective|p2a: Netero\n|-damage|p2a: Netero|0 fnt\n|-damage|p1a: Cryosion|84\/100|[from] item: Rocky Helmet|[of] p2a: Netero\n|faint|p2a: Netero\n|\n|upkeep\n|\n|t:|1701142456\n|switch|p2a: Musashi|Samurott-Hisui, M|34\/100 psn\n|-damage|p2a: Musashi|22\/100 psn|[from] Stealth Rock\n|turn|35\n|\n|t:|1701142461\n|move|p2a: Musashi|Sacred Sword|p1a: Cryosion\n|-supereffective|p1a: Cryosion\n|-damage|p1a: Cryosion|0 fnt\n|faint|p1a: Cryosion\n|\n|-damage|p2a: Musashi|9\/100 psn|[from] psn\n|upkeep\n|\n|t:|1701142464\n|switch|p1a: Geoshine|Solrock|33\/100\n|turn|36\n|\n|t:|1701142468\n|move|p2a: Musashi|Sacred Sword|p1a: Geoshine\n|-damage|p1a: Geoshine|0 fnt\n|faint|p1a: Geoshine\n|\n|-damage|p2a: Musashi|0 fnt|[from] psn\n|faint|p2a: Musashi\n|\n|win|Keanmon\n|upkeep\n|raw|Keanmon's rating: 1147 &rarr; <strong>1178<\/strong><br \/>(+31 for winning)\n|raw|jayemfr's rating: 1227 &rarr; <strong>1196<\/strong><br \/>(-31 for losing)\n","uploadtime":1701142473,"views":1,"p1id":"keanmon","p2id":"jayemfr","formatid":"gen9nationaldex","rating":1178,"private":0,"password":""}