{"id":"gen9nationaldex-1994489857","p1":"Acmap","p2":"UncannyHavok","format":"[Gen 9] National Dex","log":"|j|\u2606Acmap\n|j|\u2606UncannyHavok\n|t:|1700449974\n|gametype|singles\n|player|p1|Acmap|red|1176\n|player|p2|UncannyHavok|1|1191\n|teamsize|p1|6\n|teamsize|p2|6\n|gen|9\n|tier|[Gen 9] National Dex\n|rated|\n|rule|HP Percentage Mod: HP is shown in percentages\n|rule|Endless Battle Clause: Forcing endless battles is banned\n|rule|OHKO Clause: OHKO moves are banned\n|rule|Evasion Clause: Evasion abilities, items, and moves are banned\n|rule|Evasion Abilities Clause: Evasion abilities are banned\n|rule|Evasion Items Clause: Evasion items are banned\n|rule|Evasion Moves Clause: Evasion moves are banned\n|rule|Species Clause: Limit one of each Pok\u00e9mon\n|rule|Sleep Clause Mod: Limit one foe put to sleep\n|clearpoke\n|poke|p1|Alomomola, F|\n|poke|p1|Ninetales-Alola, M|\n|poke|p1|Pinsir, M|\n|poke|p1|Glimmora, F|\n|poke|p1|Urshifu-*, M|\n|poke|p1|Cinderace, F|\n|poke|p2|Heliolisk, F|\n|poke|p2|Espeon, M|\n|poke|p2|Swampert, F|\n|poke|p2|Togekiss, M|\n|poke|p2|Typhlosion-Hisui, M|\n|poke|p2|Bewear, F|\n|teampreview\n|inactive|Battle timer is ON: inactive players will automatically lose when time's up. (requested by UncannyHavok)\n|\n|t:|1700449983\n|start\n|switch|p1a: Glimmora|Glimmora, F|100\/100\n|switch|p2a: Heliolisk|Heliolisk, F|100\/100\n|turn|1\n|\n|t:|1700450000\n|move|p2a: Heliolisk|Thunderbolt|p1a: Glimmora\n|-damage|p1a: Glimmora|56\/100\n|move|p1a: Glimmora|Stealth Rock|p2a: Heliolisk\n|-sidestart|p2: UncannyHavok|move: Stealth Rock\n|\n|upkeep\n|turn|2\n|\n|t:|1700450008\n|move|p2a: Heliolisk|Thunderbolt|p1a: Glimmora\n|-damage|p1a: Glimmora|9\/100\n|-enditem|p1a: Glimmora|Sitrus Berry|[eat]\n|-heal|p1a: Glimmora|34\/100|[from] item: Sitrus Berry\n|move|p1a: Glimmora|Toxic Spikes|p2a: Heliolisk\n|-sidestart|p2: UncannyHavok|move: Toxic Spikes\n|\n|upkeep\n|turn|3\n|\n|t:|1700450021\n|move|p2a: Heliolisk|Thunderbolt|p1a: Glimmora\n|-damage|p1a: Glimmora|0 fnt\n|faint|p1a: Glimmora\n|\n|upkeep\n|\n|t:|1700450028\n|switch|p1a: Ninetales|Ninetales-Alola, M|100\/100\n|-weather|Snow|[from] ability: Snow Warning|[of] p1a: Ninetales\n|turn|4\n|\n|t:|1700450040\n|move|p1a: Ninetales|Aurora Veil|p1a: Ninetales\n|-sidestart|p1: Acmap|move: Aurora Veil\n|move|p2a: Heliolisk|Volt Switch|p1a: Ninetales\n|-damage|p1a: Ninetales|83\/100\n|\n|t:|1700450045\n|switch|p2a: Typhlosion|Typhlosion-Hisui, M|100\/100|[from] Volt Switch\n|-item|p1a: Ninetales|Leftovers|[from] ability: Frisk|[of] p2a: Typhlosion|[identify]\n|\n|-weather|Snow|[upkeep]\n|-heal|p1a: Ninetales|89\/100|[from] item: Leftovers\n|upkeep\n|turn|5\n|\n|t:|1700450062\n|switch|p1a: Alomomola|Alomomola, F|100\/100\n|move|p2a: Typhlosion|Fire Blast|p1a: Alomomola\n|-resisted|p1a: Alomomola\n|-damage|p1a: Alomomola|84\/100\n|\n|-weather|Snow|[upkeep]\n|-heal|p1a: Alomomola|90\/100|[from] item: Leftovers\n|upkeep\n|turn|6\n|\n|t:|1700450076\n|switch|p2a: Heliolisk|Heliolisk, F|100\/100\n|-damage|p2a: Heliolisk|88\/100|[from] Stealth Rock\n|-status|p2a: Heliolisk|psn\n|move|p1a: Alomomola|Scald|p2a: Heliolisk\n|-heal|p2a: Heliolisk|100\/100 psn|[from] ability: Dry Skin|[of] p1a: Alomomola\n|\n|-weather|Snow|[upkeep]\n|-heal|p1a: Alomomola|96\/100|[from] item: Leftovers\n|-damage|p2a: Heliolisk|88\/100 psn|[from] psn\n|upkeep\n|turn|7\n|\n|t:|1700450097\n|move|p2a: Heliolisk|Thunderbolt|p1a: Alomomola\n|-supereffective|p1a: Alomomola\n|-damage|p1a: Alomomola|50\/100\n|move|p1a: Alomomola|Wish|p1a: Alomomola\n|\n|-weather|Snow|[upkeep]\n|-heal|p1a: Alomomola|56\/100|[from] item: Leftovers\n|-damage|p2a: Heliolisk|76\/100 psn|[from] psn\n|upkeep\n|turn|8\n|\n|t:|1700450111\n|move|p1a: Alomomola|Protect|p1a: Alomomola\n|-singleturn|p1a: Alomomola|Protect\n|move|p2a: Heliolisk|Thunderbolt|p1a: Alomomola\n|-activate|p1a: Alomomola|move: Protect\n|\n|-weather|none\n|-heal|p1a: Alomomola|100\/100|[from] move: Wish|[wisher] Alomomola\n|-damage|p2a: Heliolisk|63\/100 psn|[from] psn\n|-sideend|p1: Acmap|move: Aurora Veil\n|upkeep\n|turn|9\n|inactive|Acmap has 120 seconds left.\n|\n|t:|1700450130\n|move|p2a: Heliolisk|Thunderbolt|p1a: Alomomola\n|-supereffective|p1a: Alomomola\n|-damage|p1a: Alomomola|6\/100\n|-status|p1a: Alomomola|par\n|move|p1a: Alomomola|Wish|p1a: Alomomola\n|\n|-heal|p1a: Alomomola|12\/100 par|[from] item: Leftovers\n|-damage|p2a: Heliolisk|51\/100 psn|[from] psn\n|upkeep\n|turn|10\n|inactive|Acmap has 120 seconds left.\n|\n|t:|1700450141\n|move|p1a: Alomomola|Protect|p1a: Alomomola\n|-singleturn|p1a: Alomomola|Protect\n|move|p2a: Heliolisk|Volt Switch|p1a: Alomomola\n|-activate|p1a: Alomomola|move: Protect\n|\n|-heal|p1a: Alomomola|62\/100 par|[from] move: Wish|[wisher] Alomomola\n|-heal|p1a: Alomomola|68\/100 par|[from] item: Leftovers\n|-damage|p2a: Heliolisk|38\/100 psn|[from] psn\n|upkeep\n|turn|11\n|inactive|Acmap has 120 seconds left.\n|\n|t:|1700450162\n|switch|p1a: Ninetales|Ninetales-Alola, M|89\/100\n|-weather|Snow|[from] ability: Snow Warning|[of] p1a: Ninetales\n|move|p2a: Heliolisk|Thunderbolt|p1a: Ninetales\n|-damage|p1a: Ninetales|35\/100\n|\n|-weather|Snow|[upkeep]\n|-heal|p1a: Ninetales|41\/100|[from] item: Leftovers\n|-damage|p2a: Heliolisk|26\/100 psn|[from] psn\n|upkeep\n|turn|12\n|\n|t:|1700450176\n|move|p2a: Heliolisk|Hyper Voice|p1a: Ninetales\n|-crit|p1a: Ninetales\n|-damage|p1a: Ninetales|0 fnt\n|faint|p1a: Ninetales\n|\n|-weather|Snow|[upkeep]\n|-damage|p2a: Heliolisk|13\/100 psn|[from] psn\n|upkeep\n|\n|t:|1700450187\n|switch|p1a: Urshifu|Urshifu-Rapid-Strike, M|100\/100\n|turn|13\n|\n|t:|1700450197\n|move|p1a: Urshifu|Aqua Jet|p2a: Heliolisk\n|-heal|p2a: Heliolisk|38\/100 psn|[from] ability: Dry Skin|[of] p1a: Urshifu\n|move|p2a: Heliolisk|Thunderbolt|p1a: Urshifu\n|-supereffective|p1a: Urshifu\n|-damage|p1a: Urshifu|0 fnt\n|faint|p1a: Urshifu\n|\n|-weather|Snow|[upkeep]\n|-damage|p2a: Heliolisk|26\/100 psn|[from] psn\n|upkeep\n|c|\u2606UncannyHavok|oop\n|\n|t:|1700450213\n|switch|p1a: Pinsir|Pinsir, M|100\/100\n|turn|14\n|\n|t:|1700450226\n|detailschange|p1a: Pinsir|Pinsir-Mega, M\n|-mega|p1a: Pinsir|Pinsir|Pinsirite\n|move|p2a: Heliolisk|Thunderbolt|p1a: Pinsir\n|-supereffective|p1a: Pinsir\n|-damage|p1a: Pinsir|0 fnt\n|faint|p1a: Pinsir\n|\n|-weather|Snow|[upkeep]\n|-damage|p2a: Heliolisk|13\/100 psn|[from] psn\n|upkeep\n|inactive|Acmap has 90 seconds left.\n|\n|t:|1700450243\n|switch|p1a: Cinderace|Cinderace, F|100\/100\n|turn|15\n|inactive|Acmap has 90 seconds left.\n|\n|t:|1700450259\n|switch|p2a: Typhlosion|Typhlosion-Hisui, M|100\/100\n|-item|p1a: Cinderace|Life Orb|[from] ability: Frisk|[of] p2a: Typhlosion|[identify]\n|move|p1a: Cinderace|High Jump Kick|p2a: Typhlosion\n|-start|p1a: Cinderace|typechange|Fighting|[from] ability: Libero\n|-immune|p2a: Typhlosion\n|-damage|p1a: Cinderace|51\/100|[from] highjumpkick\n|\n|-weather|none\n|upkeep\n|turn|16\n|inactive|Acmap has 90 seconds left.\n|\n|t:|1700450283\n|move|p1a: Cinderace|Electro Ball|p2a: Typhlosion\n|-damage|p2a: Typhlosion|84\/100\n|-damage|p1a: Cinderace|41\/100|[from] item: Life Orb\n|move|p2a: Typhlosion|Shadow Ball|p1a: Cinderace\n|-damage|p1a: Cinderace|0 fnt\n|faint|p1a: Cinderace\n|\n|upkeep\n|\n|t:|1700450296\n|switch|p1a: Alomomola|Alomomola, F|100\/100 par\n|turn|17\n|\n|t:|1700450307\n|-terastallize|p1a: Alomomola|Water\n|move|p2a: Typhlosion|Infernal Parade|p1a: Alomomola\n|-damage|p1a: Alomomola|34\/100 par\n|move|p1a: Alomomola|Scald|p2a: Typhlosion\n|-supereffective|p2a: Typhlosion\n|-damage|p2a: Typhlosion|30\/100\n|\n|-heal|p1a: Alomomola|40\/100 par|[from] item: Leftovers\n|upkeep\n|turn|18\n|\n|t:|1700450324\n|-terastallize|p2a: Typhlosion|Normal\n|move|p1a: Alomomola|Protect|p1a: Alomomola\n|-singleturn|p1a: Alomomola|Protect\n|move|p2a: Typhlosion|Infernal Parade|p1a: Alomomola\n|-activate|p1a: Alomomola|move: Protect\n|\n|-heal|p1a: Alomomola|47\/100 par|[from] item: Leftovers\n|upkeep\n|turn|19\n|inactive|Acmap has 60 seconds left.\n|\n|t:|1700450344\n|move|p2a: Typhlosion|Infernal Parade|p1a: Alomomola\n|-damage|p1a: Alomomola|0 fnt\n|faint|p1a: Alomomola\n|\n|win|UncannyHavok\n|raw|Acmap's rating: 1156 &rarr; <strong>1134<\/strong><br \/>(-22 for losing)\n|raw|UncannyHavok's rating: 1191 &rarr; <strong>1213<\/strong><br \/>(+22 for winning)\n|c|\u2606UncannyHavok|gg\n","uploadtime":1700450350,"views":13,"p1id":"acmap","p2id":"uncannyhavok","formatid":"gen9nationaldex","rating":1134,"private":0,"password":""}