{"id":"gen9nationaldex-1998239867","p1":"FlyingSudowoodo","p2":"eadd\u5185\u8499\u53e4\u306e\u6df1\u6d77\u5927\u9c7f\u9c7c","format":"[Gen 9] National Dex","log":"|html|<div class=\"broadcast-blue\"><strong>[Gen 9] National Dex is currently suspecting Sneasler! For information on how to participate check out the <a href=\"https:\/\/www.smogon.com\/forums\/threads\/sv-national-dex-suspect-8-just-dance.3731534\/\">suspect thread<\/a>.<\/strong><\/div>\n|j|\u2606FlyingSudowoodo\n|j|\u2606eadd\u5185\u8499\u53e4\u306e\u6df1\u6d77\u5927\u9c7f\u9c7c\n|t:|1700918237\n|gametype|singles\n|player|p1|FlyingSudowoodo|juan|1267\n|player|p2|eadd\u5185\u8499\u53e4\u306e\u6df1\u6d77\u5927\u9c7f\u9c7c|rosa|1179\n|teamsize|p1|6\n|teamsize|p2|6\n|gen|9\n|tier|[Gen 9] National Dex\n|rated|\n|rule|HP Percentage Mod: HP is shown in percentages\n|rule|Endless Battle Clause: Forcing endless battles is banned\n|rule|OHKO Clause: OHKO moves are banned\n|rule|Evasion Clause: Evasion abilities, items, and moves are banned\n|rule|Evasion Abilities Clause: Evasion abilities are banned\n|rule|Evasion Items Clause: Evasion items are banned\n|rule|Evasion Moves Clause: Evasion moves are banned\n|rule|Species Clause: Limit one of each Pok\u00e9mon\n|rule|Sleep Clause Mod: Limit one foe put to sleep\n|clearpoke\n|poke|p1|Ceruledge, F|\n|poke|p1|Bisharp, F|\n|poke|p1|Diancie|\n|poke|p1|Clodsire, F|\n|poke|p1|Alomomola, M|\n|poke|p1|Celesteela|\n|poke|p2|Cinderace, M|\n|poke|p2|Ribombee, F|\n|poke|p2|Serperior, F|\n|poke|p2|Lurantis, F|\n|poke|p2|Malamar, M|\n|poke|p2|Enamorus, F|\n|teampreview\n|\n|t:|1700918253\n|start\n|switch|p1a: Diancie|Diancie|100\/100\n|switch|p2a: Ribombee|Ribombee, F|100\/100\n|turn|1\n|inactive|Battle timer is ON: inactive players will automatically lose when time's up. (requested by FlyingSudowoodo)\n|\n|t:|1700918263\n|move|p2a: Ribombee|Sticky Web|p1a: Diancie\n|-sidestart|p1: FlyingSudowoodo|move: Sticky Web\n|move|p1a: Diancie|Mystical Fire|p2a: Ribombee\n|-supereffective|p2a: Ribombee\n|-crit|p2a: Ribombee\n|-damage|p2a: Ribombee|0 fnt\n|faint|p2a: Ribombee\n|\n|upkeep\n|\n|t:|1700918269\n|switch|p2a: Cinderace|Cinderace, M|100\/100\n|turn|2\n|\n|t:|1700918272\n|detailschange|p1a: Diancie|Diancie-Mega\n|-mega|p1a: Diancie|Diancie|Diancite\n|move|p2a: Cinderace|Court Change|p2a: Cinderace\n|-start|p2a: Cinderace|typechange|Normal|[from] ability: Libero\n|-swapsideconditions\n|-activate|p2a: Cinderace|move: Court Change\n|move|p1a: Diancie|Diamond Storm|p2a: Cinderace\n|-damage|p2a: Cinderace|19\/100\n|-boost|p1a: Diancie|def|2\n|\n|upkeep\n|turn|3\n|\n|t:|1700918285\n|move|p2a: Cinderace|Flare Blitz|p1a: Diancie\n|-resisted|p1a: Diancie\n|-damage|p1a: Diancie|88\/100\n|-damage|p2a: Cinderace|16\/100|[from] Recoil\n|move|p1a: Diancie|Mystical Fire|p2a: Cinderace\n|-damage|p2a: Cinderace|0 fnt\n|faint|p2a: Cinderace\n|\n|upkeep\n|\n|t:|1700918301\n|switch|p2a: Malamar|Malamar, M|100\/100\n|-activate|p2a: Malamar|move: Sticky Web\n|-boost|p2a: Malamar|spe|1\n|turn|4\n|\n|t:|1700918309\n|switch|p1a: Ceruledge|Ceruledge, F|100\/100\n|move|p2a: Malamar|Superpower|p1a: Ceruledge\n|-immune|p1a: Ceruledge\n|\n|upkeep\n|turn|5\n|\n|t:|1700918337\n|-terastallize|p2a: Malamar|Dark\n|move|p1a: Ceruledge|Endure|p1a: Ceruledge\n|-singleturn|p1a: Ceruledge|move: Endure\n|move|p2a: Malamar|Psycho Cut|p1a: Ceruledge\n|-damage|p1a: Ceruledge|57\/100\n|-ability|p1a: Ceruledge|Weak Armor|boost\n|-unboost|p1a: Ceruledge|def|1\n|-boost|p1a: Ceruledge|spe|2\n|\n|upkeep\n|turn|6\n|\n|t:|1700918351\n|move|p1a: Ceruledge|Bitter Blade|p2a: Malamar\n|-damage|p2a: Malamar|46\/100\n|-heal|p1a: Ceruledge|87\/100|[from] drain|[of] p2a: Malamar\n|move|p2a: Malamar|Psycho Cut|p1a: Ceruledge\n|-damage|p1a: Ceruledge|26\/100\n|-ability|p1a: Ceruledge|Weak Armor|boost\n|-unboost|p1a: Ceruledge|def|1\n|-boost|p1a: Ceruledge|spe|2\n|\n|-heal|p2a: Malamar|52\/100|[from] item: Leftovers\n|upkeep\n|turn|7\n|\n|t:|1700918368\n|move|p1a: Ceruledge|Bitter Blade|p2a: Malamar\n|-damage|p2a: Malamar|0 fnt\n|-heal|p1a: Ceruledge|53\/100|[from] drain|[of] p2a: Malamar\n|faint|p2a: Malamar\n|\n|upkeep\n|\n|t:|1700918380\n|switch|p2a: Enamorus|Enamorus, F|100\/100\n|turn|8\n|\n|t:|1700918390\n|-terastallize|p1a: Ceruledge|Fire\n|move|p1a: Ceruledge|Endure|p1a: Ceruledge\n|-singleturn|p1a: Ceruledge|move: Endure\n|move|p2a: Enamorus|Earth Power|p1a: Ceruledge\n|-supereffective|p1a: Ceruledge\n|-activate|p1a: Ceruledge|move: Endure\n|-damage|p1a: Ceruledge|1\/100\n|-enditem|p1a: Ceruledge|Weakness Policy\n|-boost|p1a: Ceruledge|atk|2|[from] item: Weakness Policy\n|-boost|p1a: Ceruledge|spa|2|[from] item: Weakness Policy\n|\n|upkeep\n|turn|9\n|\n|t:|1700918402\n|move|p1a: Ceruledge|Poltergeist|p2a: Enamorus\n|-activate|p2a: Enamorus|move: Poltergeist|Assault Vest\n|-damage|p2a: Enamorus|0 fnt\n|faint|p2a: Enamorus\n|\n|upkeep\n|-message|eadd\u5185\u8499\u53e4\u306e\u6df1\u6d77\u5927\u9c7f\u9c7c forfeited.\n|\n|win|FlyingSudowoodo\n|raw|FlyingSudowoodo's rating: 1267 &rarr; <strong>1286<\/strong><br \/>(+19 for winning)\n|raw|eadd\u5185\u8499\u53e4\u306e\u6df1\u6d77\u5927\u9c7f\u9c7c's rating: 1179 &rarr; <strong>1160<\/strong><br \/>(-19 for losing)\n|l|\u2606eadd\u5185\u8499\u53e4\u306e\u6df1\u6d77\u5927\u9c7f\u9c7c\n","uploadtime":1700918412,"views":1,"p1id":"flyingsudowoodo","p2id":"eadd","formatid":"gen9nationaldex","rating":1160,"private":0,"password":""}