{"id":"gen9nationaldex-1998379520","p1":"ShadowTopaz","p2":"Phillammon","format":"[Gen 9] National Dex","log":"|html|<div class=\"broadcast-blue\"><strong>[Gen 9] National Dex is currently suspecting Sneasler! For information on how to participate check out the <a href=\"https:\/\/www.smogon.com\/forums\/threads\/sv-national-dex-suspect-8-just-dance.3731534\/\">suspect thread<\/a>.<\/strong><\/div>\n|j|\u2606ShadowTopaz\n|j|\u2606Phillammon\n|t:|1700935767\n|gametype|singles\n|player|p1|ShadowTopaz|marley|\n|player|p2|Phillammon|erika|\n|teamsize|p1|6\n|teamsize|p2|6\n|gen|9\n|tier|[Gen 9] National Dex\n|rule|HP Percentage Mod: HP is shown in percentages\n|rule|Endless Battle Clause: Forcing endless battles is banned\n|rule|OHKO Clause: OHKO moves are banned\n|rule|Evasion Clause: Evasion abilities, items, and moves are banned\n|rule|Evasion Abilities Clause: Evasion abilities are banned\n|rule|Evasion Items Clause: Evasion items are banned\n|rule|Evasion Moves Clause: Evasion moves are banned\n|rule|Species Clause: Limit one of each Pok\u00e9mon\n|rule|Sleep Clause Mod: Limit one foe put to sleep\n|clearpoke\n|poke|p1|Gliscor, M|\n|poke|p1|Corviknight, F|\n|poke|p1|Great Tusk|\n|poke|p1|Indeedee, M|\n|poke|p1|Mienshao, M|\n|poke|p1|Hoopa-Unbound|\n|poke|p2|Garchomp, F|\n|poke|p2|Azumarill, F|\n|poke|p2|Sneasler, F|\n|poke|p2|Greninja-*, M|\n|poke|p2|Quaquaval, F|\n|poke|p2|Hydreigon, F|\n|teampreview\n|\n|t:|1700935774\n|start\n|switch|p1a: Dame|Corviknight, F, shiny|100\/100\n|switch|p2a: Garchomp|Garchomp, F|100\/100\n|turn|1\n|\n|t:|1700935787\n|move|p2a: Garchomp|Stealth Rock|p1a: Dame\n|-sidestart|p1: ShadowTopaz|move: Stealth Rock\n|move|p1a: Dame|Iron Defense|p1a: Dame\n|-boost|p1a: Dame|def|2\n|\n|upkeep\n|turn|2\n|\n|t:|1700935805\n|move|p2a: Garchomp|Scale Shot|p1a: Dame|[miss]\n|-miss|p2a: Garchomp|p1a: Dame\n|move|p1a: Dame|Body Press|p2a: Garchomp\n|-damage|p2a: Garchomp|51\/100\n|-damage|p1a: Dame|88\/100|[from] ability: Rough Skin|[of] p2a: Garchomp\n|\n|upkeep\n|turn|3\n|\n|t:|1700935816\n|move|p2a: Garchomp|Scale Shot|p1a: Dame\n|-resisted|p1a: Dame\n|-damage|p1a: Dame|86\/100\n|-resisted|p1a: Dame\n|-damage|p1a: Dame|84\/100\n|-resisted|p1a: Dame\n|-damage|p1a: Dame|82\/100\n|-hitcount|p1a: Dame|3\n|-unboost|p2a: Garchomp|def|1\n|-boost|p2a: Garchomp|spe|1\n|move|p1a: Dame|Iron Defense|p1a: Dame\n|-boost|p1a: Dame|def|2\n|\n|upkeep\n|turn|4\n|\n|t:|1700935843\n|move|p2a: Garchomp|Swords Dance|p2a: Garchomp\n|-boost|p2a: Garchomp|atk|2\n|move|p1a: Dame|Body Press|p2a: Garchomp\n|-damage|p2a: Garchomp|0 fnt\n|-damage|p1a: Dame|69\/100|[from] ability: Rough Skin|[of] p2a: Garchomp\n|faint|p2a: Garchomp\n|\n|upkeep\n|\n|t:|1700935864\n|switch|p2a: Hydreigon|Hydreigon, F|100\/100\n|turn|5\n|\n|t:|1700935874\n|move|p2a: Hydreigon|Fire Blast|p1a: Dame\n|-supereffective|p1a: Dame\n|-damage|p1a: Dame|0 fnt\n|faint|p1a: Dame\n|\n|upkeep\n|\n|t:|1700935893\n|switch|p1a: Daimyo|Mienshao, M|100\/100\n|turn|6\n|\n|t:|1700935898\n|move|p1a: Daimyo|High Jump Kick|p2a: Hydreigon\n|-supereffective|p2a: Hydreigon\n|-damage|p2a: Hydreigon|0 fnt\n|faint|p2a: Hydreigon\n|\n|upkeep\n|\n|t:|1700935905\n|switch|p2a: Sneasler|Sneasler, F|100\/100\n|turn|7\n|\n|t:|1700935926\n|switch|p1a: Voivode|Gliscor, M|100\/100\n|-damage|p1a: Voivode|88\/100|[from] Stealth Rock\n|move|p2a: Sneasler|Fake Out|p1a: Voivode\n|-enditem|p2a: Sneasler|Normal Gem|[from] gem\n|-damage|p1a: Voivode|72\/100\n|\n|-status|p1a: Voivode|tox|[from] item: Toxic Orb\n|upkeep\n|turn|8\n|\n|t:|1700935942\n|-terastallize|p2a: Sneasler|Flying\n|move|p2a: Sneasler|Swords Dance|p2a: Sneasler\n|-boost|p2a: Sneasler|atk|2\n|move|p1a: Voivode|Earthquake|p2a: Sneasler\n|-immune|p2a: Sneasler\n|\n|-heal|p1a: Voivode|84\/100 tox|[from] ability: Poison Heal\n|upkeep\n|turn|9\n|\n|t:|1700935952\n|move|p2a: Sneasler|Acrobatics|p1a: Voivode\n|-damage|p1a: Voivode|0 fnt\n|faint|p1a: Voivode\n|\n|upkeep\n|\n|t:|1700935958\n|switch|p1a: Daimyo|Mienshao, M|100\/100\n|turn|10\n|\n|t:|1700935969\n|move|p2a: Sneasler|Acrobatics|p1a: Daimyo\n|-supereffective|p1a: Daimyo\n|-damage|p1a: Daimyo|0 fnt\n|faint|p1a: Daimyo\n|\n|upkeep\n|\n|t:|1700935980\n|switch|p1a: Shah|Hoopa-Unbound|100\/100\n|-damage|p1a: Shah|88\/100|[from] Stealth Rock\n|turn|11\n|\n|t:|1700935989\n|move|p2a: Sneasler|Acrobatics|p1a: Shah\n|-damage|p1a: Shah|0 fnt\n|faint|p1a: Shah\n|\n|upkeep\n|\n|t:|1700935993\n|switch|p1a: Lord|Indeedee, M|100\/100\n|-damage|p1a: Lord|88\/100|[from] Stealth Rock\n|-fieldstart|move: Psychic Terrain|[from] ability: Psychic Surge|[of] p1a: Lord\n|turn|12\n|\n|t:|1700936003\n|move|p2a: Sneasler|Acrobatics|p1a: Lord\n|-damage|p1a: Lord|0 fnt\n|faint|p1a: Lord\n|\n|upkeep\n|\n|t:|1700936007\n|switch|p1a: Eminence|Great Tusk|100\/100\n|-damage|p1a: Eminence|98\/100|[from] Stealth Rock\n|turn|13\n|\n|t:|1700936011\n|move|p2a: Sneasler|Acrobatics|p1a: Eminence\n|-supereffective|p1a: Eminence\n|-damage|p1a: Eminence|0 fnt\n|faint|p1a: Eminence\n|-end|p1a: Eminence|Protosynthesis|[silent]\n|\n|win|Phillammon\n","uploadtime":1700936017,"views":2,"p1id":"shadowtopaz","p2id":"phillammon","formatid":"gen9nationaldex","rating":0,"private":0,"password":""}