{"id":"gen9nationaldex-1996363093","p1":"ultradexshotv2","p2":"Shelmett","format":"[Gen 9] National Dex","log":"|html|<div class=\"broadcast-blue\"><strong>[Gen 9] National Dex is currently suspecting Sneasler! For information on how to participate check out the <a href=\"https:\/\/www.smogon.com\/forums\/threads\/sv-national-dex-suspect-8-just-dance.3731534\/\">suspect thread<\/a>.<\/strong><\/div>\n|j|\u2606ultradexshotv2\n|j|\u2606Shelmett\n|t:|1700674882\n|gametype|singles\n|player|p1|ultradexshotv2|cynthia-gen4|1000\n|player|p2|Shelmett|roxie|1000\n|teamsize|p1|6\n|teamsize|p2|6\n|gen|9\n|tier|[Gen 9] National Dex\n|rated|\n|rule|HP Percentage Mod: HP is shown in percentages\n|rule|Endless Battle Clause: Forcing endless battles is banned\n|rule|OHKO Clause: OHKO moves are banned\n|rule|Evasion Clause: Evasion abilities, items, and moves are banned\n|rule|Evasion Abilities Clause: Evasion abilities are banned\n|rule|Evasion Items Clause: Evasion items are banned\n|rule|Evasion Moves Clause: Evasion moves are banned\n|rule|Species Clause: Limit one of each Pok\u00e9mon\n|rule|Sleep Clause Mod: Limit one foe put to sleep\n|clearpoke\n|poke|p1|Charizard, M|\n|poke|p1|Gallade, M|\n|poke|p1|Tyrantrum, F|\n|poke|p1|Metagross|\n|poke|p1|Bisharp, F|\n|poke|p1|Accelgor, F|\n|poke|p2|Yungoos, M|\n|poke|p2|Rellor, F|\n|poke|p2|Magikarp, M|\n|poke|p2|Combee, M|\n|poke|p2|Caterpie, F|\n|poke|p2|Togepi, M|\n|teampreview\n|inactive|Battle timer is ON: inactive players will automatically lose when time's up. (requested by ultradexshotv2)\n|\n|t:|1700674890\n|start\n|switch|p1a: Accelgor|Accelgor, F|100\/100\n|switch|p2a: Magikarp|Magikarp, M|100\/100\n|turn|1\n|\n|t:|1700674901\n|move|p1a: Accelgor|Water Shuriken|p2a: Magikarp\n|-resisted|p2a: Magikarp\n|-crit|p2a: Magikarp\n|-damage|p2a: Magikarp|73\/100\n|-resisted|p2a: Magikarp\n|-damage|p2a: Magikarp|55\/100\n|-hitcount|p2a: Magikarp|2\n|move|p2a: Magikarp|Bounce||[still]\n|-prepare|p2a: Magikarp|Bounce\n|\n|upkeep\n|turn|2\n|\n|t:|1700674910\n|switch|p1a: Tyrantrum|Tyrantrum, F|100\/100\n|move|p2a: Magikarp|Bounce|p1a: Tyrantrum|[from]lockedmove\n|-resisted|p1a: Tyrantrum\n|-damage|p1a: Tyrantrum|99\/100\n|\n|upkeep\n|turn|3\n|\n|t:|1700674917\n|move|p2a: Magikarp|Hydro Pump|p1a: Tyrantrum\n|-damage|p1a: Tyrantrum|61\/100\n|move|p1a: Tyrantrum|Crunch|p2a: Magikarp\n|-damage|p2a: Magikarp|0 fnt\n|faint|p2a: Magikarp\n|-damage|p1a: Tyrantrum|51\/100|[from] item: Life Orb\n|\n|upkeep\n|\n|t:|1700674931\n|switch|p2a: Togepi|Togepi, M|100\/100\n|turn|4\n|\n|t:|1700674935\n|move|p1a: Tyrantrum|Ice Fang|p2a: Togepi\n|-damage|p2a: Togepi|42\/100\n|-damage|p1a: Tyrantrum|42\/100|[from] item: Life Orb\n|move|p2a: Togepi|Ancient Power|p1a: Tyrantrum\n|-damage|p1a: Tyrantrum|21\/100\n|-boost|p2a: Togepi|atk|1\n|-boost|p2a: Togepi|def|1\n|-boost|p2a: Togepi|spa|1\n|-boost|p2a: Togepi|spd|1\n|-boost|p2a: Togepi|spe|1\n|\n|upkeep\n|turn|5\n|\n|t:|1700674944\n|move|p1a: Tyrantrum|Ice Fang|p2a: Togepi\n|-damage|p2a: Togepi|1\/100\n|-damage|p1a: Tyrantrum|11\/100|[from] item: Life Orb\n|move|p2a: Togepi|Ancient Power|p1a: Tyrantrum\n|-damage|p1a: Tyrantrum|0 fnt\n|faint|p1a: Tyrantrum\n|\n|upkeep\n|\n|t:|1700674952\n|switch|p1a: Gallade|Gallade, M, shiny|100\/100\n|turn|6\n|\n|t:|1700674958\n|detailschange|p1a: Gallade|Gallade-Mega, M, shiny\n|-mega|p1a: Gallade|Gallade|Galladite\n|move|p1a: Gallade|Earthquake|p2a: Togepi\n|-damage|p2a: Togepi|0 fnt\n|faint|p2a: Togepi\n|\n|upkeep\n|\n|t:|1700674967\n|switch|p2a: Combee|Combee, M|100\/100\n|turn|7\n|\n|t:|1700674971\n|move|p2a: Combee|Dual Wingbeat|p1a: Gallade\n|-supereffective|p1a: Gallade\n|-damage|p1a: Gallade|64\/100\n|-supereffective|p1a: Gallade\n|-crit|p1a: Gallade\n|-damage|p1a: Gallade|6\/100\n|-hitcount|p1a: Gallade|2\n|move|p1a: Gallade|Psycho Cut|p2a: Combee\n|-damage|p2a: Combee|0 fnt\n|faint|p2a: Combee\n|\n|upkeep\n|\n|t:|1700674980\n|switch|p2a: Caterpie|Caterpie, F|100\/100\n|turn|8\n|\n|t:|1700674983\n|move|p1a: Gallade|Psycho Cut|p2a: Caterpie\n|-crit|p2a: Caterpie\n|-enditem|p2a: Caterpie|Focus Sash\n|-damage|p2a: Caterpie|1\/100\n|move|p2a: Caterpie|Bug Bite|p1a: Gallade\n|-damage|p1a: Gallade|0 fnt\n|faint|p1a: Gallade\n|\n|upkeep\n|\n|t:|1700674991\n|switch|p1a: Accelgor|Accelgor, F|100\/100\n|turn|9\n|\n|t:|1700674997\n|move|p1a: Accelgor|Sludge Bomb|p2a: Caterpie\n|-damage|p2a: Caterpie|0 fnt\n|faint|p2a: Caterpie\n|\n|upkeep\n|\n|t:|1700675002\n|switch|p2a: Yungoos|Yungoos, M|100\/100\n|turn|10\n|\n|t:|1700675007\n|move|p1a: Accelgor|Sludge Bomb|p2a: Yungoos\n|-damage|p2a: Yungoos|0 fnt\n|faint|p2a: Yungoos\n|\n|upkeep\n|\n|t:|1700675009\n|switch|p2a: Rellor|Rellor, F|100\/100\n|turn|11\n|\n|t:|1700675014\n|-terastallize|p2a: Rellor|Rock\n|move|p1a: Accelgor|Sludge Bomb|p2a: Rellor\n|-resisted|p2a: Rellor\n|-crit|p2a: Rellor\n|-damage|p2a: Rellor|60\/100\n|move|p2a: Rellor|Rollout|p1a: Accelgor\n|-supereffective|p1a: Accelgor\n|-damage|p1a: Accelgor|7\/100\n|\n|upkeep\n|turn|12\n|\n|t:|1700675023\n|move|p1a: Accelgor|Sludge Bomb|p2a: Rellor\n|-resisted|p2a: Rellor\n|-damage|p2a: Rellor|35\/100\n|move|p2a: Rellor|Rollout|p1a: Accelgor|[from]lockedmove\n|-supereffective|p1a: Accelgor\n|-damage|p1a: Accelgor|0 fnt\n|faint|p1a: Accelgor\n|\n|upkeep\n|\n|t:|1700675029\n|switch|p1a: Metagross|Metagross, shiny|100\/100\n|turn|13\n|\n|t:|1700675031\n|move|p1a: Metagross|Bullet Punch|p2a: Rellor\n|-supereffective|p2a: Rellor\n|-damage|p2a: Rellor|0 fnt\n|faint|p2a: Rellor\n|\n|win|ultradexshotv2\n|raw|ultradexshotv2's rating: 1000 &rarr; <strong>1040<\/strong><br \/>(+40 for winning)\n|raw|Shelmett's rating: 1000 &rarr; <strong>1000<\/strong><br \/>(+0 for losing)\n","uploadtime":1700675037,"views":1,"p1id":"ultradexshotv2","p2id":"shelmett","formatid":"gen9nationaldex","rating":1000,"private":0,"password":""}