{"id":"gen9nationaldex-1999431891","p1":"ikun321","p2":"hei_longcec","format":"[Gen 9] National Dex","log":"|html|<div class=\"broadcast-blue\"><strong>[Gen 9] National Dex is currently suspecting Sneasler! For information on how to participate check out the <a href=\"https:\/\/www.smogon.com\/forums\/threads\/sv-national-dex-suspect-8-just-dance.3731534\/\">suspect thread<\/a>.<\/strong><\/div>\n|j|\u2606ikun321\n|j|\u2606hei_longcec\n|t:|1701079469\n|gametype|singles\n|player|p1|ikun321|266|1437\n|player|p2|hei_longcec|iris-gen5bw2|1478\n|teamsize|p1|6\n|teamsize|p2|6\n|gen|9\n|tier|[Gen 9] National Dex\n|rated|\n|rule|HP Percentage Mod: HP is shown in percentages\n|rule|Endless Battle Clause: Forcing endless battles is banned\n|rule|OHKO Clause: OHKO moves are banned\n|rule|Evasion Clause: Evasion abilities, items, and moves are banned\n|rule|Evasion Abilities Clause: Evasion abilities are banned\n|rule|Evasion Items Clause: Evasion items are banned\n|rule|Evasion Moves Clause: Evasion moves are banned\n|rule|Species Clause: Limit one of each Pok\u00e9mon\n|rule|Sleep Clause Mod: Limit one foe put to sleep\n|clearpoke\n|poke|p1|Corviknight, M|\n|poke|p1|Banette, M|\n|poke|p1|Rillaboom, M|\n|poke|p1|Slowking-Galar, M|\n|poke|p1|Garganacl, M|\n|poke|p1|Great Tusk|\n|poke|p2|Mawile, M|\n|poke|p2|Marowak-Alola, F|\n|poke|p2|Hatterene, F|\n|poke|p2|Cresselia, F|\n|poke|p2|Porygon2|\n|poke|p2|Ursaluna, M|\n|teampreview\n|inactive|Battle timer is ON: inactive players will automatically lose when time's up. (requested by hei_longcec)\n|\n|t:|1701079490\n|start\n|switch|p1a: Rillaboom|Rillaboom, M|100\/100\n|switch|p2a: Ursaluna|Ursaluna, M|100\/100\n|-fieldstart|move: Grassy Terrain|[from] ability: Grassy Surge|[of] p1a: Rillaboom\n|turn|1\n|\n|t:|1701079499\n|move|p1a: Rillaboom|Wood Hammer|p2a: Ursaluna\n|-supereffective|p2a: Ursaluna\n|-damage|p2a: Ursaluna|0 fnt\n|faint|p2a: Ursaluna\n|-damage|p1a: Rillaboom|58\/100|[from] Recoil\n|\n|-heal|p1a: Rillaboom|64\/100|[from] Grassy Terrain\n|upkeep\n|\n|t:|1701079503\n|switch|p2a: Hatterene|Hatterene, F|100\/100\n|turn|2\n|\n|t:|1701079506\n|move|p1a: Rillaboom|Wood Hammer|p2a: Hatterene\n|-enditem|p2a: Hatterene|Focus Sash\n|-damage|p2a: Hatterene|1\/100\n|-damage|p1a: Rillaboom|35\/100|[from] Recoil\n|move|p2a: Hatterene|Trick Room|p2a: Hatterene\n|-fieldstart|move: Trick Room|[of] p2a: Hatterene\n|\n|-heal|p2a: Hatterene|7\/100|[from] Grassy Terrain\n|-heal|p1a: Rillaboom|41\/100|[from] Grassy Terrain\n|upkeep\n|turn|3\n|\n|t:|1701079513\n|switch|p1a: Slowking|Slowking-Galar, M|100\/100\n|move|p2a: Hatterene|Misty Explosion|p1a: Slowking\n|-resisted|p1a: Slowking\n|-damage|p1a: Slowking|82\/100\n|faint|p2a: Hatterene\n|\n|-heal|p1a: Slowking|88\/100|[from] Grassy Terrain\n|upkeep\n|\n|t:|1701079517\n|switch|p2a: Marowak|Marowak-Alola, F|100\/100\n|turn|4\n|\n|t:|1701079526\n|move|p1a: Slowking|Chilly Reception|p1a: Slowking\n|-weather|Snow\n|\n|t:|1701079535\n|switch|p1a: Great Tusk|Great Tusk|100\/100|[from] Chilly Reception\n|move|p2a: Marowak|Poltergeist|p1a: Great Tusk\n|-activate|p1a: Great Tusk|move: Poltergeist|Rockium Z\n|-damage|p1a: Great Tusk|31\/100\n|\n|-weather|Snow|[upkeep]\n|-heal|p1a: Great Tusk|37\/100|[from] Grassy Terrain\n|upkeep\n|turn|5\n|\n|t:|1701079547\n|-end|p1a: Great Tusk|Protosynthesis|[silent]\n|switch|p1a: Garganacl|Garganacl, M|100\/100\n|move|p2a: Marowak|Flare Blitz|p1a: Garganacl\n|-resisted|p1a: Garganacl\n|-damage|p1a: Garganacl|66\/100\n|\n|-weather|Snow|[upkeep]\n|-heal|p1a: Garganacl|73\/100|[from] Grassy Terrain\n|-heal|p1a: Garganacl|79\/100|[from] item: Leftovers\n|-fieldend|move: Grassy Terrain\n|upkeep\n|turn|6\n|\n|t:|1701079554\n|move|p1a: Garganacl|Protect|p1a: Garganacl\n|-singleturn|p1a: Garganacl|Protect\n|move|p2a: Marowak|Low Kick|p1a: Garganacl\n|-activate|p1a: Garganacl|move: Protect\n|\n|-weather|Snow|[upkeep]\n|-heal|p1a: Garganacl|85\/100|[from] item: Leftovers\n|-fieldend|move: Trick Room\n|upkeep\n|turn|7\n|\n|t:|1701079558\n|move|p1a: Garganacl|Stealth Rock|p2a: Marowak\n|-sidestart|p2: hei_longcec|move: Stealth Rock\n|move|p2a: Marowak|Poltergeist|p1a: Garganacl\n|-activate|p1a: Garganacl|move: Poltergeist|Leftovers\n|-damage|p1a: Garganacl|53\/100\n|\n|-weather|Snow|[upkeep]\n|-heal|p1a: Garganacl|60\/100|[from] item: Leftovers\n|upkeep\n|turn|8\n|\n|t:|1701079567\n|move|p1a: Garganacl|Recover|p1a: Garganacl\n|-heal|p1a: Garganacl|100\/100\n|move|p2a: Marowak|Low Kick|p1a: Garganacl\n|-supereffective|p1a: Garganacl\n|-damage|p1a: Garganacl|9\/100\n|\n|-weather|none\n|-heal|p1a: Garganacl|16\/100|[from] item: Leftovers\n|upkeep\n|turn|9\n|\n|t:|1701079577\n|move|p1a: Garganacl|Salt Cure|p2a: Marowak\n|-supereffective|p2a: Marowak\n|-damage|p2a: Marowak|73\/100\n|-start|p2a: Marowak|Salt Cure\n|move|p2a: Marowak|Poltergeist|p1a: Garganacl\n|-activate|p1a: Garganacl|move: Poltergeist|Leftovers\n|-damage|p1a: Garganacl|0 fnt\n|faint|p1a: Garganacl\n|\n|-damage|p2a: Marowak|60\/100|[from] Salt Cure\n|upkeep\n|\n|t:|1701079580\n|switch|p1a: Banette|Banette, M|100\/100\n|-item|p2a: Marowak|Thick Club|[from] ability: Frisk|[of] p1a: Banette|[identify]\n|turn|10\n|\n|t:|1701079582\n|-activate|p2a: Marowak|move: Pursuit\n|detailschange|p1a: Banette|Banette-Mega, M\n|-mega|p1a: Banette|Banette|Banettite\n|move|p1a: Banette|Pursuit|p2a: Marowak|[from]Pursuit\n|-supereffective|p2a: Marowak\n|-damage|p2a: Marowak|0 fnt\n|faint|p2a: Marowak\n|-hint|A Pokemon can't switch between when it runs out of HP and when it faints\n|\n|upkeep\n|\n|t:|1701079585\n|switch|p2a: Mawile|Mawile, M|100\/100\n|-damage|p2a: Mawile|95\/100|[from] Stealth Rock\n|-ability|p2a: Mawile|Intimidate|boost\n|-unboost|p1a: Banette|atk|1\n|turn|11\n|\n|t:|1701079588\n|detailschange|p2a: Mawile|Mawile-Mega, M\n|-mega|p2a: Mawile|Mawile|Mawilite\n|move|p1a: Banette|Destiny Bond|p1a: Banette\n|-singlemove|p1a: Banette|Destiny Bond\n|move|p2a: Mawile|Play Rough|p1a: Banette\n|-damage|p1a: Banette|0 fnt\n|faint|p1a: Banette\n|-activate|p1a: Banette|move: Destiny Bond\n|faint|p2a: Mawile\n|\n|upkeep\n|-message|hei_longcec forfeited.\n|\n|win|ikun321\n|raw|ikun321's rating: 1437 &rarr; <strong>1459<\/strong><br \/>(+22 for winning)\n|raw|hei_longcec's rating: 1478 &rarr; <strong>1456<\/strong><br \/>(-22 for losing)\n|l|\u2606hei_longcec\n","uploadtime":1701079594,"views":14,"p1id":"ikun321","p2id":"heilongcec","formatid":"gen9nationaldex","rating":1456,"private":0,"password":""}