{"id":"gen9nationaldex-1988668825","p1":"Mr. Sandile","p2":"lYLxuanxuan","format":"[Gen 9] National Dex","log":"|j|\u2606Mr. Sandile\n|j|\u203dlYLxuanxuan\n|t:|1699748442\n|gametype|singles\n|player|p1|Mr. Sandile|hilbert|1264\n|player|p2|lYLxuanxuan|dawn|1333\n|teamsize|p1|6\n|teamsize|p2|6\n|gen|9\n|tier|[Gen 9] National Dex\n|rated|\n|rule|HP Percentage Mod: HP is shown in percentages\n|rule|Endless Battle Clause: Forcing endless battles is banned\n|rule|OHKO Clause: OHKO moves are banned\n|rule|Evasion Clause: Evasion abilities, items, and moves are banned\n|rule|Evasion Abilities Clause: Evasion abilities are banned\n|rule|Evasion Items Clause: Evasion items are banned\n|rule|Evasion Moves Clause: Evasion moves are banned\n|rule|Species Clause: Limit one of each Pok\u00e9mon\n|rule|Sleep Clause Mod: Limit one foe put to sleep\n|clearpoke\n|poke|p1|Hawlucha, M|\n|poke|p1|Chandelure, M|\n|poke|p1|Muk-Alola, M|\n|poke|p1|Magnezone|\n|poke|p1|Mamoswine, M|\n|poke|p1|Primarina, M|\n|poke|p2|Landorus-Therian, M|\n|poke|p2|Kartana|\n|poke|p2|Hawlucha, F|\n|poke|p2|Tapu Koko|\n|poke|p2|Gardevoir, F|\n|poke|p2|Jirachi|\n|teampreview\n|inactive|Battle timer is ON: inactive players will automatically lose when time's up. (requested by Mr. Sandile)\n|inactive|lYLxuanxuan also wants the timer to be on.\n|\n|t:|1699748452\n|start\n|switch|p1a: Wario|Muk-Alola, M|100\/100\n|switch|p2a: Kartana|Kartana, shiny|100\/100\n|turn|1\n|\n|t:|1699748459\n|move|p2a: Kartana|Knock Off|p1a: Wario\n|-resisted|p1a: Wario\n|-damage|p1a: Wario|68\/100\n|-enditem|p1a: Wario|Leftovers|[from] move: Knock Off|[of] p2a: Kartana\n|move|p1a: Wario|Knock Off|p2a: Kartana\n|-damage|p2a: Kartana|58\/100\n|-enditem|p2a: Kartana|Choice Band|[from] move: Knock Off|[of] p1a: Wario\n|\n|upkeep\n|turn|2\n|\n|t:|1699748470\n|move|p2a: Kartana|Sacred Sword|p1a: Wario\n|-crit|p1a: Wario\n|-damage|p1a: Wario|13\/100\n|move|p1a: Wario|Knock Off|p2a: Kartana\n|-damage|p2a: Kartana|28\/100\n|\n|upkeep\n|turn|3\n|\n|t:|1699748486\n|move|p2a: Kartana|Sacred Sword|p1a: Wario\n|-damage|p1a: Wario|0 fnt\n|faint|p1a: Wario\n|-ability|p2a: Kartana|Beast Boost|boost\n|-boost|p2a: Kartana|atk|1\n|\n|upkeep\n|\n|t:|1699748496\n|switch|p1a: Masked Muscle|Hawlucha, M|100\/100\n|-ability|p1a: Masked Muscle|Mold Breaker\n|turn|4\n|\n|t:|1699748506\n|switch|p2a: Landorus|Landorus-Therian, M, shiny|100\/100\n|-ability|p2a: Landorus|Intimidate|boost\n|-unboost|p1a: Masked Muscle|atk|1\n|move|p1a: Masked Muscle|Drain Punch|p2a: Landorus\n|-resisted|p2a: Landorus\n|-damage|p2a: Landorus|90\/100\n|\n|upkeep\n|turn|5\n|\n|t:|1699748521\n|switch|p1a: Primo|Primarina, M|100\/100\n|move|p2a: Landorus|Stealth Rock|p1a: Primo\n|-sidestart|p1: Mr. Sandile|move: Stealth Rock\n|\n|upkeep\n|turn|6\n|\n|t:|1699748530\n|move|p2a: Landorus|Explosion|p1a: Primo\n|-damage|p1a: Primo|0 fnt\n|faint|p2a: Landorus\n|faint|p1a: Primo\n|\n|upkeep\n|\n|t:|1699748540\n|switch|p2a: Gardevoir|Gardevoir, F, shiny|100\/100\n|switch|p1a: Tusk Boi|Mamoswine, M|100\/100\n|-ability|p2a: Gardevoir|Thick Fat|[from] ability: Trace|[of] p1a: Tusk Boi\n|-damage|p1a: Tusk Boi|88\/100|[from] Stealth Rock\n|turn|7\n|\n|t:|1699748548\n|detailschange|p2a: Gardevoir|Gardevoir-Mega, F, shiny\n|-mega|p2a: Gardevoir|Gardevoir|Gardevoirite\n|move|p2a: Gardevoir|Hyper Voice|p1a: Tusk Boi\n|-damage|p1a: Tusk Boi|2\/100\n|move|p1a: Tusk Boi|Earthquake|p2a: Gardevoir\n|-damage|p2a: Gardevoir|15\/100\n|\n|-heal|p1a: Tusk Boi|9\/100|[from] item: Leftovers\n|upkeep\n|turn|8\n|\n|t:|1699748557\n|move|p1a: Tusk Boi|Ice Shard|p2a: Gardevoir\n|-damage|p2a: Gardevoir|0 fnt\n|faint|p2a: Gardevoir\n|\n|-heal|p1a: Tusk Boi|15\/100|[from] item: Leftovers\n|upkeep\n|\n|t:|1699748562\n|switch|p2a: Tapu Koko|Tapu Koko, shiny|100\/100\n|-fieldstart|move: Electric Terrain|[from] ability: Electric Surge|[of] p2a: Tapu Koko\n|turn|9\n|\n|t:|1699748575\n|switch|p1a: French Fry|Magnezone|100\/100\n|-damage|p1a: French Fry|94\/100|[from] Stealth Rock\n|-item|p1a: French Fry|Air Balloon\n|move|p2a: Tapu Koko|Volt Switch|p1a: French Fry\n|-resisted|p1a: French Fry\n|-damage|p1a: French Fry|74\/100\n|-enditem|p1a: French Fry|Air Balloon\n|\n|t:|1699748585\n|switch|p2a: Hawlucha|Hawlucha, F, shiny|100\/100|[from] Volt Switch\n|-enditem|p2a: Hawlucha|Electric Seed\n|-boost|p2a: Hawlucha|def|1|[from] item: Electric Seed\n|\n|upkeep\n|turn|10\n|\n|t:|1699748592\n|switch|p1a: William|Chandelure, M|100\/100\n|-damage|p1a: William|76\/100|[from] Stealth Rock\n|move|p2a: Hawlucha|High Jump Kick|p1a: William\n|-immune|p1a: William\n|-damage|p2a: Hawlucha|51\/100|[from] highjumpkick\n|\n|-heal|p1a: William|82\/100|[from] item: Leftovers\n|upkeep\n|turn|11\n|\n|t:|1699748605\n|move|p2a: Hawlucha|Acrobatics|p1a: William\n|-damage|p1a: William|18\/100\n|move|p1a: William|Shadow Ball|p2a: Hawlucha\n|-damage|p2a: Hawlucha|0 fnt\n|faint|p2a: Hawlucha\n|\n|-heal|p1a: William|24\/100|[from] item: Leftovers\n|upkeep\n|\n|t:|1699748611\n|switch|p2a: Tapu Koko|Tapu Koko, shiny|100\/100\n|turn|12\n|\n|t:|1699748617\n|move|p2a: Tapu Koko|Volt Switch|p1a: William\n|-damage|p1a: William|0 fnt\n|faint|p1a: William\n|\n|t:|1699748623\n|switch|p2a: Kartana|Kartana, shiny|28\/100|[from] Volt Switch\n|\n|upkeep\n|\n|t:|1699748628\n|switch|p1a: Masked Muscle|Hawlucha, M|100\/100\n|-damage|p1a: Masked Muscle|88\/100|[from] Stealth Rock\n|-ability|p1a: Masked Muscle|Mold Breaker\n|turn|13\n|\n|t:|1699748642\n|move|p1a: Masked Muscle|Swords Dance|p1a: Masked Muscle\n|-boost|p1a: Masked Muscle|atk|2\n|move|p2a: Kartana|Knock Off|p1a: Masked Muscle\n|-resisted|p1a: Masked Muscle\n|-damage|p1a: Masked Muscle|68\/100\n|\n|-fieldend|move: Electric Terrain\n|upkeep\n|turn|14\n|\n|t:|1699748655\n|move|p1a: Masked Muscle|Drain Punch|p2a: Kartana\n|-supereffective|p2a: Kartana\n|-damage|p2a: Kartana|0 fnt\n|-heal|p1a: Masked Muscle|80\/100|[from] drain|[of] p2a: Kartana\n|faint|p2a: Kartana\n|\n|upkeep\n|\n|t:|1699748661\n|switch|p2a: Jirachi|Jirachi, shiny|100\/100\n|turn|15\n|\n|t:|1699748673\n|move|p1a: Masked Muscle|Drain Punch|p2a: Jirachi\n|-damage|p2a: Jirachi|40\/100\n|-heal|p1a: Masked Muscle|100\/100|[from] drain|[of] p2a: Jirachi\n|-zpower|p2a: Jirachi\n|move|p2a: Jirachi|Z-Happy Hour|p2a: Jirachi|[anim]Happy Hour\n|-boost|p2a: Jirachi|atk|1|[zeffect]\n|-boost|p2a: Jirachi|def|1|[zeffect]\n|-boost|p2a: Jirachi|spa|1|[zeffect]\n|-boost|p2a: Jirachi|spd|1|[zeffect]\n|-boost|p2a: Jirachi|spe|1|[zeffect]\n|\n|upkeep\n|turn|16\n|\n|t:|1699748682\n|move|p2a: Jirachi|Zen Headbutt|p1a: Masked Muscle\n|-supereffective|p1a: Masked Muscle\n|-damage|p1a: Masked Muscle|0 fnt\n|faint|p1a: Masked Muscle\n|\n|upkeep\n|\n|t:|1699748688\n|switch|p1a: Tusk Boi|Mamoswine, M|15\/100\n|-damage|p1a: Tusk Boi|2\/100|[from] Stealth Rock\n|turn|17\n|\n|t:|1699748693\n|move|p1a: Tusk Boi|Ice Shard|p2a: Jirachi\n|-resisted|p2a: Jirachi\n|-damage|p2a: Jirachi|33\/100\n|move|p2a: Jirachi|Drain Punch|p1a: Tusk Boi\n|-supereffective|p1a: Tusk Boi\n|-damage|p1a: Tusk Boi|0 fnt\n|-heal|p2a: Jirachi|34\/100|[from] drain|[of] p1a: Tusk Boi\n|faint|p1a: Tusk Boi\n|\n|upkeep\n|\n|t:|1699748701\n|switch|p1a: French Fry|Magnezone|74\/100\n|-damage|p1a: French Fry|68\/100|[from] Stealth Rock\n|turn|18\n|\n|t:|1699748705\n|move|p2a: Jirachi|Drain Punch|p1a: French Fry\n|-supereffective|p1a: French Fry\n|-damage|p1a: French Fry|2\/100\n|-heal|p2a: Jirachi|65\/100|[from] drain|[of] p1a: French Fry\n|move|p1a: French Fry|Thunderbolt|p2a: Jirachi\n|-damage|p2a: Jirachi|35\/100\n|\n|upkeep\n|turn|19\n|\n|t:|1699748716\n|-terastallize|p1a: French Fry|Electric\n|move|p2a: Jirachi|Drain Punch|p1a: French Fry\n|-damage|p1a: French Fry|0 fnt\n|-heal|p2a: Jirachi|36\/100|[from] drain|[of] p1a: French Fry\n|faint|p1a: French Fry\n|\n|win|lYLxuanxuan\n|raw|Mr. Sandile's rating: 1264 &rarr; <strong>1244<\/strong><br \/>(-20 for losing)\n|raw|lYLxuanxuan's rating: 1333 &rarr; <strong>1349<\/strong><br \/>(+16 for winning)\n|l|\u2606Mr. Sandile\n","uploadtime":1699748738,"views":10,"p1id":"mrsandile","p2id":"lylxuanxuan","formatid":"gen9nationaldex","rating":1244,"private":0,"password":""}