{"id":"gen9nationaldex-1991599910","p1":"Ryan&Ditto","p2":"Aceman2798","format":"[Gen 9] National Dex","log":"|j|\u2606Ryan&Ditto\n|j|\u2606Aceman2798\n|t:|1700092746\n|gametype|singles\n|player|p1|Ryan&Ditto|unknown|\n|player|p2|Aceman2798|2|\n|teamsize|p1|6\n|teamsize|p2|6\n|gen|9\n|tier|[Gen 9] National Dex\n|rule|HP Percentage Mod: HP is shown in percentages\n|rule|Endless Battle Clause: Forcing endless battles is banned\n|rule|OHKO Clause: OHKO moves are banned\n|rule|Evasion Clause: Evasion abilities, items, and moves are banned\n|rule|Evasion Abilities Clause: Evasion abilities are banned\n|rule|Evasion Items Clause: Evasion items are banned\n|rule|Evasion Moves Clause: Evasion moves are banned\n|rule|Species Clause: Limit one of each Pok\u00e9mon\n|rule|Sleep Clause Mod: Limit one foe put to sleep\n|clearpoke\n|poke|p1|Starmie|\n|poke|p1|Gyarados, M|\n|poke|p1|Alomomola, M|\n|poke|p1|Gastrodon-East, M|\n|poke|p1|Lanturn, M|\n|poke|p1|Pincurchin, M|\n|poke|p2|Gyarados, M|\n|poke|p2|Pincurchin, F|\n|poke|p2|Sharpedo, M|\n|poke|p2|Tentacruel, M|\n|poke|p2|Cloyster, M|\n|poke|p2|Starmie|\n|teampreview\n|c|\u2606Ryan&Ditto|glhf!\n|\n|t:|1700092782\n|start\n|switch|p1a: power outage 2|Lanturn, M|100\/100\n|switch|p2a: Gyarados|Gyarados, M|100\/100\n|turn|1\n|\n|t:|1700092792\n|-terastallize|p2a: Gyarados|Poison\n|move|p2a: Gyarados|Substitute|p2a: Gyarados\n|-start|p2a: Gyarados|Substitute\n|-damage|p2a: Gyarados|76\/100\n|move|p1a: power outage 2|Volt Switch|p2a: Gyarados\n|-activate|p2a: Gyarados|move: Substitute|[damage]\n|\n|t:|1700092807\n|switch|p1a: powercreep :(|Starmie|100\/100|[from] Volt Switch\n|\n|-heal|p2a: Gyarados|82\/100|[from] item: Leftovers\n|upkeep\n|turn|2\n|\n|t:|1700092823\n|move|p1a: powercreep :(|Psychic|p2a: Gyarados\n|-supereffective|p2a: Gyarados\n|-crit|p2a: Gyarados\n|-end|p2a: Gyarados|Substitute\n|move|p2a: Gyarados|Earthquake|p1a: powercreep :(\n|-damage|p1a: powercreep :(|59\/100\n|\n|-heal|p2a: Gyarados|88\/100|[from] item: Leftovers\n|upkeep\n|turn|3\n|\n|t:|1700092830\n|switch|p2a: Sharpedo|Sharpedo, M|100\/100\n|move|p1a: powercreep :(|Psychic|p2a: Sharpedo\n|-immune|p2a: Sharpedo\n|\n|upkeep\n|turn|4\n|\n|t:|1700092840\n|switch|p1a: power to the king|Alomomola, M|100\/100\n|move|p2a: Sharpedo|Protect||[still]\n|-fail|p2a: Sharpedo\n|\n|-ability|p2a: Sharpedo|Speed Boost|boost\n|-boost|p2a: Sharpedo|spe|1\n|upkeep\n|turn|5\n|\n|t:|1700092846\n|move|p2a: Sharpedo|Taunt|p1a: power to the king\n|-start|p1a: power to the king|move: Taunt\n|cant|p1a: power to the king|move: Taunt|Toxic\n|\n|-ability|p2a: Sharpedo|Speed Boost|boost\n|-boost|p2a: Sharpedo|spe|1\n|upkeep\n|turn|6\n|\n|t:|1700092849\n|move|p2a: Sharpedo|Toxic|p1a: power to the king\n|-status|p1a: power to the king|tox\n|move|p1a: power to the king|Flip Turn|p2a: Sharpedo\n|-resisted|p2a: Sharpedo\n|-damage|p2a: Sharpedo|81\/100\n|\n|t:|1700092858\n|switch|p1a: power outage|Pincurchin, M|100\/100|[from] Flip Turn\n|-fieldstart|move: Electric Terrain|[from] ability: Electric Surge|[of] p1a: power outage\n|\n|-ability|p2a: Sharpedo|Speed Boost|boost\n|-boost|p2a: Sharpedo|spe|1\n|upkeep\n|turn|7\n|\n|t:|1700092869\n|switch|p2a: Pincurchin|Pincurchin, F|100\/100\n|move|p1a: power outage|Rising Voltage|p2a: Pincurchin\n|-hint|Rising Voltage's BP doubled on grounded target.\n|-resisted|p2a: Pincurchin\n|-damage|p2a: Pincurchin|50\/100\n|\n|upkeep\n|turn|8\n|\n|t:|1700092878\n|switch|p1a: power outage 2|Lanturn, M|100\/100\n|move|p2a: Pincurchin|Recover|p2a: Pincurchin\n|-heal|p2a: Pincurchin|99\/100\n|\n|upkeep\n|turn|9\n|\n|t:|1700092884\n|move|p1a: power outage 2|Toxic|p2a: Pincurchin\n|-status|p2a: Pincurchin|tox\n|move|p2a: Pincurchin|Spikes|p1a: power outage 2\n|-sidestart|p1: Ryan&Ditto|Spikes\n|\n|-damage|p2a: Pincurchin|94\/100 tox|[from] psn\n|upkeep\n|turn|10\n|\n|t:|1700092890\n|move|p1a: power outage 2|Volt Switch|p2a: Pincurchin\n|-resisted|p2a: Pincurchin\n|-damage|p2a: Pincurchin|78\/100 tox\n|\n|t:|1700092896\n|switch|p1a: power outage|Pincurchin, M|100\/100|[from] Volt Switch\n|-damage|p1a: power outage|88\/100|[from] Spikes\n|move|p2a: Pincurchin|Spikes|p1a: power outage\n|-sidestart|p1: Ryan&Ditto|Spikes\n|\n|-damage|p2a: Pincurchin|66\/100 tox|[from] psn\n|-fieldend|move: Electric Terrain\n|upkeep\n|turn|11\n|\n|t:|1700092910\n|switch|p1a: power outage 2|Lanturn, M|100\/100\n|-damage|p1a: power outage 2|84\/100|[from] Spikes\n|switch|p2a: Gyarados|Gyarados, M, tera:Poison|88\/100\n|\n|-heal|p2a: Gyarados|94\/100|[from] item: Leftovers\n|-heal|p1a: power outage 2|90\/100|[from] item: Leftovers\n|upkeep\n|turn|12\n|\n|t:|1700092917\n|move|p2a: Gyarados|Substitute|p2a: Gyarados\n|-start|p2a: Gyarados|Substitute\n|-damage|p2a: Gyarados|69\/100\n|move|p1a: power outage 2|Volt Switch|p2a: Gyarados\n|-activate|p2a: Gyarados|move: Substitute|[damage]\n|\n|t:|1700092949\n|switch|p1a: power in the name|Gastrodon-East, M|100\/100|[from] Volt Switch\n|-damage|p1a: power in the name|84\/100|[from] Spikes\n|\n|-heal|p2a: Gyarados|75\/100|[from] item: Leftovers\n|-heal|p1a: power in the name|90\/100|[from] item: Leftovers\n|upkeep\n|turn|13\n|\n|t:|1700092953\n|move|p2a: Gyarados|Dragon Dance|p2a: Gyarados\n|-boost|p2a: Gyarados|atk|1\n|-boost|p2a: Gyarados|spe|1\n|move|p1a: power in the name|Earth Power|p2a: Gyarados\n|-supereffective|p2a: Gyarados\n|-end|p2a: Gyarados|Substitute\n|\n|-heal|p2a: Gyarados|81\/100|[from] item: Leftovers\n|-heal|p1a: power in the name|96\/100|[from] item: Leftovers\n|upkeep\n|turn|14\n|\n|t:|1700092970\n|switch|p2a: Tentacruel|Tentacruel, M|100\/100\n|move|p1a: power in the name|Earth Power|p2a: Tentacruel\n|-supereffective|p2a: Tentacruel\n|-damage|p2a: Tentacruel|65\/100\n|\n|-heal|p2a: Tentacruel|71\/100|[from] item: Black Sludge\n|-heal|p1a: power in the name|100\/100|[from] item: Leftovers\n|upkeep\n|turn|15\n|j| Horse95\n|\n|t:|1700092977\n|move|p2a: Tentacruel|Acid Spray|p1a: power in the name\n|-resisted|p1a: power in the name\n|-damage|p1a: power in the name|97\/100\n|-unboost|p1a: power in the name|spd|2\n|move|p1a: power in the name|Earth Power|p2a: Tentacruel\n|-supereffective|p2a: Tentacruel\n|-damage|p2a: Tentacruel|38\/100\n|-unboost|p2a: Tentacruel|spd|1\n|\n|-heal|p2a: Tentacruel|44\/100|[from] item: Black Sludge\n|-heal|p1a: power in the name|100\/100|[from] item: Leftovers\n|upkeep\n|turn|16\n|\n|t:|1700092984\n|move|p2a: Tentacruel|Giga Drain|p1a: power in the name\n|-supereffective|p1a: power in the name\n|-damage|p1a: power in the name|12\/100\n|-heal|p2a: Tentacruel|96\/100|[from] drain|[of] p1a: power in the name\n|move|p1a: power in the name|Earth Power|p2a: Tentacruel\n|-supereffective|p2a: Tentacruel\n|-damage|p2a: Tentacruel|46\/100\n|\n|-heal|p2a: Tentacruel|52\/100|[from] item: Black Sludge\n|-heal|p1a: power in the name|18\/100|[from] item: Leftovers\n|upkeep\n|turn|17\n|\n|t:|1700093004\n|move|p2a: Tentacruel|Giga Drain|p1a: power in the name\n|-supereffective|p1a: power in the name\n|-damage|p1a: power in the name|0 fnt\n|-heal|p2a: Tentacruel|63\/100|[from] drain|[of] p1a: power in the name\n|faint|p1a: power in the name\n|\n|-heal|p2a: Tentacruel|69\/100|[from] item: Black Sludge\n|upkeep\n|\n|t:|1700093006\n|switch|p1a: POWERRRRRR|Gyarados, M|100\/100\n|-ability|p1a: POWERRRRRR|Intimidate|boost\n|-unboost|p2a: Tentacruel|atk|1\n|turn|18\n|\n|t:|1700093010\n|switch|p2a: Cloyster|Cloyster, M|100\/100\n|move|p1a: POWERRRRRR|Substitute|p1a: POWERRRRRR\n|-start|p1a: POWERRRRRR|Substitute\n|-damage|p1a: POWERRRRRR|76\/100\n|\n|upkeep\n|turn|19\n|\n|t:|1700093015\n|move|p1a: POWERRRRRR|Crunch|p2a: Cloyster\n|-damage|p2a: Cloyster|76\/100\n|-unboost|p2a: Cloyster|def|1\n|move|p2a: Cloyster|Shell Smash|p2a: Cloyster\n|-unboost|p2a: Cloyster|def|1\n|-unboost|p2a: Cloyster|spd|1\n|-boost|p2a: Cloyster|atk|2\n|-boost|p2a: Cloyster|spa|2\n|-boost|p2a: Cloyster|spe|2\n|\n|upkeep\n|turn|20\n|\n|t:|1700093028\n|detailschange|p1a: POWERRRRRR|Gyarados-Mega, M\n|-mega|p1a: POWERRRRRR|Gyarados|Gyaradosite\n|-ability|p1a: POWERRRRRR|Mold Breaker\n|move|p2a: Cloyster|Rock Blast|p1a: POWERRRRRR\n|-activate|p1a: POWERRRRRR|move: Substitute|[damage]\n|-end|p1a: POWERRRRRR|Substitute\n|-damage|p1a: POWERRRRRR|62\/100\n|-damage|p1a: POWERRRRRR|46\/100\n|-damage|p1a: POWERRRRRR|31\/100\n|-hitcount|p1a: POWERRRRRR|5\n|move|p1a: POWERRRRRR|Crunch|p2a: Cloyster\n|-damage|p2a: Cloyster|0 fnt\n|faint|p2a: Cloyster\n|\n|upkeep\n|\n|t:|1700093051\n|switch|p2a: Starmie|Starmie|100\/100\n|turn|21\n|\n|t:|1700093056\n|switch|p1a: power outage 2|Lanturn, M|90\/100\n|-damage|p1a: power outage 2|74\/100|[from] Spikes\n|move|p2a: Starmie|Thunderbolt|p1a: power outage 2\n|-heal|p1a: power outage 2|99\/100|[from] ability: Volt Absorb|[of] p2a: Starmie\n|\n|-heal|p1a: power outage 2|100\/100|[from] item: Leftovers\n|upkeep\n|turn|22\n|\n|t:|1700093063\n|switch|p2a: Pincurchin|Pincurchin, F|66\/100 tox\n|-fieldstart|move: Electric Terrain|[from] ability: Electric Surge|[of] p2a: Pincurchin\n|move|p1a: power outage 2|Volt Switch|p2a: Pincurchin\n|-resisted|p2a: Pincurchin\n|-damage|p2a: Pincurchin|50\/100 tox\n|\n|t:|1700093071\n|switch|p1a: POWERRRRRR|Gyarados-Mega, M|31\/100|[from] Volt Switch\n|-damage|p1a: POWERRRRRR|14\/100|[from] Spikes\n|-ability|p1a: POWERRRRRR|Mold Breaker\n|\n|-damage|p2a: Pincurchin|44\/100 tox|[from] psn\n|upkeep\n|turn|23\n|\n|t:|1700093074\n|move|p2a: Pincurchin|Sucker Punch|p1a: POWERRRRRR\n|-resisted|p1a: POWERRRRRR\n|-crit|p1a: POWERRRRRR\n|-damage|p1a: POWERRRRRR|2\/100\n|move|p1a: POWERRRRRR|Earthquake|p2a: Pincurchin\n|-supereffective|p2a: Pincurchin\n|-damage|p2a: Pincurchin|0 fnt\n|faint|p2a: Pincurchin\n|\n|upkeep\n|\n|t:|1700093082\n|switch|p2a: Starmie|Starmie|100\/100\n|turn|24\n|\n|t:|1700093085\n|move|p2a: Starmie|Thunderbolt|p1a: POWERRRRRR\n|-supereffective|p1a: POWERRRRRR\n|-damage|p1a: POWERRRRRR|0 fnt\n|faint|p1a: POWERRRRRR\n|\n|upkeep\n|\n|t:|1700093089\n|switch|p1a: power outage 2|Lanturn, M|100\/100\n|-damage|p1a: power outage 2|84\/100|[from] Spikes\n|turn|25\n|\n|t:|1700093096\n|switch|p2a: Gyarados|Gyarados, M, tera:Poison|81\/100\n|move|p1a: power outage 2|Volt Switch|p2a: Gyarados\n|-damage|p2a: Gyarados|60\/100\n|\n|t:|1700093100\n|switch|p1a: powercreep :(|Starmie|59\/100|[from] Volt Switch\n|-damage|p1a: powercreep :(|43\/100|[from] Spikes\n|\n|-heal|p2a: Gyarados|66\/100|[from] item: Leftovers\n|upkeep\n|turn|26\n|\n|t:|1700093111\n|switch|p2a: Tentacruel|Tentacruel, M|69\/100\n|move|p1a: powercreep :(|Thunderbolt|p2a: Tentacruel\n|-supereffective|p2a: Tentacruel\n|-damage|p2a: Tentacruel|22\/100\n|\n|-heal|p2a: Tentacruel|28\/100|[from] item: Black Sludge\n|-fieldend|move: Electric Terrain\n|upkeep\n|turn|27\n|\n|t:|1700093117\n|move|p1a: powercreep :(|Thunderbolt|p2a: Tentacruel\n|-supereffective|p2a: Tentacruel\n|-damage|p2a: Tentacruel|0 fnt\n|faint|p2a: Tentacruel\n|\n|upkeep\n|\n|t:|1700093122\n|switch|p2a: Gyarados|Gyarados, M, tera:Poison|66\/100\n|turn|28\n|\n|t:|1700093126\n|move|p1a: powercreep :(|Psychic|p2a: Gyarados\n|-supereffective|p2a: Gyarados\n|-damage|p2a: Gyarados|0 fnt\n|faint|p2a: Gyarados\n|\n|upkeep\n|\n|t:|1700093133\n|switch|p2a: Starmie|Starmie|100\/100\n|turn|29\n|\n|t:|1700093151\n|switch|p1a: power outage 2|Lanturn, M|84\/100\n|-damage|p1a: power outage 2|67\/100|[from] Spikes\n|move|p2a: Starmie|Psychic|p1a: power outage 2\n|-damage|p1a: power outage 2|41\/100\n|\n|-heal|p1a: power outage 2|48\/100|[from] item: Leftovers\n|upkeep\n|turn|30\n|\n|t:|1700093167\n|move|p2a: Starmie|Psychic|p1a: power outage 2\n|-damage|p1a: power outage 2|21\/100\n|move|p1a: power outage 2|Volt Switch|p2a: Starmie\n|-supereffective|p2a: Starmie\n|-damage|p2a: Starmie|47\/100\n|c|\u2606Aceman2798|gg\n|\n|t:|1700093201\n|switch|p1a: powercreep :(|Starmie|43\/100|[from] Volt Switch\n|-damage|p1a: powercreep :(|26\/100|[from] Spikes\n|\n|upkeep\n|turn|31\n|\n|t:|1700093211\n|move|p2a: Starmie|Psychic|p1a: powercreep :(\n|-resisted|p1a: powercreep :(\n|-damage|p1a: powercreep :(|0 fnt\n|faint|p1a: powercreep :(\n|\n|upkeep\n|\n|t:|1700093218\n|switch|p1a: power outage|Pincurchin, M|88\/100\n|-damage|p1a: power outage|71\/100|[from] Spikes\n|-fieldstart|move: Electric Terrain|[from] ability: Electric Surge|[of] p1a: power outage\n|turn|32\n|\n|t:|1700093233\n|move|p2a: Starmie|Psychic|p1a: power outage\n|-damage|p1a: power outage|16\/100\n|move|p1a: power outage|Rising Voltage|p2a: Starmie\n|-hint|Rising Voltage's BP doubled on grounded target.\n|-supereffective|p2a: Starmie\n|-damage|p2a: Starmie|0 fnt\n|faint|p2a: Starmie\n|\n|upkeep\n|\n|t:|1700093235\n|switch|p2a: Sharpedo|Sharpedo, M|81\/100\n|turn|33\n|c|\u2606Aceman2798|wait\n|c|\u2606Ryan&Ditto|yeah its not over\n|c|\u2606Ryan&Ditto|lol\n|\n|t:|1700093257\n|move|p2a: Sharpedo|Psychic Fangs|p1a: power outage\n|-damage|p1a: power outage|0 fnt\n|faint|p1a: power outage\n|\n|-ability|p2a: Sharpedo|Speed Boost|boost\n|-boost|p2a: Sharpedo|spe|1\n|upkeep\n|\n|t:|1700093265\n|switch|p1a: power to the king|Alomomola, M|100\/100 tox\n|-damage|p1a: power to the king|84\/100 tox|[from] Spikes\n|turn|34\n|\n|t:|1700093276\n|move|p2a: Sharpedo|Protect|p2a: Sharpedo\n|-singleturn|p2a: Sharpedo|Protect\n|move|p1a: power to the king|Flip Turn|p2a: Sharpedo\n|-activate|p2a: Sharpedo|move: Protect\n|\n|-damage|p1a: power to the king|78\/100 tox|[from] psn\n|-ability|p2a: Sharpedo|Speed Boost|boost\n|-boost|p2a: Sharpedo|spe|1\n|upkeep\n|turn|35\n|\n|t:|1700093287\n|move|p2a: Sharpedo|Taunt|p1a: power to the king\n|-start|p1a: power to the king|move: Taunt\n|move|p1a: power to the king|Flip Turn|p2a: Sharpedo\n|-resisted|p2a: Sharpedo\n|-damage|p2a: Sharpedo|61\/100\n|\n|t:|1700093289\n|switch|p1a: power outage 2|Lanturn, M|21\/100|[from] Flip Turn\n|-damage|p1a: power outage 2|5\/100|[from] Spikes\n|\n|-heal|p1a: power outage 2|11\/100|[from] item: Leftovers\n|-ability|p2a: Sharpedo|Speed Boost|boost\n|-boost|p2a: Sharpedo|spe|1\n|upkeep\n|turn|36\n|\n|t:|1700093292\n|switch|p1a: power to the king|Alomomola, M|100\/100 tox\n|-damage|p1a: power to the king|84\/100 tox|[from] Spikes\n|move|p2a: Sharpedo|Psychic Fangs|p1a: power to the king\n|-damage|p1a: power to the king|69\/100 tox\n|\n|-damage|p1a: power to the king|63\/100 tox|[from] psn\n|-fieldend|move: Electric Terrain\n|-ability|p2a: Sharpedo|Speed Boost|boost\n|-boost|p2a: Sharpedo|spe|1\n|upkeep\n|turn|37\n|\n|t:|1700093299\n|move|p2a: Sharpedo|Protect|p2a: Sharpedo\n|-singleturn|p2a: Sharpedo|Protect\n|move|p1a: power to the king|Wish|p1a: power to the king\n|\n|-damage|p1a: power to the king|51\/100 tox|[from] psn\n|-ability|p2a: Sharpedo|Speed Boost|boost\n|-boost|p2a: Sharpedo|spe|1\n|upkeep\n|turn|38\n|\n|t:|1700093308\n|detailschange|p2a: Sharpedo|Sharpedo-Mega, M\n|-mega|p2a: Sharpedo|Sharpedo|Sharpedonite\n|move|p1a: power to the king|Protect|p1a: power to the king\n|-singleturn|p1a: power to the king|Protect\n|move|p2a: Sharpedo|Psychic Fangs|p1a: power to the king\n|-activate|p1a: power to the king|move: Protect\n|\n|-heal|p1a: power to the king|100\/100 tox|[from] move: Wish|[wisher] power to the king\n|-damage|p1a: power to the king|82\/100 tox|[from] psn\n|upkeep\n|turn|39\n|\n|t:|1700093316\n|move|p2a: Sharpedo|Taunt|p1a: power to the king\n|-start|p1a: power to the king|move: Taunt\n|move|p1a: power to the king|Flip Turn|p2a: Sharpedo\n|-resisted|p2a: Sharpedo\n|-damage|p2a: Sharpedo|47\/100\n|\n|t:|1700093318\n|switch|p1a: power outage 2|Lanturn, M|11\/100|[from] Flip Turn\n|-damage|p1a: power outage 2|0 fnt|[from] Spikes\n|faint|p1a: power outage 2\n|\n|upkeep\n|\n|t:|1700093320\n|switch|p1a: power to the king|Alomomola, M|100\/100 tox\n|-damage|p1a: power to the king|84\/100 tox|[from] Spikes\n|turn|40\n|c|\u2606Ryan&Ditto|damn\n|c|\u2606Ryan&Ditto|gg\n|\n|t:|1700093324\n|move|p2a: Sharpedo|Taunt|p1a: power to the king\n|-start|p1a: power to the king|move: Taunt\n|cant|p1a: power to the king|move: Taunt|Toxic\n|\n|-damage|p1a: power to the king|78\/100 tox|[from] psn\n|upkeep\n|turn|41\n|\n|t:|1700093328\n|move|p2a: Sharpedo|Protect|p2a: Sharpedo\n|-singleturn|p2a: Sharpedo|Protect\n|move|p1a: power to the king|Flip Turn|p2a: Sharpedo\n|-activate|p2a: Sharpedo|move: Protect\n|\n|-damage|p1a: power to the king|65\/100 tox|[from] psn\n|upkeep\n|turn|42\n|\n|t:|1700093330\n|-terastallize|p1a: power to the king|Grass\n|move|p2a: Sharpedo|Psychic Fangs|p1a: power to the king\n|-damage|p1a: power to the king|42\/100 tox\n|move|p1a: power to the king|Flip Turn|p2a: Sharpedo\n|-resisted|p2a: Sharpedo\n|-damage|p2a: Sharpedo|34\/100\n|\n|-damage|p1a: power to the king|23\/100 tox|[from] psn\n|-end|p1a: power to the king|move: Taunt\n|upkeep\n|turn|43\n|\n|t:|1700093336\n|move|p2a: Sharpedo|Taunt|p1a: power to the king\n|-start|p1a: power to the king|move: Taunt\n|move|p1a: power to the king|Flip Turn|p2a: Sharpedo\n|-resisted|p2a: Sharpedo\n|-damage|p2a: Sharpedo|21\/100\n|\n|-damage|p1a: power to the king|0 fnt|[from] psn\n|faint|p1a: power to the king\n|\n|win|Aceman2798\n|upkeep\n|c|\u2606Aceman2798|gg\n|l| Horse95\n","uploadtime":1700093345,"views":29,"p1id":"ryanditto","p2id":"aceman2798","formatid":"gen9nationaldex","rating":0,"private":0,"password":""}