{"id":"gen9nationaldex-1995933129","p1":"D_blackmamba24","p2":"Viruskilleryt2","format":"[Gen 9] National Dex","log":"|html|<div class=\"broadcast-blue\"><strong>[Gen 9] National Dex is currently suspecting Sneasler! For information on how to participate check out the <a href=\"https:\/\/www.smogon.com\/forums\/threads\/sv-national-dex-suspect-8-just-dance.3731534\/\">suspect thread<\/a>.<\/strong><\/div>\n|j|\u2606D_blackmamba24\n|j|\u2606Viruskilleryt2\n|t:|1700619005\n|gametype|singles\n|player|p1|D_blackmamba24|lucas|1204\n|player|p2|Viruskilleryt2|102|1203\n|teamsize|p1|6\n|teamsize|p2|6\n|gen|9\n|tier|[Gen 9] National Dex\n|rated|\n|rule|HP Percentage Mod: HP is shown in percentages\n|rule|Endless Battle Clause: Forcing endless battles is banned\n|rule|OHKO Clause: OHKO moves are banned\n|rule|Evasion Clause: Evasion abilities, items, and moves are banned\n|rule|Evasion Abilities Clause: Evasion abilities are banned\n|rule|Evasion Items Clause: Evasion items are banned\n|rule|Evasion Moves Clause: Evasion moves are banned\n|rule|Species Clause: Limit one of each Pok\u00e9mon\n|rule|Sleep Clause Mod: Limit one foe put to sleep\n|clearpoke\n|poke|p1|Ogerpon-Wellspring, F|\n|poke|p1|Great Tusk|\n|poke|p1|Goodra-Hisui, F|\n|poke|p1|Tapu Koko|\n|poke|p1|Aerodactyl, M|\n|poke|p1|Skeledirge, M|\n|poke|p2|Krookodile, F|\n|poke|p2|Greninja-*, F|\n|poke|p2|Charizard, F|\n|poke|p2|Kleavor, F|\n|poke|p2|Sceptile, F|\n|poke|p2|Toxtricity, F|\n|teampreview\n|\n|t:|1700619015\n|start\n|switch|p1a: Skeledirge|Skeledirge, M, shiny|100\/100\n|switch|p2a: the rockler|Kleavor, F|100\/100\n|turn|1\n|c|\u2606Viruskilleryt2|Skele croc has a animation now\n|inactive|Battle timer is ON: inactive players will automatically lose when time's up. (requested by D_blackmamba24)\n|c|\u2606Viruskilleryt2|neat\n|\n|t:|1700619032\n|move|p2a: the rockler|Stone Axe|p1a: Skeledirge\n|-supereffective|p1a: Skeledirge\n|-damage|p1a: Skeledirge|5\/100\n|-sidestart|p1: D_blackmamba24|move: Stealth Rock\n|-damage|p2a: the rockler|91\/100|[from] item: Life Orb\n|move|p1a: Skeledirge|Earth Power|p2a: the rockler\n|-damage|p2a: the rockler|54\/100\n|\n|upkeep\n|turn|2\n|c|\u2606D_blackmamba24|frr\n|c|\u2606Viruskilleryt2|Glhf\n|\n|t:|1700619047\n|move|p2a: the rockler|Stone Axe|p1a: Skeledirge\n|-supereffective|p1a: Skeledirge\n|-damage|p1a: Skeledirge|0 fnt\n|faint|p1a: Skeledirge\n|-damage|p2a: the rockler|44\/100|[from] item: Life Orb\n|\n|upkeep\n|\n|t:|1700619058\n|switch|p1a: Aerodactyl|Aerodactyl, M|100\/100\n|-damage|p1a: Aerodactyl|76\/100|[from] Stealth Rock\n|turn|3\n|\n|t:|1700619065\n|detailschange|p1a: Aerodactyl|Aerodactyl-Mega, M\n|-mega|p1a: Aerodactyl|Aerodactyl|Aerodactylite\n|move|p1a: Aerodactyl|Rock Slide|p2a: the rockler\n|-supereffective|p2a: the rockler\n|-crit|p2a: the rockler\n|-damage|p2a: the rockler|0 fnt\n|faint|p2a: the rockler\n|\n|upkeep\n|\n|t:|1700619079\n|switch|p2a: storm|Greninja, F|100\/100\n|turn|4\n|\n|t:|1700619103\n|switch|p1a: Ogerpon|Ogerpon-Wellspring, F|100\/100\n|-damage|p1a: Ogerpon|88\/100|[from] Stealth Rock\n|move|p2a: storm|Surf|p1a: Ogerpon\n|-start|p2a: storm|typechange|Water|[from] ability: Protean\n|-heal|p1a: Ogerpon|100\/100|[from] ability: Water Absorb|[of] p2a: storm\n|\n|upkeep\n|turn|5\n|\n|t:|1700619110\n|move|p1a: Ogerpon|Horn Leech|p2a: storm\n|-supereffective|p2a: storm\n|-damage|p2a: storm|6\/100\n|move|p2a: storm|U-turn|p1a: Ogerpon\n|-supereffective|p1a: Ogerpon\n|-damage|p1a: Ogerpon|64\/100\n|c|\u2606Viruskilleryt2|Wow 6%\n|c|\u2606Viruskilleryt2|They will get demolished on switch lol\n|\n|t:|1700619131\n|switch|p2a: slash|Sceptile, F|100\/100|[from] U-turn\n|\n|upkeep\n|turn|6\n|\n|t:|1700619145\n|switch|p1a: Great Tusk|Great Tusk, shiny|100\/100\n|-damage|p1a: Great Tusk|98\/100|[from] Stealth Rock\n|-enditem|p1a: Great Tusk|Booster Energy\n|-activate|p1a: Great Tusk|ability: Protosynthesis|[fromitem]\n|-start|p1a: Great Tusk|protosynthesisatk\n|move|p2a: slash|Endure||[still]\n|-fail|p2a: slash\n|\n|upkeep\n|turn|7\n|\n|t:|1700619153\n|move|p2a: slash|Leaf Blade|p1a: Great Tusk\n|-supereffective|p1a: Great Tusk\n|-damage|p1a: Great Tusk|53\/100\n|move|p1a: Great Tusk|Ice Spinner|p2a: slash\n|-supereffective|p2a: slash\n|-damage|p2a: slash|0 fnt\n|faint|p2a: slash\n|\n|upkeep\n|\n|t:|1700619157\n|switch|p2a: storm|Greninja, F|6\/100\n|turn|8\n|\n|t:|1700619178\n|-end|p1a: Great Tusk|Protosynthesis|[silent]\n|switch|p1a: Goodra|Goodra-Hisui, F, shiny|100\/100\n|-damage|p1a: Goodra|94\/100|[from] Stealth Rock\n|move|p2a: storm|Surf|p1a: Goodra\n|-start|p2a: storm|typechange|Water|[from] ability: Protean\n|-resisted|p1a: Goodra\n|-damage|p1a: Goodra|82\/100\n|\n|upkeep\n|turn|9\n|\n|t:|1700619186\n|move|p2a: storm|Ice Beam|p1a: Goodra\n|-damage|p1a: Goodra|67\/100\n|move|p1a: Goodra|Dragon Pulse|p2a: storm\n|-damage|p2a: storm|0 fnt\n|faint|p2a: storm\n|\n|upkeep\n|c|\u2606Viruskilleryt2|Oh yeah steel dragon\n|c|\u2606Viruskilleryt2|its confusing how it\u2019s a steel type\n|\n|t:|1700619209\n|switch|p2a: raxter|Krookodile, F|100\/100\n|turn|10\n|\n|t:|1700619220\n|move|p2a: raxter|Earthquake|p1a: Goodra\n|-supereffective|p1a: Goodra\n|-damage|p1a: Goodra|0 fnt\n|faint|p1a: Goodra\n|-ability|p2a: raxter|Moxie|boost\n|-boost|p2a: raxter|atk|1\n|-damage|p2a: raxter|91\/100|[from] item: Life Orb\n|\n|upkeep\n|\n|t:|1700619233\n|switch|p1a: Aerodactyl|Aerodactyl-Mega, M|76\/100\n|-damage|p1a: Aerodactyl|51\/100|[from] Stealth Rock\n|turn|11\n|\n|t:|1700619242\n|move|p1a: Aerodactyl|Ice Fang|p2a: raxter\n|-supereffective|p2a: raxter\n|-damage|p2a: raxter|0 fnt\n|faint|p2a: raxter\n|\n|upkeep\n|\n|t:|1700619251\n|switch|p2a: Toxtricity|Toxtricity, F, shiny|100\/100\n|turn|12\n|\n|t:|1700619268\n|-terastallize|p2a: Toxtricity|Normal\n|move|p1a: Aerodactyl|Rock Slide|p2a: Toxtricity\n|-damage|p2a: Toxtricity|37\/100\n|move|p2a: Toxtricity|Shift Gear|p2a: Toxtricity\n|-boost|p2a: Toxtricity|spe|2\n|-boost|p2a: Toxtricity|atk|1\n|\n|upkeep\n|turn|13\n|\n|t:|1700619281\n|move|p2a: Toxtricity|Boomburst|p1a: Aerodactyl\n|-resisted|p1a: Aerodactyl\n|-damage|p1a: Aerodactyl|8\/100\n|-enditem|p2a: Toxtricity|Throat Spray\n|-boost|p2a: Toxtricity|spa|1|[from] item: Throat Spray\n|move|p1a: Aerodactyl|Ice Fang|p2a: Toxtricity\n|-damage|p2a: Toxtricity|0 fnt\n|faint|p2a: Toxtricity\n|\n|upkeep\n|\n|t:|1700619284\n|switch|p2a: Charcoal|Charizard, F|100\/100\n|turn|14\n|c|\u2606Viruskilleryt2|Damn gg your gonna win this\n|\n|t:|1700619297\n|detailschange|p2a: Charcoal|Charizard-Mega-Y, F\n|-mega|p2a: Charcoal|Charizard|Charizardite Y\n|-weather|SunnyDay|[from] ability: Drought|[of] p2a: Charcoal\n|move|p1a: Aerodactyl|Rock Slide|p2a: Charcoal\n|-supereffective|p2a: Charcoal\n|-damage|p2a: Charcoal|0 fnt\n|faint|p2a: Charcoal\n|\n|win|D_blackmamba24\n|raw|D_blackmamba24's rating: 1204 &rarr; <strong>1229<\/strong><br \/>(+25 for winning)\n|raw|Viruskilleryt2's rating: 1203 &rarr; <strong>1178<\/strong><br \/>(-25 for losing)\n|c|\u2606D_blackmamba24|maybe not\n|c|\u2606Viruskilleryt2|yep gg\n","uploadtime":1700619306,"views":1,"p1id":"dblackmamba24","p2id":"viruskilleryt2","formatid":"gen9nationaldex","rating":1178,"private":0,"password":""}