{"id":"gen9nationaldex-1995525027","p1":"dragonmaster441","p2":"fuckpsyduck","format":"[Gen 9] National Dex","log":"|html|<div class=\"broadcast-blue\"><strong>[Gen 9] National Dex is currently suspecting Sneasler! For information on how to participate check out the <a href=\"https:\/\/www.smogon.com\/forums\/threads\/sv-national-dex-suspect-8-just-dance.3731534\/\">suspect thread<\/a>.<\/strong><\/div>\n|j|\u2606dragonmaster441\n|j|\u2606fuckpsyduck\n|t:|1700579788\n|gametype|singles\n|player|p1|dragonmaster441|bianca|1288\n|player|p2|fuckpsyduck|supernerd|1299\n|teamsize|p1|6\n|teamsize|p2|6\n|gen|9\n|tier|[Gen 9] National Dex\n|rated|\n|rule|HP Percentage Mod: HP is shown in percentages\n|rule|Endless Battle Clause: Forcing endless battles is banned\n|rule|OHKO Clause: OHKO moves are banned\n|rule|Evasion Clause: Evasion abilities, items, and moves are banned\n|rule|Evasion Abilities Clause: Evasion abilities are banned\n|rule|Evasion Items Clause: Evasion items are banned\n|rule|Evasion Moves Clause: Evasion moves are banned\n|rule|Species Clause: Limit one of each Pok\u00e9mon\n|rule|Sleep Clause Mod: Limit one foe put to sleep\n|clearpoke\n|poke|p1|Zapdos|\n|poke|p1|Heracross, M|\n|poke|p1|Pidgeot, M|\n|poke|p1|Samurott-Hisui, F|\n|poke|p1|Maushold-Four|\n|poke|p1|Weavile, F|\n|poke|p2|Typhlosion-Hisui, M|\n|poke|p2|Venusaur, M|\n|poke|p2|Torkoal, F|\n|poke|p2|Gallade, M|\n|poke|p2|Crustle, F|\n|poke|p2|Ditto|\n|teampreview\n|inactive|Battle timer is ON: inactive players will automatically lose when time's up. (requested by dragonmaster441)\n|c|\u2606dragonmaster441|hf\n|c|\u2606dragonmaster441|cool team!\n|c|\u2606fuckpsyduck|thx\n|\n|t:|1700579811\n|start\n|switch|p1a: eagleraptor truel?|Pidgeot, M|100\/100\n|switch|p2a: Turkoal|Torkoal, F|100\/100\n|-weather|SunnyDay|[from] ability: Drought|[of] p2a: Turkoal\n|turn|1\n|\n|t:|1700579820\n|detailschange|p1a: eagleraptor truel?|Pidgeot-Mega, M\n|-mega|p1a: eagleraptor truel?|Pidgeot|Pidgeotite\n|move|p1a: eagleraptor truel?|Swagger|p2a: Turkoal\n|-boost|p2a: Turkoal|atk|2\n|-start|p2a: Turkoal|confusion\n|-activate|p2a: Turkoal|confusion\n|move|p2a: Turkoal|Stealth Rock|p1a: eagleraptor truel?\n|-sidestart|p1: dragonmaster441|move: Stealth Rock\n|\n|-weather|SunnyDay|[upkeep]\n|upkeep\n|turn|2\n|\n|t:|1700579828\n|move|p1a: eagleraptor truel?|Toxic|p2a: Turkoal\n|-status|p2a: Turkoal|tox\n|-activate|p2a: Turkoal|confusion\n|move|p2a: Turkoal|Toxic|p1a: eagleraptor truel?\n|-status|p1a: eagleraptor truel?|tox\n|\n|-weather|SunnyDay|[upkeep]\n|-damage|p1a: eagleraptor truel?|94\/100 tox|[from] psn\n|-damage|p2a: Turkoal|94\/100 tox|[from] psn\n|upkeep\n|turn|3\n|\n|t:|1700579837\n|move|p1a: eagleraptor truel?|Hurricane|p2a: Turkoal\n|-damage|p2a: Turkoal|23\/100 tox\n|-end|p2a: Turkoal|confusion\n|move|p2a: Turkoal|Clear Smog|p1a: eagleraptor truel?\n|-damage|p1a: eagleraptor truel?|80\/100 tox\n|-clearboost|p1a: eagleraptor truel?\n|\n|-weather|SunnyDay|[upkeep]\n|-damage|p1a: eagleraptor truel?|68\/100 tox|[from] psn\n|-damage|p2a: Turkoal|11\/100 tox|[from] psn\n|upkeep\n|turn|4\n|\n|t:|1700579850\n|switch|p1a: 8-bit|Zapdos|100\/100\n|switch|p2a: Ditto|Ditto|100\/100\n|-transform|p2a: Ditto|p1a: 8-bit|[from] ability: Imposter\n|\n|-weather|SunnyDay|[upkeep]\n|upkeep\n|turn|5\n|\n|t:|1700579861\n|switch|p2a: Typhlosion|Typhlosion-Hisui, M|100\/100\n|move|p1a: 8-bit|Heat Wave|p2a: Typhlosion\n|-resisted|p2a: Typhlosion\n|-damage|p2a: Typhlosion|64\/100\n|\n|-weather|SunnyDay|[upkeep]\n|upkeep\n|turn|6\n|\n|t:|1700579866\n|-terastallize|p2a: Typhlosion|Fire\n|move|p2a: Typhlosion|Burn Up|p1a: 8-bit\n|-damage|p1a: 8-bit|0 fnt\n|-start|p2a: Typhlosion|typechange|Fire|[from] move: Burn Up\n|faint|p1a: 8-bit\n|\n|-weather|SunnyDay|[upkeep]\n|upkeep\n|\n|t:|1700579878\n|switch|p1a: DARK OLLY|Samurott-Hisui, F|100\/100\n|-damage|p1a: DARK OLLY|88\/100|[from] Stealth Rock\n|turn|7\n|\n|t:|1700579881\n|move|p2a: Typhlosion|Burn Up|p1a: DARK OLLY\n|-resisted|p1a: DARK OLLY\n|-damage|p1a: DARK OLLY|0 fnt\n|-start|p2a: Typhlosion|typechange|Fire|[from] move: Burn Up\n|faint|p1a: DARK OLLY\n|\n|-weather|SunnyDay|[upkeep]\n|upkeep\n|\n|t:|1700579895\n|switch|p1a: old ghost|Weavile, F|100\/100\n|turn|8\n|\n|t:|1700579897\n|move|p1a: old ghost|Ice Shard|p2a: Typhlosion\n|-resisted|p2a: Typhlosion\n|-damage|p2a: Typhlosion|49\/100\n|move|p2a: Typhlosion|Burn Up|p1a: old ghost\n|-supereffective|p1a: old ghost\n|-damage|p1a: old ghost|0 fnt\n|-start|p2a: Typhlosion|typechange|Fire|[from] move: Burn Up\n|faint|p1a: old ghost\n|\n|-weather|none\n|upkeep\n|\n|t:|1700579907\n|switch|p1a: strengthinnumbers|Maushold-Four|100\/100\n|-damage|p1a: strengthinnumbers|88\/100|[from] Stealth Rock\n|turn|9\n|\n|t:|1700579914\n|move|p2a: Typhlosion|Burn Up|p1a: strengthinnumbers\n|-damage|p1a: strengthinnumbers|0 fnt\n|-start|p2a: Typhlosion|typechange|Fire|[from] move: Burn Up\n|faint|p1a: strengthinnumbers\n|\n|upkeep\n|\n|t:|1700579918\n|switch|p1a: eagleraptor truel?|Pidgeot-Mega, M|68\/100 tox\n|-damage|p1a: eagleraptor truel?|43\/100 tox|[from] Stealth Rock\n|turn|10\n|\n|t:|1700579921\n|move|p2a: Typhlosion|Burn Up|p1a: eagleraptor truel?\n|-damage|p1a: eagleraptor truel?|0 fnt\n|-start|p2a: Typhlosion|typechange|Fire|[from] move: Burn Up\n|faint|p1a: eagleraptor truel?\n|\n|upkeep\n|\n|t:|1700579924\n|switch|p1a: azalean smoke|Heracross, M|100\/100\n|-damage|p1a: azalean smoke|88\/100|[from] Stealth Rock\n|turn|11\n|\n|t:|1700579926\n|-terastallize|p1a: azalean smoke|Rock\n|move|p2a: Typhlosion|Burn Up|p1a: azalean smoke\n|-resisted|p1a: azalean smoke\n|-damage|p1a: azalean smoke|38\/100\n|-start|p2a: Typhlosion|typechange|Fire|[from] move: Burn Up\n|move|p1a: azalean smoke|Rock Blast|p2a: Typhlosion\n|-supereffective|p2a: Typhlosion\n|-damage|p2a: Typhlosion|13\/100\n|-supereffective|p2a: Typhlosion\n|-damage|p2a: Typhlosion|0 fnt\n|faint|p2a: Typhlosion\n|-ability|p1a: azalean smoke|Moxie|boost\n|-boost|p1a: azalean smoke|atk|1\n|-hitcount|p2: Typhlosion|2\n|\n|upkeep\n|\n|t:|1700579932\n|switch|p2a: Turkoal|Torkoal, F|11\/100 tox\n|-weather|SunnyDay|[from] ability: Drought|[of] p2a: Turkoal\n|turn|12\n|\n|t:|1700579937\n|move|p1a: azalean smoke|Rock Blast|p2a: Turkoal|[miss]\n|-miss|p1a: azalean smoke|p2a: Turkoal\n|move|p2a: Turkoal|Clear Smog|p1a: azalean smoke\n|-resisted|p1a: azalean smoke\n|-damage|p1a: azalean smoke|33\/100\n|-clearboost|p1a: azalean smoke\n|\n|-weather|SunnyDay|[upkeep]\n|-damage|p2a: Turkoal|5\/100 tox|[from] psn\n|upkeep\n|turn|13\n|\n|t:|1700579943\n|move|p1a: azalean smoke|Rock Blast|p2a: Turkoal\n|-supereffective|p2a: Turkoal\n|-damage|p2a: Turkoal|0 fnt\n|faint|p2a: Turkoal\n|-ability|p1a: azalean smoke|Moxie|boost\n|-boost|p1a: azalean smoke|atk|1\n|-hitcount|p2: Turkoal|1\n|\n|-weather|SunnyDay|[upkeep]\n|upkeep\n|\n|t:|1700579944\n|switch|p2a: Venusaur|Venusaur, M|100\/100\n|turn|14\n|\n|t:|1700579947\n|move|p2a: Venusaur|Giga Drain|p1a: azalean smoke\n|-supereffective|p1a: azalean smoke\n|-damage|p1a: azalean smoke|0 fnt\n|faint|p1a: azalean smoke\n|\n|win|fuckpsyduck\n|raw|dragonmaster441's rating: 1288 &rarr; <strong>1264<\/strong><br \/>(-24 for losing)\n|raw|fuckpsyduck's rating: 1299 &rarr; <strong>1323<\/strong><br \/>(+24 for winning)\n|c|\u2606fuckpsyduck|gg\n","uploadtime":1700579950,"views":0,"p1id":"dragonmaster441","p2id":"fuckpsyduck","formatid":"gen9nationaldex","rating":1264,"private":0,"password":""}