{"id":"gen9nationaldex-1990494887","p1":"252525YRo252525","p2":"Amarutheone","format":"[Gen 9] National Dex","log":"|j|\u2606252525YRo252525\n|j|\u2606Amarutheone\n|t:|1699976072\n|gametype|singles\n|player|p1|252525YRo252525|blackbelt-gen4dp|\n|player|p2|Amarutheone|hilbert-masters|\n|teamsize|p1|6\n|teamsize|p2|6\n|gen|9\n|tier|[Gen 9] National Dex\n|rule|HP Percentage Mod: HP is shown in percentages\n|rule|Endless Battle Clause: Forcing endless battles is banned\n|rule|OHKO Clause: OHKO moves are banned\n|rule|Evasion Clause: Evasion abilities, items, and moves are banned\n|rule|Evasion Abilities Clause: Evasion abilities are banned\n|rule|Evasion Items Clause: Evasion items are banned\n|rule|Evasion Moves Clause: Evasion moves are banned\n|rule|Species Clause: Limit one of each Pok\u00e9mon\n|rule|Sleep Clause Mod: Limit one foe put to sleep\n|clearpoke\n|poke|p1|Pikachu, M|\n|poke|p1|Garchomp, M|\n|poke|p1|Iron Moth|\n|poke|p1|Empoleon, F|\n|poke|p1|Tyranitar, M|\n|poke|p1|Gallade, M|\n|poke|p2|Sceptile, M|\n|poke|p2|Meowstic, M|\n|poke|p2|Seismitoad, M|\n|poke|p2|Lucario, M|\n|poke|p2|Decidueye, M|\n|poke|p2|Tapu Koko|\n|teampreview\n|\n|t:|1699976099\n|start\n|switch|p1a: Juancarlos|Tyranitar, M|100\/100\n|switch|p2a: Decidueye|Decidueye, M|100\/100\n|-weather|Sandstorm|[from] ability: Sand Stream|[of] p1a: Juancarlos\n|turn|1\n|\n|t:|1699976110\n|-terastallize|p1a: Juancarlos|Rock\n|move|p1a: Juancarlos|Superpower|p2a: Decidueye\n|-immune|p2a: Decidueye\n|move|p2a: Decidueye|Leaf Blade|p1a: Juancarlos\n|-supereffective|p1a: Juancarlos\n|-damage|p1a: Juancarlos|36\/100\n|\n|-weather|Sandstorm|[upkeep]\n|-damage|p2a: Decidueye|94\/100|[from] Sandstorm\n|upkeep\n|turn|2\n|\n|t:|1699976130\n|move|p1a: Juancarlos|Superpower|p2a: Decidueye\n|-immune|p2a: Decidueye\n|move|p2a: Decidueye|Leaf Blade|p1a: Juancarlos\n|-supereffective|p1a: Juancarlos\n|-crit|p1a: Juancarlos\n|-damage|p1a: Juancarlos|0 fnt\n|faint|p1a: Juancarlos\n|\n|-weather|Sandstorm|[upkeep]\n|-damage|p2a: Decidueye|88\/100|[from] Sandstorm\n|upkeep\n|\n|t:|1699976142\n|switch|p1a: Empoleon|Empoleon, F|100\/100\n|turn|3\n|\n|t:|1699976156\n|move|p2a: Decidueye|Leaf Blade|p1a: Empoleon\n|-damage|p1a: Empoleon|56\/100\n|move|p1a: Empoleon|Roost|p1a: Empoleon\n|-heal|p1a: Empoleon|100\/100\n|-singleturn|p1a: Empoleon|move: Roost\n|\n|-weather|Sandstorm|[upkeep]\n|-damage|p2a: Decidueye|82\/100|[from] Sandstorm\n|upkeep\n|turn|4\n|\n|t:|1699976165\n|move|p2a: Decidueye|Poltergeist|p1a: Empoleon\n|-activate|p1a: Empoleon|move: Poltergeist|Leftovers\n|-damage|p1a: Empoleon|45\/100\n|move|p1a: Empoleon|Surf|p2a: Decidueye\n|-resisted|p2a: Decidueye\n|-crit|p2a: Decidueye\n|-damage|p2a: Decidueye|54\/100\n|\n|-weather|Sandstorm|[upkeep]\n|-damage|p2a: Decidueye|48\/100|[from] Sandstorm\n|-heal|p1a: Empoleon|52\/100|[from] item: Leftovers\n|upkeep\n|turn|5\n|\n|t:|1699976176\n|move|p2a: Decidueye|Poltergeist|p1a: Empoleon\n|-activate|p1a: Empoleon|move: Poltergeist|Leftovers\n|-damage|p1a: Empoleon|0 fnt\n|faint|p1a: Empoleon\n|\n|-weather|none\n|upkeep\n|\n|t:|1699976185\n|switch|p1a: Shinra|Garchomp, M|100\/100\n|turn|6\n|\n|t:|1699976192\n|switch|p2a: Phantom|Sceptile, M|100\/100\n|move|p1a: Shinra|Earthquake|p2a: Phantom\n|-resisted|p2a: Phantom\n|-damage|p2a: Phantom|45\/100\n|-damage|p1a: Shinra|91\/100|[from] item: Life Orb\n|\n|upkeep\n|turn|7\n|\n|t:|1699976200\n|detailschange|p2a: Phantom|Sceptile-Mega, M\n|-mega|p2a: Phantom|Sceptile|Sceptilite\n|move|p2a: Phantom|Dragon Pulse|p1a: Shinra\n|-supereffective|p1a: Shinra\n|-damage|p1a: Shinra|0 fnt\n|faint|p1a: Shinra\n|\n|upkeep\n|\n|t:|1699976207\n|switch|p1a: Iron Moth|Iron Moth|100\/100\n|-enditem|p1a: Iron Moth|Booster Energy\n|-activate|p1a: Iron Moth|ability: Quark Drive|[fromitem]\n|-start|p1a: Iron Moth|quarkdrivespa\n|turn|8\n|\n|t:|1699976214\n|move|p2a: Phantom|Earthquake|p1a: Iron Moth\n|-supereffective|p1a: Iron Moth\n|-damage|p1a: Iron Moth|0 fnt\n|faint|p1a: Iron Moth\n|-end|p1a: Iron Moth|Quark Drive|[silent]\n|\n|upkeep\n|\n|t:|1699976220\n|switch|p1a: Gallade|Gallade, M|100\/100\n|turn|9\n|\n|t:|1699976227\n|switch|p2a: Decidueye|Decidueye, M|48\/100\n|detailschange|p1a: Gallade|Gallade-Mega, M\n|-mega|p1a: Gallade|Gallade|Galladite\n|move|p1a: Gallade|Close Combat|p2a: Decidueye\n|-immune|p2a: Decidueye\n|\n|upkeep\n|turn|10\n|\n|t:|1699976238\n|switch|p1a: Pikachu|Pikachu, M|100\/100\n|move|p2a: Decidueye|Poltergeist|p1a: Pikachu\n|-activate|p1a: Pikachu|move: Poltergeist|Light Ball\n|-damage|p1a: Pikachu|0 fnt\n|faint|p1a: Pikachu\n|\n|upkeep\n|\n|t:|1699976246\n|switch|p1a: Gallade|Gallade-Mega, M|100\/100\n|turn|11\n|\n|t:|1699976252\n|move|p1a: Gallade|Close Combat|p2a: Decidueye\n|-immune|p2a: Decidueye\n|move|p2a: Decidueye|Poltergeist|p1a: Gallade\n|-activate|p1a: Gallade|move: Poltergeist|Galladite\n|-supereffective|p1a: Gallade\n|-damage|p1a: Gallade|0 fnt\n|faint|p1a: Gallade\n|\n|win|Amarutheone\n|l|\u2606252525YRo252525\n","uploadtime":1699976325,"views":3,"p1id":"252525yro252525","p2id":"amarutheone","formatid":"gen9nationaldex","rating":0,"private":0,"password":""}