{"id":"gen9nationaldex-1987028189","p1":"posiden72","p2":"Ribbit Mania","format":"[Gen 9] National Dex","log":"|j|\u2606posiden72\n|j|\u2606Ribbit Mania\n|t:|1699550229\n|gametype|singles\n|player|p1|posiden72|266|1147\n|player|p2|Ribbit Mania|skierf|1166\n|teamsize|p1|6\n|teamsize|p2|6\n|gen|9\n|tier|[Gen 9] National Dex\n|rated|\n|rule|HP Percentage Mod: HP is shown in percentages\n|rule|Endless Battle Clause: Forcing endless battles is banned\n|rule|OHKO Clause: OHKO moves are banned\n|rule|Evasion Clause: Evasion abilities, items, and moves are banned\n|rule|Evasion Abilities Clause: Evasion abilities are banned\n|rule|Evasion Items Clause: Evasion items are banned\n|rule|Evasion Moves Clause: Evasion moves are banned\n|rule|Species Clause: Limit one of each Pok\u00e9mon\n|rule|Sleep Clause Mod: Limit one foe put to sleep\n|clearpoke\n|poke|p1|Banette, M|\n|poke|p1|Seismitoad, F|\n|poke|p1|Garganacl, F|\n|poke|p1|Wyrdeer, M|\n|poke|p1|Chandelure, F|\n|poke|p1|Ferrothorn, F|\n|poke|p2|Ferrothorn, F|\n|poke|p2|Nidoking, M|\n|poke|p2|Ribombee, F|\n|poke|p2|Skarmory, F|\n|poke|p2|Pidgeot, F|\n|poke|p2|Pelipper, F|\n|teampreview\n|inactive|Battle timer is ON: inactive players will automatically lose when time's up. (requested by Ribbit Mania)\n|\n|t:|1699550237\n|start\n|switch|p1a: Garganacl|Garganacl, F|100\/100\n|switch|p2a: Ribombee|Ribombee, F|100\/100\n|turn|1\n|inactive|Ribbit Mania has 120 seconds left.\n|\n|t:|1699550282\n|move|p2a: Ribombee|Sticky Web|p1a: Garganacl\n|-sidestart|p1: posiden72|move: Sticky Web\n|move|p1a: Garganacl|Salt Cure|p2a: Ribombee\n|-supereffective|p2a: Ribombee\n|-damage|p2a: Ribombee|49\/100\n|\n|upkeep\n|turn|2\n|\n|t:|1699550287\n|switch|p2a: Nidoking|Nidoking, M|100\/100\n|-item|p2a: Nidoking|Air Balloon\n|move|p1a: Garganacl|Salt Cure|p2a: Nidoking\n|-resisted|p2a: Nidoking\n|-damage|p2a: Nidoking|90\/100\n|-start|p2a: Nidoking|Salt Cure\n|-enditem|p2a: Nidoking|Air Balloon\n|\n|-damage|p2a: Nidoking|78\/100|[from] Salt Cure\n|upkeep\n|turn|3\n|inactive|Ribbit Mania has 120 seconds left.\n|\n|t:|1699550304\n|switch|p1a: Ferrothorn|Ferrothorn, F|100\/100\n|-activate|p1a: Ferrothorn|move: Sticky Web\n|-unboost|p1a: Ferrothorn|spe|1\n|move|p2a: Nidoking|Dragon Tail|p1a: Ferrothorn\n|-resisted|p1a: Ferrothorn\n|-damage|p1a: Ferrothorn|95\/100\n|-damage|p2a: Nidoking|66\/100|[from] ability: Iron Barbs|[of] p1a: Ferrothorn\n|-damage|p2a: Nidoking|49\/100|[from] item: Rocky Helmet|[of] p1a: Ferrothorn\n|drag|p1a: Chandelure|Chandelure, F|100\/100\n|-activate|p1a: Chandelure|move: Sticky Web\n|-unboost|p1a: Chandelure|spe|1\n|\n|-damage|p2a: Nidoking|37\/100|[from] Salt Cure\n|upkeep\n|turn|4\n|\n|t:|1699550317\n|move|p2a: Nidoking|Poison Jab|p1a: Chandelure\n|-resisted|p1a: Chandelure\n|-damage|p1a: Chandelure|74\/100\n|-status|p1a: Chandelure|psn\n|move|p1a: Chandelure|Energy Ball|p2a: Nidoking\n|-damage|p2a: Nidoking|0 fnt\n|faint|p2a: Nidoking\n|\n|-damage|p1a: Chandelure|62\/100 psn|[from] psn\n|upkeep\n|\n|t:|1699550322\n|switch|p2a: Skarmory|Skarmory, F|100\/100\n|turn|5\n|\n|t:|1699550327\n|switch|p1a: Ferrothorn|Ferrothorn, F|95\/100\n|-activate|p1a: Ferrothorn|move: Sticky Web\n|-unboost|p1a: Ferrothorn|spe|1\n|move|p2a: Skarmory|Sky Attack||[still]\n|-prepare|p2a: Skarmory|Sky Attack\n|-enditem|p2a: Skarmory|Power Herb\n|-anim|p2a: Skarmory|Sky Attack|p1a: Ferrothorn\n|-crit|p1a: Ferrothorn\n|-damage|p1a: Ferrothorn|47\/100\n|\n|upkeep\n|turn|6\n|\n|t:|1699550339\n|move|p2a: Skarmory|Stealth Rock|p1a: Ferrothorn\n|-sidestart|p1: posiden72|move: Stealth Rock\n|move|p1a: Ferrothorn|Thunder Wave|p2a: Skarmory\n|-status|p2a: Skarmory|par\n|\n|upkeep\n|turn|7\n|\n|t:|1699550341\n|cant|p2a: Skarmory|par\n|move|p1a: Ferrothorn|Leech Seed|p2a: Skarmory\n|-start|p2a: Skarmory|move: Leech Seed\n|\n|-damage|p2a: Skarmory|88\/100 par|[from] Leech Seed|[of] p1a: Ferrothorn\n|-heal|p1a: Ferrothorn|57\/100|[silent]\n|upkeep\n|turn|8\n|\n|t:|1699550345\n|move|p2a: Skarmory|Spikes|p1a: Ferrothorn\n|-sidestart|p1: posiden72|Spikes\n|move|p1a: Ferrothorn|Body Press|p2a: Skarmory\n|-damage|p2a: Skarmory|67\/100 par\n|-ability|p2a: Skarmory|Weak Armor|boost\n|-unboost|p2a: Skarmory|def|1\n|-boost|p2a: Skarmory|spe|2\n|\n|-damage|p2a: Skarmory|55\/100 par|[from] Leech Seed|[of] p1a: Ferrothorn\n|-heal|p1a: Ferrothorn|66\/100|[silent]\n|upkeep\n|turn|9\n|\n|t:|1699550349\n|cant|p2a: Skarmory|par\n|move|p1a: Ferrothorn|Body Press|p2a: Skarmory\n|-damage|p2a: Skarmory|22\/100 par\n|-ability|p2a: Skarmory|Weak Armor|boost\n|-unboost|p2a: Skarmory|def|1\n|-boost|p2a: Skarmory|spe|2\n|\n|-damage|p2a: Skarmory|10\/100 par|[from] Leech Seed|[of] p1a: Ferrothorn\n|-heal|p1a: Ferrothorn|75\/100|[silent]\n|upkeep\n|turn|10\n|\n|t:|1699550355\n|move|p2a: Skarmory|Spikes|p1a: Ferrothorn\n|-sidestart|p1: posiden72|Spikes\n|move|p1a: Ferrothorn|Body Press|p2a: Skarmory\n|-damage|p2a: Skarmory|0 fnt\n|faint|p2a: Skarmory\n|\n|upkeep\n|\n|t:|1699550364\n|switch|p2a: Pelipper|Pelipper, F|100\/100\n|-weather|RainDance|[from] ability: Drizzle|[of] p2a: Pelipper\n|turn|11\n|\n|t:|1699550368\n|move|p2a: Pelipper|Hurricane|p1a: Ferrothorn\n|-damage|p1a: Ferrothorn|45\/100\n|move|p1a: Ferrothorn|Leech Seed|p2a: Pelipper\n|-start|p2a: Pelipper|move: Leech Seed\n|\n|-weather|RainDance|[upkeep]\n|-damage|p2a: Pelipper|88\/100|[from] Leech Seed|[of] p1a: Ferrothorn\n|-heal|p1a: Ferrothorn|57\/100|[silent]\n|upkeep\n|turn|12\n|\n|t:|1699550370\n|move|p2a: Pelipper|Hurricane|p1a: Ferrothorn\n|-damage|p1a: Ferrothorn|28\/100\n|move|p1a: Ferrothorn|Power Whip|p2a: Pelipper|[miss]\n|-miss|p1a: Ferrothorn|p2a: Pelipper\n|\n|-weather|RainDance|[upkeep]\n|-damage|p2a: Pelipper|76\/100|[from] Leech Seed|[of] p1a: Ferrothorn\n|-heal|p1a: Ferrothorn|40\/100|[silent]\n|upkeep\n|turn|13\n|\n|t:|1699550375\n|move|p2a: Pelipper|Hurricane|p1a: Ferrothorn\n|-damage|p1a: Ferrothorn|9\/100\n|-start|p1a: Ferrothorn|confusion\n|-activate|p1a: Ferrothorn|confusion\n|-damage|p1a: Ferrothorn|4\/100|[from] confusion\n|\n|-weather|RainDance|[upkeep]\n|-damage|p2a: Pelipper|63\/100|[from] Leech Seed|[of] p1a: Ferrothorn\n|-heal|p1a: Ferrothorn|15\/100|[silent]\n|upkeep\n|turn|14\n|\n|t:|1699550380\n|move|p2a: Pelipper|Hurricane|p1a: Ferrothorn\n|-damage|p1a: Ferrothorn|0 fnt\n|faint|p1a: Ferrothorn\n|\n|-weather|RainDance|[upkeep]\n|upkeep\n|\n|t:|1699550384\n|switch|p1a: Seismitoad|Seismitoad, F|100\/100\n|-activate|p1a: Seismitoad|move: Sticky Web\n|-unboost|p1a: Seismitoad|spe|1\n|-damage|p1a: Seismitoad|95\/100|[from] Stealth Rock\n|-damage|p1a: Seismitoad|78\/100|[from] Spikes\n|turn|15\n|\n|t:|1699550390\n|switch|p2a: Ribombee|Ribombee, F|49\/100\n|move|p1a: Seismitoad|Power Whip|p2a: Ribombee\n|-resisted|p2a: Ribombee\n|-damage|p2a: Ribombee|14\/100\n|\n|-weather|RainDance|[upkeep]\n|upkeep\n|turn|16\n|\n|t:|1699550410\n|switch|p1a: Chandelure|Chandelure, F|62\/100 psn\n|-activate|p1a: Chandelure|move: Sticky Web\n|-unboost|p1a: Chandelure|spe|1\n|-damage|p1a: Chandelure|37\/100 psn|[from] Stealth Rock\n|-damage|p1a: Chandelure|20\/100 psn|[from] Spikes\n|move|p2a: Ribombee|Bug Buzz|p1a: Chandelure\n|-resisted|p1a: Chandelure\n|-damage|p1a: Chandelure|0 fnt\n|faint|p1a: Chandelure\n|\n|-weather|RainDance|[upkeep]\n|upkeep\n|\n|t:|1699550412\n|switch|p1a: Wyrdeer|Wyrdeer, M|100\/100\n|-activate|p1a: Wyrdeer|move: Sticky Web\n|-unboost|p1a: Wyrdeer|spe|1\n|-damage|p1a: Wyrdeer|88\/100|[from] Stealth Rock\n|-damage|p1a: Wyrdeer|72\/100|[from] Spikes\n|turn|17\n|\n|t:|1699550428\n|move|p1a: Wyrdeer|Sucker Punch|p2a: Ribombee\n|-resisted|p2a: Ribombee\n|-damage|p2a: Ribombee|0 fnt\n|faint|p2a: Ribombee\n|\n|-weather|RainDance|[upkeep]\n|upkeep\n|\n|t:|1699550433\n|switch|p2a: Ferrothorn|Ferrothorn, F|100\/100\n|turn|18\n|\n|t:|1699550440\n|move|p1a: Wyrdeer|Agility|p1a: Wyrdeer\n|-boost|p1a: Wyrdeer|spe|2\n|move|p2a: Ferrothorn|Spikes|p1a: Wyrdeer\n|-sidestart|p1: posiden72|Spikes\n|\n|-weather|none\n|upkeep\n|turn|19\n|\n|t:|1699550445\n|move|p1a: Wyrdeer|Psyshield Bash|p2a: Ferrothorn\n|-resisted|p2a: Ferrothorn\n|-damage|p2a: Ferrothorn|90\/100\n|-boost|p1a: Wyrdeer|def|1\n|-damage|p1a: Wyrdeer|59\/100|[from] ability: Iron Barbs|[of] p2a: Ferrothorn\n|-damage|p1a: Wyrdeer|43\/100|[from] item: Rocky Helmet|[of] p2a: Ferrothorn\n|move|p2a: Ferrothorn|Explosion|p1a: Wyrdeer\n|-damage|p1a: Wyrdeer|0 fnt\n|faint|p2a: Ferrothorn\n|faint|p1a: Wyrdeer\n|\n|upkeep\n|\n|t:|1699550458\n|switch|p1a: Garganacl|Garganacl, F|100\/100\n|switch|p2a: Pidgeot|Pidgeot, F|100\/100\n|-activate|p1a: Garganacl|move: Sticky Web\n|-unboost|p1a: Garganacl|spe|1\n|-damage|p1a: Garganacl|88\/100|[from] Stealth Rock\n|-damage|p1a: Garganacl|63\/100|[from] Spikes\n|turn|20\n|\n|t:|1699550468\n|detailschange|p2a: Pidgeot|Pidgeot-Mega, F\n|-mega|p2a: Pidgeot|Pidgeot|Pidgeotite\n|move|p1a: Garganacl|Salt Cure|p2a: Pidgeot\n|-supereffective|p2a: Pidgeot\n|-damage|p2a: Pidgeot|63\/100\n|-start|p2a: Pidgeot|Salt Cure\n|move|p2a: Pidgeot|Whirlwind|p1a: Garganacl\n|drag|p1a: Banette|Banette, M|100\/100\n|-activate|p1a: Banette|move: Sticky Web\n|-unboost|p1a: Banette|spe|1\n|-damage|p1a: Banette|88\/100|[from] Stealth Rock\n|-damage|p1a: Banette|63\/100|[from] Spikes\n|-item|p2a: Pidgeot|Pidgeotite|[from] ability: Frisk|[of] p1a: Banette|[identify]\n|\n|-damage|p2a: Pidgeot|50\/100|[from] Salt Cure\n|upkeep\n|turn|21\n|\n|t:|1699550473\n|detailschange|p1a: Banette|Banette-Mega, M\n|-mega|p1a: Banette|Banette|Banettite\n|move|p1a: Banette|Thunder Wave|p2a: Pidgeot\n|-status|p2a: Pidgeot|par\n|move|p2a: Pidgeot|Hurricane|p1a: Banette\n|-damage|p1a: Banette|0 fnt\n|faint|p1a: Banette\n|\n|-damage|p2a: Pidgeot|38\/100 par|[from] Salt Cure\n|upkeep\n|\n|t:|1699550479\n|switch|p1a: Seismitoad|Seismitoad, F|78\/100\n|-activate|p1a: Seismitoad|move: Sticky Web\n|-unboost|p1a: Seismitoad|spe|1\n|-damage|p1a: Seismitoad|72\/100|[from] Stealth Rock\n|-damage|p1a: Seismitoad|47\/100|[from] Spikes\n|turn|22\n|\n|t:|1699550491\n|move|p1a: Seismitoad|Liquidation|p2a: Pidgeot\n|-damage|p2a: Pidgeot|0 fnt\n|faint|p2a: Pidgeot\n|\n|upkeep\n|\n|t:|1699550494\n|switch|p2a: Pelipper|Pelipper, F|63\/100\n|-weather|RainDance|[from] ability: Drizzle|[of] p2a: Pelipper\n|turn|23\n|\n|t:|1699550500\n|move|p1a: Seismitoad|Liquidation|p2a: Pelipper\n|-resisted|p2a: Pelipper\n|-damage|p2a: Pelipper|42\/100\n|-unboost|p2a: Pelipper|def|1\n|move|p2a: Pelipper|Hurricane|p1a: Seismitoad\n|-damage|p1a: Seismitoad|0 fnt\n|faint|p1a: Seismitoad\n|\n|-weather|RainDance|[upkeep]\n|upkeep\n|\n|t:|1699550503\n|switch|p1a: Garganacl|Garganacl, F|63\/100\n|-activate|p1a: Garganacl|move: Sticky Web\n|-unboost|p1a: Garganacl|spe|1\n|-damage|p1a: Garganacl|51\/100|[from] Stealth Rock\n|-damage|p1a: Garganacl|26\/100|[from] Spikes\n|turn|24\n|\n|t:|1699550511\n|-terastallize|p1a: Garganacl|Rock\n|move|p2a: Pelipper|Ice Beam|p1a: Garganacl\n|-damage|p1a: Garganacl|7\/100\n|move|p1a: Garganacl|Salt Cure|p2a: Pelipper\n|-supereffective|p2a: Pelipper\n|-damage|p2a: Pelipper|0 fnt\n|faint|p2a: Pelipper\n|\n|win|posiden72\n|raw|posiden72's rating: 1147 &rarr; <strong>1173<\/strong><br \/>(+26 for winning)\n|raw|Ribbit Mania's rating: 1166 &rarr; <strong>1140<\/strong><br \/>(-26 for losing)\n|c|\u2606posiden72|gg\n|c|\u2606Ribbit Mania|Gg\n|l|\u2606posiden72\n","uploadtime":1699551487,"views":4,"p1id":"posiden72","p2id":"ribbitmania","formatid":"gen9nationaldex","rating":1140,"private":0,"password":""}