{"id":"gen9nationaldex-1994920601","p1":"Lp-$tylez","p2":"PLM2fgs","format":"[Gen 9] National Dex","log":"|html|<div class=\"broadcast-blue\"><strong>[Gen 9] National Dex is currently suspecting Sneasler! For information on how to participate check out the <a href=\"https:\/\/www.smogon.com\/forums\/threads\/sv-national-dex-suspect-8-just-dance.3731534\/\">suspect thread<\/a>.<\/strong><\/div>\n|j|\u2606Lp-$tylez\n|j|\u2606PLM2fgs\n|t:|1700504796\n|gametype|singles\n|player|p1|Lp-$tylez|interviewers|\n|player|p2|PLM2fgs|policeman|\n|teamsize|p1|6\n|teamsize|p2|6\n|gen|9\n|tier|[Gen 9] National Dex\n|rule|HP Percentage Mod: HP is shown in percentages\n|rule|Endless Battle Clause: Forcing endless battles is banned\n|rule|OHKO Clause: OHKO moves are banned\n|rule|Evasion Clause: Evasion abilities, items, and moves are banned\n|rule|Evasion Abilities Clause: Evasion abilities are banned\n|rule|Evasion Items Clause: Evasion items are banned\n|rule|Evasion Moves Clause: Evasion moves are banned\n|rule|Species Clause: Limit one of each Pok\u00e9mon\n|rule|Sleep Clause Mod: Limit one foe put to sleep\n|clearpoke\n|poke|p1|Lopunny, M|\n|poke|p1|Tapu Fini|\n|poke|p1|Aegislash, F|\n|poke|p1|Landorus-Therian, M|\n|poke|p1|Hoopa-Unbound|\n|poke|p1|Zapdos|\n|poke|p2|Enamorus, F|\n|poke|p2|Hawlucha, M|\n|poke|p2|Iron Valiant|\n|poke|p2|Tapu Fini|\n|poke|p2|Lopunny, F|\n|poke|p2|Ursaluna, M|\n|teampreview\n|j| SynthValiant\n|l| SynthValiant\n|\n|t:|1700504838\n|start\n|switch|p1a: Landorus|Landorus-Therian, M|100\/100\n|switch|p2a: Enamorus|Enamorus, F|100\/100\n|-ability|p1a: Landorus|Intimidate|boost\n|-unboost|p2a: Enamorus|atk|1\n|turn|1\n|\n|t:|1700504850\n|move|p1a: Landorus|Stone Edge|p2a: Enamorus\n|-supereffective|p2a: Enamorus\n|-damage|p2a: Enamorus|0 fnt\n|faint|p2a: Enamorus\n|\n|upkeep\n|\n|t:|1700504862\n|switch|p2a: Ursaluna|Ursaluna, M|100\/100\n|turn|2\n|\n|t:|1700504878\n|switch|p1a: Zapdos|Zapdos|100\/100\n|move|p2a: Ursaluna|Trailblaze|p1a: Zapdos\n|-resisted|p1a: Zapdos\n|-damage|p1a: Zapdos|94\/100\n|-boost|p2a: Ursaluna|spe|1\n|-status|p2a: Ursaluna|par|[from] ability: Static|[of] p1a: Zapdos\n|\n|upkeep\n|turn|3\n|\n|t:|1700504899\n|switch|p1a: Landorus|Landorus-Therian, M|100\/100\n|-ability|p1a: Landorus|Intimidate|boost\n|-unboost|p2a: Ursaluna|atk|1\n|move|p2a: Ursaluna|Facade|p1a: Landorus\n|-damage|p1a: Landorus|16\/100\n|\n|upkeep\n|turn|4\n|\n|t:|1700504909\n|move|p1a: Landorus|U-turn|p2a: Ursaluna\n|-damage|p2a: Ursaluna|77\/100 par\n|\n|t:|1700504912\n|switch|p1a: Aegislash|Aegislash, F|100\/100|[from] U-turn\n|move|p2a: Ursaluna|Facade|p1a: Aegislash\n|-immune|p1a: Aegislash\n|\n|upkeep\n|turn|5\n|\n|t:|1700504921\n|move|p1a: Aegislash|King's Shield|p1a: Aegislash\n|-singleturn|p1a: Aegislash|Protect\n|cant|p2a: Ursaluna|par\n|\n|upkeep\n|turn|6\n|j| SmallerNoys\n|\n|t:|1700504931\n|switch|p1a: Landorus|Landorus-Therian, M|16\/100\n|-ability|p1a: Landorus|Intimidate|boost\n|-unboost|p2a: Ursaluna|atk|1\n|move|p2a: Ursaluna|Earthquake|p1a: Landorus\n|-immune|p1a: Landorus\n|\n|upkeep\n|turn|7\n|\n|t:|1700504943\n|move|p1a: Landorus|Earthquake|p2a: Ursaluna\n|-damage|p2a: Ursaluna|27\/100 par\n|move|p2a: Ursaluna|Facade|p1a: Landorus\n|-damage|p1a: Landorus|0 fnt\n|faint|p1a: Landorus\n|\n|upkeep\n|\n|t:|1700504952\n|switch|p1a: Zapdos|Zapdos|94\/100\n|turn|8\n|l| SmallerNoys\n|\n|t:|1700504956\n|move|p1a: Zapdos|Hidden Power|p2a: Ursaluna\n|-supereffective|p2a: Ursaluna\n|-damage|p2a: Ursaluna|0 fnt\n|faint|p2a: Ursaluna\n|\n|upkeep\n|\n|t:|1700504972\n|switch|p2a: Lopunny|Lopunny, F|100\/100\n|turn|9\n|\n|t:|1700504984\n|move|p2a: Lopunny|Power-Up Punch|p1a: Zapdos\n|-resisted|p1a: Zapdos\n|-damage|p1a: Zapdos|91\/100\n|-boost|p2a: Lopunny|atk|1\n|move|p1a: Zapdos|Roost|p1a: Zapdos\n|-heal|p1a: Zapdos|100\/100\n|-singleturn|p1a: Zapdos|move: Roost\n|\n|upkeep\n|turn|10\n|\n|t:|1700504993\n|move|p2a: Lopunny|Power-Up Punch|p1a: Zapdos\n|-resisted|p1a: Zapdos\n|-damage|p1a: Zapdos|96\/100\n|-boost|p2a: Lopunny|atk|1\n|move|p1a: Zapdos|Volt Switch|p2a: Lopunny\n|-damage|p2a: Lopunny|60\/100\n|\n|t:|1700505006\n|switch|p1a: Aegislash|Aegislash, F|100\/100|[from] Volt Switch\n|\n|upkeep\n|turn|11\n|\n|t:|1700505018\n|switch|p1a: Zapdos|Zapdos|96\/100\n|move|p2a: Lopunny|Power-Up Punch|p1a: Zapdos\n|-resisted|p1a: Zapdos\n|-damage|p1a: Zapdos|88\/100\n|-boost|p2a: Lopunny|atk|1\n|\n|upkeep\n|turn|12\n|\n|t:|1700505027\n|detailschange|p2a: Lopunny|Lopunny-Mega, F\n|-mega|p2a: Lopunny|Lopunny|Lopunnite\n|move|p2a: Lopunny|Return|p1a: Zapdos\n|-damage|p1a: Zapdos|0 fnt\n|faint|p1a: Zapdos\n|\n|upkeep\n|\n|t:|1700505037\n|switch|p1a: Lopunny|Lopunny, M|100\/100\n|turn|13\n|\n|t:|1700505053\n|detailschange|p1a: Lopunny|Lopunny-Mega, M\n|-mega|p1a: Lopunny|Lopunny|Lopunnite\n|move|p1a: Lopunny|Fake Out|p2a: Lopunny\n|-damage|p2a: Lopunny|33\/100\n|cant|p2a: Lopunny|flinch\n|\n|upkeep\n|turn|14\n|\n|t:|1700505061\n|move|p2a: Lopunny|Return|p1a: Lopunny\n|-damage|p1a: Lopunny|0 fnt\n|faint|p1a: Lopunny\n|\n|upkeep\n|\n|t:|1700505069\n|switch|p1a: Tapu Fini|Tapu Fini|100\/100\n|-fieldstart|move: Misty Terrain|[from] ability: Misty Surge|[of] p1a: Tapu Fini\n|turn|15\n|\n|t:|1700505079\n|move|p2a: Lopunny|Return|p1a: Tapu Fini\n|-damage|p1a: Tapu Fini|0 fnt\n|faint|p1a: Tapu Fini\n|\n|upkeep\n|\n|t:|1700505085\n|switch|p1a: Aegislash|Aegislash, F|100\/100\n|turn|16\n|\n|t:|1700505092\n|move|p2a: Lopunny|Close Combat|p1a: Aegislash\n|-supereffective|p1a: Aegislash\n|-damage|p1a: Aegislash|0 fnt\n|-unboost|p2a: Lopunny|def|1\n|-unboost|p2a: Lopunny|spd|1\n|faint|p1a: Aegislash\n|\n|upkeep\n|\n|t:|1700505099\n|switch|p1a: Hoopa|Hoopa-Unbound|100\/100\n|turn|17\n|\n|t:|1700505103\n|move|p2a: Lopunny|Close Combat|p1a: Hoopa\n|-crit|p1a: Hoopa\n|-damage|p1a: Hoopa|0 fnt\n|-unboost|p2a: Lopunny|def|1\n|-unboost|p2a: Lopunny|spd|1\n|faint|p1a: Hoopa\n|\n|win|PLM2fgs\n|l|\u2606Lp-$tylez\n","uploadtime":1700505120,"views":26,"p1id":"lptylez","p2id":"plm2fgs","formatid":"gen9nationaldex","rating":0,"private":0,"password":""}