{"id":"gen9nationaldex-1993874581","p1":"qowq","p2":"johim","format":"[Gen 9] National Dex","log":"|j|\u2606qowq\n|j|\u2606johim\n|t:|1700368464\n|gametype|singles\n|player|p1|qowq|idol|1079\n|player|p2|johim|riley|1093\n|teamsize|p1|6\n|teamsize|p2|6\n|gen|9\n|tier|[Gen 9] National Dex\n|rated|\n|rule|HP Percentage Mod: HP is shown in percentages\n|rule|Endless Battle Clause: Forcing endless battles is banned\n|rule|OHKO Clause: OHKO moves are banned\n|rule|Evasion Clause: Evasion abilities, items, and moves are banned\n|rule|Evasion Abilities Clause: Evasion abilities are banned\n|rule|Evasion Items Clause: Evasion items are banned\n|rule|Evasion Moves Clause: Evasion moves are banned\n|rule|Species Clause: Limit one of each Pok\u00e9mon\n|rule|Sleep Clause Mod: Limit one foe put to sleep\n|clearpoke\n|poke|p1|Heatran, F|\n|poke|p1|Zapdos|\n|poke|p1|Tapu Lele|\n|poke|p1|Great Tusk|\n|poke|p1|Banette, M|\n|poke|p1|Ogerpon-Wellspring, F|\n|poke|p2|Charizard, M|\n|poke|p2|Rhydon, M|\n|poke|p2|Cloyster, M|\n|poke|p2|Crobat, M|\n|poke|p2|Magneton|\n|poke|p2|Hitmonlee, M|\n|teampreview\n|\n|t:|1700368477\n|start\n|switch|p1a: Heatran|Heatran, F|100\/100\n|switch|p2a: Magneton|Magneton|100\/100\n|turn|1\n|\n|t:|1700368484\n|move|p2a: Magneton|Light Screen|p2a: Magneton\n|-sidestart|p2: johim|move: Light Screen\n|move|p1a: Heatran|Magma Storm|p2a: Magneton\n|-supereffective|p2a: Magneton\n|-damage|p2a: Magneton|43\/100\n|-activate|p2a: Magneton|move: Magma Storm|[of] p1a: Heatran\n|\n|-damage|p2a: Magneton|31\/100|[from] move: Magma Storm|[partiallytrapped]\n|upkeep\n|turn|2\n|\n|t:|1700368493\n|move|p2a: Magneton|Thunder Wave|p1a: Heatran\n|-status|p1a: Heatran|par\n|move|p1a: Heatran|Magma Storm|p2a: Magneton|[miss]\n|-miss|p1a: Heatran|p2a: Magneton\n|\n|-damage|p2a: Magneton|18\/100|[from] move: Magma Storm|[partiallytrapped]\n|upkeep\n|turn|3\n|\n|t:|1700368505\n|move|p2a: Magneton|Thunderbolt|p1a: Heatran\n|-damage|p1a: Heatran|72\/100 par\n|cant|p1a: Heatran|par\n|\n|-heal|p1a: Heatran|78\/100 par|[from] item: Leftovers\n|-damage|p2a: Magneton|6\/100|[from] move: Magma Storm|[partiallytrapped]\n|upkeep\n|turn|4\n|\n|t:|1700368515\n|cant|p1a: Heatran|par\n|move|p2a: Magneton|Thunderbolt|p1a: Heatran\n|-damage|p1a: Heatran|52\/100 par\n|\n|-heal|p1a: Heatran|59\/100 par|[from] item: Leftovers\n|-damage|p2a: Magneton|0 fnt|[from] move: Magma Storm|[partiallytrapped]\n|faint|p2a: Magneton\n|upkeep\n|\n|t:|1700368523\n|switch|p2a: Cloyster|Cloyster, M|100\/100\n|turn|5\n|\n|t:|1700368528\n|move|p2a: Cloyster|Drill Run|p1a: Heatran|[miss]\n|-miss|p2a: Cloyster|p1a: Heatran\n|move|p1a: Heatran|Magma Storm|p2a: Cloyster|[miss]\n|-miss|p1a: Heatran|p2a: Cloyster\n|\n|-heal|p1a: Heatran|65\/100 par|[from] item: Leftovers\n|-sideend|p2: johim|move: Light Screen\n|upkeep\n|turn|6\n|\n|t:|1700368538\n|switch|p1a: Zapdos|Zapdos|100\/100\n|move|p2a: Cloyster|Drill Run|p1a: Zapdos\n|-immune|p1a: Zapdos\n|\n|upkeep\n|turn|7\n|\n|t:|1700368548\n|switch|p2a: Rhydon|Rhydon, M|100\/100\n|move|p1a: Zapdos|Volt Switch|p2a: Rhydon\n|-ability|p2a: Rhydon|Lightning Rod|boost\n|-boost|p2a: Rhydon|spa|1\n|\n|upkeep\n|turn|8\n|\n|t:|1700368563\n|switch|p1a: Ogerpon|Ogerpon-Wellspring, F|100\/100\n|move|p2a: Rhydon|Swords Dance|p2a: Rhydon\n|-boost|p2a: Rhydon|atk|2\n|\n|upkeep\n|turn|9\n|\n|t:|1700368572\n|-terastallize|p1a: Ogerpon|Water\n|detailschange|p1a: Ogerpon|Ogerpon-Wellspring-Tera, F, tera:Water\n|-ability|p1a: Ogerpon|Embody Aspect (Wellspring)|boost\n|-boost|p1a: Ogerpon|spd|1\n|-terastallize|p2a: Rhydon|Water\n|move|p1a: Ogerpon|Ivy Cudgel|p2a: Rhydon|[anim] Ivy Cudgel Water\n|-resisted|p2a: Rhydon\n|-damage|p2a: Rhydon|83\/100\n|move|p2a: Rhydon|Ice Punch|p1a: Ogerpon\n|-resisted|p1a: Ogerpon\n|-damage|p1a: Ogerpon|71\/100\n|\n|upkeep\n|turn|10\n|\n|t:|1700368586\n|move|p1a: Ogerpon|Horn Leech|p2a: Rhydon\n|-supereffective|p2a: Rhydon\n|-damage|p2a: Rhydon|44\/100\n|-heal|p1a: Ogerpon|97\/100|[from] drain|[of] p2a: Rhydon\n|move|p2a: Rhydon|Earthquake|p1a: Ogerpon\n|-damage|p1a: Ogerpon|0 fnt\n|faint|p1a: Ogerpon\n|\n|upkeep\n|\n|t:|1700368615\n|switch|p1a: Great Tusk|Great Tusk|100\/100\n|turn|11\n|\n|t:|1700368627\n|move|p1a: Great Tusk|Ice Spinner|p2a: Rhydon\n|-resisted|p2a: Rhydon\n|-damage|p2a: Rhydon|37\/100\n|move|p2a: Rhydon|Ice Punch|p1a: Great Tusk\n|-supereffective|p1a: Great Tusk\n|-damage|p1a: Great Tusk|33\/100\n|\n|upkeep\n|turn|12\n|\n|t:|1700368635\n|move|p1a: Great Tusk|Headlong Rush|p2a: Rhydon\n|-damage|p2a: Rhydon|9\/100\n|-unboost|p1a: Great Tusk|def|1\n|-unboost|p1a: Great Tusk|spd|1\n|move|p2a: Rhydon|Ice Punch|p1a: Great Tusk\n|-supereffective|p1a: Great Tusk\n|-damage|p1a: Great Tusk|0 fnt\n|faint|p1a: Great Tusk\n|-end|p1a: Great Tusk|Protosynthesis|[silent]\n|\n|upkeep\n|\n|t:|1700368645\n|switch|p1a: Banette|Banette, M|100\/100\n|turn|13\n|\n|t:|1700368649\n|move|p1a: Banette|Shadow Sneak|p2a: Rhydon\n|-damage|p2a: Rhydon|0 fnt\n|faint|p2a: Rhydon\n|\n|upkeep\n|\n|t:|1700368653\n|switch|p2a: Crobat|Crobat, M|100\/100\n|turn|14\n|\n|t:|1700368659\n|detailschange|p1a: Banette|Banette-Mega, M\n|-mega|p1a: Banette|Banette|Banettite\n|move|p2a: Crobat|Giga Drain|p1a: Banette\n|-damage|p1a: Banette|77\/100\n|move|p1a: Banette|Poltergeist|p2a: Crobat\n|-activate|p2a: Crobat|move: Poltergeist|Focus Sash\n|-enditem|p2a: Crobat|Focus Sash\n|-damage|p2a: Crobat|1\/100\n|\n|upkeep\n|turn|15\n|\n|t:|1700368669\n|move|p1a: Banette|Shadow Sneak|p2a: Crobat\n|-damage|p2a: Crobat|0 fnt\n|faint|p2a: Crobat\n|\n|upkeep\n|\n|t:|1700368674\n|switch|p2a: Charizard|Charizard, M|100\/100\n|turn|16\n|\n|t:|1700368677\n|detailschange|p2a: Charizard|Charizard-Mega-Y, M\n|-mega|p2a: Charizard|Charizard|Charizardite Y\n|-weather|SunnyDay|[from] ability: Drought|[of] p2a: Charizard\n|move|p2a: Charizard|Fire Blast|p1a: Banette\n|-damage|p1a: Banette|0 fnt\n|faint|p1a: Banette\n|\n|-weather|SunnyDay|[upkeep]\n|upkeep\n|\n|t:|1700368687\n|switch|p1a: Heatran|Heatran, F|65\/100 par\n|turn|17\n|\n|t:|1700368693\n|move|p2a: Charizard|Scorching Sands|p1a: Heatran\n|-supereffective|p1a: Heatran\n|-damage|p1a: Heatran|0 fnt\n|faint|p1a: Heatran\n|\n|-weather|SunnyDay|[upkeep]\n|upkeep\n|\n|t:|1700368704\n|switch|p1a: Zapdos|Zapdos|100\/100\n|turn|18\n|\n|t:|1700368710\n|move|p2a: Charizard|Fire Blast|p1a: Zapdos|[miss]\n|-miss|p2a: Charizard|p1a: Zapdos\n|move|p1a: Zapdos|Heat Wave|p2a: Charizard\n|-resisted|p2a: Charizard\n|-damage|p2a: Charizard|79\/100\n|\n|-weather|SunnyDay|[upkeep]\n|upkeep\n|turn|19\n|\n|t:|1700368719\n|move|p2a: Charizard|Fire Blast|p1a: Zapdos\n|-damage|p1a: Zapdos|1\/100\n|move|p1a: Zapdos|Volt Switch|p2a: Charizard\n|-supereffective|p2a: Charizard\n|-damage|p2a: Charizard|22\/100\n|\n|t:|1700368726\n|switch|p1a: Tapu Lele|Tapu Lele|100\/100|[from] Volt Switch\n|-fieldstart|move: Psychic Terrain|[from] ability: Psychic Surge|[of] p1a: Tapu Lele\n|\n|-weather|SunnyDay|[upkeep]\n|upkeep\n|turn|20\n|\n|t:|1700368737\n|move|p2a: Charizard|Fire Blast|p1a: Tapu Lele\n|-damage|p1a: Tapu Lele|0 fnt\n|faint|p1a: Tapu Lele\n|\n|-weather|none\n|upkeep\n|\n|t:|1700368743\n|switch|p1a: Zapdos|Zapdos|1\/100\n|turn|21\n|\n|t:|1700368747\n|move|p2a: Charizard|Ancient Power|p1a: Zapdos\n|-supereffective|p1a: Zapdos\n|-damage|p1a: Zapdos|0 fnt\n|faint|p1a: Zapdos\n|\n|win|johim\n|raw|qowq's rating: 1079 &rarr; <strong>1058<\/strong><br \/>(-21 for losing)\n|raw|johim's rating: 1093 &rarr; <strong>1118<\/strong><br \/>(+25 for winning)\n|l|\u2606qowq\n","uploadtime":1700368766,"views":12,"p1id":"qowq","p2id":"johim","formatid":"gen9nationaldex","rating":1058,"private":0,"password":""}