{"id":"gen9nationaldex-1988032424","p1":"qinxiaoqing","p2":"xiaozhaolaogong","format":"[Gen 9] National Dex","log":"|j|\u2606qinxiaoqing\n|j|\u2606xiaozhaolaogong\n|t:|1699661364\n|gametype|singles\n|player|p1|qinxiaoqing|102|1536\n|player|p2|xiaozhaolaogong|dawn|1448\n|teamsize|p1|6\n|teamsize|p2|6\n|gen|9\n|tier|[Gen 9] National Dex\n|rated|\n|rule|HP Percentage Mod: HP is shown in percentages\n|rule|Endless Battle Clause: Forcing endless battles is banned\n|rule|OHKO Clause: OHKO moves are banned\n|rule|Evasion Clause: Evasion abilities, items, and moves are banned\n|rule|Evasion Abilities Clause: Evasion abilities are banned\n|rule|Evasion Items Clause: Evasion items are banned\n|rule|Evasion Moves Clause: Evasion moves are banned\n|rule|Species Clause: Limit one of each Pok\u00e9mon\n|rule|Sleep Clause Mod: Limit one foe put to sleep\n|clearpoke\n|poke|p1|Pelipper, F|\n|poke|p1|Swampert, F|\n|poke|p1|Clodsire, M|\n|poke|p1|Ferrothorn, M|\n|poke|p1|Heatran, F|\n|poke|p1|Greninja-*, M|\n|poke|p2|Ogerpon, F|\n|poke|p2|Rillaboom, M|\n|poke|p2|Sneasler, M|\n|poke|p2|Heatran, F|\n|poke|p2|Charizard, M|\n|poke|p2|Great Tusk|\n|teampreview\n|inactive|Battle timer is ON: inactive players will automatically lose when time's up. (requested by qinxiaoqing)\n|inactive|xiaozhaolaogong also wants the timer to be on.\n|\n|t:|1699661396\n|start\n|switch|p1a: Swampert|Swampert, F|100\/100\n|switch|p2a: Charizard|Charizard, M|100\/100\n|turn|1\n|\n|t:|1699661402\n|switch|p1a: Pelipper|Pelipper, F|100\/100\n|-weather|RainDance|[from] ability: Drizzle|[of] p1a: Pelipper\n|move|p2a: Charizard|Dragon Dance|p2a: Charizard\n|-boost|p2a: Charizard|atk|1\n|-boost|p2a: Charizard|spe|1\n|\n|-weather|RainDance|[upkeep]\n|upkeep\n|turn|2\n|\n|t:|1699661411\n|detailschange|p2a: Charizard|Charizard-Mega-X, M\n|-mega|p2a: Charizard|Charizard|Charizardite X\n|move|p2a: Charizard|Dragon Dance|p2a: Charizard\n|-boost|p2a: Charizard|atk|1\n|-boost|p2a: Charizard|spe|1\n|move|p1a: Pelipper|Hydro Pump|p2a: Charizard\n|-damage|p2a: Charizard|0 fnt\n|faint|p2a: Charizard\n|\n|-weather|RainDance|[upkeep]\n|upkeep\n|c|\u2606xiaozhaolaogong|\u554a\uff1f\n|\n|t:|1699661425\n|switch|p2a: Rillaboom|Rillaboom, M|100\/100\n|-fieldstart|move: Grassy Terrain|[from] ability: Grassy Surge|[of] p2a: Rillaboom\n|turn|3\n|\n|t:|1699661432\n|switch|p1a: Ferrothorn|Ferrothorn, M|100\/100\n|move|p2a: Rillaboom|U-turn|p1a: Ferrothorn\n|-damage|p1a: Ferrothorn|81\/100\n|-damage|p2a: Rillaboom|88\/100|[from] ability: Iron Barbs|[of] p1a: Ferrothorn\n|\n|t:|1699661434\n|switch|p2a: Heatran|Heatran, F|100\/100|[from] U-turn\n|\n|-weather|RainDance|[upkeep]\n|-heal|p1a: Ferrothorn|87\/100|[from] Grassy Terrain\n|-heal|p1a: Ferrothorn|94\/100|[from] item: Leftovers\n|upkeep\n|turn|4\n|inactive|qinxiaoqing has 120 seconds left.\n|\n|t:|1699661466\n|switch|p1a: Clodsire|Clodsire, M|100\/100\n|move|p2a: Heatran|Magma Storm|p1a: Clodsire\n|-damage|p1a: Clodsire|87\/100\n|-activate|p1a: Clodsire|move: Magma Storm|[of] p2a: Heatran\n|\n|-weather|RainDance|[upkeep]\n|-heal|p1a: Clodsire|93\/100|[from] Grassy Terrain\n|-damage|p1a: Clodsire|80\/100|[from] move: Magma Storm|[partiallytrapped]\n|upkeep\n|turn|5\n|\n|t:|1699661476\n|move|p2a: Heatran|Earth Power|p1a: Clodsire\n|-supereffective|p1a: Clodsire\n|-damage|p1a: Clodsire|44\/100\n|move|p1a: Clodsire|Recover|p1a: Clodsire\n|-heal|p1a: Clodsire|94\/100\n|\n|-weather|none\n|-heal|p1a: Clodsire|99\/100|[from] Grassy Terrain\n|-damage|p1a: Clodsire|88\/100|[from] move: Magma Storm|[partiallytrapped]\n|upkeep\n|turn|6\n|\n|t:|1699661484\n|move|p2a: Heatran|Earth Power|p1a: Clodsire\n|-supereffective|p1a: Clodsire\n|-damage|p1a: Clodsire|53\/100\n|move|p1a: Clodsire|Recover|p1a: Clodsire\n|-heal|p1a: Clodsire|100\/100\n|\n|-damage|p1a: Clodsire|88\/100|[from] move: Magma Storm|[partiallytrapped]\n|upkeep\n|turn|7\n|\n|t:|1699661490\n|move|p2a: Heatran|Earth Power|p1a: Clodsire\n|-supereffective|p1a: Clodsire\n|-damage|p1a: Clodsire|56\/100\n|move|p1a: Clodsire|Recover|p1a: Clodsire\n|-heal|p1a: Clodsire|100\/100\n|\n|-damage|p1a: Clodsire|88\/100|[from] move: Magma Storm|[partiallytrapped]\n|upkeep\n|turn|8\n|inactive|qinxiaoqing has 120 seconds left.\n|\n|t:|1699661534\n|move|p2a: Heatran|Stealth Rock|p1a: Clodsire\n|-sidestart|p1: qinxiaoqing|move: Stealth Rock\n|move|p1a: Clodsire|Recover|p1a: Clodsire\n|-heal|p1a: Clodsire|100\/100\n|\n|-end|p1a: Clodsire|Magma Storm|[partiallytrapped]\n|upkeep\n|turn|9\n|\n|t:|1699661554\n|switch|p2a: Ogerpon|Ogerpon, F|100\/100\n|move|p1a: Clodsire|Earthquake|p2a: Ogerpon\n|-resisted|p2a: Ogerpon\n|-damage|p2a: Ogerpon|92\/100\n|\n|-heal|p2a: Ogerpon|98\/100|[from] Grassy Terrain\n|upkeep\n|turn|10\n|inactive|qinxiaoqing has 120 seconds left.\n|\n|t:|1699661561\n|-terastallize|p2a: Ogerpon|Grass\n|detailschange|p2a: Ogerpon|Ogerpon-Teal-Tera, F, tera:Grass\n|-ability|p2a: Ogerpon|Embody Aspect (Teal)|boost\n|-boost|p2a: Ogerpon|spe|1\n|move|p2a: Ogerpon|Ivy Cudgel|p1a: Clodsire\n|-damage|p1a: Clodsire|15\/100\n|-damage|p2a: Ogerpon|88\/100|[from] item: Life Orb\n|move|p1a: Clodsire|Gunk Shot|p2a: Ogerpon\n|-supereffective|p2a: Ogerpon\n|-damage|p2a: Ogerpon|7\/100\n|\n|-heal|p2a: Ogerpon|13\/100|[from] Grassy Terrain\n|-heal|p1a: Clodsire|21\/100|[from] Grassy Terrain\n|-fieldend|move: Grassy Terrain\n|upkeep\n|turn|11\n|inactive|qinxiaoqing has 120 seconds left.\n|\n|t:|1699661572\n|switch|p1a: Ferrothorn|Ferrothorn, M|94\/100\n|-damage|p1a: Ferrothorn|87\/100|[from] Stealth Rock\n|move|p2a: Ogerpon|Stomping Tantrum|p1a: Ferrothorn\n|-damage|p1a: Ferrothorn|63\/100\n|-damage|p2a: Ogerpon|1\/100|[from] ability: Iron Barbs|[of] p1a: Ferrothorn\n|-damage|p2a: Ogerpon|0 fnt|[from] item: Life Orb\n|faint|p2a: Ogerpon\n|\n|-heal|p1a: Ferrothorn|69\/100|[from] item: Leftovers\n|upkeep\n|\n|t:|1699661575\n|switch|p2a: Heatran|Heatran, F|100\/100\n|turn|12\n|\n|t:|1699661579\n|switch|p1a: Heatran|Heatran, F|100\/100\n|-damage|p1a: Heatran|88\/100|[from] Stealth Rock\n|move|p2a: Heatran|Magma Storm|p1a: Heatran\n|-start|p1a: Heatran|ability: Flash Fire\n|\n|-heal|p1a: Heatran|94\/100|[from] item: Leftovers\n|upkeep\n|turn|13\n|\n|t:|1699661586\n|move|p1a: Heatran|Earth Power|p2a: Heatran\n|-supereffective|p2a: Heatran\n|-damage|p2a: Heatran|21\/100\n|-unboost|p2a: Heatran|spd|1\n|move|p2a: Heatran|Earth Power|p1a: Heatran\n|-supereffective|p1a: Heatran\n|-damage|p1a: Heatran|32\/100\n|\n|-heal|p1a: Heatran|38\/100|[from] item: Leftovers\n|-heal|p2a: Heatran|27\/100|[from] item: Leftovers\n|upkeep\n|turn|14\n|\n|t:|1699661596\n|switch|p2a: Rillaboom|Rillaboom, M|88\/100\n|-fieldstart|move: Grassy Terrain|[from] ability: Grassy Surge|[of] p2a: Rillaboom\n|move|p1a: Heatran|Earth Power|p2a: Rillaboom\n|-resisted|p2a: Rillaboom\n|-damage|p2a: Rillaboom|70\/100\n|-unboost|p2a: Rillaboom|spd|1\n|\n|-heal|p2a: Rillaboom|76\/100|[from] Grassy Terrain\n|-heal|p1a: Heatran|45\/100|[from] Grassy Terrain\n|-heal|p1a: Heatran|51\/100|[from] item: Leftovers\n|upkeep\n|turn|15\n|\n|t:|1699661614\n|-end|p1a: Heatran|ability: Flash Fire|[silent]\n|switch|p1a: Ferrothorn|Ferrothorn, M|69\/100\n|-damage|p1a: Ferrothorn|63\/100|[from] Stealth Rock\n|move|p2a: Rillaboom|Knock Off|p1a: Ferrothorn\n|-crit|p1a: Ferrothorn\n|-damage|p1a: Ferrothorn|23\/100\n|-damage|p2a: Rillaboom|64\/100|[from] ability: Iron Barbs|[of] p1a: Ferrothorn\n|-enditem|p1a: Ferrothorn|Leftovers|[from] move: Knock Off|[of] p2a: Rillaboom\n|\n|-heal|p2a: Rillaboom|70\/100|[from] Grassy Terrain\n|-heal|p1a: Ferrothorn|29\/100|[from] Grassy Terrain\n|upkeep\n|turn|16\n|\n|t:|1699661625\n|move|p2a: Rillaboom|U-turn|p1a: Ferrothorn\n|-damage|p1a: Ferrothorn|12\/100\n|-damage|p2a: Rillaboom|57\/100|[from] ability: Iron Barbs|[of] p1a: Ferrothorn\n|\n|t:|1699661628\n|switch|p2a: Heatran|Heatran, F|27\/100|[from] U-turn\n|move|p1a: Ferrothorn|Leech Seed|p2a: Heatran\n|-start|p2a: Heatran|move: Leech Seed\n|\n|-heal|p2a: Heatran|33\/100|[from] Grassy Terrain\n|-heal|p2a: Heatran|40\/100|[from] item: Leftovers\n|-heal|p1a: Ferrothorn|18\/100|[from] Grassy Terrain\n|-damage|p2a: Heatran|27\/100|[from] Leech Seed|[of] p1a: Ferrothorn\n|-heal|p1a: Ferrothorn|31\/100|[silent]\n|upkeep\n|turn|17\n|\n|t:|1699661647\n|move|p2a: Heatran|Earth Power|p1a: Ferrothorn\n|-damage|p1a: Ferrothorn|12\/100\n|move|p1a: Ferrothorn|Spikes|p2a: Heatran\n|-sidestart|p2: xiaozhaolaogong|Spikes\n|\n|-heal|p2a: Heatran|33\/100|[from] Grassy Terrain\n|-heal|p2a: Heatran|40\/100|[from] item: Leftovers\n|-heal|p1a: Ferrothorn|18\/100|[from] Grassy Terrain\n|-damage|p2a: Heatran|27\/100|[from] Leech Seed|[of] p1a: Ferrothorn\n|-heal|p1a: Ferrothorn|31\/100|[silent]\n|upkeep\n|turn|18\n|\n|t:|1699661662\n|move|p2a: Heatran|Earth Power|p1a: Ferrothorn\n|-damage|p1a: Ferrothorn|14\/100\n|move|p1a: Ferrothorn|Spikes|p2a: Heatran\n|-sidestart|p2: xiaozhaolaogong|Spikes\n|\n|-heal|p2a: Heatran|33\/100|[from] Grassy Terrain\n|-heal|p2a: Heatran|40\/100|[from] item: Leftovers\n|-heal|p1a: Ferrothorn|20\/100|[from] Grassy Terrain\n|-damage|p2a: Heatran|27\/100|[from] Leech Seed|[of] p1a: Ferrothorn\n|-heal|p1a: Ferrothorn|33\/100|[silent]\n|upkeep\n|turn|19\n|\n|t:|1699661671\n|switch|p1a: Heatran|Heatran, F|51\/100\n|-damage|p1a: Heatran|38\/100|[from] Stealth Rock\n|move|p2a: Heatran|Magma Storm|p1a: Heatran\n|-start|p1a: Heatran|ability: Flash Fire\n|\n|-heal|p1a: Heatran|45\/100|[from] Grassy Terrain\n|-heal|p1a: Heatran|51\/100|[from] item: Leftovers\n|-heal|p2a: Heatran|33\/100|[from] Grassy Terrain\n|-heal|p2a: Heatran|40\/100|[from] item: Leftovers\n|-damage|p2a: Heatran|27\/100|[from] Leech Seed|[of] p1a: Heatran\n|-heal|p1a: Heatran|62\/100|[silent]\n|upkeep\n|turn|20\n|\n|t:|1699661685\n|move|p1a: Heatran|Earth Power|p2a: Heatran\n|-supereffective|p2a: Heatran\n|-damage|p2a: Heatran|0 fnt\n|faint|p2a: Heatran\n|\n|-heal|p1a: Heatran|68\/100|[from] Grassy Terrain\n|-heal|p1a: Heatran|75\/100|[from] item: Leftovers\n|upkeep\n|-message|xiaozhaolaogong forfeited.\n|\n|win|qinxiaoqing\n|raw|qinxiaoqing's rating: 1536 &rarr; <strong>1551<\/strong><br \/>(+15 for winning)\n|raw|xiaozhaolaogong's rating: 1448 &rarr; <strong>1433<\/strong><br \/>(-15 for losing)\n|l|\u2606xiaozhaolaogong\n","uploadtime":1699661698,"views":5,"p1id":"qinxiaoqing","p2id":"xiaozhaolaogong","formatid":"gen9nationaldex","rating":1433,"private":0,"password":""}