{"id":"gen9nationaldex-1989549477","p1":"ogerponice","p2":"Weestyx","format":"[Gen 9] National Dex","log":"|j|\u2606ogerponice\n|j|\u2606Weestyx\n|t:|1699869649\n|gametype|singles\n|player|p1|ogerponice|nurse|1217\n|player|p2|Weestyx|101|1212\n|teamsize|p1|6\n|teamsize|p2|6\n|gen|9\n|tier|[Gen 9] National Dex\n|rated|\n|rule|HP Percentage Mod: HP is shown in percentages\n|rule|Endless Battle Clause: Forcing endless battles is banned\n|rule|OHKO Clause: OHKO moves are banned\n|rule|Evasion Clause: Evasion abilities, items, and moves are banned\n|rule|Evasion Abilities Clause: Evasion abilities are banned\n|rule|Evasion Items Clause: Evasion items are banned\n|rule|Evasion Moves Clause: Evasion moves are banned\n|rule|Species Clause: Limit one of each Pok\u00e9mon\n|rule|Sleep Clause Mod: Limit one foe put to sleep\n|clearpoke\n|poke|p1|Moltres|\n|poke|p1|Alomomola, F|\n|poke|p1|Heatran, M|\n|poke|p1|Medicham, M|\n|poke|p1|Gliscor, M|\n|poke|p1|Great Tusk|\n|poke|p2|Gliscor, M|\n|poke|p2|Ferrothorn, M|\n|poke|p2|Garganacl, F|\n|poke|p2|Coalossal, F|\n|poke|p2|Serperior, M|\n|poke|p2|Dondozo, M|\n|teampreview\n|inactive|Battle timer is ON: inactive players will automatically lose when time's up. (requested by ogerponice)\n|\n|t:|1699869656\n|start\n|switch|p1a: Heatran|Heatran, M|100\/100\n|switch|p2a: Ferrothorn|Ferrothorn, M|100\/100\n|turn|1\n|\n|t:|1699869673\n|switch|p2a: Coalossal|Coalossal, F|100\/100\n|move|p1a: Heatran|Scorching Sands|p2a: Coalossal\n|-supereffective|p2a: Coalossal\n|-damage|p2a: Coalossal|11\/100\n|\n|upkeep\n|turn|2\n|\n|t:|1699869685\n|switch|p1a: Gliscor|Gliscor, M|100\/100\n|switch|p2a: Dondozo|Dondozo, M|100\/100\n|\n|-status|p1a: Gliscor|tox|[from] item: Toxic Orb\n|upkeep\n|turn|3\n|\n|t:|1699869696\n|switch|p2a: Gliscor|Gliscor, M|100\/100\n|move|p1a: Gliscor|Stealth Rock|p2a: Gliscor\n|-sidestart|p2: Weestyx|move: Stealth Rock\n|\n|-status|p2a: Gliscor|tox|[from] item: Toxic Orb\n|upkeep\n|turn|4\n|\n|t:|1699869708\n|switch|p1a: Great Tusk|Great Tusk|100\/100\n|move|p2a: Gliscor|Stealth Rock|p1a: Great Tusk\n|-sidestart|p1: ogerponice|move: Stealth Rock\n|\n|upkeep\n|turn|5\n|\n|t:|1699869717\n|switch|p2a: Ferrothorn|Ferrothorn, M|100\/100\n|-damage|p2a: Ferrothorn|94\/100|[from] Stealth Rock\n|move|p1a: Great Tusk|Ice Spinner|p2a: Ferrothorn\n|-crit|p2a: Ferrothorn\n|-damage|p2a: Ferrothorn|70\/100\n|-damage|p1a: Great Tusk|88\/100|[from] ability: Iron Barbs|[of] p2a: Ferrothorn\n|-damage|p1a: Great Tusk|72\/100|[from] item: Rocky Helmet|[of] p2a: Ferrothorn\n|\n|-heal|p1a: Great Tusk|78\/100|[from] item: Leftovers\n|upkeep\n|turn|6\n|\n|t:|1699869726\n|move|p1a: Great Tusk|Close Combat|p2a: Ferrothorn\n|-supereffective|p2a: Ferrothorn\n|-damage|p2a: Ferrothorn|3\/100\n|-unboost|p1a: Great Tusk|def|1\n|-unboost|p1a: Great Tusk|spd|1\n|-damage|p1a: Great Tusk|65\/100|[from] ability: Iron Barbs|[of] p2a: Ferrothorn\n|-damage|p1a: Great Tusk|49\/100|[from] item: Rocky Helmet|[of] p2a: Ferrothorn\n|move|p2a: Ferrothorn|Leech Seed|p1a: Great Tusk\n|-start|p1a: Great Tusk|move: Leech Seed\n|\n|-heal|p1a: Great Tusk|55\/100|[from] item: Leftovers\n|-damage|p1a: Great Tusk|43\/100|[from] Leech Seed|[of] p2a: Ferrothorn\n|-heal|p2a: Ferrothorn|16\/100|[silent]\n|upkeep\n|turn|7\n|\n|t:|1699869735\n|-end|p1a: Great Tusk|Protosynthesis|[silent]\n|switch|p1a: Moltres|Moltres|100\/100\n|switch|p2a: Gliscor|Gliscor, M|100\/100 tox\n|-damage|p2a: Gliscor|88\/100 tox|[from] Stealth Rock\n|\n|-heal|p2a: Gliscor|100\/100 tox|[from] ability: Poison Heal\n|upkeep\n|turn|8\n|\n|t:|1699869751\n|move|p2a: Gliscor|Toxic|p1a: Moltres\n|-status|p1a: Moltres|tox\n|move|p1a: Moltres|U-turn|p2a: Gliscor\n|-resisted|p2a: Gliscor\n|-damage|p2a: Gliscor|95\/100 tox\n|\n|t:|1699869757\n|switch|p1a: Great Tusk|Great Tusk|43\/100|[from] U-turn\n|-damage|p1a: Great Tusk|40\/100|[from] Stealth Rock\n|\n|-heal|p1a: Great Tusk|46\/100|[from] item: Leftovers\n|-heal|p2a: Gliscor|100\/100 tox|[from] ability: Poison Heal\n|upkeep\n|turn|9\n|\n|t:|1699869763\n|move|p2a: Gliscor|Toxic|p1a: Great Tusk\n|-status|p1a: Great Tusk|tox\n|move|p1a: Great Tusk|Rapid Spin|p2a: Gliscor\n|-crit|p2a: Gliscor\n|-damage|p2a: Gliscor|79\/100 tox\n|-boost|p1a: Great Tusk|spe|1\n|-sideend|p1: ogerponice|Stealth Rock|[from] move: Rapid Spin|[of] p1a: Great Tusk\n|\n|-heal|p1a: Great Tusk|52\/100 tox|[from] item: Leftovers\n|-damage|p1a: Great Tusk|46\/100 tox|[from] psn\n|-heal|p2a: Gliscor|91\/100 tox|[from] ability: Poison Heal\n|upkeep\n|turn|10\n|\n|t:|1699869770\n|move|p2a: Gliscor|Protect|p2a: Gliscor\n|-singleturn|p2a: Gliscor|Protect\n|move|p1a: Great Tusk|Ice Spinner|p2a: Gliscor\n|-activate|p2a: Gliscor|move: Protect\n|\n|-heal|p1a: Great Tusk|52\/100 tox|[from] item: Leftovers\n|-damage|p1a: Great Tusk|40\/100 tox|[from] psn\n|-heal|p2a: Gliscor|100\/100 tox|[from] ability: Poison Heal\n|upkeep\n|turn|11\n|\n|t:|1699869779\n|switch|p2a: Ferrothorn|Ferrothorn, M|16\/100\n|-damage|p2a: Ferrothorn|10\/100|[from] Stealth Rock\n|move|p1a: Great Tusk|Close Combat|p2a: Ferrothorn\n|-supereffective|p2a: Ferrothorn\n|-damage|p2a: Ferrothorn|0 fnt\n|-unboost|p1a: Great Tusk|def|1\n|-unboost|p1a: Great Tusk|spd|1\n|-damage|p1a: Great Tusk|27\/100 tox|[from] ability: Iron Barbs|[of] p2a: Ferrothorn\n|-damage|p1a: Great Tusk|11\/100 tox|[from] item: Rocky Helmet|[of] p2a: Ferrothorn\n|faint|p2a: Ferrothorn\n|\n|-heal|p1a: Great Tusk|17\/100 tox|[from] item: Leftovers\n|-damage|p1a: Great Tusk|0 fnt|[from] psn\n|faint|p1a: Great Tusk\n|-end|p1a: Great Tusk|Protosynthesis|[silent]\n|upkeep\n|\n|t:|1699869789\n|switch|p1a: Medicham|Medicham, M|100\/100\n|switch|p2a: Gliscor|Gliscor, M|100\/100 tox\n|-damage|p2a: Gliscor|88\/100 tox|[from] Stealth Rock\n|turn|12\n|\n|t:|1699869796\n|detailschange|p1a: Medicham|Medicham-Mega, M\n|-mega|p1a: Medicham|Medicham|Medichamite\n|move|p2a: Gliscor|Protect|p2a: Gliscor\n|-singleturn|p2a: Gliscor|Protect\n|move|p1a: Medicham|Fake Out|p2a: Gliscor\n|-activate|p2a: Gliscor|move: Protect\n|\n|-heal|p2a: Gliscor|100\/100 tox|[from] ability: Poison Heal\n|upkeep\n|turn|13\n|\n|t:|1699869807\n|switch|p1a: Moltres|Moltres|100\/100 tox\n|move|p2a: Gliscor|Toxic|p1a: Moltres\n|-fail|p1a: Moltres|tox\n|\n|-damage|p1a: Moltres|94\/100 tox|[from] psn\n|upkeep\n|turn|14\n|\n|t:|1699869815\n|move|p2a: Gliscor|Substitute|p2a: Gliscor\n|-start|p2a: Gliscor|Substitute\n|-damage|p2a: Gliscor|75\/100 tox\n|move|p1a: Moltres|U-turn|p2a: Gliscor\n|-resisted|p2a: Gliscor\n|-activate|p2a: Gliscor|move: Substitute|[damage]\n|\n|t:|1699869827\n|switch|p1a: Gliscor|Gliscor, M|100\/100 tox|[from] U-turn\n|\n|-heal|p2a: Gliscor|88\/100 tox|[from] ability: Poison Heal\n|upkeep\n|turn|15\n|\n|t:|1699869832\n|move|p2a: Gliscor|Stealth Rock|p1a: Gliscor\n|-sidestart|p1: ogerponice|move: Stealth Rock\n|move|p1a: Gliscor|Toxic Spikes|p2a: Gliscor\n|-sidestart|p2: Weestyx|move: Toxic Spikes\n|\n|-heal|p2a: Gliscor|99\/100 tox|[from] ability: Poison Heal\n|upkeep\n|turn|16\n|\n|t:|1699869850\n|switch|p2a: Dondozo|Dondozo, M|100\/100\n|-damage|p2a: Dondozo|88\/100|[from] Stealth Rock\n|-status|p2a: Dondozo|psn\n|move|p1a: Gliscor|Toxic Spikes|p2a: Dondozo\n|-sidestart|p2: Weestyx|move: Toxic Spikes\n|\n|-heal|p2a: Dondozo|94\/100 psn|[from] item: Leftovers\n|-damage|p2a: Dondozo|82\/100 psn|[from] psn\n|upkeep\n|turn|17\n|\n|t:|1699869864\n|move|p2a: Dondozo|Curse|p2a: Dondozo\n|-unboost|p2a: Dondozo|spe|1\n|-boost|p2a: Dondozo|atk|1\n|-boost|p2a: Dondozo|def|1\n|move|p1a: Gliscor|Counter||[still]\n|-fail|p1a: Gliscor\n|\n|-heal|p2a: Dondozo|88\/100 psn|[from] item: Leftovers\n|-damage|p2a: Dondozo|75\/100 psn|[from] psn\n|upkeep\n|turn|18\n|\n|t:|1699869870\n|switch|p1a: Medicham|Medicham-Mega, M|100\/100\n|-damage|p1a: Medicham|94\/100|[from] Stealth Rock\n|move|p2a: Dondozo|Curse|p2a: Dondozo\n|-unboost|p2a: Dondozo|spe|1\n|-boost|p2a: Dondozo|atk|1\n|-boost|p2a: Dondozo|def|1\n|\n|-heal|p2a: Dondozo|81\/100 psn|[from] item: Leftovers\n|-damage|p2a: Dondozo|69\/100 psn|[from] psn\n|upkeep\n|turn|19\n|\n|t:|1699869878\n|move|p1a: Medicham|Fake Out|p2a: Dondozo\n|-damage|p2a: Dondozo|63\/100 psn\n|cant|p2a: Dondozo|flinch\n|\n|-heal|p2a: Dondozo|69\/100 psn|[from] item: Leftovers\n|-damage|p2a: Dondozo|57\/100 psn|[from] psn\n|upkeep\n|turn|20\n|\n|t:|1699869886\n|move|p1a: Medicham|Close Combat|p2a: Dondozo\n|-damage|p2a: Dondozo|32\/100 psn\n|-unboost|p1a: Medicham|def|1\n|-unboost|p1a: Medicham|spd|1\n|move|p2a: Dondozo|Rest|p2a: Dondozo\n|-status|p2a: Dondozo|slp|[from] move: Rest\n|-heal|p2a: Dondozo|100\/100 slp|[silent]\n|\n|upkeep\n|turn|21\n|\n|t:|1699869900\n|switch|p1a: Moltres|Moltres|94\/100 tox\n|cant|p2a: Dondozo|slp\n|\n|-damage|p1a: Moltres|88\/100 tox|[from] psn\n|upkeep\n|turn|22\n|\n|t:|1699869909\n|-terastallize|p1a: Moltres|Grass\n|move|p1a: Moltres|Roost|p1a: Moltres\n|-heal|p1a: Moltres|100\/100 tox\n|cant|p2a: Dondozo|slp\n|\n|-damage|p1a: Moltres|88\/100 tox|[from] psn\n|upkeep\n|turn|23\n|\n|t:|1699869922\n|move|p1a: Moltres|U-turn|p2a: Dondozo\n|-damage|p2a: Dondozo|96\/100 slp\n|\n|t:|1699869928\n|switch|p1a: Alomomola|Alomomola, F|100\/100|[from] U-turn\n|-damage|p1a: Alomomola|88\/100|[from] Stealth Rock\n|-curestatus|p2a: Dondozo|slp|[msg]\n|move|p2a: Dondozo|Curse|p2a: Dondozo\n|-unboost|p2a: Dondozo|spe|1\n|-boost|p2a: Dondozo|atk|1\n|-boost|p2a: Dondozo|def|1\n|\n|-heal|p2a: Dondozo|100\/100|[from] item: Leftovers\n|upkeep\n|turn|24\n|\n|t:|1699869940\n|move|p1a: Alomomola|Knock Off|p2a: Dondozo\n|-damage|p2a: Dondozo|97\/100\n|-enditem|p2a: Dondozo|Leftovers|[from] move: Knock Off|[of] p1a: Alomomola\n|move|p2a: Dondozo|Curse|p2a: Dondozo\n|-unboost|p2a: Dondozo|spe|1\n|-boost|p2a: Dondozo|atk|1\n|-boost|p2a: Dondozo|def|1\n|\n|upkeep\n|turn|25\n|\n|t:|1699869950\n|move|p1a: Alomomola|Toxic|p2a: Dondozo\n|-status|p2a: Dondozo|tox\n|move|p2a: Dondozo|Body Press|p1a: Alomomola\n|-damage|p1a: Alomomola|26\/100\n|-damage|p2a: Dondozo|81\/100 tox|[from] item: Rocky Helmet|[of] p1a: Alomomola\n|\n|-damage|p2a: Dondozo|75\/100 tox|[from] psn\n|upkeep\n|turn|26\n|\n|t:|1699869957\n|switch|p1a: Moltres|Moltres, tera:Grass|88\/100 tox\n|move|p2a: Dondozo|Body Press|p1a: Moltres\n|-damage|p1a: Moltres|25\/100 tox\n|\n|-damage|p1a: Moltres|19\/100 tox|[from] psn\n|-damage|p2a: Dondozo|62\/100 tox|[from] psn\n|upkeep\n|turn|27\n|\n|t:|1699869967\n|switch|p1a: Alomomola|Alomomola, F|59\/100\n|-damage|p1a: Alomomola|47\/100|[from] Stealth Rock\n|move|p2a: Dondozo|Rest|p2a: Dondozo\n|-status|p2a: Dondozo|slp|[from] move: Rest\n|-heal|p2a: Dondozo|100\/100 slp|[silent]\n|\n|upkeep\n|turn|28\n|\n|t:|1699869977\n|switch|p1a: Medicham|Medicham-Mega, M|94\/100\n|-damage|p1a: Medicham|88\/100|[from] Stealth Rock\n|cant|p2a: Dondozo|slp\n|\n|upkeep\n|turn|29\n|\n|t:|1699869983\n|move|p1a: Medicham|Close Combat|p2a: Dondozo\n|-damage|p2a: Dondozo|83\/100 slp\n|-unboost|p1a: Medicham|def|1\n|-unboost|p1a: Medicham|spd|1\n|cant|p2a: Dondozo|slp\n|\n|upkeep\n|turn|30\n|\n|t:|1699869988\n|move|p1a: Medicham|Close Combat|p2a: Dondozo\n|-damage|p2a: Dondozo|63\/100 slp\n|-unboost|p1a: Medicham|def|1\n|-unboost|p1a: Medicham|spd|1\n|-curestatus|p2a: Dondozo|slp|[msg]\n|move|p2a: Dondozo|Curse|p2a: Dondozo\n|-unboost|p2a: Dondozo|spe|1\n|-boost|p2a: Dondozo|atk|1\n|-boost|p2a: Dondozo|def|1\n|\n|upkeep\n|turn|31\n|\n|t:|1699869996\n|move|p1a: Medicham|Zen Headbutt|p2a: Dondozo\n|-damage|p2a: Dondozo|52\/100\n|cant|p2a: Dondozo|flinch\n|\n|upkeep\n|turn|32\n|\n|t:|1699870003\n|move|p1a: Medicham|Zen Headbutt|p2a: Dondozo\n|-damage|p2a: Dondozo|43\/100\n|move|p2a: Dondozo|Curse|p2a: Dondozo\n|-unboost|p2a: Dondozo|spe|1\n|-boost|p2a: Dondozo|atk|1\n|-boost|p2a: Dondozo|def|1\n|\n|upkeep\n|turn|33\n|\n|t:|1699870009\n|move|p1a: Medicham|Close Combat|p2a: Dondozo\n|-crit|p2a: Dondozo\n|-damage|p2a: Dondozo|0 fnt\n|-unboost|p1a: Medicham|def|1\n|-unboost|p1a: Medicham|spd|1\n|faint|p2a: Dondozo\n|\n|upkeep\n|\n|t:|1699870020\n|switch|p2a: Gliscor|Gliscor, M|99\/100 tox\n|-damage|p2a: Gliscor|88\/100 tox|[from] Stealth Rock\n|turn|34\n|-message|Weestyx forfeited.\n|\n|win|ogerponice\n|raw|ogerponice's rating: 1217 &rarr; <strong>1242<\/strong><br \/>(+25 for winning)\n|raw|Weestyx's rating: 1212 &rarr; <strong>1187<\/strong><br \/>(-25 for losing)\n|l|\u2606Weestyx\n","uploadtime":1699870038,"views":4,"p1id":"ogerponice","p2id":"weestyx","formatid":"gen9nationaldex","rating":1187,"private":0,"password":""}