{"id":"gen9nationaldex-1997568144","p1":"Adriux15","p2":"Twizzytonka9","format":"[Gen 9] National Dex","log":"|html|<div class=\"broadcast-blue\"><strong>[Gen 9] National Dex is currently suspecting Sneasler! For information on how to participate check out the <a href=\"https:\/\/www.smogon.com\/forums\/threads\/sv-national-dex-suspect-8-just-dance.3731534\/\">suspect thread<\/a>.<\/strong><\/div>\n|j|\u2606Adriux15\n|j|\u2606Twizzytonka9\n|t:|1700826728\n|gametype|singles\n|player|p1|Adriux15|steven|1147\n|player|p2|Twizzytonka9|cynthia|1141\n|teamsize|p1|6\n|teamsize|p2|6\n|gen|9\n|tier|[Gen 9] National Dex\n|rated|\n|rule|HP Percentage Mod: HP is shown in percentages\n|rule|Endless Battle Clause: Forcing endless battles is banned\n|rule|OHKO Clause: OHKO moves are banned\n|rule|Evasion Clause: Evasion abilities, items, and moves are banned\n|rule|Evasion Abilities Clause: Evasion abilities are banned\n|rule|Evasion Items Clause: Evasion items are banned\n|rule|Evasion Moves Clause: Evasion moves are banned\n|rule|Species Clause: Limit one of each Pok\u00e9mon\n|rule|Sleep Clause Mod: Limit one foe put to sleep\n|clearpoke\n|poke|p1|Pelipper, M|\n|poke|p1|Basculegion, M|\n|poke|p1|Gastrodon, M|\n|poke|p1|Thundurus-Therian, M|\n|poke|p1|Urshifu-*, M|\n|poke|p1|Toxapex, M|\n|poke|p2|Beedrill, F|\n|poke|p2|Gliscor, F|\n|poke|p2|Grimmsnarl, M|\n|poke|p2|Ambipom, M|\n|poke|p2|Blaziken, F|\n|poke|p2|Sneasler, M|\n|teampreview\n|inactive|Battle timer is ON: inactive players will automatically lose when time's up. (requested by Twizzytonka9)\n|\n|t:|1700826736\n|start\n|switch|p1a: Pelipper|Pelipper, M|100\/100\n|switch|p2a: Blaziken|Blaziken, F, shiny|100\/100\n|-weather|RainDance|[from] ability: Drizzle|[of] p1a: Pelipper\n|turn|1\n|\n|t:|1700826742\n|switch|p2a: Grimmsnarl|Grimmsnarl, M, shiny|100\/100\n|move|p1a: Pelipper|Hurricane|p2a: Grimmsnarl\n|-crit|p2a: Grimmsnarl\n|-damage|p2a: Grimmsnarl|32\/100\n|\n|-weather|RainDance|[upkeep]\n|upkeep\n|turn|2\n|\n|t:|1700826749\n|move|p2a: Grimmsnarl|Thunder Wave|p1a: Pelipper|[miss]\n|-miss|p2a: Grimmsnarl|p1a: Pelipper\n|move|p1a: Pelipper|Hurricane|p2a: Grimmsnarl\n|-damage|p2a: Grimmsnarl|0 fnt\n|faint|p2a: Grimmsnarl\n|\n|-weather|RainDance|[upkeep]\n|upkeep\n|\n|t:|1700826754\n|switch|p2a: Ambipom|Ambipom, M, shiny|100\/100\n|turn|3\n|\n|t:|1700826758\n|move|p2a: Ambipom|Fake Out|p1a: Pelipper\n|-damage|p1a: Pelipper|71\/100\n|cant|p1a: Pelipper|flinch\n|\n|-weather|RainDance|[upkeep]\n|upkeep\n|turn|4\n|\n|t:|1700826763\n|switch|p1a: Urshifu|Urshifu-Rapid-Strike, M|100\/100\n|move|p2a: Ambipom|Power-Up Punch|p1a: Urshifu\n|-damage|p1a: Urshifu|81\/100\n|-boost|p2a: Ambipom|atk|1\n|\n|-weather|RainDance|[upkeep]\n|upkeep\n|turn|5\n|\n|t:|1700826770\n|-terastallize|p2a: Ambipom|Ghost\n|move|p1a: Urshifu|Surging Strikes|p2a: Ambipom\n|-crit|p2a: Ambipom\n|-damage|p2a: Ambipom|55\/100\n|-crit|p2a: Ambipom\n|-damage|p2a: Ambipom|9\/100\n|-crit|p2a: Ambipom\n|-damage|p2a: Ambipom|0 fnt\n|faint|p2a: Ambipom\n|-hitcount|p2: Ambipom|3\n|\n|-weather|RainDance|[upkeep]\n|upkeep\n|\n|t:|1700826782\n|switch|p2a: Sneasler|Sneasler, M|100\/100\n|turn|6\n|\n|t:|1700826786\n|move|p2a: Sneasler|Fake Out|p1a: Urshifu\n|-damage|p1a: Urshifu|61\/100\n|-damage|p2a: Sneasler|91\/100|[from] item: Life Orb\n|cant|p1a: Urshifu|flinch\n|\n|-weather|RainDance|[upkeep]\n|upkeep\n|turn|7\n|\n|t:|1700826795\n|move|p1a: Urshifu|Surging Strikes|p2a: Sneasler\n|-crit|p2a: Sneasler\n|-damage|p2a: Sneasler|41\/100\n|-crit|p2a: Sneasler\n|-damage|p2a: Sneasler|0 fnt\n|faint|p2a: Sneasler\n|-hitcount|p2: Sneasler|2\n|\n|-weather|RainDance|[upkeep]\n|upkeep\n|\n|t:|1700826803\n|switch|p2a: Gliscor|Gliscor, F, shiny|100\/100\n|turn|8\n|\n|t:|1700826806\n|move|p1a: Urshifu|Surging Strikes|p2a: Gliscor\n|-supereffective|p2a: Gliscor\n|-crit|p2a: Gliscor\n|-damage|p2a: Gliscor|41\/100\n|-supereffective|p2a: Gliscor\n|-crit|p2a: Gliscor\n|-damage|p2a: Gliscor|0 fnt\n|faint|p2a: Gliscor\n|-hitcount|p2: Gliscor|2\n|\n|-weather|none\n|upkeep\n|\n|t:|1700826808\n|switch|p2a: Beedrill|Beedrill, F, shiny|100\/100\n|turn|9\n|\n|t:|1700826817\n|detailschange|p2a: Beedrill|Beedrill-Mega, F, shiny\n|-mega|p2a: Beedrill|Beedrill|Beedrillite\n|-terastallize|p1a: Urshifu|Water\n|move|p1a: Urshifu|Surging Strikes|p2a: Beedrill\n|-crit|p2a: Beedrill\n|-damage|p2a: Beedrill|30\/100\n|-crit|p2a: Beedrill\n|-damage|p2a: Beedrill|0 fnt\n|faint|p2a: Beedrill\n|-hitcount|p2: Beedrill|2\n|\n|upkeep\n|\n|t:|1700826822\n|switch|p2a: Blaziken|Blaziken, F, shiny|100\/100\n|turn|10\n|\n|t:|1700826827\n|move|p1a: Urshifu|Surging Strikes|p2a: Blaziken\n|-supereffective|p2a: Blaziken\n|-crit|p2a: Blaziken\n|-damage|p2a: Blaziken|15\/100\n|-supereffective|p2a: Blaziken\n|-crit|p2a: Blaziken\n|-damage|p2a: Blaziken|0 fnt\n|faint|p2a: Blaziken\n|-hitcount|p2: Blaziken|2\n|\n|win|Adriux15\n|raw|Adriux15's rating: 1147 &rarr; <strong>1172<\/strong><br \/>(+25 for winning)\n|raw|Twizzytonka9's rating: 1141 &rarr; <strong>1116<\/strong><br \/>(-25 for losing)\n|c|\u2606Adriux15|GG\n","uploadtime":1700826837,"views":11,"p1id":"adriux15","p2id":"twizzytonka9","formatid":"gen9nationaldex","rating":1116,"private":0,"password":""}