{"id":"gen9nationaldex-1995430382","p1":"eelektrik funeral","p2":"NDSNEZ tagaza","format":"[Gen 9] National Dex","log":"|html|<div class=\"broadcast-blue\"><strong>[Gen 9] National Dex is currently suspecting Sneasler! For information on how to participate check out the <a href=\"https:\/\/www.smogon.com\/forums\/threads\/sv-national-dex-suspect-8-just-dance.3731534\/\">suspect thread<\/a>.<\/strong><\/div>\n|j|\u2606eelektrik funeral\n|j|\u2606NDSNEZ tagaza\n|t:|1700569811\n|gametype|singles\n|player|p1|eelektrik funeral|workerice|1356\n|player|p2|NDSNEZ tagaza|169|1250\n|teamsize|p1|6\n|teamsize|p2|6\n|gen|9\n|tier|[Gen 9] National Dex\n|rated|\n|rule|HP Percentage Mod: HP is shown in percentages\n|rule|Endless Battle Clause: Forcing endless battles is banned\n|rule|OHKO Clause: OHKO moves are banned\n|rule|Evasion Clause: Evasion abilities, items, and moves are banned\n|rule|Evasion Abilities Clause: Evasion abilities are banned\n|rule|Evasion Items Clause: Evasion items are banned\n|rule|Evasion Moves Clause: Evasion moves are banned\n|rule|Species Clause: Limit one of each Pok\u00e9mon\n|rule|Sleep Clause Mod: Limit one foe put to sleep\n|clearpoke\n|poke|p1|Aggron, F|\n|poke|p1|Mamoswine, F|\n|poke|p1|Zarude-Dada|\n|poke|p1|Salamence, M|\n|poke|p1|Quaquaval, F|\n|poke|p1|Rotom-Wash|\n|poke|p2|Hatterene, F|\n|poke|p2|Volcarona, F|\n|poke|p2|Tapu Lele|\n|poke|p2|Polteageist|\n|poke|p2|Sneasler, F|\n|poke|p2|Great Tusk|\n|teampreview\n|inactive|Battle timer is ON: inactive players will automatically lose when time's up. (requested by NDSNEZ tagaza)\n|\n|t:|1700569819\n|start\n|switch|p1a: Mr. Slam|Aggron, F|100\/100\n|switch|p2a: Tapu Lele|Tapu Lele|100\/100\n|-fieldstart|move: Psychic Terrain|[from] ability: Psychic Surge|[of] p2a: Tapu Lele\n|turn|1\n|\n|t:|1700569826\n|switch|p2a: Hatterene|Hatterene, F|100\/100\n|detailschange|p1a: Mr. Slam|Aggron-Mega, F\n|-mega|p1a: Mr. Slam|Aggron|Aggronite\n|move|p1a: Mr. Slam|Stealth Rock|p2a: Hatterene\n|move|p2a: Hatterene|Stealth Rock|p1a: Mr. Slam|[from]ability: Magic Bounce\n|-sidestart|p1: eelektrik funeral|move: Stealth Rock\n|\n|upkeep\n|turn|2\n|\n|t:|1700569837\n|move|p1a: Mr. Slam|Heavy Slam|p2a: Hatterene\n|-supereffective|p2a: Hatterene\n|-damage|p2a: Hatterene|9\/100\n|-enditem|p2a: Hatterene|Eject Button\n|\n|t:|1700569862\n|switch|p2a: Volcarona|Volcarona, F|100\/100\n|\n|upkeep\n|turn|3\n|\n|t:|1700569871\n|switch|p1a: Big Donny D|Quaquaval, F|100\/100\n|-damage|p1a: Big Donny D|94\/100|[from] Stealth Rock\n|move|p2a: Volcarona|Quiver Dance|p2a: Volcarona\n|-boost|p2a: Volcarona|spa|1\n|-boost|p2a: Volcarona|spd|1\n|-boost|p2a: Volcarona|spe|1\n|\n|upkeep\n|turn|4\n|\n|t:|1700569880\n|move|p2a: Volcarona|Quiver Dance|p2a: Volcarona\n|-boost|p2a: Volcarona|spa|1\n|-boost|p2a: Volcarona|spd|1\n|-boost|p2a: Volcarona|spe|1\n|-zpower|p1a: Big Donny D\n|move|p1a: Big Donny D|Supersonic Skystrike|p2a: Volcarona|[zeffect]\n|-supereffective|p2a: Volcarona\n|-damage|p2a: Volcarona|0 fnt\n|faint|p2a: Volcarona\n|-ability|p1a: Big Donny D|Moxie|boost\n|-boost|p1a: Big Donny D|atk|1\n|\n|upkeep\n|\n|t:|1700569900\n|switch|p2a: Polteageist|Polteageist|100\/100\n|turn|5\n|\n|t:|1700569905\n|move|p1a: Big Donny D|Aqua Step|p2a: Polteageist\n|-enditem|p2a: Polteageist|Focus Sash\n|-damage|p2a: Polteageist|1\/100\n|-boost|p1a: Big Donny D|spe|1\n|-ability|p2a: Polteageist|Weak Armor|boost\n|-unboost|p2a: Polteageist|def|1\n|-boost|p2a: Polteageist|spe|2\n|move|p2a: Polteageist|Shell Smash|p2a: Polteageist\n|-unboost|p2a: Polteageist|def|1\n|-unboost|p2a: Polteageist|spd|1\n|-boost|p2a: Polteageist|atk|2\n|-boost|p2a: Polteageist|spa|2\n|-boost|p2a: Polteageist|spe|2\n|\n|upkeep\n|turn|6\n|\n|t:|1700569915\n|switch|p1a: Monkibizniss|Zarude-Dada|100\/100\n|-damage|p1a: Monkibizniss|88\/100|[from] Stealth Rock\n|move|p2a: Polteageist|Stored Power|p1a: Monkibizniss\n|-immune|p1a: Monkibizniss\n|\n|upkeep\n|turn|7\n|\n|t:|1700569925\n|switch|p1a: What\u2019s for Dinner?|Salamence, M|100\/100\n|-damage|p1a: What\u2019s for Dinner?|76\/100|[from] Stealth Rock\n|-terastallize|p2a: Polteageist|Fighting\n|move|p2a: Polteageist|Tera Blast|p1a: What\u2019s for Dinner?|[anim] Tera Blast Fighting\n|-resisted|p1a: What\u2019s for Dinner?\n|-damage|p1a: What\u2019s for Dinner?|22\/100\n|\n|upkeep\n|turn|8\n|\n|t:|1700569934\n|move|p2a: Polteageist|Stored Power|p1a: What\u2019s for Dinner?\n|-damage|p1a: What\u2019s for Dinner?|0 fnt\n|faint|p1a: What\u2019s for Dinner?\n|\n|-fieldend|move: Psychic Terrain\n|upkeep\n|\n|t:|1700569936\n|switch|p1a: Wool Smith|Mamoswine, F|100\/100\n|-damage|p1a: Wool Smith|88\/100|[from] Stealth Rock\n|turn|9\n|\n|t:|1700569940\n|switch|p2a: Tapu Lele|Tapu Lele|100\/100\n|-fieldstart|move: Psychic Terrain|[from] ability: Psychic Surge|[of] p2a: Tapu Lele\n|move|p1a: Wool Smith|Ice Shard|p2a: Tapu Lele\n|-activate|p2a: Tapu Lele|move: Psychic Terrain\n|\n|upkeep\n|turn|10\n|\n|t:|1700569962\n|switch|p2a: Great Tusk|Great Tusk|100\/100\n|-enditem|p2a: Great Tusk|Booster Energy\n|-activate|p2a: Great Tusk|ability: Protosynthesis|[fromitem]\n|-start|p2a: Great Tusk|protosynthesisspe\n|switch|p1a: $2.50|Rotom-Wash|100\/100\n|-damage|p1a: $2.50|88\/100|[from] Stealth Rock\n|\n|-heal|p1a: $2.50|94\/100|[from] item: Leftovers\n|upkeep\n|turn|11\n|\n|t:|1700569975\n|move|p2a: Great Tusk|Bulk Up|p2a: Great Tusk\n|-boost|p2a: Great Tusk|atk|1\n|-boost|p2a: Great Tusk|def|1\n|move|p1a: $2.50|Hydro Pump|p2a: Great Tusk|[miss]\n|-miss|p1a: $2.50|p2a: Great Tusk\n|\n|-heal|p1a: $2.50|100\/100|[from] item: Leftovers\n|upkeep\n|turn|12\n|\n|t:|1700569980\n|move|p2a: Great Tusk|Close Combat|p1a: $2.50\n|-damage|p1a: $2.50|25\/100\n|-unboost|p2a: Great Tusk|def|1\n|-unboost|p2a: Great Tusk|spd|1\n|move|p1a: $2.50|Hydro Pump|p2a: Great Tusk\n|-supereffective|p2a: Great Tusk\n|-damage|p2a: Great Tusk|0 fnt\n|faint|p2a: Great Tusk\n|-end|p2a: Great Tusk|Protosynthesis|[silent]\n|\n|-heal|p1a: $2.50|31\/100|[from] item: Leftovers\n|upkeep\n|\n|t:|1700569999\n|switch|p2a: Tapu Lele|Tapu Lele|100\/100\n|turn|13\n|\n|t:|1700570007\n|switch|p1a: Mr. Slam|Aggron-Mega, F|100\/100\n|-damage|p1a: Mr. Slam|94\/100|[from] Stealth Rock\n|move|p2a: Tapu Lele|Moonblast|p1a: Mr. Slam\n|-resisted|p1a: Mr. Slam\n|-damage|p1a: Mr. Slam|75\/100\n|\n|upkeep\n|turn|14\n|\n|t:|1700570023\n|switch|p2a: Hatterene|Hatterene, F|9\/100\n|move|p1a: Mr. Slam|Heavy Slam|p2a: Hatterene\n|-supereffective|p2a: Hatterene\n|-damage|p2a: Hatterene|0 fnt\n|faint|p2a: Hatterene\n|\n|upkeep\n|\n|t:|1700570026\n|switch|p2a: Polteageist|Polteageist, tera:Fighting|1\/100\n|turn|15\n|\n|t:|1700570037\n|switch|p1a: $2.50|Rotom-Wash|31\/100\n|-damage|p1a: $2.50|18\/100|[from] Stealth Rock\n|move|p2a: Polteageist|Tera Blast|p1a: $2.50|[anim] Tera Blast Fighting\n|-damage|p1a: $2.50|0 fnt\n|faint|p1a: $2.50\n|\n|upkeep\n|\n|t:|1700570042\n|switch|p1a: Big Donny D|Quaquaval, F|94\/100\n|-damage|p1a: Big Donny D|88\/100|[from] Stealth Rock\n|turn|16\n|\n|t:|1700570055\n|move|p1a: Big Donny D|Rapid Spin|p2a: Polteageist\n|-damage|p2a: Polteageist|0 fnt\n|-boost|p1a: Big Donny D|spe|1\n|-sideend|p1: eelektrik funeral|Stealth Rock|[from] move: Rapid Spin|[of] p1a: Big Donny D\n|faint|p2a: Polteageist\n|-ability|p1a: Big Donny D|Moxie|boost\n|-boost|p1a: Big Donny D|atk|1\n|\n|-fieldend|move: Psychic Terrain\n|upkeep\n|\n|t:|1700570059\n|switch|p2a: Tapu Lele|Tapu Lele|100\/100\n|-fieldstart|move: Psychic Terrain|[from] ability: Psychic Surge|[of] p2a: Tapu Lele\n|turn|17\n|\n|t:|1700570065\n|move|p1a: Big Donny D|Aqua Step|p2a: Tapu Lele\n|-damage|p2a: Tapu Lele|12\/100\n|-boost|p1a: Big Donny D|spe|1\n|move|p2a: Tapu Lele|Psychic|p1a: Big Donny D\n|-supereffective|p1a: Big Donny D\n|-damage|p1a: Big Donny D|0 fnt\n|faint|p1a: Big Donny D\n|\n|upkeep\n|\n|t:|1700570077\n|switch|p1a: Monkibizniss|Zarude-Dada|88\/100\n|turn|18\n|\n|t:|1700570080\n|move|p1a: Monkibizniss|U-turn|p2a: Tapu Lele\n|-crit|p2a: Tapu Lele\n|-damage|p2a: Tapu Lele|0 fnt\n|faint|p2a: Tapu Lele\n|\n|t:|1700570091\n|switch|p1a: Mr. Slam|Aggron-Mega, F|75\/100|[from] U-turn\n|\n|upkeep\n|\n|t:|1700570093\n|switch|p2a: Sneasler|Sneasler, F|100\/100\n|-enditem|p2a: Sneasler|Psychic Seed\n|-boost|p2a: Sneasler|spd|1|[from] item: Psychic Seed\n|turn|19\n|\n|t:|1700570095\n|move|p2a: Sneasler|Swords Dance|p2a: Sneasler\n|-boost|p2a: Sneasler|atk|2\n|move|p1a: Mr. Slam|Iron Defense|p1a: Mr. Slam\n|-boost|p1a: Mr. Slam|def|2\n|\n|upkeep\n|turn|20\n|\n|t:|1700570107\n|move|p2a: Sneasler|Swords Dance|p2a: Sneasler\n|-boost|p2a: Sneasler|atk|2\n|move|p1a: Mr. Slam|Heavy Slam|p2a: Sneasler\n|-damage|p2a: Sneasler|10\/100\n|\n|upkeep\n|turn|21\n|\n|t:|1700570112\n|move|p2a: Sneasler|Close Combat|p1a: Mr. Slam\n|-supereffective|p1a: Mr. Slam\n|-damage|p1a: Mr. Slam|0 fnt\n|-unboost|p2a: Sneasler|def|1\n|-unboost|p2a: Sneasler|spd|1\n|faint|p1a: Mr. Slam\n|\n|upkeep\n|\n|t:|1700570121\n|switch|p1a: Monkibizniss|Zarude-Dada|88\/100\n|turn|22\n|\n|t:|1700570125\n|move|p2a: Sneasler|Acrobatics|p1a: Monkibizniss\n|-supereffective|p1a: Monkibizniss\n|-crit|p1a: Monkibizniss\n|-damage|p1a: Monkibizniss|0 fnt\n|faint|p1a: Monkibizniss\n|\n|upkeep\n|\n|t:|1700570128\n|switch|p1a: Wool Smith|Mamoswine, F|88\/100\n|turn|23\n|\n|t:|1700570136\n|-terastallize|p1a: Wool Smith|Flying\n|move|p2a: Sneasler|Close Combat|p1a: Wool Smith\n|-resisted|p1a: Wool Smith\n|-damage|p1a: Wool Smith|0 fnt\n|-unboost|p2a: Sneasler|def|1\n|-unboost|p2a: Sneasler|spd|1\n|faint|p1a: Wool Smith\n|\n|win|NDSNEZ tagaza\n|raw|eelektrik funeral's rating: 1356 &rarr; <strong>1330<\/strong><br \/>(-26 for losing)\n|raw|NDSNEZ tagaza's rating: 1250 &rarr; <strong>1282<\/strong><br \/>(+32 for winning)\n","uploadtime":1700570142,"views":5,"p1id":"eelektrikfuneral","p2id":"ndsneztagaza","formatid":"gen9nationaldex","rating":1282,"private":0,"password":""}