{"id":"gen9nationaldex-1993028802","p1":"ifydufyuoutcd","p2":"CapNTyreezy","format":"[Gen 9] National Dex","log":"|j|\u2606ifydufyuoutcd\n|j|\u2606CapNTyreezy\n|t:|1700257015\n|gametype|singles\n|player|p1|ifydufyuoutcd|kimonogirl|1178\n|player|p2|CapNTyreezy|lucas|1120\n|teamsize|p1|6\n|teamsize|p2|6\n|gen|9\n|tier|[Gen 9] National Dex\n|rated|\n|rule|HP Percentage Mod: HP is shown in percentages\n|rule|Endless Battle Clause: Forcing endless battles is banned\n|rule|OHKO Clause: OHKO moves are banned\n|rule|Evasion Clause: Evasion abilities, items, and moves are banned\n|rule|Evasion Abilities Clause: Evasion abilities are banned\n|rule|Evasion Items Clause: Evasion items are banned\n|rule|Evasion Moves Clause: Evasion moves are banned\n|rule|Species Clause: Limit one of each Pok\u00e9mon\n|rule|Sleep Clause Mod: Limit one foe put to sleep\n|clearpoke\n|poke|p1|Alomomola, M|\n|poke|p1|Skeledirge, M|\n|poke|p1|Urshifu-*, M|\n|poke|p1|Great Tusk|\n|poke|p1|Tapu Lele|\n|poke|p1|Zapdos|\n|poke|p2|Ferrothorn, F|\n|poke|p2|Quagsire, M|\n|poke|p2|Clefable, F|\n|poke|p2|Rotom-Wash|\n|poke|p2|Toxapex, F|\n|poke|p2|Tyranitar, M|\n|teampreview\n|inactive|Battle timer is ON: inactive players will automatically lose when time's up. (requested by ifydufyuoutcd)\n|\n|t:|1700257026\n|start\n|switch|p1a: Urshifu|Urshifu-Rapid-Strike, M|100\/100\n|switch|p2a: Quagsire|Quagsire, M|100\/100\n|turn|1\n|\n|t:|1700257034\n|switch|p2a: Ferrothorn|Ferrothorn, F|100\/100\n|move|p1a: Urshifu|U-turn|p2a: Ferrothorn\n|-damage|p2a: Ferrothorn|79\/100\n|-damage|p1a: Urshifu|88\/100|[from] ability: Iron Barbs|[of] p2a: Ferrothorn\n|-damage|p1a: Urshifu|72\/100|[from] item: Rocky Helmet|[of] p2a: Ferrothorn\n|\n|t:|1700257037\n|switch|p1a: Tapu Lele|Tapu Lele|100\/100|[from] U-turn\n|-fieldstart|move: Psychic Terrain|[from] ability: Psychic Surge|[of] p1a: Tapu Lele\n|\n|upkeep\n|turn|2\n|\n|t:|1700257045\n|move|p1a: Tapu Lele|Hidden Power|p2a: Ferrothorn\n|-supereffective|p2a: Ferrothorn\n|-damage|p2a: Ferrothorn|0 fnt\n|faint|p2a: Ferrothorn\n|\n|upkeep\n|\n|t:|1700257049\n|switch|p2a: Quagsire|Quagsire, M|100\/100\n|turn|3\n|\n|t:|1700257054\n|switch|p1a: Alomomola|Alomomola, M|100\/100\n|move|p2a: Quagsire|Amnesia|p2a: Quagsire\n|-boost|p2a: Quagsire|spd|2\n|\n|upkeep\n|turn|4\n|\n|t:|1700257058\n|move|p1a: Alomomola|Flip Turn|p2a: Quagsire\n|-damage|p2a: Quagsire|91\/100\n|\n|t:|1700257060\n|switch|p1a: Urshifu|Urshifu-Rapid-Strike, M|72\/100|[from] Flip Turn\n|move|p2a: Quagsire|Curse|p2a: Quagsire\n|-unboost|p2a: Quagsire|spe|1\n|-boost|p2a: Quagsire|atk|1\n|-boost|p2a: Quagsire|def|1\n|\n|-heal|p2a: Quagsire|97\/100|[from] item: Leftovers\n|upkeep\n|turn|5\n|\n|t:|1700257063\n|move|p1a: Urshifu|Close Combat|p2a: Quagsire\n|-damage|p2a: Quagsire|50\/100\n|-unboost|p1a: Urshifu|def|1\n|-unboost|p1a: Urshifu|spd|1\n|move|p2a: Quagsire|Curse|p2a: Quagsire\n|-unboost|p2a: Quagsire|spe|1\n|-boost|p2a: Quagsire|atk|1\n|-boost|p2a: Quagsire|def|1\n|\n|-heal|p2a: Quagsire|56\/100|[from] item: Leftovers\n|-fieldend|move: Psychic Terrain\n|upkeep\n|turn|6\n|\n|t:|1700257076\n|switch|p1a: Skeledirge|Skeledirge, M|100\/100\n|move|p2a: Quagsire|Recover|p2a: Quagsire\n|-heal|p2a: Quagsire|100\/100\n|\n|upkeep\n|turn|7\n|\n|t:|1700257082\n|move|p1a: Skeledirge|Will-O-Wisp|p2a: Quagsire\n|-status|p2a: Quagsire|brn\n|move|p2a: Quagsire|Amnesia|p2a: Quagsire\n|-boost|p2a: Quagsire|spd|2\n|\n|-damage|p2a: Quagsire|94\/100 brn|[from] brn\n|upkeep\n|turn|8\n|\n|t:|1700257088\n|move|p1a: Skeledirge|Hex|p2a: Quagsire\n|-damage|p2a: Quagsire|34\/100 brn\n|move|p2a: Quagsire|Curse|p2a: Quagsire\n|-unboost|p2a: Quagsire|spe|1\n|-boost|p2a: Quagsire|atk|1\n|-boost|p2a: Quagsire|def|1\n|\n|-heal|p2a: Quagsire|40\/100 brn|[from] item: Leftovers\n|-damage|p2a: Quagsire|34\/100 brn|[from] brn\n|upkeep\n|turn|9\n|\n|t:|1700257099\n|switch|p2a: Tyranitar|Tyranitar, M|100\/100\n|-weather|Sandstorm|[from] ability: Sand Stream|[of] p2a: Tyranitar\n|move|p1a: Skeledirge|Hex|p2a: Tyranitar\n|-resisted|p2a: Tyranitar\n|-damage|p2a: Tyranitar|93\/100\n|\n|-weather|Sandstorm|[upkeep]\n|-damage|p1a: Skeledirge|94\/100|[from] Sandstorm\n|upkeep\n|turn|10\n|\n|t:|1700257108\n|switch|p1a: Alomomola|Alomomola, M|100\/100\n|detailschange|p2a: Tyranitar|Tyranitar-Mega, M\n|-mega|p2a: Tyranitar|Tyranitar|Tyranitarite\n|move|p2a: Tyranitar|Power Gem|p1a: Alomomola\n|-damage|p1a: Alomomola|53\/100\n|\n|-weather|Sandstorm|[upkeep]\n|-damage|p1a: Alomomola|47\/100|[from] Sandstorm\n|upkeep\n|turn|11\n|\n|t:|1700257112\n|switch|p1a: Great Tusk|Great Tusk|100\/100\n|move|p2a: Tyranitar|Power Gem|p1a: Great Tusk\n|-resisted|p1a: Great Tusk\n|-crit|p1a: Great Tusk\n|-damage|p1a: Great Tusk|78\/100\n|\n|-weather|Sandstorm|[upkeep]\n|upkeep\n|turn|12\n|\n|t:|1700257116\n|switch|p2a: Rotom|Rotom-Wash|100\/100\n|move|p1a: Great Tusk|Close Combat|p2a: Rotom\n|-crit|p2a: Rotom\n|-damage|p2a: Rotom|0 fnt\n|-unboost|p1a: Great Tusk|def|1\n|-unboost|p1a: Great Tusk|spd|1\n|faint|p2a: Rotom\n|\n|-weather|Sandstorm|[upkeep]\n|upkeep\n|\n|t:|1700257123\n|switch|p2a: Tyranitar|Tyranitar-Mega, M|93\/100\n|turn|13\n|\n|t:|1700257130\n|switch|p2a: Toxapex|Toxapex, F|100\/100\n|move|p1a: Great Tusk|Close Combat|p2a: Toxapex\n|-resisted|p2a: Toxapex\n|-damage|p2a: Toxapex|83\/100\n|-unboost|p1a: Great Tusk|def|1\n|-unboost|p1a: Great Tusk|spd|1\n|\n|-weather|none\n|-heal|p2a: Toxapex|89\/100|[from] item: Leftovers\n|upkeep\n|turn|14\n|c|\u2606CapNTyreezy|That killed my strat ngl\n|c|\u2606CapNTyreezy|Good job\n|-message|CapNTyreezy forfeited.\n|\n|win|ifydufyuoutcd\n|raw|ifydufyuoutcd's rating: 1178 &rarr; <strong>1199<\/strong><br \/>(+21 for winning)\n|raw|CapNTyreezy's rating: 1120 &rarr; <strong>1099<\/strong><br \/>(-21 for losing)\n|l|\u2606CapNTyreezy\n","uploadtime":1700257278,"views":6,"p1id":"ifydufyuoutcd","p2id":"capntyreezy","formatid":"gen9nationaldex","rating":1099,"private":0,"password":""}