{"id":"gen9nationaldex-1991118860","p1":"Amshell","p2":"steals many wives","format":"[Gen 9] National Dex","log":"|j|\u2606Amshell\n|j|\u2606steals many wives\n|t:|1700045798\n|gametype|singles\n|player|p1|Amshell|ethan|1077\n|player|p2|steals many wives|waitress|1159\n|teamsize|p1|6\n|teamsize|p2|6\n|gen|9\n|tier|[Gen 9] National Dex\n|rated|\n|rule|HP Percentage Mod: HP is shown in percentages\n|rule|Endless Battle Clause: Forcing endless battles is banned\n|rule|OHKO Clause: OHKO moves are banned\n|rule|Evasion Clause: Evasion abilities, items, and moves are banned\n|rule|Evasion Abilities Clause: Evasion abilities are banned\n|rule|Evasion Items Clause: Evasion items are banned\n|rule|Evasion Moves Clause: Evasion moves are banned\n|rule|Species Clause: Limit one of each Pok\u00e9mon\n|rule|Sleep Clause Mod: Limit one foe put to sleep\n|clearpoke\n|poke|p1|Typhlosion, M|\n|poke|p1|Togekiss, F|\n|poke|p1|Politoed, M|\n|poke|p1|Umbreon, M|\n|poke|p1|Gyarados, M|\n|poke|p1|Dragonite, M|\n|poke|p2|Aggron, M|\n|poke|p2|Ferrothorn, M|\n|poke|p2|Goodra-Hisui, F|\n|poke|p2|Celesteela|\n|poke|p2|Heatran, M|\n|poke|p2|Excadrill, M|\n|teampreview\n|inactive|Battle timer is ON: inactive players will automatically lose when time's up. (requested by Amshell)\n|\n|t:|1700045819\n|start\n|switch|p1a: Gyarados|Gyarados, M, shiny|100\/100\n|switch|p2a: Lego|Ferrothorn, M|100\/100\n|-ability|p1a: Gyarados|Intimidate|boost\n|-unboost|p2a: Lego|atk|1\n|turn|1\n|\n|t:|1700045831\n|switch|p1a: Typhlosion|Typhlosion, M|100\/100\n|move|p2a: Lego|Stealth Rock|p1a: Typhlosion\n|-sidestart|p1: Amshell|move: Stealth Rock\n|\n|upkeep\n|turn|2\n|\n|t:|1700045840\n|switch|p1a: Gyarados|Gyarados, M, shiny|100\/100\n|-damage|p1a: Gyarados|76\/100|[from] Stealth Rock\n|-ability|p1a: Gyarados|Intimidate|boost\n|-unboost|p2a: Lego|atk|1\n|switch|p2a: Slag Heap|Heatran, M|100\/100\n|\n|upkeep\n|turn|3\n|\n|t:|1700045858\n|switch|p2a: Team Rocket|Celesteela|100\/100\n|move|p1a: Gyarados|Waterfall|p2a: Team Rocket\n|-damage|p2a: Team Rocket|69\/100\n|\n|-heal|p2a: Team Rocket|75\/100|[from] item: Leftovers\n|upkeep\n|turn|4\n|\n|t:|1700045870\n|move|p1a: Gyarados|Dragon Dance|p1a: Gyarados\n|-boost|p1a: Gyarados|atk|1\n|-boost|p1a: Gyarados|spe|1\n|move|p2a: Team Rocket|Leech Seed|p1a: Gyarados\n|-start|p1a: Gyarados|move: Leech Seed\n|\n|-heal|p2a: Team Rocket|81\/100|[from] item: Leftovers\n|-damage|p1a: Gyarados|63\/100|[from] Leech Seed|[of] p2a: Team Rocket\n|-heal|p2a: Team Rocket|92\/100|[silent]\n|upkeep\n|turn|5\n|\n|t:|1700045880\n|move|p1a: Gyarados|Waterfall|p2a: Team Rocket\n|-damage|p2a: Team Rocket|42\/100\n|move|p2a: Team Rocket|Fly||[still]\n|-prepare|p2a: Team Rocket|Fly\n|\n|-heal|p2a: Team Rocket|48\/100|[from] item: Leftovers\n|-damage|p1a: Gyarados|51\/100|[from] Leech Seed|[of] p2a: Team Rocket\n|-heal|p2a: Team Rocket|59\/100|[silent]\n|upkeep\n|turn|6\n|\n|t:|1700045893\n|move|p1a: Gyarados|Dragon Dance|p1a: Gyarados\n|-boost|p1a: Gyarados|atk|1\n|-boost|p1a: Gyarados|spe|1\n|move|p2a: Team Rocket|Fly|p1a: Gyarados|[from]lockedmove\n|-damage|p1a: Gyarados|10\/100\n|\n|-heal|p2a: Team Rocket|65\/100|[from] item: Leftovers\n|-damage|p1a: Gyarados|0 fnt|[from] Leech Seed|[of] p2a: Team Rocket\n|-heal|p2a: Team Rocket|73\/100|[silent]\n|faint|p1a: Gyarados\n|upkeep\n|\n|t:|1700045906\n|switch|p1a: Dragonite|Dragonite, M|100\/100\n|-damage|p1a: Dragonite|76\/100|[from] Stealth Rock\n|turn|7\n|\n|t:|1700045914\n|move|p1a: Dragonite|Dragon Dance|p1a: Dragonite\n|-boost|p1a: Dragonite|atk|1\n|-boost|p1a: Dragonite|spe|1\n|move|p2a: Team Rocket|Leech Seed|p1a: Dragonite\n|-start|p1a: Dragonite|move: Leech Seed\n|\n|-heal|p2a: Team Rocket|80\/100|[from] item: Leftovers\n|-damage|p1a: Dragonite|63\/100|[from] Leech Seed|[of] p2a: Team Rocket\n|-heal|p2a: Team Rocket|90\/100|[silent]\n|upkeep\n|turn|8\n|\n|t:|1700045927\n|move|p1a: Dragonite|Fire Punch|p2a: Team Rocket\n|-supereffective|p2a: Team Rocket\n|-damage|p2a: Team Rocket|27\/100\n|move|p2a: Team Rocket|Fly||[still]\n|-prepare|p2a: Team Rocket|Fly\n|\n|-heal|p2a: Team Rocket|33\/100|[from] item: Leftovers\n|-damage|p1a: Dragonite|51\/100|[from] Leech Seed|[of] p2a: Team Rocket\n|-heal|p2a: Team Rocket|44\/100|[silent]\n|upkeep\n|turn|9\n|\n|t:|1700045938\n|move|p1a: Dragonite|Dragon Dance|p1a: Dragonite\n|-boost|p1a: Dragonite|atk|1\n|-boost|p1a: Dragonite|spe|1\n|move|p2a: Team Rocket|Fly|p1a: Dragonite|[from]lockedmove\n|-damage|p1a: Dragonite|14\/100\n|\n|-heal|p2a: Team Rocket|50\/100|[from] item: Leftovers\n|-damage|p1a: Dragonite|1\/100|[from] Leech Seed|[of] p2a: Team Rocket\n|-heal|p2a: Team Rocket|60\/100|[silent]\n|upkeep\n|turn|10\n|\n|t:|1700045951\n|move|p2a: Team Rocket|Protect|p2a: Team Rocket\n|-singleturn|p2a: Team Rocket|Protect\n|move|p1a: Dragonite|Extreme Speed|p2a: Team Rocket\n|-activate|p2a: Team Rocket|move: Protect\n|\n|-heal|p2a: Team Rocket|67\/100|[from] item: Leftovers\n|-damage|p1a: Dragonite|0 fnt|[from] Leech Seed|[of] p2a: Team Rocket\n|-heal|p2a: Team Rocket|67\/100|[silent]\n|faint|p1a: Dragonite\n|upkeep\n|-message|Amshell forfeited.\n|\n|win|steals many wives\n|raw|Amshell's rating: 1077 &rarr; <strong>1060<\/strong><br \/>(-17 for losing)\n|raw|steals many wives's rating: 1159 &rarr; <strong>1178<\/strong><br \/>(+19 for winning)\n|l|\u2606Amshell\n","uploadtime":1700045963,"views":3,"p1id":"amshell","p2id":"stealsmanywives","formatid":"gen9nationaldex","rating":1060,"private":0,"password":""}