{"id":"gen9nationaldex-1987956424","p1":"skyltie","p2":"HolyChomper","format":"[Gen 9] National Dex","log":"|j|\u2606skyltie\n|j|\u2606HolyChomper\n|t:|1699652949\n|gametype|singles\n|player|p1|skyltie|clay|1189\n|player|p2|HolyChomper|crasherwake|1203\n|teamsize|p1|6\n|teamsize|p2|6\n|gen|9\n|tier|[Gen 9] National Dex\n|rated|\n|rule|HP Percentage Mod: HP is shown in percentages\n|rule|Endless Battle Clause: Forcing endless battles is banned\n|rule|OHKO Clause: OHKO moves are banned\n|rule|Evasion Clause: Evasion abilities, items, and moves are banned\n|rule|Evasion Abilities Clause: Evasion abilities are banned\n|rule|Evasion Items Clause: Evasion items are banned\n|rule|Evasion Moves Clause: Evasion moves are banned\n|rule|Species Clause: Limit one of each Pok\u00e9mon\n|rule|Sleep Clause Mod: Limit one foe put to sleep\n|clearpoke\n|poke|p1|Swampert, M|\n|poke|p1|Regirock|\n|poke|p1|Dondozo, M|\n|poke|p1|Breloom, M|\n|poke|p1|Pelipper, F|\n|poke|p1|Rotom-Wash|\n|poke|p2|Pelipper, M|\n|poke|p2|Swampert, M|\n|poke|p2|Overqwil, F|\n|poke|p2|Goodra, F|\n|poke|p2|Kilowattrel, F|\n|poke|p2|Scizor, F|\n|teampreview\n|c|\u2606HolyChomper|glhf\n|c|\u2606skyltie|utoo\n|\n|t:|1699652960\n|start\n|switch|p1a: Regirock|Regirock, shiny|100\/100\n|switch|p2a: Scizor|Scizor, F|100\/100\n|turn|1\n|c|\u2606skyltie|another rain team enjoyer i see\n|\n|t:|1699652971\n|move|p2a: Scizor|Close Combat|p1a: Regirock\n|-supereffective|p1a: Regirock\n|-damage|p1a: Regirock|54\/100\n|-unboost|p2a: Scizor|def|1\n|-unboost|p2a: Scizor|spd|1\n|move|p1a: Regirock|Stealth Rock|p2a: Scizor\n|-sidestart|p2: HolyChomper|move: Stealth Rock\n|\n|-heal|p1a: Regirock|60\/100|[from] item: Leftovers\n|upkeep\n|turn|2\n|c|\u2606HolyChomper|eyyyy\n|c|\u2606HolyChomper|you know it\n|\n|t:|1699652989\n|move|p2a: Scizor|Close Combat|p1a: Regirock\n|-supereffective|p1a: Regirock\n|-damage|p1a: Regirock|10\/100\n|-unboost|p2a: Scizor|def|1\n|-unboost|p2a: Scizor|spd|1\n|move|p1a: Regirock|Rock Slide|p2a: Scizor|[miss]\n|-miss|p1a: Regirock|p2a: Scizor\n|\n|-heal|p1a: Regirock|16\/100|[from] item: Leftovers\n|upkeep\n|turn|3\n|\n|t:|1699652998\n|move|p2a: Scizor|Bullet Punch|p1a: Regirock\n|-supereffective|p1a: Regirock\n|-damage|p1a: Regirock|0 fnt\n|faint|p1a: Regirock\n|\n|upkeep\n|\n|t:|1699653004\n|switch|p1a: Breloom|Breloom, M, shiny|100\/100\n|turn|4\n|\n|t:|1699653008\n|switch|p2a: Pelipper|Pelipper, M|100\/100\n|-damage|p2a: Pelipper|75\/100|[from] Stealth Rock\n|-weather|RainDance|[from] ability: Drizzle|[of] p2a: Pelipper\n|move|p1a: Breloom|Power-Up Punch|p2a: Pelipper\n|-resisted|p2a: Pelipper\n|-damage|p2a: Pelipper|66\/100\n|-boost|p1a: Breloom|atk|1\n|\n|-weather|RainDance|[upkeep]\n|-status|p1a: Breloom|tox|[from] item: Toxic Orb\n|upkeep\n|turn|5\n|\n|t:|1699653021\n|switch|p1a: Dondozo|Dondozo, M|100\/100\n|move|p2a: Pelipper|Hurricane|p1a: Dondozo\n|-damage|p1a: Dondozo|65\/100\n|\n|-weather|RainDance|[upkeep]\n|upkeep\n|turn|6\n|\n|t:|1699653028\n|move|p2a: Pelipper|Defog|p1a: Dondozo\n|-unboost|p1a: Dondozo|evasion|1\n|-sideend|p2: HolyChomper|Stealth Rock|[from] move: Defog|[of] p2a: Pelipper\n|move|p1a: Dondozo|Double-Edge|p2a: Pelipper\n|-damage|p2a: Pelipper|24\/100\n|-damage|p1a: Dondozo|56\/100|[from] Recoil\n|\n|-weather|RainDance|[upkeep]\n|upkeep\n|turn|7\n|\n|t:|1699653036\n|move|p2a: Pelipper|Roost|p2a: Pelipper\n|-heal|p2a: Pelipper|74\/100\n|-singleturn|p2a: Pelipper|move: Roost\n|move|p1a: Dondozo|Double-Edge|p2a: Pelipper\n|-damage|p2a: Pelipper|30\/100\n|-damage|p1a: Dondozo|47\/100|[from] Recoil\n|\n|-weather|RainDance|[upkeep]\n|upkeep\n|turn|8\n|\n|t:|1699653044\n|switch|p1a: Breloom|Breloom, M, shiny|100\/100 tox\n|move|p2a: Pelipper|Roost|p2a: Pelipper\n|-heal|p2a: Pelipper|80\/100\n|-singleturn|p2a: Pelipper|move: Roost\n|\n|-weather|RainDance|[upkeep]\n|upkeep\n|turn|9\n|\n|t:|1699653054\n|move|p1a: Breloom|Spore|p2a: Pelipper\n|-status|p2a: Pelipper|slp|[from] move: Spore\n|cant|p2a: Pelipper|slp\n|\n|-weather|RainDance|[upkeep]\n|upkeep\n|turn|10\n|\n|t:|1699653061\n|switch|p1a: Dondozo|Dondozo, M|47\/100\n|switch|p2a: Kilowattrel|Kilowattrel, F|100\/100\n|\n|-weather|RainDance|[upkeep]\n|upkeep\n|turn|11\n|\n|t:|1699653072\n|move|p2a: Kilowattrel|Hurricane|p1a: Dondozo\n|-damage|p1a: Dondozo|0 fnt\n|faint|p1a: Dondozo\n|-damage|p2a: Kilowattrel|91\/100|[from] item: Life Orb\n|\n|-weather|none\n|upkeep\n|\n|t:|1699653078\n|switch|p1a: Pelipper|Pelipper, F|100\/100\n|-weather|RainDance|[from] ability: Drizzle|[of] p1a: Pelipper\n|turn|12\n|\n|t:|1699653084\n|switch|p1a: Swampert|Swampert, M, shiny|100\/100\n|move|p2a: Kilowattrel|Hurricane|p1a: Swampert\n|-damage|p1a: Swampert|26\/100\n|-start|p1a: Swampert|confusion\n|-damage|p2a: Kilowattrel|81\/100|[from] item: Life Orb\n|\n|-weather|RainDance|[upkeep]\n|upkeep\n|turn|13\n|c|\u2606HolyChomper|yus\n|c|\u2606HolyChomper|called it\n|c|\u2606skyltie|:')\n|\n|t:|1699653100\n|switch|p2a: Pelipper|Pelipper, M|80\/100 slp\n|detailschange|p1a: Swampert|Swampert-Mega, M, shiny\n|-mega|p1a: Swampert|Swampert|Swampertite\n|-activate|p1a: Swampert|confusion\n|-damage|p1a: Swampert|12\/100|[from] confusion\n|\n|-weather|RainDance|[upkeep]\n|upkeep\n|turn|14\n|\n|t:|1699653110\n|-end|p1a: Swampert|confusion\n|move|p1a: Swampert|Flip Turn|p2a: Pelipper\n|-resisted|p2a: Pelipper\n|-damage|p2a: Pelipper|61\/100 slp\n|c|\u2606skyltie|istg my luck this game\n|\n|t:|1699653114\n|switch|p1a: Rotom|Rotom-Wash, shiny|100\/100|[from] Flip Turn\n|-curestatus|p2a: Pelipper|slp|[msg]\n|move|p2a: Pelipper|Roost|p2a: Pelipper\n|-heal|p2a: Pelipper|100\/100\n|-singleturn|p2a: Pelipper|move: Roost\n|\n|-weather|RainDance|[upkeep]\n|upkeep\n|turn|15\n|\n|t:|1699653127\n|switch|p2a: Goodra|Goodra, F|100\/100\n|move|p1a: Rotom|Volt Switch|p2a: Goodra\n|-resisted|p2a: Goodra\n|-damage|p2a: Goodra|90\/100\n|\n|t:|1699653129\n|switch|p1a: Swampert|Swampert-Mega, M, shiny|12\/100|[from] Volt Switch\n|\n|-weather|RainDance|[upkeep]\n|upkeep\n|turn|16\n|\n|t:|1699653138\n|switch|p2a: Scizor|Scizor, F|100\/100\n|move|p1a: Swampert|Earthquake|p2a: Scizor\n|-damage|p2a: Scizor|39\/100\n|\n|-weather|RainDance|[upkeep]\n|-heal|p2a: Scizor|45\/100|[from] item: Leftovers\n|upkeep\n|turn|17\n|\n|t:|1699653145\n|move|p2a: Scizor|Bullet Punch|p1a: Swampert\n|-resisted|p1a: Swampert\n|-damage|p1a: Swampert|0 fnt\n|faint|p1a: Swampert\n|\n|-weather|RainDance|[upkeep]\n|-heal|p2a: Scizor|51\/100|[from] item: Leftovers\n|upkeep\n|\n|t:|1699653151\n|switch|p1a: Rotom|Rotom-Wash, shiny|100\/100\n|turn|18\n|\n|t:|1699653155\n|switch|p2a: Goodra|Goodra, F|90\/100\n|move|p1a: Rotom|Hydro Pump|p2a: Goodra|[miss]\n|-miss|p1a: Rotom|p2a: Goodra\n|\n|-weather|RainDance|[upkeep]\n|upkeep\n|turn|19\n|\n|t:|1699653163\n|move|p1a: Rotom|Hydro Pump|p2a: Goodra\n|-resisted|p2a: Goodra\n|-damage|p2a: Goodra|66\/100\n|move|p2a: Goodra|Thunder|p1a: Rotom\n|-crit|p1a: Rotom\n|-damage|p1a: Rotom|0 fnt\n|faint|p1a: Rotom\n|\n|-weather|none\n|upkeep\n|c|\u2606skyltie|pffft of course\n|c|\u2606HolyChomper|SPECS BABYYYY\n|c|\u2606skyltie|like, crit didnt matter\n|c|\u2606HolyChomper|goodra is so op\n|c|\u2606skyltie|but god damn\n|\n|t:|1699653183\n|switch|p1a: Breloom|Breloom, M, shiny|100\/100 tox\n|turn|20\n|c|\u2606HolyChomper|i know man, getting lucky af rn\n|c|\u2606skyltie|yeah, things happen\n|\n|t:|1699653198\n|switch|p2a: Pelipper|Pelipper, M|100\/100\n|-weather|RainDance|[from] ability: Drizzle|[of] p2a: Pelipper\n|move|p1a: Breloom|Power-Up Punch|p2a: Pelipper\n|-resisted|p2a: Pelipper\n|-damage|p2a: Pelipper|92\/100\n|-boost|p1a: Breloom|atk|1\n|\n|-weather|RainDance|[upkeep]\n|upkeep\n|turn|21\n|\n|t:|1699653209\n|switch|p2a: Goodra|Goodra, F|66\/100\n|-terastallize|p1a: Breloom|Poison\n|move|p1a: Breloom|Spore|p2a: Goodra\n|-status|p2a: Goodra|slp|[from] move: Spore\n|\n|-weather|RainDance|[upkeep]\n|-activate|p2a: Goodra|ability: Hydration\n|-curestatus|p2a: Goodra|slp|[msg]\n|upkeep\n|turn|22\n|\n|t:|1699653219\n|move|p2a: Goodra|Draco Meteor|p1a: Breloom\n|-damage|p1a: Breloom|0 fnt\n|-unboost|p2a: Goodra|spa|2\n|faint|p1a: Breloom\n|\n|-weather|RainDance|[upkeep]\n|upkeep\n|\n|t:|1699653222\n|switch|p1a: Pelipper|Pelipper, F|100\/100\n|turn|23\n|\n|t:|1699653230\n|switch|p2a: Kilowattrel|Kilowattrel, F|81\/100\n|move|p1a: Pelipper|Hurricane|p2a: Kilowattrel\n|-resisted|p2a: Kilowattrel\n|-damage|p2a: Kilowattrel|47\/100\n|\n|-weather|RainDance|[upkeep]\n|upkeep\n|turn|24\n|c|\u2606skyltie|welp, gg's my man\n|c|\u2606HolyChomper|gg man\n|c|\u2606HolyChomper|i like that team\n|\n|t:|1699653241\n|move|p2a: Kilowattrel|Thunder|p1a: Pelipper\n|-supereffective|p1a: Pelipper\n|-damage|p1a: Pelipper|0 fnt\n|faint|p1a: Pelipper\n|-damage|p2a: Kilowattrel|38\/100|[from] item: Life Orb\n|\n|win|HolyChomper\n|raw|skyltie's rating: 1189 &rarr; <strong>1165<\/strong><br \/>(-24 for losing)\n|raw|HolyChomper's rating: 1203 &rarr; <strong>1227<\/strong><br \/>(+24 for winning)\n|c|\u2606skyltie|thanks, yours is nice too\n|c|\u2606HolyChomper|tyty\n|l|\u2606skyltie\n","uploadtime":1699653449,"views":4,"p1id":"skyltie","p2id":"holychomper","formatid":"gen9nationaldex","rating":1165,"private":0,"password":""}