{"id":"gen9nationaldex-1993884010","p1":"daybreak wave2","p2":"Lobsterlunchbox_","format":"[Gen 9] National Dex","log":"|j|\u2606daybreak wave2\n|j|\u2606Lobsterlunchbox_\n|t:|1700369820\n|gametype|singles\n|player|p1|daybreak wave2|lillie-masters2|1404\n|player|p2|Lobsterlunchbox_|170|1303\n|teamsize|p1|6\n|teamsize|p2|6\n|gen|9\n|tier|[Gen 9] National Dex\n|rated|\n|rule|HP Percentage Mod: HP is shown in percentages\n|rule|Endless Battle Clause: Forcing endless battles is banned\n|rule|OHKO Clause: OHKO moves are banned\n|rule|Evasion Clause: Evasion abilities, items, and moves are banned\n|rule|Evasion Abilities Clause: Evasion abilities are banned\n|rule|Evasion Items Clause: Evasion items are banned\n|rule|Evasion Moves Clause: Evasion moves are banned\n|rule|Species Clause: Limit one of each Pok\u00e9mon\n|rule|Sleep Clause Mod: Limit one foe put to sleep\n|clearpoke\n|poke|p1|Pinsir, F|\n|poke|p1|Aegislash, F|\n|poke|p1|Ogerpon-Wellspring, F|\n|poke|p1|Moltres|\n|poke|p1|Electrode-Hisui|\n|poke|p1|Clodsire, M|\n|poke|p2|Kommo-o, F|\n|poke|p2|Ogerpon-Wellspring, F|\n|poke|p2|Sneasler, M|\n|poke|p2|Iron Valiant|\n|poke|p2|Scizor, F|\n|poke|p2|Great Tusk|\n|teampreview\n|\n|t:|1700369843\n|start\n|switch|p1a: \u7532\u54e5|Pinsir, F, shiny|100\/100\n|switch|p2a: Kommo-o|Kommo-o, F|100\/100\n|turn|1\n|\n|t:|1700369851\n|detailschange|p1a: \u7532\u54e5|Pinsir-Mega, F, shiny\n|-mega|p1a: \u7532\u54e5|Pinsir|Pinsirite\n|move|p1a: \u7532\u54e5|Return|p2a: Kommo-o\n|-supereffective|p2a: Kommo-o\n|-damage|p2a: Kommo-o|0 fnt\n|faint|p2a: Kommo-o\n|\n|upkeep\n|\n|t:|1700369862\n|switch|p2a: Sneasler|Sneasler, M|100\/100\n|turn|2\n|\n|t:|1700369865\n|switch|p1a: \u70c8\u7bad\u9e70|Moltres|100\/100\n|move|p2a: Sneasler|Endure||[still]\n|-fail|p2a: Sneasler\n|\n|upkeep\n|turn|3\n|\n|t:|1700369879\n|move|p2a: Sneasler|Endure|p2a: Sneasler\n|-singleturn|p2a: Sneasler|move: Endure\n|move|p1a: \u70c8\u7bad\u9e70|U-turn|p2a: Sneasler\n|-resisted|p2a: Sneasler\n|-damage|p2a: Sneasler|95\/100\n|\n|t:|1700369892\n|switch|p1a: \u585e\u8c6a\u5bcc|Aegislash, F, shiny|100\/100|[from] U-turn\n|\n|upkeep\n|turn|4\n|\n|t:|1700369908\n|switch|p2a: Scizor|Scizor, F|100\/100\n|-zpower|p1a: \u585e\u8c6a\u5bcc\n|-formechange|p1a: \u585e\u8c6a\u5bcc|Aegislash-Blade||[from] ability: Stance Change\n|move|p1a: \u585e\u8c6a\u5bcc|Never-Ending Nightmare|p2a: Scizor|[zeffect]\n|-damage|p2a: Scizor|0 fnt\n|faint|p2a: Scizor\n|\n|upkeep\n|\n|t:|1700369925\n|switch|p2a: Great Tusk|Great Tusk|100\/100\n|turn|5\n|\n|t:|1700369940\n|switch|p1a: \u7532\u54e5|Pinsir-Mega, F, shiny|100\/100\n|move|p2a: Great Tusk|Earthquake|p1a: \u7532\u54e5\n|-immune|p1a: \u7532\u54e5\n|\n|upkeep\n|turn|6\n|\n|t:|1700369947\n|move|p1a: \u7532\u54e5|Return|p2a: Great Tusk\n|-supereffective|p2a: Great Tusk\n|-damage|p2a: Great Tusk|12\/100\n|move|p2a: Great Tusk|Stealth Rock|p1a: \u7532\u54e5\n|-sidestart|p1: daybreak wave2|move: Stealth Rock\n|\n|-heal|p2a: Great Tusk|18\/100|[from] item: Leftovers\n|upkeep\n|turn|7\n|\n|t:|1700369958\n|move|p1a: \u7532\u54e5|Swords Dance|p1a: \u7532\u54e5\n|-boost|p1a: \u7532\u54e5|atk|2\n|move|p2a: Great Tusk|Close Combat|p1a: \u7532\u54e5\n|-resisted|p1a: \u7532\u54e5\n|-damage|p1a: \u7532\u54e5|87\/100\n|-unboost|p2a: Great Tusk|def|1\n|-unboost|p2a: Great Tusk|spd|1\n|\n|-heal|p2a: Great Tusk|24\/100|[from] item: Leftovers\n|upkeep\n|turn|8\n|\n|t:|1700369974\n|move|p1a: \u7532\u54e5|Swords Dance|p1a: \u7532\u54e5\n|-boost|p1a: \u7532\u54e5|atk|2\n|move|p2a: Great Tusk|Close Combat|p1a: \u7532\u54e5\n|-resisted|p1a: \u7532\u54e5\n|-damage|p1a: \u7532\u54e5|74\/100\n|-unboost|p2a: Great Tusk|def|1\n|-unboost|p2a: Great Tusk|spd|1\n|\n|-heal|p2a: Great Tusk|30\/100|[from] item: Leftovers\n|upkeep\n|turn|9\n|\n|t:|1700369984\n|move|p1a: \u7532\u54e5|Quick Attack|p2a: Great Tusk\n|-supereffective|p2a: Great Tusk\n|-damage|p2a: Great Tusk|0 fnt\n|faint|p2a: Great Tusk\n|-end|p2a: Great Tusk|Protosynthesis|[silent]\n|\n|upkeep\n|\n|t:|1700369994\n|switch|p2a: Sneasler|Sneasler, M|95\/100\n|turn|10\n|\n|t:|1700369997\n|move|p2a: Sneasler|Endure|p2a: Sneasler\n|-singleturn|p2a: Sneasler|move: Endure\n|move|p1a: \u7532\u54e5|Quick Attack|p2a: Sneasler\n|-supereffective|p2a: Sneasler\n|-activate|p2a: Sneasler|move: Endure\n|-damage|p2a: Sneasler|1\/100\n|-enditem|p2a: Sneasler|Liechi Berry|[eat]\n|-boost|p2a: Sneasler|atk|1|[from] item: Liechi Berry\n|\n|upkeep\n|turn|11\n|\n|t:|1700370006\n|-terastallize|p2a: Sneasler|Flying\n|move|p1a: \u7532\u54e5|Quick Attack|p2a: Sneasler\n|-damage|p2a: Sneasler|0 fnt\n|faint|p2a: Sneasler\n|\n|upkeep\n|-message|Lobsterlunchbox_ forfeited.\n|\n|win|daybreak wave2\n|raw|daybreak wave2's rating: 1404 &rarr; <strong>1418<\/strong><br \/>(+14 for winning)\n|raw|Lobsterlunchbox_'s rating: 1303 &rarr; <strong>1289<\/strong><br \/>(-14 for losing)\n|l|\u2606Lobsterlunchbox_\n","uploadtime":1700370014,"views":7,"p1id":"daybreakwave2","p2id":"lobsterlunchbox","formatid":"gen9nationaldex","rating":1289,"private":0,"password":""}