{"id":"gen9nationaldex-1991831719","p1":"zaizaipo","p2":"ex.re","format":"[Gen 9] National Dex","log":"|j|\u2606zaizaipo\n|j|\u2606ex.re\n|t:|1700125128\n|gametype|singles\n|player|p1|zaizaipo|101|1190\n|player|p2|ex.re|shadowtriad|1140\n|teamsize|p1|6\n|teamsize|p2|6\n|gen|9\n|tier|[Gen 9] National Dex\n|rated|\n|rule|HP Percentage Mod: HP is shown in percentages\n|rule|Endless Battle Clause: Forcing endless battles is banned\n|rule|OHKO Clause: OHKO moves are banned\n|rule|Evasion Clause: Evasion abilities, items, and moves are banned\n|rule|Evasion Abilities Clause: Evasion abilities are banned\n|rule|Evasion Items Clause: Evasion items are banned\n|rule|Evasion Moves Clause: Evasion moves are banned\n|rule|Species Clause: Limit one of each Pok\u00e9mon\n|rule|Sleep Clause Mod: Limit one foe put to sleep\n|clearpoke\n|poke|p1|Sudowoodo, F|\n|poke|p1|Shiftry, F|\n|poke|p1|Corviknight, M|\n|poke|p1|Swampert, F|\n|poke|p1|Pelipper, F|\n|poke|p1|Ogerpon, F|\n|poke|p2|Absol, M|\n|poke|p2|Leafeon, M|\n|poke|p2|Starmie|\n|poke|p2|Venomoth, F|\n|poke|p2|Mismagius, F|\n|poke|p2|Tropius, M|\n|teampreview\n|inactive|Battle timer is ON: inactive players will automatically lose when time's up. (requested by ex.re)\n|\n|t:|1700125136\n|start\n|switch|p1a: Sudowoodo|Sudowoodo, F, shiny|100\/100\n|switch|p2a: Starmie|Starmie|100\/100\n|turn|1\n|\n|t:|1700125143\n|switch|p2a: Tropius|Tropius, M|100\/100\n|move|p1a: Sudowoodo|Stealth Rock|p2a: Tropius\n|-sidestart|p2: ex.re|move: Stealth Rock\n|\n|upkeep\n|turn|2\n|\n|t:|1700125149\n|switch|p1a: Shiftry|Shiftry, F, shiny|100\/100\n|-terastallize|p2a: Tropius|Steel\n|move|p2a: Tropius|Steel Wing|p1a: Shiftry|[miss]\n|-miss|p2a: Tropius|p1a: Shiftry\n|\n|upkeep\n|turn|3\n|\n|t:|1700125161\n|-terastallize|p1a: Shiftry|Normal\n|move|p1a: Shiftry|Tailwind|p1a: Shiftry\n|-sidestart|p1: zaizaipo|move: Tailwind\n|-ability|p1a: Shiftry|Wind Rider|boost\n|-boost|p1a: Shiftry|atk|1\n|move|p2a: Tropius|Toxic|p1a: Shiftry\n|-status|p1a: Shiftry|tox\n|\n|-damage|p1a: Shiftry|94\/100 tox|[from] psn\n|upkeep\n|turn|4\n|\n|t:|1700125170\n|move|p1a: Shiftry|Heat Wave|p2a: Tropius\n|-supereffective|p2a: Tropius\n|-damage|p2a: Tropius|50\/100\n|move|p2a: Tropius|Steel Wing|p1a: Shiftry\n|-damage|p1a: Shiftry|49\/100 tox\n|\n|-damage|p1a: Shiftry|37\/100 tox|[from] psn\n|upkeep\n|turn|5\n|\n|t:|1700125181\n|switch|p2a: Starmie|Starmie|100\/100\n|move|p1a: Shiftry|Heat Wave|p2a: Starmie\n|-resisted|p2a: Starmie\n|-damage|p2a: Starmie|82\/100\n|\n|-damage|p1a: Shiftry|18\/100 tox|[from] psn\n|upkeep\n|turn|6\n|\n|t:|1700125191\n|switch|p2a: Tropius|Tropius, M, tera:Steel|50\/100\n|-damage|p2a: Tropius|44\/100|[from] Stealth Rock\n|move|p1a: Shiftry|Explosion|p2a: Tropius\n|-resisted|p2a: Tropius\n|-damage|p2a: Tropius|0 fnt\n|faint|p1a: Shiftry\n|faint|p2a: Tropius\n|\n|-sideend|p1: zaizaipo|move: Tailwind\n|upkeep\n|\n|t:|1700125201\n|switch|p1a: Ogerpon|Ogerpon, F|100\/100\n|switch|p2a: Starmie|Starmie|82\/100\n|turn|7\n|\n|t:|1700125212\n|switch|p2a: Leafeon|Leafeon, M|100\/100\n|-damage|p2a: Leafeon|88\/100|[from] Stealth Rock\n|-zpower|p1a: Ogerpon\n|move|p1a: Ogerpon|Bloom Doom|p2a: Leafeon|[zeffect]\n|-resisted|p2a: Leafeon\n|-damage|p2a: Leafeon|55\/100\n|\n|-heal|p2a: Leafeon|61\/100|[from] item: Leftovers\n|upkeep\n|turn|8\n|\n|t:|1700125223\n|move|p1a: Ogerpon|U-turn|p2a: Leafeon\n|-supereffective|p2a: Leafeon\n|-damage|p2a: Leafeon|20\/100\n|\n|t:|1700125226\n|switch|p1a: Pelipper|Pelipper, F|100\/100|[from] U-turn\n|-weather|RainDance|[from] ability: Drizzle|[of] p1a: Pelipper\n|move|p2a: Leafeon|Sunny Day|p2a: Leafeon\n|-weather|SunnyDay\n|\n|-weather|SunnyDay|[upkeep]\n|-heal|p2a: Leafeon|27\/100|[from] item: Leftovers\n|upkeep\n|turn|9\n|\n|t:|1700125235\n|move|p2a: Leafeon|Leech Seed|p1a: Pelipper\n|-start|p1a: Pelipper|move: Leech Seed\n|move|p1a: Pelipper|Weather Ball|p2a: Leafeon\n|-supereffective|p2a: Leafeon\n|-damage|p2a: Leafeon|0 fnt\n|faint|p2a: Leafeon\n|\n|-weather|SunnyDay|[upkeep]\n|upkeep\n|\n|t:|1700125242\n|switch|p2a: Starmie|Starmie|82\/100\n|turn|10\n|\n|t:|1700125249\n|switch|p1a: Ogerpon|Ogerpon, F|100\/100\n|move|p2a: Starmie|Thunderbolt|p1a: Ogerpon\n|-resisted|p1a: Ogerpon\n|-damage|p1a: Ogerpon|84\/100\n|\n|-weather|SunnyDay|[upkeep]\n|upkeep\n|turn|11\n|\n|t:|1700125262\n|move|p2a: Starmie|Rapid Spin|p1a: Ogerpon\n|-damage|p1a: Ogerpon|74\/100\n|-boost|p2a: Starmie|spe|1\n|-sideend|p2: ex.re|Stealth Rock|[from] move: Rapid Spin|[of] p2a: Starmie\n|move|p1a: Ogerpon|U-turn|p2a: Starmie\n|-supereffective|p2a: Starmie\n|-damage|p2a: Starmie|10\/100\n|\n|t:|1700125270\n|switch|p1a: Pelipper|Pelipper, F|100\/100|[from] U-turn\n|-weather|RainDance|[from] ability: Drizzle|[of] p1a: Pelipper\n|\n|-weather|RainDance|[upkeep]\n|upkeep\n|turn|12\n|\n|t:|1700125278\n|switch|p1a: Swampert|Swampert, F|100\/100\n|move|p2a: Starmie|Thunderbolt|p1a: Swampert\n|-immune|p1a: Swampert\n|\n|-weather|RainDance|[upkeep]\n|upkeep\n|turn|13\n|\n|t:|1700125287\n|detailschange|p1a: Swampert|Swampert-Mega, F\n|-mega|p1a: Swampert|Swampert|Swampertite\n|move|p2a: Starmie|Surf|p1a: Swampert\n|-damage|p1a: Swampert|45\/100\n|move|p1a: Swampert|Liquidation|p2a: Starmie\n|-resisted|p2a: Starmie\n|-damage|p2a: Starmie|0 fnt\n|faint|p2a: Starmie\n|\n|-weather|RainDance|[upkeep]\n|upkeep\n|\n|t:|1700125297\n|switch|p2a: Absol|Absol, M|100\/100\n|turn|14\n|\n|t:|1700125302\n|detailschange|p2a: Absol|Absol-Mega, M\n|-mega|p2a: Absol|Absol|Absolite\n|move|p2a: Absol|Sucker Punch|p1a: Swampert\n|-damage|p1a: Swampert|4\/100\n|move|p1a: Swampert|Liquidation|p2a: Absol\n|-damage|p2a: Absol|0 fnt\n|faint|p2a: Absol\n|\n|-weather|RainDance|[upkeep]\n|upkeep\n|\n|t:|1700125310\n|switch|p2a: Mismagius|Mismagius, F|100\/100\n|turn|15\n|\n|t:|1700125313\n|move|p1a: Swampert|Liquidation|p2a: Mismagius\n|-damage|p2a: Mismagius|0 fnt\n|faint|p2a: Mismagius\n|\n|-weather|none\n|upkeep\n|\n|t:|1700125318\n|switch|p2a: Venomoth|Venomoth, F|100\/100\n|turn|16\n|\n|t:|1700125321\n|switch|p1a: Sudowoodo|Sudowoodo, F, shiny|100\/100\n|move|p2a: Venomoth|Quiver Dance|p2a: Venomoth\n|-boost|p2a: Venomoth|spa|1\n|-boost|p2a: Venomoth|spd|1\n|-boost|p2a: Venomoth|spe|1\n|\n|upkeep\n|turn|17\n|\n|t:|1700125329\n|move|p2a: Venomoth|Bug Buzz|p1a: Sudowoodo\n|-ability|p1a: Sudowoodo|Sturdy\n|-damage|p1a: Sudowoodo|1\/100\n|-unboost|p1a: Sudowoodo|spd|1\n|move|p1a: Sudowoodo|Taunt|p2a: Venomoth|[miss]\n|-miss|p1a: Sudowoodo|p2a: Venomoth\n|\n|upkeep\n|turn|18\n|-enditem|p1a: Sudowoodo|Custap Berry|[eat]\n|-activate|p1a: Sudowoodo|item: Custap Berry|[consumed]\n|\n|t:|1700125338\n|move|p1a: Sudowoodo|Explosion|p2a: Venomoth\n|-damage|p2a: Venomoth|0 fnt\n|faint|p1a: Sudowoodo\n|faint|p2a: Venomoth\n|\n|win|zaizaipo\n|raw|zaizaipo's rating: 1190 &rarr; <strong>1211<\/strong><br \/>(+21 for winning)\n|raw|ex.re's rating: 1140 &rarr; <strong>1119<\/strong><br \/>(-21 for losing)\n|l|\u2606ex.re\n","uploadtime":1700125346,"views":7,"p1id":"zaizaipo","p2id":"exre","formatid":"gen9nationaldex","rating":1119,"private":0,"password":""}