{"id":"gen9nationaldex-2000109542","p1":"loner3161","p2":"lil prostate","format":"[Gen 9] National Dex","log":"|html|<div class=\"broadcast-blue\"><strong>[Gen 9] National Dex is currently suspecting Sneasler! For information on how to participate check out the <a href=\"https:\/\/www.smogon.com\/forums\/threads\/sv-national-dex-suspect-8-just-dance.3731534\/\">suspect thread<\/a>.<\/strong><\/div>\n|j|\u2606loner3161\n|j|\u2606lil prostate\n|t:|1701156537\n|gametype|singles\n|player|p1|loner3161|lucy|1094\n|player|p2|lil prostate|hiker-gen4|1045\n|teamsize|p1|6\n|teamsize|p2|6\n|gen|9\n|tier|[Gen 9] National Dex\n|rated|\n|rule|HP Percentage Mod: HP is shown in percentages\n|rule|Endless Battle Clause: Forcing endless battles is banned\n|rule|OHKO Clause: OHKO moves are banned\n|rule|Evasion Clause: Evasion abilities, items, and moves are banned\n|rule|Evasion Abilities Clause: Evasion abilities are banned\n|rule|Evasion Items Clause: Evasion items are banned\n|rule|Evasion Moves Clause: Evasion moves are banned\n|rule|Species Clause: Limit one of each Pok\u00e9mon\n|rule|Sleep Clause Mod: Limit one foe put to sleep\n|clearpoke\n|poke|p1|Alomomola, M|\n|poke|p1|Slowbro, F|\n|poke|p1|Snorlax, F|\n|poke|p1|Mandibuzz, F|\n|poke|p1|Clefable, F|\n|poke|p1|Pyukumuku, M|\n|poke|p2|Tapu Lele|\n|poke|p2|Sneasler, M|\n|poke|p2|Gliscor, M|\n|poke|p2|Toxapex, F|\n|poke|p2|Tornadus-Therian, M|\n|poke|p2|Kartana|\n|teampreview\n|inactive|Battle timer is ON: inactive players will automatically lose when time's up. (requested by loner3161)\n|\n|t:|1701156562\n|start\n|switch|p1a: Alomomola|Alomomola, M|100\/100\n|switch|p2a: Kartana|Kartana|100\/100\n|turn|1\n|\n|t:|1701156568\n|switch|p1a: Mandibuzz|Mandibuzz, F|100\/100\n|move|p2a: Kartana|Swords Dance|p2a: Kartana\n|-boost|p2a: Kartana|atk|2\n|\n|upkeep\n|turn|2\n|\n|t:|1701156573\n|move|p2a: Kartana|Smart Strike|p1a: Mandibuzz\n|-damage|p1a: Mandibuzz|34\/100\n|-damage|p2a: Kartana|84\/100|[from] item: Rocky Helmet|[of] p1a: Mandibuzz\n|-damage|p2a: Kartana|74\/100|[from] item: Life Orb\n|move|p1a: Mandibuzz|Foul Play|p2a: Kartana\n|-damage|p2a: Kartana|0 fnt\n|faint|p2a: Kartana\n|\n|upkeep\n|\n|t:|1701156581\n|switch|p2a: Tapu Lele|Tapu Lele, shiny|100\/100\n|-fieldstart|move: Psychic Terrain|[from] ability: Psychic Surge|[of] p2a: Tapu Lele\n|turn|3\n|inactive|loner3161 has 120 seconds left.\n|\n|t:|1701156631\n|move|p2a: Tapu Lele|Moonblast|p1a: Mandibuzz\n|-supereffective|p1a: Mandibuzz\n|-damage|p1a: Mandibuzz|0 fnt\n|faint|p1a: Mandibuzz\n|\n|upkeep\n|\n|t:|1701156634\n|switch|p1a: Alomomola|Alomomola, M|100\/100\n|turn|4\n|\n|t:|1701156638\n|move|p2a: Tapu Lele|Moonblast|p1a: Alomomola\n|-damage|p1a: Alomomola|38\/100\n|move|p1a: Alomomola|Toxic|p2a: Tapu Lele\n|-status|p2a: Tapu Lele|tox\n|\n|-heal|p1a: Alomomola|44\/100|[from] item: Leftovers\n|-damage|p2a: Tapu Lele|94\/100 tox|[from] psn\n|upkeep\n|turn|5\n|\n|t:|1701156643\n|switch|p2a: Sneasler|Sneasler, M|100\/100\n|-enditem|p2a: Sneasler|Psychic Seed\n|-boost|p2a: Sneasler|spd|1|[from] item: Psychic Seed\n|move|p1a: Alomomola|Protect||[still]\n|-fail|p1a: Alomomola\n|\n|-heal|p1a: Alomomola|50\/100|[from] item: Leftovers\n|upkeep\n|turn|6\n|\n|t:|1701156649\n|move|p2a: Sneasler|Swords Dance|p2a: Sneasler\n|-boost|p2a: Sneasler|atk|2\n|move|p1a: Alomomola|Wish|p1a: Alomomola\n|\n|-heal|p1a: Alomomola|56\/100|[from] item: Leftovers\n|upkeep\n|turn|7\n|\n|t:|1701156651\n|move|p1a: Alomomola|Protect|p1a: Alomomola\n|-singleturn|p1a: Alomomola|Protect\n|move|p2a: Sneasler|Swords Dance|p2a: Sneasler\n|-boost|p2a: Sneasler|atk|2\n|\n|-heal|p1a: Alomomola|100\/100|[from] move: Wish|[wisher] Alomomola\n|-fieldend|move: Psychic Terrain\n|upkeep\n|turn|8\n|\n|t:|1701156659\n|switch|p1a: Pyukumuku|Pyukumuku, M|100\/100\n|move|p2a: Sneasler|Gunk Shot|p1a: Pyukumuku\n|-damage|p1a: Pyukumuku|53\/100\n|\n|-heal|p1a: Pyukumuku|59\/100|[from] item: Leftovers\n|upkeep\n|turn|9\n|\n|t:|1701156665\n|move|p2a: Sneasler|Gunk Shot|p1a: Pyukumuku\n|-damage|p1a: Pyukumuku|11\/100\n|move|p1a: Pyukumuku|Recover|p1a: Pyukumuku\n|-heal|p1a: Pyukumuku|61\/100\n|\n|-heal|p1a: Pyukumuku|67\/100|[from] item: Leftovers\n|upkeep\n|turn|10\n|\n|t:|1701156679\n|move|p2a: Sneasler|Gunk Shot|p1a: Pyukumuku\n|-damage|p1a: Pyukumuku|20\/100\n|-status|p1a: Pyukumuku|psn\n|move|p1a: Pyukumuku|Recover|p1a: Pyukumuku\n|-heal|p1a: Pyukumuku|70\/100 psn\n|\n|-heal|p1a: Pyukumuku|76\/100 psn|[from] item: Leftovers\n|-damage|p1a: Pyukumuku|64\/100 psn|[from] psn\n|upkeep\n|turn|11\n|\n|t:|1701156684\n|move|p2a: Sneasler|Acrobatics|p1a: Pyukumuku\n|-damage|p1a: Pyukumuku|36\/100 psn\n|move|p1a: Pyukumuku|Soak|p2a: Sneasler\n|-start|p2a: Sneasler|typechange|Water\n|\n|-heal|p1a: Pyukumuku|42\/100 psn|[from] item: Leftovers\n|-damage|p1a: Pyukumuku|29\/100 psn|[from] psn\n|upkeep\n|turn|12\n|\n|t:|1701156693\n|switch|p1a: Alomomola|Alomomola, M|100\/100\n|move|p2a: Sneasler|Gunk Shot|p1a: Alomomola\n|-damage|p1a: Alomomola|32\/100\n|\n|-heal|p1a: Alomomola|38\/100|[from] item: Leftovers\n|upkeep\n|turn|13\n|\n|t:|1701156697\n|-terastallize|p2a: Sneasler|Flying\n|move|p1a: Alomomola|Protect|p1a: Alomomola\n|-singleturn|p1a: Alomomola|Protect\n|move|p2a: Sneasler|Acrobatics|p1a: Alomomola\n|-activate|p1a: Alomomola|move: Protect\n|\n|-heal|p1a: Alomomola|44\/100|[from] item: Leftovers\n|upkeep\n|turn|14\n|\n|t:|1701156705\n|move|p2a: Sneasler|Acrobatics|p1a: Alomomola\n|-damage|p1a: Alomomola|0 fnt\n|faint|p1a: Alomomola\n|\n|upkeep\n|\n|t:|1701156710\n|switch|p1a: Clefable|Clefable, F|100\/100\n|turn|15\n|\n|t:|1701156714\n|move|p2a: Sneasler|Gunk Shot|p1a: Clefable\n|-supereffective|p1a: Clefable\n|-damage|p1a: Clefable|6\/100\n|move|p1a: Clefable|Heal Bell|p1a: Clefable\n|-activate|p1a: Clefable|move: Heal Bell\n|-curestatus|p1: Pyukumuku|psn|[msg]\n|\n|-heal|p1a: Clefable|12\/100|[from] item: Leftovers\n|upkeep\n|turn|16\n|\n|t:|1701156725\n|move|p2a: Sneasler|Acrobatics|p1a: Clefable\n|-damage|p1a: Clefable|0 fnt\n|faint|p1a: Clefable\n|\n|upkeep\n|\n|t:|1701156726\n|switch|p1a: Pyukumuku|Pyukumuku, M|29\/100\n|turn|17\n|\n|t:|1701156729\n|move|p2a: Sneasler|Gunk Shot|p1a: Pyukumuku|[miss]\n|-miss|p2a: Sneasler|p1a: Pyukumuku\n|move|p1a: Pyukumuku|Recover|p1a: Pyukumuku\n|-heal|p1a: Pyukumuku|79\/100\n|\n|-heal|p1a: Pyukumuku|85\/100|[from] item: Leftovers\n|upkeep\n|turn|18\n|\n|t:|1701156732\n|move|p2a: Sneasler|Gunk Shot|p1a: Pyukumuku\n|-damage|p1a: Pyukumuku|50\/100\n|move|p1a: Pyukumuku|Toxic|p2a: Sneasler\n|-status|p2a: Sneasler|tox\n|\n|-heal|p1a: Pyukumuku|56\/100|[from] item: Leftovers\n|-damage|p2a: Sneasler|95\/100 tox|[from] psn\n|upkeep\n|turn|19\n|\n|t:|1701156742\n|move|p2a: Sneasler|Gunk Shot|p1a: Pyukumuku|[miss]\n|-miss|p2a: Sneasler|p1a: Pyukumuku\n|move|p1a: Pyukumuku|Recover|p1a: Pyukumuku\n|-heal|p1a: Pyukumuku|100\/100\n|\n|-damage|p2a: Sneasler|83\/100 tox|[from] psn\n|upkeep\n|turn|20\n|\n|t:|1701156748\n|switch|p2a: Gliscor|Gliscor, M|100\/100\n|move|p1a: Pyukumuku|Block|p2a: Gliscor\n|-activate|p2a: Gliscor|trapped\n|\n|-status|p2a: Gliscor|tox|[from] item: Toxic Orb\n|upkeep\n|turn|21\n|\n|t:|1701156754\n|switch|p1a: Slowbro|Slowbro, F|100\/100\n|move|p2a: Gliscor|Stealth Rock|p1a: Slowbro\n|-sidestart|p1: loner3161|move: Stealth Rock\n|\n|upkeep\n|turn|22\n|\n|t:|1701156758\n|detailschange|p1a: Slowbro|Slowbro-Mega, F\n|-mega|p1a: Slowbro|Slowbro|Slowbronite\n|move|p2a: Gliscor|U-turn|p1a: Slowbro\n|-supereffective|p1a: Slowbro\n|-damage|p1a: Slowbro|88\/100\n|\n|t:|1701156764\n|switch|p2a: Tapu Lele|Tapu Lele, shiny|94\/100 tox|[from] U-turn\n|-fieldstart|move: Psychic Terrain|[from] ability: Psychic Surge|[of] p2a: Tapu Lele\n|move|p1a: Slowbro|Calm Mind|p1a: Slowbro\n|-boost|p1a: Slowbro|spa|1\n|-boost|p1a: Slowbro|spd|1\n|\n|-damage|p2a: Tapu Lele|88\/100 tox|[from] psn\n|upkeep\n|turn|23\n|\n|t:|1701156769\n|switch|p2a: Sneasler|Sneasler, M, tera:Flying|83\/100 tox\n|move|p1a: Slowbro|Calm Mind|p1a: Slowbro\n|-boost|p1a: Slowbro|spa|1\n|-boost|p1a: Slowbro|spd|1\n|\n|-damage|p2a: Sneasler|77\/100 tox|[from] psn\n|upkeep\n|turn|24\n|\n|t:|1701156773\n|move|p2a: Sneasler|Acrobatics|p1a: Slowbro\n|-damage|p1a: Slowbro|62\/100\n|move|p1a: Slowbro|Calm Mind|p1a: Slowbro\n|-boost|p1a: Slowbro|spa|1\n|-boost|p1a: Slowbro|spd|1\n|\n|-damage|p2a: Sneasler|65\/100 tox|[from] psn\n|upkeep\n|turn|25\n|\n|t:|1701156776\n|move|p2a: Sneasler|Acrobatics|p1a: Slowbro\n|-damage|p1a: Slowbro|37\/100\n|move|p1a: Slowbro|Future Sight|p2a: Sneasler\n|-start|p1a: Slowbro|move: Future Sight\n|\n|-damage|p2a: Sneasler|47\/100 tox|[from] psn\n|upkeep\n|turn|26\n|\n|t:|1701156779\n|move|p2a: Sneasler|Acrobatics|p1a: Slowbro\n|-damage|p1a: Slowbro|12\/100\n|move|p1a: Slowbro|Slack Off|p1a: Slowbro\n|-heal|p1a: Slowbro|62\/100\n|\n|-damage|p2a: Sneasler|23\/100 tox|[from] psn\n|-fieldend|move: Psychic Terrain\n|upkeep\n|turn|27\n|\n|t:|1701156782\n|move|p2a: Sneasler|Acrobatics|p1a: Slowbro\n|-damage|p1a: Slowbro|38\/100\n|move|p1a: Slowbro|Slack Off|p1a: Slowbro\n|-heal|p1a: Slowbro|88\/100\n|\n|-end|p2a: Sneasler|move: Future Sight\n|-damage|p2a: Sneasler|0 fnt\n|faint|p2a: Sneasler\n|upkeep\n|c|\u2606lil prostate|i hate all of you\n|c|\u2606lil prostate|this team sucks i fucking hate funbro\n|c|\u2606lil prostate|gods love has limits\n|inactive|lil prostate has 120 seconds left.\n|inactive|lil prostate has 90 seconds left.\n|inactive|lil prostate has 60 seconds left.\n|inactive|lil prostate has 30 seconds left.\n|inactive|lil prostate has 20 seconds left.\n|inactive|lil prostate has 15 seconds left.\n|inactive|lil prostate has 10 seconds left.\n|inactive|lil prostate has 5 seconds left.\n|-message|lil prostate lost due to inactivity.\n|\n|win|loner3161\n|raw|loner3161's rating: 1094 &rarr; <strong>1116<\/strong><br \/>(+22 for winning)\n|raw|lil prostate's rating: 1045 &rarr; <strong>1031<\/strong><br \/>(-14 for losing)\n","uploadtime":1701156806,"views":1,"p1id":"loner3161","p2id":"lilprostate","formatid":"gen9nationaldex","rating":1031,"private":0,"password":""}