{"id":"gen9nationaldex-1995577274","p1":"Saltator","p2":"JL_recruta","format":"[Gen 9] National Dex","log":"|html|<div class=\"broadcast-blue\"><strong>[Gen 9] National Dex is currently suspecting Sneasler! For information on how to participate check out the <a href=\"https:\/\/www.smogon.com\/forums\/threads\/sv-national-dex-suspect-8-just-dance.3731534\/\">suspect thread<\/a>.<\/strong><\/div>\n|j|\u2606Saltator\n|j|\u2606JL_recruta\n|t:|1700584397\n|gametype|singles\n|player|p1|Saltator|ghetsis|1303\n|player|p2|JL_recruta|nate|1382\n|teamsize|p1|6\n|teamsize|p2|6\n|gen|9\n|tier|[Gen 9] National Dex\n|rated|\n|rule|HP Percentage Mod: HP is shown in percentages\n|rule|Endless Battle Clause: Forcing endless battles is banned\n|rule|OHKO Clause: OHKO moves are banned\n|rule|Evasion Clause: Evasion abilities, items, and moves are banned\n|rule|Evasion Abilities Clause: Evasion abilities are banned\n|rule|Evasion Items Clause: Evasion items are banned\n|rule|Evasion Moves Clause: Evasion moves are banned\n|rule|Species Clause: Limit one of each Pok\u00e9mon\n|rule|Sleep Clause Mod: Limit one foe put to sleep\n|clearpoke\n|poke|p1|Salazzle, F|\n|poke|p1|Magnemite, L1|\n|poke|p1|Probopass, L2, F|\n|poke|p1|Mandibuzz, F|\n|poke|p1|Nosepass, L1, F|\n|poke|p1|Tentacruel, M|\n|poke|p2|Bayleef, F|\n|poke|p2|Falinks|\n|poke|p2|Aegislash, M|\n|poke|p2|Abomasnow, F|\n|poke|p2|Chandelure, F|\n|poke|p2|Gyarados, M|\n|teampreview\n|\n|t:|1700584417\n|start\n|switch|p1a: No Fun Allowed|Salazzle, F|100\/100\n|switch|p2a: Falinks|Falinks|100\/100\n|turn|1\n|\n|t:|1700584423\n|move|p1a: No Fun Allowed|Toxic|p2a: Falinks\n|-status|p2a: Falinks|tox\n|move|p2a: Falinks|Trailblaze|p1a: No Fun Allowed\n|-resisted|p1a: No Fun Allowed\n|-damage|p1a: No Fun Allowed|94\/100\n|-boost|p2a: Falinks|spe|1\n|\n|-heal|p1a: No Fun Allowed|99\/100|[from] item: Leftovers\n|-damage|p2a: Falinks|95\/100 tox|[from] psn\n|upkeep\n|turn|2\n|\n|t:|1700584428\n|move|p2a: Falinks|Knock Off|p1a: No Fun Allowed\n|-damage|p1a: No Fun Allowed|51\/100\n|-enditem|p1a: No Fun Allowed|Leftovers|[from] move: Knock Off|[of] p2a: Falinks\n|move|p1a: No Fun Allowed|Substitute|p1a: No Fun Allowed\n|-start|p1a: No Fun Allowed|Substitute\n|-damage|p1a: No Fun Allowed|26\/100\n|\n|-damage|p2a: Falinks|83\/100 tox|[from] psn\n|upkeep\n|turn|3\n|\n|t:|1700584431\n|move|p1a: No Fun Allowed|Protect|p1a: No Fun Allowed\n|-singleturn|p1a: No Fun Allowed|Protect\n|move|p2a: Falinks|Knock Off|p1a: No Fun Allowed\n|-activate|p1a: No Fun Allowed|move: Protect\n|\n|-damage|p2a: Falinks|65\/100 tox|[from] psn\n|upkeep\n|turn|4\n|\n|t:|1700584435\n|move|p2a: Falinks|Knock Off|p1a: No Fun Allowed\n|-end|p1a: No Fun Allowed|Substitute\n|move|p1a: No Fun Allowed|Flamethrower|p2a: Falinks\n|-damage|p2a: Falinks|0 fnt\n|faint|p2a: Falinks\n|\n|upkeep\n|\n|t:|1700584442\n|switch|p2a: Aegislash|Aegislash, M|100\/100\n|turn|5\n|\n|t:|1700584453\n|switch|p1a: Sh\ud83d\udca9tbird|Mandibuzz, F|100\/100\n|-formechange|p2a: Aegislash|Aegislash-Blade||[from] ability: Stance Change\n|move|p2a: Aegislash|Shadow Sneak|p1a: Sh\ud83d\udca9tbird\n|-resisted|p1a: Sh\ud83d\udca9tbird\n|-damage|p1a: Sh\ud83d\udca9tbird|95\/100\n|\n|upkeep\n|turn|6\n|\n|t:|1700584460\n|switch|p2a: Bayleef|Bayleef, F|100\/100\n|move|p1a: Sh\ud83d\udca9tbird|Foul Play|p2a: Bayleef\n|-damage|p2a: Bayleef|83\/100\n|\n|upkeep\n|turn|7\n|\n|t:|1700584462\n|switch|p1a: No Fun Allowed|Salazzle, F|26\/100\n|move|p2a: Bayleef|Leech Seed|p1a: No Fun Allowed\n|-start|p1a: No Fun Allowed|move: Leech Seed\n|\n|-damage|p1a: No Fun Allowed|14\/100|[from] Leech Seed|[of] p2a: Bayleef\n|-heal|p2a: Bayleef|93\/100|[silent]\n|upkeep\n|turn|8\n|\n|t:|1700584468\n|switch|p2a: Chandelure|Chandelure, F|100\/100\n|move|p1a: No Fun Allowed|Toxic|p2a: Chandelure\n|-status|p2a: Chandelure|tox\n|\n|-damage|p1a: No Fun Allowed|2\/100|[from] Leech Seed|[of] p2a: Chandelure\n|-damage|p2a: Chandelure|94\/100 tox|[from] psn\n|upkeep\n|turn|9\n|\n|t:|1700584476\n|switch|p2a: Bayleef|Bayleef, F|93\/100\n|switch|p1a: Sh\ud83d\udca9tsquid|Tentacruel, M|100\/100\n|\n|upkeep\n|turn|10\n|\n|t:|1700584480\n|move|p1a: Sh\ud83d\udca9tsquid|Toxic|p2a: Bayleef\n|-status|p2a: Bayleef|tox\n|move|p2a: Bayleef|Leech Seed|p1a: Sh\ud83d\udca9tsquid\n|-start|p1a: Sh\ud83d\udca9tsquid|move: Leech Seed\n|\n|-damage|p1a: Sh\ud83d\udca9tsquid|88\/100|[from] Leech Seed|[of] p2a: Bayleef\n|-heal|p2a: Bayleef|100\/100 tox|[silent]\n|-damage|p2a: Bayleef|94\/100 tox|[from] psn\n|upkeep\n|turn|11\n|\n|t:|1700584485\n|move|p1a: Sh\ud83d\udca9tsquid|Rapid Spin|p2a: Bayleef\n|-damage|p2a: Bayleef|87\/100 tox\n|-boost|p1a: Sh\ud83d\udca9tsquid|spe|1\n|-end|p1a: Sh\ud83d\udca9tsquid|Leech Seed|[from] move: Rapid Spin|[of] p1a: Sh\ud83d\udca9tsquid\n|move|p2a: Bayleef|Seed Bomb|p1a: Sh\ud83d\udca9tsquid\n|-damage|p1a: Sh\ud83d\udca9tsquid|63\/100\n|\n|-heal|p1a: Sh\ud83d\udca9tsquid|69\/100|[from] item: Leftovers\n|-damage|p2a: Bayleef|75\/100 tox|[from] psn\n|upkeep\n|turn|12\n|\n|t:|1700584491\n|move|p1a: Sh\ud83d\udca9tsquid|Knock Off|p2a: Bayleef\n|-damage|p2a: Bayleef|61\/100 tox\n|-enditem|p2a: Bayleef|Eviolite|[from] move: Knock Off|[of] p1a: Sh\ud83d\udca9tsquid\n|move|p2a: Bayleef|Leech Seed|p1a: Sh\ud83d\udca9tsquid\n|-start|p1a: Sh\ud83d\udca9tsquid|move: Leech Seed\n|\n|-heal|p1a: Sh\ud83d\udca9tsquid|75\/100|[from] item: Leftovers\n|-damage|p1a: Sh\ud83d\udca9tsquid|63\/100|[from] Leech Seed|[of] p2a: Bayleef\n|-heal|p2a: Bayleef|75\/100 tox|[silent]\n|-damage|p2a: Bayleef|57\/100 tox|[from] psn\n|upkeep\n|turn|13\n|\n|t:|1700584495\n|switch|p1a: Sh\ud83d\udca9tbird|Mandibuzz, F|95\/100\n|switch|p2a: Chandelure|Chandelure, F|94\/100 tox\n|\n|-damage|p2a: Chandelure|88\/100 tox|[from] psn\n|upkeep\n|turn|14\n|\n|t:|1700584503\n|switch|p1a: No Fun Allowed|Salazzle, F|2\/100\n|move|p2a: Chandelure|Flamethrower|p1a: No Fun Allowed\n|-resisted|p1a: No Fun Allowed\n|-damage|p1a: No Fun Allowed|0 fnt\n|faint|p1a: No Fun Allowed\n|\n|-damage|p2a: Chandelure|76\/100 tox|[from] psn\n|upkeep\n|\n|t:|1700584507\n|switch|p1a: Sh\ud83d\udca9tsquid|Tentacruel, M|63\/100\n|turn|15\n|\n|t:|1700584512\n|move|p2a: Chandelure|Flamethrower|p1a: Sh\ud83d\udca9tsquid\n|-resisted|p1a: Sh\ud83d\udca9tsquid\n|-damage|p1a: Sh\ud83d\udca9tsquid|44\/100\n|move|p1a: Sh\ud83d\udca9tsquid|Knock Off|p2a: Chandelure\n|-supereffective|p2a: Chandelure\n|-damage|p2a: Chandelure|36\/100 tox\n|-enditem|p2a: Chandelure|Choice Scarf|[from] move: Knock Off|[of] p1a: Sh\ud83d\udca9tsquid\n|\n|-heal|p1a: Sh\ud83d\udca9tsquid|50\/100|[from] item: Leftovers\n|-damage|p2a: Chandelure|18\/100 tox|[from] psn\n|upkeep\n|turn|16\n|\n|t:|1700584520\n|move|p1a: Sh\ud83d\udca9tsquid|Knock Off|p2a: Chandelure\n|-supereffective|p2a: Chandelure\n|-damage|p2a: Chandelure|0 fnt\n|faint|p2a: Chandelure\n|\n|-heal|p1a: Sh\ud83d\udca9tsquid|56\/100|[from] item: Leftovers\n|upkeep\n|\n|t:|1700584525\n|switch|p2a: Gyarados|Gyarados, M|100\/100\n|-ability|p2a: Gyarados|Intimidate|boost\n|-fail|p1a: Sh\ud83d\udca9tsquid|unboost|[from] ability: Clear Body|[of] p1a: Sh\ud83d\udca9tsquid\n|turn|17\n|\n|t:|1700584540\n|switch|p1a: Sh\ud83d\udca9tbird|Mandibuzz, F|95\/100\n|move|p2a: Gyarados|Dragon Dance|p2a: Gyarados\n|-boost|p2a: Gyarados|atk|1\n|-boost|p2a: Gyarados|spe|1\n|\n|upkeep\n|turn|18\n|\n|t:|1700584544\n|detailschange|p2a: Gyarados|Gyarados-Mega, M\n|-mega|p2a: Gyarados|Gyarados|Gyaradosite\n|-ability|p2a: Gyarados|Mold Breaker\n|move|p2a: Gyarados|Waterfall|p1a: Sh\ud83d\udca9tbird\n|-damage|p1a: Sh\ud83d\udca9tbird|57\/100\n|move|p1a: Sh\ud83d\udca9tbird|Foul Play|p2a: Gyarados\n|-resisted|p2a: Gyarados\n|-damage|p2a: Gyarados|58\/100\n|\n|upkeep\n|turn|19\n|\n|t:|1700584552\n|move|p2a: Gyarados|Waterfall|p1a: Sh\ud83d\udca9tbird\n|-damage|p1a: Sh\ud83d\udca9tbird|15\/100\n|move|p1a: Sh\ud83d\udca9tbird|Roost|p1a: Sh\ud83d\udca9tbird\n|-heal|p1a: Sh\ud83d\udca9tbird|65\/100\n|-singleturn|p1a: Sh\ud83d\udca9tbird|move: Roost\n|\n|upkeep\n|turn|20\n|\n|t:|1700584555\n|move|p2a: Gyarados|Waterfall|p1a: Sh\ud83d\udca9tbird\n|-damage|p1a: Sh\ud83d\udca9tbird|24\/100\n|move|p1a: Sh\ud83d\udca9tbird|Roost|p1a: Sh\ud83d\udca9tbird\n|-heal|p1a: Sh\ud83d\udca9tbird|74\/100\n|-singleturn|p1a: Sh\ud83d\udca9tbird|move: Roost\n|\n|upkeep\n|turn|21\n|\n|t:|1700584559\n|move|p2a: Gyarados|Waterfall|p1a: Sh\ud83d\udca9tbird\n|-damage|p1a: Sh\ud83d\udca9tbird|34\/100\n|move|p1a: Sh\ud83d\udca9tbird|Roost|p1a: Sh\ud83d\udca9tbird\n|-heal|p1a: Sh\ud83d\udca9tbird|84\/100\n|-singleturn|p1a: Sh\ud83d\udca9tbird|move: Roost\n|\n|upkeep\n|turn|22\n|\n|t:|1700584562\n|move|p2a: Gyarados|Waterfall|p1a: Sh\ud83d\udca9tbird\n|-damage|p1a: Sh\ud83d\udca9tbird|42\/100\n|move|p1a: Sh\ud83d\udca9tbird|Roost|p1a: Sh\ud83d\udca9tbird\n|-heal|p1a: Sh\ud83d\udca9tbird|92\/100\n|-singleturn|p1a: Sh\ud83d\udca9tbird|move: Roost\n|\n|upkeep\n|turn|23\n|\n|t:|1700584567\n|move|p2a: Gyarados|Waterfall|p1a: Sh\ud83d\udca9tbird\n|-damage|p1a: Sh\ud83d\udca9tbird|54\/100\n|move|p1a: Sh\ud83d\udca9tbird|Toxic|p2a: Gyarados\n|-status|p2a: Gyarados|tox\n|\n|-damage|p2a: Gyarados|52\/100 tox|[from] psn\n|upkeep\n|turn|24\n|\n|t:|1700584571\n|move|p2a: Gyarados|Waterfall|p1a: Sh\ud83d\udca9tbird\n|-damage|p1a: Sh\ud83d\udca9tbird|16\/100\n|move|p1a: Sh\ud83d\udca9tbird|Roost|p1a: Sh\ud83d\udca9tbird\n|-heal|p1a: Sh\ud83d\udca9tbird|66\/100\n|-singleturn|p1a: Sh\ud83d\udca9tbird|move: Roost\n|\n|-damage|p2a: Gyarados|40\/100 tox|[from] psn\n|upkeep\n|turn|25\n|\n|t:|1700584576\n|switch|p1a: Sh\ud83d\udca9tsquid|Tentacruel, M|56\/100\n|move|p2a: Gyarados|Waterfall|p1a: Sh\ud83d\udca9tsquid\n|-resisted|p1a: Sh\ud83d\udca9tsquid\n|-damage|p1a: Sh\ud83d\udca9tsquid|12\/100\n|\n|-heal|p1a: Sh\ud83d\udca9tsquid|18\/100|[from] item: Leftovers\n|-damage|p2a: Gyarados|22\/100 tox|[from] psn\n|upkeep\n|turn|26\n|\n|t:|1700584583\n|move|p2a: Gyarados|Earthquake|p1a: Sh\ud83d\udca9tsquid\n|-supereffective|p1a: Sh\ud83d\udca9tsquid\n|-damage|p1a: Sh\ud83d\udca9tsquid|0 fnt\n|faint|p1a: Sh\ud83d\udca9tsquid\n|\n|-damage|p2a: Gyarados|0 fnt|[from] psn\n|faint|p2a: Gyarados\n|upkeep\n|\n|t:|1700584595\n|switch|p1a: Click the \u274c|Nosepass, L1, F, shiny|100\/100\n|switch|p2a: Abomasnow|Abomasnow, F|100\/100\n|-weather|Snow|[from] ability: Snow Warning|[of] p2a: Abomasnow\n|turn|27\n|\n|t:|1700584599\n|move|p2a: Abomasnow|Leech Seed|p1a: Click the \u274c\n|-start|p1a: Click the \u274c|move: Leech Seed\n|move|p1a: Click the \u274c|Toxic|p2a: Abomasnow\n|-status|p2a: Abomasnow|tox\n|\n|-weather|Snow|[upkeep]\n|-damage|p1a: Click the \u274c|91\/100|[from] Leech Seed|[of] p2a: Abomasnow\n|-damage|p2a: Abomasnow|94\/100 tox|[from] psn\n|upkeep\n|turn|28\n|\n|t:|1700584604\n|move|p1a: Click the \u274c|Protect|p1a: Click the \u274c\n|-singleturn|p1a: Click the \u274c|Protect\n|move|p2a: Abomasnow|Giga Drain|p1a: Click the \u274c\n|-activate|p1a: Click the \u274c|move: Protect\n|\n|-weather|Snow|[upkeep]\n|-damage|p1a: Click the \u274c|82\/100|[from] Leech Seed|[of] p2a: Abomasnow\n|-heal|p2a: Abomasnow|95\/100 tox|[silent]\n|-damage|p2a: Abomasnow|82\/100 tox|[from] psn\n|upkeep\n|turn|29\n|\n|t:|1700584607\n|move|p1a: Click the \u274c|Protect||[still]\n|-fail|p1a: Click the \u274c\n|move|p2a: Abomasnow|Giga Drain|p1a: Click the \u274c\n|-supereffective|p1a: Click the \u274c\n|-damage|p1a: Click the \u274c|0 fnt\n|-heal|p2a: Abomasnow|84\/100 tox|[from] drain|[of] p1a: Click the \u274c\n|faint|p1a: Click the \u274c\n|\n|-weather|Snow|[upkeep]\n|-damage|p2a: Abomasnow|65\/100 tox|[from] psn\n|upkeep\n|\n|t:|1700584610\n|switch|p1a: Literally Level 1|Magnemite, L1|100\/100\n|turn|30\n|\n|t:|1700584615\n|move|p1a: Literally Level 1|Protect|p1a: Literally Level 1\n|-singleturn|p1a: Literally Level 1|Protect\n|move|p2a: Abomasnow|Leech Seed|p1a: Literally Level 1\n|-activate|p1a: Literally Level 1|move: Protect\n|\n|-weather|Snow|[upkeep]\n|-damage|p2a: Abomasnow|40\/100 tox|[from] psn\n|upkeep\n|turn|31\n|\n|t:|1700584617\n|move|p1a: Literally Level 1|Magic Coat|p1a: Literally Level 1\n|-singleturn|p1a: Literally Level 1|move: Magic Coat\n|move|p2a: Abomasnow|Leech Seed|p1a: Literally Level 1\n|move|p1a: Literally Level 1|Leech Seed|p2a: Abomasnow|[from]Magic Coat\n|-immune|p2a: Abomasnow\n|\n|-weather|none\n|-damage|p2a: Abomasnow|9\/100 tox|[from] psn\n|upkeep\n|turn|32\n|\n|t:|1700584621\n|move|p1a: Literally Level 1|Protect|p1a: Literally Level 1\n|-singleturn|p1a: Literally Level 1|Protect\n|move|p2a: Abomasnow|Giga Drain|p1a: Literally Level 1\n|-activate|p1a: Literally Level 1|move: Protect\n|\n|-damage|p2a: Abomasnow|0 fnt|[from] psn\n|faint|p2a: Abomasnow\n|upkeep\n|\n|t:|1700584624\n|switch|p2a: Aegislash|Aegislash, M|100\/100\n|turn|33\n|\n|t:|1700584627\n|switch|p1a: Sh\ud83d\udca9tbird|Mandibuzz, F|66\/100\n|-formechange|p2a: Aegislash|Aegislash-Blade||[from] ability: Stance Change\n|move|p2a: Aegislash|Iron Head|p1a: Sh\ud83d\udca9tbird\n|-damage|p1a: Sh\ud83d\udca9tbird|43\/100\n|\n|upkeep\n|turn|34\n|\n|t:|1700584632\n|switch|p2a: Bayleef|Bayleef, F|57\/100 tox\n|move|p1a: Sh\ud83d\udca9tbird|Foul Play|p2a: Bayleef\n|-damage|p2a: Bayleef|27\/100 tox\n|\n|-damage|p2a: Bayleef|21\/100 tox|[from] psn\n|upkeep\n|turn|35\n|\n|t:|1700584638\n|move|p1a: Sh\ud83d\udca9tbird|Roost|p1a: Sh\ud83d\udca9tbird\n|-heal|p1a: Sh\ud83d\udca9tbird|93\/100\n|-singleturn|p1a: Sh\ud83d\udca9tbird|move: Roost\n|move|p2a: Bayleef|Leech Seed|p1a: Sh\ud83d\udca9tbird\n|-start|p1a: Sh\ud83d\udca9tbird|move: Leech Seed\n|\n|-damage|p1a: Sh\ud83d\udca9tbird|81\/100|[from] Leech Seed|[of] p2a: Bayleef\n|-heal|p2a: Bayleef|37\/100 tox|[silent]\n|-damage|p2a: Bayleef|24\/100 tox|[from] psn\n|upkeep\n|turn|36\n|\n|t:|1700584643\n|move|p1a: Sh\ud83d\udca9tbird|Foul Play|p2a: Bayleef\n|-damage|p2a: Bayleef|0 fnt\n|faint|p2a: Bayleef\n|\n|upkeep\n|\n|t:|1700584645\n|switch|p2a: Aegislash|Aegislash, M|100\/100\n|turn|37\n|\n|t:|1700584649\n|-terastallize|p2a: Aegislash|Water\n|move|p1a: Sh\ud83d\udca9tbird|Foul Play|p2a: Aegislash\n|-damage|p2a: Aegislash|85\/100\n|move|p2a: Aegislash|Swords Dance|p2a: Aegislash\n|-boost|p2a: Aegislash|atk|2\n|\n|-heal|p2a: Aegislash|91\/100|[from] item: Leftovers\n|-damage|p1a: Sh\ud83d\udca9tbird|69\/100|[from] Leech Seed|[of] p2a: Aegislash\n|-heal|p2a: Aegislash|100\/100|[silent]\n|upkeep\n|turn|38\n|c|\u2606Saltator|thx\n|\n|t:|1700584656\n|move|p1a: Sh\ud83d\udca9tbird|Toxic|p2a: Aegislash\n|-status|p2a: Aegislash|tox\n|-formechange|p2a: Aegislash|Aegislash-Blade||[from] ability: Stance Change\n|move|p2a: Aegislash|Iron Head|p1a: Sh\ud83d\udca9tbird\n|-damage|p1a: Sh\ud83d\udca9tbird|28\/100\n|\n|-damage|p1a: Sh\ud83d\udca9tbird|16\/100|[from] Leech Seed|[of] p2a: Aegislash\n|-damage|p2a: Aegislash|94\/100 tox|[from] psn\n|upkeep\n|turn|39\n|\n|t:|1700584662\n|move|p2a: Aegislash|Shadow Sneak|p1a: Sh\ud83d\udca9tbird\n|-resisted|p1a: Sh\ud83d\udca9tbird\n|-crit|p1a: Sh\ud83d\udca9tbird\n|-damage|p1a: Sh\ud83d\udca9tbird|1\/100\n|move|p1a: Sh\ud83d\udca9tbird|Foul Play|p2a: Aegislash\n|-damage|p2a: Aegislash|0 fnt\n|faint|p2a: Aegislash\n|\n|win|Saltator\n|raw|Saltator's rating: 1282 &rarr; <strong>1314<\/strong><br \/>(+32 for winning)\n|raw|JL_recruta's rating: 1382 &rarr; <strong>1356<\/strong><br \/>(-26 for losing)\n","uploadtime":1700584667,"views":0,"p1id":"saltator","p2id":"jlrecruta","formatid":"gen9nationaldex","rating":1314,"private":0,"password":""}