{"id":"gen9nationaldex-1994875000","p1":"Adriux15","p2":"salpicadura","format":"[Gen 9] National Dex","log":"|html|<div class=\"broadcast-blue\"><strong>[Gen 9] National Dex is currently suspecting Sneasler! For information on how to participate check out the <a href=\"https:\/\/www.smogon.com\/forums\/threads\/sv-national-dex-suspect-8-just-dance.3731534\/\">suspect thread<\/a>.<\/strong><\/div>\n|j|\u2606Adriux15\n|j|\u2606salpicadura\n|inactive|Battle timer is ON: inactive players will automatically lose when time's up.\n|t:|1700500734\n|gametype|singles\n|player|p1|Adriux15|steven|\n|player|p2|salpicadura|fisherman-gen4|\n|teamsize|p1|6\n|teamsize|p2|6\n|gen|9\n|tier|[Gen 9] National Dex\n|rated|Tournament battle\n|rule|HP Percentage Mod: HP is shown in percentages\n|rule|Endless Battle Clause: Forcing endless battles is banned\n|rule|OHKO Clause: OHKO moves are banned\n|rule|Evasion Clause: Evasion abilities, items, and moves are banned\n|rule|Evasion Abilities Clause: Evasion abilities are banned\n|rule|Evasion Items Clause: Evasion items are banned\n|rule|Evasion Moves Clause: Evasion moves are banned\n|rule|Species Clause: Limit one of each Pok\u00e9mon\n|rule|Sleep Clause Mod: Limit one foe put to sleep\n|clearpoke\n|poke|p1|Pelipper, M|\n|poke|p1|Basculegion, M|\n|poke|p1|Greninja-*, F|\n|poke|p1|Gastrodon, F|\n|poke|p1|Thundurus-Therian, M|\n|poke|p1|Urshifu-*, F|\n|poke|p2|Ferrothorn, F|\n|poke|p2|Garchomp, M|\n|poke|p2|Garganacl, F|\n|poke|p2|Gliscor, M|\n|poke|p2|Greninja-*, M|\n|poke|p2|Hoopa-Unbound|\n|teampreview\n|j| Malamardo\n|j| 0rTheSpecial0ne\n|j|%XYZ15\n|\n|t:|1700500754\n|start\n|switch|p1a: Pelipper|Pelipper, M|100\/100\n|switch|p2a: Garchomp|Garchomp, M|100\/100\n|-weather|RainDance|[from] ability: Drizzle|[of] p1a: Pelipper\n|turn|1\n|\n|t:|1700500763\n|move|p2a: Garchomp|Substitute|p2a: Garchomp\n|-start|p2a: Garchomp|Substitute\n|-damage|p2a: Garchomp|76\/100\n|move|p1a: Pelipper|Hurricane|p2a: Garchomp\n|-end|p2a: Garchomp|Substitute\n|\n|-weather|RainDance|[upkeep]\n|upkeep\n|turn|2\n|\n|t:|1700500773\n|switch|p2a: Ferrothorn|Ferrothorn, F|100\/100\n|move|p1a: Pelipper|Hurricane|p2a: Ferrothorn\n|-damage|p2a: Ferrothorn|66\/100\n|\n|-weather|RainDance|[upkeep]\n|-heal|p2a: Ferrothorn|72\/100|[from] item: Leftovers\n|upkeep\n|turn|3\n|\n|t:|1700500780\n|move|p1a: Pelipper|Hurricane|p2a: Ferrothorn\n|-damage|p2a: Ferrothorn|32\/100\n|move|p2a: Ferrothorn|Knock Off|p1a: Pelipper\n|-damage|p1a: Pelipper|77\/100\n|-enditem|p1a: Pelipper|Damp Rock|[from] move: Knock Off|[of] p2a: Ferrothorn\n|\n|-weather|RainDance|[upkeep]\n|-heal|p2a: Ferrothorn|38\/100|[from] item: Leftovers\n|upkeep\n|turn|4\n|\n|t:|1700500788\n|move|p1a: Pelipper|Hurricane|p2a: Ferrothorn\n|-crit|p2a: Ferrothorn\n|-damage|p2a: Ferrothorn|0 fnt\n|faint|p2a: Ferrothorn\n|\n|-weather|RainDance|[upkeep]\n|upkeep\n|\n|t:|1700500811\n|switch|p2a: Garganacl|Garganacl, F|100\/100\n|turn|5\n|\n|t:|1700500815\n|-terastallize|p2a: Garganacl|Fairy\n|move|p1a: Pelipper|Hydro Pump|p2a: Garganacl\n|-crit|p2a: Garganacl\n|-damage|p2a: Garganacl|32\/100\n|move|p2a: Garganacl|Salt Cure|p1a: Pelipper\n|-supereffective|p1a: Pelipper\n|-damage|p1a: Pelipper|48\/100\n|-start|p1a: Pelipper|Salt Cure\n|\n|-weather|RainDance|[upkeep]\n|-heal|p2a: Garganacl|38\/100|[from] item: Leftovers\n|-damage|p1a: Pelipper|23\/100|[from] Salt Cure\n|upkeep\n|turn|6\n|\n|t:|1700500834\n|move|p1a: Pelipper|Hurricane|p2a: Garganacl\n|-damage|p2a: Garganacl|8\/100\n|move|p2a: Garganacl|Recover|p2a: Garganacl\n|-heal|p2a: Garganacl|58\/100\n|\n|-weather|RainDance|[upkeep]\n|-heal|p2a: Garganacl|65\/100|[from] item: Leftovers\n|-damage|p1a: Pelipper|0 fnt|[from] Salt Cure\n|faint|p1a: Pelipper\n|upkeep\n|\n|t:|1700500849\n|switch|p1a: Basculegion|Basculegion, M, shiny|100\/100\n|turn|7\n|\n|t:|1700500861\n|switch|p2a: Gliscor|Gliscor, M|100\/100\n|move|p1a: Basculegion|Wave Crash|p2a: Gliscor\n|-supereffective|p2a: Gliscor\n|-crit|p2a: Gliscor\n|-damage|p2a: Gliscor|0 fnt\n|faint|p2a: Gliscor\n|-damage|p1a: Basculegion|70\/100|[from] Recoil\n|-damage|p1a: Basculegion|60\/100|[from] item: Life Orb\n|\n|-weather|RainDance|[upkeep]\n|upkeep\n|\n|t:|1700500878\n|switch|p2a: Garchomp|Garchomp, M|76\/100\n|turn|8\n|\n|t:|1700500895\n|switch|p1a: Thundurus|Thundurus-Therian, M, shiny|100\/100\n|switch|p2a: Greninja|Greninja, M|100\/100\n|\n|-weather|none\n|upkeep\n|turn|9\n|\n|t:|1700500909\n|move|p2a: Greninja|Ice Beam|p1a: Thundurus\n|-supereffective|p1a: Thundurus\n|-damage|p1a: Thundurus|48\/100\n|-damage|p2a: Greninja|91\/100|[from] item: Life Orb\n|move|p1a: Thundurus|Volt Switch|p2a: Greninja\n|-supereffective|p2a: Greninja\n|-damage|p2a: Greninja|0 fnt\n|faint|p2a: Greninja\n|\n|t:|1700500929\n|switch|p1a: Greninja|Greninja, F, shiny|100\/100|[from] Volt Switch\n|\n|upkeep\n|\n|t:|1700500954\n|switch|p2a: Garganacl|Garganacl, F, tera:Fairy|65\/100\n|turn|10\n|\n|t:|1700500973\n|move|p1a: Greninja|Hydro Pump|p2a: Garganacl\n|-start|p1a: Greninja|typechange|Water|[from] ability: Protean\n|-damage|p2a: Garganacl|27\/100\n|move|p2a: Garganacl|Recover|p2a: Garganacl\n|-heal|p2a: Garganacl|77\/100\n|\n|-heal|p2a: Garganacl|84\/100|[from] item: Leftovers\n|upkeep\n|turn|11\n|\n|t:|1700500981\n|move|p1a: Greninja|Hydro Pump|p2a: Garganacl\n|-damage|p2a: Garganacl|51\/100\n|move|p2a: Garganacl|Iron Defense|p2a: Garganacl\n|-boost|p2a: Garganacl|def|2\n|\n|-heal|p2a: Garganacl|58\/100|[from] item: Leftovers\n|upkeep\n|turn|12\n|\n|t:|1700500989\n|move|p1a: Greninja|Hydro Pump|p2a: Garganacl\n|-damage|p2a: Garganacl|22\/100\n|move|p2a: Garganacl|Recover|p2a: Garganacl\n|-heal|p2a: Garganacl|72\/100\n|\n|-heal|p2a: Garganacl|78\/100|[from] item: Leftovers\n|upkeep\n|turn|13\n|\n|t:|1700500997\n|move|p1a: Greninja|Hydro Pump|p2a: Garganacl\n|-damage|p2a: Garganacl|42\/100\n|move|p2a: Garganacl|Body Press|p1a: Greninja\n|-damage|p1a: Greninja|21\/100\n|\n|-heal|p2a: Garganacl|48\/100|[from] item: Leftovers\n|upkeep\n|turn|14\n|\n|t:|1700501004\n|move|p1a: Greninja|Hydro Pump|p2a: Garganacl|[miss]\n|-miss|p1a: Greninja|p2a: Garganacl\n|move|p2a: Garganacl|Recover|p2a: Garganacl\n|-heal|p2a: Garganacl|98\/100\n|\n|-heal|p2a: Garganacl|100\/100|[from] item: Leftovers\n|upkeep\n|turn|15\n|\n|t:|1700501011\n|move|p1a: Greninja|Hydro Pump|p2a: Garganacl\n|-damage|p2a: Garganacl|65\/100\n|move|p2a: Garganacl|Body Press|p1a: Greninja\n|-damage|p1a: Greninja|0 fnt\n|faint|p1a: Greninja\n|\n|-heal|p2a: Garganacl|71\/100|[from] item: Leftovers\n|upkeep\n|\n|t:|1700501024\n|switch|p1a: Gastrodon|Gastrodon, F|100\/100\n|turn|16\n|\n|t:|1700501030\n|move|p1a: Gastrodon|Earth Power|p2a: Garganacl\n|-damage|p2a: Garganacl|49\/100\n|move|p2a: Garganacl|Iron Defense|p2a: Garganacl\n|-boost|p2a: Garganacl|def|2\n|\n|-heal|p2a: Garganacl|55\/100|[from] item: Leftovers\n|upkeep\n|turn|17\n|\n|t:|1700501041\n|move|p1a: Gastrodon|Hydro Pump|p2a: Garganacl\n|-damage|p2a: Garganacl|27\/100\n|move|p2a: Garganacl|Recover|p2a: Garganacl\n|-heal|p2a: Garganacl|77\/100\n|\n|-heal|p2a: Garganacl|83\/100|[from] item: Leftovers\n|upkeep\n|turn|18\n|\n|t:|1700501050\n|move|p1a: Gastrodon|Earth Power|p2a: Garganacl\n|-crit|p2a: Garganacl\n|-damage|p2a: Garganacl|48\/100\n|move|p2a: Garganacl|Salt Cure|p1a: Gastrodon\n|-resisted|p1a: Gastrodon\n|-damage|p1a: Gastrodon|94\/100\n|-start|p1a: Gastrodon|Salt Cure\n|\n|-heal|p1a: Gastrodon|100\/100|[from] item: Leftovers\n|-heal|p2a: Garganacl|54\/100|[from] item: Leftovers\n|-damage|p1a: Gastrodon|76\/100|[from] Salt Cure\n|upkeep\n|turn|19\n|c| 0rTheSpecial0ne|deja de haxear Adriux15\n|\n|t:|1700501063\n|move|p1a: Gastrodon|Earth Power|p2a: Garganacl\n|-damage|p2a: Garganacl|33\/100\n|move|p2a: Garganacl|Recover|p2a: Garganacl\n|-heal|p2a: Garganacl|83\/100\n|\n|-heal|p1a: Gastrodon|82\/100|[from] item: Leftovers\n|-heal|p2a: Garganacl|89\/100|[from] item: Leftovers\n|-damage|p1a: Gastrodon|57\/100|[from] Salt Cure\n|upkeep\n|turn|20\n|\n|t:|1700501075\n|switch|p1a: Thundurus|Thundurus-Therian, M, shiny|48\/100\n|move|p2a: Garganacl|Body Press|p1a: Thundurus\n|-resisted|p1a: Thundurus\n|-damage|p1a: Thundurus|8\/100\n|\n|-heal|p2a: Garganacl|95\/100|[from] item: Leftovers\n|upkeep\n|turn|21\n|\n|t:|1700501083\n|move|p1a: Thundurus|Thunder|p2a: Garganacl|[miss]\n|-miss|p1a: Thundurus|p2a: Garganacl\n|move|p2a: Garganacl|Salt Cure|p1a: Thundurus\n|-supereffective|p1a: Thundurus\n|-damage|p1a: Thundurus|0 fnt\n|faint|p1a: Thundurus\n|\n|-heal|p2a: Garganacl|100\/100|[from] item: Leftovers\n|upkeep\n|\n|t:|1700501094\n|switch|p1a: Urshifu|Urshifu-Rapid-Strike, F|100\/100\n|turn|22\n|\n|t:|1700501100\n|-terastallize|p1a: Urshifu|Water\n|move|p1a: Urshifu|Surging Strikes|p2a: Garganacl\n|-crit|p2a: Garganacl\n|-damage|p2a: Garganacl|76\/100\n|-crit|p2a: Garganacl\n|-damage|p2a: Garganacl|50\/100\n|-crit|p2a: Garganacl\n|-damage|p2a: Garganacl|27\/100\n|-hitcount|p2a: Garganacl|3\n|move|p2a: Garganacl|Body Press|p1a: Urshifu\n|-damage|p1a: Urshifu|26\/100\n|\n|-heal|p2a: Garganacl|33\/100|[from] item: Leftovers\n|upkeep\n|turn|23\n|\n|t:|1700501119\n|move|p1a: Urshifu|Surging Strikes|p2a: Garganacl\n|-crit|p2a: Garganacl\n|-damage|p2a: Garganacl|10\/100\n|-crit|p2a: Garganacl\n|-damage|p2a: Garganacl|0 fnt\n|faint|p2a: Garganacl\n|-hitcount|p2: Garganacl|2\n|\n|upkeep\n|\n|t:|1700501120\n|switch|p2a: Garchomp|Garchomp, M|76\/100\n|turn|24\n|\n|t:|1700501130\n|move|p1a: Urshifu|Aqua Jet|p2a: Garchomp\n|-damage|p2a: Garchomp|39\/100\n|-damage|p1a: Urshifu|14\/100|[from] ability: Rough Skin|[of] p2a: Garchomp\n|move|p2a: Garchomp|Earthquake|p1a: Urshifu\n|-damage|p1a: Urshifu|0 fnt\n|faint|p1a: Urshifu\n|\n|upkeep\n|\n|t:|1700501143\n|switch|p1a: Basculegion|Basculegion, M, shiny|60\/100\n|turn|25\n|\n|t:|1700501164\n|move|p1a: Basculegion|Aqua Jet|p2a: Garchomp\n|-damage|p2a: Garchomp|10\/100\n|-damage|p1a: Basculegion|47\/100|[from] ability: Rough Skin|[of] p2a: Garchomp\n|-damage|p1a: Basculegion|38\/100|[from] item: Life Orb\n|-zpower|p2a: Garchomp\n|move|p2a: Garchomp|Devastating Drake|p1a: Basculegion|[zeffect]\n|-damage|p1a: Basculegion|0 fnt\n|faint|p1a: Basculegion\n|\n|upkeep\n|\n|t:|1700501174\n|switch|p1a: Gastrodon|Gastrodon, F|57\/100\n|turn|26\n|\n|t:|1700501193\n|move|p2a: Garchomp|Swords Dance|p2a: Garchomp\n|-boost|p2a: Garchomp|atk|2\n|move|p1a: Gastrodon|Ice Beam|p2a: Garchomp\n|-supereffective|p2a: Garchomp\n|-damage|p2a: Garchomp|0 fnt\n|faint|p2a: Garchomp\n|\n|-heal|p1a: Gastrodon|63\/100|[from] item: Leftovers\n|upkeep\n|\n|t:|1700501197\n|switch|p2a: Hoopa|Hoopa-Unbound|100\/100\n|turn|27\n|\n|t:|1700501209\n|move|p2a: Hoopa|Hyperspace Fury|p1a: Gastrodon\n|-damage|p1a: Gastrodon|0 fnt\n|-unboost|p2a: Hoopa|def|1\n|faint|p1a: Gastrodon\n|\n|win|salpicadura\n|n|\u2606Adriux15|adriux15\n|n|\u2606salpicadura|salpicadura\n|n| Malamardo|malamardo\n|n| 0rTheSpecial0ne|0rthespecial0ne\n|n| XYZ15|xyz15\n","uploadtime":1700501211,"views":2,"p1id":"adriux15","p2id":"salpicadura","formatid":"gen9nationaldex","rating":0,"private":0,"password":""}