{"id":"gen9nationaldex-1993808762","p1":"mtyqjltz6","p2":"wopowopo","format":"[Gen 9] National Dex","log":"|j|\u2606mtyqjltz6\n|j|\u2606wopowopo\n|t:|1700359875\n|gametype|singles\n|player|p1|mtyqjltz6|elesa|1321\n|player|p2|wopowopo|265|1425\n|teamsize|p1|6\n|teamsize|p2|6\n|gen|9\n|tier|[Gen 9] National Dex\n|rated|\n|rule|HP Percentage Mod: HP is shown in percentages\n|rule|Endless Battle Clause: Forcing endless battles is banned\n|rule|OHKO Clause: OHKO moves are banned\n|rule|Evasion Clause: Evasion abilities, items, and moves are banned\n|rule|Evasion Abilities Clause: Evasion abilities are banned\n|rule|Evasion Items Clause: Evasion items are banned\n|rule|Evasion Moves Clause: Evasion moves are banned\n|rule|Species Clause: Limit one of each Pok\u00e9mon\n|rule|Sleep Clause Mod: Limit one foe put to sleep\n|clearpoke\n|poke|p1|Raticate, M|\n|poke|p1|Slowking-Galar, M|\n|poke|p1|Diancie|\n|poke|p1|Rillaboom, F|\n|poke|p1|Zapdos|\n|poke|p1|Blacephalon|\n|poke|p2|Moltres|\n|poke|p2|Glimmora, F|\n|poke|p2|Zamazenta-*|\n|poke|p2|Lokix, F|\n|poke|p2|Ogerpon-Wellspring, F|\n|poke|p2|Tapu Lele|\n|teampreview\n|inactive|Battle timer is ON: inactive players will automatically lose when time's up. (requested by wopowopo)\n|\n|t:|1700359905\n|start\n|switch|p1a: Raticate|Raticate, M|100\/100\n|switch|p2a: \u53ef\u7231\u7684\u78b0\u78b0|Ogerpon-Wellspring, F|100\/100\n|turn|1\n|\n|t:|1700359923\n|move|p2a: \u53ef\u7231\u7684\u78b0\u78b0|Trailblaze|p1a: Raticate\n|-damage|p1a: Raticate|44\/100\n|-boost|p2a: \u53ef\u7231\u7684\u78b0\u78b0|spe|1\n|move|p1a: Raticate|U-turn|p2a: \u53ef\u7231\u7684\u78b0\u78b0\n|-supereffective|p2a: \u53ef\u7231\u7684\u78b0\u78b0\n|-damage|p2a: \u53ef\u7231\u7684\u78b0\u78b0|55\/100\n|\n|t:|1700359931\n|switch|p1a: Zapdos|Zapdos|100\/100|[from] U-turn\n|\n|upkeep\n|turn|2\n|\n|t:|1700359937\n|move|p2a: \u53ef\u7231\u7684\u78b0\u78b0|U-turn|p1a: Zapdos\n|-resisted|p1a: Zapdos\n|-damage|p1a: Zapdos|90\/100\n|\n|t:|1700359942\n|switch|p2a: \u8d85\u7ea7\u8f93\u51fa\u624b|Glimmora, F|100\/100|[from] U-turn\n|move|p1a: Zapdos|Hurricane|p2a: \u8d85\u7ea7\u8f93\u51fa\u624b\n|-resisted|p2a: \u8d85\u7ea7\u8f93\u51fa\u624b\n|-damage|p2a: \u8d85\u7ea7\u8f93\u51fa\u624b|73\/100\n|\n|upkeep\n|turn|3\n|\n|t:|1700359949\n|switch|p1a: Slowking|Slowking-Galar, M, shiny|100\/100\n|move|p2a: \u8d85\u7ea7\u8f93\u51fa\u624b|Power Gem|p1a: Slowking\n|-damage|p1a: Slowking|75\/100\n|\n|upkeep\n|turn|4\n|\n|t:|1700359955\n|switch|p2a: Tapu Lele|Tapu Lele|100\/100\n|-fieldstart|move: Psychic Terrain|[from] ability: Psychic Surge|[of] p2a: Tapu Lele\n|move|p1a: Slowking|Future Sight|p2a: Tapu Lele\n|-start|p1a: Slowking|move: Future Sight\n|\n|upkeep\n|turn|5\n|\n|t:|1700359984\n|-terastallize|p2a: Tapu Lele|Psychic\n|move|p2a: Tapu Lele|Psychic|p1a: Slowking\n|-damage|p1a: Slowking|27\/100\n|move|p1a: Slowking|Thunder Wave|p2a: Tapu Lele\n|-status|p2a: Tapu Lele|par\n|\n|upkeep\n|turn|6\n|\n|t:|1700360000\n|switch|p1a: Rillaboom|Rillaboom, F|100\/100\n|-fieldstart|move: Grassy Terrain|[from] ability: Grassy Surge|[of] p1a: Rillaboom\n|move|p2a: Tapu Lele|Psychic|p1a: Rillaboom\n|-damage|p1a: Rillaboom|3\/100\n|\n|-end|p2a: Tapu Lele|move: Future Sight\n|-resisted|p2a: Tapu Lele\n|-damage|p2a: Tapu Lele|76\/100 par\n|-heal|p1a: Rillaboom|9\/100|[from] Grassy Terrain\n|-heal|p2a: Tapu Lele|82\/100 par|[from] Grassy Terrain\n|upkeep\n|turn|7\n|\n|t:|1700360015\n|switch|p1a: Slowking|Slowking-Galar, M, shiny|60\/100\n|cant|p2a: Tapu Lele|par\n|\n|-heal|p2a: Tapu Lele|88\/100 par|[from] Grassy Terrain\n|-heal|p1a: Slowking|66\/100|[from] Grassy Terrain\n|upkeep\n|turn|8\n|\n|t:|1700360025\n|move|p2a: Tapu Lele|Psychic|p1a: Slowking\n|-damage|p1a: Slowking|25\/100\n|move|p1a: Slowking|Future Sight|p2a: Tapu Lele\n|-start|p1a: Slowking|move: Future Sight\n|\n|-heal|p2a: Tapu Lele|94\/100 par|[from] Grassy Terrain\n|-heal|p1a: Slowking|31\/100|[from] Grassy Terrain\n|upkeep\n|turn|9\n|\n|t:|1700360042\n|-terastallize|p1a: Slowking|Dark\n|move|p2a: Tapu Lele|Psychic|p1a: Slowking\n|-immune|p1a: Slowking\n|move|p1a: Slowking|Sludge Bomb|p2a: Tapu Lele\n|-damage|p2a: Tapu Lele|55\/100 par\n|\n|-heal|p2a: Tapu Lele|61\/100 par|[from] Grassy Terrain\n|-heal|p1a: Slowking|37\/100|[from] Grassy Terrain\n|upkeep\n|turn|10\n|\n|t:|1700360054\n|switch|p2a: \u8d85\u7ea7\u8f93\u51fa\u624b|Glimmora, F|73\/100\n|move|p1a: Slowking|Thunder Wave|p2a: \u8d85\u7ea7\u8f93\u51fa\u624b\n|-status|p2a: \u8d85\u7ea7\u8f93\u51fa\u624b|par\n|\n|-end|p2a: \u8d85\u7ea7\u8f93\u51fa\u624b|move: Future Sight\n|-supereffective|p2a: \u8d85\u7ea7\u8f93\u51fa\u624b\n|-damage|p2a: \u8d85\u7ea7\u8f93\u51fa\u624b|0 fnt\n|faint|p2a: \u8d85\u7ea7\u8f93\u51fa\u624b\n|-heal|p1a: Slowking|43\/100|[from] Grassy Terrain\n|-fieldend|move: Grassy Terrain\n|upkeep\n|\n|t:|1700360058\n|switch|p2a: \u88c2\u817f\u7687\u4fa0|Lokix, F|100\/100\n|turn|11\n|\n|t:|1700360061\n|switch|p1a: Zapdos|Zapdos|90\/100\n|move|p2a: \u88c2\u817f\u7687\u4fa0|U-turn|p1a: Zapdos\n|-resisted|p1a: Zapdos\n|-damage|p1a: Zapdos|52\/100\n|\n|t:|1700360065\n|switch|p2a: Tapu Lele|Tapu Lele, tera:Psychic|61\/100 par|[from] U-turn\n|-fieldstart|move: Psychic Terrain|[from] ability: Psychic Surge|[of] p2a: Tapu Lele\n|\n|upkeep\n|turn|12\n|\n|t:|1700360090\n|move|p1a: Zapdos|Volt Switch|p2a: Tapu Lele\n|-damage|p2a: Tapu Lele|31\/100 par\n|inactive|mtyqjltz6 has 120 seconds left.\n|\n|t:|1700360103\n|switch|p1a: Blacephalon|Blacephalon|100\/100|[from] Volt Switch\n|cant|p2a: Tapu Lele|par\n|\n|upkeep\n|turn|13\n|\n|t:|1700360111\n|move|p1a: Blacephalon|Shadow Ball|p2a: Tapu Lele\n|-supereffective|p2a: Tapu Lele\n|-damage|p2a: Tapu Lele|0 fnt\n|faint|p2a: Tapu Lele\n|-ability|p1a: Blacephalon|Beast Boost|boost\n|-boost|p1a: Blacephalon|spa|1\n|\n|upkeep\n|\n|t:|1700360118\n|switch|p2a: \u53ef\u7231\u7684\u78b0\u78b0|Ogerpon-Wellspring, F|55\/100\n|turn|14\n|\n|t:|1700360122\n|move|p1a: Blacephalon|Shadow Ball|p2a: \u53ef\u7231\u7684\u78b0\u78b0\n|-damage|p2a: \u53ef\u7231\u7684\u78b0\u78b0|0 fnt\n|faint|p2a: \u53ef\u7231\u7684\u78b0\u78b0\n|-ability|p1a: Blacephalon|Beast Boost|boost\n|-boost|p1a: Blacephalon|spa|1\n|\n|upkeep\n|\n|t:|1700360127\n|switch|p2a: \u94c1\u58c1\u5657\u53fd1|Zamazenta|100\/100\n|-ability|p2a: \u94c1\u58c1\u5657\u53fd1|Dauntless Shield|boost\n|-boost|p2a: \u94c1\u58c1\u5657\u53fd1|def|1\n|turn|15\n|\n|t:|1700360131\n|move|p2a: \u94c1\u58c1\u5657\u53fd1|Protect|p2a: \u94c1\u58c1\u5657\u53fd1\n|-singleturn|p2a: \u94c1\u58c1\u5657\u53fd1|Protect\n|move|p1a: Blacephalon|Shadow Ball|p2a: \u94c1\u58c1\u5657\u53fd1\n|-activate|p2a: \u94c1\u58c1\u5657\u53fd1|move: Protect\n|\n|-fieldend|move: Psychic Terrain\n|upkeep\n|turn|16\n|\n|t:|1700360136\n|move|p1a: Blacephalon|Shadow Ball|p2a: \u94c1\u58c1\u5657\u53fd1\n|-damage|p2a: \u94c1\u58c1\u5657\u53fd1|25\/100\n|move|p2a: \u94c1\u58c1\u5657\u53fd1|Wild Charge|p1a: Blacephalon\n|-damage|p1a: Blacephalon|48\/100\n|-damage|p2a: \u94c1\u58c1\u5657\u53fd1|15\/100|[from] Recoil\n|\n|-heal|p2a: \u94c1\u58c1\u5657\u53fd1|21\/100|[from] item: Leftovers\n|upkeep\n|turn|17\n|\n|t:|1700360143\n|switch|p2a: \u66b4\u6253\u7329\u7329|Moltres|100\/100\n|move|p1a: Blacephalon|Shadow Ball|p2a: \u66b4\u6253\u7329\u7329\n|-damage|p2a: \u66b4\u6253\u7329\u7329|6\/100\n|\n|upkeep\n|turn|18\n|\n|t:|1700360145\n|move|p1a: Blacephalon|Shadow Ball|p2a: \u66b4\u6253\u7329\u7329\n|-damage|p2a: \u66b4\u6253\u7329\u7329|0 fnt\n|faint|p2a: \u66b4\u6253\u7329\u7329\n|-ability|p1a: Blacephalon|Beast Boost|boost\n|-boost|p1a: Blacephalon|spa|1\n|\n|upkeep\n|\n|t:|1700360148\n|switch|p2a: \u88c2\u817f\u7687\u4fa0|Lokix, F|100\/100\n|turn|19\n|\n|t:|1700360173\n|move|p2a: \u88c2\u817f\u7687\u4fa0|First Impression|p1a: Blacephalon\n|-resisted|p1a: Blacephalon\n|-damage|p1a: Blacephalon|0 fnt\n|faint|p1a: Blacephalon\n|\n|upkeep\n|\n|t:|1700360179\n|switch|p1a: Diancie|Diancie, shiny|100\/100\n|turn|20\n|\n|t:|1700360182\n|switch|p2a: \u94c1\u58c1\u5657\u53fd1|Zamazenta|21\/100\n|detailschange|p1a: Diancie|Diancie-Mega, shiny\n|-mega|p1a: Diancie|Diancie|Diancite\n|move|p1a: Diancie|Moonblast|p2a: \u94c1\u58c1\u5657\u53fd1\n|-supereffective|p2a: \u94c1\u58c1\u5657\u53fd1\n|-damage|p2a: \u94c1\u58c1\u5657\u53fd1|0 fnt\n|faint|p2a: \u94c1\u58c1\u5657\u53fd1\n|\n|upkeep\n|\n|t:|1700360184\n|switch|p2a: \u88c2\u817f\u7687\u4fa0|Lokix, F|100\/100\n|turn|21\n|\n|t:|1700360186\n|switch|p1a: Zapdos|Zapdos|52\/100\n|move|p2a: \u88c2\u817f\u7687\u4fa0|Sucker Punch||[still]\n|-fail|p2a: \u88c2\u817f\u7687\u4fa0\n|\n|upkeep\n|turn|22\n|-message|wopowopo forfeited.\n|\n|win|mtyqjltz6\n|raw|mtyqjltz6's rating: 1321 &rarr; <strong>1347<\/strong><br \/>(+26 for winning)\n|raw|wopowopo's rating: 1425 &rarr; <strong>1399<\/strong><br \/>(-26 for losing)\n|l|\u2606wopowopo\n","uploadtime":1700360193,"views":7,"p1id":"mtyqjltz6","p2id":"wopowopo","formatid":"gen9nationaldex","rating":1347,"private":0,"password":""}