{"id":"gen9nationaldex-1997886119","p1":"Imarandomguyhi","p2":"Neilan","format":"[Gen 9] National Dex","log":"|html|<div class=\"broadcast-blue\"><strong>[Gen 9] National Dex is currently suspecting Sneasler! For information on how to participate check out the <a href=\"https:\/\/www.smogon.com\/forums\/threads\/sv-national-dex-suspect-8-just-dance.3731534\/\">suspect thread<\/a>.<\/strong><\/div>\n|j|\u2606Imarandomguyhi\n|j|\u2606Neilan\n|t:|1700863695\n|gametype|singles\n|player|p1|Imarandomguyhi|pokemonranger-gen4|1063\n|player|p2|Neilan|gambler|1076\n|teamsize|p1|6\n|teamsize|p2|6\n|gen|9\n|tier|[Gen 9] National Dex\n|rated|\n|rule|HP Percentage Mod: HP is shown in percentages\n|rule|Endless Battle Clause: Forcing endless battles is banned\n|rule|OHKO Clause: OHKO moves are banned\n|rule|Evasion Clause: Evasion abilities, items, and moves are banned\n|rule|Evasion Abilities Clause: Evasion abilities are banned\n|rule|Evasion Items Clause: Evasion items are banned\n|rule|Evasion Moves Clause: Evasion moves are banned\n|rule|Species Clause: Limit one of each Pok\u00e9mon\n|rule|Sleep Clause Mod: Limit one foe put to sleep\n|clearpoke\n|poke|p1|Grimmsnarl, M|\n|poke|p1|Aegislash, M|\n|poke|p1|Seismitoad, M|\n|poke|p1|Infernape, M|\n|poke|p1|Togekiss, F|\n|poke|p1|Goodra-Hisui, M|\n|poke|p2|Espeon, M|\n|poke|p2|Zoroark, F|\n|poke|p2|Amoonguss, M|\n|poke|p2|Scizor, F|\n|poke|p2|Milotic, F|\n|poke|p2|Salamence, F|\n|teampreview\n|inactive|Battle timer is ON: inactive players will automatically lose when time's up. (requested by Imarandomguyhi)\n|\n|t:|1700863722\n|start\n|switch|p1a: Grimmsnarl|Grimmsnarl, M|100\/100\n|switch|p2a: Espeon|Espeon, M|100\/100\n|turn|1\n|\n|t:|1700863729\n|move|p1a: Grimmsnarl|Reflect|p1a: Grimmsnarl\n|-sidestart|p1: Imarandomguyhi|Reflect\n|move|p2a: Espeon|Light Screen|p2a: Espeon\n|-sidestart|p2: Neilan|move: Light Screen\n|\n|upkeep\n|turn|2\n|\n|t:|1700863735\n|move|p2a: Espeon|Reflect|p2a: Espeon\n|-sidestart|p2: Neilan|Reflect\n|move|p1a: Grimmsnarl|Spirit Break|p2a: Espeon\n|-damage|p2a: Espeon|78\/100\n|-unboost|p2a: Espeon|spa|1\n|\n|upkeep\n|turn|3\n|\n|t:|1700863748\n|switch|p2a: Scizor|Scizor, F|100\/100\n|move|p1a: Grimmsnarl|Spirit Break|p2a: Scizor\n|-resisted|p2a: Scizor\n|-damage|p2a: Scizor|94\/100\n|-unboost|p2a: Scizor|spa|1\n|\n|upkeep\n|turn|4\n|\n|t:|1700863759\n|move|p1a: Grimmsnarl|Thunder Wave|p2a: Scizor\n|-status|p2a: Scizor|par\n|move|p2a: Scizor|Aerial Ace|p1a: Grimmsnarl\n|-damage|p1a: Grimmsnarl|67\/100\n|\n|upkeep\n|turn|5\n|\n|t:|1700863771\n|switch|p1a: Goodra|Goodra-Hisui, M|100\/100\n|switch|p2a: Amoonguss|Amoonguss, M|100\/100\n|\n|upkeep\n|turn|6\n|\n|t:|1700863780\n|switch|p2a: Salamence|Salamence, F|100\/100\n|move|p1a: Goodra|Fire Blast|p2a: Salamence\n|-resisted|p2a: Salamence\n|-damage|p2a: Salamence|87\/100\n|-status|p2a: Salamence|brn\n|\n|-damage|p2a: Salamence|81\/100 brn|[from] brn\n|upkeep\n|turn|7\n|\n|t:|1700863785\n|move|p2a: Salamence|Dragon Dance|p2a: Salamence\n|-boost|p2a: Salamence|atk|1\n|-boost|p2a: Salamence|spe|1\n|move|p1a: Goodra|Dragon Pulse|p2a: Salamence\n|-supereffective|p2a: Salamence\n|-damage|p2a: Salamence|19\/100 brn\n|\n|-damage|p2a: Salamence|13\/100 brn|[from] brn\n|upkeep\n|turn|8\n|\n|t:|1700863791\n|switch|p1a: Grimmsnarl|Grimmsnarl, M|67\/100\n|move|p2a: Salamence|Dragon Dance|p2a: Salamence\n|-boost|p2a: Salamence|atk|1\n|-boost|p2a: Salamence|spe|1\n|\n|-damage|p2a: Salamence|7\/100 brn|[from] brn\n|-sideend|p1: Imarandomguyhi|Reflect\n|-sideend|p2: Neilan|move: Light Screen\n|upkeep\n|turn|9\n|\n|t:|1700863797\n|move|p1a: Grimmsnarl|Reflect|p1a: Grimmsnarl\n|-sidestart|p1: Imarandomguyhi|Reflect\n|move|p2a: Salamence|Earthquake|p1a: Grimmsnarl\n|-damage|p1a: Grimmsnarl|34\/100\n|-damage|p2a: Salamence|0 fnt|[from] item: Life Orb\n|faint|p2a: Salamence\n|\n|-sideend|p2: Neilan|Reflect\n|upkeep\n|\n|t:|1700863803\n|switch|p2a: Espeon|Espeon, M|78\/100\n|turn|10\n|\n|t:|1700863808\n|move|p2a: Espeon|Light Screen|p2a: Espeon\n|-sidestart|p2: Neilan|move: Light Screen\n|move|p1a: Grimmsnarl|Spirit Break|p2a: Espeon\n|-damage|p2a: Espeon|32\/100\n|-unboost|p2a: Espeon|spa|1\n|\n|upkeep\n|turn|11\n|\n|t:|1700863814\n|move|p2a: Espeon|Reflect|p2a: Espeon\n|-sidestart|p2: Neilan|Reflect\n|move|p1a: Grimmsnarl|Spirit Break|p2a: Espeon\n|-damage|p2a: Espeon|10\/100\n|-unboost|p2a: Espeon|spa|1\n|\n|upkeep\n|turn|12\n|\n|t:|1700863825\n|move|p2a: Espeon|Psyshock|p1a: Grimmsnarl\n|-immune|p1a: Grimmsnarl\n|move|p1a: Grimmsnarl|Spirit Break|p2a: Espeon\n|-damage|p2a: Espeon|0 fnt\n|faint|p2a: Espeon\n|\n|upkeep\n|\n|t:|1700863839\n|switch|p2a: Scizor|Scizor, F|100\/100\n|turn|13\n|\n|t:|1700863843\n|move|p2a: Scizor|Nasty Plot|p2a: Scizor\n|-boost|p2a: Scizor|spa|2\n|move|p1a: Grimmsnarl|Spirit Break|p2a: Scizor\n|-supereffective|p2a: Scizor\n|-damage|p2a: Scizor|48\/100\n|-unboost|p2a: Scizor|spa|1\n|replace|p2a: Zoroark|Zoroark, F\n|-end|p2a: Zoroark|Illusion\n|\n|upkeep\n|turn|14\n|\n|t:|1700863854\n|move|p2a: Zoroark|Flamethrower|p1a: Grimmsnarl\n|-damage|p1a: Grimmsnarl|3\/100\n|move|p1a: Grimmsnarl|Spirit Break|p2a: Zoroark\n|-supereffective|p2a: Zoroark\n|-damage|p2a: Zoroark|0 fnt\n|faint|p2a: Zoroark\n|\n|upkeep\n|\n|t:|1700863865\n|switch|p2a: Amoonguss|Amoonguss, M|100\/100\n|turn|15\n|\n|t:|1700863871\n|switch|p1a: Goodra|Goodra-Hisui, M|100\/100\n|move|p2a: Amoonguss|Sludge Bomb|p1a: Goodra\n|-immune|p1a: Goodra\n|\n|upkeep\n|turn|16\n|\n|t:|1700863877\n|switch|p2a: Milotic|Milotic, F|100\/100\n|move|p1a: Goodra|Fire Blast|p2a: Milotic\n|-resisted|p2a: Milotic\n|-damage|p2a: Milotic|93\/100\n|\n|-sideend|p1: Imarandomguyhi|Reflect\n|-status|p2a: Milotic|brn|[from] item: Flame Orb\n|upkeep\n|turn|17\n|\n|t:|1700863883\n|move|p2a: Milotic|Scald|p1a: Goodra\n|-resisted|p1a: Goodra\n|-crit|p1a: Goodra\n|-damage|p1a: Goodra|88\/100\n|-status|p1a: Goodra|brn\n|move|p1a: Goodra|Thunderbolt|p2a: Milotic\n|-supereffective|p2a: Milotic\n|-damage|p2a: Milotic|68\/100 brn\n|\n|-damage|p2a: Milotic|62\/100 brn|[from] brn\n|-damage|p1a: Goodra|82\/100 brn|[from] brn\n|-sideend|p2: Neilan|move: Light Screen\n|upkeep\n|turn|18\n|\n|t:|1700863889\n|move|p2a: Milotic|Ice Beam|p1a: Goodra\n|-damage|p1a: Goodra|68\/100 brn\n|move|p1a: Goodra|Thunderbolt|p2a: Milotic\n|-supereffective|p2a: Milotic\n|-damage|p2a: Milotic|11\/100 brn\n|\n|-damage|p2a: Milotic|5\/100 brn|[from] brn\n|-damage|p1a: Goodra|62\/100 brn|[from] brn\n|-sideend|p2: Neilan|Reflect\n|upkeep\n|turn|19\n|\n|t:|1700863895\n|move|p2a: Milotic|Scald|p1a: Goodra\n|-resisted|p1a: Goodra\n|-damage|p1a: Goodra|53\/100 brn\n|move|p1a: Goodra|Dragon Pulse|p2a: Milotic\n|-damage|p2a: Milotic|0 fnt\n|faint|p2a: Milotic\n|\n|-damage|p1a: Goodra|47\/100 brn|[from] brn\n|upkeep\n|\n|t:|1700863899\n|switch|p2a: Scizor|Scizor, F|94\/100 par\n|turn|20\n|\n|t:|1700863904\n|-terastallize|p1a: Goodra|Ghost\n|move|p1a: Goodra|Fire Blast|p2a: Scizor\n|-supereffective|p2a: Scizor\n|-damage|p2a: Scizor|0 fnt\n|faint|p2a: Scizor\n|\n|-damage|p1a: Goodra|41\/100 brn|[from] brn\n|upkeep\n|\n|t:|1700863906\n|switch|p2a: Amoonguss|Amoonguss, M|100\/100\n|turn|21\n|\n|t:|1700863911\n|move|p1a: Goodra|Fire Blast|p2a: Amoonguss\n|-supereffective|p2a: Amoonguss\n|-damage|p2a: Amoonguss|31\/100\n|move|p2a: Amoonguss|Sludge Bomb|p1a: Goodra\n|-resisted|p1a: Goodra\n|-damage|p1a: Goodra|32\/100 brn\n|\n|-heal|p2a: Amoonguss|37\/100|[from] item: Black Sludge\n|-damage|p1a: Goodra|26\/100 brn|[from] brn\n|upkeep\n|turn|22\n|\n|t:|1700863917\n|move|p1a: Goodra|Dragon Pulse|p2a: Amoonguss\n|-damage|p2a: Amoonguss|0 fnt\n|faint|p2a: Amoonguss\n|\n|win|Imarandomguyhi\n|raw|Imarandomguyhi's rating: 1095 &rarr; <strong>1119<\/strong><br \/>(+24 for winning)\n|raw|Neilan's rating: 1076 &rarr; <strong>1056<\/strong><br \/>(-20 for losing)\n|c|\u2606Imarandomguyhi|gg\n","uploadtime":1700863922,"views":7,"p1id":"imarandomguyhi","p2id":"neilan","formatid":"gen9nationaldex","rating":1056,"private":0,"password":""}