{"id":"gen9nationaldex-1993251643","p1":"Jarl_jake","p2":"csb1123","format":"[Gen 9] National Dex","log":"|j|\u2606Jarl_jake\n|j|\u2606csb1123\n|t:|1700284463\n|gametype|singles\n|player|p1|Jarl_jake|red|1626\n|player|p2|csb1123|265|1716\n|teamsize|p1|6\n|teamsize|p2|6\n|gen|9\n|tier|[Gen 9] National Dex\n|rated|\n|rule|HP Percentage Mod: HP is shown in percentages\n|rule|Endless Battle Clause: Forcing endless battles is banned\n|rule|OHKO Clause: OHKO moves are banned\n|rule|Evasion Clause: Evasion abilities, items, and moves are banned\n|rule|Evasion Abilities Clause: Evasion abilities are banned\n|rule|Evasion Items Clause: Evasion items are banned\n|rule|Evasion Moves Clause: Evasion moves are banned\n|rule|Species Clause: Limit one of each Pok\u00e9mon\n|rule|Sleep Clause Mod: Limit one foe put to sleep\n|clearpoke\n|poke|p1|Arcanine-Hisui, M|\n|poke|p1|Toxapex, F|\n|poke|p1|Flygon, M|\n|poke|p1|Metagross|\n|poke|p1|Porygon2|\n|poke|p1|Cloyster, F|\n|poke|p2|Ogerpon, F|\n|poke|p2|Corviknight, F|\n|poke|p2|Clodsire, M|\n|poke|p2|Tyranitar, F|\n|poke|p2|Tapu Fini|\n|poke|p2|Banette, F|\n|teampreview\n|inactive|Battle timer is ON: inactive players will automatically lose when time's up. (requested by csb1123)\n|\n|t:|1700284482\n|start\n|switch|p1a: Good boy|Arcanine-Hisui, M, shiny|100\/100\n|switch|p2a: Tyranitar|Tyranitar, F|100\/100\n|-weather|Sandstorm|[from] ability: Sand Stream|[of] p2a: Tyranitar\n|turn|1\n|\n|t:|1700284504\n|switch|p2a: Tapu Fini|Tapu Fini|100\/100\n|-fieldstart|move: Misty Terrain|[from] ability: Misty Surge|[of] p2a: Tapu Fini\n|move|p1a: Good boy|Close Combat|p2a: Tapu Fini\n|-resisted|p2a: Tapu Fini\n|-damage|p2a: Tapu Fini|87\/100\n|-unboost|p1a: Good boy|def|1\n|-unboost|p1a: Good boy|spd|1\n|\n|-weather|Sandstorm|[upkeep]\n|-damage|p2a: Tapu Fini|80\/100|[from] Sandstorm\n|-heal|p2a: Tapu Fini|87\/100|[from] item: Leftovers\n|upkeep\n|turn|2\n|\n|t:|1700284521\n|switch|p1a: Steely Dan|Metagross, shiny|100\/100\n|move|p2a: Tapu Fini|Calm Mind|p2a: Tapu Fini\n|-boost|p2a: Tapu Fini|spa|1\n|-boost|p2a: Tapu Fini|spd|1\n|\n|-weather|Sandstorm|[upkeep]\n|-damage|p2a: Tapu Fini|80\/100|[from] Sandstorm\n|-heal|p2a: Tapu Fini|87\/100|[from] item: Leftovers\n|upkeep\n|turn|3\n|\n|t:|1700284534\n|switch|p2a: Corviknight|Corviknight, F|100\/100\n|-ability|p2a: Corviknight|Pressure\n|move|p1a: Steely Dan|Thunder Punch|p2a: Corviknight\n|-supereffective|p2a: Corviknight\n|-damage|p2a: Corviknight|62\/100\n|\n|-weather|Sandstorm|[upkeep]\n|upkeep\n|turn|4\n|\n|t:|1700284547\n|move|p1a: Steely Dan|Thunder Punch|p2a: Corviknight\n|-supereffective|p2a: Corviknight\n|-damage|p2a: Corviknight|28\/100\n|move|p2a: Corviknight|Roost|p2a: Corviknight\n|-heal|p2a: Corviknight|78\/100\n|-singleturn|p2a: Corviknight|move: Roost\n|\n|-weather|Sandstorm|[upkeep]\n|upkeep\n|turn|5\n|\n|t:|1700284557\n|move|p1a: Steely Dan|Thunder Punch|p2a: Corviknight\n|-supereffective|p2a: Corviknight\n|-damage|p2a: Corviknight|44\/100\n|move|p2a: Corviknight|Iron Defense|p2a: Corviknight\n|-boost|p2a: Corviknight|def|2\n|\n|-weather|none\n|-fieldend|Misty Terrain\n|upkeep\n|turn|6\n|\n|t:|1700284565\n|switch|p1a: \ud83e\udd86|Porygon2|100\/100\n|-ability|p1a: \ud83e\udd86|Pressure\n|-ability|p1a: \ud83e\udd86|Pressure|[from] ability: Trace|[of] p2a: Corviknight\n|move|p2a: Corviknight|Roost|p2a: Corviknight\n|-heal|p2a: Corviknight|94\/100\n|-singleturn|p2a: Corviknight|move: Roost\n|\n|upkeep\n|turn|7\n|\n|t:|1700284576\n|move|p2a: Corviknight|Body Press|p1a: \ud83e\udd86\n|-supereffective|p1a: \ud83e\udd86\n|-damage|p1a: \ud83e\udd86|44\/100\n|move|p1a: \ud83e\udd86|Thunderbolt|p2a: Corviknight\n|-supereffective|p2a: Corviknight\n|-damage|p2a: Corviknight|51\/100\n|\n|upkeep\n|turn|8\n|\n|t:|1700284594\n|-terastallize|p1a: \ud83e\udd86|Poison\n|move|p2a: Corviknight|Roost|p2a: Corviknight\n|-heal|p2a: Corviknight|100\/100\n|-singleturn|p2a: Corviknight|move: Roost\n|move|p1a: \ud83e\udd86|Thunderbolt|p2a: Corviknight\n|-damage|p2a: Corviknight|78\/100\n|\n|upkeep\n|turn|9\n|\n|t:|1700284607\n|switch|p2a: Clodsire|Clodsire, M|100\/100\n|move|p1a: \ud83e\udd86|Recover|p1a: \ud83e\udd86\n|-heal|p1a: \ud83e\udd86|94\/100\n|\n|upkeep\n|turn|10\n|\n|t:|1700284615\n|switch|p1a: Gotcha|Flygon, M, shiny|100\/100\n|move|p2a: Clodsire|Stealth Rock|p1a: Gotcha\n|-sidestart|p1: Jarl_jake|move: Stealth Rock\n|\n|upkeep\n|turn|11\n|\n|t:|1700284634\n|switch|p2a: Corviknight|Corviknight, F|78\/100\n|-ability|p2a: Corviknight|Pressure\n|move|p1a: Gotcha|Defog|p2a: Corviknight\n|-unboost|p2a: Corviknight|evasion|1\n|-sideend|p1: Jarl_jake|Stealth Rock|[from] move: Defog|[of] p1a: Gotcha\n|\n|upkeep\n|turn|12\n|\n|t:|1700284649\n|switch|p2a: Clodsire|Clodsire, M|100\/100\n|move|p1a: Gotcha|Fire Blast|p2a: Clodsire\n|-damage|p2a: Clodsire|83\/100\n|-damage|p1a: Gotcha|91\/100|[from] item: Life Orb\n|\n|-heal|p2a: Clodsire|89\/100|[from] item: Leftovers\n|upkeep\n|turn|13\n|\n|t:|1700284660\n|move|p1a: Gotcha|Earthquake|p2a: Clodsire\n|-supereffective|p2a: Clodsire\n|-damage|p2a: Clodsire|0 fnt\n|faint|p2a: Clodsire\n|-damage|p1a: Gotcha|81\/100|[from] item: Life Orb\n|\n|upkeep\n|\n|t:|1700284672\n|switch|p2a: Tapu Fini|Tapu Fini|87\/100\n|-fieldstart|move: Misty Terrain|[from] ability: Misty Surge|[of] p2a: Tapu Fini\n|turn|14\n|\n|t:|1700284680\n|switch|p1a: Steely Dan|Metagross, shiny|100\/100\n|switch|p2a: Banette|Banette, F|100\/100\n|\n|upkeep\n|turn|15\n|\n|t:|1700284691\n|detailschange|p2a: Banette|Banette-Mega, F\n|-mega|p2a: Banette|Banette|Banettite\n|move|p2a: Banette|Poltergeist|p1a: Steely Dan\n|-activate|p1a: Steely Dan|move: Poltergeist|Assault Vest\n|-supereffective|p1a: Steely Dan\n|-damage|p1a: Steely Dan|0 fnt\n|faint|p1a: Steely Dan\n|\n|upkeep\n|\n|t:|1700284714\n|switch|p1a: Francis|Cloyster, F, shiny|100\/100\n|turn|16\n|\n|t:|1700284723\n|move|p2a: Banette|Poltergeist|p1a: Francis\n|-activate|p1a: Francis|move: Poltergeist|Heavy-Duty Boots\n|-damage|p1a: Francis|36\/100\n|move|p1a: Francis|Shell Smash|p1a: Francis\n|-unboost|p1a: Francis|def|1\n|-unboost|p1a: Francis|spd|1\n|-boost|p1a: Francis|atk|2\n|-boost|p1a: Francis|spa|2\n|-boost|p1a: Francis|spe|2\n|\n|upkeep\n|turn|17\n|\n|t:|1700284736\n|move|p2a: Banette|Encore|p1a: Francis\n|-start|p1a: Francis|Encore\n|move|p1a: Francis|Shell Smash|p1a: Francis\n|-unboost|p1a: Francis|def|1\n|-unboost|p1a: Francis|spd|1\n|-boost|p1a: Francis|atk|2\n|-boost|p1a: Francis|spa|2\n|-boost|p1a: Francis|spe|2\n|\n|upkeep\n|turn|18\n|\n|t:|1700284754\n|move|p1a: Francis|Shell Smash|p1a: Francis\n|-unboost|p1a: Francis|def|1\n|-unboost|p1a: Francis|spd|1\n|-boost|p1a: Francis|atk|2\n|-boost|p1a: Francis|spa|2\n|-boost|p1a: Francis|spe|2\n|move|p2a: Banette|Pursuit|p1a: Francis\n|-damage|p1a: Francis|0 fnt\n|faint|p1a: Francis\n|\n|-fieldend|Misty Terrain\n|upkeep\n|inactive|Jarl_jake has 120 seconds left.\n|\n|t:|1700284766\n|switch|p1a: \ud83e\udd86|Porygon2, tera:Poison|94\/100\n|-ability|p1a: \ud83e\udd86|Prankster|[from] ability: Trace|[of] p2a: Banette\n|turn|19\n|\n|t:|1700284775\n|switch|p2a: Tyranitar|Tyranitar, F|100\/100\n|-weather|Sandstorm|[from] ability: Sand Stream|[of] p2a: Tyranitar\n|move|p1a: \ud83e\udd86|Toxic|p2a: Tyranitar\n|-hint|Since gen 7, Dark is immune to Prankster moves.\n|-immune|p2a: Tyranitar\n|\n|-weather|Sandstorm|[upkeep]\n|-damage|p1a: \ud83e\udd86|88\/100|[from] Sandstorm\n|upkeep\n|turn|20\n|j| KoKohs\n|\n|t:|1700284799\n|switch|p1a: Gotcha|Flygon, M, shiny|81\/100\n|move|p2a: Tyranitar|Ice Beam|p1a: Gotcha\n|-supereffective|p1a: Gotcha\n|-damage|p1a: Gotcha|0 fnt\n|faint|p1a: Gotcha\n|\n|-weather|Sandstorm|[upkeep]\n|upkeep\n|\n|t:|1700284809\n|switch|p1a: Good boy|Arcanine-Hisui, M, shiny|100\/100\n|turn|21\n|\n|t:|1700284822\n|switch|p2a: Tapu Fini|Tapu Fini|87\/100\n|-fieldstart|move: Misty Terrain|[from] ability: Misty Surge|[of] p2a: Tapu Fini\n|move|p1a: Good boy|Head Smash|p2a: Tapu Fini\n|-damage|p2a: Tapu Fini|26\/100\n|\n|-weather|Sandstorm|[upkeep]\n|-damage|p2a: Tapu Fini|20\/100|[from] Sandstorm\n|-heal|p2a: Tapu Fini|26\/100|[from] item: Leftovers\n|upkeep\n|turn|22\n|\n|t:|1700284833\n|move|p1a: Good boy|Head Smash|p2a: Tapu Fini\n|-damage|p2a: Tapu Fini|0 fnt\n|faint|p2a: Tapu Fini\n|\n|-weather|Sandstorm|[upkeep]\n|upkeep\n|\n|t:|1700284840\n|switch|p2a: Banette|Banette-Mega, F|100\/100\n|turn|23\n|\n|t:|1700284850\n|switch|p1a: Toxic Personality|Toxapex, F, shiny|100\/100\n|move|p2a: Banette|Destiny Bond|p2a: Banette\n|-singlemove|p2a: Banette|Destiny Bond\n|\n|-weather|none\n|upkeep\n|turn|24\n|\n|t:|1700284858\n|move|p2a: Banette|Poltergeist|p1a: Toxic Personality\n|-activate|p1a: Toxic Personality|move: Poltergeist|Leftovers\n|-damage|p1a: Toxic Personality|54\/100\n|move|p1a: Toxic Personality|Infestation|p2a: Banette\n|-resisted|p2a: Banette\n|-damage|p2a: Banette|98\/100\n|-activate|p2a: Banette|move: Infestation|[of] p1a: Toxic Personality\n|\n|-heal|p1a: Toxic Personality|60\/100|[from] item: Leftovers\n|-damage|p2a: Banette|86\/100|[from] move: Infestation|[partiallytrapped]\n|upkeep\n|turn|25\n|\n|t:|1700284871\n|move|p1a: Toxic Personality|Baneful Bunker|p1a: Toxic Personality\n|-singleturn|p1a: Toxic Personality|move: Protect\n|move|p2a: Banette|Encore|p1a: Toxic Personality\n|-activate|p1a: Toxic Personality|move: Protect\n|\n|-heal|p1a: Toxic Personality|66\/100|[from] item: Leftovers\n|-damage|p2a: Banette|74\/100|[from] move: Infestation|[partiallytrapped]\n|-fieldend|Misty Terrain\n|upkeep\n|turn|26\n|\n|t:|1700284881\n|move|p2a: Banette|Poltergeist|p1a: Toxic Personality\n|-activate|p1a: Toxic Personality|move: Poltergeist|Leftovers\n|-damage|p1a: Toxic Personality|13\/100\n|move|p1a: Toxic Personality|Toxic|p2a: Banette\n|-status|p2a: Banette|tox\n|\n|-heal|p1a: Toxic Personality|19\/100|[from] item: Leftovers\n|-damage|p2a: Banette|68\/100 tox|[from] psn\n|-damage|p2a: Banette|56\/100 tox|[from] move: Infestation|[partiallytrapped]\n|upkeep\n|turn|27\n|\n|t:|1700284893\n|move|p1a: Toxic Personality|Baneful Bunker|p1a: Toxic Personality\n|-singleturn|p1a: Toxic Personality|move: Protect\n|move|p2a: Banette|Pursuit|p1a: Toxic Personality\n|-activate|p1a: Toxic Personality|move: Protect\n|\n|-heal|p1a: Toxic Personality|25\/100|[from] item: Leftovers\n|-damage|p2a: Banette|44\/100 tox|[from] psn\n|-damage|p2a: Banette|31\/100 tox|[from] move: Infestation|[partiallytrapped]\n|upkeep\n|turn|28\n|\n|t:|1700284904\n|move|p1a: Toxic Personality|Baneful Bunker|p1a: Toxic Personality\n|-singleturn|p1a: Toxic Personality|move: Protect\n|move|p2a: Banette|Poltergeist|p1a: Toxic Personality\n|-activate|p1a: Toxic Personality|move: Protect\n|\n|-heal|p1a: Toxic Personality|32\/100|[from] item: Leftovers\n|-damage|p2a: Banette|14\/100 tox|[from] psn\n|-end|p2a: Banette|Infestation|[partiallytrapped]\n|upkeep\n|turn|29\n|j| zgiatq\u8d85\u7ea7\u53ef\u7231\u4e4b\u795e\n|\n|t:|1700284920\n|move|p2a: Banette|Pursuit|p1a: Toxic Personality\n|-damage|p1a: Toxic Personality|19\/100\n|move|p1a: Toxic Personality|Recover|p1a: Toxic Personality\n|-heal|p1a: Toxic Personality|69\/100\n|\n|-heal|p1a: Toxic Personality|75\/100|[from] item: Leftovers\n|-damage|p2a: Banette|0 fnt|[from] psn\n|faint|p2a: Banette\n|upkeep\n|j| Wiimicks\n|\n|t:|1700284933\n|switch|p2a: Ogerpon|Ogerpon, F|100\/100\n|turn|30\n|\n|t:|1700284940\n|move|p2a: Ogerpon|Swords Dance|p2a: Ogerpon\n|-boost|p2a: Ogerpon|atk|2\n|move|p1a: Toxic Personality|Toxic|p2a: Ogerpon\n|-status|p2a: Ogerpon|tox\n|\n|-heal|p1a: Toxic Personality|81\/100|[from] item: Leftovers\n|-damage|p2a: Ogerpon|95\/100 tox|[from] psn\n|upkeep\n|turn|31\n|\n|t:|1700284950\n|move|p2a: Ogerpon|Swords Dance|p2a: Ogerpon\n|-boost|p2a: Ogerpon|atk|2\n|move|p1a: Toxic Personality|Infestation|p2a: Ogerpon\n|-supereffective|p2a: Ogerpon\n|-crit|p2a: Ogerpon\n|-damage|p2a: Ogerpon|84\/100 tox\n|-activate|p2a: Ogerpon|move: Infestation|[of] p1a: Toxic Personality\n|\n|-heal|p1a: Toxic Personality|87\/100|[from] item: Leftovers\n|-damage|p2a: Ogerpon|72\/100 tox|[from] psn\n|-damage|p2a: Ogerpon|60\/100 tox|[from] move: Infestation|[partiallytrapped]\n|upkeep\n|turn|32\n|\n|t:|1700284963\n|-terastallize|p2a: Ogerpon|Grass\n|detailschange|p2a: Ogerpon|Ogerpon-Teal-Tera, F, tera:Grass\n|-ability|p2a: Ogerpon|Embody Aspect (Teal)|boost\n|-boost|p2a: Ogerpon|spe|1\n|move|p1a: Toxic Personality|Baneful Bunker|p1a: Toxic Personality\n|-singleturn|p1a: Toxic Personality|move: Protect\n|move|p2a: Ogerpon|Ivy Cudgel|p1a: Toxic Personality\n|-activate|p1a: Toxic Personality|move: Protect\n|\n|-heal|p1a: Toxic Personality|94\/100|[from] item: Leftovers\n|-damage|p2a: Ogerpon|42\/100 tox|[from] psn\n|-damage|p2a: Ogerpon|29\/100 tox|[from] move: Infestation|[partiallytrapped]\n|upkeep\n|turn|33\n|\n|t:|1700284978\n|move|p1a: Toxic Personality|Baneful Bunker|p1a: Toxic Personality\n|-singleturn|p1a: Toxic Personality|move: Protect\n|move|p2a: Ogerpon|Ivy Cudgel|p1a: Toxic Personality\n|-activate|p1a: Toxic Personality|move: Protect\n|\n|-heal|p1a: Toxic Personality|99\/100|[from] item: Leftovers\n|-damage|p2a: Ogerpon|5\/100 tox|[from] psn\n|-damage|p2a: Ogerpon|0 fnt|[from] move: Infestation|[partiallytrapped]\n|faint|p2a: Ogerpon\n|upkeep\n|-message|csb1123 forfeited.\n|\n|win|Jarl_jake\n|raw|Jarl_jake's rating: 1626 &rarr; <strong>1651<\/strong><br \/>(+25 for winning)\n|raw|csb1123's rating: 1716 &rarr; <strong>1691<\/strong><br \/>(-25 for losing)\n|l|\u2606csb1123\n","uploadtime":1700285015,"views":20,"p1id":"jarljake","p2id":"csb1123","formatid":"gen9nationaldex","rating":1651,"private":0,"password":""}