{"id":"gen9nationaldex-1992119754","p1":"Ant_Kid-06","p2":"vipfrfr","format":"[Gen 9] National Dex","log":"|j|\u2606Ant_Kid-06\n|j|\u2606vipfrfr\n|t:|1700156700\n|gametype|singles\n|player|p1|Ant_Kid-06|2|1197\n|player|p2|vipfrfr|1|1110\n|teamsize|p1|6\n|teamsize|p2|6\n|gen|9\n|tier|[Gen 9] National Dex\n|rated|\n|rule|HP Percentage Mod: HP is shown in percentages\n|rule|Endless Battle Clause: Forcing endless battles is banned\n|rule|OHKO Clause: OHKO moves are banned\n|rule|Evasion Clause: Evasion abilities, items, and moves are banned\n|rule|Evasion Abilities Clause: Evasion abilities are banned\n|rule|Evasion Items Clause: Evasion items are banned\n|rule|Evasion Moves Clause: Evasion moves are banned\n|rule|Species Clause: Limit one of each Pok\u00e9mon\n|rule|Sleep Clause Mod: Limit one foe put to sleep\n|clearpoke\n|poke|p1|Greninja-*, M|\n|poke|p1|Sneasler, F|\n|poke|p1|Ogerpon-Wellspring, F|\n|poke|p1|Aerodactyl, M|\n|poke|p1|Glimmora, M|\n|poke|p1|Xurkitree|\n|poke|p2|Charizard, F|\n|poke|p2|Greninja-*, M|\n|poke|p2|Toxapex, M|\n|poke|p2|Lucario, M|\n|poke|p2|Meowscarada, F|\n|poke|p2|Gardevoir, M|\n|teampreview\n|\n|t:|1700156710\n|start\n|switch|p1a: Sneasler|Sneasler, F|100\/100\n|switch|p2a: Lucario|Lucario, M|100\/100\n|turn|1\n|\n|t:|1700156717\n|move|p1a: Sneasler|Dire Claw|p2a: Lucario\n|-immune|p2a: Lucario\n|move|p2a: Lucario|Aura Sphere|p1a: Sneasler\n|-resisted|p1a: Sneasler\n|-damage|p1a: Sneasler|65\/100\n|-damage|p2a: Lucario|91\/100|[from] item: Life Orb\n|\n|upkeep\n|turn|2\n|\n|t:|1700156720\n|move|p1a: Sneasler|Fake Out||[still]\n|-hint|Fake Out only works on your first turn out.\n|-fail|p1a: Sneasler\n|move|p2a: Lucario|Aura Sphere|p1a: Sneasler\n|-resisted|p1a: Sneasler\n|-damage|p1a: Sneasler|30\/100\n|-damage|p2a: Lucario|81\/100|[from] item: Life Orb\n|\n|upkeep\n|turn|3\n|\n|t:|1700156724\n|move|p1a: Sneasler|Acrobatics|p2a: Lucario\n|-damage|p2a: Lucario|47\/100\n|move|p2a: Lucario|Aura Sphere|p1a: Sneasler\n|-resisted|p1a: Sneasler\n|-damage|p1a: Sneasler|0 fnt\n|faint|p1a: Sneasler\n|-damage|p2a: Lucario|37\/100|[from] item: Life Orb\n|\n|upkeep\n|\n|t:|1700156728\n|switch|p1a: Greninja|Greninja, M|100\/100\n|turn|4\n|\n|t:|1700156732\n|move|p1a: Greninja|Extrasensory|p2a: Lucario\n|-damage|p2a: Lucario|0 fnt\n|faint|p2a: Lucario\n|-ability|p1a: Greninja|Battle Bond|boost\n|-boost|p1a: Greninja|atk|1\n|-boost|p1a: Greninja|spa|1\n|-boost|p1a: Greninja|spe|1\n|-activate|p1a: Greninja|ability: Battle Bond\n|\n|upkeep\n|\n|t:|1700156741\n|switch|p2a: Toxapex|Toxapex, M|100\/100\n|turn|5\n|\n|t:|1700156744\n|move|p1a: Greninja|Extrasensory|p2a: Toxapex\n|-supereffective|p2a: Toxapex\n|-damage|p2a: Toxapex|51\/100\n|move|p2a: Toxapex|Toxic Spikes|p1a: Greninja\n|-sidestart|p1: Ant_Kid-06|move: Toxic Spikes\n|\n|upkeep\n|turn|6\n|\n|t:|1700156748\n|move|p1a: Greninja|Extrasensory|p2a: Toxapex\n|-supereffective|p2a: Toxapex\n|-damage|p2a: Toxapex|2\/100\n|move|p2a: Toxapex|Toxic Spikes|p1a: Greninja\n|-sidestart|p1: Ant_Kid-06|move: Toxic Spikes\n|\n|upkeep\n|turn|7\n|\n|t:|1700156751\n|move|p2a: Toxapex|Baneful Bunker|p2a: Toxapex\n|-singleturn|p2a: Toxapex|move: Protect\n|move|p1a: Greninja|Extrasensory|p2a: Toxapex\n|-activate|p2a: Toxapex|move: Protect\n|\n|upkeep\n|turn|8\n|\n|t:|1700156754\n|move|p1a: Greninja|Extrasensory|p2a: Toxapex\n|-supereffective|p2a: Toxapex\n|-damage|p2a: Toxapex|0 fnt\n|faint|p2a: Toxapex\n|\n|upkeep\n|\n|t:|1700156757\n|switch|p2a: Meowscarada|Meowscarada, F|100\/100\n|turn|9\n|\n|t:|1700156760\n|move|p1a: Greninja|Ice Beam|p2a: Meowscarada\n|-supereffective|p2a: Meowscarada\n|-damage|p2a: Meowscarada|0 fnt\n|faint|p2a: Meowscarada\n|\n|upkeep\n|\n|t:|1700156772\n|switch|p2a: Greninja|Greninja, M|100\/100\n|turn|10\n|\n|t:|1700156778\n|-terastallize|p2a: Greninja|Water\n|move|p1a: Greninja|Dark Pulse|p2a: Greninja\n|-damage|p2a: Greninja|20\/100\n|cant|p2a: Greninja|flinch\n|\n|upkeep\n|turn|11\n|\n|t:|1700156784\n|move|p1a: Greninja|Dark Pulse|p2a: Greninja\n|-damage|p2a: Greninja|0 fnt\n|faint|p2a: Greninja\n|\n|upkeep\n|\n|t:|1700156787\n|switch|p2a: Charizard|Charizard, F|100\/100\n|turn|12\n|\n|t:|1700156790\n|detailschange|p2a: Charizard|Charizard-Mega-X, F\n|-mega|p2a: Charizard|Charizard|Charizardite X\n|move|p1a: Greninja|Ice Beam|p2a: Charizard\n|-damage|p2a: Charizard|44\/100\n|move|p2a: Charizard|Thunder Punch|p1a: Greninja\n|-supereffective|p1a: Greninja\n|-enditem|p1a: Greninja|Focus Sash\n|-damage|p1a: Greninja|1\/100\n|\n|upkeep\n|turn|13\n|\n|t:|1700156797\n|move|p1a: Greninja|Surf|p2a: Charizard\n|-damage|p2a: Charizard|0 fnt\n|faint|p2a: Charizard\n|\n|upkeep\n|\n|t:|1700156799\n|switch|p2a: Gardevoir|Gardevoir, M|100\/100\n|turn|14\n|\n|t:|1700156801\n|move|p1a: Greninja|Dark Pulse|p2a: Gardevoir\n|-damage|p2a: Gardevoir|40\/100\n|cant|p2a: Gardevoir|flinch\n|\n|upkeep\n|turn|15\n|\n|t:|1700156806\n|move|p1a: Greninja|Dark Pulse|p2a: Gardevoir\n|-damage|p2a: Gardevoir|0 fnt\n|faint|p2a: Gardevoir\n|\n|win|Ant_Kid-06\n|raw|Ant_Kid-06's rating: 1197 &rarr; <strong>1216<\/strong><br \/>(+19 for winning)\n|raw|vipfrfr's rating: 1110 &rarr; <strong>1091<\/strong><br \/>(-19 for losing)\n|l|\u2606vipfrfr\n","uploadtime":1700156814,"views":11,"p1id":"antkid06","p2id":"vipfrfr","formatid":"gen9nationaldex","rating":1091,"private":0,"password":""}