{"id":"gen9nationaldex-1994045542","p1":"UltraProstar","p2":"mkxdr","format":"[Gen 9] National Dex","log":"|j|\u2606UltraProstar\n|j|\u2606mkxdr\n|t:|1700399192\n|gametype|singles\n|player|p1|UltraProstar|101|1283\n|player|p2|mkxdr|rosa|1255\n|teamsize|p1|6\n|teamsize|p2|6\n|gen|9\n|tier|[Gen 9] National Dex\n|rated|\n|rule|HP Percentage Mod: HP is shown in percentages\n|rule|Endless Battle Clause: Forcing endless battles is banned\n|rule|OHKO Clause: OHKO moves are banned\n|rule|Evasion Clause: Evasion abilities, items, and moves are banned\n|rule|Evasion Abilities Clause: Evasion abilities are banned\n|rule|Evasion Items Clause: Evasion items are banned\n|rule|Evasion Moves Clause: Evasion moves are banned\n|rule|Species Clause: Limit one of each Pok\u00e9mon\n|rule|Sleep Clause Mod: Limit one foe put to sleep\n|clearpoke\n|poke|p1|Greninja-*, M|\n|poke|p1|Talonflame, F|\n|poke|p1|Diggersby, F|\n|poke|p1|Diancie|\n|poke|p1|Goodra-Hisui, F|\n|poke|p1|Avalugg, M|\n|poke|p2|Pelipper, M|\n|poke|p2|Gyarados, M|\n|poke|p2|Thundurus-Therian, M|\n|poke|p2|Kartana|\n|poke|p2|Barraskewda, M|\n|poke|p2|Greninja-*, M|\n|teampreview\n|inactive|Battle timer is ON: inactive players will automatically lose when time's up. (requested by mkxdr)\n|inactive|UltraProstar has 120 seconds left.\n|\n|t:|1700399231\n|start\n|switch|p1a: Diancie|Diancie|100\/100\n|switch|p2a: Kartana|Kartana, shiny|100\/100\n|turn|1\n|\n|t:|1700399238\n|detailschange|p1a: Diancie|Diancie-Mega\n|-mega|p1a: Diancie|Diancie|Diancite\n|move|p2a: Kartana|Leaf Blade|p1a: Diancie\n|-supereffective|p1a: Diancie\n|-damage|p1a: Diancie|0 fnt\n|faint|p1a: Diancie\n|-ability|p2a: Kartana|Beast Boost|boost\n|-boost|p2a: Kartana|atk|1\n|\n|upkeep\n|\n|t:|1700399247\n|switch|p1a: Talonflame|Talonflame, F|100\/100\n|turn|2\n|\n|t:|1700399251\n|switch|p2a: Pelipper|Pelipper, M|100\/100\n|-weather|RainDance|[from] ability: Drizzle|[of] p2a: Pelipper\n|move|p1a: Talonflame|Flare Blitz|p2a: Pelipper\n|-resisted|p2a: Pelipper\n|-damage|p2a: Pelipper|91\/100\n|-damage|p1a: Talonflame|97\/100|[from] Recoil\n|\n|-weather|RainDance|[upkeep]\n|upkeep\n|turn|3\n|\n|t:|1700399259\n|switch|p1a: Avalugg|Avalugg, M|100\/100\n|move|p2a: Pelipper|U-turn|p1a: Avalugg\n|-damage|p1a: Avalugg|96\/100\n|\n|t:|1700399264\n|switch|p2a: Kartana|Kartana, shiny|100\/100|[from] U-turn\n|\n|-weather|RainDance|[upkeep]\n|upkeep\n|turn|4\n|\n|t:|1700399283\n|move|p2a: Kartana|Knock Off|p1a: Avalugg\n|-damage|p1a: Avalugg|68\/100\n|-enditem|p1a: Avalugg|Chople Berry|[from] move: Knock Off|[of] p2a: Kartana\n|move|p1a: Avalugg|Body Press|p2a: Kartana\n|-supereffective|p2a: Kartana\n|-damage|p2a: Kartana|25\/100\n|\n|-weather|RainDance|[upkeep]\n|upkeep\n|turn|5\n|\n|t:|1700399291\n|switch|p2a: Gyarados|Gyarados, M, shiny|100\/100\n|move|p1a: Avalugg|Body Press|p2a: Gyarados\n|-resisted|p2a: Gyarados\n|-damage|p2a: Gyarados|78\/100\n|\n|-weather|RainDance|[upkeep]\n|upkeep\n|turn|6\n|\n|t:|1700399298\n|move|p2a: Gyarados|Dragon Dance|p2a: Gyarados\n|-boost|p2a: Gyarados|atk|1\n|-boost|p2a: Gyarados|spe|1\n|move|p1a: Avalugg|Iron Defense|p1a: Avalugg\n|-boost|p1a: Avalugg|def|2\n|\n|-weather|RainDance|[upkeep]\n|upkeep\n|turn|7\n|\n|t:|1700399305\n|detailschange|p2a: Gyarados|Gyarados-Mega, M, shiny\n|-mega|p2a: Gyarados|Gyarados|Gyaradosite\n|-ability|p2a: Gyarados|Mold Breaker\n|move|p2a: Gyarados|Waterfall|p1a: Avalugg\n|-damage|p1a: Avalugg|46\/100\n|move|p1a: Avalugg|Recover|p1a: Avalugg\n|-heal|p1a: Avalugg|97\/100\n|\n|-weather|RainDance|[upkeep]\n|upkeep\n|turn|8\n|\n|t:|1700399314\n|switch|p2a: Thundurus|Thundurus-Therian, M|100\/100\n|move|p1a: Avalugg|Iron Defense|p1a: Avalugg\n|-boost|p1a: Avalugg|def|2\n|\n|-weather|RainDance|[upkeep]\n|upkeep\n|turn|9\n|\n|t:|1700399323\n|move|p2a: Thundurus|Weather Ball|p1a: Avalugg\n|-damage|p1a: Avalugg|23\/100\n|move|p1a: Avalugg|Body Press|p2a: Thundurus\n|-resisted|p2a: Thundurus\n|-damage|p2a: Thundurus|9\/100\n|\n|-weather|none\n|upkeep\n|turn|10\n|\n|t:|1700399331\n|move|p2a: Thundurus|Volt Switch|p1a: Avalugg\n|-damage|p1a: Avalugg|0 fnt\n|faint|p1a: Avalugg\n|\n|t:|1700399334\n|switch|p2a: Pelipper|Pelipper, M|91\/100|[from] Volt Switch\n|-weather|RainDance|[from] ability: Drizzle|[of] p2a: Pelipper\n|\n|-weather|RainDance|[upkeep]\n|upkeep\n|\n|t:|1700399343\n|switch|p1a: Greninja|Greninja, M|100\/100\n|turn|11\n|\n|t:|1700399347\n|move|p1a: Greninja|Dark Pulse|p2a: Pelipper\n|-damage|p2a: Pelipper|39\/100\n|move|p2a: Pelipper|U-turn|p1a: Greninja\n|-supereffective|p1a: Greninja\n|-damage|p1a: Greninja|68\/100\n|-enditem|p1a: Greninja|Weakness Policy\n|-boost|p1a: Greninja|atk|2|[from] item: Weakness Policy\n|-boost|p1a: Greninja|spa|2|[from] item: Weakness Policy\n|\n|t:|1700399355\n|switch|p2a: Barraskewda|Barraskewda, M, shiny|100\/100|[from] U-turn\n|\n|-weather|RainDance|[upkeep]\n|upkeep\n|turn|12\n|\n|t:|1700399361\n|move|p1a: Greninja|Water Shuriken|p2a: Barraskewda\n|-resisted|p2a: Barraskewda\n|-damage|p2a: Barraskewda|74\/100\n|-resisted|p2a: Barraskewda\n|-damage|p2a: Barraskewda|50\/100\n|-resisted|p2a: Barraskewda\n|-damage|p2a: Barraskewda|23\/100\n|-resisted|p2a: Barraskewda\n|-damage|p2a: Barraskewda|0 fnt\n|faint|p2a: Barraskewda\n|-ability|p1a: Greninja|Battle Bond|boost\n|-boost|p1a: Greninja|atk|1\n|-boost|p1a: Greninja|spa|1\n|-boost|p1a: Greninja|spe|1\n|-activate|p1a: Greninja|ability: Battle Bond\n|-hitcount|p2: Barraskewda|4\n|\n|-weather|RainDance|[upkeep]\n|upkeep\n|\n|t:|1700399382\n|switch|p2a: Kartana|Kartana, shiny|25\/100\n|turn|13\n|\n|t:|1700399388\n|move|p1a: Greninja|Water Shuriken|p2a: Kartana\n|-resisted|p2a: Kartana\n|-damage|p2a: Kartana|0 fnt\n|faint|p2a: Kartana\n|-hitcount|p2: Kartana|1\n|\n|-weather|RainDance|[upkeep]\n|upkeep\n|-message|mkxdr forfeited.\n|\n|win|UltraProstar\n|raw|UltraProstar's rating: 1283 &rarr; <strong>1306<\/strong><br \/>(+23 for winning)\n|raw|mkxdr's rating: 1255 &rarr; <strong>1232<\/strong><br \/>(-23 for losing)\n|l|\u2606mkxdr\n","uploadtime":1700399403,"views":10,"p1id":"ultraprostar","p2id":"mkxdr","formatid":"gen9nationaldex","rating":1232,"private":0,"password":""}