{"id":"gen9nationaldex-1998019483","p1":"innovation35","p2":"Squadapus","format":"[Gen 9] National Dex","log":"|html|<div class=\"broadcast-blue\"><strong>[Gen 9] National Dex is currently suspecting Sneasler! For information on how to participate check out the <a href=\"https:\/\/www.smogon.com\/forums\/threads\/sv-national-dex-suspect-8-just-dance.3731534\/\">suspect thread<\/a>.<\/strong><\/div>\n|j|\u2606innovation35\n|j|\u2606Squadapus\n|t:|1700879747\n|gametype|singles\n|player|p1|innovation35|170|1221\n|player|p2|Squadapus|cheren-gen5bw2|1220\n|teamsize|p1|6\n|teamsize|p2|6\n|gen|9\n|tier|[Gen 9] National Dex\n|rated|\n|rule|HP Percentage Mod: HP is shown in percentages\n|rule|Endless Battle Clause: Forcing endless battles is banned\n|rule|OHKO Clause: OHKO moves are banned\n|rule|Evasion Clause: Evasion abilities, items, and moves are banned\n|rule|Evasion Abilities Clause: Evasion abilities are banned\n|rule|Evasion Items Clause: Evasion items are banned\n|rule|Evasion Moves Clause: Evasion moves are banned\n|rule|Species Clause: Limit one of each Pok\u00e9mon\n|rule|Sleep Clause Mod: Limit one foe put to sleep\n|clearpoke\n|poke|p1|Diancie|\n|poke|p1|Great Tusk|\n|poke|p1|Tapu Lele|\n|poke|p1|Sneasler, F|\n|poke|p1|Slowking-Galar, F|\n|poke|p1|Moltres|\n|poke|p2|Aggron, M|\n|poke|p2|Tyranitar, M|\n|poke|p2|Rillaboom, F|\n|poke|p2|Sneasler, F|\n|poke|p2|Rotom-Wash|\n|poke|p2|Kartana|\n|teampreview\n|inactive|Battle timer is ON: inactive players will automatically lose when time's up. (requested by Squadapus)\n|inactive|innovation35 also wants the timer to be on.\n|\n|t:|1700879756\n|start\n|switch|p1a: Diancie|Diancie|100\/100\n|switch|p2a: Tyranitar|Tyranitar, M, shiny|100\/100\n|-weather|Sandstorm|[from] ability: Sand Stream|[of] p2a: Tyranitar\n|turn|1\n|\n|t:|1700879762\n|detailschange|p1a: Diancie|Diancie-Mega\n|-mega|p1a: Diancie|Diancie|Diancite\n|move|p1a: Diancie|Moonblast|p2a: Tyranitar\n|-supereffective|p2a: Tyranitar\n|-damage|p2a: Tyranitar|60\/100\n|move|p2a: Tyranitar|Heavy Slam|p1a: Diancie\n|-supereffective|p1a: Diancie\n|-damage|p1a: Diancie|0 fnt\n|faint|p1a: Diancie\n|\n|-weather|Sandstorm|[upkeep]\n|upkeep\n|\n|t:|1700879771\n|switch|p1a: Moltres|Moltres|100\/100\n|turn|2\n|\n|t:|1700879779\n|switch|p1a: Great Tusk|Great Tusk|100\/100\n|move|p2a: Tyranitar|Rock Blast|p1a: Great Tusk\n|-resisted|p1a: Great Tusk\n|-damage|p1a: Great Tusk|98\/100\n|-resisted|p1a: Great Tusk\n|-damage|p1a: Great Tusk|95\/100\n|-hitcount|p1a: Great Tusk|2\n|\n|-weather|Sandstorm|[upkeep]\n|upkeep\n|turn|3\n|\n|t:|1700879785\n|switch|p2a: Rillaboom|Rillaboom, F, shiny|100\/100\n|-fieldstart|move: Grassy Terrain|[from] ability: Grassy Surge|[of] p2a: Rillaboom\n|move|p1a: Great Tusk|Stealth Rock|p2a: Rillaboom\n|-sidestart|p2: Squadapus|move: Stealth Rock\n|\n|-weather|Sandstorm|[upkeep]\n|-damage|p2a: Rillaboom|94\/100|[from] Sandstorm\n|-heal|p1a: Great Tusk|100\/100|[from] Grassy Terrain\n|-heal|p2a: Rillaboom|100\/100|[from] Grassy Terrain\n|upkeep\n|turn|4\n|\n|t:|1700879795\n|-end|p1a: Great Tusk|Protosynthesis|[silent]\n|switch|p1a: Moltres|Moltres|100\/100\n|move|p2a: Rillaboom|Wood Hammer|p1a: Moltres\n|-resisted|p1a: Moltres\n|-damage|p1a: Moltres|80\/100\n|-damage|p2a: Rillaboom|93\/100|[from] Recoil\n|\n|-weather|Sandstorm|[upkeep]\n|-damage|p2a: Rillaboom|87\/100|[from] Sandstorm\n|-damage|p1a: Moltres|74\/100|[from] Sandstorm\n|-heal|p2a: Rillaboom|93\/100|[from] Grassy Terrain\n|upkeep\n|turn|5\n|\n|t:|1700879802\n|switch|p2a: Rotom|Rotom-Wash, shiny|100\/100\n|-damage|p2a: Rotom|88\/100|[from] Stealth Rock\n|move|p1a: Moltres|Roost|p1a: Moltres\n|-heal|p1a: Moltres|100\/100\n|-singleturn|p1a: Moltres|move: Roost\n|\n|-weather|none\n|upkeep\n|turn|6\n|\n|t:|1700879807\n|move|p2a: Rotom|Defog|p1a: Moltres\n|-unboost|p1a: Moltres|evasion|1\n|-sideend|p2: Squadapus|Stealth Rock|[from] move: Defog|[of] p2a: Rotom\n|-fieldend|move: Grassy Terrain\n|move|p1a: Moltres|Toxic|p2a: Rotom\n|-status|p2a: Rotom|tox\n|\n|-damage|p2a: Rotom|82\/100 tox|[from] psn\n|upkeep\n|turn|7\n|\n|t:|1700879816\n|switch|p1a: Great Tusk|Great Tusk|100\/100\n|move|p2a: Rotom|Thunder Wave|p1a: Great Tusk\n|-immune|p1a: Great Tusk\n|\n|-damage|p2a: Rotom|70\/100 tox|[from] psn\n|upkeep\n|turn|8\n|\n|t:|1700879822\n|move|p1a: Great Tusk|Stealth Rock|p2a: Rotom\n|-sidestart|p2: Squadapus|move: Stealth Rock\n|-zpower|p2a: Rotom\n|move|p2a: Rotom|Hydro Vortex|p1a: Great Tusk|[zeffect]\n|-supereffective|p1a: Great Tusk\n|-damage|p1a: Great Tusk|0 fnt\n|faint|p1a: Great Tusk\n|-end|p1a: Great Tusk|Protosynthesis|[silent]\n|\n|-damage|p2a: Rotom|53\/100 tox|[from] psn\n|upkeep\n|\n|t:|1700879828\n|switch|p1a: Tapu Lele|Tapu Lele|100\/100\n|-fieldstart|move: Psychic Terrain|[from] ability: Psychic Surge|[of] p1a: Tapu Lele\n|turn|9\n|\n|t:|1700879842\n|move|p1a: Tapu Lele|Psychic|p2a: Rotom\n|-damage|p2a: Rotom|0 fnt\n|faint|p2a: Rotom\n|\n|upkeep\n|\n|t:|1700879852\n|switch|p2a: Rillaboom|Rillaboom, F, shiny|93\/100\n|-damage|p2a: Rillaboom|81\/100|[from] Stealth Rock\n|-fieldstart|move: Grassy Terrain|[from] ability: Grassy Surge|[of] p2a: Rillaboom\n|turn|10\n|\n|t:|1700879864\n|switch|p1a: Moltres|Moltres|100\/100\n|move|p2a: Rillaboom|U-turn|p1a: Moltres\n|-resisted|p1a: Moltres\n|-damage|p1a: Moltres|94\/100\n|\n|t:|1700879869\n|switch|p2a: Tyranitar|Tyranitar, M, shiny|60\/100|[from] U-turn\n|-damage|p2a: Tyranitar|48\/100|[from] Stealth Rock\n|-weather|Sandstorm|[from] ability: Sand Stream|[of] p2a: Tyranitar\n|\n|-weather|Sandstorm|[upkeep]\n|-damage|p1a: Moltres|88\/100|[from] Sandstorm\n|-heal|p2a: Tyranitar|54\/100|[from] Grassy Terrain\n|upkeep\n|turn|11\n|\n|t:|1700879876\n|-terastallize|p1a: Moltres|Water\n|move|p1a: Moltres|Will-O-Wisp|p2a: Tyranitar\n|-status|p2a: Tyranitar|brn\n|move|p2a: Tyranitar|Rock Blast|p1a: Moltres\n|-damage|p1a: Moltres|83\/100\n|-damage|p1a: Moltres|79\/100\n|-damage|p1a: Moltres|74\/100\n|-hitcount|p1a: Moltres|3\n|\n|-weather|Sandstorm|[upkeep]\n|-damage|p1a: Moltres|68\/100|[from] Sandstorm\n|-heal|p1a: Moltres|74\/100|[from] Grassy Terrain\n|-heal|p2a: Tyranitar|60\/100 brn|[from] Grassy Terrain\n|-damage|p2a: Tyranitar|54\/100 brn|[from] brn\n|upkeep\n|turn|12\n|\n|t:|1700879885\n|move|p1a: Moltres|Will-O-Wisp|p2a: Tyranitar\n|-fail|p2a: Tyranitar|brn\n|move|p2a: Tyranitar|Knock Off|p1a: Moltres\n|-damage|p1a: Moltres|57\/100\n|-enditem|p1a: Moltres|Heavy-Duty Boots|[from] move: Knock Off|[of] p2a: Tyranitar\n|\n|-weather|Sandstorm|[upkeep]\n|-damage|p1a: Moltres|51\/100|[from] Sandstorm\n|-heal|p1a: Moltres|57\/100|[from] Grassy Terrain\n|-heal|p2a: Tyranitar|60\/100 brn|[from] Grassy Terrain\n|-damage|p2a: Tyranitar|54\/100 brn|[from] brn\n|upkeep\n|turn|13\n|\n|t:|1700879892\n|move|p1a: Moltres|Roost|p1a: Moltres\n|-heal|p1a: Moltres|100\/100\n|move|p2a: Tyranitar|Dragon Tail|p1a: Moltres\n|-damage|p1a: Moltres|93\/100\n|drag|p1a: Tapu Lele|Tapu Lele|100\/100\n|-fieldstart|move: Psychic Terrain|[from] ability: Psychic Surge|[of] p1a: Tapu Lele\n|\n|-weather|Sandstorm|[upkeep]\n|-damage|p1a: Tapu Lele|94\/100|[from] Sandstorm\n|-damage|p2a: Tyranitar|48\/100 brn|[from] brn\n|upkeep\n|turn|14\n|\n|t:|1700879904\n|switch|p1a: Moltres|Moltres, tera:Water|93\/100\n|move|p2a: Tyranitar|Heavy Slam|p1a: Moltres\n|-resisted|p1a: Moltres\n|-damage|p1a: Moltres|88\/100\n|\n|-weather|none\n|-damage|p2a: Tyranitar|41\/100 brn|[from] brn\n|upkeep\n|turn|15\n|\n|t:|1700879913\n|move|p1a: Moltres|U-turn|p2a: Tyranitar\n|-supereffective|p2a: Tyranitar\n|-damage|p2a: Tyranitar|19\/100 brn\n|\n|t:|1700879916\n|switch|p1a: Tapu Lele|Tapu Lele|94\/100|[from] U-turn\n|move|p2a: Tyranitar|Dragon Tail|p1a: Tapu Lele\n|-immune|p1a: Tapu Lele\n|\n|-damage|p2a: Tyranitar|12\/100 brn|[from] brn\n|upkeep\n|turn|16\n|\n|t:|1700879924\n|switch|p2a: Rillaboom|Rillaboom, F, shiny|81\/100\n|-damage|p2a: Rillaboom|68\/100|[from] Stealth Rock\n|-fieldstart|move: Grassy Terrain|[from] ability: Grassy Surge|[of] p2a: Rillaboom\n|move|p1a: Tapu Lele|Moonblast|p2a: Rillaboom\n|-damage|p2a: Rillaboom|2\/100\n|\n|-heal|p1a: Tapu Lele|100\/100|[from] Grassy Terrain\n|-heal|p2a: Rillaboom|8\/100|[from] Grassy Terrain\n|upkeep\n|turn|17\n|\n|t:|1700879936\n|move|p1a: Tapu Lele|Moonblast|p2a: Rillaboom\n|-damage|p2a: Rillaboom|0 fnt\n|faint|p2a: Rillaboom\n|\n|upkeep\n|\n|t:|1700879939\n|switch|p2a: Aggron|Aggron, M, shiny|100\/100\n|-damage|p2a: Aggron|94\/100|[from] Stealth Rock\n|turn|18\n|\n|t:|1700879943\n|switch|p1a: Moltres|Moltres, tera:Water|88\/100\n|detailschange|p2a: Aggron|Aggron-Mega, M, shiny\n|-mega|p2a: Aggron|Aggron|Aggronite\n|move|p2a: Aggron|Iron Defense|p2a: Aggron\n|-boost|p2a: Aggron|def|2\n|\n|-heal|p1a: Moltres|94\/100|[from] Grassy Terrain\n|-heal|p2a: Aggron|100\/100|[from] Grassy Terrain\n|upkeep\n|turn|19\n|\n|t:|1700879949\n|switch|p2a: Tyranitar|Tyranitar, M, shiny|12\/100 brn\n|-damage|p2a: Tyranitar|0 fnt|[from] Stealth Rock\n|faint|p2a: Tyranitar\n|move|p1a: Moltres|Will-O-Wisp|p2: Tyranitar|[notarget]\n|-fail|p1a: Moltres\n|\n|-heal|p1a: Moltres|99\/100|[from] Grassy Terrain\n|upkeep\n|\n|t:|1700879953\n|switch|p2a: Sneasler|Sneasler, F, shiny|100\/100\n|-damage|p2a: Sneasler|94\/100|[from] Stealth Rock\n|-enditem|p2a: Sneasler|Grassy Seed\n|-boost|p2a: Sneasler|def|1|[from] item: Grassy Seed\n|turn|20\n|\n|t:|1700879962\n|move|p2a: Sneasler|Dire Claw|p1a: Moltres\n|-damage|p1a: Moltres|68\/100\n|-status|p1a: Moltres|par\n|-status|p2a: Sneasler|brn|[from] ability: Flame Body|[of] p1a: Moltres\n|move|p1a: Moltres|Will-O-Wisp|p2a: Sneasler\n|-fail|p2a: Sneasler|brn\n|\n|-heal|p2a: Sneasler|100\/100 brn|[from] Grassy Terrain\n|-heal|p1a: Moltres|74\/100 par|[from] Grassy Terrain\n|-damage|p2a: Sneasler|94\/100 brn|[from] brn\n|-fieldend|move: Grassy Terrain\n|upkeep\n|turn|21\n|\n|t:|1700879970\n|switch|p1a: Tapu Lele|Tapu Lele|100\/100\n|-fieldstart|move: Psychic Terrain|[from] ability: Psychic Surge|[of] p1a: Tapu Lele\n|move|p2a: Sneasler|Swords Dance|p2a: Sneasler\n|-boost|p2a: Sneasler|atk|2\n|\n|-damage|p2a: Sneasler|88\/100 brn|[from] brn\n|upkeep\n|turn|22\n|\n|t:|1700879987\n|move|p2a: Sneasler|Dire Claw|p1a: Tapu Lele\n|-supereffective|p1a: Tapu Lele\n|-damage|p1a: Tapu Lele|0 fnt\n|faint|p1a: Tapu Lele\n|\n|-damage|p2a: Sneasler|82\/100 brn|[from] brn\n|upkeep\n|\n|t:|1700879991\n|switch|p1a: Sneasler|Sneasler, F|100\/100\n|-enditem|p1a: Sneasler|Psychic Seed\n|-boost|p1a: Sneasler|spd|1|[from] item: Psychic Seed\n|turn|23\n|\n|t:|1700880003\n|-terastallize|p2a: Sneasler|Electric\n|move|p1a: Sneasler|Swords Dance|p1a: Sneasler\n|-boost|p1a: Sneasler|atk|2\n|move|p2a: Sneasler|Acrobatics|p1a: Sneasler\n|-supereffective|p1a: Sneasler\n|-damage|p1a: Sneasler|0 fnt\n|faint|p1a: Sneasler\n|\n|-damage|p2a: Sneasler|76\/100 brn|[from] brn\n|upkeep\n|\n|t:|1700880014\n|switch|p1a: Slowking|Slowking-Galar, F|100\/100\n|turn|24\n|\n|t:|1700880019\n|move|p2a: Sneasler|Dire Claw|p1a: Slowking\n|-resisted|p1a: Slowking\n|-damage|p1a: Slowking|78\/100\n|move|p1a: Slowking|Sludge Wave|p2a: Sneasler\n|-damage|p2a: Sneasler|29\/100 brn\n|\n|-damage|p2a: Sneasler|23\/100 brn|[from] brn\n|upkeep\n|turn|25\n|\n|t:|1700880028\n|move|p2a: Sneasler|Dire Claw|p1a: Slowking\n|-resisted|p1a: Slowking\n|-damage|p1a: Slowking|54\/100\n|move|p1a: Slowking|Sludge Wave|p2a: Sneasler\n|-damage|p2a: Sneasler|0 fnt\n|faint|p2a: Sneasler\n|\n|-fieldend|move: Psychic Terrain\n|upkeep\n|\n|t:|1700880034\n|switch|p2a: Kartana|Kartana, shiny|100\/100\n|-damage|p2a: Kartana|94\/100|[from] Stealth Rock\n|turn|26\n|\n|t:|1700880050\n|move|p2a: Kartana|Knock Off|p1a: Slowking\n|-supereffective|p1a: Slowking\n|-damage|p1a: Slowking|0 fnt\n|-enditem|p1a: Slowking|Heavy-Duty Boots|[from] move: Knock Off|[of] p2a: Kartana\n|faint|p1a: Slowking\n|-ability|p2a: Kartana|Beast Boost|boost\n|-boost|p2a: Kartana|atk|1\n|\n|upkeep\n|\n|t:|1700880052\n|switch|p1a: Moltres|Moltres, tera:Water|74\/100 par\n|turn|27\n|\n|t:|1700880058\n|move|p2a: Kartana|Knock Off|p1a: Moltres\n|-damage|p1a: Moltres|45\/100 par\n|move|p1a: Moltres|Will-O-Wisp|p2a: Kartana\n|-status|p2a: Kartana|brn\n|\n|-damage|p2a: Kartana|88\/100 brn|[from] brn\n|upkeep\n|turn|28\n|\n|t:|1700880064\n|move|p2a: Kartana|Knock Off|p1a: Moltres\n|-damage|p1a: Moltres|30\/100 par\n|cant|p1a: Moltres|par\n|\n|-damage|p2a: Kartana|82\/100 brn|[from] brn\n|upkeep\n|turn|29\n|\n|t:|1700880069\n|move|p2a: Kartana|Knock Off|p1a: Moltres\n|-damage|p1a: Moltres|16\/100 par\n|cant|p1a: Moltres|par\n|\n|-damage|p2a: Kartana|76\/100 brn|[from] brn\n|upkeep\n|turn|30\n|\n|t:|1700880074\n|move|p2a: Kartana|Knock Off|p1a: Moltres\n|-damage|p1a: Moltres|1\/100 par\n|cant|p1a: Moltres|par\n|\n|-damage|p2a: Kartana|70\/100 brn|[from] brn\n|upkeep\n|turn|31\n|c|\u2606innovation35|\uff1f\uff1f\uff1f\uff1f\uff1f\uff1f\uff1f\uff1f\uff1f\uff1f\uff1f\uff1f\uff1f\uff1f\uff1f\uff1f\uff1f\uff1f\uff1f\uff1f\uff1f\uff1f\uff1f\uff1f\uff1f\n|c|\u2606innovation35|\uff1f\uff1f\uff1f\uff1f\uff1f\uff1f\uff1f\uff1f\uff1f\uff1f\uff1f\uff1f\uff1f\uff1f\uff1f\uff1f\uff1f\uff1f\uff1f\uff1f\uff1f\uff1f\uff1f\uff1f\uff1f\uff1f\uff1f\uff1f\n|l|\u2606innovation35\n|inactive|innovation35 disconnected and has a minute to reconnect!\n|player|p1|\n|c|\u2606Squadapus|gg\n|inactive|innovation35 has 30 seconds to reconnect!\n|inactive|innovation35 has 20 seconds to reconnect!\n|inactive|innovation35 has 15 seconds to reconnect!\n|inactive|innovation35 has 10 seconds to reconnect!\n|inactive|innovation35 has 5 seconds to reconnect!\n|j|\u2606innovation35\n|inactive|innovation35 reconnected and has 70 seconds left.\n|player|p1|innovation35|170\n|\n|t:|1700880159\n|move|p2a: Kartana|Knock Off|p1a: Moltres\n|-crit|p1a: Moltres\n|-damage|p1a: Moltres|0 fnt\n|faint|p1a: Moltres\n|\n|win|Squadapus\n|raw|innovation35's rating: 1221 &rarr; <strong>1196<\/strong><br \/>(-25 for losing)\n|raw|Squadapus's rating: 1220 &rarr; <strong>1245<\/strong><br \/>(+25 for winning)\n","uploadtime":1700880167,"views":1,"p1id":"innovation35","p2id":"squadapus","formatid":"gen9nationaldex","rating":1196,"private":0,"password":""}