{"id":"gen9nationaldex-1988781178","p1":"zcy41611","p2":"sdrhj","format":"[Gen 9] National Dex","log":"|j|\u2606zcy41611\n|j|\u2606sdrhj\n|t:|1699762309\n|gametype|singles\n|player|p1|zcy41611|lady-gen4|1404\n|player|p2|sdrhj|plasmagruntf-gen5bw|1381\n|teamsize|p1|6\n|teamsize|p2|6\n|gen|9\n|tier|[Gen 9] National Dex\n|rated|\n|rule|HP Percentage Mod: HP is shown in percentages\n|rule|Endless Battle Clause: Forcing endless battles is banned\n|rule|OHKO Clause: OHKO moves are banned\n|rule|Evasion Clause: Evasion abilities, items, and moves are banned\n|rule|Evasion Abilities Clause: Evasion abilities are banned\n|rule|Evasion Items Clause: Evasion items are banned\n|rule|Evasion Moves Clause: Evasion moves are banned\n|rule|Species Clause: Limit one of each Pok\u00e9mon\n|rule|Sleep Clause Mod: Limit one foe put to sleep\n|clearpoke\n|poke|p1|Glimmora, M|\n|poke|p1|Dragonite, F|\n|poke|p1|Garganacl, F|\n|poke|p1|Venusaur, M|\n|poke|p1|Latios, M|\n|poke|p1|Zapdos|\n|poke|p2|Landorus-Therian, M|\n|poke|p2|Heatran, M|\n|poke|p2|Buzzwole|\n|poke|p2|Tapu Lele|\n|poke|p2|Sneasler, M|\n|poke|p2|Garchomp, M|\n|teampreview\n|inactive|Battle timer is ON: inactive players will automatically lose when time's up. (requested by sdrhj)\n|inactive|zcy41611 has 120 seconds left.\n|inactive|zcy41611 has 90 seconds left.\n|inactive|zcy41611 has 60 seconds left.\n|inactive|zcy41611 has 30 seconds left.\n|inactive|zcy41611 has 20 seconds left.\n|\n|t:|1699762449\n|start\n|switch|p1a: Glimmora|Glimmora, M|100\/100\n|switch|p2a: Landorus|Landorus-Therian, M|100\/100\n|-item|p1a: Glimmora|Air Balloon\n|-ability|p2a: Landorus|Intimidate|boost\n|-unboost|p1a: Glimmora|atk|1\n|turn|1\n|\n|t:|1699762458\n|move|p1a: Glimmora|Mortal Spin|p2a: Landorus\n|-resisted|p2a: Landorus\n|-damage|p2a: Landorus|99\/100\n|-status|p2a: Landorus|psn\n|-damage|p1a: Glimmora|84\/100|[from] item: Rocky Helmet|[of] p2a: Landorus\n|move|p2a: Landorus|Stealth Rock|p1a: Glimmora\n|-sidestart|p1: zcy41611|move: Stealth Rock\n|\n|-damage|p2a: Landorus|87\/100 psn|[from] psn\n|upkeep\n|turn|2\n|\n|t:|1699762464\n|move|p1a: Glimmora|Power Gem|p2a: Landorus\n|-damage|p2a: Landorus|43\/100 psn\n|move|p2a: Landorus|U-turn|p1a: Glimmora\n|-resisted|p1a: Glimmora\n|-damage|p1a: Glimmora|71\/100\n|-activate|p1a: Glimmora|ability: Toxic Debris\n|-sidestart|p2: sdrhj|move: Toxic Spikes\n|-enditem|p1a: Glimmora|Air Balloon\n|\n|t:|1699762470\n|switch|p2a: Tapu Lele|Tapu Lele|100\/100|[from] U-turn\n|-status|p2a: Tapu Lele|psn\n|-fieldstart|move: Psychic Terrain|[from] ability: Psychic Surge|[of] p2a: Tapu Lele\n|\n|-damage|p2a: Tapu Lele|88\/100 psn|[from] psn\n|upkeep\n|turn|3\n|\n|t:|1699762475\n|switch|p1a: Latios|Latios, M|100\/100\n|-damage|p1a: Latios|88\/100|[from] Stealth Rock\n|move|p2a: Tapu Lele|Psychic|p1a: Latios\n|-resisted|p1a: Latios\n|-damage|p1a: Latios|70\/100\n|\n|-damage|p2a: Tapu Lele|76\/100 psn|[from] psn\n|upkeep\n|turn|4\n|\n|t:|1699762479\n|-terastallize|p1a: Latios|Fire\n|move|p1a: Latios|Mystical Fire|p2a: Tapu Lele\n|-crit|p2a: Tapu Lele\n|-damage|p2a: Tapu Lele|18\/100 psn\n|-unboost|p2a: Tapu Lele|spa|1\n|move|p2a: Tapu Lele|Moonblast|p1a: Latios\n|-resisted|p1a: Latios\n|-damage|p1a: Latios|60\/100\n|\n|-damage|p2a: Tapu Lele|5\/100 psn|[from] psn\n|upkeep\n|turn|5\n|\n|t:|1699762482\n|move|p1a: Latios|Aura Sphere|p2a: Tapu Lele\n|-resisted|p2a: Tapu Lele\n|-damage|p2a: Tapu Lele|0 fnt\n|faint|p2a: Tapu Lele\n|\n|upkeep\n|\n|t:|1699762485\n|switch|p2a: Sneasler|Sneasler, M|100\/100\n|-sideend|p2: sdrhj|move: Toxic Spikes|[of] p2a: Sneasler\n|-enditem|p2a: Sneasler|Psychic Seed\n|-boost|p2a: Sneasler|spd|1|[from] item: Psychic Seed\n|turn|6\n|\n|t:|1699762489\n|move|p2a: Sneasler|Dire Claw|p1a: Latios\n|-damage|p1a: Latios|2\/100\n|move|p1a: Latios|Psychic|p2a: Sneasler\n|-supereffective|p2a: Sneasler\n|-damage|p2a: Sneasler|0 fnt\n|faint|p2a: Sneasler\n|\n|-fieldend|move: Psychic Terrain\n|upkeep\n|-message|sdrhj forfeited.\n|\n|win|zcy41611\n|raw|zcy41611's rating: 1404 &rarr; <strong>1423<\/strong><br \/>(+19 for winning)\n|raw|sdrhj's rating: 1381 &rarr; <strong>1362<\/strong><br \/>(-19 for losing)\n|l|\u2606sdrhj\n","uploadtime":1699762536,"views":4,"p1id":"zcy41611","p2id":"sdrhj","formatid":"gen9nationaldex","rating":1362,"private":0,"password":""}