{"id":"gen9nationaldex-1997453552","p1":"steals many wives","p2":"Trishlikefish69","format":"[Gen 9] National Dex","log":"|html|<div class=\"broadcast-blue\"><strong>[Gen 9] National Dex is currently suspecting Sneasler! For information on how to participate check out the <a href=\"https:\/\/www.smogon.com\/forums\/threads\/sv-national-dex-suspect-8-just-dance.3731534\/\">suspect thread<\/a>.<\/strong><\/div>\n|j|\u2606steals many wives\n|j|\u2606Trishlikefish69\n|t:|1700807961\n|gametype|singles\n|player|p1|steals many wives|waitress|1109\n|player|p2|Trishlikefish69|iris-gen5bw2|1033\n|teamsize|p1|6\n|teamsize|p2|6\n|gen|9\n|tier|[Gen 9] National Dex\n|rated|\n|rule|HP Percentage Mod: HP is shown in percentages\n|rule|Endless Battle Clause: Forcing endless battles is banned\n|rule|OHKO Clause: OHKO moves are banned\n|rule|Evasion Clause: Evasion abilities, items, and moves are banned\n|rule|Evasion Abilities Clause: Evasion abilities are banned\n|rule|Evasion Items Clause: Evasion items are banned\n|rule|Evasion Moves Clause: Evasion moves are banned\n|rule|Species Clause: Limit one of each Pok\u00e9mon\n|rule|Sleep Clause Mod: Limit one foe put to sleep\n|clearpoke\n|poke|p1|Volcarona, M|\n|poke|p1|Chandelure, F|\n|poke|p1|Rotom-Heat|\n|poke|p1|Victini|\n|poke|p1|Volcanion|\n|poke|p1|Charizard, F|\n|poke|p2|Meloetta|\n|poke|p2|Lopunny, F|\n|poke|p2|Breloom, F|\n|poke|p2|Urshifu-*, M|\n|poke|p2|Emboar, F|\n|poke|p2|Flamigo, M|\n|teampreview\n|\n|t:|1700807976\n|start\n|switch|p1a: Violence|Victini|100\/100\n|switch|p2a: Flamigo|Flamigo, M|100\/100\n|turn|1\n|\n|t:|1700807982\n|switch|p2a: Emboar|Emboar, F, shiny|100\/100\n|move|p1a: Violence|Zen Headbutt|p2a: Emboar\n|-supereffective|p2a: Emboar\n|-damage|p2a: Emboar|15\/100\n|\n|-heal|p2a: Emboar|21\/100|[from] item: Leftovers\n|upkeep\n|turn|2\n|\n|t:|1700807997\n|move|p1a: Violence|Zen Headbutt|p2a: Emboar\n|-supereffective|p2a: Emboar\n|-damage|p2a: Emboar|0 fnt\n|faint|p2a: Emboar\n|\n|upkeep\n|\n|t:|1700808010\n|switch|p2a: Urshifu|Urshifu-Rapid-Strike, M|100\/100\n|turn|3\n|\n|t:|1700808015\n|switch|p1a: Living Onsen|Volcanion|100\/100\n|move|p2a: Urshifu|Surging Strikes|p1a: Living Onsen\n|-immune|p1a: Living Onsen|[from] ability: Water Absorb\n|\n|upkeep\n|turn|4\n|\n|t:|1700808022\n|move|p2a: Urshifu|Surging Strikes|p1a: Living Onsen\n|-immune|p1a: Living Onsen|[from] ability: Water Absorb\n|move|p1a: Living Onsen|Steam Eruption|p2a: Urshifu\n|-resisted|p2a: Urshifu\n|-damage|p2a: Urshifu|60\/100\n|\n|upkeep\n|turn|5\n|\n|t:|1700808033\n|move|p2a: Urshifu|Swords Dance|p2a: Urshifu\n|-boost|p2a: Urshifu|atk|2\n|move|p1a: Living Onsen|Scorching Sands|p2a: Urshifu\n|-damage|p2a: Urshifu|22\/100\n|-status|p2a: Urshifu|brn\n|\n|-damage|p2a: Urshifu|15\/100 brn|[from] brn\n|upkeep\n|turn|6\n|\n|t:|1700808045\n|move|p2a: Urshifu|Close Combat|p1a: Living Onsen\n|-damage|p1a: Living Onsen|49\/100\n|-unboost|p2a: Urshifu|def|1\n|-unboost|p2a: Urshifu|spd|1\n|move|p1a: Living Onsen|Steam Eruption|p2a: Urshifu\n|-resisted|p2a: Urshifu\n|-crit|p2a: Urshifu\n|-damage|p2a: Urshifu|0 fnt\n|faint|p2a: Urshifu\n|\n|upkeep\n|\n|t:|1700808054\n|switch|p2a: Lopunny|Lopunny, F, shiny|100\/100\n|turn|7\n|\n|t:|1700808059\n|detailschange|p2a: Lopunny|Lopunny-Mega, F, shiny\n|-mega|p2a: Lopunny|Lopunny|Lopunnite\n|move|p2a: Lopunny|Thunder Punch|p1a: Living Onsen\n|-supereffective|p1a: Living Onsen\n|-damage|p1a: Living Onsen|4\/100\n|move|p1a: Living Onsen|Steam Eruption|p2a: Lopunny\n|-damage|p2a: Lopunny|19\/100\n|\n|upkeep\n|turn|8\n|\n|t:|1700808072\n|move|p2a: Lopunny|Play Rough|p1a: Living Onsen\n|-resisted|p1a: Living Onsen\n|-damage|p1a: Living Onsen|0 fnt\n|faint|p1a: Living Onsen\n|\n|upkeep\n|\n|t:|1700808080\n|switch|p1a: Easy Bake|Rotom-Heat|100\/100\n|turn|9\n|\n|t:|1700808091\n|move|p2a: Lopunny|Close Combat|p1a: Easy Bake\n|-damage|p1a: Easy Bake|17\/100\n|-unboost|p2a: Lopunny|def|1\n|-unboost|p2a: Lopunny|spd|1\n|move|p1a: Easy Bake|Volt Switch|p2a: Lopunny\n|-crit|p2a: Lopunny\n|-damage|p2a: Lopunny|0 fnt\n|faint|p2a: Lopunny\n|\n|t:|1700808102\n|switch|p1a: Dragon Ballin'|Charizard, F|100\/100|[from] Volt Switch\n|\n|upkeep\n|\n|t:|1700808106\n|switch|p2a: Breloom|Breloom, F|100\/100\n|turn|10\n|\n|t:|1700808116\n|switch|p1a: Easy Bake|Rotom-Heat|17\/100\n|-terastallize|p2a: Breloom|Normal\n|move|p2a: Breloom|Toxic|p1a: Easy Bake\n|-status|p1a: Easy Bake|tox\n|\n|-damage|p1a: Easy Bake|11\/100 tox|[from] psn\n|upkeep\n|turn|11\n|\n|t:|1700808128\n|move|p2a: Breloom|Protect|p2a: Breloom\n|-singleturn|p2a: Breloom|Protect\n|move|p1a: Easy Bake|Overheat|p2a: Breloom\n|-activate|p2a: Breloom|move: Protect\n|\n|-damage|p1a: Easy Bake|0 fnt|[from] psn\n|faint|p1a: Easy Bake\n|upkeep\n|\n|t:|1700808135\n|switch|p1a: I Love Lamp|Chandelure, F, shiny|100\/100\n|turn|12\n|\n|t:|1700808142\n|move|p1a: I Love Lamp|Curse|p2a: Breloom\n|-start|p2a: Breloom|Curse|[of] p1a: I Love Lamp\n|-damage|p1a: I Love Lamp|51\/100\n|move|p2a: Breloom|Toxic|p1a: I Love Lamp\n|-status|p1a: I Love Lamp|tox\n|\n|-heal|p1a: I Love Lamp|57\/100 tox|[from] item: Leftovers\n|-damage|p1a: I Love Lamp|51\/100 tox|[from] psn\n|-damage|p2a: Breloom|76\/100|[from] Curse\n|upkeep\n|turn|13\n|\n|t:|1700808153\n|move|p1a: I Love Lamp|Flamethrower|p2a: Breloom\n|-damage|p2a: Breloom|0 fnt\n|faint|p2a: Breloom\n|\n|-heal|p1a: I Love Lamp|57\/100 tox|[from] item: Leftovers\n|-damage|p1a: I Love Lamp|45\/100 tox|[from] psn\n|upkeep\n|\n|t:|1700808163\n|switch|p2a: Meloetta|Meloetta|100\/100\n|turn|14\n|\n|t:|1700808171\n|move|p2a: Meloetta|Psychic|p1a: I Love Lamp\n|-damage|p1a: I Love Lamp|0 fnt\n|faint|p1a: I Love Lamp\n|\n|upkeep\n|\n|t:|1700808178\n|switch|p1a: Dragon Ballin'|Charizard, F|100\/100\n|turn|15\n|\n|t:|1700808184\n|detailschange|p1a: Dragon Ballin'|Charizard-Mega-X, F\n|-mega|p1a: Dragon Ballin'|Charizard|Charizardite X\n|move|p1a: Dragon Ballin'|Dragon Dance|p1a: Dragon Ballin'\n|-boost|p1a: Dragon Ballin'|atk|1\n|-boost|p1a: Dragon Ballin'|spe|1\n|move|p2a: Meloetta|Relic Song|p1a: Dragon Ballin'\n|-damage|p1a: Dragon Ballin'|53\/100\n|-formechange|p2a: Meloetta|Meloetta-Pirouette|[msg]\n|\n|upkeep\n|turn|16\n|\n|t:|1700808197\n|move|p1a: Dragon Ballin'|Flare Blitz|p2a: Meloetta\n|-enditem|p2a: Meloetta|Focus Sash\n|-damage|p2a: Meloetta|1\/100\n|-damage|p1a: Dragon Ballin'|15\/100|[from] Recoil\n|move|p2a: Meloetta|Focus Blast|p1a: Dragon Ballin'\n|-damage|p1a: Dragon Ballin'|0 fnt\n|faint|p1a: Dragon Ballin'\n|\n|upkeep\n|\n|t:|1700808209\n|switch|p1a: Praise The Sun!|Volcarona, M|100\/100\n|turn|17\n|\n|t:|1700808223\n|move|p2a: Meloetta|Focus Blast|p1a: Praise The Sun!\n|-resisted|p1a: Praise The Sun!\n|-damage|p1a: Praise The Sun!|78\/100\n|move|p1a: Praise The Sun!|Fiery Dance|p2a: Meloetta\n|-damage|p2a: Meloetta|0 fnt\n|-boost|p1a: Praise The Sun!|spa|1\n|faint|p2a: Meloetta\n|\n|upkeep\n|\n|t:|1700808228\n|switch|p2a: Flamigo|Flamigo, M|100\/100\n|turn|18\n|\n|t:|1700808233\n|move|p1a: Praise The Sun!|Fiery Dance|p2a: Flamigo\n|-damage|p2a: Flamigo|0 fnt\n|-boost|p1a: Praise The Sun!|spa|1\n|faint|p2a: Flamigo\n|\n|win|steals many wives\n|raw|steals many wives's rating: 1109 &rarr; <strong>1129<\/strong><br \/>(+20 for winning)\n|raw|Trishlikefish69's rating: 1033 &rarr; <strong>1021<\/strong><br \/>(-12 for losing)\n|l|\u2606Trishlikefish69\n","uploadtime":1700808242,"views":3,"p1id":"stealsmanywives","p2id":"trishlikefish69","formatid":"gen9nationaldex","rating":1021,"private":0,"password":""}