{"id":"gen9nationaldex-1993718436","p1":"fly groudon","p2":"JogadorCaro","format":"[Gen 9] National Dex","log":"|j|\u2606fly groudon\n|j|\u2606JogadorCaro\n|t:|1700349097\n|gametype|singles\n|player|p1|fly groudon|alec-anime|1819\n|player|p2|JogadorCaro|tate|1828\n|teamsize|p1|6\n|teamsize|p2|6\n|gen|9\n|tier|[Gen 9] National Dex\n|rated|\n|rule|HP Percentage Mod: HP is shown in percentages\n|rule|Endless Battle Clause: Forcing endless battles is banned\n|rule|OHKO Clause: OHKO moves are banned\n|rule|Evasion Clause: Evasion abilities, items, and moves are banned\n|rule|Evasion Abilities Clause: Evasion abilities are banned\n|rule|Evasion Items Clause: Evasion items are banned\n|rule|Evasion Moves Clause: Evasion moves are banned\n|rule|Species Clause: Limit one of each Pok\u00e9mon\n|rule|Sleep Clause Mod: Limit one foe put to sleep\n|clearpoke\n|poke|p1|Great Tusk|\n|poke|p1|Ogerpon-Wellspring, F|\n|poke|p1|Iron Valiant|\n|poke|p1|Pinsir, F|\n|poke|p1|Ceruledge, M|\n|poke|p1|Iron Moth|\n|poke|p2|Garganacl, F|\n|poke|p2|Zamazenta-*|\n|poke|p2|Volcarona, F|\n|poke|p2|Hoopa-Unbound|\n|poke|p2|Dondozo, M|\n|poke|p2|Rotom-Wash|\n|teampreview\n|inactive|Battle timer is ON: inactive players will automatically lose when time's up. (requested by fly groudon)\n|\n|t:|1700349105\n|start\n|switch|p1a: Great Tusk|Great Tusk|100\/100\n|switch|p2a: mulher|Rotom-Wash|100\/100\n|turn|1\n|\n|t:|1700349108\n|move|p1a: Great Tusk|Head Smash|p2a: mulher\n|-damage|p2a: mulher|39\/100\n|-damage|p1a: Great Tusk|75\/100|[from] Recoil\n|move|p2a: mulher|Hydro Pump|p1a: Great Tusk\n|-supereffective|p1a: Great Tusk\n|-damage|p1a: Great Tusk|0 fnt\n|faint|p1a: Great Tusk\n|-end|p1a: Great Tusk|Protosynthesis|[silent]\n|\n|-heal|p2a: mulher|45\/100|[from] item: Leftovers\n|upkeep\n|\n|t:|1700349116\n|switch|p1a: Ogerpon|Ogerpon-Wellspring, F|100\/100\n|turn|2\n|\n|t:|1700349119\n|switch|p2a: Toji|Zamazenta|100\/100\n|-ability|p2a: Toji|Dauntless Shield|boost\n|-boost|p2a: Toji|def|1\n|move|p1a: Ogerpon|Taunt|p2a: Toji\n|-start|p2a: Toji|move: Taunt\n|\n|upkeep\n|turn|3\n|\n|t:|1700349122\n|switch|p1a: Ceruledge|Ceruledge, M, shiny|100\/100\n|move|p2a: Toji|Close Combat|p1a: Ceruledge\n|-immune|p1a: Ceruledge\n|\n|upkeep\n|turn|4\n|\n|t:|1700349125\n|switch|p2a: Agito|Hoopa-Unbound|100\/100\n|switch|p1a: Ogerpon|Ogerpon-Wellspring, F|100\/100\n|\n|upkeep\n|turn|5\n|\n|t:|1700349128\n|switch|p2a: Toji|Zamazenta|100\/100\n|move|p1a: Ogerpon|Ivy Cudgel|p2a: Toji|[anim] Ivy Cudgel Water\n|-damage|p2a: Toji|50\/100\n|\n|upkeep\n|turn|6\n|\n|t:|1700349131\n|move|p2a: Toji|Crunch|p1a: Ogerpon\n|-damage|p1a: Ogerpon|52\/100\n|-unboost|p1a: Ogerpon|def|1\n|move|p1a: Ogerpon|Ivy Cudgel|p2a: Toji|[anim] Ivy Cudgel Water\n|-damage|p2a: Toji|0 fnt\n|faint|p2a: Toji\n|\n|upkeep\n|\n|t:|1700349139\n|switch|p2a: Mahoraga|Garganacl, F|100\/100\n|turn|7\n|\n|t:|1700349145\n|-terastallize|p2a: Mahoraga|Ghost\n|move|p1a: Ogerpon|Horn Leech|p2a: Mahoraga\n|-damage|p2a: Mahoraga|76\/100\n|-heal|p1a: Ogerpon|68\/100|[from] drain|[of] p2a: Mahoraga\n|move|p2a: Mahoraga|Salt Cure|p1a: Ogerpon\n|-damage|p1a: Ogerpon|41\/100\n|-start|p1a: Ogerpon|Salt Cure\n|\n|-heal|p2a: Mahoraga|82\/100|[from] item: Leftovers\n|-damage|p1a: Ogerpon|16\/100|[from] Salt Cure\n|upkeep\n|turn|8\n|\n|t:|1700349156\n|move|p1a: Ogerpon|Ivy Cudgel|p2a: Mahoraga|[anim] Ivy Cudgel Water\n|-damage|p2a: Mahoraga|53\/100\n|move|p2a: Mahoraga|Salt Cure|p1a: Ogerpon\n|-damage|p1a: Ogerpon|0 fnt\n|faint|p1a: Ogerpon\n|\n|-heal|p2a: Mahoraga|59\/100|[from] item: Leftovers\n|upkeep\n|\n|t:|1700349160\n|switch|p1a: Ceruledge|Ceruledge, M, shiny|100\/100\n|turn|9\n|\n|t:|1700349166\n|-zpower|p1a: Ceruledge\n|move|p1a: Ceruledge|Never-Ending Nightmare|p2a: Mahoraga|[zeffect]\n|-supereffective|p2a: Mahoraga\n|-damage|p2a: Mahoraga|8\/100\n|move|p2a: Mahoraga|Recover|p2a: Mahoraga\n|-heal|p2a: Mahoraga|58\/100\n|\n|-heal|p2a: Mahoraga|64\/100|[from] item: Leftovers\n|upkeep\n|turn|10\n|\n|t:|1700349169\n|move|p1a: Ceruledge|Swords Dance|p1a: Ceruledge\n|-boost|p1a: Ceruledge|atk|2\n|move|p2a: Mahoraga|Recover|p2a: Mahoraga\n|-heal|p2a: Mahoraga|100\/100\n|\n|upkeep\n|turn|11\n|\n|t:|1700349171\n|move|p1a: Ceruledge|Poltergeist|p2a: Mahoraga\n|-activate|p2a: Mahoraga|move: Poltergeist|Leftovers\n|-supereffective|p2a: Mahoraga\n|-damage|p2a: Mahoraga|41\/100\n|move|p2a: Mahoraga|Iron Defense|p2a: Mahoraga\n|-boost|p2a: Mahoraga|def|2\n|\n|-heal|p2a: Mahoraga|47\/100|[from] item: Leftovers\n|upkeep\n|turn|12\n|\n|t:|1700349176\n|move|p1a: Ceruledge|Poltergeist|p2a: Mahoraga\n|-activate|p2a: Mahoraga|move: Poltergeist|Leftovers\n|-supereffective|p2a: Mahoraga\n|-damage|p2a: Mahoraga|19\/100\n|move|p2a: Mahoraga|Salt Cure|p1a: Ceruledge\n|-supereffective|p1a: Ceruledge\n|-damage|p1a: Ceruledge|61\/100\n|-start|p1a: Ceruledge|Salt Cure\n|-ability|p1a: Ceruledge|Weak Armor|boost\n|-unboost|p1a: Ceruledge|def|1\n|-boost|p1a: Ceruledge|spe|2\n|\n|-heal|p2a: Mahoraga|25\/100|[from] item: Leftovers\n|-damage|p1a: Ceruledge|48\/100|[from] Salt Cure\n|upkeep\n|turn|13\n|\n|t:|1700349188\n|move|p1a: Ceruledge|Poltergeist|p2a: Mahoraga\n|-activate|p2a: Mahoraga|move: Poltergeist|Leftovers\n|-supereffective|p2a: Mahoraga\n|-damage|p2a: Mahoraga|0 fnt\n|faint|p2a: Mahoraga\n|\n|-damage|p1a: Ceruledge|36\/100|[from] Salt Cure\n|upkeep\n|\n|t:|1700349190\n|switch|p2a: Bale\u00e3o|Dondozo, M|100\/100\n|turn|14\n|\n|t:|1700349195\n|move|p1a: Ceruledge|Poltergeist|p2a: Bale\u00e3o\n|-activate|p2a: Bale\u00e3o|move: Poltergeist|Leftovers\n|-damage|p2a: Bale\u00e3o|62\/100\n|move|p2a: Bale\u00e3o|Curse|p2a: Bale\u00e3o\n|-unboost|p2a: Bale\u00e3o|spe|1\n|-boost|p2a: Bale\u00e3o|atk|1\n|-boost|p2a: Bale\u00e3o|def|1\n|\n|-heal|p2a: Bale\u00e3o|68\/100|[from] item: Leftovers\n|-damage|p1a: Ceruledge|24\/100|[from] Salt Cure\n|upkeep\n|turn|15\n|\n|t:|1700349200\n|move|p1a: Ceruledge|Poltergeist|p2a: Bale\u00e3o\n|-activate|p2a: Bale\u00e3o|move: Poltergeist|Leftovers\n|-damage|p2a: Bale\u00e3o|43\/100\n|move|p2a: Bale\u00e3o|Curse|p2a: Bale\u00e3o\n|-unboost|p2a: Bale\u00e3o|spe|1\n|-boost|p2a: Bale\u00e3o|atk|1\n|-boost|p2a: Bale\u00e3o|def|1\n|\n|-heal|p2a: Bale\u00e3o|50\/100|[from] item: Leftovers\n|-damage|p1a: Ceruledge|11\/100|[from] Salt Cure\n|upkeep\n|turn|16\n|\n|t:|1700349202\n|move|p1a: Ceruledge|Poltergeist|p2a: Bale\u00e3o\n|-activate|p2a: Bale\u00e3o|move: Poltergeist|Leftovers\n|-damage|p2a: Bale\u00e3o|30\/100\n|move|p2a: Bale\u00e3o|Rest|p2a: Bale\u00e3o\n|-status|p2a: Bale\u00e3o|slp|[from] move: Rest\n|-heal|p2a: Bale\u00e3o|100\/100 slp|[silent]\n|\n|-damage|p1a: Ceruledge|0 fnt|[from] Salt Cure\n|faint|p1a: Ceruledge\n|upkeep\n|\n|t:|1700349205\n|switch|p1a: Iron Valiant|Iron Valiant, shiny|100\/100\n|-enditem|p1a: Iron Valiant|Booster Energy\n|-activate|p1a: Iron Valiant|ability: Quark Drive|[fromitem]\n|-start|p1a: Iron Valiant|quarkdrivespe\n|turn|17\n|\n|t:|1700349208\n|move|p1a: Iron Valiant|Moonblast|p2a: Bale\u00e3o\n|-damage|p2a: Bale\u00e3o|70\/100 slp\n|cant|p2a: Bale\u00e3o|slp\n|move|p2a: Bale\u00e3o|Sleep Talk|p2a: Bale\u00e3o\n|move|p2a: Bale\u00e3o|Curse|p2a: Bale\u00e3o|[from]move: Sleep Talk\n|-unboost|p2a: Bale\u00e3o|spe|1\n|-boost|p2a: Bale\u00e3o|atk|1\n|-boost|p2a: Bale\u00e3o|def|1\n|\n|-heal|p2a: Bale\u00e3o|76\/100 slp|[from] item: Leftovers\n|upkeep\n|turn|18\n|\n|t:|1700349215\n|move|p1a: Iron Valiant|Moonblast|p2a: Bale\u00e3o\n|-damage|p2a: Bale\u00e3o|48\/100 slp\n|cant|p2a: Bale\u00e3o|slp\n|move|p2a: Bale\u00e3o|Sleep Talk|p2a: Bale\u00e3o\n|move|p2a: Bale\u00e3o|Curse|p2a: Bale\u00e3o|[from]move: Sleep Talk\n|-unboost|p2a: Bale\u00e3o|spe|1\n|-boost|p2a: Bale\u00e3o|atk|1\n|-boost|p2a: Bale\u00e3o|def|1\n|\n|-heal|p2a: Bale\u00e3o|54\/100 slp|[from] item: Leftovers\n|upkeep\n|turn|19\n|\n|t:|1700349224\n|move|p1a: Iron Valiant|Moonblast|p2a: Bale\u00e3o\n|-damage|p2a: Bale\u00e3o|23\/100 slp\n|-curestatus|p2a: Bale\u00e3o|slp|[msg]\n|move|p2a: Bale\u00e3o|Rest|p2a: Bale\u00e3o\n|-status|p2a: Bale\u00e3o|slp|[from] move: Rest\n|-heal|p2a: Bale\u00e3o|100\/100 slp|[silent]\n|\n|upkeep\n|turn|20\n|\n|t:|1700349228\n|move|p1a: Iron Valiant|Moonblast|p2a: Bale\u00e3o\n|-damage|p2a: Bale\u00e3o|70\/100 slp\n|-unboost|p2a: Bale\u00e3o|spa|1\n|cant|p2a: Bale\u00e3o|slp\n|move|p2a: Bale\u00e3o|Sleep Talk|p2a: Bale\u00e3o\n|move|p2a: Bale\u00e3o|Wave Crash|p1a: Iron Valiant|[from]move: Sleep Talk\n|-damage|p1a: Iron Valiant|0 fnt\n|faint|p1a: Iron Valiant\n|-end|p1a: Iron Valiant|Quark Drive|[silent]\n|-damage|p2a: Bale\u00e3o|51\/100 slp|[from] Recoil\n|\n|-heal|p2a: Bale\u00e3o|57\/100 slp|[from] item: Leftovers\n|upkeep\n|c|\u2606JogadorCaro|atack\n|\n|t:|1700349230\n|switch|p1a: Iron Moth|Iron Moth|100\/100\n|-enditem|p1a: Iron Moth|Booster Energy\n|-activate|p1a: Iron Moth|ability: Quark Drive|[fromitem]\n|-start|p1a: Iron Moth|quarkdrivespe\n|turn|21\n|c|\u2606JogadorCaro|dumb fish\n|\n|t:|1700349243\n|move|p1a: Iron Moth|Energy Ball|p2a: Bale\u00e3o\n|-supereffective|p2a: Bale\u00e3o\n|-damage|p2a: Bale\u00e3o|15\/100 slp\n|cant|p2a: Bale\u00e3o|slp\n|move|p2a: Bale\u00e3o|Sleep Talk|p2a: Bale\u00e3o\n|move|p2a: Bale\u00e3o|Wave Crash|p1a: Iron Moth|[from]move: Sleep Talk\n|-supereffective|p1a: Iron Moth\n|-damage|p1a: Iron Moth|0 fnt\n|faint|p1a: Iron Moth\n|-end|p1a: Iron Moth|Quark Drive|[silent]\n|-damage|p2a: Bale\u00e3o|0 fnt|[from] Recoil\n|faint|p2a: Bale\u00e3o\n|\n|upkeep\n|c|\u2606JogadorCaro|oh..\n|c|\u2606JogadorCaro|damn\n|\n|t:|1700349257\n|switch|p1a: Pinsir|Pinsir, F|100\/100\n|switch|p2a: Endeavor|Volcarona, F|100\/100\n|turn|22\n|\n|t:|1700349266\n|detailschange|p1a: Pinsir|Pinsir-Mega, F\n|-mega|p1a: Pinsir|Pinsir|Pinsirite\n|move|p1a: Pinsir|Stone Edge|p2a: Endeavor\n|-supereffective|p2a: Endeavor\n|-damage|p2a: Endeavor|0 fnt\n|faint|p2a: Endeavor\n|\n|upkeep\n|\n|t:|1700349270\n|switch|p2a: Agito|Hoopa-Unbound|100\/100\n|turn|23\n|\n|t:|1700349274\n|move|p1a: Pinsir|Double-Edge|p2a: Agito\n|-damage|p2a: Agito|0 fnt\n|faint|p2a: Agito\n|-damage|p1a: Pinsir|64\/100|[from] Recoil\n|\n|upkeep\n|\n|t:|1700349277\n|switch|p2a: mulher|Rotom-Wash|45\/100\n|turn|24\n|\n|t:|1700349279\n|move|p1a: Pinsir|Double-Edge|p2a: mulher\n|-resisted|p2a: mulher\n|-damage|p2a: mulher|3\/100\n|-damage|p1a: Pinsir|48\/100|[from] Recoil\n|move|p2a: mulher|Volt Switch|p1a: Pinsir\n|-supereffective|p1a: Pinsir\n|-damage|p1a: Pinsir|0 fnt\n|faint|p1a: Pinsir\n|\n|win|JogadorCaro\n|raw|fly groudon's rating: 1819 &rarr; <strong>1800<\/strong><br \/>(-19 for losing)\n|raw|JogadorCaro's rating: 1828 &rarr; <strong>1847<\/strong><br \/>(+19 for winning)\n|l|\u2606fly groudon\n","uploadtime":1700349288,"views":15,"p1id":"flygroudon","p2id":"jogadorcaro","formatid":"gen9nationaldex","rating":1800,"private":0,"password":""}