{"id":"gen9nationaldex-1987442622","p1":"loch2009","p2":"Shovel Florentine","format":"[Gen 9] National Dex","log":"|j|\u2606loch2009\n|j|\u2606Shovel Florentine\n|t:|1699592204\n|gametype|singles\n|player|p1|loch2009|lance|1094\n|player|p2|Shovel Florentine|acetrainerf|1097\n|teamsize|p1|6\n|teamsize|p2|6\n|gen|9\n|tier|[Gen 9] National Dex\n|rated|\n|rule|HP Percentage Mod: HP is shown in percentages\n|rule|Endless Battle Clause: Forcing endless battles is banned\n|rule|OHKO Clause: OHKO moves are banned\n|rule|Evasion Clause: Evasion abilities, items, and moves are banned\n|rule|Evasion Abilities Clause: Evasion abilities are banned\n|rule|Evasion Items Clause: Evasion items are banned\n|rule|Evasion Moves Clause: Evasion moves are banned\n|rule|Species Clause: Limit one of each Pok\u00e9mon\n|rule|Sleep Clause Mod: Limit one foe put to sleep\n|clearpoke\n|poke|p1|Milotic, F|\n|poke|p1|Lopunny, F|\n|poke|p1|Gardevoir, F|\n|poke|p1|Absol, F|\n|poke|p1|Lilligant-Hisui, F|\n|poke|p1|Lycanroc, F|\n|poke|p2|Umbreon, M|\n|poke|p2|Rapidash, F|\n|poke|p2|Kingdra, M|\n|poke|p2|Politoed, M|\n|poke|p2|Torkoal, F|\n|poke|p2|Articuno|\n|teampreview\n|inactive|Battle timer is ON: inactive players will automatically lose when time's up. (requested by Shovel Florentine)\n|c|\u2606loch2009|cool weater team\n|\n|t:|1699592229\n|start\n|switch|p1a: Lycanroc|Lycanroc, F, shiny|100\/100\n|switch|p2a: Lumpy|Torkoal, F|100\/100\n|-weather|SunnyDay|[from] ability: Drought|[of] p2a: Lumpy\n|turn|1\n|\n|t:|1699592237\n|-terastallize|p2a: Lumpy|Normal\n|move|p1a: Lycanroc|Stealth Rock|p2a: Lumpy\n|-sidestart|p2: Shovel Florentine|move: Stealth Rock\n|move|p2a: Lumpy|Body Press|p1a: Lycanroc\n|-supereffective|p1a: Lycanroc\n|-damage|p1a: Lycanroc|10\/100\n|\n|-weather|SunnyDay|[upkeep]\n|upkeep\n|turn|2\n|\n|t:|1699592254\n|-zpower|p1a: Lycanroc\n|move|p1a: Lycanroc|Splintered Stormshards|p2a: Lumpy|[zeffect]\n|-damage|p2a: Lumpy|23\/100\n|move|p2a: Lumpy|Body Press|p1a: Lycanroc\n|-supereffective|p1a: Lycanroc\n|-damage|p1a: Lycanroc|0 fnt\n|faint|p1a: Lycanroc\n|\n|-weather|SunnyDay|[upkeep]\n|upkeep\n|\n|t:|1699592270\n|switch|p1a: Lopunny|Lopunny, F, shiny|100\/100\n|turn|3\n|\n|t:|1699592275\n|detailschange|p1a: Lopunny|Lopunny-Mega, F, shiny\n|-mega|p1a: Lopunny|Lopunny|Lopunnite\n|move|p1a: Lopunny|Fake Out|p2a: Lumpy\n|-damage|p2a: Lumpy|7\/100\n|cant|p2a: Lumpy|flinch\n|\n|-weather|SunnyDay|[upkeep]\n|upkeep\n|turn|4\n|\n|t:|1699592280\n|move|p1a: Lopunny|Quick Attack|p2a: Lumpy\n|-damage|p2a: Lumpy|0 fnt\n|faint|p2a: Lumpy\n|\n|-weather|SunnyDay|[upkeep]\n|upkeep\n|inactive|Shovel Florentine has 120 seconds left.\n|\n|t:|1699592319\n|switch|p2a: Broody|Rapidash, F|100\/100\n|-damage|p2a: Broody|76\/100|[from] Stealth Rock\n|turn|5\n|\n|t:|1699592333\n|move|p1a: Lopunny|Return|p2a: Broody\n|-damage|p2a: Broody|4\/100\n|move|p2a: Broody|Flame Charge|p1a: Lopunny\n|-damage|p1a: Lopunny|66\/100\n|-boost|p2a: Broody|spe|1\n|\n|-weather|SunnyDay|[upkeep]\n|upkeep\n|turn|6\n|\n|t:|1699592346\n|move|p1a: Lopunny|Quick Attack|p2a: Broody\n|-damage|p2a: Broody|0 fnt\n|faint|p2a: Broody\n|\n|-weather|SunnyDay|[upkeep]\n|upkeep\n|\n|t:|1699592354\n|switch|p2a: Arch One|Articuno|100\/100\n|-ability|p2a: Arch One|Pressure\n|turn|7\n|\n|t:|1699592365\n|switch|p1a: Absol|Absol, F, shiny|100\/100\n|move|p2a: Arch One|Agility|p2a: Arch One\n|-boost|p2a: Arch One|spe|2\n|\n|-weather|SunnyDay|[upkeep]\n|upkeep\n|turn|8\n|\n|t:|1699592377\n|move|p1a: Absol|Sucker Punch|p2a: Arch One\n|-damage|p2a: Arch One|66\/100\n|move|p2a: Arch One|Weather Ball|p1a: Absol\n|-damage|p1a: Absol|25\/100\n|\n|-weather|none\n|upkeep\n|turn|9\n|\n|t:|1699592390\n|move|p1a: Absol|Sucker Punch||[still]\n|-fail|p1a: Absol\n|move|p2a: Arch One|Roost|p2a: Arch One\n|-heal|p2a: Arch One|100\/100\n|-singleturn|p2a: Arch One|move: Roost\n|\n|upkeep\n|turn|10\n|\n|t:|1699592395\n|move|p1a: Absol|Sucker Punch|p2a: Arch One\n|-damage|p2a: Arch One|69\/100\n|move|p2a: Arch One|Freeze-Dry|p1a: Absol\n|-damage|p1a: Absol|0 fnt\n|faint|p1a: Absol\n|\n|upkeep\n|\n|t:|1699592403\n|switch|p1a: Lilligant|Lilligant-Hisui, F, shiny|100\/100\n|turn|11\n|\n|t:|1699592414\n|move|p2a: Arch One|Freeze-Dry|p1a: Lilligant\n|-supereffective|p1a: Lilligant\n|-damage|p1a: Lilligant|4\/100\n|move|p1a: Lilligant|Axe Kick|p2a: Arch One\n|-damage|p2a: Arch One|19\/100\n|-start|p2a: Arch One|confusion\n|\n|upkeep\n|turn|12\n|\n|t:|1699592424\n|-activate|p2a: Arch One|confusion\n|move|p2a: Arch One|Freeze-Dry|p1a: Lilligant\n|-supereffective|p1a: Lilligant\n|-damage|p1a: Lilligant|0 fnt\n|faint|p1a: Lilligant\n|\n|upkeep\n|\n|t:|1699592429\n|switch|p1a: Lopunny|Lopunny-Mega, F, shiny|66\/100\n|turn|13\n|\n|t:|1699592436\n|move|p1a: Lopunny|Fake Out|p2a: Arch One\n|-damage|p2a: Arch One|0 fnt\n|faint|p2a: Arch One\n|\n|upkeep\n|\n|t:|1699592439\n|switch|p2a: Frogwot|Politoed, M|100\/100\n|-damage|p2a: Frogwot|88\/100|[from] Stealth Rock\n|-weather|RainDance|[from] ability: Drizzle|[of] p2a: Frogwot\n|turn|14\n|\n|t:|1699592450\n|switch|p1a: Milotic|Milotic, F, shiny|100\/100\n|move|p2a: Frogwot|Sweet Kiss|p1a: Milotic\n|-start|p1a: Milotic|confusion\n|\n|-weather|RainDance|[upkeep]\n|upkeep\n|turn|15\n|\n|t:|1699592459\n|switch|p2a: King Jazz|Kingdra, M|100\/100\n|-damage|p2a: King Jazz|88\/100|[from] Stealth Rock\n|-activate|p1a: Milotic|confusion\n|move|p1a: Milotic|Scald|p2a: King Jazz\n|-resisted|p2a: King Jazz\n|-damage|p2a: King Jazz|77\/100\n|\n|-weather|RainDance|[upkeep]\n|upkeep\n|turn|16\n|\n|t:|1699592467\n|move|p2a: King Jazz|Dragon Dance|p2a: King Jazz\n|-boost|p2a: King Jazz|atk|1\n|-boost|p2a: King Jazz|spe|1\n|-activate|p1a: Milotic|confusion\n|-damage|p1a: Milotic|95\/100|[from] confusion\n|\n|-weather|RainDance|[upkeep]\n|-heal|p1a: Milotic|100\/100|[from] item: Leftovers\n|upkeep\n|turn|17\n|\n|t:|1699592473\n|move|p2a: King Jazz|Dragon Dance|p2a: King Jazz\n|-boost|p2a: King Jazz|atk|1\n|-boost|p2a: King Jazz|spe|1\n|-end|p1a: Milotic|confusion\n|move|p1a: Milotic|Haze|p1a: Milotic\n|-clearallboost\n|\n|-weather|RainDance|[upkeep]\n|upkeep\n|turn|18\n|\n|t:|1699592481\n|switch|p2a: Moonshine|Umbreon, M|100\/100\n|-damage|p2a: Moonshine|88\/100|[from] Stealth Rock\n|move|p1a: Milotic|Scald|p2a: Moonshine\n|-damage|p2a: Moonshine|62\/100\n|\n|-weather|none\n|-heal|p2a: Moonshine|68\/100|[from] item: Leftovers\n|upkeep\n|turn|19\n|\n|t:|1699592485\n|move|p1a: Milotic|Scald|p2a: Moonshine\n|-damage|p2a: Moonshine|51\/100\n|-status|p2a: Moonshine|brn\n|move|p2a: Moonshine|Confuse Ray|p1a: Milotic\n|-start|p1a: Milotic|confusion\n|\n|-heal|p2a: Moonshine|57\/100 brn|[from] item: Leftovers\n|-damage|p2a: Moonshine|51\/100 brn|[from] brn\n|upkeep\n|turn|20\n|\n|t:|1699592493\n|switch|p1a: Gardevoir|Gardevoir, F, shiny|100\/100\n|-ability|p1a: Gardevoir|Inner Focus|[from] ability: Trace|[of] p2a: Moonshine\n|move|p2a: Moonshine|Moonlight|p2a: Moonshine\n|-heal|p2a: Moonshine|100\/100 brn\n|\n|-damage|p2a: Moonshine|94\/100 brn|[from] brn\n|upkeep\n|turn|21\n|\n|t:|1699592500\n|move|p1a: Gardevoir|Moonblast|p2a: Moonshine\n|-supereffective|p2a: Moonshine\n|-damage|p2a: Moonshine|30\/100 brn\n|move|p2a: Moonshine|Confuse Ray|p1a: Gardevoir\n|-start|p1a: Gardevoir|confusion\n|\n|-heal|p2a: Moonshine|36\/100 brn|[from] item: Leftovers\n|-damage|p2a: Moonshine|30\/100 brn|[from] brn\n|upkeep\n|turn|22\n|\n|t:|1699592505\n|switch|p2a: Frogwot|Politoed, M|88\/100\n|-damage|p2a: Frogwot|76\/100|[from] Stealth Rock\n|-weather|RainDance|[from] ability: Drizzle|[of] p2a: Frogwot\n|-activate|p1a: Gardevoir|confusion\n|move|p1a: Gardevoir|Moonblast|p2a: Frogwot\n|-damage|p2a: Frogwot|36\/100\n|\n|-weather|RainDance|[upkeep]\n|upkeep\n|turn|23\n|\n|t:|1699592508\n|-activate|p1a: Gardevoir|confusion\n|move|p1a: Gardevoir|Moonblast|p2a: Frogwot\n|-damage|p2a: Frogwot|0 fnt\n|faint|p2a: Frogwot\n|\n|-weather|RainDance|[upkeep]\n|upkeep\n|\n|t:|1699592511\n|switch|p2a: King Jazz|Kingdra, M|77\/100\n|-damage|p2a: King Jazz|65\/100|[from] Stealth Rock\n|turn|24\n|\n|t:|1699592516\n|-end|p1a: Gardevoir|confusion\n|move|p1a: Gardevoir|Moonblast|p2a: King Jazz\n|-supereffective|p2a: King Jazz\n|-damage|p2a: King Jazz|0 fnt\n|faint|p2a: King Jazz\n|\n|-weather|RainDance|[upkeep]\n|upkeep\n|-message|Shovel Florentine forfeited.\n|\n|win|loch2009\n|raw|loch2009's rating: 1094 &rarr; <strong>1120<\/strong><br \/>(+26 for winning)\n|raw|Shovel Florentine's rating: 1097 &rarr; <strong>1072<\/strong><br \/>(-25 for losing)\n|l|\u2606Shovel Florentine\n","uploadtime":1699592530,"views":4,"p1id":"loch2009","p2id":"shovelflorentine","formatid":"gen9nationaldex","rating":1072,"private":0,"password":""}