{"id":"gen9nationaldex-1991408374","p1":"LeaIsConfused","p2":"hackilla15","format":"[Gen 9] National Dex","log":"|j|\u2606LeaIsConfused\n|j|\u2606hackilla15\n|t:|1700074602\n|gametype|singles\n|player|p1|LeaIsConfused|rocketgruntf|1210\n|player|p2|hackilla15|ethan|1222\n|teamsize|p1|6\n|teamsize|p2|6\n|gen|9\n|tier|[Gen 9] National Dex\n|rated|\n|rule|HP Percentage Mod: HP is shown in percentages\n|rule|Endless Battle Clause: Forcing endless battles is banned\n|rule|OHKO Clause: OHKO moves are banned\n|rule|Evasion Clause: Evasion abilities, items, and moves are banned\n|rule|Evasion Abilities Clause: Evasion abilities are banned\n|rule|Evasion Items Clause: Evasion items are banned\n|rule|Evasion Moves Clause: Evasion moves are banned\n|rule|Species Clause: Limit one of each Pok\u00e9mon\n|rule|Sleep Clause Mod: Limit one foe put to sleep\n|clearpoke\n|poke|p1|Ribombee, F|\n|poke|p1|Mimikyu, M|\n|poke|p1|Ninetales-Alola, M|\n|poke|p1|Mawile, F|\n|poke|p1|Clefable, M|\n|poke|p1|Primarina, F|\n|poke|p2|Clodsire, F|\n|poke|p2|Poliwrath, M|\n|poke|p2|Volcarona, F|\n|poke|p2|Ribombee, F|\n|poke|p2|Venusaur, M|\n|poke|p2|Krookodile, M|\n|teampreview\n|inactive|Battle timer is ON: inactive players will automatically lose when time's up. (requested by hackilla15)\n|\n|t:|1700074618\n|start\n|switch|p1a: Mawile|Mawile, F|100\/100\n|switch|p2a: Ribombee|Ribombee, F, shiny|100\/100\n|turn|1\n|\n|t:|1700074624\n|detailschange|p1a: Mawile|Mawile-Mega, F\n|-mega|p1a: Mawile|Mawile|Mawilite\n|move|p2a: Ribombee|Stun Spore|p1a: Mawile\n|-status|p1a: Mawile|par\n|cant|p1a: Mawile|par\n|\n|upkeep\n|turn|2\n|\n|t:|1700074633\n|move|p2a: Ribombee|Sticky Web|p1a: Mawile\n|-sidestart|p1: LeaIsConfused|move: Sticky Web\n|cant|p1a: Mawile|par\n|\n|upkeep\n|turn|3\n|\n|t:|1700074640\n|switch|p2a: Clodsire|Clodsire, F, shiny|100\/100\n|move|p1a: Mawile|Iron Head|p2a: Clodsire\n|-damage|p2a: Clodsire|16\/100\n|\n|-heal|p2a: Clodsire|22\/100|[from] item: Black Sludge\n|upkeep\n|turn|4\n|\n|t:|1700074651\n|cant|p1a: Mawile|par\n|move|p2a: Clodsire|Recover|p2a: Clodsire\n|-heal|p2a: Clodsire|72\/100\n|\n|-heal|p2a: Clodsire|78\/100|[from] item: Black Sludge\n|upkeep\n|turn|5\n|\n|t:|1700074657\n|move|p2a: Clodsire|Earthquake|p1a: Mawile\n|-supereffective|p1a: Mawile\n|-damage|p1a: Mawile|43\/100 par\n|move|p1a: Mawile|Iron Head|p2a: Clodsire\n|-damage|p2a: Clodsire|0 fnt\n|faint|p2a: Clodsire\n|\n|upkeep\n|\n|t:|1700074663\n|switch|p2a: Volcarona|Volcarona, F, shiny|100\/100\n|turn|6\n|c|\u2606LeaIsConfused|These are the most clutch paralyzes I\u2019ve ever seen lmao\n|\n|t:|1700074683\n|move|p1a: Mawile|Sucker Punch||[still]\n|-fail|p1a: Mawile\n|move|p2a: Volcarona|Quiver Dance|p2a: Volcarona\n|-boost|p2a: Volcarona|spa|1\n|-boost|p2a: Volcarona|spd|1\n|-boost|p2a: Volcarona|spe|1\n|\n|upkeep\n|turn|7\n|c|\u2606hackilla15|the rng\n|\n|t:|1700074692\n|switch|p1a: Clefable|Clefable, M|100\/100\n|-activate|p1a: Clefable|move: Sticky Web\n|-unboost|p1a: Clefable|spe|1\n|move|p2a: Volcarona|Fiery Dance|p1a: Clefable\n|-damage|p1a: Clefable|64\/100\n|\n|-heal|p1a: Clefable|70\/100|[from] item: Leftovers\n|upkeep\n|turn|8\n|\n|t:|1700074699\n|move|p2a: Volcarona|Quiver Dance|p2a: Volcarona\n|-boost|p2a: Volcarona|spa|1\n|-boost|p2a: Volcarona|spd|1\n|-boost|p2a: Volcarona|spe|1\n|move|p1a: Clefable|Soft-Boiled|p1a: Clefable\n|-heal|p1a: Clefable|100\/100\n|\n|upkeep\n|turn|9\n|c|\u2606LeaIsConfused|Ya love to see it\n|\n|t:|1700074713\n|move|p2a: Volcarona|Fiery Dance|p1a: Clefable\n|-damage|p1a: Clefable|61\/100\n|move|p1a: Clefable|Calm Mind|p1a: Clefable\n|-boost|p1a: Clefable|spa|1\n|-boost|p1a: Clefable|spd|1\n|\n|-heal|p1a: Clefable|67\/100|[from] item: Leftovers\n|upkeep\n|turn|10\n|\n|t:|1700074723\n|move|p2a: Volcarona|Fiery Dance|p1a: Clefable\n|-damage|p1a: Clefable|41\/100\n|-boost|p2a: Volcarona|spa|1\n|move|p1a: Clefable|Soft-Boiled|p1a: Clefable\n|-heal|p1a: Clefable|91\/100\n|\n|-heal|p1a: Clefable|97\/100|[from] item: Leftovers\n|upkeep\n|turn|11\n|\n|t:|1700074731\n|move|p2a: Volcarona|Fiery Dance|p1a: Clefable\n|-damage|p1a: Clefable|69\/100\n|move|p1a: Clefable|Calm Mind|p1a: Clefable\n|-boost|p1a: Clefable|spa|1\n|-boost|p1a: Clefable|spd|1\n|\n|-heal|p1a: Clefable|75\/100|[from] item: Leftovers\n|upkeep\n|turn|12\n|\n|t:|1700074740\n|move|p2a: Volcarona|Quiver Dance|p2a: Volcarona\n|-boost|p2a: Volcarona|spa|1\n|-boost|p2a: Volcarona|spd|1\n|-boost|p2a: Volcarona|spe|1\n|move|p1a: Clefable|Calm Mind|p1a: Clefable\n|-boost|p1a: Clefable|spa|1\n|-boost|p1a: Clefable|spd|1\n|\n|-heal|p1a: Clefable|81\/100|[from] item: Leftovers\n|upkeep\n|turn|13\n|\n|t:|1700074745\n|move|p2a: Volcarona|Quiver Dance|p2a: Volcarona\n|-boost|p2a: Volcarona|spa|1\n|-boost|p2a: Volcarona|spd|1\n|-boost|p2a: Volcarona|spe|1\n|move|p1a: Clefable|Calm Mind|p1a: Clefable\n|-boost|p1a: Clefable|spa|1\n|-boost|p1a: Clefable|spd|1\n|\n|-heal|p1a: Clefable|87\/100|[from] item: Leftovers\n|upkeep\n|turn|14\n|\n|t:|1700074749\n|move|p2a: Volcarona|Quiver Dance|p2a: Volcarona\n|-boost|p2a: Volcarona|spa|1\n|-boost|p2a: Volcarona|spd|1\n|-boost|p2a: Volcarona|spe|1\n|move|p1a: Clefable|Calm Mind|p1a: Clefable\n|-boost|p1a: Clefable|spa|1\n|-boost|p1a: Clefable|spd|1\n|\n|-heal|p1a: Clefable|93\/100|[from] item: Leftovers\n|upkeep\n|turn|15\n|\n|t:|1700074761\n|move|p2a: Volcarona|Fiery Dance|p1a: Clefable\n|-damage|p1a: Clefable|82\/100\n|move|p1a: Clefable|Calm Mind|p1a: Clefable\n|-boost|p1a: Clefable|spa|1\n|-boost|p1a: Clefable|spd|1\n|\n|-heal|p1a: Clefable|88\/100|[from] item: Leftovers\n|upkeep\n|turn|16\n|\n|t:|1700074764\n|move|p2a: Volcarona|Fiery Dance|p1a: Clefable\n|-damage|p1a: Clefable|78\/100\n|move|p1a: Clefable|Moonblast|p2a: Volcarona\n|-resisted|p2a: Volcarona\n|-damage|p2a: Volcarona|41\/100\n|\n|-heal|p1a: Clefable|85\/100|[from] item: Leftovers\n|upkeep\n|turn|17\n|\n|t:|1700074775\n|move|p2a: Volcarona|Giga Drain|p1a: Clefable\n|-damage|p1a: Clefable|79\/100\n|-heal|p2a: Volcarona|44\/100|[from] drain|[of] p1a: Clefable\n|move|p1a: Clefable|Moonblast|p2a: Volcarona\n|-resisted|p2a: Volcarona\n|-damage|p2a: Volcarona|0 fnt\n|faint|p2a: Volcarona\n|\n|-heal|p1a: Clefable|85\/100|[from] item: Leftovers\n|upkeep\n|\n|t:|1700074786\n|switch|p2a: Krookodile|Krookodile, M|100\/100\n|turn|18\n|\n|t:|1700074795\n|move|p2a: Krookodile|Earthquake|p1a: Clefable\n|-damage|p1a: Clefable|43\/100\n|move|p1a: Clefable|Moonblast|p2a: Krookodile\n|-supereffective|p2a: Krookodile\n|-damage|p2a: Krookodile|0 fnt\n|faint|p2a: Krookodile\n|\n|-heal|p1a: Clefable|49\/100|[from] item: Leftovers\n|upkeep\n|\n|t:|1700074800\n|switch|p2a: Ribombee|Ribombee, F, shiny|100\/100\n|turn|19\n|\n|t:|1700074811\n|move|p2a: Ribombee|Stun Spore|p1a: Clefable\n|-status|p1a: Clefable|par\n|move|p1a: Clefable|Soft-Boiled|p1a: Clefable\n|-heal|p1a: Clefable|99\/100 par\n|\n|-heal|p1a: Clefable|100\/100 par|[from] item: Leftovers\n|upkeep\n|turn|20\n|\n|t:|1700074817\n|switch|p2a: Venusaur|Venusaur, M, shiny|100\/100\n|move|p1a: Clefable|Flamethrower|p2a: Venusaur\n|-supereffective|p2a: Venusaur\n|-damage|p2a: Venusaur|0 fnt\n|faint|p2a: Venusaur\n|\n|upkeep\n|\n|t:|1700074822\n|switch|p2a: Poliwrath|Poliwrath, M, shiny|100\/100\n|turn|21\n|\n|t:|1700074829\n|move|p2a: Poliwrath|Poison Jab|p1a: Clefable\n|-supereffective|p1a: Clefable\n|-damage|p1a: Clefable|60\/100 par\n|cant|p1a: Clefable|par\n|\n|-heal|p1a: Clefable|66\/100 par|[from] item: Leftovers\n|upkeep\n|turn|22\n|\n|t:|1700074838\n|-terastallize|p1a: Clefable|Poison\n|move|p2a: Poliwrath|Poison Jab|p1a: Clefable\n|-resisted|p1a: Clefable\n|-damage|p1a: Clefable|56\/100 par\n|move|p1a: Clefable|Moonblast|p2a: Poliwrath\n|-supereffective|p2a: Poliwrath\n|-damage|p2a: Poliwrath|0 fnt\n|faint|p2a: Poliwrath\n|\n|-heal|p1a: Clefable|62\/100 par|[from] item: Leftovers\n|upkeep\n|\n|t:|1700074840\n|switch|p2a: Ribombee|Ribombee, F, shiny|100\/100\n|turn|23\n|c|\u2606hackilla15|gg\n|c|\u2606LeaIsConfused|It ain\u2019t over til it\u2019s over\n|\n|t:|1700074862\n|move|p2a: Ribombee|Quiver Dance|p2a: Ribombee\n|-boost|p2a: Ribombee|spa|1\n|-boost|p2a: Ribombee|spd|1\n|-boost|p2a: Ribombee|spe|1\n|cant|p1a: Clefable|par\n|\n|-heal|p1a: Clefable|69\/100 par|[from] item: Leftovers\n|upkeep\n|turn|24\n|\n|t:|1700074869\n|move|p2a: Ribombee|Quiver Dance|p2a: Ribombee\n|-boost|p2a: Ribombee|spa|1\n|-boost|p2a: Ribombee|spd|1\n|-boost|p2a: Ribombee|spe|1\n|cant|p1a: Clefable|par\n|\n|-heal|p1a: Clefable|75\/100 par|[from] item: Leftovers\n|upkeep\n|turn|25\n|\n|t:|1700074879\n|move|p2a: Ribombee|Quiver Dance|p2a: Ribombee\n|-boost|p2a: Ribombee|spa|1\n|-boost|p2a: Ribombee|spd|1\n|-boost|p2a: Ribombee|spe|1\n|cant|p1a: Clefable|par\n|\n|-heal|p1a: Clefable|81\/100 par|[from] item: Leftovers\n|upkeep\n|turn|26\n|c|\u2606hackilla15|yo\n|c|\u2606LeaIsConfused|I would love to be able to move LMFAO\n|c|\u2606hackilla15|thats nutty\n|\n|t:|1700074897\n|move|p2a: Ribombee|Quiver Dance|p2a: Ribombee\n|-boost|p2a: Ribombee|spa|1\n|-boost|p2a: Ribombee|spd|1\n|-boost|p2a: Ribombee|spe|1\n|move|p1a: Clefable|Moonblast|p2a: Ribombee\n|-enditem|p2a: Ribombee|Focus Sash\n|-damage|p2a: Ribombee|1\/100\n|\n|-heal|p1a: Clefable|87\/100 par|[from] item: Leftovers\n|upkeep\n|turn|27\n|\n|t:|1700074907\n|move|p2a: Ribombee|Moonblast|p1a: Clefable\n|-resisted|p1a: Clefable\n|-damage|p1a: Clefable|82\/100 par\n|-unboost|p1a: Clefable|spa|1\n|move|p1a: Clefable|Flamethrower|p2a: Ribombee\n|-supereffective|p2a: Ribombee\n|-damage|p2a: Ribombee|0 fnt\n|faint|p2a: Ribombee\n|\n|win|LeaIsConfused\n|raw|LeaIsConfused's rating: 1210 &rarr; <strong>1236<\/strong><br \/>(+26 for winning)\n|raw|hackilla15's rating: 1222 &rarr; <strong>1196<\/strong><br \/>(-26 for losing)\n|c|\u2606hackilla15|gg\n|c|\u2606LeaIsConfused|Your Ribombee built different frfr\n|c|\u2606LeaIsConfused|GG!\n|c|\u2606hackilla15|lol the ribom\n|c|\u2606hackilla15|got lady lucks blessing lol\n|c|\u2606LeaIsConfused|He clutched up\n|c|\u2606LeaIsConfused|LMAO trueeee\n|c|\u2606LeaIsConfused|Have a good day!\n|c|\u2606hackilla15|yt!\n|l|\u2606LeaIsConfused\n","uploadtime":1700074971,"views":4,"p1id":"leaisconfused","p2id":"hackilla15","formatid":"gen9nationaldex","rating":1196,"private":0,"password":""}