{"id":"gen9nationaldex-1988869876","p1":"Victinus","p2":"ZenKei","format":"[Gen 9] National Dex","log":"|j|\u2606Victinus\n|j|\u2606ZenKei\n|t:|1699777689\n|gametype|singles\n|player|p1|Victinus|dawn|1045\n|player|p2|ZenKei|elesa-masters2|1043\n|teamsize|p1|6\n|teamsize|p2|5\n|gen|9\n|tier|[Gen 9] National Dex\n|rated|\n|rule|HP Percentage Mod: HP is shown in percentages\n|rule|Endless Battle Clause: Forcing endless battles is banned\n|rule|OHKO Clause: OHKO moves are banned\n|rule|Evasion Clause: Evasion abilities, items, and moves are banned\n|rule|Evasion Abilities Clause: Evasion abilities are banned\n|rule|Evasion Items Clause: Evasion items are banned\n|rule|Evasion Moves Clause: Evasion moves are banned\n|rule|Species Clause: Limit one of each Pok\u00e9mon\n|rule|Sleep Clause Mod: Limit one foe put to sleep\n|clearpoke\n|poke|p1|Victini|\n|poke|p1|Diancie|\n|poke|p1|Skeledirge, M|\n|poke|p1|Togekiss, F|\n|poke|p1|Swampert, M|\n|poke|p1|Ogerpon, F|\n|poke|p2|Spinda, M|\n|poke|p2|Victini|\n|poke|p2|Lucario, F|\n|poke|p2|Stakataka|\n|poke|p2|Gardevoir, F|\n|teampreview\n|inactive|Battle timer is ON: inactive players will automatically lose when time's up. (requested by ZenKei)\n|\n|t:|1699777722\n|start\n|switch|p1a: Cloud|Togekiss, F, shiny|100\/100\n|switch|p2a: Stakataka|Stakataka|100\/100\n|turn|1\n|c|\u2606Victinus|glhf\n|\n|t:|1699777732\n|move|p1a: Cloud|Aura Sphere|p2a: Stakataka\n|-supereffective|p2a: Stakataka\n|-damage|p2a: Stakataka|24\/100\n|-enditem|p2a: Stakataka|Eject Button\n|\n|t:|1699777742\n|switch|p2a: Spinda|Spinda, M|100\/100\n|\n|upkeep\n|turn|2\n|\n|t:|1699777768\n|move|p2a: Spinda|Skill Swap|p1a: Cloud\n|-activate|p2a: Spinda|move: Skill Swap|Serene Grace|Contrary|[of] p1a: Cloud\n|move|p1a: Cloud|Aura Sphere|p2a: Spinda\n|-supereffective|p2a: Spinda\n|-damage|p2a: Spinda|20\/100\n|\n|upkeep\n|turn|3\n|\n|t:|1699777781\n|switch|p2a: Lucario|Lucario, F|100\/100\n|move|p1a: Cloud|Aura Sphere|p2a: Lucario\n|-supereffective|p2a: Lucario\n|-crit|p2a: Lucario\n|-damage|p2a: Lucario|21\/100\n|-enditem|p2a: Lucario|Sitrus Berry|[eat]\n|-heal|p2a: Lucario|46\/100|[from] item: Sitrus Berry\n|\n|upkeep\n|turn|4\n|\n|t:|1699777794\n|move|p1a: Cloud|Aura Sphere|p2a: Lucario\n|-supereffective|p2a: Lucario\n|-damage|p2a: Lucario|0 fnt\n|faint|p2a: Lucario\n|\n|upkeep\n|\n|t:|1699777798\n|switch|p2a: Victini|Victini|100\/100\n|turn|5\n|j| GarbodorIsGodd\u262d\n|inactive|Victinus has 120 seconds left.\n|l| GarbodorIsGodd\u262d\n|\n|t:|1699777833\n|move|p1a: Cloud|Air Slash|p2a: Victini\n|-damage|p2a: Victini|78\/100\n|move|p2a: Victini|Skill Swap|p1a: Cloud\n|-activate|p2a: Victini|move: Skill Swap|Contrary|Victory Star|[of] p1a: Cloud\n|\n|upkeep\n|turn|6\n|c|\u2606ZenKei|^v^\n|inactive|Victinus has 120 seconds left.\n|\n|t:|1699777842\n|move|p1a: Cloud|Air Slash|p2a: Victini\n|-damage|p2a: Victini|52\/100\n|move|p2a: Victini|V-create|p1a: Cloud\n|-crit|p1a: Cloud\n|-damage|p1a: Cloud|12\/100\n|-boost|p2a: Victini|spe|1\n|-boost|p2a: Victini|def|1\n|-boost|p2a: Victini|spd|1\n|\n|upkeep\n|turn|7\n|\n|t:|1699777855\n|-terastallize|p2a: Victini|Steel\n|move|p2a: Victini|V-create|p1a: Cloud\n|-damage|p1a: Cloud|0 fnt\n|-boost|p2a: Victini|spe|1\n|-boost|p2a: Victini|def|1\n|-boost|p2a: Victini|spd|1\n|faint|p1a: Cloud\n|\n|upkeep\n|inactive|Victinus has 120 seconds left.\n|\n|t:|1699777865\n|switch|p1a: Skipper|Swampert, M, shiny|100\/100\n|turn|8\n|\n|t:|1699777874\n|-terastallize|p1a: Skipper|Water\n|move|p2a: Victini|V-create|p1a: Skipper\n|-resisted|p1a: Skipper\n|-damage|p1a: Skipper|72\/100\n|-boost|p2a: Victini|spe|1\n|-boost|p2a: Victini|def|1\n|-boost|p2a: Victini|spd|1\n|move|p1a: Skipper|Earthquake|p2a: Victini\n|-supereffective|p2a: Victini\n|-damage|p2a: Victini|22\/100\n|-enditem|p2a: Victini|Sitrus Berry|[eat]\n|-heal|p2a: Victini|47\/100|[from] item: Sitrus Berry\n|\n|-heal|p1a: Skipper|78\/100|[from] item: Leftovers\n|upkeep\n|turn|9\n|j| Sheep Liver\n|\n|t:|1699777888\n|move|p2a: Victini|V-create|p1a: Skipper\n|-resisted|p1a: Skipper\n|-damage|p1a: Skipper|50\/100\n|-boost|p2a: Victini|spe|1\n|-boost|p2a: Victini|def|1\n|-boost|p2a: Victini|spd|1\n|move|p1a: Skipper|Earthquake|p2a: Victini\n|-supereffective|p2a: Victini\n|-damage|p2a: Victini|24\/100\n|\n|-heal|p1a: Skipper|56\/100|[from] item: Leftovers\n|upkeep\n|turn|10\n|\n|t:|1699777900\n|move|p2a: Victini|Stored Power|p1a: Skipper\n|-damage|p1a: Skipper|0 fnt\n|faint|p1a: Skipper\n|\n|upkeep\n|\n|t:|1699777905\n|switch|p1a: Ivy|Ogerpon, F|100\/100\n|turn|11\n|\n|t:|1699777918\n|move|p2a: Victini|V-create|p1a: Ivy\n|-supereffective|p1a: Ivy\n|-damage|p1a: Ivy|0 fnt\n|-boost|p2a: Victini|spe|1\n|-boost|p2a: Victini|def|1\n|-boost|p2a: Victini|spd|1\n|faint|p1a: Ivy\n|\n|upkeep\n|c| Sheep Liver|why did you give a victini contrary.\n|inactive|Victinus has 120 seconds left.\n|\n|t:|1699777943\n|switch|p1a: Princess|Diancie, shiny|100\/100\n|turn|12\n|j| GarbodorIsGodd\u262d\n|c| Sheep Liver|that is one of the dumbest things Ive ever seen someone do\n|inactive|Victinus has 120 seconds left.\n|\n|t:|1699777953\n|detailschange|p1a: Princess|Diancie-Mega, shiny\n|-mega|p1a: Princess|Diancie|Diancite\n|move|p2a: Victini|Rest|p2a: Victini\n|-status|p2a: Victini|slp|[from] move: Rest\n|-heal|p2a: Victini|100\/100 slp|[silent]\n|move|p1a: Princess|Diamond Storm|p2a: Victini\n|-resisted|p2a: Victini\n|-damage|p2a: Victini|95\/100 slp\n|-boost|p1a: Princess|def|2\n|\n|upkeep\n|turn|13\n|c|\u2606ZenKei|for evil bussiness\n|inactive|Victinus has 120 seconds left.\n|\n|t:|1699777965\n|cant|p2a: Victini|slp\n|move|p1a: Princess|Diamond Storm|p2a: Victini\n|-resisted|p2a: Victini\n|-damage|p2a: Victini|89\/100 slp\n|-boost|p1a: Princess|def|2\n|\n|upkeep\n|turn|14\n|inactive|Victinus has 120 seconds left.\n|\n|t:|1699777978\n|cant|p2a: Victini|slp\n|move|p1a: Princess|Diamond Storm|p2a: Victini\n|-resisted|p2a: Victini\n|-damage|p2a: Victini|83\/100 slp\n|\n|upkeep\n|turn|15\n|\n|t:|1699777986\n|-curestatus|p2a: Victini|slp|[msg]\n|move|p2a: Victini|V-create|p1a: Princess\n|-resisted|p1a: Princess\n|-damage|p1a: Princess|90\/100\n|-boost|p2a: Victini|spe|1\n|-boost|p2a: Victini|def|1\n|-boost|p2a: Victini|spd|1\n|move|p1a: Princess|Diamond Storm|p2a: Victini\n|-resisted|p2a: Victini\n|-damage|p2a: Victini|77\/100\n|\n|upkeep\n|turn|16\n|\n|t:|1699777998\n|move|p2a: Victini|Stored Power|p1a: Princess\n|-damage|p1a: Princess|0 fnt\n|faint|p1a: Princess\n|\n|upkeep\n|\n|t:|1699778003\n|switch|p1a: Chopper|Skeledirge, M, shiny|100\/100\n|turn|17\n|\n|t:|1699778009\n|move|p2a: Victini|Stored Power|p1a: Chopper\n|-damage|p1a: Chopper|0 fnt\n|faint|p1a: Chopper\n|\n|upkeep\n|\n|t:|1699778014\n|switch|p1a: Victory|Victini|100\/100\n|turn|18\n|c| Sheep Liver|How much bp?\n|c| Sheep Liver|is stored power\n|c|\u2606ZenKei|low\n|c| GarbodorIsGodd\u262d|too much\n|c|\u2606ZenKei|380\n|c|\u2606ZenKei|XD\n|c| Sheep Liver|lol\n|inactive|ZenKei has 120 seconds left.\n|c|\u2606ZenKei|380+190\n|c|\u2606ZenKei|if stab\n|\n|t:|1699778072\n|move|p2a: Victini|V-create|p1a: Victory\n|-resisted|p1a: Victory\n|-damage|p1a: Victory|69\/100\n|move|p1a: Victory|Guard Swap|p2a: Victini\n|-swapboost|p1a: Victory|p2a: Victini|def, spd|[from] move: Guard Swap\n|\n|-heal|p1a: Victory|75\/100|[from] item: Leftovers\n|upkeep\n|turn|19\n|c|\u2606ZenKei|XD\n|inactive|ZenKei has 90 seconds left.\n|inactive|Victinus has 120 seconds left.\n|\n|t:|1699778107\n|move|p2a: Victini|Skill Swap|p1a: Victory\n|-activate|p2a: Victini|move: Skill Swap|Victory Star|Contrary|[of] p1a: Victory\n|move|p1a: Victory|V-create|p2a: Victini\n|-supereffective|p2a: Victini\n|-damage|p2a: Victini|0 fnt\n|-boost|p1a: Victory|spe|1\n|faint|p2a: Victini\n|\n|-heal|p1a: Victory|81\/100|[from] item: Leftovers\n|upkeep\n|\n|t:|1699778119\n|switch|p2a: Stakataka|Stakataka|24\/100\n|turn|20\n|\n|t:|1699778128\n|move|p1a: Victory|V-create|p2a: Stakataka\n|-damage|p2a: Stakataka|0 fnt\n|-boost|p1a: Victory|spe|1\n|faint|p2a: Stakataka\n|\n|-heal|p1a: Victory|87\/100|[from] item: Leftovers\n|upkeep\n|\n|t:|1699778135\n|switch|p2a: Spinda|Spinda, M|20\/100\n|turn|21\n|inactive|ZenKei has 90 seconds left.\n|\n|t:|1699778148\n|move|p1a: Victory|Zen Headbutt|p2a: Spinda\n|-damage|p2a: Spinda|0 fnt\n|faint|p2a: Spinda\n|\n|-heal|p1a: Victory|93\/100|[from] item: Leftovers\n|upkeep\n|\n|t:|1699778154\n|switch|p2a: Gardevoir|Gardevoir, F|100\/100\n|-ability|p2a: Gardevoir|Contrary|[from] ability: Trace|[of] p1a: Victory\n|turn|22\n|inactive|ZenKei has 90 seconds left.\n|\n|t:|1699778163\n|move|p1a: Victory|V-create|p2a: Gardevoir\n|-damage|p2a: Gardevoir|0 fnt\n|-boost|p1a: Victory|spe|1\n|faint|p2a: Gardevoir\n|\n|win|Victinus\n|raw|Victinus's rating: 1045 &rarr; <strong>1078<\/strong><br \/>(+33 for winning)\n|raw|ZenKei's rating: 1043 &rarr; <strong>1027<\/strong><br \/>(-16 for losing)\n|c|\u2606ZenKei|try it bruh\n","uploadtime":1699778174,"views":5,"p1id":"victinus","p2id":"zenkei","formatid":"gen9nationaldex","rating":1027,"private":0,"password":""}