{"id":"gen9nationaldex-1993968492","p1":"As cheu","p2":"csb1123","format":"[Gen 9] National Dex","log":"|j|\u2606As cheu\n|j|\u2606csb1123\n|t:|1700384956\n|gametype|singles\n|player|p1|As cheu|officeworker|1707\n|player|p2|csb1123|102|1628\n|teamsize|p1|6\n|teamsize|p2|6\n|gen|9\n|tier|[Gen 9] National Dex\n|rated|\n|rule|HP Percentage Mod: HP is shown in percentages\n|rule|Endless Battle Clause: Forcing endless battles is banned\n|rule|OHKO Clause: OHKO moves are banned\n|rule|Evasion Clause: Evasion abilities, items, and moves are banned\n|rule|Evasion Abilities Clause: Evasion abilities are banned\n|rule|Evasion Items Clause: Evasion items are banned\n|rule|Evasion Moves Clause: Evasion moves are banned\n|rule|Species Clause: Limit one of each Pok\u00e9mon\n|rule|Sleep Clause Mod: Limit one foe put to sleep\n|clearpoke\n|poke|p1|Cloyster, M|\n|poke|p1|Umbreon, F|\n|poke|p1|Gardevoir, F|\n|poke|p1|Forretress, M|\n|poke|p1|Thundurus-Therian, M|\n|poke|p1|Sneasler, M|\n|poke|p2|Ogerpon, F|\n|poke|p2|Corviknight, F|\n|poke|p2|Clodsire, F|\n|poke|p2|Tyranitar, M|\n|poke|p2|Tapu Fini|\n|poke|p2|Banette, M|\n|teampreview\n|inactive|Battle timer is ON: inactive players will automatically lose when time's up. (requested by csb1123)\n|\n|t:|1700384974\n|start\n|switch|p1a: Sneasler|Sneasler, M|100\/100\n|switch|p2a: Tapu Fini|Tapu Fini|100\/100\n|-fieldstart|move: Misty Terrain|[from] ability: Misty Surge|[of] p2a: Tapu Fini\n|turn|1\n|\n|t:|1700384979\n|switch|p2a: Corviknight|Corviknight, F|100\/100\n|-ability|p2a: Corviknight|Pressure\n|move|p1a: Sneasler|Switcheroo|p2a: Corviknight\n|-activate|p1a: Sneasler|move: Trick|[of] p2a: Corviknight\n|-item|p2a: Corviknight|Choice Scarf|[from] move: Switcheroo\n|-item|p1a: Sneasler|Covert Cloak|[from] move: Switcheroo\n|\n|upkeep\n|turn|2\n|\n|t:|1700384989\n|move|p1a: Sneasler|U-turn|p2a: Corviknight\n|-resisted|p2a: Corviknight\n|-damage|p2a: Corviknight|97\/100\n|\n|t:|1700384993\n|switch|p1a: Forretress|Forretress, M|100\/100|[from] U-turn\n|move|p2a: Corviknight|U-turn|p1a: Forretress\n|-resisted|p1a: Forretress\n|-damage|p1a: Forretress|96\/100\n|-damage|p2a: Corviknight|80\/100|[from] item: Rocky Helmet|[of] p1a: Forretress\n|\n|t:|1700384997\n|switch|p2a: Tapu Fini|Tapu Fini|100\/100|[from] U-turn\n|\n|upkeep\n|turn|3\n|\n|t:|1700385001\n|switch|p1a: Sneasler|Sneasler, M|100\/100\n|move|p2a: Tapu Fini|Taunt|p1a: Sneasler\n|-start|p1a: Sneasler|move: Taunt\n|\n|upkeep\n|turn|4\n|\n|t:|1700385007\n|switch|p2a: Corviknight|Corviknight, F|80\/100\n|-ability|p2a: Corviknight|Pressure\n|move|p1a: Sneasler|Dire Claw|p2a: Corviknight\n|-immune|p2a: Corviknight\n|\n|upkeep\n|turn|5\n|\n|t:|1700385014\n|switch|p2a: Tyranitar|Tyranitar, M|100\/100\n|-weather|Sandstorm|[from] ability: Sand Stream|[of] p2a: Tyranitar\n|move|p1a: Sneasler|U-turn|p2a: Tyranitar\n|-supereffective|p2a: Tyranitar\n|-damage|p2a: Tyranitar|52\/100\n|\n|t:|1700385024\n|switch|p1a: Forretress|Forretress, M|96\/100|[from] U-turn\n|\n|-weather|Sandstorm|[upkeep]\n|-fieldend|Misty Terrain\n|upkeep\n|turn|6\n|\n|t:|1700385026\n|move|p2a: Tyranitar|Flamethrower|p1a: Forretress\n|-supereffective|p1a: Forretress\n|-damage|p1a: Forretress|0 fnt\n|faint|p1a: Forretress\n|\n|-weather|Sandstorm|[upkeep]\n|upkeep\n|\n|t:|1700385029\n|switch|p1a: Sneasler|Sneasler, M|100\/100\n|turn|7\n|\n|t:|1700385033\n|switch|p2a: Banette|Banette, M|100\/100\n|move|p1a: Sneasler|Close Combat|p2a: Banette\n|-immune|p2a: Banette\n|\n|-weather|Sandstorm|[upkeep]\n|-damage|p1a: Sneasler|95\/100|[from] Sandstorm\n|-damage|p2a: Banette|95\/100|[from] Sandstorm\n|upkeep\n|turn|8\n|j| slobadd\n|\n|t:|1700385038\n|detailschange|p2a: Banette|Banette-Mega, M\n|-mega|p2a: Banette|Banette|Banettite\n|move|p2a: Banette|Encore|p1a: Sneasler\n|-start|p1a: Sneasler|Encore\n|move|p1a: Sneasler|Close Combat|p2a: Banette\n|-immune|p2a: Banette\n|\n|-weather|Sandstorm|[upkeep]\n|-damage|p1a: Sneasler|89\/100|[from] Sandstorm\n|-damage|p2a: Banette|89\/100|[from] Sandstorm\n|upkeep\n|turn|9\n|\n|t:|1700385051\n|switch|p1a: \u56e1\u56e1|Umbreon, F|100\/100\n|switch|p2a: Clodsire|Clodsire, F|100\/100\n|\n|-weather|none\n|upkeep\n|turn|10\n|\n|t:|1700385059\n|switch|p1a: \u88d9\u4e0b\u4e4b\u81e3|Gardevoir, F, shiny|100\/100\n|-ability|p1a: \u88d9\u4e0b\u4e4b\u81e3|Water Absorb|[from] ability: Trace|[of] p2a: Clodsire\n|move|p2a: Clodsire|Stealth Rock|p1a: \u88d9\u4e0b\u4e4b\u81e3\n|-sidestart|p1: As cheu|move: Stealth Rock\n|\n|upkeep\n|turn|11\n|\n|t:|1700385076\n|switch|p2a: Corviknight|Corviknight, F|80\/100\n|-ability|p2a: Corviknight|Pressure\n|detailschange|p1a: \u88d9\u4e0b\u4e4b\u81e3|Gardevoir-Mega, F, shiny\n|-mega|p1a: \u88d9\u4e0b\u4e4b\u81e3|Gardevoir|Gardevoirite\n|move|p1a: \u88d9\u4e0b\u4e4b\u81e3|Calm Mind|p1a: \u88d9\u4e0b\u4e4b\u81e3\n|-boost|p1a: \u88d9\u4e0b\u4e4b\u81e3|spa|1\n|-boost|p1a: \u88d9\u4e0b\u4e4b\u81e3|spd|1\n|\n|upkeep\n|turn|12\n|\n|t:|1700385090\n|move|p2a: Corviknight|U-turn|p1a: \u88d9\u4e0b\u4e4b\u81e3\n|-damage|p1a: \u88d9\u4e0b\u4e4b\u81e3|86\/100\n|\n|t:|1700385095\n|switch|p2a: Clodsire|Clodsire, F|100\/100|[from] U-turn\n|move|p1a: \u88d9\u4e0b\u4e4b\u81e3|Focus Blast|p2a: Clodsire\n|-resisted|p2a: Clodsire\n|-damage|p2a: Clodsire|83\/100\n|\n|-heal|p2a: Clodsire|89\/100|[from] item: Leftovers\n|upkeep\n|turn|13\n|\n|t:|1700385101\n|switch|p2a: Tyranitar|Tyranitar, M|52\/100\n|-weather|Sandstorm|[from] ability: Sand Stream|[of] p2a: Tyranitar\n|move|p1a: \u88d9\u4e0b\u4e4b\u81e3|Psyshock|p2a: Tyranitar\n|-immune|p2a: Tyranitar\n|\n|-weather|Sandstorm|[upkeep]\n|-damage|p1a: \u88d9\u4e0b\u4e4b\u81e3|80\/100|[from] Sandstorm\n|upkeep\n|turn|14\n|\n|t:|1700385112\n|switch|p2a: Clodsire|Clodsire, F|89\/100\n|move|p1a: \u88d9\u4e0b\u4e4b\u81e3|Hyper Voice|p2a: Clodsire\n|-resisted|p2a: Clodsire\n|-damage|p2a: Clodsire|65\/100\n|\n|-weather|Sandstorm|[upkeep]\n|-damage|p1a: \u88d9\u4e0b\u4e4b\u81e3|74\/100|[from] Sandstorm\n|-heal|p2a: Clodsire|71\/100|[from] item: Leftovers\n|upkeep\n|turn|15\n|\n|t:|1700385128\n|switch|p2a: Corviknight|Corviknight, F|80\/100\n|-ability|p2a: Corviknight|Pressure\n|move|p1a: \u88d9\u4e0b\u4e4b\u81e3|Psyshock|p2a: Corviknight\n|-resisted|p2a: Corviknight\n|-damage|p2a: Corviknight|61\/100\n|\n|-weather|Sandstorm|[upkeep]\n|-damage|p1a: \u88d9\u4e0b\u4e4b\u81e3|68\/100|[from] Sandstorm\n|upkeep\n|turn|16\n|l| slobadd\n|\n|t:|1700385136\n|move|p2a: Corviknight|Body Press|p1a: \u88d9\u4e0b\u4e4b\u81e3\n|-resisted|p1a: \u88d9\u4e0b\u4e4b\u81e3\n|-damage|p1a: \u88d9\u4e0b\u4e4b\u81e3|61\/100\n|move|p1a: \u88d9\u4e0b\u4e4b\u81e3|Psyshock|p2a: Corviknight\n|-resisted|p2a: Corviknight\n|-damage|p2a: Corviknight|40\/100\n|\n|-weather|Sandstorm|[upkeep]\n|-damage|p1a: \u88d9\u4e0b\u4e4b\u81e3|55\/100|[from] Sandstorm\n|upkeep\n|turn|17\n|\n|t:|1700385141\n|move|p2a: Corviknight|Body Press|p1a: \u88d9\u4e0b\u4e4b\u81e3\n|-resisted|p1a: \u88d9\u4e0b\u4e4b\u81e3\n|-damage|p1a: \u88d9\u4e0b\u4e4b\u81e3|48\/100\n|move|p1a: \u88d9\u4e0b\u4e4b\u81e3|Focus Blast|p2a: Corviknight\n|-damage|p2a: Corviknight|0 fnt\n|faint|p2a: Corviknight\n|\n|-weather|none\n|upkeep\n|\n|t:|1700385146\n|switch|p2a: Ogerpon|Ogerpon, F|100\/100\n|turn|18\n|\n|t:|1700385151\n|switch|p1a: \u56e1\u56e1|Umbreon, F|100\/100\n|-damage|p1a: \u56e1\u56e1|88\/100|[from] Stealth Rock\n|move|p2a: Ogerpon|Ivy Cudgel|p1a: \u56e1\u56e1\n|-damage|p1a: \u56e1\u56e1|60\/100\n|\n|-heal|p1a: \u56e1\u56e1|66\/100|[from] item: Leftovers\n|upkeep\n|turn|19\n|\n|t:|1700385163\n|move|p2a: Ogerpon|Swords Dance|p2a: Ogerpon\n|-boost|p2a: Ogerpon|atk|2\n|move|p1a: \u56e1\u56e1|Wish|p1a: \u56e1\u56e1\n|\n|-heal|p1a: \u56e1\u56e1|72\/100|[from] item: Leftovers\n|upkeep\n|turn|20\n|\n|t:|1700385169\n|-terastallize|p1a: \u56e1\u56e1|Poison\n|move|p2a: Ogerpon|Superpower|p1a: \u56e1\u56e1\n|-resisted|p1a: \u56e1\u56e1\n|-damage|p1a: \u56e1\u56e1|49\/100\n|-unboost|p2a: Ogerpon|atk|1\n|-unboost|p2a: Ogerpon|def|1\n|move|p1a: \u56e1\u56e1|Foul Play|p2a: Ogerpon\n|-damage|p2a: Ogerpon|0 fnt\n|faint|p2a: Ogerpon\n|\n|-heal|p1a: \u56e1\u56e1|99\/100|[from] move: Wish|[wisher] \u56e1\u56e1\n|-heal|p1a: \u56e1\u56e1|100\/100|[from] item: Leftovers\n|upkeep\n|\n|t:|1700385178\n|switch|p2a: Tapu Fini|Tapu Fini|100\/100\n|-fieldstart|move: Misty Terrain|[from] ability: Misty Surge|[of] p2a: Tapu Fini\n|turn|21\n|\n|t:|1700385182\n|switch|p1a: Sneasler|Sneasler, M|89\/100\n|-damage|p1a: Sneasler|83\/100|[from] Stealth Rock\n|move|p2a: Tapu Fini|Calm Mind|p2a: Tapu Fini\n|-boost|p2a: Tapu Fini|spa|1\n|-boost|p2a: Tapu Fini|spd|1\n|\n|upkeep\n|turn|22\n|\n|t:|1700385189\n|-terastallize|p2a: Tapu Fini|Poison\n|move|p1a: Sneasler|Dire Claw|p2a: Tapu Fini\n|-resisted|p2a: Tapu Fini\n|-damage|p2a: Tapu Fini|85\/100\n|move|p2a: Tapu Fini|Calm Mind|p2a: Tapu Fini\n|-boost|p2a: Tapu Fini|spa|1\n|-boost|p2a: Tapu Fini|spd|1\n|\n|-heal|p2a: Tapu Fini|91\/100|[from] item: Leftovers\n|upkeep\n|turn|23\n|\n|t:|1700385202\n|move|p1a: Sneasler|U-turn|p2a: Tapu Fini\n|-resisted|p2a: Tapu Fini\n|-damage|p2a: Tapu Fini|83\/100\n|\n|t:|1700385204\n|switch|p1a: Thundurus|Thundurus-Therian, M|100\/100|[from] U-turn\n|move|p2a: Tapu Fini|Calm Mind|p2a: Tapu Fini\n|-boost|p2a: Tapu Fini|spa|1\n|-boost|p2a: Tapu Fini|spd|1\n|\n|-heal|p2a: Tapu Fini|89\/100|[from] item: Leftovers\n|upkeep\n|turn|24\n|\n|t:|1700385207\n|move|p1a: Thundurus|Nasty Plot|p1a: Thundurus\n|-boost|p1a: Thundurus|spa|2\n|move|p2a: Tapu Fini|Draining Kiss|p1a: Thundurus\n|-damage|p1a: Thundurus|48\/100\n|-heal|p2a: Tapu Fini|100\/100|[from] drain|[of] p1a: Thundurus\n|\n|upkeep\n|turn|25\n|\n|t:|1700385209\n|move|p1a: Thundurus|Thunderbolt|p2a: Tapu Fini\n|-damage|p2a: Tapu Fini|66\/100\n|move|p2a: Tapu Fini|Draining Kiss|p1a: Thundurus\n|-damage|p1a: Thundurus|0 fnt\n|-heal|p2a: Tapu Fini|97\/100|[from] drain|[of] p1a: Thundurus\n|faint|p1a: Thundurus\n|\n|-heal|p2a: Tapu Fini|100\/100|[from] item: Leftovers\n|-fieldend|Misty Terrain\n|upkeep\n|\n|t:|1700385218\n|switch|p1a: \u88d9\u4e0b\u4e4b\u81e3|Gardevoir-Mega, F, shiny|48\/100\n|-damage|p1a: \u88d9\u4e0b\u4e4b\u81e3|36\/100|[from] Stealth Rock\n|turn|26\n|\n|t:|1700385220\n|move|p2a: Tapu Fini|Draining Kiss|p1a: \u88d9\u4e0b\u4e4b\u81e3\n|-damage|p1a: \u88d9\u4e0b\u4e4b\u81e3|7\/100\n|move|p1a: \u88d9\u4e0b\u4e4b\u81e3|Psyshock|p2a: Tapu Fini\n|-supereffective|p2a: Tapu Fini\n|-damage|p2a: Tapu Fini|35\/100\n|\n|-heal|p2a: Tapu Fini|41\/100|[from] item: Leftovers\n|upkeep\n|turn|27\n|\n|t:|1700385225\n|move|p2a: Tapu Fini|Draining Kiss|p1a: \u88d9\u4e0b\u4e4b\u81e3\n|-damage|p1a: \u88d9\u4e0b\u4e4b\u81e3|0 fnt\n|-heal|p2a: Tapu Fini|46\/100|[from] drain|[of] p1a: \u88d9\u4e0b\u4e4b\u81e3\n|faint|p1a: \u88d9\u4e0b\u4e4b\u81e3\n|\n|-heal|p2a: Tapu Fini|52\/100|[from] item: Leftovers\n|upkeep\n|\n|t:|1700385231\n|switch|p1a: Sneasler|Sneasler, M|83\/100\n|-damage|p1a: Sneasler|77\/100|[from] Stealth Rock\n|turn|28\n|\n|t:|1700385235\n|move|p1a: Sneasler|Dire Claw|p2a: Tapu Fini\n|-resisted|p2a: Tapu Fini\n|-damage|p2a: Tapu Fini|37\/100\n|-status|p2a: Tapu Fini|par\n|move|p2a: Tapu Fini|Draining Kiss|p1a: Sneasler\n|-damage|p1a: Sneasler|18\/100\n|-heal|p2a: Tapu Fini|75\/100 par|[from] drain|[of] p1a: Sneasler\n|\n|-heal|p2a: Tapu Fini|82\/100 par|[from] item: Leftovers\n|upkeep\n|turn|29\n|j| 94260LC\n|\n|t:|1700385243\n|move|p1a: Sneasler|Dire Claw|p2a: Tapu Fini\n|-resisted|p2a: Tapu Fini\n|-damage|p2a: Tapu Fini|66\/100 par\n|move|p2a: Tapu Fini|Draining Kiss|p1a: Sneasler\n|-damage|p1a: Sneasler|0 fnt\n|-heal|p2a: Tapu Fini|78\/100 par|[from] drain|[of] p1a: Sneasler\n|faint|p1a: Sneasler\n|\n|-heal|p2a: Tapu Fini|84\/100 par|[from] item: Leftovers\n|upkeep\n|\n|t:|1700385246\n|switch|p1a: \u9b3c\u65af|Cloyster, M|100\/100\n|-damage|p1a: \u9b3c\u65af|76\/100|[from] Stealth Rock\n|turn|30\n|\n|t:|1700385249\n|switch|p2a: Banette|Banette-Mega, M|89\/100\n|move|p1a: \u9b3c\u65af|Shell Smash|p1a: \u9b3c\u65af\n|-unboost|p1a: \u9b3c\u65af|def|1\n|-unboost|p1a: \u9b3c\u65af|spd|1\n|-boost|p1a: \u9b3c\u65af|atk|2\n|-boost|p1a: \u9b3c\u65af|spa|2\n|-boost|p1a: \u9b3c\u65af|spe|2\n|\n|upkeep\n|turn|31\n|\n|t:|1700385253\n|move|p1a: \u9b3c\u65af|Ice Shard|p2a: Banette\n|-damage|p2a: Banette|27\/100\n|move|p2a: Banette|Encore|p1a: \u9b3c\u65af\n|-start|p1a: \u9b3c\u65af|Encore\n|\n|upkeep\n|turn|32\n|\n|t:|1700385270\n|move|p1a: \u9b3c\u65af|Ice Shard|p2a: Banette\n|-damage|p2a: Banette|0 fnt\n|faint|p2a: Banette\n|\n|upkeep\n|\n|t:|1700385274\n|switch|p2a: Tyranitar|Tyranitar, M|52\/100\n|-weather|Sandstorm|[from] ability: Sand Stream|[of] p2a: Tyranitar\n|turn|33\n|\n|t:|1700385280\n|switch|p1a: \u56e1\u56e1|Umbreon, F, tera:Poison|100\/100\n|-damage|p1a: \u56e1\u56e1|88\/100|[from] Stealth Rock\n|move|p2a: Tyranitar|Earthquake|p1a: \u56e1\u56e1\n|-supereffective|p1a: \u56e1\u56e1\n|-crit|p1a: \u56e1\u56e1\n|-damage|p1a: \u56e1\u56e1|31\/100\n|\n|-weather|Sandstorm|[upkeep]\n|-damage|p1a: \u56e1\u56e1|25\/100|[from] Sandstorm\n|-heal|p1a: \u56e1\u56e1|31\/100|[from] item: Leftovers\n|upkeep\n|turn|34\n|\n|t:|1700385285\n|move|p2a: Tyranitar|Earthquake|p1a: \u56e1\u56e1\n|-supereffective|p1a: \u56e1\u56e1\n|-damage|p1a: \u56e1\u56e1|0 fnt\n|faint|p1a: \u56e1\u56e1\n|\n|-weather|Sandstorm|[upkeep]\n|upkeep\n|\n|t:|1700385288\n|switch|p1a: \u9b3c\u65af|Cloyster, M|76\/100\n|-damage|p1a: \u9b3c\u65af|51\/100|[from] Stealth Rock\n|turn|35\n|\n|t:|1700385297\n|move|p2a: Tyranitar|Flamethrower|p1a: \u9b3c\u65af\n|-damage|p1a: \u9b3c\u65af|0 fnt\n|faint|p1a: \u9b3c\u65af\n|\n|win|csb1123\n|raw|As cheu's rating: 1707 &rarr; <strong>1683<\/strong><br \/>(-24 for losing)\n|raw|csb1123's rating: 1628 &rarr; <strong>1652<\/strong><br \/>(+24 for winning)\n|l|\u2606As cheu\n","uploadtime":1700385304,"views":13,"p1id":"ascheu","p2id":"csb1123","formatid":"gen9nationaldex","rating":1652,"private":0,"password":""}