{"id":"gen9nationaldex-1999531698","p1":"Lampras2008","p2":"Showdown-Shelgon","format":"[Gen 9] National Dex","log":"|html|<div class=\"broadcast-blue\"><strong>[Gen 9] National Dex is currently suspecting Sneasler! For information on how to participate check out the <a href=\"https:\/\/www.smogon.com\/forums\/threads\/sv-national-dex-suspect-8-just-dance.3731534\/\">suspect thread<\/a>.<\/strong><\/div>\n|j|\u2606Lampras2008\n|j|\u2606Showdown-Shelgon\n|t:|1701093205\n|gametype|singles\n|player|p1|Lampras2008|nate|1151\n|player|p2|Showdown-Shelgon|unknown|1052\n|teamsize|p1|6\n|teamsize|p2|6\n|gen|9\n|tier|[Gen 9] National Dex\n|rated|\n|rule|HP Percentage Mod: HP is shown in percentages\n|rule|Endless Battle Clause: Forcing endless battles is banned\n|rule|OHKO Clause: OHKO moves are banned\n|rule|Evasion Clause: Evasion abilities, items, and moves are banned\n|rule|Evasion Abilities Clause: Evasion abilities are banned\n|rule|Evasion Items Clause: Evasion items are banned\n|rule|Evasion Moves Clause: Evasion moves are banned\n|rule|Species Clause: Limit one of each Pok\u00e9mon\n|rule|Sleep Clause Mod: Limit one foe put to sleep\n|clearpoke\n|poke|p1|Latios, M|\n|poke|p1|Gliscor, F|\n|poke|p1|Alomomola, F|\n|poke|p1|Excadrill, F|\n|poke|p1|Cinderace, M|\n|poke|p1|Zamazenta-*|\n|poke|p2|Jolteon, M|\n|poke|p2|Umbreon, F|\n|poke|p2|Vaporeon, M|\n|poke|p2|Sylveon, F|\n|poke|p2|Espeon, F|\n|poke|p2|Leafeon, F|\n|teampreview\n|inactive|Battle timer is ON: inactive players will automatically lose when time's up. (requested by Lampras2008)\n|c|\u2606Lampras2008|looks like a troll team\n|\n|t:|1701093224\n|start\n|switch|p1a: Gliscor|Gliscor, F, shiny|100\/100\n|switch|p2a: Blitzeinschlag|Jolteon, M|100\/100\n|turn|1\n|\n|t:|1701093229\n|move|p2a: Blitzeinschlag|Hidden Power|p1a: Gliscor\n|-supereffective|p1a: Gliscor\n|-damage|p1a: Gliscor|0 fnt\n|faint|p1a: Gliscor\n|\n|upkeep\n|c|\u2606Showdown-Shelgon|Si\n|c|\u2606Lampras2008|bruh\n|c|\u2606Lampras2008|fk\n|\n|t:|1701093239\n|switch|p1a: Cinderace|Cinderace, M|100\/100\n|turn|2\n|\n|t:|1701093243\n|switch|p2a: Tiefsee|Vaporeon, M|100\/100\n|move|p1a: Cinderace|Pyro Ball|p2a: Tiefsee\n|-resisted|p2a: Tiefsee\n|-damage|p2a: Tiefsee|52\/100\n|\n|upkeep\n|turn|3\n|\n|t:|1701093251\n|-terastallize|p1a: Cinderace|Fire\n|move|p1a: Cinderace|Pyro Ball|p2a: Tiefsee\n|-resisted|p2a: Tiefsee\n|-damage|p2a: Tiefsee|0 fnt\n|faint|p2a: Tiefsee\n|\n|upkeep\n|\n|t:|1701093264\n|switch|p2a: Mitternacht|Umbreon, F, shiny|100\/100\n|turn|4\n|\n|t:|1701093268\n|switch|p1a: Alomomola|Alomomola, F|100\/100\n|move|p2a: Mitternacht|Curse|p2a: Mitternacht\n|-unboost|p2a: Mitternacht|spe|1\n|-boost|p2a: Mitternacht|atk|1\n|-boost|p2a: Mitternacht|def|1\n|\n|upkeep\n|turn|5\n|inactive|Showdown-Shelgon has 120 seconds left.\n|\n|t:|1701093305\n|-terastallize|p2a: Mitternacht|Steel\n|move|p1a: Alomomola|Toxic|p2a: Mitternacht\n|-immune|p2a: Mitternacht\n|move|p2a: Mitternacht|Toxic|p1a: Alomomola\n|-status|p1a: Alomomola|tox\n|\n|-damage|p1a: Alomomola|94\/100 tox|[from] psn\n|upkeep\n|turn|6\n|\n|t:|1701093309\n|move|p1a: Alomomola|Flip Turn|p2a: Mitternacht\n|-damage|p2a: Mitternacht|91\/100\n|\n|t:|1701093313\n|switch|p1a: Excadrill|Excadrill, F|100\/100|[from] Flip Turn\n|-ability|p1a: Excadrill|Mold Breaker\n|move|p2a: Mitternacht|Curse|p2a: Mitternacht\n|-unboost|p2a: Mitternacht|spe|1\n|-boost|p2a: Mitternacht|atk|1\n|-boost|p2a: Mitternacht|def|1\n|\n|-heal|p2a: Mitternacht|97\/100|[from] item: Leftovers\n|upkeep\n|turn|7\n|\n|t:|1701093318\n|move|p1a: Excadrill|Earthquake|p2a: Mitternacht\n|-supereffective|p2a: Mitternacht\n|-damage|p2a: Mitternacht|51\/100\n|move|p2a: Mitternacht|Curse|p2a: Mitternacht\n|-unboost|p2a: Mitternacht|spe|1\n|-boost|p2a: Mitternacht|atk|1\n|-boost|p2a: Mitternacht|def|1\n|\n|-heal|p2a: Mitternacht|57\/100|[from] item: Leftovers\n|upkeep\n|turn|8\n|\n|t:|1701093321\n|move|p1a: Excadrill|Earthquake|p2a: Mitternacht\n|-supereffective|p2a: Mitternacht\n|-damage|p2a: Mitternacht|21\/100\n|move|p2a: Mitternacht|Moonlight|p2a: Mitternacht\n|-heal|p2a: Mitternacht|71\/100\n|\n|-heal|p2a: Mitternacht|77\/100|[from] item: Leftovers\n|upkeep\n|turn|9\n|\n|t:|1701093323\n|move|p1a: Excadrill|Earthquake|p2a: Mitternacht\n|-supereffective|p2a: Mitternacht\n|-damage|p2a: Mitternacht|42\/100\n|move|p2a: Mitternacht|Curse|p2a: Mitternacht\n|-unboost|p2a: Mitternacht|spe|1\n|-boost|p2a: Mitternacht|atk|1\n|-boost|p2a: Mitternacht|def|1\n|\n|-heal|p2a: Mitternacht|48\/100|[from] item: Leftovers\n|upkeep\n|turn|10\n|\n|t:|1701093326\n|move|p1a: Excadrill|Earthquake|p2a: Mitternacht\n|-supereffective|p2a: Mitternacht\n|-damage|p2a: Mitternacht|14\/100\n|move|p2a: Mitternacht|Moonlight|p2a: Mitternacht\n|-heal|p2a: Mitternacht|64\/100\n|\n|-heal|p2a: Mitternacht|70\/100|[from] item: Leftovers\n|upkeep\n|turn|11\n|\n|t:|1701093327\n|move|p1a: Excadrill|Earthquake|p2a: Mitternacht\n|-supereffective|p2a: Mitternacht\n|-damage|p2a: Mitternacht|37\/100\n|move|p2a: Mitternacht|Curse|p2a: Mitternacht\n|-unboost|p2a: Mitternacht|spe|1\n|-boost|p2a: Mitternacht|atk|1\n|-boost|p2a: Mitternacht|def|1\n|\n|-heal|p2a: Mitternacht|43\/100|[from] item: Leftovers\n|upkeep\n|turn|12\n|\n|t:|1701093329\n|move|p1a: Excadrill|Earthquake|p2a: Mitternacht\n|-supereffective|p2a: Mitternacht\n|-damage|p2a: Mitternacht|15\/100\n|move|p2a: Mitternacht|Moonlight|p2a: Mitternacht\n|-heal|p2a: Mitternacht|65\/100\n|\n|-heal|p2a: Mitternacht|71\/100|[from] item: Leftovers\n|upkeep\n|turn|13\n|\n|t:|1701093333\n|move|p1a: Excadrill|Earthquake|p2a: Mitternacht\n|-supereffective|p2a: Mitternacht\n|-damage|p2a: Mitternacht|42\/100\n|move|p2a: Mitternacht|Curse|p2a: Mitternacht\n|-unboost|p2a: Mitternacht|spe|1\n|-boost|p2a: Mitternacht|atk|1\n|-boost|p2a: Mitternacht|def|1\n|\n|-heal|p2a: Mitternacht|48\/100|[from] item: Leftovers\n|upkeep\n|turn|14\n|\n|t:|1701093336\n|move|p1a: Excadrill|Earthquake|p2a: Mitternacht\n|-supereffective|p2a: Mitternacht\n|-damage|p2a: Mitternacht|25\/100\n|move|p2a: Mitternacht|Moonlight|p2a: Mitternacht\n|-heal|p2a: Mitternacht|75\/100\n|\n|-heal|p2a: Mitternacht|81\/100|[from] item: Leftovers\n|upkeep\n|turn|15\n|\n|t:|1701093338\n|move|p1a: Excadrill|Earthquake|p2a: Mitternacht\n|-supereffective|p2a: Mitternacht\n|-damage|p2a: Mitternacht|56\/100\n|move|p2a: Mitternacht|Assurance|p1a: Excadrill\n|-damage|p1a: Excadrill|18\/100\n|\n|-heal|p2a: Mitternacht|62\/100|[from] item: Leftovers\n|upkeep\n|turn|16\n|\n|t:|1701093342\n|move|p1a: Excadrill|Earthquake|p2a: Mitternacht\n|-supereffective|p2a: Mitternacht\n|-damage|p2a: Mitternacht|38\/100\n|move|p2a: Mitternacht|Moonlight|p2a: Mitternacht\n|-heal|p2a: Mitternacht|88\/100\n|\n|-heal|p2a: Mitternacht|94\/100|[from] item: Leftovers\n|upkeep\n|turn|17\n|c|\u2606Lampras2008|doesnt matter\n|\n|t:|1701093347\n|move|p1a: Excadrill|Earthquake|p2a: Mitternacht\n|-supereffective|p2a: Mitternacht\n|-damage|p2a: Mitternacht|71\/100\n|move|p2a: Mitternacht|Assurance|p1a: Excadrill\n|-damage|p1a: Excadrill|0 fnt\n|faint|p1a: Excadrill\n|\n|-heal|p2a: Mitternacht|77\/100|[from] item: Leftovers\n|upkeep\n|\n|t:|1701093350\n|switch|p1a: Latios|Latios, M, shiny|100\/100\n|turn|18\n|c|\u2606Showdown-Shelgon|Hey \ud83d\ude01 a good friend of mine has a small YT channel where there are Pok\u00e9mon videos. I would be happy if you take a look \u263a\ufe0f\n|c|\u2606Showdown-Shelgon|https:\/\/youtu.be\/g0JrcNRKkYY?si=HKCdwIw1a-GVcdzj\n|\n|t:|1701093362\n|detailschange|p1a: Latios|Latios-Mega, M, shiny\n|-mega|p1a: Latios|Latios|Latiosite\n|move|p1a: Latios|Thunderbolt|p2a: Mitternacht\n|-damage|p2a: Mitternacht|59\/100\n|move|p2a: Mitternacht|Assurance|p1a: Latios\n|-supereffective|p1a: Latios\n|-damage|p1a: Latios|0 fnt\n|faint|p1a: Latios\n|\n|-heal|p2a: Mitternacht|65\/100|[from] item: Leftovers\n|upkeep\n|c|\u2606Lampras2008|ok\n|c|\u2606Lampras2008|ok that does matter\n|c|\u2606Showdown-Shelgon|Thx\n|\n|t:|1701093377\n|switch|p1a: Zamazenta|Zamazenta|100\/100\n|-ability|p1a: Zamazenta|Dauntless Shield|boost\n|-boost|p1a: Zamazenta|def|1\n|turn|19\n|\n|t:|1701093384\n|move|p1a: Zamazenta|Iron Defense|p1a: Zamazenta\n|-boost|p1a: Zamazenta|def|2\n|move|p2a: Mitternacht|Toxic|p1a: Zamazenta|[miss]\n|-miss|p2a: Mitternacht|p1a: Zamazenta\n|\n|-heal|p2a: Mitternacht|71\/100|[from] item: Leftovers\n|upkeep\n|turn|20\n|\n|t:|1701093388\n|move|p1a: Zamazenta|Body Press|p2a: Mitternacht\n|-supereffective|p2a: Mitternacht\n|-damage|p2a: Mitternacht|42\/100\n|move|p2a: Mitternacht|Toxic|p1a: Zamazenta\n|-status|p1a: Zamazenta|tox\n|\n|-heal|p2a: Mitternacht|48\/100|[from] item: Leftovers\n|-damage|p1a: Zamazenta|94\/100 tox|[from] psn\n|upkeep\n|turn|21\n|\n|t:|1701093392\n|move|p1a: Zamazenta|Iron Defense|p1a: Zamazenta\n|-boost|p1a: Zamazenta|def|2\n|move|p2a: Mitternacht|Moonlight|p2a: Mitternacht\n|-heal|p2a: Mitternacht|98\/100\n|\n|-heal|p1a: Zamazenta|100\/100 tox|[from] item: Leftovers\n|-heal|p2a: Mitternacht|100\/100|[from] item: Leftovers\n|-damage|p1a: Zamazenta|88\/100 tox|[from] psn\n|upkeep\n|turn|22\n|\n|t:|1701093395\n|move|p1a: Zamazenta|Body Press|p2a: Mitternacht\n|-supereffective|p2a: Mitternacht\n|-damage|p2a: Mitternacht|60\/100\n|move|p2a: Mitternacht|Moonlight|p2a: Mitternacht\n|-heal|p2a: Mitternacht|100\/100\n|\n|-heal|p1a: Zamazenta|94\/100 tox|[from] item: Leftovers\n|-damage|p1a: Zamazenta|76\/100 tox|[from] psn\n|upkeep\n|turn|23\n|\n|t:|1701093398\n|move|p1a: Zamazenta|Body Press|p2a: Mitternacht\n|-supereffective|p2a: Mitternacht\n|-damage|p2a: Mitternacht|54\/100\n|move|p2a: Mitternacht|Assurance|p1a: Zamazenta\n|-resisted|p1a: Zamazenta\n|-damage|p1a: Zamazenta|70\/100 tox\n|\n|-heal|p1a: Zamazenta|76\/100 tox|[from] item: Leftovers\n|-heal|p2a: Mitternacht|60\/100|[from] item: Leftovers\n|-damage|p1a: Zamazenta|51\/100 tox|[from] psn\n|upkeep\n|turn|24\n|\n|t:|1701093401\n|move|p1a: Zamazenta|Iron Defense|p1a: Zamazenta\n|-boost|p1a: Zamazenta|def|1\n|move|p2a: Mitternacht|Moonlight|p2a: Mitternacht\n|-heal|p2a: Mitternacht|100\/100\n|\n|-heal|p1a: Zamazenta|57\/100 tox|[from] item: Leftovers\n|-damage|p1a: Zamazenta|26\/100 tox|[from] psn\n|upkeep\n|turn|25\n|\n|t:|1701093403\n|switch|p1a: Alomomola|Alomomola, F|100\/100 tox\n|move|p2a: Mitternacht|Assurance|p1a: Alomomola\n|-damage|p1a: Alomomola|69\/100 tox\n|\n|-heal|p1a: Alomomola|75\/100 tox|[from] item: Leftovers\n|-damage|p1a: Alomomola|69\/100 tox|[from] psn\n|upkeep\n|turn|26\n|\n|t:|1701093407\n|move|p1a: Alomomola|Wish|p1a: Alomomola\n|move|p2a: Mitternacht|Assurance|p1a: Alomomola\n|-damage|p1a: Alomomola|36\/100 tox\n|\n|-heal|p1a: Alomomola|42\/100 tox|[from] item: Leftovers\n|-damage|p1a: Alomomola|29\/100 tox|[from] psn\n|upkeep\n|turn|27\n|\n|t:|1701093413\n|move|p1a: Alomomola|Protect|p1a: Alomomola\n|-singleturn|p1a: Alomomola|Protect\n|move|p2a: Mitternacht|Assurance|p1a: Alomomola\n|-activate|p1a: Alomomola|move: Protect\n|\n|-heal|p1a: Alomomola|79\/100 tox|[from] move: Wish|[wisher] Alomomola\n|-heal|p1a: Alomomola|86\/100 tox|[from] item: Leftovers\n|-damage|p1a: Alomomola|67\/100 tox|[from] psn\n|upkeep\n|turn|28\n|\n|t:|1701093416\n|move|p1a: Alomomola|Wish|p1a: Alomomola\n|move|p2a: Mitternacht|Assurance|p1a: Alomomola\n|-damage|p1a: Alomomola|36\/100 tox\n|\n|-heal|p1a: Alomomola|42\/100 tox|[from] item: Leftovers\n|-damage|p1a: Alomomola|17\/100 tox|[from] psn\n|upkeep\n|turn|29\n|\n|t:|1701093419\n|move|p1a: Alomomola|Flip Turn|p2a: Mitternacht\n|-damage|p2a: Mitternacht|97\/100\n|\n|t:|1701093422\n|switch|p1a: Zamazenta|Zamazenta|26\/100 tox|[from] Flip Turn\n|move|p2a: Mitternacht|Assurance|p1a: Zamazenta\n|-resisted|p1a: Zamazenta\n|-damage|p1a: Zamazenta|4\/100 tox\n|\n|-heal|p1a: Zamazenta|73\/100 tox|[from] move: Wish|[wisher] Alomomola\n|-heal|p1a: Zamazenta|79\/100 tox|[from] item: Leftovers\n|-heal|p2a: Mitternacht|100\/100|[from] item: Leftovers\n|-damage|p1a: Zamazenta|73\/100 tox|[from] psn\n|upkeep\n|turn|30\n|\n|t:|1701093431\n|move|p1a: Zamazenta|Iron Defense|p1a: Zamazenta\n|-boost|p1a: Zamazenta|def|2\n|move|p2a: Mitternacht|Assurance|p1a: Zamazenta\n|-resisted|p1a: Zamazenta\n|-damage|p1a: Zamazenta|62\/100 tox\n|\n|-heal|p1a: Zamazenta|69\/100 tox|[from] item: Leftovers\n|-damage|p1a: Zamazenta|56\/100 tox|[from] psn\n|upkeep\n|turn|31\n|\n|t:|1701093434\n|move|p1a: Zamazenta|Body Press|p2a: Mitternacht\n|-supereffective|p2a: Mitternacht\n|-damage|p2a: Mitternacht|78\/100\n|move|p2a: Mitternacht|Assurance|p1a: Zamazenta\n|-resisted|p1a: Zamazenta\n|-damage|p1a: Zamazenta|46\/100 tox\n|\n|-heal|p1a: Zamazenta|52\/100 tox|[from] item: Leftovers\n|-heal|p2a: Mitternacht|84\/100|[from] item: Leftovers\n|-damage|p1a: Zamazenta|33\/100 tox|[from] psn\n|upkeep\n|turn|32\n|c|\u2606Lampras2008|ok i need a super strong sp attacker\n|-message|Lampras2008 forfeited.\n|\n|win|Showdown-Shelgon\n|raw|Lampras2008's rating: 1151 &rarr; <strong>1119<\/strong><br \/>(-32 for losing)\n|raw|Showdown-Shelgon's rating: 1052 &rarr; <strong>1093<\/strong><br \/>(+41 for winning)\n|l|\u2606Lampras2008\n","uploadtime":1701093458,"views":1,"p1id":"lampras2008","p2id":"showdownshelgon","formatid":"gen9nationaldex","rating":1093,"private":0,"password":""}