{"id":"gen9nationaldex-1995906193","p1":"Lex_88","p2":"Maxer59","format":"[Gen 9] National Dex","log":"|html|<div class=\"broadcast-blue\"><strong>[Gen 9] National Dex is currently suspecting Sneasler! For information on how to participate check out the <a href=\"https:\/\/www.smogon.com\/forums\/threads\/sv-national-dex-suspect-8-just-dance.3731534\/\">suspect thread<\/a>.<\/strong><\/div>\n|j|\u2606Lex_88\n|j|\u2606Maxer59\n|t:|1700615924\n|gametype|singles\n|player|p1|Lex_88|acetrainer-gen4|1256\n|player|p2|Maxer59|lucas|1251\n|teamsize|p1|6\n|teamsize|p2|6\n|gen|9\n|tier|[Gen 9] National Dex\n|rated|\n|rule|HP Percentage Mod: HP is shown in percentages\n|rule|Endless Battle Clause: Forcing endless battles is banned\n|rule|OHKO Clause: OHKO moves are banned\n|rule|Evasion Clause: Evasion abilities, items, and moves are banned\n|rule|Evasion Abilities Clause: Evasion abilities are banned\n|rule|Evasion Items Clause: Evasion items are banned\n|rule|Evasion Moves Clause: Evasion moves are banned\n|rule|Species Clause: Limit one of each Pok\u00e9mon\n|rule|Sleep Clause Mod: Limit one foe put to sleep\n|clearpoke\n|poke|p1|Iron Moth|\n|poke|p1|Glimmora, M|\n|poke|p1|Crobat, M|\n|poke|p1|Venusaur, M|\n|poke|p1|Toxapex, M|\n|poke|p1|Muk-Alola, M|\n|poke|p2|Pikachu, F|\n|poke|p2|Gallade, M|\n|poke|p2|Crawdaunt, M|\n|poke|p2|Tornadus-Therian, M|\n|poke|p2|Keldeo-Resolute|\n|poke|p2|Ribombee, F|\n|teampreview\n|inactive|Battle timer is ON: inactive players will automatically lose when time's up. (requested by Lex_88)\n|inactive|Maxer59 also wants the timer to be on.\n|\n|t:|1700615935\n|start\n|switch|p1a: Crobat|Crobat, M|100\/100\n|switch|p2a: Keldeo|Keldeo-Resolute|100\/100\n|turn|1\n|\n|t:|1700615942\n|move|p1a: Crobat|Dual Wingbeat|p2a: Keldeo\n|-supereffective|p2a: Keldeo\n|-damage|p2a: Keldeo|52\/100\n|-supereffective|p2a: Keldeo\n|-damage|p2a: Keldeo|0 fnt\n|faint|p2a: Keldeo\n|-hitcount|p2: Keldeo|2\n|-damage|p1a: Crobat|91\/100|[from] item: Life Orb\n|\n|upkeep\n|\n|t:|1700615949\n|switch|p2a: PikaGOD|Pikachu, F|100\/100\n|turn|2\n|\n|t:|1700615957\n|move|p2a: PikaGOD|Fake Out|p1a: Crobat\n|-crit|p1a: Crobat\n|-damage|p1a: Crobat|53\/100\n|cant|p1a: Crobat|flinch\n|\n|upkeep\n|turn|3\n|\n|t:|1700615964\n|move|p2a: PikaGOD|Extreme Speed|p1a: Crobat\n|-damage|p1a: Crobat|10\/100\n|move|p1a: Crobat|U-turn|p2a: PikaGOD\n|-damage|p2a: PikaGOD|21\/100\n|-damage|p1a: Crobat|0 fnt|[from] item: Life Orb\n|faint|p1a: Crobat\n|\n|upkeep\n|inactive|Lex_88 has 120 seconds left.\n|c|\u2606Lex_88|When tf did he get extreme speed\n|\n|t:|1700616004\n|switch|p1a: Glimmora|Glimmora, M|100\/100\n|turn|4\n|inactive|Lex_88 has 120 seconds left.\n|\n|t:|1700616017\n|switch|p2a: Peak of evolution|Crawdaunt, M|100\/100\n|move|p1a: Glimmora|Stealth Rock|p2a: Peak of evolution\n|-sidestart|p2: Maxer59|move: Stealth Rock\n|\n|upkeep\n|turn|5\n|\n|t:|1700616026\n|move|p2a: Peak of evolution|Crabhammer|p1a: Glimmora\n|-supereffective|p1a: Glimmora\n|-enditem|p1a: Glimmora|Focus Sash\n|-damage|p1a: Glimmora|1\/100\n|-activate|p1a: Glimmora|ability: Toxic Debris\n|-sidestart|p2: Maxer59|move: Toxic Spikes\n|move|p1a: Glimmora|Sludge Wave|p2a: Peak of evolution\n|-damage|p2a: Peak of evolution|6\/100\n|\n|upkeep\n|turn|6\n|\n|t:|1700616038\n|move|p2a: Peak of evolution|Crabhammer|p1a: Glimmora\n|-supereffective|p1a: Glimmora\n|-damage|p1a: Glimmora|0 fnt\n|-activate|p1a: Glimmora|ability: Toxic Debris\n|-sidestart|p2: Maxer59|move: Toxic Spikes\n|faint|p1a: Glimmora\n|\n|upkeep\n|inactive|Lex_88 has 120 seconds left.\n|\n|t:|1700616050\n|switch|p1a: Toxapex|Toxapex, M, shiny|100\/100\n|turn|7\n|\n|t:|1700616054\n|move|p2a: Peak of evolution|Crabhammer|p1a: Toxapex|[miss]\n|-miss|p2a: Peak of evolution|p1a: Toxapex\n|move|p1a: Toxapex|Surf|p2a: Peak of evolution\n|-resisted|p2a: Peak of evolution\n|-damage|p2a: Peak of evolution|0 fnt\n|faint|p2a: Peak of evolution\n|\n|upkeep\n|\n|t:|1700616061\n|switch|p2a: Tornadus|Tornadus-Therian, M|100\/100\n|-damage|p2a: Tornadus|75\/100|[from] Stealth Rock\n|turn|8\n|\n|t:|1700616071\n|move|p2a: Tornadus|Defog|p1a: Toxapex\n|-unboost|p1a: Toxapex|evasion|1\n|-sideend|p2: Maxer59|Toxic Spikes|[from] move: Defog|[of] p2a: Tornadus\n|-sideend|p2: Maxer59|Stealth Rock|[from] move: Defog|[of] p2a: Tornadus\n|move|p1a: Toxapex|Toxic|p2a: Tornadus\n|-status|p2a: Tornadus|tox\n|\n|-damage|p2a: Tornadus|69\/100 tox|[from] psn\n|upkeep\n|turn|9\n|\n|t:|1700616083\n|move|p2a: Tornadus|Knock Off|p1a: Toxapex\n|-damage|p1a: Toxapex|89\/100\n|-enditem|p1a: Toxapex|Covert Cloak|[from] move: Knock Off|[of] p2a: Tornadus\n|move|p1a: Toxapex|Recover|p1a: Toxapex\n|-heal|p1a: Toxapex|100\/100\n|\n|-damage|p2a: Tornadus|57\/100 tox|[from] psn\n|upkeep\n|turn|10\n|\n|t:|1700616094\n|move|p2a: Tornadus|U-turn|p1a: Toxapex\n|-resisted|p1a: Toxapex\n|-damage|p1a: Toxapex|96\/100\n|\n|t:|1700616101\n|switch|p2a: Ribombee|Ribombee, F|100\/100|[from] U-turn\n|move|p1a: Toxapex|Surf|p2a: Ribombee\n|-damage|p2a: Ribombee|69\/100\n|\n|upkeep\n|turn|11\n|\n|t:|1700616111\n|move|p2a: Ribombee|Sticky Web|p1a: Toxapex\n|-sidestart|p1: Lex_88|move: Sticky Web\n|move|p1a: Toxapex|Toxic|p2a: Ribombee\n|-status|p2a: Ribombee|tox\n|\n|-damage|p2a: Ribombee|63\/100 tox|[from] psn\n|upkeep\n|turn|12\n|\n|t:|1700616119\n|move|p2a: Ribombee|Stun Spore|p1a: Toxapex\n|-status|p1a: Toxapex|par\n|move|p1a: Toxapex|Surf|p2a: Ribombee\n|-damage|p2a: Ribombee|30\/100 tox\n|\n|-damage|p2a: Ribombee|17\/100 tox|[from] psn\n|upkeep\n|turn|13\n|\n|t:|1700616127\n|move|p2a: Ribombee|Bug Buzz|p1a: Toxapex\n|-resisted|p1a: Toxapex\n|-damage|p1a: Toxapex|79\/100 par\n|move|p1a: Toxapex|Surf|p2a: Ribombee\n|-damage|p2a: Ribombee|0 fnt\n|faint|p2a: Ribombee\n|\n|upkeep\n|\n|t:|1700616135\n|switch|p2a: PikaGOD|Pikachu, F|21\/100\n|turn|14\n|\n|t:|1700616141\n|move|p2a: PikaGOD|Fake Out|p1a: Toxapex\n|-damage|p1a: Toxapex|68\/100 par\n|cant|p1a: Toxapex|flinch\n|\n|upkeep\n|turn|15\n|\n|t:|1700616146\n|move|p2a: PikaGOD|Volt Switch|p1a: Toxapex\n|-supereffective|p1a: Toxapex\n|-damage|p1a: Toxapex|28\/100 par\n|\n|t:|1700616150\n|switch|p2a: Excalibur is ZZZ|Gallade, M|100\/100|[from] Volt Switch\n|cant|p1a: Toxapex|par\n|\n|upkeep\n|turn|16\n|\n|t:|1700616162\n|move|p2a: Excalibur is ZZZ|Night Slash|p1a: Toxapex\n|-crit|p1a: Toxapex\n|-damage|p1a: Toxapex|0 fnt\n|faint|p1a: Toxapex\n|\n|upkeep\n|\n|t:|1700616171\n|switch|p1a: Muk|Muk-Alola, M, shiny|100\/100\n|-activate|p1a: Muk|move: Sticky Web\n|-unboost|p1a: Muk|spe|1\n|turn|17\n|\n|t:|1700616176\n|switch|p2a: Tornadus|Tornadus-Therian, M|91\/100 tox\n|move|p1a: Muk|Knock Off|p2a: Tornadus\n|-damage|p2a: Tornadus|29\/100 tox\n|-enditem|p2a: Tornadus|Eject Button|[from] move: Knock Off|[of] p1a: Muk\n|\n|-damage|p2a: Tornadus|23\/100 tox|[from] psn\n|upkeep\n|turn|18\n|\n|t:|1700616188\n|move|p2a: Tornadus|Knock Off|p1a: Muk\n|-resisted|p1a: Muk\n|-crit|p1a: Muk\n|-damage|p1a: Muk|85\/100\n|-enditem|p1a: Muk|Assault Vest|[from] move: Knock Off|[of] p2a: Tornadus\n|move|p1a: Muk|Knock Off|p2a: Tornadus\n|-damage|p2a: Tornadus|0 fnt\n|faint|p2a: Tornadus\n|\n|upkeep\n|\n|t:|1700616193\n|switch|p2a: PikaGOD|Pikachu, F|21\/100\n|turn|19\n|\n|t:|1700616200\n|-terastallize|p2a: PikaGOD|Normal\n|move|p2a: PikaGOD|Fake Out|p1a: Muk\n|-damage|p1a: Muk|55\/100\n|cant|p1a: Muk|flinch\n|\n|upkeep\n|turn|20\n|\n|t:|1700616207\n|move|p2a: PikaGOD|Extreme Speed|p1a: Muk\n|-damage|p1a: Muk|0 fnt\n|faint|p1a: Muk\n|\n|upkeep\n|\n|t:|1700616215\n|switch|p1a: Venusaur|Venusaur, M|100\/100\n|-activate|p1a: Venusaur|move: Sticky Web\n|-unboost|p1a: Venusaur|spe|1\n|turn|21\n|\n|t:|1700616226\n|detailschange|p1a: Venusaur|Venusaur-Mega, M\n|-mega|p1a: Venusaur|Venusaur|Venusaurite\n|move|p2a: PikaGOD|Extreme Speed|p1a: Venusaur\n|-damage|p1a: Venusaur|61\/100\n|move|p1a: Venusaur|Giga Drain|p2a: PikaGOD\n|-damage|p2a: PikaGOD|0 fnt\n|-heal|p1a: Venusaur|67\/100|[from] drain|[of] p2a: PikaGOD\n|faint|p2a: PikaGOD\n|\n|upkeep\n|\n|t:|1700616231\n|switch|p2a: Excalibur is ZZZ|Gallade, M|100\/100\n|turn|22\n|\n|t:|1700616240\n|move|p2a: Excalibur is ZZZ|Psycho Cut|p1a: Venusaur\n|-supereffective|p1a: Venusaur\n|-damage|p1a: Venusaur|0 fnt\n|faint|p1a: Venusaur\n|\n|upkeep\n|\n|t:|1700616245\n|switch|p1a: Iron Moth|Iron Moth|100\/100\n|-activate|p1a: Iron Moth|move: Sticky Web\n|-unboost|p1a: Iron Moth|spe|1\n|-enditem|p1a: Iron Moth|Booster Energy\n|-activate|p1a: Iron Moth|ability: Quark Drive|[fromitem]\n|-start|p1a: Iron Moth|quarkdrivespa\n|turn|23\n|\n|t:|1700616258\n|-terastallize|p1a: Iron Moth|Fairy\n|move|p2a: Excalibur is ZZZ|Psycho Cut|p1a: Iron Moth\n|-crit|p1a: Iron Moth\n|-damage|p1a: Iron Moth|0 fnt\n|faint|p1a: Iron Moth\n|-end|p1a: Iron Moth|Quark Drive|[silent]\n|\n|win|Maxer59\n|raw|Lex_88's rating: 1256 &rarr; <strong>1231<\/strong><br \/>(-25 for losing)\n|raw|Maxer59's rating: 1251 &rarr; <strong>1276<\/strong><br \/>(+25 for winning)\n|c|\u2606Lex_88|Cheater\n","uploadtime":1700616272,"views":1,"p1id":"lex88","p2id":"maxer59","formatid":"gen9nationaldex","rating":1231,"private":0,"password":""}