{"id":"gen9nationaldex-1987386577","p1":"hackilla15","p2":"wgasewarty","format":"[Gen 9] National Dex","log":"|j|\u2606hackilla15\n|j|\u2606wgasewarty\n|t:|1699584788\n|gametype|singles\n|player|p1|hackilla15|ethan|1272\n|player|p2|wgasewarty|hilbert|1244\n|teamsize|p1|6\n|teamsize|p2|6\n|gen|9\n|tier|[Gen 9] National Dex\n|rated|\n|rule|HP Percentage Mod: HP is shown in percentages\n|rule|Endless Battle Clause: Forcing endless battles is banned\n|rule|OHKO Clause: OHKO moves are banned\n|rule|Evasion Clause: Evasion abilities, items, and moves are banned\n|rule|Evasion Abilities Clause: Evasion abilities are banned\n|rule|Evasion Items Clause: Evasion items are banned\n|rule|Evasion Moves Clause: Evasion moves are banned\n|rule|Species Clause: Limit one of each Pok\u00e9mon\n|rule|Sleep Clause Mod: Limit one foe put to sleep\n|clearpoke\n|poke|p1|Ludicolo, M|\n|poke|p1|Hawlucha, M|\n|poke|p1|Skeledirge, F|\n|poke|p1|Maractus, F|\n|poke|p1|Swampert, F|\n|poke|p1|Tauros-Paldea-Aqua, M|\n|poke|p2|Blaziken, F|\n|poke|p2|Enamorus, F|\n|poke|p2|Kleavor, F|\n|poke|p2|Emolga, F|\n|poke|p2|Crabominable, M|\n|poke|p2|Empoleon, F|\n|teampreview\n|\n|t:|1699584794\n|start\n|switch|p1a: Hawlucha|Hawlucha, M, shiny|100\/100\n|switch|p2a: Crabominable|Crabominable, M|100\/100\n|turn|1\n|\n|t:|1699584804\n|move|p1a: Hawlucha|Endure|p1a: Hawlucha\n|-singleturn|p1a: Hawlucha|move: Endure\n|move|p2a: Crabominable|Ice Spinner|p1a: Hawlucha\n|-supereffective|p1a: Hawlucha\n|-activate|p1a: Hawlucha|move: Endure\n|-damage|p1a: Hawlucha|1\/100\n|-enditem|p1a: Hawlucha|Weakness Policy\n|-boost|p1a: Hawlucha|atk|2|[from] item: Weakness Policy\n|-boost|p1a: Hawlucha|spa|2|[from] item: Weakness Policy\n|\n|upkeep\n|turn|2\n|\n|t:|1699584814\n|move|p1a: Hawlucha|Drain Punch|p2a: Crabominable\n|-supereffective|p2a: Crabominable\n|-damage|p2a: Crabominable|0 fnt\n|-heal|p1a: Hawlucha|56\/100|[from] drain|[of] p2a: Crabominable\n|faint|p2a: Crabominable\n|\n|upkeep\n|\n|t:|1699584823\n|switch|p2a: Blaziken|Blaziken, F|100\/100\n|turn|3\n|\n|t:|1699584827\n|move|p2a: Blaziken|Protect|p2a: Blaziken\n|-singleturn|p2a: Blaziken|Protect\n|move|p1a: Hawlucha|Acrobatics|p2a: Blaziken\n|-activate|p2a: Blaziken|move: Protect\n|\n|-ability|p2a: Blaziken|Speed Boost|boost\n|-boost|p2a: Blaziken|spe|1\n|upkeep\n|turn|4\n|\n|t:|1699584835\n|move|p1a: Hawlucha|Acrobatics|p2a: Blaziken\n|-supereffective|p2a: Blaziken\n|-damage|p2a: Blaziken|0 fnt\n|faint|p2a: Blaziken\n|\n|upkeep\n|\n|t:|1699584852\n|switch|p2a: Kleavor|Kleavor, F|100\/100\n|turn|5\n|\n|t:|1699584858\n|-terastallize|p2a: Kleavor|Ghost\n|move|p1a: Hawlucha|Drain Punch|p2a: Kleavor\n|-immune|p2a: Kleavor\n|move|p2a: Kleavor|Psycho Cut|p1a: Hawlucha\n|-supereffective|p1a: Hawlucha\n|-damage|p1a: Hawlucha|0 fnt\n|faint|p1a: Hawlucha\n|\n|upkeep\n|\n|t:|1699584871\n|switch|p1a: Maractus|Maractus, F, shiny|100\/100\n|turn|6\n|\n|t:|1699584874\n|move|p2a: Kleavor|Psycho Cut|p1a: Maractus\n|-damage|p1a: Maractus|47\/100\n|move|p1a: Maractus|Rain Dance|p1a: Maractus\n|-weather|RainDance\n|\n|-weather|RainDance|[upkeep]\n|upkeep\n|turn|7\n|\n|t:|1699584883\n|move|p1a: Maractus|Spiky Shield|p1a: Maractus\n|-singleturn|p1a: Maractus|move: Protect\n|move|p2a: Kleavor|Psycho Cut|p1a: Maractus\n|-activate|p1a: Maractus|move: Protect\n|\n|-weather|RainDance|[upkeep]\n|upkeep\n|turn|8\n|inactive|Battle timer is ON: inactive players will automatically lose when time's up. (requested by wgasewarty)\n|\n|t:|1699584891\n|move|p2a: Kleavor|Psycho Cut|p1a: Maractus\n|-damage|p1a: Maractus|0 fnt\n|faint|p1a: Maractus\n|\n|-weather|RainDance|[upkeep]\n|upkeep\n|\n|t:|1699584894\n|switch|p1a: Swampert|Swampert, F, shiny|100\/100\n|turn|9\n|\n|t:|1699584901\n|detailschange|p1a: Swampert|Swampert-Mega, F, shiny\n|-mega|p1a: Swampert|Swampert|Swampertite\n|move|p1a: Swampert|Waterfall|p2a: Kleavor\n|-damage|p2a: Kleavor|5\/100\n|move|p2a: Kleavor|Psycho Cut|p1a: Swampert\n|-damage|p1a: Swampert|52\/100\n|\n|-weather|RainDance|[upkeep]\n|upkeep\n|turn|10\n|\n|t:|1699584911\n|move|p1a: Swampert|Ice Punch|p2a: Kleavor\n|-damage|p2a: Kleavor|0 fnt\n|faint|p2a: Kleavor\n|\n|-weather|RainDance|[upkeep]\n|upkeep\n|\n|t:|1699584917\n|switch|p2a: Enamorus|Enamorus, F|100\/100\n|turn|11\n|\n|t:|1699584924\n|move|p1a: Swampert|Waterfall|p2a: Enamorus\n|-damage|p2a: Enamorus|0 fnt\n|faint|p2a: Enamorus\n|\n|-weather|RainDance|[upkeep]\n|upkeep\n|\n|t:|1699584926\n|switch|p2a: Empoleon|Empoleon, F|100\/100\n|turn|12\n|\n|t:|1699584933\n|move|p1a: Swampert|Earthquake|p2a: Empoleon\n|-supereffective|p2a: Empoleon\n|-damage|p2a: Empoleon|0 fnt\n|faint|p2a: Empoleon\n|\n|-weather|RainDance|[upkeep]\n|upkeep\n|\n|t:|1699584936\n|switch|p2a: Emolga|Emolga, F|100\/100\n|turn|13\n|\n|t:|1699584939\n|move|p1a: Swampert|Ice Punch|p2a: Emolga\n|-supereffective|p2a: Emolga\n|-damage|p2a: Emolga|0 fnt\n|faint|p2a: Emolga\n|\n|win|hackilla15\n|raw|hackilla15's rating: 1272 &rarr; <strong>1295<\/strong><br \/>(+23 for winning)\n|raw|wgasewarty's rating: 1244 &rarr; <strong>1221<\/strong><br \/>(-23 for losing)\n|l|\u2606wgasewarty\n","uploadtime":1699584946,"views":16,"p1id":"hackilla15","p2id":"wgasewarty","formatid":"gen9nationaldex","rating":1221,"private":0,"password":""}