{"id":"gen9nationaldex-1997622320","p1":"reallyblue","p2":"Dove6","format":"[Gen 9] National Dex","log":"|html|<div class=\"broadcast-blue\"><strong>[Gen 9] National Dex is currently suspecting Sneasler! For information on how to participate check out the <a href=\"https:\/\/www.smogon.com\/forums\/threads\/sv-national-dex-suspect-8-just-dance.3731534\/\">suspect thread<\/a>.<\/strong><\/div>\n|j|\u2606reallyblue\n|j|\u2606Dove6\n|t:|1700834172\n|gametype|singles\n|player|p1|reallyblue|cynthia-gen4|1520\n|player|p2|Dove6|hero2-conquest|1623\n|teamsize|p1|6\n|teamsize|p2|6\n|gen|9\n|tier|[Gen 9] National Dex\n|rated|\n|rule|HP Percentage Mod: HP is shown in percentages\n|rule|Endless Battle Clause: Forcing endless battles is banned\n|rule|OHKO Clause: OHKO moves are banned\n|rule|Evasion Clause: Evasion abilities, items, and moves are banned\n|rule|Evasion Abilities Clause: Evasion abilities are banned\n|rule|Evasion Items Clause: Evasion items are banned\n|rule|Evasion Moves Clause: Evasion moves are banned\n|rule|Species Clause: Limit one of each Pok\u00e9mon\n|rule|Sleep Clause Mod: Limit one foe put to sleep\n|clearpoke\n|poke|p1|Pinsir, F|\n|poke|p1|Zapdos|\n|poke|p1|Ogerpon-Wellspring, F|\n|poke|p1|Heatran, M|\n|poke|p1|Iron Valiant|\n|poke|p1|Great Tusk|\n|poke|p2|Weavile, M|\n|poke|p2|Landorus-Therian, M|\n|poke|p2|Zapdos|\n|poke|p2|Volcanion|\n|poke|p2|Ursaluna, M|\n|poke|p2|Kartana|\n|teampreview\n|inactive|Battle timer is ON: inactive players will automatically lose when time's up. (requested by reallyblue)\n|\n|t:|1700834192\n|start\n|switch|p1a: Great Tusk|Great Tusk|100\/100\n|switch|p2a: Weavile|Weavile, M, shiny|100\/100\n|-ability|p2a: Weavile|Pressure\n|turn|1\n|\n|t:|1700834199\n|-end|p1a: Great Tusk|Protosynthesis|[silent]\n|switch|p1a: Heatran|Heatran, M|100\/100\n|move|p2a: Weavile|Triple Axel|p1a: Heatran\n|-resisted|p1a: Heatran\n|-damage|p1a: Heatran|97\/100\n|-resisted|p1a: Heatran\n|-damage|p1a: Heatran|91\/100\n|-hitcount|p1a: Heatran|2\n|\n|-heal|p1a: Heatran|98\/100|[from] item: Leftovers\n|upkeep\n|turn|2\n|\n|t:|1700834209\n|switch|p2a: Volcanion|Volcanion|100\/100\n|move|p1a: Heatran|Magma Storm|p2a: Volcanion|[miss]\n|-miss|p1a: Heatran|p2a: Volcanion\n|\n|-heal|p1a: Heatran|100\/100|[from] item: Leftovers\n|upkeep\n|turn|3\n|\n|t:|1700834216\n|switch|p1a: Ogerpon|Ogerpon-Wellspring, F|100\/100\n|move|p2a: Volcanion|Toxic|p1a: Ogerpon\n|-status|p1a: Ogerpon|tox\n|\n|-damage|p1a: Ogerpon|95\/100 tox|[from] psn\n|upkeep\n|turn|4\n|\n|t:|1700834224\n|move|p1a: Ogerpon|Horn Leech|p2a: Volcanion\n|-damage|p2a: Volcanion|72\/100\n|-heal|p1a: Ogerpon|100\/100 tox|[from] drain|[of] p2a: Volcanion\n|move|p2a: Volcanion|Flamethrower|p1a: Ogerpon\n|-damage|p1a: Ogerpon|56\/100 tox\n|\n|-damage|p1a: Ogerpon|44\/100 tox|[from] psn\n|upkeep\n|turn|5\n|\n|t:|1700834234\n|switch|p2a: Landorus|Landorus-Therian, M, shiny|100\/100\n|-ability|p2a: Landorus|Intimidate|boost\n|-unboost|p1a: Ogerpon|atk|1\n|move|p1a: Ogerpon|U-turn|p2a: Landorus\n|-resisted|p2a: Landorus\n|-damage|p2a: Landorus|91\/100\n|\n|t:|1700834241\n|switch|p1a: Great Tusk|Great Tusk|100\/100|[from] U-turn\n|\n|-heal|p2a: Landorus|97\/100|[from] item: Leftovers\n|upkeep\n|turn|6\n|\n|t:|1700834253\n|switch|p2a: Kartana|Kartana, shiny|100\/100\n|move|p1a: Great Tusk|Stealth Rock|p2a: Kartana\n|-sidestart|p2: Dove6|move: Stealth Rock\n|\n|upkeep\n|turn|7\n|\n|t:|1700834260\n|move|p2a: Kartana|Knock Off|p1a: Great Tusk\n|-resisted|p1a: Great Tusk\n|-damage|p1a: Great Tusk|89\/100\n|move|p1a: Great Tusk|Close Combat|p2a: Kartana\n|-supereffective|p2a: Kartana\n|-damage|p2a: Kartana|0 fnt\n|-unboost|p1a: Great Tusk|def|1\n|-unboost|p1a: Great Tusk|spd|1\n|faint|p2a: Kartana\n|\n|upkeep\n|\n|t:|1700834279\n|switch|p2a: Weavile|Weavile, M, shiny|100\/100\n|-damage|p2a: Weavile|76\/100|[from] Stealth Rock\n|-ability|p2a: Weavile|Pressure\n|turn|8\n|\n|t:|1700834294\n|-end|p1a: Great Tusk|Protosynthesis|[silent]\n|switch|p1a: Zapdos|Zapdos|100\/100\n|-terastallize|p2a: Weavile|Dark\n|move|p2a: Weavile|Beat Up|p1a: Zapdos\n|-damage|p1a: Zapdos|87\/100\n|-damage|p1a: Zapdos|75\/100\n|-damage|p1a: Zapdos|64\/100\n|-damage|p1a: Zapdos|52\/100\n|-damage|p1a: Zapdos|37\/100\n|-hitcount|p1a: Zapdos|5\n|\n|upkeep\n|turn|9\n|\n|t:|1700834307\n|switch|p1a: Ogerpon|Ogerpon-Wellspring, F|44\/100 tox\n|move|p2a: Weavile|Beat Up|p1a: Ogerpon\n|-damage|p1a: Ogerpon|22\/100 tox\n|-damage|p1a: Ogerpon|0 fnt\n|faint|p1a: Ogerpon\n|-hitcount|p1: Ogerpon|2\n|\n|upkeep\n|\n|t:|1700834317\n|switch|p1a: Great Tusk|Great Tusk|89\/100\n|turn|10\n|\n|t:|1700834327\n|switch|p2a: Landorus|Landorus-Therian, M, shiny|97\/100\n|-damage|p2a: Landorus|85\/100|[from] Stealth Rock\n|-ability|p2a: Landorus|Intimidate|boost\n|-unboost|p1a: Great Tusk|atk|1\n|move|p1a: Great Tusk|Ice Spinner|p2a: Landorus\n|-supereffective|p2a: Landorus\n|-damage|p2a: Landorus|14\/100\n|\n|-heal|p2a: Landorus|20\/100|[from] item: Leftovers\n|upkeep\n|turn|11\n|\n|t:|1700834338\n|switch|p2a: Zapdos|Zapdos, shiny|100\/100\n|move|p1a: Great Tusk|Ice Spinner|p2a: Zapdos\n|-supereffective|p2a: Zapdos\n|-damage|p2a: Zapdos|75\/100\n|\n|upkeep\n|turn|12\n|\n|t:|1700834348\n|-end|p1a: Great Tusk|Protosynthesis|[silent]\n|switch|p1a: Zapdos|Zapdos|37\/100\n|move|p2a: Zapdos|Hurricane|p1a: Zapdos\n|-resisted|p1a: Zapdos\n|-damage|p1a: Zapdos|16\/100\n|\n|upkeep\n|turn|13\n|\n|t:|1700834355\n|move|p2a: Zapdos|Discharge|p1a: Zapdos\n|-damage|p1a: Zapdos|0 fnt\n|faint|p1a: Zapdos\n|\n|upkeep\n|\n|t:|1700834361\n|switch|p1a: Great Tusk|Great Tusk|89\/100\n|turn|14\n|\n|t:|1700834366\n|-end|p1a: Great Tusk|Protosynthesis|[silent]\n|switch|p1a: Pinsir|Pinsir, F|100\/100\n|move|p2a: Zapdos|Roost|p2a: Zapdos\n|-heal|p2a: Zapdos|100\/100\n|-singleturn|p2a: Zapdos|move: Roost\n|\n|upkeep\n|turn|15\n|\n|t:|1700834375\n|switch|p1a: Great Tusk|Great Tusk|89\/100\n|move|p2a: Zapdos|Hurricane|p1a: Great Tusk\n|-supereffective|p1a: Great Tusk\n|-damage|p1a: Great Tusk|0 fnt\n|faint|p1a: Great Tusk\n|-end|p1a: Great Tusk|Protosynthesis|[silent]\n|\n|upkeep\n|\n|t:|1700834385\n|switch|p1a: Heatran|Heatran, M|100\/100\n|turn|16\n|\n|t:|1700834394\n|move|p2a: Zapdos|U-turn|p1a: Heatran\n|-resisted|p1a: Heatran\n|-damage|p1a: Heatran|98\/100\n|\n|t:|1700834398\n|switch|p2a: Volcanion|Volcanion|72\/100|[from] U-turn\n|move|p1a: Heatran|Magma Storm|p2a: Volcanion\n|-resisted|p2a: Volcanion\n|-damage|p2a: Volcanion|61\/100\n|-activate|p2a: Volcanion|move: Magma Storm|[of] p1a: Heatran\n|\n|-heal|p1a: Heatran|100\/100|[from] item: Leftovers\n|-damage|p2a: Volcanion|48\/100|[from] move: Magma Storm|[partiallytrapped]\n|upkeep\n|turn|17\n|\n|t:|1700834408\n|move|p1a: Heatran|Protect|p1a: Heatran\n|-singleturn|p1a: Heatran|Protect\n|move|p2a: Volcanion|Steam Eruption|p1a: Heatran\n|-activate|p1a: Heatran|move: Protect\n|\n|-damage|p2a: Volcanion|36\/100|[from] move: Magma Storm|[partiallytrapped]\n|upkeep\n|turn|18\n|\n|t:|1700834417\n|switch|p1a: Iron Valiant|Iron Valiant|100\/100\n|-enditem|p1a: Iron Valiant|Booster Energy\n|-activate|p1a: Iron Valiant|ability: Quark Drive|[fromitem]\n|-start|p1a: Iron Valiant|quarkdrivespe\n|move|p2a: Volcanion|Steam Eruption|p1a: Iron Valiant\n|-damage|p1a: Iron Valiant|0 fnt\n|faint|p1a: Iron Valiant\n|-end|p1a: Iron Valiant|Quark Drive|[silent]\n|\n|-end|p2a: Volcanion|Magma Storm|[partiallytrapped]|[silent]\n|upkeep\n|\n|t:|1700834426\n|switch|p1a: Pinsir|Pinsir, F|100\/100\n|turn|19\n|\n|t:|1700834434\n|move|p1a: Pinsir|Frustration|p2a: Volcanion\n|-crit|p2a: Volcanion\n|-damage|p2a: Volcanion|5\/100\n|move|p2a: Volcanion|Flamethrower|p1a: Pinsir\n|-supereffective|p1a: Pinsir\n|-crit|p1a: Pinsir\n|-damage|p1a: Pinsir|0 fnt\n|faint|p1a: Pinsir\n|\n|upkeep\n|-message|reallyblue forfeited.\n|\n|win|Dove6\n|raw|reallyblue's rating: 1520 &rarr; <strong>1506<\/strong><br \/>(-14 for losing)\n|raw|Dove6's rating: 1623 &rarr; <strong>1637<\/strong><br \/>(+14 for winning)\n|l|\u2606reallyblue\n","uploadtime":1700834445,"views":0,"p1id":"reallyblue","p2id":"dove6","formatid":"gen9nationaldex","rating":1506,"private":0,"password":""}