{"id":"gen9nationaldex-1996961145","p1":"RossRocs","p2":"gadgetmcfly","format":"[Gen 9] National Dex","log":"|html|<div class=\"broadcast-blue\"><strong>[Gen 9] National Dex is currently suspecting Sneasler! For information on how to participate check out the <a href=\"https:\/\/www.smogon.com\/forums\/threads\/sv-national-dex-suspect-8-just-dance.3731534\/\">suspect thread<\/a>.<\/strong><\/div>\n|j|\u2606RossRocs\n|j|\u2606gadgetmcfly\n|t:|1700749966\n|gametype|singles\n|player|p1|RossRocs|170|1101\n|player|p2|gadgetmcfly|cynthia|1062\n|teamsize|p1|6\n|teamsize|p2|6\n|gen|9\n|tier|[Gen 9] National Dex\n|rated|\n|rule|HP Percentage Mod: HP is shown in percentages\n|rule|Endless Battle Clause: Forcing endless battles is banned\n|rule|OHKO Clause: OHKO moves are banned\n|rule|Evasion Clause: Evasion abilities, items, and moves are banned\n|rule|Evasion Abilities Clause: Evasion abilities are banned\n|rule|Evasion Items Clause: Evasion items are banned\n|rule|Evasion Moves Clause: Evasion moves are banned\n|rule|Species Clause: Limit one of each Pok\u00e9mon\n|rule|Sleep Clause Mod: Limit one foe put to sleep\n|clearpoke\n|poke|p1|Obstagoon, M|\n|poke|p1|Ferrothorn, M|\n|poke|p1|Alakazam, F|\n|poke|p1|Azumarill, M|\n|poke|p1|Diancie|\n|poke|p1|Volcarona, M|\n|poke|p2|Tyranitar, F|\n|poke|p2|Urshifu-*, M|\n|poke|p2|Dondozo, F|\n|poke|p2|Charizard, M|\n|poke|p2|Lilligant-Hisui, F|\n|poke|p2|Torkoal, F|\n|teampreview\n|\n|t:|1700749976\n|start\n|switch|p1a: Amethyst|Diancie, shiny|100\/100\n|switch|p2a: Urshifu|Urshifu-Rapid-Strike, M|100\/100\n|turn|1\n|\n|t:|1700749988\n|detailschange|p1a: Amethyst|Diancie-Mega, shiny\n|-mega|p1a: Amethyst|Diancie|Diancite\n|-singleturn|p2a: Urshifu|move: Focus Punch\n|move|p1a: Amethyst|Stealth Rock|p2a: Urshifu\n|-sidestart|p2: gadgetmcfly|move: Stealth Rock\n|move|p2a: Urshifu|Focus Punch|p1a: Amethyst\n|-damage|p1a: Amethyst|0 fnt\n|faint|p1a: Amethyst\n|\n|upkeep\n|\n|t:|1700750004\n|switch|p1a: Big Man|Ferrothorn, M|100\/100\n|turn|2\n|\n|t:|1700750009\n|-singleturn|p2a: Urshifu|move: Focus Punch\n|move|p1a: Big Man|Seed Bomb|p2a: Urshifu\n|-supereffective|p2a: Urshifu\n|-damage|p2a: Urshifu|44\/100\n|cant|p2a: Urshifu|Focus Punch|Focus Punch\n|\n|upkeep\n|turn|3\n|l|\u2606gadgetmcfly\n|player|p2|\n|j|\u2606gadgetmcfly\n|player|p2|gadgetmcfly|cynthia\n|l|\u2606gadgetmcfly\n|player|p2|\n|j|\u2606gadgetmcfly\n|player|p2|gadgetmcfly|cynthia\n|inactive|Battle timer is ON: inactive players will automatically lose when time's up. (requested by gadgetmcfly)\n|inactive|RossRocs has 120 seconds left.\n|inactive|RossRocs has 90 seconds left.\n|\n|t:|1700750196\n|switch|p2a: Torkoal|Torkoal, F|100\/100\n|-weather|SunnyDay|[from] ability: Drought|[of] p2a: Torkoal\n|move|p1a: Big Man|Seed Bomb|p2a: Torkoal\n|-resisted|p2a: Torkoal\n|-damage|p2a: Torkoal|91\/100\n|\n|-weather|SunnyDay|[upkeep]\n|upkeep\n|turn|4\n|\n|t:|1700750217\n|switch|p1a: Stopwatch|Azumarill, M|100\/100\n|move|p2a: Torkoal|Rapid Spin|p1a: Stopwatch\n|-damage|p1a: Stopwatch|92\/100\n|-boost|p2a: Torkoal|spe|1\n|-sideend|p2: gadgetmcfly|Stealth Rock|[from] move: Rapid Spin|[of] p2a: Torkoal\n|\n|-weather|SunnyDay|[upkeep]\n|-heal|p1a: Stopwatch|98\/100|[from] item: Leftovers\n|upkeep\n|turn|5\n|\n|t:|1700750230\n|move|p1a: Stopwatch|Whirlpool|p2a: Torkoal\n|-supereffective|p2a: Torkoal\n|-damage|p2a: Torkoal|82\/100\n|-activate|p2a: Torkoal|move: Whirlpool|[of] p1a: Stopwatch\n|move|p2a: Torkoal|Solar Beam||[still]\n|-prepare|p2a: Torkoal|Solar Beam\n|-anim|p2a: Torkoal|Solar Beam|p1a: Stopwatch\n|-ability|p1a: Stopwatch|Sap Sipper|boost\n|-boost|p1a: Stopwatch|atk|1\n|\n|-weather|SunnyDay|[upkeep]\n|-heal|p1a: Stopwatch|100\/100|[from] item: Leftovers\n|-damage|p2a: Torkoal|70\/100|[from] move: Whirlpool|[partiallytrapped]\n|upkeep\n|turn|6\n|\n|t:|1700750242\n|move|p1a: Stopwatch|Encore|p2a: Torkoal\n|-start|p2a: Torkoal|Encore\n|move|p2a: Torkoal|Solar Beam||[still]\n|-prepare|p2a: Torkoal|Solar Beam\n|-anim|p2a: Torkoal|Solar Beam|p1a: Stopwatch\n|-ability|p1a: Stopwatch|Sap Sipper|boost\n|-boost|p1a: Stopwatch|atk|1\n|\n|-weather|SunnyDay|[upkeep]\n|-damage|p2a: Torkoal|57\/100|[from] move: Whirlpool|[partiallytrapped]\n|upkeep\n|turn|7\n|\n|t:|1700750252\n|move|p1a: Stopwatch|Whirlpool|p2a: Torkoal\n|-supereffective|p2a: Torkoal\n|-damage|p2a: Torkoal|48\/100\n|move|p2a: Torkoal|Solar Beam||[still]\n|-prepare|p2a: Torkoal|Solar Beam\n|-anim|p2a: Torkoal|Solar Beam|p1a: Stopwatch\n|-ability|p1a: Stopwatch|Sap Sipper|boost\n|-boost|p1a: Stopwatch|atk|1\n|\n|-weather|none\n|-damage|p2a: Torkoal|36\/100|[from] move: Whirlpool|[partiallytrapped]\n|upkeep\n|turn|8\n|c|\u2606gadgetmcfly|You got me good \ud83d\ude2d\n|c|\u2606RossRocs|mweh heh heh\n|\n|t:|1700750267\n|move|p1a: Stopwatch|Whirlpool|p2a: Torkoal\n|-supereffective|p2a: Torkoal\n|-damage|p2a: Torkoal|14\/100\n|move|p2a: Torkoal|Solar Beam||[still]\n|-prepare|p2a: Torkoal|Solar Beam\n|\n|-damage|p2a: Torkoal|2\/100|[from] move: Whirlpool|[partiallytrapped]\n|-end|p2a: Torkoal|Encore\n|upkeep\n|turn|9\n|c|\u2606gadgetmcfly|Very well played\n|inactive|RossRocs has 120 seconds left.\n|c|\u2606RossRocs|ah damn i forgot to put back on body slam\n|c|\u2606RossRocs|i cant evem use the attack buff\n|\n|t:|1700750293\n|move|p1a: Stopwatch|Whirlpool|p2a: Torkoal\n|-supereffective|p2a: Torkoal\n|-damage|p2a: Torkoal|0 fnt\n|faint|p2a: Torkoal\n|\n|upkeep\n|\n|t:|1700750319\n|switch|p2a: Dondozo|Dondozo, F|100\/100\n|turn|10\n|inactive|RossRocs has 120 seconds left.\n|\n|t:|1700750332\n|move|p1a: Stopwatch|Perish Song|p1a: Stopwatch\n|-start|p1a: Stopwatch|perish3|[silent]\n|-start|p2a: Dondozo|perish3|[silent]\n|-fieldactivate|move: Perish Song\n|move|p2a: Dondozo|Curse|p2a: Dondozo\n|-unboost|p2a: Dondozo|spe|1\n|-boost|p2a: Dondozo|atk|1\n|-boost|p2a: Dondozo|def|1\n|\n|-start|p1a: Stopwatch|perish3\n|-start|p2a: Dondozo|perish3\n|upkeep\n|turn|11\n|inactive|RossRocs has 120 seconds left.\n|\n|t:|1700750340\n|move|p1a: Stopwatch|Whirlpool|p2a: Dondozo\n|-resisted|p2a: Dondozo\n|-damage|p2a: Dondozo|98\/100\n|-activate|p2a: Dondozo|move: Whirlpool|[of] p1a: Stopwatch\n|move|p2a: Dondozo|Curse|p2a: Dondozo\n|-unboost|p2a: Dondozo|spe|1\n|-boost|p2a: Dondozo|atk|1\n|-boost|p2a: Dondozo|def|1\n|\n|-heal|p2a: Dondozo|100\/100|[from] item: Leftovers\n|-damage|p2a: Dondozo|88\/100|[from] move: Whirlpool|[partiallytrapped]\n|-start|p1a: Stopwatch|perish2\n|-start|p2a: Dondozo|perish2\n|upkeep\n|turn|12\n|inactive|RossRocs has 120 seconds left.\n|\n|t:|1700750354\n|move|p1a: Stopwatch|Encore|p2a: Dondozo\n|-start|p2a: Dondozo|Encore\n|move|p2a: Dondozo|Curse|p2a: Dondozo\n|-unboost|p2a: Dondozo|spe|1\n|-boost|p2a: Dondozo|atk|1\n|-boost|p2a: Dondozo|def|1\n|\n|-heal|p2a: Dondozo|94\/100|[from] item: Leftovers\n|-damage|p2a: Dondozo|82\/100|[from] move: Whirlpool|[partiallytrapped]\n|-start|p1a: Stopwatch|perish1\n|-start|p2a: Dondozo|perish1\n|upkeep\n|turn|13\n|inactive|RossRocs has 120 seconds left.\n|c|\u2606gadgetmcfly|Win or lose Im saving this replay I gotta study trollage of such epic proportions lol\n|inactive|RossRocs has 90 seconds left.\n|\n|t:|1700750396\n|move|p1a: Stopwatch|Whirlpool|p2a: Dondozo\n|-resisted|p2a: Dondozo\n|-damage|p2a: Dondozo|79\/100\n|move|p2a: Dondozo|Curse|p2a: Dondozo\n|-unboost|p2a: Dondozo|spe|1\n|-boost|p2a: Dondozo|atk|1\n|-boost|p2a: Dondozo|def|1\n|\n|-heal|p2a: Dondozo|85\/100|[from] item: Leftovers\n|-damage|p2a: Dondozo|73\/100|[from] move: Whirlpool|[partiallytrapped]\n|-start|p1a: Stopwatch|perish0\n|-start|p2a: Dondozo|perish0\n|upkeep\n|faint|p1a: Stopwatch\n|faint|p2a: Dondozo\n|inactive|RossRocs has 90 seconds left.\n|c|\u2606RossRocs|I MISCLICKED I MEANT TO SWITCH\n|\n|t:|1700750418\n|switch|p1a: Gooner|Obstagoon, M|100\/100\n|switch|p2a: Tyranitar|Tyranitar, F|100\/100\n|-weather|Sandstorm|[from] ability: Sand Stream|[of] p2a: Tyranitar\n|turn|14\n|\n|t:|1700750427\n|move|p1a: Gooner|Obstruct|p1a: Gooner\n|-singleturn|p1a: Gooner|Protect\n|move|p2a: Tyranitar|Stone Edge|p1a: Gooner\n|-activate|p1a: Gooner|move: Protect\n|\n|-weather|Sandstorm|[upkeep]\n|-damage|p1a: Gooner|94\/100|[from] Sandstorm\n|-status|p1a: Gooner|brn|[from] item: Flame Orb\n|upkeep\n|turn|15\n|inactive|RossRocs has 90 seconds left.\n|\n|t:|1700750440\n|move|p2a: Tyranitar|Stone Edge|p1a: Gooner\n|-damage|p1a: Gooner|37\/100 brn\n|move|p1a: Gooner|Knock Off|p2a: Tyranitar\n|-resisted|p2a: Tyranitar\n|-damage|p2a: Tyranitar|71\/100\n|-enditem|p2a: Tyranitar|Choice Scarf|[from] move: Knock Off|[of] p1a: Gooner\n|\n|-weather|Sandstorm|[upkeep]\n|-damage|p1a: Gooner|31\/100 brn|[from] Sandstorm\n|-damage|p1a: Gooner|25\/100 brn|[from] brn\n|upkeep\n|turn|16\n|inactive|RossRocs has 90 seconds left.\n|\n|t:|1700750458\n|switch|p1a: Skedaddle|Alakazam, F|100\/100\n|move|p2a: Tyranitar|Stone Edge|p1a: Skedaddle\n|-crit|p1a: Skedaddle\n|-damage|p1a: Skedaddle|0 fnt\n|faint|p1a: Skedaddle\n|\n|-weather|Sandstorm|[upkeep]\n|upkeep\n|\n|t:|1700750466\n|switch|p1a: Big Man|Ferrothorn, M|100\/100\n|turn|17\n|\n|t:|1700750471\n|switch|p2a: Charizard|Charizard, M|100\/100\n|move|p1a: Big Man|Leech Seed|p2a: Charizard|[miss]\n|-miss|p1a: Big Man|p2a: Charizard\n|\n|-weather|Sandstorm|[upkeep]\n|-damage|p2a: Charizard|94\/100|[from] Sandstorm\n|upkeep\n|turn|18\n|inactive|RossRocs has 90 seconds left.\n|c|\u2606RossRocs|thats the first time ive seen leech seed miss what\n|c|\u2606gadgetmcfly|Lmao same\n|\n|t:|1700750506\n|-terastallize|p2a: Charizard|Fire\n|-terastallize|p1a: Big Man|Flying\n|move|p2a: Charizard|Fire Blast|p1a: Big Man\n|-damage|p1a: Big Man|46\/100\n|move|p1a: Big Man|Body Press|p2a: Charizard\n|-damage|p2a: Charizard|49\/100\n|\n|-weather|none\n|upkeep\n|turn|19\n|\n|t:|1700750518\n|move|p2a: Charizard|Fire Blast|p1a: Big Man\n|-damage|p1a: Big Man|0 fnt\n|faint|p1a: Big Man\n|\n|upkeep\n|\n|t:|1700750522\n|switch|p1a: Gooner|Obstagoon, M|25\/100 brn\n|turn|20\n|\n|t:|1700750525\n|move|p2a: Charizard|Fire Blast|p1a: Gooner\n|-damage|p1a: Gooner|0 fnt\n|faint|p1a: Gooner\n|\n|upkeep\n|\n|t:|1700750529\n|switch|p1a: Radiant|Volcarona, M|100\/100\n|turn|21\n|\n|t:|1700750536\n|move|p2a: Charizard|Fire Blast|p1a: Radiant\n|-damage|p1a: Radiant|27\/100\n|move|p1a: Radiant|Flamethrower|p2a: Charizard\n|-resisted|p2a: Charizard\n|-damage|p2a: Charizard|16\/100\n|\n|upkeep\n|turn|22\n|c|\u2606RossRocs|gg\n|c|\u2606gadgetmcfly|God charizard is such an underrated nuke button\n|\n|t:|1700750548\n|move|p2a: Charizard|Fire Blast|p1a: Radiant|[miss]\n|-miss|p2a: Charizard|p1a: Radiant\n|move|p1a: Radiant|Flamethrower|p2a: Charizard\n|-resisted|p2a: Charizard\n|-damage|p2a: Charizard|0 fnt\n|faint|p2a: Charizard\n|\n|upkeep\n|c|\u2606gadgetmcfly|Gg\n|c|\u2606RossRocs|it so broken\n|\n|t:|1700750560\n|switch|p2a: Urshifu|Urshifu-Rapid-Strike, M|44\/100\n|turn|23\n|\n|t:|1700750565\n|move|p1a: Radiant|Giga Drain|p2a: Urshifu\n|-supereffective|p2a: Urshifu\n|-damage|p2a: Urshifu|0 fnt\n|-heal|p1a: Radiant|50\/100|[from] drain|[of] p2a: Urshifu\n|faint|p2a: Urshifu\n|\n|upkeep\n|c|\u2606RossRocs|wait hold on...\n|\n|t:|1700750574\n|switch|p2a: Tyranitar|Tyranitar, F|71\/100\n|-weather|Sandstorm|[from] ability: Sand Stream|[of] p2a: Tyranitar\n|turn|24\n|inactive|RossRocs has 120 seconds left.\n|\n|t:|1700750581\n|move|p1a: Radiant|Giga Drain|p2a: Tyranitar\n|-supereffective|p2a: Tyranitar\n|-damage|p2a: Tyranitar|37\/100\n|-heal|p1a: Radiant|69\/100|[from] drain|[of] p2a: Tyranitar\n|move|p2a: Tyranitar|Stone Edge|p1a: Radiant\n|-supereffective|p1a: Radiant\n|-crit|p1a: Radiant\n|-damage|p1a: Radiant|0 fnt\n|faint|p1a: Radiant\n|\n|win|gadgetmcfly\n|raw|RossRocs's rating: 1101 &rarr; <strong>1073<\/strong><br \/>(-28 for losing)\n|raw|gadgetmcfly's rating: 1062 &rarr; <strong>1096<\/strong><br \/>(+34 for winning)\n|c|\u2606gadgetmcfly|Hol up\n|c|\u2606RossRocs|aw damn\n|c|\u2606gadgetmcfly|Nvm lol\n|c|\u2606RossRocs|gg\n|c|\u2606gadgetmcfly|Gg\n","uploadtime":1700750597,"views":1,"p1id":"rossrocs","p2id":"gadgetmcfly","formatid":"gen9nationaldex","rating":1073,"private":0,"password":""}