{"id":"gen9nationaldex-1995802850","p1":"akakPUMPKIN","p2":"adem","format":"[Gen 9] National Dex","log":"|html|<div class=\"broadcast-blue\"><strong>[Gen 9] National Dex is currently suspecting Sneasler! For information on how to participate check out the <a href=\"https:\/\/www.smogon.com\/forums\/threads\/sv-national-dex-suspect-8-just-dance.3731534\/\">suspect thread<\/a>.<\/strong><\/div>\n|j|\u2606akakPUMPKIN\n|j|\u2606adem\n|t:|1700604638\n|gametype|singles\n|player|p1|akakPUMPKIN|doubleteam|\n|player|p2|adem|#adem|\n|teamsize|p1|6\n|teamsize|p2|6\n|gen|9\n|tier|[Gen 9] National Dex\n|rule|HP Percentage Mod: HP is shown in percentages\n|rule|Endless Battle Clause: Forcing endless battles is banned\n|rule|OHKO Clause: OHKO moves are banned\n|rule|Evasion Clause: Evasion abilities, items, and moves are banned\n|rule|Evasion Abilities Clause: Evasion abilities are banned\n|rule|Evasion Items Clause: Evasion items are banned\n|rule|Evasion Moves Clause: Evasion moves are banned\n|rule|Species Clause: Limit one of each Pok\u00e9mon\n|rule|Sleep Clause Mod: Limit one foe put to sleep\n|clearpoke\n|poke|p1|Hippowdon, F|\n|poke|p1|Skarmory, M|\n|poke|p1|Garganacl, F|\n|poke|p1|Lopunny, M|\n|poke|p1|Toxapex, F|\n|poke|p1|Mandibuzz, F|\n|poke|p2|Mawile, F|\n|poke|p2|Rotom-Wash|\n|poke|p2|Cinderace, M|\n|poke|p2|Slowking-Galar, M|\n|poke|p2|Samurott-Hisui, M|\n|poke|p2|Landorus-Therian, M|\n|teampreview\n|inactive|Battle timer is ON: inactive players will automatically lose when time's up. (requested by akakPUMPKIN)\n|c|\u2606adem|Hf\n|c|\u2606akakPUMPKIN|U2\n|\n|t:|1700604660\n|start\n|switch|p1a: #8B572A|Lopunny, M|100\/100\n|switch|p2a: Samurott|Samurott-Hisui, M|100\/100\n|turn|1\n|\n|t:|1700604665\n|switch|p2a: Landorus|Landorus-Therian, M|100\/100\n|-ability|p2a: Landorus|Intimidate|boost\n|-unboost|p1a: #8B572A|atk|1\n|detailschange|p1a: #8B572A|Lopunny-Mega, M\n|-mega|p1a: #8B572A|Lopunny|Lopunnite\n|move|p1a: #8B572A|Fake Out|p2a: Landorus\n|-damage|p2a: Landorus|90\/100\n|-damage|p1a: #8B572A|84\/100|[from] item: Rocky Helmet|[of] p2a: Landorus\n|\n|upkeep\n|turn|2\n|\n|t:|1700604675\n|switch|p1a: IANBRANDONANDERSON|Skarmory, M|100\/100\n|move|p2a: Landorus|Stealth Rock|p1a: IANBRANDONANDERSON\n|-sidestart|p1: akakPUMPKIN|move: Stealth Rock\n|\n|upkeep\n|turn|3\n|\n|t:|1700604680\n|move|p2a: Landorus|Smack Down|p1a: IANBRANDONANDERSON\n|-damage|p1a: IANBRANDONANDERSON|91\/100\n|-start|p1a: IANBRANDONANDERSON|Smack Down\n|move|p1a: IANBRANDONANDERSON|Spikes|p2a: Landorus\n|-sidestart|p2: adem|Spikes\n|\n|upkeep\n|turn|4\n|\n|t:|1700604689\n|switch|p1a: CHUCKLES|Mandibuzz, F|100\/100\n|move|p2a: Landorus|Earthquake|p1a: CHUCKLES\n|-immune|p1a: CHUCKLES\n|\n|upkeep\n|turn|5\n|\n|t:|1700604695\n|switch|p2a: Mawile|Mawile, F|100\/100\n|-damage|p2a: Mawile|88\/100|[from] Spikes\n|-ability|p2a: Mawile|Intimidate|boost\n|-unboost|p1a: CHUCKLES|atk|1\n|move|p1a: CHUCKLES|Toxic|p2a: Mawile\n|-immune|p2a: Mawile\n|\n|upkeep\n|turn|6\n|\n|t:|1700604701\n|switch|p1a: IANBRANDONANDERSON|Skarmory, M|91\/100\n|-damage|p1a: IANBRANDONANDERSON|79\/100|[from] Stealth Rock\n|detailschange|p2a: Mawile|Mawile-Mega, F\n|-mega|p2a: Mawile|Mawile|Mawilite\n|move|p2a: Mawile|Swords Dance|p2a: Mawile\n|-boost|p2a: Mawile|atk|2\n|\n|upkeep\n|turn|7\n|\n|t:|1700604716\n|move|p1a: IANBRANDONANDERSON|Body Press|p2a: Mawile\n|-damage|p2a: Mawile|53\/100\n|move|p2a: Mawile|Knock Off|p1a: IANBRANDONANDERSON\n|-crit|p1a: IANBRANDONANDERSON\n|-damage|p1a: IANBRANDONANDERSON|0 fnt\n|-damage|p2a: Mawile|36\/100|[from] item: Rocky Helmet|[of] p1a: IANBRANDONANDERSON\n|-enditem|p1a: IANBRANDONANDERSON|Rocky Helmet|[from] move: Knock Off|[of] p2a: Mawile\n|faint|p1a: IANBRANDONANDERSON\n|\n|upkeep\n|c|\u2606adem|u need to id there\n|c|\u2606adem|to beat\n|c|\u2606adem|if not maw kills\n|inactive|akakPUMPKIN has 270 seconds left.\n|c|\u2606akakPUMPKIN|whats id\n|c|\u2606adem|iron defense\n|c|\u2606adem|the gameplay vs sd mawile is always click iron defense unless your too low\n|c|\u2606akakPUMPKIN|oh\n|c|\u2606adem|yeah\n|inactive|akakPUMPKIN has 240 seconds left.\n|\n|t:|1700604767\n|switch|p1a: #8B572A|Lopunny-Mega, M|84\/100\n|-damage|p1a: #8B572A|78\/100|[from] Stealth Rock\n|turn|8\n|c|\u2606adem|dw you\u2019ll learn\n|\n|t:|1700604776\n|switch|p2a: Landorus|Landorus-Therian, M|90\/100\n|-ability|p2a: Landorus|Intimidate|boost\n|-fail|p1a: #8B572A|unboost|Attack|[from] ability: Scrappy|[of] p1a: #8B572A\n|move|p1a: #8B572A|Close Combat|p2a: Landorus\n|-resisted|p2a: Landorus\n|-damage|p2a: Landorus|69\/100\n|-unboost|p1a: #8B572A|def|1\n|-unboost|p1a: #8B572A|spd|1\n|-damage|p1a: #8B572A|61\/100|[from] item: Rocky Helmet|[of] p2a: Landorus\n|\n|upkeep\n|turn|9\n|\n|t:|1700604782\n|switch|p1a: BALLHOG|Hippowdon, F|100\/100\n|-damage|p1a: BALLHOG|94\/100|[from] Stealth Rock\n|-weather|Sandstorm|[from] ability: Sand Stream|[of] p1a: BALLHOG\n|move|p2a: Landorus|U-turn|p1a: BALLHOG\n|-damage|p1a: BALLHOG|79\/100\n|\n|t:|1700604786\n|switch|p2a: Samurott|Samurott-Hisui, M|100\/100|[from] U-turn\n|-damage|p2a: Samurott|88\/100|[from] Spikes\n|\n|-weather|Sandstorm|[upkeep]\n|-damage|p2a: Samurott|82\/100|[from] Sandstorm\n|-heal|p1a: BALLHOG|85\/100|[from] item: Leftovers\n|upkeep\n|turn|10\n|c|\u2606akakPUMPKIN|Didn\u2019t know I outsped it honestly\n|\n|t:|1700604798\n|switch|p1a: 7 INCH CUBANS|Toxapex, F, shiny|100\/100\n|move|p2a: Samurott|Ceaseless Edge|p1a: 7 INCH CUBANS\n|-damage|p1a: 7 INCH CUBANS|67\/100\n|-sidestart|p1: akakPUMPKIN|Spikes\n|\n|-weather|Sandstorm|[upkeep]\n|-damage|p2a: Samurott|76\/100|[from] Sandstorm\n|-damage|p1a: 7 INCH CUBANS|61\/100|[from] Sandstorm\n|upkeep\n|turn|11\n|c|\u2606adem|ya u should\n|c|\u2606adem|im ngl if your skarm doesnt outspeed\n|c|\u2606adem|u shld fix the evs\n|inactive|adem has 270 seconds left.\n|c|\u2606adem|i try to hit 200 speed with skarm just to be safe\n|\n|t:|1700604836\n|move|p2a: Samurott|Ceaseless Edge|p1a: 7 INCH CUBANS\n|-damage|p1a: 7 INCH CUBANS|28\/100\n|-sidestart|p1: akakPUMPKIN|Spikes\n|move|p1a: 7 INCH CUBANS|Scald|p2a: Samurott\n|-resisted|p2a: Samurott\n|-damage|p2a: Samurott|63\/100\n|-status|p2a: Samurott|brn\n|\n|-weather|Sandstorm|[upkeep]\n|-damage|p2a: Samurott|57\/100 brn|[from] Sandstorm\n|-damage|p1a: 7 INCH CUBANS|22\/100|[from] Sandstorm\n|-damage|p2a: Samurott|51\/100 brn|[from] brn\n|upkeep\n|turn|12\n|\n|t:|1700604847\n|move|p2a: Samurott|Encore|p1a: 7 INCH CUBANS\n|-start|p1a: 7 INCH CUBANS|Encore\n|move|p1a: 7 INCH CUBANS|Scald|p2a: Samurott\n|-resisted|p2a: Samurott\n|-damage|p2a: Samurott|38\/100 brn\n|\n|-weather|Sandstorm|[upkeep]\n|-damage|p2a: Samurott|32\/100 brn|[from] Sandstorm\n|-damage|p1a: 7 INCH CUBANS|16\/100|[from] Sandstorm\n|-damage|p2a: Samurott|25\/100 brn|[from] brn\n|upkeep\n|turn|13\n|\n|t:|1700604864\n|switch|p1a: GROGNAR RUBBLE|Garganacl, F|100\/100\n|-damage|p1a: GROGNAR RUBBLE|88\/100|[from] Stealth Rock\n|-damage|p1a: GROGNAR RUBBLE|71\/100|[from] Spikes\n|move|p2a: Samurott|Ceaseless Edge|p1a: GROGNAR RUBBLE\n|-damage|p1a: GROGNAR RUBBLE|51\/100\n|-sidestart|p1: akakPUMPKIN|Spikes\n|\n|-weather|none\n|-heal|p1a: GROGNAR RUBBLE|57\/100|[from] item: Leftovers\n|-damage|p2a: Samurott|19\/100 brn|[from] brn\n|upkeep\n|turn|14\n|\n|t:|1700604871\n|move|p2a: Samurott|Razor Shell|p1a: GROGNAR RUBBLE\n|-supereffective|p1a: GROGNAR RUBBLE\n|-damage|p1a: GROGNAR RUBBLE|22\/100\n|move|p1a: GROGNAR RUBBLE|Recover|p1a: GROGNAR RUBBLE\n|-heal|p1a: GROGNAR RUBBLE|72\/100\n|\n|-heal|p1a: GROGNAR RUBBLE|78\/100|[from] item: Leftovers\n|-damage|p2a: Samurott|13\/100 brn|[from] brn\n|upkeep\n|turn|15\n|\n|t:|1700604878\n|move|p2a: Samurott|Encore|p1a: GROGNAR RUBBLE\n|-start|p1a: GROGNAR RUBBLE|Encore\n|move|p1a: GROGNAR RUBBLE|Recover|p1a: GROGNAR RUBBLE\n|-heal|p1a: GROGNAR RUBBLE|100\/100\n|\n|-damage|p2a: Samurott|7\/100 brn|[from] brn\n|upkeep\n|turn|16\n|inactive|akakPUMPKIN has 270 seconds left.\n|\n|t:|1700604885\n|switch|p2a: Landorus|Landorus-Therian, M|69\/100\n|-ability|p2a: Landorus|Intimidate|boost\n|-unboost|p1a: GROGNAR RUBBLE|atk|1\n|switch|p1a: 7 INCH CUBANS|Toxapex, F, shiny|49\/100\n|\n|upkeep\n|turn|17\n|\n|t:|1700604891\n|switch|p1a: CHUCKLES|Mandibuzz, F|100\/100\n|move|p2a: Landorus|Earthquake|p1a: CHUCKLES\n|-immune|p1a: CHUCKLES\n|\n|upkeep\n|turn|18\n|inactive|akakPUMPKIN has 270 seconds left.\n|c|\u2606adem|ok i forgot the sets on this team\n|c|\u2606adem|shoulfa just turned lol\n|c|\u2606adem|havent played this in ages\n|inactive|akakPUMPKIN has 240 seconds left.\n|\n|t:|1700604942\n|switch|p2a: Samurott|Samurott-Hisui, M|7\/100 brn\n|-damage|p2a: Samurott|0 fnt|[from] Spikes\n|faint|p2a: Samurott\n|move|p1a: CHUCKLES|Defog|p2: Samurott|[notarget]\n|-fail|p1a: CHUCKLES\n|\n|upkeep\n|\n|t:|1700604946\n|switch|p2a: Mawile|Mawile-Mega, F|36\/100\n|-damage|p2a: Mawile|24\/100|[from] Spikes\n|turn|19\n|inactive|akakPUMPKIN has 240 seconds left.\n|\n|t:|1700604989\n|switch|p1a: 7 INCH CUBANS|Toxapex, F, shiny|82\/100\n|move|p2a: Mawile|Play Rough|p1a: 7 INCH CUBANS|[miss]\n|-miss|p2a: Mawile|p1a: 7 INCH CUBANS\n|\n|upkeep\n|turn|20\n|\n|t:|1700604994\n|move|p2a: Mawile|Knock Off|p1a: 7 INCH CUBANS\n|-damage|p1a: 7 INCH CUBANS|43\/100\n|-enditem|p1a: 7 INCH CUBANS|Heavy-Duty Boots|[from] move: Knock Off|[of] p2a: Mawile\n|move|p1a: 7 INCH CUBANS|Scald|p2a: Mawile\n|-damage|p2a: Mawile|3\/100\n|\n|upkeep\n|turn|21\n|\n|t:|1700605013\n|move|p2a: Mawile|Swords Dance|p2a: Mawile\n|-boost|p2a: Mawile|atk|2\n|move|p1a: 7 INCH CUBANS|Recover|p1a: 7 INCH CUBANS\n|-heal|p1a: 7 INCH CUBANS|93\/100\n|\n|upkeep\n|turn|22\n|inactive|adem has 270 seconds left.\n|\n|t:|1700605043\n|move|p2a: Mawile|Play Rough|p1a: 7 INCH CUBANS\n|-resisted|p1a: 7 INCH CUBANS\n|-damage|p1a: 7 INCH CUBANS|42\/100\n|move|p1a: 7 INCH CUBANS|Scald|p2a: Mawile\n|-damage|p2a: Mawile|0 fnt\n|faint|p2a: Mawile\n|\n|upkeep\n|inactive|adem has 270 seconds left.\n|\n|t:|1700605060\n|switch|p2a: Rotom|Rotom-Wash|100\/100\n|turn|23\n|inactive|akakPUMPKIN has 240 seconds left.\n|\n|t:|1700605080\n|switch|p1a: BALLHOG|Hippowdon, F|85\/100\n|-damage|p1a: BALLHOG|79\/100|[from] Stealth Rock\n|-damage|p1a: BALLHOG|54\/100|[from] Spikes\n|-weather|Sandstorm|[from] ability: Sand Stream|[of] p1a: BALLHOG\n|move|p2a: Rotom|Trick|p1a: BALLHOG\n|-activate|p2a: Rotom|move: Trick|[of] p1a: BALLHOG\n|-item|p1a: BALLHOG|Choice Scarf|[from] move: Trick\n|-item|p2a: Rotom|Leftovers|[from] move: Trick\n|\n|-weather|Sandstorm|[upkeep]\n|-damage|p2a: Rotom|94\/100|[from] Sandstorm\n|-heal|p2a: Rotom|100\/100|[from] item: Leftovers\n|upkeep\n|turn|24\n|\n|t:|1700605096\n|switch|p2a: Slowking|Slowking-Galar, M|100\/100\n|switch|p1a: CHUCKLES|Mandibuzz, F|100\/100\n|\n|-weather|Sandstorm|[upkeep]\n|-damage|p2a: Slowking|94\/100|[from] Sandstorm\n|upkeep\n|turn|25\n|\n|t:|1700605105\n|move|p1a: CHUCKLES|Defog|p2a: Slowking\n|-unboost|p2a: Slowking|evasion|1\n|-sideend|p2: adem|Spikes|[from] move: Defog|[of] p1a: CHUCKLES\n|-sideend|p1: akakPUMPKIN|Spikes|[from] move: Defog|[of] p1a: CHUCKLES\n|-sideend|p1: akakPUMPKIN|Stealth Rock|[from] move: Defog|[of] p1a: CHUCKLES\n|move|p2a: Slowking|Thunder Wave|p1a: CHUCKLES|[miss]\n|-miss|p2a: Slowking|p1a: CHUCKLES\n|\n|-weather|Sandstorm|[upkeep]\n|-damage|p2a: Slowking|88\/100|[from] Sandstorm\n|upkeep\n|turn|26\n|\n|t:|1700605120\n|switch|p1a: BALLHOG|Hippowdon, F|54\/100\n|move|p2a: Slowking|Future Sight|p1a: BALLHOG\n|-start|p2a: Slowking|move: Future Sight\n|\n|-weather|Sandstorm|[upkeep]\n|-damage|p2a: Slowking|82\/100|[from] Sandstorm\n|upkeep\n|turn|27\n|\n|t:|1700605133\n|move|p1a: BALLHOG|Slack Off|p1a: BALLHOG\n|-heal|p1a: BALLHOG|100\/100\n|move|p2a: Slowking|Chilly Reception|p2a: Slowking\n|-weather|Snow\n|inactive|adem has 270 seconds left.\n|\n|t:|1700605151\n|switch|p2a: Rotom|Rotom-Wash|100\/100|[from] Chilly Reception\n|\n|-weather|Snow|[upkeep]\n|upkeep\n|turn|28\n|inactive|akakPUMPKIN has 240 seconds left.\n|\n|t:|1700605173\n|switch|p1a: GROGNAR RUBBLE|Garganacl, F|100\/100\n|move|p2a: Rotom|Hydro Pump|p1a: GROGNAR RUBBLE|[miss]\n|-miss|p2a: Rotom|p1a: GROGNAR RUBBLE\n|\n|-weather|Snow|[upkeep]\n|-end|p1a: GROGNAR RUBBLE|move: Future Sight\n|-damage|p1a: GROGNAR RUBBLE|70\/100\n|-heal|p1a: GROGNAR RUBBLE|76\/100|[from] item: Leftovers\n|upkeep\n|turn|29\n|c|\u2606akakPUMPKIN|damn\n|\n|t:|1700605198\n|-terastallize|p1a: GROGNAR RUBBLE|Dragon\n|move|p2a: Rotom|Volt Switch|p1a: GROGNAR RUBBLE\n|-resisted|p1a: GROGNAR RUBBLE\n|-damage|p1a: GROGNAR RUBBLE|67\/100\n|\n|t:|1700605207\n|switch|p2a: Slowking|Slowking-Galar, M|100\/100|[from] Volt Switch\n|move|p1a: GROGNAR RUBBLE|Iron Defense|p1a: GROGNAR RUBBLE\n|-boost|p1a: GROGNAR RUBBLE|def|2\n|\n|-weather|Snow|[upkeep]\n|-heal|p1a: GROGNAR RUBBLE|74\/100|[from] item: Leftovers\n|upkeep\n|turn|30\n|c|\u2606adem|ok i mightve lost\n|\n|t:|1700605216\n|move|p1a: GROGNAR RUBBLE|Iron Defense|p1a: GROGNAR RUBBLE\n|-boost|p1a: GROGNAR RUBBLE|def|2\n|move|p2a: Slowking|Sludge Bomb|p1a: GROGNAR RUBBLE\n|-damage|p1a: GROGNAR RUBBLE|52\/100\n|\n|-weather|Snow|[upkeep]\n|-heal|p1a: GROGNAR RUBBLE|58\/100|[from] item: Leftovers\n|upkeep\n|turn|31\n|c|\u2606adem|alas\n|c|\u2606adem|with that miss\n|c|\u2606akakPUMPKIN|yeah\n|\n|t:|1700605224\n|move|p1a: GROGNAR RUBBLE|Salt Cure|p2a: Slowking\n|-damage|p2a: Slowking|92\/100\n|-start|p2a: Slowking|Salt Cure\n|move|p2a: Slowking|Future Sight|p1a: GROGNAR RUBBLE\n|-start|p2a: Slowking|move: Future Sight\n|\n|-weather|none\n|-heal|p1a: GROGNAR RUBBLE|64\/100|[from] item: Leftovers\n|-damage|p2a: Slowking|80\/100|[from] Salt Cure\n|upkeep\n|turn|32\n|inactive|akakPUMPKIN has 240 seconds left.\n|\n|t:|1700605234\n|move|p1a: GROGNAR RUBBLE|Recover|p1a: GROGNAR RUBBLE\n|-heal|p1a: GROGNAR RUBBLE|100\/100\n|move|p2a: Slowking|Sludge Bomb|p1a: GROGNAR RUBBLE\n|-damage|p1a: GROGNAR RUBBLE|79\/100\n|\n|-heal|p1a: GROGNAR RUBBLE|85\/100|[from] item: Leftovers\n|-damage|p2a: Slowking|67\/100|[from] Salt Cure\n|upkeep\n|turn|33\n|inactive|akakPUMPKIN has 240 seconds left.\n|c|\u2606adem|i think i played poorly prior too anyways\n|c|\u2606adem|sacking maw and hisamu\n|c|\u2606adem|when i couldnt stop lando foh\n|c|\u2606adem|mandi fog*\n|c|\u2606adem|alas\n|inactive|adem has 270 seconds left.\n|\n|t:|1700605264\n|move|p1a: GROGNAR RUBBLE|Iron Defense|p1a: GROGNAR RUBBLE\n|-boost|p1a: GROGNAR RUBBLE|def|2\n|move|p2a: Slowking|Sludge Bomb|p1a: GROGNAR RUBBLE\n|-damage|p1a: GROGNAR RUBBLE|62\/100\n|\n|-end|p1a: GROGNAR RUBBLE|move: Future Sight\n|-damage|p1a: GROGNAR RUBBLE|31\/100\n|-heal|p1a: GROGNAR RUBBLE|37\/100|[from] item: Leftovers\n|-damage|p2a: Slowking|55\/100|[from] Salt Cure\n|upkeep\n|turn|34\n|inactive|akakPUMPKIN has 240 seconds left.\n|\n|t:|1700605269\n|move|p1a: GROGNAR RUBBLE|Recover|p1a: GROGNAR RUBBLE\n|-heal|p1a: GROGNAR RUBBLE|87\/100\n|move|p2a: Slowking|Future Sight|p1a: GROGNAR RUBBLE\n|-start|p2a: Slowking|move: Future Sight\n|\n|-heal|p1a: GROGNAR RUBBLE|94\/100|[from] item: Leftovers\n|-damage|p2a: Slowking|42\/100|[from] Salt Cure\n|upkeep\n|turn|35\n|\n|t:|1700605273\n|switch|p2a: Landorus|Landorus-Therian, M|69\/100\n|-ability|p2a: Landorus|Intimidate|boost\n|-unboost|p1a: GROGNAR RUBBLE|atk|1\n|move|p1a: GROGNAR RUBBLE|Body Press|p2a: Landorus\n|-resisted|p2a: Landorus\n|-damage|p2a: Landorus|39\/100\n|-damage|p1a: GROGNAR RUBBLE|77\/100|[from] item: Rocky Helmet|[of] p2a: Landorus\n|\n|-heal|p1a: GROGNAR RUBBLE|83\/100|[from] item: Leftovers\n|upkeep\n|turn|36\n|\n|t:|1700605281\n|move|p2a: Landorus|U-turn|p1a: GROGNAR RUBBLE\n|-damage|p1a: GROGNAR RUBBLE|79\/100\n|\n|t:|1700605283\n|switch|p2a: Slowking|Slowking-Galar, M|76\/100|[from] U-turn\n|move|p1a: GROGNAR RUBBLE|Salt Cure|p2a: Slowking\n|-damage|p2a: Slowking|70\/100\n|-start|p2a: Slowking|Salt Cure\n|\n|-end|p1a: GROGNAR RUBBLE|move: Future Sight\n|-damage|p1a: GROGNAR RUBBLE|47\/100\n|-heal|p1a: GROGNAR RUBBLE|54\/100|[from] item: Leftovers\n|-damage|p2a: Slowking|58\/100|[from] Salt Cure\n|upkeep\n|turn|37\n|\n|t:|1700605286\n|move|p1a: GROGNAR RUBBLE|Body Press|p2a: Slowking\n|-resisted|p2a: Slowking\n|-damage|p2a: Slowking|42\/100\n|move|p2a: Slowking|Sludge Bomb|p1a: GROGNAR RUBBLE\n|-damage|p1a: GROGNAR RUBBLE|31\/100\n|\n|-heal|p1a: GROGNAR RUBBLE|37\/100|[from] item: Leftovers\n|-damage|p2a: Slowking|30\/100|[from] Salt Cure\n|upkeep\n|turn|38\n|\n|t:|1700605292\n|move|p1a: GROGNAR RUBBLE|Recover|p1a: GROGNAR RUBBLE\n|-heal|p1a: GROGNAR RUBBLE|87\/100\n|move|p2a: Slowking|Future Sight|p1a: GROGNAR RUBBLE\n|-start|p2a: Slowking|move: Future Sight\n|\n|-heal|p1a: GROGNAR RUBBLE|94\/100|[from] item: Leftovers\n|-damage|p2a: Slowking|18\/100|[from] Salt Cure\n|upkeep\n|turn|39\n|\n|t:|1700605295\n|switch|p2a: Landorus|Landorus-Therian, M|39\/100\n|-ability|p2a: Landorus|Intimidate|boost\n|-unboost|p1a: GROGNAR RUBBLE|atk|1\n|move|p1a: GROGNAR RUBBLE|Body Press|p2a: Landorus\n|-resisted|p2a: Landorus\n|-damage|p2a: Landorus|9\/100\n|-damage|p1a: GROGNAR RUBBLE|77\/100|[from] item: Rocky Helmet|[of] p2a: Landorus\n|\n|-heal|p1a: GROGNAR RUBBLE|83\/100|[from] item: Leftovers\n|upkeep\n|turn|40\n|\n|t:|1700605305\n|switch|p2a: Slowking|Slowking-Galar, M|51\/100\n|move|p1a: GROGNAR RUBBLE|Salt Cure|p2a: Slowking\n|-damage|p2a: Slowking|47\/100\n|-start|p2a: Slowking|Salt Cure\n|\n|-end|p1a: GROGNAR RUBBLE|move: Future Sight\n|-damage|p1a: GROGNAR RUBBLE|55\/100\n|-heal|p1a: GROGNAR RUBBLE|61\/100|[from] item: Leftovers\n|-damage|p2a: Slowking|34\/100|[from] Salt Cure\n|upkeep\n|turn|41\n|\n|t:|1700605316\n|move|p1a: GROGNAR RUBBLE|Body Press|p2a: Slowking\n|-resisted|p2a: Slowking\n|-damage|p2a: Slowking|18\/100\n|move|p2a: Slowking|Future Sight|p1a: GROGNAR RUBBLE\n|-start|p2a: Slowking|move: Future Sight\n|\n|-heal|p1a: GROGNAR RUBBLE|67\/100|[from] item: Leftovers\n|-damage|p2a: Slowking|6\/100|[from] Salt Cure\n|upkeep\n|turn|42\n|c|\u2606adem|yeh one extra recover coulda helped\n|\n|t:|1700605321\n|switch|p2a: Landorus|Landorus-Therian, M|9\/100\n|-ability|p2a: Landorus|Intimidate|boost\n|-unboost|p1a: GROGNAR RUBBLE|atk|1\n|move|p1a: GROGNAR RUBBLE|Body Press|p2a: Landorus\n|-resisted|p2a: Landorus\n|-damage|p2a: Landorus|0 fnt\n|-damage|p1a: GROGNAR RUBBLE|51\/100|[from] item: Rocky Helmet|[of] p2a: Landorus\n|faint|p2a: Landorus\n|\n|-heal|p1a: GROGNAR RUBBLE|57\/100|[from] item: Leftovers\n|upkeep\n|\n|t:|1700605329\n|switch|p2a: Slowking|Slowking-Galar, M|39\/100\n|turn|43\n|\n|t:|1700605342\n|move|p1a: GROGNAR RUBBLE|Recover|p1a: GROGNAR RUBBLE\n|-heal|p1a: GROGNAR RUBBLE|100\/100\n|move|p2a: Slowking|Chilly Reception|p2a: Slowking\n|-weather|Snow\n|c|\u2606adem|not tricking away scarf too lel\n|c|\u2606adem|i forgot abt that\n|\n|t:|1700605367\n|switch|p2a: Cinderace|Cinderace, M|100\/100|[from] Chilly Reception\n|\n|-weather|Snow|[upkeep]\n|-end|p1a: GROGNAR RUBBLE|move: Future Sight\n|-damage|p1a: GROGNAR RUBBLE|72\/100\n|-heal|p1a: GROGNAR RUBBLE|78\/100|[from] item: Leftovers\n|upkeep\n|turn|44\n|\n|t:|1700605373\n|move|p2a: Cinderace|U-turn|p1a: GROGNAR RUBBLE\n|-start|p2a: Cinderace|typechange|Bug|[from] ability: Libero\n|-crit|p1a: GROGNAR RUBBLE\n|-damage|p1a: GROGNAR RUBBLE|49\/100\n|j| prince5\n|\n|t:|1700605376\n|switch|p2a: Slowking|Slowking-Galar, M|72\/100|[from] U-turn\n|move|p1a: GROGNAR RUBBLE|Body Press|p2a: Slowking\n|-resisted|p2a: Slowking\n|-damage|p2a: Slowking|55\/100\n|\n|-weather|Snow|[upkeep]\n|-heal|p1a: GROGNAR RUBBLE|55\/100|[from] item: Leftovers\n|upkeep\n|turn|45\n|l| prince5\n|\n|t:|1700605388\n|switch|p1a: BALLHOG|Hippowdon, F|100\/100\n|-weather|Sandstorm|[from] ability: Sand Stream|[of] p1a: BALLHOG\n|move|p2a: Slowking|Future Sight|p1a: BALLHOG\n|-start|p2a: Slowking|move: Future Sight\n|\n|-weather|Sandstorm|[upkeep]\n|-damage|p2a: Slowking|48\/100|[from] Sandstorm\n|upkeep\n|turn|46\n|c|\u2606adem|Hm\n|c|\u2606adem|winnable actually\n|\n|t:|1700605397\n|switch|p2a: Rotom|Rotom-Wash|100\/100\n|move|p1a: BALLHOG|Stealth Rock|p2a: Rotom\n|-sidestart|p2: adem|move: Stealth Rock\n|\n|-weather|Sandstorm|[upkeep]\n|-damage|p2a: Rotom|94\/100|[from] Sandstorm\n|-heal|p2a: Rotom|100\/100|[from] item: Leftovers\n|upkeep\n|turn|47\n|c|\u2606akakPUMPKIN|Yeah\n|c|\u2606akakPUMPKIN|wasting my recovers mightve been bad\n|inactive|akakPUMPKIN has 270 seconds left.\n|c|\u2606adem|there wasnt much u coulda done\n|\n|t:|1700605439\n|switch|p1a: GROGNAR RUBBLE|Garganacl, F, tera:Dragon|55\/100\n|move|p2a: Rotom|Volt Switch|p1a: GROGNAR RUBBLE\n|-resisted|p1a: GROGNAR RUBBLE\n|-damage|p1a: GROGNAR RUBBLE|47\/100\n|c|\u2606adem|except try to get every turn right\n|c|\u2606adem|but yeah\n|\n|t:|1700605450\n|switch|p2a: Slowking|Slowking-Galar, M|82\/100|[from] Volt Switch\n|\n|-weather|Sandstorm|[upkeep]\n|-damage|p1a: GROGNAR RUBBLE|41\/100|[from] Sandstorm\n|-damage|p2a: Slowking|76\/100|[from] Sandstorm\n|-end|p1a: GROGNAR RUBBLE|move: Future Sight\n|-damage|p1a: GROGNAR RUBBLE|11\/100\n|-heal|p1a: GROGNAR RUBBLE|17\/100|[from] item: Leftovers\n|upkeep\n|turn|48\n|\n|t:|1700605454\n|move|p1a: GROGNAR RUBBLE|Recover|p1a: GROGNAR RUBBLE\n|-heal|p1a: GROGNAR RUBBLE|67\/100\n|move|p2a: Slowking|Future Sight|p1a: GROGNAR RUBBLE\n|-start|p2a: Slowking|move: Future Sight\n|\n|-weather|Sandstorm|[upkeep]\n|-damage|p1a: GROGNAR RUBBLE|61\/100|[from] Sandstorm\n|-damage|p2a: Slowking|70\/100|[from] Sandstorm\n|-heal|p1a: GROGNAR RUBBLE|67\/100|[from] item: Leftovers\n|upkeep\n|turn|49\n|c|\u2606adem|ok im dumb\n|c|\u2606adem|LOL\n|c|\u2606adem|i shoulda went ace\n|inactive|akakPUMPKIN has 270 seconds left.\n|\n|t:|1700605474\n|switch|p1a: CHUCKLES|Mandibuzz, F|100\/100\n|move|p2a: Slowking|Sludge Bomb|p1a: CHUCKLES\n|-damage|p1a: CHUCKLES|76\/100\n|-status|p1a: CHUCKLES|psn\n|\n|-weather|none\n|-damage|p1a: CHUCKLES|63\/100 psn|[from] psn\n|upkeep\n|turn|50\n|c|\u2606adem|i forgot abt fs\n|\n|t:|1700605482\n|move|p1a: CHUCKLES|Knock Off|p2a: Slowking\n|-supereffective|p2a: Slowking\n|-damage|p2a: Slowking|36\/100\n|-enditem|p2a: Slowking|Heavy-Duty Boots|[from] move: Knock Off|[of] p1a: CHUCKLES\n|move|p2a: Slowking|Chilly Reception|p2a: Slowking\n|-weather|Snow\n|\n|t:|1700605486\n|switch|p2a: Cinderace|Cinderace, M|100\/100|[from] Chilly Reception\n|\n|-weather|Snow|[upkeep]\n|-end|p1a: CHUCKLES|move: Future Sight\n|-immune|p1a: CHUCKLES\n|-damage|p1a: CHUCKLES|51\/100 psn|[from] psn\n|upkeep\n|turn|51\n|\n|t:|1700605491\n|move|p2a: Cinderace|Court Change|p2a: Cinderace\n|-start|p2a: Cinderace|typechange|Normal|[from] ability: Libero\n|-swapsideconditions\n|-activate|p2a: Cinderace|move: Court Change\n|move|p1a: CHUCKLES|Roost|p1a: CHUCKLES\n|-heal|p1a: CHUCKLES|100\/100 psn\n|-singleturn|p1a: CHUCKLES|move: Roost\n|\n|-weather|Snow|[upkeep]\n|-damage|p1a: CHUCKLES|88\/100 psn|[from] psn\n|upkeep\n|turn|52\n|\n|t:|1700605506\n|move|p2a: Cinderace|Pyro Ball|p1a: CHUCKLES\n|-damage|p1a: CHUCKLES|67\/100 psn\n|move|p1a: CHUCKLES|Toxic|p2a: Cinderace\n|-status|p2a: Cinderace|tox\n|\n|-weather|Snow|[upkeep]\n|-damage|p2a: Cinderace|94\/100 tox|[from] psn\n|-damage|p1a: CHUCKLES|55\/100 psn|[from] psn\n|upkeep\n|turn|53\n|\n|t:|1700605513\n|move|p2a: Cinderace|U-turn|p1a: CHUCKLES\n|-damage|p1a: CHUCKLES|42\/100 psn\n|\n|t:|1700605515\n|switch|p2a: Rotom|Rotom-Wash|100\/100|[from] U-turn\n|move|p1a: CHUCKLES|Roost|p1a: CHUCKLES\n|-heal|p1a: CHUCKLES|92\/100 psn\n|-singleturn|p1a: CHUCKLES|move: Roost\n|\n|-weather|Snow|[upkeep]\n|-damage|p1a: CHUCKLES|79\/100 psn|[from] psn\n|upkeep\n|turn|54\n|\n|t:|1700605529\n|switch|p1a: BALLHOG|Hippowdon, F|100\/100\n|-damage|p1a: BALLHOG|94\/100|[from] Stealth Rock\n|-weather|Sandstorm|[from] ability: Sand Stream|[of] p1a: BALLHOG\n|move|p2a: Rotom|Volt Switch|p1a: BALLHOG\n|-immune|p1a: BALLHOG\n|\n|-weather|Sandstorm|[upkeep]\n|-damage|p2a: Rotom|94\/100|[from] Sandstorm\n|-heal|p2a: Rotom|100\/100|[from] item: Leftovers\n|upkeep\n|turn|55\n|\n|t:|1700605535\n|move|p2a: Rotom|Hydro Pump|p1a: BALLHOG\n|-supereffective|p1a: BALLHOG\n|-damage|p1a: BALLHOG|37\/100\n|move|p1a: BALLHOG|Stealth Rock|p2a: Rotom\n|-sidestart|p2: adem|move: Stealth Rock\n|\n|-weather|Sandstorm|[upkeep]\n|-damage|p2a: Rotom|94\/100|[from] Sandstorm\n|-heal|p2a: Rotom|100\/100|[from] item: Leftovers\n|upkeep\n|turn|56\n|\n|t:|1700605542\n|switch|p1a: GROGNAR RUBBLE|Garganacl, F, tera:Dragon|67\/100\n|-damage|p1a: GROGNAR RUBBLE|55\/100|[from] Stealth Rock\n|move|p2a: Rotom|Volt Switch|p1a: GROGNAR RUBBLE\n|-resisted|p1a: GROGNAR RUBBLE\n|-damage|p1a: GROGNAR RUBBLE|47\/100\n|\n|t:|1700605565\n|switch|p2a: Slowking|Slowking-Galar, M|69\/100|[from] Volt Switch\n|-damage|p2a: Slowking|56\/100|[from] Stealth Rock\n|\n|-weather|Sandstorm|[upkeep]\n|-damage|p1a: GROGNAR RUBBLE|41\/100|[from] Sandstorm\n|-damage|p2a: Slowking|50\/100|[from] Sandstorm\n|-heal|p1a: GROGNAR RUBBLE|47\/100|[from] item: Leftovers\n|upkeep\n|turn|57\n|\n|t:|1700605584\n|move|p1a: GROGNAR RUBBLE|Salt Cure|p2a: Slowking\n|-damage|p2a: Slowking|42\/100\n|-start|p2a: Slowking|Salt Cure\n|move|p2a: Slowking|Future Sight|p1a: GROGNAR RUBBLE\n|-start|p2a: Slowking|move: Future Sight\n|\n|-weather|Sandstorm|[upkeep]\n|-damage|p1a: GROGNAR RUBBLE|41\/100|[from] Sandstorm\n|-damage|p2a: Slowking|36\/100|[from] Sandstorm\n|-heal|p1a: GROGNAR RUBBLE|47\/100|[from] item: Leftovers\n|-damage|p2a: Slowking|23\/100|[from] Salt Cure\n|upkeep\n|turn|58\n|\n|t:|1700605601\n|switch|p1a: CHUCKLES|Mandibuzz, F|79\/100 psn\n|move|p2a: Slowking|Chilly Reception|p2a: Slowking\n|-weather|Snow\n|\n|t:|1700605606\n|switch|p2a: Rotom|Rotom-Wash|100\/100|[from] Chilly Reception\n|-damage|p2a: Rotom|88\/100|[from] Stealth Rock\n|\n|-weather|Snow|[upkeep]\n|-heal|p2a: Rotom|94\/100|[from] item: Leftovers\n|-damage|p1a: CHUCKLES|67\/100 psn|[from] psn\n|upkeep\n|turn|59\n|inactive|akakPUMPKIN has 270 seconds left.\n|\n|t:|1700605632\n|move|p2a: Rotom|Volt Switch|p1a: CHUCKLES\n|-supereffective|p1a: CHUCKLES\n|-damage|p1a: CHUCKLES|34\/100 psn\n|\n|t:|1700605637\n|switch|p2a: Slowking|Slowking-Galar, M|56\/100|[from] Volt Switch\n|-damage|p2a: Slowking|44\/100|[from] Stealth Rock\n|move|p1a: CHUCKLES|Roost|p1a: CHUCKLES\n|-heal|p1a: CHUCKLES|84\/100 psn\n|-singleturn|p1a: CHUCKLES|move: Roost\n|\n|-weather|Snow|[upkeep]\n|-end|p1a: CHUCKLES|move: Future Sight\n|-immune|p1a: CHUCKLES\n|-damage|p1a: CHUCKLES|71\/100 psn|[from] psn\n|upkeep\n|turn|60\n|inactive|akakPUMPKIN has 270 seconds left.\n|\n|t:|1700605656\n|switch|p1a: BALLHOG|Hippowdon, F|37\/100\n|-damage|p1a: BALLHOG|31\/100|[from] Stealth Rock\n|-weather|Sandstorm|[from] ability: Sand Stream|[of] p1a: BALLHOG\n|move|p2a: Slowking|Chilly Reception|p2a: Slowking\n|-weather|Snow\n|\n|t:|1700605674\n|switch|p2a: Cinderace|Cinderace, M|94\/100 tox|[from] Chilly Reception\n|\n|-weather|Snow|[upkeep]\n|-damage|p2a: Cinderace|88\/100 tox|[from] psn\n|upkeep\n|turn|61\n|\n|t:|1700605682\n|switch|p1a: 7 INCH CUBANS|Toxapex, F, shiny|76\/100\n|-damage|p1a: 7 INCH CUBANS|64\/100|[from] Stealth Rock\n|move|p2a: Cinderace|Pyro Ball|p1a: 7 INCH CUBANS\n|-resisted|p1a: 7 INCH CUBANS\n|-damage|p1a: 7 INCH CUBANS|50\/100\n|-status|p1a: 7 INCH CUBANS|brn\n|\n|-weather|Snow|[upkeep]\n|-damage|p2a: Cinderace|76\/100 tox|[from] psn\n|-damage|p1a: 7 INCH CUBANS|44\/100 brn|[from] brn\n|upkeep\n|turn|62\n|\n|t:|1700605693\n|move|p2a: Cinderace|U-turn|p1a: 7 INCH CUBANS\n|-start|p2a: Cinderace|typechange|Bug|[from] ability: Libero\n|-resisted|p1a: 7 INCH CUBANS\n|-damage|p1a: 7 INCH CUBANS|35\/100 brn\n|\n|t:|1700605696\n|switch|p2a: Slowking|Slowking-Galar, M|77\/100|[from] U-turn\n|-damage|p2a: Slowking|65\/100|[from] Stealth Rock\n|move|p1a: 7 INCH CUBANS|Toxic|p2a: Slowking\n|-immune|p2a: Slowking\n|\n|-weather|Snow|[upkeep]\n|-damage|p1a: 7 INCH CUBANS|29\/100 brn|[from] brn\n|upkeep\n|turn|63\n|\n|t:|1700605701\n|move|p1a: 7 INCH CUBANS|Recover|p1a: 7 INCH CUBANS\n|-heal|p1a: 7 INCH CUBANS|79\/100 brn\n|move|p2a: Slowking|Future Sight|p1a: 7 INCH CUBANS\n|-start|p2a: Slowking|move: Future Sight\n|\n|-weather|Snow|[upkeep]\n|-damage|p1a: 7 INCH CUBANS|73\/100 brn|[from] brn\n|upkeep\n|turn|64\n|\n|t:|1700605707\n|move|p1a: 7 INCH CUBANS|Scald|p2a: Slowking\n|-damage|p2a: Slowking|52\/100\n|move|p2a: Slowking|Sludge Bomb|p1a: 7 INCH CUBANS\n|-resisted|p1a: 7 INCH CUBANS\n|-damage|p1a: 7 INCH CUBANS|59\/100 brn\n|\n|-weather|none\n|-damage|p1a: 7 INCH CUBANS|53\/100 brn|[from] brn\n|upkeep\n|turn|65\n|\n|t:|1700605713\n|switch|p1a: CHUCKLES|Mandibuzz, F|71\/100 psn\n|move|p2a: Slowking|Sludge Bomb|p1a: CHUCKLES\n|-damage|p1a: CHUCKLES|46\/100 psn\n|\n|-end|p1a: CHUCKLES|move: Future Sight\n|-immune|p1a: CHUCKLES\n|-damage|p1a: CHUCKLES|33\/100 psn|[from] psn\n|upkeep\n|turn|66\n|\n|t:|1700605719\n|move|p1a: CHUCKLES|Roost|p1a: CHUCKLES\n|-heal|p1a: CHUCKLES|83\/100 psn\n|-singleturn|p1a: CHUCKLES|move: Roost\n|move|p2a: Slowking|Future Sight|p1a: CHUCKLES\n|-start|p2a: Slowking|move: Future Sight\n|\n|-damage|p1a: CHUCKLES|71\/100 psn|[from] psn\n|upkeep\n|turn|67\n|\n|t:|1700605726\n|switch|p1a: 7 INCH CUBANS|Toxapex, F, shiny|86\/100 brn\n|-damage|p1a: 7 INCH CUBANS|74\/100 brn|[from] Stealth Rock\n|move|p2a: Slowking|Chilly Reception|p2a: Slowking\n|-weather|Snow\n|\n|t:|1700605728\n|switch|p2a: Rotom|Rotom-Wash|94\/100|[from] Chilly Reception\n|-damage|p2a: Rotom|82\/100|[from] Stealth Rock\n|\n|-weather|Snow|[upkeep]\n|-heal|p2a: Rotom|88\/100|[from] item: Leftovers\n|-damage|p1a: 7 INCH CUBANS|68\/100 brn|[from] brn\n|upkeep\n|turn|68\n|\n|t:|1700605733\n|switch|p1a: CHUCKLES|Mandibuzz, F|71\/100 psn\n|move|p2a: Rotom|Volt Switch|p1a: CHUCKLES\n|-supereffective|p1a: CHUCKLES\n|-damage|p1a: CHUCKLES|35\/100 psn\n|j| thebestever543\n|\n|t:|1700605738\n|switch|p2a: Cinderace|Cinderace, M|76\/100 tox|[from] Volt Switch\n|\n|-weather|Snow|[upkeep]\n|-end|p1a: CHUCKLES|move: Future Sight\n|-immune|p1a: CHUCKLES\n|-damage|p2a: Cinderace|70\/100 tox|[from] psn\n|-damage|p1a: CHUCKLES|22\/100 psn|[from] psn\n|upkeep\n|turn|69\n|\n|t:|1700605743\n|move|p2a: Cinderace|U-turn|p1a: CHUCKLES\n|-start|p2a: Cinderace|typechange|Bug|[from] ability: Libero\n|-damage|p1a: CHUCKLES|2\/100 psn\n|\n|t:|1700605748\n|switch|p2a: Rotom|Rotom-Wash|88\/100|[from] U-turn\n|-damage|p2a: Rotom|75\/100|[from] Stealth Rock\n|move|p1a: CHUCKLES|Roost|p1a: CHUCKLES\n|-heal|p1a: CHUCKLES|52\/100 psn\n|-singleturn|p1a: CHUCKLES|move: Roost\n|\n|-weather|Snow|[upkeep]\n|-heal|p2a: Rotom|82\/100|[from] item: Leftovers\n|-damage|p1a: CHUCKLES|40\/100 psn|[from] psn\n|upkeep\n|turn|70\n|c|\u2606adem|crazy stay in\n|\n|t:|1700605763\n|switch|p1a: BALLHOG|Hippowdon, F|31\/100\n|-damage|p1a: BALLHOG|25\/100|[from] Stealth Rock\n|-weather|Sandstorm|[from] ability: Sand Stream|[of] p1a: BALLHOG\n|move|p2a: Rotom|Volt Switch|p1a: BALLHOG\n|-immune|p1a: BALLHOG\n|\n|-weather|Sandstorm|[upkeep]\n|-damage|p2a: Rotom|75\/100|[from] Sandstorm\n|-heal|p2a: Rotom|82\/100|[from] item: Leftovers\n|upkeep\n|turn|71\n|\n|t:|1700605771\n|move|p2a: Rotom|Hydro Pump|p1a: BALLHOG\n|-supereffective|p1a: BALLHOG\n|-damage|p1a: BALLHOG|0 fnt\n|faint|p1a: BALLHOG\n|\n|-weather|Sandstorm|[upkeep]\n|-damage|p2a: Rotom|75\/100|[from] Sandstorm\n|-heal|p2a: Rotom|82\/100|[from] item: Leftovers\n|upkeep\n|\n|t:|1700605775\n|switch|p1a: #8B572A|Lopunny-Mega, M|61\/100\n|-damage|p1a: #8B572A|55\/100|[from] Stealth Rock\n|turn|72\n|inactive|akakPUMPKIN has 270 seconds left.\n|\n|t:|1700605818\n|switch|p2a: Slowking|Slowking-Galar, M|85\/100\n|-damage|p2a: Slowking|72\/100|[from] Stealth Rock\n|move|p1a: #8B572A|Fake Out|p2a: Slowking\n|-damage|p2a: Slowking|58\/100\n|\n|-weather|Sandstorm|[upkeep]\n|-damage|p1a: #8B572A|50\/100|[from] Sandstorm\n|-damage|p2a: Slowking|52\/100|[from] Sandstorm\n|upkeep\n|turn|73\n|inactive|akakPUMPKIN has 240 seconds left.\n|inactive|adem has 270 seconds left.\n|c|\u2606akakPUMPKIN|Wanted to double frustration but didn\u2019t know if rotom would stay in and ko\n|\n|t:|1700605874\n|switch|p1a: 7 INCH CUBANS|Toxapex, F, shiny|100\/100 brn\n|-damage|p1a: 7 INCH CUBANS|88\/100 brn|[from] Stealth Rock\n|move|p2a: Slowking|Sludge Bomb|p1a: 7 INCH CUBANS\n|-resisted|p1a: 7 INCH CUBANS\n|-damage|p1a: 7 INCH CUBANS|74\/100 brn\n|\n|-weather|Sandstorm|[upkeep]\n|-damage|p1a: 7 INCH CUBANS|68\/100 brn|[from] Sandstorm\n|-damage|p2a: Slowking|45\/100|[from] Sandstorm\n|-damage|p1a: 7 INCH CUBANS|63\/100 brn|[from] brn\n|upkeep\n|turn|74\n|c|\u2606adem|yeah\n|\n|t:|1700605884\n|move|p1a: 7 INCH CUBANS|Scald|p2a: Slowking\n|-damage|p2a: Slowking|32\/100\n|move|p2a: Slowking|Future Sight|p1a: 7 INCH CUBANS\n|-start|p2a: Slowking|move: Future Sight\n|\n|-weather|none\n|-damage|p1a: 7 INCH CUBANS|57\/100 brn|[from] brn\n|upkeep\n|turn|75\n|c|\u2606adem|thats the 5050 there\n|c|\u2606adem|needed to risk it\n|\n|t:|1700605892\n|move|p1a: 7 INCH CUBANS|Scald|p2a: Slowking\n|-damage|p2a: Slowking|19\/100\n|move|p2a: Slowking|Chilly Reception|p2a: Slowking\n|-weather|Snow\n|\n|t:|1700605897\n|switch|p2a: Rotom|Rotom-Wash|82\/100|[from] Chilly Reception\n|-damage|p2a: Rotom|69\/100|[from] Stealth Rock\n|\n|-weather|Snow|[upkeep]\n|-heal|p2a: Rotom|75\/100|[from] item: Leftovers\n|-damage|p1a: 7 INCH CUBANS|51\/100 brn|[from] brn\n|upkeep\n|turn|76\n|\n|t:|1700605906\n|switch|p1a: GROGNAR RUBBLE|Garganacl, F, tera:Dragon|47\/100\n|-damage|p1a: GROGNAR RUBBLE|35\/100|[from] Stealth Rock\n|move|p2a: Rotom|Volt Switch|p1a: GROGNAR RUBBLE\n|-resisted|p1a: GROGNAR RUBBLE\n|-damage|p1a: GROGNAR RUBBLE|26\/100\n|c|\u2606adem|tbf fake outing was always the safer play there anyways\n|\n|t:|1700605915\n|switch|p2a: Slowking|Slowking-Galar, M|52\/100|[from] Volt Switch\n|-damage|p2a: Slowking|40\/100|[from] Stealth Rock\n|\n|-weather|Snow|[upkeep]\n|-end|p1a: GROGNAR RUBBLE|move: Future Sight\n|-damage|p1a: GROGNAR RUBBLE|0 fnt\n|faint|p1a: GROGNAR RUBBLE\n|upkeep\n|inactive|akakPUMPKIN has 240 seconds left.\n|c|\u2606adem|easier to pressure\n|l| thebestever543\n|\n|t:|1700605927\n|switch|p1a: #8B572A|Lopunny-Mega, M|50\/100\n|-damage|p1a: #8B572A|44\/100|[from] Stealth Rock\n|turn|77\n|\n|t:|1700605948\n|switch|p2a: Cinderace|Cinderace, M|70\/100 tox\n|move|p1a: #8B572A|Frustration|p2a: Cinderace\n|-damage|p2a: Cinderace|2\/100 tox\n|\n|-weather|Snow|[upkeep]\n|-damage|p2a: Cinderace|0 fnt|[from] psn\n|faint|p2a: Cinderace\n|upkeep\n|\n|t:|1700605950\n|switch|p2a: Slowking|Slowking-Galar, M|73\/100\n|-damage|p2a: Slowking|60\/100|[from] Stealth Rock\n|turn|78\n|inactive|akakPUMPKIN has 240 seconds left.\n|inactive|akakPUMPKIN has 210 seconds left.\n|\n|t:|1700606004\n|switch|p1a: CHUCKLES|Mandibuzz, F|40\/100 psn\n|move|p2a: Slowking|Sludge Bomb|p1a: CHUCKLES\n|-damage|p1a: CHUCKLES|13\/100 psn\n|\n|-weather|Snow|[upkeep]\n|-damage|p1a: CHUCKLES|1\/100 psn|[from] psn\n|upkeep\n|turn|79\n|c|\u2606akakPUMPKIN|Wanna try this team with alo and gking\n|inactive|adem has 270 seconds left.\n|\n|t:|1700606037\n|move|p1a: CHUCKLES|Roost|p1a: CHUCKLES\n|-heal|p1a: CHUCKLES|51\/100 psn\n|-singleturn|p1a: CHUCKLES|move: Roost\n|move|p2a: Slowking|Chilly Reception|p2a: Slowking\n|inactive|adem has 270 seconds left.\n|l|\u2606adem\n|inactive|adem disconnected and has 300 seconds to reconnect!\n|player|p2|\n|inactive|adem has 270 seconds to reconnect!\n|inactive|adem has 240 seconds to reconnect!\n|inactive|adem has 210 seconds to reconnect!\n|j|\u2606adem\n|inactive|adem reconnected and has 265 seconds left.\n|player|p2|adem|#adem\n|c|\u2606adem|holy\n|\n|t:|1700606165\n|switch|p2a: Rotom|Rotom-Wash|75\/100|[from] Chilly Reception\n|-damage|p2a: Rotom|63\/100|[from] Stealth Rock\n|\n|-weather|none\n|-heal|p2a: Rotom|69\/100|[from] item: Leftovers\n|-damage|p1a: CHUCKLES|38\/100 psn|[from] psn\n|upkeep\n|turn|80\n|c|\u2606adem|ok\n|\n|t:|1700606174\n|move|p2a: Rotom|Volt Switch|p1a: CHUCKLES\n|-supereffective|p1a: CHUCKLES\n|-damage|p1a: CHUCKLES|2\/100 psn\n|\n|t:|1700606177\n|switch|p2a: Slowking|Slowking-Galar, M|94\/100|[from] Volt Switch\n|-damage|p2a: Slowking|81\/100|[from] Stealth Rock\n|move|p1a: CHUCKLES|Roost|p1a: CHUCKLES\n|-heal|p1a: CHUCKLES|52\/100 psn\n|-singleturn|p1a: CHUCKLES|move: Roost\n|\n|-damage|p1a: CHUCKLES|39\/100 psn|[from] psn\n|upkeep\n|turn|81\n|inactive|akakPUMPKIN has 240 seconds left.\n|\n|t:|1700606186\n|switch|p1a: 7 INCH CUBANS|Toxapex, F, shiny|84\/100 brn\n|-damage|p1a: 7 INCH CUBANS|72\/100 brn|[from] Stealth Rock\n|move|p2a: Slowking|Future Sight|p1a: 7 INCH CUBANS\n|-start|p2a: Slowking|move: Future Sight\n|\n|-damage|p1a: 7 INCH CUBANS|66\/100 brn|[from] brn\n|upkeep\n|turn|82\n|\n|t:|1700606190\n|move|p1a: 7 INCH CUBANS|Scald|p2a: Slowking\n|-damage|p2a: Slowking|67\/100\n|-status|p2a: Slowking|brn\n|move|p2a: Slowking|Chilly Reception|p2a: Slowking\n|-weather|Snow\n|\n|t:|1700606192\n|switch|p2a: Rotom|Rotom-Wash|69\/100|[from] Chilly Reception\n|-damage|p2a: Rotom|57\/100|[from] Stealth Rock\n|\n|-weather|Snow|[upkeep]\n|-heal|p2a: Rotom|63\/100|[from] item: Leftovers\n|-damage|p1a: 7 INCH CUBANS|60\/100 brn|[from] brn\n|upkeep\n|turn|83\n|inactive|akakPUMPKIN has 240 seconds left.\n|\n|t:|1700606236\n|switch|p1a: CHUCKLES|Mandibuzz, F|39\/100 psn\n|move|p2a: Rotom|Volt Switch|p1a: CHUCKLES\n|-supereffective|p1a: CHUCKLES\n|-damage|p1a: CHUCKLES|3\/100 psn\n|\n|t:|1700606241\n|switch|p2a: Slowking|Slowking-Galar, M|99\/100 brn|[from] Volt Switch\n|-damage|p2a: Slowking|88\/100 brn|[from] Stealth Rock\n|\n|-weather|Snow|[upkeep]\n|-end|p1a: CHUCKLES|move: Future Sight\n|-immune|p1a: CHUCKLES\n|-damage|p1a: CHUCKLES|0 fnt|[from] psn\n|faint|p1a: CHUCKLES\n|-damage|p2a: Slowking|81\/100 brn|[from] brn\n|upkeep\n|c|\u2606akakPUMPKIN|damn gg\n|c|\u2606adem|not yet idt\n|inactive|akakPUMPKIN has 210 seconds left.\n|\n|t:|1700606270\n|switch|p1a: #8B572A|Lopunny-Mega, M|44\/100\n|-damage|p1a: #8B572A|38\/100|[from] Stealth Rock\n|turn|84\n|c|\u2606adem|this was a fun game regardless tho\n|\n|t:|1700606279\n|move|p1a: #8B572A|Fake Out|p2a: Slowking\n|-damage|p2a: Slowking|64\/100 brn\n|cant|p2a: Slowking|flinch\n|\n|-weather|Snow|[upkeep]\n|-damage|p2a: Slowking|58\/100 brn|[from] brn\n|upkeep\n|turn|85\n|c|\u2606akakPUMPKIN|How do I win\n|c|\u2606akakPUMPKIN|pray for crit?\n|c|\u2606adem|there are ways\n|inactive|akakPUMPKIN has 210 seconds left.\n|c|\u2606adem|depending on how this sequence goes\n|\n|t:|1700606315\n|switch|p1a: 7 INCH CUBANS|Toxapex, F, shiny|93\/100 brn\n|-damage|p1a: 7 INCH CUBANS|81\/100 brn|[from] Stealth Rock\n|move|p2a: Slowking|Sludge Bomb|p1a: 7 INCH CUBANS\n|-resisted|p1a: 7 INCH CUBANS\n|-damage|p1a: 7 INCH CUBANS|67\/100 brn\n|\n|-weather|Snow|[upkeep]\n|-damage|p1a: 7 INCH CUBANS|62\/100 brn|[from] brn\n|-damage|p2a: Slowking|52\/100 brn|[from] brn\n|upkeep\n|turn|86\n|\n|t:|1700606325\n|switch|p1a: #8B572A|Lopunny-Mega, M|38\/100\n|-damage|p1a: #8B572A|32\/100|[from] Stealth Rock\n|move|p2a: Slowking|Future Sight|p1a: #8B572A\n|-start|p2a: Slowking|move: Future Sight\n|\n|-weather|none\n|-damage|p2a: Slowking|46\/100 brn|[from] brn\n|upkeep\n|turn|87\n|\n|t:|1700606346\n|move|p1a: #8B572A|Frustration|p2a: Slowking\n|-damage|p2a: Slowking|8\/100 brn\n|move|p2a: Slowking|Sludge Bomb|p1a: #8B572A\n|-damage|p1a: #8B572A|0 fnt\n|faint|p1a: #8B572A\n|\n|-damage|p2a: Slowking|2\/100 brn|[from] brn\n|upkeep\n|inactive|akakPUMPKIN has 210 seconds left.\n|\n|t:|1700606353\n|switch|p1a: 7 INCH CUBANS|Toxapex, F, shiny|95\/100 brn\n|-damage|p1a: 7 INCH CUBANS|83\/100 brn|[from] Stealth Rock\n|turn|88\n|\n|t:|1700606360\n|switch|p2a: Rotom|Rotom-Wash|63\/100\n|-damage|p2a: Rotom|50\/100|[from] Stealth Rock\n|move|p1a: 7 INCH CUBANS|Scald|p2a: Rotom\n|-resisted|p2a: Rotom\n|-damage|p2a: Rotom|41\/100\n|\n|-end|p1a: 7 INCH CUBANS|move: Future Sight\n|-supereffective|p1a: 7 INCH CUBANS\n|-damage|p1a: 7 INCH CUBANS|11\/100 brn\n|-heal|p2a: Rotom|48\/100|[from] item: Leftovers\n|-damage|p1a: 7 INCH CUBANS|5\/100 brn|[from] brn\n|upkeep\n|turn|89\n|c|\u2606adem|yeah\n|c|\u2606adem|might be agg now\n|c|\u2606akakPUMPKIN|gg nice game\n|c|\u2606adem|u2 bro\n|-message|akakPUMPKIN forfeited.\n|\n|win|adem\n|l|\u2606akakPUMPKIN\n|c|\u2606adem|well played on ur part\n","uploadtime":1700606382,"views":1,"p1id":"akakpumpkin","p2id":"adem","formatid":"gen9nationaldex","rating":0,"private":0,"password":""}