{"id":"gen9nationaldex-1987058802","p1":"lxvliiz","p2":"Cruc1fixed","format":"[Gen 9] National Dex","log":"|j|\u2606lxvliiz\n|j|\u2606Cruc1fixed\n|t:|1699552700\n|gametype|singles\n|player|p1|lxvliiz|guitarist|1216\n|player|p2|Cruc1fixed|265|1215\n|teamsize|p1|6\n|teamsize|p2|6\n|gen|9\n|tier|[Gen 9] National Dex\n|rated|\n|rule|HP Percentage Mod: HP is shown in percentages\n|rule|Endless Battle Clause: Forcing endless battles is banned\n|rule|OHKO Clause: OHKO moves are banned\n|rule|Evasion Clause: Evasion abilities, items, and moves are banned\n|rule|Evasion Abilities Clause: Evasion abilities are banned\n|rule|Evasion Items Clause: Evasion items are banned\n|rule|Evasion Moves Clause: Evasion moves are banned\n|rule|Species Clause: Limit one of each Pok\u00e9mon\n|rule|Sleep Clause Mod: Limit one foe put to sleep\n|clearpoke\n|poke|p1|Charizard, F|\n|poke|p1|Azumarill, F|\n|poke|p1|Lilligant-Hisui, F|\n|poke|p1|Aegislash, M|\n|poke|p1|Nidoking, M|\n|poke|p1|Grimmsnarl, M|\n|poke|p2|Accelgor, F|\n|poke|p2|Banette, F|\n|poke|p2|Moltres|\n|poke|p2|Heracross, M|\n|poke|p2|Xurkitree|\n|poke|p2|Volcarona, F|\n|teampreview\n|inactive|Battle timer is ON: inactive players will automatically lose when time's up. (requested by Cruc1fixed)\n|\n|t:|1699552723\n|start\n|switch|p1a: Grimmsnarl|Grimmsnarl, M|100\/100\n|switch|p2a: Heracross|Heracross, M|100\/100\n|turn|1\n|\n|t:|1699552730\n|move|p1a: Grimmsnarl|Reflect|p1a: Grimmsnarl\n|-sidestart|p1: lxvliiz|Reflect\n|move|p2a: Heracross|Trailblaze|p1a: Grimmsnarl\n|-damage|p1a: Grimmsnarl|90\/100\n|-boost|p2a: Heracross|spe|1\n|\n|-status|p2a: Heracross|brn|[from] item: Flame Orb\n|upkeep\n|turn|2\n|\n|t:|1699552734\n|move|p1a: Grimmsnarl|Light Screen|p1a: Grimmsnarl\n|-sidestart|p1: lxvliiz|move: Light Screen\n|move|p2a: Heracross|Lunge|p1a: Grimmsnarl\n|-damage|p1a: Grimmsnarl|52\/100\n|-unboost|p1a: Grimmsnarl|atk|1\n|\n|-damage|p2a: Heracross|95\/100 brn|[from] brn\n|upkeep\n|turn|3\n|\n|t:|1699552747\n|move|p1a: Grimmsnarl|Parting Shot|p2a: Heracross\n|-unboost|p2a: Heracross|atk|1\n|-unboost|p2a: Heracross|spa|1\n|\n|t:|1699552754\n|switch|p1a: Charizard|Charizard, F|100\/100|[from] Parting Shot\n|move|p2a: Heracross|Trailblaze|p1a: Charizard\n|-resisted|p1a: Charizard\n|-damage|p1a: Charizard|97\/100\n|-boost|p2a: Heracross|spe|1\n|\n|-damage|p2a: Heracross|89\/100 brn|[from] brn\n|upkeep\n|turn|4\n|inactive|Cruc1fixed has 120 seconds left.\n|l|\u2606Cruc1fixed\n|inactive|Cruc1fixed disconnected and has a minute to reconnect!\n|player|p2|\n|j|\u2606Cruc1fixed\n|inactive|Cruc1fixed reconnected and has 105 seconds left.\n|player|p2|Cruc1fixed|265\n|\n|t:|1699552806\n|switch|p2a: Moltres|Moltres|100\/100\n|detailschange|p1a: Charizard|Charizard-Mega-Y, F\n|-mega|p1a: Charizard|Charizard|Charizardite Y\n|-weather|SunnyDay|[from] ability: Drought|[of] p1a: Charizard\n|move|p1a: Charizard|Flamethrower|p2a: Moltres\n|-resisted|p2a: Moltres\n|-damage|p2a: Moltres|61\/100\n|\n|-weather|SunnyDay|[upkeep]\n|upkeep\n|turn|5\n|\n|t:|1699552817\n|move|p1a: Charizard|Weather Ball|p2a: Moltres\n|-resisted|p2a: Moltres\n|-damage|p2a: Moltres|14\/100\n|move|p2a: Moltres|U-turn|p1a: Charizard\n|-resisted|p1a: Charizard\n|-damage|p1a: Charizard|95\/100\n|\n|t:|1699552826\n|switch|p2a: Banette|Banette, F|100\/100|[from] U-turn\n|-item|p1a: Charizard|Charizardite Y|[from] ability: Frisk|[of] p2a: Banette|[identify]\n|\n|-weather|SunnyDay|[upkeep]\n|-sideend|p1: lxvliiz|Reflect\n|upkeep\n|turn|6\n|\n|t:|1699552832\n|detailschange|p2a: Banette|Banette-Mega, F\n|-mega|p2a: Banette|Banette|Banettite\n|move|p2a: Banette|Destiny Bond|p2a: Banette\n|-singlemove|p2a: Banette|Destiny Bond\n|move|p1a: Charizard|Weather Ball|p2a: Banette\n|-damage|p2a: Banette|0 fnt\n|faint|p2a: Banette\n|-activate|p2a: Banette|move: Destiny Bond\n|faint|p1a: Charizard\n|\n|-weather|SunnyDay|[upkeep]\n|-sideend|p1: lxvliiz|move: Light Screen\n|upkeep\n|inactive|Cruc1fixed has 120 seconds left.\n|\n|t:|1699552856\n|switch|p1a: Lilligant|Lilligant-Hisui, F|100\/100\n|switch|p2a: Volcarona|Volcarona, F|100\/100\n|turn|7\n|\n|t:|1699552863\n|move|p1a: Lilligant|Poison Jab|p2a: Volcarona\n|-damage|p2a: Volcarona|57\/100\n|move|p2a: Volcarona|Quiver Dance|p2a: Volcarona\n|-boost|p2a: Volcarona|spa|1\n|-boost|p2a: Volcarona|spd|1\n|-boost|p2a: Volcarona|spe|1\n|\n|-weather|SunnyDay|[upkeep]\n|upkeep\n|turn|8\n|\n|t:|1699552871\n|move|p1a: Lilligant|Close Combat|p2a: Volcarona\n|-resisted|p2a: Volcarona\n|-damage|p2a: Volcarona|13\/100\n|-unboost|p1a: Lilligant|def|1\n|-unboost|p1a: Lilligant|spd|1\n|-status|p1a: Lilligant|brn|[from] ability: Flame Body|[of] p2a: Volcarona\n|move|p2a: Volcarona|Fiery Dance|p1a: Lilligant\n|-supereffective|p1a: Lilligant\n|-damage|p1a: Lilligant|0 fnt\n|-boost|p2a: Volcarona|spa|1\n|faint|p1a: Lilligant\n|\n|-weather|none\n|upkeep\n|\n|t:|1699552876\n|switch|p1a: Nidoking|Nidoking, M|100\/100\n|turn|9\n|\n|t:|1699552878\n|move|p2a: Volcarona|Psychic|p1a: Nidoking\n|-supereffective|p1a: Nidoking\n|-damage|p1a: Nidoking|0 fnt\n|faint|p1a: Nidoking\n|\n|upkeep\n|\n|t:|1699552884\n|switch|p1a: Azumarill|Azumarill, F|100\/100\n|turn|10\n|\n|t:|1699552887\n|-terastallize|p1a: Azumarill|Water\n|move|p1a: Azumarill|Aqua Jet|p2a: Volcarona\n|-supereffective|p2a: Volcarona\n|-damage|p2a: Volcarona|0 fnt\n|faint|p2a: Volcarona\n|\n|upkeep\n|\n|t:|1699552891\n|switch|p2a: Heracross|Heracross, M|89\/100 brn\n|turn|11\n|\n|t:|1699552894\n|move|p2a: Heracross|Trailblaze|p1a: Azumarill\n|-supereffective|p1a: Azumarill\n|-damage|p1a: Azumarill|42\/100\n|-boost|p2a: Heracross|spe|1\n|-enditem|p1a: Azumarill|Sitrus Berry|[eat]\n|-heal|p1a: Azumarill|67\/100|[from] item: Sitrus Berry\n|move|p1a: Azumarill|Belly Drum|p1a: Azumarill\n|-damage|p1a: Azumarill|17\/100\n|-setboost|p1a: Azumarill|atk|6|[from] move: Belly Drum\n|\n|-damage|p2a: Heracross|83\/100 brn|[from] brn\n|upkeep\n|turn|12\n|\n|t:|1699552905\n|move|p1a: Azumarill|Aqua Jet|p2a: Heracross\n|-damage|p2a: Heracross|0 fnt\n|faint|p2a: Heracross\n|\n|upkeep\n|\n|t:|1699552909\n|switch|p2a: Accelgor|Accelgor, F|100\/100\n|turn|13\n|\n|t:|1699552914\n|-terastallize|p2a: Accelgor|Water\n|move|p2a: Accelgor|Water Shuriken|p1a: Azumarill\n|-resisted|p1a: Azumarill\n|-damage|p1a: Azumarill|14\/100\n|-resisted|p1a: Azumarill\n|-damage|p1a: Azumarill|10\/100\n|-hitcount|p1a: Azumarill|2\n|move|p1a: Azumarill|Aqua Jet|p2a: Accelgor\n|-resisted|p2a: Accelgor\n|-damage|p2a: Accelgor|0 fnt\n|faint|p2a: Accelgor\n|\n|upkeep\n|\n|t:|1699552924\n|switch|p2a: Moltres|Moltres|14\/100\n|turn|14\n|\n|t:|1699552927\n|move|p1a: Azumarill|Aqua Jet|p2a: Moltres\n|-supereffective|p2a: Moltres\n|-damage|p2a: Moltres|0 fnt\n|-status|p1a: Azumarill|brn|[from] ability: Flame Body|[of] p2a: Moltres\n|faint|p2a: Moltres\n|\n|-damage|p1a: Azumarill|4\/100 brn|[from] brn\n|upkeep\n|\n|t:|1699552929\n|switch|p2a: Xurkitree|Xurkitree|100\/100\n|turn|15\n|\n|t:|1699552935\n|move|p1a: Azumarill|Aqua Jet|p2a: Xurkitree\n|-damage|p2a: Xurkitree|5\/100\n|move|p2a: Xurkitree|Thunderbolt|p1a: Azumarill\n|-supereffective|p1a: Azumarill\n|-damage|p1a: Azumarill|0 fnt\n|faint|p1a: Azumarill\n|-ability|p2a: Xurkitree|Beast Boost|boost\n|-boost|p2a: Xurkitree|spa|1\n|\n|upkeep\n|\n|t:|1699552940\n|switch|p1a: Grimmsnarl|Grimmsnarl, M|52\/100\n|turn|16\n|\n|t:|1699552943\n|move|p1a: Grimmsnarl|Light Screen|p1a: Grimmsnarl\n|-sidestart|p1: lxvliiz|move: Light Screen\n|move|p2a: Xurkitree|Thunderbolt|p1a: Grimmsnarl\n|-damage|p1a: Grimmsnarl|20\/100\n|\n|upkeep\n|turn|17\n|\n|t:|1699552946\n|move|p1a: Grimmsnarl|Parting Shot|p2a: Xurkitree\n|-unboost|p2a: Xurkitree|atk|1\n|-unboost|p2a: Xurkitree|spa|1\n|\n|t:|1699552949\n|switch|p1a: Aegislash|Aegislash, M|100\/100|[from] Parting Shot\n|move|p2a: Xurkitree|Thunderbolt|p1a: Aegislash\n|-damage|p1a: Aegislash|82\/100\n|\n|upkeep\n|turn|18\n|\n|t:|1699552951\n|move|p2a: Xurkitree|Thunderbolt|p1a: Aegislash\n|-damage|p1a: Aegislash|65\/100\n|-formechange|p1a: Aegislash|Aegislash-Blade||[from] ability: Stance Change\n|move|p1a: Aegislash|Gyro Ball|p2a: Xurkitree\n|-resisted|p2a: Xurkitree\n|-damage|p2a: Xurkitree|0 fnt\n|faint|p2a: Xurkitree\n|\n|win|lxvliiz\n|raw|lxvliiz's rating: 1216 &rarr; <strong>1241<\/strong><br \/>(+25 for winning)\n|raw|Cruc1fixed's rating: 1215 &rarr; <strong>1190<\/strong><br \/>(-25 for losing)\n|l|\u2606Cruc1fixed\n|c|\u2606lxvliiz|gg\n","uploadtime":1699552962,"views":4,"p1id":"lxvliiz","p2id":"cruc1fixed","formatid":"gen9nationaldex","rating":1190,"private":0,"password":""}