{"id":"gen9nationaldex-1995524672","p1":"schoolboy333","p2":"mnrch","format":"[Gen 9] National Dex","log":"|html|<div class=\"broadcast-blue\"><strong>[Gen 9] National Dex is currently suspecting Sneasler! For information on how to participate check out the <a href=\"https:\/\/www.smogon.com\/forums\/threads\/sv-national-dex-suspect-8-just-dance.3731534\/\">suspect thread<\/a>.<\/strong><\/div>\n|j|\u2606schoolboy333\n|j|\u2606mnrch\n|t:|1700579755\n|gametype|singles\n|player|p1|schoolboy333|byron|1165\n|player|p2|mnrch|lance|1237\n|teamsize|p1|6\n|teamsize|p2|6\n|gen|9\n|tier|[Gen 9] National Dex\n|rated|\n|rule|HP Percentage Mod: HP is shown in percentages\n|rule|Endless Battle Clause: Forcing endless battles is banned\n|rule|OHKO Clause: OHKO moves are banned\n|rule|Evasion Clause: Evasion abilities, items, and moves are banned\n|rule|Evasion Abilities Clause: Evasion abilities are banned\n|rule|Evasion Items Clause: Evasion items are banned\n|rule|Evasion Moves Clause: Evasion moves are banned\n|rule|Species Clause: Limit one of each Pok\u00e9mon\n|rule|Sleep Clause Mod: Limit one foe put to sleep\n|clearpoke\n|poke|p1|Dragonite, M|\n|poke|p1|Hatterene, F|\n|poke|p1|Keldeo|\n|poke|p1|Ogerpon-Cornerstone, F|\n|poke|p1|Aegislash, F|\n|poke|p1|Mawile, F|\n|poke|p2|Charizard, M|\n|poke|p2|Kommo-o, F|\n|poke|p2|Ninetales-Alola, F|\n|poke|p2|Metagross|\n|poke|p2|Serperior, M|\n|poke|p2|Inteleon, F|\n|teampreview\n|j| samsung television\n|inactive|Battle timer is ON: inactive players will automatically lose when time's up. (requested by mnrch)\n|\n|t:|1700579776\n|start\n|switch|p1a: Aegislash|Aegislash, F|100\/100\n|switch|p2a: Ninetales|Ninetales-Alola, F|100\/100\n|-weather|Snow|[from] ability: Snow Warning|[of] p2a: Ninetales\n|turn|1\n|\n|t:|1700579783\n|move|p2a: Ninetales|Aurora Veil|p2a: Ninetales\n|-sidestart|p2: mnrch|move: Aurora Veil\n|move|p1a: Aegislash|Swords Dance|p1a: Aegislash\n|-boost|p1a: Aegislash|atk|2\n|\n|-weather|Snow|[upkeep]\n|upkeep\n|turn|2\n|\n|t:|1700579796\n|switch|p2a: Inteleon|Inteleon, F|100\/100\n|move|p1a: Aegislash|Swords Dance|p1a: Aegislash\n|-boost|p1a: Aegislash|atk|2\n|\n|-weather|Snow|[upkeep]\n|upkeep\n|turn|3\n|\n|t:|1700579809\n|-formechange|p1a: Aegislash|Aegislash-Blade||[from] ability: Stance Change\n|move|p1a: Aegislash|Shadow Sneak|p2a: Inteleon\n|-damage|p2a: Inteleon|37\/100\n|move|p2a: Inteleon|Snipe Shot|p1a: Aegislash\n|-damage|p1a: Aegislash|0 fnt\n|faint|p1a: Aegislash\n|-damage|p2a: Inteleon|27\/100|[from] item: Life Orb\n|\n|-weather|Snow|[upkeep]\n|upkeep\n|inactive|schoolboy333 has 120 seconds left.\n|\n|t:|1700579840\n|switch|p1a: Dragonite|Dragonite, M|100\/100\n|turn|4\n|inactive|schoolboy333 has 120 seconds left.\n|\n|t:|1700579851\n|move|p2a: Inteleon|Ice Beam|p1a: Dragonite\n|-supereffective|p1a: Dragonite\n|-damage|p1a: Dragonite|51\/100\n|-damage|p2a: Inteleon|17\/100|[from] item: Life Orb\n|move|p1a: Dragonite|Curse|p1a: Dragonite\n|-unboost|p1a: Dragonite|spe|1\n|-boost|p1a: Dragonite|atk|1\n|-boost|p1a: Dragonite|def|1\n|\n|-weather|Snow|[upkeep]\n|-heal|p1a: Dragonite|57\/100|[from] item: Leftovers\n|upkeep\n|turn|5\n|inactive|schoolboy333 has 120 seconds left.\n|\n|t:|1700579864\n|move|p1a: Dragonite|Extreme Speed|p2a: Inteleon\n|-damage|p2a: Inteleon|0 fnt\n|faint|p2a: Inteleon\n|\n|-weather|none\n|-heal|p1a: Dragonite|64\/100|[from] item: Leftovers\n|-sideend|p2: mnrch|move: Aurora Veil\n|upkeep\n|\n|t:|1700579870\n|switch|p2a: Ninetales|Ninetales-Alola, F|100\/100\n|-weather|Snow|[from] ability: Snow Warning|[of] p2a: Ninetales\n|turn|6\n|inactive|schoolboy333 has 120 seconds left.\n|\n|t:|1700579886\n|-terastallize|p1a: Dragonite|Normal\n|move|p2a: Ninetales|Aurora Veil|p2a: Ninetales\n|-sidestart|p2: mnrch|move: Aurora Veil\n|move|p1a: Dragonite|Curse|p1a: Dragonite\n|-unboost|p1a: Dragonite|spe|1\n|-boost|p1a: Dragonite|atk|1\n|-boost|p1a: Dragonite|def|1\n|\n|-weather|Snow|[upkeep]\n|-heal|p1a: Dragonite|70\/100|[from] item: Leftovers\n|upkeep\n|turn|7\n|inactive|schoolboy333 has 120 seconds left.\n|\n|t:|1700579909\n|move|p2a: Ninetales|Blizzard|p1a: Dragonite\n|-damage|p1a: Dragonite|42\/100\n|move|p1a: Dragonite|Curse|p1a: Dragonite\n|-unboost|p1a: Dragonite|spe|1\n|-boost|p1a: Dragonite|atk|1\n|-boost|p1a: Dragonite|def|1\n|\n|-weather|Snow|[upkeep]\n|-heal|p1a: Dragonite|49\/100|[from] item: Leftovers\n|upkeep\n|turn|8\n|\n|t:|1700579924\n|move|p2a: Ninetales|Blizzard|p1a: Dragonite\n|-damage|p1a: Dragonite|23\/100\n|move|p1a: Dragonite|Roost|p1a: Dragonite\n|-heal|p1a: Dragonite|73\/100\n|\n|-weather|Snow|[upkeep]\n|-heal|p1a: Dragonite|79\/100|[from] item: Leftovers\n|upkeep\n|turn|9\n|\n|t:|1700579934\n|move|p2a: Ninetales|Blizzard|p1a: Dragonite\n|-damage|p1a: Dragonite|54\/100\n|move|p1a: Dragonite|Curse|p1a: Dragonite\n|-unboost|p1a: Dragonite|spe|1\n|-boost|p1a: Dragonite|atk|1\n|-boost|p1a: Dragonite|def|1\n|\n|-weather|Snow|[upkeep]\n|-heal|p1a: Dragonite|60\/100|[from] item: Leftovers\n|upkeep\n|turn|10\n|\n|t:|1700579939\n|move|p2a: Ninetales|Blizzard|p1a: Dragonite\n|-damage|p1a: Dragonite|32\/100\n|move|p1a: Dragonite|Curse|p1a: Dragonite\n|-unboost|p1a: Dragonite|spe|1\n|-boost|p1a: Dragonite|atk|1\n|-boost|p1a: Dragonite|def|1\n|\n|-weather|none\n|-heal|p1a: Dragonite|39\/100|[from] item: Leftovers\n|-sideend|p2: mnrch|move: Aurora Veil\n|upkeep\n|turn|11\n|inactive|schoolboy333 has 120 seconds left.\n|\n|t:|1700579950\n|switch|p2a: Metagross|Metagross|100\/100\n|move|p1a: Dragonite|Roost|p1a: Dragonite\n|-heal|p1a: Dragonite|89\/100\n|\n|-heal|p1a: Dragonite|95\/100|[from] item: Leftovers\n|upkeep\n|turn|12\n|inactive|schoolboy333 has 120 seconds left.\n|\n|t:|1700579962\n|move|p2a: Metagross|Hammer Arm|p1a: Dragonite\n|-supereffective|p1a: Dragonite\n|-damage|p1a: Dragonite|75\/100\n|-unboost|p2a: Metagross|spe|1\n|move|p1a: Dragonite|Earthquake|p2a: Metagross\n|-supereffective|p2a: Metagross\n|-damage|p2a: Metagross|0 fnt\n|faint|p2a: Metagross\n|\n|-heal|p1a: Dragonite|81\/100|[from] item: Leftovers\n|upkeep\n|\n|t:|1700579970\n|switch|p2a: Kommo-o|Kommo-o, F|100\/100\n|turn|13\n|\n|t:|1700579975\n|move|p1a: Dragonite|Extreme Speed|p2a: Kommo-o\n|-damage|p2a: Kommo-o|0 fnt\n|faint|p2a: Kommo-o\n|\n|-heal|p1a: Dragonite|88\/100|[from] item: Leftovers\n|upkeep\n|\n|t:|1700579979\n|switch|p2a: Charizard|Charizard, M|100\/100\n|turn|14\n|\n|t:|1700579982\n|detailschange|p2a: Charizard|Charizard-Mega-Y, M\n|-mega|p2a: Charizard|Charizard|Charizardite Y\n|-weather|SunnyDay|[from] ability: Drought|[of] p2a: Charizard\n|move|p1a: Dragonite|Extreme Speed|p2a: Charizard\n|-damage|p2a: Charizard|0 fnt\n|faint|p2a: Charizard\n|\n|-weather|SunnyDay|[upkeep]\n|-heal|p1a: Dragonite|94\/100|[from] item: Leftovers\n|upkeep\n|\n|t:|1700579985\n|switch|p2a: Ninetales|Ninetales-Alola, F|100\/100\n|-weather|Snow|[from] ability: Snow Warning|[of] p2a: Ninetales\n|turn|15\n|\n|t:|1700579990\n|move|p1a: Dragonite|Extreme Speed|p2a: Ninetales\n|-damage|p2a: Ninetales|0 fnt\n|faint|p2a: Ninetales\n|\n|-weather|Snow|[upkeep]\n|-heal|p1a: Dragonite|99\/100|[from] item: Leftovers\n|upkeep\n|-message|mnrch forfeited.\n|\n|win|schoolboy333\n|raw|schoolboy333's rating: 1165 &rarr; <strong>1195<\/strong><br \/>(+30 for winning)\n|raw|mnrch's rating: 1237 &rarr; <strong>1207<\/strong><br \/>(-30 for losing)\n|l|\u2606mnrch\n|c|\u2606schoolboy333|gg\n","uploadtime":1700580007,"views":11,"p1id":"schoolboy333","p2id":"mnrch","formatid":"gen9nationaldex","rating":1195,"private":0,"password":""}