{"id":"gen9nationaldex-1988083763","p1":"SergioHal","p2":"PikachuXD317878","format":"[Gen 9] National Dex","log":"|j|\u2606SergioHal\n|j|\u2606PikachuXD317878\n|t:|1699667527\n|gametype|singles\n|player|p1|SergioHal|depotagent|\n|player|p2|PikachuXD317878|rye|\n|teamsize|p1|6\n|teamsize|p2|6\n|gen|9\n|tier|[Gen 9] National Dex\n|rule|HP Percentage Mod: HP is shown in percentages\n|rule|Endless Battle Clause: Forcing endless battles is banned\n|rule|OHKO Clause: OHKO moves are banned\n|rule|Evasion Clause: Evasion abilities, items, and moves are banned\n|rule|Evasion Abilities Clause: Evasion abilities are banned\n|rule|Evasion Items Clause: Evasion items are banned\n|rule|Evasion Moves Clause: Evasion moves are banned\n|rule|Species Clause: Limit one of each Pok\u00e9mon\n|rule|Sleep Clause Mod: Limit one foe put to sleep\n|clearpoke\n|poke|p1|Dragonite, F|\n|poke|p1|Rillaboom, F|\n|poke|p1|Garganacl, F|\n|poke|p1|Alakazam, F|\n|poke|p1|Aegislash, F|\n|poke|p1|Landorus-Therian, M|\n|poke|p2|Tapu Koko|\n|poke|p2|Sneasler, M|\n|poke|p2|Iron Valiant|\n|poke|p2|Landorus-Therian, M|\n|poke|p2|Heatran, F|\n|poke|p2|Manaphy|\n|teampreview\n|inactive|Battle timer is ON: inactive players will automatically lose when time's up. (requested by PikachuXD317878)\n|c|\u2606PikachuXD317878|suerte\n|c|\u2606SergioHal|Suerte\n|\n|t:|1699667544\n|start\n|switch|p1a: Landorus|Landorus-Therian, M|100\/100\n|switch|p2a: Tapu Koko|Tapu Koko|100\/100\n|-fieldstart|move: Electric Terrain|[from] ability: Electric Surge|[of] p2a: Tapu Koko\n|-ability|p1a: Landorus|Intimidate|boost\n|-unboost|p2a: Tapu Koko|atk|1\n|turn|1\n|\n|t:|1699667552\n|move|p2a: Tapu Koko|U-turn|p1a: Landorus\n|-resisted|p1a: Landorus\n|-damage|p1a: Landorus|93\/100\n|-damage|p2a: Tapu Koko|84\/100|[from] item: Rocky Helmet|[of] p1a: Landorus\n|\n|t:|1699667554\n|switch|p2a: Landorus|Landorus-Therian, M|100\/100|[from] U-turn\n|-ability|p2a: Landorus|Intimidate|boost\n|-unboost|p1a: Landorus|atk|1\n|move|p1a: Landorus|Stealth Rock|p2a: Landorus\n|-sidestart|p2: PikachuXD317878|move: Stealth Rock\n|\n|upkeep\n|turn|2\n|\n|t:|1699667562\n|move|p1a: Landorus|Toxic|p2a: Landorus\n|-status|p2a: Landorus|tox\n|move|p2a: Landorus|Stealth Rock|p1a: Landorus\n|-sidestart|p1: SergioHal|move: Stealth Rock\n|\n|-damage|p2a: Landorus|94\/100 tox|[from] psn\n|upkeep\n|turn|3\n|\n|t:|1699667566\n|move|p1a: Landorus|U-turn|p2a: Landorus\n|-resisted|p2a: Landorus\n|-damage|p2a: Landorus|86\/100 tox\n|-damage|p1a: Landorus|76\/100|[from] item: Rocky Helmet|[of] p2a: Landorus\n|\n|t:|1699667574\n|switch|p1a: Dragonite|Dragonite, F|100\/100|[from] U-turn\n|move|p2a: Landorus|Knock Off|p1a: Dragonite\n|-damage|p1a: Dragonite|84\/100\n|-enditem|p1a: Dragonite|Heavy-Duty Boots|[from] move: Knock Off|[of] p2a: Landorus\n|\n|-damage|p2a: Landorus|74\/100 tox|[from] psn\n|upkeep\n|turn|4\n|\n|t:|1699667583\n|move|p1a: Dragonite|Dragon Dance|p1a: Dragonite\n|-boost|p1a: Dragonite|atk|1\n|-boost|p1a: Dragonite|spe|1\n|move|p2a: Landorus|U-turn|p1a: Dragonite\n|-resisted|p1a: Dragonite\n|-damage|p1a: Dragonite|72\/100\n|\n|t:|1699667598\n|switch|p2a: Heatran|Heatran, F|100\/100|[from] U-turn\n|-damage|p2a: Heatran|88\/100|[from] Stealth Rock\n|\n|-heal|p2a: Heatran|94\/100|[from] item: Leftovers\n|upkeep\n|turn|5\n|\n|t:|1699667604\n|-terastallize|p2a: Heatran|Grass\n|move|p1a: Dragonite|Earthquake|p2a: Heatran\n|-resisted|p2a: Heatran\n|-damage|p2a: Heatran|68\/100\n|move|p2a: Heatran|Toxic|p1a: Dragonite\n|-status|p1a: Dragonite|tox\n|\n|-heal|p2a: Heatran|74\/100|[from] item: Leftovers\n|-damage|p1a: Dragonite|66\/100 tox|[from] psn\n|-fieldend|move: Electric Terrain\n|upkeep\n|turn|6\n|\n|t:|1699667609\n|move|p1a: Dragonite|Ice Spinner|p2a: Heatran\n|-supereffective|p2a: Heatran\n|-damage|p2a: Heatran|0 fnt\n|faint|p2a: Heatran\n|\n|-damage|p1a: Dragonite|53\/100 tox|[from] psn\n|upkeep\n|\n|t:|1699667612\n|switch|p2a: Landorus|Landorus-Therian, M|74\/100 tox\n|-damage|p2a: Landorus|61\/100 tox|[from] Stealth Rock\n|-ability|p2a: Landorus|Intimidate|boost\n|-unboost|p1a: Dragonite|atk|1\n|turn|7\n|\n|t:|1699667618\n|move|p1a: Dragonite|Ice Spinner|p2a: Landorus\n|-supereffective|p2a: Landorus\n|-damage|p2a: Landorus|0 fnt\n|-damage|p1a: Dragonite|37\/100 tox|[from] item: Rocky Helmet|[of] p2a: Landorus\n|faint|p2a: Landorus\n|\n|-damage|p1a: Dragonite|18\/100 tox|[from] psn\n|upkeep\n|\n|t:|1699667621\n|switch|p2a: Tapu Koko|Tapu Koko|84\/100\n|-damage|p2a: Tapu Koko|72\/100|[from] Stealth Rock\n|-fieldstart|move: Electric Terrain|[from] ability: Electric Surge|[of] p2a: Tapu Koko\n|turn|8\n|\n|t:|1699667630\n|move|p1a: Dragonite|Extreme Speed|p2a: Tapu Koko\n|-damage|p2a: Tapu Koko|33\/100\n|move|p2a: Tapu Koko|U-turn|p1a: Dragonite\n|-resisted|p1a: Dragonite\n|-damage|p1a: Dragonite|9\/100 tox\n|\n|t:|1699667637\n|switch|p2a: Sneasler|Sneasler, M|100\/100|[from] U-turn\n|-damage|p2a: Sneasler|95\/100|[from] Stealth Rock\n|-enditem|p2a: Sneasler|Electric Seed\n|-boost|p2a: Sneasler|def|1|[from] item: Electric Seed\n|\n|-damage|p1a: Dragonite|0 fnt|[from] psn\n|faint|p1a: Dragonite\n|upkeep\n|\n|t:|1699667641\n|switch|p1a: Alakazam|Alakazam, F|100\/100\n|turn|9\n|\n|t:|1699667651\n|move|p2a: Sneasler|Dire Claw|p1a: Alakazam\n|-enditem|p1a: Alakazam|Focus Sash\n|-damage|p1a: Alakazam|1\/100\n|-status|p1a: Alakazam|psn\n|move|p1a: Alakazam|Psychic|p2a: Sneasler\n|-supereffective|p2a: Sneasler\n|-damage|p2a: Sneasler|0 fnt\n|faint|p2a: Sneasler\n|\n|upkeep\n|\n|t:|1699667662\n|switch|p2a: Iron Valiant|Iron Valiant|100\/100\n|-damage|p2a: Iron Valiant|94\/100|[from] Stealth Rock\n|-activate|p2a: Iron Valiant|ability: Quark Drive\n|-start|p2a: Iron Valiant|quarkdrivespe\n|turn|10\n|\n|t:|1699667669\n|move|p2a: Iron Valiant|Aura Sphere|p1a: Alakazam\n|-resisted|p1a: Alakazam\n|-damage|p1a: Alakazam|0 fnt\n|faint|p1a: Alakazam\n|-damage|p2a: Iron Valiant|85\/100|[from] item: Life Orb\n|\n|upkeep\n|\n|t:|1699667694\n|switch|p1a: Landorus|Landorus-Therian, M|76\/100\n|-damage|p1a: Landorus|64\/100|[from] Stealth Rock\n|-ability|p1a: Landorus|Intimidate|boost\n|-unboost|p2a: Iron Valiant|atk|1\n|turn|11\n|\n|t:|1699667699\n|move|p2a: Iron Valiant|Moonblast|p1a: Landorus\n|-damage|p1a: Landorus|0 fnt\n|faint|p1a: Landorus\n|-damage|p2a: Iron Valiant|75\/100|[from] item: Life Orb\n|\n|upkeep\n|\n|t:|1699667707\n|switch|p1a: Rillaboom|Rillaboom, F|100\/100\n|-damage|p1a: Rillaboom|88\/100|[from] Stealth Rock\n|-fieldstart|move: Grassy Terrain|[from] ability: Grassy Surge|[of] p1a: Rillaboom\n|-end|p2a: Iron Valiant|Quark Drive\n|turn|12\n|\n|t:|1699667714\n|move|p1a: Rillaboom|Grassy Glide|p2a: Iron Valiant\n|-damage|p2a: Iron Valiant|2\/100\n|move|p2a: Iron Valiant|Moonblast|p1a: Rillaboom\n|-damage|p1a: Rillaboom|11\/100\n|-unboost|p1a: Rillaboom|spa|1\n|-damage|p2a: Iron Valiant|0 fnt|[from] item: Life Orb\n|faint|p2a: Iron Valiant\n|-end|p2a: Iron Valiant|Quark Drive|[silent]\n|\n|-heal|p1a: Rillaboom|17\/100|[from] Grassy Terrain\n|upkeep\n|\n|t:|1699667719\n|switch|p2a: Tapu Koko|Tapu Koko|33\/100\n|-damage|p2a: Tapu Koko|21\/100|[from] Stealth Rock\n|-fieldstart|move: Electric Terrain|[from] ability: Electric Surge|[of] p2a: Tapu Koko\n|turn|13\n|\n|t:|1699667722\n|move|p2a: Tapu Koko|U-turn|p1a: Rillaboom\n|-supereffective|p1a: Rillaboom\n|-damage|p1a: Rillaboom|0 fnt\n|faint|p1a: Rillaboom\n|\n|t:|1699667724\n|switch|p2a: Manaphy|Manaphy|100\/100|[from] U-turn\n|-damage|p2a: Manaphy|88\/100|[from] Stealth Rock\n|\n|upkeep\n|\n|t:|1699667731\n|switch|p1a: Garganacl|Garganacl, F|100\/100\n|-damage|p1a: Garganacl|88\/100|[from] Stealth Rock\n|turn|14\n|\n|t:|1699667735\n|move|p2a: Manaphy|Tail Glow|p2a: Manaphy\n|-boost|p2a: Manaphy|spa|3\n|move|p1a: Garganacl|Salt Cure|p2a: Manaphy\n|-damage|p2a: Manaphy|74\/100\n|-start|p2a: Manaphy|Salt Cure\n|\n|-heal|p1a: Garganacl|94\/100|[from] item: Leftovers\n|-damage|p2a: Manaphy|49\/100|[from] Salt Cure\n|upkeep\n|turn|15\n|\n|t:|1699667743\n|-terastallize|p1a: Garganacl|Water\n|move|p2a: Manaphy|Surf|p1a: Garganacl\n|-resisted|p1a: Garganacl\n|-damage|p1a: Garganacl|62\/100\n|move|p1a: Garganacl|Body Press|p2a: Manaphy\n|-damage|p2a: Manaphy|27\/100\n|\n|-heal|p1a: Garganacl|68\/100|[from] item: Leftovers\n|-damage|p2a: Manaphy|2\/100|[from] Salt Cure\n|upkeep\n|-enditem|p2a: Manaphy|Salac Berry|[eat]\n|-boost|p2a: Manaphy|spe|1|[from] item: Salac Berry\n|turn|16\n|\n|t:|1699667746\n|move|p2a: Manaphy|Energy Ball|p1a: Garganacl\n|-supereffective|p1a: Garganacl\n|-damage|p1a: Garganacl|0 fnt\n|faint|p1a: Garganacl\n|\n|-damage|p2a: Manaphy|0 fnt|[from] Salt Cure\n|faint|p2a: Manaphy\n|upkeep\n|\n|t:|1699667750\n|switch|p2a: Tapu Koko|Tapu Koko|21\/100\n|switch|p1a: Aegislash|Aegislash, F|100\/100\n|-damage|p2a: Tapu Koko|9\/100|[from] Stealth Rock\n|-damage|p1a: Aegislash|94\/100|[from] Stealth Rock\n|turn|17\n|c|\u2606PikachuXD317878|gg\n|\n|t:|1699667757\n|move|p2a: Tapu Koko|Taunt|p1a: Aegislash\n|-start|p1a: Aegislash|move: Taunt\n|-zpower|p1a: Aegislash\n|-formechange|p1a: Aegislash|Aegislash-Blade||[from] ability: Stance Change\n|move|p1a: Aegislash|Never-Ending Nightmare|p2a: Tapu Koko|[zeffect]\n|-damage|p2a: Tapu Koko|0 fnt\n|faint|p2a: Tapu Koko\n|\n|win|SergioHal\n|c|\u2606SergioHal|Gg\n","uploadtime":1699667769,"views":25,"p1id":"sergiohal","p2id":"pikachuxd317878","formatid":"gen9nationaldex","rating":0,"private":0,"password":""}