{"id":"gen9nationaldex-1997823199","p1":"Rairuu","p2":"Yahar","format":"[Gen 9] National Dex","log":"|html|<div class=\"broadcast-blue\"><strong>[Gen 9] National Dex is currently suspecting Sneasler! For information on how to participate check out the <a href=\"https:\/\/www.smogon.com\/forums\/threads\/sv-national-dex-suspect-8-just-dance.3731534\/\">suspect thread<\/a>.<\/strong><\/div>\n|j|\u2606Rairuu\n|j|\u2606Yahar\n|t:|1700856543\n|gametype|singles\n|player|p1|Rairuu|266|1208\n|player|p2|Yahar|shauntal|1135\n|teamsize|p1|6\n|teamsize|p2|6\n|gen|9\n|tier|[Gen 9] National Dex\n|rated|\n|rule|HP Percentage Mod: HP is shown in percentages\n|rule|Endless Battle Clause: Forcing endless battles is banned\n|rule|OHKO Clause: OHKO moves are banned\n|rule|Evasion Clause: Evasion abilities, items, and moves are banned\n|rule|Evasion Abilities Clause: Evasion abilities are banned\n|rule|Evasion Items Clause: Evasion items are banned\n|rule|Evasion Moves Clause: Evasion moves are banned\n|rule|Species Clause: Limit one of each Pok\u00e9mon\n|rule|Sleep Clause Mod: Limit one foe put to sleep\n|clearpoke\n|poke|p1|Metagross|\n|poke|p1|Dragalge, F|\n|poke|p1|Cinderace, F|\n|poke|p1|Greninja-*, M|\n|poke|p1|Manectric, F|\n|poke|p1|Landorus-Therian, M|\n|poke|p2|Pinsir, M|\n|poke|p2|Ribombee, F|\n|poke|p2|Great Tusk|\n|poke|p2|Rillaboom, F|\n|poke|p2|Heatran, F|\n|poke|p2|Greninja-*, M|\n|teampreview\n|inactive|Battle timer is ON: inactive players will automatically lose when time's up. (requested by Yahar)\n|\n|t:|1700856556\n|start\n|switch|p1a: Landorus|Landorus-Therian, M|100\/100\n|switch|p2a: Greninja|Greninja, M|100\/100\n|-ability|p1a: Landorus|Intimidate|boost\n|-unboost|p2a: Greninja|atk|1\n|turn|1\n|inactive|Rairuu has 120 seconds left.\n|\n|t:|1700856587\n|switch|p1a: Dragalge|Dragalge, F|100\/100\n|move|p2a: Greninja|Water Shuriken|p1a: Dragalge\n|-resisted|p1a: Dragalge\n|-damage|p1a: Dragalge|98\/100\n|-resisted|p1a: Dragalge\n|-damage|p1a: Dragalge|95\/100\n|-resisted|p1a: Dragalge\n|-damage|p1a: Dragalge|92\/100\n|-resisted|p1a: Dragalge\n|-damage|p1a: Dragalge|89\/100\n|-resisted|p1a: Dragalge\n|-damage|p1a: Dragalge|86\/100\n|-hitcount|p1a: Dragalge|5\n|\n|upkeep\n|turn|2\n|inactive|Rairuu has 120 seconds left.\n|\n|t:|1700856602\n|-terastallize|p1a: Dragalge|Water\n|move|p2a: Greninja|U-turn|p1a: Dragalge\n|-damage|p1a: Dragalge|76\/100\n|\n|t:|1700856614\n|switch|p2a: Rillaboom|Rillaboom, F|100\/100|[from] U-turn\n|-fieldstart|move: Grassy Terrain|[from] ability: Grassy Surge|[of] p2a: Rillaboom\n|move|p1a: Dragalge|Focus Blast|p2a: Rillaboom\n|-damage|p2a: Rillaboom|28\/100\n|\n|-heal|p2a: Rillaboom|35\/100|[from] Grassy Terrain\n|-heal|p2a: Rillaboom|41\/100|[from] item: Leftovers\n|-heal|p1a: Dragalge|82\/100|[from] Grassy Terrain\n|upkeep\n|turn|3\n|inactive|Rairuu has 120 seconds left.\n|\n|t:|1700856626\n|switch|p1a: Landorus|Landorus-Therian, M|100\/100\n|-ability|p1a: Landorus|Intimidate|boost\n|-unboost|p2a: Rillaboom|atk|1\n|move|p2a: Rillaboom|Grassy Glide|p1a: Landorus\n|-damage|p1a: Landorus|74\/100\n|\n|-heal|p2a: Rillaboom|47\/100|[from] Grassy Terrain\n|-heal|p2a: Rillaboom|53\/100|[from] item: Leftovers\n|upkeep\n|turn|4\n|inactive|Rairuu has 120 seconds left.\n|\n|t:|1700856636\n|move|p1a: Landorus|U-turn|p2a: Rillaboom\n|-supereffective|p2a: Rillaboom\n|-damage|p2a: Rillaboom|0 fnt\n|faint|p2a: Rillaboom\n|\n|t:|1700856641\n|switch|p1a: Cinderace|Cinderace, F|100\/100|[from] U-turn\n|\n|upkeep\n|\n|t:|1700856652\n|switch|p2a: Pinsir|Pinsir, M|100\/100\n|turn|5\n|\n|t:|1700856658\n|detailschange|p2a: Pinsir|Pinsir-Mega, M\n|-mega|p2a: Pinsir|Pinsir|Pinsirite\n|move|p1a: Cinderace|Pyro Ball|p2a: Pinsir\n|-supereffective|p2a: Pinsir\n|-damage|p2a: Pinsir|0 fnt\n|faint|p2a: Pinsir\n|-damage|p1a: Cinderace|91\/100|[from] item: Life Orb\n|\n|-heal|p1a: Cinderace|97\/100|[from] Grassy Terrain\n|upkeep\n|\n|t:|1700856668\n|switch|p2a: Greninja|Greninja, M|100\/100\n|turn|6\n|\n|t:|1700856681\n|switch|p1a: Greninja|Greninja, M|100\/100\n|move|p2a: Greninja|Dark Pulse|p1a: Greninja\n|-resisted|p1a: Greninja\n|-damage|p1a: Greninja|71\/100\n|\n|-heal|p1a: Greninja|77\/100|[from] Grassy Terrain\n|-fieldend|move: Grassy Terrain\n|upkeep\n|turn|7\n|\n|t:|1700856695\n|move|p2a: Greninja|U-turn|p1a: Greninja\n|-supereffective|p1a: Greninja\n|-damage|p1a: Greninja|29\/100\n|\n|t:|1700856698\n|switch|p2a: Ribombee|Ribombee, F|100\/100|[from] U-turn\n|move|p1a: Greninja|Dark Pulse|p2a: Ribombee\n|-resisted|p2a: Ribombee\n|-damage|p2a: Ribombee|70\/100\n|-damage|p1a: Greninja|19\/100|[from] item: Life Orb\n|\n|upkeep\n|turn|8\n|\n|t:|1700856707\n|move|p2a: Ribombee|Sticky Web|p1a: Greninja\n|-sidestart|p1: Rairuu|move: Sticky Web\n|move|p1a: Greninja|Scald|p2a: Ribombee\n|-damage|p2a: Ribombee|0 fnt\n|faint|p2a: Ribombee\n|-ability|p1a: Greninja|Battle Bond|boost\n|-boost|p1a: Greninja|atk|1\n|-boost|p1a: Greninja|spa|1\n|-boost|p1a: Greninja|spe|1\n|-activate|p1a: Greninja|ability: Battle Bond\n|-damage|p1a: Greninja|9\/100|[from] item: Life Orb\n|\n|upkeep\n|\n|t:|1700856711\n|switch|p2a: Greninja|Greninja, M|100\/100\n|turn|9\n|\n|t:|1700856723\n|move|p1a: Greninja|Dark Pulse|p2a: Greninja\n|-resisted|p2a: Greninja\n|-damage|p2a: Greninja|50\/100\n|-damage|p1a: Greninja|0 fnt|[from] item: Life Orb\n|faint|p1a: Greninja\n|move|p2a: Greninja|U-turn|p1: Greninja|[notarget]\n|-fail|p2a: Greninja\n|\n|upkeep\n|\n|t:|1700856745\n|switch|p1a: Dragalge|Dragalge, F, tera:Water|82\/100\n|-activate|p1a: Dragalge|move: Sticky Web\n|-unboost|p1a: Dragalge|spe|1\n|turn|10\n|\n|t:|1700856758\n|move|p2a: Greninja|U-turn|p1a: Dragalge\n|-damage|p1a: Dragalge|65\/100\n|\n|t:|1700856760\n|switch|p2a: Great Tusk|Great Tusk|100\/100|[from] U-turn\n|-enditem|p2a: Great Tusk|Booster Energy\n|-activate|p2a: Great Tusk|ability: Protosynthesis|[fromitem]\n|-start|p2a: Great Tusk|protosynthesisdef\n|move|p1a: Dragalge|Focus Blast|p2a: Great Tusk\n|-damage|p2a: Great Tusk|29\/100\n|\n|upkeep\n|turn|11\n|\n|t:|1700856768\n|move|p2a: Great Tusk|Headlong Rush|p1a: Dragalge\n|-damage|p1a: Dragalge|0 fnt\n|-unboost|p2a: Great Tusk|def|1\n|-unboost|p2a: Great Tusk|spd|1\n|faint|p1a: Dragalge\n|\n|upkeep\n|\n|t:|1700856772\n|switch|p1a: Landorus|Landorus-Therian, M|74\/100\n|-ability|p1a: Landorus|Intimidate|boost\n|-unboost|p2a: Great Tusk|atk|1\n|turn|12\n|\n|t:|1700856778\n|move|p1a: Landorus|Defog|p2a: Great Tusk\n|-unboost|p2a: Great Tusk|evasion|1\n|-sideend|p1: Rairuu|Sticky Web|[from] move: Defog|[of] p1a: Landorus\n|move|p2a: Great Tusk|Bulk Up|p2a: Great Tusk\n|-boost|p2a: Great Tusk|atk|1\n|-boost|p2a: Great Tusk|def|1\n|\n|upkeep\n|turn|13\n|\n|t:|1700856788\n|move|p1a: Landorus|Earthquake|p2a: Great Tusk\n|-damage|p2a: Great Tusk|7\/100\n|move|p2a: Great Tusk|Bulk Up|p2a: Great Tusk\n|-boost|p2a: Great Tusk|atk|1\n|-boost|p2a: Great Tusk|def|1\n|\n|upkeep\n|turn|14\n|\n|t:|1700856798\n|move|p1a: Landorus|Earthquake|p2a: Great Tusk\n|-damage|p2a: Great Tusk|0 fnt\n|faint|p2a: Great Tusk\n|-end|p2a: Great Tusk|Protosynthesis|[silent]\n|\n|upkeep\n|\n|t:|1700856800\n|switch|p2a: Greninja|Greninja, M|50\/100\n|turn|15\n|\n|t:|1700856807\n|-terastallize|p2a: Greninja|Water\n|move|p2a: Greninja|Water Shuriken|p1a: Landorus\n|-supereffective|p1a: Landorus\n|-damage|p1a: Landorus|52\/100\n|-supereffective|p1a: Landorus\n|-damage|p1a: Landorus|27\/100\n|-supereffective|p1a: Landorus\n|-damage|p1a: Landorus|3\/100\n|-supereffective|p1a: Landorus\n|-damage|p1a: Landorus|0 fnt\n|faint|p1a: Landorus\n|-ability|p2a: Greninja|Battle Bond|boost\n|-boost|p2a: Greninja|atk|1\n|-boost|p2a: Greninja|spa|1\n|-boost|p2a: Greninja|spe|1\n|-activate|p2a: Greninja|ability: Battle Bond\n|-hitcount|p1: Landorus|4\n|\n|upkeep\n|\n|t:|1700856817\n|switch|p1a: Cinderace|Cinderace, F|97\/100\n|turn|16\n|\n|t:|1700856821\n|move|p2a: Greninja|Water Shuriken|p1a: Cinderace\n|-supereffective|p1a: Cinderace\n|-damage|p1a: Cinderace|61\/100\n|-supereffective|p1a: Cinderace\n|-crit|p1a: Cinderace\n|-damage|p1a: Cinderace|6\/100\n|-supereffective|p1a: Cinderace\n|-damage|p1a: Cinderace|0 fnt\n|faint|p1a: Cinderace\n|-hitcount|p1: Cinderace|3\n|\n|upkeep\n|\n|t:|1700856826\n|switch|p1a: Metagross|Metagross, shiny|100\/100\n|turn|17\n|\n|t:|1700856830\n|move|p2a: Greninja|Dark Pulse|p1a: Metagross\n|-supereffective|p1a: Metagross\n|-damage|p1a: Metagross|31\/100\n|move|p1a: Metagross|Zen Headbutt|p2a: Greninja\n|-damage|p2a: Greninja|0 fnt\n|faint|p2a: Greninja\n|\n|upkeep\n|\n|t:|1700856833\n|switch|p2a: Heatran|Heatran, F, shiny|100\/100\n|turn|18\n|\n|t:|1700856838\n|move|p2a: Heatran|Earth Power|p1a: Metagross\n|-supereffective|p1a: Metagross\n|-damage|p1a: Metagross|0 fnt\n|faint|p1a: Metagross\n|\n|upkeep\n|\n|t:|1700856842\n|switch|p1a: Manectric|Manectric, F|100\/100\n|turn|19\n|\n|t:|1700856847\n|detailschange|p1a: Manectric|Manectric-Mega, F\n|-mega|p1a: Manectric|Manectric|Manectite\n|-ability|p1a: Manectric|Intimidate|boost\n|-unboost|p2a: Heatran|atk|1\n|move|p1a: Manectric|Thunderbolt|p2a: Heatran\n|-damage|p2a: Heatran|74\/100\n|move|p2a: Heatran|Earth Power|p1a: Manectric\n|-supereffective|p1a: Manectric\n|-damage|p1a: Manectric|12\/100\n|\n|upkeep\n|turn|20\n|\n|t:|1700856855\n|move|p1a: Manectric|Thunderbolt|p2a: Heatran\n|-damage|p2a: Heatran|44\/100\n|move|p2a: Heatran|Earth Power|p1a: Manectric\n|-supereffective|p1a: Manectric\n|-damage|p1a: Manectric|0 fnt\n|faint|p1a: Manectric\n|\n|win|Yahar\n|raw|Rairuu's rating: 1208 &rarr; <strong>1178<\/strong><br \/>(-30 for losing)\n|raw|Yahar's rating: 1135 &rarr; <strong>1165<\/strong><br \/>(+30 for winning)\n|l|\u2606Rairuu\n","uploadtime":1700856864,"views":6,"p1id":"rairuu","p2id":"yahar","formatid":"gen9nationaldex","rating":1165,"private":0,"password":""}