{"id":"gen9nationaldex-1997881798","p1":"salamencita_441","p2":"Xoky_Jose Ale 55","format":"[Gen 9] National Dex","log":"|html|<div class=\"broadcast-blue\"><strong>[Gen 9] National Dex is currently suspecting Sneasler! For information on how to participate check out the <a href=\"https:\/\/www.smogon.com\/forums\/threads\/sv-national-dex-suspect-8-just-dance.3731534\/\">suspect thread<\/a>.<\/strong><\/div>\n|j|\u2606salamencita_441\n|j|\u2606Xoky_Jose Ale 55\n|t:|1700863193\n|gametype|singles\n|player|p1|salamencita_441|wallace|\n|player|p2|Xoky_Jose Ale 55|red-masters|\n|teamsize|p1|6\n|teamsize|p2|6\n|gen|9\n|tier|[Gen 9] National Dex\n|rule|HP Percentage Mod: HP is shown in percentages\n|rule|Endless Battle Clause: Forcing endless battles is banned\n|rule|OHKO Clause: OHKO moves are banned\n|rule|Evasion Clause: Evasion abilities, items, and moves are banned\n|rule|Evasion Abilities Clause: Evasion abilities are banned\n|rule|Evasion Items Clause: Evasion items are banned\n|rule|Evasion Moves Clause: Evasion moves are banned\n|rule|Species Clause: Limit one of each Pok\u00e9mon\n|rule|Sleep Clause Mod: Limit one foe put to sleep\n|clearpoke\n|poke|p1|Charizard, F|\n|poke|p1|Iron Valiant|\n|poke|p1|Garchomp, M|\n|poke|p1|Ferrothorn, M|\n|poke|p1|Chansey, F|\n|poke|p1|Zapdos|\n|poke|p2|Ferrothorn, M|\n|poke|p2|Heatran, F|\n|poke|p2|Landorus-Therian, M|\n|poke|p2|Tapu Lele|\n|poke|p2|Lopunny, M|\n|poke|p2|Kommo-o, F|\n|teampreview\n|c|\u2606Xoky_Jose Ale 55|Suerte\n|\n|t:|1700863217\n|start\n|switch|p1a: Garchomp|Garchomp, M|100\/100\n|switch|p2a: Lopunny|Lopunny, M|100\/100\n|turn|1\n|\n|t:|1700863224\n|switch|p1a: Ferrothorn|Ferrothorn, M|100\/100\n|detailschange|p2a: Lopunny|Lopunny-Mega, M\n|-mega|p2a: Lopunny|Lopunny|Lopunnite\n|move|p2a: Lopunny|Ice Punch|p1a: Ferrothorn\n|-damage|p1a: Ferrothorn|83\/100\n|-damage|p2a: Lopunny|88\/100|[from] ability: Iron Barbs|[of] p1a: Ferrothorn\n|-damage|p2a: Lopunny|72\/100|[from] item: Rocky Helmet|[of] p1a: Ferrothorn\n|\n|upkeep\n|turn|2\n|\n|t:|1700863234\n|move|p2a: Lopunny|Close Combat|p1a: Ferrothorn\n|-supereffective|p1a: Ferrothorn\n|-damage|p1a: Ferrothorn|1\/100\n|-unboost|p2a: Lopunny|def|1\n|-unboost|p2a: Lopunny|spd|1\n|-damage|p2a: Lopunny|60\/100|[from] ability: Iron Barbs|[of] p1a: Ferrothorn\n|-damage|p2a: Lopunny|43\/100|[from] item: Rocky Helmet|[of] p1a: Ferrothorn\n|move|p1a: Ferrothorn|Gyro Ball|p2a: Lopunny\n|-damage|p2a: Lopunny|0 fnt\n|faint|p2a: Lopunny\n|\n|upkeep\n|c|\u2606Xoky_Jose Ale 55|Jaja\n|c|\u2606salamencita_441|ferrothor es un muerto viviente\n|c|\u2606salamencita_441|xd\n|c|\u2606salamencita_441|ahora\n|\n|t:|1700863258\n|switch|p2a: Tapu Lele|Tapu Lele|100\/100\n|-fieldstart|move: Psychic Terrain|[from] ability: Psychic Surge|[of] p2a: Tapu Lele\n|turn|3\n|\n|t:|1700863261\n|move|p2a: Tapu Lele|Psyshock|p1a: Ferrothorn\n|-resisted|p1a: Ferrothorn\n|-damage|p1a: Ferrothorn|0 fnt\n|faint|p1a: Ferrothorn\n|\n|upkeep\n|\n|t:|1700863269\n|switch|p1a: Charizard|Charizard, F|100\/100\n|turn|4\n|\n|t:|1700863312\n|switch|p2a: Heatran|Heatran, F|100\/100\n|detailschange|p1a: Charizard|Charizard-Mega-Y, F\n|-mega|p1a: Charizard|Charizard|Charizardite Y\n|-weather|SunnyDay|[from] ability: Drought|[of] p1a: Charizard\n|move|p1a: Charizard|Focus Blast|p2a: Heatran\n|-supereffective|p2a: Heatran\n|-damage|p2a: Heatran|33\/100\n|\n|-weather|SunnyDay|[upkeep]\n|-heal|p2a: Heatran|39\/100|[from] item: Leftovers\n|upkeep\n|turn|5\n|c|\u2606salamencita_441|onda certera no fallo\n|c|\u2606salamencita_441|digo onda fallida\n|\n|t:|1700863337\n|move|p2a: Heatran|Protect|p2a: Heatran\n|-singleturn|p2a: Heatran|Protect\n|move|p1a: Charizard|Focus Blast|p2a: Heatran\n|-activate|p2a: Heatran|move: Protect\n|\n|-weather|SunnyDay|[upkeep]\n|-heal|p2a: Heatran|45\/100|[from] item: Leftovers\n|upkeep\n|turn|6\n|\n|t:|1700863347\n|move|p1a: Charizard|Focus Blast|p2a: Heatran|[miss]\n|-miss|p1a: Charizard|p2a: Heatran\n|move|p2a: Heatran|Toxic|p1a: Charizard\n|-status|p1a: Charizard|tox\n|\n|-weather|SunnyDay|[upkeep]\n|-heal|p2a: Heatran|51\/100|[from] item: Leftovers\n|-damage|p1a: Charizard|94\/100 tox|[from] psn\n|upkeep\n|turn|7\n|\n|t:|1700863355\n|move|p2a: Heatran|Protect|p2a: Heatran\n|-singleturn|p2a: Heatran|Protect\n|move|p1a: Charizard|Focus Blast|p2a: Heatran\n|-activate|p2a: Heatran|move: Protect\n|\n|-weather|SunnyDay|[upkeep]\n|-heal|p2a: Heatran|57\/100|[from] item: Leftovers\n|-damage|p1a: Charizard|82\/100 tox|[from] psn\n|-fieldend|move: Psychic Terrain\n|upkeep\n|turn|8\n|c|\u2606salamencita_441|por eso no usen onda certera\n|\n|t:|1700863369\n|switch|p2a: Kommo-o|Kommo-o, F|100\/100\n|move|p1a: Charizard|Focus Blast|p2a: Kommo-o\n|-immune|p2a: Kommo-o|[from] ability: Bulletproof\n|\n|-weather|none\n|-damage|p1a: Charizard|64\/100 tox|[from] psn\n|upkeep\n|turn|9\n|\n|t:|1700863379\n|switch|p2a: Heatran|Heatran, F|57\/100\n|switch|p1a: Iron Valiant|Iron Valiant|100\/100\n|-enditem|p1a: Iron Valiant|Booster Energy\n|-activate|p1a: Iron Valiant|ability: Quark Drive|[fromitem]\n|-start|p1a: Iron Valiant|quarkdrivespe\n|\n|-heal|p2a: Heatran|64\/100|[from] item: Leftovers\n|upkeep\n|turn|10\n|\n|t:|1700863385\n|move|p1a: Iron Valiant|Aura Sphere|p2a: Heatran\n|-supereffective|p2a: Heatran\n|-damage|p2a: Heatran|18\/100\n|move|p2a: Heatran|Magma Storm|p1a: Iron Valiant|[miss]\n|-miss|p2a: Heatran|p1a: Iron Valiant\n|\n|-heal|p2a: Heatran|24\/100|[from] item: Leftovers\n|upkeep\n|turn|11\n|\n|t:|1700863399\n|move|p1a: Iron Valiant|Aura Sphere|p2a: Heatran\n|-supereffective|p2a: Heatran\n|-damage|p2a: Heatran|0 fnt\n|faint|p2a: Heatran\n|\n|upkeep\n|\n|t:|1700863408\n|switch|p2a: Ferrothorn|Ferrothorn, M|100\/100\n|turn|12\n|\n|t:|1700863426\n|-end|p1a: Iron Valiant|Quark Drive|[silent]\n|switch|p1a: Zapdos|Zapdos|100\/100\n|-terastallize|p2a: Ferrothorn|Water\n|move|p2a: Ferrothorn|Stealth Rock|p1a: Zapdos\n|-sidestart|p1: salamencita_441|move: Stealth Rock\n|\n|upkeep\n|turn|13\n|l|\u2606salamencita_441\n|player|p1|\n|j|\u2606salamencita_441\n|player|p1|salamencita_441|wallace\n|\n|t:|1700863440\n|switch|p2a: Landorus|Landorus-Therian, M|100\/100\n|-ability|p2a: Landorus|Intimidate|boost\n|-unboost|p1a: Zapdos|atk|1\n|move|p1a: Zapdos|Defog|p2a: Landorus\n|-unboost|p2a: Landorus|evasion|1\n|-sideend|p1: salamencita_441|Stealth Rock|[from] move: Defog|[of] p1a: Zapdos\n|\n|upkeep\n|turn|14\n|\n|t:|1700863444\n|move|p1a: Zapdos|Heat Wave|p2a: Landorus\n|-damage|p2a: Landorus|72\/100\n|move|p2a: Landorus|Knock Off|p1a: Zapdos\n|-damage|p1a: Zapdos|72\/100\n|-enditem|p1a: Zapdos|Heavy-Duty Boots|[from] move: Knock Off|[of] p2a: Landorus\n|\n|-heal|p2a: Landorus|78\/100|[from] item: Leftovers\n|upkeep\n|turn|15\n|\n|t:|1700863452\n|move|p1a: Zapdos|Heat Wave|p2a: Landorus\n|-damage|p2a: Landorus|51\/100\n|move|p2a: Landorus|U-turn|p1a: Zapdos\n|-resisted|p1a: Zapdos\n|-damage|p1a: Zapdos|59\/100\n|-status|p2a: Landorus|par|[from] ability: Static|[of] p1a: Zapdos\n|\n|t:|1700863455\n|switch|p2a: Ferrothorn|Ferrothorn, M, tera:Water|100\/100|[from] U-turn\n|\n|upkeep\n|turn|16\n|\n|t:|1700863459\n|move|p1a: Zapdos|Thunderbolt|p2a: Ferrothorn\n|-supereffective|p2a: Ferrothorn\n|-damage|p2a: Ferrothorn|14\/100\n|move|p2a: Ferrothorn|Leech Seed|p1a: Zapdos\n|-start|p1a: Zapdos|move: Leech Seed\n|\n|-heal|p2a: Ferrothorn|20\/100|[from] item: Leftovers\n|-damage|p1a: Zapdos|47\/100|[from] Leech Seed|[of] p2a: Ferrothorn\n|-heal|p2a: Ferrothorn|33\/100|[silent]\n|upkeep\n|turn|17\n|\n|t:|1700863471\n|move|p2a: Ferrothorn|Protect|p2a: Ferrothorn\n|-singleturn|p2a: Ferrothorn|Protect\n|move|p1a: Zapdos|Defog|p2a: Ferrothorn\n|-activate|p2a: Ferrothorn|move: Protect\n|\n|-heal|p2a: Ferrothorn|39\/100|[from] item: Leftovers\n|-damage|p1a: Zapdos|35\/100|[from] Leech Seed|[of] p2a: Ferrothorn\n|-heal|p2a: Ferrothorn|53\/100|[silent]\n|upkeep\n|turn|18\n|\n|t:|1700863482\n|move|p1a: Zapdos|Thunderbolt|p2a: Ferrothorn\n|-supereffective|p2a: Ferrothorn\n|-damage|p2a: Ferrothorn|0 fnt\n|faint|p2a: Ferrothorn\n|\n|upkeep\n|\n|t:|1700863486\n|switch|p2a: Tapu Lele|Tapu Lele|100\/100\n|-fieldstart|move: Psychic Terrain|[from] ability: Psychic Surge|[of] p2a: Tapu Lele\n|turn|19\n|\n|t:|1700863490\n|move|p2a: Tapu Lele|Psyshock|p1a: Zapdos\n|-damage|p1a: Zapdos|0 fnt\n|faint|p1a: Zapdos\n|\n|upkeep\n|\n|t:|1700863505\n|switch|p1a: Garchomp|Garchomp, M|100\/100\n|turn|20\n|\n|t:|1700863509\n|switch|p2a: Landorus|Landorus-Therian, M|51\/100 par\n|-ability|p2a: Landorus|Intimidate|boost\n|-unboost|p1a: Garchomp|atk|1\n|-terastallize|p1a: Garchomp|Poison\n|move|p1a: Garchomp|Poison Jab|p2a: Landorus\n|-resisted|p2a: Landorus\n|-damage|p2a: Landorus|37\/100 par\n|\n|-heal|p2a: Landorus|43\/100 par|[from] item: Leftovers\n|upkeep\n|turn|21\n|\n|t:|1700863518\n|move|p1a: Garchomp|Scale Shot|p2a: Landorus|[miss]\n|-miss|p1a: Garchomp|p2a: Landorus\n|cant|p2a: Landorus|par\n|\n|-heal|p2a: Landorus|49\/100 par|[from] item: Leftovers\n|upkeep\n|turn|22\n|\n|t:|1700863526\n|switch|p2a: Tapu Lele|Tapu Lele|100\/100\n|move|p1a: Garchomp|Scale Shot|p2a: Tapu Lele\n|-immune|p2a: Tapu Lele\n|\n|upkeep\n|turn|23\n|\n|t:|1700863537\n|move|p2a: Tapu Lele|Psyshock|p1a: Garchomp\n|-supereffective|p1a: Garchomp\n|-enditem|p1a: Garchomp|Focus Sash\n|-damage|p1a: Garchomp|1\/100\n|move|p1a: Garchomp|Poison Jab|p2a: Tapu Lele\n|-supereffective|p2a: Tapu Lele\n|-damage|p2a: Tapu Lele|8\/100\n|\n|-fieldend|move: Psychic Terrain\n|upkeep\n|turn|24\n|\n|t:|1700863546\n|move|p2a: Tapu Lele|Psyshock|p1a: Garchomp\n|-supereffective|p1a: Garchomp\n|-damage|p1a: Garchomp|0 fnt\n|faint|p1a: Garchomp\n|\n|upkeep\n|\n|t:|1700863549\n|switch|p1a: Chansey|Chansey, F|100\/100\n|turn|25\n|\n|t:|1700863553\n|switch|p2a: Landorus|Landorus-Therian, M|49\/100 par\n|-ability|p2a: Landorus|Intimidate|boost\n|-unboost|p1a: Chansey|atk|1\n|move|p1a: Chansey|Seismic Toss|p2a: Landorus\n|-damage|p2a: Landorus|23\/100 par\n|\n|-heal|p2a: Landorus|29\/100 par|[from] item: Leftovers\n|upkeep\n|turn|26\n|\n|t:|1700863556\n|move|p1a: Chansey|Seismic Toss|p2a: Landorus\n|-damage|p2a: Landorus|3\/100 par\n|move|p2a: Landorus|Knock Off|p1a: Chansey\n|-damage|p1a: Chansey|81\/100\n|-enditem|p1a: Chansey|Eviolite|[from] move: Knock Off|[of] p2a: Landorus\n|\n|-heal|p2a: Landorus|9\/100 par|[from] item: Leftovers\n|upkeep\n|turn|27\n|\n|t:|1700863564\n|move|p1a: Chansey|Seismic Toss|p2a: Landorus\n|-damage|p2a: Landorus|0 fnt\n|faint|p2a: Landorus\n|\n|upkeep\n|\n|t:|1700863577\n|switch|p2a: Tapu Lele|Tapu Lele|8\/100\n|-fieldstart|move: Psychic Terrain|[from] ability: Psychic Surge|[of] p2a: Tapu Lele\n|turn|28\n|\n|t:|1700863581\n|move|p2a: Tapu Lele|Psyshock|p1a: Chansey\n|-damage|p1a: Chansey|25\/100\n|move|p1a: Chansey|Seismic Toss|p2a: Tapu Lele\n|-damage|p2a: Tapu Lele|0 fnt\n|faint|p2a: Tapu Lele\n|\n|upkeep\n|\n|t:|1700863584\n|switch|p2a: Kommo-o|Kommo-o, F|100\/100\n|turn|29\n|\n|t:|1700863590\n|-zpower|p2a: Kommo-o\n|move|p2a: Kommo-o|Clangorous Soulblaze|p1a: Chansey|[zeffect]\n|-damage|p1a: Chansey|0 fnt\n|faint|p1a: Chansey\n|-boost|p2a: Kommo-o|atk|1\n|-boost|p2a: Kommo-o|def|1\n|-boost|p2a: Kommo-o|spa|1\n|-boost|p2a: Kommo-o|spd|1\n|-boost|p2a: Kommo-o|spe|1\n|\n|upkeep\n|\n|t:|1700863598\n|switch|p1a: Iron Valiant|Iron Valiant|100\/100\n|turn|30\n|\n|t:|1700863603\n|move|p2a: Kommo-o|Flash Cannon|p1a: Iron Valiant\n|-supereffective|p1a: Iron Valiant\n|-damage|p1a: Iron Valiant|0 fnt\n|faint|p1a: Iron Valiant\n|-end|p1a: Iron Valiant|Quark Drive|[silent]\n|\n|upkeep\n|\n|t:|1700863608\n|switch|p1a: Charizard|Charizard-Mega-Y, F|64\/100 tox\n|-weather|SunnyDay|[from] ability: Drought|[of] p1a: Charizard\n|turn|31\n|\n|t:|1700863611\n|move|p2a: Kommo-o|Clanging Scales|p1a: Charizard\n|-damage|p1a: Charizard|6\/100 tox\n|-unboost|p2a: Kommo-o|def|1\n|move|p1a: Charizard|Roost|p1a: Charizard\n|-heal|p1a: Charizard|56\/100 tox\n|-singleturn|p1a: Charizard|move: Roost\n|\n|-weather|SunnyDay|[upkeep]\n|-damage|p1a: Charizard|50\/100 tox|[from] psn\n|upkeep\n|turn|32\n|\n|t:|1700863617\n|move|p2a: Kommo-o|Clanging Scales|p1a: Charizard\n|-damage|p1a: Charizard|0 fnt\n|faint|p1a: Charizard\n|\n|win|Xoky_Jose Ale 55\n|c|\u2606Xoky_Jose Ale 55|gg\n","uploadtime":1700863626,"views":13,"p1id":"salamencita441","p2id":"xokyjoseale55","formatid":"gen9nationaldex","rating":0,"private":0,"password":""}