{"id":"gen9nationaldex-1998667945","p1":"Serena1111\u805a\u6c14\u5384\u9b3c\u692a","p2":"CMKedo","format":"[Gen 9] National Dex","log":"|html|<div class=\"broadcast-blue\"><strong>[Gen 9] National Dex is currently suspecting Sneasler! For information on how to participate check out the <a href=\"https:\/\/www.smogon.com\/forums\/threads\/sv-national-dex-suspect-8-just-dance.3731534\/\">suspect thread<\/a>.<\/strong><\/div>\n|j|\u2606Serena1111\u805a\u6c14\u5384\u9b3c\u692a\n|j|\u2606CMKedo\n|t:|1700969938\n|gametype|singles\n|player|p1|Serena1111\u805a\u6c14\u5384\u9b3c\u692a|serena|1152\n|player|p2|CMKedo|1|1203\n|teamsize|p1|6\n|teamsize|p2|6\n|gen|9\n|tier|[Gen 9] National Dex\n|rated|\n|rule|HP Percentage Mod: HP is shown in percentages\n|rule|Endless Battle Clause: Forcing endless battles is banned\n|rule|OHKO Clause: OHKO moves are banned\n|rule|Evasion Clause: Evasion abilities, items, and moves are banned\n|rule|Evasion Abilities Clause: Evasion abilities are banned\n|rule|Evasion Items Clause: Evasion items are banned\n|rule|Evasion Moves Clause: Evasion moves are banned\n|rule|Species Clause: Limit one of each Pok\u00e9mon\n|rule|Sleep Clause Mod: Limit one foe put to sleep\n|clearpoke\n|poke|p1|Chansey, F|\n|poke|p1|Dondozo, M|\n|poke|p1|Ditto|\n|poke|p1|Alomomola, F|\n|poke|p1|Corsola-Galar, M|\n|poke|p1|Gliscor, F|\n|poke|p2|Swampert, F|\n|poke|p2|Pelipper, M|\n|poke|p2|Zapdos|\n|poke|p2|Toxapex, M|\n|poke|p2|Barraskewda, F|\n|poke|p2|Whimsicott, M|\n|teampreview\n|inactive|Battle timer is ON: inactive players will automatically lose when time's up. (requested by Serena1111\u805a\u6c14\u5384\u9b3c\u692a)\n|\n|t:|1700969948\n|start\n|switch|p1a: Corsola|Corsola-Galar, M|100\/100\n|switch|p2a: Seeky|Pelipper, M|100\/100\n|-weather|RainDance|[from] ability: Drizzle|[of] p2a: Seeky\n|turn|1\n|\n|t:|1700969964\n|switch|p2a: Ahrro|Barraskewda, F, shiny|100\/100\n|move|p1a: Corsola|Strength Sap|p2a: Ahrro\n|-unboost|p2a: Ahrro|atk|1\n|\n|-weather|RainDance|[upkeep]\n|upkeep\n|turn|2\n|\n|t:|1700969976\n|move|p2a: Ahrro|Liquidation|p1a: Corsola\n|-damage|p1a: Corsola|59\/100\n|-damage|p2a: Ahrro|91\/100|[from] item: Life Orb\n|move|p1a: Corsola|Will-O-Wisp|p2a: Ahrro\n|-status|p2a: Ahrro|brn\n|\n|-weather|RainDance|[upkeep]\n|-damage|p2a: Ahrro|85\/100 brn|[from] brn\n|upkeep\n|turn|3\n|\n|t:|1700969989\n|move|p2a: Ahrro|Throat Chop|p1a: Corsola\n|-supereffective|p1a: Corsola\n|-damage|p1a: Corsola|42\/100\n|-start|p1a: Corsola|Throat Chop|[silent]\n|-start|p2a: Ahrro|Disable|Throat Chop|[from] ability: Cursed Body|[of] p1a: Corsola\n|-damage|p2a: Ahrro|75\/100 brn|[from] item: Life Orb\n|move|p1a: Corsola|Strength Sap|p2a: Ahrro\n|-unboost|p2a: Ahrro|atk|1\n|-heal|p1a: Corsola|100\/100\n|\n|-weather|RainDance|[upkeep]\n|-damage|p2a: Ahrro|69\/100 brn|[from] brn\n|upkeep\n|turn|4\n|\n|t:|1700969998\n|move|p2a: Ahrro|Liquidation|p1a: Corsola\n|-damage|p1a: Corsola|83\/100\n|-damage|p2a: Ahrro|59\/100 brn|[from] item: Life Orb\n|move|p1a: Corsola|Whirlpool|p2a: Ahrro\n|-resisted|p2a: Ahrro\n|-damage|p2a: Ahrro|49\/100 brn\n|-activate|p2a: Ahrro|move: Whirlpool|[of] p1a: Corsola\n|\n|-weather|RainDance|[upkeep]\n|-damage|p2a: Ahrro|43\/100 brn|[from] brn\n|-damage|p2a: Ahrro|31\/100 brn|[from] move: Whirlpool|[partiallytrapped]\n|-end|p1a: Corsola|Throat Chop|[silent]\n|upkeep\n|turn|5\n|\n|t:|1700970011\n|move|p2a: Ahrro|Liquidation|p1a: Corsola\n|-damage|p1a: Corsola|68\/100\n|-damage|p2a: Ahrro|21\/100 brn|[from] item: Life Orb\n|move|p1a: Corsola|Strength Sap|p2a: Ahrro\n|-unboost|p2a: Ahrro|atk|1\n|-heal|p1a: Corsola|100\/100\n|\n|-weather|none\n|-damage|p2a: Ahrro|15\/100 brn|[from] brn\n|-damage|p2a: Ahrro|2\/100 brn|[from] move: Whirlpool|[partiallytrapped]\n|upkeep\n|turn|6\n|inactive|Serena1111\u805a\u6c14\u5384\u9b3c\u692a has 120 seconds left.\n|\n|t:|1700970054\n|switch|p1a: \u5403\u543c\u9738\u7684\u53cd\u5f3a\u5316\u7269\u8bed|Dondozo, M|100\/100\n|move|p2a: Ahrro|Liquidation|p1a: \u5403\u543c\u9738\u7684\u53cd\u5f3a\u5316\u7269\u8bed\n|-resisted|p1a: \u5403\u543c\u9738\u7684\u53cd\u5f3a\u5316\u7269\u8bed\n|-damage|p1a: \u5403\u543c\u9738\u7684\u53cd\u5f3a\u5316\u7269\u8bed|93\/100\n|-damage|p2a: Ahrro|0 fnt|[from] item: Life Orb\n|faint|p2a: Ahrro\n|\n|-heal|p1a: \u5403\u543c\u9738\u7684\u53cd\u5f3a\u5316\u7269\u8bed|99\/100|[from] item: Leftovers\n|upkeep\n|\n|t:|1700970060\n|switch|p2a: Seeky|Pelipper, M|100\/100\n|-weather|RainDance|[from] ability: Drizzle|[of] p2a: Seeky\n|turn|7\n|inactive|Serena1111\u805a\u6c14\u5384\u9b3c\u692a has 120 seconds left.\n|\n|t:|1700970067\n|switch|p2a: Barry Bird Benson|Zapdos|100\/100\n|-ability|p2a: Barry Bird Benson|Pressure\n|switch|p1a: Corsola|Corsola-Galar, M|100\/100\n|\n|-weather|RainDance|[upkeep]\n|upkeep\n|turn|8\n|\n|t:|1700970074\n|switch|p2a: Apla|Whimsicott, M|100\/100\n|move|p1a: Corsola|Strength Sap|p2a: Apla\n|-unboost|p2a: Apla|atk|1\n|\n|-weather|RainDance|[upkeep]\n|upkeep\n|turn|9\n|\n|t:|1700970080\n|move|p2a: Apla|Substitute|p2a: Apla\n|-start|p2a: Apla|Substitute\n|-damage|p2a: Apla|76\/100\n|move|p1a: Corsola|Whirlpool|p2a: Apla\n|-resisted|p2a: Apla\n|-activate|p2a: Apla|move: Substitute|[damage]\n|\n|-weather|RainDance|[upkeep]\n|-heal|p2a: Apla|82\/100|[from] item: Leftovers\n|upkeep\n|turn|10\n|\n|t:|1700970086\n|move|p2a: Apla|Leech Seed|p1a: Corsola\n|-start|p1a: Corsola|move: Leech Seed\n|move|p1a: Corsola|Night Shade|p2a: Apla\n|-end|p2a: Apla|Substitute\n|\n|-weather|RainDance|[upkeep]\n|-heal|p2a: Apla|88\/100|[from] item: Leftovers\n|-damage|p1a: Corsola|88\/100|[from] Leech Seed|[of] p2a: Apla\n|-heal|p2a: Apla|100\/100|[silent]\n|upkeep\n|turn|11\n|\n|t:|1700970095\n|move|p2a: Apla|Substitute|p2a: Apla\n|-start|p2a: Apla|Substitute\n|-damage|p2a: Apla|76\/100\n|move|p1a: Corsola|Whirlpool|p2a: Apla\n|-resisted|p2a: Apla\n|-activate|p2a: Apla|move: Substitute|[damage]\n|\n|-weather|none\n|-heal|p2a: Apla|82\/100|[from] item: Leftovers\n|-damage|p1a: Corsola|76\/100|[from] Leech Seed|[of] p2a: Apla\n|-heal|p2a: Apla|97\/100|[silent]\n|upkeep\n|turn|12\n|\n|t:|1700970101\n|switch|p1a: \u5c0f\u667a\u518d\u4e5f\u4e0d\u7528\u62c5\u5fc3\u6211\u4e0d\u77e5\u9053\u5bf9\u65b9\u62db\u5f0f\u4e86|Ditto|100\/100\n|move|p2a: Apla|Cotton Guard|p2a: Apla\n|-boost|p2a: Apla|def|3\n|\n|-heal|p2a: Apla|100\/100|[from] item: Leftovers\n|upkeep\n|turn|13\n|\n|t:|1700970108\n|switch|p1a: \u5403\u543c\u9738\u7684\u53cd\u5f3a\u5316\u7269\u8bed|Dondozo, M|99\/100\n|move|p2a: Apla|Leech Seed|p1a: \u5403\u543c\u9738\u7684\u53cd\u5f3a\u5316\u7269\u8bed\n|-start|p1a: \u5403\u543c\u9738\u7684\u53cd\u5f3a\u5316\u7269\u8bed|move: Leech Seed\n|\n|-heal|p1a: \u5403\u543c\u9738\u7684\u53cd\u5f3a\u5316\u7269\u8bed|100\/100|[from] item: Leftovers\n|-damage|p1a: \u5403\u543c\u9738\u7684\u53cd\u5f3a\u5316\u7269\u8bed|88\/100|[from] Leech Seed|[of] p2a: Apla\n|upkeep\n|turn|14\n|\n|t:|1700970113\n|move|p2a: Apla|Cotton Guard|p2a: Apla\n|-boost|p2a: Apla|def|3\n|move|p1a: \u5403\u543c\u9738\u7684\u53cd\u5f3a\u5316\u7269\u8bed|Wave Crash|p2a: Apla\n|-resisted|p2a: Apla\n|-crit|p2a: Apla\n|-end|p2a: Apla|Substitute\n|-damage|p1a: \u5403\u543c\u9738\u7684\u53cd\u5f3a\u5316\u7269\u8bed|85\/100|[from] Recoil|[of] p2a: Apla\n|\n|-heal|p1a: \u5403\u543c\u9738\u7684\u53cd\u5f3a\u5316\u7269\u8bed|91\/100|[from] item: Leftovers\n|-damage|p1a: \u5403\u543c\u9738\u7684\u53cd\u5f3a\u5316\u7269\u8bed|78\/100|[from] Leech Seed|[of] p2a: Apla\n|upkeep\n|turn|15\n|\n|t:|1700970123\n|switch|p1a: \u4fdd\u59c6\u9c7c|Alomomola, F|100\/100\n|move|p2a: Apla|Substitute|p2a: Apla\n|-start|p2a: Apla|Substitute\n|-damage|p2a: Apla|76\/100\n|\n|-heal|p2a: Apla|82\/100|[from] item: Leftovers\n|upkeep\n|turn|16\n|\n|t:|1700970129\n|move|p2a: Apla|Leech Seed|p1a: \u4fdd\u59c6\u9c7c\n|-start|p1a: \u4fdd\u59c6\u9c7c|move: Leech Seed\n|move|p1a: \u4fdd\u59c6\u9c7c|Flip Turn|p2a: Apla\n|-resisted|p2a: Apla\n|-crit|p2a: Apla\n|-activate|p2a: Apla|move: Substitute|[damage]\n|\n|t:|1700970137\n|switch|p1a: \u5403\u543c\u9738\u7684\u53cd\u5f3a\u5316\u7269\u8bed|Dondozo, M|78\/100|[from] Flip Turn\n|\n|-heal|p2a: Apla|88\/100|[from] item: Leftovers\n|-heal|p1a: \u5403\u543c\u9738\u7684\u53cd\u5f3a\u5316\u7269\u8bed|84\/100|[from] item: Leftovers\n|upkeep\n|turn|17\n|\n|t:|1700970141\n|move|p2a: Apla|Leech Seed|p1a: \u5403\u543c\u9738\u7684\u53cd\u5f3a\u5316\u7269\u8bed\n|-start|p1a: \u5403\u543c\u9738\u7684\u53cd\u5f3a\u5316\u7269\u8bed|move: Leech Seed\n|move|p1a: \u5403\u543c\u9738\u7684\u53cd\u5f3a\u5316\u7269\u8bed|Wave Crash|p2a: Apla\n|-resisted|p2a: Apla\n|-end|p2a: Apla|Substitute\n|-damage|p1a: \u5403\u543c\u9738\u7684\u53cd\u5f3a\u5316\u7269\u8bed|83\/100|[from] Recoil|[of] p2a: Apla\n|\n|-heal|p2a: Apla|94\/100|[from] item: Leftovers\n|-heal|p1a: \u5403\u543c\u9738\u7684\u53cd\u5f3a\u5316\u7269\u8bed|89\/100|[from] item: Leftovers\n|-damage|p1a: \u5403\u543c\u9738\u7684\u53cd\u5f3a\u5316\u7269\u8bed|76\/100|[from] Leech Seed|[of] p2a: Apla\n|-heal|p2a: Apla|100\/100|[silent]\n|upkeep\n|turn|18\n|\n|t:|1700970148\n|switch|p1a: \u5c0f\u667a\u518d\u4e5f\u4e0d\u7528\u62c5\u5fc3\u6211\u4e0d\u77e5\u9053\u5bf9\u65b9\u62db\u5f0f\u4e86|Ditto|100\/100\n|-transform|p1a: \u5c0f\u667a\u518d\u4e5f\u4e0d\u7528\u62c5\u5fc3\u6211\u4e0d\u77e5\u9053\u5bf9\u65b9\u62db\u5f0f\u4e86|p2a: Apla|[from] ability: Imposter\n|move|p2a: Apla|Substitute|p2a: Apla\n|-start|p2a: Apla|Substitute\n|-damage|p2a: Apla|76\/100\n|\n|-heal|p2a: Apla|82\/100|[from] item: Leftovers\n|upkeep\n|turn|19\n|\n|t:|1700970171\n|move|p1a: \u5c0f\u667a\u518d\u4e5f\u4e0d\u7528\u62c5\u5fc3\u6211\u4e0d\u77e5\u9053\u5bf9\u65b9\u62db\u5f0f\u4e86|Nature Power|p2a: Apla\n|move|p1a: \u5c0f\u667a\u518d\u4e5f\u4e0d\u7528\u62c5\u5fc3\u6211\u4e0d\u77e5\u9053\u5bf9\u65b9\u62db\u5f0f\u4e86|Tri Attack|p2a: Apla|[from]move: Nature Power\n|-activate|p2a: Apla|move: Substitute|[damage]\n|move|p2a: Apla|Nature Power|p1a: \u5c0f\u667a\u518d\u4e5f\u4e0d\u7528\u62c5\u5fc3\u6211\u4e0d\u77e5\u9053\u5bf9\u65b9\u62db\u5f0f\u4e86\n|move|p2a: Apla|Tri Attack|p1a: \u5c0f\u667a\u518d\u4e5f\u4e0d\u7528\u62c5\u5fc3\u6211\u4e0d\u77e5\u9053\u5bf9\u65b9\u62db\u5f0f\u4e86|[from]move: Nature Power\n|-crit|p1a: \u5c0f\u667a\u518d\u4e5f\u4e0d\u7528\u62c5\u5fc3\u6211\u4e0d\u77e5\u9053\u5bf9\u65b9\u62db\u5f0f\u4e86\n|-damage|p1a: \u5c0f\u667a\u518d\u4e5f\u4e0d\u7528\u62c5\u5fc3\u6211\u4e0d\u77e5\u9053\u5bf9\u65b9\u62db\u5f0f\u4e86|78\/100\n|\n|-heal|p2a: Apla|88\/100|[from] item: Leftovers\n|upkeep\n|turn|20\n|\n|t:|1700970178\n|move|p1a: \u5c0f\u667a\u518d\u4e5f\u4e0d\u7528\u62c5\u5fc3\u6211\u4e0d\u77e5\u9053\u5bf9\u65b9\u62db\u5f0f\u4e86|Nature Power|p2a: Apla\n|move|p1a: \u5c0f\u667a\u518d\u4e5f\u4e0d\u7528\u62c5\u5fc3\u6211\u4e0d\u77e5\u9053\u5bf9\u65b9\u62db\u5f0f\u4e86|Tri Attack|p2a: Apla|[from]move: Nature Power\n|-end|p2a: Apla|Substitute\n|move|p2a: Apla|Nature Power|p1a: \u5c0f\u667a\u518d\u4e5f\u4e0d\u7528\u62c5\u5fc3\u6211\u4e0d\u77e5\u9053\u5bf9\u65b9\u62db\u5f0f\u4e86\n|move|p2a: Apla|Tri Attack|p1a: \u5c0f\u667a\u518d\u4e5f\u4e0d\u7528\u62c5\u5fc3\u6211\u4e0d\u77e5\u9053\u5bf9\u65b9\u62db\u5f0f\u4e86|[from]move: Nature Power\n|-damage|p1a: \u5c0f\u667a\u518d\u4e5f\u4e0d\u7528\u62c5\u5fc3\u6211\u4e0d\u77e5\u9053\u5bf9\u65b9\u62db\u5f0f\u4e86|63\/100\n|\n|-heal|p2a: Apla|94\/100|[from] item: Leftovers\n|upkeep\n|turn|21\n|\n|t:|1700970186\n|move|p1a: \u5c0f\u667a\u518d\u4e5f\u4e0d\u7528\u62c5\u5fc3\u6211\u4e0d\u77e5\u9053\u5bf9\u65b9\u62db\u5f0f\u4e86|Nature Power|p2a: Apla\n|move|p1a: \u5c0f\u667a\u518d\u4e5f\u4e0d\u7528\u62c5\u5fc3\u6211\u4e0d\u77e5\u9053\u5bf9\u65b9\u62db\u5f0f\u4e86|Tri Attack|p2a: Apla|[from]move: Nature Power\n|-damage|p2a: Apla|78\/100\n|-status|p2a: Apla|frz\n|cant|p2a: Apla|frz\n|\n|-heal|p2a: Apla|84\/100 frz|[from] item: Leftovers\n|upkeep\n|turn|22\n|c|\u2606Serena1111\u805a\u6c14\u5384\u9b3c\u692a|lol\n|\n|t:|1700970201\n|switch|p1a: Corsola|Corsola-Galar, M|76\/100\n|cant|p2a: Apla|frz\n|\n|-heal|p2a: Apla|90\/100 frz|[from] item: Leftovers\n|upkeep\n|turn|23\n|\n|t:|1700970207\n|cant|p2a: Apla|frz\n|move|p1a: Corsola|Whirlpool|p2a: Apla\n|-resisted|p2a: Apla\n|-damage|p2a: Apla|87\/100 frz\n|-activate|p2a: Apla|move: Whirlpool|[of] p1a: Corsola\n|\n|-heal|p2a: Apla|93\/100 frz|[from] item: Leftovers\n|-damage|p2a: Apla|81\/100 frz|[from] move: Whirlpool|[partiallytrapped]\n|upkeep\n|turn|24\n|\n|t:|1700970216\n|cant|p2a: Apla|frz\n|move|p1a: Corsola|Will-O-Wisp|p2a: Apla|[miss]\n|-miss|p1a: Corsola|p2a: Apla\n|\n|-heal|p2a: Apla|87\/100 frz|[from] item: Leftovers\n|-damage|p2a: Apla|75\/100 frz|[from] move: Whirlpool|[partiallytrapped]\n|upkeep\n|turn|25\n|\n|t:|1700970221\n|cant|p2a: Apla|frz\n|move|p1a: Corsola|Night Shade|p2a: Apla\n|-damage|p2a: Apla|36\/100 frz\n|\n|-heal|p2a: Apla|42\/100 frz|[from] item: Leftovers\n|-damage|p2a: Apla|30\/100 frz|[from] move: Whirlpool|[partiallytrapped]\n|upkeep\n|turn|26\n|\n|t:|1700970228\n|-curestatus|p2a: Apla|frz|[msg]\n|move|p2a: Apla|Substitute|p2a: Apla\n|-start|p2a: Apla|Substitute\n|-end|p2a: Apla|Whirlpool|[partiallytrapped]|[silent]\n|-damage|p2a: Apla|5\/100\n|move|p1a: Corsola|Night Shade|p2a: Apla\n|-end|p2a: Apla|Substitute\n|\n|-heal|p2a: Apla|12\/100|[from] item: Leftovers\n|upkeep\n|turn|27\n|\n|t:|1700970235\n|move|p2a: Apla|Leech Seed|p1a: Corsola\n|-start|p1a: Corsola|move: Leech Seed\n|move|p1a: Corsola|Night Shade|p2a: Apla\n|-damage|p2a: Apla|0 fnt\n|faint|p2a: Apla\n|\n|upkeep\n|\n|t:|1700970245\n|switch|p2a: Seeky|Pelipper, M|100\/100\n|-weather|RainDance|[from] ability: Drizzle|[of] p2a: Seeky\n|turn|28\n|\n|t:|1700970258\n|switch|p1a: \u6e05\u6f88\u7684\u53cc\u773c \u53ef\u7231\u7684\u8138\u5e9e|Chansey, F|100\/100\n|move|p2a: Seeky|Surf|p1a: \u6e05\u6f88\u7684\u53cc\u773c \u53ef\u7231\u7684\u8138\u5e9e\n|-damage|p1a: \u6e05\u6f88\u7684\u53cc\u773c \u53ef\u7231\u7684\u8138\u5e9e|86\/100\n|\n|-weather|RainDance|[upkeep]\n|upkeep\n|turn|29\n|\n|t:|1700970275\n|switch|p2a: Peccalo|Toxapex, M|100\/100\n|switch|p1a: Corsola|Corsola-Galar, M|76\/100\n|\n|-weather|RainDance|[upkeep]\n|upkeep\n|turn|30\n|\n|t:|1700970289\n|move|p2a: Peccalo|Scald|p1a: Corsola\n|-damage|p1a: Corsola|62\/100\n|move|p1a: Corsola|Whirlpool|p2a: Peccalo\n|-resisted|p2a: Peccalo\n|-damage|p2a: Peccalo|98\/100\n|-activate|p2a: Peccalo|move: Whirlpool|[of] p1a: Corsola\n|\n|-weather|RainDance|[upkeep]\n|-heal|p2a: Peccalo|100\/100|[from] item: Leftovers\n|-damage|p2a: Peccalo|88\/100|[from] move: Whirlpool|[partiallytrapped]\n|upkeep\n|turn|31\n|\n|t:|1700970298\n|move|p2a: Peccalo|Scald|p1a: Corsola\n|-damage|p1a: Corsola|49\/100\n|move|p1a: Corsola|Strength Sap|p2a: Peccalo\n|-unboost|p2a: Peccalo|atk|1\n|-heal|p1a: Corsola|85\/100\n|\n|-weather|RainDance|[upkeep]\n|-heal|p2a: Peccalo|94\/100|[from] item: Leftovers\n|-damage|p2a: Peccalo|82\/100|[from] move: Whirlpool|[partiallytrapped]\n|upkeep\n|turn|32\n|\n|t:|1700970308\n|move|p2a: Peccalo|Scald|p1a: Corsola\n|-crit|p1a: Corsola\n|-damage|p1a: Corsola|65\/100\n|-status|p1a: Corsola|brn\n|move|p1a: Corsola|Will-O-Wisp|p2a: Peccalo|[miss]\n|-miss|p1a: Corsola|p2a: Peccalo\n|\n|-weather|none\n|-heal|p2a: Peccalo|88\/100|[from] item: Leftovers\n|-damage|p1a: Corsola|59\/100 brn|[from] brn\n|-damage|p2a: Peccalo|75\/100|[from] move: Whirlpool|[partiallytrapped]\n|upkeep\n|turn|33\n|\n|t:|1700970315\n|move|p2a: Peccalo|Baneful Bunker|p2a: Peccalo\n|-singleturn|p2a: Peccalo|move: Protect\n|move|p1a: Corsola|Will-O-Wisp|p2a: Peccalo\n|-activate|p2a: Peccalo|move: Protect\n|\n|-heal|p2a: Peccalo|82\/100|[from] item: Leftovers\n|-damage|p1a: Corsola|53\/100 brn|[from] brn\n|-damage|p2a: Peccalo|69\/100|[from] move: Whirlpool|[partiallytrapped]\n|upkeep\n|turn|34\n|\n|t:|1700970319\n|move|p2a: Peccalo|Recover|p2a: Peccalo\n|-heal|p2a: Peccalo|100\/100\n|move|p1a: Corsola|Strength Sap|p2a: Peccalo\n|-unboost|p2a: Peccalo|atk|1\n|-heal|p1a: Corsola|77\/100 brn\n|\n|-damage|p1a: Corsola|71\/100 brn|[from] brn\n|-end|p2a: Peccalo|Whirlpool|[partiallytrapped]\n|upkeep\n|turn|35\n|\n|t:|1700970333\n|move|p2a: Peccalo|Baneful Bunker|p2a: Peccalo\n|-singleturn|p2a: Peccalo|move: Protect\n|move|p1a: Corsola|Whirlpool|p2a: Peccalo\n|-activate|p2a: Peccalo|move: Protect\n|\n|-damage|p1a: Corsola|64\/100 brn|[from] brn\n|upkeep\n|turn|36\n|\n|t:|1700970341\n|switch|p1a: \u6e05\u6f88\u7684\u53cc\u773c \u53ef\u7231\u7684\u8138\u5e9e|Chansey, F|86\/100\n|move|p2a: Peccalo|Haze|p2a: Peccalo\n|-clearallboost\n|\n|upkeep\n|turn|37\n|\n|t:|1700970344\n|move|p1a: \u6e05\u6f88\u7684\u53cc\u773c \u53ef\u7231\u7684\u8138\u5e9e|Seismic Toss|p2a: Peccalo\n|-damage|p2a: Peccalo|68\/100\n|move|p2a: Peccalo|Scald|p1a: \u6e05\u6f88\u7684\u53cc\u773c \u53ef\u7231\u7684\u8138\u5e9e\n|-damage|p1a: \u6e05\u6f88\u7684\u53cc\u773c \u53ef\u7231\u7684\u8138\u5e9e|81\/100\n|\n|-heal|p2a: Peccalo|74\/100|[from] item: Leftovers\n|upkeep\n|turn|38\n|\n|t:|1700970350\n|move|p2a: Peccalo|Baneful Bunker|p2a: Peccalo\n|-singleturn|p2a: Peccalo|move: Protect\n|move|p1a: \u6e05\u6f88\u7684\u53cc\u773c \u53ef\u7231\u7684\u8138\u5e9e|Seismic Toss|p2a: Peccalo\n|-activate|p2a: Peccalo|move: Protect\n|-status|p1a: \u6e05\u6f88\u7684\u53cc\u773c \u53ef\u7231\u7684\u8138\u5e9e|psn\n|\n|-heal|p2a: Peccalo|80\/100|[from] item: Leftovers\n|-damage|p1a: \u6e05\u6f88\u7684\u53cc\u773c \u53ef\u7231\u7684\u8138\u5e9e|68\/100 psn|[from] psn\n|upkeep\n|turn|39\n|\n|t:|1700970360\n|move|p1a: \u6e05\u6f88\u7684\u53cc\u773c \u53ef\u7231\u7684\u8138\u5e9e|Thunder Wave|p2a: Peccalo\n|-status|p2a: Peccalo|par\n|move|p2a: Peccalo|Recover|p2a: Peccalo\n|-heal|p2a: Peccalo|100\/100 par\n|\n|-damage|p1a: \u6e05\u6f88\u7684\u53cc\u773c \u53ef\u7231\u7684\u8138\u5e9e|56\/100 psn|[from] psn\n|upkeep\n|turn|40\n|\n|t:|1700970371\n|-curestatus|p1a: \u6e05\u6f88\u7684\u53cc\u773c \u53ef\u7231\u7684\u8138\u5e9e|psn|[from] ability: Natural Cure\n|switch|p1a: \u6635\u79f0\u6211\u4e0d\u4f1a\u8d77\u5440|Gliscor, F|100\/100\n|move|p2a: Peccalo|Scald|p1a: \u6635\u79f0\u6211\u4e0d\u4f1a\u8d77\u5440\n|-supereffective|p1a: \u6635\u79f0\u6211\u4e0d\u4f1a\u8d77\u5440\n|-crit|p1a: \u6635\u79f0\u6211\u4e0d\u4f1a\u8d77\u5440\n|-damage|p1a: \u6635\u79f0\u6211\u4e0d\u4f1a\u8d77\u5440|36\/100\n|-status|p1a: \u6635\u79f0\u6211\u4e0d\u4f1a\u8d77\u5440|brn\n|\n|-damage|p1a: \u6635\u79f0\u6211\u4e0d\u4f1a\u8d77\u5440|29\/100 brn|[from] brn\n|upkeep\n|turn|41\n|\n|t:|1700970381\n|move|p1a: \u6635\u79f0\u6211\u4e0d\u4f1a\u8d77\u5440|Protect|p1a: \u6635\u79f0\u6211\u4e0d\u4f1a\u8d77\u5440\n|-singleturn|p1a: \u6635\u79f0\u6211\u4e0d\u4f1a\u8d77\u5440|Protect\n|move|p2a: Peccalo|Scald|p1a: \u6635\u79f0\u6211\u4e0d\u4f1a\u8d77\u5440\n|-activate|p1a: \u6635\u79f0\u6211\u4e0d\u4f1a\u8d77\u5440|move: Protect\n|\n|-damage|p1a: \u6635\u79f0\u6211\u4e0d\u4f1a\u8d77\u5440|23\/100 brn|[from] brn\n|upkeep\n|turn|42\n|\n|t:|1700970389\n|switch|p1a: \u6e05\u6f88\u7684\u53cc\u773c \u53ef\u7231\u7684\u8138\u5e9e|Chansey, F|56\/100\n|cant|p2a: Peccalo|par\n|\n|upkeep\n|turn|43\n|\n|t:|1700970396\n|move|p1a: \u6e05\u6f88\u7684\u53cc\u773c \u53ef\u7231\u7684\u8138\u5e9e|Aromatherapy|p1a: \u6e05\u6f88\u7684\u53cc\u773c \u53ef\u7231\u7684\u8138\u5e9e\n|-activate|p1a: \u6e05\u6f88\u7684\u53cc\u773c \u53ef\u7231\u7684\u8138\u5e9e|move: Aromatherapy\n|-curestatus|p1: Corsola|brn|[msg]\n|-curestatus|p1: \u6635\u79f0\u6211\u4e0d\u4f1a\u8d77\u5440|brn|[msg]\n|cant|p2a: Peccalo|par\n|\n|upkeep\n|turn|44\n|\n|t:|1700970406\n|switch|p1a: \u4fdd\u59c6\u9c7c|Alomomola, F|100\/100\n|cant|p2a: Peccalo|par\n|\n|upkeep\n|turn|45\n|\n|t:|1700970412\n|move|p1a: \u4fdd\u59c6\u9c7c|Wish|p1a: \u4fdd\u59c6\u9c7c\n|move|p2a: Peccalo|Scald|p1a: \u4fdd\u59c6\u9c7c\n|-resisted|p1a: \u4fdd\u59c6\u9c7c\n|-damage|p1a: \u4fdd\u59c6\u9c7c|90\/100\n|-status|p1a: \u4fdd\u59c6\u9c7c|brn\n|\n|-damage|p1a: \u4fdd\u59c6\u9c7c|84\/100 brn|[from] brn\n|upkeep\n|turn|46\n|\n|t:|1700970422\n|move|p1a: \u4fdd\u59c6\u9c7c|Flip Turn|p2a: Peccalo\n|-resisted|p2a: Peccalo\n|-damage|p2a: Peccalo|98\/100 par\n|\n|t:|1700970428\n|switch|p1a: \u5c0f\u667a\u518d\u4e5f\u4e0d\u7528\u62c5\u5fc3\u6211\u4e0d\u77e5\u9053\u5bf9\u65b9\u62db\u5f0f\u4e86|Ditto|63\/100|[from] Flip Turn\n|-transform|p1a: \u5c0f\u667a\u518d\u4e5f\u4e0d\u7528\u62c5\u5fc3\u6211\u4e0d\u77e5\u9053\u5bf9\u65b9\u62db\u5f0f\u4e86|p2a: Peccalo|[from] ability: Imposter\n|cant|p2a: Peccalo|par\n|\n|-heal|p1a: \u5c0f\u667a\u518d\u4e5f\u4e0d\u7528\u62c5\u5fc3\u6211\u4e0d\u77e5\u9053\u5bf9\u65b9\u62db\u5f0f\u4e86|100\/100|[from] move: Wish|[wisher] \u4fdd\u59c6\u9c7c\n|-heal|p2a: Peccalo|100\/100 par|[from] item: Leftovers\n|upkeep\n|turn|47\n|\n|t:|1700970438\n|switch|p1a: Corsola|Corsola-Galar, M|64\/100\n|move|p2a: Peccalo|Scald|p1a: Corsola\n|-damage|p1a: Corsola|55\/100\n|-start|p2a: Peccalo|Disable|Scald|[from] ability: Cursed Body|[of] p1a: Corsola\n|\n|upkeep\n|turn|48\n|\n|t:|1700970448\n|move|p2a: Peccalo|Baneful Bunker|p2a: Peccalo\n|-singleturn|p2a: Peccalo|move: Protect\n|move|p1a: Corsola|Whirlpool|p2a: Peccalo\n|-activate|p2a: Peccalo|move: Protect\n|\n|upkeep\n|turn|49\n|\n|t:|1700970453\n|switch|p2a: Seeky|Pelipper, M|100\/100\n|-weather|RainDance|[from] ability: Drizzle|[of] p2a: Seeky\n|move|p1a: Corsola|Whirlpool|p2a: Seeky\n|-resisted|p2a: Seeky\n|-damage|p2a: Seeky|94\/100\n|-activate|p2a: Seeky|move: Whirlpool|[of] p1a: Corsola\n|\n|-weather|RainDance|[upkeep]\n|-damage|p2a: Seeky|82\/100|[from] move: Whirlpool|[partiallytrapped]\n|upkeep\n|turn|50\n|\n|t:|1700970474\n|move|p2a: Seeky|Hurricane|p1a: Corsola\n|-crit|p1a: Corsola\n|-damage|p1a: Corsola|27\/100\n|move|p1a: Corsola|Strength Sap|p2a: Seeky\n|-unboost|p2a: Seeky|atk|1\n|-heal|p1a: Corsola|56\/100\n|\n|-weather|RainDance|[upkeep]\n|-damage|p2a: Seeky|70\/100|[from] move: Whirlpool|[partiallytrapped]\n|upkeep\n|turn|51\n|\n|t:|1700970486\n|move|p2a: Seeky|Hurricane|p1a: Corsola\n|-damage|p1a: Corsola|39\/100\n|-start|p1a: Corsola|confusion\n|-activate|p1a: Corsola|confusion\n|-damage|p1a: Corsola|35\/100|[from] confusion\n|\n|-weather|RainDance|[upkeep]\n|-damage|p2a: Seeky|57\/100|[from] move: Whirlpool|[partiallytrapped]\n|upkeep\n|turn|52\n|\n|t:|1700970496\n|move|p2a: Seeky|Hurricane|p1a: Corsola\n|-damage|p1a: Corsola|16\/100\n|-activate|p1a: Corsola|confusion\n|-damage|p1a: Corsola|12\/100|[from] confusion\n|\n|-weather|RainDance|[upkeep]\n|-damage|p2a: Seeky|45\/100|[from] move: Whirlpool|[partiallytrapped]\n|upkeep\n|turn|53\n|l|\u2606Serena1111\u805a\u6c14\u5384\u9b3c\u692a\n|inactive|Serena1111\u805a\u6c14\u5384\u9b3c\u692a disconnected and has a minute to reconnect!\n|player|p1|\n|inactive|Serena1111\u805a\u6c14\u5384\u9b3c\u692a has 30 seconds to reconnect!\n|j|\u2606Serena1111\u805a\u6c14\u5384\u9b3c\u692a\n|inactive|Serena1111\u805a\u6c14\u5384\u9b3c\u692a reconnected and has 120 seconds left.\n|player|p1|Serena1111\u805a\u6c14\u5384\u9b3c\u692a|serena\n|c|\u2606Serena1111\u805a\u6c14\u5384\u9b3c\u692a|sry\n|\n|t:|1700970540\n|switch|p1a: \u4fdd\u59c6\u9c7c|Alomomola, F|100\/100 brn\n|move|p2a: Seeky|Hurricane|p1a: \u4fdd\u59c6\u9c7c\n|-damage|p1a: \u4fdd\u59c6\u9c7c|58\/100 brn\n|\n|-weather|none\n|-damage|p1a: \u4fdd\u59c6\u9c7c|52\/100 brn|[from] brn\n|-end|p2a: Seeky|Whirlpool|[partiallytrapped]|[silent]\n|upkeep\n|turn|54\n|\n|t:|1700970549\n|switch|p2a: Barry Bird Benson|Zapdos|100\/100\n|-ability|p2a: Barry Bird Benson|Pressure\n|move|p1a: \u4fdd\u59c6\u9c7c|Wish|p1a: \u4fdd\u59c6\u9c7c\n|\n|-damage|p1a: \u4fdd\u59c6\u9c7c|45\/100 brn|[from] brn\n|upkeep\n|turn|55\n|inactive|Serena1111\u805a\u6c14\u5384\u9b3c\u692a has 120 seconds left.\n|\n|t:|1700970555\n|switch|p1a: \u6e05\u6f88\u7684\u53cc\u773c \u53ef\u7231\u7684\u8138\u5e9e|Chansey, F|56\/100\n|move|p2a: Barry Bird Benson|Hurricane|p1a: \u6e05\u6f88\u7684\u53cc\u773c \u53ef\u7231\u7684\u8138\u5e9e|[miss]\n|-miss|p2a: Barry Bird Benson|p1a: \u6e05\u6f88\u7684\u53cc\u773c \u53ef\u7231\u7684\u8138\u5e9e\n|\n|-heal|p1a: \u6e05\u6f88\u7684\u53cc\u773c \u53ef\u7231\u7684\u8138\u5e9e|94\/100|[from] move: Wish|[wisher] \u4fdd\u59c6\u9c7c\n|upkeep\n|turn|56\n|\n|t:|1700970560\n|switch|p2a: Peccalo|Toxapex, M|100\/100 par\n|move|p1a: \u6e05\u6f88\u7684\u53cc\u773c \u53ef\u7231\u7684\u8138\u5e9e|Seismic Toss|p2a: Peccalo\n|-damage|p2a: Peccalo|68\/100 par\n|\n|-heal|p2a: Peccalo|74\/100 par|[from] item: Leftovers\n|upkeep\n|turn|57\n|\n|t:|1700970566\n|switch|p1a: \u4fdd\u59c6\u9c7c|Alomomola, F|79\/100 brn\n|cant|p2a: Peccalo|par\n|\n|-heal|p2a: Peccalo|80\/100 par|[from] item: Leftovers\n|-damage|p1a: \u4fdd\u59c6\u9c7c|73\/100 brn|[from] brn\n|upkeep\n|turn|58\n|\n|t:|1700970572\n|move|p1a: \u4fdd\u59c6\u9c7c|Wish|p1a: \u4fdd\u59c6\u9c7c\n|move|p2a: Peccalo|Scald|p1a: \u4fdd\u59c6\u9c7c\n|-resisted|p1a: \u4fdd\u59c6\u9c7c\n|-damage|p1a: \u4fdd\u59c6\u9c7c|63\/100 brn\n|\n|-heal|p2a: Peccalo|86\/100 par|[from] item: Leftovers\n|-damage|p1a: \u4fdd\u59c6\u9c7c|57\/100 brn|[from] brn\n|upkeep\n|turn|59\n|\n|t:|1700970580\n|switch|p2a: Barry Bird Benson|Zapdos|100\/100\n|-ability|p2a: Barry Bird Benson|Pressure\n|move|p1a: \u4fdd\u59c6\u9c7c|Flip Turn|p2a: Barry Bird Benson\n|-damage|p2a: Barry Bird Benson|91\/100\n|\n|t:|1700970587\n|switch|p1a: Corsola|Corsola-Galar, M|12\/100|[from] Flip Turn\n|\n|-heal|p1a: Corsola|95\/100|[from] move: Wish|[wisher] \u4fdd\u59c6\u9c7c\n|upkeep\n|turn|60\n|\n|t:|1700970598\n|move|p2a: Barry Bird Benson|Thunder|p1a: Corsola|[miss]\n|-miss|p2a: Barry Bird Benson|p1a: Corsola\n|move|p1a: Corsola|Whirlpool|p2a: Barry Bird Benson\n|-damage|p2a: Barry Bird Benson|85\/100\n|-activate|p2a: Barry Bird Benson|move: Whirlpool|[of] p1a: Corsola\n|\n|-damage|p2a: Barry Bird Benson|72\/100|[from] move: Whirlpool|[partiallytrapped]\n|upkeep\n|turn|61\n|\n|t:|1700970609\n|move|p2a: Barry Bird Benson|Thunder|p1a: Corsola\n|-damage|p1a: Corsola|65\/100\n|-status|p1a: Corsola|par\n|cant|p1a: Corsola|par\n|\n|-damage|p2a: Barry Bird Benson|60\/100|[from] move: Whirlpool|[partiallytrapped]\n|upkeep\n|turn|62\n|\n|t:|1700970618\n|move|p2a: Barry Bird Benson|Thunder|p1a: Corsola|[miss]\n|-miss|p2a: Barry Bird Benson|p1a: Corsola\n|move|p1a: Corsola|Strength Sap|p2a: Barry Bird Benson\n|-unboost|p2a: Barry Bird Benson|atk|1\n|-heal|p1a: Corsola|100\/100 par\n|\n|-damage|p2a: Barry Bird Benson|47\/100|[from] move: Whirlpool|[partiallytrapped]\n|upkeep\n|turn|63\n|\n|t:|1700970628\n|move|p2a: Barry Bird Benson|Thunder|p1a: Corsola\n|-damage|p1a: Corsola|71\/100 par\n|move|p1a: Corsola|Will-O-Wisp|p2a: Barry Bird Benson\n|-status|p2a: Barry Bird Benson|brn\n|\n|-damage|p2a: Barry Bird Benson|41\/100 brn|[from] brn\n|-damage|p2a: Barry Bird Benson|29\/100 brn|[from] move: Whirlpool|[partiallytrapped]\n|upkeep\n|turn|64\n|\n|t:|1700970639\n|move|p2a: Barry Bird Benson|Thunder|p1a: Corsola|[miss]\n|-miss|p2a: Barry Bird Benson|p1a: Corsola\n|move|p1a: Corsola|Night Shade|p2a: Barry Bird Benson\n|-damage|p2a: Barry Bird Benson|0 fnt\n|faint|p2a: Barry Bird Benson\n|\n|upkeep\n|\n|t:|1700970645\n|switch|p2a: Seeky|Pelipper, M|45\/100\n|-weather|RainDance|[from] ability: Drizzle|[of] p2a: Seeky\n|turn|65\n|\n|t:|1700970653\n|switch|p2a: Dremunai|Swampert, F|100\/100\n|move|p1a: Corsola|Night Shade|p2a: Dremunai\n|-damage|p2a: Dremunai|72\/100\n|\n|-weather|RainDance|[upkeep]\n|upkeep\n|turn|66\n|\n|t:|1700970659\n|detailschange|p2a: Dremunai|Swampert-Mega, F\n|-mega|p2a: Dremunai|Swampert|Swampertite\n|move|p2a: Dremunai|Liquidation|p1a: Corsola\n|-damage|p1a: Corsola|13\/100 par\n|-start|p2a: Dremunai|Disable|Liquidation|[from] ability: Cursed Body|[of] p1a: Corsola\n|move|p1a: Corsola|Whirlpool|p2a: Dremunai\n|-damage|p2a: Dremunai|65\/100\n|-activate|p2a: Dremunai|move: Whirlpool|[of] p1a: Corsola\n|\n|-weather|RainDance|[upkeep]\n|-damage|p2a: Dremunai|52\/100|[from] move: Whirlpool|[partiallytrapped]\n|upkeep\n|turn|67\n|\n|t:|1700970682\n|switch|p1a: \u4fdd\u59c6\u9c7c|Alomomola, F|91\/100 brn\n|move|p2a: Dremunai|Ice Punch|p1a: \u4fdd\u59c6\u9c7c\n|-resisted|p1a: \u4fdd\u59c6\u9c7c\n|-damage|p1a: \u4fdd\u59c6\u9c7c|82\/100 brn\n|\n|-weather|RainDance|[upkeep]\n|-damage|p1a: \u4fdd\u59c6\u9c7c|76\/100 brn|[from] brn\n|-end|p2a: Dremunai|Whirlpool|[partiallytrapped]|[silent]\n|upkeep\n|turn|68\n|\n|t:|1700970689\n|switch|p2a: Peccalo|Toxapex, M|100\/100 par\n|move|p1a: \u4fdd\u59c6\u9c7c|Toxic||[still]\n|-fail|p1a: \u4fdd\u59c6\u9c7c\n|\n|-weather|RainDance|[upkeep]\n|-damage|p1a: \u4fdd\u59c6\u9c7c|70\/100 brn|[from] brn\n|upkeep\n|turn|69\n|\n|t:|1700970692\n|move|p1a: \u4fdd\u59c6\u9c7c|Wish|p1a: \u4fdd\u59c6\u9c7c\n|move|p2a: Peccalo|Scald|p1a: \u4fdd\u59c6\u9c7c\n|-resisted|p1a: \u4fdd\u59c6\u9c7c\n|-crit|p1a: \u4fdd\u59c6\u9c7c\n|-damage|p1a: \u4fdd\u59c6\u9c7c|46\/100 brn\n|\n|-weather|none\n|-damage|p1a: \u4fdd\u59c6\u9c7c|40\/100 brn|[from] brn\n|upkeep\n|turn|70\n|\n|t:|1700970698\n|move|p1a: \u4fdd\u59c6\u9c7c|Flip Turn|p2a: Peccalo\n|-resisted|p2a: Peccalo\n|-damage|p2a: Peccalo|98\/100 par\n|\n|t:|1700970709\n|switch|p1a: \u5c0f\u667a\u518d\u4e5f\u4e0d\u7528\u62c5\u5fc3\u6211\u4e0d\u77e5\u9053\u5bf9\u65b9\u62db\u5f0f\u4e86|Ditto|100\/100|[from] Flip Turn\n|-transform|p1a: \u5c0f\u667a\u518d\u4e5f\u4e0d\u7528\u62c5\u5fc3\u6211\u4e0d\u77e5\u9053\u5bf9\u65b9\u62db\u5f0f\u4e86|p2a: Peccalo|[from] ability: Imposter\n|cant|p2a: Peccalo|par\n|\n|-heal|p2a: Peccalo|100\/100 par|[from] item: Leftovers\n|upkeep\n|turn|71\n|\n|t:|1700970715\n|move|p1a: \u5c0f\u667a\u518d\u4e5f\u4e0d\u7528\u62c5\u5fc3\u6211\u4e0d\u77e5\u9053\u5bf9\u65b9\u62db\u5f0f\u4e86|Baneful Bunker|p1a: \u5c0f\u667a\u518d\u4e5f\u4e0d\u7528\u62c5\u5fc3\u6211\u4e0d\u77e5\u9053\u5bf9\u65b9\u62db\u5f0f\u4e86\n|-singleturn|p1a: \u5c0f\u667a\u518d\u4e5f\u4e0d\u7528\u62c5\u5fc3\u6211\u4e0d\u77e5\u9053\u5bf9\u65b9\u62db\u5f0f\u4e86|move: Protect\n|cant|p2a: Peccalo|par\n|\n|upkeep\n|turn|72\n|\n|t:|1700970722\n|switch|p1a: \u6e05\u6f88\u7684\u53cc\u773c \u53ef\u7231\u7684\u8138\u5e9e|Chansey, F|94\/100\n|cant|p2a: Peccalo|par\n|\n|upkeep\n|turn|73\n|\n|t:|1700970726\n|switch|p1a: \u5403\u543c\u9738\u7684\u53cd\u5f3a\u5316\u7269\u8bed|Dondozo, M|76\/100\n|move|p2a: Peccalo|Scald|p1a: \u5403\u543c\u9738\u7684\u53cd\u5f3a\u5316\u7269\u8bed\n|-resisted|p1a: \u5403\u543c\u9738\u7684\u53cd\u5f3a\u5316\u7269\u8bed\n|-damage|p1a: \u5403\u543c\u9738\u7684\u53cd\u5f3a\u5316\u7269\u8bed|69\/100\n|\n|-heal|p1a: \u5403\u543c\u9738\u7684\u53cd\u5f3a\u5316\u7269\u8bed|75\/100|[from] item: Leftovers\n|upkeep\n|turn|74\n|\n|t:|1700970731\n|switch|p1a: \u6e05\u6f88\u7684\u53cc\u773c \u53ef\u7231\u7684\u8138\u5e9e|Chansey, F|94\/100\n|move|p2a: Peccalo|Scald|p1a: \u6e05\u6f88\u7684\u53cc\u773c \u53ef\u7231\u7684\u8138\u5e9e\n|-damage|p1a: \u6e05\u6f88\u7684\u53cc\u773c \u53ef\u7231\u7684\u8138\u5e9e|89\/100\n|\n|upkeep\n|turn|75\n|\n|t:|1700970735\n|switch|p1a: \u5403\u543c\u9738\u7684\u53cd\u5f3a\u5316\u7269\u8bed|Dondozo, M|75\/100\n|move|p2a: Peccalo|Scald|p1a: \u5403\u543c\u9738\u7684\u53cd\u5f3a\u5316\u7269\u8bed\n|-resisted|p1a: \u5403\u543c\u9738\u7684\u53cd\u5f3a\u5316\u7269\u8bed\n|-crit|p1a: \u5403\u543c\u9738\u7684\u53cd\u5f3a\u5316\u7269\u8bed\n|-damage|p1a: \u5403\u543c\u9738\u7684\u53cd\u5f3a\u5316\u7269\u8bed|62\/100\n|-status|p1a: \u5403\u543c\u9738\u7684\u53cd\u5f3a\u5316\u7269\u8bed|brn\n|\n|-heal|p1a: \u5403\u543c\u9738\u7684\u53cd\u5f3a\u5316\u7269\u8bed|68\/100 brn|[from] item: Leftovers\n|-damage|p1a: \u5403\u543c\u9738\u7684\u53cd\u5f3a\u5316\u7269\u8bed|62\/100 brn|[from] brn\n|upkeep\n|turn|76\n|\n|t:|1700970740\n|switch|p1a: \u6e05\u6f88\u7684\u53cc\u773c \u53ef\u7231\u7684\u8138\u5e9e|Chansey, F|89\/100\n|move|p2a: Peccalo|Scald|p1a: \u6e05\u6f88\u7684\u53cc\u773c \u53ef\u7231\u7684\u8138\u5e9e\n|-damage|p1a: \u6e05\u6f88\u7684\u53cc\u773c \u53ef\u7231\u7684\u8138\u5e9e|84\/100\n|-status|p1a: \u6e05\u6f88\u7684\u53cc\u773c \u53ef\u7231\u7684\u8138\u5e9e|brn\n|\n|-damage|p1a: \u6e05\u6f88\u7684\u53cc\u773c \u53ef\u7231\u7684\u8138\u5e9e|78\/100 brn|[from] brn\n|upkeep\n|turn|77\n|\n|t:|1700970747\n|-curestatus|p1a: \u6e05\u6f88\u7684\u53cc\u773c \u53ef\u7231\u7684\u8138\u5e9e|brn|[from] ability: Natural Cure\n|switch|p1a: \u5403\u543c\u9738\u7684\u53cd\u5f3a\u5316\u7269\u8bed|Dondozo, M|62\/100 brn\n|cant|p2a: Peccalo|par\n|\n|-heal|p1a: \u5403\u543c\u9738\u7684\u53cd\u5f3a\u5316\u7269\u8bed|68\/100 brn|[from] item: Leftovers\n|-damage|p1a: \u5403\u543c\u9738\u7684\u53cd\u5f3a\u5316\u7269\u8bed|62\/100 brn|[from] brn\n|upkeep\n|turn|78\n|\n|t:|1700970758\n|switch|p1a: \u6e05\u6f88\u7684\u53cc\u773c \u53ef\u7231\u7684\u8138\u5e9e|Chansey, F|78\/100\n|cant|p2a: Peccalo|par\n|\n|upkeep\n|turn|79\n|\n|t:|1700970764\n|switch|p1a: \u5403\u543c\u9738\u7684\u53cd\u5f3a\u5316\u7269\u8bed|Dondozo, M|62\/100 brn\n|cant|p2a: Peccalo|par\n|\n|-heal|p1a: \u5403\u543c\u9738\u7684\u53cd\u5f3a\u5316\u7269\u8bed|68\/100 brn|[from] item: Leftovers\n|-damage|p1a: \u5403\u543c\u9738\u7684\u53cd\u5f3a\u5316\u7269\u8bed|62\/100 brn|[from] brn\n|upkeep\n|turn|80\n|\n|t:|1700970772\n|switch|p1a: \u6e05\u6f88\u7684\u53cc\u773c \u53ef\u7231\u7684\u8138\u5e9e|Chansey, F|78\/100\n|move|p2a: Peccalo|Haze|p2a: Peccalo\n|-clearallboost\n|\n|upkeep\n|turn|81\n|\n|t:|1700970778\n|switch|p1a: \u5403\u543c\u9738\u7684\u53cd\u5f3a\u5316\u7269\u8bed|Dondozo, M|62\/100 brn\n|move|p2a: Peccalo|Baneful Bunker||[still]\n|-fail|p2a: Peccalo\n|\n|-heal|p1a: \u5403\u543c\u9738\u7684\u53cd\u5f3a\u5316\u7269\u8bed|68\/100 brn|[from] item: Leftovers\n|-damage|p1a: \u5403\u543c\u9738\u7684\u53cd\u5f3a\u5316\u7269\u8bed|62\/100 brn|[from] brn\n|upkeep\n|turn|82\n|\n|t:|1700970785\n|switch|p1a: \u6e05\u6f88\u7684\u53cc\u773c \u53ef\u7231\u7684\u8138\u5e9e|Chansey, F|78\/100\n|switch|p2a: Seeky|Pelipper, M|45\/100\n|-weather|RainDance|[from] ability: Drizzle|[of] p2a: Seeky\n|\n|-weather|RainDance|[upkeep]\n|upkeep\n|turn|83\n|\n|t:|1700970789\n|move|p2a: Seeky|Supersonic|p1a: \u6e05\u6f88\u7684\u53cc\u773c \u53ef\u7231\u7684\u8138\u5e9e\n|-start|p1a: \u6e05\u6f88\u7684\u53cc\u773c \u53ef\u7231\u7684\u8138\u5e9e|confusion\n|-activate|p1a: \u6e05\u6f88\u7684\u53cc\u773c \u53ef\u7231\u7684\u8138\u5e9e|confusion\n|move|p1a: \u6e05\u6f88\u7684\u53cc\u773c \u53ef\u7231\u7684\u8138\u5e9e|Seismic Toss|p2a: Seeky\n|-damage|p2a: Seeky|14\/100\n|\n|-weather|RainDance|[upkeep]\n|upkeep\n|turn|84\n|\n|t:|1700970795\n|switch|p2a: Peccalo|Toxapex, M|100\/100 par\n|-activate|p1a: \u6e05\u6f88\u7684\u53cc\u773c \u53ef\u7231\u7684\u8138\u5e9e|confusion\n|move|p1a: \u6e05\u6f88\u7684\u53cc\u773c \u53ef\u7231\u7684\u8138\u5e9e|Seismic Toss|p2a: Peccalo\n|-damage|p2a: Peccalo|68\/100 par\n|\n|-weather|RainDance|[upkeep]\n|-heal|p2a: Peccalo|74\/100 par|[from] item: Leftovers\n|upkeep\n|turn|85\n|\n|t:|1700970800\n|switch|p1a: \u5403\u543c\u9738\u7684\u53cd\u5f3a\u5316\u7269\u8bed|Dondozo, M|62\/100 brn\n|cant|p2a: Peccalo|par\n|\n|-weather|RainDance|[upkeep]\n|-heal|p1a: \u5403\u543c\u9738\u7684\u53cd\u5f3a\u5316\u7269\u8bed|68\/100 brn|[from] item: Leftovers\n|-heal|p2a: Peccalo|80\/100 par|[from] item: Leftovers\n|-damage|p1a: \u5403\u543c\u9738\u7684\u53cd\u5f3a\u5316\u7269\u8bed|62\/100 brn|[from] brn\n|upkeep\n|turn|86\n|\n|t:|1700970806\n|switch|p1a: \u6e05\u6f88\u7684\u53cc\u773c \u53ef\u7231\u7684\u8138\u5e9e|Chansey, F|78\/100\n|move|p2a: Peccalo|Scald|p1a: \u6e05\u6f88\u7684\u53cc\u773c \u53ef\u7231\u7684\u8138\u5e9e\n|-damage|p1a: \u6e05\u6f88\u7684\u53cc\u773c \u53ef\u7231\u7684\u8138\u5e9e|71\/100\n|\n|-weather|none\n|-heal|p2a: Peccalo|86\/100 par|[from] item: Leftovers\n|upkeep\n|turn|87\n|\n|t:|1700970809\n|switch|p1a: \u5403\u543c\u9738\u7684\u53cd\u5f3a\u5316\u7269\u8bed|Dondozo, M|62\/100 brn\n|move|p2a: Peccalo|Scald|p1a: \u5403\u543c\u9738\u7684\u53cd\u5f3a\u5316\u7269\u8bed\n|-resisted|p1a: \u5403\u543c\u9738\u7684\u53cd\u5f3a\u5316\u7269\u8bed\n|-damage|p1a: \u5403\u543c\u9738\u7684\u53cd\u5f3a\u5316\u7269\u8bed|54\/100 brn\n|\n|-heal|p1a: \u5403\u543c\u9738\u7684\u53cd\u5f3a\u5316\u7269\u8bed|60\/100 brn|[from] item: Leftovers\n|-heal|p2a: Peccalo|93\/100 par|[from] item: Leftovers\n|-damage|p1a: \u5403\u543c\u9738\u7684\u53cd\u5f3a\u5316\u7269\u8bed|54\/100 brn|[from] brn\n|upkeep\n|turn|88\n|\n|t:|1700970813\n|switch|p1a: \u6e05\u6f88\u7684\u53cc\u773c \u53ef\u7231\u7684\u8138\u5e9e|Chansey, F|71\/100\n|move|p2a: Peccalo|Scald|p1a: \u6e05\u6f88\u7684\u53cc\u773c \u53ef\u7231\u7684\u8138\u5e9e\n|-damage|p1a: \u6e05\u6f88\u7684\u53cc\u773c \u53ef\u7231\u7684\u8138\u5e9e|66\/100\n|-status|p1a: \u6e05\u6f88\u7684\u53cc\u773c \u53ef\u7231\u7684\u8138\u5e9e|brn\n|\n|-heal|p2a: Peccalo|99\/100 par|[from] item: Leftovers\n|-damage|p1a: \u6e05\u6f88\u7684\u53cc\u773c \u53ef\u7231\u7684\u8138\u5e9e|60\/100 brn|[from] brn\n|upkeep\n|turn|89\n|\n|t:|1700970816\n|-curestatus|p1a: \u6e05\u6f88\u7684\u53cc\u773c \u53ef\u7231\u7684\u8138\u5e9e|brn|[from] ability: Natural Cure\n|switch|p1a: \u5403\u543c\u9738\u7684\u53cd\u5f3a\u5316\u7269\u8bed|Dondozo, M|54\/100 brn\n|move|p2a: Peccalo|Scald|p1a: \u5403\u543c\u9738\u7684\u53cd\u5f3a\u5316\u7269\u8bed\n|-resisted|p1a: \u5403\u543c\u9738\u7684\u53cd\u5f3a\u5316\u7269\u8bed\n|-damage|p1a: \u5403\u543c\u9738\u7684\u53cd\u5f3a\u5316\u7269\u8bed|46\/100 brn\n|\n|-heal|p1a: \u5403\u543c\u9738\u7684\u53cd\u5f3a\u5316\u7269\u8bed|52\/100 brn|[from] item: Leftovers\n|-heal|p2a: Peccalo|100\/100 par|[from] item: Leftovers\n|-damage|p1a: \u5403\u543c\u9738\u7684\u53cd\u5f3a\u5316\u7269\u8bed|46\/100 brn|[from] brn\n|upkeep\n|turn|90\n|\n|t:|1700970821\n|switch|p1a: \u6e05\u6f88\u7684\u53cc\u773c \u53ef\u7231\u7684\u8138\u5e9e|Chansey, F|60\/100\n|move|p2a: Peccalo|Scald|p1a: \u6e05\u6f88\u7684\u53cc\u773c \u53ef\u7231\u7684\u8138\u5e9e\n|-damage|p1a: \u6e05\u6f88\u7684\u53cc\u773c \u53ef\u7231\u7684\u8138\u5e9e|54\/100\n|-status|p1a: \u6e05\u6f88\u7684\u53cc\u773c \u53ef\u7231\u7684\u8138\u5e9e|brn\n|\n|-damage|p1a: \u6e05\u6f88\u7684\u53cc\u773c \u53ef\u7231\u7684\u8138\u5e9e|48\/100 brn|[from] brn\n|upkeep\n|turn|91\n|\n|t:|1700970825\n|move|p1a: \u6e05\u6f88\u7684\u53cc\u773c \u53ef\u7231\u7684\u8138\u5e9e|Soft-Boiled|p1a: \u6e05\u6f88\u7684\u53cc\u773c \u53ef\u7231\u7684\u8138\u5e9e\n|-heal|p1a: \u6e05\u6f88\u7684\u53cc\u773c \u53ef\u7231\u7684\u8138\u5e9e|98\/100 brn\n|move|p2a: Peccalo|Scald|p1a: \u6e05\u6f88\u7684\u53cc\u773c \u53ef\u7231\u7684\u8138\u5e9e\n|-damage|p1a: \u6e05\u6f88\u7684\u53cc\u773c \u53ef\u7231\u7684\u8138\u5e9e|93\/100 brn\n|\n|-damage|p1a: \u6e05\u6f88\u7684\u53cc\u773c \u53ef\u7231\u7684\u8138\u5e9e|87\/100 brn|[from] brn\n|upkeep\n|turn|92\n|\n|t:|1700970828\n|-curestatus|p1a: \u6e05\u6f88\u7684\u53cc\u773c \u53ef\u7231\u7684\u8138\u5e9e|brn|[from] ability: Natural Cure\n|switch|p1a: \u5403\u543c\u9738\u7684\u53cd\u5f3a\u5316\u7269\u8bed|Dondozo, M|46\/100 brn\n|move|p2a: Peccalo|Scald|p1a: \u5403\u543c\u9738\u7684\u53cd\u5f3a\u5316\u7269\u8bed\n|-resisted|p1a: \u5403\u543c\u9738\u7684\u53cd\u5f3a\u5316\u7269\u8bed\n|-damage|p1a: \u5403\u543c\u9738\u7684\u53cd\u5f3a\u5316\u7269\u8bed|38\/100 brn\n|\n|-heal|p1a: \u5403\u543c\u9738\u7684\u53cd\u5f3a\u5316\u7269\u8bed|44\/100 brn|[from] item: Leftovers\n|-damage|p1a: \u5403\u543c\u9738\u7684\u53cd\u5f3a\u5316\u7269\u8bed|38\/100 brn|[from] brn\n|upkeep\n|turn|93\n|\n|t:|1700970833\n|switch|p1a: \u6e05\u6f88\u7684\u53cc\u773c \u53ef\u7231\u7684\u8138\u5e9e|Chansey, F|87\/100\n|move|p2a: Peccalo|Scald|p1a: \u6e05\u6f88\u7684\u53cc\u773c \u53ef\u7231\u7684\u8138\u5e9e\n|-damage|p1a: \u6e05\u6f88\u7684\u53cc\u773c \u53ef\u7231\u7684\u8138\u5e9e|81\/100\n|\n|upkeep\n|turn|94\n|\n|t:|1700970838\n|switch|p1a: \u5403\u543c\u9738\u7684\u53cd\u5f3a\u5316\u7269\u8bed|Dondozo, M|38\/100 brn\n|move|p2a: Peccalo|Scald|p1a: \u5403\u543c\u9738\u7684\u53cd\u5f3a\u5316\u7269\u8bed\n|-resisted|p1a: \u5403\u543c\u9738\u7684\u53cd\u5f3a\u5316\u7269\u8bed\n|-damage|p1a: \u5403\u543c\u9738\u7684\u53cd\u5f3a\u5316\u7269\u8bed|31\/100 brn\n|\n|-heal|p1a: \u5403\u543c\u9738\u7684\u53cd\u5f3a\u5316\u7269\u8bed|37\/100 brn|[from] item: Leftovers\n|-damage|p1a: \u5403\u543c\u9738\u7684\u53cd\u5f3a\u5316\u7269\u8bed|31\/100 brn|[from] brn\n|upkeep\n|turn|95\n|\n|t:|1700970841\n|switch|p1a: \u6e05\u6f88\u7684\u53cc\u773c \u53ef\u7231\u7684\u8138\u5e9e|Chansey, F|81\/100\n|move|p2a: Peccalo|Scald|p1a: \u6e05\u6f88\u7684\u53cc\u773c \u53ef\u7231\u7684\u8138\u5e9e\n|-damage|p1a: \u6e05\u6f88\u7684\u53cc\u773c \u53ef\u7231\u7684\u8138\u5e9e|76\/100\n|\n|upkeep\n|turn|96\n|-message|CMKedo forfeited.\n|\n|win|Serena1111\u805a\u6c14\u5384\u9b3c\u692a\n|raw|Serena1111\u805a\u6c14\u5384\u9b3c\u692a's rating: 1152 &rarr; <strong>1181<\/strong><br \/>(+29 for winning)\n|raw|CMKedo's rating: 1203 &rarr; <strong>1174<\/strong><br \/>(-29 for losing)\n|l|\u2606CMKedo\n|j| noob3322 1\n","uploadtime":1700970886,"views":1,"p1id":"serena1111","p2id":"cmkedo","formatid":"gen9nationaldex","rating":1174,"private":0,"password":""}