{"id":"gen9nationaldex-1987653063","p1":"konl","p2":"Da1ba Nana","format":"[Gen 9] National Dex","log":"|j|\u2606konl\n|j|\u2606Da1ba Nana\n|t:|1699624283\n|gametype|singles\n|player|p1|konl|bugcatcher-gen4dp|1263\n|player|p2|Da1ba Nana|baker|1222\n|teamsize|p1|6\n|teamsize|p2|6\n|gen|9\n|tier|[Gen 9] National Dex\n|rated|\n|rule|HP Percentage Mod: HP is shown in percentages\n|rule|Endless Battle Clause: Forcing endless battles is banned\n|rule|OHKO Clause: OHKO moves are banned\n|rule|Evasion Clause: Evasion abilities, items, and moves are banned\n|rule|Evasion Abilities Clause: Evasion abilities are banned\n|rule|Evasion Items Clause: Evasion items are banned\n|rule|Evasion Moves Clause: Evasion moves are banned\n|rule|Species Clause: Limit one of each Pok\u00e9mon\n|rule|Sleep Clause Mod: Limit one foe put to sleep\n|clearpoke\n|poke|p1|Slowking-Galar, F|\n|poke|p1|Heatran, F|\n|poke|p1|Cloyster, F|\n|poke|p1|Kommo-o, F|\n|poke|p1|Garganacl, F|\n|poke|p1|Mimikyu, F|\n|poke|p2|Slurpuff, F|\n|poke|p2|Aegislash, F|\n|poke|p2|Charizard, M|\n|poke|p2|Flygon, M|\n|poke|p2|Nidoking, M|\n|poke|p2|Milotic, F|\n|teampreview\n|\n|t:|1699624297\n|start\n|switch|p1a: Heatran|Heatran, F|100\/100\n|switch|p2a: Slurpuff|Slurpuff, F|100\/100\n|turn|1\n|\n|t:|1699624304\n|move|p2a: Slurpuff|Sticky Web|p1a: Heatran\n|-sidestart|p1: konl|move: Sticky Web\n|move|p1a: Heatran|Steel Beam|p2a: Slurpuff\n|-supereffective|p2a: Slurpuff\n|-enditem|p2a: Slurpuff|Focus Sash\n|-damage|p2a: Slurpuff|1\/100\n|-damage|p1a: Heatran|50\/100|[from] steelbeam\n|\n|-heal|p1a: Heatran|57\/100|[from] item: Leftovers\n|upkeep\n|turn|2\n|\n|t:|1699624313\n|move|p2a: Slurpuff|Endeavor|p1a: Heatran\n|-damage|p1a: Heatran|1\/100\n|move|p1a: Heatran|Lava Plume|p2a: Slurpuff\n|-damage|p2a: Slurpuff|0 fnt\n|faint|p2a: Slurpuff\n|\n|-heal|p1a: Heatran|7\/100|[from] item: Leftovers\n|upkeep\n|\n|t:|1699624327\n|switch|p2a: Charizard|Charizard, M|100\/100\n|turn|3\n|\n|t:|1699624340\n|move|p2a: Charizard|Air Slash|p1a: Heatran\n|-resisted|p1a: Heatran\n|-damage|p1a: Heatran|0 fnt\n|faint|p1a: Heatran\n|\n|upkeep\n|\n|t:|1699624349\n|switch|p1a: Cloyster|Cloyster, F|100\/100\n|turn|4\n|\n|t:|1699624355\n|detailschange|p2a: Charizard|Charizard-Mega-Y, M\n|-mega|p2a: Charizard|Charizard|Charizardite Y\n|-weather|SunnyDay|[from] ability: Drought|[of] p2a: Charizard\n|move|p2a: Charizard|Solar Beam||[still]\n|-prepare|p2a: Charizard|Solar Beam\n|-anim|p2a: Charizard|Solar Beam|p1a: Cloyster\n|-supereffective|p1a: Cloyster\n|-damage|p1a: Cloyster|0 fnt\n|faint|p1a: Cloyster\n|\n|-weather|SunnyDay|[upkeep]\n|upkeep\n|\n|t:|1699624369\n|switch|p1a: Mimikyu|Mimikyu, F|100\/100\n|-activate|p1a: Mimikyu|move: Sticky Web\n|-unboost|p1a: Mimikyu|spe|1\n|turn|5\n|\n|t:|1699624377\n|move|p2a: Charizard|Air Slash|p1a: Mimikyu\n|-activate|p1a: Mimikyu|ability: Disguise\n|-damage|p1a: Mimikyu|100\/100\n|detailschange|p1a: Mimikyu|Mimikyu-Busted, F\n|-damage|p1a: Mimikyu|88\/100|[from] pokemon: Mimikyu-Busted\n|move|p1a: Mimikyu|Substitute|p1a: Mimikyu\n|-start|p1a: Mimikyu|Substitute\n|-damage|p1a: Mimikyu|63\/100\n|\n|-weather|SunnyDay|[upkeep]\n|-heal|p1a: Mimikyu|69\/100|[from] item: Leftovers\n|upkeep\n|turn|6\n|\n|t:|1699624382\n|move|p2a: Charizard|Weather Ball|p1a: Mimikyu\n|-end|p1a: Mimikyu|Substitute\n|move|p1a: Mimikyu|Curse|p2a: Charizard\n|-start|p2a: Charizard|Curse|[of] p1a: Mimikyu\n|-damage|p1a: Mimikyu|19\/100\n|\n|-weather|SunnyDay|[upkeep]\n|-heal|p1a: Mimikyu|25\/100|[from] item: Leftovers\n|-damage|p2a: Charizard|76\/100|[from] Curse\n|upkeep\n|turn|7\n|\n|t:|1699624400\n|switch|p1a: Garganacl|Garganacl, F|100\/100\n|-activate|p1a: Garganacl|move: Sticky Web\n|-unboost|p1a: Garganacl|spe|1\n|move|p2a: Charizard|Solar Beam||[still]\n|-prepare|p2a: Charizard|Solar Beam\n|-anim|p2a: Charizard|Solar Beam|p1a: Garganacl\n|-supereffective|p1a: Garganacl\n|-damage|p1a: Garganacl|32\/100\n|\n|-weather|SunnyDay|[upkeep]\n|-damage|p2a: Charizard|51\/100|[from] Curse\n|upkeep\n|turn|8\n|\n|t:|1699624411\n|move|p2a: Charizard|Solar Beam||[still]\n|-prepare|p2a: Charizard|Solar Beam\n|-anim|p2a: Charizard|Solar Beam|p1a: Garganacl\n|-supereffective|p1a: Garganacl\n|-damage|p1a: Garganacl|0 fnt\n|faint|p1a: Garganacl\n|\n|-weather|none\n|-damage|p2a: Charizard|26\/100|[from] Curse\n|upkeep\n|\n|t:|1699624419\n|switch|p1a: Kommo-o|Kommo-o, F|100\/100\n|-activate|p1a: Kommo-o|move: Sticky Web\n|-unboost|p1a: Kommo-o|spe|1\n|turn|9\n|\n|t:|1699624423\n|-terastallize|p1a: Kommo-o|Fire\n|move|p2a: Charizard|Air Slash|p1a: Kommo-o\n|-damage|p1a: Kommo-o|57\/100\n|cant|p1a: Kommo-o|flinch\n|\n|-damage|p2a: Charizard|1\/100|[from] Curse\n|upkeep\n|turn|10\n|\n|t:|1699624431\n|move|p2a: Charizard|Air Slash|p1a: Kommo-o\n|-damage|p1a: Kommo-o|16\/100\n|move|p1a: Kommo-o|Flamethrower|p2a: Charizard\n|-resisted|p2a: Charizard\n|-damage|p2a: Charizard|0 fnt\n|faint|p2a: Charizard\n|\n|upkeep\n|\n|t:|1699624437\n|switch|p2a: Nidoking|Nidoking, M|100\/100\n|turn|11\n|-message|konl forfeited.\n|\n|win|Da1ba Nana\n|raw|konl's rating: 1263 &rarr; <strong>1235<\/strong><br \/>(-28 for losing)\n|raw|Da1ba Nana's rating: 1222 &rarr; <strong>1250<\/strong><br \/>(+28 for winning)\n|l|\u2606konl\n","uploadtime":1699624446,"views":10,"p1id":"konl","p2id":"da1banana","formatid":"gen9nationaldex","rating":1235,"private":0,"password":""}