{"id":"gen9nationaldex-1991103346","p1":"koles jakis","p2":"fknfkdhd","format":"[Gen 9] National Dex","log":"|j|\u2606koles jakis\n|j|\u203dfknfkdhd\n|t:|1700043382\n|gametype|singles\n|player|p1|koles jakis|burgh|1203\n|player|p2|fknfkdhd|cynthia|1175\n|teamsize|p1|6\n|teamsize|p2|6\n|gen|9\n|tier|[Gen 9] National Dex\n|rated|\n|rule|HP Percentage Mod: HP is shown in percentages\n|rule|Endless Battle Clause: Forcing endless battles is banned\n|rule|OHKO Clause: OHKO moves are banned\n|rule|Evasion Clause: Evasion abilities, items, and moves are banned\n|rule|Evasion Abilities Clause: Evasion abilities are banned\n|rule|Evasion Items Clause: Evasion items are banned\n|rule|Evasion Moves Clause: Evasion moves are banned\n|rule|Species Clause: Limit one of each Pok\u00e9mon\n|rule|Sleep Clause Mod: Limit one foe put to sleep\n|clearpoke\n|poke|p1|Politoed, M|\n|poke|p1|Gyarados, M|\n|poke|p1|Huntail, M|\n|poke|p1|Ludicolo, M|\n|poke|p1|Kingdra, M|\n|poke|p1|Floatzel, M|\n|poke|p2|Spiritomb, M|\n|poke|p2|Roserade, F|\n|poke|p2|Togekiss, M|\n|poke|p2|Lucario, F|\n|poke|p2|Milotic, F|\n|poke|p2|Garchomp, M|\n|teampreview\n|inactive|Battle timer is ON: inactive players will automatically lose when time's up. (requested by koles jakis)\n|\n|t:|1700043403\n|start\n|switch|p1a: Politoed|Politoed, M|100\/100\n|switch|p2a: Milotic|Milotic, F|100\/100\n|-weather|RainDance|[from] ability: Drizzle|[of] p1a: Politoed\n|turn|1\n|c|\u2606koles jakis|rain team vs cynthia team\n|c|\u2606koles jakis|our battle will be legendary\n|\n|t:|1700043419\n|move|p2a: Milotic|Scald|p1a: Politoed\n|-resisted|p1a: Politoed\n|-damage|p1a: Politoed|79\/100\n|-status|p1a: Politoed|brn\n|move|p1a: Politoed|Perish Song|p1a: Politoed\n|-start|p1a: Politoed|perish3|[silent]\n|-start|p2a: Milotic|perish3|[silent]\n|-fieldactivate|move: Perish Song\n|\n|-weather|RainDance|[upkeep]\n|-damage|p1a: Politoed|73\/100 brn|[from] brn\n|-start|p2a: Milotic|perish3\n|-start|p1a: Politoed|perish3\n|-status|p2a: Milotic|brn|[from] item: Flame Orb\n|upkeep\n|turn|2\n|\n|t:|1700043433\n|switch|p1a: Ludicolo|Ludicolo, M|100\/100\n|move|p2a: Milotic|Mirror Coat||[still]\n|-fail|p2a: Milotic\n|\n|-weather|RainDance|[upkeep]\n|-damage|p2a: Milotic|94\/100 brn|[from] brn\n|-start|p2a: Milotic|perish2\n|upkeep\n|turn|3\n|\n|t:|1700043443\n|switch|p2a: Spiritomb|Spiritomb, M|100\/100\n|-ability|p2a: Spiritomb|Pressure\n|move|p1a: Ludicolo|Substitute|p1a: Ludicolo\n|-start|p1a: Ludicolo|Substitute\n|-damage|p1a: Ludicolo|75\/100\n|\n|-weather|RainDance|[upkeep]\n|upkeep\n|turn|4\n|\n|t:|1700043452\n|move|p1a: Ludicolo|Hydro Pump|p2a: Spiritomb\n|-damage|p2a: Spiritomb|49\/100\n|-enditem|p2a: Spiritomb|Sitrus Berry|[eat]\n|-heal|p2a: Spiritomb|74\/100|[from] item: Sitrus Berry\n|move|p2a: Spiritomb|Poltergeist|p1a: Ludicolo\n|-activate|p1a: Ludicolo|move: Poltergeist|Sitrus Berry\n|-end|p1a: Ludicolo|Substitute\n|\n|-weather|RainDance|[upkeep]\n|upkeep\n|turn|5\n|\n|t:|1700043461\n|move|p1a: Ludicolo|Toxic|p2a: Spiritomb\n|-status|p2a: Spiritomb|tox\n|move|p2a: Spiritomb|Poltergeist|p1a: Ludicolo\n|-activate|p1a: Ludicolo|move: Poltergeist|Sitrus Berry\n|-damage|p1a: Ludicolo|13\/100\n|-enditem|p1a: Ludicolo|Sitrus Berry|[eat]\n|-heal|p1a: Ludicolo|38\/100|[from] item: Sitrus Berry\n|\n|-weather|RainDance|[upkeep]\n|-damage|p2a: Spiritomb|68\/100 tox|[from] psn\n|upkeep\n|turn|6\n|\n|t:|1700043476\n|move|p1a: Ludicolo|Substitute|p1a: Ludicolo\n|-start|p1a: Ludicolo|Substitute\n|-damage|p1a: Ludicolo|13\/100\n|move|p2a: Spiritomb|Poltergeist||[still]\n|-fail|p2a: Spiritomb\n|\n|-weather|RainDance|[upkeep]\n|-damage|p2a: Spiritomb|55\/100 tox|[from] psn\n|upkeep\n|turn|7\n|\n|t:|1700043484\n|move|p2a: Spiritomb|Shadow Sneak|p1a: Ludicolo\n|-activate|p1a: Ludicolo|move: Substitute|[damage]\n|move|p1a: Ludicolo|Energy Ball|p2a: Spiritomb\n|-damage|p2a: Spiritomb|24\/100 tox\n|\n|-weather|RainDance|[upkeep]\n|-damage|p2a: Spiritomb|5\/100 tox|[from] psn\n|upkeep\n|turn|8\n|\n|t:|1700043495\n|switch|p2a: Togekiss|Togekiss, M|100\/100\n|move|p1a: Ludicolo|Energy Ball|p2a: Togekiss\n|-resisted|p2a: Togekiss\n|-damage|p2a: Togekiss|91\/100\n|\n|-weather|none\n|upkeep\n|turn|9\n|\n|t:|1700043502\n|move|p1a: Ludicolo|Toxic|p2a: Togekiss\n|-status|p2a: Togekiss|tox\n|move|p2a: Togekiss|Air Slash|p1a: Ludicolo\n|-supereffective|p1a: Ludicolo\n|-end|p1a: Ludicolo|Substitute\n|\n|-damage|p2a: Togekiss|85\/100 tox|[from] psn\n|upkeep\n|turn|10\n|\n|t:|1700043509\n|move|p1a: Ludicolo|Hydro Pump|p2a: Togekiss\n|-damage|p2a: Togekiss|61\/100 tox\n|move|p2a: Togekiss|Air Slash|p1a: Ludicolo\n|-supereffective|p1a: Ludicolo\n|-damage|p1a: Ludicolo|0 fnt\n|faint|p1a: Ludicolo\n|\n|-damage|p2a: Togekiss|49\/100 tox|[from] psn\n|upkeep\n|\n|t:|1700043518\n|switch|p1a: Politoed|Politoed, M|73\/100 brn\n|-weather|RainDance|[from] ability: Drizzle|[of] p1a: Politoed\n|turn|11\n|\n|t:|1700043525\n|switch|p2a: Roserade|Roserade, F|100\/100\n|move|p1a: Politoed|Ice Beam|p2a: Roserade\n|-supereffective|p2a: Roserade\n|-damage|p2a: Roserade|38\/100\n|\n|-weather|RainDance|[upkeep]\n|-damage|p1a: Politoed|67\/100 brn|[from] brn\n|upkeep\n|turn|12\n|\n|t:|1700043534\n|move|p2a: Roserade|Energy Ball|p1a: Politoed\n|-supereffective|p1a: Politoed\n|-damage|p1a: Politoed|0 fnt\n|faint|p1a: Politoed\n|-damage|p2a: Roserade|28\/100|[from] item: Life Orb\n|\n|-weather|RainDance|[upkeep]\n|upkeep\n|\n|t:|1700043541\n|switch|p1a: Gyarados|Gyarados, M|100\/100\n|-ability|p1a: Gyarados|Intimidate|boost\n|-unboost|p2a: Roserade|atk|1\n|turn|13\n|\n|t:|1700043547\n|switch|p2a: Milotic|Milotic, F|94\/100 brn\n|move|p1a: Gyarados|Dragon Dance|p1a: Gyarados\n|-boost|p1a: Gyarados|atk|1\n|-boost|p1a: Gyarados|spe|1\n|\n|-weather|RainDance|[upkeep]\n|-damage|p2a: Milotic|88\/100 brn|[from] brn\n|upkeep\n|turn|14\n|\n|t:|1700043554\n|move|p1a: Gyarados|Dragon Dance|p1a: Gyarados\n|-boost|p1a: Gyarados|atk|1\n|-boost|p1a: Gyarados|spe|1\n|move|p2a: Milotic|Scald|p1a: Gyarados\n|-resisted|p1a: Gyarados\n|-damage|p1a: Gyarados|76\/100\n|-status|p1a: Gyarados|brn\n|\n|-weather|RainDance|[upkeep]\n|-damage|p1a: Gyarados|70\/100 brn|[from] brn\n|-damage|p2a: Milotic|82\/100 brn|[from] brn\n|upkeep\n|turn|15\n|\n|t:|1700043567\n|detailschange|p1a: Gyarados|Gyarados-Mega, M\n|-mega|p1a: Gyarados|Gyarados|Gyaradosite\n|-ability|p1a: Gyarados|Mold Breaker\n|move|p1a: Gyarados|Aqua Tail|p2a: Milotic\n|-resisted|p2a: Milotic\n|-damage|p2a: Milotic|46\/100 brn\n|move|p2a: Milotic|Scald|p1a: Gyarados\n|-resisted|p1a: Gyarados\n|-damage|p1a: Gyarados|52\/100 brn\n|\n|-weather|RainDance|[upkeep]\n|-damage|p1a: Gyarados|46\/100 brn|[from] brn\n|-damage|p2a: Milotic|40\/100 brn|[from] brn\n|upkeep\n|turn|16\n|\n|t:|1700043578\n|move|p1a: Gyarados|Aqua Tail|p2a: Milotic\n|-resisted|p2a: Milotic\n|-damage|p2a: Milotic|2\/100 brn\n|move|p2a: Milotic|Recover|p2a: Milotic\n|-heal|p2a: Milotic|52\/100 brn\n|\n|-weather|RainDance|[upkeep]\n|-damage|p1a: Gyarados|39\/100 brn|[from] brn\n|-damage|p2a: Milotic|46\/100 brn|[from] brn\n|upkeep\n|turn|17\n|\n|t:|1700043591\n|move|p1a: Gyarados|Aqua Tail|p2a: Milotic\n|-resisted|p2a: Milotic\n|-damage|p2a: Milotic|11\/100 brn\n|move|p2a: Milotic|Recover|p2a: Milotic\n|-heal|p2a: Milotic|61\/100 brn\n|\n|-weather|RainDance|[upkeep]\n|-damage|p1a: Gyarados|33\/100 brn|[from] brn\n|-damage|p2a: Milotic|55\/100 brn|[from] brn\n|upkeep\n|turn|18\n|\n|t:|1700043598\n|move|p1a: Gyarados|Aqua Tail|p2a: Milotic\n|-resisted|p2a: Milotic\n|-damage|p2a: Milotic|16\/100 brn\n|move|p2a: Milotic|Recover|p2a: Milotic\n|-heal|p2a: Milotic|66\/100 brn\n|\n|-weather|none\n|-damage|p1a: Gyarados|27\/100 brn|[from] brn\n|-damage|p2a: Milotic|60\/100 brn|[from] brn\n|upkeep\n|turn|19\n|\n|t:|1700043606\n|move|p1a: Gyarados|Aqua Tail|p2a: Milotic\n|-resisted|p2a: Milotic\n|-damage|p2a: Milotic|33\/100 brn\n|move|p2a: Milotic|Recover|p2a: Milotic\n|-heal|p2a: Milotic|83\/100 brn\n|\n|-damage|p1a: Gyarados|21\/100 brn|[from] brn\n|-damage|p2a: Milotic|77\/100 brn|[from] brn\n|upkeep\n|turn|20\n|\n|t:|1700043615\n|move|p1a: Gyarados|Aqua Tail|p2a: Milotic\n|-resisted|p2a: Milotic\n|-damage|p2a: Milotic|51\/100 brn\n|move|p2a: Milotic|Recover|p2a: Milotic\n|-heal|p2a: Milotic|100\/100 brn\n|\n|-damage|p1a: Gyarados|15\/100 brn|[from] brn\n|-damage|p2a: Milotic|94\/100 brn|[from] brn\n|upkeep\n|turn|21\n|\n|t:|1700043625\n|move|p1a: Gyarados|Earthquake|p2a: Milotic\n|-damage|p2a: Milotic|57\/100 brn\n|move|p2a: Milotic|Scald|p1a: Gyarados\n|-resisted|p1a: Gyarados\n|-damage|p1a: Gyarados|2\/100 brn\n|\n|-damage|p1a: Gyarados|0 fnt|[from] brn\n|faint|p1a: Gyarados\n|-damage|p2a: Milotic|51\/100 brn|[from] brn\n|upkeep\n|\n|t:|1700043639\n|switch|p1a: Kingdra|Kingdra, M|100\/100\n|turn|22\n|\n|t:|1700043646\n|move|p1a: Kingdra|Hydro Pump|p2a: Milotic\n|-resisted|p2a: Milotic\n|-damage|p2a: Milotic|25\/100 brn\n|move|p2a: Milotic|Recover|p2a: Milotic\n|-heal|p2a: Milotic|75\/100 brn\n|\n|-damage|p2a: Milotic|69\/100 brn|[from] brn\n|upkeep\n|turn|23\n|\n|t:|1700043654\n|-terastallize|p1a: Kingdra|Water\n|move|p1a: Kingdra|Hydro Pump|p2a: Milotic|[miss]\n|-miss|p1a: Kingdra|p2a: Milotic\n|move|p2a: Milotic|Mirror Coat||[still]\n|-fail|p2a: Milotic\n|\n|-damage|p2a: Milotic|63\/100 brn|[from] brn\n|upkeep\n|turn|24\n|\n|t:|1700043662\n|switch|p1a: Huntail|Huntail, M|100\/100\n|move|p2a: Milotic|Mirror Coat||[still]\n|-fail|p2a: Milotic\n|\n|-damage|p2a: Milotic|57\/100 brn|[from] brn\n|upkeep\n|turn|25\n|\n|t:|1700043668\n|move|p1a: Huntail|Shell Smash|p1a: Huntail\n|-unboost|p1a: Huntail|def|1\n|-unboost|p1a: Huntail|spd|1\n|-boost|p1a: Huntail|atk|2\n|-boost|p1a: Huntail|spa|2\n|-boost|p1a: Huntail|spe|2\n|move|p2a: Milotic|Recover|p2a: Milotic\n|-heal|p2a: Milotic|100\/100 brn\n|\n|-damage|p2a: Milotic|94\/100 brn|[from] brn\n|upkeep\n|turn|26\n|\n|t:|1700043677\n|move|p1a: Huntail|Crunch|p2a: Milotic\n|-damage|p2a: Milotic|68\/100 brn\n|-unboost|p2a: Milotic|def|1\n|move|p2a: Milotic|Scald|p1a: Huntail\n|-resisted|p1a: Huntail\n|-damage|p1a: Huntail|55\/100\n|-status|p1a: Huntail|brn\n|\n|-damage|p1a: Huntail|50\/100 brn|[from] brn\n|-damage|p2a: Milotic|62\/100 brn|[from] brn\n|upkeep\n|turn|27\n|\n|t:|1700043689\n|switch|p2a: Lucario|Lucario, F|100\/100\n|move|p1a: Huntail|Waterfall|p2a: Lucario\n|-damage|p2a: Lucario|38\/100\n|\n|-damage|p1a: Huntail|44\/100 brn|[from] brn\n|upkeep\n|turn|28\n|\n|t:|1700043696\n|-terastallize|p2a: Lucario|Normal\n|move|p2a: Lucario|Extreme Speed|p1a: Huntail\n|-damage|p1a: Huntail|0 fnt\n|faint|p1a: Huntail\n|\n|upkeep\n|-message|koles jakis forfeited.\n|\n|win|fknfkdhd\n|raw|koles jakis's rating: 1203 &rarr; <strong>1176<\/strong><br \/>(-27 for losing)\n|raw|fknfkdhd's rating: 1175 &rarr; <strong>1202<\/strong><br \/>(+27 for winning)\n|l|\u2606koles jakis\n","uploadtime":1700044831,"views":3,"p1id":"kolesjakis","p2id":"fknfkdhd","formatid":"gen9nationaldex","rating":1176,"private":0,"password":""}