{"id":"gen9nationaldex-1996552141","p1":"blvcchippy","p2":"deepest magnolia","format":"[Gen 9] National Dex","log":"|html|<div class=\"broadcast-blue\"><strong>[Gen 9] National Dex is currently suspecting Sneasler! For information on how to participate check out the <a href=\"https:\/\/www.smogon.com\/forums\/threads\/sv-national-dex-suspect-8-just-dance.3731534\/\">suspect thread<\/a>.<\/strong><\/div>\n|j|\u2606blvcchippy\n|j|\u2606deepest magnolia\n|t:|1700693462\n|gametype|singles\n|player|p1|blvcchippy|169|1140\n|player|p2|deepest magnolia|marley|1062\n|teamsize|p1|6\n|teamsize|p2|6\n|gen|9\n|tier|[Gen 9] National Dex\n|rated|\n|rule|HP Percentage Mod: HP is shown in percentages\n|rule|Endless Battle Clause: Forcing endless battles is banned\n|rule|OHKO Clause: OHKO moves are banned\n|rule|Evasion Clause: Evasion abilities, items, and moves are banned\n|rule|Evasion Abilities Clause: Evasion abilities are banned\n|rule|Evasion Items Clause: Evasion items are banned\n|rule|Evasion Moves Clause: Evasion moves are banned\n|rule|Species Clause: Limit one of each Pok\u00e9mon\n|rule|Sleep Clause Mod: Limit one foe put to sleep\n|clearpoke\n|poke|p1|Ferrothorn, M|\n|poke|p1|Toxapex, F|\n|poke|p1|Garchomp, M|\n|poke|p1|Snorlax, F|\n|poke|p1|Jirachi|\n|poke|p1|Blaziken, M|\n|poke|p2|Flygon, F|\n|poke|p2|Aggron, F|\n|poke|p2|Vikavolt, F|\n|poke|p2|Pelipper, F|\n|poke|p2|Ceruledge, M|\n|poke|p2|Gigalith, F|\n|teampreview\n|\n|t:|1700693477\n|start\n|switch|p1a: Toxapex|Toxapex, F|100\/100\n|switch|p2a: just a rock|Gigalith, F|100\/100\n|turn|1\n|\n|t:|1700693486\n|move|p1a: Toxapex|Baneful Bunker|p1a: Toxapex\n|-singleturn|p1a: Toxapex|move: Protect\n|move|p2a: just a rock|Sandstorm|p2a: just a rock\n|-weather|Sandstorm\n|\n|-weather|Sandstorm|[upkeep]\n|-damage|p1a: Toxapex|95\/100|[from] Sandstorm\n|upkeep\n|turn|2\n|\n|t:|1700693506\n|move|p1a: Toxapex|Toxic Spikes|p2a: just a rock\n|-sidestart|p2: deepest magnolia|move: Toxic Spikes\n|move|p2a: just a rock|Iron Head|p1a: Toxapex\n|-resisted|p1a: Toxapex\n|-damage|p1a: Toxapex|80\/100\n|\n|-weather|Sandstorm|[upkeep]\n|-damage|p1a: Toxapex|74\/100|[from] Sandstorm\n|upkeep\n|turn|3\n|inactive|Battle timer is ON: inactive players will automatically lose when time's up. (requested by blvcchippy)\n|\n|t:|1700693517\n|move|p1a: Toxapex|Scald|p2a: just a rock\n|-supereffective|p2a: just a rock\n|-damage|p2a: just a rock|60\/100\n|move|p2a: just a rock|Stone Edge|p1a: Toxapex\n|-crit|p1a: Toxapex\n|-damage|p1a: Toxapex|0 fnt\n|faint|p1a: Toxapex\n|\n|-weather|Sandstorm|[upkeep]\n|upkeep\n|\n|t:|1700693526\n|switch|p1a: Ferrothorn|Ferrothorn, M|100\/100\n|turn|4\n|\n|t:|1700693533\n|move|p2a: just a rock|Rock Slide|p1a: Ferrothorn\n|-resisted|p1a: Ferrothorn\n|-damage|p1a: Ferrothorn|84\/100\n|move|p1a: Ferrothorn|Stealth Rock|p2a: just a rock\n|-sidestart|p2: deepest magnolia|move: Stealth Rock\n|\n|-weather|Sandstorm|[upkeep]\n|-heal|p1a: Ferrothorn|90\/100|[from] item: Leftovers\n|upkeep\n|turn|5\n|c|\u2606deepest magnolia|is scald water or fire type?\n|\n|t:|1700693548\n|move|p2a: just a rock|Stone Edge|p1a: Ferrothorn\n|-resisted|p1a: Ferrothorn\n|-damage|p1a: Ferrothorn|66\/100\n|move|p1a: Ferrothorn|Spikes|p2a: just a rock\n|-sidestart|p2: deepest magnolia|Spikes\n|\n|-weather|none\n|-heal|p1a: Ferrothorn|72\/100|[from] item: Leftovers\n|upkeep\n|turn|6\n|c|\u2606blvcchippy|water that burns\n|\n|t:|1700693562\n|move|p2a: just a rock|Sandstorm|p2a: just a rock\n|-weather|Sandstorm\n|move|p1a: Ferrothorn|Gyro Ball|p2a: just a rock\n|-supereffective|p2a: just a rock\n|-damage|p2a: just a rock|33\/100\n|\n|-weather|Sandstorm|[upkeep]\n|-heal|p1a: Ferrothorn|78\/100|[from] item: Leftovers\n|upkeep\n|turn|7\n|c|\u2606deepest magnolia|ahhhh oki\n|c|\u2606deepest magnolia|ty\n|\n|t:|1700693574\n|move|p2a: just a rock|Stone Edge|p1a: Ferrothorn\n|-resisted|p1a: Ferrothorn\n|-crit|p1a: Ferrothorn\n|-damage|p1a: Ferrothorn|44\/100\n|move|p1a: Ferrothorn|Spikes|p2a: just a rock\n|-sidestart|p2: deepest magnolia|Spikes\n|\n|-weather|Sandstorm|[upkeep]\n|-heal|p1a: Ferrothorn|50\/100|[from] item: Leftovers\n|upkeep\n|turn|8\n|\n|t:|1700693585\n|move|p2a: just a rock|Stone Edge|p1a: Ferrothorn\n|-resisted|p1a: Ferrothorn\n|-damage|p1a: Ferrothorn|27\/100\n|move|p1a: Ferrothorn|Leech Seed|p2a: just a rock\n|-start|p2a: just a rock|move: Leech Seed\n|\n|-weather|Sandstorm|[upkeep]\n|-heal|p1a: Ferrothorn|32\/100|[from] item: Leftovers\n|-damage|p2a: just a rock|20\/100|[from] Leech Seed|[of] p1a: Ferrothorn\n|-heal|p1a: Ferrothorn|46\/100|[silent]\n|upkeep\n|-enditem|p2a: just a rock|Mago Berry|[eat]\n|-heal|p2a: just a rock|54\/100|[from] item: Mago Berry\n|turn|9\n|\n|t:|1700693596\n|move|p2a: just a rock|Stone Edge|p1a: Ferrothorn\n|-resisted|p1a: Ferrothorn\n|-crit|p1a: Ferrothorn\n|-damage|p1a: Ferrothorn|15\/100\n|move|p1a: Ferrothorn|Gyro Ball|p2a: just a rock\n|-supereffective|p2a: just a rock\n|-damage|p2a: just a rock|27\/100\n|\n|-weather|Sandstorm|[upkeep]\n|-heal|p1a: Ferrothorn|21\/100|[from] item: Leftovers\n|-damage|p2a: just a rock|14\/100|[from] Leech Seed|[of] p1a: Ferrothorn\n|-heal|p1a: Ferrothorn|34\/100|[silent]\n|upkeep\n|turn|10\n|\n|t:|1700693606\n|move|p2a: just a rock|Stone Edge|p1a: Ferrothorn|[miss]\n|-miss|p2a: just a rock|p1a: Ferrothorn\n|move|p1a: Ferrothorn|Gyro Ball|p2a: just a rock\n|-supereffective|p2a: just a rock\n|-damage|p2a: just a rock|0 fnt\n|faint|p2a: just a rock\n|\n|-weather|none\n|-heal|p1a: Ferrothorn|40\/100|[from] item: Leftovers\n|upkeep\n|\n|t:|1700693618\n|switch|p2a: Flygon|Flygon, F|100\/100\n|-damage|p2a: Flygon|94\/100|[from] Stealth Rock\n|turn|11\n|\n|t:|1700693624\n|move|p2a: Flygon|Dragon Pulse|p1a: Ferrothorn\n|-resisted|p1a: Ferrothorn\n|-damage|p1a: Ferrothorn|28\/100\n|move|p1a: Ferrothorn|Leech Seed|p2a: Flygon\n|-start|p2a: Flygon|move: Leech Seed\n|\n|-heal|p2a: Flygon|100\/100|[from] item: Leftovers\n|-heal|p1a: Ferrothorn|34\/100|[from] item: Leftovers\n|-damage|p2a: Flygon|88\/100|[from] Leech Seed|[of] p1a: Ferrothorn\n|-heal|p1a: Ferrothorn|46\/100|[silent]\n|upkeep\n|turn|12\n|\n|t:|1700693637\n|move|p2a: Flygon|Return|p1a: Ferrothorn\n|-resisted|p1a: Ferrothorn\n|-damage|p1a: Ferrothorn|38\/100\n|-damage|p2a: Flygon|76\/100|[from] ability: Iron Barbs|[of] p1a: Ferrothorn\n|move|p1a: Ferrothorn|Gyro Ball|p2a: Flygon\n|-damage|p2a: Flygon|17\/100\n|\n|-heal|p2a: Flygon|23\/100|[from] item: Leftovers\n|-heal|p1a: Ferrothorn|44\/100|[from] item: Leftovers\n|-damage|p2a: Flygon|11\/100|[from] Leech Seed|[of] p1a: Ferrothorn\n|-heal|p1a: Ferrothorn|56\/100|[silent]\n|upkeep\n|turn|13\n|c|\u2606deepest magnolia|i lose this i think\n|\n|t:|1700693665\n|move|p2a: Flygon|Earth Power|p1a: Ferrothorn\n|-damage|p1a: Ferrothorn|30\/100\n|move|p1a: Ferrothorn|Gyro Ball|p2a: Flygon\n|-damage|p2a: Flygon|0 fnt\n|faint|p2a: Flygon\n|\n|-heal|p1a: Ferrothorn|36\/100|[from] item: Leftovers\n|upkeep\n|c|\u2606blvcchippy|return\n|c|\u2606blvcchippy|would kill me\n|inactive|deepest magnolia has 120 seconds left.\n|\n|t:|1700693678\n|switch|p2a: the huntsman|Ceruledge, M, shiny|100\/100\n|-status|p2a: the huntsman|psn\n|-damage|p2a: the huntsman|76\/100 psn|[from] Stealth Rock\n|-damage|p2a: the huntsman|59\/100 psn|[from] Spikes\n|turn|14\n|c|\u2606blvcchippy|it would have kill us both\n|c|\u2606deepest magnolia|but you see\n|\n|t:|1700693701\n|move|p2a: the huntsman|Bitter Blade|p1a: Ferrothorn\n|-supereffective|p1a: Ferrothorn\n|-damage|p1a: Ferrothorn|0 fnt\n|-heal|p2a: the huntsman|77\/100 psn|[from] drain|[of] p1a: Ferrothorn\n|-damage|p2a: the huntsman|64\/100 psn|[from] ability: Iron Barbs|[of] p1a: Ferrothorn\n|faint|p1a: Ferrothorn\n|\n|-damage|p2a: the huntsman|52\/100 psn|[from] psn\n|upkeep\n|c|\u2606deepest magnolia|im dumb\n|inactive|blvcchippy has 120 seconds left.\n|\n|t:|1700693718\n|switch|p1a: Garchomp|Garchomp, M|100\/100\n|turn|15\n|\n|t:|1700693723\n|move|p1a: Garchomp|Scorching Sands|p2a: the huntsman\n|-supereffective|p2a: the huntsman\n|-damage|p2a: the huntsman|0 fnt\n|faint|p2a: the huntsman\n|\n|upkeep\n|c|\u2606deepest magnolia|this is like my 5th fight i think\n|\n|t:|1700693743\n|switch|p2a: Aggron|Aggron, F|100\/100\n|-damage|p2a: Aggron|94\/100|[from] Stealth Rock\n|-damage|p2a: Aggron|78\/100|[from] Spikes\n|turn|16\n|c|\u2606blvcchippy|think ahead thats all\n|\n|t:|1700693762\n|detailschange|p2a: Aggron|Aggron-Mega, F\n|-mega|p2a: Aggron|Aggron|Aggronite\n|move|p1a: Garchomp|Scorching Sands|p2a: Aggron\n|-supereffective|p2a: Aggron\n|-damage|p2a: Aggron|30\/100\n|move|p2a: Aggron|Iron Defense|p2a: Aggron\n|-boost|p2a: Aggron|def|2\n|\n|upkeep\n|turn|17\n|\n|t:|1700693777\n|move|p1a: Garchomp|Fire Blast|p2a: Aggron\n|-supereffective|p2a: Aggron\n|-damage|p2a: Aggron|0 fnt\n|faint|p2a: Aggron\n|\n|upkeep\n|\n|t:|1700693783\n|switch|p2a: runt|Pelipper, F|100\/100\n|-damage|p2a: runt|75\/100|[from] Stealth Rock\n|-weather|RainDance|[from] ability: Drizzle|[of] p2a: runt\n|turn|18\n|\n|t:|1700693801\n|-terastallize|p1a: Garchomp|Steel\n|move|p2a: runt|U-turn|p1a: Garchomp\n|-resisted|p1a: Garchomp\n|-damage|p1a: Garchomp|96\/100\n|-damage|p2a: runt|63\/100|[from] ability: Rough Skin|[of] p1a: Garchomp\n|-damage|p2a: runt|46\/100|[from] item: Rocky Helmet|[of] p1a: Garchomp\n|\n|t:|1700693809\n|switch|p2a: eeby deeby|Vikavolt, F, shiny|100\/100|[from] U-turn\n|-damage|p2a: eeby deeby|76\/100|[from] Stealth Rock\n|move|p1a: Garchomp|Breaking Swipe|p2a: eeby deeby\n|-damage|p2a: eeby deeby|44\/100\n|-unboost|p2a: eeby deeby|atk|1\n|\n|-weather|RainDance|[upkeep]\n|upkeep\n|turn|19\n|inactive|blvcchippy has 120 seconds left.\n|c|\u2606blvcchippy|shouldnt have switched\n|c|\u2606deepest magnolia|pelipper only knows uturn\n|inactive|blvcchippy has 90 seconds left.\n|c|\u2606blvcchippy|no water?\n|c|\u2606deepest magnolia|nope :3\n|c|\u2606blvcchippy|oh\n|c|\u2606blvcchippy|gg\n|c|\u2606deepest magnolia|ye\n|c|\u2606deepest magnolia|gg\n|\n|t:|1700693883\n|move|p1a: Garchomp|Fire Blast|p2a: eeby deeby|[miss]\n|-miss|p1a: Garchomp|p2a: eeby deeby\n|move|p2a: eeby deeby|Thunder|p1a: Garchomp\n|-damage|p1a: Garchomp|0 fnt\n|faint|p1a: Garchomp\n|\n|-weather|RainDance|[upkeep]\n|upkeep\n|\n|t:|1700693896\n|switch|p1a: Blaziken|Blaziken, M, shiny|100\/100\n|turn|20\n|c|\u2606deepest magnolia|thats why it knows uturn\n|\n|t:|1700693903\n|move|p1a: Blaziken|Blaze Kick|p2a: eeby deeby\n|-supereffective|p2a: eeby deeby\n|-damage|p2a: eeby deeby|0 fnt\n|faint|p2a: eeby deeby\n|-damage|p1a: Blaziken|91\/100|[from] item: Life Orb\n|\n|-weather|RainDance|[upkeep]\n|upkeep\n|c|\u2606deepest magnolia|gg tho\n|c|\u2606deepest magnolia|fun battle\n|c|\u2606blvcchippy|youre not bad at all\n|inactive|deepest magnolia has 120 seconds left.\n|c|\u2606blvcchippy|just think about whats next\n|c|\u2606blvcchippy|i give u this win\n|-message|blvcchippy forfeited.\n|\n|win|deepest magnolia\n|raw|blvcchippy's rating: 1140 &rarr; <strong>1109<\/strong><br \/>(-31 for losing)\n|raw|deepest magnolia's rating: 1062 &rarr; <strong>1099<\/strong><br \/>(+37 for winning)\n|l|\u2606blvcchippy\n|c|\u2606deepest magnolia|wait no\n|c|\u2606deepest magnolia|awwwwww\n","uploadtime":1700694026,"views":3,"p1id":"blvcchippy","p2id":"deepestmagnolia","formatid":"gen9nationaldex","rating":1099,"private":0,"password":""}