{"id":"gen9nationaldex-1993846605","p1":"NobleTKD","p2":"Onlymanever","format":"[Gen 9] National Dex","log":"|j|\u2606NobleTKD\n|j|\u2606Onlymanever\n|t:|1700364644\n|gametype|singles\n|player|p1|NobleTKD|blackbelt-gen4|1111\n|player|p2|Onlymanever|lyra|1097\n|teamsize|p1|6\n|teamsize|p2|6\n|gen|9\n|tier|[Gen 9] National Dex\n|rated|\n|rule|HP Percentage Mod: HP is shown in percentages\n|rule|Endless Battle Clause: Forcing endless battles is banned\n|rule|OHKO Clause: OHKO moves are banned\n|rule|Evasion Clause: Evasion abilities, items, and moves are banned\n|rule|Evasion Abilities Clause: Evasion abilities are banned\n|rule|Evasion Items Clause: Evasion items are banned\n|rule|Evasion Moves Clause: Evasion moves are banned\n|rule|Species Clause: Limit one of each Pok\u00e9mon\n|rule|Sleep Clause Mod: Limit one foe put to sleep\n|clearpoke\n|poke|p1|Aegislash, F|\n|poke|p1|Blaziken, F|\n|poke|p1|Ferrothorn, F|\n|poke|p1|Swampert, F|\n|poke|p1|Azumarill, F|\n|poke|p1|Scizor, F|\n|poke|p2|Samurott-Hisui, M|\n|poke|p2|Breloom, F|\n|poke|p2|Rapidash, M|\n|poke|p2|Staraptor, F|\n|poke|p2|Crabominable, F|\n|poke|p2|Electivire, M|\n|teampreview\n|inactive|Battle timer is ON: inactive players will automatically lose when time's up. (requested by NobleTKD)\n|\n|t:|1700364657\n|start\n|switch|p1a: Swampert|Swampert, F|100\/100\n|switch|p2a: Samurott|Samurott-Hisui, M|100\/100\n|turn|1\n|\n|t:|1700364664\n|detailschange|p1a: Swampert|Swampert-Mega, F\n|-mega|p1a: Swampert|Swampert|Swampertite\n|move|p1a: Swampert|Flip Turn|p2a: Samurott\n|-resisted|p2a: Samurott\n|-damage|p2a: Samurott|80\/100\n|\n|t:|1700364675\n|switch|p1a: Aegislash|Aegislash, F|100\/100|[from] Flip Turn\n|move|p2a: Samurott|Ceaseless Edge|p1a: Aegislash\n|-supereffective|p1a: Aegislash\n|-damage|p1a: Aegislash|29\/100\n|-sidestart|p1: NobleTKD|Spikes\n|\n|-heal|p2a: Samurott|86\/100|[from] item: Leftovers\n|-heal|p1a: Aegislash|35\/100|[from] item: Leftovers\n|upkeep\n|turn|2\n|\n|t:|1700364687\n|move|p2a: Samurott|Swords Dance|p2a: Samurott\n|-boost|p2a: Samurott|atk|2\n|move|p1a: Aegislash|Reflect|p1a: Aegislash\n|-sidestart|p1: NobleTKD|Reflect\n|\n|-heal|p2a: Samurott|92\/100|[from] item: Leftovers\n|-heal|p1a: Aegislash|41\/100|[from] item: Leftovers\n|upkeep\n|turn|3\n|\n|t:|1700364695\n|move|p2a: Samurott|Swords Dance|p2a: Samurott\n|-boost|p2a: Samurott|atk|2\n|move|p1a: Aegislash|Toxic|p2a: Samurott\n|-status|p2a: Samurott|tox\n|\n|-heal|p2a: Samurott|99\/100 tox|[from] item: Leftovers\n|-heal|p1a: Aegislash|48\/100|[from] item: Leftovers\n|-damage|p2a: Samurott|92\/100 tox|[from] psn\n|upkeep\n|turn|4\n|\n|t:|1700364706\n|move|p1a: Aegislash|King's Shield|p1a: Aegislash\n|-singleturn|p1a: Aegislash|Protect\n|move|p2a: Samurott|Ceaseless Edge|p1a: Aegislash\n|-activate|p1a: Aegislash|move: Protect\n|-unboost|p2a: Samurott|atk|1\n|\n|-heal|p2a: Samurott|99\/100 tox|[from] item: Leftovers\n|-heal|p1a: Aegislash|54\/100|[from] item: Leftovers\n|-damage|p2a: Samurott|86\/100 tox|[from] psn\n|upkeep\n|turn|5\n|\n|t:|1700364718\n|move|p2a: Samurott|Ceaseless Edge|p1a: Aegislash\n|-supereffective|p1a: Aegislash\n|-damage|p1a: Aegislash|0 fnt\n|-sidestart|p1: NobleTKD|Spikes\n|faint|p1a: Aegislash\n|\n|-heal|p2a: Samurott|92\/100 tox|[from] item: Leftovers\n|-damage|p2a: Samurott|74\/100 tox|[from] psn\n|upkeep\n|\n|t:|1700364726\n|switch|p1a: Ferrothorn|Ferrothorn, F|100\/100\n|-damage|p1a: Ferrothorn|84\/100|[from] Spikes\n|turn|6\n|\n|t:|1700364732\n|move|p2a: Samurott|Sacred Sword|p1a: Ferrothorn\n|-supereffective|p1a: Ferrothorn\n|-damage|p1a: Ferrothorn|12\/100\n|-damage|p2a: Samurott|61\/100 tox|[from] ability: Iron Barbs|[of] p1a: Ferrothorn\n|move|p1a: Ferrothorn|Stealth Rock|p2a: Samurott\n|-sidestart|p2: Onlymanever|move: Stealth Rock\n|\n|-heal|p2a: Samurott|67\/100 tox|[from] item: Leftovers\n|-heal|p1a: Ferrothorn|18\/100|[from] item: Leftovers\n|-damage|p2a: Samurott|43\/100 tox|[from] psn\n|-sideend|p1: NobleTKD|Reflect\n|upkeep\n|turn|7\n|\n|t:|1700364745\n|move|p2a: Samurott|Ceaseless Edge|p1a: Ferrothorn\n|-damage|p1a: Ferrothorn|0 fnt\n|-damage|p2a: Samurott|30\/100 tox|[from] ability: Iron Barbs|[of] p1a: Ferrothorn\n|-sidestart|p1: NobleTKD|Spikes\n|faint|p1a: Ferrothorn\n|\n|-heal|p2a: Samurott|36\/100 tox|[from] item: Leftovers\n|-damage|p2a: Samurott|5\/100 tox|[from] psn\n|upkeep\n|\n|t:|1700364754\n|switch|p1a: Azumarill|Azumarill, F|100\/100\n|-damage|p1a: Azumarill|76\/100|[from] Spikes\n|turn|8\n|\n|t:|1700364759\n|move|p2a: Samurott|Aqua Jet|p1a: Azumarill\n|-resisted|p1a: Azumarill\n|-damage|p1a: Azumarill|47\/100\n|move|p1a: Azumarill|Aqua Jet|p2a: Samurott\n|-resisted|p2a: Samurott\n|-damage|p2a: Samurott|0 fnt\n|faint|p2a: Samurott\n|-damage|p1a: Azumarill|37\/100|[from] item: Life Orb\n|\n|upkeep\n|\n|t:|1700364770\n|switch|p2a: Electivire|Electivire, M|100\/100\n|-damage|p2a: Electivire|88\/100|[from] Stealth Rock\n|turn|9\n|\n|t:|1700364779\n|move|p2a: Electivire|Wild Charge|p1a: Azumarill\n|-supereffective|p1a: Azumarill\n|-damage|p1a: Azumarill|0 fnt\n|faint|p1a: Azumarill\n|-damage|p2a: Electivire|78\/100|[from] Recoil\n|\n|-heal|p2a: Electivire|84\/100|[from] item: Leftovers\n|upkeep\n|\n|t:|1700364787\n|switch|p1a: Blaziken|Blaziken, F|100\/100\n|-damage|p1a: Blaziken|76\/100|[from] Spikes\n|turn|10\n|inactive|Onlymanever has 120 seconds left.\n|\n|t:|1700364835\n|move|p1a: Blaziken|Detect|p1a: Blaziken\n|-singleturn|p1a: Blaziken|Protect\n|move|p2a: Electivire|Meditate|p2a: Electivire\n|-boost|p2a: Electivire|atk|1\n|\n|-heal|p2a: Electivire|90\/100|[from] item: Leftovers\n|-ability|p1a: Blaziken|Speed Boost|boost\n|-boost|p1a: Blaziken|spe|1\n|upkeep\n|turn|11\n|\n|t:|1700364847\n|move|p1a: Blaziken|Sky Uppercut|p2a: Electivire\n|-damage|p2a: Electivire|0 fnt\n|faint|p2a: Electivire\n|-damage|p1a: Blaziken|66\/100|[from] item: Life Orb\n|\n|-ability|p1a: Blaziken|Speed Boost|boost\n|-boost|p1a: Blaziken|spe|1\n|upkeep\n|inactive|Onlymanever has 90 seconds left.\n|\n|t:|1700364869\n|switch|p2a: Staraptor|Staraptor, F|100\/100\n|-damage|p2a: Staraptor|76\/100|[from] Stealth Rock\n|turn|12\n|\n|t:|1700364890\n|move|p1a: Blaziken|Sky Uppercut|p2a: Staraptor\n|-damage|p2a: Staraptor|0 fnt\n|faint|p2a: Staraptor\n|-damage|p1a: Blaziken|56\/100|[from] item: Life Orb\n|\n|-ability|p1a: Blaziken|Speed Boost|boost\n|-boost|p1a: Blaziken|spe|1\n|upkeep\n|inactive|Onlymanever has 90 seconds left.\n|\n|t:|1700364906\n|switch|p2a: Breloom|Breloom, F|100\/100\n|-damage|p2a: Breloom|95\/100|[from] Stealth Rock\n|turn|13\n|inactive|Onlymanever has 90 seconds left.\n|\n|t:|1700364912\n|move|p1a: Blaziken|U-turn|p2a: Breloom\n|-damage|p2a: Breloom|52\/100\n|-status|p1a: Blaziken|par|[from] ability: Effect Spore|[of] p2a: Breloom\n|-damage|p1a: Blaziken|46\/100 par|[from] item: Life Orb\n|\n|t:|1700364918\n|switch|p1a: Scizor|Scizor, F|100\/100|[from] U-turn\n|-damage|p1a: Scizor|76\/100|[from] Spikes\n|move|p2a: Breloom|Close Combat|p1a: Scizor\n|-damage|p1a: Scizor|10\/100\n|-unboost|p2a: Breloom|def|1\n|-unboost|p2a: Breloom|spd|1\n|\n|-heal|p2a: Breloom|58\/100|[from] item: Leftovers\n|upkeep\n|turn|14\n|\n|t:|1700364932\n|switch|p2a: Rapidash|Rapidash, M|100\/100\n|-damage|p2a: Rapidash|75\/100|[from] Stealth Rock\n|-terastallize|p1a: Scizor|Flying\n|move|p1a: Scizor|Aerial Ace|p2a: Rapidash\n|-damage|p2a: Rapidash|0 fnt\n|faint|p2a: Rapidash\n|\n|upkeep\n|inactive|Onlymanever has 90 seconds left.\n|\n|t:|1700364942\n|switch|p2a: Crabominable|Crabominable, F|100\/100\n|-damage|p2a: Crabominable|88\/100|[from] Stealth Rock\n|turn|15\n|inactive|Onlymanever has 90 seconds left.\n|\n|t:|1700364954\n|-terastallize|p2a: Crabominable|Electric\n|move|p1a: Scizor|Aerial Ace|p2a: Crabominable\n|-resisted|p2a: Crabominable\n|-damage|p2a: Crabominable|39\/100\n|move|p2a: Crabominable|Ice Hammer|p1a: Scizor\n|-supereffective|p1a: Scizor\n|-damage|p1a: Scizor|0 fnt\n|-unboost|p2a: Crabominable|spe|1\n|faint|p1a: Scizor\n|\n|-heal|p2a: Crabominable|45\/100|[from] item: Leftovers\n|upkeep\n|\n|t:|1700364967\n|switch|p1a: Blaziken|Blaziken, F|46\/100 par\n|-damage|p1a: Blaziken|21\/100 par|[from] Spikes\n|turn|16\n|\n|t:|1700364971\n|cant|p1a: Blaziken|par\n|move|p2a: Crabominable|Close Combat|p1a: Blaziken\n|-damage|p1a: Blaziken|0 fnt\n|-unboost|p2a: Crabominable|def|1\n|-unboost|p2a: Crabominable|spd|1\n|faint|p1a: Blaziken\n|\n|-heal|p2a: Crabominable|51\/100|[from] item: Leftovers\n|upkeep\n|\n|t:|1700364980\n|switch|p1a: Swampert|Swampert-Mega, F|100\/100\n|-damage|p1a: Swampert|76\/100|[from] Spikes\n|turn|17\n|\n|t:|1700364986\n|move|p1a: Swampert|Darkest Lariat|p2a: Crabominable\n|-damage|p2a: Crabominable|12\/100\n|move|p2a: Crabominable|Ice Hammer|p1a: Swampert\n|-damage|p1a: Swampert|31\/100\n|-unboost|p2a: Crabominable|spe|1\n|\n|-heal|p2a: Crabominable|18\/100|[from] item: Leftovers\n|upkeep\n|turn|18\n|inactive|Onlymanever has 120 seconds left.\n|\n|t:|1700364996\n|move|p1a: Swampert|Darkest Lariat|p2a: Crabominable\n|-damage|p2a: Crabominable|0 fnt\n|faint|p2a: Crabominable\n|\n|upkeep\n|\n|t:|1700365001\n|switch|p2a: Breloom|Breloom, F|58\/100\n|-damage|p2a: Breloom|52\/100|[from] Stealth Rock\n|turn|19\n|\n|t:|1700365008\n|move|p1a: Swampert|Earthquake|p2a: Breloom\n|-resisted|p2a: Breloom\n|-damage|p2a: Breloom|14\/100\n|move|p2a: Breloom|Seed Bomb|p1a: Swampert\n|-supereffective|p1a: Swampert\n|-damage|p1a: Swampert|0 fnt\n|faint|p1a: Swampert\n|\n|win|Onlymanever\n|raw|NobleTKD's rating: 1111 &rarr; <strong>1085<\/strong><br \/>(-26 for losing)\n|raw|Onlymanever's rating: 1097 &rarr; <strong>1123<\/strong><br \/>(+26 for winning)\n|c|\u2606NobleTKD|gg\n|l|\u2606NobleTKD\n","uploadtime":1700365019,"views":7,"p1id":"nobletkd","p2id":"onlymanever","formatid":"gen9nationaldex","rating":1085,"private":0,"password":""}