{"id":"gen9nationaldex-1992087551","p1":"Charliep1212","p2":"ThatAnonOverThere","format":"[Gen 9] National Dex","log":"|j|\u2606Charliep1212\n|j|\u2606ThatAnonOverThere\n|t:|1700154018\n|gametype|singles\n|player|p1|Charliep1212|morty|1287\n|player|p2|ThatAnonOverThere|hilbert|1326\n|teamsize|p1|6\n|teamsize|p2|6\n|gen|9\n|tier|[Gen 9] National Dex\n|rated|\n|rule|HP Percentage Mod: HP is shown in percentages\n|rule|Endless Battle Clause: Forcing endless battles is banned\n|rule|OHKO Clause: OHKO moves are banned\n|rule|Evasion Clause: Evasion abilities, items, and moves are banned\n|rule|Evasion Abilities Clause: Evasion abilities are banned\n|rule|Evasion Items Clause: Evasion items are banned\n|rule|Evasion Moves Clause: Evasion moves are banned\n|rule|Species Clause: Limit one of each Pok\u00e9mon\n|rule|Sleep Clause Mod: Limit one foe put to sleep\n|clearpoke\n|poke|p1|Blaziken, M|\n|poke|p1|Pawmot, F|\n|poke|p1|Hydreigon, F|\n|poke|p1|Clodsire, F|\n|poke|p1|Quagsire, F|\n|poke|p1|Hatterene, F|\n|poke|p2|Mawile, M|\n|poke|p2|Rotom-Wash|\n|poke|p2|Kartana|\n|poke|p2|Ting-Lu|\n|poke|p2|Tapu Koko|\n|poke|p2|Volcarona, M|\n|teampreview\n|inactive|Battle timer is ON: inactive players will automatically lose when time's up. (requested by ThatAnonOverThere)\n|\n|t:|1700154032\n|start\n|switch|p1a: Hatterene|Hatterene, F|100\/100\n|switch|p2a: Rotom|Rotom-Wash|100\/100\n|turn|1\n|\n|t:|1700154036\n|move|p2a: Rotom|Volt Switch|p1a: Hatterene\n|-damage|p1a: Hatterene|74\/100\n|\n|t:|1700154039\n|switch|p2a: Mawile|Mawile, M|100\/100|[from] Volt Switch\n|-ability|p2a: Mawile|Intimidate|boost\n|-unboost|p1a: Hatterene|atk|1\n|move|p1a: Hatterene|Calm Mind|p1a: Hatterene\n|-boost|p1a: Hatterene|spa|1\n|-boost|p1a: Hatterene|spd|1\n|\n|-heal|p1a: Hatterene|80\/100|[from] item: Leftovers\n|upkeep\n|turn|2\n|\n|t:|1700154046\n|detailschange|p2a: Mawile|Mawile-Mega, M\n|-mega|p2a: Mawile|Mawile|Mawilite\n|move|p2a: Mawile|Play Rough|p1a: Hatterene\n|-damage|p1a: Hatterene|8\/100\n|move|p1a: Hatterene|Mystical Fire|p2a: Mawile\n|-supereffective|p2a: Mawile\n|-damage|p2a: Mawile|0 fnt\n|faint|p2a: Mawile\n|\n|-heal|p1a: Hatterene|14\/100|[from] item: Leftovers\n|upkeep\n|\n|t:|1700154053\n|switch|p2a: Volcarona|Volcarona, M|100\/100\n|turn|3\n|\n|t:|1700154058\n|move|p2a: Volcarona|Flamethrower|p1a: Hatterene\n|-damage|p1a: Hatterene|0 fnt\n|faint|p1a: Hatterene\n|\n|upkeep\n|\n|t:|1700154062\n|switch|p1a: Blaziken|Blaziken, M|100\/100\n|turn|4\n|\n|t:|1700154066\n|switch|p2a: Rotom|Rotom-Wash|100\/100\n|move|p1a: Blaziken|Swords Dance|p1a: Blaziken\n|-boost|p1a: Blaziken|atk|2\n|\n|-ability|p1a: Blaziken|Speed Boost|boost\n|-boost|p1a: Blaziken|spe|1\n|upkeep\n|turn|5\n|\n|t:|1700154070\n|move|p1a: Blaziken|Close Combat|p2a: Rotom\n|-damage|p2a: Rotom|8\/100\n|-unboost|p1a: Blaziken|def|1\n|-unboost|p1a: Blaziken|spd|1\n|move|p2a: Rotom|Hydro Pump|p1a: Blaziken\n|-supereffective|p1a: Blaziken\n|-damage|p1a: Blaziken|0 fnt\n|faint|p1a: Blaziken\n|\n|-heal|p2a: Rotom|15\/100|[from] item: Leftovers\n|upkeep\n|\n|t:|1700154076\n|switch|p1a: Pawmot|Pawmot, F|100\/100\n|turn|6\n|\n|t:|1700154081\n|move|p1a: Pawmot|Revival Blessing|p1a: Pawmot\n|\n|t:|1700154082\n|-heal|p1: Blaziken|50\/100|[from] move: Revival Blessing\n|move|p2a: Rotom|Volt Switch|p1a: Pawmot\n|-resisted|p1a: Pawmot\n|-damage|p1a: Pawmot|76\/100\n|\n|t:|1700154088\n|switch|p2a: Ting-Lu|Ting-Lu|100\/100|[from] Volt Switch\n|-ability|p2a: Ting-Lu|Vessel of Ruin\n|\n|upkeep\n|turn|7\n|\n|t:|1700154095\n|-terastallize|p2a: Ting-Lu|Poison\n|move|p1a: Pawmot|Close Combat|p2a: Ting-Lu\n|-resisted|p2a: Ting-Lu\n|-damage|p2a: Ting-Lu|79\/100\n|-unboost|p1a: Pawmot|def|1\n|-unboost|p1a: Pawmot|spd|1\n|-damage|p1a: Pawmot|66\/100|[from] item: Life Orb\n|move|p2a: Ting-Lu|Earthquake|p1a: Pawmot\n|-supereffective|p1a: Pawmot\n|-damage|p1a: Pawmot|0 fnt\n|faint|p1a: Pawmot\n|\n|-heal|p2a: Ting-Lu|85\/100|[from] item: Leftovers\n|upkeep\n|\n|t:|1700154108\n|switch|p1a: Hydreigon|Hydreigon, F|100\/100\n|turn|8\n|\n|t:|1700154113\n|switch|p2a: Rotom|Rotom-Wash|15\/100\n|move|p1a: Hydreigon|Earth Power|p2a: Rotom\n|-immune|p2a: Rotom|[from] ability: Levitate\n|\n|-heal|p2a: Rotom|21\/100|[from] item: Leftovers\n|upkeep\n|turn|9\n|\n|t:|1700154119\n|switch|p1a: Clodsire|Clodsire, F|100\/100\n|move|p2a: Rotom|Volt Switch|p1a: Clodsire\n|-immune|p1a: Clodsire\n|\n|-heal|p2a: Rotom|27\/100|[from] item: Leftovers\n|upkeep\n|turn|10\n|\n|t:|1700154124\n|switch|p2a: Kartana|Kartana|100\/100\n|move|p1a: Clodsire|Stealth Rock|p2a: Kartana\n|-sidestart|p2: ThatAnonOverThere|move: Stealth Rock\n|\n|upkeep\n|turn|11\n|\n|t:|1700154131\n|move|p2a: Kartana|Swords Dance|p2a: Kartana\n|-boost|p2a: Kartana|atk|2\n|move|p1a: Clodsire|Earthquake|p2a: Kartana\n|-damage|p2a: Kartana|71\/100\n|\n|upkeep\n|turn|12\n|\n|t:|1700154135\n|move|p2a: Kartana|Leaf Blade|p1a: Clodsire\n|-crit|p1a: Clodsire\n|-damage|p1a: Clodsire|0 fnt\n|faint|p1a: Clodsire\n|-ability|p2a: Kartana|Beast Boost|boost\n|-boost|p2a: Kartana|atk|1\n|\n|upkeep\n|\n|t:|1700154138\n|switch|p1a: Quagsire|Quagsire, F|100\/100\n|turn|13\n|\n|t:|1700154142\n|-terastallize|p1a: Quagsire|Poison\n|move|p2a: Kartana|Leaf Blade|p1a: Quagsire\n|-resisted|p1a: Quagsire\n|-damage|p1a: Quagsire|78\/100\n|move|p1a: Quagsire|Earthquake|p2a: Kartana\n|-damage|p2a: Kartana|38\/100\n|\n|-heal|p1a: Quagsire|85\/100|[from] item: Leftovers\n|upkeep\n|turn|14\n|\n|t:|1700154150\n|-zpower|p2a: Kartana\n|move|p2a: Kartana|Breakneck Blitz|p1a: Quagsire|[zeffect]\n|-damage|p1a: Quagsire|19\/100\n|move|p1a: Quagsire|Earthquake|p2a: Kartana\n|-damage|p2a: Kartana|3\/100\n|\n|-heal|p1a: Quagsire|25\/100|[from] item: Leftovers\n|upkeep\n|turn|15\n|\n|t:|1700154161\n|move|p2a: Kartana|Sacred Sword|p1a: Quagsire\n|-resisted|p1a: Quagsire\n|-damage|p1a: Quagsire|12\/100\n|move|p1a: Quagsire|Earthquake|p2a: Kartana\n|-damage|p2a: Kartana|0 fnt\n|faint|p2a: Kartana\n|\n|-heal|p1a: Quagsire|18\/100|[from] item: Leftovers\n|upkeep\n|\n|t:|1700154165\n|switch|p2a: Volcarona|Volcarona, M|100\/100\n|turn|16\n|\n|t:|1700154170\n|move|p2a: Volcarona|Quiver Dance|p2a: Volcarona\n|-boost|p2a: Volcarona|spa|1\n|-boost|p2a: Volcarona|spd|1\n|-boost|p2a: Volcarona|spe|1\n|move|p1a: Quagsire|Recover|p1a: Quagsire\n|-heal|p1a: Quagsire|68\/100\n|\n|-heal|p1a: Quagsire|74\/100|[from] item: Leftovers\n|upkeep\n|turn|17\n|\n|t:|1700154175\n|move|p2a: Volcarona|Flamethrower|p1a: Quagsire\n|-damage|p1a: Quagsire|15\/100\n|move|p1a: Quagsire|Toxic|p2a: Volcarona\n|-status|p2a: Volcarona|tox\n|\n|-heal|p1a: Quagsire|21\/100|[from] item: Leftovers\n|-damage|p2a: Volcarona|94\/100 tox|[from] psn\n|upkeep\n|turn|18\n|\n|t:|1700154181\n|move|p2a: Volcarona|Flamethrower|p1a: Quagsire\n|-damage|p1a: Quagsire|0 fnt\n|faint|p1a: Quagsire\n|\n|-damage|p2a: Volcarona|82\/100 tox|[from] psn\n|upkeep\n|\n|t:|1700154183\n|switch|p1a: Blaziken|Blaziken, M|50\/100\n|turn|19\n|\n|t:|1700154187\n|move|p2a: Volcarona|Flamethrower|p1a: Blaziken\n|-resisted|p1a: Blaziken\n|-damage|p1a: Blaziken|0 fnt\n|faint|p1a: Blaziken\n|\n|-damage|p2a: Volcarona|64\/100 tox|[from] psn\n|upkeep\n|\n|t:|1700154190\n|switch|p1a: Hydreigon|Hydreigon, F|100\/100\n|turn|20\n|c|\u2606ThatAnonOverThere|gg\n|\n|t:|1700154196\n|move|p2a: Volcarona|Bug Buzz|p1a: Hydreigon\n|-supereffective|p1a: Hydreigon\n|-damage|p1a: Hydreigon|0 fnt\n|faint|p1a: Hydreigon\n|\n|win|ThatAnonOverThere\n|raw|Charliep1212's rating: 1287 &rarr; <strong>1265<\/strong><br \/>(-22 for losing)\n|raw|ThatAnonOverThere's rating: 1326 &rarr; <strong>1344<\/strong><br \/>(+18 for winning)\n|l|\u2606Charliep1212\n","uploadtime":1700154200,"views":8,"p1id":"charliep1212","p2id":"thatanonoverthere","formatid":"gen9nationaldex","rating":1265,"private":0,"password":""}