{"id":"gen9nationaldex-1991740969","p1":"wqfegrfawega","p2":"ciindery","format":"[Gen 9] National Dex","log":"|j|\u2606wqfegrfawega\n|j|\u2606ciindery\n|t:|1700109478\n|gametype|singles\n|player|p1|wqfegrfawega|byron|1081\n|player|p2|ciindery|scientistf|1087\n|teamsize|p1|6\n|teamsize|p2|6\n|gen|9\n|tier|[Gen 9] National Dex\n|rated|\n|rule|HP Percentage Mod: HP is shown in percentages\n|rule|Endless Battle Clause: Forcing endless battles is banned\n|rule|OHKO Clause: OHKO moves are banned\n|rule|Evasion Clause: Evasion abilities, items, and moves are banned\n|rule|Evasion Abilities Clause: Evasion abilities are banned\n|rule|Evasion Items Clause: Evasion items are banned\n|rule|Evasion Moves Clause: Evasion moves are banned\n|rule|Species Clause: Limit one of each Pok\u00e9mon\n|rule|Sleep Clause Mod: Limit one foe put to sleep\n|clearpoke\n|poke|p1|Aegislash, M|\n|poke|p1|Infernape, F|\n|poke|p1|Araquanid, M|\n|poke|p1|Abomasnow, F|\n|poke|p1|Salamence, F|\n|poke|p1|Luxray, F|\n|poke|p2|Espeon, F|\n|poke|p2|Duraludon, F|\n|poke|p2|Skarmory, M|\n|poke|p2|Coalossal, M|\n|poke|p2|Meowstic, M|\n|poke|p2|Nidoking, M|\n|teampreview\n|\n|t:|1700109490\n|start\n|switch|p1a: Araquanid|Araquanid, M|100\/100\n|switch|p2a: mish|Meowstic, M|100\/100\n|turn|1\n|\n|t:|1700109501\n|switch|p2a: o w o|Espeon, F|100\/100\n|move|p1a: Araquanid|Sticky Web|p2a: o w o\n|move|p2a: o w o|Sticky Web|p1a: Araquanid|[from]ability: Magic Bounce\n|-sidestart|p1: wqfegrfawega|move: Sticky Web\n|\n|upkeep\n|turn|2\n|\n|t:|1700109511\n|move|p2a: o w o|Trick|p1a: Araquanid\n|-activate|p2a: o w o|move: Trick|[of] p1a: Araquanid\n|-item|p1a: Araquanid|Choice Specs|[from] move: Trick\n|-item|p2a: o w o|Sitrus Berry|[from] move: Trick\n|move|p1a: Araquanid|Leech Life|p2a: o w o\n|-supereffective|p2a: o w o\n|-damage|p2a: o w o|0 fnt\n|faint|p2a: o w o\n|\n|upkeep\n|\n|t:|1700109521\n|switch|p2a: Coalossal|Coalossal, M|100\/100\n|turn|3\n|\n|t:|1700109525\n|switch|p1a: Salamence|Salamence, F|100\/100\n|-ability|p1a: Salamence|Intimidate|boost\n|-unboost|p2a: Coalossal|atk|1\n|move|p2a: Coalossal|Stealth Rock|p1a: Salamence\n|-sidestart|p1: wqfegrfawega|move: Stealth Rock\n|\n|upkeep\n|turn|4\n|\n|t:|1700109537\n|move|p1a: Salamence|Dragon Dance|p1a: Salamence\n|-boost|p1a: Salamence|atk|1\n|-boost|p1a: Salamence|spe|1\n|move|p2a: Coalossal|Power Gem|p1a: Salamence\n|-supereffective|p1a: Salamence\n|-damage|p1a: Salamence|42\/100\n|\n|upkeep\n|turn|5\n|\n|t:|1700109550\n|move|p1a: Salamence|Dragon Claw|p2a: Coalossal\n|-damage|p2a: Coalossal|62\/100\n|move|p2a: Coalossal|Power Gem|p1a: Salamence\n|-supereffective|p1a: Salamence\n|-damage|p1a: Salamence|0 fnt\n|faint|p1a: Salamence\n|\n|upkeep\n|\n|t:|1700109555\n|switch|p1a: Araquanid|Araquanid, M|100\/100\n|-activate|p1a: Araquanid|move: Sticky Web\n|-unboost|p1a: Araquanid|spe|1\n|-damage|p1a: Araquanid|76\/100|[from] Stealth Rock\n|turn|6\n|\n|t:|1700109565\n|move|p2a: Coalossal|Power Gem|p1a: Araquanid\n|-supereffective|p1a: Araquanid\n|-damage|p1a: Araquanid|42\/100\n|move|p1a: Araquanid|Sticky Web|p2a: Coalossal\n|-sidestart|p2: ciindery|move: Sticky Web\n|\n|upkeep\n|turn|7\n|\n|t:|1700109572\n|move|p2a: Coalossal|Power Gem|p1a: Araquanid\n|-supereffective|p1a: Araquanid\n|-damage|p1a: Araquanid|4\/100\n|move|p1a: Araquanid|Sticky Web||[still]\n|-fail|p1a: Araquanid\n|\n|upkeep\n|turn|8\n|\n|t:|1700109576\n|move|p2a: Coalossal|Rapid Spin|p1a: Araquanid\n|-damage|p1a: Araquanid|0 fnt\n|-boost|p2a: Coalossal|spe|1\n|-sideend|p2: ciindery|Sticky Web|[from] move: Rapid Spin|[of] p2a: Coalossal\n|faint|p1a: Araquanid\n|\n|upkeep\n|\n|t:|1700109581\n|switch|p1a: Infernape|Infernape, F|100\/100\n|-activate|p1a: Infernape|move: Sticky Web\n|-unboost|p1a: Infernape|spe|1\n|-damage|p1a: Infernape|88\/100|[from] Stealth Rock\n|turn|9\n|\n|t:|1700109586\n|move|p1a: Infernape|Mach Punch|p2a: Coalossal\n|-supereffective|p2a: Coalossal\n|-damage|p2a: Coalossal|39\/100\n|move|p2a: Coalossal|Power Gem|p1a: Infernape\n|-crit|p1a: Infernape\n|-damage|p1a: Infernape|34\/100\n|\n|upkeep\n|turn|10\n|\n|t:|1700109594\n|move|p1a: Infernape|Mach Punch|p2a: Coalossal\n|-supereffective|p2a: Coalossal\n|-damage|p2a: Coalossal|18\/100\n|move|p2a: Coalossal|Power Gem|p1a: Infernape\n|-damage|p1a: Infernape|0 fnt\n|faint|p1a: Infernape\n|\n|upkeep\n|\n|t:|1700109600\n|switch|p1a: Abomasnow|Abomasnow, F|100\/100\n|-activate|p1a: Abomasnow|move: Sticky Web\n|-unboost|p1a: Abomasnow|spe|1\n|-damage|p1a: Abomasnow|76\/100|[from] Stealth Rock\n|-weather|Snow|[from] ability: Snow Warning|[of] p1a: Abomasnow\n|turn|11\n|\n|t:|1700109606\n|detailschange|p1a: Abomasnow|Abomasnow-Mega, F\n|-mega|p1a: Abomasnow|Abomasnow|Abomasite\n|move|p1a: Abomasnow|Ice Shard|p2a: Coalossal\n|-resisted|p2a: Coalossal\n|-damage|p2a: Coalossal|13\/100\n|move|p2a: Coalossal|Flare Blitz|p1a: Abomasnow\n|-supereffective|p1a: Abomasnow\n|-damage|p1a: Abomasnow|25\/100\n|-damage|p2a: Coalossal|0 fnt|[from] Recoil\n|faint|p2a: Coalossal\n|\n|-weather|Snow|[upkeep]\n|upkeep\n|\n|t:|1700109635\n|switch|p2a: Inhalador|Duraludon, F|100\/100\n|turn|12\n|\n|t:|1700109646\n|-terastallize|p2a: Inhalador|Steel\n|move|p2a: Inhalador|Flash Cannon|p1a: Abomasnow\n|-supereffective|p1a: Abomasnow\n|-damage|p1a: Abomasnow|0 fnt\n|faint|p1a: Abomasnow\n|\n|-weather|Snow|[upkeep]\n|upkeep\n|\n|t:|1700109650\n|switch|p1a: Luxray|Luxray, F|100\/100\n|-activate|p1a: Luxray|move: Sticky Web\n|-unboost|p1a: Luxray|spe|1\n|-damage|p1a: Luxray|88\/100|[from] Stealth Rock\n|turn|13\n|\n|t:|1700109657\n|move|p2a: Inhalador|Draco Meteor|p1a: Luxray\n|-damage|p1a: Luxray|0 fnt\n|-unboost|p2a: Inhalador|spa|2\n|faint|p1a: Luxray\n|\n|-weather|Snow|[upkeep]\n|upkeep\n|\n|t:|1700109660\n|switch|p1a: Aegislash|Aegislash, M|100\/100\n|-activate|p1a: Aegislash|move: Sticky Web\n|-unboost|p1a: Aegislash|spe|1\n|-damage|p1a: Aegislash|94\/100|[from] Stealth Rock\n|turn|14\n|\n|t:|1700109665\n|move|p2a: Inhalador|Flash Cannon|p1a: Aegislash\n|-resisted|p1a: Aegislash\n|-damage|p1a: Aegislash|84\/100\n|-unboost|p1a: Aegislash|spd|1\n|move|p1a: Aegislash|Swords Dance|p1a: Aegislash\n|-boost|p1a: Aegislash|atk|2\n|\n|-weather|Snow|[upkeep]\n|upkeep\n|turn|15\n|\n|t:|1700109673\n|move|p2a: Inhalador|Flash Cannon|p1a: Aegislash\n|-resisted|p1a: Aegislash\n|-damage|p1a: Aegislash|68\/100\n|move|p1a: Aegislash|Swords Dance|p1a: Aegislash\n|-boost|p1a: Aegislash|atk|2\n|\n|-weather|none\n|upkeep\n|turn|16\n|\n|t:|1700109691\n|switch|p2a: navaja suiza|Nidoking, M|100\/100\n|move|p1a: Aegislash|King's Shield||[still]\n|-fail|p1a: Aegislash\n|\n|upkeep\n|turn|17\n|\n|t:|1700109705\n|-formechange|p1a: Aegislash|Aegislash-Blade||[from] ability: Stance Change\n|move|p1a: Aegislash|Shadow Sneak|p2a: navaja suiza\n|-damage|p2a: navaja suiza|0 fnt\n|faint|p2a: navaja suiza\n|-damage|p1a: Aegislash|59\/100|[from] item: Life Orb\n|\n|upkeep\n|\n|t:|1700109712\n|switch|p2a: mish|Meowstic, M|100\/100\n|turn|18\n|\n|t:|1700109720\n|move|p2a: mish|Reflect|p2a: mish\n|-sidestart|p2: ciindery|Reflect\n|move|p1a: Aegislash|Shadow Sneak|p2a: mish\n|-supereffective|p2a: mish\n|-enditem|p2a: mish|Focus Sash\n|-damage|p2a: mish|1\/100\n|-damage|p1a: Aegislash|49\/100|[from] item: Life Orb\n|\n|upkeep\n|turn|19\n|\n|t:|1700109735\n|switch|p2a: Inhalador|Duraludon, F, tera:Steel|100\/100\n|move|p1a: Aegislash|Shadow Sneak|p2a: Inhalador\n|-damage|p2a: Inhalador|51\/100\n|-damage|p1a: Aegislash|39\/100|[from] item: Life Orb\n|\n|upkeep\n|turn|20\n|\n|t:|1700109740\n|move|p1a: Aegislash|Shadow Sneak|p2a: Inhalador\n|-damage|p2a: Inhalador|3\/100\n|-enditem|p2a: Inhalador|Aguav Berry|[eat]\n|-heal|p2a: Inhalador|36\/100|[from] item: Aguav Berry\n|-damage|p1a: Aegislash|29\/100|[from] item: Life Orb\n|move|p2a: Inhalador|Draco Meteor|p1a: Aegislash\n|-resisted|p1a: Aegislash\n|-damage|p1a: Aegislash|0 fnt\n|-unboost|p2a: Inhalador|spa|2\n|faint|p1a: Aegislash\n|\n|win|ciindery\n|raw|wqfegrfawega's rating: 1081 &rarr; <strong>1059<\/strong><br \/>(-22 for losing)\n|raw|ciindery's rating: 1087 &rarr; <strong>1113<\/strong><br \/>(+26 for winning)\n|l|\u2606wqfegrfawega\n","uploadtime":1700109753,"views":10,"p1id":"wqfegrfawega","p2id":"ciindery","formatid":"gen9nationaldex","rating":1059,"private":0,"password":""}