{"id":"gen9nationaldex-1993645913","p1":"MrLukis","p2":"Torrente777","format":"[Gen 9] National Dex","log":"|j|\u2606MrLukis\n|j|\u2606Torrente777\n|t:|1700341082\n|gametype|singles\n|player|p1|MrLukis|hugh|\n|player|p2|Torrente777|biker-gen4|\n|teamsize|p1|6\n|teamsize|p2|6\n|gen|9\n|tier|[Gen 9] National Dex\n|rule|HP Percentage Mod: HP is shown in percentages\n|rule|Endless Battle Clause: Forcing endless battles is banned\n|rule|OHKO Clause: OHKO moves are banned\n|rule|Evasion Clause: Evasion abilities, items, and moves are banned\n|rule|Evasion Abilities Clause: Evasion abilities are banned\n|rule|Evasion Items Clause: Evasion items are banned\n|rule|Evasion Moves Clause: Evasion moves are banned\n|rule|Species Clause: Limit one of each Pok\u00e9mon\n|rule|Sleep Clause Mod: Limit one foe put to sleep\n|clearpoke\n|poke|p1|Typhlosion, M|\n|poke|p1|Ampharos, M|\n|poke|p1|Alomomola, F|\n|poke|p1|Gliscor, M|\n|poke|p1|Sliggoo-Hisui, M|\n|poke|p1|Ferrothorn, M|\n|poke|p2|Sableye, F|\n|poke|p2|Garchomp, M|\n|poke|p2|Iron Hands|\n|poke|p2|Araquanid, M|\n|poke|p2|Slowking-Galar, M|\n|poke|p2|Cloyster, F|\n|teampreview\n|inactive|Battle timer is ON: inactive players will automatically lose when time's up. (requested by MrLukis)\n|\n|t:|1700341095\n|start\n|switch|p1a: Chocoflakes|Ferrothorn, M, shiny|100\/100\n|switch|p2a: Sableye|Sableye, F|100\/100\n|turn|1\n|\n|t:|1700341103\n|move|p2a: Sableye|Will-O-Wisp|p1a: Chocoflakes\n|-status|p1a: Chocoflakes|brn\n|move|p1a: Chocoflakes|Stealth Rock|p2a: Sableye\n|-sidestart|p2: Torrente777|move: Stealth Rock\n|\n|-damage|p1a: Chocoflakes|95\/100 brn|[from] brn\n|upkeep\n|turn|2\n|\n|t:|1700341123\n|move|p2a: Sableye|Knock Off|p1a: Chocoflakes\n|-damage|p1a: Chocoflakes|80\/100 brn\n|-damage|p2a: Sableye|88\/100|[from] ability: Iron Barbs|[of] p1a: Chocoflakes\n|-enditem|p1a: Chocoflakes|Leftovers|[from] move: Knock Off|[of] p2a: Sableye\n|move|p1a: Chocoflakes|Toxic|p2a: Sableye\n|-status|p2a: Sableye|tox\n|\n|-heal|p2a: Sableye|94\/100 tox|[from] item: Leftovers\n|-damage|p2a: Sableye|88\/100 tox|[from] psn\n|-damage|p1a: Chocoflakes|74\/100 brn|[from] brn\n|upkeep\n|turn|3\n|\n|t:|1700341135\n|move|p2a: Sableye|Light Screen|p2a: Sableye\n|-sidestart|p2: Torrente777|move: Light Screen\n|move|p1a: Chocoflakes|Spikes|p2a: Sableye\n|-sidestart|p2: Torrente777|Spikes\n|\n|-heal|p2a: Sableye|94\/100 tox|[from] item: Leftovers\n|-damage|p2a: Sableye|82\/100 tox|[from] psn\n|-damage|p1a: Chocoflakes|68\/100 brn|[from] brn\n|upkeep\n|turn|4\n|inactive|Torrente777 has 270 seconds left.\n|\n|t:|1700341185\n|switch|p2a: Cloyster|Cloyster, F|100\/100\n|-damage|p2a: Cloyster|76\/100|[from] Stealth Rock\n|-damage|p2a: Cloyster|63\/100|[from] Spikes\n|move|p1a: Chocoflakes|Spikes|p2a: Cloyster\n|-sidestart|p2: Torrente777|Spikes\n|\n|-damage|p1a: Chocoflakes|62\/100 brn|[from] brn\n|upkeep\n|turn|5\n|\n|t:|1700341198\n|switch|p1a: el caracolillo|Sliggoo-Hisui, M, shiny|100\/100\n|move|p2a: Cloyster|Rapid Spin|p1a: el caracolillo\n|-resisted|p1a: el caracolillo\n|-damage|p1a: el caracolillo|95\/100\n|-boost|p2a: Cloyster|spe|1\n|-sideend|p2: Torrente777|Spikes|[from] move: Rapid Spin|[of] p2a: Cloyster\n|-sideend|p2: Torrente777|Stealth Rock|[from] move: Rapid Spin|[of] p2a: Cloyster\n|\n|upkeep\n|turn|6\n|\n|t:|1700341207\n|switch|p2a: Garchomp|Garchomp, M|100\/100\n|move|p1a: el caracolillo|Draco Meteor|p2a: Garchomp\n|-supereffective|p2a: Garchomp\n|-damage|p2a: Garchomp|44\/100\n|-unboost|p1a: el caracolillo|spa|2\n|\n|upkeep\n|turn|7\n|\n|t:|1700341218\n|move|p2a: Garchomp|Swords Dance|p2a: Garchomp\n|-boost|p2a: Garchomp|atk|2\n|move|p1a: el caracolillo|Draco Meteor|p2a: Garchomp\n|-supereffective|p2a: Garchomp\n|-damage|p2a: Garchomp|14\/100\n|-unboost|p1a: el caracolillo|spa|2\n|\n|-sideend|p2: Torrente777|move: Light Screen\n|upkeep\n|turn|8\n|\n|t:|1700341237\n|detailschange|p2a: Garchomp|Garchomp-Mega, M\n|-mega|p2a: Garchomp|Garchomp|Garchompite\n|move|p2a: Garchomp|Dragon Claw|p1a: el caracolillo\n|-damage|p1a: el caracolillo|19\/100\n|move|p1a: el caracolillo|Ice Beam|p2a: Garchomp\n|-supereffective|p2a: Garchomp\n|-damage|p2a: Garchomp|0 fnt\n|faint|p2a: Garchomp\n|\n|upkeep\n|inactive|Torrente777 has 240 seconds left.\n|\n|t:|1700341252\n|switch|p2a: Araquanid|Araquanid, M|100\/100\n|turn|9\n|\n|t:|1700341259\n|move|p2a: Araquanid|Sticky Web|p1a: el caracolillo\n|-sidestart|p1: MrLukis|move: Sticky Web\n|move|p1a: el caracolillo|Sludge Wave|p2a: Araquanid\n|-damage|p2a: Araquanid|91\/100\n|\n|upkeep\n|turn|10\n|\n|t:|1700341269\n|move|p2a: Araquanid|Liquidation|p1a: el caracolillo\n|-resisted|p1a: el caracolillo\n|-damage|p1a: el caracolillo|0 fnt\n|faint|p1a: el caracolillo\n|\n|upkeep\n|\n|t:|1700341279\n|switch|p1a: Pok\u00e9mon que mola|Alomomola, F, shiny|100\/100\n|-activate|p1a: Pok\u00e9mon que mola|move: Sticky Web\n|-unboost|p1a: Pok\u00e9mon que mola|spe|1\n|turn|11\n|\n|t:|1700341284\n|move|p2a: Araquanid|Leech Life|p1a: Pok\u00e9mon que mola\n|-damage|p1a: Pok\u00e9mon que mola|86\/100\n|-heal|p2a: Araquanid|100\/100|[from] drain|[of] p1a: Pok\u00e9mon que mola\n|move|p1a: Pok\u00e9mon que mola|Wish|p1a: Pok\u00e9mon que mola\n|\n|-heal|p1a: Pok\u00e9mon que mola|92\/100|[from] item: Leftovers\n|upkeep\n|turn|12\n|\n|t:|1700341294\n|switch|p2a: Slowking|Slowking-Galar, M|100\/100\n|move|p1a: Pok\u00e9mon que mola|Flip Turn|p2a: Slowking\n|-damage|p2a: Slowking|83\/100\n|\n|t:|1700341298\n|switch|p1a: Baneado de OU|Gliscor, M, shiny|100\/100|[from] Flip Turn\n|\n|-status|p1a: Baneado de OU|tox|[from] item: Toxic Orb\n|upkeep\n|turn|13\n|\n|t:|1700341305\n|move|p1a: Baneado de OU|Earthquake|p2a: Slowking\n|-supereffective|p2a: Slowking\n|-damage|p2a: Slowking|0 fnt\n|faint|p2a: Slowking\n|\n|upkeep\n|\n|t:|1700341310\n|switch|p2a: Araquanid|Araquanid, M|100\/100\n|turn|14\n|\n|t:|1700341314\n|move|p1a: Baneado de OU|Swords Dance|p1a: Baneado de OU\n|-boost|p1a: Baneado de OU|atk|2\n|move|p2a: Araquanid|Liquidation|p1a: Baneado de OU\n|-supereffective|p1a: Baneado de OU\n|-damage|p1a: Baneado de OU|0 fnt\n|faint|p1a: Baneado de OU\n|\n|upkeep\n|\n|t:|1700341327\n|switch|p1a: Oveja Mallorquina|Ampharos, M, shiny|100\/100\n|-activate|p1a: Oveja Mallorquina|move: Sticky Web\n|-unboost|p1a: Oveja Mallorquina|spe|1\n|turn|15\n|\n|t:|1700341336\n|switch|p2a: Iron Hands|Iron Hands|100\/100\n|-enditem|p2a: Iron Hands|Booster Energy\n|-activate|p2a: Iron Hands|ability: Quark Drive|[fromitem]\n|-start|p2a: Iron Hands|quarkdriveatk\n|detailschange|p1a: Oveja Mallorquina|Ampharos-Mega, M, shiny\n|-mega|p1a: Oveja Mallorquina|Ampharos|Ampharosite\n|-ability|p1a: Oveja Mallorquina|Mold Breaker\n|move|p1a: Oveja Mallorquina|Thunderbolt|p2a: Iron Hands\n|-resisted|p2a: Iron Hands\n|-damage|p2a: Iron Hands|70\/100\n|\n|upkeep\n|turn|16\n|\n|t:|1700341351\n|-terastallize|p2a: Iron Hands|Fighting\n|move|p2a: Iron Hands|Close Combat|p1a: Oveja Mallorquina\n|-damage|p1a: Oveja Mallorquina|6\/100\n|-unboost|p2a: Iron Hands|def|1\n|-unboost|p2a: Iron Hands|spd|1\n|move|p1a: Oveja Mallorquina|Dazzling Gleam|p2a: Iron Hands\n|-supereffective|p2a: Iron Hands\n|-damage|p2a: Iron Hands|0 fnt\n|faint|p2a: Iron Hands\n|-end|p2a: Iron Hands|Quark Drive|[silent]\n|\n|upkeep\n|\n|t:|1700341362\n|switch|p2a: Cloyster|Cloyster, F|63\/100\n|turn|17\n|\n|t:|1700341369\n|move|p2a: Cloyster|Icicle Spear|p1a: Oveja Mallorquina\n|-supereffective|p1a: Oveja Mallorquina\n|-damage|p1a: Oveja Mallorquina|0 fnt\n|faint|p1a: Oveja Mallorquina\n|-hitcount|p1: Oveja Mallorquina|1\n|\n|upkeep\n|\n|t:|1700341375\n|switch|p1a: Dise\u00f1o Ins\u00edpido|Typhlosion, M|100\/100\n|-activate|p1a: Dise\u00f1o Ins\u00edpido|move: Sticky Web\n|-unboost|p1a: Dise\u00f1o Ins\u00edpido|spe|1\n|turn|18\n|\n|t:|1700341382\n|move|p1a: Dise\u00f1o Ins\u00edpido|Eruption|p2a: Cloyster\n|-damage|p2a: Cloyster|0 fnt\n|faint|p2a: Cloyster\n|\n|upkeep\n|\n|t:|1700341386\n|switch|p2a: Araquanid|Araquanid, M|100\/100\n|turn|19\n|\n|t:|1700341393\n|switch|p1a: Pok\u00e9mon que mola|Alomomola, F, shiny|100\/100\n|-activate|p1a: Pok\u00e9mon que mola|move: Sticky Web\n|-unboost|p1a: Pok\u00e9mon que mola|spe|1\n|move|p2a: Araquanid|Liquidation|p1a: Pok\u00e9mon que mola\n|-resisted|p1a: Pok\u00e9mon que mola\n|-damage|p1a: Pok\u00e9mon que mola|83\/100\n|\n|-heal|p1a: Pok\u00e9mon que mola|89\/100|[from] item: Leftovers\n|upkeep\n|turn|20\n|\n|t:|1700341403\n|move|p2a: Araquanid|Liquidation|p1a: Pok\u00e9mon que mola\n|-resisted|p1a: Pok\u00e9mon que mola\n|-damage|p1a: Pok\u00e9mon que mola|70\/100\n|move|p1a: Pok\u00e9mon que mola|Wish|p1a: Pok\u00e9mon que mola\n|\n|-heal|p1a: Pok\u00e9mon que mola|77\/100|[from] item: Leftovers\n|upkeep\n|turn|21\n|\n|t:|1700341412\n|switch|p1a: Chocoflakes|Ferrothorn, M, shiny|62\/100 brn\n|-activate|p1a: Chocoflakes|move: Sticky Web\n|-unboost|p1a: Chocoflakes|spe|1\n|move|p2a: Araquanid|Leech Life|p1a: Chocoflakes\n|-damage|p1a: Chocoflakes|46\/100 brn\n|-damage|p2a: Araquanid|88\/100|[from] ability: Iron Barbs|[of] p1a: Chocoflakes\n|\n|-heal|p1a: Chocoflakes|100\/100 brn|[from] move: Wish|[wisher] Pok\u00e9mon que mola\n|-damage|p1a: Chocoflakes|95\/100 brn|[from] brn\n|upkeep\n|turn|22\n|\n|t:|1700341428\n|move|p2a: Araquanid|Liquidation|p1a: Chocoflakes\n|-resisted|p1a: Chocoflakes\n|-damage|p1a: Chocoflakes|75\/100 brn\n|-damage|p2a: Araquanid|76\/100|[from] ability: Iron Barbs|[of] p1a: Chocoflakes\n|move|p1a: Chocoflakes|Toxic|p2a: Araquanid\n|-status|p2a: Araquanid|tox\n|\n|-damage|p2a: Araquanid|70\/100 tox|[from] psn\n|-damage|p1a: Chocoflakes|69\/100 brn|[from] brn\n|upkeep\n|turn|23\n|\n|t:|1700341438\n|move|p2a: Araquanid|Liquidation|p1a: Chocoflakes\n|-resisted|p1a: Chocoflakes\n|-damage|p1a: Chocoflakes|48\/100 brn\n|-unboost|p1a: Chocoflakes|def|1\n|-damage|p2a: Araquanid|58\/100 tox|[from] ability: Iron Barbs|[of] p1a: Chocoflakes\n|move|p1a: Chocoflakes|Stealth Rock|p2a: Araquanid\n|-sidestart|p2: Torrente777|move: Stealth Rock\n|\n|-damage|p2a: Araquanid|45\/100 tox|[from] psn\n|-damage|p1a: Chocoflakes|42\/100 brn|[from] brn\n|upkeep\n|turn|24\n|\n|t:|1700341449\n|switch|p1a: Pok\u00e9mon que mola|Alomomola, F, shiny|100\/100\n|-activate|p1a: Pok\u00e9mon que mola|move: Sticky Web\n|-unboost|p1a: Pok\u00e9mon que mola|spe|1\n|move|p2a: Araquanid|Leech Life|p1a: Pok\u00e9mon que mola\n|-damage|p1a: Pok\u00e9mon que mola|85\/100\n|-heal|p2a: Araquanid|60\/100 tox|[from] drain|[of] p1a: Pok\u00e9mon que mola\n|\n|-heal|p1a: Pok\u00e9mon que mola|92\/100|[from] item: Leftovers\n|-damage|p2a: Araquanid|42\/100 tox|[from] psn\n|upkeep\n|turn|25\n|\n|t:|1700341459\n|move|p2a: Araquanid|Leech Life|p1a: Pok\u00e9mon que mola\n|-damage|p1a: Pok\u00e9mon que mola|76\/100\n|-heal|p2a: Araquanid|56\/100 tox|[from] drain|[of] p1a: Pok\u00e9mon que mola\n|move|p1a: Pok\u00e9mon que mola|Wish|p1a: Pok\u00e9mon que mola\n|\n|-heal|p1a: Pok\u00e9mon que mola|82\/100|[from] item: Leftovers\n|-damage|p2a: Araquanid|32\/100 tox|[from] psn\n|upkeep\n|turn|26\n|\n|t:|1700341467\n|move|p2a: Araquanid|Leech Life|p1a: Pok\u00e9mon que mola\n|-damage|p1a: Pok\u00e9mon que mola|66\/100\n|-heal|p2a: Araquanid|47\/100 tox|[from] drain|[of] p1a: Pok\u00e9mon que mola\n|move|p1a: Pok\u00e9mon que mola|Flip Turn|p2a: Araquanid\n|-resisted|p2a: Araquanid\n|-damage|p2a: Araquanid|36\/100 tox\n|\n|t:|1700341474\n|switch|p1a: Chocoflakes|Ferrothorn, M, shiny|42\/100 brn|[from] Flip Turn\n|-activate|p1a: Chocoflakes|move: Sticky Web\n|-unboost|p1a: Chocoflakes|spe|1\n|\n|-heal|p1a: Chocoflakes|100\/100 brn|[from] move: Wish|[wisher] Pok\u00e9mon que mola\n|-damage|p2a: Araquanid|5\/100 tox|[from] psn\n|-damage|p1a: Chocoflakes|95\/100 brn|[from] brn\n|upkeep\n|turn|27\n|\n|t:|1700341484\n|move|p2a: Araquanid|Leech Life|p1a: Chocoflakes\n|-damage|p1a: Chocoflakes|77\/100 brn\n|-heal|p2a: Araquanid|16\/100 tox|[from] drain|[of] p1a: Chocoflakes\n|-damage|p2a: Araquanid|4\/100 tox|[from] ability: Iron Barbs|[of] p1a: Chocoflakes\n|move|p1a: Chocoflakes|Spikes|p2a: Araquanid\n|-sidestart|p2: Torrente777|Spikes\n|\n|-damage|p2a: Araquanid|0 fnt|[from] psn\n|faint|p2a: Araquanid\n|-damage|p1a: Chocoflakes|71\/100 brn|[from] brn\n|upkeep\n|\n|t:|1700341495\n|switch|p2a: Sableye|Sableye, F|82\/100 tox\n|-damage|p2a: Sableye|69\/100 tox|[from] Stealth Rock\n|-damage|p2a: Sableye|57\/100 tox|[from] Spikes\n|turn|28\n|\n|t:|1700341505\n|move|p2a: Sableye|Light Screen|p2a: Sableye\n|-sidestart|p2: Torrente777|move: Light Screen\n|move|p1a: Chocoflakes|Gyro Ball|p2a: Sableye\n|-damage|p2a: Sableye|29\/100 tox\n|\n|-heal|p2a: Sableye|36\/100 tox|[from] item: Leftovers\n|-damage|p2a: Sableye|29\/100 tox|[from] psn\n|-damage|p1a: Chocoflakes|65\/100 brn|[from] brn\n|upkeep\n|turn|29\n|\n|t:|1700341513\n|move|p2a: Sableye|Recover|p2a: Sableye\n|-heal|p2a: Sableye|79\/100 tox\n|move|p1a: Chocoflakes|Gyro Ball|p2a: Sableye\n|-crit|p2a: Sableye\n|-damage|p2a: Sableye|40\/100 tox\n|\n|-heal|p2a: Sableye|46\/100 tox|[from] item: Leftovers\n|-damage|p2a: Sableye|34\/100 tox|[from] psn\n|-damage|p1a: Chocoflakes|59\/100 brn|[from] brn\n|upkeep\n|turn|30\n|\n|t:|1700341523\n|move|p2a: Sableye|Recover|p2a: Sableye\n|-heal|p2a: Sableye|84\/100 tox\n|move|p1a: Chocoflakes|Gyro Ball|p2a: Sableye\n|-damage|p2a: Sableye|59\/100 tox\n|\n|-heal|p2a: Sableye|65\/100 tox|[from] item: Leftovers\n|-damage|p2a: Sableye|47\/100 tox|[from] psn\n|-damage|p1a: Chocoflakes|53\/100 brn|[from] brn\n|upkeep\n|turn|31\n|\n|t:|1700341532\n|move|p2a: Sableye|Recover|p2a: Sableye\n|-heal|p2a: Sableye|97\/100 tox\n|move|p1a: Chocoflakes|Gyro Ball|p2a: Sableye\n|-damage|p2a: Sableye|74\/100 tox\n|\n|-heal|p2a: Sableye|80\/100 tox|[from] item: Leftovers\n|-damage|p2a: Sableye|55\/100 tox|[from] psn\n|-damage|p1a: Chocoflakes|47\/100 brn|[from] brn\n|upkeep\n|turn|32\n|\n|t:|1700341541\n|move|p2a: Sableye|Recover|p2a: Sableye\n|-heal|p2a: Sableye|100\/100 tox\n|move|p1a: Chocoflakes|Gyro Ball|p2a: Sableye\n|-crit|p2a: Sableye\n|-damage|p2a: Sableye|65\/100 tox\n|\n|-heal|p2a: Sableye|71\/100 tox|[from] item: Leftovers\n|-damage|p2a: Sableye|40\/100 tox|[from] psn\n|-damage|p1a: Chocoflakes|41\/100 brn|[from] brn\n|-sideend|p2: Torrente777|move: Light Screen\n|upkeep\n|turn|33\n|c|\u2606MrLukis|win trade?\n|c|\u2606Torrente777|nrt\n|c|\u2606Torrente777|nty\n|\n|t:|1700341555\n|move|p2a: Sableye|Recover|p2a: Sableye\n|-heal|p2a: Sableye|90\/100 tox\n|move|p1a: Chocoflakes|Gyro Ball|p2a: Sableye\n|-damage|p2a: Sableye|63\/100 tox\n|\n|-heal|p2a: Sableye|70\/100 tox|[from] item: Leftovers\n|-damage|p2a: Sableye|32\/100 tox|[from] psn\n|-damage|p1a: Chocoflakes|35\/100 brn|[from] brn\n|upkeep\n|turn|34\n|c|\u2606MrLukis|*le saca un sptw con hamon*\n|\n|t:|1700341566\n|move|p2a: Sableye|Recover|p2a: Sableye\n|-heal|p2a: Sableye|82\/100 tox\n|move|p1a: Chocoflakes|Gyro Ball|p2a: Sableye\n|-damage|p2a: Sableye|57\/100 tox\n|\n|-heal|p2a: Sableye|63\/100 tox|[from] item: Leftovers\n|-damage|p2a: Sableye|19\/100 tox|[from] psn\n|-damage|p1a: Chocoflakes|29\/100 brn|[from] brn\n|upkeep\n|turn|35\n|\n|t:|1700341579\n|move|p2a: Sableye|Recover|p2a: Sableye\n|-heal|p2a: Sableye|69\/100 tox\n|move|p1a: Chocoflakes|Gyro Ball|p2a: Sableye\n|-damage|p2a: Sableye|46\/100 tox\n|\n|-heal|p2a: Sableye|52\/100 tox|[from] item: Leftovers\n|-damage|p2a: Sableye|2\/100 tox|[from] psn\n|-damage|p1a: Chocoflakes|23\/100 brn|[from] brn\n|upkeep\n|turn|36\n|\n|t:|1700341595\n|switch|p1a: Dise\u00f1o Ins\u00edpido|Typhlosion, M|100\/100\n|-activate|p1a: Dise\u00f1o Ins\u00edpido|move: Sticky Web\n|-unboost|p1a: Dise\u00f1o Ins\u00edpido|spe|1\n|move|p2a: Sableye|Recover|p2a: Sableye\n|-heal|p2a: Sableye|52\/100 tox\n|\n|-heal|p2a: Sableye|58\/100 tox|[from] item: Leftovers\n|-damage|p2a: Sableye|2\/100 tox|[from] psn\n|upkeep\n|turn|37\n|\n|t:|1700341611\n|move|p1a: Dise\u00f1o Ins\u00edpido|Eruption|p2a: Sableye\n|-damage|p2a: Sableye|0 fnt\n|faint|p2a: Sableye\n|\n|win|MrLukis\n","uploadtime":1700341618,"views":6,"p1id":"mrlukis","p2id":"torrente777","formatid":"gen9nationaldex","rating":0,"private":0,"password":""}