{"id":"gen9nationaldex-1988508472","p1":"AGisgood","p2":"Feuertraene","format":"[Gen 9] National Dex","log":"|j|\u2606AGisgood\n|j|\u2606Feuertraene\n|inactive|Battle timer is ON: inactive players will automatically lose when time's up.\n|t:|1699730460\n|gametype|singles\n|player|p1|AGisgood|cynthia-masters|\n|player|p2|Feuertraene|cynthia-gen4|\n|teamsize|p1|6\n|teamsize|p2|6\n|gen|9\n|tier|[Gen 9] National Dex\n|rated|Tournament battle\n|rule|HP Percentage Mod: HP is shown in percentages\n|rule|Endless Battle Clause: Forcing endless battles is banned\n|rule|OHKO Clause: OHKO moves are banned\n|rule|Evasion Clause: Evasion abilities, items, and moves are banned\n|rule|Evasion Abilities Clause: Evasion abilities are banned\n|rule|Evasion Items Clause: Evasion items are banned\n|rule|Evasion Moves Clause: Evasion moves are banned\n|rule|Species Clause: Limit one of each Pok\u00e9mon\n|rule|Sleep Clause Mod: Limit one foe put to sleep\n|clearpoke\n|poke|p1|Greninja-*, M|\n|poke|p1|Tapu Lele|\n|poke|p1|Swampert, F|\n|poke|p1|Pelipper, F|\n|poke|p1|Ferrothorn, M|\n|poke|p1|Sneasler, F|\n|poke|p2|Victini|\n|poke|p2|Lopunny, F|\n|poke|p2|Great Tusk|\n|poke|p2|Zapdos|\n|poke|p2|Ting-Lu|\n|poke|p2|Iron Valiant|\n|teampreview\n|inactive|Feuertraene also wants the timer to be on.\n|inactive|AGisgood also wants the timer to be on.\n|\n|t:|1699730470\n|start\n|switch|p1a: Pelipper|Pelipper, F|100\/100\n|switch|p2a: Iron Valiant|Iron Valiant|100\/100\n|-weather|RainDance|[from] ability: Drizzle|[of] p1a: Pelipper\n|turn|1\n|\n|t:|1699730477\n|switch|p1a: Swampert|Swampert, F|100\/100\n|move|p2a: Iron Valiant|Moonblast|p1a: Swampert\n|-damage|p1a: Swampert|27\/100\n|-damage|p2a: Iron Valiant|91\/100|[from] item: Life Orb\n|\n|-weather|RainDance|[upkeep]\n|upkeep\n|turn|2\n|\n|t:|1699730483\n|-end|p2a: Iron Valiant|Quark Drive|[silent]\n|switch|p2a: Zapdos|Zapdos|100\/100\n|detailschange|p1a: Swampert|Swampert-Mega, F\n|-mega|p1a: Swampert|Swampert|Swampertite\n|move|p1a: Swampert|Waterfall|p2a: Zapdos\n|-damage|p2a: Zapdos|31\/100\n|-status|p1a: Swampert|par|[from] ability: Static|[of] p2a: Zapdos\n|\n|-weather|RainDance|[upkeep]\n|upkeep\n|turn|3\n|\n|t:|1699730491\n|move|p2a: Zapdos|Hurricane|p1a: Swampert\n|-damage|p1a: Swampert|0 fnt\n|faint|p1a: Swampert\n|\n|-weather|RainDance|[upkeep]\n|upkeep\n|j| adgasdgs2\n|\n|t:|1699730497\n|switch|p1a: Greninja|Greninja, M|100\/100\n|turn|4\n|j| thebestever543\n|j| Y Alaben al Sol Y\n|\n|t:|1699730513\n|switch|p2a: Great Tusk|Great Tusk|100\/100\n|move|p1a: Greninja|Hydro Pump|p2a: Great Tusk\n|-supereffective|p2a: Great Tusk\n|-damage|p2a: Great Tusk|0 fnt\n|faint|p2a: Great Tusk\n|-end|p2a: Great Tusk|Protosynthesis|[silent]\n|-ability|p1a: Greninja|Battle Bond|boost\n|-boost|p1a: Greninja|atk|1\n|-boost|p1a: Greninja|spa|1\n|-boost|p1a: Greninja|spe|1\n|-activate|p1a: Greninja|ability: Battle Bond\n|-damage|p1a: Greninja|91\/100|[from] item: Life Orb\n|\n|-weather|RainDance|[upkeep]\n|upkeep\n|\n|t:|1699730515\n|switch|p2a: Ting-Lu|Ting-Lu|100\/100\n|-ability|p2a: Ting-Lu|Vessel of Ruin\n|turn|5\n|\n|t:|1699730519\n|-terastallize|p1a: Greninja|Water\n|-terastallize|p2a: Ting-Lu|Poison\n|move|p1a: Greninja|Hydro Pump|p2a: Ting-Lu\n|-damage|p2a: Ting-Lu|25\/100\n|-damage|p1a: Greninja|81\/100|[from] item: Life Orb\n|move|p2a: Ting-Lu|Whirlwind|p1a: Greninja\n|drag|p1a: Pelipper|Pelipper, F|100\/100\n|\n|-weather|RainDance|[upkeep]\n|-heal|p2a: Ting-Lu|31\/100|[from] item: Leftovers\n|upkeep\n|turn|6\n|c| thebestever543|Ting dies\n|c| thebestever543|surely\n|c| thebestever543|wow\n|j| XXMurdrXX\n|j| ppyyy-inertia\n|\n|t:|1699730541\n|move|p1a: Pelipper|U-turn|p2a: Ting-Lu\n|-resisted|p2a: Ting-Lu\n|-damage|p2a: Ting-Lu|29\/100\n|j| Motives\n|\n|t:|1699730551\n|switch|p1a: Tapu Lele|Tapu Lele|100\/100|[from] U-turn\n|-fieldstart|move: Psychic Terrain|[from] ability: Psychic Surge|[of] p1a: Tapu Lele\n|move|p2a: Ting-Lu|Spikes|p1a: Tapu Lele\n|-sidestart|p1: AGisgood|Spikes\n|\n|-weather|RainDance|[upkeep]\n|-heal|p2a: Ting-Lu|35\/100|[from] item: Leftovers\n|upkeep\n|turn|7\n|l| XXMurdrXX\n|l| ppyyy-inertia\n|\n|t:|1699730566\n|move|p1a: Tapu Lele|Psychic|p2a: Ting-Lu\n|-supereffective|p2a: Ting-Lu\n|-damage|p2a: Ting-Lu|0 fnt\n|faint|p2a: Ting-Lu\n|\n|-weather|RainDance|[upkeep]\n|upkeep\n|\n|t:|1699730572\n|switch|p2a: Victini|Victini|100\/100\n|turn|8\n|\n|t:|1699730578\n|switch|p1a: Ferrothorn|Ferrothorn, M|100\/100\n|-damage|p1a: Ferrothorn|88\/100|[from] Spikes\n|-zpower|p2a: Victini\n|move|p2a: Victini|Z-Celebrate|p2a: Victini|[anim]Celebrate\n|-boost|p2a: Victini|atk|1|[zeffect]\n|-boost|p2a: Victini|def|1|[zeffect]\n|-boost|p2a: Victini|spa|1|[zeffect]\n|-boost|p2a: Victini|spd|1|[zeffect]\n|-boost|p2a: Victini|spe|1|[zeffect]\n|-activate|p2a: Victini|move: Celebrate\n|\n|-weather|none\n|upkeep\n|turn|9\n|\n|t:|1699730592\n|move|p2a: Victini|Searing Shot|p1a: Ferrothorn\n|-supereffective|p1a: Ferrothorn\n|-damage|p1a: Ferrothorn|0 fnt\n|faint|p1a: Ferrothorn\n|\n|upkeep\n|\n|t:|1699730598\n|switch|p1a: Sneasler|Sneasler, F|100\/100\n|-damage|p1a: Sneasler|88\/100|[from] Spikes\n|-enditem|p1a: Sneasler|Psychic Seed\n|-boost|p1a: Sneasler|spd|1|[from] item: Psychic Seed\n|turn|10\n|\n|t:|1699730615\n|move|p1a: Sneasler|Swords Dance|p1a: Sneasler\n|-boost|p1a: Sneasler|atk|2\n|move|p2a: Victini|Stored Power|p1a: Sneasler\n|-supereffective|p1a: Sneasler\n|-damage|p1a: Sneasler|0 fnt\n|faint|p1a: Sneasler\n|\n|-fieldend|move: Psychic Terrain\n|upkeep\n|\n|t:|1699730623\n|switch|p1a: Greninja|Greninja, M, tera:Water|81\/100\n|-damage|p1a: Greninja|69\/100|[from] Spikes\n|turn|11\n|inactive|AGisgood has 120 seconds left.\n|\n|t:|1699730653\n|move|p2a: Victini|Stored Power|p1a: Greninja\n|-damage|p1a: Greninja|0 fnt\n|faint|p1a: Greninja\n|\n|upkeep\n|-message|AGisgood forfeited.\n|\n|win|Feuertraene\n|n|\u2606AGisgood|agisgood\n|n|\u2606Feuertraene|feuertraene\n|n| adgasdgs2|adgasdgs2\n|n| thebestever543|thebestever543\n|n| Y Alaben al Sol Y|yalabenalsoly\n|n| Motives|motives\n|l|\u2606AGisgood\n|l| thebestever543\n|l|\u2606Feuertraene\n","uploadtime":1699730716,"views":4,"p1id":"agisgood","p2id":"feuertraene","formatid":"gen9nationaldex","rating":0,"private":0,"password":""}