{"id":"gen9nationaldex-1994105786","p1":"Rayel1","p2":"Danish1526","format":"[Gen 9] National Dex","log":"|j|\u2606Rayel1\n|j|\u2606Danish1526\n|t:|1700407522\n|gametype|singles\n|player|p1|Rayel1|hanbei-conquest|\n|player|p2|Danish1526|wattson|\n|teamsize|p1|6\n|teamsize|p2|6\n|gen|9\n|tier|[Gen 9] National Dex\n|rule|HP Percentage Mod: HP is shown in percentages\n|rule|Endless Battle Clause: Forcing endless battles is banned\n|rule|OHKO Clause: OHKO moves are banned\n|rule|Evasion Clause: Evasion abilities, items, and moves are banned\n|rule|Evasion Abilities Clause: Evasion abilities are banned\n|rule|Evasion Items Clause: Evasion items are banned\n|rule|Evasion Moves Clause: Evasion moves are banned\n|rule|Species Clause: Limit one of each Pok\u00e9mon\n|rule|Sleep Clause Mod: Limit one foe put to sleep\n|clearpoke\n|poke|p1|Alomomola, F|\n|poke|p1|Moltres|\n|poke|p1|Krookodile, M|\n|poke|p1|Serperior, F|\n|poke|p1|Clefable, F|\n|poke|p1|Zoroark-Hisui, M|\n|poke|p2|Haxorus, M|\n|poke|p2|Iron Valiant|\n|poke|p2|Heatran, F|\n|poke|p2|Kommo-o, F|\n|poke|p2|Sneasler, M|\n|poke|p2|Galvantula, F|\n|teampreview\n|inactive|Battle timer is ON: inactive players will automatically lose when time's up. (requested by Rayel1)\n|c|\u2606Rayel1|woooo\n|c|\u2606Rayel1|omg haxorus\n|c|\u2606Rayel1|so cool\n|inactive|Rayel1 has 270 seconds left.\n|\n|t:|1700407569\n|start\n|switch|p1a: Clefable|Clefable, F|100\/100\n|switch|p2a: Galvantula|Galvantula, F|100\/100\n|turn|1\n|c|\u2606Danish1526|Rayel being a fan boy of haxorus for a billonth time\n|\n|t:|1700407577\n|move|p2a: Galvantula|Thunder Wave|p1a: Clefable\n|-status|p1a: Clefable|par\n|move|p1a: Clefable|Calm Mind|p1a: Clefable\n|-boost|p1a: Clefable|spa|1\n|-boost|p1a: Clefable|spd|1\n|\n|upkeep\n|turn|2\n|\n|t:|1700407582\n|move|p2a: Galvantula|Sticky Web|p1a: Clefable\n|-sidestart|p1: Rayel1|move: Sticky Web\n|cant|p1a: Clefable|par\n|\n|upkeep\n|turn|3\n|\n|t:|1700407588\n|switch|p2a: Heatran|Heatran, F|100\/100\n|-item|p2a: Heatran|Air Balloon\n|move|p1a: Clefable|Moonblast|p2a: Heatran\n|-resisted|p2a: Heatran\n|-damage|p2a: Heatran|85\/100\n|-enditem|p2a: Heatran|Air Balloon\n|\n|upkeep\n|turn|4\n|\n|t:|1700407598\n|switch|p1a: Moltres|Moltres|100\/100\n|move|p2a: Heatran|Magma Storm|p1a: Moltres|[miss]\n|-miss|p2a: Heatran|p1a: Moltres\n|\n|upkeep\n|turn|5\n|\n|t:|1700407602\n|move|p1a: Moltres|Defog|p2a: Heatran\n|-unboost|p2a: Heatran|evasion|1\n|-sideend|p1: Rayel1|Sticky Web|[from] move: Defog|[of] p1a: Moltres\n|move|p2a: Heatran|Magma Storm|p1a: Moltres|[miss]\n|-miss|p2a: Heatran|p1a: Moltres\n|\n|upkeep\n|turn|6\n|\n|t:|1700407609\n|switch|p1a: Alomomola|Alomomola, F|100\/100\n|move|p2a: Heatran|Magma Storm|p1a: Alomomola\n|-resisted|p1a: Alomomola\n|-damage|p1a: Alomomola|68\/100\n|-activate|p1a: Alomomola|move: Magma Storm|[of] p2a: Heatran\n|\n|-damage|p1a: Alomomola|56\/100|[from] move: Magma Storm|[partiallytrapped]\n|upkeep\n|turn|7\n|\n|t:|1700407618\n|switch|p2a: Galvantula|Galvantula, F|100\/100\n|move|p1a: Alomomola|Flip Turn|p2a: Galvantula\n|-damage|p2a: Galvantula|68\/100\n|\n|t:|1700407634\n|switch|p1a: Krookodile|Krookodile, M|100\/100|[from] Flip Turn\n|\n|upkeep\n|turn|8\n|\n|t:|1700407638\n|move|p1a: Krookodile|Knock Off|p2a: Galvantula\n|-crit|p2a: Galvantula\n|-damage|p2a: Galvantula|0 fnt\n|-enditem|p2a: Galvantula|Focus Sash|[from] move: Knock Off|[of] p1a: Krookodile\n|faint|p2a: Galvantula\n|-ability|p1a: Krookodile|Moxie|boost\n|-boost|p1a: Krookodile|atk|1\n|\n|upkeep\n|\n|t:|1700407643\n|switch|p2a: Sneasler|Sneasler, M|100\/100\n|turn|9\n|\n|t:|1700407656\n|switch|p1a: Moltres|Moltres|100\/100\n|move|p2a: Sneasler|Close Combat|p1a: Moltres\n|-resisted|p1a: Moltres\n|-damage|p1a: Moltres|64\/100\n|-unboost|p2a: Sneasler|def|1\n|-unboost|p2a: Sneasler|spd|1\n|-status|p2a: Sneasler|brn|[from] ability: Flame Body|[of] p1a: Moltres\n|-enditem|p2a: Sneasler|White Herb\n|-clearnegativeboost|p2a: Sneasler|[silent]\n|\n|-damage|p2a: Sneasler|95\/100 brn|[from] brn\n|upkeep\n|turn|10\n|c|\u2606Rayel1|get burned nerd\n|c|\u2606Rayel1|noooo\n|c|\u2606Rayel1|oh nvm\n|c|\u2606Danish1526|What you nooo for\n|inactive|Rayel1 has 270 seconds left.\n|c|\u2606Rayel1|i thought he had lum berry\n|\n|t:|1700407706\n|move|p2a: Sneasler|Dire Claw|p1a: Moltres\n|-damage|p1a: Moltres|41\/100\n|-status|p1a: Moltres|par\n|cant|p1a: Moltres|par\n|\n|-damage|p2a: Sneasler|89\/100 brn|[from] brn\n|upkeep\n|turn|11\n|\n|t:|1700407714\n|switch|p1a: Alomomola|Alomomola, F|89\/100\n|move|p2a: Sneasler|U-turn|p1a: Alomomola\n|-damage|p1a: Alomomola|82\/100\n|c|\u2606Danish1526|Get para nerd\n|\n|t:|1700407728\n|switch|p2a: Haxorus|Haxorus, M|100\/100|[from] U-turn\n|-ability|p2a: Haxorus|Mold Breaker\n|\n|upkeep\n|turn|12\n|inactive|Rayel1 has 270 seconds left.\n|\n|t:|1700407736\n|move|p2a: Haxorus|Swords Dance|p2a: Haxorus\n|-boost|p2a: Haxorus|atk|2\n|move|p1a: Alomomola|Scald|p2a: Haxorus\n|-resisted|p2a: Haxorus\n|-damage|p2a: Haxorus|90\/100\n|\n|upkeep\n|turn|13\n|inactive|Rayel1 has 270 seconds left.\n|\n|t:|1700407747\n|-terastallize|p1a: Alomomola|Steel\n|move|p2a: Haxorus|Scale Shot|p1a: Alomomola\n|-resisted|p1a: Alomomola\n|-damage|p1a: Alomomola|75\/100\n|-resisted|p1a: Alomomola\n|-damage|p1a: Alomomola|68\/100\n|-resisted|p1a: Alomomola\n|-damage|p1a: Alomomola|60\/100\n|-resisted|p1a: Alomomola\n|-damage|p1a: Alomomola|53\/100\n|-hitcount|p1a: Alomomola|4\n|-unboost|p2a: Haxorus|def|1\n|-boost|p2a: Haxorus|spe|1\n|move|p1a: Alomomola|Scald|p2a: Haxorus\n|-resisted|p2a: Haxorus\n|-damage|p2a: Haxorus|81\/100\n|-status|p2a: Haxorus|brn\n|\n|-damage|p2a: Haxorus|75\/100 brn|[from] brn\n|upkeep\n|turn|14\n|inactive|Rayel1 has 270 seconds left.\n|c|\u2606Rayel1|get burned twice nerd\n|\n|t:|1700407769\n|switch|p1a: Clefable|Clefable, F|100\/100 par\n|move|p2a: Haxorus|Swords Dance|p2a: Haxorus\n|-boost|p2a: Haxorus|atk|2\n|\n|-damage|p2a: Haxorus|69\/100 brn|[from] brn\n|upkeep\n|turn|15\n|\n|t:|1700407777\n|move|p2a: Haxorus|Iron Head|p1a: Clefable\n|-supereffective|p1a: Clefable\n|-damage|p1a: Clefable|10\/100 par\n|cant|p1a: Clefable|par\n|\n|-damage|p2a: Haxorus|63\/100 brn|[from] brn\n|upkeep\n|turn|16\n|inactive|Rayel1 has 270 seconds left.\n|c|\u2606Rayel1|fuck\n|c|\u2606Danish1526|Get full para nerd\n|\n|t:|1700407791\n|switch|p1a: Moltres|Moltres|41\/100 par\n|move|p2a: Haxorus|Iron Head|p1a: Moltres\n|-resisted|p1a: Moltres\n|-damage|p1a: Moltres|17\/100 par\n|\n|-damage|p2a: Haxorus|56\/100 brn|[from] brn\n|upkeep\n|turn|17\n|\n|t:|1700407798\n|switch|p1a: Alomomola|Alomomola, F, tera:Steel|87\/100\n|move|p2a: Haxorus|Scale Shot|p1a: Alomomola\n|-resisted|p1a: Alomomola\n|-crit|p1a: Alomomola\n|-damage|p1a: Alomomola|78\/100\n|-resisted|p1a: Alomomola\n|-damage|p1a: Alomomola|73\/100\n|-resisted|p1a: Alomomola\n|-damage|p1a: Alomomola|67\/100\n|-resisted|p1a: Alomomola\n|-damage|p1a: Alomomola|62\/100\n|-hitcount|p1a: Alomomola|4\n|-unboost|p2a: Haxorus|def|1\n|-boost|p2a: Haxorus|spe|1\n|\n|-damage|p2a: Haxorus|50\/100 brn|[from] brn\n|upkeep\n|turn|18\n|\n|t:|1700407812\n|move|p2a: Haxorus|Earthquake|p1a: Alomomola\n|-supereffective|p1a: Alomomola\n|-damage|p1a: Alomomola|0 fnt\n|faint|p1a: Alomomola\n|\n|-damage|p2a: Haxorus|44\/100 brn|[from] brn\n|upkeep\n|\n|t:|1700407820\n|switch|p1a: Clefable|Clefable, F|100\/100\n|turn|19\n|\n|t:|1700407823\n|move|p1a: Clefable|Shadow Sneak|p2a: Haxorus\n|-damage|p2a: Haxorus|0 fnt\n|faint|p2a: Haxorus\n|-damage|p1a: Clefable|91\/100|[from] item: Life Orb\n|\n|upkeep\n|\n|t:|1700407828\n|switch|p2a: Kommo-o|Kommo-o, F|100\/100\n|turn|20\n|\n|t:|1700407844\n|move|p1a: Clefable|Swords Dance|p1a: Clefable\n|-boost|p1a: Clefable|atk|2\n|move|p2a: Kommo-o|Clangorous Soul|p2a: Kommo-o\n|-boost|p2a: Kommo-o|atk|1\n|-boost|p2a: Kommo-o|def|1\n|-boost|p2a: Kommo-o|spa|1\n|-boost|p2a: Kommo-o|spd|1\n|-boost|p2a: Kommo-o|spe|1\n|-damage|p2a: Kommo-o|68\/100\n|-enditem|p2a: Kommo-o|Throat Spray\n|-boost|p2a: Kommo-o|spa|1|[from] item: Throat Spray\n|\n|upkeep\n|turn|21\n|\n|t:|1700407868\n|move|p1a: Clefable|Shadow Sneak|p2a: Kommo-o\n|-damage|p2a: Kommo-o|37\/100\n|-damage|p1a: Clefable|81\/100|[from] item: Life Orb\n|move|p2a: Kommo-o|Clanging Scales|p1a: Clefable\n|-damage|p1a: Clefable|0 fnt\n|replace|p1a: Zoroark|Zoroark-Hisui, M\n|-end|p1a: Zoroark|Illusion\n|faint|p1a: Zoroark\n|-unboost|p2a: Kommo-o|def|1\n|\n|upkeep\n|inactive|Rayel1 has 270 seconds left.\n|c|\u2606Danish1526|Ok rayel\n|\n|t:|1700407887\n|switch|p1a: Krookodile|Krookodile, M|100\/100\n|turn|22\n|inactive|Rayel1 has 270 seconds left.\n|c|\u2606Danish1526|If you even wanna forfeit this game\n|c|\u2606Rayel1|neverrrrrrr\n|c|\u2606Danish1526|Keep moltres till the end\n|inactive|Danish1526 has 270 seconds left.\n|c|\u2606Rayel1|nah he's ded\n|c|\u2606Danish1526|I will show you something cool\n|\n|t:|1700407928\n|move|p2a: Kommo-o|Aura Sphere|p1a: Krookodile\n|-supereffective|p1a: Krookodile\n|-damage|p1a: Krookodile|0 fnt\n|faint|p1a: Krookodile\n|\n|upkeep\n|c|\u2606Rayel1|nooooo\n|inactive|Rayel1 has 270 seconds left.\n|\n|t:|1700407938\n|switch|p1a: Serperior|Serperior, F|100\/100\n|turn|23\n|inactive|Rayel1 has 270 seconds left.\n|\n|t:|1700407948\n|-terastallize|p2a: Kommo-o|Normal\n|move|p2a: Kommo-o|Boomburst|p1a: Serperior\n|-damage|p1a: Serperior|0 fnt\n|faint|p1a: Serperior\n|\n|upkeep\n|\n|t:|1700407952\n|switch|p1a: Clefable|Clefable, F|10\/100 par\n|turn|24\n|\n|t:|1700407962\n|move|p2a: Kommo-o|Aura Sphere|p1a: Clefable\n|-resisted|p1a: Clefable\n|-damage|p1a: Clefable|0 fnt\n|faint|p1a: Clefable\n|\n|upkeep\n|\n|t:|1700407965\n|switch|p1a: Moltres|Moltres|17\/100 par\n|turn|25\n|c|\u2606Rayel1|gg\n|c|\u2606Danish1526|Kill me i am gonna show you something cool\n|\n|t:|1700407982\n|move|p2a: Kommo-o|Clangorous Soul|p2a: Kommo-o\n|-boost|p2a: Kommo-o|atk|1\n|-boost|p2a: Kommo-o|def|1\n|-boost|p2a: Kommo-o|spa|1\n|-boost|p2a: Kommo-o|spd|1\n|-boost|p2a: Kommo-o|spe|1\n|-damage|p2a: Kommo-o|4\/100\n|cant|p1a: Moltres|par\n|\n|upkeep\n|turn|26\n|c|\u2606Rayel1|game said no\n|\n|t:|1700407998\n|move|p2a: Kommo-o|Clangorous Soul||[still]\n|-fail|p2a: Kommo-o\n|cant|p1a: Moltres|par\n|\n|upkeep\n|turn|27\n|c|\u2606Danish1526|Bruh\n|c|\u2606Danish1526|Get double full para nerd\n|\n|t:|1700408017\n|move|p2a: Kommo-o|Clangorous Soul||[still]\n|-fail|p2a: Kommo-o\n|move|p1a: Moltres|Air Slash|p2a: Kommo-o\n|-damage|p2a: Kommo-o|0 fnt\n|faint|p2a: Kommo-o\n|\n|upkeep\n|c|\u2606Rayel1|:noooo:\n|\n|t:|1700408023\n|switch|p2a: Heatran|Heatran, F|85\/100\n|turn|28\n|c|\u2606Danish1526|Ok here is the cool thing\n|c|\u2606Danish1526|Something you will never expect from heatran\n|inactive|Danish1526 has 270 seconds left.\n|\n|t:|1700408049\n|move|p2a: Heatran|Power Gem|p1a: Moltres\n|-supereffective|p1a: Moltres\n|-damage|p1a: Moltres|0 fnt\n|faint|p1a: Moltres\n|\n|win|Danish1526\n|c|\u2606Rayel1|very cool\n|l|\u2606Rayel1\n|c|\u2606Danish1526|Get power gemed nerd\n|l|\u2606Danish1526\n|j|\u2606Danish1526\n|player|p2|Danish1526|wattson\n","uploadtime":1700408511,"views":7,"p1id":"rayel1","p2id":"danish1526","formatid":"gen9nationaldex","rating":0,"private":0,"password":""}