{"id":"gen9nationaldex-1996726864","p1":"ittoo","p2":"SpecsGastr0","format":"[Gen 9] National Dex","log":"|html|<div class=\"broadcast-blue\"><strong>[Gen 9] National Dex is currently suspecting Sneasler! For information on how to participate check out the <a href=\"https:\/\/www.smogon.com\/forums\/threads\/sv-national-dex-suspect-8-just-dance.3731534\/\">suspect thread<\/a>.<\/strong><\/div>\n|j|\u2606ittoo\n|j|\u2606SpecsGastr0\n|t:|1700715208\n|gametype|singles\n|player|p1|ittoo|gambler|1189\n|player|p2|SpecsGastr0|colress|1173\n|teamsize|p1|6\n|teamsize|p2|6\n|gen|9\n|tier|[Gen 9] National Dex\n|rated|\n|rule|HP Percentage Mod: HP is shown in percentages\n|rule|Endless Battle Clause: Forcing endless battles is banned\n|rule|OHKO Clause: OHKO moves are banned\n|rule|Evasion Clause: Evasion abilities, items, and moves are banned\n|rule|Evasion Abilities Clause: Evasion abilities are banned\n|rule|Evasion Items Clause: Evasion items are banned\n|rule|Evasion Moves Clause: Evasion moves are banned\n|rule|Species Clause: Limit one of each Pok\u00e9mon\n|rule|Sleep Clause Mod: Limit one foe put to sleep\n|clearpoke\n|poke|p1|Venusaur, M|\n|poke|p1|Persian, F|\n|poke|p1|Gardevoir, F|\n|poke|p1|Garchomp, F|\n|poke|p1|Jolteon, M|\n|poke|p1|Arcanine, M|\n|poke|p2|Eldegoss, F|\n|poke|p2|Gallade, M|\n|poke|p2|Crobat, M|\n|poke|p2|Escavalier, M|\n|poke|p2|Ribombee, F|\n|poke|p2|Eelektross, M|\n|teampreview\n|\n|t:|1700715217\n|start\n|switch|p1a: Persian|Persian, F|100\/100\n|switch|p2a: Rengeteki|Ribombee, F|100\/100\n|turn|1\n|\n|t:|1700715226\n|switch|p2a: Lancelot|Escavalier, M|100\/100\n|move|p1a: Persian|Fake Out|p2a: Lancelot\n|-resisted|p2a: Lancelot\n|-damage|p2a: Lancelot|89\/100\n|\n|upkeep\n|turn|2\n|\n|t:|1700715238\n|move|p1a: Persian|U-turn|p2a: Lancelot\n|-resisted|p2a: Lancelot\n|-damage|p2a: Lancelot|82\/100\n|\n|t:|1700715241\n|switch|p1a: Arcanine|Arcanine, M|100\/100|[from] U-turn\n|-ability|p1a: Arcanine|Intimidate|boost\n|-unboost|p2a: Lancelot|atk|1\n|move|p2a: Lancelot|Knock Off|p1a: Arcanine\n|-damage|p1a: Arcanine|59\/100\n|-enditem|p1a: Arcanine|Choice Band|[from] move: Knock Off|[of] p2a: Lancelot\n|-damage|p2a: Lancelot|72\/100|[from] item: Life Orb\n|\n|upkeep\n|turn|3\n|\n|t:|1700715256\n|switch|p2a: Reely Cool|Eelektross, M|100\/100\n|move|p1a: Arcanine|Will-O-Wisp|p2a: Reely Cool\n|-status|p2a: Reely Cool|brn\n|\n|-damage|p2a: Reely Cool|94\/100 brn|[from] brn\n|upkeep\n|turn|4\n|\n|t:|1700715266\n|-terastallize|p1a: Arcanine|Normal\n|move|p1a: Arcanine|Extreme Speed|p2a: Reely Cool\n|-damage|p2a: Reely Cool|54\/100 brn\n|move|p2a: Reely Cool|Coil|p2a: Reely Cool\n|-boost|p2a: Reely Cool|atk|1\n|-boost|p2a: Reely Cool|def|1\n|-boost|p2a: Reely Cool|accuracy|1\n|\n|-heal|p2a: Reely Cool|60\/100 brn|[from] item: Leftovers\n|-damage|p2a: Reely Cool|54\/100 brn|[from] brn\n|upkeep\n|turn|5\n|\n|t:|1700715278\n|move|p1a: Arcanine|Extreme Speed|p2a: Reely Cool\n|-damage|p2a: Reely Cool|27\/100 brn\n|move|p2a: Reely Cool|Coil|p2a: Reely Cool\n|-boost|p2a: Reely Cool|atk|1\n|-boost|p2a: Reely Cool|def|1\n|-boost|p2a: Reely Cool|accuracy|1\n|\n|-heal|p2a: Reely Cool|33\/100 brn|[from] item: Leftovers\n|-damage|p2a: Reely Cool|27\/100 brn|[from] brn\n|upkeep\n|turn|6\n|\n|t:|1700715287\n|move|p1a: Arcanine|Extreme Speed|p2a: Reely Cool\n|-damage|p2a: Reely Cool|7\/100 brn\n|move|p2a: Reely Cool|Drain Punch|p1a: Arcanine\n|-supereffective|p1a: Arcanine\n|-damage|p1a: Arcanine|0 fnt\n|-heal|p2a: Reely Cool|32\/100 brn|[from] drain|[of] p1a: Arcanine\n|faint|p1a: Arcanine\n|\n|-heal|p2a: Reely Cool|38\/100 brn|[from] item: Leftovers\n|-damage|p2a: Reely Cool|32\/100 brn|[from] brn\n|upkeep\n|\n|t:|1700715292\n|switch|p1a: Persian|Persian, F|100\/100\n|turn|7\n|\n|t:|1700715299\n|move|p1a: Persian|Fake Out|p2a: Reely Cool\n|-damage|p2a: Reely Cool|18\/100 brn\n|cant|p2a: Reely Cool|flinch\n|\n|-heal|p2a: Reely Cool|24\/100 brn|[from] item: Leftovers\n|-damage|p2a: Reely Cool|18\/100 brn|[from] brn\n|upkeep\n|turn|8\n|\n|t:|1700715308\n|move|p1a: Persian|U-turn|p2a: Reely Cool\n|-damage|p2a: Reely Cool|9\/100 brn\n|\n|t:|1700715312\n|switch|p1a: Garchomp|Garchomp, F|100\/100|[from] U-turn\n|move|p2a: Reely Cool|Drain Punch|p1a: Garchomp\n|-damage|p1a: Garchomp|79\/100\n|-heal|p2a: Reely Cool|20\/100 brn|[from] drain|[of] p1a: Garchomp\n|-damage|p2a: Reely Cool|7\/100 brn|[from] ability: Rough Skin|[of] p1a: Garchomp\n|-damage|p2a: Reely Cool|0 fnt|[from] item: Rocky Helmet|[of] p1a: Garchomp\n|faint|p2a: Reely Cool\n|\n|upkeep\n|\n|t:|1700715325\n|switch|p2a: Rengeteki|Ribombee, F|100\/100\n|turn|9\n|\n|t:|1700715337\n|move|p2a: Rengeteki|Moonblast|p1a: Garchomp\n|-supereffective|p1a: Garchomp\n|-damage|p1a: Garchomp|0 fnt\n|faint|p1a: Garchomp\n|\n|upkeep\n|\n|t:|1700715344\n|switch|p1a: Persian|Persian, F|100\/100\n|turn|10\n|\n|t:|1700715349\n|switch|p2a: Lancelot|Escavalier, M|72\/100\n|move|p1a: Persian|Fake Out|p2a: Lancelot\n|-resisted|p2a: Lancelot\n|-damage|p2a: Lancelot|61\/100\n|\n|upkeep\n|turn|11\n|\n|t:|1700715358\n|move|p1a: Persian|Thunder Wave|p2a: Lancelot\n|-status|p2a: Lancelot|par\n|move|p2a: Lancelot|Knock Off|p1a: Persian\n|-damage|p1a: Persian|11\/100\n|-enditem|p1a: Persian|Silk Scarf|[from] move: Knock Off|[of] p2a: Lancelot\n|-damage|p2a: Lancelot|51\/100 par|[from] item: Life Orb\n|\n|upkeep\n|turn|12\n|\n|t:|1700715369\n|move|p1a: Persian|Knock Off|p2a: Lancelot\n|-damage|p2a: Lancelot|31\/100 par\n|-enditem|p2a: Lancelot|Life Orb|[from] move: Knock Off|[of] p1a: Persian\n|cant|p2a: Lancelot|par\n|\n|upkeep\n|turn|13\n|\n|t:|1700715375\n|move|p1a: Persian|U-turn|p2a: Lancelot\n|-resisted|p2a: Lancelot\n|-damage|p2a: Lancelot|23\/100 par\n|\n|t:|1700715380\n|switch|p1a: Venusaur|Venusaur, M|100\/100|[from] U-turn\n|move|p2a: Lancelot|Knock Off|p1a: Venusaur\n|-damage|p1a: Venusaur|72\/100\n|\n|upkeep\n|turn|14\n|\n|t:|1700715391\n|switch|p2a: Kinkel|Crobat, M|100\/100\n|detailschange|p1a: Venusaur|Venusaur-Mega, M\n|-mega|p1a: Venusaur|Venusaur|Venusaurite\n|move|p1a: Venusaur|Leech Seed|p2a: Kinkel\n|-start|p2a: Kinkel|move: Leech Seed\n|\n|-damage|p2a: Kinkel|88\/100|[from] Leech Seed|[of] p1a: Venusaur\n|-heal|p1a: Venusaur|84\/100|[silent]\n|upkeep\n|turn|15\n|\n|t:|1700715401\n|move|p1a: Venusaur|Protect|p1a: Venusaur\n|-singleturn|p1a: Venusaur|Protect\n|move|p2a: Kinkel|U-turn|p1a: Venusaur\n|-activate|p1a: Venusaur|move: Protect\n|\n|-damage|p2a: Kinkel|76\/100|[from] Leech Seed|[of] p1a: Venusaur\n|-heal|p1a: Venusaur|96\/100|[silent]\n|upkeep\n|turn|16\n|\n|t:|1700715411\n|move|p2a: Kinkel|U-turn|p1a: Venusaur\n|-damage|p1a: Venusaur|82\/100\n|\n|t:|1700715415\n|switch|p2a: Lancelot|Escavalier, M|23\/100 par|[from] U-turn\n|move|p1a: Venusaur|Leech Seed|p2a: Lancelot\n|-start|p2a: Lancelot|move: Leech Seed\n|\n|-damage|p2a: Lancelot|11\/100 par|[from] Leech Seed|[of] p1a: Venusaur\n|-heal|p1a: Venusaur|95\/100|[silent]\n|upkeep\n|turn|17\n|\n|t:|1700715425\n|move|p1a: Venusaur|Protect|p1a: Venusaur\n|-singleturn|p1a: Venusaur|Protect\n|cant|p2a: Lancelot|par\n|\n|-damage|p2a: Lancelot|0 fnt|[from] Leech Seed|[of] p1a: Venusaur\n|-heal|p1a: Venusaur|100\/100|[silent]\n|faint|p2a: Lancelot\n|upkeep\n|\n|t:|1700715443\n|switch|p2a: Kinkel|Crobat, M|76\/100\n|turn|18\n|\n|t:|1700715449\n|move|p2a: Kinkel|Brave Bird|p1a: Venusaur\n|-supereffective|p1a: Venusaur\n|-damage|p1a: Venusaur|10\/100\n|-damage|p2a: Kinkel|46\/100|[from] Recoil\n|move|p1a: Venusaur|Leech Seed|p2a: Kinkel\n|-start|p2a: Kinkel|move: Leech Seed\n|\n|-damage|p2a: Kinkel|33\/100|[from] Leech Seed|[of] p1a: Venusaur\n|-heal|p1a: Venusaur|22\/100|[silent]\n|upkeep\n|turn|19\n|\n|t:|1700715458\n|switch|p2a: Rengeteki|Ribombee, F|100\/100\n|move|p1a: Venusaur|Protect||[still]\n|-fail|p1a: Venusaur\n|\n|upkeep\n|turn|20\n|\n|t:|1700715464\n|move|p2a: Rengeteki|Bug Buzz|p1a: Venusaur\n|-damage|p1a: Venusaur|0 fnt\n|faint|p1a: Venusaur\n|\n|upkeep\n|\n|t:|1700715468\n|switch|p1a: Persian|Persian, F|11\/100\n|turn|21\n|\n|t:|1700715473\n|switch|p2a: 1 Point|Eldegoss, F|100\/100\n|move|p1a: Persian|Thunder Wave|p2a: 1 Point\n|-status|p2a: 1 Point|par\n|\n|upkeep\n|turn|22\n|\n|t:|1700715482\n|move|p1a: Persian|Knock Off|p2a: 1 Point\n|-damage|p2a: 1 Point|72\/100 par\n|-enditem|p2a: 1 Point|Heavy-Duty Boots|[from] move: Knock Off|[of] p1a: Persian\n|move|p2a: 1 Point|Sleep Powder|p1a: Persian|[miss]\n|-miss|p2a: 1 Point|p1a: Persian\n|\n|upkeep\n|turn|23\n|\n|t:|1700715494\n|move|p1a: Persian|U-turn|p2a: 1 Point\n|-supereffective|p2a: 1 Point\n|-damage|p2a: 1 Point|34\/100 par\n|\n|t:|1700715499\n|switch|p1a: Gardevoir|Gardevoir, F|100\/100|[from] U-turn\n|move|p2a: 1 Point|Leech Seed|p1a: Gardevoir\n|-start|p1a: Gardevoir|move: Leech Seed\n|\n|-damage|p1a: Gardevoir|88\/100|[from] Leech Seed|[of] p2a: 1 Point\n|-heal|p2a: 1 Point|45\/100 par|[silent]\n|upkeep\n|turn|24\n|\n|t:|1700715509\n|switch|p1a: Persian|Persian, F|11\/100\n|move|p2a: 1 Point|Sleep Powder|p1a: Persian\n|-status|p1a: Persian|slp|[from] move: Sleep Powder\n|\n|upkeep\n|turn|25\n|\n|t:|1700715516\n|cant|p1a: Persian|slp\n|move|p2a: 1 Point|Leech Seed|p1a: Persian\n|-start|p1a: Persian|move: Leech Seed\n|\n|-damage|p1a: Persian|0 fnt|[from] Leech Seed|[of] p2a: 1 Point\n|-heal|p2a: 1 Point|54\/100 par|[silent]\n|faint|p1a: Persian\n|upkeep\n|\n|t:|1700715523\n|switch|p1a: Jolteon|Jolteon, M|100\/100\n|turn|26\n|\n|t:|1700715529\n|move|p1a: Jolteon|Hidden Power|p2a: 1 Point\n|-supereffective|p2a: 1 Point\n|-damage|p2a: 1 Point|17\/100 par\n|cant|p2a: 1 Point|par\n|\n|upkeep\n|turn|27\n|\n|t:|1700715542\n|move|p1a: Jolteon|Hidden Power|p2a: 1 Point\n|-supereffective|p2a: 1 Point\n|-damage|p2a: 1 Point|0 fnt\n|faint|p2a: 1 Point\n|\n|upkeep\n|\n|t:|1700715546\n|switch|p2a: Rengeteki|Ribombee, F|100\/100\n|turn|28\n|\n|t:|1700715553\n|switch|p1a: Gardevoir|Gardevoir, F|88\/100\n|move|p2a: Rengeteki|Quiver Dance|p2a: Rengeteki\n|-boost|p2a: Rengeteki|spa|1\n|-boost|p2a: Rengeteki|spd|1\n|-boost|p2a: Rengeteki|spe|1\n|\n|upkeep\n|turn|29\n|\n|t:|1700715564\n|move|p2a: Rengeteki|Moonblast|p1a: Gardevoir\n|-crit|p1a: Gardevoir\n|-damage|p1a: Gardevoir|0 fnt\n|faint|p1a: Gardevoir\n|\n|upkeep\n|\n|t:|1700715568\n|switch|p1a: Jolteon|Jolteon, M|100\/100\n|turn|30\n|\n|t:|1700715570\n|move|p2a: Rengeteki|Moonblast|p1a: Jolteon\n|-damage|p1a: Jolteon|18\/100\n|move|p1a: Jolteon|Thunderbolt|p2a: Rengeteki\n|-damage|p2a: Rengeteki|22\/100\n|\n|upkeep\n|turn|31\n|\n|t:|1700715576\n|move|p2a: Rengeteki|Moonblast|p1a: Jolteon\n|-damage|p1a: Jolteon|0 fnt\n|faint|p1a: Jolteon\n|\n|win|SpecsGastr0\n|raw|ittoo's rating: 1189 &rarr; <strong>1163<\/strong><br \/>(-26 for losing)\n|raw|SpecsGastr0's rating: 1173 &rarr; <strong>1199<\/strong><br \/>(+26 for winning)\n","uploadtime":1700715582,"views":4,"p1id":"ittoo","p2id":"specsgastr0","formatid":"gen9nationaldex","rating":1163,"private":0,"password":""}