{"id":"gen9nationaldex-1999315754","p1":"poetlv","p2":"Shuichi420","format":"[Gen 9] National Dex","log":"|html|<div class=\"broadcast-blue\"><strong>[Gen 9] National Dex is currently suspecting Sneasler! For information on how to participate check out the <a href=\"https:\/\/www.smogon.com\/forums\/threads\/sv-national-dex-suspect-8-just-dance.3731534\/\">suspect thread<\/a>.<\/strong><\/div>\n|j|\u2606poetlv\n|j|\u2606Shuichi420\n|t:|1701059174\n|gametype|singles\n|player|p1|poetlv|steven|1602\n|player|p2|Shuichi420|102|1573\n|teamsize|p1|6\n|teamsize|p2|6\n|gen|9\n|tier|[Gen 9] National Dex\n|rated|\n|rule|HP Percentage Mod: HP is shown in percentages\n|rule|Endless Battle Clause: Forcing endless battles is banned\n|rule|OHKO Clause: OHKO moves are banned\n|rule|Evasion Clause: Evasion abilities, items, and moves are banned\n|rule|Evasion Abilities Clause: Evasion abilities are banned\n|rule|Evasion Items Clause: Evasion items are banned\n|rule|Evasion Moves Clause: Evasion moves are banned\n|rule|Species Clause: Limit one of each Pok\u00e9mon\n|rule|Sleep Clause Mod: Limit one foe put to sleep\n|clearpoke\n|poke|p1|Mawile, M|\n|poke|p1|Marowak-Alola, M|\n|poke|p1|Hatterene, F|\n|poke|p1|Cresselia, F|\n|poke|p1|Porygon2|\n|poke|p1|Ursaluna, M|\n|poke|p2|Gyarados, M|\n|poke|p2|Heatran, M|\n|poke|p2|Slowbro, F|\n|poke|p2|Rillaboom, M|\n|poke|p2|Zamazenta-*|\n|poke|p2|Landorus-Therian, M|\n|teampreview\n|inactive|Battle timer is ON: inactive players will automatically lose when time's up. (requested by poetlv)\n|\n|t:|1701059187\n|start\n|switch|p1a: Hatterene|Hatterene, F|100\/100\n|switch|p2a: Rillaboom|Rillaboom, M|100\/100\n|-fieldstart|move: Grassy Terrain|[from] ability: Grassy Surge|[of] p2a: Rillaboom\n|turn|1\n|\n|t:|1701059198\n|move|p2a: Rillaboom|Wood Hammer|p1a: Hatterene\n|-enditem|p1a: Hatterene|Focus Sash\n|-damage|p1a: Hatterene|1\/100\n|-damage|p2a: Rillaboom|70\/100|[from] Recoil\n|move|p1a: Hatterene|Trick Room|p1a: Hatterene\n|-fieldstart|move: Trick Room|[of] p1a: Hatterene\n|\n|-heal|p1a: Hatterene|7\/100|[from] Grassy Terrain\n|-heal|p2a: Rillaboom|76\/100|[from] Grassy Terrain\n|upkeep\n|turn|2\n|\n|t:|1701059206\n|switch|p2a: Slowbro|Slowbro, F|100\/100\n|move|p1a: Hatterene|Mystical Fire|p2a: Slowbro\n|-resisted|p2a: Slowbro\n|-damage|p2a: Slowbro|85\/100\n|-unboost|p2a: Slowbro|spa|1\n|\n|-heal|p1a: Hatterene|13\/100|[from] Grassy Terrain\n|-heal|p2a: Slowbro|91\/100|[from] Grassy Terrain\n|upkeep\n|turn|3\n|\n|t:|1701059220\n|move|p1a: Hatterene|Healing Wish|p1a: Hatterene\n|faint|p1a: Hatterene\n|move|p2a: Slowbro|Teleport|p2a: Slowbro\n|\n|t:|1701059225\n|switch|p2a: Heatran|Heatran, M|100\/100|[from] Teleport\n|\n|upkeep\n|\n|t:|1701059242\n|switch|p1a: Ursaluna|Ursaluna, M|100\/100\n|turn|4\n|\n|t:|1701059248\n|move|p2a: Heatran|Protect|p2a: Heatran\n|-singleturn|p2a: Heatran|Protect\n|move|p1a: Ursaluna|Swords Dance|p1a: Ursaluna\n|-boost|p1a: Ursaluna|atk|2\n|\n|-status|p1a: Ursaluna|brn|[from] item: Flame Orb\n|upkeep\n|turn|5\n|\n|t:|1701059256\n|switch|p2a: Landorus|Landorus-Therian, M|100\/100\n|-ability|p2a: Landorus|Intimidate|boost\n|-unboost|p1a: Ursaluna|atk|1\n|-terastallize|p1a: Ursaluna|Normal\n|move|p1a: Ursaluna|Facade|p2a: Landorus\n|-damage|p2a: Landorus|0 fnt\n|-damage|p1a: Ursaluna|84\/100 brn|[from] item: Rocky Helmet|[of] p2a: Landorus\n|faint|p2a: Landorus\n|\n|-heal|p1a: Ursaluna|90\/100 brn|[from] Grassy Terrain\n|-damage|p1a: Ursaluna|84\/100 brn|[from] brn\n|-fieldend|move: Trick Room\n|-fieldend|move: Grassy Terrain\n|upkeep\n|\n|t:|1701059263\n|switch|p2a: Rillaboom|Rillaboom, M|76\/100\n|-fieldstart|move: Grassy Terrain|[from] ability: Grassy Surge|[of] p2a: Rillaboom\n|turn|6\n|\n|t:|1701059282\n|switch|p1a: Cresselia|Cresselia, F|100\/100\n|move|p2a: Rillaboom|Wood Hammer|p1a: Cresselia\n|-damage|p1a: Cresselia|43\/100\n|-damage|p2a: Rillaboom|52\/100|[from] Recoil\n|\n|-heal|p2a: Rillaboom|58\/100|[from] Grassy Terrain\n|upkeep\n|turn|7\n|\n|t:|1701059296\n|switch|p1a: Mawile|Mawile, M|100\/100\n|-ability|p1a: Mawile|Intimidate|boost\n|-unboost|p2a: Rillaboom|atk|1\n|move|p2a: Rillaboom|Wood Hammer|p1a: Mawile\n|-resisted|p1a: Mawile\n|-damage|p1a: Mawile|53\/100\n|-damage|p2a: Rillaboom|44\/100|[from] Recoil\n|\n|-heal|p2a: Rillaboom|50\/100|[from] Grassy Terrain\n|-heal|p1a: Mawile|59\/100|[from] Grassy Terrain\n|upkeep\n|turn|8\n|\n|t:|1701059310\n|switch|p2a: Gyarados|Gyarados, M|100\/100\n|-ability|p2a: Gyarados|Intimidate|boost\n|-unboost|p1a: Mawile|atk|1\n|detailschange|p1a: Mawile|Mawile-Mega, M\n|-mega|p1a: Mawile|Mawile|Mawilite\n|move|p1a: Mawile|Play Rough|p2a: Gyarados\n|-damage|p2a: Gyarados|31\/100\n|\n|-heal|p1a: Mawile|65\/100|[from] Grassy Terrain\n|upkeep\n|turn|9\n|\n|t:|1701059321\n|detailschange|p2a: Gyarados|Gyarados-Mega, M\n|-mega|p2a: Gyarados|Gyarados|Gyaradosite\n|-ability|p2a: Gyarados|Mold Breaker\n|move|p1a: Mawile|Sucker Punch|p2a: Gyarados\n|-resisted|p2a: Gyarados\n|-damage|p2a: Gyarados|17\/100\n|move|p2a: Gyarados|Waterfall|p1a: Mawile\n|-damage|p1a: Mawile|17\/100\n|\n|-heal|p2a: Gyarados|23\/100|[from] Grassy Terrain\n|-heal|p1a: Mawile|23\/100|[from] Grassy Terrain\n|upkeep\n|turn|10\n|\n|t:|1701059340\n|switch|p1a: Cresselia|Cresselia, F|43\/100\n|-heal|p1a: Cresselia|100\/100|[from] move: Healing Wish\n|move|p2a: Gyarados|Waterfall|p1a: Cresselia\n|-damage|p1a: Cresselia|74\/100\n|\n|-heal|p2a: Gyarados|29\/100|[from] Grassy Terrain\n|-fieldend|move: Grassy Terrain\n|upkeep\n|turn|11\n|\n|t:|1701059352\n|move|p2a: Gyarados|Crunch|p1a: Cresselia\n|-supereffective|p1a: Cresselia\n|-enditem|p1a: Cresselia|Colbur Berry|[eat]\n|-enditem|p1a: Cresselia|Colbur Berry|[weaken]\n|-damage|p1a: Cresselia|46\/100\n|move|p1a: Cresselia|Trick Room|p1a: Cresselia\n|-fieldstart|move: Trick Room|[of] p1a: Cresselia\n|\n|upkeep\n|turn|12\n|\n|t:|1701059359\n|move|p1a: Cresselia|Lunar Dance|p1a: Cresselia\n|faint|p1a: Cresselia\n|move|p2a: Gyarados|Crunch|p1: Cresselia|[notarget]\n|-fail|p2a: Gyarados\n|\n|upkeep\n|inactive|poetlv has 120 seconds left.\n|\n|t:|1701059381\n|switch|p1a: Ursaluna|Ursaluna, M, tera:Normal|84\/100 brn\n|-heal|p1a: Ursaluna|100\/100|[from] move: Lunar Dance\n|turn|13\n|inactive|poetlv has 120 seconds left.\n|\n|t:|1701059409\n|move|p1a: Ursaluna|Swords Dance|p1a: Ursaluna\n|-boost|p1a: Ursaluna|atk|2\n|move|p2a: Gyarados|Waterfall|p1a: Ursaluna\n|-damage|p1a: Ursaluna|67\/100\n|\n|-status|p1a: Ursaluna|brn|[from] item: Flame Orb\n|upkeep\n|turn|14\n|inactive|poetlv has 120 seconds left.\n|\n|t:|1701059420\n|move|p1a: Ursaluna|Facade|p2a: Gyarados\n|-damage|p2a: Gyarados|0 fnt\n|faint|p2a: Gyarados\n|\n|-damage|p1a: Ursaluna|61\/100 brn|[from] brn\n|upkeep\n|inactive|Shuichi420 has 120 seconds left.\n|\n|t:|1701059441\n|switch|p2a: Zamazenta|Zamazenta|100\/100\n|-ability|p2a: Zamazenta|Dauntless Shield|boost\n|-boost|p2a: Zamazenta|def|1\n|turn|15\n|\n|t:|1701059447\n|move|p1a: Ursaluna|Facade|p2a: Zamazenta\n|-damage|p2a: Zamazenta|0 fnt\n|faint|p2a: Zamazenta\n|\n|-damage|p1a: Ursaluna|54\/100 brn|[from] brn\n|-fieldend|move: Trick Room\n|upkeep\n|\n|t:|1701059452\n|switch|p2a: Rillaboom|Rillaboom, M|50\/100\n|-fieldstart|move: Grassy Terrain|[from] ability: Grassy Surge|[of] p2a: Rillaboom\n|turn|16\n|\n|t:|1701059460\n|-terastallize|p2a: Rillaboom|Grass\n|move|p2a: Rillaboom|Wood Hammer|p1a: Ursaluna\n|-damage|p1a: Ursaluna|0 fnt\n|faint|p1a: Ursaluna\n|-damage|p2a: Rillaboom|25\/100|[from] Recoil\n|\n|-heal|p2a: Rillaboom|32\/100|[from] Grassy Terrain\n|upkeep\n|\n|t:|1701059468\n|switch|p1a: Mawile|Mawile-Mega, M|23\/100\n|turn|17\n|\n|t:|1701059474\n|switch|p2a: Heatran|Heatran, M|100\/100\n|move|p1a: Mawile|Sucker Punch||[still]\n|-fail|p1a: Mawile\n|\n|-heal|p1a: Mawile|29\/100|[from] Grassy Terrain\n|upkeep\n|turn|18\n|\n|t:|1701059484\n|move|p2a: Heatran|Earth Power|p1a: Mawile\n|-supereffective|p1a: Mawile\n|-damage|p1a: Mawile|0 fnt\n|faint|p1a: Mawile\n|\n|upkeep\n|\n|t:|1701059487\n|switch|p1a: Porygon2|Porygon2|100\/100\n|-ability|p1a: Porygon2|Flash Fire|[from] ability: Trace|[of] p2a: Heatran\n|turn|19\n|\n|t:|1701059497\n|move|p2a: Heatran|Magma Storm|p1a: Porygon2\n|-start|p1a: Porygon2|ability: Flash Fire\n|move|p1a: Porygon2|Trick Room|p1a: Porygon2\n|-fieldstart|move: Trick Room|[of] p1a: Porygon2\n|\n|upkeep\n|turn|20\n|\n|t:|1701059506\n|move|p2a: Heatran|Earth Power|p1a: Porygon2\n|-damage|p1a: Porygon2|85\/100\n|move|p1a: Porygon2|Teleport|p1a: Porygon2\n|\n|t:|1701059512\n|-end|p1a: Porygon2|ability: Flash Fire|[silent]\n|switch|p1a: Marowak|Marowak-Alola, M|100\/100|[from] Teleport\n|\n|-fieldend|move: Grassy Terrain\n|upkeep\n|turn|21\n|\n|t:|1701059522\n|move|p2a: Heatran|Protect|p2a: Heatran\n|-singleturn|p2a: Heatran|Protect\n|move|p1a: Marowak|Swords Dance|p1a: Marowak\n|-boost|p1a: Marowak|atk|2\n|\n|upkeep\n|turn|22\n|\n|t:|1701059532\n|move|p2a: Heatran|Protect||[still]\n|-fail|p2a: Heatran\n|move|p1a: Marowak|Poltergeist|p2a: Heatran\n|-activate|p2a: Heatran|move: Poltergeist|Leftovers\n|-damage|p2a: Heatran|0 fnt\n|faint|p2a: Heatran\n|\n|upkeep\n|\n|t:|1701059537\n|switch|p2a: Slowbro|Slowbro, F|100\/100\n|turn|23\n|\n|t:|1701059545\n|move|p1a: Marowak|Poltergeist|p2a: Slowbro\n|-activate|p2a: Slowbro|move: Poltergeist|Heavy-Duty Boots\n|-supereffective|p2a: Slowbro\n|-damage|p2a: Slowbro|0 fnt\n|faint|p2a: Slowbro\n|\n|-fieldend|move: Trick Room\n|upkeep\n|\n|t:|1701059553\n|switch|p2a: Rillaboom|Rillaboom, M, tera:Grass|32\/100\n|-fieldstart|move: Grassy Terrain|[from] ability: Grassy Surge|[of] p2a: Rillaboom\n|turn|24\n|\n|t:|1701059559\n|move|p2a: Rillaboom|Wood Hammer|p1a: Marowak\n|-resisted|p1a: Marowak\n|-damage|p1a: Marowak|20\/100\n|-damage|p2a: Rillaboom|6\/100|[from] Recoil\n|move|p1a: Marowak|Flare Blitz|p2a: Rillaboom\n|-supereffective|p2a: Rillaboom\n|-damage|p2a: Rillaboom|0 fnt\n|faint|p2a: Rillaboom\n|\n|win|poetlv\n|raw|poetlv's rating: 1602 &rarr; <strong>1620<\/strong><br \/>(+18 for winning)\n|raw|Shuichi420's rating: 1573 &rarr; <strong>1555<\/strong><br \/>(-18 for losing)\n","uploadtime":1701059571,"views":1,"p1id":"poetlv","p2id":"shuichi420","formatid":"gen9nationaldex","rating":1555,"private":0,"password":""}