{"id":"gen9nationaldex-1993439530","p1":"shfeha","p2":"jdblissey","format":"[Gen 9] National Dex","log":"|j|\u2606shfeha\n|j|\u2606jdblissey\n|t:|1700318091\n|gametype|singles\n|player|p1|shfeha|cyclist|1149\n|player|p2|jdblissey|cynthia-gen4|1060\n|teamsize|p1|6\n|teamsize|p2|6\n|gen|9\n|tier|[Gen 9] National Dex\n|rated|\n|rule|HP Percentage Mod: HP is shown in percentages\n|rule|Endless Battle Clause: Forcing endless battles is banned\n|rule|OHKO Clause: OHKO moves are banned\n|rule|Evasion Clause: Evasion abilities, items, and moves are banned\n|rule|Evasion Abilities Clause: Evasion abilities are banned\n|rule|Evasion Items Clause: Evasion items are banned\n|rule|Evasion Moves Clause: Evasion moves are banned\n|rule|Species Clause: Limit one of each Pok\u00e9mon\n|rule|Sleep Clause Mod: Limit one foe put to sleep\n|clearpoke\n|poke|p1|Greninja-*, M|\n|poke|p1|Scizor, F|\n|poke|p1|Skeledirge, F|\n|poke|p1|Ting-Lu|\n|poke|p1|Corviknight, F|\n|poke|p1|Clodsire, M|\n|poke|p2|Serperior, F|\n|poke|p2|Reuniclus, F|\n|poke|p2|Volcarona, F|\n|poke|p2|Hydreigon, F|\n|poke|p2|Excadrill, F|\n|poke|p2|Conkeldurr, F|\n|teampreview\n|inactive|Battle timer is ON: inactive players will automatically lose when time's up. (requested by shfeha)\n|\n|t:|1700318099\n|start\n|switch|p1a: Clodsire|Clodsire, M, shiny|100\/100\n|switch|p2a: Hydreigon|Hydreigon, F|100\/100\n|turn|1\n|\n|t:|1700318110\n|move|p2a: Hydreigon|Earth Power|p1a: Clodsire\n|-supereffective|p1a: Clodsire\n|-damage|p1a: Clodsire|71\/100\n|move|p1a: Clodsire|Toxic|p2a: Hydreigon\n|-status|p2a: Hydreigon|tox\n|\n|-heal|p1a: Clodsire|77\/100|[from] item: Black Sludge\n|-damage|p2a: Hydreigon|94\/100 tox|[from] psn\n|upkeep\n|turn|2\n|\n|t:|1700318119\n|move|p2a: Hydreigon|Earth Power|p1a: Clodsire\n|-supereffective|p1a: Clodsire\n|-damage|p1a: Clodsire|48\/100\n|move|p1a: Clodsire|Stealth Rock|p2a: Hydreigon\n|-sidestart|p2: jdblissey|move: Stealth Rock\n|\n|-heal|p1a: Clodsire|54\/100|[from] item: Black Sludge\n|-damage|p2a: Hydreigon|82\/100 tox|[from] psn\n|upkeep\n|turn|3\n|\n|t:|1700318127\n|move|p2a: Hydreigon|Earth Power|p1a: Clodsire\n|-supereffective|p1a: Clodsire\n|-damage|p1a: Clodsire|19\/100\n|move|p1a: Clodsire|Recover|p1a: Clodsire\n|-heal|p1a: Clodsire|69\/100\n|\n|-heal|p1a: Clodsire|75\/100|[from] item: Black Sludge\n|-damage|p2a: Hydreigon|64\/100 tox|[from] psn\n|upkeep\n|turn|4\n|\n|t:|1700318136\n|move|p2a: Hydreigon|Earth Power|p1a: Clodsire\n|-supereffective|p1a: Clodsire\n|-crit|p1a: Clodsire\n|-damage|p1a: Clodsire|23\/100\n|-unboost|p1a: Clodsire|spd|1\n|move|p1a: Clodsire|Recover|p1a: Clodsire\n|-heal|p1a: Clodsire|73\/100\n|\n|-heal|p1a: Clodsire|79\/100|[from] item: Black Sludge\n|-damage|p2a: Hydreigon|39\/100 tox|[from] psn\n|upkeep\n|turn|5\n|\n|t:|1700318145\n|move|p2a: Hydreigon|Earth Power|p1a: Clodsire\n|-supereffective|p1a: Clodsire\n|-damage|p1a: Clodsire|32\/100\n|move|p1a: Clodsire|Recover|p1a: Clodsire\n|-heal|p1a: Clodsire|82\/100\n|\n|-heal|p1a: Clodsire|89\/100|[from] item: Black Sludge\n|-damage|p2a: Hydreigon|8\/100 tox|[from] psn\n|upkeep\n|turn|6\n|\n|t:|1700318157\n|switch|p1a: Corviknight|Corviknight, F, shiny|100\/100\n|move|p2a: Hydreigon|Earth Power|p1a: Corviknight\n|-immune|p1a: Corviknight\n|\n|-damage|p2a: Hydreigon|0 fnt|[from] psn\n|faint|p2a: Hydreigon\n|upkeep\n|\n|t:|1700318165\n|switch|p2a: Volcarona|Volcarona, F|100\/100\n|-damage|p2a: Volcarona|51\/100|[from] Stealth Rock\n|turn|7\n|\n|t:|1700318180\n|switch|p1a: Greninja|Greninja, M|100\/100\n|move|p2a: Volcarona|Flamethrower|p1a: Greninja\n|-resisted|p1a: Greninja\n|-damage|p1a: Greninja|70\/100\n|\n|upkeep\n|turn|8\n|\n|t:|1700318192\n|move|p1a: Greninja|Water Shuriken|p2a: Volcarona\n|-supereffective|p2a: Volcarona\n|-damage|p2a: Volcarona|36\/100\n|-supereffective|p2a: Volcarona\n|-crit|p2a: Volcarona\n|-damage|p2a: Volcarona|13\/100\n|-supereffective|p2a: Volcarona\n|-damage|p2a: Volcarona|0 fnt\n|faint|p2a: Volcarona\n|-ability|p1a: Greninja|Battle Bond|boost\n|-boost|p1a: Greninja|atk|1\n|-boost|p1a: Greninja|spa|1\n|-boost|p1a: Greninja|spe|1\n|-activate|p1a: Greninja|ability: Battle Bond\n|-hitcount|p2: Volcarona|3\n|-damage|p1a: Greninja|60\/100|[from] item: Life Orb\n|\n|upkeep\n|\n|t:|1700318205\n|switch|p2a: Serperior|Serperior, F|100\/100\n|-damage|p2a: Serperior|88\/100|[from] Stealth Rock\n|turn|9\n|\n|t:|1700318211\n|move|p1a: Greninja|Ice Beam|p2a: Serperior\n|-supereffective|p2a: Serperior\n|-damage|p2a: Serperior|0 fnt\n|faint|p2a: Serperior\n|-damage|p1a: Greninja|50\/100|[from] item: Life Orb\n|\n|upkeep\n|\n|t:|1700318218\n|switch|p2a: Conkeldurr|Conkeldurr, F|100\/100\n|-damage|p2a: Conkeldurr|94\/100|[from] Stealth Rock\n|turn|10\n|\n|t:|1700318222\n|move|p2a: Conkeldurr|Mach Punch|p1a: Greninja\n|-supereffective|p1a: Greninja\n|-damage|p1a: Greninja|0 fnt\n|faint|p1a: Greninja\n|\n|-status|p2a: Conkeldurr|brn|[from] item: Flame Orb\n|upkeep\n|\n|t:|1700318226\n|switch|p1a: Skeledirge|Skeledirge, F, shiny|100\/100\n|turn|11\n|\n|t:|1700318230\n|move|p1a: Skeledirge|Torch Song|p2a: Conkeldurr\n|-damage|p2a: Conkeldurr|54\/100 brn\n|-boost|p1a: Skeledirge|spa|1\n|move|p2a: Conkeldurr|Knock Off|p1a: Skeledirge\n|-supereffective|p1a: Skeledirge\n|-damage|p1a: Skeledirge|35\/100\n|-enditem|p1a: Skeledirge|Leftovers|[from] move: Knock Off|[of] p2a: Conkeldurr\n|\n|-damage|p2a: Conkeldurr|48\/100 brn|[from] brn\n|upkeep\n|turn|12\n|\n|t:|1700318239\n|move|p1a: Skeledirge|Torch Song|p2a: Conkeldurr\n|-damage|p2a: Conkeldurr|0 fnt\n|-boost|p1a: Skeledirge|spa|1\n|faint|p2a: Conkeldurr\n|\n|upkeep\n|\n|t:|1700318245\n|switch|p2a: Excadrill|Excadrill, F|100\/100\n|-damage|p2a: Excadrill|97\/100|[from] Stealth Rock\n|turn|13\n|\n|t:|1700318250\n|switch|p1a: Corviknight|Corviknight, F, shiny|100\/100\n|move|p2a: Excadrill|Earthquake|p1a: Corviknight\n|-immune|p1a: Corviknight\n|\n|upkeep\n|turn|14\n|\n|t:|1700318265\n|switch|p2a: Reuniclus|Reuniclus, F|100\/100\n|move|p1a: Corviknight|Iron Defense|p1a: Corviknight\n|-boost|p1a: Corviknight|def|2\n|\n|upkeep\n|turn|15\n|\n|t:|1700318271\n|move|p1a: Corviknight|Brave Bird|p2a: Reuniclus\n|-damage|p2a: Reuniclus|72\/100\n|-damage|p1a: Corviknight|84\/100|[from] item: Rocky Helmet|[of] p2a: Reuniclus\n|-damage|p1a: Corviknight|74\/100|[from] Recoil\n|move|p2a: Reuniclus|Psyshock|p1a: Corviknight\n|-resisted|p1a: Corviknight\n|-damage|p1a: Corviknight|66\/100\n|\n|upkeep\n|turn|16\n|\n|t:|1700318281\n|switch|p1a: Ting-Lu|Ting-Lu|100\/100\n|-ability|p1a: Ting-Lu|Vessel of Ruin\n|move|p2a: Reuniclus|Focus Blast|p1a: Ting-Lu\n|-supereffective|p1a: Ting-Lu\n|-damage|p1a: Ting-Lu|58\/100\n|\n|-heal|p1a: Ting-Lu|65\/100|[from] item: Leftovers\n|upkeep\n|turn|17\n|\n|t:|1700318292\n|move|p1a: Ting-Lu|Earthquake|p2a: Reuniclus\n|-damage|p2a: Reuniclus|46\/100\n|move|p2a: Reuniclus|Focus Blast|p1a: Ting-Lu|[miss]\n|-miss|p2a: Reuniclus|p1a: Ting-Lu\n|\n|-heal|p1a: Ting-Lu|71\/100|[from] item: Leftovers\n|upkeep\n|turn|18\n|-message|jdblissey forfeited.\n|\n|win|shfeha\n|raw|shfeha's rating: 1149 &rarr; <strong>1168<\/strong><br \/>(+19 for winning)\n|raw|jdblissey's rating: 1060 &rarr; <strong>1046<\/strong><br \/>(-14 for losing)\n|l|\u2606jdblissey\n","uploadtime":1700318303,"views":7,"p1id":"shfeha","p2id":"jdblissey","formatid":"gen9nationaldex","rating":1046,"private":0,"password":""}