{"id":"gen9nationaldex-1988382638","p1":"NidoKyng","p2":"OuoouoouO","format":"[Gen 9] National Dex","log":"|j|\u2606NidoKyng\n|j|\u2606OuoouoouO\n|t:|1699716638\n|gametype|singles\n|player|p1|NidoKyng|nate|1356\n|player|p2|OuoouoouO|elesa|1312\n|teamsize|p1|6\n|teamsize|p2|6\n|gen|9\n|tier|[Gen 9] National Dex\n|rated|\n|rule|HP Percentage Mod: HP is shown in percentages\n|rule|Endless Battle Clause: Forcing endless battles is banned\n|rule|OHKO Clause: OHKO moves are banned\n|rule|Evasion Clause: Evasion abilities, items, and moves are banned\n|rule|Evasion Abilities Clause: Evasion abilities are banned\n|rule|Evasion Items Clause: Evasion items are banned\n|rule|Evasion Moves Clause: Evasion moves are banned\n|rule|Species Clause: Limit one of each Pok\u00e9mon\n|rule|Sleep Clause Mod: Limit one foe put to sleep\n|clearpoke\n|poke|p1|Volcarona, F|\n|poke|p1|Serperior, M|\n|poke|p1|Manaphy|\n|poke|p1|Clefable, F|\n|poke|p1|Skarmory, F|\n|poke|p1|Charizard, F|\n|poke|p2|Ampharos, M|\n|poke|p2|Victini|\n|poke|p2|Iron Valiant|\n|poke|p2|Alakazam, F|\n|poke|p2|Heatran, F|\n|poke|p2|Salamence, M|\n|teampreview\n|inactive|Battle timer is ON: inactive players will automatically lose when time's up. (requested by OuoouoouO)\n|\n|t:|1699716655\n|start\n|switch|p1a: Skarmory|Skarmory, F, shiny|100\/100\n|switch|p2a: Ampharos|Ampharos, M|100\/100\n|turn|1\n|\n|t:|1699716659\n|detailschange|p2a: Ampharos|Ampharos-Mega, M\n|-mega|p2a: Ampharos|Ampharos|Ampharosite\n|-ability|p2a: Ampharos|Mold Breaker\n|move|p1a: Skarmory|Stealth Rock|p2a: Ampharos\n|-sidestart|p2: OuoouoouO|move: Stealth Rock\n|move|p2a: Ampharos|Volt Switch|p1a: Skarmory\n|-supereffective|p1a: Skarmory\n|-damage|p1a: Skarmory|0 fnt\n|faint|p1a: Skarmory\n|\n|t:|1699716667\n|switch|p2a: Iron Valiant|Iron Valiant|100\/100|[from] Volt Switch\n|-damage|p2a: Iron Valiant|94\/100|[from] Stealth Rock\n|-enditem|p2a: Iron Valiant|Booster Energy\n|-activate|p2a: Iron Valiant|ability: Quark Drive|[fromitem]\n|-start|p2a: Iron Valiant|quarkdrivespe\n|\n|upkeep\n|\n|t:|1699716683\n|switch|p1a: Clefable|Clefable, F|100\/100\n|turn|2\n|j| jzhuc1841\n|inactive|NidoKyng has 120 seconds left.\n|inactive|NidoKyng has 90 seconds left.\n|l| jzhuc1841\n|j| dddzdddq\n|\n|t:|1699716754\n|move|p2a: Iron Valiant|Hypnosis|p1a: Clefable\n|-status|p1a: Clefable|slp|[from] move: Hypnosis\n|cant|p1a: Clefable|slp\n|\n|upkeep\n|turn|3\n|l| dddzdddq\n|inactive|OuoouoouO has 120 seconds left.\n|\n|t:|1699716793\n|move|p2a: Iron Valiant|Swords Dance|p2a: Iron Valiant\n|-boost|p2a: Iron Valiant|atk|2\n|cant|p1a: Clefable|slp\n|\n|upkeep\n|turn|4\n|inactive|NidoKyng has 90 seconds left.\n|\n|t:|1699716803\n|-terastallize|p2a: Iron Valiant|Psychic\n|move|p2a: Iron Valiant|Psycho Cut|p1a: Clefable\n|-damage|p1a: Clefable|62\/100 slp\n|-curestatus|p1a: Clefable|slp|[msg]\n|move|p1a: Clefable|Encore|p2a: Iron Valiant\n|-start|p2a: Iron Valiant|Encore\n|\n|upkeep\n|turn|5\n|inactive|OuoouoouO has 120 seconds left.\n|j| southeast sirius\n|\n|t:|1699716815\n|move|p2a: Iron Valiant|Psycho Cut|p1a: Clefable\n|-damage|p1a: Clefable|18\/100\n|move|p1a: Clefable|Moonlight|p1a: Clefable\n|-heal|p1a: Clefable|68\/100\n|\n|upkeep\n|turn|6\n|\n|t:|1699716821\n|move|p2a: Iron Valiant|Psycho Cut|p1a: Clefable\n|-damage|p1a: Clefable|28\/100\n|move|p1a: Clefable|Moonlight|p1a: Clefable\n|-heal|p1a: Clefable|78\/100\n|\n|upkeep\n|turn|7\n|j| ggeennggaarr\n|inactive|OuoouoouO has 120 seconds left.\n|\n|t:|1699716839\n|-end|p2a: Iron Valiant|Quark Drive|[silent]\n|switch|p2a: Heatran|Heatran, F|100\/100\n|-damage|p2a: Heatran|88\/100|[from] Stealth Rock\n|move|p1a: Clefable|Cosmic Power|p1a: Clefable\n|-boost|p1a: Clefable|def|1\n|-boost|p1a: Clefable|spd|1\n|\n|-heal|p2a: Heatran|94\/100|[from] item: Leftovers\n|upkeep\n|turn|8\n|j| lizhengwei\n|l| ggeennggaarr\n|\n|t:|1699716859\n|switch|p1a: Manaphy|Manaphy, shiny|100\/100\n|move|p2a: Heatran|Magma Storm|p1a: Manaphy\n|-resisted|p1a: Manaphy\n|-damage|p1a: Manaphy|81\/100\n|-activate|p1a: Manaphy|move: Magma Storm|[of] p2a: Heatran\n|\n|-heal|p1a: Manaphy|87\/100|[from] item: Leftovers\n|-heal|p2a: Heatran|100\/100|[from] item: Leftovers\n|-damage|p1a: Manaphy|75\/100|[from] move: Magma Storm|[partiallytrapped]\n|upkeep\n|turn|9\n|\n|t:|1699716870\n|switch|p2a: Salamence|Salamence, M|100\/100\n|-damage|p2a: Salamence|76\/100|[from] Stealth Rock\n|-ability|p2a: Salamence|Intimidate|boost\n|-unboost|p1a: Manaphy|atk|1\n|move|p1a: Manaphy|Take Heart|p1a: Manaphy\n|-boost|p1a: Manaphy|spa|1\n|-boost|p1a: Manaphy|spd|1\n|\n|-heal|p1a: Manaphy|81\/100|[from] item: Leftovers\n|-end|p1a: Manaphy|Magma Storm|[partiallytrapped]|[silent]\n|upkeep\n|turn|10\n|\n|t:|1699716874\n|move|p2a: Salamence|Hurricane|p1a: Manaphy\n|-crit|p1a: Manaphy\n|-damage|p1a: Manaphy|0 fnt\n|faint|p1a: Manaphy\n|\n|upkeep\n|\n|t:|1699716882\n|switch|p1a: Volcarona|Volcarona, F, shiny|100\/100\n|turn|11\n|l| southeast sirius\n|j| southeast sirius\n|l| lizhengwei\n|\n|t:|1699716899\n|move|p2a: Salamence|Hurricane|p1a: Volcarona\n|-supereffective|p1a: Volcarona\n|-damage|p1a: Volcarona|0 fnt\n|faint|p1a: Volcarona\n|\n|upkeep\n|\n|t:|1699716904\n|switch|p1a: Clefable|Clefable, F|78\/100\n|turn|12\n|\n|t:|1699716907\n|move|p2a: Salamence|Hurricane|p1a: Clefable\n|-damage|p1a: Clefable|24\/100\n|move|p1a: Clefable|Cosmic Power|p1a: Clefable\n|-boost|p1a: Clefable|def|1\n|-boost|p1a: Clefable|spd|1\n|\n|upkeep\n|turn|13\n|\n|t:|1699716910\n|move|p2a: Salamence|Hurricane|p1a: Clefable\n|-damage|p1a: Clefable|0 fnt\n|faint|p1a: Clefable\n|\n|upkeep\n|\n|t:|1699716913\n|switch|p1a: Serperior|Serperior, M, shiny|100\/100\n|turn|14\n|\n|t:|1699716916\n|-terastallize|p1a: Serperior|Dragon\n|move|p1a: Serperior|Dragon Pulse|p2a: Salamence\n|-supereffective|p2a: Salamence\n|-damage|p2a: Salamence|0 fnt\n|faint|p2a: Salamence\n|\n|upkeep\n|\n|t:|1699716932\n|switch|p2a: Alakazam|Alakazam, F|100\/100\n|turn|15\n|\n|t:|1699716935\n|move|p2a: Alakazam|Zap Cannon|p1a: Serperior\n|-resisted|p1a: Serperior\n|-damage|p1a: Serperior|66\/100\n|-status|p1a: Serperior|par\n|move|p1a: Serperior|Leaf Storm|p2a: Alakazam|[miss]\n|-miss|p1a: Serperior|p2a: Alakazam\n|\n|upkeep\n|turn|16\n|\n|t:|1699716938\n|move|p2a: Alakazam|Psychic|p1a: Serperior\n|-damage|p1a: Serperior|0 fnt\n|faint|p1a: Serperior\n|\n|upkeep\n|\n|t:|1699716942\n|switch|p1a: Charizard|Charizard, F, shiny|100\/100\n|turn|17\n|\n|t:|1699716956\n|detailschange|p1a: Charizard|Charizard-Mega-X, F, shiny\n|-mega|p1a: Charizard|Charizard|Charizardite X\n|move|p2a: Alakazam|Zap Cannon|p1a: Charizard\n|-resisted|p1a: Charizard\n|-damage|p1a: Charizard|61\/100\n|-status|p1a: Charizard|par\n|move|p1a: Charizard|Dragon Dance|p1a: Charizard\n|-boost|p1a: Charizard|atk|1\n|-boost|p1a: Charizard|spe|1\n|\n|upkeep\n|turn|18\n|c|\u2606NidoKyng|gg man\n|\n|t:|1699716963\n|move|p2a: Alakazam|Psychic|p1a: Charizard\n|-damage|p1a: Charizard|0 fnt\n|faint|p1a: Charizard\n|\n|win|OuoouoouO\n|raw|NidoKyng's rating: 1356 &rarr; <strong>1333<\/strong><br \/>(-23 for losing)\n|raw|OuoouoouO's rating: 1312 &rarr; <strong>1335<\/strong><br \/>(+23 for winning)\n|l|\u2606NidoKyng\n","uploadtime":1699716987,"views":10,"p1id":"nidokyng","p2id":"ouoouoouo","formatid":"gen9nationaldex","rating":1333,"private":0,"password":""}