{"id":"gen9nationaldex-1987956381","p1":"KingoftheTitans","p2":"jim gengar","format":"[Gen 9] National Dex","log":"|j|\u2606KingoftheTitans\n|j|\u2606jim gengar\n|t:|1699652944\n|gametype|singles\n|player|p1|KingoftheTitans|2|1480\n|player|p2|jim gengar|steven-masters|1584\n|teamsize|p1|6\n|teamsize|p2|6\n|gen|9\n|tier|[Gen 9] National Dex\n|rated|\n|rule|HP Percentage Mod: HP is shown in percentages\n|rule|Endless Battle Clause: Forcing endless battles is banned\n|rule|OHKO Clause: OHKO moves are banned\n|rule|Evasion Clause: Evasion abilities, items, and moves are banned\n|rule|Evasion Abilities Clause: Evasion abilities are banned\n|rule|Evasion Items Clause: Evasion items are banned\n|rule|Evasion Moves Clause: Evasion moves are banned\n|rule|Species Clause: Limit one of each Pok\u00e9mon\n|rule|Sleep Clause Mod: Limit one foe put to sleep\n|clearpoke\n|poke|p1|Snorlax, M|\n|poke|p1|Dragonite, F|\n|poke|p1|Gyarados, F|\n|poke|p1|Gengar, M|\n|poke|p1|Blastoise, M|\n|poke|p1|Alakazam, M|\n|poke|p2|Excadrill, M|\n|poke|p2|Thundurus-Therian, M|\n|poke|p2|Tyranitar, F|\n|poke|p2|Zamazenta-*|\n|poke|p2|Tapu Fini|\n|poke|p2|Tangrowth, F|\n|teampreview\n|\n|t:|1699652959\n|start\n|switch|p1a: Blastoise|Blastoise, M|100\/100\n|switch|p2a: Tyranitar|Tyranitar, F, shiny|100\/100\n|-weather|Sandstorm|[from] ability: Sand Stream|[of] p2a: Tyranitar\n|turn|1\n|\n|t:|1699652972\n|detailschange|p2a: Tyranitar|Tyranitar-Mega, F, shiny\n|-mega|p2a: Tyranitar|Tyranitar|Tyranitarite\n|move|p2a: Tyranitar|Knock Off|p1a: Blastoise\n|-damage|p1a: Blastoise|38\/100\n|-enditem|p1a: Blastoise|Assault Vest|[from] move: Knock Off|[of] p2a: Tyranitar\n|move|p1a: Blastoise|Scald|p2a: Tyranitar\n|-supereffective|p2a: Tyranitar\n|-damage|p2a: Tyranitar|67\/100\n|\n|-weather|Sandstorm|[upkeep]\n|-damage|p1a: Blastoise|32\/100|[from] Sandstorm\n|upkeep\n|turn|2\n|\n|t:|1699652983\n|move|p2a: Tyranitar|Pursuit|p1a: Blastoise\n|-damage|p1a: Blastoise|5\/100\n|move|p1a: Blastoise|Flip Turn|p2a: Tyranitar\n|-supereffective|p2a: Tyranitar\n|-damage|p2a: Tyranitar|38\/100\n|inactive|Battle timer is ON: inactive players will automatically lose when time's up. (requested by jim gengar)\n|inactive|KingoftheTitans has 120 seconds left.\n|\n|t:|1699653087\n|switch|p1a: Snorlax|Snorlax, M|100\/100|[from] Flip Turn\n|\n|-weather|Sandstorm|[upkeep]\n|-damage|p1a: Snorlax|94\/100|[from] Sandstorm\n|upkeep\n|turn|3\n|\n|t:|1699653094\n|move|p2a: Tyranitar|Knock Off|p1a: Snorlax\n|-damage|p1a: Snorlax|37\/100\n|-enditem|p1a: Snorlax|Aguav Berry|[from] move: Knock Off|[of] p2a: Tyranitar\n|move|p1a: Snorlax|Earthquake|p2a: Tyranitar\n|-supereffective|p2a: Tyranitar\n|-damage|p2a: Tyranitar|0 fnt\n|faint|p2a: Tyranitar\n|\n|-weather|Sandstorm|[upkeep]\n|-damage|p1a: Snorlax|31\/100|[from] Sandstorm\n|upkeep\n|\n|t:|1699653097\n|switch|p2a: Excadrill|Excadrill, M|100\/100\n|turn|4\n|\n|t:|1699653108\n|move|p2a: Excadrill|Swords Dance|p2a: Excadrill\n|-boost|p2a: Excadrill|atk|2\n|move|p1a: Snorlax|Earthquake|p2a: Excadrill\n|-supereffective|p2a: Excadrill\n|-damage|p2a: Excadrill|3\/100\n|\n|-weather|Sandstorm|[upkeep]\n|-damage|p1a: Snorlax|25\/100|[from] Sandstorm\n|upkeep\n|turn|5\n|inactive|KingoftheTitans has 120 seconds left.\n|\n|t:|1699653164\n|move|p2a: Excadrill|Iron Head|p1a: Snorlax\n|-damage|p1a: Snorlax|0 fnt\n|faint|p1a: Snorlax\n|\n|-weather|none\n|upkeep\n|\n|t:|1699653170\n|switch|p1a: Dragonite|Dragonite, F|100\/100\n|turn|6\n|\n|t:|1699653174\n|-zpower|p2a: Excadrill\n|move|p2a: Excadrill|Corkscrew Crash|p1a: Dragonite|[zeffect]\n|-damage|p1a: Dragonite|14\/100\n|move|p1a: Dragonite|Dragon Dance|p1a: Dragonite\n|-boost|p1a: Dragonite|atk|1\n|-boost|p1a: Dragonite|spe|1\n|\n|-heal|p1a: Dragonite|20\/100|[from] item: Leftovers\n|upkeep\n|turn|7\n|\n|t:|1699653187\n|move|p1a: Dragonite|Extreme Speed|p2a: Excadrill\n|-resisted|p2a: Excadrill\n|-damage|p2a: Excadrill|0 fnt\n|faint|p2a: Excadrill\n|\n|-heal|p1a: Dragonite|26\/100|[from] item: Leftovers\n|upkeep\n|\n|t:|1699653194\n|switch|p2a: Tapu Fini|Tapu Fini, shiny|100\/100\n|-fieldstart|move: Misty Terrain|[from] ability: Misty Surge|[of] p2a: Tapu Fini\n|turn|8\n|\n|t:|1699653200\n|move|p2a: Tapu Fini|Moonblast|p1a: Dragonite\n|-supereffective|p1a: Dragonite\n|-damage|p1a: Dragonite|0 fnt\n|faint|p1a: Dragonite\n|\n|upkeep\n|inactive|KingoftheTitans has 120 seconds left.\n|\n|t:|1699653207\n|switch|p1a: Gengar|Gengar, M|100\/100\n|turn|9\n|\n|t:|1699653215\n|switch|p2a: Tangrowth|Tangrowth, F, shiny|100\/100\n|move|p1a: Gengar|Sludge Bomb|p2a: Tangrowth\n|-supereffective|p2a: Tangrowth\n|-damage|p2a: Tangrowth|41\/100\n|\n|upkeep\n|turn|10\n|\n|t:|1699653222\n|-terastallize|p2a: Tangrowth|Steel\n|move|p1a: Gengar|Sludge Bomb|p2a: Tangrowth\n|-immune|p2a: Tangrowth\n|move|p2a: Tangrowth|Knock Off|p1a: Gengar\n|-supereffective|p1a: Gengar\n|-damage|p1a: Gengar|12\/100\n|-enditem|p1a: Gengar|Focus Sash|[from] move: Knock Off|[of] p2a: Tangrowth\n|\n|upkeep\n|turn|11\n|\n|t:|1699653232\n|move|p1a: Gengar|Focus Blast|p2a: Tangrowth\n|-supereffective|p2a: Tangrowth\n|-damage|p2a: Tangrowth|0 fnt\n|faint|p2a: Tangrowth\n|\n|upkeep\n|\n|t:|1699653235\n|switch|p2a: Tapu Fini|Tapu Fini, shiny|100\/100\n|turn|12\n|\n|t:|1699653241\n|move|p2a: Tapu Fini|Moonblast|p1a: Gengar\n|-resisted|p1a: Gengar\n|-damage|p1a: Gengar|0 fnt\n|faint|p1a: Gengar\n|\n|-fieldend|Misty Terrain\n|upkeep\n|\n|t:|1699653248\n|switch|p1a: Alakazam|Alakazam, M|100\/100\n|turn|13\n|inactive|jim gengar has 120 seconds left.\n|\n|t:|1699653307\n|move|p2a: Tapu Fini|Moonblast|p1a: Alakazam\n|-damage|p1a: Alakazam|53\/100\n|move|p1a: Alakazam|Psychic|p2a: Tapu Fini\n|-crit|p2a: Tapu Fini\n|-damage|p2a: Tapu Fini|4\/100\n|\n|upkeep\n|turn|14\n|\n|t:|1699653318\n|switch|p2a: Thundurus|Thundurus-Therian, M|100\/100\n|move|p1a: Alakazam|Psychic|p2a: Thundurus\n|-damage|p2a: Thundurus|8\/100\n|\n|upkeep\n|turn|15\n|\n|t:|1699653323\n|move|p1a: Alakazam|Psychic|p2a: Thundurus\n|-damage|p2a: Thundurus|0 fnt\n|faint|p2a: Thundurus\n|\n|upkeep\n|\n|t:|1699653325\n|switch|p2a: Zamazenta|Zamazenta|100\/100\n|-ability|p2a: Zamazenta|Dauntless Shield|boost\n|-boost|p2a: Zamazenta|def|1\n|turn|16\n|inactive|jim gengar has 120 seconds left.\n|\n|t:|1699653332\n|move|p2a: Zamazenta|Heavy Slam|p1a: Alakazam\n|-damage|p1a: Alakazam|0 fnt\n|faint|p1a: Alakazam\n|\n|upkeep\n|\n|t:|1699653337\n|switch|p1a: Blastoise|Blastoise, M|5\/100\n|turn|17\n|\n|t:|1699653340\n|move|p2a: Zamazenta|Substitute|p2a: Zamazenta\n|-start|p2a: Zamazenta|Substitute\n|-damage|p2a: Zamazenta|75\/100\n|move|p1a: Blastoise|Scald|p2a: Zamazenta\n|-end|p2a: Zamazenta|Substitute\n|\n|-heal|p2a: Zamazenta|82\/100|[from] item: Leftovers\n|upkeep\n|turn|18\n|\n|t:|1699653347\n|move|p2a: Zamazenta|Body Press|p1a: Blastoise\n|-damage|p1a: Blastoise|0 fnt\n|faint|p1a: Blastoise\n|\n|-heal|p2a: Zamazenta|88\/100|[from] item: Leftovers\n|upkeep\n|\n|t:|1699653352\n|switch|p1a: Gyarados|Gyarados, F, shiny|100\/100\n|-ability|p1a: Gyarados|Intimidate|boost\n|-unboost|p2a: Zamazenta|atk|1\n|turn|19\n|\n|t:|1699653359\n|detailschange|p1a: Gyarados|Gyarados-Mega, F, shiny\n|-mega|p1a: Gyarados|Gyarados|Gyaradosite\n|-ability|p1a: Gyarados|Mold Breaker\n|move|p2a: Zamazenta|Iron Defense|p2a: Zamazenta\n|-boost|p2a: Zamazenta|def|2\n|move|p1a: Gyarados|Dragon Dance|p1a: Gyarados\n|-boost|p1a: Gyarados|atk|1\n|-boost|p1a: Gyarados|spe|1\n|\n|-heal|p2a: Zamazenta|94\/100|[from] item: Leftovers\n|upkeep\n|turn|20\n|\n|t:|1699653368\n|move|p1a: Gyarados|Waterfall|p2a: Zamazenta\n|-damage|p2a: Zamazenta|71\/100\n|move|p2a: Zamazenta|Body Press|p1a: Gyarados\n|-supereffective|p1a: Gyarados\n|-damage|p1a: Gyarados|0 fnt\n|faint|p1a: Gyarados\n|\n|win|jim gengar\n|raw|KingoftheTitans's rating: 1480 &rarr; <strong>1466<\/strong><br \/>(-14 for losing)\n|raw|jim gengar's rating: 1584 &rarr; <strong>1598<\/strong><br \/>(+14 for winning)\n|c|\u2606KingoftheTitans|gg\n|c|\u2606jim gengar|gg\n|l|\u2606jim gengar\n","uploadtime":1699653379,"views":22,"p1id":"kingofthetitans","p2id":"jimgengar","formatid":"gen9nationaldex","rating":1466,"private":0,"password":""}