{"id":"gen9nationaldex-1988932495","p1":"Xy1n","p2":"grass knot zygarde","format":"[Gen 9] National Dex","log":"|j|\u2606Xy1n\n|j|\u2606grass knot zygarde\n|t:|1699790214\n|gametype|singles\n|player|p1|Xy1n|marlon|\n|player|p2|grass knot zygarde|dawn|\n|teamsize|p1|6\n|teamsize|p2|6\n|gen|9\n|tier|[Gen 9] National Dex\n|rule|HP Percentage Mod: HP is shown in percentages\n|rule|Endless Battle Clause: Forcing endless battles is banned\n|rule|OHKO Clause: OHKO moves are banned\n|rule|Evasion Clause: Evasion abilities, items, and moves are banned\n|rule|Evasion Abilities Clause: Evasion abilities are banned\n|rule|Evasion Items Clause: Evasion items are banned\n|rule|Evasion Moves Clause: Evasion moves are banned\n|rule|Species Clause: Limit one of each Pok\u00e9mon\n|rule|Sleep Clause Mod: Limit one foe put to sleep\n|clearpoke\n|poke|p1|Lopunny, F|\n|poke|p1|Tornadus-Therian, M|\n|poke|p1|Ting-Lu|\n|poke|p1|Heatran, F|\n|poke|p1|Blacephalon|\n|poke|p1|Rotom-Wash|\n|poke|p2|Sableye, M|\n|poke|p2|Toxapex, M|\n|poke|p2|Dondozo, F|\n|poke|p2|Corviknight, F|\n|poke|p2|Gliscor, F|\n|poke|p2|Blissey, F|\n|teampreview\n|inactive|Battle timer is ON: inactive players will automatically lose when time's up. (requested by grass knot zygarde)\n|inactive|Xy1n has 270 seconds left.\n|inactive|grass knot zygarde has 270 seconds left.\n|c|\u2606grass knot zygarde|i hoping for it to not be a heatran matchup\n|c|\u2606grass knot zygarde|and what do i find\n|c|\u2606grass knot zygarde|a heatran matchup\n|c|\u2606Xy1n|lets be honest\n|\n|t:|1699790267\n|start\n|switch|p1a: Rotom|Rotom-Wash|100\/100\n|switch|p2a: Gliscor|Gliscor, F, shiny|100\/100\n|turn|1\n|c|\u2606Xy1n|ur still gonna win\n|\n|t:|1699790276\n|move|p2a: Gliscor|Protect|p2a: Gliscor\n|-singleturn|p2a: Gliscor|Protect\n|move|p1a: Rotom|Will-O-Wisp|p2a: Gliscor\n|-activate|p2a: Gliscor|move: Protect\n|\n|-status|p2a: Gliscor|tox|[from] item: Toxic Orb\n|upkeep\n|turn|2\n|c|\u2606grass knot zygarde|no\n|\n|t:|1699790297\n|switch|p2a: Blissey|Blissey, F|100\/100\n|move|p1a: Rotom|Protect||[still]\n|-fail|p1a: Rotom\n|\n|upkeep\n|turn|3\n|\n|t:|1699790301\n|move|p1a: Rotom|Volt Switch|p2a: Blissey\n|-damage|p2a: Blissey|93\/100\n|inactive|Xy1n has 270 seconds left.\n|\n|t:|1699790337\n|switch|p1a: Lopunny|Lopunny, F|100\/100|[from] Volt Switch\n|move|p2a: Blissey|Stealth Rock|p1a: Lopunny\n|-sidestart|p1: Xy1n|move: Stealth Rock\n|\n|upkeep\n|turn|4\n|\n|t:|1699790342\n|switch|p2a: Gliscor|Gliscor, F, shiny|100\/100 tox\n|move|p1a: Lopunny|Fake Out|p2a: Gliscor\n|-damage|p2a: Gliscor|92\/100 tox\n|\n|-heal|p2a: Gliscor|100\/100 tox|[from] ability: Poison Heal\n|upkeep\n|turn|5\n|\n|t:|1699790348\n|move|p1a: Lopunny|U-turn|p2a: Gliscor\n|-resisted|p2a: Gliscor\n|-damage|p2a: Gliscor|95\/100 tox\n|inactive|Xy1n has 270 seconds left.\n|\n|t:|1699790374\n|switch|p1a: Rotom|Rotom-Wash|100\/100|[from] U-turn\n|-damage|p1a: Rotom|88\/100|[from] Stealth Rock\n|move|p2a: Gliscor|Knock Off|p1a: Rotom\n|-damage|p1a: Rotom|69\/100\n|-enditem|p1a: Rotom|Leftovers|[from] move: Knock Off|[of] p2a: Gliscor\n|\n|-heal|p2a: Gliscor|100\/100 tox|[from] ability: Poison Heal\n|upkeep\n|turn|6\n|\n|t:|1699790386\n|switch|p2a: Blissey|Blissey, F|93\/100\n|move|p1a: Rotom|Hydro Pump|p2a: Blissey\n|-damage|p2a: Blissey|80\/100\n|\n|upkeep\n|turn|7\n|inactive|Xy1n has 270 seconds left.\n|\n|t:|1699790396\n|move|p1a: Rotom|Volt Switch|p2a: Blissey\n|-damage|p2a: Blissey|73\/100\n|\n|t:|1699790401\n|switch|p1a: Ting-Lu|Ting-Lu|100\/100|[from] Volt Switch\n|-damage|p1a: Ting-Lu|94\/100|[from] Stealth Rock\n|-ability|p1a: Ting-Lu|Vessel of Ruin\n|move|p2a: Blissey|Seismic Toss|p1a: Ting-Lu\n|-damage|p1a: Ting-Lu|75\/100\n|\n|-heal|p1a: Ting-Lu|81\/100|[from] item: Leftovers\n|upkeep\n|turn|8\n|\n|t:|1699790406\n|switch|p2a: Sableye|Sableye, M, shiny|100\/100\n|move|p1a: Ting-Lu|Whirlwind|p2a: Sableye\n|drag|p2a: Corviknight|Corviknight, F|100\/100\n|-ability|p2a: Corviknight|Pressure\n|\n|-heal|p1a: Ting-Lu|87\/100|[from] item: Leftovers\n|upkeep\n|turn|9\n|\n|t:|1699790414\n|switch|p2a: Sableye|Sableye, M, shiny|100\/100\n|move|p1a: Ting-Lu|Spikes|p2a: Sableye\n|-sidestart|p2: grass knot zygarde|Spikes\n|\n|-heal|p1a: Ting-Lu|93\/100|[from] item: Leftovers\n|upkeep\n|turn|10\n|\n|t:|1699790417\n|detailschange|p2a: Sableye|Sableye-Mega, M, shiny\n|-mega|p2a: Sableye|Sableye|Sablenite\n|move|p1a: Ting-Lu|Ruination|p2a: Sableye\n|-damage|p2a: Sableye|51\/100\n|move|p2a: Sableye|Will-O-Wisp|p1a: Ting-Lu\n|-status|p1a: Ting-Lu|brn\n|\n|-heal|p1a: Ting-Lu|99\/100 brn|[from] item: Leftovers\n|-damage|p1a: Ting-Lu|93\/100 brn|[from] brn\n|upkeep\n|turn|11\n|\n|t:|1699790425\n|move|p2a: Sableye|Recover|p2a: Sableye\n|-heal|p2a: Sableye|100\/100\n|move|p1a: Ting-Lu|Whirlwind|p2a: Sableye\n|move|p2a: Sableye|Whirlwind|p1a: Ting-Lu|[from]ability: Magic Bounce\n|drag|p1a: Blacephalon|Blacephalon|100\/100\n|-damage|p1a: Blacephalon|76\/100|[from] Stealth Rock\n|\n|upkeep\n|turn|12\n|c|\u2606Xy1n|oh\n|\n|t:|1699790440\n|move|p1a: Blacephalon|Shadow Ball|p2a: Sableye\n|-damage|p2a: Sableye|51\/100\n|-unboost|p2a: Sableye|spd|1\n|move|p2a: Sableye|Foul Play|p1a: Blacephalon\n|-supereffective|p1a: Blacephalon\n|-damage|p1a: Blacephalon|0 fnt\n|faint|p1a: Blacephalon\n|\n|upkeep\n|\n|t:|1699790449\n|switch|p1a: Lopunny|Lopunny, F|100\/100\n|-damage|p1a: Lopunny|88\/100|[from] Stealth Rock\n|turn|13\n|\n|t:|1699790453\n|switch|p2a: Gliscor|Gliscor, F, shiny|100\/100 tox\n|detailschange|p1a: Lopunny|Lopunny-Mega, F\n|-mega|p1a: Lopunny|Lopunny|Lopunnite\n|move|p1a: Lopunny|Fake Out|p2a: Gliscor\n|-damage|p2a: Gliscor|86\/100 tox\n|\n|-heal|p2a: Gliscor|99\/100 tox|[from] ability: Poison Heal\n|upkeep\n|turn|14\n|\n|t:|1699790478\n|move|p1a: Lopunny|U-turn|p2a: Gliscor\n|-resisted|p2a: Gliscor\n|-damage|p2a: Gliscor|91\/100 tox\n|\n|t:|1699790485\n|switch|p1a: Rotom|Rotom-Wash|69\/100|[from] U-turn\n|-damage|p1a: Rotom|56\/100|[from] Stealth Rock\n|move|p2a: Gliscor|Spikes|p1a: Rotom\n|-sidestart|p1: Xy1n|Spikes\n|\n|-heal|p2a: Gliscor|100\/100 tox|[from] ability: Poison Heal\n|upkeep\n|turn|15\n|\n|t:|1699790491\n|switch|p2a: Blissey|Blissey, F|73\/100\n|move|p1a: Rotom|Volt Switch|p2a: Blissey\n|-damage|p2a: Blissey|65\/100\n|\n|t:|1699790499\n|switch|p1a: Heatran|Heatran, F|100\/100|[from] Volt Switch\n|-damage|p1a: Heatran|88\/100|[from] Stealth Rock\n|-damage|p1a: Heatran|76\/100|[from] Spikes\n|\n|-heal|p1a: Heatran|82\/100|[from] item: Leftovers\n|upkeep\n|turn|16\n|\n|t:|1699790505\n|switch|p2a: idk who that is|Dondozo, F, shiny|100\/100\n|-terastallize|p1a: Heatran|Fire\n|move|p1a: Heatran|Magma Storm|p2a: idk who that is\n|-resisted|p2a: idk who that is\n|-damage|p2a: idk who that is|67\/100\n|-activate|p2a: idk who that is|move: Magma Storm|[of] p1a: Heatran\n|\n|-heal|p1a: Heatran|88\/100|[from] item: Leftovers\n|-damage|p2a: idk who that is|55\/100|[from] move: Magma Storm|[partiallytrapped]\n|upkeep\n|turn|17\n|\n|t:|1699790511\n|move|p1a: Heatran|Taunt|p2a: idk who that is\n|-start|p2a: idk who that is|move: Taunt\n|move|p2a: idk who that is|Liquidation|p1a: Heatran\n|-supereffective|p1a: Heatran\n|-damage|p1a: Heatran|24\/100\n|\n|-heal|p1a: Heatran|31\/100|[from] item: Leftovers\n|-damage|p2a: idk who that is|42\/100|[from] move: Magma Storm|[partiallytrapped]\n|upkeep\n|turn|18\n|\n|t:|1699790517\n|switch|p1a: Rotom|Rotom-Wash|56\/100\n|-damage|p1a: Rotom|44\/100|[from] Stealth Rock\n|move|p2a: idk who that is|Liquidation|p1a: Rotom\n|-resisted|p1a: Rotom\n|-damage|p1a: Rotom|32\/100\n|\n|-end|p2a: idk who that is|Magma Storm|[partiallytrapped]|[silent]\n|upkeep\n|turn|19\n|c|\u2606grass knot zygarde|trying to brute force ur way thru really aint it\n|\n|t:|1699790540\n|switch|p2a: Blissey|Blissey, F|65\/100\n|move|p1a: Rotom|Will-O-Wisp|p2a: Blissey\n|-status|p2a: Blissey|brn\n|\n|-damage|p2a: Blissey|59\/100 brn|[from] brn\n|upkeep\n|turn|20\n|\n|t:|1699790555\n|move|p1a: Rotom|Protect|p1a: Rotom\n|-singleturn|p1a: Rotom|Protect\n|move|p2a: Blissey|Soft-Boiled|p2a: Blissey\n|-heal|p2a: Blissey|100\/100 brn\n|\n|-damage|p2a: Blissey|94\/100 brn|[from] brn\n|upkeep\n|turn|21\n|c|\u2606grass knot zygarde|u basically just let me damage the biggest threat to my team\n|\n|t:|1699790564\n|move|p1a: Rotom|Volt Switch|p2a: Blissey\n|-damage|p2a: Blissey|86\/100 brn\n|\n|t:|1699790590\n|switch|p1a: Ting-Lu|Ting-Lu|93\/100 brn|[from] Volt Switch\n|-damage|p1a: Ting-Lu|87\/100 brn|[from] Stealth Rock\n|-damage|p1a: Ting-Lu|75\/100 brn|[from] Spikes\n|-ability|p1a: Ting-Lu|Vessel of Ruin\n|move|p2a: Blissey|Seismic Toss|p1a: Ting-Lu\n|-damage|p1a: Ting-Lu|55\/100 brn\n|\n|-heal|p1a: Ting-Lu|62\/100 brn|[from] item: Leftovers\n|-damage|p2a: Blissey|80\/100 brn|[from] brn\n|-damage|p1a: Ting-Lu|55\/100 brn|[from] brn\n|upkeep\n|turn|22\n|\n|t:|1699790601\n|-curestatus|p2a: Blissey|brn|[from] ability: Natural Cure\n|switch|p2a: Sableye|Sableye-Mega, M, shiny|51\/100\n|-damage|p2a: Sableye|39\/100|[from] Spikes\n|move|p1a: Ting-Lu|Spikes|p2a: Sableye\n|move|p2a: Sableye|Spikes|p1a: Ting-Lu|[from]ability: Magic Bounce\n|-sidestart|p1: Xy1n|Spikes\n|\n|-heal|p1a: Ting-Lu|62\/100 brn|[from] item: Leftovers\n|-damage|p1a: Ting-Lu|55\/100 brn|[from] brn\n|upkeep\n|turn|23\n|c|\u2606Xy1n|bro\n|c|\u2606Xy1n|stop u sing stall\n|c|\u2606Xy1n|im gonna cry\n|\n|t:|1699790609\n|move|p1a: Ting-Lu|Ruination|p2a: Sableye\n|-damage|p2a: Sableye|20\/100\n|move|p2a: Sableye|Recover|p2a: Sableye\n|-heal|p2a: Sableye|70\/100\n|\n|-heal|p1a: Ting-Lu|62\/100 brn|[from] item: Leftovers\n|-damage|p1a: Ting-Lu|55\/100 brn|[from] brn\n|upkeep\n|turn|24\n|\n|t:|1699790613\n|move|p2a: Sableye|Foul Play|p1a: Ting-Lu\n|-resisted|p1a: Ting-Lu\n|-damage|p1a: Ting-Lu|46\/100 brn\n|move|p1a: Ting-Lu|Whirlwind|p2a: Sableye\n|move|p2a: Sableye|Whirlwind|p1a: Ting-Lu|[from]ability: Magic Bounce\n|drag|p1a: Rotom|Rotom-Wash|32\/100\n|-damage|p1a: Rotom|20\/100|[from] Stealth Rock\n|\n|upkeep\n|turn|25\n|c|\u2606grass knot zygarde|i dont really wanna stop tho\n|\n|t:|1699790629\n|switch|p2a: Blissey|Blissey, F|80\/100\n|move|p1a: Rotom|Hydro Pump|p2a: Blissey|[miss]\n|-miss|p1a: Rotom|p2a: Blissey\n|\n|upkeep\n|turn|26\n|\n|t:|1699790652\n|move|p1a: Rotom|Hydro Pump|p2a: Blissey\n|-damage|p2a: Blissey|68\/100\n|move|p2a: Blissey|Seismic Toss|p1a: Rotom\n|-damage|p1a: Rotom|0 fnt\n|faint|p1a: Rotom\n|\n|upkeep\n|\n|t:|1699790657\n|switch|p1a: Heatran|Heatran, F, tera:Fire|31\/100\n|-damage|p1a: Heatran|6\/100|[from] Stealth Rock\n|-damage|p1a: Heatran|0 fnt|[from] Spikes\n|faint|p1a: Heatran\n|\n|t:|1699790660\n|switch|p1a: Ting-Lu|Ting-Lu|46\/100 brn\n|-damage|p1a: Ting-Lu|40\/100 brn|[from] Stealth Rock\n|-damage|p1a: Ting-Lu|23\/100 brn|[from] Spikes\n|-ability|p1a: Ting-Lu|Vessel of Ruin\n|turn|27\n|c|\u2606grass knot zygarde|amazing\n|\n|t:|1699790669\n|switch|p2a: Sableye|Sableye-Mega, M, shiny|70\/100\n|-damage|p2a: Sableye|58\/100|[from] Spikes\n|move|p1a: Ting-Lu|Earthquake|p2a: Sableye\n|-damage|p2a: Sableye|44\/100\n|\n|-heal|p1a: Ting-Lu|30\/100 brn|[from] item: Leftovers\n|-damage|p1a: Ting-Lu|23\/100 brn|[from] brn\n|upkeep\n|turn|28\n|c|\u2606Xy1n|i really wanna kill myself right now\n|\n|t:|1699790674\n|move|p1a: Ting-Lu|Ruination|p2a: Sableye|[miss]\n|-miss|p1a: Ting-Lu|p2a: Sableye\n|move|p2a: Sableye|Recover|p2a: Sableye\n|-heal|p2a: Sableye|94\/100\n|\n|-heal|p1a: Ting-Lu|30\/100 brn|[from] item: Leftovers\n|-damage|p1a: Ting-Lu|23\/100 brn|[from] brn\n|upkeep\n|turn|29\n|\n|t:|1699790678\n|move|p2a: Sableye|Foul Play|p1a: Ting-Lu\n|-resisted|p1a: Ting-Lu\n|-damage|p1a: Ting-Lu|13\/100 brn\n|move|p1a: Ting-Lu|Whirlwind|p2a: Sableye\n|move|p2a: Sableye|Whirlwind|p1a: Ting-Lu|[from]ability: Magic Bounce\n|drag|p1a: Lopunny|Lopunny-Mega, F|88\/100\n|-damage|p1a: Lopunny|82\/100|[from] Stealth Rock\n|-damage|p1a: Lopunny|66\/100|[from] Spikes\n|\n|upkeep\n|turn|30\n|c|\u2606grass knot zygarde|dont hesitate to do so\n|\n|t:|1699790689\n|switch|p2a: Gliscor|Gliscor, F, shiny|100\/100 tox\n|move|p1a: Lopunny|Close Combat|p2a: Gliscor\n|-resisted|p2a: Gliscor\n|-damage|p2a: Gliscor|80\/100 tox\n|-unboost|p1a: Lopunny|def|1\n|-unboost|p1a: Lopunny|spd|1\n|\n|-heal|p2a: Gliscor|93\/100 tox|[from] ability: Poison Heal\n|upkeep\n|turn|31\n|\n|t:|1699790695\n|move|p1a: Lopunny|U-turn|p2a: Gliscor\n|-resisted|p2a: Gliscor\n|-damage|p2a: Gliscor|86\/100 tox\n|\n|t:|1699790699\n|switch|p1a: Ting-Lu|Ting-Lu|13\/100 brn|[from] U-turn\n|-damage|p1a: Ting-Lu|7\/100 brn|[from] Stealth Rock\n|-damage|p1a: Ting-Lu|0 fnt|[from] Spikes\n|faint|p1a: Ting-Lu\n|move|p2a: Gliscor|Earthquake|p1: Ting-Lu|[notarget]\n|-fail|p2a: Gliscor\n|\n|-heal|p2a: Gliscor|98\/100 tox|[from] ability: Poison Heal\n|upkeep\n|\n|t:|1699790701\n|switch|p1a: Tornadus|Tornadus-Therian, M|100\/100\n|-damage|p1a: Tornadus|76\/100|[from] Stealth Rock\n|turn|32\n|c|\u2606Xy1n|STOP PLEASE\n|\n|t:|1699790714\n|switch|p2a: Toxapex|Toxapex, M, shiny|100\/100\n|move|p1a: Tornadus|Hurricane|p2a: Toxapex\n|-damage|p2a: Toxapex|65\/100\n|-start|p2a: Toxapex|confusion\n|\n|upkeep\n|turn|33\n|inactive|Xy1n has 270 seconds left.\n|\n|t:|1699790744\n|move|p1a: Tornadus|Knock Off|p2a: Toxapex\n|-damage|p2a: Toxapex|52\/100\n|-enditem|p2a: Toxapex|Heavy-Duty Boots|[from] move: Knock Off|[of] p1a: Tornadus\n|-activate|p2a: Toxapex|confusion\n|-damage|p2a: Toxapex|49\/100|[from] confusion\n|\n|upkeep\n|turn|34\n|\n|t:|1699790751\n|move|p1a: Tornadus|Hurricane|p2a: Toxapex\n|-damage|p2a: Toxapex|16\/100\n|-activate|p2a: Toxapex|confusion\n|move|p2a: Toxapex|Recover|p2a: Toxapex\n|-heal|p2a: Toxapex|66\/100\n|\n|upkeep\n|turn|35\n|\n|t:|1699790757\n|move|p1a: Tornadus|Hurricane|p2a: Toxapex\n|-damage|p2a: Toxapex|32\/100\n|-activate|p2a: Toxapex|confusion\n|move|p2a: Toxapex|Recover|p2a: Toxapex\n|-heal|p2a: Toxapex|82\/100\n|\n|upkeep\n|turn|36\n|c|\u2606grass knot zygarde|why did u knock off my boots man\n|c|\u2606grass knot zygarde|can i know\n|c|\u2606Xy1n|idk\n|\n|t:|1699790782\n|move|p1a: Tornadus|U-turn|p2a: Toxapex\n|-resisted|p2a: Toxapex\n|-damage|p2a: Toxapex|78\/100\n|\n|t:|1699790783\n|switch|p1a: Lopunny|Lopunny-Mega, F|66\/100|[from] U-turn\n|-damage|p1a: Lopunny|60\/100|[from] Stealth Rock\n|-damage|p1a: Lopunny|43\/100|[from] Spikes\n|-end|p2a: Toxapex|confusion\n|move|p2a: Toxapex|Toxic Spikes|p1a: Lopunny\n|-sidestart|p1: Xy1n|move: Toxic Spikes\n|\n|upkeep\n|turn|37\n|\n|t:|1699790788\n|move|p1a: Lopunny|Fake Out|p2a: Toxapex\n|-damage|p2a: Toxapex|65\/100\n|cant|p2a: Toxapex|flinch\n|\n|upkeep\n|turn|38\n|\n|t:|1699790792\n|move|p1a: Lopunny|Close Combat|p2a: Toxapex\n|-resisted|p2a: Toxapex\n|-damage|p2a: Toxapex|45\/100\n|-unboost|p1a: Lopunny|def|1\n|-unboost|p1a: Lopunny|spd|1\n|move|p2a: Toxapex|Recover|p2a: Toxapex\n|-heal|p2a: Toxapex|95\/100\n|\n|upkeep\n|turn|39\n|\n|t:|1699790795\n|move|p1a: Lopunny|Close Combat|p2a: Toxapex\n|-resisted|p2a: Toxapex\n|-damage|p2a: Toxapex|76\/100\n|-unboost|p1a: Lopunny|def|1\n|-unboost|p1a: Lopunny|spd|1\n|move|p2a: Toxapex|Scald|p1a: Lopunny\n|-damage|p1a: Lopunny|3\/100\n|-status|p1a: Lopunny|brn\n|\n|-damage|p1a: Lopunny|0 fnt|[from] brn\n|faint|p1a: Lopunny\n|upkeep\n|\n|t:|1699790796\n|switch|p1a: Tornadus|Tornadus-Therian, M|100\/100\n|-damage|p1a: Tornadus|76\/100|[from] Stealth Rock\n|turn|40\n|\n|t:|1699790804\n|move|p1a: Tornadus|Hurricane|p2a: Toxapex\n|-damage|p2a: Toxapex|39\/100\n|move|p2a: Toxapex|Scald|p1a: Tornadus\n|-damage|p1a: Tornadus|66\/100\n|\n|upkeep\n|turn|41\n|\n|t:|1699790820\n|switch|p2a: Blissey|Blissey, F|68\/100\n|move|p1a: Tornadus|Hurricane|p2a: Blissey\n|-damage|p2a: Blissey|55\/100\n|-start|p2a: Blissey|confusion\n|\n|upkeep\n|turn|42\n|\n|t:|1699790824\n|move|p1a: Tornadus|Heat Wave|p2a: Blissey\n|-damage|p2a: Blissey|47\/100\n|-activate|p2a: Blissey|confusion\n|-damage|p2a: Blissey|46\/100|[from] confusion\n|\n|upkeep\n|turn|43\n|\n|t:|1699790829\n|move|p1a: Tornadus|Knock Off|p2a: Blissey\n|-damage|p2a: Blissey|25\/100\n|-enditem|p2a: Blissey|Heavy-Duty Boots|[from] move: Knock Off|[of] p1a: Tornadus\n|-activate|p2a: Blissey|confusion\n|-damage|p2a: Blissey|24\/100|[from] confusion\n|\n|upkeep\n|turn|44\n|c|\u2606grass knot zygarde|OW\n|\n|t:|1699790836\n|move|p1a: Tornadus|Hurricane|p2a: Blissey|[miss]\n|-miss|p1a: Tornadus|p2a: Blissey\n|-activate|p2a: Blissey|confusion\n|-damage|p2a: Blissey|23\/100|[from] confusion\n|\n|upkeep\n|turn|45\n|\n|t:|1699790842\n|move|p1a: Tornadus|Hurricane|p2a: Blissey\n|-damage|p2a: Blissey|10\/100\n|-activate|p2a: Blissey|confusion\n|-damage|p2a: Blissey|9\/100|[from] confusion\n|\n|upkeep\n|turn|46\n|c|\u2606grass knot zygarde|LOL\n|c|\u2606grass knot zygarde|the game really hate pity for u\n|c|\u2606grass knot zygarde|had\n|c|\u2606Xy1n|yes\n|c|\u2606grass knot zygarde|but i want my 6-0\n|c|\u2606grass knot zygarde|so\n|\n|t:|1699790866\n|switch|p2a: Corviknight|Corviknight, F|100\/100\n|-ability|p2a: Corviknight|Pressure\n|move|p1a: Tornadus|Heat Wave|p2a: Corviknight\n|-supereffective|p2a: Corviknight\n|-damage|p2a: Corviknight|62\/100\n|\n|-heal|p2a: Corviknight|68\/100|[from] item: Leftovers\n|upkeep\n|turn|47\n|c|\u2606Xy1n|Yeah\n|c|\u2606Xy1n|ggs\n|\n|t:|1699790871\n|move|p1a: Tornadus|Heat Wave|p2a: Corviknight\n|-supereffective|p2a: Corviknight\n|-damage|p2a: Corviknight|29\/100\n|move|p2a: Corviknight|Iron Head|p1a: Tornadus\n|-damage|p1a: Tornadus|35\/100\n|\n|-heal|p2a: Corviknight|35\/100|[from] item: Leftovers\n|upkeep\n|turn|48\n|\n|t:|1699790890\n|switch|p2a: Toxapex|Toxapex, M, shiny|72\/100\n|-damage|p2a: Toxapex|60\/100|[from] Spikes\n|move|p1a: Tornadus|Heat Wave|p2a: Toxapex\n|-resisted|p2a: Toxapex\n|-damage|p2a: Toxapex|50\/100\n|\n|upkeep\n|turn|49\n|\n|t:|1699790895\n|move|p1a: Tornadus|Hurricane|p2a: Toxapex\n|-damage|p2a: Toxapex|13\/100\n|move|p2a: Toxapex|Recover|p2a: Toxapex\n|-heal|p2a: Toxapex|64\/100\n|\n|upkeep\n|turn|50\n|\n|t:|1699790900\n|move|p1a: Tornadus|Hurricane|p2a: Toxapex\n|-damage|p2a: Toxapex|28\/100\n|move|p2a: Toxapex|Recover|p2a: Toxapex\n|-heal|p2a: Toxapex|78\/100\n|\n|upkeep\n|turn|51\n|c|\u2606grass knot zygarde|this dude has missed 2 hurricane out of 9\n|c|\u2606grass knot zygarde|some shit i could never pull off\n|\n|t:|1699790929\n|move|p1a: Tornadus|Hurricane|p2a: Toxapex\n|-damage|p2a: Toxapex|42\/100\n|-start|p2a: Toxapex|confusion\n|-activate|p2a: Toxapex|confusion\n|move|p2a: Toxapex|Scald|p1a: Tornadus\n|-damage|p1a: Tornadus|25\/100\n|-status|p1a: Tornadus|brn\n|\n|-damage|p1a: Tornadus|19\/100 brn|[from] brn\n|upkeep\n|turn|52\n|inactive|grass knot zygarde has 270 seconds left.\n|\n|t:|1699790944\n|switch|p2a: Gliscor|Gliscor, F, shiny|98\/100 tox\n|move|p1a: Tornadus|Hurricane|p2a: Gliscor|[miss]\n|-miss|p1a: Tornadus|p2a: Gliscor\n|\n|-heal|p2a: Gliscor|100\/100 tox|[from] ability: Poison Heal\n|-damage|p1a: Tornadus|13\/100 brn|[from] brn\n|upkeep\n|turn|53\n|\n|t:|1699790955\n|move|p2a: Gliscor|Protect|p2a: Gliscor\n|-singleturn|p2a: Gliscor|Protect\n|move|p1a: Tornadus|Hurricane|p2a: Gliscor\n|-activate|p2a: Gliscor|move: Protect\n|\n|-damage|p1a: Tornadus|7\/100 brn|[from] brn\n|upkeep\n|turn|54\n|c|\u2606Xy1n|gg\n|\n|t:|1699790960\n|move|p1a: Tornadus|Hurricane|p2a: Gliscor\n|-damage|p2a: Gliscor|50\/100 tox\n|move|p2a: Gliscor|Knock Off|p1a: Tornadus\n|-damage|p1a: Tornadus|0 fnt\n|-enditem|p1a: Tornadus|Assault Vest|[from] move: Knock Off|[of] p2a: Gliscor\n|faint|p1a: Tornadus\n|\n|win|grass knot zygarde\n|l|\u2606Xy1n\n","uploadtime":1699790971,"views":4,"p1id":"xy1n","p2id":"grassknotzygarde","formatid":"gen9nationaldex","rating":0,"private":0,"password":""}