{"id":"gen9nationaldex-1988711347","p1":"MV ice","p2":"lyn247","format":"[Gen 9] National Dex","log":"|j|\u2606MV ice\n|j|\u2606lyn247\n|t:|1699753592\n|gametype|singles\n|player|p1|MV ice|alain|1199\n|player|p2|lyn247|lyra|1291\n|teamsize|p1|6\n|teamsize|p2|6\n|gen|9\n|tier|[Gen 9] National Dex\n|rated|\n|rule|HP Percentage Mod: HP is shown in percentages\n|rule|Endless Battle Clause: Forcing endless battles is banned\n|rule|OHKO Clause: OHKO moves are banned\n|rule|Evasion Clause: Evasion abilities, items, and moves are banned\n|rule|Evasion Abilities Clause: Evasion abilities are banned\n|rule|Evasion Items Clause: Evasion items are banned\n|rule|Evasion Moves Clause: Evasion moves are banned\n|rule|Species Clause: Limit one of each Pok\u00e9mon\n|rule|Sleep Clause Mod: Limit one foe put to sleep\n|clearpoke\n|poke|p1|Medicham, M|\n|poke|p1|Vikavolt, F|\n|poke|p1|Clodsire, F|\n|poke|p1|Corviknight, M|\n|poke|p1|Samurott-Hisui, F|\n|poke|p1|Blaziken, F|\n|poke|p2|Typhlosion, M|\n|poke|p2|Kartana|\n|poke|p2|Charizard, M|\n|poke|p2|Leafeon, M|\n|poke|p2|Hatterene, F|\n|poke|p2|Torkoal, M|\n|teampreview\n|inactive|Battle timer is ON: inactive players will automatically lose when time's up. (requested by MV ice)\n|\n|t:|1699753609\n|start\n|switch|p1a: Vikavolt|Vikavolt, F|100\/100\n|switch|p2a: Torkoal|Torkoal, M|100\/100\n|-weather|SunnyDay|[from] ability: Drought|[of] p2a: Torkoal\n|turn|1\n|\n|t:|1699753632\n|switch|p2a: Hatterene|Hatterene, F|100\/100\n|move|p1a: Vikavolt|Volt Switch|p2a: Hatterene\n|-damage|p2a: Hatterene|69\/100\n|\n|t:|1699753641\n|switch|p1a: Samurott|Samurott-Hisui, F|100\/100|[from] Volt Switch\n|\n|-weather|SunnyDay|[upkeep]\n|upkeep\n|turn|2\n|\n|t:|1699753659\n|move|p1a: Samurott|Ceaseless Edge|p2a: Hatterene\n|-damage|p2a: Hatterene|10\/100\n|-sidestart|p2: lyn247|Spikes\n|move|p2a: Hatterene|Draining Kiss|p1a: Samurott\n|-supereffective|p1a: Samurott\n|-damage|p1a: Samurott|44\/100\n|-heal|p2a: Hatterene|62\/100|[from] drain|[of] p1a: Samurott\n|\n|-weather|SunnyDay|[upkeep]\n|upkeep\n|turn|3\n|inactive|lyn247 has 120 seconds left.\n|\n|t:|1699753688\n|switch|p1a: Clodsire|Clodsire, F|100\/100\n|-terastallize|p2a: Hatterene|Psychic\n|move|p2a: Hatterene|Draining Kiss|p1a: Clodsire\n|-resisted|p1a: Clodsire\n|-damage|p1a: Clodsire|93\/100\n|-heal|p2a: Hatterene|73\/100|[from] drain|[of] p1a: Clodsire\n|\n|-weather|SunnyDay|[upkeep]\n|upkeep\n|turn|4\n|inactive|lyn247 has 120 seconds left.\n|\n|t:|1699753704\n|move|p2a: Hatterene|Psyshock|p1a: Clodsire\n|-supereffective|p1a: Clodsire\n|-damage|p1a: Clodsire|0 fnt\n|faint|p1a: Clodsire\n|\n|-weather|SunnyDay|[upkeep]\n|upkeep\n|\n|t:|1699753707\n|switch|p1a: Samurott|Samurott-Hisui, F|44\/100\n|turn|5\n|\n|t:|1699753714\n|move|p1a: Samurott|Ceaseless Edge|p2a: Hatterene\n|-supereffective|p2a: Hatterene\n|-damage|p2a: Hatterene|0 fnt\n|-sidestart|p2: lyn247|Spikes\n|faint|p2a: Hatterene\n|\n|-weather|SunnyDay|[upkeep]\n|upkeep\n|\n|t:|1699753727\n|switch|p2a: Torkoal|Torkoal, M|100\/100\n|-damage|p2a: Torkoal|84\/100|[from] Spikes\n|turn|6\n|\n|t:|1699753740\n|move|p1a: Samurott|Ceaseless Edge|p2a: Torkoal\n|-damage|p2a: Torkoal|56\/100\n|-sidestart|p2: lyn247|Spikes\n|move|p2a: Torkoal|Rapid Spin|p1a: Samurott\n|-damage|p1a: Samurott|33\/100\n|-boost|p2a: Torkoal|spe|1\n|-sideend|p2: lyn247|Spikes|[from] move: Rapid Spin|[of] p2a: Torkoal\n|\n|-weather|SunnyDay|[upkeep]\n|upkeep\n|turn|7\n|\n|t:|1699753746\n|move|p1a: Samurott|Ceaseless Edge|p2a: Torkoal\n|-damage|p2a: Torkoal|27\/100\n|-sidestart|p2: lyn247|Spikes\n|move|p2a: Torkoal|Body Press|p1a: Samurott\n|-supereffective|p1a: Samurott\n|-damage|p1a: Samurott|0 fnt\n|faint|p1a: Samurott\n|\n|-weather|SunnyDay|[upkeep]\n|upkeep\n|\n|t:|1699753759\n|switch|p1a: Vikavolt|Vikavolt, F|100\/100\n|turn|8\n|\n|t:|1699753788\n|move|p1a: Vikavolt|Volt Switch|p2a: Torkoal\n|-damage|p2a: Torkoal|0 fnt\n|faint|p2a: Torkoal\n|\n|t:|1699753797\n|switch|p1a: Blaziken|Blaziken, F|100\/100|[from] Volt Switch\n|\n|-weather|none\n|upkeep\n|inactive|lyn247 has 120 seconds left.\n|\n|t:|1699753824\n|switch|p2a: Leafeon|Leafeon, M|100\/100\n|-damage|p2a: Leafeon|88\/100|[from] Spikes\n|turn|9\n|\n|t:|1699753829\n|move|p1a: Blaziken|Protect|p1a: Blaziken\n|-singleturn|p1a: Blaziken|Protect\n|move|p2a: Leafeon|Body Slam|p1a: Blaziken\n|-activate|p1a: Blaziken|move: Protect\n|\n|-ability|p1a: Blaziken|Speed Boost|boost\n|-boost|p1a: Blaziken|spe|1\n|upkeep\n|turn|10\n|\n|t:|1699753835\n|move|p1a: Blaziken|Swords Dance|p1a: Blaziken\n|-boost|p1a: Blaziken|atk|2\n|move|p2a: Leafeon|Body Slam|p1a: Blaziken\n|-damage|p1a: Blaziken|40\/100\n|\n|-ability|p1a: Blaziken|Speed Boost|boost\n|-boost|p1a: Blaziken|spe|1\n|upkeep\n|turn|11\n|\n|t:|1699753850\n|move|p1a: Blaziken|Protect|p1a: Blaziken\n|-singleturn|p1a: Blaziken|Protect\n|move|p2a: Leafeon|Body Slam|p1a: Blaziken\n|-activate|p1a: Blaziken|move: Protect\n|\n|-ability|p1a: Blaziken|Speed Boost|boost\n|-boost|p1a: Blaziken|spe|1\n|upkeep\n|turn|12\n|\n|t:|1699753856\n|move|p1a: Blaziken|Close Combat|p2a: Leafeon\n|-damage|p2a: Leafeon|0 fnt\n|-unboost|p1a: Blaziken|def|1\n|-unboost|p1a: Blaziken|spd|1\n|faint|p2a: Leafeon\n|\n|-ability|p1a: Blaziken|Speed Boost|boost\n|-boost|p1a: Blaziken|spe|1\n|upkeep\n|\n|t:|1699753868\n|switch|p2a: Kartana|Kartana|100\/100\n|-damage|p2a: Kartana|88\/100|[from] Spikes\n|turn|13\n|\n|t:|1699753880\n|move|p1a: Blaziken|Protect|p1a: Blaziken\n|-singleturn|p1a: Blaziken|Protect\n|move|p2a: Kartana|Sacred Sword|p1a: Blaziken\n|-activate|p1a: Blaziken|move: Protect\n|\n|-ability|p1a: Blaziken|Speed Boost|boost\n|-boost|p1a: Blaziken|spe|1\n|upkeep\n|turn|14\n|\n|t:|1699753885\n|switch|p2a: Typhlosion|Typhlosion, M|100\/100\n|-damage|p2a: Typhlosion|88\/100|[from] Spikes\n|move|p1a: Blaziken|Close Combat|p2a: Typhlosion\n|-damage|p2a: Typhlosion|0 fnt\n|-unboost|p1a: Blaziken|def|1\n|-unboost|p1a: Blaziken|spd|1\n|faint|p2a: Typhlosion\n|\n|-ability|p1a: Blaziken|Speed Boost|boost\n|-boost|p1a: Blaziken|spe|1\n|upkeep\n|\n|t:|1699753891\n|switch|p2a: Kartana|Kartana|88\/100\n|-damage|p2a: Kartana|76\/100|[from] Spikes\n|turn|15\n|\n|t:|1699753894\n|move|p1a: Blaziken|Close Combat|p2a: Kartana\n|-supereffective|p2a: Kartana\n|-damage|p2a: Kartana|0 fnt\n|-unboost|p1a: Blaziken|def|1\n|-unboost|p1a: Blaziken|spd|1\n|faint|p2a: Kartana\n|\n|upkeep\n|\n|t:|1699753895\n|switch|p2a: Charizard|Charizard, M, shiny|100\/100\n|turn|16\n|\n|t:|1699753897\n|-zpower|p1a: Blaziken\n|move|p1a: Blaziken|Inferno Overdrive|p2a: Charizard|[zeffect]\n|-resisted|p2a: Charizard\n|-damage|p2a: Charizard|0 fnt\n|faint|p2a: Charizard\n|\n|win|MV ice\n|raw|MV ice's rating: 1227 &rarr; <strong>1257<\/strong><br \/>(+30 for winning)\n|raw|lyn247's rating: 1291 &rarr; <strong>1261<\/strong><br \/>(-30 for losing)\n|l|\u2606lyn247\n|j| wxlmfm\n|l| wxlmfm\n","uploadtime":1699753922,"views":7,"p1id":"mvice","p2id":"lyn247","formatid":"gen9nationaldex","rating":1257,"private":0,"password":""}