{"id":"gen9nationaldex-1994706125","p1":"but the government","p2":"Stupidlly_funny","format":"[Gen 9] National Dex","log":"|html|<div class=\"broadcast-blue\"><strong>[Gen 9] National Dex is currently suspecting Sneasler! For information on how to participate check out the <a href=\"https:\/\/www.smogon.com\/forums\/threads\/sv-national-dex-suspect-8-just-dance.3731534\/\">suspect thread<\/a>.<\/strong><\/div>\n|j|\u2606but the government\n|j|\u2606Stupidlly_funny\n|t:|1700483705\n|gametype|singles\n|player|p1|but the government|waitress-gen4|1180\n|player|p2|Stupidlly_funny|pokemonrangerf|1194\n|teamsize|p1|6\n|teamsize|p2|6\n|gen|9\n|tier|[Gen 9] National Dex\n|rated|\n|rule|HP Percentage Mod: HP is shown in percentages\n|rule|Endless Battle Clause: Forcing endless battles is banned\n|rule|OHKO Clause: OHKO moves are banned\n|rule|Evasion Clause: Evasion abilities, items, and moves are banned\n|rule|Evasion Abilities Clause: Evasion abilities are banned\n|rule|Evasion Items Clause: Evasion items are banned\n|rule|Evasion Moves Clause: Evasion moves are banned\n|rule|Species Clause: Limit one of each Pok\u00e9mon\n|rule|Sleep Clause Mod: Limit one foe put to sleep\n|clearpoke\n|poke|p1|Corviknight, F|\n|poke|p1|Ferrothorn, F|\n|poke|p1|Silvally-*|\n|poke|p1|Jellicent, M|\n|poke|p1|Xurkitree|\n|poke|p1|Gallade, M|\n|poke|p2|Golisopod, M|\n|poke|p2|Lopunny, F|\n|poke|p2|Quaquaval, M|\n|poke|p2|Cursola, M|\n|poke|p2|Scolipede, M|\n|poke|p2|Ninjask, M|\n|teampreview\n|inactive|Battle timer is ON: inactive players will automatically lose when time's up. (requested by Stupidlly_funny)\n|\n|t:|1700483717\n|start\n|switch|p1a: Corviknight|Corviknight, F|100\/100\n|switch|p2a: Quaquaval|Quaquaval, M|100\/100\n|-ability|p1a: Corviknight|Pressure\n|turn|1\n|\n|t:|1700483722\n|move|p2a: Quaquaval|Aqua Cutter|p1a: Corviknight\n|-damage|p1a: Corviknight|77\/100\n|move|p1a: Corviknight|Brave Bird|p2a: Quaquaval\n|-supereffective|p2a: Quaquaval\n|-damage|p2a: Quaquaval|5\/100\n|-damage|p1a: Corviknight|52\/100|[from] Recoil\n|\n|upkeep\n|turn|2\n|\n|t:|1700483734\n|move|p2a: Quaquaval|Aqua Cutter|p1a: Corviknight\n|-damage|p1a: Corviknight|29\/100\n|move|p1a: Corviknight|U-turn|p2a: Quaquaval\n|-resisted|p2a: Quaquaval\n|-damage|p2a: Quaquaval|0 fnt\n|faint|p2a: Quaquaval\n|\n|t:|1700483741\n|switch|p1a: Gallade|Gallade, M|100\/100|[from] U-turn\n|\n|upkeep\n|\n|t:|1700483746\n|switch|p2a: Lopunny|Lopunny, F, shiny|100\/100\n|turn|3\n|\n|t:|1700483760\n|detailschange|p2a: Lopunny|Lopunny-Mega, F, shiny\n|-mega|p2a: Lopunny|Lopunny|Lopunnite\n|move|p2a: Lopunny|Fake Out|p1a: Gallade\n|-damage|p1a: Gallade|60\/100\n|cant|p1a: Gallade|flinch\n|\n|upkeep\n|turn|4\n|\n|t:|1700483766\n|switch|p1a: Ferrothorn|Ferrothorn, F|100\/100\n|move|p2a: Lopunny|Return|p1a: Ferrothorn\n|-resisted|p1a: Ferrothorn\n|-damage|p1a: Ferrothorn|83\/100\n|-damage|p2a: Lopunny|88\/100|[from] ability: Iron Barbs|[of] p1a: Ferrothorn\n|-damage|p2a: Lopunny|72\/100|[from] item: Rocky Helmet|[of] p1a: Ferrothorn\n|\n|upkeep\n|turn|5\n|\n|t:|1700483775\n|move|p2a: Lopunny|Triple Axel|p1a: Ferrothorn\n|-damage|p1a: Ferrothorn|79\/100\n|-damage|p2a: Lopunny|60\/100|[from] ability: Iron Barbs|[of] p1a: Ferrothorn\n|-damage|p2a: Lopunny|43\/100|[from] item: Rocky Helmet|[of] p1a: Ferrothorn\n|-hitcount|p1a: Ferrothorn|1\n|move|p1a: Ferrothorn|Thunder Wave|p2a: Lopunny\n|-status|p2a: Lopunny|par\n|\n|upkeep\n|turn|6\n|\n|t:|1700483784\n|move|p2a: Lopunny|Triple Axel|p1a: Ferrothorn|[miss]\n|-miss|p2a: Lopunny|p1a: Ferrothorn\n|move|p1a: Ferrothorn|Leech Seed|p2a: Lopunny\n|-start|p2a: Lopunny|move: Leech Seed\n|\n|-damage|p2a: Lopunny|31\/100 par|[from] Leech Seed|[of] p1a: Ferrothorn\n|-heal|p1a: Ferrothorn|89\/100|[silent]\n|upkeep\n|turn|7\n|\n|t:|1700483788\n|move|p2a: Lopunny|Triple Axel|p1a: Ferrothorn\n|-damage|p1a: Ferrothorn|84\/100\n|-damage|p2a: Lopunny|19\/100 par|[from] ability: Iron Barbs|[of] p1a: Ferrothorn\n|-damage|p2a: Lopunny|2\/100 par|[from] item: Rocky Helmet|[of] p1a: Ferrothorn\n|-damage|p1a: Ferrothorn|75\/100\n|-damage|p2a: Lopunny|0 fnt|[from] ability: Iron Barbs|[of] p1a: Ferrothorn\n|faint|p2a: Lopunny\n|-hitcount|p1a: Ferrothorn|2\n|move|p1a: Ferrothorn|Gyro Ball|p2: Lopunny|[notarget]\n|-fail|p1a: Ferrothorn\n|\n|upkeep\n|\n|t:|1700483796\n|switch|p2a: Scolipede|Scolipede, M|100\/100\n|turn|8\n|\n|t:|1700483799\n|move|p2a: Scolipede|Toxic Spikes|p1a: Ferrothorn\n|-sidestart|p1: but the government|move: Toxic Spikes\n|move|p1a: Ferrothorn|Thunder Wave|p2a: Scolipede\n|-status|p2a: Scolipede|par\n|\n|-ability|p2a: Scolipede|Speed Boost|boost\n|-boost|p2a: Scolipede|spe|1\n|upkeep\n|turn|9\n|\n|t:|1700483802\n|move|p2a: Scolipede|Toxic Spikes|p1a: Ferrothorn\n|-sidestart|p1: but the government|move: Toxic Spikes\n|move|p1a: Ferrothorn|Leech Seed|p2a: Scolipede\n|-start|p2a: Scolipede|move: Leech Seed\n|\n|-damage|p2a: Scolipede|88\/100 par|[from] Leech Seed|[of] p1a: Ferrothorn\n|-heal|p1a: Ferrothorn|84\/100|[silent]\n|-ability|p2a: Scolipede|Speed Boost|boost\n|-boost|p2a: Scolipede|spe|1\n|upkeep\n|turn|10\n|\n|t:|1700483807\n|move|p2a: Scolipede|Megahorn|p1a: Ferrothorn|[miss]\n|-miss|p2a: Scolipede|p1a: Ferrothorn\n|move|p1a: Ferrothorn|Gyro Ball|p2a: Scolipede\n|-damage|p2a: Scolipede|15\/100 par\n|\n|-damage|p2a: Scolipede|2\/100 par|[from] Leech Seed|[of] p1a: Ferrothorn\n|-heal|p1a: Ferrothorn|93\/100|[silent]\n|-ability|p2a: Scolipede|Speed Boost|boost\n|-boost|p2a: Scolipede|spe|1\n|upkeep\n|turn|11\n|\n|t:|1700483812\n|move|p1a: Ferrothorn|Protect|p1a: Ferrothorn\n|-singleturn|p1a: Ferrothorn|Protect\n|move|p2a: Scolipede|Endeavor|p1a: Ferrothorn\n|-activate|p1a: Ferrothorn|move: Protect\n|\n|-damage|p2a: Scolipede|0 fnt|[from] Leech Seed|[of] p1a: Ferrothorn\n|-heal|p1a: Ferrothorn|95\/100|[silent]\n|faint|p2a: Scolipede\n|upkeep\n|\n|t:|1700483815\n|switch|p2a: Golisopod|Golisopod, M|100\/100\n|turn|12\n|\n|t:|1700483820\n|move|p2a: Golisopod|First Impression|p1a: Ferrothorn\n|-damage|p1a: Ferrothorn|67\/100\n|-damage|p2a: Golisopod|88\/100|[from] ability: Iron Barbs|[of] p1a: Ferrothorn\n|-damage|p2a: Golisopod|71\/100|[from] item: Rocky Helmet|[of] p1a: Ferrothorn\n|move|p1a: Ferrothorn|Thunder Wave|p2a: Golisopod\n|-status|p2a: Golisopod|par\n|\n|upkeep\n|turn|13\n|\n|t:|1700483826\n|move|p2a: Golisopod|Leech Life|p1a: Ferrothorn\n|-damage|p1a: Ferrothorn|39\/100\n|-heal|p2a: Golisopod|86\/100 par|[from] drain|[of] p1a: Ferrothorn\n|-damage|p2a: Golisopod|73\/100 par|[from] ability: Iron Barbs|[of] p1a: Ferrothorn\n|-damage|p2a: Golisopod|56\/100 par|[from] item: Rocky Helmet|[of] p1a: Ferrothorn\n|move|p1a: Ferrothorn|Leech Seed|p2a: Golisopod\n|-start|p2a: Golisopod|move: Leech Seed\n|\n|-damage|p2a: Golisopod|44\/100 par|[from] Leech Seed|[of] p1a: Ferrothorn\n|-heal|p1a: Ferrothorn|51\/100|[silent]\n|upkeep\n|-activate|p2a: Golisopod|ability: Emergency Exit\n|\n|t:|1700483829\n|switch|p2a: Ninjask|Ninjask, M|100\/100\n|turn|14\n|\n|t:|1700483833\n|move|p1a: Ferrothorn|Protect|p1a: Ferrothorn\n|-singleturn|p1a: Ferrothorn|Protect\n|move|p2a: Ninjask|Substitute|p2a: Ninjask\n|-start|p2a: Ninjask|Substitute\n|-damage|p2a: Ninjask|75\/100\n|\n|upkeep\n|turn|15\n|\n|t:|1700483840\n|move|p2a: Ninjask|Leech Life|p1a: Ferrothorn\n|-damage|p1a: Ferrothorn|31\/100\n|-heal|p2a: Ninjask|90\/100|[from] drain|[of] p1a: Ferrothorn\n|-damage|p2a: Ninjask|77\/100|[from] ability: Iron Barbs|[of] p1a: Ferrothorn\n|-damage|p2a: Ninjask|60\/100|[from] item: Rocky Helmet|[of] p1a: Ferrothorn\n|move|p1a: Ferrothorn|Gyro Ball|p2a: Ninjask\n|-end|p2a: Ninjask|Substitute\n|\n|upkeep\n|turn|16\n|\n|t:|1700483847\n|move|p2a: Ninjask|Substitute|p2a: Ninjask\n|-start|p2a: Ninjask|Substitute\n|-damage|p2a: Ninjask|35\/100\n|move|p1a: Ferrothorn|Gyro Ball|p2a: Ninjask\n|-end|p2a: Ninjask|Substitute\n|\n|upkeep\n|turn|17\n|\n|t:|1700483850\n|move|p2a: Ninjask|Substitute|p2a: Ninjask\n|-start|p2a: Ninjask|Substitute\n|-damage|p2a: Ninjask|10\/100\n|-enditem|p2a: Ninjask|Liechi Berry|[eat]\n|-boost|p2a: Ninjask|atk|1|[from] item: Liechi Berry\n|move|p1a: Ferrothorn|Gyro Ball|p2a: Ninjask\n|-end|p2a: Ninjask|Substitute\n|\n|upkeep\n|turn|18\n|\n|t:|1700483856\n|move|p1a: Ferrothorn|Protect|p1a: Ferrothorn\n|-singleturn|p1a: Ferrothorn|Protect\n|move|p2a: Ninjask|Leech Life|p1a: Ferrothorn\n|-activate|p1a: Ferrothorn|move: Protect\n|\n|upkeep\n|turn|19\n|\n|t:|1700483873\n|move|p2a: Ninjask|Leech Life|p1a: Ferrothorn\n|-damage|p1a: Ferrothorn|0 fnt\n|-heal|p2a: Ninjask|30\/100|[from] drain|[of] p1a: Ferrothorn\n|-damage|p2a: Ninjask|18\/100|[from] ability: Iron Barbs|[of] p1a: Ferrothorn\n|-damage|p2a: Ninjask|1\/100|[from] item: Rocky Helmet|[of] p1a: Ferrothorn\n|faint|p1a: Ferrothorn\n|\n|upkeep\n|\n|t:|1700483886\n|switch|p1a: Corviknight|Corviknight, F|29\/100\n|-ability|p1a: Corviknight|Pressure\n|turn|20\n|\n|t:|1700483889\n|move|p2a: Ninjask|Acrobatics|p1a: Corviknight\n|-resisted|p1a: Corviknight\n|-damage|p1a: Corviknight|9\/100\n|-damage|p2a: Ninjask|0 fnt|[from] item: Rocky Helmet|[of] p1a: Corviknight\n|faint|p2a: Ninjask\n|move|p1a: Corviknight|Defog|p2: Ninjask|[notarget]\n|-fail|p1a: Corviknight\n|\n|upkeep\n|\n|t:|1700483893\n|switch|p2a: Golisopod|Golisopod, M|44\/100 par\n|turn|21\n|\n|t:|1700483902\n|cant|p2a: Golisopod|par\n|move|p1a: Corviknight|Roost|p1a: Corviknight\n|-heal|p1a: Corviknight|59\/100\n|-singleturn|p1a: Corviknight|move: Roost\n|\n|upkeep\n|turn|22\n|\n|t:|1700483906\n|switch|p2a: Cursola|Cursola, M|100\/100\n|move|p1a: Corviknight|Defog|p2a: Cursola\n|-unboost|p2a: Cursola|evasion|1\n|-sideend|p1: but the government|Toxic Spikes|[from] move: Defog|[of] p1a: Corviknight\n|\n|upkeep\n|turn|23\n|\n|t:|1700483912\n|move|p1a: Corviknight|Brave Bird|p2a: Cursola\n|-damage|p2a: Cursola|38\/100\n|-ability|p2a: Cursola|Perish Body\n|-damage|p1a: Corviknight|42\/100|[from] Recoil\n|move|p2a: Cursola|Shadow Ball|p1a: Corviknight\n|-damage|p1a: Corviknight|0 fnt\n|faint|p1a: Corviknight\n|\n|-start|p2a: Cursola|perish3\n|upkeep\n|\n|t:|1700483923\n|switch|p1a: Gallade|Gallade, M|60\/100\n|turn|24\n|\n|t:|1700483926\n|switch|p2a: Golisopod|Golisopod, M|44\/100 par\n|move|p1a: Gallade|Night Slash|p2a: Golisopod\n|-damage|p2a: Golisopod|19\/100 par\n|-enditem|p2a: Golisopod|Red Card|[of] p1a: Gallade\n|drag|p1a: Jellicent|Jellicent, M|100\/100\n|\n|upkeep\n|turn|25\n|\n|t:|1700483936\n|move|p2a: Golisopod|First Impression|p1a: Jellicent\n|-resisted|p1a: Jellicent\n|-damage|p1a: Jellicent|72\/100\n|move|p1a: Jellicent|Trick Room|p1a: Jellicent\n|-fieldstart|move: Trick Room|[of] p1a: Jellicent\n|\n|-heal|p1a: Jellicent|78\/100|[from] item: Leftovers\n|upkeep\n|turn|26\n|\n|t:|1700483942\n|move|p2a: Golisopod|Drill Run|p1a: Jellicent\n|-damage|p1a: Jellicent|45\/100\n|-start|p2a: Golisopod|Disable|Drill Run|[from] ability: Cursed Body|[of] p1a: Jellicent\n|move|p1a: Jellicent|Water Spout|p2a: Golisopod\n|-resisted|p2a: Golisopod\n|-damage|p2a: Golisopod|9\/100 par\n|\n|-heal|p1a: Jellicent|51\/100|[from] item: Leftovers\n|upkeep\n|turn|27\n|\n|t:|1700483948\n|move|p2a: Golisopod|Leech Life|p1a: Jellicent\n|-resisted|p1a: Jellicent\n|-damage|p1a: Jellicent|28\/100\n|-heal|p2a: Golisopod|22\/100 par|[from] drain|[of] p1a: Jellicent\n|move|p1a: Jellicent|Water Spout|p2a: Golisopod\n|-resisted|p2a: Golisopod\n|-damage|p2a: Golisopod|16\/100 par\n|\n|-heal|p1a: Jellicent|34\/100|[from] item: Leftovers\n|upkeep\n|turn|28\n|\n|t:|1700483955\n|move|p2a: Golisopod|Leech Life|p1a: Jellicent\n|-resisted|p1a: Jellicent\n|-damage|p1a: Jellicent|7\/100\n|-heal|p2a: Golisopod|31\/100 par|[from] drain|[of] p1a: Jellicent\n|move|p1a: Jellicent|Flash|p2a: Golisopod\n|-unboost|p2a: Golisopod|accuracy|1\n|\n|-heal|p1a: Jellicent|13\/100|[from] item: Leftovers\n|upkeep\n|turn|29\n|\n|t:|1700483961\n|switch|p1a: Xurkitree|Xurkitree|100\/100\n|cant|p2a: Golisopod|par\n|\n|-end|p2a: Golisopod|Disable\n|-fieldend|move: Trick Room\n|upkeep\n|turn|30\n|\n|t:|1700483967\n|move|p1a: Xurkitree|Discharge|p2a: Golisopod\n|-supereffective|p2a: Golisopod\n|-damage|p2a: Golisopod|0 fnt\n|faint|p2a: Golisopod\n|-ability|p1a: Xurkitree|Beast Boost|boost\n|-boost|p1a: Xurkitree|spa|1\n|\n|upkeep\n|\n|t:|1700483969\n|switch|p2a: Cursola|Cursola, M|38\/100\n|turn|31\n|\n|t:|1700483972\n|-terastallize|p2a: Cursola|Grass\n|-zpower|p1a: Xurkitree\n|move|p1a: Xurkitree|Gigavolt Havoc|p2a: Cursola|[zeffect]\n|-resisted|p2a: Cursola\n|-damage|p2a: Cursola|0 fnt\n|faint|p2a: Cursola\n|\n|win|but the government\n|raw|but the government's rating: 1180 &rarr; <strong>1206<\/strong><br \/>(+26 for winning)\n|raw|Stupidlly_funny's rating: 1194 &rarr; <strong>1168<\/strong><br \/>(-26 for losing)\n|c|\u2606Stupidlly_funny|ofc\n|l|\u2606Stupidlly_funny\n","uploadtime":1700483984,"views":3,"p1id":"butthegovernment","p2id":"stupidllyfunny","formatid":"gen9nationaldex","rating":1168,"private":0,"password":""}