{"id":"gen9nationaldex-1990991213","p1":"mtyqjltz5","p2":"IceBerryCoffee","format":"[Gen 9] National Dex","log":"|j|\u2606mtyqjltz5\n|j|\u2606IceBerryCoffee\n|t:|1700024374\n|gametype|singles\n|player|p1|mtyqjltz5|elesa|1387\n|player|p2|IceBerryCoffee|2|1287\n|teamsize|p1|6\n|teamsize|p2|6\n|gen|9\n|tier|[Gen 9] National Dex\n|rated|\n|rule|HP Percentage Mod: HP is shown in percentages\n|rule|Endless Battle Clause: Forcing endless battles is banned\n|rule|OHKO Clause: OHKO moves are banned\n|rule|Evasion Clause: Evasion abilities, items, and moves are banned\n|rule|Evasion Abilities Clause: Evasion abilities are banned\n|rule|Evasion Items Clause: Evasion items are banned\n|rule|Evasion Moves Clause: Evasion moves are banned\n|rule|Species Clause: Limit one of each Pok\u00e9mon\n|rule|Sleep Clause Mod: Limit one foe put to sleep\n|clearpoke\n|poke|p1|Pidgeot, M|\n|poke|p1|Weezing-Galar, M|\n|poke|p1|Heatran, M|\n|poke|p1|Rillaboom, M|\n|poke|p1|Urshifu-*, M|\n|poke|p1|Slowking-Galar, M|\n|poke|p2|Corviknight, M|\n|poke|p2|Ting-Lu|\n|poke|p2|Lopunny, F|\n|poke|p2|Rillaboom, M|\n|poke|p2|Munkidori, M|\n|poke|p2|Blacephalon|\n|teampreview\n|inactive|Battle timer is ON: inactive players will automatically lose when time's up. (requested by mtyqjltz5)\n|\n|t:|1700024390\n|start\n|switch|p1a: Weezing|Weezing-Galar, M|100\/100\n|switch|p2a: Lopunny|Lopunny, F|100\/100\n|turn|1\n|\n|t:|1700024404\n|detailschange|p2a: Lopunny|Lopunny-Mega, F\n|-mega|p2a: Lopunny|Lopunny|Lopunnite\n|move|p2a: Lopunny|Fake Out|p1a: Weezing\n|-damage|p1a: Weezing|85\/100\n|cant|p1a: Weezing|flinch\n|\n|-heal|p1a: Weezing|91\/100|[from] item: Leftovers\n|upkeep\n|turn|2\n|\n|t:|1700024415\n|switch|p2a: Ting-Lu|Ting-Lu|100\/100\n|-ability|p2a: Ting-Lu|Vessel of Ruin\n|move|p1a: Weezing|Toxic Spikes|p2a: Ting-Lu\n|-sidestart|p2: IceBerryCoffee|move: Toxic Spikes\n|\n|-heal|p1a: Weezing|97\/100|[from] item: Leftovers\n|upkeep\n|turn|3\n|\n|t:|1700024430\n|switch|p1a: Rillaboom|Rillaboom, M|100\/100\n|-fieldstart|move: Grassy Terrain|[from] ability: Grassy Surge|[of] p1a: Rillaboom\n|move|p2a: Ting-Lu|Earthquake|p1a: Rillaboom\n|-resisted|p1a: Rillaboom\n|-crit|p1a: Rillaboom\n|-damage|p1a: Rillaboom|84\/100\n|\n|-heal|p1a: Rillaboom|90\/100|[from] Grassy Terrain\n|upkeep\n|turn|4\n|\n|t:|1700024442\n|switch|p2a: Corviknight|Corviknight, M|100\/100\n|-ability|p2a: Corviknight|Pressure\n|move|p1a: Rillaboom|Knock Off|p2a: Corviknight\n|-damage|p2a: Corviknight|70\/100\n|-damage|p1a: Rillaboom|74\/100|[from] item: Rocky Helmet|[of] p2a: Corviknight\n|-enditem|p2a: Corviknight|Rocky Helmet|[from] move: Knock Off|[of] p1a: Rillaboom\n|\n|-heal|p1a: Rillaboom|80\/100|[from] Grassy Terrain\n|upkeep\n|turn|5\n|\n|t:|1700024461\n|switch|p1a: Heatran|Heatran, M|100\/100\n|move|p2a: Corviknight|U-turn|p1a: Heatran\n|-resisted|p1a: Heatran\n|-damage|p1a: Heatran|98\/100\n|\n|t:|1700024473\n|switch|p2a: Munkidori|Munkidori, M|100\/100|[from] U-turn\n|-sideend|p2: IceBerryCoffee|move: Toxic Spikes|[of] p2a: Munkidori\n|\n|-heal|p1a: Heatran|100\/100|[from] Grassy Terrain\n|upkeep\n|turn|6\n|\n|t:|1700024486\n|move|p2a: Munkidori|Parting Shot|p1a: Heatran\n|-unboost|p1a: Heatran|atk|1\n|-unboost|p1a: Heatran|spa|1\n|\n|t:|1700024493\n|switch|p2a: Ting-Lu|Ting-Lu|100\/100|[from] Parting Shot\n|-ability|p2a: Ting-Lu|Vessel of Ruin\n|move|p1a: Heatran|Magma Storm|p2a: Ting-Lu\n|-damage|p2a: Ting-Lu|88\/100\n|-activate|p2a: Ting-Lu|move: Magma Storm|[of] p1a: Heatran\n|\n|-heal|p2a: Ting-Lu|94\/100|[from] Grassy Terrain\n|-heal|p2a: Ting-Lu|100\/100|[from] item: Leftovers\n|-damage|p2a: Ting-Lu|88\/100|[from] move: Magma Storm|[partiallytrapped]\n|upkeep\n|turn|7\n|\n|t:|1700024516\n|switch|p1a: Slowking|Slowking-Galar, M, shiny|100\/100\n|move|p2a: Ting-Lu|Stealth Rock|p1a: Slowking\n|-sidestart|p1: mtyqjltz5|move: Stealth Rock\n|\n|-heal|p2a: Ting-Lu|94\/100|[from] Grassy Terrain\n|-heal|p2a: Ting-Lu|100\/100|[from] item: Leftovers\n|-end|p2a: Ting-Lu|Magma Storm|[partiallytrapped]|[silent]\n|-fieldend|move: Grassy Terrain\n|upkeep\n|turn|8\n|\n|t:|1700024529\n|switch|p1a: Weezing|Weezing-Galar, M|97\/100\n|-damage|p1a: Weezing|85\/100|[from] Stealth Rock\n|move|p2a: Ting-Lu|Earthquake|p1a: Weezing\n|-immune|p1a: Weezing|[from] ability: Levitate\n|\n|-heal|p1a: Weezing|91\/100|[from] item: Leftovers\n|upkeep\n|turn|9\n|\n|t:|1700024537\n|move|p1a: Weezing|Defog|p2a: Ting-Lu\n|-unboost|p2a: Ting-Lu|evasion|1\n|-sideend|p1: mtyqjltz5|Stealth Rock|[from] move: Defog|[of] p1a: Weezing\n|move|p2a: Ting-Lu|Whirlwind|p1a: Weezing\n|drag|p1a: Slowking|Slowking-Galar, M, shiny|100\/100\n|\n|upkeep\n|turn|10\n|\n|t:|1700024552\n|switch|p1a: Weezing|Weezing-Galar, M|91\/100\n|move|p2a: Ting-Lu|Stealth Rock|p1a: Weezing\n|-sidestart|p1: mtyqjltz5|move: Stealth Rock\n|\n|-heal|p1a: Weezing|97\/100|[from] item: Leftovers\n|upkeep\n|turn|11\n|\n|t:|1700024561\n|move|p1a: Weezing|Defog|p2a: Ting-Lu\n|-unboost|p2a: Ting-Lu|evasion|1\n|-sideend|p1: mtyqjltz5|Stealth Rock|[from] move: Defog|[of] p1a: Weezing\n|move|p2a: Ting-Lu|Ruination|p1a: Weezing\n|-damage|p1a: Weezing|49\/100\n|\n|-heal|p1a: Weezing|55\/100|[from] item: Leftovers\n|upkeep\n|turn|12\n|\n|t:|1700024577\n|switch|p1a: Urshifu|Urshifu-Rapid-Strike, M|100\/100\n|move|p2a: Ting-Lu|Stealth Rock|p1a: Urshifu\n|-sidestart|p1: mtyqjltz5|move: Stealth Rock\n|\n|upkeep\n|turn|13\n|\n|t:|1700024591\n|switch|p2a: Corviknight|Corviknight, M|70\/100\n|-ability|p2a: Corviknight|Pressure\n|move|p1a: Urshifu|Thunder Punch|p2a: Corviknight\n|-supereffective|p2a: Corviknight\n|-damage|p2a: Corviknight|36\/100\n|\n|upkeep\n|turn|14\n|\n|t:|1700024615\n|switch|p1a: Weezing|Weezing-Galar, M|55\/100\n|-damage|p1a: Weezing|42\/100|[from] Stealth Rock\n|move|p2a: Corviknight|Roost|p2a: Corviknight\n|-heal|p2a: Corviknight|86\/100\n|-singleturn|p2a: Corviknight|move: Roost\n|\n|-heal|p1a: Weezing|48\/100|[from] item: Leftovers\n|upkeep\n|turn|15\n|\n|t:|1700024632\n|move|p2a: Corviknight|U-turn|p1a: Weezing\n|-resisted|p1a: Weezing\n|-damage|p1a: Weezing|46\/100\n|\n|t:|1700024641\n|switch|p2a: Munkidori|Munkidori, M|100\/100|[from] U-turn\n|move|p1a: Weezing|Defog|p2a: Munkidori\n|-unboost|p2a: Munkidori|evasion|1\n|-sideend|p1: mtyqjltz5|Stealth Rock|[from] move: Defog|[of] p1a: Weezing\n|\n|-heal|p1a: Weezing|52\/100|[from] item: Leftovers\n|upkeep\n|turn|16\n|\n|t:|1700024657\n|switch|p1a: Heatran|Heatran, M|100\/100\n|move|p2a: Munkidori|Psychic|p1a: Heatran\n|-resisted|p1a: Heatran\n|-damage|p1a: Heatran|87\/100\n|\n|-heal|p1a: Heatran|94\/100|[from] item: Leftovers\n|upkeep\n|turn|17\n|\n|t:|1700024665\n|switch|p2a: Ting-Lu|Ting-Lu|100\/100\n|-ability|p2a: Ting-Lu|Vessel of Ruin\n|move|p1a: Heatran|Stealth Rock|p2a: Ting-Lu\n|-sidestart|p2: IceBerryCoffee|move: Stealth Rock\n|\n|-heal|p1a: Heatran|99\/100|[from] item: Leftovers\n|upkeep\n|turn|18\n|\n|t:|1700024674\n|switch|p1a: Rillaboom|Rillaboom, M|80\/100\n|-fieldstart|move: Grassy Terrain|[from] ability: Grassy Surge|[of] p1a: Rillaboom\n|move|p2a: Ting-Lu|Whirlwind|p1a: Rillaboom\n|drag|p1a: Pidgeot|Pidgeot, M, shiny|100\/100\n|\n|upkeep\n|turn|19\n|\n|t:|1700024685\n|detailschange|p1a: Pidgeot|Pidgeot-Mega, M, shiny\n|-mega|p1a: Pidgeot|Pidgeot|Pidgeotite\n|move|p1a: Pidgeot|Hurricane|p2a: Ting-Lu\n|-crit|p2a: Ting-Lu\n|-damage|p2a: Ting-Lu|61\/100\n|-start|p2a: Ting-Lu|confusion\n|-activate|p2a: Ting-Lu|confusion\n|move|p2a: Ting-Lu|Stealth Rock|p1a: Pidgeot\n|-sidestart|p1: mtyqjltz5|move: Stealth Rock\n|\n|-heal|p2a: Ting-Lu|67\/100|[from] Grassy Terrain\n|-heal|p2a: Ting-Lu|73\/100|[from] item: Leftovers\n|upkeep\n|turn|20\n|\n|t:|1700024698\n|move|p1a: Pidgeot|Hurricane|p2a: Ting-Lu\n|-damage|p2a: Ting-Lu|50\/100\n|-activate|p2a: Ting-Lu|confusion\n|move|p2a: Ting-Lu|Ruination|p1a: Pidgeot\n|-damage|p1a: Pidgeot|51\/100\n|\n|-heal|p2a: Ting-Lu|57\/100|[from] Grassy Terrain\n|-heal|p2a: Ting-Lu|63\/100|[from] item: Leftovers\n|upkeep\n|turn|21\n|\n|t:|1700024715\n|move|p1a: Pidgeot|Roost|p1a: Pidgeot\n|-heal|p1a: Pidgeot|100\/100\n|-singleturn|p1a: Pidgeot|move: Roost\n|-activate|p2a: Ting-Lu|confusion\n|-damage|p2a: Ting-Lu|57\/100|[from] confusion\n|\n|-heal|p2a: Ting-Lu|63\/100|[from] Grassy Terrain\n|-heal|p2a: Ting-Lu|70\/100|[from] item: Leftovers\n|upkeep\n|turn|22\n|\n|t:|1700024723\n|move|p1a: Pidgeot|Hurricane|p2a: Ting-Lu\n|-damage|p2a: Ting-Lu|47\/100\n|-activate|p2a: Ting-Lu|confusion\n|move|p2a: Ting-Lu|Whirlwind|p1a: Pidgeot\n|drag|p1a: Slowking|Slowking-Galar, M, shiny|100\/100\n|\n|-heal|p2a: Ting-Lu|53\/100|[from] Grassy Terrain\n|-heal|p2a: Ting-Lu|59\/100|[from] item: Leftovers\n|-fieldend|move: Grassy Terrain\n|upkeep\n|turn|23\n|\n|t:|1700024742\n|switch|p2a: Blacephalon|Blacephalon|100\/100\n|-damage|p2a: Blacephalon|76\/100|[from] Stealth Rock\n|move|p1a: Slowking|Thunder Wave|p2a: Blacephalon\n|-status|p2a: Blacephalon|par\n|\n|upkeep\n|turn|24\n|\n|t:|1700024760\n|switch|p1a: Heatran|Heatran, M|99\/100\n|-damage|p1a: Heatran|87\/100|[from] Stealth Rock\n|cant|p2a: Blacephalon|par\n|\n|-heal|p1a: Heatran|94\/100|[from] item: Leftovers\n|upkeep\n|turn|25\n|\n|t:|1700024772\n|switch|p2a: Ting-Lu|Ting-Lu|59\/100\n|-damage|p2a: Ting-Lu|53\/100|[from] Stealth Rock\n|-ability|p2a: Ting-Lu|Vessel of Ruin\n|move|p1a: Heatran|Taunt|p2a: Ting-Lu\n|-start|p2a: Ting-Lu|move: Taunt\n|\n|-heal|p1a: Heatran|99\/100|[from] item: Leftovers\n|-heal|p2a: Ting-Lu|59\/100|[from] item: Leftovers\n|upkeep\n|turn|26\n|\n|t:|1700024791\n|switch|p1a: Rillaboom|Rillaboom, M|80\/100\n|-damage|p1a: Rillaboom|67\/100|[from] Stealth Rock\n|-fieldstart|move: Grassy Terrain|[from] ability: Grassy Surge|[of] p1a: Rillaboom\n|switch|p2a: Munkidori|Munkidori, M|100\/100\n|-damage|p2a: Munkidori|88\/100|[from] Stealth Rock\n|\n|-heal|p2a: Munkidori|94\/100|[from] Grassy Terrain\n|-heal|p1a: Rillaboom|74\/100|[from] Grassy Terrain\n|upkeep\n|turn|27\n|\n|t:|1700024804\n|switch|p1a: Heatran|Heatran, M|99\/100\n|-damage|p1a: Heatran|87\/100|[from] Stealth Rock\n|move|p2a: Munkidori|Parting Shot|p1a: Heatran\n|-unboost|p1a: Heatran|atk|1\n|-unboost|p1a: Heatran|spa|1\n|\n|t:|1700024814\n|switch|p2a: Lopunny|Lopunny-Mega, F|100\/100|[from] Parting Shot\n|-damage|p2a: Lopunny|95\/100|[from] Stealth Rock\n|\n|-heal|p2a: Lopunny|100\/100|[from] Grassy Terrain\n|-heal|p1a: Heatran|94\/100|[from] Grassy Terrain\n|-heal|p1a: Heatran|99\/100|[from] item: Leftovers\n|upkeep\n|turn|28\n|\n|t:|1700024824\n|switch|p1a: Weezing|Weezing-Galar, M|52\/100\n|-damage|p1a: Weezing|40\/100|[from] Stealth Rock\n|move|p2a: Lopunny|Frustration|p1a: Weezing\n|-damage|p1a: Weezing|4\/100\n|\n|-heal|p1a: Weezing|10\/100|[from] item: Leftovers\n|upkeep\n|turn|29\n|\n|t:|1700024837\n|-terastallize|p1a: Weezing|Ghost\n|move|p2a: Lopunny|Close Combat|p1a: Weezing\n|-damage|p1a: Weezing|0 fnt\n|-unboost|p2a: Lopunny|def|1\n|-unboost|p2a: Lopunny|spd|1\n|faint|p1a: Weezing\n|\n|upkeep\n|inactive|mtyqjltz5 has 120 seconds left.\n|\n|t:|1700024863\n|switch|p1a: Urshifu|Urshifu-Rapid-Strike, M|100\/100\n|-damage|p1a: Urshifu|94\/100|[from] Stealth Rock\n|turn|30\n|\n|t:|1700024869\n|switch|p2a: Rillaboom|Rillaboom, M|100\/100\n|-damage|p2a: Rillaboom|88\/100|[from] Stealth Rock\n|move|p1a: Urshifu|Surging Strikes|p2a: Rillaboom\n|-resisted|p2a: Rillaboom\n|-crit|p2a: Rillaboom\n|-damage|p2a: Rillaboom|80\/100\n|-resisted|p2a: Rillaboom\n|-crit|p2a: Rillaboom\n|-damage|p2a: Rillaboom|71\/100\n|-resisted|p2a: Rillaboom\n|-crit|p2a: Rillaboom\n|-damage|p2a: Rillaboom|61\/100\n|-hitcount|p2a: Rillaboom|3\n|\n|-heal|p1a: Urshifu|100\/100|[from] Grassy Terrain\n|-heal|p2a: Rillaboom|67\/100|[from] Grassy Terrain\n|-heal|p2a: Rillaboom|74\/100|[from] item: Leftovers\n|-fieldend|move: Grassy Terrain\n|upkeep\n|turn|31\n|\n|t:|1700024888\n|switch|p1a: Slowking|Slowking-Galar, M, shiny|100\/100\n|switch|p2a: Corviknight|Corviknight, M|86\/100\n|-damage|p2a: Corviknight|73\/100|[from] Stealth Rock\n|-ability|p2a: Corviknight|Pressure\n|\n|upkeep\n|turn|32\n|\n|t:|1700024898\n|move|p2a: Corviknight|U-turn|p1a: Slowking\n|-damage|p1a: Slowking|88\/100\n|\n|t:|1700024900\n|switch|p2a: Ting-Lu|Ting-Lu|59\/100|[from] U-turn\n|-damage|p2a: Ting-Lu|53\/100|[from] Stealth Rock\n|-ability|p2a: Ting-Lu|Vessel of Ruin\n|move|p1a: Slowking|Flamethrower|p2a: Ting-Lu\n|-damage|p2a: Ting-Lu|43\/100\n|\n|-heal|p2a: Ting-Lu|50\/100|[from] item: Leftovers\n|upkeep\n|turn|33\n|\n|t:|1700024913\n|switch|p1a: Rillaboom|Rillaboom, M|74\/100\n|-damage|p1a: Rillaboom|61\/100|[from] Stealth Rock\n|-fieldstart|move: Grassy Terrain|[from] ability: Grassy Surge|[of] p1a: Rillaboom\n|move|p2a: Ting-Lu|Ruination|p1a: Rillaboom\n|-damage|p1a: Rillaboom|31\/100\n|\n|-heal|p1a: Rillaboom|37\/100|[from] Grassy Terrain\n|-heal|p2a: Ting-Lu|56\/100|[from] Grassy Terrain\n|-heal|p2a: Ting-Lu|62\/100|[from] item: Leftovers\n|upkeep\n|turn|34\n|\n|t:|1700024927\n|switch|p2a: Corviknight|Corviknight, M|73\/100\n|-damage|p2a: Corviknight|61\/100|[from] Stealth Rock\n|-ability|p2a: Corviknight|Pressure\n|move|p1a: Rillaboom|Knock Off|p2a: Corviknight\n|-damage|p2a: Corviknight|40\/100\n|\n|-heal|p1a: Rillaboom|43\/100|[from] Grassy Terrain\n|upkeep\n|turn|35\n|inactive|mtyqjltz5 has 120 seconds left.\n|\n|t:|1700024977\n|switch|p1a: Slowking|Slowking-Galar, M, shiny|100\/100\n|move|p2a: Corviknight|Roost|p2a: Corviknight\n|-heal|p2a: Corviknight|90\/100\n|-singleturn|p2a: Corviknight|move: Roost\n|\n|-heal|p2a: Corviknight|96\/100|[from] Grassy Terrain\n|upkeep\n|turn|36\n|\n|t:|1700024985\n|move|p2a: Corviknight|U-turn|p1a: Slowking\n|-damage|p1a: Slowking|89\/100\n|\n|t:|1700024987\n|switch|p2a: Ting-Lu|Ting-Lu|62\/100|[from] U-turn\n|-damage|p2a: Ting-Lu|56\/100|[from] Stealth Rock\n|-ability|p2a: Ting-Lu|Vessel of Ruin\n|move|p1a: Slowking|Future Sight|p2a: Ting-Lu\n|-start|p1a: Slowking|move: Future Sight\n|\n|-heal|p2a: Ting-Lu|62\/100|[from] Grassy Terrain\n|-heal|p2a: Ting-Lu|68\/100|[from] item: Leftovers\n|-heal|p1a: Slowking|95\/100|[from] Grassy Terrain\n|upkeep\n|turn|37\n|\n|t:|1700024998\n|move|p1a: Slowking|Chilly Reception|p1a: Slowking\n|-weather|Snow\n|\n|t:|1700025001\n|switch|p1a: Urshifu|Urshifu-Rapid-Strike, M|100\/100|[from] Chilly Reception\n|-damage|p1a: Urshifu|94\/100|[from] Stealth Rock\n|move|p2a: Ting-Lu|Whirlwind|p1a: Urshifu\n|drag|p1a: Rillaboom|Rillaboom, M|43\/100\n|-damage|p1a: Rillaboom|31\/100|[from] Stealth Rock\n|\n|-weather|Snow|[upkeep]\n|-heal|p1a: Rillaboom|37\/100|[from] Grassy Terrain\n|-heal|p2a: Ting-Lu|74\/100|[from] Grassy Terrain\n|-heal|p2a: Ting-Lu|81\/100|[from] item: Leftovers\n|-fieldend|move: Grassy Terrain\n|upkeep\n|turn|38\n|\n|t:|1700025023\n|switch|p2a: Corviknight|Corviknight, M|96\/100\n|-damage|p2a: Corviknight|84\/100|[from] Stealth Rock\n|-ability|p2a: Corviknight|Pressure\n|move|p1a: Rillaboom|U-turn|p2a: Corviknight\n|-resisted|p2a: Corviknight\n|-damage|p2a: Corviknight|79\/100\n|\n|t:|1700025031\n|switch|p1a: Slowking|Slowking-Galar, M, shiny|100\/100|[from] U-turn\n|\n|-weather|Snow|[upkeep]\n|-end|p2a: Corviknight|move: Future Sight\n|-resisted|p2a: Corviknight\n|-damage|p2a: Corviknight|60\/100\n|upkeep\n|turn|39\n|\n|t:|1700025039\n|move|p2a: Corviknight|U-turn|p1a: Slowking\n|-damage|p1a: Slowking|89\/100\n|\n|t:|1700025046\n|switch|p2a: Rillaboom|Rillaboom, M|74\/100|[from] U-turn\n|-damage|p2a: Rillaboom|61\/100|[from] Stealth Rock\n|-fieldstart|move: Grassy Terrain|[from] ability: Grassy Surge|[of] p2a: Rillaboom\n|move|p1a: Slowking|Future Sight|p2a: Rillaboom\n|-start|p1a: Slowking|move: Future Sight\n|\n|-weather|Snow|[upkeep]\n|-heal|p2a: Rillaboom|67\/100|[from] Grassy Terrain\n|-heal|p2a: Rillaboom|74\/100|[from] item: Leftovers\n|-heal|p1a: Slowking|95\/100|[from] Grassy Terrain\n|upkeep\n|turn|40\n|\n|t:|1700025068\n|move|p2a: Rillaboom|Knock Off|p1a: Slowking\n|-supereffective|p1a: Slowking\n|-damage|p1a: Slowking|41\/100\n|-enditem|p1a: Slowking|Heavy-Duty Boots|[from] move: Knock Off|[of] p2a: Rillaboom\n|move|p1a: Slowking|Chilly Reception|p1a: Slowking\n|\n|t:|1700025077\n|switch|p1a: Urshifu|Urshifu-Rapid-Strike, M|94\/100|[from] Chilly Reception\n|-damage|p1a: Urshifu|88\/100|[from] Stealth Rock\n|\n|-weather|Snow|[upkeep]\n|-heal|p1a: Urshifu|94\/100|[from] Grassy Terrain\n|-heal|p2a: Rillaboom|80\/100|[from] Grassy Terrain\n|-heal|p2a: Rillaboom|86\/100|[from] item: Leftovers\n|upkeep\n|turn|41\n|\n|t:|1700025086\n|move|p2a: Rillaboom|Grassy Glide|p1a: Urshifu\n|-supereffective|p1a: Urshifu\n|-damage|p1a: Urshifu|18\/100\n|move|p1a: Urshifu|U-turn|p2a: Rillaboom\n|-supereffective|p2a: Rillaboom\n|-damage|p2a: Rillaboom|44\/100\n|\n|t:|1700025100\n|switch|p1a: Heatran|Heatran, M|99\/100|[from] U-turn\n|-damage|p1a: Heatran|87\/100|[from] Stealth Rock\n|\n|-weather|none\n|-end|p2a: Rillaboom|move: Future Sight\n|-damage|p2a: Rillaboom|0 fnt\n|faint|p2a: Rillaboom\n|-heal|p1a: Heatran|94\/100|[from] Grassy Terrain\n|-heal|p1a: Heatran|99\/100|[from] item: Leftovers\n|upkeep\n|\n|t:|1700025118\n|switch|p2a: Ting-Lu|Ting-Lu|81\/100\n|-damage|p2a: Ting-Lu|74\/100|[from] Stealth Rock\n|-ability|p2a: Ting-Lu|Vessel of Ruin\n|turn|42\n|\n|t:|1700025129\n|switch|p1a: Slowking|Slowking-Galar, M, shiny|74\/100\n|-damage|p1a: Slowking|62\/100|[from] Stealth Rock\n|move|p2a: Ting-Lu|Whirlwind|p1a: Slowking\n|drag|p1a: Pidgeot|Pidgeot-Mega, M, shiny|100\/100\n|-damage|p1a: Pidgeot|76\/100|[from] Stealth Rock\n|\n|-heal|p2a: Ting-Lu|81\/100|[from] Grassy Terrain\n|-heal|p2a: Ting-Lu|87\/100|[from] item: Leftovers\n|upkeep\n|turn|43\n|\n|t:|1700025144\n|move|p1a: Pidgeot|Hurricane|p2a: Ting-Lu\n|-damage|p2a: Ting-Lu|61\/100\n|move|p2a: Ting-Lu|Whirlwind|p1a: Pidgeot\n|drag|p1a: Urshifu|Urshifu-Rapid-Strike, M|18\/100\n|-damage|p1a: Urshifu|12\/100|[from] Stealth Rock\n|\n|-heal|p1a: Urshifu|18\/100|[from] Grassy Terrain\n|-heal|p2a: Ting-Lu|67\/100|[from] Grassy Terrain\n|-heal|p2a: Ting-Lu|73\/100|[from] item: Leftovers\n|-fieldend|move: Grassy Terrain\n|upkeep\n|turn|44\n|\n|t:|1700025156\n|switch|p2a: Corviknight|Corviknight, M|60\/100\n|-damage|p2a: Corviknight|47\/100|[from] Stealth Rock\n|-ability|p2a: Corviknight|Pressure\n|move|p1a: Urshifu|Surging Strikes|p2a: Corviknight\n|-crit|p2a: Corviknight\n|-damage|p2a: Corviknight|34\/100\n|-crit|p2a: Corviknight\n|-damage|p2a: Corviknight|22\/100\n|-crit|p2a: Corviknight\n|-damage|p2a: Corviknight|10\/100\n|-hitcount|p2a: Corviknight|3\n|\n|upkeep\n|turn|45\n|\n|t:|1700025169\n|move|p1a: Urshifu|Surging Strikes|p2a: Corviknight\n|-crit|p2a: Corviknight\n|-damage|p2a: Corviknight|0 fnt\n|faint|p2a: Corviknight\n|-hitcount|p2: Corviknight|1\n|\n|upkeep\n|\n|t:|1700025185\n|switch|p2a: Lopunny|Lopunny-Mega, F|100\/100\n|-damage|p2a: Lopunny|95\/100|[from] Stealth Rock\n|turn|46\n|\n|t:|1700025193\n|switch|p1a: Slowking|Slowking-Galar, M, shiny|95\/100\n|-damage|p1a: Slowking|83\/100|[from] Stealth Rock\n|move|p2a: Lopunny|Fake Out|p1a: Slowking\n|-damage|p1a: Slowking|64\/100\n|\n|upkeep\n|turn|47\n|\n|t:|1700025208\n|move|p2a: Lopunny|U-turn|p1a: Slowking\n|-damage|p1a: Slowking|44\/100\n|\n|t:|1700025212\n|switch|p2a: Blacephalon|Blacephalon|76\/100 par|[from] U-turn\n|-damage|p2a: Blacephalon|51\/100 par|[from] Stealth Rock\n|move|p1a: Slowking|Chilly Reception|p1a: Slowking\n|-weather|Snow\n|inactive|mtyqjltz5 has 120 seconds left.\n|\n|t:|1700025265\n|switch|p1a: Pidgeot|Pidgeot-Mega, M, shiny|76\/100|[from] Chilly Reception\n|-damage|p1a: Pidgeot|51\/100|[from] Stealth Rock\n|\n|-weather|Snow|[upkeep]\n|upkeep\n|turn|48\n|\n|t:|1700025279\n|-terastallize|p2a: Blacephalon|Fire\n|move|p1a: Pidgeot|Hurricane|p2a: Blacephalon\n|-damage|p2a: Blacephalon|0 fnt\n|faint|p2a: Blacephalon\n|\n|-weather|Snow|[upkeep]\n|upkeep\n|\n|t:|1700025286\n|switch|p2a: Lopunny|Lopunny-Mega, F|95\/100\n|-damage|p2a: Lopunny|89\/100|[from] Stealth Rock\n|turn|49\n|\n|t:|1700025307\n|move|p2a: Lopunny|Close Combat|p1a: Pidgeot\n|-damage|p1a: Pidgeot|0 fnt\n|-unboost|p2a: Lopunny|def|1\n|-unboost|p2a: Lopunny|spd|1\n|faint|p1a: Pidgeot\n|\n|-weather|Snow|[upkeep]\n|upkeep\n|inactive|mtyqjltz5 has 90 seconds left.\n|\n|t:|1700025325\n|switch|p1a: Urshifu|Urshifu-Rapid-Strike, M|18\/100\n|-damage|p1a: Urshifu|12\/100|[from] Stealth Rock\n|turn|50\n|\n|t:|1700025336\n|move|p1a: Urshifu|Surging Strikes|p2a: Lopunny\n|-crit|p2a: Lopunny\n|-damage|p2a: Lopunny|48\/100\n|-crit|p2a: Lopunny\n|-damage|p2a: Lopunny|5\/100\n|-crit|p2a: Lopunny\n|-damage|p2a: Lopunny|0 fnt\n|faint|p2a: Lopunny\n|-hitcount|p2: Lopunny|3\n|\n|-weather|Snow|[upkeep]\n|upkeep\n|\n|t:|1700025350\n|switch|p2a: Munkidori|Munkidori, M|94\/100\n|-damage|p2a: Munkidori|82\/100|[from] Stealth Rock\n|turn|51\n|\n|t:|1700025367\n|move|p2a: Munkidori|Trick|p1a: Urshifu\n|-activate|p2a: Munkidori|move: Trick|[of] p1a: Urshifu\n|-item|p1a: Urshifu|Choice Scarf|[from] move: Trick\n|-item|p2a: Munkidori|Choice Scarf|[from] move: Trick\n|move|p1a: Urshifu|Surging Strikes|p2a: Munkidori\n|-crit|p2a: Munkidori\n|-damage|p2a: Munkidori|52\/100\n|-crit|p2a: Munkidori\n|-damage|p2a: Munkidori|23\/100\n|-crit|p2a: Munkidori\n|-damage|p2a: Munkidori|0 fnt\n|faint|p2a: Munkidori\n|-hitcount|p2: Munkidori|3\n|\n|-weather|none\n|upkeep\n|-message|IceBerryCoffee forfeited.\n|\n|win|mtyqjltz5\n|raw|mtyqjltz5's rating: 1387 &rarr; <strong>1401<\/strong><br \/>(+14 for winning)\n|raw|IceBerryCoffee's rating: 1287 &rarr; <strong>1269<\/strong><br \/>(-18 for losing)\n|l|\u2606IceBerryCoffee\n","uploadtime":1700025379,"views":4,"p1id":"mtyqjltz5","p2id":"iceberrycoffee","formatid":"gen9nationaldex","rating":1269,"private":0,"password":""}