{"id":"gen9nationaldex-1999245132","p1":"insipido","p2":"Gamer00ooO","format":"[Gen 9] National Dex","log":"|html|<div class=\"broadcast-blue\"><strong>[Gen 9] National Dex is currently suspecting Sneasler! For information on how to participate check out the <a href=\"https:\/\/www.smogon.com\/forums\/threads\/sv-national-dex-suspect-8-just-dance.3731534\/\">suspect thread<\/a>.<\/strong><\/div>\n|j|\u2606insipido\n|j|\u2606Gamer00ooO\n|t:|1701050103\n|gametype|singles\n|player|p1|insipido|n|\n|player|p2|Gamer00ooO|hilbert|\n|teamsize|p1|6\n|teamsize|p2|6\n|gen|9\n|tier|[Gen 9] National Dex\n|rule|HP Percentage Mod: HP is shown in percentages\n|rule|Endless Battle Clause: Forcing endless battles is banned\n|rule|OHKO Clause: OHKO moves are banned\n|rule|Evasion Clause: Evasion abilities, items, and moves are banned\n|rule|Evasion Abilities Clause: Evasion abilities are banned\n|rule|Evasion Items Clause: Evasion items are banned\n|rule|Evasion Moves Clause: Evasion moves are banned\n|rule|Species Clause: Limit one of each Pok\u00e9mon\n|rule|Sleep Clause Mod: Limit one foe put to sleep\n|clearpoke\n|poke|p1|Mawile, M|\n|poke|p1|Tapu Koko|\n|poke|p1|Iron Valiant|\n|poke|p1|Togekiss, F|\n|poke|p1|Ninetales-Alola, F|\n|poke|p1|Azumarill, M|\n|poke|p2|Iron Valiant|\n|poke|p2|Diancie|\n|poke|p2|Gliscor, M|\n|poke|p2|Gardevoir, F|\n|poke|p2|Klefki, F|\n|poke|p2|Enamorus, F|\n|teampreview\n|c|\u2606insipido|Quien gana se queda con el tipo :v\n|c|\u2606Gamer00ooO|Ok\n|\n|t:|1701050151\n|start\n|switch|p1a: Ninetales|Ninetales-Alola, F|100\/100\n|switch|p2a: Llaveros|Klefki, F|100\/100\n|-weather|Snow|[from] ability: Snow Warning|[of] p1a: Ninetales\n|turn|1\n|\n|t:|1701050160\n|move|p2a: Llaveros|Light Screen|p2a: Llaveros\n|-sidestart|p2: Gamer00ooO|move: Light Screen\n|move|p1a: Ninetales|Aurora Veil|p1a: Ninetales\n|-sidestart|p1: insipido|move: Aurora Veil\n|\n|-weather|Snow|[upkeep]\n|upkeep\n|turn|2\n|\n|t:|1701050163\n|switch|p1a: Mawile|Mawile, M|100\/100\n|-ability|p1a: Mawile|Intimidate|boost\n|-unboost|p2a: Llaveros|atk|1\n|move|p2a: Llaveros|Reflect|p2a: Llaveros\n|-sidestart|p2: Gamer00ooO|Reflect\n|\n|-weather|Snow|[upkeep]\n|upkeep\n|turn|3\n|\n|t:|1701050173\n|detailschange|p1a: Mawile|Mawile-Mega, M\n|-mega|p1a: Mawile|Mawile|Mawilite\n|move|p2a: Llaveros|Thunder Wave|p1a: Mawile\n|-status|p1a: Mawile|par\n|move|p1a: Mawile|Fire Fang|p2a: Llaveros|[miss]\n|-miss|p1a: Mawile|p2a: Llaveros\n|\n|-weather|Snow|[upkeep]\n|upkeep\n|turn|4\n|\n|t:|1701050185\n|switch|p2a: Scorp corp|Gliscor, M|100\/100\n|move|p1a: Mawile|Fire Fang|p2a: Scorp corp\n|-damage|p2a: Scorp corp|81\/100\n|-status|p2a: Scorp corp|brn\n|\n|-weather|Snow|[upkeep]\n|-damage|p2a: Scorp corp|75\/100 brn|[from] brn\n|upkeep\n|turn|5\n|\n|t:|1701050201\n|switch|p1a: Ninetales|Ninetales-Alola, F|100\/100\n|move|p2a: Scorp corp|Toxic Spikes|p1a: Ninetales\n|-sidestart|p1: insipido|move: Toxic Spikes\n|\n|-weather|none\n|-damage|p2a: Scorp corp|69\/100 brn|[from] brn\n|upkeep\n|turn|6\n|\n|t:|1701050213\n|switch|p2a: Eco Eco|Gardevoir, F|100\/100\n|-weather|Snow|[from] ability: Snow Warning|[of] p2a: Eco Eco\n|-ability|p2a: Eco Eco|Snow Warning|[from] ability: Trace|[of] p1a: Ninetales\n|move|p1a: Ninetales|Freeze-Dry|p2a: Eco Eco\n|-damage|p2a: Eco Eco|86\/100\n|-status|p2a: Eco Eco|frz\n|\n|-weather|Snow|[upkeep]\n|upkeep\n|turn|7\n|\n|t:|1701050224\n|switch|p1a: Mawile|Mawile-Mega, M|100\/100 par\n|detailschange|p2a: Eco Eco|Gardevoir-Mega, F\n|-mega|p2a: Eco Eco|Gardevoir|Gardevoirite\n|-curestatus|p2a: Eco Eco|frz|[msg]\n|move|p2a: Eco Eco|Mystical Fire|p1a: Mawile\n|-supereffective|p1a: Mawile\n|-damage|p1a: Mawile|68\/100 par\n|-unboost|p1a: Mawile|spa|1\n|\n|-weather|Snow|[upkeep]\n|upkeep\n|turn|8\n|\n|t:|1701050259\n|move|p2a: Eco Eco|Mystical Fire|p1a: Mawile\n|-supereffective|p1a: Mawile\n|-damage|p1a: Mawile|37\/100 par\n|-unboost|p1a: Mawile|spa|1\n|move|p1a: Mawile|Iron Head|p2a: Eco Eco\n|-supereffective|p2a: Eco Eco\n|-damage|p2a: Eco Eco|0 fnt\n|faint|p2a: Eco Eco\n|\n|-weather|Snow|[upkeep]\n|-sideend|p2: Gamer00ooO|move: Light Screen\n|-sideend|p1: insipido|move: Aurora Veil\n|upkeep\n|\n|t:|1701050267\n|switch|p2a: Enamorus|Enamorus, F|100\/100\n|turn|9\n|\n|t:|1701050274\n|move|p2a: Enamorus|Superpower|p1a: Mawile\n|-damage|p1a: Mawile|11\/100 par\n|-boost|p2a: Enamorus|atk|1\n|-boost|p2a: Enamorus|def|1\n|move|p1a: Mawile|Iron Head|p2a: Enamorus\n|-supereffective|p2a: Enamorus\n|-damage|p2a: Enamorus|34\/100\n|\n|-weather|Snow|[upkeep]\n|-sideend|p2: Gamer00ooO|Reflect\n|upkeep\n|turn|10\n|\n|t:|1701050281\n|move|p1a: Mawile|Sucker Punch|p2a: Enamorus\n|-resisted|p2a: Enamorus\n|-damage|p2a: Enamorus|17\/100\n|move|p2a: Enamorus|Superpower|p1a: Mawile\n|-damage|p1a: Mawile|0 fnt\n|-boost|p2a: Enamorus|atk|1\n|-boost|p2a: Enamorus|def|1\n|faint|p1a: Mawile\n|\n|-weather|none\n|upkeep\n|\n|t:|1701050286\n|switch|p1a: Ninetales|Ninetales-Alola, F|100\/100\n|-status|p1a: Ninetales|psn\n|-weather|Snow|[from] ability: Snow Warning|[of] p1a: Ninetales\n|turn|11\n|j| Sylveon(404)\n|\n|t:|1701050301\n|move|p1a: Ninetales|Aurora Veil|p1a: Ninetales\n|-sidestart|p1: insipido|move: Aurora Veil\n|move|p2a: Enamorus|Sludge Bomb|p1a: Ninetales\n|-supereffective|p1a: Ninetales\n|-damage|p1a: Ninetales|68\/100 psn\n|\n|-weather|Snow|[upkeep]\n|-damage|p1a: Ninetales|56\/100 psn|[from] psn\n|upkeep\n|turn|12\n|c| Sylveon(404)|-10\/10 para los 2\n|c| Sylveon(404)|no tienen a poppy\n|\n|t:|1701050323\n|move|p1a: Ninetales|Freeze-Dry|p2a: Enamorus\n|-supereffective|p2a: Enamorus\n|-damage|p2a: Enamorus|0 fnt\n|faint|p2a: Enamorus\n|\n|-weather|Snow|[upkeep]\n|-damage|p1a: Ninetales|44\/100 psn|[from] psn\n|upkeep\n|\n|t:|1701050333\n|switch|p2a: Llaveros|Klefki, F|100\/100\n|turn|13\n|\n|t:|1701050342\n|move|p2a: Llaveros|Light Screen|p2a: Llaveros\n|-sidestart|p2: Gamer00ooO|move: Light Screen\n|move|p1a: Ninetales|Moonblast|p2a: Llaveros\n|-resisted|p2a: Llaveros\n|-damage|p2a: Llaveros|92\/100\n|-unboost|p2a: Llaveros|spa|1\n|\n|-weather|Snow|[upkeep]\n|-damage|p1a: Ninetales|32\/100 psn|[from] psn\n|upkeep\n|turn|14\n|\n|t:|1701050348\n|move|p2a: Llaveros|Reflect|p2a: Llaveros\n|-sidestart|p2: Gamer00ooO|Reflect\n|move|p1a: Ninetales|Encore|p2a: Llaveros\n|-start|p2a: Llaveros|Encore\n|\n|-weather|Snow|[upkeep]\n|-damage|p1a: Ninetales|20\/100 psn|[from] psn\n|upkeep\n|turn|15\n|\n|t:|1701050358\n|switch|p1a: Tapu Koko|Tapu Koko|100\/100\n|-status|p1a: Tapu Koko|psn\n|-fieldstart|move: Electric Terrain|[from] ability: Electric Surge|[of] p1a: Tapu Koko\n|move|p2a: Llaveros|Reflect||[still]\n|-fail|p2a: Llaveros\n|\n|-weather|none\n|-damage|p1a: Tapu Koko|88\/100 psn|[from] psn\n|upkeep\n|turn|16\n|\n|t:|1701050369\n|move|p2a: Llaveros|Reflect||[still]\n|-fail|p2a: Llaveros\n|move|p1a: Tapu Koko|Dazzling Gleam|p2a: Llaveros\n|-resisted|p2a: Llaveros\n|-damage|p2a: Llaveros|84\/100\n|\n|-damage|p1a: Tapu Koko|76\/100 psn|[from] psn\n|upkeep\n|turn|17\n|\n|t:|1701050381\n|move|p2a: Llaveros|Reflect||[still]\n|-fail|p2a: Llaveros\n|move|p1a: Tapu Koko|Thunderbolt|p2a: Llaveros\n|-damage|p2a: Llaveros|60\/100\n|\n|-damage|p1a: Tapu Koko|63\/100 psn|[from] psn\n|-end|p2a: Llaveros|Encore\n|upkeep\n|turn|18\n|\n|t:|1701050394\n|switch|p2a: Steven|Diancie|100\/100\n|move|p1a: Tapu Koko|Volt Switch|p2a: Steven\n|-damage|p2a: Steven|86\/100\n|\n|t:|1701050398\n|switch|p1a: Iron Valiant|Iron Valiant|100\/100|[from] Volt Switch\n|-status|p1a: Iron Valiant|psn\n|-activate|p1a: Iron Valiant|ability: Quark Drive\n|-start|p1a: Iron Valiant|quarkdrivespe\n|\n|-heal|p2a: Steven|93\/100|[from] item: Leftovers\n|-damage|p1a: Iron Valiant|88\/100 psn|[from] psn\n|-sideend|p1: insipido|move: Aurora Veil\n|upkeep\n|turn|19\n|\n|t:|1701050473\n|-terastallize|p2a: Steven|Electric\n|move|p1a: Iron Valiant|Close Combat|p2a: Steven\n|-damage|p2a: Steven|71\/100\n|-unboost|p1a: Iron Valiant|def|1\n|-unboost|p1a: Iron Valiant|spd|1\n|move|p2a: Steven|Diamond Storm|p1a: Iron Valiant\n|-resisted|p1a: Iron Valiant\n|-damage|p1a: Iron Valiant|58\/100 psn\n|\n|-heal|p2a: Steven|77\/100|[from] item: Leftovers\n|-damage|p1a: Iron Valiant|45\/100 psn|[from] psn\n|upkeep\n|turn|20\n|\n|t:|1701050484\n|move|p1a: Iron Valiant|Close Combat|p2a: Steven\n|-damage|p2a: Steven|56\/100\n|-unboost|p1a: Iron Valiant|def|1\n|-unboost|p1a: Iron Valiant|spd|1\n|move|p2a: Steven|Play Rough|p1a: Iron Valiant|[miss]\n|-miss|p2a: Steven|p1a: Iron Valiant\n|\n|-heal|p2a: Steven|62\/100|[from] item: Leftovers\n|-damage|p1a: Iron Valiant|33\/100 psn|[from] psn\n|-sideend|p2: Gamer00ooO|move: Light Screen\n|upkeep\n|turn|21\n|\n|t:|1701050494\n|-end|p1a: Iron Valiant|Quark Drive|[silent]\n|switch|p1a: Ninetales|Ninetales-Alola, F|20\/100 psn\n|-weather|Snow|[from] ability: Snow Warning|[of] p1a: Ninetales\n|move|p2a: Steven|Diamond Storm|p1a: Ninetales\n|-supereffective|p1a: Ninetales\n|-damage|p1a: Ninetales|0 fnt\n|faint|p1a: Ninetales\n|\n|-weather|Snow|[upkeep]\n|-heal|p2a: Steven|68\/100|[from] item: Leftovers\n|-sideend|p2: Gamer00ooO|Reflect\n|upkeep\n|\n|t:|1701050507\n|switch|p1a: Azumarill|Azumarill, M|100\/100\n|-status|p1a: Azumarill|psn\n|turn|22\n|c|\u2606Gamer00ooO|Va parejos\n|\n|t:|1701050522\n|switch|p2a: Llaveros|Klefki, F|60\/100\n|-terastallize|p1a: Azumarill|Water\n|move|p1a: Azumarill|Liquidation|p2a: Llaveros\n|-damage|p2a: Llaveros|0 fnt\n|faint|p2a: Llaveros\n|\n|-weather|Snow|[upkeep]\n|-damage|p1a: Azumarill|88\/100 psn|[from] psn\n|-fieldend|move: Electric Terrain\n|upkeep\n|c|\u2606insipido|Si\n|\n|t:|1701050532\n|switch|p2a: Patriota de hierro|Iron Valiant|100\/100\n|turn|23\n|\n|t:|1701050537\n|move|p2a: Patriota de hierro|Thunderbolt|p1a: Azumarill\n|-supereffective|p1a: Azumarill\n|-damage|p1a: Azumarill|15\/100 psn\n|move|p1a: Azumarill|Liquidation|p2a: Patriota de hierro\n|-damage|p2a: Patriota de hierro|20\/100\n|\n|-weather|Snow|[upkeep]\n|-damage|p1a: Azumarill|3\/100 psn|[from] psn\n|upkeep\n|turn|24\n|\n|t:|1701050544\n|switch|p1a: Tapu Koko|Tapu Koko|63\/100 psn\n|-fieldstart|move: Electric Terrain|[from] ability: Electric Surge|[of] p1a: Tapu Koko\n|-activate|p2a: Patriota de hierro|ability: Quark Drive\n|-start|p2a: Patriota de hierro|quarkdrivespe\n|move|p2a: Patriota de hierro|Thunderbolt|p1a: Tapu Koko\n|-resisted|p1a: Tapu Koko\n|-damage|p1a: Tapu Koko|33\/100 psn\n|\n|-weather|Snow|[upkeep]\n|-damage|p1a: Tapu Koko|20\/100 psn|[from] psn\n|upkeep\n|turn|25\n|\n|t:|1701050579\n|move|p2a: Patriota de hierro|Moonblast|p1a: Tapu Koko\n|-damage|p1a: Tapu Koko|0 fnt\n|faint|p1a: Tapu Koko\n|\n|-weather|none\n|upkeep\n|\n|t:|1701050587\n|switch|p1a: Azumarill|Azumarill, M, tera:Water|3\/100 psn\n|turn|26\n|\n|t:|1701050596\n|move|p1a: Azumarill|Aqua Jet|p2a: Patriota de hierro\n|-damage|p2a: Patriota de hierro|0 fnt\n|faint|p2a: Patriota de hierro\n|-end|p2a: Patriota de hierro|Quark Drive|[silent]\n|\n|-damage|p1a: Azumarill|0 fnt|[from] psn\n|faint|p1a: Azumarill\n|upkeep\n|\n|t:|1701050606\n|switch|p2a: Scorp corp|Gliscor, M|69\/100 brn\n|switch|p1a: Iron Valiant|Iron Valiant|33\/100 psn\n|-activate|p1a: Iron Valiant|ability: Quark Drive\n|-start|p1a: Iron Valiant|quarkdrivespe\n|turn|27\n|\n|t:|1701050612\n|move|p1a: Iron Valiant|Spirit Break|p2a: Scorp corp\n|-damage|p2a: Scorp corp|32\/100 brn\n|-unboost|p2a: Scorp corp|spa|1\n|move|p2a: Scorp corp|Facade|p1a: Iron Valiant\n|-damage|p1a: Iron Valiant|0 fnt\n|faint|p1a: Iron Valiant\n|-end|p1a: Iron Valiant|Quark Drive|[silent]\n|\n|-damage|p2a: Scorp corp|26\/100 brn|[from] brn\n|upkeep\n|\n|t:|1701050616\n|switch|p1a: Togekiss|Togekiss, F|100\/100\n|turn|28\n|\n|t:|1701050625\n|move|p1a: Togekiss|Dazzling Gleam|p2a: Scorp corp\n|-damage|p2a: Scorp corp|0 fnt\n|faint|p2a: Scorp corp\n|\n|upkeep\n|\n|t:|1701050629\n|switch|p2a: Steven|Diancie, tera:Electric|68\/100\n|turn|29\n|\n|t:|1701050632\n|move|p1a: Togekiss|Dazzling Gleam|p2a: Steven\n|-damage|p2a: Steven|37\/100\n|move|p2a: Steven|Diamond Storm|p1a: Togekiss\n|-supereffective|p1a: Togekiss\n|-damage|p1a: Togekiss|21\/100\n|-boost|p2a: Steven|def|2\n|\n|-heal|p2a: Steven|43\/100|[from] item: Leftovers\n|upkeep\n|turn|30\n|\n|t:|1701050638\n|move|p1a: Togekiss|Dazzling Gleam|p2a: Steven\n|-damage|p2a: Steven|16\/100\n|move|p2a: Steven|Diamond Storm|p1a: Togekiss\n|-supereffective|p1a: Togekiss\n|-crit|p1a: Togekiss\n|-damage|p1a: Togekiss|0 fnt\n|-boost|p2a: Steven|def|2\n|faint|p1a: Togekiss\n|\n|win|Gamer00ooO\n|c|\u2606insipido|GG\n|c|\u2606Gamer00ooO|Gg\n|c| Sylveon(404)|gg\n|c|\u2606insipido|Jsjsjsbsakdnsjnx\n|l| Sylveon(404)\n|c|\u2606Gamer00ooO|Muy parejos\n|l|\u2606insipido\n","uploadtime":1701050661,"views":11,"p1id":"insipido","p2id":"gamer00ooo","formatid":"gen9nationaldex","rating":0,"private":0,"password":""}