{"id":"gen9nationaldex-2000165318","p1":"radical63","p2":"midding","format":"[Gen 9] National Dex","log":"|html|<div class=\"broadcast-blue\"><strong>[Gen 9] National Dex is currently suspecting Sneasler! For information on how to participate check out the <a href=\"https:\/\/www.smogon.com\/forums\/threads\/sv-national-dex-suspect-8-just-dance.3731534\/\">suspect thread<\/a>.<\/strong><\/div>\n|j|\u2606radical63\n|j|\u2606midding\n|t:|1701165942\n|gametype|singles\n|player|p1|radical63|iono|1586\n|player|p2|midding|emmet|1573\n|teamsize|p1|6\n|teamsize|p2|6\n|gen|9\n|tier|[Gen 9] National Dex\n|rated|\n|rule|HP Percentage Mod: HP is shown in percentages\n|rule|Endless Battle Clause: Forcing endless battles is banned\n|rule|OHKO Clause: OHKO moves are banned\n|rule|Evasion Clause: Evasion abilities, items, and moves are banned\n|rule|Evasion Abilities Clause: Evasion abilities are banned\n|rule|Evasion Items Clause: Evasion items are banned\n|rule|Evasion Moves Clause: Evasion moves are banned\n|rule|Species Clause: Limit one of each Pok\u00e9mon\n|rule|Sleep Clause Mod: Limit one foe put to sleep\n|clearpoke\n|poke|p1|Aerodactyl, F|\n|poke|p1|Alomomola, M|\n|poke|p1|Tapu Lele|\n|poke|p1|Garchomp, M|\n|poke|p1|Iron Treads|\n|poke|p1|Hydreigon, M|\n|poke|p2|Hatterene, F|\n|poke|p2|Cresselia, F|\n|poke|p2|Porygon2|\n|poke|p2|Ursaluna, F|\n|poke|p2|Crawdaunt, F|\n|poke|p2|Camerupt, M|\n|teampreview\n|\n|t:|1701165953\n|start\n|switch|p1a: Iron Treads|Iron Treads|100\/100\n|switch|p2a: Hatterene|Hatterene, F, shiny|100\/100\n|turn|1\n|\n|t:|1701165959\n|move|p1a: Iron Treads|Heavy Slam|p2a: Hatterene\n|-supereffective|p2a: Hatterene\n|-enditem|p2a: Hatterene|Focus Sash\n|-damage|p2a: Hatterene|1\/100\n|move|p2a: Hatterene|Trick Room|p2a: Hatterene\n|-fieldstart|move: Trick Room|[of] p2a: Hatterene\n|\n|upkeep\n|turn|2\n|\n|t:|1701165967\n|move|p2a: Hatterene|Mystical Fire|p1a: Iron Treads\n|-supereffective|p1a: Iron Treads\n|-damage|p1a: Iron Treads|70\/100\n|-unboost|p1a: Iron Treads|spa|1\n|move|p1a: Iron Treads|Volt Switch|p2a: Hatterene\n|-damage|p2a: Hatterene|0 fnt\n|faint|p2a: Hatterene\n|\n|t:|1701165973\n|-end|p1a: Iron Treads|Quark Drive|[silent]\n|switch|p1a: Alomomola|Alomomola, M|100\/100|[from] Volt Switch\n|\n|upkeep\n|\n|t:|1701165984\n|switch|p2a: Ursaluna|Ursaluna, F|100\/100\n|turn|3\n|\n|t:|1701166000\n|move|p2a: Ursaluna|Swords Dance|p2a: Ursaluna\n|-boost|p2a: Ursaluna|atk|2\n|move|p1a: Alomomola|Toxic|p2a: Ursaluna\n|-status|p2a: Ursaluna|tox\n|\n|-damage|p2a: Ursaluna|94\/100 tox|[from] psn\n|upkeep\n|turn|4\n|\n|t:|1701166020\n|move|p2a: Ursaluna|Swords Dance|p2a: Ursaluna\n|-boost|p2a: Ursaluna|atk|2\n|move|p1a: Alomomola|Wish|p1a: Alomomola\n|\n|-damage|p2a: Ursaluna|82\/100 tox|[from] psn\n|upkeep\n|turn|5\n|\n|t:|1701166033\n|switch|p1a: Iron Treads|Iron Treads|70\/100\n|move|p2a: Ursaluna|Facade|p1a: Iron Treads\n|-resisted|p1a: Iron Treads\n|-damage|p1a: Iron Treads|0 fnt\n|faint|p1a: Iron Treads\n|-end|p1a: Iron Treads|Quark Drive|[silent]\n|\n|-damage|p2a: Ursaluna|64\/100 tox|[from] psn\n|-fieldend|move: Trick Room\n|upkeep\n|\n|t:|1701166042\n|switch|p1a: Tapu Lele|Tapu Lele|100\/100\n|-fieldstart|move: Psychic Terrain|[from] ability: Psychic Surge|[of] p1a: Tapu Lele\n|turn|6\n|\n|t:|1701166049\n|switch|p2a: Cresselia|Cresselia, F|100\/100\n|move|p1a: Tapu Lele|Psychic|p2a: Cresselia\n|-resisted|p2a: Cresselia\n|-damage|p2a: Cresselia|86\/100\n|\n|-heal|p2a: Cresselia|92\/100|[from] item: Leftovers\n|upkeep\n|turn|7\n|\n|t:|1701166059\n|switch|p1a: Hydreigon|Hydreigon, M|100\/100\n|move|p2a: Cresselia|Trick Room|p2a: Cresselia\n|-fieldstart|move: Trick Room|[of] p2a: Cresselia\n|\n|-heal|p2a: Cresselia|98\/100|[from] item: Leftovers\n|upkeep\n|turn|8\n|\n|t:|1701166076\n|switch|p2a: Porygon2|Porygon2|100\/100\n|-ability|p2a: Porygon2|Download|boost\n|-boost|p2a: Porygon2|spa|1\n|move|p1a: Hydreigon|Substitute|p1a: Hydreigon\n|-start|p1a: Hydreigon|Substitute\n|-damage|p1a: Hydreigon|76\/100\n|\n|-heal|p1a: Hydreigon|82\/100|[from] item: Leftovers\n|upkeep\n|turn|9\n|\n|t:|1701166086\n|move|p2a: Porygon2|Ice Beam|p1a: Hydreigon\n|-supereffective|p1a: Hydreigon\n|-end|p1a: Hydreigon|Substitute\n|move|p1a: Hydreigon|Nasty Plot|p1a: Hydreigon\n|-boost|p1a: Hydreigon|spa|2\n|\n|-heal|p1a: Hydreigon|88\/100|[from] item: Leftovers\n|upkeep\n|turn|10\n|\n|t:|1701166095\n|-terastallize|p1a: Hydreigon|Poison\n|move|p2a: Porygon2|Ice Beam|p1a: Hydreigon\n|-damage|p1a: Hydreigon|52\/100\n|move|p1a: Hydreigon|Dark Pulse|p2a: Porygon2\n|-damage|p2a: Porygon2|47\/100\n|\n|-heal|p1a: Hydreigon|58\/100|[from] item: Leftovers\n|-fieldend|move: Psychic Terrain\n|upkeep\n|turn|11\n|\n|t:|1701166106\n|move|p2a: Porygon2|Ice Beam|p1a: Hydreigon\n|-damage|p1a: Hydreigon|23\/100\n|move|p1a: Hydreigon|Dark Pulse|p2a: Porygon2\n|-damage|p2a: Porygon2|0 fnt\n|faint|p2a: Porygon2\n|\n|-heal|p1a: Hydreigon|29\/100|[from] item: Leftovers\n|-fieldend|move: Trick Room\n|upkeep\n|\n|t:|1701166120\n|switch|p2a: Crawdaunt|Crawdaunt, F|100\/100\n|turn|12\n|\n|t:|1701166128\n|switch|p1a: Garchomp|Garchomp, M|100\/100\n|move|p2a: Crawdaunt|Crabhammer|p1a: Garchomp\n|-crit|p1a: Garchomp\n|-damage|p1a: Garchomp|11\/100\n|-damage|p2a: Crawdaunt|88\/100|[from] ability: Rough Skin|[of] p1a: Garchomp\n|-damage|p2a: Crawdaunt|71\/100|[from] item: Rocky Helmet|[of] p1a: Garchomp\n|-damage|p2a: Crawdaunt|61\/100|[from] item: Life Orb\n|\n|upkeep\n|turn|13\n|\n|t:|1701166140\n|switch|p1a: Tapu Lele|Tapu Lele|100\/100\n|-fieldstart|move: Psychic Terrain|[from] ability: Psychic Surge|[of] p1a: Tapu Lele\n|move|p2a: Crawdaunt|Aqua Jet|p1a: Tapu Lele\n|-activate|p1a: Tapu Lele|move: Psychic Terrain\n|\n|upkeep\n|turn|14\n|\n|t:|1701166148\n|switch|p2a: Camerupt|Camerupt, M|100\/100\n|move|p1a: Tapu Lele|Moonblast|p2a: Camerupt\n|-resisted|p2a: Camerupt\n|-damage|p2a: Camerupt|70\/100\n|\n|upkeep\n|turn|15\n|\n|t:|1701166159\n|switch|p1a: Aerodactyl|Aerodactyl, F|100\/100\n|-ability|p1a: Aerodactyl|Unnerve\n|detailschange|p2a: Camerupt|Camerupt-Mega, M\n|-mega|p2a: Camerupt|Camerupt|Cameruptite\n|move|p2a: Camerupt|Fire Blast|p1a: Aerodactyl\n|-resisted|p1a: Aerodactyl\n|-damage|p1a: Aerodactyl|38\/100\n|\n|upkeep\n|turn|16\n|\n|t:|1701166171\n|switch|p2a: Cresselia|Cresselia, F|98\/100\n|detailschange|p1a: Aerodactyl|Aerodactyl-Mega, F\n|-mega|p1a: Aerodactyl|Aerodactyl|Aerodactylite\n|move|p1a: Aerodactyl|Dual Wingbeat|p2a: Cresselia\n|-damage|p2a: Cresselia|78\/100\n|-damage|p2a: Cresselia|58\/100\n|-hitcount|p2a: Cresselia|2\n|\n|-heal|p2a: Cresselia|64\/100|[from] item: Leftovers\n|upkeep\n|turn|17\n|\n|t:|1701166184\n|switch|p1a: Alomomola|Alomomola, M|100\/100\n|move|p2a: Cresselia|Trick Room|p2a: Cresselia\n|-fieldstart|move: Trick Room|[of] p2a: Cresselia\n|\n|-heal|p2a: Cresselia|70\/100|[from] item: Leftovers\n|-fieldend|move: Psychic Terrain\n|upkeep\n|turn|18\n|\n|t:|1701166193\n|switch|p2a: Crawdaunt|Crawdaunt, F|61\/100\n|move|p1a: Alomomola|Wish|p1a: Alomomola\n|\n|upkeep\n|turn|19\n|\n|t:|1701166198\n|move|p2a: Crawdaunt|Knock Off|p1a: Alomomola\n|-damage|p1a: Alomomola|39\/100\n|-enditem|p1a: Alomomola|Heavy-Duty Boots|[from] move: Knock Off|[of] p2a: Crawdaunt\n|-damage|p2a: Crawdaunt|51\/100|[from] item: Life Orb\n|move|p1a: Alomomola|Flip Turn|p2a: Crawdaunt\n|-resisted|p2a: Crawdaunt\n|-damage|p2a: Crawdaunt|41\/100\n|\n|t:|1701166208\n|switch|p1a: Garchomp|Garchomp, M|11\/100|[from] Flip Turn\n|\n|-heal|p1a: Garchomp|73\/100|[from] move: Wish|[wisher] Alomomola\n|upkeep\n|turn|20\n|\n|t:|1701166223\n|switch|p1a: Alomomola|Alomomola, M|73\/100\n|-terastallize|p2a: Crawdaunt|Water\n|move|p2a: Crawdaunt|Crabhammer|p1a: Alomomola\n|-resisted|p1a: Alomomola\n|-damage|p1a: Alomomola|42\/100\n|-damage|p2a: Crawdaunt|31\/100|[from] item: Life Orb\n|\n|upkeep\n|turn|21\n|\n|t:|1701166249\n|switch|p1a: Garchomp|Garchomp, M|73\/100\n|move|p2a: Crawdaunt|Knock Off|p1a: Garchomp\n|-damage|p1a: Garchomp|28\/100\n|-damage|p2a: Crawdaunt|19\/100|[from] ability: Rough Skin|[of] p1a: Garchomp\n|-damage|p2a: Crawdaunt|2\/100|[from] item: Rocky Helmet|[of] p1a: Garchomp\n|-enditem|p1a: Garchomp|Rocky Helmet|[from] move: Knock Off|[of] p2a: Crawdaunt\n|-damage|p2a: Crawdaunt|0 fnt|[from] item: Life Orb\n|faint|p2a: Crawdaunt\n|\n|-fieldend|move: Trick Room\n|upkeep\n|\n|t:|1701166263\n|switch|p2a: Cresselia|Cresselia, F|70\/100\n|turn|22\n|\n|t:|1701166283\n|move|p1a: Garchomp|Dragon Tail|p2a: Cresselia\n|-damage|p2a: Cresselia|53\/100\n|drag|p2a: Ursaluna|Ursaluna, F|64\/100 tox\n|\n|-damage|p2a: Ursaluna|58\/100 tox|[from] psn\n|upkeep\n|turn|23\n|l|\u2606radical63\n|player|p1|\n|inactive|Battle timer is ON: inactive players will automatically lose when time's up. (requested by midding)\n|j|\u2606radical63\n|inactive|radical63 reconnected and has 150 seconds left.\n|player|p1|radical63|iono\n|\n|t:|1701166330\n|switch|p1a: Hydreigon|Hydreigon, M, tera:Poison|29\/100\n|move|p2a: Ursaluna|Facade|p1a: Hydreigon\n|-damage|p1a: Hydreigon|0 fnt\n|faint|p1a: Hydreigon\n|\n|-damage|p2a: Ursaluna|46\/100 tox|[from] psn\n|upkeep\n|\n|t:|1701166343\n|switch|p1a: Aerodactyl|Aerodactyl-Mega, F|38\/100\n|turn|24\n|\n|t:|1701166361\n|move|p1a: Aerodactyl|Ice Fang|p2a: Ursaluna\n|-supereffective|p2a: Ursaluna\n|-damage|p2a: Ursaluna|0 fnt\n|faint|p2a: Ursaluna\n|\n|upkeep\n|\n|t:|1701166370\n|switch|p2a: Cresselia|Cresselia, F|53\/100\n|turn|25\n|\n|t:|1701166383\n|switch|p1a: Alomomola|Alomomola, M|76\/100\n|move|p2a: Cresselia|Trick Room|p2a: Cresselia\n|-fieldstart|move: Trick Room|[of] p2a: Cresselia\n|\n|-heal|p2a: Cresselia|59\/100|[from] item: Leftovers\n|upkeep\n|turn|26\n|\n|t:|1701166391\n|move|p1a: Alomomola|Wish|p1a: Alomomola\n|move|p2a: Cresselia|Lunar Dance|p2a: Cresselia\n|faint|p2a: Cresselia\n|\n|upkeep\n|\n|t:|1701166397\n|switch|p2a: Camerupt|Camerupt-Mega, M|70\/100\n|-heal|p2a: Camerupt|100\/100|[from] move: Lunar Dance\n|turn|27\n|\n|t:|1701166403\n|move|p2a: Camerupt|Earth Power|p1a: Alomomola\n|-damage|p1a: Alomomola|14\/100\n|move|p1a: Alomomola|Flip Turn|p2a: Camerupt\n|-supereffective|p2a: Camerupt\n|-damage|p2a: Camerupt|38\/100\n|\n|t:|1701166409\n|switch|p1a: Garchomp|Garchomp, M|28\/100|[from] Flip Turn\n|\n|-heal|p1a: Garchomp|90\/100|[from] move: Wish|[wisher] Alomomola\n|upkeep\n|turn|28\n|\n|t:|1701166421\n|move|p2a: Camerupt|Earth Power|p1a: Garchomp\n|-damage|p1a: Garchomp|24\/100\n|move|p1a: Garchomp|Earthquake|p2a: Camerupt\n|-supereffective|p2a: Camerupt\n|-damage|p2a: Camerupt|0 fnt\n|faint|p2a: Camerupt\n|\n|win|radical63\n|raw|radical63's rating: 1586 &rarr; <strong>1605<\/strong><br \/>(+19 for winning)\n|raw|midding's rating: 1573 &rarr; <strong>1554<\/strong><br \/>(-19 for losing)\n|l|\u2606midding\n","uploadtime":1701166458,"views":2,"p1id":"radical63","p2id":"midding","formatid":"gen9nationaldex","rating":1554,"private":0,"password":""}