{"id":"gen9nationaldex-1994726827","p1":"jzhuc1841","p2":"woemeng","format":"[Gen 9] National Dex","log":"|html|<div class=\"broadcast-blue\"><strong>[Gen 9] National Dex is currently suspecting Sneasler! For information on how to participate check out the <a href=\"https:\/\/www.smogon.com\/forums\/threads\/sv-national-dex-suspect-8-just-dance.3731534\/\">suspect thread<\/a>.<\/strong><\/div>\n|j|\u2606jzhuc1841\n|j|\u2606woemeng\n|t:|1700486295\n|gametype|singles\n|player|p1|jzhuc1841|hilbert-wonderlauncher|1658\n|player|p2|woemeng|lillie|1538\n|teamsize|p1|6\n|teamsize|p2|6\n|gen|9\n|tier|[Gen 9] National Dex\n|rated|\n|rule|HP Percentage Mod: HP is shown in percentages\n|rule|Endless Battle Clause: Forcing endless battles is banned\n|rule|OHKO Clause: OHKO moves are banned\n|rule|Evasion Clause: Evasion abilities, items, and moves are banned\n|rule|Evasion Abilities Clause: Evasion abilities are banned\n|rule|Evasion Items Clause: Evasion items are banned\n|rule|Evasion Moves Clause: Evasion moves are banned\n|rule|Species Clause: Limit one of each Pok\u00e9mon\n|rule|Sleep Clause Mod: Limit one foe put to sleep\n|clearpoke\n|poke|p1|Zamazenta-*|\n|poke|p1|Banette, M|\n|poke|p1|Heatran, F|\n|poke|p1|Zapdos|\n|poke|p1|Urshifu-*, M|\n|poke|p1|Iron Valiant|\n|poke|p2|Banette, M|\n|poke|p2|Hatterene, F|\n|poke|p2|Cresselia, F|\n|poke|p2|Zamazenta-*|\n|poke|p2|Marowak-Alola, F|\n|poke|p2|Hoopa-Unbound|\n|teampreview\n|c|\u2606jzhuc1841|\u7a7a\u95f4\u76fe\u72d7\n|c|\u2606jzhuc1841|\u4eba\u624d\u554a\n|\n|t:|1700486329\n|start\n|switch|p1a: Heatran|Heatran, F|100\/100\n|switch|p2a: Hatterene|Hatterene, F|100\/100\n|turn|1\n|\n|t:|1700486347\n|switch|p2a: Cresselia|Cresselia, F|100\/100\n|move|p1a: Heatran|Magma Storm|p2a: Cresselia\n|-damage|p2a: Cresselia|71\/100\n|-activate|p2a: Cresselia|move: Magma Storm|[of] p1a: Heatran\n|\n|-damage|p2a: Cresselia|59\/100|[from] move: Magma Storm|[partiallytrapped]\n|upkeep\n|turn|2\n|\n|t:|1700486354\n|move|p1a: Heatran|Stealth Rock|p2a: Cresselia\n|-sidestart|p2: woemeng|move: Stealth Rock\n|move|p2a: Cresselia|Calm Mind|p2a: Cresselia\n|-boost|p2a: Cresselia|spa|1\n|-boost|p2a: Cresselia|spd|1\n|\n|-damage|p2a: Cresselia|47\/100|[from] move: Magma Storm|[partiallytrapped]\n|upkeep\n|turn|3\n|\n|t:|1700486360\n|switch|p1a: Banette|Banette, M|100\/100\n|move|p2a: Cresselia|Moonlight|p2a: Cresselia\n|-heal|p2a: Cresselia|96\/100\n|\n|-end|p2a: Cresselia|Magma Storm|[partiallytrapped]|[silent]\n|upkeep\n|turn|4\n|\n|t:|1700486400\n|detailschange|p1a: Banette|Banette-Mega, M\n|-mega|p1a: Banette|Banette|Banettite\n|move|p1a: Banette|Encore|p2a: Cresselia\n|-start|p2a: Cresselia|Encore\n|move|p2a: Cresselia|Moonlight|p2a: Cresselia\n|-heal|p2a: Cresselia|100\/100\n|\n|upkeep\n|turn|5\n|\n|t:|1700486406\n|switch|p2a: Zamazenta|Zamazenta|100\/100\n|-damage|p2a: Zamazenta|94\/100|[from] Stealth Rock\n|-ability|p2a: Zamazenta|Dauntless Shield|boost\n|-boost|p2a: Zamazenta|def|1\n|move|p1a: Banette|Poltergeist|p2a: Zamazenta|[miss]\n|-miss|p1a: Banette|p2a: Zamazenta\n|\n|-heal|p2a: Zamazenta|100\/100|[from] item: Leftovers\n|upkeep\n|turn|6\n|\n|t:|1700486429\n|move|p1a: Banette|Destiny Bond|p1a: Banette\n|-singlemove|p1a: Banette|Destiny Bond\n|move|p2a: Zamazenta|Wild Charge|p1a: Banette\n|-damage|p1a: Banette|60\/100\n|-damage|p2a: Zamazenta|92\/100|[from] Recoil\n|\n|-heal|p2a: Zamazenta|98\/100|[from] item: Leftovers\n|upkeep\n|turn|7\n|\n|t:|1700486435\n|switch|p1a: Iron Valiant|Iron Valiant|100\/100\n|-enditem|p1a: Iron Valiant|Booster Energy\n|-activate|p1a: Iron Valiant|ability: Quark Drive|[fromitem]\n|-start|p1a: Iron Valiant|quarkdrivespe\n|move|p2a: Zamazenta|Wild Charge|p1a: Iron Valiant\n|-damage|p1a: Iron Valiant|71\/100\n|-damage|p2a: Zamazenta|92\/100|[from] Recoil\n|\n|-heal|p2a: Zamazenta|98\/100|[from] item: Leftovers\n|upkeep\n|turn|8\n|\n|t:|1700486447\n|-terastallize|p2a: Zamazenta|Steel\n|move|p1a: Iron Valiant|Calm Mind|p1a: Iron Valiant\n|-boost|p1a: Iron Valiant|spa|1\n|-boost|p1a: Iron Valiant|spd|1\n|move|p2a: Zamazenta|Roar|p1a: Iron Valiant\n|-end|p1a: Iron Valiant|Quark Drive|[silent]\n|drag|p1a: Banette|Banette-Mega, M|60\/100\n|\n|-heal|p2a: Zamazenta|100\/100|[from] item: Leftovers\n|upkeep\n|turn|9\n|\n|t:|1700486455\n|move|p1a: Banette|Encore|p2a: Zamazenta\n|-start|p2a: Zamazenta|Encore\n|move|p2a: Zamazenta|Roar|p1a: Banette\n|drag|p1a: Urshifu|Urshifu-Rapid-Strike, M|100\/100\n|\n|upkeep\n|turn|10\n|\n|t:|1700486465\n|switch|p2a: Cresselia|Cresselia, F|100\/100\n|-damage|p2a: Cresselia|88\/100|[from] Stealth Rock\n|move|p1a: Urshifu|Close Combat|p2a: Cresselia\n|-resisted|p2a: Cresselia\n|-damage|p2a: Cresselia|71\/100\n|-unboost|p1a: Urshifu|def|1\n|-unboost|p1a: Urshifu|spd|1\n|\n|upkeep\n|turn|11\n|\n|t:|1700486472\n|switch|p1a: Banette|Banette-Mega, M|60\/100\n|move|p2a: Cresselia|Moonblast|p1a: Banette\n|-damage|p1a: Banette|34\/100\n|-unboost|p1a: Banette|spa|1\n|\n|upkeep\n|turn|12\n|\n|t:|1700486488\n|switch|p2a: Zamazenta|Zamazenta, tera:Steel|100\/100\n|-damage|p2a: Zamazenta|94\/100|[from] Stealth Rock\n|move|p1a: Banette|Poltergeist|p2a: Zamazenta\n|-activate|p2a: Zamazenta|move: Poltergeist|Leftovers\n|-damage|p2a: Zamazenta|38\/100\n|\n|-heal|p2a: Zamazenta|44\/100|[from] item: Leftovers\n|upkeep\n|turn|13\n|\n|t:|1700486499\n|switch|p1a: Zapdos|Zapdos|100\/100\n|move|p2a: Zamazenta|Roar|p1a: Zapdos\n|drag|p1a: Urshifu|Urshifu-Rapid-Strike, M|100\/100\n|\n|-heal|p2a: Zamazenta|50\/100|[from] item: Leftovers\n|upkeep\n|turn|14\n|\n|t:|1700486506\n|move|p1a: Urshifu|Surging Strikes|p2a: Zamazenta\n|-crit|p2a: Zamazenta\n|-damage|p2a: Zamazenta|36\/100\n|-crit|p2a: Zamazenta\n|-damage|p2a: Zamazenta|20\/100\n|-crit|p2a: Zamazenta\n|-damage|p2a: Zamazenta|6\/100\n|-hitcount|p2a: Zamazenta|3\n|move|p2a: Zamazenta|Wild Charge|p1a: Urshifu\n|-supereffective|p1a: Urshifu\n|-damage|p1a: Urshifu|48\/100\n|-damage|p2a: Zamazenta|0 fnt|[from] Recoil\n|faint|p2a: Zamazenta\n|\n|upkeep\n|\n|t:|1700486513\n|switch|p2a: Hatterene|Hatterene, F|100\/100\n|-damage|p2a: Hatterene|88\/100|[from] Stealth Rock\n|turn|15\n|\n|t:|1700486518\n|-terastallize|p1a: Urshifu|Water\n|move|p1a: Urshifu|Surging Strikes|p2a: Hatterene\n|-crit|p2a: Hatterene\n|-damage|p2a: Hatterene|58\/100\n|-crit|p2a: Hatterene\n|-damage|p2a: Hatterene|27\/100\n|-crit|p2a: Hatterene\n|-damage|p2a: Hatterene|0 fnt\n|faint|p2a: Hatterene\n|-hitcount|p2: Hatterene|3\n|\n|upkeep\n|\n|t:|1700486527\n|switch|p2a: \u5c11\u524d2\u5378\u8f7d\u5668|Banette, M|100\/100\n|-damage|p2a: \u5c11\u524d2\u5378\u8f7d\u5668|88\/100|[from] Stealth Rock\n|-item|p1a: Urshifu|Choice Scarf|[from] ability: Frisk|[of] p2a: \u5c11\u524d2\u5378\u8f7d\u5668|[identify]\n|turn|16\n|\n|t:|1700486532\n|detailschange|p2a: \u5c11\u524d2\u5378\u8f7d\u5668|Banette-Mega, M\n|-mega|p2a: \u5c11\u524d2\u5378\u8f7d\u5668|Banette|Banettite\n|move|p2a: \u5c11\u524d2\u5378\u8f7d\u5668|Destiny Bond|p2a: \u5c11\u524d2\u5378\u8f7d\u5668\n|-singlemove|p2a: \u5c11\u524d2\u5378\u8f7d\u5668|Destiny Bond\n|move|p1a: Urshifu|Surging Strikes|p2a: \u5c11\u524d2\u5378\u8f7d\u5668\n|-crit|p2a: \u5c11\u524d2\u5378\u8f7d\u5668\n|-damage|p2a: \u5c11\u524d2\u5378\u8f7d\u5668|51\/100\n|-crit|p2a: \u5c11\u524d2\u5378\u8f7d\u5668\n|-damage|p2a: \u5c11\u524d2\u5378\u8f7d\u5668|16\/100\n|-crit|p2a: \u5c11\u524d2\u5378\u8f7d\u5668\n|-damage|p2a: \u5c11\u524d2\u5378\u8f7d\u5668|0 fnt\n|faint|p2a: \u5c11\u524d2\u5378\u8f7d\u5668\n|-activate|p2a: \u5c11\u524d2\u5378\u8f7d\u5668|move: Destiny Bond\n|faint|p1a: Urshifu\n|-hitcount|p2: \u5c11\u524d2\u5378\u8f7d\u5668|3\n|\n|upkeep\n|\n|t:|1700486549\n|switch|p1a: Banette|Banette-Mega, M|34\/100\n|switch|p2a: Hoopa|Hoopa-Unbound|100\/100\n|-damage|p2a: Hoopa|88\/100|[from] Stealth Rock\n|turn|17\n|\n|t:|1700486568\n|move|p1a: Banette|Destiny Bond|p1a: Banette\n|-singlemove|p1a: Banette|Destiny Bond\n|move|p2a: Hoopa|Hyperspace Fury|p1a: Banette\n|-supereffective|p1a: Banette\n|-damage|p1a: Banette|0 fnt\n|-unboost|p2a: Hoopa|def|1\n|faint|p1a: Banette\n|-activate|p1a: Banette|move: Destiny Bond\n|faint|p2a: Hoopa\n|\n|upkeep\n|\n|t:|1700486581\n|switch|p1a: Heatran|Heatran, F|100\/100\n|switch|p2a: Marowak|Marowak-Alola, F|100\/100\n|-damage|p2a: Marowak|76\/100|[from] Stealth Rock\n|turn|18\n|\n|t:|1700486585\n|move|p1a: Heatran|Earth Power|p2a: Marowak\n|-supereffective|p2a: Marowak\n|-damage|p2a: Marowak|2\/100\n|move|p2a: Marowak|Poltergeist|p1a: Heatran\n|-activate|p1a: Heatran|move: Poltergeist|Leftovers\n|-damage|p1a: Heatran|44\/100\n|\n|-heal|p1a: Heatran|50\/100|[from] item: Leftovers\n|upkeep\n|turn|19\n|\n|t:|1700486595\n|move|p1a: Heatran|Earth Power|p2a: Marowak\n|-supereffective|p2a: Marowak\n|-damage|p2a: Marowak|0 fnt\n|faint|p2a: Marowak\n|\n|-heal|p1a: Heatran|56\/100|[from] item: Leftovers\n|upkeep\n|\n|t:|1700486597\n|switch|p2a: Cresselia|Cresselia, F|71\/100\n|-damage|p2a: Cresselia|59\/100|[from] Stealth Rock\n|turn|20\n|\n|t:|1700486603\n|move|p1a: Heatran|Magma Storm|p2a: Cresselia\n|-damage|p2a: Cresselia|25\/100\n|-activate|p2a: Cresselia|move: Magma Storm|[of] p1a: Heatran\n|move|p2a: Cresselia|Moonlight|p2a: Cresselia\n|-heal|p2a: Cresselia|75\/100\n|\n|-heal|p1a: Heatran|62\/100|[from] item: Leftovers\n|-damage|p2a: Cresselia|62\/100|[from] move: Magma Storm|[partiallytrapped]\n|upkeep\n|turn|21\n|\n|t:|1700486612\n|switch|p1a: Zamazenta|Zamazenta|100\/100\n|-ability|p1a: Zamazenta|Dauntless Shield|boost\n|-boost|p1a: Zamazenta|def|1\n|move|p2a: Cresselia|Calm Mind|p2a: Cresselia\n|-boost|p2a: Cresselia|spa|1\n|-boost|p2a: Cresselia|spd|1\n|\n|-end|p2a: Cresselia|Magma Storm|[partiallytrapped]|[silent]\n|upkeep\n|turn|22\n|\n|t:|1700486620\n|move|p1a: Zamazenta|Crunch|p2a: Cresselia\n|-supereffective|p2a: Cresselia\n|-damage|p2a: Cresselia|38\/100\n|-unboost|p2a: Cresselia|def|1\n|-enditem|p2a: Cresselia|Weakness Policy\n|-boost|p2a: Cresselia|atk|2|[from] item: Weakness Policy\n|-boost|p2a: Cresselia|spa|2|[from] item: Weakness Policy\n|move|p2a: Cresselia|Moonblast|p1a: Zamazenta\n|-supereffective|p1a: Zamazenta\n|-damage|p1a: Zamazenta|18\/100\n|-unboost|p1a: Zamazenta|spa|1\n|\n|-heal|p1a: Zamazenta|24\/100|[from] item: Leftovers\n|upkeep\n|turn|23\n|\n|t:|1700486628\n|move|p1a: Zamazenta|Crunch|p2a: Cresselia\n|-supereffective|p2a: Cresselia\n|-damage|p2a: Cresselia|2\/100\n|-unboost|p2a: Cresselia|def|1\n|move|p2a: Cresselia|Moonlight|p2a: Cresselia\n|-heal|p2a: Cresselia|52\/100\n|\n|-heal|p1a: Zamazenta|30\/100|[from] item: Leftovers\n|upkeep\n|turn|24\n|\n|t:|1700486633\n|move|p1a: Zamazenta|Crunch|p2a: Cresselia\n|-supereffective|p2a: Cresselia\n|-damage|p2a: Cresselia|8\/100\n|move|p2a: Cresselia|Moonlight|p2a: Cresselia\n|-heal|p2a: Cresselia|58\/100\n|\n|-heal|p1a: Zamazenta|36\/100|[from] item: Leftovers\n|upkeep\n|turn|25\n|\n|t:|1700486654\n|move|p1a: Zamazenta|Crunch|p2a: Cresselia\n|-supereffective|p2a: Cresselia\n|-damage|p2a: Cresselia|11\/100\n|move|p2a: Cresselia|Moonlight|p2a: Cresselia\n|-heal|p2a: Cresselia|61\/100\n|\n|-heal|p1a: Zamazenta|43\/100|[from] item: Leftovers\n|upkeep\n|turn|26\n|\n|t:|1700486663\n|move|p1a: Zamazenta|Crunch|p2a: Cresselia\n|-supereffective|p2a: Cresselia\n|-damage|p2a: Cresselia|12\/100\n|-unboost|p2a: Cresselia|def|1\n|move|p2a: Cresselia|Moonlight|p2a: Cresselia\n|-heal|p2a: Cresselia|62\/100\n|\n|-heal|p1a: Zamazenta|49\/100|[from] item: Leftovers\n|upkeep\n|turn|27\n|\n|t:|1700486671\n|move|p1a: Zamazenta|Crunch|p2a: Cresselia\n|-supereffective|p2a: Cresselia\n|-damage|p2a: Cresselia|3\/100\n|-unboost|p2a: Cresselia|def|1\n|move|p2a: Cresselia|Moonblast|p1a: Zamazenta\n|-supereffective|p1a: Zamazenta\n|-damage|p1a: Zamazenta|0 fnt\n|faint|p1a: Zamazenta\n|\n|upkeep\n|\n|t:|1700486678\n|switch|p1a: Iron Valiant|Iron Valiant|71\/100\n|turn|28\n|\n|t:|1700486683\n|move|p1a: Iron Valiant|Moonblast|p2a: Cresselia\n|-damage|p2a: Cresselia|0 fnt\n|faint|p2a: Cresselia\n|\n|win|jzhuc1841\n|raw|jzhuc1841's rating: 1658 &rarr; <strong>1671<\/strong><br \/>(+13 for winning)\n|raw|woemeng's rating: 1538 &rarr; <strong>1525<\/strong><br \/>(-13 for losing)\n|l|\u2606woemeng\n","uploadtime":1700486689,"views":3,"p1id":"jzhuc1841","p2id":"woemeng","formatid":"gen9nationaldex","rating":1525,"private":0,"password":""}