{"id":"gen9nationaldex-1988164447","p1":"Plasmacrusader x","p2":"Blake-Mamba","format":"[Gen 9] National Dex","log":"|j|\u2606Plasmacrusader x\n|j|\u2606Blake-Mamba\n|t:|1699678052\n|gametype|singles\n|player|p1|Plasmacrusader x|101|1441\n|player|p2|Blake-Mamba|juan|1378\n|teamsize|p1|6\n|teamsize|p2|6\n|gen|9\n|tier|[Gen 9] National Dex\n|rated|\n|rule|HP Percentage Mod: HP is shown in percentages\n|rule|Endless Battle Clause: Forcing endless battles is banned\n|rule|OHKO Clause: OHKO moves are banned\n|rule|Evasion Clause: Evasion abilities, items, and moves are banned\n|rule|Evasion Abilities Clause: Evasion abilities are banned\n|rule|Evasion Items Clause: Evasion items are banned\n|rule|Evasion Moves Clause: Evasion moves are banned\n|rule|Species Clause: Limit one of each Pok\u00e9mon\n|rule|Sleep Clause Mod: Limit one foe put to sleep\n|clearpoke\n|poke|p1|Alakazam, F|\n|poke|p1|Greninja-*, F|\n|poke|p1|Golem-Alola, F|\n|poke|p1|Grimmsnarl, M|\n|poke|p1|Ribombee, F|\n|poke|p1|Rillaboom, F|\n|poke|p2|Cinccino, M|\n|poke|p2|Zebstrika, F|\n|poke|p2|Ferrothorn, F|\n|poke|p2|Seismitoad, F|\n|poke|p2|Krookodile, M|\n|poke|p2|Emboar, F|\n|teampreview\n|inactive|Battle timer is ON: inactive players will automatically lose when time's up. (requested by Blake-Mamba)\n|\n|t:|1699678063\n|start\n|switch|p1a: Rillaboom|Rillaboom, F|100\/100\n|switch|p2a: Cinccino|Cinccino, M|100\/100\n|-fieldstart|move: Grassy Terrain|[from] ability: Grassy Surge|[of] p1a: Rillaboom\n|turn|1\n|c|\u2606Blake-Mamba|Glhf\n|\n|t:|1699678070\n|move|p1a: Rillaboom|Grassy Glide|p2a: Cinccino\n|-damage|p2a: Cinccino|10\/100\n|move|p2a: Cinccino|Triple Axel|p1a: Rillaboom\n|-supereffective|p1a: Rillaboom\n|-crit|p1a: Rillaboom\n|-damage|p1a: Rillaboom|60\/100\n|-hitcount|p1a: Rillaboom|1\n|-damage|p2a: Cinccino|0 fnt|[from] item: Life Orb\n|faint|p2a: Cinccino\n|\n|-heal|p1a: Rillaboom|66\/100|[from] Grassy Terrain\n|upkeep\n|c|\u2606Plasmacrusader x|U2\n|\n|t:|1699678084\n|switch|p2a: Zebstrika|Zebstrika, F, shiny|100\/100\n|turn|2\n|\n|t:|1699678094\n|switch|p1a: Ribombee|Ribombee, F|100\/100\n|move|p2a: Zebstrika|Flame Charge|p1a: Ribombee\n|-supereffective|p1a: Ribombee\n|-damage|p1a: Ribombee|36\/100\n|-boost|p2a: Zebstrika|spe|1\n|\n|-heal|p1a: Ribombee|42\/100|[from] Grassy Terrain\n|upkeep\n|turn|3\n|c|\u2606Blake-Mamba|Yeah I\u2019m not feeling too lucky rn\n|\n|t:|1699678107\n|switch|p1a: Grimmsnarl|Grimmsnarl, M|100\/100\n|move|p2a: Zebstrika|Flame Charge|p1a: Grimmsnarl\n|-damage|p1a: Grimmsnarl|80\/100\n|-boost|p2a: Zebstrika|spe|1\n|\n|-heal|p1a: Grimmsnarl|87\/100|[from] Grassy Terrain\n|upkeep\n|turn|4\n|\n|t:|1699678117\n|move|p1a: Grimmsnarl|Reflect|p1a: Grimmsnarl\n|-sidestart|p1: Plasmacrusader x|Reflect\n|-zpower|p2a: Zebstrika\n|move|p2a: Zebstrika|Gigavolt Havoc|p1a: Grimmsnarl|[zeffect]\n|-damage|p1a: Grimmsnarl|38\/100\n|\n|-heal|p1a: Grimmsnarl|44\/100|[from] Grassy Terrain\n|upkeep\n|turn|5\n|\n|t:|1699678127\n|move|p1a: Grimmsnarl|Parting Shot|p2a: Zebstrika\n|-unboost|p2a: Zebstrika|atk|1\n|-unboost|p2a: Zebstrika|spa|1\n|inactive|Plasmacrusader x has 120 seconds left.\n|\n|t:|1699678168\n|switch|p1a: Golem|Golem-Alola, F, shiny|100\/100|[from] Parting Shot\n|move|p2a: Zebstrika|Wild Charge|p1a: Golem\n|-resisted|p1a: Golem\n|-damage|p1a: Golem|95\/100\n|-damage|p2a: Zebstrika|99\/100|[from] Recoil\n|\n|-heal|p2a: Zebstrika|100\/100|[from] Grassy Terrain\n|-heal|p1a: Golem|100\/100|[from] Grassy Terrain\n|-fieldend|move: Grassy Terrain\n|upkeep\n|turn|6\n|\n|t:|1699678183\n|switch|p2a: Krookodile|Krookodile, M|100\/100\n|move|p1a: Golem|Rock Polish|p1a: Golem\n|-boost|p1a: Golem|spe|2\n|\n|upkeep\n|turn|7\n|inactive|Plasmacrusader x has 120 seconds left.\n|\n|t:|1699678190\n|-terastallize|p1a: Golem|Ice\n|move|p1a: Golem|Tera Blast|p2a: Krookodile|[anim] Tera Blast Ice\n|-supereffective|p2a: Krookodile\n|-damage|p2a: Krookodile|0 fnt\n|faint|p2a: Krookodile\n|\n|upkeep\n|\n|t:|1699678197\n|switch|p2a: Ferrothorn|Ferrothorn, F|100\/100\n|turn|8\n|\n|t:|1699678203\n|move|p1a: Golem|Earthquake|p2a: Ferrothorn\n|-damage|p2a: Ferrothorn|80\/100\n|move|p2a: Ferrothorn|Leech Seed|p1a: Golem\n|-start|p1a: Golem|move: Leech Seed\n|\n|-damage|p1a: Golem|88\/100|[from] Leech Seed|[of] p2a: Ferrothorn\n|-heal|p2a: Ferrothorn|91\/100|[silent]\n|upkeep\n|turn|9\n|\n|t:|1699678212\n|switch|p1a: Ribombee|Ribombee, F|42\/100\n|move|p2a: Ferrothorn|Iron Defense|p2a: Ferrothorn\n|-boost|p2a: Ferrothorn|def|2\n|\n|upkeep\n|turn|10\n|\n|t:|1699678218\n|move|p1a: Ribombee|Sticky Web|p2a: Ferrothorn\n|-sidestart|p2: Blake-Mamba|move: Sticky Web\n|move|p2a: Ferrothorn|Body Press|p1a: Ribombee\n|-resisted|p1a: Ribombee\n|-damage|p1a: Ribombee|28\/100\n|\n|upkeep\n|turn|11\n|\n|t:|1699678224\n|move|p1a: Ribombee|Moonblast|p2a: Ferrothorn\n|-resisted|p2a: Ferrothorn\n|-damage|p2a: Ferrothorn|74\/100\n|move|p2a: Ferrothorn|Leech Seed|p1a: Ribombee\n|-start|p1a: Ribombee|move: Leech Seed\n|\n|-damage|p1a: Ribombee|15\/100|[from] Leech Seed|[of] p2a: Ferrothorn\n|-heal|p2a: Ferrothorn|83\/100|[silent]\n|-sideend|p1: Plasmacrusader x|Reflect\n|upkeep\n|turn|12\n|\n|t:|1699678234\n|move|p1a: Ribombee|Moonblast|p2a: Ferrothorn\n|-resisted|p2a: Ferrothorn\n|-damage|p2a: Ferrothorn|64\/100\n|move|p2a: Ferrothorn|Iron Defense|p2a: Ferrothorn\n|-boost|p2a: Ferrothorn|def|2\n|\n|-damage|p1a: Ribombee|3\/100|[from] Leech Seed|[of] p2a: Ferrothorn\n|-heal|p2a: Ferrothorn|73\/100|[silent]\n|upkeep\n|turn|13\n|\n|t:|1699678243\n|move|p1a: Ribombee|Moonblast|p2a: Ferrothorn\n|-resisted|p2a: Ferrothorn\n|-damage|p2a: Ferrothorn|56\/100\n|move|p2a: Ferrothorn|Body Press|p1a: Ribombee\n|-resisted|p1a: Ribombee\n|-crit|p1a: Ribombee\n|-damage|p1a: Ribombee|0 fnt\n|faint|p1a: Ribombee\n|\n|upkeep\n|\n|t:|1699678246\n|switch|p1a: Grimmsnarl|Grimmsnarl, M|44\/100\n|turn|14\n|\n|t:|1699678255\n|move|p1a: Grimmsnarl|Taunt|p2a: Ferrothorn\n|-start|p2a: Ferrothorn|move: Taunt\n|move|p2a: Ferrothorn|Body Press|p1a: Grimmsnarl\n|-damage|p1a: Grimmsnarl|0 fnt\n|faint|p1a: Grimmsnarl\n|\n|upkeep\n|\n|t:|1699678257\n|switch|p1a: Alakazam|Alakazam, F|100\/100\n|turn|15\n|\n|t:|1699678265\n|-terastallize|p2a: Ferrothorn|Ghost\n|move|p1a: Alakazam|Focus Blast|p2a: Ferrothorn\n|-immune|p2a: Ferrothorn\n|move|p2a: Ferrothorn|Body Press|p1a: Alakazam\n|-resisted|p1a: Alakazam\n|-damage|p1a: Alakazam|0 fnt\n|faint|p1a: Alakazam\n|\n|upkeep\n|\n|t:|1699678268\n|switch|p1a: Greninja|Greninja, F|100\/100\n|turn|16\n|\n|t:|1699678278\n|switch|p2a: Emboar|Emboar, F, shiny|100\/100\n|-activate|p2a: Emboar|move: Sticky Web\n|-unboost|p2a: Emboar|spe|1\n|move|p1a: Greninja|Dark Pulse|p2a: Emboar\n|-start|p1a: Greninja|typechange|Dark|[from] ability: Protean\n|-resisted|p2a: Emboar\n|-damage|p2a: Emboar|78\/100\n|\n|upkeep\n|turn|17\n|\n|t:|1699678289\n|move|p1a: Greninja|Surf|p2a: Emboar\n|-supereffective|p2a: Emboar\n|-damage|p2a: Emboar|9\/100\n|move|p2a: Emboar|Superpower|p1a: Greninja\n|-supereffective|p1a: Greninja\n|-damage|p1a: Greninja|0 fnt\n|-unboost|p2a: Emboar|atk|1\n|-unboost|p2a: Emboar|def|1\n|faint|p1a: Greninja\n|\n|upkeep\n|\n|t:|1699678299\n|switch|p1a: Golem|Golem-Alola, F, shiny, tera:Ice|88\/100\n|turn|18\n|\n|t:|1699678303\n|move|p2a: Emboar|Superpower|p1a: Golem\n|-supereffective|p1a: Golem\n|-damage|p1a: Golem|20\/100\n|-unboost|p2a: Emboar|atk|1\n|-unboost|p2a: Emboar|def|1\n|move|p1a: Golem|Earthquake|p2a: Emboar\n|-supereffective|p2a: Emboar\n|-damage|p2a: Emboar|0 fnt\n|faint|p2a: Emboar\n|\n|upkeep\n|\n|t:|1699678313\n|switch|p2a: Ferrothorn|Ferrothorn, F, tera:Ghost|56\/100\n|-activate|p2a: Ferrothorn|move: Sticky Web\n|-unboost|p2a: Ferrothorn|spe|1\n|turn|19\n|\n|t:|1699678319\n|switch|p1a: Rillaboom|Rillaboom, F|66\/100\n|-fieldstart|move: Grassy Terrain|[from] ability: Grassy Surge|[of] p1a: Rillaboom\n|move|p2a: Ferrothorn|Iron Defense|p2a: Ferrothorn\n|-boost|p2a: Ferrothorn|def|2\n|\n|-heal|p1a: Rillaboom|72\/100|[from] Grassy Terrain\n|-heal|p2a: Ferrothorn|62\/100|[from] Grassy Terrain\n|upkeep\n|turn|20\n|\n|t:|1699678330\n|move|p1a: Rillaboom|Knock Off|p2a: Ferrothorn\n|-supereffective|p2a: Ferrothorn\n|-damage|p2a: Ferrothorn|33\/100\n|-damage|p1a: Rillaboom|60\/100|[from] ability: Iron Barbs|[of] p2a: Ferrothorn\n|-damage|p1a: Rillaboom|44\/100|[from] item: Rocky Helmet|[of] p2a: Ferrothorn\n|-enditem|p2a: Ferrothorn|Rocky Helmet|[from] move: Knock Off|[of] p1a: Rillaboom\n|move|p2a: Ferrothorn|Iron Defense|p2a: Ferrothorn\n|-boost|p2a: Ferrothorn|def|2\n|\n|-heal|p1a: Rillaboom|50\/100|[from] Grassy Terrain\n|-heal|p2a: Ferrothorn|39\/100|[from] Grassy Terrain\n|upkeep\n|turn|21\n|-message|Plasmacrusader x forfeited.\n|\n|win|Blake-Mamba\n|raw|Plasmacrusader x's rating: 1441 &rarr; <strong>1417<\/strong><br \/>(-24 for losing)\n|raw|Blake-Mamba's rating: 1378 &rarr; <strong>1402<\/strong><br \/>(+24 for winning)\n|l|\u2606Plasmacrusader x\n","uploadtime":1699678349,"views":4,"p1id":"plasmacrusaderx","p2id":"blakemamba","formatid":"gen9nationaldex","rating":1402,"private":0,"password":""}