{"id":"gen9nationaldex-1999987404","p1":"gock in my rari","p2":"Stink mechanism","format":"[Gen 9] National Dex","log":"|html|<div class=\"broadcast-blue\"><strong>[Gen 9] National Dex is currently suspecting Sneasler! For information on how to participate check out the <a href=\"https:\/\/www.smogon.com\/forums\/threads\/sv-national-dex-suspect-8-just-dance.3731534\/\">suspect thread<\/a>.<\/strong><\/div>\n|j|\u2606gock in my rari\n|j|\u2606Stink mechanism\n|t:|1701138034\n|gametype|singles\n|player|p1|gock in my rari|grusha|\n|player|p2|Stink mechanism|1|\n|teamsize|p1|6\n|teamsize|p2|6\n|gen|9\n|tier|[Gen 9] National Dex\n|rule|HP Percentage Mod: HP is shown in percentages\n|rule|Endless Battle Clause: Forcing endless battles is banned\n|rule|OHKO Clause: OHKO moves are banned\n|rule|Evasion Clause: Evasion abilities, items, and moves are banned\n|rule|Evasion Abilities Clause: Evasion abilities are banned\n|rule|Evasion Items Clause: Evasion items are banned\n|rule|Evasion Moves Clause: Evasion moves are banned\n|rule|Species Clause: Limit one of each Pok\u00e9mon\n|rule|Sleep Clause Mod: Limit one foe put to sleep\n|clearpoke\n|poke|p1|Steelix, M|\n|poke|p1|Sandy Shocks|\n|poke|p1|Tangrowth, F|\n|poke|p1|Swalot, F|\n|poke|p1|Toedscruel, F|\n|poke|p1|Sandaconda, F|\n|poke|p2|Arcanine-Hisui, M|\n|poke|p2|Abomasnow, M|\n|poke|p2|Arctozolt|\n|poke|p2|Crobat, F|\n|poke|p2|Kleavor, M|\n|poke|p2|Shiftry, F|\n|teampreview\n|inactive|Battle timer is ON: inactive players will automatically lose when time's up. (requested by gock in my rari)\n|inactiveoff|Battle timer is now OFF.\n|\n|t:|1701138051\n|start\n|switch|p1a: Big Stepper|Sandy Shocks|100\/100\n|switch|p2a: Shiftry|Shiftry, F|100\/100\n|-enditem|p1a: Big Stepper|Booster Energy\n|-activate|p1a: Big Stepper|ability: Protosynthesis|[fromitem]\n|-start|p1a: Big Stepper|protosynthesisspa\n|turn|1\n|\n|t:|1701138069\n|move|p2a: Shiftry|Tailwind|p2a: Shiftry\n|-sidestart|p2: Stink mechanism|move: Tailwind\n|-ability|p2a: Shiftry|Wind Rider|boost\n|-boost|p2a: Shiftry|atk|1\n|move|p1a: Big Stepper|Stealth Rock|p2a: Shiftry\n|-sidestart|p2: Stink mechanism|move: Stealth Rock\n|\n|upkeep\n|turn|2\n|c|\u2606gock in my rari|oh shit I EV'd this thing wrong\n|c|\u2606gock in my rari|I meant to do speed booster\n|\n|t:|1701138083\n|move|p2a: Shiftry|Seed Bomb|p1a: Big Stepper\n|-supereffective|p1a: Big Stepper\n|-damage|p1a: Big Stepper|0 fnt\n|faint|p1a: Big Stepper\n|-end|p1a: Big Stepper|Protosynthesis|[silent]\n|-damage|p2a: Shiftry|91\/100|[from] item: Life Orb\n|\n|upkeep\n|\n|t:|1701138090\n|switch|p1a: Nancy Reagan|Swalot, F|100\/100\n|turn|3\n|\n|t:|1701138094\n|move|p2a: Shiftry|Knock Off|p1a: Nancy Reagan\n|-damage|p1a: Nancy Reagan|23\/100\n|-activate|p1a: Nancy Reagan|ability: Sticky Hold\n|-damage|p2a: Shiftry|81\/100|[from] item: Life Orb\n|move|p1a: Nancy Reagan|Poison Jab|p2a: Shiftry\n|-supereffective|p2a: Shiftry\n|-damage|p2a: Shiftry|0 fnt\n|faint|p2a: Shiftry\n|\n|upkeep\n|\n|t:|1701138108\n|switch|p2a: Kleavor|Kleavor, M|100\/100\n|-damage|p2a: Kleavor|76\/100|[from] Stealth Rock\n|turn|4\n|\n|t:|1701138126\n|switch|p1a: The Green Gooner|Tangrowth, F, shiny|100\/100\n|move|p2a: Kleavor|Stone Axe|p1a: The Green Gooner\n|-damage|p1a: The Green Gooner|66\/100\n|-sidestart|p1: gock in my rari|move: Stealth Rock\n|\n|-sideend|p2: Stink mechanism|move: Tailwind\n|upkeep\n|turn|5\n|\n|t:|1701138137\n|move|p2a: Kleavor|U-turn|p1a: The Green Gooner\n|-supereffective|p1a: The Green Gooner\n|-damage|p1a: The Green Gooner|19\/100\n|\n|t:|1701138142\n|switch|p2a: Abomasnow|Abomasnow, M|100\/100|[from] U-turn\n|-damage|p2a: Abomasnow|76\/100|[from] Stealth Rock\n|-weather|Snow|[from] ability: Snow Warning|[of] p2a: Abomasnow\n|move|p1a: The Green Gooner|Toxic|p2a: Abomasnow\n|-status|p2a: Abomasnow|tox\n|\n|-weather|Snow|[upkeep]\n|-damage|p2a: Abomasnow|70\/100 tox|[from] psn\n|upkeep\n|turn|6\n|\n|t:|1701138157\n|switch|p1a: The Girthworm|Steelix, M, shiny|100\/100\n|-damage|p1a: The Girthworm|97\/100|[from] Stealth Rock\n|detailschange|p2a: Abomasnow|Abomasnow-Mega, M\n|-mega|p2a: Abomasnow|Abomasnow|Abomasite\n|move|p2a: Abomasnow|Blizzard|p1a: The Girthworm\n|-damage|p1a: The Girthworm|35\/100\n|\n|-weather|Snow|[upkeep]\n|-damage|p2a: Abomasnow|58\/100 tox|[from] psn\n|upkeep\n|turn|7\n|\n|t:|1701138186\n|switch|p1a: Nancy Reagan|Swalot, F|23\/100\n|-damage|p1a: Nancy Reagan|11\/100|[from] Stealth Rock\n|move|p2a: Abomasnow|Blizzard|p1a: Nancy Reagan\n|-damage|p1a: Nancy Reagan|0 fnt\n|faint|p1a: Nancy Reagan\n|\n|-weather|Snow|[upkeep]\n|-damage|p2a: Abomasnow|40\/100 tox|[from] psn\n|upkeep\n|\n|t:|1701138202\n|switch|p1a: Toedskind|Toedscruel, F|100\/100\n|-damage|p1a: Toedskind|95\/100|[from] Stealth Rock\n|turn|8\n|\n|t:|1701138207\n|switch|p2a: Crobat|Crobat, F|100\/100\n|move|p1a: Toedskind|Sludge Bomb|p2a: Crobat\n|-resisted|p2a: Crobat\n|-damage|p2a: Crobat|87\/100\n|\n|-weather|Snow|[upkeep]\n|upkeep\n|turn|9\n|\n|t:|1701138216\n|switch|p1a: The Girthworm|Steelix, M, shiny|35\/100\n|-damage|p1a: The Girthworm|32\/100|[from] Stealth Rock\n|move|p2a: Crobat|Defog|p1a: The Girthworm\n|-unboost|p1a: The Girthworm|evasion|1\n|-sideend|p1: gock in my rari|Stealth Rock|[from] move: Defog|[of] p2a: Crobat\n|-sideend|p2: Stink mechanism|Stealth Rock|[from] move: Defog|[of] p2a: Crobat\n|\n|-weather|none\n|upkeep\n|turn|10\n|\n|t:|1701138232\n|detailschange|p1a: The Girthworm|Steelix-Mega, M, shiny\n|-mega|p1a: The Girthworm|Steelix|Steelixite\n|move|p2a: Crobat|U-turn|p1a: The Girthworm\n|-resisted|p1a: The Girthworm\n|-damage|p1a: The Girthworm|29\/100\n|\n|t:|1701138237\n|switch|p2a: Kleavor|Kleavor, M|76\/100|[from] U-turn\n|move|p1a: The Girthworm|Rest|p1a: The Girthworm\n|-status|p1a: The Girthworm|slp|[from] move: Rest\n|-heal|p1a: The Girthworm|100\/100 slp|[silent]\n|\n|upkeep\n|turn|11\n|\n|t:|1701138247\n|move|p2a: Kleavor|Close Combat|p1a: The Girthworm\n|-supereffective|p1a: The Girthworm\n|-damage|p1a: The Girthworm|61\/100 slp\n|-unboost|p2a: Kleavor|def|1\n|-unboost|p2a: Kleavor|spd|1\n|cant|p1a: The Girthworm|slp\n|move|p1a: The Girthworm|Sleep Talk|p1a: The Girthworm\n|move|p1a: The Girthworm|Rest||[from]move: Sleep Talk|[still]\n|-fail|p1a: The Girthworm\n|\n|upkeep\n|turn|12\n|\n|t:|1701138259\n|move|p2a: Kleavor|Stone Axe|p1a: The Girthworm\n|-resisted|p1a: The Girthworm\n|-damage|p1a: The Girthworm|55\/100 slp\n|-sidestart|p1: gock in my rari|move: Stealth Rock\n|cant|p1a: The Girthworm|slp\n|move|p1a: The Girthworm|Sleep Talk|p1a: The Girthworm\n|move|p1a: The Girthworm|Rest||[from]move: Sleep Talk|[still]\n|-fail|p1a: The Girthworm\n|\n|upkeep\n|turn|13\n|c|\u2606gock in my rari|bruh lmao\n|\n|t:|1701138271\n|move|p2a: Kleavor|Close Combat|p1a: The Girthworm\n|-supereffective|p1a: The Girthworm\n|-damage|p1a: The Girthworm|12\/100 slp\n|-unboost|p2a: Kleavor|def|1\n|-unboost|p2a: Kleavor|spd|1\n|-curestatus|p1a: The Girthworm|slp|[msg]\n|move|p1a: The Girthworm|Iron Defense|p1a: The Girthworm\n|-boost|p1a: The Girthworm|def|2\n|\n|upkeep\n|turn|14\n|\n|t:|1701138303\n|switch|p1a: Fibonacci|Sandaconda, F|100\/100\n|-damage|p1a: Fibonacci|94\/100|[from] Stealth Rock\n|move|p2a: Kleavor|Close Combat|p1a: Fibonacci\n|-damage|p1a: Fibonacci|60\/100\n|-unboost|p2a: Kleavor|def|1\n|-unboost|p2a: Kleavor|spd|1\n|\n|upkeep\n|turn|15\n|\n|t:|1701138313\n|move|p2a: Kleavor|U-turn|p1a: Fibonacci\n|-damage|p1a: Fibonacci|28\/100\n|\n|t:|1701138317\n|switch|p2a: Crobat|Crobat, F|87\/100|[from] U-turn\n|move|p1a: Fibonacci|Scale Shot|p2a: Crobat\n|-damage|p2a: Crobat|79\/100\n|-damage|p2a: Crobat|70\/100\n|-crit|p2a: Crobat\n|-damage|p2a: Crobat|57\/100\n|-damage|p2a: Crobat|48\/100\n|-hitcount|p2a: Crobat|4\n|-unboost|p1a: Fibonacci|def|1\n|-boost|p1a: Fibonacci|spe|1\n|\n|upkeep\n|turn|16\n|\n|t:|1701138339\n|switch|p1a: The Girthworm|Steelix-Mega, M, shiny|12\/100\n|-damage|p1a: The Girthworm|9\/100|[from] Stealth Rock\n|move|p2a: Crobat|U-turn|p1a: The Girthworm\n|-resisted|p1a: The Girthworm\n|-damage|p1a: The Girthworm|6\/100\n|\n|t:|1701138345\n|switch|p2a: Abomasnow|Abomasnow-Mega, M|40\/100 tox|[from] U-turn\n|-weather|Snow|[from] ability: Snow Warning|[of] p2a: Abomasnow\n|\n|-weather|Snow|[upkeep]\n|-damage|p2a: Abomasnow|34\/100 tox|[from] psn\n|upkeep\n|turn|17\n|\n|t:|1701138357\n|move|p1a: The Girthworm|Rest|p1a: The Girthworm\n|-status|p1a: The Girthworm|slp|[from] move: Rest\n|-heal|p1a: The Girthworm|100\/100 slp|[silent]\n|move|p2a: Abomasnow|Blizzard|p1a: The Girthworm\n|-damage|p1a: The Girthworm|53\/100 slp\n|\n|-weather|Snow|[upkeep]\n|-damage|p2a: Abomasnow|22\/100 tox|[from] psn\n|upkeep\n|turn|18\n|\n|t:|1701138373\n|switch|p1a: Fibonacci|Sandaconda, F|28\/100\n|-damage|p1a: Fibonacci|22\/100|[from] Stealth Rock\n|move|p2a: Abomasnow|Aurora Veil|p2a: Abomasnow\n|-sidestart|p2: Stink mechanism|move: Aurora Veil\n|\n|-weather|Snow|[upkeep]\n|-damage|p2a: Abomasnow|4\/100 tox|[from] psn\n|upkeep\n|turn|19\n|\n|t:|1701138382\n|move|p1a: Fibonacci|Scale Shot|p2a: Abomasnow\n|-crit|p2a: Abomasnow\n|-damage|p2a: Abomasnow|0 fnt\n|faint|p2a: Abomasnow\n|-hitcount|p2: Abomasnow|1\n|-unboost|p1a: Fibonacci|def|1\n|-boost|p1a: Fibonacci|spe|1\n|\n|-weather|Snow|[upkeep]\n|upkeep\n|\n|t:|1701138392\n|switch|p2a: Arctozolt|Arctozolt|100\/100\n|turn|20\n|\n|t:|1701138406\n|move|p2a: Arctozolt|Blizzard|p1a: Fibonacci\n|-supereffective|p1a: Fibonacci\n|-damage|p1a: Fibonacci|0 fnt\n|faint|p1a: Fibonacci\n|\n|-weather|none\n|upkeep\n|\n|t:|1701138412\n|switch|p1a: The Girthworm|Steelix-Mega, M, shiny|53\/100 slp\n|-damage|p1a: The Girthworm|50\/100 slp|[from] Stealth Rock\n|turn|21\n|\n|t:|1701138418\n|move|p2a: Arctozolt|Low Kick|p1a: The Girthworm\n|-supereffective|p1a: The Girthworm\n|-damage|p1a: The Girthworm|19\/100 slp\n|cant|p1a: The Girthworm|slp\n|move|p1a: The Girthworm|Sleep Talk|p1a: The Girthworm\n|move|p1a: The Girthworm|Body Press|p2a: Arctozolt|[from]move: Sleep Talk\n|-supereffective|p2a: Arctozolt\n|-damage|p2a: Arctozolt|53\/100\n|\n|upkeep\n|turn|22\n|\n|t:|1701138435\n|switch|p1a: The Green Gooner|Tangrowth, F, shiny|52\/100\n|-damage|p1a: The Green Gooner|39\/100|[from] Stealth Rock\n|move|p2a: Arctozolt|Freeze-Dry|p1a: The Green Gooner\n|-supereffective|p1a: The Green Gooner\n|-damage|p1a: The Green Gooner|0 fnt\n|faint|p1a: The Green Gooner\n|\n|-sideend|p2: Stink mechanism|move: Aurora Veil\n|upkeep\n|\n|t:|1701138446\n|switch|p1a: Toedskind|Toedscruel, F|95\/100\n|-damage|p1a: Toedskind|89\/100|[from] Stealth Rock\n|turn|23\n|\n|t:|1701138453\n|move|p1a: Toedskind|Earth Power|p2a: Arctozolt\n|-supereffective|p2a: Arctozolt\n|-damage|p2a: Arctozolt|0 fnt\n|faint|p2a: Arctozolt\n|\n|upkeep\n|\n|t:|1701138465\n|switch|p2a: Crobat|Crobat, F|48\/100\n|turn|24\n|\n|t:|1701138486\n|move|p2a: Crobat|Super Fang|p1a: Toedskind\n|-damage|p1a: Toedskind|45\/100\n|move|p1a: Toedskind|Spore|p2a: Crobat\n|-status|p2a: Crobat|slp|[from] move: Spore\n|\n|upkeep\n|turn|25\n|\n|t:|1701138493\n|switch|p2a: Kleavor|Kleavor, M|76\/100\n|move|p1a: Toedskind|Earth Power|p2a: Kleavor\n|-damage|p2a: Kleavor|14\/100\n|\n|upkeep\n|turn|26\n|\n|t:|1701138508\n|move|p1a: Toedskind|Giga Drain|p2a: Kleavor\n|-damage|p2a: Kleavor|0 fnt\n|-heal|p1a: Toedskind|51\/100|[from] drain|[of] p2a: Kleavor\n|faint|p2a: Kleavor\n|\n|upkeep\n|\n|t:|1701138514\n|switch|p2a: Arcanine|Arcanine-Hisui, M|100\/100\n|turn|27\n|\n|t:|1701138523\n|move|p2a: Arcanine|Extreme Speed|p1a: Toedskind\n|-damage|p1a: Toedskind|0 fnt\n|faint|p1a: Toedskind\n|\n|upkeep\n|\n|t:|1701138528\n|switch|p1a: The Girthworm|Steelix-Mega, M, shiny|19\/100 slp\n|-damage|p1a: The Girthworm|15\/100 slp|[from] Stealth Rock\n|turn|28\n|\n|t:|1701138534\n|move|p2a: Arcanine|Extreme Speed|p1a: The Girthworm\n|-resisted|p1a: The Girthworm\n|-damage|p1a: The Girthworm|6\/100 slp\n|cant|p1a: The Girthworm|slp\n|move|p1a: The Girthworm|Sleep Talk|p1a: The Girthworm\n|move|p1a: The Girthworm|Iron Defense|p1a: The Girthworm|[from]move: Sleep Talk\n|-boost|p1a: The Girthworm|def|2\n|\n|upkeep\n|turn|29\n|\n|t:|1701138545\n|move|p2a: Arcanine|Extreme Speed|p1a: The Girthworm\n|-resisted|p1a: The Girthworm\n|-damage|p1a: The Girthworm|2\/100 slp\n|-curestatus|p1a: The Girthworm|slp|[msg]\n|move|p1a: The Girthworm|Rest|p1a: The Girthworm\n|-status|p1a: The Girthworm|slp|[from] move: Rest\n|-heal|p1a: The Girthworm|100\/100 slp|[silent]\n|\n|upkeep\n|turn|30\n|\n|t:|1701138556\n|switch|p2a: Crobat|Crobat, F|48\/100 slp\n|cant|p1a: The Girthworm|slp\n|move|p1a: The Girthworm|Sleep Talk|p1a: The Girthworm\n|move|p1a: The Girthworm|Rest||[from]move: Sleep Talk|[still]\n|-fail|p1a: The Girthworm\n|\n|upkeep\n|turn|31\n|\n|t:|1701138565\n|cant|p2a: Crobat|slp\n|cant|p1a: The Girthworm|slp\n|move|p1a: The Girthworm|Sleep Talk|p1a: The Girthworm\n|move|p1a: The Girthworm|Body Press|p2a: Crobat|[from]move: Sleep Talk\n|-resisted|p2a: Crobat\n|-damage|p2a: Crobat|26\/100 slp\n|\n|upkeep\n|turn|32\n|\n|t:|1701138574\n|cant|p2a: Crobat|slp\n|-curestatus|p1a: The Girthworm|slp|[msg]\n|move|p1a: The Girthworm|Iron Defense|p1a: The Girthworm\n|-boost|p1a: The Girthworm|def|2\n|\n|upkeep\n|turn|33\n|\n|t:|1701138583\n|-curestatus|p2a: Crobat|slp|[msg]\n|move|p2a: Crobat|Roost|p2a: Crobat\n|-heal|p2a: Crobat|76\/100\n|-singleturn|p2a: Crobat|move: Roost\n|move|p1a: The Girthworm|Iron Defense|p1a: The Girthworm\n|-boost|p1a: The Girthworm|def|2\n|\n|upkeep\n|turn|34\n|\n|t:|1701138593\n|move|p2a: Crobat|Super Fang|p1a: The Girthworm\n|-damage|p1a: The Girthworm|50\/100\n|move|p1a: The Girthworm|Body Press|p2a: Crobat\n|-resisted|p2a: Crobat\n|-damage|p2a: Crobat|36\/100\n|\n|upkeep\n|turn|35\n|\n|t:|1701138628\n|move|p2a: Crobat|Roost|p2a: Crobat\n|-heal|p2a: Crobat|86\/100\n|-singleturn|p2a: Crobat|move: Roost\n|move|p1a: The Girthworm|Body Press|p2a: Crobat\n|-resisted|p2a: Crobat\n|-damage|p2a: Crobat|2\/100\n|\n|upkeep\n|turn|36\n|\n|t:|1701138637\n|move|p2a: Crobat|Super Fang|p1a: The Girthworm\n|-damage|p1a: The Girthworm|26\/100\n|move|p1a: The Girthworm|Body Press|p2a: Crobat\n|-resisted|p2a: Crobat\n|-damage|p2a: Crobat|0 fnt\n|faint|p2a: Crobat\n|\n|upkeep\n|\n|t:|1701138645\n|switch|p2a: Arcanine|Arcanine-Hisui, M|100\/100\n|turn|37\n|\n|t:|1701138650\n|move|p2a: Arcanine|Flare Blitz|p1a: The Girthworm\n|-supereffective|p1a: The Girthworm\n|-damage|p1a: The Girthworm|4\/100\n|move|p1a: The Girthworm|Body Press|p2a: Arcanine\n|-supereffective|p2a: Arcanine\n|-damage|p2a: Arcanine|0 fnt\n|faint|p2a: Arcanine\n|\n|win|gock in my rari\n|c|\u2606gock in my rari|gg\n|c|\u2606Stink mechanism|Gg\n","uploadtime":1701138659,"views":19,"p1id":"gockinmyrari","p2id":"stinkmechanism","formatid":"gen9nationaldex","rating":0,"private":0,"password":""}