{"id":"gen9nationaldex-1998725917","p1":"bugmonobestmono","p2":"eris52","format":"[Gen 9] National Dex","log":"|html|<div class=\"broadcast-blue\"><strong>[Gen 9] National Dex is currently suspecting Sneasler! For information on how to participate check out the <a href=\"https:\/\/www.smogon.com\/forums\/threads\/sv-national-dex-suspect-8-just-dance.3731534\/\">suspect thread<\/a>.<\/strong><\/div>\n|j|\u2606bugmonobestmono\n|j|\u2606eris52\n|t:|1700978523\n|gametype|singles\n|player|p1|bugmonobestmono|bugcatcher-gen4dp|\n|player|p2|eris52|102|\n|teamsize|p1|6\n|teamsize|p2|6\n|gen|9\n|tier|[Gen 9] National Dex\n|rule|HP Percentage Mod: HP is shown in percentages\n|rule|Endless Battle Clause: Forcing endless battles is banned\n|rule|OHKO Clause: OHKO moves are banned\n|rule|Evasion Clause: Evasion abilities, items, and moves are banned\n|rule|Evasion Abilities Clause: Evasion abilities are banned\n|rule|Evasion Items Clause: Evasion items are banned\n|rule|Evasion Moves Clause: Evasion moves are banned\n|rule|Species Clause: Limit one of each Pok\u00e9mon\n|rule|Sleep Clause Mod: Limit one foe put to sleep\n|clearpoke\n|poke|p1|Volcarona, M|\n|poke|p1|Scizor, M|\n|poke|p1|Araquanid, M|\n|poke|p1|Frosmoth, F|\n|poke|p1|Kleavor, F|\n|poke|p1|Buzzwole|\n|poke|p2|Scovillain, M|\n|poke|p2|Torkoal, F|\n|poke|p2|Great Tusk|\n|poke|p2|Houndoom, M|\n|poke|p2|Tapu Lele|\n|poke|p2|Rotom-Wash|\n|teampreview\n|inactive|Battle timer is ON: inactive players will automatically lose when time's up. (requested by bugmonobestmono)\n|c|\u2606eris52|Glhf\n|c|\u2606bugmonobestmono|glhf\n|inactive|eris52 has 270 seconds left.\n|\n|t:|1700978553\n|start\n|switch|p1a: Frosmoth|Frosmoth, F|100\/100\n|switch|p2a: Torkoal|Torkoal, F|100\/100\n|-weather|SunnyDay|[from] ability: Drought|[of] p2a: Torkoal\n|turn|1\n|\n|t:|1700978559\n|switch|p2a: Houndoom|Houndoom, M|100\/100\n|move|p1a: Frosmoth|Substitute|p1a: Frosmoth\n|-start|p1a: Frosmoth|Substitute\n|-damage|p1a: Frosmoth|76\/100\n|\n|-weather|SunnyDay|[upkeep]\n|-heal|p1a: Frosmoth|82\/100|[from] item: Leftovers\n|upkeep\n|turn|2\n|\n|t:|1700978568\n|switch|p1a: Araquanid|Araquanid, M|100\/100\n|move|p2a: Houndoom|Flame Charge|p1a: Araquanid\n|-damage|p1a: Araquanid|86\/100\n|-boost|p2a: Houndoom|spe|1\n|\n|-weather|SunnyDay|[upkeep]\n|upkeep\n|turn|3\n|\n|t:|1700978573\n|detailschange|p2a: Houndoom|Houndoom-Mega, M\n|-mega|p2a: Houndoom|Houndoom|Houndoominite\n|move|p2a: Houndoom|Flamethrower|p1a: Araquanid\n|-damage|p1a: Araquanid|38\/100\n|move|p1a: Araquanid|Liquidation|p2a: Houndoom\n|-supereffective|p2a: Houndoom\n|-damage|p2a: Houndoom|11\/100\n|\n|-weather|SunnyDay|[upkeep]\n|-damage|p2a: Houndoom|0 fnt|[from] ability: Solar Power|[of] p2a: Houndoom\n|faint|p2a: Houndoom\n|upkeep\n|\n|t:|1700978576\n|switch|p2a: Scovillain|Scovillain, M|100\/100\n|turn|4\n|\n|t:|1700978580\n|move|p2a: Scovillain|Fire Blast|p1a: Araquanid\n|-damage|p1a: Araquanid|0 fnt\n|faint|p1a: Araquanid\n|-damage|p2a: Scovillain|91\/100|[from] item: Life Orb\n|\n|-weather|SunnyDay|[upkeep]\n|upkeep\n|c|\u2606eris52|Yayy no webs\n|\n|t:|1700978592\n|switch|p1a: Volcarona|Volcarona, M|100\/100\n|turn|5\n|\n|t:|1700978596\n|switch|p2a: Great Tusk|Great Tusk|100\/100\n|-activate|p2a: Great Tusk|ability: Protosynthesis\n|-start|p2a: Great Tusk|protosynthesisatk\n|move|p1a: Volcarona|Fire Blast|p2a: Great Tusk|[miss]\n|-miss|p1a: Volcarona|p2a: Great Tusk\n|\n|-weather|SunnyDay|[upkeep]\n|upkeep\n|turn|6\n|\n|t:|1700978602\n|move|p1a: Volcarona|Fire Blast|p2a: Great Tusk\n|-damage|p2a: Great Tusk|0 fnt\n|faint|p2a: Great Tusk\n|-end|p2a: Great Tusk|Protosynthesis|[silent]\n|\n|-weather|SunnyDay|[upkeep]\n|upkeep\n|\n|t:|1700978608\n|switch|p2a: Scovillain|Scovillain, M|91\/100\n|turn|7\n|\n|t:|1700978611\n|move|p2a: Scovillain|Fire Blast|p1a: Volcarona\n|-damage|p1a: Volcarona|0 fnt\n|faint|p1a: Volcarona\n|-damage|p2a: Scovillain|81\/100|[from] item: Life Orb\n|\n|-weather|SunnyDay|[upkeep]\n|upkeep\n|\n|t:|1700978622\n|switch|p1a: Kleavor|Kleavor, F|100\/100\n|turn|8\n|\n|t:|1700978626\n|move|p2a: Scovillain|Fire Blast|p1a: Kleavor|[miss]\n|-miss|p2a: Scovillain|p1a: Kleavor\n|move|p1a: Kleavor|Stone Axe|p2a: Scovillain\n|-supereffective|p2a: Scovillain\n|-damage|p2a: Scovillain|0 fnt\n|-sidestart|p2: eris52|move: Stealth Rock\n|faint|p2a: Scovillain\n|\n|-weather|none\n|upkeep\n|\n|t:|1700978629\n|switch|p2a: Rotom|Rotom-Wash|100\/100\n|-damage|p2a: Rotom|88\/100|[from] Stealth Rock\n|turn|9\n|\n|t:|1700978633\n|switch|p1a: Scizor|Scizor, M|100\/100\n|move|p2a: Rotom|Hydro Pump|p1a: Scizor\n|-crit|p1a: Scizor\n|-damage|p1a: Scizor|34\/100\n|\n|-heal|p2a: Rotom|94\/100|[from] item: Leftovers\n|upkeep\n|turn|10\n|\n|t:|1700978639\n|detailschange|p1a: Scizor|Scizor-Mega, M\n|-mega|p1a: Scizor|Scizor|Scizorite\n|move|p2a: Rotom|Hydro Pump|p1a: Scizor|[miss]\n|-miss|p2a: Rotom|p1a: Scizor\n|move|p1a: Scizor|Roost|p1a: Scizor\n|-heal|p1a: Scizor|84\/100\n|-singleturn|p1a: Scizor|move: Roost\n|\n|-heal|p2a: Rotom|99\/100|[from] item: Leftovers\n|upkeep\n|turn|11\n|\n|t:|1700978643\n|move|p2a: Rotom|Hydro Pump|p1a: Scizor\n|-damage|p1a: Scizor|45\/100\n|move|p1a: Scizor|U-turn|p2a: Rotom\n|-crit|p2a: Rotom\n|-damage|p2a: Rotom|44\/100\n|\n|t:|1700978648\n|switch|p1a: Frosmoth|Frosmoth, F|82\/100|[from] U-turn\n|\n|-heal|p2a: Rotom|50\/100|[from] item: Leftovers\n|-heal|p1a: Frosmoth|88\/100|[from] item: Leftovers\n|upkeep\n|turn|12\n|\n|t:|1700978651\n|switch|p2a: Torkoal|Torkoal, F|100\/100\n|-damage|p2a: Torkoal|75\/100|[from] Stealth Rock\n|-weather|SunnyDay|[from] ability: Drought|[of] p2a: Torkoal\n|move|p1a: Frosmoth|Substitute|p1a: Frosmoth\n|-start|p1a: Frosmoth|Substitute\n|-damage|p1a: Frosmoth|63\/100\n|\n|-weather|SunnyDay|[upkeep]\n|-heal|p1a: Frosmoth|69\/100|[from] item: Leftovers\n|upkeep\n|turn|13\n|\n|t:|1700978654\n|move|p1a: Frosmoth|Quiver Dance|p1a: Frosmoth\n|-boost|p1a: Frosmoth|spa|1\n|-boost|p1a: Frosmoth|spd|1\n|-boost|p1a: Frosmoth|spe|1\n|move|p2a: Torkoal|Lava Plume|p1a: Frosmoth\n|-supereffective|p1a: Frosmoth\n|-end|p1a: Frosmoth|Substitute\n|\n|-weather|SunnyDay|[upkeep]\n|-heal|p1a: Frosmoth|75\/100|[from] item: Leftovers\n|upkeep\n|turn|14\n|\n|t:|1700978656\n|-terastallize|p1a: Frosmoth|Ground\n|move|p1a: Frosmoth|Substitute|p1a: Frosmoth\n|-start|p1a: Frosmoth|Substitute\n|-damage|p1a: Frosmoth|50\/100\n|move|p2a: Torkoal|Lava Plume|p1a: Frosmoth\n|-activate|p1a: Frosmoth|move: Substitute|[damage]\n|\n|-weather|SunnyDay|[upkeep]\n|-heal|p1a: Frosmoth|56\/100|[from] item: Leftovers\n|upkeep\n|turn|15\n|\n|t:|1700978662\n|move|p1a: Frosmoth|Quiver Dance|p1a: Frosmoth\n|-boost|p1a: Frosmoth|spa|1\n|-boost|p1a: Frosmoth|spd|1\n|-boost|p1a: Frosmoth|spe|1\n|move|p2a: Torkoal|Body Press|p1a: Frosmoth\n|-end|p1a: Frosmoth|Substitute\n|\n|-weather|SunnyDay|[upkeep]\n|-heal|p1a: Frosmoth|62\/100|[from] item: Leftovers\n|upkeep\n|turn|16\n|\n|t:|1700978665\n|move|p1a: Frosmoth|Substitute|p1a: Frosmoth\n|-start|p1a: Frosmoth|Substitute\n|-damage|p1a: Frosmoth|38\/100\n|move|p2a: Torkoal|Body Press|p1a: Frosmoth\n|-end|p1a: Frosmoth|Substitute\n|\n|-weather|SunnyDay|[upkeep]\n|-heal|p1a: Frosmoth|44\/100|[from] item: Leftovers\n|upkeep\n|turn|17\n|\n|t:|1700978671\n|-terastallize|p2a: Torkoal|Water\n|move|p1a: Frosmoth|Tera Blast|p2a: Torkoal|[anim] Tera Blast Ground\n|-damage|p2a: Torkoal|0 fnt\n|faint|p2a: Torkoal\n|\n|-weather|SunnyDay|[upkeep]\n|-heal|p1a: Frosmoth|50\/100|[from] item: Leftovers\n|upkeep\n|\n|t:|1700978675\n|switch|p2a: Tapu Lele|Tapu Lele|100\/100\n|-damage|p2a: Tapu Lele|88\/100|[from] Stealth Rock\n|-fieldstart|move: Psychic Terrain|[from] ability: Psychic Surge|[of] p2a: Tapu Lele\n|turn|18\n|\n|t:|1700978678\n|move|p2a: Tapu Lele|Moonblast|p1a: Frosmoth\n|-damage|p1a: Frosmoth|36\/100\n|-unboost|p1a: Frosmoth|spa|1\n|move|p1a: Frosmoth|Ice Beam|p2a: Tapu Lele\n|-damage|p2a: Tapu Lele|8\/100\n|\n|-weather|SunnyDay|[upkeep]\n|-heal|p1a: Frosmoth|42\/100|[from] item: Leftovers\n|upkeep\n|turn|19\n|\n|t:|1700978682\n|move|p2a: Tapu Lele|Moonblast|p1a: Frosmoth\n|-damage|p1a: Frosmoth|29\/100\n|move|p1a: Frosmoth|Quiver Dance|p1a: Frosmoth\n|-boost|p1a: Frosmoth|spa|1\n|-boost|p1a: Frosmoth|spd|1\n|-boost|p1a: Frosmoth|spe|1\n|\n|-weather|none\n|-heal|p1a: Frosmoth|35\/100|[from] item: Leftovers\n|upkeep\n|turn|20\n|c|\u2606eris52|gg\n|c|\u2606eris52|Wp\n|c|\u2606bugmonobestmono|gg\n|\n|t:|1700978687\n|move|p2a: Tapu Lele|Moonblast|p1a: Frosmoth\n|-damage|p1a: Frosmoth|24\/100\n|move|p1a: Frosmoth|Ice Beam|p2a: Tapu Lele\n|-damage|p2a: Tapu Lele|0 fnt\n|faint|p2a: Tapu Lele\n|\n|-heal|p1a: Frosmoth|30\/100|[from] item: Leftovers\n|upkeep\n|\n|t:|1700978688\n|switch|p2a: Rotom|Rotom-Wash|50\/100\n|-damage|p2a: Rotom|37\/100|[from] Stealth Rock\n|turn|21\n|\n|t:|1700978689\n|move|p1a: Frosmoth|Ice Beam|p2a: Rotom\n|-resisted|p2a: Rotom\n|-damage|p2a: Rotom|0 fnt\n|faint|p2a: Rotom\n|\n|win|bugmonobestmono\n","uploadtime":1700978695,"views":2,"p1id":"bugmonobestmono","p2id":"eris52","formatid":"gen9nationaldex","rating":0,"private":0,"password":""}