{"id":"gen9nationaldex-1999849579","p1":"haha funny stall","p2":"mxthog","format":"[Gen 9] National Dex","log":"|html|<div class=\"broadcast-blue\"><strong>[Gen 9] National Dex is currently suspecting Sneasler! For information on how to participate check out the <a href=\"https:\/\/www.smogon.com\/forums\/threads\/sv-national-dex-suspect-8-just-dance.3731534\/\">suspect thread<\/a>.<\/strong><\/div>\n|j|\u2606haha funny stall\n|j|\u2606mxthog\n|t:|1701122573\n|gametype|singles\n|player|p1|haha funny stall|cowgirl|1217\n|player|p2|mxthog|artist|1242\n|teamsize|p1|6\n|teamsize|p2|6\n|gen|9\n|tier|[Gen 9] National Dex\n|rated|\n|rule|HP Percentage Mod: HP is shown in percentages\n|rule|Endless Battle Clause: Forcing endless battles is banned\n|rule|OHKO Clause: OHKO moves are banned\n|rule|Evasion Clause: Evasion abilities, items, and moves are banned\n|rule|Evasion Abilities Clause: Evasion abilities are banned\n|rule|Evasion Items Clause: Evasion items are banned\n|rule|Evasion Moves Clause: Evasion moves are banned\n|rule|Species Clause: Limit one of each Pok\u00e9mon\n|rule|Sleep Clause Mod: Limit one foe put to sleep\n|clearpoke\n|poke|p1|Sableye, M|\n|poke|p1|Latias, F|\n|poke|p1|Clefable, F|\n|poke|p1|Toxapex, F|\n|poke|p1|Urshifu-*, M|\n|poke|p1|Gliscor, M|\n|poke|p2|Sceptile, M|\n|poke|p2|Toxapex, M|\n|poke|p2|Rillaboom, F|\n|poke|p2|Sneasler, M|\n|poke|p2|Ting-Lu|\n|poke|p2|Hawlucha, M|\n|teampreview\n|\n|t:|1701122588\n|start\n|switch|p1a: Sableye|Sableye, M|100\/100\n|switch|p2a: zazouumchieayyyy|Ting-Lu|100\/100\n|-ability|p2a: zazouumchieayyyy|Vessel of Ruin\n|turn|1\n|\n|t:|1701122606\n|detailschange|p1a: Sableye|Sableye-Mega, M\n|-mega|p1a: Sableye|Sableye|Sablenite\n|move|p2a: zazouumchieayyyy|Ruination|p1a: Sableye\n|-damage|p1a: Sableye|51\/100\n|move|p1a: Sableye|Knock Off|p2a: zazouumchieayyyy\n|-resisted|p2a: zazouumchieayyyy\n|-damage|p2a: zazouumchieayyyy|92\/100\n|-enditem|p2a: zazouumchieayyyy|Leftovers|[from] move: Knock Off|[of] p1a: Sableye\n|\n|upkeep\n|turn|2\n|\n|t:|1701122613\n|move|p2a: zazouumchieayyyy|Ruination|p1a: Sableye\n|-damage|p1a: Sableye|26\/100\n|move|p1a: Sableye|Toxic|p2a: zazouumchieayyyy\n|-status|p2a: zazouumchieayyyy|tox\n|\n|-damage|p2a: zazouumchieayyyy|86\/100 tox|[from] psn\n|upkeep\n|turn|3\n|\n|t:|1701122618\n|move|p1a: Sableye|Recover|p1a: Sableye\n|-heal|p1a: Sableye|76\/100\n|move|p2a: zazouumchieayyyy|Whirlwind|p1a: Sableye\n|move|p1a: Sableye|Whirlwind|p2a: zazouumchieayyyy|[from]ability: Magic Bounce\n|drag|p2a: rwaaaaaaggg|Hawlucha, M|100\/100\n|\n|upkeep\n|turn|4\n|\n|t:|1701122632\n|switch|p1a: Gliscor|Gliscor, M|100\/100\n|move|p2a: rwaaaaaaggg|Encore||[still]\n|-fail|p2a: rwaaaaaaggg\n|\n|-status|p1a: Gliscor|tox|[from] item: Toxic Orb\n|upkeep\n|turn|5\n|\n|t:|1701122642\n|switch|p2a: skolotro|Rillaboom, F|100\/100\n|-fieldstart|move: Grassy Terrain|[from] ability: Grassy Surge|[of] p2a: skolotro\n|move|p1a: Gliscor|Toxic|p2a: skolotro|[miss]\n|-miss|p1a: Gliscor|p2a: skolotro\n|\n|upkeep\n|turn|6\n|\n|t:|1701122654\n|move|p1a: Gliscor|Toxic|p2a: skolotro\n|-status|p2a: skolotro|tox\n|move|p2a: skolotro|U-turn|p1a: Gliscor\n|-resisted|p1a: Gliscor\n|-crit|p1a: Gliscor\n|-damage|p1a: Gliscor|84\/100 tox\n|\n|t:|1701122663\n|switch|p2a: frakougr\u00e9yo|Sneasler, M|100\/100|[from] U-turn\n|-enditem|p2a: frakougr\u00e9yo|Grassy Seed\n|-boost|p2a: frakougr\u00e9yo|def|1|[from] item: Grassy Seed\n|\n|-heal|p1a: Gliscor|97\/100 tox|[from] ability: Poison Heal\n|upkeep\n|turn|7\n|\n|t:|1701122679\n|switch|p1a: Toxapex|Toxapex, F|100\/100\n|move|p2a: frakougr\u00e9yo|Swords Dance|p2a: frakougr\u00e9yo\n|-boost|p2a: frakougr\u00e9yo|atk|2\n|\n|upkeep\n|turn|8\n|\n|t:|1701122686\n|move|p2a: frakougr\u00e9yo|Swords Dance|p2a: frakougr\u00e9yo\n|-boost|p2a: frakougr\u00e9yo|atk|2\n|move|p1a: Toxapex|Scald|p2a: frakougr\u00e9yo\n|-damage|p2a: frakougr\u00e9yo|78\/100\n|\n|-heal|p2a: frakougr\u00e9yo|84\/100|[from] Grassy Terrain\n|upkeep\n|turn|9\n|\n|t:|1701122703\n|move|p2a: frakougr\u00e9yo|Shadow Claw|p1a: Toxapex\n|-damage|p1a: Toxapex|47\/100\n|move|p1a: Toxapex|Scald|p2a: frakougr\u00e9yo\n|-damage|p2a: frakougr\u00e9yo|65\/100\n|\n|-heal|p2a: frakougr\u00e9yo|71\/100|[from] Grassy Terrain\n|-heal|p1a: Toxapex|53\/100|[from] Grassy Terrain\n|-heal|p1a: Toxapex|59\/100|[from] item: Leftovers\n|upkeep\n|turn|10\n|\n|t:|1701122727\n|move|p2a: frakougr\u00e9yo|Swords Dance|p2a: frakougr\u00e9yo\n|-boost|p2a: frakougr\u00e9yo|atk|2\n|move|p1a: Toxapex|Scald|p2a: frakougr\u00e9yo\n|-damage|p2a: frakougr\u00e9yo|51\/100\n|\n|-heal|p2a: frakougr\u00e9yo|57\/100|[from] Grassy Terrain\n|-heal|p1a: Toxapex|65\/100|[from] Grassy Terrain\n|-heal|p1a: Toxapex|72\/100|[from] item: Leftovers\n|upkeep\n|turn|11\n|\n|t:|1701122736\n|switch|p1a: Sableye|Sableye-Mega, M|76\/100\n|move|p2a: frakougr\u00e9yo|Shadow Claw|p1a: Sableye\n|-crit|p1a: Sableye\n|-damage|p1a: Sableye|0 fnt\n|faint|p1a: Sableye\n|\n|-heal|p2a: frakougr\u00e9yo|63\/100|[from] Grassy Terrain\n|upkeep\n|\n|t:|1701122743\n|switch|p1a: Clefable|Clefable, F|100\/100\n|turn|12\n|\n|t:|1701122748\n|-terastallize|p1a: Clefable|Steel\n|move|p2a: frakougr\u00e9yo|Dire Claw|p1a: Clefable\n|-immune|p1a: Clefable\n|move|p1a: Clefable|Moonblast|p2a: frakougr\u00e9yo\n|-damage|p2a: frakougr\u00e9yo|17\/100\n|-unboost|p2a: frakougr\u00e9yo|spa|1\n|\n|-heal|p2a: frakougr\u00e9yo|23\/100|[from] Grassy Terrain\n|-fieldend|move: Grassy Terrain\n|upkeep\n|turn|13\n|\n|t:|1701122760\n|move|p2a: frakougr\u00e9yo|Close Combat|p1a: Clefable\n|-supereffective|p1a: Clefable\n|-damage|p1a: Clefable|0 fnt\n|-unboost|p2a: frakougr\u00e9yo|def|1\n|-unboost|p2a: frakougr\u00e9yo|spd|1\n|faint|p1a: Clefable\n|\n|upkeep\n|\n|t:|1701122766\n|switch|p1a: Toxapex|Toxapex, F|100\/100\n|turn|14\n|\n|t:|1701122770\n|move|p2a: frakougr\u00e9yo|Shadow Claw|p1a: Toxapex\n|-damage|p1a: Toxapex|27\/100\n|move|p1a: Toxapex|Scald|p2a: frakougr\u00e9yo\n|-damage|p2a: frakougr\u00e9yo|0 fnt\n|faint|p2a: frakougr\u00e9yo\n|\n|-heal|p1a: Toxapex|33\/100|[from] item: Leftovers\n|upkeep\n|\n|t:|1701122783\n|switch|p2a: doudadida|Sceptile, M|100\/100\n|turn|15\n|\n|t:|1701122795\n|detailschange|p2a: doudadida|Sceptile-Mega, M\n|-mega|p2a: doudadida|Sceptile|Sceptilite\n|move|p2a: doudadida|Leaf Storm|p1a: Toxapex\n|-damage|p1a: Toxapex|0 fnt\n|-unboost|p2a: doudadida|spa|2\n|faint|p1a: Toxapex\n|\n|upkeep\n|\n|t:|1701122816\n|switch|p1a: Gliscor|Gliscor, M|97\/100 tox\n|turn|16\n|\n|t:|1701122822\n|switch|p2a: skolotro|Rillaboom, F|100\/100 tox\n|-fieldstart|move: Grassy Terrain|[from] ability: Grassy Surge|[of] p2a: skolotro\n|move|p1a: Gliscor|Toxic|p2a: skolotro\n|-fail|p2a: skolotro|tox\n|\n|-heal|p1a: Gliscor|100\/100 tox|[from] ability: Poison Heal\n|-damage|p2a: skolotro|94\/100 tox|[from] psn\n|upkeep\n|turn|17\n|\n|t:|1701122827\n|move|p1a: Gliscor|Protect|p1a: Gliscor\n|-singleturn|p1a: Gliscor|Protect\n|move|p2a: skolotro|U-turn|p1a: Gliscor\n|-activate|p1a: Gliscor|move: Protect\n|\n|-heal|p2a: skolotro|100\/100 tox|[from] Grassy Terrain\n|-damage|p2a: skolotro|88\/100 tox|[from] psn\n|upkeep\n|turn|18\n|\n|t:|1701122833\n|move|p1a: Gliscor|Spikes|p2a: skolotro\n|-sidestart|p2: mxthog|Spikes\n|move|p2a: skolotro|U-turn|p1a: Gliscor\n|-resisted|p1a: Gliscor\n|-damage|p1a: Gliscor|90\/100 tox\n|\n|t:|1701122854\n|switch|p2a: rwaaaaaaggg|Hawlucha, M|100\/100|[from] U-turn\n|-enditem|p2a: rwaaaaaaggg|Grassy Seed\n|-boost|p2a: rwaaaaaaggg|def|1|[from] item: Grassy Seed\n|\n|-heal|p1a: Gliscor|100\/100 tox|[from] ability: Poison Heal\n|upkeep\n|turn|19\n|\n|t:|1701122858\n|switch|p1a: Latias|Latias, F|100\/100\n|move|p2a: rwaaaaaaggg|Encore||[still]\n|-fail|p2a: rwaaaaaaggg\n|\n|upkeep\n|turn|20\n|\n|t:|1701122868\n|move|p2a: rwaaaaaaggg|Swords Dance|p2a: rwaaaaaaggg\n|-boost|p2a: rwaaaaaaggg|atk|2\n|move|p1a: Latias|Stored Power|p2a: rwaaaaaaggg\n|-supereffective|p2a: rwaaaaaaggg\n|-damage|p2a: rwaaaaaaggg|76\/100\n|\n|upkeep\n|turn|21\n|\n|t:|1701122876\n|move|p2a: rwaaaaaaggg|Encore|p1a: Latias\n|-start|p1a: Latias|Encore\n|move|p1a: Latias|Stored Power|p2a: rwaaaaaaggg\n|-supereffective|p2a: rwaaaaaaggg\n|-damage|p2a: rwaaaaaaggg|49\/100\n|\n|upkeep\n|turn|22\n|\n|t:|1701122881\n|move|p2a: rwaaaaaaggg|Swords Dance|p2a: rwaaaaaaggg\n|-boost|p2a: rwaaaaaaggg|atk|2\n|move|p1a: Latias|Stored Power|p2a: rwaaaaaaggg\n|-supereffective|p2a: rwaaaaaaggg\n|-damage|p2a: rwaaaaaaggg|23\/100\n|\n|upkeep\n|turn|23\n|\n|t:|1701122888\n|move|p2a: rwaaaaaaggg|Acrobatics|p1a: Latias\n|-damage|p1a: Latias|0 fnt\n|faint|p1a: Latias\n|\n|-fieldend|move: Grassy Terrain\n|upkeep\n|\n|t:|1701122893\n|switch|p1a: Gliscor|Gliscor, M|100\/100 tox\n|turn|24\n|\n|t:|1701122898\n|move|p2a: rwaaaaaaggg|Acrobatics|p1a: Gliscor\n|-damage|p1a: Gliscor|0 fnt\n|faint|p1a: Gliscor\n|\n|upkeep\n|\n|t:|1701122900\n|switch|p1a: Urshifu|Urshifu-Rapid-Strike, M|100\/100\n|turn|25\n|\n|t:|1701122903\n|move|p2a: rwaaaaaaggg|Acrobatics|p1a: Urshifu\n|-supereffective|p1a: Urshifu\n|-damage|p1a: Urshifu|0 fnt\n|faint|p1a: Urshifu\n|\n|win|mxthog\n|raw|haha funny stall's rating: 1217 &rarr; <strong>1194<\/strong><br \/>(-23 for losing)\n|raw|mxthog's rating: 1242 &rarr; <strong>1265<\/strong><br \/>(+23 for winning)\n|l|\u2606haha funny stall\n","uploadtime":1701122911,"views":1,"p1id":"hahafunnystall","p2id":"mxthog","formatid":"gen9nationaldex","rating":1194,"private":0,"password":""}