{"id":"gen9nationaldex-1989215953","p1":"QueenOfTheFreaks","p2":"Killerlamarlucas","format":"[Gen 9] National Dex","log":"|j|\u2606QueenOfTheFreaks\n|j|\u2606Killerlamarlucas\n|t:|1699824366\n|gametype|singles\n|player|p1|QueenOfTheFreaks|acerola|1202\n|player|p2|Killerlamarlucas|265|1179\n|teamsize|p1|6\n|teamsize|p2|6\n|gen|9\n|tier|[Gen 9] National Dex\n|rated|\n|rule|HP Percentage Mod: HP is shown in percentages\n|rule|Endless Battle Clause: Forcing endless battles is banned\n|rule|OHKO Clause: OHKO moves are banned\n|rule|Evasion Clause: Evasion abilities, items, and moves are banned\n|rule|Evasion Abilities Clause: Evasion abilities are banned\n|rule|Evasion Items Clause: Evasion items are banned\n|rule|Evasion Moves Clause: Evasion moves are banned\n|rule|Species Clause: Limit one of each Pok\u00e9mon\n|rule|Sleep Clause Mod: Limit one foe put to sleep\n|clearpoke\n|poke|p1|Gliscor, F|\n|poke|p1|Ferrothorn, F|\n|poke|p1|Iron Valiant|\n|poke|p1|Chandelure, F|\n|poke|p1|Rotom-Wash|\n|poke|p1|Scizor, F|\n|poke|p2|Regidrago|\n|poke|p2|Zoroark-Hisui, F|\n|poke|p2|Ursaluna, M|\n|poke|p2|Zamazenta-*|\n|poke|p2|Boltund, F|\n|poke|p2|Tapu Lele|\n|teampreview\n|inactive|Battle timer is ON: inactive players will automatically lose when time's up. (requested by Killerlamarlucas)\n|c|\u2606QueenOfTheFreaks|Good luck have fun!~\n|\n|t:|1699824378\n|start\n|switch|p1a: Ferrothorn|Ferrothorn, F|100\/100\n|switch|p2a: Tapu Lele|Tapu Lele|100\/100\n|-fieldstart|move: Psychic Terrain|[from] ability: Psychic Surge|[of] p2a: Tapu Lele\n|turn|1\n|\n|t:|1699824397\n|switch|p2a: Zamazenta|Zamazenta|100\/100\n|-ability|p2a: Zamazenta|Dauntless Shield|boost\n|-boost|p2a: Zamazenta|def|1\n|move|p1a: Ferrothorn|Gyro Ball|p2a: Zamazenta\n|-damage|p2a: Zamazenta|69\/100\n|\n|upkeep\n|turn|2\n|\n|t:|1699824409\n|switch|p1a: Chandelure|Chandelure, F|100\/100\n|move|p2a: Zamazenta|Focus Energy|p2a: Zamazenta\n|-start|p2a: Zamazenta|move: Focus Energy\n|\n|upkeep\n|turn|3\n|\n|t:|1699824418\n|move|p1a: Chandelure|Psychic|p2a: Zamazenta\n|-supereffective|p2a: Zamazenta\n|-damage|p2a: Zamazenta|0 fnt\n|faint|p2a: Zamazenta\n|\n|upkeep\n|inactive|Killerlamarlucas has 120 seconds left.\n|\n|t:|1699824448\n|switch|p2a: Ursaluna|Ursaluna, M|100\/100\n|turn|4\n|\n|t:|1699824461\n|switch|p1a: Rotom|Rotom-Wash|100\/100\n|move|p2a: Ursaluna|Nasty Plot|p2a: Ursaluna\n|-boost|p2a: Ursaluna|spa|2\n|\n|upkeep\n|turn|5\n|inactive|Killerlamarlucas has 120 seconds left.\n|\n|t:|1699824485\n|move|p2a: Ursaluna|Bitter Malice|p1a: Rotom\n|-damage|p1a: Rotom|19\/100\n|-unboost|p1a: Rotom|atk|1\n|move|p1a: Rotom|Hydro Pump|p2a: Ursaluna\n|-damage|p2a: Ursaluna|26\/100\n|replace|p2a: Zoroark|Zoroark-Hisui, F\n|-end|p2a: Zoroark|Illusion\n|\n|-heal|p1a: Rotom|25\/100|[from] item: Leftovers\n|upkeep\n|turn|6\n|inactive|QueenOfTheFreaks has 120 seconds left.\n|\n|t:|1699824522\n|switch|p1a: Ferrothorn|Ferrothorn, F|100\/100\n|move|p2a: Zoroark|Bitter Malice|p1a: Ferrothorn\n|-damage|p1a: Ferrothorn|38\/100\n|-unboost|p1a: Ferrothorn|atk|1\n|\n|-heal|p1a: Ferrothorn|44\/100|[from] item: Leftovers\n|upkeep\n|turn|7\n|\n|t:|1699824552\n|move|p2a: Zoroark|Flamethrower|p1a: Ferrothorn\n|-supereffective|p1a: Ferrothorn\n|-damage|p1a: Ferrothorn|0 fnt\n|faint|p1a: Ferrothorn\n|\n|upkeep\n|inactive|QueenOfTheFreaks has 90 seconds left.\n|\n|t:|1699824562\n|switch|p1a: Chandelure|Chandelure, F|100\/100\n|turn|8\n|inactive|QueenOfTheFreaks has 90 seconds left.\n|\n|t:|1699824572\n|move|p1a: Chandelure|Psychic|p2a: Zoroark\n|-damage|p2a: Zoroark|0 fnt\n|faint|p2a: Zoroark\n|\n|-fieldend|move: Psychic Terrain\n|upkeep\n|\n|t:|1699824580\n|switch|p2a: Ursaluna|Ursaluna, M|100\/100\n|turn|9\n|inactive|QueenOfTheFreaks has 90 seconds left.\n|\n|t:|1699824601\n|move|p1a: Chandelure|Psychic|p2a: Ursaluna\n|-damage|p2a: Ursaluna|69\/100\n|move|p2a: Ursaluna|Earthquake|p1a: Chandelure\n|-supereffective|p1a: Chandelure\n|-damage|p1a: Chandelure|0 fnt\n|faint|p1a: Chandelure\n|\n|-status|p2a: Ursaluna|brn|[from] item: Flame Orb\n|upkeep\n|\n|t:|1699824619\n|switch|p1a: Scizor|Scizor, F|100\/100\n|turn|10\n|\n|t:|1699824634\n|detailschange|p1a: Scizor|Scizor-Mega, F\n|-mega|p1a: Scizor|Scizor|Scizorite\n|move|p1a: Scizor|Swords Dance|p1a: Scizor\n|-boost|p1a: Scizor|atk|2\n|move|p2a: Ursaluna|Yawn|p1a: Scizor\n|-start|p1a: Scizor|move: Yawn|[of] p2a: Ursaluna\n|\n|-damage|p2a: Ursaluna|63\/100 brn|[from] brn\n|upkeep\n|turn|11\n|\n|t:|1699824644\n|move|p1a: Scizor|Dual Wingbeat|p2a: Ursaluna\n|-damage|p2a: Ursaluna|26\/100 brn\n|-damage|p2a: Ursaluna|0 fnt\n|faint|p2a: Ursaluna\n|-hitcount|p2: Ursaluna|2\n|\n|-end|p1a: Scizor|move: Yawn|[silent]\n|-status|p1a: Scizor|slp\n|upkeep\n|\n|t:|1699824654\n|switch|p2a: Boltund|Boltund, F|100\/100\n|turn|12\n|\n|t:|1699824666\n|move|p2a: Boltund|Fire Fang|p1a: Scizor\n|-supereffective|p1a: Scizor\n|-damage|p1a: Scizor|0 fnt\n|faint|p1a: Scizor\n|\n|upkeep\n|c|\u2606QueenOfTheFreaks|Yeouch\n|\n|t:|1699824682\n|switch|p1a: Gliscor|Gliscor, F|100\/100\n|turn|13\n|\n|t:|1699824688\n|switch|p2a: Tapu Lele|Tapu Lele|100\/100\n|-fieldstart|move: Psychic Terrain|[from] ability: Psychic Surge|[of] p2a: Tapu Lele\n|move|p1a: Gliscor|Swords Dance|p1a: Gliscor\n|-boost|p1a: Gliscor|atk|2\n|\n|-status|p1a: Gliscor|tox|[from] item: Toxic Orb\n|upkeep\n|turn|14\n|\n|t:|1699824706\n|move|p2a: Tapu Lele|Psychic|p1a: Gliscor\n|-damage|p1a: Gliscor|17\/100 tox\n|move|p1a: Gliscor|Facade|p2a: Tapu Lele\n|-damage|p2a: Tapu Lele|0 fnt\n|faint|p2a: Tapu Lele\n|\n|-heal|p1a: Gliscor|29\/100 tox|[from] ability: Poison Heal\n|upkeep\n|\n|t:|1699824725\n|switch|p2a: Boltund|Boltund, F|100\/100\n|turn|15\n|inactive|QueenOfTheFreaks has 90 seconds left.\n|\n|t:|1699824736\n|move|p2a: Boltund|Psychic Fangs|p1a: Gliscor\n|-damage|p1a: Gliscor|0 fnt\n|faint|p1a: Gliscor\n|\n|upkeep\n|\n|t:|1699824747\n|switch|p1a: Iron Valiant|Iron Valiant|100\/100\n|-enditem|p1a: Iron Valiant|Booster Energy\n|-activate|p1a: Iron Valiant|ability: Quark Drive|[fromitem]\n|-start|p1a: Iron Valiant|quarkdrivespe\n|turn|16\n|\n|t:|1699824753\n|move|p1a: Iron Valiant|Focus Blast|p2a: Boltund\n|-damage|p2a: Boltund|0 fnt\n|faint|p2a: Boltund\n|\n|upkeep\n|\n|t:|1699824756\n|switch|p2a: Regidrago|Regidrago|100\/100\n|turn|17\n|\n|t:|1699824762\n|move|p1a: Iron Valiant|Moonblast|p2a: Regidrago\n|-supereffective|p2a: Regidrago\n|-damage|p2a: Regidrago|1\/100\n|move|p2a: Regidrago|Hyper Beam|p1a: Iron Valiant\n|-damage|p1a: Iron Valiant|30\/100\n|-mustrecharge|p2a: Regidrago\n|\n|upkeep\n|turn|18\n|\n|t:|1699824768\n|move|p1a: Iron Valiant|Moonblast|p2a: Regidrago\n|-supereffective|p2a: Regidrago\n|-damage|p2a: Regidrago|0 fnt\n|faint|p2a: Regidrago\n|\n|win|QueenOfTheFreaks\n|raw|QueenOfTheFreaks's rating: 1202 &rarr; <strong>1225<\/strong><br \/>(+23 for winning)\n|raw|Killerlamarlucas's rating: 1179 &rarr; <strong>1156<\/strong><br \/>(-23 for losing)\n|l|\u2606Killerlamarlucas\n|c|\u2606QueenOfTheFreaks|good game!\n","uploadtime":1699824775,"views":9,"p1id":"queenofthefreaks","p2id":"killerlamarlucas","formatid":"gen9nationaldex","rating":1156,"private":0,"password":""}