{"id":"gen9nationaldex-1999072263","p1":"Ricardo2221","p2":"kertay","format":"[Gen 9] National Dex","log":"|html|<div class=\"broadcast-blue\"><strong>[Gen 9] National Dex is currently suspecting Sneasler! For information on how to participate check out the <a href=\"https:\/\/www.smogon.com\/forums\/threads\/sv-national-dex-suspect-8-just-dance.3731534\/\">suspect thread<\/a>.<\/strong><\/div>\n|j|\u2606Ricardo2221\n|j|\u2606kertay\n|t:|1701030181\n|gametype|singles\n|player|p1|Ricardo2221|benga|\n|player|p2|kertay|palmer|\n|teamsize|p1|6\n|teamsize|p2|6\n|gen|9\n|tier|[Gen 9] National Dex\n|rule|HP Percentage Mod: HP is shown in percentages\n|rule|Endless Battle Clause: Forcing endless battles is banned\n|rule|OHKO Clause: OHKO moves are banned\n|rule|Evasion Clause: Evasion abilities, items, and moves are banned\n|rule|Evasion Abilities Clause: Evasion abilities are banned\n|rule|Evasion Items Clause: Evasion items are banned\n|rule|Evasion Moves Clause: Evasion moves are banned\n|rule|Species Clause: Limit one of each Pok\u00e9mon\n|rule|Sleep Clause Mod: Limit one foe put to sleep\n|clearpoke\n|poke|p1|Weavile, M|\n|poke|p1|Sneasler, F|\n|poke|p1|Zeraora|\n|poke|p1|Sylveon, F|\n|poke|p1|Landorus-Therian, M|\n|poke|p1|Meowscarada, M|\n|poke|p2|Serperior, M|\n|poke|p2|Torterra, M|\n|poke|p2|Torkoal, M|\n|poke|p2|Heliolisk, F|\n|poke|p2|Skeledirge, F|\n|poke|p2|Dudunsparce-*, F|\n|teampreview\n|inactive|Battle timer is ON: inactive players will automatically lose when time's up. (requested by Ricardo2221)\n|\n|t:|1701030208\n|start\n|switch|p1a: Weavile|Weavile, M|100\/100\n|switch|p2a: Serperior|Serperior, M|100\/100\n|-ability|p1a: Weavile|Pressure\n|turn|1\n|\n|t:|1701030222\n|move|p1a: Weavile|Fake Out|p2a: Serperior\n|-crit|p2a: Serperior\n|-damage|p2a: Serperior|70\/100\n|-damage|p1a: Weavile|91\/100|[from] item: Life Orb\n|cant|p2a: Serperior|flinch\n|\n|upkeep\n|turn|2\n|\n|t:|1701030230\n|move|p1a: Weavile|Icicle Crash|p2a: Serperior\n|-supereffective|p2a: Serperior\n|-damage|p2a: Serperior|0 fnt\n|faint|p2a: Serperior\n|-damage|p1a: Weavile|81\/100|[from] item: Life Orb\n|\n|upkeep\n|\n|t:|1701030236\n|switch|p2a: Torkoal|Torkoal, M|100\/100\n|-weather|SunnyDay|[from] ability: Drought|[of] p2a: Torkoal\n|turn|3\n|\n|t:|1701030244\n|switch|p1a: Landorus|Landorus-Therian, M|100\/100\n|-ability|p1a: Landorus|Intimidate|boost\n|-unboost|p2a: Torkoal|atk|1\n|move|p2a: Torkoal|Toxic|p1a: Landorus\n|-status|p1a: Landorus|tox\n|\n|-weather|SunnyDay|[upkeep]\n|-damage|p1a: Landorus|95\/100 tox|[from] psn\n|upkeep\n|turn|4\n|\n|t:|1701030261\n|switch|p2a: Dudunsparce|Dudunsparce, F|100\/100\n|move|p1a: Landorus|Earthquake|p2a: Dudunsparce\n|-damage|p2a: Dudunsparce|62\/100\n|\n|-weather|SunnyDay|[upkeep]\n|-heal|p2a: Dudunsparce|68\/100|[from] item: Leftovers\n|-damage|p1a: Landorus|83\/100 tox|[from] psn\n|upkeep\n|turn|5\n|\n|t:|1701030271\n|move|p1a: Landorus|Stealth Rock|p2a: Dudunsparce\n|-sidestart|p2: kertay|move: Stealth Rock\n|move|p2a: Dudunsparce|Stealth Rock|p1a: Landorus\n|-sidestart|p1: Ricardo2221|move: Stealth Rock\n|\n|-weather|SunnyDay|[upkeep]\n|-heal|p2a: Dudunsparce|74\/100|[from] item: Leftovers\n|-damage|p1a: Landorus|65\/100 tox|[from] psn\n|upkeep\n|turn|6\n|\n|t:|1701030279\n|switch|p1a: Sneasler|Sneasler, F|100\/100\n|-damage|p1a: Sneasler|95\/100|[from] Stealth Rock\n|move|p2a: Dudunsparce|Tailwind|p2a: Dudunsparce\n|-sidestart|p2: kertay|move: Tailwind\n|\n|-weather|SunnyDay|[upkeep]\n|-heal|p2a: Dudunsparce|80\/100|[from] item: Leftovers\n|upkeep\n|turn|7\n|\n|t:|1701030289\n|move|p1a: Sneasler|Close Combat|p2a: Dudunsparce\n|-supereffective|p2a: Dudunsparce\n|-damage|p2a: Dudunsparce|0 fnt\n|-unboost|p1a: Sneasler|def|1\n|-unboost|p1a: Sneasler|spd|1\n|-enditem|p1a: Sneasler|White Herb\n|-clearnegativeboost|p1a: Sneasler|[silent]\n|faint|p2a: Dudunsparce\n|\n|-weather|none\n|upkeep\n|j| GabrieLopez\n|\n|t:|1701030312\n|switch|p2a: Torterra|Torterra, M|100\/100\n|-damage|p2a: Torterra|94\/100|[from] Stealth Rock\n|turn|8\n|c| GabrieLopez|Recuerden se\u00f1ores, la final es Bo1\n|\n|t:|1701030324\n|-terastallize|p1a: Sneasler|Flying\n|move|p1a: Sneasler|Swords Dance|p1a: Sneasler\n|-boost|p1a: Sneasler|atk|2\n|move|p2a: Torterra|Earthquake|p1a: Sneasler\n|-immune|p1a: Sneasler\n|\n|upkeep\n|turn|9\n|\n|t:|1701030331\n|move|p1a: Sneasler|Acrobatics|p2a: Torterra\n|-supereffective|p2a: Torterra\n|-damage|p2a: Torterra|0 fnt\n|faint|p2a: Torterra\n|\n|-sideend|p2: kertay|move: Tailwind\n|upkeep\n|\n|t:|1701030338\n|switch|p2a: Heliolisk|Heliolisk, F|100\/100\n|-damage|p2a: Heliolisk|88\/100|[from] Stealth Rock\n|turn|10\n|\n|t:|1701030343\n|move|p1a: Sneasler|Close Combat|p2a: Heliolisk\n|-supereffective|p2a: Heliolisk\n|-damage|p2a: Heliolisk|0 fnt\n|-unboost|p1a: Sneasler|def|1\n|-unboost|p1a: Sneasler|spd|1\n|faint|p2a: Heliolisk\n|\n|upkeep\n|\n|t:|1701030350\n|switch|p2a: Torkoal|Torkoal, M|100\/100\n|-damage|p2a: Torkoal|75\/100|[from] Stealth Rock\n|-weather|SunnyDay|[from] ability: Drought|[of] p2a: Torkoal\n|turn|11\n|\n|t:|1701030358\n|move|p1a: Sneasler|Acrobatics|p2a: Torkoal\n|-damage|p2a: Torkoal|9\/100\n|move|p2a: Torkoal|Ancient Power|p1a: Sneasler\n|-supereffective|p1a: Sneasler\n|-damage|p1a: Sneasler|41\/100\n|\n|-weather|SunnyDay|[upkeep]\n|upkeep\n|turn|12\n|c|\u2606Ricardo2221|Gg\n|\n|t:|1701030365\n|move|p1a: Sneasler|Acrobatics|p2a: Torkoal\n|-damage|p2a: Torkoal|0 fnt\n|faint|p2a: Torkoal\n|\n|-weather|SunnyDay|[upkeep]\n|upkeep\n|\n|t:|1701030370\n|switch|p2a: Skeledirge|Skeledirge, F|100\/100\n|-damage|p2a: Skeledirge|75\/100|[from] Stealth Rock\n|turn|13\n|\n|t:|1701030376\n|move|p1a: Sneasler|Acrobatics|p2a: Skeledirge\n|-damage|p2a: Skeledirge|29\/100\n|move|p2a: Skeledirge|Torch Song|p1a: Sneasler\n|-damage|p1a: Sneasler|0 fnt\n|-boost|p2a: Skeledirge|spa|1\n|faint|p1a: Sneasler\n|\n|-weather|SunnyDay|[upkeep]\n|-heal|p2a: Skeledirge|35\/100|[from] item: Leftovers\n|upkeep\n|\n|t:|1701030381\n|switch|p1a: Landorus|Landorus-Therian, M|65\/100 tox\n|-damage|p1a: Landorus|53\/100 tox|[from] Stealth Rock\n|-ability|p1a: Landorus|Intimidate|boost\n|-unboost|p2a: Skeledirge|atk|1\n|turn|14\n|\n|t:|1701030390\n|-terastallize|p2a: Skeledirge|Dark\n|move|p1a: Landorus|Earthquake|p2a: Skeledirge\n|-damage|p2a: Skeledirge|0 fnt\n|faint|p2a: Skeledirge\n|\n|win|Ricardo2221\n|c|\u2606kertay|gg\n|l|\u2606Ricardo2221\n","uploadtime":1701030399,"views":2,"p1id":"ricardo2221","p2id":"kertay","formatid":"gen9nationaldex","rating":0,"private":0,"password":""}