{"id":"gen9nationaldex-1995419751","p1":"gzp666","p2":"NDSNEZ Radvil","format":"[Gen 9] National Dex","log":"|html|<div class=\"broadcast-blue\"><strong>[Gen 9] National Dex is currently suspecting Sneasler! For information on how to participate check out the <a href=\"https:\/\/www.smogon.com\/forums\/threads\/sv-national-dex-suspect-8-just-dance.3731534\/\">suspect thread<\/a>.<\/strong><\/div>\n|j|\u203dgzp666\n|j|\u2606NDSNEZ Radvil\n|t:|1700568410\n|gametype|singles\n|player|p1|gzp666|2|1134\n|player|p2|NDSNEZ Radvil|youngster-gen4dp|1131\n|teamsize|p1|6\n|teamsize|p2|6\n|gen|9\n|tier|[Gen 9] National Dex\n|rated|\n|rule|HP Percentage Mod: HP is shown in percentages\n|rule|Endless Battle Clause: Forcing endless battles is banned\n|rule|OHKO Clause: OHKO moves are banned\n|rule|Evasion Clause: Evasion abilities, items, and moves are banned\n|rule|Evasion Abilities Clause: Evasion abilities are banned\n|rule|Evasion Items Clause: Evasion items are banned\n|rule|Evasion Moves Clause: Evasion moves are banned\n|rule|Species Clause: Limit one of each Pok\u00e9mon\n|rule|Sleep Clause Mod: Limit one foe put to sleep\n|clearpoke\n|poke|p1|Rillaboom, M|\n|poke|p1|Urshifu-*, M|\n|poke|p1|Heatran, F|\n|poke|p1|Toxapex, M|\n|poke|p1|Venusaur, M|\n|poke|p1|Great Tusk|\n|poke|p2|Tyranitar, M|\n|poke|p2|Aegislash, M|\n|poke|p2|Tornadus-Therian, M|\n|poke|p2|Scizor, F|\n|poke|p2|Iron Valiant|\n|poke|p2|Gastrodon, M|\n|teampreview\n|inactive|Battle timer is ON: inactive players will automatically lose when time's up. (requested by gzp666)\n|\n|t:|1700568429\n|start\n|switch|p1a: Rillaboom|Rillaboom, M|100\/100\n|switch|p2a: Tornadus|Tornadus-Therian, M|100\/100\n|-fieldstart|move: Grassy Terrain|[from] ability: Grassy Surge|[of] p1a: Rillaboom\n|turn|1\n|\n|t:|1700568438\n|switch|p1a: Heatran|Heatran, F|100\/100\n|move|p2a: Tornadus|U-turn|p1a: Heatran\n|-resisted|p1a: Heatran\n|-damage|p1a: Heatran|97\/100\n|\n|t:|1700568444\n|switch|p2a: Tyranitar|Tyranitar, M|100\/100|[from] U-turn\n|-weather|Sandstorm|[from] ability: Sand Stream|[of] p2a: Tyranitar\n|\n|-weather|Sandstorm|[upkeep]\n|-heal|p1a: Heatran|100\/100|[from] Grassy Terrain\n|upkeep\n|turn|2\n|\n|t:|1700568466\n|switch|p1a: Great Tusk|Great Tusk|100\/100\n|detailschange|p2a: Tyranitar|Tyranitar-Mega, M\n|-mega|p2a: Tyranitar|Tyranitar|Tyranitarite\n|move|p2a: Tyranitar|Knock Off|p1a: Great Tusk\n|-resisted|p1a: Great Tusk\n|-damage|p1a: Great Tusk|78\/100\n|-enditem|p1a: Great Tusk|Leftovers|[from] move: Knock Off|[of] p2a: Tyranitar\n|\n|-weather|Sandstorm|[upkeep]\n|-heal|p1a: Great Tusk|85\/100|[from] Grassy Terrain\n|upkeep\n|turn|3\n|\n|t:|1700568478\n|switch|p2a: Tornadus|Tornadus-Therian, M|100\/100\n|move|p1a: Great Tusk|Earthquake|p2a: Tornadus\n|-immune|p2a: Tornadus\n|\n|-weather|Sandstorm|[upkeep]\n|-damage|p2a: Tornadus|94\/100|[from] Sandstorm\n|-heal|p1a: Great Tusk|91\/100|[from] Grassy Terrain\n|upkeep\n|turn|4\n|\n|t:|1700568493\n|move|p2a: Tornadus|Bleakwind Storm|p1a: Great Tusk|[miss]\n|-miss|p2a: Tornadus|p1a: Great Tusk\n|move|p1a: Great Tusk|Close Combat|p2a: Tornadus\n|-resisted|p2a: Tornadus\n|-crit|p2a: Tornadus\n|-damage|p2a: Tornadus|54\/100\n|-unboost|p1a: Great Tusk|def|1\n|-unboost|p1a: Great Tusk|spd|1\n|\n|-weather|Sandstorm|[upkeep]\n|-damage|p2a: Tornadus|48\/100|[from] Sandstorm\n|-heal|p1a: Great Tusk|97\/100|[from] Grassy Terrain\n|upkeep\n|turn|5\n|\n|t:|1700568502\n|-end|p1a: Great Tusk|Protosynthesis|[silent]\n|switch|p1a: Heatran|Heatran, F|100\/100\n|move|p2a: Tornadus|U-turn|p1a: Heatran\n|-resisted|p1a: Heatran\n|-crit|p1a: Heatran\n|-damage|p1a: Heatran|96\/100\n|\n|t:|1700568506\n|switch|p2a: Tyranitar|Tyranitar-Mega, M|100\/100|[from] U-turn\n|\n|-weather|none\n|-heal|p1a: Heatran|100\/100|[from] Grassy Terrain\n|-fieldend|move: Grassy Terrain\n|upkeep\n|turn|6\n|\n|t:|1700568522\n|-terastallize|p1a: Heatran|Grass\n|move|p2a: Tyranitar|Earthquake|p1a: Heatran\n|-resisted|p1a: Heatran\n|-damage|p1a: Heatran|81\/100\n|move|p1a: Heatran|Earth Power|p2a: Tyranitar\n|-supereffective|p2a: Tyranitar\n|-crit|p2a: Tyranitar\n|-damage|p2a: Tyranitar|33\/100\n|\n|-heal|p1a: Heatran|87\/100|[from] item: Leftovers\n|upkeep\n|turn|7\n|\n|t:|1700568532\n|move|p2a: Tyranitar|Stone Edge|p1a: Heatran\n|-damage|p1a: Heatran|31\/100\n|move|p1a: Heatran|Stealth Rock|p2a: Tyranitar\n|-sidestart|p2: NDSNEZ Radvil|move: Stealth Rock\n|\n|-heal|p1a: Heatran|37\/100|[from] item: Leftovers\n|upkeep\n|turn|8\n|\n|t:|1700568540\n|move|p2a: Tyranitar|Knock Off|p1a: Heatran\n|-damage|p1a: Heatran|0 fnt\n|-enditem|p1a: Heatran|Leftovers|[from] move: Knock Off|[of] p2a: Tyranitar\n|faint|p1a: Heatran\n|\n|upkeep\n|\n|t:|1700568545\n|switch|p1a: Great Tusk|Great Tusk|97\/100\n|turn|9\n|\n|t:|1700568550\n|switch|p2a: Tornadus|Tornadus-Therian, M|81\/100\n|move|p1a: Great Tusk|Ice Spinner|p2a: Tornadus\n|-supereffective|p2a: Tornadus\n|-damage|p2a: Tornadus|23\/100\n|\n|upkeep\n|turn|10\n|\n|t:|1700568557\n|-end|p1a: Great Tusk|Protosynthesis|[silent]\n|switch|p1a: Toxapex|Toxapex, M|100\/100\n|move|p2a: Tornadus|Bleakwind Storm|p1a: Toxapex\n|-damage|p1a: Toxapex|69\/100\n|-unboost|p1a: Toxapex|spe|1\n|\n|-heal|p1a: Toxapex|75\/100|[from] item: Leftovers\n|upkeep\n|turn|11\n|\n|t:|1700568566\n|move|p2a: Tornadus|Defog|p1a: Toxapex\n|-unboost|p1a: Toxapex|evasion|1\n|-sideend|p2: NDSNEZ Radvil|Stealth Rock|[from] move: Defog|[of] p2a: Tornadus\n|move|p1a: Toxapex|Toxic|p2a: Tornadus\n|-status|p2a: Tornadus|tox\n|\n|-heal|p1a: Toxapex|81\/100|[from] item: Leftovers\n|-damage|p2a: Tornadus|17\/100 tox|[from] psn\n|upkeep\n|turn|12\n|\n|t:|1700568575\n|move|p2a: Tornadus|U-turn|p1a: Toxapex\n|-resisted|p1a: Toxapex\n|-damage|p1a: Toxapex|77\/100\n|\n|t:|1700568577\n|switch|p2a: Aegislash|Aegislash, M|100\/100|[from] U-turn\n|move|p1a: Toxapex|Scald|p2a: Aegislash\n|-damage|p2a: Aegislash|87\/100\n|\n|-heal|p2a: Aegislash|93\/100|[from] item: Leftovers\n|-heal|p1a: Toxapex|83\/100|[from] item: Leftovers\n|upkeep\n|turn|13\n|\n|t:|1700568586\n|move|p2a: Aegislash|Substitute|p2a: Aegislash\n|-start|p2a: Aegislash|Substitute\n|-damage|p2a: Aegislash|68\/100\n|move|p1a: Toxapex|Scald|p2a: Aegislash\n|-activate|p2a: Aegislash|move: Substitute|[damage]\n|\n|-heal|p2a: Aegislash|75\/100|[from] item: Leftovers\n|-heal|p1a: Toxapex|89\/100|[from] item: Leftovers\n|upkeep\n|turn|14\n|\n|t:|1700568596\n|switch|p1a: Great Tusk|Great Tusk|97\/100\n|-formechange|p2a: Aegislash|Aegislash-Blade||[from] ability: Stance Change\n|move|p2a: Aegislash|Shadow Ball|p1a: Great Tusk\n|-damage|p1a: Great Tusk|38\/100\n|\n|-heal|p2a: Aegislash|81\/100|[from] item: Leftovers\n|upkeep\n|turn|15\n|\n|t:|1700568605\n|move|p1a: Great Tusk|Earthquake|p2a: Aegislash\n|-supereffective|p2a: Aegislash\n|-end|p2a: Aegislash|Substitute\n|move|p2a: Aegislash|Shadow Ball|p1a: Great Tusk\n|-damage|p1a: Great Tusk|0 fnt\n|faint|p1a: Great Tusk\n|-end|p1a: Great Tusk|Protosynthesis|[silent]\n|\n|-heal|p2a: Aegislash|87\/100|[from] item: Leftovers\n|upkeep\n|\n|t:|1700568617\n|switch|p1a: Venusaur|Venusaur, M|100\/100\n|turn|16\n|\n|t:|1700568625\n|switch|p2a: Scizor|Scizor, F|100\/100\n|detailschange|p1a: Venusaur|Venusaur-Mega, M\n|-mega|p1a: Venusaur|Venusaur|Venusaurite\n|move|p1a: Venusaur|Leech Seed|p2a: Scizor\n|-start|p2a: Scizor|move: Leech Seed\n|\n|-damage|p2a: Scizor|88\/100|[from] Leech Seed|[of] p1a: Venusaur\n|upkeep\n|turn|17\n|\n|t:|1700568634\n|switch|p1a: Urshifu|Urshifu-Rapid-Strike, M|100\/100\n|move|p2a: Scizor|U-turn|p1a: Urshifu\n|-resisted|p1a: Urshifu\n|-damage|p1a: Urshifu|81\/100\n|\n|t:|1700568642\n|switch|p2a: Iron Valiant|Iron Valiant|100\/100|[from] U-turn\n|\n|upkeep\n|turn|18\n|\n|t:|1700568647\n|move|p2a: Iron Valiant|Moonblast|p1a: Urshifu\n|-supereffective|p1a: Urshifu\n|-damage|p1a: Urshifu|0 fnt\n|faint|p1a: Urshifu\n|\n|upkeep\n|\n|t:|1700568654\n|switch|p1a: Rillaboom|Rillaboom, M|100\/100\n|-fieldstart|move: Grassy Terrain|[from] ability: Grassy Surge|[of] p1a: Rillaboom\n|turn|19\n|\n|t:|1700568663\n|-end|p2a: Iron Valiant|Quark Drive|[silent]\n|switch|p2a: Gastrodon|Gastrodon, M|100\/100\n|move|p1a: Rillaboom|Wood Hammer|p2a: Gastrodon\n|-supereffective|p2a: Gastrodon\n|-damage|p2a: Gastrodon|0 fnt\n|faint|p2a: Gastrodon\n|-damage|p1a: Rillaboom|65\/100|[from] Recoil\n|\n|-heal|p1a: Rillaboom|71\/100|[from] Grassy Terrain\n|upkeep\n|\n|t:|1700568671\n|switch|p2a: Scizor|Scizor, F|88\/100\n|turn|20\n|\n|t:|1700568674\n|switch|p1a: Toxapex|Toxapex, M|100\/100\n|move|p2a: Scizor|U-turn|p1a: Toxapex\n|-resisted|p1a: Toxapex\n|-damage|p1a: Toxapex|88\/100\n|\n|t:|1700568680\n|switch|p2a: Aegislash|Aegislash, M|87\/100|[from] U-turn\n|\n|-heal|p2a: Aegislash|93\/100|[from] Grassy Terrain\n|-heal|p2a: Aegislash|99\/100|[from] item: Leftovers\n|-heal|p1a: Toxapex|95\/100|[from] Grassy Terrain\n|-heal|p1a: Toxapex|100\/100|[from] item: Leftovers\n|upkeep\n|turn|21\n|\n|t:|1700568689\n|switch|p1a: Rillaboom|Rillaboom, M|71\/100\n|move|p2a: Aegislash|Substitute|p2a: Aegislash\n|-start|p2a: Aegislash|Substitute\n|-damage|p2a: Aegislash|74\/100\n|\n|-heal|p1a: Rillaboom|77\/100|[from] Grassy Terrain\n|-heal|p2a: Aegislash|80\/100|[from] Grassy Terrain\n|-heal|p2a: Aegislash|87\/100|[from] item: Leftovers\n|upkeep\n|turn|22\n|\n|t:|1700568700\n|move|p2a: Aegislash|King's Shield|p2a: Aegislash\n|-singleturn|p2a: Aegislash|Protect\n|move|p1a: Rillaboom|Knock Off|p2a: Aegislash\n|-activate|p2a: Aegislash|move: Protect\n|-unboost|p1a: Rillaboom|atk|1\n|\n|-heal|p1a: Rillaboom|83\/100|[from] Grassy Terrain\n|-heal|p2a: Aegislash|93\/100|[from] Grassy Terrain\n|-heal|p2a: Aegislash|99\/100|[from] item: Leftovers\n|upkeep\n|turn|23\n|\n|t:|1700568705\n|move|p1a: Rillaboom|Knock Off|p2a: Aegislash\n|-supereffective|p2a: Aegislash\n|-end|p2a: Aegislash|Substitute\n|-formechange|p2a: Aegislash|Aegislash-Blade||[from] ability: Stance Change\n|move|p2a: Aegislash|Shadow Ball|p1a: Rillaboom\n|-crit|p1a: Rillaboom\n|-damage|p1a: Rillaboom|0 fnt\n|faint|p1a: Rillaboom\n|\n|-heal|p2a: Aegislash|100\/100|[from] Grassy Terrain\n|-fieldend|move: Grassy Terrain\n|upkeep\n|-message|gzp666 forfeited.\n|\n|win|NDSNEZ Radvil\n|raw|gzp666's rating: 1134 &rarr; <strong>1109<\/strong><br \/>(-25 for losing)\n|raw|NDSNEZ Radvil's rating: 1131 &rarr; <strong>1156<\/strong><br \/>(+25 for winning)\n|l|\u203dgzp666\n","uploadtime":1700568720,"views":0,"p1id":"gzp666","p2id":"ndsnezradvil","formatid":"gen9nationaldex","rating":1109,"private":0,"password":""}