{"id":"gen9nationaldex-1996732325","p1":"pokemonmaster897","p2":"Reivya","format":"[Gen 9] National Dex","log":"|html|<div class=\"broadcast-blue\"><strong>[Gen 9] National Dex is currently suspecting Sneasler! For information on how to participate check out the <a href=\"https:\/\/www.smogon.com\/forums\/threads\/sv-national-dex-suspect-8-just-dance.3731534\/\">suspect thread<\/a>.<\/strong><\/div>\n|j|\u2606pokemonmaster897\n|j|\u2606Reivya\n|t:|1700716036\n|gametype|singles\n|player|p1|pokemonmaster897|steven|1032\n|player|p2|Reivya|psychicf-gen4|1004\n|teamsize|p1|5\n|teamsize|p2|6\n|gen|9\n|tier|[Gen 9] National Dex\n|rated|\n|rule|HP Percentage Mod: HP is shown in percentages\n|rule|Endless Battle Clause: Forcing endless battles is banned\n|rule|OHKO Clause: OHKO moves are banned\n|rule|Evasion Clause: Evasion abilities, items, and moves are banned\n|rule|Evasion Abilities Clause: Evasion abilities are banned\n|rule|Evasion Items Clause: Evasion items are banned\n|rule|Evasion Moves Clause: Evasion moves are banned\n|rule|Species Clause: Limit one of each Pok\u00e9mon\n|rule|Sleep Clause Mod: Limit one foe put to sleep\n|clearpoke\n|poke|p1|Blaziken, F|\n|poke|p1|Garchomp, F|\n|poke|p1|Ferrothorn, F|\n|poke|p1|Heracross, M|\n|poke|p1|Sneasler, M|\n|poke|p2|Gardevoir, F|\n|poke|p2|Lopunny, F|\n|poke|p2|Tsareena, F|\n|poke|p2|Gothitelle, F|\n|poke|p2|Lilligant, F|\n|poke|p2|Vaporeon, F|\n|teampreview\n|c|\u2606Reivya|glhf\n|\n|t:|1700716055\n|start\n|switch|p1a: Ferrothorn|Ferrothorn, F|100\/100\n|switch|p2a: Gothitelle|Gothitelle, F|100\/100\n|turn|1\n|\n|t:|1700716063\n|move|p2a: Gothitelle|Magic Coat|p2a: Gothitelle\n|-singleturn|p2a: Gothitelle|move: Magic Coat\n|move|p1a: Ferrothorn|Leech Seed|p2a: Gothitelle\n|move|p2a: Gothitelle|Leech Seed|p1a: Ferrothorn|[from]Magic Coat\n|-immune|p1a: Ferrothorn\n|\n|upkeep\n|turn|2\n|\n|t:|1700716069\n|move|p2a: Gothitelle|Magic Coat|p2a: Gothitelle\n|-singleturn|p2a: Gothitelle|move: Magic Coat\n|move|p1a: Ferrothorn|Leech Seed|p2a: Gothitelle\n|move|p2a: Gothitelle|Leech Seed|p1a: Ferrothorn|[from]Magic Coat\n|-immune|p1a: Ferrothorn\n|\n|upkeep\n|turn|3\n|\n|t:|1700716076\n|move|p2a: Gothitelle|Thunder Wave|p1a: Ferrothorn\n|-status|p1a: Ferrothorn|par\n|move|p1a: Ferrothorn|Thunder Wave|p2a: Gothitelle\n|-status|p2a: Gothitelle|par\n|\n|upkeep\n|turn|4\n|\n|t:|1700716083\n|move|p2a: Gothitelle|Magic Coat|p2a: Gothitelle\n|-singleturn|p2a: Gothitelle|move: Magic Coat\n|move|p1a: Ferrothorn|Leech Seed|p2a: Gothitelle\n|move|p2a: Gothitelle|Leech Seed|p1a: Ferrothorn|[from]Magic Coat\n|-immune|p1a: Ferrothorn\n|\n|upkeep\n|turn|5\n|c|\u2606pokemonmaster897|what is this?\n|\n|t:|1700716100\n|switch|p2a: Tsareena|Tsareena, F|100\/100\n|cant|p1a: Ferrothorn|par\n|\n|upkeep\n|turn|6\n|c|\u2606Reivya|magic coat\n|\n|t:|1700716111\n|move|p1a: Ferrothorn|Protect|p1a: Ferrothorn\n|-singleturn|p1a: Ferrothorn|Protect\n|move|p2a: Tsareena|Taunt|p1a: Ferrothorn\n|-activate|p1a: Ferrothorn|move: Protect\n|\n|upkeep\n|turn|7\n|\n|t:|1700716118\n|switch|p1a: Blaziken|Blaziken, F|100\/100\n|move|p2a: Tsareena|Taunt|p1a: Blaziken\n|-start|p1a: Blaziken|move: Taunt\n|\n|upkeep\n|turn|8\n|\n|t:|1700716128\n|switch|p2a: Vaporeon|Vaporeon, F|100\/100\n|move|p1a: Blaziken|Mega Kick|p2a: Vaporeon|[miss]\n|-miss|p1a: Blaziken|p2a: Vaporeon\n|\n|-ability|p1a: Blaziken|Speed Boost|boost\n|-boost|p1a: Blaziken|spe|1\n|upkeep\n|turn|9\n|\n|t:|1700716148\n|switch|p1a: Ferrothorn|Ferrothorn, F|100\/100 par\n|move|p2a: Vaporeon|Wish|p2a: Vaporeon\n|\n|upkeep\n|turn|10\n|\n|t:|1700716162\n|switch|p2a: Tsareena|Tsareena, F|100\/100\n|move|p1a: Ferrothorn|Leech Seed|p2a: Tsareena\n|-immune|p2a: Tsareena\n|\n|upkeep\n|turn|11\n|\n|t:|1700716170\n|move|p2a: Tsareena|Taunt|p1a: Ferrothorn\n|-start|p1a: Ferrothorn|move: Taunt\n|cant|p1a: Ferrothorn|move: Taunt|Thunder Wave\n|\n|upkeep\n|turn|12\n|\n|t:|1700716178\n|switch|p1a: Heracross|Heracross, M|100\/100\n|move|p2a: Tsareena|Knock Off|p1a: Heracross\n|-resisted|p1a: Heracross\n|-damage|p1a: Heracross|85\/100\n|\n|upkeep\n|turn|13\n|\n|t:|1700716190\n|switch|p2a: Vaporeon|Vaporeon, F|100\/100\n|detailschange|p1a: Heracross|Heracross-Mega, M\n|-mega|p1a: Heracross|Heracross|Heracronite\n|move|p1a: Heracross|Pin Missile|p2a: Vaporeon\n|-damage|p2a: Vaporeon|88\/100\n|-damage|p2a: Vaporeon|74\/100\n|-damage|p2a: Vaporeon|62\/100\n|-damage|p2a: Vaporeon|50\/100\n|-damage|p2a: Vaporeon|37\/100\n|-hitcount|p2a: Vaporeon|5\n|\n|-heal|p2a: Vaporeon|44\/100|[from] item: Leftovers\n|upkeep\n|turn|14\n|\n|t:|1700716237\n|switch|p2a: Gardevoir|Gardevoir, F|100\/100\n|move|p1a: Heracross|Pin Missile|p2a: Gardevoir\n|-damage|p2a: Gardevoir|70\/100\n|-damage|p2a: Gardevoir|39\/100\n|-damage|p2a: Gardevoir|10\/100\n|-crit|p2a: Gardevoir\n|-damage|p2a: Gardevoir|0 fnt\n|faint|p2a: Gardevoir\n|-hitcount|p2: Gardevoir|4\n|\n|upkeep\n|\n|t:|1700716255\n|switch|p2a: Lilligant|Lilligant, F|100\/100\n|turn|15\n|\n|t:|1700716260\n|move|p2a: Lilligant|Sleep Powder|p1a: Heracross|[miss]\n|-miss|p2a: Lilligant|p1a: Heracross\n|move|p1a: Heracross|Pin Missile|p2a: Lilligant\n|-supereffective|p2a: Lilligant\n|-damage|p2a: Lilligant|45\/100\n|-supereffective|p2a: Lilligant\n|-damage|p2a: Lilligant|0 fnt\n|faint|p2a: Lilligant\n|-hitcount|p2: Lilligant|2\n|\n|upkeep\n|\n|t:|1700716274\n|switch|p2a: Lopunny|Lopunny, F|100\/100\n|turn|16\n|\n|t:|1700716287\n|detailschange|p2a: Lopunny|Lopunny-Mega, F\n|-mega|p2a: Lopunny|Lopunny|Lopunnite\n|move|p2a: Lopunny|Return|p1a: Heracross\n|-damage|p1a: Heracross|39\/100\n|move|p1a: Heracross|Pin Missile|p2a: Lopunny\n|-resisted|p2a: Lopunny\n|-damage|p2a: Lopunny|88\/100\n|-resisted|p2a: Lopunny\n|-damage|p2a: Lopunny|77\/100\n|-resisted|p2a: Lopunny\n|-damage|p2a: Lopunny|66\/100\n|-resisted|p2a: Lopunny\n|-damage|p2a: Lopunny|56\/100\n|-resisted|p2a: Lopunny\n|-damage|p2a: Lopunny|45\/100\n|-hitcount|p2a: Lopunny|5\n|\n|upkeep\n|turn|17\n|\n|t:|1700716304\n|switch|p1a: Garchomp|Garchomp, F|100\/100\n|move|p2a: Lopunny|Return|p1a: Garchomp\n|-damage|p1a: Garchomp|46\/100\n|-damage|p2a: Lopunny|33\/100|[from] ability: Rough Skin|[of] p1a: Garchomp\n|-damage|p2a: Lopunny|16\/100|[from] item: Rocky Helmet|[of] p1a: Garchomp\n|\n|upkeep\n|turn|18\n|\n|t:|1700716323\n|move|p2a: Lopunny|Drain Punch|p1a: Garchomp\n|-damage|p1a: Garchomp|4\/100\n|-heal|p2a: Lopunny|44\/100|[from] drain|[of] p1a: Garchomp\n|-damage|p2a: Lopunny|32\/100|[from] ability: Rough Skin|[of] p1a: Garchomp\n|-damage|p2a: Lopunny|15\/100|[from] item: Rocky Helmet|[of] p1a: Garchomp\n|move|p1a: Garchomp|Dragon Rush|p2a: Lopunny|[miss]\n|-miss|p1a: Garchomp|p2a: Lopunny\n|\n|upkeep\n|turn|19\n|\n|t:|1700716336\n|switch|p1a: Blaziken|Blaziken, F|100\/100\n|move|p2a: Lopunny|Drain Punch|p1a: Blaziken\n|-damage|p1a: Blaziken|48\/100\n|-heal|p2a: Lopunny|46\/100|[from] drain|[of] p1a: Blaziken\n|\n|upkeep\n|turn|20\n|\n|t:|1700716346\n|move|p1a: Blaziken|Protect|p1a: Blaziken\n|-singleturn|p1a: Blaziken|Protect\n|move|p2a: Lopunny|Drain Punch|p1a: Blaziken\n|-activate|p1a: Blaziken|move: Protect\n|\n|-ability|p1a: Blaziken|Speed Boost|boost\n|-boost|p1a: Blaziken|spe|1\n|upkeep\n|turn|21\n|\n|t:|1700716362\n|-terastallize|p1a: Blaziken|Ghost\n|move|p2a: Lopunny|Drain Punch|p1a: Blaziken\n|-damage|p1a: Blaziken|0 fnt\n|-heal|p2a: Lopunny|74\/100|[from] drain|[of] p1a: Blaziken\n|faint|p1a: Blaziken\n|\n|upkeep\n|c|\u2606Reivya|first time seeing scrappy?\n|c|\u2606pokemonmaster897|what is this drain punch ?\n|c|\u2606Reivya|drain punch is fighting type\n|\n|t:|1700716390\n|switch|p1a: Sneasler|Sneasler, M|100\/100\n|turn|22\n|c|\u2606Reivya|but mega lopunny has scrappy\n|c|\u2606Reivya|scrappy lets normal and fighting moves hit ghosts\n|c|\u2606pokemonmaster897|then why it hit my blaziken when it is ghost type terstsalization ?\n|c|\u2606Reivya|because scrappy lets it hit ghost types\n|inactive|Battle timer is ON: inactive players will automatically lose when time's up. (requested by pokemonmaster897)\n|c|\u2606Reivya|even tera types\n|\n|t:|1700716447\n|move|p2a: Lopunny|Return|p1a: Sneasler\n|-damage|p1a: Sneasler|13\/100\n|move|p1a: Sneasler|Swords Dance|p1a: Sneasler\n|-boost|p1a: Sneasler|atk|2\n|\n|upkeep\n|turn|23\n|\n|t:|1700716458\n|move|p2a: Lopunny|Drain Punch|p1a: Sneasler\n|-resisted|p1a: Sneasler\n|-damage|p1a: Sneasler|0 fnt\n|-heal|p2a: Lopunny|81\/100|[from] drain|[of] p1a: Sneasler\n|faint|p1a: Sneasler\n|\n|upkeep\n|\n|t:|1700716464\n|switch|p1a: Ferrothorn|Ferrothorn, F|100\/100 par\n|turn|24\n|\n|t:|1700716475\n|switch|p2a: Vaporeon|Vaporeon, F|44\/100\n|move|p1a: Ferrothorn|Protect||[still]\n|-fail|p1a: Ferrothorn\n|\n|-heal|p2a: Vaporeon|50\/100|[from] item: Leftovers\n|upkeep\n|turn|25\n|\n|t:|1700716482\n|move|p2a: Vaporeon|Wish|p2a: Vaporeon\n|cant|p1a: Ferrothorn|par\n|\n|-heal|p2a: Vaporeon|56\/100|[from] item: Leftovers\n|upkeep\n|turn|26\n|\n|t:|1700716488\n|move|p2a: Vaporeon|Heal Bell|p2a: Vaporeon\n|-activate|p2a: Vaporeon|move: Heal Bell\n|-curestatus|p2: Gothitelle|par|[msg]\n|move|p1a: Ferrothorn|Leech Seed|p2a: Vaporeon\n|-start|p2a: Vaporeon|move: Leech Seed\n|\n|-heal|p2a: Vaporeon|100\/100|[from] move: Wish|[wisher] Vaporeon\n|-damage|p2a: Vaporeon|88\/100|[from] Leech Seed|[of] p1a: Ferrothorn\n|upkeep\n|turn|27\n|\n|t:|1700716498\n|switch|p2a: Gothitelle|Gothitelle, F|100\/100\n|move|p1a: Ferrothorn|Thunder Wave|p2a: Gothitelle\n|-status|p2a: Gothitelle|par\n|\n|upkeep\n|turn|28\n|\n|t:|1700716512\n|cant|p1a: Ferrothorn|par\n|move|p2a: Gothitelle|Thunder Wave|p1a: Ferrothorn\n|-fail|p1a: Ferrothorn|par\n|\n|upkeep\n|turn|29\n|\n|t:|1700716518\n|switch|p2a: Tsareena|Tsareena, F|100\/100\n|cant|p1a: Ferrothorn|par\n|\n|upkeep\n|turn|30\n|\n|t:|1700716525\n|move|p2a: Tsareena|Knock Off|p1a: Ferrothorn\n|-crit|p1a: Ferrothorn\n|-damage|p1a: Ferrothorn|63\/100 par\n|-damage|p2a: Tsareena|88\/100|[from] ability: Iron Barbs|[of] p1a: Ferrothorn\n|-enditem|p1a: Ferrothorn|Leftovers|[from] move: Knock Off|[of] p2a: Tsareena\n|move|p1a: Ferrothorn|Thunder Wave|p2a: Tsareena|[miss]\n|-miss|p1a: Ferrothorn|p2a: Tsareena\n|\n|upkeep\n|turn|31\n|\n|t:|1700716534\n|move|p2a: Tsareena|Taunt|p1a: Ferrothorn\n|-start|p1a: Ferrothorn|move: Taunt\n|cant|p1a: Ferrothorn|move: Taunt|Thunder Wave\n|\n|upkeep\n|turn|32\n|\n|t:|1700716544\n|switch|p1a: Heracross|Heracross-Mega, M|39\/100\n|move|p2a: Tsareena|Knock Off|p1a: Heracross\n|-resisted|p1a: Heracross\n|-damage|p1a: Heracross|29\/100\n|\n|upkeep\n|turn|33\n|\n|t:|1700716563\n|switch|p2a: Lopunny|Lopunny-Mega, F|81\/100\n|move|p1a: Heracross|Pin Missile|p2a: Lopunny\n|-resisted|p2a: Lopunny\n|-damage|p2a: Lopunny|71\/100\n|-resisted|p2a: Lopunny\n|-damage|p2a: Lopunny|60\/100\n|-resisted|p2a: Lopunny\n|-damage|p2a: Lopunny|50\/100\n|-resisted|p2a: Lopunny\n|-damage|p2a: Lopunny|39\/100\n|-resisted|p2a: Lopunny\n|-damage|p2a: Lopunny|27\/100\n|-hitcount|p2a: Lopunny|5\n|\n|upkeep\n|turn|34\n|\n|t:|1700716587\n|move|p2a: Lopunny|Drain Punch|p1a: Heracross\n|-resisted|p1a: Heracross\n|-damage|p1a: Heracross|13\/100\n|-heal|p2a: Lopunny|36\/100|[from] drain|[of] p1a: Heracross\n|move|p1a: Heracross|Flail|p2a: Lopunny\n|-damage|p2a: Lopunny|0 fnt\n|faint|p2a: Lopunny\n|\n|upkeep\n|\n|t:|1700716604\n|switch|p2a: Vaporeon|Vaporeon, F|88\/100\n|turn|35\n|\n|t:|1700716626\n|move|p1a: Heracross|Flail|p2a: Vaporeon\n|-damage|p2a: Vaporeon|57\/100\n|move|p2a: Vaporeon|Flip Turn|p1a: Heracross\n|-damage|p1a: Heracross|0 fnt\n|faint|p1a: Heracross\n|\n|t:|1700716639\n|switch|p2a: Tsareena|Tsareena, F|88\/100|[from] Flip Turn\n|\n|upkeep\n|\n|t:|1700716647\n|switch|p1a: Garchomp|Garchomp, F|4\/100\n|turn|36\n|\n|t:|1700716657\n|move|p1a: Garchomp|Outrage|p2a: Tsareena\n|-damage|p2a: Tsareena|36\/100\n|move|p2a: Tsareena|Knock Off|p1a: Garchomp\n|-damage|p1a: Garchomp|0 fnt\n|-damage|p2a: Tsareena|23\/100|[from] ability: Rough Skin|[of] p1a: Garchomp\n|-damage|p2a: Tsareena|7\/100|[from] item: Rocky Helmet|[of] p1a: Garchomp\n|-enditem|p1a: Garchomp|Rocky Helmet|[from] move: Knock Off|[of] p2a: Tsareena\n|faint|p1a: Garchomp\n|\n|upkeep\n|\n|t:|1700716668\n|switch|p1a: Ferrothorn|Ferrothorn, F|63\/100 par\n|turn|37\n|\n|t:|1700716673\n|move|p2a: Tsareena|Taunt|p1a: Ferrothorn\n|-start|p1a: Ferrothorn|move: Taunt\n|cant|p1a: Ferrothorn|move: Taunt|Thunder Wave\n|\n|upkeep\n|turn|38\n|\n|t:|1700716679\n|switch|p2a: Vaporeon|Vaporeon, F|57\/100\n|-activate|p1a: Ferrothorn|move: Struggle\n|move|p1a: Ferrothorn|Struggle|p2a: Vaporeon\n|-damage|p2a: Vaporeon|50\/100\n|-damage|p1a: Ferrothorn|38\/100 par|[from] recoil\n|\n|-heal|p2a: Vaporeon|56\/100|[from] item: Leftovers\n|upkeep\n|turn|39\n|\n|t:|1700716688\n|move|p2a: Vaporeon|Wish|p2a: Vaporeon\n|-activate|p1a: Ferrothorn|move: Struggle\n|move|p1a: Ferrothorn|Struggle|p2a: Vaporeon\n|-damage|p2a: Vaporeon|49\/100\n|-damage|p1a: Ferrothorn|13\/100 par|[from] recoil\n|\n|-heal|p2a: Vaporeon|55\/100|[from] item: Leftovers\n|-end|p1a: Ferrothorn|move: Taunt\n|upkeep\n|turn|40\n|\n|t:|1700716697\n|move|p1a: Ferrothorn|Protect|p1a: Ferrothorn\n|-singleturn|p1a: Ferrothorn|Protect\n|move|p2a: Vaporeon|Flip Turn|p1a: Ferrothorn\n|-activate|p1a: Ferrothorn|move: Protect\n|\n|-heal|p2a: Vaporeon|100\/100|[from] move: Wish|[wisher] Vaporeon\n|upkeep\n|turn|41\n|\n|t:|1700716705\n|move|p2a: Vaporeon|Wish|p2a: Vaporeon\n|cant|p1a: Ferrothorn|par\n|\n|upkeep\n|turn|42\n|\n|t:|1700716710\n|switch|p2a: Tsareena|Tsareena, F|7\/100\n|move|p1a: Ferrothorn|Thunder Wave|p2a: Tsareena\n|-status|p2a: Tsareena|par\n|\n|-heal|p2a: Tsareena|73\/100 par|[from] move: Wish|[wisher] Vaporeon\n|upkeep\n|turn|43\n|\n|t:|1700716719\n|cant|p1a: Ferrothorn|par\n|move|p2a: Tsareena|Taunt|p1a: Ferrothorn\n|-start|p1a: Ferrothorn|move: Taunt\n|\n|upkeep\n|turn|44\n|\n|t:|1700716726\n|move|p2a: Tsareena|Knock Off|p1a: Ferrothorn\n|-damage|p1a: Ferrothorn|0 fnt\n|-damage|p2a: Tsareena|61\/100 par|[from] ability: Iron Barbs|[of] p1a: Ferrothorn\n|faint|p1a: Ferrothorn\n|\n|win|Reivya\n|raw|pokemonmaster897's rating: 1032 &rarr; <strong>1016<\/strong><br \/>(-16 for losing)\n|raw|Reivya's rating: 1004 &rarr; <strong>1047<\/strong><br \/>(+43 for winning)\n|c|\u2606Reivya|ggwp\n","uploadtime":1700716793,"views":8,"p1id":"pokemonmaster897","p2id":"reivya","formatid":"gen9nationaldex","rating":1016,"private":0,"password":""}