{"id":"gen9nationaldex-1996633948","p1":"shiyvee","p2":"bigbruhdaddy","format":"[Gen 9] National Dex","log":"|html|<div class=\"broadcast-blue\"><strong>[Gen 9] National Dex is currently suspecting Sneasler! For information on how to participate check out the <a href=\"https:\/\/www.smogon.com\/forums\/threads\/sv-national-dex-suspect-8-just-dance.3731534\/\">suspect thread<\/a>.<\/strong><\/div>\n|j|\u203dshiyvee\n|j|\u2606bigbruhdaddy\n|t:|1700703175\n|gametype|singles\n|player|p1|shiyvee|wallace|1583\n|player|p2|bigbruhdaddy|169|1642\n|teamsize|p1|6\n|teamsize|p2|6\n|gen|9\n|tier|[Gen 9] National Dex\n|rated|\n|rule|HP Percentage Mod: HP is shown in percentages\n|rule|Endless Battle Clause: Forcing endless battles is banned\n|rule|OHKO Clause: OHKO moves are banned\n|rule|Evasion Clause: Evasion abilities, items, and moves are banned\n|rule|Evasion Abilities Clause: Evasion abilities are banned\n|rule|Evasion Items Clause: Evasion items are banned\n|rule|Evasion Moves Clause: Evasion moves are banned\n|rule|Species Clause: Limit one of each Pok\u00e9mon\n|rule|Sleep Clause Mod: Limit one foe put to sleep\n|clearpoke\n|poke|p1|Garchomp, M|\n|poke|p1|Slowbro, F|\n|poke|p1|Moltres|\n|poke|p1|Tyranitar, M|\n|poke|p1|Meowscarada, F|\n|poke|p1|Nidoking, M|\n|poke|p2|Greninja-*, F|\n|poke|p2|Garganacl, M|\n|poke|p2|Rillaboom, M|\n|poke|p2|Heatran, M|\n|poke|p2|Sneasler, M|\n|poke|p2|Zapdos|\n|teampreview\n|inactive|Battle timer is ON: inactive players will automatically lose when time's up. (requested by shiyvee)\n|\n|t:|1700703187\n|start\n|switch|p1a: Meowscarada|Meowscarada, F|100\/100\n|switch|p2a: Raiden|Zapdos|100\/100\n|turn|1\n|\n|t:|1700703197\n|switch|p1a: Nidoking|Nidoking, M|100\/100\n|move|p2a: Raiden|Volt Switch|p1a: Nidoking\n|-immune|p1a: Nidoking\n|\n|upkeep\n|turn|2\n|\n|t:|1700703205\n|move|p2a: Raiden|Hurricane|p1a: Nidoking\n|-damage|p1a: Nidoking|31\/100\n|move|p1a: Nidoking|Ice Beam|p2a: Raiden\n|-supereffective|p2a: Raiden\n|-damage|p2a: Raiden|17\/100\n|\n|upkeep\n|turn|3\n|\n|t:|1700703219\n|switch|p2a: Leapfrog|Greninja, F|100\/100\n|move|p1a: Nidoking|Sludge Wave|p2a: Leapfrog\n|-damage|p2a: Leapfrog|0 fnt\n|faint|p2a: Leapfrog\n|\n|upkeep\n|\n|t:|1700703226\n|switch|p2a: Bored Ape|Rillaboom, M|100\/100\n|-fieldstart|move: Grassy Terrain|[from] ability: Grassy Surge|[of] p2a: Bored Ape\n|turn|4\n|\n|t:|1700703229\n|switch|p1a: Moltres|Moltres|100\/100\n|move|p2a: Bored Ape|U-turn|p1a: Moltres\n|-resisted|p1a: Moltres\n|-damage|p1a: Moltres|94\/100\n|-status|p2a: Bored Ape|brn|[from] ability: Flame Body|[of] p1a: Moltres\n|\n|t:|1700703236\n|switch|p2a: Showdown Salt|Garganacl, M|100\/100|[from] U-turn\n|\n|upkeep\n|turn|5\n|\n|t:|1700703243\n|move|p1a: Moltres|U-turn|p2a: Showdown Salt\n|-damage|p2a: Showdown Salt|91\/100\n|\n|t:|1700703248\n|switch|p1a: Tyranitar|Tyranitar, M|100\/100|[from] U-turn\n|-weather|Sandstorm|[from] ability: Sand Stream|[of] p1a: Tyranitar\n|move|p2a: Showdown Salt|Iron Defense|p2a: Showdown Salt\n|-boost|p2a: Showdown Salt|def|2\n|\n|-weather|Sandstorm|[upkeep]\n|-heal|p2a: Showdown Salt|97\/100|[from] Grassy Terrain\n|-heal|p2a: Showdown Salt|100\/100|[from] item: Leftovers\n|upkeep\n|turn|6\n|\n|t:|1700703260\n|move|p1a: Tyranitar|Knock Off|p2a: Showdown Salt\n|-damage|p2a: Showdown Salt|71\/100\n|-enditem|p2a: Showdown Salt|Leftovers|[from] move: Knock Off|[of] p1a: Tyranitar\n|move|p2a: Showdown Salt|Body Press|p1a: Tyranitar\n|-supereffective|p1a: Tyranitar\n|-damage|p1a: Tyranitar|0 fnt\n|faint|p1a: Tyranitar\n|\n|-weather|Sandstorm|[upkeep]\n|-heal|p2a: Showdown Salt|77\/100|[from] Grassy Terrain\n|upkeep\n|\n|t:|1700703266\n|switch|p1a: Nidoking|Nidoking, M|31\/100\n|turn|7\n|inactive|bigbruhdaddy has 120 seconds left.\n|\n|t:|1700703305\n|switch|p2a: Bored Ape|Rillaboom, M|100\/100 brn\n|move|p1a: Nidoking|Earth Power|p2a: Bored Ape\n|-resisted|p2a: Bored Ape\n|-damage|p2a: Bored Ape|56\/100 brn\n|\n|-weather|Sandstorm|[upkeep]\n|-damage|p2a: Bored Ape|50\/100 brn|[from] Sandstorm\n|-heal|p2a: Bored Ape|56\/100 brn|[from] Grassy Terrain\n|-heal|p1a: Nidoking|37\/100|[from] Grassy Terrain\n|-damage|p2a: Bored Ape|50\/100 brn|[from] brn\n|upkeep\n|turn|8\n|inactive|bigbruhdaddy has 120 seconds left.\n|\n|t:|1700703315\n|move|p2a: Bored Ape|U-turn|p1a: Nidoking\n|-resisted|p1a: Nidoking\n|-damage|p1a: Nidoking|28\/100\n|inactive|bigbruhdaddy has 120 seconds left.\n|\n|t:|1700703327\n|switch|p2a: Mango|Heatran, M|100\/100|[from] U-turn\n|move|p1a: Nidoking|Sludge Wave|p2a: Mango\n|-immune|p2a: Mango\n|\n|-weather|Sandstorm|[upkeep]\n|-heal|p1a: Nidoking|34\/100|[from] Grassy Terrain\n|-fieldend|move: Grassy Terrain\n|upkeep\n|turn|9\n|inactive|bigbruhdaddy has 120 seconds left.\n|\n|t:|1700703342\n|move|p1a: Nidoking|Earth Power|p2a: Mango\n|-supereffective|p2a: Mango\n|-damage|p2a: Mango|0 fnt\n|faint|p2a: Mango\n|\n|-weather|none\n|upkeep\n|\n|t:|1700703345\n|switch|p2a: Bored Ape|Rillaboom, M|50\/100 brn\n|-fieldstart|move: Grassy Terrain|[from] ability: Grassy Surge|[of] p2a: Bored Ape\n|turn|10\n|\n|t:|1700703348\n|switch|p1a: Moltres|Moltres|94\/100\n|move|p2a: Bored Ape|Knock Off|p1a: Moltres\n|-damage|p1a: Moltres|76\/100\n|-enditem|p1a: Moltres|Heavy-Duty Boots|[from] move: Knock Off|[of] p2a: Bored Ape\n|\n|-heal|p2a: Bored Ape|56\/100 brn|[from] Grassy Terrain\n|-damage|p2a: Bored Ape|50\/100 brn|[from] brn\n|upkeep\n|turn|11\n|\n|t:|1700703354\n|switch|p2a: Raiden|Zapdos|17\/100\n|move|p1a: Moltres|Flamethrower|p2a: Raiden\n|-damage|p2a: Raiden|0 fnt\n|faint|p2a: Raiden\n|\n|upkeep\n|\n|t:|1700703367\n|switch|p2a: Sickles|Sneasler, M|100\/100\n|-enditem|p2a: Sickles|Grassy Seed\n|-boost|p2a: Sickles|def|1|[from] item: Grassy Seed\n|turn|12\n|\n|t:|1700703375\n|move|p2a: Sickles|Dire Claw|p1a: Moltres\n|-damage|p1a: Moltres|41\/100\n|move|p1a: Moltres|U-turn|p2a: Sickles\n|-resisted|p2a: Sickles\n|-damage|p2a: Sickles|97\/100\n|\n|t:|1700703386\n|switch|p1a: Slowbro|Slowbro, F|100\/100|[from] U-turn\n|\n|-heal|p2a: Sickles|100\/100|[from] Grassy Terrain\n|upkeep\n|turn|13\n|\n|t:|1700703392\n|move|p2a: Sickles|Dire Claw|p1a: Slowbro\n|-damage|p1a: Slowbro|68\/100\n|-damage|p2a: Sickles|84\/100|[from] item: Rocky Helmet|[of] p1a: Slowbro\n|move|p1a: Slowbro|Trick Room|p1a: Slowbro\n|-fieldstart|move: Trick Room|[of] p1a: Slowbro\n|\n|-heal|p1a: Slowbro|74\/100|[from] Grassy Terrain\n|-heal|p2a: Sickles|90\/100|[from] Grassy Terrain\n|upkeep\n|turn|14\n|\n|t:|1700703401\n|move|p2a: Sickles|Dire Claw|p1a: Slowbro\n|-damage|p1a: Slowbro|41\/100\n|-damage|p2a: Sickles|74\/100|[from] item: Rocky Helmet|[of] p1a: Slowbro\n|move|p1a: Slowbro|Teleport|p1a: Slowbro\n|\n|t:|1700703404\n|switch|p1a: Nidoking|Nidoking, M|34\/100|[from] Teleport\n|\n|-heal|p1a: Nidoking|40\/100|[from] Grassy Terrain\n|-heal|p2a: Sickles|80\/100|[from] Grassy Terrain\n|-fieldend|move: Grassy Terrain\n|upkeep\n|turn|15\n|\n|t:|1700703426\n|-terastallize|p1a: Nidoking|Fire\n|move|p1a: Nidoking|Flamethrower|p2a: Sickles\n|-damage|p2a: Sickles|0 fnt\n|faint|p2a: Sickles\n|\n|upkeep\n|\n|t:|1700703432\n|switch|p2a: Showdown Salt|Garganacl, M|77\/100\n|turn|16\n|\n|t:|1700703441\n|-terastallize|p2a: Showdown Salt|Ghost\n|move|p2a: Showdown Salt|Salt Cure|p1a: Nidoking\n|-supereffective|p1a: Nidoking\n|-damage|p1a: Nidoking|7\/100\n|-start|p1a: Nidoking|Salt Cure\n|move|p1a: Nidoking|Earth Power|p2a: Showdown Salt\n|-damage|p2a: Showdown Salt|33\/100\n|\n|-damage|p1a: Nidoking|0 fnt|[from] Salt Cure\n|faint|p1a: Nidoking\n|upkeep\n|\n|t:|1700703449\n|switch|p1a: Slowbro|Slowbro, F|75\/100\n|turn|17\n|\n|t:|1700703457\n|move|p1a: Slowbro|Future Sight|p2a: Showdown Salt\n|-start|p1a: Slowbro|move: Future Sight\n|move|p2a: Showdown Salt|Recover|p2a: Showdown Salt\n|-heal|p2a: Showdown Salt|83\/100\n|\n|-fieldend|move: Trick Room\n|upkeep\n|turn|18\n|\n|t:|1700703462\n|move|p2a: Showdown Salt|Iron Defense|p2a: Showdown Salt\n|-boost|p2a: Showdown Salt|def|2\n|move|p1a: Slowbro|Teleport|p1a: Slowbro\n|\n|t:|1700703471\n|switch|p1a: Garchomp|Garchomp, M|100\/100|[from] Teleport\n|\n|upkeep\n|turn|19\n|\n|t:|1700703478\n|detailschange|p1a: Garchomp|Garchomp-Mega, M\n|-mega|p1a: Garchomp|Garchomp|Garchompite\n|move|p1a: Garchomp|Draco Meteor|p2a: Showdown Salt\n|-damage|p2a: Showdown Salt|39\/100\n|-unboost|p1a: Garchomp|spa|2\n|move|p2a: Showdown Salt|Iron Defense|p2a: Showdown Salt\n|-boost|p2a: Showdown Salt|def|2\n|\n|-end|p2a: Showdown Salt|move: Future Sight\n|-damage|p2a: Showdown Salt|13\/100\n|upkeep\n|turn|20\n|\n|t:|1700703501\n|move|p1a: Garchomp|Earthquake|p2a: Showdown Salt\n|-damage|p2a: Showdown Salt|0 fnt\n|faint|p2a: Showdown Salt\n|\n|upkeep\n|-message|bigbruhdaddy forfeited.\n|\n|win|shiyvee\n|raw|shiyvee's rating: 1583 &rarr; <strong>1606<\/strong><br \/>(+23 for winning)\n|raw|bigbruhdaddy's rating: 1642 &rarr; <strong>1619<\/strong><br \/>(-23 for losing)\n","uploadtime":1700703513,"views":2,"p1id":"shiyvee","p2id":"bigbruhdaddy","formatid":"gen9nationaldex","rating":1606,"private":0,"password":""}