{"id":"gen9nationaldex-1989373226","p1":"zonaidevicesss","p2":"TAFALANDOCOMIGO?","format":"[Gen 9] National Dex","log":"|j|\u2606zonaidevicesss\n|j|\u2606TAFALANDOCOMIGO?\n|t:|1699842141\n|gametype|singles\n|player|p1|zonaidevicesss|koga|1274\n|player|p2|TAFALANDOCOMIGO?|pokemonranger|1225\n|teamsize|p1|6\n|teamsize|p2|6\n|gen|9\n|tier|[Gen 9] National Dex\n|rated|\n|rule|HP Percentage Mod: HP is shown in percentages\n|rule|Endless Battle Clause: Forcing endless battles is banned\n|rule|OHKO Clause: OHKO moves are banned\n|rule|Evasion Clause: Evasion abilities, items, and moves are banned\n|rule|Evasion Abilities Clause: Evasion abilities are banned\n|rule|Evasion Items Clause: Evasion items are banned\n|rule|Evasion Moves Clause: Evasion moves are banned\n|rule|Species Clause: Limit one of each Pok\u00e9mon\n|rule|Sleep Clause Mod: Limit one foe put to sleep\n|clearpoke\n|poke|p1|Beedrill, M|\n|poke|p1|Salazzle, F|\n|poke|p1|Weezing-Galar, F|\n|poke|p1|Toxicroak, M|\n|poke|p1|Glimmora, F|\n|poke|p1|Crobat, M|\n|poke|p2|Ceruledge, M|\n|poke|p2|Hatterene, F|\n|poke|p2|Dragonite, F|\n|poke|p2|Toxapex, F|\n|poke|p2|Mandibuzz, F|\n|poke|p2|Hippowdon, M|\n|teampreview\n|inactive|Battle timer is ON: inactive players will automatically lose when time's up. (requested by zonaidevicesss)\n|\n|t:|1699842149\n|start\n|switch|p1a: Beedrill|Beedrill, M|100\/100\n|switch|p2a: Hatterene|Hatterene, F, shiny|100\/100\n|turn|1\n|\n|t:|1699842157\n|switch|p2a: Toxapex|Toxapex, F, shiny|100\/100\n|detailschange|p1a: Beedrill|Beedrill-Mega, M\n|-mega|p1a: Beedrill|Beedrill|Beedrillite\n|move|p1a: Beedrill|Poison Jab|p2a: Toxapex\n|-resisted|p2a: Toxapex\n|-damage|p2a: Toxapex|80\/100\n|\n|-heal|p2a: Toxapex|87\/100|[from] item: Black Sludge\n|upkeep\n|turn|2\n|\n|t:|1699842167\n|move|p1a: Beedrill|U-turn|p2a: Toxapex\n|-resisted|p2a: Toxapex\n|-damage|p2a: Toxapex|71\/100\n|\n|t:|1699842170\n|switch|p1a: Toxicroak|Toxicroak, M|100\/100|[from] U-turn\n|move|p2a: Toxapex|Scald|p1a: Toxicroak\n|-immune|p1a: Toxicroak|[from] ability: Dry Skin\n|\n|-heal|p2a: Toxapex|77\/100|[from] item: Black Sludge\n|upkeep\n|turn|3\n|\n|t:|1699842178\n|move|p2a: Toxapex|Baneful Bunker|p2a: Toxapex\n|-singleturn|p2a: Toxapex|move: Protect\n|move|p1a: Toxicroak|Earthquake|p2a: Toxapex\n|-activate|p2a: Toxapex|move: Protect\n|\n|-heal|p2a: Toxapex|83\/100|[from] item: Black Sludge\n|upkeep\n|turn|4\n|\n|t:|1699842186\n|switch|p2a: Dragonite|Dragonite, F|100\/100\n|move|p1a: Toxicroak|Gunk Shot|p2a: Dragonite|[miss]\n|-miss|p1a: Toxicroak|p2a: Dragonite\n|\n|upkeep\n|turn|5\n|\n|t:|1699842202\n|move|p2a: Dragonite|Extreme Speed|p1a: Toxicroak\n|-damage|p1a: Toxicroak|43\/100\n|move|p1a: Toxicroak|Gunk Shot|p2a: Dragonite|[miss]\n|-miss|p1a: Toxicroak|p2a: Dragonite\n|\n|upkeep\n|turn|6\n|\n|t:|1699842210\n|move|p1a: Toxicroak|Bullet Punch|p2a: Dragonite\n|-damage|p2a: Dragonite|94\/100\n|move|p2a: Dragonite|Dragon Dance|p2a: Dragonite\n|-boost|p2a: Dragonite|atk|1\n|-boost|p2a: Dragonite|spe|1\n|\n|upkeep\n|turn|7\n|\n|t:|1699842214\n|switch|p1a: Glimmora|Glimmora, F|100\/100\n|move|p2a: Dragonite|Extreme Speed|p1a: Glimmora\n|-resisted|p1a: Glimmora\n|-damage|p1a: Glimmora|66\/100\n|-activate|p1a: Glimmora|ability: Toxic Debris\n|-sidestart|p2: TAFALANDOCOMIGO?|move: Toxic Spikes\n|\n|upkeep\n|turn|8\n|\n|t:|1699842221\n|switch|p2a: Toxapex|Toxapex, F, shiny|100\/100\n|-sideend|p2: TAFALANDOCOMIGO?|move: Toxic Spikes|[of] p2a: Toxapex\n|move|p1a: Glimmora|Power Gem|p2a: Toxapex\n|-damage|p2a: Toxapex|70\/100\n|\n|-heal|p2a: Toxapex|76\/100|[from] item: Black Sludge\n|upkeep\n|turn|9\n|\n|t:|1699842226\n|switch|p1a: Weezing|Weezing-Galar, F|100\/100\n|move|p2a: Toxapex|Scald|p1a: Weezing\n|-damage|p1a: Weezing|80\/100\n|-status|p1a: Weezing|brn\n|\n|-heal|p1a: Weezing|86\/100 brn|[from] item: Leftovers\n|-heal|p2a: Toxapex|82\/100|[from] item: Black Sludge\n|-damage|p1a: Weezing|80\/100 brn|[from] brn\n|upkeep\n|turn|10\n|\n|t:|1699842240\n|move|p1a: Weezing|Thunderbolt|p2a: Toxapex\n|-supereffective|p2a: Toxapex\n|-damage|p2a: Toxapex|42\/100\n|move|p2a: Toxapex|Toxic Spikes|p1a: Weezing\n|-sidestart|p1: zonaidevicesss|move: Toxic Spikes\n|\n|-heal|p1a: Weezing|86\/100 brn|[from] item: Leftovers\n|-heal|p2a: Toxapex|48\/100|[from] item: Black Sludge\n|-damage|p1a: Weezing|80\/100 brn|[from] brn\n|upkeep\n|turn|11\n|\n|t:|1699842245\n|switch|p2a: Hippowdon|Hippowdon, M|100\/100\n|-weather|Sandstorm|[from] ability: Sand Stream|[of] p2a: Hippowdon\n|move|p1a: Weezing|Strange Steam|p2a: Hippowdon|[miss]\n|-miss|p1a: Weezing|p2a: Hippowdon\n|\n|-weather|Sandstorm|[upkeep]\n|-damage|p1a: Weezing|74\/100 brn|[from] Sandstorm\n|-heal|p1a: Weezing|80\/100 brn|[from] item: Leftovers\n|-damage|p1a: Weezing|74\/100 brn|[from] brn\n|upkeep\n|turn|12\n|\n|t:|1699842253\n|-terastallize|p1a: Weezing|Steel\n|move|p1a: Weezing|Defog|p2a: Hippowdon\n|-unboost|p2a: Hippowdon|evasion|1\n|-sideend|p1: zonaidevicesss|Toxic Spikes|[from] move: Defog|[of] p1a: Weezing\n|move|p2a: Hippowdon|Stealth Rock|p1a: Weezing\n|-sidestart|p1: zonaidevicesss|move: Stealth Rock\n|\n|-weather|Sandstorm|[upkeep]\n|-heal|p1a: Weezing|80\/100 brn|[from] item: Leftovers\n|-damage|p1a: Weezing|74\/100 brn|[from] brn\n|upkeep\n|turn|13\n|\n|t:|1699842262\n|switch|p2a: Hatterene|Hatterene, F, shiny|100\/100\n|move|p1a: Weezing|Strange Steam|p2a: Hatterene\n|-damage|p2a: Hatterene|68\/100\n|\n|-weather|Sandstorm|[upkeep]\n|-damage|p2a: Hatterene|62\/100|[from] Sandstorm\n|-heal|p1a: Weezing|80\/100 brn|[from] item: Leftovers\n|-damage|p1a: Weezing|74\/100 brn|[from] brn\n|upkeep\n|turn|14\n|\n|t:|1699842274\n|switch|p2a: Toxapex|Toxapex, F, shiny|81\/100\n|move|p1a: Weezing|Strange Steam|p2a: Toxapex\n|-resisted|p2a: Toxapex\n|-damage|p2a: Toxapex|65\/100\n|\n|-weather|Sandstorm|[upkeep]\n|-damage|p2a: Toxapex|59\/100|[from] Sandstorm\n|-heal|p1a: Weezing|80\/100 brn|[from] item: Leftovers\n|-heal|p2a: Toxapex|65\/100|[from] item: Black Sludge\n|-damage|p1a: Weezing|74\/100 brn|[from] brn\n|upkeep\n|turn|15\n|\n|t:|1699842282\n|move|p1a: Weezing|Defog|p2a: Toxapex\n|-unboost|p2a: Toxapex|evasion|1\n|-sideend|p1: zonaidevicesss|Stealth Rock|[from] move: Defog|[of] p1a: Weezing\n|move|p2a: Toxapex|Recover|p2a: Toxapex\n|-heal|p2a: Toxapex|100\/100\n|\n|-weather|none\n|-heal|p1a: Weezing|80\/100 brn|[from] item: Leftovers\n|-damage|p1a: Weezing|74\/100 brn|[from] brn\n|upkeep\n|turn|16\n|\n|t:|1699842292\n|-terastallize|p2a: Toxapex|Poison\n|move|p1a: Weezing|Strange Steam|p2a: Toxapex\n|-resisted|p2a: Toxapex\n|-damage|p2a: Toxapex|85\/100\n|move|p2a: Toxapex|Scald|p1a: Weezing\n|-damage|p1a: Weezing|53\/100 brn\n|\n|-heal|p1a: Weezing|59\/100 brn|[from] item: Leftovers\n|-heal|p2a: Toxapex|92\/100|[from] item: Black Sludge\n|-damage|p1a: Weezing|53\/100 brn|[from] brn\n|upkeep\n|turn|17\n|\n|t:|1699842301\n|move|p1a: Weezing|Strange Steam|p2a: Toxapex\n|-resisted|p2a: Toxapex\n|-damage|p2a: Toxapex|77\/100\n|move|p2a: Toxapex|Scald|p1a: Weezing\n|-damage|p1a: Weezing|30\/100 brn\n|\n|-heal|p1a: Weezing|36\/100 brn|[from] item: Leftovers\n|-heal|p2a: Toxapex|83\/100|[from] item: Black Sludge\n|-damage|p1a: Weezing|30\/100 brn|[from] brn\n|upkeep\n|turn|18\n|\n|t:|1699842309\n|switch|p1a: Toxicroak|Toxicroak, M|43\/100\n|move|p2a: Toxapex|Scald|p1a: Toxicroak\n|-heal|p1a: Toxicroak|68\/100|[from] ability: Dry Skin|[of] p2a: Toxapex\n|\n|-heal|p2a: Toxapex|89\/100|[from] item: Black Sludge\n|upkeep\n|turn|19\n|\n|t:|1699842317\n|move|p2a: Toxapex|Baneful Bunker|p2a: Toxapex\n|-singleturn|p2a: Toxapex|move: Protect\n|move|p1a: Toxicroak|Gunk Shot|p2a: Toxapex\n|-activate|p2a: Toxapex|move: Protect\n|\n|-heal|p2a: Toxapex|96\/100|[from] item: Black Sludge\n|upkeep\n|turn|20\n|\n|t:|1699842323\n|switch|p2a: Dragonite|Dragonite, F|94\/100\n|move|p1a: Toxicroak|Earthquake|p2a: Dragonite\n|-immune|p2a: Dragonite\n|\n|upkeep\n|turn|21\n|\n|t:|1699842329\n|switch|p1a: Glimmora|Glimmora, F|66\/100\n|move|p2a: Dragonite|Dragon Dance|p2a: Dragonite\n|-boost|p2a: Dragonite|atk|1\n|-boost|p2a: Dragonite|spe|1\n|\n|upkeep\n|turn|22\n|\n|t:|1699842334\n|move|p2a: Dragonite|Extreme Speed|p1a: Glimmora\n|-resisted|p1a: Glimmora\n|-damage|p1a: Glimmora|34\/100\n|-activate|p1a: Glimmora|ability: Toxic Debris\n|-sidestart|p2: TAFALANDOCOMIGO?|move: Toxic Spikes\n|move|p1a: Glimmora|Power Gem|p2a: Dragonite\n|-supereffective|p2a: Dragonite\n|-damage|p2a: Dragonite|9\/100\n|\n|upkeep\n|turn|23\n|\n|t:|1699842356\n|switch|p2a: Toxapex|Toxapex, F, shiny, tera:Poison|100\/100\n|-sideend|p2: TAFALANDOCOMIGO?|move: Toxic Spikes|[of] p2a: Toxapex\n|move|p1a: Glimmora|Power Gem|p2a: Toxapex\n|-damage|p2a: Toxapex|67\/100\n|\n|-heal|p2a: Toxapex|73\/100|[from] item: Black Sludge\n|upkeep\n|turn|24\n|\n|t:|1699842362\n|move|p1a: Glimmora|Power Gem|p2a: Toxapex\n|-damage|p2a: Toxapex|40\/100\n|move|p2a: Toxapex|Scald|p1a: Glimmora\n|-supereffective|p1a: Glimmora\n|-damage|p1a: Glimmora|0 fnt\n|faint|p1a: Glimmora\n|\n|-heal|p2a: Toxapex|47\/100|[from] item: Black Sludge\n|upkeep\n|\n|t:|1699842370\n|switch|p1a: Salazzle|Salazzle, F|100\/100\n|turn|25\n|\n|t:|1699842374\n|move|p1a: Salazzle|Toxic|p2a: Toxapex\n|-status|p2a: Toxapex|tox\n|move|p2a: Toxapex|Scald|p1a: Salazzle\n|-supereffective|p1a: Salazzle\n|-damage|p1a: Salazzle|43\/100\n|\n|-heal|p2a: Toxapex|53\/100 tox|[from] item: Black Sludge\n|-damage|p2a: Toxapex|47\/100 tox|[from] psn\n|upkeep\n|turn|26\n|\n|t:|1699842381\n|switch|p1a: Toxicroak|Toxicroak, M|68\/100\n|move|p2a: Toxapex|Scald|p1a: Toxicroak\n|-heal|p1a: Toxicroak|93\/100|[from] ability: Dry Skin|[of] p2a: Toxapex\n|\n|-heal|p2a: Toxapex|53\/100 tox|[from] item: Black Sludge\n|-damage|p2a: Toxapex|40\/100 tox|[from] psn\n|upkeep\n|turn|27\n|\n|t:|1699842389\n|switch|p2a: Hippowdon|Hippowdon, M|100\/100\n|-weather|Sandstorm|[from] ability: Sand Stream|[of] p2a: Hippowdon\n|move|p1a: Toxicroak|Close Combat|p2a: Hippowdon\n|-damage|p2a: Hippowdon|59\/100\n|-unboost|p1a: Toxicroak|def|1\n|-unboost|p1a: Toxicroak|spd|1\n|\n|-weather|Sandstorm|[upkeep]\n|-damage|p1a: Toxicroak|87\/100|[from] Sandstorm\n|-heal|p2a: Hippowdon|65\/100|[from] item: Leftovers\n|upkeep\n|turn|28\n|\n|t:|1699842398\n|move|p1a: Toxicroak|Close Combat|p2a: Hippowdon\n|-damage|p2a: Hippowdon|30\/100\n|-unboost|p1a: Toxicroak|def|1\n|-unboost|p1a: Toxicroak|spd|1\n|move|p2a: Hippowdon|Stealth Rock|p1a: Toxicroak\n|-sidestart|p1: zonaidevicesss|move: Stealth Rock\n|\n|-weather|Sandstorm|[upkeep]\n|-damage|p1a: Toxicroak|81\/100|[from] Sandstorm\n|-heal|p2a: Hippowdon|36\/100|[from] item: Leftovers\n|upkeep\n|turn|29\n|\n|t:|1699842406\n|move|p1a: Toxicroak|Close Combat|p2a: Hippowdon\n|-damage|p2a: Hippowdon|1\/100\n|-unboost|p1a: Toxicroak|def|1\n|-unboost|p1a: Toxicroak|spd|1\n|move|p2a: Hippowdon|Slack Off|p2a: Hippowdon\n|-heal|p2a: Hippowdon|51\/100\n|\n|-weather|Sandstorm|[upkeep]\n|-damage|p1a: Toxicroak|74\/100|[from] Sandstorm\n|-heal|p2a: Hippowdon|57\/100|[from] item: Leftovers\n|upkeep\n|turn|30\n|\n|t:|1699842411\n|move|p1a: Toxicroak|Close Combat|p2a: Hippowdon\n|-damage|p2a: Hippowdon|17\/100\n|-unboost|p1a: Toxicroak|def|1\n|-unboost|p1a: Toxicroak|spd|1\n|move|p2a: Hippowdon|Slack Off|p2a: Hippowdon\n|-heal|p2a: Hippowdon|67\/100\n|\n|-weather|Sandstorm|[upkeep]\n|-damage|p1a: Toxicroak|68\/100|[from] Sandstorm\n|-heal|p2a: Hippowdon|73\/100|[from] item: Leftovers\n|upkeep\n|turn|31\n|\n|t:|1699842421\n|move|p1a: Toxicroak|Close Combat|p2a: Hippowdon\n|-damage|p2a: Hippowdon|38\/100\n|-unboost|p1a: Toxicroak|def|1\n|-unboost|p1a: Toxicroak|spd|1\n|move|p2a: Hippowdon|Earthquake|p1a: Toxicroak\n|-supereffective|p1a: Toxicroak\n|-damage|p1a: Toxicroak|0 fnt\n|faint|p1a: Toxicroak\n|\n|-weather|none\n|-heal|p2a: Hippowdon|44\/100|[from] item: Leftovers\n|upkeep\n|\n|t:|1699842429\n|switch|p1a: Salazzle|Salazzle, F|43\/100\n|-damage|p1a: Salazzle|19\/100|[from] Stealth Rock\n|turn|32\n|\n|t:|1699842433\n|switch|p2a: Toxapex|Toxapex, F, shiny, tera:Poison|74\/100 tox\n|move|p1a: Salazzle|Hidden Power|p2a: Toxapex\n|-damage|p2a: Toxapex|59\/100 tox\n|\n|-heal|p2a: Toxapex|65\/100 tox|[from] item: Black Sludge\n|-damage|p2a: Toxapex|59\/100 tox|[from] psn\n|upkeep\n|turn|33\n|\n|t:|1699842439\n|move|p1a: Salazzle|Burning Jealousy|p2a: Toxapex\n|-crit|p2a: Toxapex\n|-damage|p2a: Toxapex|23\/100 tox\n|move|p2a: Toxapex|Recover|p2a: Toxapex\n|-heal|p2a: Toxapex|73\/100 tox\n|\n|-heal|p2a: Toxapex|79\/100 tox|[from] item: Black Sludge\n|-damage|p2a: Toxapex|67\/100 tox|[from] psn\n|upkeep\n|turn|34\n|\n|t:|1699842445\n|switch|p1a: Weezing|Weezing-Galar, F, tera:Steel|30\/100 brn\n|-damage|p1a: Weezing|24\/100 brn|[from] Stealth Rock\n|move|p2a: Toxapex|Scald|p1a: Weezing\n|-damage|p1a: Weezing|3\/100 brn\n|\n|-heal|p1a: Weezing|9\/100 brn|[from] item: Leftovers\n|-heal|p2a: Toxapex|73\/100 tox|[from] item: Black Sludge\n|-damage|p2a: Toxapex|54\/100 tox|[from] psn\n|-damage|p1a: Weezing|3\/100 brn|[from] brn\n|upkeep\n|turn|35\n|\n|t:|1699842456\n|switch|p2a: Hippowdon|Hippowdon, M|44\/100\n|-weather|Sandstorm|[from] ability: Sand Stream|[of] p2a: Hippowdon\n|move|p1a: Weezing|Defog|p2a: Hippowdon\n|-unboost|p2a: Hippowdon|evasion|1\n|-sideend|p1: zonaidevicesss|Stealth Rock|[from] move: Defog|[of] p1a: Weezing\n|\n|-weather|Sandstorm|[upkeep]\n|-heal|p1a: Weezing|9\/100 brn|[from] item: Leftovers\n|-heal|p2a: Hippowdon|50\/100|[from] item: Leftovers\n|-damage|p1a: Weezing|3\/100 brn|[from] brn\n|upkeep\n|turn|36\n|\n|t:|1699842467\n|move|p1a: Weezing|Strange Steam|p2a: Hippowdon\n|-damage|p2a: Hippowdon|22\/100\n|move|p2a: Hippowdon|Slack Off|p2a: Hippowdon\n|-heal|p2a: Hippowdon|72\/100\n|\n|-weather|Sandstorm|[upkeep]\n|-heal|p1a: Weezing|9\/100 brn|[from] item: Leftovers\n|-heal|p2a: Hippowdon|79\/100|[from] item: Leftovers\n|-damage|p1a: Weezing|3\/100 brn|[from] brn\n|upkeep\n|turn|37\n|\n|t:|1699842495\n|switch|p1a: Crobat|Crobat, M|100\/100\n|move|p2a: Hippowdon|Stealth Rock|p1a: Crobat\n|-sidestart|p1: zonaidevicesss|move: Stealth Rock\n|\n|-weather|Sandstorm|[upkeep]\n|-damage|p1a: Crobat|94\/100|[from] Sandstorm\n|-heal|p1a: Crobat|100\/100|[from] item: Black Sludge\n|-heal|p2a: Hippowdon|85\/100|[from] item: Leftovers\n|upkeep\n|turn|38\n|\n|t:|1699842509\n|switch|p2a: Toxapex|Toxapex, F, shiny, tera:Poison|87\/100 tox\n|move|p1a: Crobat|Poison Fang|p2a: Toxapex\n|-resisted|p2a: Toxapex\n|-crit|p2a: Toxapex\n|-damage|p2a: Toxapex|79\/100 tox\n|\n|-weather|Sandstorm|[upkeep]\n|-damage|p1a: Crobat|94\/100|[from] Sandstorm\n|-damage|p2a: Toxapex|73\/100 tox|[from] Sandstorm\n|-heal|p1a: Crobat|100\/100|[from] item: Black Sludge\n|-heal|p2a: Toxapex|79\/100 tox|[from] item: Black Sludge\n|-damage|p2a: Toxapex|73\/100 tox|[from] psn\n|upkeep\n|turn|39\n|\n|t:|1699842520\n|move|p1a: Crobat|Brave Bird|p2a: Toxapex\n|-damage|p2a: Toxapex|43\/100 tox\n|-damage|p1a: Crobat|91\/100|[from] Recoil\n|move|p2a: Toxapex|Toxic Spikes|p1a: Crobat\n|-sidestart|p1: zonaidevicesss|move: Toxic Spikes\n|\n|-weather|none\n|-heal|p1a: Crobat|97\/100|[from] item: Black Sludge\n|-heal|p2a: Toxapex|49\/100 tox|[from] item: Black Sludge\n|-damage|p2a: Toxapex|37\/100 tox|[from] psn\n|upkeep\n|turn|40\n|\n|t:|1699842527\n|move|p2a: Toxapex|Baneful Bunker|p2a: Toxapex\n|-singleturn|p2a: Toxapex|move: Protect\n|move|p1a: Crobat|Whirlwind|p2a: Toxapex\n|drag|p2a: Mandibuzz|Mandibuzz, F|100\/100\n|\n|-heal|p1a: Crobat|100\/100|[from] item: Black Sludge\n|upkeep\n|turn|41\n|\n|t:|1699842537\n|move|p1a: Crobat|Poison Fang|p2a: Mandibuzz\n|-damage|p2a: Mandibuzz|88\/100\n|-status|p2a: Mandibuzz|tox\n|move|p2a: Mandibuzz|U-turn|p1a: Crobat\n|-resisted|p1a: Crobat\n|-damage|p1a: Crobat|96\/100\n|\n|t:|1699842549\n|switch|p2a: Ceruledge|Ceruledge, M|100\/100|[from] U-turn\n|\n|-heal|p1a: Crobat|100\/100|[from] item: Black Sludge\n|upkeep\n|turn|42\n|\n|t:|1699842554\n|move|p1a: Crobat|Brave Bird|p2a: Ceruledge\n|-damage|p2a: Ceruledge|41\/100\n|-ability|p2a: Ceruledge|Weak Armor|boost\n|-unboost|p2a: Ceruledge|def|1\n|-boost|p2a: Ceruledge|spe|2\n|-damage|p1a: Crobat|82\/100|[from] Recoil\n|move|p2a: Ceruledge|Swords Dance|p2a: Ceruledge\n|-boost|p2a: Ceruledge|atk|2\n|\n|-heal|p1a: Crobat|88\/100|[from] item: Black Sludge\n|upkeep\n|turn|43\n|\n|t:|1699842568\n|move|p2a: Ceruledge|Bitter Blade|p1a: Crobat\n|-damage|p1a: Crobat|0 fnt\n|-heal|p2a: Ceruledge|88\/100|[from] drain|[of] p1a: Crobat\n|faint|p1a: Crobat\n|\n|upkeep\n|\n|t:|1699842573\n|switch|p1a: Beedrill|Beedrill-Mega, M|100\/100\n|-damage|p1a: Beedrill|76\/100|[from] Stealth Rock\n|-sideend|p1: zonaidevicesss|move: Toxic Spikes|[of] p1a: Beedrill\n|turn|44\n|\n|t:|1699842576\n|move|p2a: Ceruledge|Bitter Blade|p1a: Beedrill\n|-supereffective|p1a: Beedrill\n|-damage|p1a: Beedrill|0 fnt\n|-heal|p2a: Ceruledge|100\/100|[from] drain|[of] p1a: Beedrill\n|faint|p1a: Beedrill\n|\n|upkeep\n|c|\u2606TAFALANDOCOMIGO?|gg\n|\n|t:|1699842580\n|switch|p1a: Salazzle|Salazzle, F|19\/100\n|-damage|p1a: Salazzle|0 fnt|[from] Stealth Rock\n|faint|p1a: Salazzle\n|\n|t:|1699842582\n|switch|p1a: Weezing|Weezing-Galar, F, tera:Steel|3\/100 brn\n|-damage|p1a: Weezing|0 fnt|[from] Stealth Rock\n|faint|p1a: Weezing\n|\n|win|TAFALANDOCOMIGO?\n|raw|zonaidevicesss's rating: 1274 &rarr; <strong>1245<\/strong><br \/>(-29 for losing)\n|raw|TAFALANDOCOMIGO?'s rating: 1225 &rarr; <strong>1254<\/strong><br \/>(+29 for winning)\n|l|\u2606zonaidevicesss\n","uploadtime":1699842592,"views":4,"p1id":"zonaidevicesss","p2id":"tafalandocomigo","formatid":"gen9nationaldex","rating":1245,"private":0,"password":""}