{"id":"gen9nationaldex-1996682546","p1":"WallaceTortuga","p2":"JIWCYM","format":"[Gen 9] National Dex","log":"|html|<div class=\"broadcast-blue\"><strong>[Gen 9] National Dex is currently suspecting Sneasler! For information on how to participate check out the <a href=\"https:\/\/www.smogon.com\/forums\/threads\/sv-national-dex-suspect-8-just-dance.3731534\/\">suspect thread<\/a>.<\/strong><\/div>\n|j|\u2606WallaceTortuga\n|j|\u2606JIWCYM\n|t:|1700709172\n|gametype|singles\n|player|p1|WallaceTortuga|101|1017\n|player|p2|JIWCYM|caitlin|1019\n|teamsize|p1|6\n|teamsize|p2|6\n|gen|9\n|tier|[Gen 9] National Dex\n|rated|\n|rule|HP Percentage Mod: HP is shown in percentages\n|rule|Endless Battle Clause: Forcing endless battles is banned\n|rule|OHKO Clause: OHKO moves are banned\n|rule|Evasion Clause: Evasion abilities, items, and moves are banned\n|rule|Evasion Abilities Clause: Evasion abilities are banned\n|rule|Evasion Items Clause: Evasion items are banned\n|rule|Evasion Moves Clause: Evasion moves are banned\n|rule|Species Clause: Limit one of each Pok\u00e9mon\n|rule|Sleep Clause Mod: Limit one foe put to sleep\n|clearpoke\n|poke|p1|Smeargle, M|\n|poke|p1|Hoopa-Unbound|\n|poke|p1|Haxorus, F|\n|poke|p1|Chandelure, F|\n|poke|p1|Heracross, F|\n|poke|p1|Shuckle, F|\n|poke|p2|Relicanth, M|\n|poke|p2|Emboar, F|\n|poke|p2|Braviary-Hisui, M|\n|poke|p2|Leafeon, F|\n|poke|p2|Eelektross, F|\n|poke|p2|Ninetales-Alola, F|\n|teampreview\n|\n|t:|1700709181\n|start\n|switch|p1a: Smeargle|Smeargle, M|100\/100\n|switch|p2a: Braviary|Braviary-Hisui, M|100\/100\n|turn|1\n|\n|t:|1700709188\n|move|p1a: Smeargle|Nuzzle|p2a: Braviary\n|-supereffective|p2a: Braviary\n|-damage|p2a: Braviary|97\/100\n|-status|p2a: Braviary|par\n|move|p2a: Braviary|Air Slash|p1a: Smeargle\n|-damage|p1a: Smeargle|20\/100\n|\n|upkeep\n|turn|2\n|\n|t:|1700709195\n|move|p1a: Smeargle|Sticky Web|p2a: Braviary\n|-sidestart|p2: JIWCYM|move: Sticky Web\n|move|p2a: Braviary|Air Slash|p1a: Smeargle\n|-damage|p1a: Smeargle|0 fnt\n|faint|p1a: Smeargle\n|\n|upkeep\n|\n|t:|1700709215\n|switch|p1a: Chandelure|Chandelure, F|100\/100\n|turn|3\n|\n|t:|1700709222\n|move|p1a: Chandelure|Shadow Ball|p2a: Braviary\n|-supereffective|p2a: Braviary\n|-damage|p2a: Braviary|3\/100 par\n|move|p2a: Braviary|Esper Wing|p1a: Chandelure\n|-damage|p1a: Chandelure|40\/100\n|-boost|p2a: Braviary|spe|1\n|\n|upkeep\n|turn|4\n|\n|t:|1700709230\n|move|p1a: Chandelure|Shadow Ball|p2a: Braviary\n|-supereffective|p2a: Braviary\n|-damage|p2a: Braviary|0 fnt\n|faint|p2a: Braviary\n|\n|upkeep\n|\n|t:|1700709237\n|switch|p2a: Emboar|Emboar, F, shiny|100\/100\n|-activate|p2a: Emboar|move: Sticky Web\n|-unboost|p2a: Emboar|spe|1\n|turn|5\n|\n|t:|1700709254\n|switch|p1a: Shuckle|Shuckle, F|100\/100\n|move|p2a: Emboar|Heat Crash|p1a: Shuckle\n|-damage|p1a: Shuckle|54\/100\n|\n|upkeep\n|turn|6\n|\n|t:|1700709263\n|move|p2a: Emboar|Head Smash|p1a: Shuckle\n|-supereffective|p1a: Shuckle\n|-damage|p1a: Shuckle|0 fnt\n|faint|p1a: Shuckle\n|-damage|p2a: Emboar|85\/100|[from] Recoil\n|\n|upkeep\n|\n|t:|1700709270\n|switch|p1a: Heracross|Heracross, F|100\/100\n|turn|7\n|\n|t:|1700709279\n|switch|p1a: Chandelure|Chandelure, F|40\/100\n|move|p2a: Emboar|Flare Blitz|p1a: Chandelure\n|-start|p1a: Chandelure|ability: Flash Fire\n|\n|upkeep\n|turn|8\n|\n|t:|1700709291\n|move|p1a: Chandelure|Flamethrower|p2a: Emboar\n|-resisted|p2a: Emboar\n|-damage|p2a: Emboar|18\/100\n|move|p2a: Emboar|Head Smash|p1a: Chandelure\n|-supereffective|p1a: Chandelure\n|-damage|p1a: Chandelure|0 fnt\n|faint|p1a: Chandelure\n|-damage|p2a: Emboar|6\/100|[from] Recoil\n|\n|upkeep\n|\n|t:|1700709299\n|switch|p1a: Haxorus|Haxorus, F|100\/100\n|-ability|p1a: Haxorus|Mold Breaker\n|turn|9\n|\n|t:|1700709304\n|move|p1a: Haxorus|First Impression|p2a: Emboar\n|-resisted|p2a: Emboar\n|-damage|p2a: Emboar|0 fnt\n|faint|p2a: Emboar\n|-damage|p1a: Haxorus|91\/100|[from] item: Life Orb\n|\n|upkeep\n|\n|t:|1700709307\n|switch|p2a: Ninetales|Ninetales-Alola, F|100\/100\n|-activate|p2a: Ninetales|move: Sticky Web\n|-unboost|p2a: Ninetales|spe|1\n|-weather|Snow|[from] ability: Snow Warning|[of] p2a: Ninetales\n|turn|10\n|\n|t:|1700709315\n|move|p1a: Haxorus|Close Combat|p2a: Ninetales\n|-damage|p2a: Ninetales|44\/100\n|-unboost|p1a: Haxorus|def|1\n|-unboost|p1a: Haxorus|spd|1\n|-damage|p1a: Haxorus|81\/100|[from] item: Life Orb\n|move|p2a: Ninetales|Aurora Veil|p2a: Ninetales\n|-sidestart|p2: JIWCYM|move: Aurora Veil\n|\n|-weather|Snow|[upkeep]\n|upkeep\n|turn|11\n|\n|t:|1700709324\n|move|p1a: Haxorus|Close Combat|p2a: Ninetales\n|-damage|p2a: Ninetales|14\/100\n|-unboost|p1a: Haxorus|def|1\n|-unboost|p1a: Haxorus|spd|1\n|-damage|p1a: Haxorus|71\/100|[from] item: Life Orb\n|move|p2a: Ninetales|Moonblast|p1a: Haxorus\n|-supereffective|p1a: Haxorus\n|-damage|p1a: Haxorus|0 fnt\n|faint|p1a: Haxorus\n|\n|-weather|Snow|[upkeep]\n|upkeep\n|\n|t:|1700709334\n|switch|p1a: Heracross|Heracross, F|100\/100\n|turn|12\n|\n|t:|1700709349\n|detailschange|p1a: Heracross|Heracross-Mega, F\n|-mega|p1a: Heracross|Heracross|Heracronite\n|move|p2a: Ninetales|Blizzard|p1a: Heracross\n|-damage|p1a: Heracross|60\/100\n|move|p1a: Heracross|Swords Dance|p1a: Heracross\n|-boost|p1a: Heracross|atk|2\n|\n|-weather|Snow|[upkeep]\n|upkeep\n|turn|13\n|\n|t:|1700709359\n|move|p2a: Ninetales|Moonblast|p1a: Heracross\n|-supereffective|p1a: Heracross\n|-damage|p1a: Heracross|0 fnt\n|faint|p1a: Heracross\n|\n|-weather|Snow|[upkeep]\n|upkeep\n|\n|t:|1700709364\n|switch|p1a: Hoopa|Hoopa-Unbound|100\/100\n|turn|14\n|\n|t:|1700709380\n|move|p1a: Hoopa|Psychic|p2a: Ninetales\n|-damage|p2a: Ninetales|0 fnt\n|faint|p2a: Ninetales\n|\n|-weather|Snow|[upkeep]\n|-sideend|p2: JIWCYM|move: Aurora Veil\n|upkeep\n|\n|t:|1700709386\n|switch|p2a: Relicanth|Relicanth, M, shiny|100\/100\n|-activate|p2a: Relicanth|move: Sticky Web\n|-unboost|p2a: Relicanth|spe|1\n|turn|15\n|\n|t:|1700709391\n|move|p1a: Hoopa|Nasty Plot|p1a: Hoopa\n|-boost|p1a: Hoopa|spa|2\n|move|p2a: Relicanth|Head Smash|p1a: Hoopa\n|-damage|p1a: Hoopa|9\/100\n|-enditem|p1a: Hoopa|Sitrus Berry|[eat]\n|-heal|p1a: Hoopa|34\/100|[from] item: Sitrus Berry\n|\n|-weather|Snow|[upkeep]\n|upkeep\n|turn|16\n|\n|t:|1700709402\n|-terastallize|p1a: Hoopa|Psychic\n|move|p1a: Hoopa|Psychic|p2a: Relicanth\n|-damage|p2a: Relicanth|0 fnt\n|faint|p2a: Relicanth\n|\n|-weather|Snow|[upkeep]\n|upkeep\n|\n|t:|1700709416\n|switch|p2a: Eelektross|Eelektross, F|100\/100\n|turn|17\n|\n|t:|1700709424\n|move|p1a: Hoopa|Psychic|p2a: Eelektross\n|-damage|p2a: Eelektross|0 fnt\n|faint|p2a: Eelektross\n|\n|-weather|none\n|upkeep\n|\n|t:|1700709427\n|switch|p2a: Leafeon|Leafeon, F|100\/100\n|-activate|p2a: Leafeon|move: Sticky Web\n|-unboost|p2a: Leafeon|spe|1\n|turn|18\n|\n|t:|1700709433\n|-terastallize|p2a: Leafeon|Normal\n|move|p1a: Hoopa|Psychic|p2a: Leafeon\n|-damage|p2a: Leafeon|0 fnt\n|faint|p2a: Leafeon\n|\n|win|WallaceTortuga\n|raw|WallaceTortuga's rating: 1017 &rarr; <strong>1055<\/strong><br \/>(+38 for winning)\n|raw|JIWCYM's rating: 1019 &rarr; <strong>1006<\/strong><br \/>(-13 for losing)\n|c|\u2606WallaceTortuga|holy\n|c|\u2606JIWCYM|gg\n|c|\u2606WallaceTortuga|gg\n|c|\u2606WallaceTortuga|i thought i was lost\n|c|\u2606JIWCYM|that was close haha! how fun\n|c|\u2606WallaceTortuga|just made this team, thanks for the good match\n|c|\u2606JIWCYM|NOW I get how they feel in the anime\n|l|\u2606JIWCYM\n|c|\u2606WallaceTortuga|the power of friendship....and legendaries\n","uploadtime":1700709485,"views":9,"p1id":"wallacetortuga","p2id":"jiwcym","formatid":"gen9nationaldex","rating":1006,"private":0,"password":""}