{"id":"gen9nationaldex-1992349161","p1":"goofyteambuilder","p2":"NahImtheotherguy","format":"[Gen 9] National Dex","log":"|j|\u2606goofyteambuilder\n|j|\u203dNahImtheotherguy\n|t:|1700177387\n|gametype|singles\n|player|p1|goofyteambuilder|unknownf|1284\n|player|p2|NahImtheotherguy|bea|1323\n|teamsize|p1|6\n|teamsize|p2|6\n|gen|9\n|tier|[Gen 9] National Dex\n|rated|\n|rule|HP Percentage Mod: HP is shown in percentages\n|rule|Endless Battle Clause: Forcing endless battles is banned\n|rule|OHKO Clause: OHKO moves are banned\n|rule|Evasion Clause: Evasion abilities, items, and moves are banned\n|rule|Evasion Abilities Clause: Evasion abilities are banned\n|rule|Evasion Items Clause: Evasion items are banned\n|rule|Evasion Moves Clause: Evasion moves are banned\n|rule|Species Clause: Limit one of each Pok\u00e9mon\n|rule|Sleep Clause Mod: Limit one foe put to sleep\n|clearpoke\n|poke|p1|Garchomp, M|\n|poke|p1|Dragonite, F|\n|poke|p1|Dragalge, F|\n|poke|p1|Regidrago|\n|poke|p1|Hydreigon, F|\n|poke|p1|Duraludon, F|\n|poke|p2|Ninetales-Alola, F|\n|poke|p2|Tapu Lele|\n|poke|p2|Diancie|\n|poke|p2|Sneasler, F|\n|poke|p2|Tapu Koko|\n|poke|p2|Great Tusk|\n|teampreview\n|\n|t:|1700177394\n|start\n|switch|p1a: Duraludon|Duraludon, F|100\/100\n|switch|p2a: Ninetales|Ninetales-Alola, F|100\/100\n|-weather|Snow|[from] ability: Snow Warning|[of] p2a: Ninetales\n|turn|1\n|inactive|Battle timer is ON: inactive players will automatically lose when time's up. (requested by NahImtheotherguy)\n|\n|t:|1700177401\n|move|p2a: Ninetales|Aurora Veil|p2a: Ninetales\n|-sidestart|p2: NahImtheotherguy|move: Aurora Veil\n|move|p1a: Duraludon|Flash Cannon|p2a: Ninetales\n|-supereffective|p2a: Ninetales\n|-damage|p2a: Ninetales|2\/100\n|\n|-weather|Snow|[upkeep]\n|upkeep\n|turn|2\n|\n|t:|1700177408\n|move|p2a: Ninetales|Safeguard|p2a: Ninetales\n|-sidestart|p2: NahImtheotherguy|Safeguard\n|move|p1a: Duraludon|Flash Cannon|p2a: Ninetales\n|-supereffective|p2a: Ninetales\n|-crit|p2a: Ninetales\n|-damage|p2a: Ninetales|0 fnt\n|faint|p2a: Ninetales\n|\n|-weather|Snow|[upkeep]\n|upkeep\n|\n|t:|1700177417\n|switch|p2a: Great Tusk|Great Tusk|100\/100\n|-enditem|p2a: Great Tusk|Booster Energy\n|-activate|p2a: Great Tusk|ability: Protosynthesis|[fromitem]\n|-start|p2a: Great Tusk|protosynthesisspe\n|turn|3\n|\n|t:|1700177425\n|switch|p1a: Garchomp|Garchomp, M|100\/100\n|move|p2a: Great Tusk|Bulk Up|p2a: Great Tusk\n|-boost|p2a: Great Tusk|atk|1\n|-boost|p2a: Great Tusk|def|1\n|\n|-weather|Snow|[upkeep]\n|upkeep\n|turn|4\n|\n|t:|1700177435\n|move|p2a: Great Tusk|Bulk Up|p2a: Great Tusk\n|-boost|p2a: Great Tusk|atk|1\n|-boost|p2a: Great Tusk|def|1\n|move|p1a: Garchomp|Dragon Tail|p2a: Great Tusk\n|-damage|p2a: Great Tusk|97\/100\n|-end|p2a: Great Tusk|Protosynthesis|[silent]\n|drag|p2a: Tapu Lele|Tapu Lele|100\/100\n|-fieldstart|move: Psychic Terrain|[from] ability: Psychic Surge|[of] p2a: Tapu Lele\n|\n|-weather|Snow|[upkeep]\n|upkeep\n|turn|5\n|\n|t:|1700177446\n|-terastallize|p1a: Garchomp|Steel\n|move|p2a: Tapu Lele|Moonblast|p1a: Garchomp\n|-resisted|p1a: Garchomp\n|-damage|p1a: Garchomp|76\/100\n|-unboost|p1a: Garchomp|spa|1\n|move|p1a: Garchomp|Tera Blast|p2a: Tapu Lele|[anim] Tera Blast Steel\n|-supereffective|p2a: Tapu Lele\n|-crit|p2a: Tapu Lele\n|-damage|p2a: Tapu Lele|0 fnt\n|faint|p2a: Tapu Lele\n|\n|-weather|none\n|upkeep\n|\n|t:|1700177451\n|switch|p2a: Sneasler|Sneasler, F|100\/100\n|-enditem|p2a: Sneasler|Psychic Seed\n|-boost|p2a: Sneasler|spd|1|[from] item: Psychic Seed\n|turn|6\n|\n|t:|1700177474\n|switch|p1a: Dragonite|Dragonite, F|100\/100\n|-terastallize|p2a: Sneasler|Dark\n|move|p2a: Sneasler|Swords Dance|p2a: Sneasler\n|-boost|p2a: Sneasler|atk|2\n|\n|-sideend|p2: NahImtheotherguy|Safeguard\n|upkeep\n|turn|7\n|\n|t:|1700177484\n|move|p2a: Sneasler|Tera Blast|p1a: Dragonite|[anim] Tera Blast Dark\n|-damage|p1a: Dragonite|54\/100\n|move|p1a: Dragonite|Dragon Dance|p1a: Dragonite\n|-boost|p1a: Dragonite|atk|1\n|-boost|p1a: Dragonite|spe|1\n|\n|upkeep\n|turn|8\n|\n|t:|1700177491\n|move|p1a: Dragonite|Extreme Speed|p2a: Sneasler\n|-activate|p2a: Sneasler|move: Psychic Terrain\n|move|p2a: Sneasler|Tera Blast|p1a: Dragonite|[anim] Tera Blast Dark\n|-damage|p1a: Dragonite|0 fnt\n|faint|p1a: Dragonite\n|\n|-sideend|p2: NahImtheotherguy|move: Aurora Veil\n|-fieldend|move: Psychic Terrain\n|upkeep\n|\n|t:|1700177498\n|switch|p1a: Hydreigon|Hydreigon, F|100\/100\n|turn|9\n|\n|t:|1700177504\n|move|p2a: Sneasler|Close Combat|p1a: Hydreigon\n|-supereffective|p1a: Hydreigon\n|-damage|p1a: Hydreigon|0 fnt\n|-unboost|p2a: Sneasler|def|1\n|-unboost|p2a: Sneasler|spd|1\n|faint|p1a: Hydreigon\n|\n|upkeep\n|\n|t:|1700177508\n|switch|p1a: Dragalge|Dragalge, F|100\/100\n|turn|10\n|\n|t:|1700177512\n|move|p2a: Sneasler|Tera Blast|p1a: Dragalge|[anim] Tera Blast Dark\n|-damage|p1a: Dragalge|0 fnt\n|faint|p1a: Dragalge\n|\n|upkeep\n|\n|t:|1700177518\n|switch|p1a: Garchomp|Garchomp, M, tera:Steel|76\/100\n|turn|11\n|\n|t:|1700177522\n|move|p2a: Sneasler|Tera Blast|p1a: Garchomp|[anim] Tera Blast Dark\n|-damage|p1a: Garchomp|9\/100\n|move|p1a: Garchomp|Dragon Tail|p2a: Sneasler|[miss]\n|-miss|p1a: Garchomp|p2a: Sneasler\n|\n|upkeep\n|turn|12\n|\n|t:|1700177529\n|move|p2a: Sneasler|Tera Blast|p1a: Garchomp|[anim] Tera Blast Dark\n|-damage|p1a: Garchomp|0 fnt\n|faint|p1a: Garchomp\n|\n|upkeep\n|\n|t:|1700177533\n|switch|p1a: Duraludon|Duraludon, F|100\/100\n|turn|13\n|\n|t:|1700177537\n|move|p2a: Sneasler|Close Combat|p1a: Duraludon\n|-supereffective|p1a: Duraludon\n|-damage|p1a: Duraludon|0 fnt\n|-unboost|p2a: Sneasler|def|1\n|-unboost|p2a: Sneasler|spd|1\n|faint|p1a: Duraludon\n|\n|upkeep\n|\n|t:|1700177539\n|switch|p1a: Regidrago|Regidrago|100\/100\n|turn|14\n|\n|t:|1700177544\n|move|p2a: Sneasler|Close Combat|p1a: Regidrago\n|-damage|p1a: Regidrago|0 fnt\n|-unboost|p2a: Sneasler|def|1\n|-unboost|p2a: Sneasler|spd|1\n|faint|p1a: Regidrago\n|\n|win|NahImtheotherguy\n|raw|goofyteambuilder's rating: 1284 &rarr; <strong>1262<\/strong><br \/>(-22 for losing)\n|raw|NahImtheotherguy's rating: 1323 &rarr; <strong>1341<\/strong><br \/>(+18 for winning)\n|l|\u2606goofyteambuilder\n","uploadtime":1700177554,"views":14,"p1id":"goofyteambuilder","p2id":"nahimtheotherguy","formatid":"gen9nationaldex","rating":1262,"private":0,"password":""}