{"id":"gen9nationaldex-1996283537","p1":"yaya_x3","p2":"Tymogekh","format":"[Gen 9] National Dex","log":"|html|<div class=\"broadcast-blue\"><strong>[Gen 9] National Dex is currently suspecting Sneasler! For information on how to participate check out the <a href=\"https:\/\/www.smogon.com\/forums\/threads\/sv-national-dex-suspect-8-just-dance.3731534\/\">suspect thread<\/a>.<\/strong><\/div>\n|j|\u2606yaya_x3\n|j|\u2606Tymogekh\n|t:|1700667347\n|gametype|singles\n|player|p1|yaya_x3|lass-gen6oras|\n|player|p2|Tymogekh|eusine|\n|teamsize|p1|6\n|teamsize|p2|6\n|gen|9\n|tier|[Gen 9] National Dex\n|rule|HP Percentage Mod: HP is shown in percentages\n|rule|Endless Battle Clause: Forcing endless battles is banned\n|rule|OHKO Clause: OHKO moves are banned\n|rule|Evasion Clause: Evasion abilities, items, and moves are banned\n|rule|Evasion Abilities Clause: Evasion abilities are banned\n|rule|Evasion Items Clause: Evasion items are banned\n|rule|Evasion Moves Clause: Evasion moves are banned\n|rule|Species Clause: Limit one of each Pok\u00e9mon\n|rule|Sleep Clause Mod: Limit one foe put to sleep\n|clearpoke\n|poke|p1|Clefable, M|\n|poke|p1|Tapu Lele|\n|poke|p1|Bronzong|\n|poke|p1|Heatran, M|\n|poke|p1|Excadrill, M|\n|poke|p1|Tyranitar, F|\n|poke|p2|Clodsire, F|\n|poke|p2|Muk, M|\n|poke|p2|Toxapex, M|\n|poke|p2|Sneasler, M|\n|poke|p2|Venusaur, F|\n|poke|p2|Iron Moth|\n|teampreview\n|\n|t:|1700667363\n|start\n|switch|p1a: \ud83d\udd14|Bronzong|100\/100\n|switch|p2a: Venusaur|Venusaur, F|100\/100\n|turn|1\n|\n|t:|1700667385\n|switch|p2a: Iron Moth|Iron Moth|100\/100\n|move|p1a: \ud83d\udd14|Psyshock|p2a: Iron Moth\n|-supereffective|p2a: Iron Moth\n|-damage|p2a: Iron Moth|24\/100\n|\n|upkeep\n|turn|2\n|\n|t:|1700667401\n|switch|p1a: Jason|Heatran, M|100\/100\n|move|p2a: Iron Moth|Flamethrower|p1a: Jason\n|-start|p1a: Jason|ability: Flash Fire\n|\n|upkeep\n|turn|3\n|\n|t:|1700667416\n|-end|p2a: Iron Moth|Quark Drive|[silent]\n|switch|p2a: Clodsire|Clodsire, F|100\/100\n|move|p1a: Jason|Scorching Sands|p2a: Clodsire\n|-supereffective|p2a: Clodsire\n|-damage|p2a: Clodsire|52\/100\n|-status|p2a: Clodsire|brn\n|-damage|p1a: Jason|91\/100|[from] item: Life Orb\n|\n|-damage|p2a: Clodsire|46\/100 brn|[from] brn\n|upkeep\n|turn|4\n|\n|t:|1700667430\n|-terastallize|p2a: Clodsire|Ground\n|move|p1a: Jason|Earthquake|p2a: Clodsire\n|-damage|p2a: Clodsire|25\/100 brn\n|-damage|p1a: Jason|81\/100|[from] item: Life Orb\n|move|p2a: Clodsire|Earthquake|p1a: Jason\n|-supereffective|p1a: Jason\n|-damage|p1a: Jason|22\/100\n|\n|-damage|p2a: Clodsire|18\/100 brn|[from] brn\n|upkeep\n|turn|5\n|\n|t:|1700667445\n|-end|p1a: Jason|ability: Flash Fire|[silent]\n|switch|p1a: \ud83d\udd14|Bronzong|100\/100\n|move|p2a: Clodsire|Recover|p2a: Clodsire\n|-heal|p2a: Clodsire|68\/100 brn\n|\n|-damage|p2a: Clodsire|62\/100 brn|[from] brn\n|upkeep\n|turn|6\n|\n|t:|1700667466\n|switch|p2a: Muk|Muk, M|100\/100\n|move|p1a: \ud83d\udd14|Calm Mind|p1a: \ud83d\udd14\n|-boost|p1a: \ud83d\udd14|spa|1\n|-boost|p1a: \ud83d\udd14|spd|1\n|\n|upkeep\n|turn|7\n|\n|t:|1700667474\n|move|p2a: Muk|Knock Off|p1a: \ud83d\udd14\n|-supereffective|p1a: \ud83d\udd14\n|-damage|p1a: \ud83d\udd14|46\/100\n|-enditem|p1a: \ud83d\udd14|Chesto Berry|[from] move: Knock Off|[of] p2a: Muk\n|move|p1a: \ud83d\udd14|Psyshock|p2a: Muk\n|-supereffective|p2a: Muk\n|-damage|p2a: Muk|1\/100\n|\n|-heal|p2a: Muk|8\/100|[from] item: Leftovers\n|upkeep\n|turn|8\n|\n|t:|1700667500\n|switch|p1a: Godzilla|Tyranitar, F|100\/100\n|-weather|Sandstorm|[from] ability: Sand Stream|[of] p1a: Godzilla\n|move|p2a: Muk|Knock Off|p1a: Godzilla\n|-resisted|p1a: Godzilla\n|-damage|p1a: Godzilla|91\/100\n|-status|p1a: Godzilla|psn|[from] ability: Poison Touch|[of] p2a: Muk\n|\n|-weather|Sandstorm|[upkeep]\n|-damage|p2a: Muk|1\/100|[from] Sandstorm\n|-heal|p2a: Muk|8\/100|[from] item: Leftovers\n|-damage|p1a: Godzilla|79\/100 psn|[from] psn\n|upkeep\n|turn|9\n|\n|t:|1700667523\n|move|p1a: Godzilla|Knock Off|p2a: Muk\n|-damage|p2a: Muk|0 fnt\n|-enditem|p2a: Muk|Leftovers|[from] move: Knock Off|[of] p1a: Godzilla\n|faint|p2a: Muk\n|\n|-weather|Sandstorm|[upkeep]\n|-damage|p1a: Godzilla|67\/100 psn|[from] psn\n|upkeep\n|\n|t:|1700667531\n|switch|p2a: Venusaur|Venusaur, F|100\/100\n|turn|10\n|\n|t:|1700667535\n|switch|p1a: \ud83d\udd14|Bronzong|46\/100\n|detailschange|p2a: Venusaur|Venusaur-Mega, F\n|-mega|p2a: Venusaur|Venusaur|Venusaurite\n|move|p2a: Venusaur|Giga Drain|p1a: \ud83d\udd14\n|-resisted|p1a: \ud83d\udd14\n|-damage|p1a: \ud83d\udd14|31\/100\n|\n|-weather|Sandstorm|[upkeep]\n|-damage|p2a: Venusaur|94\/100|[from] Sandstorm\n|upkeep\n|turn|11\n|\n|t:|1700667555\n|switch|p2a: Iron Moth|Iron Moth|24\/100\n|move|p1a: \ud83d\udd14|Psyshock|p2a: Iron Moth\n|-supereffective|p2a: Iron Moth\n|-damage|p2a: Iron Moth|0 fnt\n|faint|p2a: Iron Moth\n|-end|p2a: Iron Moth|Quark Drive|[silent]\n|\n|-weather|Sandstorm|[upkeep]\n|upkeep\n|\n|t:|1700667564\n|switch|p2a: Sneasler|Sneasler, M|100\/100\n|turn|12\n|\n|t:|1700667586\n|-terastallize|p1a: \ud83d\udd14|Poison\n|move|p2a: Sneasler|Night Slash|p1a: \ud83d\udd14\n|-damage|p1a: \ud83d\udd14|11\/100\n|move|p1a: \ud83d\udd14|Rest|p1a: \ud83d\udd14\n|-status|p1a: \ud83d\udd14|slp|[from] move: Rest\n|-heal|p1a: \ud83d\udd14|100\/100 slp|[silent]\n|\n|-weather|none\n|upkeep\n|turn|13\n|\n|t:|1700667617\n|move|p2a: Sneasler|Night Slash|p1a: \ud83d\udd14\n|-damage|p1a: \ud83d\udd14|78\/100 slp\n|cant|p1a: \ud83d\udd14|slp\n|\n|upkeep\n|turn|14\n|\n|t:|1700667623\n|move|p2a: Sneasler|Night Slash|p1a: \ud83d\udd14\n|-crit|p1a: \ud83d\udd14\n|-damage|p1a: \ud83d\udd14|46\/100 slp\n|cant|p1a: \ud83d\udd14|slp\n|\n|upkeep\n|turn|15\n|\n|t:|1700667631\n|move|p2a: Sneasler|Night Slash|p1a: \ud83d\udd14\n|-damage|p1a: \ud83d\udd14|26\/100 slp\n|-curestatus|p1a: \ud83d\udd14|slp|[msg]\n|move|p1a: \ud83d\udd14|Psyshock|p2a: Sneasler\n|-supereffective|p2a: Sneasler\n|-damage|p2a: Sneasler|0 fnt\n|faint|p2a: Sneasler\n|\n|upkeep\n|\n|t:|1700667645\n|switch|p2a: Clodsire|Clodsire, F, tera:Ground|62\/100 brn\n|turn|16\n|\n|t:|1700667654\n|move|p1a: \ud83d\udd14|Rest|p1a: \ud83d\udd14\n|-status|p1a: \ud83d\udd14|slp|[from] move: Rest\n|-heal|p1a: \ud83d\udd14|100\/100 slp|[silent]\n|move|p2a: Clodsire|Body Press|p1a: \ud83d\udd14\n|-resisted|p1a: \ud83d\udd14\n|-damage|p1a: \ud83d\udd14|97\/100 slp\n|\n|-damage|p2a: Clodsire|56\/100 brn|[from] brn\n|upkeep\n|turn|17\n|\n|t:|1700667665\n|cant|p1a: \ud83d\udd14|slp\n|move|p2a: Clodsire|Recover|p2a: Clodsire\n|-heal|p2a: Clodsire|100\/100 brn\n|\n|-damage|p2a: Clodsire|94\/100 brn|[from] brn\n|upkeep\n|turn|18\n|\n|t:|1700667676\n|cant|p1a: \ud83d\udd14|slp\n|move|p2a: Clodsire|Poison Jab|p1a: \ud83d\udd14\n|-resisted|p1a: \ud83d\udd14\n|-damage|p1a: \ud83d\udd14|92\/100 slp\n|\n|-damage|p2a: Clodsire|88\/100 brn|[from] brn\n|upkeep\n|turn|19\n|\n|t:|1700667690\n|switch|p1a: Jason|Heatran, M|22\/100\n|move|p2a: Clodsire|Earthquake|p1a: Jason\n|-supereffective|p1a: Jason\n|-damage|p1a: Jason|0 fnt\n|faint|p1a: Jason\n|\n|-damage|p2a: Clodsire|82\/100 brn|[from] brn\n|upkeep\n|c|\u2606yaya_x3|o\n|\n|t:|1700667720\n|switch|p1a: Godzilla|Tyranitar, F|67\/100 psn\n|-weather|Sandstorm|[from] ability: Sand Stream|[of] p1a: Godzilla\n|turn|20\n|\n|t:|1700667726\n|move|p1a: Godzilla|Knock Off|p2a: Clodsire\n|-damage|p2a: Clodsire|46\/100 brn\n|-damage|p1a: Godzilla|50\/100 psn|[from] item: Rocky Helmet|[of] p2a: Clodsire\n|-enditem|p2a: Clodsire|Rocky Helmet|[from] move: Knock Off|[of] p1a: Godzilla\n|move|p2a: Clodsire|Earthquake|p1a: Godzilla\n|-supereffective|p1a: Godzilla\n|-damage|p1a: Godzilla|16\/100 psn\n|\n|-weather|Sandstorm|[upkeep]\n|-damage|p1a: Godzilla|3\/100 psn|[from] psn\n|-damage|p2a: Clodsire|39\/100 brn|[from] brn\n|upkeep\n|turn|21\n|\n|t:|1700667761\n|move|p1a: Godzilla|Crunch|p2a: Clodsire\n|-damage|p2a: Clodsire|9\/100 brn\n|move|p2a: Clodsire|Recover|p2a: Clodsire\n|-heal|p2a: Clodsire|59\/100 brn\n|\n|-weather|Sandstorm|[upkeep]\n|-damage|p1a: Godzilla|0 fnt|[from] psn\n|faint|p1a: Godzilla\n|-damage|p2a: Clodsire|53\/100 brn|[from] brn\n|upkeep\n|\n|t:|1700667776\n|switch|p1a: Drill it|Excadrill, M|100\/100\n|turn|22\n|\n|t:|1700667787\n|move|p1a: Drill it|Earthquake|p2a: Clodsire\n|-crit|p2a: Clodsire\n|-damage|p2a: Clodsire|0 fnt\n|faint|p2a: Clodsire\n|\n|-weather|Sandstorm|[upkeep]\n|upkeep\n|\n|t:|1700667793\n|switch|p2a: Venusaur|Venusaur-Mega, F|94\/100\n|turn|23\n|\n|t:|1700667801\n|move|p1a: Drill it|Swords Dance|p1a: Drill it\n|-boost|p1a: Drill it|atk|2\n|move|p2a: Venusaur|Giga Drain|p1a: Drill it\n|-damage|p1a: Drill it|61\/100\n|-heal|p2a: Venusaur|100\/100|[from] drain|[of] p1a: Drill it\n|\n|-weather|Sandstorm|[upkeep]\n|-damage|p2a: Venusaur|94\/100|[from] Sandstorm\n|upkeep\n|turn|24\n|\n|t:|1700667811\n|move|p1a: Drill it|Earthquake|p2a: Venusaur\n|-damage|p2a: Venusaur|12\/100\n|move|p2a: Venusaur|Giga Drain|p1a: Drill it\n|-damage|p1a: Drill it|20\/100\n|-heal|p2a: Venusaur|32\/100|[from] drain|[of] p1a: Drill it\n|\n|-weather|none\n|upkeep\n|turn|25\n|\n|t:|1700667833\n|move|p1a: Drill it|Earthquake|p2a: Venusaur\n|-damage|p2a: Venusaur|0 fnt\n|faint|p2a: Venusaur\n|\n|upkeep\n|\n|t:|1700667838\n|switch|p2a: Toxapex|Toxapex, M|100\/100\n|turn|26\n|\n|t:|1700667841\n|move|p1a: Drill it|Earthquake|p2a: Toxapex\n|-supereffective|p2a: Toxapex\n|-damage|p2a: Toxapex|0 fnt\n|faint|p2a: Toxapex\n|\n|win|yaya_x3\n|c|\u2606yaya_x3|ggs\n","uploadtime":1700667852,"views":9,"p1id":"yayax3","p2id":"tymogekh","formatid":"gen9nationaldex","rating":0,"private":0,"password":""}