{"id":"gen9nationaldex-1988674077","p1":"female charizard","p2":"toptargo","format":"[Gen 9] National Dex","log":"|j|\u2606female charizard\n|j|\u2606toptargo\n|t:|1699749068\n|gametype|singles\n|player|p1|female charizard|170|1111\n|player|p2|toptargo|worker-lgpe|1184\n|teamsize|p1|6\n|teamsize|p2|6\n|gen|9\n|tier|[Gen 9] National Dex\n|rated|\n|rule|HP Percentage Mod: HP is shown in percentages\n|rule|Endless Battle Clause: Forcing endless battles is banned\n|rule|OHKO Clause: OHKO moves are banned\n|rule|Evasion Clause: Evasion abilities, items, and moves are banned\n|rule|Evasion Abilities Clause: Evasion abilities are banned\n|rule|Evasion Items Clause: Evasion items are banned\n|rule|Evasion Moves Clause: Evasion moves are banned\n|rule|Species Clause: Limit one of each Pok\u00e9mon\n|rule|Sleep Clause Mod: Limit one foe put to sleep\n|clearpoke\n|poke|p1|Maushold|\n|poke|p1|Stakataka|\n|poke|p1|Enamorus, F|\n|poke|p1|Ditto|\n|poke|p1|Linoone, M|\n|poke|p1|Swalot, F|\n|poke|p2|Chatot, F|\n|poke|p2|Cramorant, M|\n|poke|p2|Crawdaunt, M|\n|poke|p2|Maushold|\n|poke|p2|Plusle, M|\n|poke|p2|Necrozma|\n|teampreview\n|\n|t:|1699749093\n|start\n|switch|p1a: i art thou|Ditto|100\/100\n|switch|p2a: BIG MEATY CLAWS|Crawdaunt, M|100\/100\n|-transform|p1a: i art thou|p2a: BIG MEATY CLAWS|[from] ability: Imposter\n|turn|1\n|c|\u2606toptargo|i am thou. thou art i\n|\n|t:|1699749119\n|move|p1a: i art thou|Knock Off|p2a: BIG MEATY CLAWS\n|-resisted|p2a: BIG MEATY CLAWS\n|-damage|p2a: BIG MEATY CLAWS|59\/100\n|-enditem|p2a: BIG MEATY CLAWS|Life Orb|[from] move: Knock Off|[of] p1a: i art thou\n|move|p2a: BIG MEATY CLAWS|Knock Off|p1a: i art thou\n|-resisted|p1a: i art thou\n|-damage|p1a: i art thou|65\/100\n|-enditem|p1a: i art thou|Choice Scarf|[from] move: Knock Off|[of] p2a: BIG MEATY CLAWS\n|\n|upkeep\n|turn|2\n|\n|t:|1699749127\n|move|p1a: i art thou|Crabhammer|p2a: BIG MEATY CLAWS|[miss]\n|-miss|p1a: i art thou|p2a: BIG MEATY CLAWS\n|move|p2a: BIG MEATY CLAWS|Crabhammer|p1a: i art thou\n|-resisted|p1a: i art thou\n|-damage|p1a: i art thou|31\/100\n|\n|upkeep\n|turn|3\n|\n|t:|1699749132\n|move|p1a: i art thou|Crabhammer|p2a: BIG MEATY CLAWS\n|-resisted|p2a: BIG MEATY CLAWS\n|-damage|p2a: BIG MEATY CLAWS|21\/100\n|move|p2a: BIG MEATY CLAWS|Crabhammer|p1a: i art thou\n|-resisted|p1a: i art thou\n|-damage|p1a: i art thou|0 fnt\n|faint|p1a: i art thou\n|\n|upkeep\n|\n|t:|1699749144\n|switch|p1a: eat the bugs|Swalot, F|100\/100\n|turn|4\n|\n|t:|1699749148\n|move|p2a: BIG MEATY CLAWS|Crabhammer|p1a: eat the bugs\n|-damage|p1a: eat the bugs|29\/100\n|move|p1a: eat the bugs|Infestation|p2a: BIG MEATY CLAWS\n|-supereffective|p2a: BIG MEATY CLAWS\n|-damage|p2a: BIG MEATY CLAWS|6\/100\n|-activate|p2a: BIG MEATY CLAWS|move: Infestation|[of] p1a: eat the bugs\n|\n|-damage|p2a: BIG MEATY CLAWS|0 fnt|[from] move: Infestation|[partiallytrapped]\n|faint|p2a: BIG MEATY CLAWS\n|upkeep\n|inactive|Battle timer is ON: inactive players will automatically lose when time's up. (requested by female charizard)\n|\n|t:|1699749154\n|switch|p2a: David|Cramorant, M, shiny|100\/100\n|turn|5\n|\n|t:|1699749157\n|move|p2a: David|Surf|p1a: eat the bugs\n|-formechange|p2a: David|Cramorant-Gulping|\n|-damage|p1a: eat the bugs|2\/100\n|move|p1a: eat the bugs|Toxic|p2a: David\n|-status|p2a: David|tox\n|\n|-damage|p2a: David|94\/100 tox|[from] psn\n|upkeep\n|turn|6\n|\n|t:|1699749161\n|move|p2a: David|Surf|p1a: eat the bugs\n|-damage|p1a: eat the bugs|0 fnt\n|faint|p1a: eat the bugs\n|\n|-damage|p2a: David|82\/100 tox|[from] psn\n|upkeep\n|\n|t:|1699749182\n|switch|p1a: so attractive....|Enamorus, F|100\/100\n|turn|7\n|\n|t:|1699749186\n|move|p1a: so attractive....|Calm Mind|p1a: so attractive....\n|-boost|p1a: so attractive....|spa|1\n|-boost|p1a: so attractive....|spd|1\n|move|p2a: David|Surf|p1a: so attractive....\n|-damage|p1a: so attractive....|67\/100\n|\n|-heal|p1a: so attractive....|73\/100|[from] item: Leftovers\n|-damage|p2a: David|64\/100 tox|[from] psn\n|upkeep\n|turn|8\n|\n|t:|1699749190\n|move|p1a: so attractive....|Moonblast|p2a: David\n|-damage|p2a: David|0 fnt\n|-damage|p1a: so attractive....|48\/100|[from] ability: Gulp Missile|[of] p2a: David\n|-unboost|p1a: so attractive....|def|1\n|-formechange|p2a: David|Cramorant|\n|faint|p2a: David\n|\n|-heal|p1a: so attractive....|54\/100|[from] item: Leftovers\n|upkeep\n|\n|t:|1699749197\n|switch|p2a: He's adopted|Maushold|100\/100\n|turn|9\n|\n|t:|1699749200\n|move|p2a: He's adopted|Population Bomb|p1a: so attractive....\n|-damage|p1a: so attractive....|30\/100\n|-damage|p1a: so attractive....|5\/100\n|-damage|p1a: so attractive....|0 fnt\n|faint|p1a: so attractive....\n|-hitcount|p1: so attractive....|3\n|\n|upkeep\n|\n|t:|1699749205\n|switch|p1a: too anxious >.<|Stakataka|100\/100\n|turn|10\n|\n|t:|1699749217\n|move|p2a: He's adopted|Population Bomb|p1a: too anxious >.<\n|-resisted|p1a: too anxious >.<\n|-damage|p1a: too anxious >.<|99\/100\n|-resisted|p1a: too anxious >.<\n|-damage|p1a: too anxious >.<|97\/100\n|-resisted|p1a: too anxious >.<\n|-damage|p1a: too anxious >.<|96\/100\n|-resisted|p1a: too anxious >.<\n|-damage|p1a: too anxious >.<|94\/100\n|-resisted|p1a: too anxious >.<\n|-damage|p1a: too anxious >.<|93\/100\n|-resisted|p1a: too anxious >.<\n|-damage|p1a: too anxious >.<|91\/100\n|-resisted|p1a: too anxious >.<\n|-damage|p1a: too anxious >.<|89\/100\n|-resisted|p1a: too anxious >.<\n|-damage|p1a: too anxious >.<|88\/100\n|-resisted|p1a: too anxious >.<\n|-damage|p1a: too anxious >.<|86\/100\n|-resisted|p1a: too anxious >.<\n|-damage|p1a: too anxious >.<|85\/100\n|-hitcount|p1a: too anxious >.<|10\n|move|p1a: too anxious >.<|Trick Room|p1a: too anxious >.<\n|-fieldstart|move: Trick Room|[of] p1a: too anxious >.<\n|\n|upkeep\n|turn|11\n|\n|t:|1699749223\n|move|p1a: too anxious >.<|Gyro Ball|p2a: He's adopted\n|-damage|p2a: He's adopted|0 fnt\n|faint|p2a: He's adopted\n|-ability|p1a: too anxious >.<|Beast Boost|boost\n|-boost|p1a: too anxious >.<|atk|1\n|-damage|p1a: too anxious >.<|75\/100|[from] item: Life Orb\n|\n|upkeep\n|\n|t:|1699749229\n|switch|p2a: AAAAAAAAAAAAAAAA|Chatot, F|100\/100\n|turn|12\n|\n|t:|1699749233\n|move|p1a: too anxious >.<|Gyro Ball|p2a: AAAAAAAAAAAAAAAA\n|-damage|p2a: AAAAAAAAAAAAAAAA|0 fnt\n|faint|p2a: AAAAAAAAAAAAAAAA\n|-ability|p1a: too anxious >.<|Beast Boost|boost\n|-boost|p1a: too anxious >.<|atk|1\n|-damage|p1a: too anxious >.<|65\/100|[from] item: Life Orb\n|\n|upkeep\n|-message|toptargo forfeited.\n|\n|win|female charizard\n|raw|female charizard's rating: 1111 &rarr; <strong>1141<\/strong><br \/>(+30 for winning)\n|raw|toptargo's rating: 1184 &rarr; <strong>1154<\/strong><br \/>(-30 for losing)\n|l|\u2606toptargo\n|j| kung fu pokechu\n","uploadtime":1699749509,"views":4,"p1id":"femalecharizard","p2id":"toptargo","formatid":"gen9nationaldex","rating":1141,"private":0,"password":""}