{"id":"gen9nationaldex-1990999674","p1":"ttttttttttvvz","p2":"TheTurtwigWrangler","format":"[Gen 9] National Dex","log":"|j|\u2606ttttttttttvvz\n|j|\u2606TheTurtwigWrangler\n|t:|1700025690\n|gametype|singles\n|player|p1|ttttttttttvvz|fantina|1117\n|player|p2|TheTurtwigWrangler|worker|1157\n|teamsize|p1|6\n|teamsize|p2|6\n|gen|9\n|tier|[Gen 9] National Dex\n|rated|\n|rule|HP Percentage Mod: HP is shown in percentages\n|rule|Endless Battle Clause: Forcing endless battles is banned\n|rule|OHKO Clause: OHKO moves are banned\n|rule|Evasion Clause: Evasion abilities, items, and moves are banned\n|rule|Evasion Abilities Clause: Evasion abilities are banned\n|rule|Evasion Items Clause: Evasion items are banned\n|rule|Evasion Moves Clause: Evasion moves are banned\n|rule|Species Clause: Limit one of each Pok\u00e9mon\n|rule|Sleep Clause Mod: Limit one foe put to sleep\n|clearpoke\n|poke|p1|Cloyster, M|\n|poke|p1|Togekiss, F|\n|poke|p1|Blacephalon|\n|poke|p1|Spidops, M|\n|poke|p1|Heracross, M|\n|poke|p1|Ferrothorn, F|\n|poke|p2|Heracross, M|\n|poke|p2|Weavile, F|\n|poke|p2|Aggron, M|\n|poke|p2|Alakazam, M|\n|poke|p2|Haxorus, M|\n|poke|p2|Togekiss, F|\n|teampreview\n|c|\u2606TheTurtwigWrangler|yooo\n|c|\u2606TheTurtwigWrangler|interesting team\n|\n|t:|1700025703\n|start\n|switch|p1a: Spidops|Spidops, M|100\/100\n|switch|p2a: Gremlin|Weavile, F|100\/100\n|-ability|p2a: Gremlin|Pressure\n|turn|1\n|c|\u2606ttttttttttvvz|ty bb\n|\n|t:|1700025718\n|move|p2a: Gremlin|Swords Dance|p2a: Gremlin\n|-boost|p2a: Gremlin|atk|2\n|move|p1a: Spidops|Sticky Web|p2a: Gremlin\n|-sidestart|p2: TheTurtwigWrangler|move: Sticky Web\n|\n|upkeep\n|turn|2\n|\n|t:|1700025726\n|move|p2a: Gremlin|Knock Off|p1a: Spidops\n|-enditem|p1a: Spidops|Focus Sash\n|-damage|p1a: Spidops|1\/100\n|move|p1a: Spidops|Pounce|p2a: Gremlin\n|-supereffective|p2a: Gremlin\n|-damage|p2a: Gremlin|34\/100\n|-unboost|p2a: Gremlin|spe|1\n|\n|upkeep\n|turn|3\n|\n|t:|1700025742\n|move|p1a: Spidops|Silk Trap|p1a: Spidops\n|-singleturn|p1a: Spidops|Protect\n|move|p2a: Gremlin|Knock Off|p1a: Spidops\n|-activate|p1a: Spidops|move: Protect\n|-unboost|p2a: Gremlin|spe|1\n|\n|upkeep\n|turn|4\n|\n|t:|1700025750\n|switch|p2a: Genocidal Egg|Togekiss, F|100\/100\n|move|p1a: Spidops|Pounce|p2a: Genocidal Egg\n|-resisted|p2a: Genocidal Egg\n|-damage|p2a: Genocidal Egg|96\/100\n|-unboost|p2a: Genocidal Egg|spe|1\n|\n|upkeep\n|turn|5\n|\n|t:|1700025759\n|move|p2a: Genocidal Egg|Defog|p1a: Spidops\n|-unboost|p1a: Spidops|evasion|1\n|-sideend|p2: TheTurtwigWrangler|Sticky Web|[from] move: Defog|[of] p2a: Genocidal Egg\n|move|p1a: Spidops|Taunt|p2a: Genocidal Egg\n|-start|p2a: Genocidal Egg|move: Taunt\n|\n|upkeep\n|turn|6\n|\n|t:|1700025770\n|move|p2a: Genocidal Egg|Aura Sphere|p1a: Spidops\n|-resisted|p1a: Spidops\n|-damage|p1a: Spidops|0 fnt\n|faint|p1a: Spidops\n|\n|upkeep\n|\n|t:|1700025775\n|switch|p1a: Togekiss|Togekiss, F|100\/100\n|turn|7\n|\n|t:|1700025779\n|move|p1a: Togekiss|Thunder Wave|p2a: Genocidal Egg\n|-status|p2a: Genocidal Egg|par\n|cant|p2a: Genocidal Egg|par\n|\n|upkeep\n|turn|8\n|\n|t:|1700025784\n|move|p1a: Togekiss|Air Slash|p2a: Genocidal Egg\n|-damage|p2a: Genocidal Egg|67\/100 par\n|cant|p2a: Genocidal Egg|flinch\n|\n|-end|p2a: Genocidal Egg|move: Taunt\n|upkeep\n|turn|9\n|\n|t:|1700025791\n|move|p1a: Togekiss|Air Slash|p2a: Genocidal Egg\n|-damage|p2a: Genocidal Egg|35\/100 par\n|move|p2a: Genocidal Egg|Air Slash|p1a: Togekiss|[miss]\n|-miss|p2a: Genocidal Egg|p1a: Togekiss\n|\n|upkeep\n|turn|10\n|c|\u2606ttttttttttvvz|absured\n|c|\u2606ttttttttttvvz|absurd^\n|c|\u2606ttttttttttvvz|95 accurate move!!\n|c|\u2606TheTurtwigWrangler|average togekiss moment\n|\n|t:|1700025812\n|move|p1a: Togekiss|Air Slash|p2a: Genocidal Egg\n|-damage|p2a: Genocidal Egg|7\/100 par\n|cant|p2a: Genocidal Egg|flinch\n|\n|upkeep\n|turn|11\n|\n|t:|1700025817\n|move|p1a: Togekiss|Air Slash|p2a: Genocidal Egg\n|-damage|p2a: Genocidal Egg|0 fnt\n|faint|p2a: Genocidal Egg\n|\n|upkeep\n|\n|t:|1700025822\n|switch|p2a: Gremlin|Weavile, F|34\/100\n|-ability|p2a: Gremlin|Pressure\n|turn|12\n|\n|t:|1700025828\n|-terastallize|p1a: Togekiss|Fairy\n|move|p2a: Gremlin|Triple Axel|p1a: Togekiss\n|-damage|p1a: Togekiss|89\/100\n|-damage|p1a: Togekiss|68\/100\n|-damage|p1a: Togekiss|33\/100\n|-hitcount|p1a: Togekiss|3\n|move|p1a: Togekiss|Dazzling Gleam|p2a: Gremlin\n|-supereffective|p2a: Gremlin\n|-damage|p2a: Gremlin|0 fnt\n|faint|p2a: Gremlin\n|\n|-heal|p1a: Togekiss|39\/100|[from] item: Leftovers\n|upkeep\n|\n|t:|1700025842\n|switch|p2a: Cement Lover|Heracross, M|100\/100\n|turn|13\n|\n|t:|1700025847\n|-terastallize|p2a: Cement Lover|Normal\n|move|p2a: Cement Lover|Trailblaze|p1a: Togekiss\n|-damage|p1a: Togekiss|20\/100\n|-boost|p2a: Cement Lover|spe|1\n|move|p1a: Togekiss|Air Slash|p2a: Cement Lover\n|-damage|p2a: Cement Lover|63\/100\n|\n|-heal|p1a: Togekiss|26\/100|[from] item: Leftovers\n|-status|p2a: Cement Lover|brn|[from] item: Flame Orb\n|upkeep\n|turn|14\n|\n|t:|1700025859\n|move|p2a: Cement Lover|Facade|p1a: Togekiss\n|-damage|p1a: Togekiss|0 fnt\n|faint|p1a: Togekiss\n|\n|-damage|p2a: Cement Lover|57\/100 brn|[from] brn\n|upkeep\n|\n|t:|1700025864\n|switch|p1a: Blacephalon|Blacephalon|100\/100\n|turn|15\n|\n|t:|1700025869\n|move|p2a: Cement Lover|Knock Off|p1a: Blacephalon\n|-supereffective|p1a: Blacephalon\n|-damage|p1a: Blacephalon|0 fnt\n|-enditem|p1a: Blacephalon|Choice Specs|[from] move: Knock Off|[of] p2a: Cement Lover\n|faint|p1a: Blacephalon\n|\n|-damage|p2a: Cement Lover|51\/100 brn|[from] brn\n|upkeep\n|\n|t:|1700025881\n|switch|p1a: Heracross|Heracross, M|100\/100\n|turn|16\n|\n|t:|1700025894\n|detailschange|p1a: Heracross|Heracross-Mega, M\n|-mega|p1a: Heracross|Heracross|Heracronite\n|move|p2a: Cement Lover|Facade|p1a: Heracross\n|-damage|p1a: Heracross|0 fnt\n|faint|p1a: Heracross\n|\n|-damage|p2a: Cement Lover|45\/100 brn|[from] brn\n|upkeep\n|c|\u2606TheTurtwigWrangler|\"Waiter! Waiter! More cement please!\"\n|\n|t:|1700025905\n|switch|p1a: Ferrothorn|Ferrothorn, F|100\/100\n|turn|17\n|\n|t:|1700025911\n|move|p2a: Cement Lover|Close Combat|p1a: Ferrothorn\n|-supereffective|p1a: Ferrothorn\n|-damage|p1a: Ferrothorn|0 fnt\n|-unboost|p2a: Cement Lover|def|1\n|-unboost|p2a: Cement Lover|spd|1\n|-damage|p2a: Cement Lover|33\/100 brn|[from] ability: Iron Barbs|[of] p1a: Ferrothorn\n|faint|p1a: Ferrothorn\n|\n|-damage|p2a: Cement Lover|27\/100 brn|[from] brn\n|upkeep\n|c|\u2606ttttttttttvvz|:*(\n|\n|t:|1700025925\n|switch|p1a: Cloyster|Cloyster, M|100\/100\n|turn|18\n|c|\u2606TheTurtwigWrangler|i love this stupid bug lol\n|c|\u2606ttttttttttvvz|let me play the game plz :*(\n|\n|t:|1700025938\n|move|p2a: Cement Lover|Facade|p1a: Cloyster\n|-damage|p1a: Cloyster|15\/100\n|move|p1a: Cloyster|Shell Smash|p1a: Cloyster\n|-unboost|p1a: Cloyster|def|1\n|-unboost|p1a: Cloyster|spd|1\n|-boost|p1a: Cloyster|atk|2\n|-boost|p1a: Cloyster|spa|2\n|-boost|p1a: Cloyster|spe|2\n|-enditem|p1a: Cloyster|White Herb\n|-clearnegativeboost|p1a: Cloyster|[silent]\n|\n|-damage|p2a: Cement Lover|21\/100 brn|[from] brn\n|upkeep\n|turn|19\n|c|\u2606TheTurtwigWrangler|uh oh\n|\n|t:|1700025950\n|move|p2a: Cement Lover|Trailblaze|p1a: Cloyster\n|-supereffective|p1a: Cloyster\n|-damage|p1a: Cloyster|0 fnt\n|-boost|p2a: Cement Lover|spe|1\n|faint|p1a: Cloyster\n|\n|win|TheTurtwigWrangler\n|raw|ttttttttttvvz's rating: 1086 &rarr; <strong>1068<\/strong><br \/>(-18 for losing)\n|raw|TheTurtwigWrangler's rating: 1157 &rarr; <strong>1177<\/strong><br \/>(+20 for winning)\n|c|\u2606TheTurtwigWrangler|gg dude\n|c|\u2606ttttttttttvvz|gg\n|c|\u2606TheTurtwigWrangler|i guess luck was finally on my side lol\n|c|\u2606TheTurtwigWrangler|for once\n|c|\u2606TheTurtwigWrangler|anyways gg once again\n|c|\u2606TheTurtwigWrangler|hope u have an awesome day\n|c|\u2606TheTurtwigWrangler|and care my brother and good luck on ur nxt match\n","uploadtime":1700026047,"views":4,"p1id":"ttttttttttvvz","p2id":"theturtwigwrangler","formatid":"gen9nationaldex","rating":1068,"private":0,"password":""}