{"id":"gen9nationaldex-1992400666","p1":"Ant_Kid-06","p2":"MUSquirel","format":"[Gen 9] National Dex","log":"|j|\u2606Ant_Kid-06\n|j|\u2606MUSquirel\n|t:|1700183210\n|gametype|singles\n|player|p1|Ant_Kid-06|1|1020\n|player|p2|MUSquirel|101|1000\n|teamsize|p1|1\n|teamsize|p2|6\n|gen|9\n|tier|[Gen 9] National Dex\n|rated|\n|rule|HP Percentage Mod: HP is shown in percentages\n|rule|Endless Battle Clause: Forcing endless battles is banned\n|rule|OHKO Clause: OHKO moves are banned\n|rule|Evasion Clause: Evasion abilities, items, and moves are banned\n|rule|Evasion Abilities Clause: Evasion abilities are banned\n|rule|Evasion Items Clause: Evasion items are banned\n|rule|Evasion Moves Clause: Evasion moves are banned\n|rule|Species Clause: Limit one of each Pok\u00e9mon\n|rule|Sleep Clause Mod: Limit one foe put to sleep\n|clearpoke\n|poke|p1|Xurkitree|\n|poke|p2|Kommo-o, M|\n|poke|p2|Scizor, F|\n|poke|p2|Ogerpon-Wellspring, F|\n|poke|p2|Toxapex, M|\n|poke|p2|Tapu Lele|\n|poke|p2|Weavile, F|\n|teampreview\n|\n|t:|1700183221\n|start\n|switch|p1a: ZapZap|Xurkitree|100\/100\n|switch|p2a: Tom|Kommo-o, M, shiny|100\/100\n|turn|1\n|\n|t:|1700183230\n|-zpower|p1a: ZapZap\n|move|p1a: ZapZap|Z-Hypnosis|p2a: Tom|[anim]Hypnosis\n|-boost|p1a: ZapZap|spe|1|[zeffect]\n|-status|p2a: Tom|slp|[from] move: Hypnosis\n|cant|p2a: Tom|slp\n|\n|upkeep\n|turn|2\n|c|\u2606Ant_Kid-06|shiny?\n|\n|t:|1700183239\n|move|p1a: ZapZap|Tail Glow|p1a: ZapZap\n|-boost|p1a: ZapZap|spa|3\n|cant|p2a: Tom|slp\n|\n|upkeep\n|turn|3\n|\n|t:|1700183244\n|move|p1a: ZapZap|Thunderbolt|p2a: Tom\n|-resisted|p2a: Tom\n|-damage|p2a: Tom|25\/100 slp\n|cant|p2a: Tom|slp\n|\n|upkeep\n|turn|4\n|\n|t:|1700183251\n|move|p1a: ZapZap|Thunderbolt|p2a: Tom\n|-resisted|p2a: Tom\n|-damage|p2a: Tom|0 fnt\n|faint|p2a: Tom\n|-ability|p1a: ZapZap|Beast Boost|boost\n|-boost|p1a: ZapZap|spa|1\n|\n|upkeep\n|\n|t:|1700183261\n|switch|p2a: RattyRatRat|Weavile, F, shiny|100\/100\n|-ability|p2a: RattyRatRat|Pressure\n|turn|5\n|\n|t:|1700183265\n|move|p1a: ZapZap|Thunderbolt|p2a: RattyRatRat\n|-damage|p2a: RattyRatRat|0 fnt\n|faint|p2a: RattyRatRat\n|-ability|p1a: ZapZap|Beast Boost|boost\n|-boost|p1a: ZapZap|spa|1\n|\n|upkeep\n|\n|t:|1700183276\n|switch|p2a: Dreidle|Tapu Lele, shiny|100\/100\n|-fieldstart|move: Psychic Terrain|[from] ability: Psychic Surge|[of] p2a: Dreidle\n|turn|6\n|\n|t:|1700183282\n|-terastallize|p2a: Dreidle|Ghost\n|move|p1a: ZapZap|Thunderbolt|p2a: Dreidle\n|-damage|p2a: Dreidle|0 fnt\n|faint|p2a: Dreidle\n|-ability|p1a: ZapZap|Beast Boost|boost\n|-boost|p1a: ZapZap|spa|1\n|\n|upkeep\n|\n|t:|1700183288\n|switch|p2a: Basically A Cactus|Toxapex, M, shiny|100\/100\n|turn|7\n|\n|t:|1700183292\n|move|p1a: ZapZap|Thunderbolt|p2a: Basically A Cactus\n|-supereffective|p2a: Basically A Cactus\n|-damage|p2a: Basically A Cactus|0 fnt\n|faint|p2a: Basically A Cactus\n|\n|upkeep\n|\n|t:|1700183308\n|switch|p2a: GreenBean|Scizor, F, shiny|100\/100\n|turn|8\n|\n|t:|1700183313\n|detailschange|p2a: GreenBean|Scizor-Mega, F, shiny\n|-mega|p2a: GreenBean|Scizor|Scizorite\n|move|p2a: GreenBean|Bullet Punch|p1a: ZapZap\n|-activate|p1a: ZapZap|move: Psychic Terrain\n|move|p1a: ZapZap|Thunderbolt|p2a: GreenBean\n|-damage|p2a: GreenBean|0 fnt\n|faint|p2a: GreenBean\n|\n|upkeep\n|\n|t:|1700183357\n|switch|p2a: Duck?|Ogerpon-Wellspring, F|100\/100\n|turn|9\n|\n|t:|1700183365\n|move|p1a: ZapZap|Thunderbolt|p2a: Duck?\n|-damage|p2a: Duck?|0 fnt\n|faint|p2a: Duck?\n|\n|win|Ant_Kid-06\n|raw|Ant_Kid-06's rating: 1020 &rarr; <strong>1055<\/strong><br \/>(+35 for winning)\n|raw|MUSquirel's rating: 1000 &rarr; <strong>1000<\/strong><br \/>(+0 for losing)\n|c|\u2606MUSquirel|wtf\n","uploadtime":1700183389,"views":12,"p1id":"antkid06","p2id":"musquirel","formatid":"gen9nationaldex","rating":1000,"private":0,"password":""}