{"id":"gen9nationaldex-1994686899","p1":"Balazs1102","p2":"baigu2","format":"[Gen 9] National Dex","log":"|html|<div class=\"broadcast-blue\"><strong>[Gen 9] National Dex is currently suspecting Sneasler! For information on how to participate check out the <a href=\"https:\/\/www.smogon.com\/forums\/threads\/sv-national-dex-suspect-8-just-dance.3731534\/\">suspect thread<\/a>.<\/strong><\/div>\n|j|\u2606Balazs1102\n|j|\u2606baigu2\n|t:|1700481025\n|gametype|singles\n|player|p1|Balazs1102|jogger|1567\n|player|p2|baigu2|101|1834\n|teamsize|p1|6\n|teamsize|p2|6\n|gen|9\n|tier|[Gen 9] National Dex\n|rated|\n|rule|HP Percentage Mod: HP is shown in percentages\n|rule|Endless Battle Clause: Forcing endless battles is banned\n|rule|OHKO Clause: OHKO moves are banned\n|rule|Evasion Clause: Evasion abilities, items, and moves are banned\n|rule|Evasion Abilities Clause: Evasion abilities are banned\n|rule|Evasion Items Clause: Evasion items are banned\n|rule|Evasion Moves Clause: Evasion moves are banned\n|rule|Species Clause: Limit one of each Pok\u00e9mon\n|rule|Sleep Clause Mod: Limit one foe put to sleep\n|clearpoke\n|poke|p1|Galvantula, M|\n|poke|p1|Mawile, F|\n|poke|p1|Goodra-Hisui, M|\n|poke|p1|Articuno-Galar|\n|poke|p1|Tsareena, F|\n|poke|p1|Arcanine-Hisui, M|\n|poke|p2|Ursaluna, M|\n|poke|p2|Dragonite, M|\n|poke|p2|Slowking, M|\n|poke|p2|Tapu Koko|\n|poke|p2|Hoopa-Unbound|\n|poke|p2|Great Tusk|\n|teampreview\n|inactive|Battle timer is ON: inactive players will automatically lose when time's up. (requested by Balazs1102)\n|c|\u2606Balazs1102|gl\n|\n|t:|1700481038\n|start\n|switch|p1a: Charlotte|Tsareena, F|100\/100\n|switch|p2a: Tapu Koko|Tapu Koko|100\/100\n|-fieldstart|move: Electric Terrain|[from] ability: Electric Surge|[of] p2a: Tapu Koko\n|turn|1\n|c|\u2606baigu2|hf\n|\n|t:|1700481046\n|move|p2a: Tapu Koko|U-turn|p1a: Charlotte\n|-supereffective|p1a: Charlotte\n|-damage|p1a: Charlotte|71\/100\n|c|\u2606Balazs1102|much thank\n|\n|t:|1700481050\n|switch|p2a: Dragonite|Dragonite, M|100\/100|[from] U-turn\n|move|p1a: Charlotte|Power Whip|p2a: Dragonite\n|-resisted|p2a: Dragonite\n|-damage|p2a: Dragonite|93\/100\n|\n|upkeep\n|turn|2\n|\n|t:|1700481057\n|move|p2a: Dragonite|Dual Wingbeat|p1a: Charlotte\n|-supereffective|p1a: Charlotte\n|-damage|p1a: Charlotte|0 fnt\n|faint|p1a: Charlotte\n|-hitcount|p1: Charlotte|1\n|\n|upkeep\n|\n|t:|1700481062\n|switch|p1a: Smolder|Arcanine-Hisui, M|100\/100\n|turn|3\n|\n|t:|1700481066\n|switch|p2a: Great Tusk|Great Tusk|100\/100\n|move|p1a: Smolder|Head Smash|p2a: Great Tusk\n|-resisted|p2a: Great Tusk\n|-damage|p2a: Great Tusk|85\/100\n|\n|upkeep\n|turn|4\n|\n|t:|1700481072\n|switch|p1a: Sibyl|Articuno-Galar|100\/100\n|move|p2a: Great Tusk|Stealth Rock|p1a: Sibyl\n|-sidestart|p1: Balazs1102|move: Stealth Rock\n|\n|upkeep\n|turn|5\n|\n|t:|1700481079\n|-end|p2a: Great Tusk|Protosynthesis|[silent]\n|switch|p2a: Slowking|Slowking, M|100\/100\n|move|p1a: Sibyl|Hurricane|p2a: Slowking|[miss]\n|-miss|p1a: Sibyl|p2a: Slowking\n|\n|-fieldend|move: Electric Terrain\n|upkeep\n|turn|6\n|\n|t:|1700481084\n|move|p1a: Sibyl|Hurricane|p2a: Slowking\n|-damage|p2a: Slowking|54\/100\n|move|p2a: Slowking|Trick Room|p2a: Slowking\n|-fieldstart|move: Trick Room|[of] p2a: Slowking\n|\n|upkeep\n|turn|7\n|\n|t:|1700481088\n|move|p1a: Sibyl|Hurricane|p2a: Slowking|[miss]\n|-miss|p1a: Sibyl|p2a: Slowking\n|move|p2a: Slowking|Teleport|p2a: Slowking\n|\n|t:|1700481091\n|switch|p2a: Ursaluna|Ursaluna, M|100\/100|[from] Teleport\n|\n|-status|p2a: Ursaluna|brn|[from] item: Flame Orb\n|upkeep\n|turn|8\n|\n|t:|1700481114\n|switch|p1a: Azure|Goodra-Hisui, M|100\/100\n|-damage|p1a: Azure|94\/100|[from] Stealth Rock\n|-terastallize|p2a: Ursaluna|Normal\n|move|p2a: Ursaluna|Facade|p1a: Azure\n|-resisted|p1a: Azure\n|-damage|p1a: Azure|21\/100\n|-ability|p1a: Azure|Gooey\n|-unboost|p2a: Ursaluna|spe|1\n|\n|-heal|p1a: Azure|27\/100|[from] item: Leftovers\n|-damage|p2a: Ursaluna|94\/100 brn|[from] brn\n|upkeep\n|turn|9\n|\n|t:|1700481127\n|move|p2a: Ursaluna|Facade|p1a: Azure\n|-resisted|p1a: Azure\n|-damage|p1a: Azure|0 fnt\n|-ability|p1a: Azure|Gooey\n|-unboost|p2a: Ursaluna|spe|1\n|faint|p1a: Azure\n|\n|-damage|p2a: Ursaluna|88\/100 brn|[from] brn\n|upkeep\n|\n|t:|1700481136\n|switch|p1a: Galvan|Galvantula, M|100\/100\n|-damage|p1a: Galvan|76\/100|[from] Stealth Rock\n|turn|10\n|\n|t:|1700481140\n|move|p2a: Ursaluna|Facade|p1a: Galvan\n|-damage|p1a: Galvan|0 fnt\n|faint|p1a: Galvan\n|\n|-damage|p2a: Ursaluna|82\/100 brn|[from] brn\n|-fieldend|move: Trick Room\n|upkeep\n|\n|t:|1700481144\n|switch|p1a: Alactria|Mawile, F|100\/100\n|-damage|p1a: Alactria|95\/100|[from] Stealth Rock\n|-ability|p1a: Alactria|Intimidate|boost\n|-unboost|p2a: Ursaluna|atk|1\n|turn|11\n|\n|t:|1700481149\n|detailschange|p1a: Alactria|Mawile-Mega, F\n|-mega|p1a: Alactria|Mawile|Mawilite\n|move|p1a: Alactria|Brick Break|p2a: Ursaluna\n|-supereffective|p2a: Ursaluna\n|-damage|p2a: Ursaluna|9\/100 brn\n|move|p2a: Ursaluna|Headlong Rush|p1a: Alactria\n|-supereffective|p1a: Alactria\n|-damage|p1a: Alactria|0 fnt\n|-unboost|p2a: Ursaluna|def|1\n|-unboost|p2a: Ursaluna|spd|1\n|faint|p1a: Alactria\n|\n|-damage|p2a: Ursaluna|3\/100 brn|[from] brn\n|upkeep\n|\n|t:|1700481161\n|switch|p1a: Smolder|Arcanine-Hisui, M|100\/100\n|-damage|p1a: Smolder|76\/100|[from] Stealth Rock\n|turn|12\n|\n|t:|1700481170\n|move|p1a: Smolder|Flare Blitz|p2a: Ursaluna\n|-damage|p2a: Ursaluna|0 fnt\n|faint|p2a: Ursaluna\n|\n|upkeep\n|c|\u2606Balazs1102|wp\n|\n|t:|1700481176\n|switch|p2a: Tapu Koko|Tapu Koko|100\/100\n|-fieldstart|move: Electric Terrain|[from] ability: Electric Surge|[of] p2a: Tapu Koko\n|turn|13\n|\n|t:|1700481180\n|move|p2a: Tapu Koko|Thunderbolt|p1a: Smolder\n|-damage|p1a: Smolder|0 fnt\n|faint|p1a: Smolder\n|\n|upkeep\n|\n|t:|1700481183\n|switch|p1a: Sibyl|Articuno-Galar|100\/100\n|-damage|p1a: Sibyl|76\/100|[from] Stealth Rock\n|turn|14\n|c|\u2606baigu2|gg\n|\n|t:|1700481191\n|-terastallize|p1a: Sibyl|Psychic\n|move|p2a: Tapu Koko|Thunderbolt|p1a: Sibyl\n|-damage|p1a: Sibyl|1\/100\n|move|p1a: Sibyl|Hurricane|p2a: Tapu Koko\n|-resisted|p2a: Tapu Koko\n|-damage|p2a: Tapu Koko|37\/100\n|\n|upkeep\n|turn|15\n|\n|t:|1700481198\n|move|p2a: Tapu Koko|Thunderbolt|p1a: Sibyl\n|-damage|p1a: Sibyl|0 fnt\n|faint|p1a: Sibyl\n|\n|win|baigu2\n|raw|Balazs1102's rating: 1567 &rarr; <strong>1560<\/strong><br \/>(-7 for losing)\n|raw|baigu2's rating: 1834 &rarr; <strong>1841<\/strong><br \/>(+7 for winning)\n","uploadtime":1700481203,"views":1,"p1id":"balazs1102","p2id":"baigu2","formatid":"gen9nationaldex","rating":1560,"private":0,"password":""}