{"id":"gen9nationaldex-1996276644","p1":"bpradaaa","p2":"SrPorquet","format":"[Gen 9] National Dex","log":"|html|<div class=\"broadcast-blue\"><strong>[Gen 9] National Dex is currently suspecting Sneasler! For information on how to participate check out the <a href=\"https:\/\/www.smogon.com\/forums\/threads\/sv-national-dex-suspect-8-just-dance.3731534\/\">suspect thread<\/a>.<\/strong><\/div>\n|j|\u2606bpradaaa\n|j|\u203dSrPorquet\n|t:|1700666666\n|gametype|singles\n|player|p1|bpradaaa|roxie|1224\n|player|p2|SrPorquet|falkner|1285\n|teamsize|p1|6\n|teamsize|p2|6\n|gen|9\n|tier|[Gen 9] National Dex\n|rated|\n|rule|HP Percentage Mod: HP is shown in percentages\n|rule|Endless Battle Clause: Forcing endless battles is banned\n|rule|OHKO Clause: OHKO moves are banned\n|rule|Evasion Clause: Evasion abilities, items, and moves are banned\n|rule|Evasion Abilities Clause: Evasion abilities are banned\n|rule|Evasion Items Clause: Evasion items are banned\n|rule|Evasion Moves Clause: Evasion moves are banned\n|rule|Species Clause: Limit one of each Pok\u00e9mon\n|rule|Sleep Clause Mod: Limit one foe put to sleep\n|clearpoke\n|poke|p1|Ferrothorn, M|\n|poke|p1|Garganacl, M|\n|poke|p1|Xurkitree|\n|poke|p1|Porygon-Z|\n|poke|p1|Alakazam, M|\n|poke|p1|Crobat, F|\n|poke|p2|Pidgeot, M|\n|poke|p2|Magmortar, M|\n|poke|p2|Raichu, F|\n|poke|p2|Clefable, M|\n|poke|p2|Vileplume, M|\n|poke|p2|Politoed, M|\n|teampreview\n|inactive|Battle timer is ON: inactive players will automatically lose when time's up. (requested by bpradaaa)\n|\n|t:|1700666674\n|start\n|switch|p1a: Alakazam|Alakazam, M|100\/100\n|switch|p2a: Clefable|Clefable, M|100\/100\n|turn|1\n|\n|t:|1700666682\n|move|p1a: Alakazam|Nasty Plot|p1a: Alakazam\n|-boost|p1a: Alakazam|spa|2\n|move|p2a: Clefable|Moonblast|p1a: Alakazam\n|-damage|p1a: Alakazam|31\/100\n|-unboost|p1a: Alakazam|spa|1\n|\n|upkeep\n|turn|2\n|\n|t:|1700666689\n|move|p1a: Alakazam|Psychic|p2a: Clefable\n|-damage|p2a: Clefable|34\/100\n|move|p2a: Clefable|Moonblast|p1a: Alakazam\n|-damage|p1a: Alakazam|0 fnt\n|faint|p1a: Alakazam\n|\n|upkeep\n|\n|t:|1700666692\n|switch|p1a: Crobat|Crobat, F|100\/100\n|turn|3\n|\n|t:|1700666698\n|switch|p2a: Politoed|Politoed, M|100\/100\n|move|p1a: Crobat|Tailwind|p1a: Crobat\n|-sidestart|p1: bpradaaa|move: Tailwind\n|\n|upkeep\n|turn|4\n|\n|t:|1700666703\n|move|p1a: Crobat|U-turn|p2a: Politoed\n|-damage|p2a: Politoed|81\/100\n|\n|t:|1700666707\n|switch|p1a: Ferrothorn|Ferrothorn, M|100\/100|[from] U-turn\n|move|p2a: Politoed|Ice Beam|p1a: Ferrothorn\n|-damage|p1a: Ferrothorn|79\/100\n|-status|p1a: Ferrothorn|frz\n|\n|-heal|p2a: Politoed|87\/100|[from] item: Leftovers\n|-heal|p1a: Ferrothorn|85\/100 frz|[from] item: Leftovers\n|upkeep\n|turn|5\n|\n|t:|1700666713\n|switch|p2a: Clefable|Clefable, M|34\/100\n|cant|p1a: Ferrothorn|frz\n|\n|-heal|p1a: Ferrothorn|91\/100 frz|[from] item: Leftovers\n|upkeep\n|turn|6\n|\n|t:|1700666715\n|switch|p1a: Porygon-Z|Porygon-Z|100\/100\n|move|p2a: Clefable|Soft-Boiled|p2a: Clefable\n|-heal|p2a: Clefable|85\/100\n|\n|-sideend|p1: bpradaaa|move: Tailwind\n|upkeep\n|turn|7\n|\n|t:|1700666724\n|move|p1a: Porygon-Z|Trick|p2a: Clefable\n|-activate|p1a: Porygon-Z|move: Trick|[of] p2a: Clefable\n|-item|p2a: Clefable|Choice Scarf|[from] move: Trick\n|-item|p1a: Porygon-Z|Life Orb|[from] move: Trick\n|move|p2a: Clefable|Moonblast|p1a: Porygon-Z\n|-damage|p1a: Porygon-Z|48\/100\n|-unboost|p1a: Porygon-Z|spa|1\n|\n|upkeep\n|turn|8\n|\n|t:|1700666739\n|switch|p1a: Ferrothorn|Ferrothorn, M|91\/100 frz\n|switch|p2a: Magmortar|Magmortar, M|100\/100\n|\n|-heal|p1a: Ferrothorn|97\/100 frz|[from] item: Leftovers\n|upkeep\n|turn|9\n|\n|t:|1700666747\n|-terastallize|p1a: Ferrothorn|Water\n|move|p2a: Magmortar|Flamethrower|p1a: Ferrothorn\n|-resisted|p1a: Ferrothorn\n|-damage|p1a: Ferrothorn|79\/100 frz\n|-curestatus|p1a: Ferrothorn|frz|[msg]\n|move|p1a: Ferrothorn|Thunder Wave|p2a: Magmortar|[miss]\n|-miss|p1a: Ferrothorn|p2a: Magmortar\n|\n|-heal|p1a: Ferrothorn|85\/100|[from] item: Leftovers\n|upkeep\n|turn|10\n|\n|t:|1700666759\n|switch|p1a: Crobat|Crobat, F|100\/100\n|move|p2a: Magmortar|Thunderbolt|p1a: Crobat\n|-supereffective|p1a: Crobat\n|-damage|p1a: Crobat|21\/100\n|-status|p1a: Crobat|par\n|\n|-heal|p1a: Crobat|28\/100 par|[from] item: Black Sludge\n|upkeep\n|turn|11\n|\n|t:|1700666765\n|move|p2a: Magmortar|Thunderbolt|p1a: Crobat\n|-supereffective|p1a: Crobat\n|-damage|p1a: Crobat|0 fnt\n|faint|p1a: Crobat\n|\n|upkeep\n|\n|t:|1700666767\n|switch|p1a: Xurkitree|Xurkitree|100\/100\n|turn|12\n|\n|t:|1700666771\n|move|p1a: Xurkitree|Thunderbolt|p2a: Magmortar\n|-damage|p2a: Magmortar|25\/100\n|-status|p2a: Magmortar|par\n|-enditem|p2a: Magmortar|Aguav Berry|[eat]\n|-heal|p2a: Magmortar|58\/100 par|[from] item: Aguav Berry\n|move|p2a: Magmortar|Scorching Sands|p1a: Xurkitree\n|-supereffective|p1a: Xurkitree\n|-damage|p1a: Xurkitree|30\/100\n|\n|upkeep\n|turn|13\n|\n|t:|1700666778\n|switch|p2a: Raichu|Raichu, F|100\/100\n|move|p1a: Xurkitree|Thunderbolt|p2a: Raichu\n|-ability|p2a: Raichu|Lightning Rod|boost\n|-boost|p2a: Raichu|spa|1\n|\n|upkeep\n|turn|14\n|\n|t:|1700666786\n|switch|p1a: Garganacl|Garganacl, M|100\/100\n|move|p2a: Raichu|Extreme Speed|p1a: Garganacl\n|-resisted|p1a: Garganacl\n|-damage|p1a: Garganacl|92\/100\n|-damage|p2a: Raichu|84\/100|[from] item: Rocky Helmet|[of] p1a: Garganacl\n|-damage|p2a: Raichu|74\/100|[from] item: Life Orb\n|\n|upkeep\n|turn|15\n|\n|t:|1700666791\n|switch|p2a: Clefable|Clefable, M|85\/100\n|move|p1a: Garganacl|Salt Cure|p2a: Clefable\n|-damage|p2a: Clefable|73\/100\n|-start|p2a: Clefable|Salt Cure\n|\n|upkeep\n|turn|16\n|\n|t:|1700666795\n|move|p2a: Clefable|Calm Mind|p2a: Clefable\n|-boost|p2a: Clefable|spa|1\n|-boost|p2a: Clefable|spd|1\n|move|p1a: Garganacl|Iron Defense|p1a: Garganacl\n|-boost|p1a: Garganacl|def|2\n|\n|upkeep\n|turn|17\n|\n|t:|1700666801\n|switch|p2a: Vileplume|Vileplume, M|100\/100\n|move|p1a: Garganacl|Body Press|p2a: Vileplume\n|-resisted|p2a: Vileplume\n|-damage|p2a: Vileplume|78\/100\n|\n|-heal|p2a: Vileplume|84\/100|[from] item: Leftovers\n|upkeep\n|turn|18\n|\n|t:|1700666803\n|move|p2a: Vileplume|Giga Drain|p1a: Garganacl\n|-supereffective|p1a: Garganacl\n|-damage|p1a: Garganacl|47\/100\n|-heal|p2a: Vileplume|100\/100|[from] drain|[of] p1a: Garganacl\n|move|p1a: Garganacl|Salt Cure|p2a: Vileplume\n|-damage|p2a: Vileplume|86\/100\n|-start|p2a: Vileplume|Salt Cure\n|\n|-heal|p2a: Vileplume|92\/100|[from] item: Leftovers\n|-damage|p2a: Vileplume|79\/100|[from] Salt Cure\n|upkeep\n|turn|19\n|\n|t:|1700666806\n|switch|p1a: Ferrothorn|Ferrothorn, M, tera:Water|85\/100\n|move|p2a: Vileplume|Giga Drain|p1a: Ferrothorn\n|-supereffective|p1a: Ferrothorn\n|-damage|p1a: Ferrothorn|31\/100\n|-heal|p2a: Vileplume|100\/100|[from] drain|[of] p1a: Ferrothorn\n|\n|-heal|p1a: Ferrothorn|38\/100|[from] item: Leftovers\n|-damage|p2a: Vileplume|88\/100|[from] Salt Cure\n|upkeep\n|turn|20\n|\n|t:|1700666809\n|move|p1a: Ferrothorn|Protect|p1a: Ferrothorn\n|-singleturn|p1a: Ferrothorn|Protect\n|move|p2a: Vileplume|Giga Drain|p1a: Ferrothorn\n|-activate|p1a: Ferrothorn|move: Protect\n|\n|-heal|p2a: Vileplume|94\/100|[from] item: Leftovers\n|-heal|p1a: Ferrothorn|44\/100|[from] item: Leftovers\n|-damage|p2a: Vileplume|82\/100|[from] Salt Cure\n|upkeep\n|turn|21\n|\n|t:|1700666815\n|move|p2a: Vileplume|Giga Drain|p1a: Ferrothorn\n|-supereffective|p1a: Ferrothorn\n|-damage|p1a: Ferrothorn|0 fnt\n|-heal|p2a: Vileplume|100\/100|[from] drain|[of] p1a: Ferrothorn\n|faint|p1a: Ferrothorn\n|\n|-damage|p2a: Vileplume|88\/100|[from] Salt Cure\n|upkeep\n|\n|t:|1700666817\n|switch|p1a: Porygon-Z|Porygon-Z|48\/100\n|turn|22\n|\n|t:|1700666821\n|move|p1a: Porygon-Z|Tri Attack|p2a: Vileplume\n|-damage|p2a: Vileplume|13\/100\n|-damage|p1a: Porygon-Z|38\/100|[from] item: Life Orb\n|move|p2a: Vileplume|Sludge Bomb|p1a: Porygon-Z\n|-crit|p1a: Porygon-Z\n|-damage|p1a: Porygon-Z|0 fnt\n|faint|p1a: Porygon-Z\n|\n|-heal|p2a: Vileplume|19\/100|[from] item: Leftovers\n|-damage|p2a: Vileplume|6\/100|[from] Salt Cure\n|upkeep\n|\n|t:|1700666824\n|switch|p1a: Garganacl|Garganacl, M|47\/100\n|turn|23\n|\n|t:|1700666827\n|move|p2a: Vileplume|Giga Drain|p1a: Garganacl\n|-supereffective|p1a: Garganacl\n|-crit|p1a: Garganacl\n|-damage|p1a: Garganacl|0 fnt\n|-heal|p2a: Vileplume|35\/100|[from] drain|[of] p1a: Garganacl\n|faint|p1a: Garganacl\n|\n|-heal|p2a: Vileplume|41\/100|[from] item: Leftovers\n|-damage|p2a: Vileplume|29\/100|[from] Salt Cure\n|upkeep\n|\n|t:|1700666829\n|switch|p1a: Xurkitree|Xurkitree|30\/100\n|turn|24\n|-message|bpradaaa forfeited.\n|\n|win|SrPorquet\n|raw|bpradaaa's rating: 1224 &rarr; <strong>1202<\/strong><br \/>(-22 for losing)\n|raw|SrPorquet's rating: 1264 &rarr; <strong>1286<\/strong><br \/>(+22 for winning)\n|l|\u2606bpradaaa\n","uploadtime":1700666835,"views":1,"p1id":"bpradaaa","p2id":"srporquet","formatid":"gen9nationaldex","rating":1202,"private":0,"password":""}