{"id":"gen9nationaldex-1990611467","p1":"scp096isgay","p2":"LukeJW05","format":"[Gen 9] National Dex","log":"|j|\u2606scp096isgay\n|j|\u2606LukeJW05\n|t:|1699985614\n|gametype|singles\n|player|p1|scp096isgay|266|1000\n|player|p2|LukeJW05|lucas-gen4pt|1008\n|teamsize|p1|6\n|teamsize|p2|6\n|gen|9\n|tier|[Gen 9] National Dex\n|rated|\n|rule|HP Percentage Mod: HP is shown in percentages\n|rule|Endless Battle Clause: Forcing endless battles is banned\n|rule|OHKO Clause: OHKO moves are banned\n|rule|Evasion Clause: Evasion abilities, items, and moves are banned\n|rule|Evasion Abilities Clause: Evasion abilities are banned\n|rule|Evasion Items Clause: Evasion items are banned\n|rule|Evasion Moves Clause: Evasion moves are banned\n|rule|Species Clause: Limit one of each Pok\u00e9mon\n|rule|Sleep Clause Mod: Limit one foe put to sleep\n|clearpoke\n|poke|p1|Ambipom, F|\n|poke|p1|Blaziken, M|\n|poke|p1|Rhydon, F|\n|poke|p1|Iron Treads|\n|poke|p1|Gyarados, F|\n|poke|p1|Dragonite, F|\n|poke|p2|Swampert, M|\n|poke|p2|Krookodile, M|\n|poke|p2|Chandelure, M|\n|poke|p2|Orbeetle, M|\n|poke|p2|Lucario, M|\n|poke|p2|Arboliva, M|\n|teampreview\n|\n|t:|1699985621\n|start\n|switch|p1a: Gyarados|Gyarados, F|100\/100\n|switch|p2a: Orbeetle|Orbeetle, M|100\/100\n|-ability|p1a: Gyarados|Intimidate|boost\n|-unboost|p2a: Orbeetle|atk|1\n|turn|1\n|inactive|Battle timer is ON: inactive players will automatically lose when time's up. (requested by LukeJW05)\n|\n|t:|1699985626\n|detailschange|p1a: Gyarados|Gyarados-Mega, F\n|-mega|p1a: Gyarados|Gyarados|Gyaradosite\n|-ability|p1a: Gyarados|Mold Breaker\n|move|p2a: Orbeetle|Sticky Web|p1a: Gyarados\n|-sidestart|p1: scp096isgay|move: Sticky Web\n|move|p1a: Gyarados|Dragon Dance|p1a: Gyarados\n|-boost|p1a: Gyarados|atk|1\n|-boost|p1a: Gyarados|spe|1\n|\n|upkeep\n|turn|2\n|\n|t:|1699985634\n|move|p1a: Gyarados|Dragon Dance|p1a: Gyarados\n|-boost|p1a: Gyarados|atk|1\n|-boost|p1a: Gyarados|spe|1\n|move|p2a: Orbeetle|Bug Buzz|p1a: Gyarados\n|-supereffective|p1a: Gyarados\n|-damage|p1a: Gyarados|46\/100\n|\n|upkeep\n|turn|3\n|\n|t:|1699985639\n|move|p1a: Gyarados|Crunch|p2a: Orbeetle\n|-supereffective|p2a: Orbeetle\n|-enditem|p2a: Orbeetle|Focus Sash\n|-damage|p2a: Orbeetle|1\/100\n|move|p2a: Orbeetle|Bug Buzz|p1a: Gyarados\n|-supereffective|p1a: Gyarados\n|-damage|p1a: Gyarados|0 fnt\n|faint|p1a: Gyarados\n|\n|upkeep\n|\n|t:|1699985644\n|switch|p1a: Blaziken|Blaziken, M|100\/100\n|-activate|p1a: Blaziken|move: Sticky Web\n|-unboost|p1a: Blaziken|spe|1\n|turn|4\n|\n|t:|1699985648\n|move|p1a: Blaziken|Protect|p1a: Blaziken\n|-singleturn|p1a: Blaziken|Protect\n|move|p2a: Orbeetle|Psychic|p1a: Blaziken\n|-activate|p1a: Blaziken|move: Protect\n|\n|-ability|p1a: Blaziken|Speed Boost|boost\n|-boost|p1a: Blaziken|spe|1\n|upkeep\n|turn|5\n|\n|t:|1699985659\n|move|p2a: Orbeetle|Psychic|p1a: Blaziken\n|-supereffective|p1a: Blaziken\n|-damage|p1a: Blaziken|4\/100\n|move|p1a: Blaziken|Blaze Kick|p2a: Orbeetle\n|-supereffective|p2a: Orbeetle\n|-damage|p2a: Orbeetle|0 fnt\n|faint|p2a: Orbeetle\n|\n|-ability|p1a: Blaziken|Speed Boost|boost\n|-boost|p1a: Blaziken|spe|1\n|upkeep\n|\n|t:|1699985662\n|switch|p2a: Lucario|Lucario, M|100\/100\n|turn|6\n|\n|t:|1699985672\n|switch|p1a: Dragonite|Dragonite, F|100\/100\n|move|p2a: Lucario|Bullet Punch|p1a: Dragonite\n|-damage|p1a: Dragonite|92\/100\n|\n|upkeep\n|turn|7\n|\n|t:|1699985679\n|move|p2a: Lucario|Stone Edge|p1a: Dragonite\n|-supereffective|p1a: Dragonite\n|-damage|p1a: Dragonite|36\/100\n|move|p1a: Dragonite|Earthquake|p2a: Lucario\n|-supereffective|p2a: Lucario\n|-enditem|p2a: Lucario|Focus Sash\n|-damage|p2a: Lucario|1\/100\n|\n|upkeep\n|turn|8\n|\n|t:|1699985686\n|move|p1a: Dragonite|Extreme Speed|p2a: Lucario\n|-resisted|p2a: Lucario\n|-damage|p2a: Lucario|0 fnt\n|faint|p2a: Lucario\n|\n|upkeep\n|\n|t:|1699985693\n|switch|p2a: Arboliva|Arboliva, M|100\/100\n|turn|9\n|\n|t:|1699985698\n|move|p1a: Dragonite|Dual Wingbeat|p2a: Arboliva\n|-supereffective|p2a: Arboliva\n|-damage|p2a: Arboliva|55\/100\n|-fieldstart|move: Grassy Terrain|[from] ability: Seed Sower|[of] p2a: Arboliva\n|-supereffective|p2a: Arboliva\n|-damage|p2a: Arboliva|6\/100\n|-hitcount|p2a: Arboliva|2\n|move|p2a: Arboliva|Dazzling Gleam|p1a: Dragonite\n|-supereffective|p1a: Dragonite\n|-damage|p1a: Dragonite|4\/100\n|\n|-heal|p2a: Arboliva|12\/100|[from] Grassy Terrain\n|-heal|p2a: Arboliva|18\/100|[from] item: Leftovers\n|upkeep\n|turn|10\n|\n|t:|1699985708\n|move|p1a: Dragonite|Extreme Speed|p2a: Arboliva\n|-damage|p2a: Arboliva|0 fnt\n|faint|p2a: Arboliva\n|\n|upkeep\n|\n|t:|1699985716\n|switch|p2a: Chandelure|Chandelure, M|100\/100\n|turn|11\n|\n|t:|1699985721\n|move|p2a: Chandelure|Shadow Ball|p1a: Dragonite\n|-damage|p1a: Dragonite|0 fnt\n|faint|p1a: Dragonite\n|\n|upkeep\n|\n|t:|1699985727\n|switch|p1a: Iron Treads|Iron Treads|100\/100\n|-activate|p1a: Iron Treads|move: Sticky Web\n|-unboost|p1a: Iron Treads|spe|1\n|-enditem|p1a: Iron Treads|Booster Energy\n|-activate|p1a: Iron Treads|ability: Quark Drive|[fromitem]\n|-start|p1a: Iron Treads|quarkdriveatk\n|turn|12\n|\n|t:|1699985733\n|switch|p2a: Swampert|Swampert, M|100\/100\n|move|p1a: Iron Treads|Earthquake|p2a: Swampert\n|-damage|p2a: Swampert|66\/100\n|\n|-heal|p2a: Swampert|72\/100|[from] Grassy Terrain\n|upkeep\n|turn|13\n|\n|t:|1699985741\n|detailschange|p2a: Swampert|Swampert-Mega, M\n|-mega|p2a: Swampert|Swampert|Swampertite\n|move|p2a: Swampert|Rain Dance|p2a: Swampert\n|-weather|RainDance\n|move|p1a: Iron Treads|Rapid Spin|p2a: Swampert\n|-damage|p2a: Swampert|54\/100\n|-boost|p1a: Iron Treads|spe|1\n|-sideend|p1: scp096isgay|Sticky Web|[from] move: Rapid Spin|[of] p1a: Iron Treads\n|\n|-weather|RainDance|[upkeep]\n|-heal|p2a: Swampert|60\/100|[from] Grassy Terrain\n|-fieldend|move: Grassy Terrain\n|upkeep\n|turn|14\n|\n|t:|1699985754\n|move|p2a: Swampert|Aqua Tail|p1a: Iron Treads\n|-supereffective|p1a: Iron Treads\n|-crit|p1a: Iron Treads\n|-damage|p1a: Iron Treads|0 fnt\n|faint|p1a: Iron Treads\n|-end|p1a: Iron Treads|Quark Drive|[silent]\n|\n|-weather|RainDance|[upkeep]\n|upkeep\n|\n|t:|1699985760\n|switch|p1a: Ambipom|Ambipom, F|100\/100\n|turn|15\n|\n|t:|1699985765\n|move|p1a: Ambipom|Fake Out|p2a: Swampert\n|-damage|p2a: Swampert|30\/100\n|-damage|p1a: Ambipom|91\/100|[from] item: Life Orb\n|cant|p2a: Swampert|flinch\n|\n|-weather|RainDance|[upkeep]\n|upkeep\n|turn|16\n|\n|t:|1699985771\n|move|p2a: Swampert|Aqua Tail|p1a: Ambipom\n|-damage|p1a: Ambipom|0 fnt\n|faint|p1a: Ambipom\n|\n|-weather|RainDance|[upkeep]\n|upkeep\n|\n|t:|1699985775\n|switch|p1a: Rhydon|Rhydon, F|100\/100\n|turn|17\n|\n|t:|1699985781\n|-terastallize|p1a: Rhydon|Bug\n|move|p2a: Swampert|Aqua Tail|p1a: Rhydon\n|-damage|p1a: Rhydon|65\/100\n|move|p1a: Rhydon|Earthquake|p2a: Swampert\n|-damage|p2a: Swampert|0 fnt\n|faint|p2a: Swampert\n|\n|-weather|none\n|upkeep\n|\n|t:|1699985788\n|switch|p2a: Chandelure|Chandelure, M|100\/100\n|turn|18\n|\n|t:|1699985796\n|move|p2a: Chandelure|Flamethrower|p1a: Rhydon\n|-supereffective|p1a: Rhydon\n|-damage|p1a: Rhydon|0 fnt\n|faint|p1a: Rhydon\n|\n|upkeep\n|\n|t:|1699985799\n|switch|p1a: Blaziken|Blaziken, M|4\/100\n|turn|19\n|\n|t:|1699985803\n|move|p1a: Blaziken|Protect|p1a: Blaziken\n|-singleturn|p1a: Blaziken|Protect\n|move|p2a: Chandelure|Shadow Ball|p1a: Blaziken\n|-activate|p1a: Blaziken|move: Protect\n|\n|-ability|p1a: Blaziken|Speed Boost|boost\n|-boost|p1a: Blaziken|spe|1\n|upkeep\n|turn|20\n|\n|t:|1699985814\n|move|p1a: Blaziken|Blaze Kick|p2a: Chandelure|[miss]\n|-miss|p1a: Blaziken|p2a: Chandelure\n|move|p2a: Chandelure|Shadow Ball|p1a: Blaziken\n|-damage|p1a: Blaziken|0 fnt\n|faint|p1a: Blaziken\n|\n|win|LukeJW05\n|raw|scp096isgay's rating: 1000 &rarr; <strong>1000<\/strong><br \/>(+0 for losing)\n|raw|LukeJW05's rating: 1008 &rarr; <strong>1046<\/strong><br \/>(+38 for winning)\n|l|\u2606scp096isgay\n","uploadtime":1699985822,"views":4,"p1id":"scp096isgay","p2id":"lukejw05","formatid":"gen9nationaldex","rating":1000,"private":0,"password":""}