{"id":"gen9nationaldex-1988636257","p1":"Abrar83","p2":"Nakuy","format":"[Gen 9] National Dex","log":"|j|\u2606Abrar83\n|j|\u2606Nakuy\n|t:|1699744629\n|gametype|singles\n|player|p1|Abrar83|nobunaga-conquest|\n|player|p2|Nakuy|byron|\n|teamsize|p1|6\n|teamsize|p2|6\n|gen|9\n|tier|[Gen 9] National Dex\n|rule|HP Percentage Mod: HP is shown in percentages\n|rule|Endless Battle Clause: Forcing endless battles is banned\n|rule|OHKO Clause: OHKO moves are banned\n|rule|Evasion Clause: Evasion abilities, items, and moves are banned\n|rule|Evasion Abilities Clause: Evasion abilities are banned\n|rule|Evasion Items Clause: Evasion items are banned\n|rule|Evasion Moves Clause: Evasion moves are banned\n|rule|Species Clause: Limit one of each Pok\u00e9mon\n|rule|Sleep Clause Mod: Limit one foe put to sleep\n|clearpoke\n|poke|p1|Great Tusk|\n|poke|p1|Arcanine-Hisui, M|\n|poke|p1|Dragonite, M|\n|poke|p1|Gardevoir, M|\n|poke|p1|Zapdos|\n|poke|p1|Bisharp, F|\n|poke|p2|Pelipper, F|\n|poke|p2|Zapdos|\n|poke|p2|Urshifu-*, M|\n|poke|p2|Swampert, M|\n|poke|p2|Ferrothorn, F|\n|poke|p2|Jirachi|\n|teampreview\n|\n|t:|1699744639\n|start\n|switch|p1a: Lightning|Zapdos|100\/100\n|switch|p2a: Pelipper|Pelipper, F|100\/100\n|-weather|RainDance|[from] ability: Drizzle|[of] p2a: Pelipper\n|turn|1\n|\n|t:|1699744690\n|switch|p2a: Ferrothorn|Ferrothorn, F|100\/100\n|-zpower|p1a: Lightning\n|move|p1a: Lightning|Supersonic Skystrike|p2a: Ferrothorn|[zeffect]\n|-damage|p2a: Ferrothorn|16\/100\n|\n|-weather|RainDance|[upkeep]\n|upkeep\n|turn|2\n|\n|t:|1699744713\n|move|p1a: Lightning|Hurricane|p2a: Ferrothorn\n|-damage|p2a: Ferrothorn|0 fnt\n|faint|p2a: Ferrothorn\n|\n|-weather|RainDance|[upkeep]\n|upkeep\n|\n|t:|1699744716\n|switch|p2a: Swampert|Swampert, M|100\/100\n|turn|3\n|\n|t:|1699744725\n|detailschange|p2a: Swampert|Swampert-Mega, M\n|-mega|p2a: Swampert|Swampert|Swampertite\n|move|p2a: Swampert|Liquidation|p1a: Lightning\n|-damage|p1a: Lightning|16\/100\n|-status|p2a: Swampert|par|[from] ability: Static|[of] p1a: Lightning\n|move|p1a: Lightning|Hurricane|p2a: Swampert\n|-damage|p2a: Swampert|56\/100 par\n|\n|-weather|RainDance|[upkeep]\n|upkeep\n|turn|4\n|\n|t:|1699744740\n|move|p1a: Lightning|Hurricane|p2a: Swampert\n|-damage|p2a: Swampert|5\/100 par\n|move|p2a: Swampert|Liquidation|p1a: Lightning\n|-damage|p1a: Lightning|0 fnt\n|faint|p1a: Lightning\n|\n|-weather|RainDance|[upkeep]\n|upkeep\n|\n|t:|1699744746\n|switch|p1a: Lina|Gardevoir, M|100\/100\n|-ability|p1a: Lina|Swift Swim|[from] ability: Trace|[of] p2a: Swampert\n|turn|5\n|\n|t:|1699744811\n|switch|p2a: Jirachi|Jirachi|100\/100\n|move|p1a: Lina|Psychic|p2a: Jirachi\n|-resisted|p2a: Jirachi\n|-crit|p2a: Jirachi\n|-damage|p2a: Jirachi|91\/100\n|\n|-weather|RainDance|[upkeep]\n|-heal|p2a: Jirachi|97\/100|[from] item: Leftovers\n|upkeep\n|turn|6\n|\n|t:|1699744826\n|switch|p1a: Kahuna|Great Tusk|100\/100\n|-enditem|p1a: Kahuna|Booster Energy\n|-activate|p1a: Kahuna|ability: Protosynthesis|[fromitem]\n|-start|p1a: Kahuna|protosynthesisatk\n|move|p2a: Jirachi|Cosmic Power|p2a: Jirachi\n|-boost|p2a: Jirachi|def|1\n|-boost|p2a: Jirachi|spd|1\n|\n|-weather|RainDance|[upkeep]\n|-heal|p2a: Jirachi|100\/100|[from] item: Leftovers\n|upkeep\n|turn|7\n|\n|t:|1699744865\n|move|p1a: Kahuna|Bulk Up|p1a: Kahuna\n|-boost|p1a: Kahuna|atk|1\n|-boost|p1a: Kahuna|def|1\n|move|p2a: Jirachi|Psychic|p1a: Kahuna\n|-supereffective|p1a: Kahuna\n|-damage|p1a: Kahuna|11\/100\n|\n|-weather|RainDance|[upkeep]\n|upkeep\n|turn|8\n|\n|t:|1699744877\n|move|p1a: Kahuna|Earthquake|p2a: Jirachi\n|-supereffective|p2a: Jirachi\n|-damage|p2a: Jirachi|0 fnt\n|faint|p2a: Jirachi\n|\n|-weather|none\n|upkeep\n|\n|t:|1699744887\n|switch|p2a: Urshifu|Urshifu-Rapid-Strike, M|100\/100\n|turn|9\n|\n|t:|1699744896\n|move|p2a: Urshifu|Aqua Jet|p1a: Kahuna\n|-supereffective|p1a: Kahuna\n|-damage|p1a: Kahuna|0 fnt\n|faint|p1a: Kahuna\n|-end|p1a: Kahuna|Protosynthesis|[silent]\n|\n|upkeep\n|\n|t:|1699744913\n|switch|p1a: Lina|Gardevoir, M|100\/100\n|-ability|p1a: Lina|Unseen Fist|[from] ability: Trace|[of] p2a: Urshifu\n|turn|10\n|\n|t:|1699744954\n|switch|p2a: Swampert|Swampert-Mega, M|5\/100 par\n|detailschange|p1a: Lina|Gardevoir-Mega, M\n|-mega|p1a: Lina|Gardevoir|Gardevoirite\n|move|p1a: Lina|Hyper Voice|p2a: Swampert\n|-damage|p2a: Swampert|0 fnt\n|faint|p2a: Swampert\n|\n|upkeep\n|\n|t:|1699744962\n|switch|p2a: Pelipper|Pelipper, F|100\/100\n|-weather|RainDance|[from] ability: Drizzle|[of] p2a: Pelipper\n|turn|11\n|\n|t:|1699744973\n|move|p1a: Lina|Hyper Voice|p2a: Pelipper\n|-crit|p2a: Pelipper\n|-damage|p2a: Pelipper|0 fnt\n|faint|p2a: Pelipper\n|\n|-weather|RainDance|[upkeep]\n|upkeep\n|\n|t:|1699744980\n|switch|p2a: Zapdos|Zapdos|100\/100\n|turn|12\n|\n|t:|1699744998\n|move|p1a: Lina|Draining Kiss|p2a: Zapdos\n|-damage|p2a: Zapdos|70\/100\n|-zpower|p2a: Zapdos\n|move|p2a: Zapdos|Supersonic Skystrike|p1a: Lina|[zeffect]\n|-damage|p1a: Lina|6\/100\n|\n|-weather|RainDance|[upkeep]\n|upkeep\n|turn|13\n|\n|t:|1699745008\n|move|p1a: Lina|Hyper Voice|p2a: Zapdos\n|-damage|p2a: Zapdos|0 fnt\n|faint|p2a: Zapdos\n|\n|-weather|RainDance|[upkeep]\n|upkeep\n|\n|t:|1699745014\n|switch|p2a: Urshifu|Urshifu-Rapid-Strike, M|100\/100\n|turn|14\n|\n|t:|1699745021\n|-terastallize|p2a: Urshifu|Water\n|move|p2a: Urshifu|Aqua Jet|p1a: Lina\n|-damage|p1a: Lina|0 fnt\n|faint|p1a: Lina\n|\n|-weather|RainDance|[upkeep]\n|upkeep\n|\n|t:|1699745028\n|switch|p1a: Milotic?|Arcanine-Hisui, M|100\/100\n|turn|15\n|\n|t:|1699745049\n|-terastallize|p1a: Milotic?|Grass\n|move|p1a: Milotic?|Head Smash|p2a: Urshifu\n|-damage|p2a: Urshifu|27\/100\n|move|p2a: Urshifu|Surging Strikes|p1a: Milotic?\n|-resisted|p1a: Milotic?\n|-crit|p1a: Milotic?\n|-damage|p1a: Milotic?|75\/100\n|-resisted|p1a: Milotic?\n|-crit|p1a: Milotic?\n|-damage|p1a: Milotic?|48\/100\n|-resisted|p1a: Milotic?\n|-crit|p1a: Milotic?\n|-damage|p1a: Milotic?|19\/100\n|-hitcount|p1a: Milotic?|3\n|\n|-weather|RainDance|[upkeep]\n|upkeep\n|turn|16\n|\n|t:|1699745064\n|move|p2a: Urshifu|Aqua Jet|p1a: Milotic?\n|-resisted|p1a: Milotic?\n|-damage|p1a: Milotic?|0 fnt\n|faint|p1a: Milotic?\n|\n|-weather|RainDance|[upkeep]\n|upkeep\n|\n|t:|1699745068\n|switch|p1a: Pina|Dragonite, M|100\/100\n|turn|17\n|\n|t:|1699745076\n|move|p1a: Pina|Extreme Speed|p2a: Urshifu\n|-damage|p2a: Urshifu|1\/100\n|move|p2a: Urshifu|Surging Strikes|p1a: Pina\n|-resisted|p1a: Pina\n|-crit|p1a: Pina\n|-damage|p1a: Pina|91\/100\n|-resisted|p1a: Pina\n|-crit|p1a: Pina\n|-damage|p1a: Pina|70\/100\n|-resisted|p1a: Pina\n|-crit|p1a: Pina\n|-damage|p1a: Pina|49\/100\n|-hitcount|p1a: Pina|3\n|\n|-weather|RainDance|[upkeep]\n|-heal|p1a: Pina|56\/100|[from] item: Leftovers\n|upkeep\n|turn|18\n|\n|t:|1699745086\n|move|p1a: Pina|Extreme Speed|p2a: Urshifu\n|-damage|p2a: Urshifu|0 fnt\n|faint|p2a: Urshifu\n|\n|win|Abrar83\n|l|\u2606Abrar83\n","uploadtime":1699745275,"views":4,"p1id":"abrar83","p2id":"nakuy","formatid":"gen9nationaldex","rating":0,"private":0,"password":""}