{"id":"gen9nationaldex-1990272024","p1":"gargoyle76","p2":"bingenji JAPAN","format":"[Gen 9] National Dex","log":"|j|\u2606gargoyle76\n|j|\u2606bingenji JAPAN\n|t:|1699948499\n|gametype|singles\n|player|p1|gargoyle76|beauty-gen4dp|1113\n|player|p2|bingenji JAPAN|swimmerf|1063\n|teamsize|p1|6\n|teamsize|p2|6\n|gen|9\n|tier|[Gen 9] National Dex\n|rated|\n|rule|HP Percentage Mod: HP is shown in percentages\n|rule|Endless Battle Clause: Forcing endless battles is banned\n|rule|OHKO Clause: OHKO moves are banned\n|rule|Evasion Clause: Evasion abilities, items, and moves are banned\n|rule|Evasion Abilities Clause: Evasion abilities are banned\n|rule|Evasion Items Clause: Evasion items are banned\n|rule|Evasion Moves Clause: Evasion moves are banned\n|rule|Species Clause: Limit one of each Pok\u00e9mon\n|rule|Sleep Clause Mod: Limit one foe put to sleep\n|clearpoke\n|poke|p1|Diancie|\n|poke|p1|Ninetales-Alola, F|\n|poke|p1|Tapu Lele|\n|poke|p1|Tapu Fini|\n|poke|p1|Clefable, F|\n|poke|p1|Togekiss, F|\n|poke|p2|Smeargle, F|\n|poke|p2|Iron Hands|\n|poke|p2|Electrode|\n|poke|p2|Cryogonal|\n|poke|p2|Mew|\n|poke|p2|Mawile, F|\n|teampreview\n|\n|t:|1699948510\n|start\n|switch|p1a: Tapu Lele|Tapu Lele|100\/100\n|switch|p2a: Smeargle|Smeargle, F|100\/100\n|-fieldstart|move: Psychic Terrain|[from] ability: Psychic Surge|[of] p1a: Tapu Lele\n|turn|1\n|\n|t:|1699948525\n|move|p1a: Tapu Lele|Calm Mind|p1a: Tapu Lele\n|-boost|p1a: Tapu Lele|spa|1\n|-boost|p1a: Tapu Lele|spd|1\n|move|p2a: Smeargle|Spore|p1a: Tapu Lele\n|-status|p1a: Tapu Lele|slp|[from] move: Spore\n|\n|upkeep\n|turn|2\n|\n|t:|1699948532\n|cant|p1a: Tapu Lele|slp\n|move|p2a: Smeargle|Fillet Away|p2a: Smeargle\n|-boost|p2a: Smeargle|atk|2\n|-boost|p2a: Smeargle|spa|2\n|-boost|p2a: Smeargle|spe|2\n|-damage|p2a: Smeargle|51\/100\n|\n|upkeep\n|turn|3\n|\n|t:|1699948552\n|move|p2a: Smeargle|Fillet Away|p2a: Smeargle\n|-boost|p2a: Smeargle|atk|2\n|-boost|p2a: Smeargle|spa|2\n|-boost|p2a: Smeargle|spe|2\n|-damage|p2a: Smeargle|1\/100\n|cant|p1a: Tapu Lele|slp\n|\n|upkeep\n|turn|4\n|\n|t:|1699948561\n|move|p2a: Smeargle|Population Bomb|p1a: Tapu Lele\n|-damage|p1a: Tapu Lele|72\/100 slp\n|-damage|p1a: Tapu Lele|45\/100 slp\n|-damage|p1a: Tapu Lele|19\/100 slp\n|-damage|p1a: Tapu Lele|0 fnt\n|faint|p1a: Tapu Lele\n|-hitcount|p1: Tapu Lele|4\n|\n|upkeep\n|\n|t:|1699948570\n|switch|p1a: Diancie|Diancie|100\/100\n|turn|5\n|\n|t:|1699948580\n|-terastallize|p2a: Smeargle|Normal\n|move|p2a: Smeargle|Spore|p1a: Diancie\n|-status|p1a: Diancie|slp|[from] move: Spore\n|cant|p1a: Diancie|slp\n|\n|-fieldend|move: Psychic Terrain\n|upkeep\n|turn|6\n|\n|t:|1699948589\n|move|p2a: Smeargle|Population Bomb|p1a: Diancie\n|-resisted|p1a: Diancie\n|-damage|p1a: Diancie|90\/100 slp\n|-resisted|p1a: Diancie\n|-damage|p1a: Diancie|80\/100 slp\n|-resisted|p1a: Diancie\n|-damage|p1a: Diancie|70\/100 slp\n|-resisted|p1a: Diancie\n|-damage|p1a: Diancie|60\/100 slp\n|-resisted|p1a: Diancie\n|-damage|p1a: Diancie|50\/100 slp\n|-resisted|p1a: Diancie\n|-damage|p1a: Diancie|41\/100 slp\n|-resisted|p1a: Diancie\n|-damage|p1a: Diancie|31\/100 slp\n|-resisted|p1a: Diancie\n|-damage|p1a: Diancie|21\/100 slp\n|-resisted|p1a: Diancie\n|-damage|p1a: Diancie|11\/100 slp\n|-resisted|p1a: Diancie\n|-damage|p1a: Diancie|0 fnt\n|faint|p1a: Diancie\n|-hitcount|p1: Diancie|10\n|\n|upkeep\n|\n|t:|1699948596\n|switch|p1a: Ninetales|Ninetales-Alola, F|100\/100\n|-weather|Snow|[from] ability: Snow Warning|[of] p1a: Ninetales\n|turn|7\n|\n|t:|1699948613\n|move|p2a: Smeargle|Population Bomb|p1a: Ninetales\n|-damage|p1a: Ninetales|78\/100\n|-damage|p1a: Ninetales|51\/100\n|-damage|p1a: Ninetales|25\/100\n|-damage|p1a: Ninetales|0 fnt\n|faint|p1a: Ninetales\n|-hitcount|p1: Ninetales|4\n|\n|-weather|Snow|[upkeep]\n|upkeep\n|\n|t:|1699948620\n|switch|p1a: Clefable|Clefable, F|100\/100\n|turn|8\n|\n|t:|1699948629\n|move|p2a: Smeargle|Population Bomb|p1a: Clefable\n|-damage|p1a: Clefable|90\/100\n|-damage|p1a: Clefable|80\/100\n|-damage|p1a: Clefable|71\/100\n|-damage|p1a: Clefable|62\/100\n|-damage|p1a: Clefable|52\/100\n|-damage|p1a: Clefable|42\/100\n|-crit|p1a: Clefable\n|-damage|p1a: Clefable|28\/100\n|-damage|p1a: Clefable|19\/100\n|-damage|p1a: Clefable|9\/100\n|-damage|p1a: Clefable|0 fnt\n|faint|p1a: Clefable\n|-hitcount|p1: Clefable|10\n|\n|-weather|Snow|[upkeep]\n|upkeep\n|\n|t:|1699948632\n|switch|p1a: Tapu Fini|Tapu Fini|100\/100\n|-fieldstart|move: Misty Terrain|[from] ability: Misty Surge|[of] p1a: Tapu Fini\n|turn|9\n|\n|t:|1699948643\n|move|p2a: Smeargle|Population Bomb|p1a: Tapu Fini\n|-damage|p1a: Tapu Fini|75\/100\n|-damage|p1a: Tapu Fini|46\/100\n|-damage|p1a: Tapu Fini|21\/100\n|-damage|p1a: Tapu Fini|0 fnt\n|faint|p1a: Tapu Fini\n|-hitcount|p1: Tapu Fini|4\n|\n|-weather|Snow|[upkeep]\n|upkeep\n|\n|t:|1699948648\n|switch|p1a: Togekiss|Togekiss, F|100\/100\n|turn|10\n|\n|t:|1699948653\n|move|p2a: Smeargle|Population Bomb|p1a: Togekiss\n|-damage|p1a: Togekiss|73\/100\n|-damage|p1a: Togekiss|47\/100\n|-damage|p1a: Togekiss|21\/100\n|-damage|p1a: Togekiss|0 fnt\n|faint|p1a: Togekiss\n|-hitcount|p1: Togekiss|4\n|\n|win|bingenji JAPAN\n|raw|gargoyle76's rating: 1113 &rarr; <strong>1084<\/strong><br \/>(-29 for losing)\n|raw|bingenji JAPAN's rating: 1063 &rarr; <strong>1098<\/strong><br \/>(+35 for winning)\n|l|\u2606gargoyle76\n","uploadtime":1699948667,"views":5,"p1id":"gargoyle76","p2id":"bingenjijapan","formatid":"gen9nationaldex","rating":1084,"private":0,"password":""}