{"id":"gen9nationaldex-1988016660","p1":"Malv de Coolio","p2":"ChoccyMilkMafia","format":"[Gen 9] National Dex","log":"|j|\u2606Malv de Coolio\n|j|\u2606ChoccyMilkMafia\n|t:|1699659528\n|gametype|singles\n|player|p1|Malv de Coolio|waitress-gen4|\n|player|p2|ChoccyMilkMafia|kieran|\n|teamsize|p1|6\n|teamsize|p2|6\n|gen|9\n|tier|[Gen 9] National Dex\n|rule|HP Percentage Mod: HP is shown in percentages\n|rule|Endless Battle Clause: Forcing endless battles is banned\n|rule|OHKO Clause: OHKO moves are banned\n|rule|Evasion Clause: Evasion abilities, items, and moves are banned\n|rule|Evasion Abilities Clause: Evasion abilities are banned\n|rule|Evasion Items Clause: Evasion items are banned\n|rule|Evasion Moves Clause: Evasion moves are banned\n|rule|Species Clause: Limit one of each Pok\u00e9mon\n|rule|Sleep Clause Mod: Limit one foe put to sleep\n|clearpoke\n|poke|p1|Serperior, F|\n|poke|p1|Lilligant, F|\n|poke|p1|Reuniclus, F|\n|poke|p1|Decidueye, F|\n|poke|p1|Hatterene, F|\n|poke|p1|Jolteon, M|\n|poke|p2|Zapdos-Galar|\n|poke|p2|Jirachi|\n|poke|p2|Honchkrow, M|\n|poke|p2|Dragalge, M|\n|poke|p2|Cursola, F|\n|poke|p2|Mimikyu, F|\n|teampreview\n|c|\u2606Malv de Coolio|shit\n|c|\u2606Malv de Coolio|forgot to say gg\n|c|\u2606Malv de Coolio|whatever\n|c|\u2606ChoccyMilkMafia|it's good\n|c|\u2606Malv de Coolio|for all the marbles\n|\n|t:|1699659549\n|start\n|switch|p1a: Trabs|Hatterene, F|100\/100\n|switch|p2a: Jirachi|Jirachi|100\/100\n|turn|1\n|\n|t:|1699659556\n|move|p2a: Jirachi|Doom Desire|p1a: Trabs\n|-start|p2a: Jirachi|Doom Desire\n|move|p1a: Trabs|Light Screen|p1a: Trabs\n|-sidestart|p1: Malv de Coolio|move: Light Screen\n|\n|upkeep\n|turn|2\n|\n|t:|1699659570\n|switch|p1a: Needle|Jolteon, M|100\/100\n|move|p2a: Jirachi|Calm Mind|p2a: Jirachi\n|-boost|p2a: Jirachi|spa|1\n|-boost|p2a: Jirachi|spd|1\n|\n|upkeep\n|turn|3\n|c|\u2606ChoccyMilkMafia|huh\n|c|\u2606ChoccyMilkMafia|never seen the prompt or whatever for doom desire before\n|\n|t:|1699659587\n|move|p1a: Needle|Shadow Ball|p2a: Jirachi\n|-supereffective|p2a: Jirachi\n|-damage|p2a: Jirachi|72\/100\n|move|p2a: Jirachi|Future Sight||[still]\n|-fail|p2a: Jirachi\n|\n|-end|p1a: Needle|move: Doom Desire\n|-resisted|p1a: Needle\n|-damage|p1a: Needle|79\/100\n|-heal|p2a: Jirachi|78\/100|[from] item: Leftovers\n|upkeep\n|turn|4\n|\n|t:|1699659601\n|move|p1a: Needle|Shadow Ball|p2a: Jirachi\n|-supereffective|p2a: Jirachi\n|-damage|p2a: Jirachi|52\/100\n|move|p2a: Jirachi|Wish|p2a: Jirachi\n|\n|-heal|p2a: Jirachi|58\/100|[from] item: Leftovers\n|upkeep\n|turn|5\n|\n|t:|1699659608\n|move|p1a: Needle|Shadow Ball|p2a: Jirachi\n|-supereffective|p2a: Jirachi\n|-damage|p2a: Jirachi|31\/100\n|move|p2a: Jirachi|Calm Mind|p2a: Jirachi\n|-boost|p2a: Jirachi|spa|1\n|-boost|p2a: Jirachi|spd|1\n|\n|-heal|p2a: Jirachi|81\/100|[from] move: Wish|[wisher] Jirachi\n|-heal|p2a: Jirachi|87\/100|[from] item: Leftovers\n|upkeep\n|turn|6\n|\n|t:|1699659624\n|move|p1a: Needle|Shadow Ball|p2a: Jirachi\n|-supereffective|p2a: Jirachi\n|-damage|p2a: Jirachi|67\/100\n|-unboost|p2a: Jirachi|spd|1\n|move|p2a: Jirachi|Future Sight|p1a: Needle\n|-start|p2a: Jirachi|move: Future Sight\n|\n|-heal|p2a: Jirachi|73\/100|[from] item: Leftovers\n|upkeep\n|turn|7\n|\n|t:|1699659644\n|switch|p1a: Trabs|Hatterene, F|100\/100\n|move|p2a: Jirachi|Wish|p2a: Jirachi\n|\n|-heal|p2a: Jirachi|79\/100|[from] item: Leftovers\n|upkeep\n|turn|8\n|\n|t:|1699659658\n|switch|p2a: Cursola|Cursola, F|100\/100\n|move|p1a: Trabs|Thunder Wave|p2a: Cursola\n|-status|p2a: Cursola|par\n|\n|-end|p1a: Trabs|move: Future Sight\n|-resisted|p1a: Trabs\n|-damage|p1a: Trabs|90\/100\n|-sideend|p1: Malv de Coolio|move: Light Screen\n|upkeep\n|turn|9\n|\n|t:|1699659666\n|-terastallize|p1a: Trabs|Normal\n|move|p1a: Trabs|Light Screen|p1a: Trabs\n|-sidestart|p1: Malv de Coolio|move: Light Screen\n|move|p2a: Cursola|Whirlpool|p1a: Trabs\n|-damage|p1a: Trabs|84\/100\n|-activate|p1a: Trabs|move: Whirlpool|[of] p2a: Cursola\n|\n|-damage|p1a: Trabs|72\/100|[from] move: Whirlpool|[partiallytrapped]\n|upkeep\n|turn|10\n|c|\u2606ChoccyMilkMafia|???\n|c|\u2606ChoccyMilkMafia|damn\n|c|\u2606Malv de Coolio|failed hex read\n|c|\u2606ChoccyMilkMafia|I mean I can still only use whirlpool then lol\n|c|\u2606ChoccyMilkMafia|foiled my scheme\n|\n|t:|1699659721\n|switch|p2a: Mimikyu|Mimikyu, F|100\/100\n|move|p1a: Trabs|Dazzling Gleam|p2a: Mimikyu\n|-activate|p2a: Mimikyu|ability: Disguise\n|-damage|p2a: Mimikyu|100\/100\n|detailschange|p2a: Mimikyu|Mimikyu-Busted, F\n|-damage|p2a: Mimikyu|88\/100|[from] pokemon: Mimikyu-Busted\n|\n|-end|p1a: Trabs|Whirlpool|[partiallytrapped]|[silent]\n|upkeep\n|turn|11\n|\n|t:|1699659736\n|move|p2a: Mimikyu|Swords Dance|p2a: Mimikyu\n|-boost|p2a: Mimikyu|atk|2\n|move|p1a: Trabs|Reflect|p1a: Trabs\n|-sidestart|p1: Malv de Coolio|Reflect\n|\n|upkeep\n|turn|12\n|\n|t:|1699659742\n|move|p2a: Mimikyu|Swords Dance|p2a: Mimikyu\n|-boost|p2a: Mimikyu|atk|2\n|move|p1a: Trabs|Dazzling Gleam|p2a: Mimikyu\n|-damage|p2a: Mimikyu|48\/100\n|\n|upkeep\n|turn|13\n|\n|t:|1699659751\n|move|p2a: Mimikyu|Play Rough|p1a: Trabs\n|-damage|p1a: Trabs|0 fnt\n|faint|p1a: Trabs\n|-damage|p2a: Mimikyu|38\/100|[from] item: Life Orb\n|\n|upkeep\n|\n|t:|1699659754\n|switch|p1a: Queen|Serperior, F, shiny|100\/100\n|turn|14\n|\n|t:|1699659758\n|move|p1a: Queen|Leaf Storm|p2a: Mimikyu\n|-damage|p2a: Mimikyu|0 fnt\n|-boost|p1a: Queen|spa|2\n|faint|p2a: Mimikyu\n|\n|upkeep\n|\n|t:|1699659768\n|switch|p2a: Jirachi|Jirachi|79\/100\n|turn|15\n|\n|t:|1699659773\n|move|p1a: Queen|Glare|p2a: Jirachi\n|-status|p2a: Jirachi|par\n|move|p2a: Jirachi|Wish|p2a: Jirachi\n|\n|-heal|p2a: Jirachi|86\/100 par|[from] item: Leftovers\n|upkeep\n|turn|16\n|\n|t:|1699659778\n|move|p1a: Queen|Leaf Storm|p2a: Jirachi\n|-resisted|p2a: Jirachi\n|-damage|p2a: Jirachi|46\/100 par\n|-boost|p1a: Queen|spa|2\n|move|p2a: Jirachi|Doom Desire|p1a: Queen\n|-start|p2a: Jirachi|Doom Desire\n|\n|-heal|p2a: Jirachi|96\/100 par|[from] move: Wish|[wisher] Jirachi\n|-heal|p2a: Jirachi|100\/100 par|[from] item: Leftovers\n|-sideend|p1: Malv de Coolio|move: Light Screen\n|upkeep\n|turn|17\n|\n|t:|1699659789\n|move|p1a: Queen|Leaf Storm|p2a: Jirachi|[miss]\n|-miss|p1a: Queen|p2a: Jirachi\n|cant|p2a: Jirachi|par\n|\n|upkeep\n|turn|18\n|\n|t:|1699659804\n|switch|p2a: Dragalge|Dragalge, M|100\/100\n|move|p1a: Queen|Leaf Storm|p2a: Dragalge\n|-resisted|p2a: Dragalge\n|-damage|p2a: Dragalge|70\/100\n|-boost|p1a: Queen|spa|2\n|\n|-end|p1a: Queen|move: Doom Desire\n|-damage|p1a: Queen|41\/100\n|-sideend|p1: Malv de Coolio|Reflect\n|upkeep\n|turn|19\n|\n|t:|1699659813\n|move|p1a: Queen|Dragon Pulse|p2a: Dragalge\n|-supereffective|p2a: Dragalge\n|-damage|p2a: Dragalge|0 fnt\n|faint|p2a: Dragalge\n|\n|upkeep\n|\n|t:|1699659818\n|switch|p2a: Honchkrow|Honchkrow, M|100\/100\n|turn|20\n|\n|t:|1699659824\n|move|p1a: Queen|Glare|p2a: Honchkrow\n|-status|p2a: Honchkrow|par\n|cant|p2a: Honchkrow|par\n|\n|upkeep\n|turn|21\n|\n|t:|1699659835\n|cant|p2a: Honchkrow|par\n|move|p1a: Queen|Dragon Pulse|p2a: Honchkrow\n|-damage|p2a: Honchkrow|0 fnt\n|faint|p2a: Honchkrow\n|\n|upkeep\n|\n|t:|1699659842\n|switch|p2a: Zapdos|Zapdos-Galar|100\/100\n|turn|22\n|\n|t:|1699659866\n|switch|p1a: Needle|Jolteon, M|79\/100\n|-terastallize|p2a: Zapdos|Flying\n|move|p2a: Zapdos|Brave Bird|p1a: Needle\n|-resisted|p1a: Needle\n|-damage|p1a: Needle|9\/100\n|-damage|p2a: Zapdos|79\/100|[from] Recoil\n|\n|upkeep\n|turn|23\n|\n|t:|1699659875\n|move|p2a: Zapdos|Brave Bird|p1a: Needle\n|-resisted|p1a: Needle\n|-damage|p1a: Needle|0 fnt\n|faint|p1a: Needle\n|-damage|p2a: Zapdos|77\/100|[from] Recoil\n|\n|upkeep\n|\n|t:|1699659887\n|switch|p1a: Link|Reuniclus, F|100\/100\n|turn|24\n|\n|t:|1699659910\n|move|p2a: Zapdos|Brave Bird|p1a: Link\n|-damage|p1a: Link|17\/100\n|-damage|p2a: Zapdos|41\/100|[from] Recoil\n|move|p1a: Link|Thunder|p2a: Zapdos|[miss]\n|-miss|p1a: Link|p2a: Zapdos\n|\n|-heal|p1a: Link|24\/100|[from] item: Leftovers\n|upkeep\n|turn|25\n|c|\u2606Malv de Coolio|i lose\n|c|\u2606Malv de Coolio|fuck\n|c|\u2606Malv de Coolio|maybe\n|c|\u2606ChoccyMilkMafia|like there's still recoil\n|c|\u2606ChoccyMilkMafia|it's just picking which would be the least useful against two to sack ig\n|c|\u2606ChoccyMilkMafia|*my last two\n|\n|t:|1699659994\n|switch|p1a: Princess|Lilligant, F|100\/100\n|move|p2a: Zapdos|Brave Bird|p1a: Princess\n|-supereffective|p1a: Princess\n|-enditem|p1a: Princess|Coba Berry|[eat]\n|-enditem|p1a: Princess|Coba Berry|[weaken]\n|-damage|p1a: Princess|0 fnt\n|faint|p1a: Princess\n|-damage|p2a: Zapdos|8\/100|[from] Recoil\n|\n|upkeep\n|c|\u2606Malv de Coolio|coba berry for nothin\n|c|\u2606Malv de Coolio|damn\n|c|\u2606ChoccyMilkMafia|damn\n|\n|t:|1699660017\n|switch|p1a: M|Decidueye, F, shiny|100\/100\n|turn|26\n|c|\u2606Malv de Coolio|ah\n|c|\u2606Malv de Coolio|shit\n|c|\u2606Malv de Coolio|welp\n|c|\u2606ChoccyMilkMafia|did you misclick or sum?\n|c|\u2606Malv de Coolio|no switching in M was just the wrong play\n|c|\u2606ChoccyMilkMafia|I can switch\n|c|\u2606ChoccyMilkMafia|oh okay\n|c|\u2606Malv de Coolio|dw abt it\n|\n|t:|1699660065\n|move|p2a: Zapdos|Brave Bird|p1a: M\n|-supereffective|p1a: M\n|-damage|p1a: M|0 fnt\n|faint|p1a: M\n|-damage|p2a: Zapdos|0 fnt|[from] Recoil\n|faint|p2a: Zapdos\n|\n|upkeep\n|\n|t:|1699660074\n|switch|p2a: Cursola|Cursola, F|100\/100 par\n|switch|p1a: Queen|Serperior, F, shiny|41\/100\n|turn|27\n|\n|t:|1699660082\n|move|p1a: Queen|Leaf Storm|p2a: Cursola\n|-crit|p2a: Cursola\n|-damage|p2a: Cursola|62\/100 par\n|-boost|p1a: Queen|spa|2\n|cant|p2a: Cursola|par\n|\n|upkeep\n|turn|28\n|\n|t:|1699660089\n|move|p1a: Queen|Leaf Storm|p2a: Cursola\n|-damage|p2a: Cursola|5\/100 par\n|-boost|p1a: Queen|spa|2\n|move|p2a: Cursola|Hex|p1a: Queen\n|-damage|p1a: Queen|6\/100\n|\n|upkeep\n|turn|29\n|\n|t:|1699660098\n|move|p1a: Queen|Dragon Pulse|p2a: Cursola\n|-damage|p2a: Cursola|0 fnt\n|faint|p2a: Cursola\n|\n|upkeep\n|\n|t:|1699660102\n|switch|p2a: Jirachi|Jirachi|100\/100 par\n|turn|30\n|c|\u2606ChoccyMilkMafia|wait\n|c|\u2606ChoccyMilkMafia|possibly gg lol\n|c|\u2606ChoccyMilkMafia|probably actually\n|c|\u2606Malv de Coolio|possibly\n|\n|t:|1699660125\n|move|p1a: Queen|Leaf Storm|p2a: Jirachi\n|-resisted|p2a: Jirachi\n|-damage|p2a: Jirachi|38\/100 par\n|-boost|p1a: Queen|spa|2\n|move|p2a: Jirachi|Doom Desire|p1a: Queen\n|-start|p2a: Jirachi|Doom Desire\n|\n|-heal|p2a: Jirachi|44\/100 par|[from] item: Leftovers\n|upkeep\n|turn|31\n|c|\u2606ChoccyMilkMafia|o7\n|c|\u2606Malv de Coolio|please\n|\n|t:|1699660137\n|move|p1a: Queen|Leaf Storm|p2a: Jirachi|[miss]\n|-miss|p1a: Queen|p2a: Jirachi\n|move|p2a: Jirachi|Wish|p2a: Jirachi\n|\n|-heal|p2a: Jirachi|50\/100 par|[from] item: Leftovers\n|upkeep\n|turn|32\n|c|\u2606Malv de Coolio|GOD\n|c|\u2606Malv de Coolio|DAMN IT\n|c|\u2606Malv de Coolio|FUCK\n|c|\u2606Malv de Coolio|yeah\n|c|\u2606Malv de Coolio|no\n|c|\u2606Malv de Coolio|thats my luck\n|\n|t:|1699660154\n|move|p1a: Queen|Dragon Pulse|p2a: Jirachi\n|-resisted|p2a: Jirachi\n|-damage|p2a: Jirachi|17\/100 par\n|cant|p2a: Jirachi|par\n|\n|-end|p1a: Queen|move: Doom Desire\n|-damage|p1a: Queen|0 fnt\n|faint|p1a: Queen\n|-heal|p2a: Jirachi|67\/100 par|[from] move: Wish|[wisher] Jirachi\n|-heal|p2a: Jirachi|73\/100 par|[from] item: Leftovers\n|upkeep\n|\n|t:|1699660160\n|switch|p1a: Link|Reuniclus, F|57\/100\n|turn|33\n|c|\u2606Malv de Coolio|gg\n|c|\u2606Malv de Coolio|god damn it dude\n|\n|t:|1699660186\n|cant|p2a: Jirachi|par\n|move|p1a: Link|Calm Mind|p1a: Link\n|-boost|p1a: Link|spa|1\n|-boost|p1a: Link|spd|1\n|\n|-heal|p2a: Jirachi|79\/100 par|[from] item: Leftovers\n|-heal|p1a: Link|63\/100|[from] item: Leftovers\n|upkeep\n|turn|34\n|\n|t:|1699660194\n|move|p2a: Jirachi|Doom Desire|p1a: Link\n|-start|p2a: Jirachi|Doom Desire\n|move|p1a: Link|Calm Mind|p1a: Link\n|-boost|p1a: Link|spa|1\n|-boost|p1a: Link|spd|1\n|\n|-heal|p2a: Jirachi|85\/100 par|[from] item: Leftovers\n|-heal|p1a: Link|69\/100|[from] item: Leftovers\n|upkeep\n|turn|35\n|c|\u2606ChoccyMilkMafia|desire doesn't ignore stat boosts right?\n|\n|t:|1699660215\n|move|p2a: Jirachi|Wish|p2a: Jirachi\n|move|p1a: Link|Thunder|p2a: Jirachi\n|-damage|p2a: Jirachi|20\/100 par\n|\n|-heal|p2a: Jirachi|26\/100 par|[from] item: Leftovers\n|-heal|p1a: Link|75\/100|[from] item: Leftovers\n|upkeep\n|turn|36\n|c|\u2606Malv de Coolio|no clue\n|c|\u2606ChoccyMilkMafia|we'll find out then ig\n|\n|t:|1699660228\n|move|p2a: Jirachi|Calm Mind|p2a: Jirachi\n|-boost|p2a: Jirachi|spa|1\n|-boost|p2a: Jirachi|spd|1\n|move|p1a: Link|Psychic|p2a: Jirachi\n|-resisted|p2a: Jirachi\n|-damage|p2a: Jirachi|13\/100 par\n|\n|-end|p1a: Link|move: Doom Desire\n|-damage|p1a: Link|40\/100\n|-heal|p2a: Jirachi|63\/100 par|[from] move: Wish|[wisher] Jirachi\n|-heal|p2a: Jirachi|70\/100 par|[from] item: Leftovers\n|-heal|p1a: Link|46\/100|[from] item: Leftovers\n|upkeep\n|turn|37\n|\n|t:|1699660244\n|move|p2a: Jirachi|Doom Desire|p1a: Link\n|-start|p2a: Jirachi|Doom Desire\n|move|p1a: Link|Calm Mind|p1a: Link\n|-boost|p1a: Link|spa|1\n|-boost|p1a: Link|spd|1\n|\n|-heal|p2a: Jirachi|76\/100 par|[from] item: Leftovers\n|-heal|p1a: Link|52\/100|[from] item: Leftovers\n|upkeep\n|turn|38\n|\n|t:|1699660254\n|move|p2a: Jirachi|Wish|p2a: Jirachi\n|move|p1a: Link|Thunder|p2a: Jirachi|[miss]\n|-miss|p1a: Link|p2a: Jirachi\n|\n|-heal|p2a: Jirachi|82\/100 par|[from] item: Leftovers\n|-heal|p1a: Link|58\/100|[from] item: Leftovers\n|upkeep\n|turn|39\n|c|\u2606Malv de Coolio|:\/\n|\n|t:|1699660277\n|move|p2a: Jirachi|Doom Desire||[still]\n|-fail|p2a: Jirachi\n|move|p1a: Link|Thunder|p2a: Jirachi|[miss]\n|-miss|p1a: Link|p2a: Jirachi\n|\n|-end|p1a: Link|move: Doom Desire\n|-damage|p1a: Link|30\/100\n|-heal|p2a: Jirachi|100\/100 par|[from] move: Wish|[wisher] Jirachi\n|-heal|p1a: Link|36\/100|[from] item: Leftovers\n|upkeep\n|turn|40\n|\n|t:|1699660288\n|move|p2a: Jirachi|Doom Desire|p1a: Link\n|-start|p2a: Jirachi|Doom Desire\n|move|p1a: Link|Calm Mind|p1a: Link\n|-boost|p1a: Link|spa|1\n|-boost|p1a: Link|spd|1\n|\n|-heal|p1a: Link|42\/100|[from] item: Leftovers\n|upkeep\n|turn|41\n|\n|t:|1699660302\n|cant|p2a: Jirachi|par\n|move|p1a: Link|Calm Mind|p1a: Link\n|-boost|p1a: Link|spa|1\n|-boost|p1a: Link|spd|1\n|\n|-heal|p1a: Link|48\/100|[from] item: Leftovers\n|upkeep\n|turn|42\n|\n|t:|1699660311\n|move|p2a: Jirachi|Calm Mind|p2a: Jirachi\n|-boost|p2a: Jirachi|spa|1\n|-boost|p2a: Jirachi|spd|1\n|move|p1a: Link|Calm Mind|p1a: Link\n|-boost|p1a: Link|spa|1\n|-boost|p1a: Link|spd|1\n|\n|-end|p1a: Link|move: Doom Desire\n|-damage|p1a: Link|27\/100\n|-heal|p1a: Link|34\/100|[from] item: Leftovers\n|upkeep\n|turn|43\n|\n|t:|1699660323\n|move|p2a: Jirachi|Doom Desire|p1a: Link\n|-start|p2a: Jirachi|Doom Desire\n|move|p1a: Link|Thunder|p2a: Jirachi\n|-damage|p2a: Jirachi|26\/100 par\n|\n|-heal|p2a: Jirachi|32\/100 par|[from] item: Leftovers\n|-heal|p1a: Link|40\/100|[from] item: Leftovers\n|upkeep\n|turn|44\n|c|\u2606Malv de Coolio|welp\n|\n|t:|1699660350\n|move|p2a: Jirachi|Wish|p2a: Jirachi\n|move|p1a: Link|Thunder|p2a: Jirachi\n|-damage|p2a: Jirachi|0 fnt\n|faint|p2a: Jirachi\n|\n|win|Malv de Coolio\n|c|\u2606Malv de Coolio|thank\n|c|\u2606Malv de Coolio|fucking\n|c|\u2606Malv de Coolio|god\n|c|\u2606Malv de Coolio|GG\n|c|\u2606ChoccyMilkMafia|G FUCKING G\n|c|\u2606ChoccyMilkMafia|oof\n|c|\u2606Malv de Coolio|man\n|c|\u2606Malv de Coolio|that was fun for five minutes\n|c|\u2606ChoccyMilkMafia|lmao\n|c|\u2606Malv de Coolio|then my luck started impacting the game\n|c|\u2606Malv de Coolio|anyways\n|c|\u2606Malv de Coolio|we should do this again if we ever find a picrew like that\n|c|\u2606ChoccyMilkMafia|totally\n","uploadtime":1699660435,"views":8,"p1id":"malvdecoolio","p2id":"choccymilkmafia","formatid":"gen9nationaldex","rating":0,"private":0,"password":""}