{"id":"gen9nationaldex-1989182836","p1":"RandoTestAccount","p2":"Kaick1478","format":"[Gen 9] National Dex","log":"|j|\u2606RandoTestAccount\n|j|\u2606Kaick1478\n|t:|1699820934\n|gametype|singles\n|player|p1|RandoTestAccount|pokemonrangerf|1077\n|player|p2|Kaick1478|schoolkid-gen4|1054\n|teamsize|p1|6\n|teamsize|p2|6\n|gen|9\n|tier|[Gen 9] National Dex\n|rated|\n|rule|HP Percentage Mod: HP is shown in percentages\n|rule|Endless Battle Clause: Forcing endless battles is banned\n|rule|OHKO Clause: OHKO moves are banned\n|rule|Evasion Clause: Evasion abilities, items, and moves are banned\n|rule|Evasion Abilities Clause: Evasion abilities are banned\n|rule|Evasion Items Clause: Evasion items are banned\n|rule|Evasion Moves Clause: Evasion moves are banned\n|rule|Species Clause: Limit one of each Pok\u00e9mon\n|rule|Sleep Clause Mod: Limit one foe put to sleep\n|clearpoke\n|poke|p1|Umbreon, F|\n|poke|p1|Excadrill, F|\n|poke|p1|Corviknight, F|\n|poke|p1|Tapu Fini|\n|poke|p1|Sableye, F|\n|poke|p1|Dragalge, F|\n|poke|p2|Meloetta|\n|poke|p2|Charizard, F|\n|poke|p2|Greninja-*, M|\n|poke|p2|Victini|\n|poke|p2|Glimmora, F|\n|poke|p2|Zapdos|\n|teampreview\n|inactive|Battle timer is ON: inactive players will automatically lose when time's up. (requested by Kaick1478)\n|\n|t:|1699820963\n|start\n|switch|p1a: Spectre of Emerald|Sableye, F, shiny|100\/100\n|switch|p2a: Glimmora|Glimmora, F|100\/100\n|turn|1\n|\n|t:|1699820968\n|detailschange|p1a: Spectre of Emerald|Sableye-Mega, F, shiny\n|-mega|p1a: Spectre of Emerald|Sableye|Sablenite\n|move|p2a: Glimmora|Spikes|p1a: Spectre of Emerald\n|move|p1a: Spectre of Emerald|Spikes|p2a: Glimmora|[from]ability: Magic Bounce\n|-sidestart|p2: Kaick1478|Spikes\n|move|p1a: Spectre of Emerald|Calm Mind|p1a: Spectre of Emerald\n|-boost|p1a: Spectre of Emerald|spa|1\n|-boost|p1a: Spectre of Emerald|spd|1\n|\n|upkeep\n|turn|2\n|\n|t:|1699820980\n|switch|p2a: Meloetta|Meloetta|100\/100\n|-damage|p2a: Meloetta|88\/100|[from] Spikes\n|move|p1a: Spectre of Emerald|Calm Mind|p1a: Spectre of Emerald\n|-boost|p1a: Spectre of Emerald|spa|1\n|-boost|p1a: Spectre of Emerald|spd|1\n|\n|upkeep\n|turn|3\n|\n|t:|1699820987\n|-zpower|p2a: Meloetta\n|move|p2a: Meloetta|Z-Celebrate|p2a: Meloetta|[anim]Celebrate\n|-boost|p2a: Meloetta|atk|1|[zeffect]\n|-boost|p2a: Meloetta|def|1|[zeffect]\n|-boost|p2a: Meloetta|spa|1|[zeffect]\n|-boost|p2a: Meloetta|spd|1|[zeffect]\n|-boost|p2a: Meloetta|spe|1|[zeffect]\n|-activate|p2a: Meloetta|move: Celebrate\n|move|p1a: Spectre of Emerald|Calm Mind|p1a: Spectre of Emerald\n|-boost|p1a: Spectre of Emerald|spa|1\n|-boost|p1a: Spectre of Emerald|spd|1\n|\n|upkeep\n|turn|4\n|\n|t:|1699820997\n|move|p2a: Meloetta|Shadow Ball|p1a: Spectre of Emerald\n|-damage|p1a: Spectre of Emerald|83\/100\n|-unboost|p1a: Spectre of Emerald|spd|1\n|move|p1a: Spectre of Emerald|Will-O-Wisp|p2a: Meloetta\n|-status|p2a: Meloetta|brn\n|\n|-damage|p2a: Meloetta|82\/100 brn|[from] brn\n|upkeep\n|turn|5\n|\n|t:|1699821000\n|move|p2a: Meloetta|Shadow Ball|p1a: Spectre of Emerald\n|-damage|p1a: Spectre of Emerald|62\/100\n|move|p1a: Spectre of Emerald|Calm Mind|p1a: Spectre of Emerald\n|-boost|p1a: Spectre of Emerald|spa|1\n|-boost|p1a: Spectre of Emerald|spd|1\n|\n|-damage|p2a: Meloetta|76\/100 brn|[from] brn\n|upkeep\n|turn|6\n|\n|t:|1699821003\n|move|p2a: Meloetta|Shadow Ball|p1a: Spectre of Emerald\n|-damage|p1a: Spectre of Emerald|46\/100\n|move|p1a: Spectre of Emerald|Calm Mind|p1a: Spectre of Emerald\n|-boost|p1a: Spectre of Emerald|spa|1\n|-boost|p1a: Spectre of Emerald|spd|1\n|\n|-damage|p2a: Meloetta|70\/100 brn|[from] brn\n|upkeep\n|turn|7\n|\n|t:|1699821005\n|move|p2a: Meloetta|Shadow Ball|p1a: Spectre of Emerald\n|-damage|p1a: Spectre of Emerald|33\/100\n|move|p1a: Spectre of Emerald|Recover|p1a: Spectre of Emerald\n|-heal|p1a: Spectre of Emerald|83\/100\n|\n|-damage|p2a: Meloetta|64\/100 brn|[from] brn\n|upkeep\n|turn|8\n|\n|t:|1699821007\n|move|p2a: Meloetta|Shadow Ball|p1a: Spectre of Emerald\n|-damage|p1a: Spectre of Emerald|69\/100\n|-unboost|p1a: Spectre of Emerald|spd|1\n|move|p1a: Spectre of Emerald|Calm Mind|p1a: Spectre of Emerald\n|-boost|p1a: Spectre of Emerald|spa|1\n|-boost|p1a: Spectre of Emerald|spd|1\n|\n|-damage|p2a: Meloetta|57\/100 brn|[from] brn\n|upkeep\n|turn|9\n|-message|Kaick1478 forfeited.\n|\n|win|RandoTestAccount\n|raw|RandoTestAccount's rating: 1077 &rarr; <strong>1104<\/strong><br \/>(+27 for winning)\n|raw|Kaick1478's rating: 1054 &rarr; <strong>1037<\/strong><br \/>(-17 for losing)\n|l|\u2606Kaick1478\n","uploadtime":1699821023,"views":4,"p1id":"randotestaccount","p2id":"kaick1478","formatid":"gen9nationaldex","rating":1037,"private":0,"password":""}