{"id":"gen9nationaldex-1998524844","p1":"BlobFiish","p2":"imbwc","format":"[Gen 9] National Dex","log":"|html|<div class=\"broadcast-blue\"><strong>[Gen 9] National Dex is currently suspecting Sneasler! For information on how to participate check out the <a href=\"https:\/\/www.smogon.com\/forums\/threads\/sv-national-dex-suspect-8-just-dance.3731534\/\">suspect thread<\/a>.<\/strong><\/div>\n|j|\u2606BlobFiish\n|j|\u2606imbwc\n|t:|1700952192\n|gametype|singles\n|player|p1|BlobFiish|cynthia|1128\n|player|p2|imbwc|poppy|1160\n|teamsize|p1|6\n|teamsize|p2|6\n|gen|9\n|tier|[Gen 9] National Dex\n|rated|\n|rule|HP Percentage Mod: HP is shown in percentages\n|rule|Endless Battle Clause: Forcing endless battles is banned\n|rule|OHKO Clause: OHKO moves are banned\n|rule|Evasion Clause: Evasion abilities, items, and moves are banned\n|rule|Evasion Abilities Clause: Evasion abilities are banned\n|rule|Evasion Items Clause: Evasion items are banned\n|rule|Evasion Moves Clause: Evasion moves are banned\n|rule|Species Clause: Limit one of each Pok\u00e9mon\n|rule|Sleep Clause Mod: Limit one foe put to sleep\n|clearpoke\n|poke|p1|Spiritomb, M|\n|poke|p1|Roserade, F|\n|poke|p1|Gastrodon, F|\n|poke|p1|Milotic, F|\n|poke|p1|Togekiss, M|\n|poke|p1|Garchomp, M|\n|poke|p2|Moltres|\n|poke|p2|Necrozma|\n|poke|p2|Zamazenta-*|\n|poke|p2|Zangoose, M|\n|poke|p2|Ribombee, F|\n|poke|p2|Zoroark-Hisui, M|\n|teampreview\n|j| less might be more\n|j| TheStroker\n|inactive|Battle timer is ON: inactive players will automatically lose when time's up. (requested by BlobFiish)\n|\n|t:|1700952243\n|start\n|switch|p1a: Roserade|Roserade, F|100\/100\n|switch|p2a: no bee|Ribombee, F|100\/100\n|turn|1\n|\n|t:|1700952248\n|move|p2a: no bee|Sticky Web|p1a: Roserade\n|-sidestart|p1: BlobFiish|move: Sticky Web\n|move|p1a: Roserade|Poison Jab|p2a: no bee\n|-supereffective|p2a: no bee\n|-enditem|p2a: no bee|Focus Sash\n|-damage|p2a: no bee|1\/100\n|\n|upkeep\n|turn|2\n|l| less might be more\n|j| less might be more\n|inactive|imbwc has 120 seconds left.\n|j| kung fu pokechu\n|\n|t:|1700952288\n|switch|p1a: Togekiss|Togekiss, M|100\/100\n|move|p2a: no bee|Moonblast|p1a: Togekiss\n|-crit|p1a: Togekiss\n|-damage|p1a: Togekiss|41\/100\n|\n|upkeep\n|turn|3\n|\n|t:|1700952298\n|move|p2a: no bee|Moonblast|p1a: Togekiss\n|-damage|p1a: Togekiss|1\/100\n|move|p1a: Togekiss|Ancient Power|p2a: no bee\n|-supereffective|p2a: no bee\n|-damage|p2a: no bee|0 fnt\n|faint|p2a: no bee\n|\n|upkeep\n|\n|t:|1700952307\n|switch|p2a: champ|Zangoose, M|100\/100\n|turn|4\n|inactive|imbwc has 120 seconds left.\n|\n|t:|1700952315\n|move|p2a: champ|Quick Attack|p1a: Togekiss\n|-damage|p1a: Togekiss|0 fnt\n|faint|p1a: Togekiss\n|\n|-status|p2a: champ|tox|[from] item: Toxic Orb\n|upkeep\n|\n|t:|1700952321\n|switch|p1a: Spiritomb|Spiritomb, M|100\/100\n|-activate|p1a: Spiritomb|move: Sticky Web\n|-unboost|p1a: Spiritomb|spe|1\n|turn|5\n|\n|t:|1700952333\n|move|p1a: Spiritomb|Sucker Punch|p2a: champ\n|-damage|p2a: champ|57\/100 tox\n|move|p2a: champ|Knock Off|p1a: Spiritomb\n|-damage|p1a: Spiritomb|54\/100\n|-enditem|p1a: Spiritomb|Custap Berry|[from] move: Knock Off|[of] p2a: champ\n|\n|-damage|p2a: champ|51\/100 tox|[from] psn\n|upkeep\n|turn|6\n|\n|t:|1700952348\n|switch|p2a: lucker|Moltres|100\/100\n|move|p1a: Spiritomb|Sucker Punch||[still]\n|-fail|p1a: Spiritomb\n|\n|upkeep\n|turn|7\n|\n|t:|1700952355\n|-terastallize|p2a: lucker|Fire\n|move|p2a: lucker|Burn Up|p1a: Spiritomb\n|-damage|p1a: Spiritomb|0 fnt\n|-start|p2a: lucker|typechange|Fire|[from] move: Burn Up\n|faint|p1a: Spiritomb\n|\n|upkeep\n|\n|t:|1700952363\n|switch|p1a: Gastrodon|Gastrodon, F|100\/100\n|-activate|p1a: Gastrodon|move: Sticky Web\n|-unboost|p1a: Gastrodon|spe|1\n|turn|8\n|\n|t:|1700952373\n|move|p2a: lucker|Burn Up|p1a: Gastrodon\n|-resisted|p1a: Gastrodon\n|-damage|p1a: Gastrodon|57\/100\n|-start|p2a: lucker|typechange|Fire|[from] move: Burn Up\n|move|p1a: Gastrodon|Rain Dance|p1a: Gastrodon\n|-weather|RainDance\n|\n|-weather|RainDance|[upkeep]\n|upkeep\n|turn|9\n|\n|t:|1700952387\n|move|p2a: lucker|Hurricane|p1a: Gastrodon\n|-damage|p1a: Gastrodon|0 fnt\n|faint|p1a: Gastrodon\n|\n|-weather|RainDance|[upkeep]\n|upkeep\n|\n|t:|1700952390\n|switch|p1a: Milotic|Milotic, F|100\/100\n|-activate|p1a: Milotic|move: Sticky Web\n|-unboost|p1a: Milotic|spe|1\n|-ability|p1a: Milotic|Competitive|boost\n|-boost|p1a: Milotic|spa|2\n|turn|10\n|\n|t:|1700952399\n|move|p2a: lucker|Hurricane|p1a: Milotic\n|-damage|p1a: Milotic|55\/100\n|move|p1a: Milotic|Hydro Pump|p2a: lucker\n|-supereffective|p2a: lucker\n|-damage|p2a: lucker|0 fnt\n|faint|p2a: lucker\n|\n|-weather|RainDance|[upkeep]\n|-heal|p1a: Milotic|61\/100|[from] item: Leftovers\n|upkeep\n|j| mistahmerrikuu\n|\n|t:|1700952407\n|switch|p2a: champ|Zangoose, M|51\/100 tox\n|turn|11\n|l| kung fu pokechu\n|\n|t:|1700952424\n|move|p2a: champ|Facade|p1a: Milotic\n|-damage|p1a: Milotic|0 fnt\n|faint|p1a: Milotic\n|\n|-weather|RainDance|[upkeep]\n|-damage|p2a: champ|45\/100 tox|[from] psn\n|upkeep\n|\n|t:|1700952427\n|switch|p1a: Roserade|Roserade, F|100\/100\n|-activate|p1a: Roserade|move: Sticky Web\n|-unboost|p1a: Roserade|spe|1\n|turn|12\n|\n|t:|1700952438\n|move|p2a: champ|Facade|p1a: Roserade\n|-damage|p1a: Roserade|0 fnt\n|faint|p1a: Roserade\n|\n|-weather|none\n|-damage|p2a: champ|34\/100 tox|[from] psn\n|upkeep\n|\n|t:|1700952442\n|switch|p1a: Garchomp|Garchomp, M|100\/100\n|-activate|p1a: Garchomp|move: Sticky Web\n|-unboost|p1a: Garchomp|spe|1\n|turn|13\n|j| kung fu pokechu\n|\n|t:|1700952464\n|detailschange|p1a: Garchomp|Garchomp-Mega, M\n|-mega|p1a: Garchomp|Garchomp|Garchompite\n|move|p2a: champ|Facade|p1a: Garchomp\n|-damage|p1a: Garchomp|14\/100\n|move|p1a: Garchomp|Scale Shot|p2a: champ\n|-crit|p2a: champ\n|-damage|p2a: champ|0 fnt\n|faint|p2a: champ\n|-hitcount|p2: champ|1\n|-unboost|p1a: Garchomp|def|1\n|-boost|p1a: Garchomp|spe|1\n|\n|upkeep\n|\n|t:|1700952471\n|switch|p2a: Miss|Zamazenta|100\/100\n|-ability|p2a: Miss|Dauntless Shield|boost\n|-boost|p2a: Miss|def|1\n|turn|14\n|\n|t:|1700952481\n|move|p2a: Miss|Psychic Fangs|p1a: Garchomp\n|-damage|p1a: Garchomp|0 fnt\n|faint|p1a: Garchomp\n|\n|win|imbwc\n|raw|BlobFiish's rating: 1128 &rarr; <strong>1105<\/strong><br \/>(-23 for losing)\n|raw|imbwc's rating: 1160 &rarr; <strong>1183<\/strong><br \/>(+23 for winning)\n|l|\u2606BlobFiish\n","uploadtime":1700952490,"views":1,"p1id":"blobfiish","p2id":"imbwc","formatid":"gen9nationaldex","rating":1105,"private":0,"password":""}