{"id":"gen9nationaldex-1995665853","p1":"Raclette de Savoie","p2":"elvisma","format":"[Gen 9] National Dex","log":"|html|<div class=\"broadcast-blue\"><strong>[Gen 9] National Dex is currently suspecting Sneasler! For information on how to participate check out the <a href=\"https:\/\/www.smogon.com\/forums\/threads\/sv-national-dex-suspect-8-just-dance.3731534\/\">suspect thread<\/a>.<\/strong><\/div>\n|j|\u2606Raclette de Savoie\n|j|\u2606elvisma\n|t:|1700592121\n|gametype|singles\n|player|p1|Raclette de Savoie|emmet|1738\n|player|p2|elvisma|red-masters|1767\n|teamsize|p1|6\n|teamsize|p2|6\n|gen|9\n|tier|[Gen 9] National Dex\n|rated|\n|rule|HP Percentage Mod: HP is shown in percentages\n|rule|Endless Battle Clause: Forcing endless battles is banned\n|rule|OHKO Clause: OHKO moves are banned\n|rule|Evasion Clause: Evasion abilities, items, and moves are banned\n|rule|Evasion Abilities Clause: Evasion abilities are banned\n|rule|Evasion Items Clause: Evasion items are banned\n|rule|Evasion Moves Clause: Evasion moves are banned\n|rule|Species Clause: Limit one of each Pok\u00e9mon\n|rule|Sleep Clause Mod: Limit one foe put to sleep\n|clearpoke\n|poke|p1|Pinsir, F|\n|poke|p1|Glimmora, M|\n|poke|p1|Kommo-o, F|\n|poke|p1|Ogerpon-Wellspring, F|\n|poke|p1|Iron Moth|\n|poke|p1|Weavile, F|\n|poke|p2|Azelf|\n|poke|p2|Charizard, M|\n|poke|p2|Ribombee, F|\n|poke|p2|Great Tusk|\n|poke|p2|Ogerpon-Wellspring, F|\n|poke|p2|Victini|\n|teampreview\n|inactive|Battle timer is ON: inactive players will automatically lose when time's up. (requested by Raclette de Savoie)\n|\n|t:|1700592127\n|start\n|switch|p1a: Glimmora|Glimmora, M|100\/100\n|switch|p2a: SPIN TO WIN|Great Tusk|100\/100\n|-enditem|p2a: SPIN TO WIN|Booster Energy\n|-activate|p2a: SPIN TO WIN|ability: Protosynthesis|[fromitem]\n|-start|p2a: SPIN TO WIN|protosynthesisatk\n|turn|1\n|c|\u2606elvisma|yeah im dead\n|\n|t:|1700592140\n|move|p2a: SPIN TO WIN|Rapid Spin|p1a: Glimmora\n|-resisted|p1a: Glimmora\n|-damage|p1a: Glimmora|86\/100\n|-boost|p2a: SPIN TO WIN|spe|1\n|-activate|p1a: Glimmora|ability: Toxic Debris\n|-sidestart|p2: elvisma|move: Toxic Spikes\n|-sideend|p2: elvisma|Toxic Spikes|[from] move: Rapid Spin|[of] p2a: SPIN TO WIN\n|move|p1a: Glimmora|Mortal Spin|p2a: SPIN TO WIN\n|-resisted|p2a: SPIN TO WIN\n|-damage|p2a: SPIN TO WIN|98\/100\n|-status|p2a: SPIN TO WIN|psn\n|\n|-damage|p2a: SPIN TO WIN|86\/100 psn|[from] psn\n|upkeep\n|turn|2\n|\n|t:|1700592148\n|move|p2a: SPIN TO WIN|Close Combat|p1a: Glimmora\n|-damage|p1a: Glimmora|0 fnt\n|-unboost|p2a: SPIN TO WIN|def|1\n|-unboost|p2a: SPIN TO WIN|spd|1\n|-activate|p1a: Glimmora|ability: Toxic Debris\n|-sidestart|p2: elvisma|move: Toxic Spikes\n|faint|p1a: Glimmora\n|\n|-damage|p2a: SPIN TO WIN|73\/100 psn|[from] psn\n|upkeep\n|\n|t:|1700592152\n|switch|p1a: Ogerpon|Ogerpon-Wellspring, F|100\/100\n|turn|3\n|\n|t:|1700592156\n|move|p2a: SPIN TO WIN|Close Combat|p1a: Ogerpon\n|-damage|p1a: Ogerpon|0 fnt\n|-unboost|p2a: SPIN TO WIN|def|1\n|-unboost|p2a: SPIN TO WIN|spd|1\n|faint|p1a: Ogerpon\n|\n|-damage|p2a: SPIN TO WIN|61\/100 psn|[from] psn\n|upkeep\n|\n|t:|1700592166\n|switch|p1a: Pinsir|Pinsir, F|100\/100\n|turn|4\n|\n|t:|1700592180\n|detailschange|p1a: Pinsir|Pinsir-Mega, F\n|-mega|p1a: Pinsir|Pinsir|Pinsirite\n|-terastallize|p2a: SPIN TO WIN|Ice\n|move|p1a: Pinsir|Quick Attack|p2a: SPIN TO WIN\n|-damage|p2a: SPIN TO WIN|22\/100 psn\n|move|p2a: SPIN TO WIN|Ice Spinner|p1a: Pinsir\n|-supereffective|p1a: Pinsir\n|-damage|p1a: Pinsir|0 fnt\n|faint|p1a: Pinsir\n|\n|-damage|p2a: SPIN TO WIN|9\/100 psn|[from] psn\n|upkeep\n|c|\u2606elvisma|WORTH IT\n|\n|t:|1700592189\n|switch|p1a: Weavile|Weavile, F|100\/100\n|-ability|p1a: Weavile|Pressure\n|turn|5\n|\n|t:|1700592192\n|move|p1a: Weavile|Ice Shard|p2a: SPIN TO WIN\n|-resisted|p2a: SPIN TO WIN\n|-damage|p2a: SPIN TO WIN|0 fnt\n|faint|p2a: SPIN TO WIN\n|-end|p2a: SPIN TO WIN|Protosynthesis|[silent]\n|\n|upkeep\n|\n|t:|1700592195\n|switch|p2a: ZA BEE|Ribombee, F|100\/100\n|-status|p2a: ZA BEE|psn\n|turn|6\n|\n|t:|1700592197\n|move|p1a: Weavile|Triple Axel|p2a: ZA BEE\n|-damage|p2a: ZA BEE|80\/100 psn\n|-damage|p2a: ZA BEE|38\/100 psn\n|-damage|p2a: ZA BEE|0 fnt\n|faint|p2a: ZA BEE\n|-hitcount|p2: ZA BEE|3\n|\n|upkeep\n|\n|t:|1700592211\n|switch|p2a: V create spam|Victini|100\/100\n|-status|p2a: V create spam|psn\n|turn|7\n|c|\u2606elvisma|not banded\n|c|\u2606elvisma|is insane\n|\n|t:|1700592219\n|-terastallize|p1a: Weavile|Dark\n|move|p1a: Weavile|Knock Off|p2a: V create spam\n|-supereffective|p2a: V create spam\n|-crit|p2a: V create spam\n|-damage|p2a: V create spam|0 fnt\n|faint|p2a: V create spam\n|\n|upkeep\n|c|\u2606elvisma|MOTHER\n|\n|t:|1700592239\n|switch|p2a: ampheros|Charizard, M|100\/100\n|turn|8\n|\n|t:|1700592255\n|switch|p1a: Iron Moth|Iron Moth|100\/100\n|detailschange|p2a: ampheros|Charizard-Mega-X, M\n|-mega|p2a: ampheros|Charizard|Charizardite X\n|move|p2a: ampheros|Dragon Dance|p2a: ampheros\n|-boost|p2a: ampheros|atk|1\n|-boost|p2a: ampheros|spe|1\n|\n|upkeep\n|turn|9\n|\n|t:|1700592260\n|move|p2a: ampheros|Earthquake|p1a: Iron Moth\n|-supereffective|p1a: Iron Moth\n|-damage|p1a: Iron Moth|0 fnt\n|faint|p1a: Iron Moth\n|-end|p1a: Iron Moth|Quark Drive|[silent]\n|\n|upkeep\n|\n|t:|1700592265\n|switch|p1a: Kommo-o|Kommo-o, F|100\/100\n|turn|10\n|\n|t:|1700592270\n|move|p2a: ampheros|Dragon Claw|p1a: Kommo-o\n|-supereffective|p1a: Kommo-o\n|-damage|p1a: Kommo-o|0 fnt\n|faint|p1a: Kommo-o\n|\n|upkeep\n|c|\u2606elvisma|gg\n|\n|t:|1700592273\n|switch|p1a: Weavile|Weavile, F, tera:Dark|100\/100\n|-ability|p1a: Weavile|Pressure\n|turn|11\n|\n|t:|1700592276\n|move|p2a: ampheros|Fire Punch|p1a: Weavile\n|-damage|p1a: Weavile|0 fnt\n|faint|p1a: Weavile\n|\n|win|elvisma\n|raw|Raclette de Savoie's rating: 1738 &rarr; <strong>1720<\/strong><br \/>(-18 for losing)\n|raw|elvisma's rating: 1767 &rarr; <strong>1785<\/strong><br \/>(+18 for winning)\n|l|\u2606Raclette de Savoie\n","uploadtime":1700592279,"views":2,"p1id":"raclettedesavoie","p2id":"elvisma","formatid":"gen9nationaldex","rating":1720,"private":0,"password":""}