{"id":"gen9nationaldex-1988087072","p1":"Toxic Ariados","p2":"BoBTheFriendlyTree","format":"[Gen 9] National Dex","log":"|j|\u2606Toxic Ariados\n|j|\u2606BoBTheFriendlyTree\n|t:|1699667933\n|gametype|singles\n|player|p1|Toxic Ariados|lucas|1671\n|player|p2|BoBTheFriendlyTree|clair|1548\n|teamsize|p1|6\n|teamsize|p2|6\n|gen|9\n|tier|[Gen 9] National Dex\n|rated|\n|rule|HP Percentage Mod: HP is shown in percentages\n|rule|Endless Battle Clause: Forcing endless battles is banned\n|rule|OHKO Clause: OHKO moves are banned\n|rule|Evasion Clause: Evasion abilities, items, and moves are banned\n|rule|Evasion Abilities Clause: Evasion abilities are banned\n|rule|Evasion Items Clause: Evasion items are banned\n|rule|Evasion Moves Clause: Evasion moves are banned\n|rule|Species Clause: Limit one of each Pok\u00e9mon\n|rule|Sleep Clause Mod: Limit one foe put to sleep\n|clearpoke\n|poke|p1|Grimmsnarl, M|\n|poke|p1|Okidogi, M|\n|poke|p1|Volcarona, F|\n|poke|p1|Great Tusk|\n|poke|p1|Ogerpon-Cornerstone, F|\n|poke|p1|Jirachi|\n|poke|p2|Rillaboom, M|\n|poke|p2|Sandy Shocks|\n|poke|p2|Samurott-Hisui, F|\n|poke|p2|Charizard, F|\n|poke|p2|Great Tusk|\n|poke|p2|Dragonite, F|\n|teampreview\n|inactive|Battle timer is ON: inactive players will automatically lose when time's up. (requested by BoBTheFriendlyTree)\n|\n|t:|1699667944\n|start\n|switch|p1a: Ogerpon|Ogerpon-Cornerstone, F|100\/100\n|switch|p2a: Samurott|Samurott-Hisui, F|100\/100\n|turn|1\n|\n|t:|1699667956\n|move|p2a: Samurott|Sacred Sword|p1a: Ogerpon\n|-supereffective|p1a: Ogerpon\n|-ability|p1a: Ogerpon|Sturdy\n|-damage|p1a: Ogerpon|1\/100\n|move|p1a: Ogerpon|Horn Leech|p2a: Samurott\n|-supereffective|p2a: Samurott\n|-damage|p2a: Samurott|0 fnt\n|-heal|p1a: Ogerpon|54\/100|[from] drain|[of] p2a: Samurott\n|faint|p2a: Samurott\n|\n|upkeep\n|inactive|BoBTheFriendlyTree has 120 seconds left.\n|\n|t:|1699668006\n|switch|p2a: Rillaboom|Rillaboom, M|100\/100\n|-fieldstart|move: Grassy Terrain|[from] ability: Grassy Surge|[of] p2a: Rillaboom\n|turn|2\n|\n|t:|1699668011\n|switch|p1a: Solstice|Volcarona, F|100\/100\n|move|p2a: Rillaboom|U-turn|p1a: Solstice\n|-resisted|p1a: Solstice\n|-damage|p1a: Solstice|84\/100\n|inactive|BoBTheFriendlyTree has 90 seconds left.\n|inactive|BoBTheFriendlyTree has 60 seconds left.\n|\n|t:|1699668072\n|switch|p2a: Charizard|Charizard, F|100\/100|[from] U-turn\n|\n|-heal|p1a: Solstice|90\/100|[from] Grassy Terrain\n|upkeep\n|turn|3\n|\n|t:|1699668079\n|switch|p1a: Diablo|Grimmsnarl, M|100\/100\n|detailschange|p2a: Charizard|Charizard-Mega-Y, F\n|-mega|p2a: Charizard|Charizard|Charizardite Y\n|-weather|SunnyDay|[from] ability: Drought|[of] p2a: Charizard\n|move|p2a: Charizard|Fire Blast|p1a: Diablo\n|-damage|p1a: Diablo|24\/100\n|\n|-weather|SunnyDay|[upkeep]\n|-heal|p1a: Diablo|30\/100|[from] Grassy Terrain\n|upkeep\n|turn|4\n|inactive|BoBTheFriendlyTree has 60 seconds left.\n|\n|t:|1699668103\n|move|p1a: Diablo|Light Screen|p1a: Diablo\n|-sidestart|p1: Toxic Ariados|move: Light Screen\n|move|p2a: Charizard|Fire Blast|p1a: Diablo\n|-damage|p1a: Diablo|0 fnt\n|faint|p1a: Diablo\n|\n|-weather|SunnyDay|[upkeep]\n|upkeep\n|\n|t:|1699668112\n|switch|p1a: Solstice|Volcarona, F|90\/100\n|turn|5\n|\n|t:|1699668117\n|switch|p2a: Dragonite|Dragonite, F|100\/100\n|move|p1a: Solstice|Quiver Dance|p1a: Solstice\n|-boost|p1a: Solstice|spa|1\n|-boost|p1a: Solstice|spd|1\n|-boost|p1a: Solstice|spe|1\n|\n|-weather|SunnyDay|[upkeep]\n|-heal|p1a: Solstice|96\/100|[from] Grassy Terrain\n|upkeep\n|turn|6\n|\n|t:|1699668122\n|move|p1a: Solstice|Fiery Dance|p2a: Dragonite\n|-resisted|p2a: Dragonite\n|-damage|p2a: Dragonite|74\/100\n|-boost|p1a: Solstice|spa|1\n|move|p2a: Dragonite|Dragon Dance|p2a: Dragonite\n|-boost|p2a: Dragonite|atk|1\n|-boost|p2a: Dragonite|spe|1\n|\n|-weather|SunnyDay|[upkeep]\n|-heal|p1a: Solstice|100\/100|[from] Grassy Terrain\n|-heal|p2a: Dragonite|81\/100|[from] item: Leftovers\n|upkeep\n|turn|7\n|\n|t:|1699668128\n|move|p1a: Solstice|Hidden Power|p2a: Dragonite\n|-supereffective|p2a: Dragonite\n|-damage|p2a: Dragonite|0 fnt\n|faint|p2a: Dragonite\n|\n|-weather|none\n|upkeep\n|\n|t:|1699668139\n|switch|p2a: Sandy Shocks|Sandy Shocks|100\/100\n|turn|8\n|\n|t:|1699668154\n|move|p2a: Sandy Shocks|Power Gem|p1a: Solstice\n|-supereffective|p1a: Solstice\n|-damage|p1a: Solstice|65\/100\n|move|p1a: Solstice|Giga Drain|p2a: Sandy Shocks\n|-supereffective|p2a: Sandy Shocks\n|-damage|p2a: Sandy Shocks|0 fnt\n|-heal|p1a: Solstice|100\/100|[from] drain|[of] p2a: Sandy Shocks\n|faint|p2a: Sandy Shocks\n|-end|p2a: Sandy Shocks|Protosynthesis|[silent]\n|\n|upkeep\n|inactive|BoBTheFriendlyTree has 90 seconds left.\n|c|\u2606Toxic Ariados|oh wow\n|j| Ineros\n|c|\u2606Toxic Ariados|i took that like a boss\n|-message|BoBTheFriendlyTree forfeited.\n|\n|win|Toxic Ariados\n|raw|Toxic Ariados's rating: 1671 &rarr; <strong>1684<\/strong><br \/>(+13 for winning)\n|raw|BoBTheFriendlyTree's rating: 1548 &rarr; <strong>1535<\/strong><br \/>(-13 for losing)\n|l|\u2606BoBTheFriendlyTree\n|l| Ineros\n","uploadtime":1699668182,"views":4,"p1id":"toxicariados","p2id":"bobthefriendlytree","formatid":"gen9nationaldex","rating":1535,"private":0,"password":""}