{"id":"gen9nationaldex-1999411574","p1":"Prtbl_Trash","p2":"howtoplay11","format":"[Gen 9] National Dex","log":"|html|<div class=\"broadcast-blue\"><strong>[Gen 9] National Dex is currently suspecting Sneasler! For information on how to participate check out the <a href=\"https:\/\/www.smogon.com\/forums\/threads\/sv-national-dex-suspect-8-just-dance.3731534\/\">suspect thread<\/a>.<\/strong><\/div>\n|j|\u2606Prtbl_Trash\n|j|\u2606howtoplay11\n|t:|1701076057\n|gametype|singles\n|player|p1|Prtbl_Trash|rosa|1323\n|player|p2|howtoplay11|elesa|1383\n|teamsize|p1|6\n|teamsize|p2|6\n|gen|9\n|tier|[Gen 9] National Dex\n|rated|\n|rule|HP Percentage Mod: HP is shown in percentages\n|rule|Endless Battle Clause: Forcing endless battles is banned\n|rule|OHKO Clause: OHKO moves are banned\n|rule|Evasion Clause: Evasion abilities, items, and moves are banned\n|rule|Evasion Abilities Clause: Evasion abilities are banned\n|rule|Evasion Items Clause: Evasion items are banned\n|rule|Evasion Moves Clause: Evasion moves are banned\n|rule|Species Clause: Limit one of each Pok\u00e9mon\n|rule|Sleep Clause Mod: Limit one foe put to sleep\n|clearpoke\n|poke|p1|Manectric, F|\n|poke|p1|Samurott-Hisui, M|\n|poke|p1|Zapdos-Galar|\n|poke|p1|Skeledirge, M|\n|poke|p1|Tsareena, F|\n|poke|p1|Weavile, M|\n|poke|p2|Rotom-Wash|\n|poke|p2|Tapu Koko|\n|poke|p2|Corviknight, F|\n|poke|p2|Ditto|\n|poke|p2|Scizor, F|\n|poke|p2|Heatran, M|\n|teampreview\n|inactive|Battle timer is ON: inactive players will automatically lose when time's up. (requested by Prtbl_Trash)\n|\n|t:|1701076068\n|start\n|switch|p1a: Manectric|Manectric, F|100\/100\n|switch|p2a: Rotom|Rotom-Wash|100\/100\n|turn|1\n|\n|t:|1701076078\n|move|p1a: Manectric|Volt Switch|p2a: Rotom\n|-damage|p2a: Rotom|66\/100\n|\n|t:|1701076082\n|switch|p1a: Tsareena|Tsareena, F|100\/100|[from] Volt Switch\n|move|p2a: Rotom|Volt Switch|p1a: Tsareena\n|-resisted|p1a: Tsareena\n|-damage|p1a: Tsareena|93\/100\n|\n|t:|1701076088\n|switch|p2a: Scizor|Scizor, F|100\/100|[from] Volt Switch\n|\n|upkeep\n|turn|2\n|\n|t:|1701076109\n|detailschange|p2a: Scizor|Scizor-Mega, F\n|-mega|p2a: Scizor|Scizor|Scizorite\n|move|p2a: Scizor|Swords Dance|p2a: Scizor\n|-boost|p2a: Scizor|atk|2\n|move|p1a: Tsareena|U-turn|p2a: Scizor\n|-resisted|p2a: Scizor\n|-damage|p2a: Scizor|93\/100\n|\n|t:|1701076116\n|switch|p1a: Skeledirge|Skeledirge, M|100\/100|[from] U-turn\n|\n|upkeep\n|turn|3\n|\n|t:|1701076121\n|switch|p2a: Rotom|Rotom-Wash|66\/100\n|switch|p1a: Samurott|Samurott-Hisui, M|100\/100\n|\n|-heal|p2a: Rotom|72\/100|[from] item: Leftovers\n|upkeep\n|turn|4\n|\n|t:|1701076130\n|move|p1a: Samurott|Ceaseless Edge|p2a: Rotom\n|-damage|p2a: Rotom|40\/100\n|-sidestart|p2: howtoplay11|Spikes\n|move|p2a: Rotom|Will-O-Wisp|p1a: Samurott\n|-status|p1a: Samurott|brn\n|\n|-heal|p2a: Rotom|46\/100|[from] item: Leftovers\n|-damage|p1a: Samurott|94\/100 brn|[from] brn\n|upkeep\n|turn|5\n|\n|t:|1701076138\n|move|p1a: Samurott|Ceaseless Edge|p2a: Rotom\n|-damage|p2a: Rotom|29\/100\n|-sidestart|p2: howtoplay11|Spikes\n|move|p2a: Rotom|Pain Split|p1a: Samurott\n|-sethp|p1a: Samurott|61\/100 brn|[from] move: Pain Split|[silent]\n|-sethp|p2a: Rotom|64\/100|[from] move: Pain Split\n|\n|-heal|p2a: Rotom|71\/100|[from] item: Leftovers\n|-damage|p1a: Samurott|55\/100 brn|[from] brn\n|upkeep\n|turn|6\n|\n|t:|1701076147\n|switch|p1a: Manectric|Manectric, F|100\/100\n|move|p2a: Rotom|Volt Switch|p1a: Manectric\n|-ability|p1a: Manectric|Lightning Rod|boost\n|-boost|p1a: Manectric|spa|1\n|\n|-heal|p2a: Rotom|77\/100|[from] item: Leftovers\n|upkeep\n|turn|7\n|\n|t:|1701076157\n|detailschange|p1a: Manectric|Manectric-Mega, F\n|-mega|p1a: Manectric|Manectric|Manectite\n|-ability|p1a: Manectric|Intimidate|boost\n|-unboost|p2a: Rotom|atk|1\n|move|p1a: Manectric|Discharge|p2a: Rotom\n|-crit|p2a: Rotom\n|-damage|p2a: Rotom|0 fnt\n|faint|p2a: Rotom\n|\n|upkeep\n|\n|t:|1701076170\n|switch|p2a: Heatran|Heatran, M|100\/100\n|-damage|p2a: Heatran|84\/100|[from] Spikes\n|turn|8\n|\n|t:|1701076196\n|-terastallize|p2a: Heatran|Grass\n|move|p1a: Manectric|Volt Switch|p2a: Heatran\n|-resisted|p2a: Heatran\n|-damage|p2a: Heatran|66\/100\n|\n|t:|1701076203\n|switch|p1a: Samurott|Samurott-Hisui, M|55\/100 brn|[from] Volt Switch\n|move|p2a: Heatran|Earth Power|p1a: Samurott\n|-damage|p1a: Samurott|13\/100 brn\n|\n|-heal|p2a: Heatran|72\/100|[from] item: Leftovers\n|-damage|p1a: Samurott|7\/100 brn|[from] brn\n|upkeep\n|turn|9\n|\n|t:|1701076212\n|move|p1a: Samurott|Knock Off|p2a: Heatran\n|-damage|p2a: Heatran|55\/100\n|-enditem|p2a: Heatran|Leftovers|[from] move: Knock Off|[of] p1a: Samurott\n|move|p2a: Heatran|Stealth Rock|p1a: Samurott\n|-sidestart|p1: Prtbl_Trash|move: Stealth Rock\n|\n|-damage|p1a: Samurott|1\/100 brn|[from] brn\n|upkeep\n|turn|10\n|inactive|howtoplay11 has 120 seconds left.\n|\n|t:|1701076256\n|move|p1a: Samurott|Knock Off|p2a: Heatran\n|-damage|p2a: Heatran|43\/100\n|move|p2a: Heatran|Stealth Rock||[still]\n|-fail|p2a: Heatran\n|\n|-damage|p1a: Samurott|0 fnt|[from] brn\n|faint|p1a: Samurott\n|upkeep\n|\n|t:|1701076265\n|switch|p1a: Weavile|Weavile, M|100\/100\n|-damage|p1a: Weavile|76\/100|[from] Stealth Rock\n|-ability|p1a: Weavile|Pressure\n|turn|11\n|\n|t:|1701076272\n|move|p1a: Weavile|Triple Axel|p2a: Heatran\n|-supereffective|p2a: Heatran\n|-damage|p2a: Heatran|15\/100\n|-supereffective|p2a: Heatran\n|-damage|p2a: Heatran|0 fnt\n|faint|p2a: Heatran\n|-hitcount|p2: Heatran|2\n|\n|upkeep\n|\n|t:|1701076277\n|switch|p2a: Scizor|Scizor-Mega, F|93\/100\n|-damage|p2a: Scizor|77\/100|[from] Spikes\n|turn|12\n|inactive|howtoplay11 has 120 seconds left.\n|\n|t:|1701076298\n|switch|p1a: Skeledirge|Skeledirge, M|100\/100\n|switch|p2a: Tapu Koko|Tapu Koko|100\/100\n|-fieldstart|move: Electric Terrain|[from] ability: Electric Surge|[of] p2a: Tapu Koko\n|\n|upkeep\n|turn|13\n|\n|t:|1701076311\n|move|p2a: Tapu Koko|Thunderbolt|p1a: Skeledirge\n|-damage|p1a: Skeledirge|52\/100\n|move|p1a: Skeledirge|Torch Song|p2a: Tapu Koko\n|-damage|p2a: Tapu Koko|56\/100\n|-boost|p1a: Skeledirge|spa|1\n|\n|upkeep\n|turn|14\n|\n|t:|1701076329\n|move|p2a: Tapu Koko|Thunderbolt|p1a: Skeledirge\n|-damage|p1a: Skeledirge|2\/100\n|move|p1a: Skeledirge|Slack Off|p1a: Skeledirge\n|-heal|p1a: Skeledirge|53\/100\n|\n|upkeep\n|turn|15\n|\n|t:|1701076335\n|move|p2a: Tapu Koko|Thunderbolt|p1a: Skeledirge\n|-damage|p1a: Skeledirge|0 fnt\n|faint|p1a: Skeledirge\n|\n|upkeep\n|\n|t:|1701076345\n|switch|p1a: Manectric|Manectric-Mega, F|100\/100\n|-damage|p1a: Manectric|88\/100|[from] Stealth Rock\n|-ability|p1a: Manectric|Intimidate|boost\n|-unboost|p2a: Tapu Koko|atk|1\n|turn|16\n|\n|t:|1701076373\n|switch|p2a: Scizor|Scizor-Mega, F|77\/100\n|-damage|p2a: Scizor|60\/100|[from] Spikes\n|move|p1a: Manectric|Overheat|p2a: Scizor\n|-supereffective|p2a: Scizor\n|-damage|p2a: Scizor|0 fnt\n|-unboost|p1a: Manectric|spa|2\n|faint|p2a: Scizor\n|\n|-fieldend|move: Electric Terrain\n|upkeep\n|\n|t:|1701076381\n|switch|p2a: Tapu Koko|Tapu Koko|56\/100\n|-fieldstart|move: Electric Terrain|[from] ability: Electric Surge|[of] p2a: Tapu Koko\n|turn|17\n|\n|t:|1701076393\n|switch|p1a: Tsareena|Tsareena, F|93\/100\n|-damage|p1a: Tsareena|80\/100|[from] Stealth Rock\n|move|p2a: Tapu Koko|Thunderbolt|p1a: Tsareena\n|-resisted|p1a: Tsareena\n|-damage|p1a: Tsareena|64\/100\n|\n|upkeep\n|turn|18\n|\n|t:|1701076402\n|switch|p2a: Corviknight|Corviknight, F|100\/100\n|-ability|p2a: Corviknight|Pressure\n|move|p1a: Tsareena|Rapid Spin|p2a: Corviknight\n|-resisted|p2a: Corviknight\n|-damage|p2a: Corviknight|95\/100\n|-boost|p1a: Tsareena|spe|1\n|-damage|p1a: Tsareena|47\/100|[from] item: Rocky Helmet|[of] p2a: Corviknight\n|-sideend|p1: Prtbl_Trash|Stealth Rock|[from] move: Rapid Spin|[of] p1a: Tsareena\n|\n|upkeep\n|turn|19\n|\n|t:|1701076416\n|move|p1a: Tsareena|U-turn|p2a: Corviknight\n|-resisted|p2a: Corviknight\n|-damage|p2a: Corviknight|91\/100\n|-damage|p1a: Tsareena|31\/100|[from] item: Rocky Helmet|[of] p2a: Corviknight\n|\n|t:|1701076418\n|switch|p1a: Zapdos|Zapdos-Galar|100\/100|[from] U-turn\n|move|p2a: Corviknight|Brave Bird|p1a: Zapdos\n|-supereffective|p1a: Zapdos\n|-damage|p1a: Zapdos|10\/100\n|-damage|p2a: Corviknight|67\/100|[from] Recoil\n|\n|upkeep\n|turn|20\n|\n|t:|1701076429\n|move|p1a: Zapdos|Blaze Kick|p2a: Corviknight|[miss]\n|-miss|p1a: Zapdos|p2a: Corviknight\n|move|p2a: Corviknight|Brave Bird|p1a: Zapdos\n|-supereffective|p1a: Zapdos\n|-damage|p1a: Zapdos|0 fnt\n|faint|p1a: Zapdos\n|-damage|p2a: Corviknight|64\/100|[from] Recoil\n|\n|upkeep\n|\n|t:|1701076432\n|switch|p1a: Manectric|Manectric-Mega, F|88\/100\n|-ability|p1a: Manectric|Intimidate|boost\n|-unboost|p2a: Corviknight|atk|1\n|turn|21\n|inactive|howtoplay11 has 120 seconds left.\n|inactive|howtoplay11 has 90 seconds left.\n|\n|t:|1701076483\n|switch|p2a: Tapu Koko|Tapu Koko|56\/100\n|move|p1a: Manectric|Volt Switch|p2a: Tapu Koko\n|-resisted|p2a: Tapu Koko\n|-damage|p2a: Tapu Koko|21\/100\n|\n|t:|1701076491\n|switch|p1a: Weavile|Weavile, M|76\/100|[from] Volt Switch\n|-ability|p1a: Weavile|Pressure\n|\n|-fieldend|move: Electric Terrain\n|upkeep\n|turn|22\n|\n|t:|1701076501\n|move|p1a: Weavile|Ice Shard|p2a: Tapu Koko\n|-crit|p2a: Tapu Koko\n|-damage|p2a: Tapu Koko|0 fnt\n|faint|p2a: Tapu Koko\n|\n|upkeep\n|\n|t:|1701076510\n|switch|p2a: Corviknight|Corviknight, F|64\/100\n|-ability|p2a: Corviknight|Pressure\n|turn|23\n|\n|t:|1701076517\n|switch|p1a: Manectric|Manectric-Mega, F|88\/100\n|-ability|p1a: Manectric|Intimidate|boost\n|-unboost|p2a: Corviknight|atk|1\n|move|p2a: Corviknight|Body Press|p1a: Manectric\n|-damage|p1a: Manectric|54\/100\n|\n|upkeep\n|turn|24\n|\n|t:|1701076531\n|move|p1a: Manectric|Overheat|p2a: Corviknight\n|-supereffective|p2a: Corviknight\n|-damage|p2a: Corviknight|0 fnt\n|-unboost|p1a: Manectric|spa|2\n|faint|p2a: Corviknight\n|\n|upkeep\n|\n|t:|1701076534\n|switch|p2a: Ditto|Ditto|100\/100\n|-damage|p2a: Ditto|84\/100|[from] Spikes\n|-transform|p2a: Ditto|p1a: Manectric|[from] ability: Imposter\n|-ability|p2a: Ditto|Intimidate|boost\n|-unboost|p1a: Manectric|atk|1\n|turn|25\n|\n|t:|1701076545\n|switch|p1a: Tsareena|Tsareena, F|31\/100\n|move|p2a: Ditto|Overheat|p1a: Tsareena\n|-supereffective|p1a: Tsareena\n|-damage|p1a: Tsareena|0 fnt\n|-unboost|p2a: Ditto|spa|2\n|faint|p1a: Tsareena\n|\n|upkeep\n|\n|t:|1701076552\n|switch|p1a: Weavile|Weavile, M|76\/100\n|-ability|p1a: Weavile|Pressure\n|turn|26\n|\n|t:|1701076560\n|-terastallize|p1a: Weavile|Ice\n|move|p2a: Ditto|Overheat|p1a: Weavile\n|-supereffective|p1a: Weavile\n|-damage|p1a: Weavile|36\/100\n|-unboost|p2a: Ditto|spa|2\n|move|p1a: Weavile|Triple Axel|p2a: Ditto\n|-damage|p2a: Ditto|59\/100\n|-damage|p2a: Ditto|9\/100\n|-damage|p2a: Ditto|0 fnt\n|faint|p2a: Ditto\n|-hitcount|p2: Ditto|3\n|\n|win|Prtbl_Trash\n|raw|Prtbl_Trash's rating: 1323 &rarr; <strong>1346<\/strong><br \/>(+23 for winning)\n|raw|howtoplay11's rating: 1383 &rarr; <strong>1360<\/strong><br \/>(-23 for losing)\n|l|\u2606howtoplay11\n","uploadtime":1701076583,"views":4,"p1id":"prtbltrash","p2id":"howtoplay11","formatid":"gen9nationaldex","rating":1346,"private":0,"password":""}