{"id":"gen9nationaldex-1990169221","p1":"Gomaito","p2":"X3N037","format":"[Gen 9] National Dex","log":"|j|\u2606Gomaito\n|j|\u2606X3N037\n|t:|1699932284\n|gametype|singles\n|player|p1|Gomaito|rocketgrunt|1259\n|player|p2|X3N037|unknown|1305\n|teamsize|p1|6\n|teamsize|p2|6\n|gen|9\n|tier|[Gen 9] National Dex\n|rated|\n|rule|HP Percentage Mod: HP is shown in percentages\n|rule|Endless Battle Clause: Forcing endless battles is banned\n|rule|OHKO Clause: OHKO moves are banned\n|rule|Evasion Clause: Evasion abilities, items, and moves are banned\n|rule|Evasion Abilities Clause: Evasion abilities are banned\n|rule|Evasion Items Clause: Evasion items are banned\n|rule|Evasion Moves Clause: Evasion moves are banned\n|rule|Species Clause: Limit one of each Pok\u00e9mon\n|rule|Sleep Clause Mod: Limit one foe put to sleep\n|clearpoke\n|poke|p1|Great Tusk|\n|poke|p1|Porygon2|\n|poke|p1|Hydreigon, M|\n|poke|p1|Aegislash, M|\n|poke|p1|Cinderace, F|\n|poke|p1|Galvantula, F|\n|poke|p2|Serperior, M|\n|poke|p2|Ceruledge, F|\n|poke|p2|Milotic, F|\n|poke|p2|Grimmsnarl, M|\n|poke|p2|Haxorus, M|\n|poke|p2|Scizor, M|\n|teampreview\n|inactive|Battle timer is ON: inactive players will automatically lose when time's up. (requested by Gomaito)\n|\n|t:|1699932295\n|start\n|switch|p1a: Galvantula|Galvantula, F|100\/100\n|switch|p2a: Grimmsnarl|Grimmsnarl, M|100\/100\n|turn|1\n|\n|t:|1699932304\n|move|p2a: Grimmsnarl|Parting Shot|p1a: Galvantula\n|-unboost|p1a: Galvantula|atk|1\n|-unboost|p1a: Galvantula|spa|1\n|\n|t:|1699932308\n|switch|p2a: Scizor|Scizor, M|100\/100|[from] Parting Shot\n|move|p1a: Galvantula|Thunder Wave|p2a: Scizor\n|-status|p2a: Scizor|par\n|\n|upkeep\n|turn|2\n|\n|t:|1699932321\n|switch|p1a: Colmilargo|Great Tusk|100\/100\n|detailschange|p2a: Scizor|Scizor-Mega, M\n|-mega|p2a: Scizor|Scizor|Scizorite\n|move|p2a: Scizor|Dual Wingbeat|p1a: Colmilargo\n|-supereffective|p1a: Colmilargo\n|-damage|p1a: Colmilargo|75\/100\n|-supereffective|p1a: Colmilargo\n|-damage|p1a: Colmilargo|50\/100\n|-hitcount|p1a: Colmilargo|2\n|\n|-heal|p1a: Colmilargo|56\/100|[from] item: Leftovers\n|upkeep\n|turn|3\n|\n|t:|1699932330\n|move|p1a: Colmilargo|Body Press|p2a: Scizor\n|-damage|p2a: Scizor|66\/100 par\n|move|p2a: Scizor|Trailblaze|p1a: Colmilargo\n|-supereffective|p1a: Colmilargo\n|-damage|p1a: Colmilargo|27\/100\n|-boost|p2a: Scizor|spe|1\n|\n|-heal|p1a: Colmilargo|33\/100|[from] item: Leftovers\n|upkeep\n|turn|4\n|\n|t:|1699932337\n|move|p1a: Colmilargo|Body Press|p2a: Scizor\n|-damage|p2a: Scizor|31\/100 par\n|move|p2a: Scizor|Roost|p2a: Scizor\n|-heal|p2a: Scizor|81\/100 par\n|-singleturn|p2a: Scizor|move: Roost\n|\n|-heal|p1a: Colmilargo|39\/100|[from] item: Leftovers\n|upkeep\n|turn|5\n|\n|t:|1699932341\n|move|p1a: Colmilargo|Body Press|p2a: Scizor\n|-damage|p2a: Scizor|45\/100 par\n|cant|p2a: Scizor|par\n|\n|-heal|p1a: Colmilargo|46\/100|[from] item: Leftovers\n|upkeep\n|turn|6\n|\n|t:|1699932346\n|move|p1a: Colmilargo|Body Press|p2a: Scizor\n|-damage|p2a: Scizor|13\/100 par\n|move|p2a: Scizor|Roost|p2a: Scizor\n|-heal|p2a: Scizor|63\/100 par\n|-singleturn|p2a: Scizor|move: Roost\n|\n|-heal|p1a: Colmilargo|52\/100|[from] item: Leftovers\n|upkeep\n|turn|7\n|\n|t:|1699932353\n|move|p1a: Colmilargo|Body Press|p2a: Scizor\n|-damage|p2a: Scizor|27\/100 par\n|cant|p2a: Scizor|par\n|\n|-heal|p1a: Colmilargo|58\/100|[from] item: Leftovers\n|upkeep\n|turn|8\n|\n|t:|1699932359\n|switch|p2a: Ceruledge|Ceruledge, F|100\/100\n|move|p1a: Colmilargo|Body Press|p2a: Ceruledge\n|-immune|p2a: Ceruledge\n|\n|-heal|p1a: Colmilargo|64\/100|[from] item: Leftovers\n|upkeep\n|turn|9\n|\n|t:|1699932362\n|move|p2a: Ceruledge|Swords Dance|p2a: Ceruledge\n|-boost|p2a: Ceruledge|atk|2\n|move|p1a: Colmilargo|Knock Off|p2a: Ceruledge\n|-supereffective|p2a: Ceruledge\n|-damage|p2a: Ceruledge|28\/100\n|-enditem|p2a: Ceruledge|Focus Sash|[from] move: Knock Off|[of] p1a: Colmilargo\n|\n|-heal|p1a: Colmilargo|71\/100|[from] item: Leftovers\n|upkeep\n|turn|10\n|\n|t:|1699932372\n|move|p2a: Ceruledge|Psycho Cut|p1a: Colmilargo\n|-supereffective|p1a: Colmilargo\n|-crit|p1a: Colmilargo\n|-damage|p1a: Colmilargo|7\/100\n|move|p1a: Colmilargo|Knock Off|p2a: Ceruledge\n|-supereffective|p2a: Ceruledge\n|-damage|p2a: Ceruledge|0 fnt\n|faint|p2a: Ceruledge\n|\n|-heal|p1a: Colmilargo|14\/100|[from] item: Leftovers\n|upkeep\n|\n|t:|1699932378\n|switch|p2a: Scizor|Scizor-Mega, M|27\/100 par\n|turn|11\n|\n|t:|1699932385\n|cant|p2a: Scizor|par\n|move|p1a: Colmilargo|Body Press|p2a: Scizor\n|-damage|p2a: Scizor|0 fnt\n|faint|p2a: Scizor\n|\n|-heal|p1a: Colmilargo|20\/100|[from] item: Leftovers\n|upkeep\n|\n|t:|1699932391\n|switch|p2a: Serperior|Serperior, M|100\/100\n|turn|12\n|\n|t:|1699932397\n|move|p2a: Serperior|Leaf Storm|p1a: Colmilargo\n|-supereffective|p1a: Colmilargo\n|-damage|p1a: Colmilargo|0 fnt\n|-boost|p2a: Serperior|spa|2\n|faint|p1a: Colmilargo\n|-end|p1a: Colmilargo|Protosynthesis|[silent]\n|\n|upkeep\n|\n|t:|1699932402\n|switch|p1a: Galvantula|Galvantula, F|100\/100\n|turn|13\n|\n|t:|1699932411\n|move|p2a: Serperior|Dragon Pulse|p1a: Galvantula\n|-damage|p1a: Galvantula|25\/100\n|move|p1a: Galvantula|Thunder|p2a: Serperior\n|-resisted|p2a: Serperior\n|-damage|p2a: Serperior|74\/100\n|-status|p2a: Serperior|par\n|\n|-heal|p2a: Serperior|80\/100 par|[from] item: Leftovers\n|upkeep\n|turn|14\n|\n|t:|1699932420\n|move|p1a: Galvantula|Sticky Web|p2a: Serperior\n|-sidestart|p2: X3N037|move: Sticky Web\n|move|p2a: Serperior|Leaf Storm|p1a: Galvantula\n|-resisted|p1a: Galvantula\n|-damage|p1a: Galvantula|0 fnt\n|-boost|p2a: Serperior|spa|2\n|faint|p1a: Galvantula\n|\n|-heal|p2a: Serperior|86\/100 par|[from] item: Leftovers\n|upkeep\n|\n|t:|1699932425\n|switch|p1a: Cinderace|Cinderace, F|100\/100\n|turn|15\n|\n|t:|1699932448\n|switch|p2a: Milotic|Milotic, F, shiny|100\/100\n|-activate|p2a: Milotic|move: Sticky Web\n|-unboost|p2a: Milotic|spe|1\n|-ability|p2a: Milotic|Competitive|boost\n|-boost|p2a: Milotic|spa|2\n|move|p1a: Cinderace|U-turn|p2a: Milotic\n|-start|p1a: Cinderace|typechange|Bug|[from] ability: Libero\n|-damage|p2a: Milotic|68\/100\n|-damage|p1a: Cinderace|91\/100|[from] item: Life Orb\n|\n|t:|1699932459\n|switch|p1a: Hydreigon|Hydreigon, M|100\/100|[from] U-turn\n|\n|upkeep\n|turn|16\n|\n|t:|1699932465\n|-terastallize|p2a: Milotic|Fairy\n|move|p1a: Hydreigon|Dark Pulse|p2a: Milotic\n|-resisted|p2a: Milotic\n|-damage|p2a: Milotic|58\/100\n|cant|p2a: Milotic|flinch\n|\n|upkeep\n|turn|17\n|\n|t:|1699932475\n|switch|p1a: Porygon2|Porygon2|100\/100\n|-ability|p1a: Porygon2|Competitive|[from] ability: Trace|[of] p2a: Milotic\n|move|p2a: Milotic|Draining Kiss|p1a: Porygon2\n|-damage|p1a: Porygon2|83\/100\n|-heal|p2a: Milotic|70\/100|[from] drain|[of] p1a: Porygon2\n|\n|upkeep\n|turn|18\n|\n|t:|1699932483\n|move|p1a: Porygon2|Toxic|p2a: Milotic\n|-status|p2a: Milotic|tox\n|move|p2a: Milotic|Ice Beam|p1a: Porygon2\n|-damage|p1a: Porygon2|64\/100\n|\n|-damage|p2a: Milotic|64\/100 tox|[from] psn\n|upkeep\n|turn|19\n|\n|t:|1699932488\n|move|p1a: Porygon2|Discharge|p2a: Milotic\n|-damage|p2a: Milotic|55\/100 tox\n|move|p2a: Milotic|Scald|p1a: Porygon2\n|-damage|p1a: Porygon2|40\/100\n|-status|p1a: Porygon2|brn\n|\n|-damage|p2a: Milotic|43\/100 tox|[from] psn\n|-damage|p1a: Porygon2|34\/100 brn|[from] brn\n|upkeep\n|turn|20\n|\n|t:|1699932495\n|move|p1a: Porygon2|Recover|p1a: Porygon2\n|-heal|p1a: Porygon2|84\/100 brn\n|move|p2a: Milotic|Scald|p1a: Porygon2\n|-damage|p1a: Porygon2|57\/100 brn\n|\n|-damage|p2a: Milotic|25\/100 tox|[from] psn\n|-damage|p1a: Porygon2|51\/100 brn|[from] brn\n|upkeep\n|turn|21\n|\n|t:|1699932503\n|move|p1a: Porygon2|Recover|p1a: Porygon2\n|-heal|p1a: Porygon2|100\/100 brn\n|move|p2a: Milotic|Draining Kiss|p1a: Porygon2\n|-damage|p1a: Porygon2|83\/100 brn\n|-heal|p2a: Milotic|37\/100 tox|[from] drain|[of] p1a: Porygon2\n|\n|-damage|p2a: Milotic|13\/100 tox|[from] psn\n|-damage|p1a: Porygon2|76\/100 brn|[from] brn\n|upkeep\n|turn|22\n|\n|t:|1699932518\n|switch|p2a: Haxorus|Haxorus, M, shiny|100\/100\n|-activate|p2a: Haxorus|move: Sticky Web\n|-unboost|p2a: Haxorus|spe|1\n|-ability|p2a: Haxorus|Mold Breaker\n|move|p1a: Porygon2|Recover|p1a: Porygon2\n|-heal|p1a: Porygon2|100\/100 brn\n|\n|-damage|p1a: Porygon2|94\/100 brn|[from] brn\n|upkeep\n|turn|23\n|\n|t:|1699932522\n|move|p2a: Haxorus|Dragon Dance|p2a: Haxorus\n|-boost|p2a: Haxorus|atk|1\n|-boost|p2a: Haxorus|spe|1\n|move|p1a: Porygon2|Ice Beam|p2a: Haxorus\n|-supereffective|p2a: Haxorus\n|-damage|p2a: Haxorus|36\/100\n|\n|-damage|p1a: Porygon2|88\/100 brn|[from] brn\n|upkeep\n|turn|24\n|\n|t:|1699932536\n|move|p2a: Haxorus|Outrage|p1a: Porygon2\n|-damage|p1a: Porygon2|14\/100 brn\n|move|p1a: Porygon2|Ice Beam|p2a: Haxorus\n|-supereffective|p2a: Haxorus\n|-damage|p2a: Haxorus|0 fnt\n|faint|p2a: Haxorus\n|\n|-damage|p1a: Porygon2|8\/100 brn|[from] brn\n|upkeep\n|\n|t:|1699932542\n|switch|p2a: Serperior|Serperior, M|86\/100 par\n|-activate|p2a: Serperior|move: Sticky Web\n|-boost|p2a: Serperior|spe|1\n|turn|25\n|\n|t:|1699932550\n|move|p2a: Serperior|Leaf Storm|p1a: Porygon2|[miss]\n|-miss|p2a: Serperior|p1a: Porygon2\n|move|p1a: Porygon2|Ice Beam|p2a: Serperior\n|-supereffective|p2a: Serperior\n|-damage|p2a: Serperior|30\/100 par\n|\n|-heal|p2a: Serperior|36\/100 par|[from] item: Leftovers\n|-damage|p1a: Porygon2|2\/100 brn|[from] brn\n|upkeep\n|turn|26\n|\n|t:|1699932560\n|move|p2a: Serperior|Leaf Storm|p1a: Porygon2\n|-damage|p1a: Porygon2|0 fnt\n|-boost|p2a: Serperior|spa|2\n|faint|p1a: Porygon2\n|\n|-heal|p2a: Serperior|42\/100 par|[from] item: Leftovers\n|upkeep\n|\n|t:|1699932563\n|switch|p1a: Aegislash|Aegislash, M|100\/100\n|turn|27\n|\n|t:|1699932568\n|cant|p2a: Serperior|par\n|move|p1a: Aegislash|Swords Dance|p1a: Aegislash\n|-boost|p1a: Aegislash|atk|2\n|\n|-heal|p2a: Serperior|48\/100 par|[from] item: Leftovers\n|upkeep\n|turn|28\n|\n|t:|1699932573\n|-formechange|p1a: Aegislash|Aegislash-Blade||[from] ability: Stance Change\n|move|p1a: Aegislash|Shadow Sneak|p2a: Serperior\n|-damage|p2a: Serperior|0 fnt\n|faint|p2a: Serperior\n|\n|upkeep\n|\n|t:|1699932579\n|switch|p2a: Grimmsnarl|Grimmsnarl, M|100\/100\n|-activate|p2a: Grimmsnarl|move: Sticky Web\n|-unboost|p2a: Grimmsnarl|spe|1\n|turn|29\n|\n|t:|1699932586\n|-zpower|p2a: Grimmsnarl\n|move|p2a: Grimmsnarl|Z-Parting Shot|p1a: Aegislash|[anim]Parting Shot\n|-activate|p2a: Grimmsnarl|healreplacement\n|-unboost|p1a: Aegislash|atk|1\n|-unboost|p1a: Aegislash|spa|1\n|\n|t:|1699932587\n|switch|p2a: Milotic|Milotic, F, shiny, tera:Fairy|13\/100 tox|[from] Parting Shot\n|-heal|p2a: Milotic|100\/100 tox|[from] move: Parting Shot|[zeffect]\n|-activate|p2a: Milotic|move: Sticky Web\n|-unboost|p2a: Milotic|spe|1\n|-ability|p2a: Milotic|Competitive|boost\n|-boost|p2a: Milotic|spa|2\n|move|p1a: Aegislash|Iron Head|p2a: Milotic\n|-supereffective|p2a: Milotic\n|-damage|p2a: Milotic|0 fnt\n|faint|p2a: Milotic\n|\n|upkeep\n|\n|t:|1699932590\n|switch|p2a: Grimmsnarl|Grimmsnarl, M|100\/100\n|-activate|p2a: Grimmsnarl|move: Sticky Web\n|-unboost|p2a: Grimmsnarl|spe|1\n|turn|30\n|\n|t:|1699932605\n|move|p2a: Grimmsnarl|Thunder Wave|p1a: Aegislash\n|-status|p1a: Aegislash|par\n|move|p1a: Aegislash|Iron Head|p2a: Grimmsnarl\n|-supereffective|p2a: Grimmsnarl\n|-damage|p2a: Grimmsnarl|0 fnt\n|faint|p2a: Grimmsnarl\n|\n|win|Gomaito\n|raw|Gomaito's rating: 1259 &rarr; <strong>1287<\/strong><br \/>(+28 for winning)\n|raw|X3N037's rating: 1305 &rarr; <strong>1282<\/strong><br \/>(-23 for losing)\n","uploadtime":1699932628,"views":11,"p1id":"gomaito","p2id":"x3n037","formatid":"gen9nationaldex","rating":1282,"private":0,"password":""}