{"id":"gen9nationaldex-1998863869","p1":"Benjaminduddy","p2":"K. Repola","format":"[Gen 9] National Dex","log":"|html|<div class=\"broadcast-blue\"><strong>[Gen 9] National Dex is currently suspecting Sneasler! For information on how to participate check out the <a href=\"https:\/\/www.smogon.com\/forums\/threads\/sv-national-dex-suspect-8-just-dance.3731534\/\">suspect thread<\/a>.<\/strong><\/div>\n|j|\u2606Benjaminduddy\n|j|\u2606K. Repola\n|t:|1701005193\n|gametype|singles\n|player|p1|Benjaminduddy|102|1356\n|player|p2|K. Repola|gentleman|1436\n|teamsize|p1|6\n|teamsize|p2|6\n|gen|9\n|tier|[Gen 9] National Dex\n|rated|\n|rule|HP Percentage Mod: HP is shown in percentages\n|rule|Endless Battle Clause: Forcing endless battles is banned\n|rule|OHKO Clause: OHKO moves are banned\n|rule|Evasion Clause: Evasion abilities, items, and moves are banned\n|rule|Evasion Abilities Clause: Evasion abilities are banned\n|rule|Evasion Items Clause: Evasion items are banned\n|rule|Evasion Moves Clause: Evasion moves are banned\n|rule|Species Clause: Limit one of each Pok\u00e9mon\n|rule|Sleep Clause Mod: Limit one foe put to sleep\n|clearpoke\n|poke|p1|Linoone, M|\n|poke|p1|Beautifly, F|\n|poke|p1|Breloom, M|\n|poke|p1|Liepard, F|\n|poke|p1|Slowbro, M|\n|poke|p1|Crobat, F|\n|poke|p2|Koffing, F|\n|poke|p2|Ninjask, M|\n|poke|p2|Glimmora, F|\n|poke|p2|Toxapex, M|\n|poke|p2|Gliscor, M|\n|poke|p2|Blissey, F|\n|teampreview\n|c|\u2606K. Repola|greetings\n|inactive|Battle timer is ON: inactive players will automatically lose when time's up. (requested by Benjaminduddy)\n|\n|t:|1701005203\n|start\n|switch|p1a: Liepard|Liepard, F|100\/100\n|switch|p2a: J\u00f6rri|Ninjask, M|100\/100\n|turn|1\n|\n|t:|1701005207\n|move|p1a: Liepard|Thunder Wave|p2a: J\u00f6rri\n|-status|p2a: J\u00f6rri|par\n|move|p2a: J\u00f6rri|U-turn|p1a: Liepard\n|-supereffective|p1a: Liepard\n|-damage|p1a: Liepard|0 fnt\n|faint|p1a: Liepard\n|\n|t:|1701005221\n|switch|p2a: Kimalle|Glimmora, F|100\/100|[from] U-turn\n|\n|upkeep\n|\n|t:|1701005234\n|switch|p1a: Linoone|Linoone, M, shiny|100\/100\n|turn|2\n|\n|t:|1701005243\n|move|p2a: Kimalle|Sludge Wave|p1a: Linoone\n|-damage|p1a: Linoone|11\/100\n|-enditem|p1a: Linoone|Aguav Berry|[eat]\n|-heal|p1a: Linoone|44\/100|[from] item: Aguav Berry\n|move|p1a: Linoone|Stomping Tantrum|p2a: Kimalle\n|-supereffective|p2a: Kimalle\n|-damage|p2a: Kimalle|17\/100\n|\n|upkeep\n|turn|3\n|\n|t:|1701005251\n|move|p1a: Linoone|Extreme Speed|p2a: Kimalle\n|-resisted|p2a: Kimalle\n|-damage|p2a: Kimalle|1\/100\n|move|p2a: Kimalle|Sludge Wave|p1a: Linoone\n|-damage|p1a: Linoone|0 fnt\n|faint|p1a: Linoone\n|\n|upkeep\n|\n|t:|1701005258\n|switch|p1a: Crobat|Crobat, F|100\/100\n|turn|4\n|\n|t:|1701005264\n|switch|p2a: T\u00e4ht\u00f6|Toxapex, M|100\/100\n|move|p1a: Crobat|Air Slash|p2a: T\u00e4ht\u00f6\n|-damage|p2a: T\u00e4ht\u00f6|83\/100\n|\n|upkeep\n|turn|5\n|\n|t:|1701005270\n|switch|p1a: Breloom|Breloom, M|100\/100\n|move|p2a: T\u00e4ht\u00f6|Ice Spinner|p1a: Breloom\n|-supereffective|p1a: Breloom\n|-damage|p1a: Breloom|60\/100\n|\n|-status|p1a: Breloom|tox|[from] item: Toxic Orb\n|upkeep\n|turn|6\n|\n|t:|1701005278\n|switch|p2a: \u0160\u00f6k\u00f6|Koffing, F, shiny|100\/100\n|-ability|p2a: \u0160\u00f6k\u00f6|Neutralizing Gas\n|move|p1a: Breloom|Spore|p2a: \u0160\u00f6k\u00f6\n|-status|p2a: \u0160\u00f6k\u00f6|slp|[from] move: Spore\n|\n|-damage|p1a: Breloom|54\/100 tox|[from] psn\n|upkeep\n|turn|7\n|\n|t:|1701005289\n|move|p1a: Breloom|Leech Seed|p2a: \u0160\u00f6k\u00f6\n|-start|p2a: \u0160\u00f6k\u00f6|move: Leech Seed\n|cant|p2a: \u0160\u00f6k\u00f6|slp\n|\n|-damage|p2a: \u0160\u00f6k\u00f6|88\/100 slp|[from] Leech Seed|[of] p1a: Breloom\n|-heal|p1a: Breloom|65\/100 tox|[silent]\n|-damage|p1a: Breloom|53\/100 tox|[from] psn\n|upkeep\n|turn|8\n|\n|t:|1701005300\n|switch|p1a: Crobat|Crobat, F|100\/100\n|cant|p2a: \u0160\u00f6k\u00f6|slp\n|\n|-damage|p2a: \u0160\u00f6k\u00f6|76\/100 slp|[from] Leech Seed|[of] p1a: Crobat\n|upkeep\n|turn|9\n|\n|t:|1701005306\n|-curestatus|p2a: \u0160\u00f6k\u00f6|slp|[msg]\n|move|p2a: \u0160\u00f6k\u00f6|Protect|p2a: \u0160\u00f6k\u00f6\n|-singleturn|p2a: \u0160\u00f6k\u00f6|Protect\n|move|p1a: Crobat|Air Slash|p2a: \u0160\u00f6k\u00f6\n|-activate|p2a: \u0160\u00f6k\u00f6|move: Protect\n|\n|-damage|p2a: \u0160\u00f6k\u00f6|64\/100|[from] Leech Seed|[of] p1a: Crobat\n|upkeep\n|turn|10\n|\n|t:|1701005314\n|move|p1a: Crobat|Air Slash|p2a: \u0160\u00f6k\u00f6\n|-damage|p2a: \u0160\u00f6k\u00f6|41\/100\n|move|p2a: \u0160\u00f6k\u00f6|Pain Split|p1a: Crobat\n|-sethp|p1a: Crobat|66\/100|[from] move: Pain Split|[silent]\n|-sethp|p2a: \u0160\u00f6k\u00f6|87\/100|[from] move: Pain Split\n|\n|-heal|p1a: Crobat|72\/100|[from] item: Black Sludge\n|-damage|p2a: \u0160\u00f6k\u00f6|74\/100|[from] Leech Seed|[of] p1a: Crobat\n|-heal|p1a: Crobat|82\/100|[silent]\n|upkeep\n|turn|11\n|\n|t:|1701005325\n|-end|p2a: \u0160\u00f6k\u00f6|ability: Neutralizing Gas\n|switch|p2a: Emmi|Blissey, F|100\/100\n|move|p1a: Crobat|Air Slash|p2a: Emmi\n|-damage|p2a: Emmi|94\/100\n|\n|-heal|p1a: Crobat|88\/100|[from] item: Black Sludge\n|-heal|p2a: Emmi|99\/100|[from] item: Leftovers\n|upkeep\n|turn|12\n|\n|t:|1701005333\n|move|p1a: Crobat|Toxic|p2a: Emmi\n|-status|p2a: Emmi|tox\n|move|p2a: Emmi|Aromatherapy|p2a: Emmi\n|-activate|p2a: Emmi|move: Aromatherapy\n|-curestatus|p2a: Emmi|tox|[msg]\n|-curestatus|p2: J\u00f6rri|par|[msg]\n|\n|-heal|p1a: Crobat|94\/100|[from] item: Black Sludge\n|-heal|p2a: Emmi|100\/100|[from] item: Leftovers\n|upkeep\n|turn|13\n|\n|t:|1701005342\n|move|p1a: Crobat|Toxic|p2a: Emmi\n|-status|p2a: Emmi|tox\n|move|p2a: Emmi|Teleport|p2a: Emmi\n|\n|t:|1701005352\n|-curestatus|p2a: Emmi|tox|[from] ability: Natural Cure\n|switch|p2a: Kimalle|Glimmora, F|1\/100|[from] Teleport\n|\n|-heal|p1a: Crobat|99\/100|[from] item: Black Sludge\n|upkeep\n|turn|14\n|\n|t:|1701005358\n|move|p2a: Kimalle|Toxic|p1a: Crobat\n|-status|p1a: Crobat|tox\n|move|p1a: Crobat|Air Slash|p2a: Kimalle\n|-resisted|p2a: Kimalle\n|-damage|p2a: Kimalle|0 fnt\n|faint|p2a: Kimalle\n|\n|-heal|p1a: Crobat|100\/100 tox|[from] item: Black Sludge\n|-damage|p1a: Crobat|94\/100 tox|[from] psn\n|upkeep\n|\n|t:|1701005368\n|switch|p2a: J\u00f6rri|Ninjask, M|100\/100\n|turn|15\n|\n|t:|1701005374\n|move|p2a: J\u00f6rri|Protect|p2a: J\u00f6rri\n|-singleturn|p2a: J\u00f6rri|Protect\n|move|p1a: Crobat|Air Slash|p2a: J\u00f6rri\n|-activate|p2a: J\u00f6rri|move: Protect\n|\n|-heal|p1a: Crobat|100\/100 tox|[from] item: Black Sludge\n|-damage|p1a: Crobat|88\/100 tox|[from] psn\n|-ability|p2a: J\u00f6rri|Speed Boost|boost\n|-boost|p2a: J\u00f6rri|spe|1\n|upkeep\n|turn|16\n|\n|t:|1701005383\n|move|p2a: J\u00f6rri|U-turn|p1a: Crobat\n|-resisted|p1a: Crobat\n|-damage|p1a: Crobat|80\/100 tox\n|\n|t:|1701005387\n|switch|p2a: Emmi|Blissey, F|100\/100|[from] U-turn\n|move|p1a: Crobat|Air Slash|p2a: Emmi\n|-damage|p2a: Emmi|93\/100\n|\n|-heal|p1a: Crobat|86\/100 tox|[from] item: Black Sludge\n|-heal|p2a: Emmi|99\/100|[from] item: Leftovers\n|-damage|p1a: Crobat|68\/100 tox|[from] psn\n|upkeep\n|turn|17\n|\n|t:|1701005396\n|switch|p1a: Breloom|Breloom, M|53\/100 tox\n|move|p2a: Emmi|Teleport|p2a: Emmi\n|\n|t:|1701005400\n|switch|p2a: J\u00f6rri|Ninjask, M|100\/100|[from] Teleport\n|\n|-heal|p1a: Breloom|65\/100 tox|[from] ability: Poison Heal\n|upkeep\n|turn|18\n|-message|Benjaminduddy forfeited.\n|\n|win|K. Repola\n|raw|Benjaminduddy's rating: 1356 &rarr; <strong>1341<\/strong><br \/>(-15 for losing)\n|raw|K. Repola's rating: 1436 &rarr; <strong>1451<\/strong><br \/>(+15 for winning)\n|l|\u2606Benjaminduddy\n|c|\u2606K. Repola|gg\n","uploadtime":1701005412,"views":6,"p1id":"benjaminduddy","p2id":"krepola","formatid":"gen9nationaldex","rating":1341,"private":0,"password":""}