{"id":"gen9nationaldex-1998222719","p1":"Clayanto","p2":"Lampras2008","format":"[Gen 9] National Dex","log":"|html|<div class=\"broadcast-blue\"><strong>[Gen 9] National Dex is currently suspecting Sneasler! For information on how to participate check out the <a href=\"https:\/\/www.smogon.com\/forums\/threads\/sv-national-dex-suspect-8-just-dance.3731534\/\">suspect thread<\/a>.<\/strong><\/div>\n|j|\u2606Clayanto\n|j|\u2606Lampras2008\n|t:|1700915400\n|gametype|singles\n|player|p1|Clayanto|ariana|1359\n|player|p2|Lampras2008|nate|1281\n|teamsize|p1|6\n|teamsize|p2|6\n|gen|9\n|tier|[Gen 9] National Dex\n|rated|\n|rule|HP Percentage Mod: HP is shown in percentages\n|rule|Endless Battle Clause: Forcing endless battles is banned\n|rule|OHKO Clause: OHKO moves are banned\n|rule|Evasion Clause: Evasion abilities, items, and moves are banned\n|rule|Evasion Abilities Clause: Evasion abilities are banned\n|rule|Evasion Items Clause: Evasion items are banned\n|rule|Evasion Moves Clause: Evasion moves are banned\n|rule|Species Clause: Limit one of each Pok\u00e9mon\n|rule|Sleep Clause Mod: Limit one foe put to sleep\n|clearpoke\n|poke|p1|Ninetales-Alola, M|\n|poke|p1|Tyranitar, M|\n|poke|p1|Pelipper, F|\n|poke|p1|Torkoal, F|\n|poke|p1|Hatterene, F|\n|poke|p1|Sinistcha|\n|poke|p2|Landorus-Therian, M|\n|poke|p2|Alomomola, M|\n|poke|p2|Conkeldurr, M|\n|poke|p2|Garchomp, F|\n|poke|p2|Zapdos|\n|poke|p2|Heatran, F|\n|teampreview\n|inactive|Battle timer is ON: inactive players will automatically lose when time's up. (requested by Clayanto)\n|c|\u2606Lampras2008|uh what\n|\n|t:|1700915414\n|start\n|switch|p1a: Ninetales|Ninetales-Alola, M|100\/100\n|switch|p2a: Landorus|Landorus-Therian, M|100\/100\n|-weather|Snow|[from] ability: Snow Warning|[of] p1a: Ninetales\n|-ability|p2a: Landorus|Intimidate|boost\n|-unboost|p1a: Ninetales|atk|1\n|turn|1\n|\n|t:|1700915429\n|switch|p2a: Alomomola|Alomomola, M|100\/100\n|move|p1a: Ninetales|Freeze-Dry|p2a: Alomomola\n|-supereffective|p2a: Alomomola\n|-crit|p2a: Alomomola\n|-damage|p2a: Alomomola|26\/100\n|\n|-weather|Snow|[upkeep]\n|-heal|p2a: Alomomola|32\/100|[from] item: Leftovers\n|upkeep\n|turn|2\n|\n|t:|1700915432\n|switch|p2a: Heatran|Heatran, F|100\/100\n|-item|p2a: Heatran|Air Balloon\n|move|p1a: Ninetales|Freeze-Dry|p2a: Heatran\n|-resisted|p2a: Heatran\n|-damage|p2a: Heatran|96\/100\n|-enditem|p2a: Heatran|Air Balloon\n|\n|-weather|Snow|[upkeep]\n|upkeep\n|turn|3\n|\n|t:|1700915440\n|switch|p1a: Pelipper|Pelipper, F|100\/100\n|-weather|RainDance|[from] ability: Drizzle|[of] p1a: Pelipper\n|move|p2a: Heatran|Flash Cannon|p1a: Pelipper\n|-resisted|p1a: Pelipper\n|-damage|p1a: Pelipper|61\/100\n|\n|-weather|RainDance|[upkeep]\n|upkeep\n|turn|4\n|\n|t:|1700915451\n|switch|p2a: Alomomola|Alomomola, M|65\/100\n|move|p1a: Pelipper|Weather Ball|p2a: Alomomola\n|-resisted|p2a: Alomomola\n|-crit|p2a: Alomomola\n|-damage|p2a: Alomomola|0 fnt\n|faint|p2a: Alomomola\n|\n|-weather|RainDance|[upkeep]\n|upkeep\n|\n|t:|1700915470\n|switch|p2a: Zapdos|Zapdos|100\/100\n|turn|5\n|\n|t:|1700915479\n|switch|p1a: Tyranitar|Tyranitar, M|100\/100\n|-weather|Sandstorm|[from] ability: Sand Stream|[of] p1a: Tyranitar\n|move|p2a: Zapdos|Volt Switch|p1a: Tyranitar\n|-damage|p1a: Tyranitar|82\/100\n|\n|t:|1700915486\n|switch|p2a: Conkeldurr|Conkeldurr, M|100\/100|[from] Volt Switch\n|\n|-weather|Sandstorm|[upkeep]\n|-damage|p2a: Conkeldurr|94\/100|[from] Sandstorm\n|-status|p2a: Conkeldurr|brn|[from] item: Flame Orb\n|upkeep\n|turn|6\n|\n|t:|1700915492\n|switch|p1a: Sinistcha|Sinistcha|100\/100\n|move|p2a: Conkeldurr|Mach Punch|p1a: Sinistcha\n|-immune|p1a: Sinistcha\n|\n|-weather|Sandstorm|[upkeep]\n|-damage|p1a: Sinistcha|94\/100|[from] Sandstorm\n|-damage|p2a: Conkeldurr|88\/100 brn|[from] Sandstorm\n|-heal|p1a: Sinistcha|100\/100|[from] item: Leftovers\n|-damage|p2a: Conkeldurr|82\/100 brn|[from] brn\n|upkeep\n|turn|7\n|\n|t:|1700915502\n|switch|p2a: Heatran|Heatran, F|96\/100\n|move|p1a: Sinistcha|Shadow Ball|p2a: Heatran\n|-damage|p2a: Heatran|69\/100\n|-unboost|p2a: Heatran|spd|1\n|\n|-weather|Sandstorm|[upkeep]\n|-damage|p1a: Sinistcha|94\/100|[from] Sandstorm\n|-heal|p1a: Sinistcha|100\/100|[from] item: Leftovers\n|upkeep\n|turn|8\n|l|\u2606Clayanto\n|inactive|Clayanto disconnected and has a minute to reconnect!\n|player|p1|\n|inactive|Clayanto has 30 seconds to reconnect!\n|j|\u2606Clayanto\n|inactive|Clayanto reconnected and has 110 seconds left.\n|player|p1|Clayanto|ariana\n|\n|t:|1700915551\n|move|p2a: Heatran|Magma Storm|p1a: Sinistcha|[miss]\n|-miss|p2a: Heatran|p1a: Sinistcha\n|move|p1a: Sinistcha|Strength Sap|p2a: Heatran\n|-unboost|p2a: Heatran|atk|1\n|\n|-weather|Sandstorm|[upkeep]\n|-damage|p1a: Sinistcha|94\/100|[from] Sandstorm\n|-heal|p1a: Sinistcha|100\/100|[from] item: Leftovers\n|upkeep\n|turn|9\n|c|\u2606Lampras2008|fk\n|\n|t:|1700915558\n|move|p2a: Heatran|Magma Storm|p1a: Sinistcha\n|-supereffective|p1a: Sinistcha\n|-damage|p1a: Sinistcha|42\/100\n|-activate|p1a: Sinistcha|move: Magma Storm|[of] p2a: Heatran\n|move|p1a: Sinistcha|Shadow Ball|p2a: Heatran\n|-crit|p2a: Heatran\n|-damage|p2a: Heatran|13\/100\n|\n|-weather|none\n|-heal|p1a: Sinistcha|48\/100|[from] item: Leftovers\n|-damage|p1a: Sinistcha|35\/100|[from] move: Magma Storm|[partiallytrapped]\n|upkeep\n|turn|10\n|inactive|Clayanto has 120 seconds left.\n|\n|t:|1700915566\n|switch|p1a: Pelipper|Pelipper, F|61\/100\n|-weather|RainDance|[from] ability: Drizzle|[of] p1a: Pelipper\n|move|p2a: Heatran|Magma Storm|p1a: Pelipper\n|-resisted|p1a: Pelipper\n|-damage|p1a: Pelipper|34\/100\n|-activate|p1a: Pelipper|move: Magma Storm|[of] p2a: Heatran\n|\n|-weather|RainDance|[upkeep]\n|-damage|p1a: Pelipper|22\/100|[from] move: Magma Storm|[partiallytrapped]\n|upkeep\n|turn|11\n|\n|t:|1700915584\n|switch|p2a: Zapdos|Zapdos|100\/100\n|move|p1a: Pelipper|Weather Ball|p2a: Zapdos\n|-crit|p2a: Zapdos\n|-damage|p2a: Zapdos|0 fnt\n|faint|p2a: Zapdos\n|\n|-weather|RainDance|[upkeep]\n|-end|p1a: Pelipper|Magma Storm|[partiallytrapped]|[silent]\n|upkeep\n|c|\u2606Lampras2008|fk crit\n|\n|t:|1700915591\n|switch|p2a: Garchomp|Garchomp, F|100\/100\n|turn|12\n|c|\u2606Clayanto|sry\n|\n|t:|1700915595\n|switch|p1a: Ninetales|Ninetales-Alola, M|100\/100\n|-weather|Snow|[from] ability: Snow Warning|[of] p1a: Ninetales\n|move|p2a: Garchomp|Swords Dance|p2a: Garchomp\n|-boost|p2a: Garchomp|atk|2\n|\n|-weather|Snow|[upkeep]\n|upkeep\n|turn|13\n|\n|t:|1700915601\n|move|p1a: Ninetales|Encore|p2a: Garchomp\n|-start|p2a: Garchomp|Encore\n|move|p2a: Garchomp|Swords Dance|p2a: Garchomp\n|-boost|p2a: Garchomp|atk|2\n|\n|-weather|Snow|[upkeep]\n|upkeep\n|turn|14\n|\n|t:|1700915609\n|switch|p2a: Heatran|Heatran, F|13\/100\n|move|p1a: Ninetales|Aurora Veil|p1a: Ninetales\n|-sidestart|p1: Clayanto|move: Aurora Veil\n|\n|-weather|Snow|[upkeep]\n|upkeep\n|turn|15\n|\n|t:|1700915613\n|switch|p1a: Tyranitar|Tyranitar, M|82\/100\n|-weather|Sandstorm|[from] ability: Sand Stream|[of] p1a: Tyranitar\n|move|p2a: Heatran|Magma Storm|p1a: Tyranitar|[miss]\n|-miss|p2a: Heatran|p1a: Tyranitar\n|\n|-weather|Sandstorm|[upkeep]\n|upkeep\n|turn|16\n|-message|Lampras2008 forfeited.\n|\n|win|Clayanto\n|raw|Clayanto's rating: 1359 &rarr; <strong>1375<\/strong><br \/>(+16 for winning)\n|raw|Lampras2008's rating: 1281 &rarr; <strong>1262<\/strong><br \/>(-19 for losing)\n|l|\u2606Lampras2008\n","uploadtime":1700915622,"views":5,"p1id":"clayanto","p2id":"lampras2008","formatid":"gen9nationaldex","rating":1262,"private":0,"password":""}