{"id":"gen9nationaldex-1991077220","p1":"wangziqiang","p2":"Xi_fun66","format":"[Gen 9] National Dex","log":"|j|\u2606wangziqiang\n|j|\u2606Xi_fun66\n|t:|1700039210\n|gametype|singles\n|player|p1|wangziqiang|169|1209\n|player|p2|Xi_fun66|169|1139\n|teamsize|p1|6\n|teamsize|p2|6\n|gen|9\n|tier|[Gen 9] National Dex\n|rated|\n|rule|HP Percentage Mod: HP is shown in percentages\n|rule|Endless Battle Clause: Forcing endless battles is banned\n|rule|OHKO Clause: OHKO moves are banned\n|rule|Evasion Clause: Evasion abilities, items, and moves are banned\n|rule|Evasion Abilities Clause: Evasion abilities are banned\n|rule|Evasion Items Clause: Evasion items are banned\n|rule|Evasion Moves Clause: Evasion moves are banned\n|rule|Species Clause: Limit one of each Pok\u00e9mon\n|rule|Sleep Clause Mod: Limit one foe put to sleep\n|clearpoke\n|poke|p1|Tyranitar, M|\n|poke|p1|Garchomp, M|\n|poke|p1|Heatran, F|\n|poke|p1|Clodsire, F|\n|poke|p1|Tapu Koko|\n|poke|p1|Gliscor, M|\n|poke|p2|Alomomola, F|\n|poke|p2|Nidoking, M|\n|poke|p2|Swellow, M|\n|poke|p2|Hydreigon, F|\n|poke|p2|Moltres|\n|poke|p2|Pinsir, F|\n|teampreview\n|\n|t:|1700039223\n|start\n|switch|p1a: Tapu Koko|Tapu Koko, shiny|100\/100\n|switch|p2a: Hydreigon|Hydreigon, F|100\/100\n|-fieldstart|move: Electric Terrain|[from] ability: Electric Surge|[of] p1a: Tapu Koko\n|turn|1\n|\n|t:|1700039231\n|move|p1a: Tapu Koko|Dazzling Gleam|p2a: Hydreigon\n|-supereffective|p2a: Hydreigon\n|-damage|p2a: Hydreigon|0 fnt\n|faint|p2a: Hydreigon\n|\n|upkeep\n|\n|t:|1700039239\n|switch|p2a: Nidoking|Nidoking, M|100\/100\n|turn|2\n|\n|t:|1700039244\n|move|p1a: Tapu Koko|Dazzling Gleam|p2a: Nidoking\n|-resisted|p2a: Nidoking\n|-damage|p2a: Nidoking|76\/100\n|move|p2a: Nidoking|Ice Beam|p1a: Tapu Koko\n|-damage|p1a: Tapu Koko|37\/100\n|\n|upkeep\n|turn|3\n|\n|t:|1700039258\n|switch|p1a: Gliscor|Gliscor, M, shiny|100\/100\n|move|p2a: Nidoking|Sludge Wave|p1a: Gliscor\n|-resisted|p1a: Gliscor\n|-damage|p1a: Gliscor|76\/100\n|\n|-status|p1a: Gliscor|tox|[from] item: Toxic Orb\n|upkeep\n|turn|4\n|\n|t:|1700039267\n|move|p2a: Nidoking|Ice Beam|p1a: Gliscor\n|-supereffective|p1a: Gliscor\n|-damage|p1a: Gliscor|0 fnt\n|faint|p1a: Gliscor\n|\n|upkeep\n|\n|t:|1700039277\n|switch|p1a: Heatran|Heatran, F, shiny|100\/100\n|turn|5\n|\n|t:|1700039282\n|move|p2a: Nidoking|Earth Power|p1a: Heatran\n|-supereffective|p1a: Heatran\n|-damage|p1a: Heatran|0 fnt\n|faint|p1a: Heatran\n|\n|-fieldend|move: Electric Terrain\n|upkeep\n|\n|t:|1700039294\n|switch|p1a: Garchomp|Garchomp, M|100\/100\n|turn|6\n|\n|t:|1700039303\n|-terastallize|p2a: Nidoking|Water\n|move|p1a: Garchomp|Earthquake|p2a: Nidoking\n|-damage|p2a: Nidoking|0 fnt\n|faint|p2a: Nidoking\n|\n|upkeep\n|\n|t:|1700039313\n|switch|p2a: Swellow|Swellow, M|100\/100\n|turn|7\n|\n|t:|1700039319\n|move|p2a: Swellow|Boomburst|p1a: Garchomp\n|-damage|p1a: Garchomp|13\/100\n|move|p1a: Garchomp|Swords Dance|p1a: Garchomp\n|-boost|p1a: Garchomp|atk|2\n|\n|upkeep\n|turn|8\n|\n|t:|1700039326\n|move|p2a: Swellow|Boomburst|p1a: Garchomp\n|-damage|p1a: Garchomp|0 fnt\n|faint|p1a: Garchomp\n|\n|upkeep\n|\n|t:|1700039338\n|switch|p1a: Clodsire|Clodsire, F|100\/100\n|turn|9\n|\n|t:|1700039348\n|move|p2a: Swellow|Boomburst|p1a: Clodsire\n|-damage|p1a: Clodsire|56\/100\n|move|p1a: Clodsire|Stealth Rock|p2a: Swellow\n|-sidestart|p2: Xi_fun66|move: Stealth Rock\n|\n|-heal|p1a: Clodsire|63\/100|[from] item: Leftovers\n|upkeep\n|turn|10\n|\n|t:|1700039357\n|move|p2a: Swellow|Boomburst|p1a: Clodsire\n|-damage|p1a: Clodsire|17\/100\n|move|p1a: Clodsire|Yawn|p2a: Swellow\n|-start|p2a: Swellow|move: Yawn|[of] p1a: Clodsire\n|\n|-heal|p1a: Clodsire|23\/100|[from] item: Leftovers\n|upkeep\n|turn|11\n|\n|t:|1700039371\n|move|p2a: Swellow|Boomburst|p1a: Clodsire\n|-damage|p1a: Clodsire|0 fnt\n|faint|p1a: Clodsire\n|\n|-end|p2a: Swellow|move: Yawn|[silent]\n|-status|p2a: Swellow|slp\n|upkeep\n|\n|t:|1700039378\n|switch|p1a: Tyranitar|Tyranitar, M, shiny|100\/100\n|-weather|Sandstorm|[from] ability: Sand Stream|[of] p1a: Tyranitar\n|turn|12\n|\n|t:|1700039383\n|cant|p2a: Swellow|slp\n|move|p1a: Tyranitar|Dragon Dance|p1a: Tyranitar\n|-boost|p1a: Tyranitar|atk|1\n|-boost|p1a: Tyranitar|spe|1\n|\n|-weather|Sandstorm|[upkeep]\n|-damage|p2a: Swellow|94\/100 slp|[from] Sandstorm\n|upkeep\n|turn|13\n|\n|t:|1700039391\n|switch|p2a: Alomomola|Alomomola, F|100\/100\n|-damage|p2a: Alomomola|88\/100|[from] Stealth Rock\n|move|p1a: Tyranitar|Dragon Dance|p1a: Tyranitar\n|-boost|p1a: Tyranitar|atk|1\n|-boost|p1a: Tyranitar|spe|1\n|\n|-weather|Sandstorm|[upkeep]\n|-damage|p2a: Alomomola|82\/100|[from] Sandstorm\n|upkeep\n|turn|14\n|\n|t:|1700039403\n|detailschange|p1a: Tyranitar|Tyranitar-Mega, M, shiny\n|-mega|p1a: Tyranitar|Tyranitar|Tyranitarite\n|move|p1a: Tyranitar|Dragon Claw|p2a: Alomomola\n|-damage|p2a: Alomomola|43\/100\n|-damage|p1a: Tyranitar|84\/100|[from] item: Rocky Helmet|[of] p2a: Alomomola\n|move|p2a: Alomomola|Toxic|p1a: Tyranitar\n|-status|p1a: Tyranitar|tox\n|\n|-weather|Sandstorm|[upkeep]\n|-damage|p2a: Alomomola|37\/100|[from] Sandstorm\n|-damage|p1a: Tyranitar|78\/100 tox|[from] psn\n|upkeep\n|turn|15\n|\n|t:|1700039417\n|move|p2a: Alomomola|Protect|p2a: Alomomola\n|-singleturn|p2a: Alomomola|Protect\n|move|p1a: Tyranitar|Earthquake|p2a: Alomomola\n|-activate|p2a: Alomomola|move: Protect\n|\n|-weather|Sandstorm|[upkeep]\n|-damage|p2a: Alomomola|30\/100|[from] Sandstorm\n|-damage|p1a: Tyranitar|65\/100 tox|[from] psn\n|upkeep\n|turn|16\n|\n|t:|1700039427\n|switch|p2a: Moltres|Moltres|100\/100\n|move|p1a: Tyranitar|Earthquake|p2a: Moltres\n|-immune|p2a: Moltres\n|\n|-weather|none\n|-damage|p1a: Tyranitar|47\/100 tox|[from] psn\n|upkeep\n|turn|17\n|\n|t:|1700039458\n|move|p1a: Tyranitar|Crunch|p2a: Moltres\n|-damage|p2a: Moltres|27\/100\n|move|p2a: Moltres|Roost|p2a: Moltres\n|-heal|p2a: Moltres|77\/100\n|-singleturn|p2a: Moltres|move: Roost\n|\n|-damage|p1a: Tyranitar|22\/100 tox|[from] psn\n|upkeep\n|turn|18\n|\n|t:|1700039468\n|move|p1a: Tyranitar|Crunch|p2a: Moltres\n|-damage|p2a: Moltres|6\/100\n|move|p2a: Moltres|Roost|p2a: Moltres\n|-heal|p2a: Moltres|56\/100\n|-singleturn|p2a: Moltres|move: Roost\n|\n|-damage|p1a: Tyranitar|0 fnt|[from] psn\n|faint|p1a: Tyranitar\n|upkeep\n|\n|t:|1700039478\n|switch|p1a: Tapu Koko|Tapu Koko, shiny|37\/100\n|-fieldstart|move: Electric Terrain|[from] ability: Electric Surge|[of] p1a: Tapu Koko\n|turn|19\n|\n|t:|1700039485\n|move|p1a: Tapu Koko|Thunderbolt|p2a: Moltres\n|-supereffective|p2a: Moltres\n|-damage|p2a: Moltres|0 fnt\n|faint|p2a: Moltres\n|\n|upkeep\n|\n|t:|1700039492\n|switch|p2a: Pinsir|Pinsir, F, shiny|100\/100\n|-damage|p2a: Pinsir|76\/100|[from] Stealth Rock\n|turn|20\n|\n|t:|1700039497\n|move|p2a: Pinsir|Quick Attack|p1a: Tapu Koko\n|-damage|p1a: Tapu Koko|16\/100\n|move|p1a: Tapu Koko|Thunderbolt|p2a: Pinsir\n|-damage|p2a: Pinsir|0 fnt\n|faint|p2a: Pinsir\n|\n|upkeep\n|\n|t:|1700039503\n|switch|p2a: Alomomola|Alomomola, F|64\/100\n|-damage|p2a: Alomomola|51\/100|[from] Stealth Rock\n|turn|21\n|\n|t:|1700039508\n|move|p1a: Tapu Koko|Thunderbolt|p2a: Alomomola\n|-supereffective|p2a: Alomomola\n|-damage|p2a: Alomomola|0 fnt\n|faint|p2a: Alomomola\n|\n|upkeep\n|\n|t:|1700039510\n|switch|p2a: Swellow|Swellow, M|94\/100 slp\n|-damage|p2a: Swellow|70\/100 slp|[from] Stealth Rock\n|turn|22\n|\n|t:|1700039517\n|move|p1a: Tapu Koko|Thunderbolt|p2a: Swellow\n|-supereffective|p2a: Swellow\n|-damage|p2a: Swellow|0 fnt\n|faint|p2a: Swellow\n|\n|win|wangziqiang\n|raw|wangziqiang's rating: 1209 &rarr; <strong>1229<\/strong><br \/>(+20 for winning)\n|raw|Xi_fun66's rating: 1139 &rarr; <strong>1119<\/strong><br \/>(-20 for losing)\n|l|\u2606Xi_fun66\n","uploadtime":1700039526,"views":21,"p1id":"wangziqiang","p2id":"xifun66","formatid":"gen9nationaldex","rating":1119,"private":0,"password":""}