{"id":"gen9nationaldex-1989774810","p1":"D0JOmasterlord","p2":"Denzqqq","format":"[Gen 9] National Dex","log":"|j|\u2606D0JOmasterlord\n|j|\u2606Denzqqq\n|t:|1699894651\n|gametype|singles\n|player|p1|D0JOmasterlord|flint|\n|player|p2|Denzqqq|giovanni|\n|teamsize|p1|6\n|teamsize|p2|6\n|gen|9\n|tier|[Gen 9] National Dex\n|rule|HP Percentage Mod: HP is shown in percentages\n|rule|Endless Battle Clause: Forcing endless battles is banned\n|rule|OHKO Clause: OHKO moves are banned\n|rule|Evasion Clause: Evasion abilities, items, and moves are banned\n|rule|Evasion Abilities Clause: Evasion abilities are banned\n|rule|Evasion Items Clause: Evasion items are banned\n|rule|Evasion Moves Clause: Evasion moves are banned\n|rule|Species Clause: Limit one of each Pok\u00e9mon\n|rule|Sleep Clause Mod: Limit one foe put to sleep\n|clearpoke\n|poke|p1|Sharpedo, F|\n|poke|p1|Mamoswine, M|\n|poke|p1|Dubwool, F|\n|poke|p1|Thundurus-Therian, M|\n|poke|p1|Escavalier, M|\n|poke|p1|Dondozo, M|\n|poke|p2|Sneasler, F|\n|poke|p2|Hydreigon, F|\n|poke|p2|Iron Treads|\n|poke|p2|Rillaboom, M|\n|poke|p2|Mew|\n|poke|p2|Feraligatr, F|\n|teampreview\n|inactive|Battle timer is ON: inactive players will automatically lose when time's up. (requested by Denzqqq)\n|\n|t:|1699894678\n|start\n|switch|p1a: Thundurus|Thundurus-Therian, M, shiny|100\/100\n|switch|p2a: Maow|Mew|100\/100\n|turn|1\n|c|\u2606Denzqqq|Glhf\n|c|\u2606D0JOmasterlord|you too\n|\n|t:|1699894694\n|switch|p2a: We spin brrr|Iron Treads|100\/100\n|-item|p2a: We spin brrr|Air Balloon\n|move|p1a: Thundurus|Thunderbolt|p2a: We spin brrr\n|-immune|p2a: We spin brrr\n|\n|upkeep\n|turn|2\n|\n|t:|1699894704\n|switch|p1a: Mamoswine|Mamoswine, M, shiny|100\/100\n|move|p2a: We spin brrr|Earthquake|p1a: Mamoswine\n|-damage|p1a: Mamoswine|48\/100\n|\n|-heal|p1a: Mamoswine|54\/100|[from] item: Leftovers\n|upkeep\n|turn|3\n|c|\u2606D0JOmasterlord|you not nice\n|\n|t:|1699894713\n|move|p2a: We spin brrr|Iron Head|p1a: Mamoswine\n|-supereffective|p1a: Mamoswine\n|-damage|p1a: Mamoswine|0 fnt\n|faint|p1a: Mamoswine\n|\n|upkeep\n|\n|t:|1699894718\n|switch|p1a: Sharpedo|Sharpedo, F, shiny|100\/100\n|turn|4\n|c|\u2606Denzqqq|Big swine didn't get to do anything\n|\n|t:|1699894728\n|detailschange|p1a: Sharpedo|Sharpedo-Mega, F, shiny\n|-mega|p1a: Sharpedo|Sharpedo|Sharpedonite\n|move|p2a: We spin brrr|Volt Switch|p1a: Sharpedo\n|-supereffective|p1a: Sharpedo\n|-damage|p1a: Sharpedo|55\/100\n|c|\u2606D0JOmasterlord|yh\n|\n|t:|1699894750\n|-end|p2a: We spin brrr|Quark Drive|[silent]\n|switch|p2a: Monke boom|Rillaboom, M|100\/100|[from] Volt Switch\n|-fieldstart|move: Grassy Terrain|[from] ability: Grassy Surge|[of] p2a: Monke boom\n|move|p1a: Sharpedo|Waterfall|p2a: Monke boom\n|-resisted|p2a: Monke boom\n|-damage|p2a: Monke boom|73\/100\n|\n|-heal|p1a: Sharpedo|61\/100|[from] Grassy Terrain\n|-heal|p2a: Monke boom|79\/100|[from] Grassy Terrain\n|upkeep\n|turn|5\n|\n|t:|1699894763\n|switch|p1a: Thundurus|Thundurus-Therian, M, shiny|100\/100\n|move|p2a: Monke boom|Knock Off|p1a: Thundurus\n|-damage|p1a: Thundurus|27\/100\n|-enditem|p1a: Thundurus|Leftovers|[from] move: Knock Off|[of] p2a: Monke boom\n|-damage|p2a: Monke boom|69\/100|[from] item: Life Orb\n|\n|-heal|p2a: Monke boom|76\/100|[from] Grassy Terrain\n|upkeep\n|turn|6\n|\n|t:|1699894768\n|move|p2a: Monke boom|Grassy Glide|p1a: Thundurus\n|-resisted|p1a: Thundurus\n|-damage|p1a: Thundurus|0 fnt\n|faint|p1a: Thundurus\n|-damage|p2a: Monke boom|66\/100|[from] item: Life Orb\n|\n|-heal|p2a: Monke boom|72\/100|[from] Grassy Terrain\n|upkeep\n|c|\u2606Denzqqq|Womp womp\n|\n|t:|1699894775\n|switch|p1a: Escavalier|Escavalier, M, shiny|100\/100\n|turn|7\n|c|\u2606D0JOmasterlord|go hit this time\n|\n|t:|1699894802\n|switch|p2a: We spin brrr|Iron Treads|100\/100\n|-item|p2a: We spin brrr|Air Balloon\n|-terastallize|p1a: Escavalier|Bug\n|move|p1a: Escavalier|Megahorn|p2a: We spin brrr\n|-resisted|p2a: We spin brrr\n|-damage|p2a: We spin brrr|40\/100\n|-enditem|p2a: We spin brrr|Air Balloon\n|\n|-heal|p2a: We spin brrr|46\/100|[from] Grassy Terrain\n|upkeep\n|turn|8\n|c|\u2606D0JOmasterlord|yh\n|\n|t:|1699894814\n|move|p2a: We spin brrr|Iron Head|p1a: Escavalier\n|-damage|p1a: Escavalier|63\/100\n|move|p1a: Escavalier|Megahorn|p2a: We spin brrr\n|-resisted|p2a: We spin brrr\n|-damage|p2a: We spin brrr|0 fnt\n|faint|p2a: We spin brrr\n|-end|p2a: We spin brrr|Quark Drive|[silent]\n|\n|-heal|p1a: Escavalier|70\/100|[from] Grassy Terrain\n|-fieldend|move: Grassy Terrain\n|upkeep\n|c|\u2606D0JOmasterlord|finally a hit\n|inactive|Denzqqq has 270 seconds left.\n|\n|t:|1699894837\n|switch|p2a: Maow|Mew|100\/100\n|turn|9\n|inactive|Denzqqq has 270 seconds left.\n|\n|t:|1699894858\n|move|p2a: Maow|Flamethrower|p1a: Escavalier\n|-supereffective|p1a: Escavalier\n|-damage|p1a: Escavalier|15\/100\n|move|p1a: Escavalier|Megahorn|p2a: Maow\n|-supereffective|p2a: Maow\n|-damage|p2a: Maow|0 fnt\n|faint|p2a: Maow\n|\n|upkeep\n|\n|t:|1699894865\n|switch|p2a: Ban Dire claw|Sneasler, F|100\/100\n|turn|10\n|c|\u2606D0JOmasterlord|yesss\n|\n|t:|1699894876\n|move|p2a: Ban Dire claw|Dire Claw|p1a: Escavalier\n|-damage|p1a: Escavalier|0 fnt\n|faint|p1a: Escavalier\n|\n|upkeep\n|c|\u2606D0JOmasterlord|comeback season maybe\n|\n|t:|1699894883\n|switch|p1a: Sharpedo|Sharpedo-Mega, F, shiny|61\/100\n|turn|11\n|\n|t:|1699894894\n|move|p2a: Ban Dire claw|U-turn|p1a: Sharpedo\n|-supereffective|p1a: Sharpedo\n|-damage|p1a: Sharpedo|0 fnt\n|faint|p1a: Sharpedo\n|\n|t:|1699894905\n|switch|p2a: Three headed|Hydreigon, F|100\/100|[from] U-turn\n|\n|upkeep\n|c|\u2606D0JOmasterlord|come on i gotta win this\n|\n|t:|1699894915\n|switch|p1a: Dondozo|Dondozo, M, shiny|100\/100\n|turn|12\n|\n|t:|1699894943\n|move|p2a: Three headed|Draco Meteor|p1a: Dondozo\n|-damage|p1a: Dondozo|32\/100\n|-unboost|p2a: Three headed|spa|2\n|move|p1a: Dondozo|Body Press|p2a: Three headed\n|-supereffective|p2a: Three headed\n|-damage|p2a: Three headed|46\/100\n|\n|-heal|p1a: Dondozo|39\/100|[from] item: Leftovers\n|upkeep\n|turn|13\n|inactive|Denzqqq has 240 seconds left.\n|\n|t:|1699894982\n|switch|p2a: FearTheMuncher|Feraligatr, F|100\/100\n|move|p1a: Dondozo|Rest|p1a: Dondozo\n|-status|p1a: Dondozo|slp|[from] move: Rest\n|-heal|p1a: Dondozo|100\/100 slp|[silent]\n|\n|upkeep\n|turn|14\n|c|\u2606D0JOmasterlord|zzzzzz\n|\n|t:|1699894993\n|move|p2a: FearTheMuncher|Liquidation|p1a: Dondozo\n|-resisted|p1a: Dondozo\n|-damage|p1a: Dondozo|80\/100 slp\n|cant|p1a: Dondozo|slp\n|move|p1a: Dondozo|Sleep Talk|p1a: Dondozo\n|move|p1a: Dondozo|Body Press|p2a: FearTheMuncher|[from]move: Sleep Talk\n|-damage|p2a: FearTheMuncher|76\/100\n|\n|-heal|p1a: Dondozo|87\/100 slp|[from] item: Leftovers\n|upkeep\n|turn|15\n|\n|t:|1699894998\n|move|p2a: FearTheMuncher|Liquidation|p1a: Dondozo\n|-resisted|p1a: Dondozo\n|-crit|p1a: Dondozo\n|-damage|p1a: Dondozo|56\/100 slp\n|cant|p1a: Dondozo|slp\n|move|p1a: Dondozo|Sleep Talk|p1a: Dondozo\n|move|p1a: Dondozo|Body Press|p2a: FearTheMuncher|[from]move: Sleep Talk\n|-damage|p2a: FearTheMuncher|53\/100\n|\n|-heal|p1a: Dondozo|62\/100 slp|[from] item: Leftovers\n|upkeep\n|turn|16\n|\n|t:|1699895001\n|move|p2a: FearTheMuncher|Liquidation|p1a: Dondozo\n|-resisted|p1a: Dondozo\n|-damage|p1a: Dondozo|42\/100 slp\n|-curestatus|p1a: Dondozo|slp|[msg]\n|move|p1a: Dondozo|Sleep Talk||[still]\n|-fail|p1a: Dondozo\n|\n|-heal|p1a: Dondozo|48\/100|[from] item: Leftovers\n|upkeep\n|turn|17\n|\n|t:|1699895009\n|switch|p2a: Monke boom|Rillaboom, M|72\/100\n|-fieldstart|move: Grassy Terrain|[from] ability: Grassy Surge|[of] p2a: Monke boom\n|move|p1a: Dondozo|Rest|p1a: Dondozo\n|-status|p1a: Dondozo|slp|[from] move: Rest\n|-heal|p1a: Dondozo|100\/100 slp|[silent]\n|\n|-heal|p2a: Monke boom|78\/100|[from] Grassy Terrain\n|upkeep\n|turn|18\n|c|\u2606D0JOmasterlord|zzzz\n|\n|t:|1699895017\n|move|p2a: Monke boom|Grassy Glide|p1a: Dondozo\n|-supereffective|p1a: Dondozo\n|-damage|p1a: Dondozo|44\/100 slp\n|-damage|p2a: Monke boom|68\/100|[from] item: Life Orb\n|cant|p1a: Dondozo|slp\n|move|p1a: Dondozo|Sleep Talk|p1a: Dondozo\n|move|p1a: Dondozo|Body Press|p2a: Monke boom|[from]move: Sleep Talk\n|-damage|p2a: Monke boom|44\/100\n|\n|-heal|p2a: Monke boom|50\/100|[from] Grassy Terrain\n|-heal|p1a: Dondozo|50\/100 slp|[from] Grassy Terrain\n|-heal|p1a: Dondozo|57\/100 slp|[from] item: Leftovers\n|upkeep\n|turn|19\n|\n|t:|1699895025\n|move|p2a: Monke boom|Grassy Glide|p1a: Dondozo\n|-supereffective|p1a: Dondozo\n|-damage|p1a: Dondozo|3\/100 slp\n|-damage|p2a: Monke boom|40\/100|[from] item: Life Orb\n|cant|p1a: Dondozo|slp\n|move|p1a: Dondozo|Sleep Talk|p1a: Dondozo\n|move|p1a: Dondozo|Liquidation|p2a: Monke boom|[from]move: Sleep Talk\n|-resisted|p2a: Monke boom\n|-damage|p2a: Monke boom|21\/100\n|\n|-heal|p2a: Monke boom|27\/100|[from] Grassy Terrain\n|-heal|p1a: Dondozo|10\/100 slp|[from] Grassy Terrain\n|-heal|p1a: Dondozo|16\/100 slp|[from] item: Leftovers\n|upkeep\n|turn|20\n|\n|t:|1699895043\n|move|p2a: Monke boom|Grassy Glide|p1a: Dondozo\n|-supereffective|p1a: Dondozo\n|-damage|p1a: Dondozo|0 fnt\n|faint|p1a: Dondozo\n|-damage|p2a: Monke boom|17\/100|[from] item: Life Orb\n|\n|-heal|p2a: Monke boom|23\/100|[from] Grassy Terrain\n|upkeep\n|c|\u2606D0JOmasterlord|dubwool gunna finish\n|\n|t:|1699895049\n|switch|p1a: Dubwool|Dubwool, F, shiny|100\/100\n|turn|21\n|\n|t:|1699895053\n|move|p2a: Monke boom|Drain Punch|p1a: Dubwool\n|-supereffective|p1a: Dubwool\n|-damage|p1a: Dubwool|64\/100\n|-heal|p2a: Monke boom|42\/100|[from] drain|[of] p1a: Dubwool\n|-damage|p2a: Monke boom|32\/100|[from] item: Life Orb\n|move|p1a: Dubwool|Cotton Guard|p1a: Dubwool\n|-boost|p1a: Dubwool|def|3\n|\n|-heal|p2a: Monke boom|38\/100|[from] Grassy Terrain\n|-heal|p1a: Dubwool|70\/100|[from] Grassy Terrain\n|-heal|p1a: Dubwool|76\/100|[from] item: Leftovers\n|-fieldend|move: Grassy Terrain\n|upkeep\n|turn|22\n|\n|t:|1699895058\n|move|p2a: Monke boom|Knock Off|p1a: Dubwool\n|-damage|p1a: Dubwool|67\/100\n|-enditem|p1a: Dubwool|Leftovers|[from] move: Knock Off|[of] p2a: Monke boom\n|-damage|p2a: Monke boom|28\/100|[from] item: Life Orb\n|move|p1a: Dubwool|Cotton Guard|p1a: Dubwool\n|-boost|p1a: Dubwool|def|3\n|\n|upkeep\n|turn|23\n|\n|t:|1699895060\n|move|p2a: Monke boom|Drain Punch|p1a: Dubwool\n|-supereffective|p1a: Dubwool\n|-damage|p1a: Dubwool|58\/100\n|-heal|p2a: Monke boom|32\/100|[from] drain|[of] p1a: Dubwool\n|-damage|p2a: Monke boom|22\/100|[from] item: Life Orb\n|move|p1a: Dubwool|Body Press|p2a: Monke boom\n|-damage|p2a: Monke boom|0 fnt\n|faint|p2a: Monke boom\n|\n|upkeep\n|\n|t:|1699895070\n|switch|p2a: Three headed|Hydreigon, F|46\/100\n|turn|24\n|l|\u2606D0JOmasterlord\n|inactive|D0JOmasterlord disconnected and has 300 seconds to reconnect!\n|player|p1|\n|j|\u2606D0JOmasterlord\n|inactive|D0JOmasterlord reconnected and has 300 seconds left.\n|player|p1|D0JOmasterlord|flint\n|c|\u2606D0JOmasterlord|and im back\n|\n|t:|1699895096\n|-terastallize|p2a: Three headed|Fairy\n|move|p2a: Three headed|Draco Meteor|p1a: Dubwool|[miss]\n|-miss|p2a: Three headed|p1a: Dubwool\n|move|p1a: Dubwool|Body Press|p2a: Three headed\n|-resisted|p2a: Three headed\n|-damage|p2a: Three headed|7\/100\n|\n|upkeep\n|turn|25\n|\n|t:|1699895104\n|move|p2a: Three headed|Draco Meteor|p1a: Dubwool\n|-damage|p1a: Dubwool|0 fnt\n|-unboost|p2a: Three headed|spa|2\n|faint|p1a: Dubwool\n|\n|win|Denzqqq\n|c|\u2606D0JOmasterlord|gg\n","uploadtime":1699895112,"views":8,"p1id":"d0jomasterlord","p2id":"denzqqq","formatid":"gen9nationaldex","rating":0,"private":0,"password":""}