{"id":"gen9nationaldex-1994487151","p1":"Yalpur","p2":"as cheu","format":"[Gen 9] National Dex","log":"|j|\u2606Yalpur\n|j|\u2606as cheu\n|t:|1700449647\n|gametype|singles\n|player|p1|Yalpur|2|1774\n|player|p2|as cheu|officeworker|1797\n|teamsize|p1|6\n|teamsize|p2|6\n|gen|9\n|tier|[Gen 9] National Dex\n|rated|\n|rule|HP Percentage Mod: HP is shown in percentages\n|rule|Endless Battle Clause: Forcing endless battles is banned\n|rule|OHKO Clause: OHKO moves are banned\n|rule|Evasion Clause: Evasion abilities, items, and moves are banned\n|rule|Evasion Abilities Clause: Evasion abilities are banned\n|rule|Evasion Items Clause: Evasion items are banned\n|rule|Evasion Moves Clause: Evasion moves are banned\n|rule|Species Clause: Limit one of each Pok\u00e9mon\n|rule|Sleep Clause Mod: Limit one foe put to sleep\n|clearpoke\n|poke|p1|Tapu Koko|\n|poke|p1|Iron Hands|\n|poke|p1|Iron Valiant|\n|poke|p1|Hatterene, F|\n|poke|p1|Medicham, F|\n|poke|p1|Raichu-Alola, M|\n|poke|p2|Steelix, M|\n|poke|p2|Hatterene, F|\n|poke|p2|Greninja-*, M|\n|poke|p2|Medicham, F|\n|poke|p2|Marowak-Alola, M|\n|poke|p2|Salamence, M|\n|teampreview\n|inactive|Battle timer is ON: inactive players will automatically lose when time's up. (requested by as cheu)\n|\n|t:|1700449669\n|start\n|switch|p1a: Tapu Koko|Tapu Koko|100\/100\n|switch|p2a: Medicham|Medicham, F|100\/100\n|-fieldstart|move: Electric Terrain|[from] ability: Electric Surge|[of] p1a: Tapu Koko\n|turn|1\n|\n|t:|1700449694\n|switch|p1a: Hatterene|Hatterene, F|100\/100\n|detailschange|p2a: Medicham|Medicham-Mega, F\n|-mega|p2a: Medicham|Medicham|Medichamite\n|move|p2a: Medicham|Fake Out|p1a: Hatterene\n|-damage|p1a: Hatterene|76\/100\n|-enditem|p1a: Hatterene|Eject Button\n|inactive|Yalpur has 120 seconds left.\n|\n|t:|1700449718\n|switch|p1a: Raichu|Raichu-Alola, M|100\/100\n|\n|upkeep\n|turn|2\n|inactive|Yalpur has 120 seconds left.\n|\n|t:|1700449735\n|move|p1a: Raichu|Rising Voltage|p2a: Medicham\n|-hint|Rising Voltage's BP doubled on grounded target.\n|-damage|p2a: Medicham|0 fnt\n|faint|p2a: Medicham\n|-damage|p1a: Raichu|91\/100|[from] item: Life Orb\n|\n|upkeep\n|\n|t:|1700449738\n|switch|p2a: Steelix|Steelix, M|100\/100\n|turn|3\n|inactive|Yalpur has 120 seconds left.\n|\n|t:|1700449768\n|switch|p1a: Hatterene|Hatterene, F|76\/100\n|move|p2a: Steelix|Earthquake|p1a: Hatterene\n|-damage|p1a: Hatterene|47\/100\n|\n|upkeep\n|turn|4\n|\n|t:|1700449781\n|switch|p2a: Marowak|Marowak-Alola, M|100\/100\n|move|p1a: Hatterene|Mystical Fire|p2a: Marowak\n|-resisted|p2a: Marowak\n|-damage|p2a: Marowak|86\/100\n|-unboost|p2a: Marowak|spa|1\n|\n|upkeep\n|turn|5\n|\n|t:|1700449793\n|move|p2a: Marowak|Flare Blitz|p1a: Hatterene\n|-damage|p1a: Hatterene|0 fnt\n|faint|p1a: Hatterene\n|\n|upkeep\n|inactive|Yalpur has 90 seconds left.\n|inactive|Yalpur has 60 seconds left.\n|\n|t:|1700449843\n|switch|p1a: Raichu|Raichu-Alola, M|91\/100\n|turn|6\n|inactive|Yalpur has 60 seconds left.\n|\n|t:|1700449862\n|switch|p1a: Medicham|Medicham, F|100\/100\n|switch|p2a: Steelix|Steelix, M|100\/100\n|\n|upkeep\n|turn|7\n|\n|t:|1700449873\n|detailschange|p1a: Medicham|Medicham-Mega, F\n|-mega|p1a: Medicham|Medicham|Medichamite\n|move|p1a: Medicham|Zen Headbutt|p2a: Steelix\n|-resisted|p2a: Steelix\n|-damage|p2a: Steelix|82\/100\n|-damage|p1a: Medicham|84\/100|[from] item: Rocky Helmet|[of] p2a: Steelix\n|cant|p2a: Steelix|flinch\n|\n|upkeep\n|turn|8\n|\n|t:|1700449883\n|switch|p2a: Marowak|Marowak-Alola, M|86\/100\n|move|p1a: Medicham|Close Combat|p2a: Marowak\n|-immune|p2a: Marowak\n|\n|-fieldend|move: Electric Terrain\n|upkeep\n|turn|9\n|inactive|Yalpur has 60 seconds left.\n|\n|t:|1700449891\n|move|p1a: Medicham|Zen Headbutt|p2a: Marowak\n|-damage|p2a: Marowak|16\/100\n|move|p2a: Marowak|Flare Blitz|p1a: Medicham\n|-damage|p1a: Medicham|0 fnt\n|faint|p1a: Medicham\n|\n|upkeep\n|inactive|Yalpur has 60 seconds left.\n|\n|t:|1700449901\n|switch|p1a: Tapu Koko|Tapu Koko|100\/100\n|-fieldstart|move: Electric Terrain|[from] ability: Electric Surge|[of] p1a: Tapu Koko\n|turn|10\n|inactive|Yalpur has 60 seconds left.\n|\n|t:|1700449912\n|switch|p2a: Steelix|Steelix, M|82\/100\n|move|p1a: Tapu Koko|Wild Charge|p2a: Steelix\n|-immune|p2a: Steelix\n|\n|upkeep\n|turn|11\n|inactive|Yalpur has 60 seconds left.\n|\n|t:|1700449924\n|switch|p1a: Iron Valiant|Iron Valiant|100\/100\n|-activate|p1a: Iron Valiant|ability: Quark Drive\n|-start|p1a: Iron Valiant|quarkdrivespe\n|move|p2a: Steelix|Earthquake|p1a: Iron Valiant\n|-damage|p1a: Iron Valiant|61\/100\n|\n|upkeep\n|turn|12\n|\n|t:|1700449934\n|switch|p2a: Marowak|Marowak-Alola, M|16\/100\n|move|p1a: Iron Valiant|Close Combat|p2a: Marowak\n|-immune|p2a: Marowak\n|\n|upkeep\n|turn|13\n|\n|t:|1700449940\n|move|p1a: Iron Valiant|Moonblast|p2a: Marowak\n|-resisted|p2a: Marowak\n|-damage|p2a: Marowak|0 fnt\n|faint|p2a: Marowak\n|-damage|p1a: Iron Valiant|51\/100|[from] item: Life Orb\n|\n|upkeep\n|\n|t:|1700449944\n|switch|p2a: Hatterene|Hatterene, F|100\/100\n|turn|14\n|\n|t:|1700449969\n|-end|p1a: Iron Valiant|Quark Drive|[silent]\n|switch|p1a: Raichu|Raichu-Alola, M|91\/100\n|move|p2a: Hatterene|Draining Kiss|p1a: Raichu\n|-damage|p1a: Raichu|56\/100\n|\n|upkeep\n|turn|15\n|inactive|Yalpur has 60 seconds left.\n|\n|t:|1700449989\n|move|p1a: Raichu|Grass Knot|p2a: Hatterene\n|-damage|p2a: Hatterene|95\/100\n|-damage|p1a: Raichu|47\/100|[from] item: Life Orb\n|move|p2a: Hatterene|Mystical Fire|p1a: Raichu\n|-damage|p1a: Raichu|11\/100\n|-unboost|p1a: Raichu|spa|1\n|\n|upkeep\n|turn|16\n|\n|t:|1700449997\n|switch|p2a: Steelix|Steelix, M|82\/100\n|-terastallize|p1a: Raichu|Electric\n|move|p1a: Raichu|Rising Voltage|p2a: Steelix\n|-immune|p2a: Steelix\n|\n|upkeep\n|turn|17\n|inactive|Yalpur has 60 seconds left.\n|\n|t:|1700450018\n|move|p1a: Raichu|Grass Knot|p2a: Steelix\n|-damage|p2a: Steelix|51\/100\n|-damage|p1a: Raichu|0 fnt|[from] item: Rocky Helmet|[of] p2a: Steelix\n|faint|p1a: Raichu\n|move|p2a: Steelix|Stealth Rock|p1: Raichu\n|-sidestart|p1: Yalpur|move: Stealth Rock\n|\n|-fieldend|move: Electric Terrain\n|upkeep\n|\n|t:|1700450033\n|switch|p1a: Iron Valiant|Iron Valiant|51\/100\n|-damage|p1a: Iron Valiant|45\/100|[from] Stealth Rock\n|turn|18\n|\n|t:|1700450043\n|switch|p2a: Hatterene|Hatterene, F|95\/100\n|move|p1a: Iron Valiant|Moonblast|p2a: Hatterene\n|-damage|p2a: Hatterene|51\/100\n|-damage|p1a: Iron Valiant|35\/100|[from] item: Life Orb\n|\n|upkeep\n|turn|19\n|\n|t:|1700450054\n|-end|p1a: Iron Valiant|Quark Drive|[silent]\n|switch|p1a: Tapu Koko|Tapu Koko|100\/100\n|-damage|p1a: Tapu Koko|88\/100|[from] Stealth Rock\n|-fieldstart|move: Electric Terrain|[from] ability: Electric Surge|[of] p1a: Tapu Koko\n|move|p2a: Hatterene|Draining Kiss|p1a: Tapu Koko\n|-damage|p1a: Tapu Koko|53\/100\n|-heal|p2a: Hatterene|75\/100|[from] drain|[of] p1a: Tapu Koko\n|\n|upkeep\n|turn|20\n|\n|t:|1700450068\n|move|p1a: Tapu Koko|U-turn|p2a: Hatterene\n|-damage|p2a: Hatterene|58\/100\n|\n|t:|1700450092\n|switch|p1a: Iron Hands|Iron Hands|100\/100|[from] U-turn\n|-damage|p1a: Iron Hands|94\/100|[from] Stealth Rock\n|-activate|p1a: Iron Hands|ability: Quark Drive\n|-start|p1a: Iron Hands|quarkdriveatk\n|move|p2a: Hatterene|Draining Kiss|p1a: Iron Hands\n|-supereffective|p1a: Iron Hands\n|-damage|p1a: Iron Hands|60\/100\n|-heal|p2a: Hatterene|95\/100|[from] drain|[of] p1a: Iron Hands\n|\n|upkeep\n|turn|21\n|inactive|Yalpur has 30 seconds left.\n|\n|t:|1700450116\n|-zpower|p1a: Iron Hands\n|move|p1a: Iron Hands|Gigavolt Havoc|p2a: Hatterene|[zeffect]\n|-damage|p2a: Hatterene|0 fnt\n|faint|p2a: Hatterene\n|\n|upkeep\n|inactive|Yalpur has 30 seconds left this turn.\n|\n|t:|1700450123\n|switch|p2a: Steelix|Steelix, M|51\/100\n|turn|22\n|\n|t:|1700450127\n|move|p1a: Iron Hands|Drain Punch|p2a: Steelix\n|-supereffective|p2a: Steelix\n|-damage|p2a: Steelix|0 fnt\n|-heal|p1a: Iron Hands|80\/100|[from] drain|[of] p2a: Steelix\n|-damage|p1a: Iron Hands|63\/100|[from] item: Rocky Helmet|[of] p2a: Steelix\n|faint|p2a: Steelix\n|\n|upkeep\n|\n|t:|1700450132\n|switch|p2a: Salamence|Salamence, M|100\/100\n|turn|23\n|\n|t:|1700450138\n|move|p2a: Salamence|Earthquake|p1a: Iron Hands\n|-supereffective|p1a: Iron Hands\n|-damage|p1a: Iron Hands|10\/100\n|move|p1a: Iron Hands|Ice Punch|p2a: Salamence\n|-supereffective|p2a: Salamence\n|-crit|p2a: Salamence\n|-damage|p2a: Salamence|0 fnt\n|faint|p2a: Salamence\n|\n|upkeep\n|\n|t:|1700450143\n|switch|p2a: Greninja|Greninja, M|100\/100\n|turn|24\n|inactive|Yalpur has 60 seconds left.\n|\n|t:|1700450162\n|move|p2a: Greninja|Ice Beam|p1a: Iron Hands\n|-start|p2a: Greninja|typechange|Ice|[from] ability: Protean\n|-damage|p1a: Iron Hands|0 fnt\n|faint|p1a: Iron Hands\n|-end|p1a: Iron Hands|Quark Drive|[silent]\n|\n|upkeep\n|\n|t:|1700450172\n|switch|p1a: Iron Valiant|Iron Valiant|35\/100\n|-damage|p1a: Iron Valiant|29\/100|[from] Stealth Rock\n|-activate|p1a: Iron Valiant|ability: Quark Drive\n|-start|p1a: Iron Valiant|quarkdrivespe\n|turn|25\n|inactive|Yalpur has 60 seconds left.\n|\n|t:|1700450183\n|move|p2a: Greninja|Ice Beam|p1a: Iron Valiant\n|-damage|p1a: Iron Valiant|0 fnt\n|faint|p1a: Iron Valiant\n|-end|p1a: Iron Valiant|Quark Drive|[silent]\n|\n|upkeep\n|\n|t:|1700450185\n|switch|p1a: Tapu Koko|Tapu Koko|53\/100\n|-damage|p1a: Tapu Koko|41\/100|[from] Stealth Rock\n|turn|26\n|\n|t:|1700450192\n|move|p2a: Greninja|Ice Beam|p1a: Tapu Koko\n|-damage|p1a: Tapu Koko|0 fnt\n|faint|p1a: Tapu Koko\n|\n|win|as cheu\n|raw|Yalpur's rating: 1774 &rarr; <strong>1755<\/strong><br \/>(-19 for losing)\n|raw|as cheu's rating: 1797 &rarr; <strong>1816<\/strong><br \/>(+19 for winning)\n|l|\u2606Yalpur\n","uploadtime":1700450202,"views":12,"p1id":"yalpur","p2id":"ascheu","formatid":"gen9nationaldex","rating":1755,"private":0,"password":""}