{"id":"gen9nationaldex-1996517230","p1":"FalseRulerGrenji","p2":"Paranguatirim1","format":"[Gen 9] National Dex","log":"|html|<div class=\"broadcast-blue\"><strong>[Gen 9] National Dex is currently suspecting Sneasler! For information on how to participate check out the <a href=\"https:\/\/www.smogon.com\/forums\/threads\/sv-national-dex-suspect-8-just-dance.3731534\/\">suspect thread<\/a>.<\/strong><\/div>\n|j|\u2606FalseRulerGrenji\n|j|\u2606Paranguatirim1\n|t:|1700689780\n|gametype|singles\n|player|p1|FalseRulerGrenji|wallace|1100\n|player|p2|Paranguatirim1|yellow|1221\n|teamsize|p1|6\n|teamsize|p2|6\n|gen|9\n|tier|[Gen 9] National Dex\n|rated|\n|rule|HP Percentage Mod: HP is shown in percentages\n|rule|Endless Battle Clause: Forcing endless battles is banned\n|rule|OHKO Clause: OHKO moves are banned\n|rule|Evasion Clause: Evasion abilities, items, and moves are banned\n|rule|Evasion Abilities Clause: Evasion abilities are banned\n|rule|Evasion Items Clause: Evasion items are banned\n|rule|Evasion Moves Clause: Evasion moves are banned\n|rule|Species Clause: Limit one of each Pok\u00e9mon\n|rule|Sleep Clause Mod: Limit one foe put to sleep\n|clearpoke\n|poke|p1|Cinderace, F|\n|poke|p1|Aurorus, M|\n|poke|p1|Corviknight, F|\n|poke|p1|Latios, M|\n|poke|p1|Greninja-*, M|\n|poke|p1|Great Tusk|\n|poke|p2|Scizor, M|\n|poke|p2|Gliscor, M|\n|poke|p2|Butterfree, F|\n|poke|p2|Goodra-Hisui, M|\n|poke|p2|Rapidash, F|\n|poke|p2|Gastrodon, M|\n|teampreview\n|inactive|Battle timer is ON: inactive players will automatically lose when time's up. (requested by Paranguatirim1)\n|\n|t:|1700689795\n|start\n|switch|p1a: Aurorus|Aurorus, M|100\/100\n|switch|p2a: Butterfree|Butterfree, F|100\/100\n|-weather|Snow|[from] ability: Snow Warning|[of] p1a: Aurorus\n|turn|1\n|c|\u2606Paranguatirim1|Glhf\n|\n|t:|1700689802\n|move|p2a: Butterfree|Sleep Powder|p1a: Aurorus\n|-status|p1a: Aurorus|slp|[from] move: Sleep Powder\n|cant|p1a: Aurorus|slp\n|\n|-weather|Snow|[upkeep]\n|upkeep\n|turn|2\n|\n|t:|1700689807\n|switch|p1a: Cinderace|Cinderace, F|100\/100\n|move|p2a: Butterfree|Whirlwind|p1a: Cinderace\n|drag|p1a: Corviknight|Corviknight, F|100\/100\n|\n|-weather|Snow|[upkeep]\n|upkeep\n|turn|3\n|\n|t:|1700689817\n|move|p2a: Butterfree|Stun Spore|p1a: Corviknight\n|-status|p1a: Corviknight|par\n|cant|p1a: Corviknight|par\n|\n|-weather|Snow|[upkeep]\n|upkeep\n|turn|4\n|\n|t:|1700689820\n|move|p1a: Corviknight|Bulk Up|p1a: Corviknight\n|-boost|p1a: Corviknight|atk|1\n|-boost|p1a: Corviknight|def|1\n|move|p2a: Butterfree|Whirlwind|p1a: Corviknight\n|drag|p1a: Aurorus|Aurorus, M|100\/100 slp\n|\n|-weather|Snow|[upkeep]\n|upkeep\n|turn|5\n|\n|t:|1700689833\n|-curestatus|p1a: Aurorus|slp|[msg]\n|move|p1a: Aurorus|Aurora Veil|p1a: Aurorus\n|-sidestart|p1: FalseRulerGrenji|move: Aurora Veil\n|move|p2a: Butterfree|Whirlwind|p1a: Aurorus\n|drag|p1a: Corviknight|Corviknight, F|100\/100 par\n|\n|-weather|none\n|upkeep\n|turn|6\n|\n|t:|1700689840\n|move|p1a: Corviknight|Taunt|p2a: Butterfree\n|-start|p2a: Butterfree|move: Taunt\n|cant|p2a: Butterfree|move: Taunt|Whirlwind\n|\n|upkeep\n|turn|7\n|\n|t:|1700689848\n|move|p2a: Butterfree|U-turn|p1a: Corviknight\n|-resisted|p1a: Corviknight\n|-damage|p1a: Corviknight|99\/100 par\n|\n|t:|1700689855\n|switch|p2a: Goodra|Goodra-Hisui, M|100\/100|[from] U-turn\n|move|p1a: Corviknight|Bulk Up|p1a: Corviknight\n|-boost|p1a: Corviknight|atk|1\n|-boost|p1a: Corviknight|def|1\n|\n|-heal|p1a: Corviknight|100\/100 par|[from] item: Leftovers\n|upkeep\n|turn|8\n|\n|t:|1700689868\n|move|p2a: Goodra|Thunder|p1a: Corviknight\n|-supereffective|p1a: Corviknight\n|-damage|p1a: Corviknight|78\/100 par\n|move|p1a: Corviknight|Taunt|p2a: Goodra\n|-start|p2a: Goodra|move: Taunt\n|\n|-heal|p1a: Corviknight|84\/100 par|[from] item: Leftovers\n|upkeep\n|turn|9\n|\n|t:|1700689888\n|switch|p2a: Butterfree|Butterfree, F|100\/100\n|switch|p1a: Great Tusk|Great Tusk|100\/100\n|\n|upkeep\n|turn|10\n|\n|t:|1700689894\n|move|p2a: Butterfree|Sleep Powder|p1a: Great Tusk\n|-status|p1a: Great Tusk|slp|[from] move: Sleep Powder\n|cant|p1a: Great Tusk|slp\n|\n|upkeep\n|turn|11\n|\n|t:|1700689900\n|-end|p1a: Great Tusk|Protosynthesis|[silent]\n|switch|p1a: Corviknight|Corviknight, F|84\/100 par\n|move|p2a: Butterfree|Whirlwind|p1a: Corviknight\n|drag|p1a: Great Tusk|Great Tusk|100\/100 slp\n|\n|upkeep\n|turn|12\n|\n|t:|1700689908\n|move|p2a: Butterfree|U-turn|p1a: Great Tusk\n|-resisted|p1a: Great Tusk\n|-damage|p1a: Great Tusk|98\/100 slp\n|\n|t:|1700689912\n|switch|p2a: Batman|Gliscor, M|100\/100|[from] U-turn\n|cant|p1a: Great Tusk|slp\n|\n|-sideend|p1: FalseRulerGrenji|move: Aurora Veil\n|-status|p2a: Batman|tox|[from] item: Toxic Orb\n|upkeep\n|turn|13\n|\n|t:|1700689920\n|-end|p1a: Great Tusk|Protosynthesis|[silent]\n|switch|p1a: Greninja|Greninja, M|100\/100\n|move|p2a: Batman|Fling|p1a: Greninja\n|-resisted|p1a: Greninja\n|-damage|p1a: Greninja|93\/100\n|-status|p1a: Greninja|tox\n|-enditem|p2a: Batman|Toxic Orb|[from] move: Fling\n|\n|-damage|p1a: Greninja|87\/100 tox|[from] psn\n|upkeep\n|turn|14\n|\n|t:|1700689927\n|switch|p2a: Gastrodon|Gastrodon, M|100\/100\n|move|p1a: Greninja|Ice Beam|p2a: Gastrodon\n|-damage|p2a: Gastrodon|76\/100\n|-status|p2a: Gastrodon|frz\n|-damage|p1a: Greninja|77\/100 tox|[from] item: Life Orb\n|\n|-damage|p1a: Greninja|65\/100 tox|[from] psn\n|upkeep\n|turn|15\n|\n|t:|1700689937\n|switch|p1a: Aurorus|Aurorus, M|100\/100\n|-weather|Snow|[from] ability: Snow Warning|[of] p1a: Aurorus\n|-curestatus|p2a: Gastrodon|frz|[msg]\n|move|p2a: Gastrodon|Earth Power|p1a: Aurorus\n|-supereffective|p1a: Aurorus\n|-damage|p1a: Aurorus|49\/100\n|\n|-weather|Snow|[upkeep]\n|upkeep\n|turn|16\n|\n|t:|1700689943\n|move|p1a: Aurorus|Freeze-Dry|p2a: Gastrodon\n|-supereffective|p2a: Gastrodon\n|-damage|p2a: Gastrodon|0 fnt\n|faint|p2a: Gastrodon\n|\n|-weather|Snow|[upkeep]\n|upkeep\n|\n|t:|1700689955\n|switch|p2a: Iron Man|Scizor, M|100\/100\n|turn|17\n|\n|t:|1700689972\n|detailschange|p2a: Iron Man|Scizor-Mega, M\n|-mega|p2a: Iron Man|Scizor|Scizorite\n|-terastallize|p1a: Aurorus|Steel\n|move|p2a: Iron Man|Swords Dance|p2a: Iron Man\n|-boost|p2a: Iron Man|atk|2\n|move|p1a: Aurorus|Aurora Veil|p1a: Aurorus\n|-sidestart|p1: FalseRulerGrenji|move: Aurora Veil\n|\n|-weather|Snow|[upkeep]\n|upkeep\n|turn|18\n|\n|t:|1700689980\n|move|p2a: Iron Man|Dual Wingbeat|p1a: Aurorus\n|-resisted|p1a: Aurorus\n|-damage|p1a: Aurorus|38\/100\n|-resisted|p1a: Aurorus\n|-damage|p1a: Aurorus|28\/100\n|-hitcount|p1a: Aurorus|2\n|move|p1a: Aurorus|Thunder Wave|p2a: Iron Man\n|-status|p2a: Iron Man|par\n|\n|-weather|Snow|[upkeep]\n|upkeep\n|turn|19\n|\n|t:|1700689985\n|switch|p1a: Cinderace|Cinderace, F|100\/100\n|move|p2a: Iron Man|Dual Wingbeat|p1a: Cinderace\n|-damage|p1a: Cinderace|60\/100\n|-damage|p1a: Cinderace|17\/100\n|-hitcount|p1a: Cinderace|2\n|\n|-weather|none\n|upkeep\n|turn|20\n|\n|t:|1700689991\n|cant|p2a: Iron Man|par\n|move|p1a: Cinderace|Pyro Ball|p2a: Iron Man|[miss]\n|-miss|p1a: Cinderace|p2a: Iron Man\n|\n|upkeep\n|turn|21\n|\n|t:|1700689996\n|move|p2a: Iron Man|Bullet Punch|p1a: Cinderace\n|-resisted|p1a: Cinderace\n|-damage|p1a: Cinderace|0 fnt\n|faint|p1a: Cinderace\n|\n|upkeep\n|\n|t:|1700690008\n|switch|p1a: Greninja|Greninja, M|65\/100 tox\n|turn|22\n|\n|t:|1700690012\n|move|p1a: Greninja|Hydro Pump|p2a: Iron Man\n|-damage|p2a: Iron Man|41\/100 par\n|-damage|p1a: Greninja|56\/100 tox|[from] item: Life Orb\n|move|p2a: Iron Man|Facade|p1a: Greninja\n|-damage|p1a: Greninja|0 fnt\n|faint|p1a: Greninja\n|\n|upkeep\n|\n|t:|1700690019\n|switch|p1a: Great Tusk|Great Tusk|98\/100 slp\n|turn|23\n|\n|t:|1700690031\n|-curestatus|p1a: Great Tusk|slp|[msg]\n|move|p1a: Great Tusk|Close Combat|p2a: Iron Man\n|-damage|p2a: Iron Man|0 fnt\n|-unboost|p1a: Great Tusk|def|1\n|-unboost|p1a: Great Tusk|spd|1\n|faint|p2a: Iron Man\n|\n|upkeep\n|\n|t:|1700690043\n|switch|p2a: Batman|Gliscor, M|100\/100 tox\n|turn|24\n|\n|t:|1700690049\n|-end|p1a: Great Tusk|Protosynthesis|[silent]\n|switch|p1a: Corviknight|Corviknight, F|84\/100 par\n|move|p2a: Batman|Acrobatics|p1a: Corviknight\n|-resisted|p1a: Corviknight\n|-damage|p1a: Corviknight|74\/100 par\n|\n|-heal|p1a: Corviknight|80\/100 par|[from] item: Leftovers\n|-sideend|p1: FalseRulerGrenji|move: Aurora Veil\n|upkeep\n|turn|25\n|\n|t:|1700690056\n|move|p2a: Batman|U-turn|p1a: Corviknight\n|-resisted|p1a: Corviknight\n|-damage|p1a: Corviknight|76\/100 par\n|\n|t:|1700690058\n|switch|p2a: Goodra|Goodra-Hisui, M|100\/100|[from] U-turn\n|cant|p1a: Corviknight|par\n|\n|-heal|p1a: Corviknight|82\/100 par|[from] item: Leftovers\n|upkeep\n|turn|26\n|\n|t:|1700690076\n|switch|p1a: Great Tusk|Great Tusk|98\/100\n|move|p2a: Goodra|Blizzard|p1a: Great Tusk\n|-supereffective|p1a: Great Tusk\n|-damage|p1a: Great Tusk|52\/100\n|\n|upkeep\n|turn|27\n|\n|t:|1700690091\n|switch|p2a: Butterfree|Butterfree, F|100\/100\n|move|p1a: Great Tusk|Knock Off|p2a: Butterfree\n|-damage|p2a: Butterfree|41\/100\n|-enditem|p2a: Butterfree|Focus Sash|[from] move: Knock Off|[of] p1a: Great Tusk\n|\n|upkeep\n|turn|28\n|\n|t:|1700690104\n|-end|p1a: Great Tusk|Protosynthesis|[silent]\n|switch|p1a: Corviknight|Corviknight, F|82\/100 par\n|move|p2a: Butterfree|Sleep Powder||[still]\n|-fail|p2a: Butterfree\n|\n|-heal|p1a: Corviknight|88\/100 par|[from] item: Leftovers\n|upkeep\n|turn|29\n|\n|t:|1700690108\n|cant|p1a: Corviknight|par\n|move|p2a: Butterfree|Whirlwind|p1a: Corviknight\n|drag|p1a: Great Tusk|Great Tusk|52\/100\n|\n|upkeep\n|turn|30\n|\n|t:|1700690113\n|-end|p1a: Great Tusk|Protosynthesis|[silent]\n|switch|p1a: Corviknight|Corviknight, F|88\/100 par\n|move|p2a: Butterfree|U-turn|p1a: Corviknight\n|-resisted|p1a: Corviknight\n|-damage|p1a: Corviknight|86\/100 par\n|\n|t:|1700690123\n|switch|p2a: Goodra|Goodra-Hisui, M|100\/100|[from] U-turn\n|\n|-heal|p1a: Corviknight|92\/100 par|[from] item: Leftovers\n|upkeep\n|turn|31\n|\n|t:|1700690133\n|move|p2a: Goodra|Hydro Pump|p1a: Corviknight\n|-damage|p1a: Corviknight|68\/100 par\n|move|p1a: Corviknight|Bulk Up|p1a: Corviknight\n|-boost|p1a: Corviknight|atk|1\n|-boost|p1a: Corviknight|def|1\n|\n|-heal|p1a: Corviknight|74\/100 par|[from] item: Leftovers\n|upkeep\n|turn|32\n|\n|t:|1700690146\n|move|p2a: Goodra|Thunder|p1a: Corviknight\n|-supereffective|p1a: Corviknight\n|-damage|p1a: Corviknight|25\/100 par\n|move|p1a: Corviknight|Roost|p1a: Corviknight\n|-heal|p1a: Corviknight|75\/100 par\n|-singleturn|p1a: Corviknight|move: Roost\n|\n|-heal|p1a: Corviknight|81\/100 par|[from] item: Leftovers\n|upkeep\n|turn|33\n|\n|t:|1700690158\n|move|p2a: Goodra|Thunder|p1a: Corviknight|[miss]\n|-miss|p2a: Goodra|p1a: Corviknight\n|move|p1a: Corviknight|Bulk Up|p1a: Corviknight\n|-boost|p1a: Corviknight|atk|1\n|-boost|p1a: Corviknight|def|1\n|\n|-heal|p1a: Corviknight|87\/100 par|[from] item: Leftovers\n|upkeep\n|turn|34\n|\n|t:|1700690166\n|switch|p2a: Butterfree|Butterfree, F|41\/100\n|move|p1a: Corviknight|Power Trip|p2a: Butterfree\n|-damage|p2a: Butterfree|0 fnt\n|faint|p2a: Butterfree\n|\n|-heal|p1a: Corviknight|93\/100 par|[from] item: Leftovers\n|upkeep\n|\n|t:|1700690172\n|switch|p2a: Goodra|Goodra-Hisui, M|100\/100\n|turn|35\n|\n|t:|1700690177\n|move|p2a: Goodra|Thunder|p1a: Corviknight\n|-supereffective|p1a: Corviknight\n|-damage|p1a: Corviknight|42\/100 par\n|move|p1a: Corviknight|Power Trip|p2a: Goodra\n|-damage|p2a: Goodra|63\/100\n|\n|-heal|p1a: Corviknight|48\/100 par|[from] item: Leftovers\n|upkeep\n|turn|36\n|inactive|FalseRulerGrenji has 120 seconds left.\n|\n|t:|1700690216\n|switch|p1a: Great Tusk|Great Tusk|52\/100\n|move|p2a: Goodra|Thunder|p1a: Great Tusk\n|-immune|p1a: Great Tusk\n|\n|upkeep\n|turn|37\n|\n|t:|1700690229\n|move|p1a: Great Tusk|Close Combat|p2a: Goodra\n|-supereffective|p2a: Goodra\n|-damage|p2a: Goodra|0 fnt\n|-unboost|p1a: Great Tusk|def|1\n|-unboost|p1a: Great Tusk|spd|1\n|faint|p2a: Goodra\n|\n|upkeep\n|\n|t:|1700690232\n|switch|p2a: Batman|Gliscor, M|100\/100 tox\n|turn|38\n|inactive|FalseRulerGrenji has 120 seconds left.\n|\n|t:|1700690257\n|-end|p1a: Great Tusk|Protosynthesis|[silent]\n|switch|p1a: Corviknight|Corviknight, F|48\/100 par\n|move|p2a: Batman|U-turn|p1a: Corviknight\n|-resisted|p1a: Corviknight\n|-crit|p1a: Corviknight\n|-damage|p1a: Corviknight|43\/100 par\n|\n|t:|1700690260\n|switch|p2a: Rapidash|Rapidash, F|100\/100|[from] U-turn\n|\n|-heal|p1a: Corviknight|49\/100 par|[from] item: Leftovers\n|upkeep\n|turn|39\n|inactive|FalseRulerGrenji has 120 seconds left.\n|\n|t:|1700690272\n|switch|p1a: Latios|Latios, M|100\/100\n|-terastallize|p2a: Rapidash|Fire\n|move|p2a: Rapidash|Flare Blitz|p1a: Latios\n|-resisted|p1a: Latios\n|-damage|p1a: Latios|68\/100\n|-damage|p2a: Rapidash|86\/100|[from] Recoil\n|\n|upkeep\n|turn|40\n|inactive|FalseRulerGrenji has 120 seconds left.\n|\n|t:|1700690295\n|switch|p2a: Batman|Gliscor, M|100\/100 tox\n|move|p1a: Latios|Calm Mind|p1a: Latios\n|-boost|p1a: Latios|spa|1\n|-boost|p1a: Latios|spd|1\n|\n|upkeep\n|turn|41\n|\n|t:|1700690313\n|move|p2a: Batman|U-turn|p1a: Latios\n|-supereffective|p1a: Latios\n|-damage|p1a: Latios|40\/100\n|\n|t:|1700690315\n|switch|p2a: Rapidash|Rapidash, F, tera:Fire|86\/100|[from] U-turn\n|move|p1a: Latios|Calm Mind|p1a: Latios\n|-boost|p1a: Latios|spa|1\n|-boost|p1a: Latios|spd|1\n|\n|upkeep\n|turn|42\n|\n|t:|1700690331\n|move|p2a: Rapidash|Flare Blitz|p1a: Latios\n|-resisted|p1a: Latios\n|-damage|p1a: Latios|8\/100\n|-enditem|p1a: Latios|Salac Berry|[eat]\n|-boost|p1a: Latios|spe|1|[from] item: Salac Berry\n|-damage|p2a: Rapidash|72\/100|[from] Recoil\n|move|p1a: Latios|Stored Power|p2a: Rapidash\n|-damage|p2a: Rapidash|0 fnt\n|faint|p2a: Rapidash\n|\n|upkeep\n|\n|t:|1700690338\n|switch|p2a: Batman|Gliscor, M|100\/100 tox\n|turn|43\n|\n|t:|1700690341\n|move|p1a: Latios|Stored Power|p2a: Batman\n|-damage|p2a: Batman|0 fnt\n|faint|p2a: Batman\n|\n|win|FalseRulerGrenji\n|raw|FalseRulerGrenji's rating: 1100 &rarr; <strong>1133<\/strong><br \/>(+33 for winning)\n|raw|Paranguatirim1's rating: 1221 &rarr; <strong>1188<\/strong><br \/>(-33 for losing)\n|c|\u2606Paranguatirim1|Gg\n","uploadtime":1700690351,"views":4,"p1id":"falserulergrenji","p2id":"paranguatirim1","formatid":"gen9nationaldex","rating":1133,"private":0,"password":""}