{"id":"gen9nationaldex-1991430611","p1":"OverlordTaco","p2":"TPX05","format":"[Gen 9] National Dex","log":"|j|\u2606OverlordTaco\n|j|\u2606TPX05\n|t:|1700076480\n|gametype|singles\n|player|p1|OverlordTaco|iris-gen5bw2|1590\n|player|p2|TPX05|kieran|1585\n|teamsize|p1|6\n|teamsize|p2|6\n|gen|9\n|tier|[Gen 9] National Dex\n|rated|\n|rule|HP Percentage Mod: HP is shown in percentages\n|rule|Endless Battle Clause: Forcing endless battles is banned\n|rule|OHKO Clause: OHKO moves are banned\n|rule|Evasion Clause: Evasion abilities, items, and moves are banned\n|rule|Evasion Abilities Clause: Evasion abilities are banned\n|rule|Evasion Items Clause: Evasion items are banned\n|rule|Evasion Moves Clause: Evasion moves are banned\n|rule|Species Clause: Limit one of each Pok\u00e9mon\n|rule|Sleep Clause Mod: Limit one foe put to sleep\n|clearpoke\n|poke|p1|Tapu Koko|\n|poke|p1|Iron Leaves|\n|poke|p1|Reuniclus, F|\n|poke|p1|Glimmora, F|\n|poke|p1|Zapdos|\n|poke|p1|Iron Valiant|\n|poke|p2|Pelipper, M|\n|poke|p2|Swampert, M|\n|poke|p2|Floatzel, F|\n|poke|p2|Overqwil, M|\n|poke|p2|Ferrothorn, F|\n|poke|p2|Basculegion-F, F|\n|teampreview\n|j| Laizin\n|inactive|Battle timer is ON: inactive players will automatically lose when time's up. (requested by TPX05)\n|l| Laizin\n|\n|t:|1700076494\n|start\n|switch|p1a: Zapdos|Zapdos|100\/100\n|switch|p2a: Basculegion|Basculegion-F, F|100\/100\n|turn|1\n|\n|t:|1700076499\n|switch|p2a: Swampert|Swampert, M|100\/100\n|move|p1a: Zapdos|Hurricane|p2a: Swampert\n|-damage|p2a: Swampert|37\/100\n|\n|upkeep\n|turn|2\n|\n|t:|1700076511\n|switch|p2a: Ferrothorn|Ferrothorn, F|100\/100\n|move|p1a: Zapdos|Hurricane|p2a: Ferrothorn|[miss]\n|-miss|p1a: Zapdos|p2a: Ferrothorn\n|\n|upkeep\n|turn|3\n|\n|t:|1700076517\n|switch|p2a: Pelipper|Pelipper, M|100\/100\n|-weather|RainDance|[from] ability: Drizzle|[of] p2a: Pelipper\n|move|p1a: Zapdos|Heat Wave|p2a: Pelipper\n|-resisted|p2a: Pelipper\n|-damage|p2a: Pelipper|89\/100\n|\n|-weather|RainDance|[upkeep]\n|upkeep\n|turn|4\n|\n|t:|1700076521\n|switch|p2a: Ferrothorn|Ferrothorn, F|100\/100\n|move|p1a: Zapdos|Thunderbolt|p2a: Ferrothorn\n|-resisted|p2a: Ferrothorn\n|-damage|p2a: Ferrothorn|85\/100\n|-enditem|p2a: Ferrothorn|Eject Button\n|\n|t:|1700076531\n|switch|p2a: Floatzel|Floatzel, F|100\/100\n|\n|-weather|RainDance|[upkeep]\n|upkeep\n|turn|5\n|\n|t:|1700076533\n|-terastallize|p2a: Floatzel|Water\n|move|p2a: Floatzel|Wave Crash|p1a: Zapdos\n|-damage|p1a: Zapdos|0 fnt\n|faint|p1a: Zapdos\n|-damage|p2a: Floatzel|65\/100|[from] Recoil\n|\n|-weather|RainDance|[upkeep]\n|upkeep\n|\n|t:|1700076537\n|switch|p1a: Glimmora|Glimmora, F|100\/100\n|turn|6\n|\n|t:|1700076556\n|move|p2a: Floatzel|Wave Crash|p1a: Glimmora\n|-supereffective|p1a: Glimmora\n|-crit|p1a: Glimmora\n|-enditem|p1a: Glimmora|Focus Sash\n|-damage|p1a: Glimmora|1\/100\n|-activate|p1a: Glimmora|ability: Toxic Debris\n|-sidestart|p2: TPX05|move: Toxic Spikes\n|-damage|p2a: Floatzel|32\/100|[from] Recoil\n|move|p1a: Glimmora|Stealth Rock|p2a: Floatzel\n|-sidestart|p2: TPX05|move: Stealth Rock\n|\n|-weather|RainDance|[upkeep]\n|upkeep\n|turn|7\n|\n|t:|1700076563\n|move|p2a: Floatzel|Wave Crash|p1a: Glimmora\n|-supereffective|p1a: Glimmora\n|-damage|p1a: Glimmora|0 fnt\n|-activate|p1a: Glimmora|ability: Toxic Debris\n|-sidestart|p2: TPX05|move: Toxic Spikes\n|faint|p1a: Glimmora\n|-damage|p2a: Floatzel|32\/100|[from] Recoil\n|\n|-weather|RainDance|[upkeep]\n|upkeep\n|\n|t:|1700076566\n|switch|p1a: Iron Leaves|Iron Leaves|100\/100\n|-enditem|p1a: Iron Leaves|Booster Energy\n|-activate|p1a: Iron Leaves|ability: Quark Drive|[fromitem]\n|-start|p1a: Iron Leaves|quarkdriveatk\n|turn|8\n|\n|t:|1700076593\n|switch|p2a: Overqwil|Overqwil, M|100\/100\n|-sideend|p2: TPX05|move: Toxic Spikes|[of] p2a: Overqwil\n|-damage|p2a: Overqwil|88\/100|[from] Stealth Rock\n|move|p1a: Iron Leaves|Sacred Sword|p2a: Overqwil\n|-damage|p2a: Overqwil|43\/100\n|-damage|p1a: Iron Leaves|84\/100|[from] item: Rocky Helmet|[of] p2a: Overqwil\n|\n|-weather|RainDance|[upkeep]\n|upkeep\n|turn|9\n|\n|t:|1700076599\n|move|p2a: Overqwil|Poison Jab|p1a: Iron Leaves\n|-supereffective|p1a: Iron Leaves\n|-damage|p1a: Iron Leaves|0 fnt\n|faint|p1a: Iron Leaves\n|-end|p1a: Iron Leaves|Quark Drive|[silent]\n|\n|-weather|RainDance|[upkeep]\n|upkeep\n|\n|t:|1700076610\n|switch|p1a: Iron Valiant|Iron Valiant|100\/100\n|-enditem|p1a: Iron Valiant|Booster Energy\n|-activate|p1a: Iron Valiant|ability: Quark Drive|[fromitem]\n|-start|p1a: Iron Valiant|quarkdrivespe\n|turn|10\n|\n|t:|1700076612\n|move|p2a: Overqwil|Poison Jab|p1a: Iron Valiant\n|-supereffective|p1a: Iron Valiant\n|-damage|p1a: Iron Valiant|7\/100\n|move|p1a: Iron Valiant|Spirit Break|p2a: Overqwil\n|-damage|p2a: Overqwil|0 fnt\n|-damage|p1a: Iron Valiant|0 fnt|[from] item: Rocky Helmet|[of] p2a: Overqwil\n|faint|p2a: Overqwil\n|faint|p1a: Iron Valiant\n|-end|p1a: Iron Valiant|Quark Drive|[silent]\n|\n|-weather|none\n|upkeep\n|\n|t:|1700076620\n|switch|p1a: Reuniclus|Reuniclus, F|100\/100\n|switch|p2a: Pelipper|Pelipper, M|89\/100\n|-damage|p2a: Pelipper|65\/100|[from] Stealth Rock\n|-weather|RainDance|[from] ability: Drizzle|[of] p2a: Pelipper\n|turn|11\n|\n|t:|1700076622\n|move|p2a: Pelipper|U-turn|p1a: Reuniclus\n|-supereffective|p1a: Reuniclus\n|-damage|p1a: Reuniclus|86\/100\n|\n|t:|1700076623\n|switch|p2a: Basculegion|Basculegion-F, F|100\/100|[from] U-turn\n|-damage|p2a: Basculegion|88\/100|[from] Stealth Rock\n|move|p1a: Reuniclus|Acid Armor|p1a: Reuniclus\n|-boost|p1a: Reuniclus|def|2\n|\n|-weather|RainDance|[upkeep]\n|-heal|p1a: Reuniclus|92\/100|[from] item: Leftovers\n|upkeep\n|turn|12\n|\n|t:|1700076628\n|-zpower|p2a: Basculegion\n|move|p2a: Basculegion|Never-Ending Nightmare|p1a: Reuniclus|[zeffect]\n|-supereffective|p1a: Reuniclus\n|-damage|p1a: Reuniclus|0 fnt\n|faint|p1a: Reuniclus\n|\n|-weather|RainDance|[upkeep]\n|upkeep\n|-message|OverlordTaco forfeited.\n|\n|win|TPX05\n|raw|OverlordTaco's rating: 1590 &rarr; <strong>1570<\/strong><br \/>(-20 for losing)\n|raw|TPX05's rating: 1585 &rarr; <strong>1605<\/strong><br \/>(+20 for winning)\n|l|\u2606OverlordTaco\n","uploadtime":1700076648,"views":5,"p1id":"overlordtaco","p2id":"tpx05","formatid":"gen9nationaldex","rating":1570,"private":0,"password":""}