{"id":"gen9nationaldex-1992810983","p1":"How To Beat Lance","p2":"The power of ROCK","format":"[Gen 9] National Dex","log":"|j|\u2606How To Beat Lance\n|j|\u2606The power of ROCK\n|t:|1700237487\n|gametype|singles\n|player|p1|How To Beat Lance|lance|\n|player|p2|The power of ROCK|roark|\n|teamsize|p1|6\n|teamsize|p2|6\n|gen|9\n|tier|[Gen 9] National Dex\n|rule|HP Percentage Mod: HP is shown in percentages\n|rule|Endless Battle Clause: Forcing endless battles is banned\n|rule|OHKO Clause: OHKO moves are banned\n|rule|Evasion Clause: Evasion abilities, items, and moves are banned\n|rule|Evasion Abilities Clause: Evasion abilities are banned\n|rule|Evasion Items Clause: Evasion items are banned\n|rule|Evasion Moves Clause: Evasion moves are banned\n|rule|Species Clause: Limit one of each Pok\u00e9mon\n|rule|Sleep Clause Mod: Limit one foe put to sleep\n|clearpoke\n|poke|p1|Duraludon, M|\n|poke|p1|Kingdra, F|\n|poke|p1|Dragonite, F|\n|poke|p1|Noivern, M|\n|poke|p1|Latios, M|\n|poke|p1|Haxorus, M|\n|poke|p2|Tyranitar, F|\n|poke|p2|Garganacl, F|\n|poke|p2|Aggron, F|\n|poke|p2|Cradily, M|\n|poke|p2|Glimmora, F|\n|poke|p2|Avalugg-Hisui, M|\n|teampreview\n|c|\u2606The power of ROCK|Welcome to the ROCK gym\n|c|\u2606How To Beat Lance|i will still lose\n|c|\u2606How To Beat Lance|if you look at my elo\n|c|\u2606How To Beat Lance|i kinda am not the best\n|\n|t:|1700237528\n|start\n|switch|p1a: Kingdra|Kingdra, F, shiny|100\/100\n|switch|p2a: Garganacl|Garganacl, F|100\/100\n|turn|1\n|\n|t:|1700237536\n|switch|p2a: Tyranitar|Tyranitar, F|100\/100\n|-weather|Sandstorm|[from] ability: Sand Stream|[of] p2a: Tyranitar\n|move|p1a: Kingdra|Rain Dance|p1a: Kingdra\n|-weather|RainDance\n|\n|-weather|RainDance|[upkeep]\n|upkeep\n|turn|2\n|\n|t:|1700237561\n|switch|p2a: Cradily|Cradily, M|100\/100\n|move|p1a: Kingdra|Hydro Pump|p2a: Cradily\n|-ability|p2a: Cradily|Storm Drain|boost\n|-boost|p2a: Cradily|spa|1\n|\n|-weather|RainDance|[upkeep]\n|upkeep\n|turn|3\n|\n|t:|1700237569\n|move|p1a: Kingdra|Ice Beam|p2a: Cradily\n|-supereffective|p2a: Cradily\n|-damage|p2a: Cradily|34\/100\n|-damage|p1a: Kingdra|91\/100|[from] item: Life Orb\n|move|p2a: Cradily|Leech Seed|p1a: Kingdra|[miss]\n|-miss|p2a: Cradily|p1a: Kingdra\n|\n|-weather|RainDance|[upkeep]\n|upkeep\n|turn|4\n|\n|t:|1700237580\n|switch|p2a: Tyranitar|Tyranitar, F|100\/100\n|-weather|Sandstorm|[from] ability: Sand Stream|[of] p2a: Tyranitar\n|move|p1a: Kingdra|Ice Beam|p2a: Tyranitar\n|-damage|p2a: Tyranitar|90\/100\n|-damage|p1a: Kingdra|81\/100|[from] item: Life Orb\n|\n|-weather|Sandstorm|[upkeep]\n|-damage|p1a: Kingdra|74\/100|[from] Sandstorm\n|upkeep\n|turn|5\n|\n|t:|1700237585\n|move|p1a: Kingdra|Rain Dance|p1a: Kingdra\n|-weather|RainDance\n|move|p2a: Tyranitar|Rock Blast|p1a: Kingdra\n|-damage|p1a: Kingdra|60\/100\n|-damage|p1a: Kingdra|46\/100\n|-damage|p1a: Kingdra|31\/100\n|-damage|p1a: Kingdra|18\/100\n|-damage|p1a: Kingdra|5\/100\n|-hitcount|p1a: Kingdra|5\n|\n|-weather|RainDance|[upkeep]\n|upkeep\n|turn|6\n|\n|t:|1700237594\n|switch|p2a: Cradily|Cradily, M|34\/100\n|move|p1a: Kingdra|Hydro Pump|p2a: Cradily\n|-ability|p2a: Cradily|Storm Drain|boost\n|-boost|p2a: Cradily|spa|1\n|\n|-weather|RainDance|[upkeep]\n|upkeep\n|turn|7\n|\n|t:|1700237603\n|switch|p2a: Tyranitar|Tyranitar, F|90\/100\n|-weather|Sandstorm|[from] ability: Sand Stream|[of] p2a: Tyranitar\n|move|p1a: Kingdra|Ice Beam|p2a: Tyranitar\n|-damage|p2a: Tyranitar|79\/100\n|-damage|p1a: Kingdra|0 fnt|[from] item: Life Orb\n|faint|p1a: Kingdra\n|\n|-weather|Sandstorm|[upkeep]\n|upkeep\n|\n|t:|1700237608\n|switch|p1a: Latios|Latios, M|100\/100\n|turn|8\n|\n|t:|1700237611\n|detailschange|p1a: Latios|Latios-Mega, M\n|-mega|p1a: Latios|Latios|Latiosite\n|move|p1a: Latios|Aura Sphere|p2a: Tyranitar\n|-supereffective|p2a: Tyranitar\n|-crit|p2a: Tyranitar\n|-damage|p2a: Tyranitar|28\/100\n|move|p2a: Tyranitar|Knock Off|p1a: Latios\n|-supereffective|p1a: Latios\n|-damage|p1a: Latios|44\/100\n|\n|-weather|Sandstorm|[upkeep]\n|-damage|p1a: Latios|38\/100|[from] Sandstorm\n|upkeep\n|turn|9\n|\n|t:|1700237624\n|switch|p2a: Garganacl|Garganacl, F|100\/100\n|move|p1a: Latios|Aura Sphere|p2a: Garganacl\n|-supereffective|p2a: Garganacl\n|-damage|p2a: Garganacl|75\/100\n|-enditem|p2a: Garganacl|Maranga Berry|[eat]\n|-boost|p2a: Garganacl|spd|1|[from] item: Maranga Berry\n|\n|-weather|Sandstorm|[upkeep]\n|-damage|p1a: Latios|32\/100|[from] Sandstorm\n|upkeep\n|turn|10\n|c|\u2606How To Beat Lance|the crit did nothing\n|c|\u2606The power of ROCK|lies\n|\n|t:|1700237634\n|move|p1a: Latios|Calm Mind|p1a: Latios\n|-boost|p1a: Latios|spa|1\n|-boost|p1a: Latios|spd|1\n|move|p2a: Garganacl|Iron Defense|p2a: Garganacl\n|-boost|p2a: Garganacl|def|2\n|\n|-weather|Sandstorm|[upkeep]\n|-damage|p1a: Latios|25\/100|[from] Sandstorm\n|upkeep\n|turn|11\n|c|\u2606The power of ROCK|that crit did 58\n|\n|t:|1700237642\n|move|p1a: Latios|Dragon Pulse|p2a: Garganacl\n|-damage|p2a: Garganacl|56\/100\n|move|p2a: Garganacl|Recover|p2a: Garganacl\n|-heal|p2a: Garganacl|100\/100\n|\n|-weather|none\n|upkeep\n|turn|12\n|c|\u2606How To Beat Lance|on 4x effective\n|\n|t:|1700237649\n|-terastallize|p2a: Garganacl|Ghost\n|move|p1a: Latios|Calm Mind|p1a: Latios\n|-boost|p1a: Latios|spa|1\n|-boost|p1a: Latios|spd|1\n|move|p2a: Garganacl|Salt Cure|p1a: Latios\n|-damage|p1a: Latios|12\/100\n|-start|p1a: Latios|Salt Cure\n|\n|-damage|p1a: Latios|0 fnt|[from] Salt Cure\n|faint|p1a: Latios\n|upkeep\n|c|\u2606The power of ROCK|xD\n|c|\u2606How To Beat Lance|a\n|\n|t:|1700237667\n|switch|p1a: Noivern|Noivern, M|100\/100\n|turn|13\n|\n|t:|1700237670\n|move|p1a: Noivern|Draco Meteor|p2a: Garganacl\n|-damage|p2a: Garganacl|77\/100\n|-unboost|p1a: Noivern|spa|2\n|move|p2a: Garganacl|Salt Cure|p1a: Noivern\n|-supereffective|p1a: Noivern\n|-damage|p1a: Noivern|60\/100\n|-start|p1a: Noivern|Salt Cure\n|\n|-damage|p1a: Noivern|48\/100|[from] Salt Cure\n|upkeep\n|turn|14\n|\n|t:|1700237682\n|move|p1a: Noivern|Draco Meteor|p2a: Garganacl\n|-damage|p2a: Garganacl|65\/100\n|-unboost|p1a: Noivern|spa|2\n|move|p2a: Garganacl|Iron Defense|p2a: Garganacl\n|-boost|p2a: Garganacl|def|2\n|\n|-damage|p1a: Noivern|36\/100|[from] Salt Cure\n|upkeep\n|turn|15\n|\n|t:|1700237685\n|move|p1a: Noivern|U-turn|p2a: Garganacl\n|-resisted|p2a: Garganacl\n|-damage|p2a: Garganacl|63\/100\n|\n|t:|1700237689\n|switch|p1a: Duraludon|Duraludon, M, shiny|100\/100|[from] U-turn\n|move|p2a: Garganacl|Recover|p2a: Garganacl\n|-heal|p2a: Garganacl|100\/100\n|\n|upkeep\n|turn|16\n|\n|t:|1700237706\n|move|p1a: Duraludon|Dark Pulse|p2a: Garganacl\n|-supereffective|p2a: Garganacl\n|-damage|p2a: Garganacl|78\/100\n|move|p2a: Garganacl|Body Press|p1a: Duraludon\n|-supereffective|p1a: Duraludon\n|-damage|p1a: Duraludon|0 fnt\n|-damage|p2a: Garganacl|62\/100|[from] item: Rocky Helmet|[of] p1a: Duraludon\n|faint|p1a: Duraludon\n|\n|upkeep\n|\n|t:|1700237712\n|switch|p1a: Haxorus|Haxorus, M, shiny|100\/100\n|-ability|p1a: Haxorus|Mold Breaker\n|turn|17\n|\n|t:|1700237717\n|move|p1a: Haxorus|Dragon Claw|p2a: Garganacl\n|-damage|p2a: Garganacl|50\/100\n|move|p2a: Garganacl|Body Press|p1a: Haxorus\n|-damage|p1a: Haxorus|5\/100\n|-enditem|p1a: Haxorus|Figy Berry|[eat]\n|-heal|p1a: Haxorus|38\/100|[from] item: Figy Berry\n|\n|upkeep\n|turn|18\n|c|\u2606How To Beat Lance|gg again\n|c|\u2606The power of ROCK|gg : )\n|\n|t:|1700237727\n|move|p1a: Haxorus|Dragon Claw|p2a: Garganacl\n|-damage|p2a: Garganacl|38\/100\n|move|p2a: Garganacl|Recover|p2a: Garganacl\n|-heal|p2a: Garganacl|88\/100\n|\n|upkeep\n|turn|19\n|c|\u2606How To Beat Lance|i belive\n|\n|t:|1700237740\n|move|p1a: Haxorus|Earthquake|p2a: Garganacl\n|-damage|p2a: Garganacl|78\/100\n|move|p2a: Garganacl|Body Press|p1a: Haxorus\n|-damage|p1a: Haxorus|0 fnt\n|faint|p1a: Haxorus\n|\n|upkeep\n|c|\u2606How To Beat Lance|i 3-0ed your trainer\n|\n|t:|1700237751\n|switch|p1a: Noivern|Noivern, M|36\/100\n|turn|20\n|\n|t:|1700237753\n|move|p1a: Noivern|Draco Meteor|p2a: Garganacl\n|-damage|p2a: Garganacl|52\/100\n|-unboost|p1a: Noivern|spa|2\n|move|p2a: Garganacl|Salt Cure|p1a: Noivern\n|-supereffective|p1a: Noivern\n|-damage|p1a: Noivern|0 fnt\n|faint|p1a: Noivern\n|\n|upkeep\n|c|\u2606The power of ROCK|oof\n|c|\u2606The power of ROCK|my trainer has much to learn\n|c|\u2606The power of ROCK|but he is good\n|c|\u2606How To Beat Lance|he is\n|c|\u2606The power of ROCK|so thats impressive\n|c|\u2606How To Beat Lance|mega diancie\n|\n|t:|1700237787\n|switch|p1a: Dragonite|Dragonite, F|100\/100\n|turn|21\n|c|\u2606How To Beat Lance|g\n|c|\u2606How To Beat Lance|gg\n|\n|t:|1700237792\n|move|p1a: Dragonite|Dragon Claw|p2a: Garganacl\n|-damage|p2a: Garganacl|41\/100\n|move|p2a: Garganacl|Recover|p2a: Garganacl\n|-heal|p2a: Garganacl|91\/100\n|\n|upkeep\n|turn|22\n|c|\u2606The power of ROCK|gg\n|\n|t:|1700237809\n|move|p1a: Dragonite|Dragon Claw|p2a: Garganacl\n|-damage|p2a: Garganacl|80\/100\n|move|p2a: Garganacl|Salt Cure|p1a: Dragonite\n|-supereffective|p1a: Dragonite\n|-damage|p1a: Dragonite|84\/100\n|-start|p1a: Dragonite|Salt Cure\n|-enditem|p1a: Dragonite|Weakness Policy\n|-boost|p1a: Dragonite|atk|2|[from] item: Weakness Policy\n|-boost|p1a: Dragonite|spa|2|[from] item: Weakness Policy\n|\n|-damage|p1a: Dragonite|71\/100|[from] Salt Cure\n|upkeep\n|turn|23\n|c|\u2606The power of ROCK|OOF\n|c|\u2606How To Beat Lance|if i crit\n|\n|t:|1700237824\n|move|p1a: Dragonite|Dragon Claw|p2a: Garganacl\n|-damage|p2a: Garganacl|61\/100\n|move|p2a: Garganacl|Iron Defense|p2a: Garganacl\n|-boost|p2a: Garganacl|def|2\n|\n|-damage|p1a: Dragonite|59\/100|[from] Salt Cure\n|upkeep\n|turn|24\n|c|\u2606How To Beat Lance|the counter sweep\n|\n|t:|1700237830\n|move|p1a: Dragonite|Dragon Claw|p2a: Garganacl\n|-damage|p2a: Garganacl|44\/100\n|move|p2a: Garganacl|Recover|p2a: Garganacl\n|-heal|p2a: Garganacl|94\/100\n|\n|-damage|p1a: Dragonite|47\/100|[from] Salt Cure\n|upkeep\n|turn|25\n|c|\u2606The power of ROCK|Never\n|c|\u2606How To Beat Lance|fair\n|\n|t:|1700237844\n|move|p1a: Dragonite|Dragon Claw|p2a: Garganacl\n|-damage|p2a: Garganacl|79\/100\n|move|p2a: Garganacl|Body Press|p1a: Dragonite\n|-resisted|p1a: Dragonite\n|-damage|p1a: Dragonite|0 fnt\n|faint|p1a: Dragonite\n|\n|win|The power of ROCK\n|c|\u2606The power of ROCK|xD\n|c|\u2606How To Beat Lance|gg\n|c|\u2606The power of ROCK|gg\n","uploadtime":1700237852,"views":10,"p1id":"howtobeatlance","p2id":"thepowerofrock","formatid":"gen9nationaldex","rating":0,"private":0,"password":""}