{"id":"gen9nationaldex-1990142844","p1":"mayuripink","p2":"chige5464","format":"[Gen 9] National Dex","log":"|j|\u2606mayuripink\n|j|\u2606chige5464\n|t:|1699929211\n|gametype|singles\n|player|p1|mayuripink|266|1242\n|player|p2|chige5464|preschooler|1253\n|teamsize|p1|6\n|teamsize|p2|6\n|gen|9\n|tier|[Gen 9] National Dex\n|rated|\n|rule|HP Percentage Mod: HP is shown in percentages\n|rule|Endless Battle Clause: Forcing endless battles is banned\n|rule|OHKO Clause: OHKO moves are banned\n|rule|Evasion Clause: Evasion abilities, items, and moves are banned\n|rule|Evasion Abilities Clause: Evasion abilities are banned\n|rule|Evasion Items Clause: Evasion items are banned\n|rule|Evasion Moves Clause: Evasion moves are banned\n|rule|Species Clause: Limit one of each Pok\u00e9mon\n|rule|Sleep Clause Mod: Limit one foe put to sleep\n|clearpoke\n|poke|p1|Pelipper, M|\n|poke|p1|Urshifu-*, F|\n|poke|p1|Gyarados, M|\n|poke|p1|Ferrothorn, F|\n|poke|p1|Iron Treads|\n|poke|p1|Tapu Lele|\n|poke|p2|Hatterene, F|\n|poke|p2|Mimikyu, F|\n|poke|p2|Pidgeot, F|\n|poke|p2|Glimmora, M|\n|poke|p2|Zapdos|\n|poke|p2|Zamazenta-*|\n|teampreview\n|\n|t:|1699929224\n|start\n|switch|p1a: Pelipper|Pelipper, M|100\/100\n|switch|p2a: Glimmora|Glimmora, M|100\/100\n|-weather|RainDance|[from] ability: Drizzle|[of] p1a: Pelipper\n|turn|1\n|\n|t:|1699929240\n|move|p2a: Glimmora|Stealth Rock|p1a: Pelipper\n|-sidestart|p1: mayuripink|move: Stealth Rock\n|move|p1a: Pelipper|Hurricane|p2a: Glimmora\n|-resisted|p2a: Glimmora\n|-damage|p2a: Glimmora|75\/100\n|-start|p2a: Glimmora|confusion\n|\n|-weather|RainDance|[upkeep]\n|upkeep\n|turn|2\n|\n|t:|1699929250\n|switch|p2a: Zapdos|Zapdos|100\/100\n|switch|p1a: Tapu Lele|Tapu Lele|100\/100\n|-damage|p1a: Tapu Lele|88\/100|[from] Stealth Rock\n|-fieldstart|move: Psychic Terrain|[from] ability: Psychic Surge|[of] p1a: Tapu Lele\n|\n|-weather|RainDance|[upkeep]\n|upkeep\n|turn|3\n|\n|t:|1699929273\n|move|p1a: Tapu Lele|Psychic|p2a: Zapdos\n|-damage|p2a: Zapdos|41\/100\n|move|p2a: Zapdos|Toxic|p1a: Tapu Lele\n|-status|p1a: Tapu Lele|tox\n|\n|-weather|RainDance|[upkeep]\n|-damage|p1a: Tapu Lele|82\/100 tox|[from] psn\n|upkeep\n|turn|4\n|\n|t:|1699929282\n|switch|p2a: Hatterene|Hatterene, F|100\/100\n|move|p1a: Tapu Lele|Psychic|p2a: Hatterene\n|-resisted|p2a: Hatterene\n|-damage|p2a: Hatterene|66\/100\n|\n|-weather|RainDance|[upkeep]\n|-heal|p2a: Hatterene|72\/100|[from] item: Leftovers\n|-damage|p1a: Tapu Lele|70\/100 tox|[from] psn\n|upkeep\n|turn|5\n|\n|t:|1699929293\n|switch|p1a: Iron Treads|Iron Treads|100\/100\n|-damage|p1a: Iron Treads|97\/100|[from] Stealth Rock\n|move|p2a: Hatterene|Draining Kiss|p1a: Iron Treads\n|-resisted|p1a: Iron Treads\n|-damage|p1a: Iron Treads|87\/100\n|-heal|p2a: Hatterene|80\/100|[from] drain|[of] p1a: Iron Treads\n|\n|-weather|RainDance|[upkeep]\n|-heal|p2a: Hatterene|86\/100|[from] item: Leftovers\n|upkeep\n|turn|6\n|\n|t:|1699929314\n|move|p1a: Iron Treads|Rapid Spin|p2a: Hatterene\n|-damage|p2a: Hatterene|73\/100\n|-boost|p1a: Iron Treads|spe|1\n|-sideend|p1: mayuripink|Stealth Rock|[from] move: Rapid Spin|[of] p1a: Iron Treads\n|move|p2a: Hatterene|Nuzzle|p1a: Iron Treads\n|-immune|p1a: Iron Treads\n|\n|-weather|RainDance|[upkeep]\n|-heal|p2a: Hatterene|79\/100|[from] item: Leftovers\n|-fieldend|move: Psychic Terrain\n|upkeep\n|turn|7\n|inactive|Battle timer is ON: inactive players will automatically lose when time's up. (requested by mayuripink)\n|\n|t:|1699929332\n|move|p1a: Iron Treads|Iron Head|p2a: Hatterene\n|-supereffective|p2a: Hatterene\n|-damage|p2a: Hatterene|19\/100\n|move|p2a: Hatterene|Mystical Fire|p1a: Iron Treads\n|-supereffective|p1a: Iron Treads\n|-damage|p1a: Iron Treads|65\/100\n|-unboost|p1a: Iron Treads|spa|1\n|\n|-weather|RainDance|[upkeep]\n|-heal|p2a: Hatterene|25\/100|[from] item: Leftovers\n|upkeep\n|turn|8\n|\n|t:|1699929343\n|switch|p2a: Glimmora|Glimmora, M|75\/100\n|move|p1a: Iron Treads|Iron Head|p2a: Glimmora\n|-supereffective|p2a: Glimmora\n|-damage|p2a: Glimmora|0 fnt\n|-activate|p2a: Glimmora|ability: Toxic Debris\n|-sidestart|p1: mayuripink|move: Toxic Spikes\n|faint|p2a: Glimmora\n|\n|-weather|none\n|upkeep\n|\n|t:|1699929360\n|switch|p2a: Pidgeot|Pidgeot, F|100\/100\n|turn|9\n|\n|t:|1699929372\n|detailschange|p2a: Pidgeot|Pidgeot-Mega, F\n|-mega|p2a: Pidgeot|Pidgeot|Pidgeotite\n|move|p1a: Iron Treads|Rapid Spin|p2a: Pidgeot\n|-damage|p2a: Pidgeot|78\/100\n|-boost|p1a: Iron Treads|spe|1\n|-sideend|p1: mayuripink|Toxic Spikes|[from] move: Rapid Spin|[of] p1a: Iron Treads\n|move|p2a: Pidgeot|Hurricane|p1a: Iron Treads\n|-resisted|p1a: Iron Treads\n|-damage|p1a: Iron Treads|38\/100\n|-start|p1a: Iron Treads|confusion\n|\n|upkeep\n|turn|10\n|\n|t:|1699929389\n|-activate|p1a: Iron Treads|confusion\n|-damage|p1a: Iron Treads|26\/100|[from] confusion\n|move|p2a: Pidgeot|Heat Wave|p1a: Iron Treads\n|-supereffective|p1a: Iron Treads\n|-damage|p1a: Iron Treads|0 fnt\n|faint|p1a: Iron Treads\n|-end|p1a: Iron Treads|Quark Drive|[silent]\n|\n|upkeep\n|\n|t:|1699929398\n|switch|p1a: Pelipper|Pelipper, M|100\/100\n|-weather|RainDance|[from] ability: Drizzle|[of] p1a: Pelipper\n|turn|11\n|\n|t:|1699929410\n|move|p2a: Pidgeot|Hurricane|p1a: Pelipper\n|-crit|p1a: Pelipper\n|-damage|p1a: Pelipper|0 fnt\n|faint|p1a: Pelipper\n|\n|-weather|RainDance|[upkeep]\n|upkeep\n|\n|t:|1699929425\n|switch|p1a: Gyarados|Gyarados, M|100\/100\n|-ability|p1a: Gyarados|Intimidate|boost\n|-unboost|p2a: Pidgeot|atk|1\n|turn|12\n|\n|t:|1699929432\n|move|p2a: Pidgeot|Hurricane|p1a: Gyarados\n|-damage|p1a: Gyarados|45\/100\n|move|p1a: Gyarados|Dragon Dance|p1a: Gyarados\n|-boost|p1a: Gyarados|atk|1\n|-boost|p1a: Gyarados|spe|1\n|\n|-weather|RainDance|[upkeep]\n|upkeep\n|turn|13\n|\n|t:|1699929441\n|detailschange|p1a: Gyarados|Gyarados-Mega, M\n|-mega|p1a: Gyarados|Gyarados|Gyaradosite\n|-ability|p1a: Gyarados|Mold Breaker\n|move|p1a: Gyarados|Waterfall|p2a: Pidgeot\n|-damage|p2a: Pidgeot|0 fnt\n|faint|p2a: Pidgeot\n|\n|-weather|RainDance|[upkeep]\n|upkeep\n|\n|t:|1699929451\n|switch|p2a: Zapdos|Zapdos|41\/100\n|turn|14\n|\n|t:|1699929461\n|move|p1a: Gyarados|Crunch|p2a: Zapdos\n|-damage|p2a: Zapdos|0 fnt\n|-status|p1a: Gyarados|par|[from] ability: Static|[of] p2a: Zapdos\n|faint|p2a: Zapdos\n|\n|-weather|RainDance|[upkeep]\n|upkeep\n|\n|t:|1699929475\n|switch|p2a: Zamazenta|Zamazenta|100\/100\n|-ability|p2a: Zamazenta|Dauntless Shield|boost\n|-boost|p2a: Zamazenta|def|1\n|turn|15\n|\n|t:|1699929498\n|move|p2a: Zamazenta|Iron Defense|p2a: Zamazenta\n|-boost|p2a: Zamazenta|def|2\n|move|p1a: Gyarados|Waterfall|p2a: Zamazenta\n|-damage|p2a: Zamazenta|72\/100\n|\n|-weather|RainDance|[upkeep]\n|-heal|p2a: Zamazenta|78\/100|[from] item: Leftovers\n|upkeep\n|turn|16\n|\n|t:|1699929506\n|switch|p1a: Urshifu|Urshifu-Rapid-Strike, F|100\/100\n|move|p2a: Zamazenta|Iron Defense|p2a: Zamazenta\n|-boost|p2a: Zamazenta|def|2\n|\n|-weather|RainDance|[upkeep]\n|-heal|p2a: Zamazenta|84\/100|[from] item: Leftovers\n|upkeep\n|turn|17\n|\n|t:|1699929517\n|-terastallize|p1a: Urshifu|Water\n|move|p2a: Zamazenta|Body Press|p1a: Urshifu\n|-damage|p1a: Urshifu|0 fnt\n|faint|p1a: Urshifu\n|\n|-weather|RainDance|[upkeep]\n|-heal|p2a: Zamazenta|90\/100|[from] item: Leftovers\n|upkeep\n|\n|t:|1699929527\n|switch|p1a: Tapu Lele|Tapu Lele|70\/100 tox\n|-fieldstart|move: Psychic Terrain|[from] ability: Psychic Surge|[of] p1a: Tapu Lele\n|turn|18\n|\n|t:|1699929538\n|move|p2a: Zamazenta|Crunch|p1a: Tapu Lele\n|-damage|p1a: Tapu Lele|34\/100 tox\n|-zpower|p1a: Tapu Lele\n|move|p1a: Tapu Lele|Twinkle Tackle|p2a: Zamazenta|[zeffect]\n|-supereffective|p2a: Zamazenta\n|-damage|p2a: Zamazenta|0 fnt\n|faint|p2a: Zamazenta\n|\n|-weather|none\n|-damage|p1a: Tapu Lele|28\/100 tox|[from] psn\n|upkeep\n|\n|t:|1699929551\n|switch|p2a: Mimikyu|Mimikyu, F|100\/100\n|turn|19\n|\n|t:|1699929556\n|move|p1a: Tapu Lele|Dazzling Gleam|p2a: Mimikyu\n|-activate|p2a: Mimikyu|ability: Disguise\n|-damage|p2a: Mimikyu|100\/100\n|detailschange|p2a: Mimikyu|Mimikyu-Busted, F\n|-damage|p2a: Mimikyu|88\/100|[from] pokemon: Mimikyu-Busted\n|move|p2a: Mimikyu|Swords Dance|p2a: Mimikyu\n|-boost|p2a: Mimikyu|atk|2\n|\n|-damage|p1a: Tapu Lele|16\/100 tox|[from] psn\n|upkeep\n|turn|20\n|\n|t:|1699929569\n|move|p2a: Mimikyu|Shadow Sneak|p1a: Tapu Lele\n|-activate|p1a: Tapu Lele|move: Psychic Terrain\n|move|p1a: Tapu Lele|Dazzling Gleam|p2a: Mimikyu\n|-damage|p2a: Mimikyu|35\/100\n|\n|-damage|p1a: Tapu Lele|0 fnt|[from] psn\n|faint|p1a: Tapu Lele\n|upkeep\n|\n|t:|1699929576\n|switch|p1a: Ferrothorn|Ferrothorn, F|100\/100\n|turn|21\n|\n|t:|1699929589\n|move|p2a: Mimikyu|Shadow Claw|p1a: Ferrothorn\n|-damage|p1a: Ferrothorn|67\/100\n|-damage|p2a: Mimikyu|23\/100|[from] ability: Iron Barbs|[of] p1a: Ferrothorn\n|move|p1a: Ferrothorn|Leech Seed|p2a: Mimikyu\n|-start|p2a: Mimikyu|move: Leech Seed\n|\n|-heal|p1a: Ferrothorn|73\/100|[from] item: Leftovers\n|-damage|p2a: Mimikyu|10\/100|[from] Leech Seed|[of] p1a: Ferrothorn\n|-heal|p1a: Ferrothorn|82\/100|[silent]\n|upkeep\n|turn|22\n|\n|t:|1699929601\n|move|p2a: Mimikyu|Shadow Claw|p1a: Ferrothorn\n|-damage|p1a: Ferrothorn|48\/100\n|-damage|p2a: Mimikyu|0 fnt|[from] ability: Iron Barbs|[of] p1a: Ferrothorn\n|faint|p2a: Mimikyu\n|move|p1a: Ferrothorn|Stealth Rock|p2: Mimikyu\n|-sidestart|p2: chige5464|move: Stealth Rock\n|\n|-heal|p1a: Ferrothorn|53\/100|[from] item: Leftovers\n|-fieldend|move: Psychic Terrain\n|upkeep\n|\n|t:|1699929614\n|switch|p2a: Hatterene|Hatterene, F|25\/100\n|-damage|p2a: Hatterene|12\/100|[from] Stealth Rock\n|turn|23\n|\n|t:|1699929621\n|move|p2a: Hatterene|Mystical Fire|p1a: Ferrothorn\n|-supereffective|p1a: Ferrothorn\n|-damage|p1a: Ferrothorn|0 fnt\n|faint|p1a: Ferrothorn\n|\n|-heal|p2a: Hatterene|18\/100|[from] item: Leftovers\n|upkeep\n|\n|t:|1699929627\n|switch|p1a: Gyarados|Gyarados-Mega, M|45\/100 par\n|-ability|p1a: Gyarados|Mold Breaker\n|turn|24\n|\n|t:|1699929638\n|cant|p1a: Gyarados|par\n|move|p2a: Hatterene|Draining Kiss|p1a: Gyarados\n|-supereffective|p1a: Gyarados\n|-damage|p1a: Gyarados|4\/100 par\n|-heal|p2a: Hatterene|50\/100|[from] drain|[of] p1a: Gyarados\n|\n|-heal|p2a: Hatterene|56\/100|[from] item: Leftovers\n|upkeep\n|turn|25\n|\n|t:|1699929655\n|move|p1a: Gyarados|Waterfall|p2a: Hatterene\n|-damage|p2a: Hatterene|12\/100\n|cant|p2a: Hatterene|flinch\n|\n|-heal|p2a: Hatterene|18\/100|[from] item: Leftovers\n|upkeep\n|turn|26\n|\n|t:|1699929670\n|move|p1a: Gyarados|Waterfall|p2a: Hatterene\n|-damage|p2a: Hatterene|0 fnt\n|faint|p2a: Hatterene\n|\n|win|mayuripink\n|raw|mayuripink's rating: 1242 &rarr; <strong>1268<\/strong><br \/>(+26 for winning)\n|raw|chige5464's rating: 1253 &rarr; <strong>1227<\/strong><br \/>(-26 for losing)\n","uploadtime":1699929679,"views":7,"p1id":"mayuripink","p2id":"chige5464","formatid":"gen9nationaldex","rating":1227,"private":0,"password":""}