{"id":"gen9nationaldex-1997636361","p1":"But the government","p2":"Louisccq","format":"[Gen 9] National Dex","log":"|html|<div class=\"broadcast-blue\"><strong>[Gen 9] National Dex is currently suspecting Sneasler! For information on how to participate check out the <a href=\"https:\/\/www.smogon.com\/forums\/threads\/sv-national-dex-suspect-8-just-dance.3731534\/\">suspect thread<\/a>.<\/strong><\/div>\n|j|\u2606But the government\n|j|\u2606Louisccq\n|t:|1700835880\n|gametype|singles\n|player|p1|But the government|scientist-gen4dp|1051\n|player|p2|Louisccq|169|1000\n|teamsize|p1|6\n|teamsize|p2|6\n|gen|9\n|tier|[Gen 9] National Dex\n|rated|\n|rule|HP Percentage Mod: HP is shown in percentages\n|rule|Endless Battle Clause: Forcing endless battles is banned\n|rule|OHKO Clause: OHKO moves are banned\n|rule|Evasion Clause: Evasion abilities, items, and moves are banned\n|rule|Evasion Abilities Clause: Evasion abilities are banned\n|rule|Evasion Items Clause: Evasion items are banned\n|rule|Evasion Moves Clause: Evasion moves are banned\n|rule|Species Clause: Limit one of each Pok\u00e9mon\n|rule|Sleep Clause Mod: Limit one foe put to sleep\n|clearpoke\n|poke|p1|Alomomola, M|\n|poke|p1|Pawmot, M|\n|poke|p1|Corviknight, M|\n|poke|p1|Gigalith, M|\n|poke|p1|Rabsca, M|\n|poke|p1|Azelf|\n|poke|p2|Slowbro-Galar, F|\n|poke|p2|Swampert, M|\n|poke|p2|Zoroark-Hisui, M|\n|poke|p2|Corviknight, M|\n|poke|p2|Glimmora, M|\n|poke|p2|Pelipper, M|\n|teampreview\n|inactive|Battle timer is ON: inactive players will automatically lose when time's up. (requested by But the government)\n|\n|t:|1700835903\n|start\n|switch|p1a: Corviknight|Corviknight, M|100\/100\n|switch|p2a: Slowbro|Slowbro-Galar, F|100\/100\n|-ability|p1a: Corviknight|Pressure\n|turn|1\n|-activate|p2a: Slowbro|ability: Quick Draw\n|\n|t:|1700835912\n|move|p2a: Slowbro|Flamethrower|p1a: Corviknight\n|-supereffective|p1a: Corviknight\n|-damage|p1a: Corviknight|40\/100\n|move|p1a: Corviknight|U-turn|p2a: Slowbro\n|-damage|p2a: Slowbro|85\/100\n|\n|t:|1700835925\n|switch|p1a: Gigalith|Gigalith, M|100\/100|[from] U-turn\n|\n|-heal|p2a: Slowbro|91\/100|[from] item: Leftovers\n|upkeep\n|turn|2\n|\n|t:|1700835943\n|move|p2a: Slowbro|Ice Beam|p1a: Gigalith\n|-damage|p1a: Gigalith|72\/100\n|move|p1a: Gigalith|Earthquake|p2a: Slowbro\n|-supereffective|p2a: Slowbro\n|-damage|p2a: Slowbro|20\/100\n|\n|-heal|p2a: Slowbro|26\/100|[from] item: Leftovers\n|upkeep\n|turn|3\n|\n|t:|1700835952\n|move|p2a: Slowbro|Hydro Pump|p1a: Gigalith\n|-supereffective|p1a: Gigalith\n|-damage|p1a: Gigalith|0 fnt\n|faint|p1a: Gigalith\n|\n|-heal|p2a: Slowbro|32\/100|[from] item: Leftovers\n|upkeep\n|\n|t:|1700835965\n|switch|p1a: Pawmot|Pawmot, M|100\/100\n|turn|4\n|\n|t:|1700835984\n|switch|p2a: Pelipper|Pelipper, M|100\/100\n|move|p1a: Pawmot|Double Shock|p2a: Pelipper\n|-enditem|p2a: Pelipper|Focus Sash\n|-damage|p2a: Pelipper|1\/100\n|-start|p1a: Pawmot|typechange|???\/Fighting|[from] move: Double Shock\n|replace|p2a: Zoroark|Zoroark-Hisui, M\n|-end|p2a: Zoroark|Illusion\n|\n|upkeep\n|turn|5\n|inactive|Louisccq has 120 seconds left.\n|\n|t:|1700836013\n|-terastallize|p1a: Pawmot|Electric\n|move|p1a: Pawmot|Double Shock|p2a: Zoroark\n|-damage|p2a: Zoroark|0 fnt\n|-start|p1a: Pawmot|typechange|Electric|[from] move: Double Shock\n|faint|p2a: Zoroark\n|\n|upkeep\n|inactive|Louisccq has 120 seconds left.\n|\n|t:|1700836024\n|switch|p2a: Glimmora|Glimmora, M|100\/100\n|turn|6\n|inactive|Louisccq has 120 seconds left.\n|\n|t:|1700836035\n|switch|p1a: Rabsca|Rabsca, M|100\/100\n|move|p2a: Glimmora|Stealth Rock|p1a: Rabsca\n|-sidestart|p1: But the government|move: Stealth Rock\n|\n|upkeep\n|turn|7\n|inactive|Louisccq has 120 seconds left.\n|\n|t:|1700836050\n|move|p2a: Glimmora|Toxic Spikes|p1a: Rabsca\n|-sidestart|p1: But the government|move: Toxic Spikes\n|move|p1a: Rabsca|Psychic|p2a: Glimmora\n|-supereffective|p2a: Glimmora\n|-damage|p2a: Glimmora|0 fnt\n|faint|p2a: Glimmora\n|\n|upkeep\n|\n|t:|1700836062\n|switch|p2a: Slowbro|Slowbro-Galar, F|32\/100\n|turn|8\n|-activate|p2a: Slowbro|ability: Quick Draw\n|\n|t:|1700836067\n|move|p2a: Slowbro|Flamethrower|p1a: Rabsca\n|-supereffective|p1a: Rabsca\n|-damage|p1a: Rabsca|45\/100\n|-status|p1a: Rabsca|brn\n|-activate|p1a: Rabsca|ability: Synchronize\n|-status|p2a: Slowbro|brn\n|move|p1a: Rabsca|Psychic|p2a: Slowbro\n|-damage|p2a: Slowbro|0 fnt\n|faint|p2a: Slowbro\n|\n|-damage|p1a: Rabsca|38\/100 brn|[from] brn\n|upkeep\n|\n|t:|1700836083\n|switch|p2a: Corviknight|Corviknight, M|100\/100\n|turn|9\n|\n|t:|1700836087\n|move|p2a: Corviknight|Iron Defense|p2a: Corviknight\n|-boost|p2a: Corviknight|def|2\n|move|p1a: Rabsca|Revival Blessing|p1a: Rabsca\n|\n|t:|1700836090\n|-heal|p1: Gigalith|50\/100|[from] move: Revival Blessing\n|\n|-damage|p1a: Rabsca|32\/100 brn|[from] brn\n|upkeep\n|turn|10\n|\n|t:|1700836097\n|move|p2a: Corviknight|Iron Defense|p2a: Corviknight\n|-boost|p2a: Corviknight|def|2\n|move|p1a: Rabsca|Psychic|p2a: Corviknight\n|-resisted|p2a: Corviknight\n|-damage|p2a: Corviknight|78\/100\n|-ability|p2a: Corviknight|Mirror Armor\n|-unboost|p1a: Rabsca|spd|1\n|\n|-heal|p2a: Corviknight|84\/100|[from] item: Leftovers\n|-damage|p1a: Rabsca|26\/100 brn|[from] brn\n|upkeep\n|turn|11\n|\n|t:|1700836110\n|move|p2a: Corviknight|Iron Defense|p2a: Corviknight\n|-boost|p2a: Corviknight|def|2\n|move|p1a: Rabsca|Hyper Beam|p2a: Corviknight\n|-resisted|p2a: Corviknight\n|-damage|p2a: Corviknight|62\/100\n|-mustrecharge|p1a: Rabsca\n|\n|-heal|p2a: Corviknight|68\/100|[from] item: Leftovers\n|-damage|p1a: Rabsca|20\/100 brn|[from] brn\n|upkeep\n|turn|12\n|\n|t:|1700836123\n|move|p2a: Corviknight|Body Press|p1a: Rabsca\n|-resisted|p1a: Rabsca\n|-damage|p1a: Rabsca|0 fnt\n|faint|p1a: Rabsca\n|\n|-heal|p2a: Corviknight|75\/100|[from] item: Leftovers\n|upkeep\n|\n|t:|1700836140\n|switch|p1a: Azelf|Azelf|100\/100\n|-damage|p1a: Azelf|88\/100|[from] Stealth Rock\n|turn|13\n|\n|t:|1700836150\n|move|p1a: Azelf|Future Sight|p2a: Corviknight\n|-start|p1a: Azelf|move: Future Sight\n|move|p2a: Corviknight|Body Press|p1a: Azelf\n|-resisted|p1a: Azelf\n|-damage|p1a: Azelf|0 fnt\n|faint|p1a: Azelf\n|\n|-heal|p2a: Corviknight|81\/100|[from] item: Leftovers\n|upkeep\n|\n|t:|1700836161\n|switch|p1a: Corviknight|Corviknight, M|40\/100\n|-damage|p1a: Corviknight|28\/100|[from] Stealth Rock\n|-ability|p1a: Corviknight|Pressure\n|turn|14\n|\n|t:|1700836167\n|move|p2a: Corviknight|Body Press|p1a: Corviknight\n|-damage|p1a: Corviknight|0 fnt\n|-damage|p2a: Corviknight|64\/100|[from] item: Rocky Helmet|[of] p1a: Corviknight\n|faint|p1a: Corviknight\n|\n|-heal|p2a: Corviknight|70\/100|[from] item: Leftovers\n|upkeep\n|\n|t:|1700836174\n|switch|p1a: Pawmot|Pawmot, M, tera:Electric|100\/100\n|-damage|p1a: Pawmot|88\/100|[from] Stealth Rock\n|-status|p1a: Pawmot|psn\n|turn|15\n|\n|t:|1700836180\n|move|p1a: Pawmot|Double Shock|p2a: Corviknight\n|-supereffective|p2a: Corviknight\n|-damage|p2a: Corviknight|47\/100\n|-start|p1a: Pawmot|typechange|Electric|[from] move: Double Shock\n|move|p2a: Corviknight|Body Press|p1a: Pawmot\n|-damage|p1a: Pawmot|0 fnt\n|faint|p1a: Pawmot\n|\n|-end|p2a: Corviknight|move: Future Sight\n|-resisted|p2a: Corviknight\n|-damage|p2a: Corviknight|26\/100\n|-heal|p2a: Corviknight|32\/100|[from] item: Leftovers\n|upkeep\n|\n|t:|1700836188\n|switch|p1a: Alomomola|Alomomola, M|100\/100\n|-damage|p1a: Alomomola|88\/100|[from] Stealth Rock\n|-status|p1a: Alomomola|psn\n|turn|16\n|\n|t:|1700836197\n|move|p1a: Alomomola|Protect|p1a: Alomomola\n|-singleturn|p1a: Alomomola|Protect\n|move|p2a: Corviknight|Roost|p2a: Corviknight\n|-heal|p2a: Corviknight|82\/100\n|-singleturn|p2a: Corviknight|move: Roost\n|\n|-heal|p2a: Corviknight|88\/100|[from] item: Leftovers\n|-damage|p1a: Alomomola|76\/100 psn|[from] psn\n|upkeep\n|turn|17\n|-message|But the government forfeited.\n|\n|win|Louisccq\n|raw|But the government's rating: 1051 &rarr; <strong>1031<\/strong><br \/>(-20 for losing)\n|raw|Louisccq's rating: 1000 &rarr; <strong>1046<\/strong><br \/>(+46 for winning)\n|l|\u2606But the government\n","uploadtime":1700836215,"views":1,"p1id":"butthegovernment","p2id":"louisccq","formatid":"gen9nationaldex","rating":1031,"private":0,"password":""}