{"id":"gen9nationaldex-1988082348","p1":"Bigchurra","p2":"joshikinz","format":"[Gen 9] National Dex","log":"|j|\u2606Bigchurra\n|j|\u2606joshikinz\n|t:|1699667353\n|gametype|singles\n|player|p1|Bigchurra|1|1232\n|player|p2|joshikinz|hilbert|1131\n|teamsize|p1|6\n|teamsize|p2|6\n|gen|9\n|tier|[Gen 9] National Dex\n|rated|\n|rule|HP Percentage Mod: HP is shown in percentages\n|rule|Endless Battle Clause: Forcing endless battles is banned\n|rule|OHKO Clause: OHKO moves are banned\n|rule|Evasion Clause: Evasion abilities, items, and moves are banned\n|rule|Evasion Abilities Clause: Evasion abilities are banned\n|rule|Evasion Items Clause: Evasion items are banned\n|rule|Evasion Moves Clause: Evasion moves are banned\n|rule|Species Clause: Limit one of each Pok\u00e9mon\n|rule|Sleep Clause Mod: Limit one foe put to sleep\n|clearpoke\n|poke|p1|Zoroark-Hisui, F|\n|poke|p1|Heatran, M|\n|poke|p1|Rillaboom, F|\n|poke|p1|Sharpedo, M|\n|poke|p1|Maushold-Four|\n|poke|p1|Xurkitree|\n|poke|p2|Alakazam, M|\n|poke|p2|Tyranitar, F|\n|poke|p2|Mimikyu, F|\n|poke|p2|Jolteon, M|\n|poke|p2|Alomomola, M|\n|poke|p2|Skarmory, F|\n|teampreview\n|inactive|Battle timer is ON: inactive players will automatically lose when time's up. (requested by joshikinz)\n|\n|t:|1699667369\n|start\n|switch|p1a: Xurkitree|Xurkitree|100\/100\n|switch|p2a: Tyranitar|Tyranitar, F|100\/100\n|-weather|Sandstorm|[from] ability: Sand Stream|[of] p2a: Tyranitar\n|turn|1\n|\n|t:|1699667384\n|-zpower|p1a: Xurkitree\n|move|p1a: Xurkitree|Z-Hypnosis|p2a: Tyranitar|[anim]Hypnosis\n|-boost|p1a: Xurkitree|spe|1|[zeffect]\n|-status|p2a: Tyranitar|slp|[from] move: Hypnosis\n|cant|p2a: Tyranitar|slp\n|\n|-weather|Sandstorm|[upkeep]\n|-damage|p1a: Xurkitree|94\/100|[from] Sandstorm\n|upkeep\n|turn|2\n|\n|t:|1699667398\n|move|p1a: Xurkitree|Energy Ball|p2a: Tyranitar\n|-supereffective|p2a: Tyranitar\n|-damage|p2a: Tyranitar|69\/100 slp\n|cant|p2a: Tyranitar|slp\n|\n|-weather|Sandstorm|[upkeep]\n|-damage|p1a: Xurkitree|88\/100|[from] Sandstorm\n|-heal|p2a: Tyranitar|75\/100 slp|[from] item: Leftovers\n|upkeep\n|turn|3\n|\n|t:|1699667409\n|move|p1a: Xurkitree|Substitute|p1a: Xurkitree\n|-start|p1a: Xurkitree|Substitute\n|-damage|p1a: Xurkitree|63\/100\n|cant|p2a: Tyranitar|slp\n|\n|-weather|Sandstorm|[upkeep]\n|-damage|p1a: Xurkitree|57\/100|[from] Sandstorm\n|-heal|p2a: Tyranitar|82\/100 slp|[from] item: Leftovers\n|upkeep\n|turn|4\n|\n|t:|1699667420\n|switch|p2a: Jolteon|Jolteon, M|100\/100\n|move|p1a: Xurkitree|Energy Ball|p2a: Jolteon\n|-damage|p2a: Jolteon|68\/100\n|\n|-weather|Sandstorm|[upkeep]\n|-damage|p1a: Xurkitree|51\/100|[from] Sandstorm\n|-damage|p2a: Jolteon|62\/100|[from] Sandstorm\n|upkeep\n|turn|5\n|\n|t:|1699667434\n|move|p1a: Xurkitree|Energy Ball|p2a: Jolteon\n|-damage|p2a: Jolteon|30\/100\n|move|p2a: Jolteon|Shadow Ball|p1a: Xurkitree\n|-end|p1a: Xurkitree|Substitute\n|\n|-weather|none\n|upkeep\n|turn|6\n|\n|t:|1699667443\n|move|p1a: Xurkitree|Energy Ball|p2a: Jolteon\n|-damage|p2a: Jolteon|0 fnt\n|faint|p2a: Jolteon\n|-ability|p1a: Xurkitree|Beast Boost|boost\n|-boost|p1a: Xurkitree|spa|1\n|\n|upkeep\n|\n|t:|1699667465\n|switch|p2a: Mimikyu|Mimikyu, F, shiny|100\/100\n|turn|7\n|\n|t:|1699667474\n|move|p1a: Xurkitree|Thunderbolt|p2a: Mimikyu\n|-activate|p2a: Mimikyu|ability: Disguise\n|-damage|p2a: Mimikyu|100\/100\n|-status|p2a: Mimikyu|par\n|detailschange|p2a: Mimikyu|Mimikyu-Busted, F, shiny\n|-damage|p2a: Mimikyu|88\/100 par|[from] pokemon: Mimikyu-Busted\n|move|p2a: Mimikyu|Swords Dance|p2a: Mimikyu\n|-boost|p2a: Mimikyu|atk|2\n|\n|upkeep\n|turn|8\n|\n|t:|1699667496\n|switch|p1a: Sharpedo|Sharpedo, M|100\/100\n|move|p2a: Mimikyu|Shadow Sneak|p1a: Sharpedo\n|-immune|p1a: Sharpedo\n|\n|upkeep\n|turn|9\n|\n|t:|1699667512\n|move|p1a: Sharpedo|Shadow Ball|p2a: Mimikyu\n|-supereffective|p2a: Mimikyu\n|-damage|p2a: Mimikyu|0 fnt\n|faint|p2a: Mimikyu\n|\n|upkeep\n|\n|t:|1699667526\n|switch|p2a: Alakazam|Alakazam, M|100\/100\n|turn|10\n|\n|t:|1699667532\n|move|p1a: Sharpedo|Shadow Ball|p2a: Alakazam\n|-supereffective|p2a: Alakazam\n|-damage|p2a: Alakazam|0 fnt\n|faint|p2a: Alakazam\n|\n|upkeep\n|-message|joshikinz forfeited.\n|\n|win|Bigchurra\n|raw|Bigchurra's rating: 1232 &rarr; <strong>1250<\/strong><br \/>(+18 for winning)\n|raw|joshikinz's rating: 1131 &rarr; <strong>1113<\/strong><br \/>(-18 for losing)\n|l|\u2606joshikinz\n","uploadtime":1699667547,"views":4,"p1id":"bigchurra","p2id":"joshikinz","formatid":"gen9nationaldex","rating":1113,"private":0,"password":""}