{"id":"gen9nationaldex-1992404428","p1":"Sakni","p2":"PaleSwordsman_666","format":"[Gen 9] National Dex","log":"|j|\u2606Sakni\n|j|\u2606PaleSwordsman_666\n|t:|1700183644\n|gametype|singles\n|player|p1|Sakni|alec-anime|1304\n|player|p2|PaleSwordsman_666|cynthia-gen4|1207\n|teamsize|p1|6\n|teamsize|p2|6\n|gen|9\n|tier|[Gen 9] National Dex\n|rated|\n|rule|HP Percentage Mod: HP is shown in percentages\n|rule|Endless Battle Clause: Forcing endless battles is banned\n|rule|OHKO Clause: OHKO moves are banned\n|rule|Evasion Clause: Evasion abilities, items, and moves are banned\n|rule|Evasion Abilities Clause: Evasion abilities are banned\n|rule|Evasion Items Clause: Evasion items are banned\n|rule|Evasion Moves Clause: Evasion moves are banned\n|rule|Species Clause: Limit one of each Pok\u00e9mon\n|rule|Sleep Clause Mod: Limit one foe put to sleep\n|clearpoke\n|poke|p1|Tapu Lele|\n|poke|p1|Volcarona, F|\n|poke|p1|Lopunny, F|\n|poke|p1|Tapu Fini|\n|poke|p1|Garganacl, M|\n|poke|p1|Moltres|\n|poke|p2|Swampert, M|\n|poke|p2|Pelipper, M|\n|poke|p2|Gengar, F|\n|poke|p2|Sylveon, F|\n|poke|p2|Cursola, M|\n|poke|p2|Thundurus-Therian, M|\n|teampreview\n|inactive|Battle timer is ON: inactive players will automatically lose when time's up. (requested by PaleSwordsman_666)\n|\n|t:|1700183655\n|start\n|switch|p1a: Oshun|Tapu Fini, shiny|100\/100\n|switch|p2a: Pelipper|Pelipper, M|100\/100\n|-fieldstart|move: Misty Terrain|[from] ability: Misty Surge|[of] p1a: Oshun\n|-weather|RainDance|[from] ability: Drizzle|[of] p2a: Pelipper\n|turn|1\n|\n|t:|1700183664\n|move|p1a: Oshun|Calm Mind|p1a: Oshun\n|-boost|p1a: Oshun|spa|1\n|-boost|p1a: Oshun|spd|1\n|move|p2a: Pelipper|U-turn|p1a: Oshun\n|-resisted|p1a: Oshun\n|-damage|p1a: Oshun|96\/100\n|\n|t:|1700183671\n|switch|p2a: Thundurus|Thundurus-Therian, M|100\/100|[from] U-turn\n|\n|-weather|RainDance|[upkeep]\n|-heal|p1a: Oshun|100\/100|[from] item: Leftovers\n|upkeep\n|turn|2\n|\n|t:|1700183686\n|move|p2a: Thundurus|Nasty Plot|p2a: Thundurus\n|-boost|p2a: Thundurus|spa|2\n|move|p1a: Oshun|Calm Mind|p1a: Oshun\n|-boost|p1a: Oshun|spa|1\n|-boost|p1a: Oshun|spd|1\n|\n|-weather|RainDance|[upkeep]\n|upkeep\n|turn|3\n|\n|t:|1700183691\n|-terastallize|p2a: Thundurus|Electric\n|move|p2a: Thundurus|Thunder|p1a: Oshun\n|-supereffective|p1a: Oshun\n|-damage|p1a: Oshun|0 fnt\n|faint|p1a: Oshun\n|-damage|p2a: Thundurus|91\/100|[from] item: Life Orb\n|\n|-weather|RainDance|[upkeep]\n|upkeep\n|\n|t:|1700183702\n|switch|p1a: Sakura|Lopunny, F, shiny|100\/100\n|turn|4\n|\n|t:|1700183707\n|detailschange|p1a: Sakura|Lopunny-Mega, F, shiny\n|-mega|p1a: Sakura|Lopunny|Lopunnite\n|move|p1a: Sakura|Fake Out|p2a: Thundurus\n|-damage|p2a: Thundurus|59\/100\n|cant|p2a: Thundurus|flinch\n|\n|-weather|RainDance|[upkeep]\n|upkeep\n|turn|5\n|\n|t:|1700183728\n|switch|p1a: Oya|Tapu Lele, shiny|100\/100\n|-fieldstart|move: Psychic Terrain|[from] ability: Psychic Surge|[of] p1a: Oya\n|move|p2a: Thundurus|Thunder|p1a: Oya\n|-damage|p1a: Oya|0 fnt\n|faint|p1a: Oya\n|-damage|p2a: Thundurus|49\/100|[from] item: Life Orb\n|\n|-weather|RainDance|[upkeep]\n|upkeep\n|\n|t:|1700183736\n|switch|p1a: Sakura|Lopunny-Mega, F, shiny|100\/100\n|turn|6\n|\n|t:|1700183742\n|move|p1a: Sakura|Close Combat|p2a: Thundurus\n|-damage|p2a: Thundurus|0 fnt\n|-unboost|p1a: Sakura|def|1\n|-unboost|p1a: Sakura|spd|1\n|faint|p2a: Thundurus\n|\n|-weather|RainDance|[upkeep]\n|upkeep\n|\n|t:|1700183759\n|switch|p2a: Cursola|Cursola, M, shiny|100\/100\n|turn|7\n|\n|t:|1700183767\n|switch|p1a: Volcarona|Volcarona, F|100\/100\n|move|p2a: Cursola|Power Gem|p1a: Volcarona\n|-supereffective|p1a: Volcarona\n|-damage|p1a: Volcarona|0 fnt\n|faint|p1a: Volcarona\n|\n|-weather|RainDance|[upkeep]\n|upkeep\n|l|\u2606PaleSwordsman_666\n|inactive|PaleSwordsman_666 disconnected and has a minute to reconnect!\n|player|p2|\n|\n|t:|1700183791\n|switch|p1a: Garganacl|Garganacl, M|100\/100\n|turn|8\n|j|\u2606PaleSwordsman_666\n|inactive|PaleSwordsman_666 reconnected and has 135 seconds left.\n|player|p2|PaleSwordsman_666|cynthia-gen4\n|\n|t:|1700183814\n|move|p1a: Garganacl|Salt Cure|p2a: Cursola\n|-damage|p2a: Cursola|77\/100\n|-start|p2a: Cursola|Salt Cure\n|move|p2a: Cursola|Power Gem|p1a: Garganacl\n|-damage|p1a: Garganacl|55\/100\n|\n|-weather|none\n|-heal|p1a: Garganacl|61\/100|[from] item: Leftovers\n|-damage|p2a: Cursola|65\/100|[from] Salt Cure\n|upkeep\n|turn|9\n|\n|t:|1700183822\n|switch|p2a: Pelipper|Pelipper, M|100\/100\n|-weather|RainDance|[from] ability: Drizzle|[of] p2a: Pelipper\n|move|p1a: Garganacl|Curse|p1a: Garganacl\n|-unboost|p1a: Garganacl|spe|1\n|-boost|p1a: Garganacl|atk|1\n|-boost|p1a: Garganacl|def|1\n|\n|-weather|RainDance|[upkeep]\n|-heal|p1a: Garganacl|67\/100|[from] item: Leftovers\n|-fieldend|move: Psychic Terrain\n|upkeep\n|turn|10\n|\n|t:|1700183829\n|move|p1a: Garganacl|Protect|p1a: Garganacl\n|-singleturn|p1a: Garganacl|Protect\n|move|p2a: Pelipper|Weather Ball|p1a: Garganacl\n|-activate|p1a: Garganacl|move: Protect\n|\n|-weather|RainDance|[upkeep]\n|-heal|p1a: Garganacl|74\/100|[from] item: Leftovers\n|upkeep\n|turn|11\n|\n|t:|1700183844\n|-terastallize|p1a: Garganacl|Fairy\n|move|p2a: Pelipper|Weather Ball|p1a: Garganacl\n|-damage|p1a: Garganacl|24\/100\n|move|p1a: Garganacl|Recover|p1a: Garganacl\n|-heal|p1a: Garganacl|74\/100\n|\n|-weather|RainDance|[upkeep]\n|-heal|p1a: Garganacl|80\/100|[from] item: Leftovers\n|upkeep\n|turn|12\n|\n|t:|1700183849\n|move|p2a: Pelipper|Weather Ball|p1a: Garganacl\n|-damage|p1a: Garganacl|33\/100\n|move|p1a: Garganacl|Recover|p1a: Garganacl\n|-heal|p1a: Garganacl|83\/100\n|\n|-weather|RainDance|[upkeep]\n|-heal|p1a: Garganacl|90\/100|[from] item: Leftovers\n|upkeep\n|turn|13\n|\n|t:|1700183853\n|move|p1a: Garganacl|Protect|p1a: Garganacl\n|-singleturn|p1a: Garganacl|Protect\n|move|p2a: Pelipper|Weather Ball|p1a: Garganacl\n|-activate|p1a: Garganacl|move: Protect\n|\n|-weather|RainDance|[upkeep]\n|-heal|p1a: Garganacl|96\/100|[from] item: Leftovers\n|upkeep\n|turn|14\n|\n|t:|1700183863\n|move|p2a: Pelipper|Weather Ball|p1a: Garganacl\n|-damage|p1a: Garganacl|52\/100\n|move|p1a: Garganacl|Salt Cure|p2a: Pelipper\n|-supereffective|p2a: Pelipper\n|-damage|p2a: Pelipper|54\/100\n|-start|p2a: Pelipper|Salt Cure\n|\n|-weather|RainDance|[upkeep]\n|-heal|p1a: Garganacl|58\/100|[from] item: Leftovers\n|-damage|p2a: Pelipper|29\/100|[from] Salt Cure\n|upkeep\n|turn|15\n|\n|t:|1700183874\n|switch|p2a: Gengar|Gengar, F, shiny|100\/100\n|move|p1a: Garganacl|Protect||[still]\n|-fail|p1a: Garganacl\n|\n|-weather|RainDance|[upkeep]\n|-heal|p1a: Garganacl|64\/100|[from] item: Leftovers\n|upkeep\n|turn|16\n|\n|t:|1700183882\n|move|p2a: Gengar|Sludge Wave|p1a: Garganacl\n|-supereffective|p1a: Garganacl\n|-damage|p1a: Garganacl|0 fnt\n|faint|p1a: Garganacl\n|\n|-weather|none\n|upkeep\n|\n|t:|1700183885\n|switch|p1a: Sakura|Lopunny-Mega, F, shiny|100\/100\n|turn|17\n|\n|t:|1700183890\n|switch|p2a: Cursola|Cursola, M, shiny|65\/100\n|move|p1a: Sakura|Fake Out|p2a: Cursola\n|-damage|p2a: Cursola|23\/100\n|-ability|p2a: Cursola|Perish Body\n|\n|-start|p1a: Sakura|perish3\n|-start|p2a: Cursola|perish3\n|upkeep\n|turn|18\n|\n|t:|1700183897\n|switch|p2a: Pelipper|Pelipper, M|29\/100\n|-weather|RainDance|[from] ability: Drizzle|[of] p2a: Pelipper\n|move|p1a: Sakura|Return|p2a: Pelipper\n|-damage|p2a: Pelipper|0 fnt\n|faint|p2a: Pelipper\n|\n|-weather|RainDance|[upkeep]\n|-start|p1a: Sakura|perish2\n|upkeep\n|\n|t:|1700183909\n|switch|p2a: Gengar|Gengar, F, shiny|100\/100\n|turn|19\n|\n|t:|1700183913\n|switch|p1a: Moltres|Moltres, shiny|100\/100\n|move|p2a: Gengar|Thunder|p1a: Moltres\n|-supereffective|p1a: Moltres\n|-damage|p1a: Moltres|21\/100\n|\n|-weather|RainDance|[upkeep]\n|upkeep\n|turn|20\n|\n|t:|1700183936\n|move|p2a: Gengar|Thunder|p1a: Moltres\n|-supereffective|p1a: Moltres\n|-damage|p1a: Moltres|0 fnt\n|faint|p1a: Moltres\n|\n|-weather|RainDance|[upkeep]\n|upkeep\n|\n|t:|1700183942\n|switch|p1a: Sakura|Lopunny-Mega, F, shiny|100\/100\n|turn|21\n|\n|t:|1700183955\n|switch|p2a: Cursola|Cursola, M, shiny|23\/100\n|move|p1a: Sakura|Fake Out|p2a: Cursola\n|-damage|p2a: Cursola|0 fnt\n|-ability|p2a: Cursola|Perish Body\n|faint|p2a: Cursola\n|\n|-weather|RainDance|[upkeep]\n|-start|p1a: Sakura|perish3\n|upkeep\n|\n|t:|1700183961\n|switch|p2a: Swampert|Swampert, M|100\/100\n|turn|22\n|\n|t:|1700183963\n|detailschange|p2a: Swampert|Swampert-Mega, M\n|-mega|p2a: Swampert|Swampert|Swampertite\n|move|p2a: Swampert|Bulk Up|p2a: Swampert\n|-boost|p2a: Swampert|atk|1\n|-boost|p2a: Swampert|def|1\n|move|p1a: Sakura|Return|p2a: Swampert\n|-damage|p2a: Swampert|66\/100\n|\n|-weather|RainDance|[upkeep]\n|-start|p1a: Sakura|perish2\n|upkeep\n|turn|23\n|-message|Sakni forfeited.\n|\n|win|PaleSwordsman_666\n|raw|Sakni's rating: 1304 &rarr; <strong>1279<\/strong><br \/>(-25 for losing)\n|raw|PaleSwordsman_666's rating: 1207 &rarr; <strong>1239<\/strong><br \/>(+32 for winning)\n|l|\u2606Sakni\n","uploadtime":1700183972,"views":5,"p1id":"sakni","p2id":"paleswordsman666","formatid":"gen9nationaldex","rating":1239,"private":0,"password":""}