{"id":"gen9nationaldex-1993481865","p1":"Theadonia","p2":"Jaradoz","format":"[Gen 9] National Dex","log":"|j|\u2606Theadonia\n|j|\u2606Jaradoz\n|t:|1700323163\n|gametype|singles\n|player|p1|Theadonia|roxie|1204\n|player|p2|Jaradoz|fisherman-gen6|1170\n|teamsize|p1|6\n|teamsize|p2|6\n|gen|9\n|tier|[Gen 9] National Dex\n|rated|\n|rule|HP Percentage Mod: HP is shown in percentages\n|rule|Endless Battle Clause: Forcing endless battles is banned\n|rule|OHKO Clause: OHKO moves are banned\n|rule|Evasion Clause: Evasion abilities, items, and moves are banned\n|rule|Evasion Abilities Clause: Evasion abilities are banned\n|rule|Evasion Items Clause: Evasion items are banned\n|rule|Evasion Moves Clause: Evasion moves are banned\n|rule|Species Clause: Limit one of each Pok\u00e9mon\n|rule|Sleep Clause Mod: Limit one foe put to sleep\n|clearpoke\n|poke|p1|Torterra, F|\n|poke|p1|Furret, M|\n|poke|p1|Ribombee, F|\n|poke|p1|Arcanine-Hisui, F|\n|poke|p1|Gyarados, M|\n|poke|p1|Muk-Alola, M|\n|poke|p2|Gyarados, M|\n|poke|p2|Clodsire, M|\n|poke|p2|Skeledirge, M|\n|poke|p2|Tornadus-Therian, M|\n|poke|p2|Venusaur, F|\n|poke|p2|Iron Valiant|\n|teampreview\n|inactive|Battle timer is ON: inactive players will automatically lose when time's up. (requested by Jaradoz)\n|\n|t:|1700323172\n|start\n|switch|p1a: Ribombee|Ribombee, F|100\/100\n|switch|p2a: Clodsire|Clodsire, M|100\/100\n|turn|1\n|\n|t:|1700323178\n|move|p1a: Ribombee|Sticky Web|p2a: Clodsire\n|-sidestart|p2: Jaradoz|move: Sticky Web\n|move|p2a: Clodsire|Toxic|p1a: Ribombee\n|-status|p1a: Ribombee|tox\n|\n|-damage|p1a: Ribombee|94\/100 tox|[from] psn\n|upkeep\n|turn|2\n|\n|t:|1700323180\n|move|p1a: Ribombee|Stun Spore|p2a: Clodsire\n|-status|p2a: Clodsire|par\n|move|p2a: Clodsire|Spikes|p1a: Ribombee\n|-sidestart|p1: Theadonia|Spikes\n|\n|-damage|p1a: Ribombee|82\/100 tox|[from] psn\n|upkeep\n|turn|3\n|\n|t:|1700323189\n|switch|p1a: Gyarados|Gyarados, M, shiny|100\/100\n|-ability|p1a: Gyarados|Intimidate|boost\n|-unboost|p2a: Clodsire|atk|1\n|move|p2a: Clodsire|Earthquake|p1a: Gyarados\n|-immune|p1a: Gyarados\n|\n|upkeep\n|turn|4\n|\n|t:|1700323198\n|move|p1a: Gyarados|Dragon Dance|p1a: Gyarados\n|-boost|p1a: Gyarados|atk|1\n|-boost|p1a: Gyarados|spe|1\n|move|p2a: Clodsire|Toxic|p1a: Gyarados\n|-status|p1a: Gyarados|tox\n|\n|-damage|p1a: Gyarados|94\/100 tox|[from] psn\n|upkeep\n|turn|5\n|\n|t:|1700323203\n|switch|p2a: No Tusks Allowed|Gyarados, M, shiny|100\/100\n|-ability|p2a: No Tusks Allowed|Intimidate|boost\n|-unboost|p1a: Gyarados|atk|1\n|move|p1a: Gyarados|Dragon Dance|p1a: Gyarados\n|-boost|p1a: Gyarados|atk|1\n|-boost|p1a: Gyarados|spe|1\n|\n|-damage|p1a: Gyarados|82\/100 tox|[from] psn\n|upkeep\n|turn|6\n|\n|t:|1700323211\n|detailschange|p1a: Gyarados|Gyarados-Mega, M, shiny\n|-mega|p1a: Gyarados|Gyarados|Gyaradosite\n|-ability|p1a: Gyarados|Mold Breaker\n|move|p1a: Gyarados|Waterfall|p2a: No Tusks Allowed\n|-resisted|p2a: No Tusks Allowed\n|-damage|p2a: No Tusks Allowed|72\/100\n|-damage|p1a: Gyarados|66\/100 tox|[from] item: Rocky Helmet|[of] p2a: No Tusks Allowed\n|cant|p2a: No Tusks Allowed|flinch\n|\n|-damage|p1a: Gyarados|48\/100 tox|[from] psn\n|upkeep\n|turn|7\n|\n|t:|1700323222\n|move|p1a: Gyarados|Crunch|p2a: No Tusks Allowed\n|-damage|p2a: No Tusks Allowed|14\/100\n|-damage|p1a: Gyarados|31\/100 tox|[from] item: Rocky Helmet|[of] p2a: No Tusks Allowed\n|move|p2a: No Tusks Allowed|Roar|p1a: Gyarados\n|drag|p1a: Ribombee|Ribombee, F|82\/100 tox\n|-damage|p1a: Ribombee|70\/100 tox|[from] Spikes\n|\n|-damage|p1a: Ribombee|64\/100 tox|[from] psn\n|upkeep\n|turn|8\n|\n|t:|1700323231\n|move|p1a: Ribombee|Moonblast|p2a: No Tusks Allowed\n|-damage|p2a: No Tusks Allowed|0 fnt\n|faint|p2a: No Tusks Allowed\n|\n|-damage|p1a: Ribombee|51\/100 tox|[from] psn\n|upkeep\n|\n|t:|1700323243\n|switch|p2a: Clodsire|Clodsire, M|100\/100 par\n|turn|9\n|\n|t:|1700323250\n|switch|p1a: Gyarados|Gyarados-Mega, M, shiny|31\/100 tox\n|-damage|p1a: Gyarados|19\/100 tox|[from] Spikes\n|-ability|p1a: Gyarados|Mold Breaker\n|move|p2a: Clodsire|Earthquake|p1a: Gyarados\n|-damage|p1a: Gyarados|0 fnt\n|faint|p1a: Gyarados\n|\n|upkeep\n|\n|t:|1700323264\n|switch|p1a: Torterra|Torterra, F|100\/100\n|-damage|p1a: Torterra|88\/100|[from] Spikes\n|turn|10\n|\n|t:|1700323269\n|move|p1a: Torterra|Shell Smash|p1a: Torterra\n|-unboost|p1a: Torterra|def|1\n|-unboost|p1a: Torterra|spd|1\n|-boost|p1a: Torterra|atk|2\n|-boost|p1a: Torterra|spa|2\n|-boost|p1a: Torterra|spe|2\n|move|p2a: Clodsire|Toxic|p1a: Torterra\n|-status|p1a: Torterra|tox\n|\n|-damage|p1a: Torterra|82\/100 tox|[from] psn\n|upkeep\n|turn|11\n|\n|t:|1700323286\n|move|p1a: Torterra|Headlong Rush|p2a: Clodsire\n|-supereffective|p2a: Clodsire\n|-damage|p2a: Clodsire|0 fnt\n|-unboost|p1a: Torterra|def|1\n|-unboost|p1a: Torterra|spd|1\n|faint|p2a: Clodsire\n|\n|-damage|p1a: Torterra|70\/100 tox|[from] psn\n|upkeep\n|\n|t:|1700323289\n|switch|p2a: Skeledirge|Skeledirge, M|100\/100\n|turn|12\n|\n|t:|1700323301\n|switch|p1a: Arcanine|Arcanine-Hisui, F, shiny|100\/100\n|-damage|p1a: Arcanine|88\/100|[from] Spikes\n|move|p2a: Skeledirge|Torch Song|p1a: Arcanine\n|-resisted|p1a: Arcanine\n|-crit|p1a: Arcanine\n|-damage|p1a: Arcanine|74\/100\n|-boost|p2a: Skeledirge|spa|1\n|\n|upkeep\n|turn|13\n|\n|t:|1700323308\n|switch|p2a: Venusaur|Venusaur, F|100\/100\n|-activate|p2a: Venusaur|move: Sticky Web\n|-unboost|p2a: Venusaur|spe|1\n|move|p1a: Arcanine|Head Smash|p2a: Venusaur\n|-damage|p2a: Venusaur|23\/100\n|\n|upkeep\n|turn|14\n|\n|t:|1700323315\n|detailschange|p2a: Venusaur|Venusaur-Mega, F\n|-mega|p2a: Venusaur|Venusaur|Venusaurite\n|move|p1a: Arcanine|Flare Blitz|p2a: Venusaur\n|-supereffective|p2a: Venusaur\n|-damage|p2a: Venusaur|0 fnt\n|faint|p2a: Venusaur\n|\n|upkeep\n|\n|t:|1700323325\n|switch|p2a: Skeledirge|Skeledirge, M|100\/100\n|turn|15\n|\n|t:|1700323331\n|-terastallize|p2a: Skeledirge|Water\n|move|p1a: Arcanine|Head Smash|p2a: Skeledirge\n|-damage|p2a: Skeledirge|57\/100\n|move|p2a: Skeledirge|Hex|p1a: Arcanine\n|-damage|p1a: Arcanine|44\/100\n|\n|upkeep\n|turn|16\n|\n|t:|1700323341\n|-terastallize|p1a: Arcanine|Grass\n|move|p1a: Arcanine|Tera Blast|p2a: Skeledirge|[anim] Tera Blast Grass\n|-supereffective|p2a: Skeledirge\n|-damage|p2a: Skeledirge|13\/100\n|move|p2a: Skeledirge|Slack Off|p2a: Skeledirge\n|-heal|p2a: Skeledirge|63\/100\n|\n|upkeep\n|turn|17\n|\n|t:|1700323348\n|move|p1a: Arcanine|Tera Blast|p2a: Skeledirge|[anim] Tera Blast Grass\n|-supereffective|p2a: Skeledirge\n|-damage|p2a: Skeledirge|13\/100\n|move|p2a: Skeledirge|Slack Off|p2a: Skeledirge\n|-heal|p2a: Skeledirge|63\/100\n|\n|upkeep\n|turn|18\n|\n|t:|1700323369\n|switch|p2a: Tornadus|Tornadus-Therian, M|100\/100\n|move|p1a: Arcanine|Tera Blast|p2a: Tornadus|[anim] Tera Blast Grass\n|-resisted|p2a: Tornadus\n|-damage|p2a: Tornadus|81\/100\n|\n|upkeep\n|turn|19\n|\n|t:|1700323374\n|move|p2a: Tornadus|Hurricane|p1a: Arcanine|[miss]\n|-miss|p2a: Tornadus|p1a: Arcanine\n|move|p1a: Arcanine|Head Smash|p2a: Tornadus\n|-supereffective|p2a: Tornadus\n|-damage|p2a: Tornadus|0 fnt\n|faint|p2a: Tornadus\n|\n|upkeep\n|\n|t:|1700323382\n|switch|p2a: Iron Valiant|Iron Valiant|100\/100\n|-activate|p2a: Iron Valiant|move: Sticky Web\n|-unboost|p2a: Iron Valiant|spe|1\n|turn|20\n|\n|t:|1700323388\n|move|p1a: Arcanine|Flare Blitz|p2a: Iron Valiant\n|-damage|p2a: Iron Valiant|24\/100\n|move|p2a: Iron Valiant|Moonblast|p1a: Arcanine\n|-damage|p1a: Arcanine|0 fnt\n|faint|p1a: Arcanine\n|\n|upkeep\n|\n|t:|1700323397\n|switch|p1a: Ribombee|Ribombee, F|51\/100 tox\n|-damage|p1a: Ribombee|39\/100 tox|[from] Spikes\n|turn|21\n|\n|t:|1700323401\n|move|p1a: Ribombee|Moonblast|p2a: Iron Valiant\n|-supereffective|p2a: Iron Valiant\n|-damage|p2a: Iron Valiant|0 fnt\n|faint|p2a: Iron Valiant\n|-end|p2a: Iron Valiant|Quark Drive|[silent]\n|\n|-damage|p1a: Ribombee|33\/100 tox|[from] psn\n|upkeep\n|\n|t:|1700323403\n|switch|p2a: Skeledirge|Skeledirge, M, tera:Water|63\/100\n|turn|22\n|\n|t:|1700323412\n|move|p1a: Ribombee|Moonblast|p2a: Skeledirge\n|-damage|p2a: Skeledirge|24\/100\n|move|p2a: Skeledirge|Slack Off|p2a: Skeledirge\n|-heal|p2a: Skeledirge|74\/100\n|\n|-damage|p1a: Ribombee|21\/100 tox|[from] psn\n|upkeep\n|turn|23\n|\n|t:|1700323420\n|move|p1a: Ribombee|Moonblast|p2a: Skeledirge\n|-damage|p2a: Skeledirge|34\/100\n|move|p2a: Skeledirge|Slack Off|p2a: Skeledirge\n|-heal|p2a: Skeledirge|84\/100\n|\n|-damage|p1a: Ribombee|2\/100 tox|[from] psn\n|upkeep\n|turn|24\n|\n|t:|1700323428\n|move|p1a: Ribombee|Moonblast|p2a: Skeledirge\n|-damage|p2a: Skeledirge|41\/100\n|-unboost|p2a: Skeledirge|spa|1\n|move|p2a: Skeledirge|Slack Off|p2a: Skeledirge\n|-heal|p2a: Skeledirge|91\/100\n|\n|-damage|p1a: Ribombee|0 fnt|[from] psn\n|faint|p1a: Ribombee\n|upkeep\n|\n|t:|1700323436\n|switch|p1a: Torterra|Torterra, F|70\/100 tox\n|-damage|p1a: Torterra|58\/100 tox|[from] Spikes\n|turn|25\n|\n|t:|1700323441\n|move|p1a: Torterra|Bullet Seed|p2a: Skeledirge\n|-supereffective|p2a: Skeledirge\n|-damage|p2a: Skeledirge|76\/100\n|-supereffective|p2a: Skeledirge\n|-damage|p2a: Skeledirge|60\/100\n|-supereffective|p2a: Skeledirge\n|-damage|p2a: Skeledirge|46\/100\n|-supereffective|p2a: Skeledirge\n|-damage|p2a: Skeledirge|29\/100\n|-supereffective|p2a: Skeledirge\n|-damage|p2a: Skeledirge|14\/100\n|-hitcount|p2a: Skeledirge|5\n|move|p2a: Skeledirge|Will-O-Wisp||[still]\n|-fail|p2a: Skeledirge\n|\n|-damage|p1a: Torterra|52\/100 tox|[from] psn\n|upkeep\n|turn|26\n|-message|Jaradoz forfeited.\n|\n|win|Theadonia\n|raw|Theadonia's rating: 1204 &rarr; <strong>1227<\/strong><br \/>(+23 for winning)\n|raw|Jaradoz's rating: 1170 &rarr; <strong>1147<\/strong><br \/>(-23 for losing)\n|l|\u2606Jaradoz\n","uploadtime":1700323455,"views":6,"p1id":"theadonia","p2id":"jaradoz","formatid":"gen9nationaldex","rating":1147,"private":0,"password":""}