{"id":"gen9nationaldex-1996789337","p1":"chupa pokebolas","p2":"TheEmeraldGamerGuy","format":"[Gen 9] National Dex","log":"|html|<div class=\"broadcast-blue\"><strong>[Gen 9] National Dex is currently suspecting Sneasler! For information on how to participate check out the <a href=\"https:\/\/www.smogon.com\/forums\/threads\/sv-national-dex-suspect-8-just-dance.3731534\/\">suspect thread<\/a>.<\/strong><\/div>\n|j|\u2606chupa pokebolas\n|j|\u2606TheEmeraldGamerGuy\n|t:|1700725601\n|gametype|singles\n|player|p1|chupa pokebolas|scientist-gen4dp|1306\n|player|p2|TheEmeraldGamerGuy|colress|1428\n|teamsize|p1|6\n|teamsize|p2|6\n|gen|9\n|tier|[Gen 9] National Dex\n|rated|\n|rule|HP Percentage Mod: HP is shown in percentages\n|rule|Endless Battle Clause: Forcing endless battles is banned\n|rule|OHKO Clause: OHKO moves are banned\n|rule|Evasion Clause: Evasion abilities, items, and moves are banned\n|rule|Evasion Abilities Clause: Evasion abilities are banned\n|rule|Evasion Items Clause: Evasion items are banned\n|rule|Evasion Moves Clause: Evasion moves are banned\n|rule|Species Clause: Limit one of each Pok\u00e9mon\n|rule|Sleep Clause Mod: Limit one foe put to sleep\n|clearpoke\n|poke|p1|Clodsire, F|\n|poke|p1|Scizor, M|\n|poke|p1|Hatterene, F|\n|poke|p1|Haxorus, F|\n|poke|p1|Dondozo, F|\n|poke|p1|Heatran, F|\n|poke|p2|Tapu Lele|\n|poke|p2|Sneasler, F|\n|poke|p2|Hoopa-Unbound|\n|poke|p2|Ferrothorn, F|\n|poke|p2|Heatran, F|\n|poke|p2|Tornadus-Therian, M|\n|teampreview\n|inactive|Battle timer is ON: inactive players will automatically lose when time's up. (requested by TheEmeraldGamerGuy)\n|inactive|chupa pokebolas also wants the timer to be on.\n|\n|t:|1700725607\n|start\n|switch|p1a: Clodsire|Clodsire, F, shiny|100\/100\n|switch|p2a: Sneasler|Sneasler, F|100\/100\n|turn|1\n|\n|t:|1700725617\n|switch|p2a: Ferrothorn|Ferrothorn, F|100\/100\n|switch|p1a: Scizor|Scizor, M|100\/100\n|\n|upkeep\n|turn|2\n|\n|t:|1700725622\n|switch|p1a: Hatterene|Hatterene, F, shiny|100\/100\n|move|p2a: Ferrothorn|Thunder Wave|p1a: Hatterene\n|move|p1a: Hatterene|Thunder Wave|p2a: Ferrothorn|[from]ability: Magic Bounce\n|-status|p2a: Ferrothorn|par\n|\n|upkeep\n|turn|3\n|\n|t:|1700725630\n|switch|p2a: Heatran|Heatran, F|100\/100\n|move|p1a: Hatterene|Calm Mind|p1a: Hatterene\n|-boost|p1a: Hatterene|spa|1\n|-boost|p1a: Hatterene|spd|1\n|\n|upkeep\n|turn|4\n|\n|t:|1700725635\n|switch|p1a: Dondozo|Dondozo, F|100\/100\n|move|p2a: Heatran|Magma Storm|p1a: Dondozo|[miss]\n|-miss|p2a: Heatran|p1a: Dondozo\n|\n|upkeep\n|turn|5\n|\n|t:|1700725642\n|-terastallize|p2a: Heatran|Grass\n|move|p2a: Heatran|Magma Storm|p1a: Dondozo|[miss]\n|-miss|p2a: Heatran|p1a: Dondozo\n|move|p1a: Dondozo|Body Press|p2a: Heatran\n|-damage|p2a: Heatran|75\/100\n|\n|-heal|p2a: Heatran|81\/100|[from] item: Leftovers\n|upkeep\n|turn|6\n|\n|t:|1700725652\n|move|p2a: Heatran|Magma Storm|p1a: Dondozo\n|-resisted|p1a: Dondozo\n|-damage|p1a: Dondozo|78\/100\n|-activate|p1a: Dondozo|move: Magma Storm|[of] p2a: Heatran\n|move|p1a: Dondozo|Body Press|p2a: Heatran\n|-damage|p2a: Heatran|57\/100\n|\n|-heal|p2a: Heatran|63\/100|[from] item: Leftovers\n|-heal|p1a: Dondozo|84\/100|[from] item: Leftovers\n|-damage|p1a: Dondozo|72\/100|[from] move: Magma Storm|[partiallytrapped]\n|upkeep\n|turn|7\n|\n|t:|1700725664\n|move|p2a: Heatran|Taunt|p1a: Dondozo\n|-start|p1a: Dondozo|move: Taunt\n|move|p1a: Dondozo|Body Press|p2a: Heatran\n|-damage|p2a: Heatran|40\/100\n|\n|-heal|p2a: Heatran|46\/100|[from] item: Leftovers\n|-heal|p1a: Dondozo|78\/100|[from] item: Leftovers\n|-damage|p1a: Dondozo|65\/100|[from] move: Magma Storm|[partiallytrapped]\n|upkeep\n|turn|8\n|\n|t:|1700725675\n|move|p2a: Heatran|Toxic|p1a: Dondozo\n|-status|p1a: Dondozo|tox\n|move|p1a: Dondozo|Body Press|p2a: Heatran\n|-damage|p2a: Heatran|22\/100\n|\n|-heal|p2a: Heatran|28\/100|[from] item: Leftovers\n|-heal|p1a: Dondozo|72\/100 tox|[from] item: Leftovers\n|-damage|p1a: Dondozo|65\/100 tox|[from] psn\n|-damage|p1a: Dondozo|53\/100 tox|[from] move: Magma Storm|[partiallytrapped]\n|upkeep\n|turn|9\n|\n|t:|1700725686\n|move|p2a: Heatran|Earth Power|p1a: Dondozo\n|-damage|p1a: Dondozo|28\/100 tox\n|move|p1a: Dondozo|Body Press|p2a: Heatran\n|-damage|p2a: Heatran|5\/100\n|\n|-heal|p2a: Heatran|11\/100|[from] item: Leftovers\n|-heal|p1a: Dondozo|34\/100 tox|[from] item: Leftovers\n|-damage|p1a: Dondozo|22\/100 tox|[from] psn\n|-damage|p1a: Dondozo|9\/100 tox|[from] move: Magma Storm|[partiallytrapped]\n|-end|p1a: Dondozo|move: Taunt\n|upkeep\n|turn|10\n|\n|t:|1700725702\n|switch|p2a: Tapu Lele|Tapu Lele|100\/100\n|-fieldstart|move: Psychic Terrain|[from] ability: Psychic Surge|[of] p2a: Tapu Lele\n|move|p1a: Dondozo|Body Press|p2a: Tapu Lele\n|-resisted|p2a: Tapu Lele\n|-damage|p2a: Tapu Lele|91\/100\n|\n|-heal|p1a: Dondozo|16\/100 tox|[from] item: Leftovers\n|-damage|p1a: Dondozo|0 fnt|[from] psn\n|faint|p1a: Dondozo\n|upkeep\n|\n|t:|1700725721\n|switch|p1a: Heatano|Heatran, F, shiny|100\/100\n|turn|11\n|\n|t:|1700725730\n|move|p2a: Tapu Lele|Future Sight|p1a: Heatano\n|-start|p2a: Tapu Lele|move: Future Sight\n|move|p1a: Heatano|Flamethrower|p2a: Tapu Lele\n|-damage|p2a: Tapu Lele|40\/100\n|\n|upkeep\n|turn|12\n|\n|t:|1700725735\n|switch|p2a: Heatran|Heatran, F, tera:Grass|11\/100\n|move|p1a: Heatano|Flamethrower|p2a: Heatran\n|-start|p2a: Heatran|ability: Flash Fire\n|\n|-heal|p2a: Heatran|17\/100|[from] item: Leftovers\n|upkeep\n|turn|13\n|\n|t:|1700725747\n|-terastallize|p1a: Heatano|Grass\n|move|p2a: Heatran|Magma Storm|p1a: Heatano\n|-start|p1a: Heatano|ability: Flash Fire\n|move|p1a: Heatano|Earth Power|p2a: Heatran\n|-resisted|p2a: Heatran\n|-damage|p2a: Heatran|7\/100\n|\n|-end|p1a: Heatano|move: Future Sight\n|-damage|p1a: Heatano|43\/100\n|-heal|p2a: Heatran|14\/100|[from] item: Leftovers\n|-heal|p1a: Heatano|49\/100|[from] item: Leftovers\n|upkeep\n|turn|14\n|\n|t:|1700725762\n|-end|p1a: Heatano|ability: Flash Fire|[silent]\n|switch|p1a: Scizor|Scizor, M|100\/100\n|move|p2a: Heatran|Toxic|p1a: Scizor\n|-immune|p1a: Scizor\n|\n|-heal|p2a: Heatran|20\/100|[from] item: Leftovers\n|-fieldend|move: Psychic Terrain\n|upkeep\n|turn|15\n|\n|t:|1700725775\n|-end|p2a: Heatran|ability: Flash Fire|[silent]\n|switch|p2a: Ferrothorn|Ferrothorn, F|100\/100 par\n|detailschange|p1a: Scizor|Scizor-Mega, M\n|-mega|p1a: Scizor|Scizor|Scizorite\n|move|p1a: Scizor|Dual Wingbeat|p2a: Ferrothorn\n|-damage|p2a: Ferrothorn|89\/100 par\n|-damage|p1a: Scizor|88\/100|[from] ability: Iron Barbs|[of] p2a: Ferrothorn\n|-damage|p1a: Scizor|71\/100|[from] item: Rocky Helmet|[of] p2a: Ferrothorn\n|-damage|p2a: Ferrothorn|77\/100 par\n|-damage|p1a: Scizor|59\/100|[from] ability: Iron Barbs|[of] p2a: Ferrothorn\n|-damage|p1a: Scizor|42\/100|[from] item: Rocky Helmet|[of] p2a: Ferrothorn\n|-hitcount|p2a: Ferrothorn|2\n|\n|upkeep\n|turn|16\n|\n|t:|1700725789\n|switch|p2a: Heatran|Heatran, F, tera:Grass|20\/100\n|move|p1a: Scizor|Roost|p1a: Scizor\n|-heal|p1a: Scizor|92\/100\n|-singleturn|p1a: Scizor|move: Roost\n|\n|-heal|p2a: Heatran|26\/100|[from] item: Leftovers\n|upkeep\n|turn|17\n|\n|t:|1700725798\n|switch|p2a: Ferrothorn|Ferrothorn, F|77\/100 par\n|switch|p1a: Hatterene|Hatterene, F, shiny|100\/100\n|\n|upkeep\n|turn|18\n|\n|t:|1700725804\n|cant|p2a: Ferrothorn|par\n|move|p1a: Hatterene|Calm Mind|p1a: Hatterene\n|-boost|p1a: Hatterene|spa|1\n|-boost|p1a: Hatterene|spd|1\n|\n|upkeep\n|turn|19\n|\n|t:|1700725810\n|switch|p2a: Hoopa|Hoopa-Unbound|100\/100\n|move|p1a: Hatterene|Mystical Fire|p2a: Hoopa\n|-damage|p2a: Hoopa|79\/100\n|-unboost|p2a: Hoopa|spa|1\n|\n|upkeep\n|turn|20\n|\n|t:|1700725818\n|move|p2a: Hoopa|Gunk Shot|p1a: Hatterene\n|-supereffective|p1a: Hatterene\n|-crit|p1a: Hatterene\n|-damage|p1a: Hatterene|0 fnt\n|faint|p1a: Hatterene\n|\n|upkeep\n|\n|t:|1700725824\n|switch|p1a: Haxorus|Haxorus, F, shiny|100\/100\n|-ability|p1a: Haxorus|Mold Breaker\n|turn|21\n|\n|t:|1700725829\n|move|p1a: Haxorus|Dragon Dance|p1a: Haxorus\n|-boost|p1a: Haxorus|atk|1\n|-boost|p1a: Haxorus|spe|1\n|move|p2a: Hoopa|Hyperspace Fury|p1a: Haxorus\n|-damage|p1a: Haxorus|9\/100\n|-unboost|p2a: Hoopa|def|1\n|\n|upkeep\n|turn|22\n|\n|t:|1700725838\n|move|p1a: Haxorus|Earthquake|p2a: Hoopa\n|-damage|p2a: Hoopa|0 fnt\n|faint|p2a: Hoopa\n|\n|upkeep\n|\n|t:|1700725840\n|switch|p2a: Tapu Lele|Tapu Lele|40\/100\n|-fieldstart|move: Psychic Terrain|[from] ability: Psychic Surge|[of] p2a: Tapu Lele\n|turn|23\n|\n|t:|1700725846\n|move|p1a: Haxorus|Poison Jab|p2a: Tapu Lele\n|-supereffective|p2a: Tapu Lele\n|-damage|p2a: Tapu Lele|0 fnt\n|faint|p2a: Tapu Lele\n|\n|upkeep\n|\n|t:|1700725849\n|switch|p2a: Sneasler|Sneasler, F|100\/100\n|-enditem|p2a: Sneasler|Psychic Seed\n|-boost|p2a: Sneasler|spd|1|[from] item: Psychic Seed\n|turn|24\n|\n|t:|1700725859\n|move|p2a: Sneasler|Acrobatics|p1a: Haxorus\n|-damage|p1a: Haxorus|0 fnt\n|faint|p1a: Haxorus\n|\n|upkeep\n|\n|t:|1700725868\n|switch|p1a: Scizor|Scizor-Mega, M|92\/100\n|turn|25\n|\n|t:|1700725872\n|move|p2a: Sneasler|Close Combat|p1a: Scizor\n|-damage|p1a: Scizor|52\/100\n|-unboost|p2a: Sneasler|def|1\n|-unboost|p2a: Sneasler|spd|1\n|move|p1a: Scizor|Swords Dance|p1a: Scizor\n|-boost|p1a: Scizor|atk|2\n|\n|upkeep\n|turn|26\n|\n|t:|1700725883\n|move|p2a: Sneasler|Close Combat|p1a: Scizor\n|-damage|p1a: Scizor|12\/100\n|-unboost|p2a: Sneasler|def|1\n|-unboost|p2a: Sneasler|spd|1\n|move|p1a: Scizor|Dual Wingbeat|p2a: Sneasler\n|-supereffective|p2a: Sneasler\n|-damage|p2a: Sneasler|0 fnt\n|faint|p2a: Sneasler\n|-hitcount|p2: Sneasler|1\n|\n|upkeep\n|\n|t:|1700725892\n|switch|p2a: Ferrothorn|Ferrothorn, F|77\/100 par\n|turn|27\n|\n|t:|1700725899\n|move|p1a: Scizor|Roost|p1a: Scizor\n|-heal|p1a: Scizor|62\/100\n|-singleturn|p1a: Scizor|move: Roost\n|move|p2a: Ferrothorn|Stealth Rock|p1a: Scizor\n|-sidestart|p1: chupa pokebolas|move: Stealth Rock\n|\n|-fieldend|move: Psychic Terrain\n|upkeep\n|turn|28\n|\n|t:|1700725905\n|move|p1a: Scizor|Roost|p1a: Scizor\n|-heal|p1a: Scizor|100\/100\n|-singleturn|p1a: Scizor|move: Roost\n|move|p2a: Ferrothorn|Leech Seed|p1a: Scizor\n|-start|p1a: Scizor|move: Leech Seed\n|\n|-damage|p1a: Scizor|88\/100|[from] Leech Seed|[of] p2a: Ferrothorn\n|-heal|p2a: Ferrothorn|89\/100 par|[silent]\n|upkeep\n|turn|29\n|\n|t:|1700725914\n|move|p1a: Scizor|Swords Dance|p1a: Scizor\n|-boost|p1a: Scizor|atk|2\n|cant|p2a: Ferrothorn|par\n|\n|-damage|p1a: Scizor|75\/100|[from] Leech Seed|[of] p2a: Ferrothorn\n|-heal|p2a: Ferrothorn|100\/100 par|[silent]\n|upkeep\n|turn|30\n|\n|t:|1700725922\n|move|p1a: Scizor|Swords Dance|p1a: Scizor\n|-boost|p1a: Scizor|atk|2\n|move|p2a: Ferrothorn|Thunder Wave|p1a: Scizor\n|-status|p1a: Scizor|par\n|\n|-damage|p1a: Scizor|63\/100 par|[from] Leech Seed|[of] p2a: Ferrothorn\n|upkeep\n|turn|31\n|\n|t:|1700725931\n|move|p2a: Ferrothorn|Protect|p2a: Ferrothorn\n|-singleturn|p2a: Ferrothorn|Protect\n|move|p1a: Scizor|Roost|p1a: Scizor\n|-heal|p1a: Scizor|100\/100 par\n|-singleturn|p1a: Scizor|move: Roost\n|\n|-damage|p1a: Scizor|88\/100 par|[from] Leech Seed|[of] p2a: Ferrothorn\n|upkeep\n|turn|32\n|\n|t:|1700725943\n|move|p2a: Ferrothorn|Protect||[still]\n|-fail|p2a: Ferrothorn\n|move|p1a: Scizor|Dual Wingbeat|p2a: Ferrothorn\n|-damage|p2a: Ferrothorn|55\/100 par\n|-damage|p1a: Scizor|75\/100 par|[from] ability: Iron Barbs|[of] p2a: Ferrothorn\n|-damage|p1a: Scizor|59\/100 par|[from] item: Rocky Helmet|[of] p2a: Ferrothorn\n|-damage|p2a: Ferrothorn|2\/100 par\n|-damage|p1a: Scizor|46\/100 par|[from] ability: Iron Barbs|[of] p2a: Ferrothorn\n|-damage|p1a: Scizor|30\/100 par|[from] item: Rocky Helmet|[of] p2a: Ferrothorn\n|-hitcount|p2a: Ferrothorn|2\n|\n|-damage|p1a: Scizor|17\/100 par|[from] Leech Seed|[of] p2a: Ferrothorn\n|-heal|p2a: Ferrothorn|14\/100 par|[silent]\n|upkeep\n|turn|33\n|\n|t:|1700725958\n|move|p2a: Ferrothorn|Protect|p2a: Ferrothorn\n|-singleturn|p2a: Ferrothorn|Protect\n|move|p1a: Scizor|Roost|p1a: Scizor\n|-heal|p1a: Scizor|67\/100 par\n|-singleturn|p1a: Scizor|move: Roost\n|\n|-damage|p1a: Scizor|55\/100 par|[from] Leech Seed|[of] p2a: Ferrothorn\n|-heal|p2a: Ferrothorn|27\/100 par|[silent]\n|upkeep\n|turn|34\n|\n|t:|1700725969\n|move|p1a: Scizor|Roost|p1a: Scizor\n|-heal|p1a: Scizor|100\/100 par\n|-singleturn|p1a: Scizor|move: Roost\n|move|p2a: Ferrothorn|Stealth Rock||[still]\n|-fail|p2a: Ferrothorn\n|\n|-damage|p1a: Scizor|88\/100 par|[from] Leech Seed|[of] p2a: Ferrothorn\n|-heal|p2a: Ferrothorn|39\/100 par|[silent]\n|upkeep\n|turn|35\n|\n|t:|1700725979\n|move|p2a: Ferrothorn|Protect|p2a: Ferrothorn\n|-singleturn|p2a: Ferrothorn|Protect\n|cant|p1a: Scizor|par\n|\n|-damage|p1a: Scizor|75\/100 par|[from] Leech Seed|[of] p2a: Ferrothorn\n|-heal|p2a: Ferrothorn|51\/100 par|[silent]\n|upkeep\n|turn|36\n|\n|t:|1700726003\n|move|p2a: Ferrothorn|Protect||[still]\n|-fail|p2a: Ferrothorn\n|move|p1a: Scizor|Dual Wingbeat|p2a: Ferrothorn\n|-damage|p2a: Ferrothorn|0 fnt\n|-damage|p1a: Scizor|63\/100 par|[from] ability: Iron Barbs|[of] p2a: Ferrothorn\n|-damage|p1a: Scizor|46\/100 par|[from] item: Rocky Helmet|[of] p2a: Ferrothorn\n|faint|p2a: Ferrothorn\n|-hitcount|p2: Ferrothorn|1\n|\n|upkeep\n|\n|t:|1700726010\n|switch|p2a: Heatran|Heatran, F, tera:Grass|26\/100\n|turn|37\n|\n|t:|1700726015\n|move|p1a: Scizor|Bullet Punch|p2a: Heatran\n|-damage|p2a: Heatran|0 fnt\n|faint|p2a: Heatran\n|\n|upkeep\n|\n|t:|1700726018\n|switch|p2a: Tornadus|Tornadus-Therian, M|100\/100\n|turn|38\n|\n|t:|1700726022\n|move|p1a: Scizor|Bullet Punch|p2a: Tornadus\n|-damage|p2a: Tornadus|0 fnt\n|faint|p2a: Tornadus\n|\n|win|chupa pokebolas\n|raw|chupa pokebolas's rating: 1306 &rarr; <strong>1333<\/strong><br \/>(+27 for winning)\n|raw|TheEmeraldGamerGuy's rating: 1428 &rarr; <strong>1401<\/strong><br \/>(-27 for losing)\n|l|\u2606TheEmeraldGamerGuy\n|c|\u2606chupa pokebolas|Ajajaja\n|l|\u2606chupa pokebolas\n|j|\u2606chupa pokebolas\n|player|p1|chupa pokebolas|scientist-gen4dp\n","uploadtime":1700726043,"views":2,"p1id":"chupapokebolas","p2id":"theemeraldgamerguy","formatid":"gen9nationaldex","rating":1333,"private":0,"password":""}