{"id":"gen9nationaldex-1991514128","p1":"hackilla15","p2":"Akirot","format":"[Gen 9] National Dex","log":"|j|\u2606hackilla15\n|j|\u2606Akirot\n|t:|1700083910\n|gametype|singles\n|player|p1|hackilla15|ethan|1173\n|player|p2|Akirot|harlequin|1149\n|teamsize|p1|6\n|teamsize|p2|6\n|gen|9\n|tier|[Gen 9] National Dex\n|rated|\n|rule|HP Percentage Mod: HP is shown in percentages\n|rule|Endless Battle Clause: Forcing endless battles is banned\n|rule|OHKO Clause: OHKO moves are banned\n|rule|Evasion Clause: Evasion abilities, items, and moves are banned\n|rule|Evasion Abilities Clause: Evasion abilities are banned\n|rule|Evasion Items Clause: Evasion items are banned\n|rule|Evasion Moves Clause: Evasion moves are banned\n|rule|Species Clause: Limit one of each Pok\u00e9mon\n|rule|Sleep Clause Mod: Limit one foe put to sleep\n|clearpoke\n|poke|p1|Clodsire, F|\n|poke|p1|Garganacl, M|\n|poke|p1|Volcarona, F|\n|poke|p1|Ribombee, F|\n|poke|p1|Venusaur, M|\n|poke|p1|Krookodile, M|\n|poke|p2|Blaziken, M|\n|poke|p2|Linoone, F|\n|poke|p2|Shiftry, F|\n|poke|p2|Gardevoir, M|\n|poke|p2|Whiscash, M|\n|poke|p2|Salamence, F|\n|teampreview\n|inactive|Battle timer is ON: inactive players will automatically lose when time's up. (requested by hackilla15)\n|\n|t:|1700083924\n|start\n|switch|p1a: Ribombee|Ribombee, F, shiny|100\/100\n|switch|p2a: Salamence|Salamence, F|100\/100\n|-ability|p2a: Salamence|Intimidate|boost\n|-unboost|p1a: Ribombee|atk|1\n|turn|1\n|\n|t:|1700083932\n|-terastallize|p2a: Salamence|Fire\n|move|p1a: Ribombee|Stun Spore|p2a: Salamence|[miss]\n|-miss|p1a: Ribombee|p2a: Salamence\n|move|p2a: Salamence|Dual Wingbeat|p1a: Ribombee\n|-supereffective|p1a: Ribombee\n|-damage|p1a: Ribombee|13\/100\n|-supereffective|p1a: Ribombee\n|-damage|p1a: Ribombee|0 fnt\n|faint|p1a: Ribombee\n|-hitcount|p1: Ribombee|2\n|\n|upkeep\n|\n|t:|1700083945\n|switch|p1a: Garganacl|Garganacl, M, shiny|100\/100\n|turn|2\n|\n|t:|1700083960\n|switch|p2a: Whiscash|Whiscash, M|100\/100\n|move|p1a: Garganacl|Curse|p1a: Garganacl\n|-unboost|p1a: Garganacl|spe|1\n|-boost|p1a: Garganacl|atk|1\n|-boost|p1a: Garganacl|def|1\n|\n|upkeep\n|turn|3\n|\n|t:|1700083976\n|move|p2a: Whiscash|Scald|p1a: Garganacl\n|-supereffective|p1a: Garganacl\n|-damage|p1a: Garganacl|62\/100\n|move|p1a: Garganacl|Salt Cure|p2a: Whiscash\n|-resisted|p2a: Whiscash\n|-damage|p2a: Whiscash|91\/100\n|-start|p2a: Whiscash|Salt Cure\n|\n|-heal|p1a: Garganacl|68\/100|[from] item: Leftovers\n|-damage|p2a: Whiscash|66\/100|[from] Salt Cure\n|upkeep\n|turn|4\n|\n|t:|1700083983\n|move|p2a: Whiscash|Scald|p1a: Garganacl\n|-supereffective|p1a: Garganacl\n|-damage|p1a: Garganacl|28\/100\n|move|p1a: Garganacl|Recover|p1a: Garganacl\n|-heal|p1a: Garganacl|78\/100\n|\n|-heal|p1a: Garganacl|84\/100|[from] item: Leftovers\n|-damage|p2a: Whiscash|41\/100|[from] Salt Cure\n|upkeep\n|turn|5\n|\n|t:|1700083990\n|switch|p2a: Blaziken|Blaziken, M|100\/100\n|move|p1a: Garganacl|Recover|p1a: Garganacl\n|-heal|p1a: Garganacl|100\/100\n|\n|upkeep\n|turn|6\n|\n|t:|1700083995\n|move|p2a: Blaziken|Substitute|p2a: Blaziken\n|-start|p2a: Blaziken|Substitute\n|-damage|p2a: Blaziken|75\/100\n|move|p1a: Garganacl|Salt Cure|p2a: Blaziken\n|-end|p2a: Blaziken|Substitute\n|\n|-ability|p2a: Blaziken|Speed Boost|boost\n|-boost|p2a: Blaziken|spe|1\n|upkeep\n|turn|7\n|\n|t:|1700084004\n|move|p2a: Blaziken|Focus Energy|p2a: Blaziken\n|-start|p2a: Blaziken|move: Focus Energy\n|move|p1a: Garganacl|Salt Cure|p2a: Blaziken\n|-damage|p2a: Blaziken|46\/100\n|-start|p2a: Blaziken|Salt Cure\n|\n|-damage|p2a: Blaziken|33\/100|[from] Salt Cure\n|-ability|p2a: Blaziken|Speed Boost|boost\n|-boost|p2a: Blaziken|spe|1\n|upkeep\n|turn|8\n|\n|t:|1700084019\n|switch|p1a: Clodsire|Clodsire, F, shiny|100\/100\n|move|p2a: Blaziken|Aura Sphere|p1a: Clodsire\n|-resisted|p1a: Clodsire\n|-crit|p1a: Clodsire\n|-damage|p1a: Clodsire|83\/100\n|\n|-heal|p1a: Clodsire|90\/100|[from] item: Black Sludge\n|-damage|p2a: Blaziken|21\/100|[from] Salt Cure\n|-ability|p2a: Blaziken|Speed Boost|boost\n|-boost|p2a: Blaziken|spe|1\n|upkeep\n|turn|9\n|\n|t:|1700084028\n|switch|p2a: Whiscash|Whiscash, M|41\/100\n|move|p1a: Clodsire|Recover|p1a: Clodsire\n|-heal|p1a: Clodsire|100\/100\n|\n|upkeep\n|turn|10\n|\n|t:|1700084031\n|move|p2a: Whiscash|Stealth Rock|p1a: Clodsire\n|-sidestart|p1: hackilla15|move: Stealth Rock\n|move|p1a: Clodsire|Toxic Spikes|p2a: Whiscash\n|-sidestart|p2: Akirot|move: Toxic Spikes\n|\n|upkeep\n|turn|11\n|\n|t:|1700084036\n|move|p2a: Whiscash|Scald|p1a: Clodsire\n|-immune|p1a: Clodsire|[from] ability: Water Absorb\n|move|p1a: Clodsire|Toxic Spikes|p2a: Whiscash\n|-sidestart|p2: Akirot|move: Toxic Spikes\n|\n|upkeep\n|turn|12\n|\n|t:|1700084043\n|move|p2a: Whiscash|Rest|p2a: Whiscash\n|-status|p2a: Whiscash|slp|[from] move: Rest\n|-heal|p2a: Whiscash|100\/100 slp|[silent]\n|-enditem|p2a: Whiscash|Chesto Berry|[eat]\n|-curestatus|p2a: Whiscash|slp|[msg]\n|move|p1a: Clodsire|Earthquake|p2a: Whiscash\n|-damage|p2a: Whiscash|79\/100\n|\n|upkeep\n|turn|13\n|\n|t:|1700084047\n|switch|p2a: Salamence|Salamence, F, tera:Fire|100\/100\n|-status|p2a: Salamence|tox\n|-ability|p2a: Salamence|Intimidate|boost\n|-unboost|p1a: Clodsire|atk|1\n|move|p1a: Clodsire|Earthquake|p2a: Salamence\n|-supereffective|p2a: Salamence\n|-damage|p2a: Salamence|48\/100 tox\n|\n|-heal|p2a: Salamence|54\/100 tox|[from] item: Leftovers\n|-damage|p2a: Salamence|48\/100 tox|[from] psn\n|upkeep\n|turn|14\n|\n|t:|1700084054\n|move|p2a: Salamence|Outrage|p1a: Clodsire\n|-damage|p1a: Clodsire|21\/100\n|move|p1a: Clodsire|Earthquake|p2a: Salamence\n|-supereffective|p2a: Salamence\n|-damage|p2a: Salamence|0 fnt\n|faint|p2a: Salamence\n|\n|-heal|p1a: Clodsire|27\/100|[from] item: Black Sludge\n|upkeep\n|\n|t:|1700084057\n|switch|p2a: Shiftry|Shiftry, F|100\/100\n|-status|p2a: Shiftry|tox\n|turn|15\n|\n|t:|1700084060\n|move|p2a: Shiftry|Knock Off|p1a: Clodsire\n|-damage|p1a: Clodsire|0 fnt\n|-enditem|p1a: Clodsire|Black Sludge|[from] move: Knock Off|[of] p2a: Shiftry\n|faint|p1a: Clodsire\n|\n|-damage|p2a: Shiftry|94\/100 tox|[from] psn\n|upkeep\n|\n|t:|1700084062\n|switch|p1a: Garganacl|Garganacl, M, shiny|100\/100\n|-damage|p1a: Garganacl|88\/100|[from] Stealth Rock\n|turn|16\n|\n|t:|1700084065\n|move|p2a: Shiftry|Knock Off|p1a: Garganacl\n|-damage|p1a: Garganacl|62\/100\n|-enditem|p1a: Garganacl|Leftovers|[from] move: Knock Off|[of] p2a: Shiftry\n|move|p1a: Garganacl|Salt Cure|p2a: Shiftry\n|-crit|p2a: Shiftry\n|-damage|p2a: Shiftry|56\/100 tox\n|-start|p2a: Shiftry|Salt Cure\n|\n|-damage|p2a: Shiftry|43\/100 tox|[from] psn\n|-damage|p2a: Shiftry|31\/100 tox|[from] Salt Cure\n|upkeep\n|turn|17\n|\n|t:|1700084074\n|move|p2a: Shiftry|Defog|p1a: Garganacl\n|-unboost|p1a: Garganacl|evasion|1\n|-sideend|p1: hackilla15|Stealth Rock|[from] move: Defog|[of] p2a: Shiftry\n|-sideend|p2: Akirot|Toxic Spikes|[from] move: Defog|[of] p2a: Shiftry\n|move|p1a: Garganacl|Recover|p1a: Garganacl\n|-heal|p1a: Garganacl|100\/100\n|\n|-damage|p2a: Shiftry|12\/100 tox|[from] psn\n|-damage|p2a: Shiftry|0 fnt|[from] Salt Cure\n|faint|p2a: Shiftry\n|upkeep\n|\n|t:|1700084085\n|switch|p2a: Whiscash|Whiscash, M|79\/100\n|turn|18\n|\n|t:|1700084090\n|-terastallize|p1a: Garganacl|Grass\n|move|p2a: Whiscash|Scald|p1a: Garganacl\n|-resisted|p1a: Garganacl\n|-crit|p1a: Garganacl\n|-damage|p1a: Garganacl|85\/100\n|move|p1a: Garganacl|Salt Cure|p2a: Whiscash\n|-resisted|p2a: Whiscash\n|-damage|p2a: Whiscash|72\/100\n|-start|p2a: Whiscash|Salt Cure\n|\n|-damage|p2a: Whiscash|47\/100|[from] Salt Cure\n|upkeep\n|turn|19\n|\n|t:|1700084098\n|switch|p2a: Blaziken|Blaziken, M|21\/100\n|move|p1a: Garganacl|Curse|p1a: Garganacl\n|-unboost|p1a: Garganacl|spe|1\n|-boost|p1a: Garganacl|atk|1\n|-boost|p1a: Garganacl|def|1\n|\n|upkeep\n|turn|20\n|\n|t:|1700084102\n|move|p2a: Blaziken|Overheat|p1a: Garganacl\n|-supereffective|p1a: Garganacl\n|-damage|p1a: Garganacl|0 fnt\n|-unboost|p2a: Blaziken|spa|2\n|faint|p1a: Garganacl\n|\n|-ability|p2a: Blaziken|Speed Boost|boost\n|-boost|p2a: Blaziken|spe|1\n|upkeep\n|\n|t:|1700084108\n|switch|p1a: Volcarona|Volcarona, F, shiny|100\/100\n|turn|21\n|\n|t:|1700084120\n|move|p2a: Blaziken|Focus Energy|p2a: Blaziken\n|-start|p2a: Blaziken|move: Focus Energy\n|move|p1a: Volcarona|Fiery Dance|p2a: Blaziken\n|-resisted|p2a: Blaziken\n|-damage|p2a: Blaziken|0 fnt\n|-boost|p1a: Volcarona|spa|1\n|faint|p2a: Blaziken\n|\n|upkeep\n|\n|t:|1700084130\n|switch|p2a: Gardevoir|Gardevoir, M, shiny|100\/100\n|-ability|p2a: Gardevoir|Flame Body|[from] ability: Trace|[of] p1a: Volcarona\n|turn|22\n|\n|t:|1700084137\n|detailschange|p2a: Gardevoir|Gardevoir-Mega, M, shiny\n|-mega|p2a: Gardevoir|Gardevoir|Gardevoirite\n|move|p2a: Gardevoir|Psyshock|p1a: Volcarona\n|-damage|p1a: Volcarona|47\/100\n|move|p1a: Volcarona|Quiver Dance|p1a: Volcarona\n|-boost|p1a: Volcarona|spa|1\n|-boost|p1a: Volcarona|spd|1\n|-boost|p1a: Volcarona|spe|1\n|\n|upkeep\n|turn|23\n|\n|t:|1700084142\n|move|p1a: Volcarona|Bug Buzz|p2a: Gardevoir\n|-damage|p2a: Gardevoir|16\/100\n|move|p2a: Gardevoir|Psyshock|p1a: Volcarona\n|-damage|p1a: Volcarona|0 fnt\n|faint|p1a: Volcarona\n|\n|upkeep\n|\n|t:|1700084145\n|switch|p1a: Krookodile|Krookodile, M|100\/100\n|turn|24\n|\n|t:|1700084150\n|move|p2a: Gardevoir|Hyper Voice|p1a: Krookodile\n|-supereffective|p1a: Krookodile\n|-damage|p1a: Krookodile|0 fnt\n|faint|p1a: Krookodile\n|\n|upkeep\n|\n|t:|1700084152\n|switch|p1a: Venusaur|Venusaur, M, shiny|100\/100\n|turn|25\n|\n|t:|1700084154\n|detailschange|p1a: Venusaur|Venusaur-Mega, M, shiny\n|-mega|p1a: Venusaur|Venusaur|Venusaurite\n|move|p2a: Gardevoir|Psyshock|p1a: Venusaur\n|-supereffective|p1a: Venusaur\n|-damage|p1a: Venusaur|18\/100\n|move|p1a: Venusaur|Giga Drain|p2a: Gardevoir\n|-damage|p2a: Gardevoir|0 fnt\n|-heal|p1a: Venusaur|25\/100|[from] drain|[of] p2a: Gardevoir\n|faint|p2a: Gardevoir\n|\n|upkeep\n|\n|t:|1700084157\n|switch|p2a: Linoone|Linoone, F|100\/100\n|turn|26\n|\n|t:|1700084160\n|move|p2a: Linoone|Extreme Speed|p1a: Venusaur\n|-damage|p1a: Venusaur|1\/100\n|move|p1a: Venusaur|Giga Drain|p2a: Linoone\n|-damage|p2a: Linoone|39\/100\n|-heal|p1a: Venusaur|30\/100|[from] drain|[of] p2a: Linoone\n|-enditem|p2a: Linoone|Salac Berry|[eat]\n|-boost|p2a: Linoone|spe|1|[from] item: Salac Berry\n|\n|upkeep\n|turn|27\n|\n|t:|1700084170\n|move|p2a: Linoone|Extreme Speed|p1a: Venusaur\n|-damage|p1a: Venusaur|5\/100\n|move|p1a: Venusaur|Giga Drain|p2a: Linoone\n|-damage|p2a: Linoone|0 fnt\n|-heal|p1a: Venusaur|23\/100|[from] drain|[of] p2a: Linoone\n|faint|p2a: Linoone\n|\n|upkeep\n|\n|t:|1700084175\n|switch|p2a: Whiscash|Whiscash, M|47\/100\n|turn|28\n|\n|t:|1700084176\n|move|p1a: Venusaur|Giga Drain|p2a: Whiscash\n|-supereffective|p2a: Whiscash\n|-damage|p2a: Whiscash|0 fnt\n|-heal|p1a: Venusaur|55\/100|[from] drain|[of] p2a: Whiscash\n|faint|p2a: Whiscash\n|\n|win|hackilla15\n|raw|hackilla15's rating: 1173 &rarr; <strong>1196<\/strong><br \/>(+23 for winning)\n|raw|Akirot's rating: 1149 &rarr; <strong>1126<\/strong><br \/>(-23 for losing)\n|l|\u2606Akirot\n","uploadtime":1700084186,"views":15,"p1id":"hackilla15","p2id":"akirot","formatid":"gen9nationaldex","rating":1126,"private":0,"password":""}