{"id":"gen9nationaldex-1996703838","p1":"GAGA233","p2":"pmsplover","format":"[Gen 9] National Dex","log":"|html|<div class=\"broadcast-blue\"><strong>[Gen 9] National Dex is currently suspecting Sneasler! For information on how to participate check out the <a href=\"https:\/\/www.smogon.com\/forums\/threads\/sv-national-dex-suspect-8-just-dance.3731534\/\">suspect thread<\/a>.<\/strong><\/div>\n|j|\u2606GAGA233\n|j|\u2606pmsplover\n|t:|1700711950\n|gametype|singles\n|player|p1|GAGA233|101|1638\n|player|p2|pmsplover|gloria|1761\n|teamsize|p1|6\n|teamsize|p2|6\n|gen|9\n|tier|[Gen 9] National Dex\n|rated|\n|rule|HP Percentage Mod: HP is shown in percentages\n|rule|Endless Battle Clause: Forcing endless battles is banned\n|rule|OHKO Clause: OHKO moves are banned\n|rule|Evasion Clause: Evasion abilities, items, and moves are banned\n|rule|Evasion Abilities Clause: Evasion abilities are banned\n|rule|Evasion Items Clause: Evasion items are banned\n|rule|Evasion Moves Clause: Evasion moves are banned\n|rule|Species Clause: Limit one of each Pok\u00e9mon\n|rule|Sleep Clause Mod: Limit one foe put to sleep\n|clearpoke\n|poke|p1|Ogerpon, F|\n|poke|p1|Corviknight, M|\n|poke|p1|Clodsire, M|\n|poke|p1|Tyranitar, M|\n|poke|p1|Tapu Fini|\n|poke|p1|Banette, M|\n|poke|p2|Araquanid, F|\n|poke|p2|Great Tusk|\n|poke|p2|Greninja-*, M|\n|poke|p2|Heatran, F|\n|poke|p2|Garchomp, M|\n|poke|p2|Pinsir, M|\n|teampreview\n|inactive|Battle timer is ON: inactive players will automatically lose when time's up. (requested by GAGA233)\n|\n|t:|1700711962\n|start\n|switch|p1a: Clodsire|Clodsire, M|100\/100\n|switch|p2a: Araquanid|Araquanid, F|100\/100\n|turn|1\n|\n|t:|1700711978\n|move|p2a: Araquanid|Liquidation|p1a: Clodsire\n|-immune|p1a: Clodsire|[from] ability: Water Absorb\n|move|p1a: Clodsire|Stealth Rock|p2a: Araquanid\n|-sidestart|p2: pmsplover|move: Stealth Rock\n|\n|upkeep\n|turn|2\n|\n|t:|1700711980\n|move|p2a: Araquanid|Sticky Web|p1a: Clodsire\n|-sidestart|p1: GAGA233|move: Sticky Web\n|move|p1a: Clodsire|Toxic|p2a: Araquanid\n|-status|p2a: Araquanid|tox\n|\n|-damage|p2a: Araquanid|94\/100 tox|[from] psn\n|upkeep\n|turn|3\n|\n|t:|1700711987\n|switch|p2a: Heatran|Heatran, F|100\/100\n|-damage|p2a: Heatran|88\/100|[from] Stealth Rock\n|-item|p2a: Heatran|Air Balloon\n|move|p1a: Clodsire|Toxic|p2a: Heatran\n|-immune|p2a: Heatran\n|\n|upkeep\n|turn|4\n|\n|t:|1700711992\n|switch|p1a: Tyranitar|Tyranitar, M|100\/100\n|-activate|p1a: Tyranitar|move: Sticky Web\n|-unboost|p1a: Tyranitar|spe|1\n|-weather|Sandstorm|[from] ability: Sand Stream|[of] p1a: Tyranitar\n|move|p2a: Heatran|Stealth Rock|p1a: Tyranitar\n|-sidestart|p1: GAGA233|move: Stealth Rock\n|\n|-weather|Sandstorm|[upkeep]\n|upkeep\n|turn|5\n|\n|t:|1700711999\n|-activate|p2a: Heatran|move: Pursuit\n|move|p1a: Tyranitar|Pursuit|p2a: Heatran|[from]Pursuit\n|-damage|p2a: Heatran|58\/100\n|-enditem|p2a: Heatran|Air Balloon\n|switch|p2a: Great Tusk|Great Tusk|100\/100\n|-damage|p2a: Great Tusk|97\/100|[from] Stealth Rock\n|-enditem|p2a: Great Tusk|Booster Energy\n|-activate|p2a: Great Tusk|ability: Protosynthesis|[fromitem]\n|-start|p2a: Great Tusk|protosynthesisspe\n|\n|-weather|Sandstorm|[upkeep]\n|upkeep\n|turn|6\n|\n|t:|1700712005\n|move|p2a: Great Tusk|Rapid Spin|p1a: Tyranitar\n|-resisted|p1a: Tyranitar\n|-damage|p1a: Tyranitar|93\/100\n|-boost|p2a: Great Tusk|spe|1\n|-sideend|p2: pmsplover|Stealth Rock|[from] move: Rapid Spin|[of] p2a: Great Tusk\n|move|p1a: Tyranitar|Ice Beam|p2a: Great Tusk\n|-supereffective|p2a: Great Tusk\n|-damage|p2a: Great Tusk|37\/100\n|\n|-weather|Sandstorm|[upkeep]\n|upkeep\n|turn|7\n|\n|t:|1700712008\n|switch|p1a: Banette|Banette, M|100\/100\n|-activate|p1a: Banette|move: Sticky Web\n|-unboost|p1a: Banette|spe|1\n|-damage|p1a: Banette|88\/100|[from] Stealth Rock\n|move|p2a: Great Tusk|Headlong Rush|p1a: Banette\n|-damage|p1a: Banette|0 fnt\n|-unboost|p2a: Great Tusk|def|1\n|-unboost|p2a: Great Tusk|spd|1\n|faint|p1a: Banette\n|\n|-weather|Sandstorm|[upkeep]\n|upkeep\n|\n|t:|1700712021\n|switch|p1a: Tapu Fini|Tapu Fini|100\/100\n|-activate|p1a: Tapu Fini|move: Sticky Web\n|-unboost|p1a: Tapu Fini|spe|1\n|-damage|p1a: Tapu Fini|88\/100|[from] Stealth Rock\n|-fieldstart|move: Misty Terrain|[from] ability: Misty Surge|[of] p1a: Tapu Fini\n|turn|8\n|\n|t:|1700712035\n|-end|p2a: Great Tusk|Protosynthesis|[silent]\n|switch|p2a: Heatran|Heatran, F|58\/100\n|move|p1a: Tapu Fini|Defog|p2a: Heatran\n|-unboost|p2a: Heatran|evasion|1\n|-sideend|p1: GAGA233|Stealth Rock|[from] move: Defog|[of] p1a: Tapu Fini\n|-sideend|p1: GAGA233|Sticky Web|[from] move: Defog|[of] p1a: Tapu Fini\n|-fieldend|Misty Terrain\n|\n|-weather|none\n|-heal|p1a: Tapu Fini|94\/100|[from] item: Leftovers\n|upkeep\n|turn|9\n|\n|t:|1700712045\n|switch|p1a: Tyranitar|Tyranitar, M|93\/100\n|-weather|Sandstorm|[from] ability: Sand Stream|[of] p1a: Tyranitar\n|move|p2a: Heatran|Flash Cannon|p1a: Tyranitar\n|-supereffective|p1a: Tyranitar\n|-damage|p1a: Tyranitar|59\/100\n|\n|-weather|Sandstorm|[upkeep]\n|upkeep\n|turn|10\n|\n|t:|1700712055\n|move|p1a: Tyranitar|Earthquake|p2a: Heatran\n|-supereffective|p2a: Heatran\n|-damage|p2a: Heatran|0 fnt\n|faint|p2a: Heatran\n|\n|-weather|Sandstorm|[upkeep]\n|upkeep\n|\n|t:|1700712074\n|switch|p2a: Garchomp|Garchomp, M|100\/100\n|turn|11\n|\n|t:|1700712083\n|switch|p1a: Tapu Fini|Tapu Fini|94\/100\n|-fieldstart|move: Misty Terrain|[from] ability: Misty Surge|[of] p1a: Tapu Fini\n|move|p2a: Garchomp|Earthquake|p1a: Tapu Fini\n|-damage|p1a: Tapu Fini|62\/100\n|\n|-weather|Sandstorm|[upkeep]\n|-damage|p1a: Tapu Fini|56\/100|[from] Sandstorm\n|-heal|p1a: Tapu Fini|62\/100|[from] item: Leftovers\n|upkeep\n|turn|12\n|\n|t:|1700712090\n|switch|p2a: Araquanid|Araquanid, F|94\/100 tox\n|move|p1a: Tapu Fini|Draining Kiss|p2a: Araquanid\n|-damage|p2a: Araquanid|80\/100 tox\n|-heal|p1a: Tapu Fini|73\/100|[from] drain|[of] p2a: Araquanid\n|\n|-weather|Sandstorm|[upkeep]\n|-damage|p1a: Tapu Fini|66\/100|[from] Sandstorm\n|-damage|p2a: Araquanid|74\/100 tox|[from] Sandstorm\n|-heal|p1a: Tapu Fini|73\/100|[from] item: Leftovers\n|-damage|p2a: Araquanid|67\/100 tox|[from] psn\n|upkeep\n|turn|13\n|\n|t:|1700712095\n|move|p1a: Tapu Fini|Taunt|p2a: Araquanid\n|-start|p2a: Araquanid|move: Taunt\n|cant|p2a: Araquanid|move: Taunt|Sticky Web\n|\n|-weather|none\n|-heal|p1a: Tapu Fini|79\/100|[from] item: Leftovers\n|-damage|p2a: Araquanid|55\/100 tox|[from] psn\n|upkeep\n|turn|14\n|\n|t:|1700712104\n|move|p1a: Tapu Fini|Calm Mind|p1a: Tapu Fini\n|-boost|p1a: Tapu Fini|spa|1\n|-boost|p1a: Tapu Fini|spd|1\n|-zpower|p2a: Araquanid\n|move|p2a: Araquanid|Hydro Vortex|p1a: Tapu Fini|[zeffect]\n|-resisted|p1a: Tapu Fini\n|-damage|p1a: Tapu Fini|46\/100\n|\n|-heal|p1a: Tapu Fini|52\/100|[from] item: Leftovers\n|-damage|p2a: Araquanid|36\/100 tox|[from] psn\n|upkeep\n|turn|15\n|\n|t:|1700712112\n|move|p1a: Tapu Fini|Draining Kiss|p2a: Araquanid\n|-damage|p2a: Araquanid|18\/100 tox\n|-heal|p1a: Tapu Fini|65\/100|[from] drain|[of] p2a: Araquanid\n|move|p2a: Araquanid|Liquidation|p1a: Tapu Fini\n|-resisted|p1a: Tapu Fini\n|-damage|p1a: Tapu Fini|45\/100\n|\n|-heal|p1a: Tapu Fini|51\/100|[from] item: Leftovers\n|-damage|p2a: Araquanid|0 fnt|[from] psn\n|faint|p2a: Araquanid\n|-fieldend|Misty Terrain\n|upkeep\n|\n|t:|1700712115\n|switch|p2a: Greninja|Greninja, M|100\/100\n|turn|16\n|\n|t:|1700712119\n|move|p2a: Greninja|Gunk Shot|p1a: Tapu Fini\n|-supereffective|p1a: Tapu Fini\n|-damage|p1a: Tapu Fini|7\/100\n|-damage|p2a: Greninja|91\/100|[from] item: Life Orb\n|move|p1a: Tapu Fini|Draining Kiss|p2a: Greninja\n|-supereffective|p2a: Greninja\n|-damage|p2a: Greninja|8\/100\n|-heal|p1a: Tapu Fini|58\/100|[from] drain|[of] p2a: Greninja\n|\n|-heal|p1a: Tapu Fini|64\/100|[from] item: Leftovers\n|upkeep\n|turn|17\n|\n|t:|1700712124\n|move|p2a: Greninja|Gunk Shot|p1a: Tapu Fini\n|-supereffective|p1a: Tapu Fini\n|-damage|p1a: Tapu Fini|20\/100\n|-damage|p2a: Greninja|0 fnt|[from] item: Life Orb\n|faint|p2a: Greninja\n|move|p1a: Tapu Fini|Draining Kiss|p2: Greninja|[notarget]\n|-fail|p1a: Tapu Fini\n|\n|-heal|p1a: Tapu Fini|26\/100|[from] item: Leftovers\n|upkeep\n|-message|pmsplover forfeited.\n|\n|win|GAGA233\n|raw|GAGA233's rating: 1638 &rarr; <strong>1665<\/strong><br \/>(+27 for winning)\n|raw|pmsplover's rating: 1761 &rarr; <strong>1734<\/strong><br \/>(-27 for losing)\n|l|\u2606pmsplover\n","uploadtime":1700712128,"views":16,"p1id":"gaga233","p2id":"pmsplover","formatid":"gen9nationaldex","rating":1665,"private":0,"password":""}