{"id":"gen9nationaldex-1998514027","p1":"Void280","p2":"PeppsiAsiEs","format":"[Gen 9] National Dex","log":"|html|<div class=\"broadcast-blue\"><strong>[Gen 9] National Dex is currently suspecting Sneasler! For information on how to participate check out the <a href=\"https:\/\/www.smogon.com\/forums\/threads\/sv-national-dex-suspect-8-just-dance.3731534\/\">suspect thread<\/a>.<\/strong><\/div>\n|j|\u2606Void280\n|j|\u2606PeppsiAsiEs\n|t:|1700950939\n|gametype|singles\n|player|p1|Void280|hilbert|\n|player|p2|PeppsiAsiEs|poppy|\n|teamsize|p1|6\n|teamsize|p2|6\n|gen|9\n|tier|[Gen 9] National Dex\n|rule|HP Percentage Mod: HP is shown in percentages\n|rule|Endless Battle Clause: Forcing endless battles is banned\n|rule|OHKO Clause: OHKO moves are banned\n|rule|Evasion Clause: Evasion abilities, items, and moves are banned\n|rule|Evasion Abilities Clause: Evasion abilities are banned\n|rule|Evasion Items Clause: Evasion items are banned\n|rule|Evasion Moves Clause: Evasion moves are banned\n|rule|Species Clause: Limit one of each Pok\u00e9mon\n|rule|Sleep Clause Mod: Limit one foe put to sleep\n|clearpoke\n|poke|p1|Landorus-Therian, M|\n|poke|p1|Ogerpon-Wellspring, F|\n|poke|p1|Lopunny, M|\n|poke|p1|Hydreigon, M|\n|poke|p1|Togekiss, F|\n|poke|p1|Goodra-Hisui, F|\n|poke|p2|Skarmory, F|\n|poke|p2|Jirachi|\n|poke|p2|Celesteela|\n|poke|p2|Bisharp, F|\n|poke|p2|Aegislash, M|\n|poke|p2|Heatran, F|\n|teampreview\n|j| Sylveon(404)\n|c|\u2606PeppsiAsiEs|quieres romperte o doblarte\n|c| Sylveon(404)|maxi gana\n|c|\u2606Void280|Otra vez no...\n|c| Sylveon(404)|XDDDDD\n|c|\u2606PeppsiAsiEs|Cu\u00e1ntas veces te eh vuelto a ver? es la tercera vez?\n|c|\u2606PeppsiAsiEs|Ah no, era la segunda\n|c|\u2606Void280|Segunda\n|c| Sylveon(404)|otia\n|c|\u2606PeppsiAsiEs|Bueno pues proceder\u00e9 a que hagas la tercera\n|c|\u2606Void280|Adelante pues\n|c|\u2606PeppsiAsiEs|Amiguitos de Pepito! \u00a1Salid a Jugar!\n|c|\u2606Void280|Si no tengo esperanzas de pasar este intento xd\n|\n|t:|1700951020\n|start\n|switch|p1a: Bless|Togekiss, F|100\/100\n|switch|p2a: Celesteela|Celesteela|100\/100\n|turn|1\n|\n|t:|1700951027\n|switch|p2a: Heatran|Heatran, F|100\/100\n|-item|p2a: Heatran|Air Balloon\n|move|p1a: Bless|Flamethrower|p2a: Heatran\n|-start|p2a: Heatran|ability: Flash Fire\n|\n|upkeep\n|turn|2\n|\n|t:|1700951057\n|switch|p1a: Hydra|Hydreigon, M|100\/100\n|move|p2a: Heatran|Magma Storm|p1a: Hydra\n|-resisted|p1a: Hydra\n|-damage|p1a: Hydra|62\/100\n|-activate|p1a: Hydra|move: Magma Storm|[of] p2a: Heatran\n|\n|-damage|p1a: Hydra|50\/100|[from] move: Magma Storm|[partiallytrapped]\n|upkeep\n|turn|3\n|\n|t:|1700951077\n|move|p1a: Hydra|Dark Pulse|p2a: Heatran\n|-damage|p2a: Heatran|64\/100\n|-enditem|p2a: Heatran|Air Balloon\n|move|p2a: Heatran|Magma Storm|p1a: Hydra\n|-resisted|p1a: Hydra\n|-damage|p1a: Hydra|13\/100\n|\n|-damage|p1a: Hydra|1\/100|[from] move: Magma Storm|[partiallytrapped]\n|upkeep\n|turn|4\n|c| Sylveon(404)|maxi vo podes\n|\n|t:|1700951091\n|-end|p2a: Heatran|ability: Flash Fire|[silent]\n|switch|p2a: Skarmory|Skarmory, F|100\/100\n|move|p1a: Hydra|Dark Pulse|p2a: Skarmory\n|-damage|p2a: Skarmory|1\/100\n|\n|-end|p1a: Hydra|Magma Storm|[partiallytrapped]|[silent]\n|upkeep\n|turn|5\n|c| Sylveon(404)|PFFFFFFF\n|c|\u2606PeppsiAsiEs|risas\n|-enditem|p2a: Skarmory|Custap Berry|[eat]\n|-activate|p2a: Skarmory|item: Custap Berry|[consumed]\n|\n|t:|1700951099\n|move|p2a: Skarmory|Brave Bird|p1a: Hydra\n|-damage|p1a: Hydra|0 fnt\n|faint|p1a: Hydra\n|-damage|p2a: Skarmory|0 fnt|[from] Recoil\n|faint|p2a: Skarmory\n|\n|upkeep\n|c| Sylveon(404)|no se activo sturdy\n|c|\u2606PeppsiAsiEs|y ese mold breaker del culo de donde se lo saco\n|\n|t:|1700951122\n|switch|p1a: Ansel|Lopunny, M, shiny|100\/100\n|switch|p2a: Jirachi|Jirachi, shiny|100\/100\n|turn|6\n|c|\u2606Void280|Oh hello no.\n|c| Sylveon(404)|XDDDDDD\n|\n|t:|1700951133\n|detailschange|p1a: Ansel|Lopunny-Mega, M, shiny\n|-mega|p1a: Ansel|Lopunny|Lopunnite\n|move|p1a: Ansel|Fake Out|p2a: Jirachi\n|-resisted|p2a: Jirachi\n|-crit|p2a: Jirachi\n|-damage|p2a: Jirachi|85\/100\n|cant|p2a: Jirachi|flinch\n|\n|upkeep\n|turn|7\n|c| Sylveon(404)|ya se vienen las haxeadas\n|\n|t:|1700951148\n|switch|p1a: Bless|Togekiss, F|100\/100\n|-zpower|p2a: Jirachi\n|move|p2a: Jirachi|Z-Happy Hour|p2a: Jirachi|[anim]Happy Hour\n|-boost|p2a: Jirachi|atk|1|[zeffect]\n|-boost|p2a: Jirachi|def|1|[zeffect]\n|-boost|p2a: Jirachi|spa|1|[zeffect]\n|-boost|p2a: Jirachi|spd|1|[zeffect]\n|-boost|p2a: Jirachi|spe|1|[zeffect]\n|\n|upkeep\n|turn|8\n|\n|t:|1700951159\n|-terastallize|p1a: Bless|Ground\n|move|p2a: Jirachi|Thunderbolt|p1a: Bless\n|-immune|p1a: Bless\n|move|p1a: Bless|Flamethrower|p2a: Jirachi\n|-supereffective|p2a: Jirachi\n|-damage|p2a: Jirachi|37\/100\n|\n|upkeep\n|turn|9\n|c| Sylveon(404)|pues creo q gg\n|\n|t:|1700951172\n|move|p2a: Jirachi|Psychic|p1a: Bless\n|-damage|p1a: Bless|43\/100\n|move|p1a: Bless|Air Slash|p2a: Jirachi\n|-resisted|p2a: Jirachi\n|-crit|p2a: Jirachi\n|-damage|p2a: Jirachi|6\/100\n|\n|-heal|p1a: Bless|49\/100|[from] item: Leftovers\n|upkeep\n|turn|10\n|c| Sylveon(404)|ojoooooooooooooooooooooooooo\n|c| Sylveon(404)|MAXI QUE AHCES\n|c|\u2606PeppsiAsiEs|critico\n|c|\u2606PeppsiAsiEs|wa\n|c|\u2606Void280|Por si cambiaba\n|\n|t:|1700951192\n|move|p2a: Jirachi|Psychic|p1a: Bless\n|-damage|p1a: Bless|0 fnt\n|faint|p1a: Bless\n|\n|upkeep\n|c| Sylveon(404)|tio\n|\n|t:|1700951198\n|switch|p1a: Ansel|Lopunny-Mega, M, shiny|100\/100\n|turn|11\n|c| Sylveon(404)|pensa en matar\n|\n|t:|1700951204\n|move|p1a: Ansel|Fake Out|p2a: Jirachi\n|-resisted|p2a: Jirachi\n|-damage|p2a: Jirachi|0 fnt\n|faint|p2a: Jirachi\n|\n|upkeep\n|c| Sylveon(404)|no es las predics\n|c|\u2606Void280|Callate\n|c| Sylveon(404)|*en las\n|c| Sylveon(404)|bueno me callo xd\n|\n|t:|1700951216\n|switch|p2a: Heatran|Heatran, F|64\/100\n|turn|12\n|\n|t:|1700951221\n|move|p1a: Ansel|Close Combat|p2a: Heatran\n|-supereffective|p2a: Heatran\n|-damage|p2a: Heatran|0 fnt\n|-unboost|p1a: Ansel|def|1\n|-unboost|p1a: Ansel|spd|1\n|faint|p2a: Heatran\n|\n|upkeep\n|\n|t:|1700951225\n|switch|p2a: Aegislash|Aegislash, M|100\/100\n|turn|13\n|\n|t:|1700951230\n|switch|p1a: El Paria|Landorus-Therian, M|100\/100\n|-ability|p1a: El Paria|Intimidate|boost\n|-unboost|p2a: Aegislash|atk|1\n|-formechange|p2a: Aegislash|Aegislash-Blade||[from] ability: Stance Change\n|move|p2a: Aegislash|Close Combat|p1a: El Paria\n|-resisted|p1a: El Paria\n|-damage|p1a: El Paria|82\/100\n|-unboost|p2a: Aegislash|def|1\n|-unboost|p2a: Aegislash|spd|1\n|\n|upkeep\n|turn|14\n|c|\u2606PeppsiAsiEs|ya pues\n|\n|t:|1700951240\n|switch|p2a: Celesteela|Celesteela|100\/100\n|move|p1a: El Paria|Knock Off|p2a: Celesteela\n|-damage|p2a: Celesteela|54\/100\n|-enditem|p2a: Celesteela|Power Herb|[from] move: Knock Off|[of] p1a: El Paria\n|-damage|p1a: El Paria|72\/100|[from] item: Life Orb\n|\n|upkeep\n|turn|15\n|c|\u2606PeppsiAsiEs|que\n|\n|t:|1700951249\n|move|p1a: El Paria|Taunt|p2a: Celesteela\n|-start|p2a: Celesteela|move: Taunt\n|move|p2a: Celesteela|Giga Drain|p1a: El Paria\n|-damage|p1a: El Paria|41\/100\n|-heal|p2a: Celesteela|69\/100|[from] drain|[of] p1a: El Paria\n|\n|upkeep\n|turn|16\n|c| Sylveon(404)|ojooo\n|c| Sylveon(404)|remontada\n|\n|t:|1700951258\n|switch|p1a: Ansel|Lopunny-Mega, M, shiny|100\/100\n|move|p2a: Celesteela|Giga Drain|p1a: Ansel\n|-damage|p1a: Ansel|72\/100\n|-heal|p2a: Celesteela|80\/100|[from] drain|[of] p1a: Ansel\n|\n|upkeep\n|turn|17\n|c| Sylveon(404)|vo podes maxi\n|\n|t:|1700951265\n|move|p1a: Ansel|Thunder Punch|p2a: Celesteela\n|-supereffective|p2a: Celesteela\n|-damage|p2a: Celesteela|29\/100\n|-status|p2a: Celesteela|par\n|move|p2a: Celesteela|Giga Drain|p1a: Ansel\n|-damage|p1a: Ansel|43\/100\n|-heal|p2a: Celesteela|41\/100 par|[from] drain|[of] p1a: Ansel\n|\n|-end|p2a: Celesteela|move: Taunt\n|upkeep\n|turn|18\n|\n|t:|1700951277\n|-terastallize|p2a: Celesteela|Steel\n|move|p1a: Ansel|Thunder Punch|p2a: Celesteela\n|-damage|p2a: Celesteela|16\/100 par\n|move|p2a: Celesteela|Giga Drain|p1a: Ansel\n|-damage|p1a: Ansel|10\/100\n|-heal|p2a: Celesteela|29\/100 par|[from] drain|[of] p1a: Ansel\n|\n|upkeep\n|turn|19\n|c| Sylveon(404)|esooo maxi\n|\n|t:|1700951283\n|move|p1a: Ansel|Close Combat|p2a: Celesteela\n|-supereffective|p2a: Celesteela\n|-damage|p2a: Celesteela|0 fnt\n|-unboost|p1a: Ansel|def|1\n|-unboost|p1a: Ansel|spd|1\n|faint|p2a: Celesteela\n|\n|upkeep\n|\n|t:|1700951289\n|switch|p2a: Aegislash|Aegislash, M|100\/100\n|turn|20\n|\n|t:|1700951295\n|-formechange|p2a: Aegislash|Aegislash-Blade||[from] ability: Stance Change\n|move|p2a: Aegislash|Shadow Sneak|p1a: Ansel\n|-immune|p1a: Ansel\n|move|p1a: Ansel|Close Combat|p2a: Aegislash\n|-supereffective|p2a: Aegislash\n|-damage|p2a: Aegislash|0 fnt\n|-unboost|p1a: Ansel|def|1\n|-unboost|p1a: Ansel|spd|1\n|faint|p2a: Aegislash\n|\n|upkeep\n|c|\u2606PeppsiAsiEs|a\n|c|\u2606PeppsiAsiEs|risas\n|c|\u2606PeppsiAsiEs|risas\n|\n|t:|1700951306\n|switch|p2a: Bisharp|Bisharp, F|100\/100\n|turn|21\n|\n|t:|1700951309\n|switch|p1a: Sui|Goodra-Hisui, F|100\/100\n|move|p2a: Bisharp|Sucker Punch||[still]\n|-fail|p2a: Bisharp\n|\n|upkeep\n|turn|22\n|\n|t:|1700951314\n|move|p2a: Bisharp|Swords Dance|p2a: Bisharp\n|-boost|p2a: Bisharp|atk|2\n|move|p1a: Sui|Body Press|p2a: Bisharp\n|-supereffective|p2a: Bisharp\n|-damage|p2a: Bisharp|10\/100\n|\n|upkeep\n|turn|23\n|c| Sylveon(404)|risas\n|c|\u2606PeppsiAsiEs|que pendejo\n|\n|t:|1700951320\n|move|p2a: Bisharp|Knock Off|p1a: Sui\n|-damage|p1a: Sui|0 fnt\n|-ability|p1a: Sui|Gooey\n|-unboost|p2a: Bisharp|spe|1\n|-ability|p2a: Bisharp|Defiant|boost\n|-boost|p2a: Bisharp|atk|2\n|-enditem|p1a: Sui|Assault Vest|[from] move: Knock Off|[of] p2a: Bisharp\n|faint|p1a: Sui\n|\n|upkeep\n|\n|t:|1700951332\n|switch|p1a: El Paria|Landorus-Therian, M|41\/100\n|-ability|p1a: El Paria|Intimidate|boost\n|-unboost|p2a: Bisharp|atk|1\n|-ability|p2a: Bisharp|Defiant|boost\n|-boost|p2a: Bisharp|atk|2\n|turn|24\n|c| Sylveon(404)|XD\n|\n|t:|1700951337\n|move|p2a: Bisharp|Sucker Punch|p1a: El Paria\n|-damage|p1a: El Paria|0 fnt\n|faint|p1a: El Paria\n|\n|upkeep\n|c|\u2606Void280|nish\n|\n|t:|1700951341\n|switch|p1a: Yuna|Ogerpon-Wellspring, F|100\/100\n|turn|25\n|c| Sylveon(404)|por q shadow sneak XD?\n|\n|t:|1700951349\n|move|p1a: Yuna|Spiky Shield|p1a: Yuna\n|-singleturn|p1a: Yuna|move: Protect\n|move|p2a: Bisharp|Sucker Punch||[still]\n|-fail|p2a: Bisharp\n|\n|upkeep\n|turn|26\n|c|\u2606PeppsiAsiEs|no lo hagas mas epico maxi\n|c| Sylveon(404)|bishard carry\n|c| Sylveon(404)|confia en el ajedrez\n|\n|t:|1700951366\n|move|p1a: Yuna|Spiky Shield||[still]\n|-fail|p1a: Yuna\n|move|p2a: Bisharp|Sucker Punch||[still]\n|-fail|p2a: Bisharp\n|\n|upkeep\n|turn|27\n|\n|t:|1700951373\n|move|p2a: Bisharp|Sucker Punch|p1a: Yuna\n|-damage|p1a: Yuna|0 fnt\n|faint|p1a: Yuna\n|\n|upkeep\n|\n|t:|1700951376\n|switch|p1a: Ansel|Lopunny-Mega, M, shiny|10\/100\n|turn|28\n|c| Sylveon(404)|gg\n|c|\u2606Void280|No me se las prioridades la neta\n|\n|t:|1700951383\n|move|p1a: Ansel|Fake Out|p2a: Bisharp\n|-resisted|p2a: Bisharp\n|-damage|p2a: Bisharp|0 fnt\n|faint|p2a: Bisharp\n|\n|win|Void280\n|c| Sylveon(404)|muy peliado\n|c|\u2606Void280|gg\n|c|\u2606PeppsiAsiEs|wa\n|c|\u2606PeppsiAsiEs|pinche coneja\n","uploadtime":1700951392,"views":3,"p1id":"void280","p2id":"peppsiasies","formatid":"gen9nationaldex","rating":0,"private":0,"password":""}