{"id":"gen9nationaldex-1995220676","p1":"batmanga","p2":"lefloseug","format":"[Gen 9] National Dex","log":"|html|<div class=\"broadcast-blue\"><strong>[Gen 9] National Dex is currently suspecting Sneasler! For information on how to participate check out the <a href=\"https:\/\/www.smogon.com\/forums\/threads\/sv-national-dex-suspect-8-just-dance.3731534\/\">suspect thread<\/a>.<\/strong><\/div>\n|j|\u2606batmanga\n|j|\u2606lefloseug\n|t:|1700536249\n|gametype|singles\n|player|p1|batmanga|riley|1528\n|player|p2|lefloseug|grimsley|1504\n|teamsize|p1|6\n|teamsize|p2|6\n|gen|9\n|tier|[Gen 9] National Dex\n|rated|\n|rule|HP Percentage Mod: HP is shown in percentages\n|rule|Endless Battle Clause: Forcing endless battles is banned\n|rule|OHKO Clause: OHKO moves are banned\n|rule|Evasion Clause: Evasion abilities, items, and moves are banned\n|rule|Evasion Abilities Clause: Evasion abilities are banned\n|rule|Evasion Items Clause: Evasion items are banned\n|rule|Evasion Moves Clause: Evasion moves are banned\n|rule|Species Clause: Limit one of each Pok\u00e9mon\n|rule|Sleep Clause Mod: Limit one foe put to sleep\n|clearpoke\n|poke|p1|Arctozolt|\n|poke|p1|Ninetales-Alola, M|\n|poke|p1|Slowking, M|\n|poke|p1|Zamazenta-*|\n|poke|p1|Raticate, M|\n|poke|p1|Skeledirge, F|\n|poke|p2|Kartana|\n|poke|p2|Iron Valiant|\n|poke|p2|Samurott-Hisui, M|\n|poke|p2|Kommo-o, M|\n|poke|p2|Urshifu-*, M|\n|poke|p2|Diancie|\n|teampreview\n|\n|t:|1700536259\n|start\n|switch|p1a: Zamazenta|Zamazenta|100\/100\n|switch|p2a: Diancie|Diancie, shiny|100\/100\n|-ability|p1a: Zamazenta|Dauntless Shield|boost\n|-boost|p1a: Zamazenta|def|1\n|turn|1\n|\n|t:|1700536265\n|switch|p2a: Samurott|Samurott-Hisui, M|100\/100\n|move|p1a: Zamazenta|Heavy Slam|p2a: Samurott\n|-resisted|p2a: Samurott\n|-damage|p2a: Samurott|77\/100\n|\n|upkeep\n|turn|2\n|\n|t:|1700536274\n|switch|p1a: Ninetales|Ninetales-Alola, M|100\/100\n|-weather|Snow|[from] ability: Snow Warning|[of] p1a: Ninetales\n|move|p2a: Samurott|Razor Shell|p1a: Ninetales\n|-damage|p1a: Ninetales|57\/100\n|\n|-weather|Snow|[upkeep]\n|upkeep\n|turn|3\n|\n|t:|1700536282\n|switch|p2a: Kartana|Kartana|100\/100\n|move|p1a: Ninetales|Hypnosis|p2a: Kartana\n|-status|p2a: Kartana|slp|[from] move: Hypnosis\n|\n|-weather|Snow|[upkeep]\n|upkeep\n|turn|4\n|\n|t:|1700536285\n|cant|p2a: Kartana|slp\n|move|p1a: Ninetales|Aurora Veil|p1a: Ninetales\n|-sidestart|p1: batmanga|move: Aurora Veil\n|\n|-weather|Snow|[upkeep]\n|upkeep\n|turn|5\n|\n|t:|1700536288\n|switch|p1a: Zamazenta|Zamazenta|100\/100\n|cant|p2a: Kartana|slp\n|\n|-weather|Snow|[upkeep]\n|upkeep\n|turn|6\n|\n|t:|1700536296\n|move|p1a: Zamazenta|Close Combat|p2a: Kartana\n|-supereffective|p2a: Kartana\n|-enditem|p2a: Kartana|Focus Sash\n|-damage|p2a: Kartana|1\/100 slp\n|-unboost|p1a: Zamazenta|def|1\n|-unboost|p1a: Zamazenta|spd|1\n|cant|p2a: Kartana|slp\n|\n|-weather|Snow|[upkeep]\n|upkeep\n|turn|7\n|\n|t:|1700536304\n|move|p1a: Zamazenta|Close Combat|p2a: Kartana\n|-supereffective|p2a: Kartana\n|-damage|p2a: Kartana|0 fnt\n|-unboost|p1a: Zamazenta|def|1\n|-unboost|p1a: Zamazenta|spd|1\n|faint|p2a: Kartana\n|\n|-weather|Snow|[upkeep]\n|upkeep\n|\n|t:|1700536307\n|switch|p2a: Urshifu|Urshifu-Rapid-Strike, M|100\/100\n|turn|8\n|\n|t:|1700536326\n|switch|p1a: Slowking|Slowking, M|100\/100\n|-terastallize|p2a: Urshifu|Water\n|move|p2a: Urshifu|Surging Strikes|p1a: Slowking\n|-resisted|p1a: Slowking\n|-crit|p1a: Slowking\n|-damage|p1a: Slowking|87\/100\n|-resisted|p1a: Slowking\n|-crit|p1a: Slowking\n|-damage|p1a: Slowking|72\/100\n|-resisted|p1a: Slowking\n|-crit|p1a: Slowking\n|-damage|p1a: Slowking|57\/100\n|-hitcount|p1a: Slowking|3\n|\n|-weather|Snow|[upkeep]\n|-sideend|p1: batmanga|move: Aurora Veil\n|upkeep\n|turn|9\n|\n|t:|1700536344\n|switch|p2a: Samurott|Samurott-Hisui, M|77\/100\n|move|p1a: Slowking|Chilly Reception|p1a: Slowking\n|\n|t:|1700536349\n|switch|p1a: Raticate|Raticate, M|100\/100|[from] Chilly Reception\n|\n|-weather|none\n|-status|p1a: Raticate|brn|[from] item: Flame Orb\n|upkeep\n|turn|10\n|\n|t:|1700536356\n|move|p1a: Raticate|Facade|p2a: Samurott\n|-damage|p2a: Samurott|0 fnt\n|faint|p2a: Samurott\n|\n|-damage|p1a: Raticate|95\/100 brn|[from] brn\n|upkeep\n|\n|t:|1700536359\n|switch|p2a: Urshifu|Urshifu-Rapid-Strike, M, tera:Water|100\/100\n|turn|11\n|inactive|Battle timer is ON: inactive players will automatically lose when time's up. (requested by lefloseug)\n|\n|t:|1700536366\n|move|p2a: Urshifu|U-turn|p1a: Raticate\n|-damage|p1a: Raticate|42\/100 brn\n|\n|t:|1700536368\n|switch|p2a: Diancie|Diancie, shiny|100\/100|[from] U-turn\n|move|p1a: Raticate|Facade|p2a: Diancie\n|-resisted|p2a: Diancie\n|-crit|p2a: Diancie\n|-damage|p2a: Diancie|37\/100\n|\n|-damage|p1a: Raticate|36\/100 brn|[from] brn\n|upkeep\n|turn|12\n|\n|t:|1700536383\n|detailschange|p2a: Diancie|Diancie-Mega, shiny\n|-mega|p2a: Diancie|Diancie|Diancite\n|move|p2a: Diancie|Diamond Storm|p1a: Raticate\n|-damage|p1a: Raticate|0 fnt\n|faint|p1a: Raticate\n|\n|upkeep\n|\n|t:|1700536388\n|switch|p1a: Zamazenta|Zamazenta|100\/100\n|turn|13\n|\n|t:|1700536390\n|switch|p2a: Urshifu|Urshifu-Rapid-Strike, M, tera:Water|100\/100\n|move|p1a: Zamazenta|Close Combat|p2a: Urshifu\n|-damage|p2a: Urshifu|15\/100\n|-unboost|p1a: Zamazenta|def|1\n|-unboost|p1a: Zamazenta|spd|1\n|\n|upkeep\n|turn|14\n|\n|t:|1700536394\n|move|p2a: Urshifu|Surging Strikes|p1a: Zamazenta\n|-crit|p1a: Zamazenta\n|-damage|p1a: Zamazenta|61\/100\n|-crit|p1a: Zamazenta\n|-damage|p1a: Zamazenta|25\/100\n|-crit|p1a: Zamazenta\n|-damage|p1a: Zamazenta|0 fnt\n|faint|p1a: Zamazenta\n|-hitcount|p1: Zamazenta|3\n|\n|upkeep\n|\n|t:|1700536399\n|switch|p1a: Slowking|Slowking, M|90\/100\n|turn|15\n|\n|t:|1700536405\n|switch|p2a: Diancie|Diancie-Mega, shiny|37\/100\n|move|p1a: Slowking|Chilly Reception|p1a: Slowking\n|-weather|Snow\n|\n|t:|1700536408\n|switch|p1a: Arctozolt|Arctozolt|100\/100|[from] Chilly Reception\n|\n|-weather|Snow|[upkeep]\n|upkeep\n|turn|16\n|\n|t:|1700536416\n|move|p1a: Arctozolt|Bolt Beak|p2a: Diancie\n|-damage|p2a: Diancie|0 fnt\n|faint|p2a: Diancie\n|\n|-weather|Snow|[upkeep]\n|upkeep\n|\n|t:|1700536419\n|switch|p2a: Urshifu|Urshifu-Rapid-Strike, M, tera:Water|15\/100\n|turn|17\n|\n|t:|1700536429\n|-terastallize|p1a: Arctozolt|Electric\n|move|p2a: Urshifu|Surging Strikes|p1a: Arctozolt\n|-crit|p1a: Arctozolt\n|-damage|p1a: Arctozolt|71\/100\n|-crit|p1a: Arctozolt\n|-damage|p1a: Arctozolt|38\/100\n|-crit|p1a: Arctozolt\n|-damage|p1a: Arctozolt|6\/100\n|-hitcount|p1a: Arctozolt|3\n|move|p1a: Arctozolt|Bolt Beak|p2a: Urshifu\n|-supereffective|p2a: Urshifu\n|-damage|p2a: Urshifu|0 fnt\n|faint|p2a: Urshifu\n|\n|-weather|Snow|[upkeep]\n|upkeep\n|\n|t:|1700536437\n|switch|p2a: Kommo-o|Kommo-o, M|100\/100\n|turn|18\n|\n|t:|1700536440\n|move|p1a: Arctozolt|Blizzard|p2a: Kommo-o\n|-supereffective|p2a: Kommo-o\n|-damage|p2a: Kommo-o|13\/100\n|move|p2a: Kommo-o|Clangorous Soul||[still]\n|-fail|p2a: Kommo-o\n|\n|-weather|Snow|[upkeep]\n|upkeep\n|turn|19\n|-message|lefloseug forfeited.\n|\n|win|batmanga\n|raw|batmanga's rating: 1528 &rarr; <strong>1547<\/strong><br \/>(+19 for winning)\n|raw|lefloseug's rating: 1504 &rarr; <strong>1485<\/strong><br \/>(-19 for losing)\n|l|\u2606lefloseug\n","uploadtime":1700536458,"views":1,"p1id":"batmanga","p2id":"lefloseug","formatid":"gen9nationaldex","rating":1485,"private":0,"password":""}