{"id":"gen9nationaldex-1998329443","p1":"KDLGigatonHammers","p2":"BoltonX","format":"[Gen 9] National Dex","log":"|html|<div class=\"broadcast-blue\"><strong>[Gen 9] National Dex is currently suspecting Sneasler! For information on how to participate check out the <a href=\"https:\/\/www.smogon.com\/forums\/threads\/sv-national-dex-suspect-8-just-dance.3731534\/\">suspect thread<\/a>.<\/strong><\/div>\n|j|\u2606KDLGigatonHammers\n|j|\u2606BoltonX\n|t:|1700930133\n|gametype|singles\n|player|p1|KDLGigatonHammers|backersf|\n|player|p2|BoltonX|dragontamer|\n|teamsize|p1|6\n|teamsize|p2|6\n|gen|9\n|tier|[Gen 9] National Dex\n|rule|HP Percentage Mod: HP is shown in percentages\n|rule|Endless Battle Clause: Forcing endless battles is banned\n|rule|OHKO Clause: OHKO moves are banned\n|rule|Evasion Clause: Evasion abilities, items, and moves are banned\n|rule|Evasion Abilities Clause: Evasion abilities are banned\n|rule|Evasion Items Clause: Evasion items are banned\n|rule|Evasion Moves Clause: Evasion moves are banned\n|rule|Species Clause: Limit one of each Pok\u00e9mon\n|rule|Sleep Clause Mod: Limit one foe put to sleep\n|clearpoke\n|poke|p1|Iron Valiant|\n|poke|p1|Excadrill, M|\n|poke|p1|Rotom-Wash|\n|poke|p1|Slowking-Galar, F|\n|poke|p1|Cyclizar, M|\n|poke|p1|Cinderace, M|\n|poke|p2|Goodra-Hisui, M|\n|poke|p2|Togekiss, M|\n|poke|p2|Krookodile, M|\n|poke|p2|Electrode-Hisui|\n|poke|p2|Donphan, M|\n|poke|p2|Espeon, F|\n|teampreview\n|\n|t:|1700930149\n|start\n|switch|p1a: Excadrill|Excadrill, M|100\/100\n|switch|p2a: Zelda|Espeon, F, shiny|100\/100\n|-ability|p1a: Excadrill|Mold Breaker\n|turn|1\n|\n|t:|1700930164\n|switch|p2a: Cobalt|Togekiss, M, shiny|100\/100\n|move|p1a: Excadrill|Swords Dance|p1a: Excadrill\n|-boost|p1a: Excadrill|atk|2\n|\n|upkeep\n|turn|2\n|\n|t:|1700930188\n|switch|p2a: Lil Neeky|Krookodile, M|100\/100\n|move|p1a: Excadrill|Iron Head|p2a: Lil Neeky\n|-damage|p2a: Lil Neeky|0 fnt\n|faint|p2a: Lil Neeky\n|\n|upkeep\n|\n|t:|1700930207\n|switch|p2a: Thunder Dome|Electrode-Hisui, shiny|100\/100\n|turn|3\n|\n|t:|1700930215\n|-terastallize|p2a: Thunder Dome|Ground\n|move|p2a: Thunder Dome|Tera Blast|p1a: Excadrill|[anim] Tera Blast Ground\n|-supereffective|p1a: Excadrill\n|-damage|p1a: Excadrill|18\/100\n|move|p1a: Excadrill|Iron Head|p2a: Thunder Dome\n|-damage|p2a: Thunder Dome|0 fnt\n|-damage|p1a: Excadrill|0 fnt|[from] ability: Aftermath|[of] p2a: Thunder Dome\n|faint|p2a: Thunder Dome\n|faint|p1a: Excadrill\n|\n|upkeep\n|\n|t:|1700930271\n|switch|p2a: Gary|Goodra-Hisui, M, shiny|100\/100\n|switch|p1a: Cyclizar|Cyclizar, M|100\/100\n|turn|4\n|\n|t:|1700930281\n|move|p1a: Cyclizar|Knock Off|p2a: Gary\n|-damage|p2a: Gary|81\/100\n|-enditem|p2a: Gary|Choice Specs|[from] move: Knock Off|[of] p1a: Cyclizar\n|move|p2a: Gary|Ice Beam|p1a: Cyclizar\n|-supereffective|p1a: Cyclizar\n|-damage|p1a: Cyclizar|59\/100\n|-status|p1a: Cyclizar|frz\n|\n|upkeep\n|turn|5\n|\n|t:|1700930295\n|-curestatus|p1a: Cyclizar|frz|[msg]\n|move|p1a: Cyclizar|Dragon Claw|p2a: Gary\n|-damage|p2a: Gary|58\/100\n|move|p2a: Gary|Thunderbolt|p1a: Cyclizar\n|-resisted|p1a: Cyclizar\n|-damage|p1a: Cyclizar|48\/100\n|\n|upkeep\n|turn|6\n|c|\u2606KDLGigatonHammers|thank god i am not dillon\n|c|\u2606BoltonX|lmao\n|\n|t:|1700930316\n|switch|p2a: Cobalt|Togekiss, M, shiny|100\/100\n|move|p1a: Cyclizar|Iron Head|p2a: Cobalt\n|-supereffective|p2a: Cobalt\n|-damage|p2a: Cobalt|66\/100\n|\n|-heal|p2a: Cobalt|72\/100|[from] item: Leftovers\n|upkeep\n|turn|7\n|\n|t:|1700930324\n|move|p1a: Cyclizar|Iron Head|p2a: Cobalt\n|-supereffective|p2a: Cobalt\n|-damage|p2a: Cobalt|40\/100\n|move|p2a: Cobalt|Thunder Wave|p1a: Cyclizar\n|-status|p1a: Cyclizar|par\n|\n|-heal|p2a: Cobalt|46\/100|[from] item: Leftovers\n|upkeep\n|turn|8\n|\n|t:|1700930336\n|move|p2a: Cobalt|Roost|p2a: Cobalt\n|-heal|p2a: Cobalt|96\/100\n|-singleturn|p2a: Cobalt|move: Roost\n|move|p1a: Cyclizar|Iron Head|p2a: Cobalt\n|-supereffective|p2a: Cobalt\n|-damage|p2a: Cobalt|60\/100\n|\n|-heal|p2a: Cobalt|66\/100|[from] item: Leftovers\n|upkeep\n|turn|9\n|\n|t:|1700930351\n|switch|p1a: Slowking|Slowking-Galar, F|100\/100\n|move|p2a: Cobalt|Roost|p2a: Cobalt\n|-heal|p2a: Cobalt|100\/100\n|-singleturn|p2a: Cobalt|move: Roost\n|\n|upkeep\n|turn|10\n|\n|t:|1700930361\n|switch|p2a: Gary|Goodra-Hisui, M, shiny|58\/100\n|move|p1a: Slowking|Ice Beam|p2a: Gary\n|-damage|p2a: Gary|42\/100\n|\n|upkeep\n|turn|11\n|\n|t:|1700930372\n|move|p2a: Gary|Flamethrower|p1a: Slowking\n|-damage|p1a: Slowking|86\/100\n|move|p1a: Slowking|Scald|p2a: Gary\n|-resisted|p2a: Gary\n|-damage|p2a: Gary|35\/100\n|\n|upkeep\n|turn|12\n|\n|t:|1700930386\n|move|p2a: Gary|Ice Beam|p1a: Slowking\n|-damage|p1a: Slowking|72\/100\n|move|p1a: Slowking|Scald|p2a: Gary\n|-resisted|p2a: Gary\n|-damage|p2a: Gary|29\/100\n|-status|p2a: Gary|brn\n|\n|-damage|p2a: Gary|23\/100 brn|[from] brn\n|upkeep\n|turn|13\n|\n|t:|1700930395\n|move|p2a: Gary|Flamethrower|p1a: Slowking\n|-damage|p1a: Slowking|58\/100\n|move|p1a: Slowking|Ice Beam|p2a: Gary\n|-damage|p2a: Gary|7\/100 brn\n|\n|-damage|p2a: Gary|1\/100 brn|[from] brn\n|upkeep\n|turn|14\n|\n|t:|1700930403\n|switch|p1a: Cyclizar|Cyclizar, M|81\/100 par\n|move|p2a: Gary|Flamethrower|p1a: Cyclizar\n|-resisted|p1a: Cyclizar\n|-damage|p1a: Cyclizar|70\/100 par\n|\n|-damage|p2a: Gary|0 fnt|[from] brn\n|faint|p2a: Gary\n|upkeep\n|\n|t:|1700930414\n|switch|p2a: Cobalt|Togekiss, M, shiny|100\/100\n|turn|15\n|\n|t:|1700930418\n|move|p2a: Cobalt|Dazzling Gleam|p1a: Cyclizar\n|-supereffective|p1a: Cyclizar\n|-crit|p1a: Cyclizar\n|-damage|p1a: Cyclizar|0 fnt\n|faint|p1a: Cyclizar\n|\n|upkeep\n|\n|t:|1700930449\n|switch|p1a: Slowking|Slowking-Galar, F|91\/100\n|turn|16\n|\n|t:|1700930458\n|move|p2a: Cobalt|Thunder Wave|p1a: Slowking\n|-status|p1a: Slowking|par\n|move|p1a: Slowking|Sludge Wave|p2a: Cobalt\n|-supereffective|p2a: Cobalt\n|-damage|p2a: Cobalt|58\/100\n|\n|-heal|p2a: Cobalt|64\/100|[from] item: Leftovers\n|upkeep\n|turn|17\n|\n|t:|1700930469\n|move|p2a: Cobalt|Roost|p2a: Cobalt\n|-heal|p2a: Cobalt|100\/100\n|-singleturn|p2a: Cobalt|move: Roost\n|cant|p1a: Slowking|par\n|\n|upkeep\n|turn|18\n|\n|t:|1700930476\n|move|p2a: Cobalt|Dazzling Gleam|p1a: Slowking\n|-resisted|p1a: Slowking\n|-damage|p1a: Slowking|84\/100 par\n|move|p1a: Slowking|Sludge Wave|p2a: Cobalt\n|-supereffective|p2a: Cobalt\n|-damage|p2a: Cobalt|60\/100\n|\n|-heal|p2a: Cobalt|66\/100|[from] item: Leftovers\n|upkeep\n|turn|19\n|\n|t:|1700930484\n|switch|p2a: Average Tusks|Donphan, M|100\/100\n|cant|p1a: Slowking|par\n|\n|upkeep\n|turn|20\n|\n|t:|1700930496\n|switch|p1a: Rotom|Rotom-Wash|100\/100\n|move|p2a: Average Tusks|Knock Off|p1a: Rotom\n|-damage|p1a: Rotom|81\/100\n|-enditem|p1a: Rotom|Leftovers|[from] move: Knock Off|[of] p2a: Average Tusks\n|\n|upkeep\n|turn|21\n|\n|t:|1700930506\n|switch|p2a: Zelda|Espeon, F, shiny|100\/100\n|move|p1a: Rotom|Hydro Pump|p2a: Zelda\n|-crit|p2a: Zelda\n|-damage|p2a: Zelda|29\/100\n|\n|upkeep\n|turn|22\n|\n|t:|1700930514\n|move|p2a: Zelda|Psychic|p1a: Rotom\n|-damage|p1a: Rotom|22\/100\n|move|p1a: Rotom|Hydro Pump|p2a: Zelda|[miss]\n|-miss|p1a: Rotom|p2a: Zelda\n|\n|upkeep\n|turn|23\n|c|\u2606KDLGigatonHammers|paid off\n|c|\u2606BoltonX|his check is in the mail\n|\n|t:|1700930531\n|move|p2a: Zelda|Psychic|p1a: Rotom\n|-damage|p1a: Rotom|0 fnt\n|faint|p1a: Rotom\n|\n|upkeep\n|\n|t:|1700930542\n|switch|p1a: Cinderace|Cinderace, M|100\/100\n|turn|24\n|\n|t:|1700930553\n|move|p2a: Zelda|Psychic|p1a: Cinderace\n|-damage|p1a: Cinderace|34\/100\n|-unboost|p1a: Cinderace|spd|1\n|move|p1a: Cinderace|Acrobatics|p2a: Zelda\n|-start|p1a: Cinderace|typechange|Flying|[from] ability: Libero\n|-damage|p2a: Zelda|0 fnt\n|faint|p2a: Zelda\n|\n|upkeep\n|\n|t:|1700930571\n|switch|p2a: Average Tusks|Donphan, M|100\/100\n|turn|25\n|\n|t:|1700930582\n|switch|p1a: Slowking|Slowking-Galar, F|100\/100 par\n|move|p2a: Average Tusks|Knock Off|p1a: Slowking\n|-supereffective|p1a: Slowking\n|-damage|p1a: Slowking|57\/100 par\n|-enditem|p1a: Slowking|Assault Vest|[from] move: Knock Off|[of] p2a: Average Tusks\n|\n|upkeep\n|turn|26\n|\n|t:|1700930593\n|move|p2a: Average Tusks|Earthquake|p1a: Slowking\n|-supereffective|p1a: Slowking\n|-damage|p1a: Slowking|0 fnt\n|faint|p1a: Slowking\n|\n|upkeep\n|\n|t:|1700930600\n|switch|p1a: Cinderace|Cinderace, M|34\/100\n|turn|27\n|\n|t:|1700930615\n|move|p1a: Cinderace|Trailblaze|p2a: Average Tusks\n|-start|p1a: Cinderace|typechange|Grass|[from] ability: Libero\n|-supereffective|p2a: Average Tusks\n|-damage|p2a: Average Tusks|71\/100\n|-boost|p1a: Cinderace|spe|1\n|move|p2a: Average Tusks|Earthquake|p1a: Cinderace\n|-resisted|p1a: Cinderace\n|-damage|p1a: Cinderace|3\/100\n|\n|-heal|p2a: Average Tusks|77\/100|[from] item: Leftovers\n|upkeep\n|turn|28\n|\n|t:|1700930632\n|move|p1a: Cinderace|High Jump Kick|p2a: Average Tusks\n|-damage|p2a: Average Tusks|54\/100\n|move|p2a: Average Tusks|Play Rough|p1a: Cinderace\n|-damage|p1a: Cinderace|0 fnt\n|faint|p1a: Cinderace\n|\n|-heal|p2a: Average Tusks|60\/100|[from] item: Leftovers\n|upkeep\n|\n|t:|1700930641\n|switch|p1a: Iron Valiant|Iron Valiant|100\/100\n|turn|29\n|\n|t:|1700930647\n|move|p1a: Iron Valiant|Spirit Break|p2a: Average Tusks\n|-damage|p2a: Average Tusks|36\/100\n|-unboost|p2a: Average Tusks|spa|1\n|move|p2a: Average Tusks|Play Rough|p1a: Iron Valiant\n|-supereffective|p1a: Iron Valiant\n|-damage|p1a: Iron Valiant|47\/100\n|\n|-heal|p2a: Average Tusks|43\/100|[from] item: Leftovers\n|upkeep\n|turn|30\n|\n|t:|1700930662\n|move|p1a: Iron Valiant|Spirit Break|p2a: Average Tusks\n|-damage|p2a: Average Tusks|17\/100\n|-unboost|p2a: Average Tusks|spa|1\n|move|p2a: Average Tusks|Play Rough|p1a: Iron Valiant\n|-supereffective|p1a: Iron Valiant\n|-damage|p1a: Iron Valiant|0 fnt\n|faint|p1a: Iron Valiant\n|-end|p1a: Iron Valiant|Quark Drive|[silent]\n|\n|win|BoltonX\n|c|\u2606KDLGigatonHammers|gg\n|c|\u2606BoltonX|gg\n","uploadtime":1700930674,"views":24,"p1id":"kdlgigatonhammers","p2id":"boltonx","formatid":"gen9nationaldex","rating":0,"private":0,"password":""}