{"id":"gen9nationaldex-2000258654","p1":"knife12138","p2":"BigG5","format":"[Gen 9] National Dex","log":"|html|<div class=\"broadcast-blue\"><strong>[Gen 9] National Dex is currently suspecting Sneasler! For information on how to participate check out the <a href=\"https:\/\/www.smogon.com\/forums\/threads\/sv-national-dex-suspect-8-just-dance.3731534\/\">suspect thread<\/a>.<\/strong><\/div>\n|j|\u2606knife12138\n|j|\u2606BigG5\n|t:|1701178516\n|gametype|singles\n|player|p1|knife12138|burglar|1400\n|player|p2|BigG5|101|1631\n|teamsize|p1|6\n|teamsize|p2|6\n|gen|9\n|tier|[Gen 9] National Dex\n|rated|\n|rule|HP Percentage Mod: HP is shown in percentages\n|rule|Endless Battle Clause: Forcing endless battles is banned\n|rule|OHKO Clause: OHKO moves are banned\n|rule|Evasion Clause: Evasion abilities, items, and moves are banned\n|rule|Evasion Abilities Clause: Evasion abilities are banned\n|rule|Evasion Items Clause: Evasion items are banned\n|rule|Evasion Moves Clause: Evasion moves are banned\n|rule|Species Clause: Limit one of each Pok\u00e9mon\n|rule|Sleep Clause Mod: Limit one foe put to sleep\n|clearpoke\n|poke|p1|Lucario, M|\n|poke|p1|Sableye, M|\n|poke|p1|Tyrantrum, M|\n|poke|p1|Haxorus, F|\n|poke|p1|Moltres|\n|poke|p1|Greninja-*, M|\n|poke|p2|Tyranitar, F|\n|poke|p2|Alomomola, M|\n|poke|p2|Landorus-Therian, M|\n|poke|p2|Dracozolt|\n|poke|p2|Tapu Lele|\n|poke|p2|Corviknight, M|\n|teampreview\n|inactive|Battle timer is ON: inactive players will automatically lose when time's up. (requested by knife12138)\n|\n|t:|1701178532\n|start\n|switch|p1a: \u4e0d\u4e49|Sableye, M, shiny|100\/100\n|switch|p2a: Tapu Lele|Tapu Lele|100\/100\n|-fieldstart|move: Psychic Terrain|[from] ability: Psychic Surge|[of] p2a: Tapu Lele\n|turn|1\n|inactive|knife12138 has 120 seconds left.\n|\n|t:|1701178566\n|switch|p2a: Tyranitar|Tyranitar, F, shiny|100\/100\n|-weather|Sandstorm|[from] ability: Sand Stream|[of] p2a: Tyranitar\n|switch|p1a: \u4e0d\u706d|Moltres|100\/100\n|\n|-weather|Sandstorm|[upkeep]\n|-damage|p1a: \u4e0d\u706d|94\/100|[from] Sandstorm\n|upkeep\n|turn|2\n|inactive|knife12138 has 120 seconds left.\n|\n|t:|1701178576\n|switch|p2a: Dracozolt|Dracozolt, shiny|100\/100\n|move|p1a: \u4e0d\u706d|U-turn|p2a: Dracozolt\n|-damage|p2a: Dracozolt|85\/100\n|inactive|knife12138 has 120 seconds left.\n|\n|t:|1701178585\n|switch|p1a: \u4e0d\u5c48|Lucario, M|100\/100|[from] U-turn\n|\n|-weather|Sandstorm|[upkeep]\n|upkeep\n|turn|3\n|\n|t:|1701178593\n|move|p2a: Dracozolt|Bolt Beak|p1a: \u4e0d\u5c48\n|-enditem|p1a: \u4e0d\u5c48|Focus Sash\n|-damage|p1a: \u4e0d\u5c48|1\/100\n|-damage|p2a: Dracozolt|75\/100|[from] item: Life Orb\n|move|p1a: \u4e0d\u5c48|Counter|p2a: Dracozolt\n|-damage|p2a: Dracozolt|0 fnt\n|faint|p2a: Dracozolt\n|\n|-weather|Sandstorm|[upkeep]\n|upkeep\n|\n|t:|1701178608\n|switch|p2a: Alomomola|Alomomola, M|100\/100\n|turn|4\n|\n|t:|1701178620\n|switch|p1a: \u4e0d\u6321|Haxorus, F|100\/100\n|-ability|p1a: \u4e0d\u6321|Mold Breaker\n|move|p2a: Alomomola|Flip Turn|p1a: \u4e0d\u6321\n|-resisted|p1a: \u4e0d\u6321\n|-damage|p1a: \u4e0d\u6321|89\/100\n|\n|t:|1701178641\n|switch|p2a: Tapu Lele|Tapu Lele|100\/100|[from] Flip Turn\n|\n|-weather|Sandstorm|[upkeep]\n|-damage|p2a: Tapu Lele|94\/100|[from] Sandstorm\n|-damage|p1a: \u4e0d\u6321|83\/100|[from] Sandstorm\n|upkeep\n|turn|5\n|\n|t:|1701178652\n|switch|p2a: Landorus|Landorus-Therian, M|100\/100\n|-ability|p2a: Landorus|Intimidate|boost\n|-unboost|p1a: \u4e0d\u6321|atk|1\n|-terastallize|p1a: \u4e0d\u6321|Fire\n|move|p1a: \u4e0d\u6321|Dragon Dance|p1a: \u4e0d\u6321\n|-boost|p1a: \u4e0d\u6321|atk|1\n|-boost|p1a: \u4e0d\u6321|spe|1\n|\n|-weather|none\n|-fieldend|move: Psychic Terrain\n|upkeep\n|turn|6\n|\n|t:|1701178666\n|move|p1a: \u4e0d\u6321|Dual Chop|p2a: Landorus\n|-damage|p2a: Landorus|83\/100\n|-damage|p1a: \u4e0d\u6321|67\/100|[from] item: Rocky Helmet|[of] p2a: Landorus\n|-damage|p2a: Landorus|65\/100\n|-damage|p1a: \u4e0d\u6321|50\/100|[from] item: Rocky Helmet|[of] p2a: Landorus\n|-hitcount|p2a: Landorus|2\n|move|p2a: Landorus|Earthquake|p1a: \u4e0d\u6321\n|-supereffective|p1a: \u4e0d\u6321\n|-damage|p1a: \u4e0d\u6321|0 fnt\n|faint|p1a: \u4e0d\u6321\n|\n|upkeep\n|\n|t:|1701178684\n|switch|p1a: \u4e0d\u4ea2|Greninja, M|100\/100\n|turn|7\n|\n|t:|1701178693\n|switch|p2a: Alomomola|Alomomola, M|100\/100\n|move|p1a: \u4e0d\u4ea2|Dark Pulse|p2a: Alomomola\n|-damage|p2a: Alomomola|68\/100\n|\n|upkeep\n|turn|8\n|\n|t:|1701178701\n|-zpower|p1a: \u4e0d\u4ea2\n|move|p1a: \u4e0d\u4ea2|Black Hole Eclipse|p2a: Alomomola|[zeffect]\n|-damage|p2a: Alomomola|4\/100\n|move|p2a: Alomomola|Flip Turn|p1a: \u4e0d\u4ea2\n|-resisted|p1a: \u4e0d\u4ea2\n|-damage|p1a: \u4e0d\u4ea2|87\/100\n|\n|t:|1701178711\n|switch|p2a: Tapu Lele|Tapu Lele|94\/100|[from] Flip Turn\n|-fieldstart|move: Psychic Terrain|[from] ability: Psychic Surge|[of] p2a: Tapu Lele\n|\n|upkeep\n|turn|9\n|\n|t:|1701178726\n|switch|p1a: \u4e0d\u706d|Moltres|94\/100\n|move|p2a: Tapu Lele|Psychic|p1a: \u4e0d\u706d\n|-damage|p1a: \u4e0d\u706d|27\/100\n|\n|upkeep\n|turn|10\n|\n|t:|1701178736\n|switch|p2a: Alomomola|Alomomola, M|37\/100\n|switch|p1a: \u4e0d\u4e49|Sableye, M, shiny|100\/100\n|\n|upkeep\n|turn|11\n|\n|t:|1701178760\n|detailschange|p1a: \u4e0d\u4e49|Sableye-Mega, M, shiny\n|-mega|p1a: \u4e0d\u4e49|Sableye|Sablenite\n|move|p2a: Alomomola|Flip Turn|p1a: \u4e0d\u4e49\n|-damage|p1a: \u4e0d\u4e49|84\/100\n|\n|t:|1701178772\n|switch|p2a: Landorus|Landorus-Therian, M|65\/100|[from] Flip Turn\n|-ability|p2a: Landorus|Intimidate|boost\n|-unboost|p1a: \u4e0d\u4e49|atk|1\n|move|p1a: \u4e0d\u4e49|Knock Off|p2a: Landorus\n|-damage|p2a: Landorus|51\/100\n|-damage|p1a: \u4e0d\u4e49|67\/100|[from] item: Rocky Helmet|[of] p2a: Landorus\n|-enditem|p2a: Landorus|Rocky Helmet|[from] move: Knock Off|[of] p1a: \u4e0d\u4e49\n|\n|upkeep\n|turn|12\n|\n|t:|1701178781\n|move|p2a: Landorus|U-turn|p1a: \u4e0d\u4e49\n|-damage|p1a: \u4e0d\u4e49|47\/100\n|\n|t:|1701178784\n|switch|p2a: Tapu Lele|Tapu Lele|94\/100|[from] U-turn\n|move|p1a: \u4e0d\u4e49|Will-O-Wisp|p2a: Tapu Lele\n|-status|p2a: Tapu Lele|brn\n|\n|-damage|p2a: Tapu Lele|88\/100 brn|[from] brn\n|-fieldend|move: Psychic Terrain\n|upkeep\n|turn|13\n|inactive|knife12138 has 120 seconds left.\n|\n|t:|1701178818\n|move|p1a: \u4e0d\u4e49|Sucker Punch|p2a: Tapu Lele\n|-damage|p2a: Tapu Lele|66\/100 brn\n|move|p2a: Tapu Lele|Moonblast|p1a: \u4e0d\u4e49\n|-supereffective|p1a: \u4e0d\u4e49\n|-damage|p1a: \u4e0d\u4e49|0 fnt\n|faint|p1a: \u4e0d\u4e49\n|\n|-damage|p2a: Tapu Lele|60\/100 brn|[from] brn\n|upkeep\n|inactive|knife12138 has 120 seconds left.\n|\n|t:|1701178828\n|switch|p1a: \u4e0d\u5c48|Lucario, M|1\/100\n|turn|14\n|\n|t:|1701178835\n|switch|p2a: Corviknight|Corviknight, M|100\/100\n|-ability|p2a: Corviknight|Pressure\n|move|p1a: \u4e0d\u5c48|Bullet Punch|p2a: Corviknight\n|-resisted|p2a: Corviknight\n|-damage|p2a: Corviknight|92\/100\n|\n|-heal|p2a: Corviknight|98\/100|[from] item: Leftovers\n|upkeep\n|turn|15\n|\n|t:|1701178859\n|switch|p1a: \u4e0d\u706d|Moltres|27\/100\n|switch|p2a: Alomomola|Alomomola, M|70\/100\n|\n|upkeep\n|turn|16\n|\n|t:|1701178867\n|move|p1a: \u4e0d\u706d|Roost|p1a: \u4e0d\u706d\n|-heal|p1a: \u4e0d\u706d|77\/100\n|-singleturn|p1a: \u4e0d\u706d|move: Roost\n|move|p2a: Alomomola|Flip Turn|p1a: \u4e0d\u706d\n|-supereffective|p1a: \u4e0d\u706d\n|-damage|p1a: \u4e0d\u706d|53\/100\n|-status|p2a: Alomomola|brn|[from] ability: Flame Body|[of] p1a: \u4e0d\u706d\n|\n|t:|1701178880\n|switch|p2a: Tyranitar|Tyranitar, F, shiny|100\/100|[from] Flip Turn\n|-weather|Sandstorm|[from] ability: Sand Stream|[of] p2a: Tyranitar\n|\n|-weather|Sandstorm|[upkeep]\n|-damage|p1a: \u4e0d\u706d|47\/100|[from] Sandstorm\n|upkeep\n|turn|17\n|inactive|BigG5 has 120 seconds left.\n|\n|t:|1701178901\n|switch|p2a: Alomomola|Alomomola, M|100\/100 brn\n|move|p1a: \u4e0d\u706d|U-turn|p2a: Alomomola\n|-damage|p2a: Alomomola|91\/100 brn\n|inactive|knife12138 has 120 seconds left.\n|\n|t:|1701178934\n|switch|p1a: \u4e0d\u4ea2|Greninja, M|87\/100|[from] U-turn\n|\n|-weather|Sandstorm|[upkeep]\n|-damage|p1a: \u4e0d\u4ea2|81\/100|[from] Sandstorm\n|-damage|p2a: Alomomola|85\/100 brn|[from] Sandstorm\n|-damage|p2a: Alomomola|79\/100 brn|[from] brn\n|upkeep\n|turn|18\n|\n|t:|1701178944\n|move|p1a: \u4e0d\u4ea2|Dark Pulse|p2a: Alomomola\n|-damage|p2a: Alomomola|49\/100 brn\n|cant|p2a: Alomomola|flinch\n|\n|-weather|Sandstorm|[upkeep]\n|-damage|p1a: \u4e0d\u4ea2|75\/100|[from] Sandstorm\n|-damage|p2a: Alomomola|43\/100 brn|[from] Sandstorm\n|-damage|p2a: Alomomola|37\/100 brn|[from] brn\n|upkeep\n|turn|19\n|\n|t:|1701178955\n|switch|p2a: Tyranitar|Tyranitar, F, shiny|100\/100\n|move|p1a: \u4e0d\u4ea2|Dark Pulse|p2a: Tyranitar\n|-resisted|p2a: Tyranitar\n|-damage|p2a: Tyranitar|94\/100\n|\n|-weather|Sandstorm|[upkeep]\n|-damage|p1a: \u4e0d\u4ea2|69\/100|[from] Sandstorm\n|upkeep\n|turn|20\n|inactive|knife12138 has 120 seconds left.\n|\n|t:|1701178978\n|move|p1a: \u4e0d\u4ea2|Surf|p2a: Tyranitar\n|-supereffective|p2a: Tyranitar\n|-damage|p2a: Tyranitar|64\/100\n|move|p2a: Tyranitar|Stone Edge|p1a: \u4e0d\u4ea2\n|-damage|p1a: \u4e0d\u4ea2|0 fnt\n|faint|p1a: \u4e0d\u4ea2\n|\n|-weather|none\n|upkeep\n|\n|t:|1701178992\n|switch|p1a: \u4e0d\u5c48|Lucario, M|1\/100\n|turn|21\n|\n|t:|1701178997\n|switch|p1a: \u4e0d\u706d|Moltres|47\/100\n|switch|p2a: Landorus|Landorus-Therian, M|51\/100\n|-ability|p2a: Landorus|Intimidate|boost\n|-unboost|p1a: \u4e0d\u706d|atk|1\n|\n|upkeep\n|turn|22\n|\n|t:|1701179005\n|move|p2a: Landorus|Stealth Rock|p1a: \u4e0d\u706d\n|-sidestart|p1: knife12138|move: Stealth Rock\n|move|p1a: \u4e0d\u706d|Roost|p1a: \u4e0d\u706d\n|-heal|p1a: \u4e0d\u706d|97\/100\n|-singleturn|p1a: \u4e0d\u706d|move: Roost\n|\n|upkeep\n|turn|23\n|inactive|knife12138 has 120 seconds left.\n|\n|t:|1701179023\n|switch|p2a: Tyranitar|Tyranitar, F, shiny|64\/100\n|-weather|Sandstorm|[from] ability: Sand Stream|[of] p2a: Tyranitar\n|move|p1a: \u4e0d\u706d|Mystical Fire|p2a: Tyranitar\n|-resisted|p2a: Tyranitar\n|-damage|p2a: Tyranitar|58\/100\n|-unboost|p2a: Tyranitar|spa|1\n|\n|-weather|Sandstorm|[upkeep]\n|-damage|p1a: \u4e0d\u706d|91\/100|[from] Sandstorm\n|upkeep\n|turn|24\n|inactive|knife12138 has 120 seconds left.\n|\n|t:|1701179048\n|switch|p1a: \u4e0d\u7f81|Tyrantrum, M|100\/100\n|-damage|p1a: \u4e0d\u7f81|88\/100|[from] Stealth Rock\n|move|p2a: Tyranitar|Knock Off|p1a: \u4e0d\u7f81\n|-damage|p1a: \u4e0d\u7f81|42\/100\n|-enditem|p1a: \u4e0d\u7f81|Choice Scarf|[from] move: Knock Off|[of] p2a: Tyranitar\n|\n|-weather|Sandstorm|[upkeep]\n|upkeep\n|turn|25\n|inactive|knife12138 has 120 seconds left.\n|inactive|knife12138 has 90 seconds left.\n|\n|t:|1701179108\n|switch|p2a: Landorus|Landorus-Therian, M|51\/100\n|-ability|p2a: Landorus|Intimidate|boost\n|-unboost|p1a: \u4e0d\u7f81|atk|1\n|move|p1a: \u4e0d\u7f81|Head Smash|p2a: Landorus\n|-damage|p2a: Landorus|20\/100\n|\n|-weather|Sandstorm|[upkeep]\n|upkeep\n|turn|26\n|\n|t:|1701179119\n|move|p1a: \u4e0d\u7f81|Head Smash|p2a: Landorus\n|-damage|p2a: Landorus|0 fnt\n|faint|p2a: Landorus\n|\n|-weather|Sandstorm|[upkeep]\n|upkeep\n|\n|t:|1701179128\n|switch|p2a: Corviknight|Corviknight, M|98\/100\n|-ability|p2a: Corviknight|Pressure\n|turn|27\n|\n|t:|1701179138\n|switch|p1a: \u4e0d\u706d|Moltres|91\/100\n|move|p2a: Corviknight|Agility|p2a: Corviknight\n|-boost|p2a: Corviknight|spe|2\n|\n|-weather|none\n|-heal|p2a: Corviknight|100\/100|[from] item: Leftovers\n|upkeep\n|turn|28\n|\n|t:|1701179150\n|-terastallize|p2a: Corviknight|Ground\n|move|p2a: Corviknight|Bulk Up|p2a: Corviknight\n|-boost|p2a: Corviknight|atk|1\n|-boost|p2a: Corviknight|def|1\n|move|p1a: \u4e0d\u706d|Defog|p2a: Corviknight\n|-unboost|p2a: Corviknight|evasion|1\n|-sideend|p1: knife12138|Stealth Rock|[from] move: Defog|[of] p1a: \u4e0d\u706d\n|\n|upkeep\n|turn|29\n|\n|t:|1701179168\n|move|p2a: Corviknight|Bulk Up|p2a: Corviknight\n|-boost|p2a: Corviknight|atk|1\n|-boost|p2a: Corviknight|def|1\n|move|p1a: \u4e0d\u706d|Mystical Fire|p2a: Corviknight\n|-damage|p2a: Corviknight|79\/100\n|-unboost|p2a: Corviknight|spa|1\n|\n|-heal|p2a: Corviknight|86\/100|[from] item: Leftovers\n|upkeep\n|turn|30\n|\n|t:|1701179177\n|move|p2a: Corviknight|Power Trip|p1a: \u4e0d\u706d\n|-damage|p1a: \u4e0d\u706d|52\/100\n|move|p1a: \u4e0d\u706d|U-turn|p2a: Corviknight\n|-damage|p2a: Corviknight|80\/100\n|\n|t:|1701179202\n|switch|p1a: \u4e0d\u7f81|Tyrantrum, M|42\/100|[from] U-turn\n|\n|-heal|p2a: Corviknight|86\/100|[from] item: Leftovers\n|upkeep\n|turn|31\n|\n|t:|1701179214\n|move|p2a: Corviknight|Bulk Up|p2a: Corviknight\n|-boost|p2a: Corviknight|atk|1\n|-boost|p2a: Corviknight|def|1\n|move|p1a: \u4e0d\u7f81|Outrage|p2a: Corviknight\n|-crit|p2a: Corviknight\n|-damage|p2a: Corviknight|15\/100\n|\n|-heal|p2a: Corviknight|21\/100|[from] item: Leftovers\n|upkeep\n|turn|32\n|\n|t:|1701179223\n|move|p2a: Corviknight|Roost|p2a: Corviknight\n|-heal|p2a: Corviknight|71\/100\n|move|p1a: \u4e0d\u7f81|Outrage|p2a: Corviknight|[from]lockedmove\n|-damage|p2a: Corviknight|52\/100\n|\n|-heal|p2a: Corviknight|59\/100|[from] item: Leftovers\n|upkeep\n|turn|33\n|\n|t:|1701179230\n|move|p2a: Corviknight|Roost|p2a: Corviknight\n|-heal|p2a: Corviknight|100\/100\n|move|p1a: \u4e0d\u7f81|Outrage|p2a: Corviknight|[from]lockedmove\n|-damage|p2a: Corviknight|80\/100\n|-start|p1a: \u4e0d\u7f81|confusion|[fatigue]\n|\n|-heal|p2a: Corviknight|86\/100|[from] item: Leftovers\n|upkeep\n|turn|34\n|-message|knife12138 forfeited.\n|\n|win|BigG5\n|raw|knife12138's rating: 1400 &rarr; <strong>1392<\/strong><br \/>(-8 for losing)\n|raw|BigG5's rating: 1631 &rarr; <strong>1639<\/strong><br \/>(+8 for winning)\n|l|\u2606knife12138\n","uploadtime":1701179251,"views":10,"p1id":"knife12138","p2id":"bigg5","formatid":"gen9nationaldex","rating":1392,"private":0,"password":""}