{"id":"gen9nationaldex-1987124609","p1":"NotHenry","p2":"MrCoolfred","format":"[Gen 9] National Dex","log":"|j|\u2606NotHenry\n|j|\u2606MrCoolfred\n|t:|1699558082\n|gametype|singles\n|player|p1|NotHenry|101|\n|player|p2|MrCoolfred|benga|\n|teamsize|p1|6\n|teamsize|p2|6\n|gen|9\n|tier|[Gen 9] National Dex\n|rule|HP Percentage Mod: HP is shown in percentages\n|rule|Endless Battle Clause: Forcing endless battles is banned\n|rule|OHKO Clause: OHKO moves are banned\n|rule|Evasion Clause: Evasion abilities, items, and moves are banned\n|rule|Evasion Abilities Clause: Evasion abilities are banned\n|rule|Evasion Items Clause: Evasion items are banned\n|rule|Evasion Moves Clause: Evasion moves are banned\n|rule|Species Clause: Limit one of each Pok\u00e9mon\n|rule|Sleep Clause Mod: Limit one foe put to sleep\n|clearpoke\n|poke|p1|Vileplume, M|\n|poke|p1|Slowking, M|\n|poke|p1|Pikachu, F|\n|poke|p1|Arcanine, F|\n|poke|p1|Gligar, M|\n|poke|p1|Piloswine, F|\n|poke|p2|Marowak, F|\n|poke|p2|Skarmory, F|\n|poke|p2|Jynx, F|\n|poke|p2|Celebi|\n|poke|p2|Vaporeon, F|\n|poke|p2|Smeargle, F|\n|teampreview\n|inactive|Battle timer is ON: inactive players will automatically lose when time's up. (requested by NotHenry)\n|j| NotLimeee\n|inactive|NotHenry has 270 seconds left.\n|\n|t:|1699558114\n|start\n|switch|p1a: Zapatron 9000|Pikachu, F|100\/100\n|switch|p2a: According to|Marowak, F|100\/100\n|turn|1\n|\n|t:|1699558119\n|move|p1a: Zapatron 9000|Surf|p2a: According to\n|-supereffective|p2a: According to\n|-damage|p2a: According to|4\/100\n|move|p2a: According to|Bonemerang|p1a: Zapatron 9000\n|-supereffective|p1a: Zapatron 9000\n|-damage|p1a: Zapatron 9000|0 fnt\n|faint|p1a: Zapatron 9000\n|-hitcount|p1: Zapatron 9000|1\n|\n|upkeep\n|\n|t:|1699558130\n|switch|p1a: Tusk Muster|Piloswine, F|100\/100\n|turn|2\n|\n|t:|1699558141\n|move|p1a: Tusk Muster|Ice Shard|p2a: According to\n|-supereffective|p2a: According to\n|-damage|p2a: According to|0 fnt\n|faint|p2a: According to\n|\n|upkeep\n|j| Drawde15\n|inactive|MrCoolfred has 270 seconds left.\n|\n|t:|1699558192\n|switch|p2a: be able to fly|Smeargle, F|100\/100\n|turn|3\n|inactive|NotHenry has 270 seconds left.\n|\n|t:|1699558251\n|move|p2a: be able to fly|Spore|p1a: Tusk Muster\n|-status|p1a: Tusk Muster|slp|[from] move: Spore\n|cant|p1a: Tusk Muster|slp\n|\n|upkeep\n|turn|4\n|\n|t:|1699558262\n|switch|p1a: I can't get|Gligar, M|100\/100\n|move|p2a: be able to fly|Revival Blessing|p2a: be able to fly\n|\n|t:|1699558265\n|-heal|p2: According to|50\/100|[from] move: Revival Blessing\n|\n|upkeep\n|turn|5\n|inactive|MrCoolfred has 240 seconds left.\n|\n|t:|1699558307\n|switch|p2a: all known laws|Skarmory, F|100\/100\n|move|p1a: I can't get|Toxic Spikes|p2a: all known laws\n|-sidestart|p2: MrCoolfred|move: Toxic Spikes\n|\n|upkeep\n|turn|6\n|inactive|NotHenry has 270 seconds left.\n|\n|t:|1699558313\n|move|p1a: I can't get|Toxic Spikes|p2a: all known laws\n|-sidestart|p2: MrCoolfred|move: Toxic Spikes\n|move|p2a: all known laws|Defog|p1a: I can't get\n|-unboost|p1a: I can't get|evasion|1\n|-sideend|p2: MrCoolfred|Toxic Spikes|[from] move: Defog|[of] p2a: all known laws\n|\n|upkeep\n|turn|7\n|inactive|MrCoolfred has 240 seconds left.\n|\n|t:|1699558325\n|move|p1a: I can't get|Toxic Spikes|p2a: all known laws\n|-sidestart|p2: MrCoolfred|move: Toxic Spikes\n|move|p2a: all known laws|Drill Peck|p1a: I can't get\n|-damage|p1a: I can't get|87\/100\n|\n|upkeep\n|turn|8\n|inactive|MrCoolfred has 240 seconds left.\n|\n|t:|1699558332\n|switch|p1a: Arcaten|Arcanine, F|100\/100\n|-ability|p1a: Arcaten|Intimidate|boost\n|-unboost|p2a: all known laws|atk|1\n|move|p2a: all known laws|Defog|p1a: Arcaten\n|-unboost|p1a: Arcaten|evasion|1\n|-sideend|p2: MrCoolfred|Toxic Spikes|[from] move: Defog|[of] p2a: all known laws\n|\n|upkeep\n|turn|9\n|inactive|MrCoolfred has 240 seconds left.\n|\n|t:|1699558344\n|switch|p2a: a bee should|Vaporeon, F|100\/100\n|move|p1a: Arcaten|Wild Charge|p2a: a bee should\n|-supereffective|p2a: a bee should\n|-damage|p2a: a bee should|0 fnt\n|faint|p2a: a bee should\n|-damage|p1a: Arcaten|73\/100|[from] Recoil\n|\n|upkeep\n|inactive|MrCoolfred has 240 seconds left.\n|inactive|MrCoolfred has 210 seconds left.\n|\n|t:|1699558381\n|switch|p2a: According to|Marowak, F|50\/100\n|turn|10\n|inactive|MrCoolfred has 210 seconds left.\n|\n|t:|1699558396\n|switch|p1a: I can't get|Gligar, M|87\/100\n|move|p2a: According to|Ice Beam|p1a: I can't get\n|-supereffective|p1a: I can't get\n|-damage|p1a: I can't get|53\/100\n|\n|upkeep\n|turn|11\n|\n|t:|1699558404\n|move|p1a: I can't get|Roost|p1a: I can't get\n|-heal|p1a: I can't get|100\/100\n|-singleturn|p1a: I can't get|move: Roost\n|move|p2a: According to|Ice Beam|p1a: I can't get\n|-supereffective|p1a: I can't get\n|-damage|p1a: I can't get|85\/100\n|\n|upkeep\n|turn|12\n|inactive|MrCoolfred has 210 seconds left.\n|\n|t:|1699558424\n|move|p1a: I can't get|Toxic Spikes|p2a: According to\n|-sidestart|p2: MrCoolfred|move: Toxic Spikes\n|move|p2a: According to|Knock Off|p1a: I can't get\n|-damage|p1a: I can't get|51\/100\n|-enditem|p1a: I can't get|Eviolite|[from] move: Knock Off|[of] p2a: According to\n|\n|upkeep\n|turn|13\n|inactive|MrCoolfred has 210 seconds left.\n|\n|t:|1699558435\n|move|p1a: I can't get|Toxic Spikes|p2a: According to\n|-sidestart|p2: MrCoolfred|move: Toxic Spikes\n|move|p2a: According to|Swords Dance|p2a: According to\n|-boost|p2a: According to|atk|2\n|\n|upkeep\n|turn|14\n|\n|t:|1699558442\n|move|p1a: I can't get|Dual Wingbeat|p2a: According to\n|-damage|p2a: According to|40\/100\n|-damage|p2a: According to|28\/100\n|-hitcount|p2a: According to|2\n|move|p2a: According to|Knock Off|p1a: I can't get\n|-damage|p1a: I can't get|0 fnt\n|faint|p1a: I can't get\n|\n|upkeep\n|\n|t:|1699558452\n|switch|p1a: Arcaten|Arcanine, F|73\/100\n|-ability|p1a: Arcaten|Intimidate|boost\n|-unboost|p2a: According to|atk|1\n|turn|15\n|\n|t:|1699558462\n|move|p1a: Arcaten|Flare Blitz|p2a: According to\n|-damage|p2a: According to|0 fnt\n|faint|p2a: According to\n|-damage|p1a: Arcaten|65\/100|[from] Recoil\n|\n|upkeep\n|inactive|MrCoolfred has 210 seconds left.\n|\n|t:|1699558492\n|switch|p2a: be able to fly|Smeargle, F|100\/100\n|-status|p2a: be able to fly|tox\n|turn|16\n|inactive|MrCoolfred has 210 seconds left.\n|\n|t:|1699558510\n|switch|p1a: Accept No|Vileplume, M|100\/100\n|move|p2a: be able to fly|Memento|p1a: Accept No\n|-unboost|p1a: Accept No|atk|2\n|-unboost|p1a: Accept No|spa|2\n|faint|p2a: be able to fly\n|\n|upkeep\n|\n|t:|1699558531\n|switch|p2a: there is no way|Celebi|100\/100\n|-status|p2a: there is no way|tox\n|turn|17\n|\n|t:|1699558541\n|switch|p1a: Tusk Muster|Piloswine, F|100\/100 slp\n|move|p2a: there is no way|Natural Gift|p1a: Tusk Muster\n|-supereffective|p1a: Tusk Muster\n|-damage|p1a: Tusk Muster|80\/100 slp\n|\n|-damage|p2a: there is no way|94\/100 tox|[from] psn\n|upkeep\n|turn|18\n|inactive|MrCoolfred has 180 seconds left.\n|\n|t:|1699558585\n|move|p2a: there is no way|Leaf Blade|p1a: Tusk Muster\n|-supereffective|p1a: Tusk Muster\n|-damage|p1a: Tusk Muster|10\/100 slp\n|-curestatus|p1a: Tusk Muster|slp|[msg]\n|move|p1a: Tusk Muster|Stealth Rock|p2a: there is no way\n|-sidestart|p2: MrCoolfred|move: Stealth Rock\n|\n|-damage|p2a: there is no way|82\/100 tox|[from] psn\n|upkeep\n|turn|19\n|inactive|MrCoolfred has 150 seconds left.\n|\n|t:|1699558605\n|move|p1a: Tusk Muster|Ice Shard|p2a: there is no way\n|-supereffective|p2a: there is no way\n|-damage|p2a: there is no way|47\/100 tox\n|move|p2a: there is no way|Leaf Blade|p1a: Tusk Muster\n|-supereffective|p1a: Tusk Muster\n|-damage|p1a: Tusk Muster|0 fnt\n|faint|p1a: Tusk Muster\n|\n|-damage|p2a: there is no way|28\/100 tox|[from] psn\n|upkeep\n|inactive|NotHenry has 270 seconds left.\n|inactive|NotHenry has 240 seconds left.\n|\n|t:|1699558667\n|switch|p1a: Accept No|Vileplume, M|100\/100\n|turn|20\n|inactive|MrCoolfred has 150 seconds left.\n|\n|t:|1699558683\n|move|p2a: there is no way|Recover|p2a: there is no way\n|-heal|p2a: there is no way|79\/100 tox\n|move|p1a: Accept No|Leech Seed|p2a: there is no way\n|-immune|p2a: there is no way\n|\n|-damage|p2a: there is no way|54\/100 tox|[from] psn\n|upkeep\n|turn|21\n|\n|t:|1699558691\n|-curestatus|p2a: there is no way|tox|[from] ability: Natural Cure\n|switch|p2a: all known laws|Skarmory, F|100\/100\n|-damage|p2a: all known laws|88\/100|[from] Stealth Rock\n|move|p1a: Accept No|Leech Seed|p2a: all known laws\n|-start|p2a: all known laws|move: Leech Seed\n|\n|-damage|p2a: all known laws|76\/100|[from] Leech Seed|[of] p1a: Accept No\n|upkeep\n|turn|22\n|\n|t:|1699558700\n|switch|p1a: Arcaten|Arcanine, F|65\/100\n|-ability|p1a: Arcaten|Intimidate|boost\n|-unboost|p2a: all known laws|atk|1\n|move|p2a: all known laws|Defog|p1a: Arcaten\n|-unboost|p1a: Arcaten|evasion|1\n|-sideend|p2: MrCoolfred|Toxic Spikes|[from] move: Defog|[of] p2a: all known laws\n|-sideend|p2: MrCoolfred|Stealth Rock|[from] move: Defog|[of] p2a: all known laws\n|\n|-damage|p2a: all known laws|64\/100|[from] Leech Seed|[of] p1a: Arcaten\n|-heal|p1a: Arcaten|76\/100|[silent]\n|upkeep\n|turn|23\n|\n|t:|1699558715\n|switch|p2a: there is no way|Celebi|54\/100\n|move|p1a: Arcaten|Flare Blitz|p2a: there is no way\n|-supereffective|p2a: there is no way\n|-damage|p2a: there is no way|0 fnt\n|faint|p2a: there is no way\n|-damage|p1a: Arcaten|59\/100|[from] Recoil\n|\n|upkeep\n|inactive|MrCoolfred has 150 seconds left.\n|\n|t:|1699558735\n|switch|p2a: of aviation|Jynx, F|100\/100\n|turn|24\n|\n|t:|1699558750\n|switch|p1a: Accept No|Vileplume, M|100\/100\n|move|p2a: of aviation|Grass Knot|p1a: Accept No\n|-resisted|p1a: Accept No\n|-damage|p1a: Accept No|97\/100\n|\n|-heal|p1a: Accept No|100\/100|[from] item: Black Sludge\n|upkeep\n|turn|25\n|\n|t:|1699558759\n|switch|p2a: all known laws|Skarmory, F|64\/100\n|move|p1a: Accept No|Leech Seed|p2a: all known laws\n|-start|p2a: all known laws|move: Leech Seed\n|\n|-damage|p2a: all known laws|51\/100|[from] Leech Seed|[of] p1a: Accept No\n|upkeep\n|turn|26\n|\n|t:|1699558768\n|switch|p1a: Arcaten|Arcanine, F|59\/100\n|-ability|p1a: Arcaten|Intimidate|boost\n|-unboost|p2a: all known laws|atk|1\n|move|p2a: all known laws|Roost|p2a: all known laws\n|-heal|p2a: all known laws|100\/100\n|-singleturn|p2a: all known laws|move: Roost\n|\n|-damage|p2a: all known laws|88\/100|[from] Leech Seed|[of] p1a: Arcaten\n|-heal|p1a: Arcaten|71\/100|[silent]\n|upkeep\n|turn|27\n|inactive|MrCoolfred has 150 seconds left.\n|\n|t:|1699558783\n|move|p1a: Arcaten|Flare Blitz|p2a: all known laws\n|-supereffective|p2a: all known laws\n|-damage|p2a: all known laws|0 fnt\n|-damage|p1a: Arcaten|54\/100|[from] item: Rocky Helmet|[of] p2a: all known laws\n|faint|p2a: all known laws\n|-damage|p1a: Arcaten|27\/100|[from] Recoil\n|\n|upkeep\n|\n|t:|1699558790\n|switch|p2a: of aviation|Jynx, F|100\/100\n|turn|28\n|inactive|MrCoolfred has 150 seconds left.\n|\n|t:|1699558821\n|move|p2a: of aviation|Trick|p1a: Arcaten\n|-activate|p2a: of aviation|move: Trick|[of] p1a: Arcaten\n|-item|p1a: Arcaten|Choice Specs|[from] move: Trick\n|-item|p2a: of aviation|Choice Band|[from] move: Trick\n|move|p1a: Arcaten|Flare Blitz|p2a: of aviation\n|-supereffective|p2a: of aviation\n|-crit|p2a: of aviation\n|-damage|p2a: of aviation|0 fnt\n|faint|p2a: of aviation\n|-damage|p1a: Arcaten|2\/100|[from] Recoil\n|\n|win|NotHenry\n","uploadtime":1699558865,"views":19,"p1id":"nothenry","p2id":"mrcoolfred","formatid":"gen9nationaldex","rating":0,"private":0,"password":""}