{"id":"gen9nationaldex-1996759419","p1":"zhishixuebao279","p2":"Nrgy","format":"[Gen 9] National Dex","log":"|html|<div class=\"broadcast-blue\"><strong>[Gen 9] National Dex is currently suspecting Sneasler! For information on how to participate check out the <a href=\"https:\/\/www.smogon.com\/forums\/threads\/sv-national-dex-suspect-8-just-dance.3731534\/\">suspect thread<\/a>.<\/strong><\/div>\n|j|\u2606zhishixuebao279\n|j|\u2606Nrgy\n|t:|1700720453\n|gametype|singles\n|player|p1|zhishixuebao279|169|1000\n|player|p2|Nrgy|nate|1052\n|teamsize|p1|6\n|teamsize|p2|6\n|gen|9\n|tier|[Gen 9] National Dex\n|rated|\n|rule|HP Percentage Mod: HP is shown in percentages\n|rule|Endless Battle Clause: Forcing endless battles is banned\n|rule|OHKO Clause: OHKO moves are banned\n|rule|Evasion Clause: Evasion abilities, items, and moves are banned\n|rule|Evasion Abilities Clause: Evasion abilities are banned\n|rule|Evasion Items Clause: Evasion items are banned\n|rule|Evasion Moves Clause: Evasion moves are banned\n|rule|Species Clause: Limit one of each Pok\u00e9mon\n|rule|Sleep Clause Mod: Limit one foe put to sleep\n|clearpoke\n|poke|p1|Toxapex, F|\n|poke|p1|Mawile, F|\n|poke|p1|Cresselia, F|\n|poke|p1|Aegislash, M|\n|poke|p1|Chandelure, F|\n|poke|p1|Misdreavus, F|\n|poke|p2|Arcanine-Hisui, F|\n|poke|p2|Haxorus, M|\n|poke|p2|Garganacl, F|\n|poke|p2|Gastrodon, F|\n|poke|p2|Toxapex, F|\n|poke|p2|Corviknight, M|\n|teampreview\n|\n|t:|1700720462\n|start\n|switch|p1a: \u8c03\u76ae\u53ef\u7231\u7684\u841d\u8389|Misdreavus, F|100\/100\n|switch|p2a: Garganacl|Garganacl, F|100\/100\n|turn|1\n|\n|t:|1700720473\n|move|p1a: \u8c03\u76ae\u53ef\u7231\u7684\u841d\u8389|Taunt|p2a: Garganacl\n|-start|p2a: Garganacl|move: Taunt\n|move|p2a: Garganacl|Salt Cure|p1a: \u8c03\u76ae\u53ef\u7231\u7684\u841d\u8389\n|-damage|p1a: \u8c03\u76ae\u53ef\u7231\u7684\u841d\u8389|88\/100\n|-start|p1a: \u8c03\u76ae\u53ef\u7231\u7684\u841d\u8389|Salt Cure\n|\n|-damage|p1a: \u8c03\u76ae\u53ef\u7231\u7684\u841d\u8389|76\/100|[from] Salt Cure\n|upkeep\n|turn|2\n|inactive|Battle timer is ON: inactive players will automatically lose when time's up. (requested by zhishixuebao279)\n|\n|t:|1700720482\n|move|p1a: \u8c03\u76ae\u53ef\u7231\u7684\u841d\u8389|Perish Song|p1a: \u8c03\u76ae\u53ef\u7231\u7684\u841d\u8389\n|-start|p1a: \u8c03\u76ae\u53ef\u7231\u7684\u841d\u8389|perish3|[silent]\n|-start|p2a: Garganacl|perish3|[silent]\n|-fieldactivate|move: Perish Song\n|move|p2a: Garganacl|Thunder Punch|p1a: \u8c03\u76ae\u53ef\u7231\u7684\u841d\u8389\n|-damage|p1a: \u8c03\u76ae\u53ef\u7231\u7684\u841d\u8389|60\/100\n|\n|-damage|p1a: \u8c03\u76ae\u53ef\u7231\u7684\u841d\u8389|48\/100|[from] Salt Cure\n|-start|p1a: \u8c03\u76ae\u53ef\u7231\u7684\u841d\u8389|perish3\n|-start|p2a: Garganacl|perish3\n|upkeep\n|turn|3\n|\n|t:|1700720492\n|move|p1a: \u8c03\u76ae\u53ef\u7231\u7684\u841d\u8389|Will-O-Wisp|p2a: Garganacl\n|-immune|p2a: Garganacl|[from] ability: Purifying Salt\n|move|p2a: Garganacl|Thunder Punch|p1a: \u8c03\u76ae\u53ef\u7231\u7684\u841d\u8389\n|-damage|p1a: \u8c03\u76ae\u53ef\u7231\u7684\u841d\u8389|32\/100\n|\n|-damage|p1a: \u8c03\u76ae\u53ef\u7231\u7684\u841d\u8389|20\/100|[from] Salt Cure\n|-end|p2a: Garganacl|move: Taunt\n|-start|p1a: \u8c03\u76ae\u53ef\u7231\u7684\u841d\u8389|perish2\n|-start|p2a: Garganacl|perish2\n|upkeep\n|turn|4\n|\n|t:|1700720503\n|move|p1a: \u8c03\u76ae\u53ef\u7231\u7684\u841d\u8389|Psychic|p2a: Garganacl\n|-damage|p2a: Garganacl|86\/100\n|move|p2a: Garganacl|Thunder Punch|p1a: \u8c03\u76ae\u53ef\u7231\u7684\u841d\u8389\n|-damage|p1a: \u8c03\u76ae\u53ef\u7231\u7684\u841d\u8389|4\/100\n|\n|-heal|p2a: Garganacl|92\/100|[from] item: Leftovers\n|-damage|p1a: \u8c03\u76ae\u53ef\u7231\u7684\u841d\u8389|0 fnt|[from] Salt Cure\n|faint|p1a: \u8c03\u76ae\u53ef\u7231\u7684\u841d\u8389\n|-start|p2a: Garganacl|perish1\n|upkeep\n|\n|t:|1700720517\n|switch|p1a: \u53cc\u9a6c\u5c3e\u7f8e\u5c11\u5973|Mawile, F|100\/100\n|-ability|p1a: \u53cc\u9a6c\u5c3e\u7f8e\u5c11\u5973|Intimidate|boost\n|-unboost|p2a: Garganacl|atk|1\n|turn|5\n|\n|t:|1700720522\n|move|p2a: Garganacl|Salt Cure|p1a: \u53cc\u9a6c\u5c3e\u7f8e\u5c11\u5973\n|-resisted|p1a: \u53cc\u9a6c\u5c3e\u7f8e\u5c11\u5973\n|-damage|p1a: \u53cc\u9a6c\u5c3e\u7f8e\u5c11\u5973|97\/100\n|-start|p1a: \u53cc\u9a6c\u5c3e\u7f8e\u5c11\u5973|Salt Cure\n|move|p1a: \u53cc\u9a6c\u5c3e\u7f8e\u5c11\u5973|Swords Dance|p1a: \u53cc\u9a6c\u5c3e\u7f8e\u5c11\u5973\n|-boost|p1a: \u53cc\u9a6c\u5c3e\u7f8e\u5c11\u5973|atk|2\n|\n|-heal|p2a: Garganacl|98\/100|[from] item: Leftovers\n|-damage|p1a: \u53cc\u9a6c\u5c3e\u7f8e\u5c11\u5973|72\/100|[from] Salt Cure\n|-start|p2a: Garganacl|perish0\n|upkeep\n|faint|p2a: Garganacl\n|\n|t:|1700720532\n|switch|p2a: Gastrodon|Gastrodon, F|100\/100\n|turn|6\n|\n|t:|1700720540\n|detailschange|p1a: \u53cc\u9a6c\u5c3e\u7f8e\u5c11\u5973|Mawile-Mega, F\n|-mega|p1a: \u53cc\u9a6c\u5c3e\u7f8e\u5c11\u5973|Mawile|Mawilite\n|move|p1a: \u53cc\u9a6c\u5c3e\u7f8e\u5c11\u5973|Play Rough|p2a: Gastrodon\n|-damage|p2a: Gastrodon|0 fnt\n|faint|p2a: Gastrodon\n|\n|-damage|p1a: \u53cc\u9a6c\u5c3e\u7f8e\u5c11\u5973|47\/100|[from] Salt Cure\n|upkeep\n|\n|t:|1700720548\n|switch|p2a: Toxapex|Toxapex, F|100\/100\n|turn|7\n|\n|t:|1700720558\n|move|p2a: Toxapex|Baneful Bunker|p2a: Toxapex\n|-singleturn|p2a: Toxapex|move: Protect\n|move|p1a: \u53cc\u9a6c\u5c3e\u7f8e\u5c11\u5973|Swords Dance|p1a: \u53cc\u9a6c\u5c3e\u7f8e\u5c11\u5973\n|-boost|p1a: \u53cc\u9a6c\u5c3e\u7f8e\u5c11\u5973|atk|2\n|\n|-damage|p1a: \u53cc\u9a6c\u5c3e\u7f8e\u5c11\u5973|22\/100|[from] Salt Cure\n|upkeep\n|turn|8\n|\n|t:|1700720565\n|move|p2a: Toxapex|Baneful Bunker|p2a: Toxapex\n|-singleturn|p2a: Toxapex|move: Protect\n|move|p1a: \u53cc\u9a6c\u5c3e\u7f8e\u5c11\u5973|Play Rough|p2a: Toxapex\n|-activate|p2a: Toxapex|move: Protect\n|\n|-damage|p1a: \u53cc\u9a6c\u5c3e\u7f8e\u5c11\u5973|0 fnt|[from] Salt Cure\n|faint|p1a: \u53cc\u9a6c\u5c3e\u7f8e\u5c11\u5973\n|upkeep\n|c|\u2606Nrgy|lol\n|\n|t:|1700720577\n|switch|p1a: \u9ad8\u8d35\u4f18\u96c5\u5927\u5c0f\u59d0|Chandelure, F|100\/100\n|turn|9\n|\n|t:|1700720588\n|move|p1a: \u9ad8\u8d35\u4f18\u96c5\u5927\u5c0f\u59d0|Energy Ball|p2a: Toxapex\n|-damage|p2a: Toxapex|54\/100\n|move|p2a: Toxapex|Surf|p1a: \u9ad8\u8d35\u4f18\u96c5\u5927\u5c0f\u59d0\n|-supereffective|p1a: \u9ad8\u8d35\u4f18\u96c5\u5927\u5c0f\u59d0\n|-damage|p1a: \u9ad8\u8d35\u4f18\u96c5\u5927\u5c0f\u59d0|43\/100\n|\n|-heal|p2a: Toxapex|60\/100|[from] item: Black Sludge\n|upkeep\n|turn|10\n|\n|t:|1700720601\n|switch|p1a: \u96cc\u5c0f\u9b3c\u841d\u8389|Toxapex, F|100\/100\n|move|p2a: Toxapex|Surf|p1a: \u96cc\u5c0f\u9b3c\u841d\u8389\n|-resisted|p1a: \u96cc\u5c0f\u9b3c\u841d\u8389\n|-damage|p1a: \u96cc\u5c0f\u9b3c\u841d\u8389|95\/100\n|\n|-heal|p2a: Toxapex|66\/100|[from] item: Black Sludge\n|-heal|p1a: \u96cc\u5c0f\u9b3c\u841d\u8389|100\/100|[from] item: Leftovers\n|upkeep\n|turn|11\n|\n|t:|1700720611\n|switch|p2a: Arcanine|Arcanine-Hisui, F|100\/100\n|-ability|p2a: Arcanine|Intimidate|boost\n|-unboost|p1a: \u96cc\u5c0f\u9b3c\u841d\u8389|atk|1\n|switch|p1a: \u53ef\u653b\u53ef\u53d7\u5c0f\u7537\u5a18|Aegislash, M|100\/100\n|\n|upkeep\n|turn|12\n|\n|t:|1700720619\n|-terastallize|p2a: Arcanine|Normal\n|move|p1a: \u53ef\u653b\u53ef\u53d7\u5c0f\u7537\u5a18|King's Shield|p1a: \u53ef\u653b\u53ef\u53d7\u5c0f\u7537\u5a18\n|-singleturn|p1a: \u53ef\u653b\u53ef\u53d7\u5c0f\u7537\u5a18|Protect\n|move|p2a: Arcanine|Extreme Speed|p1a: \u53ef\u653b\u53ef\u53d7\u5c0f\u7537\u5a18\n|-activate|p1a: \u53ef\u653b\u53ef\u53d7\u5c0f\u7537\u5a18|move: Protect\n|-unboost|p2a: Arcanine|atk|1\n|\n|upkeep\n|turn|13\n|\n|t:|1700720630\n|move|p2a: Arcanine|Outrage|p1a: \u53ef\u653b\u53ef\u53d7\u5c0f\u7537\u5a18\n|-resisted|p1a: \u53ef\u653b\u53ef\u53d7\u5c0f\u7537\u5a18\n|-damage|p1a: \u53ef\u653b\u53ef\u53d7\u5c0f\u7537\u5a18|93\/100\n|move|p1a: \u53ef\u653b\u53ef\u53d7\u5c0f\u7537\u5a18|Swords Dance|p1a: \u53ef\u653b\u53ef\u53d7\u5c0f\u7537\u5a18\n|-boost|p1a: \u53ef\u653b\u53ef\u53d7\u5c0f\u7537\u5a18|atk|2\n|\n|-heal|p1a: \u53ef\u653b\u53ef\u53d7\u5c0f\u7537\u5a18|99\/100|[from] item: Leftovers\n|upkeep\n|turn|14\n|\n|t:|1700720638\n|move|p2a: Arcanine|Outrage|p1a: \u53ef\u653b\u53ef\u53d7\u5c0f\u7537\u5a18|[from]lockedmove\n|-resisted|p1a: \u53ef\u653b\u53ef\u53d7\u5c0f\u7537\u5a18\n|-damage|p1a: \u53ef\u653b\u53ef\u53d7\u5c0f\u7537\u5a18|92\/100\n|move|p1a: \u53ef\u653b\u53ef\u53d7\u5c0f\u7537\u5a18|Swords Dance|p1a: \u53ef\u653b\u53ef\u53d7\u5c0f\u7537\u5a18\n|-boost|p1a: \u53ef\u653b\u53ef\u53d7\u5c0f\u7537\u5a18|atk|2\n|\n|-heal|p1a: \u53ef\u653b\u53ef\u53d7\u5c0f\u7537\u5a18|98\/100|[from] item: Leftovers\n|upkeep\n|turn|15\n|\n|t:|1700720646\n|move|p2a: Arcanine|Outrage|p1a: \u53ef\u653b\u53ef\u53d7\u5c0f\u7537\u5a18|[from]lockedmove\n|-resisted|p1a: \u53ef\u653b\u53ef\u53d7\u5c0f\u7537\u5a18\n|-damage|p1a: \u53ef\u653b\u53ef\u53d7\u5c0f\u7537\u5a18|90\/100\n|-start|p2a: Arcanine|confusion|[fatigue]\n|-formechange|p1a: \u53ef\u653b\u53ef\u53d7\u5c0f\u7537\u5a18|Aegislash-Blade||[from] ability: Stance Change\n|move|p1a: \u53ef\u653b\u53ef\u53d7\u5c0f\u7537\u5a18|Sacred Sword|p2a: Arcanine\n|-supereffective|p2a: Arcanine\n|-damage|p2a: Arcanine|0 fnt\n|faint|p2a: Arcanine\n|\n|-heal|p1a: \u53ef\u653b\u53ef\u53d7\u5c0f\u7537\u5a18|96\/100|[from] item: Leftovers\n|upkeep\n|\n|t:|1700720657\n|switch|p2a: Haxorus|Haxorus, M|100\/100\n|-ability|p2a: Haxorus|Mold Breaker\n|turn|16\n|\n|t:|1700720668\n|-formechange|p1a: \u53ef\u653b\u53ef\u53d7\u5c0f\u7537\u5a18|Aegislash||[from] ability: Stance Change\n|move|p1a: \u53ef\u653b\u53ef\u53d7\u5c0f\u7537\u5a18|King's Shield|p1a: \u53ef\u653b\u53ef\u53d7\u5c0f\u7537\u5a18\n|-singleturn|p1a: \u53ef\u653b\u53ef\u53d7\u5c0f\u7537\u5a18|Protect\n|move|p2a: Haxorus|Earthquake|p1a: \u53ef\u653b\u53ef\u53d7\u5c0f\u7537\u5a18\n|-activate|p1a: \u53ef\u653b\u53ef\u53d7\u5c0f\u7537\u5a18|move: Protect\n|\n|-heal|p1a: \u53ef\u653b\u53ef\u53d7\u5c0f\u7537\u5a18|100\/100|[from] item: Leftovers\n|upkeep\n|turn|17\n|\n|t:|1700720677\n|-terastallize|p1a: \u53ef\u653b\u53ef\u53d7\u5c0f\u7537\u5a18|Water\n|move|p2a: Haxorus|Earthquake|p1a: \u53ef\u653b\u53ef\u53d7\u5c0f\u7537\u5a18\n|-damage|p1a: \u53ef\u653b\u53ef\u53d7\u5c0f\u7537\u5a18|76\/100\n|-formechange|p1a: \u53ef\u653b\u53ef\u53d7\u5c0f\u7537\u5a18|Aegislash-Blade||[from] ability: Stance Change\n|move|p1a: \u53ef\u653b\u53ef\u53d7\u5c0f\u7537\u5a18|Sacred Sword|p2a: Haxorus\n|-enditem|p2a: Haxorus|Focus Sash\n|-damage|p2a: Haxorus|1\/100\n|\n|-heal|p1a: \u53ef\u653b\u53ef\u53d7\u5c0f\u7537\u5a18|82\/100|[from] item: Leftovers\n|upkeep\n|turn|18\n|\n|t:|1700720691\n|move|p2a: Haxorus|Iron Head|p1a: \u53ef\u653b\u53ef\u53d7\u5c0f\u7537\u5a18\n|-resisted|p1a: \u53ef\u653b\u53ef\u53d7\u5c0f\u7537\u5a18\n|-damage|p1a: \u53ef\u653b\u53ef\u53d7\u5c0f\u7537\u5a18|63\/100\n|move|p1a: \u53ef\u653b\u53ef\u53d7\u5c0f\u7537\u5a18|Sacred Sword|p2a: Haxorus\n|-damage|p2a: Haxorus|0 fnt\n|faint|p2a: Haxorus\n|\n|-heal|p1a: \u53ef\u653b\u53ef\u53d7\u5c0f\u7537\u5a18|69\/100|[from] item: Leftovers\n|upkeep\n|\n|t:|1700720699\n|switch|p2a: Toxapex|Toxapex, F|66\/100\n|turn|19\n|\n|t:|1700720704\n|move|p2a: Toxapex|Baneful Bunker|p2a: Toxapex\n|-singleturn|p2a: Toxapex|move: Protect\n|move|p1a: \u53ef\u653b\u53ef\u53d7\u5c0f\u7537\u5a18|Substitute|p1a: \u53ef\u653b\u53ef\u53d7\u5c0f\u7537\u5a18\n|-start|p1a: \u53ef\u653b\u53ef\u53d7\u5c0f\u7537\u5a18|Substitute\n|-damage|p1a: \u53ef\u653b\u53ef\u53d7\u5c0f\u7537\u5a18|44\/100\n|\n|-heal|p1a: \u53ef\u653b\u53ef\u53d7\u5c0f\u7537\u5a18|50\/100|[from] item: Leftovers\n|-heal|p2a: Toxapex|73\/100|[from] item: Black Sludge\n|upkeep\n|turn|20\n|\n|t:|1700720712\n|move|p1a: \u53ef\u653b\u53ef\u53d7\u5c0f\u7537\u5a18|Sacred Sword|p2a: Toxapex\n|-resisted|p2a: Toxapex\n|-damage|p2a: Toxapex|47\/100\n|move|p2a: Toxapex|Recover|p2a: Toxapex\n|-heal|p2a: Toxapex|97\/100\n|\n|-heal|p1a: \u53ef\u653b\u53ef\u53d7\u5c0f\u7537\u5a18|56\/100|[from] item: Leftovers\n|-heal|p2a: Toxapex|100\/100|[from] item: Black Sludge\n|upkeep\n|turn|21\n|\n|t:|1700720720\n|move|p2a: Toxapex|Baneful Bunker|p2a: Toxapex\n|-singleturn|p2a: Toxapex|move: Protect\n|move|p1a: \u53ef\u653b\u53ef\u53d7\u5c0f\u7537\u5a18|Swords Dance|p1a: \u53ef\u653b\u53ef\u53d7\u5c0f\u7537\u5a18\n|-boost|p1a: \u53ef\u653b\u53ef\u53d7\u5c0f\u7537\u5a18|atk|2\n|\n|-heal|p1a: \u53ef\u653b\u53ef\u53d7\u5c0f\u7537\u5a18|63\/100|[from] item: Leftovers\n|upkeep\n|turn|22\n|\n|t:|1700720728\n|-formechange|p1a: \u53ef\u653b\u53ef\u53d7\u5c0f\u7537\u5a18|Aegislash||[from] ability: Stance Change\n|move|p1a: \u53ef\u653b\u53ef\u53d7\u5c0f\u7537\u5a18|King's Shield|p1a: \u53ef\u653b\u53ef\u53d7\u5c0f\u7537\u5a18\n|-singleturn|p1a: \u53ef\u653b\u53ef\u53d7\u5c0f\u7537\u5a18|Protect\n|move|p2a: Toxapex|Ice Beam|p1a: \u53ef\u653b\u53ef\u53d7\u5c0f\u7537\u5a18\n|-activate|p1a: \u53ef\u653b\u53ef\u53d7\u5c0f\u7537\u5a18|move: Protect\n|\n|-heal|p1a: \u53ef\u653b\u53ef\u53d7\u5c0f\u7537\u5a18|69\/100|[from] item: Leftovers\n|upkeep\n|turn|23\n|\n|t:|1700720737\n|move|p2a: Toxapex|Baneful Bunker|p2a: Toxapex\n|-singleturn|p2a: Toxapex|move: Protect\n|-formechange|p1a: \u53ef\u653b\u53ef\u53d7\u5c0f\u7537\u5a18|Aegislash-Blade||[from] ability: Stance Change\n|move|p1a: \u53ef\u653b\u53ef\u53d7\u5c0f\u7537\u5a18|Sacred Sword|p2a: Toxapex\n|-activate|p2a: Toxapex|move: Protect\n|-status|p1a: \u53ef\u653b\u53ef\u53d7\u5c0f\u7537\u5a18|psn\n|\n|-heal|p1a: \u53ef\u653b\u53ef\u53d7\u5c0f\u7537\u5a18|75\/100 psn|[from] item: Leftovers\n|-damage|p1a: \u53ef\u653b\u53ef\u53d7\u5c0f\u7537\u5a18|63\/100 psn|[from] psn\n|upkeep\n|turn|24\n|\n|t:|1700720749\n|move|p1a: \u53ef\u653b\u53ef\u53d7\u5c0f\u7537\u5a18|Sacred Sword|p2a: Toxapex\n|-resisted|p2a: Toxapex\n|-damage|p2a: Toxapex|68\/100\n|move|p2a: Toxapex|Ice Beam|p1a: \u53ef\u653b\u53ef\u53d7\u5c0f\u7537\u5a18\n|-resisted|p1a: \u53ef\u653b\u53ef\u53d7\u5c0f\u7537\u5a18\n|-activate|p1a: \u53ef\u653b\u53ef\u53d7\u5c0f\u7537\u5a18|move: Substitute|[damage]\n|\n|-heal|p1a: \u53ef\u653b\u53ef\u53d7\u5c0f\u7537\u5a18|69\/100 psn|[from] item: Leftovers\n|-heal|p2a: Toxapex|74\/100|[from] item: Black Sludge\n|-damage|p1a: \u53ef\u653b\u53ef\u53d7\u5c0f\u7537\u5a18|56\/100 psn|[from] psn\n|upkeep\n|turn|25\n|\n|t:|1700720768\n|switch|p1a: \u6e29\u67d4\u5fa1\u59d0|Cresselia, F|100\/100\n|move|p2a: Toxapex|Recover|p2a: Toxapex\n|-heal|p2a: Toxapex|100\/100\n|\n|upkeep\n|turn|26\n|\n|t:|1700720775\n|move|p1a: \u6e29\u67d4\u5fa1\u59d0|Calm Mind|p1a: \u6e29\u67d4\u5fa1\u59d0\n|-boost|p1a: \u6e29\u67d4\u5fa1\u59d0|spa|1\n|-boost|p1a: \u6e29\u67d4\u5fa1\u59d0|spd|1\n|move|p2a: Toxapex|Ice Beam|p1a: \u6e29\u67d4\u5fa1\u59d0\n|-damage|p1a: \u6e29\u67d4\u5fa1\u59d0|96\/100\n|\n|upkeep\n|turn|27\n|\n|t:|1700720781\n|move|p2a: Toxapex|Baneful Bunker|p2a: Toxapex\n|-singleturn|p2a: Toxapex|move: Protect\n|move|p1a: \u6e29\u67d4\u5fa1\u59d0|Calm Mind|p1a: \u6e29\u67d4\u5fa1\u59d0\n|-boost|p1a: \u6e29\u67d4\u5fa1\u59d0|spa|1\n|-boost|p1a: \u6e29\u67d4\u5fa1\u59d0|spd|1\n|\n|upkeep\n|turn|28\n|\n|t:|1700720788\n|move|p2a: Toxapex|Baneful Bunker||[still]\n|-fail|p2a: Toxapex\n|move|p1a: \u6e29\u67d4\u5fa1\u59d0|Stored Power|p2a: Toxapex\n|-supereffective|p2a: Toxapex\n|-damage|p2a: Toxapex|14\/100\n|\n|-heal|p2a: Toxapex|20\/100|[from] item: Black Sludge\n|upkeep\n|turn|29\n|\n|t:|1700720795\n|move|p2a: Toxapex|Baneful Bunker|p2a: Toxapex\n|-singleturn|p2a: Toxapex|move: Protect\n|move|p1a: \u6e29\u67d4\u5fa1\u59d0|Calm Mind|p1a: \u6e29\u67d4\u5fa1\u59d0\n|-boost|p1a: \u6e29\u67d4\u5fa1\u59d0|spa|1\n|-boost|p1a: \u6e29\u67d4\u5fa1\u59d0|spd|1\n|\n|-heal|p2a: Toxapex|26\/100|[from] item: Black Sludge\n|upkeep\n|turn|30\n|\n|t:|1700720802\n|move|p1a: \u6e29\u67d4\u5fa1\u59d0|Stored Power|p2a: Toxapex\n|-supereffective|p2a: Toxapex\n|-damage|p2a: Toxapex|0 fnt\n|faint|p2a: Toxapex\n|\n|upkeep\n|\n|t:|1700720807\n|switch|p2a: Corviknight|Corviknight, M|100\/100\n|turn|31\n|c|\u2606Nrgy|gg\n|\n|t:|1700720814\n|move|p1a: \u6e29\u67d4\u5fa1\u59d0|Calm Mind|p1a: \u6e29\u67d4\u5fa1\u59d0\n|-boost|p1a: \u6e29\u67d4\u5fa1\u59d0|spa|1\n|-boost|p1a: \u6e29\u67d4\u5fa1\u59d0|spd|1\n|move|p2a: Corviknight|Drill Peck|p1a: \u6e29\u67d4\u5fa1\u59d0\n|-damage|p1a: \u6e29\u67d4\u5fa1\u59d0|80\/100\n|\n|upkeep\n|turn|32\n|\n|t:|1700720821\n|move|p1a: \u6e29\u67d4\u5fa1\u59d0|Stored Power|p2a: Corviknight\n|-resisted|p2a: Corviknight\n|-damage|p2a: Corviknight|52\/100\n|move|p2a: Corviknight|Iron Head|p1a: \u6e29\u67d4\u5fa1\u59d0\n|-damage|p1a: \u6e29\u67d4\u5fa1\u59d0|63\/100\n|\n|-heal|p2a: Corviknight|58\/100|[from] item: Leftovers\n|upkeep\n|turn|33\n|\n|t:|1700720830\n|move|p1a: \u6e29\u67d4\u5fa1\u59d0|Calm Mind|p1a: \u6e29\u67d4\u5fa1\u59d0\n|-boost|p1a: \u6e29\u67d4\u5fa1\u59d0|spa|1\n|-boost|p1a: \u6e29\u67d4\u5fa1\u59d0|spd|1\n|move|p2a: Corviknight|Iron Head|p1a: \u6e29\u67d4\u5fa1\u59d0\n|-damage|p1a: \u6e29\u67d4\u5fa1\u59d0|47\/100\n|\n|-heal|p2a: Corviknight|64\/100|[from] item: Leftovers\n|upkeep\n|turn|34\n|\n|t:|1700720838\n|move|p1a: \u6e29\u67d4\u5fa1\u59d0|Stored Power|p2a: Corviknight\n|-resisted|p2a: Corviknight\n|-damage|p2a: Corviknight|0 fnt\n|faint|p2a: Corviknight\n|\n|win|zhishixuebao279\n|raw|zhishixuebao279's rating: 1000 &rarr; <strong>1046<\/strong><br \/>(+46 for winning)\n|raw|Nrgy's rating: 1052 &rarr; <strong>1032<\/strong><br \/>(-20 for losing)\n","uploadtime":1700720842,"views":1,"p1id":"zhishixuebao279","p2id":"nrgy","formatid":"gen9nationaldex","rating":1032,"private":0,"password":""}