{"id":"gen9nationaldex-1996317490","p1":"MP1024","p2":"PM4201","format":"[Gen 9] National Dex","log":"|html|<div class=\"broadcast-blue\"><strong>[Gen 9] National Dex is currently suspecting Sneasler! For information on how to participate check out the <a href=\"https:\/\/www.smogon.com\/forums\/threads\/sv-national-dex-suspect-8-just-dance.3731534\/\">suspect thread<\/a>.<\/strong><\/div>\n|j|\u2606MP1024\n|j|\u2606PM4201\n|t:|1700670581\n|gametype|singles\n|player|p1|MP1024|scientist|\n|player|p2|PM4201|pokemonranger-gen4|\n|teamsize|p1|6\n|teamsize|p2|6\n|gen|9\n|tier|[Gen 9] National Dex\n|rule|HP Percentage Mod: HP is shown in percentages\n|rule|Endless Battle Clause: Forcing endless battles is banned\n|rule|OHKO Clause: OHKO moves are banned\n|rule|Evasion Clause: Evasion abilities, items, and moves are banned\n|rule|Evasion Abilities Clause: Evasion abilities are banned\n|rule|Evasion Items Clause: Evasion items are banned\n|rule|Evasion Moves Clause: Evasion moves are banned\n|rule|Species Clause: Limit one of each Pok\u00e9mon\n|rule|Sleep Clause Mod: Limit one foe put to sleep\n|clearpoke\n|poke|p1|Floatzel, M|\n|poke|p1|Clodsire, F|\n|poke|p1|Toxtricity, F|\n|poke|p1|Maushold-Four|\n|poke|p1|Ceruledge, F|\n|poke|p1|Meowscarada, F|\n|poke|p2|Hatterene, F|\n|poke|p2|Falinks|\n|poke|p2|Alcremie-Rainbow-Swirl, F|\n|poke|p2|Dracozolt|\n|poke|p2|Eldegoss, M|\n|poke|p2|Scolipede, F|\n|teampreview\n|inactive|Battle timer is ON: inactive players will automatically lose when time's up. (requested by MP1024)\n|inactive|MP1024 has 270 seconds left.\n|inactive|PM4201 has 270 seconds left.\n|\n|t:|1700670628\n|start\n|switch|p1a: Maushold|Maushold-Four|100\/100\n|switch|p2a: Hatterene|Hatterene, F|100\/100\n|turn|1\n|\n|t:|1700670642\n|move|p1a: Maushold|Tidy Up|p1a: Maushold\n|-boost|p1a: Maushold|atk|1\n|-boost|p1a: Maushold|spe|1\n|move|p2a: Hatterene|Trick Room|p2a: Hatterene\n|-fieldstart|move: Trick Room|[of] p2a: Hatterene\n|\n|upkeep\n|turn|2\n|\n|t:|1700670652\n|move|p2a: Hatterene|Psychic|p1a: Maushold\n|-damage|p1a: Maushold|23\/100\n|move|p1a: Maushold|Population Bomb|p2a: Hatterene\n|-damage|p2a: Hatterene|80\/100\n|-damage|p2a: Hatterene|61\/100\n|-damage|p2a: Hatterene|41\/100\n|-damage|p2a: Hatterene|24\/100\n|-damage|p2a: Hatterene|4\/100\n|-damage|p2a: Hatterene|0 fnt\n|faint|p2a: Hatterene\n|-hitcount|p2: Hatterene|6\n|\n|upkeep\n|\n|t:|1700670665\n|switch|p2a: Falinks|Falinks|100\/100\n|turn|3\n|\n|t:|1700670672\n|move|p2a: Falinks|First Impression|p1a: Maushold\n|-damage|p1a: Maushold|0 fnt\n|faint|p1a: Maushold\n|\n|upkeep\n|\n|t:|1700670681\n|switch|p1a: Toxtricity|Toxtricity, F|100\/100\n|turn|4\n|\n|t:|1700670700\n|switch|p2a: Eldegoss|Eldegoss, M|100\/100\n|move|p1a: Toxtricity|Shift Gear|p1a: Toxtricity\n|-boost|p1a: Toxtricity|spe|2\n|-boost|p1a: Toxtricity|atk|1\n|\n|upkeep\n|turn|5\n|\n|t:|1700670709\n|move|p2a: Eldegoss|Grassy Terrain|p2a: Eldegoss\n|-fieldstart|move: Grassy Terrain\n|move|p1a: Toxtricity|Sludge Wave|p2a: Eldegoss\n|-supereffective|p2a: Eldegoss\n|-damage|p2a: Eldegoss|11\/100\n|\n|-heal|p2a: Eldegoss|17\/100|[from] Grassy Terrain\n|-fieldend|move: Trick Room\n|upkeep\n|turn|6\n|\n|t:|1700670720\n|move|p1a: Toxtricity|Hyper Voice|p2a: Eldegoss\n|-damage|p2a: Eldegoss|0 fnt\n|faint|p2a: Eldegoss\n|-enditem|p1a: Toxtricity|Throat Spray\n|-boost|p1a: Toxtricity|spa|1|[from] item: Throat Spray\n|\n|upkeep\n|\n|t:|1700670726\n|switch|p2a: Scolipede|Scolipede, F|100\/100\n|turn|7\n|\n|t:|1700670733\n|move|p1a: Toxtricity|Overdrive|p2a: Scolipede\n|-damage|p2a: Scolipede|0 fnt\n|faint|p2a: Scolipede\n|\n|upkeep\n|\n|t:|1700670743\n|switch|p2a: Dracozolt|Dracozolt|100\/100\n|turn|8\n|\n|t:|1700670750\n|move|p2a: Dracozolt|Earthquake|p1a: Toxtricity\n|-supereffective|p1a: Toxtricity\n|-damage|p1a: Toxtricity|30\/100\n|move|p1a: Toxtricity|Hyper Voice|p2a: Dracozolt\n|-damage|p2a: Dracozolt|14\/100\n|\n|-heal|p2a: Dracozolt|20\/100|[from] Grassy Terrain\n|-heal|p1a: Toxtricity|37\/100|[from] Grassy Terrain\n|upkeep\n|turn|9\n|\n|t:|1700670762\n|move|p2a: Dracozolt|Earthquake|p1a: Toxtricity\n|-supereffective|p1a: Toxtricity\n|-damage|p1a: Toxtricity|0 fnt\n|faint|p1a: Toxtricity\n|\n|-heal|p2a: Dracozolt|26\/100|[from] Grassy Terrain\n|upkeep\n|\n|t:|1700670769\n|switch|p1a: Meowscarada|Meowscarada, F|100\/100\n|turn|10\n|\n|t:|1700670781\n|switch|p2a: Alcremie|Alcremie-Rainbow-Swirl, F|100\/100\n|move|p1a: Meowscarada|Play Rough|p2a: Alcremie\n|-damage|p2a: Alcremie|64\/100\n|\n|-heal|p2a: Alcremie|70\/100|[from] Grassy Terrain\n|upkeep\n|turn|11\n|\n|t:|1700670794\n|move|p1a: Meowscarada|Flower Trick|p2a: Alcremie\n|-crit|p2a: Alcremie\n|-damage|p2a: Alcremie|0 fnt\n|faint|p2a: Alcremie\n|\n|upkeep\n|\n|t:|1700670800\n|switch|p2a: Dracozolt|Dracozolt|26\/100\n|turn|12\n|\n|t:|1700670809\n|-terastallize|p2a: Dracozolt|Electric\n|move|p2a: Dracozolt|Bolt Beak|p1a: Meowscarada\n|-resisted|p1a: Meowscarada\n|-damage|p1a: Meowscarada|25\/100\n|move|p1a: Meowscarada|Play Rough|p2a: Dracozolt\n|-crit|p2a: Dracozolt\n|-damage|p2a: Dracozolt|0 fnt\n|faint|p2a: Dracozolt\n|\n|-heal|p1a: Meowscarada|31\/100|[from] Grassy Terrain\n|-fieldend|move: Grassy Terrain\n|upkeep\n|\n|t:|1700670821\n|switch|p2a: Falinks|Falinks|100\/100\n|turn|13\n|\n|t:|1700670825\n|move|p2a: Falinks|First Impression|p1a: Meowscarada\n|-supereffective|p1a: Meowscarada\n|-damage|p1a: Meowscarada|0 fnt\n|faint|p1a: Meowscarada\n|\n|upkeep\n|\n|t:|1700670834\n|switch|p1a: Clodsire|Clodsire, F|100\/100\n|turn|14\n|\n|t:|1700670839\n|move|p2a: Falinks|No Retreat|p2a: Falinks\n|-boost|p2a: Falinks|atk|1\n|-boost|p2a: Falinks|def|1\n|-boost|p2a: Falinks|spa|1\n|-boost|p2a: Falinks|spd|1\n|-boost|p2a: Falinks|spe|1\n|-start|p2a: Falinks|move: No Retreat\n|move|p1a: Clodsire|Stockpile|p1a: Clodsire\n|-start|p1a: Clodsire|stockpile1\n|-boost|p1a: Clodsire|def|1\n|-boost|p1a: Clodsire|spd|1\n|\n|upkeep\n|turn|15\n|\n|t:|1700670852\n|move|p2a: Falinks|Close Combat|p1a: Clodsire\n|-resisted|p1a: Clodsire\n|-damage|p1a: Clodsire|77\/100\n|-unboost|p2a: Falinks|def|1\n|-unboost|p2a: Falinks|spd|1\n|move|p1a: Clodsire|Stockpile|p1a: Clodsire\n|-start|p1a: Clodsire|stockpile2\n|-boost|p1a: Clodsire|def|1\n|-boost|p1a: Clodsire|spd|1\n|\n|-heal|p1a: Clodsire|84\/100|[from] item: Leftovers\n|upkeep\n|turn|16\n|\n|t:|1700670870\n|move|p2a: Falinks|No Retreat||[still]\n|-fail|p2a: Falinks\n|move|p1a: Clodsire|Stockpile|p1a: Clodsire\n|-start|p1a: Clodsire|stockpile3\n|-boost|p1a: Clodsire|def|1\n|-boost|p1a: Clodsire|spd|1\n|\n|-heal|p1a: Clodsire|90\/100|[from] item: Leftovers\n|upkeep\n|turn|17\n|\n|t:|1700670881\n|-terastallize|p1a: Clodsire|Poison\n|move|p2a: Falinks|Close Combat|p1a: Clodsire\n|-resisted|p1a: Clodsire\n|-crit|p1a: Clodsire\n|-damage|p1a: Clodsire|38\/100\n|-unboost|p2a: Falinks|def|1\n|-unboost|p2a: Falinks|spd|1\n|move|p1a: Clodsire|Poison Jab|p2a: Falinks\n|-damage|p2a: Falinks|56\/100\n|-status|p2a: Falinks|psn\n|\n|-heal|p1a: Clodsire|45\/100|[from] item: Leftovers\n|-damage|p2a: Falinks|43\/100 psn|[from] psn\n|upkeep\n|turn|18\n|\n|t:|1700670897\n|move|p2a: Falinks|Close Combat|p1a: Clodsire\n|-resisted|p1a: Clodsire\n|-damage|p1a: Clodsire|31\/100\n|-unboost|p2a: Falinks|def|1\n|-unboost|p2a: Falinks|spd|1\n|move|p1a: Clodsire|Poison Jab|p2a: Falinks\n|-damage|p2a: Falinks|0 fnt\n|faint|p2a: Falinks\n|\n|win|MP1024\n","uploadtime":1700670917,"views":0,"p1id":"mp1024","p2id":"pm4201","formatid":"gen9nationaldex","rating":0,"private":0,"password":""}