{"id":"gen9nationaldex-1990081497","p1":"Oliver45","p2":"steals many wives","format":"[Gen 9] National Dex","log":"|j|\u2606Oliver45\n|j|\u2606steals many wives\n|t:|1699922544\n|gametype|singles\n|player|p1|Oliver45|unknown|1113\n|player|p2|steals many wives|waitress|1108\n|teamsize|p1|6\n|teamsize|p2|6\n|gen|9\n|tier|[Gen 9] National Dex\n|rated|\n|rule|HP Percentage Mod: HP is shown in percentages\n|rule|Endless Battle Clause: Forcing endless battles is banned\n|rule|OHKO Clause: OHKO moves are banned\n|rule|Evasion Clause: Evasion abilities, items, and moves are banned\n|rule|Evasion Abilities Clause: Evasion abilities are banned\n|rule|Evasion Items Clause: Evasion items are banned\n|rule|Evasion Moves Clause: Evasion moves are banned\n|rule|Species Clause: Limit one of each Pok\u00e9mon\n|rule|Sleep Clause Mod: Limit one foe put to sleep\n|clearpoke\n|poke|p1|Haxorus, M|\n|poke|p1|Greninja-*, M|\n|poke|p1|Serperior, F|\n|poke|p1|Ceruledge, M|\n|poke|p1|Lucario, F|\n|poke|p1|Tapu Koko|\n|poke|p2|Aggron, M|\n|poke|p2|Ferrothorn, M|\n|poke|p2|Goodra-Hisui, F|\n|poke|p2|Celesteela|\n|poke|p2|Heatran, M|\n|poke|p2|Excadrill, M|\n|teampreview\n|inactive|Battle timer is ON: inactive players will automatically lose when time's up. (requested by Oliver45)\n|\n|t:|1699922557\n|start\n|switch|p1a: Haxorus|Haxorus, M|100\/100\n|switch|p2a: Lego|Ferrothorn, M|100\/100\n|-ability|p1a: Haxorus|Mold Breaker\n|turn|1\n|\n|t:|1699922563\n|move|p1a: Haxorus|Dragon Dance|p1a: Haxorus\n|-boost|p1a: Haxorus|atk|1\n|-boost|p1a: Haxorus|spe|1\n|move|p2a: Lego|Stealth Rock|p1a: Haxorus\n|-sidestart|p1: Oliver45|move: Stealth Rock\n|\n|upkeep\n|turn|2\n|\n|t:|1699922568\n|move|p1a: Haxorus|Dragon Dance|p1a: Haxorus\n|-boost|p1a: Haxorus|atk|1\n|-boost|p1a: Haxorus|spe|1\n|move|p2a: Lego|Leech Seed|p1a: Haxorus\n|-start|p1a: Haxorus|move: Leech Seed\n|\n|-damage|p1a: Haxorus|88\/100|[from] Leech Seed|[of] p2a: Lego\n|upkeep\n|turn|3\n|\n|t:|1699922574\n|move|p1a: Haxorus|Close Combat|p2a: Lego\n|-supereffective|p2a: Lego\n|-damage|p2a: Lego|0 fnt\n|-unboost|p1a: Haxorus|def|1\n|-unboost|p1a: Haxorus|spd|1\n|-damage|p1a: Haxorus|76\/100|[from] ability: Iron Barbs|[of] p2a: Lego\n|-damage|p1a: Haxorus|60\/100|[from] item: Rocky Helmet|[of] p2a: Lego\n|faint|p2a: Lego\n|\n|upkeep\n|\n|t:|1699922583\n|switch|p2a: Team Rocket|Celesteela|100\/100\n|turn|4\n|\n|t:|1699922591\n|move|p2a: Team Rocket|Protect|p2a: Team Rocket\n|-singleturn|p2a: Team Rocket|Protect\n|move|p1a: Haxorus|Close Combat|p2a: Team Rocket\n|-activate|p2a: Team Rocket|move: Protect\n|\n|-damage|p1a: Haxorus|47\/100|[from] Leech Seed|[of] p2a: Team Rocket\n|upkeep\n|turn|5\n|\n|t:|1699922600\n|move|p1a: Haxorus|Close Combat|p2a: Team Rocket\n|-damage|p2a: Team Rocket|27\/100\n|-unboost|p1a: Haxorus|def|1\n|-unboost|p1a: Haxorus|spd|1\n|move|p2a: Team Rocket|Fly||[still]\n|-prepare|p2a: Team Rocket|Fly\n|\n|-heal|p2a: Team Rocket|33\/100|[from] item: Leftovers\n|-damage|p1a: Haxorus|35\/100|[from] Leech Seed|[of] p2a: Team Rocket\n|-heal|p2a: Team Rocket|42\/100|[silent]\n|upkeep\n|turn|6\n|\n|t:|1699922614\n|switch|p1a: Tapu Koko|Tapu Koko|100\/100\n|-damage|p1a: Tapu Koko|88\/100|[from] Stealth Rock\n|-fieldstart|move: Electric Terrain|[from] ability: Electric Surge|[of] p1a: Tapu Koko\n|move|p2a: Team Rocket|Fly|p1a: Tapu Koko|[from]lockedmove\n|-resisted|p1a: Tapu Koko\n|-damage|p1a: Tapu Koko|66\/100\n|\n|-heal|p2a: Team Rocket|48\/100|[from] item: Leftovers\n|upkeep\n|turn|7\n|\n|t:|1699922623\n|move|p2a: Team Rocket|Protect|p2a: Team Rocket\n|-singleturn|p2a: Team Rocket|Protect\n|move|p1a: Tapu Koko|Defog|p2a: Team Rocket\n|-activate|p2a: Team Rocket|move: Protect\n|\n|-heal|p2a: Team Rocket|55\/100|[from] item: Leftovers\n|upkeep\n|turn|8\n|\n|t:|1699922650\n|switch|p2a: Slime Shady|Goodra-Hisui, F|100\/100\n|move|p1a: Tapu Koko|Defog|p2a: Slime Shady\n|-unboost|p2a: Slime Shady|evasion|1\n|-sideend|p1: Oliver45|Stealth Rock|[from] move: Defog|[of] p1a: Tapu Koko\n|-fieldend|move: Electric Terrain\n|\n|upkeep\n|turn|9\n|\n|t:|1699922663\n|-zpower|p1a: Tapu Koko\n|move|p1a: Tapu Koko|Twinkle Tackle|p2a: Slime Shady|[zeffect]\n|-damage|p2a: Slime Shady|59\/100\n|move|p2a: Slime Shady|Substitute|p2a: Slime Shady\n|-start|p2a: Slime Shady|Substitute\n|-damage|p2a: Slime Shady|34\/100\n|\n|upkeep\n|turn|10\n|inactive|Oliver45 has 120 seconds left.\n|\n|t:|1699922700\n|move|p1a: Tapu Koko|Thunderbolt|p2a: Slime Shady\n|-resisted|p2a: Slime Shady\n|-activate|p2a: Slime Shady|move: Substitute|[damage]\n|move|p2a: Slime Shady|Flash Cannon|p1a: Tapu Koko\n|-damage|p1a: Tapu Koko|19\/100\n|-unboost|p1a: Tapu Koko|spd|1\n|\n|upkeep\n|turn|11\n|\n|t:|1699922707\n|move|p1a: Tapu Koko|Thunderbolt|p2a: Slime Shady\n|-resisted|p2a: Slime Shady\n|-activate|p2a: Slime Shady|move: Substitute|[damage]\n|move|p2a: Slime Shady|Flash Cannon|p1a: Tapu Koko\n|-damage|p1a: Tapu Koko|0 fnt\n|faint|p1a: Tapu Koko\n|\n|upkeep\n|\n|t:|1699922720\n|switch|p1a: Lucario|Lucario, F, shiny|100\/100\n|turn|12\n|\n|t:|1699922723\n|move|p1a: Lucario|Swords Dance|p1a: Lucario\n|-boost|p1a: Lucario|atk|2\n|move|p2a: Slime Shady|Flamethrower|p1a: Lucario\n|-supereffective|p1a: Lucario\n|-damage|p1a: Lucario|24\/100\n|\n|upkeep\n|turn|13\n|inactive|Oliver45 has 120 seconds left.\n|\n|t:|1699922734\n|move|p1a: Lucario|Bullet Punch|p2a: Slime Shady\n|-resisted|p2a: Slime Shady\n|-end|p2a: Slime Shady|Substitute\n|move|p2a: Slime Shady|Flamethrower|p1a: Lucario\n|-supereffective|p1a: Lucario\n|-damage|p1a: Lucario|0 fnt\n|faint|p1a: Lucario\n|\n|upkeep\n|c|\u2606steals many wives|you threw\n|\n|t:|1699922741\n|switch|p1a: Haxorus|Haxorus, M|35\/100\n|-ability|p1a: Haxorus|Mold Breaker\n|turn|14\n|c|\u2606Oliver45|?\n|inactive|Oliver45 has 120 seconds left.\n|\n|t:|1699922750\n|move|p1a: Haxorus|Close Combat|p2a: Slime Shady\n|-supereffective|p2a: Slime Shady\n|-damage|p2a: Slime Shady|0 fnt\n|-unboost|p1a: Haxorus|def|1\n|-unboost|p1a: Haxorus|spd|1\n|-damage|p1a: Haxorus|19\/100|[from] item: Rocky Helmet|[of] p2a: Slime Shady\n|-ability|p2a: Slime Shady|Gooey\n|-unboost|p1a: Haxorus|spe|1\n|faint|p2a: Slime Shady\n|\n|upkeep\n|c|\u2606steals many wives|you should have just gone for the kill instantly with lucario\n|\n|t:|1699922768\n|switch|p2a: Drilliam Wallace|Excadrill, M|100\/100\n|-ability|p2a: Drilliam Wallace|Mold Breaker\n|turn|15\n|c|\u2606Oliver45|no cap\n|inactive|Oliver45 has 120 seconds left.\n|\n|t:|1699922785\n|move|p2a: Drilliam Wallace|Earthquake|p1a: Haxorus\n|-damage|p1a: Haxorus|0 fnt\n|faint|p1a: Haxorus\n|\n|upkeep\n|inactive|Oliver45 has 120 seconds left.\n|\n|t:|1699922799\n|switch|p1a: Greninja|Greninja, M|100\/100\n|turn|16\n|\n|t:|1699922803\n|switch|p2a: Team Rocket|Celesteela|55\/100\n|-terastallize|p1a: Greninja|Ground\n|move|p1a: Greninja|Surf|p2a: Team Rocket\n|-damage|p2a: Team Rocket|23\/100\n|\n|-heal|p2a: Team Rocket|30\/100|[from] item: Leftovers\n|upkeep\n|turn|17\n|\n|t:|1699922811\n|move|p2a: Team Rocket|Protect|p2a: Team Rocket\n|-singleturn|p2a: Team Rocket|Protect\n|move|p1a: Greninja|Surf|p2a: Team Rocket\n|-activate|p2a: Team Rocket|move: Protect\n|\n|-heal|p2a: Team Rocket|36\/100|[from] item: Leftovers\n|upkeep\n|turn|18\n|\n|t:|1699922817\n|move|p1a: Greninja|Surf|p2a: Team Rocket\n|-damage|p2a: Team Rocket|6\/100\n|move|p2a: Team Rocket|Leech Seed|p1a: Greninja\n|-start|p1a: Greninja|move: Leech Seed\n|\n|-heal|p2a: Team Rocket|12\/100|[from] item: Leftovers\n|-damage|p1a: Greninja|88\/100|[from] Leech Seed|[of] p2a: Team Rocket\n|-heal|p2a: Team Rocket|22\/100|[silent]\n|upkeep\n|turn|19\n|\n|t:|1699922827\n|move|p2a: Team Rocket|Protect|p2a: Team Rocket\n|-singleturn|p2a: Team Rocket|Protect\n|move|p1a: Greninja|Dark Pulse|p2a: Team Rocket\n|-activate|p2a: Team Rocket|move: Protect\n|\n|-heal|p2a: Team Rocket|28\/100|[from] item: Leftovers\n|-damage|p1a: Greninja|76\/100|[from] Leech Seed|[of] p2a: Team Rocket\n|-heal|p2a: Team Rocket|37\/100|[silent]\n|upkeep\n|turn|20\n|\n|t:|1699922837\n|move|p1a: Greninja|Dark Pulse|p2a: Team Rocket\n|-damage|p2a: Team Rocket|8\/100\n|cant|p2a: Team Rocket|flinch\n|\n|-heal|p2a: Team Rocket|14\/100|[from] item: Leftovers\n|-damage|p1a: Greninja|64\/100|[from] Leech Seed|[of] p2a: Team Rocket\n|-heal|p2a: Team Rocket|23\/100|[silent]\n|upkeep\n|turn|21\n|\n|t:|1699922844\n|move|p2a: Team Rocket|Protect|p2a: Team Rocket\n|-singleturn|p2a: Team Rocket|Protect\n|move|p1a: Greninja|Dark Pulse|p2a: Team Rocket\n|-activate|p2a: Team Rocket|move: Protect\n|\n|-heal|p2a: Team Rocket|30\/100|[from] item: Leftovers\n|-damage|p1a: Greninja|51\/100|[from] Leech Seed|[of] p2a: Team Rocket\n|-heal|p2a: Team Rocket|39\/100|[silent]\n|upkeep\n|turn|22\n|\n|t:|1699922852\n|move|p1a: Greninja|Surf|p2a: Team Rocket\n|-damage|p2a: Team Rocket|10\/100\n|move|p2a: Team Rocket|Fly||[still]\n|-prepare|p2a: Team Rocket|Fly\n|\n|-heal|p2a: Team Rocket|17\/100|[from] item: Leftovers\n|-damage|p1a: Greninja|39\/100|[from] Leech Seed|[of] p2a: Team Rocket\n|-heal|p2a: Team Rocket|26\/100|[silent]\n|upkeep\n|turn|23\n|\n|t:|1699922859\n|move|p1a: Greninja|Dark Pulse|p2a: Team Rocket|[miss]\n|-miss|p1a: Greninja|p2a: Team Rocket\n|move|p2a: Team Rocket|Fly|p1a: Greninja|[from]lockedmove\n|-damage|p1a: Greninja|0 fnt\n|faint|p1a: Greninja\n|-ability|p2a: Team Rocket|Beast Boost|boost\n|-boost|p2a: Team Rocket|def|1\n|\n|-heal|p2a: Team Rocket|32\/100|[from] item: Leftovers\n|upkeep\n|\n|t:|1699922864\n|switch|p1a: Ceruledge|Ceruledge, M|100\/100\n|turn|24\n|\n|t:|1699922873\n|move|p1a: Ceruledge|Bitter Blade|p2a: Team Rocket\n|-supereffective|p2a: Team Rocket\n|-damage|p2a: Team Rocket|0 fnt\n|faint|p2a: Team Rocket\n|\n|upkeep\n|\n|t:|1699922880\n|switch|p2a: Slag Heap|Heatran, M|100\/100\n|turn|25\n|\n|t:|1699922886\n|move|p2a: Slag Heap|Earth Power|p1a: Ceruledge\n|-supereffective|p1a: Ceruledge\n|-damage|p1a: Ceruledge|28\/100\n|-enditem|p1a: Ceruledge|Weakness Policy\n|-boost|p1a: Ceruledge|atk|2|[from] item: Weakness Policy\n|-boost|p1a: Ceruledge|spa|2|[from] item: Weakness Policy\n|move|p1a: Ceruledge|Brick Break|p2a: Slag Heap\n|-supereffective|p2a: Slag Heap\n|-crit|p2a: Slag Heap\n|-damage|p2a: Slag Heap|0 fnt\n|faint|p2a: Slag Heap\n|\n|upkeep\n|c|\u2606Oliver45|thx\n|c|\u2606steals many wives|oh shit\n|\n|t:|1699922897\n|switch|p2a: Drilliam Wallace|Excadrill, M|100\/100\n|-ability|p2a: Drilliam Wallace|Mold Breaker\n|turn|26\n|c|\u2606Oliver45|oh no\n|c|\u2606steals many wives|i didn't know that could be bulky\n|\n|t:|1699922911\n|move|p1a: Ceruledge|Shadow Sneak|p2a: Drilliam Wallace\n|-damage|p2a: Drilliam Wallace|42\/100\n|move|p2a: Drilliam Wallace|Earthquake|p1a: Ceruledge\n|-supereffective|p1a: Ceruledge\n|-damage|p1a: Ceruledge|0 fnt\n|faint|p1a: Ceruledge\n|\n|upkeep\n|\n|t:|1699922916\n|switch|p1a: Serperior|Serperior, F, shiny|100\/100\n|turn|27\n|\n|t:|1699922919\n|move|p1a: Serperior|Leaf Storm|p2a: Drilliam Wallace\n|-damage|p2a: Drilliam Wallace|0 fnt\n|-boost|p1a: Serperior|spa|2\n|faint|p2a: Drilliam Wallace\n|\n|upkeep\n|\n|t:|1699922924\n|switch|p2a: The Wall|Aggron, M|100\/100\n|turn|28\n|\n|t:|1699922935\n|detailschange|p2a: The Wall|Aggron-Mega, M\n|-mega|p2a: The Wall|Aggron|Aggronite\n|move|p1a: Serperior|Hidden Power|p2a: The Wall\n|-damage|p2a: The Wall|62\/100\n|move|p2a: The Wall|Iron Head|p1a: Serperior\n|-damage|p1a: Serperior|48\/100\n|\n|upkeep\n|turn|29\n|\n|t:|1699922944\n|move|p1a: Serperior|Hidden Power|p2a: The Wall\n|-damage|p2a: The Wall|21\/100\n|move|p2a: The Wall|Iron Head|p1a: Serperior\n|-damage|p1a: Serperior|0 fnt\n|faint|p1a: Serperior\n|\n|win|steals many wives\n|raw|Oliver45's rating: 1113 &rarr; <strong>1088<\/strong><br \/>(-25 for losing)\n|raw|steals many wives's rating: 1108 &rarr; <strong>1133<\/strong><br \/>(+25 for winning)\n|c|\u2606Oliver45|gg\n|c|\u2606steals many wives|Can't break the Wall\n","uploadtime":1699922975,"views":4,"p1id":"oliver45","p2id":"stealsmanywives","formatid":"gen9nationaldex","rating":1088,"private":0,"password":""}