{"id":"gen9nationaldex-1990118360","p1":"Fallout 3 Enjoyer","p2":"Baad Laaag","format":"[Gen 9] National Dex","log":"|j|\u2606Fallout 3 Enjoyer\n|j|\u2606Baad Laaag\n|t:|1699926501\n|gametype|singles\n|player|p1|Fallout 3 Enjoyer|acetrainerf|1203\n|player|p2|Baad Laaag|101|1313\n|teamsize|p1|6\n|teamsize|p2|6\n|gen|9\n|tier|[Gen 9] National Dex\n|rated|\n|rule|HP Percentage Mod: HP is shown in percentages\n|rule|Endless Battle Clause: Forcing endless battles is banned\n|rule|OHKO Clause: OHKO moves are banned\n|rule|Evasion Clause: Evasion abilities, items, and moves are banned\n|rule|Evasion Abilities Clause: Evasion abilities are banned\n|rule|Evasion Items Clause: Evasion items are banned\n|rule|Evasion Moves Clause: Evasion moves are banned\n|rule|Species Clause: Limit one of each Pok\u00e9mon\n|rule|Sleep Clause Mod: Limit one foe put to sleep\n|clearpoke\n|poke|p1|Clodsire, F|\n|poke|p1|Bellibolt, F|\n|poke|p1|Politoed, F|\n|poke|p1|Poliwrath, F|\n|poke|p1|Swampert, F|\n|poke|p1|Toxicroak, F|\n|poke|p2|Cresselia, F|\n|poke|p2|Skarmory, M|\n|poke|p2|Toxapex, F|\n|poke|p2|Garganacl, M|\n|poke|p2|Gliscor, F|\n|poke|p2|Lopunny, M|\n|teampreview\n|inactive|Battle timer is ON: inactive players will automatically lose when time's up. (requested by Fallout 3 Enjoyer)\n|c|\u2606Baad Laaag|FROG\n|c|\u2606Baad Laaag|PM7 GUARANTEED\n|c|\u2606Baad Laaag|I'M GETTING CLAPPED FR\n|inactive|Baad Laaag has 120 seconds left.\n|\n|t:|1699926535\n|start\n|switch|p1a: Damp Frog|Politoed, F, shiny|100\/100\n|switch|p2a: Cresselia|Cresselia, F|100\/100\n|-weather|RainDance|[from] ability: Drizzle|[of] p1a: Damp Frog\n|turn|1\n|\n|t:|1699926539\n|move|p2a: Cresselia|Calm Mind|p2a: Cresselia\n|-boost|p2a: Cresselia|spa|1\n|-boost|p2a: Cresselia|spd|1\n|move|p1a: Damp Frog|Weather Ball|p2a: Cresselia\n|-damage|p2a: Cresselia|79\/100\n|\n|-weather|RainDance|[upkeep]\n|upkeep\n|turn|2\n|\n|t:|1699926542\n|switch|p1a: Poison Frog|Toxicroak, F|100\/100\n|move|p2a: Cresselia|Calm Mind|p2a: Cresselia\n|-boost|p2a: Cresselia|spa|1\n|-boost|p2a: Cresselia|spd|1\n|\n|-weather|RainDance|[upkeep]\n|upkeep\n|turn|3\n|\n|t:|1699926553\n|move|p1a: Poison Frog|Fake Out|p2a: Cresselia\n|-damage|p2a: Cresselia|70\/100\n|move|p2a: Cresselia|Calm Mind|p2a: Cresselia\n|-boost|p2a: Cresselia|spa|1\n|-boost|p2a: Cresselia|spd|1\n|\n|-weather|RainDance|[upkeep]\n|upkeep\n|turn|4\n|c|\u2606Fallout 3 Enjoyer|no flinch?\n|inactive|Fallout 3 Enjoyer has 120 seconds left.\n|\n|t:|1699926584\n|-terastallize|p1a: Poison Frog|Dark\n|move|p1a: Poison Frog|Sucker Punch|p2a: Cresselia\n|-supereffective|p2a: Cresselia\n|-damage|p2a: Cresselia|21\/100\n|move|p2a: Cresselia|Stored Power|p1a: Poison Frog\n|-immune|p1a: Poison Frog\n|\n|-weather|RainDance|[upkeep]\n|upkeep\n|turn|5\n|c|\u2606Baad Laaag|covert\n|c|\u2606Fallout 3 Enjoyer|ah\n|\n|t:|1699926592\n|move|p2a: Cresselia|Moonlight|p2a: Cresselia\n|-heal|p2a: Cresselia|46\/100\n|move|p1a: Poison Frog|Poison Jab|p2a: Cresselia\n|-damage|p2a: Cresselia|19\/100\n|\n|-weather|RainDance|[upkeep]\n|upkeep\n|turn|6\n|\n|t:|1699926612\n|move|p2a: Cresselia|Moonlight|p2a: Cresselia\n|-heal|p2a: Cresselia|44\/100\n|move|p1a: Poison Frog|Poison Jab|p2a: Cresselia\n|-damage|p2a: Cresselia|18\/100\n|\n|-weather|RainDance|[upkeep]\n|upkeep\n|turn|7\n|\n|t:|1699926616\n|move|p2a: Cresselia|Moonlight|p2a: Cresselia\n|-heal|p2a: Cresselia|43\/100\n|move|p1a: Poison Frog|Poison Jab|p2a: Cresselia\n|-damage|p2a: Cresselia|17\/100\n|\n|-weather|RainDance|[upkeep]\n|upkeep\n|turn|8\n|\n|t:|1699926620\n|move|p2a: Cresselia|Moonlight|p2a: Cresselia\n|-heal|p2a: Cresselia|42\/100\n|move|p1a: Poison Frog|Poison Jab|p2a: Cresselia\n|-damage|p2a: Cresselia|12\/100\n|\n|-weather|none\n|upkeep\n|turn|9\n|\n|t:|1699926625\n|switch|p1a: Damp Frog|Politoed, F, shiny|100\/100\n|-weather|RainDance|[from] ability: Drizzle|[of] p1a: Damp Frog\n|move|p2a: Cresselia|Moonlight|p2a: Cresselia\n|-heal|p2a: Cresselia|37\/100\n|\n|-weather|RainDance|[upkeep]\n|upkeep\n|turn|10\n|\n|t:|1699926630\n|switch|p2a: Lopunny|Lopunny, M|100\/100\n|switch|p1a: Fisty Frog|Poliwrath, F|100\/100\n|\n|-weather|RainDance|[upkeep]\n|upkeep\n|turn|11\n|\n|t:|1699926634\n|detailschange|p2a: Lopunny|Lopunny-Mega, M\n|-mega|p2a: Lopunny|Lopunny|Lopunnite\n|move|p2a: Lopunny|Fake Out|p1a: Fisty Frog\n|-damage|p1a: Fisty Frog|75\/100\n|cant|p1a: Fisty Frog|flinch\n|\n|-weather|RainDance|[upkeep]\n|upkeep\n|turn|12\n|\n|t:|1699926640\n|move|p1a: Fisty Frog|Drain Punch|p2a: Lopunny\n|-supereffective|p2a: Lopunny\n|-damage|p2a: Lopunny|0 fnt\n|-heal|p1a: Fisty Frog|100\/100|[from] drain|[of] p2a: Lopunny\n|faint|p2a: Lopunny\n|-damage|p1a: Fisty Frog|91\/100|[from] item: Life Orb\n|\n|-weather|RainDance|[upkeep]\n|upkeep\n|\n|t:|1699926647\n|switch|p2a: Gliscor|Gliscor, F|100\/100\n|turn|13\n|\n|t:|1699926657\n|-terastallize|p2a: Gliscor|Water\n|move|p1a: Fisty Frog|Waterfall|p2a: Gliscor\n|-resisted|p2a: Gliscor\n|-damage|p2a: Gliscor|73\/100\n|-damage|p1a: Fisty Frog|81\/100|[from] item: Life Orb\n|move|p2a: Gliscor|Knock Off|p1a: Fisty Frog\n|-resisted|p1a: Fisty Frog\n|-damage|p1a: Fisty Frog|69\/100\n|-enditem|p1a: Fisty Frog|Life Orb|[from] move: Knock Off|[of] p2a: Gliscor\n|\n|-weather|RainDance|[upkeep]\n|-status|p2a: Gliscor|tox|[from] item: Toxic Orb\n|upkeep\n|turn|14\n|\n|t:|1699926661\n|move|p1a: Fisty Frog|Close Combat|p2a: Gliscor\n|-damage|p2a: Gliscor|31\/100 tox\n|-unboost|p1a: Fisty Frog|def|1\n|-unboost|p1a: Fisty Frog|spd|1\n|move|p2a: Gliscor|Stealth Rock|p1a: Fisty Frog\n|-sidestart|p1: Fallout 3 Enjoyer|move: Stealth Rock\n|\n|-weather|RainDance|[upkeep]\n|-heal|p2a: Gliscor|44\/100 tox|[from] ability: Poison Heal\n|upkeep\n|turn|15\n|\n|t:|1699926673\n|switch|p2a: Toxapex|Toxapex, F|100\/100\n|move|p1a: Fisty Frog|Drain Punch|p2a: Toxapex\n|-resisted|p2a: Toxapex\n|-damage|p2a: Toxapex|90\/100\n|-heal|p1a: Fisty Frog|74\/100|[from] drain|[of] p2a: Toxapex\n|\n|-weather|RainDance|[upkeep]\n|upkeep\n|turn|16\n|\n|t:|1699926678\n|switch|p1a: Clodsire|Clodsire, F|100\/100\n|-damage|p1a: Clodsire|94\/100|[from] Stealth Rock\n|move|p2a: Toxapex|Scald|p1a: Clodsire\n|-supereffective|p1a: Clodsire\n|-damage|p1a: Clodsire|56\/100\n|-status|p1a: Clodsire|brn\n|\n|-weather|none\n|-heal|p1a: Clodsire|63\/100 brn|[from] item: Black Sludge\n|-damage|p1a: Clodsire|56\/100 brn|[from] brn\n|upkeep\n|turn|17\n|\n|t:|1699926680\n|move|p2a: Toxapex|Scald|p1a: Clodsire\n|-supereffective|p1a: Clodsire\n|-damage|p1a: Clodsire|31\/100 brn\n|move|p1a: Clodsire|Stealth Rock|p2a: Toxapex\n|-sidestart|p2: Baad Laaag|move: Stealth Rock\n|\n|-heal|p1a: Clodsire|38\/100 brn|[from] item: Black Sludge\n|-damage|p1a: Clodsire|31\/100 brn|[from] brn\n|upkeep\n|turn|18\n|\n|t:|1699926685\n|move|p2a: Toxapex|Knock Off|p1a: Clodsire\n|-damage|p1a: Clodsire|21\/100 brn\n|-enditem|p1a: Clodsire|Black Sludge|[from] move: Knock Off|[of] p2a: Toxapex\n|move|p1a: Clodsire|Liquidation|p2a: Toxapex\n|-resisted|p2a: Toxapex\n|-damage|p2a: Toxapex|88\/100\n|\n|-damage|p1a: Clodsire|15\/100 brn|[from] brn\n|upkeep\n|turn|19\n|\n|t:|1699926688\n|move|p2a: Toxapex|Scald|p1a: Clodsire\n|-supereffective|p1a: Clodsire\n|-damage|p1a: Clodsire|0 fnt\n|faint|p1a: Clodsire\n|\n|upkeep\n|\n|t:|1699926692\n|switch|p1a: Damp Frog|Politoed, F, shiny|100\/100\n|-damage|p1a: Damp Frog|88\/100|[from] Stealth Rock\n|-weather|RainDance|[from] ability: Drizzle|[of] p1a: Damp Frog\n|turn|20\n|\n|t:|1699926696\n|move|p1a: Damp Frog|Earth Power|p2a: Toxapex\n|-supereffective|p2a: Toxapex\n|-damage|p2a: Toxapex|53\/100\n|-unboost|p2a: Toxapex|spd|1\n|move|p2a: Toxapex|Knock Off|p1a: Damp Frog\n|-damage|p1a: Damp Frog|73\/100\n|-enditem|p1a: Damp Frog|Damp Rock|[from] move: Knock Off|[of] p2a: Toxapex\n|\n|-weather|RainDance|[upkeep]\n|upkeep\n|turn|21\n|\n|t:|1699926701\n|switch|p2a: Gliscor|Gliscor, F, tera:Water|44\/100 tox\n|-damage|p2a: Gliscor|31\/100 tox|[from] Stealth Rock\n|move|p1a: Damp Frog|Ice Beam|p2a: Gliscor\n|-resisted|p2a: Gliscor\n|-crit|p2a: Gliscor\n|-damage|p2a: Gliscor|13\/100 tox\n|\n|-weather|RainDance|[upkeep]\n|-heal|p2a: Gliscor|25\/100 tox|[from] ability: Poison Heal\n|upkeep\n|turn|22\n|\n|t:|1699926706\n|move|p2a: Gliscor|Roost|p2a: Gliscor\n|-heal|p2a: Gliscor|75\/100 tox\n|move|p1a: Damp Frog|Weather Ball|p2a: Gliscor\n|-resisted|p2a: Gliscor\n|-damage|p2a: Gliscor|45\/100 tox\n|\n|-weather|RainDance|[upkeep]\n|-heal|p2a: Gliscor|58\/100 tox|[from] ability: Poison Heal\n|upkeep\n|turn|23\n|\n|t:|1699926710\n|switch|p1a: Charge Frog|Bellibolt, F|100\/100\n|-damage|p1a: Charge Frog|88\/100|[from] Stealth Rock\n|move|p2a: Gliscor|Roost|p2a: Gliscor\n|-heal|p2a: Gliscor|100\/100 tox\n|\n|-weather|RainDance|[upkeep]\n|-heal|p1a: Charge Frog|94\/100|[from] item: Leftovers\n|upkeep\n|turn|24\n|\n|t:|1699926715\n|switch|p2a: Garganacl|Garganacl, M|100\/100\n|-damage|p2a: Garganacl|88\/100|[from] Stealth Rock\n|move|p1a: Charge Frog|Charge Beam|p2a: Garganacl\n|-damage|p2a: Garganacl|76\/100\n|-boost|p1a: Charge Frog|spa|1\n|\n|-weather|RainDance|[upkeep]\n|-heal|p1a: Charge Frog|100\/100|[from] item: Leftovers\n|-heal|p2a: Garganacl|82\/100|[from] item: Leftovers\n|upkeep\n|turn|25\n|\n|t:|1699926719\n|move|p1a: Charge Frog|Muddy Water|p2a: Garganacl\n|-supereffective|p2a: Garganacl\n|-damage|p2a: Garganacl|18\/100\n|move|p2a: Garganacl|Salt Cure|p1a: Charge Frog\n|-damage|p1a: Charge Frog|92\/100\n|-start|p1a: Charge Frog|Salt Cure\n|-start|p1a: Charge Frog|Charge|Salt Cure|[from] ability: Electromorphosis\n|\n|-weather|RainDance|[upkeep]\n|-heal|p1a: Charge Frog|99\/100|[from] item: Leftovers\n|-heal|p2a: Garganacl|25\/100|[from] item: Leftovers\n|-damage|p1a: Charge Frog|86\/100|[from] Salt Cure\n|upkeep\n|turn|26\n|\n|t:|1699926724\n|move|p1a: Charge Frog|Charge Beam|p2a: Garganacl\n|-damage|p2a: Garganacl|0 fnt\n|-boost|p1a: Charge Frog|spa|1\n|faint|p2a: Garganacl\n|-end|p1a: Charge Frog|Charge|[silent]\n|\n|-weather|RainDance|[upkeep]\n|-heal|p1a: Charge Frog|92\/100|[from] item: Leftovers\n|-damage|p1a: Charge Frog|80\/100|[from] Salt Cure\n|upkeep\n|\n|t:|1699926733\n|switch|p2a: Gliscor|Gliscor, F, tera:Water|100\/100 tox\n|-damage|p2a: Gliscor|88\/100 tox|[from] Stealth Rock\n|turn|27\n|\n|t:|1699926736\n|move|p2a: Gliscor|Knock Off|p1a: Charge Frog\n|-crit|p1a: Charge Frog\n|-damage|p1a: Charge Frog|59\/100\n|-start|p1a: Charge Frog|Charge|Knock Off|[from] ability: Electromorphosis\n|-enditem|p1a: Charge Frog|Leftovers|[from] move: Knock Off|[of] p2a: Gliscor\n|move|p1a: Charge Frog|Thunder|p2a: Gliscor\n|-supereffective|p2a: Gliscor\n|-damage|p2a: Gliscor|0 fnt\n|faint|p2a: Gliscor\n|-end|p1a: Charge Frog|Charge|[silent]\n|\n|-weather|none\n|-damage|p1a: Charge Frog|46\/100|[from] Salt Cure\n|upkeep\n|\n|t:|1699926742\n|switch|p2a: Cresselia|Cresselia, F|37\/100\n|-damage|p2a: Cresselia|25\/100|[from] Stealth Rock\n|turn|28\n|\n|t:|1699926744\n|move|p2a: Cresselia|Moonlight|p2a: Cresselia\n|-heal|p2a: Cresselia|75\/100\n|move|p1a: Charge Frog|Parabolic Charge|p2a: Cresselia\n|-damage|p2a: Cresselia|42\/100\n|-heal|p1a: Charge Frog|64\/100|[from] drain|[of] p2a: Cresselia\n|\n|-damage|p1a: Charge Frog|51\/100|[from] Salt Cure\n|upkeep\n|turn|29\n|\n|t:|1699926749\n|move|p2a: Cresselia|Calm Mind|p2a: Cresselia\n|-boost|p2a: Cresselia|spa|1\n|-boost|p2a: Cresselia|spd|1\n|move|p1a: Charge Frog|Charge Beam|p2a: Cresselia\n|-damage|p2a: Cresselia|26\/100\n|-boost|p1a: Charge Frog|spa|1\n|\n|-damage|p1a: Charge Frog|39\/100|[from] Salt Cure\n|upkeep\n|turn|30\n|\n|t:|1699926751\n|move|p2a: Cresselia|Stored Power|p1a: Charge Frog\n|-damage|p1a: Charge Frog|15\/100\n|-start|p1a: Charge Frog|Charge|Stored Power|[from] ability: Electromorphosis\n|move|p1a: Charge Frog|Parabolic Charge|p2a: Cresselia\n|-damage|p2a: Cresselia|0 fnt\n|-heal|p1a: Charge Frog|28\/100|[from] drain|[of] p2a: Cresselia\n|faint|p2a: Cresselia\n|-end|p1a: Charge Frog|Charge|[silent]\n|\n|-damage|p1a: Charge Frog|16\/100|[from] Salt Cure\n|upkeep\n|-message|Baad Laaag forfeited.\n|\n|win|Fallout 3 Enjoyer\n|raw|Fallout 3 Enjoyer's rating: 1203 &rarr; <strong>1236<\/strong><br \/>(+33 for winning)\n|raw|Baad Laaag's rating: 1313 &rarr; <strong>1287<\/strong><br \/>(-26 for losing)\n|l|\u2606Baad Laaag\n","uploadtime":1699926760,"views":7,"p1id":"fallout3enjoyer","p2id":"baadlaaag","formatid":"gen9nationaldex","rating":1236,"private":0,"password":""}