{"id":"gen9nationaldex-1994378200","p1":"mengxingzhu","p2":"ooj2","format":"[Gen 9] National Dex","log":"|j|\u2606mengxingzhu\n|j|\u2606ooj2\n|t:|1700437069\n|gametype|singles\n|player|p1|mengxingzhu|wallace|1547\n|player|p2|ooj2|psychicf-gen4|1479\n|teamsize|p1|6\n|teamsize|p2|6\n|gen|9\n|tier|[Gen 9] National Dex\n|rated|\n|rule|HP Percentage Mod: HP is shown in percentages\n|rule|Endless Battle Clause: Forcing endless battles is banned\n|rule|OHKO Clause: OHKO moves are banned\n|rule|Evasion Clause: Evasion abilities, items, and moves are banned\n|rule|Evasion Abilities Clause: Evasion abilities are banned\n|rule|Evasion Items Clause: Evasion items are banned\n|rule|Evasion Moves Clause: Evasion moves are banned\n|rule|Species Clause: Limit one of each Pok\u00e9mon\n|rule|Sleep Clause Mod: Limit one foe put to sleep\n|clearpoke\n|poke|p1|Araquanid, M|\n|poke|p1|Banette, M|\n|poke|p1|Landorus-Therian, M|\n|poke|p1|Moltres|\n|poke|p1|Tapu Koko|\n|poke|p1|Iron Valiant|\n|poke|p2|Urshifu-*, F|\n|poke|p2|Pelipper, F|\n|poke|p2|Zapdos|\n|poke|p2|Swampert, F|\n|poke|p2|Greninja-*, M|\n|poke|p2|Aegislash, F|\n|teampreview\n|inactive|Battle timer is ON: inactive players will automatically lose when time's up. (requested by mengxingzhu)\n|\n|t:|1700437081\n|start\n|switch|p1a: Araquanid|Araquanid, M|100\/100\n|switch|p2a: Pelipper|Pelipper, F|100\/100\n|-weather|RainDance|[from] ability: Drizzle|[of] p2a: Pelipper\n|turn|1\n|\n|t:|1700437085\n|move|p2a: Pelipper|Hurricane|p1a: Araquanid\n|-supereffective|p1a: Araquanid\n|-damage|p1a: Araquanid|35\/100\n|move|p1a: Araquanid|Sticky Web|p2a: Pelipper\n|-sidestart|p2: ooj2|move: Sticky Web\n|\n|-weather|RainDance|[upkeep]\n|upkeep\n|turn|2\n|\n|t:|1700437098\n|move|p2a: Pelipper|Defog|p1a: Araquanid\n|-unboost|p1a: Araquanid|evasion|1\n|-sideend|p2: ooj2|Sticky Web|[from] move: Defog|[of] p2a: Pelipper\n|-zpower|p1a: Araquanid\n|move|p1a: Araquanid|Hydro Vortex|p2a: Pelipper|[zeffect]\n|-resisted|p2a: Pelipper\n|-damage|p2a: Pelipper|17\/100\n|\n|-weather|RainDance|[upkeep]\n|upkeep\n|turn|3\n|\n|t:|1700437107\n|move|p2a: Pelipper|Hurricane|p1a: Araquanid\n|-supereffective|p1a: Araquanid\n|-damage|p1a: Araquanid|0 fnt\n|faint|p1a: Araquanid\n|\n|-weather|RainDance|[upkeep]\n|upkeep\n|\n|t:|1700437109\n|switch|p1a: Tapu Koko|Tapu Koko|100\/100\n|-fieldstart|move: Electric Terrain|[from] ability: Electric Surge|[of] p1a: Tapu Koko\n|turn|4\n|\n|t:|1700437118\n|switch|p2a: Zapdos|Zapdos|100\/100\n|move|p1a: Tapu Koko|U-turn|p2a: Zapdos\n|-resisted|p2a: Zapdos\n|-damage|p2a: Zapdos|88\/100\n|-damage|p1a: Tapu Koko|91\/100|[from] item: Life Orb\n|\n|t:|1700437126\n|switch|p1a: Banette|Banette, M|100\/100|[from] U-turn\n|-item|p2a: Zapdos|Heavy-Duty Boots|[from] ability: Frisk|[of] p1a: Banette|[identify]\n|\n|-weather|RainDance|[upkeep]\n|upkeep\n|turn|5\n|\n|t:|1700437133\n|detailschange|p1a: Banette|Banette-Mega, M\n|-mega|p1a: Banette|Banette|Banettite\n|move|p2a: Zapdos|Thunder|p1a: Banette\n|-damage|p1a: Banette|42\/100\n|-status|p1a: Banette|par\n|cant|p1a: Banette|par\n|\n|-weather|RainDance|[upkeep]\n|upkeep\n|turn|6\n|\n|t:|1700437153\n|cant|p1a: Banette|par\n|move|p2a: Zapdos|Thunder|p1a: Banette\n|-damage|p1a: Banette|0 fnt\n|faint|p1a: Banette\n|\n|-weather|RainDance|[upkeep]\n|upkeep\n|\n|t:|1700437163\n|switch|p1a: Landorus|Landorus-Therian, M|100\/100\n|-ability|p1a: Landorus|Intimidate|boost\n|-unboost|p2a: Zapdos|atk|1\n|turn|7\n|\n|t:|1700437167\n|move|p1a: Landorus|Knock Off|p2a: Zapdos\n|-damage|p2a: Zapdos|56\/100\n|-enditem|p2a: Zapdos|Heavy-Duty Boots|[from] move: Knock Off|[of] p1a: Landorus\n|move|p2a: Zapdos|Weather Ball|p1a: Landorus\n|-supereffective|p1a: Landorus\n|-crit|p1a: Landorus\n|-damage|p1a: Landorus|0 fnt\n|faint|p1a: Landorus\n|\n|-weather|RainDance|[upkeep]\n|upkeep\n|\n|t:|1700437175\n|switch|p1a: Tapu Koko|Tapu Koko|91\/100\n|turn|8\n|\n|t:|1700437180\n|move|p1a: Tapu Koko|Wild Charge|p2a: Zapdos\n|-damage|p2a: Zapdos|0 fnt\n|faint|p2a: Zapdos\n|-damage|p1a: Tapu Koko|72\/100|[from] Recoil\n|-damage|p1a: Tapu Koko|62\/100|[from] item: Life Orb\n|\n|-weather|none\n|-fieldend|move: Electric Terrain\n|upkeep\n|\n|t:|1700437185\n|switch|p2a: Pelipper|Pelipper, F|17\/100\n|-weather|RainDance|[from] ability: Drizzle|[of] p2a: Pelipper\n|turn|9\n|\n|t:|1700437187\n|switch|p2a: Aegislash|Aegislash, F|100\/100\n|-item|p2a: Aegislash|Air Balloon\n|move|p1a: Tapu Koko|U-turn|p2a: Aegislash\n|-resisted|p2a: Aegislash\n|-damage|p2a: Aegislash|95\/100\n|-enditem|p2a: Aegislash|Air Balloon\n|-damage|p1a: Tapu Koko|52\/100|[from] item: Life Orb\n|\n|t:|1700437192\n|switch|p1a: Moltres|Moltres|100\/100|[from] U-turn\n|\n|-weather|RainDance|[upkeep]\n|upkeep\n|turn|10\n|\n|t:|1700437199\n|move|p1a: Moltres|Flamethrower|p2a: Aegislash\n|-supereffective|p2a: Aegislash\n|-damage|p2a: Aegislash|73\/100\n|move|p2a: Aegislash|Toxic|p1a: Moltres\n|-status|p1a: Moltres|tox\n|\n|-weather|RainDance|[upkeep]\n|-damage|p1a: Moltres|94\/100 tox|[from] psn\n|upkeep\n|turn|11\n|\n|t:|1700437205\n|move|p1a: Moltres|Hurricane|p2a: Aegislash\n|-resisted|p2a: Aegislash\n|-damage|p2a: Aegislash|58\/100\n|move|p2a: Aegislash|Substitute|p2a: Aegislash\n|-start|p2a: Aegislash|Substitute\n|-damage|p2a: Aegislash|34\/100\n|\n|-weather|RainDance|[upkeep]\n|-damage|p1a: Moltres|82\/100 tox|[from] psn\n|upkeep\n|turn|12\n|\n|t:|1700437211\n|move|p2a: Aegislash|King's Shield|p2a: Aegislash\n|-singleturn|p2a: Aegislash|Protect\n|move|p1a: Moltres|Flamethrower|p2a: Aegislash\n|-activate|p2a: Aegislash|move: Protect\n|\n|-weather|RainDance|[upkeep]\n|-damage|p1a: Moltres|63\/100 tox|[from] psn\n|upkeep\n|turn|13\n|\n|t:|1700437218\n|move|p1a: Moltres|Flamethrower|p2a: Aegislash\n|-supereffective|p2a: Aegislash\n|-activate|p2a: Aegislash|move: Substitute|[damage]\n|-formechange|p2a: Aegislash|Aegislash-Blade||[from] ability: Stance Change\n|move|p2a: Aegislash|Shadow Ball|p1a: Moltres\n|-damage|p1a: Moltres|32\/100 tox\n|\n|-weather|RainDance|[upkeep]\n|-damage|p1a: Moltres|7\/100 tox|[from] psn\n|upkeep\n|turn|14\n|\n|t:|1700437224\n|-formechange|p2a: Aegislash|Aegislash||[from] ability: Stance Change\n|move|p2a: Aegislash|King's Shield|p2a: Aegislash\n|-singleturn|p2a: Aegislash|Protect\n|move|p1a: Moltres|Roost|p1a: Moltres\n|-heal|p1a: Moltres|57\/100 tox\n|-singleturn|p1a: Moltres|move: Roost\n|\n|-weather|RainDance|[upkeep]\n|-damage|p1a: Moltres|26\/100 tox|[from] psn\n|upkeep\n|turn|15\n|\n|t:|1700437231\n|move|p1a: Moltres|Flamethrower|p2a: Aegislash\n|-supereffective|p2a: Aegislash\n|-end|p2a: Aegislash|Substitute\n|-formechange|p2a: Aegislash|Aegislash-Blade||[from] ability: Stance Change\n|move|p2a: Aegislash|Shadow Ball|p1a: Moltres\n|-damage|p1a: Moltres|0 fnt\n|faint|p1a: Moltres\n|\n|-weather|RainDance|[upkeep]\n|upkeep\n|\n|t:|1700437235\n|switch|p1a: Tapu Koko|Tapu Koko|52\/100\n|-fieldstart|move: Electric Terrain|[from] ability: Electric Surge|[of] p1a: Tapu Koko\n|turn|16\n|\n|t:|1700437240\n|-formechange|p2a: Aegislash|Aegislash||[from] ability: Stance Change\n|move|p2a: Aegislash|King's Shield|p2a: Aegislash\n|-singleturn|p2a: Aegislash|Protect\n|move|p1a: Tapu Koko|Wild Charge|p2a: Aegislash\n|-activate|p2a: Aegislash|move: Protect\n|-unboost|p1a: Tapu Koko|atk|1\n|\n|-weather|none\n|upkeep\n|turn|17\n|\n|t:|1700437269\n|move|p1a: Tapu Koko|U-turn|p2a: Aegislash\n|-resisted|p2a: Aegislash\n|-damage|p2a: Aegislash|30\/100\n|-damage|p1a: Tapu Koko|42\/100|[from] item: Life Orb\n|\n|t:|1700437272\n|switch|p1a: Iron Valiant|Iron Valiant|100\/100|[from] U-turn\n|-activate|p1a: Iron Valiant|ability: Quark Drive\n|-start|p1a: Iron Valiant|quarkdrivespe\n|-formechange|p2a: Aegislash|Aegislash-Blade||[from] ability: Stance Change\n|move|p2a: Aegislash|Shadow Ball|p1a: Iron Valiant\n|-damage|p1a: Iron Valiant|40\/100\n|\n|upkeep\n|turn|18\n|\n|t:|1700437286\n|-end|p1a: Iron Valiant|Quark Drive|[silent]\n|switch|p1a: Tapu Koko|Tapu Koko|42\/100\n|-formechange|p2a: Aegislash|Aegislash||[from] ability: Stance Change\n|move|p2a: Aegislash|King's Shield||[still]\n|-fail|p2a: Aegislash\n|\n|upkeep\n|turn|19\n|\n|t:|1700437291\n|move|p1a: Tapu Koko|Wild Charge|p2a: Aegislash\n|-damage|p2a: Aegislash|0 fnt\n|faint|p2a: Aegislash\n|-damage|p1a: Tapu Koko|34\/100|[from] Recoil\n|-damage|p1a: Tapu Koko|24\/100|[from] item: Life Orb\n|\n|upkeep\n|\n|t:|1700437302\n|switch|p2a: Urshifu|Urshifu-Rapid-Strike, F|100\/100\n|turn|20\n|\n|t:|1700437311\n|-terastallize|p2a: Urshifu|Water\n|move|p2a: Urshifu|Surging Strikes|p1a: Tapu Koko\n|-crit|p1a: Tapu Koko\n|-damage|p1a: Tapu Koko|0 fnt\n|faint|p1a: Tapu Koko\n|-hitcount|p1: Tapu Koko|1\n|\n|-fieldend|move: Electric Terrain\n|upkeep\n|\n|t:|1700437315\n|switch|p1a: Iron Valiant|Iron Valiant|40\/100\n|turn|21\n|\n|t:|1700437318\n|move|p2a: Urshifu|Surging Strikes|p1a: Iron Valiant\n|-crit|p1a: Iron Valiant\n|-damage|p1a: Iron Valiant|3\/100\n|-crit|p1a: Iron Valiant\n|-damage|p1a: Iron Valiant|0 fnt\n|faint|p1a: Iron Valiant\n|-end|p1a: Iron Valiant|Quark Drive|[silent]\n|-hitcount|p1: Iron Valiant|2\n|\n|win|ooj2\n|raw|mengxingzhu's rating: 1547 &rarr; <strong>1523<\/strong><br \/>(-24 for losing)\n|raw|ooj2's rating: 1479 &rarr; <strong>1503<\/strong><br \/>(+24 for winning)\n","uploadtime":1700437398,"views":5,"p1id":"mengxingzhu","p2id":"ooj2","formatid":"gen9nationaldex","rating":1503,"private":0,"password":""}