{"id":"gen9nationaldex-1992490614","p1":"sngm1104s","p2":"GoYouSureYeahGetit","format":"[Gen 9] National Dex","log":"|j|\u2606sngm1104s\n|j|\u2606GoYouSureYeahGetit\n|t:|1700194235\n|gametype|singles\n|player|p1|sngm1104s|lady-gen4|1456\n|player|p2|GoYouSureYeahGetit|bea|1690\n|teamsize|p1|6\n|teamsize|p2|6\n|gen|9\n|tier|[Gen 9] National Dex\n|rated|\n|rule|HP Percentage Mod: HP is shown in percentages\n|rule|Endless Battle Clause: Forcing endless battles is banned\n|rule|OHKO Clause: OHKO moves are banned\n|rule|Evasion Clause: Evasion abilities, items, and moves are banned\n|rule|Evasion Abilities Clause: Evasion abilities are banned\n|rule|Evasion Items Clause: Evasion items are banned\n|rule|Evasion Moves Clause: Evasion moves are banned\n|rule|Species Clause: Limit one of each Pok\u00e9mon\n|rule|Sleep Clause Mod: Limit one foe put to sleep\n|clearpoke\n|poke|p1|Landorus-Therian, M|\n|poke|p1|Weavile, M|\n|poke|p1|Volcanion|\n|poke|p1|Zapdos|\n|poke|p1|Ursaluna, F|\n|poke|p1|Kartana|\n|poke|p2|Xurkitree|\n|poke|p2|Ogerpon-Wellspring, F|\n|poke|p2|Tapu Lele|\n|poke|p2|Zapdos|\n|poke|p2|Heatran, F|\n|poke|p2|Lopunny, F|\n|teampreview\n|c|\u2606GoYouSureYeahGetit|gl hf\n|\n|t:|1700194251\n|start\n|switch|p1a: Landorus|Landorus-Therian, M|100\/100\n|switch|p2a: Lopunny|Lopunny, F|100\/100\n|-ability|p1a: Landorus|Intimidate|boost\n|-unboost|p2a: Lopunny|atk|1\n|turn|1\n|\n|t:|1700194255\n|detailschange|p2a: Lopunny|Lopunny-Mega, F\n|-mega|p2a: Lopunny|Lopunny|Lopunnite\n|move|p2a: Lopunny|Triple Axel|p1a: Landorus\n|-supereffective|p1a: Landorus\n|-damage|p1a: Landorus|82\/100\n|-supereffective|p1a: Landorus\n|-damage|p1a: Landorus|41\/100\n|-supereffective|p1a: Landorus\n|-damage|p1a: Landorus|0 fnt\n|faint|p1a: Landorus\n|-hitcount|p1: Landorus|3\n|\n|upkeep\n|inactive|Battle timer is ON: inactive players will automatically lose when time's up. (requested by sngm1104s)\n|\n|t:|1700194266\n|switch|p1a: Kartana|Kartana|100\/100\n|turn|2\n|\n|t:|1700194269\n|switch|p2a: Zapdos|Zapdos|100\/100\n|move|p1a: Kartana|Sacred Sword|p2a: Zapdos\n|-resisted|p2a: Zapdos\n|-damage|p2a: Zapdos|85\/100\n|\n|upkeep\n|turn|3\n|\n|t:|1700194272\n|switch|p1a: Zapdos|Zapdos|100\/100\n|move|p2a: Zapdos|Volt Switch|p1a: Zapdos\n|-damage|p1a: Zapdos|69\/100\n|\n|t:|1700194289\n|switch|p2a: Tapu Lele|Tapu Lele|100\/100|[from] Volt Switch\n|-fieldstart|move: Psychic Terrain|[from] ability: Psychic Surge|[of] p2a: Tapu Lele\n|\n|upkeep\n|turn|4\n|\n|t:|1700194294\n|move|p2a: Tapu Lele|Future Sight|p1a: Zapdos\n|-start|p2a: Tapu Lele|move: Future Sight\n|move|p1a: Zapdos|Discharge|p2a: Tapu Lele\n|-damage|p2a: Tapu Lele|64\/100\n|\n|upkeep\n|turn|5\n|\n|t:|1700194300\n|move|p2a: Tapu Lele|Moonblast|p1a: Zapdos\n|-damage|p1a: Zapdos|24\/100\n|move|p1a: Zapdos|Discharge|p2a: Tapu Lele\n|-crit|p2a: Tapu Lele\n|-damage|p2a: Tapu Lele|9\/100\n|-status|p2a: Tapu Lele|par\n|\n|upkeep\n|turn|6\n|\n|t:|1700194306\n|move|p1a: Zapdos|U-turn|p2a: Tapu Lele\n|-damage|p2a: Tapu Lele|0 fnt\n|faint|p2a: Tapu Lele\n|\n|t:|1700194309\n|switch|p1a: Weavile|Weavile, M|100\/100|[from] U-turn\n|-ability|p1a: Weavile|Pressure\n|\n|-end|p1a: Weavile|move: Future Sight\n|-immune|p1a: Weavile\n|upkeep\n|\n|t:|1700194313\n|switch|p2a: Lopunny|Lopunny-Mega, F|100\/100\n|turn|7\n|\n|t:|1700194322\n|switch|p1a: Zapdos|Zapdos|24\/100\n|move|p2a: Lopunny|Close Combat|p1a: Zapdos\n|-resisted|p1a: Zapdos\n|-damage|p1a: Zapdos|2\/100\n|-unboost|p2a: Lopunny|def|1\n|-unboost|p2a: Lopunny|spd|1\n|-status|p2a: Lopunny|par|[from] ability: Static|[of] p1a: Zapdos\n|\n|-fieldend|move: Psychic Terrain\n|upkeep\n|turn|8\n|\n|t:|1700194331\n|move|p1a: Zapdos|Roost|p1a: Zapdos\n|-heal|p1a: Zapdos|52\/100\n|-singleturn|p1a: Zapdos|move: Roost\n|move|p2a: Lopunny|Return|p1a: Zapdos\n|-damage|p1a: Zapdos|12\/100\n|\n|upkeep\n|turn|9\n|\n|t:|1700194337\n|switch|p2a: Heatran|Heatran, F|100\/100\n|move|p1a: Zapdos|Roost|p1a: Zapdos\n|-heal|p1a: Zapdos|62\/100\n|-singleturn|p1a: Zapdos|move: Roost\n|\n|upkeep\n|turn|10\n|\n|t:|1700194342\n|move|p1a: Zapdos|Discharge|p2a: Heatran\n|-damage|p2a: Heatran|78\/100\n|-status|p2a: Heatran|par\n|move|p2a: Heatran|Stealth Rock|p1a: Zapdos\n|-sidestart|p1: sngm1104s|move: Stealth Rock\n|\n|-heal|p2a: Heatran|85\/100 par|[from] item: Leftovers\n|upkeep\n|turn|11\n|\n|t:|1700194348\n|move|p1a: Zapdos|U-turn|p2a: Heatran\n|-resisted|p2a: Heatran\n|-damage|p2a: Heatran|82\/100 par\n|\n|t:|1700194355\n|switch|p1a: Volcanion|Volcanion|100\/100|[from] U-turn\n|cant|p2a: Heatran|par\n|\n|-heal|p2a: Heatran|88\/100 par|[from] item: Leftovers\n|upkeep\n|turn|12\n|\n|t:|1700194364\n|move|p1a: Volcanion|Body Press|p2a: Heatran\n|-supereffective|p2a: Heatran\n|-damage|p2a: Heatran|38\/100 par\n|move|p2a: Heatran|Earth Power|p1a: Volcanion\n|-supereffective|p1a: Volcanion\n|-damage|p1a: Volcanion|48\/100\n|-unboost|p1a: Volcanion|spd|1\n|\n|-heal|p2a: Heatran|44\/100 par|[from] item: Leftovers\n|upkeep\n|turn|13\n|\n|t:|1700194371\n|move|p1a: Volcanion|Steam Eruption|p2a: Heatran\n|-supereffective|p2a: Heatran\n|-damage|p2a: Heatran|0 fnt\n|faint|p2a: Heatran\n|\n|upkeep\n|\n|t:|1700194376\n|switch|p2a: Xurkitree|Xurkitree, shiny|100\/100\n|turn|14\n|\n|t:|1700194390\n|move|p2a: Xurkitree|Zap Cannon|p1a: Volcanion|[miss]\n|-miss|p2a: Xurkitree|p1a: Volcanion\n|-enditem|p2a: Xurkitree|Blunder Policy\n|-boost|p2a: Xurkitree|spe|2\n|move|p1a: Volcanion|Steam Eruption|p2a: Xurkitree\n|-damage|p2a: Xurkitree|35\/100\n|-status|p2a: Xurkitree|brn\n|\n|-damage|p2a: Xurkitree|29\/100 brn|[from] brn\n|upkeep\n|turn|15\n|\n|t:|1700194394\n|move|p2a: Xurkitree|Thunderbolt|p1a: Volcanion\n|-supereffective|p1a: Volcanion\n|-damage|p1a: Volcanion|0 fnt\n|faint|p1a: Volcanion\n|-ability|p2a: Xurkitree|Beast Boost|boost\n|-boost|p2a: Xurkitree|spa|1\n|\n|-damage|p2a: Xurkitree|22\/100 brn|[from] brn\n|upkeep\n|\n|t:|1700194405\n|switch|p1a: Ursaluna|Ursaluna, F|100\/100\n|-damage|p1a: Ursaluna|94\/100|[from] Stealth Rock\n|turn|16\n|\n|t:|1700194419\n|-terastallize|p1a: Ursaluna|Grass\n|move|p2a: Xurkitree|Energy Ball|p1a: Ursaluna\n|-resisted|p1a: Ursaluna\n|-damage|p1a: Ursaluna|64\/100\n|move|p1a: Ursaluna|Facade|p2a: Xurkitree\n|-damage|p2a: Xurkitree|0 fnt\n|faint|p2a: Xurkitree\n|\n|-status|p1a: Ursaluna|brn|[from] item: Flame Orb\n|upkeep\n|\n|t:|1700194424\n|switch|p2a: Zapdos|Zapdos|85\/100\n|turn|17\n|\n|t:|1700194428\n|move|p2a: Zapdos|Hurricane|p1a: Ursaluna|[miss]\n|-miss|p2a: Zapdos|p1a: Ursaluna\n|move|p1a: Ursaluna|Facade|p2a: Zapdos\n|-crit|p2a: Zapdos\n|-damage|p2a: Zapdos|0 fnt\n|faint|p2a: Zapdos\n|\n|-damage|p1a: Ursaluna|58\/100 brn|[from] brn\n|upkeep\n|\n|t:|1700194432\n|switch|p2a: Lopunny|Lopunny-Mega, F|100\/100 par\n|turn|18\n|\n|t:|1700194435\n|cant|p2a: Lopunny|par\n|move|p1a: Ursaluna|Facade|p2a: Lopunny\n|-damage|p2a: Lopunny|0 fnt\n|faint|p2a: Lopunny\n|\n|-damage|p1a: Ursaluna|52\/100 brn|[from] brn\n|upkeep\n|\n|t:|1700194438\n|switch|p2a: Ogerpon|Ogerpon-Wellspring, F|100\/100\n|turn|19\n|\n|t:|1700194445\n|move|p2a: Ogerpon|Superpower|p1a: Ursaluna\n|-damage|p1a: Ursaluna|10\/100 brn\n|-unboost|p2a: Ogerpon|atk|1\n|-unboost|p2a: Ogerpon|def|1\n|move|p1a: Ursaluna|Facade|p2a: Ogerpon\n|-damage|p2a: Ogerpon|0 fnt\n|faint|p2a: Ogerpon\n|\n|win|sngm1104s\n|raw|sngm1104s's rating: 1456 &rarr; <strong>1488<\/strong><br \/>(+32 for winning)\n|raw|GoYouSureYeahGetit's rating: 1690 &rarr; <strong>1658<\/strong><br \/>(-32 for losing)\n|c|\u2606GoYouSureYeahGetit|gg\n|l|\u2606GoYouSureYeahGetit\n","uploadtime":1700194461,"views":9,"p1id":"sngm1104s","p2id":"goyousureyeahgetit","formatid":"gen9nationaldex","rating":1488,"private":0,"password":""}