{"id":"gen9nationaldex-1995024702","p1":"El Fael","p2":"PauloV.V","format":"[Gen 9] National Dex","log":"|html|<div class=\"broadcast-blue\"><strong>[Gen 9] National Dex is currently suspecting Sneasler! For information on how to participate check out the <a href=\"https:\/\/www.smogon.com\/forums\/threads\/sv-national-dex-suspect-8-just-dance.3731534\/\">suspect thread<\/a>.<\/strong><\/div>\n|j|\u2606El Fael\n|j|\u2606PauloV.V\n|t:|1700514545\n|gametype|singles\n|player|p1|El Fael|veteran|\n|player|p2|PauloV.V|iris-gen5bw2|\n|teamsize|p1|6\n|teamsize|p2|6\n|gen|9\n|tier|[Gen 9] National Dex\n|rule|HP Percentage Mod: HP is shown in percentages\n|rule|Endless Battle Clause: Forcing endless battles is banned\n|rule|OHKO Clause: OHKO moves are banned\n|rule|Evasion Clause: Evasion abilities, items, and moves are banned\n|rule|Evasion Abilities Clause: Evasion abilities are banned\n|rule|Evasion Items Clause: Evasion items are banned\n|rule|Evasion Moves Clause: Evasion moves are banned\n|rule|Species Clause: Limit one of each Pok\u00e9mon\n|rule|Sleep Clause Mod: Limit one foe put to sleep\n|clearpoke\n|poke|p1|Volcarona, F|\n|poke|p1|Rotom-Heat|\n|poke|p1|Talonflame, M|\n|poke|p1|Marowak-Alola, F|\n|poke|p1|Cinderace, M|\n|poke|p1|Delphox, F|\n|poke|p2|Delphox, M|\n|poke|p2|Emboar, F|\n|poke|p2|Armarouge, M|\n|poke|p2|Marowak-Alola, F|\n|poke|p2|Coalossal, F|\n|poke|p2|Chandelure, F|\n|teampreview\n|\n|t:|1700514566\n|start\n|switch|p1a: Rotom|Rotom-Heat|100\/100\n|switch|p2a: Chandelure|Chandelure, F|100\/100\n|turn|1\n|\n|t:|1700514578\n|move|p1a: Rotom|Light Screen|p1a: Rotom\n|-sidestart|p1: El Fael|move: Light Screen\n|move|p2a: Chandelure|Trick Room|p2a: Chandelure\n|-fieldstart|move: Trick Room|[of] p2a: Chandelure\n|\n|upkeep\n|turn|2\n|\n|t:|1700514587\n|switch|p2a: Marowak|Marowak-Alola, F|100\/100\n|move|p1a: Rotom|Reflect|p1a: Rotom\n|-sidestart|p1: El Fael|Reflect\n|\n|upkeep\n|turn|3\n|\n|t:|1700514602\n|switch|p1a: Talonflame|Talonflame, M|100\/100\n|move|p2a: Marowak|Substitute|p2a: Marowak\n|-start|p2a: Marowak|Substitute\n|-damage|p2a: Marowak|76\/100\n|\n|upkeep\n|turn|4\n|\n|t:|1700514614\n|move|p2a: Marowak|Stone Edge|p1a: Talonflame\n|-supereffective|p1a: Talonflame\n|-damage|p1a: Talonflame|0 fnt\n|faint|p1a: Talonflame\n|\n|upkeep\n|\n|t:|1700514627\n|switch|p1a: Delphox|Delphox, F|100\/100\n|turn|5\n|\n|t:|1700514642\n|move|p2a: Marowak|Shadow Bone|p1a: Delphox\n|-supereffective|p1a: Delphox\n|-damage|p1a: Delphox|16\/100\n|-unboost|p1a: Delphox|def|1\n|move|p1a: Delphox|Hidden Power|p2a: Marowak\n|-supereffective|p2a: Marowak\n|-end|p2a: Marowak|Substitute\n|\n|-fieldend|move: Trick Room\n|upkeep\n|turn|6\n|\n|t:|1700514659\n|switch|p2a: Delphox|Delphox, M|100\/100\n|move|p1a: Delphox|Rain Dance|p1a: Delphox\n|-weather|RainDance\n|\n|-weather|RainDance|[upkeep]\n|upkeep\n|turn|7\n|\n|t:|1700514669\n|move|p1a: Delphox|Hidden Power|p2a: Delphox\n|-supereffective|p2a: Delphox\n|-damage|p2a: Delphox|69\/100\n|move|p2a: Delphox|Trick Room|p2a: Delphox\n|-fieldstart|move: Trick Room|[of] p2a: Delphox\n|\n|-weather|RainDance|[upkeep]\n|upkeep\n|turn|8\n|\n|t:|1700514682\n|move|p2a: Delphox|Psychic|p1a: Delphox\n|-resisted|p1a: Delphox\n|-damage|p1a: Delphox|8\/100\n|move|p1a: Delphox|Hidden Power|p2a: Delphox\n|-supereffective|p2a: Delphox\n|-crit|p2a: Delphox\n|-damage|p2a: Delphox|20\/100\n|\n|-weather|RainDance|[upkeep]\n|-sideend|p1: El Fael|move: Light Screen\n|upkeep\n|turn|9\n|\n|t:|1700514695\n|move|p2a: Delphox|Psychic|p1a: Delphox\n|-resisted|p1a: Delphox\n|-damage|p1a: Delphox|0 fnt\n|faint|p1a: Delphox\n|\n|-weather|RainDance|[upkeep]\n|-sideend|p1: El Fael|Reflect\n|upkeep\n|\n|t:|1700514705\n|switch|p1a: Rotom|Rotom-Heat|100\/100\n|turn|10\n|\n|t:|1700514731\n|move|p2a: Delphox|Psychic|p1a: Rotom\n|-damage|p1a: Rotom|62\/100\n|move|p1a: Rotom|Light Screen|p1a: Rotom\n|-sidestart|p1: El Fael|move: Light Screen\n|\n|-weather|RainDance|[upkeep]\n|upkeep\n|turn|11\n|\n|t:|1700514741\n|move|p2a: Delphox|Encore|p1a: Rotom\n|-start|p1a: Rotom|Encore\n|move|p1a: Rotom|Light Screen||[still]\n|-fail|p1a: Rotom\n|\n|-weather|RainDance|[upkeep]\n|-fieldend|move: Trick Room\n|upkeep\n|turn|12\n|\n|t:|1700514752\n|switch|p1a: Marowak|Marowak-Alola, F|100\/100\n|move|p2a: Delphox|Trick Room|p2a: Delphox\n|-fieldstart|move: Trick Room|[of] p2a: Delphox\n|\n|-weather|RainDance|[upkeep]\n|upkeep\n|turn|13\n|\n|t:|1700514767\n|move|p1a: Marowak|Bubble Beam|p2a: Delphox\n|-supereffective|p2a: Delphox\n|-damage|p2a: Delphox|0 fnt\n|faint|p2a: Delphox\n|\n|-weather|none\n|upkeep\n|\n|t:|1700514782\n|switch|p2a: Emboar|Emboar, F, shiny|100\/100\n|-item|p2a: Emboar|Air Balloon\n|turn|14\n|\n|t:|1700514791\n|move|p2a: Emboar|Sucker Punch|p1a: Marowak\n|-supereffective|p1a: Marowak\n|-damage|p1a: Marowak|43\/100\n|-start|p2a: Emboar|Disable|Sucker Punch|[from] ability: Cursed Body|[of] p1a: Marowak\n|move|p1a: Marowak|Bubble Beam|p2a: Emboar\n|-supereffective|p2a: Emboar\n|-damage|p2a: Emboar|54\/100\n|-enditem|p2a: Emboar|Air Balloon\n|\n|upkeep\n|turn|15\n|\n|t:|1700514804\n|move|p2a: Emboar|Earthquake|p1a: Marowak\n|-supereffective|p1a: Marowak\n|-damage|p1a: Marowak|0 fnt\n|faint|p1a: Marowak\n|\n|upkeep\n|\n|t:|1700514814\n|switch|p1a: Rotom|Rotom-Heat|62\/100\n|turn|16\n|\n|t:|1700514826\n|move|p2a: Emboar|Stone Edge|p1a: Rotom|[miss]\n|-miss|p2a: Emboar|p1a: Rotom\n|move|p1a: Rotom|Reflect|p1a: Rotom\n|-sidestart|p1: El Fael|Reflect\n|\n|-fieldend|move: Trick Room\n|upkeep\n|turn|17\n|\n|t:|1700514834\n|move|p1a: Rotom|Rain Dance|p1a: Rotom\n|-weather|RainDance\n|move|p2a: Emboar|Stone Edge|p1a: Rotom\n|-supereffective|p1a: Rotom\n|-crit|p1a: Rotom\n|-damage|p1a: Rotom|0 fnt\n|faint|p1a: Rotom\n|\n|-weather|RainDance|[upkeep]\n|-end|p2a: Emboar|Disable\n|-sideend|p1: El Fael|move: Light Screen\n|upkeep\n|\n|t:|1700514843\n|switch|p1a: Volcarona|Volcarona, F|100\/100\n|turn|18\n|\n|t:|1700514862\n|-terastallize|p1a: Volcarona|Fire\n|move|p2a: Emboar|Sucker Punch||[still]\n|-fail|p2a: Emboar\n|move|p1a: Volcarona|Quiver Dance|p1a: Volcarona\n|-boost|p1a: Volcarona|spa|1\n|-boost|p1a: Volcarona|spd|1\n|-boost|p1a: Volcarona|spe|1\n|\n|-weather|RainDance|[upkeep]\n|upkeep\n|turn|19\n|\n|t:|1700514875\n|move|p1a: Volcarona|Hurricane|p2a: Emboar\n|-supereffective|p2a: Emboar\n|-damage|p2a: Emboar|0 fnt\n|faint|p2a: Emboar\n|\n|-weather|RainDance|[upkeep]\n|upkeep\n|\n|t:|1700514879\n|switch|p2a: Chandelure|Chandelure, F|100\/100\n|turn|20\n|\n|t:|1700514888\n|move|p1a: Volcarona|Hidden Power|p2a: Chandelure\n|-supereffective|p2a: Chandelure\n|-enditem|p2a: Chandelure|Focus Sash\n|-damage|p2a: Chandelure|1\/100\n|move|p2a: Chandelure|Trick Room|p2a: Chandelure\n|-fieldstart|move: Trick Room|[of] p2a: Chandelure\n|\n|-weather|RainDance|[upkeep]\n|upkeep\n|turn|21\n|\n|t:|1700514902\n|move|p2a: Chandelure|Memento|p1a: Volcarona\n|-unboost|p1a: Volcarona|atk|2\n|-unboost|p1a: Volcarona|spa|2\n|faint|p2a: Chandelure\n|move|p1a: Volcarona|Quiver Dance|p1a: Volcarona\n|-boost|p1a: Volcarona|spa|1\n|-boost|p1a: Volcarona|spd|1\n|-boost|p1a: Volcarona|spe|1\n|\n|-weather|none\n|upkeep\n|\n|t:|1700514912\n|switch|p2a: Marowak|Marowak-Alola, F|76\/100\n|turn|22\n|\n|t:|1700514937\n|move|p2a: Marowak|Stone Edge|p1a: Volcarona\n|-supereffective|p1a: Volcarona\n|-damage|p1a: Volcarona|9\/100\n|move|p1a: Volcarona|Hidden Power|p2a: Marowak\n|-supereffective|p2a: Marowak\n|-damage|p2a: Marowak|13\/100\n|\n|upkeep\n|turn|23\n|\n|t:|1700514951\n|move|p2a: Marowak|Shadow Bone|p1a: Volcarona\n|-damage|p1a: Volcarona|0 fnt\n|faint|p1a: Volcarona\n|\n|-sideend|p1: El Fael|Reflect\n|upkeep\n|\n|t:|1700514956\n|switch|p1a: Cinderace|Cinderace, M|100\/100\n|turn|24\n|\n|t:|1700514971\n|move|p2a: Marowak|Earthquake|p1a: Cinderace\n|-supereffective|p1a: Cinderace\n|-damage|p1a: Cinderace|0 fnt\n|faint|p1a: Cinderace\n|\n|win|PauloV.V\n","uploadtime":1700514985,"views":21,"p1id":"elfael","p2id":"paulovv","formatid":"gen9nationaldex","rating":0,"private":0,"password":""}