{"id":"gen9nationaldex-1991845619","p1":"The Ice Age Master","p2":"Hondorixon_14","format":"[Gen 9] National Dex","log":"|j|\u2606The Ice Age Master\n|j|\u2606Hondorixon_14\n|t:|1700127475\n|gametype|singles\n|player|p1|The Ice Age Master|silver|\n|player|p2|Hondorixon_14|fisherman-gen4|\n|teamsize|p1|6\n|teamsize|p2|3\n|gen|9\n|tier|[Gen 9] National Dex\n|rule|HP Percentage Mod: HP is shown in percentages\n|rule|Endless Battle Clause: Forcing endless battles is banned\n|rule|OHKO Clause: OHKO moves are banned\n|rule|Evasion Clause: Evasion abilities, items, and moves are banned\n|rule|Evasion Abilities Clause: Evasion abilities are banned\n|rule|Evasion Items Clause: Evasion items are banned\n|rule|Evasion Moves Clause: Evasion moves are banned\n|rule|Species Clause: Limit one of each Pok\u00e9mon\n|rule|Sleep Clause Mod: Limit one foe put to sleep\n|clearpoke\n|poke|p1|Gliscor, F|\n|poke|p1|Greninja-*, M|\n|poke|p1|Heatran, M|\n|poke|p1|Corviknight, M|\n|poke|p1|Ferrothorn, M|\n|poke|p1|Banette, F|\n|poke|p2|Gardevoir, F|\n|poke|p2|Gengar, M|\n|poke|p2|Greninja-*, M|\n|teampreview\n|inactive|Battle timer is ON: inactive players will automatically lose when time's up. (requested by The Ice Age Master)\n|\n|t:|1700127498\n|start\n|switch|p1a: Banette|Banette, F|100\/100\n|switch|p2a: Greninja|Greninja, M|100\/100\n|-item|p2a: Greninja|Adrenaline Orb|[from] ability: Frisk|[of] p1a: Banette|[identify]\n|turn|1\n|c|\u2606The Ice Age Master|!dt adrenaline orb\n|raw|<ul class=\"utilichart\"><li class=\"result\"><span class=\"col itemiconcol\"><psicon item=\"adrenalineorb\"><\/span> <span class=\"col namecol\"><a href=\"https:\/\/dex.pokemonshowdown.com\/items\/adrenalineorb\">Adrenaline Orb<\/a><\/span> <span class=\"col itemdesccol\">Raises holder's Speed by 1 stage if it gets affected by Intimidate. Single use.<\/span> <\/li><li style=\"clear:both\"><\/li><\/ul>\n|raw|<font size=\"1\"><font color=\"#686868\">Gen:<\/font> 7&nbsp;|&ThickSpace;<font color=\"#686868\">Fling Base Power:<\/font> 30<\/font>\n\n|inactive|The Ice Age Master has 270 seconds left.\n|\n|t:|1700127531\n|detailschange|p1a: Banette|Banette-Mega, F\n|-mega|p1a: Banette|Banette|Banettite\n|move|p1a: Banette|Thunder Wave|p2a: Greninja\n|-hint|Since gen 7, Dark is immune to Prankster moves.\n|-immune|p2a: Greninja\n|move|p2a: Greninja|Night Slash|p1a: Banette\n|-supereffective|p1a: Banette\n|-damage|p1a: Banette|46\/100\n|\n|upkeep\n|turn|2\n|\n|t:|1700127540\n|switch|p1a: Ferrothorn|Ferrothorn, M|100\/100\n|move|p2a: Greninja|Hydro Pump|p1a: Ferrothorn|[miss]\n|-miss|p2a: Greninja|p1a: Ferrothorn\n|\n|upkeep\n|turn|3\n|\n|t:|1700127550\n|switch|p2a: Gengar|Gengar, M|100\/100\n|move|p1a: Ferrothorn|Power Whip|p2a: Gengar\n|-resisted|p2a: Gengar\n|-damage|p2a: Gengar|66\/100\n|-start|p1a: Ferrothorn|Disable|Power Whip|[from] ability: Cursed Body|[of] p2a: Gengar\n|\n|upkeep\n|turn|4\n|\n|t:|1700127554\n|move|p2a: Gengar|Shadow Ball|p1a: Ferrothorn\n|-damage|p1a: Ferrothorn|50\/100\n|move|p1a: Ferrothorn|Leech Seed|p2a: Gengar\n|-start|p2a: Gengar|move: Leech Seed\n|\n|-heal|p1a: Ferrothorn|56\/100|[from] item: Leftovers\n|-damage|p2a: Gengar|54\/100|[from] Leech Seed|[of] p1a: Ferrothorn\n|-heal|p1a: Ferrothorn|68\/100|[silent]\n|upkeep\n|turn|5\n|\n|t:|1700127559\n|move|p1a: Ferrothorn|Protect|p1a: Ferrothorn\n|-singleturn|p1a: Ferrothorn|Protect\n|move|p2a: Gengar|Shadow Ball|p1a: Ferrothorn\n|-activate|p1a: Ferrothorn|move: Protect\n|\n|-heal|p1a: Ferrothorn|75\/100|[from] item: Leftovers\n|-damage|p2a: Gengar|42\/100|[from] Leech Seed|[of] p1a: Ferrothorn\n|-heal|p1a: Ferrothorn|87\/100|[silent]\n|upkeep\n|turn|6\n|\n|t:|1700127569\n|switch|p2a: Gardevoir|Gardevoir, F|100\/100\n|switch|p1a: Greninja|Greninja, M|100\/100\n|\n|upkeep\n|turn|7\n|\n|t:|1700127575\n|-terastallize|p1a: Greninja|Water\n|move|p1a: Greninja|Work Up|p1a: Greninja\n|-boost|p1a: Greninja|atk|1\n|-boost|p1a: Greninja|spa|1\n|move|p2a: Gardevoir|Energy Ball|p1a: Greninja\n|-supereffective|p1a: Greninja\n|-enditem|p1a: Greninja|Focus Sash\n|-damage|p1a: Greninja|1\/100\n|\n|upkeep\n|turn|8\n|\n|t:|1700127581\n|move|p1a: Greninja|Water Shuriken|p2a: Gardevoir\n|-damage|p2a: Gardevoir|90\/100\n|-damage|p2a: Gardevoir|80\/100\n|-damage|p2a: Gardevoir|69\/100\n|-hitcount|p2a: Gardevoir|3\n|move|p2a: Gardevoir|Focus Blast|p1a: Greninja\n|-damage|p1a: Greninja|0 fnt\n|faint|p1a: Greninja\n|\n|upkeep\n|\n|t:|1700127586\n|switch|p1a: Heatran|Heatran, M|100\/100\n|-item|p1a: Heatran|Air Balloon\n|turn|9\n|\n|t:|1700127591\n|move|p2a: Gardevoir|Fire Punch|p1a: Heatran\n|-start|p1a: Heatran|ability: Flash Fire\n|move|p1a: Heatran|Stealth Rock|p2a: Gardevoir\n|-sidestart|p2: Hondorixon_14|move: Stealth Rock\n|\n|upkeep\n|turn|10\n|\n|t:|1700127596\n|move|p2a: Gardevoir|Energy Ball|p1a: Heatran\n|-resisted|p1a: Heatran\n|-damage|p1a: Heatran|94\/100\n|-enditem|p1a: Heatran|Air Balloon\n|move|p1a: Heatran|Flash Cannon|p2a: Gardevoir\n|-supereffective|p2a: Gardevoir\n|-crit|p2a: Gardevoir\n|-damage|p2a: Gardevoir|0 fnt\n|faint|p2a: Gardevoir\n|\n|upkeep\n|\n|t:|1700127597\n|switch|p2a: Greninja|Greninja, M|100\/100\n|-damage|p2a: Greninja|88\/100|[from] Stealth Rock\n|turn|11\n|\n|t:|1700127608\n|-end|p1a: Heatran|ability: Flash Fire|[silent]\n|switch|p1a: Corviknight|Corviknight, M|100\/100\n|move|p2a: Greninja|Hydro Pump|p1a: Corviknight|[miss]\n|-miss|p2a: Greninja|p1a: Corviknight\n|\n|upkeep\n|turn|12\n|\n|t:|1700127612\n|move|p2a: Greninja|Night Slash|p1a: Corviknight\n|-crit|p1a: Corviknight\n|-damage|p1a: Corviknight|71\/100\n|move|p1a: Corviknight|Iron Defense|p1a: Corviknight\n|-boost|p1a: Corviknight|def|2\n|\n|-heal|p1a: Corviknight|77\/100|[from] item: Leftovers\n|upkeep\n|turn|13\n|\n|t:|1700127615\n|move|p2a: Greninja|Blizzard|p1a: Corviknight\n|-damage|p1a: Corviknight|52\/100\n|move|p1a: Corviknight|Body Press|p2a: Greninja\n|-supereffective|p2a: Greninja\n|-damage|p2a: Greninja|0 fnt\n|faint|p2a: Greninja\n|\n|-heal|p1a: Corviknight|58\/100|[from] item: Leftovers\n|upkeep\n|\n|t:|1700127618\n|switch|p2a: Gengar|Gengar, M|42\/100\n|-damage|p2a: Gengar|29\/100|[from] Stealth Rock\n|turn|14\n|\n|t:|1700127627\n|switch|p1a: Heatran|Heatran, M|94\/100\n|move|p2a: Gengar|Shadow Ball|p1a: Heatran\n|-damage|p1a: Heatran|42\/100\n|\n|upkeep\n|turn|15\n|\n|t:|1700127632\n|-terastallize|p2a: Gengar|Ghost\n|move|p2a: Gengar|Shadow Ball|p1a: Heatran\n|-damage|p1a: Heatran|0 fnt\n|faint|p1a: Heatran\n|\n|upkeep\n|\n|t:|1700127636\n|switch|p1a: Banette|Banette-Mega, F|46\/100\n|turn|16\n|\n|t:|1700127639\n|move|p1a: Banette|Destiny Bond|p1a: Banette\n|-singlemove|p1a: Banette|Destiny Bond\n|move|p2a: Gengar|Shadow Ball|p1a: Banette\n|-supereffective|p1a: Banette\n|-damage|p1a: Banette|0 fnt\n|faint|p1a: Banette\n|-activate|p1a: Banette|move: Destiny Bond\n|faint|p2a: Gengar\n|\n|win|The Ice Age Master\n|c|\u2606The Ice Age Master|GGs\n","uploadtime":1700127651,"views":15,"p1id":"theiceagemaster","p2id":"hondorixon14","formatid":"gen9nationaldex","rating":0,"private":0,"password":""}