{"id":"gen9nationaldex-1987434789","p1":"grass knot zygarde","p2":"Xy1n","format":"[Gen 9] National Dex","log":"|j|\u2606grass knot zygarde\n|j|\u2606Xy1n\n|t:|1699591060\n|gametype|singles\n|player|p1|grass knot zygarde|dawn|\n|player|p2|Xy1n|marlon|\n|teamsize|p1|6\n|teamsize|p2|6\n|gen|9\n|tier|[Gen 9] National Dex\n|rule|HP Percentage Mod: HP is shown in percentages\n|rule|Endless Battle Clause: Forcing endless battles is banned\n|rule|OHKO Clause: OHKO moves are banned\n|rule|Evasion Clause: Evasion abilities, items, and moves are banned\n|rule|Evasion Abilities Clause: Evasion abilities are banned\n|rule|Evasion Items Clause: Evasion items are banned\n|rule|Evasion Moves Clause: Evasion moves are banned\n|rule|Species Clause: Limit one of each Pok\u00e9mon\n|rule|Sleep Clause Mod: Limit one foe put to sleep\n|clearpoke\n|poke|p1|Tapu Lele|\n|poke|p1|Sneasler, M|\n|poke|p1|Alomomola, M|\n|poke|p1|Gliscor, F|\n|poke|p1|Kartana|\n|poke|p1|Slowking-Galar, M|\n|poke|p2|Nidoking, M|\n|poke|p2|Charizard, F|\n|poke|p2|Landorus-Therian, M|\n|poke|p2|Cinderace, M|\n|poke|p2|Greninja-*, M|\n|poke|p2|Tapu Koko|\n|teampreview\n|inactive|Battle timer is ON: inactive players will automatically lose when time's up. (requested by grass knot zygarde)\n|c|\u2606grass knot zygarde|welcome to the darker side of taboo\n|inactive|grass knot zygarde has 270 seconds left.\n|c|\u2606grass knot zygarde|all i got is permanent scars and tattoos\n|\n|t:|1699591102\n|start\n|switch|p1a: guy|Slowking-Galar, M, shiny|100\/100\n|switch|p2a: urmom|Tapu Koko|100\/100\n|-fieldstart|move: Electric Terrain|[from] ability: Electric Surge|[of] p2a: urmom\n|turn|1\n|inactive|Xy1n has 270 seconds left.\n|\n|t:|1699591150\n|move|p2a: urmom|Reflect|p2a: urmom\n|-sidestart|p2: Xy1n|Reflect\n|move|p1a: guy|Future Sight|p2a: urmom\n|-start|p1a: guy|move: Future Sight\n|\n|upkeep\n|turn|2\n|\n|t:|1699591155\n|move|p2a: urmom|Light Screen|p2a: urmom\n|-sidestart|p2: Xy1n|move: Light Screen\n|move|p1a: guy|Sludge Bomb|p2a: urmom\n|-supereffective|p2a: urmom\n|-damage|p2a: urmom|62\/100\n|\n|upkeep\n|turn|3\n|inactive|Xy1n has 270 seconds left.\n|\n|t:|1699591164\n|switch|p2a: AfterMath|Greninja, M|100\/100\n|move|p1a: guy|Sludge Bomb|p2a: AfterMath\n|-damage|p2a: AfterMath|72\/100\n|\n|-end|p2a: AfterMath|move: Future Sight\n|-immune|p2a: AfterMath\n|upkeep\n|turn|4\n|\n|t:|1699591172\n|move|p2a: AfterMath|Dark Pulse|p1a: guy\n|-supereffective|p1a: guy\n|-damage|p1a: guy|61\/100\n|-damage|p2a: AfterMath|63\/100|[from] item: Life Orb\n|move|p1a: guy|Sludge Bomb|p2a: AfterMath\n|-damage|p2a: AfterMath|35\/100\n|-status|p2a: AfterMath|psn\n|\n|-damage|p2a: AfterMath|23\/100 psn|[from] psn\n|upkeep\n|turn|5\n|\n|t:|1699591185\n|switch|p2a: Six Pills|Nidoking, M|100\/100\n|switch|p1a: ok|Alomomola, M, shiny|100\/100\n|\n|-fieldend|move: Electric Terrain\n|upkeep\n|turn|6\n|\n|t:|1699591191\n|switch|p2a: urmom|Tapu Koko|62\/100\n|-fieldstart|move: Electric Terrain|[from] ability: Electric Surge|[of] p2a: urmom\n|switch|p1a: immortal|Gliscor, F, shiny|100\/100\n|\n|-status|p1a: immortal|tox|[from] item: Toxic Orb\n|upkeep\n|turn|7\n|\n|t:|1699591203\n|switch|p2a: Are You Ok?|Landorus-Therian, M|100\/100\n|-ability|p2a: Are You Ok?|Intimidate|boost\n|-unboost|p1a: immortal|atk|1\n|move|p1a: immortal|Stealth Rock|p2a: Are You Ok?\n|-sidestart|p2: Xy1n|move: Stealth Rock\n|\n|upkeep\n|turn|8\n|\n|t:|1699591210\n|move|p2a: Are You Ok?|Stealth Rock|p1a: immortal\n|-sidestart|p1: grass knot zygarde|move: Stealth Rock\n|move|p1a: immortal|Toxic|p2a: Are You Ok?\n|-status|p2a: Are You Ok?|tox\n|\n|-damage|p2a: Are You Ok?|95\/100 tox|[from] psn\n|-sideend|p2: Xy1n|Reflect\n|upkeep\n|turn|9\n|\n|t:|1699591219\n|switch|p1a: ok|Alomomola, M, shiny|100\/100\n|move|p2a: Are You Ok?|U-turn|p1a: ok\n|-damage|p1a: ok|85\/100\n|\n|t:|1699591227\n|switch|p2a: Arcade|Cinderace, M, shiny|100\/100|[from] U-turn\n|\n|-sideend|p2: Xy1n|move: Light Screen\n|upkeep\n|turn|10\n|\n|t:|1699591234\n|move|p2a: Arcade|U-turn|p1a: ok\n|-start|p2a: Arcade|typechange|Bug|[from] ability: Libero\n|-damage|p1a: ok|65\/100\n|\n|t:|1699591244\n|switch|p2a: AfterMath|Greninja, M|23\/100 psn|[from] U-turn\n|-damage|p2a: AfterMath|11\/100 psn|[from] Stealth Rock\n|move|p1a: ok|Flip Turn|p2a: AfterMath\n|-resisted|p2a: AfterMath\n|-damage|p2a: AfterMath|0 fnt\n|faint|p2a: AfterMath\n|\n|t:|1699591261\n|switch|p1a: immortal|Gliscor, F, shiny|100\/100 tox|[from] Flip Turn\n|-damage|p1a: immortal|88\/100 tox|[from] Stealth Rock\n|\n|-heal|p1a: immortal|100\/100 tox|[from] ability: Poison Heal\n|-fieldend|move: Electric Terrain\n|upkeep\n|\n|t:|1699591266\n|switch|p2a: Six Pills|Nidoking, M|100\/100\n|-damage|p2a: Six Pills|95\/100|[from] Stealth Rock\n|turn|11\n|\n|t:|1699591274\n|switch|p1a: permanent scars|Tapu Lele, shiny|100\/100\n|-damage|p1a: permanent scars|88\/100|[from] Stealth Rock\n|-fieldstart|move: Psychic Terrain|[from] ability: Psychic Surge|[of] p1a: permanent scars\n|move|p2a: Six Pills|Ice Beam|p1a: permanent scars\n|-damage|p1a: permanent scars|44\/100\n|\n|upkeep\n|turn|12\n|\n|t:|1699591281\n|move|p1a: permanent scars|Psyshock|p2a: Six Pills\n|-supereffective|p2a: Six Pills\n|-damage|p2a: Six Pills|0 fnt\n|faint|p2a: Six Pills\n|\n|upkeep\n|c|\u2606Xy1n|i fogot\n|c|\u2606Xy1n|that people run scarf\n|c|\u2606Xy1n|mb\n|c|\u2606Xy1n|i threw\n|\n|t:|1699591297\n|switch|p2a: urmom|Tapu Koko|62\/100\n|-damage|p2a: urmom|49\/100|[from] Stealth Rock\n|-fieldstart|move: Electric Terrain|[from] ability: Electric Surge|[of] p2a: urmom\n|turn|13\n|\n|t:|1699591311\n|move|p1a: permanent scars|Psyshock|p2a: urmom\n|-damage|p2a: urmom|5\/100\n|move|p2a: urmom|Light Screen|p2a: urmom\n|-sidestart|p2: Xy1n|move: Light Screen\n|\n|upkeep\n|turn|14\n|c|\u2606Xy1n|i aint even playin with my full attention fr\n|\n|t:|1699591329\n|move|p1a: permanent scars|Psyshock|p2a: urmom\n|-damage|p2a: urmom|0 fnt\n|faint|p2a: urmom\n|\n|upkeep\n|\n|t:|1699591339\n|switch|p2a: Arcade|Cinderace, M, shiny|100\/100\n|turn|15\n|\n|t:|1699591345\n|switch|p1a: ok|Alomomola, M, shiny|99\/100\n|move|p2a: Arcade|U-turn|p1a: ok\n|-start|p2a: Arcade|typechange|Bug|[from] ability: Libero\n|-damage|p1a: ok|80\/100\n|\n|t:|1699591358\n|switch|p2a: Are You Ok?|Landorus-Therian, M|95\/100 tox|[from] U-turn\n|-damage|p2a: Are You Ok?|82\/100 tox|[from] Stealth Rock\n|-ability|p2a: Are You Ok?|Intimidate|boost\n|-unboost|p1a: ok|atk|1\n|\n|-heal|p2a: Are You Ok?|88\/100 tox|[from] item: Leftovers\n|-damage|p2a: Are You Ok?|82\/100 tox|[from] psn\n|upkeep\n|turn|16\n|\n|t:|1699591365\n|move|p1a: ok|Protect|p1a: ok\n|-singleturn|p1a: ok|Protect\n|move|p2a: Are You Ok?|U-turn|p1a: ok\n|-activate|p1a: ok|move: Protect\n|\n|-heal|p2a: Are You Ok?|88\/100 tox|[from] item: Leftovers\n|-damage|p2a: Are You Ok?|76\/100 tox|[from] psn\n|upkeep\n|turn|17\n|\n|t:|1699591370\n|move|p2a: Are You Ok?|U-turn|p1a: ok\n|-damage|p1a: ok|62\/100\n|\n|t:|1699591380\n|switch|p2a: Arcade|Cinderace, M, shiny|100\/100|[from] U-turn\n|move|p1a: ok|Flip Turn|p2a: Arcade\n|-supereffective|p2a: Arcade\n|-damage|p2a: Arcade|71\/100\n|\n|t:|1699591396\n|switch|p1a: permanent scars|Tapu Lele, shiny|44\/100|[from] Flip Turn\n|-damage|p1a: permanent scars|31\/100|[from] Stealth Rock\n|-fieldstart|move: Psychic Terrain|[from] ability: Psychic Surge|[of] p1a: permanent scars\n|\n|upkeep\n|turn|18\n|\n|t:|1699591411\n|move|p1a: permanent scars|Future Sight|p2a: Arcade\n|-start|p1a: permanent scars|move: Future Sight\n|move|p2a: Arcade|Flare Blitz|p1a: permanent scars\n|-damage|p1a: permanent scars|0 fnt\n|faint|p1a: permanent scars\n|-damage|p2a: Arcade|61\/100|[from] Recoil\n|\n|upkeep\n|\n|t:|1699591417\n|switch|p1a: flying whales|Sneasler, M, shiny|100\/100\n|-damage|p1a: flying whales|95\/100|[from] Stealth Rock\n|-enditem|p1a: flying whales|Psychic Seed\n|-boost|p1a: flying whales|spd|1|[from] item: Psychic Seed\n|turn|19\n|\n|t:|1699591432\n|-terastallize|p2a: Arcade|Fire\n|move|p1a: flying whales|Close Combat|p2a: Arcade\n|-damage|p2a: Arcade|0 fnt\n|-unboost|p1a: flying whales|def|1\n|-unboost|p1a: flying whales|spd|1\n|faint|p2a: Arcade\n|\n|upkeep\n|\n|t:|1699591438\n|switch|p2a: Are You Ok?|Landorus-Therian, M|76\/100 tox\n|-damage|p2a: Are You Ok?|64\/100 tox|[from] Stealth Rock\n|-ability|p2a: Are You Ok?|Intimidate|boost\n|-unboost|p1a: flying whales|atk|1\n|turn|20\n|c|\u2606grass knot zygarde|amazing\n|\n|t:|1699591448\n|-terastallize|p1a: flying whales|Flying\n|move|p1a: flying whales|Swords Dance|p1a: flying whales\n|-boost|p1a: flying whales|atk|2\n|move|p2a: Are You Ok?|Earthquake|p1a: flying whales\n|-immune|p1a: flying whales\n|\n|-end|p2a: Are You Ok?|move: Future Sight\n|-damage|p2a: Are You Ok?|11\/100 tox\n|-heal|p2a: Are You Ok?|16\/100 tox|[from] item: Leftovers\n|-damage|p2a: Are You Ok?|11\/100 tox|[from] psn\n|-sideend|p2: Xy1n|move: Light Screen\n|upkeep\n|turn|21\n|\n|t:|1699591463\n|move|p1a: flying whales|Acrobatics|p2a: Are You Ok?\n|-damage|p2a: Are You Ok?|0 fnt\n|faint|p2a: Are You Ok?\n|\n|-fieldend|move: Psychic Terrain\n|upkeep\n|\n|t:|1699591466\n|switch|p2a: The King|Charizard, F|100\/100\n|-damage|p2a: The King|51\/100|[from] Stealth Rock\n|turn|22\n|\n|t:|1699591471\n|detailschange|p2a: The King|Charizard-Mega-Y, F\n|-mega|p2a: The King|Charizard|Charizardite Y\n|-weather|SunnyDay|[from] ability: Drought|[of] p2a: The King\n|move|p1a: flying whales|Acrobatics|p2a: The King\n|-damage|p2a: The King|0 fnt\n|faint|p2a: The King\n|\n|win|grass knot zygarde\n|c|\u2606Xy1n|gg\n","uploadtime":1699591482,"views":4,"p1id":"grassknotzygarde","p2id":"xy1n","formatid":"gen9nationaldex","rating":0,"private":0,"password":""}