{"id":"gen9nationaldex-1997318022","p1":"Hammer and Nail","p2":"klangerstein","format":"[Gen 9] National Dex","log":"|html|<div class=\"broadcast-blue\"><strong>[Gen 9] National Dex is currently suspecting Sneasler! For information on how to participate check out the <a href=\"https:\/\/www.smogon.com\/forums\/threads\/sv-national-dex-suspect-8-just-dance.3731534\/\">suspect thread<\/a>.<\/strong><\/div>\n|j|\u2606Hammer and Nail\n|j|\u2606klangerstein\n|t:|1700788730\n|gametype|singles\n|player|p1|Hammer and Nail|crasherwake|1162\n|player|p2|klangerstein|wallace|1246\n|teamsize|p1|6\n|teamsize|p2|6\n|gen|9\n|tier|[Gen 9] National Dex\n|rated|\n|rule|HP Percentage Mod: HP is shown in percentages\n|rule|Endless Battle Clause: Forcing endless battles is banned\n|rule|OHKO Clause: OHKO moves are banned\n|rule|Evasion Clause: Evasion abilities, items, and moves are banned\n|rule|Evasion Abilities Clause: Evasion abilities are banned\n|rule|Evasion Items Clause: Evasion items are banned\n|rule|Evasion Moves Clause: Evasion moves are banned\n|rule|Species Clause: Limit one of each Pok\u00e9mon\n|rule|Sleep Clause Mod: Limit one foe put to sleep\n|clearpoke\n|poke|p1|Skeledirge, F|\n|poke|p1|Eelektross, M|\n|poke|p1|Ursaluna, F|\n|poke|p1|Primeape, M|\n|poke|p1|Corviknight, M|\n|poke|p1|Muk, M|\n|poke|p2|Klawf, M|\n|poke|p2|Hippowdon, F|\n|poke|p2|Seismitoad, F|\n|poke|p2|Gliscor, F|\n|poke|p2|Tyranitar, F|\n|poke|p2|Toedscruel, F|\n|teampreview\n|inactive|Battle timer is ON: inactive players will automatically lose when time's up. (requested by Hammer and Nail)\n|\n|t:|1700788756\n|start\n|switch|p1a: Primeape|Primeape, M|100\/100\n|switch|p2a: Tyranitar|Tyranitar, F|100\/100\n|-weather|Sandstorm|[from] ability: Sand Stream|[of] p2a: Tyranitar\n|turn|1\n|\n|t:|1700788762\n|switch|p2a: Gliscor|Gliscor, F|100\/100\n|move|p1a: Primeape|Close Combat|p2a: Gliscor\n|-resisted|p2a: Gliscor\n|-damage|p2a: Gliscor|84\/100\n|-unboost|p1a: Primeape|def|1\n|-unboost|p1a: Primeape|spd|1\n|\n|-weather|Sandstorm|[upkeep]\n|-damage|p1a: Primeape|95\/100|[from] Sandstorm\n|-status|p2a: Gliscor|tox|[from] item: Toxic Orb\n|upkeep\n|turn|2\n|\n|t:|1700788770\n|switch|p1a: Ursaluna|Ursaluna, F|100\/100\n|move|p2a: Gliscor|Toxic|p1a: Ursaluna\n|-status|p1a: Ursaluna|tox\n|\n|-weather|Sandstorm|[upkeep]\n|-heal|p2a: Gliscor|96\/100 tox|[from] ability: Poison Heal\n|-damage|p1a: Ursaluna|94\/100 tox|[from] psn\n|upkeep\n|turn|3\n|\n|t:|1700788777\n|move|p2a: Gliscor|Protect|p2a: Gliscor\n|-singleturn|p2a: Gliscor|Protect\n|move|p1a: Ursaluna|Facade|p2a: Gliscor\n|-activate|p2a: Gliscor|move: Protect\n|\n|-weather|Sandstorm|[upkeep]\n|-heal|p2a: Gliscor|100\/100 tox|[from] ability: Poison Heal\n|-damage|p1a: Ursaluna|82\/100 tox|[from] psn\n|upkeep\n|turn|4\n|\n|t:|1700788788\n|move|p2a: Gliscor|Earthquake|p1a: Ursaluna\n|-damage|p1a: Ursaluna|61\/100 tox\n|move|p1a: Ursaluna|Facade|p2a: Gliscor\n|-damage|p2a: Gliscor|21\/100 tox\n|\n|-weather|Sandstorm|[upkeep]\n|-heal|p2a: Gliscor|33\/100 tox|[from] ability: Poison Heal\n|-damage|p1a: Ursaluna|43\/100 tox|[from] psn\n|upkeep\n|turn|5\n|\n|t:|1700788795\n|move|p2a: Gliscor|Protect|p2a: Gliscor\n|-singleturn|p2a: Gliscor|Protect\n|move|p1a: Ursaluna|Facade|p2a: Gliscor\n|-activate|p2a: Gliscor|move: Protect\n|\n|-weather|none\n|-heal|p2a: Gliscor|45\/100 tox|[from] ability: Poison Heal\n|-damage|p1a: Ursaluna|18\/100 tox|[from] psn\n|upkeep\n|turn|6\n|\n|t:|1700788805\n|switch|p2a: Klawf|Klawf, M|100\/100\n|move|p1a: Ursaluna|Facade|p2a: Klawf\n|-resisted|p2a: Klawf\n|-damage|p2a: Klawf|35\/100\n|-ability|p2a: Klawf|Anger Shell|boost\n|-boost|p2a: Klawf|atk|1\n|-boost|p2a: Klawf|spa|1\n|-boost|p2a: Klawf|spe|1\n|-unboost|p2a: Klawf|def|1\n|-unboost|p2a: Klawf|spd|1\n|\n|-damage|p1a: Ursaluna|0 fnt|[from] psn\n|faint|p1a: Ursaluna\n|upkeep\n|\n|t:|1700788817\n|switch|p1a: Corviknight|Corviknight, M|100\/100\n|turn|7\n|\n|t:|1700788821\n|move|p2a: Klawf|Stone Edge|p1a: Corviknight\n|-damage|p1a: Corviknight|55\/100\n|move|p1a: Corviknight|Iron Head|p2a: Klawf\n|-supereffective|p2a: Klawf\n|-damage|p2a: Klawf|0 fnt\n|faint|p2a: Klawf\n|\n|-heal|p1a: Corviknight|61\/100|[from] item: Leftovers\n|upkeep\n|\n|t:|1700788835\n|switch|p2a: Tyranitar|Tyranitar, F|100\/100\n|-weather|Sandstorm|[from] ability: Sand Stream|[of] p2a: Tyranitar\n|turn|8\n|\n|t:|1700788840\n|move|p2a: Tyranitar|Dragon Dance|p2a: Tyranitar\n|-boost|p2a: Tyranitar|atk|1\n|-boost|p2a: Tyranitar|spe|1\n|move|p1a: Corviknight|Iron Head|p2a: Tyranitar\n|-supereffective|p2a: Tyranitar\n|-damage|p2a: Tyranitar|58\/100\n|\n|-weather|Sandstorm|[upkeep]\n|-heal|p1a: Corviknight|68\/100|[from] item: Leftovers\n|upkeep\n|turn|9\n|\n|t:|1700788845\n|move|p2a: Tyranitar|Fire Punch|p1a: Corviknight\n|-supereffective|p1a: Corviknight\n|-damage|p1a: Corviknight|18\/100\n|move|p1a: Corviknight|Iron Head|p2a: Tyranitar\n|-supereffective|p2a: Tyranitar\n|-damage|p2a: Tyranitar|9\/100\n|-enditem|p2a: Tyranitar|Liechi Berry|[eat]\n|-boost|p2a: Tyranitar|atk|1|[from] item: Liechi Berry\n|\n|-weather|Sandstorm|[upkeep]\n|-heal|p1a: Corviknight|24\/100|[from] item: Leftovers\n|upkeep\n|turn|10\n|\n|t:|1700788850\n|move|p2a: Tyranitar|Fire Punch|p1a: Corviknight\n|-supereffective|p1a: Corviknight\n|-damage|p1a: Corviknight|0 fnt\n|faint|p1a: Corviknight\n|\n|-weather|Sandstorm|[upkeep]\n|upkeep\n|\n|t:|1700788855\n|switch|p1a: Primeape|Primeape, M|95\/100\n|turn|11\n|\n|t:|1700788862\n|move|p1a: Primeape|U-turn|p2a: Tyranitar\n|-supereffective|p2a: Tyranitar\n|-damage|p2a: Tyranitar|0 fnt\n|faint|p2a: Tyranitar\n|\n|t:|1700788868\n|switch|p1a: Eelektross|Eelektross, M|100\/100|[from] U-turn\n|\n|-weather|Sandstorm|[upkeep]\n|-damage|p1a: Eelektross|94\/100|[from] Sandstorm\n|upkeep\n|\n|t:|1700788876\n|switch|p2a: Toedscruel|Toedscruel, F|100\/100\n|turn|12\n|\n|t:|1700788884\n|move|p1a: Eelektross|Volt Switch|p2a: Toedscruel\n|-immune|p2a: Toedscruel\n|move|p2a: Toedscruel|Spore|p1a: Eelektross\n|-status|p1a: Eelektross|slp|[from] move: Spore\n|\n|-weather|none\n|upkeep\n|turn|13\n|\n|t:|1700788889\n|cant|p1a: Eelektross|slp\n|move|p2a: Toedscruel|Spikes|p1a: Eelektross\n|-sidestart|p1: Hammer and Nail|Spikes\n|\n|upkeep\n|turn|14\n|\n|t:|1700788891\n|switch|p1a: Primeape|Primeape, M|95\/100\n|-damage|p1a: Primeape|82\/100|[from] Spikes\n|move|p2a: Toedscruel|Spikes|p1a: Primeape\n|-sidestart|p1: Hammer and Nail|Spikes\n|\n|upkeep\n|turn|15\n|\n|t:|1700788900\n|move|p1a: Primeape|Ice Punch|p2a: Toedscruel\n|-supereffective|p2a: Toedscruel\n|-damage|p2a: Toedscruel|0 fnt\n|faint|p2a: Toedscruel\n|\n|upkeep\n|\n|t:|1700788908\n|switch|p2a: Seismitoad|Seismitoad, F|100\/100\n|turn|16\n|\n|t:|1700788921\n|switch|p1a: Eelektross|Eelektross, M|94\/100 slp\n|move|p2a: Seismitoad|Hydro Pump|p1a: Eelektross|[miss]\n|-miss|p2a: Seismitoad|p1a: Eelektross\n|\n|upkeep\n|turn|17\n|\n|t:|1700788925\n|move|p2a: Seismitoad|Hydro Pump|p1a: Eelektross\n|-damage|p1a: Eelektross|46\/100 slp\n|-curestatus|p1a: Eelektross|slp|[msg]\n|move|p1a: Eelektross|Giga Drain|p2a: Seismitoad\n|-supereffective|p2a: Seismitoad\n|-damage|p2a: Seismitoad|1\/100\n|-heal|p1a: Eelektross|100\/100|[from] drain|[of] p2a: Seismitoad\n|\n|upkeep\n|turn|18\n|\n|t:|1700788932\n|move|p2a: Seismitoad|Hydro Pump|p1a: Eelektross\n|-damage|p1a: Eelektross|44\/100\n|move|p1a: Eelektross|Giga Drain|p2a: Seismitoad\n|-supereffective|p2a: Seismitoad\n|-damage|p2a: Seismitoad|0 fnt\n|-heal|p1a: Eelektross|45\/100|[from] drain|[of] p2a: Seismitoad\n|faint|p2a: Seismitoad\n|\n|upkeep\n|\n|t:|1700788948\n|switch|p2a: Gliscor|Gliscor, F|45\/100 tox\n|turn|19\n|\n|t:|1700788953\n|move|p2a: Gliscor|Toxic|p1a: Eelektross\n|-status|p1a: Eelektross|tox\n|move|p1a: Eelektross|Flamethrower|p2a: Gliscor\n|-damage|p2a: Gliscor|12\/100 tox\n|\n|-heal|p2a: Gliscor|24\/100 tox|[from] ability: Poison Heal\n|-damage|p1a: Eelektross|38\/100 tox|[from] psn\n|upkeep\n|turn|20\n|\n|t:|1700788957\n|move|p2a: Gliscor|Protect|p2a: Gliscor\n|-singleturn|p2a: Gliscor|Protect\n|move|p1a: Eelektross|Flamethrower|p2a: Gliscor\n|-activate|p2a: Gliscor|move: Protect\n|\n|-heal|p2a: Gliscor|37\/100 tox|[from] ability: Poison Heal\n|-damage|p1a: Eelektross|26\/100 tox|[from] psn\n|upkeep\n|turn|21\n|\n|t:|1700788962\n|move|p2a: Gliscor|Fire Fang|p1a: Eelektross\n|-damage|p1a: Eelektross|10\/100 tox\n|move|p1a: Eelektross|Flamethrower|p2a: Gliscor\n|-damage|p2a: Gliscor|0 fnt\n|faint|p2a: Gliscor\n|\n|-damage|p1a: Eelektross|0 fnt|[from] psn\n|faint|p1a: Eelektross\n|upkeep\n|\n|t:|1700788970\n|switch|p2a: Hippowdon|Hippowdon, F|100\/100\n|switch|p1a: Primeape|Primeape, M|82\/100\n|-damage|p1a: Primeape|66\/100|[from] Spikes\n|-weather|Sandstorm|[from] ability: Sand Stream|[of] p2a: Hippowdon\n|turn|22\n|\n|t:|1700788977\n|move|p1a: Primeape|Ice Punch|p2a: Hippowdon\n|-supereffective|p2a: Hippowdon\n|-damage|p2a: Hippowdon|75\/100\n|move|p2a: Hippowdon|Toxic|p1a: Primeape\n|-status|p1a: Primeape|tox\n|\n|-weather|Sandstorm|[upkeep]\n|-damage|p1a: Primeape|60\/100 tox|[from] Sandstorm\n|-heal|p2a: Hippowdon|81\/100|[from] item: Leftovers\n|-damage|p1a: Primeape|54\/100 tox|[from] psn\n|upkeep\n|turn|23\n|\n|t:|1700788983\n|move|p1a: Primeape|Ice Punch|p2a: Hippowdon\n|-supereffective|p2a: Hippowdon\n|-damage|p2a: Hippowdon|53\/100\n|move|p2a: Hippowdon|Slack Off|p2a: Hippowdon\n|-heal|p2a: Hippowdon|100\/100\n|\n|-weather|Sandstorm|[upkeep]\n|-damage|p1a: Primeape|48\/100 tox|[from] Sandstorm\n|-damage|p1a: Primeape|36\/100 tox|[from] psn\n|upkeep\n|turn|24\n|\n|t:|1700788988\n|switch|p1a: Skeledirge|Skeledirge, F|100\/100\n|move|p2a: Hippowdon|Protect||[still]\n|-fail|p2a: Hippowdon\n|\n|-weather|Sandstorm|[upkeep]\n|-damage|p1a: Skeledirge|94\/100|[from] Sandstorm\n|upkeep\n|turn|25\n|\n|t:|1700788991\n|move|p1a: Skeledirge|Yawn|p2a: Hippowdon\n|-start|p2a: Hippowdon|move: Yawn|[of] p1a: Skeledirge\n|move|p2a: Hippowdon|Toxic|p1a: Skeledirge\n|-status|p1a: Skeledirge|tox\n|\n|-weather|Sandstorm|[upkeep]\n|-damage|p1a: Skeledirge|88\/100 tox|[from] Sandstorm\n|-damage|p1a: Skeledirge|82\/100 tox|[from] psn\n|upkeep\n|turn|26\n|\n|t:|1700788997\n|-terastallize|p2a: Hippowdon|Ground\n|move|p1a: Skeledirge|Torch Song|p2a: Hippowdon\n|-crit|p2a: Hippowdon\n|-damage|p2a: Hippowdon|56\/100\n|-boost|p1a: Skeledirge|spa|1\n|move|p2a: Hippowdon|Earthquake|p1a: Skeledirge\n|-supereffective|p1a: Skeledirge\n|-damage|p1a: Skeledirge|23\/100 tox\n|\n|-weather|none\n|-heal|p2a: Hippowdon|62\/100|[from] item: Leftovers\n|-damage|p1a: Skeledirge|11\/100 tox|[from] psn\n|-end|p2a: Hippowdon|move: Yawn|[silent]\n|-status|p2a: Hippowdon|slp\n|upkeep\n|turn|27\n|\n|t:|1700789005\n|move|p1a: Skeledirge|Shadow Ball|p2a: Hippowdon\n|-damage|p2a: Hippowdon|17\/100 slp\n|cant|p2a: Hippowdon|slp\n|\n|-heal|p2a: Hippowdon|23\/100 slp|[from] item: Leftovers\n|-damage|p1a: Skeledirge|0 fnt|[from] psn\n|faint|p1a: Skeledirge\n|upkeep\n|\n|t:|1700789009\n|switch|p1a: Muk|Muk, M|100\/100\n|-damage|p1a: Muk|84\/100|[from] Spikes\n|turn|28\n|\n|t:|1700789011\n|move|p1a: Muk|Ice Punch|p2a: Hippowdon\n|-supereffective|p2a: Hippowdon\n|-damage|p2a: Hippowdon|5\/100 slp\n|cant|p2a: Hippowdon|slp\n|\n|-heal|p1a: Muk|90\/100|[from] item: Black Sludge\n|-heal|p2a: Hippowdon|11\/100 slp|[from] item: Leftovers\n|upkeep\n|turn|29\n|\n|t:|1700789016\n|-curestatus|p2a: Hippowdon|slp|[msg]\n|move|p2a: Hippowdon|Protect|p2a: Hippowdon\n|-singleturn|p2a: Hippowdon|Protect\n|move|p1a: Muk|Ice Punch|p2a: Hippowdon\n|-activate|p2a: Hippowdon|move: Protect\n|\n|-heal|p1a: Muk|96\/100|[from] item: Black Sludge\n|-heal|p2a: Hippowdon|18\/100|[from] item: Leftovers\n|upkeep\n|turn|30\n|\n|t:|1700789024\n|move|p1a: Muk|Shadow Sneak|p2a: Hippowdon\n|-damage|p2a: Hippowdon|13\/100\n|move|p2a: Hippowdon|Slack Off|p2a: Hippowdon\n|-heal|p2a: Hippowdon|63\/100\n|\n|-heal|p1a: Muk|100\/100|[from] item: Black Sludge\n|-heal|p2a: Hippowdon|69\/100|[from] item: Leftovers\n|upkeep\n|turn|31\n|\n|t:|1700789028\n|move|p1a: Muk|Poison Jab|p2a: Hippowdon\n|-resisted|p2a: Hippowdon\n|-damage|p2a: Hippowdon|62\/100\n|move|p2a: Hippowdon|Earthquake|p1a: Muk\n|-supereffective|p1a: Muk\n|-damage|p1a: Muk|2\/100\n|\n|-heal|p1a: Muk|8\/100|[from] item: Black Sludge\n|-heal|p2a: Hippowdon|68\/100|[from] item: Leftovers\n|upkeep\n|turn|32\n|\n|t:|1700789033\n|move|p1a: Muk|Ice Punch|p2a: Hippowdon\n|-supereffective|p2a: Hippowdon\n|-damage|p2a: Hippowdon|48\/100\n|-status|p2a: Hippowdon|psn|[from] ability: Poison Touch|[of] p1a: Muk\n|move|p2a: Hippowdon|Earthquake|p1a: Muk\n|-supereffective|p1a: Muk\n|-damage|p1a: Muk|0 fnt\n|faint|p1a: Muk\n|\n|-heal|p2a: Hippowdon|54\/100 psn|[from] item: Leftovers\n|-damage|p2a: Hippowdon|42\/100 psn|[from] psn\n|upkeep\n|\n|t:|1700789040\n|switch|p1a: Primeape|Primeape, M|36\/100 tox\n|-damage|p1a: Primeape|20\/100 tox|[from] Spikes\n|turn|33\n|\n|t:|1700789042\n|move|p1a: Primeape|Ice Punch|p2a: Hippowdon\n|-supereffective|p2a: Hippowdon\n|-damage|p2a: Hippowdon|15\/100 psn\n|move|p2a: Hippowdon|Slack Off|p2a: Hippowdon\n|-heal|p2a: Hippowdon|65\/100 psn\n|\n|-heal|p2a: Hippowdon|71\/100 psn|[from] item: Leftovers\n|-damage|p1a: Primeape|14\/100 tox|[from] psn\n|-damage|p2a: Hippowdon|59\/100 psn|[from] psn\n|upkeep\n|turn|34\n|\n|t:|1700789047\n|move|p2a: Hippowdon|Protect|p2a: Hippowdon\n|-singleturn|p2a: Hippowdon|Protect\n|move|p1a: Primeape|Ice Punch|p2a: Hippowdon\n|-activate|p2a: Hippowdon|move: Protect\n|\n|-heal|p2a: Hippowdon|65\/100 psn|[from] item: Leftovers\n|-damage|p1a: Primeape|2\/100 tox|[from] psn\n|-damage|p2a: Hippowdon|53\/100 psn|[from] psn\n|upkeep\n|turn|35\n|\n|t:|1700789050\n|move|p1a: Primeape|Ice Punch|p2a: Hippowdon\n|-supereffective|p2a: Hippowdon\n|-damage|p2a: Hippowdon|28\/100 psn\n|move|p2a: Hippowdon|Slack Off|p2a: Hippowdon\n|-heal|p2a: Hippowdon|78\/100 psn\n|\n|-heal|p2a: Hippowdon|84\/100 psn|[from] item: Leftovers\n|-damage|p1a: Primeape|0 fnt|[from] psn\n|faint|p1a: Primeape\n|\n|win|klangerstein\n|upkeep\n|raw|Hammer and Nail's rating: 1162 &rarr; <strong>1143<\/strong><br \/>(-19 for losing)\n|raw|klangerstein's rating: 1246 &rarr; <strong>1265<\/strong><br \/>(+19 for winning)\n|l|\u2606Hammer and Nail\n|l|\u2606klangerstein\n|j|\u2606klangerstein\n|player|p2|klangerstein|wallace\n","uploadtime":1700789060,"views":30,"p1id":"hammerandnail","p2id":"klangerstein","formatid":"gen9nationaldex","rating":1143,"private":0,"password":""}