{"id":"gen9nationaldex-1991902861","p1":"BrightenMood","p2":"wlakjqpqbe","format":"[Gen 9] National Dex","log":"|j|\u2606BrightenMood\n|j|\u2606wlakjqpqbe\n|t:|1700135995\n|gametype|singles\n|player|p1|BrightenMood|2|1040\n|player|p2|wlakjqpqbe|101|1131\n|teamsize|p1|6\n|teamsize|p2|6\n|gen|9\n|tier|[Gen 9] National Dex\n|rated|\n|rule|HP Percentage Mod: HP is shown in percentages\n|rule|Endless Battle Clause: Forcing endless battles is banned\n|rule|OHKO Clause: OHKO moves are banned\n|rule|Evasion Clause: Evasion abilities, items, and moves are banned\n|rule|Evasion Abilities Clause: Evasion abilities are banned\n|rule|Evasion Items Clause: Evasion items are banned\n|rule|Evasion Moves Clause: Evasion moves are banned\n|rule|Species Clause: Limit one of each Pok\u00e9mon\n|rule|Sleep Clause Mod: Limit one foe put to sleep\n|clearpoke\n|poke|p1|Salamence, M|\n|poke|p1|Blissey, F|\n|poke|p1|Goodra-Hisui, F|\n|poke|p1|Great Tusk|\n|poke|p1|Sinistcha-Masterpiece|\n|poke|p1|Skeledirge, M|\n|poke|p2|Pelipper, F|\n|poke|p2|Greninja-*, M|\n|poke|p2|Swampert, F|\n|poke|p2|Talonflame, F|\n|poke|p2|Ogerpon-Wellspring, F|\n|poke|p2|Urshifu-*, F|\n|teampreview\n|\n|t:|1700136005\n|start\n|switch|p1a: Blissey|Blissey, F|100\/100\n|switch|p2a: Pelipper|Pelipper, F|100\/100\n|-weather|RainDance|[from] ability: Drizzle|[of] p2a: Pelipper\n|turn|1\n|\n|t:|1700136016\n|move|p2a: Pelipper|U-turn|p1a: Blissey\n|-damage|p1a: Blissey|84\/100\n|\n|t:|1700136018\n|switch|p2a: Urshifu|Urshifu-Rapid-Strike, F|100\/100|[from] U-turn\n|move|p1a: Blissey|Endeavor|p2a: Urshifu\n|-immune|p2a: Urshifu\n|\n|-weather|RainDance|[upkeep]\n|upkeep\n|turn|2\n|\n|t:|1700136032\n|switch|p1a: Coffee|Sinistcha-Masterpiece|100\/100\n|-terastallize|p2a: Urshifu|Water\n|move|p2a: Urshifu|Surging Strikes|p1a: Coffee\n|-resisted|p1a: Coffee\n|-crit|p1a: Coffee\n|-damage|p1a: Coffee|73\/100\n|-resisted|p1a: Coffee\n|-crit|p1a: Coffee\n|-damage|p1a: Coffee|45\/100\n|-resisted|p1a: Coffee\n|-crit|p1a: Coffee\n|-damage|p1a: Coffee|19\/100\n|-hitcount|p1a: Coffee|3\n|\n|-weather|RainDance|[upkeep]\n|-heal|p1a: Coffee|25\/100|[from] item: Leftovers\n|upkeep\n|turn|3\n|\n|t:|1700136053\n|-terastallize|p1a: Coffee|Fire\n|move|p2a: Urshifu|Surging Strikes|p1a: Coffee\n|-supereffective|p1a: Coffee\n|-crit|p1a: Coffee\n|-damage|p1a: Coffee|0 fnt\n|faint|p1a: Coffee\n|-hitcount|p1: Coffee|1\n|\n|-weather|RainDance|[upkeep]\n|upkeep\n|\n|t:|1700136066\n|switch|p1a: OwOIsMe|Great Tusk|100\/100\n|-enditem|p1a: OwOIsMe|Booster Energy\n|-activate|p1a: OwOIsMe|ability: Protosynthesis|[fromitem]\n|-start|p1a: OwOIsMe|protosynthesisatk\n|turn|4\n|\n|t:|1700136079\n|move|p2a: Urshifu|Surging Strikes|p1a: OwOIsMe\n|-supereffective|p1a: OwOIsMe\n|-crit|p1a: OwOIsMe\n|-damage|p1a: OwOIsMe|25\/100\n|-supereffective|p1a: OwOIsMe\n|-crit|p1a: OwOIsMe\n|-damage|p1a: OwOIsMe|0 fnt\n|faint|p1a: OwOIsMe\n|-end|p1a: OwOIsMe|Protosynthesis|[silent]\n|-hitcount|p1: OwOIsMe|2\n|\n|-weather|RainDance|[upkeep]\n|upkeep\n|\n|t:|1700136102\n|switch|p1a: ShellBoii|Goodra-Hisui, F|100\/100\n|turn|5\n|\n|t:|1700136107\n|move|p2a: Urshifu|Surging Strikes|p1a: ShellBoii\n|-resisted|p1a: ShellBoii\n|-crit|p1a: ShellBoii\n|-damage|p1a: ShellBoii|71\/100\n|-ability|p1a: ShellBoii|Gooey\n|-unboost|p2a: Urshifu|spe|1\n|-resisted|p1a: ShellBoii\n|-crit|p1a: ShellBoii\n|-damage|p1a: ShellBoii|44\/100\n|-ability|p1a: ShellBoii|Gooey\n|-unboost|p2a: Urshifu|spe|1\n|-resisted|p1a: ShellBoii\n|-crit|p1a: ShellBoii\n|-damage|p1a: ShellBoii|14\/100\n|-ability|p1a: ShellBoii|Gooey\n|-unboost|p2a: Urshifu|spe|1\n|-hitcount|p1a: ShellBoii|3\n|move|p1a: ShellBoii|Knock Off|p2a: Urshifu\n|-damage|p2a: Urshifu|81\/100\n|-enditem|p2a: Urshifu|Choice Band|[from] move: Knock Off|[of] p1a: ShellBoii\n|\n|-weather|RainDance|[upkeep]\n|upkeep\n|turn|6\n|\n|t:|1700136133\n|move|p1a: ShellBoii|Knock Off|p2a: Urshifu\n|-damage|p2a: Urshifu|68\/100\n|move|p2a: Urshifu|Surging Strikes|p1a: ShellBoii\n|-resisted|p1a: ShellBoii\n|-crit|p1a: ShellBoii\n|-damage|p1a: ShellBoii|0 fnt\n|-ability|p1a: ShellBoii|Gooey\n|-unboost|p2a: Urshifu|spe|1\n|faint|p1a: ShellBoii\n|-hitcount|p1: ShellBoii|1\n|\n|-weather|RainDance|[upkeep]\n|upkeep\n|\n|t:|1700136146\n|switch|p1a: Wambum|Skeledirge, M|100\/100\n|turn|7\n|\n|t:|1700136163\n|switch|p2a: Greninja|Greninja, M|100\/100\n|move|p1a: Wambum|Earthquake|p2a: Greninja\n|-damage|p2a: Greninja|68\/100\n|\n|-weather|RainDance|[upkeep]\n|upkeep\n|turn|8\n|l|\u2606BrightenMood\n|player|p1|\n|inactive|Battle timer is ON: inactive players will automatically lose when time's up. (requested by wlakjqpqbe)\n|inactive|BrightenMood has 30 seconds to reconnect!\n|inactive|BrightenMood has 20 seconds to reconnect!\n|inactive|BrightenMood has 15 seconds to reconnect!\n|inactive|BrightenMood has 10 seconds to reconnect!\n|inactive|BrightenMood has 5 seconds to reconnect!\n|-message|BrightenMood lost due to inactivity.\n|\n|win|wlakjqpqbe\n|raw|BrightenMood's rating: 1040 &rarr; <strong>1028<\/strong><br \/>(-12 for losing)\n|raw|wlakjqpqbe's rating: 1131 &rarr; <strong>1150<\/strong><br \/>(+19 for winning)\n","uploadtime":1700136294,"views":4,"p1id":"brightenmood","p2id":"wlakjqpqbe","formatid":"gen9nationaldex","rating":1028,"private":0,"password":""}