{"id":"gen9nationaldex-1987013100","p1":"Wehoo12000","p2":"WpoorMaster","format":"[Gen 9] National Dex","log":"|j|\u2606Wehoo12000\n|j|\u2606WpoorMaster\n|t:|1699548980\n|gametype|singles\n|player|p1|Wehoo12000|pokemaniac|1183\n|player|p2|WpoorMaster|karen|1141\n|teamsize|p1|6\n|teamsize|p2|6\n|gen|9\n|tier|[Gen 9] National Dex\n|rated|\n|rule|HP Percentage Mod: HP is shown in percentages\n|rule|Endless Battle Clause: Forcing endless battles is banned\n|rule|OHKO Clause: OHKO moves are banned\n|rule|Evasion Clause: Evasion abilities, items, and moves are banned\n|rule|Evasion Abilities Clause: Evasion abilities are banned\n|rule|Evasion Items Clause: Evasion items are banned\n|rule|Evasion Moves Clause: Evasion moves are banned\n|rule|Species Clause: Limit one of each Pok\u00e9mon\n|rule|Sleep Clause Mod: Limit one foe put to sleep\n|clearpoke\n|poke|p1|Meowscarada, F|\n|poke|p1|Porygon-Z|\n|poke|p1|Jirachi|\n|poke|p1|Great Tusk|\n|poke|p1|Diancie|\n|poke|p1|Dondozo, M|\n|poke|p2|Drifblim, M|\n|poke|p2|Gengar, F|\n|poke|p2|Ceruledge, F|\n|poke|p2|Aegislash, M|\n|poke|p2|Sinistcha-Masterpiece|\n|poke|p2|Mimikyu, M|\n|teampreview\n|\n|t:|1699548993\n|start\n|switch|p1a: Pink diamond|Diancie|100\/100\n|switch|p2a: Tea cup|Sinistcha-Masterpiece|100\/100\n|turn|1\n|\n|t:|1699549003\n|detailschange|p1a: Pink diamond|Diancie-Mega\n|-mega|p1a: Pink diamond|Diancie|Diancite\n|move|p1a: Pink diamond|Stealth Rock|p2a: Tea cup\n|-sidestart|p2: WpoorMaster|move: Stealth Rock\n|move|p2a: Tea cup|Calm Mind|p2a: Tea cup\n|-boost|p2a: Tea cup|spa|1\n|-boost|p2a: Tea cup|spd|1\n|\n|upkeep\n|turn|2\n|\n|t:|1699549014\n|-terastallize|p2a: Tea cup|Grass\n|move|p1a: Pink diamond|Play Rough|p2a: Tea cup\n|-damage|p2a: Tea cup|50\/100\n|-unboost|p2a: Tea cup|atk|1\n|move|p2a: Tea cup|Matcha Gotcha|p1a: Pink diamond\n|-supereffective|p1a: Pink diamond\n|-damage|p1a: Pink diamond|0 fnt\n|-heal|p2a: Tea cup|88\/100|[from] drain|[of] p1a: Pink diamond\n|faint|p1a: Pink diamond\n|\n|-heal|p2a: Tea cup|94\/100|[from] item: Leftovers\n|upkeep\n|\n|t:|1699549025\n|switch|p1a: Stewie Griffin|Jirachi|100\/100\n|turn|3\n|\n|t:|1699549032\n|-terastallize|p1a: Stewie Griffin|Steel\n|move|p1a: Stewie Griffin|Thunder Wave|p2a: Tea cup\n|-status|p2a: Tea cup|par\n|cant|p2a: Tea cup|par\n|\n|-heal|p2a: Tea cup|99\/100 par|[from] item: Leftovers\n|upkeep\n|turn|4\n|\n|t:|1699549054\n|move|p1a: Stewie Griffin|Ancient Power|p2a: Tea cup\n|-damage|p2a: Tea cup|92\/100 par\n|cant|p2a: Tea cup|par\n|\n|-heal|p2a: Tea cup|98\/100 par|[from] item: Leftovers\n|upkeep\n|turn|5\n|\n|t:|1699549063\n|move|p1a: Stewie Griffin|Ancient Power|p2a: Tea cup\n|-damage|p2a: Tea cup|88\/100 par\n|move|p2a: Tea cup|Calm Mind|p2a: Tea cup\n|-boost|p2a: Tea cup|spa|1\n|-boost|p2a: Tea cup|spd|1\n|\n|-heal|p2a: Tea cup|94\/100 par|[from] item: Leftovers\n|upkeep\n|turn|6\n|\n|t:|1699549072\n|move|p1a: Stewie Griffin|Ancient Power|p2a: Tea cup\n|-damage|p2a: Tea cup|87\/100 par\n|move|p2a: Tea cup|Shadow Ball|p1a: Stewie Griffin\n|-damage|p1a: Stewie Griffin|57\/100\n|\n|-heal|p2a: Tea cup|93\/100 par|[from] item: Leftovers\n|upkeep\n|turn|7\n|\n|t:|1699549082\n|move|p1a: Stewie Griffin|Ancient Power|p2a: Tea cup\n|-damage|p2a: Tea cup|86\/100 par\n|cant|p2a: Tea cup|par\n|\n|-heal|p2a: Tea cup|92\/100 par|[from] item: Leftovers\n|upkeep\n|turn|8\n|\n|t:|1699549097\n|move|p1a: Stewie Griffin|Ancient Power|p2a: Tea cup\n|-damage|p2a: Tea cup|84\/100 par\n|move|p2a: Tea cup|Shadow Ball|p1a: Stewie Griffin\n|-damage|p1a: Stewie Griffin|14\/100\n|-unboost|p1a: Stewie Griffin|spd|1\n|\n|-heal|p2a: Tea cup|90\/100 par|[from] item: Leftovers\n|upkeep\n|turn|9\n|\n|t:|1699549112\n|move|p1a: Stewie Griffin|Iron Head|p2a: Tea cup\n|-damage|p2a: Tea cup|55\/100 par\n|cant|p2a: Tea cup|flinch\n|\n|-heal|p2a: Tea cup|61\/100 par|[from] item: Leftovers\n|upkeep\n|turn|10\n|\n|t:|1699549121\n|move|p1a: Stewie Griffin|Iron Head|p2a: Tea cup\n|-damage|p2a: Tea cup|23\/100 par\n|move|p2a: Tea cup|Strength Sap|p1a: Stewie Griffin\n|-unboost|p1a: Stewie Griffin|atk|1\n|-heal|p2a: Tea cup|97\/100 par\n|\n|-heal|p2a: Tea cup|100\/100 par|[from] item: Leftovers\n|upkeep\n|turn|11\n|\n|t:|1699549131\n|switch|p1a: Green catulon|Meowscarada, F, shiny|100\/100\n|move|p2a: Tea cup|Shadow Ball|p1a: Green catulon\n|-resisted|p1a: Green catulon\n|-damage|p1a: Green catulon|43\/100\n|\n|upkeep\n|turn|12\n|\n|t:|1699549139\n|move|p1a: Green catulon|U-turn|p2a: Tea cup\n|-start|p1a: Green catulon|typechange|Bug|[from] ability: Protean\n|-supereffective|p2a: Tea cup\n|-damage|p2a: Tea cup|19\/100 par\n|-damage|p1a: Green catulon|33\/100|[from] item: Life Orb\n|\n|t:|1699549146\n|switch|p1a: Rose toy|Porygon-Z|100\/100|[from] U-turn\n|-ability|p1a: Rose toy|Download|boost\n|-boost|p1a: Rose toy|atk|1\n|move|p2a: Tea cup|Shadow Ball|p1a: Rose toy\n|-immune|p1a: Rose toy\n|\n|-heal|p2a: Tea cup|25\/100 par|[from] item: Leftovers\n|upkeep\n|turn|13\n|\n|t:|1699549173\n|-zpower|p1a: Rose toy\n|move|p1a: Rose toy|Z-Conversion|p1a: Rose toy|[anim]Conversion\n|-boost|p1a: Rose toy|atk|1|[zeffect]\n|-boost|p1a: Rose toy|def|1|[zeffect]\n|-boost|p1a: Rose toy|spa|1|[zeffect]\n|-boost|p1a: Rose toy|spd|1|[zeffect]\n|-boost|p1a: Rose toy|spe|1|[zeffect]\n|-start|p1a: Rose toy|typechange|Electric\n|move|p2a: Tea cup|Strength Sap|p1a: Rose toy\n|-unboost|p1a: Rose toy|atk|1\n|-heal|p2a: Tea cup|100\/100 par\n|\n|upkeep\n|turn|14\n|\n|t:|1699549189\n|move|p1a: Rose toy|Conversion 2|p2a: Tea cup\n|-start|p1a: Rose toy|typechange|Poison\n|move|p2a: Tea cup|Matcha Gotcha|p1a: Rose toy|[miss]\n|-miss|p2a: Tea cup|p1a: Rose toy\n|\n|upkeep\n|turn|15\n|\n|t:|1699549196\n|move|p1a: Rose toy|Tri Attack|p2a: Tea cup\n|-damage|p2a: Tea cup|80\/100 par\n|move|p2a: Tea cup|Shadow Ball|p1a: Rose toy\n|-damage|p1a: Rose toy|33\/100\n|\n|-heal|p2a: Tea cup|86\/100 par|[from] item: Leftovers\n|upkeep\n|turn|16\n|\n|t:|1699549206\n|move|p1a: Rose toy|Conversion 2|p2a: Tea cup\n|-start|p1a: Rose toy|typechange|Normal\n|cant|p2a: Tea cup|par\n|\n|-heal|p2a: Tea cup|92\/100 par|[from] item: Leftovers\n|upkeep\n|turn|17\n|\n|t:|1699549214\n|move|p1a: Rose toy|Tri Attack|p2a: Tea cup\n|-damage|p2a: Tea cup|59\/100 par\n|cant|p2a: Tea cup|par\n|\n|-heal|p2a: Tea cup|65\/100 par|[from] item: Leftovers\n|upkeep\n|turn|18\n|\n|t:|1699549222\n|move|p1a: Rose toy|Tri Attack|p2a: Tea cup\n|-damage|p2a: Tea cup|31\/100 par\n|cant|p2a: Tea cup|par\n|\n|-heal|p2a: Tea cup|37\/100 par|[from] item: Leftovers\n|upkeep\n|turn|19\n|\n|t:|1699549232\n|move|p1a: Rose toy|Tri Attack|p2a: Tea cup\n|-damage|p2a: Tea cup|6\/100 par\n|cant|p2a: Tea cup|par\n|\n|-heal|p2a: Tea cup|12\/100 par|[from] item: Leftovers\n|upkeep\n|turn|20\n|\n|t:|1699549241\n|move|p1a: Rose toy|Tri Attack|p2a: Tea cup\n|-damage|p2a: Tea cup|0 fnt\n|faint|p2a: Tea cup\n|\n|upkeep\n|\n|t:|1699549251\n|switch|p2a: Cuteness|Ceruledge, F, shiny|100\/100\n|-damage|p2a: Cuteness|76\/100|[from] Stealth Rock\n|turn|21\n|\n|t:|1699549257\n|move|p1a: Rose toy|Discharge|p2a: Cuteness\n|-damage|p2a: Cuteness|28\/100\n|-status|p2a: Cuteness|par\n|move|p2a: Cuteness|Bitter Blade|p1a: Rose toy\n|-damage|p1a: Rose toy|0 fnt\n|-heal|p2a: Cuteness|44\/100 par|[from] drain|[of] p1a: Rose toy\n|faint|p1a: Rose toy\n|-damage|p2a: Cuteness|34\/100 par|[from] item: Life Orb\n|\n|upkeep\n|\n|t:|1699549261\n|switch|p1a: Stewie Griffin|Jirachi, tera:Steel|14\/100\n|turn|22\n|\n|t:|1699549271\n|move|p1a: Stewie Griffin|Ancient Power|p2a: Cuteness\n|-supereffective|p2a: Cuteness\n|-damage|p2a: Cuteness|2\/100 par\n|move|p2a: Cuteness|Bitter Blade|p1a: Stewie Griffin\n|-supereffective|p1a: Stewie Griffin\n|-crit|p1a: Stewie Griffin\n|-damage|p1a: Stewie Griffin|0 fnt\n|-heal|p2a: Cuteness|11\/100 par|[from] drain|[of] p1a: Stewie Griffin\n|faint|p1a: Stewie Griffin\n|-damage|p2a: Cuteness|1\/100 par|[from] item: Life Orb\n|\n|upkeep\n|\n|t:|1699549277\n|switch|p1a: Green catulon|Meowscarada, F, shiny|33\/100\n|turn|23\n|\n|t:|1699549285\n|move|p1a: Green catulon|U-turn|p2a: Cuteness\n|-start|p1a: Green catulon|typechange|Bug|[from] ability: Protean\n|-resisted|p2a: Cuteness\n|-damage|p2a: Cuteness|0 fnt\n|faint|p2a: Cuteness\n|-damage|p1a: Green catulon|23\/100|[from] item: Life Orb\n|\n|t:|1699549289\n|switch|p1a: Piss fish|Dondozo, M, shiny|100\/100|[from] U-turn\n|\n|upkeep\n|\n|t:|1699549300\n|switch|p2a: Mimikyu|Mimikyu, M, shiny|100\/100\n|-damage|p2a: Mimikyu|88\/100|[from] Stealth Rock\n|turn|24\n|\n|t:|1699549307\n|move|p2a: Mimikyu|Bulk Up|p2a: Mimikyu\n|-boost|p2a: Mimikyu|atk|1\n|-boost|p2a: Mimikyu|def|1\n|move|p1a: Piss fish|Curse|p1a: Piss fish\n|-unboost|p1a: Piss fish|spe|1\n|-boost|p1a: Piss fish|atk|1\n|-boost|p1a: Piss fish|def|1\n|\n|upkeep\n|turn|25\n|\n|t:|1699549317\n|move|p2a: Mimikyu|Bulk Up|p2a: Mimikyu\n|-boost|p2a: Mimikyu|atk|1\n|-boost|p2a: Mimikyu|def|1\n|move|p1a: Piss fish|Curse|p1a: Piss fish\n|-unboost|p1a: Piss fish|spe|1\n|-boost|p1a: Piss fish|atk|1\n|-boost|p1a: Piss fish|def|1\n|\n|upkeep\n|turn|26\n|\n|t:|1699549329\n|-zpower|p2a: Mimikyu\n|move|p2a: Mimikyu|Let's Snuggle Forever|p1a: Piss fish|[zeffect]\n|-damage|p1a: Piss fish|82\/100\n|move|p1a: Piss fish|Curse|p1a: Piss fish\n|-unboost|p1a: Piss fish|spe|1\n|-boost|p1a: Piss fish|atk|1\n|-boost|p1a: Piss fish|def|1\n|\n|-heal|p1a: Piss fish|89\/100|[from] item: Leftovers\n|upkeep\n|turn|27\n|\n|t:|1699549344\n|move|p2a: Mimikyu|Wood Hammer|p1a: Piss fish\n|-supereffective|p1a: Piss fish\n|-damage|p1a: Piss fish|74\/100\n|-damage|p2a: Mimikyu|79\/100|[from] Recoil\n|move|p1a: Piss fish|Wave Crash|p2a: Mimikyu\n|-activate|p2a: Mimikyu|ability: Disguise\n|-damage|p2a: Mimikyu|79\/100\n|detailschange|p2a: Mimikyu|Mimikyu-Busted, M, shiny\n|-damage|p2a: Mimikyu|66\/100|[from] pokemon: Mimikyu-Busted\n|\n|-heal|p1a: Piss fish|80\/100|[from] item: Leftovers\n|upkeep\n|turn|28\n|\n|t:|1699549359\n|move|p2a: Mimikyu|Play Rough|p1a: Piss fish\n|-damage|p1a: Piss fish|73\/100\n|-unboost|p1a: Piss fish|atk|1\n|move|p1a: Piss fish|Wave Crash|p2a: Mimikyu\n|-damage|p2a: Mimikyu|0 fnt\n|faint|p2a: Mimikyu\n|-damage|p1a: Piss fish|62\/100|[from] Recoil\n|\n|-heal|p1a: Piss fish|68\/100|[from] item: Leftovers\n|upkeep\n|\n|t:|1699549372\n|switch|p2a: Glass Canon|Gengar, F|100\/100\n|-damage|p2a: Glass Canon|88\/100|[from] Stealth Rock\n|turn|29\n|\n|t:|1699549380\n|move|p2a: Glass Canon|Sludge Bomb|p1a: Piss fish\n|-damage|p1a: Piss fish|19\/100\n|move|p1a: Piss fish|Wave Crash|p2a: Glass Canon\n|-damage|p2a: Glass Canon|0 fnt\n|faint|p2a: Glass Canon\n|-damage|p1a: Piss fish|4\/100|[from] Recoil\n|\n|-heal|p1a: Piss fish|10\/100|[from] item: Leftovers\n|upkeep\n|\n|t:|1699549396\n|switch|p2a: Sword and Shield|Aegislash, M, shiny|100\/100\n|-damage|p2a: Sword and Shield|94\/100|[from] Stealth Rock\n|turn|30\n|\n|t:|1699549408\n|-formechange|p2a: Sword and Shield|Aegislash-Blade||[from] ability: Stance Change\n|move|p2a: Sword and Shield|Shadow Claw|p1a: Piss fish\n|-damage|p1a: Piss fish|1\/100\n|move|p1a: Piss fish|Rest|p1a: Piss fish\n|-status|p1a: Piss fish|slp|[from] move: Rest\n|-heal|p1a: Piss fish|100\/100 slp|[silent]\n|\n|-heal|p2a: Sword and Shield|100\/100|[from] item: Leftovers\n|upkeep\n|turn|31\n|\n|t:|1699549421\n|move|p2a: Sword and Shield|Swords Dance|p2a: Sword and Shield\n|-boost|p2a: Sword and Shield|atk|2\n|cant|p1a: Piss fish|slp\n|move|p1a: Piss fish|Sleep Talk|p1a: Piss fish\n|move|p1a: Piss fish|Rest||[from]move: Sleep Talk|[still]\n|-fail|p1a: Piss fish\n|\n|upkeep\n|turn|32\n|\n|t:|1699549431\n|move|p2a: Sword and Shield|Swords Dance|p2a: Sword and Shield\n|-boost|p2a: Sword and Shield|atk|2\n|cant|p1a: Piss fish|slp\n|move|p1a: Piss fish|Sleep Talk|p1a: Piss fish\n|move|p1a: Piss fish|Wave Crash|p2a: Sword and Shield|[from]move: Sleep Talk\n|-damage|p2a: Sword and Shield|0 fnt\n|faint|p2a: Sword and Shield\n|-damage|p1a: Piss fish|79\/100 slp|[from] Recoil\n|\n|-heal|p1a: Piss fish|85\/100 slp|[from] item: Leftovers\n|upkeep\n|-message|WpoorMaster forfeited.\n|\n|win|Wehoo12000\n|raw|Wehoo12000's rating: 1183 &rarr; <strong>1205<\/strong><br \/>(+22 for winning)\n|raw|WpoorMaster's rating: 1141 &rarr; <strong>1119<\/strong><br \/>(-22 for losing)\n|l|\u2606WpoorMaster\n","uploadtime":1699549446,"views":4,"p1id":"wehoo12000","p2id":"wpoormaster","formatid":"gen9nationaldex","rating":1119,"private":0,"password":""}