{"id":"gen9nationaldex-1988559642","p1":"DerpyDip the 3rd","p2":"Prtbl_Trash","format":"[Gen 9] National Dex","log":"|j|\u2606DerpyDip the 3rd\n|j|\u2606Prtbl_Trash\n|t:|1699736098\n|gametype|singles\n|player|p1|DerpyDip the 3rd|red|1314\n|player|p2|Prtbl_Trash|rosa|1367\n|teamsize|p1|6\n|teamsize|p2|6\n|gen|9\n|tier|[Gen 9] National Dex\n|rated|\n|rule|HP Percentage Mod: HP is shown in percentages\n|rule|Endless Battle Clause: Forcing endless battles is banned\n|rule|OHKO Clause: OHKO moves are banned\n|rule|Evasion Clause: Evasion abilities, items, and moves are banned\n|rule|Evasion Abilities Clause: Evasion abilities are banned\n|rule|Evasion Items Clause: Evasion items are banned\n|rule|Evasion Moves Clause: Evasion moves are banned\n|rule|Species Clause: Limit one of each Pok\u00e9mon\n|rule|Sleep Clause Mod: Limit one foe put to sleep\n|clearpoke\n|poke|p1|Charizard, M|\n|poke|p1|Cinderace, F|\n|poke|p1|Infernape, M|\n|poke|p1|Marowak-Alola, M|\n|poke|p1|Chandelure, M|\n|poke|p1|Salazzle, F|\n|poke|p2|Thundurus-Therian, M|\n|poke|p2|Toxapex, M|\n|poke|p2|Excadrill, M|\n|poke|p2|Skeledirge, M|\n|poke|p2|Meowscarada, F|\n|poke|p2|Lopunny, F|\n|teampreview\n|inactive|Battle timer is ON: inactive players will automatically lose when time's up. (requested by Prtbl_Trash)\n|\n|t:|1699736107\n|start\n|switch|p1a: Dalazzle|Salazzle, F, shiny|100\/100\n|switch|p2a: Thundurus|Thundurus-Therian, M|100\/100\n|turn|1\n|\n|t:|1699736113\n|move|p1a: Dalazzle|Substitute|p1a: Dalazzle\n|-start|p1a: Dalazzle|Substitute\n|-damage|p1a: Dalazzle|75\/100\n|move|p2a: Thundurus|Volt Switch|p1a: Dalazzle\n|-end|p1a: Dalazzle|Substitute\n|\n|t:|1699736120\n|switch|p2a: Lopunny|Lopunny, F|100\/100|[from] Volt Switch\n|\n|-heal|p1a: Dalazzle|82\/100|[from] item: Black Sludge\n|upkeep\n|turn|2\n|\n|t:|1699736123\n|detailschange|p2a: Lopunny|Lopunny-Mega, F\n|-mega|p2a: Lopunny|Lopunny|Lopunnite\n|move|p2a: Lopunny|Fake Out|p1a: Dalazzle\n|-damage|p1a: Dalazzle|48\/100\n|cant|p1a: Dalazzle|flinch\n|\n|-heal|p1a: Dalazzle|54\/100|[from] item: Black Sludge\n|upkeep\n|turn|3\n|\n|t:|1699736128\n|move|p2a: Lopunny|U-turn|p1a: Dalazzle\n|-resisted|p1a: Dalazzle\n|-damage|p1a: Dalazzle|44\/100\n|\n|t:|1699736131\n|switch|p2a: Skeledirge|Skeledirge, M|100\/100|[from] U-turn\n|move|p1a: Dalazzle|Encore||[still]\n|-fail|p1a: Dalazzle\n|\n|-heal|p1a: Dalazzle|50\/100|[from] item: Black Sludge\n|upkeep\n|turn|4\n|\n|t:|1699736137\n|move|p1a: Dalazzle|Substitute|p1a: Dalazzle\n|-start|p1a: Dalazzle|Substitute\n|-damage|p1a: Dalazzle|25\/100\n|move|p2a: Skeledirge|Torch Song|p1a: Dalazzle\n|-resisted|p1a: Dalazzle\n|-damage|p1a: Dalazzle|4\/100\n|-boost|p2a: Skeledirge|spa|1\n|\n|-heal|p1a: Dalazzle|10\/100|[from] item: Black Sludge\n|upkeep\n|turn|5\n|\n|t:|1699736142\n|move|p1a: Dalazzle|Toxic|p2a: Skeledirge\n|-status|p2a: Skeledirge|tox\n|move|p2a: Skeledirge|Torch Song|p1a: Dalazzle\n|-resisted|p1a: Dalazzle\n|-damage|p1a: Dalazzle|0 fnt\n|-boost|p2a: Skeledirge|spa|1\n|faint|p1a: Dalazzle\n|\n|-damage|p2a: Skeledirge|94\/100 tox|[from] psn\n|upkeep\n|\n|t:|1699736149\n|switch|p1a: Brook|Marowak-Alola, M, shiny|100\/100\n|turn|6\n|\n|t:|1699736155\n|move|p2a: Skeledirge|Torch Song|p1a: Brook\n|-resisted|p1a: Brook\n|-damage|p1a: Brook|63\/100\n|-boost|p2a: Skeledirge|spa|1\n|move|p1a: Brook|Bonemerang|p2a: Skeledirge\n|-supereffective|p2a: Skeledirge\n|-damage|p2a: Skeledirge|47\/100 tox\n|-supereffective|p2a: Skeledirge\n|-damage|p2a: Skeledirge|0 fnt\n|faint|p2a: Skeledirge\n|-hitcount|p2: Skeledirge|2\n|\n|upkeep\n|\n|t:|1699736166\n|switch|p2a: Meowscarada|Meowscarada, F|100\/100\n|turn|7\n|\n|t:|1699736177\n|switch|p1a: Monkey D. Luffy|Infernape, M, shiny|100\/100\n|move|p2a: Meowscarada|Knock Off|p1a: Monkey D. Luffy\n|-start|p2a: Meowscarada|typechange|Dark|[from] ability: Protean\n|-resisted|p1a: Monkey D. Luffy\n|-damage|p1a: Monkey D. Luffy|47\/100\n|-enditem|p1a: Monkey D. Luffy|Punching Glove|[from] move: Knock Off|[of] p2a: Meowscarada\n|\n|upkeep\n|turn|8\n|\n|t:|1699736186\n|switch|p2a: Toxapex|Toxapex, M|100\/100\n|move|p1a: Monkey D. Luffy|Drain Punch|p2a: Toxapex\n|-resisted|p2a: Toxapex\n|-damage|p2a: Toxapex|89\/100\n|-heal|p1a: Monkey D. Luffy|53\/100|[from] drain|[of] p2a: Toxapex\n|\n|upkeep\n|turn|9\n|\n|t:|1699736193\n|move|p1a: Monkey D. Luffy|Thunder Punch|p2a: Toxapex\n|-supereffective|p2a: Toxapex\n|-damage|p2a: Toxapex|59\/100\n|move|p2a: Toxapex|Toxic|p1a: Monkey D. Luffy\n|-status|p1a: Monkey D. Luffy|tox\n|\n|-damage|p1a: Monkey D. Luffy|47\/100 tox|[from] psn\n|upkeep\n|turn|10\n|\n|t:|1699736198\n|move|p1a: Monkey D. Luffy|Power-Up Punch|p2a: Toxapex\n|-resisted|p2a: Toxapex\n|-damage|p2a: Toxapex|53\/100\n|-boost|p1a: Monkey D. Luffy|atk|1\n|move|p2a: Toxapex|Recover|p2a: Toxapex\n|-heal|p2a: Toxapex|100\/100\n|\n|-damage|p1a: Monkey D. Luffy|35\/100 tox|[from] psn\n|upkeep\n|turn|11\n|\n|t:|1699736205\n|move|p1a: Monkey D. Luffy|Thunder Punch|p2a: Toxapex\n|-supereffective|p2a: Toxapex\n|-damage|p2a: Toxapex|52\/100\n|move|p2a: Toxapex|Haze|p2a: Toxapex\n|-clearallboost\n|\n|-damage|p1a: Monkey D. Luffy|16\/100 tox|[from] psn\n|upkeep\n|turn|12\n|\n|t:|1699736209\n|move|p1a: Monkey D. Luffy|Thunder Punch|p2a: Toxapex\n|-supereffective|p2a: Toxapex\n|-damage|p2a: Toxapex|18\/100\n|move|p2a: Toxapex|Recover|p2a: Toxapex\n|-heal|p2a: Toxapex|68\/100\n|\n|-damage|p1a: Monkey D. Luffy|0 fnt|[from] psn\n|faint|p1a: Monkey D. Luffy\n|upkeep\n|\n|t:|1699736214\n|switch|p1a: Brook|Marowak-Alola, M, shiny|63\/100\n|turn|13\n|\n|t:|1699736219\n|switch|p2a: Thundurus|Thundurus-Therian, M|100\/100\n|move|p1a: Brook|Bonemerang|p2a: Thundurus\n|-immune|p2a: Thundurus\n|\n|upkeep\n|turn|14\n|\n|t:|1699736226\n|switch|p2a: Toxapex|Toxapex, M|100\/100\n|move|p1a: Brook|Flare Blitz|p2a: Toxapex\n|-resisted|p2a: Toxapex\n|-damage|p2a: Toxapex|71\/100\n|\n|upkeep\n|turn|15\n|\n|t:|1699736233\n|move|p1a: Brook|Poltergeist|p2a: Toxapex\n|-activate|p2a: Toxapex|move: Poltergeist|Heavy-Duty Boots\n|-damage|p2a: Toxapex|20\/100\n|move|p2a: Toxapex|Scald|p1a: Brook\n|-supereffective|p1a: Brook\n|-damage|p1a: Brook|21\/100\n|\n|upkeep\n|turn|16\n|\n|t:|1699736250\n|switch|p2a: Lopunny|Lopunny-Mega, F|100\/100\n|move|p1a: Brook|Poltergeist|p2a: Lopunny\n|-immune|p2a: Lopunny\n|\n|upkeep\n|turn|17\n|\n|t:|1699736254\n|move|p2a: Lopunny|Fake Out|p1a: Brook\n|-damage|p1a: Brook|0 fnt\n|faint|p1a: Brook\n|\n|upkeep\n|\n|t:|1699736258\n|switch|p1a: Chandelearn|Chandelure, M, shiny|100\/100\n|turn|18\n|\n|t:|1699736264\n|move|p2a: Lopunny|U-turn|p1a: Chandelearn\n|-resisted|p1a: Chandelearn\n|-damage|p1a: Chandelearn|92\/100\n|\n|t:|1699736266\n|switch|p2a: Toxapex|Toxapex, M|53\/100|[from] U-turn\n|move|p1a: Chandelearn|Calm Mind|p1a: Chandelearn\n|-boost|p1a: Chandelearn|spa|1\n|-boost|p1a: Chandelearn|spd|1\n|\n|-heal|p1a: Chandelearn|98\/100|[from] item: Leftovers\n|upkeep\n|turn|19\n|\n|t:|1699736282\n|move|p1a: Chandelearn|Energy Ball|p2a: Toxapex\n|-damage|p2a: Toxapex|12\/100\n|move|p2a: Toxapex|Haze|p2a: Toxapex\n|-clearallboost\n|\n|-heal|p1a: Chandelearn|100\/100|[from] item: Leftovers\n|upkeep\n|turn|20\n|\n|t:|1699736288\n|switch|p2a: Excadrill|Excadrill, M|100\/100\n|-ability|p2a: Excadrill|Mold Breaker\n|move|p1a: Chandelearn|Energy Ball|p2a: Excadrill\n|-damage|p2a: Excadrill|52\/100\n|\n|upkeep\n|turn|21\n|\n|t:|1699736296\n|move|p2a: Excadrill|Earthquake|p1a: Chandelearn\n|-supereffective|p1a: Chandelearn\n|-damage|p1a: Chandelearn|0 fnt\n|faint|p1a: Chandelearn\n|\n|upkeep\n|\n|t:|1699736300\n|switch|p1a: Carrot|Cinderace, F, shiny|100\/100\n|turn|22\n|\n|t:|1699736305\n|switch|p2a: Toxapex|Toxapex, M|46\/100\n|move|p1a: Carrot|Pyro Ball|p2a: Toxapex\n|-resisted|p2a: Toxapex\n|-damage|p2a: Toxapex|26\/100\n|\n|upkeep\n|turn|23\n|\n|t:|1699736315\n|switch|p2a: Excadrill|Excadrill, M|52\/100\n|-ability|p2a: Excadrill|Mold Breaker\n|move|p1a: Carrot|Sucker Punch||[still]\n|-fail|p1a: Carrot\n|\n|upkeep\n|turn|24\n|\n|t:|1699736322\n|move|p1a: Carrot|Pyro Ball|p2a: Excadrill\n|-supereffective|p2a: Excadrill\n|-damage|p2a: Excadrill|0 fnt\n|faint|p2a: Excadrill\n|\n|upkeep\n|\n|t:|1699736324\n|switch|p2a: Toxapex|Toxapex, M|60\/100\n|turn|25\n|\n|t:|1699736332\n|switch|p1a: Charizard|Charizard, M|100\/100\n|move|p2a: Toxapex|Toxic|p1a: Charizard\n|-status|p1a: Charizard|tox\n|\n|-damage|p1a: Charizard|94\/100 tox|[from] psn\n|upkeep\n|turn|26\n|\n|t:|1699736339\n|detailschange|p1a: Charizard|Charizard-Mega-X, M\n|-mega|p1a: Charizard|Charizard|Charizardite X\n|-terastallize|p2a: Toxapex|Dragon\n|move|p1a: Charizard|Dragon Dance|p1a: Charizard\n|-boost|p1a: Charizard|atk|1\n|-boost|p1a: Charizard|spe|1\n|move|p2a: Toxapex|Recover|p2a: Toxapex\n|-heal|p2a: Toxapex|100\/100\n|\n|-damage|p1a: Charizard|82\/100 tox|[from] psn\n|upkeep\n|turn|27\n|\n|t:|1699736345\n|move|p1a: Charizard|Dragon Claw|p2a: Toxapex\n|-supereffective|p2a: Toxapex\n|-damage|p2a: Toxapex|0 fnt\n|faint|p2a: Toxapex\n|\n|-damage|p1a: Charizard|64\/100 tox|[from] psn\n|upkeep\n|\n|t:|1699736352\n|switch|p2a: Meowscarada|Meowscarada, F|100\/100\n|turn|28\n|\n|t:|1699736356\n|move|p2a: Meowscarada|Sucker Punch|p1a: Charizard\n|-start|p2a: Meowscarada|typechange|Dark|[from] ability: Protean\n|-damage|p1a: Charizard|14\/100 tox\n|move|p1a: Charizard|Brick Break|p2a: Meowscarada\n|-supereffective|p2a: Meowscarada\n|-damage|p2a: Meowscarada|0 fnt\n|faint|p2a: Meowscarada\n|\n|-damage|p1a: Charizard|0 fnt|[from] psn\n|faint|p1a: Charizard\n|upkeep\n|\n|t:|1699736366\n|switch|p2a: Thundurus|Thundurus-Therian, M|100\/100\n|switch|p1a: Carrot|Cinderace, F, shiny|100\/100\n|turn|29\n|\n|t:|1699736371\n|move|p1a: Carrot|Gunk Shot|p2a: Thundurus\n|-start|p1a: Carrot|typechange|Poison|[from] ability: Libero\n|-damage|p2a: Thundurus|19\/100\n|move|p2a: Thundurus|Volt Switch|p1a: Carrot\n|-damage|p1a: Carrot|21\/100\n|\n|t:|1699736378\n|switch|p2a: Lopunny|Lopunny-Mega, F|100\/100|[from] Volt Switch\n|\n|upkeep\n|turn|30\n|\n|t:|1699736383\n|move|p2a: Lopunny|Fake Out|p1a: Carrot\n|-damage|p1a: Carrot|0 fnt\n|faint|p1a: Carrot\n|\n|win|Prtbl_Trash\n|raw|DerpyDip the 3rd's rating: 1314 &rarr; <strong>1297<\/strong><br \/>(-17 for losing)\n|raw|Prtbl_Trash's rating: 1367 &rarr; <strong>1384<\/strong><br \/>(+17 for winning)\n|l|\u2606DerpyDip the 3rd\n","uploadtime":1699736391,"views":13,"p1id":"derpydipthe3rd","p2id":"prtbltrash","formatid":"gen9nationaldex","rating":1297,"private":0,"password":""}