{"id":"gen9nationaldex-1998928544","p1":"vheneko","p2":"zhenaikun114514","format":"[Gen 9] National Dex","log":"|html|<div class=\"broadcast-blue\"><strong>[Gen 9] National Dex is currently suspecting Sneasler! For information on how to participate check out the <a href=\"https:\/\/www.smogon.com\/forums\/threads\/sv-national-dex-suspect-8-just-dance.3731534\/\">suspect thread<\/a>.<\/strong><\/div>\n|j|\u2606vheneko\n|j|\u2606zhenaikun114514\n|t:|1701014214\n|gametype|singles\n|player|p1|vheneko|depotagent|1278\n|player|p2|zhenaikun114514|cheryl|1305\n|teamsize|p1|6\n|teamsize|p2|6\n|gen|9\n|tier|[Gen 9] National Dex\n|rated|\n|rule|HP Percentage Mod: HP is shown in percentages\n|rule|Endless Battle Clause: Forcing endless battles is banned\n|rule|OHKO Clause: OHKO moves are banned\n|rule|Evasion Clause: Evasion abilities, items, and moves are banned\n|rule|Evasion Abilities Clause: Evasion abilities are banned\n|rule|Evasion Items Clause: Evasion items are banned\n|rule|Evasion Moves Clause: Evasion moves are banned\n|rule|Species Clause: Limit one of each Pok\u00e9mon\n|rule|Sleep Clause Mod: Limit one foe put to sleep\n|clearpoke\n|poke|p1|Serperior, F|\n|poke|p1|Minior|\n|poke|p1|Slowking-Galar, M|\n|poke|p1|Grimmsnarl, M|\n|poke|p1|Meowscarada, F|\n|poke|p1|Celesteela|\n|poke|p2|Manaphy|\n|poke|p2|Victini|\n|poke|p2|Jellicent, F|\n|poke|p2|Sharpedo, F|\n|poke|p2|Salamence, M|\n|poke|p2|Slowbro-Galar, M|\n|teampreview\n|inactive|Battle timer is ON: inactive players will automatically lose when time's up. (requested by zhenaikun114514)\n|\n|t:|1701014225\n|start\n|switch|p1a: Celesteela|Celesteela|100\/100\n|switch|p2a: Victini|Victini|100\/100\n|turn|1\n|\n|t:|1701014231\n|move|p2a: Victini|V-create|p1a: Celesteela\n|-supereffective|p1a: Celesteela\n|-damage|p1a: Celesteela|0 fnt\n|-unboost|p2a: Victini|spe|1\n|-unboost|p2a: Victini|def|1\n|-unboost|p2a: Victini|spd|1\n|faint|p1a: Celesteela\n|\n|upkeep\n|\n|t:|1701014237\n|switch|p1a: Minior|Minior, shiny|100\/100\n|-formechange|p1a: Minior|Minior-Meteor||[from] ability: Shields Down\n|turn|2\n|\n|t:|1701014251\n|switch|p2a: Manaphy|Manaphy|100\/100\n|move|p1a: Minior|Shell Smash|p1a: Minior\n|-unboost|p1a: Minior|def|1\n|-unboost|p1a: Minior|spd|1\n|-boost|p1a: Minior|atk|2\n|-boost|p1a: Minior|spa|2\n|-boost|p1a: Minior|spe|2\n|-enditem|p1a: Minior|White Herb\n|-clearnegativeboost|p1a: Minior|[silent]\n|\n|upkeep\n|turn|3\n|\n|t:|1701014261\n|-terastallize|p1a: Minior|Water\n|move|p1a: Minior|Rock Slide|p2a: Manaphy\n|-damage|p2a: Manaphy|67\/100\n|move|p2a: Manaphy|Scald|p1a: Minior\n|-resisted|p1a: Minior\n|-damage|p1a: Minior|83\/100\n|\n|-heal|p2a: Manaphy|73\/100|[from] item: Leftovers\n|upkeep\n|turn|4\n|\n|t:|1701014291\n|switch|p2a: Sharpedo|Sharpedo, F|100\/100\n|move|p1a: Minior|Earthquake|p2a: Sharpedo\n|-damage|p2a: Sharpedo|0 fnt\n|faint|p2a: Sharpedo\n|\n|upkeep\n|inactive|zhenaikun114514 has 120 seconds left.\n|\n|t:|1701014305\n|switch|p2a: Victini|Victini|100\/100\n|turn|5\n|\n|t:|1701014310\n|-terastallize|p2a: Victini|Grass\n|move|p2a: Victini|Fusion Bolt|p1a: Minior\n|-supereffective|p1a: Minior\n|-damage|p1a: Minior|21\/100\n|move|p1a: Minior|Acrobatics|p2a: Victini\n|-supereffective|p2a: Victini\n|-damage|p2a: Victini|0 fnt\n|faint|p2a: Victini\n|\n|-formechange|p1a: Minior|Minior||[from] ability: Shields Down\n|upkeep\n|\n|t:|1701014320\n|switch|p2a: Manaphy|Manaphy|73\/100\n|turn|6\n|\n|t:|1701014325\n|move|p1a: Minior|Earthquake|p2a: Manaphy\n|-damage|p2a: Manaphy|36\/100\n|move|p2a: Manaphy|Scald|p1a: Minior\n|-resisted|p1a: Minior\n|-damage|p1a: Minior|0 fnt\n|faint|p1a: Minior\n|\n|-heal|p2a: Manaphy|42\/100|[from] item: Leftovers\n|upkeep\n|\n|t:|1701014334\n|switch|p1a: Meowscarada|Meowscarada, F|100\/100\n|turn|7\n|\n|t:|1701014341\n|switch|p2a: Jellicent|Jellicent, F|100\/100\n|move|p1a: Meowscarada|Knock Off|p2a: Jellicent\n|-start|p1a: Meowscarada|typechange|Dark|[from] ability: Protean\n|-supereffective|p2a: Jellicent\n|-damage|p2a: Jellicent|0 fnt\n|-enditem|p2a: Jellicent|Choice Scarf|[from] move: Knock Off|[of] p1a: Meowscarada\n|faint|p2a: Jellicent\n|\n|upkeep\n|\n|t:|1701014348\n|switch|p2a: Slowbro|Slowbro-Galar, M|100\/100\n|turn|8\n|\n|t:|1701014353\n|move|p1a: Meowscarada|Knock Off|p2a: Slowbro\n|-supereffective|p2a: Slowbro\n|-enditem|p2a: Slowbro|Focus Sash\n|-damage|p2a: Slowbro|1\/100\n|move|p2a: Slowbro|Shell Side Arm|p1a: Meowscarada|[anim] Shell Side Arm Special\n|-damage|p1a: Meowscarada|37\/100\n|-hint|Special Shell Side Arm\n|\n|upkeep\n|turn|9\n|\n|t:|1701014361\n|move|p1a: Meowscarada|Knock Off|p2a: Slowbro\n|-supereffective|p2a: Slowbro\n|-damage|p2a: Slowbro|0 fnt\n|faint|p2a: Slowbro\n|\n|upkeep\n|\n|t:|1701014367\n|switch|p2a: Salamence|Salamence, M|100\/100\n|-ability|p2a: Salamence|Intimidate|boost\n|-unboost|p1a: Meowscarada|atk|1\n|turn|10\n|\n|t:|1701014371\n|switch|p1a: Grimmsnarl|Grimmsnarl, M|100\/100\n|move|p2a: Salamence|Dragon Dance|p2a: Salamence\n|-boost|p2a: Salamence|atk|1\n|-boost|p2a: Salamence|spe|1\n|\n|upkeep\n|turn|11\n|\n|t:|1701014379\n|move|p1a: Grimmsnarl|Reflect|p1a: Grimmsnarl\n|-sidestart|p1: vheneko|Reflect\n|-zpower|p2a: Salamence\n|move|p2a: Salamence|Supersonic Skystrike|p1a: Grimmsnarl|[zeffect]\n|-damage|p1a: Grimmsnarl|10\/100\n|\n|upkeep\n|turn|12\n|\n|t:|1701014386\n|move|p2a: Salamence|Earthquake|p1a: Grimmsnarl\n|-damage|p1a: Grimmsnarl|0 fnt\n|faint|p1a: Grimmsnarl\n|\n|upkeep\n|\n|t:|1701014390\n|switch|p1a: Meowscarada|Meowscarada, F|37\/100\n|turn|13\n|\n|t:|1701014393\n|move|p2a: Salamence|Earthquake|p1a: Meowscarada\n|-resisted|p1a: Meowscarada\n|-damage|p1a: Meowscarada|20\/100\n|move|p1a: Meowscarada|Play Rough|p2a: Salamence\n|-start|p1a: Meowscarada|typechange|Fairy|[from] ability: Protean\n|-supereffective|p2a: Salamence\n|-damage|p2a: Salamence|0 fnt\n|faint|p2a: Salamence\n|\n|upkeep\n|-message|zhenaikun114514 forfeited.\n|\n|win|vheneko\n|raw|vheneko's rating: 1278 &rarr; <strong>1305<\/strong><br \/>(+27 for winning)\n|raw|zhenaikun114514's rating: 1305 &rarr; <strong>1283<\/strong><br \/>(-22 for losing)\n|l|\u2606zhenaikun114514\n","uploadtime":1701014409,"views":5,"p1id":"vheneko","p2id":"zhenaikun114514","formatid":"gen9nationaldex","rating":1283,"private":0,"password":""}