{"id":"gen9nationaldex-1989504598","p1":"sprklesndchmpgne","p2":"DivineFailure","format":"[Gen 9] National Dex","log":"|j|\u2606sprklesndchmpgne\n|j|\u2606DivineFailure\n|t:|1699862016\n|gametype|singles\n|player|p1|sprklesndchmpgne|parasollady|1340\n|player|p2|DivineFailure|170|1196\n|teamsize|p1|6\n|teamsize|p2|6\n|gen|9\n|tier|[Gen 9] National Dex\n|rated|\n|rule|HP Percentage Mod: HP is shown in percentages\n|rule|Endless Battle Clause: Forcing endless battles is banned\n|rule|OHKO Clause: OHKO moves are banned\n|rule|Evasion Clause: Evasion abilities, items, and moves are banned\n|rule|Evasion Abilities Clause: Evasion abilities are banned\n|rule|Evasion Items Clause: Evasion items are banned\n|rule|Evasion Moves Clause: Evasion moves are banned\n|rule|Species Clause: Limit one of each Pok\u00e9mon\n|rule|Sleep Clause Mod: Limit one foe put to sleep\n|clearpoke\n|poke|p1|Tapu Koko|\n|poke|p1|Lopunny, M|\n|poke|p1|Sneasler, F|\n|poke|p1|Landorus-Therian, M|\n|poke|p1|Rotom-Wash|\n|poke|p1|Ting-Lu|\n|poke|p2|Klefki, F|\n|poke|p2|Thundurus, M|\n|poke|p2|Victini|\n|poke|p2|Serperior, F|\n|poke|p2|Ogerpon-Wellspring, F|\n|poke|p2|Landorus-Therian, M|\n|teampreview\n|\n|t:|1699862051\n|start\n|switch|p1a: Trix Bunny|Lopunny, M|100\/100\n|switch|p2a: Thundurus|Thundurus, M|100\/100\n|turn|1\n|\n|t:|1699862063\n|switch|p2a: Klefki|Klefki, F|100\/100\n|detailschange|p1a: Trix Bunny|Lopunny-Mega, M\n|-mega|p1a: Trix Bunny|Lopunny|Lopunnite\n|move|p1a: Trix Bunny|Fake Out|p2a: Klefki\n|-resisted|p2a: Klefki\n|-damage|p2a: Klefki|91\/100\n|-damage|p1a: Trix Bunny|84\/100|[from] item: Rocky Helmet|[of] p2a: Klefki\n|\n|upkeep\n|turn|2\n|\n|t:|1699862080\n|switch|p1a: Koko Pebbles|Tapu Koko, shiny|100\/100\n|-fieldstart|move: Electric Terrain|[from] ability: Electric Surge|[of] p1a: Koko Pebbles\n|move|p2a: Klefki|Spikes|p1a: Koko Pebbles\n|-sidestart|p1: sprklesndchmpgne|Spikes\n|\n|upkeep\n|turn|3\n|\n|t:|1699862092\n|switch|p2a: Landorus|Landorus-Therian, M|100\/100\n|-ability|p2a: Landorus|Intimidate|boost\n|-unboost|p1a: Koko Pebbles|atk|1\n|move|p1a: Koko Pebbles|U-turn|p2a: Landorus\n|-resisted|p2a: Landorus\n|-damage|p2a: Landorus|94\/100\n|\n|t:|1699862107\n|switch|p1a: Trix Bunny|Lopunny-Mega, M|84\/100|[from] U-turn\n|-damage|p1a: Trix Bunny|72\/100|[from] Spikes\n|\n|upkeep\n|turn|4\n|\n|t:|1699862112\n|switch|p2a: Klefki|Klefki, F|91\/100\n|move|p1a: Trix Bunny|Ice Punch|p2a: Klefki\n|-resisted|p2a: Klefki\n|-damage|p2a: Klefki|81\/100\n|-damage|p1a: Trix Bunny|55\/100|[from] item: Rocky Helmet|[of] p2a: Klefki\n|\n|upkeep\n|turn|5\n|\n|t:|1699862116\n|move|p2a: Klefki|Spikes|p1a: Trix Bunny\n|-sidestart|p1: sprklesndchmpgne|Spikes\n|move|p1a: Trix Bunny|Close Combat|p2a: Klefki\n|-damage|p2a: Klefki|29\/100\n|-unboost|p1a: Trix Bunny|def|1\n|-unboost|p1a: Trix Bunny|spd|1\n|-damage|p1a: Trix Bunny|39\/100|[from] item: Rocky Helmet|[of] p2a: Klefki\n|\n|upkeep\n|turn|6\n|\n|t:|1699862123\n|switch|p1a: Rice Krispiez|Rotom-Wash|100\/100\n|switch|p2a: Landorus|Landorus-Therian, M|94\/100\n|-ability|p2a: Landorus|Intimidate|boost\n|-unboost|p1a: Rice Krispiez|atk|1\n|\n|-fieldend|move: Electric Terrain\n|upkeep\n|turn|7\n|\n|t:|1699862133\n|move|p2a: Landorus|U-turn|p1a: Rice Krispiez\n|-damage|p1a: Rice Krispiez|74\/100\n|\n|t:|1699862135\n|switch|p2a: Serperior|Serperior, F|100\/100|[from] U-turn\n|move|p1a: Rice Krispiez|Defog|p2a: Serperior\n|-boost|p2a: Serperior|evasion|1\n|-sideend|p1: sprklesndchmpgne|Spikes|[from] move: Defog|[of] p1a: Rice Krispiez\n|\n|-heal|p1a: Rice Krispiez|80\/100|[from] item: Leftovers\n|upkeep\n|turn|8\n|\n|t:|1699862141\n|move|p2a: Serperior|Substitute|p2a: Serperior\n|-start|p2a: Serperior|Substitute\n|-damage|p2a: Serperior|76\/100\n|move|p1a: Rice Krispiez|Volt Switch|p2a: Serperior\n|-resisted|p2a: Serperior\n|-activate|p2a: Serperior|move: Substitute|[damage]\n|\n|t:|1699862150\n|switch|p1a: REESES PUFFS|Ting-Lu|100\/100|[from] Volt Switch\n|-ability|p1a: REESES PUFFS|Vessel of Ruin\n|\n|-heal|p2a: Serperior|82\/100|[from] item: Leftovers\n|upkeep\n|turn|9\n|\n|t:|1699862156\n|-terastallize|p1a: REESES PUFFS|Ghost\n|move|p2a: Serperior|Glare|p1a: REESES PUFFS\n|-status|p1a: REESES PUFFS|par\n|move|p1a: REESES PUFFS|Whirlwind|p2a: Serperior\n|drag|p2a: Klefki|Klefki, F|29\/100\n|\n|upkeep\n|turn|10\n|\n|t:|1699862165\n|move|p2a: Klefki|Spikes|p1a: REESES PUFFS\n|-sidestart|p1: sprklesndchmpgne|Spikes\n|move|p1a: REESES PUFFS|Earthquake|p2a: Klefki\n|-supereffective|p2a: Klefki\n|-crit|p2a: Klefki\n|-damage|p2a: Klefki|0 fnt\n|faint|p2a: Klefki\n|\n|upkeep\n|\n|t:|1699862168\n|switch|p2a: Ogerpon|Ogerpon-Wellspring, F|100\/100\n|turn|11\n|\n|t:|1699862182\n|move|p2a: Ogerpon|Ivy Cudgel|p1a: REESES PUFFS\n|-damage|p1a: REESES PUFFS|77\/100 par\n|move|p1a: REESES PUFFS|Whirlwind|p2a: Ogerpon\n|drag|p2a: Thundurus|Thundurus, M|100\/100\n|\n|-heal|p1a: REESES PUFFS|83\/100 par|[from] item: Leftovers\n|upkeep\n|turn|12\n|\n|t:|1699862187\n|move|p2a: Thundurus|Taunt|p1a: REESES PUFFS\n|-start|p1a: REESES PUFFS|move: Taunt\n|cant|p1a: REESES PUFFS|move: Taunt|Spikes\n|\n|-heal|p1a: REESES PUFFS|90\/100 par|[from] item: Leftovers\n|upkeep\n|turn|13\n|\n|t:|1699862190\n|move|p2a: Thundurus|Thunderbolt|p1a: REESES PUFFS\n|-damage|p1a: REESES PUFFS|56\/100 par\n|-damage|p2a: Thundurus|91\/100|[from] item: Life Orb\n|move|p1a: REESES PUFFS|Ruination|p2a: Thundurus\n|-damage|p2a: Thundurus|46\/100\n|\n|-heal|p1a: REESES PUFFS|62\/100 par|[from] item: Leftovers\n|upkeep\n|turn|14\n|\n|t:|1699862199\n|switch|p1a: Cap'n Crunch|Landorus-Therian, M|100\/100\n|-ability|p1a: Cap'n Crunch|Intimidate|boost\n|-unboost|p2a: Thundurus|atk|1\n|move|p2a: Thundurus|Hidden Power|p1a: Cap'n Crunch\n|-supereffective|p1a: Cap'n Crunch\n|-damage|p1a: Cap'n Crunch|0 fnt\n|faint|p1a: Cap'n Crunch\n|-damage|p2a: Thundurus|36\/100|[from] item: Life Orb\n|\n|upkeep\n|\n|t:|1699862206\n|switch|p1a: Rice Krispiez|Rotom-Wash|80\/100\n|turn|15\n|\n|t:|1699862215\n|switch|p2a: Serperior|Serperior, F|82\/100\n|move|p1a: Rice Krispiez|Hydro Pump|p2a: Serperior|[miss]\n|-miss|p1a: Rice Krispiez|p2a: Serperior\n|\n|-heal|p2a: Serperior|88\/100|[from] item: Leftovers\n|-heal|p1a: Rice Krispiez|86\/100|[from] item: Leftovers\n|upkeep\n|turn|16\n|\n|t:|1699862219\n|move|p2a: Serperior|Substitute|p2a: Serperior\n|-start|p2a: Serperior|Substitute\n|-damage|p2a: Serperior|63\/100\n|move|p1a: Rice Krispiez|Volt Switch|p2a: Serperior\n|-resisted|p2a: Serperior\n|-activate|p2a: Serperior|move: Substitute|[damage]\n|\n|t:|1699862224\n|switch|p1a: Koko Pebbles|Tapu Koko, shiny|100\/100|[from] Volt Switch\n|-damage|p1a: Koko Pebbles|88\/100|[from] Spikes\n|-fieldstart|move: Electric Terrain|[from] ability: Electric Surge|[of] p1a: Koko Pebbles\n|\n|-heal|p2a: Serperior|70\/100|[from] item: Leftovers\n|upkeep\n|turn|17\n|\n|t:|1699862231\n|move|p1a: Koko Pebbles|U-turn|p2a: Serperior\n|-supereffective|p2a: Serperior\n|-end|p2a: Serperior|Substitute\n|\n|t:|1699862236\n|switch|p1a: Trix Bunny|Lopunny-Mega, M|39\/100|[from] U-turn\n|-damage|p1a: Trix Bunny|26\/100|[from] Spikes\n|move|p2a: Serperior|Leaf Storm|p1a: Trix Bunny\n|-damage|p1a: Trix Bunny|0 fnt\n|-boost|p2a: Serperior|spa|2\n|faint|p1a: Trix Bunny\n|\n|-heal|p2a: Serperior|76\/100|[from] item: Leftovers\n|upkeep\n|\n|t:|1699862239\n|switch|p1a: Fruity Pebbles|Sneasler, F|100\/100\n|-damage|p1a: Fruity Pebbles|88\/100|[from] Spikes\n|-enditem|p1a: Fruity Pebbles|Electric Seed\n|-boost|p1a: Fruity Pebbles|def|1|[from] item: Electric Seed\n|turn|18\n|\n|t:|1699862249\n|switch|p2a: Landorus|Landorus-Therian, M|94\/100\n|-ability|p2a: Landorus|Intimidate|boost\n|-unboost|p1a: Fruity Pebbles|atk|1\n|move|p1a: Fruity Pebbles|Dire Claw|p2a: Landorus\n|-resisted|p2a: Landorus\n|-damage|p2a: Landorus|76\/100\n|\n|upkeep\n|turn|19\n|\n|t:|1699862259\n|move|p1a: Fruity Pebbles|Dire Claw|p2a: Landorus\n|-resisted|p2a: Landorus\n|-damage|p2a: Landorus|60\/100\n|move|p2a: Landorus|U-turn|p1a: Fruity Pebbles\n|-resisted|p1a: Fruity Pebbles\n|-damage|p1a: Fruity Pebbles|81\/100\n|\n|t:|1699862264\n|switch|p2a: Thundurus|Thundurus, M|36\/100|[from] U-turn\n|\n|upkeep\n|turn|20\n|\n|t:|1699862270\n|move|p2a: Thundurus|Thunder Wave|p1a: Fruity Pebbles\n|-status|p1a: Fruity Pebbles|par\n|move|p1a: Fruity Pebbles|Dire Claw|p2a: Thundurus\n|-damage|p2a: Thundurus|0 fnt\n|faint|p2a: Thundurus\n|\n|-fieldend|move: Electric Terrain\n|upkeep\n|\n|t:|1699862274\n|switch|p2a: Landorus|Landorus-Therian, M|60\/100\n|-ability|p2a: Landorus|Intimidate|boost\n|-unboost|p1a: Fruity Pebbles|atk|1\n|turn|21\n|\n|t:|1699862285\n|switch|p1a: Koko Pebbles|Tapu Koko, shiny|88\/100\n|-damage|p1a: Koko Pebbles|76\/100|[from] Spikes\n|-fieldstart|move: Electric Terrain|[from] ability: Electric Surge|[of] p1a: Koko Pebbles\n|move|p2a: Landorus|Earthquake|p1a: Koko Pebbles\n|-supereffective|p1a: Koko Pebbles\n|-damage|p1a: Koko Pebbles|0 fnt\n|faint|p1a: Koko Pebbles\n|\n|upkeep\n|-message|sprklesndchmpgne forfeited.\n|\n|win|DivineFailure\n|raw|sprklesndchmpgne's rating: 1340 &rarr; <strong>1312<\/strong><br \/>(-28 for losing)\n|raw|DivineFailure's rating: 1196 &rarr; <strong>1231<\/strong><br \/>(+35 for winning)\n|l|\u2606sprklesndchmpgne\n","uploadtime":1699862306,"views":5,"p1id":"sprklesndchmpgne","p2id":"divinefailure","formatid":"gen9nationaldex","rating":1231,"private":0,"password":""}