{"id":"gen9nationaldex-1995230624","p1":"batmanga","p2":"Liaoa","format":"[Gen 9] National Dex","log":"|html|<div class=\"broadcast-blue\"><strong>[Gen 9] National Dex is currently suspecting Sneasler! For information on how to participate check out the <a href=\"https:\/\/www.smogon.com\/forums\/threads\/sv-national-dex-suspect-8-just-dance.3731534\/\">suspect thread<\/a>.<\/strong><\/div>\n|j|\u2606batmanga\n|j|\u2606Liaoa\n|t:|1700537504\n|gametype|singles\n|player|p1|batmanga|riley|1582\n|player|p2|Liaoa|bellelba|1676\n|teamsize|p1|6\n|teamsize|p2|6\n|gen|9\n|tier|[Gen 9] National Dex\n|rated|\n|rule|HP Percentage Mod: HP is shown in percentages\n|rule|Endless Battle Clause: Forcing endless battles is banned\n|rule|OHKO Clause: OHKO moves are banned\n|rule|Evasion Clause: Evasion abilities, items, and moves are banned\n|rule|Evasion Abilities Clause: Evasion abilities are banned\n|rule|Evasion Items Clause: Evasion items are banned\n|rule|Evasion Moves Clause: Evasion moves are banned\n|rule|Species Clause: Limit one of each Pok\u00e9mon\n|rule|Sleep Clause Mod: Limit one foe put to sleep\n|clearpoke\n|poke|p1|Arctozolt|\n|poke|p1|Ninetales-Alola, M|\n|poke|p1|Slowking, M|\n|poke|p1|Zamazenta-*|\n|poke|p1|Raticate, M|\n|poke|p1|Skeledirge, M|\n|poke|p2|Kyurem|\n|poke|p2|Medicham, M|\n|poke|p2|Celesteela|\n|poke|p2|Garchomp, F|\n|poke|p2|Rotom-Wash|\n|poke|p2|Volcarona, F|\n|teampreview\n|inactive|Battle timer is ON: inactive players will automatically lose when time's up. (requested by Liaoa)\n|\n|t:|1700537529\n|start\n|switch|p1a: Slowking|Slowking, M|100\/100\n|switch|p2a: Medicham|Medicham, M|100\/100\n|turn|1\n|\n|t:|1700537534\n|detailschange|p2a: Medicham|Medicham-Mega, M\n|-mega|p2a: Medicham|Medicham|Medichamite\n|move|p2a: Medicham|Fake Out|p1a: Slowking\n|-damage|p1a: Slowking|78\/100\n|cant|p1a: Slowking|flinch\n|\n|upkeep\n|turn|2\n|\n|t:|1700537544\n|move|p2a: Medicham|Close Combat|p1a: Slowking\n|-resisted|p1a: Slowking\n|-damage|p1a: Slowking|25\/100\n|-unboost|p2a: Medicham|def|1\n|-unboost|p2a: Medicham|spd|1\n|move|p1a: Slowking|Chilly Reception|p1a: Slowking\n|-weather|Snow\n|\n|t:|1700537548\n|switch|p1a: Arctozolt|Arctozolt|100\/100|[from] Chilly Reception\n|\n|-weather|Snow|[upkeep]\n|upkeep\n|turn|3\n|\n|t:|1700537555\n|switch|p2a: Garchomp|Garchomp, F|100\/100\n|move|p1a: Arctozolt|Substitute|p1a: Arctozolt\n|-start|p1a: Arctozolt|Substitute\n|-damage|p1a: Arctozolt|76\/100\n|\n|-weather|Snow|[upkeep]\n|upkeep\n|turn|4\n|\n|t:|1700537559\n|-terastallize|p2a: Garchomp|Water\n|move|p1a: Arctozolt|Blizzard|p2a: Garchomp\n|-resisted|p2a: Garchomp\n|-crit|p2a: Garchomp\n|-damage|p2a: Garchomp|78\/100\n|-status|p2a: Garchomp|frz\n|-curestatus|p2a: Garchomp|frz|[msg]\n|move|p2a: Garchomp|Earthquake|p1a: Arctozolt\n|-supereffective|p1a: Arctozolt\n|-end|p1a: Arctozolt|Substitute\n|\n|-weather|Snow|[upkeep]\n|upkeep\n|turn|5\n|\n|t:|1700537566\n|switch|p2a: Volcarona|Volcarona, F|100\/100\n|move|p1a: Arctozolt|Bolt Beak|p2a: Volcarona\n|-damage|p2a: Volcarona|29\/100\n|-status|p1a: Arctozolt|brn|[from] ability: Flame Body|[of] p2a: Volcarona\n|\n|-weather|Snow|[upkeep]\n|-damage|p1a: Arctozolt|69\/100 brn|[from] brn\n|upkeep\n|turn|6\n|\n|t:|1700537572\n|switch|p2a: Rotom|Rotom-Wash|100\/100\n|move|p1a: Arctozolt|Bolt Beak|p2a: Rotom\n|-damage|p2a: Rotom|63\/100\n|\n|-weather|none\n|-heal|p2a: Rotom|70\/100|[from] item: Leftovers\n|-damage|p1a: Arctozolt|63\/100 brn|[from] brn\n|upkeep\n|turn|7\n|c|\u2606batmanga|of course\n|\n|t:|1700537580\n|switch|p2a: Volcarona|Volcarona, F|29\/100\n|move|p1a: Arctozolt|Bolt Beak|p2a: Volcarona\n|-damage|p2a: Volcarona|0 fnt\n|faint|p2a: Volcarona\n|\n|-damage|p1a: Arctozolt|57\/100 brn|[from] brn\n|upkeep\n|\n|t:|1700537589\n|switch|p2a: Garchomp|Garchomp, F, tera:Water|78\/100\n|turn|8\n|\n|t:|1700537599\n|switch|p1a: Ninetales|Ninetales-Alola, M|100\/100\n|-weather|Snow|[from] ability: Snow Warning|[of] p1a: Ninetales\n|move|p2a: Garchomp|Earthquake|p1a: Ninetales\n|-damage|p1a: Ninetales|65\/100\n|\n|-weather|Snow|[upkeep]\n|upkeep\n|turn|9\n|\n|t:|1700537605\n|move|p1a: Ninetales|Hypnosis|p2a: Garchomp|[miss]\n|-miss|p1a: Ninetales|p2a: Garchomp\n|move|p2a: Garchomp|Toxic|p1a: Ninetales\n|-status|p1a: Ninetales|tox\n|\n|-weather|Snow|[upkeep]\n|-damage|p1a: Ninetales|59\/100 tox|[from] psn\n|upkeep\n|turn|10\n|\n|t:|1700537613\n|move|p1a: Ninetales|Aurora Veil|p1a: Ninetales\n|-sidestart|p1: batmanga|move: Aurora Veil\n|move|p2a: Garchomp|Stealth Rock|p1a: Ninetales\n|-sidestart|p1: batmanga|move: Stealth Rock\n|\n|-weather|Snow|[upkeep]\n|-damage|p1a: Ninetales|47\/100 tox|[from] psn\n|upkeep\n|turn|11\n|\n|t:|1700537621\n|move|p1a: Ninetales|Hypnosis|p2a: Garchomp\n|-status|p2a: Garchomp|slp|[from] move: Hypnosis\n|cant|p2a: Garchomp|slp\n|\n|-weather|Snow|[upkeep]\n|-damage|p1a: Ninetales|29\/100 tox|[from] psn\n|upkeep\n|turn|12\n|\n|t:|1700537624\n|switch|p1a: Raticate|Raticate, M|100\/100\n|-damage|p1a: Raticate|88\/100|[from] Stealth Rock\n|-curestatus|p2a: Garchomp|slp|[msg]\n|move|p2a: Garchomp|Roar|p1a: Raticate\n|drag|p1a: Arctozolt|Arctozolt|57\/100 brn\n|\n|-weather|Snow|[upkeep]\n|-damage|p1a: Arctozolt|51\/100 brn|[from] brn\n|upkeep\n|turn|13\n|\n|t:|1700537634\n|move|p1a: Arctozolt|Bolt Beak|p2a: Garchomp\n|-supereffective|p2a: Garchomp\n|-damage|p2a: Garchomp|9\/100\n|-damage|p1a: Arctozolt|38\/100 brn|[from] ability: Rough Skin|[of] p2a: Garchomp\n|-damage|p1a: Arctozolt|22\/100 brn|[from] item: Rocky Helmet|[of] p2a: Garchomp\n|move|p2a: Garchomp|Earthquake|p1a: Arctozolt\n|-supereffective|p1a: Arctozolt\n|-damage|p1a: Arctozolt|0 fnt\n|faint|p1a: Arctozolt\n|\n|-weather|Snow|[upkeep]\n|upkeep\n|\n|t:|1700537651\n|switch|p1a: Zamazenta|Zamazenta|100\/100\n|-damage|p1a: Zamazenta|94\/100|[from] Stealth Rock\n|-ability|p1a: Zamazenta|Dauntless Shield|boost\n|-boost|p1a: Zamazenta|def|1\n|turn|14\n|\n|t:|1700537654\n|move|p1a: Zamazenta|Close Combat|p2a: Garchomp\n|-damage|p2a: Garchomp|0 fnt\n|-unboost|p1a: Zamazenta|def|1\n|-unboost|p1a: Zamazenta|spd|1\n|-damage|p1a: Zamazenta|82\/100|[from] ability: Rough Skin|[of] p2a: Garchomp\n|-damage|p1a: Zamazenta|65\/100|[from] item: Rocky Helmet|[of] p2a: Garchomp\n|faint|p2a: Garchomp\n|\n|-weather|Snow|[upkeep]\n|-sideend|p1: batmanga|move: Aurora Veil\n|upkeep\n|\n|t:|1700537660\n|switch|p2a: Medicham|Medicham-Mega, M|100\/100\n|turn|15\n|\n|t:|1700537666\n|switch|p1a: Skeledirge|Skeledirge, M|100\/100\n|move|p2a: Medicham|Zen Headbutt|p1a: Skeledirge\n|-damage|p1a: Skeledirge|58\/100\n|\n|-weather|none\n|upkeep\n|turn|16\n|\n|t:|1700537672\n|move|p2a: Medicham|Zen Headbutt|p1a: Skeledirge\n|-damage|p1a: Skeledirge|19\/100\n|move|p1a: Skeledirge|Will-O-Wisp|p2a: Medicham\n|-status|p2a: Medicham|brn\n|\n|-damage|p2a: Medicham|94\/100 brn|[from] brn\n|upkeep\n|turn|17\n|\n|t:|1700537679\n|switch|p1a: Slowking|Slowking, M|58\/100\n|move|p2a: Medicham|Zen Headbutt|p1a: Slowking\n|-resisted|p1a: Slowking\n|-damage|p1a: Slowking|40\/100\n|\n|-damage|p2a: Medicham|88\/100 brn|[from] brn\n|upkeep\n|turn|18\n|\n|t:|1700537690\n|move|p2a: Medicham|Close Combat|p1a: Slowking\n|-resisted|p1a: Slowking\n|-damage|p1a: Slowking|12\/100\n|-unboost|p2a: Medicham|def|1\n|-unboost|p2a: Medicham|spd|1\n|move|p1a: Slowking|Future Sight|p2a: Medicham\n|-start|p1a: Slowking|move: Future Sight\n|\n|-damage|p2a: Medicham|82\/100 brn|[from] brn\n|upkeep\n|turn|19\n|\n|t:|1700537698\n|switch|p1a: Skeledirge|Skeledirge, M|19\/100\n|move|p2a: Medicham|Zen Headbutt|p1a: Skeledirge\n|-damage|p1a: Skeledirge|0 fnt\n|faint|p1a: Skeledirge\n|\n|-damage|p2a: Medicham|76\/100 brn|[from] brn\n|upkeep\n|\n|t:|1700537703\n|switch|p1a: Ninetales|Ninetales-Alola, M|29\/100 tox\n|-damage|p1a: Ninetales|4\/100 tox|[from] Stealth Rock\n|-weather|Snow|[from] ability: Snow Warning|[of] p1a: Ninetales\n|turn|20\n|\n|t:|1700537707\n|move|p1a: Ninetales|Aurora Veil|p1a: Ninetales\n|-sidestart|p1: batmanga|move: Aurora Veil\n|move|p2a: Medicham|Ice Punch|p1a: Ninetales\n|-resisted|p1a: Ninetales\n|-damage|p1a: Ninetales|0 fnt\n|faint|p1a: Ninetales\n|\n|-weather|Snow|[upkeep]\n|-end|p2a: Medicham|move: Future Sight\n|-damage|p2a: Medicham|0 fnt\n|faint|p2a: Medicham\n|upkeep\n|\n|t:|1700537719\n|switch|p1a: Raticate|Raticate, M|88\/100\n|switch|p2a: Rotom|Rotom-Wash|70\/100\n|-damage|p1a: Raticate|76\/100|[from] Stealth Rock\n|turn|21\n|\n|t:|1700537722\n|move|p1a: Raticate|Swords Dance|p1a: Raticate\n|-boost|p1a: Raticate|atk|2\n|move|p2a: Rotom|Discharge|p1a: Raticate\n|-damage|p1a: Raticate|48\/100\n|\n|-weather|Snow|[upkeep]\n|-heal|p2a: Rotom|76\/100|[from] item: Leftovers\n|-status|p1a: Raticate|brn|[from] item: Flame Orb\n|upkeep\n|turn|22\n|\n|t:|1700537730\n|move|p1a: Raticate|Facade|p2a: Rotom\n|-damage|p2a: Rotom|0 fnt\n|faint|p2a: Rotom\n|\n|-weather|Snow|[upkeep]\n|-damage|p1a: Raticate|42\/100 brn|[from] brn\n|upkeep\n|\n|t:|1700537733\n|switch|p2a: Celesteela|Celesteela|100\/100\n|turn|23\n|\n|t:|1700537738\n|-terastallize|p1a: Raticate|Normal\n|move|p1a: Raticate|Facade|p2a: Celesteela\n|-resisted|p2a: Celesteela\n|-damage|p2a: Celesteela|0 fnt\n|faint|p2a: Celesteela\n|\n|-weather|Snow|[upkeep]\n|-damage|p1a: Raticate|36\/100 brn|[from] brn\n|upkeep\n|-message|Liaoa forfeited.\n|\n|win|batmanga\n|raw|batmanga's rating: 1582 &rarr; <strong>1607<\/strong><br \/>(+25 for winning)\n|raw|Liaoa's rating: 1676 &rarr; <strong>1651<\/strong><br \/>(-25 for losing)\n|l|\u2606Liaoa\n","uploadtime":1700537759,"views":22,"p1id":"batmanga","p2id":"liaoa","formatid":"gen9nationaldex","rating":1607,"private":0,"password":""}