{"id":"gen9nationaldex-1993388961","p1":"um_sad2","p2":"PixBolado","format":"[Gen 9] National Dex","log":"|j|\u2606um_sad2\n|j|\u2606PixBolado\n|t:|1700310789\n|gametype|singles\n|player|p1|um_sad2|red|1227\n|player|p2|PixBolado|acetrainerf-gen4|1269\n|teamsize|p1|6\n|teamsize|p2|6\n|gen|9\n|tier|[Gen 9] National Dex\n|rated|\n|rule|HP Percentage Mod: HP is shown in percentages\n|rule|Endless Battle Clause: Forcing endless battles is banned\n|rule|OHKO Clause: OHKO moves are banned\n|rule|Evasion Clause: Evasion abilities, items, and moves are banned\n|rule|Evasion Abilities Clause: Evasion abilities are banned\n|rule|Evasion Items Clause: Evasion items are banned\n|rule|Evasion Moves Clause: Evasion moves are banned\n|rule|Species Clause: Limit one of each Pok\u00e9mon\n|rule|Sleep Clause Mod: Limit one foe put to sleep\n|clearpoke\n|poke|p1|Slowbro, F|\n|poke|p1|Donphan, M|\n|poke|p1|Eiscue, M|\n|poke|p1|Serperior, F|\n|poke|p1|Inteleon, M|\n|poke|p1|Darmanitan, F|\n|poke|p2|Garganacl, F|\n|poke|p2|Iron Valiant|\n|poke|p2|Charizard, M|\n|poke|p2|Great Tusk|\n|poke|p2|Toxapex, F|\n|poke|p2|Dragonite, F|\n|teampreview\n|inactive|Battle timer is ON: inactive players will automatically lose when time's up. (requested by PixBolado)\n|\n|t:|1700310796\n|start\n|switch|p1a: Donphan|Donphan, M|100\/100\n|switch|p2a: Charizard|Charizard, M|100\/100\n|turn|1\n|\n|t:|1700310805\n|detailschange|p2a: Charizard|Charizard-Mega-Y, M\n|-mega|p2a: Charizard|Charizard|Charizardite Y\n|-weather|SunnyDay|[from] ability: Drought|[of] p2a: Charizard\n|move|p2a: Charizard|Solar Beam||[still]\n|-prepare|p2a: Charizard|Solar Beam\n|-anim|p2a: Charizard|Solar Beam|p1a: Donphan\n|-supereffective|p1a: Donphan\n|-ability|p1a: Donphan|Sturdy\n|-damage|p1a: Donphan|1\/100\n|move|p1a: Donphan|Stealth Rock|p2a: Charizard\n|-sidestart|p2: PixBolado|move: Stealth Rock\n|\n|-weather|SunnyDay|[upkeep]\n|-heal|p1a: Donphan|7\/100|[from] item: Leftovers\n|upkeep\n|turn|2\n|\n|t:|1700310826\n|move|p2a: Charizard|Flamethrower|p1a: Donphan\n|-damage|p1a: Donphan|0 fnt\n|faint|p1a: Donphan\n|\n|-weather|SunnyDay|[upkeep]\n|upkeep\n|inactive|um_sad2 has 120 seconds left.\n|\n|t:|1700310848\n|switch|p1a: Inteleon|Inteleon, M|100\/100\n|turn|3\n|\n|t:|1700310851\n|move|p1a: Inteleon|Dark Pulse|p2a: Charizard\n|-damage|p2a: Charizard|74\/100\n|move|p2a: Charizard|Solar Beam||[still]\n|-prepare|p2a: Charizard|Solar Beam\n|-anim|p2a: Charizard|Solar Beam|p1a: Inteleon\n|-supereffective|p1a: Inteleon\n|-damage|p1a: Inteleon|0 fnt\n|faint|p1a: Inteleon\n|\n|-weather|SunnyDay|[upkeep]\n|upkeep\n|\n|t:|1700310858\n|switch|p1a: Slowbro|Slowbro, F, shiny|100\/100\n|turn|4\n|\n|t:|1700310865\n|detailschange|p1a: Slowbro|Slowbro-Mega, F, shiny\n|-mega|p1a: Slowbro|Slowbro|Slowbronite\n|move|p2a: Charizard|Solar Beam||[still]\n|-prepare|p2a: Charizard|Solar Beam\n|-anim|p2a: Charizard|Solar Beam|p1a: Slowbro\n|-supereffective|p1a: Slowbro\n|-damage|p1a: Slowbro|27\/100\n|move|p1a: Slowbro|Scald|p2a: Charizard\n|-supereffective|p2a: Charizard\n|-crit|p2a: Charizard\n|-damage|p2a: Charizard|22\/100\n|\n|-weather|SunnyDay|[upkeep]\n|upkeep\n|turn|5\n|\n|t:|1700310877\n|move|p2a: Charizard|Flamethrower|p1a: Slowbro\n|-resisted|p1a: Slowbro\n|-damage|p1a: Slowbro|0 fnt\n|faint|p1a: Slowbro\n|\n|-weather|none\n|upkeep\n|\n|t:|1700310885\n|switch|p1a: Eiscue|Eiscue, M|100\/100\n|turn|6\n|\n|t:|1700310898\n|move|p2a: Charizard|Flamethrower|p1a: Eiscue\n|-supereffective|p1a: Eiscue\n|-damage|p1a: Eiscue|0 fnt\n|faint|p1a: Eiscue\n|\n|upkeep\n|\n|t:|1700310902\n|switch|p1a: Darmanitan|Darmanitan, F|100\/100\n|turn|7\n|\n|t:|1700310908\n|switch|p2a: Toxapex|Toxapex, F|100\/100\n|-damage|p2a: Toxapex|88\/100|[from] Stealth Rock\n|move|p1a: Darmanitan|Flare Blitz|p2a: Toxapex\n|-resisted|p2a: Toxapex\n|-damage|p2a: Toxapex|57\/100\n|-damage|p1a: Darmanitan|92\/100|[from] Recoil\n|\n|-heal|p2a: Toxapex|63\/100|[from] item: Leftovers\n|upkeep\n|turn|8\n|\n|t:|1700310921\n|move|p1a: Darmanitan|Flare Blitz|p2a: Toxapex\n|-resisted|p2a: Toxapex\n|-damage|p2a: Toxapex|29\/100\n|-damage|p1a: Darmanitan|82\/100|[from] Recoil\n|move|p2a: Toxapex|Toxic|p1a: Darmanitan\n|-status|p1a: Darmanitan|tox\n|\n|-heal|p2a: Toxapex|35\/100|[from] item: Leftovers\n|-damage|p1a: Darmanitan|75\/100 tox|[from] psn\n|upkeep\n|turn|9\n|\n|t:|1700310932\n|-terastallize|p1a: Darmanitan|Fire\n|move|p2a: Toxapex|Baneful Bunker|p2a: Toxapex\n|-singleturn|p2a: Toxapex|move: Protect\n|move|p1a: Darmanitan|Flare Blitz|p2a: Toxapex\n|-activate|p2a: Toxapex|move: Protect\n|\n|-heal|p2a: Toxapex|41\/100|[from] item: Leftovers\n|-damage|p1a: Darmanitan|63\/100 tox|[from] psn\n|upkeep\n|turn|10\n|\n|t:|1700310944\n|switch|p2a: Garganacl|Garganacl, F|100\/100\n|-damage|p2a: Garganacl|88\/100|[from] Stealth Rock\n|move|p1a: Darmanitan|Flare Blitz|p2a: Garganacl\n|-resisted|p2a: Garganacl\n|-damage|p2a: Garganacl|57\/100\n|-damage|p1a: Darmanitan|51\/100 tox|[from] Recoil\n|\n|-heal|p2a: Garganacl|64\/100|[from] item: Leftovers\n|-damage|p1a: Darmanitan|33\/100 tox|[from] psn\n|upkeep\n|turn|11\n|\n|t:|1700310957\n|move|p1a: Darmanitan|Flare Blitz|p2a: Garganacl\n|-resisted|p2a: Garganacl\n|-damage|p2a: Garganacl|34\/100\n|-damage|p1a: Darmanitan|21\/100 tox|[from] Recoil\n|move|p2a: Garganacl|Salt Cure|p1a: Darmanitan\n|-supereffective|p1a: Darmanitan\n|-damage|p1a: Darmanitan|0 fnt\n|faint|p1a: Darmanitan\n|\n|-heal|p2a: Garganacl|40\/100|[from] item: Leftovers\n|upkeep\n|\n|t:|1700310959\n|switch|p1a: Serperior|Serperior, F|100\/100\n|turn|12\n|\n|t:|1700310977\n|switch|p2a: Toxapex|Toxapex, F|75\/100\n|-damage|p2a: Toxapex|62\/100|[from] Stealth Rock\n|move|p1a: Serperior|Leaf Storm|p2a: Toxapex\n|-damage|p2a: Toxapex|31\/100\n|-boost|p1a: Serperior|spa|2\n|\n|-heal|p2a: Toxapex|37\/100|[from] item: Leftovers\n|upkeep\n|turn|13\n|\n|t:|1700310990\n|move|p2a: Toxapex|Baneful Bunker|p2a: Toxapex\n|-singleturn|p2a: Toxapex|move: Protect\n|move|p1a: Serperior|Leaf Storm|p2a: Toxapex\n|-activate|p2a: Toxapex|move: Protect\n|\n|-heal|p2a: Toxapex|44\/100|[from] item: Leftovers\n|upkeep\n|turn|14\n|\n|t:|1700311004\n|move|p1a: Serperior|Leaf Storm|p2a: Toxapex\n|-damage|p2a: Toxapex|0 fnt\n|-boost|p1a: Serperior|spa|2\n|faint|p2a: Toxapex\n|\n|upkeep\n|\n|t:|1700311011\n|switch|p2a: Dragonite|Dragonite, F|100\/100\n|-damage|p2a: Dragonite|76\/100|[from] Stealth Rock\n|turn|15\n|\n|t:|1700311016\n|move|p1a: Serperior|Hidden Power|p2a: Dragonite\n|-supereffective|p2a: Dragonite\n|-damage|p2a: Dragonite|0 fnt\n|faint|p2a: Dragonite\n|\n|upkeep\n|\n|t:|1700311022\n|switch|p2a: Iron Valiant|Iron Valiant|100\/100\n|-damage|p2a: Iron Valiant|94\/100|[from] Stealth Rock\n|turn|16\n|\n|t:|1700311031\n|move|p1a: Serperior|Leaf Storm|p2a: Iron Valiant\n|-damage|p2a: Iron Valiant|0 fnt\n|-boost|p1a: Serperior|spa|2\n|faint|p2a: Iron Valiant\n|-end|p2a: Iron Valiant|Quark Drive|[silent]\n|\n|upkeep\n|\n|t:|1700311039\n|switch|p2a: Great Tusk|Great Tusk|100\/100\n|turn|17\n|\n|t:|1700311045\n|-terastallize|p2a: Great Tusk|Steel\n|move|p1a: Serperior|Giga Drain|p2a: Great Tusk\n|-resisted|p2a: Great Tusk\n|-crit|p2a: Great Tusk\n|-damage|p2a: Great Tusk|0 fnt\n|faint|p2a: Great Tusk\n|-end|p2a: Great Tusk|Protosynthesis|[silent]\n|\n|upkeep\n|\n|t:|1700311052\n|switch|p2a: Garganacl|Garganacl, F|40\/100\n|-damage|p2a: Garganacl|27\/100|[from] Stealth Rock\n|turn|18\n|\n|t:|1700311058\n|move|p1a: Serperior|Giga Drain|p2a: Garganacl\n|-supereffective|p2a: Garganacl\n|-damage|p2a: Garganacl|0 fnt\n|faint|p2a: Garganacl\n|\n|upkeep\n|-message|PixBolado forfeited.\n|\n|win|um_sad2\n|raw|um_sad2's rating: 1227 &rarr; <strong>1255<\/strong><br \/>(+28 for winning)\n|raw|PixBolado's rating: 1269 &rarr; <strong>1241<\/strong><br \/>(-28 for losing)\n|l|\u2606PixBolado\n","uploadtime":1700311068,"views":28,"p1id":"umsad2","p2id":"pixbolado","formatid":"gen9nationaldex","rating":1241,"private":0,"password":""}