{"id":"gen9nationaldex-1995095065","p1":"NDSNEZ rrohsion","p2":"BIGHAXORUSFAN147","format":"[Gen 9] National Dex","log":"|html|<div class=\"broadcast-blue\"><strong>[Gen 9] National Dex is currently suspecting Sneasler! For information on how to participate check out the <a href=\"https:\/\/www.smogon.com\/forums\/threads\/sv-national-dex-suspect-8-just-dance.3731534\/\">suspect thread<\/a>.<\/strong><\/div>\n|j|\u2606NDSNEZ rrohsion\n|j|\u2606BIGHAXORUSFAN147\n|t:|1700521982\n|gametype|singles\n|player|p1|NDSNEZ rrohsion|hapu|1497\n|player|p2|BIGHAXORUSFAN147|grimsley-masters|1584\n|teamsize|p1|6\n|teamsize|p2|6\n|gen|9\n|tier|[Gen 9] National Dex\n|rated|\n|rule|HP Percentage Mod: HP is shown in percentages\n|rule|Endless Battle Clause: Forcing endless battles is banned\n|rule|OHKO Clause: OHKO moves are banned\n|rule|Evasion Clause: Evasion abilities, items, and moves are banned\n|rule|Evasion Abilities Clause: Evasion abilities are banned\n|rule|Evasion Items Clause: Evasion items are banned\n|rule|Evasion Moves Clause: Evasion moves are banned\n|rule|Species Clause: Limit one of each Pok\u00e9mon\n|rule|Sleep Clause Mod: Limit one foe put to sleep\n|clearpoke\n|poke|p1|Kartana|\n|poke|p1|Rillaboom, F|\n|poke|p1|Heatran, M|\n|poke|p1|Landorus-Therian, M|\n|poke|p1|Rotom-Wash|\n|poke|p1|Xurkitree|\n|poke|p2|Sneasler, M|\n|poke|p2|Tapu Koko|\n|poke|p2|Iron Valiant|\n|poke|p2|Gyarados, M|\n|poke|p2|Corviknight, M|\n|poke|p2|Gastrodon, M|\n|teampreview\n|inactive|Battle timer is ON: inactive players will automatically lose when time's up. (requested by NDSNEZ rrohsion)\n|\n|t:|1700522003\n|start\n|switch|p1a: Taxmaker|Heatran, M|100\/100\n|switch|p2a: Tapu Koko|Tapu Koko|100\/100\n|-fieldstart|move: Electric Terrain|[from] ability: Electric Surge|[of] p2a: Tapu Koko\n|turn|1\n|\n|t:|1700522015\n|move|p2a: Tapu Koko|U-turn|p1a: Taxmaker\n|-resisted|p1a: Taxmaker\n|-damage|p1a: Taxmaker|97\/100\n|\n|t:|1700522021\n|switch|p2a: Gastrodon|Gastrodon, M|100\/100|[from] U-turn\n|move|p1a: Taxmaker|Magma Storm|p2a: Gastrodon\n|-resisted|p2a: Gastrodon\n|-damage|p2a: Gastrodon|87\/100\n|-activate|p2a: Gastrodon|move: Magma Storm|[of] p1a: Taxmaker\n|\n|-heal|p1a: Taxmaker|100\/100|[from] item: Leftovers\n|-heal|p2a: Gastrodon|93\/100|[from] item: Leftovers\n|-damage|p2a: Gastrodon|81\/100|[from] move: Magma Storm|[partiallytrapped]\n|upkeep\n|turn|2\n|\n|t:|1700522027\n|switch|p1a: Rising-Edge|Rotom-Wash|100\/100\n|move|p2a: Gastrodon|Stealth Rock|p1a: Rising-Edge\n|-sidestart|p1: NDSNEZ rrohsion|move: Stealth Rock\n|\n|-heal|p2a: Gastrodon|87\/100|[from] item: Leftovers\n|-end|p2a: Gastrodon|Magma Storm|[partiallytrapped]|[silent]\n|upkeep\n|turn|3\n|\n|t:|1700522032\n|move|p1a: Rising-Edge|Will-O-Wisp|p2a: Gastrodon\n|-status|p2a: Gastrodon|brn\n|move|p2a: Gastrodon|Toxic|p1a: Rising-Edge\n|-status|p1a: Rising-Edge|tox\n|\n|-heal|p2a: Gastrodon|93\/100 brn|[from] item: Leftovers\n|-damage|p1a: Rising-Edge|94\/100 tox|[from] psn\n|-damage|p2a: Gastrodon|87\/100 brn|[from] brn\n|upkeep\n|turn|4\n|\n|t:|1700522042\n|switch|p1a: Perfect Pummelling|Rillaboom, F|100\/100\n|-damage|p1a: Perfect Pummelling|88\/100|[from] Stealth Rock\n|-fieldstart|move: Grassy Terrain|[from] ability: Grassy Surge|[of] p1a: Perfect Pummelling\n|move|p2a: Gastrodon|Scald|p1a: Perfect Pummelling\n|-resisted|p1a: Perfect Pummelling\n|-damage|p1a: Perfect Pummelling|74\/100\n|\n|-heal|p1a: Perfect Pummelling|80\/100|[from] Grassy Terrain\n|-heal|p2a: Gastrodon|93\/100 brn|[from] Grassy Terrain\n|-heal|p2a: Gastrodon|99\/100 brn|[from] item: Leftovers\n|-damage|p2a: Gastrodon|93\/100 brn|[from] brn\n|upkeep\n|turn|5\n|\n|t:|1700522049\n|switch|p1a: Taxmaker|Heatran, M|100\/100\n|-damage|p1a: Taxmaker|88\/100|[from] Stealth Rock\n|switch|p2a: Corviknight|Corviknight, M|100\/100\n|-ability|p2a: Corviknight|Pressure\n|\n|-heal|p1a: Taxmaker|94\/100|[from] Grassy Terrain\n|-heal|p1a: Taxmaker|100\/100|[from] item: Leftovers\n|upkeep\n|turn|6\n|\n|t:|1700522059\n|switch|p1a: Perfect Puncturing|Kartana, shiny|100\/100\n|-damage|p1a: Perfect Puncturing|94\/100|[from] Stealth Rock\n|switch|p2a: Gastrodon|Gastrodon, M|93\/100 brn\n|\n|-heal|p1a: Perfect Puncturing|100\/100|[from] Grassy Terrain\n|-heal|p2a: Gastrodon|99\/100 brn|[from] Grassy Terrain\n|-heal|p2a: Gastrodon|100\/100 brn|[from] item: Leftovers\n|-damage|p2a: Gastrodon|94\/100 brn|[from] brn\n|upkeep\n|turn|7\n|\n|t:|1700522068\n|switch|p2a: Corviknight|Corviknight, M|100\/100\n|-ability|p2a: Corviknight|Pressure\n|move|p1a: Perfect Puncturing|Swords Dance|p1a: Perfect Puncturing\n|-boost|p1a: Perfect Puncturing|atk|2\n|\n|upkeep\n|turn|8\n|\n|t:|1700522078\n|-zpower|p1a: Perfect Puncturing\n|move|p1a: Perfect Puncturing|All-Out Pummeling|p2a: Corviknight|[zeffect]\n|-damage|p2a: Corviknight|0 fnt\n|faint|p2a: Corviknight\n|-ability|p1a: Perfect Puncturing|Beast Boost|boost\n|-boost|p1a: Perfect Puncturing|atk|1\n|\n|-fieldend|move: Grassy Terrain\n|upkeep\n|\n|t:|1700522089\n|switch|p2a: Iron Valiant|Iron Valiant, shiny|100\/100\n|turn|9\n|\n|t:|1700522112\n|switch|p1a: Taxmaker|Heatran, M|100\/100\n|-damage|p1a: Taxmaker|88\/100|[from] Stealth Rock\n|-zpower|p2a: Iron Valiant\n|move|p2a: Iron Valiant|All-Out Pummeling|p1a: Taxmaker|[zeffect]\n|-supereffective|p1a: Taxmaker\n|-damage|p1a: Taxmaker|0 fnt\n|faint|p1a: Taxmaker\n|\n|upkeep\n|\n|t:|1700522120\n|switch|p1a: Perfect Pummelling|Rillaboom, F|80\/100\n|-damage|p1a: Perfect Pummelling|68\/100|[from] Stealth Rock\n|-fieldstart|move: Grassy Terrain|[from] ability: Grassy Surge|[of] p1a: Perfect Pummelling\n|turn|10\n|\n|t:|1700522131\n|-terastallize|p1a: Perfect Pummelling|Grass\n|move|p1a: Perfect Pummelling|Grassy Glide|p2a: Iron Valiant\n|-damage|p2a: Iron Valiant|0 fnt\n|faint|p2a: Iron Valiant\n|-end|p2a: Iron Valiant|Quark Drive|[silent]\n|\n|-heal|p1a: Perfect Pummelling|74\/100|[from] Grassy Terrain\n|upkeep\n|\n|t:|1700522139\n|switch|p2a: Tapu Koko|Tapu Koko|100\/100\n|-fieldstart|move: Electric Terrain|[from] ability: Electric Surge|[of] p2a: Tapu Koko\n|turn|11\n|\n|t:|1700522154\n|switch|p1a: Bandorus-Beberian|Landorus-Therian, M|100\/100\n|-damage|p1a: Bandorus-Beberian|88\/100|[from] Stealth Rock\n|-ability|p1a: Bandorus-Beberian|Intimidate|boost\n|-unboost|p2a: Tapu Koko|atk|1\n|move|p2a: Tapu Koko|U-turn|p1a: Bandorus-Beberian\n|-resisted|p1a: Bandorus-Beberian\n|-damage|p1a: Bandorus-Beberian|84\/100\n|-damage|p2a: Tapu Koko|84\/100|[from] item: Rocky Helmet|[of] p1a: Bandorus-Beberian\n|\n|t:|1700522161\n|switch|p2a: Gyarados|Gyarados, M|100\/100|[from] U-turn\n|-ability|p2a: Gyarados|Intimidate|boost\n|-unboost|p1a: Bandorus-Beberian|atk|1\n|\n|upkeep\n|turn|12\n|\n|t:|1700522174\n|move|p2a: Gyarados|Dragon Dance|p2a: Gyarados\n|-boost|p2a: Gyarados|atk|1\n|-boost|p2a: Gyarados|spe|1\n|move|p1a: Bandorus-Beberian|U-turn|p2a: Gyarados\n|-resisted|p2a: Gyarados\n|-damage|p2a: Gyarados|91\/100\n|\n|t:|1700522182\n|switch|p1a: Perfect Pummelling|Rillaboom, F, tera:Grass|74\/100|[from] U-turn\n|-damage|p1a: Perfect Pummelling|62\/100|[from] Stealth Rock\n|-fieldstart|move: Grassy Terrain|[from] ability: Grassy Surge|[of] p1a: Perfect Pummelling\n|\n|-heal|p1a: Perfect Pummelling|68\/100|[from] Grassy Terrain\n|upkeep\n|turn|13\n|\n|t:|1700522195\n|switch|p2a: Tapu Koko|Tapu Koko|84\/100\n|-fieldstart|move: Electric Terrain|[from] ability: Electric Surge|[of] p2a: Tapu Koko\n|move|p1a: Perfect Pummelling|Grassy Glide|p2a: Tapu Koko\n|-damage|p2a: Tapu Koko|0 fnt\n|faint|p2a: Tapu Koko\n|\n|upkeep\n|\n|t:|1700522202\n|switch|p2a: Vote Ban|Sneasler, M|100\/100\n|-enditem|p2a: Vote Ban|Electric Seed\n|-boost|p2a: Vote Ban|def|1|[from] item: Electric Seed\n|turn|14\n|c|\u2606NDSNEZ rrohsion|REAL\n|inactive|BIGHAXORUSFAN147 has 120 seconds left.\n|\n|t:|1700522235\n|switch|p1a: Monostable Xurkit|Xurkitree, shiny|100\/100\n|-damage|p1a: Monostable Xurkit|88\/100|[from] Stealth Rock\n|-terastallize|p2a: Vote Ban|Flying\n|move|p2a: Vote Ban|Swords Dance|p2a: Vote Ban\n|-boost|p2a: Vote Ban|atk|2\n|\n|upkeep\n|turn|15\n|inactive|BIGHAXORUSFAN147 has 120 seconds left.\n|\n|t:|1700522248\n|move|p2a: Vote Ban|Dire Claw|p1a: Monostable Xurkit\n|-damage|p1a: Monostable Xurkit|0 fnt\n|faint|p1a: Monostable Xurkit\n|\n|upkeep\n|\n|t:|1700522252\n|switch|p1a: Bandorus-Beberian|Landorus-Therian, M|84\/100\n|-damage|p1a: Bandorus-Beberian|72\/100|[from] Stealth Rock\n|-ability|p1a: Bandorus-Beberian|Intimidate|boost\n|-unboost|p2a: Vote Ban|atk|1\n|turn|16\n|inactive|BIGHAXORUSFAN147 has 120 seconds left.\n|\n|t:|1700522270\n|move|p2a: Vote Ban|Swords Dance|p2a: Vote Ban\n|-boost|p2a: Vote Ban|atk|2\n|move|p1a: Bandorus-Beberian|U-turn|p2a: Vote Ban\n|-resisted|p2a: Vote Ban\n|-damage|p2a: Vote Ban|88\/100\n|\n|t:|1700522272\n|switch|p1a: Rising-Edge|Rotom-Wash|94\/100 tox|[from] U-turn\n|-damage|p1a: Rising-Edge|82\/100 tox|[from] Stealth Rock\n|\n|-heal|p1a: Rising-Edge|88\/100 tox|[from] item: Leftovers\n|-damage|p1a: Rising-Edge|82\/100 tox|[from] psn\n|upkeep\n|turn|17\n|\n|t:|1700522281\n|move|p2a: Vote Ban|Close Combat|p1a: Rising-Edge\n|-damage|p1a: Rising-Edge|0 fnt\n|-unboost|p2a: Vote Ban|def|1\n|-unboost|p2a: Vote Ban|spd|1\n|faint|p1a: Rising-Edge\n|\n|-fieldend|move: Electric Terrain\n|upkeep\n|\n|t:|1700522289\n|switch|p1a: Perfect Puncturing|Kartana, shiny|100\/100\n|-damage|p1a: Perfect Puncturing|94\/100|[from] Stealth Rock\n|turn|18\n|\n|t:|1700522294\n|switch|p1a: Bandorus-Beberian|Landorus-Therian, M|72\/100\n|-damage|p1a: Bandorus-Beberian|60\/100|[from] Stealth Rock\n|-ability|p1a: Bandorus-Beberian|Intimidate|boost\n|-unboost|p2a: Vote Ban|atk|1\n|move|p2a: Vote Ban|Acrobatics|p1a: Bandorus-Beberian\n|-damage|p1a: Bandorus-Beberian|0 fnt\n|-damage|p2a: Vote Ban|72\/100|[from] item: Rocky Helmet|[of] p1a: Bandorus-Beberian\n|faint|p1a: Bandorus-Beberian\n|\n|upkeep\n|c|\u2606BIGHAXORUSFAN147|yeah if you get reqs you know what to do\n|\n|t:|1700522319\n|switch|p1a: Perfect Pummelling|Rillaboom, F, tera:Grass|68\/100\n|-damage|p1a: Perfect Pummelling|55\/100|[from] Stealth Rock\n|-fieldstart|move: Grassy Terrain|[from] ability: Grassy Surge|[of] p1a: Perfect Pummelling\n|turn|19\n|c|\u2606NDSNEZ rrohsion|i have to hit a roll here\n|c|\u2606BIGHAXORUSFAN147|i'm just testing for a reqs run myself\n|c|\u2606NDSNEZ rrohsion|also ty\n|\n|t:|1700522344\n|move|p1a: Perfect Pummelling|Grassy Glide|p2a: Vote Ban\n|-resisted|p2a: Vote Ban\n|-damage|p2a: Vote Ban|6\/100\n|move|p2a: Vote Ban|Acrobatics|p1a: Perfect Pummelling\n|-supereffective|p1a: Perfect Pummelling\n|-damage|p1a: Perfect Pummelling|0 fnt\n|faint|p1a: Perfect Pummelling\n|\n|upkeep\n|c|\u2606NDSNEZ rrohsion|i misclicked lando instead of washtom\n|c|\u2606NDSNEZ rrohsion|meant to willo\n|c|\u2606NDSNEZ rrohsion|tragic\n|c|\u2606NDSNEZ rrohsion|that was min roll\n|c|\u2606NDSNEZ rrohsion|gg\n|\n|t:|1700522353\n|switch|p1a: Perfect Puncturing|Kartana, shiny|94\/100\n|-damage|p1a: Perfect Puncturing|88\/100|[from] Stealth Rock\n|turn|20\n|c|\u2606BIGHAXORUSFAN147|happens\n|c|\u2606BIGHAXORUSFAN147|gg\n|\n|t:|1700522361\n|move|p2a: Vote Ban|Close Combat|p1a: Perfect Puncturing\n|-supereffective|p1a: Perfect Puncturing\n|-damage|p1a: Perfect Puncturing|0 fnt\n|-unboost|p2a: Vote Ban|def|1\n|-unboost|p2a: Vote Ban|spd|1\n|faint|p1a: Perfect Puncturing\n|\n|win|BIGHAXORUSFAN147\n|raw|NDSNEZ rrohsion's rating: 1497 &rarr; <strong>1482<\/strong><br \/>(-15 for losing)\n|raw|BIGHAXORUSFAN147's rating: 1584 &rarr; <strong>1599<\/strong><br \/>(+15 for winning)\n|l|\u2606NDSNEZ rrohsion\n","uploadtime":1700522372,"views":11,"p1id":"ndsnezrrohsion","p2id":"bighaxorusfan147","formatid":"gen9nationaldex","rating":1482,"private":0,"password":""}