{"id":"gen9nationaldex-1994186510","p1":"Quix_x1","p2":"IceBerryCoffee","format":"[Gen 9] National Dex","log":"|j|\u2606Quix_x1\n|j|\u2606IceBerryCoffee\n|t:|1700416685\n|gametype|singles\n|player|p1|Quix_x1|169|1255\n|player|p2|IceBerryCoffee|2|1301\n|teamsize|p1|6\n|teamsize|p2|6\n|gen|9\n|tier|[Gen 9] National Dex\n|rated|\n|rule|HP Percentage Mod: HP is shown in percentages\n|rule|Endless Battle Clause: Forcing endless battles is banned\n|rule|OHKO Clause: OHKO moves are banned\n|rule|Evasion Clause: Evasion abilities, items, and moves are banned\n|rule|Evasion Abilities Clause: Evasion abilities are banned\n|rule|Evasion Items Clause: Evasion items are banned\n|rule|Evasion Moves Clause: Evasion moves are banned\n|rule|Species Clause: Limit one of each Pok\u00e9mon\n|rule|Sleep Clause Mod: Limit one foe put to sleep\n|clearpoke\n|poke|p1|Torterra, F|\n|poke|p1|Gyarados, M|\n|poke|p1|Scizor, M|\n|poke|p1|Ditto|\n|poke|p1|Gastrodon, M|\n|poke|p1|Deoxys-Defense|\n|poke|p2|Torkoal, M|\n|poke|p2|Buzzwole|\n|poke|p2|Kartana|\n|poke|p2|Blacephalon|\n|poke|p2|Lopunny, F|\n|poke|p2|Krookodile, F|\n|teampreview\n|inactive|Battle timer is ON: inactive players will automatically lose when time's up. (requested by IceBerryCoffee)\n|\n|t:|1700416690\n|start\n|switch|p1a: Scizor|Scizor, M|100\/100\n|switch|p2a: Torkoal|Torkoal, M|100\/100\n|-weather|SunnyDay|[from] ability: Drought|[of] p2a: Torkoal\n|turn|1\n|\n|t:|1700416700\n|switch|p1a: Gyarados|Gyarados, M, shiny|100\/100\n|move|p2a: Torkoal|Shell Smash|p2a: Torkoal\n|-unboost|p2a: Torkoal|def|1\n|-unboost|p2a: Torkoal|spd|1\n|-boost|p2a: Torkoal|atk|2\n|-boost|p2a: Torkoal|spa|2\n|-boost|p2a: Torkoal|spe|2\n|-enditem|p2a: Torkoal|Eject Pack\n|\n|t:|1700416724\n|switch|p2a: Lopunny|Lopunny, F|100\/100\n|\n|-weather|SunnyDay|[upkeep]\n|upkeep\n|turn|2\n|\n|t:|1700416750\n|switch|p1a: Torterra|Torterra, F|100\/100\n|detailschange|p2a: Lopunny|Lopunny-Mega, F\n|-mega|p2a: Lopunny|Lopunny|Lopunnite\n|move|p2a: Lopunny|Fake Out|p1a: Torterra\n|-damage|p1a: Torterra|85\/100\n|-damage|p2a: Lopunny|84\/100|[from] item: Rocky Helmet|[of] p1a: Torterra\n|\n|-weather|SunnyDay|[upkeep]\n|upkeep\n|turn|3\n|\n|t:|1700416763\n|-terastallize|p1a: Torterra|Ground\n|move|p2a: Lopunny|Triple Axel|p1a: Torterra\n|-supereffective|p1a: Torterra\n|-damage|p1a: Torterra|74\/100\n|-damage|p2a: Lopunny|67\/100|[from] item: Rocky Helmet|[of] p1a: Torterra\n|-supereffective|p1a: Torterra\n|-damage|p1a: Torterra|53\/100\n|-damage|p2a: Lopunny|51\/100|[from] item: Rocky Helmet|[of] p1a: Torterra\n|-supereffective|p1a: Torterra\n|-damage|p1a: Torterra|27\/100\n|-damage|p2a: Lopunny|34\/100|[from] item: Rocky Helmet|[of] p1a: Torterra\n|-hitcount|p1a: Torterra|3\n|move|p1a: Torterra|Earthquake|p2a: Lopunny\n|-damage|p2a: Lopunny|0 fnt\n|faint|p2a: Lopunny\n|\n|-weather|SunnyDay|[upkeep]\n|upkeep\n|\n|t:|1700416787\n|switch|p2a: Kartana|Kartana|100\/100\n|turn|4\n|\n|t:|1700416794\n|move|p2a: Kartana|Knock Off|p1a: Torterra\n|-damage|p1a: Torterra|0 fnt\n|-damage|p2a: Kartana|84\/100|[from] item: Rocky Helmet|[of] p1a: Torterra\n|-enditem|p1a: Torterra|Rocky Helmet|[from] move: Knock Off|[of] p2a: Kartana\n|faint|p1a: Torterra\n|-ability|p2a: Kartana|Beast Boost|boost\n|-boost|p2a: Kartana|atk|1\n|\n|-weather|SunnyDay|[upkeep]\n|upkeep\n|\n|t:|1700416804\n|switch|p1a: Ditto|Ditto|100\/100\n|-transform|p1a: Ditto|p2a: Kartana|[from] ability: Imposter\n|turn|5\n|\n|t:|1700416812\n|switch|p2a: Torkoal|Torkoal, M|100\/100\n|move|p1a: Ditto|Sacred Sword|p2a: Torkoal\n|-damage|p2a: Torkoal|54\/100\n|\n|-weather|none\n|upkeep\n|turn|6\n|\n|t:|1700416822\n|switch|p1a: Gyarados|Gyarados, M, shiny|100\/100\n|move|p2a: Torkoal|Explosion|p1a: Gyarados\n|-damage|p1a: Gyarados|36\/100\n|faint|p2a: Torkoal\n|\n|upkeep\n|\n|t:|1700416838\n|switch|p2a: Blacephalon|Blacephalon|100\/100\n|turn|7\n|\n|t:|1700416842\n|move|p2a: Blacephalon|Shadow Ball|p1a: Gyarados\n|-damage|p1a: Gyarados|0 fnt\n|faint|p1a: Gyarados\n|-ability|p2a: Blacephalon|Beast Boost|boost\n|-boost|p2a: Blacephalon|spa|1\n|\n|upkeep\n|\n|t:|1700416847\n|switch|p1a: Ditto|Ditto|100\/100\n|-transform|p1a: Ditto|p2a: Blacephalon|[from] ability: Imposter\n|turn|8\n|\n|t:|1700416854\n|move|p2a: Blacephalon|Shadow Ball|p1a: Ditto\n|-supereffective|p1a: Ditto\n|-crit|p1a: Ditto\n|-damage|p1a: Ditto|0 fnt\n|faint|p1a: Ditto\n|-ability|p2a: Blacephalon|Beast Boost|boost\n|-boost|p2a: Blacephalon|spa|1\n|\n|upkeep\n|\n|t:|1700416862\n|switch|p1a: Deoxys|Deoxys-Defense|100\/100\n|-ability|p1a: Deoxys|Pressure\n|turn|9\n|-message|Quix_x1 forfeited.\n|\n|win|IceBerryCoffee\n|raw|Quix_x1's rating: 1255 &rarr; <strong>1233<\/strong><br \/>(-22 for losing)\n|raw|IceBerryCoffee's rating: 1301 &rarr; <strong>1318<\/strong><br \/>(+17 for winning)\n|l|\u2606Quix_x1\n","uploadtime":1700416871,"views":5,"p1id":"quixx1","p2id":"iceberrycoffee","formatid":"gen9nationaldex","rating":1233,"private":0,"password":""}