{"id":"gen9nationaldex-1997036000","p1":"Theherod","p2":"Senhuder","format":"[Gen 9] National Dex","log":"|html|<div class=\"broadcast-blue\"><strong>[Gen 9] National Dex is currently suspecting Sneasler! For information on how to participate check out the <a href=\"https:\/\/www.smogon.com\/forums\/threads\/sv-national-dex-suspect-8-just-dance.3731534\/\">suspect thread<\/a>.<\/strong><\/div>\n|j|\u2606Theherod\n|j|\u2606Senhuder\n|t:|1700758034\n|gametype|singles\n|player|p1|Theherod|265|\n|player|p2|Senhuder|ash-kalos|\n|teamsize|p1|6\n|teamsize|p2|6\n|gen|9\n|tier|[Gen 9] National Dex\n|rule|HP Percentage Mod: HP is shown in percentages\n|rule|Endless Battle Clause: Forcing endless battles is banned\n|rule|OHKO Clause: OHKO moves are banned\n|rule|Evasion Clause: Evasion abilities, items, and moves are banned\n|rule|Evasion Abilities Clause: Evasion abilities are banned\n|rule|Evasion Items Clause: Evasion items are banned\n|rule|Evasion Moves Clause: Evasion moves are banned\n|rule|Species Clause: Limit one of each Pok\u00e9mon\n|rule|Sleep Clause Mod: Limit one foe put to sleep\n|clearpoke\n|poke|p1|Venusaur, F|\n|poke|p1|Deoxys-Defense|\n|poke|p1|Celesteela|\n|poke|p1|Salamence, M|\n|poke|p1|Snorlax, M|\n|poke|p1|Starmie|\n|poke|p2|Rotom-Wash|\n|poke|p2|Skeledirge, F|\n|poke|p2|Great Tusk|\n|poke|p2|Magnezone|\n|poke|p2|Tyranitar, F|\n|poke|p2|Zapdos|\n|teampreview\n|\n|t:|1700758049\n|start\n|switch|p1a: Salamence|Salamence, M, shiny|100\/100\n|switch|p2a: Great Tusk|Great Tusk|100\/100\n|-ability|p1a: Salamence|Intimidate|boost\n|-unboost|p2a: Great Tusk|atk|1\n|turn|1\n|\n|t:|1700758059\n|move|p1a: Salamence|Dragon Dance|p1a: Salamence\n|-boost|p1a: Salamence|atk|1\n|-boost|p1a: Salamence|spe|1\n|move|p2a: Great Tusk|Ice Spinner|p1a: Salamence\n|-supereffective|p1a: Salamence\n|-damage|p1a: Salamence|23\/100\n|\n|upkeep\n|turn|2\n|\n|t:|1700758070\n|-terastallize|p1a: Salamence|Ground\n|move|p1a: Salamence|Earthquake|p2a: Great Tusk\n|-damage|p2a: Great Tusk|47\/100\n|-damage|p1a: Salamence|13\/100|[from] item: Life Orb\n|move|p2a: Great Tusk|Ice Spinner|p1a: Salamence\n|-supereffective|p1a: Salamence\n|-damage|p1a: Salamence|0 fnt\n|faint|p1a: Salamence\n|\n|upkeep\n|\n|t:|1700758082\n|switch|p1a: Starmie|Starmie, shiny|100\/100\n|turn|3\n|\n|t:|1700758086\n|-end|p2a: Great Tusk|Protosynthesis|[silent]\n|switch|p2a: Rotom|Rotom-Wash|100\/100\n|move|p1a: Starmie|Psyshock|p2a: Rotom\n|-damage|p2a: Rotom|43\/100\n|-damage|p1a: Starmie|91\/100|[from] item: Life Orb\n|\n|-heal|p2a: Rotom|49\/100|[from] item: Leftovers\n|upkeep\n|turn|4\n|\n|t:|1700758119\n|switch|p2a: Tyranitar|Tyranitar, F|100\/100\n|-weather|Sandstorm|[from] ability: Sand Stream|[of] p2a: Tyranitar\n|move|p1a: Starmie|Psyshock|p2a: Tyranitar\n|-immune|p2a: Tyranitar\n|\n|-weather|Sandstorm|[upkeep]\n|-damage|p1a: Starmie|84\/100|[from] Sandstorm\n|upkeep\n|turn|5\n|\n|t:|1700758131\n|move|p1a: Starmie|Scald|p2a: Tyranitar\n|-supereffective|p2a: Tyranitar\n|-damage|p2a: Tyranitar|38\/100\n|-damage|p1a: Starmie|74\/100|[from] item: Life Orb\n|move|p2a: Tyranitar|Knock Off|p1a: Starmie\n|-supereffective|p1a: Starmie\n|-damage|p1a: Starmie|0 fnt\n|-enditem|p1a: Starmie|Life Orb|[from] move: Knock Off|[of] p2a: Tyranitar\n|faint|p1a: Starmie\n|\n|-weather|Sandstorm|[upkeep]\n|upkeep\n|\n|t:|1700758144\n|switch|p1a: Snorlax|Snorlax, M, shiny|100\/100\n|turn|6\n|\n|t:|1700758161\n|detailschange|p2a: Tyranitar|Tyranitar-Mega, F\n|-mega|p2a: Tyranitar|Tyranitar|Tyranitarite\n|move|p2a: Tyranitar|Brick Break|p1a: Snorlax\n|-supereffective|p1a: Snorlax\n|-damage|p1a: Snorlax|53\/100\n|-damage|p2a: Tyranitar|22\/100|[from] item: Rocky Helmet|[of] p1a: Snorlax\n|move|p1a: Snorlax|Pursuit|p2a: Tyranitar\n|-resisted|p2a: Tyranitar\n|-damage|p2a: Tyranitar|18\/100\n|\n|-weather|Sandstorm|[upkeep]\n|-damage|p1a: Snorlax|47\/100|[from] Sandstorm\n|upkeep\n|turn|7\n|c|\u2606Theherod|que mal el predict xd\n|\n|t:|1700758183\n|move|p2a: Tyranitar|Brick Break|p1a: Snorlax\n|-supereffective|p1a: Snorlax\n|-damage|p1a: Snorlax|0 fnt\n|-damage|p2a: Tyranitar|1\/100|[from] item: Rocky Helmet|[of] p1a: Snorlax\n|faint|p1a: Snorlax\n|\n|-weather|Sandstorm|[upkeep]\n|upkeep\n|\n|t:|1700758192\n|switch|p1a: Celesteela|Celesteela, shiny|100\/100\n|turn|8\n|\n|t:|1700758200\n|switch|p2a: Magnezone|Magnezone|100\/100\n|-item|p2a: Magnezone|Air Balloon\n|move|p1a: Celesteela|Air Slash|p2a: Magnezone\n|-resisted|p2a: Magnezone\n|-damage|p2a: Magnezone|94\/100\n|-enditem|p2a: Magnezone|Air Balloon\n|\n|-weather|none\n|upkeep\n|turn|9\n|\n|t:|1700758237\n|move|p1a: Celesteela|Body Slam|p2a: Magnezone\n|-resisted|p2a: Magnezone\n|-damage|p2a: Magnezone|86\/100\n|move|p2a: Magnezone|Iron Defense|p2a: Magnezone\n|-boost|p2a: Magnezone|def|2\n|\n|upkeep\n|turn|10\n|\n|t:|1700758254\n|move|p1a: Celesteela|Body Slam|p2a: Magnezone\n|-resisted|p2a: Magnezone\n|-damage|p2a: Magnezone|82\/100\n|move|p2a: Magnezone|Reflect|p2a: Magnezone\n|-sidestart|p2: Senhuder|Reflect\n|\n|upkeep\n|turn|11\n|\n|t:|1700758260\n|move|p1a: Celesteela|Body Slam|p2a: Magnezone\n|-resisted|p2a: Magnezone\n|-damage|p2a: Magnezone|80\/100\n|move|p2a: Magnezone|Thunderbolt|p1a: Celesteela\n|-supereffective|p1a: Celesteela\n|-damage|p1a: Celesteela|38\/100\n|\n|upkeep\n|turn|12\n|\n|t:|1700758278\n|move|p1a: Celesteela|Protect|p1a: Celesteela\n|-singleturn|p1a: Celesteela|Protect\n|move|p2a: Magnezone|Volt Switch|p1a: Celesteela\n|-activate|p1a: Celesteela|move: Protect\n|\n|upkeep\n|turn|13\n|\n|t:|1700758286\n|move|p1a: Celesteela|Toxic|p2a: Magnezone|[miss]\n|-miss|p1a: Celesteela|p2a: Magnezone\n|move|p2a: Magnezone|Thunderbolt|p1a: Celesteela\n|-supereffective|p1a: Celesteela\n|-damage|p1a: Celesteela|0 fnt\n|faint|p1a: Celesteela\n|\n|upkeep\n|\n|t:|1700758294\n|switch|p1a: Deoxys|Deoxys-Defense|100\/100\n|-ability|p1a: Deoxys|Pressure\n|turn|14\n|\n|t:|1700758308\n|move|p1a: Deoxys|Reflect|p1a: Deoxys\n|-sidestart|p1: Theherod|Reflect\n|move|p2a: Magnezone|Thunderbolt|p1a: Deoxys\n|-damage|p1a: Deoxys|71\/100\n|\n|-heal|p1a: Deoxys|77\/100|[from] item: Leftovers\n|-sideend|p2: Senhuder|Reflect\n|upkeep\n|turn|15\n|\n|t:|1700758326\n|move|p2a: Magnezone|Thunderbolt|p1a: Deoxys\n|-damage|p1a: Deoxys|43\/100\n|move|p1a: Deoxys|Avalanche|p2a: Magnezone\n|-resisted|p2a: Magnezone\n|-damage|p2a: Magnezone|77\/100\n|\n|-heal|p1a: Deoxys|49\/100|[from] item: Leftovers\n|upkeep\n|turn|16\n|\n|t:|1700758336\n|move|p1a: Deoxys|Psychic|p2a: Magnezone\n|-resisted|p2a: Magnezone\n|-damage|p2a: Magnezone|63\/100\n|move|p2a: Magnezone|Thunderbolt|p1a: Deoxys\n|-damage|p1a: Deoxys|17\/100\n|-status|p1a: Deoxys|par\n|\n|-heal|p1a: Deoxys|23\/100 par|[from] item: Leftovers\n|upkeep\n|turn|17\n|\n|t:|1700758348\n|move|p2a: Magnezone|Thunderbolt|p1a: Deoxys\n|-damage|p1a: Deoxys|0 fnt\n|faint|p1a: Deoxys\n|\n|upkeep\n|\n|t:|1700758352\n|switch|p1a: Venusaur|Venusaur, F, shiny|100\/100\n|turn|18\n|\n|t:|1700758362\n|switch|p2a: Zapdos|Zapdos|100\/100\n|-ability|p2a: Zapdos|Pressure\n|detailschange|p1a: Venusaur|Venusaur-Mega, F, shiny\n|-mega|p1a: Venusaur|Venusaur|Venusaurite\n|move|p1a: Venusaur|Energy Ball|p2a: Zapdos\n|-resisted|p2a: Zapdos\n|-damage|p2a: Zapdos|85\/100\n|\n|-sideend|p1: Theherod|Reflect\n|upkeep\n|turn|19\n|\n|t:|1700758372\n|move|p2a: Zapdos|Hurricane|p1a: Venusaur\n|-supereffective|p1a: Venusaur\n|-damage|p1a: Venusaur|18\/100\n|move|p1a: Venusaur|Sleep Powder|p2a: Zapdos\n|-activate|p2a: Zapdos|item: Safety Goggles|Sleep Powder\n|\n|upkeep\n|turn|20\n|\n|t:|1700758381\n|move|p2a: Zapdos|Hurricane|p1a: Venusaur\n|-supereffective|p1a: Venusaur\n|-crit|p1a: Venusaur\n|-damage|p1a: Venusaur|0 fnt\n|faint|p1a: Venusaur\n|\n|win|Senhuder\n|c|\u2606Theherod|gg\n|c|\u2606Senhuder|gg\n|l|\u2606Theherod\n","uploadtime":1700758408,"views":0,"p1id":"theherod","p2id":"senhuder","formatid":"gen9nationaldex","rating":0,"private":0,"password":""}