{"id":"gen9nationaldex-1995837905","p1":"PM4201","p2":"MP1024","format":"[Gen 9] National Dex","log":"|html|<div class=\"broadcast-blue\"><strong>[Gen 9] National Dex is currently suspecting Sneasler! For information on how to participate check out the <a href=\"https:\/\/www.smogon.com\/forums\/threads\/sv-national-dex-suspect-8-just-dance.3731534\/\">suspect thread<\/a>.<\/strong><\/div>\n|j|\u2606PM4201\n|j|\u2606MP1024\n|t:|1700608184\n|gametype|singles\n|player|p1|PM4201|pokemonranger-gen4|\n|player|p2|MP1024|scientist|\n|teamsize|p1|6\n|teamsize|p2|6\n|gen|9\n|tier|[Gen 9] National Dex\n|rule|HP Percentage Mod: HP is shown in percentages\n|rule|Endless Battle Clause: Forcing endless battles is banned\n|rule|OHKO Clause: OHKO moves are banned\n|rule|Evasion Clause: Evasion abilities, items, and moves are banned\n|rule|Evasion Abilities Clause: Evasion abilities are banned\n|rule|Evasion Items Clause: Evasion items are banned\n|rule|Evasion Moves Clause: Evasion moves are banned\n|rule|Species Clause: Limit one of each Pok\u00e9mon\n|rule|Sleep Clause Mod: Limit one foe put to sleep\n|clearpoke\n|poke|p1|Turtonator, F|\n|poke|p1|Metagross|\n|poke|p1|Vikavolt, M|\n|poke|p1|Glalie, F|\n|poke|p1|Lurantis, F|\n|poke|p1|Minior-Green|\n|poke|p2|Mantine, F|\n|poke|p2|Weavile, F|\n|poke|p2|Garchomp, M|\n|poke|p2|Sableye, M|\n|poke|p2|Mismagius, M|\n|poke|p2|Rampardos, F|\n|teampreview\n|inactive|Battle timer is ON: inactive players will automatically lose when time's up. (requested by MP1024)\n|\n|t:|1700608197\n|start\n|switch|p1a: Vikavolt|Vikavolt, M|100\/100\n|switch|p2a: Mantine|Mantine, F|100\/100\n|turn|1\n|\n|t:|1700608204\n|move|p2a: Mantine|Scald|p1a: Vikavolt\n|-damage|p1a: Vikavolt|74\/100\n|move|p1a: Vikavolt|Sticky Web|p2a: Mantine\n|-sidestart|p2: MP1024|move: Sticky Web\n|\n|upkeep\n|turn|2\n|\n|t:|1700608212\n|move|p2a: Mantine|Hurricane|p1a: Vikavolt\n|-damage|p1a: Vikavolt|37\/100\n|move|p1a: Vikavolt|Discharge|p2a: Mantine\n|-supereffective|p2a: Mantine\n|-crit|p2a: Mantine\n|-enditem|p2a: Mantine|Wacan Berry|[eat]\n|-enditem|p2a: Mantine|Wacan Berry|[weaken]\n|-damage|p2a: Mantine|0 fnt\n|faint|p2a: Mantine\n|\n|upkeep\n|\n|t:|1700608226\n|switch|p2a: Weavile|Weavile, F|100\/100\n|-activate|p2a: Weavile|move: Sticky Web\n|-unboost|p2a: Weavile|spe|1\n|-ability|p2a: Weavile|Pressure\n|turn|3\n|\n|t:|1700608232\n|move|p2a: Weavile|Fake Out|p1a: Vikavolt\n|-damage|p1a: Vikavolt|22\/100\n|-enditem|p1a: Vikavolt|Aguav Berry|[eat]\n|-heal|p1a: Vikavolt|55\/100|[from] item: Aguav Berry\n|cant|p1a: Vikavolt|flinch\n|\n|upkeep\n|turn|4\n|\n|t:|1700608242\n|move|p2a: Weavile|Triple Axel|p1a: Vikavolt|[miss]\n|-miss|p2a: Weavile|p1a: Vikavolt\n|move|p1a: Vikavolt|Bug Buzz|p2a: Weavile\n|-supereffective|p2a: Weavile\n|-enditem|p2a: Weavile|Focus Sash\n|-damage|p2a: Weavile|1\/100\n|\n|upkeep\n|turn|5\n|\n|t:|1700608252\n|move|p2a: Weavile|Triple Axel|p1a: Vikavolt\n|-damage|p1a: Vikavolt|45\/100\n|-damage|p1a: Vikavolt|25\/100\n|-damage|p1a: Vikavolt|0 fnt\n|faint|p1a: Vikavolt\n|-hitcount|p1: Vikavolt|3\n|\n|upkeep\n|\n|t:|1700608267\n|switch|p1a: Minior|Minior-Green|100\/100\n|-formechange|p1a: Minior|Minior-Meteor||[from] ability: Shields Down\n|turn|6\n|\n|t:|1700608276\n|move|p2a: Weavile|Knock Off|p1a: Minior\n|-damage|p1a: Minior|41\/100\n|-enditem|p1a: Minior|Normal Gem|[from] move: Knock Off|[of] p2a: Weavile\n|move|p1a: Minior|Double-Edge|p2a: Weavile\n|-damage|p2a: Weavile|0 fnt\n|faint|p2a: Weavile\n|-damage|p1a: Minior|40\/100|[from] Recoil\n|\n|-formechange|p1a: Minior|Minior-Green||[from] ability: Shields Down\n|upkeep\n|\n|t:|1700608291\n|switch|p2a: Sableye|Sableye, M|100\/100\n|-activate|p2a: Sableye|move: Sticky Web\n|-unboost|p2a: Sableye|spe|1\n|turn|7\n|\n|t:|1700608302\n|move|p2a: Sableye|Bulk Up|p2a: Sableye\n|-boost|p2a: Sableye|atk|1\n|-boost|p2a: Sableye|def|1\n|move|p1a: Minior|Autotomize|p1a: Minior\n|-boost|p1a: Minior|spe|2\n|-start|p1a: Minior|Autotomize\n|\n|upkeep\n|turn|8\n|\n|t:|1700608316\n|detailschange|p2a: Sableye|Sableye-Mega, M\n|-mega|p2a: Sableye|Sableye|Sablenite\n|move|p1a: Minior|Acrobatics|p2a: Sableye\n|-damage|p2a: Sableye|67\/100\n|move|p2a: Sableye|Foul Play|p1a: Minior\n|-damage|p1a: Minior|0 fnt\n|faint|p1a: Minior\n|\n|upkeep\n|\n|t:|1700608329\n|switch|p1a: Glalie|Glalie, F|100\/100\n|turn|9\n|\n|t:|1700608339\n|detailschange|p1a: Glalie|Glalie-Mega, F\n|-mega|p1a: Glalie|Glalie|Glalitite\n|move|p1a: Glalie|Body Slam|p2a: Sableye\n|-damage|p2a: Sableye|38\/100\n|-status|p2a: Sableye|par\n|move|p2a: Sableye|Drain Punch|p1a: Glalie\n|-supereffective|p1a: Glalie\n|-damage|p1a: Glalie|15\/100\n|-heal|p2a: Sableye|80\/100 par|[from] drain|[of] p1a: Glalie\n|\n|upkeep\n|turn|10\n|\n|t:|1700608354\n|move|p1a: Glalie|Explosion|p2a: Sableye\n|-damage|p2a: Sableye|0 fnt\n|faint|p1a: Glalie\n|faint|p2a: Sableye\n|\n|upkeep\n|\n|t:|1700608364\n|switch|p1a: Lurantis|Lurantis, F|100\/100\n|switch|p2a: Rampardos|Rampardos, F|100\/100\n|-activate|p2a: Rampardos|move: Sticky Web\n|-unboost|p2a: Rampardos|spe|1\n|turn|11\n|\n|t:|1700608375\n|move|p1a: Lurantis|Leaf Storm|p2a: Rampardos\n|-supereffective|p2a: Rampardos\n|-damage|p2a: Rampardos|0 fnt\n|-boost|p1a: Lurantis|spa|2\n|faint|p2a: Rampardos\n|\n|upkeep\n|\n|t:|1700608383\n|switch|p2a: Mismagius|Mismagius, M|100\/100\n|turn|12\n|\n|t:|1700608392\n|move|p2a: Mismagius|Destiny Bond|p2a: Mismagius\n|-singlemove|p2a: Mismagius|Destiny Bond\n|move|p1a: Lurantis|Leaf Storm|p2a: Mismagius\n|-damage|p2a: Mismagius|0 fnt\n|-boost|p1a: Lurantis|spa|2\n|faint|p2a: Mismagius\n|-activate|p2a: Mismagius|move: Destiny Bond\n|faint|p1a: Lurantis\n|\n|upkeep\n|\n|t:|1700608404\n|switch|p2a: Garchomp|Garchomp, M|100\/100\n|switch|p1a: Turtonator|Turtonator, F|100\/100\n|-activate|p2a: Garchomp|move: Sticky Web\n|-unboost|p2a: Garchomp|spe|1\n|turn|13\n|\n|t:|1700608420\n|move|p2a: Garchomp|Swords Dance|p2a: Garchomp\n|-boost|p2a: Garchomp|atk|2\n|move|p1a: Turtonator|Shell Smash|p1a: Turtonator\n|-unboost|p1a: Turtonator|def|1\n|-unboost|p1a: Turtonator|spd|1\n|-boost|p1a: Turtonator|atk|2\n|-boost|p1a: Turtonator|spa|2\n|-boost|p1a: Turtonator|spe|2\n|-enditem|p1a: Turtonator|White Herb\n|-clearnegativeboost|p1a: Turtonator|[silent]\n|\n|upkeep\n|turn|14\n|\n|t:|1700608435\n|-singleturn|p1a: Turtonator|move: Shell Trap\n|move|p2a: Garchomp|Earthquake|p1a: Turtonator\n|-supereffective|p1a: Turtonator\n|-damage|p1a: Turtonator|0 fnt\n|faint|p1a: Turtonator\n|\n|upkeep\n|\n|t:|1700608443\n|switch|p1a: Metagross|Metagross|100\/100\n|turn|15\n|\n|t:|1700608457\n|move|p2a: Garchomp|Earthquake|p1a: Metagross\n|-supereffective|p1a: Metagross\n|-damage|p1a: Metagross|0 fnt\n|faint|p1a: Metagross\n|\n|win|MP1024\n","uploadtime":1700608473,"views":0,"p1id":"pm4201","p2id":"mp1024","formatid":"gen9nationaldex","rating":0,"private":0,"password":""}