{"id":"gen9nationaldex-1999663496","p1":"Merlin (7DS)","p2":"crab game","format":"[Gen 9] National Dex","log":"|html|<div class=\"broadcast-blue\"><strong>[Gen 9] National Dex is currently suspecting Sneasler! For information on how to participate check out the <a href=\"https:\/\/www.smogon.com\/forums\/threads\/sv-national-dex-suspect-8-just-dance.3731534\/\">suspect thread<\/a>.<\/strong><\/div>\n|j|\u2606Merlin (7DS)\n|j|\u2606crab game\n|t:|1701105758\n|gametype|singles\n|player|p1|Merlin (7DS)|lillie-z|1116\n|player|p2|crab game|red|1197\n|teamsize|p1|6\n|teamsize|p2|6\n|gen|9\n|tier|[Gen 9] National Dex\n|rated|\n|rule|HP Percentage Mod: HP is shown in percentages\n|rule|Endless Battle Clause: Forcing endless battles is banned\n|rule|OHKO Clause: OHKO moves are banned\n|rule|Evasion Clause: Evasion abilities, items, and moves are banned\n|rule|Evasion Abilities Clause: Evasion abilities are banned\n|rule|Evasion Items Clause: Evasion items are banned\n|rule|Evasion Moves Clause: Evasion moves are banned\n|rule|Species Clause: Limit one of each Pok\u00e9mon\n|rule|Sleep Clause Mod: Limit one foe put to sleep\n|clearpoke\n|poke|p1|Appletun, M|\n|poke|p1|Floatzel, M|\n|poke|p1|Tinkaton, F|\n|poke|p1|Chandelure, F|\n|poke|p1|Meloetta|\n|poke|p1|Dragonite, M|\n|poke|p2|Scizor, M|\n|poke|p2|Garganacl, M|\n|poke|p2|Clodsire, F|\n|poke|p2|Zamazenta-*|\n|poke|p2|Ceruledge, M|\n|poke|p2|Maushold|\n|teampreview\n|inactive|Battle timer is ON: inactive players will automatically lose when time's up. (requested by Merlin (7DS))\n|inactive|Merlin (7DS) has 120 seconds left.\n|inactive|Merlin (7DS) has 90 seconds left.\n|\n|t:|1701105824\n|start\n|switch|p1a: Phenomena \ud83c\udfa9|Dragonite, M|100\/100\n|switch|p2a: Clodsire|Clodsire, F|100\/100\n|turn|1\n|\n|t:|1701105829\n|move|p1a: Phenomena \ud83c\udfa9|Earthquake|p2a: Clodsire\n|-supereffective|p2a: Clodsire\n|-damage|p2a: Clodsire|48\/100\n|move|p2a: Clodsire|Toxic|p1a: Phenomena \ud83c\udfa9\n|-status|p1a: Phenomena \ud83c\udfa9|tox\n|\n|-heal|p2a: Clodsire|55\/100|[from] item: Leftovers\n|-damage|p1a: Phenomena \ud83c\udfa9|94\/100 tox|[from] psn\n|upkeep\n|turn|2\n|\n|t:|1701105839\n|move|p1a: Phenomena \ud83c\udfa9|Earthquake|p2a: Clodsire\n|-supereffective|p2a: Clodsire\n|-damage|p2a: Clodsire|0 fnt\n|faint|p2a: Clodsire\n|\n|-damage|p1a: Phenomena \ud83c\udfa9|82\/100 tox|[from] psn\n|upkeep\n|\n|t:|1701105852\n|switch|p2a: Tesora|Scizor, M|100\/100\n|turn|3\n|\n|t:|1701105861\n|detailschange|p2a: Tesora|Scizor-Mega, M\n|-mega|p2a: Tesora|Scizor|Scizorite\n|move|p1a: Phenomena \ud83c\udfa9|Heal Bell|p1a: Phenomena \ud83c\udfa9\n|-activate|p1a: Phenomena \ud83c\udfa9|move: Heal Bell\n|-curestatus|p1a: Phenomena \ud83c\udfa9|tox|[msg]\n|move|p2a: Tesora|Swords Dance|p2a: Tesora\n|-boost|p2a: Tesora|atk|2\n|\n|upkeep\n|turn|4\n|\n|t:|1701105870\n|switch|p1a: Cherry Tree \ud83c\udf52|Appletun, M|100\/100\n|move|p2a: Tesora|Bullet Punch|p1a: Cherry Tree \ud83c\udf52\n|-damage|p1a: Cherry Tree \ud83c\udf52|40\/100\n|\n|-heal|p1a: Cherry Tree \ud83c\udf52|46\/100|[from] item: Leftovers\n|upkeep\n|turn|5\n|\n|t:|1701105876\n|move|p1a: Cherry Tree \ud83c\udf52|Protect|p1a: Cherry Tree \ud83c\udf52\n|-singleturn|p1a: Cherry Tree \ud83c\udf52|Protect\n|move|p2a: Tesora|Bullet Punch|p1a: Cherry Tree \ud83c\udf52\n|-activate|p1a: Cherry Tree \ud83c\udf52|move: Protect\n|\n|-heal|p1a: Cherry Tree \ud83c\udf52|52\/100|[from] item: Leftovers\n|upkeep\n|turn|6\n|\n|t:|1701105883\n|-terastallize|p1a: Cherry Tree \ud83c\udf52|Bug\n|move|p2a: Tesora|Bullet Punch|p1a: Cherry Tree \ud83c\udf52\n|-damage|p1a: Cherry Tree \ud83c\udf52|0 fnt\n|faint|p1a: Cherry Tree \ud83c\udf52\n|\n|upkeep\n|\n|t:|1701105890\n|switch|p1a: Visuvius \ud83c\udf0b|Chandelure, F|100\/100\n|turn|7\n|\n|t:|1701105895\n|switch|p2a: Minecraft|Garganacl, M, shiny|100\/100\n|move|p1a: Visuvius \ud83c\udf0b|Overheat|p2a: Minecraft\n|-resisted|p2a: Minecraft\n|-damage|p2a: Minecraft|71\/100\n|-unboost|p1a: Visuvius \ud83c\udf0b|spa|2\n|\n|-heal|p2a: Minecraft|77\/100|[from] item: Leftovers\n|upkeep\n|turn|8\n|\n|t:|1701105904\n|switch|p1a: Phenomena \ud83c\udfa9|Dragonite, M|82\/100\n|move|p2a: Minecraft|Salt Cure|p1a: Phenomena \ud83c\udfa9\n|-supereffective|p1a: Phenomena \ud83c\udfa9\n|-damage|p1a: Phenomena \ud83c\udfa9|57\/100\n|-start|p1a: Phenomena \ud83c\udfa9|Salt Cure\n|\n|-heal|p2a: Minecraft|83\/100|[from] item: Leftovers\n|-damage|p1a: Phenomena \ud83c\udfa9|44\/100|[from] Salt Cure\n|upkeep\n|turn|9\n|\n|t:|1701105913\n|move|p1a: Phenomena \ud83c\udfa9|Earthquake|p2a: Minecraft\n|-supereffective|p2a: Minecraft\n|-damage|p2a: Minecraft|43\/100\n|move|p2a: Minecraft|Iron Defense|p2a: Minecraft\n|-boost|p2a: Minecraft|def|2\n|\n|-heal|p2a: Minecraft|49\/100|[from] item: Leftovers\n|-damage|p1a: Phenomena \ud83c\udfa9|32\/100|[from] Salt Cure\n|upkeep\n|turn|10\n|\n|t:|1701105922\n|switch|p1a: Erza \ud83d\udd28|Tinkaton, F, shiny|100\/100\n|-ability|p1a: Erza \ud83d\udd28|Mold Breaker\n|move|p2a: Minecraft|Recover|p2a: Minecraft\n|-heal|p2a: Minecraft|99\/100\n|\n|-heal|p2a: Minecraft|100\/100|[from] item: Leftovers\n|upkeep\n|turn|11\n|\n|t:|1701105931\n|switch|p1a: Phenomena \ud83c\udfa9|Dragonite, M|32\/100\n|move|p2a: Minecraft|Salt Cure|p1a: Phenomena \ud83c\udfa9\n|-supereffective|p1a: Phenomena \ud83c\udfa9\n|-damage|p1a: Phenomena \ud83c\udfa9|9\/100\n|-start|p1a: Phenomena \ud83c\udfa9|Salt Cure\n|\n|-damage|p1a: Phenomena \ud83c\udfa9|0 fnt|[from] Salt Cure\n|faint|p1a: Phenomena \ud83c\udfa9\n|upkeep\n|\n|t:|1701105937\n|switch|p1a: Whirl's End \ud83c\udf00|Floatzel, M|100\/100\n|turn|12\n|-message|Merlin (7DS) forfeited.\n|\n|win|crab game\n|raw|Merlin (7DS)'s rating: 1116 &rarr; <strong>1097<\/strong><br \/>(-19 for losing)\n|raw|crab game's rating: 1197 &rarr; <strong>1216<\/strong><br \/>(+19 for winning)\n|l|\u2606Merlin (7DS)\n","uploadtime":1701105949,"views":2,"p1id":"merlin7ds","p2id":"crabgame","formatid":"gen9nationaldex","rating":1097,"private":0,"password":""}