{"id":"gen9nationaldex-2000475547","p1":"RandoTestAccount","p2":"Madow089","format":"[Gen 9] National Dex","log":"|html|<div class=\"broadcast-blue\"><strong>[Gen 9] National Dex is currently suspecting Sneasler! For information on how to participate check out the <a href=\"https:\/\/www.smogon.com\/forums\/threads\/sv-national-dex-suspect-8-just-dance.3731534\/\">suspect thread<\/a>.<\/strong><\/div>\n|j|\u2606RandoTestAccount\n|j|\u2606Madow089\n|t:|1701197936\n|gametype|singles\n|player|p1|RandoTestAccount|pokemonrangerf|1201\n|player|p2|Madow089|gambler|1210\n|teamsize|p1|6\n|teamsize|p2|6\n|gen|9\n|tier|[Gen 9] National Dex\n|rated|\n|rule|HP Percentage Mod: HP is shown in percentages\n|rule|Endless Battle Clause: Forcing endless battles is banned\n|rule|OHKO Clause: OHKO moves are banned\n|rule|Evasion Clause: Evasion abilities, items, and moves are banned\n|rule|Evasion Abilities Clause: Evasion abilities are banned\n|rule|Evasion Items Clause: Evasion items are banned\n|rule|Evasion Moves Clause: Evasion moves are banned\n|rule|Species Clause: Limit one of each Pok\u00e9mon\n|rule|Sleep Clause Mod: Limit one foe put to sleep\n|clearpoke\n|poke|p1|Umbreon, F|\n|poke|p1|Excadrill, F|\n|poke|p1|Corviknight, F|\n|poke|p1|Sableye, F|\n|poke|p1|Tapu Fini|\n|poke|p1|Dragalge, F|\n|poke|p2|Raichu-Alola, M|\n|poke|p2|Tapu Koko|\n|poke|p2|Iron Thorns|\n|poke|p2|Iron Valiant|\n|poke|p2|Weavile, F|\n|poke|p2|Zeraora|\n|teampreview\n|inactive|Battle timer is ON: inactive players will automatically lose when time's up. (requested by Madow089)\n|\n|t:|1701197953\n|start\n|switch|p1a: The Droplet Tear|Tapu Fini, shiny|100\/100\n|switch|p2a: Tapu Koko|Tapu Koko, shiny|100\/100\n|-fieldstart|move: Electric Terrain|[from] ability: Electric Surge|[of] p2a: Tapu Koko\n|-fieldstart|move: Misty Terrain|[from] ability: Misty Surge|[of] p1a: The Droplet Tear\n|turn|1\n|\n|t:|1701197964\n|switch|p1a: The Lonesome One|Excadrill, F, shiny|100\/100\n|-ability|p1a: The Lonesome One|Mold Breaker\n|move|p2a: Tapu Koko|Volt Switch|p1a: The Lonesome One\n|-immune|p1a: The Lonesome One\n|\n|upkeep\n|turn|2\n|\n|t:|1701197980\n|switch|p2a: Weavile|Weavile, F|100\/100\n|-ability|p2a: Weavile|Pressure\n|move|p1a: The Lonesome One|Earthquake|p2a: Weavile\n|-damage|p2a: Weavile|7\/100\n|\n|upkeep\n|turn|3\n|\n|t:|1701197991\n|switch|p1a: Ephialtes Keeper|Corviknight, F, shiny|100\/100\n|-ability|p1a: Ephialtes Keeper|Pressure\n|move|p2a: Weavile|Fake Out|p1a: Ephialtes Keeper\n|-resisted|p1a: Ephialtes Keeper\n|-damage|p1a: Ephialtes Keeper|96\/100\n|-damage|p2a: Weavile|0 fnt|[from] item: Rocky Helmet|[of] p1a: Ephialtes Keeper\n|faint|p2a: Weavile\n|\n|upkeep\n|\n|t:|1701197997\n|switch|p2a: Tapu Koko|Tapu Koko, shiny|100\/100\n|-fieldstart|move: Electric Terrain|[from] ability: Electric Surge|[of] p2a: Tapu Koko\n|turn|4\n|\n|t:|1701198002\n|switch|p1a: The Lonesome One|Excadrill, F, shiny|100\/100\n|-ability|p1a: The Lonesome One|Mold Breaker\n|move|p2a: Tapu Koko|Volt Switch|p1a: The Lonesome One\n|-immune|p1a: The Lonesome One\n|\n|upkeep\n|turn|5\n|\n|t:|1701198024\n|switch|p2a: Iron Valiant|Iron Valiant|100\/100\n|-activate|p2a: Iron Valiant|ability: Quark Drive\n|-start|p2a: Iron Valiant|quarkdrivespe\n|switch|p1a: The Droplet Tear|Tapu Fini, shiny|100\/100\n|-fieldstart|move: Misty Terrain|[from] ability: Misty Surge|[of] p1a: The Droplet Tear\n|-end|p2a: Iron Valiant|Quark Drive\n|\n|upkeep\n|turn|6\n|\n|t:|1701198045\n|move|p2a: Iron Valiant|Spirit Break|p1a: The Droplet Tear\n|-damage|p1a: The Droplet Tear|65\/100\n|-unboost|p1a: The Droplet Tear|spa|1\n|-damage|p2a: Iron Valiant|91\/100|[from] item: Life Orb\n|move|p1a: The Droplet Tear|Moonblast|p2a: Iron Valiant\n|-supereffective|p2a: Iron Valiant\n|-damage|p2a: Iron Valiant|20\/100\n|\n|-heal|p1a: The Droplet Tear|71\/100|[from] item: Leftovers\n|upkeep\n|turn|7\n|\n|t:|1701198053\n|move|p2a: Iron Valiant|Spirit Break|p1a: The Droplet Tear\n|-damage|p1a: The Droplet Tear|31\/100\n|-unboost|p1a: The Droplet Tear|spa|1\n|-damage|p2a: Iron Valiant|11\/100|[from] item: Life Orb\n|move|p1a: The Droplet Tear|Moonblast|p2a: Iron Valiant\n|-supereffective|p2a: Iron Valiant\n|-damage|p2a: Iron Valiant|0 fnt\n|faint|p2a: Iron Valiant\n|-end|p2a: Iron Valiant|Quark Drive|[silent]\n|\n|-heal|p1a: The Droplet Tear|37\/100|[from] item: Leftovers\n|upkeep\n|\n|t:|1701198059\n|switch|p2a: Tapu Koko|Tapu Koko, shiny|100\/100\n|-fieldstart|move: Electric Terrain|[from] ability: Electric Surge|[of] p2a: Tapu Koko\n|turn|8\n|\n|t:|1701198075\n|switch|p2a: Raichu|Raichu-Alola, M|100\/100\n|switch|p1a: The Lonesome One|Excadrill, F, shiny|100\/100\n|-ability|p1a: The Lonesome One|Mold Breaker\n|\n|upkeep\n|turn|9\n|\n|t:|1701198090\n|move|p2a: Raichu|Surf|p1a: The Lonesome One\n|-supereffective|p1a: The Lonesome One\n|-crit|p1a: The Lonesome One\n|-damage|p1a: The Lonesome One|0 fnt\n|faint|p1a: The Lonesome One\n|\n|upkeep\n|\n|t:|1701198098\n|switch|p1a: The Droplet Tear|Tapu Fini, shiny|37\/100\n|-fieldstart|move: Misty Terrain|[from] ability: Misty Surge|[of] p1a: The Droplet Tear\n|turn|10\n|\n|t:|1701198102\n|switch|p2a: Tapu Koko|Tapu Koko, shiny|100\/100\n|-fieldstart|move: Electric Terrain|[from] ability: Electric Surge|[of] p2a: Tapu Koko\n|switch|p1a: Nika Reanukko|Umbreon, F, shiny|100\/100\n|\n|upkeep\n|turn|11\n|\n|t:|1701198116\n|move|p2a: Tapu Koko|Dazzling Gleam|p1a: Nika Reanukko\n|-supereffective|p1a: Nika Reanukko\n|-damage|p1a: Nika Reanukko|64\/100\n|move|p1a: Nika Reanukko|Wish|p1a: Nika Reanukko\n|\n|-heal|p1a: Nika Reanukko|70\/100|[from] item: Leftovers\n|upkeep\n|turn|12\n|\n|t:|1701198126\n|move|p2a: Tapu Koko|Volt Switch|p1a: Nika Reanukko\n|-damage|p1a: Nika Reanukko|52\/100\n|\n|t:|1701198129\n|switch|p2a: Raichu|Raichu-Alola, M|100\/100|[from] Volt Switch\n|move|p1a: Nika Reanukko|Curse|p1a: Nika Reanukko\n|-unboost|p1a: Nika Reanukko|spe|1\n|-boost|p1a: Nika Reanukko|atk|1\n|-boost|p1a: Nika Reanukko|def|1\n|\n|-heal|p1a: Nika Reanukko|100\/100|[from] move: Wish|[wisher] Nika Reanukko\n|upkeep\n|turn|13\n|\n|t:|1701198144\n|move|p2a: Raichu|Rising Voltage|p1a: Nika Reanukko\n|-hint|Rising Voltage's BP doubled on grounded target.\n|-damage|p1a: Nika Reanukko|46\/100\n|move|p1a: Nika Reanukko|Payback|p2a: Raichu\n|-supereffective|p2a: Raichu\n|-damage|p2a: Raichu|0 fnt\n|faint|p2a: Raichu\n|\n|-heal|p1a: Nika Reanukko|52\/100|[from] item: Leftovers\n|upkeep\n|-message|Madow089 forfeited.\n|\n|win|RandoTestAccount\n|raw|RandoTestAccount's rating: 1201 &rarr; <strong>1227<\/strong><br \/>(+26 for winning)\n|raw|Madow089's rating: 1210 &rarr; <strong>1184<\/strong><br \/>(-26 for losing)\n|l|\u2606Madow089\n","uploadtime":1701198170,"views":0,"p1id":"randotestaccount","p2id":"madow089","formatid":"gen9nationaldex","rating":1184,"private":0,"password":""}