{"id":"gen9nationaldex-1988860268","p1":"cyqy06210703","p2":"Pokemon Makster","format":"[Gen 9] National Dex","log":"|j|\u2606cyqy06210703\n|j|\u2606Pokemon Makster\n|t:|1699775649\n|gametype|singles\n|player|p1|cyqy06210703|marnie|1062\n|player|p2|Pokemon Makster|cynthia-gen4|1001\n|teamsize|p1|6\n|teamsize|p2|6\n|gen|9\n|tier|[Gen 9] National Dex\n|rated|\n|rule|HP Percentage Mod: HP is shown in percentages\n|rule|Endless Battle Clause: Forcing endless battles is banned\n|rule|OHKO Clause: OHKO moves are banned\n|rule|Evasion Clause: Evasion abilities, items, and moves are banned\n|rule|Evasion Abilities Clause: Evasion abilities are banned\n|rule|Evasion Items Clause: Evasion items are banned\n|rule|Evasion Moves Clause: Evasion moves are banned\n|rule|Species Clause: Limit one of each Pok\u00e9mon\n|rule|Sleep Clause Mod: Limit one foe put to sleep\n|clearpoke\n|poke|p1|Tapu Lele|\n|poke|p1|Grimmsnarl, M|\n|poke|p1|Garchomp, M|\n|poke|p1|Morpeko, M|\n|poke|p1|Scizor, M|\n|poke|p1|Sneasler, M|\n|poke|p2|Azumarill, M|\n|poke|p2|Breloom, F|\n|poke|p2|Lycanroc-Dusk, M|\n|poke|p2|Scizor, F|\n|poke|p2|Raichu-Alola, F|\n|poke|p2|Scolipede, M|\n|teampreview\n|\n|t:|1699775667\n|start\n|switch|p1a: Scizor|Scizor, M|100\/100\n|switch|p2a: SUBWAY SURFER|Raichu-Alola, F, shiny|100\/100\n|turn|1\n|\n|t:|1699775686\n|detailschange|p1a: Scizor|Scizor-Mega, M\n|-mega|p1a: Scizor|Scizor|Scizorite\n|move|p2a: SUBWAY SURFER|Thunderbolt|p1a: Scizor\n|-damage|p1a: Scizor|60\/100\n|move|p1a: Scizor|U-turn|p2a: SUBWAY SURFER\n|-supereffective|p2a: SUBWAY SURFER\n|-damage|p2a: SUBWAY SURFER|0 fnt\n|faint|p2a: SUBWAY SURFER\n|\n|t:|1699775694\n|switch|p1a: Grimmsnarl|Grimmsnarl, M|100\/100|[from] U-turn\n|\n|upkeep\n|\n|t:|1699775708\n|switch|p2a: Slicer|Scizor, F, shiny|100\/100\n|turn|2\n|\n|t:|1699775724\n|switch|p1a: Garchomp|Garchomp, M|100\/100\n|move|p2a: Slicer|Bullet Punch|p1a: Garchomp\n|-damage|p1a: Garchomp|56\/100\n|-damage|p2a: Slicer|88\/100|[from] ability: Rough Skin|[of] p1a: Garchomp\n|-damage|p2a: Slicer|78\/100|[from] item: Life Orb\n|\n|upkeep\n|turn|3\n|\n|t:|1699775736\n|move|p2a: Slicer|Bullet Punch|p1a: Garchomp\n|-damage|p1a: Garchomp|14\/100\n|-damage|p2a: Slicer|66\/100|[from] ability: Rough Skin|[of] p1a: Garchomp\n|-damage|p2a: Slicer|56\/100|[from] item: Life Orb\n|move|p1a: Garchomp|Fire Blast|p2a: Slicer\n|-supereffective|p2a: Slicer\n|-damage|p2a: Slicer|0 fnt\n|faint|p2a: Slicer\n|\n|upkeep\n|\n|t:|1699775747\n|switch|p2a: Rocky|Lycanroc-Dusk, M, shiny|100\/100\n|turn|4\n|\n|t:|1699775756\n|switch|p1a: Grimmsnarl|Grimmsnarl, M|100\/100\n|move|p2a: Rocky|Accelerock|p1a: Grimmsnarl\n|-damage|p1a: Grimmsnarl|72\/100\n|\n|upkeep\n|turn|5\n|\n|t:|1699775770\n|move|p1a: Grimmsnarl|Reflect|p1a: Grimmsnarl\n|-sidestart|p1: cyqy06210703|Reflect\n|move|p2a: Rocky|Stone Edge|p1a: Grimmsnarl\n|-damage|p1a: Grimmsnarl|42\/100\n|\n|upkeep\n|turn|6\n|\n|t:|1699775779\n|move|p2a: Rocky|Stone Edge|p1a: Grimmsnarl\n|-damage|p1a: Grimmsnarl|13\/100\n|move|p1a: Grimmsnarl|Play Rough|p2a: Rocky|[miss]\n|-miss|p1a: Grimmsnarl|p2a: Rocky\n|\n|upkeep\n|turn|7\n|\n|t:|1699775791\n|move|p2a: Rocky|Stone Edge|p1a: Grimmsnarl\n|-damage|p1a: Grimmsnarl|0 fnt\n|faint|p1a: Grimmsnarl\n|\n|upkeep\n|\n|t:|1699775798\n|switch|p1a: Scizor|Scizor-Mega, M|60\/100\n|turn|8\n|\n|t:|1699775807\n|move|p2a: Rocky|Sucker Punch|p1a: Scizor\n|-damage|p1a: Scizor|48\/100\n|move|p1a: Scizor|Bullet Punch|p2a: Rocky\n|-supereffective|p2a: Rocky\n|-damage|p2a: Rocky|0 fnt\n|faint|p2a: Rocky\n|\n|upkeep\n|inactive|Battle timer is ON: inactive players will automatically lose when time's up. (requested by cyqy06210703)\n|\n|t:|1699775820\n|switch|p2a: Mushroom Man|Breloom, F, shiny|100\/100\n|turn|9\n|\n|t:|1699775826\n|move|p2a: Mushroom Man|Mach Punch|p1a: Scizor\n|-damage|p1a: Scizor|39\/100\n|move|p1a: Scizor|U-turn|p2a: Mushroom Man\n|-damage|p2a: Mushroom Man|48\/100\n|\n|t:|1699775832\n|switch|p1a: Tapu Lele|Tapu Lele|100\/100|[from] U-turn\n|-fieldstart|move: Psychic Terrain|[from] ability: Psychic Surge|[of] p1a: Tapu Lele\n|\n|-sideend|p1: cyqy06210703|Reflect\n|-status|p2a: Mushroom Man|tox|[from] item: Toxic Orb\n|upkeep\n|turn|10\n|\n|t:|1699775851\n|-terastallize|p2a: Mushroom Man|Normal\n|move|p1a: Tapu Lele|Psychic|p2a: Mushroom Man\n|-damage|p2a: Mushroom Man|0 fnt\n|faint|p2a: Mushroom Man\n|\n|upkeep\n|\n|t:|1699775860\n|switch|p2a: Rave|Scolipede, M, shiny|100\/100\n|turn|11\n|\n|t:|1699775868\n|switch|p1a: Garchomp|Garchomp, M|14\/100\n|move|p2a: Rave|Megahorn|p1a: Garchomp\n|-damage|p1a: Garchomp|0 fnt\n|-damage|p2a: Rave|88\/100|[from] ability: Rough Skin|[of] p1a: Garchomp\n|faint|p1a: Garchomp\n|\n|-ability|p2a: Rave|Speed Boost|boost\n|-boost|p2a: Rave|spe|1\n|upkeep\n|\n|t:|1699775877\n|switch|p1a: Sneasler|Sneasler, M, shiny|100\/100\n|-enditem|p1a: Sneasler|Psychic Seed\n|-boost|p1a: Sneasler|spd|1|[from] item: Psychic Seed\n|turn|12\n|\n|t:|1699775893\n|-terastallize|p1a: Sneasler|Flying\n|move|p1a: Sneasler|Acrobatics|p2a: Rave\n|-supereffective|p2a: Rave\n|-damage|p2a: Rave|0 fnt\n|faint|p2a: Rave\n|\n|upkeep\n|\n|t:|1699775902\n|switch|p2a: THICK BOY|Azumarill, M, shiny|100\/100\n|turn|13\n|\n|t:|1699775908\n|move|p1a: Sneasler|Dire Claw|p2a: THICK BOY\n|-supereffective|p2a: THICK BOY\n|-damage|p2a: THICK BOY|20\/100\n|-status|p2a: THICK BOY|psn\n|move|p2a: THICK BOY|Play Rough|p1a: Sneasler\n|-damage|p1a: Sneasler|9\/100\n|\n|-damage|p2a: THICK BOY|7\/100 psn|[from] psn\n|-fieldend|move: Psychic Terrain\n|upkeep\n|turn|14\n|\n|t:|1699775920\n|move|p1a: Sneasler|Dire Claw|p2a: THICK BOY\n|-supereffective|p2a: THICK BOY\n|-damage|p2a: THICK BOY|0 fnt\n|faint|p2a: THICK BOY\n|\n|win|cyqy06210703\n|raw|cyqy06210703's rating: 1062 &rarr; <strong>1087<\/strong><br \/>(+25 for winning)\n|raw|Pokemon Makster's rating: 1001 &rarr; <strong>1000<\/strong><br \/>(-1 for losing)\n","uploadtime":1699775926,"views":4,"p1id":"cyqy06210703","p2id":"pokemonmakster","formatid":"gen9nationaldex","rating":1000,"private":0,"password":""}