{"id":"gen9nationaldex-1990336677","p1":"daniel241595","p2":"Freedom Demon","format":"[Gen 9] National Dex","log":"|j|\u2606daniel241595\n|j|\u2606Freedom Demon\n|t:|1699958698\n|gametype|singles\n|player|p1|daniel241595|gambler|1515\n|player|p2|Freedom Demon|gambler|1550\n|teamsize|p1|6\n|teamsize|p2|6\n|gen|9\n|tier|[Gen 9] National Dex\n|rated|\n|rule|HP Percentage Mod: HP is shown in percentages\n|rule|Endless Battle Clause: Forcing endless battles is banned\n|rule|OHKO Clause: OHKO moves are banned\n|rule|Evasion Clause: Evasion abilities, items, and moves are banned\n|rule|Evasion Abilities Clause: Evasion abilities are banned\n|rule|Evasion Items Clause: Evasion items are banned\n|rule|Evasion Moves Clause: Evasion moves are banned\n|rule|Species Clause: Limit one of each Pok\u00e9mon\n|rule|Sleep Clause Mod: Limit one foe put to sleep\n|clearpoke\n|poke|p1|Arcanine, M|\n|poke|p1|Ampharos, F|\n|poke|p1|Swampert, M|\n|poke|p1|Florges, F|\n|poke|p1|Rillaboom, M|\n|poke|p1|Cetitan, F|\n|poke|p2|Sneasler, M|\n|poke|p2|Hoopa-Unbound|\n|poke|p2|Corviknight, M|\n|poke|p2|Rillaboom, M|\n|poke|p2|Banette, F|\n|poke|p2|Blissey, F|\n|teampreview\n|inactive|Battle timer is ON: inactive players will automatically lose when time's up. (requested by daniel241595)\n|inactive|Freedom Demon has 120 seconds left.\n|\n|t:|1699958743\n|start\n|switch|p1a: Arcanine|Arcanine, M|100\/100\n|switch|p2a: \u72c2\u86ee\u9b54\u5c0a|Hoopa-Unbound|100\/100\n|-ability|p1a: Arcanine|Intimidate|boost\n|-unboost|p2a: \u72c2\u86ee\u9b54\u5c0a|atk|1\n|turn|1\n|\n|t:|1699958758\n|move|p1a: Arcanine|Flare Blitz|p2a: \u72c2\u86ee\u9b54\u5c0a\n|-damage|p2a: \u72c2\u86ee\u9b54\u5c0a|0 fnt\n|faint|p2a: \u72c2\u86ee\u9b54\u5c0a\n|-damage|p1a: Arcanine|69\/100|[from] Recoil\n|\n|upkeep\n|\n|t:|1699958788\n|switch|p2a: Blissey|Blissey, F|100\/100\n|turn|2\n|\n|t:|1699958794\n|switch|p1a: Florges|Florges, F|100\/100\n|move|p2a: Blissey|Soft-Boiled||[still]\n|-fail|p2a: Blissey|heal\n|\n|upkeep\n|turn|3\n|\n|t:|1699958799\n|move|p1a: Florges|Wish|p1a: Florges\n|move|p2a: Blissey|Toxic|p1a: Florges\n|-status|p1a: Florges|tox\n|\n|-damage|p1a: Florges|94\/100 tox|[from] psn\n|upkeep\n|turn|4\n|\n|t:|1699958807\n|switch|p1a: Arcanine|Arcanine, M|69\/100\n|-ability|p1a: Arcanine|Intimidate|boost\n|-unboost|p2a: Blissey|atk|1\n|move|p2a: Blissey|Seismic Toss|p1a: Arcanine\n|-damage|p1a: Arcanine|43\/100\n|\n|-heal|p1a: Arcanine|90\/100|[from] move: Wish|[wisher] Florges\n|upkeep\n|turn|5\n|\n|t:|1699958823\n|-terastallize|p2a: Blissey|Fairy\n|move|p1a: Arcanine|Close Combat|p2a: Blissey\n|-resisted|p2a: Blissey\n|-damage|p2a: Blissey|76\/100\n|-unboost|p1a: Arcanine|def|1\n|-unboost|p1a: Arcanine|spd|1\n|move|p2a: Blissey|Toxic|p1a: Arcanine|[miss]\n|-miss|p2a: Blissey|p1a: Arcanine\n|\n|-heal|p2a: Blissey|82\/100|[from] item: Leftovers\n|upkeep\n|turn|6\n|inactive|Freedom Demon has 120 seconds left.\n|\n|t:|1699958862\n|switch|p1a: Swampert|Swampert, M|100\/100\n|switch|p2a: \u5143\u83b2\u4ed9\u5c0a|Rillaboom, M|100\/100\n|-fieldstart|move: Grassy Terrain|[from] ability: Grassy Surge|[of] p2a: \u5143\u83b2\u4ed9\u5c0a\n|\n|upkeep\n|turn|7\n|\n|t:|1699958878\n|move|p2a: \u5143\u83b2\u4ed9\u5c0a|Wood Hammer|p1a: Swampert\n|-supereffective|p1a: Swampert\n|-damage|p1a: Swampert|0 fnt\n|faint|p1a: Swampert\n|-damage|p2a: \u5143\u83b2\u4ed9\u5c0a|67\/100|[from] Recoil\n|\n|-heal|p2a: \u5143\u83b2\u4ed9\u5c0a|74\/100|[from] Grassy Terrain\n|upkeep\n|\n|t:|1699958884\n|switch|p1a: Rillaboom|Rillaboom, M|100\/100\n|turn|8\n|\n|t:|1699958888\n|move|p1a: Rillaboom|U-turn|p2a: \u5143\u83b2\u4ed9\u5c0a\n|-supereffective|p2a: \u5143\u83b2\u4ed9\u5c0a\n|-damage|p2a: \u5143\u83b2\u4ed9\u5c0a|13\/100\n|\n|t:|1699958894\n|switch|p1a: Arcanine|Arcanine, M|90\/100|[from] U-turn\n|-ability|p1a: Arcanine|Intimidate|boost\n|-unboost|p2a: \u5143\u83b2\u4ed9\u5c0a|atk|1\n|move|p2a: \u5143\u83b2\u4ed9\u5c0a|U-turn|p1a: Arcanine\n|-resisted|p1a: Arcanine\n|-damage|p1a: Arcanine|81\/100\n|\n|t:|1699958911\n|switch|p2a: \u5e7d\u9b42\u9b54\u5c0a|Sneasler, M|100\/100|[from] U-turn\n|-enditem|p2a: \u5e7d\u9b42\u9b54\u5c0a|Grassy Seed\n|-boost|p2a: \u5e7d\u9b42\u9b54\u5c0a|def|1|[from] item: Grassy Seed\n|\n|-heal|p1a: Arcanine|87\/100|[from] Grassy Terrain\n|upkeep\n|turn|9\n|\n|t:|1699958924\n|-terastallize|p1a: Arcanine|Normal\n|move|p1a: Arcanine|Extreme Speed|p2a: \u5e7d\u9b42\u9b54\u5c0a\n|-damage|p2a: \u5e7d\u9b42\u9b54\u5c0a|41\/100\n|move|p2a: \u5e7d\u9b42\u9b54\u5c0a|Close Combat|p1a: Arcanine\n|-supereffective|p1a: Arcanine\n|-damage|p1a: Arcanine|0 fnt\n|-unboost|p2a: \u5e7d\u9b42\u9b54\u5c0a|def|1\n|-unboost|p2a: \u5e7d\u9b42\u9b54\u5c0a|spd|1\n|faint|p1a: Arcanine\n|\n|-heal|p2a: \u5e7d\u9b42\u9b54\u5c0a|47\/100|[from] Grassy Terrain\n|upkeep\n|\n|t:|1699958944\n|switch|p1a: Ampharos|Ampharos, F|100\/100\n|turn|10\n|\n|t:|1699958949\n|detailschange|p1a: Ampharos|Ampharos-Mega, F\n|-mega|p1a: Ampharos|Ampharos|Ampharosite\n|-ability|p1a: Ampharos|Mold Breaker\n|move|p2a: \u5e7d\u9b42\u9b54\u5c0a|Close Combat|p1a: Ampharos\n|-damage|p1a: Ampharos|47\/100\n|-unboost|p2a: \u5e7d\u9b42\u9b54\u5c0a|def|1\n|-unboost|p2a: \u5e7d\u9b42\u9b54\u5c0a|spd|1\n|move|p1a: Ampharos|Volt Switch|p2a: \u5e7d\u9b42\u9b54\u5c0a\n|-damage|p2a: \u5e7d\u9b42\u9b54\u5c0a|0 fnt\n|faint|p2a: \u5e7d\u9b42\u9b54\u5c0a\n|\n|t:|1699958956\n|switch|p1a: Cetitan|Cetitan, F, shiny|100\/100|[from] Volt Switch\n|\n|-fieldend|move: Grassy Terrain\n|upkeep\n|j| Ghha\n|inactive|Freedom Demon has 120 seconds left.\n|\n|t:|1699958989\n|switch|p2a: Banette|Banette, F|100\/100\n|turn|11\n|\n|t:|1699959001\n|switch|p1a: Ampharos|Ampharos-Mega, F|47\/100\n|-ability|p1a: Ampharos|Mold Breaker\n|detailschange|p2a: Banette|Banette-Mega, F\n|-mega|p2a: Banette|Banette|Banettite\n|move|p2a: Banette|Poltergeist|p1a: Ampharos\n|-activate|p1a: Ampharos|move: Poltergeist|Ampharosite\n|-damage|p1a: Ampharos|0 fnt\n|faint|p1a: Ampharos\n|\n|upkeep\n|\n|t:|1699959008\n|switch|p1a: Rillaboom|Rillaboom, M|100\/100\n|-fieldstart|move: Grassy Terrain|[from] ability: Grassy Surge|[of] p1a: Rillaboom\n|turn|12\n|\n|t:|1699959014\n|switch|p2a: \u76d7\u5929\u9b54\u5c0a|Corviknight, M|100\/100\n|-ability|p2a: \u76d7\u5929\u9b54\u5c0a|Pressure\n|move|p1a: Rillaboom|U-turn|p2a: \u76d7\u5929\u9b54\u5c0a\n|-resisted|p2a: \u76d7\u5929\u9b54\u5c0a\n|-damage|p2a: \u76d7\u5929\u9b54\u5c0a|95\/100\n|-damage|p1a: Rillaboom|84\/100|[from] item: Rocky Helmet|[of] p2a: \u76d7\u5929\u9b54\u5c0a\n|\n|t:|1699959017\n|switch|p1a: Cetitan|Cetitan, F, shiny|100\/100|[from] U-turn\n|\n|upkeep\n|turn|13\n|\n|t:|1699959021\n|move|p1a: Cetitan|Belly Drum|p1a: Cetitan\n|-damage|p1a: Cetitan|50\/100\n|-setboost|p1a: Cetitan|atk|6|[from] move: Belly Drum\n|move|p2a: \u76d7\u5929\u9b54\u5c0a|U-turn|p1a: Cetitan\n|-damage|p1a: Cetitan|36\/100\n|\n|t:|1699959024\n|switch|p2a: Banette|Banette-Mega, F|100\/100|[from] U-turn\n|\n|-heal|p1a: Cetitan|42\/100|[from] Grassy Terrain\n|upkeep\n|turn|14\n|\n|t:|1699959027\n|move|p1a: Cetitan|Ice Shard|p2a: Banette\n|-damage|p2a: Banette|5\/100\n|move|p2a: Banette|Encore|p1a: Cetitan\n|-start|p1a: Cetitan|Encore\n|\n|-heal|p1a: Cetitan|48\/100|[from] Grassy Terrain\n|-heal|p2a: Banette|11\/100|[from] Grassy Terrain\n|upkeep\n|turn|15\n|\n|t:|1699959038\n|switch|p2a: \u76d7\u5929\u9b54\u5c0a|Corviknight, M|95\/100\n|-ability|p2a: \u76d7\u5929\u9b54\u5c0a|Pressure\n|move|p1a: Cetitan|Ice Shard|p2a: \u76d7\u5929\u9b54\u5c0a\n|-damage|p2a: \u76d7\u5929\u9b54\u5c0a|53\/100\n|\n|-heal|p1a: Cetitan|54\/100|[from] Grassy Terrain\n|upkeep\n|turn|16\n|\n|t:|1699959054\n|move|p1a: Cetitan|Ice Shard|p2a: \u76d7\u5929\u9b54\u5c0a\n|-damage|p2a: \u76d7\u5929\u9b54\u5c0a|11\/100\n|move|p2a: \u76d7\u5929\u9b54\u5c0a|Roost|p2a: \u76d7\u5929\u9b54\u5c0a\n|-heal|p2a: \u76d7\u5929\u9b54\u5c0a|61\/100\n|-singleturn|p2a: \u76d7\u5929\u9b54\u5c0a|move: Roost\n|\n|-heal|p1a: Cetitan|60\/100|[from] Grassy Terrain\n|-heal|p2a: \u76d7\u5929\u9b54\u5c0a|67\/100|[from] Grassy Terrain\n|-fieldend|move: Grassy Terrain\n|upkeep\n|turn|17\n|\n|t:|1699959058\n|move|p1a: Cetitan|Ice Shard|p2a: \u76d7\u5929\u9b54\u5c0a\n|-damage|p2a: \u76d7\u5929\u9b54\u5c0a|23\/100\n|move|p2a: \u76d7\u5929\u9b54\u5c0a|U-turn|p1a: Cetitan\n|-damage|p1a: Cetitan|46\/100\n|\n|t:|1699959072\n|switch|p2a: Blissey|Blissey, F, tera:Fairy|82\/100|[from] U-turn\n|\n|-heal|p2a: Blissey|88\/100|[from] item: Leftovers\n|-end|p1a: Cetitan|Encore\n|upkeep\n|turn|18\n|\n|t:|1699959080\n|move|p1a: Cetitan|Ice Spinner|p2a: Blissey\n|-damage|p2a: Blissey|0 fnt\n|faint|p2a: Blissey\n|\n|upkeep\n|-message|Freedom Demon forfeited.\n|\n|win|daniel241595\n|raw|daniel241595's rating: 1515 &rarr; <strong>1537<\/strong><br \/>(+22 for winning)\n|raw|Freedom Demon's rating: 1550 &rarr; <strong>1528<\/strong><br \/>(-22 for losing)\n|l|\u2606Freedom Demon\n","uploadtime":1699959089,"views":15,"p1id":"daniel241595","p2id":"freedomdemon","formatid":"gen9nationaldex","rating":1528,"private":0,"password":""}