{"id":"gen9nationaldex-1993431336","p1":"HanFong","p2":"CappyPulpy","format":"[Gen 9] National Dex","log":"|j|\u203dHanFong\n|j|\u2606CappyPulpy\n|t:|1700317037\n|gametype|singles\n|player|p1|HanFong|1|1424\n|player|p2|CappyPulpy|1|1484\n|teamsize|p1|6\n|teamsize|p2|6\n|gen|9\n|tier|[Gen 9] National Dex\n|rated|\n|rule|HP Percentage Mod: HP is shown in percentages\n|rule|Endless Battle Clause: Forcing endless battles is banned\n|rule|OHKO Clause: OHKO moves are banned\n|rule|Evasion Clause: Evasion abilities, items, and moves are banned\n|rule|Evasion Abilities Clause: Evasion abilities are banned\n|rule|Evasion Items Clause: Evasion items are banned\n|rule|Evasion Moves Clause: Evasion moves are banned\n|rule|Species Clause: Limit one of each Pok\u00e9mon\n|rule|Sleep Clause Mod: Limit one foe put to sleep\n|clearpoke\n|poke|p1|Sneasler, M|\n|poke|p1|Rillaboom, M|\n|poke|p1|Zapdos|\n|poke|p1|Empoleon, F|\n|poke|p1|Ursaluna, M|\n|poke|p1|Heatran, F|\n|poke|p2|Mawile, M|\n|poke|p2|Hatterene, F|\n|poke|p2|Weavile, M|\n|poke|p2|Rotom-Wash|\n|poke|p2|Garganacl, M|\n|poke|p2|Kyurem|\n|teampreview\n|inactive|Battle timer is ON: inactive players will automatically lose when time's up. (requested by CappyPulpy)\n|\n|t:|1700317046\n|start\n|switch|p1a: Rillaboom|Rillaboom, M|100\/100\n|switch|p2a: Weavile|Weavile, M|100\/100\n|-ability|p2a: Weavile|Pressure\n|-fieldstart|move: Grassy Terrain|[from] ability: Grassy Surge|[of] p1a: Rillaboom\n|turn|1\n|\n|t:|1700317054\n|switch|p1a: Empoleon|Empoleon, F|100\/100\n|move|p2a: Weavile|Triple Axel|p1a: Empoleon\n|-resisted|p1a: Empoleon\n|-damage|p1a: Empoleon|97\/100\n|-damage|p2a: Weavile|84\/100|[from] item: Rocky Helmet|[of] p1a: Empoleon\n|-resisted|p1a: Empoleon\n|-damage|p1a: Empoleon|90\/100\n|-damage|p2a: Weavile|68\/100|[from] item: Rocky Helmet|[of] p1a: Empoleon\n|-resisted|p1a: Empoleon\n|-damage|p1a: Empoleon|78\/100\n|-damage|p2a: Weavile|51\/100|[from] item: Rocky Helmet|[of] p1a: Empoleon\n|-hitcount|p1a: Empoleon|3\n|\n|-heal|p2a: Weavile|57\/100|[from] Grassy Terrain\n|-heal|p1a: Empoleon|85\/100|[from] Grassy Terrain\n|upkeep\n|turn|2\n|\n|t:|1700317060\n|switch|p2a: Rotom|Rotom-Wash|100\/100\n|move|p1a: Empoleon|Flip Turn|p2a: Rotom\n|-resisted|p2a: Rotom\n|-damage|p2a: Rotom|94\/100\n|\n|t:|1700317063\n|switch|p1a: Rillaboom|Rillaboom, M|100\/100|[from] Flip Turn\n|\n|-heal|p2a: Rotom|99\/100|[from] item: Leftovers\n|upkeep\n|turn|3\n|\n|t:|1700317070\n|-terastallize|p1a: Rillaboom|Grass\n|move|p1a: Rillaboom|Wood Hammer|p2a: Rotom\n|-supereffective|p2a: Rotom\n|-damage|p2a: Rotom|0 fnt\n|faint|p2a: Rotom\n|-damage|p1a: Rillaboom|74\/100|[from] Recoil\n|\n|-heal|p1a: Rillaboom|81\/100|[from] Grassy Terrain\n|upkeep\n|\n|t:|1700317075\n|switch|p2a: Kyurem|Kyurem|100\/100\n|-ability|p2a: Kyurem|Pressure\n|turn|4\n|\n|t:|1700317079\n|move|p2a: Kyurem|Substitute|p2a: Kyurem\n|-start|p2a: Kyurem|Substitute\n|-damage|p2a: Kyurem|76\/100\n|move|p1a: Rillaboom|Knock Off|p2a: Kyurem\n|-end|p2a: Kyurem|Substitute\n|\n|-heal|p2a: Kyurem|82\/100|[from] Grassy Terrain\n|-heal|p1a: Rillaboom|87\/100|[from] Grassy Terrain\n|upkeep\n|turn|5\n|\n|t:|1700317087\n|move|p2a: Kyurem|Freeze-Dry|p1a: Rillaboom\n|-supereffective|p1a: Rillaboom\n|-damage|p1a: Rillaboom|1\/100\n|move|p1a: Rillaboom|Wood Hammer|p2a: Kyurem\n|-resisted|p2a: Kyurem\n|-damage|p2a: Kyurem|17\/100\n|-damage|p1a: Rillaboom|0 fnt|[from] Recoil\n|faint|p1a: Rillaboom\n|\n|-heal|p2a: Kyurem|23\/100|[from] Grassy Terrain\n|-fieldend|move: Grassy Terrain\n|upkeep\n|\n|t:|1700317095\n|switch|p1a: Sneasler|Sneasler, M|100\/100\n|turn|6\n|\n|t:|1700317101\n|move|p1a: Sneasler|Close Combat|p2a: Kyurem\n|-supereffective|p2a: Kyurem\n|-damage|p2a: Kyurem|0 fnt\n|-unboost|p1a: Sneasler|def|1\n|-unboost|p1a: Sneasler|spd|1\n|faint|p2a: Kyurem\n|\n|upkeep\n|\n|t:|1700317109\n|switch|p2a: Mawile|Mawile, M|100\/100\n|-ability|p2a: Mawile|Intimidate|boost\n|-unboost|p1a: Sneasler|atk|1\n|turn|7\n|\n|t:|1700317116\n|switch|p1a: Heatran|Heatran, F|100\/100\n|detailschange|p2a: Mawile|Mawile-Mega, M\n|-mega|p2a: Mawile|Mawile|Mawilite\n|move|p2a: Mawile|Play Rough|p1a: Heatran\n|-resisted|p1a: Heatran\n|-damage|p1a: Heatran|83\/100\n|\n|-heal|p1a: Heatran|89\/100|[from] item: Leftovers\n|upkeep\n|turn|8\n|\n|t:|1700317120\n|switch|p2a: Garganacl|Garganacl, M|100\/100\n|move|p1a: Heatran|Magma Storm|p2a: Garganacl\n|-resisted|p2a: Garganacl\n|-damage|p2a: Garganacl|84\/100\n|-activate|p2a: Garganacl|move: Magma Storm|[of] p1a: Heatran\n|\n|-heal|p1a: Heatran|95\/100|[from] item: Leftovers\n|-heal|p2a: Garganacl|90\/100|[from] item: Leftovers\n|-damage|p2a: Garganacl|77\/100|[from] move: Magma Storm|[partiallytrapped]\n|upkeep\n|turn|9\n|\n|t:|1700317126\n|switch|p1a: Ursaluna|Ursaluna, M|100\/100\n|move|p2a: Garganacl|Salt Cure|p1a: Ursaluna\n|-resisted|p1a: Ursaluna\n|-damage|p1a: Ursaluna|95\/100\n|-start|p1a: Ursaluna|Salt Cure\n|\n|-heal|p2a: Garganacl|84\/100|[from] item: Leftovers\n|-damage|p1a: Ursaluna|82\/100|[from] Salt Cure\n|-end|p2a: Garganacl|Magma Storm|[partiallytrapped]|[silent]\n|-status|p1a: Ursaluna|brn|[from] item: Flame Orb\n|upkeep\n|turn|10\n|\n|t:|1700317132\n|switch|p2a: Hatterene|Hatterene, F|100\/100\n|move|p1a: Ursaluna|Headlong Rush|p2a: Hatterene\n|-damage|p2a: Hatterene|17\/100\n|-unboost|p1a: Ursaluna|def|1\n|-unboost|p1a: Ursaluna|spd|1\n|\n|-heal|p2a: Hatterene|23\/100|[from] item: Leftovers\n|-damage|p1a: Ursaluna|76\/100 brn|[from] brn\n|-damage|p1a: Ursaluna|64\/100 brn|[from] Salt Cure\n|upkeep\n|turn|11\n|\n|t:|1700317136\n|move|p1a: Ursaluna|Trailblaze|p2a: Hatterene\n|-damage|p2a: Hatterene|0 fnt\n|-boost|p1a: Ursaluna|spe|1\n|faint|p2a: Hatterene\n|\n|-damage|p1a: Ursaluna|57\/100 brn|[from] brn\n|-damage|p1a: Ursaluna|45\/100 brn|[from] Salt Cure\n|upkeep\n|\n|t:|1700317139\n|switch|p2a: Mawile|Mawile-Mega, M|100\/100\n|turn|12\n|\n|t:|1700317144\n|move|p2a: Mawile|Sucker Punch|p1a: Ursaluna\n|-damage|p1a: Ursaluna|0 fnt\n|faint|p1a: Ursaluna\n|\n|upkeep\n|\n|t:|1700317151\n|switch|p1a: Empoleon|Empoleon, F|85\/100\n|turn|13\n|\n|t:|1700317153\n|move|p2a: Mawile|Brick Break|p1a: Empoleon\n|-supereffective|p1a: Empoleon\n|-damage|p1a: Empoleon|0 fnt\n|-damage|p2a: Mawile|84\/100|[from] item: Rocky Helmet|[of] p1a: Empoleon\n|faint|p1a: Empoleon\n|\n|upkeep\n|\n|t:|1700317157\n|switch|p1a: Heatran|Heatran, F|95\/100\n|turn|14\n|\n|t:|1700317160\n|switch|p2a: Garganacl|Garganacl, M|84\/100\n|move|p1a: Heatran|Magma Storm|p2a: Garganacl\n|-resisted|p2a: Garganacl\n|-crit|p2a: Garganacl\n|-damage|p2a: Garganacl|61\/100\n|-activate|p2a: Garganacl|move: Magma Storm|[of] p1a: Heatran\n|\n|-heal|p1a: Heatran|100\/100|[from] item: Leftovers\n|-heal|p2a: Garganacl|67\/100|[from] item: Leftovers\n|-damage|p2a: Garganacl|55\/100|[from] move: Magma Storm|[partiallytrapped]\n|upkeep\n|turn|15\n|\n|t:|1700317164\n|move|p1a: Heatran|Earth Power|p2a: Garganacl\n|-supereffective|p2a: Garganacl\n|-damage|p2a: Garganacl|14\/100\n|move|p2a: Garganacl|Recover|p2a: Garganacl\n|-heal|p2a: Garganacl|64\/100\n|\n|-heal|p2a: Garganacl|70\/100|[from] item: Leftovers\n|-damage|p2a: Garganacl|58\/100|[from] move: Magma Storm|[partiallytrapped]\n|upkeep\n|turn|16\n|\n|t:|1700317169\n|-terastallize|p2a: Garganacl|Water\n|move|p1a: Heatran|Earth Power|p2a: Garganacl\n|-damage|p2a: Garganacl|37\/100\n|move|p2a: Garganacl|Recover|p2a: Garganacl\n|-heal|p2a: Garganacl|87\/100\n|\n|-heal|p2a: Garganacl|93\/100|[from] item: Leftovers\n|-damage|p2a: Garganacl|80\/100|[from] move: Magma Storm|[partiallytrapped]\n|upkeep\n|turn|17\n|\n|t:|1700317173\n|switch|p1a: Zapdos|Zapdos|100\/100\n|move|p2a: Garganacl|Salt Cure|p1a: Zapdos\n|-supereffective|p1a: Zapdos\n|-damage|p1a: Zapdos|79\/100\n|-start|p1a: Zapdos|Salt Cure\n|\n|-heal|p2a: Garganacl|87\/100|[from] item: Leftovers\n|-damage|p1a: Zapdos|66\/100|[from] Salt Cure\n|-end|p2a: Garganacl|Magma Storm|[partiallytrapped]|[silent]\n|upkeep\n|turn|18\n|\n|t:|1700317179\n|move|p1a: Zapdos|Volt Switch|p2a: Garganacl\n|-supereffective|p2a: Garganacl\n|-damage|p2a: Garganacl|43\/100\n|\n|t:|1700317183\n|switch|p1a: Sneasler|Sneasler, M|100\/100|[from] Volt Switch\n|move|p2a: Garganacl|Stealth Rock|p1a: Sneasler\n|-sidestart|p1: HanFong|move: Stealth Rock\n|\n|-heal|p2a: Garganacl|49\/100|[from] item: Leftovers\n|upkeep\n|turn|19\n|\n|t:|1700317188\n|move|p1a: Sneasler|Swords Dance|p1a: Sneasler\n|-boost|p1a: Sneasler|atk|2\n|move|p2a: Garganacl|Recover|p2a: Garganacl\n|-heal|p2a: Garganacl|99\/100\n|\n|-heal|p2a: Garganacl|100\/100|[from] item: Leftovers\n|upkeep\n|turn|20\n|\n|t:|1700317190\n|move|p1a: Sneasler|Close Combat|p2a: Garganacl\n|-damage|p2a: Garganacl|11\/100\n|-unboost|p1a: Sneasler|def|1\n|-unboost|p1a: Sneasler|spd|1\n|move|p2a: Garganacl|Salt Cure|p1a: Sneasler\n|-resisted|p1a: Sneasler\n|-damage|p1a: Sneasler|84\/100\n|-start|p1a: Sneasler|Salt Cure\n|\n|-heal|p2a: Garganacl|18\/100|[from] item: Leftovers\n|-damage|p1a: Sneasler|71\/100|[from] Salt Cure\n|upkeep\n|turn|21\n|\n|t:|1700317194\n|move|p2a: Garganacl|Protect|p2a: Garganacl\n|-singleturn|p2a: Garganacl|Protect\n|move|p1a: Sneasler|Close Combat|p2a: Garganacl\n|-activate|p2a: Garganacl|move: Protect\n|\n|-heal|p2a: Garganacl|24\/100|[from] item: Leftovers\n|-damage|p1a: Sneasler|59\/100|[from] Salt Cure\n|upkeep\n|turn|22\n|\n|t:|1700317200\n|move|p1a: Sneasler|Dire Claw|p2a: Garganacl\n|-damage|p2a: Garganacl|0 fnt\n|faint|p2a: Garganacl\n|\n|-damage|p1a: Sneasler|47\/100|[from] Salt Cure\n|upkeep\n|\n|t:|1700317203\n|switch|p2a: Mawile|Mawile-Mega, M|84\/100\n|turn|23\n|\n|t:|1700317208\n|move|p1a: Sneasler|Close Combat|p2a: Mawile\n|-damage|p2a: Mawile|0 fnt\n|-unboost|p1a: Sneasler|def|1\n|-unboost|p1a: Sneasler|spd|1\n|faint|p2a: Mawile\n|\n|-damage|p1a: Sneasler|34\/100|[from] Salt Cure\n|upkeep\n|-message|CappyPulpy forfeited.\n|\n|win|HanFong\n|raw|HanFong's rating: 1424 &rarr; <strong>1447<\/strong><br \/>(+23 for winning)\n|raw|CappyPulpy's rating: 1484 &rarr; <strong>1461<\/strong><br \/>(-23 for losing)\n|l|\u2606CappyPulpy\n","uploadtime":1700317215,"views":16,"p1id":"hanfong","p2id":"cappypulpy","formatid":"gen9nationaldex","rating":1447,"private":0,"password":""}