{"id":"gen9nationaldex-1998040999","p1":"SpecsGastr0","p2":"seeingex","format":"[Gen 9] National Dex","log":"|html|<div class=\"broadcast-blue\"><strong>[Gen 9] National Dex is currently suspecting Sneasler! For information on how to participate check out the <a href=\"https:\/\/www.smogon.com\/forums\/threads\/sv-national-dex-suspect-8-just-dance.3731534\/\">suspect thread<\/a>.<\/strong><\/div>\n|j|\u2606SpecsGastr0\n|j|\u2606seeingex\n|t:|1700882540\n|gametype|singles\n|player|p1|SpecsGastr0|colress|1139\n|player|p2|seeingex|roxie|1193\n|teamsize|p1|6\n|teamsize|p2|6\n|gen|9\n|tier|[Gen 9] National Dex\n|rated|\n|rule|HP Percentage Mod: HP is shown in percentages\n|rule|Endless Battle Clause: Forcing endless battles is banned\n|rule|OHKO Clause: OHKO moves are banned\n|rule|Evasion Clause: Evasion abilities, items, and moves are banned\n|rule|Evasion Abilities Clause: Evasion abilities are banned\n|rule|Evasion Items Clause: Evasion items are banned\n|rule|Evasion Moves Clause: Evasion moves are banned\n|rule|Species Clause: Limit one of each Pok\u00e9mon\n|rule|Sleep Clause Mod: Limit one foe put to sleep\n|clearpoke\n|poke|p1|Ninjask, M|\n|poke|p1|Mawile, F|\n|poke|p1|Minior|\n|poke|p1|Tapu Lele|\n|poke|p1|Armarouge, F|\n|poke|p1|Toedscruel, M|\n|poke|p2|Weavile, F|\n|poke|p2|Volcanion|\n|poke|p2|Gliscor, F|\n|poke|p2|Slowking-Galar, M|\n|poke|p2|Iron Valiant|\n|poke|p2|Banette, F|\n|teampreview\n|inactive|Battle timer is ON: inactive players will automatically lose when time's up. (requested by seeingex)\n|\n|t:|1700882558\n|start\n|switch|p1a: SPIRE 16|Toedscruel, M|100\/100\n|switch|p2a: Volcanion|Volcanion|100\/100\n|turn|1\n|\n|t:|1700882572\n|move|p2a: Volcanion|Taunt|p1a: SPIRE 16\n|-start|p1a: SPIRE 16|move: Taunt\n|cant|p1a: SPIRE 16|move: Taunt|Spore\n|\n|upkeep\n|turn|2\n|\n|t:|1700882576\n|switch|p2a: Gliscor|Gliscor, F|100\/100\n|move|p1a: SPIRE 16|Earth Power|p2a: Gliscor\n|-immune|p2a: Gliscor\n|\n|-status|p2a: Gliscor|tox|[from] item: Toxic Orb\n|upkeep\n|turn|3\n|\n|t:|1700882583\n|move|p1a: SPIRE 16|Giga Drain|p2a: Gliscor\n|-damage|p2a: Gliscor|64\/100 tox\n|move|p2a: Gliscor|Stealth Rock|p1a: SPIRE 16\n|-sidestart|p1: SpecsGastr0|move: Stealth Rock\n|\n|-heal|p2a: Gliscor|76\/100 tox|[from] ability: Poison Heal\n|-end|p1a: SPIRE 16|move: Taunt\n|upkeep\n|turn|4\n|\n|t:|1700882590\n|move|p1a: SPIRE 16|Rapid Spin|p2a: Gliscor\n|-crit|p2a: Gliscor\n|-damage|p2a: Gliscor|69\/100 tox\n|-boost|p1a: SPIRE 16|spe|1\n|-sideend|p1: SpecsGastr0|Stealth Rock|[from] move: Rapid Spin|[of] p1a: SPIRE 16\n|move|p2a: Gliscor|Toxic|p1a: SPIRE 16\n|-status|p1a: SPIRE 16|tox\n|\n|-damage|p1a: SPIRE 16|95\/100 tox|[from] psn\n|-heal|p2a: Gliscor|82\/100 tox|[from] ability: Poison Heal\n|upkeep\n|turn|5\n|\n|t:|1700882617\n|switch|p1a: Potato|Tapu Lele|100\/100\n|-fieldstart|move: Psychic Terrain|[from] ability: Psychic Surge|[of] p1a: Potato\n|move|p2a: Gliscor|Stealth Rock|p1a: Potato\n|-sidestart|p1: SpecsGastr0|move: Stealth Rock\n|\n|-heal|p2a: Gliscor|94\/100 tox|[from] ability: Poison Heal\n|upkeep\n|turn|6\n|\n|t:|1700882628\n|move|p1a: Potato|Psychic|p2a: Gliscor\n|-damage|p2a: Gliscor|22\/100 tox\n|move|p2a: Gliscor|Spikes|p1a: Potato\n|-sidestart|p1: SpecsGastr0|Spikes\n|\n|-heal|p2a: Gliscor|34\/100 tox|[from] ability: Poison Heal\n|upkeep\n|turn|7\n|\n|t:|1700882635\n|move|p2a: Gliscor|Protect|p2a: Gliscor\n|-singleturn|p2a: Gliscor|Protect\n|move|p1a: Potato|Psychic|p2a: Gliscor\n|-activate|p2a: Gliscor|move: Protect\n|\n|-heal|p2a: Gliscor|47\/100 tox|[from] ability: Poison Heal\n|upkeep\n|turn|8\n|\n|t:|1700882642\n|switch|p2a: Weavile|Weavile, F|100\/100\n|-ability|p2a: Weavile|Pressure\n|move|p1a: Potato|Moonblast|p2a: Weavile\n|-supereffective|p2a: Weavile\n|-damage|p2a: Weavile|0 fnt\n|faint|p2a: Weavile\n|\n|upkeep\n|\n|t:|1700882653\n|switch|p2a: Banette|Banette, F|100\/100\n|-item|p1a: Potato|Terrain Extender|[from] ability: Frisk|[of] p2a: Banette|[identify]\n|turn|9\n|inactive|SpecsGastr0 has 120 seconds left.\n|\n|t:|1700882683\n|switch|p1a: SPIRE 16|Toedscruel, M|95\/100 tox\n|detailschange|p2a: Banette|Banette-Mega, F\n|-mega|p2a: Banette|Banette|Banettite\n|move|p2a: Banette|Poltergeist|p1a: SPIRE 16\n|-activate|p1a: SPIRE 16|move: Poltergeist|Heavy-Duty Boots\n|-damage|p1a: SPIRE 16|0 fnt\n|faint|p1a: SPIRE 16\n|\n|upkeep\n|inactive|SpecsGastr0 has 120 seconds left.\n|\n|t:|1700882704\n|switch|p1a: When They Cry|Ninjask, M|100\/100\n|-damage|p1a: When They Cry|50\/100|[from] Stealth Rock\n|turn|10\n|\n|t:|1700882709\n|move|p1a: When They Cry|Substitute|p1a: When They Cry\n|-start|p1a: When They Cry|Substitute\n|-damage|p1a: When They Cry|25\/100\n|-enditem|p1a: When They Cry|Liechi Berry|[eat]\n|-boost|p1a: When They Cry|atk|1|[from] item: Liechi Berry\n|move|p2a: Banette|Poltergeist||[still]\n|-fail|p2a: Banette\n|\n|-ability|p1a: When They Cry|Speed Boost|boost\n|-boost|p1a: When They Cry|spe|1\n|upkeep\n|turn|11\n|inactive|SpecsGastr0 has 120 seconds left.\n|\n|t:|1700882720\n|switch|p2a: Gliscor|Gliscor, F|47\/100 tox\n|move|p1a: When They Cry|Acrobatics|p2a: Gliscor\n|-damage|p2a: Gliscor|0 fnt\n|faint|p2a: Gliscor\n|\n|-ability|p1a: When They Cry|Speed Boost|boost\n|-boost|p1a: When They Cry|spe|1\n|upkeep\n|\n|t:|1700882731\n|switch|p2a: Volcanion|Volcanion|100\/100\n|turn|12\n|\n|t:|1700882737\n|move|p1a: When They Cry|Acrobatics|p2a: Volcanion\n|-damage|p2a: Volcanion|37\/100\n|move|p2a: Volcanion|Steam Eruption|p1a: When They Cry\n|-end|p1a: When They Cry|Substitute\n|\n|-fieldend|move: Psychic Terrain\n|-ability|p1a: When They Cry|Speed Boost|boost\n|-boost|p1a: When They Cry|spe|1\n|upkeep\n|turn|13\n|\n|t:|1700882746\n|move|p1a: When They Cry|Acrobatics|p2a: Volcanion\n|-damage|p2a: Volcanion|0 fnt\n|faint|p2a: Volcanion\n|\n|-ability|p1a: When They Cry|Speed Boost|boost\n|-boost|p1a: When They Cry|spe|1\n|upkeep\n|\n|t:|1700882755\n|switch|p2a: Iron Valiant|Iron Valiant|100\/100\n|turn|14\n|-message|seeingex forfeited.\n|\n|win|SpecsGastr0\n|raw|SpecsGastr0's rating: 1139 &rarr; <strong>1168<\/strong><br \/>(+29 for winning)\n|raw|seeingex's rating: 1193 &rarr; <strong>1164<\/strong><br \/>(-29 for losing)\n|l|\u2606seeingex\n","uploadtime":1700882775,"views":18,"p1id":"specsgastr0","p2id":"seeingex","formatid":"gen9nationaldex","rating":1164,"private":0,"password":""}