{"id":"gen9nationaldex-1987154702","p1":"I_Hate_Zacian789","p2":"221savage","format":"[Gen 9] National Dex","log":"|j|\u2606I_Hate_Zacian789\n|j|\u2606221savage\n|t:|1699560622\n|gametype|singles\n|player|p1|I_Hate_Zacian789|cynthia-gen4|1361\n|player|p2|221savage|1|1313\n|teamsize|p1|6\n|teamsize|p2|6\n|gen|9\n|tier|[Gen 9] National Dex\n|rated|\n|rule|HP Percentage Mod: HP is shown in percentages\n|rule|Endless Battle Clause: Forcing endless battles is banned\n|rule|OHKO Clause: OHKO moves are banned\n|rule|Evasion Clause: Evasion abilities, items, and moves are banned\n|rule|Evasion Abilities Clause: Evasion abilities are banned\n|rule|Evasion Items Clause: Evasion items are banned\n|rule|Evasion Moves Clause: Evasion moves are banned\n|rule|Species Clause: Limit one of each Pok\u00e9mon\n|rule|Sleep Clause Mod: Limit one foe put to sleep\n|clearpoke\n|poke|p1|Rillaboom, F|\n|poke|p1|Urshifu-*, M|\n|poke|p1|Incineroar, F|\n|poke|p1|Pelipper, M|\n|poke|p1|Pikachu, F|\n|poke|p1|Bronzong|\n|poke|p2|Crawdaunt, F|\n|poke|p2|Banette, M|\n|poke|p2|Machamp, F|\n|poke|p2|Darmanitan, M|\n|poke|p2|Xurkitree|\n|poke|p2|Serperior, M|\n|teampreview\n|inactive|Battle timer is ON: inactive players will automatically lose when time's up. (requested by I_Hate_Zacian789)\n|\n|t:|1699560641\n|start\n|switch|p1a: Incineroar|Incineroar, F|100\/100\n|switch|p2a: Darmanitan|Darmanitan, M|100\/100\n|-ability|p1a: Incineroar|Intimidate|boost\n|-unboost|p2a: Darmanitan|atk|1\n|turn|1\n|\n|t:|1699560650\n|switch|p2a: Crawdaunt|Crawdaunt, F|100\/100\n|move|p1a: Incineroar|Parting Shot|p2a: Crawdaunt\n|-unboost|p2a: Crawdaunt|atk|1\n|-unboost|p2a: Crawdaunt|spa|1\n|\n|t:|1699560653\n|switch|p1a: Rillaboom|Rillaboom, F|100\/100|[from] Parting Shot\n|-fieldstart|move: Grassy Terrain|[from] ability: Grassy Surge|[of] p1a: Rillaboom\n|\n|upkeep\n|turn|2\n|\n|t:|1699560664\n|switch|p2a: Serperior|Serperior, M|100\/100\n|move|p1a: Rillaboom|U-turn|p2a: Serperior\n|-supereffective|p2a: Serperior\n|-damage|p2a: Serperior|11\/100\n|\n|t:|1699560676\n|switch|p1a: Urshifu|Urshifu-Rapid-Strike, M|100\/100|[from] U-turn\n|\n|-heal|p2a: Serperior|17\/100|[from] Grassy Terrain\n|-heal|p2a: Serperior|23\/100|[from] item: Leftovers\n|upkeep\n|turn|3\n|\n|t:|1699560686\n|move|p1a: Urshifu|U-turn|p2a: Serperior\n|-supereffective|p2a: Serperior\n|-damage|p2a: Serperior|0 fnt\n|faint|p2a: Serperior\n|\n|t:|1699560697\n|switch|p1a: Pelipper|Pelipper, M|100\/100|[from] U-turn\n|-weather|RainDance|[from] ability: Drizzle|[of] p1a: Pelipper\n|\n|-weather|RainDance|[upkeep]\n|upkeep\n|\n|t:|1699560703\n|switch|p2a: Xurkitree|Xurkitree|100\/100\n|turn|4\n|\n|t:|1699560706\n|switch|p1a: Pikachu|Pikachu, F|100\/100\n|-zpower|p2a: Xurkitree\n|move|p2a: Xurkitree|Z-Hypnosis|p1a: Pikachu|[anim]Hypnosis|[miss]\n|-boost|p2a: Xurkitree|spe|1|[zeffect]\n|-miss|p2a: Xurkitree|p1a: Pikachu\n|\n|-weather|RainDance|[upkeep]\n|upkeep\n|turn|5\n|\n|t:|1699560714\n|move|p2a: Xurkitree|Hypnosis|p1a: Pikachu\n|-status|p1a: Pikachu|slp|[from] move: Hypnosis\n|cant|p1a: Pikachu|slp\n|\n|-weather|RainDance|[upkeep]\n|-fieldend|move: Grassy Terrain\n|upkeep\n|turn|6\n|inactive|I_Hate_Zacian789 has 120 seconds left.\n|\n|t:|1699560760\n|switch|p1a: Bronzong|Bronzong|100\/100\n|move|p2a: Xurkitree|Tail Glow|p2a: Xurkitree\n|-boost|p2a: Xurkitree|spa|3\n|\n|-weather|RainDance|[upkeep]\n|upkeep\n|turn|7\n|\n|t:|1699560767\n|-terastallize|p1a: Bronzong|Electric\n|move|p2a: Xurkitree|Thunderbolt|p1a: Bronzong\n|-resisted|p1a: Bronzong\n|-damage|p1a: Bronzong|24\/100\n|move|p1a: Bronzong|Light Screen|p1a: Bronzong\n|-sidestart|p1: I_Hate_Zacian789|move: Light Screen\n|\n|-weather|none\n|upkeep\n|turn|8\n|inactive|I_Hate_Zacian789 has 120 seconds left.\n|\n|t:|1699560784\n|move|p2a: Xurkitree|Tail Glow|p2a: Xurkitree\n|-boost|p2a: Xurkitree|spa|3\n|move|p1a: Bronzong|Psychic|p2a: Xurkitree\n|-damage|p2a: Xurkitree|62\/100\n|\n|upkeep\n|turn|9\n|\n|t:|1699560789\n|move|p2a: Xurkitree|Energy Ball|p1a: Bronzong\n|-damage|p1a: Bronzong|0 fnt\n|faint|p1a: Bronzong\n|\n|upkeep\n|\n|t:|1699560794\n|switch|p1a: Urshifu|Urshifu-Rapid-Strike, M|100\/100\n|turn|10\n|\n|t:|1699560799\n|move|p1a: Urshifu|Surging Strikes|p2a: Xurkitree\n|-crit|p2a: Xurkitree\n|-damage|p2a: Xurkitree|29\/100\n|-crit|p2a: Xurkitree\n|-damage|p2a: Xurkitree|0 fnt\n|faint|p2a: Xurkitree\n|-hitcount|p2: Xurkitree|2\n|\n|upkeep\n|\n|t:|1699560809\n|switch|p2a: Crawdaunt|Crawdaunt, F|100\/100\n|turn|11\n|\n|t:|1699560813\n|switch|p1a: Incineroar|Incineroar, F|100\/100\n|-ability|p1a: Incineroar|Intimidate|boost\n|-unboost|p2a: Crawdaunt|atk|1\n|move|p2a: Crawdaunt|Dragon Dance|p2a: Crawdaunt\n|-boost|p2a: Crawdaunt|atk|1\n|-boost|p2a: Crawdaunt|spe|1\n|\n|upkeep\n|turn|12\n|\n|t:|1699560821\n|switch|p1a: Rillaboom|Rillaboom, F|100\/100\n|-fieldstart|move: Grassy Terrain|[from] ability: Grassy Surge|[of] p1a: Rillaboom\n|move|p2a: Crawdaunt|Crabhammer|p1a: Rillaboom\n|-resisted|p1a: Rillaboom\n|-damage|p1a: Rillaboom|54\/100\n|-damage|p2a: Crawdaunt|91\/100|[from] item: Life Orb\n|\n|-heal|p2a: Crawdaunt|97\/100|[from] Grassy Terrain\n|-heal|p1a: Rillaboom|60\/100|[from] Grassy Terrain\n|upkeep\n|turn|13\n|\n|t:|1699560831\n|switch|p2a: Darmanitan|Darmanitan, M|100\/100\n|move|p1a: Rillaboom|Grassy Glide|p2a: Darmanitan\n|-resisted|p2a: Darmanitan\n|-damage|p2a: Darmanitan|52\/100\n|\n|-heal|p2a: Darmanitan|58\/100|[from] Grassy Terrain\n|-heal|p1a: Rillaboom|66\/100|[from] Grassy Terrain\n|upkeep\n|turn|14\n|\n|t:|1699560840\n|switch|p1a: Pelipper|Pelipper, M|100\/100\n|-weather|RainDance|[from] ability: Drizzle|[of] p1a: Pelipper\n|move|p2a: Darmanitan|U-turn|p1a: Pelipper\n|-resisted|p1a: Pelipper\n|-damage|p1a: Pelipper|85\/100\n|\n|t:|1699560846\n|switch|p2a: Crawdaunt|Crawdaunt, F|97\/100|[from] U-turn\n|\n|-weather|RainDance|[upkeep]\n|-heal|p2a: Crawdaunt|100\/100|[from] Grassy Terrain\n|-sideend|p1: I_Hate_Zacian789|move: Light Screen\n|upkeep\n|turn|15\n|\n|t:|1699560851\n|move|p2a: Crawdaunt|Knock Off|p1a: Pelipper\n|-damage|p1a: Pelipper|0 fnt\n|-enditem|p1a: Pelipper|Heavy-Duty Boots|[from] move: Knock Off|[of] p2a: Crawdaunt\n|faint|p1a: Pelipper\n|-damage|p2a: Crawdaunt|91\/100|[from] item: Life Orb\n|\n|-weather|RainDance|[upkeep]\n|-heal|p2a: Crawdaunt|97\/100|[from] Grassy Terrain\n|upkeep\n|\n|t:|1699560853\n|switch|p1a: Rillaboom|Rillaboom, F|66\/100\n|turn|16\n|\n|t:|1699560859\n|switch|p2a: Banette|Banette, M|100\/100\n|move|p1a: Rillaboom|Grassy Glide|p2a: Banette\n|-damage|p2a: Banette|20\/100\n|\n|-weather|RainDance|[upkeep]\n|-heal|p1a: Rillaboom|73\/100|[from] Grassy Terrain\n|-heal|p2a: Banette|26\/100|[from] Grassy Terrain\n|-fieldend|move: Grassy Terrain\n|upkeep\n|turn|17\n|\n|t:|1699560869\n|switch|p1a: Incineroar|Incineroar, F|100\/100\n|-ability|p1a: Incineroar|Intimidate|boost\n|-unboost|p2a: Banette|atk|1\n|detailschange|p2a: Banette|Banette-Mega, M\n|-mega|p2a: Banette|Banette|Banettite\n|move|p2a: Banette|Will-O-Wisp|p1a: Incineroar\n|-hint|Since gen 7, Dark is immune to Prankster moves.\n|-immune|p1a: Incineroar\n|\n|-weather|RainDance|[upkeep]\n|upkeep\n|turn|18\n|\n|t:|1699560879\n|move|p2a: Banette|Taunt|p1a: Incineroar\n|-hint|Since gen 7, Dark is immune to Prankster moves.\n|-immune|p1a: Incineroar\n|move|p1a: Incineroar|Parting Shot|p2a: Banette\n|-unboost|p2a: Banette|atk|1\n|-unboost|p2a: Banette|spa|1\n|\n|t:|1699560883\n|switch|p1a: Pikachu|Pikachu, F|100\/100 slp|[from] Parting Shot\n|\n|-weather|none\n|upkeep\n|turn|19\n|\n|t:|1699560900\n|switch|p2a: Darmanitan|Darmanitan, M|58\/100\n|cant|p1a: Pikachu|slp\n|\n|upkeep\n|turn|20\n|\n|t:|1699560916\n|switch|p1a: Incineroar|Incineroar, F|100\/100\n|-ability|p1a: Incineroar|Intimidate|boost\n|-unboost|p2a: Darmanitan|atk|1\n|move|p2a: Darmanitan|Flare Blitz|p1a: Incineroar\n|-resisted|p1a: Incineroar\n|-damage|p1a: Incineroar|78\/100\n|-damage|p2a: Darmanitan|50\/100|[from] Recoil\n|\n|upkeep\n|turn|21\n|\n|t:|1699560929\n|switch|p2a: Machamp|Machamp, F|100\/100\n|move|p1a: Incineroar|Parting Shot|p2a: Machamp\n|-unboost|p2a: Machamp|atk|1\n|-unboost|p2a: Machamp|spa|1\n|\n|t:|1699560943\n|switch|p1a: Pikachu|Pikachu, F|100\/100 slp|[from] Parting Shot\n|\n|upkeep\n|turn|22\n|\n|t:|1699560951\n|cant|p1a: Pikachu|slp\n|move|p2a: Machamp|Dynamic Punch|p1a: Pikachu\n|-damage|p1a: Pikachu|0 fnt\n|faint|p1a: Pikachu\n|\n|upkeep\n|\n|t:|1699560962\n|switch|p1a: Incineroar|Incineroar, F|78\/100\n|-ability|p1a: Incineroar|Intimidate|boost\n|-unboost|p2a: Machamp|atk|1\n|turn|23\n|\n|t:|1699560966\n|move|p1a: Incineroar|Will-O-Wisp|p2a: Machamp\n|-status|p2a: Machamp|brn\n|move|p2a: Machamp|Dynamic Punch|p1a: Incineroar\n|-supereffective|p1a: Incineroar\n|-damage|p1a: Incineroar|56\/100\n|-start|p1a: Incineroar|confusion\n|\n|-damage|p2a: Machamp|94\/100 brn|[from] brn\n|upkeep\n|turn|24\n|\n|t:|1699560977\n|-activate|p1a: Incineroar|confusion\n|move|p1a: Incineroar|Parting Shot|p2a: Machamp\n|-unboost|p2a: Machamp|atk|1\n|-unboost|p2a: Machamp|spa|1\n|\n|t:|1699560984\n|switch|p1a: Rillaboom|Rillaboom, F|73\/100|[from] Parting Shot\n|-fieldstart|move: Grassy Terrain|[from] ability: Grassy Surge|[of] p1a: Rillaboom\n|move|p2a: Machamp|Dynamic Punch|p1a: Rillaboom\n|-crit|p1a: Rillaboom\n|-damage|p1a: Rillaboom|30\/100\n|-start|p1a: Rillaboom|confusion\n|\n|-heal|p1a: Rillaboom|37\/100|[from] Grassy Terrain\n|-heal|p2a: Machamp|100\/100 brn|[from] Grassy Terrain\n|-damage|p2a: Machamp|94\/100 brn|[from] brn\n|upkeep\n|turn|25\n|\n|t:|1699561005\n|-activate|p1a: Rillaboom|confusion\n|-damage|p1a: Rillaboom|23\/100|[from] confusion\n|move|p2a: Machamp|Stone Edge|p1a: Rillaboom\n|-damage|p1a: Rillaboom|16\/100\n|\n|-heal|p1a: Rillaboom|22\/100|[from] Grassy Terrain\n|-heal|p2a: Machamp|100\/100 brn|[from] Grassy Terrain\n|-damage|p2a: Machamp|94\/100 brn|[from] brn\n|upkeep\n|turn|26\n|inactive|221savage has 120 seconds left.\n|\n|t:|1699561041\n|switch|p1a: Urshifu|Urshifu-Rapid-Strike, M|100\/100\n|move|p2a: Machamp|Dynamic Punch|p1a: Urshifu\n|-damage|p1a: Urshifu|88\/100\n|-start|p1a: Urshifu|confusion\n|\n|-heal|p1a: Urshifu|95\/100|[from] Grassy Terrain\n|-heal|p2a: Machamp|100\/100 brn|[from] Grassy Terrain\n|-damage|p2a: Machamp|94\/100 brn|[from] brn\n|upkeep\n|turn|27\n|\n|t:|1699561058\n|switch|p2a: Banette|Banette-Mega, M|26\/100\n|-activate|p1a: Urshifu|confusion\n|-damage|p1a: Urshifu|80\/100|[from] confusion\n|\n|-heal|p1a: Urshifu|86\/100|[from] Grassy Terrain\n|-heal|p2a: Banette|32\/100|[from] Grassy Terrain\n|upkeep\n|turn|28\n|\n|t:|1699561070\n|switch|p1a: Incineroar|Incineroar, F|56\/100\n|-ability|p1a: Incineroar|Intimidate|boost\n|-unboost|p2a: Banette|atk|1\n|switch|p2a: Machamp|Machamp, F|94\/100 brn\n|\n|-heal|p1a: Incineroar|62\/100|[from] Grassy Terrain\n|-heal|p2a: Machamp|100\/100 brn|[from] Grassy Terrain\n|-damage|p2a: Machamp|94\/100 brn|[from] brn\n|-fieldend|move: Grassy Terrain\n|upkeep\n|turn|29\n|\n|t:|1699561079\n|move|p1a: Incineroar|Parting Shot|p2a: Machamp\n|-unboost|p2a: Machamp|atk|1\n|-unboost|p2a: Machamp|spa|1\n|\n|t:|1699561081\n|switch|p1a: Urshifu|Urshifu-Rapid-Strike, M|86\/100|[from] Parting Shot\n|move|p2a: Machamp|Dynamic Punch|p1a: Urshifu\n|-damage|p1a: Urshifu|66\/100\n|-start|p1a: Urshifu|confusion\n|\n|-damage|p2a: Machamp|88\/100 brn|[from] brn\n|upkeep\n|turn|30\n|inactive|221savage has 120 seconds left.\n|\n|t:|1699561096\n|switch|p2a: Crawdaunt|Crawdaunt, F|97\/100\n|-activate|p1a: Urshifu|confusion\n|move|p1a: Urshifu|Surging Strikes|p2a: Crawdaunt\n|-resisted|p2a: Crawdaunt\n|-crit|p2a: Crawdaunt\n|-damage|p2a: Crawdaunt|80\/100\n|-resisted|p2a: Crawdaunt\n|-crit|p2a: Crawdaunt\n|-damage|p2a: Crawdaunt|63\/100\n|-resisted|p2a: Crawdaunt\n|-crit|p2a: Crawdaunt\n|-damage|p2a: Crawdaunt|48\/100\n|-hitcount|p2a: Crawdaunt|3\n|\n|upkeep\n|turn|31\n|inactive|221savage has 120 seconds left.\n|\n|t:|1699561127\n|switch|p1a: Incineroar|Incineroar, F|62\/100\n|-ability|p1a: Incineroar|Intimidate|boost\n|-unboost|p2a: Crawdaunt|atk|1\n|move|p2a: Crawdaunt|Crabhammer|p1a: Incineroar\n|-supereffective|p1a: Incineroar\n|-damage|p1a: Incineroar|0 fnt\n|faint|p1a: Incineroar\n|-damage|p2a: Crawdaunt|38\/100|[from] item: Life Orb\n|\n|upkeep\n|\n|t:|1699561129\n|switch|p1a: Rillaboom|Rillaboom, F|22\/100\n|-fieldstart|move: Grassy Terrain|[from] ability: Grassy Surge|[of] p1a: Rillaboom\n|turn|32\n|\n|t:|1699561141\n|move|p1a: Rillaboom|Grassy Glide|p2a: Crawdaunt\n|-supereffective|p2a: Crawdaunt\n|-damage|p2a: Crawdaunt|0 fnt\n|faint|p2a: Crawdaunt\n|\n|-heal|p1a: Rillaboom|28\/100|[from] Grassy Terrain\n|upkeep\n|\n|t:|1699561151\n|switch|p2a: Banette|Banette-Mega, M|32\/100\n|turn|33\n|\n|t:|1699561157\n|move|p1a: Rillaboom|Grassy Glide|p2a: Banette\n|-damage|p2a: Banette|0 fnt\n|faint|p2a: Banette\n|\n|-heal|p1a: Rillaboom|35\/100|[from] Grassy Terrain\n|upkeep\n|\n|t:|1699561166\n|switch|p2a: Darmanitan|Darmanitan, M|50\/100\n|turn|34\n|\n|t:|1699561177\n|move|p1a: Rillaboom|Grassy Glide|p2a: Darmanitan\n|-resisted|p2a: Darmanitan\n|-damage|p2a: Darmanitan|7\/100\n|move|p2a: Darmanitan|Flare Blitz|p1a: Rillaboom\n|-supereffective|p1a: Rillaboom\n|-damage|p1a: Rillaboom|0 fnt\n|faint|p1a: Rillaboom\n|-damage|p2a: Darmanitan|0 fnt|[from] Recoil\n|faint|p2a: Darmanitan\n|\n|upkeep\n|\n|t:|1699561183\n|switch|p2a: Machamp|Machamp, F|88\/100 brn\n|switch|p1a: Urshifu|Urshifu-Rapid-Strike, M|66\/100\n|turn|35\n|\n|t:|1699561187\n|-terastallize|p2a: Machamp|Fighting\n|move|p1a: Urshifu|Surging Strikes|p2a: Machamp\n|-crit|p2a: Machamp\n|-damage|p2a: Machamp|66\/100 brn\n|-crit|p2a: Machamp\n|-damage|p2a: Machamp|40\/100 brn\n|-crit|p2a: Machamp\n|-damage|p2a: Machamp|18\/100 brn\n|-hitcount|p2a: Machamp|3\n|move|p2a: Machamp|Dynamic Punch|p1a: Urshifu\n|-damage|p1a: Urshifu|27\/100\n|-start|p1a: Urshifu|confusion\n|\n|-heal|p1a: Urshifu|33\/100|[from] Grassy Terrain\n|-heal|p2a: Machamp|24\/100 brn|[from] Grassy Terrain\n|-damage|p2a: Machamp|18\/100 brn|[from] brn\n|upkeep\n|turn|36\n|\n|t:|1699561198\n|-activate|p1a: Urshifu|confusion\n|-damage|p1a: Urshifu|17\/100|[from] confusion\n|move|p2a: Machamp|Dynamic Punch|p1a: Urshifu\n|-damage|p1a: Urshifu|0 fnt\n|faint|p1a: Urshifu\n|\n|win|221savage\n|raw|I_Hate_Zacian789's rating: 1361 &rarr; <strong>1338<\/strong><br \/>(-23 for losing)\n|raw|221savage's rating: 1313 &rarr; <strong>1336<\/strong><br \/>(+23 for winning)\n|l|\u2606I_Hate_Zacian789\n","uploadtime":1699561206,"views":5,"p1id":"ihatezacian789","p2id":"221savage","formatid":"gen9nationaldex","rating":1336,"private":0,"password":""}