{"id":"gen9nationaldex-1988547056","p1":"Jarl_ jake","p2":"hambroni","format":"[Gen 9] National Dex","log":"|j|\u2606Jarl_ jake\n|j|\u2606hambroni\n|t:|1699734686\n|gametype|singles\n|player|p1|Jarl_ jake|red|1177\n|player|p2|hambroni|lucas|1239\n|teamsize|p1|6\n|teamsize|p2|6\n|gen|9\n|tier|[Gen 9] National Dex\n|rated|\n|rule|HP Percentage Mod: HP is shown in percentages\n|rule|Endless Battle Clause: Forcing endless battles is banned\n|rule|OHKO Clause: OHKO moves are banned\n|rule|Evasion Clause: Evasion abilities, items, and moves are banned\n|rule|Evasion Abilities Clause: Evasion abilities are banned\n|rule|Evasion Items Clause: Evasion items are banned\n|rule|Evasion Moves Clause: Evasion moves are banned\n|rule|Species Clause: Limit one of each Pok\u00e9mon\n|rule|Sleep Clause Mod: Limit one foe put to sleep\n|clearpoke\n|poke|p1|Ninetales-Alola, F|\n|poke|p1|Serperior, F|\n|poke|p1|Salamence, M|\n|poke|p1|Blaziken, M|\n|poke|p1|Blastoise, F|\n|poke|p1|Grimmsnarl, M|\n|poke|p2|Torkoal, M|\n|poke|p2|Charizard, M|\n|poke|p2|Venusaur, M|\n|poke|p2|Cinderace, M|\n|poke|p2|Corviknight, M|\n|poke|p2|Blissey, F|\n|teampreview\n|inactive|Battle timer is ON: inactive players will automatically lose when time's up. (requested by hambroni)\n|\n|t:|1699734708\n|start\n|switch|p1a: Paarthurnax|Salamence, M, shiny|100\/100\n|switch|p2a: Cinderace|Cinderace, M|100\/100\n|turn|1\n|\n|t:|1699734726\n|move|p2a: Cinderace|Gunk Shot|p1a: Paarthurnax\n|-start|p2a: Cinderace|typechange|Poison|[from] ability: Libero\n|-damage|p1a: Paarthurnax|34\/100\n|move|p1a: Paarthurnax|Dragon Dance|p1a: Paarthurnax\n|-boost|p1a: Paarthurnax|atk|1\n|-boost|p1a: Paarthurnax|spe|1\n|\n|upkeep\n|turn|2\n|\n|t:|1699734734\n|switch|p2a: Corviknight|Corviknight, M|100\/100\n|-ability|p2a: Corviknight|Pressure\n|move|p1a: Paarthurnax|Earthquake|p2a: Corviknight\n|-immune|p2a: Corviknight\n|\n|upkeep\n|turn|3\n|\n|t:|1699734742\n|move|p1a: Paarthurnax|Fire Blast|p2a: Corviknight\n|-supereffective|p2a: Corviknight\n|-damage|p2a: Corviknight|43\/100\n|move|p2a: Corviknight|Body Press|p1a: Paarthurnax\n|-resisted|p1a: Paarthurnax\n|-damage|p1a: Paarthurnax|18\/100\n|\n|-heal|p2a: Corviknight|50\/100|[from] item: Leftovers\n|upkeep\n|turn|4\n|\n|t:|1699734758\n|move|p1a: Paarthurnax|Fire Blast|p2a: Corviknight\n|-supereffective|p2a: Corviknight\n|-damage|p2a: Corviknight|0 fnt\n|faint|p2a: Corviknight\n|-ability|p1a: Paarthurnax|Moxie|boost\n|-boost|p1a: Paarthurnax|atk|1\n|\n|upkeep\n|\n|t:|1699734759\n|switch|p2a: Blissey|Blissey, F|100\/100\n|turn|5\n|\n|t:|1699734768\n|move|p1a: Paarthurnax|Dual Wingbeat|p2a: Blissey\n|-damage|p2a: Blissey|58\/100\n|-damage|p2a: Blissey|14\/100\n|-hitcount|p2a: Blissey|2\n|move|p2a: Blissey|Seismic Toss|p1a: Paarthurnax\n|-damage|p1a: Paarthurnax|0 fnt\n|faint|p1a: Paarthurnax\n|\n|upkeep\n|\n|t:|1699734789\n|switch|p1a: Chicharron|Blaziken, M, shiny|100\/100\n|turn|6\n|\n|t:|1699734799\n|move|p1a: Chicharron|Blaze Kick|p2a: Blissey\n|-damage|p2a: Blissey|0 fnt\n|faint|p2a: Blissey\n|\n|-ability|p1a: Chicharron|Speed Boost|boost\n|-boost|p1a: Chicharron|spe|1\n|upkeep\n|\n|t:|1699734827\n|switch|p2a: Cinderace|Cinderace, M|100\/100\n|turn|7\n|\n|t:|1699734837\n|move|p1a: Chicharron|Swords Dance|p1a: Chicharron\n|-boost|p1a: Chicharron|atk|2\n|move|p2a: Cinderace|Zen Headbutt|p1a: Chicharron\n|-start|p2a: Cinderace|typechange|Psychic|[from] ability: Libero\n|-supereffective|p1a: Chicharron\n|-enditem|p1a: Chicharron|Focus Sash\n|-damage|p1a: Chicharron|1\/100\n|\n|-ability|p1a: Chicharron|Speed Boost|boost\n|-boost|p1a: Chicharron|spe|1\n|upkeep\n|turn|8\n|inactive|hambroni has 120 seconds left.\n|\n|t:|1699734867\n|move|p1a: Chicharron|Blaze Kick|p2a: Cinderace\n|-damage|p2a: Cinderace|0 fnt\n|faint|p2a: Cinderace\n|\n|-ability|p1a: Chicharron|Speed Boost|boost\n|-boost|p1a: Chicharron|spe|1\n|upkeep\n|\n|t:|1699734870\n|switch|p2a: oogway|Torkoal, M|100\/100\n|-weather|SunnyDay|[from] ability: Drought|[of] p2a: oogway\n|turn|9\n|\n|t:|1699734879\n|-terastallize|p2a: oogway|Flying\n|move|p1a: Chicharron|Close Combat|p2a: oogway\n|-resisted|p2a: oogway\n|-damage|p2a: oogway|66\/100\n|-unboost|p1a: Chicharron|def|1\n|-unboost|p1a: Chicharron|spd|1\n|move|p2a: oogway|Lava Plume|p1a: Chicharron\n|-resisted|p1a: Chicharron\n|-damage|p1a: Chicharron|0 fnt\n|faint|p1a: Chicharron\n|\n|-weather|SunnyDay|[upkeep]\n|upkeep\n|\n|t:|1699734891\n|switch|p1a: Kurama|Ninetales-Alola, F, shiny|100\/100\n|-weather|Snow|[from] ability: Snow Warning|[of] p1a: Kurama\n|turn|10\n|\n|t:|1699734896\n|move|p1a: Kurama|Blizzard|p2a: oogway\n|-supereffective|p2a: oogway\n|-damage|p2a: oogway|0 fnt\n|faint|p2a: oogway\n|\n|-weather|Snow|[upkeep]\n|upkeep\n|\n|t:|1699734901\n|switch|p2a: Back Then|Charizard, M, shiny|100\/100\n|turn|11\n|\n|t:|1699734907\n|switch|p1a: Fat Girl|Blastoise, F, shiny|100\/100\n|move|p2a: Back Then|Flamethrower|p1a: Fat Girl\n|-resisted|p1a: Fat Girl\n|-damage|p1a: Fat Girl|72\/100\n|\n|-weather|Snow|[upkeep]\n|upkeep\n|turn|12\n|-message|hambroni forfeited.\n|\n|win|Jarl_ jake\n|raw|Jarl_ jake's rating: 1177 &rarr; <strong>1206<\/strong><br \/>(+29 for winning)\n|raw|hambroni's rating: 1239 &rarr; <strong>1210<\/strong><br \/>(-29 for losing)\n|l|\u2606hambroni\n","uploadtime":1699734936,"views":7,"p1id":"jarljake","p2id":"hambroni","formatid":"gen9nationaldex","rating":1206,"private":0,"password":""}