{"id":"gen9nationaldex-1996466876","p1":"Andrews Finn3","p2":"cthulhu_1005_","format":"[Gen 9] National Dex","log":"|html|<div class=\"broadcast-blue\"><strong>[Gen 9] National Dex is currently suspecting Sneasler! For information on how to participate check out the <a href=\"https:\/\/www.smogon.com\/forums\/threads\/sv-national-dex-suspect-8-just-dance.3731534\/\">suspect thread<\/a>.<\/strong><\/div>\n|j|\u2606Andrews Finn3\n|j|\u2606cthulhu_1005_\n|t:|1700684799\n|gametype|singles\n|player|p1|Andrews Finn3|steven|1248\n|player|p2|cthulhu_1005_|unknown|1275\n|teamsize|p1|6\n|teamsize|p2|6\n|gen|9\n|tier|[Gen 9] National Dex\n|rated|\n|rule|HP Percentage Mod: HP is shown in percentages\n|rule|Endless Battle Clause: Forcing endless battles is banned\n|rule|OHKO Clause: OHKO moves are banned\n|rule|Evasion Clause: Evasion abilities, items, and moves are banned\n|rule|Evasion Abilities Clause: Evasion abilities are banned\n|rule|Evasion Items Clause: Evasion items are banned\n|rule|Evasion Moves Clause: Evasion moves are banned\n|rule|Species Clause: Limit one of each Pok\u00e9mon\n|rule|Sleep Clause Mod: Limit one foe put to sleep\n|clearpoke\n|poke|p1|Hydreigon, M|\n|poke|p1|Heracross, M|\n|poke|p1|Corviknight, F|\n|poke|p1|Glimmora, M|\n|poke|p1|Ceruledge, F|\n|poke|p1|Ferrothorn, F|\n|poke|p2|Ursaluna, M|\n|poke|p2|Ditto|\n|poke|p2|Zoroark-Hisui, M|\n|poke|p2|Lopunny, M|\n|poke|p2|Maushold|\n|poke|p2|Girafarig, F|\n|teampreview\n|\n|t:|1700684818\n|start\n|switch|p1a: Glimmora|Glimmora, M|100\/100\n|switch|p2a: Maushold|Maushold|100\/100\n|turn|1\n|\n|t:|1700684829\n|switch|p1a: Ferrothorn|Ferrothorn, F|100\/100\n|move|p2a: Maushold|Tidy Up|p2a: Maushold\n|-boost|p2a: Maushold|atk|1\n|-boost|p2a: Maushold|spe|1\n|\n|upkeep\n|turn|2\n|\n|t:|1700684850\n|move|p2a: Maushold|Encore||[still]\n|-fail|p2a: Maushold\n|move|p1a: Ferrothorn|Thunder Wave|p2a: Maushold\n|-status|p2a: Maushold|par\n|\n|upkeep\n|turn|3\n|\n|t:|1700684857\n|switch|p1a: Glimmora|Glimmora, M|100\/100\n|cant|p2a: Maushold|par\n|\n|upkeep\n|turn|4\n|\n|t:|1700684868\n|move|p1a: Glimmora|Earth Power|p2a: Maushold\n|-damage|p2a: Maushold|53\/100 par\n|move|p2a: Maushold|Tidy Up|p2a: Maushold\n|-boost|p2a: Maushold|atk|1\n|-boost|p2a: Maushold|spe|1\n|\n|upkeep\n|turn|5\n|\n|t:|1700684882\n|cant|p2a: Maushold|par\n|move|p1a: Glimmora|Earth Power|p2a: Maushold\n|-damage|p2a: Maushold|5\/100 par\n|\n|upkeep\n|turn|6\n|\n|t:|1700684888\n|move|p2a: Maushold|Population Bomb|p1a: Glimmora\n|-resisted|p1a: Glimmora\n|-damage|p1a: Glimmora|91\/100\n|-activate|p1a: Glimmora|ability: Toxic Debris\n|-sidestart|p2: cthulhu_1005_|move: Toxic Spikes\n|-resisted|p1a: Glimmora\n|-damage|p1a: Glimmora|83\/100\n|-activate|p1a: Glimmora|ability: Toxic Debris\n|-sidestart|p2: cthulhu_1005_|move: Toxic Spikes\n|-resisted|p1a: Glimmora\n|-damage|p1a: Glimmora|74\/100\n|-resisted|p1a: Glimmora\n|-damage|p1a: Glimmora|65\/100\n|-resisted|p1a: Glimmora\n|-damage|p1a: Glimmora|56\/100\n|-resisted|p1a: Glimmora\n|-damage|p1a: Glimmora|47\/100\n|-resisted|p1a: Glimmora\n|-crit|p1a: Glimmora\n|-damage|p1a: Glimmora|34\/100\n|-resisted|p1a: Glimmora\n|-damage|p1a: Glimmora|26\/100\n|-resisted|p1a: Glimmora\n|-damage|p1a: Glimmora|17\/100\n|-resisted|p1a: Glimmora\n|-damage|p1a: Glimmora|8\/100\n|-hitcount|p1a: Glimmora|10\n|-enditem|p1a: Glimmora|Red Card|[of] p2a: Maushold\n|drag|p2a: Ursaluna|Ursaluna, M|100\/100\n|-status|p2a: Ursaluna|tox\n|move|p1a: Glimmora|Dazzling Gleam|p2a: Ursaluna\n|-damage|p2a: Ursaluna|43\/100 tox\n|replace|p2a: Zoroark|Zoroark-Hisui, M\n|-end|p2a: Zoroark|Illusion\n|\n|-damage|p2a: Zoroark|37\/100 tox|[from] psn\n|upkeep\n|turn|7\n|\n|t:|1700684917\n|switch|p1a: Ferrothorn|Ferrothorn, F|100\/100\n|move|p2a: Zoroark|Bitter Malice|p1a: Ferrothorn\n|-damage|p1a: Ferrothorn|76\/100\n|-unboost|p1a: Ferrothorn|atk|1\n|\n|-heal|p1a: Ferrothorn|83\/100|[from] item: Leftovers\n|-damage|p2a: Zoroark|25\/100 tox|[from] psn\n|upkeep\n|turn|8\n|\n|t:|1700684933\n|move|p2a: Zoroark|Bitter Malice|p1a: Ferrothorn\n|-damage|p1a: Ferrothorn|56\/100\n|-unboost|p1a: Ferrothorn|atk|1\n|move|p1a: Ferrothorn|Spikes|p2a: Zoroark\n|-sidestart|p2: cthulhu_1005_|Spikes\n|\n|-heal|p1a: Ferrothorn|62\/100|[from] item: Leftovers\n|-damage|p2a: Zoroark|7\/100 tox|[from] psn\n|upkeep\n|turn|9\n|\n|t:|1700684943\n|move|p2a: Zoroark|Nasty Plot|p2a: Zoroark\n|-boost|p2a: Zoroark|spa|2\n|move|p1a: Ferrothorn|Spikes|p2a: Zoroark\n|-sidestart|p2: cthulhu_1005_|Spikes\n|\n|-heal|p1a: Ferrothorn|69\/100|[from] item: Leftovers\n|-damage|p2a: Zoroark|0 fnt|[from] psn\n|faint|p2a: Zoroark\n|upkeep\n|\n|t:|1700684958\n|switch|p2a: Ursaluna|Ursaluna, M|100\/100\n|-status|p2a: Ursaluna|tox\n|-damage|p2a: Ursaluna|84\/100 tox|[from] Spikes\n|turn|10\n|\n|t:|1700684970\n|move|p2a: Ursaluna|Facade|p1a: Ferrothorn\n|-resisted|p1a: Ferrothorn\n|-damage|p1a: Ferrothorn|23\/100\n|-damage|p2a: Ursaluna|71\/100 tox|[from] ability: Iron Barbs|[of] p1a: Ferrothorn\n|move|p1a: Ferrothorn|Power Whip|p2a: Ursaluna\n|-supereffective|p2a: Ursaluna\n|-damage|p2a: Ursaluna|39\/100 tox\n|\n|-heal|p1a: Ferrothorn|29\/100|[from] item: Leftovers\n|-damage|p2a: Ursaluna|33\/100 tox|[from] psn\n|upkeep\n|turn|11\n|\n|t:|1700684983\n|move|p2a: Ursaluna|Facade|p1a: Ferrothorn\n|-resisted|p1a: Ferrothorn\n|-damage|p1a: Ferrothorn|0 fnt\n|-damage|p2a: Ursaluna|21\/100 tox|[from] ability: Iron Barbs|[of] p1a: Ferrothorn\n|faint|p1a: Ferrothorn\n|\n|-damage|p2a: Ursaluna|8\/100 tox|[from] psn\n|upkeep\n|\n|t:|1700684994\n|switch|p1a: Hydreigon|Hydreigon, M|100\/100\n|turn|12\n|\n|t:|1700684999\n|move|p1a: Hydreigon|U-turn|p2a: Ursaluna\n|-damage|p2a: Ursaluna|0 fnt\n|faint|p2a: Ursaluna\n|\n|t:|1700685005\n|switch|p1a: Corviknight|Corviknight, F|100\/100|[from] U-turn\n|-ability|p1a: Corviknight|Pressure\n|\n|upkeep\n|\n|t:|1700685010\n|switch|p2a: Maushold|Maushold|5\/100 par\n|-damage|p2a: Maushold|0 fnt|[from] Spikes\n|faint|p2a: Maushold\n|\n|t:|1700685016\n|switch|p2a: Girafarig|Girafarig, F|100\/100\n|-status|p2a: Girafarig|tox\n|-damage|p2a: Girafarig|84\/100 tox|[from] Spikes\n|turn|13\n|\n|t:|1700685021\n|move|p2a: Girafarig|Nasty Plot|p2a: Girafarig\n|-boost|p2a: Girafarig|spa|2\n|move|p1a: Corviknight|U-turn|p2a: Girafarig\n|-supereffective|p2a: Girafarig\n|-damage|p2a: Girafarig|48\/100 tox\n|inactive|Battle timer is ON: inactive players will automatically lose when time's up. (requested by cthulhu_1005_)\n|\n|t:|1700685039\n|switch|p1a: Heracross|Heracross, M|100\/100|[from] U-turn\n|\n|-damage|p2a: Girafarig|42\/100 tox|[from] psn\n|upkeep\n|turn|14\n|\n|t:|1700685045\n|detailschange|p1a: Heracross|Heracross-Mega, M\n|-mega|p1a: Heracross|Heracross|Heracronite\n|move|p2a: Girafarig|Psychic|p1a: Heracross\n|-supereffective|p1a: Heracross\n|-damage|p1a: Heracross|0 fnt\n|faint|p1a: Heracross\n|\n|-damage|p2a: Girafarig|30\/100 tox|[from] psn\n|upkeep\n|\n|t:|1700685052\n|switch|p1a: Ceruledge|Ceruledge, F|100\/100\n|turn|15\n|\n|t:|1700685056\n|move|p2a: Girafarig|Thunderbolt|p1a: Ceruledge\n|-damage|p1a: Ceruledge|43\/100\n|move|p1a: Ceruledge|Bitter Blade|p2a: Girafarig\n|-damage|p2a: Girafarig|0 fnt\n|-heal|p1a: Ceruledge|58\/100|[from] drain|[of] p2a: Girafarig\n|faint|p2a: Girafarig\n|\n|upkeep\n|\n|t:|1700685061\n|switch|p2a: Ditto|Ditto|100\/100\n|-status|p2a: Ditto|tox\n|-damage|p2a: Ditto|84\/100 tox|[from] Spikes\n|-transform|p2a: Ditto|p1a: Ceruledge|[from] ability: Imposter\n|turn|16\n|\n|t:|1700685070\n|-terastallize|p2a: Ditto|Steel\n|move|p2a: Ditto|Shadow Sneak|p1a: Ceruledge\n|-supereffective|p1a: Ceruledge\n|-damage|p1a: Ceruledge|0 fnt\n|faint|p1a: Ceruledge\n|\n|-damage|p2a: Ditto|78\/100 tox|[from] psn\n|upkeep\n|\n|t:|1700685077\n|switch|p1a: Glimmora|Glimmora, M|8\/100\n|turn|17\n|\n|t:|1700685085\n|switch|p1a: Hydreigon|Hydreigon, M|100\/100\n|move|p2a: Ditto|Shadow Sneak|p1a: Hydreigon\n|-resisted|p1a: Hydreigon\n|-damage|p1a: Hydreigon|89\/100\n|\n|-damage|p2a: Ditto|66\/100 tox|[from] psn\n|upkeep\n|turn|18\n|\n|t:|1700685098\n|switch|p2a: Lopunny|Lopunny, M|100\/100\n|-status|p2a: Lopunny|tox\n|-damage|p2a: Lopunny|84\/100 tox|[from] Spikes\n|move|p1a: Hydreigon|Earth Power|p2a: Lopunny\n|-damage|p2a: Lopunny|44\/100 tox\n|\n|-damage|p2a: Lopunny|38\/100 tox|[from] psn\n|upkeep\n|turn|19\n|\n|t:|1700685110\n|switch|p1a: Glimmora|Glimmora, M|8\/100\n|detailschange|p2a: Lopunny|Lopunny-Mega, M\n|-mega|p2a: Lopunny|Lopunny|Lopunnite\n|move|p2a: Lopunny|Fake Out|p1a: Glimmora\n|-resisted|p1a: Glimmora\n|-damage|p1a: Glimmora|0 fnt\n|faint|p1a: Glimmora\n|\n|-damage|p2a: Lopunny|26\/100 tox|[from] psn\n|upkeep\n|\n|t:|1700685119\n|switch|p1a: Corviknight|Corviknight, F|100\/100\n|-ability|p1a: Corviknight|Pressure\n|turn|20\n|\n|t:|1700685126\n|move|p2a: Lopunny|Close Combat|p1a: Corviknight\n|-damage|p1a: Corviknight|64\/100\n|-unboost|p2a: Lopunny|def|1\n|-unboost|p2a: Lopunny|spd|1\n|-damage|p2a: Lopunny|9\/100 tox|[from] item: Rocky Helmet|[of] p1a: Corviknight\n|move|p1a: Corviknight|Brave Bird|p2a: Lopunny\n|-supereffective|p2a: Lopunny\n|-damage|p2a: Lopunny|0 fnt\n|faint|p2a: Lopunny\n|-damage|p1a: Corviknight|62\/100|[from] Recoil\n|\n|upkeep\n|\n|t:|1700685130\n|switch|p2a: Ditto|Ditto, tera:Steel|66\/100 tox\n|-damage|p2a: Ditto|49\/100 tox|[from] Spikes\n|-transform|p2a: Ditto|p1a: Corviknight|[from] ability: Imposter\n|-ability|p2a: Ditto|Pressure\n|turn|21\n|-message|cthulhu_1005_ forfeited.\n|\n|win|Andrews Finn3\n|raw|Andrews Finn3's rating: 1248 &rarr; <strong>1275<\/strong><br \/>(+27 for winning)\n|raw|cthulhu_1005_'s rating: 1275 &rarr; <strong>1248<\/strong><br \/>(-27 for losing)\n|l|\u2606cthulhu_1005_\n","uploadtime":1700685151,"views":0,"p1id":"andrewsfinn3","p2id":"cthulhu1005","formatid":"gen9nationaldex","rating":1248,"private":0,"password":""}