{"id":"gen9nationaldex-1992343251","p1":"221savage","p2":"Dk Zay","format":"[Gen 9] National Dex","log":"|j|\u2606221savage\n|j|\u203dDk Zay\n|t:|1700176754\n|gametype|singles\n|player|p1|221savage|170|1389\n|player|p2|Dk Zay|265|1526\n|teamsize|p1|6\n|teamsize|p2|6\n|gen|9\n|tier|[Gen 9] National Dex\n|rated|\n|rule|HP Percentage Mod: HP is shown in percentages\n|rule|Endless Battle Clause: Forcing endless battles is banned\n|rule|OHKO Clause: OHKO moves are banned\n|rule|Evasion Clause: Evasion abilities, items, and moves are banned\n|rule|Evasion Abilities Clause: Evasion abilities are banned\n|rule|Evasion Items Clause: Evasion items are banned\n|rule|Evasion Moves Clause: Evasion moves are banned\n|rule|Species Clause: Limit one of each Pok\u00e9mon\n|rule|Sleep Clause Mod: Limit one foe put to sleep\n|clearpoke\n|poke|p1|Blastoise, F|\n|poke|p1|Banette, M|\n|poke|p1|Machamp, F|\n|poke|p1|Darmanitan, F|\n|poke|p1|Tsareena, F|\n|poke|p1|Toxtricity, M|\n|poke|p2|Slowbro, M|\n|poke|p2|Ninetales-Alola, F|\n|poke|p2|Volcarona, F|\n|poke|p2|Gyarados, M|\n|poke|p2|Kommo-o, F|\n|poke|p2|Banette, M|\n|teampreview\n|inactive|Battle timer is ON: inactive players will automatically lose when time's up. (requested by Dk Zay)\n|c|\u2606221savage|thats your team?? \ud83d\ude2d\n|\n|t:|1700176777\n|start\n|switch|p1a: Blastoise|Blastoise, F|100\/100\n|switch|p2a: Ninetales|Ninetales-Alola, F|100\/100\n|-weather|Snow|[from] ability: Snow Warning|[of] p2a: Ninetales\n|turn|1\n|\n|t:|1700176798\n|move|p2a: Ninetales|Aurora Veil|p2a: Ninetales\n|-sidestart|p2: Dk Zay|move: Aurora Veil\n|move|p1a: Blastoise|Shell Smash|p1a: Blastoise\n|-unboost|p1a: Blastoise|def|1\n|-unboost|p1a: Blastoise|spd|1\n|-boost|p1a: Blastoise|atk|2\n|-boost|p1a: Blastoise|spa|2\n|-boost|p1a: Blastoise|spe|2\n|\n|-weather|Snow|[upkeep]\n|upkeep\n|turn|2\n|\n|t:|1700176803\n|move|p1a: Blastoise|Shell Smash|p1a: Blastoise\n|-unboost|p1a: Blastoise|def|1\n|-unboost|p1a: Blastoise|spd|1\n|-boost|p1a: Blastoise|atk|2\n|-boost|p1a: Blastoise|spa|2\n|-boost|p1a: Blastoise|spe|2\n|move|p2a: Ninetales|Moonblast|p1a: Blastoise\n|-damage|p1a: Blastoise|30\/100\n|-unboost|p1a: Blastoise|spa|1\n|\n|-weather|Snow|[upkeep]\n|upkeep\n|turn|3\n|\n|t:|1700176814\n|-zpower|p1a: Blastoise\n|move|p1a: Blastoise|Hydro Vortex|p2a: Ninetales|[zeffect]\n|-damage|p2a: Ninetales|0 fnt\n|faint|p2a: Ninetales\n|\n|-weather|Snow|[upkeep]\n|upkeep\n|\n|t:|1700176820\n|switch|p2a: Banette|Banette, M|100\/100\n|-item|p1a: Blastoise|Waterium Z|[from] ability: Frisk|[of] p2a: Banette|[identify]\n|turn|4\n|\n|t:|1700176829\n|detailschange|p2a: Banette|Banette-Mega, M\n|-mega|p2a: Banette|Banette|Banettite\n|move|p2a: Banette|Destiny Bond|p2a: Banette\n|-singlemove|p2a: Banette|Destiny Bond\n|move|p1a: Blastoise|Hydro Cannon|p2a: Banette\n|-damage|p2a: Banette|0 fnt\n|-mustrecharge|p1a: Blastoise\n|faint|p2a: Banette\n|-activate|p2a: Banette|move: Destiny Bond\n|faint|p1a: Blastoise\n|\n|-weather|Snow|[upkeep]\n|upkeep\n|\n|t:|1700176846\n|switch|p1a: Banette|Banette, M|100\/100\n|switch|p2a: Slowbro|Slowbro, M|100\/100\n|turn|5\n|\n|t:|1700176854\n|detailschange|p1a: Banette|Banette-Mega, M\n|-mega|p1a: Banette|Banette|Banettite\n|move|p1a: Banette|Taunt|p2a: Slowbro\n|-start|p2a: Slowbro|move: Taunt\n|cant|p2a: Slowbro|move: Taunt|Calm Mind\n|\n|-weather|none\n|upkeep\n|turn|6\n|\n|t:|1700176862\n|move|p1a: Banette|Knock Off|p2a: Slowbro\n|-supereffective|p2a: Slowbro\n|-damage|p2a: Slowbro|82\/100\n|move|p2a: Slowbro|Scald|p1a: Banette\n|-damage|p1a: Banette|66\/100\n|\n|upkeep\n|turn|7\n|\n|t:|1700176871\n|move|p1a: Banette|Poltergeist|p2a: Slowbro\n|-activate|p2a: Slowbro|move: Poltergeist|Slowbronite\n|-supereffective|p2a: Slowbro\n|-damage|p2a: Slowbro|41\/100\n|move|p2a: Slowbro|Scald|p1a: Banette\n|-damage|p1a: Banette|34\/100\n|\n|-end|p2a: Slowbro|move: Taunt\n|upkeep\n|turn|8\n|\n|t:|1700176881\n|move|p1a: Banette|Poltergeist|p2a: Slowbro\n|-activate|p2a: Slowbro|move: Poltergeist|Slowbronite\n|-supereffective|p2a: Slowbro\n|-damage|p2a: Slowbro|0 fnt\n|faint|p2a: Slowbro\n|\n|-sideend|p2: Dk Zay|move: Aurora Veil\n|upkeep\n|\n|t:|1700176888\n|switch|p2a: Gyarados|Gyarados, M|100\/100\n|turn|9\n|\n|t:|1700176893\n|move|p1a: Banette|Destiny Bond|p1a: Banette\n|-singlemove|p1a: Banette|Destiny Bond\n|move|p2a: Gyarados|Waterfall|p1a: Banette\n|-damage|p1a: Banette|0 fnt\n|faint|p1a: Banette\n|-activate|p1a: Banette|move: Destiny Bond\n|faint|p2a: Gyarados\n|\n|upkeep\n|\n|t:|1700176900\n|switch|p2a: Kommo-o|Kommo-o, F|100\/100\n|switch|p1a: Toxtricity|Toxtricity, M|100\/100\n|turn|10\n|\n|t:|1700176905\n|-terastallize|p1a: Toxtricity|Normal\n|move|p1a: Toxtricity|Boomburst|p2a: Kommo-o\n|-immune|p2a: Kommo-o|[from] ability: Soundproof\n|move|p2a: Kommo-o|Clangorous Soul|p2a: Kommo-o\n|-boost|p2a: Kommo-o|atk|1\n|-boost|p2a: Kommo-o|def|1\n|-boost|p2a: Kommo-o|spa|1\n|-boost|p2a: Kommo-o|spd|1\n|-boost|p2a: Kommo-o|spe|1\n|-damage|p2a: Kommo-o|68\/100\n|\n|upkeep\n|turn|11\n|\n|t:|1700176914\n|switch|p1a: Machamp|Machamp, F|100\/100\n|-zpower|p2a: Kommo-o\n|move|p2a: Kommo-o|Clangorous Soulblaze|p1a: Machamp|[zeffect]\n|-damage|p1a: Machamp|0 fnt\n|faint|p1a: Machamp\n|-boost|p2a: Kommo-o|atk|1\n|-boost|p2a: Kommo-o|def|1\n|-boost|p2a: Kommo-o|spa|1\n|-boost|p2a: Kommo-o|spd|1\n|-boost|p2a: Kommo-o|spe|1\n|\n|upkeep\n|\n|t:|1700176929\n|switch|p1a: Tsareena|Tsareena, F|100\/100\n|turn|12\n|\n|t:|1700176932\n|move|p2a: Kommo-o|Flamethrower|p1a: Tsareena\n|-supereffective|p1a: Tsareena\n|-damage|p1a: Tsareena|16\/100\n|move|p1a: Tsareena|Triple Axel|p2a: Kommo-o\n|-supereffective|p2a: Kommo-o\n|-damage|p2a: Kommo-o|60\/100\n|-supereffective|p2a: Kommo-o\n|-damage|p2a: Kommo-o|45\/100\n|-supereffective|p2a: Kommo-o\n|-crit|p2a: Kommo-o\n|-damage|p2a: Kommo-o|0 fnt\n|faint|p2a: Kommo-o\n|-hitcount|p2: Kommo-o|3\n|\n|upkeep\n|\n|t:|1700176938\n|switch|p2a: Volcarona|Volcarona, F, shiny|100\/100\n|turn|13\n|\n|t:|1700176950\n|switch|p1a: Toxtricity|Toxtricity, M, tera:Normal|100\/100\n|move|p2a: Volcarona|Quiver Dance|p2a: Volcarona\n|-boost|p2a: Volcarona|spa|1\n|-boost|p2a: Volcarona|spd|1\n|-boost|p2a: Volcarona|spe|1\n|\n|upkeep\n|turn|14\n|\n|t:|1700176956\n|move|p2a: Volcarona|Fiery Dance|p1a: Toxtricity\n|-damage|p1a: Toxtricity|0 fnt\n|faint|p1a: Toxtricity\n|\n|upkeep\n|\n|t:|1700176959\n|switch|p1a: Darmanitan|Darmanitan, F|100\/100\n|turn|15\n|\n|t:|1700176963\n|move|p2a: Volcarona|Psychic|p1a: Darmanitan\n|-damage|p1a: Darmanitan|19\/100\n|move|p1a: Darmanitan|Rock Slide|p2a: Volcarona|[miss]\n|-miss|p1a: Darmanitan|p2a: Volcarona\n|\n|upkeep\n|turn|16\n|\n|t:|1700176970\n|move|p2a: Volcarona|Fiery Dance|p1a: Darmanitan\n|-resisted|p1a: Darmanitan\n|-damage|p1a: Darmanitan|0 fnt\n|faint|p1a: Darmanitan\n|\n|upkeep\n|c|\u2606221savage|gg\n|\n|t:|1700176974\n|switch|p1a: Tsareena|Tsareena, F|16\/100\n|turn|17\n|\n|t:|1700176978\n|move|p2a: Volcarona|Fiery Dance|p1a: Tsareena\n|-supereffective|p1a: Tsareena\n|-damage|p1a: Tsareena|0 fnt\n|faint|p1a: Tsareena\n|\n|win|Dk Zay\n|raw|221savage's rating: 1389 &rarr; <strong>1377<\/strong><br \/>(-12 for losing)\n|raw|Dk Zay's rating: 1526 &rarr; <strong>1538<\/strong><br \/>(+12 for winning)\n|l|\u203dDk Zay\n","uploadtime":1700176987,"views":4,"p1id":"221savage","p2id":"dkzay","formatid":"gen9nationaldex","rating":1377,"private":0,"password":""}