{"id":"gen9nationaldex-1998859981","p1":"lawrenceyu","p2":"Bear233","format":"[Gen 9] National Dex","log":"|html|<div class=\"broadcast-blue\"><strong>[Gen 9] National Dex is currently suspecting Sneasler! For information on how to participate check out the <a href=\"https:\/\/www.smogon.com\/forums\/threads\/sv-national-dex-suspect-8-just-dance.3731534\/\">suspect thread<\/a>.<\/strong><\/div>\n|j|\u2606lawrenceyu\n|j|\u2606Bear233\n|t:|1701004570\n|gametype|singles\n|player|p1|lawrenceyu|1|1603\n|player|p2|Bear233|caitlin|1603\n|teamsize|p1|6\n|teamsize|p2|6\n|gen|9\n|tier|[Gen 9] National Dex\n|rated|\n|rule|HP Percentage Mod: HP is shown in percentages\n|rule|Endless Battle Clause: Forcing endless battles is banned\n|rule|OHKO Clause: OHKO moves are banned\n|rule|Evasion Clause: Evasion abilities, items, and moves are banned\n|rule|Evasion Abilities Clause: Evasion abilities are banned\n|rule|Evasion Items Clause: Evasion items are banned\n|rule|Evasion Moves Clause: Evasion moves are banned\n|rule|Species Clause: Limit one of each Pok\u00e9mon\n|rule|Sleep Clause Mod: Limit one foe put to sleep\n|clearpoke\n|poke|p1|Toxapex, M|\n|poke|p1|Sirfetch\u2019d, F|\n|poke|p1|Tapu Lele|\n|poke|p1|Ferrothorn, M|\n|poke|p1|Landorus-Therian, M|\n|poke|p1|Diancie|\n|poke|p2|Banette, F|\n|poke|p2|Slowking-Galar, M|\n|poke|p2|Kyurem|\n|poke|p2|Kartana|\n|poke|p2|Zapdos|\n|poke|p2|Ting-Lu|\n|teampreview\n|inactive|Battle timer is ON: inactive players will automatically lose when time's up. (requested by Bear233)\n|\n|t:|1701004579\n|start\n|switch|p1a: Landorus|Landorus-Therian, M|100\/100\n|switch|p2a: Kyurem|Kyurem|100\/100\n|-ability|p2a: Kyurem|Pressure\n|-ability|p1a: Landorus|Intimidate|boost\n|-unboost|p2a: Kyurem|atk|1\n|turn|1\n|\n|t:|1701004589\n|switch|p1a: Tapu Lele|Tapu Lele|100\/100\n|-fieldstart|move: Psychic Terrain|[from] ability: Psychic Surge|[of] p1a: Tapu Lele\n|move|p2a: Kyurem|Freeze-Dry|p1a: Tapu Lele\n|-damage|p1a: Tapu Lele|60\/100\n|\n|upkeep\n|turn|2\n|\n|t:|1701004598\n|switch|p2a: Ting-Lu|Ting-Lu|100\/100\n|-ability|p2a: Ting-Lu|Vessel of Ruin\n|-terastallize|p1a: Tapu Lele|Psychic\n|move|p1a: Tapu Lele|Psyshock|p2a: Ting-Lu\n|-immune|p2a: Ting-Lu\n|\n|upkeep\n|turn|3\n|\n|t:|1701004607\n|switch|p1a: Landorus|Landorus-Therian, M|100\/100\n|-ability|p1a: Landorus|Intimidate|boost\n|-unboost|p2a: Ting-Lu|atk|1\n|move|p2a: Ting-Lu|Stealth Rock|p1a: Landorus\n|-sidestart|p1: lawrenceyu|move: Stealth Rock\n|\n|upkeep\n|turn|4\n|\n|t:|1701004614\n|move|p1a: Landorus|Earthquake|p2a: Ting-Lu\n|-damage|p2a: Ting-Lu|69\/100\n|move|p2a: Ting-Lu|Ruination|p1a: Landorus\n|-damage|p1a: Landorus|51\/100\n|\n|-heal|p2a: Ting-Lu|75\/100|[from] item: Leftovers\n|upkeep\n|turn|5\n|\n|t:|1701004621\n|move|p1a: Landorus|Defog|p2a: Ting-Lu\n|-unboost|p2a: Ting-Lu|evasion|1\n|-sideend|p1: lawrenceyu|Stealth Rock|[from] move: Defog|[of] p1a: Landorus\n|-fieldend|move: Psychic Terrain\n|move|p2a: Ting-Lu|Whirlwind|p1a: Landorus\n|drag|p1a: Toxapex|Toxapex, M|100\/100\n|\n|-heal|p2a: Ting-Lu|81\/100|[from] item: Leftovers\n|upkeep\n|turn|6\n|\n|t:|1701004629\n|switch|p2a: Slowking|Slowking-Galar, M|100\/100\n|move|p1a: Toxapex|Toxic|p2a: Slowking\n|-immune|p2a: Slowking\n|\n|upkeep\n|turn|7\n|\n|t:|1701004635\n|switch|p1a: Sirfetch\u2019d|Sirfetch\u2019d, F|100\/100\n|move|p2a: Slowking|Future Sight|p1a: Sirfetch\u2019d\n|-start|p2a: Slowking|move: Future Sight\n|\n|upkeep\n|turn|8\n|\n|t:|1701004640\n|switch|p2a: Banette|Banette, F|100\/100\n|move|p1a: Sirfetch\u2019d|Knock Off|p2a: Banette\n|-supereffective|p2a: Banette\n|-crit|p2a: Banette\n|-damage|p2a: Banette|0 fnt\n|faint|p2a: Banette\n|\n|upkeep\n|\n|t:|1701004646\n|switch|p2a: Ting-Lu|Ting-Lu|81\/100\n|-ability|p2a: Ting-Lu|Vessel of Ruin\n|turn|9\n|\n|t:|1701004650\n|switch|p1a: Ferrothorn|Ferrothorn, M|100\/100\n|move|p2a: Ting-Lu|Stealth Rock|p1a: Ferrothorn\n|-sidestart|p1: lawrenceyu|move: Stealth Rock\n|\n|-end|p1a: Ferrothorn|move: Future Sight\n|-resisted|p1a: Ferrothorn\n|-damage|p1a: Ferrothorn|88\/100\n|-heal|p2a: Ting-Lu|87\/100|[from] item: Leftovers\n|-heal|p1a: Ferrothorn|94\/100|[from] item: Leftovers\n|upkeep\n|turn|10\n|\n|t:|1701004660\n|move|p1a: Ferrothorn|Leech Seed|p2a: Ting-Lu\n|-start|p2a: Ting-Lu|move: Leech Seed\n|move|p2a: Ting-Lu|Whirlwind|p1a: Ferrothorn\n|drag|p1a: Sirfetch\u2019d|Sirfetch\u2019d, F|100\/100\n|-damage|p1a: Sirfetch\u2019d|94\/100|[from] Stealth Rock\n|\n|-heal|p2a: Ting-Lu|94\/100|[from] item: Leftovers\n|-damage|p2a: Ting-Lu|81\/100|[from] Leech Seed|[of] p1a: Sirfetch\u2019d\n|-heal|p1a: Sirfetch\u2019d|100\/100|[silent]\n|upkeep\n|turn|11\n|\n|t:|1701004668\n|move|p1a: Sirfetch\u2019d|Knock Off|p2a: Ting-Lu\n|-resisted|p2a: Ting-Lu\n|-damage|p2a: Ting-Lu|71\/100\n|-enditem|p2a: Ting-Lu|Leftovers|[from] move: Knock Off|[of] p1a: Sirfetch\u2019d\n|move|p2a: Ting-Lu|Ruination|p1a: Sirfetch\u2019d\n|-damage|p1a: Sirfetch\u2019d|51\/100\n|\n|-damage|p2a: Ting-Lu|58\/100|[from] Leech Seed|[of] p1a: Sirfetch\u2019d\n|-heal|p1a: Sirfetch\u2019d|72\/100|[silent]\n|upkeep\n|turn|12\n|\n|t:|1701004677\n|switch|p2a: Zapdos|Zapdos|100\/100\n|move|p1a: Sirfetch\u2019d|Close Combat|p2a: Zapdos\n|-resisted|p2a: Zapdos\n|-damage|p2a: Zapdos|61\/100\n|-unboost|p1a: Sirfetch\u2019d|def|1\n|-unboost|p1a: Sirfetch\u2019d|spd|1\n|\n|-heal|p2a: Zapdos|67\/100|[from] item: Leftovers\n|upkeep\n|turn|13\n|\n|t:|1701004686\n|switch|p1a: Landorus|Landorus-Therian, M|51\/100\n|-damage|p1a: Landorus|38\/100|[from] Stealth Rock\n|-ability|p1a: Landorus|Intimidate|boost\n|-unboost|p2a: Zapdos|atk|1\n|move|p2a: Zapdos|Hurricane|p1a: Landorus\n|-damage|p1a: Landorus|0 fnt\n|faint|p1a: Landorus\n|\n|-heal|p2a: Zapdos|73\/100|[from] item: Leftovers\n|upkeep\n|\n|t:|1701004696\n|switch|p1a: Diancie|Diancie|100\/100\n|-damage|p1a: Diancie|88\/100|[from] Stealth Rock\n|turn|14\n|\n|t:|1701004707\n|detailschange|p1a: Diancie|Diancie-Mega\n|-mega|p1a: Diancie|Diancie|Diancite\n|-terastallize|p2a: Zapdos|Water\n|move|p1a: Diancie|Earth Power|p2a: Zapdos\n|-damage|p2a: Zapdos|39\/100\n|move|p2a: Zapdos|Volt Switch|p1a: Diancie\n|-damage|p1a: Diancie|39\/100\n|\n|t:|1701004718\n|switch|p2a: Kartana|Kartana|100\/100|[from] Volt Switch\n|\n|upkeep\n|turn|15\n|\n|t:|1701004724\n|switch|p1a: Ferrothorn|Ferrothorn, M|94\/100\n|-damage|p1a: Ferrothorn|88\/100|[from] Stealth Rock\n|move|p2a: Kartana|Sacred Sword|p1a: Ferrothorn\n|-supereffective|p1a: Ferrothorn\n|-damage|p1a: Ferrothorn|16\/100\n|-damage|p2a: Kartana|88\/100|[from] ability: Iron Barbs|[of] p1a: Ferrothorn\n|\n|-heal|p1a: Ferrothorn|22\/100|[from] item: Leftovers\n|upkeep\n|turn|16\n|\n|t:|1701004733\n|move|p1a: Ferrothorn|Protect|p1a: Ferrothorn\n|-singleturn|p1a: Ferrothorn|Protect\n|move|p2a: Kartana|Sacred Sword|p1a: Ferrothorn\n|-activate|p1a: Ferrothorn|move: Protect\n|\n|-heal|p1a: Ferrothorn|28\/100|[from] item: Leftovers\n|upkeep\n|turn|17\n|\n|t:|1701004742\n|switch|p1a: Toxapex|Toxapex, M|100\/100\n|-damage|p1a: Toxapex|88\/100|[from] Stealth Rock\n|move|p2a: Kartana|Sacred Sword|p1a: Toxapex\n|-resisted|p1a: Toxapex\n|-damage|p1a: Toxapex|74\/100\n|-damage|p2a: Kartana|72\/100|[from] item: Rocky Helmet|[of] p1a: Toxapex\n|\n|upkeep\n|turn|18\n|\n|t:|1701004751\n|switch|p2a: Slowking|Slowking-Galar, M|100\/100\n|switch|p1a: Sirfetch\u2019d|Sirfetch\u2019d, F|72\/100\n|-damage|p1a: Sirfetch\u2019d|66\/100|[from] Stealth Rock\n|\n|upkeep\n|turn|19\n|\n|t:|1701004759\n|switch|p2a: Ting-Lu|Ting-Lu|58\/100\n|-ability|p2a: Ting-Lu|Vessel of Ruin\n|move|p1a: Sirfetch\u2019d|Knock Off|p2a: Ting-Lu\n|-resisted|p2a: Ting-Lu\n|-damage|p2a: Ting-Lu|51\/100\n|\n|upkeep\n|turn|20\n|\n|t:|1701004767\n|move|p1a: Sirfetch\u2019d|Close Combat|p2a: Ting-Lu\n|-supereffective|p2a: Ting-Lu\n|-crit|p2a: Ting-Lu\n|-damage|p2a: Ting-Lu|0 fnt\n|-unboost|p1a: Sirfetch\u2019d|def|1\n|-unboost|p1a: Sirfetch\u2019d|spd|1\n|faint|p2a: Ting-Lu\n|\n|upkeep\n|\n|t:|1701004770\n|switch|p2a: Kyurem|Kyurem|100\/100\n|-ability|p2a: Kyurem|Pressure\n|turn|21\n|\n|t:|1701004780\n|switch|p1a: Tapu Lele|Tapu Lele, tera:Psychic|60\/100\n|-damage|p1a: Tapu Lele|47\/100|[from] Stealth Rock\n|-fieldstart|move: Psychic Terrain|[from] ability: Psychic Surge|[of] p1a: Tapu Lele\n|move|p2a: Kyurem|Freeze-Dry|p1a: Tapu Lele\n|-damage|p1a: Tapu Lele|11\/100\n|\n|upkeep\n|turn|22\n|\n|t:|1701004791\n|switch|p2a: Zapdos|Zapdos, tera:Water|39\/100\n|move|p1a: Tapu Lele|Psyshock|p2a: Zapdos\n|-damage|p2a: Zapdos|0 fnt\n|faint|p2a: Zapdos\n|\n|upkeep\n|\n|t:|1701004796\n|switch|p2a: Kartana|Kartana|72\/100\n|turn|23\n|\n|t:|1701004825\n|move|p2a: Kartana|Leaf Blade|p1a: Tapu Lele\n|-damage|p1a: Tapu Lele|0 fnt\n|faint|p1a: Tapu Lele\n|-ability|p2a: Kartana|Beast Boost|boost\n|-boost|p2a: Kartana|atk|1\n|\n|upkeep\n|\n|t:|1701004833\n|switch|p1a: Ferrothorn|Ferrothorn, M|28\/100\n|-damage|p1a: Ferrothorn|22\/100|[from] Stealth Rock\n|turn|24\n|\n|t:|1701004837\n|move|p2a: Kartana|Leaf Blade|p1a: Ferrothorn\n|-resisted|p1a: Ferrothorn\n|-damage|p1a: Ferrothorn|3\/100\n|-damage|p2a: Kartana|59\/100|[from] ability: Iron Barbs|[of] p1a: Ferrothorn\n|move|p1a: Ferrothorn|Leech Seed|p2a: Kartana\n|-immune|p2a: Kartana\n|\n|-heal|p1a: Ferrothorn|9\/100|[from] item: Leftovers\n|upkeep\n|turn|25\n|\n|t:|1701004846\n|move|p1a: Ferrothorn|Protect|p1a: Ferrothorn\n|-singleturn|p1a: Ferrothorn|Protect\n|move|p2a: Kartana|Leaf Blade|p1a: Ferrothorn\n|-activate|p1a: Ferrothorn|move: Protect\n|\n|-heal|p1a: Ferrothorn|15\/100|[from] item: Leftovers\n|-fieldend|move: Psychic Terrain\n|upkeep\n|turn|26\n|\n|t:|1701004854\n|move|p1a: Ferrothorn|Protect||[still]\n|-fail|p1a: Ferrothorn\n|move|p2a: Kartana|Leaf Blade|p1a: Ferrothorn\n|-resisted|p1a: Ferrothorn\n|-damage|p1a: Ferrothorn|0 fnt\n|-damage|p2a: Kartana|47\/100|[from] ability: Iron Barbs|[of] p1a: Ferrothorn\n|faint|p1a: Ferrothorn\n|-ability|p2a: Kartana|Beast Boost|boost\n|-boost|p2a: Kartana|atk|1\n|\n|upkeep\n|\n|t:|1701004863\n|switch|p1a: Sirfetch\u2019d|Sirfetch\u2019d, F|66\/100\n|-damage|p1a: Sirfetch\u2019d|60\/100|[from] Stealth Rock\n|turn|27\n|\n|t:|1701004869\n|switch|p2a: Slowking|Slowking-Galar, M|100\/100\n|move|p1a: Sirfetch\u2019d|First Impression|p2a: Slowking\n|-crit|p2a: Slowking\n|-damage|p2a: Slowking|42\/100\n|\n|-heal|p2a: Slowking|48\/100|[from] item: Leftovers\n|upkeep\n|turn|28\n|\n|t:|1701004877\n|move|p1a: Sirfetch\u2019d|Knock Off|p2a: Slowking\n|-supereffective|p2a: Slowking\n|-damage|p2a: Slowking|0 fnt\n|-enditem|p2a: Slowking|Leftovers|[from] move: Knock Off|[of] p1a: Sirfetch\u2019d\n|faint|p2a: Slowking\n|\n|upkeep\n|j| NicksRokaya\n|\n|t:|1701004879\n|switch|p2a: Kyurem|Kyurem|100\/100\n|-ability|p2a: Kyurem|Pressure\n|turn|29\n|\n|t:|1701004889\n|move|p2a: Kyurem|Freeze-Dry|p1a: Sirfetch\u2019d\n|-damage|p1a: Sirfetch\u2019d|10\/100\n|move|p1a: Sirfetch\u2019d|Close Combat|p2a: Kyurem\n|-supereffective|p2a: Kyurem\n|-damage|p2a: Kyurem|0 fnt\n|-unboost|p1a: Sirfetch\u2019d|def|1\n|-unboost|p1a: Sirfetch\u2019d|spd|1\n|faint|p2a: Kyurem\n|\n|upkeep\n|\n|t:|1701004895\n|switch|p2a: Kartana|Kartana|47\/100\n|turn|30\n|\n|t:|1701004900\n|switch|p1a: Toxapex|Toxapex, M|100\/100\n|-damage|p1a: Toxapex|88\/100|[from] Stealth Rock\n|move|p2a: Kartana|Leaf Blade|p1a: Toxapex\n|-damage|p1a: Toxapex|44\/100\n|-damage|p2a: Kartana|30\/100|[from] item: Rocky Helmet|[of] p1a: Toxapex\n|\n|upkeep\n|turn|31\n|\n|t:|1701004920\n|move|p2a: Kartana|Leaf Blade|p1a: Toxapex\n|-damage|p1a: Toxapex|3\/100\n|-damage|p2a: Kartana|14\/100|[from] item: Rocky Helmet|[of] p1a: Toxapex\n|move|p1a: Toxapex|Recover|p1a: Toxapex\n|-heal|p1a: Toxapex|53\/100\n|\n|upkeep\n|turn|32\n|-message|Bear233 forfeited.\n|\n|win|lawrenceyu\n|raw|lawrenceyu's rating: 1603 &rarr; <strong>1623<\/strong><br \/>(+20 for winning)\n|raw|Bear233's rating: 1603 &rarr; <strong>1583<\/strong><br \/>(-20 for losing)\n","uploadtime":1701004930,"views":1,"p1id":"lawrenceyu","p2id":"bear233","formatid":"gen9nationaldex","rating":1583,"private":0,"password":""}