{"id":"gen9nationaldex-1995856778","p1":"Ac_30","p2":"TheStroker","format":"[Gen 9] National Dex","log":"|html|<div class=\"broadcast-blue\"><strong>[Gen 9] National Dex is currently suspecting Sneasler! For information on how to participate check out the <a href=\"https:\/\/www.smogon.com\/forums\/threads\/sv-national-dex-suspect-8-just-dance.3731534\/\">suspect thread<\/a>.<\/strong><\/div>\n|j|\u2606Ac_30\n|j|\u2606TheStroker\n|t:|1700610238\n|gametype|singles\n|player|p1|Ac_30|dancer|1398\n|player|p2|TheStroker|janitor|1529\n|teamsize|p1|6\n|teamsize|p2|6\n|gen|9\n|tier|[Gen 9] National Dex\n|rated|\n|rule|HP Percentage Mod: HP is shown in percentages\n|rule|Endless Battle Clause: Forcing endless battles is banned\n|rule|OHKO Clause: OHKO moves are banned\n|rule|Evasion Clause: Evasion abilities, items, and moves are banned\n|rule|Evasion Abilities Clause: Evasion abilities are banned\n|rule|Evasion Items Clause: Evasion items are banned\n|rule|Evasion Moves Clause: Evasion moves are banned\n|rule|Species Clause: Limit one of each Pok\u00e9mon\n|rule|Sleep Clause Mod: Limit one foe put to sleep\n|clearpoke\n|poke|p1|Goodra-Hisui, M|\n|poke|p1|Grimmsnarl, M|\n|poke|p1|Zoroark-Hisui, M|\n|poke|p1|Gliscor, M|\n|poke|p1|Aegislash, M|\n|poke|p1|Kartana|\n|poke|p2|Skeledirge, M|\n|poke|p2|Ditto|\n|poke|p2|Zangoose, M|\n|poke|p2|Mightyena, M|\n|poke|p2|Landorus-Therian, M|\n|poke|p2|Sneasler, M|\n|teampreview\n|inactive|Battle timer is ON: inactive players will automatically lose when time's up. (requested by Ac_30)\n|j| kung fu pokechu\n|j| gayspotter2\n|inactive|Ac_30 has 120 seconds left.\n|l| kung fu pokechu\n|\n|t:|1700610294\n|start\n|switch|p1a: Zangetsu|Aegislash, M, shiny|100\/100\n|switch|p2a: oooooooooooooo|Landorus-Therian, M|100\/100\n|-ability|p2a: oooooooooooooo|Intimidate|boost\n|-unboost|p1a: Zangetsu|atk|1\n|turn|1\n|\n|t:|1700610313\n|switch|p1a: Slimsnarl|Grimmsnarl, M, shiny|100\/100\n|move|p2a: oooooooooooooo|Substitute|p2a: oooooooooooooo\n|-start|p2a: oooooooooooooo|Substitute\n|-damage|p2a: oooooooooooooo|75\/100\n|\n|-heal|p2a: oooooooooooooo|82\/100|[from] item: Leftovers\n|upkeep\n|turn|2\n|\n|t:|1700610324\n|move|p1a: Slimsnarl|Taunt|p2a: oooooooooooooo\n|-start|p2a: oooooooooooooo|move: Taunt\n|move|p2a: oooooooooooooo|Knock Off|p1a: Slimsnarl\n|-resisted|p1a: Slimsnarl\n|-damage|p1a: Slimsnarl|91\/100\n|-enditem|p1a: Slimsnarl|Light Clay|[from] move: Knock Off|[of] p2a: oooooooooooooo\n|\n|-heal|p2a: oooooooooooooo|88\/100|[from] item: Leftovers\n|upkeep\n|turn|3\n|\n|t:|1700610351\n|move|p2a: oooooooooooooo|Earthquake|p1a: Slimsnarl\n|-damage|p1a: Slimsnarl|32\/100\n|move|p1a: Slimsnarl|Spirit Break|p2a: oooooooooooooo\n|-end|p2a: oooooooooooooo|Substitute\n|\n|-heal|p2a: oooooooooooooo|94\/100|[from] item: Leftovers\n|upkeep\n|turn|4\n|\n|t:|1700610361\n|switch|p1a: Clamps|Gliscor, M, shiny|100\/100\n|move|p2a: oooooooooooooo|Earthquake|p1a: Clamps\n|-immune|p1a: Clamps\n|\n|-heal|p2a: oooooooooooooo|99\/100|[from] item: Leftovers\n|-end|p2a: oooooooooooooo|move: Taunt\n|-status|p1a: Clamps|tox|[from] item: Toxic Orb\n|upkeep\n|turn|5\n|\n|t:|1700610367\n|move|p2a: oooooooooooooo|Substitute|p2a: oooooooooooooo\n|-start|p2a: oooooooooooooo|Substitute\n|-damage|p2a: oooooooooooooo|75\/100\n|move|p1a: Clamps|Knock Off|p2a: oooooooooooooo\n|-end|p2a: oooooooooooooo|Substitute\n|\n|-heal|p2a: oooooooooooooo|81\/100|[from] item: Leftovers\n|upkeep\n|turn|6\n|inactive|TheStroker has 120 seconds left.\n|\n|t:|1700610405\n|switch|p2a: Rather mighty|Mightyena, M|100\/100\n|-ability|p2a: Rather mighty|Intimidate|boost\n|-unboost|p1a: Clamps|atk|1\n|move|p1a: Clamps|Knock Off|p2a: Rather mighty\n|-resisted|p2a: Rather mighty\n|-damage|p2a: Rather mighty|87\/100\n|-enditem|p2a: Rather mighty|Focus Sash|[from] move: Knock Off|[of] p1a: Clamps\n|\n|upkeep\n|turn|7\n|inactive|TheStroker has 120 seconds left.\n|\n|t:|1700610414\n|move|p1a: Clamps|Stealth Rock|p2a: Rather mighty\n|-sidestart|p2: TheStroker|move: Stealth Rock\n|move|p2a: Rather mighty|Taunt|p1a: Clamps\n|-start|p1a: Clamps|move: Taunt\n|\n|upkeep\n|turn|8\n|\n|t:|1700610422\n|switch|p1a: Slimsnarl|Grimmsnarl, M, shiny|32\/100\n|move|p2a: Rather mighty|Crunch|p1a: Slimsnarl\n|-resisted|p1a: Slimsnarl\n|-damage|p1a: Slimsnarl|22\/100\n|\n|upkeep\n|turn|9\n|\n|t:|1700610431\n|move|p1a: Slimsnarl|Reflect|p1a: Slimsnarl\n|-sidestart|p1: Ac_30|Reflect\n|move|p2a: Rather mighty|Thunder Fang|p1a: Slimsnarl\n|-damage|p1a: Slimsnarl|12\/100\n|\n|upkeep\n|turn|10\n|\n|t:|1700610438\n|move|p1a: Slimsnarl|Light Screen|p1a: Slimsnarl\n|-sidestart|p1: Ac_30|move: Light Screen\n|move|p2a: Rather mighty|Thunder Fang|p1a: Slimsnarl\n|-damage|p1a: Slimsnarl|0 fnt\n|faint|p1a: Slimsnarl\n|\n|upkeep\n|j| kung fu pokechu\n|\n|t:|1700610461\n|switch|p1a: Zangetsu|Aegislash, M, shiny|100\/100\n|turn|11\n|\n|t:|1700610471\n|move|p2a: Rather mighty|Taunt|p1a: Zangetsu\n|-start|p1a: Zangetsu|move: Taunt\n|-formechange|p1a: Zangetsu|Aegislash-Blade||[from] ability: Stance Change\n|move|p1a: Zangetsu|Sacred Sword|p2a: Rather mighty\n|-supereffective|p2a: Rather mighty\n|-damage|p2a: Rather mighty|0 fnt\n|faint|p2a: Rather mighty\n|\n|upkeep\n|\n|t:|1700610485\n|switch|p2a: oooooooooooooo|Landorus-Therian, M|81\/100\n|-damage|p2a: oooooooooooooo|69\/100|[from] Stealth Rock\n|-ability|p2a: oooooooooooooo|Intimidate|boost\n|-unboost|p1a: Zangetsu|atk|1\n|turn|12\n|\n|t:|1700610501\n|switch|p1a: Clamps|Gliscor, M, shiny|100\/100 tox\n|move|p2a: oooooooooooooo|Bulk Up|p2a: oooooooooooooo\n|-boost|p2a: oooooooooooooo|atk|1\n|-boost|p2a: oooooooooooooo|def|1\n|\n|-heal|p2a: oooooooooooooo|75\/100|[from] item: Leftovers\n|upkeep\n|turn|13\n|\n|t:|1700610513\n|move|p2a: oooooooooooooo|Substitute|p2a: oooooooooooooo\n|-start|p2a: oooooooooooooo|Substitute\n|-damage|p2a: oooooooooooooo|50\/100\n|move|p1a: Clamps|Knock Off|p2a: oooooooooooooo\n|-activate|p2a: oooooooooooooo|move: Substitute|[damage]\n|\n|-heal|p2a: oooooooooooooo|56\/100|[from] item: Leftovers\n|-sideend|p1: Ac_30|Reflect\n|upkeep\n|turn|14\n|\n|t:|1700610516\n|move|p2a: oooooooooooooo|Bulk Up|p2a: oooooooooooooo\n|-boost|p2a: oooooooooooooo|atk|1\n|-boost|p2a: oooooooooooooo|def|1\n|move|p1a: Clamps|Knock Off|p2a: oooooooooooooo\n|-crit|p2a: oooooooooooooo\n|-end|p2a: oooooooooooooo|Substitute\n|\n|-heal|p2a: oooooooooooooo|62\/100|[from] item: Leftovers\n|-sideend|p1: Ac_30|move: Light Screen\n|upkeep\n|turn|15\n|\n|t:|1700610524\n|switch|p1a: Kartana|Kartana|100\/100\n|move|p2a: oooooooooooooo|Substitute|p2a: oooooooooooooo\n|-start|p2a: oooooooooooooo|Substitute\n|-damage|p2a: oooooooooooooo|37\/100\n|\n|-heal|p2a: oooooooooooooo|43\/100|[from] item: Leftovers\n|upkeep\n|turn|16\n|\n|t:|1700610540\n|move|p1a: Kartana|Leaf Blade|p2a: oooooooooooooo\n|-end|p2a: oooooooooooooo|Substitute\n|move|p2a: oooooooooooooo|Earthquake|p1a: Kartana\n|-damage|p1a: Kartana|0 fnt\n|faint|p1a: Kartana\n|\n|-heal|p2a: oooooooooooooo|49\/100|[from] item: Leftovers\n|upkeep\n|\n|t:|1700610546\n|switch|p1a: Zangetsu|Aegislash, M, shiny|100\/100\n|turn|17\n|\n|t:|1700610550\n|move|p1a: Zangetsu|Nasty Plot|p1a: Zangetsu\n|-boost|p1a: Zangetsu|spa|2\n|move|p2a: oooooooooooooo|Substitute|p2a: oooooooooooooo\n|-start|p2a: oooooooooooooo|Substitute\n|-damage|p2a: oooooooooooooo|24\/100\n|\n|-heal|p2a: oooooooooooooo|30\/100|[from] item: Leftovers\n|upkeep\n|turn|18\n|\n|t:|1700610569\n|move|p1a: Zangetsu|Hyper Voice|p2a: oooooooooooooo\n|-damage|p2a: oooooooooooooo|0 fnt\n|faint|p2a: oooooooooooooo\n|\n|upkeep\n|\n|t:|1700610580\n|switch|p2a: cancer noob luck|Sneasler, M|100\/100\n|-damage|p2a: cancer noob luck|95\/100|[from] Stealth Rock\n|-item|p2a: cancer noob luck|Air Balloon\n|turn|19\n|\n|t:|1700610596\n|move|p2a: cancer noob luck|Dire Claw|p1a: Zangetsu\n|-resisted|p1a: Zangetsu\n|-damage|p1a: Zangetsu|61\/100\n|replace|p1a: SuPerWeAVe|Zoroark-Hisui, M, shiny\n|-end|p1a: SuPerWeAVe|Illusion\n|move|p1a: SuPerWeAVe|Hyper Voice|p2a: cancer noob luck\n|-damage|p2a: cancer noob luck|0 fnt\n|-enditem|p2a: cancer noob luck|Air Balloon\n|faint|p2a: cancer noob luck\n|\n|upkeep\n|inactive|TheStroker has 120 seconds left.\n|inactive|TheStroker has 90 seconds left.\n|\n|t:|1700610636\n|switch|p2a: Not edited|Ditto|100\/100\n|-damage|p2a: Not edited|88\/100|[from] Stealth Rock\n|-transform|p2a: Not edited|p1a: SuPerWeAVe|[from] ability: Imposter\n|turn|20\n|\n|t:|1700610651\n|-terastallize|p1a: SuPerWeAVe|Fire\n|move|p2a: Not edited|Flamethrower|p1a: SuPerWeAVe\n|-resisted|p1a: SuPerWeAVe\n|-damage|p1a: SuPerWeAVe|4\/100\n|move|p1a: SuPerWeAVe|Flamethrower|p2a: Not edited\n|-damage|p2a: Not edited|0 fnt\n|faint|p2a: Not edited\n|\n|upkeep\n|\n|t:|1700610658\n|switch|p2a: Zangn\u00f3\u00f3b|Zangoose, M|100\/100\n|-damage|p2a: Zangn\u00f3\u00f3b|88\/100|[from] Stealth Rock\n|turn|21\n|\n|t:|1700610665\n|move|p2a: Zangn\u00f3\u00f3b|Quick Attack|p1a: SuPerWeAVe\n|-damage|p1a: SuPerWeAVe|0 fnt\n|faint|p1a: SuPerWeAVe\n|\n|-status|p2a: Zangn\u00f3\u00f3b|tox|[from] item: Toxic Orb\n|upkeep\n|inactive|Ac_30 has 120 seconds left.\n|l|\u2606Ac_30\n|inactive|Ac_30 disconnected and has a minute to reconnect!\n|player|p1|\n|j|\u2606Ac_30\n|inactive|Ac_30 reconnected and has 120 seconds left.\n|player|p1|Ac_30|dancer\n|\n|t:|1700610703\n|switch|p1a: Clamps|Gliscor, M, shiny|100\/100 tox\n|turn|22\n|inactive|Ac_30 has 120 seconds left.\n|\n|t:|1700610710\n|move|p2a: Zangn\u00f3\u00f3b|Facade|p1a: Clamps\n|-damage|p1a: Clamps|9\/100 tox\n|move|p1a: Clamps|Earthquake|p2a: Zangn\u00f3\u00f3b\n|-damage|p2a: Zangn\u00f3\u00f3b|11\/100 tox\n|\n|-damage|p2a: Zangn\u00f3\u00f3b|5\/100 tox|[from] psn\n|-heal|p1a: Clamps|21\/100 tox|[from] ability: Poison Heal\n|upkeep\n|turn|23\n|\n|t:|1700610720\n|switch|p1a: Zangetsu|Aegislash, M, shiny|100\/100\n|move|p2a: Zangn\u00f3\u00f3b|Knock Off|p1a: Zangetsu\n|-supereffective|p1a: Zangetsu\n|-damage|p1a: Zangetsu|30\/100\n|-enditem|p1a: Zangetsu|Weakness Policy\n|-boost|p1a: Zangetsu|atk|2|[from] item: Weakness Policy\n|-boost|p1a: Zangetsu|spa|2|[from] item: Weakness Policy\n|\n|-damage|p2a: Zangn\u00f3\u00f3b|0 fnt|[from] psn\n|faint|p2a: Zangn\u00f3\u00f3b\n|upkeep\n|\n|t:|1700610729\n|switch|p2a: Not flamboyant|Skeledirge, M|100\/100\n|turn|24\n|\n|t:|1700610737\n|-terastallize|p2a: Not flamboyant|Water\n|-formechange|p1a: Zangetsu|Aegislash-Blade||[from] ability: Stance Change\n|move|p1a: Zangetsu|Shadow Sneak|p2a: Not flamboyant\n|-damage|p2a: Not flamboyant|87\/100\n|move|p2a: Not flamboyant|Torch Song|p1a: Zangetsu\n|-supereffective|p1a: Zangetsu\n|-damage|p1a: Zangetsu|0 fnt\n|-boost|p2a: Not flamboyant|spa|1\n|faint|p1a: Zangetsu\n|\n|upkeep\n|\n|t:|1700610751\n|switch|p1a: Clamps|Gliscor, M, shiny|21\/100 tox\n|turn|25\n|\n|t:|1700610759\n|move|p1a: Clamps|Knock Off|p2a: Not flamboyant\n|-crit|p2a: Not flamboyant\n|-damage|p2a: Not flamboyant|64\/100\n|-enditem|p2a: Not flamboyant|Heavy-Duty Boots|[from] move: Knock Off|[of] p1a: Clamps\n|move|p2a: Not flamboyant|Torch Song|p1a: Clamps\n|-damage|p1a: Clamps|0 fnt\n|-boost|p2a: Not flamboyant|spa|1\n|faint|p1a: Clamps\n|\n|upkeep\n|\n|t:|1700610766\n|switch|p1a: Slushy XL|Goodra-Hisui, M, shiny|100\/100\n|turn|26\n|\n|t:|1700610771\n|move|p2a: Not flamboyant|Torch Song|p1a: Slushy XL\n|-damage|p1a: Slushy XL|76\/100\n|-boost|p2a: Not flamboyant|spa|1\n|move|p1a: Slushy XL|Dragon Pulse|p2a: Not flamboyant\n|-damage|p2a: Not flamboyant|21\/100\n|\n|upkeep\n|turn|27\n|\n|t:|1700610779\n|move|p2a: Not flamboyant|Slack Off|p2a: Not flamboyant\n|-heal|p2a: Not flamboyant|72\/100\n|move|p1a: Slushy XL|Dragon Pulse|p2a: Not flamboyant\n|-damage|p2a: Not flamboyant|28\/100\n|\n|upkeep\n|turn|28\n|\n|t:|1700610787\n|move|p2a: Not flamboyant|Slack Off|p2a: Not flamboyant\n|-heal|p2a: Not flamboyant|78\/100\n|move|p1a: Slushy XL|Dragon Pulse|p2a: Not flamboyant\n|-damage|p2a: Not flamboyant|34\/100\n|\n|upkeep\n|turn|29\n|\n|t:|1700610791\n|move|p2a: Not flamboyant|Slack Off|p2a: Not flamboyant\n|-heal|p2a: Not flamboyant|84\/100\n|move|p1a: Slushy XL|Dragon Pulse|p2a: Not flamboyant\n|-damage|p2a: Not flamboyant|44\/100\n|\n|upkeep\n|turn|30\n|\n|t:|1700610795\n|move|p2a: Not flamboyant|Slack Off|p2a: Not flamboyant\n|-heal|p2a: Not flamboyant|94\/100\n|move|p1a: Slushy XL|Dragon Pulse|p2a: Not flamboyant\n|-damage|p2a: Not flamboyant|51\/100\n|\n|upkeep\n|turn|31\n|\n|t:|1700610798\n|move|p2a: Not flamboyant|Slack Off|p2a: Not flamboyant\n|-heal|p2a: Not flamboyant|100\/100\n|move|p1a: Slushy XL|Dragon Pulse|p2a: Not flamboyant\n|-damage|p2a: Not flamboyant|55\/100\n|\n|upkeep\n|turn|32\n|\n|t:|1700610811\n|move|p2a: Not flamboyant|Torch Song|p1a: Slushy XL\n|-damage|p1a: Slushy XL|45\/100\n|-boost|p2a: Not flamboyant|spa|1\n|move|p1a: Slushy XL|Dragon Pulse|p2a: Not flamboyant\n|-damage|p2a: Not flamboyant|10\/100\n|\n|upkeep\n|turn|33\n|inactive|TheStroker has 120 seconds left.\n|\n|t:|1700610851\n|move|p2a: Not flamboyant|Slack Off|p2a: Not flamboyant\n|-heal|p2a: Not flamboyant|60\/100\n|move|p1a: Slushy XL|Dragon Pulse|p2a: Not flamboyant\n|-damage|p2a: Not flamboyant|21\/100\n|\n|upkeep\n|turn|34\n|\n|t:|1700610854\n|move|p2a: Not flamboyant|Slack Off|p2a: Not flamboyant\n|-heal|p2a: Not flamboyant|72\/100\n|move|p1a: Slushy XL|Dragon Pulse|p2a: Not flamboyant\n|-damage|p2a: Not flamboyant|31\/100\n|\n|upkeep\n|turn|35\n|\n|t:|1700610858\n|move|p2a: Not flamboyant|Slack Off|p2a: Not flamboyant\n|-heal|p2a: Not flamboyant|81\/100\n|move|p1a: Slushy XL|Dragon Pulse|p2a: Not flamboyant\n|-damage|p2a: Not flamboyant|39\/100\n|\n|upkeep\n|turn|36\n|\n|t:|1700610864\n|move|p2a: Not flamboyant|Torch Song|p1a: Slushy XL\n|-damage|p1a: Slushy XL|5\/100\n|-boost|p2a: Not flamboyant|spa|1\n|move|p1a: Slushy XL|Dragon Pulse|p2a: Not flamboyant\n|-damage|p2a: Not flamboyant|0 fnt\n|faint|p2a: Not flamboyant\n|\n|win|Ac_30\n|raw|Ac_30's rating: 1398 &rarr; <strong>1425<\/strong><br \/>(+27 for winning)\n|raw|TheStroker's rating: 1529 &rarr; <strong>1502<\/strong><br \/>(-27 for losing)\n|l|\u2606Ac_30\n","uploadtime":1700610880,"views":1,"p1id":"ac30","p2id":"thestroker","formatid":"gen9nationaldex","rating":1425,"private":0,"password":""}