{"id":"gen9nationaldex-1995773468","p1":"imbleed","p2":"Symphonia R","format":"[Gen 9] National Dex","log":"|html|<div class=\"broadcast-blue\"><strong>[Gen 9] National Dex is currently suspecting Sneasler! For information on how to participate check out the <a href=\"https:\/\/www.smogon.com\/forums\/threads\/sv-national-dex-suspect-8-just-dance.3731534\/\">suspect thread<\/a>.<\/strong><\/div>\n|j|\u2606imbleed\n|j|\u2606Symphonia R\n|t:|1700601814\n|gametype|singles\n|player|p1|imbleed|poppy|1396\n|player|p2|Symphonia R|elesa|1437\n|teamsize|p1|6\n|teamsize|p2|6\n|gen|9\n|tier|[Gen 9] National Dex\n|rated|\n|rule|HP Percentage Mod: HP is shown in percentages\n|rule|Endless Battle Clause: Forcing endless battles is banned\n|rule|OHKO Clause: OHKO moves are banned\n|rule|Evasion Clause: Evasion abilities, items, and moves are banned\n|rule|Evasion Abilities Clause: Evasion abilities are banned\n|rule|Evasion Items Clause: Evasion items are banned\n|rule|Evasion Moves Clause: Evasion moves are banned\n|rule|Species Clause: Limit one of each Pok\u00e9mon\n|rule|Sleep Clause Mod: Limit one foe put to sleep\n|clearpoke\n|poke|p1|Flareon, M|\n|poke|p1|Ninetales-Alola, F|\n|poke|p1|Scolipede, M|\n|poke|p1|Raikou|\n|poke|p1|Zangoose, M|\n|poke|p1|Lycanroc-Dusk, M|\n|poke|p2|Ninetales-Alola, F|\n|poke|p2|Abomasnow, F|\n|poke|p2|Arctozolt|\n|poke|p2|Walrein, F|\n|poke|p2|Iron Valiant|\n|poke|p2|Lopunny, M|\n|teampreview\n|j| TheStroker\n|j| kung fu pokechu\n|j| NotBeliever\n|\n|t:|1700601837\n|start\n|switch|p1a: 9 empty tales|Ninetales-Alola, F|100\/100\n|switch|p2a: Lopunny|Lopunny, M|100\/100\n|-weather|Snow|[from] ability: Snow Warning|[of] p1a: 9 empty tales\n|turn|1\n|\n|t:|1700601843\n|detailschange|p2a: Lopunny|Lopunny-Mega, M\n|-mega|p2a: Lopunny|Lopunny|Lopunnite\n|move|p2a: Lopunny|Fake Out|p1a: 9 empty tales\n|-damage|p1a: 9 empty tales|82\/100\n|cant|p1a: 9 empty tales|flinch\n|\n|-weather|Snow|[upkeep]\n|upkeep\n|turn|2\n|\n|t:|1700601849\n|move|p2a: Lopunny|Close Combat|p1a: 9 empty tales\n|-damage|p1a: 9 empty tales|31\/100\n|-unboost|p2a: Lopunny|def|1\n|-unboost|p2a: Lopunny|spd|1\n|move|p1a: 9 empty tales|Aurora Veil|p1a: 9 empty tales\n|-sidestart|p1: imbleed|move: Aurora Veil\n|\n|-weather|Snow|[upkeep]\n|upkeep\n|turn|3\n|\n|t:|1700601856\n|move|p2a: Lopunny|Close Combat|p1a: 9 empty tales\n|-damage|p1a: 9 empty tales|6\/100\n|-unboost|p2a: Lopunny|def|1\n|-unboost|p2a: Lopunny|spd|1\n|move|p1a: 9 empty tales|Safeguard|p1a: 9 empty tales\n|-sidestart|p1: imbleed|Safeguard\n|\n|-weather|Snow|[upkeep]\n|upkeep\n|turn|4\n|\n|t:|1700601864\n|switch|p2a: Abomasnow|Abomasnow, F|100\/100\n|move|p1a: 9 empty tales|Freeze-Dry|p2a: Abomasnow\n|-damage|p2a: Abomasnow|81\/100\n|\n|-weather|Snow|[upkeep]\n|upkeep\n|turn|5\n|\n|t:|1700601869\n|switch|p1a: pet the fluff|Flareon, M|100\/100\n|move|p2a: Abomasnow|Aurora Veil|p2a: Abomasnow\n|-sidestart|p2: Symphonia R|move: Aurora Veil\n|\n|-weather|none\n|-status|p1a: pet the fluff|tox|[from] item: Toxic Orb\n|upkeep\n|turn|6\n|j| 5cat\n|\n|t:|1700601877\n|move|p1a: pet the fluff|Trailblaze|p2a: Abomasnow\n|-resisted|p2a: Abomasnow\n|-damage|p2a: Abomasnow|76\/100\n|-boost|p1a: pet the fluff|spe|1\n|move|p2a: Abomasnow|Leech Seed|p1a: pet the fluff\n|-start|p1a: pet the fluff|move: Leech Seed\n|\n|-damage|p1a: pet the fluff|88\/100 tox|[from] Leech Seed|[of] p2a: Abomasnow\n|-heal|p2a: Abomasnow|85\/100|[silent]\n|-damage|p1a: pet the fluff|82\/100 tox|[from] psn\n|upkeep\n|turn|7\n|\n|t:|1700601886\n|move|p1a: pet the fluff|Flare Blitz|p2a: Abomasnow\n|-supereffective|p2a: Abomasnow\n|-damage|p2a: Abomasnow|0 fnt\n|faint|p2a: Abomasnow\n|-damage|p1a: pet the fluff|43\/100 tox|[from] Recoil\n|\n|-damage|p1a: pet the fluff|31\/100 tox|[from] psn\n|-sideend|p1: imbleed|Safeguard\n|upkeep\n|\n|t:|1700601896\n|switch|p2a: Lopunny|Lopunny-Mega, M|100\/100\n|turn|8\n|\n|t:|1700601907\n|move|p2a: Lopunny|Fake Out|p1a: pet the fluff\n|-damage|p1a: pet the fluff|10\/100 tox\n|cant|p1a: pet the fluff|flinch\n|\n|-damage|p1a: pet the fluff|0 fnt|[from] Leech Seed|[of] p2a: Lopunny\n|faint|p1a: pet the fluff\n|upkeep\n|\n|t:|1700601926\n|switch|p1a: beed boosted|Scolipede, M|100\/100\n|turn|9\n|\n|t:|1700601935\n|switch|p2a: Ninetales|Ninetales-Alola, F, shiny|100\/100\n|-weather|Snow|[from] ability: Snow Warning|[of] p2a: Ninetales\n|move|p1a: beed boosted|Swords Dance|p1a: beed boosted\n|-boost|p1a: beed boosted|atk|2\n|\n|-weather|Snow|[upkeep]\n|-sideend|p1: imbleed|move: Aurora Veil\n|-ability|p1a: beed boosted|Speed Boost|boost\n|-boost|p1a: beed boosted|spe|1\n|upkeep\n|turn|10\n|\n|t:|1700601943\n|move|p1a: beed boosted|Poison Jab|p2a: Ninetales\n|-supereffective|p2a: Ninetales\n|-crit|p2a: Ninetales\n|-damage|p2a: Ninetales|0 fnt\n|faint|p2a: Ninetales\n|\n|-weather|Snow|[upkeep]\n|-ability|p1a: beed boosted|Speed Boost|boost\n|-boost|p1a: beed boosted|spe|1\n|upkeep\n|-message|Symphonia R forfeited.\n|\n|win|imbleed\n|raw|imbleed's rating: 1396 &rarr; <strong>1418<\/strong><br \/>(+22 for winning)\n|raw|Symphonia R's rating: 1437 &rarr; <strong>1415<\/strong><br \/>(-22 for losing)\n|l|\u2606Symphonia R\n","uploadtime":1700601954,"views":0,"p1id":"imbleed","p2id":"symphoniar","formatid":"gen9nationaldex","rating":1415,"private":0,"password":""}