{"id":"gen9nationaldex-1991838321","p1":"The Np sweep","p2":"chansey and lulu","format":"[Gen 9] National Dex","log":"|j|\u203dThe Np sweep\n|j|\u2606chansey and lulu\n|inactive|Battle timer is ON: inactive players will automatically lose when time's up.\n|t:|1700126244\n|gametype|singles\n|player|p1|The Np sweep|hilbert|\n|player|p2|chansey and lulu|102|\n|teamsize|p1|6\n|teamsize|p2|6\n|gen|9\n|tier|[Gen 9] National Dex\n|rated|Tournament battle\n|rule|HP Percentage Mod: HP is shown in percentages\n|rule|Endless Battle Clause: Forcing endless battles is banned\n|rule|OHKO Clause: OHKO moves are banned\n|rule|Evasion Clause: Evasion abilities, items, and moves are banned\n|rule|Evasion Abilities Clause: Evasion abilities are banned\n|rule|Evasion Items Clause: Evasion items are banned\n|rule|Evasion Moves Clause: Evasion moves are banned\n|rule|Species Clause: Limit one of each Pok\u00e9mon\n|rule|Sleep Clause Mod: Limit one foe put to sleep\n|clearpoke\n|poke|p1|Iron Valiant|\n|poke|p1|Tapu Lele|\n|poke|p1|Zapdos|\n|poke|p1|Zamazenta-*|\n|poke|p1|Ferrothorn, M|\n|poke|p1|Sneasler, F|\n|poke|p2|Rillaboom, M|\n|poke|p2|Heatran, F|\n|poke|p2|Urshifu-*, F|\n|poke|p2|Slowking-Galar, F|\n|poke|p2|Thundurus-Therian, M|\n|poke|p2|Weezing-Galar, F|\n|teampreview\n|j| prince5\n|\n|t:|1700126273\n|start\n|switch|p1a: Iron Valiant|Iron Valiant|100\/100\n|switch|p2a: Slowking|Slowking-Galar, F|100\/100\n|turn|1\n|\n|t:|1700126279\n|move|p1a: Iron Valiant|Knock Off|p2a: Slowking\n|-supereffective|p2a: Slowking\n|-damage|p2a: Slowking|28\/100\n|-enditem|p2a: Slowking|Heavy-Duty Boots|[from] move: Knock Off|[of] p1a: Iron Valiant\n|-damage|p1a: Iron Valiant|91\/100|[from] item: Life Orb\n|move|p2a: Slowking|Thunder Wave|p1a: Iron Valiant\n|-status|p1a: Iron Valiant|par\n|\n|upkeep\n|turn|2\n|\n|t:|1700126288\n|switch|p2a: Weezing|Weezing-Galar, F|100\/100\n|-ability|p2a: Weezing|Neutralizing Gas\n|move|p1a: Iron Valiant|Close Combat|p2a: Weezing\n|-resisted|p2a: Weezing\n|-damage|p2a: Weezing|88\/100\n|-unboost|p1a: Iron Valiant|def|1\n|-unboost|p1a: Iron Valiant|spd|1\n|-damage|p1a: Iron Valiant|81\/100 par|[from] item: Life Orb\n|\n|-heal|p2a: Weezing|94\/100|[from] item: Leftovers\n|upkeep\n|turn|3\n|j|+Kate\n|\n|t:|1700126297\n|move|p1a: Iron Valiant|Psychic|p2a: Weezing\n|-supereffective|p2a: Weezing\n|-damage|p2a: Weezing|0 fnt\n|faint|p2a: Weezing\n|-end|p2a: Weezing|ability: Neutralizing Gas\n|-damage|p1a: Iron Valiant|71\/100 par|[from] item: Life Orb\n|\n|upkeep\n|\n|t:|1700126301\n|switch|p2a: Urshifu|Urshifu-Rapid-Strike, F|100\/100\n|turn|4\n|\n|t:|1700126310\n|switch|p2a: Thundurus|Thundurus-Therian, M|100\/100\n|move|p1a: Iron Valiant|Close Combat|p2a: Thundurus\n|-resisted|p2a: Thundurus\n|-damage|p2a: Thundurus|40\/100\n|-unboost|p1a: Iron Valiant|def|1\n|-unboost|p1a: Iron Valiant|spd|1\n|-damage|p1a: Iron Valiant|62\/100 par|[from] item: Life Orb\n|\n|upkeep\n|turn|5\n|\n|t:|1700126316\n|move|p2a: Thundurus|Volt Switch|p1a: Iron Valiant\n|-damage|p1a: Iron Valiant|0 fnt\n|faint|p1a: Iron Valiant\n|-end|p1a: Iron Valiant|Quark Drive|[silent]\n|\n|t:|1700126320\n|switch|p2a: Slowking|Slowking-Galar, F|62\/100|[from] Volt Switch\n|\n|upkeep\n|\n|t:|1700126327\n|switch|p1a: Zamazenta|Zamazenta, shiny|100\/100\n|-ability|p1a: Zamazenta|Dauntless Shield|boost\n|-boost|p1a: Zamazenta|def|1\n|turn|6\n|\n|t:|1700126336\n|move|p1a: Zamazenta|Close Combat|p2a: Slowking\n|-resisted|p2a: Slowking\n|-damage|p2a: Slowking|50\/100\n|-unboost|p1a: Zamazenta|def|1\n|-unboost|p1a: Zamazenta|spd|1\n|move|p2a: Slowking|Thunder Wave|p1a: Zamazenta\n|-status|p1a: Zamazenta|par\n|\n|upkeep\n|turn|7\n|\n|t:|1700126346\n|cant|p1a: Zamazenta|par\n|move|p2a: Slowking|Chilly Reception|p2a: Slowking\n|-weather|Snow\n|\n|t:|1700126350\n|switch|p2a: Urshifu|Urshifu-Rapid-Strike, F|100\/100|[from] Chilly Reception\n|\n|-weather|Snow|[upkeep]\n|upkeep\n|turn|8\n|\n|t:|1700126356\n|move|p2a: Urshifu|Surging Strikes|p1a: Zamazenta\n|-crit|p1a: Zamazenta\n|-damage|p1a: Zamazenta|75\/100 par\n|-crit|p1a: Zamazenta\n|-damage|p1a: Zamazenta|46\/100 par\n|-crit|p1a: Zamazenta\n|-damage|p1a: Zamazenta|17\/100 par\n|-hitcount|p1a: Zamazenta|3\n|cant|p1a: Zamazenta|par\n|\n|-weather|Snow|[upkeep]\n|upkeep\n|turn|9\n|\n|t:|1700126365\n|switch|p1a: Ferrothorn|Ferrothorn, M|100\/100\n|move|p2a: Urshifu|Surging Strikes|p1a: Ferrothorn\n|-resisted|p1a: Ferrothorn\n|-crit|p1a: Ferrothorn\n|-damage|p1a: Ferrothorn|88\/100\n|-damage|p2a: Urshifu|88\/100|[from] ability: Iron Barbs|[of] p1a: Ferrothorn\n|-resisted|p1a: Ferrothorn\n|-crit|p1a: Ferrothorn\n|-damage|p1a: Ferrothorn|77\/100\n|-damage|p2a: Urshifu|76\/100|[from] ability: Iron Barbs|[of] p1a: Ferrothorn\n|-resisted|p1a: Ferrothorn\n|-crit|p1a: Ferrothorn\n|-damage|p1a: Ferrothorn|66\/100\n|-damage|p2a: Urshifu|64\/100|[from] ability: Iron Barbs|[of] p1a: Ferrothorn\n|-hitcount|p1a: Ferrothorn|3\n|\n|-weather|Snow|[upkeep]\n|-heal|p1a: Ferrothorn|72\/100|[from] item: Leftovers\n|upkeep\n|turn|10\n|\n|t:|1700126370\n|switch|p2a: Heatran|Heatran, F|100\/100\n|move|p1a: Ferrothorn|Stealth Rock|p2a: Heatran\n|-sidestart|p2: chansey and lulu|move: Stealth Rock\n|\n|-weather|Snow|[upkeep]\n|-heal|p1a: Ferrothorn|79\/100|[from] item: Leftovers\n|upkeep\n|turn|11\n|\n|t:|1700126375\n|-terastallize|p1a: Ferrothorn|Water\n|move|p2a: Heatran|Magma Storm|p1a: Ferrothorn|[miss]\n|-miss|p2a: Heatran|p1a: Ferrothorn\n|move|p1a: Ferrothorn|Leech Seed|p2a: Heatran\n|-start|p2a: Heatran|move: Leech Seed\n|\n|-weather|none\n|-heal|p1a: Ferrothorn|85\/100|[from] item: Leftovers\n|-damage|p2a: Heatran|88\/100|[from] Leech Seed|[of] p1a: Ferrothorn\n|-heal|p1a: Ferrothorn|99\/100|[silent]\n|upkeep\n|turn|12\n|\n|t:|1700126384\n|switch|p2a: Rillaboom|Rillaboom, M|100\/100\n|-damage|p2a: Rillaboom|88\/100|[from] Stealth Rock\n|-fieldstart|move: Grassy Terrain|[from] ability: Grassy Surge|[of] p2a: Rillaboom\n|move|p1a: Ferrothorn|Gyro Ball|p2a: Rillaboom\n|-damage|p2a: Rillaboom|32\/100\n|\n|-heal|p2a: Rillaboom|38\/100|[from] Grassy Terrain\n|-heal|p1a: Ferrothorn|100\/100|[from] Grassy Terrain\n|upkeep\n|turn|13\n|\n|t:|1700126391\n|switch|p1a: Zapdos|Zapdos, shiny|100\/100\n|move|p2a: Rillaboom|U-turn|p1a: Zapdos\n|-resisted|p1a: Zapdos\n|-damage|p1a: Zapdos|77\/100\n|\n|t:|1700126394\n|switch|p2a: Heatran|Heatran, F|88\/100|[from] U-turn\n|-damage|p2a: Heatran|76\/100|[from] Stealth Rock\n|\n|-heal|p2a: Heatran|82\/100|[from] Grassy Terrain\n|-heal|p2a: Heatran|88\/100|[from] item: Leftovers\n|upkeep\n|turn|14\n|\n|t:|1700126398\n|move|p1a: Zapdos|Thunderbolt|p2a: Heatran\n|-damage|p2a: Heatran|62\/100\n|move|p2a: Heatran|Magma Storm|p1a: Zapdos\n|-damage|p1a: Zapdos|34\/100\n|-activate|p1a: Zapdos|move: Magma Storm|[of] p2a: Heatran\n|\n|-heal|p2a: Heatran|68\/100|[from] Grassy Terrain\n|-heal|p2a: Heatran|74\/100|[from] item: Leftovers\n|-damage|p1a: Zapdos|21\/100|[from] move: Magma Storm|[partiallytrapped]\n|upkeep\n|turn|15\n|j| programofuse\n|\n|t:|1700126404\n|move|p1a: Zapdos|Roost|p1a: Zapdos\n|-heal|p1a: Zapdos|72\/100\n|-singleturn|p1a: Zapdos|move: Roost\n|move|p2a: Heatran|Earth Power|p1a: Zapdos\n|-supereffective|p1a: Zapdos\n|-damage|p1a: Zapdos|19\/100\n|\n|-heal|p1a: Zapdos|25\/100|[from] Grassy Terrain\n|-heal|p2a: Heatran|80\/100|[from] Grassy Terrain\n|-heal|p2a: Heatran|87\/100|[from] item: Leftovers\n|-damage|p1a: Zapdos|12\/100|[from] move: Magma Storm|[partiallytrapped]\n|upkeep\n|turn|16\n|\n|t:|1700126409\n|move|p1a: Zapdos|Thunderbolt|p2a: Heatran\n|-damage|p2a: Heatran|61\/100\n|-status|p2a: Heatran|par\n|move|p2a: Heatran|Earth Power|p1a: Zapdos\n|-immune|p1a: Zapdos\n|\n|-heal|p2a: Heatran|67\/100 par|[from] Grassy Terrain\n|-heal|p2a: Heatran|73\/100 par|[from] item: Leftovers\n|-damage|p1a: Zapdos|0 fnt|[from] move: Magma Storm|[partiallytrapped]\n|faint|p1a: Zapdos\n|-fieldend|move: Grassy Terrain\n|upkeep\n|\n|t:|1700126415\n|switch|p1a: Tapu Lele|Tapu Lele, shiny|100\/100\n|-fieldstart|move: Psychic Terrain|[from] ability: Psychic Surge|[of] p1a: Tapu Lele\n|turn|17\n|\n|t:|1700126420\n|switch|p1a: Zamazenta|Zamazenta, shiny|17\/100 par\n|switch|p2a: Slowking|Slowking-Galar, F|83\/100\n|-damage|p2a: Slowking|70\/100|[from] Stealth Rock\n|\n|upkeep\n|turn|18\n|\n|t:|1700126426\n|cant|p1a: Zamazenta|par\n|move|p2a: Slowking|Chilly Reception|p2a: Slowking\n|-weather|Snow\n|\n|t:|1700126431\n|switch|p2a: Rillaboom|Rillaboom, M|38\/100|[from] Chilly Reception\n|-damage|p2a: Rillaboom|25\/100|[from] Stealth Rock\n|-fieldstart|move: Grassy Terrain|[from] ability: Grassy Surge|[of] p2a: Rillaboom\n|\n|-weather|Snow|[upkeep]\n|-heal|p2a: Rillaboom|32\/100|[from] Grassy Terrain\n|-heal|p1a: Zamazenta|24\/100 par|[from] Grassy Terrain\n|upkeep\n|turn|19\n|\n|t:|1700126438\n|move|p2a: Rillaboom|Grassy Glide|p1a: Zamazenta\n|-damage|p1a: Zamazenta|0 fnt\n|faint|p1a: Zamazenta\n|\n|-weather|Snow|[upkeep]\n|-heal|p2a: Rillaboom|38\/100|[from] Grassy Terrain\n|upkeep\n|\n|t:|1700126440\n|switch|p1a: Tapu Lele|Tapu Lele, shiny|100\/100\n|-fieldstart|move: Psychic Terrain|[from] ability: Psychic Surge|[of] p1a: Tapu Lele\n|turn|20\n|\n|t:|1700126452\n|switch|p1a: Sneasler|Sneasler, F|100\/100\n|-enditem|p1a: Sneasler|Psychic Seed\n|-boost|p1a: Sneasler|spd|1|[from] item: Psychic Seed\n|switch|p2a: Heatran|Heatran, F|73\/100 par\n|-damage|p2a: Heatran|61\/100 par|[from] Stealth Rock\n|\n|-weather|Snow|[upkeep]\n|-heal|p2a: Heatran|67\/100 par|[from] item: Leftovers\n|upkeep\n|turn|21\n|\n|t:|1700126456\n|switch|p2a: Slowking|Slowking-Galar, F|100\/100\n|-damage|p2a: Slowking|88\/100|[from] Stealth Rock\n|move|p1a: Sneasler|Swords Dance|p1a: Sneasler\n|-boost|p1a: Sneasler|atk|2\n|\n|-weather|Snow|[upkeep]\n|upkeep\n|turn|22\n|\n|t:|1700126460\n|move|p1a: Sneasler|Acrobatics|p2a: Slowking\n|-damage|p2a: Slowking|18\/100\n|move|p2a: Slowking|Thunder Wave|p1a: Sneasler\n|-status|p1a: Sneasler|par\n|\n|-weather|none\n|upkeep\n|turn|23\n|\n|t:|1700126466\n|cant|p1a: Sneasler|par\n|move|p2a: Slowking|Chilly Reception|p2a: Slowking\n|-weather|Snow\n|\n|t:|1700126470\n|switch|p2a: Thundurus|Thundurus-Therian, M|40\/100|[from] Chilly Reception\n|-damage|p2a: Thundurus|15\/100|[from] Stealth Rock\n|\n|-weather|Snow|[upkeep]\n|upkeep\n|turn|24\n|\n|t:|1700126473\n|-terastallize|p2a: Thundurus|Flying\n|move|p2a: Thundurus|Tera Blast|p1a: Sneasler|[anim] Tera Blast Flying\n|-supereffective|p1a: Sneasler\n|-damage|p1a: Sneasler|0 fnt\n|faint|p1a: Sneasler\n|\n|-weather|Snow|[upkeep]\n|-fieldend|move: Psychic Terrain\n|upkeep\n|\n|t:|1700126479\n|switch|p1a: Tapu Lele|Tapu Lele, shiny|100\/100\n|-fieldstart|move: Psychic Terrain|[from] ability: Psychic Surge|[of] p1a: Tapu Lele\n|turn|25\n|\n|t:|1700126485\n|move|p2a: Thundurus|Tera Blast|p1a: Tapu Lele|[anim] Tera Blast Flying\n|-damage|p1a: Tapu Lele|35\/100\n|move|p1a: Tapu Lele|Psyshock|p2a: Thundurus\n|-damage|p2a: Thundurus|0 fnt\n|faint|p2a: Thundurus\n|\n|-weather|Snow|[upkeep]\n|upkeep\n|\n|t:|1700126491\n|switch|p2a: Rillaboom|Rillaboom, M|38\/100\n|-damage|p2a: Rillaboom|25\/100|[from] Stealth Rock\n|-fieldstart|move: Grassy Terrain|[from] ability: Grassy Surge|[of] p2a: Rillaboom\n|turn|26\n|\n|t:|1700126495\n|switch|p1a: Ferrothorn|Ferrothorn, M, tera:Water|100\/100\n|move|p2a: Rillaboom|Grassy Glide|p1a: Ferrothorn\n|-supereffective|p1a: Ferrothorn\n|-damage|p1a: Ferrothorn|15\/100\n|-damage|p2a: Rillaboom|13\/100|[from] ability: Iron Barbs|[of] p1a: Ferrothorn\n|\n|-weather|Snow|[upkeep]\n|-heal|p2a: Rillaboom|19\/100|[from] Grassy Terrain\n|-heal|p1a: Ferrothorn|22\/100|[from] Grassy Terrain\n|-heal|p1a: Ferrothorn|28\/100|[from] item: Leftovers\n|upkeep\n|turn|27\n|\n|t:|1700126498\n|move|p2a: Rillaboom|Grassy Glide|p1a: Ferrothorn\n|-supereffective|p1a: Ferrothorn\n|-damage|p1a: Ferrothorn|0 fnt\n|-damage|p2a: Rillaboom|7\/100|[from] ability: Iron Barbs|[of] p1a: Ferrothorn\n|faint|p1a: Ferrothorn\n|\n|-weather|none\n|-heal|p2a: Rillaboom|13\/100|[from] Grassy Terrain\n|upkeep\n|\n|t:|1700126500\n|switch|p1a: Tapu Lele|Tapu Lele, shiny|35\/100\n|-fieldstart|move: Psychic Terrain|[from] ability: Psychic Surge|[of] p1a: Tapu Lele\n|turn|28\n|\n|t:|1700126506\n|switch|p2a: Slowking|Slowking-Galar, F|51\/100\n|-damage|p2a: Slowking|39\/100|[from] Stealth Rock\n|move|p1a: Tapu Lele|Psyshock|p2a: Slowking\n|-damage|p2a: Slowking|0 fnt\n|faint|p2a: Slowking\n|\n|upkeep\n|\n|t:|1700126513\n|switch|p2a: Rillaboom|Rillaboom, M|13\/100\n|-damage|p2a: Rillaboom|1\/100|[from] Stealth Rock\n|-fieldstart|move: Grassy Terrain|[from] ability: Grassy Surge|[of] p2a: Rillaboom\n|turn|29\n|\n|t:|1700126519\n|move|p2a: Rillaboom|Grassy Glide|p1a: Tapu Lele\n|-damage|p1a: Tapu Lele|0 fnt\n|faint|p1a: Tapu Lele\n|\n|win|chansey and lulu\n|n|\u203dThe Np sweep|thenpsweep\n|n|\u2606chansey and lulu|chanseyandlulu\n|n| prince5|prince5\n|n| Kate|kate\n|n| programofuse|programofuse\n","uploadtime":1700126520,"views":31,"p1id":"thenpsweep","p2id":"chanseyandlulu","formatid":"gen9nationaldex","rating":0,"private":0,"password":""}