{"id":"gen9nationaldex-1989187830","p1":"SylverOmega","p2":"Lo-F1","format":"[Gen 9] National Dex","log":"|j|\u2606SylverOmega\n|j|\u2606Lo-F1\n|t:|1699821443\n|gametype|singles\n|player|p1|SylverOmega|palmer|1339\n|player|p2|Lo-F1|pokemonrangerf|1396\n|teamsize|p1|6\n|teamsize|p2|6\n|gen|9\n|tier|[Gen 9] National Dex\n|rated|\n|rule|HP Percentage Mod: HP is shown in percentages\n|rule|Endless Battle Clause: Forcing endless battles is banned\n|rule|OHKO Clause: OHKO moves are banned\n|rule|Evasion Clause: Evasion abilities, items, and moves are banned\n|rule|Evasion Abilities Clause: Evasion abilities are banned\n|rule|Evasion Items Clause: Evasion items are banned\n|rule|Evasion Moves Clause: Evasion moves are banned\n|rule|Species Clause: Limit one of each Pok\u00e9mon\n|rule|Sleep Clause Mod: Limit one foe put to sleep\n|clearpoke\n|poke|p1|Scizor, M|\n|poke|p1|Iron Valiant|\n|poke|p1|Dragonite, M|\n|poke|p1|Samurott-Hisui, M|\n|poke|p1|Volcarona, F|\n|poke|p1|Ceruledge, M|\n|poke|p2|Torkoal, F|\n|poke|p2|Lilligant, F|\n|poke|p2|Brute Bonnet|\n|poke|p2|Toxapex, M|\n|poke|p2|Typhlosion, M|\n|poke|p2|Slither Wing|\n|teampreview\n|inactive|Battle timer is ON: inactive players will automatically lose when time's up. (requested by SylverOmega)\n|c|\u2606SylverOmega|Hf\n|c|\u2606Lo-F1|glhf\n|\n|t:|1699821458\n|start\n|switch|p1a: Samurott|Samurott-Hisui, M|100\/100\n|switch|p2a: Torkoal|Torkoal, F|100\/100\n|-weather|SunnyDay|[from] ability: Drought|[of] p2a: Torkoal\n|turn|1\n|inactive|SylverOmega has 120 seconds left.\n|inactive|Lo-F1 has 120 seconds left.\n|\n|t:|1699821491\n|switch|p2a: Hear me out....|Lilligant, F|100\/100\n|move|p1a: Samurott|Flip Turn|p2a: Hear me out....\n|-resisted|p2a: Hear me out....\n|-damage|p2a: Hear me out....|91\/100\n|inactive|SylverOmega has 120 seconds left.\n|\n|t:|1699821503\n|switch|p1a: Scizor|Scizor, M, shiny|100\/100|[from] Flip Turn\n|\n|-weather|SunnyDay|[upkeep]\n|upkeep\n|turn|2\n|inactive|SylverOmega has 120 seconds left.\n|inactive|Lo-F1 has 120 seconds left.\n|\n|t:|1699821524\n|move|p2a: Hear me out....|Growth|p2a: Hear me out....\n|-boost|p2a: Hear me out....|atk|2\n|-boost|p2a: Hear me out....|spa|2\n|move|p1a: Scizor|Knock Off|p2a: Hear me out....\n|-damage|p2a: Hear me out....|37\/100\n|-enditem|p2a: Hear me out....|Salac Berry|[from] move: Knock Off|[of] p1a: Scizor\n|\n|-weather|SunnyDay|[upkeep]\n|upkeep\n|turn|3\n|inactive|Lo-F1 has 120 seconds left.\n|inactive|SylverOmega has 120 seconds left.\n|\n|t:|1699821534\n|detailschange|p1a: Scizor|Scizor-Mega, M, shiny\n|-mega|p1a: Scizor|Scizor|Scizorite\n|move|p1a: Scizor|Bullet Punch|p2a: Hear me out....\n|-damage|p2a: Hear me out....|0 fnt\n|faint|p2a: Hear me out....\n|\n|-weather|SunnyDay|[upkeep]\n|upkeep\n|inactive|Lo-F1 has 120 seconds left.\n|\n|t:|1699821541\n|switch|p2a: Typhlosion|Typhlosion, M, shiny|100\/100\n|turn|4\n|inactive|Lo-F1 has 120 seconds left.\n|\n|t:|1699821554\n|switch|p1a: Dragonite|Dragonite, M, shiny|100\/100\n|move|p2a: Typhlosion|Shadow Ball|p1a: Dragonite\n|-damage|p1a: Dragonite|85\/100\n|\n|-weather|SunnyDay|[upkeep]\n|upkeep\n|turn|5\n|\n|t:|1699821563\n|switch|p2a: Toxapex|Toxapex, M|100\/100\n|move|p1a: Dragonite|Dragon Dance|p1a: Dragonite\n|-boost|p1a: Dragonite|atk|1\n|-boost|p1a: Dragonite|spe|1\n|\n|-weather|SunnyDay|[upkeep]\n|upkeep\n|turn|6\n|\n|t:|1699821571\n|move|p1a: Dragonite|Earthquake|p2a: Toxapex\n|-supereffective|p2a: Toxapex\n|-crit|p2a: Toxapex\n|-damage|p2a: Toxapex|0 fnt\n|faint|p2a: Toxapex\n|\n|-weather|SunnyDay|[upkeep]\n|upkeep\n|\n|t:|1699821577\n|switch|p2a: Typhlosion|Typhlosion, M, shiny|100\/100\n|turn|7\n|\n|t:|1699821581\n|-terastallize|p2a: Typhlosion|Fire\n|move|p2a: Typhlosion|Burn Up|p1a: Dragonite\n|-resisted|p1a: Dragonite\n|-damage|p1a: Dragonite|16\/100\n|-start|p2a: Typhlosion|typechange|Fire|[from] move: Burn Up\n|move|p1a: Dragonite|Earthquake|p2a: Typhlosion\n|-supereffective|p2a: Typhlosion\n|-damage|p2a: Typhlosion|0 fnt\n|faint|p2a: Typhlosion\n|\n|-weather|SunnyDay|[upkeep]\n|upkeep\n|\n|t:|1699821590\n|switch|p2a: Slither Wing|Slither Wing, shiny|100\/100\n|-activate|p2a: Slither Wing|ability: Protosynthesis\n|-start|p2a: Slither Wing|protosynthesisatk\n|turn|8\n|\n|t:|1699821602\n|switch|p1a: Volcarona|Volcarona, F|100\/100\n|move|p2a: Slither Wing|First Impression|p1a: Volcarona\n|-resisted|p1a: Volcarona\n|-damage|p1a: Volcarona|28\/100\n|-damage|p2a: Slither Wing|91\/100|[from] item: Life Orb\n|\n|-weather|none\n|-end|p2a: Slither Wing|Protosynthesis\n|upkeep\n|turn|9\n|\n|t:|1699821619\n|move|p1a: Volcarona|Fiery Dance|p2a: Slither Wing\n|-supereffective|p2a: Slither Wing\n|-damage|p2a: Slither Wing|3\/100\n|-boost|p1a: Volcarona|spa|1\n|move|p2a: Slither Wing|Wild Charge|p1a: Volcarona\n|-damage|p1a: Volcarona|0 fnt\n|faint|p1a: Volcarona\n|-damage|p2a: Slither Wing|0 fnt|[from] Recoil\n|faint|p2a: Slither Wing\n|-end|p2a: Slither Wing|Protosynthesis|[silent]\n|\n|upkeep\n|-message|Lo-F1 forfeited.\n|\n|win|SylverOmega\n|raw|SylverOmega's rating: 1339 &rarr; <strong>1362<\/strong><br \/>(+23 for winning)\n|raw|Lo-F1's rating: 1396 &rarr; <strong>1373<\/strong><br \/>(-23 for losing)\n|l|\u2606Lo-F1\n","uploadtime":1699821634,"views":13,"p1id":"sylveromega","p2id":"lof1","formatid":"gen9nationaldex","rating":1362,"private":0,"password":""}