{"id":"gen9nationaldex-1991113093","p1":"AlanoMestrePokemon","p2":"steals many wives","format":"[Gen 9] National Dex","log":"|j|\u2606AlanoMestrePokemon\n|j|\u2606steals many wives\n|t:|1700044922\n|gametype|singles\n|player|p1|AlanoMestrePokemon|dawn-masters3|1083\n|player|p2|steals many wives|waitress|1162\n|teamsize|p1|6\n|teamsize|p2|6\n|gen|9\n|tier|[Gen 9] National Dex\n|rated|\n|rule|HP Percentage Mod: HP is shown in percentages\n|rule|Endless Battle Clause: Forcing endless battles is banned\n|rule|OHKO Clause: OHKO moves are banned\n|rule|Evasion Clause: Evasion abilities, items, and moves are banned\n|rule|Evasion Abilities Clause: Evasion abilities are banned\n|rule|Evasion Items Clause: Evasion items are banned\n|rule|Evasion Moves Clause: Evasion moves are banned\n|rule|Species Clause: Limit one of each Pok\u00e9mon\n|rule|Sleep Clause Mod: Limit one foe put to sleep\n|clearpoke\n|poke|p1|Lairon, F|\n|poke|p1|Masquerain, M|\n|poke|p1|Banette, M|\n|poke|p1|Thievul, F|\n|poke|p1|Tapu Koko|\n|poke|p1|Zapdos|\n|poke|p2|Aggron, M|\n|poke|p2|Ferrothorn, M|\n|poke|p2|Goodra-Hisui, F|\n|poke|p2|Celesteela|\n|poke|p2|Heatran, M|\n|poke|p2|Excadrill, M|\n|teampreview\n|\n|t:|1700044926\n|start\n|switch|p1a: Masquerain|Masquerain, M|100\/100\n|switch|p2a: Lego|Ferrothorn, M|100\/100\n|-ability|p1a: Masquerain|Intimidate|boost\n|-unboost|p2a: Lego|atk|1\n|turn|1\n|\n|t:|1700044935\n|move|p1a: Masquerain|Sticky Web|p2a: Lego\n|-sidestart|p2: steals many wives|move: Sticky Web\n|move|p2a: Lego|Stealth Rock|p1a: Masquerain\n|-sidestart|p1: AlanoMestrePokemon|move: Stealth Rock\n|\n|upkeep\n|turn|2\n|\n|t:|1700044942\n|move|p2a: Lego|Leech Seed|p1a: Masquerain\n|-start|p1a: Masquerain|move: Leech Seed\n|move|p1a: Masquerain|Whirlwind|p2a: Lego\n|drag|p2a: Slime Shady|Goodra-Hisui, F|100\/100\n|-activate|p2a: Slime Shady|move: Sticky Web\n|-unboost|p2a: Slime Shady|spe|1\n|\n|-damage|p1a: Masquerain|88\/100|[from] Leech Seed|[of] p2a: Slime Shady\n|upkeep\n|turn|3\n|\n|t:|1700044951\n|switch|p1a: Zapdos|Zapdos|100\/100\n|-damage|p1a: Zapdos|76\/100|[from] Stealth Rock\n|-ability|p1a: Zapdos|Pressure\n|move|p2a: Slime Shady|Dragon Pulse|p1a: Zapdos\n|-damage|p1a: Zapdos|39\/100\n|\n|upkeep\n|turn|4\n|\n|t:|1700044967\n|move|p1a: Zapdos|Heat Wave|p2a: Slime Shady\n|-damage|p2a: Slime Shady|74\/100\n|-status|p2a: Slime Shady|brn\n|move|p2a: Slime Shady|Dragon Pulse|p1a: Zapdos\n|-crit|p1a: Zapdos\n|-damage|p1a: Zapdos|0 fnt\n|faint|p1a: Zapdos\n|\n|-damage|p2a: Slime Shady|68\/100 brn|[from] brn\n|upkeep\n|\n|t:|1700044977\n|switch|p1a: Banette|Banette, M|100\/100\n|-damage|p1a: Banette|88\/100|[from] Stealth Rock\n|turn|5\n|\n|t:|1700044985\n|detailschange|p1a: Banette|Banette-Mega, M\n|-mega|p1a: Banette|Banette|Banettite\n|move|p1a: Banette|Swords Dance|p1a: Banette\n|-boost|p1a: Banette|atk|2\n|move|p2a: Slime Shady|Dragon Pulse|p1a: Banette\n|-damage|p1a: Banette|48\/100\n|\n|-damage|p2a: Slime Shady|62\/100 brn|[from] brn\n|upkeep\n|turn|6\n|\n|t:|1700044993\n|move|p1a: Banette|Shadow Sneak|p2a: Slime Shady\n|-damage|p2a: Slime Shady|14\/100 brn\n|-damage|p1a: Banette|32\/100|[from] item: Rocky Helmet|[of] p2a: Slime Shady\n|-ability|p2a: Slime Shady|Gooey\n|-unboost|p1a: Banette|spe|1\n|move|p2a: Slime Shady|Dragon Pulse|p1a: Banette\n|-damage|p1a: Banette|0 fnt\n|faint|p1a: Banette\n|\n|-damage|p2a: Slime Shady|8\/100 brn|[from] brn\n|upkeep\n|\n|t:|1700045000\n|switch|p1a: Masquerain|Masquerain, M|88\/100\n|-damage|p1a: Masquerain|38\/100|[from] Stealth Rock\n|-ability|p1a: Masquerain|Intimidate|boost\n|-unboost|p2a: Slime Shady|atk|1\n|turn|7\n|\n|t:|1700045007\n|move|p1a: Masquerain|Foul Play|p2a: Slime Shady\n|-damage|p2a: Slime Shady|0 fnt\n|-damage|p1a: Masquerain|21\/100|[from] item: Rocky Helmet|[of] p2a: Slime Shady\n|-ability|p2a: Slime Shady|Gooey\n|-unboost|p1a: Masquerain|spe|1\n|faint|p2a: Slime Shady\n|\n|upkeep\n|inactive|Battle timer is ON: inactive players will automatically lose when time's up. (requested by AlanoMestrePokemon)\n|\n|t:|1700045021\n|switch|p2a: Drilliam Wallace|Excadrill, M|100\/100\n|-activate|p2a: Drilliam Wallace|move: Sticky Web\n|-unboost|p2a: Drilliam Wallace|spe|1\n|-ability|p2a: Drilliam Wallace|Mold Breaker\n|turn|8\n|\n|t:|1700045029\n|move|p2a: Drilliam Wallace|Rapid Spin|p1a: Masquerain\n|-damage|p1a: Masquerain|0 fnt\n|-boost|p2a: Drilliam Wallace|spe|1\n|-sideend|p2: steals many wives|Sticky Web|[from] move: Rapid Spin|[of] p2a: Drilliam Wallace\n|faint|p1a: Masquerain\n|\n|upkeep\n|\n|t:|1700045037\n|switch|p1a: Tapu Koko|Tapu Koko|100\/100\n|-damage|p1a: Tapu Koko|88\/100|[from] Stealth Rock\n|-fieldstart|move: Electric Terrain|[from] ability: Electric Surge|[of] p1a: Tapu Koko\n|turn|9\n|\n|t:|1700045042\n|move|p1a: Tapu Koko|U-turn|p2a: Drilliam Wallace\n|-resisted|p2a: Drilliam Wallace\n|-damage|p2a: Drilliam Wallace|81\/100\n|-damage|p1a: Tapu Koko|78\/100|[from] item: Life Orb\n|\n|t:|1700045047\n|switch|p1a: Thievul|Thievul, F|100\/100|[from] U-turn\n|-damage|p1a: Thievul|88\/100|[from] Stealth Rock\n|-enditem|p1a: Thievul|Electric Seed\n|-boost|p1a: Thievul|def|1|[from] item: Electric Seed\n|move|p2a: Drilliam Wallace|Earthquake|p1a: Thievul\n|-damage|p1a: Thievul|20\/100\n|\n|upkeep\n|turn|10\n|\n|t:|1700045055\n|move|p1a: Thievul|Dark Pulse|p2a: Drilliam Wallace\n|-damage|p2a: Drilliam Wallace|32\/100\n|move|p2a: Drilliam Wallace|Earthquake|p1a: Thievul\n|-damage|p1a: Thievul|0 fnt\n|faint|p1a: Thievul\n|\n|upkeep\n|\n|t:|1700045059\n|switch|p1a: Lairon|Lairon, F|100\/100\n|-damage|p1a: Lairon|94\/100|[from] Stealth Rock\n|turn|11\n|\n|t:|1700045064\n|-terastallize|p1a: Lairon|Fighting\n|move|p2a: Drilliam Wallace|Earthquake|p1a: Lairon\n|-damage|p1a: Lairon|73\/100\n|move|p1a: Lairon|Iron Defense|p1a: Lairon\n|-boost|p1a: Lairon|def|2\n|\n|upkeep\n|turn|12\n|\n|t:|1700045071\n|switch|p2a: Lego|Ferrothorn, M|100\/100\n|move|p1a: Lairon|Body Press|p2a: Lego\n|-supereffective|p2a: Lego\n|-damage|p2a: Lego|0 fnt\n|-damage|p1a: Lairon|61\/100|[from] ability: Iron Barbs|[of] p2a: Lego\n|-damage|p1a: Lairon|44\/100|[from] item: Rocky Helmet|[of] p2a: Lego\n|faint|p2a: Lego\n|\n|upkeep\n|\n|t:|1700045086\n|switch|p2a: Team Rocket|Celesteela|100\/100\n|turn|13\n|\n|t:|1700045090\n|move|p2a: Team Rocket|Leech Seed|p1a: Lairon\n|-start|p1a: Lairon|move: Leech Seed\n|move|p1a: Lairon|Body Press|p2a: Team Rocket\n|-damage|p2a: Team Rocket|29\/100\n|\n|-heal|p2a: Team Rocket|36\/100|[from] item: Leftovers\n|-damage|p1a: Lairon|32\/100|[from] Leech Seed|[of] p2a: Team Rocket\n|-heal|p2a: Team Rocket|46\/100|[silent]\n|-fieldend|move: Electric Terrain\n|upkeep\n|turn|14\n|\n|t:|1700045099\n|move|p2a: Team Rocket|Protect|p2a: Team Rocket\n|-singleturn|p2a: Team Rocket|Protect\n|move|p1a: Lairon|Body Press|p2a: Team Rocket\n|-activate|p2a: Team Rocket|move: Protect\n|\n|-heal|p2a: Team Rocket|52\/100|[from] item: Leftovers\n|-damage|p1a: Lairon|19\/100|[from] Leech Seed|[of] p2a: Team Rocket\n|-heal|p2a: Team Rocket|63\/100|[silent]\n|upkeep\n|turn|15\n|\n|t:|1700045108\n|move|p2a: Team Rocket|Fly||[still]\n|-prepare|p2a: Team Rocket|Fly\n|move|p1a: Lairon|Body Press|p2a: Team Rocket|[miss]\n|-miss|p1a: Lairon|p2a: Team Rocket\n|\n|-heal|p2a: Team Rocket|69\/100|[from] item: Leftovers\n|-damage|p1a: Lairon|7\/100|[from] Leech Seed|[of] p2a: Team Rocket\n|-heal|p2a: Team Rocket|79\/100|[silent]\n|upkeep\n|turn|16\n|\n|t:|1700045116\n|move|p2a: Team Rocket|Fly|p1a: Lairon|[from]lockedmove\n|-supereffective|p1a: Lairon\n|-damage|p1a: Lairon|0 fnt\n|faint|p1a: Lairon\n|-ability|p2a: Team Rocket|Beast Boost|boost\n|-boost|p2a: Team Rocket|def|1\n|\n|-heal|p2a: Team Rocket|86\/100|[from] item: Leftovers\n|upkeep\n|\n|t:|1700045123\n|switch|p1a: Tapu Koko|Tapu Koko|78\/100\n|-damage|p1a: Tapu Koko|66\/100|[from] Stealth Rock\n|-fieldstart|move: Electric Terrain|[from] ability: Electric Surge|[of] p1a: Tapu Koko\n|turn|17\n|\n|t:|1700045128\n|move|p2a: Team Rocket|Protect|p2a: Team Rocket\n|-singleturn|p2a: Team Rocket|Protect\n|move|p1a: Tapu Koko|Wild Charge|p2a: Team Rocket\n|-activate|p2a: Team Rocket|move: Protect\n|\n|-heal|p2a: Team Rocket|92\/100|[from] item: Leftovers\n|upkeep\n|turn|18\n|\n|t:|1700045135\n|move|p1a: Tapu Koko|Wild Charge|p2a: Team Rocket\n|-supereffective|p2a: Team Rocket\n|-damage|p2a: Team Rocket|21\/100\n|-damage|p1a: Tapu Koko|42\/100|[from] Recoil\n|-damage|p1a: Tapu Koko|32\/100|[from] item: Life Orb\n|move|p2a: Team Rocket|Leech Seed|p1a: Tapu Koko\n|-start|p1a: Tapu Koko|move: Leech Seed\n|\n|-heal|p2a: Team Rocket|27\/100|[from] item: Leftovers\n|-damage|p1a: Tapu Koko|19\/100|[from] Leech Seed|[of] p2a: Team Rocket\n|-heal|p2a: Team Rocket|36\/100|[silent]\n|upkeep\n|turn|19\n|\n|t:|1700045147\n|move|p1a: Tapu Koko|Wild Charge|p2a: Team Rocket\n|-supereffective|p2a: Team Rocket\n|-damage|p2a: Team Rocket|0 fnt\n|faint|p2a: Team Rocket\n|-damage|p1a: Tapu Koko|7\/100|[from] Recoil\n|-damage|p1a: Tapu Koko|0 fnt|[from] item: Life Orb\n|faint|p1a: Tapu Koko\n|\n|win|steals many wives\n|raw|AlanoMestrePokemon's rating: 1083 &rarr; <strong>1066<\/strong><br \/>(-17 for losing)\n|raw|steals many wives's rating: 1162 &rarr; <strong>1181<\/strong><br \/>(+19 for winning)\n|l|\u2606AlanoMestrePokemon\n","uploadtime":1700045157,"views":5,"p1id":"alanomestrepokemon","p2id":"stealsmanywives","formatid":"gen9nationaldex","rating":1066,"private":0,"password":""}