{"id":"gen9nationaldex-1998734243","p1":"cowmanderjbbwn","p2":"Carcinogens Suck","format":"[Gen 9] National Dex","log":"|html|<div class=\"broadcast-blue\"><strong>[Gen 9] National Dex is currently suspecting Sneasler! For information on how to participate check out the <a href=\"https:\/\/www.smogon.com\/forums\/threads\/sv-national-dex-suspect-8-just-dance.3731534\/\">suspect thread<\/a>.<\/strong><\/div>\n|j|\u2606cowmanderjbbwn\n|j|\u2606Carcinogens Suck\n|t:|1700980021\n|gametype|singles\n|player|p1|cowmanderjbbwn|janitor|1168\n|player|p2|Carcinogens Suck|harlequin|1177\n|teamsize|p1|6\n|teamsize|p2|6\n|gen|9\n|tier|[Gen 9] National Dex\n|rated|\n|rule|HP Percentage Mod: HP is shown in percentages\n|rule|Endless Battle Clause: Forcing endless battles is banned\n|rule|OHKO Clause: OHKO moves are banned\n|rule|Evasion Clause: Evasion abilities, items, and moves are banned\n|rule|Evasion Abilities Clause: Evasion abilities are banned\n|rule|Evasion Items Clause: Evasion items are banned\n|rule|Evasion Moves Clause: Evasion moves are banned\n|rule|Species Clause: Limit one of each Pok\u00e9mon\n|rule|Sleep Clause Mod: Limit one foe put to sleep\n|clearpoke\n|poke|p1|Poliwrath, M|\n|poke|p1|Politoed, M|\n|poke|p1|Seismitoad, M|\n|poke|p1|Greninja-*, M|\n|poke|p1|Toxicroak, M|\n|poke|p1|Bellibolt, F|\n|poke|p2|Zoroark-Hisui, F|\n|poke|p2|Mew|\n|poke|p2|Ditto|\n|poke|p2|Kommo-o, F|\n|poke|p2|Hoopa-Unbound|\n|poke|p2|Blaziken, M|\n|teampreview\n|\n|t:|1700980028\n|start\n|switch|p1a: The Frogalist|Politoed, M|100\/100\n|switch|p2a: Cry Baby|Blaziken, M|100\/100\n|-weather|RainDance|[from] ability: Drizzle|[of] p1a: The Frogalist\n|turn|1\n|\n|t:|1700980038\n|move|p2a: Cry Baby|Trick|p1a: The Frogalist\n|-activate|p2a: Cry Baby|move: Trick|[of] p1a: The Frogalist\n|-item|p1a: The Frogalist|Choice Specs|[from] move: Trick\n|-item|p2a: Cry Baby|Damp Rock|[from] move: Trick\n|move|p1a: The Frogalist|Perish Song|p1a: The Frogalist\n|-start|p1a: The Frogalist|perish3|[silent]\n|-start|p2a: Cry Baby|perish3|[silent]\n|-fieldactivate|move: Perish Song\n|\n|-weather|RainDance|[upkeep]\n|-start|p2a: Cry Baby|perish3\n|-start|p1a: The Frogalist|perish3\n|upkeep\n|turn|2\n|\n|t:|1700980048\n|switch|p1a: The Big guy|Seismitoad, M|100\/100\n|move|p2a: Cry Baby|Grass Knot|p1a: The Big guy\n|-supereffective|p1a: The Big guy\n|-damage|p1a: The Big guy|0 fnt\n|faint|p1a: The Big guy\n|\n|-weather|RainDance|[upkeep]\n|-start|p2a: Cry Baby|perish2\n|upkeep\n|\n|t:|1700980056\n|switch|p1a: The Rotound|Bellibolt, F|100\/100\n|turn|3\n|\n|t:|1700980061\n|move|p2a: Cry Baby|Shadow Ball|p1a: The Rotound\n|-damage|p1a: The Rotound|81\/100\n|-start|p1a: The Rotound|Charge|Shadow Ball|[from] ability: Electromorphosis\n|move|p1a: The Rotound|Parabolic Charge|p2a: Cry Baby\n|-damage|p2a: Cry Baby|12\/100\n|-heal|p1a: The Rotound|100\/100|[from] drain|[of] p2a: Cry Baby\n|replace|p2a: AHHHHH!!!?!??|Zoroark-Hisui, F\n|-end|p2a: AHHHHH!!!?!??|Illusion\n|-end|p1a: The Rotound|Charge|[silent]\n|\n|-weather|RainDance|[upkeep]\n|-start|p2a: AHHHHH!!!?!??|perish1\n|upkeep\n|turn|4\n|c|\u2606cowmanderjbbwn|Oh its a zororark im so dum\n|\n|t:|1700980078\n|switch|p1a: The OG|Poliwrath, M|100\/100\n|move|p2a: AHHHHH!!!?!??|Grass Knot|p1a: The OG\n|-supereffective|p1a: The OG\n|-damage|p1a: The OG|43\/100\n|\n|-weather|RainDance|[upkeep]\n|-heal|p1a: The OG|49\/100|[from] item: Leftovers\n|-start|p2a: AHHHHH!!!?!??|perish0\n|upkeep\n|faint|p2a: AHHHHH!!!?!??\n|\n|t:|1700980093\n|switch|p2a: Silly Little Guy|Hoopa-Unbound|100\/100\n|turn|5\n|\n|t:|1700980102\n|move|p2a: Silly Little Guy|Psychic|p1a: The OG\n|-supereffective|p1a: The OG\n|-damage|p1a: The OG|0 fnt\n|faint|p1a: The OG\n|\n|-weather|RainDance|[upkeep]\n|upkeep\n|\n|t:|1700980108\n|switch|p1a: The Stabby|Toxicroak, M|100\/100\n|turn|6\n|\n|t:|1700980112\n|move|p2a: Silly Little Guy|Psychic|p1a: The Stabby\n|-supereffective|p1a: The Stabby\n|-enditem|p1a: The Stabby|Focus Sash\n|-damage|p1a: The Stabby|1\/100\n|move|p1a: The Stabby|Close Combat|p2a: Silly Little Guy\n|-damage|p2a: Silly Little Guy|0 fnt\n|-unboost|p1a: The Stabby|def|1\n|-unboost|p1a: The Stabby|spd|1\n|faint|p2a: Silly Little Guy\n|\n|-weather|RainDance|[upkeep]\n|-heal|p1a: The Stabby|13\/100|[from] ability: Dry Skin\n|upkeep\n|\n|t:|1700980121\n|switch|p2a: Gojira|Kommo-o, F, shiny|100\/100\n|turn|7\n|\n|t:|1700980127\n|move|p1a: The Stabby|Bullet Punch|p2a: Gojira\n|-damage|p2a: Gojira|87\/100\n|-zpower|p2a: Gojira\n|move|p2a: Gojira|Clangorous Soulblaze|p1a: The Stabby|[zeffect]\n|-damage|p1a: The Stabby|0 fnt\n|faint|p1a: The Stabby\n|-boost|p2a: Gojira|atk|1\n|-boost|p2a: Gojira|def|1\n|-boost|p2a: Gojira|spa|1\n|-boost|p2a: Gojira|spd|1\n|-boost|p2a: Gojira|spe|1\n|\n|-weather|RainDance|[upkeep]\n|upkeep\n|\n|t:|1700980133\n|switch|p1a: The Frogalist|Politoed, M|100\/100\n|turn|8\n|\n|t:|1700980150\n|move|p2a: Gojira|Clangorous Soul|p2a: Gojira\n|-boost|p2a: Gojira|atk|1\n|-boost|p2a: Gojira|def|1\n|-boost|p2a: Gojira|spa|1\n|-boost|p2a: Gojira|spd|1\n|-boost|p2a: Gojira|spe|1\n|-damage|p2a: Gojira|54\/100\n|move|p1a: The Frogalist|Perish Song|p1a: The Frogalist\n|-start|p1a: The Frogalist|perish3|[silent]\n|-start|p2a: Gojira|perish3|[silent]\n|-fieldactivate|move: Perish Song\n|\n|-weather|none\n|-start|p2a: Gojira|perish3\n|-start|p1a: The Frogalist|perish3\n|upkeep\n|turn|9\n|\n|t:|1700980159\n|move|p2a: Gojira|Boomburst|p1a: The Frogalist\n|-damage|p1a: The Frogalist|23\/100\n|move|p1a: The Frogalist|Perish Song||[still]\n|-fail|p1a: The Frogalist\n|\n|-start|p2a: Gojira|perish2\n|-start|p1a: The Frogalist|perish2\n|upkeep\n|turn|10\n|\n|t:|1700980167\n|switch|p1a: The Rotound|Bellibolt, F|100\/100\n|move|p2a: Gojira|Clanging Scales|p1a: The Rotound\n|-damage|p1a: The Rotound|61\/100\n|-start|p1a: The Rotound|Charge|Clanging Scales|[from] ability: Electromorphosis\n|-unboost|p2a: Gojira|def|1\n|\n|-start|p2a: Gojira|perish1\n|upkeep\n|turn|11\n|\n|t:|1700980183\n|switch|p1a: The Frogalist|Politoed, M|23\/100\n|-weather|RainDance|[from] ability: Drizzle|[of] p1a: The Frogalist\n|move|p2a: Gojira|Clanging Scales|p1a: The Frogalist\n|-damage|p1a: The Frogalist|0 fnt\n|faint|p1a: The Frogalist\n|-unboost|p2a: Gojira|def|1\n|\n|-weather|RainDance|[upkeep]\n|-start|p2a: Gojira|perish0\n|upkeep\n|faint|p2a: Gojira\n|\n|t:|1700980197\n|switch|p2a: Meow|Mew|100\/100\n|switch|p1a: The Rotound|Bellibolt, F|61\/100\n|turn|12\n|\n|t:|1700980203\n|move|p2a: Meow|Transform|p1a: The Rotound\n|-transform|p2a: Meow|p1a: The Rotound\n|move|p1a: The Rotound|Acid Spray|p2a: Meow\n|-crit|p2a: Meow\n|-damage|p2a: Meow|91\/100\n|-unboost|p2a: Meow|spd|2\n|-start|p2a: Meow|Charge|Acid Spray|[from] ability: Electromorphosis\n|\n|-weather|RainDance|[upkeep]\n|-heal|p2a: Meow|97\/100|[from] item: Leftovers\n|upkeep\n|turn|13\n|\n|t:|1700980225\n|move|p2a: Meow|Thunder|p1a: The Rotound\n|-resisted|p1a: The Rotound\n|-damage|p1a: The Rotound|44\/100\n|-start|p1a: The Rotound|Charge|Thunder|[from] ability: Electromorphosis\n|-end|p2a: Meow|Charge|[silent]\n|move|p1a: The Rotound|Acid Spray|p2a: Meow\n|-damage|p2a: Meow|83\/100\n|-unboost|p2a: Meow|spd|2\n|-start|p2a: Meow|Charge|Acid Spray|[from] ability: Electromorphosis\n|\n|-weather|RainDance|[upkeep]\n|-heal|p2a: Meow|89\/100|[from] item: Leftovers\n|upkeep\n|turn|14\n|\n|t:|1700980236\n|move|p2a: Meow|Weather Ball|p1a: The Rotound\n|-damage|p1a: The Rotound|28\/100\n|-start|p1a: The Rotound|Charge|Weather Ball|[from] ability: Electromorphosis\n|move|p1a: The Rotound|Parabolic Charge|p2a: Meow\n|-resisted|p2a: Meow\n|-damage|p2a: Meow|40\/100\n|-heal|p1a: The Rotound|52\/100|[from] drain|[of] p2a: Meow\n|-start|p2a: Meow|Charge|Parabolic Charge|[from] ability: Electromorphosis\n|-end|p1a: The Rotound|Charge|[silent]\n|\n|-weather|RainDance|[upkeep]\n|-heal|p2a: Meow|46\/100|[from] item: Leftovers\n|upkeep\n|turn|15\n|\n|t:|1700980245\n|move|p2a: Meow|Parabolic Charge|p1a: The Rotound\n|-resisted|p1a: The Rotound\n|-damage|p1a: The Rotound|41\/100\n|-heal|p2a: Meow|51\/100|[from] drain|[of] p1a: The Rotound\n|-start|p1a: The Rotound|Charge|Parabolic Charge|[from] ability: Electromorphosis\n|-end|p2a: Meow|Charge|[silent]\n|move|p1a: The Rotound|Parabolic Charge|p2a: Meow\n|-resisted|p2a: Meow\n|-damage|p2a: Meow|2\/100\n|-heal|p1a: The Rotound|65\/100|[from] drain|[of] p2a: Meow\n|-start|p2a: Meow|Charge|Parabolic Charge|[from] ability: Electromorphosis\n|-end|p1a: The Rotound|Charge|[silent]\n|\n|-weather|none\n|-heal|p2a: Meow|8\/100|[from] item: Leftovers\n|upkeep\n|turn|16\n|\n|t:|1700980264\n|move|p1a: The Rotound|Parabolic Charge|p2a: Meow\n|-resisted|p2a: Meow\n|-damage|p2a: Meow|0 fnt\n|-heal|p1a: The Rotound|69\/100|[from] drain|[of] p2a: Meow\n|faint|p2a: Meow\n|\n|upkeep\n|\n|t:|1700980270\n|switch|p2a: Cry Baby|Blaziken, M|100\/100\n|turn|17\n|\n|t:|1700980276\n|move|p2a: Cry Baby|Swords Dance|p2a: Cry Baby\n|-boost|p2a: Cry Baby|atk|2\n|move|p1a: The Rotound|Acid Spray|p2a: Cry Baby\n|-damage|p2a: Cry Baby|87\/100\n|-unboost|p2a: Cry Baby|spd|2\n|\n|-ability|p2a: Cry Baby|Speed Boost|boost\n|-boost|p2a: Cry Baby|spe|1\n|upkeep\n|turn|18\n|\n|t:|1700980285\n|move|p2a: Cry Baby|Protect|p2a: Cry Baby\n|-singleturn|p2a: Cry Baby|Protect\n|move|p1a: The Rotound|Parabolic Charge|p2a: Cry Baby\n|-activate|p2a: Cry Baby|move: Protect\n|\n|-ability|p2a: Cry Baby|Speed Boost|boost\n|-boost|p2a: Cry Baby|spe|1\n|upkeep\n|turn|19\n|\n|t:|1700980294\n|move|p2a: Cry Baby|Swords Dance|p2a: Cry Baby\n|-boost|p2a: Cry Baby|atk|2\n|move|p1a: The Rotound|Parabolic Charge|p2a: Cry Baby\n|-damage|p2a: Cry Baby|20\/100\n|-heal|p1a: The Rotound|93\/100|[from] drain|[of] p2a: Cry Baby\n|\n|-ability|p2a: Cry Baby|Speed Boost|boost\n|-boost|p2a: Cry Baby|spe|1\n|upkeep\n|turn|20\n|\n|t:|1700980301\n|move|p2a: Cry Baby|Protect|p2a: Cry Baby\n|-singleturn|p2a: Cry Baby|Protect\n|move|p1a: The Rotound|Acid Spray|p2a: Cry Baby\n|-activate|p2a: Cry Baby|move: Protect\n|\n|-ability|p2a: Cry Baby|Speed Boost|boost\n|-boost|p2a: Cry Baby|spe|1\n|upkeep\n|turn|21\n|\n|t:|1700980311\n|move|p2a: Cry Baby|Close Combat|p1a: The Rotound\n|-damage|p1a: The Rotound|0 fnt\n|-unboost|p2a: Cry Baby|def|1\n|-unboost|p2a: Cry Baby|spd|1\n|faint|p1a: The Rotound\n|\n|-ability|p2a: Cry Baby|Speed Boost|boost\n|-boost|p2a: Cry Baby|spe|1\n|upkeep\n|\n|t:|1700980315\n|switch|p1a: The Weeb|Greninja, M|100\/100\n|turn|22\n|\n|t:|1700980324\n|move|p1a: The Weeb|Water Shuriken|p2a: Cry Baby\n|-supereffective|p2a: Cry Baby\n|-damage|p2a: Cry Baby|0 fnt\n|faint|p2a: Cry Baby\n|-ability|p1a: The Weeb|Battle Bond|boost\n|-boost|p1a: The Weeb|atk|1\n|-boost|p1a: The Weeb|spa|1\n|-boost|p1a: The Weeb|spe|1\n|-activate|p1a: The Weeb|ability: Battle Bond\n|-hitcount|p2: Cry Baby|1\n|\n|upkeep\n|\n|t:|1700980328\n|switch|p2a: Did I Hear GOAT?|Ditto|100\/100\n|-transform|p2a: Did I Hear GOAT?|p1a: The Weeb|[from] ability: Imposter\n|turn|23\n|\n|t:|1700980335\n|move|p2a: Did I Hear GOAT?|Grass Knot|p1a: The Weeb\n|-supereffective|p1a: The Weeb\n|-damage|p1a: The Weeb|16\/100\n|move|p1a: The Weeb|Grass Knot|p2a: Did I Hear GOAT?\n|-supereffective|p2a: Did I Hear GOAT?\n|-damage|p2a: Did I Hear GOAT?|1\/100\n|\n|-heal|p2a: Did I Hear GOAT?|7\/100|[from] item: Leftovers\n|upkeep\n|turn|24\n|\n|t:|1700980344\n|move|p2a: Did I Hear GOAT?|Water Shuriken|p1a: The Weeb\n|-resisted|p1a: The Weeb\n|-damage|p1a: The Weeb|9\/100\n|-resisted|p1a: The Weeb\n|-damage|p1a: The Weeb|1\/100\n|-hitcount|p1a: The Weeb|2\n|move|p1a: The Weeb|Water Shuriken|p2a: Did I Hear GOAT?\n|-resisted|p2a: Did I Hear GOAT?\n|-damage|p2a: Did I Hear GOAT?|0 fnt\n|faint|p2a: Did I Hear GOAT?\n|-hitcount|p2: Did I Hear GOAT?|1\n|\n|win|cowmanderjbbwn\n|raw|cowmanderjbbwn's rating: 1168 &rarr; <strong>1194<\/strong><br \/>(+26 for winning)\n|raw|Carcinogens Suck's rating: 1177 &rarr; <strong>1151<\/strong><br \/>(-26 for losing)\n|c|\u2606cowmanderjbbwn|ahh Gg!\n|c|\u2606Carcinogens Suck|Gg\n|c|\u2606Carcinogens Suck|That was epic\n|l|\u2606Carcinogens Suck\n","uploadtime":1700980376,"views":1,"p1id":"cowmanderjbbwn","p2id":"carcinogenssuck","formatid":"gen9nationaldex","rating":1151,"private":0,"password":""}