{"id":"gen9nationaldex-1990990843","p1":"Kuzwa","p2":"milton00110011","format":"[Gen 9] National Dex","log":"|j|\u2606Kuzwa\n|j|\u2606milton00110011\n|t:|1700024316\n|gametype|singles\n|player|p1|Kuzwa|parasollady|1242\n|player|p2|milton00110011|265|1286\n|teamsize|p1|6\n|teamsize|p2|6\n|gen|9\n|tier|[Gen 9] National Dex\n|rated|\n|rule|HP Percentage Mod: HP is shown in percentages\n|rule|Endless Battle Clause: Forcing endless battles is banned\n|rule|OHKO Clause: OHKO moves are banned\n|rule|Evasion Clause: Evasion abilities, items, and moves are banned\n|rule|Evasion Abilities Clause: Evasion abilities are banned\n|rule|Evasion Items Clause: Evasion items are banned\n|rule|Evasion Moves Clause: Evasion moves are banned\n|rule|Species Clause: Limit one of each Pok\u00e9mon\n|rule|Sleep Clause Mod: Limit one foe put to sleep\n|clearpoke\n|poke|p1|Kartana|\n|poke|p1|Weavile, M|\n|poke|p1|Ogerpon-Wellspring, F|\n|poke|p1|Zeraora|\n|poke|p1|Glimmora, M|\n|poke|p1|Urshifu-*, M|\n|poke|p2|Moltres|\n|poke|p2|Rillaboom, F|\n|poke|p2|Cinderace, F|\n|poke|p2|Mawile, F|\n|poke|p2|Dondozo, F|\n|poke|p2|Landorus-Therian, M|\n|teampreview\n|\n|t:|1700024326\n|start\n|switch|p1a: thing|Glimmora, M|100\/100\n|switch|p2a: Landorus|Landorus-Therian, M|100\/100\n|-ability|p2a: Landorus|Intimidate|boost\n|-unboost|p1a: thing|atk|1\n|-item|p1a: thing|Air Balloon\n|turn|1\n|\n|t:|1700024346\n|move|p2a: Landorus|U-turn|p1a: thing\n|-resisted|p1a: thing\n|-damage|p1a: thing|84\/100\n|-activate|p1a: thing|ability: Toxic Debris\n|-sidestart|p2: milton00110011|move: Toxic Spikes\n|-enditem|p1a: thing|Air Balloon\n|\n|t:|1700024353\n|switch|p2a: Mawile|Mawile, F|100\/100|[from] U-turn\n|move|p1a: thing|Power Gem|p2a: Mawile\n|-resisted|p2a: Mawile\n|-damage|p2a: Mawile|61\/100\n|\n|upkeep\n|turn|2\n|\n|t:|1700024361\n|detailschange|p2a: Mawile|Mawile-Mega, F\n|-mega|p2a: Mawile|Mawile|Mawilite\n|move|p1a: thing|Earth Power|p2a: Mawile\n|-supereffective|p2a: Mawile\n|-damage|p2a: Mawile|0 fnt\n|faint|p2a: Mawile\n|\n|upkeep\n|\n|t:|1700024368\n|switch|p2a: Landorus|Landorus-Therian, M|100\/100\n|-ability|p2a: Landorus|Intimidate|boost\n|-unboost|p1a: thing|atk|1\n|turn|3\n|\n|t:|1700024380\n|switch|p1a: Aigis|Ogerpon-Wellspring, F|100\/100\n|move|p2a: Landorus|Earthquake|p1a: Aigis\n|-resisted|p1a: Aigis\n|-damage|p1a: Aigis|66\/100\n|\n|upkeep\n|turn|4\n|\n|t:|1700024392\n|switch|p2a: Rillaboom|Rillaboom, F|100\/100\n|-status|p2a: Rillaboom|psn\n|-fieldstart|move: Grassy Terrain|[from] ability: Grassy Surge|[of] p2a: Rillaboom\n|move|p1a: Aigis|U-turn|p2a: Rillaboom\n|-supereffective|p2a: Rillaboom\n|-damage|p2a: Rillaboom|40\/100 psn\n|\n|t:|1700024396\n|switch|p1a: thing|Glimmora, M|84\/100|[from] U-turn\n|\n|-heal|p1a: thing|90\/100|[from] Grassy Terrain\n|-heal|p2a: Rillaboom|46\/100 psn|[from] Grassy Terrain\n|-damage|p2a: Rillaboom|34\/100 psn|[from] psn\n|upkeep\n|turn|5\n|\n|t:|1700024405\n|move|p2a: Rillaboom|Grassy Glide|p1a: thing\n|-damage|p1a: thing|34\/100\n|-activate|p1a: thing|ability: Toxic Debris\n|-sidestart|p2: milton00110011|move: Toxic Spikes\n|-damage|p2a: Rillaboom|24\/100 psn|[from] item: Life Orb\n|move|p1a: thing|Power Gem|p2a: Rillaboom\n|-damage|p2a: Rillaboom|0 fnt\n|faint|p2a: Rillaboom\n|\n|-heal|p1a: thing|41\/100|[from] Grassy Terrain\n|upkeep\n|\n|t:|1700024417\n|switch|p2a: Landorus|Landorus-Therian, M|100\/100\n|-ability|p2a: Landorus|Intimidate|boost\n|-unboost|p1a: thing|atk|1\n|turn|6\n|\n|t:|1700024421\n|move|p2a: Landorus|Defog|p1a: thing\n|-unboost|p1a: thing|evasion|1\n|-sideend|p2: milton00110011|Toxic Spikes|[from] move: Defog|[of] p2a: Landorus\n|-fieldend|move: Grassy Terrain\n|move|p1a: thing|Power Gem|p2a: Landorus\n|-damage|p2a: Landorus|45\/100\n|\n|upkeep\n|turn|7\n|\n|t:|1700024432\n|move|p2a: Landorus|Earthquake|p1a: thing\n|-supereffective|p1a: thing\n|-damage|p1a: thing|0 fnt\n|-activate|p1a: thing|ability: Toxic Debris\n|-sidestart|p2: milton00110011|move: Toxic Spikes\n|faint|p1a: thing\n|\n|upkeep\n|\n|t:|1700024439\n|switch|p1a: Aigis|Ogerpon-Wellspring, F|66\/100\n|turn|8\n|\n|t:|1700024445\n|move|p1a: Aigis|Ivy Cudgel|p2a: Landorus|[anim] Ivy Cudgel Water\n|-supereffective|p2a: Landorus\n|-damage|p2a: Landorus|0 fnt\n|faint|p2a: Landorus\n|\n|upkeep\n|\n|t:|1700024451\n|switch|p2a: Cinderace|Cinderace, F|100\/100\n|turn|9\n|\n|t:|1700024461\n|move|p2a: Cinderace|Court Change|p2a: Cinderace\n|-start|p2a: Cinderace|typechange|Normal|[from] ability: Libero\n|-swapsideconditions\n|-activate|p2a: Cinderace|move: Court Change\n|move|p1a: Aigis|Ivy Cudgel|p2a: Cinderace|[anim] Ivy Cudgel Water\n|-damage|p2a: Cinderace|10\/100\n|\n|upkeep\n|turn|10\n|\n|t:|1700024467\n|move|p2a: Cinderace|U-turn|p1a: Aigis\n|-supereffective|p1a: Aigis\n|-damage|p1a: Aigis|1\/100\n|\n|t:|1700024471\n|switch|p2a: Dondozo|Dondozo, F|100\/100|[from] U-turn\n|move|p1a: Aigis|U-turn|p2a: Dondozo\n|-damage|p2a: Dondozo|85\/100\n|\n|t:|1700024478\n|switch|p1a: Makoto Yuki|Kartana, shiny|100\/100|[from] U-turn\n|\n|-heal|p2a: Dondozo|91\/100|[from] item: Leftovers\n|upkeep\n|turn|11\n|\n|t:|1700024489\n|move|p1a: Makoto Yuki|Leaf Blade|p2a: Dondozo\n|-supereffective|p2a: Dondozo\n|-damage|p2a: Dondozo|18\/100\n|move|p2a: Dondozo|Curse|p2a: Dondozo\n|-unboost|p2a: Dondozo|spe|1\n|-boost|p2a: Dondozo|atk|1\n|-boost|p2a: Dondozo|def|1\n|\n|-heal|p2a: Dondozo|24\/100|[from] item: Leftovers\n|upkeep\n|turn|12\n|\n|t:|1700024498\n|move|p1a: Makoto Yuki|Leaf Blade|p2a: Dondozo\n|-supereffective|p2a: Dondozo\n|-damage|p2a: Dondozo|0 fnt\n|faint|p2a: Dondozo\n|-ability|p1a: Makoto Yuki|Beast Boost|boost\n|-boost|p1a: Makoto Yuki|atk|1\n|\n|upkeep\n|\n|t:|1700024505\n|switch|p2a: Moltres|Moltres|100\/100\n|turn|13\n|\n|t:|1700024509\n|move|p1a: Makoto Yuki|Swords Dance|p1a: Makoto Yuki\n|-boost|p1a: Makoto Yuki|atk|2\n|move|p2a: Moltres|Agility|p2a: Moltres\n|-boost|p2a: Moltres|spe|2\n|\n|upkeep\n|turn|14\n|\n|t:|1700024517\n|move|p2a: Moltres|Air Slash|p1a: Makoto Yuki\n|-enditem|p1a: Makoto Yuki|Focus Sash\n|-damage|p1a: Makoto Yuki|1\/100\n|-damage|p2a: Moltres|91\/100|[from] item: Life Orb\n|move|p1a: Makoto Yuki|Smart Strike|p2a: Moltres\n|-resisted|p2a: Moltres\n|-damage|p2a: Moltres|21\/100\n|\n|upkeep\n|turn|15\n|\n|t:|1700024528\n|move|p2a: Moltres|Air Slash|p1a: Makoto Yuki\n|-damage|p1a: Makoto Yuki|0 fnt\n|faint|p1a: Makoto Yuki\n|-damage|p2a: Moltres|11\/100|[from] item: Life Orb\n|\n|upkeep\n|\n|t:|1700024536\n|switch|p1a: Ken Amada|Zeraora|100\/100\n|-status|p1a: Ken Amada|psn\n|turn|16\n|\n|t:|1700024542\n|move|p1a: Ken Amada|Fake Out|p2a: Moltres\n|-damage|p2a: Moltres|0 fnt\n|faint|p2a: Moltres\n|\n|-damage|p1a: Ken Amada|88\/100 psn|[from] psn\n|upkeep\n|\n|t:|1700024548\n|switch|p2a: Cinderace|Cinderace, F|10\/100\n|turn|17\n|\n|t:|1700024552\n|-terastallize|p2a: Cinderace|Fire\n|move|p1a: Ken Amada|Plasma Fists|p2a: Cinderace\n|-damage|p2a: Cinderace|0 fnt\n|-fieldactivate|move: Ion Deluge\n|-hint|Normal-type moves become Electric-type after using Plasma Fists.\n|faint|p2a: Cinderace\n|\n|win|Kuzwa\n|raw|Kuzwa's rating: 1242 &rarr; <strong>1270<\/strong><br \/>(+28 for winning)\n|raw|milton00110011's rating: 1286 &rarr; <strong>1258<\/strong><br \/>(-28 for losing)\n","uploadtime":1700024559,"views":6,"p1id":"kuzwa","p2id":"milton00110011","formatid":"gen9nationaldex","rating":1258,"private":0,"password":""}