{"id":"gen9nationaldex-1988965414","p1":"ronniedobbs","p2":"SpinjaOnNine","format":"[Gen 9] National Dex","log":"|j|\u2606ronniedobbs\n|j|\u2606SpinjaOnNine\n|t:|1699795637\n|gametype|singles\n|player|p1|ronniedobbs|gentleman-gen4dp|1346\n|player|p2|SpinjaOnNine|gambler|1288\n|teamsize|p1|6\n|teamsize|p2|6\n|gen|9\n|tier|[Gen 9] National Dex\n|rated|\n|rule|HP Percentage Mod: HP is shown in percentages\n|rule|Endless Battle Clause: Forcing endless battles is banned\n|rule|OHKO Clause: OHKO moves are banned\n|rule|Evasion Clause: Evasion abilities, items, and moves are banned\n|rule|Evasion Abilities Clause: Evasion abilities are banned\n|rule|Evasion Items Clause: Evasion items are banned\n|rule|Evasion Moves Clause: Evasion moves are banned\n|rule|Species Clause: Limit one of each Pok\u00e9mon\n|rule|Sleep Clause Mod: Limit one foe put to sleep\n|clearpoke\n|poke|p1|Goodra-Hisui, M|\n|poke|p1|Zeraora|\n|poke|p1|Grimmsnarl, M|\n|poke|p1|Garchomp, M|\n|poke|p1|Iron Moth|\n|poke|p1|Mimikyu, F|\n|poke|p2|Ninetales-Alola, M|\n|poke|p2|Sandslash-Alola, M|\n|poke|p2|Talonflame, F|\n|poke|p2|Rotom-Wash|\n|poke|p2|Snorlax, M|\n|poke|p2|Dragonite, M|\n|teampreview\n|\n|t:|1699795645\n|start\n|switch|p1a: dh peligro|Grimmsnarl, M, shiny|100\/100\n|switch|p2a: Ninetales|Ninetales-Alola, M|100\/100\n|-weather|Snow|[from] ability: Snow Warning|[of] p2a: Ninetales\n|turn|1\n|\n|t:|1699795652\n|move|p1a: dh peligro|Taunt|p2a: Ninetales\n|-start|p2a: Ninetales|move: Taunt\n|move|p2a: Ninetales|Moonblast|p1a: dh peligro\n|-supereffective|p1a: dh peligro\n|-crit|p1a: dh peligro\n|-damage|p1a: dh peligro|16\/100\n|\n|-weather|Snow|[upkeep]\n|upkeep\n|turn|2\n|\n|t:|1699795660\n|move|p1a: dh peligro|Light Screen|p1a: dh peligro\n|-sidestart|p1: ronniedobbs|move: Light Screen\n|move|p2a: Ninetales|Moonblast|p1a: dh peligro\n|-supereffective|p1a: dh peligro\n|-damage|p1a: dh peligro|0 fnt\n|faint|p1a: dh peligro\n|\n|-weather|Snow|[upkeep]\n|upkeep\n|\n|t:|1699795665\n|switch|p1a: poly styrene|Iron Moth, shiny|100\/100\n|-enditem|p1a: poly styrene|Booster Energy\n|-activate|p1a: poly styrene|ability: Quark Drive|[fromitem]\n|-start|p1a: poly styrene|quarkdrivespe\n|turn|3\n|\n|t:|1699795684\n|switch|p2a: Talonflame|Talonflame, F|100\/100\n|move|p1a: poly styrene|Fiery Dance|p2a: Talonflame\n|-resisted|p2a: Talonflame\n|-damage|p2a: Talonflame|69\/100\n|-boost|p1a: poly styrene|spa|1\n|\n|-weather|Snow|[upkeep]\n|upkeep\n|turn|4\n|\n|t:|1699795695\n|move|p1a: poly styrene|Fiery Dance|p2a: Talonflame\n|-resisted|p2a: Talonflame\n|-damage|p2a: Talonflame|18\/100\n|move|p2a: Talonflame|Brave Bird|p1a: poly styrene\n|-damage|p1a: poly styrene|23\/100\n|-damage|p2a: Talonflame|0 fnt|[from] Recoil\n|faint|p2a: Talonflame\n|\n|-weather|Snow|[upkeep]\n|upkeep\n|\n|t:|1699795702\n|switch|p2a: Snorlax|Snorlax, M|100\/100\n|turn|5\n|\n|t:|1699795709\n|move|p1a: poly styrene|Morning Sun|p1a: poly styrene\n|-heal|p1a: poly styrene|48\/100\n|move|p2a: Snorlax|Return|p1a: poly styrene\n|-damage|p1a: poly styrene|0 fnt\n|faint|p1a: poly styrene\n|-end|p1a: poly styrene|Quark Drive|[silent]\n|\n|-weather|none\n|upkeep\n|\n|t:|1699795716\n|switch|p1a: adam yauch|Mimikyu, F, shiny|100\/100\n|turn|6\n|\n|t:|1699795721\n|move|p1a: adam yauch|Swords Dance|p1a: adam yauch\n|-boost|p1a: adam yauch|atk|2\n|move|p2a: Snorlax|Yawn|p1a: adam yauch\n|-start|p1a: adam yauch|move: Yawn|[of] p2a: Snorlax\n|\n|upkeep\n|turn|7\n|\n|t:|1699795731\n|move|p1a: adam yauch|Drain Punch|p2a: Snorlax\n|-supereffective|p2a: Snorlax\n|-damage|p2a: Snorlax|17\/100\n|-damage|p1a: adam yauch|91\/100|[from] item: Life Orb\n|move|p2a: Snorlax|Outrage|p1a: adam yauch\n|-immune|p1a: adam yauch\n|\n|-heal|p2a: Snorlax|23\/100|[from] item: Leftovers\n|-end|p1a: adam yauch|move: Yawn|[silent]\n|-status|p1a: adam yauch|slp\n|upkeep\n|turn|8\n|\n|t:|1699795741\n|switch|p2a: Sandslash|Sandslash-Alola, M|100\/100\n|cant|p1a: adam yauch|slp\n|\n|upkeep\n|turn|9\n|\n|t:|1699795745\n|cant|p1a: adam yauch|slp\n|move|p2a: Sandslash|Iron Head|p1a: adam yauch\n|-activate|p1a: adam yauch|ability: Disguise\n|-damage|p1a: adam yauch|91\/100 slp\n|detailschange|p1a: adam yauch|Mimikyu-Busted, F, shiny\n|-damage|p1a: adam yauch|78\/100 slp|[from] pokemon: Mimikyu-Busted\n|\n|-sideend|p1: ronniedobbs|move: Light Screen\n|upkeep\n|turn|10\n|\n|t:|1699795754\n|switch|p2a: Ninetales|Ninetales-Alola, M|100\/100\n|-weather|Snow|[from] ability: Snow Warning|[of] p2a: Ninetales\n|-terastallize|p1a: adam yauch|Fighting\n|-curestatus|p1a: adam yauch|slp|[msg]\n|move|p1a: adam yauch|Drain Punch|p2a: Ninetales\n|-damage|p2a: Ninetales|20\/100\n|-heal|p1a: adam yauch|100\/100|[from] drain|[of] p2a: Ninetales\n|-damage|p1a: adam yauch|91\/100|[from] item: Life Orb\n|\n|-weather|Snow|[upkeep]\n|upkeep\n|turn|11\n|l|\u2606SpinjaOnNine\n|player|p2|\n|j|\u2606SpinjaOnNine\n|player|p2|SpinjaOnNine|gambler\n|inactive|Battle timer is ON: inactive players will automatically lose when time's up. (requested by ronniedobbs)\n|\n|t:|1699795797\n|switch|p2a: Snorlax|Snorlax, M|23\/100\n|move|p1a: adam yauch|Shadow Sneak|p2a: Snorlax\n|-immune|p2a: Snorlax\n|\n|-weather|Snow|[upkeep]\n|-heal|p2a: Snorlax|29\/100|[from] item: Leftovers\n|upkeep\n|turn|12\n|\n|t:|1699795809\n|move|p1a: adam yauch|Drain Punch|p2a: Snorlax\n|-supereffective|p2a: Snorlax\n|-crit|p2a: Snorlax\n|-damage|p2a: Snorlax|0 fnt\n|-heal|p1a: adam yauch|100\/100|[from] drain|[of] p2a: Snorlax\n|faint|p2a: Snorlax\n|-damage|p1a: adam yauch|91\/100|[from] item: Life Orb\n|\n|-weather|Snow|[upkeep]\n|upkeep\n|\n|t:|1699795813\n|switch|p2a: Sandslash|Sandslash-Alola, M|100\/100\n|turn|13\n|\n|t:|1699795818\n|-terastallize|p2a: Sandslash|Ice\n|move|p2a: Sandslash|Icicle Spear|p1a: adam yauch\n|-damage|p1a: adam yauch|66\/100\n|-damage|p1a: adam yauch|41\/100\n|-damage|p1a: adam yauch|12\/100\n|-damage|p1a: adam yauch|0 fnt\n|faint|p1a: adam yauch\n|-hitcount|p1: adam yauch|4\n|\n|-weather|Snow|[upkeep]\n|upkeep\n|\n|t:|1699795829\n|switch|p1a: ian curtis|Goodra-Hisui, M, shiny|100\/100\n|turn|14\n|\n|t:|1699795831\n|move|p2a: Sandslash|Icicle Spear|p1a: ian curtis\n|-damage|p1a: ian curtis|86\/100\n|-damage|p1a: ian curtis|71\/100\n|-damage|p1a: ian curtis|57\/100\n|-damage|p1a: ian curtis|43\/100\n|-damage|p1a: ian curtis|27\/100\n|-hitcount|p1a: ian curtis|5\n|move|p1a: ian curtis|Fire Blast|p2a: Sandslash\n|-supereffective|p2a: Sandslash\n|-damage|p2a: Sandslash|0 fnt\n|faint|p2a: Sandslash\n|\n|-weather|none\n|upkeep\n|\n|t:|1699795851\n|switch|p2a: Ninetales|Ninetales-Alola, M|20\/100\n|-weather|Snow|[from] ability: Snow Warning|[of] p2a: Ninetales\n|turn|15\n|\n|t:|1699795855\n|move|p2a: Ninetales|Blizzard|p1a: ian curtis\n|-damage|p1a: ian curtis|7\/100\n|move|p1a: ian curtis|Flash Cannon|p2a: Ninetales\n|-supereffective|p2a: Ninetales\n|-damage|p2a: Ninetales|0 fnt\n|faint|p2a: Ninetales\n|\n|-weather|Snow|[upkeep]\n|upkeep\n|\n|t:|1699795860\n|switch|p2a: Dragonite|Dragonite, M|100\/100\n|turn|16\n|\n|t:|1699795864\n|move|p2a: Dragonite|Fire Punch|p1a: ian curtis\n|-damage|p1a: ian curtis|0 fnt\n|faint|p1a: ian curtis\n|\n|-weather|Snow|[upkeep]\n|upkeep\n|\n|t:|1699795871\n|switch|p1a: d. boon|Zeraora|100\/100\n|turn|17\n|\n|t:|1699795889\n|move|p1a: d. boon|Plasma Fists|p2a: Dragonite\n|-damage|p2a: Dragonite|79\/100\n|-fieldactivate|move: Ion Deluge\n|-hint|Normal-type moves become Electric-type after using Plasma Fists.\n|move|p2a: Dragonite|Outrage|p1a: d. boon\n|-damage|p1a: d. boon|24\/100\n|\n|-weather|Snow|[upkeep]\n|-heal|p2a: Dragonite|85\/100|[from] item: Leftovers\n|upkeep\n|turn|18\n|\n|t:|1699795901\n|move|p1a: d. boon|Knock Off|p2a: Dragonite\n|-damage|p2a: Dragonite|59\/100\n|-enditem|p2a: Dragonite|Leftovers|[from] move: Knock Off|[of] p1a: d. boon\n|move|p2a: Dragonite|Outrage|p1a: d. boon|[from]lockedmove\n|-crit|p1a: d. boon\n|-damage|p1a: d. boon|0 fnt\n|faint|p1a: d. boon\n|\n|-weather|Snow|[upkeep]\n|upkeep\n|\n|t:|1699795909\n|switch|p1a: gg allin|Garchomp, M, shiny|100\/100\n|turn|19\n|\n|t:|1699795912\n|move|p1a: gg allin|Scale Shot|p2a: Dragonite\n|-supereffective|p2a: Dragonite\n|-damage|p2a: Dragonite|37\/100\n|-supereffective|p2a: Dragonite\n|-damage|p2a: Dragonite|13\/100\n|-supereffective|p2a: Dragonite\n|-damage|p2a: Dragonite|0 fnt\n|faint|p2a: Dragonite\n|-hitcount|p2: Dragonite|3\n|-unboost|p1a: gg allin|def|1\n|-boost|p1a: gg allin|spe|1\n|\n|-weather|none\n|upkeep\n|\n|t:|1699795914\n|switch|p2a: Rotom|Rotom-Wash|100\/100\n|turn|20\n|\n|t:|1699795924\n|detailschange|p1a: gg allin|Garchomp-Mega, M, shiny\n|-mega|p1a: gg allin|Garchomp|Garchompite\n|move|p1a: gg allin|Rock Slide|p2a: Rotom\n|-damage|p2a: Rotom|64\/100\n|move|p2a: Rotom|Will-O-Wisp|p1a: gg allin|[miss]\n|-miss|p2a: Rotom|p1a: gg allin\n|\n|-heal|p2a: Rotom|70\/100|[from] item: Leftovers\n|upkeep\n|turn|21\n|c|\u2606SpinjaOnNine|Fuck this game\n|\n|t:|1699795938\n|move|p1a: gg allin|Scale Shot|p2a: Rotom\n|-damage|p2a: Rotom|50\/100\n|-damage|p2a: Rotom|33\/100\n|-hitcount|p2a: Rotom|2\n|-unboost|p1a: gg allin|def|1\n|-boost|p1a: gg allin|spe|1\n|move|p2a: Rotom|Will-O-Wisp|p1a: gg allin|[miss]\n|-miss|p2a: Rotom|p1a: gg allin\n|\n|-heal|p2a: Rotom|39\/100|[from] item: Leftovers\n|upkeep\n|turn|22\n|c|\u2606SpinjaOnNine|What the fuck\n|\n|t:|1699795949\n|move|p1a: gg allin|Rock Slide|p2a: Rotom|[miss]\n|-miss|p1a: gg allin|p2a: Rotom\n|move|p2a: Rotom|Will-O-Wisp|p1a: gg allin\n|-status|p1a: gg allin|brn\n|\n|-heal|p2a: Rotom|45\/100|[from] item: Leftovers\n|-damage|p1a: gg allin|94\/100 brn|[from] brn\n|upkeep\n|turn|23\n|\n|t:|1699795958\n|move|p1a: gg allin|Swords Dance|p1a: gg allin\n|-boost|p1a: gg allin|atk|2\n|move|p2a: Rotom|Hydro Pump|p1a: gg allin\n|-damage|p1a: gg allin|42\/100 brn\n|\n|-heal|p2a: Rotom|50\/100|[from] item: Leftovers\n|-damage|p1a: gg allin|36\/100 brn|[from] brn\n|upkeep\n|turn|24\n|\n|t:|1699795965\n|move|p1a: gg allin|Scale Shot|p2a: Rotom\n|-damage|p2a: Rotom|30\/100\n|-damage|p2a: Rotom|13\/100\n|-hitcount|p2a: Rotom|2\n|-unboost|p1a: gg allin|def|1\n|-boost|p1a: gg allin|spe|1\n|move|p2a: Rotom|Hydro Pump|p1a: gg allin|[miss]\n|-miss|p2a: Rotom|p1a: gg allin\n|\n|-heal|p2a: Rotom|19\/100|[from] item: Leftovers\n|-damage|p1a: gg allin|30\/100 brn|[from] brn\n|upkeep\n|turn|25\n|c|\u2606SpinjaOnNine|Why is this game so fucking dumb\n|c|\u2606ronniedobbs|these turns have been a disaster lol\n|\n|t:|1699795992\n|move|p1a: gg allin|Scale Shot|p2a: Rotom\n|-damage|p2a: Rotom|1\/100\n|-damage|p2a: Rotom|0 fnt\n|faint|p2a: Rotom\n|-hitcount|p2: Rotom|2\n|\n|win|ronniedobbs\n|raw|ronniedobbs's rating: 1346 &rarr; <strong>1363<\/strong><br \/>(+17 for winning)\n|raw|SpinjaOnNine's rating: 1288 &rarr; <strong>1267<\/strong><br \/>(-21 for losing)\n","uploadtime":1699795977,"views":4,"p1id":"ronniedobbs","p2id":"spinjaonnine","formatid":"gen9nationaldex","rating":1267,"private":0,"password":""}