{"id":"gen9nationaldex-1999444421","p1":"jarueh","p2":"lindao.1.","format":"[Gen 9] National Dex","log":"|html|<div class=\"broadcast-blue\"><strong>[Gen 9] National Dex is currently suspecting Sneasler! For information on how to participate check out the <a href=\"https:\/\/www.smogon.com\/forums\/threads\/sv-national-dex-suspect-8-just-dance.3731534\/\">suspect thread<\/a>.<\/strong><\/div>\n|j|\u2606jarueh\n|j|\u2606lindao.1.\n|t:|1701081527\n|gametype|singles\n|player|p1|jarueh|pilot|1051\n|player|p2|lindao.1.|shadowtriad|1141\n|teamsize|p1|6\n|teamsize|p2|6\n|gen|9\n|tier|[Gen 9] National Dex\n|rated|\n|rule|HP Percentage Mod: HP is shown in percentages\n|rule|Endless Battle Clause: Forcing endless battles is banned\n|rule|OHKO Clause: OHKO moves are banned\n|rule|Evasion Clause: Evasion abilities, items, and moves are banned\n|rule|Evasion Abilities Clause: Evasion abilities are banned\n|rule|Evasion Items Clause: Evasion items are banned\n|rule|Evasion Moves Clause: Evasion moves are banned\n|rule|Species Clause: Limit one of each Pok\u00e9mon\n|rule|Sleep Clause Mod: Limit one foe put to sleep\n|clearpoke\n|poke|p1|Wobbuffet, M|\n|poke|p1|Cinderace, M|\n|poke|p1|Nidoqueen, F|\n|poke|p1|Swampert, M|\n|poke|p1|Zarude|\n|poke|p1|Conkeldurr, F|\n|poke|p2|Rillaboom, F|\n|poke|p2|Sneasler, M|\n|poke|p2|Salamence, F|\n|poke|p2|Blacephalon|\n|poke|p2|Corviknight, F|\n|poke|p2|Diancie|\n|teampreview\n|\n|t:|1701081540\n|start\n|switch|p1a: Conkeldurr|Conkeldurr, F|100\/100\n|switch|p2a: Rillaboom|Rillaboom, F|100\/100\n|-fieldstart|move: Grassy Terrain|[from] ability: Grassy Surge|[of] p2a: Rillaboom\n|turn|1\n|\n|t:|1701081559\n|move|p2a: Rillaboom|U-turn|p1a: Conkeldurr\n|-resisted|p1a: Conkeldurr\n|-damage|p1a: Conkeldurr|83\/100\n|\n|t:|1701081567\n|switch|p2a: Sneasler|Sneasler, M|100\/100|[from] U-turn\n|-enditem|p2a: Sneasler|Grassy Seed\n|-boost|p2a: Sneasler|def|1|[from] item: Grassy Seed\n|move|p1a: Conkeldurr|Knock Off|p2a: Sneasler\n|-resisted|p2a: Sneasler\n|-crit|p2a: Sneasler\n|-damage|p2a: Sneasler|70\/100\n|\n|-heal|p2a: Sneasler|76\/100|[from] Grassy Terrain\n|-heal|p1a: Conkeldurr|89\/100|[from] Grassy Terrain\n|-status|p1a: Conkeldurr|brn|[from] item: Flame Orb\n|upkeep\n|turn|2\n|\n|t:|1701081584\n|-terastallize|p2a: Sneasler|Flying\n|move|p2a: Sneasler|Acrobatics|p1a: Conkeldurr\n|-supereffective|p1a: Conkeldurr\n|-damage|p1a: Conkeldurr|0 fnt\n|faint|p1a: Conkeldurr\n|\n|upkeep\n|\n|t:|1701081603\n|switch|p1a: Nidoqueen|Nidoqueen, F|100\/100\n|turn|3\n|\n|t:|1701081620\n|move|p2a: Sneasler|Close Combat|p1a: Nidoqueen\n|-resisted|p1a: Nidoqueen\n|-damage|p1a: Nidoqueen|57\/100\n|-unboost|p2a: Sneasler|def|1\n|-unboost|p2a: Sneasler|spd|1\n|move|p1a: Nidoqueen|Ice Beam|p2a: Sneasler\n|-supereffective|p2a: Sneasler\n|-damage|p2a: Sneasler|0 fnt\n|faint|p2a: Sneasler\n|\n|-heal|p1a: Nidoqueen|63\/100|[from] Grassy Terrain\n|upkeep\n|\n|t:|1701081647\n|switch|p2a: Blacephalon|Blacephalon|100\/100\n|turn|4\n|\n|t:|1701081669\n|-terastallize|p1a: Nidoqueen|Dark\n|move|p2a: Blacephalon|Fire Blast|p1a: Nidoqueen\n|-damage|p1a: Nidoqueen|0 fnt\n|faint|p1a: Nidoqueen\n|-ability|p2a: Blacephalon|Beast Boost|boost\n|-boost|p2a: Blacephalon|spa|1\n|\n|upkeep\n|\n|t:|1701081682\n|switch|p1a: Swampert|Swampert, M|100\/100\n|turn|5\n|inactive|Battle timer is ON: inactive players will automatically lose when time's up. (requested by lindao.1.)\n|\n|t:|1701081689\n|switch|p2a: Rillaboom|Rillaboom, F|100\/100\n|detailschange|p1a: Swampert|Swampert-Mega, M\n|-mega|p1a: Swampert|Swampert|Swampertite\n|move|p1a: Swampert|Liquidation|p2a: Rillaboom\n|-resisted|p2a: Rillaboom\n|-crit|p2a: Rillaboom\n|-damage|p2a: Rillaboom|64\/100\n|-unboost|p2a: Rillaboom|def|1\n|\n|-heal|p2a: Rillaboom|70\/100|[from] Grassy Terrain\n|-fieldend|move: Grassy Terrain\n|upkeep\n|turn|6\n|\n|t:|1701081702\n|switch|p1a: Zarude|Zarude|100\/100\n|move|p2a: Rillaboom|U-turn|p1a: Zarude\n|-supereffective|p1a: Zarude\n|-damage|p1a: Zarude|0 fnt\n|faint|p1a: Zarude\n|\n|t:|1701081708\n|switch|p2a: Diancie|Diancie|100\/100|[from] U-turn\n|\n|upkeep\n|\n|t:|1701081712\n|switch|p1a: Wobbuffet|Wobbuffet, M|100\/100\n|turn|7\n|\n|t:|1701081723\n|detailschange|p2a: Diancie|Diancie-Mega\n|-mega|p2a: Diancie|Diancie|Diancite\n|move|p2a: Diancie|Stealth Rock|p1a: Wobbuffet\n|-sidestart|p1: jarueh|move: Stealth Rock\n|move|p1a: Wobbuffet|Mirror Coat||[still]\n|-fail|p1a: Wobbuffet\n|\n|upkeep\n|turn|8\n|\n|t:|1701081742\n|move|p2a: Diancie|Mystical Fire|p1a: Wobbuffet\n|-damage|p1a: Wobbuffet|77\/100\n|-unboost|p1a: Wobbuffet|spa|1\n|move|p1a: Wobbuffet|Destiny Bond|p1a: Wobbuffet\n|-singlemove|p1a: Wobbuffet|Destiny Bond\n|\n|-heal|p1a: Wobbuffet|83\/100|[from] item: Leftovers\n|upkeep\n|turn|9\n|\n|t:|1701081750\n|move|p2a: Diancie|Diamond Storm|p1a: Wobbuffet\n|-damage|p1a: Wobbuffet|49\/100\n|move|p1a: Wobbuffet|Encore|p2a: Diancie\n|move|p2a: Diancie|Encore||[from]ability: Magic Bounce|[still]\n|-fail|p2a: Diancie\n|\n|-heal|p1a: Wobbuffet|55\/100|[from] item: Leftovers\n|upkeep\n|turn|10\n|\n|t:|1701081764\n|move|p2a: Diancie|Diamond Storm|p1a: Wobbuffet\n|-damage|p1a: Wobbuffet|16\/100\n|-boost|p2a: Diancie|def|2\n|move|p1a: Wobbuffet|Counter|p2a: Diancie\n|-damage|p2a: Diancie|0 fnt\n|faint|p2a: Diancie\n|\n|-heal|p1a: Wobbuffet|22\/100|[from] item: Leftovers\n|upkeep\n|\n|t:|1701081780\n|switch|p2a: Rillaboom|Rillaboom, F|70\/100\n|-fieldstart|move: Grassy Terrain|[from] ability: Grassy Surge|[of] p2a: Rillaboom\n|turn|11\n|\n|t:|1701081784\n|move|p2a: Rillaboom|Grassy Glide|p1a: Wobbuffet\n|-damage|p1a: Wobbuffet|0 fnt\n|faint|p1a: Wobbuffet\n|\n|-heal|p2a: Rillaboom|76\/100|[from] Grassy Terrain\n|upkeep\n|\n|t:|1701081791\n|switch|p1a: Cinderace|Cinderace, M|100\/100\n|-damage|p1a: Cinderace|76\/100|[from] Stealth Rock\n|turn|12\n|\n|t:|1701081799\n|switch|p2a: Salamence|Salamence, F|100\/100\n|-ability|p2a: Salamence|Intimidate|boost\n|-unboost|p1a: Cinderace|atk|1\n|move|p1a: Cinderace|Pyro Ball|p2a: Salamence\n|-resisted|p2a: Salamence\n|-crit|p2a: Salamence\n|-damage|p2a: Salamence|47\/100\n|\n|-heal|p1a: Cinderace|82\/100|[from] Grassy Terrain\n|upkeep\n|turn|13\n|\n|t:|1701081812\n|switch|p1a: Swampert|Swampert-Mega, M|100\/100\n|-damage|p1a: Swampert|94\/100|[from] Stealth Rock\n|-zpower|p2a: Salamence\n|move|p2a: Salamence|Devastating Drake|p1a: Swampert|[zeffect]\n|-damage|p1a: Swampert|38\/100\n|\n|-heal|p1a: Swampert|44\/100|[from] Grassy Terrain\n|upkeep\n|turn|14\n|\n|t:|1701081829\n|move|p2a: Salamence|Air Slash|p1a: Swampert\n|-damage|p1a: Swampert|22\/100\n|move|p1a: Swampert|Ice Punch|p2a: Salamence\n|-supereffective|p2a: Salamence\n|-damage|p2a: Salamence|0 fnt\n|faint|p2a: Salamence\n|\n|-heal|p1a: Swampert|28\/100|[from] Grassy Terrain\n|upkeep\n|\n|t:|1701081833\n|switch|p2a: Blacephalon|Blacephalon|100\/100\n|turn|15\n|\n|t:|1701081839\n|move|p2a: Blacephalon|Shadow Ball|p1a: Swampert\n|-damage|p1a: Swampert|1\/100\n|-unboost|p1a: Swampert|spd|1\n|move|p1a: Swampert|Earthquake|p2a: Blacephalon\n|-supereffective|p2a: Blacephalon\n|-crit|p2a: Blacephalon\n|-damage|p2a: Blacephalon|0 fnt\n|faint|p2a: Blacephalon\n|\n|-heal|p1a: Swampert|7\/100|[from] Grassy Terrain\n|-fieldend|move: Grassy Terrain\n|upkeep\n|\n|t:|1701081845\n|switch|p2a: Rillaboom|Rillaboom, F|76\/100\n|-fieldstart|move: Grassy Terrain|[from] ability: Grassy Surge|[of] p2a: Rillaboom\n|turn|16\n|\n|t:|1701081855\n|move|p2a: Rillaboom|Knock Off|p1a: Swampert\n|-damage|p1a: Swampert|0 fnt\n|faint|p1a: Swampert\n|\n|-heal|p2a: Rillaboom|82\/100|[from] Grassy Terrain\n|upkeep\n|\n|t:|1701081861\n|switch|p1a: Cinderace|Cinderace, M|82\/100\n|-damage|p1a: Cinderace|57\/100|[from] Stealth Rock\n|turn|17\n|\n|t:|1701081867\n|switch|p2a: Corviknight|Corviknight, F|100\/100\n|-ability|p2a: Corviknight|Pressure\n|move|p1a: Cinderace|Pyro Ball|p2a: Corviknight\n|-supereffective|p2a: Corviknight\n|-damage|p2a: Corviknight|31\/100\n|\n|-heal|p1a: Cinderace|63\/100|[from] Grassy Terrain\n|upkeep\n|turn|18\n|\n|t:|1701081878\n|move|p1a: Cinderace|Pyro Ball|p2a: Corviknight\n|-supereffective|p2a: Corviknight\n|-damage|p2a: Corviknight|0 fnt\n|faint|p2a: Corviknight\n|\n|-heal|p1a: Cinderace|69\/100|[from] Grassy Terrain\n|upkeep\n|\n|t:|1701081882\n|switch|p2a: Rillaboom|Rillaboom, F|82\/100\n|turn|19\n|\n|t:|1701081886\n|move|p2a: Rillaboom|Grassy Glide|p1a: Cinderace\n|-resisted|p1a: Cinderace\n|-damage|p1a: Cinderace|28\/100\n|move|p1a: Cinderace|Pyro Ball|p2a: Rillaboom|[miss]\n|-miss|p1a: Cinderace|p2a: Rillaboom\n|\n|-heal|p1a: Cinderace|34\/100|[from] Grassy Terrain\n|-heal|p2a: Rillaboom|88\/100|[from] Grassy Terrain\n|upkeep\n|turn|20\n|c|\u2606lindao.1.|hah\n|\n|t:|1701081899\n|move|p2a: Rillaboom|Grassy Glide|p1a: Cinderace\n|-resisted|p1a: Cinderace\n|-damage|p1a: Cinderace|0 fnt\n|faint|p1a: Cinderace\n|\n|win|lindao.1.\n|raw|jarueh's rating: 1033 &rarr; <strong>1023<\/strong><br \/>(-10 for losing)\n|raw|lindao.1.'s rating: 1141 &rarr; <strong>1158<\/strong><br \/>(+17 for winning)\n","uploadtime":1701081905,"views":8,"p1id":"jarueh","p2id":"lindao1","formatid":"gen9nationaldex","rating":1023,"private":0,"password":""}