{"id":"gen9nationaldex-1991920607","p1":"chillimillio","p2":"Hi my name is Goku","format":"[Gen 9] National Dex","log":"|j|\u2606chillimillio\n|j|\u2606Hi my name is Goku\n|t:|1700138327\n|gametype|singles\n|player|p1|chillimillio|1|1463\n|player|p2|Hi my name is Goku|blackbelt-gen4dp|1414\n|teamsize|p1|6\n|teamsize|p2|6\n|gen|9\n|tier|[Gen 9] National Dex\n|rated|\n|rule|HP Percentage Mod: HP is shown in percentages\n|rule|Endless Battle Clause: Forcing endless battles is banned\n|rule|OHKO Clause: OHKO moves are banned\n|rule|Evasion Clause: Evasion abilities, items, and moves are banned\n|rule|Evasion Abilities Clause: Evasion abilities are banned\n|rule|Evasion Items Clause: Evasion items are banned\n|rule|Evasion Moves Clause: Evasion moves are banned\n|rule|Species Clause: Limit one of each Pok\u00e9mon\n|rule|Sleep Clause Mod: Limit one foe put to sleep\n|clearpoke\n|poke|p1|Raichu-Alola, M|\n|poke|p1|Tapu Koko|\n|poke|p1|Sneasler, F|\n|poke|p1|Scizor, F|\n|poke|p1|Iron Thorns|\n|poke|p1|Ditto|\n|poke|p2|Garchomp, M|\n|poke|p2|Kommo-o, M|\n|poke|p2|Goodra-Hisui, M|\n|poke|p2|Salamence, M|\n|poke|p2|Dipplin, M|\n|poke|p2|Kyurem|\n|teampreview\n|\n|t:|1700138337\n|start\n|switch|p1a: Tapu Koko|Tapu Koko|100\/100\n|switch|p2a: Boeing 777|Garchomp, M, shiny|100\/100\n|-fieldstart|move: Electric Terrain|[from] ability: Electric Surge|[of] p1a: Tapu Koko\n|turn|1\n|\n|t:|1700138352\n|switch|p1a: Scizor|Scizor, F|100\/100\n|move|p2a: Boeing 777|Earthquake|p1a: Scizor\n|-crit|p1a: Scizor\n|-damage|p1a: Scizor|50\/100\n|\n|upkeep\n|turn|2\n|\n|t:|1700138362\n|detailschange|p1a: Scizor|Scizor-Mega, F\n|-mega|p1a: Scizor|Scizor|Scizorite\n|move|p2a: Boeing 777|Stealth Rock|p1a: Scizor\n|-sidestart|p1: chillimillio|move: Stealth Rock\n|move|p1a: Scizor|U-turn|p2a: Boeing 777\n|-damage|p2a: Boeing 777|70\/100\n|-damage|p1a: Scizor|38\/100|[from] ability: Rough Skin|[of] p2a: Boeing 777\n|-damage|p1a: Scizor|21\/100|[from] item: Rocky Helmet|[of] p2a: Boeing 777\n|\n|t:|1700138390\n|switch|p1a: Ditto|Ditto|100\/100|[from] U-turn\n|-damage|p1a: Ditto|88\/100|[from] Stealth Rock\n|-transform|p1a: Ditto|p2a: Boeing 777|[from] ability: Imposter\n|\n|upkeep\n|turn|3\n|inactive|Battle timer is ON: inactive players will automatically lose when time's up. (requested by Hi my name is Goku)\n|\n|t:|1700138403\n|move|p1a: Ditto|Earthquake|p2a: Boeing 777\n|-crit|p2a: Boeing 777\n|-damage|p2a: Boeing 777|14\/100\n|move|p2a: Boeing 777|Roar|p1a: Ditto\n|drag|p1a: Scizor|Scizor-Mega, F|21\/100\n|-damage|p1a: Scizor|9\/100|[from] Stealth Rock\n|\n|upkeep\n|turn|4\n|\n|t:|1700138413\n|move|p1a: Scizor|Bullet Punch|p2a: Boeing 777\n|-damage|p2a: Boeing 777|0 fnt\n|-damage|p1a: Scizor|0 fnt|[from] ability: Rough Skin|[of] p2a: Boeing 777\n|faint|p2a: Boeing 777\n|faint|p1a: Scizor\n|\n|upkeep\n|\n|t:|1700138425\n|switch|p2a: Smaug|Salamence, M, shiny|100\/100\n|switch|p1a: Raichu|Raichu-Alola, M|100\/100\n|-damage|p1a: Raichu|88\/100|[from] Stealth Rock\n|turn|5\n|\n|t:|1700138433\n|-zpower|p1a: Raichu\n|move|p1a: Raichu|Shattered Psyche|p2a: Smaug|[zeffect]\n|-damage|p2a: Smaug|0 fnt\n|faint|p2a: Smaug\n|\n|upkeep\n|\n|t:|1700138439\n|switch|p2a: The cave|Kyurem|100\/100\n|-ability|p2a: The cave|Pressure\n|turn|6\n|\n|t:|1700138446\n|move|p1a: Raichu|Focus Blast|p2a: The cave\n|-supereffective|p2a: The cave\n|-damage|p2a: The cave|40\/100\n|move|p2a: The cave|Scale Shot|p1a: Raichu\n|-damage|p1a: Raichu|58\/100\n|-damage|p1a: Raichu|27\/100\n|-crit|p1a: Raichu\n|-damage|p1a: Raichu|0 fnt\n|faint|p1a: Raichu\n|-hitcount|p1: Raichu|3\n|-unboost|p2a: The cave|def|1\n|-boost|p2a: The cave|spe|1\n|\n|upkeep\n|\n|t:|1700138462\n|switch|p1a: Ditto|Ditto|88\/100\n|-damage|p1a: Ditto|76\/100|[from] Stealth Rock\n|-transform|p1a: Ditto|p2a: The cave|[from] ability: Imposter\n|-ability|p1a: Ditto|Pressure\n|turn|7\n|\n|t:|1700138476\n|move|p1a: Ditto|Icicle Spear|p2a: The cave\n|-damage|p2a: The cave|24\/100\n|-damage|p2a: The cave|6\/100\n|-hitcount|p2a: The cave|2\n|move|p2a: The cave|Scale Shot|p1a: Ditto\n|-supereffective|p1a: Ditto\n|-damage|p1a: Ditto|25\/100\n|-supereffective|p1a: Ditto\n|-damage|p1a: Ditto|0 fnt\n|faint|p1a: Ditto\n|-hitcount|p1: Ditto|2\n|-unboost|p2a: The cave|def|1\n|-boost|p2a: The cave|spe|1\n|\n|upkeep\n|\n|t:|1700138491\n|switch|p1a: Iron Thorns|Iron Thorns|100\/100\n|-damage|p1a: Iron Thorns|88\/100|[from] Stealth Rock\n|-activate|p1a: Iron Thorns|ability: Quark Drive\n|-start|p1a: Iron Thorns|quarkdrivedef\n|turn|8\n|\n|t:|1700138502\n|move|p2a: The cave|Scale Shot|p1a: Iron Thorns\n|-damage|p1a: Iron Thorns|80\/100\n|-crit|p1a: Iron Thorns\n|-damage|p1a: Iron Thorns|69\/100\n|-damage|p1a: Iron Thorns|61\/100\n|-damage|p1a: Iron Thorns|53\/100\n|-hitcount|p1a: Iron Thorns|4\n|-unboost|p2a: The cave|def|1\n|-boost|p2a: The cave|spe|1\n|move|p1a: Iron Thorns|Rock Slide|p2a: The cave\n|-supereffective|p2a: The cave\n|-damage|p2a: The cave|0 fnt\n|faint|p2a: The cave\n|-damage|p1a: Iron Thorns|43\/100|[from] item: Life Orb\n|\n|-fieldend|move: Electric Terrain\n|-end|p1a: Iron Thorns|Quark Drive\n|upkeep\n|\n|t:|1700138514\n|switch|p2a: Swiffer Jet|Kommo-o, M, shiny|100\/100\n|turn|9\n|\n|t:|1700138530\n|move|p2a: Swiffer Jet|Poison Jab|p1a: Iron Thorns\n|-resisted|p1a: Iron Thorns\n|-damage|p1a: Iron Thorns|35\/100\n|move|p1a: Iron Thorns|Ice Punch|p2a: Swiffer Jet\n|-supereffective|p2a: Swiffer Jet\n|-damage|p2a: Swiffer Jet|48\/100\n|-status|p2a: Swiffer Jet|frz\n|-damage|p1a: Iron Thorns|25\/100|[from] item: Life Orb\n|\n|upkeep\n|turn|10\n|\n|t:|1700138540\n|-curestatus|p2a: Swiffer Jet|frz|[msg]\n|-zpower|p2a: Swiffer Jet\n|move|p2a: Swiffer Jet|Clangorous Soulblaze|p1a: Iron Thorns|[zeffect]\n|-damage|p1a: Iron Thorns|0 fnt\n|faint|p1a: Iron Thorns\n|-end|p1a: Iron Thorns|Quark Drive|[silent]\n|-boost|p2a: Swiffer Jet|atk|1\n|-boost|p2a: Swiffer Jet|def|1\n|-boost|p2a: Swiffer Jet|spa|1\n|-boost|p2a: Swiffer Jet|spd|1\n|-boost|p2a: Swiffer Jet|spe|1\n|\n|upkeep\n|\n|t:|1700138554\n|switch|p1a: Tapu Koko|Tapu Koko|100\/100\n|-damage|p1a: Tapu Koko|88\/100|[from] Stealth Rock\n|-fieldstart|move: Electric Terrain|[from] ability: Electric Surge|[of] p1a: Tapu Koko\n|turn|11\n|\n|t:|1700138565\n|move|p2a: Swiffer Jet|Poison Jab|p1a: Tapu Koko\n|-supereffective|p1a: Tapu Koko\n|-damage|p1a: Tapu Koko|0 fnt\n|faint|p1a: Tapu Koko\n|\n|upkeep\n|\n|t:|1700138571\n|switch|p1a: Sneasler|Sneasler, F|100\/100\n|-damage|p1a: Sneasler|95\/100|[from] Stealth Rock\n|-enditem|p1a: Sneasler|Electric Seed\n|-boost|p1a: Sneasler|def|1|[from] item: Electric Seed\n|turn|12\n|\n|t:|1700138584\n|move|p1a: Sneasler|Close Combat|p2a: Swiffer Jet\n|-damage|p2a: Swiffer Jet|4\/100\n|-unboost|p1a: Sneasler|def|1\n|-unboost|p1a: Sneasler|spd|1\n|move|p2a: Swiffer Jet|Clanging Scales|p1a: Sneasler\n|-damage|p1a: Sneasler|0 fnt\n|faint|p1a: Sneasler\n|\n|win|Hi my name is Goku\n|raw|chillimillio's rating: 1463 &rarr; <strong>1440<\/strong><br \/>(-23 for losing)\n|raw|Hi my name is Goku's rating: 1414 &rarr; <strong>1437<\/strong><br \/>(+23 for winning)\n|l|\u2606chillimillio\n","uploadtime":1700138602,"views":20,"p1id":"chillimillio","p2id":"himynameisgoku","formatid":"gen9nationaldex","rating":1437,"private":0,"password":""}