{"id":"gen9nationaldex-1995198555","p1":"LNewsom88","p2":"Wonderboyyee","format":"[Gen 9] National Dex","log":"|html|<div class=\"broadcast-blue\"><strong>[Gen 9] National Dex is currently suspecting Sneasler! For information on how to participate check out the <a href=\"https:\/\/www.smogon.com\/forums\/threads\/sv-national-dex-suspect-8-just-dance.3731534\/\">suspect thread<\/a>.<\/strong><\/div>\n|j|\u2606LNewsom88\n|j|\u2606Wonderboyyee\n|t:|1700533658\n|gametype|singles\n|player|p1|LNewsom88|dawn|1124\n|player|p2|Wonderboyyee|102|1000\n|teamsize|p1|6\n|teamsize|p2|6\n|gen|9\n|tier|[Gen 9] National Dex\n|rated|\n|rule|HP Percentage Mod: HP is shown in percentages\n|rule|Endless Battle Clause: Forcing endless battles is banned\n|rule|OHKO Clause: OHKO moves are banned\n|rule|Evasion Clause: Evasion abilities, items, and moves are banned\n|rule|Evasion Abilities Clause: Evasion abilities are banned\n|rule|Evasion Items Clause: Evasion items are banned\n|rule|Evasion Moves Clause: Evasion moves are banned\n|rule|Species Clause: Limit one of each Pok\u00e9mon\n|rule|Sleep Clause Mod: Limit one foe put to sleep\n|clearpoke\n|poke|p1|Ferrothorn, F|\n|poke|p1|Sharpedo, F|\n|poke|p1|Skeledirge, M|\n|poke|p1|Salamence, M|\n|poke|p1|Alakazam, M|\n|poke|p1|Torterra, F|\n|poke|p2|Swampert, M|\n|poke|p2|Arcanine, F|\n|poke|p2|Zapdos|\n|poke|p2|Gengar, F|\n|poke|p2|Rotom-Wash|\n|poke|p2|Dragonite, M|\n|teampreview\n|\n|t:|1700533663\n|start\n|switch|p1a: Ferrothorn|Ferrothorn, F|100\/100\n|switch|p2a: Swampert|Swampert, M|100\/100\n|turn|1\n|\n|t:|1700533671\n|move|p2a: Swampert|Stealth Rock|p1a: Ferrothorn\n|-sidestart|p1: LNewsom88|move: Stealth Rock\n|move|p1a: Ferrothorn|Stealth Rock|p2a: Swampert\n|-sidestart|p2: Wonderboyyee|move: Stealth Rock\n|\n|upkeep\n|turn|2\n|\n|t:|1700533680\n|switch|p2a: Arcanine|Arcanine, F|100\/100\n|-damage|p2a: Arcanine|76\/100|[from] Stealth Rock\n|move|p1a: Ferrothorn|Toxic|p2a: Arcanine\n|-status|p2a: Arcanine|tox\n|\n|-damage|p2a: Arcanine|69\/100 tox|[from] psn\n|upkeep\n|turn|3\n|\n|t:|1700533698\n|switch|p1a: Skeledirge|Skeledirge, M|100\/100\n|move|p2a: Arcanine|Will-O-Wisp|p1a: Skeledirge\n|-immune|p1a: Skeledirge\n|\n|-damage|p2a: Arcanine|57\/100 tox|[from] psn\n|upkeep\n|turn|4\n|\n|t:|1700533709\n|switch|p2a: Dragonite|Dragonite, M|100\/100\n|move|p1a: Skeledirge|Torch Song|p2a: Dragonite\n|-resisted|p2a: Dragonite\n|-damage|p2a: Dragonite|88\/100\n|-boost|p1a: Skeledirge|spa|1\n|\n|upkeep\n|turn|5\n|inactive|Battle timer is ON: inactive players will automatically lose when time's up. (requested by Wonderboyyee)\n|\n|t:|1700533752\n|move|p2a: Dragonite|Dragon Dance|p2a: Dragonite\n|-boost|p2a: Dragonite|atk|1\n|-boost|p2a: Dragonite|spe|1\n|move|p1a: Skeledirge|Will-O-Wisp|p2a: Dragonite\n|-status|p2a: Dragonite|brn\n|\n|-damage|p2a: Dragonite|82\/100 brn|[from] brn\n|upkeep\n|turn|6\n|inactiveoff|Battle timer is now OFF.\n|\n|t:|1700533766\n|move|p2a: Dragonite|Dragon Dance|p2a: Dragonite\n|-boost|p2a: Dragonite|atk|1\n|-boost|p2a: Dragonite|spe|1\n|move|p1a: Skeledirge|Torch Song|p2a: Dragonite\n|-resisted|p2a: Dragonite\n|-damage|p2a: Dragonite|64\/100 brn\n|-boost|p1a: Skeledirge|spa|1\n|\n|-damage|p2a: Dragonite|58\/100 brn|[from] brn\n|upkeep\n|turn|7\n|\n|t:|1700533777\n|move|p2a: Dragonite|Outrage|p1a: Skeledirge\n|-damage|p1a: Skeledirge|75\/100\n|move|p1a: Skeledirge|Hex|p2a: Dragonite\n|-crit|p2a: Dragonite\n|-damage|p2a: Dragonite|0 fnt\n|faint|p2a: Dragonite\n|\n|upkeep\n|\n|t:|1700533787\n|switch|p2a: Swampert|Swampert, M|100\/100\n|-damage|p2a: Swampert|94\/100|[from] Stealth Rock\n|turn|8\n|\n|t:|1700533795\n|move|p1a: Skeledirge|Will-O-Wisp|p2a: Swampert\n|-status|p2a: Swampert|brn\n|move|p2a: Swampert|Avalanche|p1a: Skeledirge\n|-resisted|p1a: Skeledirge\n|-damage|p1a: Skeledirge|73\/100\n|\n|-heal|p2a: Swampert|100\/100 brn|[from] item: Leftovers\n|-damage|p2a: Swampert|94\/100 brn|[from] brn\n|upkeep\n|turn|9\n|\n|t:|1700533807\n|move|p1a: Skeledirge|Torch Song|p2a: Swampert\n|-resisted|p2a: Swampert\n|-crit|p2a: Swampert\n|-damage|p2a: Swampert|56\/100 brn\n|-boost|p1a: Skeledirge|spa|1\n|move|p2a: Swampert|Earthquake|p1a: Skeledirge\n|-supereffective|p1a: Skeledirge\n|-damage|p1a: Skeledirge|44\/100\n|\n|-heal|p2a: Swampert|62\/100 brn|[from] item: Leftovers\n|-damage|p2a: Swampert|56\/100 brn|[from] brn\n|upkeep\n|turn|10\n|\n|t:|1700533822\n|move|p1a: Skeledirge|Slack Off|p1a: Skeledirge\n|-heal|p1a: Skeledirge|94\/100\n|move|p2a: Swampert|Earthquake|p1a: Skeledirge\n|-supereffective|p1a: Skeledirge\n|-damage|p1a: Skeledirge|68\/100\n|\n|-heal|p2a: Swampert|62\/100 brn|[from] item: Leftovers\n|-damage|p2a: Swampert|56\/100 brn|[from] brn\n|upkeep\n|turn|11\n|\n|t:|1700533834\n|switch|p2a: Zapdos|Zapdos|100\/100\n|-ability|p2a: Zapdos|Pressure\n|move|p1a: Skeledirge|Hex|p2a: Zapdos\n|-damage|p2a: Zapdos|28\/100\n|\n|upkeep\n|turn|12\n|\n|t:|1700533847\n|move|p2a: Zapdos|Thunder|p1a: Skeledirge\n|-damage|p1a: Skeledirge|21\/100\n|move|p1a: Skeledirge|Torch Song|p2a: Zapdos\n|-damage|p2a: Zapdos|0 fnt\n|-boost|p1a: Skeledirge|spa|1\n|faint|p2a: Zapdos\n|\n|upkeep\n|\n|t:|1700533859\n|switch|p2a: Arcanine|Arcanine, F|57\/100 tox\n|-damage|p2a: Arcanine|32\/100 tox|[from] Stealth Rock\n|turn|13\n|\n|t:|1700533863\n|move|p2a: Arcanine|Wild Charge|p1a: Skeledirge\n|-damage|p1a: Skeledirge|0 fnt\n|faint|p1a: Skeledirge\n|-damage|p2a: Arcanine|25\/100 tox|[from] Recoil\n|\n|-damage|p2a: Arcanine|19\/100 tox|[from] psn\n|upkeep\n|\n|t:|1700533870\n|switch|p1a: Sharpedo|Sharpedo, F|100\/100\n|-damage|p1a: Sharpedo|88\/100|[from] Stealth Rock\n|turn|14\n|\n|t:|1700533875\n|move|p1a: Sharpedo|Protect|p1a: Sharpedo\n|-singleturn|p1a: Sharpedo|Protect\n|move|p2a: Arcanine|Wild Charge|p1a: Sharpedo\n|-activate|p1a: Sharpedo|move: Protect\n|\n|-damage|p2a: Arcanine|7\/100 tox|[from] psn\n|-ability|p1a: Sharpedo|Speed Boost|boost\n|-boost|p1a: Sharpedo|spe|1\n|upkeep\n|turn|15\n|\n|t:|1700533887\n|move|p1a: Sharpedo|Liquidation|p2a: Arcanine\n|-supereffective|p2a: Arcanine\n|-damage|p2a: Arcanine|0 fnt\n|faint|p2a: Arcanine\n|\n|-ability|p1a: Sharpedo|Speed Boost|boost\n|-boost|p1a: Sharpedo|spe|1\n|upkeep\n|\n|t:|1700533899\n|switch|p2a: Swampert|Swampert, M|56\/100 brn\n|-damage|p2a: Swampert|50\/100 brn|[from] Stealth Rock\n|turn|16\n|\n|t:|1700533905\n|move|p1a: Sharpedo|Protect|p1a: Sharpedo\n|-singleturn|p1a: Sharpedo|Protect\n|move|p2a: Swampert|Earthquake|p1a: Sharpedo\n|-activate|p1a: Sharpedo|move: Protect\n|\n|-heal|p2a: Swampert|56\/100 brn|[from] item: Leftovers\n|-damage|p2a: Swampert|50\/100 brn|[from] brn\n|-ability|p1a: Sharpedo|Speed Boost|boost\n|-boost|p1a: Sharpedo|spe|1\n|upkeep\n|turn|17\n|\n|t:|1700533918\n|detailschange|p1a: Sharpedo|Sharpedo-Mega, F\n|-mega|p1a: Sharpedo|Sharpedo|Sharpedonite\n|move|p1a: Sharpedo|Crunch|p2a: Swampert\n|-damage|p2a: Swampert|0 fnt\n|faint|p2a: Swampert\n|\n|upkeep\n|\n|t:|1700533925\n|switch|p2a: Gengar|Gengar, F|100\/100\n|-damage|p2a: Gengar|88\/100|[from] Stealth Rock\n|turn|18\n|\n|t:|1700533929\n|move|p1a: Sharpedo|Crunch|p2a: Gengar\n|-supereffective|p2a: Gengar\n|-damage|p2a: Gengar|0 fnt\n|faint|p2a: Gengar\n|\n|upkeep\n|\n|t:|1700533935\n|switch|p2a: Rotom|Rotom-Wash|100\/100\n|-damage|p2a: Rotom|88\/100|[from] Stealth Rock\n|turn|19\n|\n|t:|1700533941\n|move|p1a: Sharpedo|Crunch|p2a: Rotom\n|-damage|p2a: Rotom|10\/100\n|move|p2a: Rotom|Thunder|p1a: Sharpedo\n|-supereffective|p1a: Sharpedo\n|-damage|p1a: Sharpedo|0 fnt\n|faint|p1a: Sharpedo\n|\n|upkeep\n|\n|t:|1700533958\n|switch|p1a: Torterra|Torterra, F|100\/100\n|-damage|p1a: Torterra|94\/100|[from] Stealth Rock\n|turn|20\n|\n|t:|1700533964\n|move|p1a: Torterra|Bullet Seed|p2a: Rotom\n|-supereffective|p2a: Rotom\n|-damage|p2a: Rotom|0 fnt\n|faint|p2a: Rotom\n|-hitcount|p2: Rotom|1\n|\n|win|LNewsom88\n|raw|LNewsom88's rating: 1124 &rarr; <strong>1140<\/strong><br \/>(+16 for winning)\n|raw|Wonderboyyee's rating: 1000 &rarr; <strong>1000<\/strong><br \/>(+0 for losing)\n|l|\u2606Wonderboyyee\n","uploadtime":1700533982,"views":7,"p1id":"lnewsom88","p2id":"wonderboyyee","formatid":"gen9nationaldex","rating":1000,"private":0,"password":""}