{"id":"gen9nationaldex-1991037334","p1":"Sir_chronicles","p2":"tdioufg","format":"[Gen 9] National Dex","log":"|j|\u2606Sir_chronicles\n|j|\u2606tdioufg\n|t:|1700032342\n|gametype|singles\n|player|p1|Sir_chronicles|gambler|1005\n|player|p2|tdioufg|265|1034\n|teamsize|p1|5\n|teamsize|p2|6\n|gen|9\n|tier|[Gen 9] National Dex\n|rated|\n|rule|HP Percentage Mod: HP is shown in percentages\n|rule|Endless Battle Clause: Forcing endless battles is banned\n|rule|OHKO Clause: OHKO moves are banned\n|rule|Evasion Clause: Evasion abilities, items, and moves are banned\n|rule|Evasion Abilities Clause: Evasion abilities are banned\n|rule|Evasion Items Clause: Evasion items are banned\n|rule|Evasion Moves Clause: Evasion moves are banned\n|rule|Species Clause: Limit one of each Pok\u00e9mon\n|rule|Sleep Clause Mod: Limit one foe put to sleep\n|clearpoke\n|poke|p1|Toxicroak, M|\n|poke|p1|Aegislash, M|\n|poke|p1|Skeledirge, M|\n|poke|p1|Palossand, M|\n|poke|p1|Rotom|\n|poke|p2|Minior-Violet|\n|poke|p2|Togedemaru, M|\n|poke|p2|Pyukumuku, M|\n|poke|p2|Volbeat, M|\n|poke|p2|Jirachi|\n|poke|p2|Klefki, M|\n|teampreview\n|inactive|Battle timer is ON: inactive players will automatically lose when time's up. (requested by Sir_chronicles)\n|\n|t:|1700032349\n|start\n|switch|p1a: Aegislash|Aegislash, M|100\/100\n|switch|p2a: Klefki|Klefki, M|100\/100\n|turn|1\n|\n|t:|1700032354\n|move|p2a: Klefki|Switcheroo|p1a: Aegislash\n|-activate|p2a: Klefki|move: Trick|[of] p1a: Aegislash\n|-item|p1a: Aegislash|Black Sludge|[from] move: Switcheroo\n|-item|p2a: Klefki|Choice Band|[from] move: Switcheroo\n|-formechange|p1a: Aegislash|Aegislash-Blade||[from] ability: Stance Change\n|move|p1a: Aegislash|Close Combat|p2a: Klefki\n|-damage|p2a: Klefki|62\/100\n|-unboost|p1a: Aegislash|def|1\n|-unboost|p1a: Aegislash|spd|1\n|\n|-damage|p1a: Aegislash|88\/100|[from] item: Black Sludge\n|upkeep\n|turn|2\n|\n|t:|1700032364\n|move|p2a: Klefki|Spikes|p1a: Aegislash\n|-sidestart|p1: Sir_chronicles|Spikes\n|move|p1a: Aegislash|Close Combat|p2a: Klefki\n|-damage|p2a: Klefki|21\/100\n|-unboost|p1a: Aegislash|def|1\n|-unboost|p1a: Aegislash|spd|1\n|\n|-damage|p1a: Aegislash|76\/100|[from] item: Black Sludge\n|upkeep\n|turn|3\n|\n|t:|1700032369\n|move|p2a: Klefki|Spikes|p1a: Aegislash\n|-sidestart|p1: Sir_chronicles|Spikes\n|move|p1a: Aegislash|Close Combat|p2a: Klefki\n|-damage|p2a: Klefki|0 fnt\n|-unboost|p1a: Aegislash|def|1\n|-unboost|p1a: Aegislash|spd|1\n|faint|p2a: Klefki\n|\n|-damage|p1a: Aegislash|63\/100|[from] item: Black Sludge\n|upkeep\n|\n|t:|1700032383\n|switch|p2a: Jirachi|Jirachi|100\/100\n|turn|4\n|\n|t:|1700032389\n|switch|p1a: Rotom|Rotom|100\/100\n|-terastallize|p2a: Jirachi|Steel\n|move|p2a: Jirachi|Iron Head|p1a: Rotom\n|-resisted|p1a: Rotom\n|-damage|p1a: Rotom|58\/100\n|\n|upkeep\n|turn|5\n|\n|t:|1700032399\n|move|p2a: Jirachi|Iron Head|p1a: Rotom\n|-resisted|p1a: Rotom\n|-damage|p1a: Rotom|14\/100\n|cant|p1a: Rotom|flinch\n|\n|upkeep\n|turn|6\n|\n|t:|1700032404\n|move|p2a: Jirachi|Iron Head|p1a: Rotom\n|-resisted|p1a: Rotom\n|-damage|p1a: Rotom|0 fnt\n|faint|p1a: Rotom\n|\n|upkeep\n|\n|t:|1700032406\n|switch|p1a: Aegislash|Aegislash, M|63\/100\n|-damage|p1a: Aegislash|47\/100|[from] Spikes\n|turn|7\n|\n|t:|1700032410\n|move|p2a: Jirachi|Iron Head|p1a: Aegislash\n|-resisted|p1a: Aegislash\n|-damage|p1a: Aegislash|27\/100\n|-formechange|p1a: Aegislash|Aegislash-Blade||[from] ability: Stance Change\n|move|p1a: Aegislash|Close Combat|p2a: Jirachi\n|-supereffective|p2a: Jirachi\n|-damage|p2a: Jirachi|26\/100\n|-unboost|p1a: Aegislash|def|1\n|-unboost|p1a: Aegislash|spd|1\n|\n|-damage|p1a: Aegislash|14\/100|[from] item: Black Sludge\n|upkeep\n|turn|8\n|\n|t:|1700032418\n|move|p2a: Jirachi|Iron Head|p1a: Aegislash\n|-resisted|p1a: Aegislash\n|-damage|p1a: Aegislash|0 fnt\n|faint|p1a: Aegislash\n|\n|upkeep\n|\n|t:|1700032427\n|switch|p1a: Skeledirge|Skeledirge, M|100\/100\n|-damage|p1a: Skeledirge|84\/100|[from] Spikes\n|turn|9\n|\n|t:|1700032432\n|move|p2a: Jirachi|Iron Head|p1a: Skeledirge\n|-resisted|p1a: Skeledirge\n|-damage|p1a: Skeledirge|64\/100\n|cant|p1a: Skeledirge|flinch\n|\n|upkeep\n|turn|10\n|\n|t:|1700032438\n|move|p2a: Jirachi|Iron Head|p1a: Skeledirge\n|-resisted|p1a: Skeledirge\n|-damage|p1a: Skeledirge|46\/100\n|move|p1a: Skeledirge|Slack Off|p1a: Skeledirge\n|-heal|p1a: Skeledirge|96\/100\n|\n|upkeep\n|turn|11\n|\n|t:|1700032446\n|move|p2a: Jirachi|Iron Head|p1a: Skeledirge\n|-resisted|p1a: Skeledirge\n|-damage|p1a: Skeledirge|78\/100\n|cant|p1a: Skeledirge|flinch\n|\n|upkeep\n|turn|12\n|\n|t:|1700032459\n|move|p2a: Jirachi|Iron Head|p1a: Skeledirge\n|-resisted|p1a: Skeledirge\n|-damage|p1a: Skeledirge|58\/100\n|cant|p1a: Skeledirge|flinch\n|\n|upkeep\n|turn|13\n|\n|t:|1700032464\n|move|p2a: Jirachi|Iron Head|p1a: Skeledirge\n|-resisted|p1a: Skeledirge\n|-damage|p1a: Skeledirge|39\/100\n|cant|p1a: Skeledirge|flinch\n|\n|upkeep\n|turn|14\n|\n|t:|1700032469\n|move|p2a: Jirachi|Iron Head|p1a: Skeledirge\n|-resisted|p1a: Skeledirge\n|-damage|p1a: Skeledirge|18\/100\n|cant|p1a: Skeledirge|flinch\n|\n|upkeep\n|turn|15\n|\n|t:|1700032496\n|move|p2a: Jirachi|Iron Head|p1a: Skeledirge\n|-resisted|p1a: Skeledirge\n|-damage|p1a: Skeledirge|0 fnt\n|faint|p1a: Skeledirge\n|\n|upkeep\n|inactive|Sir_chronicles has 120 seconds left.\n|\n|t:|1700032508\n|switch|p1a: Toxicroak|Toxicroak, M|100\/100\n|-damage|p1a: Toxicroak|84\/100|[from] Spikes\n|-ability|p1a: Toxicroak|Anticipation\n|turn|16\n|\n|t:|1700032513\n|move|p2a: Jirachi|Iron Head|p1a: Toxicroak\n|-damage|p1a: Toxicroak|15\/100\n|cant|p1a: Toxicroak|flinch\n|\n|-heal|p1a: Toxicroak|22\/100|[from] item: Black Sludge\n|upkeep\n|turn|17\n|\n|t:|1700032523\n|move|p2a: Jirachi|Iron Head|p1a: Toxicroak\n|-damage|p1a: Toxicroak|0 fnt\n|faint|p1a: Toxicroak\n|\n|upkeep\n|\n|t:|1700032526\n|switch|p1a: Palossand|Palossand, M|100\/100\n|-damage|p1a: Palossand|84\/100|[from] Spikes\n|turn|18\n|\n|t:|1700032530\n|move|p2a: Jirachi|Iron Head|p1a: Palossand\n|-damage|p1a: Palossand|44\/100\n|cant|p1a: Palossand|flinch\n|\n|upkeep\n|turn|19\n|\n|t:|1700032536\n|move|p2a: Jirachi|Iron Head|p1a: Palossand\n|-damage|p1a: Palossand|4\/100\n|cant|p1a: Palossand|flinch\n|\n|upkeep\n|turn|20\n|inactive|tdioufg has 120 seconds left.\n|\n|t:|1700032580\n|move|p2a: Jirachi|Iron Head|p1a: Palossand\n|-damage|p1a: Palossand|0 fnt\n|faint|p1a: Palossand\n|\n|win|tdioufg\n|raw|Sir_chronicles's rating: 1005 &rarr; <strong>1000<\/strong><br \/>(-5 for losing)\n|raw|tdioufg's rating: 1034 &rarr; <strong>1066<\/strong><br \/>(+32 for winning)\n|l|\u2606tdioufg\n","uploadtime":1700032588,"views":6,"p1id":"sirchronicles","p2id":"tdioufg","formatid":"gen9nationaldex","rating":1000,"private":0,"password":""}