{"id":"gen9nationaldex-1987457649","p1":"460gxm","p2":"daniel241595","format":"[Gen 9] National Dex","log":"|j|\u2606460gxm\n|j|\u2606daniel241595\n|t:|1699594604\n|gametype|singles\n|player|p1|460gxm|dawn-gen4pt|1488\n|player|p2|daniel241595|gambler|1502\n|teamsize|p1|6\n|teamsize|p2|6\n|gen|9\n|tier|[Gen 9] National Dex\n|rated|\n|rule|HP Percentage Mod: HP is shown in percentages\n|rule|Endless Battle Clause: Forcing endless battles is banned\n|rule|OHKO Clause: OHKO moves are banned\n|rule|Evasion Clause: Evasion abilities, items, and moves are banned\n|rule|Evasion Abilities Clause: Evasion abilities are banned\n|rule|Evasion Items Clause: Evasion items are banned\n|rule|Evasion Moves Clause: Evasion moves are banned\n|rule|Species Clause: Limit one of each Pok\u00e9mon\n|rule|Sleep Clause Mod: Limit one foe put to sleep\n|clearpoke\n|poke|p1|Lopunny, F|\n|poke|p1|Tornadus-Therian, M|\n|poke|p1|Ferrothorn, F|\n|poke|p1|Tapu Lele|\n|poke|p1|Rotom-Wash|\n|poke|p1|Ting-Lu|\n|poke|p2|Arcanine, M|\n|poke|p2|Ampharos, F|\n|poke|p2|Swampert, M|\n|poke|p2|Florges, F|\n|poke|p2|Rillaboom, M|\n|poke|p2|Cetitan, F|\n|teampreview\n|inactive|Battle timer is ON: inactive players will automatically lose when time's up. (requested by daniel241595)\n|inactive|460gxm has 120 seconds left.\n|inactive|daniel241595 has 120 seconds left.\n|\n|t:|1699594654\n|start\n|switch|p1a: Ferrothorn|Ferrothorn, F|100\/100\n|switch|p2a: Swampert|Swampert, M|100\/100\n|turn|1\n|\n|t:|1699594673\n|switch|p2a: Arcanine|Arcanine, M|100\/100\n|-ability|p2a: Arcanine|Intimidate|boost\n|-unboost|p1a: Ferrothorn|atk|1\n|move|p1a: Ferrothorn|Spikes|p2a: Arcanine\n|-sidestart|p2: daniel241595|Spikes\n|\n|upkeep\n|turn|2\n|\n|t:|1699594696\n|switch|p1a: Rotom|Rotom-Wash|100\/100\n|move|p2a: Arcanine|Close Combat|p1a: Rotom\n|-damage|p1a: Rotom|57\/100\n|-unboost|p2a: Arcanine|def|1\n|-unboost|p2a: Arcanine|spd|1\n|\n|-heal|p1a: Rotom|63\/100|[from] item: Leftovers\n|upkeep\n|turn|3\n|\n|t:|1699594709\n|switch|p2a: Florges|Florges, F|100\/100\n|-damage|p2a: Florges|88\/100|[from] Spikes\n|move|p1a: Rotom|Pain Split|p2a: Florges\n|-sethp|p2a: Florges|70\/100|[from] move: Pain Split|[silent]\n|-sethp|p1a: Rotom|83\/100|[from] move: Pain Split\n|\n|-heal|p1a: Rotom|89\/100|[from] item: Leftovers\n|-heal|p2a: Florges|77\/100|[from] item: Leftovers\n|upkeep\n|turn|4\n|\n|t:|1699594719\n|move|p1a: Rotom|Hydro Pump|p2a: Florges|[miss]\n|-miss|p1a: Rotom|p2a: Florges\n|move|p2a: Florges|Defog|p1a: Rotom\n|-unboost|p1a: Rotom|evasion|1\n|-sideend|p2: daniel241595|Spikes|[from] move: Defog|[of] p2a: Florges\n|\n|-heal|p1a: Rotom|95\/100|[from] item: Leftovers\n|-heal|p2a: Florges|83\/100|[from] item: Leftovers\n|upkeep\n|turn|5\n|\n|t:|1699594727\n|move|p1a: Rotom|Volt Switch|p2a: Florges\n|-damage|p2a: Florges|67\/100\n|\n|t:|1699594730\n|switch|p1a: Ting-Lu|Ting-Lu|100\/100|[from] Volt Switch\n|-ability|p1a: Ting-Lu|Vessel of Ruin\n|move|p2a: Florges|Moonblast|p1a: Ting-Lu\n|-supereffective|p1a: Ting-Lu\n|-damage|p1a: Ting-Lu|68\/100\n|\n|-heal|p2a: Florges|73\/100|[from] item: Leftovers\n|-heal|p1a: Ting-Lu|74\/100|[from] item: Leftovers\n|upkeep\n|turn|6\n|\n|t:|1699594742\n|move|p2a: Florges|Moonblast|p1a: Ting-Lu\n|-supereffective|p1a: Ting-Lu\n|-damage|p1a: Ting-Lu|45\/100\n|move|p1a: Ting-Lu|Stealth Rock|p2a: Florges\n|-sidestart|p2: daniel241595|move: Stealth Rock\n|\n|-heal|p2a: Florges|79\/100|[from] item: Leftovers\n|-heal|p1a: Ting-Lu|51\/100|[from] item: Leftovers\n|upkeep\n|turn|7\n|\n|t:|1699594754\n|switch|p1a: Ferrothorn|Ferrothorn, F|100\/100\n|move|p2a: Florges|Defog|p1a: Ferrothorn\n|-unboost|p1a: Ferrothorn|evasion|1\n|-sideend|p2: daniel241595|Stealth Rock|[from] move: Defog|[of] p2a: Florges\n|\n|-heal|p2a: Florges|85\/100|[from] item: Leftovers\n|upkeep\n|turn|8\n|\n|t:|1699594773\n|switch|p2a: Arcanine|Arcanine, M|100\/100\n|-ability|p2a: Arcanine|Intimidate|boost\n|-unboost|p1a: Ferrothorn|atk|1\n|move|p1a: Ferrothorn|Leech Seed|p2a: Arcanine\n|-start|p2a: Arcanine|move: Leech Seed\n|\n|-damage|p2a: Arcanine|88\/100|[from] Leech Seed|[of] p1a: Ferrothorn\n|upkeep\n|turn|9\n|\n|t:|1699594793\n|switch|p1a: Rotom|Rotom-Wash|95\/100\n|move|p2a: Arcanine|Close Combat|p1a: Rotom\n|-damage|p1a: Rotom|53\/100\n|-unboost|p2a: Arcanine|def|1\n|-unboost|p2a: Arcanine|spd|1\n|\n|-heal|p1a: Rotom|59\/100|[from] item: Leftovers\n|-damage|p2a: Arcanine|76\/100|[from] Leech Seed|[of] p1a: Rotom\n|-heal|p1a: Rotom|75\/100|[silent]\n|upkeep\n|turn|10\n|\n|t:|1699594812\n|switch|p2a: Swampert|Swampert, M|100\/100\n|move|p1a: Rotom|Volt Switch|p2a: Swampert\n|-immune|p2a: Swampert\n|\n|-heal|p1a: Rotom|81\/100|[from] item: Leftovers\n|upkeep\n|turn|11\n|\n|t:|1699594819\n|move|p1a: Rotom|Will-O-Wisp|p2a: Swampert\n|-status|p2a: Swampert|brn\n|move|p2a: Swampert|Stealth Rock|p1a: Rotom\n|-sidestart|p1: 460gxm|move: Stealth Rock\n|\n|-heal|p1a: Rotom|87\/100|[from] item: Leftovers\n|-damage|p2a: Swampert|94\/100 brn|[from] brn\n|upkeep\n|turn|12\n|\n|t:|1699594840\n|move|p1a: Rotom|Volt Switch|p2a: Swampert\n|-immune|p2a: Swampert\n|move|p2a: Swampert|Flip Turn|p1a: Rotom\n|-resisted|p1a: Rotom\n|-damage|p1a: Rotom|82\/100\n|\n|t:|1699594856\n|switch|p2a: Rillaboom|Rillaboom, M|100\/100|[from] Flip Turn\n|-fieldstart|move: Grassy Terrain|[from] ability: Grassy Surge|[of] p2a: Rillaboom\n|\n|-heal|p1a: Rotom|88\/100|[from] item: Leftovers\n|upkeep\n|turn|13\n|\n|t:|1699594874\n|switch|p1a: Ferrothorn|Ferrothorn, F|100\/100\n|-damage|p1a: Ferrothorn|94\/100|[from] Stealth Rock\n|move|p2a: Rillaboom|U-turn|p1a: Ferrothorn\n|-damage|p1a: Ferrothorn|66\/100\n|-damage|p2a: Rillaboom|88\/100|[from] ability: Iron Barbs|[of] p1a: Ferrothorn\n|\n|t:|1699594878\n|switch|p2a: Arcanine|Arcanine, M|76\/100|[from] U-turn\n|-ability|p2a: Arcanine|Intimidate|boost\n|-unboost|p1a: Ferrothorn|atk|1\n|\n|-heal|p2a: Arcanine|82\/100|[from] Grassy Terrain\n|-heal|p1a: Ferrothorn|73\/100|[from] Grassy Terrain\n|-heal|p1a: Ferrothorn|79\/100|[from] item: Leftovers\n|upkeep\n|turn|14\n|\n|t:|1699594890\n|switch|p1a: Rotom|Rotom-Wash|88\/100\n|-damage|p1a: Rotom|76\/100|[from] Stealth Rock\n|move|p2a: Arcanine|Close Combat|p1a: Rotom\n|-damage|p1a: Rotom|33\/100\n|-unboost|p2a: Arcanine|def|1\n|-unboost|p2a: Arcanine|spd|1\n|\n|-heal|p2a: Arcanine|88\/100|[from] Grassy Terrain\n|-heal|p1a: Rotom|38\/100|[from] item: Leftovers\n|upkeep\n|turn|15\n|\n|t:|1699594909\n|switch|p1a: Tapu Lele|Tapu Lele|100\/100\n|-damage|p1a: Tapu Lele|88\/100|[from] Stealth Rock\n|-fieldstart|move: Psychic Terrain|[from] ability: Psychic Surge|[of] p1a: Tapu Lele\n|move|p2a: Arcanine|Close Combat|p1a: Tapu Lele\n|-resisted|p1a: Tapu Lele\n|-damage|p1a: Tapu Lele|68\/100\n|-unboost|p2a: Arcanine|def|1\n|-unboost|p2a: Arcanine|spd|1\n|\n|upkeep\n|turn|16\n|inactive|460gxm has 120 seconds left.\n|\n|t:|1699594932\n|switch|p2a: Swampert|Swampert, M|94\/100 brn\n|move|p1a: Tapu Lele|Future Sight|p2a: Swampert\n|-start|p1a: Tapu Lele|move: Future Sight\n|\n|-heal|p2a: Swampert|100\/100 brn|[from] item: Leftovers\n|-damage|p2a: Swampert|94\/100 brn|[from] brn\n|upkeep\n|turn|17\n|inactive|460gxm has 120 seconds left.\n|\n|t:|1699594948\n|switch|p1a: Ferrothorn|Ferrothorn, F|79\/100\n|-damage|p1a: Ferrothorn|73\/100|[from] Stealth Rock\n|move|p2a: Swampert|Flip Turn|p1a: Ferrothorn\n|-resisted|p1a: Ferrothorn\n|-damage|p1a: Ferrothorn|69\/100\n|-damage|p2a: Swampert|82\/100 brn|[from] ability: Iron Barbs|[of] p1a: Ferrothorn\n|\n|t:|1699594960\n|switch|p2a: Rillaboom|Rillaboom, M|88\/100|[from] Flip Turn\n|-fieldstart|move: Grassy Terrain|[from] ability: Grassy Surge|[of] p2a: Rillaboom\n|\n|-heal|p2a: Rillaboom|94\/100|[from] Grassy Terrain\n|-heal|p1a: Ferrothorn|75\/100|[from] Grassy Terrain\n|-heal|p1a: Ferrothorn|81\/100|[from] item: Leftovers\n|upkeep\n|turn|18\n|inactive|460gxm has 120 seconds left.\n|\n|t:|1699594975\n|move|p2a: Rillaboom|U-turn|p1a: Ferrothorn\n|-damage|p1a: Ferrothorn|54\/100\n|-damage|p2a: Rillaboom|82\/100|[from] ability: Iron Barbs|[of] p1a: Ferrothorn\n|\n|t:|1699594978\n|switch|p2a: Florges|Florges, F|85\/100|[from] U-turn\n|move|p1a: Ferrothorn|Gyro Ball|p2a: Florges\n|-supereffective|p2a: Florges\n|-damage|p2a: Florges|14\/100\n|\n|-end|p2a: Florges|move: Future Sight\n|-damage|p2a: Florges|0 fnt\n|faint|p2a: Florges\n|-heal|p1a: Ferrothorn|61\/100|[from] Grassy Terrain\n|-heal|p1a: Ferrothorn|67\/100|[from] item: Leftovers\n|upkeep\n|\n|t:|1699594984\n|switch|p2a: Arcanine|Arcanine, M|88\/100\n|-ability|p2a: Arcanine|Intimidate|boost\n|-unboost|p1a: Ferrothorn|atk|1\n|turn|19\n|\n|t:|1699595000\n|switch|p1a: Tornadus|Tornadus-Therian, M|100\/100\n|move|p2a: Arcanine|Flare Blitz|p1a: Tornadus\n|-damage|p1a: Tornadus|8\/100\n|-damage|p2a: Arcanine|59\/100|[from] Recoil\n|\n|-heal|p2a: Arcanine|65\/100|[from] Grassy Terrain\n|upkeep\n|turn|20\n|\n|t:|1699595010\n|switch|p2a: Ampharos|Ampharos, F|100\/100\n|move|p1a: Tornadus|U-turn|p2a: Ampharos\n|-damage|p2a: Ampharos|86\/100\n|\n|t:|1699595023\n|switch|p1a: Ting-Lu|Ting-Lu|51\/100|[from] U-turn\n|-damage|p1a: Ting-Lu|45\/100|[from] Stealth Rock\n|-ability|p1a: Ting-Lu|Vessel of Ruin\n|\n|-heal|p2a: Ampharos|92\/100|[from] Grassy Terrain\n|-heal|p1a: Ting-Lu|51\/100|[from] Grassy Terrain\n|-heal|p1a: Ting-Lu|57\/100|[from] item: Leftovers\n|upkeep\n|turn|21\n|\n|t:|1699595032\n|switch|p2a: Cetitan|Cetitan, F, shiny|100\/100\n|move|p1a: Ting-Lu|Stealth Rock|p2a: Cetitan\n|-sidestart|p2: daniel241595|move: Stealth Rock\n|\n|-heal|p1a: Ting-Lu|63\/100|[from] Grassy Terrain\n|-heal|p1a: Ting-Lu|70\/100|[from] item: Leftovers\n|-fieldend|move: Grassy Terrain\n|upkeep\n|turn|22\n|\n|t:|1699595046\n|switch|p1a: Ferrothorn|Ferrothorn, F|67\/100\n|-damage|p1a: Ferrothorn|61\/100|[from] Stealth Rock\n|move|p2a: Cetitan|Belly Drum|p2a: Cetitan\n|-damage|p2a: Cetitan|50\/100\n|-setboost|p2a: Cetitan|atk|6|[from] move: Belly Drum\n|\n|-heal|p1a: Ferrothorn|67\/100|[from] item: Leftovers\n|upkeep\n|turn|23\n|\n|t:|1699595062\n|move|p2a: Cetitan|Ice Spinner|p1a: Ferrothorn\n|-damage|p1a: Ferrothorn|0 fnt\n|-damage|p2a: Cetitan|38\/100|[from] ability: Iron Barbs|[of] p1a: Ferrothorn\n|faint|p1a: Ferrothorn\n|\n|upkeep\n|\n|t:|1699595068\n|switch|p1a: Lopunny|Lopunny, F|100\/100\n|-damage|p1a: Lopunny|88\/100|[from] Stealth Rock\n|turn|24\n|\n|t:|1699595083\n|detailschange|p1a: Lopunny|Lopunny-Mega, F\n|-mega|p1a: Lopunny|Lopunny|Lopunnite\n|move|p2a: Cetitan|Ice Shard|p1a: Lopunny\n|-damage|p1a: Lopunny|0 fnt\n|faint|p1a: Lopunny\n|\n|upkeep\n|\n|t:|1699595089\n|switch|p1a: Tapu Lele|Tapu Lele|68\/100\n|-damage|p1a: Tapu Lele|56\/100|[from] Stealth Rock\n|-fieldstart|move: Psychic Terrain|[from] ability: Psychic Surge|[of] p1a: Tapu Lele\n|turn|25\n|\n|t:|1699595118\n|switch|p2a: Swampert|Swampert, M|82\/100 brn\n|-damage|p2a: Swampert|76\/100 brn|[from] Stealth Rock\n|move|p1a: Tapu Lele|Psychic|p2a: Swampert\n|-damage|p2a: Swampert|17\/100 brn\n|-unboost|p2a: Swampert|spd|1\n|\n|-heal|p2a: Swampert|23\/100 brn|[from] item: Leftovers\n|-damage|p2a: Swampert|17\/100 brn|[from] brn\n|upkeep\n|turn|26\n|\n|t:|1699595128\n|move|p1a: Tapu Lele|Psychic|p2a: Swampert\n|-damage|p2a: Swampert|0 fnt\n|faint|p2a: Swampert\n|\n|upkeep\n|\n|t:|1699595140\n|switch|p2a: Rillaboom|Rillaboom, M|82\/100\n|-damage|p2a: Rillaboom|70\/100|[from] Stealth Rock\n|-fieldstart|move: Grassy Terrain|[from] ability: Grassy Surge|[of] p2a: Rillaboom\n|turn|27\n|\n|t:|1699595151\n|-terastallize|p1a: Tapu Lele|Psychic\n|-terastallize|p2a: Rillaboom|Grass\n|move|p2a: Rillaboom|Grassy Glide|p1a: Tapu Lele\n|-damage|p1a: Tapu Lele|0 fnt\n|faint|p1a: Tapu Lele\n|\n|-heal|p2a: Rillaboom|76\/100|[from] Grassy Terrain\n|upkeep\n|-message|460gxm forfeited.\n|\n|win|daniel241595\n|raw|460gxm's rating: 1488 &rarr; <strong>1469<\/strong><br \/>(-19 for losing)\n|raw|daniel241595's rating: 1502 &rarr; <strong>1521<\/strong><br \/>(+19 for winning)\n|l|\u2606460gxm\n","uploadtime":1699595161,"views":15,"p1id":"460gxm","p2id":"daniel241595","formatid":"gen9nationaldex","rating":1469,"private":0,"password":""}