{"id":"gen9nationaldex-1995413691","p1":"Whitebit09","p2":"CheezeyMemes","format":"[Gen 9] National Dex","log":"|html|<div class=\"broadcast-blue\"><strong>[Gen 9] National Dex is currently suspecting Sneasler! For information on how to participate check out the <a href=\"https:\/\/www.smogon.com\/forums\/threads\/sv-national-dex-suspect-8-just-dance.3731534\/\">suspect thread<\/a>.<\/strong><\/div>\n|j|\u2606Whitebit09\n|j|\u2606CheezeyMemes\n|t:|1700567580\n|gametype|singles\n|player|p1|Whitebit09|265|1595\n|player|p2|CheezeyMemes|fantina|1500\n|teamsize|p1|6\n|teamsize|p2|6\n|gen|9\n|tier|[Gen 9] National Dex\n|rated|\n|rule|HP Percentage Mod: HP is shown in percentages\n|rule|Endless Battle Clause: Forcing endless battles is banned\n|rule|OHKO Clause: OHKO moves are banned\n|rule|Evasion Clause: Evasion abilities, items, and moves are banned\n|rule|Evasion Abilities Clause: Evasion abilities are banned\n|rule|Evasion Items Clause: Evasion items are banned\n|rule|Evasion Moves Clause: Evasion moves are banned\n|rule|Species Clause: Limit one of each Pok\u00e9mon\n|rule|Sleep Clause Mod: Limit one foe put to sleep\n|clearpoke\n|poke|p1|Lopunny, M|\n|poke|p1|Clefable, M|\n|poke|p1|Landorus-Therian, M|\n|poke|p1|Urshifu-*, F|\n|poke|p1|Kyurem|\n|poke|p1|Cinderace, F|\n|poke|p2|Corviknight, M|\n|poke|p2|Blissey, F|\n|poke|p2|Alomomola, F|\n|poke|p2|Dondozo, M|\n|poke|p2|Sinistcha-Masterpiece|\n|poke|p2|Hatterene, F|\n|teampreview\n|inactive|Battle timer is ON: inactive players will automatically lose when time's up. (requested by CheezeyMemes)\n|\n|t:|1700567596\n|start\n|switch|p1a: Kyurem|Kyurem|100\/100\n|switch|p2a: Alomomola|Alomomola, F|100\/100\n|-ability|p1a: Kyurem|Pressure\n|turn|1\n|\n|t:|1700567600\n|move|p1a: Kyurem|Freeze-Dry|p2a: Alomomola\n|-supereffective|p2a: Alomomola\n|-damage|p2a: Alomomola|0 fnt\n|faint|p2a: Alomomola\n|\n|upkeep\n|\n|t:|1700567603\n|switch|p2a: Hatterene|Hatterene, F|100\/100\n|turn|2\n|\n|t:|1700567605\n|move|p1a: Kyurem|Ice Beam|p2a: Hatterene\n|-damage|p2a: Hatterene|46\/100\n|move|p2a: Hatterene|Calm Mind|p2a: Hatterene\n|-boost|p2a: Hatterene|spa|1\n|-boost|p2a: Hatterene|spd|1\n|\n|-heal|p2a: Hatterene|52\/100|[from] item: Leftovers\n|upkeep\n|turn|3\n|\n|t:|1700567610\n|switch|p1a: Landorus|Landorus-Therian, M|100\/100\n|-ability|p1a: Landorus|Intimidate|boost\n|-unboost|p2a: Hatterene|atk|1\n|move|p2a: Hatterene|Draining Kiss|p1a: Landorus\n|-damage|p1a: Landorus|77\/100\n|-heal|p2a: Hatterene|74\/100|[from] drain|[of] p1a: Landorus\n|\n|-heal|p1a: Landorus|83\/100|[from] item: Leftovers\n|-heal|p2a: Hatterene|80\/100|[from] item: Leftovers\n|upkeep\n|turn|4\n|\n|t:|1700567615\n|move|p1a: Landorus|Earthquake|p2a: Hatterene\n|-damage|p2a: Hatterene|44\/100\n|move|p2a: Hatterene|Calm Mind|p2a: Hatterene\n|-boost|p2a: Hatterene|spa|1\n|-boost|p2a: Hatterene|spd|1\n|\n|-heal|p1a: Landorus|89\/100|[from] item: Leftovers\n|-heal|p2a: Hatterene|50\/100|[from] item: Leftovers\n|upkeep\n|turn|5\n|\n|t:|1700567628\n|move|p1a: Landorus|Earthquake|p2a: Hatterene\n|-damage|p2a: Hatterene|14\/100\n|move|p2a: Hatterene|Draining Kiss|p1a: Landorus\n|-damage|p1a: Landorus|53\/100\n|-heal|p2a: Hatterene|46\/100|[from] drain|[of] p1a: Landorus\n|\n|-heal|p1a: Landorus|59\/100|[from] item: Leftovers\n|-heal|p2a: Hatterene|52\/100|[from] item: Leftovers\n|upkeep\n|turn|6\n|\n|t:|1700567634\n|move|p1a: Landorus|Earthquake|p2a: Hatterene\n|-damage|p2a: Hatterene|11\/100\n|move|p2a: Hatterene|Draining Kiss|p1a: Landorus\n|-damage|p1a: Landorus|26\/100\n|-heal|p2a: Hatterene|40\/100|[from] drain|[of] p1a: Landorus\n|\n|-heal|p1a: Landorus|32\/100|[from] item: Leftovers\n|-heal|p2a: Hatterene|46\/100|[from] item: Leftovers\n|upkeep\n|turn|7\n|\n|t:|1700567637\n|move|p1a: Landorus|Earthquake|p2a: Hatterene\n|-damage|p2a: Hatterene|6\/100\n|move|p2a: Hatterene|Draining Kiss|p1a: Landorus\n|-damage|p1a: Landorus|0 fnt\n|-heal|p2a: Hatterene|35\/100|[from] drain|[of] p1a: Landorus\n|faint|p1a: Landorus\n|\n|-heal|p2a: Hatterene|41\/100|[from] item: Leftovers\n|upkeep\n|\n|t:|1700567652\n|switch|p1a: Urshifu|Urshifu-Rapid-Strike, F|100\/100\n|turn|8\n|\n|t:|1700567656\n|switch|p2a: Corviknight|Corviknight, M|100\/100\n|move|p1a: Urshifu|Surging Strikes|p2a: Corviknight\n|-crit|p2a: Corviknight\n|-damage|p2a: Corviknight|87\/100\n|-damage|p1a: Urshifu|84\/100|[from] item: Rocky Helmet|[of] p2a: Corviknight\n|-crit|p2a: Corviknight\n|-damage|p2a: Corviknight|74\/100\n|-damage|p1a: Urshifu|68\/100|[from] item: Rocky Helmet|[of] p2a: Corviknight\n|-crit|p2a: Corviknight\n|-damage|p2a: Corviknight|61\/100\n|-damage|p1a: Urshifu|51\/100|[from] item: Rocky Helmet|[of] p2a: Corviknight\n|-hitcount|p2a: Corviknight|3\n|\n|upkeep\n|turn|9\n|\n|t:|1700567666\n|switch|p1a: Clefable|Clefable, M|100\/100\n|move|p2a: Corviknight|Roost|p2a: Corviknight\n|-heal|p2a: Corviknight|100\/100\n|-singleturn|p2a: Corviknight|move: Roost\n|\n|upkeep\n|turn|10\n|\n|t:|1700567671\n|switch|p2a: Blissey|Blissey, F|100\/100\n|move|p1a: Clefable|Calm Mind|p1a: Clefable\n|-boost|p1a: Clefable|spa|1\n|-boost|p1a: Clefable|spd|1\n|\n|upkeep\n|turn|11\n|\n|t:|1700567676\n|switch|p1a: Urshifu|Urshifu-Rapid-Strike, F|51\/100\n|move|p2a: Blissey|Seismic Toss|p1a: Urshifu\n|-damage|p1a: Urshifu|22\/100\n|\n|upkeep\n|turn|12\n|\n|t:|1700567684\n|switch|p1a: Cinderace|Cinderace, F|100\/100\n|switch|p2a: Corviknight|Corviknight, M|100\/100\n|\n|upkeep\n|turn|13\n|\n|t:|1700567700\n|-zpower|p1a: Cinderace\n|move|p1a: Cinderace|Shattered Psyche|p2a: Corviknight|[zeffect]\n|-start|p1a: Cinderace|typechange|Psychic|[from] ability: Libero\n|-resisted|p2a: Corviknight\n|-damage|p2a: Corviknight|77\/100\n|move|p2a: Corviknight|Iron Defense|p2a: Corviknight\n|-boost|p2a: Corviknight|def|2\n|\n|upkeep\n|turn|14\n|\n|t:|1700567710\n|switch|p1a: Clefable|Clefable, M|100\/100\n|move|p2a: Corviknight|Body Press|p1a: Clefable\n|-resisted|p1a: Clefable\n|-damage|p1a: Clefable|91\/100\n|\n|-heal|p1a: Clefable|97\/100|[from] item: Leftovers\n|upkeep\n|turn|15\n|\n|t:|1700567714\n|switch|p2a: Blissey|Blissey, F|100\/100\n|move|p1a: Clefable|Thunder Wave|p2a: Blissey\n|-status|p2a: Blissey|par\n|\n|-heal|p1a: Clefable|100\/100|[from] item: Leftovers\n|upkeep\n|turn|16\n|\n|t:|1700567717\n|switch|p1a: Cinderace|Cinderace, F|100\/100\n|move|p2a: Blissey|Seismic Toss|p1a: Cinderace\n|-damage|p1a: Cinderace|67\/100\n|\n|upkeep\n|turn|17\n|\n|t:|1700567723\n|-curestatus|p2a: Blissey|par|[from] ability: Natural Cure\n|switch|p2a: Dondozo|Dondozo, M|100\/100\n|move|p1a: Cinderace|High Jump Kick|p2a: Dondozo\n|-start|p1a: Cinderace|typechange|Fighting|[from] ability: Libero\n|-damage|p2a: Dondozo|63\/100\n|\n|upkeep\n|turn|18\n|\n|t:|1700567733\n|switch|p1a: Kyurem|Kyurem|100\/100\n|-ability|p1a: Kyurem|Pressure\n|move|p2a: Dondozo|Rest|p2a: Dondozo\n|-status|p2a: Dondozo|slp|[from] move: Rest\n|-heal|p2a: Dondozo|100\/100 slp|[silent]\n|\n|upkeep\n|turn|19\n|\n|t:|1700567736\n|switch|p2a: Blissey|Blissey, F|100\/100\n|move|p1a: Kyurem|Freeze-Dry|p2a: Blissey\n|-damage|p2a: Blissey|88\/100\n|\n|-heal|p2a: Blissey|94\/100|[from] item: Leftovers\n|upkeep\n|turn|20\n|\n|t:|1700567741\n|switch|p1a: Cinderace|Cinderace, F|67\/100\n|move|p2a: Blissey|Thunder Wave|p1a: Cinderace\n|-status|p1a: Cinderace|par\n|\n|-heal|p2a: Blissey|99\/100|[from] item: Leftovers\n|upkeep\n|turn|21\n|\n|t:|1700567746\n|switch|p2a: Sinistcha|Sinistcha-Masterpiece|100\/100\n|move|p1a: Cinderace|Pyro Ball|p2a: Sinistcha\n|-supereffective|p2a: Sinistcha\n|-damage|p2a: Sinistcha|53\/100\n|\n|upkeep\n|turn|22\n|\n|t:|1700567755\n|move|p2a: Sinistcha|Strength Sap|p1a: Cinderace\n|-unboost|p1a: Cinderace|atk|1\n|-heal|p2a: Sinistcha|100\/100\n|move|p1a: Cinderace|Pyro Ball|p2a: Sinistcha\n|-supereffective|p2a: Sinistcha\n|-damage|p2a: Sinistcha|71\/100\n|\n|upkeep\n|turn|23\n|\n|t:|1700567762\n|switch|p1a: Kyurem|Kyurem|100\/100\n|-ability|p1a: Kyurem|Pressure\n|move|p2a: Sinistcha|Strength Sap|p1a: Kyurem\n|-unboost|p1a: Kyurem|atk|1\n|-heal|p2a: Sinistcha|100\/100\n|\n|upkeep\n|turn|24\n|\n|t:|1700567766\n|switch|p2a: Blissey|Blissey, F|99\/100\n|move|p1a: Kyurem|Ice Beam|p2a: Blissey\n|-damage|p2a: Blissey|84\/100\n|\n|-heal|p2a: Blissey|90\/100|[from] item: Leftovers\n|upkeep\n|turn|25\n|\n|t:|1700567777\n|switch|p1a: Cinderace|Cinderace, F|67\/100 par\n|move|p2a: Blissey|Seismic Toss|p1a: Cinderace\n|-damage|p1a: Cinderace|34\/100 par\n|\n|-heal|p2a: Blissey|96\/100|[from] item: Leftovers\n|upkeep\n|turn|26\n|\n|t:|1700567782\n|switch|p2a: Sinistcha|Sinistcha-Masterpiece|100\/100\n|move|p1a: Cinderace|High Jump Kick|p2a: Sinistcha\n|-start|p1a: Cinderace|typechange|Fighting|[from] ability: Libero\n|-immune|p2a: Sinistcha\n|-damage|p1a: Cinderace|0 fnt|[from] highjumpkick\n|faint|p1a: Cinderace\n|\n|upkeep\n|\n|t:|1700567794\n|switch|p1a: Kyurem|Kyurem|100\/100\n|-ability|p1a: Kyurem|Pressure\n|turn|27\n|\n|t:|1700567799\n|switch|p1a: Lopunny|Lopunny, M|100\/100\n|switch|p2a: Blissey|Blissey, F|96\/100\n|\n|-heal|p2a: Blissey|100\/100|[from] item: Leftovers\n|upkeep\n|turn|28\n|\n|t:|1700567806\n|switch|p2a: Corviknight|Corviknight, M|77\/100\n|detailschange|p1a: Lopunny|Lopunny-Mega, M\n|-mega|p1a: Lopunny|Lopunny|Lopunnite\n|move|p1a: Lopunny|Close Combat|p2a: Corviknight\n|-damage|p2a: Corviknight|38\/100\n|-unboost|p1a: Lopunny|def|1\n|-unboost|p1a: Lopunny|spd|1\n|-damage|p1a: Lopunny|84\/100|[from] item: Rocky Helmet|[of] p2a: Corviknight\n|\n|upkeep\n|turn|29\n|\n|t:|1700567815\n|switch|p2a: Dondozo|Dondozo, M|100\/100 slp\n|move|p1a: Lopunny|Close Combat|p2a: Dondozo\n|-damage|p2a: Dondozo|65\/100 slp\n|-unboost|p1a: Lopunny|def|1\n|-unboost|p1a: Lopunny|spd|1\n|\n|upkeep\n|turn|30\n|\n|t:|1700567831\n|switch|p1a: Urshifu|Urshifu-Rapid-Strike, F|22\/100\n|cant|p2a: Dondozo|slp\n|move|p2a: Dondozo|Sleep Talk|p2a: Dondozo\n|move|p2a: Dondozo|Liquidation|p1a: Urshifu|[from]move: Sleep Talk\n|-resisted|p1a: Urshifu\n|-damage|p1a: Urshifu|8\/100\n|\n|upkeep\n|turn|31\n|\n|t:|1700567835\n|switch|p2a: Corviknight|Corviknight, M|38\/100\n|move|p1a: Urshifu|Close Combat|p2a: Corviknight\n|-damage|p2a: Corviknight|0 fnt\n|-unboost|p1a: Urshifu|def|1\n|-unboost|p1a: Urshifu|spd|1\n|-damage|p1a: Urshifu|0 fnt|[from] item: Rocky Helmet|[of] p2a: Corviknight\n|faint|p2a: Corviknight\n|faint|p1a: Urshifu\n|\n|upkeep\n|\n|t:|1700567852\n|switch|p1a: Clefable|Clefable, M|100\/100\n|switch|p2a: Sinistcha|Sinistcha-Masterpiece|100\/100\n|turn|32\n|\n|t:|1700567858\n|switch|p2a: Blissey|Blissey, F|100\/100\n|move|p1a: Clefable|Calm Mind|p1a: Clefable\n|-boost|p1a: Clefable|spa|1\n|-boost|p1a: Clefable|spd|1\n|\n|upkeep\n|turn|33\n|\n|t:|1700567865\n|move|p1a: Clefable|Thunder Wave|p2a: Blissey\n|-status|p2a: Blissey|par\n|cant|p2a: Blissey|par\n|\n|upkeep\n|turn|34\n|\n|t:|1700567872\n|move|p1a: Clefable|Moonblast|p2a: Blissey\n|-damage|p2a: Blissey|87\/100 par\n|move|p2a: Blissey|Heal Bell|p2a: Blissey\n|-activate|p2a: Blissey|move: Heal Bell\n|-curestatus|p2a: Blissey|par|[msg]\n|-curestatus|p2: Dondozo|slp|[msg]\n|\n|-heal|p2a: Blissey|93\/100|[from] item: Leftovers\n|upkeep\n|turn|35\n|\n|t:|1700567877\n|move|p1a: Clefable|Thunder Wave|p2a: Blissey\n|-status|p2a: Blissey|par\n|move|p2a: Blissey|Seismic Toss|p1a: Clefable\n|-damage|p1a: Clefable|75\/100\n|\n|-heal|p1a: Clefable|81\/100|[from] item: Leftovers\n|-heal|p2a: Blissey|99\/100 par|[from] item: Leftovers\n|upkeep\n|turn|36\n|\n|t:|1700567884\n|move|p1a: Clefable|Calm Mind|p1a: Clefable\n|-boost|p1a: Clefable|spa|1\n|-boost|p1a: Clefable|spd|1\n|move|p2a: Blissey|Heal Bell|p2a: Blissey\n|-activate|p2a: Blissey|move: Heal Bell\n|-curestatus|p2a: Blissey|par|[msg]\n|\n|-heal|p1a: Clefable|87\/100|[from] item: Leftovers\n|-heal|p2a: Blissey|100\/100|[from] item: Leftovers\n|upkeep\n|turn|37\n|\n|t:|1700567889\n|switch|p2a: Hatterene|Hatterene, F|41\/100\n|move|p1a: Clefable|Thunder Wave|p2a: Hatterene\n|move|p2a: Hatterene|Thunder Wave|p1a: Clefable|[from]ability: Magic Bounce\n|-status|p1a: Clefable|par\n|\n|-heal|p2a: Hatterene|47\/100|[from] item: Leftovers\n|-heal|p1a: Clefable|93\/100 par|[from] item: Leftovers\n|upkeep\n|turn|38\n|\n|t:|1700567894\n|move|p2a: Hatterene|Calm Mind|p2a: Hatterene\n|-boost|p2a: Hatterene|spa|1\n|-boost|p2a: Hatterene|spd|1\n|move|p1a: Clefable|Moonblast|p2a: Hatterene\n|-damage|p2a: Hatterene|0 fnt\n|faint|p2a: Hatterene\n|\n|-heal|p1a: Clefable|99\/100 par|[from] item: Leftovers\n|upkeep\n|\n|t:|1700567899\n|switch|p2a: Dondozo|Dondozo, M|65\/100\n|turn|39\n|\n|t:|1700567902\n|move|p2a: Dondozo|Curse|p2a: Dondozo\n|-unboost|p2a: Dondozo|spe|1\n|-boost|p2a: Dondozo|atk|1\n|-boost|p2a: Dondozo|def|1\n|cant|p1a: Clefable|par\n|\n|-heal|p1a: Clefable|100\/100 par|[from] item: Leftovers\n|upkeep\n|turn|40\n|\n|t:|1700567905\n|move|p1a: Clefable|Thunder Wave|p2a: Dondozo\n|-status|p2a: Dondozo|par\n|move|p2a: Dondozo|Liquidation|p1a: Clefable\n|-damage|p1a: Clefable|72\/100 par\n|\n|-heal|p1a: Clefable|78\/100 par|[from] item: Leftovers\n|upkeep\n|turn|41\n|\n|t:|1700567910\n|cant|p1a: Clefable|par\n|cant|p2a: Dondozo|par\n|\n|-heal|p1a: Clefable|85\/100 par|[from] item: Leftovers\n|upkeep\n|turn|42\n|\n|t:|1700567913\n|switch|p1a: Kyurem|Kyurem|100\/100\n|-ability|p1a: Kyurem|Pressure\n|move|p2a: Dondozo|Rest|p2a: Dondozo\n|-status|p2a: Dondozo|slp|[from] move: Rest\n|-heal|p2a: Dondozo|100\/100 slp|[silent]\n|\n|upkeep\n|turn|43\n|\n|t:|1700567920\n|switch|p2a: Blissey|Blissey, F|100\/100\n|move|p1a: Kyurem|Freeze-Dry|p2a: Blissey\n|-crit|p2a: Blissey\n|-damage|p2a: Blissey|81\/100\n|\n|-heal|p2a: Blissey|87\/100|[from] item: Leftovers\n|upkeep\n|turn|44\n|\n|t:|1700567924\n|switch|p1a: Clefable|Clefable, M|85\/100 par\n|move|p2a: Blissey|Seismic Toss|p1a: Clefable\n|-damage|p1a: Clefable|59\/100 par\n|\n|-heal|p2a: Blissey|93\/100|[from] item: Leftovers\n|-heal|p1a: Clefable|65\/100 par|[from] item: Leftovers\n|upkeep\n|turn|45\n|\n|t:|1700567929\n|move|p2a: Blissey|Seismic Toss|p1a: Clefable\n|-damage|p1a: Clefable|40\/100 par\n|move|p1a: Clefable|Thunder Wave|p2a: Blissey\n|-status|p2a: Blissey|par\n|\n|-heal|p1a: Clefable|46\/100 par|[from] item: Leftovers\n|-heal|p2a: Blissey|99\/100 par|[from] item: Leftovers\n|upkeep\n|turn|46\n|\n|t:|1700567933\n|switch|p1a: Lopunny|Lopunny-Mega, M|84\/100\n|move|p2a: Blissey|Seismic Toss|p1a: Lopunny\n|-damage|p1a: Lopunny|47\/100\n|\n|-heal|p2a: Blissey|100\/100 par|[from] item: Leftovers\n|upkeep\n|turn|47\n|\n|t:|1700567938\n|-curestatus|p2a: Blissey|par|[from] ability: Natural Cure\n|switch|p2a: Sinistcha|Sinistcha-Masterpiece|100\/100\n|move|p1a: Lopunny|Close Combat|p2a: Sinistcha\n|-damage|p2a: Sinistcha|46\/100\n|-unboost|p1a: Lopunny|def|1\n|-unboost|p1a: Lopunny|spd|1\n|\n|upkeep\n|turn|48\n|\n|t:|1700567944\n|switch|p2a: Dondozo|Dondozo, M|100\/100 slp\n|move|p1a: Lopunny|Close Combat|p2a: Dondozo\n|-damage|p2a: Dondozo|62\/100 slp\n|-unboost|p1a: Lopunny|def|1\n|-unboost|p1a: Lopunny|spd|1\n|\n|upkeep\n|turn|49\n|\n|t:|1700567950\n|switch|p1a: Kyurem|Kyurem|100\/100\n|-ability|p1a: Kyurem|Pressure\n|cant|p2a: Dondozo|slp\n|move|p2a: Dondozo|Sleep Talk|p2a: Dondozo\n|move|p2a: Dondozo|Rest||[from]move: Sleep Talk|[still]\n|-fail|p2a: Dondozo\n|\n|upkeep\n|turn|50\n|\n|t:|1700567953\n|switch|p1a: Lopunny|Lopunny-Mega, M|47\/100\n|switch|p2a: Blissey|Blissey, F|100\/100\n|\n|upkeep\n|turn|51\n|\n|t:|1700567958\n|switch|p2a: Dondozo|Dondozo, M|62\/100 slp\n|move|p1a: Lopunny|Close Combat|p2a: Dondozo\n|-damage|p2a: Dondozo|24\/100 slp\n|-unboost|p1a: Lopunny|def|1\n|-unboost|p1a: Lopunny|spd|1\n|\n|upkeep\n|turn|52\n|\n|t:|1700567960\n|move|p1a: Lopunny|Close Combat|p2a: Dondozo\n|-damage|p2a: Dondozo|0 fnt\n|-unboost|p1a: Lopunny|def|1\n|-unboost|p1a: Lopunny|spd|1\n|faint|p2a: Dondozo\n|\n|upkeep\n|\n|t:|1700567962\n|switch|p2a: Blissey|Blissey, F|100\/100\n|turn|53\n|\n|t:|1700567968\n|-terastallize|p2a: Blissey|Ghost\n|move|p1a: Lopunny|Close Combat|p2a: Blissey\n|-damage|p2a: Blissey|33\/100\n|-unboost|p1a: Lopunny|def|1\n|-unboost|p1a: Lopunny|spd|1\n|move|p2a: Blissey|Seismic Toss|p1a: Lopunny\n|-damage|p1a: Lopunny|10\/100\n|\n|-heal|p2a: Blissey|39\/100|[from] item: Leftovers\n|upkeep\n|turn|54\n|-message|CheezeyMemes forfeited.\n|\n|win|Whitebit09\n|raw|Whitebit09's rating: 1595 &rarr; <strong>1610<\/strong><br \/>(+15 for winning)\n|raw|CheezeyMemes's rating: 1500 &rarr; <strong>1485<\/strong><br \/>(-15 for losing)\n|l|\u2606CheezeyMemes\n","uploadtime":1700568014,"views":5,"p1id":"whitebit09","p2id":"cheezeymemes","formatid":"gen9nationaldex","rating":1485,"private":0,"password":""}