{"id":"gen9nationaldex-1993735331","p1":"gmodking95","p2":"ana_cat_ana","format":"[Gen 9] National Dex","log":"|j|\u2606gmodking95\n|j|\u2606ana_cat_ana\n|t:|1700351047\n|gametype|singles\n|player|p1|gmodking95|266|1205\n|player|p2|ana_cat_ana|nurse|1275\n|teamsize|p1|6\n|teamsize|p2|6\n|gen|9\n|tier|[Gen 9] National Dex\n|rated|\n|rule|HP Percentage Mod: HP is shown in percentages\n|rule|Endless Battle Clause: Forcing endless battles is banned\n|rule|OHKO Clause: OHKO moves are banned\n|rule|Evasion Clause: Evasion abilities, items, and moves are banned\n|rule|Evasion Abilities Clause: Evasion abilities are banned\n|rule|Evasion Items Clause: Evasion items are banned\n|rule|Evasion Moves Clause: Evasion moves are banned\n|rule|Species Clause: Limit one of each Pok\u00e9mon\n|rule|Sleep Clause Mod: Limit one foe put to sleep\n|clearpoke\n|poke|p1|Barraskewda, M|\n|poke|p1|Swampert, F|\n|poke|p1|Pelipper, M|\n|poke|p1|Politoed, M|\n|poke|p1|Poliwrath, M|\n|poke|p1|Greninja-*, M|\n|poke|p2|Charizard, F|\n|poke|p2|Ogerpon-Wellspring, F|\n|poke|p2|Great Tusk|\n|poke|p2|Lilligant-Hisui, F|\n|poke|p2|Volcarona, M|\n|poke|p2|Hatterene, F|\n|teampreview\n|inactive|Battle timer is ON: inactive players will automatically lose when time's up. (requested by ana_cat_ana)\n|\n|t:|1700351065\n|start\n|switch|p1a: Politoed|Politoed, M|100\/100\n|switch|p2a: Giovana|Ogerpon-Wellspring, F|100\/100\n|-weather|RainDance|[from] ability: Drizzle|[of] p1a: Politoed\n|turn|1\n|\n|t:|1700351081\n|move|p2a: Giovana|Substitute|p2a: Giovana\n|-start|p2a: Giovana|Substitute\n|-damage|p2a: Giovana|76\/100\n|move|p1a: Politoed|Focus Blast|p2a: Giovana|[miss]\n|-miss|p1a: Politoed|p2a: Giovana\n|\n|-weather|RainDance|[upkeep]\n|upkeep\n|turn|2\n|\n|t:|1700351089\n|move|p2a: Giovana|Horn Leech|p1a: Politoed\n|-supereffective|p1a: Politoed\n|-damage|p1a: Politoed|0 fnt\n|-heal|p2a: Giovana|100\/100|[from] drain|[of] p1a: Politoed\n|faint|p1a: Politoed\n|\n|-weather|RainDance|[upkeep]\n|upkeep\n|\n|t:|1700351101\n|switch|p1a: Poliwrath|Poliwrath, M|100\/100\n|turn|3\n|inactive|gmodking95 has 120 seconds left.\n|\n|t:|1700351127\n|move|p1a: Poliwrath|Close Combat|p2a: Giovana\n|-end|p2a: Giovana|Substitute\n|-unboost|p1a: Poliwrath|def|1\n|-unboost|p1a: Poliwrath|spd|1\n|-damage|p1a: Poliwrath|91\/100|[from] item: Life Orb\n|move|p2a: Giovana|Swords Dance|p2a: Giovana\n|-boost|p2a: Giovana|atk|2\n|\n|-weather|RainDance|[upkeep]\n|upkeep\n|turn|4\n|inactive|gmodking95 has 120 seconds left.\n|\n|t:|1700351147\n|move|p1a: Poliwrath|Knock Off|p2a: Giovana\n|-damage|p2a: Giovana|69\/100\n|-damage|p1a: Poliwrath|81\/100|[from] item: Life Orb\n|move|p2a: Giovana|Horn Leech|p1a: Poliwrath\n|-supereffective|p1a: Poliwrath\n|-damage|p1a: Poliwrath|0 fnt\n|-heal|p2a: Giovana|100\/100|[from] drain|[of] p1a: Poliwrath\n|faint|p1a: Poliwrath\n|\n|-weather|RainDance|[upkeep]\n|upkeep\n|inactive|gmodking95 has 120 seconds left.\n|\n|t:|1700351159\n|switch|p1a: Pelipper|Pelipper, M|100\/100\n|turn|5\n|inactive|gmodking95 has 120 seconds left.\n|\n|t:|1700351169\n|move|p2a: Giovana|Horn Leech|p1a: Pelipper\n|-damage|p1a: Pelipper|0 fnt\n|faint|p1a: Pelipper\n|\n|-weather|RainDance|[upkeep]\n|upkeep\n|inactive|gmodking95 has 120 seconds left.\n|\n|t:|1700351176\n|switch|p1a: Barraskewda|Barraskewda, M|100\/100\n|turn|6\n|\n|t:|1700351180\n|move|p1a: Barraskewda|Poison Jab|p2a: Giovana\n|-supereffective|p2a: Giovana\n|-damage|p2a: Giovana|21\/100\n|move|p2a: Giovana|Horn Leech|p1a: Barraskewda\n|-supereffective|p1a: Barraskewda\n|-damage|p1a: Barraskewda|0 fnt\n|-heal|p2a: Giovana|65\/100|[from] drain|[of] p1a: Barraskewda\n|faint|p1a: Barraskewda\n|\n|-weather|RainDance|[upkeep]\n|upkeep\n|\n|t:|1700351190\n|switch|p1a: Swampert|Swampert, F|100\/100\n|turn|7\n|\n|t:|1700351195\n|detailschange|p1a: Swampert|Swampert-Mega, F\n|-mega|p1a: Swampert|Swampert|Swampertite\n|move|p1a: Swampert|Darkest Lariat|p2a: Giovana\n|-damage|p2a: Giovana|19\/100\n|move|p2a: Giovana|Horn Leech|p1a: Swampert\n|-supereffective|p1a: Swampert\n|-damage|p1a: Swampert|0 fnt\n|-heal|p2a: Giovana|76\/100|[from] drain|[of] p1a: Swampert\n|faint|p1a: Swampert\n|\n|-weather|RainDance|[upkeep]\n|upkeep\n|l|\u2606gmodking95\n|inactive|gmodking95 disconnected and has a minute to reconnect!\n|player|p1|\n|inactive|gmodking95 has 30 seconds to reconnect!\n|inactive|gmodking95 has 20 seconds to reconnect!\n|inactive|gmodking95 has 15 seconds to reconnect!\n|inactive|gmodking95 has 10 seconds to reconnect!\n|inactive|gmodking95 has 5 seconds to reconnect!\n|-message|gmodking95 lost due to inactivity.\n|\n|win|ana_cat_ana\n|raw|gmodking95's rating: 1205 &rarr; <strong>1185<\/strong><br \/>(-20 for losing)\n|raw|ana_cat_ana's rating: 1275 &rarr; <strong>1295<\/strong><br \/>(+20 for winning)\n","uploadtime":1700351279,"views":10,"p1id":"gmodking95","p2id":"anacatana","formatid":"gen9nationaldex","rating":1185,"private":0,"password":""}