{"id":"gen9nationaldex-1997446445","p1":"popo4456","p2":"Overtoxic2018","format":"[Gen 9] National Dex","log":"|html|<div class=\"broadcast-blue\"><strong>[Gen 9] National Dex is currently suspecting Sneasler! For information on how to participate check out the <a href=\"https:\/\/www.smogon.com\/forums\/threads\/sv-national-dex-suspect-8-just-dance.3731534\/\">suspect thread<\/a>.<\/strong><\/div>\n|j|\u2606popo4456\n|j|\u2606Overtoxic2018\n|t:|1700806657\n|gametype|singles\n|player|p1|popo4456|galacticgrunt|1786\n|player|p2|Overtoxic2018|102|1669\n|teamsize|p1|6\n|teamsize|p2|6\n|gen|9\n|tier|[Gen 9] National Dex\n|rated|\n|rule|HP Percentage Mod: HP is shown in percentages\n|rule|Endless Battle Clause: Forcing endless battles is banned\n|rule|OHKO Clause: OHKO moves are banned\n|rule|Evasion Clause: Evasion abilities, items, and moves are banned\n|rule|Evasion Abilities Clause: Evasion abilities are banned\n|rule|Evasion Items Clause: Evasion items are banned\n|rule|Evasion Moves Clause: Evasion moves are banned\n|rule|Species Clause: Limit one of each Pok\u00e9mon\n|rule|Sleep Clause Mod: Limit one foe put to sleep\n|clearpoke\n|poke|p1|Banette, M|\n|poke|p1|Ting-Lu|\n|poke|p1|Ribombee, M|\n|poke|p1|Celesteela|\n|poke|p1|Kommo-o, M|\n|poke|p1|Serperior, M|\n|poke|p2|Sneasler, M|\n|poke|p2|Tapu Lele|\n|poke|p2|Alomomola, M|\n|poke|p2|Clodsire, F|\n|poke|p2|Zapdos|\n|poke|p2|Scizor, M|\n|teampreview\n|j| oomizuhasuoo\n|\n|t:|1700806681\n|start\n|switch|p1a: Ting-Lu|Ting-Lu|100\/100\n|switch|p2a: Tapu Lele|Tapu Lele|100\/100\n|-fieldstart|move: Psychic Terrain|[from] ability: Psychic Surge|[of] p2a: Tapu Lele\n|-ability|p1a: Ting-Lu|Vessel of Ruin\n|turn|1\n|\n|t:|1700806693\n|move|p2a: Tapu Lele|Moonblast|p1a: Ting-Lu\n|-supereffective|p1a: Ting-Lu\n|-damage|p1a: Ting-Lu|53\/100\n|move|p1a: Ting-Lu|Stealth Rock|p2a: Tapu Lele\n|-sidestart|p2: Overtoxic2018|move: Stealth Rock\n|\n|-heal|p1a: Ting-Lu|60\/100|[from] item: Leftovers\n|upkeep\n|turn|2\n|\n|t:|1700806701\n|move|p2a: Tapu Lele|Moonblast|p1a: Ting-Lu\n|-supereffective|p1a: Ting-Lu\n|-damage|p1a: Ting-Lu|8\/100\n|move|p1a: Ting-Lu|Earthquake|p2a: Tapu Lele\n|-damage|p2a: Tapu Lele|42\/100\n|\n|-heal|p1a: Ting-Lu|14\/100|[from] item: Leftovers\n|upkeep\n|turn|3\n|\n|t:|1700806710\n|move|p2a: Tapu Lele|Moonblast|p1a: Ting-Lu\n|-supereffective|p1a: Ting-Lu\n|-damage|p1a: Ting-Lu|0 fnt\n|faint|p1a: Ting-Lu\n|\n|upkeep\n|\n|t:|1700806714\n|switch|p1a: Banette|Banette, M|100\/100\n|turn|4\n|\n|t:|1700806725\n|detailschange|p1a: Banette|Banette-Mega, M\n|-mega|p1a: Banette|Banette|Banettite\n|-zpower|p2a: Tapu Lele\n|move|p2a: Tapu Lele|Shattered Psyche|p1a: Banette|[zeffect]\n|-damage|p1a: Banette|0 fnt\n|faint|p1a: Banette\n|\n|upkeep\n|\n|t:|1700806731\n|switch|p1a: Serperior|Serperior, M|100\/100\n|turn|5\n|\n|t:|1700806743\n|switch|p2a: Sneasler|Sneasler, M|100\/100\n|-damage|p2a: Sneasler|94\/100|[from] Stealth Rock\n|-enditem|p2a: Sneasler|Psychic Seed\n|-boost|p2a: Sneasler|spd|1|[from] item: Psychic Seed\n|move|p1a: Serperior|Leaf Storm|p2a: Sneasler\n|-resisted|p2a: Sneasler\n|-damage|p2a: Sneasler|73\/100\n|-boost|p1a: Serperior|spa|2\n|\n|-fieldend|move: Psychic Terrain\n|upkeep\n|turn|6\n|\n|t:|1700806761\n|-terastallize|p1a: Serperior|Rock\n|move|p2a: Sneasler|Dire Claw|p1a: Serperior\n|-resisted|p1a: Serperior\n|-damage|p1a: Serperior|75\/100\n|-status|p1a: Serperior|slp\n|cant|p1a: Serperior|slp\n|\n|-heal|p1a: Serperior|81\/100 slp|[from] item: Leftovers\n|upkeep\n|turn|7\n|j| hainiumm\n|\n|t:|1700806775\n|move|p2a: Sneasler|Swords Dance|p2a: Sneasler\n|-boost|p2a: Sneasler|atk|2\n|cant|p1a: Serperior|slp\n|\n|-heal|p1a: Serperior|87\/100 slp|[from] item: Leftovers\n|upkeep\n|turn|8\n|\n|t:|1700806783\n|move|p2a: Sneasler|Close Combat|p1a: Serperior\n|-supereffective|p1a: Serperior\n|-damage|p1a: Serperior|0 fnt\n|-unboost|p2a: Sneasler|def|1\n|-unboost|p2a: Sneasler|spd|1\n|faint|p1a: Serperior\n|\n|upkeep\n|\n|t:|1700806788\n|switch|p1a: Ribombee|Ribombee, M|100\/100\n|turn|9\n|\n|t:|1700806796\n|move|p2a: Sneasler|Dire Claw|p1a: Ribombee\n|-supereffective|p1a: Ribombee\n|-enditem|p1a: Ribombee|Focus Sash\n|-damage|p1a: Ribombee|1\/100\n|move|p1a: Ribombee|Moonblast|p2a: Sneasler\n|-damage|p2a: Sneasler|26\/100\n|-unboost|p2a: Sneasler|spa|1\n|\n|upkeep\n|turn|10\n|\n|t:|1700806806\n|move|p2a: Sneasler|Acrobatics|p1a: Ribombee\n|-supereffective|p1a: Ribombee\n|-damage|p1a: Ribombee|0 fnt\n|faint|p1a: Ribombee\n|\n|upkeep\n|\n|t:|1700806818\n|switch|p1a: Celesteela|Celesteela|100\/100\n|turn|11\n|\n|t:|1700806822\n|move|p2a: Sneasler|Close Combat|p1a: Celesteela\n|-damage|p1a: Celesteela|0 fnt\n|-unboost|p2a: Sneasler|def|1\n|-unboost|p2a: Sneasler|spd|1\n|faint|p1a: Celesteela\n|\n|upkeep\n|\n|t:|1700806825\n|switch|p1a: Kommo-o|Kommo-o, M|100\/100\n|turn|12\n|\n|t:|1700806831\n|move|p2a: Sneasler|Close Combat|p1a: Kommo-o\n|-damage|p1a: Kommo-o|0 fnt\n|-unboost|p2a: Sneasler|def|1\n|-unboost|p2a: Sneasler|spd|1\n|faint|p1a: Kommo-o\n|\n|win|Overtoxic2018\n|raw|popo4456's rating: 1786 &rarr; <strong>1760<\/strong><br \/>(-26 for losing)\n|raw|Overtoxic2018's rating: 1669 &rarr; <strong>1695<\/strong><br \/>(+26 for winning)\n|l|\u2606popo4456\n","uploadtime":1700806840,"views":3,"p1id":"popo4456","p2id":"overtoxic2018","formatid":"gen9nationaldex","rating":1695,"private":0,"password":""}