{"id":"gen9nationaldex-1997788659","p1":"DutchyGold","p2":"Inky_vortex","format":"[Gen 9] National Dex","log":"|html|<div class=\"broadcast-blue\"><strong>[Gen 9] National Dex is currently suspecting Sneasler! For information on how to participate check out the <a href=\"https:\/\/www.smogon.com\/forums\/threads\/sv-national-dex-suspect-8-just-dance.3731534\/\">suspect thread<\/a>.<\/strong><\/div>\n|j|\u2606DutchyGold\n|j|\u2606Inky_vortex\n|t:|1700852795\n|gametype|singles\n|player|p1|DutchyGold|guzma|\n|player|p2|Inky_vortex|red|\n|teamsize|p1|6\n|teamsize|p2|6\n|gen|9\n|tier|[Gen 9] National Dex\n|rule|HP Percentage Mod: HP is shown in percentages\n|rule|Endless Battle Clause: Forcing endless battles is banned\n|rule|OHKO Clause: OHKO moves are banned\n|rule|Evasion Clause: Evasion abilities, items, and moves are banned\n|rule|Evasion Abilities Clause: Evasion abilities are banned\n|rule|Evasion Items Clause: Evasion items are banned\n|rule|Evasion Moves Clause: Evasion moves are banned\n|rule|Species Clause: Limit one of each Pok\u00e9mon\n|rule|Sleep Clause Mod: Limit one foe put to sleep\n|clearpoke\n|poke|p1|Ribombee, M|\n|poke|p1|Kyurem|\n|poke|p1|Enamorus, F|\n|poke|p1|Bisharp, F|\n|poke|p1|Great Tusk|\n|poke|p1|Urshifu-*, M|\n|poke|p2|Staraptor, M|\n|poke|p2|Porygon-Z|\n|poke|p2|Zoroark-Hisui, F|\n|poke|p2|Ambipom, F|\n|poke|p2|Slaking, F|\n|poke|p2|Maushold-Four|\n|teampreview\n|j| ChampionKal\n|j| real kyao\n|c| ChampionKal|dear god\n|\n|t:|1700852835\n|start\n|switch|p1a: Ribombee|Ribombee, M|100\/100\n|switch|p2a: Maushold|Maushold-Four|100\/100\n|turn|1\n|\n|t:|1700852842\n|move|p1a: Ribombee|Sticky Web|p2a: Maushold\n|-sidestart|p2: Inky_vortex|move: Sticky Web\n|move|p2a: Maushold|Population Bomb|p1a: Ribombee\n|-damage|p1a: Ribombee|82\/100\n|-damage|p1a: Ribombee|63\/100\n|-damage|p1a: Ribombee|45\/100\n|-damage|p1a: Ribombee|27\/100\n|-damage|p1a: Ribombee|10\/100\n|-damage|p1a: Ribombee|0 fnt\n|faint|p1a: Ribombee\n|-hitcount|p1: Ribombee|6\n|\n|upkeep\n|\n|t:|1700852862\n|switch|p1a: Bisharp|Bisharp, F|100\/100\n|turn|2\n|c| ChampionKal|mfw i bring kings rock maushold\n|\n|t:|1700852865\n|move|p2a: Maushold|Tidy Up|p2a: Maushold\n|-sideend|p2: Inky_vortex|Sticky Web\n|-activate|p2a: Maushold|move: Tidy Up\n|-boost|p2a: Maushold|atk|1\n|-boost|p2a: Maushold|spe|1\n|move|p1a: Bisharp|Swords Dance|p1a: Bisharp\n|-boost|p1a: Bisharp|atk|2\n|\n|upkeep\n|turn|3\n|\n|t:|1700852875\n|move|p1a: Bisharp|Sucker Punch|p2a: Maushold\n|-damage|p2a: Maushold|0 fnt\n|faint|p2a: Maushold\n|\n|upkeep\n|\n|t:|1700852880\n|switch|p2a: Slaking|Slaking, F|100\/100\n|turn|4\n|\n|t:|1700852898\n|move|p1a: Bisharp|Sucker Punch|p2a: Slaking\n|-damage|p2a: Slaking|43\/100\n|move|p2a: Slaking|Drain Punch|p1a: Bisharp\n|-supereffective|p1a: Bisharp\n|-damage|p1a: Bisharp|21\/100\n|-heal|p2a: Slaking|73\/100|[from] drain|[of] p1a: Bisharp\n|\n|upkeep\n|turn|5\n|\n|t:|1700852912\n|cant|p2a: Slaking|ability: Truant\n|move|p1a: Bisharp|Knock Off|p2a: Slaking\n|-damage|p2a: Slaking|0 fnt\n|-enditem|p2a: Slaking|Choice Scarf|[from] move: Knock Off|[of] p1a: Bisharp\n|faint|p2a: Slaking\n|\n|upkeep\n|\n|t:|1700852918\n|switch|p2a: Ambipom|Ambipom, F|100\/100\n|turn|6\n|\n|t:|1700852927\n|move|p2a: Ambipom|Fake Out|p1a: Bisharp\n|-resisted|p1a: Bisharp\n|-crit|p1a: Bisharp\n|-damage|p1a: Bisharp|5\/100\n|-damage|p2a: Ambipom|91\/100|[from] item: Life Orb\n|cant|p1a: Bisharp|flinch\n|\n|upkeep\n|turn|7\n|\n|t:|1700852935\n|switch|p2a: Staraptor|Staraptor, M|100\/100\n|move|p1a: Bisharp|Sucker Punch||[still]\n|-fail|p1a: Bisharp\n|\n|upkeep\n|turn|8\n|\n|t:|1700852951\n|move|p2a: Staraptor|Quick Attack|p1a: Bisharp\n|-resisted|p1a: Bisharp\n|-damage|p1a: Bisharp|0 fnt\n|faint|p1a: Bisharp\n|\n|upkeep\n|\n|t:|1700852967\n|switch|p1a: Kyurem|Kyurem|100\/100\n|-ability|p1a: Kyurem|Pressure\n|turn|9\n|\n|t:|1700852973\n|switch|p2a: Ambipom|Ambipom, F|91\/100\n|move|p1a: Kyurem|Ice Beam|p2a: Ambipom\n|-damage|p2a: Ambipom|15\/100\n|\n|upkeep\n|turn|10\n|\n|t:|1700853027\n|move|p2a: Ambipom|Fake Out|p1a: Kyurem\n|-damage|p1a: Kyurem|69\/100\n|-damage|p2a: Ambipom|5\/100|[from] item: Life Orb\n|cant|p1a: Kyurem|flinch\n|\n|upkeep\n|turn|11\n|\n|t:|1700853036\n|move|p2a: Ambipom|Brick Break|p1a: Kyurem\n|-supereffective|p1a: Kyurem\n|-crit|p1a: Kyurem\n|-damage|p1a: Kyurem|0 fnt\n|faint|p1a: Kyurem\n|-damage|p2a: Ambipom|0 fnt|[from] item: Life Orb\n|faint|p2a: Ambipom\n|\n|upkeep\n|\n|t:|1700853062\n|switch|p2a: Porygon-Z|Porygon-Z|100\/100\n|switch|p1a: Urshifu|Urshifu-Rapid-Strike, M|100\/100\n|turn|12\n|\n|t:|1700853073\n|move|p2a: Porygon-Z|Nasty Plot|p2a: Porygon-Z\n|-boost|p2a: Porygon-Z|spa|2\n|move|p1a: Urshifu|Surging Strikes|p2a: Porygon-Z\n|-crit|p2a: Porygon-Z\n|-damage|p2a: Porygon-Z|58\/100\n|replace|p2a: Zoroark|Zoroark-Hisui, F\n|-end|p2a: Zoroark|Illusion\n|-crit|p2a: Zoroark\n|-damage|p2a: Zoroark|20\/100\n|-crit|p2a: Zoroark\n|-damage|p2a: Zoroark|0 fnt\n|faint|p2a: Zoroark\n|-hitcount|p2: Zoroark|3\n|\n|upkeep\n|\n|t:|1700853081\n|switch|p2a: Staraptor|Staraptor, M|100\/100\n|turn|13\n|\n|t:|1700853090\n|move|p2a: Staraptor|Brave Bird|p1a: Urshifu\n|-supereffective|p1a: Urshifu\n|-damage|p1a: Urshifu|0 fnt\n|faint|p1a: Urshifu\n|-damage|p2a: Staraptor|64\/100|[from] Recoil\n|\n|upkeep\n|\n|t:|1700853136\n|switch|p1a: Enamorus|Enamorus, F|100\/100\n|turn|14\n|\n|t:|1700853149\n|move|p1a: Enamorus|Moonblast|p2a: Staraptor\n|-damage|p2a: Staraptor|0 fnt\n|faint|p2a: Staraptor\n|\n|upkeep\n|\n|t:|1700853153\n|switch|p2a: Porygon-Z|Porygon-Z|100\/100\n|turn|15\n|\n|t:|1700853173\n|move|p1a: Enamorus|Moonblast|p2a: Porygon-Z\n|-crit|p2a: Porygon-Z\n|-damage|p2a: Porygon-Z|0 fnt\n|faint|p2a: Porygon-Z\n|\n|win|DutchyGold\n|l|\u2606Inky_vortex\n|l| ChampionKal\n","uploadtime":1700853242,"views":2,"p1id":"dutchygold","p2id":"inkyvortex","formatid":"gen9nationaldex","rating":0,"private":0,"password":""}