{"id":"gen9nationaldex-1988232103","p1":"Jam20Jam","p2":"BriefStar","format":"[Gen 9] National Dex","log":"|j|\u2606Jam20Jam\n|j|\u2606BriefStar\n|t:|1699690427\n|gametype|singles\n|player|p1|Jam20Jam|carmine|\n|player|p2|BriefStar|benga|\n|teamsize|p1|6\n|teamsize|p2|6\n|gen|9\n|tier|[Gen 9] National Dex\n|rule|HP Percentage Mod: HP is shown in percentages\n|rule|Endless Battle Clause: Forcing endless battles is banned\n|rule|OHKO Clause: OHKO moves are banned\n|rule|Evasion Clause: Evasion abilities, items, and moves are banned\n|rule|Evasion Abilities Clause: Evasion abilities are banned\n|rule|Evasion Items Clause: Evasion items are banned\n|rule|Evasion Moves Clause: Evasion moves are banned\n|rule|Species Clause: Limit one of each Pok\u00e9mon\n|rule|Sleep Clause Mod: Limit one foe put to sleep\n|clearpoke\n|poke|p1|Amoonguss, F|\n|poke|p1|Skeledirge, F|\n|poke|p1|Grimer-Alola, F|\n|poke|p1|Coalossal, F|\n|poke|p1|Veluza, M|\n|poke|p1|Cetitan, M|\n|poke|p2|Torkoal, F|\n|poke|p2|Tinkaton, F|\n|poke|p2|Bellibolt, M|\n|poke|p2|Mismagius, M|\n|poke|p2|Charizard, F|\n|poke|p2|Fraxure, M|\n|teampreview\n|\n|t:|1699690446\n|start\n|switch|p1a: Skeledirge|Skeledirge, F|100\/100\n|switch|p2a: Donny|Torkoal, F|100\/100\n|-weather|SunnyDay|[from] ability: Drought|[of] p2a: Donny\n|turn|1\n|j| lunchbox5536\n|\n|t:|1699690482\n|move|p1a: Skeledirge|Shadow Ball|p2a: Donny\n|-damage|p2a: Donny|61\/100\n|move|p2a: Donny|Yawn|p1a: Skeledirge\n|-start|p1a: Skeledirge|move: Yawn|[of] p2a: Donny\n|\n|-weather|SunnyDay|[upkeep]\n|upkeep\n|turn|2\n|\n|t:|1699690506\n|switch|p1a: Amoonguss|Amoonguss, F|100\/100\n|move|p2a: Donny|Stealth Rock|p1a: Amoonguss\n|-sidestart|p1: Jam20Jam|move: Stealth Rock\n|\n|-weather|SunnyDay|[upkeep]\n|upkeep\n|turn|3\n|\n|t:|1699690516\n|switch|p2a: Megaton|Tinkaton, F|100\/100\n|-ability|p2a: Megaton|Mold Breaker\n|move|p1a: Amoonguss|Spore|p2a: Megaton\n|-status|p2a: Megaton|slp|[from] move: Spore\n|\n|-weather|SunnyDay|[upkeep]\n|upkeep\n|turn|4\n|\n|t:|1699690533\n|switch|p2a: Charizard|Charizard, F, shiny|100\/100\n|switch|p1a: Grimer|Grimer-Alola, F|100\/100\n|-damage|p1a: Grimer|88\/100|[from] Stealth Rock\n|\n|-weather|SunnyDay|[upkeep]\n|-damage|p2a: Charizard|88\/100|[from] ability: Solar Power|[of] p2a: Charizard\n|upkeep\n|turn|5\n|\n|t:|1699690551\n|move|p2a: Charizard|Flamethrower|p1a: Grimer\n|-damage|p1a: Grimer|0 fnt\n|faint|p1a: Grimer\n|\n|-weather|SunnyDay|[upkeep]\n|-damage|p2a: Charizard|76\/100|[from] ability: Solar Power|[of] p2a: Charizard\n|upkeep\n|\n|t:|1699690565\n|switch|p1a: Skeledirge|Skeledirge, F|100\/100\n|-damage|p1a: Skeledirge|75\/100|[from] Stealth Rock\n|turn|6\n|\n|t:|1699690580\n|switch|p2a: Donny|Torkoal, F|61\/100\n|move|p1a: Skeledirge|Torch Song|p2a: Donny\n|-resisted|p2a: Donny\n|-damage|p2a: Donny|28\/100\n|-boost|p1a: Skeledirge|spa|1\n|\n|-weather|SunnyDay|[upkeep]\n|-heal|p1a: Skeledirge|82\/100|[from] item: Leftovers\n|upkeep\n|turn|7\n|\n|t:|1699690595\n|move|p1a: Skeledirge|Torch Song|p2a: Donny\n|-resisted|p2a: Donny\n|-damage|p2a: Donny|0 fnt\n|-boost|p1a: Skeledirge|spa|1\n|faint|p2a: Donny\n|\n|-weather|SunnyDay|[upkeep]\n|-heal|p1a: Skeledirge|88\/100|[from] item: Leftovers\n|upkeep\n|\n|t:|1699690602\n|switch|p2a: Hey There|Fraxure, M|100\/100\n|-ability|p2a: Hey There|Mold Breaker\n|turn|8\n|\n|t:|1699690609\n|move|p2a: Hey There|Outrage|p1a: Skeledirge\n|-damage|p1a: Skeledirge|43\/100\n|move|p1a: Skeledirge|Shadow Ball|p2a: Hey There\n|-damage|p2a: Hey There|13\/100\n|\n|-weather|none\n|-heal|p1a: Skeledirge|49\/100|[from] item: Leftovers\n|upkeep\n|turn|9\n|\n|t:|1699690634\n|move|p2a: Hey There|Outrage|p1a: Skeledirge|[from]lockedmove\n|-damage|p1a: Skeledirge|0 fnt\n|faint|p1a: Skeledirge\n|-start|p2a: Hey There|confusion|[fatigue]\n|\n|upkeep\n|\n|t:|1699690650\n|switch|p1a: Cetitan|Cetitan, M|100\/100\n|-damage|p1a: Cetitan|76\/100|[from] Stealth Rock\n|turn|10\n|\n|t:|1699690669\n|move|p1a: Cetitan|Belly Drum|p1a: Cetitan\n|-damage|p1a: Cetitan|26\/100\n|-setboost|p1a: Cetitan|atk|6|[from] move: Belly Drum\n|-enditem|p1a: Cetitan|Sitrus Berry|[eat]\n|-heal|p1a: Cetitan|50\/100|[from] item: Sitrus Berry\n|-activate|p2a: Hey There|confusion\n|-damage|p2a: Hey There|0 fnt|[from] confusion\n|faint|p2a: Hey There\n|\n|upkeep\n|\n|t:|1699690703\n|switch|p2a: Charizard|Charizard, F, shiny|76\/100\n|turn|11\n|\n|t:|1699690709\n|-terastallize|p2a: Charizard|Steel\n|move|p1a: Cetitan|Ice Shard|p2a: Charizard\n|-resisted|p2a: Charizard\n|-damage|p2a: Charizard|27\/100\n|move|p2a: Charizard|Tera Blast|p1a: Cetitan|[anim] Tera Blast Steel\n|-supereffective|p1a: Cetitan\n|-damage|p1a: Cetitan|0 fnt\n|faint|p1a: Cetitan\n|\n|upkeep\n|\n|t:|1699690727\n|switch|p1a: Amoonguss|Amoonguss, F|100\/100\n|-damage|p1a: Amoonguss|88\/100|[from] Stealth Rock\n|turn|12\n|\n|t:|1699690738\n|switch|p2a: Magic|Mismagius, M|100\/100\n|move|p1a: Amoonguss|Giga Drain|p2a: Magic\n|-damage|p2a: Magic|71\/100\n|-heal|p1a: Amoonguss|97\/100|[from] drain|[of] p2a: Magic\n|\n|-heal|p1a: Amoonguss|100\/100|[from] item: Black Sludge\n|upkeep\n|turn|13\n|\n|t:|1699690750\n|switch|p1a: Coalossal|Coalossal, F|100\/100\n|-damage|p1a: Coalossal|76\/100|[from] Stealth Rock\n|move|p2a: Magic|Mystical Fire|p1a: Coalossal\n|-resisted|p1a: Coalossal\n|-damage|p1a: Coalossal|69\/100\n|-unboost|p1a: Coalossal|spa|1\n|-ability|p1a: Coalossal|Steam Engine|boost\n|-boost|p1a: Coalossal|spe|6\n|-damage|p2a: Magic|61\/100|[from] item: Life Orb\n|\n|upkeep\n|turn|14\n|\n|t:|1699690768\n|move|p1a: Coalossal|Flamethrower|p2a: Magic\n|-damage|p2a: Magic|21\/100\n|-damage|p1a: Coalossal|59\/100|[from] item: Life Orb\n|move|p2a: Magic|Shadow Ball|p1a: Coalossal\n|-damage|p1a: Coalossal|19\/100\n|-damage|p2a: Magic|11\/100|[from] item: Life Orb\n|\n|upkeep\n|turn|15\n|\n|t:|1699690778\n|move|p1a: Coalossal|Flamethrower|p2a: Magic\n|-damage|p2a: Magic|0 fnt\n|faint|p2a: Magic\n|-damage|p1a: Coalossal|9\/100|[from] item: Life Orb\n|\n|upkeep\n|\n|t:|1699690784\n|switch|p2a: Get in MY BELLY|Bellibolt, M|100\/100\n|turn|16\n|\n|t:|1699690791\n|move|p1a: Coalossal|Earth Power|p2a: Get in MY BELLY\n|-supereffective|p2a: Get in MY BELLY\n|-damage|p2a: Get in MY BELLY|66\/100\n|-unboost|p2a: Get in MY BELLY|spd|1\n|-start|p2a: Get in MY BELLY|Charge|Earth Power|[from] ability: Electromorphosis\n|-damage|p1a: Coalossal|0 fnt|[from] item: Life Orb\n|faint|p1a: Coalossal\n|move|p2a: Get in MY BELLY|Volt Switch|p1: Coalossal|[notarget]\n|-fail|p2a: Get in MY BELLY\n|-end|p2a: Get in MY BELLY|Charge|[silent]\n|\n|upkeep\n|\n|t:|1699690804\n|switch|p1a: Amoonguss|Amoonguss, F|100\/100\n|-damage|p1a: Amoonguss|88\/100|[from] Stealth Rock\n|turn|17\n|\n|t:|1699690815\n|switch|p2a: Megaton|Tinkaton, F|100\/100 slp\n|-ability|p2a: Megaton|Mold Breaker\n|move|p1a: Amoonguss|Giga Drain|p2a: Megaton\n|-resisted|p2a: Megaton\n|-damage|p2a: Megaton|94\/100 slp\n|-heal|p1a: Amoonguss|91\/100|[from] drain|[of] p2a: Megaton\n|\n|-heal|p1a: Amoonguss|97\/100|[from] item: Black Sludge\n|upkeep\n|turn|18\n|\n|t:|1699690826\n|switch|p1a: Veluza|Veluza, M|100\/100\n|-damage|p1a: Veluza|88\/100|[from] Stealth Rock\n|cant|p2a: Megaton|slp\n|\n|upkeep\n|turn|19\n|\n|t:|1699690834\n|move|p1a: Veluza|Drill Run|p2a: Megaton\n|-supereffective|p2a: Megaton\n|-damage|p2a: Megaton|32\/100 slp\n|cant|p2a: Megaton|slp\n|\n|upkeep\n|turn|20\n|\n|t:|1699690852\n|move|p1a: Veluza|Drill Run|p2a: Megaton\n|-supereffective|p2a: Megaton\n|-damage|p2a: Megaton|0 fnt\n|faint|p2a: Megaton\n|\n|upkeep\n|\n|t:|1699690857\n|switch|p2a: Get in MY BELLY|Bellibolt, M|66\/100\n|turn|21\n|\n|t:|1699690891\n|-terastallize|p1a: Veluza|Psychic\n|move|p1a: Veluza|Drill Run|p2a: Get in MY BELLY\n|-supereffective|p2a: Get in MY BELLY\n|-damage|p2a: Get in MY BELLY|39\/100\n|-start|p2a: Get in MY BELLY|Charge|Drill Run|[from] ability: Electromorphosis\n|move|p2a: Get in MY BELLY|Volt Switch|p1a: Veluza\n|-damage|p1a: Veluza|10\/100\n|-end|p2a: Get in MY BELLY|Charge|[silent]\n|\n|t:|1699690900\n|switch|p2a: Charizard|Charizard, F, shiny, tera:Steel|27\/100|[from] Volt Switch\n|\n|upkeep\n|turn|22\n|\n|t:|1699690913\n|move|p1a: Veluza|Drill Run|p2a: Charizard\n|-supereffective|p2a: Charizard\n|-damage|p2a: Charizard|0 fnt\n|faint|p2a: Charizard\n|\n|upkeep\n|\n|t:|1699690917\n|switch|p2a: Get in MY BELLY|Bellibolt, M|39\/100\n|turn|23\n|\n|t:|1699690921\n|move|p1a: Veluza|Drill Run|p2a: Get in MY BELLY\n|-supereffective|p2a: Get in MY BELLY\n|-damage|p2a: Get in MY BELLY|12\/100\n|-start|p2a: Get in MY BELLY|Charge|Drill Run|[from] ability: Electromorphosis\n|move|p2a: Get in MY BELLY|Parabolic Charge|p1a: Veluza\n|-damage|p1a: Veluza|0 fnt\n|-heal|p2a: Get in MY BELLY|16\/100|[from] drain|[of] p1a: Veluza\n|faint|p1a: Veluza\n|-end|p2a: Get in MY BELLY|Charge|[silent]\n|\n|upkeep\n|\n|t:|1699690931\n|switch|p1a: Amoonguss|Amoonguss, F|100\/100\n|-damage|p1a: Amoonguss|88\/100|[from] Stealth Rock\n|turn|24\n|\n|t:|1699690939\n|move|p2a: Get in MY BELLY|Slack Off|p2a: Get in MY BELLY\n|-heal|p2a: Get in MY BELLY|66\/100\n|move|p1a: Amoonguss|Toxic|p2a: Get in MY BELLY\n|-status|p2a: Get in MY BELLY|tox\n|\n|-heal|p1a: Amoonguss|94\/100|[from] item: Black Sludge\n|-damage|p2a: Get in MY BELLY|60\/100 tox|[from] psn\n|upkeep\n|turn|25\n|\n|t:|1699690958\n|move|p2a: Get in MY BELLY|Chilling Water|p1a: Amoonguss\n|-resisted|p1a: Amoonguss\n|-damage|p1a: Amoonguss|91\/100\n|-unboost|p1a: Amoonguss|atk|1\n|move|p1a: Amoonguss|Giga Drain|p2a: Get in MY BELLY\n|-damage|p2a: Get in MY BELLY|38\/100 tox\n|-heal|p1a: Amoonguss|100\/100|[from] drain|[of] p2a: Get in MY BELLY\n|-start|p2a: Get in MY BELLY|Charge|Giga Drain|[from] ability: Electromorphosis\n|\n|-damage|p2a: Get in MY BELLY|25\/100 tox|[from] psn\n|upkeep\n|turn|26\n|\n|t:|1699690970\n|move|p2a: Get in MY BELLY|Volt Switch|p1a: Amoonguss\n|-resisted|p1a: Amoonguss\n|-damage|p1a: Amoonguss|83\/100\n|-end|p2a: Get in MY BELLY|Charge|[silent]\n|move|p1a: Amoonguss|Sludge Bomb|p2a: Get in MY BELLY\n|-damage|p2a: Get in MY BELLY|0 fnt\n|faint|p2a: Get in MY BELLY\n|\n|win|Jam20Jam\n","uploadtime":1699691006,"views":4,"p1id":"jam20jam","p2id":"briefstar","formatid":"gen9nationaldex","rating":0,"private":0,"password":""}