{"id":"gen9nationaldex-1988074100","p1":"aokong","p2":"Gfan1954","format":"[Gen 9] National Dex","log":"|j|\u2606aokong\n|j|\u2606Gfan1954\n|t:|1699666344\n|gametype|singles\n|player|p1|aokong|roxie|1168\n|player|p2|Gfan1954|acetrainer-gen4dp|1223\n|teamsize|p1|6\n|teamsize|p2|6\n|gen|9\n|tier|[Gen 9] National Dex\n|rated|\n|rule|HP Percentage Mod: HP is shown in percentages\n|rule|Endless Battle Clause: Forcing endless battles is banned\n|rule|OHKO Clause: OHKO moves are banned\n|rule|Evasion Clause: Evasion abilities, items, and moves are banned\n|rule|Evasion Abilities Clause: Evasion abilities are banned\n|rule|Evasion Items Clause: Evasion items are banned\n|rule|Evasion Moves Clause: Evasion moves are banned\n|rule|Species Clause: Limit one of each Pok\u00e9mon\n|rule|Sleep Clause Mod: Limit one foe put to sleep\n|clearpoke\n|poke|p1|Tapu Lele|\n|poke|p1|Iron Valiant|\n|poke|p1|Ogerpon-Wellspring, F|\n|poke|p1|Scizor, M|\n|poke|p1|Heatran, F|\n|poke|p1|Zapdos|\n|poke|p2|Ninetales-Alola, F|\n|poke|p2|Arctozolt|\n|poke|p2|Mandibuzz, F|\n|poke|p2|Urshifu-*, F|\n|poke|p2|Garchomp, M|\n|poke|p2|Celesteela|\n|teampreview\n|\n|t:|1699666352\n|start\n|switch|p1a: Zapdos|Zapdos|100\/100\n|switch|p2a: Albino Fox|Ninetales-Alola, F|100\/100\n|-weather|Snow|[from] ability: Snow Warning|[of] p2a: Albino Fox\n|turn|1\n|\n|t:|1699666359\n|move|p2a: Albino Fox|Aurora Veil|p2a: Albino Fox\n|-sidestart|p2: Gfan1954|move: Aurora Veil\n|move|p1a: Zapdos|Hurricane|p2a: Albino Fox\n|-damage|p2a: Albino Fox|71\/100\n|\n|-weather|Snow|[upkeep]\n|upkeep\n|turn|2\n|\n|t:|1699666365\n|switch|p2a: Hail Satan|Arctozolt|100\/100\n|move|p1a: Zapdos|Defog|p2a: Hail Satan\n|-unboost|p2a: Hail Satan|evasion|1\n|-sideend|p2: Gfan1954|move: Aurora Veil\n|\n|-weather|Snow|[upkeep]\n|upkeep\n|turn|3\n|\n|t:|1699666380\n|switch|p1a: Heatran|Heatran, F|100\/100\n|move|p2a: Hail Satan|Blizzard|p1a: Heatran\n|-resisted|p1a: Heatran\n|-damage|p1a: Heatran|92\/100\n|-damage|p2a: Hail Satan|91\/100|[from] item: Life Orb\n|\n|-weather|Snow|[upkeep]\n|-heal|p1a: Heatran|98\/100|[from] item: Leftovers\n|upkeep\n|turn|4\n|\n|t:|1699666390\n|-terastallize|p2a: Hail Satan|Electric\n|move|p2a: Hail Satan|Stomping Tantrum|p1a: Heatran\n|-supereffective|p1a: Heatran\n|-damage|p1a: Heatran|31\/100\n|-damage|p2a: Hail Satan|81\/100|[from] item: Life Orb\n|move|p1a: Heatran|Earth Power|p2a: Hail Satan\n|-supereffective|p2a: Hail Satan\n|-damage|p2a: Hail Satan|13\/100\n|\n|-weather|Snow|[upkeep]\n|-heal|p1a: Heatran|37\/100|[from] item: Leftovers\n|upkeep\n|turn|5\n|\n|t:|1699666404\n|switch|p1a: Zapdos|Zapdos|100\/100\n|move|p2a: Hail Satan|Bolt Beak|p1a: Zapdos\n|-damage|p1a: Zapdos|0 fnt\n|-damage|p2a: Hail Satan|0 fnt|[from] item: Rocky Helmet|[of] p1a: Zapdos\n|faint|p1a: Zapdos\n|faint|p2a: Hail Satan\n|\n|-weather|Snow|[upkeep]\n|upkeep\n|\n|t:|1699666416\n|switch|p1a: Tapu Lele|Tapu Lele|100\/100\n|switch|p2a: Perfect Cel|Celesteela|100\/100\n|-fieldstart|move: Psychic Terrain|[from] ability: Psychic Surge|[of] p1a: Tapu Lele\n|turn|6\n|\n|t:|1699666423\n|move|p1a: Tapu Lele|Psychic|p2a: Perfect Cel\n|-resisted|p2a: Perfect Cel\n|-damage|p2a: Perfect Cel|64\/100\n|move|p2a: Perfect Cel|Autotomize|p2a: Perfect Cel\n|-boost|p2a: Perfect Cel|spe|2\n|-start|p2a: Perfect Cel|Autotomize\n|\n|-weather|Snow|[upkeep]\n|upkeep\n|turn|7\n|\n|t:|1699666434\n|switch|p1a: Iron Valiant|Iron Valiant|100\/100\n|-enditem|p1a: Iron Valiant|Booster Energy\n|-activate|p1a: Iron Valiant|ability: Quark Drive|[fromitem]\n|-start|p1a: Iron Valiant|quarkdrivespe\n|move|p2a: Perfect Cel|Heavy Slam|p1a: Iron Valiant\n|-supereffective|p1a: Iron Valiant\n|-crit|p1a: Iron Valiant\n|-damage|p1a: Iron Valiant|0 fnt\n|faint|p1a: Iron Valiant\n|-end|p1a: Iron Valiant|Quark Drive|[silent]\n|-ability|p2a: Perfect Cel|Beast Boost|boost\n|-boost|p2a: Perfect Cel|atk|1\n|\n|-weather|Snow|[upkeep]\n|upkeep\n|\n|t:|1699666442\n|switch|p1a: Heatran|Heatran, F|37\/100\n|turn|8\n|\n|t:|1699666447\n|move|p2a: Perfect Cel|Earthquake|p1a: Heatran\n|-supereffective|p1a: Heatran\n|-damage|p1a: Heatran|0 fnt\n|faint|p1a: Heatran\n|-ability|p2a: Perfect Cel|Beast Boost|boost\n|-boost|p2a: Perfect Cel|atk|1\n|\n|-weather|none\n|upkeep\n|-message|aokong forfeited.\n|\n|win|Gfan1954\n|raw|aokong's rating: 1168 &rarr; <strong>1147<\/strong><br \/>(-21 for losing)\n|raw|Gfan1954's rating: 1223 &rarr; <strong>1244<\/strong><br \/>(+21 for winning)\n|l|\u2606aokong\n","uploadtime":1699666456,"views":6,"p1id":"aokong","p2id":"gfan1954","formatid":"gen9nationaldex","rating":1147,"private":0,"password":""}