{"id":"gen9nationaldex-1999991881","p1":"jayemfr","p2":"Tank Tests","format":"[Gen 9] National Dex","log":"|html|<div class=\"broadcast-blue\"><strong>[Gen 9] National Dex is currently suspecting Sneasler! For information on how to participate check out the <a href=\"https:\/\/www.smogon.com\/forums\/threads\/sv-national-dex-suspect-8-just-dance.3731534\/\">suspect thread<\/a>.<\/strong><\/div>\n|j|\u2606jayemfr\n|j|\u2606Tank Tests\n|t:|1701138574\n|gametype|singles\n|player|p1|jayemfr|chili|1254\n|player|p2|Tank Tests|170|1247\n|teamsize|p1|6\n|teamsize|p2|6\n|gen|9\n|tier|[Gen 9] National Dex\n|rated|\n|rule|HP Percentage Mod: HP is shown in percentages\n|rule|Endless Battle Clause: Forcing endless battles is banned\n|rule|OHKO Clause: OHKO moves are banned\n|rule|Evasion Clause: Evasion abilities, items, and moves are banned\n|rule|Evasion Abilities Clause: Evasion abilities are banned\n|rule|Evasion Items Clause: Evasion items are banned\n|rule|Evasion Moves Clause: Evasion moves are banned\n|rule|Species Clause: Limit one of each Pok\u00e9mon\n|rule|Sleep Clause Mod: Limit one foe put to sleep\n|clearpoke\n|poke|p1|Landorus-Therian, M|\n|poke|p1|Dragonite, F|\n|poke|p1|Charizard, F|\n|poke|p1|Aegislash, M|\n|poke|p1|Tapu Fini|\n|poke|p1|Samurott-Hisui, F|\n|poke|p2|Pawmot, M|\n|poke|p2|Rabsca, F|\n|poke|p2|Banette, F|\n|poke|p2|Victini|\n|poke|p2|Dragonite, M|\n|poke|p2|Forretress, F|\n|teampreview\n|inactive|Battle timer is ON: inactive players will automatically lose when time's up. (requested by jayemfr)\n|c|\u2606jayemfr|glhf\n|\n|t:|1701138586\n|start\n|switch|p1a: Katara|Tapu Fini|100\/100\n|switch|p2a: Banette|Banette, F|100\/100\n|-fieldstart|move: Misty Terrain|[from] ability: Misty Surge|[of] p1a: Katara\n|turn|1\n|\n|t:|1701138594\n|detailschange|p2a: Banette|Banette-Mega, F\n|-mega|p2a: Banette|Banette|Banettite\n|move|p1a: Katara|Iron Defense|p1a: Katara\n|-boost|p1a: Katara|def|2\n|move|p2a: Banette|Poltergeist|p1a: Katara\n|-activate|p1a: Katara|move: Poltergeist|Leftovers\n|-damage|p1a: Katara|65\/100\n|\n|-heal|p1a: Katara|71\/100|[from] item: Leftovers\n|upkeep\n|turn|2\n|\n|t:|1701138604\n|move|p2a: Banette|Encore|p1a: Katara\n|-start|p1a: Katara|Encore\n|move|p1a: Katara|Iron Defense|p1a: Katara\n|-boost|p1a: Katara|def|2\n|\n|-heal|p1a: Katara|77\/100|[from] item: Leftovers\n|upkeep\n|turn|3\n|\n|t:|1701138609\n|move|p2a: Banette|Taunt|p1a: Katara\n|-start|p1a: Katara|move: Taunt\n|cant|p1a: Katara|move: Taunt|Iron Defense\n|\n|-heal|p1a: Katara|83\/100|[from] item: Leftovers\n|upkeep\n|turn|4\n|\n|t:|1701138613\n|switch|p2a: Forretress|Forretress, F|100\/100\n|-activate|p1a: Katara|move: Struggle\n|move|p1a: Katara|Struggle|p2a: Forretress\n|-damage|p2a: Forretress|95\/100\n|-damage|p1a: Katara|58\/100|[from] recoil\n|\n|-heal|p1a: Katara|64\/100|[from] item: Leftovers\n|-end|p1a: Katara|Encore\n|upkeep\n|turn|5\n|\n|t:|1701138620\n|move|p1a: Katara|Stored Power|p2a: Forretress\n|-resisted|p2a: Forretress\n|-damage|p2a: Forretress|83\/100\n|move|p2a: Forretress|Stealth Rock|p1a: Katara\n|-sidestart|p1: jayemfr|move: Stealth Rock\n|\n|-heal|p1a: Katara|70\/100|[from] item: Leftovers\n|-end|p1a: Katara|move: Taunt\n|-fieldend|Misty Terrain\n|upkeep\n|turn|6\n|\n|t:|1701138624\n|move|p1a: Katara|Calm Mind|p1a: Katara\n|-boost|p1a: Katara|spa|1\n|-boost|p1a: Katara|spd|1\n|move|p2a: Forretress|Thunder Wave|p1a: Katara|[miss]\n|-miss|p2a: Forretress|p1a: Katara\n|\n|-heal|p1a: Katara|76\/100|[from] item: Leftovers\n|upkeep\n|turn|7\n|\n|t:|1701138627\n|move|p1a: Katara|Calm Mind|p1a: Katara\n|-boost|p1a: Katara|spa|1\n|-boost|p1a: Katara|spd|1\n|move|p2a: Forretress|Thunder Wave|p1a: Katara\n|-status|p1a: Katara|par\n|\n|-heal|p1a: Katara|83\/100 par|[from] item: Leftovers\n|upkeep\n|turn|8\n|\n|t:|1701138636\n|switch|p2a: Banette|Banette-Mega, F|100\/100\n|move|p1a: Katara|Stored Power|p2a: Banette\n|-damage|p2a: Banette|0 fnt\n|faint|p2a: Banette\n|\n|-heal|p1a: Katara|89\/100 par|[from] item: Leftovers\n|upkeep\n|\n|t:|1701138638\n|switch|p2a: Victini|Victini|100\/100\n|turn|9\n|\n|t:|1701138647\n|move|p2a: Victini|Final Gambit|p1a: Katara\n|-damage|p1a: Katara|0 fnt\n|faint|p2a: Victini\n|faint|p1a: Katara\n|\n|upkeep\n|c|\u2606jayemfr|rip lmfao\n|\n|t:|1701138662\n|switch|p2a: Rabsca|Rabsca, F|100\/100\n|switch|p1a: Netero|Landorus-Therian, M|100\/100\n|-damage|p1a: Netero|88\/100|[from] Stealth Rock\n|-ability|p1a: Netero|Intimidate|boost\n|-unboost|p2a: Rabsca|atk|1\n|turn|10\n|\n|t:|1701138670\n|move|p1a: Netero|Stealth Rock|p2a: Rabsca\n|-sidestart|p2: Tank Tests|move: Stealth Rock\n|move|p2a: Rabsca|Revival Blessing|p2a: Rabsca\n|-enditem|p2a: Rabsca|Leppa Berry|[eat]\n|-activate|p2a: Rabsca|item: Leppa Berry|Revival Blessing|[consumed]\n|\n|t:|1701138673\n|-heal|p2: Victini|50\/100|[from] move: Revival Blessing\n|\n|upkeep\n|turn|11\n|\n|t:|1701138679\n|move|p1a: Netero|U-turn|p2a: Rabsca\n|-supereffective|p2a: Rabsca\n|-crit|p2a: Rabsca\n|-damage|p2a: Rabsca|44\/100\n|\n|t:|1701138681\n|switch|p1a: Launcey|Dragonite, F|100\/100|[from] U-turn\n|-damage|p1a: Launcey|76\/100|[from] Stealth Rock\n|move|p2a: Rabsca|Revival Blessing|p2a: Rabsca\n|\n|t:|1701138684\n|-heal|p2: Banette|50\/100|[from] move: Revival Blessing\n|\n|upkeep\n|turn|12\n|\n|t:|1701138689\n|move|p1a: Launcey|Dragon Dance|p1a: Launcey\n|-boost|p1a: Launcey|atk|1\n|-boost|p1a: Launcey|spe|1\n|move|p2a: Rabsca|Memento|p1a: Launcey\n|-unboost|p1a: Launcey|atk|2\n|-unboost|p1a: Launcey|spa|2\n|faint|p2a: Rabsca\n|\n|upkeep\n|\n|t:|1701138692\n|switch|p2a: Banette|Banette-Mega, F|50\/100\n|-damage|p2a: Banette|38\/100|[from] Stealth Rock\n|turn|13\n|\n|t:|1701138696\n|move|p2a: Banette|Encore|p1a: Launcey\n|-start|p1a: Launcey|Encore\n|move|p1a: Launcey|Dragon Dance|p1a: Launcey\n|-boost|p1a: Launcey|atk|1\n|-boost|p1a: Launcey|spe|1\n|\n|upkeep\n|turn|14\n|\n|t:|1701138701\n|move|p1a: Launcey|Dragon Dance|p1a: Launcey\n|-boost|p1a: Launcey|atk|1\n|-boost|p1a: Launcey|spe|1\n|move|p2a: Banette|Poltergeist|p1a: Launcey\n|-activate|p1a: Launcey|move: Poltergeist|Life Orb\n|-damage|p1a: Launcey|0 fnt\n|faint|p1a: Launcey\n|\n|upkeep\n|\n|t:|1701138707\n|switch|p1a: Musashi|Samurott-Hisui, F|100\/100\n|-damage|p1a: Musashi|88\/100|[from] Stealth Rock\n|turn|15\n|\n|t:|1701138711\n|move|p2a: Banette|Destiny Bond|p2a: Banette\n|-singlemove|p2a: Banette|Destiny Bond\n|move|p1a: Musashi|Ceaseless Edge|p2a: Banette\n|-supereffective|p2a: Banette\n|-damage|p2a: Banette|0 fnt\n|-sidestart|p2: Tank Tests|Spikes\n|faint|p2a: Banette\n|-activate|p2a: Banette|move: Destiny Bond\n|faint|p1a: Musashi\n|\n|upkeep\n|\n|t:|1701138719\n|switch|p1a: Netero|Landorus-Therian, M|88\/100\n|switch|p2a: Pawmot|Pawmot, M|100\/100\n|-damage|p2a: Pawmot|94\/100|[from] Stealth Rock\n|-damage|p2a: Pawmot|82\/100|[from] Spikes\n|-damage|p1a: Netero|76\/100|[from] Stealth Rock\n|-ability|p1a: Netero|Intimidate|boost\n|-unboost|p2a: Pawmot|atk|1\n|turn|16\n|\n|t:|1701138730\n|switch|p2a: Forretress|Forretress, F|83\/100\n|move|p1a: Netero|Earthquake|p2a: Forretress\n|-damage|p2a: Forretress|49\/100\n|\n|upkeep\n|turn|17\n|\n|t:|1701138735\n|move|p1a: Netero|Earthquake|p2a: Forretress\n|-crit|p2a: Forretress\n|-damage|p2a: Forretress|0 fnt\n|faint|p2a: Forretress\n|\n|upkeep\n|\n|t:|1701138738\n|switch|p2a: Dragonite|Dragonite, M|100\/100\n|-damage|p2a: Dragonite|76\/100|[from] Stealth Rock\n|turn|18\n|\n|t:|1701138746\n|-terastallize|p2a: Dragonite|Normal\n|move|p2a: Dragonite|Dragon Dance|p2a: Dragonite\n|-boost|p2a: Dragonite|atk|1\n|-boost|p2a: Dragonite|spe|1\n|move|p1a: Netero|U-turn|p2a: Dragonite\n|-damage|p2a: Dragonite|53\/100\n|\n|t:|1701138748\n|switch|p1a: Excal|Aegislash, M, shiny|100\/100|[from] U-turn\n|-damage|p1a: Excal|94\/100|[from] Stealth Rock\n|\n|-heal|p1a: Excal|100\/100|[from] item: Leftovers\n|upkeep\n|turn|19\n|\n|t:|1701138755\n|move|p2a: Dragonite|Earthquake|p1a: Excal\n|-supereffective|p1a: Excal\n|-damage|p1a: Excal|4\/100\n|-formechange|p1a: Excal|Aegislash-Blade||[from] ability: Stance Change\n|move|p1a: Excal|Flash Cannon|p2a: Dragonite\n|-damage|p2a: Dragonite|0 fnt\n|faint|p2a: Dragonite\n|\n|-heal|p1a: Excal|10\/100|[from] item: Leftovers\n|upkeep\n|\n|t:|1701138763\n|switch|p2a: Pawmot|Pawmot, M|82\/100\n|-damage|p2a: Pawmot|76\/100|[from] Stealth Rock\n|-damage|p2a: Pawmot|63\/100|[from] Spikes\n|turn|20\n|\n|t:|1701138771\n|-formechange|p1a: Excal|Aegislash||[from] ability: Stance Change\n|move|p1a: Excal|King's Shield|p1a: Excal\n|-singleturn|p1a: Excal|Protect\n|move|p2a: Pawmot|Revival Blessing|p2a: Pawmot\n|-enditem|p2a: Pawmot|Leppa Berry|[eat]\n|-activate|p2a: Pawmot|item: Leppa Berry|Revival Blessing|[consumed]\n|\n|t:|1701138779\n|-heal|p2: Dragonite|50\/100|[from] move: Revival Blessing\n|\n|-heal|p1a: Excal|16\/100|[from] item: Leftovers\n|upkeep\n|turn|21\n|c|\u2606jayemfr|LMAO HUH\n|\n|t:|1701138789\n|move|p2a: Pawmot|Double Shock|p1a: Excal\n|-damage|p1a: Excal|0 fnt\n|-start|p2a: Pawmot|typechange|???\/Fighting|[from] move: Double Shock\n|faint|p1a: Excal\n|\n|upkeep\n|\n|t:|1701138796\n|switch|p1a: Netero|Landorus-Therian, M|76\/100\n|-damage|p1a: Netero|64\/100|[from] Stealth Rock\n|-ability|p1a: Netero|Intimidate|boost\n|-unboost|p2a: Pawmot|atk|1\n|turn|22\n|\n|t:|1701138798\n|move|p2a: Pawmot|Revival Blessing|p2a: Pawmot\n|\n|t:|1701138800\n|-heal|p2: Banette|50\/100|[from] move: Revival Blessing\n|move|p1a: Netero|Defog|p2a: Pawmot\n|-unboost|p2a: Pawmot|evasion|1\n|-sideend|p2: Tank Tests|Spikes|[from] move: Defog|[of] p1a: Netero\n|-sideend|p2: Tank Tests|Stealth Rock|[from] move: Defog|[of] p1a: Netero\n|-sideend|p1: jayemfr|Stealth Rock|[from] move: Defog|[of] p1a: Netero\n|\n|upkeep\n|turn|23\n|\n|t:|1701138805\n|move|p2a: Pawmot|Close Combat|p1a: Netero\n|-resisted|p1a: Netero\n|-damage|p1a: Netero|52\/100\n|-unboost|p2a: Pawmot|def|1\n|-unboost|p2a: Pawmot|spd|1\n|-damage|p2a: Pawmot|47\/100|[from] item: Rocky Helmet|[of] p1a: Netero\n|move|p1a: Netero|Earthquake|p2a: Pawmot\n|-damage|p2a: Pawmot|0 fnt\n|faint|p2a: Pawmot\n|\n|upkeep\n|\n|t:|1701138809\n|switch|p2a: Dragonite|Dragonite, M|50\/100\n|turn|24\n|\n|t:|1701138812\n|move|p2a: Dragonite|Dragon Dance|p2a: Dragonite\n|-boost|p2a: Dragonite|atk|1\n|-boost|p2a: Dragonite|spe|1\n|move|p1a: Netero|U-turn|p2a: Dragonite\n|-resisted|p2a: Dragonite\n|-damage|p2a: Dragonite|39\/100\n|\n|t:|1701138814\n|switch|p1a: Azula|Charizard, F, shiny|100\/100|[from] U-turn\n|\n|upkeep\n|turn|25\n|\n|t:|1701138819\n|detailschange|p1a: Azula|Charizard-Mega-Y, F, shiny\n|-mega|p1a: Azula|Charizard|Charizardite Y\n|-weather|SunnyDay|[from] ability: Drought|[of] p1a: Azula\n|move|p2a: Dragonite|Extreme Speed|p1a: Azula\n|-damage|p1a: Azula|31\/100\n|move|p1a: Azula|Fire Blast|p2a: Dragonite\n|-resisted|p2a: Dragonite\n|-damage|p2a: Dragonite|0 fnt\n|faint|p2a: Dragonite\n|\n|-weather|SunnyDay|[upkeep]\n|upkeep\n|\n|t:|1701138828\n|switch|p2a: Victini|Victini|50\/100\n|turn|26\n|\n|t:|1701138831\n|move|p2a: Victini|V-create|p1a: Azula\n|-resisted|p1a: Azula\n|-damage|p1a: Azula|0 fnt\n|-unboost|p2a: Victini|spe|1\n|-unboost|p2a: Victini|def|1\n|-unboost|p2a: Victini|spd|1\n|faint|p1a: Azula\n|\n|-weather|SunnyDay|[upkeep]\n|upkeep\n|\n|t:|1701138833\n|switch|p1a: Netero|Landorus-Therian, M|52\/100\n|-ability|p1a: Netero|Intimidate|boost\n|-unboost|p2a: Victini|atk|1\n|turn|27\n|\n|t:|1701138835\n|move|p2a: Victini|V-create|p1a: Netero\n|-damage|p1a: Netero|0 fnt\n|-unboost|p2a: Victini|spe|1\n|-unboost|p2a: Victini|def|1\n|-unboost|p2a: Victini|spd|1\n|-damage|p2a: Victini|34\/100|[from] item: Rocky Helmet|[of] p1a: Netero\n|faint|p1a: Netero\n|\n|win|Tank Tests\n|raw|jayemfr's rating: 1254 &rarr; <strong>1228<\/strong><br \/>(-26 for losing)\n|raw|Tank Tests's rating: 1247 &rarr; <strong>1273<\/strong><br \/>(+26 for winning)\n|c|\u2606jayemfr|gg\n|c|\u2606Tank Tests|gg\n","uploadtime":1701138846,"views":8,"p1id":"jayemfr","p2id":"tanktests","formatid":"gen9nationaldex","rating":1228,"private":0,"password":""}