{"id":"gen9nationaldex-1996006271","p1":"ghostkinggengar","p2":"GAGA233","format":"[Gen 9] National Dex","log":"|html|<div class=\"broadcast-blue\"><strong>[Gen 9] National Dex is currently suspecting Sneasler! For information on how to participate check out the <a href=\"https:\/\/www.smogon.com\/forums\/threads\/sv-national-dex-suspect-8-just-dance.3731534\/\">suspect thread<\/a>.<\/strong><\/div>\n|j|\u2606ghostkinggengar\n|j|\u2606GAGA233\n|t:|1700628339\n|gametype|singles\n|player|p1|ghostkinggengar|swimmerf|1745\n|player|p2|GAGA233|1|1682\n|teamsize|p1|6\n|teamsize|p2|6\n|gen|9\n|tier|[Gen 9] National Dex\n|rated|\n|rule|HP Percentage Mod: HP is shown in percentages\n|rule|Endless Battle Clause: Forcing endless battles is banned\n|rule|OHKO Clause: OHKO moves are banned\n|rule|Evasion Clause: Evasion abilities, items, and moves are banned\n|rule|Evasion Abilities Clause: Evasion abilities are banned\n|rule|Evasion Items Clause: Evasion items are banned\n|rule|Evasion Moves Clause: Evasion moves are banned\n|rule|Species Clause: Limit one of each Pok\u00e9mon\n|rule|Sleep Clause Mod: Limit one foe put to sleep\n|clearpoke\n|poke|p1|Slowbro, M|\n|poke|p1|Ursaluna, M|\n|poke|p1|Blacephalon|\n|poke|p1|Gyarados, F|\n|poke|p1|Empoleon, M|\n|poke|p1|Garchomp, M|\n|poke|p2|Rabsca, M|\n|poke|p2|Hatterene, F|\n|poke|p2|Banette, M|\n|poke|p2|Porygon2|\n|poke|p2|Ursaluna, F|\n|poke|p2|Snorlax, M|\n|teampreview\n|inactive|Battle timer is ON: inactive players will automatically lose when time's up. (requested by ghostkinggengar)\n|\n|t:|1700628348\n|start\n|switch|p1a: Garchomp|Garchomp, M|100\/100\n|switch|p2a: Hatterene|Hatterene, F|100\/100\n|turn|1\n|\n|t:|1700628363\n|switch|p1a: Empoleon|Empoleon, M|100\/100\n|move|p2a: Hatterene|Trick Room|p2a: Hatterene\n|-fieldstart|move: Trick Room|[of] p2a: Hatterene\n|\n|upkeep\n|turn|2\n|\n|t:|1700628384\n|switch|p2a: Ursaluna|Ursaluna, F|100\/100\n|move|p1a: Empoleon|Scald|p2a: Ursaluna\n|-supereffective|p2a: Ursaluna\n|-damage|p2a: Ursaluna|47\/100\n|\n|-status|p2a: Ursaluna|brn|[from] item: Flame Orb\n|upkeep\n|turn|3\n|inactive|ghostkinggengar has 120 seconds left.\n|\n|t:|1700628419\n|-terastallize|p2a: Ursaluna|Normal\n|move|p2a: Ursaluna|Facade|p1a: Empoleon\n|-resisted|p1a: Empoleon\n|-damage|p1a: Empoleon|15\/100\n|move|p1a: Empoleon|Scald|p2a: Ursaluna\n|-damage|p2a: Ursaluna|18\/100 brn\n|\n|-heal|p1a: Empoleon|21\/100|[from] item: Leftovers\n|-damage|p2a: Ursaluna|12\/100 brn|[from] brn\n|upkeep\n|turn|4\n|inactive|ghostkinggengar has 120 seconds left.\n|inactive|GAGA233 has 120 seconds left.\n|\n|t:|1700628463\n|move|p2a: Ursaluna|Facade|p1a: Empoleon\n|-resisted|p1a: Empoleon\n|-crit|p1a: Empoleon\n|-damage|p1a: Empoleon|0 fnt\n|faint|p1a: Empoleon\n|\n|-damage|p2a: Ursaluna|6\/100 brn|[from] brn\n|upkeep\n|\n|t:|1700628474\n|switch|p1a: Gyarados|Gyarados, F|100\/100\n|-ability|p1a: Gyarados|Intimidate|boost\n|-unboost|p2a: Ursaluna|atk|1\n|turn|5\n|\n|t:|1700628480\n|switch|p1a: Blacephalon|Blacephalon|100\/100\n|move|p2a: Ursaluna|Facade|p1a: Blacephalon\n|-immune|p1a: Blacephalon\n|\n|-damage|p2a: Ursaluna|0 fnt|[from] brn\n|faint|p2a: Ursaluna\n|-fieldend|move: Trick Room\n|upkeep\n|\n|t:|1700628489\n|switch|p2a: Porygon2|Porygon2|100\/100\n|-ability|p2a: Porygon2|Beast Boost|[from] ability: Trace|[of] p1a: Blacephalon\n|turn|6\n|\n|t:|1700628495\n|move|p1a: Blacephalon|Trick|p2a: Porygon2\n|-activate|p1a: Blacephalon|move: Trick|[of] p2a: Porygon2\n|-item|p2a: Porygon2|Choice Scarf|[from] move: Trick\n|-item|p1a: Blacephalon|Eviolite|[from] move: Trick\n|move|p2a: Porygon2|Trick Room|p2a: Porygon2\n|-fieldstart|move: Trick Room|[of] p2a: Porygon2\n|\n|upkeep\n|turn|7\n|inactive|GAGA233 has 120 seconds left.\n|j| zhiyinge\n|j| KoKoual\n|inactive|ghostkinggengar has 120 seconds left.\n|l| zhiyinge\n|\n|t:|1700628539\n|switch|p2a: Snorlax|Snorlax, M|100\/100\n|move|p1a: Blacephalon|Trick||[still]\n|-fail|p1a: Blacephalon\n|\n|upkeep\n|turn|8\n|inactive|GAGA233 has 90 seconds left.\n|\n|t:|1700628573\n|switch|p1a: Gyarados|Gyarados, F|100\/100\n|-ability|p1a: Gyarados|Intimidate|boost\n|-unboost|p2a: Snorlax|atk|1\n|move|p2a: Snorlax|Earthquake|p1a: Gyarados\n|-immune|p1a: Gyarados\n|\n|upkeep\n|turn|9\n|inactive|ghostkinggengar has 90 seconds left.\n|l|\u2606GAGA233\n|inactive|GAGA233 disconnected and has a minute to reconnect!\n|player|p2|\n|\n|t:|1700628602\n|switch|p1a: Slowbro|Slowbro, M|100\/100\n|-zpower|p2a: Snorlax\n|move|p2a: Snorlax|Pulverizing Pancake|p1a: Slowbro|[zeffect]\n|-damage|p1a: Slowbro|57\/100\n|-damage|p2a: Snorlax|84\/100|[from] item: Rocky Helmet|[of] p1a: Slowbro\n|\n|upkeep\n|turn|10\n|inactive|ghostkinggengar has 90 seconds left.\n|j|\u2606GAGA233\n|inactive|GAGA233 reconnected and has 90 seconds left.\n|player|p2|GAGA233|1\n|\n|t:|1700628636\n|switch|p2a: Banette|Banette, M|100\/100\n|move|p1a: Slowbro|Scald|p2a: Banette\n|-damage|p2a: Banette|63\/100\n|\n|-fieldend|move: Trick Room\n|upkeep\n|turn|11\n|inactive|ghostkinggengar has 90 seconds left.\n|\n|t:|1700628652\n|switch|p1a: Garchomp|Garchomp, M|100\/100\n|detailschange|p2a: Banette|Banette-Mega, M\n|-mega|p2a: Banette|Banette|Banettite\n|move|p2a: Banette|Poltergeist|p1a: Garchomp\n|-activate|p1a: Garchomp|move: Poltergeist|Dragonium Z\n|-damage|p1a: Garchomp|26\/100\n|\n|upkeep\n|turn|12\n|inactive|GAGA233 has 90 seconds left.\n|\n|t:|1700628663\n|-zpower|p1a: Garchomp\n|move|p1a: Garchomp|Devastating Drake|p2a: Banette|[zeffect]\n|-damage|p2a: Banette|0 fnt\n|faint|p2a: Banette\n|\n|upkeep\n|\n|t:|1700628670\n|switch|p2a: Hatterene|Hatterene, F|100\/100\n|turn|13\n|inactive|ghostkinggengar has 90 seconds left.\n|\n|t:|1700628683\n|move|p1a: Garchomp|Earthquake|p2a: Hatterene\n|-damage|p2a: Hatterene|43\/100\n|move|p2a: Hatterene|Trick Room|p2a: Hatterene\n|-fieldstart|move: Trick Room|[of] p2a: Hatterene\n|\n|upkeep\n|turn|14\n|inactive|ghostkinggengar has 90 seconds left.\n|\n|t:|1700628703\n|switch|p1a: Slowbro|Slowbro, M|90\/100\n|move|p2a: Hatterene|Misty Explosion|p1a: Slowbro\n|-damage|p1a: Slowbro|28\/100\n|faint|p2a: Hatterene\n|\n|upkeep\n|\n|t:|1700628710\n|switch|p2a: Snorlax|Snorlax, M|84\/100\n|turn|15\n|\n|t:|1700628717\n|switch|p1a: Gyarados|Gyarados, F|100\/100\n|-ability|p1a: Gyarados|Intimidate|boost\n|-unboost|p2a: Snorlax|atk|1\n|move|p2a: Snorlax|Earthquake|p1a: Gyarados\n|-immune|p1a: Gyarados\n|\n|upkeep\n|turn|16\n|inactive|ghostkinggengar has 90 seconds left.\n|\n|t:|1700628734\n|switch|p1a: Blacephalon|Blacephalon|100\/100\n|move|p2a: Snorlax|Self-Destruct|p1a: Blacephalon\n|-immune|p1a: Blacephalon\n|faint|p2a: Snorlax\n|\n|upkeep\n|\n|t:|1700628738\n|switch|p2a: Rabsca|Rabsca, M|100\/100\n|turn|17\n|\n|t:|1700628745\n|move|p2a: Rabsca|Revival Blessing|p2a: Rabsca\n|-enditem|p2a: Rabsca|Leppa Berry|[eat]\n|-activate|p2a: Rabsca|item: Leppa Berry|Revival Blessing|[consumed]\n|\n|t:|1700628750\n|-heal|p2: Banette|50\/100|[from] move: Revival Blessing\n|move|p1a: Blacephalon|Flamethrower|p2a: Rabsca\n|-supereffective|p2a: Rabsca\n|-damage|p2a: Rabsca|7\/100\n|\n|-fieldend|move: Trick Room\n|upkeep\n|turn|18\n|\n|t:|1700628757\n|switch|p2a: Porygon2|Porygon2|100\/100\n|-ability|p2a: Porygon2|Beast Boost|[from] ability: Trace|[of] p1a: Blacephalon\n|move|p1a: Blacephalon|Flamethrower|p2a: Porygon2\n|-crit|p2a: Porygon2\n|-damage|p2a: Porygon2|27\/100\n|\n|upkeep\n|turn|19\n|\n|t:|1700628765\n|move|p1a: Blacephalon|Flamethrower|p2a: Porygon2\n|-damage|p2a: Porygon2|0 fnt\n|faint|p2a: Porygon2\n|-ability|p1a: Blacephalon|Beast Boost|boost\n|-boost|p1a: Blacephalon|spa|1\n|\n|upkeep\n|-message|GAGA233 forfeited.\n|\n|win|ghostkinggengar\n|raw|ghostkinggengar's rating: 1745 &rarr; <strong>1761<\/strong><br \/>(+16 for winning)\n|raw|GAGA233's rating: 1682 &rarr; <strong>1666<\/strong><br \/>(-16 for losing)\n|l|\u2606GAGA233\n|l| KoKoual\n","uploadtime":1700628773,"views":0,"p1id":"ghostkinggengar","p2id":"gaga233","formatid":"gen9nationaldex","rating":1666,"private":0,"password":""}