{"id":"gen9nationaldex-1995391260","p1":"nepherae","p2":"DeathRayKPK","format":"[Gen 9] National Dex","log":"|html|<div class=\"broadcast-blue\"><strong>[Gen 9] National Dex is currently suspecting Sneasler! For information on how to participate check out the <a href=\"https:\/\/www.smogon.com\/forums\/threads\/sv-national-dex-suspect-8-just-dance.3731534\/\">suspect thread<\/a>.<\/strong><\/div>\n|j|\u2606nepherae\n|j|\u2606DeathRayKPK\n|t:|1700564475\n|gametype|singles\n|player|p1|nepherae|169|\n|player|p2|DeathRayKPK|101|\n|teamsize|p1|6\n|teamsize|p2|6\n|gen|9\n|tier|[Gen 9] National Dex\n|rule|HP Percentage Mod: HP is shown in percentages\n|rule|Endless Battle Clause: Forcing endless battles is banned\n|rule|OHKO Clause: OHKO moves are banned\n|rule|Evasion Clause: Evasion abilities, items, and moves are banned\n|rule|Evasion Abilities Clause: Evasion abilities are banned\n|rule|Evasion Items Clause: Evasion items are banned\n|rule|Evasion Moves Clause: Evasion moves are banned\n|rule|Species Clause: Limit one of each Pok\u00e9mon\n|rule|Sleep Clause Mod: Limit one foe put to sleep\n|clearpoke\n|poke|p1|Lopunny, M|\n|poke|p1|Scream Tail|\n|poke|p1|Dondozo, M|\n|poke|p1|Gliscor, F|\n|poke|p1|Toxapex, M|\n|poke|p1|Great Tusk|\n|poke|p2|Clefable, F|\n|poke|p2|Ogerpon-Wellspring, F|\n|poke|p2|Heatran, M|\n|poke|p2|Zapdos|\n|poke|p2|Volcarona, M|\n|poke|p2|Garganacl, M|\n|teampreview\n|inactive|Battle timer is ON: inactive players will automatically lose when time's up. (requested by nepherae)\n|c|\u2606DeathRayKPK|glhf\n|c|\u2606nepherae|there is no fun here\n|j| plasma_fistem\n|c| plasma_fistem|gl\n|\n|t:|1700564505\n|start\n|switch|p1a: Toxapex|Toxapex, M|100\/100\n|switch|p2a: Zapdos|Zapdos|100\/100\n|turn|1\n|c|\u2606nepherae|gl\n|j| etherlords\n|\n|t:|1700564519\n|move|p2a: Zapdos|Hurricane|p1a: Toxapex\n|-damage|p1a: Toxapex|73\/100\n|move|p1a: Toxapex|Knock Off|p2a: Zapdos\n|-crit|p2a: Zapdos\n|-damage|p2a: Zapdos|85\/100\n|-enditem|p2a: Zapdos|Leftovers|[from] move: Knock Off|[of] p1a: Toxapex\n|\n|upkeep\n|turn|2\n|\n|t:|1700564534\n|switch|p1a: Gliscor|Gliscor, F|100\/100\n|move|p2a: Zapdos|Thunder|p1a: Gliscor\n|-immune|p1a: Gliscor\n|\n|-status|p1a: Gliscor|tox|[from] item: Toxic Orb\n|upkeep\n|turn|3\n|c|\u2606nepherae|toxa crits lets goooo\n|c|\u2606nepherae|get that diancie you mf\n|\n|t:|1700564550\n|switch|p2a: Clefable-Hisui|Clefable, F, shiny|100\/100\n|move|p1a: Gliscor|Swords Dance|p1a: Gliscor\n|-boost|p1a: Gliscor|atk|2\n|\n|upkeep\n|turn|4\n|\n|t:|1700564557\n|move|p1a: Gliscor|Facade|p2a: Clefable-Hisui\n|-crit|p2a: Clefable-Hisui\n|-damage|p2a: Clefable-Hisui|63\/100\n|move|p2a: Clefable-Hisui|Moonblast|p1a: Gliscor\n|-damage|p1a: Gliscor|73\/100 tox\n|\n|-heal|p2a: Clefable-Hisui|69\/100|[from] item: Leftovers\n|-heal|p1a: Gliscor|86\/100 tox|[from] ability: Poison Heal\n|upkeep\n|turn|5\n|\n|t:|1700564568\n|switch|p1a: Toxapex|Toxapex, M|100\/100\n|move|p2a: Clefable-Hisui|Ice Beam|p1a: Toxapex\n|-resisted|p1a: Toxapex\n|-damage|p1a: Toxapex|95\/100\n|\n|-heal|p2a: Clefable-Hisui|75\/100|[from] item: Leftovers\n|upkeep\n|turn|6\n|c|\u2606nepherae|nope\n|\n|t:|1700564576\n|move|p2a: Clefable-Hisui|Wish|p2a: Clefable-Hisui\n|move|p1a: Toxapex|Sludge Bomb|p2a: Clefable-Hisui\n|-supereffective|p2a: Clefable-Hisui\n|-damage|p2a: Clefable-Hisui|22\/100\n|\n|-heal|p2a: Clefable-Hisui|28\/100|[from] item: Leftovers\n|upkeep\n|turn|7\n|\n|t:|1700564584\n|move|p2a: Clefable-Hisui|Protect|p2a: Clefable-Hisui\n|-singleturn|p2a: Clefable-Hisui|Protect\n|move|p1a: Toxapex|Knock Off|p2a: Clefable-Hisui\n|-activate|p2a: Clefable-Hisui|move: Protect\n|\n|-heal|p2a: Clefable-Hisui|78\/100|[from] move: Wish|[wisher] Clefable-Hisui\n|-heal|p2a: Clefable-Hisui|84\/100|[from] item: Leftovers\n|upkeep\n|turn|8\n|\n|t:|1700564593\n|switch|p2a: Garganacl|Garganacl, M|100\/100\n|move|p1a: Toxapex|Knock Off|p2a: Garganacl\n|-damage|p2a: Garganacl|92\/100\n|-enditem|p2a: Garganacl|Leftovers|[from] move: Knock Off|[of] p1a: Toxapex\n|\n|upkeep\n|turn|9\n|\n|t:|1700564601\n|move|p2a: Garganacl|Salt Cure|p1a: Toxapex\n|-damage|p1a: Toxapex|85\/100\n|-start|p1a: Toxapex|Salt Cure\n|move|p1a: Toxapex|Scald|p2a: Garganacl\n|-supereffective|p2a: Garganacl\n|-damage|p2a: Garganacl|57\/100\n|\n|-damage|p1a: Toxapex|61\/100|[from] Salt Cure\n|upkeep\n|turn|10\n|\n|t:|1700564612\n|switch|p1a: Gliscor|Gliscor, F|86\/100 tox\n|move|p2a: Garganacl|Recover|p2a: Garganacl\n|-heal|p2a: Garganacl|100\/100\n|\n|-heal|p1a: Gliscor|98\/100 tox|[from] ability: Poison Heal\n|upkeep\n|turn|11\n|\n|t:|1700564624\n|switch|p2a: Clefable-Hisui|Clefable, F, shiny|84\/100\n|move|p1a: Gliscor|Earthquake|p2a: Clefable-Hisui\n|-damage|p2a: Clefable-Hisui|61\/100\n|\n|-heal|p2a: Clefable-Hisui|67\/100|[from] item: Leftovers\n|-heal|p1a: Gliscor|100\/100 tox|[from] ability: Poison Heal\n|upkeep\n|turn|12\n|c|\u2606DeathRayKPK|did you see the ice beam in practice?\n|\n|t:|1700564634\n|switch|p1a: Toxapex|Toxapex, M|94\/100\n|move|p2a: Clefable-Hisui|Wish|p2a: Clefable-Hisui\n|\n|-heal|p2a: Clefable-Hisui|73\/100|[from] item: Leftovers\n|upkeep\n|turn|13\n|c|\u2606nepherae|nope\n|j| Najirs\n|inactive|nepherae has 270 seconds left.\n|c|\u2606nepherae|you all really like to get some weird coverage for gliscor tho\n|\n|t:|1700564672\n|switch|p2a: Garganacl|Garganacl, M|100\/100\n|move|p1a: Toxapex|Sludge Bomb|p2a: Garganacl\n|-resisted|p2a: Garganacl\n|-damage|p2a: Garganacl|92\/100\n|\n|-heal|p2a: Garganacl|100\/100|[from] move: Wish|[wisher] Clefable-Hisui\n|upkeep\n|turn|14\n|\n|t:|1700564692\n|switch|p1a: Great Tusk|Great Tusk|100\/100\n|move|p2a: Garganacl|Salt Cure|p1a: Great Tusk\n|-resisted|p1a: Great Tusk\n|-damage|p1a: Great Tusk|99\/100\n|-start|p1a: Great Tusk|Salt Cure\n|\n|-heal|p1a: Great Tusk|100\/100|[from] item: Leftovers\n|-damage|p1a: Great Tusk|88\/100|[from] Salt Cure\n|upkeep\n|turn|15\n|\n|t:|1700564701\n|switch|p2a: Zapdos|Zapdos|85\/100\n|move|p1a: Great Tusk|Stealth Rock|p2a: Zapdos\n|-sidestart|p2: DeathRayKPK|move: Stealth Rock\n|\n|-heal|p1a: Great Tusk|94\/100|[from] item: Leftovers\n|-damage|p1a: Great Tusk|82\/100|[from] Salt Cure\n|upkeep\n|turn|16\n|\n|t:|1700564710\n|-end|p1a: Great Tusk|Protosynthesis|[silent]\n|switch|p1a: Gliscor|Gliscor, F|100\/100 tox\n|move|p2a: Zapdos|Hurricane|p1a: Gliscor\n|-damage|p1a: Gliscor|62\/100 tox\n|\n|-heal|p1a: Gliscor|74\/100 tox|[from] ability: Poison Heal\n|upkeep\n|turn|17\n|\n|t:|1700564717\n|move|p2a: Zapdos|Defog|p1a: Gliscor\n|-unboost|p1a: Gliscor|evasion|1\n|-sideend|p2: DeathRayKPK|Stealth Rock|[from] move: Defog|[of] p2a: Zapdos\n|move|p1a: Gliscor|Facade|p2a: Zapdos\n|-damage|p2a: Zapdos|61\/100\n|\n|-heal|p1a: Gliscor|87\/100 tox|[from] ability: Poison Heal\n|upkeep\n|turn|18\n|\n|t:|1700564743\n|switch|p1a: Toxapex|Toxapex, M|100\/100\n|move|p2a: Zapdos|Roost|p2a: Zapdos\n|-heal|p2a: Zapdos|100\/100\n|-singleturn|p2a: Zapdos|move: Roost\n|\n|upkeep\n|turn|19\n|inactive|DeathRayKPK has 270 seconds left.\n|\n|t:|1700564776\n|move|p2a: Zapdos|Thunder|p1a: Toxapex\n|-supereffective|p1a: Toxapex\n|-damage|p1a: Toxapex|50\/100\n|move|p1a: Toxapex|Sludge Bomb|p2a: Zapdos\n|-damage|p2a: Zapdos|73\/100\n|\n|upkeep\n|turn|20\n|c| etherlords|i swear to go if u lose to timer kou\n|c| etherlords|*god\n|\n|t:|1700564793\n|switch|p2a: Garganacl|Garganacl, M|100\/100\n|switch|p1a: Gliscor|Gliscor, F|87\/100 tox\n|\n|-heal|p1a: Gliscor|99\/100 tox|[from] ability: Poison Heal\n|upkeep\n|turn|21\n|c| Najirs|damn\n|c| plasma_fistem|uhhh\n|\n|t:|1700564808\n|switch|p1a: Toxapex|Toxapex, M|84\/100\n|move|p2a: Garganacl|Salt Cure|p1a: Toxapex\n|-damage|p1a: Toxapex|72\/100\n|-start|p1a: Toxapex|Salt Cure\n|\n|-damage|p1a: Toxapex|48\/100|[from] Salt Cure\n|upkeep\n|turn|22\n|c| Najirs|20 turns and nearly everyone's at 100 hp\n|c| Najirs|beautiful salt cure\n|\n|t:|1700564823\n|switch|p1a: Gliscor|Gliscor, F|99\/100 tox\n|move|p2a: Garganacl|Body Press|p1a: Gliscor\n|-resisted|p1a: Gliscor\n|-damage|p1a: Gliscor|90\/100 tox\n|\n|-heal|p1a: Gliscor|100\/100 tox|[from] ability: Poison Heal\n|upkeep\n|turn|23\n|c|\u2606nepherae|yeah i plan to make this hurt\n|c|\u2606DeathRayKPK|says the man who called it easy win for me\n|inactive|DeathRayKPK has 240 seconds left.\n|\n|t:|1700564849\n|switch|p1a: Toxapex|Toxapex, M|81\/100\n|switch|p2a: Clefable-Hisui|Clefable, F, shiny|73\/100\n|\n|-heal|p2a: Clefable-Hisui|79\/100|[from] item: Leftovers\n|upkeep\n|turn|24\n|c| etherlords|easy but painfully long ig\n|\n|t:|1700564858\n|move|p2a: Clefable-Hisui|Protect|p2a: Clefable-Hisui\n|-singleturn|p2a: Clefable-Hisui|Protect\n|move|p1a: Toxapex|Sludge Bomb|p2a: Clefable-Hisui\n|-activate|p2a: Clefable-Hisui|move: Protect\n|\n|-heal|p2a: Clefable-Hisui|85\/100|[from] item: Leftovers\n|upkeep\n|turn|25\n|c| Najirs|don't waste wishes\n|\n|t:|1700564869\n|switch|p2a: Garganacl|Garganacl, M|100\/100\n|move|p1a: Toxapex|Scald|p2a: Garganacl\n|-supereffective|p2a: Garganacl\n|-damage|p2a: Garganacl|69\/100\n|\n|upkeep\n|turn|26\n|c| Najirs|damn sludge bomb has only 12 pp left\n|\n|t:|1700564883\n|switch|p1a: Gliscor|Gliscor, F|100\/100 tox\n|move|p2a: Garganacl|Salt Cure|p1a: Gliscor\n|-damage|p1a: Gliscor|90\/100 tox\n|-start|p1a: Gliscor|Salt Cure\n|\n|-heal|p1a: Gliscor|100\/100 tox|[from] ability: Poison Heal\n|-damage|p1a: Gliscor|88\/100 tox|[from] Salt Cure\n|upkeep\n|turn|27\n|c| plasma_fistem|i have a really bad feeling about this becoming a pp atall\n|c| Najirs|kou pls watch out for pp\n|c| plasma_fistem|stall\n|inactive|DeathRayKPK has 240 seconds left.\n|c| Najirs|I can bet somebody's pp is gonna run out\n|\n|t:|1700564902\n|switch|p1a: Lopunny|Lopunny, M|100\/100\n|switch|p2a: Clefable-Hisui|Clefable, F, shiny|85\/100\n|\n|-heal|p2a: Clefable-Hisui|91\/100|[from] item: Leftovers\n|upkeep\n|turn|28\n|c| Najirs|niiiiiiiice\n|c| etherlords|my first match ended with him because it was a pp stall\n|inactive|DeathRayKPK has 240 seconds left.\n|\n|t:|1700564917\n|detailschange|p1a: Lopunny|Lopunny-Mega, M\n|-mega|p1a: Lopunny|Lopunny|Lopunnite\n|move|p2a: Clefable-Hisui|Protect|p2a: Clefable-Hisui\n|-singleturn|p2a: Clefable-Hisui|Protect\n|move|p1a: Lopunny|Fake Out|p2a: Clefable-Hisui\n|-activate|p2a: Clefable-Hisui|move: Protect\n|\n|-heal|p2a: Clefable-Hisui|97\/100|[from] item: Leftovers\n|upkeep\n|turn|29\n|inactive|DeathRayKPK has 240 seconds left.\n|c| Najirs|beautiful\n|\n|t:|1700564929\n|switch|p1a: Toxapex|Toxapex, M|100\/100\n|move|p2a: Clefable-Hisui|Moonblast|p1a: Toxapex\n|-resisted|p1a: Toxapex\n|-damage|p1a: Toxapex|91\/100\n|-unboost|p1a: Toxapex|spa|1\n|\n|-heal|p2a: Clefable-Hisui|100\/100|[from] item: Leftovers\n|upkeep\n|turn|30\n|inactive|DeathRayKPK has 240 seconds left.\n|c| Najirs|kou\n|c| Najirs|you should also keep switching\n|c| Najirs|avoid attacking\n|c| plasma_fistem|yea\n|c| Najirs|cuz attacking makes you lose pp\n|\n|t:|1700564950\n|switch|p1a: Gliscor|Gliscor, F|88\/100 tox\n|move|p2a: Clefable-Hisui|Protect||[still]\n|-fail|p2a: Clefable-Hisui\n|\n|-heal|p1a: Gliscor|100\/100 tox|[from] ability: Poison Heal\n|upkeep\n|turn|31\n|c| Najirs|be ABR\n|c| plasma_fistem|if it comes to a pp stall you lose\n|c|\u2606DeathRayKPK|hmm\n|c| Najirs|dude pls stop making moves\n|c| etherlords|not really\n|\n|t:|1700564966\n|switch|p1a: Toxapex|Toxapex, M|100\/100\n|move|p2a: Clefable-Hisui|Ice Beam|p1a: Toxapex\n|-resisted|p1a: Toxapex\n|-damage|p1a: Toxapex|96\/100\n|-status|p1a: Toxapex|frz\n|\n|upkeep\n|turn|32\n|c| Najirs|go ahead and randomly switch\n|c| plasma_fistem|NICE\n|c| Najirs|nice\n|c|\u2606DeathRayKPK|huzzah\n|c| plasma_fistem|oh wait nvm\n|c|\u2606nepherae|i dont think\n|c|\u2606nepherae|you guys realize\n|c| plasma_fistem|right\n|c|\u2606nepherae|that matters 0\n|c| etherlords|a lot of neph's mons don't have too much pp either\n|\n|t:|1700564992\n|switch|p2a: Zapdos|Zapdos|73\/100\n|-curestatus|p1a: Toxapex|frz|[from] move: Scald\n|move|p1a: Toxapex|Scald|p2a: Zapdos\n|-damage|p2a: Zapdos|49\/100\n|\n|upkeep\n|turn|33\n|c| Najirs|fair\n|c| Najirs|oh shit lmao\n|c| Najirs|forgor\n|c|\u2606DeathRayKPK|what's this thaw\n|inactive|DeathRayKPK has 210 seconds left.\n|c| Najirs|lmfaooo\n|\n|t:|1700565008\n|move|p2a: Zapdos|Roost|p2a: Zapdos\n|-heal|p2a: Zapdos|99\/100\n|-singleturn|p2a: Zapdos|move: Roost\n|move|p1a: Toxapex|Sludge Bomb|p2a: Zapdos\n|-damage|p2a: Zapdos|74\/100\n|\n|upkeep\n|turn|34\n|c|\u2606nepherae|scald thaws always\n|c| etherlords|lol\n|inactive|DeathRayKPK has 210 seconds left.\n|\n|t:|1700565024\n|switch|p2a: Garganacl|Garganacl, M|69\/100\n|switch|p1a: Gliscor|Gliscor, F|100\/100 tox\n|\n|upkeep\n|turn|35\n|inactive|DeathRayKPK has 210 seconds left.\n|c| plasma_fistem|halfway there\n|\n|t:|1700565036\n|switch|p2a: Clefable-Hisui|Clefable, F, shiny|100\/100\n|move|p1a: Gliscor|Swords Dance|p1a: Gliscor\n|-boost|p1a: Gliscor|atk|2\n|\n|upkeep\n|turn|36\n|inactive|DeathRayKPK has 210 seconds left.\n|\n|t:|1700565047\n|switch|p1a: Toxapex|Toxapex, M|100\/100\n|move|p2a: Clefable-Hisui|Ice Beam|p1a: Toxapex\n|-resisted|p1a: Toxapex\n|-damage|p1a: Toxapex|95\/100\n|\n|upkeep\n|turn|37\n|inactive|DeathRayKPK has 210 seconds left.\n|\n|t:|1700565058\n|switch|p2a: Heatran|Heatran, M|100\/100\n|move|p1a: Toxapex|Knock Off|p2a: Heatran\n|-damage|p2a: Heatran|88\/100\n|-enditem|p2a: Heatran|Leftovers|[from] move: Knock Off|[of] p1a: Toxapex\n|\n|upkeep\n|turn|38\n|c| etherlords|I'm taking ny challenger rights after this match whoever wins\n|inactive|DeathRayKPK has 210 seconds left.\n|c| Najirs|ahdamn\n|c| Najirs|I wanted to be challenger\n|\n|t:|1700565074\n|switch|p1a: Gliscor|Gliscor, F|100\/100 tox\n|move|p2a: Heatran|Magma Storm|p1a: Gliscor\n|-damage|p1a: Gliscor|63\/100 tox\n|-activate|p1a: Gliscor|move: Magma Storm|[of] p2a: Heatran\n|\n|-heal|p1a: Gliscor|75\/100 tox|[from] ability: Poison Heal\n|-damage|p1a: Gliscor|63\/100 tox|[from] move: Magma Storm|[partiallytrapped]\n|upkeep\n|turn|39\n|inactive|DeathRayKPK has 210 seconds left.\n|c| Najirs|ah fuck\n|c| Najirs|is it worth killing gliscor\n|\n|t:|1700565091\n|switch|p2a: Clefable-Hisui|Clefable, F, shiny|100\/100\n|move|p1a: Gliscor|Roost|p1a: Gliscor\n|-heal|p1a: Gliscor|100\/100 tox\n|-singleturn|p1a: Gliscor|move: Roost\n|\n|-end|p1a: Gliscor|Magma Storm|[partiallytrapped]|[silent]\n|upkeep\n|turn|40\n|c| Najirs|hmmmmmmm\n|c| Najirs|good choice\n|c| etherlords|It was me originally I gave delayed mine cause I was busy\n|c| Najirs|ah okay\n|c| Najirs|fine\n|\n|t:|1700565113\n|switch|p1a: Toxapex|Toxapex, M|100\/100\n|move|p2a: Clefable-Hisui|Moonblast|p1a: Toxapex\n|-resisted|p1a: Toxapex\n|-damage|p1a: Toxapex|93\/100\n|\n|upkeep\n|turn|41\n|c| Najirs|I'm next challenger then\n|c| etherlords|cool\n|c| Najirs|unless an e4 beats you\n|\n|t:|1700565127\n|switch|p2a: Garganacl|Garganacl, M|69\/100\n|switch|p1a: Great Tusk|Great Tusk|82\/100\n|\n|-heal|p1a: Great Tusk|88\/100|[from] item: Leftovers\n|upkeep\n|turn|42\n|\n|t:|1700565138\n|switch|p2a: Zapdos|Zapdos|74\/100\n|move|p1a: Great Tusk|Stealth Rock|p2a: Zapdos\n|-sidestart|p2: DeathRayKPK|move: Stealth Rock\n|\n|-heal|p1a: Great Tusk|94\/100|[from] item: Leftovers\n|upkeep\n|turn|43\n|c| Najirs|glad to see you switching kou\n|c| Najirs|too bad he's kinda reading you\n|c| Najirs|anyway\n|c| Najirs|clean defog again\n|c| plasma_fistem|issokay\n|c| Najirs|best move\n|c| Najirs|yeah\n|\n|t:|1700565154\n|-end|p1a: Great Tusk|Protosynthesis|[silent]\n|switch|p1a: Gliscor|Gliscor, F|100\/100 tox\n|move|p2a: Zapdos|Defog|p1a: Gliscor\n|-unboost|p1a: Gliscor|evasion|1\n|-sideend|p2: DeathRayKPK|Stealth Rock|[from] move: Defog|[of] p2a: Zapdos\n|\n|upkeep\n|turn|44\n|c| etherlords|I was gonna go sisyphus mode and team build till i win today lol\n|c| Najirs|lol\n|inactive|DeathRayKPK has 180 seconds left.\n|\n|t:|1700565175\n|switch|p2a: Clefable-Hisui|Clefable, F, shiny|100\/100\n|move|p1a: Gliscor|Facade|p2a: Clefable-Hisui\n|-damage|p2a: Clefable-Hisui|77\/100\n|\n|-heal|p2a: Clefable-Hisui|83\/100|[from] item: Leftovers\n|upkeep\n|turn|45\n|inactive|DeathRayKPK has 180 seconds left.\n|c| Najirs|clefable still has leftovers\n|c| Najirs|lucky\n|c| Najirs|jfc\n|c| Najirs|45 turns\n|\n|t:|1700565202\n|switch|p1a: Toxapex|Toxapex, M|100\/100\n|move|p2a: Clefable-Hisui|Protect||[still]\n|-fail|p2a: Clefable-Hisui\n|\n|-heal|p2a: Clefable-Hisui|89\/100|[from] item: Leftovers\n|upkeep\n|turn|46\n|c| Najirs|and everyone's still at high hp\n|\n|t:|1700565218\n|switch|p2a: Garganacl|Garganacl, M|69\/100\n|move|p1a: Toxapex|Scald|p2a: Garganacl\n|-supereffective|p2a: Garganacl\n|-damage|p2a: Garganacl|36\/100\n|\n|upkeep\n|turn|47\n|c| Najirs|gliscor always switches out of clefable\n|c|\u2606nepherae|i'm at 593.8% hp\n|c| Najirs|so stop protecting\n|c| Najirs|imagine this crits\n|\n|t:|1700565232\n|switch|p1a: Great Tusk|Great Tusk|94\/100\n|move|p2a: Garganacl|Recover|p2a: Garganacl\n|-heal|p2a: Garganacl|86\/100\n|\n|-heal|p1a: Great Tusk|100\/100|[from] item: Leftovers\n|upkeep\n|turn|48\n|\n|t:|1700565250\n|-end|p1a: Great Tusk|Protosynthesis|[silent]\n|switch|p1a: Toxapex|Toxapex, M|100\/100\n|switch|p2a: Ogerpon|Ogerpon-Wellspring, F|100\/100\n|\n|upkeep\n|turn|49\n|c| plasma_fistem|600%\n|c| Najirs|stop protecting clef against gliscor\n|c| Najirs|damn\n|\n|t:|1700565271\n|switch|p2a: Heatran|Heatran, M|88\/100\n|move|p1a: Toxapex|Sludge Bomb|p2a: Heatran\n|-immune|p2a: Heatran\n|\n|upkeep\n|turn|50\n|c| Najirs|wellspring's out huh\n|c| Najirs|niceeeeeeeee\n|c| Najirs|10 pp to go\n|c| plasma_fistem|kous at 536\n|\n|t:|1700565290\n|switch|p2a: Zapdos|Zapdos|74\/100\n|move|p1a: Toxapex|Scald|p2a: Zapdos\n|-damage|p2a: Zapdos|52\/100\n|\n|upkeep\n|turn|51\n|c| Najirs|then clef sweep\n|\n|t:|1700565300\n|move|p2a: Zapdos|Roost|p2a: Zapdos\n|-heal|p2a: Zapdos|100\/100\n|-singleturn|p2a: Zapdos|move: Roost\n|move|p1a: Toxapex|Scald|p2a: Zapdos\n|-crit|p2a: Zapdos\n|-damage|p2a: Zapdos|64\/100\n|\n|upkeep\n|turn|52\n|c|\u2606nepherae|toxapex rolls worst scalds ever\n|c| Najirs|arguably an unnecessary roost\n|c|\u2606nepherae|asked to leave stall\n|inactive|DeathRayKPK has 150 seconds left.\n|\n|t:|1700565316\n|move|p2a: Zapdos|Hurricane|p1a: Toxapex|[miss]\n|-miss|p2a: Zapdos|p1a: Toxapex\n|move|p1a: Toxapex|Scald|p2a: Zapdos\n|-damage|p2a: Zapdos|39\/100\n|\n|upkeep\n|turn|53\n|c| Najirs|try to roost after you're below 50\n|c| Najirs|because\n|inactive|DeathRayKPK has 150 seconds left.\n|\n|t:|1700565328\n|move|p2a: Zapdos|Roost|p2a: Zapdos\n|-heal|p2a: Zapdos|89\/100\n|-singleturn|p2a: Zapdos|move: Roost\n|move|p1a: Toxapex|Sludge Bomb|p2a: Zapdos\n|-damage|p2a: Zapdos|62\/100\n|\n|upkeep\n|turn|54\n|c| Najirs|you want to maximize health gained\n|c|\u2606nepherae|brother land a status\n|c| Najirs|lmao\n|\n|t:|1700565338\n|move|p2a: Zapdos|Thunder|p1a: Toxapex|[miss]\n|-miss|p2a: Zapdos|p1a: Toxapex\n|move|p1a: Toxapex|Scald|p2a: Zapdos\n|-damage|p2a: Zapdos|40\/100\n|-status|p2a: Zapdos|brn\n|\n|-damage|p2a: Zapdos|34\/100 brn|[from] brn\n|upkeep\n|turn|55\n|c| Najirs|don't\n|c| Najirs|F\n|c| Najirs|ah shit\n|inactive|DeathRayKPK has 150 seconds left.\n|c| plasma_fistem|better than poison\n|\n|t:|1700565354\n|switch|p1a: Scream Tail|Scream Tail|100\/100\n|move|p2a: Zapdos|Roost|p2a: Zapdos\n|-heal|p2a: Zapdos|84\/100 brn\n|-singleturn|p2a: Zapdos|move: Roost\n|\n|-damage|p2a: Zapdos|78\/100 brn|[from] brn\n|upkeep\n|turn|56\n|c| Najirs|on the plus side it isn't poison\n|\n|t:|1700565362\n|switch|p2a: Heatran|Heatran, M|88\/100\n|move|p1a: Scream Tail|Encore||[still]\n|-fail|p1a: Scream Tail\n|\n|upkeep\n|turn|57\n|c|\u2606nepherae|band zapdos in shambles\n|c| Najirs|nice\n|\n|t:|1700565370\n|move|p1a: Scream Tail|Protect|p1a: Scream Tail\n|-singleturn|p1a: Scream Tail|Protect\n|move|p2a: Heatran|Toxic|p1a: Scream Tail\n|-activate|p1a: Scream Tail|move: Protect\n|\n|upkeep\n|turn|58\n|c| Najirs|always watch out for encore scream tail\n|c| plasma_fistem|kou try hard not to burn too many recovery pp\n|c| Najirs|yesssssss\n|c| Najirs|here we goooooooooo\n|\n|t:|1700565392\n|-end|p1a: Scream Tail|Protosynthesis|[silent]\n|switch|p1a: Toxapex|Toxapex, M|100\/100\n|move|p2a: Heatran|Magma Storm|p1a: Toxapex\n|-resisted|p1a: Toxapex\n|-damage|p1a: Toxapex|88\/100\n|-activate|p1a: Toxapex|move: Magma Storm|[of] p2a: Heatran\n|\n|-damage|p1a: Toxapex|76\/100|[from] move: Magma Storm|[partiallytrapped]\n|upkeep\n|turn|59\n|c| Najirs|magma storm wooooooooooooooooooo\n|c| plasma_fistem|cool\n|c| Najirs|fucking finally\n|\n|t:|1700565407\n|move|p2a: Heatran|Earth Power|p1a: Toxapex\n|-supereffective|p1a: Toxapex\n|-damage|p1a: Toxapex|44\/100\n|move|p1a: Toxapex|Scald|p2a: Heatran\n|-supereffective|p2a: Heatran\n|-damage|p2a: Heatran|60\/100\n|\n|-damage|p1a: Toxapex|32\/100|[from] move: Magma Storm|[partiallytrapped]\n|upkeep\n|turn|60\n|c| Najirs|phew\n|c| Najirs|so fucking glad\n|c| plasma_fistem|we're so barack\n|c|\u2606nepherae|yeah that deals really less than i expected\n|c| Najirs|brilliant switch\n|inactive|nepherae has 270 seconds left.\n|\n|t:|1700565434\n|-terastallize|p2a: Heatran|Bug\n|move|p2a: Heatran|Earth Power|p1a: Toxapex\n|-supereffective|p1a: Toxapex\n|-damage|p1a: Toxapex|1\/100\n|move|p1a: Toxapex|Scald|p2a: Heatran\n|-damage|p2a: Heatran|45\/100\n|-status|p2a: Heatran|brn\n|\n|-damage|p2a: Heatran|39\/100 brn|[from] brn\n|-damage|p1a: Toxapex|0 fnt|[from] move: Magma Storm|[partiallytrapped]\n|faint|p1a: Toxapex\n|upkeep\n|c|\u2606DeathRayKPK|AV\n|c| Najirs|bro why\n|inactive|nepherae has 270 seconds left.\n|c|\u2606nepherae|toxic\n|c| Najirs|why tera\n|c| Najirs|but okay\n|c|\u2606DeathRayKPK|I only have 2 useful teras\n|c| Najirs|fair\n|c| Najirs|but it wasn't needed ig\n|c|\u2606DeathRayKPK|wanted to save health on heatran\n|inactive|nepherae has 240 seconds left.\n|c| Najirs|ah makes sense\n|c| Najirs|I agree ig\n|c| Najirs|too bad that 1% struck\n|\n|t:|1700565478\n|switch|p1a: Gliscor|Gliscor, F|100\/100 tox\n|turn|61\n|c|\u2606DeathRayKPK|ideally I thought neph was going back to gliscor\n|\n|t:|1700565489\n|switch|p2a: Clefable-Hisui|Clefable, F, shiny|89\/100\n|move|p1a: Gliscor|Facade|p2a: Clefable-Hisui\n|-damage|p2a: Clefable-Hisui|65\/100\n|\n|-heal|p2a: Clefable-Hisui|71\/100|[from] item: Leftovers\n|upkeep\n|turn|62\n|c| Najirs|don't protect\n|inactive|nepherae has 240 seconds left.\n|\n|t:|1700565508\n|switch|p1a: Dondozo|Dondozo, M|100\/100\n|move|p2a: Clefable-Hisui|Wish|p2a: Clefable-Hisui\n|\n|-heal|p2a: Clefable-Hisui|77\/100|[from] item: Leftovers\n|upkeep\n|turn|63\n|c| plasma_fistem|chill man\n|inactive|nepherae has 240 seconds left.\n|c| Najirs|good time for heatran ngl\n|c| Najirs|he can't kill\n|c| plasma_fistem|mate stop strategizing here\n|\n|t:|1700565540\n|switch|p2a: Heatran|Heatran, M, tera:Bug|39\/100 brn\n|move|p1a: Dondozo|Liquidation|p2a: Heatran\n|-damage|p2a: Heatran|14\/100 brn\n|\n|-heal|p2a: Heatran|65\/100 brn|[from] move: Wish|[wisher] Clefable-Hisui\n|-damage|p2a: Heatran|59\/100 brn|[from] brn\n|upkeep\n|turn|64\n|c| Najirs|cute\n|inactive|nepherae has 210 seconds left.\n|\n|t:|1700565565\n|switch|p2a: Ogerpon|Ogerpon-Wellspring, F|100\/100\n|move|p1a: Dondozo|Protect||[still]\n|-fail|p1a: Dondozo\n|\n|upkeep\n|turn|65\n|c| plasma_fistem|64 turns 11\/12\n|c| plasma_fistem|wow\n|c| Najirs|lollll\n|inactive|nepherae has 210 seconds left.\n|\n|t:|1700565584\n|switch|p1a: Lopunny|Lopunny-Mega, M|100\/100\n|move|p2a: Ogerpon|Swords Dance|p2a: Ogerpon\n|-boost|p2a: Ogerpon|atk|2\n|\n|upkeep\n|turn|66\n|c| Najirs|i feell like half the match is over\n|\n|t:|1700565601\n|switch|p2a: Volcarona|Volcarona, M|100\/100\n|move|p1a: Lopunny|Fake Out|p2a: Volcarona\n|-crit|p2a: Volcarona\n|-damage|p2a: Volcarona|70\/100\n|\n|upkeep\n|turn|67\n|c| plasma_fistem|interesting\n|c| Najirs|cuz pex is gone\n|\n|t:|1700565613\n|switch|p1a: Gliscor|Gliscor, F|100\/100 tox\n|move|p2a: Volcarona|Roost|p2a: Volcarona\n|-heal|p2a: Volcarona|100\/100\n|-singleturn|p2a: Volcarona|move: Roost\n|\n|upkeep\n|turn|68\n|\n|t:|1700565628\n|move|p2a: Volcarona|Quiver Dance|p2a: Volcarona\n|-boost|p2a: Volcarona|spa|1\n|-boost|p2a: Volcarona|spd|1\n|-boost|p2a: Volcarona|spe|1\n|move|p1a: Gliscor|Facade|p2a: Volcarona\n|-damage|p2a: Volcarona|73\/100\n|\n|upkeep\n|turn|69\n|c| Najirs|weird but okay\n|\n|t:|1700565642\n|move|p2a: Volcarona|Fiery Dance|p1a: Gliscor\n|-damage|p1a: Gliscor|54\/100 tox\n|-boost|p2a: Volcarona|spa|1\n|move|p1a: Gliscor|Earthquake|p2a: Volcarona\n|-damage|p2a: Volcarona|41\/100\n|\n|-heal|p1a: Gliscor|67\/100 tox|[from] ability: Poison Heal\n|upkeep\n|turn|70\n|c| etherlords|I fell asleep and woke up nothing has changed\n|c| Najirs|niceeeeeee\n|\n|t:|1700565656\n|switch|p1a: Dondozo|Dondozo, M|100\/100\n|move|p2a: Volcarona|Fiery Dance|p1a: Dondozo\n|-resisted|p1a: Dondozo\n|-damage|p1a: Dondozo|89\/100\n|-boost|p2a: Volcarona|spa|1\n|\n|-heal|p1a: Dondozo|95\/100|[from] item: Leftovers\n|upkeep\n|turn|71\n|c| Najirs|sad\n|c|\u2606DeathRayKPK|nice 2.5x SpA\n|c|\u2606DeathRayKPK|lessgo\n|\n|t:|1700565673\n|switch|p2a: Ogerpon|Ogerpon-Wellspring, F|100\/100\n|switch|p1a: Lopunny|Lopunny-Mega, M|100\/100\n|\n|upkeep\n|turn|72\n|inactive|nepherae has 240 seconds left.\n|c| plasma_fistem|nice reads\n|\n|t:|1700565686\n|switch|p2a: Clefable-Hisui|Clefable, F, shiny|77\/100\n|move|p1a: Lopunny|Return|p2a: Clefable-Hisui\n|-damage|p2a: Clefable-Hisui|38\/100\n|\n|-heal|p2a: Clefable-Hisui|44\/100|[from] item: Leftovers\n|upkeep\n|turn|73\n|c| Najirs|agreed\n|inactive|nepherae has 240 seconds left.\n|c| plasma_fistem|what the fu\n|c| etherlords|yup good one neph\n|c| Najirs|okay maybe kinda bad move, but still cool ngl\n|\n|t:|1700565721\n|move|p2a: Clefable-Hisui|Protect|p2a: Clefable-Hisui\n|-singleturn|p2a: Clefable-Hisui|Protect\n|move|p1a: Lopunny|Return|p2a: Clefable-Hisui\n|-activate|p2a: Clefable-Hisui|move: Protect\n|\n|-heal|p2a: Clefable-Hisui|50\/100|[from] item: Leftovers\n|upkeep\n|turn|74\n|c| Najirs|not bad\n|\n|t:|1700565731\n|switch|p1a: Gliscor|Gliscor, F|67\/100 tox\n|move|p2a: Clefable-Hisui|Wish|p2a: Clefable-Hisui\n|\n|-heal|p2a: Clefable-Hisui|56\/100|[from] item: Leftovers\n|-heal|p1a: Gliscor|79\/100 tox|[from] ability: Poison Heal\n|upkeep\n|turn|75\n|\n|t:|1700565742\n|move|p1a: Gliscor|Swords Dance|p1a: Gliscor\n|-boost|p1a: Gliscor|atk|2\n|move|p2a: Clefable-Hisui|Ice Beam|p1a: Gliscor\n|-supereffective|p1a: Gliscor\n|-damage|p1a: Gliscor|13\/100 tox\n|\n|-heal|p2a: Clefable-Hisui|100\/100|[from] move: Wish|[wisher] Clefable-Hisui\n|-heal|p1a: Gliscor|26\/100 tox|[from] ability: Poison Heal\n|upkeep\n|turn|76\n|c| Najirs|beautiful switch\n|c| Najirs|oh no\n|c| Najirs|yooooooooooooooooooooooo\n|c| Najirs|nice\n|\n|t:|1700565754\n|move|p1a: Gliscor|Roost|p1a: Gliscor\n|-heal|p1a: Gliscor|76\/100 tox\n|-singleturn|p1a: Gliscor|move: Roost\n|move|p2a: Clefable-Hisui|Ice Beam|p1a: Gliscor\n|-supereffective|p1a: Gliscor\n|-damage|p1a: Gliscor|42\/100 tox\n|\n|-heal|p1a: Gliscor|55\/100 tox|[from] ability: Poison Heal\n|upkeep\n|turn|77\n|c| Najirs|tragic\n|\n|t:|1700565764\n|switch|p1a: Scream Tail|Scream Tail|100\/100\n|move|p2a: Clefable-Hisui|Ice Beam|p1a: Scream Tail\n|-damage|p1a: Scream Tail|88\/100\n|\n|-heal|p1a: Scream Tail|94\/100|[from] item: Leftovers\n|upkeep\n|turn|78\n|\n|t:|1700565774\n|switch|p2a: Heatran|Heatran, M, tera:Bug|59\/100 brn\n|move|p1a: Scream Tail|Dazzling Gleam|p2a: Heatran\n|-damage|p2a: Heatran|46\/100 brn\n|\n|-heal|p1a: Scream Tail|100\/100|[from] item: Leftovers\n|-damage|p2a: Heatran|40\/100 brn|[from] brn\n|upkeep\n|turn|79\n|c| plasma_fistem|dont burn all of those pp\n|c| Najirs|value your 10 pp\n|c| Najirs|heatran's burn and knock off hurts\n|inactive|DeathRayKPK has 150 seconds left.\n|c| Najirs|pex laughing from beyond the grave\n|\n|t:|1700565801\n|move|p1a: Scream Tail|Protect|p1a: Scream Tail\n|-singleturn|p1a: Scream Tail|Protect\n|move|p2a: Heatran|Magma Storm|p1a: Scream Tail\n|-activate|p1a: Scream Tail|move: Protect\n|\n|-damage|p2a: Heatran|33\/100 brn|[from] brn\n|upkeep\n|turn|80\n|c|\u2606DeathRayKPK|keep forgetting that\n|\n|t:|1700565814\n|switch|p2a: Ogerpon|Ogerpon-Wellspring, F|100\/100\n|move|p1a: Scream Tail|Dazzling Gleam|p2a: Ogerpon\n|-damage|p2a: Ogerpon|76\/100\n|\n|upkeep\n|turn|81\n|inactive|DeathRayKPK has 150 seconds left.\n|\n|t:|1700565831\n|move|p2a: Ogerpon|Horn Leech|p1a: Scream Tail\n|-damage|p1a: Scream Tail|67\/100\n|-heal|p2a: Ogerpon|99\/100|[from] drain|[of] p1a: Scream Tail\n|move|p1a: Scream Tail|Encore|p2a: Ogerpon\n|-start|p2a: Ogerpon|Encore\n|\n|-heal|p1a: Scream Tail|74\/100|[from] item: Leftovers\n|upkeep\n|turn|82\n|c| Najirs|cool\n|\n|t:|1700565840\n|move|p2a: Ogerpon|Horn Leech|p1a: Scream Tail\n|-damage|p1a: Scream Tail|37\/100\n|-heal|p2a: Ogerpon|100\/100|[from] drain|[of] p1a: Scream Tail\n|move|p1a: Scream Tail|Wish|p1a: Scream Tail\n|\n|-heal|p1a: Scream Tail|43\/100|[from] item: Leftovers\n|upkeep\n|turn|83\n|c| Najirs|thank god you didn't swords dance\n|\n|t:|1700565866\n|move|p1a: Scream Tail|Protect|p1a: Scream Tail\n|-singleturn|p1a: Scream Tail|Protect\n|move|p2a: Ogerpon|Horn Leech|p1a: Scream Tail\n|-activate|p1a: Scream Tail|move: Protect\n|\n|-heal|p1a: Scream Tail|93\/100|[from] move: Wish|[wisher] Scream Tail\n|-heal|p1a: Scream Tail|99\/100|[from] item: Leftovers\n|upkeep\n|turn|84\n|c| Najirs|pretty fucking smart kousthub\n|\n|t:|1700565880\n|switch|p2a: Volcarona|Volcarona, M|41\/100\n|move|p1a: Scream Tail|Wish|p1a: Scream Tail\n|\n|-heal|p1a: Scream Tail|100\/100|[from] item: Leftovers\n|upkeep\n|turn|85\n|c| Najirs|sad that horn leech pp is dying\n|\n|t:|1700565889\n|-end|p1a: Scream Tail|Protosynthesis|[silent]\n|switch|p1a: Gliscor|Gliscor, F|55\/100 tox\n|move|p2a: Volcarona|Roost|p2a: Volcarona\n|-heal|p2a: Volcarona|91\/100\n|-singleturn|p2a: Volcarona|move: Roost\n|\n|-heal|p1a: Gliscor|100\/100 tox|[from] move: Wish|[wisher] Scream Tail\n|upkeep\n|turn|86\n|c| plasma_fistem|frick\n|c| Najirs|decently good move\n|inactive|DeathRayKPK has 150 seconds left.\n|c|\u2606nepherae|can we make it\n|c|\u2606nepherae|to four digits\n|\n|t:|1700565915\n|move|p2a: Volcarona|Fiery Dance|p1a: Gliscor\n|-damage|p1a: Gliscor|72\/100 tox\n|-boost|p2a: Volcarona|spa|1\n|move|p1a: Gliscor|Swords Dance|p1a: Gliscor\n|-boost|p1a: Gliscor|atk|2\n|\n|-heal|p1a: Gliscor|84\/100 tox|[from] ability: Poison Heal\n|upkeep\n|turn|87\n|inactive|DeathRayKPK has 150 seconds left.\n|c| Najirs|actually there's a cap at 500 turns now btw\n|\n|t:|1700565925\n|switch|p2a: Clefable-Hisui|Clefable, F, shiny|100\/100\n|move|p1a: Gliscor|Facade|p2a: Clefable-Hisui\n|-damage|p2a: Clefable-Hisui|78\/100\n|\n|-heal|p2a: Clefable-Hisui|84\/100|[from] item: Leftovers\n|-heal|p1a: Gliscor|97\/100 tox|[from] ability: Poison Heal\n|upkeep\n|turn|88\n|inactive|DeathRayKPK has 150 seconds left.\n|\n|t:|1700565942\n|switch|p1a: Scream Tail|Scream Tail|100\/100\n|move|p2a: Clefable-Hisui|Moonblast|p1a: Scream Tail\n|-damage|p1a: Scream Tail|79\/100\n|\n|-heal|p1a: Scream Tail|85\/100|[from] item: Leftovers\n|-heal|p2a: Clefable-Hisui|90\/100|[from] item: Leftovers\n|upkeep\n|turn|89\n|c| plasma_fistem|aargh its been 22 min\n|inactive|nepherae has 270 seconds left.\n|c| Najirs|lmaoooo\n|\n|t:|1700565963\n|-end|p1a: Scream Tail|Protosynthesis|[silent]\n|switch|p1a: Gliscor|Gliscor, F|97\/100 tox\n|switch|p2a: Garganacl|Garganacl, M|86\/100\n|\n|-heal|p1a: Gliscor|100\/100 tox|[from] ability: Poison Heal\n|upkeep\n|turn|90\n|\n|t:|1700565983\n|switch|p2a: Clefable-Hisui|Clefable, F, shiny|90\/100\n|move|p1a: Gliscor|Swords Dance|p1a: Gliscor\n|-boost|p1a: Gliscor|atk|2\n|\n|-heal|p2a: Clefable-Hisui|96\/100|[from] item: Leftovers\n|upkeep\n|turn|91\n|c| Najirs|beautiful\n|c| plasma_fistem|91\n|\n|t:|1700565994\n|switch|p1a: Scream Tail|Scream Tail|85\/100\n|move|p2a: Clefable-Hisui|Moonblast|p1a: Scream Tail\n|-damage|p1a: Scream Tail|66\/100\n|\n|-heal|p1a: Scream Tail|72\/100|[from] item: Leftovers\n|-heal|p2a: Clefable-Hisui|100\/100|[from] item: Leftovers\n|upkeep\n|turn|92\n|inactive|nepherae has 270 seconds left.\n|c| Najirs|I'm dyin rn\n|\n|t:|1700566007\n|switch|p2a: Ogerpon|Ogerpon-Wellspring, F|100\/100\n|move|p1a: Scream Tail|Wish|p1a: Scream Tail\n|\n|-heal|p1a: Scream Tail|78\/100|[from] item: Leftovers\n|upkeep\n|turn|93\n|inactive|nepherae has 270 seconds left.\n|c| Najirs|kou try to recover your timer\n|\n|t:|1700566016\n|-end|p1a: Scream Tail|Protosynthesis|[silent]\n|switch|p1a: Lopunny|Lopunny-Mega, M|100\/100\n|move|p2a: Ogerpon|Knock Off|p1a: Lopunny\n|-resisted|p1a: Lopunny\n|-damage|p1a: Lopunny|82\/100\n|\n|-heal|p1a: Lopunny|100\/100|[from] move: Wish|[wisher] Scream Tail\n|upkeep\n|turn|94\n|c| Najirs|ah nice try\n|inactive|nepherae has 270 seconds left.\n|\n|t:|1700566030\n|switch|p2a: Volcarona|Volcarona, M|91\/100\n|move|p1a: Lopunny|Fake Out|p2a: Volcarona\n|-damage|p2a: Volcarona|71\/100\n|\n|upkeep\n|turn|95\n|c| Najirs|dammit\n|c| plasma_fistem|nice try\n|c| Najirs|keep at it\n|inactive|DeathRayKPK has 120 seconds left.\n|c| Najirs|and one day...\n|\n|t:|1700566052\n|switch|p1a: Gliscor|Gliscor, F|100\/100 tox\n|move|p2a: Volcarona|Roost|p2a: Volcarona\n|-heal|p2a: Volcarona|100\/100\n|-singleturn|p2a: Volcarona|move: Roost\n|\n|upkeep\n|turn|96\n|c| Najirs|one day...\n|c| Najirs|noooooooooo\n|c| plasma_fistem|man\n|c|\u2606DeathRayKPK|mb\n|c| plasma_fistem|unnecessary\n|\n|t:|1700566063\n|switch|p2a: Clefable-Hisui|Clefable, F, shiny|100\/100\n|move|p1a: Gliscor|Facade|p2a: Clefable-Hisui\n|-damage|p2a: Clefable-Hisui|77\/100\n|\n|-heal|p2a: Clefable-Hisui|83\/100|[from] item: Leftovers\n|upkeep\n|turn|97\n|c| Najirs|ah okay\n|inactive|DeathRayKPK has 120 seconds left.\n|\n|t:|1700566079\n|switch|p1a: Dondozo|Dondozo, M|95\/100\n|move|p2a: Clefable-Hisui|Ice Beam|p1a: Dondozo\n|-resisted|p1a: Dondozo\n|-damage|p1a: Dondozo|88\/100\n|\n|-heal|p2a: Clefable-Hisui|90\/100|[from] item: Leftovers\n|-heal|p1a: Dondozo|95\/100|[from] item: Leftovers\n|upkeep\n|turn|98\n|inactive|DeathRayKPK has 120 seconds left.\n|c| plasma_fistem|might wanna use this time for recovering something else\n|\n|t:|1700566103\n|switch|p2a: Ogerpon|Ogerpon-Wellspring, F|100\/100\n|switch|p1a: Gliscor|Gliscor, F|100\/100 tox\n|\n|upkeep\n|turn|99\n|c| Najirs|go for it\n|inactive|nepherae has 270 seconds left.\n|c| Najirs|watch timer pls\n|c|\u2606DeathRayKPK|gotchu\n|inactive|nepherae has 240 seconds left.\n|\n|t:|1700566150\n|switch|p1a: Dondozo|Dondozo, M|95\/100\n|move|p2a: Ogerpon|Ivy Cudgel|p1a: Dondozo|[anim] Ivy Cudgel Water\n|-resisted|p1a: Dondozo\n|-damage|p1a: Dondozo|75\/100\n|\n|-heal|p1a: Dondozo|82\/100|[from] item: Leftovers\n|upkeep\n|turn|100\n|c|\u2606nepherae|got what\n|inactive|nepherae has 240 seconds left.\n|c| Najirs|got the timer\n|c| plasma_fistem|100\n|c| plasma_fistem|lezgo\n|c| Najirs|lezgo to 200\n|\n|t:|1700566171\n|move|p1a: Dondozo|Protect|p1a: Dondozo\n|-singleturn|p1a: Dondozo|Protect\n|move|p2a: Ogerpon|Knock Off|p1a: Dondozo\n|-activate|p1a: Dondozo|move: Protect\n|\n|-heal|p1a: Dondozo|88\/100|[from] item: Leftovers\n|upkeep\n|turn|101\n|\n|t:|1700566185\n|move|p2a: Ogerpon|Knock Off|p1a: Dondozo\n|-damage|p1a: Dondozo|63\/100\n|-enditem|p1a: Dondozo|Leftovers|[from] move: Knock Off|[of] p2a: Ogerpon\n|move|p1a: Dondozo|Curse|p1a: Dondozo\n|-unboost|p1a: Dondozo|spe|1\n|-boost|p1a: Dondozo|atk|1\n|-boost|p1a: Dondozo|def|1\n|\n|upkeep\n|turn|102\n|c| Najirs|lessgoooooooo\n|inactive|DeathRayKPK has 120 seconds left.\n|c|\u2606DeathRayKPK|oh no\n|\n|t:|1700566200\n|move|p2a: Ogerpon|Horn Leech|p1a: Dondozo\n|-supereffective|p1a: Dondozo\n|-damage|p1a: Dondozo|30\/100\n|move|p1a: Dondozo|Rest|p1a: Dondozo\n|-status|p1a: Dondozo|slp|[from] move: Rest\n|-heal|p1a: Dondozo|100\/100 slp|[silent]\n|\n|upkeep\n|turn|103\n|inactive|nepherae has 240 seconds left.\n|inactive|DeathRayKPK has 120 seconds left.\n|\n|t:|1700566216\n|cant|p1a: Dondozo|slp\n|move|p2a: Ogerpon|Swords Dance|p2a: Ogerpon\n|-boost|p2a: Ogerpon|atk|2\n|\n|upkeep\n|turn|104\n|c| Najirs|this is what you prepared for\n|c| Najirs|noooooooooooooooooooooooooooooo\n|c| plasma_fistem|man\n|inactive|DeathRayKPK has 120 seconds left.\n|\n|t:|1700566229\n|move|p2a: Ogerpon|Swords Dance|p2a: Ogerpon\n|-boost|p2a: Ogerpon|atk|2\n|cant|p1a: Dondozo|slp\n|\n|upkeep\n|turn|105\n|c| Najirs|bro what\n|inactive|nepherae has 240 seconds left.\n|c|\u2606nepherae|uh\n|c| plasma_fistem|MAN\n|c| Najirs|bro stop this\n|\n|t:|1700566241\n|move|p2a: Ogerpon|Swords Dance|p2a: Ogerpon\n|-boost|p2a: Ogerpon|atk|2\n|-curestatus|p1a: Dondozo|slp|[msg]\n|move|p1a: Dondozo|Curse|p1a: Dondozo\n|-unboost|p1a: Dondozo|spe|1\n|-boost|p1a: Dondozo|atk|1\n|-boost|p1a: Dondozo|def|1\n|\n|upkeep\n|turn|106\n|c| plasma_fistem|let him cook\n|inactive|nepherae has 240 seconds left.\n|c|\u2606DeathRayKPK|ik\n|\n|t:|1700566258\n|move|p2a: Ogerpon|Horn Leech|p1a: Dondozo\n|-supereffective|p1a: Dondozo\n|-damage|p1a: Dondozo|74\/100\n|move|p1a: Dondozo|Curse|p1a: Dondozo\n|-unboost|p1a: Dondozo|spe|1\n|-boost|p1a: Dondozo|atk|1\n|-boost|p1a: Dondozo|def|1\n|\n|upkeep\n|turn|107\n|c| plasma_fistem|nah hes burning the kitchen down all right\n|c| Najirs|I think he neglected curse\n|c|\u2606DeathRayKPK|no ik the curse\n|inactive|DeathRayKPK has 120 seconds left.\n|c| Najirs|okay knock off is off\n|\n|t:|1700566284\n|move|p2a: Ogerpon|Ivy Cudgel|p1a: Dondozo|[anim] Ivy Cudgel Water\n|-resisted|p1a: Dondozo\n|-crit|p1a: Dondozo\n|-damage|p1a: Dondozo|46\/100\n|move|p1a: Dondozo|Curse|p1a: Dondozo\n|-unboost|p1a: Dondozo|spe|1\n|-boost|p1a: Dondozo|atk|1\n|-boost|p1a: Dondozo|def|1\n|\n|upkeep\n|turn|108\n|c|\u2606nepherae|i may have an idea of what he's attempting\n|c|\u2606nepherae|but\n|c| Najirs|so let's see what happens\n|c| plasma_fistem|oo\n|c| plasma_fistem|OO\n|\n|t:|1700566294\n|move|p2a: Ogerpon|Horn Leech|p1a: Dondozo\n|-supereffective|p1a: Dondozo\n|-damage|p1a: Dondozo|27\/100\n|move|p1a: Dondozo|Rest|p1a: Dondozo\n|-status|p1a: Dondozo|slp|[from] move: Rest\n|-heal|p1a: Dondozo|100\/100 slp|[silent]\n|\n|upkeep\n|turn|109\n|inactive|nepherae has 240 seconds left.\n|\n|t:|1700566303\n|cant|p1a: Dondozo|slp\n|move|p2a: Ogerpon|Knock Off|p1a: Dondozo\n|-damage|p1a: Dondozo|96\/100 slp\n|\n|upkeep\n|turn|110\n|c| plasma_fistem|LET. HIM. COOK\n|inactive|DeathRayKPK has 120 seconds left.\n|c| Najirs|at least pp is reducing\n|c|\u2606nepherae|i'm sleeping fam\n|\n|t:|1700566318\n|cant|p1a: Dondozo|slp\n|move|p2a: Ogerpon|Knock Off|p1a: Dondozo\n|-damage|p1a: Dondozo|91\/100 slp\n|\n|upkeep\n|turn|111\n|c| plasma_fistem|nah dont let him cook\n|\n|t:|1700566331\n|move|p2a: Ogerpon|Knock Off|p1a: Dondozo\n|-damage|p1a: Dondozo|85\/100 slp\n|-curestatus|p1a: Dondozo|slp|[msg]\n|move|p1a: Dondozo|Curse|p1a: Dondozo\n|-unboost|p1a: Dondozo|spe|1\n|-boost|p1a: Dondozo|atk|1\n|-boost|p1a: Dondozo|def|1\n|\n|upkeep\n|turn|112\n|c|\u2606DeathRayKPK|Shreyas told me to freely SD\n|c| Najirs|lollllllll\n|c|\u2606DeathRayKPK|off dozo\n|\n|t:|1700566342\n|move|p2a: Ogerpon|Knock Off|p1a: Dondozo\n|-damage|p1a: Dondozo|81\/100\n|move|p1a: Dondozo|Liquidation|p2a: Ogerpon\n|-immune|p2a: Ogerpon|[from] ability: Water Absorb\n|\n|upkeep\n|turn|113\n|c|\u2606nepherae|shreyas the stall agent\n|\n|t:|1700566356\n|move|p2a: Ogerpon|Swords Dance|p2a: Ogerpon\n|-boost|p2a: Ogerpon|atk|0\n|move|p1a: Dondozo|Liquidation|p2a: Ogerpon\n|-immune|p2a: Ogerpon|[from] ability: Water Absorb\n|\n|upkeep\n|turn|114\n|c| plasma_fistem|yeah but its doing jackshit unless oyi can ignore the def boosts\n|c| plasma_fistem|wtf\n|c| etherlords|ogerpon has way more pp than dondozo\n|c| Najirs|we gonna be here for a while\n|inactive|nepherae has 240 seconds left.\n|c| Najirs|even with rest?\n|c|\u2606DeathRayKPK|he gets 16 curses\n|\n|t:|1700566398\n|-terastallize|p1a: Dondozo|Dragon\n|move|p2a: Ogerpon|Knock Off|p1a: Dondozo\n|-damage|p1a: Dondozo|76\/100\n|move|p1a: Dondozo|Liquidation|p2a: Ogerpon\n|-immune|p2a: Ogerpon|[from] ability: Water Absorb\n|\n|upkeep\n|turn|115\n|c| Najirs|okay continue swords dancing ig\n|c|\u2606DeathRayKPK|I get more SDs\n|c| Najirs|lmaoooo\n|c| etherlords|yup\n|c| Najirs|this man terastallized\n|c| Najirs|hilas\n|\n|t:|1700566411\n|move|p2a: Ogerpon|Knock Off|p1a: Dondozo\n|-damage|p1a: Dondozo|72\/100\n|move|p1a: Dondozo|Curse|p1a: Dondozo\n|-unboost|p1a: Dondozo|spe|1\n|-boost|p1a: Dondozo|atk|1\n|-boost|p1a: Dondozo|def|1\n|\n|upkeep\n|turn|116\n|c| Najirs|maybe stop knocking off and continue swords dancing\n|\n|t:|1700566427\n|move|p2a: Ogerpon|Swords Dance|p2a: Ogerpon\n|-boost|p2a: Ogerpon|atk|0\n|move|p1a: Dondozo|Rest|p1a: Dondozo\n|-status|p1a: Dondozo|slp|[from] move: Rest\n|-heal|p1a: Dondozo|100\/100 slp|[silent]\n|\n|upkeep\n|turn|117\n|c| Najirs|beaut\n|\n|t:|1700566438\n|switch|p2a: Clefable-Hisui|Clefable, F, shiny|90\/100\n|cant|p1a: Dondozo|slp\n|\n|-heal|p2a: Clefable-Hisui|96\/100|[from] item: Leftovers\n|upkeep\n|turn|118\n|c| Najirs|wasted rest\n|c| plasma_fistem|stall ogerpon\n|c| etherlords|perfect\n|inactive|nepherae has 240 seconds left.\n|\n|t:|1700566457\n|switch|p1a: Scream Tail|Scream Tail|78\/100\n|move|p2a: Clefable-Hisui|Moonblast|p1a: Scream Tail\n|-damage|p1a: Scream Tail|56\/100\n|\n|-heal|p1a: Scream Tail|62\/100|[from] item: Leftovers\n|-heal|p2a: Clefable-Hisui|100\/100|[from] item: Leftovers\n|upkeep\n|turn|119\n|inactive|nepherae has 240 seconds left.\n|\n|t:|1700566472\n|-end|p1a: Scream Tail|Protosynthesis|[silent]\n|switch|p1a: Gliscor|Gliscor, F|100\/100 tox\n|switch|p2a: Garganacl|Garganacl, M|86\/100\n|\n|upkeep\n|turn|120\n|c| plasma_fistem|try recovering more hp\n|c| etherlords|repeat this formula on dondozo whenever it comes out\n|inactive|nepherae has 240 seconds left.\n|\n|t:|1700566495\n|switch|p2a: Clefable-Hisui|Clefable, F, shiny|100\/100\n|move|p1a: Gliscor|Facade|p2a: Clefable-Hisui\n|-damage|p2a: Clefable-Hisui|75\/100\n|\n|-heal|p2a: Clefable-Hisui|81\/100|[from] item: Leftovers\n|upkeep\n|turn|121\n|c| etherlords|wish heal ur heatran when possible ig\n|c| plasma_fistem|yea\n|\n|t:|1700566514\n|switch|p1a: Scream Tail|Scream Tail|62\/100\n|move|p2a: Clefable-Hisui|Ice Beam|p1a: Scream Tail\n|-damage|p1a: Scream Tail|48\/100\n|-status|p1a: Scream Tail|frz\n|\n|-heal|p1a: Scream Tail|54\/100 frz|[from] item: Leftovers\n|-heal|p2a: Clefable-Hisui|87\/100|[from] item: Leftovers\n|upkeep\n|turn|122\n|inactive|nepherae has 240 seconds left.\n|c| plasma_fistem|lol\n|\n|t:|1700566527\n|switch|p2a: Ogerpon|Ogerpon-Wellspring, F|100\/100\n|cant|p1a: Scream Tail|frz\n|\n|-heal|p1a: Scream Tail|61\/100 frz|[from] item: Leftovers\n|upkeep\n|turn|123\n|c| plasma_fistem|big\n|\n|t:|1700566537\n|-end|p1a: Scream Tail|Protosynthesis|[silent]\n|switch|p1a: Lopunny|Lopunny-Mega, M|100\/100\n|move|p2a: Ogerpon|Knock Off|p1a: Lopunny\n|-resisted|p1a: Lopunny\n|-damage|p1a: Lopunny|84\/100\n|\n|upkeep\n|turn|124\n|c| etherlords|y?\n|\n|t:|1700566545\n|switch|p2a: Volcarona|Volcarona, M|100\/100\n|move|p1a: Lopunny|Return|p2a: Volcarona\n|-damage|p2a: Volcarona|51\/100\n|-status|p1a: Lopunny|brn|[from] ability: Flame Body|[of] p2a: Volcarona\n|\n|-damage|p1a: Lopunny|78\/100 brn|[from] brn\n|upkeep\n|turn|125\n|inactive|DeathRayKPK has 120 seconds left.\n|c|\u2606DeathRayKPK|phew\n|c| plasma_fistem|BIG\n|c| etherlords|cudgel moment\n|\n|t:|1700566570\n|switch|p1a: Great Tusk|Great Tusk|100\/100\n|move|p2a: Volcarona|Psychic|p1a: Great Tusk\n|-supereffective|p1a: Great Tusk\n|-damage|p1a: Great Tusk|36\/100\n|\n|-heal|p1a: Great Tusk|43\/100|[from] item: Leftovers\n|upkeep\n|turn|126\n|c|\u2606DeathRayKPK|goodbye\n|c| plasma_fistem|BIGGER\n|c| etherlords|nice\n|\n|t:|1700566587\n|-end|p1a: Great Tusk|Protosynthesis|[silent]\n|switch|p1a: Gliscor|Gliscor, F|100\/100 tox\n|move|p2a: Volcarona|Psychic|p1a: Gliscor\n|-damage|p1a: Gliscor|77\/100 tox\n|\n|-heal|p1a: Gliscor|90\/100 tox|[from] ability: Poison Heal\n|upkeep\n|turn|127\n|inactive|DeathRayKPK has 90 seconds left.\n|\n|t:|1700566608\n|switch|p2a: Clefable-Hisui|Clefable, F, shiny|87\/100\n|switch|p1a: Scream Tail|Scream Tail|61\/100 frz\n|\n|-heal|p1a: Scream Tail|67\/100 frz|[from] item: Leftovers\n|-heal|p2a: Clefable-Hisui|93\/100|[from] item: Leftovers\n|upkeep\n|turn|128\n|\n|t:|1700566617\n|switch|p2a: Ogerpon|Ogerpon-Wellspring, F|100\/100\n|-curestatus|p1a: Scream Tail|frz|[msg]\n|move|p1a: Scream Tail|Wish|p1a: Scream Tail\n|\n|-heal|p1a: Scream Tail|73\/100|[from] item: Leftovers\n|upkeep\n|turn|129\n|\n|t:|1700566626\n|move|p2a: Ogerpon|Ivy Cudgel|p1a: Scream Tail|[anim] Ivy Cudgel Water\n|-crit|p1a: Scream Tail\n|-damage|p1a: Scream Tail|7\/100\n|move|p1a: Scream Tail|Dazzling Gleam|p2a: Ogerpon\n|-crit|p2a: Ogerpon\n|-damage|p2a: Ogerpon|64\/100\n|\n|-heal|p1a: Scream Tail|57\/100|[from] move: Wish|[wisher] Scream Tail\n|-heal|p1a: Scream Tail|64\/100|[from] item: Leftovers\n|upkeep\n|turn|130\n|inactive|nepherae has 270 seconds left.\n|\n|t:|1700566635\n|move|p2a: Ogerpon|Horn Leech|p1a: Scream Tail\n|-damage|p1a: Scream Tail|27\/100\n|-heal|p2a: Ogerpon|90\/100|[from] drain|[of] p1a: Scream Tail\n|move|p1a: Scream Tail|Wish|p1a: Scream Tail\n|\n|-heal|p1a: Scream Tail|33\/100|[from] item: Leftovers\n|upkeep\n|turn|131\n|\n|t:|1700566650\n|move|p2a: Ogerpon|Ivy Cudgel|p1a: Scream Tail|[anim] Ivy Cudgel Water\n|-damage|p1a: Scream Tail|0 fnt\n|faint|p1a: Scream Tail\n|-end|p1a: Scream Tail|Protosynthesis|[silent]\n|\n|upkeep\n|c|\u2606nepherae|unlucky\n|c| etherlords|noice\n|inactive|nepherae has 270 seconds left.\n|c| etherlords|y no protect?\n|c|\u2606DeathRayKPK|thought he would\n|c|\u2606nepherae|he might try to sd\n|c|\u2606DeathRayKPK|was thinking of SD-ing\n|c|\u2606nepherae|and honestly i really have no opportuniites to break through\n|c|\u2606nepherae|may as well try to get any chance\n|inactive|nepherae has 240 seconds left.\n|c|\u2606nepherae|anyways no need to keep this going any longer, 131 is a fine number\n|c|\u2606nepherae|ggs\n|c| etherlords|wall ogerpon man of the match who would have thought\n|c|\u2606DeathRayKPK|gg damn\n|-message|nepherae forfeited.\n|\n|win|DeathRayKPK\n|c|\u2606DeathRayKPK|phew\n|c|\u2606DeathRayKPK|gg\n|l|\u2606nepherae\n|c| plasma_fistem|holy shit\n|c| Najirs|bruh\n|c| Najirs|I was looking forward to a longer match\n|c| Najirs|We should have set records\n","uploadtime":1700566732,"views":13,"p1id":"nepherae","p2id":"deathraykpk","formatid":"gen9nationaldex","rating":0,"private":0,"password":""}