{"id":"gen9nationaldex-1997305602","p1":"OffenseClub","p2":"AMNS666","format":"[Gen 9] National Dex","log":"|html|<div class=\"broadcast-blue\"><strong>[Gen 9] National Dex is currently suspecting Sneasler! For information on how to participate check out the <a href=\"https:\/\/www.smogon.com\/forums\/threads\/sv-national-dex-suspect-8-just-dance.3731534\/\">suspect thread<\/a>.<\/strong><\/div>\n|j|\u2606OffenseClub\n|j|\u2606AMNS666\n|t:|1700787171\n|gametype|singles\n|player|p1|OffenseClub|candice|1610\n|player|p2|AMNS666|cynthia|1519\n|teamsize|p1|6\n|teamsize|p2|6\n|gen|9\n|tier|[Gen 9] National Dex\n|rated|\n|rule|HP Percentage Mod: HP is shown in percentages\n|rule|Endless Battle Clause: Forcing endless battles is banned\n|rule|OHKO Clause: OHKO moves are banned\n|rule|Evasion Clause: Evasion abilities, items, and moves are banned\n|rule|Evasion Abilities Clause: Evasion abilities are banned\n|rule|Evasion Items Clause: Evasion items are banned\n|rule|Evasion Moves Clause: Evasion moves are banned\n|rule|Species Clause: Limit one of each Pok\u00e9mon\n|rule|Sleep Clause Mod: Limit one foe put to sleep\n|clearpoke\n|poke|p1|Latios, M|\n|poke|p1|Ninetales-Alola, F|\n|poke|p1|Ting-Lu|\n|poke|p1|Ogerpon-Wellspring, F|\n|poke|p1|Kyurem|\n|poke|p1|Corviknight, F|\n|poke|p2|Banette, M|\n|poke|p2|Ogerpon-Wellspring, F|\n|poke|p2|Heatran, M|\n|poke|p2|Zapdos|\n|poke|p2|Iron Valiant|\n|poke|p2|Garchomp, M|\n|teampreview\n|inactive|Battle timer is ON: inactive players will automatically lose when time's up. (requested by AMNS666)\n|inactive|OffenseClub also wants the timer to be on.\n|\n|t:|1700787183\n|start\n|switch|p1a: Ninetales|Ninetales-Alola, F, shiny|100\/100\n|switch|p2a: Zapdos|Zapdos|100\/100\n|-weather|Snow|[from] ability: Snow Warning|[of] p1a: Ninetales\n|turn|1\n|\n|t:|1700787187\n|switch|p2a: Heatran|Heatran, M|100\/100\n|move|p1a: Ninetales|Aurora Veil|p1a: Ninetales\n|-sidestart|p1: OffenseClub|move: Aurora Veil\n|\n|-weather|Snow|[upkeep]\n|upkeep\n|turn|2\n|\n|t:|1700787201\n|switch|p1a: Latios|Latios, M|100\/100\n|move|p2a: Heatran|Magma Storm|p1a: Latios\n|-resisted|p1a: Latios\n|-damage|p1a: Latios|89\/100\n|-activate|p1a: Latios|move: Magma Storm|[of] p2a: Heatran\n|\n|-weather|Snow|[upkeep]\n|-damage|p1a: Latios|76\/100|[from] move: Magma Storm|[partiallytrapped]\n|upkeep\n|turn|3\n|\n|t:|1700787207\n|detailschange|p1a: Latios|Latios-Mega, M\n|-mega|p1a: Latios|Latios|Latiosite\n|move|p1a: Latios|Earthquake|p2a: Heatran\n|-supereffective|p2a: Heatran\n|-damage|p2a: Heatran|11\/100\n|move|p2a: Heatran|Toxic|p1a: Latios\n|-status|p1a: Latios|tox\n|\n|-weather|Snow|[upkeep]\n|-heal|p2a: Heatran|17\/100|[from] item: Leftovers\n|-damage|p1a: Latios|70\/100 tox|[from] psn\n|-damage|p1a: Latios|58\/100 tox|[from] move: Magma Storm|[partiallytrapped]\n|upkeep\n|turn|4\n|\n|t:|1700787214\n|move|p2a: Heatran|Protect|p2a: Heatran\n|-singleturn|p2a: Heatran|Protect\n|move|p1a: Latios|Dragon Pulse|p2a: Heatran\n|-activate|p2a: Heatran|move: Protect\n|\n|-weather|Snow|[upkeep]\n|-heal|p2a: Heatran|24\/100|[from] item: Leftovers\n|-damage|p1a: Latios|46\/100 tox|[from] psn\n|-damage|p1a: Latios|34\/100 tox|[from] move: Magma Storm|[partiallytrapped]\n|upkeep\n|turn|5\n|\n|t:|1700787221\n|move|p2a: Heatran|Protect||[still]\n|-fail|p2a: Heatran\n|move|p1a: Latios|Roost|p1a: Latios\n|-heal|p1a: Latios|84\/100 tox\n|-singleturn|p1a: Latios|move: Roost\n|\n|-weather|none\n|-heal|p2a: Heatran|30\/100|[from] item: Leftovers\n|-damage|p1a: Latios|66\/100 tox|[from] psn\n|-damage|p1a: Latios|54\/100 tox|[from] move: Magma Storm|[partiallytrapped]\n|upkeep\n|turn|6\n|\n|t:|1700787226\n|move|p2a: Heatran|Protect|p2a: Heatran\n|-singleturn|p2a: Heatran|Protect\n|move|p1a: Latios|Earthquake|p2a: Heatran\n|-activate|p2a: Heatran|move: Protect\n|\n|-heal|p2a: Heatran|36\/100|[from] item: Leftovers\n|-damage|p1a: Latios|30\/100 tox|[from] psn\n|-end|p1a: Latios|Magma Storm|[partiallytrapped]\n|upkeep\n|turn|7\n|\n|t:|1700787238\n|switch|p1a: Ogerpon|Ogerpon-Wellspring, F|100\/100\n|move|p2a: Heatran|Magma Storm|p1a: Ogerpon\n|-damage|p1a: Ogerpon|75\/100\n|-activate|p1a: Ogerpon|move: Magma Storm|[of] p2a: Heatran\n|\n|-heal|p2a: Heatran|42\/100|[from] item: Leftovers\n|-damage|p1a: Ogerpon|63\/100|[from] move: Magma Storm|[partiallytrapped]\n|upkeep\n|turn|8\n|\n|t:|1700787246\n|switch|p2a: Zapdos|Zapdos|100\/100\n|move|p1a: Ogerpon|Swords Dance|p1a: Ogerpon\n|-boost|p1a: Ogerpon|atk|2\n|\n|-end|p1a: Ogerpon|Magma Storm|[partiallytrapped]|[silent]\n|-sideend|p1: OffenseClub|move: Aurora Veil\n|upkeep\n|turn|9\n|\n|t:|1700787250\n|move|p1a: Ogerpon|Ivy Cudgel|p2a: Zapdos|[anim] Ivy Cudgel Water\n|-crit|p2a: Zapdos\n|-damage|p2a: Zapdos|0 fnt\n|faint|p2a: Zapdos\n|\n|upkeep\n|\n|t:|1700787256\n|switch|p2a: Banette|Banette, M|100\/100\n|-item|p1a: Ogerpon|Wellspring Mask|[from] ability: Frisk|[of] p2a: Banette|[identify]\n|turn|10\n|\n|t:|1700787262\n|detailschange|p2a: Banette|Banette-Mega, M\n|-mega|p2a: Banette|Banette|Banettite\n|move|p2a: Banette|Will-O-Wisp|p1a: Ogerpon\n|-status|p1a: Ogerpon|brn\n|move|p1a: Ogerpon|Ivy Cudgel|p2a: Banette|[anim] Ivy Cudgel Water\n|-damage|p2a: Banette|30\/100\n|\n|-damage|p1a: Ogerpon|57\/100 brn|[from] brn\n|upkeep\n|turn|11\n|\n|t:|1700787271\n|move|p2a: Banette|Destiny Bond|p2a: Banette\n|-singlemove|p2a: Banette|Destiny Bond\n|move|p1a: Ogerpon|Ivy Cudgel|p2a: Banette|[anim] Ivy Cudgel Water\n|-damage|p2a: Banette|0 fnt\n|faint|p2a: Banette\n|-activate|p2a: Banette|move: Destiny Bond\n|faint|p1a: Ogerpon\n|\n|upkeep\n|\n|t:|1700787282\n|switch|p1a: Ting-Lu|Ting-Lu|100\/100\n|switch|p2a: Heatran|Heatran, M|42\/100\n|-ability|p1a: Ting-Lu|Vessel of Ruin\n|turn|12\n|\n|t:|1700787287\n|move|p2a: Heatran|Toxic|p1a: Ting-Lu\n|-status|p1a: Ting-Lu|tox\n|move|p1a: Ting-Lu|Earthquake|p2a: Heatran\n|-supereffective|p2a: Heatran\n|-damage|p2a: Heatran|0 fnt\n|faint|p2a: Heatran\n|\n|-damage|p1a: Ting-Lu|94\/100 tox|[from] psn\n|upkeep\n|\n|t:|1700787290\n|switch|p2a: Ogerpon|Ogerpon-Wellspring, F|100\/100\n|turn|13\n|\n|t:|1700787293\n|move|p2a: Ogerpon|Swords Dance|p2a: Ogerpon\n|-boost|p2a: Ogerpon|atk|2\n|move|p1a: Ting-Lu|Whirlwind|p2a: Ogerpon\n|drag|p2a: Garchomp|Garchomp, M|100\/100\n|\n|-heal|p1a: Ting-Lu|100\/100 tox|[from] item: Leftovers\n|-damage|p1a: Ting-Lu|88\/100 tox|[from] psn\n|upkeep\n|turn|14\n|\n|t:|1700787299\n|switch|p1a: Corviknight|Corviknight, F, shiny|100\/100\n|-ability|p1a: Corviknight|Pressure\n|move|p2a: Garchomp|Stealth Rock|p1a: Corviknight\n|-sidestart|p1: OffenseClub|move: Stealth Rock\n|\n|upkeep\n|turn|15\n|\n|t:|1700787302\n|move|p2a: Garchomp|Swords Dance|p2a: Garchomp\n|-boost|p2a: Garchomp|atk|2\n|move|p1a: Corviknight|Defog|p2a: Garchomp\n|-unboost|p2a: Garchomp|evasion|1\n|-sideend|p1: OffenseClub|Stealth Rock|[from] move: Defog|[of] p1a: Corviknight\n|\n|upkeep\n|turn|16\n|\n|t:|1700787309\n|move|p2a: Garchomp|Swords Dance|p2a: Garchomp\n|-boost|p2a: Garchomp|atk|2\n|move|p1a: Corviknight|Iron Defense|p1a: Corviknight\n|-boost|p1a: Corviknight|def|2\n|\n|upkeep\n|turn|17\n|\n|t:|1700787312\n|move|p2a: Garchomp|Swords Dance|p2a: Garchomp\n|-boost|p2a: Garchomp|atk|2\n|move|p1a: Corviknight|Iron Defense|p1a: Corviknight\n|-boost|p1a: Corviknight|def|2\n|\n|upkeep\n|turn|18\n|\n|t:|1700787314\n|-zpower|p2a: Garchomp\n|move|p2a: Garchomp|Devastating Drake|p1a: Corviknight|[zeffect]\n|-resisted|p1a: Corviknight\n|-damage|p1a: Corviknight|57\/100\n|move|p1a: Corviknight|Iron Defense|p1a: Corviknight\n|-boost|p1a: Corviknight|def|2\n|\n|upkeep\n|turn|19\n|\n|t:|1700787319\n|move|p2a: Garchomp|Stealth Rock|p1a: Corviknight\n|-sidestart|p1: OffenseClub|move: Stealth Rock\n|move|p1a: Corviknight|Roost|p1a: Corviknight\n|-heal|p1a: Corviknight|100\/100\n|-singleturn|p1a: Corviknight|move: Roost\n|\n|upkeep\n|turn|20\n|\n|t:|1700787323\n|switch|p2a: Iron Valiant|Iron Valiant|100\/100\n|-enditem|p2a: Iron Valiant|Booster Energy\n|-activate|p2a: Iron Valiant|ability: Quark Drive|[fromitem]\n|-start|p2a: Iron Valiant|quarkdrivespe\n|move|p1a: Corviknight|Body Press|p2a: Iron Valiant\n|-resisted|p2a: Iron Valiant\n|-damage|p2a: Iron Valiant|40\/100\n|\n|upkeep\n|turn|21\n|\n|t:|1700787327\n|-terastallize|p2a: Iron Valiant|Electric\n|move|p2a: Iron Valiant|Thunderbolt|p1a: Corviknight\n|-supereffective|p1a: Corviknight\n|-damage|p1a: Corviknight|18\/100\n|move|p1a: Corviknight|Body Press|p2a: Iron Valiant\n|-damage|p2a: Iron Valiant|0 fnt\n|faint|p2a: Iron Valiant\n|-end|p2a: Iron Valiant|Quark Drive|[silent]\n|\n|upkeep\n|\n|t:|1700787332\n|switch|p2a: Ogerpon|Ogerpon-Wellspring, F|100\/100\n|turn|22\n|\n|t:|1700787337\n|-terastallize|p1a: Corviknight|Dragon\n|move|p2a: Ogerpon|Ivy Cudgel|p1a: Corviknight|[anim] Ivy Cudgel Water\n|-resisted|p1a: Corviknight\n|-damage|p1a: Corviknight|13\/100\n|move|p1a: Corviknight|Body Press|p2a: Ogerpon\n|-damage|p2a: Ogerpon|0 fnt\n|faint|p2a: Ogerpon\n|\n|upkeep\n|\n|t:|1700787342\n|switch|p2a: Garchomp|Garchomp, M|100\/100\n|turn|23\n|-message|AMNS666 forfeited.\n|\n|win|OffenseClub\n|raw|OffenseClub's rating: 1610 &rarr; <strong>1625<\/strong><br \/>(+15 for winning)\n|raw|AMNS666's rating: 1519 &rarr; <strong>1504<\/strong><br \/>(-15 for losing)\n|l|\u2606AMNS666\n","uploadtime":1700787352,"views":3,"p1id":"offenseclub","p2id":"amns666","formatid":"gen9nationaldex","rating":1504,"private":0,"password":""}