{"id":"gen9nationaldex-1996164863","p1":"KillerCube","p2":"allez334","format":"[Gen 9] National Dex","log":"|html|<div class=\"broadcast-blue\"><strong>[Gen 9] National Dex is currently suspecting Sneasler! For information on how to participate check out the <a href=\"https:\/\/www.smogon.com\/forums\/threads\/sv-national-dex-suspect-8-just-dance.3731534\/\">suspect thread<\/a>.<\/strong><\/div>\n|j|\u2606KillerCube\n|j|\u2606allez334\n|t:|1700653732\n|gametype|singles\n|player|p1|KillerCube|169|\n|player|p2|allez334|2|\n|teamsize|p1|6\n|teamsize|p2|6\n|gen|9\n|tier|[Gen 9] National Dex\n|rule|HP Percentage Mod: HP is shown in percentages\n|rule|Endless Battle Clause: Forcing endless battles is banned\n|rule|OHKO Clause: OHKO moves are banned\n|rule|Evasion Clause: Evasion abilities, items, and moves are banned\n|rule|Evasion Abilities Clause: Evasion abilities are banned\n|rule|Evasion Items Clause: Evasion items are banned\n|rule|Evasion Moves Clause: Evasion moves are banned\n|rule|Species Clause: Limit one of each Pok\u00e9mon\n|rule|Sleep Clause Mod: Limit one foe put to sleep\n|clearpoke\n|poke|p1|Clodsire, M|\n|poke|p1|Aegislash, M|\n|poke|p1|Centiskorch, F|\n|poke|p1|Toxtricity-Low-Key, F|\n|poke|p1|Arboliva, M|\n|poke|p1|Veluza, F|\n|poke|p2|Clefable, M|\n|poke|p2|Cetitan, M|\n|poke|p2|Aurorus, F|\n|poke|p2|Arctozolt|\n|poke|p2|Garganacl, F|\n|poke|p2|Mienshao, F|\n|teampreview\n|\n|t:|1700653749\n|start\n|switch|p1a: Clodsire|Clodsire, M|100\/100\n|switch|p2a: Aurorus|Aurorus, F|100\/100\n|-weather|Snow|[from] ability: Snow Warning|[of] p2a: Aurorus\n|turn|1\n|\n|t:|1700653780\n|switch|p2a: Clefable|Clefable, M|100\/100\n|move|p1a: Clodsire|Earthquake|p2a: Clefable\n|-damage|p2a: Clefable|79\/100\n|\n|-weather|Snow|[upkeep]\n|-heal|p2a: Clefable|85\/100|[from] item: Leftovers\n|upkeep\n|turn|2\n|\n|t:|1700653796\n|switch|p1a: Toxtricity|Toxtricity-Low-Key, F|100\/100\n|move|p2a: Clefable|Calm Mind|p2a: Clefable\n|-boost|p2a: Clefable|spa|1\n|-boost|p2a: Clefable|spd|1\n|\n|-weather|Snow|[upkeep]\n|-heal|p2a: Clefable|91\/100|[from] item: Leftovers\n|upkeep\n|turn|3\n|\n|t:|1700653808\n|move|p1a: Toxtricity|Boomburst|p2a: Clefable\n|-damage|p2a: Clefable|31\/100\n|move|p2a: Clefable|Calm Mind|p2a: Clefable\n|-boost|p2a: Clefable|spa|1\n|-boost|p2a: Clefable|spd|1\n|\n|-weather|Snow|[upkeep]\n|-heal|p2a: Clefable|37\/100|[from] item: Leftovers\n|upkeep\n|turn|4\n|\n|t:|1700653819\n|-terastallize|p2a: Clefable|Ghost\n|move|p1a: Toxtricity|Boomburst|p2a: Clefable\n|-immune|p2a: Clefable\n|move|p2a: Clefable|Soft-Boiled|p2a: Clefable\n|-heal|p2a: Clefable|87\/100\n|\n|-weather|Snow|[upkeep]\n|-heal|p2a: Clefable|93\/100|[from] item: Leftovers\n|upkeep\n|turn|5\n|\n|t:|1700653835\n|switch|p1a: Aegislash|Aegislash, M, shiny|100\/100\n|move|p2a: Clefable|Calm Mind|p2a: Clefable\n|-boost|p2a: Clefable|spa|1\n|-boost|p2a: Clefable|spd|1\n|\n|-weather|Snow|[upkeep]\n|-heal|p2a: Clefable|99\/100|[from] item: Leftovers\n|upkeep\n|turn|6\n|\n|t:|1700653844\n|move|p2a: Clefable|Psychic|p1a: Aegislash\n|-resisted|p1a: Aegislash\n|-damage|p1a: Aegislash|81\/100\n|-formechange|p1a: Aegislash|Aegislash-Blade||[from] ability: Stance Change\n|move|p1a: Aegislash|Shadow Claw|p2a: Clefable\n|-supereffective|p2a: Clefable\n|-damage|p2a: Clefable|29\/100\n|\n|-weather|Snow|[upkeep]\n|-heal|p2a: Clefable|35\/100|[from] item: Leftovers\n|upkeep\n|turn|7\n|\n|t:|1700653855\n|-formechange|p1a: Aegislash|Aegislash||[from] ability: Stance Change\n|move|p1a: Aegislash|King's Shield|p1a: Aegislash\n|-singleturn|p1a: Aegislash|Protect\n|move|p2a: Clefable|Psychic|p1a: Aegislash\n|-activate|p1a: Aegislash|move: Protect\n|\n|-weather|Snow|[upkeep]\n|-heal|p2a: Clefable|41\/100|[from] item: Leftovers\n|upkeep\n|turn|8\n|\n|t:|1700653861\n|move|p2a: Clefable|Psychic|p1a: Aegislash\n|-resisted|p1a: Aegislash\n|-damage|p1a: Aegislash|62\/100\n|-formechange|p1a: Aegislash|Aegislash-Blade||[from] ability: Stance Change\n|move|p1a: Aegislash|Shadow Claw|p2a: Clefable\n|-supereffective|p2a: Clefable\n|-damage|p2a: Clefable|0 fnt\n|faint|p2a: Clefable\n|\n|-weather|none\n|upkeep\n|\n|t:|1700653866\n|switch|p2a: Aurorus|Aurorus, F|100\/100\n|-weather|Snow|[from] ability: Snow Warning|[of] p2a: Aurorus\n|turn|9\n|\n|t:|1700653874\n|-formechange|p1a: Aegislash|Aegislash||[from] ability: Stance Change\n|move|p1a: Aegislash|King's Shield|p1a: Aegislash\n|-singleturn|p1a: Aegislash|Protect\n|move|p2a: Aurorus|Earth Power|p1a: Aegislash\n|-activate|p1a: Aegislash|move: Protect\n|\n|-weather|Snow|[upkeep]\n|upkeep\n|turn|10\n|\n|t:|1700653884\n|move|p2a: Aurorus|Earth Power|p1a: Aegislash\n|-supereffective|p1a: Aegislash\n|-damage|p1a: Aegislash|16\/100\n|-formechange|p1a: Aegislash|Aegislash-Blade||[from] ability: Stance Change\n|move|p1a: Aegislash|Shadow Claw|p2a: Aurorus\n|-damage|p2a: Aurorus|68\/100\n|\n|-weather|Snow|[upkeep]\n|upkeep\n|turn|11\n|\n|t:|1700653889\n|-formechange|p1a: Aegislash|Aegislash||[from] ability: Stance Change\n|move|p1a: Aegislash|King's Shield|p1a: Aegislash\n|-singleturn|p1a: Aegislash|Protect\n|move|p2a: Aurorus|Earth Power|p1a: Aegislash\n|-activate|p1a: Aegislash|move: Protect\n|\n|-weather|Snow|[upkeep]\n|upkeep\n|turn|12\n|l|\u2606KillerCube\n|player|p1|\n|j|\u2606KillerCube\n|player|p1|KillerCube|169\n|\n|t:|1700653911\n|switch|p1a: Veluza|Veluza, F|100\/100\n|move|p2a: Aurorus|Earth Power|p1a: Veluza\n|-damage|p1a: Veluza|56\/100\n|\n|-weather|Snow|[upkeep]\n|upkeep\n|turn|13\n|\n|t:|1700653925\n|move|p1a: Veluza|Aqua Cutter|p2a: Aurorus\n|-supereffective|p2a: Aurorus\n|-damage|p2a: Aurorus|0 fnt\n|faint|p2a: Aurorus\n|\n|-weather|Snow|[upkeep]\n|upkeep\n|\n|t:|1700653930\n|switch|p2a: Cetitan|Cetitan, M|100\/100\n|turn|14\n|\n|t:|1700653943\n|-terastallize|p1a: Veluza|Water\n|move|p2a: Cetitan|Belly Drum|p2a: Cetitan\n|-damage|p2a: Cetitan|50\/100\n|-setboost|p2a: Cetitan|atk|6|[from] move: Belly Drum\n|-enditem|p2a: Cetitan|Sitrus Berry|[eat]\n|-heal|p2a: Cetitan|75\/100|[from] item: Sitrus Berry\n|move|p1a: Veluza|Aqua Cutter|p2a: Cetitan\n|-damage|p2a: Cetitan|35\/100\n|\n|-weather|Snow|[upkeep]\n|upkeep\n|turn|15\n|\n|t:|1700653955\n|switch|p1a: Clodsire|Clodsire, M|100\/100\n|move|p2a: Cetitan|Ice Shard|p1a: Clodsire\n|-supereffective|p1a: Clodsire\n|-damage|p1a: Clodsire|58\/100\n|\n|-weather|Snow|[upkeep]\n|-heal|p1a: Clodsire|64\/100|[from] item: Leftovers\n|upkeep\n|turn|16\n|\n|t:|1700653965\n|move|p2a: Cetitan|Earthquake|p1a: Clodsire\n|-supereffective|p1a: Clodsire\n|-damage|p1a: Clodsire|0 fnt\n|faint|p1a: Clodsire\n|\n|-weather|none\n|upkeep\n|\n|t:|1700653969\n|switch|p1a: Arboliva|Arboliva, M|100\/100\n|turn|17\n|\n|t:|1700653974\n|move|p2a: Cetitan|Ice Shard|p1a: Arboliva\n|-supereffective|p1a: Arboliva\n|-damage|p1a: Arboliva|0 fnt\n|faint|p1a: Arboliva\n|\n|upkeep\n|\n|t:|1700653977\n|switch|p1a: Veluza|Veluza, F, tera:Water|56\/100\n|turn|18\n|\n|t:|1700653982\n|move|p2a: Cetitan|Ice Shard|p1a: Veluza\n|-resisted|p1a: Veluza\n|-damage|p1a: Veluza|2\/100\n|-enditem|p1a: Veluza|Sitrus Berry|[eat]\n|-heal|p1a: Veluza|27\/100|[from] item: Sitrus Berry\n|move|p1a: Veluza|Aqua Cutter|p2a: Cetitan\n|-damage|p2a: Cetitan|0 fnt\n|faint|p2a: Cetitan\n|\n|upkeep\n|\n|t:|1700653992\n|switch|p2a: Mienshao|Mienshao, F|100\/100\n|turn|19\n|\n|t:|1700654004\n|move|p2a: Mienshao|Knock Off|p1a: Veluza\n|-damage|p1a: Veluza|0 fnt\n|faint|p1a: Veluza\n|-damage|p2a: Mienshao|91\/100|[from] item: Life Orb\n|\n|upkeep\n|\n|t:|1700654015\n|switch|p1a: Toxtricity|Toxtricity-Low-Key, F|100\/100\n|turn|20\n|\n|t:|1700654047\n|move|p2a: Mienshao|U-turn|p1a: Toxtricity\n|-resisted|p1a: Toxtricity\n|-damage|p1a: Toxtricity|77\/100\n|-damage|p2a: Mienshao|81\/100|[from] item: Life Orb\n|\n|t:|1700654054\n|switch|p2a: Arctozolt|Arctozolt|100\/100|[from] U-turn\n|move|p1a: Toxtricity|Volt Switch|p2a: Arctozolt\n|-resisted|p2a: Arctozolt\n|-damage|p2a: Arctozolt|61\/100\n|\n|t:|1700654057\n|switch|p1a: Centiskorch|Centiskorch, F, shiny|100\/100|[from] Volt Switch\n|\n|upkeep\n|turn|21\n|\n|t:|1700654064\n|move|p2a: Arctozolt|Blizzard|p1a: Centiskorch|[miss]\n|-miss|p2a: Arctozolt|p1a: Centiskorch\n|move|p1a: Centiskorch|Knock Off|p2a: Arctozolt\n|-damage|p2a: Arctozolt|19\/100\n|-enditem|p2a: Arctozolt|Heavy-Duty Boots|[from] move: Knock Off|[of] p1a: Centiskorch\n|\n|upkeep\n|turn|22\n|\n|t:|1700654070\n|move|p1a: Centiskorch|Fire Lash|p2a: Arctozolt\n|-supereffective|p2a: Arctozolt\n|-damage|p2a: Arctozolt|0 fnt\n|faint|p2a: Arctozolt\n|\n|upkeep\n|\n|t:|1700654074\n|switch|p2a: Garganacl|Garganacl, F|100\/100\n|turn|23\n|\n|t:|1700654082\n|move|p1a: Centiskorch|Power Whip|p2a: Garganacl\n|-supereffective|p2a: Garganacl\n|-damage|p2a: Garganacl|50\/100\n|move|p2a: Garganacl|Curse|p2a: Garganacl\n|-unboost|p2a: Garganacl|spe|1\n|-boost|p2a: Garganacl|atk|1\n|-boost|p2a: Garganacl|def|1\n|\n|-heal|p2a: Garganacl|56\/100|[from] item: Leftovers\n|upkeep\n|turn|24\n|\n|t:|1700654088\n|move|p1a: Centiskorch|Knock Off|p2a: Garganacl\n|-damage|p2a: Garganacl|42\/100\n|-enditem|p2a: Garganacl|Leftovers|[from] move: Knock Off|[of] p1a: Centiskorch\n|move|p2a: Garganacl|Recover|p2a: Garganacl\n|-heal|p2a: Garganacl|92\/100\n|\n|upkeep\n|turn|25\n|\n|t:|1700654093\n|move|p1a: Centiskorch|Power Whip|p2a: Garganacl\n|-supereffective|p2a: Garganacl\n|-damage|p2a: Garganacl|57\/100\n|move|p2a: Garganacl|Curse|p2a: Garganacl\n|-unboost|p2a: Garganacl|spe|1\n|-boost|p2a: Garganacl|atk|1\n|-boost|p2a: Garganacl|def|1\n|\n|upkeep\n|turn|26\n|\n|t:|1700654100\n|move|p1a: Centiskorch|Power Whip|p2a: Garganacl\n|-supereffective|p2a: Garganacl\n|-damage|p2a: Garganacl|31\/100\n|move|p2a: Garganacl|Recover|p2a: Garganacl\n|-heal|p2a: Garganacl|81\/100\n|\n|upkeep\n|turn|27\n|\n|t:|1700654105\n|move|p1a: Centiskorch|Power Whip|p2a: Garganacl\n|-supereffective|p2a: Garganacl\n|-damage|p2a: Garganacl|58\/100\n|move|p2a: Garganacl|Curse|p2a: Garganacl\n|-unboost|p2a: Garganacl|spe|1\n|-boost|p2a: Garganacl|atk|1\n|-boost|p2a: Garganacl|def|1\n|\n|upkeep\n|turn|28\n|\n|t:|1700654110\n|move|p2a: Garganacl|Protect|p2a: Garganacl\n|-singleturn|p2a: Garganacl|Protect\n|move|p1a: Centiskorch|Leech Life|p2a: Garganacl\n|-activate|p2a: Garganacl|move: Protect\n|\n|upkeep\n|turn|29\n|\n|t:|1700654116\n|move|p1a: Centiskorch|Power Whip|p2a: Garganacl\n|-supereffective|p2a: Garganacl\n|-damage|p2a: Garganacl|36\/100\n|move|p2a: Garganacl|Recover|p2a: Garganacl\n|-heal|p2a: Garganacl|86\/100\n|\n|upkeep\n|turn|30\n|\n|t:|1700654124\n|move|p1a: Centiskorch|Power Whip|p2a: Garganacl\n|-supereffective|p2a: Garganacl\n|-damage|p2a: Garganacl|65\/100\n|move|p2a: Garganacl|Curse|p2a: Garganacl\n|-unboost|p2a: Garganacl|spe|1\n|-boost|p2a: Garganacl|atk|1\n|-boost|p2a: Garganacl|def|1\n|\n|upkeep\n|turn|31\n|\n|t:|1700654133\n|move|p1a: Centiskorch|Power Whip|p2a: Garganacl\n|-supereffective|p2a: Garganacl\n|-crit|p2a: Garganacl\n|-damage|p2a: Garganacl|0 fnt\n|faint|p2a: Garganacl\n|\n|upkeep\n|\n|t:|1700654140\n|switch|p2a: Mienshao|Mienshao, F|100\/100\n|turn|32\n|\n|t:|1700654153\n|move|p2a: Mienshao|Knock Off|p1a: Centiskorch\n|-damage|p1a: Centiskorch|40\/100\n|-enditem|p1a: Centiskorch|Heavy-Duty Boots|[from] move: Knock Off|[of] p2a: Mienshao\n|-damage|p2a: Mienshao|91\/100|[from] item: Life Orb\n|move|p1a: Centiskorch|Knock Off|p2a: Mienshao\n|-resisted|p2a: Mienshao\n|-damage|p2a: Mienshao|57\/100\n|-enditem|p2a: Mienshao|Life Orb|[from] move: Knock Off|[of] p1a: Centiskorch\n|\n|upkeep\n|turn|33\n|\n|t:|1700654165\n|move|p2a: Mienshao|Knock Off|p1a: Centiskorch\n|-damage|p1a: Centiskorch|9\/100\n|move|p1a: Centiskorch|Leech Life|p2a: Mienshao\n|-resisted|p2a: Mienshao\n|-damage|p2a: Mienshao|15\/100\n|-heal|p1a: Centiskorch|26\/100|[from] drain|[of] p2a: Mienshao\n|\n|upkeep\n|turn|34\n|\n|t:|1700654174\n|move|p2a: Mienshao|Knock Off|p1a: Centiskorch\n|-damage|p1a: Centiskorch|0 fnt\n|faint|p1a: Centiskorch\n|\n|upkeep\n|\n|t:|1700654177\n|switch|p1a: Toxtricity|Toxtricity-Low-Key, F|77\/100\n|turn|35\n|\n|t:|1700654183\n|move|p2a: Mienshao|Close Combat|p1a: Toxtricity\n|-resisted|p1a: Toxtricity\n|-damage|p1a: Toxtricity|28\/100\n|-unboost|p2a: Mienshao|def|1\n|-unboost|p2a: Mienshao|spd|1\n|move|p1a: Toxtricity|Boomburst|p2a: Mienshao\n|-damage|p2a: Mienshao|0 fnt\n|faint|p2a: Mienshao\n|\n|win|KillerCube\n","uploadtime":1700654187,"views":0,"p1id":"killercube","p2id":"allez334","formatid":"gen9nationaldex","rating":0,"private":0,"password":""}