{"id":"gen9nationaldex-1998728837","p1":"eadd\u5185\u8499\u53e4\u306e\u6df1\u6d77\u5927\u9c7f\u9c7c","p2":"yugontianyi","format":"[Gen 9] National Dex","log":"|html|<div class=\"broadcast-blue\"><strong>[Gen 9] National Dex is currently suspecting Sneasler! For information on how to participate check out the <a href=\"https:\/\/www.smogon.com\/forums\/threads\/sv-national-dex-suspect-8-just-dance.3731534\/\">suspect thread<\/a>.<\/strong><\/div>\n|j|\u2606eadd\u5185\u8499\u53e4\u306e\u6df1\u6d77\u5927\u9c7f\u9c7c\n|j|\u2606yugontianyi\n|t:|1700979033\n|gametype|singles\n|player|p1|eadd\u5185\u8499\u53e4\u306e\u6df1\u6d77\u5927\u9c7f\u9c7c|rosa|1075\n|player|p2|yugontianyi|giovanni|1140\n|teamsize|p1|6\n|teamsize|p2|1\n|gen|9\n|tier|[Gen 9] National Dex\n|rated|\n|rule|HP Percentage Mod: HP is shown in percentages\n|rule|Endless Battle Clause: Forcing endless battles is banned\n|rule|OHKO Clause: OHKO moves are banned\n|rule|Evasion Clause: Evasion abilities, items, and moves are banned\n|rule|Evasion Abilities Clause: Evasion abilities are banned\n|rule|Evasion Items Clause: Evasion items are banned\n|rule|Evasion Moves Clause: Evasion moves are banned\n|rule|Species Clause: Limit one of each Pok\u00e9mon\n|rule|Sleep Clause Mod: Limit one foe put to sleep\n|clearpoke\n|poke|p1|Cinderace, M|\n|poke|p1|Ribombee, F|\n|poke|p1|Serperior, F|\n|poke|p1|Malamar, M|\n|poke|p1|Banette, F|\n|poke|p1|Butterfree, M|\n|poke|p2|Togepi, F|\n|teampreview\n|inactive|Battle timer is ON: inactive players will automatically lose when time's up. (requested by yugontianyi)\n|\n|t:|1700979042\n|start\n|switch|p1a: Butterfree|Butterfree, M|100\/100\n|switch|p2a: Togepi|Togepi, F|100\/100\n|turn|1\n|\n|t:|1700979049\n|-terastallize|p2a: Togepi|Poison\n|move|p1a: Butterfree|Struggle Bug|p2a: Togepi\n|-resisted|p2a: Togepi\n|-damage|p2a: Togepi|81\/100\n|-unboost|p2a: Togepi|spa|1\n|move|p2a: Togepi|Metronome|p2a: Togepi\n|move|p2a: Togepi|Ice Shard|p1a: Butterfree|[from]move: Metronome\n|-supereffective|p1a: Butterfree\n|-damage|p1a: Butterfree|57\/100\n|\n|upkeep\n|turn|2\n|\n|t:|1700979059\n|move|p1a: Butterfree|Struggle Bug|p2a: Togepi\n|-resisted|p2a: Togepi\n|-crit|p2a: Togepi\n|-damage|p2a: Togepi|52\/100\n|-unboost|p2a: Togepi|spa|1\n|move|p2a: Togepi|Metronome|p2a: Togepi\n|move|p2a: Togepi|Confusion|p1a: Butterfree|[from]move: Metronome\n|-damage|p1a: Butterfree|53\/100\n|\n|upkeep\n|turn|3\n|\n|t:|1700979067\n|switch|p1a: Ribombee|Ribombee, F|100\/100\n|move|p2a: Togepi|Metronome|p2a: Togepi\n|move|p2a: Togepi|Spark|p1a: Ribombee|[from]move: Metronome\n|-damage|p1a: Ribombee|71\/100\n|\n|upkeep\n|turn|4\n|\n|t:|1700979073\n|move|p1a: Ribombee|Protect|p1a: Ribombee\n|-singleturn|p1a: Ribombee|Protect\n|move|p2a: Togepi|Metronome|p2a: Togepi\n|move|p2a: Togepi|Power Trip|p1a: Ribombee|[from]move: Metronome\n|-activate|p1a: Ribombee|move: Protect\n|\n|upkeep\n|turn|5\n|\n|t:|1700979080\n|move|p1a: Ribombee|Sticky Web|p2a: Togepi\n|-sidestart|p2: yugontianyi|move: Sticky Web\n|move|p2a: Togepi|Metronome|p2a: Togepi\n|move|p2a: Togepi|Bite|p1a: Ribombee|[from]move: Metronome\n|-resisted|p1a: Ribombee\n|-damage|p1a: Ribombee|58\/100\n|\n|upkeep\n|turn|6\n|\n|t:|1700979086\n|move|p1a: Ribombee|Protect|p1a: Ribombee\n|-singleturn|p1a: Ribombee|Protect\n|move|p2a: Togepi|Metronome|p2a: Togepi\n|move|p2a: Togepi|Shadow Sneak|p1a: Ribombee|[from]move: Metronome\n|-activate|p1a: Ribombee|move: Protect\n|\n|upkeep\n|turn|7\n|\n|t:|1700979092\n|move|p1a: Ribombee|Sticky Web||[still]\n|-fail|p1a: Ribombee\n|move|p2a: Togepi|Metronome|p2a: Togepi\n|move|p2a: Togepi|Stone Edge|p1a: Ribombee|[from]move: Metronome\n|-supereffective|p1a: Ribombee\n|-crit|p1a: Ribombee\n|-damage|p1a: Ribombee|0 fnt\n|faint|p1a: Ribombee\n|\n|upkeep\n|\n|t:|1700979100\n|switch|p1a: Cinderace|Cinderace, M|100\/100\n|turn|8\n|c|\u2606yugontianyi|\u54e6\u54e6\u54e6\uff01\n|c|\u2606yugontianyi|NB\n|\n|t:|1700979107\n|move|p1a: Cinderace|Court Change|p1a: Cinderace\n|-start|p1a: Cinderace|typechange|Normal|[from] ability: Libero\n|-swapsideconditions\n|-activate|p1a: Cinderace|move: Court Change\n|move|p2a: Togepi|Metronome|p2a: Togepi\n|move|p2a: Togepi|Blast Burn|p1a: Cinderace|[from]move: Metronome\n|-crit|p1a: Cinderace\n|-damage|p1a: Cinderace|70\/100\n|-mustrecharge|p2a: Togepi\n|\n|upkeep\n|turn|9\n|c|\u2606eadd\u5185\u8499\u53e4\u306e\u6df1\u6d77\u5927\u9c7f\u9c7c|\u54c8\u54c8\u54c8\u54c8\u54c8\n|c|\u2606eadd\u5185\u8499\u53e4\u306e\u6df1\u6d77\u5927\u9c7f\u9c7c|\u6211\u671d\u7206\u70b8\u70c8\u7130\n|\n|t:|1700979119\n|move|p1a: Cinderace|Court Change|p1a: Cinderace\n|-swapsideconditions\n|-activate|p1a: Cinderace|move: Court Change\n|cant|p2a: Togepi|recharge\n|\n|upkeep\n|turn|10\n|\n|t:|1700979124\n|move|p1a: Cinderace|Court Change|p1a: Cinderace\n|-swapsideconditions\n|-activate|p1a: Cinderace|move: Court Change\n|move|p2a: Togepi|Metronome|p2a: Togepi\n|move|p2a: Togepi|Lock-On|p1a: Cinderace|[from]move: Metronome\n|-activate|p2a: Togepi|move: Lock-On|[of] p1a: Cinderace\n|\n|upkeep\n|turn|11\n|\n|t:|1700979130\n|move|p1a: Cinderace|Court Change|p1a: Cinderace\n|-swapsideconditions\n|-activate|p1a: Cinderace|move: Court Change\n|move|p2a: Togepi|Metronome|p2a: Togepi\n|move|p2a: Togepi|Ice Hammer|p1a: Cinderace|[from]move: Metronome\n|-damage|p1a: Cinderace|38\/100\n|-unboost|p2a: Togepi|spe|1\n|\n|upkeep\n|turn|12\n|\n|t:|1700979137\n|move|p1a: Cinderace|Court Change|p1a: Cinderace\n|-swapsideconditions\n|-activate|p1a: Cinderace|move: Court Change\n|move|p2a: Togepi|Metronome|p2a: Togepi\n|move|p2a: Togepi|Bone Rush|p1a: Cinderace|[from]move: Metronome\n|-damage|p1a: Cinderace|30\/100\n|-damage|p1a: Cinderace|22\/100\n|-hitcount|p1a: Cinderace|2\n|\n|upkeep\n|turn|13\n|\n|t:|1700979144\n|move|p1a: Cinderace|Court Change|p1a: Cinderace\n|-swapsideconditions\n|-activate|p1a: Cinderace|move: Court Change\n|move|p2a: Togepi|Metronome|p2a: Togepi\n|move|p2a: Togepi|Rock Throw|p1a: Cinderace|[from]move: Metronome\n|-damage|p1a: Cinderace|5\/100\n|\n|upkeep\n|turn|14\n|\n|t:|1700979151\n|move|p1a: Cinderace|Court Change|p1a: Cinderace\n|-swapsideconditions\n|-activate|p1a: Cinderace|move: Court Change\n|move|p2a: Togepi|Metronome|p2a: Togepi\n|move|p2a: Togepi|Tackle|p1a: Cinderace|[from]move: Metronome\n|-damage|p1a: Cinderace|0 fnt\n|faint|p1a: Cinderace\n|\n|upkeep\n|\n|t:|1700979161\n|switch|p1a: Serperior|Serperior, F|100\/100\n|-activate|p1a: Serperior|move: Sticky Web\n|-boost|p1a: Serperior|spe|1\n|turn|15\n|\n|t:|1700979167\n|move|p1a: Serperior|Substitute|p1a: Serperior\n|-start|p1a: Serperior|Substitute\n|-damage|p1a: Serperior|76\/100\n|move|p2a: Togepi|Metronome|p2a: Togepi\n|move|p2a: Togepi|Sleep Powder|p1a: Serperior|[from]move: Metronome\n|-immune|p1a: Serperior\n|\n|-heal|p1a: Serperior|82\/100|[from] item: Leftovers\n|upkeep\n|turn|16\n|\n|t:|1700979175\n|move|p1a: Serperior|Substitute|p1a: Serperior\n|-fail|p1a: Serperior|move: Substitute\n|move|p2a: Togepi|Metronome|p2a: Togepi\n|move|p2a: Togepi|Defog|p1a: Serperior|[from]move: Metronome\n|-sideend|p1: eadd\u5185\u8499\u53e4\u306e\u6df1\u6d77\u5927\u9c7f\u9c7c|Sticky Web|[from] move: Defog|[of] p2a: Togepi\n|\n|-heal|p1a: Serperior|88\/100|[from] item: Leftovers\n|upkeep\n|turn|17\n|\n|t:|1700979181\n|move|p1a: Serperior|Substitute|p1a: Serperior\n|-fail|p1a: Serperior|move: Substitute\n|move|p2a: Togepi|Metronome|p2a: Togepi\n|move|p2a: Togepi|Charge|p2a: Togepi|[from]move: Metronome\n|-boost|p2a: Togepi|spd|1\n|-start|p2a: Togepi|Charge\n|\n|-heal|p1a: Serperior|94\/100|[from] item: Leftovers\n|upkeep\n|turn|18\n|\n|t:|1700979189\n|move|p1a: Serperior|Substitute|p1a: Serperior\n|-fail|p1a: Serperior|move: Substitute\n|-activate|p2a: Togepi|move: Struggle\n|move|p2a: Togepi|Struggle|p1a: Serperior\n|-activate|p1a: Serperior|move: Substitute|[damage]\n|-damage|p2a: Togepi|27\/100|[from] recoil\n|\n|-heal|p1a: Serperior|100\/100|[from] item: Leftovers\n|upkeep\n|turn|19\n|-message|eadd\u5185\u8499\u53e4\u306e\u6df1\u6d77\u5927\u9c7f\u9c7c forfeited.\n|\n|win|yugontianyi\n|raw|eadd\u5185\u8499\u53e4\u306e\u6df1\u6d77\u5927\u9c7f\u9c7c's rating: 1075 &rarr; <strong>1058<\/strong><br \/>(-17 for losing)\n|raw|yugontianyi's rating: 1140 &rarr; <strong>1160<\/strong><br \/>(+20 for winning)\n|l|\u2606eadd\u5185\u8499\u53e4\u306e\u6df1\u6d77\u5927\u9c7f\u9c7c\n","uploadtime":1700979308,"views":1,"p1id":"eadd","p2id":"yugontianyi","formatid":"gen9nationaldex","rating":1058,"private":0,"password":""}