{"id":"gen9nationaldex-1987899537","p1":"Mantis God is Op","p2":"ReptileMedias","format":"[Gen 9] National Dex","log":"|j|\u2606Mantis God is Op\n|j|\u2606ReptileMedias\n|t:|1699647224\n|gametype|singles\n|player|p1|Mantis God is Op|dagero|1133\n|player|p2|ReptileMedias|may-gen3rs|1187\n|teamsize|p1|6\n|teamsize|p2|6\n|gen|9\n|tier|[Gen 9] National Dex\n|rated|\n|rule|HP Percentage Mod: HP is shown in percentages\n|rule|Endless Battle Clause: Forcing endless battles is banned\n|rule|OHKO Clause: OHKO moves are banned\n|rule|Evasion Clause: Evasion abilities, items, and moves are banned\n|rule|Evasion Abilities Clause: Evasion abilities are banned\n|rule|Evasion Items Clause: Evasion items are banned\n|rule|Evasion Moves Clause: Evasion moves are banned\n|rule|Species Clause: Limit one of each Pok\u00e9mon\n|rule|Sleep Clause Mod: Limit one foe put to sleep\n|clearpoke\n|poke|p1|Mamoswine, M|\n|poke|p1|Ferrothorn, F|\n|poke|p1|Garganacl, M|\n|poke|p1|Rotom-Wash|\n|poke|p1|Volcarona, M|\n|poke|p1|Banette, F|\n|poke|p2|Scizor, M|\n|poke|p2|Venusaur, M|\n|poke|p2|Arcanine, M|\n|poke|p2|Crawdaunt, M|\n|poke|p2|Jolteon, M|\n|poke|p2|Crobat, M|\n|teampreview\n|c|\u2606Mantis God is Op|gl hf\n|\n|t:|1699647246\n|start\n|switch|p1a: Rotom|Rotom-Wash|100\/100\n|switch|p2a: Lobstarno|Crawdaunt, M|100\/100\n|turn|1\n|\n|t:|1699647281\n|switch|p2a: Adult|Arcanine, M|100\/100\n|move|p1a: Rotom|Volt Switch|p2a: Adult\n|-damage|p2a: Adult|61\/100\n|\n|t:|1699647292\n|switch|p1a: Garganacl|Garganacl, M|100\/100|[from] Volt Switch\n|\n|-heal|p2a: Adult|67\/100|[from] item: Leftovers\n|upkeep\n|turn|2\n|\n|t:|1699647297\n|switch|p2a: Lobstarno|Crawdaunt, M|100\/100\n|move|p1a: Garganacl|Salt Cure|p2a: Lobstarno\n|-damage|p2a: Lobstarno|80\/100\n|-start|p2a: Lobstarno|Salt Cure\n|\n|-damage|p2a: Lobstarno|55\/100|[from] Salt Cure\n|upkeep\n|turn|3\n|\n|t:|1699647304\n|move|p2a: Lobstarno|Crabhammer|p1a: Garganacl\n|-supereffective|p1a: Garganacl\n|-damage|p1a: Garganacl|0 fnt\n|faint|p1a: Garganacl\n|\n|-damage|p2a: Lobstarno|30\/100|[from] Salt Cure\n|upkeep\n|\n|t:|1699647310\n|switch|p1a: Ferrothorn|Ferrothorn, F|100\/100\n|turn|4\n|\n|t:|1699647316\n|switch|p2a: COw bat (lol)|Crobat, M|100\/100\n|move|p1a: Ferrothorn|Protect||[still]\n|-fail|p1a: Ferrothorn\n|\n|upkeep\n|turn|5\n|\n|t:|1699647322\n|switch|p1a: Rotom|Rotom-Wash|100\/100\n|move|p2a: COw bat (lol)|Heat Wave|p1a: Rotom\n|-resisted|p1a: Rotom\n|-damage|p1a: Rotom|83\/100\n|\n|upkeep\n|turn|6\n|\n|t:|1699647327\n|switch|p2a: Sharp David|Jolteon, M|100\/100\n|move|p1a: Rotom|Hydro Pump|p2a: Sharp David\n|-damage|p2a: Sharp David|32\/100\n|\n|upkeep\n|turn|7\n|\n|t:|1699647340\n|-terastallize|p2a: Sharp David|Electric\n|move|p2a: Sharp David|Thunderbolt|p1a: Rotom\n|-damage|p1a: Rotom|0 fnt\n|faint|p1a: Rotom\n|\n|upkeep\n|\n|t:|1699647349\n|switch|p1a: Mamoswine|Mamoswine, M|100\/100\n|turn|8\n|\n|t:|1699647354\n|switch|p2a: Bullet Ant|Scizor, M|100\/100\n|move|p1a: Mamoswine|Icicle Spear|p2a: Bullet Ant\n|-resisted|p2a: Bullet Ant\n|-damage|p2a: Bullet Ant|95\/100\n|-resisted|p2a: Bullet Ant\n|-damage|p2a: Bullet Ant|90\/100\n|-resisted|p2a: Bullet Ant\n|-damage|p2a: Bullet Ant|85\/100\n|-resisted|p2a: Bullet Ant\n|-damage|p2a: Bullet Ant|80\/100\n|-resisted|p2a: Bullet Ant\n|-damage|p2a: Bullet Ant|74\/100\n|-hitcount|p2a: Bullet Ant|5\n|\n|upkeep\n|turn|9\n|\n|t:|1699647364\n|move|p1a: Mamoswine|Earthquake|p2a: Bullet Ant\n|-damage|p2a: Bullet Ant|34\/100\n|move|p2a: Bullet Ant|Knock Off|p1a: Mamoswine\n|-damage|p1a: Mamoswine|64\/100\n|-enditem|p1a: Mamoswine|Loaded Dice|[from] move: Knock Off|[of] p2a: Bullet Ant\n|\n|upkeep\n|turn|10\n|\n|t:|1699647369\n|move|p2a: Bullet Ant|Bullet Punch|p1a: Mamoswine\n|-supereffective|p1a: Mamoswine\n|-damage|p1a: Mamoswine|0 fnt\n|faint|p1a: Mamoswine\n|\n|upkeep\n|\n|t:|1699647371\n|switch|p1a: Ferrothorn|Ferrothorn, F|100\/100\n|turn|11\n|\n|t:|1699647376\n|switch|p2a: COw bat (lol)|Crobat, M|100\/100\n|move|p1a: Ferrothorn|Leech Seed|p2a: COw bat (lol)|[miss]\n|-miss|p1a: Ferrothorn|p2a: COw bat (lol)\n|\n|upkeep\n|turn|12\n|\n|t:|1699647382\n|switch|p1a: Volcarona|Volcarona, M|100\/100\n|move|p2a: COw bat (lol)|Heat Wave|p1a: Volcarona\n|-damage|p1a: Volcarona|75\/100\n|\n|upkeep\n|turn|13\n|\n|t:|1699647387\n|move|p2a: COw bat (lol)|Air Slash|p1a: Volcarona\n|-supereffective|p1a: Volcarona\n|-damage|p1a: Volcarona|19\/100\n|-enditem|p1a: Volcarona|Sitrus Berry|[eat]\n|-heal|p1a: Volcarona|44\/100|[from] item: Sitrus Berry\n|cant|p1a: Volcarona|flinch\n|\n|upkeep\n|turn|14\n|\n|t:|1699647393\n|-terastallize|p1a: Volcarona|Water\n|move|p2a: COw bat (lol)|Air Slash|p1a: Volcarona\n|-damage|p1a: Volcarona|14\/100\n|move|p1a: Volcarona|Quiver Dance|p1a: Volcarona\n|-boost|p1a: Volcarona|spa|1\n|-boost|p1a: Volcarona|spd|1\n|-boost|p1a: Volcarona|spe|1\n|\n|upkeep\n|turn|15\n|\n|t:|1699647400\n|move|p1a: Volcarona|Fiery Dance|p2a: COw bat (lol)\n|-damage|p2a: COw bat (lol)|4\/100\n|move|p2a: COw bat (lol)|Air Slash|p1a: Volcarona\n|-damage|p1a: Volcarona|0 fnt\n|faint|p1a: Volcarona\n|\n|upkeep\n|-message|Mantis God is Op forfeited.\n|\n|win|ReptileMedias\n|raw|Mantis God is Op's rating: 1133 &rarr; <strong>1110<\/strong><br \/>(-23 for losing)\n|raw|ReptileMedias's rating: 1158 &rarr; <strong>1181<\/strong><br \/>(+23 for winning)\n|l|\u2606Mantis God is Op\n","uploadtime":1699647408,"views":4,"p1id":"mantisgodisop","p2id":"reptilemedias","formatid":"gen9nationaldex","rating":1110,"private":0,"password":""}