{"id":"gen9nationaldex-1999258708","p1":"Minimimik","p2":"bob_0728","format":"[Gen 9] National Dex","log":"|html|<div class=\"broadcast-blue\"><strong>[Gen 9] National Dex is currently suspecting Sneasler! For information on how to participate check out the <a href=\"https:\/\/www.smogon.com\/forums\/threads\/sv-national-dex-suspect-8-just-dance.3731534\/\">suspect thread<\/a>.<\/strong><\/div>\n|j|\u2606Minimimik\n|j|\u2606bob_0728\n|t:|1701051762\n|gametype|singles\n|player|p1|Minimimik|n|1517\n|player|p2|bob_0728|266|1572\n|teamsize|p1|6\n|teamsize|p2|6\n|gen|9\n|tier|[Gen 9] National Dex\n|rated|\n|rule|HP Percentage Mod: HP is shown in percentages\n|rule|Endless Battle Clause: Forcing endless battles is banned\n|rule|OHKO Clause: OHKO moves are banned\n|rule|Evasion Clause: Evasion abilities, items, and moves are banned\n|rule|Evasion Abilities Clause: Evasion abilities are banned\n|rule|Evasion Items Clause: Evasion items are banned\n|rule|Evasion Moves Clause: Evasion moves are banned\n|rule|Species Clause: Limit one of each Pok\u00e9mon\n|rule|Sleep Clause Mod: Limit one foe put to sleep\n|clearpoke\n|poke|p1|Toxapex, F|\n|poke|p1|Dondozo, F|\n|poke|p1|Gliscor, F|\n|poke|p1|Blissey, F|\n|poke|p1|Corviknight, F|\n|poke|p1|Tyranitar, F|\n|poke|p2|Hatterene, F|\n|poke|p2|Ursaluna, F|\n|poke|p2|Cresselia, F|\n|poke|p2|Camerupt, M|\n|poke|p2|Mimikyu, F|\n|poke|p2|Glastrier|\n|teampreview\n|\n|t:|1701051772\n|start\n|switch|p1a: Tyranitar|Tyranitar, F|100\/100\n|switch|p2a: Hatterene|Hatterene, F|100\/100\n|-weather|Sandstorm|[from] ability: Sand Stream|[of] p1a: Tyranitar\n|turn|1\n|\n|t:|1701051776\n|detailschange|p1a: Tyranitar|Tyranitar-Mega, F\n|-mega|p1a: Tyranitar|Tyranitar|Tyranitarite\n|move|p1a: Tyranitar|Knock Off|p2a: Hatterene\n|-damage|p2a: Hatterene|39\/100\n|-enditem|p2a: Hatterene|Focus Sash|[from] move: Knock Off|[of] p1a: Tyranitar\n|move|p2a: Hatterene|Trick Room|p2a: Hatterene\n|-fieldstart|move: Trick Room|[of] p2a: Hatterene\n|\n|-weather|Sandstorm|[upkeep]\n|-damage|p2a: Hatterene|33\/100|[from] Sandstorm\n|upkeep\n|turn|2\n|\n|t:|1701051789\n|move|p2a: Hatterene|Mystical Fire|p1a: Tyranitar\n|-resisted|p1a: Tyranitar\n|-damage|p1a: Tyranitar|95\/100\n|-unboost|p1a: Tyranitar|spa|1\n|move|p1a: Tyranitar|Knock Off|p2a: Hatterene\n|-damage|p2a: Hatterene|0 fnt\n|faint|p2a: Hatterene\n|\n|-weather|Sandstorm|[upkeep]\n|upkeep\n|\n|t:|1701051793\n|switch|p2a: Camerupt|Camerupt, M|100\/100\n|turn|3\n|\n|t:|1701051801\n|detailschange|p2a: Camerupt|Camerupt-Mega, M\n|-mega|p2a: Camerupt|Camerupt|Cameruptite\n|move|p2a: Camerupt|Earth Power|p1a: Tyranitar\n|-supereffective|p1a: Tyranitar\n|-damage|p1a: Tyranitar|37\/100\n|move|p1a: Tyranitar|Knock Off|p2a: Camerupt\n|-damage|p2a: Camerupt|62\/100\n|\n|-weather|Sandstorm|[upkeep]\n|upkeep\n|turn|4\n|\n|t:|1701051808\n|switch|p1a: Gliscor|Gliscor, F|100\/100\n|move|p2a: Camerupt|Earth Power|p1a: Gliscor\n|-immune|p1a: Gliscor\n|\n|-weather|Sandstorm|[upkeep]\n|-status|p1a: Gliscor|tox|[from] item: Toxic Orb\n|upkeep\n|turn|5\n|\n|t:|1701051810\n|move|p1a: Gliscor|Protect|p1a: Gliscor\n|-singleturn|p1a: Gliscor|Protect\n|move|p2a: Camerupt|Hidden Power|p1a: Gliscor\n|-activate|p1a: Gliscor|move: Protect\n|\n|-weather|none\n|-fieldend|move: Trick Room\n|upkeep\n|turn|6\n|\n|t:|1701051816\n|switch|p2a: Ursaluna|Ursaluna, F|100\/100\n|move|p1a: Gliscor|Toxic|p2a: Ursaluna|[miss]\n|-miss|p1a: Gliscor|p2a: Ursaluna\n|\n|-status|p2a: Ursaluna|brn|[from] item: Flame Orb\n|upkeep\n|turn|7\n|c|\u2606Minimimik|Okay\n|\n|t:|1701051831\n|-terastallize|p2a: Ursaluna|Normal\n|move|p1a: Gliscor|Earthquake|p2a: Ursaluna\n|-damage|p2a: Ursaluna|78\/100 brn\n|move|p2a: Ursaluna|Facade|p1a: Gliscor\n|-damage|p1a: Gliscor|0 fnt\n|faint|p1a: Gliscor\n|\n|-damage|p2a: Ursaluna|72\/100 brn|[from] brn\n|upkeep\n|\n|t:|1701051840\n|switch|p1a: Dondozo|Dondozo, F|100\/100\n|turn|8\n|\n|t:|1701051842\n|move|p2a: Ursaluna|Facade|p1a: Dondozo\n|-damage|p1a: Dondozo|27\/100\n|move|p1a: Dondozo|Body Press|p2a: Ursaluna\n|-supereffective|p2a: Ursaluna\n|-damage|p2a: Ursaluna|35\/100 brn\n|\n|-damage|p2a: Ursaluna|29\/100 brn|[from] brn\n|upkeep\n|turn|9\n|\n|t:|1701051848\n|move|p2a: Ursaluna|Facade|p1a: Dondozo\n|-damage|p1a: Dondozo|0 fnt\n|faint|p1a: Dondozo\n|\n|-damage|p2a: Ursaluna|23\/100 brn|[from] brn\n|upkeep\n|\n|t:|1701051849\n|switch|p1a: Tyranitar|Tyranitar-Mega, F|37\/100\n|-weather|Sandstorm|[from] ability: Sand Stream|[of] p1a: Tyranitar\n|turn|10\n|\n|t:|1701051853\n|switch|p2a: Camerupt|Camerupt-Mega, M|62\/100\n|move|p1a: Tyranitar|Knock Off|p2a: Camerupt\n|-damage|p2a: Camerupt|24\/100\n|\n|-weather|Sandstorm|[upkeep]\n|upkeep\n|turn|11\n|\n|t:|1701051860\n|move|p1a: Tyranitar|Knock Off|p2a: Camerupt\n|-damage|p2a: Camerupt|0 fnt\n|faint|p2a: Camerupt\n|\n|-weather|Sandstorm|[upkeep]\n|upkeep\n|\n|t:|1701051862\n|switch|p2a: Glastrier|Glastrier|100\/100\n|turn|12\n|\n|t:|1701051866\n|move|p1a: Tyranitar|Rest|p1a: Tyranitar\n|-status|p1a: Tyranitar|slp|[from] move: Rest\n|-heal|p1a: Tyranitar|100\/100 slp|[silent]\n|move|p2a: Glastrier|Icicle Spear|p1a: Tyranitar\n|-damage|p1a: Tyranitar|92\/100 slp\n|-damage|p1a: Tyranitar|82\/100 slp\n|-damage|p1a: Tyranitar|73\/100 slp\n|-damage|p1a: Tyranitar|64\/100 slp\n|-hitcount|p1a: Tyranitar|4\n|\n|-weather|Sandstorm|[upkeep]\n|-damage|p2a: Glastrier|94\/100|[from] Sandstorm\n|upkeep\n|turn|13\n|\n|t:|1701051869\n|switch|p1a: Corviknight|Corviknight, F|100\/100\n|-ability|p1a: Corviknight|Pressure\n|move|p2a: Glastrier|Close Combat|p1a: Corviknight\n|-damage|p1a: Corviknight|60\/100\n|-unboost|p2a: Glastrier|def|1\n|-unboost|p2a: Glastrier|spd|1\n|\n|-weather|Sandstorm|[upkeep]\n|-damage|p2a: Glastrier|88\/100|[from] Sandstorm\n|-heal|p1a: Corviknight|67\/100|[from] item: Leftovers\n|upkeep\n|turn|14\n|\n|t:|1701051873\n|switch|p2a: Cresselia|Cresselia, F|100\/100\n|move|p1a: Corviknight|Roost|p1a: Corviknight\n|-heal|p1a: Corviknight|100\/100\n|-singleturn|p1a: Corviknight|move: Roost\n|\n|-weather|none\n|upkeep\n|turn|15\n|\n|t:|1701051880\n|move|p2a: Cresselia|Lunar Dance|p2a: Cresselia\n|faint|p2a: Cresselia\n|move|p1a: Corviknight|Iron Head|p2: Cresselia|[notarget]\n|-fail|p1a: Corviknight\n|\n|upkeep\n|\n|t:|1701051882\n|switch|p2a: Ursaluna|Ursaluna, F, tera:Normal|23\/100 brn\n|-heal|p2a: Ursaluna|100\/100|[from] move: Lunar Dance\n|turn|16\n|c|\u2606Minimimik|Not funny\n|\n|t:|1701051893\n|move|p1a: Corviknight|Iron Head|p2a: Ursaluna\n|-damage|p2a: Ursaluna|83\/100\n|move|p2a: Ursaluna|Fire Punch|p1a: Corviknight\n|-supereffective|p1a: Corviknight\n|-damage|p1a: Corviknight|50\/100\n|\n|-heal|p1a: Corviknight|56\/100|[from] item: Leftovers\n|-status|p2a: Ursaluna|brn|[from] item: Flame Orb\n|upkeep\n|turn|17\n|\n|t:|1701051901\n|switch|p1a: Toxapex|Toxapex, F|100\/100\n|move|p2a: Ursaluna|Fire Punch|p1a: Toxapex\n|-resisted|p1a: Toxapex\n|-damage|p1a: Toxapex|86\/100\n|\n|-damage|p2a: Ursaluna|77\/100 brn|[from] brn\n|upkeep\n|turn|18\n|\n|t:|1701051905\n|move|p2a: Ursaluna|Facade|p1a: Toxapex\n|-damage|p1a: Toxapex|0 fnt\n|faint|p1a: Toxapex\n|\n|-damage|p2a: Ursaluna|71\/100 brn|[from] brn\n|upkeep\n|l|\u2606Minimimik\n|player|p1|\n|j|\u2606Minimimik\n|player|p1|Minimimik|n\n|l|\u2606Minimimik\n|player|p1|\n|inactive|Battle timer is ON: inactive players will automatically lose when time's up. (requested by bob_0728)\n|j|\u2606Minimimik\n|inactive|Minimimik reconnected and has 145 seconds left.\n|player|p1|Minimimik|n\n|\n|t:|1701051943\n|switch|p1a: Corviknight|Corviknight, F|56\/100\n|-ability|p1a: Corviknight|Pressure\n|turn|19\n|\n|t:|1701051949\n|move|p1a: Corviknight|Iron Head|p2a: Ursaluna\n|-damage|p2a: Ursaluna|53\/100 brn\n|move|p2a: Ursaluna|Fire Punch|p1a: Corviknight\n|-supereffective|p1a: Corviknight\n|-damage|p1a: Corviknight|0 fnt\n|faint|p1a: Corviknight\n|\n|-damage|p2a: Ursaluna|47\/100 brn|[from] brn\n|upkeep\n|\n|t:|1701051956\n|switch|p1a: Tyranitar|Tyranitar-Mega, F|64\/100 slp\n|-weather|Sandstorm|[from] ability: Sand Stream|[of] p1a: Tyranitar\n|turn|20\n|\n|t:|1701051958\n|cant|p1a: Tyranitar|slp\n|move|p2a: Ursaluna|Headlong Rush|p1a: Tyranitar\n|-supereffective|p1a: Tyranitar\n|-damage|p1a: Tyranitar|0 fnt\n|-unboost|p2a: Ursaluna|def|1\n|-unboost|p2a: Ursaluna|spd|1\n|faint|p1a: Tyranitar\n|\n|-weather|Sandstorm|[upkeep]\n|-damage|p2a: Ursaluna|40\/100 brn|[from] Sandstorm\n|-damage|p2a: Ursaluna|34\/100 brn|[from] brn\n|upkeep\n|\n|t:|1701051961\n|switch|p1a: Blissey|Blissey, F|100\/100\n|turn|21\n|\n|t:|1701051965\n|move|p1a: Blissey|Seismic Toss|p2a: Ursaluna\n|-damage|p2a: Ursaluna|13\/100 brn\n|move|p2a: Ursaluna|Facade|p1a: Blissey\n|-damage|p1a: Blissey|0 fnt\n|faint|p1a: Blissey\n|\n|win|bob_0728\n|raw|Minimimik's rating: 1517 &rarr; <strong>1500<\/strong><br \/>(-17 for losing)\n|raw|bob_0728's rating: 1572 &rarr; <strong>1589<\/strong><br \/>(+17 for winning)\n|l|\u2606Minimimik\n","uploadtime":1701051971,"views":14,"p1id":"minimimik","p2id":"bob0728","formatid":"gen9nationaldex","rating":1500,"private":0,"password":""}