{"id":"gen9nationaldex-1988682153","p1":"VarcoDoesBattles","p2":"flysix","format":"[Gen 9] National Dex","log":"|j|\u2606VarcoDoesBattles\n|j|\u2606flysix\n|t:|1699750054\n|gametype|singles\n|player|p1|VarcoDoesBattles|phorus-unite|1505\n|player|p2|flysix|rosa|1506\n|teamsize|p1|6\n|teamsize|p2|6\n|gen|9\n|tier|[Gen 9] National Dex\n|rated|\n|rule|HP Percentage Mod: HP is shown in percentages\n|rule|Endless Battle Clause: Forcing endless battles is banned\n|rule|OHKO Clause: OHKO moves are banned\n|rule|Evasion Clause: Evasion abilities, items, and moves are banned\n|rule|Evasion Abilities Clause: Evasion abilities are banned\n|rule|Evasion Items Clause: Evasion items are banned\n|rule|Evasion Moves Clause: Evasion moves are banned\n|rule|Species Clause: Limit one of each Pok\u00e9mon\n|rule|Sleep Clause Mod: Limit one foe put to sleep\n|clearpoke\n|poke|p1|Aggron, F|\n|poke|p1|Tapu Fini|\n|poke|p1|Landorus-Therian, M|\n|poke|p1|Ribombee, F|\n|poke|p1|Mr. Rime, M|\n|poke|p1|Banette, F|\n|poke|p2|Torterra, M|\n|poke|p2|Ninetales-Alola, M|\n|poke|p2|Quaquaval, F|\n|poke|p2|Heatran, M|\n|poke|p2|Armarouge, M|\n|poke|p2|Kommo-o, F|\n|teampreview\n|\n|t:|1699750071\n|start\n|switch|p1a: Pav|Ribombee, F|100\/100\n|switch|p2a: Heatran|Heatran, M|100\/100\n|-item|p2a: Heatran|Air Balloon\n|turn|1\n|inactive|Battle timer is ON: inactive players will automatically lose when time's up. (requested by flysix)\n|\n|t:|1699750087\n|move|p1a: Pav|Sticky Web|p2a: Heatran\n|-sidestart|p2: flysix|move: Sticky Web\n|move|p2a: Heatran|Stealth Rock|p1a: Pav\n|-sidestart|p1: VarcoDoesBattles|move: Stealth Rock\n|\n|upkeep\n|turn|2\n|\n|t:|1699750095\n|switch|p1a: Smash Inside|Tapu Fini|100\/100\n|-damage|p1a: Smash Inside|88\/100|[from] Stealth Rock\n|-fieldstart|move: Misty Terrain|[from] ability: Misty Surge|[of] p1a: Smash Inside\n|move|p2a: Heatran|Magma Storm|p1a: Smash Inside|[miss]\n|-miss|p2a: Heatran|p1a: Smash Inside\n|\n|-heal|p1a: Smash Inside|94\/100|[from] item: Leftovers\n|upkeep\n|turn|3\n|\n|t:|1699750107\n|switch|p2a: Ninetales|Ninetales-Alola, M|100\/100\n|-activate|p2a: Ninetales|move: Sticky Web\n|-unboost|p2a: Ninetales|spe|1\n|-weather|Snow|[from] ability: Snow Warning|[of] p2a: Ninetales\n|move|p1a: Smash Inside|Hydro Pump|p2a: Ninetales\n|-damage|p2a: Ninetales|62\/100\n|\n|-weather|Snow|[upkeep]\n|-heal|p1a: Smash Inside|99\/100|[from] item: Leftovers\n|upkeep\n|turn|4\n|\n|t:|1699750136\n|move|p1a: Smash Inside|Hydro Pump|p2a: Ninetales\n|-damage|p2a: Ninetales|22\/100\n|move|p2a: Ninetales|Aurora Veil|p2a: Ninetales\n|-sidestart|p2: flysix|move: Aurora Veil\n|\n|-weather|Snow|[upkeep]\n|-heal|p1a: Smash Inside|100\/100|[from] item: Leftovers\n|upkeep\n|turn|5\n|\n|t:|1699750150\n|switch|p1a: Joe|Mr. Rime, M|100\/100\n|-activate|p1a: Joe|ability: Screen Cleaner\n|-sideend|p2: flysix|move: Aurora Veil\n|switch|p2a: Quaquaval|Quaquaval, F|100\/100\n|\n|-weather|Snow|[upkeep]\n|upkeep\n|turn|6\n|\n|t:|1699750158\n|move|p2a: Quaquaval|Rapid Spin|p1a: Joe\n|-damage|p1a: Joe|86\/100\n|-boost|p2a: Quaquaval|spe|1\n|-sideend|p2: flysix|Sticky Web|[from] move: Rapid Spin|[of] p2a: Quaquaval\n|move|p1a: Joe|Encore|p2a: Quaquaval\n|-start|p2a: Quaquaval|Encore\n|\n|-weather|Snow|[upkeep]\n|-fieldend|Misty Terrain\n|upkeep\n|turn|7\n|\n|t:|1699750171\n|switch|p2a: Heatran|Heatran, M|100\/100\n|-item|p2a: Heatran|Air Balloon\n|move|p1a: Joe|Rapid Spin|p2a: Heatran\n|-resisted|p2a: Heatran\n|-damage|p2a: Heatran|96\/100\n|-boost|p1a: Joe|spe|1\n|-enditem|p2a: Heatran|Air Balloon\n|-sideend|p1: VarcoDoesBattles|Stealth Rock|[from] move: Rapid Spin|[of] p1a: Joe\n|\n|-weather|none\n|upkeep\n|turn|8\n|\n|t:|1699750183\n|switch|p1a: Smash Inside|Tapu Fini|100\/100\n|-fieldstart|move: Misty Terrain|[from] ability: Misty Surge|[of] p1a: Smash Inside\n|move|p2a: Heatran|Stealth Rock|p1a: Smash Inside\n|-sidestart|p1: VarcoDoesBattles|move: Stealth Rock\n|\n|upkeep\n|turn|9\n|\n|t:|1699750187\n|move|p2a: Heatran|Steel Beam|p1a: Smash Inside\n|-damage|p1a: Smash Inside|51\/100\n|-damage|p2a: Heatran|46\/100|[from] steelbeam\n|move|p1a: Smash Inside|Hydro Pump|p2a: Heatran|[miss]\n|-miss|p1a: Smash Inside|p2a: Heatran\n|\n|-heal|p1a: Smash Inside|57\/100|[from] item: Leftovers\n|upkeep\n|turn|10\n|\n|t:|1699750196\n|move|p2a: Heatran|Steel Beam|p1a: Smash Inside\n|-damage|p1a: Smash Inside|4\/100\n|-damage|p2a: Heatran|0 fnt|[from] steelbeam\n|faint|p2a: Heatran\n|move|p1a: Smash Inside|Hydro Pump|p2: Heatran|[notarget]\n|-fail|p1a: Smash Inside\n|\n|-heal|p1a: Smash Inside|10\/100|[from] item: Leftovers\n|upkeep\n|\n|t:|1699750202\n|switch|p2a: Quaquaval|Quaquaval, F|100\/100\n|turn|11\n|\n|t:|1699750209\n|move|p1a: Smash Inside|Moonblast|p2a: Quaquaval\n|-supereffective|p2a: Quaquaval\n|-damage|p2a: Quaquaval|18\/100\n|-unboost|p2a: Quaquaval|spa|1\n|move|p2a: Quaquaval|Rapid Spin|p1a: Smash Inside\n|-damage|p1a: Smash Inside|0 fnt\n|-boost|p2a: Quaquaval|spe|1\n|faint|p1a: Smash Inside\n|-ability|p2a: Quaquaval|Moxie|boost\n|-boost|p2a: Quaquaval|atk|1\n|\n|upkeep\n|\n|t:|1699750218\n|switch|p1a: Jeremy|Banette, F|100\/100\n|-damage|p1a: Jeremy|88\/100|[from] Stealth Rock\n|turn|12\n|\n|t:|1699750225\n|switch|p2a: Monkey Posession|Armarouge, M|100\/100\n|detailschange|p1a: Jeremy|Banette-Mega, F\n|-mega|p1a: Jeremy|Banette|Banettite\n|move|p1a: Jeremy|Shadow Sneak|p2a: Monkey Posession\n|-supereffective|p2a: Monkey Posession\n|-damage|p2a: Monkey Posession|61\/100\n|-ability|p2a: Monkey Posession|Weak Armor|boost\n|-unboost|p2a: Monkey Posession|def|1\n|-boost|p2a: Monkey Posession|spe|2\n|-enditem|p2a: Monkey Posession|Weakness Policy\n|-boost|p2a: Monkey Posession|atk|2|[from] item: Weakness Policy\n|-boost|p2a: Monkey Posession|spa|2|[from] item: Weakness Policy\n|\n|-fieldend|Misty Terrain\n|upkeep\n|turn|13\n|inactive|VarcoDoesBattles has 120 seconds left.\n|inactive|VarcoDoesBattles has 90 seconds left.\n|\n|t:|1699750287\n|move|p1a: Jeremy|Destiny Bond|p1a: Jeremy\n|-singlemove|p1a: Jeremy|Destiny Bond\n|move|p2a: Monkey Posession|Stored Power|p1a: Jeremy\n|-damage|p1a: Jeremy|0 fnt\n|faint|p1a: Jeremy\n|-activate|p1a: Jeremy|move: Destiny Bond\n|faint|p2a: Monkey Posession\n|\n|upkeep\n|\n|t:|1699750294\n|switch|p2a: Torterra|Torterra, M|100\/100\n|switch|p1a: Joe|Mr. Rime, M|86\/100\n|turn|14\n|\n|t:|1699750298\n|switch|p2a: Quaquaval|Quaquaval, F|18\/100\n|move|p1a: Joe|Freeze-Dry|p2a: Quaquaval\n|-supereffective|p2a: Quaquaval\n|-damage|p2a: Quaquaval|0 fnt\n|faint|p2a: Quaquaval\n|\n|upkeep\n|\n|t:|1699750303\n|switch|p2a: Ninetales|Ninetales-Alola, M|22\/100\n|-weather|Snow|[from] ability: Snow Warning|[of] p2a: Ninetales\n|turn|15\n|\n|t:|1699750307\n|move|p2a: Ninetales|Encore|p1a: Joe\n|-start|p1a: Joe|Encore\n|move|p1a: Joe|Freeze-Dry|p2a: Ninetales\n|-resisted|p2a: Ninetales\n|-damage|p2a: Ninetales|8\/100\n|\n|-weather|Snow|[upkeep]\n|upkeep\n|turn|16\n|\n|t:|1699750314\n|switch|p1a: Pav|Ribombee, F|100\/100\n|-damage|p1a: Pav|76\/100|[from] Stealth Rock\n|move|p2a: Ninetales|Aurora Veil|p2a: Ninetales\n|-sidestart|p2: flysix|move: Aurora Veil\n|\n|-weather|Snow|[upkeep]\n|upkeep\n|turn|17\n|\n|t:|1699750321\n|switch|p2a: Torterra|Torterra, M|100\/100\n|move|p1a: Pav|Sticky Web|p2a: Torterra\n|-sidestart|p2: flysix|move: Sticky Web\n|\n|-weather|Snow|[upkeep]\n|upkeep\n|turn|18\n|\n|t:|1699750326\n|move|p1a: Pav|Quiver Dance|p1a: Pav\n|-boost|p1a: Pav|spa|1\n|-boost|p1a: Pav|spd|1\n|-boost|p1a: Pav|spe|1\n|move|p2a: Torterra|Shell Smash|p2a: Torterra\n|-unboost|p2a: Torterra|def|1\n|-unboost|p2a: Torterra|spd|1\n|-boost|p2a: Torterra|atk|2\n|-boost|p2a: Torterra|spa|2\n|-boost|p2a: Torterra|spe|2\n|\n|-weather|Snow|[upkeep]\n|upkeep\n|turn|19\n|\n|t:|1699750333\n|-terastallize|p2a: Torterra|Rock\n|move|p1a: Pav|Bug Buzz|p2a: Torterra\n|-damage|p2a: Torterra|54\/100\n|move|p2a: Torterra|Shell Smash|p2a: Torterra\n|-unboost|p2a: Torterra|def|1\n|-unboost|p2a: Torterra|spd|1\n|-boost|p2a: Torterra|atk|2\n|-boost|p2a: Torterra|spa|2\n|-boost|p2a: Torterra|spe|2\n|\n|-weather|none\n|upkeep\n|turn|20\n|\n|t:|1699750341\n|move|p2a: Torterra|Rock Blast|p1a: Pav\n|-supereffective|p1a: Pav\n|-damage|p1a: Pav|0 fnt\n|faint|p1a: Pav\n|-hitcount|p1: Pav|1\n|\n|upkeep\n|inactive|VarcoDoesBattles has 120 seconds left.\n|j| XYStarshine.\u661f\u8000\n|\n|t:|1699750384\n|switch|p1a: Tsukina|Aggron, F|100\/100\n|-damage|p1a: Tsukina|94\/100|[from] Stealth Rock\n|turn|21\n|\n|t:|1699750388\n|-terastallize|p1a: Tsukina|Fairy\n|move|p2a: Torterra|Bullet Seed|p1a: Tsukina\n|-damage|p1a: Tsukina|73\/100\n|-damage|p1a: Tsukina|51\/100\n|-damage|p1a: Tsukina|30\/100\n|-damage|p1a: Tsukina|8\/100\n|-hitcount|p1a: Tsukina|4\n|move|p1a: Tsukina|Body Press|p2a: Torterra\n|-supereffective|p2a: Torterra\n|-damage|p2a: Torterra|0 fnt\n|faint|p2a: Torterra\n|\n|upkeep\n|\n|t:|1699750399\n|switch|p2a: Kommo-o|Kommo-o, F|100\/100\n|-activate|p2a: Kommo-o|move: Sticky Web\n|-unboost|p2a: Kommo-o|spe|1\n|turn|22\n|-enditem|p1a: Tsukina|Custap Berry|[eat]\n|-activate|p1a: Tsukina|item: Custap Berry|[consumed]\n|\n|t:|1699750406\n|move|p1a: Tsukina|Thunder Wave|p2a: Kommo-o\n|-status|p2a: Kommo-o|par\n|move|p2a: Kommo-o|Clangorous Soul|p2a: Kommo-o\n|-boost|p2a: Kommo-o|atk|1\n|-boost|p2a: Kommo-o|def|1\n|-boost|p2a: Kommo-o|spa|1\n|-boost|p2a: Kommo-o|spd|1\n|-boost|p2a: Kommo-o|spe|1\n|-damage|p2a: Kommo-o|68\/100 par\n|\n|upkeep\n|turn|23\n|\n|t:|1699750418\n|move|p2a: Kommo-o|Flash Cannon|p1a: Tsukina\n|-supereffective|p1a: Tsukina\n|-crit|p1a: Tsukina\n|-damage|p1a: Tsukina|0 fnt\n|faint|p1a: Tsukina\n|\n|-sideend|p2: flysix|move: Aurora Veil\n|upkeep\n|\n|t:|1699750426\n|switch|p1a: Tavish|Landorus-Therian, M|100\/100\n|-damage|p1a: Tavish|88\/100|[from] Stealth Rock\n|-ability|p1a: Tavish|Intimidate|boost\n|-unboost|p2a: Kommo-o|atk|1\n|turn|24\n|\n|t:|1699750437\n|move|p1a: Tavish|Explosion|p2a: Kommo-o\n|-damage|p2a: Kommo-o|0 fnt\n|faint|p1a: Tavish\n|faint|p2a: Kommo-o\n|\n|upkeep\n|-message|flysix forfeited.\n|\n|win|VarcoDoesBattles\n|raw|VarcoDoesBattles's rating: 1505 &rarr; <strong>1525<\/strong><br \/>(+20 for winning)\n|raw|flysix's rating: 1506 &rarr; <strong>1486<\/strong><br \/>(-20 for losing)\n|l|\u2606VarcoDoesBattles\n","uploadtime":1699750454,"views":5,"p1id":"varcodoesbattles","p2id":"flysix","formatid":"gen9nationaldex","rating":1486,"private":0,"password":""}