{"id":"gen9nationaldex-1988233983","p1":"Brian_55544","p2":"The power of ROCK","format":"[Gen 9] National Dex","log":"|j|\u2606Brian_55544\n|j|\u2606The power of ROCK\n|inactive|Battle timer is ON: inactive players will automatically lose when time's up.\n|t:|1699690850\n|gametype|singles\n|player|p1|Brian_55544|bellelba|\n|player|p2|The power of ROCK|roark|\n|teamsize|p1|6\n|teamsize|p2|6\n|gen|9\n|tier|[Gen 9] National Dex\n|rated|Tournament battle\n|rule|HP Percentage Mod: HP is shown in percentages\n|rule|Endless Battle Clause: Forcing endless battles is banned\n|rule|OHKO Clause: OHKO moves are banned\n|rule|Evasion Clause: Evasion abilities, items, and moves are banned\n|rule|Evasion Abilities Clause: Evasion abilities are banned\n|rule|Evasion Items Clause: Evasion items are banned\n|rule|Evasion Moves Clause: Evasion moves are banned\n|rule|Species Clause: Limit one of each Pok\u00e9mon\n|rule|Sleep Clause Mod: Limit one foe put to sleep\n|clearpoke\n|poke|p1|Sceptile, M|\n|poke|p1|Golisopod, F|\n|poke|p1|Cobalion|\n|poke|p1|Kyurem|\n|poke|p1|Porygon2|\n|poke|p1|Blacephalon|\n|poke|p2|Tyranitar, F|\n|poke|p2|Garganacl, M|\n|poke|p2|Aggron, M|\n|poke|p2|Cradily, F|\n|poke|p2|Glimmora, M|\n|poke|p2|Stakataka|\n|teampreview\n|j| FlamingThunderG0d\n|c|\u2606The power of ROCK|Welcome to the ROCK gym\n|j| thebestever543\n|c|\u2606Brian_55544|cool\n|j| programofuse\n|inactive|Brian_55544 has 120 seconds left.\n|c|\u2606Brian_55544|why you like rock pokemon\n|\n|t:|1699690896\n|start\n|switch|p1a: Blacephalon|Blacephalon, shiny|100\/100\n|switch|p2a: Glimmora|Glimmora, M|100\/100\n|turn|1\n|j| walpurgisnuit\n|c|\u2606The power of ROCK|because they are REALLY powerful together\n|\n|t:|1699690913\n|switch|p2a: Tyranitar|Tyranitar, F|100\/100\n|-weather|Sandstorm|[from] ability: Sand Stream|[of] p2a: Tyranitar\n|move|p1a: Blacephalon|Psychic|p2a: Tyranitar\n|-immune|p2a: Tyranitar\n|\n|-weather|Sandstorm|[upkeep]\n|-damage|p1a: Blacephalon|94\/100|[from] Sandstorm\n|upkeep\n|turn|2\n|\n|t:|1699690918\n|-activate|p1a: Blacephalon|move: Pursuit\n|move|p2a: Tyranitar|Pursuit|p1a: Blacephalon|[from]Pursuit\n|-supereffective|p1a: Blacephalon\n|-damage|p1a: Blacephalon|0 fnt\n|faint|p1a: Blacephalon\n|-hint|A Pokemon can't switch between when it runs out of HP and when it faints\n|\n|-weather|Sandstorm|[upkeep]\n|upkeep\n|\n|t:|1699690925\n|switch|p1a: Cobalion|Cobalion|100\/100\n|turn|3\n|\n|t:|1699690928\n|switch|p2a: Glimmora|Glimmora, M|100\/100\n|move|p1a: Cobalion|Close Combat|p2a: Glimmora\n|-damage|p2a: Glimmora|19\/100\n|-unboost|p1a: Cobalion|def|1\n|-unboost|p1a: Cobalion|spd|1\n|-activate|p2a: Glimmora|ability: Toxic Debris\n|-sidestart|p1: Brian_55544|move: Toxic Spikes\n|-damage|p1a: Cobalion|91\/100|[from] item: Life Orb\n|\n|-weather|Sandstorm|[upkeep]\n|upkeep\n|turn|4\n|\n|t:|1699690934\n|move|p2a: Glimmora|Earth Power|p1a: Cobalion\n|-supereffective|p1a: Cobalion\n|-damage|p1a: Cobalion|0 fnt\n|faint|p1a: Cobalion\n|\n|-weather|Sandstorm|[upkeep]\n|upkeep\n|c| thebestever543|This is blacephalons worst nightmare\n|c|\u2606Brian_55544|you Choice Scarf\n|\n|t:|1699690959\n|switch|p1a: Porygon2|Porygon2, shiny|100\/100\n|-status|p1a: Porygon2|psn\n|-ability|p1a: Porygon2|Toxic Debris|[from] ability: Trace|[of] p2a: Glimmora\n|turn|5\n|c|\u2606The power of ROCK|ye\n|c|\u2606Brian_55544|why\n|\n|t:|1699690968\n|switch|p2a: Stakataka|Stakataka|100\/100\n|move|p1a: Porygon2|Psychic|p2a: Stakataka\n|-resisted|p2a: Stakataka\n|-damage|p2a: Stakataka|93\/100\n|\n|-weather|none\n|-damage|p1a: Porygon2|88\/100 psn|[from] psn\n|upkeep\n|turn|6\n|\n|t:|1699690974\n|move|p1a: Porygon2|Thunder Wave|p2a: Stakataka\n|-status|p2a: Stakataka|par\n|move|p2a: Stakataka|Trick Room|p2a: Stakataka\n|-fieldstart|move: Trick Room|[of] p2a: Stakataka\n|\n|-damage|p1a: Porygon2|76\/100 psn|[from] psn\n|upkeep\n|turn|7\n|\n|t:|1699690980\n|switch|p2a: Garganacl|Garganacl, M|100\/100\n|move|p1a: Porygon2|Psychic|p2a: Garganacl\n|-damage|p2a: Garganacl|86\/100\n|-enditem|p2a: Garganacl|Maranga Berry|[eat]\n|-boost|p2a: Garganacl|spd|1|[from] item: Maranga Berry\n|\n|-damage|p1a: Porygon2|64\/100 psn|[from] psn\n|upkeep\n|turn|8\n|\n|t:|1699690985\n|move|p2a: Garganacl|Iron Defense|p2a: Garganacl\n|-boost|p2a: Garganacl|def|2\n|move|p1a: Porygon2|Tri Attack|p2a: Garganacl\n|-resisted|p2a: Garganacl\n|-damage|p2a: Garganacl|79\/100\n|\n|-damage|p1a: Porygon2|51\/100 psn|[from] psn\n|upkeep\n|turn|9\n|\n|t:|1699690990\n|move|p2a: Garganacl|Iron Defense|p2a: Garganacl\n|-boost|p2a: Garganacl|def|2\n|move|p1a: Porygon2|Thunder Wave|p2a: Garganacl\n|-immune|p2a: Garganacl|[from] ability: Purifying Salt\n|\n|-damage|p1a: Porygon2|39\/100 psn|[from] psn\n|upkeep\n|turn|10\n|\n|t:|1699690996\n|move|p2a: Garganacl|Iron Defense|p2a: Garganacl\n|-boost|p2a: Garganacl|def|2\n|move|p1a: Porygon2|Tri Attack|p2a: Garganacl\n|-resisted|p2a: Garganacl\n|-damage|p2a: Garganacl|73\/100\n|\n|-damage|p1a: Porygon2|27\/100 psn|[from] psn\n|-fieldend|move: Trick Room\n|upkeep\n|turn|11\n|\n|t:|1699691001\n|move|p1a: Porygon2|Tri Attack|p2a: Garganacl\n|-resisted|p2a: Garganacl\n|-damage|p2a: Garganacl|66\/100\n|move|p2a: Garganacl|Salt Cure|p1a: Porygon2\n|-damage|p1a: Porygon2|18\/100 psn\n|-start|p1a: Porygon2|Salt Cure\n|-activate|p1a: Porygon2|ability: Toxic Debris\n|-sidestart|p2: The power of ROCK|move: Toxic Spikes\n|\n|-damage|p1a: Porygon2|5\/100 psn|[from] psn\n|-damage|p1a: Porygon2|0 fnt|[from] Salt Cure\n|faint|p1a: Porygon2\n|upkeep\n|\n|t:|1699691011\n|switch|p1a: Sceptile|Sceptile, M, shiny|100\/100\n|-status|p1a: Sceptile|psn\n|turn|12\n|\n|t:|1699691014\n|detailschange|p1a: Sceptile|Sceptile-Mega, M, shiny\n|-mega|p1a: Sceptile|Sceptile|Sceptilite\n|-terastallize|p2a: Garganacl|Ghost\n|move|p1a: Sceptile|Leaf Blade|p2a: Garganacl\n|-damage|p2a: Garganacl|59\/100\n|move|p2a: Garganacl|Recover|p2a: Garganacl\n|-heal|p2a: Garganacl|100\/100\n|\n|-damage|p1a: Sceptile|88\/100 psn|[from] psn\n|upkeep\n|turn|13\n|\n|t:|1699691023\n|move|p1a: Sceptile|Swords Dance|p1a: Sceptile\n|-boost|p1a: Sceptile|atk|2\n|move|p2a: Garganacl|Body Press|p1a: Sceptile\n|-damage|p1a: Sceptile|0 fnt\n|faint|p1a: Sceptile\n|\n|upkeep\n|\n|t:|1699691026\n|switch|p1a: Golisopod|Golisopod, F|100\/100\n|-status|p1a: Golisopod|psn\n|turn|14\n|\n|t:|1699691029\n|move|p1a: Golisopod|First Impression|p2a: Garganacl\n|-resisted|p2a: Garganacl\n|-damage|p2a: Garganacl|96\/100\n|move|p2a: Garganacl|Salt Cure|p1a: Golisopod\n|-supereffective|p1a: Golisopod\n|-damage|p1a: Golisopod|80\/100 psn\n|-start|p1a: Golisopod|Salt Cure\n|\n|-heal|p1a: Golisopod|86\/100 psn|[from] item: Leftovers\n|-damage|p1a: Golisopod|73\/100 psn|[from] psn\n|-damage|p1a: Golisopod|49\/100 psn|[from] Salt Cure\n|upkeep\n|-activate|p1a: Golisopod|ability: Emergency Exit\n|\n|t:|1699691032\n|switch|p1a: Kyurem|Kyurem|100\/100\n|-status|p1a: Kyurem|psn\n|-ability|p1a: Kyurem|Pressure\n|turn|15\n|\n|t:|1699691035\n|-terastallize|p1a: Kyurem|Dragon\n|move|p1a: Kyurem|Draco Meteor|p2a: Garganacl\n|-damage|p2a: Garganacl|58\/100\n|-unboost|p1a: Kyurem|spa|2\n|move|p2a: Garganacl|Body Press|p1a: Kyurem\n|-damage|p1a: Kyurem|11\/100 psn\n|\n|-damage|p1a: Kyurem|0 fnt|[from] psn\n|faint|p1a: Kyurem\n|upkeep\n|c|\u2606Brian_55544|gg\n|c|\u2606The power of ROCK|gg\n|-message|Brian_55544 forfeited.\n|\n|win|The power of ROCK\n|n|\u2606Brian_55544|brian55544\n|n|\u2606The power of ROCK|thepowerofrock\n|n| FlamingThunderG0d|flamingthunderg0d\n|n| thebestever543|thebestever543\n|n| programofuse|programofuse\n|n| walpurgisnuit|walpurgisnuit\n|l| walpurgisnuit\n|l|\u2606Brian_55544\n|l| thebestever543\n","uploadtime":1699691049,"views":4,"p1id":"brian55544","p2id":"thepowerofrock","formatid":"gen9nationaldex","rating":0,"private":0,"password":""}