{"id":"gen9nationaldex-1993545112","p1":"XXXmmmelo","p2":"DJRRRR","format":"[Gen 9] National Dex","log":"|j|\u2606XXXmmmelo\n|j|\u2606DJRRRR\n|t:|1700330154\n|gametype|singles\n|player|p1|XXXmmmelo|marnie-masters2|1563\n|player|p2|DJRRRR|roxie|1487\n|teamsize|p1|6\n|teamsize|p2|6\n|gen|9\n|tier|[Gen 9] National Dex\n|rated|\n|rule|HP Percentage Mod: HP is shown in percentages\n|rule|Endless Battle Clause: Forcing endless battles is banned\n|rule|OHKO Clause: OHKO moves are banned\n|rule|Evasion Clause: Evasion abilities, items, and moves are banned\n|rule|Evasion Abilities Clause: Evasion abilities are banned\n|rule|Evasion Items Clause: Evasion items are banned\n|rule|Evasion Moves Clause: Evasion moves are banned\n|rule|Species Clause: Limit one of each Pok\u00e9mon\n|rule|Sleep Clause Mod: Limit one foe put to sleep\n|clearpoke\n|poke|p1|Mawile, F|\n|poke|p1|Rotom-Wash|\n|poke|p1|Moltres|\n|poke|p1|Kleavor, M|\n|poke|p1|Rillaboom, M|\n|poke|p1|Sneasler, M|\n|poke|p2|Greninja-*, M|\n|poke|p2|Pelipper, M|\n|poke|p2|Barraskewda, F|\n|poke|p2|Scizor, M|\n|poke|p2|Dragonite, F|\n|poke|p2|Zapdos|\n|teampreview\n|inactive|Battle timer is ON: inactive players will automatically lose when time's up. (requested by XXXmmmelo)\n|\n|t:|1700330173\n|start\n|switch|p1a: Kleavor|Kleavor, M|100\/100\n|switch|p2a: Scizor|Scizor, M|100\/100\n|turn|1\n|\n|t:|1700330181\n|switch|p1a: Moltres|Moltres|100\/100\n|-ability|p1a: Moltres|Pressure\n|detailschange|p2a: Scizor|Scizor-Mega, M\n|-mega|p2a: Scizor|Scizor|Scizorite\n|move|p2a: Scizor|Bullet Punch|p1a: Moltres\n|-resisted|p1a: Moltres\n|-damage|p1a: Moltres|84\/100\n|\n|upkeep\n|turn|2\n|\n|t:|1700330187\n|switch|p2a: Pelipper|Pelipper, M|100\/100\n|-weather|RainDance|[from] ability: Drizzle|[of] p2a: Pelipper\n|move|p1a: Moltres|Hurricane|p2a: Pelipper\n|-damage|p2a: Pelipper|48\/100\n|-start|p2a: Pelipper|confusion\n|\n|-weather|RainDance|[upkeep]\n|upkeep\n|turn|3\n|\n|t:|1700330202\n|switch|p2a: Zapdos|Zapdos|100\/100\n|move|p1a: Moltres|Hurricane|p2a: Zapdos\n|-resisted|p2a: Zapdos\n|-damage|p2a: Zapdos|72\/100\n|\n|-weather|RainDance|[upkeep]\n|upkeep\n|turn|4\n|\n|t:|1700330222\n|-terastallize|p1a: Moltres|Water\n|move|p2a: Zapdos|Thunder|p1a: Moltres\n|-supereffective|p1a: Moltres\n|-damage|p1a: Moltres|0 fnt\n|faint|p1a: Moltres\n|\n|-weather|RainDance|[upkeep]\n|upkeep\n|\n|t:|1700330230\n|switch|p1a: Melody|Mawile, F|100\/100\n|-ability|p1a: Melody|Intimidate|boost\n|-unboost|p2a: Zapdos|atk|1\n|turn|5\n|\n|t:|1700330239\n|switch|p2a: Scizor|Scizor-Mega, M|100\/100\n|detailschange|p1a: Melody|Mawile-Mega, F\n|-mega|p1a: Melody|Mawile|Mawilite\n|move|p1a: Melody|Swords Dance|p1a: Melody\n|-boost|p1a: Melody|atk|2\n|\n|-weather|RainDance|[upkeep]\n|upkeep\n|turn|6\n|\n|t:|1700330247\n|move|p1a: Melody|Play Rough|p2a: Scizor\n|-resisted|p2a: Scizor\n|-damage|p2a: Scizor|46\/100\n|move|p2a: Scizor|Swords Dance|p2a: Scizor\n|-boost|p2a: Scizor|atk|2\n|\n|-weather|RainDance|[upkeep]\n|upkeep\n|turn|7\n|\n|t:|1700330255\n|move|p2a: Scizor|Bullet Punch|p1a: Melody\n|-damage|p1a: Melody|36\/100\n|move|p1a: Melody|Play Rough|p2a: Scizor\n|-resisted|p2a: Scizor\n|-damage|p2a: Scizor|0 fnt\n|faint|p2a: Scizor\n|\n|-weather|RainDance|[upkeep]\n|upkeep\n|\n|t:|1700330261\n|switch|p2a: Barraskewda|Barraskewda, F|100\/100\n|turn|8\n|\n|t:|1700330266\n|-terastallize|p2a: Barraskewda|Water\n|move|p2a: Barraskewda|Aqua Jet|p1a: Melody\n|-damage|p1a: Melody|0 fnt\n|faint|p1a: Melody\n|\n|-weather|RainDance|[upkeep]\n|upkeep\n|\n|t:|1700330271\n|switch|p1a: Rillaboom|Rillaboom, M|100\/100\n|-fieldstart|move: Grassy Terrain|[from] ability: Grassy Surge|[of] p1a: Rillaboom\n|turn|9\n|\n|t:|1700330281\n|switch|p2a: Dragonite|Dragonite, F|100\/100\n|move|p1a: Rillaboom|U-turn|p2a: Dragonite\n|-resisted|p2a: Dragonite\n|-damage|p2a: Dragonite|92\/100\n|\n|t:|1700330284\n|switch|p1a: Kleavor|Kleavor, M|100\/100|[from] U-turn\n|\n|-weather|none\n|upkeep\n|turn|10\n|\n|t:|1700330298\n|switch|p2a: Greninja|Greninja, M|100\/100\n|move|p1a: Kleavor|Stone Axe|p2a: Greninja\n|-damage|p2a: Greninja|9\/100\n|-sidestart|p2: DJRRRR|move: Stealth Rock\n|\n|-heal|p2a: Greninja|15\/100|[from] Grassy Terrain\n|upkeep\n|turn|11\n|\n|t:|1700330304\n|move|p2a: Greninja|Water Shuriken|p1a: Kleavor\n|-supereffective|p1a: Kleavor\n|-damage|p1a: Kleavor|72\/100\n|-supereffective|p1a: Kleavor\n|-damage|p1a: Kleavor|44\/100\n|-hitcount|p1a: Kleavor|2\n|-damage|p2a: Greninja|5\/100|[from] item: Life Orb\n|move|p1a: Kleavor|Stone Axe|p2a: Greninja\n|-damage|p2a: Greninja|0 fnt\n|faint|p2a: Greninja\n|\n|-heal|p1a: Kleavor|50\/100|[from] Grassy Terrain\n|upkeep\n|\n|t:|1700330314\n|switch|p2a: Barraskewda|Barraskewda, F, tera:Water|100\/100\n|-damage|p2a: Barraskewda|88\/100|[from] Stealth Rock\n|turn|12\n|\n|t:|1700330319\n|move|p2a: Barraskewda|Aqua Jet|p1a: Kleavor\n|-supereffective|p1a: Kleavor\n|-damage|p1a: Kleavor|0 fnt\n|faint|p1a: Kleavor\n|\n|-heal|p2a: Barraskewda|94\/100|[from] Grassy Terrain\n|upkeep\n|\n|t:|1700330324\n|switch|p1a: Rotom|Rotom-Wash, shiny|100\/100\n|turn|13\n|\n|t:|1700330333\n|switch|p2a: Pelipper|Pelipper, M|48\/100\n|-damage|p2a: Pelipper|23\/100|[from] Stealth Rock\n|-weather|RainDance|[from] ability: Drizzle|[of] p2a: Pelipper\n|move|p1a: Rotom|Will-O-Wisp|p2a: Pelipper\n|-status|p2a: Pelipper|brn\n|\n|-weather|RainDance|[upkeep]\n|-damage|p2a: Pelipper|17\/100 brn|[from] brn\n|-fieldend|move: Grassy Terrain\n|upkeep\n|turn|14\n|\n|t:|1700330338\n|move|p1a: Rotom|Volt Switch|p2a: Pelipper\n|-supereffective|p2a: Pelipper\n|-damage|p2a: Pelipper|0 fnt\n|faint|p2a: Pelipper\n|\n|t:|1700330343\n|switch|p1a: Rillaboom|Rillaboom, M|100\/100|[from] Volt Switch\n|-fieldstart|move: Grassy Terrain|[from] ability: Grassy Surge|[of] p1a: Rillaboom\n|\n|-weather|RainDance|[upkeep]\n|upkeep\n|\n|t:|1700330370\n|switch|p2a: Dragonite|Dragonite, F|92\/100\n|turn|15\n|\n|t:|1700330374\n|switch|p1a: Rotom|Rotom-Wash, shiny|100\/100\n|switch|p2a: Barraskewda|Barraskewda, F, tera:Water|94\/100\n|-damage|p2a: Barraskewda|82\/100|[from] Stealth Rock\n|\n|-weather|RainDance|[upkeep]\n|-heal|p2a: Barraskewda|88\/100|[from] Grassy Terrain\n|upkeep\n|turn|16\n|\n|t:|1700330378\n|move|p2a: Barraskewda|Flip Turn|p1a: Rotom\n|-resisted|p1a: Rotom\n|-damage|p1a: Rotom|66\/100\n|\n|t:|1700330381\n|switch|p2a: Zapdos|Zapdos|72\/100|[from] Flip Turn\n|-damage|p2a: Zapdos|47\/100|[from] Stealth Rock\n|move|p1a: Rotom|Will-O-Wisp|p2a: Zapdos\n|-status|p2a: Zapdos|brn\n|\n|-weather|RainDance|[upkeep]\n|-heal|p1a: Rotom|72\/100|[from] item: Leftovers\n|-damage|p2a: Zapdos|40\/100 brn|[from] brn\n|upkeep\n|turn|17\n|\n|t:|1700330390\n|move|p2a: Zapdos|Thunder|p1a: Rotom\n|-damage|p1a: Rotom|11\/100\n|move|p1a: Rotom|Hydro Pump|p2a: Zapdos\n|-damage|p2a: Zapdos|0 fnt\n|faint|p2a: Zapdos\n|\n|-weather|RainDance|[upkeep]\n|-heal|p1a: Rotom|18\/100|[from] item: Leftovers\n|upkeep\n|\n|t:|1700330400\n|switch|p2a: Barraskewda|Barraskewda, F, tera:Water|88\/100\n|-damage|p2a: Barraskewda|76\/100|[from] Stealth Rock\n|turn|18\n|\n|t:|1700330413\n|move|p2a: Barraskewda|Flip Turn|p1a: Rotom\n|-resisted|p1a: Rotom\n|-damage|p1a: Rotom|0 fnt\n|faint|p1a: Rotom\n|\n|t:|1700330414\n|switch|p2a: Dragonite|Dragonite, F|92\/100|[from] Flip Turn\n|\n|-weather|RainDance|[upkeep]\n|-fieldend|move: Grassy Terrain\n|upkeep\n|\n|t:|1700330422\n|switch|p1a: Rillaboom|Rillaboom, M|100\/100\n|-fieldstart|move: Grassy Terrain|[from] ability: Grassy Surge|[of] p1a: Rillaboom\n|turn|19\n|\n|t:|1700330434\n|move|p1a: Rillaboom|U-turn|p2a: Dragonite\n|-resisted|p2a: Dragonite\n|-damage|p2a: Dragonite|73\/100\n|\n|t:|1700330437\n|switch|p1a: Sneasler|Sneasler, M|100\/100|[from] U-turn\n|-enditem|p1a: Sneasler|Grassy Seed\n|-boost|p1a: Sneasler|def|1|[from] item: Grassy Seed\n|move|p2a: Dragonite|Curse|p2a: Dragonite\n|-unboost|p2a: Dragonite|spe|1\n|-boost|p2a: Dragonite|atk|1\n|-boost|p2a: Dragonite|def|1\n|\n|-weather|RainDance|[upkeep]\n|upkeep\n|turn|20\n|\n|t:|1700330441\n|move|p1a: Sneasler|Dire Claw|p2a: Dragonite\n|-damage|p2a: Dragonite|46\/100\n|-status|p2a: Dragonite|psn\n|move|p2a: Dragonite|Roost|p2a: Dragonite\n|-heal|p2a: Dragonite|96\/100 psn\n|-singleturn|p2a: Dragonite|move: Roost\n|\n|-weather|none\n|-heal|p2a: Dragonite|100\/100 psn|[from] Grassy Terrain\n|-damage|p2a: Dragonite|88\/100 psn|[from] psn\n|upkeep\n|turn|21\n|\n|t:|1700330461\n|move|p1a: Sneasler|Acrobatics|p2a: Dragonite\n|-damage|p2a: Dragonite|66\/100 psn\n|move|p2a: Dragonite|Curse|p2a: Dragonite\n|-unboost|p2a: Dragonite|spe|1\n|-boost|p2a: Dragonite|atk|1\n|-boost|p2a: Dragonite|def|1\n|\n|-damage|p2a: Dragonite|53\/100 psn|[from] psn\n|upkeep\n|turn|22\n|\n|t:|1700330471\n|move|p1a: Sneasler|Acrobatics|p2a: Dragonite\n|-damage|p2a: Dragonite|35\/100 psn\n|move|p2a: Dragonite|Roost|p2a: Dragonite\n|-heal|p2a: Dragonite|86\/100 psn\n|-singleturn|p2a: Dragonite|move: Roost\n|\n|-heal|p2a: Dragonite|92\/100 psn|[from] Grassy Terrain\n|-damage|p2a: Dragonite|79\/100 psn|[from] psn\n|upkeep\n|turn|23\n|\n|t:|1700330481\n|move|p1a: Sneasler|Acrobatics|p2a: Dragonite\n|-damage|p2a: Dragonite|62\/100 psn\n|move|p2a: Dragonite|Roost|p2a: Dragonite\n|-heal|p2a: Dragonite|100\/100 psn\n|-singleturn|p2a: Dragonite|move: Roost\n|\n|-damage|p2a: Dragonite|88\/100 psn|[from] psn\n|-fieldend|move: Grassy Terrain\n|upkeep\n|turn|24\n|\n|t:|1700330489\n|move|p1a: Sneasler|Acrobatics|p2a: Dragonite\n|-damage|p2a: Dragonite|70\/100 psn\n|move|p2a: Dragonite|Curse|p2a: Dragonite\n|-unboost|p2a: Dragonite|spe|1\n|-boost|p2a: Dragonite|atk|1\n|-boost|p2a: Dragonite|def|1\n|\n|-damage|p2a: Dragonite|58\/100 psn|[from] psn\n|upkeep\n|turn|25\n|\n|t:|1700330494\n|move|p1a: Sneasler|Acrobatics|p2a: Dragonite\n|-crit|p2a: Dragonite\n|-damage|p2a: Dragonite|8\/100 psn\n|move|p2a: Dragonite|Roost|p2a: Dragonite\n|-heal|p2a: Dragonite|58\/100 psn\n|-singleturn|p2a: Dragonite|move: Roost\n|\n|-damage|p2a: Dragonite|46\/100 psn|[from] psn\n|upkeep\n|turn|26\n|\n|t:|1700330503\n|move|p1a: Sneasler|Acrobatics|p2a: Dragonite\n|-damage|p2a: Dragonite|32\/100 psn\n|move|p2a: Dragonite|Roost|p2a: Dragonite\n|-heal|p2a: Dragonite|82\/100 psn\n|-singleturn|p2a: Dragonite|move: Roost\n|\n|-damage|p2a: Dragonite|69\/100 psn|[from] psn\n|upkeep\n|turn|27\n|\n|t:|1700330521\n|move|p1a: Sneasler|Acrobatics|p2a: Dragonite\n|-damage|p2a: Dragonite|55\/100 psn\n|move|p2a: Dragonite|Roost|p2a: Dragonite\n|-heal|p2a: Dragonite|100\/100 psn\n|-singleturn|p2a: Dragonite|move: Roost\n|\n|-damage|p2a: Dragonite|88\/100 psn|[from] psn\n|upkeep\n|turn|28\n|\n|t:|1700330527\n|move|p1a: Sneasler|Dire Claw|p2a: Dragonite\n|-damage|p2a: Dragonite|71\/100 psn\n|move|p2a: Dragonite|Curse|p2a: Dragonite\n|-unboost|p2a: Dragonite|spe|1\n|-boost|p2a: Dragonite|atk|1\n|-boost|p2a: Dragonite|def|1\n|\n|-damage|p2a: Dragonite|59\/100 psn|[from] psn\n|upkeep\n|turn|29\n|\n|t:|1700330532\n|move|p1a: Sneasler|Dire Claw|p2a: Dragonite\n|-damage|p2a: Dragonite|46\/100 psn\n|move|p2a: Dragonite|Roost|p2a: Dragonite\n|-heal|p2a: Dragonite|96\/100 psn\n|-singleturn|p2a: Dragonite|move: Roost\n|\n|-damage|p2a: Dragonite|84\/100 psn|[from] psn\n|upkeep\n|turn|30\n|\n|t:|1700330540\n|move|p1a: Sneasler|Dire Claw|p2a: Dragonite\n|-damage|p2a: Dragonite|70\/100 psn\n|move|p2a: Dragonite|Earthquake|p1a: Sneasler\n|-supereffective|p1a: Sneasler\n|-damage|p1a: Sneasler|0 fnt\n|faint|p1a: Sneasler\n|\n|-damage|p2a: Dragonite|58\/100 psn|[from] psn\n|upkeep\n|\n|t:|1700330546\n|switch|p1a: Rillaboom|Rillaboom, M|100\/100\n|-fieldstart|move: Grassy Terrain|[from] ability: Grassy Surge|[of] p1a: Rillaboom\n|turn|31\n|c|\u2606DJRRRR|gg\n|\n|t:|1700330558\n|move|p2a: Dragonite|Extreme Speed|p1a: Rillaboom\n|-damage|p1a: Rillaboom|11\/100\n|move|p1a: Rillaboom|Knock Off|p2a: Dragonite\n|-damage|p2a: Dragonite|41\/100 psn\n|-enditem|p2a: Dragonite|Heavy-Duty Boots|[from] move: Knock Off|[of] p1a: Rillaboom\n|\n|-heal|p1a: Rillaboom|18\/100|[from] Grassy Terrain\n|-damage|p2a: Dragonite|28\/100 psn|[from] psn\n|upkeep\n|turn|32\n|\n|t:|1700330564\n|move|p2a: Dragonite|Extreme Speed|p1a: Rillaboom\n|-damage|p1a: Rillaboom|0 fnt\n|faint|p1a: Rillaboom\n|\n|win|DJRRRR\n|raw|XXXmmmelo's rating: 1563 &rarr; <strong>1539<\/strong><br \/>(-24 for losing)\n|raw|DJRRRR's rating: 1487 &rarr; <strong>1511<\/strong><br \/>(+24 for winning)\n|l|\u2606XXXmmmelo\n","uploadtime":1700330567,"views":12,"p1id":"xxxmmmelo","p2id":"djrrrr","formatid":"gen9nationaldex","rating":1511,"private":0,"password":""}