{"id":"gen9nationaldex-1992720745","p1":"testing a funni3","p2":"jpgab2016","format":"[Gen 9] National Dex","log":"|j|\u2606testing a funni3\n|j|\u2606jpgab2016\n|t:|1700229003\n|gametype|singles\n|player|p1|testing a funni3|unknownf|1529\n|player|p2|jpgab2016|170|1615\n|teamsize|p1|6\n|teamsize|p2|6\n|gen|9\n|tier|[Gen 9] National Dex\n|rated|\n|rule|HP Percentage Mod: HP is shown in percentages\n|rule|Endless Battle Clause: Forcing endless battles is banned\n|rule|OHKO Clause: OHKO moves are banned\n|rule|Evasion Clause: Evasion abilities, items, and moves are banned\n|rule|Evasion Abilities Clause: Evasion abilities are banned\n|rule|Evasion Items Clause: Evasion items are banned\n|rule|Evasion Moves Clause: Evasion moves are banned\n|rule|Species Clause: Limit one of each Pok\u00e9mon\n|rule|Sleep Clause Mod: Limit one foe put to sleep\n|clearpoke\n|poke|p1|Latios, M|\n|poke|p1|Buzzwole|\n|poke|p1|Gliscor, F|\n|poke|p1|Weavile, F|\n|poke|p1|Heatran, F|\n|poke|p1|Ogerpon-Wellspring, F|\n|poke|p2|Charizard, M|\n|poke|p2|Blissey, F|\n|poke|p2|Corviknight, M|\n|poke|p2|Garchomp, F|\n|poke|p2|Tapu Lele|\n|poke|p2|Mew|\n|teampreview\n|\n|t:|1700229030\n|start\n|switch|p1a: Weavile|Weavile, F|100\/100\n|switch|p2a: Corviknight|Corviknight, M|100\/100\n|-ability|p1a: Weavile|Pressure\n|-ability|p2a: Corviknight|Pressure\n|turn|1\n|\n|t:|1700229037\n|switch|p1a: Gliscor|Gliscor, F|100\/100\n|move|p2a: Corviknight|U-turn|p1a: Gliscor\n|-resisted|p1a: Gliscor\n|-damage|p1a: Gliscor|95\/100\n|\n|t:|1700229041\n|switch|p2a: Charizard|Charizard, M|100\/100|[from] U-turn\n|\n|-status|p1a: Gliscor|tox|[from] item: Toxic Orb\n|upkeep\n|turn|2\n|\n|t:|1700229046\n|detailschange|p2a: Charizard|Charizard-Mega-Y, M\n|-mega|p2a: Charizard|Charizard|Charizardite Y\n|-weather|SunnyDay|[from] ability: Drought|[of] p2a: Charizard\n|move|p2a: Charizard|Flamethrower|p1a: Gliscor\n|-damage|p1a: Gliscor|25\/100 tox\n|move|p1a: Gliscor|Toxic|p2a: Charizard\n|-status|p2a: Charizard|tox\n|\n|-weather|SunnyDay|[upkeep]\n|-damage|p2a: Charizard|94\/100 tox|[from] psn\n|-heal|p1a: Gliscor|38\/100 tox|[from] ability: Poison Heal\n|upkeep\n|turn|3\n|\n|t:|1700229056\n|switch|p1a: Latios|Latios, M|100\/100\n|move|p2a: Charizard|Scorching Sands|p1a: Latios\n|-immune|p1a: Latios|[from] ability: Levitate\n|\n|-weather|SunnyDay|[upkeep]\n|-damage|p2a: Charizard|82\/100 tox|[from] psn\n|upkeep\n|turn|4\n|\n|t:|1700229061\n|switch|p2a: Tapu Lele|Tapu Lele|100\/100\n|-fieldstart|move: Psychic Terrain|[from] ability: Psychic Surge|[of] p2a: Tapu Lele\n|detailschange|p1a: Latios|Latios-Mega, M\n|-mega|p1a: Latios|Latios|Latiosite\n|move|p1a: Latios|Mystical Fire|p2a: Tapu Lele\n|-crit|p2a: Tapu Lele\n|-damage|p2a: Tapu Lele|29\/100\n|-unboost|p2a: Tapu Lele|spa|1\n|\n|-weather|SunnyDay|[upkeep]\n|upkeep\n|turn|5\n|\n|t:|1700229069\n|switch|p1a: Heatran|Heatran, F|100\/100\n|switch|p2a: Blissey|Blissey, F|100\/100\n|\n|-weather|SunnyDay|[upkeep]\n|upkeep\n|turn|6\n|\n|t:|1700229072\n|move|p2a: Blissey|Protect|p2a: Blissey\n|-singleturn|p2a: Blissey|Protect\n|move|p1a: Heatran|Taunt|p2a: Blissey\n|-activate|p2a: Blissey|move: Protect\n|\n|-weather|none\n|upkeep\n|turn|7\n|\n|t:|1700229077\n|switch|p2a: Garchomp|Garchomp, F|100\/100\n|move|p1a: Heatran|Taunt|p2a: Garchomp\n|-start|p2a: Garchomp|move: Taunt\n|\n|upkeep\n|turn|8\n|\n|t:|1700229082\n|switch|p1a: Gliscor|Gliscor, F|38\/100 tox\n|move|p2a: Garchomp|Earthquake|p1a: Gliscor\n|-immune|p1a: Gliscor\n|\n|-heal|p1a: Gliscor|50\/100 tox|[from] ability: Poison Heal\n|-fieldend|move: Psychic Terrain\n|upkeep\n|turn|9\n|\n|t:|1700229090\n|switch|p2a: Corviknight|Corviknight, M|100\/100\n|-ability|p2a: Corviknight|Pressure\n|move|p1a: Gliscor|Toxic|p2a: Corviknight\n|-immune|p2a: Corviknight\n|\n|-heal|p1a: Gliscor|63\/100 tox|[from] ability: Poison Heal\n|upkeep\n|turn|10\n|\n|t:|1700229103\n|move|p1a: Gliscor|Earthquake|p2a: Corviknight\n|-immune|p2a: Corviknight\n|move|p2a: Corviknight|U-turn|p1a: Gliscor\n|-resisted|p1a: Gliscor\n|-damage|p1a: Gliscor|57\/100 tox\n|\n|t:|1700229108\n|switch|p2a: Charizard|Charizard-Mega-Y, M|82\/100 tox|[from] U-turn\n|-weather|SunnyDay|[from] ability: Drought|[of] p2a: Charizard\n|\n|-weather|SunnyDay|[upkeep]\n|-damage|p2a: Charizard|76\/100 tox|[from] psn\n|-heal|p1a: Gliscor|69\/100 tox|[from] ability: Poison Heal\n|upkeep\n|turn|11\n|\n|t:|1700229118\n|switch|p1a: Latios|Latios-Mega, M|100\/100\n|move|p2a: Charizard|Flamethrower|p1a: Latios\n|-resisted|p1a: Latios\n|-damage|p1a: Latios|59\/100\n|\n|-weather|SunnyDay|[upkeep]\n|-damage|p2a: Charizard|64\/100 tox|[from] psn\n|upkeep\n|turn|12\n|inactive|Battle timer is ON: inactive players will automatically lose when time's up. (requested by jpgab2016)\n|\n|t:|1700229128\n|switch|p2a: Mew|Mew|100\/100\n|move|p1a: Latios|Psychic|p2a: Mew\n|-resisted|p2a: Mew\n|-damage|p2a: Mew|76\/100\n|\n|-weather|SunnyDay|[upkeep]\n|-heal|p2a: Mew|83\/100|[from] item: Leftovers\n|upkeep\n|turn|13\n|\n|t:|1700229136\n|move|p1a: Latios|Mystical Fire|p2a: Mew\n|-damage|p2a: Mew|42\/100\n|-unboost|p2a: Mew|spa|1\n|move|p2a: Mew|Block|p1a: Latios\n|-activate|p1a: Latios|trapped\n|\n|-weather|SunnyDay|[upkeep]\n|-heal|p2a: Mew|49\/100|[from] item: Leftovers\n|upkeep\n|turn|14\n|\n|t:|1700229144\n|move|p1a: Latios|Mystical Fire|p2a: Mew\n|-damage|p2a: Mew|12\/100\n|-unboost|p2a: Mew|spa|1\n|move|p2a: Mew|Imprison|p2a: Mew\n|-start|p2a: Mew|move: Imprison\n|\n|-weather|none\n|-heal|p2a: Mew|18\/100|[from] item: Leftovers\n|upkeep\n|turn|15\n|\n|t:|1700229153\n|switch|p2a: Blissey|Blissey, F|100\/100\n|move|p1a: Latios|Mystical Fire|p2a: Blissey\n|-damage|p2a: Blissey|89\/100\n|-unboost|p2a: Blissey|spa|1\n|\n|-heal|p2a: Blissey|95\/100|[from] item: Leftovers\n|upkeep\n|turn|16\n|j| dsfjghkszbryxp\n|c|\u2606jpgab2016|!data latios-mega\n|raw|<div class=\"message\"><ul class=\"utilichart\"><li class=\"result\"><span class=\"col numcol\">RUBL<\/span> <span class=\"col iconcol\"><psicon pokemon=\"latiosmega\"\/><\/span> <span class=\"col pokemonnamecol\" style=\"white-space:nowrap\"><a href=\"https:\/\/dex.pokemonshowdown.com\/pokemon\/latiosmega\" target=\"_blank\">Latios-Mega<\/a><\/span> <span class=\"col typecol\"><img src=\"https:\/\/play.pokemonshowdown.com\/sprites\/types\/Dragon.png\" alt=\"Dragon\" height=\"14\" width=\"32\"><img src=\"https:\/\/play.pokemonshowdown.com\/sprites\/types\/Psychic.png\" alt=\"Psychic\" height=\"14\" width=\"32\"><\/span> <span style=\"float:left;min-height:26px\"><span class=\"col abilitycol\">Levitate<\/span><span class=\"col abilitycol\"><\/span><\/span><span style=\"float:left;min-height:26px\"><span class=\"col statcol\"><em>HP<\/em><br \/>80<\/span> <span class=\"col statcol\"><em>Atk<\/em><br \/>130<\/span> <span class=\"col statcol\"><em>Def<\/em><br \/>100<\/span> <span class=\"col statcol\"><em>SpA<\/em><br \/>160<\/span> <span class=\"col statcol\"><em>SpD<\/em><br \/>120<\/span> <span class=\"col statcol\"><em>Spe<\/em><br \/>110<\/span> <span class=\"col bstcol\"><em>BST<br \/>700<\/em><\/span> <\/span><\/li><li style=\"clear:both\"><\/li><\/ul><\/div>\n\n|c|\u2606jpgab2016|!data weavile\n|raw|<div class=\"message\"><ul class=\"utilichart\"><li class=\"result\"><span class=\"col numcol\">UUBL<\/span> <span class=\"col iconcol\"><psicon pokemon=\"weavile\"\/><\/span> <span class=\"col pokemonnamecol\" style=\"white-space:nowrap\"><a href=\"https:\/\/dex.pokemonshowdown.com\/pokemon\/weavile\" target=\"_blank\">Weavile<\/a><\/span> <span class=\"col typecol\"><img src=\"https:\/\/play.pokemonshowdown.com\/sprites\/types\/Dark.png\" alt=\"Dark\" height=\"14\" width=\"32\"><img src=\"https:\/\/play.pokemonshowdown.com\/sprites\/types\/Ice.png\" alt=\"Ice\" height=\"14\" width=\"32\"><\/span> <span style=\"float:left;min-height:26px\"><span class=\"col abilitycol\">Pressure<\/span><span class=\"col abilitycol\"><em>Pickpocket<\/em><\/span><\/span><span style=\"float:left;min-height:26px\"><span class=\"col statcol\"><em>HP<\/em><br \/>70<\/span> <span class=\"col statcol\"><em>Atk<\/em><br \/>120<\/span> <span class=\"col statcol\"><em>Def<\/em><br \/>65<\/span> <span class=\"col statcol\"><em>SpA<\/em><br \/>45<\/span> <span class=\"col statcol\"><em>SpD<\/em><br \/>85<\/span> <span class=\"col statcol\"><em>Spe<\/em><br \/>125<\/span> <span class=\"col bstcol\"><em>BST<br \/>510<\/em><\/span> <\/span><\/li><li style=\"clear:both\"><\/li><\/ul><\/div>\n\n|\n|t:|1700229176\n|switch|p1a: Gliscor|Gliscor, F|69\/100 tox\n|move|p2a: Blissey|Wish|p2a: Blissey\n|\n|-heal|p2a: Blissey|100\/100|[from] item: Leftovers\n|-heal|p1a: Gliscor|82\/100 tox|[from] ability: Poison Heal\n|upkeep\n|turn|17\n|\n|t:|1700229184\n|switch|p2a: Mew|Mew|18\/100\n|move|p1a: Gliscor|Toxic|p2a: Mew\n|-status|p2a: Mew|tox\n|-activate|p2a: Mew|ability: Synchronize\n|-fail|p1a: Gliscor|tox\n|\n|-heal|p2a: Mew|100\/100 tox|[from] move: Wish|[wisher] Blissey\n|-damage|p2a: Mew|94\/100 tox|[from] psn\n|-heal|p1a: Gliscor|94\/100 tox|[from] ability: Poison Heal\n|upkeep\n|turn|18\n|\n|t:|1700229192\n|switch|p1a: Weavile|Weavile, F|100\/100\n|-ability|p1a: Weavile|Pressure\n|move|p2a: Mew|Block|p1a: Weavile\n|-activate|p1a: Weavile|trapped\n|\n|-heal|p2a: Mew|100\/100 tox|[from] item: Leftovers\n|-damage|p2a: Mew|88\/100 tox|[from] psn\n|upkeep\n|turn|19\n|\n|t:|1700229197\n|switch|p2a: Corviknight|Corviknight, M|100\/100\n|-ability|p2a: Corviknight|Pressure\n|move|p1a: Weavile|Knock Off|p2a: Corviknight\n|-damage|p2a: Corviknight|60\/100\n|-damage|p1a: Weavile|84\/100|[from] item: Rocky Helmet|[of] p2a: Corviknight\n|-enditem|p2a: Corviknight|Rocky Helmet|[from] move: Knock Off|[of] p1a: Weavile\n|\n|upkeep\n|turn|20\n|\n|t:|1700229207\n|switch|p1a: Heatran|Heatran, F|100\/100\n|move|p2a: Corviknight|U-turn|p1a: Heatran\n|-resisted|p1a: Heatran\n|-damage|p1a: Heatran|98\/100\n|\n|t:|1700229210\n|switch|p2a: Garchomp|Garchomp, F|100\/100|[from] U-turn\n|\n|-heal|p1a: Heatran|100\/100|[from] item: Leftovers\n|upkeep\n|turn|21\n|\n|t:|1700229217\n|switch|p1a: Gliscor|Gliscor, F|94\/100 tox\n|move|p2a: Garchomp|Outrage|p1a: Gliscor\n|-damage|p1a: Gliscor|41\/100 tox\n|\n|-heal|p1a: Gliscor|54\/100 tox|[from] ability: Poison Heal\n|upkeep\n|turn|22\n|\n|t:|1700229223\n|move|p2a: Garchomp|Outrage|p1a: Gliscor|[from]lockedmove\n|-damage|p1a: Gliscor|3\/100 tox\n|-start|p2a: Garchomp|confusion|[fatigue]\n|move|p1a: Gliscor|Roost|p1a: Gliscor\n|-heal|p1a: Gliscor|53\/100 tox\n|-singleturn|p1a: Gliscor|move: Roost\n|\n|-heal|p1a: Gliscor|66\/100 tox|[from] ability: Poison Heal\n|upkeep\n|turn|23\n|\n|t:|1700229235\n|switch|p2a: Blissey|Blissey, F|100\/100\n|-terastallize|p1a: Gliscor|Fairy\n|move|p1a: Gliscor|Toxic|p2a: Blissey\n|-status|p2a: Blissey|tox\n|\n|-heal|p1a: Gliscor|78\/100 tox|[from] ability: Poison Heal\n|-damage|p2a: Blissey|94\/100 tox|[from] psn\n|upkeep\n|turn|24\n|\n|t:|1700229265\n|switch|p1a: Weavile|Weavile, F|84\/100\n|-ability|p1a: Weavile|Pressure\n|move|p2a: Blissey|Heal Bell|p2a: Blissey\n|-activate|p2a: Blissey|move: Heal Bell\n|-curestatus|p2a: Blissey|tox|[msg]\n|-curestatus|p2: Mew|tox|[msg]\n|-curestatus|p2: Charizard|tox|[msg]\n|\n|-heal|p2a: Blissey|100\/100|[from] item: Leftovers\n|upkeep\n|turn|25\n|\n|t:|1700229275\n|move|p2a: Blissey|Protect|p2a: Blissey\n|-singleturn|p2a: Blissey|Protect\n|move|p1a: Weavile|Knock Off|p2a: Blissey\n|-activate|p2a: Blissey|move: Protect\n|\n|upkeep\n|turn|26\n|\n|t:|1700229284\n|switch|p2a: Corviknight|Corviknight, M|60\/100\n|-ability|p2a: Corviknight|Pressure\n|move|p1a: Weavile|Knock Off|p2a: Corviknight\n|-damage|p2a: Corviknight|30\/100\n|\n|upkeep\n|turn|27\n|\n|t:|1700229291\n|move|p1a: Weavile|Knock Off|p2a: Corviknight\n|-damage|p2a: Corviknight|0 fnt\n|faint|p2a: Corviknight\n|\n|upkeep\n|\n|t:|1700229295\n|switch|p2a: Garchomp|Garchomp, F|100\/100\n|turn|28\n|\n|t:|1700229303\n|switch|p1a: Buzzwole|Buzzwole|100\/100\n|move|p2a: Garchomp|Outrage|p1a: Buzzwole\n|-damage|p1a: Buzzwole|72\/100\n|\n|upkeep\n|turn|29\n|\n|t:|1700229310\n|move|p2a: Garchomp|Outrage|p1a: Buzzwole|[from]lockedmove\n|-damage|p1a: Buzzwole|43\/100\n|-start|p2a: Garchomp|confusion|[fatigue]\n|move|p1a: Buzzwole|Bulk Up|p1a: Buzzwole\n|-boost|p1a: Buzzwole|atk|1\n|-boost|p1a: Buzzwole|def|1\n|\n|upkeep\n|turn|30\n|\n|t:|1700229316\n|switch|p2a: Tapu Lele|Tapu Lele|29\/100\n|-fieldstart|move: Psychic Terrain|[from] ability: Psychic Surge|[of] p2a: Tapu Lele\n|move|p1a: Buzzwole|Roost|p1a: Buzzwole\n|-heal|p1a: Buzzwole|94\/100\n|-singleturn|p1a: Buzzwole|move: Roost\n|\n|upkeep\n|turn|31\n|\n|t:|1700229324\n|switch|p1a: Heatran|Heatran, F|100\/100\n|move|p2a: Tapu Lele|Moonblast|p1a: Heatran\n|-resisted|p1a: Heatran\n|-damage|p1a: Heatran|89\/100\n|\n|-heal|p1a: Heatran|95\/100|[from] item: Leftovers\n|upkeep\n|turn|32\n|\n|t:|1700229328\n|switch|p2a: Garchomp|Garchomp, F|100\/100\n|move|p1a: Heatran|Stealth Rock|p2a: Garchomp\n|-sidestart|p2: jpgab2016|move: Stealth Rock\n|\n|-heal|p1a: Heatran|100\/100|[from] item: Leftovers\n|upkeep\n|turn|33\n|l|\u2606jpgab2016\n|inactive|jpgab2016 disconnected and has a minute to reconnect!\n|player|p2|\n|inactive|jpgab2016 has 30 seconds to reconnect!\n|inactive|jpgab2016 has 20 seconds to reconnect!\n|inactive|jpgab2016 has 15 seconds to reconnect!\n|inactive|jpgab2016 has 10 seconds to reconnect!\n|inactive|jpgab2016 has 5 seconds to reconnect!\n|-message|jpgab2016 lost due to inactivity.\n|\n|win|testing a funni3\n|raw|testing a funni3's rating: 1529 &rarr; <strong>1554<\/strong><br \/>(+25 for winning)\n|raw|jpgab2016's rating: 1615 &rarr; <strong>1590<\/strong><br \/>(-25 for losing)\n","uploadtime":1700229397,"views":8,"p1id":"testingafunni3","p2id":"jpgab2016","formatid":"gen9nationaldex","rating":1554,"private":0,"password":""}