{"id":"gen9nationaldex-1999329946","p1":"ChaosEmperor96","p2":"Jayden Valdez","format":"[Gen 9] National Dex","log":"|html|<div class=\"broadcast-blue\"><strong>[Gen 9] National Dex is currently suspecting Sneasler! For information on how to participate check out the <a href=\"https:\/\/www.smogon.com\/forums\/threads\/sv-national-dex-suspect-8-just-dance.3731534\/\">suspect thread<\/a>.<\/strong><\/div>\n|j|\u2606ChaosEmperor96\n|j|\u2606Jayden Valdez\n|t:|1701061334\n|gametype|singles\n|player|p1|ChaosEmperor96|marshal|1172\n|player|p2|Jayden Valdez|lucas|1133\n|teamsize|p1|6\n|teamsize|p2|6\n|gen|9\n|tier|[Gen 9] National Dex\n|rated|\n|rule|HP Percentage Mod: HP is shown in percentages\n|rule|Endless Battle Clause: Forcing endless battles is banned\n|rule|OHKO Clause: OHKO moves are banned\n|rule|Evasion Clause: Evasion abilities, items, and moves are banned\n|rule|Evasion Abilities Clause: Evasion abilities are banned\n|rule|Evasion Items Clause: Evasion items are banned\n|rule|Evasion Moves Clause: Evasion moves are banned\n|rule|Species Clause: Limit one of each Pok\u00e9mon\n|rule|Sleep Clause Mod: Limit one foe put to sleep\n|clearpoke\n|poke|p1|Emboar, M|\n|poke|p1|Haxorus, M|\n|poke|p1|Excadrill, M|\n|poke|p1|Galvantula, M|\n|poke|p1|Mandibuzz, F|\n|poke|p1|Vanilluxe, M|\n|poke|p2|Gigalith, M|\n|poke|p2|Sceptile, M|\n|poke|p2|Marowak-Alola, F|\n|poke|p2|Nidoking, M|\n|poke|p2|Wobbuffet, F|\n|poke|p2|Rotom-Wash|\n|teampreview\n|\n|t:|1701061339\n|start\n|switch|p1a: Vanilluxe|Vanilluxe, M, shiny|100\/100\n|switch|p2a: Wobbuffet|Wobbuffet, F|100\/100\n|turn|1\n|inactive|Battle timer is ON: inactive players will automatically lose when time's up. (requested by ChaosEmperor96)\n|\n|t:|1701061345\n|switch|p1a: Mandibuzz|Mandibuzz, F, shiny|100\/100\n|move|p2a: Wobbuffet|Mirror Coat||[still]\n|-fail|p2a: Wobbuffet\n|\n|upkeep\n|turn|2\n|\n|t:|1701061351\n|move|p1a: Mandibuzz|Toxic|p2a: Wobbuffet\n|-status|p2a: Wobbuffet|tox\n|move|p2a: Wobbuffet|Counter||[still]\n|-fail|p2a: Wobbuffet\n|\n|-damage|p2a: Wobbuffet|94\/100 tox|[from] psn\n|upkeep\n|turn|3\n|\n|t:|1701061361\n|switch|p2a: Nidoking|Nidoking, M|100\/100\n|move|p1a: Mandibuzz|U-turn|p2a: Nidoking\n|-resisted|p2a: Nidoking\n|-damage|p2a: Nidoking|93\/100\n|\n|t:|1701061370\n|switch|p1a: Excadrill|Excadrill, M, shiny|100\/100|[from] U-turn\n|\n|upkeep\n|turn|4\n|\n|t:|1701061377\n|move|p2a: Nidoking|Flamethrower|p1a: Excadrill\n|-supereffective|p1a: Excadrill\n|-enditem|p1a: Excadrill|Focus Sash\n|-damage|p1a: Excadrill|1\/100\n|move|p1a: Excadrill|Earthquake|p2a: Nidoking\n|-supereffective|p2a: Nidoking\n|-damage|p2a: Nidoking|0 fnt\n|faint|p2a: Nidoking\n|\n|upkeep\n|\n|t:|1701061390\n|switch|p2a: Rotom|Rotom-Wash|100\/100\n|turn|5\n|\n|t:|1701061393\n|move|p2a: Rotom|Dark Pulse|p1a: Excadrill\n|-damage|p1a: Excadrill|0 fnt\n|faint|p1a: Excadrill\n|\n|upkeep\n|\n|t:|1701061401\n|switch|p1a: Mandibuzz|Mandibuzz, F, shiny|100\/100\n|turn|6\n|\n|t:|1701061407\n|move|p2a: Rotom|Discharge|p1a: Mandibuzz\n|-supereffective|p1a: Mandibuzz\n|-damage|p1a: Mandibuzz|42\/100\n|move|p1a: Mandibuzz|Toxic|p2a: Rotom\n|-status|p2a: Rotom|tox\n|\n|-damage|p2a: Rotom|94\/100 tox|[from] psn\n|upkeep\n|turn|7\n|\n|t:|1701061416\n|move|p2a: Rotom|Discharge|p1a: Mandibuzz\n|-supereffective|p1a: Mandibuzz\n|-damage|p1a: Mandibuzz|0 fnt\n|faint|p1a: Mandibuzz\n|\n|-heal|p2a: Rotom|100\/100 tox|[from] item: Leftovers\n|-damage|p2a: Rotom|88\/100 tox|[from] psn\n|upkeep\n|\n|t:|1701061424\n|switch|p1a: Vanilluxe|Vanilluxe, M, shiny|100\/100\n|turn|8\n|\n|t:|1701061430\n|move|p2a: Rotom|Will-O-Wisp|p1a: Vanilluxe\n|-status|p1a: Vanilluxe|brn\n|move|p1a: Vanilluxe|Freeze-Dry|p2a: Rotom\n|-supereffective|p2a: Rotom\n|-damage|p2a: Rotom|0 fnt\n|faint|p2a: Rotom\n|\n|-damage|p1a: Vanilluxe|95\/100 brn|[from] brn\n|upkeep\n|\n|t:|1701061441\n|switch|p2a: Marowak|Marowak-Alola, F|100\/100\n|turn|9\n|\n|t:|1701061445\n|switch|p1a: Emboar|Emboar, M, shiny|100\/100\n|move|p2a: Marowak|Flare Blitz|p1a: Emboar\n|-resisted|p1a: Emboar\n|-damage|p1a: Emboar|31\/100\n|\n|upkeep\n|turn|10\n|\n|t:|1701061454\n|move|p1a: Emboar|Head Smash|p2a: Marowak\n|-supereffective|p2a: Marowak\n|-damage|p2a: Marowak|0 fnt\n|faint|p2a: Marowak\n|-damage|p1a: Emboar|0 fnt|[from] Recoil\n|faint|p1a: Emboar\n|\n|upkeep\n|\n|t:|1701061468\n|switch|p1a: Galvantula|Galvantula, M, shiny|100\/100\n|switch|p2a: Wobbuffet|Wobbuffet, F|94\/100 tox\n|turn|11\n|\n|t:|1701061473\n|switch|p1a: Vanilluxe|Vanilluxe, M, shiny|95\/100 brn\n|move|p2a: Wobbuffet|Encore||[still]\n|-fail|p2a: Wobbuffet\n|\n|-damage|p2a: Wobbuffet|88\/100 tox|[from] psn\n|-damage|p1a: Vanilluxe|89\/100 brn|[from] brn\n|upkeep\n|turn|12\n|\n|t:|1701061485\n|move|p1a: Vanilluxe|Signal Beam|p2a: Wobbuffet\n|-supereffective|p2a: Wobbuffet\n|-damage|p2a: Wobbuffet|52\/100 tox\n|-start|p2a: Wobbuffet|confusion\n|-activate|p2a: Wobbuffet|confusion\n|-damage|p2a: Wobbuffet|50\/100 tox|[from] confusion\n|\n|-damage|p2a: Wobbuffet|38\/100 tox|[from] psn\n|-damage|p1a: Vanilluxe|83\/100 brn|[from] brn\n|upkeep\n|turn|13\n|\n|t:|1701061499\n|move|p1a: Vanilluxe|Signal Beam|p2a: Wobbuffet\n|-supereffective|p2a: Wobbuffet\n|-damage|p2a: Wobbuffet|1\/100 tox\n|-enditem|p2a: Wobbuffet|Aguav Berry|[eat]\n|-heal|p2a: Wobbuffet|35\/100 tox|[from] item: Aguav Berry\n|-activate|p2a: Wobbuffet|confusion\n|move|p2a: Wobbuffet|Mirror Coat|p1a: Vanilluxe\n|-damage|p1a: Vanilluxe|0 fnt\n|faint|p1a: Vanilluxe\n|\n|-damage|p2a: Wobbuffet|16\/100 tox|[from] psn\n|upkeep\n|\n|t:|1701061511\n|switch|p1a: Galvantula|Galvantula, M, shiny|100\/100\n|turn|14\n|\n|t:|1701061515\n|move|p1a: Galvantula|Bug Buzz|p2a: Wobbuffet\n|-supereffective|p2a: Wobbuffet\n|-damage|p2a: Wobbuffet|0 fnt\n|faint|p2a: Wobbuffet\n|\n|upkeep\n|\n|t:|1701061521\n|switch|p2a: Gigalith|Gigalith, M|100\/100\n|-weather|Sandstorm|[from] ability: Sand Stream|[of] p2a: Gigalith\n|turn|15\n|\n|t:|1701061528\n|move|p1a: Galvantula|Energy Ball|p2a: Gigalith\n|-supereffective|p2a: Gigalith\n|-damage|p2a: Gigalith|72\/100\n|move|p2a: Gigalith|Earthquake|p1a: Galvantula\n|-damage|p1a: Galvantula|43\/100\n|\n|-weather|Sandstorm|[upkeep]\n|-damage|p1a: Galvantula|37\/100|[from] Sandstorm\n|-heal|p2a: Gigalith|78\/100|[from] item: Leftovers\n|upkeep\n|turn|16\n|\n|t:|1701061541\n|move|p1a: Galvantula|Energy Ball|p2a: Gigalith\n|-supereffective|p2a: Gigalith\n|-damage|p2a: Gigalith|50\/100\n|-unboost|p2a: Gigalith|spd|1\n|move|p2a: Gigalith|Earthquake|p1a: Galvantula\n|-damage|p1a: Galvantula|0 fnt\n|faint|p1a: Galvantula\n|\n|-weather|Sandstorm|[upkeep]\n|-heal|p2a: Gigalith|57\/100|[from] item: Leftovers\n|upkeep\n|\n|t:|1701061552\n|switch|p1a: Haxorus|Haxorus, M, shiny|100\/100\n|-ability|p1a: Haxorus|Mold Breaker\n|turn|17\n|\n|t:|1701061560\n|-terastallize|p1a: Haxorus|Steel\n|move|p1a: Haxorus|Dragon Dance|p1a: Haxorus\n|-boost|p1a: Haxorus|atk|1\n|-boost|p1a: Haxorus|spe|1\n|move|p2a: Gigalith|Toxic|p1a: Haxorus\n|-immune|p1a: Haxorus\n|\n|-weather|Sandstorm|[upkeep]\n|-heal|p2a: Gigalith|63\/100|[from] item: Leftovers\n|upkeep\n|turn|18\n|\n|t:|1701061571\n|move|p1a: Haxorus|Close Combat|p2a: Gigalith\n|-supereffective|p2a: Gigalith\n|-damage|p2a: Gigalith|0 fnt\n|-unboost|p1a: Haxorus|def|1\n|-unboost|p1a: Haxorus|spd|1\n|faint|p2a: Gigalith\n|\n|-weather|Sandstorm|[upkeep]\n|upkeep\n|\n|t:|1701061580\n|switch|p2a: Sceptile|Sceptile, M|100\/100\n|turn|19\n|\n|t:|1701061585\n|detailschange|p2a: Sceptile|Sceptile-Mega, M\n|-mega|p2a: Sceptile|Sceptile|Sceptilite\n|move|p1a: Haxorus|Outrage|p2a: Sceptile\n|-supereffective|p2a: Sceptile\n|-damage|p2a: Sceptile|0 fnt\n|faint|p2a: Sceptile\n|\n|win|ChaosEmperor96\n|raw|ChaosEmperor96's rating: 1172 &rarr; <strong>1194<\/strong><br \/>(+22 for winning)\n|raw|Jayden Valdez's rating: 1133 &rarr; <strong>1111<\/strong><br \/>(-22 for losing)\n|l|\u2606Jayden Valdez\n|c|\u2606ChaosEmperor96|Gg\n","uploadtime":1701061605,"views":3,"p1id":"chaosemperor96","p2id":"jaydenvaldez","formatid":"gen9nationaldex","rating":1111,"private":0,"password":""}