{"id":"gen9nationaldex-1994257817","p1":"ChatGPT Teams Only","p2":"Doubleyu","format":"[Gen 9] National Dex","log":"|j|\u2606ChatGPT Teams Only\n|j|\u2606Doubleyu\n|t:|1700424245\n|gametype|singles\n|player|p1|ChatGPT Teams Only|ltsurge|1389\n|player|p2|Doubleyu|red|1568\n|teamsize|p1|6\n|teamsize|p2|6\n|gen|9\n|tier|[Gen 9] National Dex\n|rated|\n|rule|HP Percentage Mod: HP is shown in percentages\n|rule|Endless Battle Clause: Forcing endless battles is banned\n|rule|OHKO Clause: OHKO moves are banned\n|rule|Evasion Clause: Evasion abilities, items, and moves are banned\n|rule|Evasion Abilities Clause: Evasion abilities are banned\n|rule|Evasion Items Clause: Evasion items are banned\n|rule|Evasion Moves Clause: Evasion moves are banned\n|rule|Species Clause: Limit one of each Pok\u00e9mon\n|rule|Sleep Clause Mod: Limit one foe put to sleep\n|clearpoke\n|poke|p1|Torkoal, M|\n|poke|p1|Victini|\n|poke|p1|Volcarona, F|\n|poke|p1|Glimmora, M|\n|poke|p1|Venusaur, M|\n|poke|p1|Scizor, F|\n|poke|p2|Sneasler, F|\n|poke|p2|Salamence, M|\n|poke|p2|Scizor, F|\n|poke|p2|Samurott-Hisui, M|\n|poke|p2|Landorus-Therian, M|\n|poke|p2|Greninja-*, M|\n|teampreview\n|inactive|Battle timer is ON: inactive players will automatically lose when time's up. (requested by Doubleyu)\n|\n|t:|1700424283\n|start\n|switch|p1a: Glimmora|Glimmora, M|100\/100\n|switch|p2a: Sneasler|Sneasler, F, shiny|100\/100\n|turn|1\n|\n|t:|1700424293\n|move|p2a: Sneasler|Fake Out|p1a: Glimmora\n|-resisted|p1a: Glimmora\n|-damage|p1a: Glimmora|93\/100\n|-activate|p1a: Glimmora|ability: Toxic Debris\n|-sidestart|p2: Doubleyu|move: Toxic Spikes\n|cant|p1a: Glimmora|flinch\n|\n|upkeep\n|turn|2\n|\n|t:|1700424300\n|move|p2a: Sneasler|Close Combat|p1a: Glimmora\n|-damage|p1a: Glimmora|11\/100\n|-unboost|p2a: Sneasler|def|1\n|-unboost|p2a: Sneasler|spd|1\n|-activate|p1a: Glimmora|ability: Toxic Debris\n|-sidestart|p2: Doubleyu|move: Toxic Spikes\n|move|p1a: Glimmora|Earth Power|p2a: Sneasler\n|-supereffective|p2a: Sneasler\n|-damage|p2a: Sneasler|17\/100\n|\n|upkeep\n|turn|3\n|\n|t:|1700424321\n|move|p2a: Sneasler|Dire Claw|p1a: Glimmora\n|-resisted|p1a: Glimmora\n|-damage|p1a: Glimmora|0 fnt\n|faint|p1a: Glimmora\n|\n|upkeep\n|\n|t:|1700424330\n|switch|p1a: Scizor|Scizor, F|100\/100\n|turn|4\n|\n|t:|1700424337\n|switch|p2a: Landorus|Landorus-Therian, M|100\/100\n|-ability|p2a: Landorus|Intimidate|boost\n|-unboost|p1a: Scizor|atk|1\n|detailschange|p1a: Scizor|Scizor-Mega, F\n|-mega|p1a: Scizor|Scizor|Scizorite\n|move|p1a: Scizor|Bullet Punch|p2a: Landorus\n|-damage|p2a: Landorus|83\/100\n|-damage|p1a: Scizor|84\/100|[from] item: Rocky Helmet|[of] p2a: Landorus\n|\n|upkeep\n|turn|5\n|\n|t:|1700424349\n|switch|p1a: Torkoal|Torkoal, M|100\/100\n|-weather|SunnyDay|[from] ability: Drought|[of] p1a: Torkoal\n|move|p2a: Landorus|Stealth Rock|p1a: Torkoal\n|-sidestart|p1: ChatGPT Teams Only|move: Stealth Rock\n|\n|-weather|SunnyDay|[upkeep]\n|upkeep\n|turn|6\n|inactive|Doubleyu has 120 seconds left.\n|\n|t:|1700424391\n|move|p2a: Landorus|Earthquake|p1a: Torkoal\n|-supereffective|p1a: Torkoal\n|-damage|p1a: Torkoal|49\/100\n|move|p1a: Torkoal|Rapid Spin|p2a: Landorus\n|-damage|p2a: Landorus|77\/100\n|-boost|p1a: Torkoal|spe|1\n|-damage|p1a: Torkoal|33\/100|[from] item: Rocky Helmet|[of] p2a: Landorus\n|-sideend|p1: ChatGPT Teams Only|Stealth Rock|[from] move: Rapid Spin|[of] p1a: Torkoal\n|\n|-weather|SunnyDay|[upkeep]\n|upkeep\n|turn|7\n|\n|t:|1700424401\n|switch|p1a: Venusaur|Venusaur, M|100\/100\n|move|p2a: Landorus|Earthquake|p1a: Venusaur\n|-damage|p1a: Venusaur|39\/100\n|\n|-weather|SunnyDay|[upkeep]\n|upkeep\n|turn|8\n|inactive|Doubleyu has 120 seconds left.\n|\n|t:|1700424427\n|switch|p2a: Sneasler|Sneasler, F, shiny|17\/100\n|-sideend|p2: Doubleyu|move: Toxic Spikes|[of] p2a: Sneasler\n|-terastallize|p1a: Venusaur|Fire\n|move|p1a: Venusaur|Weather Ball|p2a: Sneasler\n|-damage|p2a: Sneasler|0 fnt\n|faint|p2a: Sneasler\n|-damage|p1a: Venusaur|29\/100|[from] item: Life Orb\n|\n|-weather|SunnyDay|[upkeep]\n|upkeep\n|inactive|Doubleyu has 90 seconds left.\n|\n|t:|1700424462\n|switch|p2a: Scizor|Scizor, F, shiny|100\/100\n|turn|9\n|\n|t:|1700424470\n|detailschange|p2a: Scizor|Scizor-Mega, F, shiny\n|-mega|p2a: Scizor|Scizor|Scizorite\n|move|p2a: Scizor|Bullet Punch|p1a: Venusaur\n|-resisted|p1a: Venusaur\n|-damage|p1a: Venusaur|9\/100\n|move|p1a: Venusaur|Weather Ball|p2a: Scizor\n|-supereffective|p2a: Scizor\n|-damage|p2a: Scizor|0 fnt\n|faint|p2a: Scizor\n|-damage|p1a: Venusaur|0 fnt|[from] item: Life Orb\n|faint|p1a: Venusaur\n|\n|-weather|SunnyDay|[upkeep]\n|upkeep\n|inactive|Doubleyu has 90 seconds left.\n|inactive|Doubleyu has 60 seconds left.\n|\n|t:|1700424510\n|switch|p1a: Victini|Victini|100\/100\n|switch|p2a: Samurott|Samurott-Hisui, M, shiny|100\/100\n|turn|10\n|inactive|Doubleyu has 60 seconds left.\n|\n|t:|1700424519\n|move|p2a: Samurott|Ceaseless Edge|p1a: Victini\n|-supereffective|p1a: Victini\n|-damage|p1a: Victini|12\/100\n|-sidestart|p1: ChatGPT Teams Only|Spikes\n|move|p1a: Victini|Bolt Strike|p2a: Samurott\n|-supereffective|p2a: Samurott\n|-damage|p2a: Samurott|0 fnt\n|faint|p2a: Samurott\n|\n|-weather|SunnyDay|[upkeep]\n|upkeep\n|inactive|Doubleyu has 60 seconds left.\n|\n|t:|1700424539\n|switch|p2a: Greninja|Greninja, M|100\/100\n|turn|11\n|\n|t:|1700424556\n|move|p2a: Greninja|Water Shuriken|p1a: Victini\n|-supereffective|p1a: Victini\n|-damage|p1a: Victini|7\/100\n|-supereffective|p1a: Victini\n|-damage|p1a: Victini|2\/100\n|-supereffective|p1a: Victini\n|-damage|p1a: Victini|0 fnt\n|faint|p1a: Victini\n|-ability|p2a: Greninja|Battle Bond|boost\n|-boost|p2a: Greninja|atk|1\n|-boost|p2a: Greninja|spa|1\n|-boost|p2a: Greninja|spe|1\n|-activate|p2a: Greninja|ability: Battle Bond\n|-hitcount|p1: Victini|3\n|-damage|p2a: Greninja|91\/100|[from] item: Life Orb\n|\n|-weather|SunnyDay|[upkeep]\n|upkeep\n|\n|t:|1700424560\n|switch|p1a: Scizor|Scizor-Mega, F|84\/100\n|-damage|p1a: Scizor|72\/100|[from] Spikes\n|turn|12\n|\n|t:|1700424568\n|-terastallize|p2a: Greninja|Fire\n|move|p2a: Greninja|Tera Blast|p1a: Scizor|[anim] Tera Blast Fire\n|-supereffective|p1a: Scizor\n|-damage|p1a: Scizor|0 fnt\n|faint|p1a: Scizor\n|-damage|p2a: Greninja|81\/100|[from] item: Life Orb\n|\n|-weather|none\n|upkeep\n|\n|t:|1700424572\n|switch|p1a: Torkoal|Torkoal, M|33\/100\n|-damage|p1a: Torkoal|20\/100|[from] Spikes\n|-weather|SunnyDay|[from] ability: Drought|[of] p1a: Torkoal\n|turn|13\n|\n|t:|1700424580\n|move|p2a: Greninja|Dark Pulse|p1a: Torkoal\n|-crit|p1a: Torkoal\n|-damage|p1a: Torkoal|0 fnt\n|faint|p1a: Torkoal\n|-damage|p2a: Greninja|71\/100|[from] item: Life Orb\n|\n|-weather|SunnyDay|[upkeep]\n|upkeep\n|\n|t:|1700424582\n|switch|p1a: Volcarona|Volcarona, F|100\/100\n|turn|14\n|\n|t:|1700424591\n|move|p2a: Greninja|Tera Blast|p1a: Volcarona|[anim] Tera Blast Fire\n|-damage|p1a: Volcarona|0 fnt\n|faint|p1a: Volcarona\n|-damage|p2a: Greninja|61\/100|[from] item: Life Orb\n|\n|win|Doubleyu\n|raw|ChatGPT Teams Only's rating: 1389 &rarr; <strong>1378<\/strong><br \/>(-11 for losing)\n|raw|Doubleyu's rating: 1568 &rarr; <strong>1579<\/strong><br \/>(+11 for winning)\n|l|\u2606ChatGPT Teams Only\n","uploadtime":1700424610,"views":9,"p1id":"chatgptteamsonly","p2id":"doubleyu","formatid":"gen9nationaldex","rating":1378,"private":0,"password":""}