{"id":"gen9nationaldex-1989411154","p1":"Plumpking280","p2":"kgamer549","format":"[Gen 9] National Dex","log":"|j|\u2606Plumpking280\n|j|\u2606kgamer549\n|t:|1699846771\n|gametype|singles\n|player|p1|Plumpking280|skierf|1051\n|player|p2|kgamer549|flint|1000\n|teamsize|p1|6\n|teamsize|p2|6\n|gen|9\n|tier|[Gen 9] National Dex\n|rated|\n|rule|HP Percentage Mod: HP is shown in percentages\n|rule|Endless Battle Clause: Forcing endless battles is banned\n|rule|OHKO Clause: OHKO moves are banned\n|rule|Evasion Clause: Evasion abilities, items, and moves are banned\n|rule|Evasion Abilities Clause: Evasion abilities are banned\n|rule|Evasion Items Clause: Evasion items are banned\n|rule|Evasion Moves Clause: Evasion moves are banned\n|rule|Species Clause: Limit one of each Pok\u00e9mon\n|rule|Sleep Clause Mod: Limit one foe put to sleep\n|clearpoke\n|poke|p1|Tinkaton, F|\n|poke|p1|Toxicroak, F|\n|poke|p1|Orbeetle, M|\n|poke|p1|Samurott-Hisui, M|\n|poke|p1|Slowking-Galar, F|\n|poke|p1|Stunfisk, F|\n|poke|p2|Metagross|\n|poke|p2|Sinistcha-Masterpiece|\n|poke|p2|Iron Hands|\n|poke|p2|Hitmontop, M|\n|poke|p2|Ogerpon-Wellspring, F|\n|poke|p2|Blaziken, F|\n|teampreview\n|\n|t:|1699846782\n|start\n|switch|p1a: Megamind|Orbeetle, M|100\/100\n|switch|p2a: Hitmontop|Hitmontop, M, shiny|100\/100\n|-ability|p2a: Hitmontop|Intimidate|boost\n|-unboost|p1a: Megamind|atk|1\n|turn|1\n|\n|t:|1699846789\n|move|p2a: Hitmontop|Fake Out|p1a: Megamind\n|-damage|p1a: Megamind|90\/100\n|cant|p1a: Megamind|flinch\n|\n|upkeep\n|turn|2\n|\n|t:|1699846806\n|switch|p2a: Sinistcha|Sinistcha-Masterpiece, shiny|100\/100\n|move|p1a: Megamind|Sticky Web|p2a: Sinistcha\n|-sidestart|p2: kgamer549|move: Sticky Web\n|\n|upkeep\n|turn|3\n|\n|t:|1699846815\n|move|p1a: Megamind|Light Screen|p1a: Megamind\n|-sidestart|p1: Plumpking280|move: Light Screen\n|move|p2a: Sinistcha|Matcha Gotcha|p1a: Megamind|[miss]\n|-miss|p2a: Sinistcha|p1a: Megamind\n|\n|upkeep\n|turn|4\n|\n|t:|1699846824\n|switch|p2a: Hitmontop|Hitmontop, M, shiny|100\/100\n|-activate|p2a: Hitmontop|move: Sticky Web\n|-unboost|p2a: Hitmontop|spe|1\n|-ability|p2a: Hitmontop|Intimidate|boost\n|-unboost|p1a: Megamind|atk|1\n|move|p1a: Megamind|Reflect|p1a: Megamind\n|-sidestart|p1: Plumpking280|Reflect\n|\n|upkeep\n|turn|5\n|\n|t:|1699846831\n|move|p2a: Hitmontop|Fake Out|p1a: Megamind\n|-damage|p1a: Megamind|85\/100\n|cant|p1a: Megamind|flinch\n|\n|upkeep\n|turn|6\n|\n|t:|1699846841\n|switch|p2a: Metagross|Metagross|100\/100\n|-activate|p2a: Metagross|move: Sticky Web\n|-fail|p2a: Metagross|unboost|[from] ability: Clear Body|[of] p2a: Metagross\n|move|p1a: Megamind|Bug Buzz|p2a: Metagross\n|-damage|p2a: Metagross|73\/100\n|\n|upkeep\n|turn|7\n|\n|t:|1699846859\n|-terastallize|p2a: Metagross|Steel\n|move|p2a: Metagross|Meteor Mash|p1a: Megamind\n|-damage|p1a: Megamind|59\/100\n|move|p1a: Megamind|Bug Buzz|p2a: Metagross\n|-resisted|p2a: Metagross\n|-damage|p2a: Metagross|59\/100\n|\n|upkeep\n|turn|8\n|\n|t:|1699846891\n|switch|p1a: Stunnin'|Stunfisk, F|100\/100\n|move|p2a: Metagross|Meteor Mash|p1a: Stunnin'\n|-resisted|p1a: Stunnin'\n|-damage|p1a: Stunnin'|87\/100\n|-status|p2a: Metagross|par|[from] ability: Static|[of] p1a: Stunnin'\n|\n|upkeep\n|turn|9\n|\n|t:|1699846902\n|move|p2a: Metagross|Protect|p2a: Metagross\n|-singleturn|p2a: Metagross|Protect\n|move|p1a: Stunnin'|Earth Power|p2a: Metagross\n|-activate|p2a: Metagross|move: Protect\n|\n|upkeep\n|turn|10\n|\n|t:|1699846921\n|switch|p2a: Hitmontop|Hitmontop, M, shiny|100\/100\n|-activate|p2a: Hitmontop|move: Sticky Web\n|-unboost|p2a: Hitmontop|spe|1\n|-ability|p2a: Hitmontop|Intimidate|boost\n|-unboost|p1a: Stunnin'|atk|1\n|move|p1a: Stunnin'|Earth Power|p2a: Hitmontop\n|-damage|p2a: Hitmontop|62\/100\n|-enditem|p2a: Hitmontop|Eject Button\n|\n|t:|1699846929\n|switch|p2a: Ogerpon|Ogerpon-Wellspring, F|100\/100\n|-activate|p2a: Ogerpon|move: Sticky Web\n|-unboost|p2a: Ogerpon|spe|1\n|\n|-sideend|p1: Plumpking280|move: Light Screen\n|upkeep\n|turn|11\n|\n|t:|1699846939\n|move|p2a: Ogerpon|Horn Leech|p1a: Stunnin'\n|-supereffective|p1a: Stunnin'\n|-damage|p1a: Stunnin'|52\/100\n|move|p1a: Stunnin'|Discharge|p2a: Ogerpon\n|-damage|p2a: Ogerpon|74\/100\n|\n|-sideend|p1: Plumpking280|Reflect\n|upkeep\n|turn|12\n|\n|t:|1699846956\n|switch|p1a: Megamind|Orbeetle, M|59\/100\n|move|p2a: Ogerpon|Ivy Cudgel|p1a: Megamind\n|-damage|p1a: Megamind|12\/100\n|\n|upkeep\n|turn|13\n|\n|t:|1699846965\n|move|p2a: Ogerpon|Spiky Shield|p2a: Ogerpon\n|-singleturn|p2a: Ogerpon|move: Protect\n|move|p1a: Megamind|Reflect|p1a: Megamind\n|-sidestart|p1: Plumpking280|Reflect\n|\n|upkeep\n|turn|14\n|\n|t:|1699846971\n|move|p1a: Megamind|Light Screen|p1a: Megamind\n|-sidestart|p1: Plumpking280|move: Light Screen\n|move|p2a: Ogerpon|Ivy Cudgel|p1a: Megamind\n|-damage|p1a: Megamind|0 fnt\n|faint|p1a: Megamind\n|\n|upkeep\n|\n|t:|1699846976\n|switch|p1a: Alonne|Samurott-Hisui, M|100\/100\n|turn|15\n|\n|t:|1699846992\n|move|p2a: Ogerpon|Spiky Shield|p2a: Ogerpon\n|-singleturn|p2a: Ogerpon|move: Protect\n|move|p1a: Alonne|Ceaseless Edge|p2a: Ogerpon\n|-activate|p2a: Ogerpon|move: Protect\n|-damage|p1a: Alonne|88\/100|[from] Spiky Shield|[of] p2a: Ogerpon\n|\n|upkeep\n|turn|16\n|\n|t:|1699847001\n|move|p1a: Alonne|Ceaseless Edge|p2a: Ogerpon|[miss]\n|-miss|p1a: Alonne|p2a: Ogerpon\n|move|p2a: Ogerpon|Horn Leech|p1a: Alonne\n|-supereffective|p1a: Alonne\n|-damage|p1a: Alonne|34\/100\n|-heal|p2a: Ogerpon|100\/100|[from] drain|[of] p1a: Alonne\n|\n|upkeep\n|turn|17\n|\n|t:|1699847014\n|switch|p1a: Bewicked|Slowking-Galar, F|100\/100\n|move|p2a: Ogerpon|Spiky Shield||[still]\n|-fail|p2a: Ogerpon\n|\n|upkeep\n|turn|18\n|\n|t:|1699847025\n|move|p2a: Ogerpon|Ivy Cudgel|p1a: Bewicked\n|-damage|p1a: Bewicked|75\/100\n|move|p1a: Bewicked|Thunder Wave|p2a: Ogerpon\n|-status|p2a: Ogerpon|par\n|\n|-heal|p1a: Bewicked|81\/100|[from] item: Black Sludge\n|upkeep\n|turn|19\n|\n|t:|1699847045\n|move|p2a: Ogerpon|Spiky Shield|p2a: Ogerpon\n|-singleturn|p2a: Ogerpon|move: Protect\n|move|p1a: Bewicked|Sludge Bomb|p2a: Ogerpon\n|-activate|p2a: Ogerpon|move: Protect\n|\n|-heal|p1a: Bewicked|87\/100|[from] item: Black Sludge\n|upkeep\n|turn|20\n|\n|t:|1699847055\n|move|p2a: Ogerpon|Ivy Cudgel|p1a: Bewicked\n|-damage|p1a: Bewicked|58\/100\n|move|p1a: Bewicked|Sludge Bomb|p2a: Ogerpon\n|-supereffective|p2a: Ogerpon\n|-damage|p2a: Ogerpon|35\/100 par\n|\n|-heal|p1a: Bewicked|65\/100|[from] item: Black Sludge\n|-sideend|p1: Plumpking280|Reflect\n|upkeep\n|turn|21\n|\n|t:|1699847064\n|cant|p2a: Ogerpon|par\n|move|p1a: Bewicked|Future Sight|p2a: Ogerpon\n|-start|p1a: Bewicked|move: Future Sight\n|\n|-heal|p1a: Bewicked|71\/100|[from] item: Black Sludge\n|-sideend|p1: Plumpking280|move: Light Screen\n|upkeep\n|turn|22\n|\n|t:|1699847070\n|move|p2a: Ogerpon|Ivy Cudgel|p1a: Bewicked\n|-damage|p1a: Bewicked|21\/100\n|move|p1a: Bewicked|Sludge Bomb|p2a: Ogerpon\n|-supereffective|p2a: Ogerpon\n|-damage|p2a: Ogerpon|0 fnt\n|faint|p2a: Ogerpon\n|\n|-heal|p1a: Bewicked|28\/100|[from] item: Black Sludge\n|upkeep\n|\n|t:|1699847092\n|switch|p2a: Iron Hands|Iron Hands, shiny|100\/100\n|-activate|p2a: Iron Hands|move: Sticky Web\n|-unboost|p2a: Iron Hands|spe|1\n|turn|23\n|\n|t:|1699847108\n|switch|p1a: Stunnin'|Stunfisk, F|52\/100\n|move|p2a: Iron Hands|Fake Out|p1a: Stunnin'\n|-damage|p1a: Stunnin'|40\/100\n|\n|-end|p2a: Iron Hands|move: Future Sight\n|-supereffective|p2a: Iron Hands\n|-crit|p2a: Iron Hands\n|-damage|p2a: Iron Hands|30\/100\n|upkeep\n|turn|24\n|\n|t:|1699847121\n|-end|p2a: Iron Hands|Quark Drive|[silent]\n|switch|p2a: Metagross|Metagross, tera:Steel|59\/100 par\n|-activate|p2a: Metagross|move: Sticky Web\n|-fail|p2a: Metagross|unboost|[from] ability: Clear Body|[of] p2a: Metagross\n|move|p1a: Stunnin'|Earth Power|p2a: Metagross\n|-supereffective|p2a: Metagross\n|-damage|p2a: Metagross|0 fnt\n|faint|p2a: Metagross\n|\n|upkeep\n|\n|t:|1699847139\n|switch|p2a: Blaziken|Blaziken, F|100\/100\n|-activate|p2a: Blaziken|move: Sticky Web\n|-unboost|p2a: Blaziken|spe|1\n|turn|25\n|inactive|Battle timer is ON: inactive players will automatically lose when time's up. (requested by Plumpking280)\n|inactive|kgamer549 has 120 seconds left.\n|inactive|kgamer549 has 90 seconds left.\n|inactive|kgamer549 has 60 seconds left.\n|inactive|kgamer549 has 30 seconds left.\n|inactive|kgamer549 has 20 seconds left.\n|inactive|kgamer549 has 15 seconds left.\n|inactive|kgamer549 has 10 seconds left.\n|inactive|kgamer549 has 5 seconds left.\n|-message|kgamer549 lost due to inactivity.\n|\n|win|Plumpking280\n|raw|Plumpking280's rating: 1051 &rarr; <strong>1079<\/strong><br \/>(+28 for winning)\n|raw|kgamer549's rating: 1000 &rarr; <strong>1000<\/strong><br \/>(+0 for losing)\n|l|\u2606Plumpking280\n","uploadtime":1699847473,"views":4,"p1id":"plumpking280","p2id":"kgamer549","formatid":"gen9nationaldex","rating":1000,"private":0,"password":""}