{"id":"gen9nationaldex-1993020546","p1":"PixBolado","p2":"Perpetinal","format":"[Gen 9] National Dex","log":"|j|\u2606PixBolado\n|j|\u2606Perpetinal\n|t:|1700256182\n|gametype|singles\n|player|p1|PixBolado|acetrainerf-gen4|1286\n|player|p2|Perpetinal|101|1196\n|teamsize|p1|6\n|teamsize|p2|6\n|gen|9\n|tier|[Gen 9] National Dex\n|rated|\n|rule|HP Percentage Mod: HP is shown in percentages\n|rule|Endless Battle Clause: Forcing endless battles is banned\n|rule|OHKO Clause: OHKO moves are banned\n|rule|Evasion Clause: Evasion abilities, items, and moves are banned\n|rule|Evasion Abilities Clause: Evasion abilities are banned\n|rule|Evasion Items Clause: Evasion items are banned\n|rule|Evasion Moves Clause: Evasion moves are banned\n|rule|Species Clause: Limit one of each Pok\u00e9mon\n|rule|Sleep Clause Mod: Limit one foe put to sleep\n|clearpoke\n|poke|p1|Garganacl, M|\n|poke|p1|Iron Valiant|\n|poke|p1|Charizard, F|\n|poke|p1|Great Tusk|\n|poke|p1|Toxapex, M|\n|poke|p1|Dragonite, M|\n|poke|p2|Swampert, M|\n|poke|p2|Pelipper, F|\n|poke|p2|Clefable, F|\n|poke|p2|Ferrothorn, M|\n|poke|p2|Grimmsnarl, M|\n|poke|p2|Flygon, M|\n|teampreview\n|\n|t:|1700256189\n|start\n|switch|p1a: Iron Valiant|Iron Valiant|100\/100\n|switch|p2a: Grimmsnarl|Grimmsnarl, M|100\/100\n|turn|1\n|l|\u2606PixBolado\n|player|p1|\n|j|\u2606PixBolado\n|player|p1|PixBolado|acetrainerf-gen4\n|\n|t:|1700256224\n|move|p2a: Grimmsnarl|Reflect|p2a: Grimmsnarl\n|-sidestart|p2: Perpetinal|Reflect\n|move|p1a: Iron Valiant|Moonblast|p2a: Grimmsnarl\n|-supereffective|p2a: Grimmsnarl\n|-damage|p2a: Grimmsnarl|0 fnt\n|faint|p2a: Grimmsnarl\n|\n|upkeep\n|inactive|Battle timer is ON: inactive players will automatically lose when time's up. (requested by PixBolado)\n|\n|t:|1700256235\n|switch|p2a: Ferrothorn|Ferrothorn, M|100\/100\n|turn|2\n|\n|t:|1700256243\n|-end|p1a: Iron Valiant|Quark Drive|[silent]\n|switch|p1a: Charizard|Charizard, F|100\/100\n|move|p2a: Ferrothorn|Stealth Rock|p1a: Charizard\n|-sidestart|p1: PixBolado|move: Stealth Rock\n|\n|upkeep\n|turn|3\n|\n|t:|1700256255\n|switch|p2a: Pelipper|Pelipper, F, shiny|100\/100\n|-weather|RainDance|[from] ability: Drizzle|[of] p2a: Pelipper\n|detailschange|p1a: Charizard|Charizard-Mega-Y, F\n|-mega|p1a: Charizard|Charizard|Charizardite Y\n|-weather|SunnyDay|[from] ability: Drought|[of] p1a: Charizard\n|move|p1a: Charizard|Flamethrower|p2a: Pelipper\n|-resisted|p2a: Pelipper\n|-damage|p2a: Pelipper|44\/100\n|\n|-weather|SunnyDay|[upkeep]\n|upkeep\n|turn|4\n|\n|t:|1700256271\n|switch|p2a: Clefable|Clefable, F|100\/100\n|move|p1a: Charizard|Flamethrower|p2a: Clefable\n|-damage|p2a: Clefable|25\/100\n|\n|-weather|SunnyDay|[upkeep]\n|-heal|p2a: Clefable|31\/100|[from] item: Leftovers\n|upkeep\n|turn|5\n|\n|t:|1700256285\n|switch|p2a: Swampert|Swampert, M, shiny|100\/100\n|move|p1a: Charizard|Flamethrower|p2a: Swampert\n|-resisted|p2a: Swampert\n|-damage|p2a: Swampert|59\/100\n|\n|-weather|SunnyDay|[upkeep]\n|upkeep\n|turn|6\n|\n|t:|1700256294\n|switch|p2a: Pelipper|Pelipper, F, shiny|44\/100\n|-weather|RainDance|[from] ability: Drizzle|[of] p2a: Pelipper\n|move|p1a: Charizard|Solar Beam||[still]\n|-prepare|p1a: Charizard|Solar Beam\n|\n|-weather|RainDance|[upkeep]\n|upkeep\n|turn|7\n|\n|t:|1700256303\n|switch|p2a: Ferrothorn|Ferrothorn, M|100\/100\n|move|p1a: Charizard|Solar Beam|p2a: Ferrothorn|[from]lockedmove\n|-resisted|p2a: Ferrothorn\n|-damage|p2a: Ferrothorn|97\/100\n|\n|-weather|RainDance|[upkeep]\n|-heal|p2a: Ferrothorn|100\/100|[from] item: Leftovers\n|upkeep\n|turn|8\n|\n|t:|1700256313\n|switch|p1a: Great Tusk|Great Tusk|100\/100\n|switch|p2a: Swampert|Swampert, M, shiny|59\/100\n|\n|-weather|RainDance|[upkeep]\n|-sideend|p2: Perpetinal|Reflect\n|upkeep\n|turn|9\n|\n|t:|1700256322\n|detailschange|p2a: Swampert|Swampert-Mega, M, shiny\n|-mega|p2a: Swampert|Swampert|Swampertite\n|move|p2a: Swampert|Waterfall|p1a: Great Tusk\n|-supereffective|p1a: Great Tusk\n|-damage|p1a: Great Tusk|9\/100\n|cant|p1a: Great Tusk|flinch\n|\n|-weather|RainDance|[upkeep]\n|upkeep\n|turn|10\n|\n|t:|1700256332\n|move|p2a: Swampert|Flip Turn|p1a: Great Tusk\n|-supereffective|p1a: Great Tusk\n|-damage|p1a: Great Tusk|0 fnt\n|faint|p1a: Great Tusk\n|-end|p1a: Great Tusk|Protosynthesis|[silent]\n|\n|t:|1700256338\n|switch|p2a: Clefable|Clefable, F|31\/100|[from] Flip Turn\n|\n|-weather|RainDance|[upkeep]\n|-heal|p2a: Clefable|37\/100|[from] item: Leftovers\n|upkeep\n|\n|t:|1700256346\n|switch|p1a: Iron Valiant|Iron Valiant|100\/100\n|-damage|p1a: Iron Valiant|94\/100|[from] Stealth Rock\n|turn|11\n|\n|t:|1700256360\n|move|p1a: Iron Valiant|Moonblast|p2a: Clefable\n|-damage|p2a: Clefable|0 fnt\n|faint|p2a: Clefable\n|\n|-weather|RainDance|[upkeep]\n|upkeep\n|\n|t:|1700256365\n|switch|p2a: Swampert|Swampert-Mega, M, shiny|59\/100\n|turn|12\n|\n|t:|1700256372\n|-end|p1a: Iron Valiant|Quark Drive|[silent]\n|switch|p1a: Toxapex|Toxapex, M|100\/100\n|-damage|p1a: Toxapex|88\/100|[from] Stealth Rock\n|move|p2a: Swampert|Waterfall|p1a: Toxapex\n|-resisted|p1a: Toxapex\n|-damage|p1a: Toxapex|57\/100\n|\n|-weather|RainDance|[upkeep]\n|-heal|p1a: Toxapex|64\/100|[from] item: Leftovers\n|upkeep\n|turn|13\n|\n|t:|1700256388\n|move|p1a: Toxapex|Baneful Bunker|p1a: Toxapex\n|-singleturn|p1a: Toxapex|move: Protect\n|move|p2a: Swampert|Earthquake|p1a: Toxapex\n|-activate|p1a: Toxapex|move: Protect\n|\n|-weather|none\n|-heal|p1a: Toxapex|70\/100|[from] item: Leftovers\n|upkeep\n|turn|14\n|\n|t:|1700256398\n|-terastallize|p1a: Toxapex|Ground\n|move|p2a: Swampert|Earthquake|p1a: Toxapex\n|-damage|p1a: Toxapex|22\/100\n|move|p1a: Toxapex|Toxic|p2a: Swampert\n|-status|p2a: Swampert|tox\n|\n|-heal|p1a: Toxapex|28\/100|[from] item: Leftovers\n|-damage|p2a: Swampert|53\/100 tox|[from] psn\n|upkeep\n|turn|15\n|\n|t:|1700256409\n|move|p1a: Toxapex|Baneful Bunker|p1a: Toxapex\n|-singleturn|p1a: Toxapex|move: Protect\n|move|p2a: Swampert|Waterfall|p1a: Toxapex\n|-activate|p1a: Toxapex|move: Protect\n|\n|-heal|p1a: Toxapex|35\/100|[from] item: Leftovers\n|-damage|p2a: Swampert|41\/100 tox|[from] psn\n|upkeep\n|turn|16\n|\n|t:|1700256419\n|move|p1a: Toxapex|Baneful Bunker|p1a: Toxapex\n|-singleturn|p1a: Toxapex|move: Protect\n|move|p2a: Swampert|Waterfall|p1a: Toxapex\n|-activate|p1a: Toxapex|move: Protect\n|\n|-heal|p1a: Toxapex|41\/100|[from] item: Leftovers\n|-damage|p2a: Swampert|22\/100 tox|[from] psn\n|upkeep\n|turn|17\n|\n|t:|1700256431\n|switch|p1a: Dragonite|Dragonite, M|100\/100\n|-damage|p1a: Dragonite|76\/100|[from] Stealth Rock\n|move|p2a: Swampert|Waterfall|p1a: Dragonite\n|-resisted|p1a: Dragonite\n|-damage|p1a: Dragonite|48\/100\n|\n|-damage|p2a: Swampert|0 fnt|[from] psn\n|faint|p2a: Swampert\n|upkeep\n|\n|t:|1700256441\n|switch|p2a: Ferrothorn|Ferrothorn, M|100\/100\n|turn|18\n|\n|t:|1700256453\n|switch|p1a: Toxapex|Toxapex, M, tera:Ground|74\/100\n|-damage|p1a: Toxapex|68\/100|[from] Stealth Rock\n|move|p2a: Ferrothorn|Stealth Rock||[still]\n|-fail|p2a: Ferrothorn\n|\n|-heal|p1a: Toxapex|74\/100|[from] item: Leftovers\n|upkeep\n|turn|19\n|\n|t:|1700256463\n|move|p1a: Toxapex|Toxic Spikes|p2a: Ferrothorn\n|-sidestart|p2: Perpetinal|move: Toxic Spikes\n|move|p2a: Ferrothorn|Knock Off|p1a: Toxapex\n|-damage|p1a: Toxapex|57\/100\n|-enditem|p1a: Toxapex|Leftovers|[from] move: Knock Off|[of] p2a: Ferrothorn\n|\n|upkeep\n|turn|20\n|\n|t:|1700256471\n|move|p1a: Toxapex|Toxic Spikes|p2a: Ferrothorn\n|-sidestart|p2: Perpetinal|move: Toxic Spikes\n|move|p2a: Ferrothorn|Thunder Wave|p1a: Toxapex\n|-immune|p1a: Toxapex\n|\n|upkeep\n|turn|21\n|\n|t:|1700256480\n|move|p1a: Toxapex|Scald|p2a: Ferrothorn\n|-resisted|p2a: Ferrothorn\n|-damage|p2a: Ferrothorn|95\/100\n|-status|p2a: Ferrothorn|brn\n|move|p2a: Ferrothorn|Leech Seed|p1a: Toxapex|[miss]\n|-miss|p2a: Ferrothorn|p1a: Toxapex\n|\n|-heal|p2a: Ferrothorn|100\/100 brn|[from] item: Leftovers\n|-damage|p2a: Ferrothorn|94\/100 brn|[from] brn\n|upkeep\n|turn|22\n|\n|t:|1700256493\n|move|p1a: Toxapex|Baneful Bunker|p1a: Toxapex\n|-singleturn|p1a: Toxapex|move: Protect\n|move|p2a: Ferrothorn|Leech Seed|p1a: Toxapex\n|-activate|p1a: Toxapex|move: Protect\n|\n|-heal|p2a: Ferrothorn|100\/100 brn|[from] item: Leftovers\n|-damage|p2a: Ferrothorn|94\/100 brn|[from] brn\n|upkeep\n|turn|23\n|\n|t:|1700256502\n|switch|p1a: Dragonite|Dragonite, M|48\/100\n|-damage|p1a: Dragonite|23\/100|[from] Stealth Rock\n|move|p2a: Ferrothorn|Leech Seed|p1a: Dragonite\n|-start|p1a: Dragonite|move: Leech Seed\n|\n|-heal|p2a: Ferrothorn|100\/100 brn|[from] item: Leftovers\n|-damage|p1a: Dragonite|11\/100|[from] Leech Seed|[of] p2a: Ferrothorn\n|-damage|p2a: Ferrothorn|94\/100 brn|[from] brn\n|upkeep\n|turn|24\n|\n|t:|1700256515\n|move|p1a: Dragonite|Earthquake|p2a: Ferrothorn\n|-damage|p2a: Ferrothorn|64\/100 brn\n|move|p2a: Ferrothorn|Knock Off|p1a: Dragonite\n|-damage|p1a: Dragonite|0 fnt\n|-enditem|p1a: Dragonite|Weakness Policy|[from] move: Knock Off|[of] p2a: Ferrothorn\n|faint|p1a: Dragonite\n|\n|-heal|p2a: Ferrothorn|71\/100 brn|[from] item: Leftovers\n|-damage|p2a: Ferrothorn|64\/100 brn|[from] brn\n|upkeep\n|\n|t:|1700256535\n|switch|p1a: Iron Valiant|Iron Valiant|94\/100\n|-damage|p1a: Iron Valiant|88\/100|[from] Stealth Rock\n|turn|25\n|\n|t:|1700256546\n|switch|p2a: Pelipper|Pelipper, F, shiny|44\/100\n|-weather|RainDance|[from] ability: Drizzle|[of] p2a: Pelipper\n|move|p1a: Iron Valiant|Aura Sphere|p2a: Pelipper\n|-resisted|p2a: Pelipper\n|-damage|p2a: Pelipper|2\/100\n|\n|-weather|RainDance|[upkeep]\n|upkeep\n|turn|26\n|\n|t:|1700256559\n|-end|p1a: Iron Valiant|Quark Drive|[silent]\n|switch|p1a: Toxapex|Toxapex, M, tera:Ground|90\/100\n|-damage|p1a: Toxapex|84\/100|[from] Stealth Rock\n|switch|p2a: Flygon|Flygon, M|100\/100\n|\n|-weather|RainDance|[upkeep]\n|upkeep\n|turn|27\n|\n|t:|1700256576\n|-terastallize|p2a: Flygon|Electric\n|move|p2a: Flygon|Dragon Dance|p2a: Flygon\n|-boost|p2a: Flygon|atk|1\n|-boost|p2a: Flygon|spe|1\n|move|p1a: Toxapex|Toxic|p2a: Flygon\n|-status|p2a: Flygon|tox\n|\n|-weather|RainDance|[upkeep]\n|-damage|p2a: Flygon|95\/100 tox|[from] psn\n|upkeep\n|turn|28\n|\n|t:|1700256587\n|move|p2a: Flygon|Dragon Dance|p2a: Flygon\n|-boost|p2a: Flygon|atk|1\n|-boost|p2a: Flygon|spe|1\n|move|p1a: Toxapex|Scald|p2a: Flygon\n|-damage|p2a: Flygon|57\/100 tox\n|\n|-weather|RainDance|[upkeep]\n|-damage|p2a: Flygon|45\/100 tox|[from] psn\n|upkeep\n|turn|29\n|\n|t:|1700256597\n|move|p1a: Toxapex|Baneful Bunker|p1a: Toxapex\n|-singleturn|p1a: Toxapex|move: Protect\n|move|p2a: Flygon|Scale Shot|p1a: Toxapex\n|-activate|p1a: Toxapex|move: Protect\n|\n|-weather|RainDance|[upkeep]\n|-damage|p2a: Flygon|27\/100 tox|[from] psn\n|upkeep\n|turn|30\n|\n|t:|1700256608\n|move|p1a: Toxapex|Baneful Bunker|p1a: Toxapex\n|-singleturn|p1a: Toxapex|move: Protect\n|move|p2a: Flygon|Scale Shot|p1a: Toxapex\n|-activate|p1a: Toxapex|move: Protect\n|\n|-weather|RainDance|[upkeep]\n|-damage|p2a: Flygon|3\/100 tox|[from] psn\n|upkeep\n|turn|31\n|\n|t:|1700256618\n|switch|p1a: Iron Valiant|Iron Valiant|88\/100\n|-damage|p1a: Iron Valiant|82\/100|[from] Stealth Rock\n|move|p2a: Flygon|Scale Shot|p1a: Iron Valiant\n|-immune|p1a: Iron Valiant\n|\n|-weather|RainDance|[upkeep]\n|-damage|p2a: Flygon|0 fnt|[from] psn\n|faint|p2a: Flygon\n|upkeep\n|\n|t:|1700256629\n|switch|p2a: Pelipper|Pelipper, F, shiny|2\/100\n|turn|32\n|\n|t:|1700256634\n|move|p1a: Iron Valiant|Aura Sphere|p2a: Pelipper\n|-resisted|p2a: Pelipper\n|-damage|p2a: Pelipper|0 fnt\n|faint|p2a: Pelipper\n|\n|-weather|none\n|upkeep\n|\n|t:|1700256641\n|switch|p2a: Ferrothorn|Ferrothorn, M|64\/100 brn\n|turn|33\n|\n|t:|1700256649\n|move|p1a: Iron Valiant|Aura Sphere|p2a: Ferrothorn\n|-supereffective|p2a: Ferrothorn\n|-damage|p2a: Ferrothorn|0 fnt\n|faint|p2a: Ferrothorn\n|\n|win|PixBolado\n|raw|PixBolado's rating: 1286 &rarr; <strong>1305<\/strong><br \/>(+19 for winning)\n|raw|Perpetinal's rating: 1196 &rarr; <strong>1177<\/strong><br \/>(-19 for losing)\n|l|\u2606Perpetinal\n","uploadtime":1700256665,"views":14,"p1id":"pixbolado","p2id":"perpetinal","formatid":"gen9nationaldex","rating":1177,"private":0,"password":""}