{"id":"gen9nationaldex-1999347086","p1":"Krokorockin","p2":"gggdz","format":"[Gen 9] National Dex","log":"|html|<div class=\"broadcast-blue\"><strong>[Gen 9] National Dex is currently suspecting Sneasler! For information on how to participate check out the <a href=\"https:\/\/www.smogon.com\/forums\/threads\/sv-national-dex-suspect-8-just-dance.3731534\/\">suspect thread<\/a>.<\/strong><\/div>\n|j|\u2606Krokorockin\n|j|\u2606gggdz\n|t:|1701064183\n|gametype|singles\n|player|p1|Krokorockin|guitarist-gen4|1219\n|player|p2|gggdz|swimmer|1161\n|teamsize|p1|6\n|teamsize|p2|6\n|gen|9\n|tier|[Gen 9] National Dex\n|rated|\n|rule|HP Percentage Mod: HP is shown in percentages\n|rule|Endless Battle Clause: Forcing endless battles is banned\n|rule|OHKO Clause: OHKO moves are banned\n|rule|Evasion Clause: Evasion abilities, items, and moves are banned\n|rule|Evasion Abilities Clause: Evasion abilities are banned\n|rule|Evasion Items Clause: Evasion items are banned\n|rule|Evasion Moves Clause: Evasion moves are banned\n|rule|Species Clause: Limit one of each Pok\u00e9mon\n|rule|Sleep Clause Mod: Limit one foe put to sleep\n|clearpoke\n|poke|p1|Krookodile, F|\n|poke|p1|Mandibuzz, F|\n|poke|p1|Bisharp, F|\n|poke|p1|Gigalith, M|\n|poke|p1|Excadrill, F|\n|poke|p1|Braviary-Hisui, M|\n|poke|p2|Charizard, M|\n|poke|p2|Samurott-Hisui, M|\n|poke|p2|Great Tusk|\n|poke|p2|Torkoal, M|\n|poke|p2|Sandy Shocks|\n|poke|p2|Scream Tail|\n|teampreview\n|\n|t:|1701064196\n|start\n|switch|p1a: Mandibuzz|Mandibuzz, F|100\/100\n|switch|p2a: Samurott|Samurott-Hisui, M|100\/100\n|turn|1\n|\n|t:|1701064218\n|move|p2a: Samurott|Ceaseless Edge|p1a: Mandibuzz\n|-resisted|p1a: Mandibuzz\n|-damage|p1a: Mandibuzz|89\/100\n|-damage|p2a: Samurott|84\/100|[from] item: Rocky Helmet|[of] p1a: Mandibuzz\n|-sidestart|p1: Krokorockin|Spikes\n|move|p1a: Mandibuzz|Toxic|p2a: Samurott\n|-status|p2a: Samurott|tox\n|\n|-damage|p2a: Samurott|78\/100 tox|[from] psn\n|upkeep\n|turn|2\n|inactive|Battle timer is ON: inactive players will automatically lose when time's up. (requested by Krokorockin)\n|inactive|Krokorockin has 120 seconds left.\n|\n|t:|1701064269\n|move|p2a: Samurott|Ceaseless Edge|p1a: Mandibuzz\n|-resisted|p1a: Mandibuzz\n|-damage|p1a: Mandibuzz|77\/100\n|-damage|p2a: Samurott|61\/100 tox|[from] item: Rocky Helmet|[of] p1a: Mandibuzz\n|-sidestart|p1: Krokorockin|Spikes\n|move|p1a: Mandibuzz|Defog|p2a: Samurott\n|-unboost|p2a: Samurott|evasion|1\n|-sideend|p1: Krokorockin|Spikes|[from] move: Defog|[of] p1a: Mandibuzz\n|\n|-damage|p2a: Samurott|49\/100 tox|[from] psn\n|upkeep\n|turn|3\n|\n|t:|1701064282\n|move|p2a: Samurott|Knock Off|p1a: Mandibuzz\n|-resisted|p1a: Mandibuzz\n|-crit|p1a: Mandibuzz\n|-damage|p1a: Mandibuzz|59\/100\n|-damage|p2a: Samurott|32\/100 tox|[from] item: Rocky Helmet|[of] p1a: Mandibuzz\n|-enditem|p1a: Mandibuzz|Rocky Helmet|[from] move: Knock Off|[of] p2a: Samurott\n|move|p1a: Mandibuzz|Toxic|p2a: Samurott\n|-fail|p2a: Samurott|tox\n|\n|-damage|p2a: Samurott|14\/100 tox|[from] psn\n|upkeep\n|turn|4\n|\n|t:|1701064286\n|move|p2a: Samurott|Razor Shell|p1a: Mandibuzz\n|-damage|p1a: Mandibuzz|29\/100\n|move|p1a: Mandibuzz|Roost|p1a: Mandibuzz\n|-heal|p1a: Mandibuzz|79\/100\n|-singleturn|p1a: Mandibuzz|move: Roost\n|\n|-damage|p2a: Samurott|0 fnt|[from] psn\n|faint|p2a: Samurott\n|upkeep\n|\n|t:|1701064291\n|switch|p2a: Torkoal|Torkoal, M|100\/100\n|-weather|SunnyDay|[from] ability: Drought|[of] p2a: Torkoal\n|turn|5\n|\n|t:|1701064320\n|move|p1a: Mandibuzz|Toxic|p2a: Torkoal\n|-status|p2a: Torkoal|tox\n|move|p2a: Torkoal|Overheat|p1a: Mandibuzz\n|-damage|p1a: Mandibuzz|32\/100\n|-unboost|p2a: Torkoal|spa|2\n|-enditem|p2a: Torkoal|Eject Pack\n|\n|t:|1701064332\n|switch|p2a: Charizard|Charizard, M, shiny|100\/100\n|\n|-weather|SunnyDay|[upkeep]\n|-damage|p2a: Charizard|88\/100|[from] ability: Solar Power|[of] p2a: Charizard\n|upkeep\n|turn|6\n|\n|t:|1701064342\n|switch|p1a: Gigalith|Gigalith, M|100\/100\n|-weather|Sandstorm|[from] ability: Sand Stream|[of] p1a: Gigalith\n|detailschange|p2a: Charizard|Charizard-Mega-Y, M, shiny\n|-mega|p2a: Charizard|Charizard|Charizardite Y\n|-weather|SunnyDay|[from] ability: Drought|[of] p2a: Charizard\n|move|p2a: Charizard|Weather Ball|p1a: Gigalith\n|-resisted|p1a: Gigalith\n|-damage|p1a: Gigalith|68\/100\n|\n|-weather|SunnyDay|[upkeep]\n|upkeep\n|turn|7\n|\n|t:|1701064355\n|move|p2a: Charizard|Solar Beam||[still]\n|-prepare|p2a: Charizard|Solar Beam\n|-anim|p2a: Charizard|Solar Beam|p1a: Gigalith\n|-supereffective|p1a: Gigalith\n|-damage|p1a: Gigalith|0 fnt\n|faint|p1a: Gigalith\n|\n|-weather|SunnyDay|[upkeep]\n|upkeep\n|inactive|Krokorockin has 120 seconds left.\n|inactive|Krokorockin has 90 seconds left.\n|inactive|Krokorockin has 60 seconds left.\n|c|\u2606gggdz|rob\n|\n|t:|1701064444\n|switch|p1a: Braviary|Braviary-Hisui, M|100\/100\n|turn|8\n|inactive|Krokorockin has 60 seconds left.\n|\n|t:|1701064463\n|switch|p2a: Sandy Shocks|Sandy Shocks, shiny|100\/100\n|-activate|p2a: Sandy Shocks|ability: Protosynthesis\n|-start|p2a: Sandy Shocks|protosynthesisspe\n|move|p1a: Braviary|Heat Wave|p2a: Sandy Shocks|[miss]\n|-miss|p1a: Braviary|p2a: Sandy Shocks\n|\n|-weather|SunnyDay|[upkeep]\n|upkeep\n|turn|9\n|inactive|Krokorockin has 60 seconds left.\n|c|\u2606Krokorockin|Bruh\n|\n|t:|1701064487\n|switch|p1a: Krookodile|Krookodile, F|100\/100\n|move|p2a: Sandy Shocks|Volt Switch|p1a: Krookodile\n|-immune|p1a: Krookodile\n|\n|-weather|SunnyDay|[upkeep]\n|upkeep\n|turn|10\n|\n|t:|1701064496\n|-terastallize|p1a: Krookodile|Dragon\n|move|p2a: Sandy Shocks|Earth Power|p1a: Krookodile\n|-damage|p1a: Krookodile|43\/100\n|move|p1a: Krookodile|Scale Shot|p2a: Sandy Shocks\n|-damage|p2a: Sandy Shocks|87\/100\n|-damage|p2a: Sandy Shocks|72\/100\n|-damage|p2a: Sandy Shocks|60\/100\n|-damage|p2a: Sandy Shocks|46\/100\n|-damage|p2a: Sandy Shocks|33\/100\n|-hitcount|p2a: Sandy Shocks|5\n|-unboost|p1a: Krookodile|def|1\n|-boost|p1a: Krookodile|spe|1\n|\n|-weather|none\n|-end|p2a: Sandy Shocks|Protosynthesis\n|-heal|p2a: Sandy Shocks|39\/100|[from] item: Leftovers\n|upkeep\n|turn|11\n|inactive|Krokorockin has 60 seconds left.\n|\n|t:|1701064508\n|move|p1a: Krookodile|Earthquake|p2a: Sandy Shocks\n|-supereffective|p2a: Sandy Shocks\n|-damage|p2a: Sandy Shocks|0 fnt\n|faint|p2a: Sandy Shocks\n|-end|p2a: Sandy Shocks|Protosynthesis|[silent]\n|-ability|p1a: Krookodile|Moxie|boost\n|-boost|p1a: Krookodile|atk|1\n|\n|upkeep\n|\n|t:|1701064511\n|switch|p2a: Charizard|Charizard-Mega-Y, M, shiny|88\/100\n|-weather|SunnyDay|[from] ability: Drought|[of] p2a: Charizard\n|turn|12\n|\n|t:|1701064519\n|move|p1a: Krookodile|Scale Shot|p2a: Charizard|[miss]\n|-miss|p1a: Krookodile|p2a: Charizard\n|move|p2a: Charizard|Solar Beam||[still]\n|-prepare|p2a: Charizard|Solar Beam\n|-anim|p2a: Charizard|Solar Beam|p1a: Krookodile\n|-resisted|p1a: Krookodile\n|-damage|p1a: Krookodile|11\/100\n|\n|-weather|SunnyDay|[upkeep]\n|upkeep\n|turn|13\n|c|\u2606Krokorockin|.-.\n|inactive|Krokorockin has 60 seconds left.\n|\n|t:|1701064536\n|move|p1a: Krookodile|Scale Shot|p2a: Charizard\n|-damage|p2a: Charizard|61\/100\n|-damage|p2a: Charizard|35\/100\n|-damage|p2a: Charizard|8\/100\n|-damage|p2a: Charizard|0 fnt\n|faint|p2a: Charizard\n|-ability|p1a: Krookodile|Moxie|boost\n|-boost|p1a: Krookodile|atk|1\n|-hitcount|p2: Charizard|4\n|-unboost|p1a: Krookodile|def|1\n|-boost|p1a: Krookodile|spe|1\n|\n|-weather|SunnyDay|[upkeep]\n|upkeep\n|\n|t:|1701064542\n|switch|p2a: Great Tusk|Great Tusk|100\/100\n|-activate|p2a: Great Tusk|ability: Protosynthesis\n|-start|p2a: Great Tusk|protosynthesisatk\n|turn|14\n|\n|t:|1701064549\n|move|p1a: Krookodile|Scale Shot|p2a: Great Tusk\n|-damage|p2a: Great Tusk|83\/100\n|-damage|p2a: Great Tusk|66\/100\n|-damage|p2a: Great Tusk|48\/100\n|-damage|p2a: Great Tusk|30\/100\n|-damage|p2a: Great Tusk|12\/100\n|-hitcount|p2a: Great Tusk|5\n|-unboost|p1a: Krookodile|def|1\n|-boost|p1a: Krookodile|spe|1\n|move|p2a: Great Tusk|Rapid Spin|p1a: Krookodile\n|-damage|p1a: Krookodile|0 fnt\n|-boost|p2a: Great Tusk|spe|1\n|faint|p1a: Krookodile\n|\n|-weather|SunnyDay|[upkeep]\n|-heal|p2a: Great Tusk|18\/100|[from] item: Leftovers\n|upkeep\n|\n|t:|1701064564\n|switch|p1a: Braviary|Braviary-Hisui, M|100\/100\n|turn|15\n|\n|t:|1701064568\n|move|p2a: Great Tusk|Stone Edge|p1a: Braviary\n|-supereffective|p1a: Braviary\n|-damage|p1a: Braviary|0 fnt\n|faint|p1a: Braviary\n|\n|-weather|SunnyDay|[upkeep]\n|-heal|p2a: Great Tusk|24\/100|[from] item: Leftovers\n|upkeep\n|\n|t:|1701064574\n|switch|p1a: Bisharp|Bisharp, F|100\/100\n|turn|16\n|\n|t:|1701064578\n|move|p1a: Bisharp|Sucker Punch||[still]\n|-fail|p1a: Bisharp\n|move|p2a: Great Tusk|Roar|p1a: Bisharp\n|drag|p1a: Mandibuzz|Mandibuzz, F|32\/100\n|\n|-weather|none\n|-end|p2a: Great Tusk|Protosynthesis\n|-heal|p2a: Great Tusk|31\/100|[from] item: Leftovers\n|upkeep\n|turn|17\n|inactive|Krokorockin has 90 seconds left.\n|\n|t:|1701064589\n|move|p2a: Great Tusk|Stone Edge|p1a: Mandibuzz\n|-supereffective|p1a: Mandibuzz\n|-crit|p1a: Mandibuzz\n|-damage|p1a: Mandibuzz|0 fnt\n|faint|p1a: Mandibuzz\n|\n|-heal|p2a: Great Tusk|37\/100|[from] item: Leftovers\n|upkeep\n|inactive|Krokorockin has 90 seconds left.\n|\n|t:|1701064597\n|switch|p1a: Bisharp|Bisharp, F|100\/100\n|turn|18\n|\n|t:|1701064602\n|move|p1a: Bisharp|Iron Head|p2a: Great Tusk\n|-damage|p2a: Great Tusk|1\/100\n|move|p2a: Great Tusk|Roar|p1a: Bisharp\n|drag|p1a: Excadrill|Excadrill, F|100\/100\n|\n|-heal|p2a: Great Tusk|8\/100|[from] item: Leftovers\n|upkeep\n|turn|19\n|\n|t:|1701064613\n|move|p2a: Great Tusk|Earthquake|p1a: Excadrill\n|-supereffective|p1a: Excadrill\n|-damage|p1a: Excadrill|0 fnt\n|faint|p1a: Excadrill\n|\n|-heal|p2a: Great Tusk|14\/100|[from] item: Leftovers\n|upkeep\n|\n|t:|1701064616\n|switch|p1a: Bisharp|Bisharp, F|100\/100\n|turn|20\n|\n|t:|1701064618\n|move|p1a: Bisharp|Sucker Punch|p2a: Great Tusk\n|-resisted|p2a: Great Tusk\n|-damage|p2a: Great Tusk|0 fnt\n|faint|p2a: Great Tusk\n|-end|p2a: Great Tusk|Protosynthesis|[silent]\n|\n|upkeep\n|\n|t:|1701064621\n|switch|p2a: Torkoal|Torkoal, M|100\/100 tox\n|-weather|SunnyDay|[from] ability: Drought|[of] p2a: Torkoal\n|turn|21\n|inactive|Krokorockin has 120 seconds left.\n|\n|t:|1701064650\n|move|p1a: Bisharp|Iron Head|p2a: Torkoal\n|-resisted|p2a: Torkoal\n|-damage|p2a: Torkoal|87\/100 tox\n|move|p2a: Torkoal|Yawn|p1a: Bisharp\n|-start|p1a: Bisharp|move: Yawn|[of] p2a: Torkoal\n|\n|-weather|SunnyDay|[upkeep]\n|-damage|p2a: Torkoal|81\/100 tox|[from] psn\n|upkeep\n|turn|22\n|\n|t:|1701064656\n|move|p1a: Bisharp|Sucker Punch|p2a: Torkoal\n|-damage|p2a: Torkoal|58\/100 tox\n|move|p2a: Torkoal|Overheat|p1a: Bisharp\n|-supereffective|p1a: Bisharp\n|-damage|p1a: Bisharp|0 fnt\n|-unboost|p2a: Torkoal|spa|2\n|faint|p1a: Bisharp\n|\n|win|gggdz\n|raw|Krokorockin's rating: 1219 &rarr; <strong>1190<\/strong><br \/>(-29 for losing)\n|raw|gggdz's rating: 1161 &rarr; <strong>1190<\/strong><br \/>(+29 for winning)\n|l|\u2606Krokorockin\n","uploadtime":1701064667,"views":12,"p1id":"krokorockin","p2id":"gggdz","formatid":"gen9nationaldex","rating":1190,"private":0,"password":""}