{"id":"gen9nationaldex-1998271999","p1":"i like serperior","p2":"nfyhsueryfgius","format":"[Gen 9] National Dex","log":"|html|<div class=\"broadcast-blue\"><strong>[Gen 9] National Dex is currently suspecting Sneasler! For information on how to participate check out the <a href=\"https:\/\/www.smogon.com\/forums\/threads\/sv-national-dex-suspect-8-just-dance.3731534\/\">suspect thread<\/a>.<\/strong><\/div>\n|j|\u2606i like serperior\n|j|\u2606nfyhsueryfgius\n|t:|1700922958\n|gametype|singles\n|player|p1|i like serperior|colress|1743\n|player|p2|nfyhsueryfgius|ghetsis|1673\n|teamsize|p1|6\n|teamsize|p2|6\n|gen|9\n|tier|[Gen 9] National Dex\n|rated|\n|rule|HP Percentage Mod: HP is shown in percentages\n|rule|Endless Battle Clause: Forcing endless battles is banned\n|rule|OHKO Clause: OHKO moves are banned\n|rule|Evasion Clause: Evasion abilities, items, and moves are banned\n|rule|Evasion Abilities Clause: Evasion abilities are banned\n|rule|Evasion Items Clause: Evasion items are banned\n|rule|Evasion Moves Clause: Evasion moves are banned\n|rule|Species Clause: Limit one of each Pok\u00e9mon\n|rule|Sleep Clause Mod: Limit one foe put to sleep\n|clearpoke\n|poke|p1|Hatterene, F|\n|poke|p1|Houndoom, F|\n|poke|p1|Torkoal, M|\n|poke|p1|Great Tusk|\n|poke|p1|Rillaboom, F|\n|poke|p1|Darmanitan, M|\n|poke|p2|Alomomola, M|\n|poke|p2|Slowking-Galar, F|\n|poke|p2|Gliscor, F|\n|poke|p2|Tyranitar, M|\n|poke|p2|Ferrothorn, F|\n|poke|p2|Tornadus-Therian, M|\n|teampreview\n|\n|t:|1700922969\n|start\n|switch|p1a: Supernova|Darmanitan, M|100\/100\n|switch|p2a: Tornadus|Tornadus-Therian, M|100\/100\n|turn|1\n|\n|t:|1700922976\n|switch|p1a: Vesuvius|Torkoal, M, shiny|100\/100\n|-weather|SunnyDay|[from] ability: Drought|[of] p1a: Vesuvius\n|-zpower|p2a: Tornadus\n|move|p2a: Tornadus|Supersonic Skystrike|p1a: Vesuvius|[zeffect]\n|-damage|p1a: Vesuvius|32\/100\n|\n|-weather|SunnyDay|[upkeep]\n|upkeep\n|turn|2\n|\n|t:|1700922983\n|switch|p1a: Re-router|Hatterene, F, shiny|100\/100\n|move|p2a: Tornadus|Focus Blast|p1a: Re-router|[miss]\n|-miss|p2a: Tornadus|p1a: Re-router\n|\n|-weather|SunnyDay|[upkeep]\n|upkeep\n|turn|3\n|\n|t:|1700922988\n|switch|p2a: Slowking|Slowking-Galar, F|100\/100\n|move|p1a: Re-router|Nuzzle|p2a: Slowking\n|-damage|p2a: Slowking|96\/100\n|-status|p2a: Slowking|par\n|\n|-weather|SunnyDay|[upkeep]\n|upkeep\n|turn|4\n|\n|t:|1700922991\n|switch|p1a: Supernova|Darmanitan, M|100\/100\n|move|p2a: Slowking|Sludge Bomb|p1a: Supernova\n|-damage|p1a: Supernova|44\/100\n|\n|-weather|SunnyDay|[upkeep]\n|upkeep\n|turn|5\n|\n|t:|1700922996\n|switch|p2a: Tyranitar|Tyranitar, M|100\/100\n|-weather|Sandstorm|[from] ability: Sand Stream|[of] p2a: Tyranitar\n|move|p1a: Supernova|Flare Blitz|p2a: Tyranitar\n|-resisted|p2a: Tyranitar\n|-damage|p2a: Tyranitar|43\/100\n|-damage|p1a: Supernova|25\/100|[from] Recoil\n|\n|-weather|Sandstorm|[upkeep]\n|-damage|p1a: Supernova|18\/100|[from] Sandstorm\n|upkeep\n|turn|6\n|\n|t:|1700923000\n|detailschange|p2a: Tyranitar|Tyranitar-Mega, M\n|-mega|p2a: Tyranitar|Tyranitar|Tyranitarite\n|move|p1a: Supernova|Flare Blitz|p2a: Tyranitar\n|-resisted|p2a: Tyranitar\n|-damage|p2a: Tyranitar|0 fnt\n|faint|p2a: Tyranitar\n|-damage|p1a: Supernova|4\/100|[from] Recoil\n|\n|-weather|Sandstorm|[upkeep]\n|-damage|p1a: Supernova|0 fnt|[from] Sandstorm\n|faint|p1a: Supernova\n|upkeep\n|\n|t:|1700923012\n|switch|p1a: Vesuvius|Torkoal, M, shiny|32\/100\n|switch|p2a: Gliscor|Gliscor, F|100\/100\n|-weather|SunnyDay|[from] ability: Drought|[of] p1a: Vesuvius\n|turn|7\n|\n|t:|1700923015\n|switch|p1a: Re-router|Hatterene, F, shiny|100\/100\n|move|p2a: Gliscor|Earthquake|p1a: Re-router\n|-damage|p1a: Re-router|69\/100\n|\n|-weather|SunnyDay|[upkeep]\n|-heal|p1a: Re-router|75\/100|[from] item: Leftovers\n|-status|p2a: Gliscor|tox|[from] item: Toxic Orb\n|upkeep\n|turn|8\n|\n|t:|1700923019\n|move|p2a: Gliscor|Swords Dance|p2a: Gliscor\n|-boost|p2a: Gliscor|atk|2\n|move|p1a: Re-router|Draining Kiss|p2a: Gliscor\n|-damage|p2a: Gliscor|83\/100 tox\n|-heal|p1a: Re-router|90\/100|[from] drain|[of] p2a: Gliscor\n|\n|-weather|SunnyDay|[upkeep]\n|-heal|p1a: Re-router|96\/100|[from] item: Leftovers\n|-heal|p2a: Gliscor|95\/100 tox|[from] ability: Poison Heal\n|upkeep\n|turn|9\n|\n|t:|1700923022\n|switch|p1a: Velika|Great Tusk|100\/100\n|-activate|p1a: Velika|ability: Protosynthesis\n|-start|p1a: Velika|protosynthesisatk\n|move|p2a: Gliscor|Earthquake|p1a: Velika\n|-damage|p1a: Velika|52\/100\n|\n|-weather|SunnyDay|[upkeep]\n|-heal|p1a: Velika|58\/100|[from] item: Leftovers\n|-heal|p2a: Gliscor|100\/100 tox|[from] ability: Poison Heal\n|upkeep\n|turn|10\n|\n|t:|1700923026\n|switch|p2a: Alomomola|Alomomola, M|100\/100\n|move|p1a: Velika|Close Combat|p2a: Alomomola\n|-damage|p2a: Alomomola|48\/100\n|-unboost|p1a: Velika|def|1\n|-unboost|p1a: Velika|spd|1\n|\n|-weather|SunnyDay|[upkeep]\n|-heal|p1a: Velika|64\/100|[from] item: Leftovers\n|upkeep\n|turn|11\n|\n|t:|1700923031\n|switch|p2a: Tornadus|Tornadus-Therian, M|100\/100\n|move|p1a: Velika|Bulk Up|p1a: Velika\n|-boost|p1a: Velika|atk|1\n|-boost|p1a: Velika|def|1\n|\n|-weather|SunnyDay|[upkeep]\n|-heal|p1a: Velika|70\/100|[from] item: Leftovers\n|upkeep\n|turn|12\n|\n|t:|1700923036\n|-end|p1a: Velika|Protosynthesis|[silent]\n|switch|p1a: Re-router|Hatterene, F, shiny|96\/100\n|move|p2a: Tornadus|Focus Blast|p1a: Re-router\n|-resisted|p1a: Re-router\n|-damage|p1a: Re-router|89\/100\n|\n|-weather|SunnyDay|[upkeep]\n|-heal|p1a: Re-router|95\/100|[from] item: Leftovers\n|upkeep\n|turn|13\n|\n|t:|1700923042\n|switch|p2a: Gliscor|Gliscor, F|100\/100 tox\n|switch|p1a: Thermonuclear|Houndoom, F, shiny|100\/100\n|\n|-weather|SunnyDay|[upkeep]\n|upkeep\n|turn|14\n|\n|t:|1700923044\n|detailschange|p1a: Thermonuclear|Houndoom-Mega, F, shiny\n|-mega|p1a: Thermonuclear|Houndoom|Houndoominite\n|move|p1a: Thermonuclear|Fire Blast|p2a: Gliscor\n|-damage|p2a: Gliscor|0 fnt\n|faint|p2a: Gliscor\n|\n|-weather|none\n|upkeep\n|\n|t:|1700923052\n|switch|p2a: Alomomola|Alomomola, M|82\/100\n|turn|15\n|\n|t:|1700923055\n|switch|p1a: Vesuvius|Torkoal, M, shiny|32\/100\n|-weather|SunnyDay|[from] ability: Drought|[of] p1a: Vesuvius\n|move|p2a: Alomomola|Flip Turn|p1a: Vesuvius\n|-supereffective|p1a: Vesuvius\n|-damage|p1a: Vesuvius|19\/100\n|\n|t:|1700923059\n|switch|p2a: Slowking|Slowking-Galar, F|100\/100 par|[from] Flip Turn\n|\n|-weather|SunnyDay|[upkeep]\n|upkeep\n|turn|16\n|\n|t:|1700923063\n|move|p1a: Vesuvius|Rest|p1a: Vesuvius\n|-status|p1a: Vesuvius|slp|[from] move: Rest\n|-heal|p1a: Vesuvius|100\/100 slp|[silent]\n|move|p2a: Slowking|Chilly Reception|p2a: Slowking\n|-weather|Snow\n|\n|t:|1700923065\n|switch|p2a: Ferrothorn|Ferrothorn, F|100\/100|[from] Chilly Reception\n|\n|-weather|Snow|[upkeep]\n|upkeep\n|turn|17\n|\n|t:|1700923068\n|switch|p1a: Re-router|Hatterene, F, shiny|95\/100\n|move|p2a: Ferrothorn|Knock Off|p1a: Re-router\n|-damage|p1a: Re-router|76\/100\n|-enditem|p1a: Re-router|Leftovers|[from] move: Knock Off|[of] p2a: Ferrothorn\n|\n|-weather|Snow|[upkeep]\n|upkeep\n|turn|18\n|\n|t:|1700923073\n|switch|p2a: Slowking|Slowking-Galar, F|100\/100 par\n|move|p1a: Re-router|Nuzzle|p2a: Slowking\n|-damage|p2a: Slowking|96\/100 par\n|\n|-weather|Snow|[upkeep]\n|upkeep\n|turn|19\n|\n|t:|1700923077\n|switch|p1a: Velika|Great Tusk|70\/100\n|move|p2a: Slowking|Sludge Bomb|p1a: Velika\n|-resisted|p1a: Velika\n|-damage|p1a: Velika|45\/100\n|\n|-weather|Snow|[upkeep]\n|-heal|p1a: Velika|51\/100|[from] item: Leftovers\n|upkeep\n|turn|20\n|j| one eye ding zhen\n|\n|t:|1700923083\n|switch|p2a: Tornadus|Tornadus-Therian, M|100\/100\n|move|p1a: Velika|Rapid Spin|p2a: Tornadus\n|-damage|p2a: Tornadus|78\/100\n|-boost|p1a: Velika|spe|1\n|\n|-weather|none\n|-heal|p1a: Velika|57\/100|[from] item: Leftovers\n|upkeep\n|turn|21\n|\n|t:|1700923089\n|-end|p1a: Velika|Protosynthesis|[silent]\n|switch|p1a: Re-router|Hatterene, F, shiny|76\/100\n|move|p2a: Tornadus|Hurricane|p1a: Re-router\n|-damage|p1a: Re-router|34\/100\n|\n|upkeep\n|turn|22\n|\n|t:|1700923093\n|switch|p1a: Vesuvius|Torkoal, M, shiny|100\/100 slp\n|-weather|SunnyDay|[from] ability: Drought|[of] p1a: Vesuvius\n|move|p2a: Tornadus|Hurricane|p1a: Vesuvius|[miss]\n|-miss|p2a: Tornadus|p1a: Vesuvius\n|\n|-weather|SunnyDay|[upkeep]\n|upkeep\n|turn|23\n|j| a245873wl\n|\n|t:|1700923096\n|switch|p2a: Slowking|Slowking-Galar, F|100\/100 par\n|switch|p1a: Thermonuclear|Houndoom-Mega, F, shiny|100\/100\n|\n|-weather|SunnyDay|[upkeep]\n|-damage|p1a: Thermonuclear|88\/100|[from] ability: Solar Power|[of] p1a: Thermonuclear\n|upkeep\n|turn|24\n|\n|t:|1700923099\n|switch|p2a: Alomomola|Alomomola, M|100\/100\n|move|p1a: Thermonuclear|Nasty Plot|p1a: Thermonuclear\n|-boost|p1a: Thermonuclear|spa|2\n|\n|-weather|SunnyDay|[upkeep]\n|-damage|p1a: Thermonuclear|76\/100|[from] ability: Solar Power|[of] p1a: Thermonuclear\n|upkeep\n|turn|25\n|\n|t:|1700923103\n|move|p1a: Thermonuclear|Fire Blast|p2a: Alomomola\n|-resisted|p2a: Alomomola\n|-damage|p2a: Alomomola|0 fnt\n|faint|p2a: Alomomola\n|\n|-weather|SunnyDay|[upkeep]\n|-damage|p1a: Thermonuclear|64\/100|[from] ability: Solar Power|[of] p1a: Thermonuclear\n|upkeep\n|-message|nfyhsueryfgius forfeited.\n|\n|win|i like serperior\n|raw|i like serperior's rating: 1743 &rarr; <strong>1759<\/strong><br \/>(+16 for winning)\n|raw|nfyhsueryfgius's rating: 1673 &rarr; <strong>1657<\/strong><br \/>(-16 for losing)\n|l|\u2606nfyhsueryfgius\n","uploadtime":1700923125,"views":2,"p1id":"ilikeserperior","p2id":"nfyhsueryfgius","formatid":"gen9nationaldex","rating":1657,"private":0,"password":""}