{"id":"gen9nationaldex-1991706643","p1":"chige54321","p2":"T_in_a_Cup","format":"[Gen 9] National Dex","log":"|j|\u2606chige54321\n|j|\u2606T_in_a_Cup\n|t:|1700105008\n|gametype|singles\n|player|p1|chige54321|preschooler|1074\n|player|p2|T_in_a_Cup|ninjaboy|1047\n|teamsize|p1|6\n|teamsize|p2|6\n|gen|9\n|tier|[Gen 9] National Dex\n|rated|\n|rule|HP Percentage Mod: HP is shown in percentages\n|rule|Endless Battle Clause: Forcing endless battles is banned\n|rule|OHKO Clause: OHKO moves are banned\n|rule|Evasion Clause: Evasion abilities, items, and moves are banned\n|rule|Evasion Abilities Clause: Evasion abilities are banned\n|rule|Evasion Items Clause: Evasion items are banned\n|rule|Evasion Moves Clause: Evasion moves are banned\n|rule|Species Clause: Limit one of each Pok\u00e9mon\n|rule|Sleep Clause Mod: Limit one foe put to sleep\n|clearpoke\n|poke|p1|Lileep, M|\n|poke|p1|Torkoal, M|\n|poke|p1|Alomomola, F|\n|poke|p1|Toxapex, M|\n|poke|p1|Altaria, M|\n|poke|p1|Claydol|\n|poke|p2|Golisopod, F|\n|poke|p2|Grafaiai, F|\n|poke|p2|Rotom-Frost|\n|poke|p2|Breloom, F|\n|poke|p2|Houndstone, F|\n|poke|p2|Garganacl, M|\n|teampreview\n|\n|t:|1700105018\n|start\n|switch|p1a: Torkoal|Torkoal, M|100\/100\n|switch|p2a: Garganacl|Garganacl, M|100\/100\n|-weather|SunnyDay|[from] ability: Drought|[of] p1a: Torkoal\n|turn|1\n|\n|t:|1700105028\n|move|p2a: Garganacl|Salt Cure|p1a: Torkoal\n|-supereffective|p1a: Torkoal\n|-damage|p1a: Torkoal|85\/100\n|-start|p1a: Torkoal|Salt Cure\n|move|p1a: Torkoal|Stealth Rock|p2a: Garganacl\n|-sidestart|p2: T_in_a_Cup|move: Stealth Rock\n|\n|-weather|SunnyDay|[upkeep]\n|-damage|p1a: Torkoal|73\/100|[from] Salt Cure\n|upkeep\n|turn|2\n|\n|t:|1700105046\n|switch|p1a: Toxapex|Toxapex, M|100\/100\n|move|p2a: Garganacl|Curse|p2a: Garganacl\n|-unboost|p2a: Garganacl|spe|1\n|-boost|p2a: Garganacl|atk|1\n|-boost|p2a: Garganacl|def|1\n|\n|-weather|SunnyDay|[upkeep]\n|upkeep\n|turn|3\n|\n|t:|1700105055\n|move|p1a: Toxapex|Haze|p1a: Toxapex\n|-clearallboost\n|move|p2a: Garganacl|Salt Cure|p1a: Toxapex\n|-crit|p1a: Toxapex\n|-damage|p1a: Toxapex|85\/100\n|-start|p1a: Toxapex|Salt Cure\n|\n|-weather|SunnyDay|[upkeep]\n|-heal|p1a: Toxapex|92\/100|[from] item: Black Sludge\n|-damage|p1a: Toxapex|67\/100|[from] Salt Cure\n|upkeep\n|turn|4\n|\n|t:|1700105067\n|switch|p2a: Breloom|Breloom, F|100\/100\n|-damage|p2a: Breloom|94\/100|[from] Stealth Rock\n|move|p1a: Toxapex|Toxic|p2a: Breloom\n|-status|p2a: Breloom|tox\n|\n|-weather|SunnyDay|[upkeep]\n|-heal|p1a: Toxapex|73\/100|[from] item: Black Sludge\n|-damage|p2a: Breloom|88\/100 tox|[from] psn\n|-damage|p1a: Toxapex|48\/100|[from] Salt Cure\n|upkeep\n|turn|5\n|\n|t:|1700105084\n|switch|p1a: Torkoal|Torkoal, M|73\/100\n|move|p2a: Breloom|Power-Up Punch|p1a: Torkoal\n|-crit|p1a: Torkoal\n|-damage|p1a: Torkoal|45\/100\n|-boost|p2a: Breloom|atk|1\n|\n|-weather|SunnyDay|[upkeep]\n|-damage|p2a: Breloom|76\/100 tox|[from] psn\n|upkeep\n|turn|6\n|\n|t:|1700105096\n|move|p2a: Breloom|Power-Up Punch|p1a: Torkoal\n|-damage|p1a: Torkoal|7\/100\n|-boost|p2a: Breloom|atk|1\n|move|p1a: Torkoal|Flamethrower|p2a: Breloom\n|-supereffective|p2a: Breloom\n|-damage|p2a: Breloom|0 fnt\n|faint|p2a: Breloom\n|\n|-weather|SunnyDay|[upkeep]\n|upkeep\n|\n|t:|1700105117\n|switch|p2a: Houndstone|Houndstone, F|100\/100\n|-damage|p2a: Houndstone|88\/100|[from] Stealth Rock\n|turn|7\n|\n|t:|1700105131\n|switch|p1a: Alomomola|Alomomola, F|100\/100\n|move|p2a: Houndstone|Play Rough|p1a: Alomomola\n|-damage|p1a: Alomomola|89\/100\n|\n|-weather|SunnyDay|[upkeep]\n|-heal|p2a: Houndstone|94\/100|[from] item: Leftovers\n|-heal|p1a: Alomomola|95\/100|[from] item: Leftovers\n|upkeep\n|turn|8\n|\n|t:|1700105146\n|move|p2a: Houndstone|Crunch|p1a: Alomomola\n|-damage|p1a: Alomomola|85\/100\n|move|p1a: Alomomola|Wish|p1a: Alomomola\n|\n|-weather|none\n|-heal|p2a: Houndstone|99\/100|[from] item: Leftovers\n|-heal|p1a: Alomomola|91\/100|[from] item: Leftovers\n|upkeep\n|turn|9\n|\n|t:|1700105154\n|switch|p2a: Golisopod|Golisopod, F|100\/100\n|-damage|p2a: Golisopod|75\/100|[from] Stealth Rock\n|move|p1a: Alomomola|Flip Turn|p2a: Golisopod\n|-resisted|p2a: Golisopod\n|-damage|p2a: Golisopod|70\/100\n|\n|t:|1700105162\n|switch|p1a: Torkoal|Torkoal, M|7\/100|[from] Flip Turn\n|-weather|SunnyDay|[from] ability: Drought|[of] p1a: Torkoal\n|\n|-weather|SunnyDay|[upkeep]\n|-heal|p1a: Torkoal|85\/100|[from] move: Wish|[wisher] Alomomola\n|upkeep\n|turn|10\n|\n|t:|1700105173\n|move|p2a: Golisopod|Liquidation|p1a: Torkoal\n|-supereffective|p1a: Torkoal\n|-damage|p1a: Torkoal|59\/100\n|-unboost|p1a: Torkoal|def|1\n|move|p1a: Torkoal|Flamethrower|p2a: Golisopod\n|-damage|p2a: Golisopod|34\/100\n|-activate|p2a: Golisopod|ability: Emergency Exit\n|\n|t:|1700105184\n|switch|p2a: Garganacl|Garganacl, M|100\/100\n|-damage|p2a: Garganacl|88\/100|[from] Stealth Rock\n|\n|-weather|SunnyDay|[upkeep]\n|-heal|p2a: Garganacl|94\/100|[from] item: Leftovers\n|upkeep\n|turn|11\n|\n|t:|1700105210\n|move|p2a: Garganacl|Salt Cure|p1a: Torkoal\n|-supereffective|p1a: Torkoal\n|-damage|p1a: Torkoal|36\/100\n|-start|p1a: Torkoal|Salt Cure\n|move|p1a: Torkoal|Yawn|p2a: Garganacl\n|-immune|p2a: Garganacl|[from] ability: Purifying Salt\n|\n|-weather|SunnyDay|[upkeep]\n|-heal|p2a: Garganacl|100\/100|[from] item: Leftovers\n|-damage|p1a: Torkoal|24\/100|[from] Salt Cure\n|upkeep\n|turn|12\n|\n|t:|1700105228\n|switch|p1a: Alomomola|Alomomola, F|100\/100\n|move|p2a: Garganacl|Salt Cure|p1a: Alomomola\n|-damage|p1a: Alomomola|92\/100\n|-start|p1a: Alomomola|Salt Cure\n|\n|-weather|SunnyDay|[upkeep]\n|-heal|p1a: Alomomola|99\/100|[from] item: Leftovers\n|-damage|p1a: Alomomola|74\/100|[from] Salt Cure\n|upkeep\n|turn|13\n|\n|t:|1700105243\n|move|p1a: Alomomola|Wish|p1a: Alomomola\n|move|p2a: Garganacl|Curse|p2a: Garganacl\n|-unboost|p2a: Garganacl|spe|1\n|-boost|p2a: Garganacl|atk|1\n|-boost|p2a: Garganacl|def|1\n|\n|-weather|SunnyDay|[upkeep]\n|-heal|p1a: Alomomola|80\/100|[from] item: Leftovers\n|-damage|p1a: Alomomola|55\/100|[from] Salt Cure\n|upkeep\n|turn|14\n|\n|t:|1700105253\n|switch|p1a: Toxapex|Toxapex, M|81\/100\n|move|p2a: Garganacl|Salt Cure|p1a: Toxapex\n|-damage|p1a: Toxapex|67\/100\n|-start|p1a: Toxapex|Salt Cure\n|\n|-weather|SunnyDay|[upkeep]\n|-heal|p1a: Toxapex|100\/100|[from] move: Wish|[wisher] Alomomola\n|-damage|p1a: Toxapex|75\/100|[from] Salt Cure\n|upkeep\n|turn|15\n|\n|t:|1700105266\n|move|p1a: Toxapex|Haze|p1a: Toxapex\n|-clearallboost\n|move|p2a: Garganacl|Recover||[still]\n|-fail|p2a: Garganacl|heal\n|\n|-weather|SunnyDay|[upkeep]\n|-heal|p1a: Toxapex|82\/100|[from] item: Black Sludge\n|-damage|p1a: Toxapex|57\/100|[from] Salt Cure\n|upkeep\n|turn|16\n|\n|t:|1700105278\n|move|p2a: Garganacl|Curse|p2a: Garganacl\n|-unboost|p2a: Garganacl|spe|1\n|-boost|p2a: Garganacl|atk|1\n|-boost|p2a: Garganacl|def|1\n|move|p1a: Toxapex|Toxic|p2a: Garganacl\n|-immune|p2a: Garganacl|[from] ability: Purifying Salt\n|\n|-weather|none\n|-heal|p1a: Toxapex|63\/100|[from] item: Black Sludge\n|-damage|p1a: Toxapex|38\/100|[from] Salt Cure\n|upkeep\n|turn|17\n|\n|t:|1700105289\n|move|p1a: Toxapex|Haze|p1a: Toxapex\n|-clearallboost\n|move|p2a: Garganacl|Salt Cure|p1a: Toxapex\n|-damage|p1a: Toxapex|28\/100\n|\n|-heal|p1a: Toxapex|34\/100|[from] item: Black Sludge\n|-damage|p1a: Toxapex|9\/100|[from] Salt Cure\n|upkeep\n|turn|18\n|\n|t:|1700105301\n|switch|p1a: Alomomola|Alomomola, F|88\/100\n|move|p2a: Garganacl|Curse|p2a: Garganacl\n|-unboost|p2a: Garganacl|spe|1\n|-boost|p2a: Garganacl|atk|1\n|-boost|p2a: Garganacl|def|1\n|\n|-heal|p1a: Alomomola|95\/100|[from] item: Leftovers\n|upkeep\n|turn|19\n|\n|t:|1700105311\n|move|p1a: Alomomola|Scald|p2a: Garganacl\n|-supereffective|p2a: Garganacl\n|-damage|p2a: Garganacl|78\/100\n|move|p2a: Garganacl|Salt Cure|p1a: Alomomola\n|-damage|p1a: Alomomola|83\/100\n|-start|p1a: Alomomola|Salt Cure\n|\n|-heal|p1a: Alomomola|89\/100|[from] item: Leftovers\n|-heal|p2a: Garganacl|84\/100|[from] item: Leftovers\n|-damage|p1a: Alomomola|64\/100|[from] Salt Cure\n|upkeep\n|turn|20\n|\n|t:|1700105330\n|move|p1a: Alomomola|Flip Turn|p2a: Garganacl\n|-supereffective|p2a: Garganacl\n|-damage|p2a: Garganacl|72\/100\n|\n|t:|1700105336\n|switch|p1a: Lileep|Lileep, M|100\/100|[from] Flip Turn\n|move|p2a: Garganacl|Salt Cure|p1a: Lileep\n|-damage|p1a: Lileep|84\/100\n|-start|p1a: Lileep|Salt Cure\n|\n|-heal|p2a: Garganacl|78\/100|[from] item: Leftovers\n|-damage|p1a: Lileep|72\/100|[from] Salt Cure\n|upkeep\n|turn|21\n|\n|t:|1700105348\n|-terastallize|p1a: Lileep|Ghost\n|move|p1a: Lileep|Curse|p2a: Garganacl\n|-start|p2a: Garganacl|Curse|[of] p1a: Lileep\n|-damage|p1a: Lileep|22\/100\n|move|p2a: Garganacl|Body Press|p1a: Lileep\n|-immune|p1a: Lileep\n|\n|-heal|p2a: Garganacl|84\/100|[from] item: Leftovers\n|-damage|p2a: Garganacl|59\/100|[from] Curse\n|-damage|p1a: Lileep|10\/100|[from] Salt Cure\n|upkeep\n|turn|22\n|\n|t:|1700105363\n|switch|p1a: Alomomola|Alomomola, F|97\/100\n|move|p2a: Garganacl|Recover|p2a: Garganacl\n|-heal|p2a: Garganacl|100\/100\n|\n|-heal|p1a: Alomomola|100\/100|[from] item: Leftovers\n|-damage|p2a: Garganacl|75\/100|[from] Curse\n|upkeep\n|turn|23\n|\n|t:|1700105377\n|move|p1a: Alomomola|Protect|p1a: Alomomola\n|-singleturn|p1a: Alomomola|Protect\n|move|p2a: Garganacl|Salt Cure|p1a: Alomomola\n|-activate|p1a: Alomomola|move: Protect\n|\n|-heal|p2a: Garganacl|82\/100|[from] item: Leftovers\n|-damage|p2a: Garganacl|57\/100|[from] Curse\n|upkeep\n|turn|24\n|\n|t:|1700105394\n|move|p1a: Alomomola|Scald|p2a: Garganacl\n|-supereffective|p2a: Garganacl\n|-damage|p2a: Garganacl|34\/100\n|move|p2a: Garganacl|Recover|p2a: Garganacl\n|-heal|p2a: Garganacl|84\/100\n|\n|-heal|p2a: Garganacl|91\/100|[from] item: Leftovers\n|-damage|p2a: Garganacl|66\/100|[from] Curse\n|upkeep\n|turn|25\n|\n|t:|1700105406\n|switch|p2a: Rotom|Rotom-Frost|100\/100\n|-damage|p2a: Rotom|76\/100|[from] Stealth Rock\n|move|p1a: Alomomola|Protect||[still]\n|-fail|p1a: Alomomola\n|\n|upkeep\n|turn|26\n|\n|t:|1700105415\n|move|p2a: Rotom|Thunderbolt|p1a: Alomomola\n|-supereffective|p1a: Alomomola\n|-damage|p1a: Alomomola|0 fnt\n|faint|p1a: Alomomola\n|-damage|p2a: Rotom|66\/100|[from] item: Life Orb\n|\n|upkeep\n|\n|t:|1700105431\n|switch|p1a: Claydol|Claydol|100\/100\n|turn|27\n|\n|t:|1700105437\n|move|p2a: Rotom|Will-O-Wisp|p1a: Claydol\n|-status|p1a: Claydol|brn\n|move|p1a: Claydol|Toxic|p2a: Rotom\n|-status|p2a: Rotom|tox\n|\n|-damage|p2a: Rotom|59\/100 tox|[from] psn\n|-damage|p1a: Claydol|94\/100 brn|[from] brn\n|upkeep\n|turn|28\n|\n|t:|1700105450\n|move|p2a: Rotom|Hex|p1a: Claydol\n|-supereffective|p1a: Claydol\n|-damage|p1a: Claydol|26\/100 brn\n|-damage|p2a: Rotom|49\/100 tox|[from] item: Life Orb\n|move|p1a: Claydol|Future Sight|p2a: Rotom\n|-start|p1a: Claydol|move: Future Sight\n|\n|-heal|p1a: Claydol|32\/100 brn|[from] item: Leftovers\n|-damage|p2a: Rotom|37\/100 tox|[from] psn\n|-damage|p1a: Claydol|26\/100 brn|[from] brn\n|upkeep\n|turn|29\n|\n|t:|1700105470\n|switch|p2a: Golisopod|Golisopod, F|34\/100\n|-damage|p2a: Golisopod|9\/100|[from] Stealth Rock\n|switch|p1a: Altaria|Altaria, M|100\/100\n|\n|upkeep\n|turn|30\n|\n|t:|1700105489\n|detailschange|p1a: Altaria|Altaria-Mega, M\n|-mega|p1a: Altaria|Altaria|Altarianite\n|move|p2a: Golisopod|First Impression|p1a: Altaria\n|-resisted|p1a: Altaria\n|-crit|p1a: Altaria\n|-damage|p1a: Altaria|65\/100\n|move|p1a: Altaria|Roar|p2a: Golisopod\n|drag|p2a: Houndstone|Houndstone, F|99\/100\n|-damage|p2a: Houndstone|88\/100|[from] Stealth Rock\n|\n|-end|p2a: Houndstone|move: Future Sight\n|-damage|p2a: Houndstone|55\/100\n|-heal|p2a: Houndstone|61\/100|[from] item: Leftovers\n|upkeep\n|turn|31\n|\n|t:|1700105515\n|move|p1a: Altaria|Body Slam|p2a: Houndstone\n|-damage|p2a: Houndstone|48\/100\n|-status|p2a: Houndstone|par\n|move|p2a: Houndstone|Play Rough|p1a: Altaria\n|-supereffective|p1a: Altaria\n|-damage|p1a: Altaria|31\/100\n|\n|-heal|p2a: Houndstone|54\/100 par|[from] item: Leftovers\n|upkeep\n|turn|32\n|\n|t:|1700105535\n|switch|p1a: Toxapex|Toxapex, M|43\/100\n|move|p2a: Houndstone|Play Rough|p1a: Toxapex\n|-resisted|p1a: Toxapex\n|-damage|p1a: Toxapex|35\/100\n|\n|-heal|p1a: Toxapex|41\/100|[from] item: Black Sludge\n|-heal|p2a: Houndstone|60\/100 par|[from] item: Leftovers\n|upkeep\n|turn|33\n|\n|t:|1700105552\n|switch|p2a: Golisopod|Golisopod, F|9\/100\n|-damage|p2a: Golisopod|0 fnt|[from] Stealth Rock\n|faint|p2a: Golisopod\n|move|p1a: Toxapex|Scald|p2: Golisopod|[notarget]\n|-fail|p1a: Toxapex\n|\n|-heal|p1a: Toxapex|48\/100|[from] item: Black Sludge\n|upkeep\n|\n|t:|1700105562\n|switch|p2a: Rotom|Rotom-Frost|37\/100 tox\n|-damage|p2a: Rotom|12\/100 tox|[from] Stealth Rock\n|turn|34\n|\n|t:|1700105570\n|move|p1a: Toxapex|Baneful Bunker|p1a: Toxapex\n|-singleturn|p1a: Toxapex|move: Protect\n|move|p2a: Rotom|Thunderbolt|p1a: Toxapex\n|-activate|p1a: Toxapex|move: Protect\n|\n|-heal|p1a: Toxapex|54\/100|[from] item: Black Sludge\n|-damage|p2a: Rotom|6\/100 tox|[from] psn\n|upkeep\n|turn|35\n|\n|t:|1700105580\n|switch|p1a: Claydol|Claydol|26\/100 brn\n|move|p2a: Rotom|Thunderbolt|p1a: Claydol\n|-immune|p1a: Claydol\n|\n|-heal|p1a: Claydol|32\/100 brn|[from] item: Leftovers\n|-damage|p2a: Rotom|0 fnt|[from] psn\n|faint|p2a: Rotom\n|-damage|p1a: Claydol|26\/100 brn|[from] brn\n|upkeep\n|\n|t:|1700105594\n|switch|p2a: Garganacl|Garganacl, M|66\/100\n|-damage|p2a: Garganacl|53\/100|[from] Stealth Rock\n|turn|36\n|\n|t:|1700105614\n|switch|p1a: Torkoal|Torkoal, M|24\/100\n|-weather|SunnyDay|[from] ability: Drought|[of] p1a: Torkoal\n|move|p2a: Garganacl|Recover|p2a: Garganacl\n|-heal|p2a: Garganacl|100\/100\n|\n|-weather|SunnyDay|[upkeep]\n|upkeep\n|turn|37\n|\n|t:|1700105623\n|move|p2a: Garganacl|Salt Cure|p1a: Torkoal\n|-supereffective|p1a: Torkoal\n|-damage|p1a: Torkoal|8\/100\n|-start|p1a: Torkoal|Salt Cure\n|move|p1a: Torkoal|Yawn|p2a: Garganacl\n|-immune|p2a: Garganacl|[from] ability: Purifying Salt\n|\n|-weather|SunnyDay|[upkeep]\n|-damage|p1a: Torkoal|0 fnt|[from] Salt Cure\n|faint|p1a: Torkoal\n|upkeep\n|\n|t:|1700105633\n|switch|p1a: Lileep|Lileep, M, tera:Ghost|10\/100\n|turn|38\n|\n|t:|1700105643\n|move|p2a: Garganacl|Salt Cure|p1a: Lileep\n|-damage|p1a: Lileep|0 fnt\n|faint|p1a: Lileep\n|\n|-weather|SunnyDay|[upkeep]\n|upkeep\n|\n|t:|1700105656\n|switch|p1a: Altaria|Altaria-Mega, M|31\/100\n|turn|39\n|\n|t:|1700105661\n|move|p1a: Altaria|Roost|p1a: Altaria\n|-heal|p1a: Altaria|81\/100\n|-singleturn|p1a: Altaria|move: Roost\n|move|p2a: Garganacl|Salt Cure|p1a: Altaria\n|-damage|p1a: Altaria|69\/100\n|-start|p1a: Altaria|Salt Cure\n|\n|-weather|SunnyDay|[upkeep]\n|-damage|p1a: Altaria|57\/100|[from] Salt Cure\n|upkeep\n|turn|40\n|\n|t:|1700105682\n|move|p2a: Garganacl|Curse|p2a: Garganacl\n|-unboost|p2a: Garganacl|spe|1\n|-boost|p2a: Garganacl|atk|1\n|-boost|p2a: Garganacl|def|1\n|move|p1a: Altaria|Roar|p2a: Garganacl\n|drag|p2a: Houndstone|Houndstone, F|60\/100 par\n|-damage|p2a: Houndstone|48\/100 par|[from] Stealth Rock\n|\n|-weather|SunnyDay|[upkeep]\n|-heal|p2a: Houndstone|54\/100 par|[from] item: Leftovers\n|-damage|p1a: Altaria|44\/100|[from] Salt Cure\n|upkeep\n|turn|41\n|\n|t:|1700105696\n|switch|p1a: Toxapex|Toxapex, M|87\/100\n|move|p2a: Houndstone|Shadow Sneak|p1a: Toxapex\n|-damage|p1a: Toxapex|78\/100\n|\n|-weather|SunnyDay|[upkeep]\n|-heal|p1a: Toxapex|84\/100|[from] item: Black Sludge\n|-heal|p2a: Houndstone|60\/100 par|[from] item: Leftovers\n|upkeep\n|turn|42\n|\n|t:|1700105710\n|move|p2a: Houndstone|Shadow Sneak|p1a: Toxapex\n|-damage|p1a: Toxapex|75\/100\n|move|p1a: Toxapex|Scald|p2a: Houndstone\n|-damage|p2a: Houndstone|52\/100 par\n|\n|-weather|SunnyDay|[upkeep]\n|-heal|p1a: Toxapex|81\/100|[from] item: Black Sludge\n|-heal|p2a: Houndstone|58\/100 par|[from] item: Leftovers\n|upkeep\n|turn|43\n|\n|t:|1700105723\n|move|p1a: Toxapex|Baneful Bunker|p1a: Toxapex\n|-singleturn|p1a: Toxapex|move: Protect\n|move|p2a: Houndstone|Crunch|p1a: Toxapex\n|-activate|p1a: Toxapex|move: Protect\n|\n|-weather|none\n|-heal|p1a: Toxapex|87\/100|[from] item: Black Sludge\n|-heal|p2a: Houndstone|64\/100 par|[from] item: Leftovers\n|upkeep\n|turn|44\n|\n|t:|1700105733\n|move|p1a: Toxapex|Scald|p2a: Houndstone\n|-damage|p2a: Houndstone|47\/100 par\n|move|p2a: Houndstone|Crunch|p1a: Toxapex\n|-damage|p1a: Toxapex|75\/100\n|\n|-heal|p1a: Toxapex|81\/100|[from] item: Black Sludge\n|-heal|p2a: Houndstone|53\/100 par|[from] item: Leftovers\n|upkeep\n|turn|45\n|\n|t:|1700105743\n|move|p1a: Toxapex|Baneful Bunker|p1a: Toxapex\n|-singleturn|p1a: Toxapex|move: Protect\n|move|p2a: Houndstone|Crunch|p1a: Toxapex\n|-activate|p1a: Toxapex|move: Protect\n|\n|-heal|p1a: Toxapex|87\/100|[from] item: Black Sludge\n|-heal|p2a: Houndstone|59\/100 par|[from] item: Leftovers\n|upkeep\n|turn|46\n|\n|t:|1700105752\n|move|p1a: Toxapex|Scald|p2a: Houndstone\n|-damage|p2a: Houndstone|42\/100 par\n|move|p2a: Houndstone|Crunch|p1a: Toxapex\n|-damage|p1a: Toxapex|75\/100\n|\n|-heal|p1a: Toxapex|81\/100|[from] item: Black Sludge\n|-heal|p2a: Houndstone|48\/100 par|[from] item: Leftovers\n|upkeep\n|turn|47\n|\n|t:|1700105762\n|switch|p2a: Garganacl|Garganacl, M|100\/100\n|-damage|p2a: Garganacl|88\/100|[from] Stealth Rock\n|move|p1a: Toxapex|Scald|p2a: Garganacl\n|-supereffective|p2a: Garganacl\n|-damage|p2a: Garganacl|55\/100\n|\n|-heal|p1a: Toxapex|87\/100|[from] item: Black Sludge\n|-heal|p2a: Garganacl|61\/100|[from] item: Leftovers\n|upkeep\n|turn|48\n|\n|t:|1700105776\n|move|p2a: Garganacl|Salt Cure|p1a: Toxapex\n|-damage|p1a: Toxapex|77\/100\n|-start|p1a: Toxapex|Salt Cure\n|move|p1a: Toxapex|Scald|p2a: Garganacl\n|-supereffective|p2a: Garganacl\n|-damage|p2a: Garganacl|28\/100\n|\n|-heal|p1a: Toxapex|83\/100|[from] item: Black Sludge\n|-heal|p2a: Garganacl|35\/100|[from] item: Leftovers\n|-damage|p1a: Toxapex|58\/100|[from] Salt Cure\n|upkeep\n|turn|49\n|\n|t:|1700105787\n|move|p1a: Toxapex|Scald|p2a: Garganacl\n|-supereffective|p2a: Garganacl\n|-damage|p2a: Garganacl|5\/100\n|move|p2a: Garganacl|Recover|p2a: Garganacl\n|-heal|p2a: Garganacl|55\/100\n|\n|-heal|p2a: Garganacl|61\/100|[from] item: Leftovers\n|-heal|p1a: Toxapex|65\/100|[from] item: Black Sludge\n|-damage|p1a: Toxapex|40\/100|[from] Salt Cure\n|upkeep\n|turn|50\n|\n|t:|1700105799\n|switch|p1a: Claydol|Claydol|26\/100 brn\n|move|p2a: Garganacl|Recover|p2a: Garganacl\n|-heal|p2a: Garganacl|100\/100\n|\n|-heal|p1a: Claydol|32\/100 brn|[from] item: Leftovers\n|-damage|p1a: Claydol|26\/100 brn|[from] brn\n|upkeep\n|turn|51\n|\n|t:|1700105809\n|move|p1a: Claydol|Protect|p1a: Claydol\n|-singleturn|p1a: Claydol|Protect\n|move|p2a: Garganacl|Salt Cure|p1a: Claydol\n|-activate|p1a: Claydol|move: Protect\n|\n|-heal|p1a: Claydol|32\/100 brn|[from] item: Leftovers\n|-damage|p1a: Claydol|26\/100 brn|[from] brn\n|upkeep\n|turn|52\n|\n|t:|1700105822\n|move|p1a: Claydol|Future Sight|p2a: Garganacl\n|-start|p1a: Claydol|move: Future Sight\n|move|p2a: Garganacl|Salt Cure|p1a: Claydol\n|-resisted|p1a: Claydol\n|-damage|p1a: Claydol|20\/100 brn\n|-start|p1a: Claydol|Salt Cure\n|\n|-heal|p1a: Claydol|26\/100 brn|[from] item: Leftovers\n|-damage|p1a: Claydol|20\/100 brn|[from] brn\n|-damage|p1a: Claydol|7\/100 brn|[from] Salt Cure\n|upkeep\n|turn|53\n|\n|t:|1700105837\n|move|p1a: Claydol|Protect|p1a: Claydol\n|-singleturn|p1a: Claydol|Protect\n|move|p2a: Garganacl|Curse|p2a: Garganacl\n|-unboost|p2a: Garganacl|spe|1\n|-boost|p2a: Garganacl|atk|1\n|-boost|p2a: Garganacl|def|1\n|\n|-heal|p1a: Claydol|13\/100 brn|[from] item: Leftovers\n|-damage|p1a: Claydol|7\/100 brn|[from] brn\n|-damage|p1a: Claydol|0 fnt|[from] Salt Cure\n|faint|p1a: Claydol\n|upkeep\n|\n|t:|1700105849\n|switch|p1a: Altaria|Altaria-Mega, M|44\/100\n|turn|54\n|\n|t:|1700105859\n|move|p1a: Altaria|Roost|p1a: Altaria\n|-heal|p1a: Altaria|94\/100\n|-singleturn|p1a: Altaria|move: Roost\n|move|p2a: Garganacl|Salt Cure|p1a: Altaria\n|-damage|p1a: Altaria|76\/100\n|-start|p1a: Altaria|Salt Cure\n|\n|-end|p2a: Garganacl|move: Future Sight\n|-damage|p2a: Garganacl|74\/100\n|-heal|p2a: Garganacl|80\/100|[from] item: Leftovers\n|-damage|p1a: Altaria|63\/100|[from] Salt Cure\n|upkeep\n|turn|55\n|\n|t:|1700105871\n|move|p2a: Garganacl|Salt Cure|p1a: Altaria\n|-damage|p1a: Altaria|46\/100\n|move|p1a: Altaria|Roar|p2a: Garganacl\n|drag|p2a: Houndstone|Houndstone, F|48\/100 par\n|-damage|p2a: Houndstone|36\/100 par|[from] Stealth Rock\n|\n|-heal|p2a: Houndstone|42\/100 par|[from] item: Leftovers\n|-damage|p1a: Altaria|34\/100|[from] Salt Cure\n|upkeep\n|turn|56\n|\n|t:|1700105884\n|switch|p1a: Toxapex|Toxapex, M|73\/100\n|move|p2a: Houndstone|Shadow Sneak|p1a: Toxapex\n|-damage|p1a: Toxapex|63\/100\n|\n|-heal|p1a: Toxapex|69\/100|[from] item: Black Sludge\n|-heal|p2a: Houndstone|48\/100 par|[from] item: Leftovers\n|upkeep\n|turn|57\n|\n|t:|1700105894\n|move|p2a: Houndstone|Shadow Sneak|p1a: Toxapex\n|-damage|p1a: Toxapex|59\/100\n|move|p1a: Toxapex|Scald|p2a: Houndstone\n|-damage|p2a: Houndstone|30\/100 par\n|\n|-heal|p1a: Toxapex|65\/100|[from] item: Black Sludge\n|-heal|p2a: Houndstone|36\/100 par|[from] item: Leftovers\n|upkeep\n|turn|58\n|\n|t:|1700105903\n|move|p1a: Toxapex|Baneful Bunker|p1a: Toxapex\n|-singleturn|p1a: Toxapex|move: Protect\n|move|p2a: Houndstone|Crunch|p1a: Toxapex\n|-activate|p1a: Toxapex|move: Protect\n|\n|-heal|p1a: Toxapex|71\/100|[from] item: Black Sludge\n|-heal|p2a: Houndstone|42\/100 par|[from] item: Leftovers\n|upkeep\n|turn|59\n|\n|t:|1700105912\n|move|p1a: Toxapex|Scald|p2a: Houndstone\n|-damage|p2a: Houndstone|25\/100 par\n|move|p2a: Houndstone|Crunch|p1a: Toxapex\n|-damage|p1a: Toxapex|58\/100\n|\n|-heal|p1a: Toxapex|65\/100|[from] item: Black Sludge\n|-heal|p2a: Houndstone|31\/100 par|[from] item: Leftovers\n|upkeep\n|turn|60\n|\n|t:|1700105922\n|move|p1a: Toxapex|Scald|p2a: Houndstone\n|-damage|p2a: Houndstone|15\/100 par\n|move|p2a: Houndstone|Crunch|p1a: Toxapex\n|-damage|p1a: Toxapex|53\/100\n|\n|-heal|p1a: Toxapex|59\/100|[from] item: Black Sludge\n|-heal|p2a: Houndstone|21\/100 par|[from] item: Leftovers\n|upkeep\n|turn|61\n|\n|t:|1700105931\n|move|p1a: Toxapex|Scald|p2a: Houndstone\n|-damage|p2a: Houndstone|6\/100 par\n|cant|p2a: Houndstone|par\n|\n|-heal|p1a: Toxapex|65\/100|[from] item: Black Sludge\n|-heal|p2a: Houndstone|12\/100 par|[from] item: Leftovers\n|upkeep\n|turn|62\n|\n|t:|1700105940\n|move|p2a: Houndstone|Shadow Sneak|p1a: Toxapex\n|-damage|p1a: Toxapex|55\/100\n|move|p1a: Toxapex|Scald|p2a: Houndstone\n|-damage|p2a: Houndstone|0 fnt\n|faint|p2a: Houndstone\n|\n|-heal|p1a: Toxapex|61\/100|[from] item: Black Sludge\n|upkeep\n|\n|t:|1700105950\n|switch|p2a: Grafaiai|Grafaiai, F|100\/100\n|turn|63\n|\n|t:|1700105965\n|move|p1a: Toxapex|Baneful Bunker|p1a: Toxapex\n|-singleturn|p1a: Toxapex|move: Protect\n|move|p2a: Grafaiai|Parting Shot|p1a: Toxapex\n|-activate|p1a: Toxapex|move: Protect\n|\n|-heal|p1a: Toxapex|68\/100|[from] item: Black Sludge\n|upkeep\n|turn|64\n|\n|t:|1700105985\n|move|p2a: Grafaiai|Parting Shot|p1a: Toxapex\n|-unboost|p1a: Toxapex|atk|1\n|-unboost|p1a: Toxapex|spa|1\n|\n|t:|1700105988\n|switch|p2a: Garganacl|Garganacl, M|80\/100|[from] Parting Shot\n|-damage|p2a: Garganacl|67\/100|[from] Stealth Rock\n|move|p1a: Toxapex|Scald|p2a: Garganacl\n|-supereffective|p2a: Garganacl\n|-damage|p2a: Garganacl|48\/100\n|\n|-heal|p1a: Toxapex|74\/100|[from] item: Black Sludge\n|-heal|p2a: Garganacl|54\/100|[from] item: Leftovers\n|upkeep\n|turn|65\n|\n|t:|1700106003\n|move|p1a: Toxapex|Baneful Bunker|p1a: Toxapex\n|-singleturn|p1a: Toxapex|move: Protect\n|move|p2a: Garganacl|Recover|p2a: Garganacl\n|-heal|p2a: Garganacl|100\/100\n|\n|-heal|p1a: Toxapex|80\/100|[from] item: Black Sludge\n|upkeep\n|turn|66\n|\n|t:|1700106024\n|move|p2a: Garganacl|Salt Cure|p1a: Toxapex\n|-damage|p1a: Toxapex|71\/100\n|-start|p1a: Toxapex|Salt Cure\n|move|p1a: Toxapex|Scald|p2a: Garganacl\n|-supereffective|p2a: Garganacl\n|-damage|p2a: Garganacl|81\/100\n|\n|-heal|p1a: Toxapex|77\/100|[from] item: Black Sludge\n|-heal|p2a: Garganacl|87\/100|[from] item: Leftovers\n|-damage|p1a: Toxapex|52\/100|[from] Salt Cure\n|upkeep\n|turn|67\n|\n|t:|1700106036\n|switch|p1a: Altaria|Altaria-Mega, M|34\/100\n|move|p2a: Garganacl|Salt Cure|p1a: Altaria\n|-damage|p1a: Altaria|21\/100\n|-start|p1a: Altaria|Salt Cure\n|\n|-heal|p2a: Garganacl|94\/100|[from] item: Leftovers\n|-damage|p1a: Altaria|9\/100|[from] Salt Cure\n|upkeep\n|turn|68\n|\n|t:|1700106047\n|move|p1a: Altaria|Roost|p1a: Altaria\n|-heal|p1a: Altaria|59\/100\n|-singleturn|p1a: Altaria|move: Roost\n|move|p2a: Garganacl|Salt Cure|p1a: Altaria\n|-damage|p1a: Altaria|47\/100\n|\n|-heal|p2a: Garganacl|99\/100|[from] item: Leftovers\n|-damage|p1a: Altaria|35\/100|[from] Salt Cure\n|upkeep\n|turn|69\n|\n|t:|1700106061\n|switch|p2a: Grafaiai|Grafaiai, F|100\/100\n|move|p1a: Altaria|Roost|p1a: Altaria\n|-heal|p1a: Altaria|85\/100\n|-singleturn|p1a: Altaria|move: Roost\n|\n|-damage|p1a: Altaria|73\/100|[from] Salt Cure\n|upkeep\n|turn|70\n|\n|t:|1700106071\n|move|p2a: Grafaiai|Gunk Shot|p1a: Altaria\n|-supereffective|p1a: Altaria\n|-damage|p1a: Altaria|0 fnt\n|faint|p1a: Altaria\n|\n|upkeep\n|\n|t:|1700106077\n|switch|p1a: Toxapex|Toxapex, M|85\/100\n|turn|71\n|\n|t:|1700106090\n|move|p2a: Grafaiai|Parting Shot|p1a: Toxapex\n|-unboost|p1a: Toxapex|atk|1\n|-unboost|p1a: Toxapex|spa|1\n|\n|t:|1700106093\n|switch|p2a: Garganacl|Garganacl, M|99\/100|[from] Parting Shot\n|-damage|p2a: Garganacl|87\/100|[from] Stealth Rock\n|move|p1a: Toxapex|Haze|p1a: Toxapex\n|-clearallboost\n|\n|-heal|p2a: Garganacl|94\/100|[from] item: Leftovers\n|-heal|p1a: Toxapex|92\/100|[from] item: Black Sludge\n|upkeep\n|turn|72\n|\n|t:|1700106109\n|move|p1a: Toxapex|Baneful Bunker|p1a: Toxapex\n|-singleturn|p1a: Toxapex|move: Protect\n|move|p2a: Garganacl|Salt Cure|p1a: Toxapex\n|-activate|p1a: Toxapex|move: Protect\n|\n|-heal|p1a: Toxapex|98\/100|[from] item: Black Sludge\n|-heal|p2a: Garganacl|99\/100|[from] item: Leftovers\n|upkeep\n|turn|73\n|\n|t:|1700106126\n|move|p1a: Toxapex|Scald|p2a: Garganacl\n|-supereffective|p2a: Garganacl\n|-damage|p2a: Garganacl|67\/100\n|move|p2a: Garganacl|Salt Cure|p1a: Toxapex\n|-damage|p1a: Toxapex|89\/100\n|-start|p1a: Toxapex|Salt Cure\n|\n|-heal|p1a: Toxapex|95\/100|[from] item: Black Sludge\n|-heal|p2a: Garganacl|73\/100|[from] item: Leftovers\n|-damage|p1a: Toxapex|70\/100|[from] Salt Cure\n|upkeep\n|turn|74\n|\n|t:|1700106145\n|move|p2a: Garganacl|Recover|p2a: Garganacl\n|-heal|p2a: Garganacl|100\/100\n|move|p1a: Toxapex|Scald|p2a: Garganacl\n|-supereffective|p2a: Garganacl\n|-damage|p2a: Garganacl|67\/100\n|\n|-heal|p2a: Garganacl|74\/100|[from] item: Leftovers\n|-heal|p1a: Toxapex|76\/100|[from] item: Black Sludge\n|-damage|p1a: Toxapex|51\/100|[from] Salt Cure\n|upkeep\n|turn|75\n|\n|t:|1700106161\n|move|p2a: Garganacl|Salt Cure|p1a: Toxapex\n|-damage|p1a: Toxapex|42\/100\n|move|p1a: Toxapex|Scald|p2a: Garganacl\n|-supereffective|p2a: Garganacl\n|-damage|p2a: Garganacl|42\/100\n|\n|-heal|p2a: Garganacl|49\/100|[from] item: Leftovers\n|-heal|p1a: Toxapex|49\/100|[from] item: Black Sludge\n|-damage|p1a: Toxapex|24\/100|[from] Salt Cure\n|upkeep\n|turn|76\n|\n|t:|1700106176\n|move|p2a: Garganacl|Salt Cure|p1a: Toxapex\n|-damage|p1a: Toxapex|14\/100\n|move|p1a: Toxapex|Scald|p2a: Garganacl\n|-supereffective|p2a: Garganacl\n|-damage|p2a: Garganacl|16\/100\n|\n|-heal|p1a: Toxapex|21\/100|[from] item: Black Sludge\n|-heal|p2a: Garganacl|22\/100|[from] item: Leftovers\n|-damage|p1a: Toxapex|0 fnt|[from] Salt Cure\n|faint|p1a: Toxapex\n|\n|win|T_in_a_Cup\n|upkeep\n|raw|chige54321's rating: 1074 &rarr; <strong>1051<\/strong><br \/>(-23 for losing)\n|raw|T_in_a_Cup's rating: 1047 &rarr; <strong>1083<\/strong><br \/>(+36 for winning)\n|c|\u2606T_in_a_Cup|gg\n|l|\u2606chige54321\n","uploadtime":1700106197,"views":26,"p1id":"chige54321","p2id":"tinacup","formatid":"gen9nationaldex","rating":1051,"private":0,"password":""}