{"id":"gen9nationaldex-1991656181","p1":"Solaris2003","p2":"BriefStar","format":"[Gen 9] National Dex","log":"|j|\u2606Solaris2003\n|j|\u2606BriefStar\n|t:|1700099128\n|gametype|singles\n|player|p1|Solaris2003|169|\n|player|p2|BriefStar|benga|\n|teamsize|p1|6\n|teamsize|p2|6\n|gen|9\n|tier|[Gen 9] National Dex\n|rule|HP Percentage Mod: HP is shown in percentages\n|rule|Endless Battle Clause: Forcing endless battles is banned\n|rule|OHKO Clause: OHKO moves are banned\n|rule|Evasion Clause: Evasion abilities, items, and moves are banned\n|rule|Evasion Abilities Clause: Evasion abilities are banned\n|rule|Evasion Items Clause: Evasion items are banned\n|rule|Evasion Moves Clause: Evasion moves are banned\n|rule|Species Clause: Limit one of each Pok\u00e9mon\n|rule|Sleep Clause Mod: Limit one foe put to sleep\n|clearpoke\n|poke|p1|Cinderace, F|\n|poke|p1|Lycanroc-Dusk, M|\n|poke|p1|Noivern, M|\n|poke|p1|Copperajah, M|\n|poke|p1|Leafeon, F|\n|poke|p1|Flaaffy, M|\n|poke|p2|Torkoal, M|\n|poke|p2|Tinkaton, F|\n|poke|p2|Bellibolt, F|\n|poke|p2|Mismagius, M|\n|poke|p2|Charizard, F|\n|poke|p2|Fraxure, F|\n|teampreview\n|j| Jam20Jam\n|\n|t:|1700099155\n|start\n|switch|p1a: Flaaffy|Flaaffy, M|100\/100\n|switch|p2a: Hey There|Fraxure, F|100\/100\n|-ability|p2a: Hey There|Mold Breaker\n|turn|1\n|\n|t:|1700099161\n|move|p2a: Hey There|Substitute|p2a: Hey There\n|-start|p2a: Hey There|Substitute\n|-damage|p2a: Hey There|76\/100\n|move|p1a: Flaaffy|Sunny Day|p1a: Flaaffy\n|-weather|SunnyDay\n|\n|-weather|SunnyDay|[upkeep]\n|upkeep\n|turn|2\n|\n|t:|1700099171\n|move|p2a: Hey There|Dragon Dance|p2a: Hey There\n|-boost|p2a: Hey There|atk|1\n|-boost|p2a: Hey There|spe|1\n|move|p1a: Flaaffy|Reflect|p1a: Flaaffy\n|-sidestart|p1: Solaris2003|Reflect\n|\n|-weather|SunnyDay|[upkeep]\n|upkeep\n|turn|3\n|\n|t:|1700099177\n|move|p2a: Hey There|Stomping Tantrum|p1a: Flaaffy\n|-supereffective|p1a: Flaaffy\n|-crit|p1a: Flaaffy\n|-damage|p1a: Flaaffy|0 fnt\n|-status|p2a: Hey There|par|[from] ability: Static|[of] p1a: Flaaffy\n|faint|p1a: Flaaffy\n|\n|-weather|SunnyDay|[upkeep]\n|upkeep\n|\n|t:|1700099194\n|switch|p1a: Glockeon Jr|Leafeon, F|100\/100\n|turn|4\n|j| PyroGaleZX\n|\n|t:|1700099221\n|move|p1a: Glockeon Jr|Knock Off|p2a: Hey There\n|-end|p2a: Hey There|Substitute\n|-damage|p1a: Glockeon Jr|91\/100|[from] item: Life Orb\n|move|p2a: Hey There|Outrage|p1a: Glockeon Jr\n|-damage|p1a: Glockeon Jr|47\/100\n|\n|-weather|SunnyDay|[upkeep]\n|upkeep\n|turn|5\n|\n|t:|1700099229\n|move|p1a: Glockeon Jr|Solar Blade||[still]\n|-prepare|p1a: Glockeon Jr|Solar Blade\n|-anim|p1a: Glockeon Jr|Solar Blade|p2a: Hey There\n|-resisted|p2a: Hey There\n|-damage|p2a: Hey There|27\/100 par\n|-damage|p1a: Glockeon Jr|37\/100|[from] item: Life Orb\n|move|p2a: Hey There|Outrage|p1a: Glockeon Jr|[from]lockedmove\n|-damage|p1a: Glockeon Jr|0 fnt\n|faint|p1a: Glockeon Jr\n|-start|p2a: Hey There|confusion|[fatigue]\n|\n|-weather|SunnyDay|[upkeep]\n|upkeep\n|\n|t:|1700099251\n|switch|p1a: Lycanroc|Lycanroc-Dusk, M|100\/100\n|turn|6\n|\n|t:|1700099259\n|move|p1a: Lycanroc|Accelerock|p2a: Hey There\n|-crit|p2a: Hey There\n|-damage|p2a: Hey There|0 fnt\n|faint|p2a: Hey There\n|\n|-weather|SunnyDay|[upkeep]\n|-sideend|p1: Solaris2003|Reflect\n|upkeep\n|\n|t:|1700099268\n|switch|p2a: Megaton|Tinkaton, F|100\/100\n|-ability|p2a: Megaton|Mold Breaker\n|turn|7\n|\n|t:|1700099274\n|switch|p1a: Copperajah|Copperajah, M|100\/100\n|move|p2a: Megaton|Gigaton Hammer|p1a: Copperajah\n|-resisted|p1a: Copperajah\n|-damage|p1a: Copperajah|69\/100\n|\n|-weather|SunnyDay|[upkeep]\n|-heal|p1a: Copperajah|76\/100|[from] item: Leftovers\n|upkeep\n|turn|8\n|\n|t:|1700099287\n|switch|p2a: Charizard|Charizard, F, shiny|100\/100\n|move|p1a: Copperajah|Heat Crash|p2a: Charizard\n|-resisted|p2a: Charizard\n|-damage|p2a: Charizard|52\/100\n|\n|-weather|none\n|-heal|p1a: Copperajah|82\/100|[from] item: Leftovers\n|upkeep\n|turn|9\n|\n|t:|1700099296\n|switch|p1a: Cinderace|Cinderace, F|100\/100\n|move|p2a: Charizard|Flamethrower|p1a: Cinderace\n|-resisted|p1a: Cinderace\n|-damage|p1a: Cinderace|55\/100\n|\n|upkeep\n|turn|10\n|\n|t:|1700099306\n|switch|p2a: Get in MY BELLY|Bellibolt, F|100\/100\n|move|p1a: Cinderace|Gunk Shot|p2a: Get in MY BELLY\n|-start|p1a: Cinderace|typechange|Poison|[from] ability: Libero\n|-damage|p2a: Get in MY BELLY|64\/100\n|-start|p2a: Get in MY BELLY|Charge|Gunk Shot|[from] ability: Electromorphosis\n|\n|upkeep\n|turn|11\n|\n|t:|1700099315\n|move|p1a: Cinderace|Sucker Punch|p2a: Get in MY BELLY\n|-damage|p2a: Get in MY BELLY|51\/100\n|-start|p2a: Get in MY BELLY|Charge|Sucker Punch|[from] ability: Electromorphosis\n|move|p2a: Get in MY BELLY|Volt Switch|p1a: Cinderace\n|-damage|p1a: Cinderace|0 fnt\n|faint|p1a: Cinderace\n|-end|p2a: Get in MY BELLY|Charge|[silent]\n|\n|t:|1700099324\n|switch|p2a: Donny|Torkoal, M|100\/100|[from] Volt Switch\n|-weather|SunnyDay|[from] ability: Drought|[of] p2a: Donny\n|\n|-weather|SunnyDay|[upkeep]\n|upkeep\n|\n|t:|1700099333\n|switch|p1a: Noivern|Noivern, M|100\/100\n|turn|12\n|\n|t:|1700099336\n|move|p1a: Noivern|Air Slash|p2a: Donny\n|-damage|p2a: Donny|42\/100\n|-damage|p1a: Noivern|91\/100|[from] item: Life Orb\n|cant|p2a: Donny|flinch\n|\n|-weather|SunnyDay|[upkeep]\n|upkeep\n|turn|13\n|\n|t:|1700099345\n|move|p1a: Noivern|Air Slash|p2a: Donny\n|-damage|p2a: Donny|0 fnt\n|faint|p2a: Donny\n|-damage|p1a: Noivern|81\/100|[from] item: Life Orb\n|\n|-weather|SunnyDay|[upkeep]\n|upkeep\n|\n|t:|1700099354\n|switch|p2a: Megaton|Tinkaton, F|100\/100\n|-ability|p2a: Megaton|Mold Breaker\n|turn|14\n|\n|t:|1700099366\n|move|p1a: Noivern|Flamethrower|p2a: Megaton\n|-supereffective|p2a: Megaton\n|-damage|p2a: Megaton|46\/100\n|-damage|p1a: Noivern|71\/100|[from] item: Life Orb\n|move|p2a: Megaton|Knock Off|p1a: Noivern\n|-damage|p1a: Noivern|39\/100\n|-enditem|p1a: Noivern|Life Orb|[from] move: Knock Off|[of] p2a: Megaton\n|\n|-weather|SunnyDay|[upkeep]\n|upkeep\n|turn|15\n|\n|t:|1700099383\n|switch|p1a: Copperajah|Copperajah, M|82\/100\n|switch|p2a: Get in MY BELLY|Bellibolt, F|51\/100\n|\n|-weather|SunnyDay|[upkeep]\n|-heal|p1a: Copperajah|88\/100|[from] item: Leftovers\n|upkeep\n|turn|16\n|\n|t:|1700099407\n|move|p2a: Get in MY BELLY|Slack Off|p2a: Get in MY BELLY\n|-heal|p2a: Get in MY BELLY|100\/100\n|move|p1a: Copperajah|Heat Crash|p2a: Get in MY BELLY\n|-damage|p2a: Get in MY BELLY|56\/100\n|-start|p2a: Get in MY BELLY|Charge|Heat Crash|[from] ability: Electromorphosis\n|\n|-weather|SunnyDay|[upkeep]\n|-heal|p1a: Copperajah|94\/100|[from] item: Leftovers\n|upkeep\n|turn|17\n|\n|t:|1700099418\n|move|p2a: Get in MY BELLY|Volt Switch|p1a: Copperajah\n|-damage|p1a: Copperajah|41\/100\n|-end|p2a: Get in MY BELLY|Charge|[silent]\n|\n|t:|1700099424\n|switch|p2a: Charizard|Charizard, F, shiny|52\/100|[from] Volt Switch\n|move|p1a: Copperajah|Stealth Rock|p2a: Charizard\n|-sidestart|p2: BriefStar|move: Stealth Rock\n|\n|-weather|SunnyDay|[upkeep]\n|-damage|p2a: Charizard|39\/100|[from] ability: Solar Power|[of] p2a: Charizard\n|-heal|p1a: Copperajah|48\/100|[from] item: Leftovers\n|upkeep\n|turn|18\n|\n|t:|1700099451\n|move|p2a: Charizard|Flamethrower|p1a: Copperajah\n|-supereffective|p1a: Copperajah\n|-damage|p1a: Copperajah|0 fnt\n|faint|p1a: Copperajah\n|\n|-weather|none\n|upkeep\n|\n|t:|1700099461\n|switch|p1a: Lycanroc|Lycanroc-Dusk, M|100\/100\n|turn|19\n|\n|t:|1700099483\n|-terastallize|p2a: Charizard|Steel\n|move|p1a: Lycanroc|Accelerock|p2a: Charizard\n|-resisted|p2a: Charizard\n|-damage|p2a: Charizard|11\/100\n|move|p2a: Charizard|Flamethrower|p1a: Lycanroc\n|-resisted|p1a: Lycanroc\n|-damage|p1a: Lycanroc|45\/100\n|\n|upkeep\n|turn|20\n|\n|t:|1700099492\n|move|p1a: Lycanroc|Accelerock|p2a: Charizard\n|-resisted|p2a: Charizard\n|-damage|p2a: Charizard|0 fnt\n|faint|p2a: Charizard\n|\n|upkeep\n|\n|t:|1700099499\n|switch|p2a: Get in MY BELLY|Bellibolt, F|56\/100\n|turn|21\n|\n|t:|1700099514\n|-terastallize|p1a: Lycanroc|Ground\n|move|p1a: Lycanroc|Accelerock|p2a: Get in MY BELLY\n|-damage|p2a: Get in MY BELLY|32\/100\n|-start|p2a: Get in MY BELLY|Charge|Accelerock|[from] ability: Electromorphosis\n|move|p2a: Get in MY BELLY|Volt Switch|p1a: Lycanroc\n|-immune|p1a: Lycanroc\n|-end|p2a: Get in MY BELLY|Charge|[silent]\n|\n|upkeep\n|turn|22\n|\n|t:|1700099523\n|move|p1a: Lycanroc|Accelerock|p2a: Get in MY BELLY\n|-damage|p2a: Get in MY BELLY|9\/100\n|-start|p2a: Get in MY BELLY|Charge|Accelerock|[from] ability: Electromorphosis\n|move|p2a: Get in MY BELLY|Slack Off|p2a: Get in MY BELLY\n|-heal|p2a: Get in MY BELLY|59\/100\n|\n|upkeep\n|turn|23\n|\n|t:|1700099530\n|move|p1a: Lycanroc|Accelerock|p2a: Get in MY BELLY\n|-damage|p2a: Get in MY BELLY|35\/100\n|-start|p2a: Get in MY BELLY|Charge|Accelerock|[from] ability: Electromorphosis\n|move|p2a: Get in MY BELLY|Chilling Water|p1a: Lycanroc\n|-supereffective|p1a: Lycanroc\n|-damage|p1a: Lycanroc|9\/100\n|-unboost|p1a: Lycanroc|atk|1\n|\n|upkeep\n|turn|24\n|\n|t:|1700099538\n|move|p1a: Lycanroc|Accelerock|p2a: Get in MY BELLY\n|-damage|p2a: Get in MY BELLY|19\/100\n|-start|p2a: Get in MY BELLY|Charge|Accelerock|[from] ability: Electromorphosis\n|move|p2a: Get in MY BELLY|Slack Off|p2a: Get in MY BELLY\n|-heal|p2a: Get in MY BELLY|69\/100\n|\n|upkeep\n|turn|25\n|\n|t:|1700099544\n|move|p1a: Lycanroc|Accelerock|p2a: Get in MY BELLY\n|-damage|p2a: Get in MY BELLY|53\/100\n|-start|p2a: Get in MY BELLY|Charge|Accelerock|[from] ability: Electromorphosis\n|move|p2a: Get in MY BELLY|Chilling Water|p1a: Lycanroc\n|-supereffective|p1a: Lycanroc\n|-damage|p1a: Lycanroc|0 fnt\n|faint|p1a: Lycanroc\n|\n|upkeep\n|\n|t:|1700099556\n|switch|p1a: Noivern|Noivern, M|39\/100\n|turn|26\n|\n|t:|1700099563\n|move|p1a: Noivern|Draco Meteor|p2a: Get in MY BELLY\n|-damage|p2a: Get in MY BELLY|3\/100\n|-unboost|p1a: Noivern|spa|2\n|-start|p2a: Get in MY BELLY|Charge|Draco Meteor|[from] ability: Electromorphosis\n|move|p2a: Get in MY BELLY|Parabolic Charge|p1a: Noivern\n|-damage|p1a: Noivern|0 fnt\n|-heal|p2a: Get in MY BELLY|17\/100|[from] drain|[of] p1a: Noivern\n|faint|p1a: Noivern\n|-end|p2a: Get in MY BELLY|Charge|[silent]\n|\n|win|BriefStar\n","uploadtime":1700099575,"views":4,"p1id":"solaris2003","p2id":"briefstar","formatid":"gen9nationaldex","rating":0,"private":0,"password":""}