{"id":"gen9nationaldex-1998176449","p1":"bonzay","p2":"Ash 26th","format":"[Gen 9] National Dex","log":"|html|<div class=\"broadcast-blue\"><strong>[Gen 9] National Dex is currently suspecting Sneasler! For information on how to participate check out the <a href=\"https:\/\/www.smogon.com\/forums\/threads\/sv-national-dex-suspect-8-just-dance.3731534\/\">suspect thread<\/a>.<\/strong><\/div>\n|j|\u2606bonzay\n|j|\u2606Ash 26th\n|t:|1700906725\n|gametype|singles\n|player|p1|bonzay|170|1532\n|player|p2|Ash 26th|serena-masters3|1535\n|teamsize|p1|6\n|teamsize|p2|6\n|gen|9\n|tier|[Gen 9] National Dex\n|rated|\n|rule|HP Percentage Mod: HP is shown in percentages\n|rule|Endless Battle Clause: Forcing endless battles is banned\n|rule|OHKO Clause: OHKO moves are banned\n|rule|Evasion Clause: Evasion abilities, items, and moves are banned\n|rule|Evasion Abilities Clause: Evasion abilities are banned\n|rule|Evasion Items Clause: Evasion items are banned\n|rule|Evasion Moves Clause: Evasion moves are banned\n|rule|Species Clause: Limit one of each Pok\u00e9mon\n|rule|Sleep Clause Mod: Limit one foe put to sleep\n|clearpoke\n|poke|p1|Heracross, F|\n|poke|p1|Blacephalon|\n|poke|p1|Blissey, F|\n|poke|p1|Bisharp, M|\n|poke|p1|Celesteela|\n|poke|p1|Gliscor, M|\n|poke|p2|Zapdos|\n|poke|p2|Rillaboom, M|\n|poke|p2|Heatran, F|\n|poke|p2|Sneasler, M|\n|poke|p2|Ogerpon-Wellspring, F|\n|poke|p2|Gardevoir, F|\n|teampreview\n|inactive|Battle timer is ON: inactive players will automatically lose when time's up. (requested by Ash 26th)\n|\n|t:|1700906737\n|start\n|switch|p1a: Gliscor|Gliscor, M|100\/100\n|switch|p2a: \u6211\u7684\u692a\u692a \u563f\u563f \u692a\u692a|Ogerpon-Wellspring, F|100\/100\n|turn|1\n|\n|t:|1700906744\n|move|p2a: \u6211\u7684\u692a\u692a \u563f\u563f \u692a\u692a|Swords Dance|p2a: \u6211\u7684\u692a\u692a \u563f\u563f \u692a\u692a\n|-boost|p2a: \u6211\u7684\u692a\u692a \u563f\u563f \u692a\u692a|atk|2\n|move|p1a: Gliscor|Toxic|p2a: \u6211\u7684\u692a\u692a \u563f\u563f \u692a\u692a\n|-status|p2a: \u6211\u7684\u692a\u692a \u563f\u563f \u692a\u692a|tox\n|\n|-damage|p2a: \u6211\u7684\u692a\u692a \u563f\u563f \u692a\u692a|95\/100 tox|[from] psn\n|-status|p1a: Gliscor|tox|[from] item: Toxic Orb\n|upkeep\n|turn|2\n|\n|t:|1700906748\n|move|p2a: \u6211\u7684\u692a\u692a \u563f\u563f \u692a\u692a|Ivy Cudgel|p1a: Gliscor|[anim] Ivy Cudgel Water\n|-supereffective|p1a: Gliscor\n|-damage|p1a: Gliscor|0 fnt\n|faint|p1a: Gliscor\n|\n|-damage|p2a: \u6211\u7684\u692a\u692a \u563f\u563f \u692a\u692a|83\/100 tox|[from] psn\n|upkeep\n|\n|t:|1700906751\n|switch|p1a: Blacephalon|Blacephalon|100\/100\n|turn|3\n|\n|t:|1700906762\n|move|p1a: Blacephalon|Psyshock|p2a: \u6211\u7684\u692a\u692a \u563f\u563f \u692a\u692a\n|-damage|p2a: \u6211\u7684\u692a\u692a \u563f\u563f \u692a\u692a|40\/100 tox\n|move|p2a: \u6211\u7684\u692a\u692a \u563f\u563f \u692a\u692a|Ivy Cudgel|p1a: Blacephalon|[anim] Ivy Cudgel Water\n|-supereffective|p1a: Blacephalon\n|-damage|p1a: Blacephalon|0 fnt\n|faint|p1a: Blacephalon\n|\n|-damage|p2a: \u6211\u7684\u692a\u692a \u563f\u563f \u692a\u692a|22\/100 tox|[from] psn\n|upkeep\n|\n|t:|1700906769\n|switch|p1a: Bisharp|Bisharp, M|100\/100\n|turn|4\n|\n|t:|1700906781\n|switch|p2a: \u9e1f\u54e5\u4e0d\u9759\u7535|Zapdos, shiny|100\/100\n|move|p1a: Bisharp|Sucker Punch||[still]\n|-fail|p1a: Bisharp\n|\n|upkeep\n|turn|5\n|\n|t:|1700906802\n|switch|p1a: Blissey|Blissey, F|100\/100\n|move|p2a: \u9e1f\u54e5\u4e0d\u9759\u7535|Volt Switch|p1a: Blissey\n|-damage|p1a: Blissey|89\/100\n|\n|t:|1700906806\n|switch|p2a: \u6211\u7684\u692a\u692a \u563f\u563f \u692a\u692a|Ogerpon-Wellspring, F|22\/100 tox|[from] Volt Switch\n|\n|-heal|p1a: Blissey|96\/100|[from] item: Leftovers\n|-damage|p2a: \u6211\u7684\u692a\u692a \u563f\u563f \u692a\u692a|16\/100 tox|[from] psn\n|upkeep\n|turn|6\n|\n|t:|1700906812\n|move|p2a: \u6211\u7684\u692a\u692a \u563f\u563f \u692a\u692a|Ivy Cudgel|p1a: Blissey|[anim] Ivy Cudgel Water\n|-damage|p1a: Blissey|48\/100\n|move|p1a: Blissey|Teleport|p1a: Blissey\n|\n|t:|1700906816\n|switch|p1a: Bisharp|Bisharp, M|100\/100|[from] Teleport\n|\n|-damage|p2a: \u6211\u7684\u692a\u692a \u563f\u563f \u692a\u692a|4\/100 tox|[from] psn\n|upkeep\n|turn|7\n|\n|t:|1700906820\n|move|p2a: \u6211\u7684\u692a\u692a \u563f\u563f \u692a\u692a|Superpower|p1a: Bisharp\n|-supereffective|p1a: Bisharp\n|-damage|p1a: Bisharp|0 fnt\n|-unboost|p2a: \u6211\u7684\u692a\u692a \u563f\u563f \u692a\u692a|atk|1\n|-unboost|p2a: \u6211\u7684\u692a\u692a \u563f\u563f \u692a\u692a|def|1\n|faint|p1a: Bisharp\n|\n|-damage|p2a: \u6211\u7684\u692a\u692a \u563f\u563f \u692a\u692a|0 fnt|[from] psn\n|faint|p2a: \u6211\u7684\u692a\u692a \u563f\u563f \u692a\u692a\n|upkeep\n|-message|bonzay forfeited.\n|\n|win|Ash 26th\n|raw|bonzay's rating: 1532 &rarr; <strong>1512<\/strong><br \/>(-20 for losing)\n|raw|Ash 26th's rating: 1535 &rarr; <strong>1555<\/strong><br \/>(+20 for winning)\n|l|\u2606bonzay\n","uploadtime":1700906844,"views":8,"p1id":"bonzay","p2id":"ash26th","formatid":"gen9nationaldex","rating":1512,"private":0,"password":""}