{"id":"gen9nationaldex-1987760592","p1":"Lu Lu Zhu","p2":"Poup94","format":"[Gen 9] National Dex","log":"|j|\u2606Lu Lu Zhu\n|j|\u2606Poup94\n|t:|1699634452\n|gametype|singles\n|player|p1|Lu Lu Zhu|elesa|1621\n|player|p2|Poup94|265|1770\n|teamsize|p1|6\n|teamsize|p2|6\n|gen|9\n|tier|[Gen 9] National Dex\n|rated|\n|rule|HP Percentage Mod: HP is shown in percentages\n|rule|Endless Battle Clause: Forcing endless battles is banned\n|rule|OHKO Clause: OHKO moves are banned\n|rule|Evasion Clause: Evasion abilities, items, and moves are banned\n|rule|Evasion Abilities Clause: Evasion abilities are banned\n|rule|Evasion Items Clause: Evasion items are banned\n|rule|Evasion Moves Clause: Evasion moves are banned\n|rule|Species Clause: Limit one of each Pok\u00e9mon\n|rule|Sleep Clause Mod: Limit one foe put to sleep\n|clearpoke\n|poke|p1|Tapu Koko|\n|poke|p1|Gliscor, M|\n|poke|p1|Garchomp, M|\n|poke|p1|Iron Valiant|\n|poke|p1|Serperior, F|\n|poke|p1|Lopunny, F|\n|poke|p2|Garchomp, F|\n|poke|p2|Ogerpon-Wellspring, F|\n|poke|p2|Dondozo, F|\n|poke|p2|Heatran, M|\n|poke|p2|Zapdos|\n|poke|p2|Chansey, F|\n|teampreview\n|inactive|Battle timer is ON: inactive players will automatically lose when time's up. (requested by Lu Lu Zhu)\n|\n|t:|1699634465\n|start\n|switch|p1a: Lopunny|Lopunny, F|100\/100\n|switch|p2a: Zapdos|Zapdos|100\/100\n|turn|1\n|\n|t:|1699634472\n|move|p1a: Lopunny|Fake Out|p2a: Zapdos\n|-damage|p2a: Zapdos|82\/100\n|cant|p2a: Zapdos|flinch\n|\n|upkeep\n|turn|2\n|\n|t:|1699634477\n|move|p1a: Lopunny|Triple Axel|p2a: Zapdos|[miss]\n|-miss|p1a: Lopunny|p2a: Zapdos\n|move|p2a: Zapdos|Hurricane|p1a: Lopunny\n|-damage|p1a: Lopunny|25\/100\n|\n|upkeep\n|turn|3\n|\n|t:|1699634483\n|switch|p2a: Dondozo|Dondozo, F|100\/100\n|move|p1a: Lopunny|U-turn|p2a: Dondozo\n|-damage|p2a: Dondozo|93\/100\n|\n|t:|1699634489\n|switch|p1a: Tapu Koko|Tapu Koko|100\/100|[from] U-turn\n|-fieldstart|move: Electric Terrain|[from] ability: Electric Surge|[of] p1a: Tapu Koko\n|\n|-heal|p2a: Dondozo|99\/100|[from] item: Leftovers\n|upkeep\n|turn|4\n|\n|t:|1699634496\n|switch|p2a: Chansey|Chansey, F|100\/100\n|move|p1a: Tapu Koko|U-turn|p2a: Chansey\n|-damage|p2a: Chansey|86\/100\n|\n|t:|1699634503\n|switch|p1a: Lopunny|Lopunny, F|25\/100|[from] U-turn\n|\n|upkeep\n|turn|5\n|\n|t:|1699634510\n|switch|p2a: Dondozo|Dondozo, F|99\/100\n|detailschange|p1a: Lopunny|Lopunny-Mega, F\n|-mega|p1a: Lopunny|Lopunny|Lopunnite\n|move|p1a: Lopunny|Close Combat|p2a: Dondozo\n|-damage|p2a: Dondozo|71\/100\n|-unboost|p1a: Lopunny|def|1\n|-unboost|p1a: Lopunny|spd|1\n|\n|-heal|p2a: Dondozo|77\/100|[from] item: Leftovers\n|upkeep\n|turn|6\n|\n|t:|1699634520\n|move|p1a: Lopunny|U-turn|p2a: Dondozo\n|-damage|p2a: Dondozo|67\/100\n|\n|t:|1699634523\n|switch|p1a: Serperior|Serperior, F|100\/100|[from] U-turn\n|move|p2a: Dondozo|Wave Crash|p1a: Serperior\n|-resisted|p1a: Serperior\n|-damage|p1a: Serperior|76\/100\n|-damage|p2a: Dondozo|62\/100|[from] Recoil\n|\n|-heal|p1a: Serperior|82\/100|[from] item: Leftovers\n|-heal|p2a: Dondozo|68\/100|[from] item: Leftovers\n|upkeep\n|turn|7\n|\n|t:|1699634532\n|switch|p2a: Heatran|Heatran, M|100\/100\n|move|p1a: Serperior|Substitute|p1a: Serperior\n|-start|p1a: Serperior|Substitute\n|-damage|p1a: Serperior|57\/100\n|\n|-heal|p1a: Serperior|63\/100|[from] item: Leftovers\n|-fieldend|move: Electric Terrain\n|upkeep\n|turn|8\n|\n|t:|1699634546\n|move|p2a: Heatran|Eruption|p1a: Serperior\n|-supereffective|p1a: Serperior\n|-end|p1a: Serperior|Substitute\n|move|p1a: Serperior|Glare|p2a: Heatran\n|-status|p2a: Heatran|par\n|\n|-heal|p1a: Serperior|70\/100|[from] item: Leftovers\n|upkeep\n|turn|9\n|\n|t:|1699634564\n|switch|p1a: Garchomp|Garchomp, M|100\/100\n|move|p2a: Heatran|Eruption|p1a: Garchomp\n|-resisted|p1a: Garchomp\n|-damage|p1a: Garchomp|51\/100\n|\n|upkeep\n|turn|10\n|\n|t:|1699634571\n|switch|p2a: Zapdos|Zapdos|82\/100\n|move|p1a: Garchomp|Stealth Rock|p2a: Zapdos\n|-sidestart|p2: Poup94|move: Stealth Rock\n|\n|upkeep\n|turn|11\n|\n|t:|1699634576\n|-zpower|p1a: Garchomp\n|move|p1a: Garchomp|Devastating Drake|p2a: Zapdos|[zeffect]\n|-damage|p2a: Zapdos|0 fnt\n|faint|p2a: Zapdos\n|\n|upkeep\n|\n|t:|1699634586\n|switch|p2a: Ogerpon|Ogerpon-Wellspring, F|100\/100\n|-damage|p2a: Ogerpon|88\/100|[from] Stealth Rock\n|turn|12\n|\n|t:|1699634595\n|-terastallize|p2a: Ogerpon|Water\n|detailschange|p2a: Ogerpon|Ogerpon-Wellspring-Tera, F, tera:Water\n|-ability|p2a: Ogerpon|Embody Aspect (Wellspring)|boost\n|-boost|p2a: Ogerpon|spd|1\n|move|p2a: Ogerpon|Ivy Cudgel|p1a: Garchomp\n|-damage|p1a: Garchomp|0 fnt\n|faint|p1a: Garchomp\n|\n|upkeep\n|\n|t:|1699634603\n|switch|p1a: Tapu Koko|Tapu Koko|100\/100\n|-fieldstart|move: Electric Terrain|[from] ability: Electric Surge|[of] p1a: Tapu Koko\n|turn|13\n|\n|t:|1699634618\n|switch|p2a: Chansey|Chansey, F|86\/100\n|-damage|p2a: Chansey|73\/100|[from] Stealth Rock\n|move|p1a: Tapu Koko|Wild Charge|p2a: Chansey\n|-damage|p2a: Chansey|40\/100\n|-damage|p1a: Tapu Koko|80\/100|[from] Recoil\n|\n|upkeep\n|turn|14\n|\n|t:|1699634628\n|move|p1a: Tapu Koko|U-turn|p2a: Chansey\n|-damage|p2a: Chansey|26\/100\n|\n|t:|1699634630\n|switch|p1a: Lopunny|Lopunny-Mega, F|25\/100|[from] U-turn\n|move|p2a: Chansey|Soft-Boiled|p2a: Chansey\n|-heal|p2a: Chansey|76\/100\n|\n|upkeep\n|turn|15\n|\n|t:|1699634636\n|switch|p2a: Dondozo|Dondozo, F|68\/100\n|-damage|p2a: Dondozo|56\/100|[from] Stealth Rock\n|move|p1a: Lopunny|Close Combat|p2a: Dondozo\n|-damage|p2a: Dondozo|28\/100\n|-unboost|p1a: Lopunny|def|1\n|-unboost|p1a: Lopunny|spd|1\n|\n|-heal|p2a: Dondozo|34\/100|[from] item: Leftovers\n|upkeep\n|turn|16\n|\n|t:|1699634646\n|move|p1a: Lopunny|U-turn|p2a: Dondozo\n|-damage|p2a: Dondozo|22\/100\n|\n|t:|1699634654\n|switch|p1a: Serperior|Serperior, F|70\/100|[from] U-turn\n|move|p2a: Dondozo|Body Press|p1a: Serperior\n|-damage|p1a: Serperior|37\/100\n|\n|-heal|p1a: Serperior|43\/100|[from] item: Leftovers\n|-heal|p2a: Dondozo|28\/100|[from] item: Leftovers\n|upkeep\n|turn|17\n|\n|t:|1699634662\n|move|p1a: Serperior|Leaf Storm|p2a: Dondozo\n|-supereffective|p2a: Dondozo\n|-damage|p2a: Dondozo|0 fnt\n|-boost|p1a: Serperior|spa|2\n|faint|p2a: Dondozo\n|\n|-heal|p1a: Serperior|49\/100|[from] item: Leftovers\n|-fieldend|move: Electric Terrain\n|upkeep\n|\n|t:|1699634677\n|switch|p2a: Garchomp|Garchomp, F|100\/100\n|-damage|p2a: Garchomp|94\/100|[from] Stealth Rock\n|turn|18\n|\n|t:|1699634684\n|move|p2a: Garchomp|Outrage|p1a: Serperior\n|-damage|p1a: Serperior|0 fnt\n|faint|p1a: Serperior\n|\n|upkeep\n|\n|t:|1699634688\n|switch|p1a: Iron Valiant|Iron Valiant|100\/100\n|turn|19\n|\n|t:|1699634691\n|move|p2a: Garchomp|Outrage|p1a: Iron Valiant|[from]lockedmove\n|-immune|p1a: Iron Valiant\n|move|p1a: Iron Valiant|Moonblast|p2a: Garchomp\n|-supereffective|p2a: Garchomp\n|-damage|p2a: Garchomp|0 fnt\n|faint|p2a: Garchomp\n|\n|upkeep\n|\n|t:|1699634699\n|switch|p2a: Ogerpon|Ogerpon-Wellspring-Tera, F, tera:Water|88\/100\n|-damage|p2a: Ogerpon|76\/100|[from] Stealth Rock\n|-ability|p2a: Ogerpon|Embody Aspect (Wellspring)|boost\n|-boost|p2a: Ogerpon|spd|1\n|turn|20\n|\n|t:|1699634707\n|-terastallize|p1a: Iron Valiant|Fairy\n|move|p1a: Iron Valiant|Moonblast|p2a: Ogerpon\n|-damage|p2a: Ogerpon|3\/100\n|move|p2a: Ogerpon|Ivy Cudgel|p1a: Iron Valiant\n|-damage|p1a: Iron Valiant|0 fnt\n|faint|p1a: Iron Valiant\n|-end|p1a: Iron Valiant|Quark Drive|[silent]\n|\n|upkeep\n|\n|t:|1699634713\n|switch|p1a: Tapu Koko|Tapu Koko|80\/100\n|-fieldstart|move: Electric Terrain|[from] ability: Electric Surge|[of] p1a: Tapu Koko\n|turn|21\n|\n|t:|1699634731\n|switch|p2a: Chansey|Chansey, F|76\/100\n|-damage|p2a: Chansey|64\/100|[from] Stealth Rock\n|move|p1a: Tapu Koko|Wild Charge|p2a: Chansey\n|-damage|p2a: Chansey|31\/100\n|-damage|p1a: Tapu Koko|59\/100|[from] Recoil\n|\n|upkeep\n|turn|22\n|\n|t:|1699634743\n|move|p1a: Tapu Koko|Wild Charge|p2a: Chansey\n|-damage|p2a: Chansey|0 fnt\n|faint|p2a: Chansey\n|-damage|p1a: Tapu Koko|40\/100|[from] Recoil\n|\n|upkeep\n|\n|t:|1699634749\n|switch|p2a: Heatran|Heatran, M|100\/100 par\n|-damage|p2a: Heatran|88\/100 par|[from] Stealth Rock\n|turn|23\n|\n|t:|1699634753\n|move|p1a: Tapu Koko|Wild Charge|p2a: Heatran\n|-damage|p2a: Heatran|32\/100 par\n|-damage|p1a: Tapu Koko|24\/100|[from] Recoil\n|move|p2a: Heatran|Eruption|p1a: Tapu Koko\n|-damage|p1a: Tapu Koko|0 fnt\n|faint|p1a: Tapu Koko\n|\n|upkeep\n|\n|t:|1699634758\n|switch|p1a: Lopunny|Lopunny-Mega, F|25\/100\n|turn|24\n|\n|t:|1699634763\n|move|p1a: Lopunny|Close Combat|p2a: Heatran\n|-supereffective|p2a: Heatran\n|-damage|p2a: Heatran|0 fnt\n|-unboost|p1a: Lopunny|def|1\n|-unboost|p1a: Lopunny|spd|1\n|faint|p2a: Heatran\n|\n|upkeep\n|-message|Poup94 forfeited.\n|\n|win|Lu Lu Zhu\n|raw|Lu Lu Zhu's rating: 1621 &rarr; <strong>1649<\/strong><br \/>(+28 for winning)\n|raw|Poup94's rating: 1770 &rarr; <strong>1742<\/strong><br \/>(-28 for losing)\n|l|\u2606Poup94\n","uploadtime":1699634769,"views":5,"p1id":"luluzhu","p2id":"poup94","formatid":"gen9nationaldex","rating":1649,"private":0,"password":""}