{"id":"gen9nationaldex-1992775278","p1":"MVmilgrau","p2":"Master MatMart","format":"[Gen 9] National Dex","log":"|j|\u2606MVmilgrau\n|j|\u2606Master MatMart\n|t:|1700234372\n|gametype|singles\n|player|p1|MVmilgrau|gambler|1301\n|player|p2|Master MatMart|byron|1401\n|teamsize|p1|6\n|teamsize|p2|6\n|gen|9\n|tier|[Gen 9] National Dex\n|rated|\n|rule|HP Percentage Mod: HP is shown in percentages\n|rule|Endless Battle Clause: Forcing endless battles is banned\n|rule|OHKO Clause: OHKO moves are banned\n|rule|Evasion Clause: Evasion abilities, items, and moves are banned\n|rule|Evasion Abilities Clause: Evasion abilities are banned\n|rule|Evasion Items Clause: Evasion items are banned\n|rule|Evasion Moves Clause: Evasion moves are banned\n|rule|Species Clause: Limit one of each Pok\u00e9mon\n|rule|Sleep Clause Mod: Limit one foe put to sleep\n|clearpoke\n|poke|p1|Charizard, M|\n|poke|p1|Garchomp, M|\n|poke|p1|Sylveon, F|\n|poke|p1|Weezing-Galar, M|\n|poke|p1|Grimmsnarl, M|\n|poke|p1|Kommo-o, M|\n|poke|p2|Infernape, F|\n|poke|p2|Urshifu-*, M|\n|poke|p2|Grimmsnarl, M|\n|poke|p2|Landorus-Therian, M|\n|poke|p2|Kartana|\n|poke|p2|Mawile, F|\n|teampreview\n|inactive|Battle timer is ON: inactive players will automatically lose when time's up. (requested by MVmilgrau)\n|\n|t:|1700234386\n|start\n|switch|p1a: Grimmsnarl|Grimmsnarl, M|100\/100\n|switch|p2a: Grimmsnarl|Grimmsnarl, M|100\/100\n|turn|1\n|\n|t:|1700234396\n|move|p2a: Grimmsnarl|Taunt|p1a: Grimmsnarl\n|-hint|Since gen 7, Dark is immune to Prankster moves.\n|-immune|p1a: Grimmsnarl\n|move|p1a: Grimmsnarl|Spirit Break|p2a: Grimmsnarl\n|-supereffective|p2a: Grimmsnarl\n|-damage|p2a: Grimmsnarl|47\/100\n|-unboost|p2a: Grimmsnarl|spa|1\n|\n|upkeep\n|turn|2\n|\n|t:|1700234406\n|move|p2a: Grimmsnarl|Light Screen|p2a: Grimmsnarl\n|-sidestart|p2: Master MatMart|move: Light Screen\n|move|p1a: Grimmsnarl|Spirit Break|p2a: Grimmsnarl\n|-supereffective|p2a: Grimmsnarl\n|-damage|p2a: Grimmsnarl|0 fnt\n|faint|p2a: Grimmsnarl\n|\n|upkeep\n|\n|t:|1700234425\n|switch|p2a: Mawile|Mawile, F|100\/100\n|-ability|p2a: Mawile|Intimidate|boost\n|-unboost|p1a: Grimmsnarl|atk|1\n|turn|3\n|\n|t:|1700234431\n|detailschange|p2a: Mawile|Mawile-Mega, F\n|-mega|p2a: Mawile|Mawile|Mawilite\n|move|p1a: Grimmsnarl|Reflect|p1a: Grimmsnarl\n|-sidestart|p1: MVmilgrau|Reflect\n|move|p2a: Mawile|Swords Dance|p2a: Mawile\n|-boost|p2a: Mawile|atk|2\n|\n|upkeep\n|turn|4\n|\n|t:|1700234444\n|move|p1a: Grimmsnarl|Parting Shot|p2a: Mawile\n|-unboost|p2a: Mawile|atk|1\n|-unboost|p2a: Mawile|spa|1\n|\n|t:|1700234454\n|switch|p1a: Garchomp|Garchomp, M|100\/100|[from] Parting Shot\n|move|p2a: Mawile|Play Rough|p1a: Garchomp\n|-supereffective|p1a: Garchomp\n|-damage|p1a: Garchomp|0 fnt\n|-damage|p2a: Mawile|88\/100|[from] ability: Rough Skin|[of] p1a: Garchomp\n|faint|p1a: Garchomp\n|\n|upkeep\n|\n|t:|1700234473\n|switch|p1a: Weezing|Weezing-Galar, M|100\/100\n|turn|5\n|inactive|Master MatMart has 120 seconds left.\n|\n|t:|1700234508\n|switch|p2a: Landorus|Landorus-Therian, M|100\/100\n|-ability|p2a: Landorus|Intimidate|boost\n|-unboost|p1a: Weezing|atk|1\n|move|p1a: Weezing|Will-O-Wisp|p2a: Landorus\n|-status|p2a: Landorus|brn\n|\n|-damage|p2a: Landorus|95\/100 brn|[from] brn\n|upkeep\n|turn|6\n|inactive|MVmilgrau has 120 seconds left.\n|\n|t:|1700234531\n|move|p2a: Landorus|Stealth Rock|p1a: Weezing\n|-sidestart|p1: MVmilgrau|move: Stealth Rock\n|move|p1a: Weezing|Sludge Bomb|p2a: Landorus\n|-resisted|p2a: Landorus\n|-damage|p2a: Landorus|86\/100 brn\n|\n|-damage|p2a: Landorus|80\/100 brn|[from] brn\n|upkeep\n|turn|7\n|\n|t:|1700234538\n|-zpower|p2a: Landorus\n|move|p2a: Landorus|Shattered Psyche|p1a: Weezing|[zeffect]\n|-supereffective|p1a: Weezing\n|-damage|p1a: Weezing|0 fnt\n|faint|p1a: Weezing\n|\n|-damage|p2a: Landorus|74\/100 brn|[from] brn\n|upkeep\n|inactive|MVmilgrau has 120 seconds left.\n|\n|t:|1700234554\n|switch|p1a: Kommo-o|Kommo-o, M|100\/100\n|-damage|p1a: Kommo-o|94\/100|[from] Stealth Rock\n|turn|8\n|\n|t:|1700234564\n|move|p2a: Landorus|Psychic|p1a: Kommo-o\n|-supereffective|p1a: Kommo-o\n|-damage|p1a: Kommo-o|33\/100\n|move|p1a: Kommo-o|Clangorous Soul||[still]\n|-fail|p1a: Kommo-o\n|\n|-damage|p2a: Landorus|68\/100 brn|[from] brn\n|upkeep\n|turn|9\n|\n|t:|1700234572\n|move|p2a: Landorus|Psychic|p1a: Kommo-o\n|-supereffective|p1a: Kommo-o\n|-damage|p1a: Kommo-o|0 fnt\n|faint|p1a: Kommo-o\n|\n|-damage|p2a: Landorus|62\/100 brn|[from] brn\n|-sideend|p2: Master MatMart|move: Light Screen\n|upkeep\n|\n|t:|1700234580\n|switch|p1a: Charizard|Charizard, M|100\/100\n|-damage|p1a: Charizard|51\/100|[from] Stealth Rock\n|turn|10\n|\n|t:|1700234594\n|detailschange|p1a: Charizard|Charizard-Mega-X, M\n|-mega|p1a: Charizard|Charizard|Charizardite X\n|move|p2a: Landorus|Earth Power|p1a: Charizard\n|-supereffective|p1a: Charizard\n|-damage|p1a: Charizard|0 fnt\n|faint|p1a: Charizard\n|\n|-damage|p2a: Landorus|56\/100 brn|[from] brn\n|-sideend|p1: MVmilgrau|Reflect\n|upkeep\n|-message|MVmilgrau forfeited.\n|\n|win|Master MatMart\n|raw|MVmilgrau's rating: 1301 &rarr; <strong>1287<\/strong><br \/>(-14 for losing)\n|raw|Master MatMart's rating: 1401 &rarr; <strong>1415<\/strong><br \/>(+14 for winning)\n|l|\u2606MVmilgrau\n","uploadtime":1700234613,"views":7,"p1id":"mvmilgrau","p2id":"mastermatmart","formatid":"gen9nationaldex","rating":1287,"private":0,"password":""}