{"id":"gen9nationaldex-1989953553","p1":"Ghostops","p2":"Sly Killdex 2","format":"[Gen 9] National Dex","log":"|j|\u2606Ghostops\n|j|\u2606Sly Killdex 2\n|t:|1699909755\n|gametype|singles\n|player|p1|Ghostops|cynthia-gen4|1025\n|player|p2|Sly Killdex 2|volkner|1121\n|teamsize|p1|6\n|teamsize|p2|6\n|gen|9\n|tier|[Gen 9] National Dex\n|rated|\n|rule|HP Percentage Mod: HP is shown in percentages\n|rule|Endless Battle Clause: Forcing endless battles is banned\n|rule|OHKO Clause: OHKO moves are banned\n|rule|Evasion Clause: Evasion abilities, items, and moves are banned\n|rule|Evasion Abilities Clause: Evasion abilities are banned\n|rule|Evasion Items Clause: Evasion items are banned\n|rule|Evasion Moves Clause: Evasion moves are banned\n|rule|Species Clause: Limit one of each Pok\u00e9mon\n|rule|Sleep Clause Mod: Limit one foe put to sleep\n|clearpoke\n|poke|p1|Flareon, M|\n|poke|p1|Umbreon, M|\n|poke|p1|Leafeon, M|\n|poke|p1|Espeon, M|\n|poke|p1|Vaporeon, M|\n|poke|p1|Jolteon, F|\n|poke|p2|Silvally-*|\n|poke|p2|Wishiwashi, M|\n|poke|p2|Lycanroc-Dusk, M|\n|poke|p2|Ribombee, F|\n|poke|p2|Oricorio-Sensu, M|\n|poke|p2|Crabominable, F|\n|teampreview\n|\n|t:|1699909769\n|start\n|switch|p1a: Flare|Flareon, M, shiny|100\/100\n|switch|p2a: Wishiwashi|Wishiwashi, M|100\/100\n|-formechange|p2a: Wishiwashi|Wishiwashi-School||[from] ability: Schooling\n|turn|1\n|\n|t:|1699909780\n|switch|p1a: Vapes|Vaporeon, M, shiny|100\/100\n|move|p2a: Wishiwashi|Flip Turn|p1a: Vapes\n|-immune|p1a: Vapes|[from] ability: Water Absorb\n|\n|upkeep\n|turn|2\n|\n|t:|1699909796\n|move|p1a: Vapes|Scald|p2a: Wishiwashi\n|-resisted|p2a: Wishiwashi\n|-damage|p2a: Wishiwashi|82\/100\n|move|p2a: Wishiwashi|Earthquake|p1a: Vapes\n|-damage|p1a: Vapes|63\/100\n|\n|-heal|p1a: Vapes|70\/100|[from] item: Leftovers\n|upkeep\n|turn|3\n|\n|t:|1699909806\n|switch|p2a: Silvally|Silvally-Grass|100\/100\n|move|p1a: Vapes|Scald|p2a: Silvally\n|-resisted|p2a: Silvally\n|-damage|p2a: Silvally|78\/100\n|\n|-heal|p1a: Vapes|76\/100|[from] item: Leftovers\n|upkeep\n|turn|4\n|\n|t:|1699909818\n|switch|p1a: Shadow|Umbreon, M, shiny|100\/100\n|move|p2a: Silvally|Thunderbolt|p1a: Shadow\n|-damage|p1a: Shadow|83\/100\n|\n|-heal|p1a: Shadow|89\/100|[from] item: Leftovers\n|upkeep\n|turn|5\n|\n|t:|1699909828\n|move|p2a: Silvally|Parting Shot|p1a: Shadow\n|-unboost|p1a: Shadow|atk|1\n|-unboost|p1a: Shadow|spa|1\n|\n|t:|1699909839\n|switch|p2a: Ribombee|Ribombee, F|100\/100|[from] Parting Shot\n|move|p1a: Shadow|Toxic|p2a: Ribombee\n|-status|p2a: Ribombee|tox\n|\n|-heal|p1a: Shadow|95\/100|[from] item: Leftovers\n|-damage|p2a: Ribombee|94\/100 tox|[from] psn\n|upkeep\n|turn|6\n|\n|t:|1699909852\n|switch|p1a: Vapes|Vaporeon, M, shiny|76\/100\n|move|p2a: Ribombee|Quiver Dance|p2a: Ribombee\n|-boost|p2a: Ribombee|spa|1\n|-boost|p2a: Ribombee|spd|1\n|-boost|p2a: Ribombee|spe|1\n|\n|-heal|p1a: Vapes|82\/100|[from] item: Leftovers\n|-damage|p2a: Ribombee|82\/100 tox|[from] psn\n|upkeep\n|turn|7\n|\n|t:|1699909864\n|move|p2a: Ribombee|Moonblast|p1a: Vapes\n|-damage|p1a: Vapes|30\/100\n|move|p1a: Vapes|Scald|p2a: Ribombee\n|-damage|p2a: Ribombee|33\/100 tox\n|\n|-heal|p1a: Vapes|37\/100|[from] item: Leftovers\n|-damage|p2a: Ribombee|14\/100 tox|[from] psn\n|upkeep\n|turn|8\n|\n|t:|1699909881\n|switch|p1a: Twig|Leafeon, M, shiny|100\/100\n|move|p2a: Ribombee|Sticky Web|p1a: Twig\n|-sidestart|p1: Ghostops|move: Sticky Web\n|\n|-damage|p2a: Ribombee|0 fnt|[from] psn\n|faint|p2a: Ribombee\n|upkeep\n|\n|t:|1699909887\n|switch|p2a: Oricorio|Oricorio-Sensu, M|100\/100\n|turn|9\n|\n|t:|1699909895\n|switch|p1a: Vapes|Vaporeon, M, shiny|37\/100\n|-activate|p1a: Vapes|move: Sticky Web\n|-unboost|p1a: Vapes|spe|1\n|move|p2a: Oricorio|Hurricane|p1a: Vapes\n|-damage|p1a: Vapes|0 fnt\n|faint|p1a: Vapes\n|\n|upkeep\n|\n|t:|1699909904\n|switch|p1a: Jolts|Jolteon, F, shiny|100\/100\n|-activate|p1a: Jolts|move: Sticky Web\n|-unboost|p1a: Jolts|spe|1\n|turn|10\n|\n|t:|1699909920\n|switch|p2a: Silvally|Silvally-Grass|78\/100\n|move|p1a: Jolts|Volt Switch|p2a: Silvally\n|-resisted|p2a: Silvally\n|-damage|p2a: Silvally|62\/100\n|\n|t:|1699909930\n|switch|p1a: Shadow|Umbreon, M, shiny|95\/100|[from] Volt Switch\n|-activate|p1a: Shadow|move: Sticky Web\n|-unboost|p1a: Shadow|spe|1\n|\n|-heal|p1a: Shadow|100\/100|[from] item: Leftovers\n|upkeep\n|turn|11\n|\n|t:|1699909939\n|move|p2a: Silvally|Parting Shot|p1a: Shadow\n|-unboost|p1a: Shadow|atk|1\n|-unboost|p1a: Shadow|spa|1\n|\n|t:|1699909942\n|switch|p2a: Crabominable|Crabominable, F|100\/100|[from] Parting Shot\n|move|p1a: Shadow|Foul Play|p2a: Crabominable\n|-resisted|p2a: Crabominable\n|-damage|p2a: Crabominable|70\/100\n|\n|upkeep\n|turn|12\n|\n|t:|1699909952\n|move|p2a: Crabominable|Close Combat|p1a: Shadow\n|-supereffective|p1a: Shadow\n|-damage|p1a: Shadow|0 fnt\n|-unboost|p2a: Crabominable|def|1\n|-unboost|p2a: Crabominable|spd|1\n|faint|p1a: Shadow\n|\n|upkeep\n|\n|t:|1699909959\n|switch|p1a: Flare|Flareon, M, shiny|100\/100\n|-activate|p1a: Flare|move: Sticky Web\n|-unboost|p1a: Flare|spe|1\n|turn|13\n|\n|t:|1699909974\n|move|p1a: Flare|Flame Charge|p2a: Crabominable\n|-supereffective|p2a: Crabominable\n|-damage|p2a: Crabominable|0 fnt\n|-boost|p1a: Flare|spe|1\n|faint|p2a: Crabominable\n|\n|-status|p1a: Flare|tox|[from] item: Toxic Orb\n|upkeep\n|\n|t:|1699909982\n|switch|p2a: Lycanroc|Lycanroc-Dusk, M|100\/100\n|turn|14\n|\n|t:|1699909991\n|switch|p1a: Twig|Leafeon, M, shiny|100\/100\n|move|p2a: Lycanroc|Stone Edge|p1a: Twig\n|-crit|p1a: Twig\n|-damage|p1a: Twig|31\/100\n|\n|upkeep\n|turn|15\n|\n|t:|1699910016\n|move|p1a: Twig|Quick Attack|p2a: Lycanroc\n|-resisted|p2a: Lycanroc\n|-damage|p2a: Lycanroc|91\/100\n|move|p2a: Lycanroc|Close Combat|p1a: Twig\n|-damage|p1a: Twig|0 fnt\n|-unboost|p2a: Lycanroc|def|1\n|-unboost|p2a: Lycanroc|spd|1\n|faint|p1a: Twig\n|\n|upkeep\n|\n|t:|1699910028\n|switch|p1a: Jolts|Jolteon, F, shiny|100\/100\n|-activate|p1a: Jolts|move: Sticky Web\n|-unboost|p1a: Jolts|spe|1\n|turn|16\n|\n|t:|1699910042\n|move|p2a: Lycanroc|Endeavor|p1a: Jolts\n|-damage|p1a: Jolts|97\/100\n|move|p1a: Jolts|Hidden Power|p2a: Lycanroc\n|-supereffective|p2a: Lycanroc\n|-damage|p2a: Lycanroc|0 fnt\n|faint|p2a: Lycanroc\n|\n|upkeep\n|\n|t:|1699910047\n|switch|p2a: Silvally|Silvally-Grass|62\/100\n|turn|17\n|\n|t:|1699910072\n|switch|p1a: Flare|Flareon, M, shiny|100\/100 tox\n|-activate|p1a: Flare|move: Sticky Web\n|-unboost|p1a: Flare|spe|1\n|move|p2a: Silvally|Ice Beam|p1a: Flare\n|-resisted|p1a: Flare\n|-damage|p1a: Flare|88\/100 tox\n|\n|-damage|p1a: Flare|81\/100 tox|[from] psn\n|upkeep\n|turn|18\n|\n|t:|1699910093\n|move|p2a: Silvally|Parting Shot|p1a: Flare\n|-unboost|p1a: Flare|atk|1\n|-unboost|p1a: Flare|spa|1\n|\n|t:|1699910095\n|switch|p2a: Wishiwashi|Wishiwashi, M|82\/100|[from] Parting Shot\n|-formechange|p2a: Wishiwashi|Wishiwashi-School||[from] ability: Schooling\n|move|p1a: Flare|Flame Charge|p2a: Wishiwashi\n|-resisted|p2a: Wishiwashi\n|-damage|p2a: Wishiwashi|70\/100\n|-boost|p1a: Flare|spe|1\n|\n|-damage|p1a: Flare|69\/100 tox|[from] psn\n|upkeep\n|turn|19\n|\n|t:|1699910110\n|-terastallize|p1a: Flare|Normal\n|move|p1a: Flare|Facade|p2a: Wishiwashi\n|-damage|p2a: Wishiwashi|8\/100\n|-zpower|p2a: Wishiwashi\n|move|p2a: Wishiwashi|Tectonic Rage|p1a: Flare|[zeffect]\n|-damage|p1a: Flare|0 fnt\n|faint|p1a: Flare\n|\n|-formechange|p2a: Wishiwashi|Wishiwashi||[from] ability: Schooling\n|upkeep\n|\n|t:|1699910125\n|switch|p1a: Jolts|Jolteon, F, shiny|97\/100\n|-activate|p1a: Jolts|move: Sticky Web\n|-unboost|p1a: Jolts|spe|1\n|turn|20\n|\n|t:|1699910132\n|move|p1a: Jolts|Thunderbolt|p2a: Wishiwashi\n|-supereffective|p2a: Wishiwashi\n|-damage|p2a: Wishiwashi|0 fnt\n|faint|p2a: Wishiwashi\n|\n|upkeep\n|\n|t:|1699910138\n|switch|p2a: Oricorio|Oricorio-Sensu, M|100\/100\n|turn|21\n|\n|t:|1699910144\n|move|p2a: Oricorio|Revelation Dance|p1a: Jolts\n|-crit|p1a: Jolts\n|-damage|p1a: Jolts|23\/100\n|move|p1a: Jolts|Thunderbolt|p2a: Oricorio\n|-supereffective|p2a: Oricorio\n|-damage|p2a: Oricorio|0 fnt\n|faint|p2a: Oricorio\n|\n|upkeep\n|\n|t:|1699910147\n|switch|p2a: Silvally|Silvally-Grass|62\/100\n|turn|22\n|\n|t:|1699910157\n|move|p2a: Silvally|Ice Beam|p1a: Jolts\n|-damage|p1a: Jolts|0 fnt\n|faint|p1a: Jolts\n|\n|upkeep\n|\n|t:|1699910162\n|switch|p1a: Esper|Espeon, M, shiny|100\/100\n|-activate|p1a: Esper|move: Sticky Web\n|-unboost|p1a: Esper|spe|1\n|turn|23\n|\n|t:|1699910171\n|-terastallize|p2a: Silvally|Electric\n|move|p2a: Silvally|Thunderbolt|p1a: Esper\n|-damage|p1a: Esper|54\/100\n|move|p1a: Esper|Psychic|p2a: Silvally\n|-damage|p2a: Silvally|8\/100\n|\n|upkeep\n|turn|24\n|\n|t:|1699910190\n|move|p2a: Silvally|Thunderbolt|p1a: Esper\n|-damage|p1a: Esper|4\/100\n|move|p1a: Esper|Psychic|p2a: Silvally\n|-damage|p2a: Silvally|0 fnt\n|faint|p2a: Silvally\n|\n|win|Ghostops\n|raw|Ghostops's rating: 1025 &rarr; <strong>1071<\/strong><br \/>(+46 for winning)\n|raw|Sly Killdex 2's rating: 1121 &rarr; <strong>1089<\/strong><br \/>(-32 for losing)\n","uploadtime":1699910196,"views":4,"p1id":"ghostops","p2id":"slykilldex2","formatid":"gen9nationaldex","rating":1071,"private":0,"password":""}