{"id":"gen9nationaldex-2000657648","p1":"steals many wives","p2":"1oao","format":"[Gen 9] National Dex","log":"|html|<div class=\"broadcast-blue\"><strong>[Gen 9] National Dex is currently suspecting Sneasler! For information on how to participate check out the <a href=\"https:\/\/www.smogon.com\/forums\/threads\/sv-national-dex-suspect-8-just-dance.3731534\/\">suspect thread<\/a>.<\/strong><\/div>\n|j|\u2606steals many wives\n|j|\u26061oao\n|t:|1701215406\n|gametype|singles\n|player|p1|steals many wives|waitress|1170\n|player|p2|1oao|red|1142\n|teamsize|p1|6\n|teamsize|p2|6\n|gen|9\n|tier|[Gen 9] National Dex\n|rated|\n|rule|HP Percentage Mod: HP is shown in percentages\n|rule|Endless Battle Clause: Forcing endless battles is banned\n|rule|OHKO Clause: OHKO moves are banned\n|rule|Evasion Clause: Evasion abilities, items, and moves are banned\n|rule|Evasion Abilities Clause: Evasion abilities are banned\n|rule|Evasion Items Clause: Evasion items are banned\n|rule|Evasion Moves Clause: Evasion moves are banned\n|rule|Species Clause: Limit one of each Pok\u00e9mon\n|rule|Sleep Clause Mod: Limit one foe put to sleep\n|clearpoke\n|poke|p1|Aggron, M|\n|poke|p1|Ferrothorn, M|\n|poke|p1|Goodra-Hisui, F|\n|poke|p1|Celesteela|\n|poke|p1|Heatran, M|\n|poke|p1|Excadrill, M|\n|poke|p2|Pikachu, F|\n|poke|p2|Venusaur, M|\n|poke|p2|Charizard, M|\n|poke|p2|Blastoise, M|\n|poke|p2|Lapras, F|\n|poke|p2|Snorlax, F|\n|teampreview\n|inactive|Battle timer is ON: inactive players will automatically lose when time's up. (requested by 1oao)\n|\n|t:|1701215434\n|start\n|switch|p1a: Lego|Ferrothorn, M|100\/100\n|switch|p2a: Snorlax|Snorlax, F|100\/100\n|turn|1\n|\n|t:|1701215442\n|switch|p2a: Charizard|Charizard, M|100\/100\n|move|p1a: Lego|Stealth Rock|p2a: Charizard\n|-sidestart|p2: 1oao|move: Stealth Rock\n|\n|upkeep\n|turn|2\n|\n|t:|1701215450\n|move|p2a: Charizard|Flamethrower|p1a: Lego\n|-supereffective|p1a: Lego\n|-damage|p1a: Lego|0 fnt\n|faint|p1a: Lego\n|\n|upkeep\n|\n|t:|1701215455\n|switch|p1a: Team Rocket|Celesteela|100\/100\n|turn|3\n|\n|t:|1701215461\n|move|p2a: Charizard|Flamethrower|p1a: Team Rocket\n|-supereffective|p1a: Team Rocket\n|-damage|p1a: Team Rocket|34\/100\n|move|p1a: Team Rocket|Leech Seed|p2a: Charizard\n|-start|p2a: Charizard|move: Leech Seed\n|\n|-heal|p1a: Team Rocket|41\/100|[from] item: Leftovers\n|-damage|p2a: Charizard|88\/100|[from] Leech Seed|[of] p1a: Team Rocket\n|-heal|p1a: Team Rocket|50\/100|[silent]\n|upkeep\n|turn|4\n|\n|t:|1701215470\n|move|p1a: Team Rocket|Protect|p1a: Team Rocket\n|-singleturn|p1a: Team Rocket|Protect\n|-zpower|p2a: Charizard\n|move|p2a: Charizard|Z-Celebrate|p2a: Charizard|[anim]Celebrate\n|-boost|p2a: Charizard|atk|1|[zeffect]\n|-boost|p2a: Charizard|def|1|[zeffect]\n|-boost|p2a: Charizard|spa|1|[zeffect]\n|-boost|p2a: Charizard|spd|1|[zeffect]\n|-boost|p2a: Charizard|spe|1|[zeffect]\n|-activate|p2a: Charizard|move: Celebrate\n|\n|-heal|p1a: Team Rocket|56\/100|[from] item: Leftovers\n|-damage|p2a: Charizard|76\/100|[from] Leech Seed|[of] p1a: Team Rocket\n|-heal|p1a: Team Rocket|66\/100|[silent]\n|upkeep\n|turn|5\n|\n|t:|1701215485\n|switch|p1a: Slag Heap|Heatran, M|100\/100\n|move|p2a: Charizard|Flamethrower|p1a: Slag Heap\n|-start|p1a: Slag Heap|ability: Flash Fire\n|\n|-damage|p2a: Charizard|63\/100|[from] Leech Seed|[of] p1a: Slag Heap\n|upkeep\n|turn|6\n|\n|t:|1701215493\n|-end|p1a: Slag Heap|ability: Flash Fire|[silent]\n|switch|p1a: Team Rocket|Celesteela|66\/100\n|move|p2a: Charizard|Scorching Sands|p1a: Team Rocket\n|-immune|p1a: Team Rocket\n|\n|-heal|p1a: Team Rocket|72\/100|[from] item: Leftovers\n|-damage|p2a: Charizard|51\/100|[from] Leech Seed|[of] p1a: Team Rocket\n|-heal|p1a: Team Rocket|82\/100|[silent]\n|upkeep\n|turn|7\n|\n|t:|1701215501\n|move|p1a: Team Rocket|Protect|p1a: Team Rocket\n|-singleturn|p1a: Team Rocket|Protect\n|move|p2a: Charizard|Flamethrower|p1a: Team Rocket\n|-activate|p1a: Team Rocket|move: Protect\n|\n|-heal|p1a: Team Rocket|88\/100|[from] item: Leftovers\n|-damage|p2a: Charizard|39\/100|[from] Leech Seed|[of] p1a: Team Rocket\n|-heal|p1a: Team Rocket|98\/100|[silent]\n|upkeep\n|turn|8\n|\n|t:|1701215509\n|move|p2a: Charizard|Scorching Sands|p1a: Team Rocket\n|-immune|p1a: Team Rocket\n|move|p1a: Team Rocket|Fly||[still]\n|-prepare|p1a: Team Rocket|Fly\n|\n|-heal|p1a: Team Rocket|100\/100|[from] item: Leftovers\n|-damage|p2a: Charizard|26\/100|[from] Leech Seed|[of] p1a: Team Rocket\n|upkeep\n|turn|9\n|\n|t:|1701215521\n|move|p2a: Charizard|Flamethrower|p1a: Team Rocket|[miss]\n|-miss|p2a: Charizard|p1a: Team Rocket\n|move|p1a: Team Rocket|Fly|p2a: Charizard|[from]lockedmove\n|-damage|p2a: Charizard|0 fnt\n|faint|p2a: Charizard\n|-ability|p1a: Team Rocket|Beast Boost|boost\n|-boost|p1a: Team Rocket|def|1\n|\n|upkeep\n|c|\u2606steals many wives|surprise\n|\n|t:|1701215542\n|switch|p2a: Pikachu|Pikachu, F|100\/100\n|-damage|p2a: Pikachu|88\/100|[from] Stealth Rock\n|turn|10\n|\n|t:|1701215547\n|move|p2a: Pikachu|Nuzzle|p1a: Team Rocket\n|-supereffective|p1a: Team Rocket\n|-damage|p1a: Team Rocket|89\/100\n|-status|p1a: Team Rocket|par\n|move|p1a: Team Rocket|Leech Seed|p2a: Pikachu\n|-start|p2a: Pikachu|move: Leech Seed\n|\n|-heal|p1a: Team Rocket|95\/100 par|[from] item: Leftovers\n|-damage|p2a: Pikachu|76\/100|[from] Leech Seed|[of] p1a: Team Rocket\n|-heal|p1a: Team Rocket|100\/100 par|[silent]\n|upkeep\n|turn|11\n|\n|t:|1701215558\n|switch|p2a: Snorlax|Snorlax, F|100\/100\n|-damage|p2a: Snorlax|88\/100|[from] Stealth Rock\n|move|p1a: Team Rocket|Protect||[still]\n|-fail|p1a: Team Rocket\n|\n|upkeep\n|turn|12\n|\n|t:|1701215569\n|move|p2a: Snorlax|Darkest Lariat|p1a: Team Rocket\n|-damage|p1a: Team Rocket|79\/100 par\n|move|p1a: Team Rocket|Leech Seed|p2a: Snorlax\n|-start|p2a: Snorlax|move: Leech Seed\n|\n|-heal|p1a: Team Rocket|85\/100 par|[from] item: Leftovers\n|-damage|p2a: Snorlax|76\/100|[from] Leech Seed|[of] p1a: Team Rocket\n|-heal|p1a: Team Rocket|100\/100 par|[silent]\n|upkeep\n|turn|13\n|\n|t:|1701215577\n|switch|p2a: Venusaur|Venusaur, M|100\/100\n|-damage|p2a: Venusaur|88\/100|[from] Stealth Rock\n|switch|p1a: Slime Shady|Goodra-Hisui, F|100\/100\n|\n|upkeep\n|turn|14\n|\n|t:|1701215588\n|detailschange|p2a: Venusaur|Venusaur-Mega, M\n|-mega|p2a: Venusaur|Venusaur|Venusaurite\n|move|p2a: Venusaur|Earth Power|p1a: Slime Shady\n|-supereffective|p1a: Slime Shady\n|-damage|p1a: Slime Shady|58\/100\n|move|p1a: Slime Shady|Dragon Pulse|p2a: Venusaur\n|-damage|p2a: Venusaur|60\/100\n|\n|upkeep\n|turn|15\n|\n|t:|1701215596\n|move|p2a: Venusaur|Energy Ball|p1a: Slime Shady\n|-resisted|p1a: Slime Shady\n|-damage|p1a: Slime Shady|50\/100\n|move|p1a: Slime Shady|Dragon Pulse|p2a: Venusaur\n|-damage|p2a: Venusaur|30\/100\n|\n|upkeep\n|turn|16\n|\n|t:|1701215604\n|move|p2a: Venusaur|Earth Power|p1a: Slime Shady\n|-supereffective|p1a: Slime Shady\n|-damage|p1a: Slime Shady|11\/100\n|move|p1a: Slime Shady|Dragon Pulse|p2a: Venusaur\n|-damage|p2a: Venusaur|1\/100\n|\n|upkeep\n|turn|17\n|\n|t:|1701215611\n|switch|p1a: Team Rocket|Celesteela|100\/100 par\n|move|p2a: Venusaur|Earth Power|p1a: Team Rocket\n|-immune|p1a: Team Rocket\n|\n|upkeep\n|turn|18\n|\n|t:|1701215621\n|move|p2a: Venusaur|Energy Ball|p1a: Team Rocket\n|-resisted|p1a: Team Rocket\n|-damage|p1a: Team Rocket|91\/100 par\n|move|p1a: Team Rocket|Iron Head|p2a: Venusaur\n|-damage|p2a: Venusaur|0 fnt\n|faint|p2a: Venusaur\n|-ability|p1a: Team Rocket|Beast Boost|boost\n|-boost|p1a: Team Rocket|def|1\n|\n|-heal|p1a: Team Rocket|97\/100 par|[from] item: Leftovers\n|upkeep\n|\n|t:|1701215631\n|switch|p2a: Blastoise|Blastoise, M|100\/100\n|-damage|p2a: Blastoise|88\/100|[from] Stealth Rock\n|turn|19\n|\n|t:|1701215638\n|-terastallize|p2a: Blastoise|Grass\n|move|p2a: Blastoise|Rapid Spin|p1a: Team Rocket\n|-resisted|p1a: Team Rocket\n|-damage|p1a: Team Rocket|95\/100 par\n|-boost|p2a: Blastoise|spe|1\n|-sideend|p2: 1oao|Stealth Rock|[from] move: Rapid Spin|[of] p2a: Blastoise\n|move|p1a: Team Rocket|Leech Seed|p2a: Blastoise\n|-immune|p2a: Blastoise\n|\n|-heal|p1a: Team Rocket|100\/100 par|[from] item: Leftovers\n|upkeep\n|turn|20\n|\n|t:|1701215649\n|move|p2a: Blastoise|Scald|p1a: Team Rocket\n|-damage|p1a: Team Rocket|73\/100 par\n|move|p1a: Team Rocket|Fly||[still]\n|-prepare|p1a: Team Rocket|Fly\n|\n|-heal|p1a: Team Rocket|79\/100 par|[from] item: Leftovers\n|upkeep\n|turn|21\n|\n|t:|1701215656\n|switch|p2a: Snorlax|Snorlax, F|76\/100\n|move|p1a: Team Rocket|Fly|p2a: Snorlax|[from]lockedmove\n|-damage|p2a: Snorlax|47\/100\n|\n|-heal|p1a: Team Rocket|86\/100 par|[from] item: Leftovers\n|upkeep\n|turn|22\n|\n|t:|1701215664\n|switch|p1a: Slime Shady|Goodra-Hisui, F|11\/100\n|move|p2a: Snorlax|Return|p1a: Slime Shady\n|-resisted|p1a: Slime Shady\n|-damage|p1a: Slime Shady|0 fnt\n|-damage|p2a: Snorlax|30\/100|[from] item: Rocky Helmet|[of] p1a: Slime Shady\n|-ability|p1a: Slime Shady|Gooey\n|-unboost|p2a: Snorlax|spe|1\n|faint|p1a: Slime Shady\n|\n|upkeep\n|\n|t:|1701215675\n|switch|p1a: Slag Heap|Heatran, M|100\/100\n|turn|23\n|\n|t:|1701215678\n|move|p1a: Slag Heap|Eruption|p2a: Snorlax\n|-damage|p2a: Snorlax|0 fnt\n|faint|p2a: Snorlax\n|\n|upkeep\n|\n|t:|1701215683\n|switch|p2a: Pikachu|Pikachu, F|76\/100\n|turn|24\n|\n|t:|1701215688\n|move|p1a: Slag Heap|Eruption|p2a: Pikachu\n|-damage|p2a: Pikachu|0 fnt\n|faint|p2a: Pikachu\n|\n|upkeep\n|\n|t:|1701215693\n|switch|p2a: Lapras|Lapras, F|100\/100\n|turn|25\n|\n|t:|1701215701\n|switch|p1a: Team Rocket|Celesteela|86\/100 par\n|move|p2a: Lapras|Sparkling Aria|p1a: Team Rocket\n|-damage|p1a: Team Rocket|54\/100 par\n|\n|-heal|p1a: Team Rocket|60\/100 par|[from] item: Leftovers\n|upkeep\n|turn|26\n|\n|t:|1701215708\n|switch|p2a: Blastoise|Blastoise, M, tera:Grass|88\/100\n|move|p1a: Team Rocket|Leech Seed|p2a: Blastoise\n|-immune|p2a: Blastoise\n|\n|-heal|p1a: Team Rocket|67\/100 par|[from] item: Leftovers\n|upkeep\n|turn|27\n|\n|t:|1701215716\n|move|p2a: Blastoise|Scald|p1a: Team Rocket\n|-damage|p1a: Team Rocket|41\/100 par\n|cant|p1a: Team Rocket|par\n|\n|-heal|p1a: Team Rocket|48\/100 par|[from] item: Leftovers\n|upkeep\n|turn|28\n|\n|t:|1701215722\n|cant|p1a: Team Rocket|par\n|move|p2a: Blastoise|Scald|p1a: Team Rocket\n|-damage|p1a: Team Rocket|19\/100 par\n|\n|-heal|p1a: Team Rocket|25\/100 par|[from] item: Leftovers\n|upkeep\n|turn|29\n|\n|t:|1701215729\n|cant|p1a: Team Rocket|par\n|move|p2a: Blastoise|Scald|p1a: Team Rocket\n|-damage|p1a: Team Rocket|0 fnt\n|faint|p1a: Team Rocket\n|\n|upkeep\n|\n|t:|1701215735\n|switch|p1a: Slag Heap|Heatran, M|100\/100\n|turn|30\n|\n|t:|1701215741\n|switch|p2a: Lapras|Lapras, F|100\/100\n|move|p1a: Slag Heap|Eruption|p2a: Lapras\n|-damage|p2a: Lapras|41\/100\n|\n|upkeep\n|turn|31\n|\n|t:|1701215749\n|move|p1a: Slag Heap|Eruption|p2a: Lapras\n|-damage|p2a: Lapras|0 fnt\n|faint|p2a: Lapras\n|\n|upkeep\n|\n|t:|1701215753\n|switch|p2a: Blastoise|Blastoise, M, tera:Grass|88\/100\n|turn|32\n|\n|t:|1701215756\n|move|p1a: Slag Heap|Eruption|p2a: Blastoise\n|-supereffective|p2a: Blastoise\n|-damage|p2a: Blastoise|0 fnt\n|faint|p2a: Blastoise\n|\n|win|steals many wives\n|raw|steals many wives's rating: 1170 &rarr; <strong>1193<\/strong><br \/>(+23 for winning)\n|raw|1oao's rating: 1142 &rarr; <strong>1119<\/strong><br \/>(-23 for losing)\n|l|\u26061oao\n","uploadtime":1701215764,"views":0,"p1id":"stealsmanywives","p2id":"1oao","formatid":"gen9nationaldex","rating":1119,"private":0,"password":""}