{"id":"gen9nationaldex-1998755557","p1":"kokomi36","p2":"chzq","format":"[Gen 9] National Dex","log":"|html|<div class=\"broadcast-blue\"><strong>[Gen 9] National Dex is currently suspecting Sneasler! For information on how to participate check out the <a href=\"https:\/\/www.smogon.com\/forums\/threads\/sv-national-dex-suspect-8-just-dance.3731534\/\">suspect thread<\/a>.<\/strong><\/div>\n|j|\u2606kokomi36\n|j|\u2606chzq\n|t:|1700984134\n|gametype|singles\n|player|p1|kokomi36|wallace|1157\n|player|p2|chzq|266|1118\n|teamsize|p1|6\n|teamsize|p2|6\n|gen|9\n|tier|[Gen 9] National Dex\n|rated|\n|rule|HP Percentage Mod: HP is shown in percentages\n|rule|Endless Battle Clause: Forcing endless battles is banned\n|rule|OHKO Clause: OHKO moves are banned\n|rule|Evasion Clause: Evasion abilities, items, and moves are banned\n|rule|Evasion Abilities Clause: Evasion abilities are banned\n|rule|Evasion Items Clause: Evasion items are banned\n|rule|Evasion Moves Clause: Evasion moves are banned\n|rule|Species Clause: Limit one of each Pok\u00e9mon\n|rule|Sleep Clause Mod: Limit one foe put to sleep\n|clearpoke\n|poke|p1|Torterra, M|\n|poke|p1|Magnezone|\n|poke|p1|Quagsire, F|\n|poke|p1|Togekiss, M|\n|poke|p1|Garchomp, M|\n|poke|p1|Scizor, F|\n|poke|p2|Lopunny, F|\n|poke|p2|Alomomola, F|\n|poke|p2|Dragonite, F|\n|poke|p2|Gliscor, F|\n|poke|p2|Ferrothorn, F|\n|poke|p2|Tapu Lele|\n|teampreview\n|inactive|Battle timer is ON: inactive players will automatically lose when time's up. (requested by kokomi36)\n|\n|t:|1700984142\n|start\n|switch|p1a: Oops|Quagsire, F|100\/100\n|switch|p2a: Gliscor|Gliscor, F|100\/100\n|turn|1\n|\n|t:|1700984149\n|move|p2a: Gliscor|Toxic|p1a: Oops|[miss]\n|-miss|p2a: Gliscor|p1a: Oops\n|move|p1a: Oops|Ice Beam|p2a: Gliscor\n|-supereffective|p2a: Gliscor\n|-damage|p2a: Gliscor|17\/100\n|\n|-status|p2a: Gliscor|tox|[from] item: Toxic Orb\n|upkeep\n|turn|2\n|\n|t:|1700984158\n|switch|p1a: See|Magnezone|100\/100\n|move|p2a: Gliscor|Protect||[still]\n|-fail|p2a: Gliscor\n|\n|-heal|p2a: Gliscor|30\/100 tox|[from] ability: Poison Heal\n|upkeep\n|turn|3\n|\n|t:|1700984169\n|switch|p2a: Alomomola|Alomomola, F|100\/100\n|switch|p1a: Colgate|Togekiss, M|100\/100\n|\n|upkeep\n|turn|4\n|\n|t:|1700984178\n|switch|p1a: See|Magnezone|100\/100\n|move|p2a: Alomomola|Toxic|p1a: See\n|-immune|p1a: See\n|\n|upkeep\n|turn|5\n|\n|t:|1700984188\n|move|p2a: Alomomola|Wish|p2a: Alomomola\n|move|p1a: See|Volt Switch|p2a: Alomomola\n|-supereffective|p2a: Alomomola\n|-crit|p2a: Alomomola\n|-damage|p2a: Alomomola|14\/100\n|\n|t:|1700984199\n|switch|p1a: Shrimp|Scizor, F|100\/100|[from] Volt Switch\n|\n|upkeep\n|turn|6\n|\n|t:|1700984205\n|switch|p2a: Gliscor|Gliscor, F|30\/100 tox\n|detailschange|p1a: Shrimp|Scizor-Mega, F\n|-mega|p1a: Shrimp|Scizor|Scizorite\n|move|p1a: Shrimp|Swords Dance|p1a: Shrimp\n|-boost|p1a: Shrimp|atk|2\n|\n|-heal|p2a: Gliscor|100\/100 tox|[from] move: Wish|[wisher] Alomomola\n|upkeep\n|turn|7\n|\n|t:|1700984227\n|move|p1a: Shrimp|Dual Wingbeat|p2a: Gliscor\n|-damage|p2a: Gliscor|65\/100 tox\n|-damage|p2a: Gliscor|30\/100 tox\n|-hitcount|p2a: Gliscor|2\n|move|p2a: Gliscor|Spikes|p1a: Shrimp\n|-sidestart|p1: kokomi36|Spikes\n|\n|-heal|p2a: Gliscor|42\/100 tox|[from] ability: Poison Heal\n|upkeep\n|turn|8\n|\n|t:|1700984240\n|move|p1a: Shrimp|Dual Wingbeat|p2a: Gliscor\n|-damage|p2a: Gliscor|8\/100 tox\n|-damage|p2a: Gliscor|0 fnt\n|faint|p2a: Gliscor\n|-hitcount|p2: Gliscor|2\n|\n|upkeep\n|inactive|chzq has 120 seconds left.\n|\n|t:|1700984260\n|switch|p2a: Ferrothorn|Ferrothorn, F|100\/100\n|turn|9\n|\n|t:|1700984265\n|move|p1a: Shrimp|X-Scissor|p2a: Ferrothorn\n|-damage|p2a: Ferrothorn|42\/100\n|-damage|p1a: Shrimp|88\/100|[from] ability: Iron Barbs|[of] p2a: Ferrothorn\n|move|p2a: Ferrothorn|Leech Seed|p1a: Shrimp\n|-start|p1a: Shrimp|move: Leech Seed\n|\n|-heal|p2a: Ferrothorn|48\/100|[from] item: Leftovers\n|-damage|p1a: Shrimp|76\/100|[from] Leech Seed|[of] p2a: Ferrothorn\n|-heal|p2a: Ferrothorn|58\/100|[silent]\n|upkeep\n|turn|10\n|\n|t:|1700984281\n|move|p1a: Shrimp|Dual Wingbeat|p2a: Ferrothorn\n|-damage|p2a: Ferrothorn|30\/100\n|-damage|p1a: Shrimp|63\/100|[from] ability: Iron Barbs|[of] p2a: Ferrothorn\n|-damage|p2a: Ferrothorn|0 fnt\n|-damage|p1a: Shrimp|51\/100|[from] ability: Iron Barbs|[of] p2a: Ferrothorn\n|faint|p2a: Ferrothorn\n|-hitcount|p2: Ferrothorn|2\n|\n|upkeep\n|inactive|chzq has 120 seconds left.\n|\n|t:|1700984291\n|switch|p2a: Alomomola|Alomomola, F|47\/100\n|turn|11\n|\n|t:|1700984296\n|move|p1a: Shrimp|X-Scissor|p2a: Alomomola\n|-damage|p2a: Alomomola|0 fnt\n|-damage|p1a: Shrimp|34\/100|[from] item: Rocky Helmet|[of] p2a: Alomomola\n|faint|p2a: Alomomola\n|\n|upkeep\n|\n|t:|1700984303\n|switch|p2a: Lopunny|Lopunny, F|100\/100\n|turn|12\n|\n|t:|1700984307\n|detailschange|p2a: Lopunny|Lopunny-Mega, F\n|-mega|p2a: Lopunny|Lopunny|Lopunnite\n|move|p2a: Lopunny|Fake Out|p1a: Shrimp\n|-resisted|p1a: Shrimp\n|-damage|p1a: Shrimp|24\/100\n|cant|p1a: Shrimp|flinch\n|\n|-damage|p1a: Shrimp|12\/100|[from] Leech Seed|[of] p2a: Lopunny\n|upkeep\n|turn|13\n|\n|t:|1700984319\n|switch|p2a: Dragonite|Dragonite, F|100\/100\n|move|p1a: Shrimp|Bullet Punch|p2a: Dragonite\n|-damage|p2a: Dragonite|68\/100\n|\n|-damage|p1a: Shrimp|0 fnt|[from] Leech Seed|[of] p2a: Dragonite\n|-heal|p2a: Dragonite|77\/100|[silent]\n|faint|p1a: Shrimp\n|upkeep\n|\n|t:|1700984327\n|switch|p1a: Colgate|Togekiss, M|100\/100\n|turn|14\n|\n|t:|1700984335\n|move|p2a: Dragonite|Extreme Speed|p1a: Colgate\n|-damage|p1a: Colgate|67\/100\n|move|p1a: Colgate|Dazzling Gleam|p2a: Dragonite\n|-supereffective|p2a: Dragonite\n|-damage|p2a: Dragonite|5\/100\n|\n|upkeep\n|turn|15\n|\n|t:|1700984352\n|-terastallize|p2a: Dragonite|Normal\n|move|p1a: Colgate|Air Slash|p2a: Dragonite\n|-damage|p2a: Dragonite|0 fnt\n|faint|p2a: Dragonite\n|\n|upkeep\n|\n|t:|1700984359\n|switch|p2a: Tapu Lele|Tapu Lele|100\/100\n|-fieldstart|move: Psychic Terrain|[from] ability: Psychic Surge|[of] p2a: Tapu Lele\n|turn|16\n|\n|t:|1700984365\n|move|p2a: Tapu Lele|Psyshock|p1a: Colgate\n|-damage|p1a: Colgate|0 fnt\n|faint|p1a: Colgate\n|\n|upkeep\n|\n|t:|1700984371\n|switch|p1a: See|Magnezone|100\/100\n|-damage|p1a: See|88\/100|[from] Spikes\n|turn|17\n|\n|t:|1700984378\n|switch|p2a: Lopunny|Lopunny-Mega, F|100\/100\n|move|p1a: See|Flash Cannon|p2a: Lopunny\n|-damage|p2a: Lopunny|43\/100\n|\n|upkeep\n|turn|18\n|\n|t:|1700984390\n|move|p2a: Lopunny|Fake Out|p1a: See\n|-activate|p1a: See|move: Psychic Terrain\n|move|p1a: See|Flash Cannon|p2a: Lopunny\n|-damage|p2a: Lopunny|0 fnt\n|faint|p2a: Lopunny\n|\n|upkeep\n|\n|t:|1700984396\n|switch|p2a: Tapu Lele|Tapu Lele|100\/100\n|turn|19\n|\n|t:|1700984401\n|move|p2a: Tapu Lele|Focus Blast|p1a: See\n|-supereffective|p1a: See\n|-damage|p1a: See|0 fnt\n|faint|p1a: See\n|\n|upkeep\n|\n|t:|1700984410\n|switch|p1a: Flakes|Garchomp, M|100\/100\n|-damage|p1a: Flakes|88\/100|[from] Spikes\n|turn|20\n|\n|t:|1700984415\n|-terastallize|p1a: Flakes|Steel\n|move|p2a: Tapu Lele|Focus Blast|p1a: Flakes\n|-supereffective|p1a: Flakes\n|-damage|p1a: Flakes|0 fnt\n|faint|p1a: Flakes\n|\n|-fieldend|move: Psychic Terrain\n|upkeep\n|\n|t:|1700984423\n|switch|p1a: Turt|Torterra, M|100\/100\n|-damage|p1a: Turt|88\/100|[from] Spikes\n|turn|21\n|\n|t:|1700984428\n|move|p2a: Tapu Lele|Focus Blast|p1a: Turt\n|-damage|p1a: Turt|33\/100\n|move|p1a: Turt|Shell Smash|p1a: Turt\n|-unboost|p1a: Turt|def|1\n|-unboost|p1a: Turt|spd|1\n|-boost|p1a: Turt|atk|2\n|-boost|p1a: Turt|spa|2\n|-boost|p1a: Turt|spe|2\n|-enditem|p1a: Turt|White Herb\n|-clearnegativeboost|p1a: Turt|[silent]\n|\n|upkeep\n|turn|22\n|\n|t:|1700984438\n|move|p2a: Tapu Lele|Focus Blast|p1a: Turt\n|-damage|p1a: Turt|0 fnt\n|faint|p1a: Turt\n|\n|upkeep\n|\n|t:|1700984443\n|switch|p1a: Oops|Quagsire, F|100\/100\n|-damage|p1a: Oops|88\/100|[from] Spikes\n|turn|23\n|\n|t:|1700984451\n|move|p2a: Tapu Lele|Focus Blast|p1a: Oops|[miss]\n|-miss|p2a: Tapu Lele|p1a: Oops\n|move|p1a: Oops|Earthquake|p2a: Tapu Lele\n|-damage|p2a: Tapu Lele|45\/100\n|\n|-heal|p1a: Oops|94\/100|[from] item: Leftovers\n|upkeep\n|turn|24\n|\n|t:|1700984461\n|move|p2a: Tapu Lele|Focus Blast|p1a: Oops\n|-damage|p1a: Oops|25\/100\n|move|p1a: Oops|Earthquake|p2a: Tapu Lele\n|-damage|p2a: Tapu Lele|0 fnt\n|faint|p2a: Tapu Lele\n|\n|win|kokomi36\n|raw|kokomi36's rating: 1157 &rarr; <strong>1179<\/strong><br \/>(+22 for winning)\n|raw|chzq's rating: 1118 &rarr; <strong>1096<\/strong><br \/>(-22 for losing)\n|l|\u2606chzq\n","uploadtime":1700984473,"views":1,"p1id":"kokomi36","p2id":"chzq","formatid":"gen9nationaldex","rating":1096,"private":0,"password":""}