{"id":"gen9nationaldex-1997596019","p1":"Tomolive502","p2":"QIxhQI","format":"[Gen 9] National Dex","log":"|html|<div class=\"broadcast-blue\"><strong>[Gen 9] National Dex is currently suspecting Sneasler! For information on how to participate check out the <a href=\"https:\/\/www.smogon.com\/forums\/threads\/sv-national-dex-suspect-8-just-dance.3731534\/\">suspect thread<\/a>.<\/strong><\/div>\n|j|\u2606Tomolive502\n|j|\u2606QIxhQI\n|t:|1700830743\n|gametype|singles\n|player|p1|Tomolive502|baker|1647\n|player|p2|QIxhQI|170|1586\n|teamsize|p1|6\n|teamsize|p2|6\n|gen|9\n|tier|[Gen 9] National Dex\n|rated|\n|rule|HP Percentage Mod: HP is shown in percentages\n|rule|Endless Battle Clause: Forcing endless battles is banned\n|rule|OHKO Clause: OHKO moves are banned\n|rule|Evasion Clause: Evasion abilities, items, and moves are banned\n|rule|Evasion Abilities Clause: Evasion abilities are banned\n|rule|Evasion Items Clause: Evasion items are banned\n|rule|Evasion Moves Clause: Evasion moves are banned\n|rule|Species Clause: Limit one of each Pok\u00e9mon\n|rule|Sleep Clause Mod: Limit one foe put to sleep\n|clearpoke\n|poke|p1|Scizor, F|\n|poke|p1|Volcarona, F|\n|poke|p1|Urshifu-*, M|\n|poke|p1|Glimmora, M|\n|poke|p1|Dragonite, F|\n|poke|p1|Tapu Lele|\n|poke|p2|Ninetales-Alola, F|\n|poke|p2|Blaziken, F|\n|poke|p2|Gyarados, M|\n|poke|p2|Salamence, F|\n|poke|p2|Celesteela|\n|poke|p2|Iron Treads|\n|teampreview\n|\n|t:|1700830748\n|start\n|switch|p1a: Glimmora|Glimmora, M|100\/100\n|switch|p2a: Iron Treads|Iron Treads|100\/100\n|turn|1\n|inactive|Battle timer is ON: inactive players will automatically lose when time's up. (requested by QIxhQI)\n|\n|t:|1700830751\n|move|p2a: Iron Treads|Stealth Rock|p1a: Glimmora\n|-sidestart|p1: Tomolive502|move: Stealth Rock\n|move|p1a: Glimmora|Earth Power|p2a: Iron Treads\n|-supereffective|p2a: Iron Treads\n|-enditem|p2a: Iron Treads|Focus Sash\n|-damage|p2a: Iron Treads|1\/100\n|\n|upkeep\n|turn|2\n|\n|t:|1700830758\n|move|p2a: Iron Treads|Iron Head|p1a: Glimmora\n|-supereffective|p1a: Glimmora\n|-damage|p1a: Glimmora|9\/100\n|-activate|p1a: Glimmora|ability: Toxic Debris\n|-sidestart|p2: QIxhQI|move: Toxic Spikes\n|move|p1a: Glimmora|Earth Power|p2a: Iron Treads\n|-supereffective|p2a: Iron Treads\n|-damage|p2a: Iron Treads|0 fnt\n|faint|p2a: Iron Treads\n|-end|p2a: Iron Treads|Quark Drive|[silent]\n|\n|upkeep\n|\n|t:|1700830772\n|switch|p2a: Salamence|Salamence, F|100\/100\n|turn|3\n|\n|t:|1700830778\n|move|p2a: Salamence|Tera Blast|p1a: Glimmora\n|-resisted|p1a: Glimmora\n|-damage|p1a: Glimmora|0 fnt\n|faint|p1a: Glimmora\n|-ability|p2a: Salamence|Moxie|boost\n|-boost|p2a: Salamence|atk|1\n|-damage|p2a: Salamence|91\/100|[from] item: Life Orb\n|\n|upkeep\n|\n|t:|1700830793\n|switch|p1a: Tapu Lele|Tapu Lele|100\/100\n|-damage|p1a: Tapu Lele|88\/100|[from] Stealth Rock\n|-fieldstart|move: Psychic Terrain|[from] ability: Psychic Surge|[of] p1a: Tapu Lele\n|turn|4\n|\n|t:|1700830798\n|switch|p2a: Celesteela|Celesteela, shiny|100\/100\n|move|p1a: Tapu Lele|Moonblast|p2a: Celesteela\n|-resisted|p2a: Celesteela\n|-damage|p2a: Celesteela|77\/100\n|\n|upkeep\n|turn|5\n|\n|t:|1700830803\n|move|p1a: Tapu Lele|Substitute|p1a: Tapu Lele\n|-start|p1a: Tapu Lele|Substitute\n|-damage|p1a: Tapu Lele|63\/100\n|move|p2a: Celesteela|Autotomize|p2a: Celesteela\n|-boost|p2a: Celesteela|spe|2\n|-start|p2a: Celesteela|Autotomize\n|\n|upkeep\n|turn|6\n|\n|t:|1700830807\n|move|p2a: Celesteela|Air Slash|p1a: Tapu Lele\n|-end|p1a: Tapu Lele|Substitute\n|move|p1a: Tapu Lele|Calm Mind|p1a: Tapu Lele\n|-boost|p1a: Tapu Lele|spa|1\n|-boost|p1a: Tapu Lele|spd|1\n|\n|upkeep\n|turn|7\n|\n|t:|1700830812\n|move|p2a: Celesteela|Meteor Beam||[still]\n|-prepare|p2a: Celesteela|Meteor Beam\n|-boost|p2a: Celesteela|spa|1\n|-enditem|p2a: Celesteela|Power Herb\n|-anim|p2a: Celesteela|Meteor Beam|p1a: Tapu Lele\n|-crit|p1a: Tapu Lele\n|-damage|p1a: Tapu Lele|0 fnt\n|faint|p1a: Tapu Lele\n|-ability|p2a: Celesteela|Beast Boost|boost\n|-boost|p2a: Celesteela|spa|1\n|\n|upkeep\n|\n|t:|1700830820\n|switch|p1a: Dragonite|Dragonite, F|100\/100\n|turn|8\n|\n|t:|1700830825\n|move|p2a: Celesteela|Air Slash|p1a: Dragonite\n|-damage|p1a: Dragonite|63\/100\n|cant|p1a: Dragonite|flinch\n|\n|-fieldend|move: Psychic Terrain\n|upkeep\n|turn|9\n|\n|t:|1700830829\n|move|p1a: Dragonite|Extreme Speed|p2a: Celesteela\n|-resisted|p2a: Celesteela\n|-damage|p2a: Celesteela|62\/100\n|move|p2a: Celesteela|Air Slash|p1a: Dragonite\n|-damage|p1a: Dragonite|0 fnt\n|faint|p1a: Dragonite\n|-ability|p2a: Celesteela|Beast Boost|boost\n|-boost|p2a: Celesteela|spa|1\n|\n|upkeep\n|-message|Tomolive502 forfeited.\n|\n|win|QIxhQI\n|raw|Tomolive502's rating: 1647 &rarr; <strong>1624<\/strong><br \/>(-23 for losing)\n|raw|QIxhQI's rating: 1586 &rarr; <strong>1609<\/strong><br \/>(+23 for winning)\n|l|\u2606Tomolive502\n","uploadtime":1700830837,"views":1,"p1id":"tomolive502","p2id":"qixhqi","formatid":"gen9nationaldex","rating":1609,"private":0,"password":""}