{"id":"gen9nationaldex-1990983348","p1":"enenooxx3","p2":"Dk Zay","format":"[Gen 9] National Dex","log":"|j|\u2606enenooxx3\n|j|\u203dDk Zay\n|t:|1700023203\n|gametype|singles\n|player|p1|enenooxx3|beauty-gen4dp|1399\n|player|p2|Dk Zay|ash|1454\n|teamsize|p1|6\n|teamsize|p2|6\n|gen|9\n|tier|[Gen 9] National Dex\n|rated|\n|rule|HP Percentage Mod: HP is shown in percentages\n|rule|Endless Battle Clause: Forcing endless battles is banned\n|rule|OHKO Clause: OHKO moves are banned\n|rule|Evasion Clause: Evasion abilities, items, and moves are banned\n|rule|Evasion Abilities Clause: Evasion abilities are banned\n|rule|Evasion Items Clause: Evasion items are banned\n|rule|Evasion Moves Clause: Evasion moves are banned\n|rule|Species Clause: Limit one of each Pok\u00e9mon\n|rule|Sleep Clause Mod: Limit one foe put to sleep\n|clearpoke\n|poke|p1|Hatterene, F|\n|poke|p1|Sinistcha|\n|poke|p1|Garchomp, F|\n|poke|p1|Zapdos-Galar|\n|poke|p1|Corviknight, F|\n|poke|p1|Tyranitar, M|\n|poke|p2|Tapu Lele|\n|poke|p2|Sneasler, M|\n|poke|p2|Alakazam, F|\n|poke|p2|Ursaluna, M|\n|poke|p2|Ninetales-Alola, F|\n|poke|p2|Venusaur, M|\n|teampreview\n|inactive|Battle timer is ON: inactive players will automatically lose when time's up. (requested by Dk Zay)\n|\n|t:|1700023216\n|start\n|switch|p1a: Garchomp|Garchomp, F|100\/100\n|switch|p2a: Ninetales|Ninetales-Alola, F, shiny|100\/100\n|-weather|Snow|[from] ability: Snow Warning|[of] p2a: Ninetales\n|turn|1\n|\n|t:|1700023221\n|switch|p1a: Tyranitar|Tyranitar, M|100\/100\n|-weather|Sandstorm|[from] ability: Sand Stream|[of] p1a: Tyranitar\n|move|p2a: Ninetales|Aurora Veil||[still]\n|-fail|p2a: Ninetales\n|\n|-weather|Sandstorm|[upkeep]\n|-damage|p2a: Ninetales|95\/100|[from] Sandstorm\n|upkeep\n|turn|2\n|\n|t:|1700023226\n|switch|p2a: Ursaluna|Ursaluna, M|100\/100\n|move|p1a: Tyranitar|Dragon Dance|p1a: Tyranitar\n|-boost|p1a: Tyranitar|atk|1\n|-boost|p1a: Tyranitar|spe|1\n|\n|-weather|Sandstorm|[upkeep]\n|-status|p2a: Ursaluna|brn|[from] item: Flame Orb\n|upkeep\n|turn|3\n|\n|t:|1700023237\n|switch|p1a: Corviknight|Corviknight, F|100\/100\n|-ability|p1a: Corviknight|Pressure\n|move|p2a: Ursaluna|Drain Punch|p1a: Corviknight\n|-damage|p1a: Corviknight|71\/100\n|-damage|p2a: Ursaluna|84\/100 brn|[from] item: Rocky Helmet|[of] p1a: Corviknight\n|\n|-weather|Sandstorm|[upkeep]\n|-damage|p2a: Ursaluna|78\/100 brn|[from] brn\n|upkeep\n|turn|4\n|\n|t:|1700023247\n|switch|p2a: Ninetales|Ninetales-Alola, F, shiny|95\/100\n|-weather|Snow|[from] ability: Snow Warning|[of] p2a: Ninetales\n|move|p1a: Corviknight|U-turn|p2a: Ninetales\n|-resisted|p2a: Ninetales\n|-damage|p2a: Ninetales|88\/100\n|\n|t:|1700023249\n|switch|p1a: Tyranitar|Tyranitar, M|100\/100|[from] U-turn\n|-weather|Sandstorm|[from] ability: Sand Stream|[of] p1a: Tyranitar\n|\n|-weather|Sandstorm|[upkeep]\n|-damage|p2a: Ninetales|82\/100|[from] Sandstorm\n|upkeep\n|turn|5\n|\n|t:|1700023259\n|switch|p2a: Tapu Lele|Tapu Lele|100\/100\n|-fieldstart|move: Psychic Terrain|[from] ability: Psychic Surge|[of] p2a: Tapu Lele\n|move|p1a: Tyranitar|Knock Off|p2a: Tapu Lele\n|-damage|p2a: Tapu Lele|12\/100\n|-enditem|p2a: Tapu Lele|Choice Scarf|[from] move: Knock Off|[of] p1a: Tyranitar\n|\n|-weather|Sandstorm|[upkeep]\n|-damage|p2a: Tapu Lele|5\/100|[from] Sandstorm\n|upkeep\n|turn|6\n|\n|t:|1700023270\n|switch|p2a: Venusaur|Venusaur, M|100\/100\n|switch|p1a: Corviknight|Corviknight, F|71\/100\n|-ability|p1a: Corviknight|Pressure\n|\n|-weather|Sandstorm|[upkeep]\n|-damage|p2a: Venusaur|94\/100|[from] Sandstorm\n|upkeep\n|turn|7\n|\n|t:|1700023278\n|move|p2a: Venusaur|Protect|p2a: Venusaur\n|-singleturn|p2a: Venusaur|Protect\n|move|p1a: Corviknight|Roost|p1a: Corviknight\n|-heal|p1a: Corviknight|100\/100\n|-singleturn|p1a: Corviknight|move: Roost\n|\n|-weather|Sandstorm|[upkeep]\n|-damage|p2a: Venusaur|88\/100|[from] Sandstorm\n|upkeep\n|turn|8\n|\n|t:|1700023284\n|detailschange|p2a: Venusaur|Venusaur-Mega, M\n|-mega|p2a: Venusaur|Venusaur|Venusaurite\n|move|p2a: Venusaur|Leech Seed|p1a: Corviknight\n|-start|p1a: Corviknight|move: Leech Seed\n|move|p1a: Corviknight|U-turn|p2a: Venusaur\n|-damage|p2a: Venusaur|80\/100\n|\n|t:|1700023290\n|switch|p1a: Zapdos|Zapdos-Galar|100\/100|[from] U-turn\n|\n|-weather|none\n|upkeep\n|turn|9\n|\n|t:|1700023294\n|move|p1a: Zapdos|Substitute|p1a: Zapdos\n|-start|p1a: Zapdos|Substitute\n|-damage|p1a: Zapdos|76\/100\n|move|p2a: Venusaur|Sleep Powder||[still]\n|-fail|p2a: Venusaur\n|\n|-fieldend|move: Psychic Terrain\n|upkeep\n|turn|10\n|\n|t:|1700023297\n|move|p1a: Zapdos|Bulk Up|p1a: Zapdos\n|-boost|p1a: Zapdos|atk|1\n|-boost|p1a: Zapdos|def|1\n|move|p2a: Venusaur|Sludge Bomb|p1a: Zapdos\n|-end|p1a: Zapdos|Substitute\n|\n|upkeep\n|turn|11\n|\n|t:|1700023301\n|move|p1a: Zapdos|Brave Bird|p2a: Venusaur\n|-supereffective|p2a: Venusaur\n|-damage|p2a: Venusaur|0 fnt\n|faint|p2a: Venusaur\n|-damage|p1a: Zapdos|46\/100|[from] Recoil\n|\n|upkeep\n|\n|t:|1700023305\n|switch|p2a: Tapu Lele|Tapu Lele|5\/100\n|-fieldstart|move: Psychic Terrain|[from] ability: Psychic Surge|[of] p2a: Tapu Lele\n|turn|12\n|\n|t:|1700023316\n|move|p1a: Zapdos|Brave Bird|p2a: Tapu Lele\n|-damage|p2a: Tapu Lele|0 fnt\n|faint|p2a: Tapu Lele\n|-damage|p1a: Zapdos|44\/100|[from] Recoil\n|\n|upkeep\n|\n|t:|1700023319\n|switch|p2a: Sneasler|Sneasler, M, shiny|100\/100\n|-enditem|p2a: Sneasler|Psychic Seed\n|-boost|p2a: Sneasler|spd|1|[from] item: Psychic Seed\n|turn|13\n|\n|t:|1700023332\n|move|p2a: Sneasler|Acrobatics|p1a: Zapdos\n|-supereffective|p1a: Zapdos\n|-damage|p1a: Zapdos|0 fnt\n|faint|p1a: Zapdos\n|\n|upkeep\n|\n|t:|1700023334\n|switch|p1a: Garchomp|Garchomp, F|100\/100\n|turn|14\n|\n|t:|1700023339\n|-terastallize|p2a: Sneasler|Flying\n|move|p2a: Sneasler|Swords Dance|p2a: Sneasler\n|-boost|p2a: Sneasler|atk|2\n|move|p1a: Garchomp|Dragon Tail|p2a: Sneasler|[miss]\n|-miss|p1a: Garchomp|p2a: Sneasler\n|\n|upkeep\n|turn|15\n|\n|t:|1700023347\n|move|p2a: Sneasler|Close Combat|p1a: Garchomp\n|-damage|p1a: Garchomp|2\/100\n|-unboost|p2a: Sneasler|def|1\n|-unboost|p2a: Sneasler|spd|1\n|-damage|p2a: Sneasler|88\/100|[from] ability: Rough Skin|[of] p1a: Garchomp\n|-damage|p2a: Sneasler|72\/100|[from] item: Rocky Helmet|[of] p1a: Garchomp\n|move|p1a: Garchomp|Dragon Tail|p2a: Sneasler\n|-damage|p2a: Sneasler|6\/100\n|drag|p2a: Ninetales|Ninetales-Alola, F, shiny|82\/100\n|-weather|Snow|[from] ability: Snow Warning|[of] p2a: Ninetales\n|\n|-weather|Snow|[upkeep]\n|upkeep\n|turn|16\n|\n|t:|1700023359\n|switch|p1a: Tyranitar|Tyranitar, M|100\/100\n|-weather|Sandstorm|[from] ability: Sand Stream|[of] p1a: Tyranitar\n|move|p2a: Ninetales|Aurora Veil||[still]\n|-fail|p2a: Ninetales\n|\n|-weather|Sandstorm|[upkeep]\n|-damage|p2a: Ninetales|76\/100|[from] Sandstorm\n|-fieldend|move: Psychic Terrain\n|upkeep\n|turn|17\n|\n|t:|1700023371\n|switch|p2a: Ursaluna|Ursaluna, M|78\/100 brn\n|move|p1a: Tyranitar|Knock Off|p2a: Ursaluna\n|-damage|p2a: Ursaluna|36\/100 brn\n|-enditem|p2a: Ursaluna|Flame Orb|[from] move: Knock Off|[of] p1a: Tyranitar\n|\n|-weather|Sandstorm|[upkeep]\n|-damage|p2a: Ursaluna|30\/100 brn|[from] brn\n|upkeep\n|turn|18\n|\n|t:|1700023379\n|move|p1a: Tyranitar|Ice Punch|p2a: Ursaluna\n|-supereffective|p2a: Ursaluna\n|-damage|p2a: Ursaluna|0 fnt\n|faint|p2a: Ursaluna\n|\n|-weather|Sandstorm|[upkeep]\n|upkeep\n|\n|t:|1700023386\n|switch|p2a: Ninetales|Ninetales-Alola, F, shiny|76\/100\n|-weather|Snow|[from] ability: Snow Warning|[of] p2a: Ninetales\n|turn|19\n|\n|t:|1700023389\n|detailschange|p1a: Tyranitar|Tyranitar-Mega, M\n|-mega|p1a: Tyranitar|Tyranitar|Tyranitarite\n|-weather|Sandstorm|[from] ability: Sand Stream|[of] p1a: Tyranitar\n|move|p2a: Ninetales|Aurora Veil||[still]\n|-fail|p2a: Ninetales\n|move|p1a: Tyranitar|Dragon Dance|p1a: Tyranitar\n|-boost|p1a: Tyranitar|atk|1\n|-boost|p1a: Tyranitar|spe|1\n|\n|-weather|Sandstorm|[upkeep]\n|-damage|p2a: Ninetales|70\/100|[from] Sandstorm\n|upkeep\n|turn|20\n|-message|Dk Zay forfeited.\n|\n|win|enenooxx3\n|raw|enenooxx3's rating: 1399 &rarr; <strong>1422<\/strong><br \/>(+23 for winning)\n|raw|Dk Zay's rating: 1454 &rarr; <strong>1431<\/strong><br \/>(-23 for losing)\n|l|\u203dDk Zay\n","uploadtime":1700023412,"views":5,"p1id":"enenooxx3","p2id":"dkzay","formatid":"gen9nationaldex","rating":1422,"private":0,"password":""}