{"id":"gen9nationaldex-1996262289","p1":"SinfulMystery","p2":"UncannyHavok","format":"[Gen 9] National Dex","log":"|html|<div class=\"broadcast-blue\"><strong>[Gen 9] National Dex is currently suspecting Sneasler! For information on how to participate check out the <a href=\"https:\/\/www.smogon.com\/forums\/threads\/sv-national-dex-suspect-8-just-dance.3731534\/\">suspect thread<\/a>.<\/strong><\/div>\n|j|\u2606SinfulMystery\n|j|\u2606UncannyHavok\n|t:|1700665199\n|gametype|singles\n|player|p1|SinfulMystery|101|1217\n|player|p2|UncannyHavok|265|1261\n|teamsize|p1|6\n|teamsize|p2|6\n|gen|9\n|tier|[Gen 9] National Dex\n|rated|\n|rule|HP Percentage Mod: HP is shown in percentages\n|rule|Endless Battle Clause: Forcing endless battles is banned\n|rule|OHKO Clause: OHKO moves are banned\n|rule|Evasion Clause: Evasion abilities, items, and moves are banned\n|rule|Evasion Abilities Clause: Evasion abilities are banned\n|rule|Evasion Items Clause: Evasion items are banned\n|rule|Evasion Moves Clause: Evasion moves are banned\n|rule|Species Clause: Limit one of each Pok\u00e9mon\n|rule|Sleep Clause Mod: Limit one foe put to sleep\n|clearpoke\n|poke|p1|Arcanine, M|\n|poke|p1|Rhydon, F|\n|poke|p1|Lickilicky, M|\n|poke|p1|Trevenant, M|\n|poke|p1|Clefable, M|\n|poke|p1|Aggron, M|\n|poke|p2|Heliolisk, M|\n|poke|p2|Espeon, M|\n|poke|p2|Swampert, M|\n|poke|p2|Togekiss, M|\n|poke|p2|Typhlosion-Hisui, F|\n|poke|p2|Bewear, F|\n|teampreview\n|inactive|Battle timer is ON: inactive players will automatically lose when time's up. (requested by SinfulMystery)\n|\n|t:|1700665207\n|start\n|switch|p1a: Aggron|Aggron, M|100\/100\n|switch|p2a: Heliolisk|Heliolisk, M|100\/100\n|turn|1\n|\n|t:|1700665222\n|move|p2a: Heliolisk|Volt Switch|p1a: Aggron\n|-damage|p1a: Aggron|44\/100\n|\n|t:|1700665225\n|switch|p2a: Espeon|Espeon, M|100\/100|[from] Volt Switch\n|move|p1a: Aggron|Autotomize|p1a: Aggron\n|-boost|p1a: Aggron|spe|2\n|-start|p1a: Aggron|Autotomize\n|\n|upkeep\n|turn|2\n|\n|t:|1700665239\n|detailschange|p1a: Aggron|Aggron-Mega, M\n|-mega|p1a: Aggron|Aggron|Aggronite\n|move|p2a: Espeon|Psychic|p1a: Aggron\n|-resisted|p1a: Aggron\n|-damage|p1a: Aggron|10\/100\n|move|p1a: Aggron|Iron Head|p2a: Espeon\n|-damage|p2a: Espeon|23\/100\n|\n|upkeep\n|turn|3\n|\n|t:|1700665247\n|move|p2a: Espeon|Psychic|p1a: Aggron\n|-resisted|p1a: Aggron\n|-damage|p1a: Aggron|0 fnt\n|faint|p1a: Aggron\n|\n|upkeep\n|\n|t:|1700665257\n|switch|p1a: Arcanine|Arcanine, M|100\/100\n|-ability|p1a: Arcanine|Intimidate|boost\n|-unboost|p2a: Espeon|atk|1\n|turn|4\n|\n|t:|1700665263\n|switch|p2a: Typhlosion|Typhlosion-Hisui, F|100\/100\n|-item|p1a: Arcanine|Choice Band|[from] ability: Frisk|[of] p2a: Typhlosion|[identify]\n|move|p1a: Arcanine|Extreme Speed|p2a: Typhlosion\n|-immune|p2a: Typhlosion\n|\n|upkeep\n|turn|5\n|\n|t:|1700665274\n|switch|p1a: Lickilicky|Lickilicky, M|100\/100\n|-ability|p1a: Lickilicky|Cloud Nine\n|move|p2a: Typhlosion|Shadow Ball|p1a: Lickilicky\n|-immune|p1a: Lickilicky\n|\n|upkeep\n|turn|6\n|\n|t:|1700665284\n|move|p2a: Typhlosion|Will-O-Wisp|p1a: Lickilicky\n|-status|p1a: Lickilicky|brn\n|move|p1a: Lickilicky|Knock Off|p2a: Typhlosion\n|-supereffective|p2a: Typhlosion\n|-damage|p2a: Typhlosion|63\/100\n|-enditem|p2a: Typhlosion|Heavy-Duty Boots|[from] move: Knock Off|[of] p1a: Lickilicky\n|\n|-damage|p1a: Lickilicky|94\/100 brn|[from] brn\n|upkeep\n|turn|7\n|\n|t:|1700665297\n|switch|p2a: Bewear|Bewear, F|100\/100\n|move|p1a: Lickilicky|Earthquake|p2a: Bewear\n|-damage|p2a: Bewear|86\/100\n|\n|-damage|p1a: Lickilicky|88\/100 brn|[from] brn\n|upkeep\n|turn|8\n|\n|t:|1700665306\n|move|p2a: Bewear|Swords Dance|p2a: Bewear\n|-boost|p2a: Bewear|atk|2\n|move|p1a: Lickilicky|Knock Off|p2a: Bewear\n|-resisted|p2a: Bewear\n|-damage|p2a: Bewear|83\/100\n|\n|-damage|p1a: Lickilicky|82\/100 brn|[from] brn\n|upkeep\n|turn|9\n|\n|t:|1700665322\n|move|p2a: Bewear|Darkest Lariat|p1a: Lickilicky\n|-damage|p1a: Lickilicky|27\/100 brn\n|move|p1a: Lickilicky|Explosion|p2a: Bewear\n|-damage|p2a: Bewear|24\/100\n|faint|p1a: Lickilicky\n|\n|upkeep\n|\n|t:|1700665330\n|switch|p1a: Arcanine|Arcanine, M|100\/100\n|-ability|p1a: Arcanine|Intimidate|boost\n|-unboost|p2a: Bewear|atk|1\n|turn|10\n|\n|t:|1700665337\n|move|p1a: Arcanine|Flare Blitz|p2a: Bewear\n|-damage|p2a: Bewear|0 fnt\n|faint|p2a: Bewear\n|-damage|p1a: Arcanine|91\/100|[from] Recoil\n|\n|upkeep\n|\n|t:|1700665344\n|switch|p2a: Swampert|Swampert, M|100\/100\n|turn|11\n|\n|t:|1700665349\n|switch|p1a: Clefable|Clefable, M|100\/100\n|move|p2a: Swampert|Yawn|p1a: Clefable\n|-start|p1a: Clefable|move: Yawn|[of] p2a: Swampert\n|\n|-status|p1a: Clefable|tox|[from] item: Toxic Orb\n|upkeep\n|turn|12\n|\n|t:|1700665364\n|switch|p1a: Rhydon|Rhydon, F|100\/100\n|move|p2a: Swampert|Stealth Rock|p1a: Rhydon\n|-sidestart|p1: SinfulMystery|move: Stealth Rock\n|\n|upkeep\n|turn|13\n|\n|t:|1700665370\n|move|p2a: Swampert|Flip Turn|p1a: Rhydon\n|-supereffective|p1a: Rhydon\n|-damage|p1a: Rhydon|57\/100\n|\n|t:|1700665376\n|switch|p2a: Togekiss|Togekiss, M|100\/100|[from] Flip Turn\n|move|p1a: Rhydon|Counter|p2a: Togekiss\n|-damage|p2a: Togekiss|4\/100\n|\n|upkeep\n|turn|14\n|\n|t:|1700665386\n|move|p2a: Togekiss|Air Slash|p1a: Rhydon|[miss]\n|-miss|p2a: Togekiss|p1a: Rhydon\n|move|p1a: Rhydon|Stone Edge|p2a: Togekiss|[miss]\n|-miss|p1a: Rhydon|p2a: Togekiss\n|\n|upkeep\n|turn|15\n|\n|t:|1700665392\n|move|p2a: Togekiss|Air Slash|p1a: Rhydon\n|-resisted|p1a: Rhydon\n|-damage|p1a: Rhydon|41\/100\n|cant|p1a: Rhydon|flinch\n|\n|upkeep\n|turn|16\n|\n|t:|1700665399\n|move|p2a: Togekiss|Air Slash|p1a: Rhydon\n|-resisted|p1a: Rhydon\n|-damage|p1a: Rhydon|25\/100\n|cant|p1a: Rhydon|flinch\n|\n|upkeep\n|turn|17\n|\n|t:|1700665404\n|move|p2a: Togekiss|Air Slash|p1a: Rhydon\n|-resisted|p1a: Rhydon\n|-damage|p1a: Rhydon|11\/100\n|cant|p1a: Rhydon|flinch\n|\n|upkeep\n|turn|18\n|\n|t:|1700665410\n|move|p2a: Togekiss|Air Slash|p1a: Rhydon\n|-resisted|p1a: Rhydon\n|-damage|p1a: Rhydon|0 fnt\n|faint|p1a: Rhydon\n|\n|upkeep\n|\n|t:|1700665417\n|switch|p1a: Arcanine|Arcanine, M|91\/100\n|-damage|p1a: Arcanine|66\/100|[from] Stealth Rock\n|-ability|p1a: Arcanine|Intimidate|boost\n|-unboost|p2a: Togekiss|atk|1\n|turn|19\n|\n|t:|1700665424\n|move|p1a: Arcanine|Extreme Speed|p2a: Togekiss\n|-damage|p2a: Togekiss|0 fnt\n|faint|p2a: Togekiss\n|\n|upkeep\n|l|\u2606SinfulMystery\n|inactive|SinfulMystery disconnected and has a minute to reconnect!\n|player|p1|\n|j|\u2606SinfulMystery\n|inactive|SinfulMystery reconnected.\n|player|p1|SinfulMystery|101\n|\n|t:|1700665429\n|switch|p2a: Swampert|Swampert, M|100\/100\n|turn|20\n|\n|t:|1700665440\n|switch|p1a: Trevenant|Trevenant, M|100\/100\n|-damage|p1a: Trevenant|88\/100|[from] Stealth Rock\n|move|p2a: Swampert|Flip Turn|p1a: Trevenant\n|-resisted|p1a: Trevenant\n|-damage|p1a: Trevenant|73\/100\n|\n|t:|1700665447\n|switch|p2a: Espeon|Espeon, M|23\/100|[from] Flip Turn\n|\n|upkeep\n|turn|21\n|\n|t:|1700665454\n|move|p2a: Espeon|Shadow Ball|p1a: Trevenant\n|-supereffective|p1a: Trevenant\n|-damage|p1a: Trevenant|7\/100\n|-unboost|p1a: Trevenant|spd|1\n|-zpower|p1a: Trevenant\n|move|p1a: Trevenant|Z-Forest's Curse|p2a: Espeon|[anim]Forest's Curse\n|-boost|p1a: Trevenant|atk|1|[zeffect]\n|-boost|p1a: Trevenant|def|1|[zeffect]\n|-boost|p1a: Trevenant|spa|1|[zeffect]\n|-boost|p1a: Trevenant|spd|1|[zeffect]\n|-boost|p1a: Trevenant|spe|1|[zeffect]\n|move|p2a: Espeon|Forest's Curse||[from]ability: Magic Bounce|[still]\n|-fail|p2a: Espeon\n|\n|upkeep\n|turn|22\n|\n|t:|1700665468\n|move|p2a: Espeon|Shadow Ball|p1a: Trevenant\n|-supereffective|p1a: Trevenant\n|-damage|p1a: Trevenant|0 fnt\n|faint|p1a: Trevenant\n|\n|upkeep\n|\n|t:|1700665478\n|switch|p1a: Arcanine|Arcanine, M|66\/100\n|-damage|p1a: Arcanine|41\/100|[from] Stealth Rock\n|-ability|p1a: Arcanine|Intimidate|boost\n|-unboost|p2a: Espeon|atk|1\n|turn|23\n|\n|t:|1700665483\n|switch|p2a: Typhlosion|Typhlosion-Hisui, F|63\/100\n|-item|p1a: Arcanine|Choice Band|[from] ability: Frisk|[of] p2a: Typhlosion|[identify]\n|move|p1a: Arcanine|Flare Blitz|p2a: Typhlosion\n|-resisted|p2a: Typhlosion\n|-damage|p2a: Typhlosion|0 fnt\n|faint|p2a: Typhlosion\n|-damage|p1a: Arcanine|23\/100|[from] Recoil\n|\n|upkeep\n|\n|t:|1700665494\n|switch|p2a: Swampert|Swampert, M|100\/100\n|turn|24\n|\n|t:|1700665502\n|move|p1a: Arcanine|Flare Blitz|p2a: Swampert\n|-resisted|p2a: Swampert\n|-damage|p2a: Swampert|62\/100\n|-damage|p1a: Arcanine|7\/100|[from] Recoil\n|move|p2a: Swampert|Earthquake|p1a: Arcanine\n|-supereffective|p1a: Arcanine\n|-damage|p1a: Arcanine|0 fnt\n|faint|p1a: Arcanine\n|\n|-heal|p2a: Swampert|69\/100|[from] item: Leftovers\n|upkeep\n|\n|t:|1700665504\n|switch|p1a: Clefable|Clefable, M|100\/100 tox\n|turn|25\n|\n|t:|1700665515\n|move|p2a: Swampert|Earthquake|p1a: Clefable\n|-damage|p1a: Clefable|67\/100 tox\n|move|p1a: Clefable|Cosmic Power|p1a: Clefable\n|-boost|p1a: Clefable|def|1\n|-boost|p1a: Clefable|spd|1\n|\n|-heal|p2a: Swampert|75\/100|[from] item: Leftovers\n|upkeep\n|turn|26\n|\n|t:|1700665524\n|move|p2a: Swampert|Flip Turn|p1a: Clefable\n|-damage|p1a: Clefable|53\/100 tox\n|\n|t:|1700665529\n|switch|p2a: Heliolisk|Heliolisk, M|100\/100|[from] Flip Turn\n|move|p1a: Clefable|Cosmic Power|p1a: Clefable\n|-boost|p1a: Clefable|def|1\n|-boost|p1a: Clefable|spd|1\n|\n|upkeep\n|turn|27\n|\n|t:|1700665537\n|move|p2a: Heliolisk|Hyper Voice|p1a: Clefable\n|-damage|p1a: Clefable|34\/100 tox\n|move|p1a: Clefable|Soft-Boiled|p1a: Clefable\n|-heal|p1a: Clefable|84\/100 tox\n|\n|upkeep\n|turn|28\n|\n|t:|1700665547\n|move|p2a: Heliolisk|Thunderbolt|p1a: Clefable\n|-damage|p1a: Clefable|65\/100 tox\n|move|p1a: Clefable|Cosmic Power|p1a: Clefable\n|-boost|p1a: Clefable|def|1\n|-boost|p1a: Clefable|spd|1\n|\n|upkeep\n|turn|29\n|\n|t:|1700665555\n|move|p2a: Heliolisk|Hyper Voice|p1a: Clefable\n|-damage|p1a: Clefable|48\/100 tox\n|move|p1a: Clefable|Cosmic Power|p1a: Clefable\n|-boost|p1a: Clefable|def|1\n|-boost|p1a: Clefable|spd|1\n|\n|upkeep\n|turn|30\n|\n|t:|1700665562\n|switch|p2a: Espeon|Espeon, M|23\/100\n|move|p1a: Clefable|Soft-Boiled|p1a: Clefable\n|-heal|p1a: Clefable|98\/100 tox\n|\n|upkeep\n|turn|31\n|\n|t:|1700665568\n|move|p2a: Espeon|Trick|p1a: Clefable\n|-activate|p2a: Espeon|move: Trick|[of] p1a: Clefable\n|-item|p1a: Clefable|Choice Scarf|[from] move: Trick\n|-item|p2a: Espeon|Toxic Orb|[from] move: Trick\n|move|p1a: Clefable|Facade|p2a: Espeon\n|-damage|p2a: Espeon|0 fnt\n|faint|p2a: Espeon\n|\n|upkeep\n|\n|t:|1700665583\n|switch|p2a: Swampert|Swampert, M|75\/100\n|turn|32\n|\n|t:|1700665592\n|move|p1a: Clefable|Facade|p2a: Swampert\n|-damage|p2a: Swampert|48\/100\n|move|p2a: Swampert|Earthquake|p1a: Clefable\n|-damage|p1a: Clefable|87\/100 tox\n|\n|-heal|p2a: Swampert|54\/100|[from] item: Leftovers\n|upkeep\n|turn|33\n|\n|t:|1700665600\n|move|p1a: Clefable|Facade|p2a: Swampert\n|-damage|p2a: Swampert|28\/100\n|move|p2a: Swampert|Earthquake|p1a: Clefable\n|-damage|p1a: Clefable|74\/100 tox\n|\n|-heal|p2a: Swampert|34\/100|[from] item: Leftovers\n|upkeep\n|turn|34\n|\n|t:|1700665609\n|move|p1a: Clefable|Facade|p2a: Swampert\n|-damage|p2a: Swampert|9\/100\n|move|p2a: Swampert|Earthquake|p1a: Clefable\n|-damage|p1a: Clefable|63\/100 tox\n|\n|-heal|p2a: Swampert|15\/100|[from] item: Leftovers\n|upkeep\n|turn|35\n|\n|t:|1700665617\n|move|p1a: Clefable|Facade|p2a: Swampert\n|-damage|p2a: Swampert|0 fnt\n|faint|p2a: Swampert\n|\n|upkeep\n|\n|t:|1700665622\n|switch|p2a: Heliolisk|Heliolisk, M|100\/100\n|turn|36\n|\n|t:|1700665629\n|-terastallize|p2a: Heliolisk|Ghost\n|move|p2a: Heliolisk|Hyper Voice|p1a: Clefable\n|-damage|p1a: Clefable|51\/100 tox\n|move|p1a: Clefable|Facade|p2a: Heliolisk\n|-immune|p2a: Heliolisk\n|\n|upkeep\n|turn|37\n|-message|SinfulMystery forfeited.\n|\n|win|UncannyHavok\n|raw|SinfulMystery's rating: 1217 &rarr; <strong>1195<\/strong><br \/>(-22 for losing)\n|raw|UncannyHavok's rating: 1261 &rarr; <strong>1283<\/strong><br \/>(+22 for winning)\n|c|\u2606UncannyHavok|Gg\n|l|\u2606SinfulMystery\n","uploadtime":1700665653,"views":3,"p1id":"sinfulmystery","p2id":"uncannyhavok","formatid":"gen9nationaldex","rating":1195,"private":0,"password":""}