{"id":"gen9nationaldex-1991103392","p1":"GAGA233","p2":"HEWEI","format":"[Gen 9] National Dex","log":"|j|\u2606GAGA233\n|j|\u2606HEWEI\n|t:|1700043388\n|gametype|singles\n|player|p1|GAGA233|red|1701\n|player|p2|HEWEI|lucas|1558\n|teamsize|p1|6\n|teamsize|p2|6\n|gen|9\n|tier|[Gen 9] National Dex\n|rated|\n|rule|HP Percentage Mod: HP is shown in percentages\n|rule|Endless Battle Clause: Forcing endless battles is banned\n|rule|OHKO Clause: OHKO moves are banned\n|rule|Evasion Clause: Evasion abilities, items, and moves are banned\n|rule|Evasion Abilities Clause: Evasion abilities are banned\n|rule|Evasion Items Clause: Evasion items are banned\n|rule|Evasion Moves Clause: Evasion moves are banned\n|rule|Species Clause: Limit one of each Pok\u00e9mon\n|rule|Sleep Clause Mod: Limit one foe put to sleep\n|clearpoke\n|poke|p1|Ogerpon, F|\n|poke|p1|Corviknight, M|\n|poke|p1|Clodsire, M|\n|poke|p1|Tyranitar, M|\n|poke|p1|Alomomola, M|\n|poke|p1|Banette, F|\n|poke|p2|Medicham, M|\n|poke|p2|Rillaboom, M|\n|poke|p2|Ting-Lu|\n|poke|p2|Sneasler, F|\n|poke|p2|Zapdos|\n|poke|p2|Swellow, M|\n|teampreview\n|inactive|Battle timer is ON: inactive players will automatically lose when time's up. (requested by GAGA233)\n|\n|t:|1700043414\n|start\n|switch|p1a: Ogerpon|Ogerpon, F|100\/100\n|switch|p2a: Medicham|Medicham, M|100\/100\n|turn|1\n|\n|t:|1700043430\n|switch|p1a: Corviknight|Corviknight, M|100\/100\n|-ability|p1a: Corviknight|Pressure\n|detailschange|p2a: Medicham|Medicham-Mega, M\n|-mega|p2a: Medicham|Medicham|Medichamite\n|move|p2a: Medicham|Zen Headbutt|p1a: Corviknight\n|-resisted|p1a: Corviknight\n|-damage|p1a: Corviknight|76\/100\n|\n|upkeep\n|turn|2\n|\n|t:|1700043439\n|move|p2a: Medicham|High Jump Kick|p1a: Corviknight|[miss]\n|-miss|p2a: Medicham|p1a: Corviknight\n|-damage|p2a: Medicham|50\/100|[from] highjumpkick\n|move|p1a: Corviknight|Roost|p1a: Corviknight\n|-heal|p1a: Corviknight|100\/100\n|-singleturn|p1a: Corviknight|move: Roost\n|\n|upkeep\n|turn|3\n|\n|t:|1700043448\n|move|p2a: Medicham|High Jump Kick|p1a: Corviknight\n|-damage|p1a: Corviknight|25\/100\n|move|p1a: Corviknight|Iron Defense|p1a: Corviknight\n|-boost|p1a: Corviknight|def|2\n|\n|upkeep\n|turn|4\n|\n|t:|1700043467\n|switch|p1a: Banette|Banette, F|100\/100\n|move|p2a: Medicham|High Jump Kick|p1a: Banette\n|-immune|p1a: Banette\n|-damage|p2a: Medicham|0 fnt|[from] highjumpkick\n|faint|p2a: Medicham\n|\n|upkeep\n|\n|t:|1700043473\n|switch|p2a: Swellow|Swellow, M|100\/100\n|turn|5\n|\n|t:|1700043481\n|switch|p1a: Tyranitar|Tyranitar, M|100\/100\n|-weather|Sandstorm|[from] ability: Sand Stream|[of] p1a: Tyranitar\n|-terastallize|p2a: Swellow|Normal\n|move|p2a: Swellow|Boomburst|p1a: Tyranitar\n|-resisted|p1a: Tyranitar\n|-damage|p1a: Tyranitar|78\/100\n|\n|-weather|Sandstorm|[upkeep]\n|-damage|p2a: Swellow|94\/100|[from] Sandstorm\n|upkeep\n|turn|6\n|\n|t:|1700043496\n|-activate|p2a: Swellow|move: Pursuit\n|move|p1a: Tyranitar|Pursuit|p2a: Swellow|[from]Pursuit\n|-damage|p2a: Swellow|28\/100\n|switch|p2a: Rillaboom|Rillaboom, M|100\/100\n|-fieldstart|move: Grassy Terrain|[from] ability: Grassy Surge|[of] p2a: Rillaboom\n|\n|-weather|Sandstorm|[upkeep]\n|-damage|p2a: Rillaboom|94\/100|[from] Sandstorm\n|-heal|p1a: Tyranitar|84\/100|[from] Grassy Terrain\n|-heal|p2a: Rillaboom|100\/100|[from] Grassy Terrain\n|upkeep\n|turn|7\n|\n|t:|1700043515\n|switch|p1a: Corviknight|Corviknight, M|25\/100\n|-ability|p1a: Corviknight|Pressure\n|move|p2a: Rillaboom|U-turn|p1a: Corviknight\n|-resisted|p1a: Corviknight\n|-damage|p1a: Corviknight|20\/100\n|\n|t:|1700043526\n|switch|p2a: Zapdos|Zapdos|100\/100|[from] U-turn\n|\n|-weather|Sandstorm|[upkeep]\n|-damage|p2a: Zapdos|94\/100|[from] Sandstorm\n|upkeep\n|turn|8\n|\n|t:|1700043536\n|switch|p2a: Swellow|Swellow, M, tera:Normal|28\/100\n|switch|p1a: Clodsire|Clodsire, M|100\/100\n|\n|-weather|Sandstorm|[upkeep]\n|-damage|p2a: Swellow|21\/100|[from] Sandstorm\n|-heal|p2a: Swellow|28\/100|[from] Grassy Terrain\n|upkeep\n|turn|9\n|\n|t:|1700043547\n|switch|p1a: Tyranitar|Tyranitar, M|84\/100\n|move|p2a: Swellow|Endeavor|p1a: Tyranitar\n|-damage|p1a: Tyranitar|21\/100\n|\n|-weather|none\n|-heal|p2a: Swellow|34\/100|[from] Grassy Terrain\n|-heal|p1a: Tyranitar|27\/100|[from] Grassy Terrain\n|upkeep\n|turn|10\n|\n|t:|1700043564\n|-activate|p2a: Swellow|move: Pursuit\n|move|p1a: Tyranitar|Pursuit|p2a: Swellow|[from]Pursuit\n|-damage|p2a: Swellow|0 fnt\n|faint|p2a: Swellow\n|-hint|A Pokemon can't switch between when it runs out of HP and when it faints\n|\n|-heal|p1a: Tyranitar|34\/100|[from] Grassy Terrain\n|-fieldend|move: Grassy Terrain\n|upkeep\n|\n|t:|1700043569\n|switch|p2a: Rillaboom|Rillaboom, M|100\/100\n|-fieldstart|move: Grassy Terrain|[from] ability: Grassy Surge|[of] p2a: Rillaboom\n|turn|11\n|\n|t:|1700043582\n|switch|p1a: Corviknight|Corviknight, M|20\/100\n|-ability|p1a: Corviknight|Pressure\n|move|p2a: Rillaboom|Grassy Glide|p1a: Corviknight\n|-resisted|p1a: Corviknight\n|-damage|p1a: Corviknight|11\/100\n|\n|upkeep\n|turn|12\n|\n|t:|1700043591\n|move|p2a: Rillaboom|Grassy Glide|p1a: Corviknight\n|-resisted|p1a: Corviknight\n|-damage|p1a: Corviknight|2\/100\n|move|p1a: Corviknight|Roost|p1a: Corviknight\n|-heal|p1a: Corviknight|52\/100\n|-singleturn|p1a: Corviknight|move: Roost\n|\n|-heal|p1a: Corviknight|58\/100|[from] Grassy Terrain\n|upkeep\n|turn|13\n|-message|HEWEI forfeited.\n|\n|win|GAGA233\n|raw|GAGA233's rating: 1701 &rarr; <strong>1713<\/strong><br \/>(+12 for winning)\n|raw|HEWEI's rating: 1558 &rarr; <strong>1546<\/strong><br \/>(-12 for losing)\n|l|\u2606HEWEI\n","uploadtime":1700043604,"views":18,"p1id":"gaga233","p2id":"hewei","formatid":"gen9nationaldex","rating":1546,"private":0,"password":""}