{"id":"gen9nationaldex-1989646663","p1":"dreggy draco","p2":"Showdown-Shelgon","format":"[Gen 9] National Dex","log":"|j|\u203ddreggy draco\n|j|\u2606Showdown-Shelgon\n|t:|1699882811\n|gametype|singles\n|player|p1|dreggy draco|2|1000\n|player|p2|Showdown-Shelgon|acetrainer-gen4dp|1010\n|teamsize|p1|6\n|teamsize|p2|6\n|gen|9\n|tier|[Gen 9] National Dex\n|rated|\n|rule|HP Percentage Mod: HP is shown in percentages\n|rule|Endless Battle Clause: Forcing endless battles is banned\n|rule|OHKO Clause: OHKO moves are banned\n|rule|Evasion Clause: Evasion abilities, items, and moves are banned\n|rule|Evasion Abilities Clause: Evasion abilities are banned\n|rule|Evasion Items Clause: Evasion items are banned\n|rule|Evasion Moves Clause: Evasion moves are banned\n|rule|Species Clause: Limit one of each Pok\u00e9mon\n|rule|Sleep Clause Mod: Limit one foe put to sleep\n|clearpoke\n|poke|p1|Charizard, F|\n|poke|p1|Moltres-Galar|\n|poke|p1|Zoroark, M|\n|poke|p1|Aegislash, M|\n|poke|p1|Meowstic-F, F|\n|poke|p1|Lycanroc-Dusk, M|\n|poke|p2|Scizor, M|\n|poke|p2|Toxapex, M|\n|poke|p2|Great Tusk|\n|poke|p2|Gliscor, M|\n|poke|p2|Garganacl, F|\n|poke|p2|Diancie|\n|teampreview\n|\n|t:|1699882836\n|start\n|switch|p1a: Moltres|Moltres-Galar, shiny|100\/100\n|switch|p2a: Tusken R\u00e4uber|Great Tusk|100\/100\n|turn|1\n|inactive|Battle timer is ON: inactive players will automatically lose when time's up. (requested by Showdown-Shelgon)\n|c|\u2606Showdown-Shelgon|Hey \ud83d\ude01 a good friend of mine has a small YT channel where there are Pok\u00e9mon videos. I would be happy if you take a look \u263a\ufe0f\n|\n|t:|1699882845\n|move|p1a: Moltres|Sucker Punch||[still]\n|-fail|p1a: Moltres\n|move|p2a: Tusken R\u00e4uber|Stealth Rock|p1a: Moltres\n|-sidestart|p1: dreggy draco|move: Stealth Rock\n|\n|upkeep\n|turn|2\n|c|\u2606Showdown-Shelgon|https:\/\/youtu.be\/g0JrcNRKkYY?si=HKCdwIw1a-GVcdzj\n|\n|t:|1699882851\n|move|p1a: Moltres|Calm Mind|p1a: Moltres\n|-boost|p1a: Moltres|spa|1\n|-boost|p1a: Moltres|spd|1\n|move|p2a: Tusken R\u00e4uber|Knock Off|p1a: Moltres\n|-resisted|p1a: Moltres\n|-damage|p1a: Moltres|69\/100\n|replace|p1a: Zoroark|Zoroark, M, shiny\n|-end|p1a: Zoroark|Illusion\n|-enditem|p1a: Zoroark|Leftovers|[from] move: Knock Off|[of] p2a: Tusken R\u00e4uber\n|\n|upkeep\n|turn|3\n|\n|t:|1699882859\n|move|p1a: Zoroark|Sucker Punch|p2a: Tusken R\u00e4uber\n|-resisted|p2a: Tusken R\u00e4uber\n|-damage|p2a: Tusken R\u00e4uber|90\/100\n|move|p2a: Tusken R\u00e4uber|Earthquake|p1a: Zoroark\n|-damage|p1a: Zoroark|0 fnt\n|faint|p1a: Zoroark\n|\n|-heal|p2a: Tusken R\u00e4uber|96\/100|[from] item: Leftovers\n|upkeep\n|\n|t:|1699882869\n|switch|p1a: Aegislash|Aegislash, M|100\/100\n|-damage|p1a: Aegislash|94\/100|[from] Stealth Rock\n|turn|4\n|\n|t:|1699882878\n|move|p2a: Tusken R\u00e4uber|Knock Off|p1a: Aegislash\n|-supereffective|p1a: Aegislash\n|-damage|p1a: Aegislash|41\/100\n|-enditem|p1a: Aegislash|Blunder Policy|[from] move: Knock Off|[of] p2a: Tusken R\u00e4uber\n|move|p1a: Aegislash|Iron Defense|p1a: Aegislash\n|-boost|p1a: Aegislash|def|2\n|\n|-heal|p2a: Tusken R\u00e4uber|100\/100|[from] item: Leftovers\n|upkeep\n|turn|5\n|\n|t:|1699882886\n|move|p1a: Aegislash|King's Shield|p1a: Aegislash\n|-singleturn|p1a: Aegislash|Protect\n|move|p2a: Tusken R\u00e4uber|Earthquake|p1a: Aegislash\n|-activate|p1a: Aegislash|move: Protect\n|\n|upkeep\n|turn|6\n|\n|t:|1699882893\n|move|p2a: Tusken R\u00e4uber|Earthquake|p1a: Aegislash\n|-supereffective|p1a: Aegislash\n|-damage|p1a: Aegislash|4\/100\n|-formechange|p1a: Aegislash|Aegislash-Blade||[from] ability: Stance Change\n|move|p1a: Aegislash|Sacred Sword|p2a: Tusken R\u00e4uber\n|-damage|p2a: Tusken R\u00e4uber|84\/100\n|\n|-heal|p2a: Tusken R\u00e4uber|90\/100|[from] item: Leftovers\n|upkeep\n|turn|7\n|\n|t:|1699882905\n|-formechange|p1a: Aegislash|Aegislash||[from] ability: Stance Change\n|move|p1a: Aegislash|King's Shield|p1a: Aegislash\n|-singleturn|p1a: Aegislash|Protect\n|move|p2a: Tusken R\u00e4uber|Earthquake|p1a: Aegislash\n|-activate|p1a: Aegislash|move: Protect\n|\n|-heal|p2a: Tusken R\u00e4uber|97\/100|[from] item: Leftovers\n|upkeep\n|turn|8\n|\n|t:|1699882920\n|move|p1a: Aegislash|King's Shield||[still]\n|-fail|p1a: Aegislash\n|move|p2a: Tusken R\u00e4uber|Knock Off|p1a: Aegislash\n|-supereffective|p1a: Aegislash\n|-damage|p1a: Aegislash|0 fnt\n|faint|p1a: Aegislash\n|\n|-heal|p2a: Tusken R\u00e4uber|100\/100|[from] item: Leftovers\n|upkeep\n|\n|t:|1699882929\n|switch|p1a: Meowstic|Meowstic-F, F|100\/100\n|-damage|p1a: Meowstic|88\/100|[from] Stealth Rock\n|turn|9\n|\n|t:|1699882944\n|move|p1a: Meowstic|Fake Out|p2a: Tusken R\u00e4uber\n|-damage|p2a: Tusken R\u00e4uber|97\/100\n|cant|p2a: Tusken R\u00e4uber|flinch\n|\n|-heal|p1a: Meowstic|94\/100|[from] item: Leftovers\n|-heal|p2a: Tusken R\u00e4uber|100\/100|[from] item: Leftovers\n|upkeep\n|turn|10\n|\n|t:|1699882952\n|move|p1a: Meowstic|Psyshock|p2a: Tusken R\u00e4uber\n|-supereffective|p2a: Tusken R\u00e4uber\n|-damage|p2a: Tusken R\u00e4uber|64\/100\n|move|p2a: Tusken R\u00e4uber|Rapid Spin|p1a: Meowstic\n|-damage|p1a: Meowstic|69\/100\n|-boost|p2a: Tusken R\u00e4uber|spe|1\n|\n|-heal|p1a: Meowstic|75\/100|[from] item: Leftovers\n|-heal|p2a: Tusken R\u00e4uber|70\/100|[from] item: Leftovers\n|upkeep\n|turn|11\n|\n|t:|1699882963\n|-terastallize|p1a: Meowstic|Psychic\n|move|p1a: Meowstic|Psyshock|p2a: Tusken R\u00e4uber\n|-supereffective|p2a: Tusken R\u00e4uber\n|-damage|p2a: Tusken R\u00e4uber|17\/100\n|move|p2a: Tusken R\u00e4uber|Rapid Spin|p1a: Meowstic\n|-damage|p1a: Meowstic|51\/100\n|-boost|p2a: Tusken R\u00e4uber|spe|1\n|\n|-heal|p2a: Tusken R\u00e4uber|23\/100|[from] item: Leftovers\n|-heal|p1a: Meowstic|57\/100|[from] item: Leftovers\n|upkeep\n|turn|12\n|\n|t:|1699882976\n|move|p2a: Tusken R\u00e4uber|Knock Off|p1a: Meowstic\n|-supereffective|p1a: Meowstic\n|-damage|p1a: Meowstic|0 fnt\n|-enditem|p1a: Meowstic|Leftovers|[from] move: Knock Off|[of] p2a: Tusken R\u00e4uber\n|faint|p1a: Meowstic\n|\n|-heal|p2a: Tusken R\u00e4uber|29\/100|[from] item: Leftovers\n|upkeep\n|\n|t:|1699882986\n|switch|p1a: Charizard|Charizard, F, shiny|100\/100\n|-damage|p1a: Charizard|51\/100|[from] Stealth Rock\n|turn|13\n|inactive|Showdown-Shelgon has 120 seconds left.\n|inactive|Showdown-Shelgon has 90 seconds left.\n|\n|t:|1699883051\n|detailschange|p1a: Charizard|Charizard-Mega-Y, F, shiny\n|-mega|p1a: Charizard|Charizard|Charizardite Y\n|-weather|SunnyDay|[from] ability: Drought|[of] p1a: Charizard\n|-activate|p2a: Tusken R\u00e4uber|ability: Protosynthesis\n|-start|p2a: Tusken R\u00e4uber|protosynthesisspe\n|move|p2a: Tusken R\u00e4uber|Knock Off|p1a: Charizard\n|-damage|p1a: Charizard|23\/100\n|move|p1a: Charizard|Substitute|p1a: Charizard\n|-fail|p1a: Charizard|move: Substitute|[weak]\n|\n|-weather|SunnyDay|[upkeep]\n|-heal|p2a: Tusken R\u00e4uber|36\/100|[from] item: Leftovers\n|upkeep\n|turn|14\n|inactive|Showdown-Shelgon has 90 seconds left.\n|\n|t:|1699883063\n|move|p2a: Tusken R\u00e4uber|Knock Off|p1a: Charizard\n|-damage|p1a: Charizard|0 fnt\n|faint|p1a: Charizard\n|\n|-weather|SunnyDay|[upkeep]\n|-heal|p2a: Tusken R\u00e4uber|42\/100|[from] item: Leftovers\n|upkeep\n|\n|t:|1699883070\n|switch|p1a: Moltres|Moltres-Galar, shiny|100\/100\n|-damage|p1a: Moltres|76\/100|[from] Stealth Rock\n|turn|15\n|inactive|dreggy draco has 120 seconds left.\n|\n|t:|1699883101\n|move|p2a: Tusken R\u00e4uber|Knock Off|p1a: Moltres\n|-resisted|p1a: Moltres\n|-damage|p1a: Moltres|59\/100\n|-enditem|p1a: Moltres|Blunder Policy|[from] move: Knock Off|[of] p2a: Tusken R\u00e4uber\n|move|p1a: Moltres|Fiery Wrath|p2a: Tusken R\u00e4uber\n|-resisted|p2a: Tusken R\u00e4uber\n|-crit|p2a: Tusken R\u00e4uber\n|-damage|p2a: Tusken R\u00e4uber|11\/100\n|\n|-weather|SunnyDay|[upkeep]\n|-heal|p2a: Tusken R\u00e4uber|18\/100|[from] item: Leftovers\n|upkeep\n|turn|16\n|inactive|Showdown-Shelgon has 90 seconds left.\n|\n|t:|1699883137\n|move|p2a: Tusken R\u00e4uber|Knock Off|p1a: Moltres\n|-resisted|p1a: Moltres\n|-damage|p1a: Moltres|48\/100\n|-ability|p1a: Moltres|Berserk|boost\n|-boost|p1a: Moltres|spa|1\n|move|p1a: Moltres|U-turn|p2a: Tusken R\u00e4uber\n|-resisted|p2a: Tusken R\u00e4uber\n|-damage|p2a: Tusken R\u00e4uber|14\/100\n|\n|t:|1699883144\n|switch|p1a: Lycanroc|Lycanroc-Dusk, M|100\/100|[from] U-turn\n|-damage|p1a: Lycanroc|88\/100|[from] Stealth Rock\n|\n|-weather|SunnyDay|[upkeep]\n|-heal|p2a: Tusken R\u00e4uber|20\/100|[from] item: Leftovers\n|upkeep\n|turn|17\n|\n|t:|1699883167\n|move|p2a: Tusken R\u00e4uber|Earthquake|p1a: Lycanroc\n|-supereffective|p1a: Lycanroc\n|-damage|p1a: Lycanroc|0 fnt\n|faint|p1a: Lycanroc\n|\n|-weather|none\n|-end|p2a: Tusken R\u00e4uber|Protosynthesis\n|-heal|p2a: Tusken R\u00e4uber|26\/100|[from] item: Leftovers\n|upkeep\n|\n|t:|1699883173\n|switch|p1a: Moltres|Moltres-Galar, shiny|48\/100\n|-damage|p1a: Moltres|23\/100|[from] Stealth Rock\n|turn|18\n|\n|t:|1699883176\n|move|p2a: Tusken R\u00e4uber|Knock Off|p1a: Moltres\n|-resisted|p1a: Moltres\n|-damage|p1a: Moltres|11\/100\n|move|p1a: Moltres|Fiery Wrath|p2a: Tusken R\u00e4uber\n|-resisted|p2a: Tusken R\u00e4uber\n|-damage|p2a: Tusken R\u00e4uber|7\/100\n|\n|-heal|p2a: Tusken R\u00e4uber|14\/100|[from] item: Leftovers\n|upkeep\n|turn|19\n|\n|t:|1699883185\n|move|p2a: Tusken R\u00e4uber|Knock Off|p1a: Moltres\n|-resisted|p1a: Moltres\n|-damage|p1a: Moltres|0 fnt\n|faint|p1a: Moltres\n|\n|win|Showdown-Shelgon\n|raw|dreggy draco's rating: 1000 &rarr; <strong>1000<\/strong><br \/>(+0 for losing)\n|raw|Showdown-Shelgon's rating: 1010 &rarr; <strong>1047<\/strong><br \/>(+37 for winning)\n|l|\u203ddreggy draco\n","uploadtime":1699883195,"views":5,"p1id":"dreggydraco","p2id":"showdownshelgon","formatid":"gen9nationaldex","rating":1000,"private":0,"password":""}