{"id":"gen9nationaldex-1994321150","p1":"Georeg1234","p2":"Binkus1304","format":"[Gen 9] National Dex","log":"|j|\u2606Georeg1234\n|j|\u2606Binkus1304\n|t:|1700430849\n|gametype|singles\n|player|p1|Georeg1234|101|\n|player|p2|Binkus1304|2|\n|teamsize|p1|6\n|teamsize|p2|6\n|gen|9\n|tier|[Gen 9] National Dex\n|rule|HP Percentage Mod: HP is shown in percentages\n|rule|Endless Battle Clause: Forcing endless battles is banned\n|rule|OHKO Clause: OHKO moves are banned\n|rule|Evasion Clause: Evasion abilities, items, and moves are banned\n|rule|Evasion Abilities Clause: Evasion abilities are banned\n|rule|Evasion Items Clause: Evasion items are banned\n|rule|Evasion Moves Clause: Evasion moves are banned\n|rule|Species Clause: Limit one of each Pok\u00e9mon\n|rule|Sleep Clause Mod: Limit one foe put to sleep\n|clearpoke\n|poke|p1|Jirachi|\n|poke|p1|Swellow, M|\n|poke|p1|Charizard, F|\n|poke|p1|Celesteela|\n|poke|p1|Glimmora, F|\n|poke|p1|Regirock|\n|poke|p2|Weavile, M|\n|poke|p2|Garchomp, M|\n|poke|p2|Iron Moth|\n|poke|p2|Gliscor, M|\n|poke|p2|Vaporeon, M|\n|poke|p2|Blissey, F|\n|teampreview\n|inactive|Battle timer is ON: inactive players will automatically lose when time's up. (requested by Binkus1304)\n|\n|t:|1700430859\n|start\n|switch|p1a: Regirock|Regirock|100\/100\n|switch|p2a: Idk this thing|Iron Moth|100\/100\n|-enditem|p2a: Idk this thing|Booster Energy\n|-activate|p2a: Idk this thing|ability: Quark Drive|[fromitem]\n|-start|p2a: Idk this thing|quarkdrivespe\n|turn|1\n|\n|t:|1700430876\n|move|p2a: Idk this thing|Substitute|p2a: Idk this thing\n|-start|p2a: Idk this thing|Substitute\n|-damage|p2a: Idk this thing|76\/100\n|move|p1a: Regirock|Explosion|p2a: Idk this thing\n|-end|p2a: Idk this thing|Substitute\n|faint|p1a: Regirock\n|\n|upkeep\n|\n|t:|1700430890\n|switch|p1a: Swellow|Swellow, M|100\/100\n|turn|2\n|\n|t:|1700430906\n|move|p2a: Idk this thing|Fiery Dance|p1a: Swellow\n|-damage|p1a: Swellow|10\/100\n|move|p1a: Swellow|Toxic|p2a: Idk this thing|[miss]\n|-miss|p1a: Swellow|p2a: Idk this thing\n|\n|-status|p1a: Swellow|brn|[from] item: Flame Orb\n|upkeep\n|turn|3\n|\n|t:|1700430923\n|move|p2a: Idk this thing|Fiery Dance|p1a: Swellow\n|-damage|p1a: Swellow|0 fnt\n|-boost|p2a: Idk this thing|spa|1\n|faint|p1a: Swellow\n|\n|upkeep\n|\n|t:|1700430941\n|switch|p1a: Charizard|Charizard, F|100\/100\n|turn|4\n|\n|t:|1700430951\n|detailschange|p1a: Charizard|Charizard-Mega-Y, F\n|-mega|p1a: Charizard|Charizard|Charizardite Y\n|-weather|SunnyDay|[from] ability: Drought|[of] p1a: Charizard\n|move|p2a: Idk this thing|Sludge Wave|p1a: Charizard\n|-damage|p1a: Charizard|33\/100\n|move|p1a: Charizard|Dragon Pulse|p2a: Idk this thing\n|-damage|p2a: Idk this thing|37\/100\n|\n|-weather|SunnyDay|[upkeep]\n|upkeep\n|turn|5\n|\n|t:|1700430960\n|move|p2a: Idk this thing|Fiery Dance|p1a: Charizard\n|-resisted|p1a: Charizard\n|-damage|p1a: Charizard|0 fnt\n|-boost|p2a: Idk this thing|spa|1\n|faint|p1a: Charizard\n|\n|-weather|SunnyDay|[upkeep]\n|upkeep\n|\n|t:|1700430965\n|switch|p1a: Glimmora|Glimmora, F|100\/100\n|turn|6\n|\n|t:|1700430977\n|move|p2a: Idk this thing|Energy Ball|p1a: Glimmora\n|-damage|p1a: Glimmora|43\/100\n|-unboost|p1a: Glimmora|spd|1\n|move|p1a: Glimmora|Toxic|p2a: Idk this thing\n|-immune|p2a: Idk this thing\n|\n|-weather|SunnyDay|[upkeep]\n|-heal|p1a: Glimmora|49\/100|[from] item: Leftovers\n|upkeep\n|turn|7\n|\n|t:|1700430989\n|move|p2a: Idk this thing|Fiery Dance|p1a: Glimmora\n|-resisted|p1a: Glimmora\n|-damage|p1a: Glimmora|0 fnt\n|faint|p1a: Glimmora\n|\n|-weather|SunnyDay|[upkeep]\n|upkeep\n|\n|t:|1700430996\n|switch|p1a: Jirachi|Jirachi|100\/100\n|turn|8\n|\n|t:|1700431004\n|move|p2a: Idk this thing|Fiery Dance|p1a: Jirachi\n|-supereffective|p1a: Jirachi\n|-damage|p1a: Jirachi|0 fnt\n|faint|p1a: Jirachi\n|\n|-weather|none\n|upkeep\n|\n|t:|1700431007\n|switch|p1a: Celesteela|Celesteela|100\/100\n|turn|9\n|\n|t:|1700431013\n|move|p2a: Idk this thing|Fiery Dance|p1a: Celesteela\n|-supereffective|p1a: Celesteela\n|-damage|p1a: Celesteela|0 fnt\n|faint|p1a: Celesteela\n|\n|win|Binkus1304\n|l|\u2606Georeg1234\n","uploadtime":1700431026,"views":10,"p1id":"georeg1234","p2id":"binkus1304","formatid":"gen9nationaldex","rating":0,"private":0,"password":""}