{"id":"gen9nationaldex-2000579551","p1":"Cozyz","p2":"mannmilk","format":"[Gen 9] National Dex","log":"|html|<div class=\"broadcast-blue\"><strong>[Gen 9] National Dex is currently suspecting Sneasler! For information on how to participate check out the <a href=\"https:\/\/www.smogon.com\/forums\/threads\/sv-national-dex-suspect-8-just-dance.3731534\/\">suspect thread<\/a>.<\/strong><\/div>\n|j|\u2606Cozyz\n|j|\u2606mannmilk\n|t:|1701207193\n|gametype|singles\n|player|p1|Cozyz|1|1237\n|player|p2|mannmilk|clown|1263\n|teamsize|p1|6\n|teamsize|p2|6\n|gen|9\n|tier|[Gen 9] National Dex\n|rated|\n|rule|HP Percentage Mod: HP is shown in percentages\n|rule|Endless Battle Clause: Forcing endless battles is banned\n|rule|OHKO Clause: OHKO moves are banned\n|rule|Evasion Clause: Evasion abilities, items, and moves are banned\n|rule|Evasion Abilities Clause: Evasion abilities are banned\n|rule|Evasion Items Clause: Evasion items are banned\n|rule|Evasion Moves Clause: Evasion moves are banned\n|rule|Species Clause: Limit one of each Pok\u00e9mon\n|rule|Sleep Clause Mod: Limit one foe put to sleep\n|clearpoke\n|poke|p1|Garchomp, F|\n|poke|p1|Lucario, M|\n|poke|p1|Roserade, M|\n|poke|p1|Spiritomb, F|\n|poke|p1|Milotic, M|\n|poke|p1|Togekiss, F|\n|poke|p2|Gyarados, M|\n|poke|p2|Raichu-Alola, M|\n|poke|p2|Pincurchin, M|\n|poke|p2|Drifblim, F|\n|poke|p2|Electivire, M|\n|poke|p2|Rotom-Fan|\n|teampreview\n|inactive|Battle timer is ON: inactive players will automatically lose when time's up. (requested by Cozyz)\n|\n|t:|1701207203\n|start\n|switch|p1a: marvel|Togekiss, F, shiny|100\/100\n|switch|p2a: picklechin|Pincurchin, M|100\/100\n|-fieldstart|move: Electric Terrain|[from] ability: Electric Surge|[of] p2a: picklechin\n|turn|1\n|\n|t:|1701207208\n|switch|p1a: hell spawn|Garchomp, F, shiny|100\/100\n|move|p2a: picklechin|Rising Voltage|p1a: hell spawn\n|-immune|p1a: hell spawn\n|\n|upkeep\n|turn|2\n|\n|t:|1701207215\n|switch|p2a: RED-ROCKET|Gyarados, M, shiny|100\/100\n|-ability|p2a: RED-ROCKET|Intimidate|boost\n|-unboost|p1a: hell spawn|atk|1\n|detailschange|p1a: hell spawn|Garchomp-Mega, F, shiny\n|-mega|p1a: hell spawn|Garchomp|Garchompite\n|move|p1a: hell spawn|Swords Dance|p1a: hell spawn\n|-boost|p1a: hell spawn|atk|2\n|\n|upkeep\n|turn|3\n|\n|t:|1701207221\n|detailschange|p2a: RED-ROCKET|Gyarados-Mega, M, shiny\n|-mega|p2a: RED-ROCKET|Gyarados|Gyaradosite\n|-ability|p2a: RED-ROCKET|Mold Breaker\n|move|p1a: hell spawn|Scale Shot|p2a: RED-ROCKET\n|-damage|p2a: RED-ROCKET|78\/100\n|-damage|p2a: RED-ROCKET|57\/100\n|-hitcount|p2a: RED-ROCKET|2\n|-unboost|p1a: hell spawn|def|1\n|-boost|p1a: hell spawn|spe|1\n|move|p2a: RED-ROCKET|Dragon Dance|p2a: RED-ROCKET\n|-boost|p2a: RED-ROCKET|atk|1\n|-boost|p2a: RED-ROCKET|spe|1\n|\n|upkeep\n|turn|4\n|\n|t:|1701207232\n|move|p1a: hell spawn|Scale Shot|p2a: RED-ROCKET\n|-damage|p2a: RED-ROCKET|35\/100\n|-damage|p2a: RED-ROCKET|11\/100\n|-damage|p2a: RED-ROCKET|0 fnt\n|faint|p2a: RED-ROCKET\n|-hitcount|p2: RED-ROCKET|3\n|-unboost|p1a: hell spawn|def|1\n|-boost|p1a: hell spawn|spe|1\n|\n|upkeep\n|\n|t:|1701207236\n|switch|p2a: BIG orb|Drifblim, F|100\/100\n|-enditem|p2a: BIG orb|Electric Seed\n|-boost|p2a: BIG orb|def|1|[from] item: Electric Seed\n|turn|5\n|\n|t:|1701207244\n|move|p1a: hell spawn|Poison Jab|p2a: BIG orb\n|-resisted|p2a: BIG orb\n|-crit|p2a: BIG orb\n|-damage|p2a: BIG orb|56\/100\n|move|p2a: BIG orb|Calm Mind|p2a: BIG orb\n|-boost|p2a: BIG orb|spa|1\n|-boost|p2a: BIG orb|spd|1\n|\n|upkeep\n|turn|6\n|\n|t:|1701207249\n|move|p1a: hell spawn|Scale Shot|p2a: BIG orb\n|-damage|p2a: BIG orb|36\/100\n|-damage|p2a: BIG orb|18\/100\n|-hitcount|p2a: BIG orb|2\n|-unboost|p1a: hell spawn|def|1\n|-boost|p1a: hell spawn|spe|1\n|move|p2a: BIG orb|Strength Sap|p1a: hell spawn\n|-unboost|p1a: hell spawn|atk|1\n|-heal|p2a: BIG orb|100\/100\n|\n|upkeep\n|turn|7\n|\n|t:|1701207255\n|move|p1a: hell spawn|Swords Dance|p1a: hell spawn\n|-boost|p1a: hell spawn|atk|2\n|move|p2a: BIG orb|Calm Mind|p2a: BIG orb\n|-boost|p2a: BIG orb|spa|1\n|-boost|p2a: BIG orb|spd|1\n|\n|upkeep\n|turn|8\n|\n|t:|1701207257\n|move|p1a: hell spawn|Swords Dance|p1a: hell spawn\n|-boost|p1a: hell spawn|atk|2\n|move|p2a: BIG orb|Strength Sap|p1a: hell spawn\n|-unboost|p1a: hell spawn|atk|1\n|\n|-fieldend|move: Electric Terrain\n|upkeep\n|turn|9\n|\n|t:|1701207262\n|move|p1a: hell spawn|Scale Shot|p2a: BIG orb|[miss]\n|-miss|p1a: hell spawn|p2a: BIG orb\n|move|p2a: BIG orb|Shadow Ball|p1a: hell spawn\n|-damage|p1a: hell spawn|28\/100\n|\n|upkeep\n|turn|10\n|\n|t:|1701207266\n|move|p1a: hell spawn|Scale Shot|p2a: BIG orb|[miss]\n|-miss|p1a: hell spawn|p2a: BIG orb\n|move|p2a: BIG orb|Shadow Ball|p1a: hell spawn\n|-damage|p1a: hell spawn|0 fnt\n|faint|p1a: hell spawn\n|\n|upkeep\n|c|\u2606mannmilk|dat aim\n|\n|t:|1701207272\n|switch|p1a: hit.ler|Spiritomb, F, shiny|100\/100\n|turn|11\n|\n|t:|1701207284\n|-terastallize|p2a: BIG orb|Electric\n|move|p2a: BIG orb|Thunderbolt|p1a: hit.ler\n|-damage|p1a: hit.ler|40\/100\n|move|p1a: hit.ler|Curse|p2a: BIG orb\n|-start|p2a: BIG orb|Curse|[of] p1a: hit.ler\n|-damage|p1a: hit.ler|0 fnt\n|faint|p1a: hit.ler\n|\n|-damage|p2a: BIG orb|76\/100|[from] Curse\n|upkeep\n|\n|t:|1701207291\n|switch|p1a: grace|Milotic, M, shiny|100\/100\n|turn|12\n|\n|t:|1701207294\n|-terastallize|p1a: grace|Dragon\n|move|p2a: BIG orb|Thunderbolt|p1a: grace\n|-resisted|p1a: grace\n|-damage|p1a: grace|72\/100\n|move|p1a: grace|Mirror Coat|p2a: BIG orb\n|-damage|p2a: BIG orb|24\/100\n|\n|-damage|p2a: BIG orb|0 fnt|[from] Curse\n|faint|p2a: BIG orb\n|-status|p1a: grace|brn|[from] item: Flame Orb\n|upkeep\n|\n|t:|1701207299\n|switch|p2a: Rotom|Rotom-Fan|100\/100\n|turn|13\n|\n|t:|1701207308\n|move|p2a: Rotom|Air Slash|p1a: grace\n|-damage|p1a: grace|46\/100 brn\n|move|p1a: grace|Ice Beam|p2a: Rotom\n|-supereffective|p2a: Rotom\n|-damage|p2a: Rotom|42\/100\n|-status|p2a: Rotom|frz\n|\n|-damage|p1a: grace|40\/100 brn|[from] brn\n|upkeep\n|turn|14\n|\n|t:|1701207313\n|cant|p2a: Rotom|frz\n|move|p1a: grace|Recover|p1a: grace\n|-heal|p1a: grace|90\/100 brn\n|\n|-damage|p1a: grace|84\/100 brn|[from] brn\n|upkeep\n|turn|15\n|\n|t:|1701207320\n|cant|p2a: Rotom|frz\n|move|p1a: grace|Ice Beam|p2a: Rotom\n|-supereffective|p2a: Rotom\n|-damage|p2a: Rotom|0 fnt\n|faint|p2a: Rotom\n|\n|-damage|p1a: grace|78\/100 brn|[from] brn\n|upkeep\n|\n|t:|1701207326\n|switch|p2a: picklechin|Pincurchin, M|100\/100\n|-fieldstart|move: Electric Terrain|[from] ability: Electric Surge|[of] p2a: picklechin\n|turn|16\n|\n|t:|1701207331\n|move|p1a: grace|Recover|p1a: grace\n|-heal|p1a: grace|100\/100 brn\n|move|p2a: picklechin|Toxic Spikes|p1a: grace\n|-sidestart|p1: Cozyz|move: Toxic Spikes\n|\n|-damage|p1a: grace|94\/100 brn|[from] brn\n|upkeep\n|turn|17\n|\n|t:|1701207338\n|move|p1a: grace|Scald|p2a: picklechin\n|-damage|p2a: picklechin|63\/100\n|-status|p2a: picklechin|brn\n|move|p2a: picklechin|Toxic Spikes|p1a: grace\n|-sidestart|p1: Cozyz|move: Toxic Spikes\n|\n|-damage|p1a: grace|88\/100 brn|[from] brn\n|-damage|p2a: picklechin|57\/100 brn|[from] brn\n|upkeep\n|turn|18\n|\n|t:|1701207345\n|move|p1a: grace|Ice Beam|p2a: picklechin\n|-damage|p2a: picklechin|32\/100 brn\n|move|p2a: picklechin|Rising Voltage|p1a: grace\n|-hint|Rising Voltage's BP doubled on grounded target.\n|-resisted|p1a: grace\n|-damage|p1a: grace|61\/100 brn\n|\n|-damage|p1a: grace|55\/100 brn|[from] brn\n|-damage|p2a: picklechin|26\/100 brn|[from] brn\n|upkeep\n|turn|19\n|\n|t:|1701207351\n|move|p1a: grace|Recover|p1a: grace\n|-heal|p1a: grace|100\/100 brn\n|move|p2a: picklechin|Rising Voltage|p1a: grace\n|-hint|Rising Voltage's BP doubled on grounded target.\n|-resisted|p1a: grace\n|-damage|p1a: grace|73\/100 brn\n|\n|-damage|p1a: grace|67\/100 brn|[from] brn\n|-damage|p2a: picklechin|20\/100 brn|[from] brn\n|upkeep\n|turn|20\n|\n|t:|1701207353\n|switch|p2a: \u26a1\u26a1\u26a1|Electivire, M, shiny|100\/100\n|move|p1a: grace|Scald|p2a: \u26a1\u26a1\u26a1\n|-damage|p2a: \u26a1\u26a1\u26a1|62\/100\n|-status|p2a: \u26a1\u26a1\u26a1|brn\n|\n|-damage|p2a: \u26a1\u26a1\u26a1|56\/100 brn|[from] brn\n|-damage|p1a: grace|61\/100 brn|[from] brn\n|upkeep\n|turn|21\n|c|\u2606mannmilk|damn it\n|\n|t:|1701207359\n|move|p2a: \u26a1\u26a1\u26a1|Ice Punch|p1a: grace\n|-supereffective|p1a: grace\n|-damage|p1a: grace|43\/100 brn\n|-damage|p2a: \u26a1\u26a1\u26a1|46\/100 brn|[from] item: Life Orb\n|move|p1a: grace|Scald|p2a: \u26a1\u26a1\u26a1\n|-damage|p2a: \u26a1\u26a1\u26a1|11\/100 brn\n|\n|-damage|p2a: \u26a1\u26a1\u26a1|5\/100 brn|[from] brn\n|-damage|p1a: grace|37\/100 brn|[from] brn\n|upkeep\n|turn|22\n|\n|t:|1701207368\n|move|p2a: \u26a1\u26a1\u26a1|Ice Punch|p1a: grace\n|-supereffective|p1a: grace\n|-damage|p1a: grace|20\/100 brn\n|-damage|p2a: \u26a1\u26a1\u26a1|0 fnt|[from] item: Life Orb\n|faint|p2a: \u26a1\u26a1\u26a1\n|move|p1a: grace|Recover|p1a: grace\n|-heal|p1a: grace|70\/100 brn\n|\n|-damage|p1a: grace|64\/100 brn|[from] brn\n|upkeep\n|\n|t:|1701207370\n|switch|p2a: cmonBruh|Raichu-Alola, M, shiny|100\/100\n|turn|23\n|\n|t:|1701207376\n|switch|p1a: goku rose|Roserade, M, shiny|100\/100\n|-sideend|p1: Cozyz|move: Toxic Spikes|[of] p1a: goku rose\n|move|p2a: cmonBruh|Psychic|p1a: goku rose\n|-supereffective|p1a: goku rose\n|-damage|p1a: goku rose|0 fnt\n|faint|p1a: goku rose\n|\n|-fieldend|move: Electric Terrain\n|upkeep\n|\n|t:|1701207382\n|switch|p1a: goku|Lucario, M, shiny|100\/100\n|turn|24\n|\n|t:|1701207386\n|switch|p2a: picklechin|Pincurchin, M|20\/100 brn\n|-fieldstart|move: Electric Terrain|[from] ability: Electric Surge|[of] p2a: picklechin\n|move|p1a: goku|Meteor Mash|p2a: picklechin\n|-resisted|p2a: picklechin\n|-damage|p2a: picklechin|0 fnt\n|-boost|p1a: goku|atk|1\n|faint|p2a: picklechin\n|\n|upkeep\n|\n|t:|1701207392\n|switch|p2a: cmonBruh|Raichu-Alola, M, shiny|100\/100\n|turn|25\n|\n|t:|1701207395\n|move|p1a: goku|Endure|p1a: goku\n|-singleturn|p1a: goku|move: Endure\n|-zpower|p2a: cmonBruh\n|move|p2a: cmonBruh|Stoked Sparksurfer|p1a: goku|[zeffect]\n|-activate|p1a: goku|move: Endure\n|-damage|p1a: goku|1\/100\n|-status|p1a: goku|par\n|-enditem|p1a: goku|Salac Berry|[eat]\n|-boost|p1a: goku|spe|1|[from] item: Salac Berry\n|\n|upkeep\n|turn|26\n|\n|t:|1701207405\n|cant|p1a: goku|par\n|move|p2a: cmonBruh|Psychic|p1a: goku\n|-damage|p1a: goku|0 fnt\n|faint|p1a: goku\n|\n|upkeep\n|\n|t:|1701207409\n|switch|p1a: grace|Milotic, M, shiny, tera:Dragon|64\/100 brn\n|turn|27\n|\n|t:|1701207411\n|move|p2a: cmonBruh|Psychic|p1a: grace\n|-damage|p1a: grace|32\/100 brn\n|move|p1a: grace|Mirror Coat|p2a: cmonBruh\n|-damage|p2a: cmonBruh|22\/100\n|\n|-damage|p1a: grace|26\/100 brn|[from] brn\n|upkeep\n|turn|28\n|\n|t:|1701207416\n|move|p2a: cmonBruh|Psychic|p1a: grace\n|-damage|p1a: grace|0 fnt\n|faint|p1a: grace\n|\n|upkeep\n|\n|t:|1701207419\n|switch|p1a: marvel|Togekiss, F, shiny|100\/100\n|turn|29\n|\n|t:|1701207426\n|move|p2a: cmonBruh|Thunderbolt|p1a: marvel\n|-supereffective|p1a: marvel\n|-damage|p1a: marvel|0 fnt\n|faint|p1a: marvel\n|\n|win|mannmilk\n|raw|Cozyz's rating: 1237 &rarr; <strong>1214<\/strong><br \/>(-23 for losing)\n|raw|mannmilk's rating: 1263 &rarr; <strong>1286<\/strong><br \/>(+23 for winning)\n","uploadtime":1701207430,"views":1,"p1id":"cozyz","p2id":"mannmilk","formatid":"gen9nationaldex","rating":1214,"private":0,"password":""}