{"id":"gen9nationaldex-1995952244","p1":"abigolname","p2":"dlkgsg","format":"[Gen 9] National Dex","log":"|html|<div class=\"broadcast-blue\"><strong>[Gen 9] National Dex is currently suspecting Sneasler! For information on how to participate check out the <a href=\"https:\/\/www.smogon.com\/forums\/threads\/sv-national-dex-suspect-8-just-dance.3731534\/\">suspect thread<\/a>.<\/strong><\/div>\n|j|\u2606abigolname\n|j|\u2606dlkgsg\n|t:|1700621297\n|gametype|singles\n|player|p1|abigolname|ingo|1426\n|player|p2|dlkgsg|lucas|1343\n|teamsize|p1|6\n|teamsize|p2|6\n|gen|9\n|tier|[Gen 9] National Dex\n|rated|\n|rule|HP Percentage Mod: HP is shown in percentages\n|rule|Endless Battle Clause: Forcing endless battles is banned\n|rule|OHKO Clause: OHKO moves are banned\n|rule|Evasion Clause: Evasion abilities, items, and moves are banned\n|rule|Evasion Abilities Clause: Evasion abilities are banned\n|rule|Evasion Items Clause: Evasion items are banned\n|rule|Evasion Moves Clause: Evasion moves are banned\n|rule|Species Clause: Limit one of each Pok\u00e9mon\n|rule|Sleep Clause Mod: Limit one foe put to sleep\n|clearpoke\n|poke|p1|Gliscor, F|\n|poke|p1|Blacephalon|\n|poke|p1|Manectric, F|\n|poke|p1|Shuckle, F|\n|poke|p1|Tentacruel, M|\n|poke|p1|Vaporeon, M|\n|poke|p2|Azelf|\n|poke|p2|Nidoking, M|\n|poke|p2|Zapdos|\n|poke|p2|Lucario, M|\n|poke|p2|Clefable, F|\n|poke|p2|Garchomp, M|\n|teampreview\n|\n|t:|1700621306\n|start\n|switch|p1a: Vaporeon|Vaporeon, M|100\/100\n|switch|p2a: Lucario|Lucario, M|100\/100\n|turn|1\n|inactive|Battle timer is ON: inactive players will automatically lose when time's up. (requested by dlkgsg)\n|\n|t:|1700621312\n|switch|p2a: UglyAF|Clefable, F|100\/100\n|move|p1a: Vaporeon|Yawn|p2a: UglyAF\n|-start|p2a: UglyAF|move: Yawn|[of] p1a: Vaporeon\n|\n|upkeep\n|turn|2\n|\n|t:|1700621323\n|switch|p2a: Doritoes|Zapdos, shiny|100\/100\n|move|p1a: Vaporeon|Flip Turn|p2a: Doritoes\n|-damage|p2a: Doritoes|86\/100\n|\n|t:|1700621335\n|switch|p1a: Manectric|Manectric, F|100\/100|[from] Flip Turn\n|\n|upkeep\n|turn|3\n|\n|t:|1700621341\n|move|p1a: Manectric|Flamethrower|p2a: Doritoes\n|-damage|p2a: Doritoes|67\/100\n|move|p2a: Doritoes|U-turn|p1a: Manectric\n|-damage|p1a: Manectric|76\/100\n|\n|t:|1700621350\n|switch|p2a: Henry|Nidoking, M, shiny|100\/100|[from] U-turn\n|\n|upkeep\n|turn|4\n|\n|t:|1700621357\n|switch|p1a: Vaporeon|Vaporeon, M|100\/100\n|move|p2a: Henry|Ice Beam|p1a: Vaporeon\n|-resisted|p1a: Vaporeon\n|-damage|p1a: Vaporeon|89\/100\n|\n|-heal|p1a: Vaporeon|95\/100|[from] item: Leftovers\n|upkeep\n|turn|5\n|\n|t:|1700621362\n|switch|p2a: UglyAF|Clefable, F|100\/100\n|move|p1a: Vaporeon|Yawn|p2a: UglyAF\n|-start|p2a: UglyAF|move: Yawn|[of] p1a: Vaporeon\n|\n|-heal|p1a: Vaporeon|100\/100|[from] item: Leftovers\n|upkeep\n|turn|6\n|\n|t:|1700621374\n|switch|p2a: Doritoes|Zapdos, shiny|67\/100\n|move|p1a: Vaporeon|Flip Turn|p2a: Doritoes\n|-damage|p2a: Doritoes|52\/100\n|\n|t:|1700621379\n|switch|p1a: Manectric|Manectric, F|76\/100|[from] Flip Turn\n|\n|upkeep\n|turn|7\n|\n|t:|1700621383\n|detailschange|p1a: Manectric|Manectric-Mega, F\n|-mega|p1a: Manectric|Manectric|Manectite\n|-ability|p1a: Manectric|Intimidate|boost\n|-unboost|p2a: Doritoes|atk|1\n|move|p1a: Manectric|Thunderbolt|p2a: Doritoes\n|-damage|p2a: Doritoes|15\/100\n|move|p2a: Doritoes|Roost|p2a: Doritoes\n|-heal|p2a: Doritoes|66\/100\n|-singleturn|p2a: Doritoes|move: Roost\n|\n|upkeep\n|turn|8\n|\n|t:|1700621392\n|move|p1a: Manectric|Thunderbolt|p2a: Doritoes\n|-crit|p2a: Doritoes\n|-damage|p2a: Doritoes|8\/100\n|move|p2a: Doritoes|Roost|p2a: Doritoes\n|-heal|p2a: Doritoes|58\/100\n|-singleturn|p2a: Doritoes|move: Roost\n|\n|upkeep\n|turn|9\n|\n|t:|1700621395\n|move|p1a: Manectric|Thunderbolt|p2a: Doritoes\n|-crit|p2a: Doritoes\n|-damage|p2a: Doritoes|6\/100\n|move|p2a: Doritoes|Roost|p2a: Doritoes\n|-heal|p2a: Doritoes|56\/100\n|-singleturn|p2a: Doritoes|move: Roost\n|\n|upkeep\n|turn|10\n|c|\u2606dlkgsg|bruh\n|c|\u2606dlkgsg|wtf\n|c|\u2606abigolname|gen 1 mechanics\n|inactive|abigolname has 120 seconds left.\n|c|\u2606abigolname|i just lost a game to the other guy living at 2% twice\n|c|\u2606abigolname|this is just equivalent exchange\n|\n|t:|1700621433\n|move|p1a: Manectric|Thunderbolt|p2a: Doritoes\n|-damage|p2a: Doritoes|19\/100\n|move|p2a: Doritoes|Roost|p2a: Doritoes\n|-heal|p2a: Doritoes|69\/100\n|-singleturn|p2a: Doritoes|move: Roost\n|\n|upkeep\n|turn|11\n|inactive|abigolname has 120 seconds left.\n|c|\u2606dlkgsg|idk how thats equivalent but ok\n|\n|t:|1700621448\n|move|p1a: Manectric|Thunderbolt|p2a: Doritoes\n|-crit|p2a: Doritoes\n|-damage|p2a: Doritoes|18\/100\n|move|p2a: Doritoes|Roost|p2a: Doritoes\n|-heal|p2a: Doritoes|68\/100\n|-singleturn|p2a: Doritoes|move: Roost\n|\n|upkeep\n|turn|12\n|c|\u2606abigolname|nah it is\n|\n|t:|1700621457\n|move|p1a: Manectric|Thunderbolt|p2a: Doritoes\n|-damage|p2a: Doritoes|28\/100\n|move|p2a: Doritoes|Roost|p2a: Doritoes\n|-heal|p2a: Doritoes|79\/100\n|-singleturn|p2a: Doritoes|move: Roost\n|\n|upkeep\n|turn|13\n|\n|t:|1700621468\n|move|p1a: Manectric|Thunderbolt|p2a: Doritoes\n|-damage|p2a: Doritoes|40\/100\n|move|p2a: Doritoes|U-turn|p1a: Manectric\n|-damage|p1a: Manectric|63\/100\n|\n|t:|1700621473\n|switch|p2a: Henry|Nidoking, M, shiny|100\/100|[from] U-turn\n|\n|upkeep\n|turn|14\n|\n|t:|1700621478\n|switch|p1a: Vaporeon|Vaporeon, M|100\/100\n|move|p2a: Henry|Earth Power|p1a: Vaporeon\n|-damage|p1a: Vaporeon|65\/100\n|\n|-heal|p1a: Vaporeon|71\/100|[from] item: Leftovers\n|upkeep\n|turn|15\n|\n|t:|1700621484\n|move|p2a: Henry|Sludge Wave|p1a: Vaporeon\n|-damage|p1a: Vaporeon|37\/100\n|move|p1a: Vaporeon|Yawn|p2a: Henry\n|-start|p2a: Henry|move: Yawn|[of] p1a: Vaporeon\n|\n|-heal|p1a: Vaporeon|43\/100|[from] item: Leftovers\n|upkeep\n|turn|16\n|\n|t:|1700621491\n|switch|p2a: FreshBlood|Garchomp, M|100\/100\n|switch|p1a: Tentacruel|Tentacruel, M|100\/100\n|\n|upkeep\n|turn|17\n|\n|t:|1700621500\n|switch|p1a: Gliscor|Gliscor, F|100\/100\n|move|p2a: FreshBlood|Dragon Claw|p1a: Gliscor\n|-damage|p1a: Gliscor|65\/100\n|\n|-status|p1a: Gliscor|tox|[from] item: Toxic Orb\n|upkeep\n|turn|18\n|\n|t:|1700621513\n|switch|p2a: UglyAF|Clefable, F|100\/100\n|move|p1a: Gliscor|Substitute|p1a: Gliscor\n|-start|p1a: Gliscor|Substitute\n|-damage|p1a: Gliscor|40\/100 tox\n|\n|-heal|p1a: Gliscor|52\/100 tox|[from] ability: Poison Heal\n|upkeep\n|turn|19\n|\n|t:|1700621520\n|move|p1a: Gliscor|Knock Off|p2a: UglyAF\n|-resisted|p2a: UglyAF\n|-damage|p2a: UglyAF|93\/100\n|-enditem|p2a: UglyAF|Leftovers|[from] move: Knock Off|[of] p1a: Gliscor\n|move|p2a: UglyAF|Calm Mind|p2a: UglyAF\n|-boost|p2a: UglyAF|spa|1\n|-boost|p2a: UglyAF|spd|1\n|\n|-heal|p1a: Gliscor|65\/100 tox|[from] ability: Poison Heal\n|upkeep\n|turn|20\n|\n|t:|1700621526\n|move|p1a: Gliscor|Swords Dance|p1a: Gliscor\n|-boost|p1a: Gliscor|atk|2\n|move|p2a: UglyAF|Calm Mind|p2a: UglyAF\n|-boost|p2a: UglyAF|spa|1\n|-boost|p2a: UglyAF|spd|1\n|\n|-heal|p1a: Gliscor|77\/100 tox|[from] ability: Poison Heal\n|upkeep\n|turn|21\n|\n|t:|1700621528\n|move|p1a: Gliscor|Earthquake|p2a: UglyAF\n|-damage|p2a: UglyAF|40\/100\n|move|p2a: UglyAF|Moonblast|p1a: Gliscor\n|-end|p1a: Gliscor|Substitute\n|\n|-heal|p1a: Gliscor|90\/100 tox|[from] ability: Poison Heal\n|upkeep\n|turn|22\n|\n|t:|1700621534\n|move|p1a: Gliscor|Earthquake|p2a: UglyAF\n|-damage|p2a: UglyAF|0 fnt\n|faint|p2a: UglyAF\n|\n|-heal|p1a: Gliscor|100\/100 tox|[from] ability: Poison Heal\n|upkeep\n|\n|t:|1700621538\n|switch|p2a: Henry|Nidoking, M, shiny|100\/100\n|turn|23\n|\n|t:|1700621545\n|-terastallize|p1a: Gliscor|Water\n|-terastallize|p2a: Henry|Grass\n|move|p1a: Gliscor|Earthquake|p2a: Henry\n|-resisted|p2a: Henry\n|-damage|p2a: Henry|51\/100\n|move|p2a: Henry|Ice Beam|p1a: Gliscor\n|-resisted|p1a: Gliscor\n|-damage|p1a: Gliscor|78\/100 tox\n|\n|-heal|p1a: Gliscor|91\/100 tox|[from] ability: Poison Heal\n|upkeep\n|turn|24\n|n|!dlkgsg|dlkgsg\n|\n|t:|1700621565\n|switch|p1a: Vaporeon|Vaporeon, M|43\/100\n|move|p2a: Henry|Sludge Wave|p1a: Vaporeon\n|-damage|p1a: Vaporeon|8\/100\n|\n|-heal|p1a: Vaporeon|14\/100|[from] item: Leftovers\n|upkeep\n|turn|25\n|\n|t:|1700621571\n|move|p2a: Henry|Sludge Wave|p1a: Vaporeon\n|-damage|p1a: Vaporeon|0 fnt\n|faint|p1a: Vaporeon\n|\n|upkeep\n|\n|t:|1700621574\n|switch|p1a: Shuckle|Shuckle, F|100\/100\n|turn|26\n|\n|t:|1700621582\n|switch|p2a: Lucario|Lucario, M|100\/100\n|move|p1a: Shuckle|Sticky Web|p2a: Lucario\n|-sidestart|p2: dlkgsg|move: Sticky Web\n|\n|upkeep\n|turn|27\n|\n|t:|1700621589\n|move|p2a: Lucario|Swords Dance|p2a: Lucario\n|-boost|p2a: Lucario|atk|2\n|move|p1a: Shuckle|Final Gambit|p2a: Lucario\n|-damage|p2a: Lucario|14\/100\n|faint|p1a: Shuckle\n|\n|upkeep\n|\n|t:|1700621594\n|switch|p1a: Manectric|Manectric-Mega, F|63\/100\n|-ability|p1a: Manectric|Intimidate|boost\n|-fail|p2a: Lucario|unboost|Attack|[from] ability: Inner Focus|[of] p2a: Lucario\n|turn|28\n|\n|t:|1700621598\n|move|p2a: Lucario|Extreme Speed|p1a: Manectric\n|-damage|p1a: Manectric|0 fnt\n|faint|p1a: Manectric\n|-damage|p2a: Lucario|4\/100|[from] item: Life Orb\n|\n|upkeep\n|\n|t:|1700621605\n|switch|p1a: Blacephalon|Blacephalon|100\/100\n|-item|p1a: Blacephalon|Air Balloon\n|turn|29\n|\n|t:|1700621610\n|move|p1a: Blacephalon|Shadow Ball|p2a: Lucario\n|-damage|p2a: Lucario|0 fnt\n|faint|p2a: Lucario\n|-ability|p1a: Blacephalon|Beast Boost|boost\n|-boost|p1a: Blacephalon|spa|1\n|\n|upkeep\n|\n|t:|1700621614\n|switch|p2a: Clouded|Azelf|100\/100\n|turn|30\n|\n|t:|1700621617\n|move|p2a: Clouded|Psychic|p1a: Blacephalon\n|-damage|p1a: Blacephalon|20\/100\n|-enditem|p1a: Blacephalon|Air Balloon\n|move|p1a: Blacephalon|Shadow Ball|p2a: Clouded\n|-supereffective|p2a: Clouded\n|-damage|p2a: Clouded|0 fnt\n|faint|p2a: Clouded\n|-ability|p1a: Blacephalon|Beast Boost|boost\n|-boost|p1a: Blacephalon|spa|1\n|\n|upkeep\n|\n|t:|1700621623\n|switch|p2a: FreshBlood|Garchomp, M|100\/100\n|-activate|p2a: FreshBlood|move: Sticky Web\n|-unboost|p2a: FreshBlood|spe|1\n|turn|31\n|\n|t:|1700621627\n|move|p1a: Blacephalon|Shadow Ball|p2a: FreshBlood\n|-damage|p2a: FreshBlood|0 fnt\n|faint|p2a: FreshBlood\n|-ability|p1a: Blacephalon|Beast Boost|boost\n|-boost|p1a: Blacephalon|spa|1\n|\n|upkeep\n|-message|dlkgsg forfeited.\n|\n|win|abigolname\n|raw|abigolname's rating: 1426 &rarr; <strong>1441<\/strong><br \/>(+15 for winning)\n|raw|dlkgsg's rating: 1343 &rarr; <strong>1328<\/strong><br \/>(-15 for losing)\n|l|!dlkgsg\n","uploadtime":1700621555,"views":0,"p1id":"abigolname","p2id":"dlkgsg","formatid":"gen9nationaldex","rating":1328,"private":0,"password":""}