{"id":"gen9nationaldex-1990285353","p1":"AnYzGj","p2":"SpinjaOnNine","format":"[Gen 9] National Dex","log":"|j|\u2606AnYzGj\n|j|\u2606SpinjaOnNine\n|t:|1699950745\n|gametype|singles\n|player|p1|AnYzGj|skyla|1283\n|player|p2|SpinjaOnNine|gambler|1166\n|teamsize|p1|6\n|teamsize|p2|6\n|gen|9\n|tier|[Gen 9] National Dex\n|rated|\n|rule|HP Percentage Mod: HP is shown in percentages\n|rule|Endless Battle Clause: Forcing endless battles is banned\n|rule|OHKO Clause: OHKO moves are banned\n|rule|Evasion Clause: Evasion abilities, items, and moves are banned\n|rule|Evasion Abilities Clause: Evasion abilities are banned\n|rule|Evasion Items Clause: Evasion items are banned\n|rule|Evasion Moves Clause: Evasion moves are banned\n|rule|Species Clause: Limit one of each Pok\u00e9mon\n|rule|Sleep Clause Mod: Limit one foe put to sleep\n|clearpoke\n|poke|p1|Landorus-Therian, M|\n|poke|p1|Heatran, M|\n|poke|p1|Buzzwole|\n|poke|p1|Tapu Lele|\n|poke|p1|Sneasler, F|\n|poke|p1|Garchomp, M|\n|poke|p2|Gigalith, M|\n|poke|p2|Rotom-Wash|\n|poke|p2|Cinderace, M|\n|poke|p2|Manectric, M|\n|poke|p2|Escavalier, F|\n|poke|p2|Mandibuzz, F|\n|teampreview\n|\n|t:|1699950755\n|start\n|switch|p1a: Garchomp|Garchomp, M|100\/100\n|switch|p2a: Manectric|Manectric, M, shiny|100\/100\n|turn|1\n|\n|t:|1699950767\n|detailschange|p2a: Manectric|Manectric-Mega, M, shiny\n|-mega|p2a: Manectric|Manectric|Manectite\n|-ability|p2a: Manectric|Intimidate|boost\n|-unboost|p1a: Garchomp|atk|1\n|move|p2a: Manectric|Hidden Power|p1a: Garchomp\n|-supereffective|p1a: Garchomp\n|-damage|p1a: Garchomp|11\/100\n|move|p1a: Garchomp|Earthquake|p2a: Manectric\n|-supereffective|p2a: Manectric\n|-damage|p2a: Manectric|4\/100\n|\n|upkeep\n|turn|2\n|\n|t:|1699950779\n|switch|p1a: Heatran|Heatran, M|100\/100\n|move|p2a: Manectric|Hidden Power|p1a: Heatran\n|-resisted|p1a: Heatran\n|-damage|p1a: Heatran|98\/100\n|\n|-heal|p1a: Heatran|100\/100|[from] item: Leftovers\n|upkeep\n|turn|3\n|\n|t:|1699950787\n|move|p2a: Manectric|Volt Switch|p1a: Heatran\n|-damage|p1a: Heatran|75\/100\n|\n|t:|1699950799\n|switch|p2a: Rotom|Rotom-Wash, shiny|100\/100|[from] Volt Switch\n|move|p1a: Heatran|Earth Power|p2a: Rotom\n|-immune|p2a: Rotom|[from] ability: Levitate\n|\n|-heal|p1a: Heatran|82\/100|[from] item: Leftovers\n|upkeep\n|turn|4\n|\n|t:|1699950811\n|switch|p1a: Tapu Lele|Tapu Lele|100\/100\n|-fieldstart|move: Psychic Terrain|[from] ability: Psychic Surge|[of] p1a: Tapu Lele\n|move|p2a: Rotom|Hydro Pump|p1a: Tapu Lele\n|-damage|p1a: Tapu Lele|46\/100\n|\n|upkeep\n|turn|5\n|\n|t:|1699950820\n|switch|p2a: Mandibuzz|Mandibuzz, F, shiny|100\/100\n|-zpower|p1a: Tapu Lele\n|move|p1a: Tapu Lele|Shattered Psyche|p2a: Mandibuzz|[zeffect]\n|-immune|p2a: Mandibuzz\n|\n|upkeep\n|turn|6\n|\n|t:|1699950829\n|move|p1a: Tapu Lele|Moonblast|p2a: Mandibuzz\n|-supereffective|p2a: Mandibuzz\n|-damage|p2a: Mandibuzz|14\/100\n|-unboost|p2a: Mandibuzz|spa|1\n|move|p2a: Mandibuzz|Taunt|p1a: Tapu Lele\n|-start|p1a: Tapu Lele|move: Taunt\n|\n|-heal|p2a: Mandibuzz|20\/100|[from] item: Leftovers\n|upkeep\n|turn|7\n|\n|t:|1699950838\n|switch|p2a: Cinderace|Cinderace, M, shiny|100\/100\n|move|p1a: Tapu Lele|Moonblast|p2a: Cinderace\n|-resisted|p2a: Cinderace\n|-damage|p2a: Cinderace|65\/100\n|\n|upkeep\n|turn|8\n|\n|t:|1699950846\n|switch|p1a: Landorus|Landorus-Therian, M|100\/100\n|-ability|p1a: Landorus|Intimidate|boost\n|-unboost|p2a: Cinderace|atk|1\n|move|p2a: Cinderace|U-turn|p1a: Landorus\n|-start|p2a: Cinderace|typechange|Bug|[from] ability: Libero\n|-resisted|p1a: Landorus\n|-damage|p1a: Landorus|90\/100\n|-damage|p2a: Cinderace|48\/100|[from] item: Rocky Helmet|[of] p1a: Landorus\n|-damage|p2a: Cinderace|39\/100|[from] item: Life Orb\n|\n|t:|1699950850\n|switch|p2a: Manectric|Manectric-Mega, M, shiny|4\/100|[from] U-turn\n|-ability|p2a: Manectric|Intimidate|boost\n|-unboost|p1a: Landorus|atk|1\n|\n|-fieldend|move: Psychic Terrain\n|upkeep\n|turn|9\n|\n|t:|1699950861\n|switch|p1a: Heatran|Heatran, M|82\/100\n|move|p2a: Manectric|Hidden Power|p1a: Heatran\n|-resisted|p1a: Heatran\n|-damage|p1a: Heatran|78\/100\n|\n|-heal|p1a: Heatran|85\/100|[from] item: Leftovers\n|upkeep\n|turn|10\n|\n|t:|1699950870\n|switch|p1a: Landorus|Landorus-Therian, M|90\/100\n|-ability|p1a: Landorus|Intimidate|boost\n|-unboost|p2a: Manectric|atk|1\n|move|p2a: Manectric|Volt Switch|p1a: Landorus\n|-immune|p1a: Landorus\n|\n|upkeep\n|turn|11\n|\n|t:|1699950881\n|switch|p1a: Heatran|Heatran, M|85\/100\n|move|p2a: Manectric|Hidden Power|p1a: Heatran\n|-resisted|p1a: Heatran\n|-damage|p1a: Heatran|82\/100\n|\n|-heal|p1a: Heatran|88\/100|[from] item: Leftovers\n|upkeep\n|turn|12\n|\n|t:|1699950899\n|move|p1a: Heatran|Protect|p1a: Heatran\n|-singleturn|p1a: Heatran|Protect\n|move|p2a: Manectric|Overheat|p1a: Heatran\n|-activate|p1a: Heatran|move: Protect\n|\n|-heal|p1a: Heatran|94\/100|[from] item: Leftovers\n|upkeep\n|turn|13\n|\n|t:|1699950906\n|move|p2a: Manectric|Volt Switch|p1a: Heatran\n|-damage|p1a: Heatran|70\/100\n|\n|t:|1699950912\n|switch|p2a: Rotom|Rotom-Wash, shiny|100\/100|[from] Volt Switch\n|move|p1a: Heatran|Earth Power|p2a: Rotom\n|-immune|p2a: Rotom|[from] ability: Levitate\n|\n|-heal|p1a: Heatran|77\/100|[from] item: Leftovers\n|upkeep\n|turn|14\n|\n|t:|1699950930\n|-terastallize|p1a: Heatran|Grass\n|move|p2a: Rotom|Hydro Pump|p1a: Heatran\n|-resisted|p1a: Heatran\n|-damage|p1a: Heatran|61\/100\n|move|p1a: Heatran|Toxic|p2a: Rotom\n|-status|p2a: Rotom|tox\n|\n|-heal|p1a: Heatran|68\/100|[from] item: Leftovers\n|-damage|p2a: Rotom|94\/100 tox|[from] psn\n|upkeep\n|turn|15\n|\n|t:|1699950941\n|move|p2a: Rotom|Volt Switch|p1a: Heatran\n|-resisted|p1a: Heatran\n|-damage|p1a: Heatran|57\/100\n|\n|t:|1699950950\n|switch|p2a: Mandibuzz|Mandibuzz, F, shiny|20\/100|[from] Volt Switch\n|move|p1a: Heatran|Magma Storm|p2a: Mandibuzz|[miss]\n|-miss|p1a: Heatran|p2a: Mandibuzz\n|\n|-heal|p2a: Mandibuzz|26\/100|[from] item: Leftovers\n|-heal|p1a: Heatran|64\/100|[from] item: Leftovers\n|upkeep\n|turn|16\n|\n|t:|1699950968\n|move|p2a: Mandibuzz|Hurricane|p1a: Heatran|[miss]\n|-miss|p2a: Mandibuzz|p1a: Heatran\n|move|p1a: Heatran|Magma Storm|p2a: Mandibuzz\n|-damage|p2a: Mandibuzz|0 fnt\n|faint|p2a: Mandibuzz\n|\n|-heal|p1a: Heatran|70\/100|[from] item: Leftovers\n|upkeep\n|n|!SpinjaOnNine|spinjaonnine\n|\n|t:|1699950990\n|switch|p2a: Cinderace|Cinderace, M, shiny|39\/100\n|turn|17\n|\n|t:|1699950999\n|switch|p1a: Sneasler|Sneasler, F|100\/100\n|move|p2a: Cinderace|U-turn|p1a: Sneasler\n|-start|p2a: Cinderace|typechange|Bug|[from] ability: Libero\n|-resisted|p1a: Sneasler\n|-damage|p1a: Sneasler|83\/100\n|-damage|p2a: Cinderace|29\/100|[from] item: Life Orb\n|\n|t:|1699951012\n|switch|p2a: Escavalier|Escavalier, F|100\/100|[from] U-turn\n|\n|upkeep\n|turn|18\n|\n|t:|1699951021\n|switch|p1a: Tapu Lele|Tapu Lele|46\/100\n|-fieldstart|move: Psychic Terrain|[from] ability: Psychic Surge|[of] p1a: Tapu Lele\n|move|p2a: Escavalier|Iron Head|p1a: Tapu Lele\n|-supereffective|p1a: Tapu Lele\n|-crit|p1a: Tapu Lele\n|-damage|p1a: Tapu Lele|0 fnt\n|faint|p1a: Tapu Lele\n|\n|upkeep\n|\n|t:|1699951029\n|switch|p1a: Heatran|Heatran, M, tera:Grass|70\/100\n|turn|19\n|\n|t:|1699951041\n|switch|p2a: Cinderace|Cinderace, M, shiny|29\/100\n|move|p1a: Heatran|Magma Storm|p2a: Cinderace\n|-resisted|p2a: Cinderace\n|-damage|p2a: Cinderace|0 fnt\n|faint|p2a: Cinderace\n|\n|-heal|p1a: Heatran|76\/100|[from] item: Leftovers\n|upkeep\n|\n|t:|1699951057\n|switch|p2a: Rotom|Rotom-Wash, shiny|94\/100 tox\n|turn|20\n|\n|t:|1699951070\n|switch|p1a: Sneasler|Sneasler, F|83\/100\n|-enditem|p1a: Sneasler|Psychic Seed\n|-boost|p1a: Sneasler|spd|1|[from] item: Psychic Seed\n|move|p2a: Rotom|Will-O-Wisp|p1a: Sneasler|[miss]\n|-miss|p2a: Rotom|p1a: Sneasler\n|\n|-heal|p2a: Rotom|100\/100 tox|[from] item: Leftovers\n|-damage|p2a: Rotom|94\/100 tox|[from] psn\n|upkeep\n|turn|21\n|\n|t:|1699951093\n|move|p1a: Sneasler|Close Combat|p2a: Rotom\n|-damage|p2a: Rotom|6\/100 tox\n|-unboost|p1a: Sneasler|def|1\n|-unboost|p1a: Sneasler|spd|1\n|move|p2a: Rotom|Hydro Pump|p1a: Sneasler\n|-damage|p1a: Sneasler|21\/100\n|\n|-heal|p2a: Rotom|12\/100 tox|[from] item: Leftovers\n|-damage|p2a: Rotom|0 fnt|[from] psn\n|faint|p2a: Rotom\n|upkeep\n|\n|t:|1699951102\n|switch|p2a: Escavalier|Escavalier, F|100\/100\n|turn|22\n|\n|t:|1699951110\n|move|p1a: Sneasler|Close Combat|p2a: Escavalier\n|-damage|p2a: Escavalier|54\/100\n|-unboost|p1a: Sneasler|def|1\n|-unboost|p1a: Sneasler|spd|1\n|move|p2a: Escavalier|Knock Off|p1a: Sneasler\n|-resisted|p1a: Sneasler\n|-damage|p1a: Sneasler|0 fnt\n|faint|p1a: Sneasler\n|\n|-heal|p2a: Escavalier|60\/100|[from] item: Leftovers\n|-fieldend|move: Psychic Terrain\n|upkeep\n|\n|t:|1699951122\n|switch|p1a: Landorus|Landorus-Therian, M|90\/100\n|-ability|p1a: Landorus|Intimidate|boost\n|-unboost|p2a: Escavalier|atk|1\n|turn|23\n|\n|t:|1699951129\n|-terastallize|p2a: Escavalier|Bug\n|move|p1a: Landorus|Stealth Rock|p2a: Escavalier\n|-sidestart|p2: SpinjaOnNine|move: Stealth Rock\n|move|p2a: Escavalier|Knock Off|p1a: Landorus\n|-damage|p1a: Landorus|76\/100\n|-damage|p2a: Escavalier|43\/100|[from] item: Rocky Helmet|[of] p1a: Landorus\n|-enditem|p1a: Landorus|Rocky Helmet|[from] move: Knock Off|[of] p2a: Escavalier\n|\n|-heal|p2a: Escavalier|49\/100|[from] item: Leftovers\n|upkeep\n|turn|24\n|\n|t:|1699951144\n|move|p1a: Landorus|Toxic|p2a: Escavalier\n|-status|p2a: Escavalier|tox\n|move|p2a: Escavalier|Knock Off|p1a: Landorus\n|-damage|p1a: Landorus|65\/100\n|\n|-heal|p2a: Escavalier|55\/100 tox|[from] item: Leftovers\n|-damage|p2a: Escavalier|49\/100 tox|[from] psn\n|upkeep\n|turn|25\n|\n|t:|1699951163\n|move|p1a: Landorus|U-turn|p2a: Escavalier\n|-damage|p2a: Escavalier|33\/100 tox\n|\n|t:|1699951166\n|switch|p1a: Buzzwole|Buzzwole|100\/100|[from] U-turn\n|move|p2a: Escavalier|Iron Head|p1a: Buzzwole\n|-damage|p1a: Buzzwole|83\/100\n|-damage|p2a: Escavalier|16\/100 tox|[from] item: Rocky Helmet|[of] p1a: Buzzwole\n|\n|-heal|p2a: Escavalier|22\/100 tox|[from] item: Leftovers\n|-damage|p2a: Escavalier|10\/100 tox|[from] psn\n|upkeep\n|turn|26\n|\n|t:|1699951180\n|move|p1a: Buzzwole|Ice Punch|p2a: Escavalier\n|-damage|p2a: Escavalier|0 fnt\n|faint|p2a: Escavalier\n|-ability|p1a: Buzzwole|Beast Boost|boost\n|-boost|p1a: Buzzwole|atk|1\n|\n|upkeep\n|\n|t:|1699951188\n|switch|p2a: Gigalith|Gigalith, M, shiny|100\/100\n|-damage|p2a: Gigalith|88\/100|[from] Stealth Rock\n|-weather|Sandstorm|[from] ability: Sand Stream|[of] p2a: Gigalith\n|turn|27\n|-message|SpinjaOnNine forfeited.\n|\n|win|AnYzGj\n|raw|AnYzGj's rating: 1283 &rarr; <strong>1300<\/strong><br \/>(+17 for winning)\n|raw|SpinjaOnNine's rating: 1166 &rarr; <strong>1149<\/strong><br \/>(-17 for losing)\n|l|!SpinjaOnNine\n","uploadtime":1699950976,"views":4,"p1id":"anyzgj","p2id":"spinjaonnine","formatid":"gen9nationaldex","rating":1149,"private":0,"password":""}