{"id":"gen9nationaldex-1988307851","p1":"hsenb\u59da\u67d0","p2":"Chino TTT","format":"[Gen 9] National Dex","log":"|j|\u2606hsenb\u59da\u67d0\n|j|\u2606Chino TTT\n|t:|1699705866\n|gametype|singles\n|player|p1|hsenb\u59da\u67d0|may-contest|1762\n|player|p2|Chino TTT|wulfric|1844\n|teamsize|p1|6\n|teamsize|p2|6\n|gen|9\n|tier|[Gen 9] National Dex\n|rated|\n|rule|HP Percentage Mod: HP is shown in percentages\n|rule|Endless Battle Clause: Forcing endless battles is banned\n|rule|OHKO Clause: OHKO moves are banned\n|rule|Evasion Clause: Evasion abilities, items, and moves are banned\n|rule|Evasion Abilities Clause: Evasion abilities are banned\n|rule|Evasion Items Clause: Evasion items are banned\n|rule|Evasion Moves Clause: Evasion moves are banned\n|rule|Species Clause: Limit one of each Pok\u00e9mon\n|rule|Sleep Clause Mod: Limit one foe put to sleep\n|clearpoke\n|poke|p1|Diancie|\n|poke|p1|Garganacl, M|\n|poke|p1|Arcanine-Hisui, F|\n|poke|p1|Nihilego|\n|poke|p1|Glimmora, M|\n|poke|p1|Kleavor, F|\n|poke|p2|Clodsire, F|\n|poke|p2|Tyranitar, M|\n|poke|p2|Mawile, F|\n|poke|p2|Alomomola, F|\n|poke|p2|Skeledirge, M|\n|poke|p2|Weezing-Galar, M|\n|teampreview\n|c|\u2606Chino TTT|hi\n|c|\u2606Chino TTT|glhf\n|c|\u2606hsenb\u59da\u67d0|\u600e\u4e48\u662f\u53d7\u961f\u554a\n|\n|t:|1699705884\n|start\n|switch|p1a: Glimmora|Glimmora, M|100\/100\n|switch|p2a: IM NOT JUST LIKE|Clodsire, F|100\/100\n|turn|1\n|c|\u2606hsenb\u59da\u67d0|\u4e0d\u8981\u554a\n|\n|t:|1699705891\n|move|p1a: Glimmora|Earth Power|p2a: IM NOT JUST LIKE\n|-supereffective|p2a: IM NOT JUST LIKE\n|-damage|p2a: IM NOT JUST LIKE|64\/100\n|move|p2a: IM NOT JUST LIKE|Earthquake|p1a: Glimmora\n|-supereffective|p1a: Glimmora\n|-enditem|p1a: Glimmora|Focus Sash\n|-damage|p1a: Glimmora|1\/100\n|-activate|p1a: Glimmora|ability: Toxic Debris\n|-sidestart|p2: Chino TTT|move: Toxic Spikes\n|\n|upkeep\n|turn|2\n|\n|t:|1699705912\n|move|p1a: Glimmora|Stealth Rock|p2a: IM NOT JUST LIKE\n|-sidestart|p2: Chino TTT|move: Stealth Rock\n|move|p2a: IM NOT JUST LIKE|Recover|p2a: IM NOT JUST LIKE\n|-heal|p2a: IM NOT JUST LIKE|100\/100\n|\n|upkeep\n|turn|3\n|\n|t:|1699705916\n|move|p1a: Glimmora|Earth Power|p2a: IM NOT JUST LIKE\n|-supereffective|p2a: IM NOT JUST LIKE\n|-damage|p2a: IM NOT JUST LIKE|65\/100\n|move|p2a: IM NOT JUST LIKE|Earthquake|p1a: Glimmora\n|-supereffective|p1a: Glimmora\n|-damage|p1a: Glimmora|0 fnt\n|-activate|p1a: Glimmora|ability: Toxic Debris\n|-sidestart|p2: Chino TTT|move: Toxic Spikes\n|faint|p1a: Glimmora\n|\n|upkeep\n|\n|t:|1699705921\n|switch|p1a: Arcanine|Arcanine-Hisui, F|100\/100\n|turn|4\n|\n|t:|1699705929\n|switch|p2a: I'm Smarter|Alomomola, F|100\/100\n|-terastallize|p1a: Arcanine|Rock\n|move|p1a: Arcanine|Head Smash|p2a: I'm Smarter\n|-damage|p2a: I'm Smarter|11\/100\n|\n|upkeep\n|turn|5\n|\n|t:|1699705957\n|move|p2a: I'm Smarter|Protect|p2a: I'm Smarter\n|-singleturn|p2a: I'm Smarter|Protect\n|move|p1a: Arcanine|Head Smash|p2a: I'm Smarter\n|-activate|p2a: I'm Smarter|move: Protect\n|\n|upkeep\n|turn|6\n|\n|t:|1699705967\n|switch|p2a: THE REST OF U|Tyranitar, M|100\/100\n|-status|p2a: THE REST OF U|tox\n|-damage|p2a: THE REST OF U|88\/100 tox|[from] Stealth Rock\n|-weather|Sandstorm|[from] ability: Sand Stream|[of] p2a: THE REST OF U\n|move|p1a: Arcanine|Head Smash|p2a: THE REST OF U\n|-damage|p2a: THE REST OF U|0 fnt\n|faint|p2a: THE REST OF U\n|\n|-weather|Sandstorm|[upkeep]\n|upkeep\n|\n|t:|1699705975\n|switch|p2a: I'm Stronger|Mawile, F|100\/100\n|-damage|p2a: I'm Stronger|94\/100|[from] Stealth Rock\n|-ability|p2a: I'm Stronger|Intimidate|boost\n|-unboost|p1a: Arcanine|atk|1\n|turn|7\n|\n|t:|1699705982\n|switch|p1a: Garganacl|Garganacl, M|100\/100\n|detailschange|p2a: I'm Stronger|Mawile-Mega, F\n|-mega|p2a: I'm Stronger|Mawile|Mawilite\n|move|p2a: I'm Stronger|Knock Off|p1a: Garganacl\n|-damage|p1a: Garganacl|59\/100\n|-enditem|p1a: Garganacl|Leftovers|[from] move: Knock Off|[of] p2a: I'm Stronger\n|\n|-weather|Sandstorm|[upkeep]\n|upkeep\n|turn|8\n|\n|t:|1699705988\n|move|p2a: I'm Stronger|Play Rough|p1a: Garganacl\n|-damage|p1a: Garganacl|0 fnt\n|faint|p1a: Garganacl\n|\n|-weather|Sandstorm|[upkeep]\n|upkeep\n|\n|t:|1699705996\n|switch|p1a: Diancie|Diancie|100\/100\n|turn|9\n|\n|t:|1699706002\n|detailschange|p1a: Diancie|Diancie-Mega\n|-mega|p1a: Diancie|Diancie|Diancite\n|move|p1a: Diancie|Earth Power|p2a: I'm Stronger\n|-supereffective|p2a: I'm Stronger\n|-damage|p2a: I'm Stronger|0 fnt\n|faint|p2a: I'm Stronger\n|\n|-weather|Sandstorm|[upkeep]\n|upkeep\n|\n|t:|1699706011\n|switch|p2a: IM NOT JUST LIKE|Clodsire, F|65\/100\n|-sideend|p2: Chino TTT|move: Toxic Spikes|[of] p2a: IM NOT JUST LIKE\n|turn|10\n|\n|t:|1699706017\n|move|p1a: Diancie|Earth Power|p2a: IM NOT JUST LIKE\n|-supereffective|p2a: IM NOT JUST LIKE\n|-damage|p2a: IM NOT JUST LIKE|26\/100\n|move|p2a: IM NOT JUST LIKE|Recover|p2a: IM NOT JUST LIKE\n|-heal|p2a: IM NOT JUST LIKE|76\/100\n|\n|-weather|none\n|upkeep\n|turn|11\n|\n|t:|1699706025\n|move|p1a: Diancie|Earth Power|p2a: IM NOT JUST LIKE\n|-supereffective|p2a: IM NOT JUST LIKE\n|-damage|p2a: IM NOT JUST LIKE|38\/100\n|move|p2a: IM NOT JUST LIKE|Recover|p2a: IM NOT JUST LIKE\n|-heal|p2a: IM NOT JUST LIKE|88\/100\n|\n|upkeep\n|turn|12\n|\n|t:|1699706031\n|move|p1a: Diancie|Earth Power|p2a: IM NOT JUST LIKE\n|-supereffective|p2a: IM NOT JUST LIKE\n|-damage|p2a: IM NOT JUST LIKE|50\/100\n|move|p2a: IM NOT JUST LIKE|Recover|p2a: IM NOT JUST LIKE\n|-heal|p2a: IM NOT JUST LIKE|99\/100\n|\n|upkeep\n|turn|13\n|\n|t:|1699706037\n|move|p1a: Diancie|Earth Power|p2a: IM NOT JUST LIKE\n|-supereffective|p2a: IM NOT JUST LIKE\n|-damage|p2a: IM NOT JUST LIKE|64\/100\n|move|p2a: IM NOT JUST LIKE|Earthquake|p1a: Diancie\n|-supereffective|p1a: Diancie\n|-damage|p1a: Diancie|18\/100\n|\n|upkeep\n|turn|14\n|\n|t:|1699706044\n|move|p1a: Diancie|Earth Power|p2a: IM NOT JUST LIKE\n|-supereffective|p2a: IM NOT JUST LIKE\n|-damage|p2a: IM NOT JUST LIKE|26\/100\n|move|p2a: IM NOT JUST LIKE|Recover|p2a: IM NOT JUST LIKE\n|-heal|p2a: IM NOT JUST LIKE|76\/100\n|\n|upkeep\n|turn|15\n|\n|t:|1699706048\n|move|p1a: Diancie|Earth Power|p2a: IM NOT JUST LIKE\n|-supereffective|p2a: IM NOT JUST LIKE\n|-damage|p2a: IM NOT JUST LIKE|42\/100\n|move|p2a: IM NOT JUST LIKE|Recover|p2a: IM NOT JUST LIKE\n|-heal|p2a: IM NOT JUST LIKE|92\/100\n|\n|upkeep\n|turn|16\n|\n|t:|1699706053\n|move|p1a: Diancie|Earth Power|p2a: IM NOT JUST LIKE\n|-supereffective|p2a: IM NOT JUST LIKE\n|-damage|p2a: IM NOT JUST LIKE|56\/100\n|move|p2a: IM NOT JUST LIKE|Earthquake|p1a: Diancie\n|-supereffective|p1a: Diancie\n|-damage|p1a: Diancie|0 fnt\n|faint|p1a: Diancie\n|\n|upkeep\n|\n|t:|1699706058\n|switch|p1a: Arcanine|Arcanine-Hisui, F, tera:Rock|100\/100\n|turn|17\n|\n|t:|1699706061\n|switch|p2a: I'm Smarter|Alomomola, F|44\/100\n|move|p1a: Arcanine|Head Smash|p2a: I'm Smarter\n|-damage|p2a: I'm Smarter|0 fnt\n|faint|p2a: I'm Smarter\n|\n|upkeep\n|\n|t:|1699706067\n|switch|p2a: I AM BETTER!!!!!|Weezing-Galar, M|100\/100\n|-damage|p2a: I AM BETTER!!!!!|88\/100|[from] Stealth Rock\n|turn|18\n|\n|t:|1699706070\n|-terastallize|p2a: I AM BETTER!!!!!|Steel\n|move|p1a: Arcanine|Head Smash|p2a: I AM BETTER!!!!!\n|-resisted|p2a: I AM BETTER!!!!!\n|-damage|p2a: I AM BETTER!!!!!|34\/100\n|move|p2a: I AM BETTER!!!!!|Will-O-Wisp|p1a: Arcanine\n|-status|p1a: Arcanine|brn\n|\n|-damage|p2a: I AM BETTER!!!!!|22\/100|[from] item: Black Sludge\n|-damage|p1a: Arcanine|94\/100 brn|[from] brn\n|upkeep\n|turn|19\n|\n|t:|1699706095\n|move|p1a: Arcanine|Head Smash|p2a: I AM BETTER!!!!!\n|-resisted|p2a: I AM BETTER!!!!!\n|-damage|p2a: I AM BETTER!!!!!|0 fnt\n|faint|p2a: I AM BETTER!!!!!\n|\n|-damage|p1a: Arcanine|88\/100 brn|[from] brn\n|upkeep\n|\n|t:|1699706102\n|switch|p2a: IM NOT JUST LIKE|Clodsire, F|56\/100\n|turn|20\n|\n|t:|1699706105\n|move|p1a: Arcanine|Head Smash|p2a: IM NOT JUST LIKE\n|-resisted|p2a: IM NOT JUST LIKE\n|-damage|p2a: IM NOT JUST LIKE|16\/100\n|move|p2a: IM NOT JUST LIKE|Recover|p2a: IM NOT JUST LIKE\n|-heal|p2a: IM NOT JUST LIKE|66\/100\n|\n|-damage|p1a: Arcanine|82\/100 brn|[from] brn\n|upkeep\n|turn|21\n|\n|t:|1699706112\n|move|p1a: Arcanine|Head Smash|p2a: IM NOT JUST LIKE\n|-resisted|p2a: IM NOT JUST LIKE\n|-damage|p2a: IM NOT JUST LIKE|22\/100\n|move|p2a: IM NOT JUST LIKE|Recover|p2a: IM NOT JUST LIKE\n|-heal|p2a: IM NOT JUST LIKE|72\/100\n|\n|-damage|p1a: Arcanine|76\/100 brn|[from] brn\n|upkeep\n|turn|22\n|\n|t:|1699706116\n|-activate|p1a: Arcanine|move: Struggle\n|move|p1a: Arcanine|Struggle|p2a: IM NOT JUST LIKE\n|-damage|p2a: IM NOT JUST LIKE|57\/100\n|-damage|p1a: Arcanine|51\/100 brn|[from] recoil\n|move|p2a: IM NOT JUST LIKE|Stealth Rock|p1a: Arcanine\n|-sidestart|p1: hsenb\u59da\u67d0|move: Stealth Rock\n|\n|-damage|p1a: Arcanine|45\/100 brn|[from] brn\n|upkeep\n|turn|23\n|\n|t:|1699706125\n|switch|p2a: Im BETTER!!!|Skeledirge, M|100\/100\n|-activate|p1a: Arcanine|move: Struggle\n|move|p1a: Arcanine|Struggle|p2a: Im BETTER!!!\n|-damage|p2a: Im BETTER!!!|92\/100\n|-damage|p1a: Arcanine|20\/100 brn|[from] recoil\n|\n|-damage|p1a: Arcanine|14\/100 brn|[from] brn\n|upkeep\n|turn|24\n|l|\u2606hsenb\u59da\u67d0\n|player|p1|\n|j|\u2606hsenb\u59da\u67d0\n|player|p1|hsenb\u59da\u67d0|may-contest\n|\n|t:|1699706160\n|-activate|p1a: Arcanine|move: Struggle\n|move|p1a: Arcanine|Struggle|p2a: Im BETTER!!!\n|-damage|p2a: Im BETTER!!!|84\/100\n|-damage|p1a: Arcanine|0 fnt|[from] recoil\n|faint|p1a: Arcanine\n|move|p2a: Im BETTER!!!|Slack Off|p2a: Im BETTER!!!\n|-heal|p2a: Im BETTER!!!|100\/100\n|\n|upkeep\n|\n|t:|1699706167\n|switch|p1a: Nihilego|Nihilego|100\/100\n|-damage|p1a: Nihilego|88\/100|[from] Stealth Rock\n|turn|25\n|\n|t:|1699706179\n|move|p1a: Nihilego|Meteor Beam||[still]\n|-prepare|p1a: Nihilego|Meteor Beam\n|-boost|p1a: Nihilego|spa|1\n|-enditem|p1a: Nihilego|Power Herb\n|-anim|p1a: Nihilego|Meteor Beam|p2a: Im BETTER!!!\n|-supereffective|p2a: Im BETTER!!!\n|-damage|p2a: Im BETTER!!!|0 fnt\n|faint|p2a: Im BETTER!!!\n|-ability|p1a: Nihilego|Beast Boost|boost\n|-boost|p1a: Nihilego|spe|1\n|\n|upkeep\n|c|\u2606hsenb\u59da\u67d0|\u3002\n|\n|t:|1699706187\n|switch|p2a: IM NOT JUST LIKE|Clodsire, F|57\/100\n|turn|26\n|c|\u2606Chino TTT|ggs\n|c|\u2606Chino TTT|wp\n|c|\u2606hsenb\u59da\u67d0|gg\n|c|\u2606Chino TTT|x\n|\n|t:|1699706218\n|move|p1a: Nihilego|Psyshock|p2a: IM NOT JUST LIKE\n|-supereffective|p2a: IM NOT JUST LIKE\n|-damage|p2a: IM NOT JUST LIKE|4\/100\n|move|p2a: IM NOT JUST LIKE|Earthquake|p1a: Nihilego\n|-supereffective|p1a: Nihilego\n|-damage|p1a: Nihilego|0 fnt\n|faint|p1a: Nihilego\n|\n|upkeep\n|\n|t:|1699706223\n|switch|p1a: Kleavor|Kleavor, F|100\/100\n|-damage|p1a: Kleavor|76\/100|[from] Stealth Rock\n|turn|27\n|\n|t:|1699706232\n|move|p1a: Kleavor|Close Combat|p2a: IM NOT JUST LIKE\n|-resisted|p2a: IM NOT JUST LIKE\n|-damage|p2a: IM NOT JUST LIKE|0 fnt\n|-unboost|p1a: Kleavor|def|1\n|-unboost|p1a: Kleavor|spd|1\n|faint|p2a: IM NOT JUST LIKE\n|\n|win|hsenb\u59da\u67d0\n|raw|hsenb\u59da\u67d0's rating: 1762 &rarr; <strong>1787<\/strong><br \/>(+25 for winning)\n|raw|Chino TTT's rating: 1844 &rarr; <strong>1819<\/strong><br \/>(-25 for losing)\n|l|\u2606Chino TTT\n","uploadtime":1699706247,"views":19,"p1id":"hsenb","p2id":"chinottt","formatid":"gen9nationaldex","rating":1787,"private":0,"password":""}