{"id":"gen9nationaldex-1998227912","p1":"itay80771","p2":"ido1234567890","format":"[Gen 9] National Dex","log":"|html|<div class=\"broadcast-blue\"><strong>[Gen 9] National Dex is currently suspecting Sneasler! For information on how to participate check out the <a href=\"https:\/\/www.smogon.com\/forums\/threads\/sv-national-dex-suspect-8-just-dance.3731534\/\">suspect thread<\/a>.<\/strong><\/div>\n|j|\u2606itay80771\n|j|\u2606ido1234567890\n|t:|1700916266\n|gametype|singles\n|player|p1|itay80771|giovanni|\n|player|p2|ido1234567890|lucas|\n|teamsize|p1|6\n|teamsize|p2|6\n|gen|9\n|tier|[Gen 9] National Dex\n|rule|HP Percentage Mod: HP is shown in percentages\n|rule|Endless Battle Clause: Forcing endless battles is banned\n|rule|OHKO Clause: OHKO moves are banned\n|rule|Evasion Clause: Evasion abilities, items, and moves are banned\n|rule|Evasion Abilities Clause: Evasion abilities are banned\n|rule|Evasion Items Clause: Evasion items are banned\n|rule|Evasion Moves Clause: Evasion moves are banned\n|rule|Species Clause: Limit one of each Pok\u00e9mon\n|rule|Sleep Clause Mod: Limit one foe put to sleep\n|clearpoke\n|poke|p1|Landorus-Therian, M|\n|poke|p1|Clodsire, M|\n|poke|p1|Excadrill, F|\n|poke|p1|Hippowdon, M|\n|poke|p1|Garchomp, F|\n|poke|p1|Torterra, F|\n|poke|p2|Kommo-o, M|\n|poke|p2|Lilligant-Hisui, F|\n|poke|p2|Infernape, F|\n|poke|p2|Heracross, M|\n|poke|p2|Hawlucha, F|\n|poke|p2|Urshifu-*, F|\n|teampreview\n|inactive|Battle timer is ON: inactive players will automatically lose when time's up. (requested by itay80771)\n|\n|t:|1700916297\n|start\n|switch|p1a: Pooper 2.0|Clodsire, M, shiny|100\/100\n|switch|p2a: Lilligant|Lilligant-Hisui, F|100\/100\n|turn|1\n|\n|t:|1700916307\n|move|p2a: Lilligant|Ice Spinner|p1a: Pooper 2.0\n|-supereffective|p1a: Pooper 2.0\n|-damage|p1a: Pooper 2.0|25\/100\n|move|p1a: Pooper 2.0|Haze|p1a: Pooper 2.0\n|-clearallboost\n|\n|upkeep\n|turn|2\n|j| Lightning emolga\n|\n|t:|1700916322\n|move|p2a: Lilligant|Ice Spinner|p1a: Pooper 2.0\n|-supereffective|p1a: Pooper 2.0\n|-crit|p1a: Pooper 2.0\n|-damage|p1a: Pooper 2.0|0 fnt\n|faint|p1a: Pooper 2.0\n|\n|upkeep\n|\n|t:|1700916331\n|switch|p1a: Happy Hippo|Hippowdon, M|100\/100\n|-weather|Sandstorm|[from] ability: Sand Stream|[of] p1a: Happy Hippo\n|turn|3\n|\n|t:|1700916337\n|move|p2a: Lilligant|Leaf Blade|p1a: Happy Hippo\n|-supereffective|p1a: Happy Hippo\n|-damage|p1a: Happy Hippo|18\/100\n|move|p1a: Happy Hippo|Body Press|p2a: Lilligant\n|-damage|p2a: Lilligant|68\/100\n|\n|-weather|Sandstorm|[upkeep]\n|-damage|p2a: Lilligant|62\/100|[from] Sandstorm\n|upkeep\n|turn|4\n|\n|t:|1700916343\n|move|p2a: Lilligant|Leaf Blade|p1a: Happy Hippo\n|-supereffective|p1a: Happy Hippo\n|-damage|p1a: Happy Hippo|0 fnt\n|faint|p1a: Happy Hippo\n|\n|-weather|Sandstorm|[upkeep]\n|-damage|p2a: Lilligant|56\/100|[from] Sandstorm\n|upkeep\n|\n|t:|1700916344\n|switch|p1a: Moldera|Excadrill, F, shiny|100\/100\n|turn|5\n|\n|t:|1700916361\n|switch|p2a: Urshifu|Urshifu-Rapid-Strike, F|100\/100\n|-terastallize|p1a: Moldera|Ghost\n|move|p1a: Moldera|Swords Dance|p1a: Moldera\n|-boost|p1a: Moldera|atk|2\n|\n|-weather|Sandstorm|[upkeep]\n|-damage|p2a: Urshifu|94\/100|[from] Sandstorm\n|upkeep\n|turn|6\n|\n|t:|1700916374\n|move|p1a: Moldera|Earthquake|p2a: Urshifu\n|-crit|p2a: Urshifu\n|-damage|p2a: Urshifu|0 fnt\n|faint|p2a: Urshifu\n|\n|-weather|Sandstorm|[upkeep]\n|upkeep\n|j| bidoofol\n|\n|t:|1700916390\n|switch|p2a: Kommo-o|Kommo-o, M|100\/100\n|turn|7\n|\n|t:|1700916395\n|move|p1a: Moldera|Iron Head|p2a: Kommo-o\n|-damage|p2a: Kommo-o|9\/100\n|cant|p2a: Kommo-o|flinch\n|\n|-weather|Sandstorm|[upkeep]\n|upkeep\n|turn|8\n|\n|t:|1700916400\n|move|p1a: Moldera|Earthquake|p2a: Kommo-o\n|-damage|p2a: Kommo-o|0 fnt\n|faint|p2a: Kommo-o\n|\n|-weather|Sandstorm|[upkeep]\n|upkeep\n|\n|t:|1700916406\n|switch|p2a: Hawlucha|Hawlucha, F|100\/100\n|turn|9\n|\n|t:|1700916419\n|switch|p2a: Infernape|Infernape, F|100\/100\n|move|p1a: Moldera|Iron Head|p2a: Infernape\n|-resisted|p2a: Infernape\n|-damage|p2a: Infernape|14\/100\n|\n|-weather|Sandstorm|[upkeep]\n|-damage|p2a: Infernape|8\/100|[from] Sandstorm\n|upkeep\n|turn|10\n|\n|t:|1700916429\n|move|p1a: Moldera|Earthquake|p2a: Infernape\n|-supereffective|p2a: Infernape\n|-damage|p2a: Infernape|0 fnt\n|faint|p2a: Infernape\n|\n|-weather|none\n|upkeep\n|\n|t:|1700916433\n|switch|p2a: Hawlucha|Hawlucha, F|100\/100\n|turn|11\n|\n|t:|1700916443\n|-terastallize|p2a: Hawlucha|Poison\n|move|p2a: Hawlucha|Poison Jab|p1a: Moldera\n|-resisted|p1a: Moldera\n|-damage|p1a: Moldera|75\/100\n|move|p1a: Moldera|Iron Head|p2a: Hawlucha\n|-damage|p2a: Hawlucha|0 fnt\n|faint|p2a: Hawlucha\n|\n|upkeep\n|\n|t:|1700916452\n|switch|p2a: Lilligant|Lilligant-Hisui, F|56\/100\n|turn|12\n|\n|t:|1700916458\n|move|p2a: Lilligant|Leaf Blade|p1a: Moldera\n|-damage|p1a: Moldera|0 fnt\n|faint|p1a: Moldera\n|\n|upkeep\n|\n|t:|1700916463\n|switch|p1a: Behemoth|Landorus-Therian, M, shiny|100\/100\n|-ability|p1a: Behemoth|Intimidate|boost\n|-unboost|p2a: Lilligant|atk|1\n|turn|13\n|\n|t:|1700916473\n|move|p2a: Lilligant|Ice Spinner|p1a: Behemoth\n|-supereffective|p1a: Behemoth\n|-damage|p1a: Behemoth|0 fnt\n|faint|p1a: Behemoth\n|\n|upkeep\n|\n|t:|1700916480\n|switch|p1a: Broccoli|Torterra, F|100\/100\n|turn|14\n|\n|t:|1700916488\n|move|p2a: Lilligant|Ice Spinner|p1a: Broccoli\n|-supereffective|p1a: Broccoli\n|-damage|p1a: Broccoli|11\/100\n|move|p1a: Broccoli|Shell Smash|p1a: Broccoli\n|-unboost|p1a: Broccoli|def|1\n|-unboost|p1a: Broccoli|spd|1\n|-boost|p1a: Broccoli|atk|2\n|-boost|p1a: Broccoli|spa|2\n|-boost|p1a: Broccoli|spe|2\n|\n|upkeep\n|turn|15\n|\n|t:|1700916496\n|move|p1a: Broccoli|Headlong Rush|p2a: Lilligant\n|-resisted|p2a: Lilligant\n|-damage|p2a: Lilligant|0 fnt\n|-unboost|p1a: Broccoli|def|1\n|-unboost|p1a: Broccoli|spd|1\n|faint|p2a: Lilligant\n|\n|upkeep\n|\n|t:|1700916498\n|switch|p2a: Heracross|Heracross, M|100\/100\n|turn|16\n|\n|t:|1700916507\n|move|p1a: Broccoli|Rock Blast|p2a: Heracross|[miss]\n|-miss|p1a: Broccoli|p2a: Heracross\n|move|p2a: Heracross|Brick Break|p1a: Broccoli\n|-damage|p1a: Broccoli|0 fnt\n|faint|p1a: Broccoli\n|-ability|p2a: Heracross|Moxie|boost\n|-boost|p2a: Heracross|atk|1\n|\n|upkeep\n|\n|t:|1700916514\n|switch|p1a: Madara|Garchomp, F|100\/100\n|turn|17\n|\n|t:|1700916535\n|detailschange|p1a: Madara|Garchomp-Mega, F\n|-mega|p1a: Madara|Garchomp|Garchompite\n|detailschange|p2a: Heracross|Heracross-Mega, M\n|-mega|p2a: Heracross|Heracross|Heracronite\n|move|p1a: Madara|Iron Head|p2a: Heracross\n|-damage|p2a: Heracross|70\/100\n|move|p2a: Heracross|Brick Break|p1a: Madara\n|-damage|p1a: Madara|40\/100\n|\n|upkeep\n|turn|18\n|c| Lightning emolga|\u05de\u05d2\u05d4 \u05e0\u05d2\u05d3 \u05de\u05d2\u05d4 \u05d1\u05e1\u05d5\u05e3\n|\n|t:|1700916543\n|move|p1a: Madara|Iron Head|p2a: Heracross\n|-damage|p2a: Heracross|41\/100\n|move|p2a: Heracross|Brick Break|p1a: Madara\n|-damage|p1a: Madara|0 fnt\n|faint|p1a: Madara\n|\n|win|ido1234567890\n","uploadtime":1700916546,"views":5,"p1id":"itay80771","p2id":"ido1234567890","formatid":"gen9nationaldex","rating":0,"private":0,"password":""}