{"id":"gen9nationaldex-1999532174","p1":"NDSNEZ Sanji","p2":"baigu","format":"[Gen 9] National Dex","log":"|html|<div class=\"broadcast-blue\"><strong>[Gen 9] National Dex is currently suspecting Sneasler! For information on how to participate check out the <a href=\"https:\/\/www.smogon.com\/forums\/threads\/sv-national-dex-suspect-8-just-dance.3731534\/\">suspect thread<\/a>.<\/strong><\/div>\n|j|\u2606NDSNEZ Sanji\n|j|\u2606baigu\n|t:|1701093258\n|gametype|singles\n|player|p1|NDSNEZ Sanji|lusamine-nihilego|1550\n|player|p2|baigu|266|1853\n|teamsize|p1|6\n|teamsize|p2|6\n|gen|9\n|tier|[Gen 9] National Dex\n|rated|\n|rule|HP Percentage Mod: HP is shown in percentages\n|rule|Endless Battle Clause: Forcing endless battles is banned\n|rule|OHKO Clause: OHKO moves are banned\n|rule|Evasion Clause: Evasion abilities, items, and moves are banned\n|rule|Evasion Abilities Clause: Evasion abilities are banned\n|rule|Evasion Items Clause: Evasion items are banned\n|rule|Evasion Moves Clause: Evasion moves are banned\n|rule|Species Clause: Limit one of each Pok\u00e9mon\n|rule|Sleep Clause Mod: Limit one foe put to sleep\n|clearpoke\n|poke|p1|Ogerpon-Wellspring, F|\n|poke|p1|Landorus-Therian, M|\n|poke|p1|Tapu Lele|\n|poke|p1|Zamazenta-*|\n|poke|p1|Heatran, F|\n|poke|p1|Slowking-Galar, F|\n|poke|p2|Ursaluna, M|\n|poke|p2|Slowking, M|\n|poke|p2|Corviknight, F|\n|poke|p2|Hoopa-Unbound|\n|poke|p2|Dragonite, F|\n|poke|p2|Tapu Koko|\n|teampreview\n|n|!NDSNEZ Sanji|ndsnezsanji\n|\n|t:|1701093302\n|start\n|switch|p1a: Slowking|Slowking-Galar, F|100\/100\n|switch|p2a: Tapu Koko|Tapu Koko|100\/100\n|-fieldstart|move: Electric Terrain|[from] ability: Electric Surge|[of] p2a: Tapu Koko\n|turn|1\n|\n|t:|1701093317\n|move|p2a: Tapu Koko|U-turn|p1a: Slowking\n|-damage|p1a: Slowking|88\/100\n|\n|t:|1701093319\n|switch|p2a: \u718a\u5927|Ursaluna, M|100\/100|[from] U-turn\n|move|p1a: Slowking|Future Sight|p2a: \u718a\u5927\n|-start|p1a: Slowking|move: Future Sight\n|\n|-status|p2a: \u718a\u5927|brn|[from] item: Flame Orb\n|upkeep\n|turn|2\n|inactive|Battle timer is ON: inactive players will automatically lose when time's up. (requested by baigu)\n|\n|t:|1701093338\n|switch|p1a: Landorus|Landorus-Therian, M|100\/100\n|-ability|p1a: Landorus|Intimidate|boost\n|-unboost|p2a: \u718a\u5927|atk|1\n|-terastallize|p2a: \u718a\u5927|Normal\n|move|p2a: \u718a\u5927|Facade|p1a: Landorus\n|-damage|p1a: Landorus|20\/100\n|-damage|p2a: \u718a\u5927|84\/100 brn|[from] item: Rocky Helmet|[of] p1a: Landorus\n|\n|-damage|p2a: \u718a\u5927|78\/100 brn|[from] brn\n|upkeep\n|turn|3\n|\n|t:|1701093353\n|switch|p2a: Corviknight|Corviknight, F|100\/100\n|-ability|p2a: Corviknight|Pressure\n|move|p1a: Landorus|Earthquake|p2a: Corviknight\n|-immune|p2a: Corviknight\n|\n|-end|p2a: Corviknight|move: Future Sight\n|-resisted|p2a: Corviknight\n|-damage|p2a: Corviknight|81\/100\n|upkeep\n|turn|4\n|\n|t:|1701093379\n|move|p1a: Landorus|U-turn|p2a: Corviknight\n|-resisted|p2a: Corviknight\n|-damage|p2a: Corviknight|77\/100\n|-damage|p1a: Landorus|3\/100|[from] item: Rocky Helmet|[of] p2a: Corviknight\n|\n|t:|1701093399\n|switch|p1a: Heatran|Heatran, F|100\/100|[from] U-turn\n|move|p2a: Corviknight|U-turn|p1a: Heatran\n|-resisted|p1a: Heatran\n|-damage|p1a: Heatran|97\/100\n|\n|t:|1701093402\n|switch|p2a: Hoopa|Hoopa-Unbound|100\/100|[from] U-turn\n|\n|-heal|p1a: Heatran|100\/100|[from] item: Leftovers\n|upkeep\n|turn|5\n|\n|t:|1701093410\n|switch|p1a: Landorus|Landorus-Therian, M|3\/100\n|-ability|p1a: Landorus|Intimidate|boost\n|-unboost|p2a: Hoopa|atk|1\n|-zpower|p2a: Hoopa\n|move|p2a: Hoopa|All-Out Pummeling|p1a: Landorus|[zeffect]\n|-resisted|p1a: Landorus\n|-damage|p1a: Landorus|0 fnt\n|faint|p1a: Landorus\n|\n|-fieldend|move: Electric Terrain\n|upkeep\n|\n|t:|1701093425\n|switch|p1a: Zamazenta|Zamazenta|100\/100\n|-ability|p1a: Zamazenta|Dauntless Shield|boost\n|-boost|p1a: Zamazenta|def|1\n|turn|6\n|\n|t:|1701093433\n|move|p1a: Zamazenta|Close Combat|p2a: Hoopa\n|-damage|p2a: Hoopa|0 fnt\n|-unboost|p1a: Zamazenta|def|1\n|-unboost|p1a: Zamazenta|spd|1\n|faint|p2a: Hoopa\n|\n|upkeep\n|\n|t:|1701093437\n|switch|p2a: Tapu Koko|Tapu Koko|100\/100\n|-fieldstart|move: Electric Terrain|[from] ability: Electric Surge|[of] p2a: Tapu Koko\n|turn|7\n|\n|t:|1701093442\n|switch|p1a: Slowking|Slowking-Galar, F|100\/100\n|move|p2a: Tapu Koko|Volt Switch|p1a: Slowking\n|-damage|p1a: Slowking|59\/100\n|\n|t:|1701093444\n|switch|p2a: \u718a\u5927|Ursaluna, M, tera:Normal|78\/100 brn|[from] Volt Switch\n|\n|-damage|p2a: \u718a\u5927|72\/100 brn|[from] brn\n|upkeep\n|turn|8\n|\n|t:|1701093455\n|switch|p1a: Heatran|Heatran, F|100\/100\n|move|p2a: \u718a\u5927|Facade|p1a: Heatran\n|-resisted|p1a: Heatran\n|-damage|p1a: Heatran|24\/100\n|\n|-heal|p1a: Heatran|30\/100|[from] item: Leftovers\n|-damage|p2a: \u718a\u5927|66\/100 brn|[from] brn\n|upkeep\n|turn|9\n|\n|t:|1701093469\n|move|p1a: Heatran|Magma Storm|p2a: \u718a\u5927|[miss]\n|-miss|p1a: Heatran|p2a: \u718a\u5927\n|move|p2a: \u718a\u5927|Facade|p1a: Heatran\n|-resisted|p1a: Heatran\n|-damage|p1a: Heatran|0 fnt\n|faint|p1a: Heatran\n|\n|-damage|p2a: \u718a\u5927|60\/100 brn|[from] brn\n|upkeep\n|\n|t:|1701093480\n|switch|p1a: Zamazenta|Zamazenta|100\/100\n|turn|10\n|\n|t:|1701093491\n|switch|p2a: Corviknight|Corviknight, F|77\/100\n|-ability|p2a: Corviknight|Pressure\n|move|p1a: Zamazenta|Close Combat|p2a: Corviknight\n|-damage|p2a: Corviknight|41\/100\n|-unboost|p1a: Zamazenta|def|1\n|-unboost|p1a: Zamazenta|spd|1\n|-damage|p1a: Zamazenta|84\/100|[from] item: Rocky Helmet|[of] p2a: Corviknight\n|\n|upkeep\n|turn|11\n|\n|t:|1701093505\n|move|p1a: Zamazenta|Close Combat|p2a: Corviknight\n|-damage|p2a: Corviknight|3\/100\n|-unboost|p1a: Zamazenta|def|1\n|-unboost|p1a: Zamazenta|spd|1\n|-damage|p1a: Zamazenta|67\/100|[from] item: Rocky Helmet|[of] p2a: Corviknight\n|move|p2a: Corviknight|Roost|p2a: Corviknight\n|-heal|p2a: Corviknight|53\/100\n|-singleturn|p2a: Corviknight|move: Roost\n|\n|-fieldend|move: Electric Terrain\n|upkeep\n|turn|12\n|\n|t:|1701093517\n|switch|p1a: Slowking|Slowking-Galar, F|92\/100\n|move|p2a: Corviknight|U-turn|p1a: Slowking\n|-damage|p1a: Slowking|81\/100\n|\n|t:|1701093519\n|switch|p2a: \u718a\u5927|Ursaluna, M, tera:Normal|60\/100 brn|[from] U-turn\n|\n|-damage|p2a: \u718a\u5927|54\/100 brn|[from] brn\n|upkeep\n|turn|13\n|\n|t:|1701093540\n|-terastallize|p1a: Slowking|Steel\n|move|p2a: \u718a\u5927|Facade|p1a: Slowking\n|-resisted|p1a: Slowking\n|-damage|p1a: Slowking|25\/100\n|move|p1a: Slowking|Future Sight|p2a: \u718a\u5927\n|-start|p1a: Slowking|move: Future Sight\n|\n|-damage|p2a: \u718a\u5927|47\/100 brn|[from] brn\n|upkeep\n|turn|14\n|\n|t:|1701093551\n|switch|p1a: Zamazenta|Zamazenta|67\/100\n|move|p2a: \u718a\u5927|Facade|p1a: Zamazenta\n|-damage|p1a: Zamazenta|0 fnt\n|faint|p1a: Zamazenta\n|\n|-damage|p2a: \u718a\u5927|41\/100 brn|[from] brn\n|upkeep\n|\n|t:|1701093560\n|switch|p1a: Tapu Lele|Tapu Lele|100\/100\n|-fieldstart|move: Psychic Terrain|[from] ability: Psychic Surge|[of] p1a: Tapu Lele\n|turn|15\n|\n|t:|1701093566\n|switch|p2a: Slowking|Slowking, M|100\/100\n|move|p1a: Tapu Lele|Psychic|p2a: Slowking\n|-resisted|p2a: Slowking\n|-damage|p2a: Slowking|83\/100\n|\n|-end|p2a: Slowking|move: Future Sight\n|-resisted|p2a: Slowking\n|-damage|p2a: Slowking|66\/100\n|upkeep\n|turn|16\n|\n|t:|1701093574\n|switch|p1a: Ogerpon|Ogerpon-Wellspring, F|100\/100\n|move|p2a: Slowking|Teleport|p2a: Slowking\n|\n|t:|1701093576\n|switch|p2a: Dragonite|Dragonite, F|100\/100|[from] Teleport\n|\n|upkeep\n|turn|17\n|\n|t:|1701093582\n|switch|p1a: Slowking|Slowking-Galar, F, tera:Steel|58\/100\n|move|p2a: Dragonite|Dual Wingbeat|p1a: Slowking\n|-resisted|p1a: Slowking\n|-damage|p1a: Slowking|46\/100\n|-resisted|p1a: Slowking\n|-damage|p1a: Slowking|32\/100\n|-hitcount|p1a: Slowking|2\n|\n|upkeep\n|turn|18\n|inactive|baigu has 120 seconds left.\n|\n|t:|1701093620\n|move|p2a: Dragonite|Dual Wingbeat|p1a: Slowking\n|-resisted|p1a: Slowking\n|-damage|p1a: Slowking|19\/100\n|-resisted|p1a: Slowking\n|-damage|p1a: Slowking|6\/100\n|-hitcount|p1a: Slowking|2\n|move|p1a: Slowking|Future Sight|p2a: Dragonite\n|-start|p1a: Slowking|move: Future Sight\n|\n|upkeep\n|turn|19\n|inactive|baigu has 120 seconds left.\n|\n|t:|1701093652\n|switch|p1a: Tapu Lele|Tapu Lele|100\/100\n|move|p2a: Dragonite|Dual Wingbeat|p1a: Tapu Lele\n|-damage|p1a: Tapu Lele|50\/100\n|-damage|p1a: Tapu Lele|0 fnt\n|faint|p1a: Tapu Lele\n|-hitcount|p1: Tapu Lele|2\n|\n|-fieldend|move: Psychic Terrain\n|upkeep\n|\n|t:|1701093663\n|switch|p1a: Ogerpon|Ogerpon-Wellspring, F|100\/100\n|turn|20\n|\n|t:|1701093667\n|move|p1a: Ogerpon|Ivy Cudgel|p2a: Dragonite|[anim] Ivy Cudgel Water\n|-resisted|p2a: Dragonite\n|-damage|p2a: Dragonite|85\/100\n|move|p2a: Dragonite|Dual Wingbeat|p1a: Ogerpon\n|-supereffective|p1a: Ogerpon\n|-damage|p1a: Ogerpon|15\/100\n|-supereffective|p1a: Ogerpon\n|-damage|p1a: Ogerpon|0 fnt\n|faint|p1a: Ogerpon\n|-hitcount|p1: Ogerpon|2\n|\n|-end|p2a: Dragonite|move: Future Sight\n|-damage|p2a: Dragonite|38\/100\n|upkeep\n|\n|t:|1701093678\n|switch|p1a: Slowking|Slowking-Galar, F, tera:Steel|39\/100\n|turn|21\n|\n|t:|1701093699\n|switch|p2a: Tapu Koko|Tapu Koko|100\/100\n|-fieldstart|move: Electric Terrain|[from] ability: Electric Surge|[of] p2a: Tapu Koko\n|move|p1a: Slowking|Sludge Bomb|p2a: Tapu Koko\n|-supereffective|p2a: Tapu Koko\n|-damage|p2a: Tapu Koko|0 fnt\n|faint|p2a: Tapu Koko\n|\n|upkeep\n|\n|t:|1701093707\n|switch|p2a: \u718a\u5927|Ursaluna, M, tera:Normal|41\/100 brn\n|turn|22\n|\n|t:|1701093712\n|move|p2a: \u718a\u5927|Headlong Rush|p1a: Slowking\n|-supereffective|p1a: Slowking\n|-damage|p1a: Slowking|0 fnt\n|-unboost|p2a: \u718a\u5927|def|1\n|-unboost|p2a: \u718a\u5927|spd|1\n|faint|p1a: Slowking\n|\n|win|baigu\n|raw|NDSNEZ Sanji's rating: 1550 &rarr; <strong>1544<\/strong><br \/>(-6 for losing)\n|raw|baigu's rating: 1853 &rarr; <strong>1859<\/strong><br \/>(+6 for winning)\n","uploadtime":1701093295,"views":1,"p1id":"ndsnezsanji","p2id":"baigu","formatid":"gen9nationaldex","rating":1544,"private":0,"password":""}