{"id":"gen9nationaldex-2000428586","p1":"Xurkiyee","p2":"N1RankoKanzakiSimp","format":"[Gen 9] National Dex","log":"|html|<div class=\"broadcast-blue\"><strong>[Gen 9] National Dex is currently suspecting Sneasler! For information on how to participate check out the <a href=\"https:\/\/www.smogon.com\/forums\/threads\/sv-national-dex-suspect-8-just-dance.3731534\/\">suspect thread<\/a>.<\/strong><\/div>\n|j|\u2606Xurkiyee\n|j|\u2606N1RankoKanzakiSimp\n|t:|1701193999\n|gametype|singles\n|player|p1|Xurkiyee|kimonogirl|1845\n|player|p2|N1RankoKanzakiSimp|hexmaniac-gen6|1766\n|teamsize|p1|6\n|teamsize|p2|6\n|gen|9\n|tier|[Gen 9] National Dex\n|rated|\n|rule|HP Percentage Mod: HP is shown in percentages\n|rule|Endless Battle Clause: Forcing endless battles is banned\n|rule|OHKO Clause: OHKO moves are banned\n|rule|Evasion Clause: Evasion abilities, items, and moves are banned\n|rule|Evasion Abilities Clause: Evasion abilities are banned\n|rule|Evasion Items Clause: Evasion items are banned\n|rule|Evasion Moves Clause: Evasion moves are banned\n|rule|Species Clause: Limit one of each Pok\u00e9mon\n|rule|Sleep Clause Mod: Limit one foe put to sleep\n|clearpoke\n|poke|p1|Tapu Koko|\n|poke|p1|Medicham, M|\n|poke|p1|Aegislash, F|\n|poke|p1|Landorus-Therian, M|\n|poke|p1|Ogerpon-Wellspring, F|\n|poke|p1|Tornadus-Therian, M|\n|poke|p2|Toxapex, M|\n|poke|p2|Dondozo, M|\n|poke|p2|Gliscor, M|\n|poke|p2|Blissey, F|\n|poke|p2|Corviknight, F|\n|poke|p2|Tyranitar, M|\n|teampreview\n|inactive|Battle timer is ON: inactive players will automatically lose when time's up. (requested by N1RankoKanzakiSimp)\n|j| NicksRokaya\n|\n|t:|1701194026\n|start\n|switch|p1a: Medicham|Medicham, M|100\/100\n|switch|p2a: Gliscor|Gliscor, M|100\/100\n|turn|1\n|j| elvisma\n|\n|t:|1701194031\n|detailschange|p1a: Medicham|Medicham-Mega, M\n|-mega|p1a: Medicham|Medicham|Medichamite\n|move|p2a: Gliscor|Protect|p2a: Gliscor\n|-singleturn|p2a: Gliscor|Protect\n|move|p1a: Medicham|Fake Out|p2a: Gliscor\n|-activate|p2a: Gliscor|move: Protect\n|\n|-status|p2a: Gliscor|tox|[from] item: Toxic Orb\n|upkeep\n|turn|2\n|\n|t:|1701194036\n|switch|p2a: Dondozo|Dondozo, M|100\/100\n|move|p1a: Medicham|Ice Punch|p2a: Dondozo\n|-resisted|p2a: Dondozo\n|-damage|p2a: Dondozo|91\/100\n|\n|-heal|p2a: Dondozo|97\/100|[from] item: Leftovers\n|upkeep\n|turn|3\n|\n|t:|1701194039\n|switch|p1a: Tornadus|Tornadus-Therian, M|100\/100\n|move|p2a: Dondozo|Body Press|p1a: Tornadus\n|-resisted|p1a: Tornadus\n|-damage|p1a: Tornadus|84\/100\n|\n|-heal|p2a: Dondozo|100\/100|[from] item: Leftovers\n|upkeep\n|turn|4\n|\n|t:|1701194042\n|switch|p2a: Tyranitar|Tyranitar, M|100\/100\n|-weather|Sandstorm|[from] ability: Sand Stream|[of] p2a: Tyranitar\n|move|p1a: Tornadus|U-turn|p2a: Tyranitar\n|-supereffective|p2a: Tyranitar\n|-damage|p2a: Tyranitar|77\/100\n|\n|t:|1701194045\n|switch|p1a: Landorus|Landorus-Therian, M|100\/100|[from] U-turn\n|-ability|p1a: Landorus|Intimidate|boost\n|-unboost|p2a: Tyranitar|atk|1\n|\n|-weather|Sandstorm|[upkeep]\n|upkeep\n|turn|5\n|\n|t:|1701194047\n|switch|p2a: Gliscor|Gliscor, M|100\/100 tox\n|move|p1a: Landorus|U-turn|p2a: Gliscor\n|-resisted|p2a: Gliscor\n|-damage|p2a: Gliscor|92\/100 tox\n|\n|t:|1701194051\n|switch|p1a: Ogerpon|Ogerpon-Wellspring, F|100\/100|[from] U-turn\n|\n|-weather|Sandstorm|[upkeep]\n|-damage|p1a: Ogerpon|95\/100|[from] Sandstorm\n|-heal|p2a: Gliscor|100\/100 tox|[from] ability: Poison Heal\n|upkeep\n|turn|6\n|\n|t:|1701194053\n|move|p1a: Ogerpon|Spikes|p2a: Gliscor\n|-sidestart|p2: N1RankoKanzakiSimp|Spikes\n|move|p2a: Gliscor|Toxic|p1a: Ogerpon\n|-status|p1a: Ogerpon|tox\n|\n|-weather|Sandstorm|[upkeep]\n|-damage|p1a: Ogerpon|89\/100 tox|[from] Sandstorm\n|-damage|p1a: Ogerpon|83\/100 tox|[from] psn\n|upkeep\n|turn|7\n|\n|t:|1701194055\n|move|p1a: Ogerpon|Ivy Cudgel|p2a: Gliscor|[anim] Ivy Cudgel Water\n|-supereffective|p2a: Gliscor\n|-damage|p2a: Gliscor|22\/100 tox\n|move|p2a: Gliscor|Spikes|p1a: Ogerpon\n|-sidestart|p1: Xurkiyee|Spikes\n|\n|-weather|Sandstorm|[upkeep]\n|-damage|p1a: Ogerpon|77\/100 tox|[from] Sandstorm\n|-damage|p1a: Ogerpon|65\/100 tox|[from] psn\n|-heal|p2a: Gliscor|34\/100 tox|[from] ability: Poison Heal\n|upkeep\n|turn|8\n|\n|t:|1701194060\n|switch|p1a: Tapu Koko|Tapu Koko|100\/100\n|-fieldstart|move: Electric Terrain|[from] ability: Electric Surge|[of] p1a: Tapu Koko\n|move|p2a: Gliscor|Protect||[still]\n|-fail|p2a: Gliscor\n|\n|-weather|none\n|-heal|p2a: Gliscor|47\/100 tox|[from] ability: Poison Heal\n|upkeep\n|turn|9\n|\n|t:|1701194062\n|move|p2a: Gliscor|Protect|p2a: Gliscor\n|-singleturn|p2a: Gliscor|Protect\n|move|p1a: Tapu Koko|Hidden Power|p2a: Gliscor\n|-activate|p2a: Gliscor|move: Protect\n|\n|-heal|p2a: Gliscor|59\/100 tox|[from] ability: Poison Heal\n|upkeep\n|turn|10\n|l| NicksRokaya\n|\n|t:|1701194068\n|switch|p2a: Blissey|Blissey, F|100\/100\n|move|p1a: Tapu Koko|U-turn|p2a: Blissey\n|-damage|p2a: Blissey|74\/100\n|\n|t:|1701194072\n|switch|p1a: Landorus|Landorus-Therian, M|100\/100|[from] U-turn\n|-ability|p1a: Landorus|Intimidate|boost\n|-unboost|p2a: Blissey|atk|1\n|\n|upkeep\n|turn|11\n|\n|t:|1701194076\n|switch|p2a: Gliscor|Gliscor, M|59\/100 tox\n|move|p1a: Landorus|U-turn|p2a: Gliscor\n|-resisted|p2a: Gliscor\n|-damage|p2a: Gliscor|50\/100 tox\n|\n|t:|1701194080\n|switch|p1a: Medicham|Medicham-Mega, M|100\/100|[from] U-turn\n|-damage|p1a: Medicham|88\/100|[from] Spikes\n|\n|-heal|p2a: Gliscor|63\/100 tox|[from] ability: Poison Heal\n|upkeep\n|turn|12\n|\n|t:|1701194087\n|move|p2a: Gliscor|Protect|p2a: Gliscor\n|-singleturn|p2a: Gliscor|Protect\n|move|p1a: Medicham|Ice Punch|p2a: Gliscor\n|-activate|p2a: Gliscor|move: Protect\n|\n|-heal|p2a: Gliscor|75\/100 tox|[from] ability: Poison Heal\n|-fieldend|move: Electric Terrain\n|upkeep\n|turn|13\n|\n|t:|1701194089\n|switch|p2a: Dondozo|Dondozo, M|100\/100\n|-damage|p2a: Dondozo|88\/100|[from] Spikes\n|move|p1a: Medicham|Close Combat|p2a: Dondozo\n|-damage|p2a: Dondozo|41\/100\n|-unboost|p1a: Medicham|def|1\n|-unboost|p1a: Medicham|spd|1\n|\n|-heal|p2a: Dondozo|47\/100|[from] item: Leftovers\n|upkeep\n|turn|14\n|\n|t:|1701194097\n|move|p1a: Medicham|Close Combat|p2a: Dondozo\n|-damage|p2a: Dondozo|3\/100\n|-unboost|p1a: Medicham|def|1\n|-unboost|p1a: Medicham|spd|1\n|move|p2a: Dondozo|Rest|p2a: Dondozo\n|-status|p2a: Dondozo|slp|[from] move: Rest\n|-heal|p2a: Dondozo|100\/100 slp|[silent]\n|\n|upkeep\n|turn|15\n|\n|t:|1701194101\n|switch|p2a: Toxapex|Toxapex, M|100\/100\n|move|p1a: Medicham|Thunder Punch|p2a: Toxapex\n|-supereffective|p2a: Toxapex\n|-damage|p2a: Toxapex|49\/100\n|\n|upkeep\n|turn|16\n|\n|t:|1701194106\n|move|p2a: Toxapex|Baneful Bunker|p2a: Toxapex\n|-singleturn|p2a: Toxapex|move: Protect\n|move|p1a: Medicham|Close Combat|p2a: Toxapex\n|-activate|p2a: Toxapex|move: Protect\n|-status|p1a: Medicham|psn\n|\n|-damage|p1a: Medicham|76\/100 psn|[from] psn\n|upkeep\n|turn|17\n|\n|t:|1701194114\n|switch|p2a: Corviknight|Corviknight, F|100\/100\n|-ability|p2a: Corviknight|Pressure\n|move|p1a: Medicham|Close Combat|p2a: Corviknight\n|-damage|p2a: Corviknight|16\/100\n|-unboost|p1a: Medicham|def|1\n|-unboost|p1a: Medicham|spd|1\n|\n|-heal|p2a: Corviknight|22\/100|[from] item: Leftovers\n|-damage|p1a: Medicham|64\/100 psn|[from] psn\n|upkeep\n|turn|18\n|\n|t:|1701194120\n|move|p2a: Corviknight|Protect|p2a: Corviknight\n|-singleturn|p2a: Corviknight|Protect\n|move|p1a: Medicham|Ice Punch|p2a: Corviknight\n|-activate|p2a: Corviknight|move: Protect\n|\n|-heal|p2a: Corviknight|29\/100|[from] item: Leftovers\n|-damage|p1a: Medicham|51\/100 psn|[from] psn\n|upkeep\n|turn|19\n|\n|t:|1701194131\n|move|p1a: Medicham|Close Combat|p2a: Corviknight\n|-damage|p2a: Corviknight|0 fnt\n|-unboost|p1a: Medicham|def|1\n|-unboost|p1a: Medicham|spd|1\n|faint|p2a: Corviknight\n|\n|-damage|p1a: Medicham|39\/100 psn|[from] psn\n|upkeep\n|\n|t:|1701194135\n|switch|p2a: Dondozo|Dondozo, M|100\/100 slp\n|-damage|p2a: Dondozo|88\/100 slp|[from] Spikes\n|turn|20\n|\n|t:|1701194138\n|switch|p1a: Tornadus|Tornadus-Therian, M|100\/100\n|cant|p2a: Dondozo|slp\n|move|p2a: Dondozo|Sleep Talk|p2a: Dondozo\n|move|p2a: Dondozo|Body Press|p1a: Tornadus|[from]move: Sleep Talk\n|-resisted|p1a: Tornadus\n|-damage|p1a: Tornadus|86\/100\n|\n|-heal|p2a: Dondozo|94\/100 slp|[from] item: Leftovers\n|upkeep\n|turn|21\n|\n|t:|1701194141\n|switch|p2a: Tyranitar|Tyranitar, M|77\/100\n|-damage|p2a: Tyranitar|65\/100|[from] Spikes\n|-weather|Sandstorm|[from] ability: Sand Stream|[of] p2a: Tyranitar\n|move|p1a: Tornadus|Knock Off|p2a: Tyranitar\n|-resisted|p2a: Tyranitar\n|-damage|p2a: Tyranitar|59\/100\n|\n|-weather|Sandstorm|[upkeep]\n|-damage|p1a: Tornadus|80\/100|[from] Sandstorm\n|upkeep\n|turn|22\n|\n|t:|1701194144\n|detailschange|p2a: Tyranitar|Tyranitar-Mega, M\n|-mega|p2a: Tyranitar|Tyranitar|Tyranitarite\n|move|p1a: Tornadus|U-turn|p2a: Tyranitar\n|-supereffective|p2a: Tyranitar\n|-damage|p2a: Tyranitar|42\/100\n|-activate|p1a: Tornadus|move: Pursuit\n|move|p2a: Tyranitar|Pursuit|p1a: Tornadus|[from]Pursuit\n|-damage|p1a: Tornadus|30\/100\n|\n|t:|1701194148\n|switch|p1a: Landorus|Landorus-Therian, M|100\/100|[from] U-turn\n|-ability|p1a: Landorus|Intimidate|boost\n|-unboost|p2a: Tyranitar|atk|1\n|\n|-weather|Sandstorm|[upkeep]\n|upkeep\n|turn|23\n|\n|t:|1701194153\n|switch|p2a: Gliscor|Gliscor, M|75\/100 tox\n|-zpower|p1a: Landorus\n|move|p1a: Landorus|Supersonic Skystrike|p2a: Gliscor|[zeffect]\n|-damage|p2a: Gliscor|18\/100 tox\n|\n|-weather|Sandstorm|[upkeep]\n|-heal|p2a: Gliscor|30\/100 tox|[from] ability: Poison Heal\n|upkeep\n|turn|24\n|\n|t:|1701194157\n|move|p2a: Gliscor|Protect|p2a: Gliscor\n|-singleturn|p2a: Gliscor|Protect\n|move|p1a: Landorus|Stealth Rock|p2a: Gliscor\n|-sidestart|p2: N1RankoKanzakiSimp|move: Stealth Rock\n|\n|-weather|Sandstorm|[upkeep]\n|-heal|p2a: Gliscor|43\/100 tox|[from] ability: Poison Heal\n|upkeep\n|turn|25\n|\n|t:|1701194162\n|switch|p1a: Ogerpon|Ogerpon-Wellspring, F|65\/100 tox\n|-damage|p1a: Ogerpon|52\/100 tox|[from] Spikes\n|move|p2a: Gliscor|Toxic|p1a: Ogerpon\n|-fail|p1a: Ogerpon|tox\n|\n|-weather|none\n|-damage|p1a: Ogerpon|46\/100 tox|[from] psn\n|-heal|p2a: Gliscor|55\/100 tox|[from] ability: Poison Heal\n|upkeep\n|turn|26\n|\n|t:|1701194165\n|move|p2a: Gliscor|Protect|p2a: Gliscor\n|-singleturn|p2a: Gliscor|Protect\n|move|p1a: Ogerpon|Ivy Cudgel|p2a: Gliscor|[anim] Ivy Cudgel Water\n|-activate|p2a: Gliscor|move: Protect\n|\n|-damage|p1a: Ogerpon|34\/100 tox|[from] psn\n|-heal|p2a: Gliscor|68\/100 tox|[from] ability: Poison Heal\n|upkeep\n|turn|27\n|\n|t:|1701194172\n|switch|p2a: Dondozo|Dondozo, M|94\/100 slp\n|-damage|p2a: Dondozo|82\/100 slp|[from] Spikes\n|-damage|p2a: Dondozo|69\/100 slp|[from] Stealth Rock\n|move|p1a: Ogerpon|Ivy Cudgel|p2a: Dondozo|[anim] Ivy Cudgel Water\n|-resisted|p2a: Dondozo\n|-damage|p2a: Dondozo|56\/100 slp\n|\n|-heal|p2a: Dondozo|62\/100 slp|[from] item: Leftovers\n|-damage|p1a: Ogerpon|16\/100 tox|[from] psn\n|upkeep\n|turn|28\n|\n|t:|1701194178\n|switch|p2a: Toxapex|Toxapex, M|82\/100\n|move|p1a: Ogerpon|Horn Leech|p2a: Toxapex\n|-damage|p2a: Toxapex|53\/100\n|-heal|p1a: Ogerpon|31\/100 tox|[from] drain|[of] p2a: Toxapex\n|\n|-damage|p1a: Ogerpon|7\/100 tox|[from] psn\n|upkeep\n|turn|29\n|\n|t:|1701194188\n|switch|p1a: Tapu Koko|Tapu Koko|100\/100\n|-fieldstart|move: Electric Terrain|[from] ability: Electric Surge|[of] p1a: Tapu Koko\n|move|p2a: Toxapex|Recover|p2a: Toxapex\n|-heal|p2a: Toxapex|100\/100\n|\n|upkeep\n|turn|30\n|\n|t:|1701194194\n|move|p1a: Tapu Koko|Thunderbolt|p2a: Toxapex\n|-supereffective|p2a: Toxapex\n|-damage|p2a: Toxapex|29\/100\n|move|p2a: Toxapex|Toxic|p1a: Tapu Koko\n|-status|p1a: Tapu Koko|tox\n|\n|-damage|p1a: Tapu Koko|94\/100 tox|[from] psn\n|upkeep\n|turn|31\n|\n|t:|1701194196\n|move|p2a: Toxapex|Baneful Bunker|p2a: Toxapex\n|-singleturn|p2a: Toxapex|move: Protect\n|move|p1a: Tapu Koko|Thunderbolt|p2a: Toxapex\n|-activate|p2a: Toxapex|move: Protect\n|\n|-damage|p1a: Tapu Koko|82\/100 tox|[from] psn\n|upkeep\n|turn|32\n|j| Poulet Miku\n|\n|t:|1701194200\n|switch|p2a: Blissey|Blissey, F|74\/100\n|move|p1a: Tapu Koko|U-turn|p2a: Blissey\n|-damage|p2a: Blissey|49\/100\n|\n|t:|1701194204\n|switch|p1a: Aegislash|Aegislash, F|100\/100|[from] U-turn\n|-damage|p1a: Aegislash|88\/100|[from] Spikes\n|\n|upkeep\n|turn|33\n|\n|t:|1701194213\n|switch|p2a: Toxapex|Toxapex, M|62\/100\n|move|p1a: Aegislash|Swords Dance|p1a: Aegislash\n|-boost|p1a: Aegislash|atk|2\n|\n|-fieldend|move: Electric Terrain\n|upkeep\n|turn|34\n|\n|t:|1701194225\n|move|p1a: Aegislash|Swords Dance|p1a: Aegislash\n|-boost|p1a: Aegislash|atk|2\n|move|p2a: Toxapex|Recover|p2a: Toxapex\n|-heal|p2a: Toxapex|100\/100\n|\n|upkeep\n|turn|35\n|\n|t:|1701194230\n|move|p2a: Toxapex|Baneful Bunker|p2a: Toxapex\n|-singleturn|p2a: Toxapex|move: Protect\n|-formechange|p1a: Aegislash|Aegislash-Blade||[from] ability: Stance Change\n|move|p1a: Aegislash|Shadow Claw|p2a: Toxapex\n|-activate|p2a: Toxapex|move: Protect\n|\n|upkeep\n|turn|36\n|\n|t:|1701194251\n|switch|p2a: Gliscor|Gliscor, M|68\/100 tox\n|-damage|p2a: Gliscor|55\/100 tox|[from] Stealth Rock\n|move|p1a: Aegislash|Shadow Claw|p2a: Gliscor\n|-damage|p2a: Gliscor|0 fnt\n|faint|p2a: Gliscor\n|\n|upkeep\n|\n|t:|1701194253\n|switch|p2a: Tyranitar|Tyranitar-Mega, M|42\/100\n|-damage|p2a: Tyranitar|29\/100|[from] Spikes\n|-damage|p2a: Tyranitar|17\/100|[from] Stealth Rock\n|-weather|Sandstorm|[from] ability: Sand Stream|[of] p2a: Tyranitar\n|turn|37\n|\n|t:|1701194259\n|move|p1a: Aegislash|Close Combat|p2a: Tyranitar\n|-supereffective|p2a: Tyranitar\n|-damage|p2a: Tyranitar|0 fnt\n|-unboost|p1a: Aegislash|def|1\n|-unboost|p1a: Aegislash|spd|1\n|faint|p2a: Tyranitar\n|\n|-weather|Sandstorm|[upkeep]\n|upkeep\n|\n|t:|1701194265\n|switch|p2a: Dondozo|Dondozo, M|62\/100 slp\n|-damage|p2a: Dondozo|50\/100 slp|[from] Spikes\n|-damage|p2a: Dondozo|37\/100 slp|[from] Stealth Rock\n|turn|38\n|\n|t:|1701194268\n|move|p1a: Aegislash|Shadow Claw|p2a: Dondozo\n|-damage|p2a: Dondozo|21\/100 slp\n|cant|p2a: Dondozo|slp\n|move|p2a: Dondozo|Sleep Talk|p2a: Dondozo\n|move|p2a: Dondozo|Rest||[from]move: Sleep Talk|[still]\n|-fail|p2a: Dondozo\n|\n|-weather|Sandstorm|[upkeep]\n|-damage|p2a: Dondozo|15\/100 slp|[from] Sandstorm\n|-heal|p2a: Dondozo|21\/100 slp|[from] item: Leftovers\n|upkeep\n|turn|39\n|\n|t:|1701194273\n|switch|p1a: Tapu Koko|Tapu Koko|82\/100 tox\n|-fieldstart|move: Electric Terrain|[from] ability: Electric Surge|[of] p1a: Tapu Koko\n|-curestatus|p2a: Dondozo|slp|[msg]\n|move|p2a: Dondozo|Rest||[still]\n|-activate|p2a: Dondozo|move: Electric Terrain\n|-fail|p2a: Dondozo\n|\n|-weather|Sandstorm|[upkeep]\n|-damage|p1a: Tapu Koko|76\/100 tox|[from] Sandstorm\n|-damage|p2a: Dondozo|15\/100|[from] Sandstorm\n|-heal|p2a: Dondozo|21\/100|[from] item: Leftovers\n|-damage|p1a: Tapu Koko|70\/100 tox|[from] psn\n|upkeep\n|turn|40\n|-message|N1RankoKanzakiSimp forfeited.\n|\n|win|Xurkiyee\n|raw|Xurkiyee's rating: 1845 &rarr; <strong>1861<\/strong><br \/>(+16 for winning)\n|raw|N1RankoKanzakiSimp's rating: 1766 &rarr; <strong>1750<\/strong><br \/>(-16 for losing)\n|l|\u2606N1RankoKanzakiSimp\n|l|\u2606Xurkiyee\n|l| elvisma\n","uploadtime":1701194285,"views":29,"p1id":"xurkiyee","p2id":"n1rankokanzakisimp","formatid":"gen9nationaldex","rating":1750,"private":0,"password":""}