{"id":"gen9nationaldex-1987582641","p1":"akxhdwy","p2":"Rain Inky\u58a8\u67d3\u6a31\u534e","format":"[Gen 9] National Dex","log":"|j|\u2606akxhdwy\n|j|\u2606Rain Inky\u58a8\u67d3\u6a31\u534e\n|t:|1699615450\n|gametype|singles\n|player|p1|akxhdwy|2|1628\n|player|p2|Rain Inky\u58a8\u67d3\u6a31\u534e|cilan|1632\n|teamsize|p1|6\n|teamsize|p2|6\n|gen|9\n|tier|[Gen 9] National Dex\n|rated|\n|rule|HP Percentage Mod: HP is shown in percentages\n|rule|Endless Battle Clause: Forcing endless battles is banned\n|rule|OHKO Clause: OHKO moves are banned\n|rule|Evasion Clause: Evasion abilities, items, and moves are banned\n|rule|Evasion Abilities Clause: Evasion abilities are banned\n|rule|Evasion Items Clause: Evasion items are banned\n|rule|Evasion Moves Clause: Evasion moves are banned\n|rule|Species Clause: Limit one of each Pok\u00e9mon\n|rule|Sleep Clause Mod: Limit one foe put to sleep\n|clearpoke\n|poke|p1|Alomomola, F|\n|poke|p1|Heatran, M|\n|poke|p1|Diancie|\n|poke|p1|Urshifu-*, F|\n|poke|p1|Iron Treads|\n|poke|p1|Hydreigon, F|\n|poke|p2|Garganacl, F|\n|poke|p2|Gliscor, F|\n|poke|p2|Sableye, M|\n|poke|p2|Dondozo, F|\n|poke|p2|Toxapex, F|\n|poke|p2|Chansey, F|\n|teampreview\n|inactive|Battle timer is ON: inactive players will automatically lose when time's up. (requested by akxhdwy)\n|\n|t:|1699615465\n|start\n|switch|p1a: Diancie|Diancie|100\/100\n|switch|p2a: \u9489\u5b50?\u5f39\u56de\u53bb|Sableye, M|100\/100\n|turn|1\n|\n|t:|1699615470\n|detailschange|p1a: Diancie|Diancie-Mega\n|-mega|p1a: Diancie|Diancie|Diancite\n|detailschange|p2a: \u9489\u5b50?\u5f39\u56de\u53bb|Sableye-Mega, M\n|-mega|p2a: \u9489\u5b50?\u5f39\u56de\u53bb|Sableye|Sablenite\n|move|p2a: \u9489\u5b50?\u5f39\u56de\u53bb|Protect|p2a: \u9489\u5b50?\u5f39\u56de\u53bb\n|-singleturn|p2a: \u9489\u5b50?\u5f39\u56de\u53bb|Protect\n|move|p1a: Diancie|Moonblast|p2a: \u9489\u5b50?\u5f39\u56de\u53bb\n|-activate|p2a: \u9489\u5b50?\u5f39\u56de\u53bb|move: Protect\n|\n|upkeep\n|turn|2\n|\n|t:|1699615476\n|switch|p2a: \u751c\u7f8e\u7b11\u5bb9|Chansey, F|100\/100\n|move|p1a: Diancie|Diamond Storm|p2a: \u751c\u7f8e\u7b11\u5bb9\n|-damage|p2a: \u751c\u7f8e\u7b11\u5bb9|64\/100\n|\n|upkeep\n|turn|3\n|\n|t:|1699615480\n|move|p1a: Diancie|Stealth Rock|p2a: \u751c\u7f8e\u7b11\u5bb9\n|-sidestart|p2: Rain Inky\u58a8\u67d3\u6a31\u534e|move: Stealth Rock\n|move|p2a: \u751c\u7f8e\u7b11\u5bb9|Soft-Boiled|p2a: \u751c\u7f8e\u7b11\u5bb9\n|-heal|p2a: \u751c\u7f8e\u7b11\u5bb9|100\/100\n|\n|upkeep\n|turn|4\n|\n|t:|1699615488\n|move|p1a: Diancie|Moonblast|p2a: \u751c\u7f8e\u7b11\u5bb9\n|-damage|p2a: \u751c\u7f8e\u7b11\u5bb9|83\/100\n|move|p2a: \u751c\u7f8e\u7b11\u5bb9|Seismic Toss|p1a: Diancie\n|-damage|p1a: Diancie|59\/100\n|\n|upkeep\n|turn|5\n|\n|t:|1699615493\n|switch|p1a: Alomomola|Alomomola, F|100\/100\n|switch|p2a: \u6cd5\u8001|Garganacl, F|100\/100\n|-damage|p2a: \u6cd5\u8001|88\/100|[from] Stealth Rock\n|\n|-heal|p2a: \u6cd5\u8001|94\/100|[from] item: Leftovers\n|upkeep\n|turn|6\n|\n|t:|1699615499\n|move|p1a: Alomomola|Flip Turn|p2a: \u6cd5\u8001\n|-supereffective|p2a: \u6cd5\u8001\n|-damage|p2a: \u6cd5\u8001|73\/100\n|\n|t:|1699615505\n|switch|p1a: Urshifu|Urshifu-Rapid-Strike, F|100\/100|[from] Flip Turn\n|move|p2a: \u6cd5\u8001|Salt Cure|p1a: Urshifu\n|-resisted|p1a: Urshifu\n|-damage|p1a: Urshifu|93\/100\n|-start|p1a: Urshifu|Salt Cure\n|\n|-heal|p2a: \u6cd5\u8001|79\/100|[from] item: Leftovers\n|-damage|p1a: Urshifu|68\/100|[from] Salt Cure\n|upkeep\n|turn|7\n|\n|t:|1699615509\n|switch|p2a: \u4e2d\u8f6c\u5de5\u5177\u4eba|Toxapex, F|100\/100\n|move|p1a: Urshifu|U-turn|p2a: \u4e2d\u8f6c\u5de5\u5177\u4eba\n|-resisted|p2a: \u4e2d\u8f6c\u5de5\u5177\u4eba\n|-damage|p2a: \u4e2d\u8f6c\u5de5\u5177\u4eba|89\/100\n|\n|t:|1699615512\n|switch|p1a: Hydreigon|Hydreigon, F|100\/100|[from] U-turn\n|\n|upkeep\n|turn|8\n|\n|t:|1699615517\n|move|p1a: Hydreigon|Substitute|p1a: Hydreigon\n|-start|p1a: Hydreigon|Substitute\n|-damage|p1a: Hydreigon|76\/100\n|move|p2a: \u4e2d\u8f6c\u5de5\u5177\u4eba|Toxic||[still]\n|-fail|p2a: \u4e2d\u8f6c\u5de5\u5177\u4eba\n|\n|-heal|p1a: Hydreigon|82\/100|[from] item: Leftovers\n|upkeep\n|turn|9\n|\n|t:|1699615520\n|switch|p2a: \u751c\u7f8e\u7b11\u5bb9|Chansey, F|83\/100\n|-damage|p2a: \u751c\u7f8e\u7b11\u5bb9|71\/100|[from] Stealth Rock\n|move|p1a: Hydreigon|Nasty Plot|p1a: Hydreigon\n|-boost|p1a: Hydreigon|spa|2\n|\n|-heal|p1a: Hydreigon|88\/100|[from] item: Leftovers\n|upkeep\n|turn|10\n|\n|t:|1699615525\n|move|p1a: Hydreigon|Nasty Plot|p1a: Hydreigon\n|-boost|p1a: Hydreigon|spa|2\n|move|p2a: \u751c\u7f8e\u7b11\u5bb9|Seismic Toss|p1a: Hydreigon\n|-end|p1a: Hydreigon|Substitute\n|\n|-heal|p1a: Hydreigon|94\/100|[from] item: Leftovers\n|upkeep\n|turn|11\n|\n|t:|1699615528\n|-terastallize|p1a: Hydreigon|Poison\n|move|p1a: Hydreigon|Nasty Plot|p1a: Hydreigon\n|-boost|p1a: Hydreigon|spa|2\n|move|p2a: \u751c\u7f8e\u7b11\u5bb9|Soft-Boiled|p2a: \u751c\u7f8e\u7b11\u5bb9\n|-heal|p2a: \u751c\u7f8e\u7b11\u5bb9|100\/100\n|\n|-heal|p1a: Hydreigon|99\/100|[from] item: Leftovers\n|upkeep\n|turn|12\n|\n|t:|1699615533\n|move|p1a: Hydreigon|Dark Pulse|p2a: \u751c\u7f8e\u7b11\u5bb9\n|-damage|p2a: \u751c\u7f8e\u7b11\u5bb9|47\/100\n|move|p2a: \u751c\u7f8e\u7b11\u5bb9|Seismic Toss|p1a: Hydreigon\n|-damage|p1a: Hydreigon|69\/100\n|\n|-heal|p1a: Hydreigon|76\/100|[from] item: Leftovers\n|upkeep\n|turn|13\n|c|\u2606Rain Inky\u58a8\u67d3\u6a31\u534e|\u5bc4\n|-message|Rain Inky\u58a8\u67d3\u6a31\u534e forfeited.\n|\n|win|akxhdwy\n|raw|akxhdwy's rating: 1628 &rarr; <strong>1648<\/strong><br \/>(+20 for winning)\n|raw|Rain Inky\u58a8\u67d3\u6a31\u534e's rating: 1632 &rarr; <strong>1612<\/strong><br \/>(-20 for losing)\n|l|\u2606Rain Inky\u58a8\u67d3\u6a31\u534e\n","uploadtime":1699615548,"views":4,"p1id":"akxhdwy","p2id":"raininky","formatid":"gen9nationaldex","rating":1612,"private":0,"password":""}