{"id":"gen9nationaldex-1988562659","p1":"Sai4rr","p2":"Gamer00ooO","format":"[Gen 9] National Dex","log":"|j|\u2606Sai4rr\n|j|\u2606Gamer00ooO\n|t:|1699736432\n|gametype|singles\n|player|p1|Sai4rr|101|\n|player|p2|Gamer00ooO|hilbert|\n|teamsize|p1|6\n|teamsize|p2|6\n|gen|9\n|tier|[Gen 9] National Dex\n|rule|HP Percentage Mod: HP is shown in percentages\n|rule|Endless Battle Clause: Forcing endless battles is banned\n|rule|OHKO Clause: OHKO moves are banned\n|rule|Evasion Clause: Evasion abilities, items, and moves are banned\n|rule|Evasion Abilities Clause: Evasion abilities are banned\n|rule|Evasion Items Clause: Evasion items are banned\n|rule|Evasion Moves Clause: Evasion moves are banned\n|rule|Species Clause: Limit one of each Pok\u00e9mon\n|rule|Sleep Clause Mod: Limit one foe put to sleep\n|clearpoke\n|poke|p1|Corviknight, M|\n|poke|p1|Cinderace, F|\n|poke|p1|Corsola-Galar, M|\n|poke|p1|Lopunny, F|\n|poke|p1|Garganacl, F|\n|poke|p1|Tapu Koko|\n|poke|p2|Iron Valiant|\n|poke|p2|Weezing-Galar, M|\n|poke|p2|Diancie|\n|poke|p2|Gliscor, F|\n|poke|p2|Gardevoir, M|\n|poke|p2|Klefki, F|\n|teampreview\n|\n|t:|1699736445\n|start\n|switch|p1a: Rita|Corsola-Galar, M, shiny|100\/100\n|switch|p2a: Llaveros|Klefki, F|100\/100\n|turn|1\n|\n|t:|1699736456\n|move|p2a: Llaveros|Thunder Wave|p1a: Rita\n|-status|p1a: Rita|par\n|move|p1a: Rita|Will-O-Wisp|p2a: Llaveros\n|-status|p2a: Llaveros|brn\n|\n|-damage|p2a: Llaveros|95\/100 brn|[from] brn\n|upkeep\n|turn|2\n|\n|t:|1699736494\n|move|p2a: Llaveros|Light Screen|p2a: Llaveros\n|-sidestart|p2: Gamer00ooO|move: Light Screen\n|move|p1a: Rita|Stealth Rock|p2a: Llaveros\n|-sidestart|p2: Gamer00ooO|move: Stealth Rock\n|\n|-damage|p2a: Llaveros|89\/100 brn|[from] brn\n|upkeep\n|turn|3\n|\n|t:|1699736508\n|switch|p1a: Pepito|Corviknight, M, shiny|100\/100\n|-ability|p1a: Pepito|Pressure\n|move|p2a: Llaveros|Defog|p1a: Pepito\n|-unboost|p1a: Pepito|evasion|1\n|-sideend|p2: Gamer00ooO|Stealth Rock|[from] move: Defog|[of] p2a: Llaveros\n|\n|-damage|p2a: Llaveros|83\/100 brn|[from] brn\n|upkeep\n|turn|4\n|\n|t:|1699736526\n|move|p2a: Llaveros|Reflect|p2a: Llaveros\n|-sidestart|p2: Gamer00ooO|Reflect\n|move|p1a: Pepito|Brave Bird|p2a: Llaveros\n|-resisted|p2a: Llaveros\n|-damage|p2a: Llaveros|74\/100 brn\n|-damage|p1a: Pepito|98\/100|[from] Recoil\n|\n|-damage|p2a: Llaveros|68\/100 brn|[from] brn\n|upkeep\n|turn|5\n|\n|t:|1699736537\n|switch|p2a: Patriota de hierro|Iron Valiant|100\/100\n|move|p1a: Pepito|Iron Head|p2a: Patriota de hierro\n|-supereffective|p2a: Patriota de hierro\n|-damage|p2a: Patriota de hierro|68\/100\n|\n|upkeep\n|turn|6\n|\n|t:|1699736551\n|switch|p1a: Rita|Corsola-Galar, M, shiny|100\/100 par\n|move|p2a: Patriota de hierro|Thunderbolt|p1a: Rita\n|-damage|p1a: Rita|81\/100 par\n|\n|upkeep\n|turn|7\n|\n|t:|1699736558\n|move|p2a: Patriota de hierro|Shadow Ball|p1a: Rita\n|-supereffective|p1a: Rita\n|-damage|p1a: Rita|40\/100 par\n|-unboost|p1a: Rita|spd|1\n|move|p1a: Rita|Will-O-Wisp|p2a: Patriota de hierro\n|-status|p2a: Patriota de hierro|brn\n|\n|-damage|p2a: Patriota de hierro|62\/100 brn|[from] brn\n|upkeep\n|turn|8\n|\n|t:|1699736572\n|switch|p1a: Garganta|Garganacl, F|100\/100\n|move|p2a: Patriota de hierro|Shadow Ball|p1a: Garganta\n|-damage|p1a: Garganta|91\/100\n|\n|-heal|p1a: Garganta|98\/100|[from] item: Leftovers\n|-damage|p2a: Patriota de hierro|56\/100 brn|[from] brn\n|upkeep\n|turn|9\n|\n|t:|1699736586\n|move|p2a: Patriota de hierro|Aura Sphere|p1a: Garganta\n|-supereffective|p1a: Garganta\n|-damage|p1a: Garganta|49\/100\n|move|p1a: Garganta|Iron Defense|p1a: Garganta\n|-boost|p1a: Garganta|def|2\n|\n|-heal|p1a: Garganta|55\/100|[from] item: Leftovers\n|-damage|p2a: Patriota de hierro|50\/100 brn|[from] brn\n|-sideend|p2: Gamer00ooO|move: Light Screen\n|upkeep\n|turn|10\n|\n|t:|1699736598\n|move|p2a: Patriota de hierro|Aura Sphere|p1a: Garganta\n|-supereffective|p1a: Garganta\n|-damage|p1a: Garganta|1\/100\n|move|p1a: Garganta|Recover|p1a: Garganta\n|-heal|p1a: Garganta|51\/100\n|\n|-heal|p1a: Garganta|57\/100|[from] item: Leftovers\n|-damage|p2a: Patriota de hierro|44\/100 brn|[from] brn\n|upkeep\n|turn|11\n|\n|t:|1699736610\n|move|p2a: Patriota de hierro|Aura Sphere|p1a: Garganta\n|-supereffective|p1a: Garganta\n|-damage|p1a: Garganta|7\/100\n|move|p1a: Garganta|Recover|p1a: Garganta\n|-heal|p1a: Garganta|57\/100\n|\n|-heal|p1a: Garganta|64\/100|[from] item: Leftovers\n|-damage|p2a: Patriota de hierro|37\/100 brn|[from] brn\n|-sideend|p2: Gamer00ooO|Reflect\n|upkeep\n|turn|12\n|j| KillerZodiac03\n|\n|t:|1699736621\n|move|p2a: Patriota de hierro|Aura Sphere|p1a: Garganta\n|-supereffective|p1a: Garganta\n|-damage|p1a: Garganta|9\/100\n|move|p1a: Garganta|Recover|p1a: Garganta\n|-heal|p1a: Garganta|59\/100\n|\n|-heal|p1a: Garganta|65\/100|[from] item: Leftovers\n|-damage|p2a: Patriota de hierro|31\/100 brn|[from] brn\n|upkeep\n|turn|13\n|c| KillerZodiac03|la pesadilla de gamer\n|c| KillerZodiac03|garganacl\n|c|\u2606Gamer00ooO|Le hace Conter tambi\u00e9n a los acero\n|\n|t:|1699736658\n|-terastallize|p1a: Garganta|Water\n|move|p2a: Patriota de hierro|Aura Sphere|p1a: Garganta\n|-damage|p1a: Garganta|39\/100\n|move|p1a: Garganta|Iron Defense|p1a: Garganta\n|-boost|p1a: Garganta|def|2\n|\n|-heal|p1a: Garganta|46\/100|[from] item: Leftovers\n|-damage|p2a: Patriota de hierro|25\/100 brn|[from] brn\n|upkeep\n|turn|14\n|\n|t:|1699736671\n|move|p2a: Patriota de hierro|Thunderbolt|p1a: Garganta\n|-supereffective|p1a: Garganta\n|-damage|p1a: Garganta|10\/100\n|move|p1a: Garganta|Recover|p1a: Garganta\n|-heal|p1a: Garganta|60\/100\n|\n|-heal|p1a: Garganta|66\/100|[from] item: Leftovers\n|-damage|p2a: Patriota de hierro|19\/100 brn|[from] brn\n|upkeep\n|turn|15\n|\n|t:|1699736695\n|switch|p1a: Pepito|Corviknight, M, shiny|98\/100\n|-ability|p1a: Pepito|Pressure\n|move|p2a: Patriota de hierro|Thunderbolt|p1a: Pepito\n|-supereffective|p1a: Pepito\n|-damage|p1a: Pepito|49\/100\n|\n|-damage|p2a: Patriota de hierro|13\/100 brn|[from] brn\n|upkeep\n|turn|16\n|\n|t:|1699736707\n|switch|p1a: Rita|Corsola-Galar, M, shiny|40\/100 par\n|move|p2a: Patriota de hierro|Thunderbolt|p1a: Rita\n|-damage|p1a: Rita|18\/100 par\n|-start|p2a: Patriota de hierro|Disable|Thunderbolt|[from] ability: Cursed Body|[of] p1a: Rita\n|\n|-damage|p2a: Patriota de hierro|6\/100 brn|[from] brn\n|upkeep\n|turn|17\n|\n|t:|1699736718\n|switch|p1a: Garganta|Garganacl, F, tera:Water|66\/100\n|move|p2a: Patriota de hierro|Shadow Ball|p1a: Garganta\n|-damage|p1a: Garganta|57\/100\n|-unboost|p1a: Garganta|spd|1\n|\n|-heal|p1a: Garganta|64\/100|[from] item: Leftovers\n|-damage|p2a: Patriota de hierro|0 fnt|[from] brn\n|faint|p2a: Patriota de hierro\n|-end|p2a: Patriota de hierro|Quark Drive|[silent]\n|upkeep\n|\n|t:|1699736727\n|switch|p2a: Eco Eco|Gardevoir, M|100\/100\n|-ability|p2a: Eco Eco|Purifying Salt|[from] ability: Trace|[of] p1a: Garganta\n|turn|18\n|\n|t:|1699736736\n|detailschange|p2a: Eco Eco|Gardevoir-Mega, M\n|-mega|p2a: Eco Eco|Gardevoir|Gardevoirite\n|move|p2a: Eco Eco|Hyper Voice|p1a: Garganta\n|-damage|p1a: Garganta|9\/100\n|move|p1a: Garganta|Salt Cure|p2a: Eco Eco\n|-damage|p2a: Eco Eco|84\/100\n|-start|p2a: Eco Eco|Salt Cure\n|\n|-heal|p1a: Garganta|16\/100|[from] item: Leftovers\n|-damage|p2a: Eco Eco|72\/100|[from] Salt Cure\n|upkeep\n|turn|19\n|\n|t:|1699736751\n|switch|p1a: Rita|Corsola-Galar, M, shiny|18\/100 par\n|move|p2a: Eco Eco|Hyper Voice|p1a: Rita\n|-damage|p1a: Rita|0 fnt\n|faint|p1a: Rita\n|\n|-damage|p2a: Eco Eco|60\/100|[from] Salt Cure\n|upkeep\n|\n|t:|1699736761\n|switch|p1a: Karely Ruiz|Lopunny, F, shiny|100\/100\n|turn|20\n|\n|t:|1699736800\n|detailschange|p1a: Karely Ruiz|Lopunny-Mega, F, shiny\n|-mega|p1a: Karely Ruiz|Lopunny|Lopunnite\n|move|p1a: Karely Ruiz|Fake Out|p2a: Eco Eco\n|-damage|p2a: Eco Eco|32\/100\n|cant|p2a: Eco Eco|flinch\n|\n|-damage|p2a: Eco Eco|20\/100|[from] Salt Cure\n|upkeep\n|turn|21\n|c|\u2606Sai4rr|Ap\u00farate\n|c|\u2606Gamer00ooO|No soy yo\n|\n|t:|1699736824\n|switch|p2a: Llaveros|Klefki, F|68\/100 brn\n|move|p1a: Karely Ruiz|Frustration|p2a: Llaveros\n|-resisted|p2a: Llaveros\n|-damage|p2a: Llaveros|44\/100 brn\n|\n|-damage|p2a: Llaveros|38\/100 brn|[from] brn\n|upkeep\n|turn|22\n|\n|t:|1699736836\n|move|p2a: Llaveros|Reflect|p2a: Llaveros\n|-sidestart|p2: Gamer00ooO|Reflect\n|move|p1a: Karely Ruiz|Close Combat|p2a: Llaveros\n|-damage|p2a: Llaveros|8\/100 brn\n|-unboost|p1a: Karely Ruiz|def|1\n|-unboost|p1a: Karely Ruiz|spd|1\n|\n|-damage|p2a: Llaveros|2\/100 brn|[from] brn\n|upkeep\n|turn|23\n|\n|t:|1699736847\n|move|p2a: Llaveros|Light Screen|p2a: Llaveros\n|-sidestart|p2: Gamer00ooO|move: Light Screen\n|move|p1a: Karely Ruiz|U-turn|p2a: Llaveros\n|-resisted|p2a: Llaveros\n|-damage|p2a: Llaveros|0 fnt\n|faint|p2a: Llaveros\n|\n|t:|1699736858\n|switch|p1a: Koko|Tapu Koko, shiny|100\/100|[from] U-turn\n|-fieldstart|move: Electric Terrain|[from] ability: Electric Surge|[of] p1a: Koko\n|\n|upkeep\n|\n|t:|1699736862\n|switch|p2a: Scorp corp|Gliscor, F|100\/100\n|turn|24\n|\n|t:|1699736883\n|move|p1a: Koko|Grass Knot|p2a: Scorp corp\n|-damage|p2a: Scorp corp|92\/100\n|move|p2a: Scorp corp|Toxic Spikes|p1a: Koko\n|-sidestart|p1: Sai4rr|move: Toxic Spikes\n|\n|-status|p2a: Scorp corp|tox|[from] item: Toxic Orb\n|upkeep\n|turn|25\n|\n|t:|1699736893\n|move|p1a: Koko|Thunderbolt|p2a: Scorp corp\n|-immune|p2a: Scorp corp\n|move|p2a: Scorp corp|Swords Dance|p2a: Scorp corp\n|-boost|p2a: Scorp corp|atk|2\n|\n|-heal|p2a: Scorp corp|100\/100 tox|[from] ability: Poison Heal\n|upkeep\n|turn|26\n|\n|t:|1699736903\n|move|p1a: Koko|U-turn|p2a: Scorp corp\n|-resisted|p2a: Scorp corp\n|-damage|p2a: Scorp corp|96\/100 tox\n|\n|t:|1699736909\n|switch|p1a: Pepito|Corviknight, M, shiny|49\/100|[from] U-turn\n|-ability|p1a: Pepito|Pressure\n|move|p2a: Scorp corp|Earthquake|p1a: Pepito\n|-immune|p1a: Pepito\n|\n|-heal|p2a: Scorp corp|100\/100 tox|[from] ability: Poison Heal\n|upkeep\n|turn|27\n|\n|t:|1699736921\n|move|p2a: Scorp corp|Swords Dance|p2a: Scorp corp\n|-boost|p2a: Scorp corp|atk|2\n|move|p1a: Pepito|Roost|p1a: Pepito\n|-heal|p1a: Pepito|99\/100\n|-singleturn|p1a: Pepito|move: Roost\n|\n|-fieldend|move: Electric Terrain\n|upkeep\n|turn|28\n|\n|t:|1699736936\n|move|p2a: Scorp corp|Swords Dance|p2a: Scorp corp\n|-boost|p2a: Scorp corp|atk|2\n|move|p1a: Pepito|Iron Head|p2a: Scorp corp\n|-damage|p2a: Scorp corp|89\/100 tox\n|\n|-heal|p2a: Scorp corp|100\/100 tox|[from] ability: Poison Heal\n|upkeep\n|turn|29\n|\n|t:|1699736966\n|switch|p1a: Garganta|Garganacl, F, tera:Water|16\/100\n|move|p2a: Scorp corp|Facade|p1a: Garganta\n|-damage|p1a: Garganta|0 fnt\n|faint|p1a: Garganta\n|\n|-sideend|p2: Gamer00ooO|Reflect\n|upkeep\n|\n|t:|1699736995\n|switch|p1a: Koko|Tapu Koko, shiny|100\/100\n|-fieldstart|move: Electric Terrain|[from] ability: Electric Surge|[of] p1a: Koko\n|turn|30\n|\n|t:|1699737004\n|move|p1a: Koko|U-turn|p2a: Scorp corp\n|-resisted|p2a: Scorp corp\n|-damage|p2a: Scorp corp|93\/100 tox\n|\n|t:|1699737013\n|switch|p1a: Pepito|Corviknight, M, shiny|99\/100|[from] U-turn\n|-ability|p1a: Pepito|Pressure\n|move|p2a: Scorp corp|Facade|p1a: Pepito\n|-resisted|p1a: Pepito\n|-damage|p1a: Pepito|50\/100\n|-damage|p2a: Scorp corp|76\/100 tox|[from] item: Rocky Helmet|[of] p1a: Pepito\n|\n|-heal|p2a: Scorp corp|89\/100 tox|[from] ability: Poison Heal\n|-sideend|p2: Gamer00ooO|move: Light Screen\n|upkeep\n|turn|31\n|\n|t:|1699737030\n|move|p2a: Scorp corp|Facade|p1a: Pepito\n|-resisted|p1a: Pepito\n|-crit|p1a: Pepito\n|-damage|p1a: Pepito|0 fnt\n|-damage|p2a: Scorp corp|72\/100 tox|[from] item: Rocky Helmet|[of] p1a: Pepito\n|faint|p1a: Pepito\n|\n|-heal|p2a: Scorp corp|85\/100 tox|[from] ability: Poison Heal\n|upkeep\n|\n|t:|1699737039\n|switch|p1a: Karely Ruiz|Lopunny-Mega, F, shiny|100\/100\n|-status|p1a: Karely Ruiz|psn\n|turn|32\n|\n|t:|1699737043\n|move|p1a: Karely Ruiz|Fake Out|p2a: Scorp corp\n|-damage|p2a: Scorp corp|62\/100 tox\n|cant|p2a: Scorp corp|flinch\n|\n|-damage|p1a: Karely Ruiz|88\/100 psn|[from] psn\n|-heal|p2a: Scorp corp|74\/100 tox|[from] ability: Poison Heal\n|upkeep\n|turn|33\n|\n|t:|1699737055\n|move|p1a: Karely Ruiz|Frustration|p2a: Scorp corp\n|-damage|p2a: Scorp corp|26\/100 tox\n|move|p2a: Scorp corp|Facade|p1a: Karely Ruiz\n|-damage|p1a: Karely Ruiz|0 fnt\n|faint|p1a: Karely Ruiz\n|\n|-heal|p2a: Scorp corp|38\/100 tox|[from] ability: Poison Heal\n|upkeep\n|\n|t:|1699737065\n|switch|p1a: Lola|Cinderace, F|100\/100\n|-status|p1a: Lola|psn\n|turn|34\n|\n|t:|1699737074\n|-zpower|p1a: Lola\n|move|p1a: Lola|Breakneck Blitz|p2a: Scorp corp|[zeffect]\n|-start|p1a: Lola|typechange|Normal|[from] ability: Libero\n|-damage|p2a: Scorp corp|0 fnt\n|faint|p2a: Scorp corp\n|\n|-damage|p1a: Lola|88\/100 psn|[from] psn\n|-fieldend|move: Electric Terrain\n|upkeep\n|\n|t:|1699737093\n|switch|p2a: Steven|Diancie|100\/100\n|turn|35\n|\n|t:|1699737104\n|-terastallize|p2a: Steven|Electric\n|move|p1a: Lola|Swords Dance|p1a: Lola\n|-boost|p1a: Lola|atk|2\n|move|p2a: Steven|Diamond Storm|p1a: Lola\n|-damage|p1a: Lola|35\/100 psn\n|-boost|p2a: Steven|def|2\n|\n|-damage|p1a: Lola|23\/100 psn|[from] psn\n|upkeep\n|turn|36\n|\n|t:|1699737119\n|move|p1a: Lola|Double-Edge|p2a: Steven\n|-crit|p2a: Steven\n|-damage|p2a: Steven|0 fnt\n|faint|p2a: Steven\n|-damage|p1a: Lola|0 fnt|[from] Recoil\n|faint|p1a: Lola\n|\n|upkeep\n|\n|t:|1699737129\n|switch|p1a: Koko|Tapu Koko, shiny|100\/100\n|switch|p2a: Eco Eco|Gardevoir-Mega, M|20\/100\n|-fieldstart|move: Electric Terrain|[from] ability: Electric Surge|[of] p1a: Koko\n|turn|37\n|\n|t:|1699737187\n|move|p1a: Koko|Thunderbolt|p2a: Eco Eco\n|-damage|p2a: Eco Eco|0 fnt\n|faint|p2a: Eco Eco\n|\n|upkeep\n|\n|t:|1699737190\n|switch|p2a: Sr de carb\u00f3n|Weezing-Galar, M|100\/100\n|-fieldstart|move: Misty Terrain|[from] ability: Misty Surge|[of] p2a: Sr de carb\u00f3n\n|turn|38\n|\n|t:|1699737209\n|move|p1a: Koko|Thunderbolt|p2a: Sr de carb\u00f3n\n|-damage|p2a: Sr de carb\u00f3n|65\/100\n|move|p2a: Sr de carb\u00f3n|Flamethrower|p1a: Koko\n|-damage|p1a: Koko|73\/100\n|\n|upkeep\n|turn|39\n|\n|t:|1699737223\n|move|p1a: Koko|Thunderbolt|p2a: Sr de carb\u00f3n\n|-damage|p2a: Sr de carb\u00f3n|30\/100\n|move|p2a: Sr de carb\u00f3n|Flamethrower|p1a: Koko\n|-damage|p1a: Koko|46\/100\n|\n|upkeep\n|turn|40\n|\n|t:|1699737230\n|move|p1a: Koko|Thunderbolt|p2a: Sr de carb\u00f3n\n|-damage|p2a: Sr de carb\u00f3n|0 fnt\n|faint|p2a: Sr de carb\u00f3n\n|\n|win|Sai4rr\n|c|\u2606Gamer00ooO|Gg\n|l|\u2606Sai4rr\n|c|\u2606Gamer00ooO|Por poco\n","uploadtime":1699737296,"views":5,"p1id":"sai4rr","p2id":"gamer00ooo","formatid":"gen9nationaldex","rating":0,"private":0,"password":""}