{"id":"gen9nationaldex-1993681268","p1":"Tank Tests","p2":"Honwave59","format":"[Gen 9] National Dex","log":"|j|\u2606Tank Tests\n|j|\u2606Honwave59\n|t:|1700344943\n|gametype|singles\n|player|p1|Tank Tests|1|1262\n|player|p2|Honwave59|pilot|1284\n|teamsize|p1|6\n|teamsize|p2|6\n|gen|9\n|tier|[Gen 9] National Dex\n|rated|\n|rule|HP Percentage Mod: HP is shown in percentages\n|rule|Endless Battle Clause: Forcing endless battles is banned\n|rule|OHKO Clause: OHKO moves are banned\n|rule|Evasion Clause: Evasion abilities, items, and moves are banned\n|rule|Evasion Abilities Clause: Evasion abilities are banned\n|rule|Evasion Items Clause: Evasion items are banned\n|rule|Evasion Moves Clause: Evasion moves are banned\n|rule|Species Clause: Limit one of each Pok\u00e9mon\n|rule|Sleep Clause Mod: Limit one foe put to sleep\n|clearpoke\n|poke|p1|Pawmot, F|\n|poke|p1|Rabsca, F|\n|poke|p1|Banette, F|\n|poke|p1|Victini|\n|poke|p1|Dragonite, M|\n|poke|p1|Forretress, F|\n|poke|p2|Tapu Lele|\n|poke|p2|Salamence, M|\n|poke|p2|Durant, F|\n|poke|p2|Espeon, M|\n|poke|p2|Darmanitan, F|\n|poke|p2|Regidrago|\n|teampreview\n|inactive|Battle timer is ON: inactive players will automatically lose when time's up. (requested by Honwave59)\n|\n|t:|1700344949\n|start\n|switch|p1a: Banette|Banette, F|100\/100\n|switch|p2a: Kachigga my|Darmanitan, F, shiny|100\/100\n|turn|1\n|\n|t:|1700344953\n|detailschange|p1a: Banette|Banette-Mega, F\n|-mega|p1a: Banette|Banette|Banettite\n|move|p1a: Banette|Destiny Bond|p1a: Banette\n|-singlemove|p1a: Banette|Destiny Bond\n|move|p2a: Kachigga my|Flare Blitz|p1a: Banette\n|-damage|p1a: Banette|0 fnt\n|faint|p1a: Banette\n|-activate|p1a: Banette|move: Destiny Bond\n|faint|p2a: Kachigga my\n|\n|upkeep\n|\n|t:|1700344973\n|switch|p2a: Little boy|Tapu Lele|100\/100\n|switch|p1a: Victini|Victini|100\/100\n|-fieldstart|move: Psychic Terrain|[from] ability: Psychic Surge|[of] p2a: Little boy\n|turn|2\n|\n|t:|1700344980\n|move|p1a: Victini|V-create|p2a: Little boy\n|-damage|p2a: Little boy|0 fnt\n|-unboost|p1a: Victini|spe|1\n|-unboost|p1a: Victini|def|1\n|-unboost|p1a: Victini|spd|1\n|faint|p2a: Little boy\n|\n|upkeep\n|\n|t:|1700344984\n|switch|p2a: Regidrago|Regidrago|100\/100\n|turn|3\n|\n|t:|1700344987\n|switch|p1a: Forretress|Forretress, F|100\/100\n|move|p2a: Regidrago|Dragon Dance|p2a: Regidrago\n|-boost|p2a: Regidrago|atk|1\n|-boost|p2a: Regidrago|spe|1\n|\n|upkeep\n|turn|4\n|\n|t:|1700344997\n|switch|p2a: Espeon|Espeon, M|100\/100\n|move|p1a: Forretress|Thunder Wave|p2a: Espeon\n|move|p2a: Espeon|Thunder Wave|p1a: Forretress|[from]ability: Magic Bounce\n|-status|p1a: Forretress|par\n|\n|upkeep\n|turn|5\n|\n|t:|1700345003\n|move|p2a: Espeon|Trick|p1a: Forretress\n|-activate|p2a: Espeon|move: Trick|[of] p1a: Forretress\n|-item|p1a: Forretress|Choice Scarf|[from] move: Trick\n|-item|p2a: Espeon|Heavy-Duty Boots|[from] move: Trick\n|move|p1a: Forretress|Explosion|p2a: Espeon\n|-damage|p2a: Espeon|9\/100\n|faint|p1a: Forretress\n|\n|upkeep\n|\n|t:|1700345008\n|switch|p1a: Dragonite|Dragonite, M|100\/100\n|turn|6\n|\n|t:|1700345014\n|move|p2a: Espeon|Expanding Force|p1a: Dragonite\n|-damage|p1a: Dragonite|58\/100\n|move|p1a: Dragonite|Dragon Dance|p1a: Dragonite\n|-boost|p1a: Dragonite|atk|1\n|-boost|p1a: Dragonite|spe|1\n|\n|-fieldend|move: Psychic Terrain\n|upkeep\n|turn|7\n|\n|t:|1700345019\n|move|p1a: Dragonite|Extreme Speed|p2a: Espeon\n|-damage|p2a: Espeon|0 fnt\n|faint|p2a: Espeon\n|\n|upkeep\n|\n|t:|1700345022\n|switch|p2a: John Xina|Durant, F|100\/100\n|turn|8\n|\n|t:|1700345036\n|move|p1a: Dragonite|Earthquake|p2a: John Xina\n|-damage|p2a: John Xina|32\/100\n|move|p2a: John Xina|Iron Head|p1a: Dragonite\n|-damage|p1a: Dragonite|0 fnt\n|faint|p1a: Dragonite\n|\n|upkeep\n|\n|t:|1700345042\n|switch|p1a: Pawmot|Pawmot, F|100\/100\n|turn|9\n|\n|t:|1700345046\n|move|p1a: Pawmot|Close Combat|p2a: John Xina\n|-damage|p2a: John Xina|0 fnt\n|-unboost|p1a: Pawmot|def|1\n|-unboost|p1a: Pawmot|spd|1\n|faint|p2a: John Xina\n|\n|upkeep\n|\n|t:|1700345049\n|switch|p2a: Regidrago|Regidrago|100\/100\n|turn|10\n|\n|t:|1700345052\n|move|p1a: Pawmot|Thunder Wave|p2a: Regidrago\n|-status|p2a: Regidrago|par\n|cant|p2a: Regidrago|par\n|\n|upkeep\n|turn|11\n|\n|t:|1700345057\n|move|p1a: Pawmot|Revival Blessing|p1a: Pawmot\n|-enditem|p1a: Pawmot|Leppa Berry|[eat]\n|-activate|p1a: Pawmot|item: Leppa Berry|Revival Blessing|[consumed]\n|\n|t:|1700345063\n|-heal|p1: Banette|50\/100|[from] move: Revival Blessing\n|move|p2a: Regidrago|Explosion|p1a: Pawmot\n|-damage|p1a: Pawmot|0 fnt\n|faint|p2a: Regidrago\n|faint|p1a: Pawmot\n|\n|upkeep\n|-message|Honwave59 forfeited.\n|\n|win|Tank Tests\n|raw|Tank Tests's rating: 1262 &rarr; <strong>1289<\/strong><br \/>(+27 for winning)\n|raw|Honwave59's rating: 1284 &rarr; <strong>1257<\/strong><br \/>(-27 for losing)\n|l|\u2606Honwave59\n","uploadtime":1700345084,"views":9,"p1id":"tanktests","p2id":"honwave59","formatid":"gen9nationaldex","rating":1257,"private":0,"password":""}