{"id":"gen9nationaldex-1995554069","p1":"Mauro-kun","p2":"AltoMandoKuro","format":"[Gen 9] National Dex","log":"|html|<div class=\"broadcast-blue\"><strong>[Gen 9] National Dex is currently suspecting Sneasler! For information on how to participate check out the <a href=\"https:\/\/www.smogon.com\/forums\/threads\/sv-national-dex-suspect-8-just-dance.3731534\/\">suspect thread<\/a>.<\/strong><\/div>\n|j|\u2606Mauro-kun\n|j|\u2606AltoMandoKuro\n|t:|1700582375\n|gametype|singles\n|player|p1|Mauro-kun|blaine|\n|player|p2|AltoMandoKuro|veteran|\n|teamsize|p1|6\n|teamsize|p2|6\n|gen|9\n|tier|[Gen 9] National Dex\n|rule|HP Percentage Mod: HP is shown in percentages\n|rule|Endless Battle Clause: Forcing endless battles is banned\n|rule|OHKO Clause: OHKO moves are banned\n|rule|Evasion Clause: Evasion abilities, items, and moves are banned\n|rule|Evasion Abilities Clause: Evasion abilities are banned\n|rule|Evasion Items Clause: Evasion items are banned\n|rule|Evasion Moves Clause: Evasion moves are banned\n|rule|Species Clause: Limit one of each Pok\u00e9mon\n|rule|Sleep Clause Mod: Limit one foe put to sleep\n|clearpoke\n|poke|p1|Gogoat, M|\n|poke|p1|Veluza, F|\n|poke|p1|Lokix, F|\n|poke|p1|Avalugg, M|\n|poke|p1|Armarouge, F|\n|poke|p1|Glimmora, M|\n|poke|p2|Sceptile, F|\n|poke|p2|Salamence, F|\n|poke|p2|Clawitzer, F|\n|poke|p2|Slaking, F|\n|poke|p2|Aegislash, F|\n|poke|p2|Slurpuff, F|\n|teampreview\n|c|\u2606AltoMandoKuro|glhf\n|c|\u2606Mauro-kun|gl f\n|c|\u2606Mauro-kun|gl hf\n|\n|t:|1700582441\n|start\n|switch|p1a: Glimmora|Glimmora, M|100\/100\n|switch|p2a: Clawitzer|Clawitzer, F, shiny|100\/100\n|turn|1\n|\n|t:|1700582470\n|switch|p1a: el GOAT|Gogoat, M|100\/100\n|move|p2a: Clawitzer|Water Pulse|p1a: el GOAT\n|-resisted|p1a: el GOAT\n|-damage|p1a: el GOAT|83\/100\n|\n|-heal|p1a: el GOAT|89\/100|[from] item: Leftovers\n|upkeep\n|turn|2\n|c|\u2606Mauro-kun|el goat lo hizo de nuevo\n|\n|t:|1700582480\n|switch|p2a: Salamence|Salamence, F|100\/100\n|move|p1a: el GOAT|Earthquake|p2a: Salamence\n|-immune|p2a: Salamence\n|\n|-heal|p1a: el GOAT|96\/100|[from] item: Leftovers\n|upkeep\n|turn|3\n|\n|t:|1700582513\n|move|p2a: Salamence|Dual Wingbeat|p1a: el GOAT\n|-supereffective|p1a: el GOAT\n|-damage|p1a: el GOAT|40\/100\n|-supereffective|p1a: el GOAT\n|-damage|p1a: el GOAT|0 fnt\n|faint|p1a: el GOAT\n|-ability|p2a: Salamence|Moxie|boost\n|-boost|p2a: Salamence|atk|1\n|-hitcount|p1: el GOAT|2\n|\n|upkeep\n|\n|t:|1700582518\n|switch|p1a: Avalugggggggg|Avalugg, M|100\/100\n|turn|4\n|c|\u2606Mauro-kun|ok, empezamoshorrible\n|\n|t:|1700582544\n|switch|p2a: Clawitzer|Clawitzer, F, shiny|100\/100\n|move|p1a: Avalugggggggg|Avalanche|p2a: Clawitzer\n|-resisted|p2a: Clawitzer\n|-damage|p2a: Clawitzer|88\/100\n|\n|upkeep\n|turn|5\n|j| christian47MA\n|\n|t:|1700582577\n|switch|p1a: Nerfeenme|Veluza, F|100\/100\n|move|p2a: Clawitzer|Water Pulse|p1a: Nerfeenme\n|-resisted|p1a: Nerfeenme\n|-damage|p1a: Nerfeenme|60\/100\n|\n|upkeep\n|turn|6\n|\n|t:|1700582589\n|switch|p2a: Sceptile|Sceptile, F, shiny|100\/100\n|move|p1a: Nerfeenme|Flip Turn|p2a: Sceptile\n|-resisted|p2a: Sceptile\n|-damage|p2a: Sceptile|80\/100\n|\n|t:|1700582627\n|switch|p1a: Padrekix|Lokix, F|100\/100|[from] Flip Turn\n|\n|upkeep\n|turn|7\n|\n|t:|1700582699\n|detailschange|p2a: Sceptile|Sceptile-Mega, F, shiny\n|-mega|p2a: Sceptile|Sceptile|Sceptilite\n|move|p2a: Sceptile|Dragon Pulse|p1a: Padrekix\n|-crit|p1a: Padrekix\n|-damage|p1a: Padrekix|0 fnt\n|faint|p1a: Padrekix\n|\n|upkeep\n|c|\u2606Mauro-kun|no jodas\n|c|\u2606AltoMandoKuro|fue sword dance?\n|c|\u2606Mauro-kun|era leech life\n|c|\u2606Mauro-kun|pero\n|c|\u2606Mauro-kun|tengo un buen de EVs en spd\n|c|\u2606Mauro-kun|papi\n|c|\u2606Mauro-kun|si lo aguantaba\n|c|\u2606Mauro-kun|y el crit me jode\n|\n|t:|1700582773\n|switch|p1a: Glimmora|Glimmora, M|100\/100\n|turn|8\n|c|\u2606AltoMandoKuro|todavia se puede\n|c|\u2606AltoMandoKuro|dale\n|c|\u2606Mauro-kun|no wbn\n|c|\u2606Mauro-kun|como mato a ese imbecil\n|c|\u2606Mauro-kun|sin perder el combate\n|\n|t:|1700582806\n|switch|p2a: Clawitzer|Clawitzer, F, shiny|88\/100\n|move|p1a: Glimmora|Power Gem|p2a: Clawitzer\n|-damage|p2a: Clawitzer|40\/100\n|\n|upkeep\n|turn|9\n|\n|t:|1700582816\n|move|p1a: Glimmora|Earth Power|p2a: Clawitzer\n|-damage|p2a: Clawitzer|5\/100\n|move|p2a: Clawitzer|Water Pulse|p1a: Glimmora\n|-supereffective|p1a: Glimmora\n|-enditem|p1a: Glimmora|Focus Sash\n|-damage|p1a: Glimmora|1\/100\n|\n|upkeep\n|turn|10\n|\n|t:|1700582821\n|switch|p2a: Salamence|Salamence, F|100\/100\n|move|p1a: Glimmora|Power Gem|p2a: Salamence\n|-supereffective|p2a: Salamence\n|-damage|p2a: Salamence|0 fnt\n|faint|p2a: Salamence\n|\n|upkeep\n|\n|t:|1700582828\n|switch|p2a: Sceptile|Sceptile-Mega, F, shiny|80\/100\n|turn|11\n|\n|t:|1700582834\n|move|p2a: Sceptile|Energy Ball|p1a: Glimmora\n|-damage|p1a: Glimmora|0 fnt\n|faint|p1a: Glimmora\n|\n|upkeep\n|j| Vaictador\n|\n|t:|1700582890\n|switch|p1a: Armarouge|Armarouge, F|100\/100\n|turn|12\n|\n|t:|1700582944\n|switch|p2a: Clawitzer|Clawitzer, F, shiny|5\/100\n|move|p1a: Armarouge|Calm Mind|p1a: Armarouge\n|-boost|p1a: Armarouge|spa|1\n|-boost|p1a: Armarouge|spd|1\n|\n|upkeep\n|turn|13\n|\n|t:|1700582964\n|move|p1a: Armarouge|Stored Power|p2a: Clawitzer\n|-damage|p2a: Clawitzer|0 fnt\n|faint|p2a: Clawitzer\n|\n|upkeep\n|j| Chris47MA\n|\n|t:|1700582994\n|switch|p2a: Slaking|Slaking, F|100\/100\n|turn|14\n|\n|t:|1700583016\n|move|p2a: Slaking|Earthquake|p1a: Armarouge\n|-supereffective|p1a: Armarouge\n|-damage|p1a: Armarouge|12\/100\n|-ability|p1a: Armarouge|Weak Armor|boost\n|-unboost|p1a: Armarouge|def|1\n|-boost|p1a: Armarouge|spe|2\n|move|p1a: Armarouge|Calm Mind|p1a: Armarouge\n|-boost|p1a: Armarouge|spa|1\n|-boost|p1a: Armarouge|spd|1\n|\n|upkeep\n|turn|15\n|\n|t:|1700583045\n|-terastallize|p1a: Armarouge|Psychic\n|move|p1a: Armarouge|Stored Power|p2a: Slaking\n|-damage|p2a: Slaking|0 fnt\n|faint|p2a: Slaking\n|\n|upkeep\n|\n|t:|1700583048\n|switch|p2a: Aegislash|Aegislash, F, shiny|100\/100\n|turn|16\n|\n|t:|1700583060\n|-formechange|p2a: Aegislash|Aegislash-Blade||[from] ability: Stance Change\n|move|p2a: Aegislash|Shadow Sneak|p1a: Armarouge\n|-supereffective|p1a: Armarouge\n|-damage|p1a: Armarouge|0 fnt\n|faint|p1a: Armarouge\n|\n|upkeep\n|\n|t:|1700583074\n|switch|p1a: Avalugggggggg|Avalugg, M|100\/100\n|turn|17\n|c|\u2606Mauro-kun|ptm\n|c|\u2606Mauro-kun|missclickee\n|\n|t:|1700583091\n|-formechange|p2a: Aegislash|Aegislash||[from] ability: Stance Change\n|move|p2a: Aegislash|King's Shield|p2a: Aegislash\n|-singleturn|p2a: Aegislash|Protect\n|move|p1a: Avalugggggggg|Avalanche|p2a: Aegislash\n|-activate|p2a: Aegislash|move: Protect\n|-unboost|p1a: Avalugggggggg|atk|1\n|\n|upkeep\n|turn|18\n|\n|t:|1700583100\n|switch|p1a: Nerfeenme|Veluza, F|60\/100\n|move|p2a: Aegislash|Swords Dance|p2a: Aegislash\n|-boost|p2a: Aegislash|atk|2\n|\n|upkeep\n|turn|19\n|c|\u2606Mauro-kun|gg\n|\n|t:|1700583115\n|-formechange|p2a: Aegislash|Aegislash-Blade||[from] ability: Stance Change\n|move|p2a: Aegislash|Shadow Sneak|p1a: Nerfeenme\n|-supereffective|p1a: Nerfeenme\n|-damage|p1a: Nerfeenme|0 fnt\n|faint|p1a: Nerfeenme\n|\n|upkeep\n|\n|t:|1700583117\n|switch|p1a: Avalugggggggg|Avalugg, M|100\/100\n|turn|20\n|\n|t:|1700583123\n|-formechange|p2a: Aegislash|Aegislash||[from] ability: Stance Change\n|move|p2a: Aegislash|King's Shield|p2a: Aegislash\n|-singleturn|p2a: Aegislash|Protect\n|move|p1a: Avalugggggggg|Recover||[still]\n|-fail|p1a: Avalugggggggg|heal\n|\n|upkeep\n|turn|21\n|\n|t:|1700583129\n|move|p2a: Aegislash|Swords Dance|p2a: Aegislash\n|-boost|p2a: Aegislash|atk|2\n|move|p1a: Avalugggggggg|Avalanche|p2a: Aegislash\n|-resisted|p2a: Aegislash\n|-damage|p2a: Aegislash|92\/100\n|\n|upkeep\n|turn|22\n|\n|t:|1700583146\n|move|p2a: Aegislash|Swords Dance|p2a: Aegislash\n|-boost|p2a: Aegislash|atk|2\n|move|p1a: Avalugggggggg|Avalanche|p2a: Aegislash\n|-resisted|p2a: Aegislash\n|-damage|p2a: Aegislash|83\/100\n|\n|upkeep\n|turn|23\n|c|\u2606AltoMandoKuro|gg\n|\n|t:|1700583151\n|-terastallize|p2a: Aegislash|Steel\n|-formechange|p2a: Aegislash|Aegislash-Blade||[from] ability: Stance Change\n|move|p2a: Aegislash|Iron Head|p1a: Avalugggggggg\n|-supereffective|p1a: Avalugggggggg\n|-ability|p1a: Avalugggggggg|Sturdy\n|-damage|p1a: Avalugggggggg|1\/100\n|move|p1a: Avalugggggggg|Avalanche|p2a: Aegislash\n|-resisted|p2a: Aegislash\n|-damage|p2a: Aegislash|40\/100\n|\n|upkeep\n|turn|24\n|c|\u2606Mauro-kun|gg\n|c|\u2606Mauro-kun|te dije\n|\n|t:|1700583156\n|move|p2a: Aegislash|Shadow Sneak|p1a: Avalugggggggg\n|-damage|p1a: Avalugggggggg|0 fnt\n|faint|p1a: Avalugggggggg\n|\n|win|AltoMandoKuro\n|c|\u2606AltoMandoKuro|gg\n|l|\u2606Mauro-kun\n|l| Vaictador\n|j| Gabrielxz18\n","uploadtime":1700583197,"views":4,"p1id":"maurokun","p2id":"altomandokuro","formatid":"gen9nationaldex","rating":0,"private":0,"password":""}