{"id":"gen9nationaldex-1989628449","p1":"liuqiu","p2":"Chrispr","format":"[Gen 9] National Dex","log":"|j|\u203dliuqiu\n|j|\u2606Chrispr\n|t:|1699880738\n|gametype|singles\n|player|p1|liuqiu|ash-hoenn|1168\n|player|p2|Chrispr|drayden|1153\n|teamsize|p1|6\n|teamsize|p2|6\n|gen|9\n|tier|[Gen 9] National Dex\n|rated|\n|rule|HP Percentage Mod: HP is shown in percentages\n|rule|Endless Battle Clause: Forcing endless battles is banned\n|rule|OHKO Clause: OHKO moves are banned\n|rule|Evasion Clause: Evasion abilities, items, and moves are banned\n|rule|Evasion Abilities Clause: Evasion abilities are banned\n|rule|Evasion Items Clause: Evasion items are banned\n|rule|Evasion Moves Clause: Evasion moves are banned\n|rule|Species Clause: Limit one of each Pok\u00e9mon\n|rule|Sleep Clause Mod: Limit one foe put to sleep\n|clearpoke\n|poke|p1|Skeledirge, F|\n|poke|p1|Gliscor, F|\n|poke|p1|Ferrothorn, F|\n|poke|p1|Meloetta|\n|poke|p1|Mimikyu, M|\n|poke|p1|Banette, F|\n|poke|p2|Sigilyph, F|\n|poke|p2|Zangoose, M|\n|poke|p2|Chandelure, M|\n|poke|p2|Spiritomb, M|\n|poke|p2|Alomomola, F|\n|poke|p2|Dhelmise|\n|teampreview\n|inactive|Battle timer is ON: inactive players will automatically lose when time's up. (requested by Chrispr)\n|\n|t:|1699880747\n|start\n|switch|p1a: Banette|Banette, F|100\/100\n|switch|p2a: Alomomola|Alomomola, F|100\/100\n|-item|p2a: Alomomola|Leftovers|[from] ability: Frisk|[of] p1a: Banette|[identify]\n|turn|1\n|\n|t:|1699880757\n|switch|p1a: Ferrothorn|Ferrothorn, F|100\/100\n|move|p2a: Alomomola|Flip Turn|p1a: Ferrothorn\n|-resisted|p1a: Ferrothorn\n|-damage|p1a: Ferrothorn|94\/100\n|-damage|p2a: Alomomola|88\/100|[from] ability: Iron Barbs|[of] p1a: Ferrothorn\n|\n|t:|1699880760\n|switch|p2a: Sigilyph|Sigilyph, F|100\/100|[from] Flip Turn\n|\n|-heal|p1a: Ferrothorn|99\/100|[from] item: Leftovers\n|upkeep\n|turn|2\n|\n|t:|1699880767\n|move|p2a: Sigilyph|Heat Wave|p1a: Ferrothorn\n|-supereffective|p1a: Ferrothorn\n|-damage|p1a: Ferrothorn|16\/100\n|move|p1a: Ferrothorn|Gyro Ball|p2a: Sigilyph\n|-damage|p2a: Sigilyph|24\/100\n|\n|-heal|p1a: Ferrothorn|22\/100|[from] item: Leftovers\n|upkeep\n|turn|3\n|\n|t:|1699880772\n|switch|p1a: Skeledirge|Skeledirge, F, shiny|100\/100\n|move|p2a: Sigilyph|Heat Wave|p1a: Skeledirge\n|-resisted|p1a: Skeledirge\n|-damage|p1a: Skeledirge|83\/100\n|\n|-heal|p1a: Skeledirge|89\/100|[from] item: Leftovers\n|upkeep\n|turn|4\n|\n|t:|1699880785\n|switch|p2a: Spiritomb|Spiritomb, M|100\/100\n|move|p1a: Skeledirge|Shadow Ball|p2a: Spiritomb\n|-damage|p2a: Spiritomb|69\/100\n|\n|-heal|p1a: Skeledirge|95\/100|[from] item: Leftovers\n|upkeep\n|turn|5\n|\n|t:|1699880791\n|switch|p1a: Ferrothorn|Ferrothorn, F|22\/100\n|move|p2a: Spiritomb|Payback|p1a: Ferrothorn\n|-damage|p1a: Ferrothorn|1\/100\n|-damage|p2a: Spiritomb|57\/100|[from] ability: Iron Barbs|[of] p1a: Ferrothorn\n|\n|-heal|p1a: Ferrothorn|7\/100|[from] item: Leftovers\n|upkeep\n|turn|6\n|\n|t:|1699880801\n|switch|p1a: Gliscor|Gliscor, F, shiny|100\/100\n|move|p2a: Spiritomb|Dark Pulse|p1a: Gliscor\n|-damage|p1a: Gliscor|73\/100\n|\n|-status|p1a: Gliscor|tox|[from] item: Toxic Orb\n|upkeep\n|turn|7\n|\n|t:|1699880810\n|switch|p2a: Alomomola|Alomomola, F|100\/100\n|move|p1a: Gliscor|Roost|p1a: Gliscor\n|-heal|p1a: Gliscor|100\/100 tox\n|-singleturn|p1a: Gliscor|move: Roost\n|\n|upkeep\n|turn|8\n|\n|t:|1699880814\n|move|p1a: Gliscor|Protect|p1a: Gliscor\n|-singleturn|p1a: Gliscor|Protect\n|move|p2a: Alomomola|Wish|p2a: Alomomola\n|\n|upkeep\n|turn|9\n|\n|t:|1699880821\n|move|p1a: Gliscor|Toxic|p2a: Alomomola\n|-status|p2a: Alomomola|tox\n|move|p2a: Alomomola|Flip Turn|p1a: Gliscor\n|-supereffective|p1a: Gliscor\n|-damage|p1a: Gliscor|77\/100 tox\n|\n|t:|1699880828\n|switch|p2a: Sigilyph|Sigilyph, F|24\/100|[from] Flip Turn\n|\n|-heal|p2a: Sigilyph|100\/100|[from] move: Wish|[wisher] Alomomola\n|-heal|p1a: Gliscor|89\/100 tox|[from] ability: Poison Heal\n|upkeep\n|turn|10\n|\n|t:|1699880838\n|switch|p1a: Skeledirge|Skeledirge, F, shiny|95\/100\n|move|p2a: Sigilyph|Psychic|p1a: Skeledirge\n|-damage|p1a: Skeledirge|46\/100\n|\n|-heal|p1a: Skeledirge|52\/100|[from] item: Leftovers\n|upkeep\n|turn|11\n|\n|t:|1699880851\n|-terastallize|p2a: Sigilyph|Psychic\n|move|p2a: Sigilyph|Psychic|p1a: Skeledirge\n|-damage|p1a: Skeledirge|0 fnt\n|faint|p1a: Skeledirge\n|\n|upkeep\n|\n|t:|1699880869\n|switch|p1a: Meloetta|Meloetta|100\/100\n|turn|12\n|\n|t:|1699880877\n|move|p2a: Sigilyph|Psychic|p1a: Meloetta\n|-resisted|p1a: Meloetta\n|-damage|p1a: Meloetta|72\/100\n|-zpower|p1a: Meloetta\n|move|p1a: Meloetta|Z-Celebrate|p1a: Meloetta|[anim]Celebrate\n|-boost|p1a: Meloetta|atk|1|[zeffect]\n|-boost|p1a: Meloetta|def|1|[zeffect]\n|-boost|p1a: Meloetta|spa|1|[zeffect]\n|-boost|p1a: Meloetta|spd|1|[zeffect]\n|-boost|p1a: Meloetta|spe|1|[zeffect]\n|-activate|p1a: Meloetta|move: Celebrate\n|\n|upkeep\n|turn|13\n|\n|t:|1699880884\n|move|p1a: Meloetta|Charge Beam|p2a: Sigilyph\n|-damage|p2a: Sigilyph|65\/100\n|-boost|p1a: Meloetta|spa|1\n|move|p2a: Sigilyph|Air Slash|p1a: Meloetta\n|-damage|p1a: Meloetta|50\/100\n|\n|upkeep\n|turn|14\n|\n|t:|1699880893\n|move|p1a: Meloetta|Charge Beam|p2a: Sigilyph\n|-damage|p2a: Sigilyph|15\/100\n|-boost|p1a: Meloetta|spa|1\n|move|p2a: Sigilyph|Psychic|p1a: Meloetta\n|-resisted|p1a: Meloetta\n|-damage|p1a: Meloetta|32\/100\n|\n|upkeep\n|turn|15\n|\n|t:|1699880901\n|switch|p2a: Dhelmise|Dhelmise|100\/100\n|move|p1a: Meloetta|Rest|p1a: Meloetta\n|-status|p1a: Meloetta|slp|[from] move: Rest\n|-heal|p1a: Meloetta|100\/100 slp|[silent]\n|\n|upkeep\n|turn|16\n|\n|t:|1699880907\n|cant|p1a: Meloetta|slp\n|move|p1a: Meloetta|Snore|p2a: Dhelmise\n|-immune|p2a: Dhelmise\n|move|p2a: Dhelmise|Anchor Shot|p1a: Meloetta\n|-damage|p1a: Meloetta|64\/100 slp\n|-activate|p1a: Meloetta|trapped\n|\n|upkeep\n|turn|17\n|\n|t:|1699880917\n|cant|p1a: Meloetta|slp\n|move|p1a: Meloetta|Snore|p2a: Dhelmise\n|-immune|p2a: Dhelmise\n|move|p2a: Dhelmise|Rapid Spin|p1a: Meloetta\n|-damage|p1a: Meloetta|49\/100 slp\n|-boost|p2a: Dhelmise|spe|1\n|\n|upkeep\n|turn|18\n|\n|t:|1699880926\n|-curestatus|p1a: Meloetta|slp|[msg]\n|move|p1a: Meloetta|Charge Beam|p2a: Dhelmise\n|-resisted|p2a: Dhelmise\n|-damage|p2a: Dhelmise|85\/100\n|-boost|p1a: Meloetta|spa|1\n|move|p2a: Dhelmise|Anchor Shot|p1a: Meloetta\n|-damage|p1a: Meloetta|14\/100\n|\n|upkeep\n|turn|19\n|\n|t:|1699880936\n|move|p1a: Meloetta|Rest|p1a: Meloetta\n|-status|p1a: Meloetta|slp|[from] move: Rest\n|-heal|p1a: Meloetta|100\/100 slp|[silent]\n|move|p2a: Dhelmise|Anchor Shot|p1a: Meloetta\n|-damage|p1a: Meloetta|65\/100 slp\n|\n|upkeep\n|turn|20\n|\n|t:|1699880943\n|cant|p1a: Meloetta|slp\n|move|p1a: Meloetta|Snore|p2a: Dhelmise\n|-immune|p2a: Dhelmise\n|move|p2a: Dhelmise|Anchor Shot|p1a: Meloetta\n|-damage|p1a: Meloetta|28\/100 slp\n|\n|upkeep\n|turn|21\n|\n|t:|1699880950\n|cant|p1a: Meloetta|slp\n|move|p1a: Meloetta|Snore|p2a: Dhelmise\n|-immune|p2a: Dhelmise\n|move|p2a: Dhelmise|Anchor Shot|p1a: Meloetta\n|-damage|p1a: Meloetta|0 fnt\n|faint|p1a: Meloetta\n|\n|upkeep\n|\n|t:|1699880956\n|switch|p1a: Banette|Banette, F|100\/100\n|-item|p2a: Dhelmise|Assault Vest|[from] ability: Frisk|[of] p1a: Banette|[identify]\n|turn|22\n|\n|t:|1699880973\n|detailschange|p1a: Banette|Banette-Mega, F\n|-mega|p1a: Banette|Banette|Banettite\n|move|p1a: Banette|Poltergeist|p2a: Dhelmise\n|-activate|p2a: Dhelmise|move: Poltergeist|Assault Vest\n|-supereffective|p2a: Dhelmise\n|-damage|p2a: Dhelmise|0 fnt\n|faint|p2a: Dhelmise\n|\n|upkeep\n|\n|t:|1699880979\n|switch|p2a: Alomomola|Alomomola, F|100\/100 tox\n|turn|23\n|\n|t:|1699880994\n|move|p1a: Banette|Infestation|p2a: Alomomola\n|-damage|p2a: Alomomola|96\/100 tox\n|-activate|p2a: Alomomola|move: Infestation|[of] p1a: Banette\n|move|p2a: Alomomola|Wish|p2a: Alomomola\n|\n|-heal|p2a: Alomomola|100\/100 tox|[from] item: Leftovers\n|-damage|p2a: Alomomola|94\/100 tox|[from] psn\n|-damage|p2a: Alomomola|82\/100 tox|[from] move: Infestation|[partiallytrapped]\n|upkeep\n|turn|24\n|\n|t:|1699881000\n|move|p1a: Banette|Encore|p2a: Alomomola\n|-start|p2a: Alomomola|Encore\n|move|p2a: Alomomola|Wish||[still]\n|-fail|p2a: Alomomola\n|\n|-heal|p2a: Alomomola|100\/100 tox|[from] move: Wish|[wisher] Alomomola\n|-damage|p2a: Alomomola|88\/100 tox|[from] psn\n|-damage|p2a: Alomomola|76\/100 tox|[from] move: Infestation|[partiallytrapped]\n|upkeep\n|turn|25\n|\n|t:|1699881006\n|move|p1a: Banette|Poltergeist|p2a: Alomomola\n|-activate|p2a: Alomomola|move: Poltergeist|Leftovers\n|-damage|p2a: Alomomola|37\/100 tox\n|move|p2a: Alomomola|Wish|p2a: Alomomola\n|\n|-heal|p2a: Alomomola|44\/100 tox|[from] item: Leftovers\n|-damage|p2a: Alomomola|25\/100 tox|[from] psn\n|-damage|p2a: Alomomola|13\/100 tox|[from] move: Infestation|[partiallytrapped]\n|upkeep\n|turn|26\n|\n|t:|1699881012\n|move|p1a: Banette|Poltergeist|p2a: Alomomola\n|-activate|p2a: Alomomola|move: Poltergeist|Leftovers\n|-crit|p2a: Alomomola\n|-damage|p2a: Alomomola|0 fnt\n|faint|p2a: Alomomola\n|\n|upkeep\n|\n|t:|1699881015\n|switch|p2a: Spiritomb|Spiritomb, M|57\/100\n|turn|27\n|\n|t:|1699881020\n|move|p1a: Banette|Poltergeist|p2a: Spiritomb\n|-activate|p2a: Spiritomb|move: Poltergeist|Black Glasses\n|-damage|p2a: Spiritomb|0 fnt\n|faint|p2a: Spiritomb\n|\n|upkeep\n|\n|t:|1699881030\n|switch|p2a: Chandelure|Chandelure, M|100\/100\n|turn|28\n|\n|t:|1699881034\n|move|p1a: Banette|Destiny Bond|p1a: Banette\n|-singlemove|p1a: Banette|Destiny Bond\n|move|p2a: Chandelure|Shadow Ball|p1a: Banette\n|-supereffective|p1a: Banette\n|-damage|p1a: Banette|0 fnt\n|faint|p1a: Banette\n|-activate|p1a: Banette|move: Destiny Bond\n|faint|p2a: Chandelure\n|\n|upkeep\n|\n|t:|1699881052\n|switch|p2a: Zangoose|Zangoose, M, shiny|100\/100\n|switch|p1a: Ferrothorn|Ferrothorn, F|7\/100\n|turn|29\n|\n|t:|1699881060\n|move|p2a: Zangoose|Power-Up Punch|p1a: Ferrothorn\n|-supereffective|p1a: Ferrothorn\n|-damage|p1a: Ferrothorn|0 fnt\n|-boost|p2a: Zangoose|atk|1\n|-damage|p2a: Zangoose|88\/100|[from] ability: Iron Barbs|[of] p1a: Ferrothorn\n|faint|p1a: Ferrothorn\n|\n|-status|p2a: Zangoose|tox|[from] item: Toxic Orb\n|upkeep\n|\n|t:|1699881064\n|switch|p1a: Gliscor|Gliscor, F, shiny|89\/100 tox\n|turn|30\n|\n|t:|1699881067\n|move|p2a: Zangoose|Facade|p1a: Gliscor\n|-damage|p1a: Gliscor|0 fnt\n|faint|p1a: Gliscor\n|\n|-damage|p2a: Zangoose|82\/100 tox|[from] psn\n|upkeep\n|\n|t:|1699881070\n|switch|p1a: Mimikyu|Mimikyu, M, shiny|100\/100\n|turn|31\n|\n|t:|1699881079\n|move|p1a: Mimikyu|Curse|p2a: Zangoose\n|-start|p2a: Zangoose|Curse|[of] p1a: Mimikyu\n|-damage|p1a: Mimikyu|51\/100\n|move|p2a: Zangoose|Knock Off|p1a: Mimikyu\n|-activate|p1a: Mimikyu|ability: Disguise\n|-damage|p1a: Mimikyu|51\/100\n|-enditem|p1a: Mimikyu|Leftovers|[from] move: Knock Off|[of] p2a: Zangoose\n|detailschange|p1a: Mimikyu|Mimikyu-Busted, M, shiny\n|-damage|p1a: Mimikyu|38\/100|[from] pokemon: Mimikyu-Busted\n|\n|-damage|p2a: Zangoose|71\/100 tox|[from] psn\n|-damage|p2a: Zangoose|46\/100 tox|[from] Curse\n|upkeep\n|turn|32\n|\n|t:|1699881092\n|move|p1a: Mimikyu|Substitute|p1a: Mimikyu\n|-start|p1a: Mimikyu|Substitute\n|-damage|p1a: Mimikyu|14\/100\n|move|p2a: Zangoose|Fire Punch|p1a: Mimikyu\n|-end|p1a: Mimikyu|Substitute\n|\n|-damage|p2a: Zangoose|28\/100 tox|[from] psn\n|-damage|p2a: Zangoose|3\/100 tox|[from] Curse\n|upkeep\n|turn|33\n|\n|t:|1699881115\n|move|p1a: Mimikyu|Thunder Wave||[still]\n|-fail|p1a: Mimikyu\n|move|p2a: Zangoose|Knock Off|p1a: Mimikyu\n|-damage|p1a: Mimikyu|0 fnt\n|faint|p1a: Mimikyu\n|\n|win|Chrispr\n|raw|liuqiu's rating: 1168 &rarr; <strong>1142<\/strong><br \/>(-26 for losing)\n|raw|Chrispr's rating: 1153 &rarr; <strong>1179<\/strong><br \/>(+26 for winning)\n","uploadtime":1699881120,"views":7,"p1id":"liuqiu","p2id":"chrispr","formatid":"gen9nationaldex","rating":1142,"private":0,"password":""}