{"id":"gen9nationaldex-1995844094","p1":"craftex490gx","p2":"Clopski","format":"[Gen 9] National Dex","log":"|html|<div class=\"broadcast-blue\"><strong>[Gen 9] National Dex is currently suspecting Sneasler! For information on how to participate check out the <a href=\"https:\/\/www.smogon.com\/forums\/threads\/sv-national-dex-suspect-8-just-dance.3731534\/\">suspect thread<\/a>.<\/strong><\/div>\n|j|\u2606craftex490gx\n|j|\u2606Clopski\n|t:|1700608846\n|gametype|singles\n|player|p1|craftex490gx|101|1172\n|player|p2|Clopski|101|1113\n|teamsize|p1|6\n|teamsize|p2|6\n|gen|9\n|tier|[Gen 9] National Dex\n|rated|\n|rule|HP Percentage Mod: HP is shown in percentages\n|rule|Endless Battle Clause: Forcing endless battles is banned\n|rule|OHKO Clause: OHKO moves are banned\n|rule|Evasion Clause: Evasion abilities, items, and moves are banned\n|rule|Evasion Abilities Clause: Evasion abilities are banned\n|rule|Evasion Items Clause: Evasion items are banned\n|rule|Evasion Moves Clause: Evasion moves are banned\n|rule|Species Clause: Limit one of each Pok\u00e9mon\n|rule|Sleep Clause Mod: Limit one foe put to sleep\n|clearpoke\n|poke|p1|Pelipper, M|\n|poke|p1|Meganium, M|\n|poke|p1|Iron Thorns|\n|poke|p1|Excadrill, M|\n|poke|p1|Armarouge, F|\n|poke|p1|Persian-Alola, F|\n|poke|p2|Solosis, F|\n|poke|p2|Stakataka|\n|poke|p2|Accelgor, M|\n|poke|p2|Victini|\n|poke|p2|Samurott-Hisui, F|\n|poke|p2|Tapu Lele|\n|teampreview\n|inactive|Battle timer is ON: inactive players will automatically lose when time's up. (requested by Clopski)\n|\n|t:|1700608849\n|start\n|switch|p1a: Persian|Persian-Alola, F|100\/100\n|switch|p2a: Victini|Victini|100\/100\n|turn|1\n|\n|t:|1700608854\n|switch|p2a: Tapu Lele|Tapu Lele|100\/100\n|-fieldstart|move: Psychic Terrain|[from] ability: Psychic Surge|[of] p2a: Tapu Lele\n|move|p1a: Persian|Thunder Wave|p2a: Tapu Lele\n|-status|p2a: Tapu Lele|par\n|\n|upkeep\n|turn|2\n|\n|t:|1700608859\n|move|p1a: Persian|Parting Shot|p2a: Tapu Lele\n|-unboost|p2a: Tapu Lele|atk|1\n|-unboost|p2a: Tapu Lele|spa|1\n|\n|t:|1700608862\n|switch|p1a: Armarouge|Armarouge, F|100\/100|[from] Parting Shot\n|move|p2a: Tapu Lele|Moonblast|p1a: Armarouge\n|-resisted|p1a: Armarouge\n|-damage|p1a: Armarouge|84\/100\n|-unboost|p1a: Armarouge|spa|1\n|\n|upkeep\n|turn|3\n|\n|t:|1700608865\n|switch|p2a: Samurott|Samurott-Hisui, F|100\/100\n|move|p1a: Armarouge|Calm Mind|p1a: Armarouge\n|-boost|p1a: Armarouge|spa|1\n|-boost|p1a: Armarouge|spd|1\n|\n|upkeep\n|turn|4\n|\n|t:|1700608871\n|move|p1a: Armarouge|Endure|p1a: Armarouge\n|-singleturn|p1a: Armarouge|move: Endure\n|move|p2a: Samurott|Ceaseless Edge|p1a: Armarouge\n|-supereffective|p1a: Armarouge\n|-damage|p1a: Armarouge|16\/100\n|-ability|p1a: Armarouge|Weak Armor|boost\n|-unboost|p1a: Armarouge|def|1\n|-boost|p1a: Armarouge|spe|2\n|-sidestart|p1: craftex490gx|Spikes\n|\n|upkeep\n|turn|5\n|\n|t:|1700608876\n|move|p2a: Samurott|Ceaseless Edge|p1a: Armarouge|[miss]\n|-miss|p2a: Samurott|p1a: Armarouge\n|move|p1a: Armarouge|Destiny Bond|p1a: Armarouge\n|-singlemove|p1a: Armarouge|Destiny Bond\n|\n|-fieldend|move: Psychic Terrain\n|upkeep\n|turn|6\n|\n|t:|1700608879\n|move|p2a: Samurott|Ceaseless Edge|p1a: Armarouge\n|-supereffective|p1a: Armarouge\n|-damage|p1a: Armarouge|0 fnt\n|-sidestart|p1: craftex490gx|Spikes\n|faint|p1a: Armarouge\n|-activate|p1a: Armarouge|move: Destiny Bond\n|faint|p2a: Samurott\n|\n|upkeep\n|\n|t:|1700608882\n|switch|p2a: Accelgor|Accelgor, M, shiny|100\/100\n|switch|p1a: Excadrill|Excadrill, M|100\/100\n|-damage|p1a: Excadrill|84\/100|[from] Spikes\n|-ability|p1a: Excadrill|Mold Breaker\n|turn|7\n|\n|t:|1700608884\n|move|p2a: Accelgor|Final Gambit|p1a: Excadrill\n|-damage|p1a: Excadrill|0 fnt\n|faint|p2a: Accelgor\n|faint|p1a: Excadrill\n|\n|upkeep\n|\n|t:|1700608888\n|switch|p2a: Victini|Victini|100\/100\n|switch|p1a: Pelipper|Pelipper, M|100\/100\n|-weather|RainDance|[from] ability: Drizzle|[of] p1a: Pelipper\n|turn|8\n|\n|t:|1700608892\n|move|p2a: Victini|Final Gambit|p1a: Pelipper\n|-damage|p1a: Pelipper|0 fnt\n|faint|p2a: Victini\n|faint|p1a: Pelipper\n|\n|-weather|RainDance|[upkeep]\n|upkeep\n|\n|t:|1700608895\n|switch|p2a: Tapu Lele|Tapu Lele|100\/100 par\n|switch|p1a: Meganium|Meganium, M|100\/100\n|-fieldstart|move: Psychic Terrain|[from] ability: Psychic Surge|[of] p2a: Tapu Lele\n|-damage|p1a: Meganium|84\/100|[from] Spikes\n|turn|9\n|\n|t:|1700608898\n|move|p2a: Tapu Lele|Moonblast|p1a: Meganium\n|-damage|p1a: Meganium|52\/100\n|move|p1a: Meganium|Toxic||[still]\n|-fail|p1a: Meganium\n|\n|-weather|RainDance|[upkeep]\n|upkeep\n|turn|10\n|\n|t:|1700608908\n|move|p2a: Tapu Lele|Moonblast|p1a: Meganium\n|-damage|p1a: Meganium|17\/100\n|move|p1a: Meganium|Reflect|p1a: Meganium\n|-sidestart|p1: craftex490gx|Reflect\n|\n|-weather|RainDance|[upkeep]\n|upkeep\n|turn|11\n|\n|t:|1700608911\n|cant|p2a: Tapu Lele|par\n|move|p1a: Meganium|Light Screen|p1a: Meganium\n|-sidestart|p1: craftex490gx|move: Light Screen\n|\n|-weather|RainDance|[upkeep]\n|upkeep\n|turn|12\n|\n|t:|1700608913\n|move|p2a: Tapu Lele|Moonblast|p1a: Meganium\n|-damage|p1a: Meganium|0 fnt\n|faint|p1a: Meganium\n|\n|-weather|RainDance|[upkeep]\n|upkeep\n|\n|t:|1700608917\n|switch|p1a: Iron Thorns|Iron Thorns, shiny|100\/100\n|-damage|p1a: Iron Thorns|84\/100|[from] Spikes\n|-enditem|p1a: Iron Thorns|Booster Energy\n|-activate|p1a: Iron Thorns|ability: Quark Drive|[fromitem]\n|-start|p1a: Iron Thorns|quarkdriveatk\n|turn|13\n|\n|t:|1700608920\n|move|p1a: Iron Thorns|Dragon Dance|p1a: Iron Thorns\n|-boost|p1a: Iron Thorns|atk|1\n|-boost|p1a: Iron Thorns|spe|1\n|cant|p2a: Tapu Lele|par\n|\n|-weather|RainDance|[upkeep]\n|-fieldend|move: Psychic Terrain\n|upkeep\n|turn|14\n|\n|t:|1700608924\n|move|p1a: Iron Thorns|Dragon Dance|p1a: Iron Thorns\n|-boost|p1a: Iron Thorns|atk|1\n|-boost|p1a: Iron Thorns|spe|1\n|move|p2a: Tapu Lele|Moonblast|p1a: Iron Thorns\n|-damage|p1a: Iron Thorns|56\/100\n|\n|-weather|RainDance|[upkeep]\n|upkeep\n|turn|15\n|\n|t:|1700608929\n|move|p1a: Iron Thorns|Dragon Dance|p1a: Iron Thorns\n|-boost|p1a: Iron Thorns|atk|1\n|-boost|p1a: Iron Thorns|spe|1\n|move|p2a: Tapu Lele|Moonblast|p1a: Iron Thorns\n|-damage|p1a: Iron Thorns|28\/100\n|\n|-weather|none\n|upkeep\n|turn|16\n|\n|t:|1700608931\n|move|p1a: Iron Thorns|Earthquake|p2a: Tapu Lele\n|-damage|p2a: Tapu Lele|0 fnt\n|faint|p2a: Tapu Lele\n|\n|upkeep\n|\n|t:|1700608934\n|switch|p2a: Stakataka|Stakataka, shiny|100\/100\n|turn|17\n|\n|t:|1700608940\n|-terastallize|p1a: Iron Thorns|Flying\n|-terastallize|p2a: Stakataka|Flying\n|move|p1a: Iron Thorns|Wild Charge|p2a: Stakataka\n|-supereffective|p2a: Stakataka\n|-crit|p2a: Stakataka\n|-damage|p2a: Stakataka|0 fnt\n|faint|p2a: Stakataka\n|-damage|p1a: Iron Thorns|4\/100|[from] Recoil\n|\n|-sideend|p1: craftex490gx|Reflect\n|upkeep\n|\n|t:|1700608947\n|switch|p2a: Solosis|Solosis, F|100\/100\n|turn|18\n|\n|t:|1700608950\n|move|p1a: Iron Thorns|Wild Charge|p2a: Solosis\n|-enditem|p2a: Solosis|Focus Sash\n|-damage|p2a: Solosis|1\/100\n|-damage|p1a: Iron Thorns|0 fnt|[from] Recoil\n|faint|p1a: Iron Thorns\n|-end|p1a: Iron Thorns|Quark Drive|[silent]\n|move|p2a: Solosis|Trick Room|p2a: Solosis\n|-fieldstart|move: Trick Room|[of] p2a: Solosis\n|\n|-sideend|p1: craftex490gx|move: Light Screen\n|upkeep\n|\n|t:|1700608952\n|switch|p1a: Persian|Persian-Alola, F|100\/100\n|turn|19\n|\n|t:|1700608954\n|move|p2a: Solosis|Hidden Power|p1a: Persian\n|-supereffective|p1a: Persian\n|-damage|p1a: Persian|31\/100\n|move|p1a: Persian|Foul Play|p2a: Solosis\n|-supereffective|p2a: Solosis\n|-damage|p2a: Solosis|0 fnt\n|faint|p2a: Solosis\n|\n|win|craftex490gx\n|raw|craftex490gx's rating: 1172 &rarr; <strong>1193<\/strong><br \/>(+21 for winning)\n|raw|Clopski's rating: 1113 &rarr; <strong>1092<\/strong><br \/>(-21 for losing)\n|c|\u2606craftex490gx|gg\n|l|\u2606Clopski\n","uploadtime":1700608965,"views":1,"p1id":"craftex490gx","p2id":"clopski","formatid":"gen9nationaldex","rating":1092,"private":0,"password":""}