{"id":"gen9nationaldex-1987946806","p1":"DeltaTM06","p2":"memeilbozo","format":"[Gen 9] National Dex","log":"|j|\u2606DeltaTM06\n|j|\u2606memeilbozo\n|t:|1699651954\n|gametype|singles\n|player|p1|DeltaTM06|erika|1054\n|player|p2|memeilbozo|2|1000\n|teamsize|p1|6\n|teamsize|p2|6\n|gen|9\n|tier|[Gen 9] National Dex\n|rated|\n|rule|HP Percentage Mod: HP is shown in percentages\n|rule|Endless Battle Clause: Forcing endless battles is banned\n|rule|OHKO Clause: OHKO moves are banned\n|rule|Evasion Clause: Evasion abilities, items, and moves are banned\n|rule|Evasion Abilities Clause: Evasion abilities are banned\n|rule|Evasion Items Clause: Evasion items are banned\n|rule|Evasion Moves Clause: Evasion moves are banned\n|rule|Species Clause: Limit one of each Pok\u00e9mon\n|rule|Sleep Clause Mod: Limit one foe put to sleep\n|clearpoke\n|poke|p1|Mamoswine, F|\n|poke|p1|Darmanitan, F|\n|poke|p1|Slowking-Galar, F|\n|poke|p1|Ambipom, M|\n|poke|p1|Sawsbuck-Winter, F|\n|poke|p1|Krookodile, M|\n|poke|p2|Zeraora|\n|poke|p2|Tinkaton, F|\n|poke|p2|Rotom-Wash|\n|poke|p2|Garchomp, M|\n|poke|p2|Mimikyu, M|\n|poke|p2|Pidgeot, M|\n|teampreview\n|\n|t:|1699651972\n|start\n|switch|p1a: Bowser|Mamoswine, F|100\/100\n|switch|p2a: yousuck|Mimikyu, M, shiny|100\/100\n|turn|1\n|\n|t:|1699651979\n|move|p2a: yousuck|Play Rough|p1a: Bowser\n|-damage|p1a: Bowser|56\/100\n|move|p1a: Bowser|Earthquake|p2a: yousuck\n|-activate|p2a: yousuck|ability: Disguise\n|-damage|p2a: yousuck|100\/100\n|detailschange|p2a: yousuck|Mimikyu-Busted, M, shiny\n|-damage|p2a: yousuck|88\/100|[from] pokemon: Mimikyu-Busted\n|\n|-heal|p2a: yousuck|94\/100|[from] item: Leftovers\n|upkeep\n|turn|2\n|\n|t:|1699651990\n|move|p2a: yousuck|Play Rough|p1a: Bowser\n|-damage|p1a: Bowser|11\/100\n|move|p1a: Bowser|Stealth Rock|p2a: yousuck\n|-sidestart|p2: memeilbozo|move: Stealth Rock\n|\n|-heal|p2a: yousuck|99\/100|[from] item: Leftovers\n|upkeep\n|turn|3\n|\n|t:|1699652004\n|switch|p1a: BucksLikeMilwaukee|Sawsbuck-Winter, F|100\/100\n|move|p2a: yousuck|Play Rough|p1a: BucksLikeMilwaukee\n|-damage|p1a: BucksLikeMilwaukee|40\/100\n|\n|-heal|p2a: yousuck|100\/100|[from] item: Leftovers\n|upkeep\n|turn|4\n|\n|t:|1699652014\n|move|p2a: yousuck|Play Rough|p1a: BucksLikeMilwaukee\n|-damage|p1a: BucksLikeMilwaukee|0 fnt\n|faint|p1a: BucksLikeMilwaukee\n|\n|upkeep\n|\n|t:|1699652021\n|switch|p1a: Need some dome rn|Slowking-Galar, F|100\/100\n|turn|5\n|\n|t:|1699652034\n|-terastallize|p2a: yousuck|Ghost\n|move|p2a: yousuck|Giga Drain|p1a: Need some dome rn\n|-resisted|p1a: Need some dome rn\n|-damage|p1a: Need some dome rn|98\/100\n|move|p1a: Need some dome rn|Future Sight|p2a: yousuck\n|-start|p1a: Need some dome rn|move: Future Sight\n|\n|upkeep\n|turn|6\n|\n|t:|1699652043\n|move|p2a: yousuck|Play Rough|p1a: Need some dome rn\n|-resisted|p1a: Need some dome rn\n|-damage|p1a: Need some dome rn|80\/100\n|move|p1a: Need some dome rn|Psyshock|p2a: yousuck\n|-damage|p2a: yousuck|43\/100\n|\n|-heal|p2a: yousuck|49\/100|[from] item: Leftovers\n|upkeep\n|turn|7\n|\n|t:|1699652051\n|switch|p2a: life|Garchomp, M|100\/100\n|-damage|p2a: life|94\/100|[from] Stealth Rock\n|move|p1a: Need some dome rn|Psyshock|p2a: life\n|-damage|p2a: life|65\/100\n|\n|-end|p2a: life|move: Future Sight\n|-damage|p2a: life|8\/100\n|-heal|p2a: life|14\/100|[from] item: Leftovers\n|upkeep\n|turn|8\n|inactive|Battle timer is ON: inactive players will automatically lose when time's up. (requested by memeilbozo)\n|\n|t:|1699652066\n|switch|p1a: Bowser|Mamoswine, F|11\/100\n|move|p2a: life|Draco Meteor|p1a: Bowser\n|-damage|p1a: Bowser|0 fnt\n|-unboost|p2a: life|spa|2\n|faint|p1a: Bowser\n|\n|-heal|p2a: life|20\/100|[from] item: Leftovers\n|upkeep\n|\n|t:|1699652080\n|switch|p1a: Slappy Doo|Ambipom, M, shiny|100\/100\n|turn|9\n|\n|t:|1699652088\n|switch|p2a: cryypower|Zeraora|100\/100\n|-damage|p2a: cryypower|88\/100|[from] Stealth Rock\n|move|p1a: Slappy Doo|Knock Off|p2a: cryypower\n|-damage|p2a: cryypower|47\/100\n|-enditem|p2a: cryypower|Leftovers|[from] move: Knock Off|[of] p1a: Slappy Doo\n|\n|upkeep\n|turn|10\n|\n|t:|1699652105\n|switch|p1a: Ballin'|Darmanitan, F, shiny|100\/100\n|move|p2a: cryypower|Close Combat|p1a: Ballin'\n|-damage|p1a: Ballin'|39\/100\n|-unboost|p2a: cryypower|def|1\n|-unboost|p2a: cryypower|spd|1\n|\n|upkeep\n|turn|11\n|-message|memeilbozo forfeited.\n|\n|win|DeltaTM06\n|raw|DeltaTM06's rating: 1054 &rarr; <strong>1081<\/strong><br \/>(+27 for winning)\n|raw|memeilbozo's rating: 1000 &rarr; <strong>1000<\/strong><br \/>(+0 for losing)\n|l|\u2606memeilbozo\n","uploadtime":1699652124,"views":10,"p1id":"deltatm06","p2id":"memeilbozo","formatid":"gen9nationaldex","rating":1000,"private":0,"password":""}