{"id":"gen9nationaldex-1995191836","p1":"HunchoDave","p2":"gliscorforuu","format":"[Gen 9] National Dex","log":"|html|<div class=\"broadcast-blue\"><strong>[Gen 9] National Dex is currently suspecting Sneasler! For information on how to participate check out the <a href=\"https:\/\/www.smogon.com\/forums\/threads\/sv-national-dex-suspect-8-just-dance.3731534\/\">suspect thread<\/a>.<\/strong><\/div>\n|j|\u2606HunchoDave\n|j|\u2606gliscorforuu\n|t:|1700532893\n|gametype|singles\n|player|p1|HunchoDave|volkner|1323\n|player|p2|gliscorforuu|ingo|1415\n|teamsize|p1|6\n|teamsize|p2|6\n|gen|9\n|tier|[Gen 9] National Dex\n|rated|\n|rule|HP Percentage Mod: HP is shown in percentages\n|rule|Endless Battle Clause: Forcing endless battles is banned\n|rule|OHKO Clause: OHKO moves are banned\n|rule|Evasion Clause: Evasion abilities, items, and moves are banned\n|rule|Evasion Abilities Clause: Evasion abilities are banned\n|rule|Evasion Items Clause: Evasion items are banned\n|rule|Evasion Moves Clause: Evasion moves are banned\n|rule|Species Clause: Limit one of each Pok\u00e9mon\n|rule|Sleep Clause Mod: Limit one foe put to sleep\n|clearpoke\n|poke|p1|Zeraora|\n|poke|p1|Charizard, F|\n|poke|p1|Greninja-*, M|\n|poke|p1|Rotom-Wash|\n|poke|p1|Garchomp, F|\n|poke|p1|Ditto|\n|poke|p2|Blacephalon|\n|poke|p2|Gliscor, F|\n|poke|p2|Lilligant-Hisui, F|\n|poke|p2|Toxapex, F|\n|poke|p2|Diancie|\n|poke|p2|Tapu Lele|\n|teampreview\n|inactive|Battle timer is ON: inactive players will automatically lose when time's up. (requested by gliscorforuu)\n|\n|t:|1700532912\n|start\n|switch|p1a: MegTheDragon|Charizard, F|100\/100\n|switch|p2a: Diancie|Diancie|100\/100\n|turn|1\n|\n|t:|1700532918\n|detailschange|p1a: MegTheDragon|Charizard-Mega-Y, F\n|-mega|p1a: MegTheDragon|Charizard|Charizardite Y\n|-weather|SunnyDay|[from] ability: Drought|[of] p1a: MegTheDragon\n|detailschange|p2a: Diancie|Diancie-Mega\n|-mega|p2a: Diancie|Diancie|Diancite\n|move|p2a: Diancie|Spikes|p1a: MegTheDragon\n|-sidestart|p1: HunchoDave|Spikes\n|move|p1a: MegTheDragon|Weather Ball|p2a: Diancie\n|-resisted|p2a: Diancie\n|-damage|p2a: Diancie|35\/100\n|\n|-weather|SunnyDay|[upkeep]\n|upkeep\n|turn|2\n|\n|t:|1700532927\n|move|p2a: Diancie|Diamond Storm|p1a: MegTheDragon\n|-supereffective|p1a: MegTheDragon\n|-damage|p1a: MegTheDragon|0 fnt\n|faint|p1a: MegTheDragon\n|\n|-weather|SunnyDay|[upkeep]\n|upkeep\n|\n|t:|1700532931\n|switch|p1a: Sub&Breed|Ditto|100\/100\n|-damage|p1a: Sub&Breed|88\/100|[from] Spikes\n|-transform|p1a: Sub&Breed|p2a: Diancie|[from] ability: Imposter\n|turn|3\n|\n|t:|1700532944\n|switch|p2a: Gliscor|Gliscor, F, shiny|100\/100\n|move|p1a: Sub&Breed|Earth Power|p2a: Gliscor\n|-immune|p2a: Gliscor\n|\n|-weather|SunnyDay|[upkeep]\n|-status|p2a: Gliscor|tox|[from] item: Toxic Orb\n|upkeep\n|turn|4\n|\n|t:|1700532948\n|move|p1a: Sub&Breed|Moonblast|p2a: Gliscor\n|-damage|p2a: Gliscor|32\/100 tox\n|move|p2a: Gliscor|Knock Off|p1a: Sub&Breed\n|-resisted|p1a: Sub&Breed\n|-damage|p1a: Sub&Breed|77\/100\n|-enditem|p1a: Sub&Breed|Focus Sash|[from] move: Knock Off|[of] p2a: Gliscor\n|\n|-weather|SunnyDay|[upkeep]\n|-heal|p2a: Gliscor|44\/100 tox|[from] ability: Poison Heal\n|upkeep\n|turn|5\n|\n|t:|1700532955\n|switch|p2a: Toxapex|Toxapex, F|100\/100\n|move|p1a: Sub&Breed|Moonblast|p2a: Toxapex\n|-resisted|p2a: Toxapex\n|-damage|p2a: Toxapex|82\/100\n|\n|-weather|none\n|upkeep\n|turn|6\n|\n|t:|1700532960\n|move|p1a: Sub&Breed|Earth Power|p2a: Toxapex\n|-supereffective|p2a: Toxapex\n|-crit|p2a: Toxapex\n|-damage|p2a: Toxapex|2\/100\n|move|p2a: Toxapex|Scald|p1a: Sub&Breed\n|-supereffective|p1a: Sub&Breed\n|-crit|p1a: Sub&Breed\n|-damage|p1a: Sub&Breed|23\/100\n|-status|p1a: Sub&Breed|brn\n|\n|-damage|p1a: Sub&Breed|17\/100 brn|[from] brn\n|upkeep\n|turn|7\n|\n|t:|1700532967\n|switch|p2a: Gliscor|Gliscor, F, shiny|44\/100 tox\n|move|p1a: Sub&Breed|Diamond Storm|p2a: Gliscor\n|-damage|p2a: Gliscor|28\/100 tox\n|-boost|p1a: Sub&Breed|def|2\n|\n|-heal|p2a: Gliscor|41\/100 tox|[from] ability: Poison Heal\n|-damage|p1a: Sub&Breed|11\/100 brn|[from] brn\n|upkeep\n|turn|8\n|\n|t:|1700532981\n|switch|p2a: Toxapex|Toxapex, F|36\/100\n|move|p1a: Sub&Breed|Spikes|p2a: Toxapex\n|-sidestart|p2: gliscorforuu|Spikes\n|\n|-damage|p1a: Sub&Breed|5\/100 brn|[from] brn\n|upkeep\n|turn|9\n|\n|t:|1700532990\n|move|p1a: Sub&Breed|Moonblast|p2a: Toxapex\n|-resisted|p2a: Toxapex\n|-damage|p2a: Toxapex|16\/100\n|move|p2a: Toxapex|Recover|p2a: Toxapex\n|-heal|p2a: Toxapex|67\/100\n|\n|-damage|p1a: Sub&Breed|0 fnt|[from] brn\n|faint|p1a: Sub&Breed\n|upkeep\n|\n|t:|1700533001\n|switch|p1a: Dry-Cleaning|Rotom-Wash|100\/100\n|turn|10\n|\n|t:|1700533005\n|move|p1a: Dry-Cleaning|Hydro Pump|p2a: Toxapex\n|-resisted|p2a: Toxapex\n|-damage|p2a: Toxapex|55\/100\n|move|p2a: Toxapex|Toxic|p1a: Dry-Cleaning\n|-status|p1a: Dry-Cleaning|tox\n|\n|-damage|p1a: Dry-Cleaning|94\/100 tox|[from] psn\n|upkeep\n|turn|11\n|\n|t:|1700533010\n|move|p1a: Dry-Cleaning|Hydro Pump|p2a: Toxapex\n|-resisted|p2a: Toxapex\n|-damage|p2a: Toxapex|42\/100\n|move|p2a: Toxapex|Recover|p2a: Toxapex\n|-heal|p2a: Toxapex|92\/100\n|\n|-damage|p1a: Dry-Cleaning|82\/100 tox|[from] psn\n|upkeep\n|turn|12\n|\n|t:|1700533017\n|move|p1a: Dry-Cleaning|Thunderbolt|p2a: Toxapex\n|-supereffective|p2a: Toxapex\n|-damage|p2a: Toxapex|46\/100\n|move|p2a: Toxapex|Toxic|p1a: Dry-Cleaning\n|-fail|p1a: Dry-Cleaning|tox\n|\n|-damage|p1a: Dry-Cleaning|63\/100 tox|[from] psn\n|upkeep\n|turn|13\n|\n|t:|1700533024\n|switch|p2a: Gliscor|Gliscor, F, shiny|41\/100 tox\n|move|p1a: Dry-Cleaning|Hydro Pump|p2a: Gliscor\n|-supereffective|p2a: Gliscor\n|-damage|p2a: Gliscor|0 fnt\n|faint|p2a: Gliscor\n|\n|-damage|p1a: Dry-Cleaning|38\/100 tox|[from] psn\n|upkeep\n|\n|t:|1700533043\n|switch|p2a: Tapu Lele|Tapu Lele|100\/100\n|-damage|p2a: Tapu Lele|88\/100|[from] Spikes\n|-fieldstart|move: Psychic Terrain|[from] ability: Psychic Surge|[of] p2a: Tapu Lele\n|turn|14\n|\n|t:|1700533046\n|move|p2a: Tapu Lele|Moonblast|p1a: Dry-Cleaning\n|-damage|p1a: Dry-Cleaning|0 fnt\n|faint|p1a: Dry-Cleaning\n|\n|upkeep\n|\n|t:|1700533051\n|switch|p1a: Syd|Garchomp, F|100\/100\n|-damage|p1a: Syd|88\/100|[from] Spikes\n|turn|15\n|\n|t:|1700533053\n|move|p2a: Tapu Lele|Moonblast|p1a: Syd\n|-supereffective|p1a: Syd\n|-damage|p1a: Syd|0 fnt\n|faint|p1a: Syd\n|\n|upkeep\n|\n|t:|1700533058\n|switch|p1a: Kachow|Zeraora, shiny|100\/100\n|turn|16\n|\n|t:|1700533070\n|move|p2a: Tapu Lele|Moonblast|p1a: Kachow\n|-damage|p1a: Kachow|32\/100\n|-unboost|p1a: Kachow|spa|1\n|move|p1a: Kachow|Play Rough|p2a: Tapu Lele|[miss]\n|-miss|p1a: Kachow|p2a: Tapu Lele\n|\n|upkeep\n|turn|17\n|\n|t:|1700533079\n|-terastallize|p1a: Kachow|Electric\n|move|p2a: Tapu Lele|Moonblast|p1a: Kachow\n|-damage|p1a: Kachow|0 fnt\n|faint|p1a: Kachow\n|\n|upkeep\n|\n|t:|1700533082\n|switch|p1a: Blade|Greninja, M|100\/100\n|-damage|p1a: Blade|88\/100|[from] Spikes\n|turn|18\n|c|\u2606gliscorforuu|?\n|\n|t:|1700533086\n|move|p2a: Tapu Lele|Moonblast|p1a: Blade\n|-supereffective|p1a: Blade\n|-damage|p1a: Blade|0 fnt\n|faint|p1a: Blade\n|\n|win|gliscorforuu\n|raw|HunchoDave's rating: 1323 &rarr; <strong>1308<\/strong><br \/>(-15 for losing)\n|raw|gliscorforuu's rating: 1415 &rarr; <strong>1430<\/strong><br \/>(+15 for winning)\n|l|\u2606HunchoDave\n","uploadtime":1700533096,"views":1,"p1id":"hunchodave","p2id":"gliscorforuu","formatid":"gen9nationaldex","rating":1308,"private":0,"password":""}