{"id":"gen9nationaldex-1993949748","p1":"lipgoo","p2":"Ezbes","format":"[Gen 9] National Dex","log":"|j|\u2606lipgoo\n|j|\u2606Ezbes\n|t:|1700381162\n|gametype|singles\n|player|p1|lipgoo|musician-gen9|1126\n|player|p2|Ezbes|bellelba|1055\n|teamsize|p1|6\n|teamsize|p2|6\n|gen|9\n|tier|[Gen 9] National Dex\n|rated|\n|rule|HP Percentage Mod: HP is shown in percentages\n|rule|Endless Battle Clause: Forcing endless battles is banned\n|rule|OHKO Clause: OHKO moves are banned\n|rule|Evasion Clause: Evasion abilities, items, and moves are banned\n|rule|Evasion Abilities Clause: Evasion abilities are banned\n|rule|Evasion Items Clause: Evasion items are banned\n|rule|Evasion Moves Clause: Evasion moves are banned\n|rule|Species Clause: Limit one of each Pok\u00e9mon\n|rule|Sleep Clause Mod: Limit one foe put to sleep\n|clearpoke\n|poke|p1|Inteleon, F|\n|poke|p1|Banette, M|\n|poke|p1|Iron Valiant|\n|poke|p1|Weavile, M|\n|poke|p1|Blaziken, F|\n|poke|p1|Glimmora, F|\n|poke|p2|Charizard, F|\n|poke|p2|Lilligant-Hisui, F|\n|poke|p2|Arboliva, M|\n|poke|p2|Jumpluff, F|\n|poke|p2|Lopunny, F|\n|poke|p2|Blacephalon|\n|teampreview\n|inactive|Battle timer is ON: inactive players will automatically lose when time's up. (requested by lipgoo)\n|\n|t:|1700381175\n|start\n|switch|p1a: Blaziken|Blaziken, F|100\/100\n|switch|p2a: Charizard|Charizard, F|100\/100\n|turn|1\n|c|\u2606Ezbes|Nice team !\n|\n|t:|1700381188\n|detailschange|p2a: Charizard|Charizard-Mega-Y, F\n|-mega|p2a: Charizard|Charizard|Charizardite Y\n|-weather|SunnyDay|[from] ability: Drought|[of] p2a: Charizard\n|move|p2a: Charizard|Tailwind|p2a: Charizard\n|-sidestart|p2: Ezbes|move: Tailwind\n|move|p1a: Blaziken|Swords Dance|p1a: Blaziken\n|-boost|p1a: Blaziken|atk|2\n|\n|-weather|SunnyDay|[upkeep]\n|-ability|p1a: Blaziken|Speed Boost|boost\n|-boost|p1a: Blaziken|spe|1\n|upkeep\n|turn|2\n|\n|t:|1700381202\n|move|p2a: Charizard|Scorching Sands|p1a: Blaziken\n|-supereffective|p1a: Blaziken\n|-damage|p1a: Blaziken|13\/100\n|move|p1a: Blaziken|Swords Dance|p1a: Blaziken\n|-boost|p1a: Blaziken|atk|2\n|\n|-weather|SunnyDay|[upkeep]\n|-heal|p1a: Blaziken|19\/100|[from] item: Leftovers\n|-ability|p1a: Blaziken|Speed Boost|boost\n|-boost|p1a: Blaziken|spe|1\n|upkeep\n|turn|3\n|\n|t:|1700381215\n|move|p1a: Blaziken|Protect|p1a: Blaziken\n|-singleturn|p1a: Blaziken|Protect\n|move|p2a: Charizard|Scorching Sands|p1a: Blaziken\n|-activate|p1a: Blaziken|move: Protect\n|\n|-weather|SunnyDay|[upkeep]\n|-heal|p1a: Blaziken|25\/100|[from] item: Leftovers\n|-ability|p1a: Blaziken|Speed Boost|boost\n|-boost|p1a: Blaziken|spe|1\n|upkeep\n|turn|4\n|\n|t:|1700381236\n|switch|p2a: Blacephalon|Blacephalon|100\/100\n|move|p1a: Blaziken|Shadow Claw|p2a: Blacephalon\n|-supereffective|p2a: Blacephalon\n|-crit|p2a: Blacephalon\n|-damage|p2a: Blacephalon|0 fnt\n|faint|p2a: Blacephalon\n|\n|-weather|SunnyDay|[upkeep]\n|-heal|p1a: Blaziken|31\/100|[from] item: Leftovers\n|-sideend|p2: Ezbes|move: Tailwind\n|-ability|p1a: Blaziken|Speed Boost|boost\n|-boost|p1a: Blaziken|spe|1\n|upkeep\n|\n|t:|1700381247\n|switch|p2a: Lopunny|Lopunny, F|100\/100\n|turn|5\n|\n|t:|1700381252\n|move|p1a: Blaziken|Protect|p1a: Blaziken\n|-singleturn|p1a: Blaziken|Protect\n|move|p2a: Lopunny|Fake Out|p1a: Blaziken\n|-activate|p1a: Blaziken|move: Protect\n|\n|-weather|none\n|-heal|p1a: Blaziken|37\/100|[from] item: Leftovers\n|-ability|p1a: Blaziken|Speed Boost|boost\n|-boost|p1a: Blaziken|spe|1\n|upkeep\n|turn|6\n|c|\u2606Ezbes|U gotta say it\n|\n|t:|1700381264\n|move|p1a: Blaziken|Close Combat|p2a: Lopunny\n|-supereffective|p2a: Lopunny\n|-damage|p2a: Lopunny|0 fnt\n|-unboost|p1a: Blaziken|def|1\n|-unboost|p1a: Blaziken|spd|1\n|faint|p2a: Lopunny\n|\n|-heal|p1a: Blaziken|43\/100|[from] item: Leftovers\n|-ability|p1a: Blaziken|Speed Boost|boost\n|-boost|p1a: Blaziken|spe|1\n|upkeep\n|\n|t:|1700381272\n|switch|p2a: Charizard|Charizard-Mega-Y, F|100\/100\n|-weather|SunnyDay|[from] ability: Drought|[of] p2a: Charizard\n|turn|7\n|\n|t:|1700381290\n|switch|p2a: Arboliva|Arboliva, M|100\/100\n|-terastallize|p1a: Blaziken|Ghost\n|move|p1a: Blaziken|Shadow Claw|p2a: Arboliva\n|-immune|p2a: Arboliva\n|\n|-weather|SunnyDay|[upkeep]\n|-heal|p1a: Blaziken|49\/100|[from] item: Leftovers\n|upkeep\n|turn|8\n|\n|t:|1700381305\n|switch|p2a: Jumpluff|Jumpluff, F|100\/100\n|move|p1a: Blaziken|Close Combat|p2a: Jumpluff\n|-resisted|p2a: Jumpluff\n|-damage|p2a: Jumpluff|0 fnt\n|-unboost|p1a: Blaziken|def|1\n|-unboost|p1a: Blaziken|spd|1\n|faint|p2a: Jumpluff\n|\n|-weather|SunnyDay|[upkeep]\n|-heal|p1a: Blaziken|55\/100|[from] item: Leftovers\n|upkeep\n|-message|Ezbes forfeited.\n|\n|win|lipgoo\n|raw|lipgoo's rating: 1126 &rarr; <strong>1146<\/strong><br \/>(+20 for winning)\n|raw|Ezbes's rating: 1055 &rarr; <strong>1040<\/strong><br \/>(-15 for losing)\n|l|\u2606Ezbes\n","uploadtime":1700381388,"views":6,"p1id":"lipgoo","p2id":"ezbes","formatid":"gen9nationaldex","rating":1040,"private":0,"password":""}