{"id":"gen9nationaldex-1997841455","p1":"Drixzard","p2":"DracoAxel","format":"[Gen 9] National Dex","log":"|html|<div class=\"broadcast-blue\"><strong>[Gen 9] National Dex is currently suspecting Sneasler! For information on how to participate check out the <a href=\"https:\/\/www.smogon.com\/forums\/threads\/sv-national-dex-suspect-8-just-dance.3731534\/\">suspect thread<\/a>.<\/strong><\/div>\n|j|\u2606Drixzard\n|j|\u2606DracoAxel\n|t:|1700858569\n|gametype|singles\n|player|p1|Drixzard|ingo|\n|player|p2|DracoAxel|nate|\n|teamsize|p1|6\n|teamsize|p2|6\n|gen|9\n|tier|[Gen 9] National Dex\n|rule|HP Percentage Mod: HP is shown in percentages\n|rule|Endless Battle Clause: Forcing endless battles is banned\n|rule|OHKO Clause: OHKO moves are banned\n|rule|Evasion Clause: Evasion abilities, items, and moves are banned\n|rule|Evasion Abilities Clause: Evasion abilities are banned\n|rule|Evasion Items Clause: Evasion items are banned\n|rule|Evasion Moves Clause: Evasion moves are banned\n|rule|Species Clause: Limit one of each Pok\u00e9mon\n|rule|Sleep Clause Mod: Limit one foe put to sleep\n|clearpoke\n|poke|p1|Ogerpon-Wellspring, F|\n|poke|p1|Toxapex, F|\n|poke|p1|Greninja-*, M|\n|poke|p1|Urshifu-*, M|\n|poke|p1|Swampert, M|\n|poke|p1|Jellicent, M|\n|poke|p2|Dragonite, F|\n|poke|p2|Sneasler, F|\n|poke|p2|Skeledirge, F|\n|poke|p2|Urshifu-*, F|\n|poke|p2|Pinsir, F|\n|poke|p2|Iron Valiant|\n|teampreview\n|\n|t:|1700858577\n|start\n|switch|p1a: Jellicent|Jellicent, M|100\/100\n|switch|p2a: Angel|Iron Valiant|100\/100\n|-enditem|p2a: Angel|Booster Energy\n|-activate|p2a: Angel|ability: Quark Drive|[fromitem]\n|-start|p2a: Angel|quarkdrivespe\n|turn|1\n|\n|t:|1700858585\n|move|p2a: Angel|Shadow Ball|p1a: Jellicent\n|-supereffective|p1a: Jellicent\n|-crit|p1a: Jellicent\n|-damage|p1a: Jellicent|41\/100\n|move|p1a: Jellicent|Toxic|p2a: Angel|[miss]\n|-miss|p1a: Jellicent|p2a: Angel\n|\n|-heal|p1a: Jellicent|47\/100|[from] item: Leftovers\n|upkeep\n|turn|2\n|\n|t:|1700858594\n|move|p2a: Angel|Shadow Ball|p1a: Jellicent\n|-supereffective|p1a: Jellicent\n|-damage|p1a: Jellicent|8\/100\n|move|p1a: Jellicent|Strength Sap|p2a: Angel\n|-unboost|p2a: Angel|atk|1\n|-heal|p1a: Jellicent|78\/100\n|\n|-heal|p1a: Jellicent|84\/100|[from] item: Leftovers\n|upkeep\n|turn|3\n|\n|t:|1700858609\n|move|p2a: Angel|Shadow Ball|p1a: Jellicent\n|-supereffective|p1a: Jellicent\n|-damage|p1a: Jellicent|47\/100\n|move|p1a: Jellicent|Rain Dance|p1a: Jellicent\n|-weather|RainDance\n|\n|-weather|RainDance|[upkeep]\n|-heal|p1a: Jellicent|53\/100|[from] item: Leftovers\n|upkeep\n|turn|4\n|\n|t:|1700858615\n|move|p2a: Angel|Shadow Ball|p1a: Jellicent\n|-supereffective|p1a: Jellicent\n|-damage|p1a: Jellicent|13\/100\n|move|p1a: Jellicent|Toxic|p2a: Angel\n|-status|p2a: Angel|tox\n|\n|-weather|RainDance|[upkeep]\n|-heal|p1a: Jellicent|19\/100|[from] item: Leftovers\n|-damage|p2a: Angel|94\/100 tox|[from] psn\n|upkeep\n|turn|5\n|\n|t:|1700858618\n|move|p2a: Angel|Shadow Ball|p1a: Jellicent\n|-supereffective|p1a: Jellicent\n|-damage|p1a: Jellicent|0 fnt\n|faint|p1a: Jellicent\n|\n|-weather|RainDance|[upkeep]\n|-damage|p2a: Angel|82\/100 tox|[from] psn\n|upkeep\n|\n|t:|1700858630\n|switch|p1a: Swampert|Swampert, M|100\/100\n|turn|6\n|\n|t:|1700858646\n|detailschange|p1a: Swampert|Swampert-Mega, M\n|-mega|p1a: Swampert|Swampert|Swampertite\n|move|p2a: Angel|Moonblast|p1a: Swampert\n|-damage|p1a: Swampert|58\/100\n|move|p1a: Swampert|Waterfall|p2a: Angel\n|-damage|p2a: Angel|0 fnt\n|faint|p2a: Angel\n|-end|p2a: Angel|Quark Drive|[silent]\n|\n|-weather|RainDance|[upkeep]\n|upkeep\n|\n|t:|1700858651\n|switch|p2a: Pao|Sneasler, F|100\/100\n|turn|7\n|\n|t:|1700858664\n|move|p2a: Pao|Fake Out|p1a: Swampert\n|-enditem|p2a: Pao|Normal Gem|[from] gem\n|-damage|p1a: Swampert|42\/100\n|cant|p1a: Swampert|flinch\n|\n|-weather|none\n|upkeep\n|turn|8\n|\n|t:|1700858668\n|move|p2a: Pao|Dire Claw|p1a: Swampert\n|-resisted|p1a: Swampert\n|-damage|p1a: Swampert|23\/100\n|-status|p1a: Swampert|slp\n|cant|p1a: Swampert|slp\n|\n|upkeep\n|turn|9\n|\n|t:|1700858673\n|move|p2a: Pao|Dire Claw|p1a: Swampert\n|-resisted|p1a: Swampert\n|-crit|p1a: Swampert\n|-damage|p1a: Swampert|0 fnt\n|faint|p1a: Swampert\n|\n|upkeep\n|\n|t:|1700858679\n|switch|p1a: Greninja|Greninja, M|100\/100\n|turn|10\n|\n|t:|1700858690\n|-terastallize|p1a: Greninja|Water\n|move|p1a: Greninja|Water Shuriken|p2a: Pao\n|-damage|p2a: Pao|87\/100\n|-damage|p2a: Pao|75\/100\n|-hitcount|p2a: Pao|2\n|move|p2a: Pao|Dire Claw|p1a: Greninja\n|-damage|p1a: Greninja|26\/100\n|\n|upkeep\n|turn|11\n|\n|t:|1700858697\n|move|p1a: Greninja|Water Shuriken|p2a: Pao\n|-damage|p2a: Pao|61\/100\n|-damage|p2a: Pao|49\/100\n|-damage|p2a: Pao|36\/100\n|-damage|p2a: Pao|23\/100\n|-damage|p2a: Pao|9\/100\n|-hitcount|p2a: Pao|5\n|move|p2a: Pao|Dire Claw|p1a: Greninja\n|-damage|p1a: Greninja|0 fnt\n|faint|p1a: Greninja\n|\n|upkeep\n|\n|t:|1700858701\n|switch|p1a: Toxapex|Toxapex, F|100\/100\n|turn|12\n|\n|t:|1700858717\n|move|p2a: Pao|Acrobatics|p1a: Toxapex\n|-crit|p1a: Toxapex\n|-damage|p1a: Toxapex|49\/100\n|move|p1a: Toxapex|Surf|p2a: Pao\n|-damage|p2a: Pao|0 fnt\n|faint|p2a: Pao\n|\n|-heal|p1a: Toxapex|55\/100|[from] item: Leftovers\n|upkeep\n|\n|t:|1700858725\n|switch|p2a: Nyder|Urshifu-Rapid-Strike, F|100\/100\n|turn|13\n|\n|t:|1700858727\n|move|p2a: Nyder|Thunder Punch|p1a: Toxapex\n|-supereffective|p1a: Toxapex\n|-damage|p1a: Toxapex|0 fnt\n|faint|p1a: Toxapex\n|-damage|p2a: Nyder|91\/100|[from] item: Life Orb\n|\n|upkeep\n|\n|t:|1700858740\n|switch|p1a: Ogerpon|Ogerpon-Wellspring, F|100\/100\n|turn|14\n|\n|t:|1700858747\n|move|p2a: Nyder|Thunder Punch|p1a: Ogerpon\n|-damage|p1a: Ogerpon|55\/100\n|-damage|p2a: Nyder|81\/100|[from] item: Life Orb\n|move|p1a: Ogerpon|Horn Leech|p2a: Nyder\n|-supereffective|p2a: Nyder\n|-damage|p2a: Nyder|0 fnt\n|-heal|p1a: Ogerpon|99\/100|[from] drain|[of] p2a: Nyder\n|faint|p2a: Nyder\n|\n|upkeep\n|\n|t:|1700858753\n|switch|p2a: Belial|Pinsir, F|100\/100\n|turn|15\n|\n|t:|1700858766\n|move|p1a: Ogerpon|Ivy Cudgel|p2a: Belial|[anim] Ivy Cudgel Water\n|-damage|p2a: Belial|16\/100\n|move|p2a: Belial|Swords Dance|p2a: Belial\n|-boost|p2a: Belial|atk|2\n|\n|upkeep\n|turn|16\n|\n|t:|1700858785\n|detailschange|p2a: Belial|Pinsir-Mega, F\n|-mega|p2a: Belial|Pinsir|Pinsirite\n|move|p2a: Belial|Quick Attack|p1a: Ogerpon\n|-supereffective|p1a: Ogerpon\n|-damage|p1a: Ogerpon|0 fnt\n|faint|p1a: Ogerpon\n|\n|upkeep\n|\n|t:|1700858788\n|switch|p1a: Urshifu|Urshifu-Rapid-Strike, M|100\/100\n|turn|17\n|\n|t:|1700858793\n|move|p1a: Urshifu|Aqua Jet|p2a: Belial\n|-damage|p2a: Belial|0 fnt\n|faint|p2a: Belial\n|\n|upkeep\n|\n|t:|1700858796\n|switch|p2a: Jaxu|Dragonite, F|100\/100\n|turn|18\n|\n|t:|1700858801\n|move|p1a: Urshifu|Ice Spinner|p2a: Jaxu\n|-supereffective|p2a: Jaxu\n|-damage|p2a: Jaxu|53\/100\n|move|p2a: Jaxu|Dragon Dance|p2a: Jaxu\n|-boost|p2a: Jaxu|atk|1\n|-boost|p2a: Jaxu|spe|1\n|\n|upkeep\n|turn|19\n|\n|t:|1700858808\n|move|p2a: Jaxu|Extreme Speed|p1a: Urshifu\n|-damage|p1a: Urshifu|64\/100\n|move|p1a: Urshifu|Ice Spinner|p2a: Jaxu\n|-supereffective|p2a: Jaxu\n|-damage|p2a: Jaxu|0 fnt\n|faint|p2a: Jaxu\n|\n|upkeep\n|\n|t:|1700858811\n|switch|p2a: White|Skeledirge, F, shiny|100\/100\n|turn|20\n|\n|t:|1700858814\n|move|p1a: Urshifu|Surging Strikes|p2a: White\n|-supereffective|p2a: White\n|-crit|p2a: White\n|-damage|p2a: White|68\/100\n|-supereffective|p2a: White\n|-crit|p2a: White\n|-damage|p2a: White|36\/100\n|-supereffective|p2a: White\n|-crit|p2a: White\n|-damage|p2a: White|3\/100\n|-hitcount|p2a: White|3\n|move|p2a: White|Will-O-Wisp|p1a: Urshifu\n|-status|p1a: Urshifu|brn\n|\n|-heal|p2a: White|9\/100|[from] item: Leftovers\n|-damage|p1a: Urshifu|58\/100 brn|[from] brn\n|upkeep\n|turn|21\n|\n|t:|1700858817\n|move|p1a: Urshifu|Aqua Jet|p2a: White\n|-supereffective|p2a: White\n|-damage|p2a: White|0 fnt\n|faint|p2a: White\n|\n|win|Drixzard\n|l|\u2606DracoAxel\n","uploadtime":1700858892,"views":1,"p1id":"drixzard","p2id":"dracoaxel","formatid":"gen9nationaldex","rating":0,"private":0,"password":""}