{"id":"gen9nationaldex-1997146627","p1":"TheSlowbroGuy","p2":"KINGAMBIIT","format":"[Gen 9] National Dex","log":"|html|<div class=\"broadcast-blue\"><strong>[Gen 9] National Dex is currently suspecting Sneasler! For information on how to participate check out the <a href=\"https:\/\/www.smogon.com\/forums\/threads\/sv-national-dex-suspect-8-just-dance.3731534\/\">suspect thread<\/a>.<\/strong><\/div>\n|j|\u2606TheSlowbroGuy\n|j|\u2606KINGAMBIIT\n|t:|1700769231\n|gametype|singles\n|player|p1|TheSlowbroGuy|wattson|1314\n|player|p2|KINGAMBIIT|veteran|1407\n|teamsize|p1|6\n|teamsize|p2|6\n|gen|9\n|tier|[Gen 9] National Dex\n|rated|\n|rule|HP Percentage Mod: HP is shown in percentages\n|rule|Endless Battle Clause: Forcing endless battles is banned\n|rule|OHKO Clause: OHKO moves are banned\n|rule|Evasion Clause: Evasion abilities, items, and moves are banned\n|rule|Evasion Abilities Clause: Evasion abilities are banned\n|rule|Evasion Items Clause: Evasion items are banned\n|rule|Evasion Moves Clause: Evasion moves are banned\n|rule|Species Clause: Limit one of each Pok\u00e9mon\n|rule|Sleep Clause Mod: Limit one foe put to sleep\n|clearpoke\n|poke|p1|Zoroark-Hisui, M|\n|poke|p1|Incineroar, M|\n|poke|p1|Rillaboom, M|\n|poke|p1|Zeraora|\n|poke|p1|Pangoro, M|\n|poke|p1|Urshifu-*, M|\n|poke|p2|Dragonite, F|\n|poke|p2|Garchomp, M|\n|poke|p2|Haxorus, M|\n|poke|p2|Heracross, M|\n|poke|p2|Aegislash, M|\n|poke|p2|Gastrodon-East, M|\n|teampreview\n|inactive|Battle timer is ON: inactive players will automatically lose when time's up. (requested by TheSlowbroGuy)\n|\n|t:|1700769240\n|start\n|switch|p1a: Harder|Urshifu-Rapid-Strike, M|100\/100\n|switch|p2a: Heracross|Heracross, M|100\/100\n|turn|1\n|\n|t:|1700769250\n|move|p2a: Heracross|Megahorn|p1a: Harder\n|-resisted|p1a: Harder\n|-damage|p1a: Harder|71\/100\n|move|p1a: Harder|U-turn|p2a: Heracross\n|-resisted|p2a: Heracross\n|-damage|p2a: Heracross|81\/100\n|\n|t:|1700769256\n|switch|p1a: Hot Daddy|Incineroar, M|100\/100|[from] U-turn\n|-ability|p1a: Hot Daddy|Intimidate|boost\n|-unboost|p2a: Heracross|atk|1\n|\n|upkeep\n|turn|2\n|\n|t:|1700769262\n|switch|p2a: GastroKing|Gastrodon-East, M|100\/100\n|move|p1a: Hot Daddy|Knock Off|p2a: GastroKing\n|-crit|p2a: GastroKing\n|-damage|p2a: GastroKing|51\/100\n|-enditem|p2a: GastroKing|Leftovers|[from] move: Knock Off|[of] p1a: Hot Daddy\n|\n|upkeep\n|turn|3\n|\n|t:|1700769273\n|move|p2a: GastroKing|Recover|p2a: GastroKing\n|-heal|p2a: GastroKing|100\/100\n|move|p1a: Hot Daddy|U-turn|p2a: GastroKing\n|-damage|p2a: GastroKing|85\/100\n|\n|t:|1700769277\n|switch|p1a: Nice Pecs|Rillaboom, M|100\/100|[from] U-turn\n|-fieldstart|move: Grassy Terrain|[from] ability: Grassy Surge|[of] p1a: Nice Pecs\n|\n|-heal|p2a: GastroKing|92\/100|[from] Grassy Terrain\n|upkeep\n|turn|4\n|\n|t:|1700769282\n|move|p2a: GastroKing|Protect|p2a: GastroKing\n|-singleturn|p2a: GastroKing|Protect\n|move|p1a: Nice Pecs|Knock Off|p2a: GastroKing\n|-activate|p2a: GastroKing|move: Protect\n|\n|-heal|p2a: GastroKing|98\/100|[from] Grassy Terrain\n|upkeep\n|turn|5\n|\n|t:|1700769288\n|move|p1a: Nice Pecs|Grassy Glide|p2a: GastroKing\n|-supereffective|p2a: GastroKing\n|-damage|p2a: GastroKing|0 fnt\n|faint|p2a: GastroKing\n|-damage|p1a: Nice Pecs|91\/100|[from] item: Life Orb\n|\n|-heal|p1a: Nice Pecs|97\/100|[from] Grassy Terrain\n|upkeep\n|\n|t:|1700769292\n|switch|p2a: Dark Spyro|Dragonite, F, shiny|100\/100\n|turn|6\n|\n|t:|1700769295\n|move|p2a: Dark Spyro|Dragon Dance|p2a: Dark Spyro\n|-boost|p2a: Dark Spyro|atk|1\n|-boost|p2a: Dark Spyro|spe|1\n|move|p1a: Nice Pecs|Knock Off|p2a: Dark Spyro\n|-damage|p2a: Dark Spyro|75\/100\n|-enditem|p2a: Dark Spyro|Weakness Policy|[from] move: Knock Off|[of] p1a: Nice Pecs\n|-damage|p1a: Nice Pecs|87\/100|[from] item: Life Orb\n|\n|-heal|p1a: Nice Pecs|93\/100|[from] Grassy Terrain\n|upkeep\n|turn|7\n|\n|t:|1700769305\n|switch|p1a: Hot Daddy|Incineroar, M|100\/100\n|-ability|p1a: Hot Daddy|Intimidate|boost\n|-unboost|p2a: Dark Spyro|atk|1\n|move|p2a: Dark Spyro|Dragon Claw|p1a: Hot Daddy\n|-damage|p1a: Hot Daddy|71\/100\n|\n|-heal|p1a: Hot Daddy|77\/100|[from] Grassy Terrain\n|-fieldend|move: Grassy Terrain\n|upkeep\n|turn|8\n|\n|t:|1700769311\n|move|p1a: Hot Daddy|Fake Out|p2a: Dark Spyro\n|-damage|p2a: Dark Spyro|64\/100\n|cant|p2a: Dark Spyro|flinch\n|\n|upkeep\n|turn|9\n|\n|t:|1700769314\n|move|p2a: Dark Spyro|Dragon Dance|p2a: Dark Spyro\n|-boost|p2a: Dark Spyro|atk|1\n|-boost|p2a: Dark Spyro|spe|1\n|move|p1a: Hot Daddy|U-turn|p2a: Dark Spyro\n|-resisted|p2a: Dark Spyro\n|-damage|p2a: Dark Spyro|53\/100\n|\n|t:|1700769332\n|switch|p1a: Nice Pecs|Rillaboom, M|93\/100|[from] U-turn\n|-fieldstart|move: Grassy Terrain|[from] ability: Grassy Surge|[of] p1a: Nice Pecs\n|\n|-heal|p1a: Nice Pecs|99\/100|[from] Grassy Terrain\n|upkeep\n|turn|10\n|\n|t:|1700769338\n|move|p2a: Dark Spyro|Dragon Claw|p1a: Nice Pecs\n|-damage|p1a: Nice Pecs|31\/100\n|move|p1a: Nice Pecs|U-turn|p2a: Dark Spyro\n|-resisted|p2a: Dark Spyro\n|-damage|p2a: Dark Spyro|36\/100\n|-damage|p1a: Nice Pecs|22\/100|[from] item: Life Orb\n|\n|t:|1700769343\n|switch|p1a: Hot Daddy|Incineroar, M|77\/100|[from] U-turn\n|-ability|p1a: Hot Daddy|Intimidate|boost\n|-unboost|p2a: Dark Spyro|atk|1\n|\n|-heal|p1a: Hot Daddy|83\/100|[from] Grassy Terrain\n|upkeep\n|turn|11\n|\n|t:|1700769346\n|move|p1a: Hot Daddy|Fake Out|p2a: Dark Spyro\n|-damage|p2a: Dark Spyro|23\/100\n|cant|p2a: Dark Spyro|flinch\n|\n|-heal|p1a: Hot Daddy|89\/100|[from] Grassy Terrain\n|upkeep\n|turn|12\n|\n|t:|1700769351\n|move|p2a: Dark Spyro|Dragon Claw|p1a: Hot Daddy\n|-damage|p1a: Hot Daddy|59\/100\n|move|p1a: Hot Daddy|U-turn|p2a: Dark Spyro\n|-resisted|p2a: Dark Spyro\n|-damage|p2a: Dark Spyro|14\/100\n|\n|t:|1700769358\n|switch|p1a: Furry Bear|Pangoro, M|100\/100|[from] U-turn\n|\n|upkeep\n|turn|13\n|\n|t:|1700769363\n|move|p1a: Furry Bear|Bullet Punch|p2a: Dark Spyro\n|-damage|p2a: Dark Spyro|0 fnt\n|faint|p2a: Dark Spyro\n|\n|-fieldend|move: Grassy Terrain\n|upkeep\n|\n|t:|1700769370\n|switch|p2a: Garchomp|Garchomp, M|100\/100\n|turn|14\n|\n|t:|1700769376\n|switch|p1a: Nice Pecs|Rillaboom, M|22\/100\n|-fieldstart|move: Grassy Terrain|[from] ability: Grassy Surge|[of] p1a: Nice Pecs\n|detailschange|p2a: Garchomp|Garchomp-Mega, M\n|-mega|p2a: Garchomp|Garchomp|Garchompite\n|move|p2a: Garchomp|Scale Shot|p1a: Nice Pecs\n|-damage|p1a: Nice Pecs|7\/100\n|-damage|p1a: Nice Pecs|0 fnt\n|faint|p1a: Nice Pecs\n|-hitcount|p1: Nice Pecs|2\n|-unboost|p2a: Garchomp|def|1\n|-boost|p2a: Garchomp|spe|1\n|\n|upkeep\n|\n|t:|1700769385\n|switch|p1a: Hot Daddy|Incineroar, M|100\/100\n|turn|15\n|\n|t:|1700769394\n|-terastallize|p1a: Hot Daddy|Fairy\n|move|p2a: Garchomp|Earthquake|p1a: Hot Daddy\n|-damage|p1a: Hot Daddy|36\/100\n|replace|p1a: Twink|Zoroark-Hisui, M, shiny\n|-end|p1a: Twink|Illusion\n|move|p1a: Twink|Tera Blast|p2a: Garchomp|[anim] Tera Blast Fairy\n|-supereffective|p2a: Garchomp\n|-damage|p2a: Garchomp|0 fnt\n|faint|p2a: Garchomp\n|\n|-heal|p1a: Twink|42\/100|[from] Grassy Terrain\n|upkeep\n|\n|t:|1700769402\n|switch|p2a: Haxorus|Haxorus, M, shiny|100\/100\n|-ability|p2a: Haxorus|Mold Breaker\n|turn|16\n|\n|t:|1700769409\n|switch|p1a: Hot Daddy|Incineroar, M|59\/100\n|-ability|p1a: Hot Daddy|Intimidate|boost\n|-unboost|p2a: Haxorus|atk|1\n|move|p2a: Haxorus|First Impression|p1a: Hot Daddy\n|-damage|p1a: Hot Daddy|43\/100\n|\n|-heal|p1a: Hot Daddy|49\/100|[from] Grassy Terrain\n|upkeep\n|turn|17\n|\n|t:|1700769417\n|move|p1a: Hot Daddy|Fake Out|p2a: Haxorus\n|-damage|p2a: Haxorus|88\/100\n|cant|p2a: Haxorus|flinch\n|\n|-heal|p2a: Haxorus|94\/100|[from] Grassy Terrain\n|-heal|p1a: Hot Daddy|55\/100|[from] Grassy Terrain\n|upkeep\n|turn|18\n|\n|t:|1700769420\n|move|p2a: Haxorus|Dragon Dance|p2a: Haxorus\n|-boost|p2a: Haxorus|atk|1\n|-boost|p2a: Haxorus|spe|1\n|move|p1a: Hot Daddy|Knock Off|p2a: Haxorus\n|-damage|p2a: Haxorus|50\/100\n|-enditem|p2a: Haxorus|Focus Sash|[from] move: Knock Off|[of] p1a: Hot Daddy\n|\n|-heal|p2a: Haxorus|56\/100|[from] Grassy Terrain\n|-heal|p1a: Hot Daddy|61\/100|[from] Grassy Terrain\n|-fieldend|move: Grassy Terrain\n|upkeep\n|turn|19\n|\n|t:|1700769426\n|move|p2a: Haxorus|Dragon Dance|p2a: Haxorus\n|-boost|p2a: Haxorus|atk|1\n|-boost|p2a: Haxorus|spe|1\n|move|p1a: Hot Daddy|U-turn|p2a: Haxorus\n|-damage|p2a: Haxorus|34\/100\n|\n|t:|1700769435\n|switch|p1a: Hot Daddy|Incineroar, M, tera:Fairy|42\/100|[from] U-turn\n|\n|upkeep\n|turn|20\n|\n|t:|1700769440\n|switch|p1a: Hot Daddy|Incineroar, M|61\/100\n|-ability|p1a: Hot Daddy|Intimidate|boost\n|-unboost|p2a: Haxorus|atk|1\n|move|p2a: Haxorus|Dragon Claw|p1a: Hot Daddy\n|-damage|p1a: Hot Daddy|26\/100\n|\n|upkeep\n|turn|21\n|\n|t:|1700769446\n|move|p1a: Hot Daddy|Fake Out|p2a: Haxorus\n|-damage|p2a: Haxorus|22\/100\n|cant|p2a: Haxorus|flinch\n|\n|upkeep\n|turn|22\n|\n|t:|1700769451\n|switch|p1a: Hot Daddy|Incineroar, M, tera:Fairy|42\/100\n|move|p2a: Haxorus|Dragon Claw|p1a: Hot Daddy\n|-immune|p1a: Hot Daddy\n|\n|upkeep\n|turn|23\n|\n|t:|1700769457\n|move|p2a: Haxorus|Dragon Claw|p1a: Hot Daddy\n|-immune|p1a: Hot Daddy\n|move|p1a: Hot Daddy|Tera Blast|p2a: Haxorus|[anim] Tera Blast Fairy\n|-supereffective|p2a: Haxorus\n|-damage|p2a: Haxorus|0 fnt\n|faint|p2a: Haxorus\n|\n|upkeep\n|\n|t:|1700769460\n|switch|p2a: Aegislash|Aegislash, M, shiny|100\/100\n|turn|24\n|\n|t:|1700769467\n|switch|p1a: Hot Daddy|Incineroar, M|26\/100\n|-ability|p1a: Hot Daddy|Intimidate|boost\n|-unboost|p2a: Aegislash|atk|1\n|-formechange|p2a: Aegislash|Aegislash-Blade||[from] ability: Stance Change\n|move|p2a: Aegislash|Shadow Sneak|p1a: Hot Daddy\n|-resisted|p1a: Hot Daddy\n|-damage|p1a: Hot Daddy|20\/100\n|\n|upkeep\n|turn|25\n|\n|t:|1700769478\n|switch|p1a: Hot Daddy|Incineroar, M, tera:Fairy|42\/100\n|-formechange|p2a: Aegislash|Aegislash||[from] ability: Stance Change\n|move|p2a: Aegislash|King's Shield||[still]\n|-fail|p2a: Aegislash\n|\n|upkeep\n|turn|26\n|\n|t:|1700769485\n|move|p1a: Hot Daddy|Shadow Ball|p2a: Aegislash\n|-supereffective|p2a: Aegislash\n|-damage|p2a: Aegislash|2\/100\n|-formechange|p2a: Aegislash|Aegislash-Blade||[from] ability: Stance Change\n|move|p2a: Aegislash|Gyro Ball|p1a: Hot Daddy\n|-supereffective|p1a: Hot Daddy\n|-damage|p1a: Hot Daddy|0 fnt\n|replace|p1a: Twink|Zoroark-Hisui, M, shiny\n|-end|p1a: Twink|Illusion\n|faint|p1a: Twink\n|\n|upkeep\n|\n|t:|1700769491\n|switch|p1a: Harder|Urshifu-Rapid-Strike, M|71\/100\n|turn|27\n|\n|t:|1700769496\n|move|p2a: Aegislash|Shadow Sneak|p1a: Harder\n|-damage|p1a: Harder|55\/100\n|move|p1a: Harder|Surging Strikes|p2a: Aegislash\n|-crit|p2a: Aegislash\n|-damage|p2a: Aegislash|0 fnt\n|faint|p2a: Aegislash\n|-hitcount|p2: Aegislash|1\n|\n|upkeep\n|\n|t:|1700769499\n|switch|p2a: Heracross|Heracross, M|81\/100\n|turn|28\n|\n|t:|1700769509\n|switch|p1a: Hot Daddy|Incineroar, M|20\/100\n|-ability|p1a: Hot Daddy|Intimidate|boost\n|-unboost|p2a: Heracross|atk|1\n|-terastallize|p2a: Heracross|Bug\n|move|p2a: Heracross|Close Combat|p1a: Hot Daddy\n|-supereffective|p1a: Hot Daddy\n|-damage|p1a: Hot Daddy|0 fnt\n|-unboost|p2a: Heracross|def|1\n|-unboost|p2a: Heracross|spd|1\n|faint|p1a: Hot Daddy\n|-ability|p2a: Heracross|Moxie|boost\n|-boost|p2a: Heracross|atk|1\n|\n|upkeep\n|\n|t:|1700769518\n|switch|p1a: Harder|Urshifu-Rapid-Strike, M|55\/100\n|turn|29\n|\n|t:|1700769528\n|move|p2a: Heracross|Close Combat|p1a: Harder\n|-damage|p1a: Harder|0 fnt\n|-unboost|p2a: Heracross|def|1\n|-unboost|p2a: Heracross|spd|1\n|faint|p1a: Harder\n|-ability|p2a: Heracross|Moxie|boost\n|-boost|p2a: Heracross|atk|1\n|\n|upkeep\n|\n|t:|1700769533\n|switch|p1a: FurSuit|Zeraora|100\/100\n|turn|30\n|\n|t:|1700769535\n|move|p2a: Heracross|Close Combat|p1a: FurSuit\n|-damage|p1a: FurSuit|0 fnt\n|-unboost|p2a: Heracross|def|1\n|-unboost|p2a: Heracross|spd|1\n|faint|p1a: FurSuit\n|-ability|p2a: Heracross|Moxie|boost\n|-boost|p2a: Heracross|atk|1\n|\n|upkeep\n|\n|t:|1700769538\n|switch|p1a: Furry Bear|Pangoro, M|100\/100\n|turn|31\n|\n|t:|1700769539\n|move|p1a: Furry Bear|Bullet Punch|p2a: Heracross\n|-damage|p2a: Heracross|13\/100\n|move|p2a: Heracross|Close Combat|p1a: Furry Bear\n|-supereffective|p1a: Furry Bear\n|-damage|p1a: Furry Bear|0 fnt\n|-unboost|p2a: Heracross|def|1\n|-unboost|p2a: Heracross|spd|1\n|faint|p1a: Furry Bear\n|\n|win|KINGAMBIIT\n|raw|TheSlowbroGuy's rating: 1314 &rarr; <strong>1299<\/strong><br \/>(-15 for losing)\n|raw|KINGAMBIIT's rating: 1407 &rarr; <strong>1422<\/strong><br \/>(+15 for winning)\n|c|\u2606TheSlowbroGuy|gg\n|l|\u2606TheSlowbroGuy\n","uploadtime":1700769562,"views":4,"p1id":"theslowbroguy","p2id":"kingambiit","formatid":"gen9nationaldex","rating":1299,"private":0,"password":""}