{"id":"gen9nationaldex-1989731525","p1":"wizofawe","p2":"khxng","format":"[Gen 9] National Dex","log":"|j|\u2606wizofawe\n|j|\u2606khxng\n|t:|1699890929\n|gametype|singles\n|player|p1|wizofawe|bugcatcher-gen4dp|1383\n|player|p2|khxng|n-masters2|1529\n|teamsize|p1|6\n|teamsize|p2|6\n|gen|9\n|tier|[Gen 9] National Dex\n|rated|\n|rule|HP Percentage Mod: HP is shown in percentages\n|rule|Endless Battle Clause: Forcing endless battles is banned\n|rule|OHKO Clause: OHKO moves are banned\n|rule|Evasion Clause: Evasion abilities, items, and moves are banned\n|rule|Evasion Abilities Clause: Evasion abilities are banned\n|rule|Evasion Items Clause: Evasion items are banned\n|rule|Evasion Moves Clause: Evasion moves are banned\n|rule|Species Clause: Limit one of each Pok\u00e9mon\n|rule|Sleep Clause Mod: Limit one foe put to sleep\n|clearpoke\n|poke|p1|Garganacl, M|\n|poke|p1|Scizor, F|\n|poke|p1|Iron Valiant|\n|poke|p1|Toxapex, M|\n|poke|p1|Great Tusk|\n|poke|p1|Blacephalon|\n|poke|p2|Dragonite, M|\n|poke|p2|Blaziken, F|\n|poke|p2|Ogerpon-Wellspring, F|\n|poke|p2|Hoopa-Unbound|\n|poke|p2|Moltres|\n|poke|p2|Clefable, F|\n|teampreview\n|inactive|Battle timer is ON: inactive players will automatically lose when time's up. (requested by khxng)\n|\n|t:|1699890945\n|start\n|switch|p1a: Blacephalon|Blacephalon|100\/100\n|switch|p2a: Blaziken|Blaziken, F|100\/100\n|turn|1\n|\n|t:|1699890948\n|move|p1a: Blacephalon|Shadow Ball|p2a: Blaziken\n|-damage|p2a: Blaziken|29\/100\n|move|p2a: Blaziken|Swords Dance|p2a: Blaziken\n|-boost|p2a: Blaziken|atk|2\n|\n|-ability|p2a: Blaziken|Speed Boost|boost\n|-boost|p2a: Blaziken|spe|1\n|upkeep\n|turn|2\n|\n|t:|1699890952\n|switch|p1a: Toxapex|Toxapex, M|100\/100\n|move|p2a: Blaziken|Earthquake|p1a: Toxapex\n|-supereffective|p1a: Toxapex\n|-damage|p1a: Toxapex|0 fnt\n|faint|p1a: Toxapex\n|\n|-ability|p2a: Blaziken|Speed Boost|boost\n|-boost|p2a: Blaziken|spe|1\n|upkeep\n|\n|t:|1699890959\n|switch|p1a: Great Tusk|Great Tusk|100\/100\n|turn|3\n|\n|t:|1699890962\n|-zpower|p2a: Blaziken\n|move|p2a: Blaziken|Inferno Overdrive|p1a: Great Tusk|[zeffect]\n|-damage|p1a: Great Tusk|6\/100\n|move|p1a: Great Tusk|Earthquake|p2a: Blaziken\n|-supereffective|p2a: Blaziken\n|-damage|p2a: Blaziken|0 fnt\n|faint|p2a: Blaziken\n|\n|-heal|p1a: Great Tusk|13\/100|[from] item: Leftovers\n|upkeep\n|\n|t:|1699890965\n|switch|p2a: Ogerpon|Ogerpon-Wellspring, F|100\/100\n|turn|4\n|\n|t:|1699890970\n|move|p2a: Ogerpon|Ivy Cudgel|p1a: Great Tusk\n|-supereffective|p1a: Great Tusk\n|-damage|p1a: Great Tusk|0 fnt\n|faint|p1a: Great Tusk\n|-end|p1a: Great Tusk|Protosynthesis|[silent]\n|\n|upkeep\n|\n|t:|1699890972\n|switch|p1a: Blacephalon|Blacephalon|100\/100\n|turn|5\n|\n|t:|1699890977\n|-terastallize|p1a: Blacephalon|Fire\n|move|p1a: Blacephalon|Overheat|p2a: Ogerpon\n|-damage|p2a: Ogerpon|0 fnt\n|-unboost|p1a: Blacephalon|spa|2\n|faint|p2a: Ogerpon\n|-ability|p1a: Blacephalon|Beast Boost|boost\n|-boost|p1a: Blacephalon|spa|1\n|\n|upkeep\n|\n|t:|1699890983\n|switch|p2a: Hoopa|Hoopa-Unbound|100\/100\n|turn|6\n|\n|t:|1699890986\n|switch|p1a: Scizor|Scizor, F|100\/100\n|move|p2a: Hoopa|Hyperspace Fury|p1a: Scizor\n|-damage|p1a: Scizor|24\/100\n|-unboost|p2a: Hoopa|def|1\n|\n|upkeep\n|turn|7\n|\n|t:|1699890990\n|detailschange|p1a: Scizor|Scizor-Mega, F\n|-mega|p1a: Scizor|Scizor|Scizorite\n|move|p1a: Scizor|Bullet Punch|p2a: Hoopa\n|-damage|p2a: Hoopa|19\/100\n|move|p2a: Hoopa|Hyperspace Fury|p1a: Scizor\n|-damage|p1a: Scizor|0 fnt\n|-unboost|p2a: Hoopa|def|1\n|faint|p1a: Scizor\n|\n|upkeep\n|\n|t:|1699890994\n|switch|p1a: Blacephalon|Blacephalon, tera:Fire|100\/100\n|turn|8\n|\n|t:|1699890998\n|switch|p2a: Moltres|Moltres|100\/100\n|move|p1a: Blacephalon|Flamethrower|p2a: Moltres\n|-resisted|p2a: Moltres\n|-damage|p2a: Moltres|76\/100\n|\n|upkeep\n|turn|9\n|\n|t:|1699891002\n|switch|p1a: Garganacl|Garganacl, M|100\/100\n|move|p2a: Moltres|U-turn|p1a: Garganacl\n|-damage|p1a: Garganacl|91\/100\n|\n|t:|1699891004\n|switch|p2a: Hoopa|Hoopa-Unbound|19\/100|[from] U-turn\n|\n|-heal|p1a: Garganacl|97\/100|[from] item: Leftovers\n|upkeep\n|turn|10\n|\n|t:|1699891007\n|switch|p1a: Iron Valiant|Iron Valiant|100\/100\n|-terastallize|p2a: Hoopa|Dark\n|move|p2a: Hoopa|Hyperspace Fury|p1a: Iron Valiant\n|-resisted|p1a: Iron Valiant\n|-damage|p1a: Iron Valiant|59\/100\n|-unboost|p2a: Hoopa|def|1\n|\n|upkeep\n|turn|11\n|\n|t:|1699891011\n|switch|p2a: Moltres|Moltres|76\/100\n|move|p1a: Iron Valiant|Moonblast|p2a: Moltres\n|-resisted|p2a: Moltres\n|-damage|p2a: Moltres|51\/100\n|\n|upkeep\n|turn|12\n|\n|t:|1699891016\n|-end|p1a: Iron Valiant|Quark Drive|[silent]\n|switch|p1a: Garganacl|Garganacl, M|97\/100\n|move|p2a: Moltres|U-turn|p1a: Garganacl\n|-damage|p1a: Garganacl|87\/100\n|\n|t:|1699891025\n|switch|p2a: Hoopa|Hoopa-Unbound, tera:Dark|19\/100|[from] U-turn\n|\n|-heal|p1a: Garganacl|94\/100|[from] item: Leftovers\n|upkeep\n|turn|13\n|\n|t:|1699891028\n|switch|p1a: Iron Valiant|Iron Valiant|59\/100\n|move|p2a: Hoopa|Hyperspace Fury|p1a: Iron Valiant\n|-resisted|p1a: Iron Valiant\n|-crit|p1a: Iron Valiant\n|-damage|p1a: Iron Valiant|0 fnt\n|-unboost|p2a: Hoopa|def|1\n|faint|p1a: Iron Valiant\n|-end|p1a: Iron Valiant|Quark Drive|[silent]\n|\n|upkeep\n|\n|t:|1699891031\n|switch|p1a: Blacephalon|Blacephalon, tera:Fire|100\/100\n|turn|14\n|\n|t:|1699891033\n|switch|p2a: Moltres|Moltres|51\/100\n|move|p1a: Blacephalon|Shadow Ball|p2a: Moltres\n|-damage|p2a: Moltres|17\/100\n|\n|upkeep\n|turn|15\n|\n|t:|1699891038\n|switch|p2a: Dragonite|Dragonite, M|100\/100\n|move|p1a: Blacephalon|Shadow Ball|p2a: Dragonite\n|-damage|p2a: Dragonite|74\/100\n|-unboost|p2a: Dragonite|spd|1\n|\n|upkeep\n|turn|16\n|\n|t:|1699891043\n|move|p1a: Blacephalon|Shadow Ball|p2a: Dragonite\n|-damage|p2a: Dragonite|0 fnt\n|faint|p2a: Dragonite\n|-ability|p1a: Blacephalon|Beast Boost|boost\n|-boost|p1a: Blacephalon|spa|1\n|\n|upkeep\n|\n|t:|1699891046\n|switch|p2a: Clefable|Clefable, F|100\/100\n|turn|17\n|\n|t:|1699891049\n|move|p1a: Blacephalon|Shadow Ball|p2a: Clefable\n|-damage|p2a: Clefable|51\/100\n|move|p2a: Clefable|Cosmic Power|p2a: Clefable\n|-boost|p2a: Clefable|def|1\n|-boost|p2a: Clefable|spd|1\n|\n|-heal|p2a: Clefable|57\/100|[from] item: Leftovers\n|upkeep\n|turn|18\n|\n|t:|1699891054\n|switch|p1a: Garganacl|Garganacl, M|94\/100\n|move|p2a: Clefable|Soft-Boiled|p2a: Clefable\n|-heal|p2a: Clefable|100\/100\n|\n|-heal|p1a: Garganacl|99\/100|[from] item: Leftovers\n|upkeep\n|turn|19\n|\n|t:|1699891057\n|switch|p2a: Moltres|Moltres|17\/100\n|move|p1a: Garganacl|Salt Cure|p2a: Moltres\n|-supereffective|p2a: Moltres\n|-damage|p2a: Moltres|0 fnt\n|faint|p2a: Moltres\n|\n|-heal|p1a: Garganacl|100\/100|[from] item: Leftovers\n|upkeep\n|\n|t:|1699891059\n|switch|p2a: Hoopa|Hoopa-Unbound, tera:Dark|19\/100\n|turn|20\n|\n|t:|1699891061\n|move|p2a: Hoopa|Hyperspace Fury|p1a: Garganacl\n|-damage|p1a: Garganacl|15\/100\n|-unboost|p2a: Hoopa|def|1\n|move|p1a: Garganacl|Salt Cure|p2a: Hoopa\n|-damage|p2a: Hoopa|0 fnt\n|faint|p2a: Hoopa\n|\n|-heal|p1a: Garganacl|21\/100|[from] item: Leftovers\n|upkeep\n|\n|t:|1699891064\n|switch|p2a: Clefable|Clefable, F|100\/100\n|turn|21\n|\n|t:|1699891066\n|move|p2a: Clefable|Cosmic Power|p2a: Clefable\n|-boost|p2a: Clefable|def|1\n|-boost|p2a: Clefable|spd|1\n|move|p1a: Garganacl|Salt Cure|p2a: Clefable\n|-damage|p2a: Clefable|89\/100\n|-start|p2a: Clefable|Salt Cure\n|\n|-heal|p2a: Clefable|95\/100|[from] item: Leftovers\n|-heal|p1a: Garganacl|27\/100|[from] item: Leftovers\n|upkeep\n|turn|22\n|\n|t:|1699891071\n|switch|p1a: Blacephalon|Blacephalon, tera:Fire|100\/100\n|move|p2a: Clefable|Cosmic Power|p2a: Clefable\n|-boost|p2a: Clefable|def|1\n|-boost|p2a: Clefable|spd|1\n|\n|-heal|p2a: Clefable|100\/100|[from] item: Leftovers\n|upkeep\n|turn|23\n|\n|t:|1699891073\n|move|p1a: Blacephalon|Trick|p2a: Clefable\n|-activate|p1a: Blacephalon|move: Trick|[of] p2a: Clefable\n|-item|p2a: Clefable|Choice Scarf|[from] move: Trick\n|-item|p1a: Blacephalon|Leftovers|[from] move: Trick\n|move|p2a: Clefable|Cosmic Power|p2a: Clefable\n|-boost|p2a: Clefable|def|1\n|-boost|p2a: Clefable|spd|1\n|\n|upkeep\n|turn|24\n|l|\u2606khxng\n|inactive|khxng disconnected and has a minute to reconnect!\n|player|p2|\n|c|\u2606wizofawe|LOL\n|inactive|khxng has 30 seconds to reconnect!\n|inactive|khxng has 20 seconds to reconnect!\n|inactive|khxng has 15 seconds to reconnect!\n|inactive|khxng has 10 seconds to reconnect!\n|inactive|khxng has 5 seconds to reconnect!\n|-message|khxng lost due to inactivity.\n|\n|win|wizofawe\n|raw|wizofawe's rating: 1383 &rarr; <strong>1411<\/strong><br \/>(+28 for winning)\n|raw|khxng's rating: 1529 &rarr; <strong>1501<\/strong><br \/>(-28 for losing)\n","uploadtime":1699891142,"views":6,"p1id":"wizofawe","p2id":"khxng","formatid":"gen9nationaldex","rating":1411,"private":0,"password":""}