{"id":"gen9nationaldex-1992416202","p1":"Just Typical","p2":"Dr 3 goney","format":"[Gen 9] National Dex","log":"|j|\u2606Just Typical\n|j|\u2606Dr 3 goney\n|t:|1700185002\n|gametype|singles\n|player|p1|Just Typical|brawly|1160\n|player|p2|Dr 3 goney|nate|1099\n|teamsize|p1|6\n|teamsize|p2|6\n|gen|9\n|tier|[Gen 9] National Dex\n|rated|\n|rule|HP Percentage Mod: HP is shown in percentages\n|rule|Endless Battle Clause: Forcing endless battles is banned\n|rule|OHKO Clause: OHKO moves are banned\n|rule|Evasion Clause: Evasion abilities, items, and moves are banned\n|rule|Evasion Abilities Clause: Evasion abilities are banned\n|rule|Evasion Items Clause: Evasion items are banned\n|rule|Evasion Moves Clause: Evasion moves are banned\n|rule|Species Clause: Limit one of each Pok\u00e9mon\n|rule|Sleep Clause Mod: Limit one foe put to sleep\n|clearpoke\n|poke|p1|Garchomp, F|\n|poke|p1|Araquanid, F|\n|poke|p1|Rotom-Heat|\n|poke|p1|Enamorus, F|\n|poke|p1|Empoleon, M|\n|poke|p1|Medicham, F|\n|poke|p2|Aggron, F|\n|poke|p2|Mantine, F|\n|poke|p2|Hariyama, M|\n|poke|p2|Polteageist|\n|poke|p2|Thievul, F|\n|poke|p2|Hippowdon, M|\n|teampreview\n|inactive|Battle timer is ON: inactive players will automatically lose when time's up. (requested by Dr 3 goney)\n|\n|t:|1700185031\n|start\n|switch|p1a: Garchomp|Garchomp, F|100\/100\n|switch|p2a: Hariyama|Hariyama, M, shiny|100\/100\n|turn|1\n|\n|t:|1700185037\n|move|p1a: Garchomp|Toxic|p2a: Hariyama\n|-status|p2a: Hariyama|tox\n|move|p2a: Hariyama|Ice Punch|p1a: Garchomp\n|-supereffective|p1a: Garchomp\n|-damage|p1a: Garchomp|6\/100\n|-damage|p2a: Hariyama|88\/100 tox|[from] ability: Rough Skin|[of] p1a: Garchomp\n|-damage|p2a: Hariyama|72\/100 tox|[from] item: Rocky Helmet|[of] p1a: Garchomp\n|\n|-damage|p2a: Hariyama|66\/100 tox|[from] psn\n|upkeep\n|turn|2\n|\n|t:|1700185048\n|switch|p1a: Rotom|Rotom-Heat|100\/100\n|move|p2a: Hariyama|Revenge|p1a: Rotom\n|-damage|p1a: Rotom|76\/100\n|\n|-damage|p2a: Hariyama|53\/100 tox|[from] psn\n|upkeep\n|turn|3\n|\n|t:|1700185055\n|move|p1a: Rotom|Volt Switch|p2a: Hariyama\n|-damage|p2a: Hariyama|37\/100 tox\n|\n|t:|1700185060\n|switch|p1a: Garchomp|Garchomp, F|6\/100|[from] Volt Switch\n|move|p2a: Hariyama|Knock Off|p1a: Garchomp\n|-damage|p1a: Garchomp|0 fnt\n|-damage|p2a: Hariyama|25\/100 tox|[from] ability: Rough Skin|[of] p1a: Garchomp\n|-damage|p2a: Hariyama|8\/100 tox|[from] item: Rocky Helmet|[of] p1a: Garchomp\n|-enditem|p1a: Garchomp|Rocky Helmet|[from] move: Knock Off|[of] p2a: Hariyama\n|faint|p1a: Garchomp\n|\n|-damage|p2a: Hariyama|0 fnt|[from] psn\n|faint|p2a: Hariyama\n|upkeep\n|c|\u2606Dr 3 goney|u bi\n|c|\u2606Just Typical|nah im straight\n|inactive|Dr 3 goney has 120 seconds left.\n|\n|t:|1700185104\n|switch|p1a: Araquanid|Araquanid, F|100\/100\n|switch|p2a: Thievul|Thievul, F, shiny|100\/100\n|-item|p2a: Thievul|Air Balloon\n|turn|4\n|c|\u2606Dr 3 goney|same\n|c|\u2606Just Typical|:handshakes:\n|c|\u2606Dr 3 goney|i hate gay monkeys\n|\n|t:|1700185127\n|move|p2a: Thievul|Nasty Plot|p2a: Thievul\n|-boost|p2a: Thievul|spa|2\n|move|p1a: Araquanid|Leech Life|p2a: Thievul\n|-supereffective|p2a: Thievul\n|-damage|p2a: Thievul|46\/100\n|-enditem|p2a: Thievul|Air Balloon\n|\n|upkeep\n|turn|5\n|\n|t:|1700185150\n|move|p2a: Thievul|Dark Pulse|p1a: Araquanid\n|-damage|p1a: Araquanid|62\/100\n|move|p1a: Araquanid|Leech Life|p2a: Thievul\n|-supereffective|p2a: Thievul\n|-damage|p2a: Thievul|0 fnt\n|-heal|p1a: Araquanid|82\/100|[from] drain|[of] p2a: Thievul\n|faint|p2a: Thievul\n|\n|upkeep\n|c|\u2606Dr 3 goney|holy sh\n|inactive|Dr 3 goney has 90 seconds left.\n|\n|t:|1700185171\n|switch|p2a: Polteageist|Polteageist, shiny|100\/100\n|turn|6\n|\n|t:|1700185177\n|move|p2a: Polteageist|Shell Smash|p2a: Polteageist\n|-unboost|p2a: Polteageist|def|1\n|-unboost|p2a: Polteageist|spd|1\n|-boost|p2a: Polteageist|atk|2\n|-boost|p2a: Polteageist|spa|2\n|-boost|p2a: Polteageist|spe|2\n|-enditem|p2a: Polteageist|White Herb\n|-clearnegativeboost|p2a: Polteageist|[silent]\n|move|p1a: Araquanid|Liquidation|p2a: Polteageist\n|-crit|p2a: Polteageist\n|-damage|p2a: Polteageist|28\/100\n|\n|upkeep\n|turn|7\n|c|\u2606Dr 3 goney|owww\n|inactive|Dr 3 goney has 90 seconds left.\n|\n|t:|1700185195\n|move|p2a: Polteageist|Stored Power|p1a: Araquanid\n|-damage|p1a: Araquanid|33\/100\n|move|p1a: Araquanid|Liquidation|p2a: Polteageist\n|-damage|p2a: Polteageist|0 fnt\n|-start|p1a: Araquanid|Disable|Liquidation|[from] ability: Cursed Body|[of] p2a: Polteageist\n|faint|p2a: Polteageist\n|\n|upkeep\n|inactive|Dr 3 goney has 90 seconds left.\n|c|\u2606Dr 3 goney|wrf\n|c|\u2606Just Typical|400 special defense\n|c|\u2606Just Typical|this mons a beast\n|\n|t:|1700185215\n|switch|p2a: Hippowdon|Hippowdon, M, shiny|100\/100\n|-weather|Sandstorm|[from] ability: Sand Stream|[of] p2a: Hippowdon\n|turn|8\n|\n|t:|1700185224\n|move|p2a: Hippowdon|Toxic|p1a: Araquanid\n|-status|p1a: Araquanid|tox\n|move|p1a: Araquanid|Sticky Web|p2a: Hippowdon\n|-sidestart|p2: Dr 3 goney|move: Sticky Web\n|\n|-weather|Sandstorm|[upkeep]\n|-damage|p1a: Araquanid|27\/100 tox|[from] Sandstorm\n|-damage|p1a: Araquanid|21\/100 tox|[from] psn\n|upkeep\n|turn|9\n|\n|t:|1700185230\n|move|p2a: Hippowdon|Amnesia|p2a: Hippowdon\n|-boost|p2a: Hippowdon|spd|2\n|move|p1a: Araquanid|Toxic|p2a: Hippowdon\n|-status|p2a: Hippowdon|tox\n|\n|-weather|Sandstorm|[upkeep]\n|-damage|p1a: Araquanid|15\/100 tox|[from] Sandstorm\n|-damage|p2a: Hippowdon|94\/100 tox|[from] psn\n|-damage|p1a: Araquanid|2\/100 tox|[from] psn\n|upkeep\n|turn|10\n|inactive|Dr 3 goney has 90 seconds left.\n|\n|t:|1700185245\n|move|p2a: Hippowdon|Sand Tomb|p1a: Araquanid|[miss]\n|-miss|p2a: Hippowdon|p1a: Araquanid\n|move|p1a: Araquanid|Leech Life|p2a: Hippowdon\n|-damage|p2a: Hippowdon|81\/100 tox\n|-heal|p1a: Araquanid|11\/100 tox|[from] drain|[of] p2a: Hippowdon\n|\n|-weather|Sandstorm|[upkeep]\n|-damage|p1a: Araquanid|4\/100 tox|[from] Sandstorm\n|-heal|p2a: Hippowdon|87\/100 tox|[from] item: Leftovers\n|-damage|p2a: Hippowdon|75\/100 tox|[from] psn\n|-damage|p1a: Araquanid|0 fnt|[from] psn\n|faint|p1a: Araquanid\n|upkeep\n|\n|t:|1700185252\n|switch|p1a: Medicham|Medicham, F|100\/100\n|turn|11\n|inactive|Dr 3 goney has 90 seconds left.\n|\n|t:|1700185269\n|detailschange|p1a: Medicham|Medicham-Mega, F\n|-mega|p1a: Medicham|Medicham|Medichamite\n|move|p1a: Medicham|Bulk Up|p1a: Medicham\n|-boost|p1a: Medicham|atk|1\n|-boost|p1a: Medicham|def|1\n|move|p2a: Hippowdon|Sand Tomb|p1a: Medicham|[miss]\n|-miss|p2a: Hippowdon|p1a: Medicham\n|\n|-weather|Sandstorm|[upkeep]\n|-damage|p1a: Medicham|94\/100|[from] Sandstorm\n|-heal|p2a: Hippowdon|81\/100 tox|[from] item: Leftovers\n|-damage|p2a: Hippowdon|62\/100 tox|[from] psn\n|upkeep\n|turn|12\n|\n|t:|1700185277\n|move|p1a: Medicham|Drain Punch|p2a: Hippowdon\n|-damage|p2a: Hippowdon|0 fnt\n|-heal|p1a: Medicham|100\/100|[from] drain|[of] p2a: Hippowdon\n|faint|p2a: Hippowdon\n|\n|-weather|none\n|upkeep\n|\n|t:|1700185281\n|switch|p2a: Mantine|Mantine, F, shiny|100\/100\n|turn|13\n|\n|t:|1700185285\n|move|p1a: Medicham|Psycho Cut|p2a: Mantine\n|-crit|p2a: Mantine\n|-damage|p2a: Mantine|0 fnt\n|faint|p2a: Mantine\n|\n|upkeep\n|\n|t:|1700185287\n|switch|p2a: Aggron|Aggron, F, shiny|100\/100\n|-activate|p2a: Aggron|move: Sticky Web\n|-unboost|p2a: Aggron|spe|1\n|turn|14\n|inactive|Dr 3 goney has 120 seconds left.\n|c|\u2606Dr 3 goney|your so rude\n|c|\u2606Just Typical|my bad\n|\n|t:|1700185302\n|detailschange|p2a: Aggron|Aggron-Mega, F, shiny\n|-mega|p2a: Aggron|Aggron|Aggronite\n|move|p1a: Medicham|Drain Punch|p2a: Aggron\n|-supereffective|p2a: Aggron\n|-damage|p2a: Aggron|2\/100\n|move|p2a: Aggron|Iron Head|p1a: Medicham\n|-damage|p1a: Medicham|58\/100\n|\n|upkeep\n|turn|15\n|-message|Dr 3 goney forfeited.\n|\n|win|Just Typical\n|raw|Just Typical's rating: 1160 &rarr; <strong>1181<\/strong><br \/>(+21 for winning)\n|raw|Dr 3 goney's rating: 1099 &rarr; <strong>1078<\/strong><br \/>(-21 for losing)\n|l|\u2606Dr 3 goney\n","uploadtime":1700185127,"views":4,"p1id":"justtypical","p2id":"dr3goney","formatid":"gen9nationaldex","rating":1078,"private":0,"password":""}