{"id":"gen9nationaldex-1989146527","p1":"leona misa","p2":"Dragongemex","format":"[Gen 9] National Dex","log":"|j|\u2606leona misa\n|j|\u2606Dragongemex\n|inactive|Battle timer is ON: inactive players will automatically lose when time's up.\n|t:|1699817180\n|gametype|singles\n|player|p1|leona misa|hilda-wonderlauncher|\n|player|p2|Dragongemex|alder|\n|teamsize|p1|6\n|teamsize|p2|6\n|gen|9\n|tier|[Gen 9] National Dex\n|rated|Tournament battle\n|rule|HP Percentage Mod: HP is shown in percentages\n|rule|Endless Battle Clause: Forcing endless battles is banned\n|rule|OHKO Clause: OHKO moves are banned\n|rule|Evasion Clause: Evasion abilities, items, and moves are banned\n|rule|Evasion Abilities Clause: Evasion abilities are banned\n|rule|Evasion Items Clause: Evasion items are banned\n|rule|Evasion Moves Clause: Evasion moves are banned\n|rule|Species Clause: Limit one of each Pok\u00e9mon\n|rule|Sleep Clause Mod: Limit one foe put to sleep\n|clearpoke\n|poke|p1|Tapu Lele|\n|poke|p1|Alakazam, M|\n|poke|p1|Blacephalon|\n|poke|p1|Cloyster, F|\n|poke|p1|Sneasler, F|\n|poke|p1|Excadrill, M|\n|poke|p2|Banette, M|\n|poke|p2|Landorus-Therian, M|\n|poke|p2|Dragonite, F|\n|poke|p2|Tornadus-Therian, M|\n|poke|p2|Kartana|\n|poke|p2|Reuniclus, F|\n|teampreview\n|inactive|leona misa also wants the timer to be on.\n|inactive|Dragongemex also wants the timer to be on.\n|c|\u2606leona misa|glhf\n|\n|t:|1699817193\n|start\n|switch|p1a: Excadrill|Excadrill, M|100\/100\n|switch|p2a: Landorus|Landorus-Therian, M|100\/100\n|-ability|p2a: Landorus|Intimidate|boost\n|-unboost|p1a: Excadrill|atk|1\n|-ability|p1a: Excadrill|Mold Breaker\n|turn|1\n|c|\u2606Dragongemex|Glhf!\n|\n|t:|1699817202\n|-terastallize|p2a: Landorus|Ghost\n|move|p2a: Landorus|Taunt|p1a: Excadrill\n|-start|p1a: Excadrill|move: Taunt\n|cant|p1a: Excadrill|move: Taunt|Stealth Rock\n|\n|upkeep\n|turn|2\n|j| Osgar\n|\n|t:|1699817215\n|switch|p1a: Tapu Lele|Tapu Lele|100\/100\n|-fieldstart|move: Psychic Terrain|[from] ability: Psychic Surge|[of] p1a: Tapu Lele\n|move|p2a: Landorus|Stealth Rock|p1a: Tapu Lele\n|-sidestart|p1: leona misa|move: Stealth Rock\n|\n|upkeep\n|turn|3\n|\n|t:|1699817226\n|move|p2a: Landorus|Explosion|p1a: Tapu Lele\n|-damage|p1a: Tapu Lele|0 fnt\n|faint|p2a: Landorus\n|faint|p1a: Tapu Lele\n|\n|upkeep\n|j| dfghjklghjk\n|\n|t:|1699817244\n|switch|p2a: Kartana|Kartana, shiny|100\/100\n|switch|p1a: Excadrill|Excadrill, M|100\/100\n|-damage|p1a: Excadrill|97\/100|[from] Stealth Rock\n|-ability|p1a: Excadrill|Mold Breaker\n|turn|4\n|\n|t:|1699817253\n|move|p2a: Kartana|Sacred Sword|p1a: Excadrill\n|-supereffective|p1a: Excadrill\n|-damage|p1a: Excadrill|0 fnt\n|faint|p1a: Excadrill\n|-ability|p2a: Kartana|Beast Boost|boost\n|-boost|p2a: Kartana|atk|1\n|\n|upkeep\n|\n|t:|1699817260\n|switch|p1a: Alakazam|Alakazam, M|100\/100\n|turn|5\n|\n|t:|1699817266\n|switch|p2a: Tornadus|Tornadus-Therian, M|100\/100\n|move|p1a: Alakazam|Expanding Force|p2a: Tornadus\n|-damage|p2a: Tornadus|0 fnt\n|faint|p2a: Tornadus\n|\n|upkeep\n|j| XXMurdrXX\n|\n|t:|1699817276\n|switch|p2a: Kartana|Kartana, shiny|100\/100\n|turn|6\n|\n|t:|1699817284\n|move|p2a: Kartana|Knock Off|p1a: Alakazam\n|-supereffective|p1a: Alakazam\n|-enditem|p1a: Alakazam|Focus Sash\n|-damage|p1a: Alakazam|1\/100\n|move|p1a: Alakazam|Expanding Force|p2a: Kartana\n|-resisted|p2a: Kartana\n|-damage|p2a: Kartana|0 fnt\n|faint|p2a: Kartana\n|\n|upkeep\n|\n|t:|1699817290\n|switch|p2a: Reuniclus|Reuniclus, F, shiny|100\/100\n|turn|7\n|\n|t:|1699817293\n|move|p1a: Alakazam|Expanding Force|p2a: Reuniclus\n|-resisted|p2a: Reuniclus\n|-damage|p2a: Reuniclus|62\/100\n|move|p2a: Reuniclus|Trick Room|p2a: Reuniclus\n|-fieldstart|move: Trick Room|[of] p2a: Reuniclus\n|\n|upkeep\n|turn|8\n|\n|t:|1699817296\n|move|p2a: Reuniclus|Psychic|p1a: Alakazam\n|-resisted|p1a: Alakazam\n|-damage|p1a: Alakazam|0 fnt\n|faint|p1a: Alakazam\n|\n|upkeep\n|\n|t:|1699817305\n|switch|p1a: Cloyster|Cloyster, F|100\/100\n|-damage|p1a: Cloyster|76\/100|[from] Stealth Rock\n|turn|9\n|\n|t:|1699817308\n|move|p2a: Reuniclus|Focus Blast|p1a: Cloyster\n|-supereffective|p1a: Cloyster\n|-damage|p1a: Cloyster|0 fnt\n|faint|p1a: Cloyster\n|\n|-fieldend|move: Psychic Terrain\n|upkeep\n|\n|t:|1699817322\n|switch|p1a: Blacephalon|Blacephalon|100\/100\n|-damage|p1a: Blacephalon|76\/100|[from] Stealth Rock\n|turn|10\n|\n|t:|1699817325\n|switch|p1a: Sneasler|Sneasler, F|100\/100\n|-damage|p1a: Sneasler|95\/100|[from] Stealth Rock\n|move|p2a: Reuniclus|Psychic|p1a: Sneasler\n|-supereffective|p1a: Sneasler\n|-damage|p1a: Sneasler|0 fnt\n|faint|p1a: Sneasler\n|\n|upkeep\n|\n|t:|1699817327\n|switch|p1a: Blacephalon|Blacephalon|76\/100\n|-damage|p1a: Blacephalon|51\/100|[from] Stealth Rock\n|turn|11\n|\n|t:|1699817329\n|move|p2a: Reuniclus|Psychic|p1a: Blacephalon\n|-damage|p1a: Blacephalon|0 fnt\n|faint|p1a: Blacephalon\n|\n|win|Dragongemex\n|n|\u2606leona misa|leonamisa\n|n|\u2606Dragongemex|dragongemex\n|n| Osgar|osgar\n|n| dfghjklghjk|dfghjklghjk\n|n| XXMurdrXX|xxmurdrxx\n","uploadtime":1699817348,"views":7,"p1id":"leonamisa","p2id":"dragongemex","formatid":"gen9nationaldex","rating":0,"private":0,"password":""}