{"id":"gen9nationaldex-1990377538","p1":"Andy_Hung","p2":"gbbf bbgbrb","format":"[Gen 9] National Dex","log":"|j|\u2606Andy_Hung\n|j|\u2606gbbf bbgbrb\n|t:|1699964311\n|gametype|singles\n|player|p1|Andy_Hung|steven|1027\n|player|p2|gbbf bbgbrb|2|1000\n|teamsize|p1|6\n|teamsize|p2|3\n|gen|9\n|tier|[Gen 9] National Dex\n|rated|\n|rule|HP Percentage Mod: HP is shown in percentages\n|rule|Endless Battle Clause: Forcing endless battles is banned\n|rule|OHKO Clause: OHKO moves are banned\n|rule|Evasion Clause: Evasion abilities, items, and moves are banned\n|rule|Evasion Abilities Clause: Evasion abilities are banned\n|rule|Evasion Items Clause: Evasion items are banned\n|rule|Evasion Moves Clause: Evasion moves are banned\n|rule|Species Clause: Limit one of each Pok\u00e9mon\n|rule|Sleep Clause Mod: Limit one foe put to sleep\n|clearpoke\n|poke|p1|Glimmora, F|\n|poke|p1|Gliscor, F|\n|poke|p1|Kommo-o, F|\n|poke|p1|Dudunsparce-*, F|\n|poke|p1|Iron Valiant|\n|poke|p1|Ceruledge, M|\n|poke|p2|Kommo-o, M|\n|poke|p2|Gliscor, M|\n|poke|p2|Scizor, F|\n|teampreview\n|inactive|Battle timer is ON: inactive players will automatically lose when time's up. (requested by gbbf bbgbrb)\n|\n|t:|1699964332\n|start\n|switch|p1a: Ceruledge|Ceruledge, M|100\/100\n|switch|p2a: Scizor|Scizor, F, shiny|100\/100\n|turn|1\n|\n|t:|1699964342\n|switch|p2a: Gliscor|Gliscor, M, shiny|100\/100\n|-terastallize|p1a: Ceruledge|Steel\n|move|p1a: Ceruledge|Swords Dance|p1a: Ceruledge\n|-boost|p1a: Ceruledge|atk|2\n|\n|-status|p2a: Gliscor|tox|[from] item: Toxic Orb\n|upkeep\n|turn|2\n|\n|t:|1699964360\n|-terastallize|p2a: Gliscor|Ground\n|move|p1a: Ceruledge|Iron Defense|p1a: Ceruledge\n|-boost|p1a: Ceruledge|def|2\n|move|p2a: Gliscor|Earthquake|p1a: Ceruledge\n|-supereffective|p1a: Ceruledge\n|-damage|p1a: Ceruledge|7\/100\n|\n|upkeep\n|turn|3\n|\n|t:|1699964368\n|move|p1a: Ceruledge|Bitter Blade|p2a: Gliscor\n|-damage|p2a: Gliscor|0 fnt\n|-heal|p1a: Ceruledge|65\/100|[from] drain|[of] p2a: Gliscor\n|faint|p2a: Gliscor\n|-damage|p1a: Ceruledge|55\/100|[from] item: Life Orb\n|\n|upkeep\n|\n|t:|1699964375\n|switch|p2a: Kommo-o|Kommo-o, M, shiny|100\/100\n|turn|4\n|\n|t:|1699964385\n|-zpower|p2a: Kommo-o\n|move|p2a: Kommo-o|Clangorous Soulblaze|p1a: Ceruledge|[zeffect]\n|-resisted|p1a: Ceruledge\n|-damage|p1a: Ceruledge|11\/100\n|-boost|p2a: Kommo-o|atk|1\n|-boost|p2a: Kommo-o|def|1\n|-boost|p2a: Kommo-o|spa|1\n|-boost|p2a: Kommo-o|spd|1\n|-boost|p2a: Kommo-o|spe|1\n|move|p1a: Ceruledge|Bitter Blade|p2a: Kommo-o\n|-resisted|p2a: Kommo-o\n|-damage|p2a: Kommo-o|59\/100\n|-heal|p1a: Ceruledge|32\/100|[from] drain|[of] p2a: Kommo-o\n|-damage|p1a: Ceruledge|22\/100|[from] item: Life Orb\n|\n|upkeep\n|turn|5\n|\n|t:|1699964405\n|move|p2a: Kommo-o|Drain Punch|p1a: Ceruledge\n|-supereffective|p1a: Ceruledge\n|-damage|p1a: Ceruledge|0 fnt\n|-heal|p2a: Kommo-o|70\/100|[from] drain|[of] p1a: Ceruledge\n|faint|p1a: Ceruledge\n|\n|upkeep\n|inactive|Andy_Hung has 120 seconds left.\n|\n|t:|1699964430\n|switch|p1a: Iron Valiant|Iron Valiant|100\/100\n|-enditem|p1a: Iron Valiant|Booster Energy\n|-activate|p1a: Iron Valiant|ability: Quark Drive|[fromitem]\n|-start|p1a: Iron Valiant|quarkdrivespe\n|turn|6\n|inactive|Andy_Hung has 120 seconds left.\n|\n|t:|1699964451\n|move|p1a: Iron Valiant|Spirit Break|p2a: Kommo-o\n|-supereffective|p2a: Kommo-o\n|-damage|p2a: Kommo-o|0 fnt\n|faint|p2a: Kommo-o\n|\n|upkeep\n|\n|t:|1699964456\n|switch|p2a: Scizor|Scizor, F, shiny|100\/100\n|turn|7\n|\n|t:|1699964460\n|detailschange|p2a: Scizor|Scizor-Mega, F, shiny\n|-mega|p2a: Scizor|Scizor|Scizorite\n|move|p2a: Scizor|Bullet Punch|p1a: Iron Valiant\n|-supereffective|p1a: Iron Valiant\n|-damage|p1a: Iron Valiant|0 fnt\n|faint|p1a: Iron Valiant\n|-end|p1a: Iron Valiant|Quark Drive|[silent]\n|\n|upkeep\n|inactive|Andy_Hung has 120 seconds left.\n|\n|t:|1699964488\n|switch|p1a: Kommo-o|Kommo-o, F|100\/100\n|turn|8\n|\n|t:|1699964508\n|move|p1a: Kommo-o|Drain Punch|p2a: Scizor\n|-damage|p2a: Scizor|80\/100\n|move|p2a: Scizor|Swords Dance|p2a: Scizor\n|-boost|p2a: Scizor|atk|2\n|\n|upkeep\n|turn|9\n|\n|t:|1699964525\n|move|p1a: Kommo-o|Iron Defense|p1a: Kommo-o\n|-boost|p1a: Kommo-o|def|2\n|move|p2a: Scizor|Roost|p2a: Scizor\n|-heal|p2a: Scizor|100\/100\n|-singleturn|p2a: Scizor|move: Roost\n|\n|upkeep\n|turn|10\n|\n|t:|1699964533\n|move|p1a: Kommo-o|Iron Defense|p1a: Kommo-o\n|-boost|p1a: Kommo-o|def|2\n|move|p2a: Scizor|Swords Dance|p2a: Scizor\n|-boost|p2a: Scizor|atk|2\n|\n|upkeep\n|turn|11\n|inactive|Andy_Hung has 90 seconds left.\n|\n|t:|1699964572\n|move|p1a: Kommo-o|Body Press|p2a: Scizor\n|-damage|p2a: Scizor|5\/100\n|move|p2a: Scizor|Swords Dance|p2a: Scizor\n|-boost|p2a: Scizor|atk|2\n|\n|upkeep\n|turn|12\n|\n|t:|1699964587\n|move|p2a: Scizor|Bullet Punch|p1a: Kommo-o\n|-damage|p1a: Kommo-o|70\/100\n|move|p1a: Kommo-o|Body Press|p2a: Scizor\n|-damage|p2a: Scizor|0 fnt\n|faint|p2a: Scizor\n|\n|win|Andy_Hung\n|raw|Andy_Hung's rating: 1027 &rarr; <strong>1060<\/strong><br \/>(+33 for winning)\n|raw|gbbf bbgbrb's rating: 1000 &rarr; <strong>1000<\/strong><br \/>(+0 for losing)\n|l|\u2606gbbf bbgbrb\n","uploadtime":1699964603,"views":4,"p1id":"andyhung","p2id":"gbbfbbgbrb","formatid":"gen9nationaldex","rating":1000,"private":0,"password":""}