{"id":"gen9nationaldex-1987513035","p1":"JXYee","p2":"lrida","format":"[Gen 9] National Dex","log":"|j|\u2606JXYee\n|j|\u2606lrida\n|t:|1699604503\n|gametype|singles\n|player|p1|JXYee|pokekid-gen8|1309\n|player|p2|lrida|irida|1353\n|teamsize|p1|6\n|teamsize|p2|6\n|gen|9\n|tier|[Gen 9] National Dex\n|rated|\n|rule|HP Percentage Mod: HP is shown in percentages\n|rule|Endless Battle Clause: Forcing endless battles is banned\n|rule|OHKO Clause: OHKO moves are banned\n|rule|Evasion Clause: Evasion abilities, items, and moves are banned\n|rule|Evasion Abilities Clause: Evasion abilities are banned\n|rule|Evasion Items Clause: Evasion items are banned\n|rule|Evasion Moves Clause: Evasion moves are banned\n|rule|Species Clause: Limit one of each Pok\u00e9mon\n|rule|Sleep Clause Mod: Limit one foe put to sleep\n|clearpoke\n|poke|p1|Pelipper, F|\n|poke|p1|Serperior, F|\n|poke|p1|Ogerpon-Cornerstone, F|\n|poke|p1|Urshifu-*, M|\n|poke|p1|Zapdos|\n|poke|p1|Swampert, F|\n|poke|p2|Mawile, M|\n|poke|p2|Urshifu-*, F|\n|poke|p2|Ursaluna, M|\n|poke|p2|Hatterene, F|\n|poke|p2|Tapu Koko|\n|poke|p2|Sinistcha-Masterpiece|\n|teampreview\n|\n|t:|1699604519\n|start\n|switch|p1a: \u5927\u5634\u5634|Pelipper, F, shiny|100\/100\n|switch|p2a: Hatterene|Hatterene, F|100\/100\n|-weather|RainDance|[from] ability: Drizzle|[of] p1a: \u5927\u5634\u5634\n|turn|1\n|\n|t:|1699604533\n|move|p1a: \u5927\u5634\u5634|Hurricane|p2a: Hatterene\n|-damage|p2a: Hatterene|65\/100\n|move|p2a: Hatterene|Trick Room|p2a: Hatterene\n|-fieldstart|move: Trick Room|[of] p2a: Hatterene\n|\n|-weather|RainDance|[upkeep]\n|upkeep\n|turn|2\n|\n|t:|1699604564\n|-zpower|p2a: Hatterene\n|move|p2a: Hatterene|Twinkle Tackle|p1a: \u5927\u5634\u5634|[zeffect]\n|-damage|p1a: \u5927\u5634\u5634|0 fnt\n|faint|p1a: \u5927\u5634\u5634\n|\n|-weather|RainDance|[upkeep]\n|upkeep\n|\n|t:|1699604606\n|switch|p1a: \u7c89\u86e4\u87c6|Swampert, F, shiny|100\/100\n|turn|3\n|\n|t:|1699604637\n|detailschange|p1a: \u7c89\u86e4\u87c6|Swampert-Mega, F, shiny\n|-mega|p1a: \u7c89\u86e4\u87c6|Swampert|Swampertite\n|move|p2a: Hatterene|Psychic|p1a: \u7c89\u86e4\u87c6\n|-damage|p1a: \u7c89\u86e4\u87c6|51\/100\n|move|p1a: \u7c89\u86e4\u87c6|Earthquake|p2a: Hatterene\n|-damage|p2a: Hatterene|0 fnt\n|faint|p2a: Hatterene\n|\n|-weather|RainDance|[upkeep]\n|upkeep\n|\n|t:|1699604666\n|switch|p2a: Sinistcha|Sinistcha-Masterpiece|100\/100\n|turn|4\n|\n|t:|1699604680\n|move|p2a: Sinistcha|Matcha Gotcha|p1a: \u7c89\u86e4\u87c6|[miss]\n|-miss|p2a: Sinistcha|p1a: \u7c89\u86e4\u87c6\n|move|p1a: \u7c89\u86e4\u87c6|Ice Punch|p2a: Sinistcha\n|-supereffective|p2a: Sinistcha\n|-damage|p2a: Sinistcha|35\/100\n|-status|p2a: Sinistcha|frz\n|\n|-weather|RainDance|[upkeep]\n|-heal|p2a: Sinistcha|41\/100 frz|[from] item: Leftovers\n|upkeep\n|turn|5\n|\n|t:|1699604690\n|-curestatus|p2a: Sinistcha|frz|[from] move: Matcha Gotcha\n|move|p2a: Sinistcha|Matcha Gotcha|p1a: \u7c89\u86e4\u87c6\n|-supereffective|p1a: \u7c89\u86e4\u87c6\n|-damage|p1a: \u7c89\u86e4\u87c6|0 fnt\n|-heal|p2a: Sinistcha|66\/100|[from] drain|[of] p1a: \u7c89\u86e4\u87c6\n|faint|p1a: \u7c89\u86e4\u87c6\n|\n|-weather|RainDance|[upkeep]\n|-heal|p2a: Sinistcha|72\/100|[from] item: Leftovers\n|-fieldend|move: Trick Room\n|upkeep\n|\n|t:|1699604706\n|switch|p1a: \u98de\u5929\u95ea\u7535\u5927\u9ec4\u9e21|Zapdos, shiny|100\/100\n|turn|6\n|\n|t:|1699604715\n|move|p1a: \u98de\u5929\u95ea\u7535\u5927\u9ec4\u9e21|Hurricane|p2a: Sinistcha\n|-supereffective|p2a: Sinistcha\n|-damage|p2a: Sinistcha|0 fnt\n|faint|p2a: Sinistcha\n|\n|-weather|RainDance|[upkeep]\n|upkeep\n|\n|t:|1699604731\n|switch|p2a: Mawile|Mawile, M|100\/100\n|-ability|p2a: Mawile|Intimidate|boost\n|-unboost|p1a: \u98de\u5929\u95ea\u7535\u5927\u9ec4\u9e21|atk|1\n|turn|7\n|\n|t:|1699604744\n|detailschange|p2a: Mawile|Mawile-Mega, M\n|-mega|p2a: Mawile|Mawile|Mawilite\n|move|p1a: \u98de\u5929\u95ea\u7535\u5927\u9ec4\u9e21|Heat Wave|p2a: Mawile\n|-supereffective|p2a: Mawile\n|-damage|p2a: Mawile|60\/100\n|move|p2a: Mawile|Play Rough|p1a: \u98de\u5929\u95ea\u7535\u5927\u9ec4\u9e21\n|-crit|p1a: \u98de\u5929\u95ea\u7535\u5927\u9ec4\u9e21\n|-damage|p1a: \u98de\u5929\u95ea\u7535\u5927\u9ec4\u9e21|0 fnt\n|-damage|p2a: Mawile|44\/100|[from] item: Rocky Helmet|[of] p1a: \u98de\u5929\u95ea\u7535\u5927\u9ec4\u9e21\n|faint|p1a: \u98de\u5929\u95ea\u7535\u5927\u9ec4\u9e21\n|\n|-weather|RainDance|[upkeep]\n|upkeep\n|\n|t:|1699604767\n|switch|p1a: \u7eff\u86c7\u86c7|Serperior, F, shiny|100\/100\n|turn|8\n|\n|t:|1699604775\n|move|p2a: Mawile|Sucker Punch|p1a: \u7eff\u86c7\u86c7\n|-damage|p1a: \u7eff\u86c7\u86c7|49\/100\n|move|p1a: \u7eff\u86c7\u86c7|Leaf Storm|p2a: Mawile\n|-resisted|p2a: Mawile\n|-damage|p2a: Mawile|19\/100\n|-boost|p1a: \u7eff\u86c7\u86c7|spa|2\n|\n|-weather|none\n|-heal|p1a: \u7eff\u86c7\u86c7|55\/100|[from] item: Leftovers\n|upkeep\n|turn|9\n|\n|t:|1699604791\n|move|p2a: Mawile|Sucker Punch|p1a: \u7eff\u86c7\u86c7\n|-damage|p1a: \u7eff\u86c7\u86c7|0 fnt\n|faint|p1a: \u7eff\u86c7\u86c7\n|\n|upkeep\n|\n|t:|1699604795\n|switch|p1a: \u5c0f\u9762\u5177|Ogerpon-Cornerstone, F|100\/100\n|turn|10\n|\n|t:|1699604800\n|-terastallize|p1a: \u5c0f\u9762\u5177|Rock\n|detailschange|p1a: \u5c0f\u9762\u5177|Ogerpon-Cornerstone-Tera, F, tera:Rock\n|-ability|p1a: \u5c0f\u9762\u5177|Embody Aspect (Cornerstone)|boost\n|-boost|p1a: \u5c0f\u9762\u5177|def|1\n|move|p2a: Mawile|Sucker Punch||[still]\n|-fail|p2a: Mawile\n|move|p1a: \u5c0f\u9762\u5177|Swords Dance|p1a: \u5c0f\u9762\u5177\n|-boost|p1a: \u5c0f\u9762\u5177|atk|2\n|\n|upkeep\n|turn|11\n|\n|t:|1699604810\n|move|p2a: Mawile|Sucker Punch|p1a: \u5c0f\u9762\u5177\n|-damage|p1a: \u5c0f\u9762\u5177|58\/100\n|move|p1a: \u5c0f\u9762\u5177|Horn Leech|p2a: Mawile\n|-resisted|p2a: Mawile\n|-damage|p2a: Mawile|0 fnt\n|-heal|p1a: \u5c0f\u9762\u5177|67\/100|[from] drain|[of] p2a: Mawile\n|faint|p2a: Mawile\n|\n|upkeep\n|\n|t:|1699604852\n|switch|p2a: Tapu Koko|Tapu Koko|100\/100\n|-fieldstart|move: Electric Terrain|[from] ability: Electric Surge|[of] p2a: Tapu Koko\n|turn|12\n|\n|t:|1699604896\n|move|p2a: Tapu Koko|Thunderbolt|p1a: \u5c0f\u9762\u5177\n|-crit|p1a: \u5c0f\u9762\u5177\n|-damage|p1a: \u5c0f\u9762\u5177|0 fnt\n|faint|p1a: \u5c0f\u9762\u5177\n|\n|upkeep\n|\n|t:|1699604899\n|switch|p1a: \u4e00\u6b213\u62f3|Urshifu-Rapid-Strike, M|100\/100\n|turn|13\n|\n|t:|1699604910\n|move|p2a: Tapu Koko|Thunderbolt|p1a: \u4e00\u6b213\u62f3\n|-supereffective|p1a: \u4e00\u6b213\u62f3\n|-damage|p1a: \u4e00\u6b213\u62f3|0 fnt\n|faint|p1a: \u4e00\u6b213\u62f3\n|\n|win|lrida\n|raw|JXYee's rating: 1309 &rarr; <strong>1292<\/strong><br \/>(-17 for losing)\n|raw|lrida's rating: 1353 &rarr; <strong>1370<\/strong><br \/>(+17 for winning)\n|l|\u2606JXYee\n","uploadtime":1699604953,"views":6,"p1id":"jxyee","p2id":"lrida","formatid":"gen9nationaldex","rating":1292,"private":0,"password":""}