{"id":"gen9nationaldex-1990527754","p1":"cjcleere","p2":"Dark Umbreon 08","format":"[Gen 9] National Dex","log":"|j|\u2606cjcleere\n|j|\u2606Dark Umbreon 08\n|t:|1699978830\n|gametype|singles\n|player|p1|cjcleere|102|1072\n|player|p2|Dark Umbreon 08|lass-gen4dp|1000\n|teamsize|p1|6\n|teamsize|p2|2\n|gen|9\n|tier|[Gen 9] National Dex\n|rated|\n|rule|HP Percentage Mod: HP is shown in percentages\n|rule|Endless Battle Clause: Forcing endless battles is banned\n|rule|OHKO Clause: OHKO moves are banned\n|rule|Evasion Clause: Evasion abilities, items, and moves are banned\n|rule|Evasion Abilities Clause: Evasion abilities are banned\n|rule|Evasion Items Clause: Evasion items are banned\n|rule|Evasion Moves Clause: Evasion moves are banned\n|rule|Species Clause: Limit one of each Pok\u00e9mon\n|rule|Sleep Clause Mod: Limit one foe put to sleep\n|clearpoke\n|poke|p1|Venusaur, M|\n|poke|p1|Ninetales, F|\n|poke|p1|Dragonite, M|\n|poke|p1|Alakazam, F|\n|poke|p1|Charizard, F|\n|poke|p1|Cloyster, M|\n|poke|p2|Blaziken, M|\n|poke|p2|Torterra, F|\n|teampreview\n|inactive|Battle timer is ON: inactive players will automatically lose when time's up. (requested by Dark Umbreon 08)\n|\n|t:|1699978835\n|start\n|switch|p1a: Alakazam|Alakazam, F|100\/100\n|switch|p2a: Torterra|Torterra, F|100\/100\n|turn|1\n|\n|t:|1699978843\n|move|p1a: Alakazam|Magic Coat|p1a: Alakazam\n|-singleturn|p1a: Alakazam|move: Magic Coat\n|move|p2a: Torterra|Shell Smash|p2a: Torterra\n|-unboost|p2a: Torterra|def|1\n|-unboost|p2a: Torterra|spd|1\n|-boost|p2a: Torterra|atk|2\n|-boost|p2a: Torterra|spa|2\n|-boost|p2a: Torterra|spe|2\n|\n|upkeep\n|turn|2\n|\n|t:|1699978850\n|move|p2a: Torterra|Bullet Seed|p1a: Alakazam\n|-damage|p1a: Alakazam|35\/100\n|-damage|p1a: Alakazam|0 fnt\n|faint|p1a: Alakazam\n|-hitcount|p1: Alakazam|2\n|\n|upkeep\n|\n|t:|1699978857\n|switch|p1a: Charizard|Charizard, F|100\/100\n|turn|3\n|\n|t:|1699978862\n|detailschange|p1a: Charizard|Charizard-Mega-Y, F\n|-mega|p1a: Charizard|Charizard|Charizardite Y\n|-weather|SunnyDay|[from] ability: Drought|[of] p1a: Charizard\n|move|p2a: Torterra|Rock Blast|p1a: Charizard\n|-supereffective|p1a: Charizard\n|-damage|p1a: Charizard|0 fnt\n|faint|p1a: Charizard\n|-hitcount|p1: Charizard|1\n|\n|-weather|SunnyDay|[upkeep]\n|upkeep\n|\n|t:|1699978869\n|switch|p1a: Ninetales|Ninetales, F|100\/100\n|turn|4\n|\n|t:|1699978875\n|move|p2a: Torterra|Rock Blast|p1a: Ninetales\n|-supereffective|p1a: Ninetales\n|-damage|p1a: Ninetales|60\/100\n|-supereffective|p1a: Ninetales\n|-damage|p1a: Ninetales|16\/100\n|-supereffective|p1a: Ninetales\n|-damage|p1a: Ninetales|0 fnt\n|faint|p1a: Ninetales\n|-hitcount|p1: Ninetales|3\n|\n|-weather|SunnyDay|[upkeep]\n|upkeep\n|\n|t:|1699978884\n|switch|p1a: Venusaur|Venusaur, M|100\/100\n|turn|5\n|\n|t:|1699978888\n|-terastallize|p2a: Torterra|Rock\n|move|p1a: Venusaur|Growth|p1a: Venusaur\n|-boost|p1a: Venusaur|atk|2\n|-boost|p1a: Venusaur|spa|2\n|move|p2a: Torterra|Headlong Rush|p1a: Venusaur\n|-damage|p1a: Venusaur|0 fnt\n|-unboost|p2a: Torterra|def|1\n|-unboost|p2a: Torterra|spd|1\n|faint|p1a: Venusaur\n|\n|-weather|SunnyDay|[upkeep]\n|upkeep\n|\n|t:|1699978900\n|switch|p1a: Dragonite|Dragonite, M|100\/100\n|turn|6\n|\n|t:|1699978908\n|move|p2a: Torterra|Rock Blast|p1a: Dragonite\n|-supereffective|p1a: Dragonite\n|-damage|p1a: Dragonite|71\/100\n|-supereffective|p1a: Dragonite\n|-damage|p1a: Dragonite|17\/100\n|-supereffective|p1a: Dragonite\n|-damage|p1a: Dragonite|0 fnt\n|faint|p1a: Dragonite\n|-hitcount|p1: Dragonite|3\n|\n|-weather|SunnyDay|[upkeep]\n|upkeep\n|\n|t:|1699978915\n|switch|p1a: Cloyster|Cloyster, M, shiny|100\/100\n|turn|7\n|\n|t:|1699978921\n|move|p2a: Torterra|Bullet Seed|p1a: Cloyster\n|-supereffective|p1a: Cloyster\n|-damage|p1a: Cloyster|58\/100\n|-supereffective|p1a: Cloyster\n|-damage|p1a: Cloyster|15\/100\n|-supereffective|p1a: Cloyster\n|-damage|p1a: Cloyster|0 fnt\n|faint|p1a: Cloyster\n|-hitcount|p1: Cloyster|3\n|\n|win|Dark Umbreon 08\n|raw|cjcleere's rating: 1072 &rarr; <strong>1047<\/strong><br \/>(-25 for losing)\n|raw|Dark Umbreon 08's rating: 1000 &rarr; <strong>1048<\/strong><br \/>(+48 for winning)\n|l|\u2606cjcleere\n","uploadtime":1699978932,"views":4,"p1id":"cjcleere","p2id":"darkumbreon08","formatid":"gen9nationaldex","rating":1047,"private":0,"password":""}