{"id":"gen9nationaldex-1998779073","p1":"donedealld","p2":"Greedy Monarch","format":"[Gen 9] National Dex","log":"|html|<div class=\"broadcast-blue\"><strong>[Gen 9] National Dex is currently suspecting Sneasler! For information on how to participate check out the <a href=\"https:\/\/www.smogon.com\/forums\/threads\/sv-national-dex-suspect-8-just-dance.3731534\/\">suspect thread<\/a>.<\/strong><\/div>\n|j|\u2606donedealld\n|j|\u2606Greedy Monarch\n|t:|1700989065\n|gametype|singles\n|player|p1|donedealld|102|1212\n|player|p2|Greedy Monarch|265|1173\n|teamsize|p1|6\n|teamsize|p2|6\n|gen|9\n|tier|[Gen 9] National Dex\n|rated|\n|rule|HP Percentage Mod: HP is shown in percentages\n|rule|Endless Battle Clause: Forcing endless battles is banned\n|rule|OHKO Clause: OHKO moves are banned\n|rule|Evasion Clause: Evasion abilities, items, and moves are banned\n|rule|Evasion Abilities Clause: Evasion abilities are banned\n|rule|Evasion Items Clause: Evasion items are banned\n|rule|Evasion Moves Clause: Evasion moves are banned\n|rule|Species Clause: Limit one of each Pok\u00e9mon\n|rule|Sleep Clause Mod: Limit one foe put to sleep\n|clearpoke\n|poke|p1|Chesnaught, M|\n|poke|p1|Tyrantrum, F|\n|poke|p1|Florges-Blue, F|\n|poke|p1|Dragalge, F|\n|poke|p1|Aegislash, F|\n|poke|p1|Talonflame, M|\n|poke|p2|Kleavor, M|\n|poke|p2|Scolipede, M|\n|poke|p2|Scizor, M|\n|poke|p2|Volcarona, F|\n|poke|p2|Buzzwole|\n|poke|p2|Vikavolt, M|\n|teampreview\n|inactive|Battle timer is ON: inactive players will automatically lose when time's up. (requested by donedealld)\n|\n|t:|1700989088\n|start\n|switch|p1a: Dragalge|Dragalge, F|100\/100\n|switch|p2a: Power-Trip|Vikavolt, M|100\/100\n|turn|1\n|\n|t:|1700989102\n|move|p1a: Dragalge|Draco Meteor|p2a: Power-Trip\n|-damage|p2a: Power-Trip|39\/100\n|-unboost|p1a: Dragalge|spa|2\n|move|p2a: Power-Trip|Hidden Power|p1a: Dragalge\n|-supereffective|p1a: Dragalge\n|-damage|p1a: Dragalge|66\/100\n|\n|-heal|p1a: Dragalge|72\/100|[from] item: Black Sludge\n|upkeep\n|turn|2\n|\n|t:|1700989110\n|move|p1a: Dragalge|Haze|p1a: Dragalge\n|-clearallboost\n|move|p2a: Power-Trip|Thunderbolt|p1a: Dragalge\n|-resisted|p1a: Dragalge\n|-damage|p1a: Dragalge|54\/100\n|\n|-heal|p1a: Dragalge|60\/100|[from] item: Black Sludge\n|upkeep\n|turn|3\n|\n|t:|1700989123\n|move|p1a: Dragalge|Draco Meteor|p2a: Power-Trip\n|-damage|p2a: Power-Trip|0 fnt\n|-unboost|p1a: Dragalge|spa|2\n|faint|p2a: Power-Trip\n|\n|-heal|p1a: Dragalge|66\/100|[from] item: Black Sludge\n|upkeep\n|\n|t:|1700989137\n|switch|p2a: Scorn|Scolipede, M|100\/100\n|turn|4\n|\n|t:|1700989141\n|move|p2a: Scorn|Earthquake|p1a: Dragalge\n|-supereffective|p1a: Dragalge\n|-damage|p1a: Dragalge|0 fnt\n|faint|p1a: Dragalge\n|\n|-ability|p2a: Scorn|Speed Boost|boost\n|-boost|p2a: Scorn|spe|1\n|upkeep\n|\n|t:|1700989144\n|switch|p1a: Tyrantrum|Tyrantrum, F|100\/100\n|turn|5\n|\n|t:|1700989149\n|switch|p1a: Talonflame|Talonflame, M|100\/100\n|move|p2a: Scorn|Protect||[still]\n|-fail|p2a: Scorn\n|\n|-ability|p2a: Scorn|Speed Boost|boost\n|-boost|p2a: Scorn|spe|1\n|upkeep\n|turn|6\n|\n|t:|1700989156\n|-terastallize|p2a: Scorn|Rock\n|move|p2a: Scorn|Swords Dance|p2a: Scorn\n|-boost|p2a: Scorn|atk|2\n|move|p1a: Talonflame|Will-O-Wisp|p2a: Scorn\n|-status|p2a: Scorn|brn\n|\n|-damage|p2a: Scorn|94\/100 brn|[from] brn\n|-ability|p2a: Scorn|Speed Boost|boost\n|-boost|p2a: Scorn|spe|1\n|upkeep\n|turn|7\n|\n|t:|1700989164\n|move|p2a: Scorn|Rock Slide|p1a: Talonflame\n|-supereffective|p1a: Talonflame\n|-damage|p1a: Talonflame|0 fnt\n|faint|p1a: Talonflame\n|\n|-damage|p2a: Scorn|88\/100 brn|[from] brn\n|-ability|p2a: Scorn|Speed Boost|boost\n|-boost|p2a: Scorn|spe|1\n|upkeep\n|\n|t:|1700989169\n|switch|p1a: Chesnaught|Chesnaught, M|100\/100\n|turn|8\n|\n|t:|1700989179\n|move|p2a: Scorn|Earthquake|p1a: Chesnaught\n|-resisted|p1a: Chesnaught\n|-damage|p1a: Chesnaught|92\/100\n|move|p1a: Chesnaught|Spikes|p2a: Scorn\n|-sidestart|p2: Greedy Monarch|Spikes\n|\n|-damage|p2a: Scorn|82\/100 brn|[from] brn\n|-ability|p2a: Scorn|Speed Boost|boost\n|-boost|p2a: Scorn|spe|1\n|upkeep\n|turn|9\n|\n|t:|1700989191\n|switch|p2a: West-Nile|Buzzwole|100\/100\n|-damage|p2a: West-Nile|88\/100|[from] Spikes\n|move|p1a: Chesnaught|Spikes|p2a: West-Nile\n|-sidestart|p2: Greedy Monarch|Spikes\n|\n|upkeep\n|turn|10\n|\n|t:|1700989209\n|-terastallize|p1a: Chesnaught|Steel\n|move|p2a: West-Nile|Power-Up Punch|p1a: Chesnaught\n|-supereffective|p1a: Chesnaught\n|-damage|p1a: Chesnaught|67\/100\n|-boost|p2a: West-Nile|atk|1\n|move|p1a: Chesnaught|Roar|p2a: West-Nile\n|drag|p2a: Kharn|Kleavor, M|100\/100\n|-damage|p2a: Kharn|84\/100|[from] Spikes\n|\n|upkeep\n|turn|11\n|\n|t:|1700989220\n|move|p2a: Kharn|Stone Axe|p1a: Chesnaught\n|-resisted|p1a: Chesnaught\n|-damage|p1a: Chesnaught|50\/100\n|-damage|p2a: Kharn|68\/100|[from] item: Rocky Helmet|[of] p1a: Chesnaught\n|-sidestart|p1: donedealld|move: Stealth Rock\n|move|p1a: Chesnaught|Body Press|p2a: Kharn\n|-damage|p2a: Kharn|11\/100\n|\n|upkeep\n|turn|12\n|\n|t:|1700989227\n|move|p2a: Kharn|Stone Axe|p1a: Chesnaught\n|-resisted|p1a: Chesnaught\n|-damage|p1a: Chesnaught|33\/100\n|-damage|p2a: Kharn|0 fnt|[from] item: Rocky Helmet|[of] p1a: Chesnaught\n|faint|p2a: Kharn\n|move|p1a: Chesnaught|Synthesis|p1a: Chesnaught\n|-heal|p1a: Chesnaught|83\/100\n|\n|upkeep\n|\n|t:|1700989235\n|switch|p2a: Sector|Scizor, M|100\/100\n|-damage|p2a: Sector|84\/100|[from] Spikes\n|turn|13\n|\n|t:|1700989240\n|detailschange|p2a: Sector|Scizor-Mega, M\n|-mega|p2a: Sector|Scizor|Scizorite\n|move|p2a: Sector|Defog|p1a: Chesnaught\n|-unboost|p1a: Chesnaught|evasion|1\n|-sideend|p1: donedealld|Stealth Rock|[from] move: Defog|[of] p2a: Sector\n|-sideend|p2: Greedy Monarch|Spikes|[from] move: Defog|[of] p2a: Sector\n|move|p1a: Chesnaught|Body Press|p2a: Sector\n|-damage|p2a: Sector|48\/100\n|\n|upkeep\n|turn|14\n|\n|t:|1700989256\n|move|p2a: Sector|Swords Dance|p2a: Sector\n|-boost|p2a: Sector|atk|2\n|move|p1a: Chesnaught|Spikes|p2a: Sector\n|-sidestart|p2: Greedy Monarch|Spikes\n|\n|upkeep\n|turn|15\n|\n|t:|1700989259\n|move|p2a: Sector|Brutal Swing|p1a: Chesnaught\n|-damage|p1a: Chesnaught|39\/100\n|-damage|p2a: Sector|31\/100|[from] item: Rocky Helmet|[of] p1a: Chesnaught\n|move|p1a: Chesnaught|Body Press|p2a: Sector\n|-damage|p2a: Sector|0 fnt\n|faint|p2a: Sector\n|\n|upkeep\n|\n|t:|1700989267\n|switch|p2a: West-Nile|Buzzwole|88\/100\n|-damage|p2a: West-Nile|76\/100|[from] Spikes\n|turn|16\n|\n|t:|1700989270\n|switch|p1a: Aegislash|Aegislash, F|100\/100\n|move|p2a: West-Nile|Drain Punch|p1a: Aegislash\n|-immune|p1a: Aegislash\n|\n|upkeep\n|turn|17\n|\n|t:|1700989278\n|switch|p2a: Scorn|Scolipede, M, tera:Rock|82\/100 brn\n|-damage|p2a: Scorn|70\/100 brn|[from] Spikes\n|move|p1a: Aegislash|Swords Dance|p1a: Aegislash\n|-boost|p1a: Aegislash|atk|2\n|\n|-damage|p2a: Scorn|64\/100 brn|[from] brn\n|upkeep\n|turn|18\n|\n|t:|1700989283\n|move|p2a: Scorn|Earthquake|p1a: Aegislash\n|-supereffective|p1a: Aegislash\n|-damage|p1a: Aegislash|75\/100\n|move|p1a: Aegislash|Swords Dance|p1a: Aegislash\n|-boost|p1a: Aegislash|atk|2\n|\n|-heal|p1a: Aegislash|81\/100|[from] item: Leftovers\n|-damage|p2a: Scorn|58\/100 brn|[from] brn\n|-ability|p2a: Scorn|Speed Boost|boost\n|-boost|p2a: Scorn|spe|1\n|upkeep\n|turn|19\n|\n|t:|1700989289\n|move|p2a: Scorn|Earthquake|p1a: Aegislash\n|-supereffective|p1a: Aegislash\n|-damage|p1a: Aegislash|56\/100\n|move|p1a: Aegislash|Swords Dance|p1a: Aegislash\n|-boost|p1a: Aegislash|atk|2\n|\n|-heal|p1a: Aegislash|63\/100|[from] item: Leftovers\n|-damage|p2a: Scorn|51\/100 brn|[from] brn\n|-ability|p2a: Scorn|Speed Boost|boost\n|-boost|p2a: Scorn|spe|1\n|upkeep\n|turn|20\n|\n|t:|1700989292\n|-formechange|p1a: Aegislash|Aegislash-Blade||[from] ability: Stance Change\n|move|p1a: Aegislash|Shadow Sneak|p2a: Scorn\n|-damage|p2a: Scorn|0 fnt\n|faint|p2a: Scorn\n|\n|-heal|p1a: Aegislash|69\/100|[from] item: Leftovers\n|upkeep\n|\n|t:|1700989294\n|switch|p2a: Vesta|Volcarona, F|100\/100\n|-damage|p2a: Vesta|88\/100|[from] Spikes\n|turn|21\n|\n|t:|1700989297\n|move|p1a: Aegislash|Shadow Sneak|p2a: Vesta\n|-damage|p2a: Vesta|0 fnt\n|faint|p2a: Vesta\n|\n|-heal|p1a: Aegislash|75\/100|[from] item: Leftovers\n|upkeep\n|inactive|Greedy Monarch has 120 seconds left.\n|inactive|Greedy Monarch has 90 seconds left.\n|inactive|Greedy Monarch has 60 seconds left.\n|inactive|Greedy Monarch has 30 seconds left.\n|inactive|Greedy Monarch has 20 seconds left.\n|inactive|Greedy Monarch has 15 seconds left.\n|inactive|Greedy Monarch has 10 seconds left.\n|inactive|Greedy Monarch has 5 seconds left.\n|-message|Greedy Monarch lost due to inactivity.\n|\n|win|donedealld\n|raw|donedealld's rating: 1212 &rarr; <strong>1234<\/strong><br \/>(+22 for winning)\n|raw|Greedy Monarch's rating: 1173 &rarr; <strong>1151<\/strong><br \/>(-22 for losing)\n|l|\u2606donedealld\n","uploadtime":1700989634,"views":1,"p1id":"donedealld","p2id":"greedymonarch","formatid":"gen9nationaldex","rating":1151,"private":0,"password":""}