{"id":"gen9nationaldex-1993885910","p1":"darknigdarken","p2":"Forbidden_Child-","format":"[Gen 9] National Dex","log":"|j|\u2606darknigdarken\n|j|\u2606Forbidden_Child-\n|t:|1700370096\n|gametype|singles\n|player|p1|darknigdarken|flannery|1111\n|player|p2|Forbidden_Child-|plasmagrunt-gen5bw|1189\n|teamsize|p1|6\n|teamsize|p2|6\n|gen|9\n|tier|[Gen 9] National Dex\n|rated|\n|rule|HP Percentage Mod: HP is shown in percentages\n|rule|Endless Battle Clause: Forcing endless battles is banned\n|rule|OHKO Clause: OHKO moves are banned\n|rule|Evasion Clause: Evasion abilities, items, and moves are banned\n|rule|Evasion Abilities Clause: Evasion abilities are banned\n|rule|Evasion Items Clause: Evasion items are banned\n|rule|Evasion Moves Clause: Evasion moves are banned\n|rule|Species Clause: Limit one of each Pok\u00e9mon\n|rule|Sleep Clause Mod: Limit one foe put to sleep\n|clearpoke\n|poke|p1|Pelipper, F|\n|poke|p1|Torkoal, F|\n|poke|p1|Tyranitar, F|\n|poke|p1|Floatzel, M|\n|poke|p1|Leafeon, M|\n|poke|p1|Drifblim, M|\n|poke|p2|Ferrothorn, M|\n|poke|p2|Goodra-Hisui, F|\n|poke|p2|Tangrowth, M|\n|poke|p2|Nidoking, M|\n|poke|p2|Sneasler, M|\n|poke|p2|Pinsir, F|\n|teampreview\n|\n|t:|1700370108\n|start\n|switch|p1a: Tyranitar|Tyranitar, F|100\/100\n|switch|p2a: Goodra|Goodra-Hisui, F|100\/100\n|-weather|Sandstorm|[from] ability: Sand Stream|[of] p1a: Tyranitar\n|turn|1\n|\n|t:|1700370115\n|move|p1a: Tyranitar|Fire Punch|p2a: Goodra\n|-damage|p2a: Goodra|74\/100\n|move|p2a: Goodra|Hydro Pump|p1a: Tyranitar\n|-supereffective|p1a: Tyranitar\n|-damage|p1a: Tyranitar|60\/100\n|\n|-weather|Sandstorm|[upkeep]\n|-heal|p1a: Tyranitar|67\/100|[from] item: Leftovers\n|upkeep\n|turn|2\n|\n|t:|1700370136\n|move|p1a: Tyranitar|Crunch|p2a: Goodra\n|-damage|p2a: Goodra|27\/100\n|-unboost|p2a: Goodra|def|1\n|move|p2a: Goodra|Thunderbolt|p1a: Tyranitar\n|-damage|p1a: Tyranitar|51\/100\n|\n|-weather|Sandstorm|[upkeep]\n|-heal|p1a: Tyranitar|57\/100|[from] item: Leftovers\n|upkeep\n|turn|3\n|\n|t:|1700370144\n|switch|p2a: Ferrothorn|Ferrothorn, M|100\/100\n|move|p1a: Tyranitar|Crunch|p2a: Ferrothorn\n|-damage|p2a: Ferrothorn|68\/100\n|-damage|p1a: Tyranitar|45\/100|[from] ability: Iron Barbs|[of] p2a: Ferrothorn\n|-damage|p1a: Tyranitar|28\/100|[from] item: Rocky Helmet|[of] p2a: Ferrothorn\n|\n|-weather|Sandstorm|[upkeep]\n|-heal|p1a: Tyranitar|34\/100|[from] item: Leftovers\n|upkeep\n|turn|4\n|\n|t:|1700370153\n|-terastallize|p2a: Ferrothorn|Fairy\n|move|p1a: Tyranitar|Fire Punch|p2a: Ferrothorn\n|-damage|p2a: Ferrothorn|48\/100\n|-status|p2a: Ferrothorn|brn\n|-damage|p1a: Tyranitar|22\/100|[from] ability: Iron Barbs|[of] p2a: Ferrothorn\n|-damage|p1a: Tyranitar|5\/100|[from] item: Rocky Helmet|[of] p2a: Ferrothorn\n|move|p2a: Ferrothorn|Gyro Ball|p1a: Tyranitar\n|-supereffective|p1a: Tyranitar\n|-damage|p1a: Tyranitar|0 fnt\n|faint|p1a: Tyranitar\n|\n|-weather|Sandstorm|[upkeep]\n|-damage|p2a: Ferrothorn|42\/100 brn|[from] Sandstorm\n|-damage|p2a: Ferrothorn|36\/100 brn|[from] brn\n|upkeep\n|\n|t:|1700370169\n|switch|p1a: Drifblim|Drifblim, M|100\/100\n|turn|5\n|\n|t:|1700370172\n|move|p1a: Drifblim|Calm Mind|p1a: Drifblim\n|-boost|p1a: Drifblim|spa|1\n|-boost|p1a: Drifblim|spd|1\n|move|p2a: Ferrothorn|Gyro Ball|p1a: Drifblim\n|-damage|p1a: Drifblim|61\/100\n|\n|-weather|none\n|-damage|p2a: Ferrothorn|30\/100 brn|[from] brn\n|upkeep\n|turn|6\n|\n|t:|1700370174\n|move|p1a: Drifblim|Shadow Ball|p2a: Ferrothorn\n|-damage|p2a: Ferrothorn|0 fnt\n|faint|p2a: Ferrothorn\n|\n|upkeep\n|\n|t:|1700370185\n|switch|p2a: Nidoking|Nidoking, M|100\/100\n|turn|7\n|\n|t:|1700370187\n|move|p2a: Nidoking|Ice Beam|p1a: Drifblim\n|-supereffective|p1a: Drifblim\n|-damage|p1a: Drifblim|0 fnt\n|faint|p1a: Drifblim\n|\n|upkeep\n|\n|t:|1700370198\n|switch|p1a: Pelipper|Pelipper, F|100\/100\n|-weather|RainDance|[from] ability: Drizzle|[of] p1a: Pelipper\n|turn|8\n|\n|t:|1700370202\n|switch|p2a: Goodra|Goodra-Hisui, F|27\/100\n|move|p1a: Pelipper|U-turn|p2a: Goodra\n|-resisted|p2a: Goodra\n|-damage|p2a: Goodra|23\/100\n|\n|t:|1700370206\n|switch|p1a: Floatzel|Floatzel, M|100\/100|[from] U-turn\n|\n|-weather|RainDance|[upkeep]\n|upkeep\n|turn|9\n|\n|t:|1700370210\n|switch|p2a: Tangrowth|Tangrowth, M|100\/100\n|move|p1a: Floatzel|Wave Crash|p2a: Tangrowth\n|-resisted|p2a: Tangrowth\n|-damage|p2a: Tangrowth|73\/100\n|-damage|p1a: Floatzel|84\/100|[from] item: Rocky Helmet|[of] p2a: Tangrowth\n|-damage|p1a: Floatzel|74\/100|[from] Recoil\n|\n|-weather|RainDance|[upkeep]\n|upkeep\n|turn|10\n|\n|t:|1700370220\n|move|p1a: Floatzel|Ice Spinner|p2a: Tangrowth\n|-supereffective|p2a: Tangrowth\n|-damage|p2a: Tangrowth|42\/100\n|-damage|p1a: Floatzel|58\/100|[from] item: Rocky Helmet|[of] p2a: Tangrowth\n|move|p2a: Tangrowth|Giga Drain|p1a: Floatzel\n|-supereffective|p1a: Floatzel\n|-damage|p1a: Floatzel|0 fnt\n|-heal|p2a: Tangrowth|68\/100|[from] drain|[of] p1a: Floatzel\n|faint|p1a: Floatzel\n|\n|-weather|RainDance|[upkeep]\n|upkeep\n|\n|t:|1700370225\n|switch|p1a: Pelipper|Pelipper, F|100\/100\n|turn|11\n|\n|t:|1700370230\n|move|p1a: Pelipper|Hurricane|p2a: Tangrowth\n|-supereffective|p2a: Tangrowth\n|-damage|p2a: Tangrowth|0 fnt\n|faint|p2a: Tangrowth\n|\n|-weather|RainDance|[upkeep]\n|upkeep\n|\n|t:|1700370235\n|switch|p2a: Goodra|Goodra-Hisui, F|23\/100\n|turn|12\n|\n|t:|1700370238\n|move|p1a: Pelipper|Hurricane|p2a: Goodra\n|-resisted|p2a: Goodra\n|-damage|p2a: Goodra|12\/100\n|-start|p2a: Goodra|confusion\n|-activate|p2a: Goodra|confusion\n|move|p2a: Goodra|Thunderbolt|p1a: Pelipper\n|-supereffective|p1a: Pelipper\n|-damage|p1a: Pelipper|0 fnt\n|faint|p1a: Pelipper\n|\n|-weather|RainDance|[upkeep]\n|upkeep\n|\n|t:|1700370242\n|switch|p1a: Torkoal|Torkoal, F|100\/100\n|-weather|SunnyDay|[from] ability: Drought|[of] p1a: Torkoal\n|turn|13\n|\n|t:|1700370253\n|-end|p2a: Goodra|confusion\n|move|p2a: Goodra|Thunderbolt|p1a: Torkoal\n|-damage|p1a: Torkoal|59\/100\n|-status|p1a: Torkoal|par\n|move|p1a: Torkoal|Stealth Rock|p2a: Goodra\n|-sidestart|p2: Forbidden_Child-|move: Stealth Rock\n|\n|-weather|SunnyDay|[upkeep]\n|upkeep\n|turn|14\n|\n|t:|1700370267\n|move|p2a: Goodra|Thunderbolt|p1a: Torkoal\n|-damage|p1a: Torkoal|21\/100 par\n|move|p1a: Torkoal|Lava Plume|p2a: Goodra\n|-damage|p2a: Goodra|0 fnt\n|faint|p2a: Goodra\n|\n|-weather|SunnyDay|[upkeep]\n|upkeep\n|\n|t:|1700370289\n|switch|p2a: Pinsir|Pinsir, F|100\/100\n|-damage|p2a: Pinsir|76\/100|[from] Stealth Rock\n|turn|15\n|\n|t:|1700370293\n|switch|p1a: Leafeon|Leafeon, M|100\/100\n|detailschange|p2a: Pinsir|Pinsir-Mega, F\n|-mega|p2a: Pinsir|Pinsir|Pinsirite\n|move|p2a: Pinsir|Quick Attack|p1a: Leafeon\n|-supereffective|p1a: Leafeon\n|-damage|p1a: Leafeon|47\/100\n|\n|-weather|SunnyDay|[upkeep]\n|upkeep\n|turn|16\n|\n|t:|1700370314\n|move|p2a: Pinsir|Quick Attack|p1a: Leafeon\n|-supereffective|p1a: Leafeon\n|-damage|p1a: Leafeon|0 fnt\n|faint|p1a: Leafeon\n|\n|-weather|SunnyDay|[upkeep]\n|upkeep\n|-message|darknigdarken forfeited.\n|\n|win|Forbidden_Child-\n|raw|darknigdarken's rating: 1111 &rarr; <strong>1092<\/strong><br \/>(-19 for losing)\n|raw|Forbidden_Child-'s rating: 1189 &rarr; <strong>1208<\/strong><br \/>(+19 for winning)\n|l|\u2606darknigdarken\n|l|\u2606Forbidden_Child-\n|j|\u2606Forbidden_Child-\n|player|p2|Forbidden_Child-|plasmagrunt-gen5bw\n","uploadtime":1700370440,"views":7,"p1id":"darknigdarken","p2id":"forbiddenchild","formatid":"gen9nationaldex","rating":1092,"private":0,"password":""}