{"id":"gen9nationaldex-1997626219","p1":"Gen 4 da best","p2":"TunraKing","format":"[Gen 9] National Dex","log":"|html|<div class=\"broadcast-blue\"><strong>[Gen 9] National Dex is currently suspecting Sneasler! For information on how to participate check out the <a href=\"https:\/\/www.smogon.com\/forums\/threads\/sv-national-dex-suspect-8-just-dance.3731534\/\">suspect thread<\/a>.<\/strong><\/div>\n|j|\u2606Gen 4 da best\n|j|\u203dTunraKing\n|t:|1700834660\n|gametype|singles\n|player|p1|Gen 4 da best|cynthia-gen7|\n|player|p2|TunraKing|veteran|\n|teamsize|p1|6\n|teamsize|p2|6\n|gen|9\n|tier|[Gen 9] National Dex\n|rule|HP Percentage Mod: HP is shown in percentages\n|rule|Endless Battle Clause: Forcing endless battles is banned\n|rule|OHKO Clause: OHKO moves are banned\n|rule|Evasion Clause: Evasion abilities, items, and moves are banned\n|rule|Evasion Abilities Clause: Evasion abilities are banned\n|rule|Evasion Items Clause: Evasion items are banned\n|rule|Evasion Moves Clause: Evasion moves are banned\n|rule|Species Clause: Limit one of each Pok\u00e9mon\n|rule|Sleep Clause Mod: Limit one foe put to sleep\n|clearpoke\n|poke|p1|Umbreon, F|\n|poke|p1|Tropius, M|\n|poke|p1|Blissey, F|\n|poke|p1|Ferrothorn, M|\n|poke|p1|Conkeldurr, M|\n|poke|p1|Kommo-o, M|\n|poke|p2|Ferrothorn, F|\n|poke|p2|Gastrodon, F|\n|poke|p2|Heatran, M|\n|poke|p2|Kommo-o, F|\n|poke|p2|Tapu Fini|\n|poke|p2|Tangrowth, F|\n|teampreview\n|c|\u2606Gen 4 da best|Don\u2019t lead Ferro\n|\n|t:|1700834714\n|start\n|switch|p1a: Conkeldurr|Conkeldurr, M|100\/100\n|switch|p2a: Tangrowth|Tangrowth, F, shiny|100\/100\n|turn|1\n|\n|t:|1700834723\n|move|p2a: Tangrowth|Earthquake|p1a: Conkeldurr\n|-damage|p1a: Conkeldurr|76\/100\n|move|p1a: Conkeldurr|Ice Punch|p2a: Tangrowth\n|-supereffective|p2a: Tangrowth\n|-damage|p2a: Tangrowth|37\/100\n|-status|p2a: Tangrowth|frz\n|-damage|p1a: Conkeldurr|66\/100|[from] item: Life Orb\n|\n|upkeep\n|turn|2\n|c|\u2606Gen 4 da best|Skill issue\n|\n|t:|1700834734\n|switch|p2a: Gastrodon|Gastrodon, F, shiny|100\/100\n|move|p1a: Conkeldurr|Drain Punch|p2a: Gastrodon\n|-damage|p2a: Gastrodon|51\/100\n|-heal|p1a: Conkeldurr|95\/100|[from] drain|[of] p2a: Gastrodon\n|-damage|p1a: Conkeldurr|85\/100|[from] item: Life Orb\n|\n|upkeep\n|turn|3\n|\n|t:|1700834745\n|move|p1a: Conkeldurr|Drain Punch|p2a: Gastrodon\n|-damage|p2a: Gastrodon|0 fnt\n|-heal|p1a: Conkeldurr|100\/100|[from] drain|[of] p2a: Gastrodon\n|faint|p2a: Gastrodon\n|-damage|p1a: Conkeldurr|91\/100|[from] item: Life Orb\n|\n|upkeep\n|\n|t:|1700834755\n|switch|p2a: Tapu Fini|Tapu Fini, shiny|100\/100\n|-fieldstart|move: Misty Terrain|[from] ability: Misty Surge|[of] p2a: Tapu Fini\n|turn|4\n|\n|t:|1700834762\n|switch|p1a: Ferrothorn|Ferrothorn, M|100\/100\n|move|p2a: Tapu Fini|Nature's Madness|p1a: Ferrothorn\n|-damage|p1a: Ferrothorn|51\/100\n|\n|-heal|p1a: Ferrothorn|57\/100|[from] item: Leftovers\n|upkeep\n|turn|5\n|c|\u2606Gen 4 da best|Do something\n|l|\u2606Gen 4 da best\n|player|p1|\n|j|\u2606Gen 4 da best\n|player|p1|Gen 4 da best|cynthia-gen7\n|inactive|Battle timer is ON: inactive players will automatically lose when time's up. (requested by Gen 4 da best)\n|inactive|TunraKing has 270 seconds left.\n|inactive|TunraKing has 240 seconds left.\n|\n|t:|1700834952\n|switch|p1a: Conkeldurr|Conkeldurr, M|91\/100\n|move|p2a: Tapu Fini|Moonblast|p1a: Conkeldurr\n|-supereffective|p1a: Conkeldurr\n|-damage|p1a: Conkeldurr|14\/100\n|\n|upkeep\n|turn|6\n|inactive|TunraKing has 270 seconds left.\n|c|\u2606Gen 4 da best|Why tho\n|\n|t:|1700834979\n|switch|p1a: Blissey|Blissey, F|100\/100\n|move|p2a: Tapu Fini|Moonblast|p1a: Blissey\n|-damage|p1a: Blissey|90\/100\n|\n|-heal|p1a: Blissey|96\/100|[from] item: Leftovers\n|upkeep\n|turn|7\n|inactive|TunraKing has 270 seconds left.\n|\n|t:|1700834990\n|move|p2a: Tapu Fini|Nature's Madness|p1a: Blissey\n|-damage|p1a: Blissey|48\/100\n|move|p1a: Blissey|Wish|p1a: Blissey\n|\n|-heal|p1a: Blissey|54\/100|[from] item: Leftovers\n|upkeep\n|turn|8\n|inactive|TunraKing has 270 seconds left.\n|\n|t:|1700835001\n|switch|p1a: Conkeldurr|Conkeldurr, M|14\/100\n|move|p2a: Tapu Fini|Taunt|p1a: Conkeldurr\n|-start|p1a: Conkeldurr|move: Taunt\n|\n|-heal|p1a: Conkeldurr|100\/100|[from] move: Wish|[wisher] Blissey\n|-fieldend|Misty Terrain\n|upkeep\n|turn|9\n|inactive|TunraKing has 270 seconds left.\n|c|\u2606Gen 4 da best|Ok\n|\n|t:|1700835013\n|switch|p1a: Tropius|Tropius, M|100\/100\n|move|p2a: Tapu Fini|Moonblast|p1a: Tropius\n|-damage|p1a: Tropius|73\/100\n|\n|upkeep\n|turn|10\n|inactive|TunraKing has 270 seconds left.\n|\n|t:|1700835025\n|switch|p2a: Heatran|Heatran, M, shiny|100\/100\n|move|p1a: Tropius|Leech Seed|p2a: Heatran\n|-start|p2a: Heatran|move: Leech Seed\n|\n|-damage|p2a: Heatran|88\/100|[from] Leech Seed|[of] p1a: Tropius\n|-heal|p1a: Tropius|85\/100|[silent]\n|upkeep\n|turn|11\n|inactive|TunraKing has 270 seconds left.\n|\n|t:|1700835053\n|switch|p1a: Kommo-o|Kommo-o, M|100\/100\n|move|p2a: Heatran|Magma Storm|p1a: Kommo-o|[miss]\n|-miss|p2a: Heatran|p1a: Kommo-o\n|\n|-heal|p2a: Heatran|94\/100|[from] item: Leftovers\n|-damage|p2a: Heatran|82\/100|[from] Leech Seed|[of] p1a: Kommo-o\n|upkeep\n|turn|12\n|inactive|TunraKing has 270 seconds left.\n|\n|t:|1700835079\n|move|p1a: Kommo-o|Clangorous Soul|p1a: Kommo-o\n|-boost|p1a: Kommo-o|atk|1\n|-boost|p1a: Kommo-o|def|1\n|-boost|p1a: Kommo-o|spa|1\n|-boost|p1a: Kommo-o|spd|1\n|-boost|p1a: Kommo-o|spe|1\n|-damage|p1a: Kommo-o|68\/100\n|-enditem|p1a: Kommo-o|Throat Spray\n|-boost|p1a: Kommo-o|spa|1|[from] item: Throat Spray\n|move|p2a: Heatran|Toxic|p1a: Kommo-o\n|-status|p1a: Kommo-o|tox\n|\n|-heal|p2a: Heatran|88\/100|[from] item: Leftovers\n|-damage|p2a: Heatran|76\/100|[from] Leech Seed|[of] p1a: Kommo-o\n|-heal|p1a: Kommo-o|84\/100 tox|[silent]\n|-damage|p1a: Kommo-o|78\/100 tox|[from] psn\n|upkeep\n|turn|13\n|inactive|Gen 4 da best has 270 seconds left.\n|\n|t:|1700835122\n|move|p1a: Kommo-o|Aura Sphere|p2a: Heatran\n|-supereffective|p2a: Heatran\n|-damage|p2a: Heatran|0 fnt\n|faint|p2a: Heatran\n|\n|-damage|p1a: Kommo-o|65\/100 tox|[from] psn\n|upkeep\n|c|\u2606Gen 4 da best|Motherballsacksucker\n|\n|t:|1700835137\n|switch|p2a: Tapu Fini|Tapu Fini, shiny|100\/100\n|-fieldstart|move: Misty Terrain|[from] ability: Misty Surge|[of] p2a: Tapu Fini\n|turn|14\n|inactive|Gen 4 da best has 240 seconds left.\n|\n|t:|1700835171\n|move|p1a: Kommo-o|Flash Cannon|p2a: Tapu Fini\n|-damage|p2a: Tapu Fini|72\/100\n|move|p2a: Tapu Fini|Moonblast|p1a: Kommo-o\n|-supereffective|p1a: Kommo-o\n|-damage|p1a: Kommo-o|0 fnt\n|faint|p1a: Kommo-o\n|\n|-heal|p2a: Tapu Fini|78\/100|[from] item: Leftovers\n|upkeep\n|inactive|Gen 4 da best has 240 seconds left.\n|\n|t:|1700835179\n|switch|p1a: Ferrothorn|Ferrothorn, M|57\/100\n|turn|15\n|\n|t:|1700835188\n|switch|p2a: Ferrothorn|Ferrothorn, F, shiny|100\/100\n|move|p1a: Ferrothorn|Leech Seed|p2a: Ferrothorn\n|-immune|p2a: Ferrothorn\n|\n|-heal|p1a: Ferrothorn|63\/100|[from] item: Leftovers\n|upkeep\n|turn|16\n|inactive|Gen 4 da best has 240 seconds left.\n|\n|t:|1700835222\n|move|p1a: Ferrothorn|Protect|p1a: Ferrothorn\n|-singleturn|p1a: Ferrothorn|Protect\n|move|p2a: Ferrothorn|Gyro Ball|p1a: Ferrothorn\n|-activate|p1a: Ferrothorn|move: Protect\n|\n|-heal|p1a: Ferrothorn|69\/100|[from] item: Leftovers\n|upkeep\n|turn|17\n|\n|t:|1700835230\n|move|p1a: Ferrothorn|Leech Seed|p2a: Ferrothorn\n|-immune|p2a: Ferrothorn\n|move|p2a: Ferrothorn|Gyro Ball|p1a: Ferrothorn\n|-resisted|p1a: Ferrothorn\n|-damage|p1a: Ferrothorn|66\/100\n|-damage|p2a: Ferrothorn|88\/100|[from] ability: Iron Barbs|[of] p1a: Ferrothorn\n|\n|-heal|p2a: Ferrothorn|94\/100|[from] item: Leftovers\n|-heal|p1a: Ferrothorn|72\/100|[from] item: Leftovers\n|upkeep\n|turn|18\n|inactive|Gen 4 da best has 240 seconds left.\n|inactive|TunraKing has 270 seconds left.\n|\n|t:|1700835248\n|switch|p2a: Kommo-o|Kommo-o, F|100\/100\n|move|p1a: Ferrothorn|Leech Seed|p2a: Kommo-o|[miss]\n|-miss|p1a: Ferrothorn|p2a: Kommo-o\n|\n|-heal|p1a: Ferrothorn|78\/100|[from] item: Leftovers\n|-fieldend|Misty Terrain\n|upkeep\n|turn|19\n|inactive|Gen 4 da best has 240 seconds left.\n|\n|t:|1700835286\n|move|p2a: Kommo-o|Flamethrower|p1a: Ferrothorn\n|-supereffective|p1a: Ferrothorn\n|-damage|p1a: Ferrothorn|0 fnt\n|faint|p1a: Ferrothorn\n|-damage|p2a: Kommo-o|91\/100|[from] item: Life Orb\n|\n|upkeep\n|c|\u2606Gen 4 da best|What kind of shit is that\n|inactive|Gen 4 da best has 210 seconds left.\n|\n|t:|1700835298\n|switch|p1a: Conkeldurr|Conkeldurr, M|100\/100\n|turn|20\n|\n|t:|1700835304\n|switch|p2a: Tapu Fini|Tapu Fini, shiny|78\/100\n|-fieldstart|move: Misty Terrain|[from] ability: Misty Surge|[of] p2a: Tapu Fini\n|move|p1a: Conkeldurr|Ice Punch|p2a: Tapu Fini\n|-resisted|p2a: Tapu Fini\n|-crit|p2a: Tapu Fini\n|-damage|p2a: Tapu Fini|44\/100\n|-damage|p1a: Conkeldurr|91\/100|[from] item: Life Orb\n|\n|-heal|p2a: Tapu Fini|50\/100|[from] item: Leftovers\n|upkeep\n|turn|21\n|\n|t:|1700835317\n|switch|p1a: Blissey|Blissey, F|54\/100\n|move|p2a: Tapu Fini|Moonblast|p1a: Blissey\n|-damage|p1a: Blissey|42\/100\n|\n|-heal|p2a: Tapu Fini|56\/100|[from] item: Leftovers\n|-heal|p1a: Blissey|48\/100|[from] item: Leftovers\n|upkeep\n|turn|22\n|\n|t:|1700835332\n|move|p2a: Tapu Fini|Nature's Madness|p1a: Blissey\n|-damage|p1a: Blissey|24\/100\n|move|p1a: Blissey|Wish|p1a: Blissey\n|\n|-heal|p2a: Tapu Fini|62\/100|[from] item: Leftovers\n|-heal|p1a: Blissey|31\/100|[from] item: Leftovers\n|upkeep\n|turn|23\n|inactive|Gen 4 da best has 210 seconds left.\n|\n|t:|1700835377\n|move|p2a: Tapu Fini|Nature's Madness|p1a: Blissey\n|-damage|p1a: Blissey|16\/100\n|move|p1a: Blissey|Seismic Toss|p2a: Tapu Fini\n|-damage|p2a: Tapu Fini|33\/100\n|\n|-heal|p1a: Blissey|66\/100|[from] move: Wish|[wisher] Blissey\n|-heal|p2a: Tapu Fini|39\/100|[from] item: Leftovers\n|-heal|p1a: Blissey|72\/100|[from] item: Leftovers\n|upkeep\n|turn|24\n|c|\u2606Gen 4 da best|Bliss throws more hands than fini\n|\n|t:|1700835397\n|switch|p2a: Kommo-o|Kommo-o, F|91\/100\n|move|p1a: Blissey|Seismic Toss|p2a: Kommo-o\n|-damage|p2a: Kommo-o|56\/100\n|\n|-heal|p1a: Blissey|78\/100|[from] item: Leftovers\n|-fieldend|Misty Terrain\n|upkeep\n|turn|25\n|\n|t:|1700835407\n|move|p2a: Kommo-o|Stealth Rock|p1a: Blissey\n|-sidestart|p1: Gen 4 da best|move: Stealth Rock\n|move|p1a: Blissey|Thunder Wave|p2a: Kommo-o\n|-status|p2a: Kommo-o|par\n|\n|-heal|p1a: Blissey|84\/100|[from] item: Leftovers\n|upkeep\n|turn|26\n|\n|t:|1700835416\n|switch|p2a: Tangrowth|Tangrowth, F, shiny|70\/100 frz\n|move|p1a: Blissey|Seismic Toss|p2a: Tangrowth\n|-damage|p2a: Tangrowth|45\/100 frz\n|\n|-heal|p1a: Blissey|90\/100|[from] item: Leftovers\n|upkeep\n|turn|27\n|c|\u2606Gen 4 da best|What kind of shitset is that\n|\n|t:|1700835430\n|move|p1a: Blissey|Seismic Toss|p2a: Tangrowth\n|-damage|p2a: Tangrowth|21\/100 frz\n|cant|p2a: Tangrowth|frz\n|\n|-heal|p1a: Blissey|96\/100|[from] item: Leftovers\n|upkeep\n|turn|28\n|\n|t:|1700835439\n|move|p1a: Blissey|Seismic Toss|p2a: Tangrowth\n|-damage|p2a: Tangrowth|0 fnt\n|faint|p2a: Tangrowth\n|\n|-heal|p1a: Blissey|100\/100|[from] item: Leftovers\n|upkeep\n|\n|t:|1700835450\n|switch|p2a: Ferrothorn|Ferrothorn, F, shiny|94\/100\n|turn|29\n|inactive|Gen 4 da best has 240 seconds left.\n|\n|t:|1700835476\n|move|p1a: Blissey|Wish|p1a: Blissey\n|move|p2a: Ferrothorn|Leech Seed|p1a: Blissey|[miss]\n|-miss|p2a: Ferrothorn|p1a: Blissey\n|\n|-heal|p2a: Ferrothorn|100\/100|[from] item: Leftovers\n|upkeep\n|turn|30\n|\n|t:|1700835487\n|switch|p1a: Tropius|Tropius, M|85\/100\n|-damage|p1a: Tropius|61\/100|[from] Stealth Rock\n|move|p2a: Ferrothorn|Leech Seed|p1a: Tropius\n|-immune|p1a: Tropius\n|\n|-heal|p1a: Tropius|100\/100|[from] move: Wish|[wisher] Blissey\n|upkeep\n|turn|31\n|\n|t:|1700835510\n|move|p1a: Tropius|Defog|p2a: Ferrothorn\n|-unboost|p2a: Ferrothorn|evasion|1\n|-sideend|p1: Gen 4 da best|Stealth Rock|[from] move: Defog|[of] p1a: Tropius\n|move|p2a: Ferrothorn|Stealth Rock|p1a: Tropius\n|-sidestart|p1: Gen 4 da best|move: Stealth Rock\n|\n|upkeep\n|turn|32\n|\n|t:|1700835519\n|switch|p2a: Tapu Fini|Tapu Fini, shiny|39\/100\n|-fieldstart|move: Misty Terrain|[from] ability: Misty Surge|[of] p2a: Tapu Fini\n|move|p1a: Tropius|Defog|p2a: Tapu Fini\n|-unboost|p2a: Tapu Fini|evasion|1\n|-sideend|p1: Gen 4 da best|Stealth Rock|[from] move: Defog|[of] p1a: Tropius\n|-fieldend|Misty Terrain\n|\n|-heal|p2a: Tapu Fini|46\/100|[from] item: Leftovers\n|upkeep\n|turn|33\n|\n|t:|1700835533\n|move|p2a: Tapu Fini|Nature's Madness|p1a: Tropius\n|-damage|p1a: Tropius|51\/100\n|move|p1a: Tropius|Leech Seed|p2a: Tapu Fini\n|-start|p2a: Tapu Fini|move: Leech Seed\n|\n|-heal|p2a: Tapu Fini|52\/100|[from] item: Leftovers\n|-damage|p2a: Tapu Fini|39\/100|[from] Leech Seed|[of] p1a: Tropius\n|-heal|p1a: Tropius|62\/100|[silent]\n|upkeep\n|turn|34\n|inactive|Gen 4 da best has 240 seconds left.\n|\n|t:|1700835579\n|move|p2a: Tapu Fini|Nature's Madness|p1a: Tropius\n|-damage|p1a: Tropius|31\/100\n|-enditem|p1a: Tropius|Sitrus Berry|[eat]\n|-heal|p1a: Tropius|56\/100|[from] item: Sitrus Berry\n|move|p1a: Tropius|Giga Drain|p2a: Tapu Fini\n|-supereffective|p2a: Tapu Fini\n|-damage|p2a: Tapu Fini|7\/100\n|-heal|p1a: Tropius|71\/100|[from] drain|[of] p2a: Tapu Fini\n|\n|-heal|p2a: Tapu Fini|13\/100|[from] item: Leftovers\n|-damage|p2a: Tapu Fini|1\/100|[from] Leech Seed|[of] p1a: Tropius\n|-heal|p1a: Tropius|82\/100|[silent]\n|-item|p1a: Tropius|Sitrus Berry|[from] ability: Harvest\n|upkeep\n|turn|35\n|c|\u2606Gen 4 da best|:)\n|\n|t:|1700835606\n|move|p2a: Tapu Fini|Nature's Madness|p1a: Tropius\n|-damage|p1a: Tropius|41\/100\n|-enditem|p1a: Tropius|Sitrus Berry|[eat]\n|-heal|p1a: Tropius|66\/100|[from] item: Sitrus Berry\n|move|p1a: Tropius|Defog|p2a: Tapu Fini\n|-unboost|p2a: Tapu Fini|evasion|1\n|\n|-heal|p2a: Tapu Fini|7\/100|[from] item: Leftovers\n|-damage|p2a: Tapu Fini|0 fnt|[from] Leech Seed|[of] p1a: Tropius\n|-heal|p1a: Tropius|72\/100|[silent]\n|faint|p2a: Tapu Fini\n|-item|p1a: Tropius|Sitrus Berry|[from] ability: Harvest\n|upkeep\n|inactive|TunraKing has 270 seconds left.\n|c|\u2606Gen 4 da best|:)))\n|\n|t:|1700835620\n|switch|p2a: Ferrothorn|Ferrothorn, F, shiny|100\/100\n|turn|36\n|\n|t:|1700835628\n|switch|p1a: Conkeldurr|Conkeldurr, M|91\/100\n|move|p2a: Ferrothorn|Stealth Rock|p1a: Conkeldurr\n|-sidestart|p1: Gen 4 da best|move: Stealth Rock\n|\n|upkeep\n|turn|37\n|c|\u2606Gen 4 da best|S l a p\n|\n|t:|1700835638\n|move|p1a: Conkeldurr|Drain Punch|p2a: Ferrothorn\n|-supereffective|p2a: Ferrothorn\n|-damage|p2a: Ferrothorn|23\/100\n|-heal|p1a: Conkeldurr|100\/100|[from] drain|[of] p2a: Ferrothorn\n|-damage|p1a: Conkeldurr|88\/100|[from] ability: Iron Barbs|[of] p2a: Ferrothorn\n|-damage|p1a: Conkeldurr|78\/100|[from] item: Life Orb\n|move|p2a: Ferrothorn|Leech Seed|p1a: Conkeldurr\n|-start|p1a: Conkeldurr|move: Leech Seed\n|\n|-heal|p2a: Ferrothorn|29\/100|[from] item: Leftovers\n|-damage|p1a: Conkeldurr|66\/100|[from] Leech Seed|[of] p2a: Ferrothorn\n|-heal|p2a: Ferrothorn|42\/100|[silent]\n|upkeep\n|turn|38\n|inactive|Gen 4 da best has 240 seconds left.\n|\n|t:|1700835653\n|switch|p2a: Kommo-o|Kommo-o, F|56\/100 par\n|move|p1a: Conkeldurr|Drain Punch|p2a: Kommo-o\n|-damage|p2a: Kommo-o|0 fnt\n|-heal|p1a: Conkeldurr|88\/100|[from] drain|[of] p2a: Kommo-o\n|faint|p2a: Kommo-o\n|-damage|p1a: Conkeldurr|78\/100|[from] item: Life Orb\n|\n|upkeep\n|c|\u2606Gen 4 da best|Yum\n|\n|t:|1700835663\n|switch|p2a: Ferrothorn|Ferrothorn, F, shiny|42\/100\n|turn|39\n|\n|t:|1700835676\n|-terastallize|p2a: Ferrothorn|Water\n|move|p1a: Conkeldurr|Drain Punch|p2a: Ferrothorn\n|-damage|p2a: Ferrothorn|2\/100\n|-heal|p1a: Conkeldurr|97\/100|[from] drain|[of] p2a: Ferrothorn\n|-damage|p1a: Conkeldurr|85\/100|[from] ability: Iron Barbs|[of] p2a: Ferrothorn\n|-damage|p1a: Conkeldurr|75\/100|[from] item: Life Orb\n|move|p2a: Ferrothorn|Power Whip|p1a: Conkeldurr\n|-damage|p1a: Conkeldurr|43\/100\n|\n|-heal|p2a: Ferrothorn|8\/100|[from] item: Leftovers\n|-damage|p1a: Conkeldurr|31\/100|[from] Leech Seed|[of] p2a: Ferrothorn\n|-heal|p2a: Ferrothorn|21\/100|[silent]\n|upkeep\n|turn|40\n|c|\u2606Gen 4 da best|Oh ok\n|\n|t:|1700835694\n|switch|p1a: Tropius|Tropius, M|72\/100\n|-damage|p1a: Tropius|47\/100|[from] Stealth Rock\n|-enditem|p1a: Tropius|Sitrus Berry|[eat]\n|-heal|p1a: Tropius|72\/100|[from] item: Sitrus Berry\n|move|p2a: Ferrothorn|Gyro Ball|p1a: Tropius\n|-damage|p1a: Tropius|45\/100\n|\n|-heal|p2a: Ferrothorn|27\/100|[from] item: Leftovers\n|upkeep\n|turn|41\n|\n|t:|1700835708\n|move|p1a: Tropius|Synthesis|p1a: Tropius\n|-heal|p1a: Tropius|95\/100\n|move|p2a: Ferrothorn|Gyro Ball|p1a: Tropius\n|-crit|p1a: Tropius\n|-damage|p1a: Tropius|53\/100\n|\n|-heal|p2a: Ferrothorn|34\/100|[from] item: Leftovers\n|-item|p1a: Tropius|Sitrus Berry|[from] ability: Harvest\n|upkeep\n|turn|42\n|c|\u2606Gen 4 da best|What does dying mean\n|inactive|TunraKing has 270 seconds left.\n|c|\u2606Gen 4 da best|Tropius Knows Not\n|\n|t:|1700835736\n|move|p1a: Tropius|Leech Seed|p2a: Ferrothorn|[miss]\n|-miss|p1a: Tropius|p2a: Ferrothorn\n|move|p2a: Ferrothorn|Gyro Ball|p1a: Tropius\n|-damage|p1a: Tropius|26\/100\n|-enditem|p1a: Tropius|Sitrus Berry|[eat]\n|-heal|p1a: Tropius|50\/100|[from] item: Sitrus Berry\n|\n|-heal|p2a: Ferrothorn|40\/100|[from] item: Leftovers\n|upkeep\n|turn|43\n|\n|t:|1700835751\n|move|p1a: Tropius|Synthesis|p1a: Tropius\n|-heal|p1a: Tropius|99\/100\n|move|p2a: Ferrothorn|Gyro Ball|p1a: Tropius\n|-damage|p1a: Tropius|71\/100\n|\n|-heal|p2a: Ferrothorn|46\/100|[from] item: Leftovers\n|upkeep\n|turn|44\n|inactive|Gen 4 da best has 270 seconds left.\n|\n|t:|1700835762\n|move|p1a: Tropius|Leech Seed|p2a: Ferrothorn\n|-start|p2a: Ferrothorn|move: Leech Seed\n|move|p2a: Ferrothorn|Gyro Ball|p1a: Tropius\n|-damage|p1a: Tropius|45\/100\n|\n|-heal|p2a: Ferrothorn|52\/100|[from] item: Leftovers\n|-damage|p2a: Ferrothorn|40\/100|[from] Leech Seed|[of] p1a: Tropius\n|-heal|p1a: Tropius|56\/100|[silent]\n|upkeep\n|turn|45\n|inactive|Gen 4 da best has 270 seconds left.\n|\n|t:|1700835772\n|move|p1a: Tropius|Giga Drain|p2a: Ferrothorn\n|-supereffective|p2a: Ferrothorn\n|-damage|p2a: Ferrothorn|0 fnt\n|-heal|p1a: Tropius|75\/100|[from] drain|[of] p2a: Ferrothorn\n|faint|p2a: Ferrothorn\n|\n|win|Gen 4 da best\n|c|\u2606Gen 4 da best|Balls\n|l|\u2606Gen 4 da best\n","uploadtime":1700835782,"views":0,"p1id":"gen4dabest","p2id":"tunraking","formatid":"gen9nationaldex","rating":0,"private":0,"password":""}