{"id":"gen9nationaldex-2000532584","p1":"Sprocket0835","p2":"JustLikeLokix","format":"[Gen 9] National Dex","log":"|html|<div class=\"broadcast-blue\"><strong>[Gen 9] National Dex is currently suspecting Sneasler! For information on how to participate check out the <a href=\"https:\/\/www.smogon.com\/forums\/threads\/sv-national-dex-suspect-8-just-dance.3731534\/\">suspect thread<\/a>.<\/strong><\/div>\n|j|\u2606Sprocket0835\n|j|\u2606JustLikeLokix\n|t:|1701202863\n|gametype|singles\n|player|p1|Sprocket0835|lucas|1374\n|player|p2|JustLikeLokix|ingo|1370\n|teamsize|p1|6\n|teamsize|p2|6\n|gen|9\n|tier|[Gen 9] National Dex\n|rated|\n|rule|HP Percentage Mod: HP is shown in percentages\n|rule|Endless Battle Clause: Forcing endless battles is banned\n|rule|OHKO Clause: OHKO moves are banned\n|rule|Evasion Clause: Evasion abilities, items, and moves are banned\n|rule|Evasion Abilities Clause: Evasion abilities are banned\n|rule|Evasion Items Clause: Evasion items are banned\n|rule|Evasion Moves Clause: Evasion moves are banned\n|rule|Species Clause: Limit one of each Pok\u00e9mon\n|rule|Sleep Clause Mod: Limit one foe put to sleep\n|clearpoke\n|poke|p1|Kommo-o, F|\n|poke|p1|Charizard, F|\n|poke|p1|Lilligant-Hisui, F|\n|poke|p1|Gliscor, F|\n|poke|p1|Clefable, M|\n|poke|p1|Ogerpon-Wellspring, F|\n|poke|p2|Kartana|\n|poke|p2|Greninja-*, M|\n|poke|p2|Garchomp, F|\n|poke|p2|Garganacl, M|\n|poke|p2|Scizor, M|\n|poke|p2|Corviknight, M|\n|teampreview\n|inactive|Battle timer is ON: inactive players will automatically lose when time's up. (requested by JustLikeLokix)\n|c|\u2606JustLikeLokix|glhf\n|\n|t:|1701202886\n|start\n|switch|p1a: Clefable|Clefable, M|100\/100\n|switch|p2a: Raiden|Greninja, M, shiny|100\/100\n|turn|1\n|\n|t:|1701202892\n|move|p2a: Raiden|Hydro Pump|p1a: Clefable\n|-start|p2a: Raiden|typechange|Water|[from] ability: Protean\n|-damage|p1a: Clefable|34\/100\n|move|p1a: Clefable|Stealth Rock|p2a: Raiden\n|-sidestart|p2: JustLikeLokix|move: Stealth Rock\n|\n|-heal|p1a: Clefable|40\/100|[from] item: Leftovers\n|upkeep\n|turn|2\n|\n|t:|1701202900\n|switch|p2a: Monsoon|Scizor, M|100\/100\n|-damage|p2a: Monsoon|88\/100|[from] Stealth Rock\n|switch|p1a: Ogerpon|Ogerpon-Wellspring, F|100\/100\n|\n|upkeep\n|turn|3\n|\n|t:|1701202907\n|switch|p1a: Gliscor|Gliscor, F|100\/100\n|detailschange|p2a: Monsoon|Scizor-Mega, M\n|-mega|p2a: Monsoon|Scizor|Scizorite\n|move|p2a: Monsoon|Dual Wingbeat|p1a: Gliscor\n|-damage|p1a: Gliscor|78\/100\n|-damage|p1a: Gliscor|58\/100\n|-hitcount|p1a: Gliscor|2\n|\n|-status|p1a: Gliscor|tox|[from] item: Toxic Orb\n|upkeep\n|turn|4\n|\n|t:|1701202915\n|move|p1a: Gliscor|Earthquake|p2a: Monsoon\n|-damage|p2a: Monsoon|62\/100\n|move|p2a: Monsoon|Dual Wingbeat|p1a: Gliscor\n|-damage|p1a: Gliscor|38\/100 tox\n|-damage|p1a: Gliscor|17\/100 tox\n|-hitcount|p1a: Gliscor|2\n|\n|-heal|p1a: Gliscor|30\/100 tox|[from] ability: Poison Heal\n|upkeep\n|turn|5\n|\n|t:|1701202932\n|move|p1a: Gliscor|Roost|p1a: Gliscor\n|-heal|p1a: Gliscor|80\/100 tox\n|-singleturn|p1a: Gliscor|move: Roost\n|move|p2a: Monsoon|Swords Dance|p2a: Monsoon\n|-boost|p2a: Monsoon|atk|2\n|\n|-heal|p1a: Gliscor|92\/100 tox|[from] ability: Poison Heal\n|upkeep\n|turn|6\n|\n|t:|1701202942\n|switch|p1a: Clefable|Clefable, M|40\/100\n|move|p2a: Monsoon|Swords Dance|p2a: Monsoon\n|-boost|p2a: Monsoon|atk|2\n|\n|-heal|p1a: Clefable|46\/100|[from] item: Leftovers\n|upkeep\n|turn|7\n|\n|t:|1701202944\n|move|p2a: Monsoon|Bullet Punch|p1a: Clefable\n|-supereffective|p1a: Clefable\n|-damage|p1a: Clefable|0 fnt\n|faint|p1a: Clefable\n|\n|upkeep\n|\n|t:|1701202946\n|switch|p1a: Charizard|Charizard, F|100\/100\n|turn|8\n|\n|t:|1701202954\n|detailschange|p1a: Charizard|Charizard-Mega-Y, F\n|-mega|p1a: Charizard|Charizard|Charizardite Y\n|-weather|SunnyDay|[from] ability: Drought|[of] p1a: Charizard\n|move|p2a: Monsoon|Bullet Punch|p1a: Charizard\n|-resisted|p1a: Charizard\n|-damage|p1a: Charizard|26\/100\n|move|p1a: Charizard|Flamethrower|p2a: Monsoon\n|-supereffective|p2a: Monsoon\n|-damage|p2a: Monsoon|0 fnt\n|faint|p2a: Monsoon\n|\n|-weather|SunnyDay|[upkeep]\n|upkeep\n|\n|t:|1701202972\n|switch|p2a: Raiden|Greninja, M, shiny|100\/100\n|-damage|p2a: Raiden|88\/100|[from] Stealth Rock\n|turn|9\n|\n|t:|1701202977\n|switch|p1a: Ogerpon|Ogerpon-Wellspring, F|100\/100\n|move|p2a: Raiden|Dark Pulse|p1a: Ogerpon\n|-start|p2a: Raiden|typechange|Dark|[from] ability: Protean\n|-damage|p1a: Ogerpon|40\/100\n|\n|-weather|SunnyDay|[upkeep]\n|upkeep\n|turn|10\n|\n|t:|1701202984\n|switch|p2a: Sundowner|Corviknight, M|100\/100\n|-damage|p2a: Sundowner|88\/100|[from] Stealth Rock\n|-ability|p2a: Sundowner|Pressure\n|switch|p1a: Kommo-o|Kommo-o, F|100\/100\n|\n|-weather|SunnyDay|[upkeep]\n|-heal|p2a: Sundowner|94\/100|[from] item: Leftovers\n|upkeep\n|turn|11\n|\n|t:|1701202987\n|-zpower|p1a: Kommo-o\n|move|p1a: Kommo-o|Clangorous Soulblaze|p2a: Sundowner|[zeffect]\n|-resisted|p2a: Sundowner\n|-damage|p2a: Sundowner|56\/100\n|-boost|p1a: Kommo-o|atk|1\n|-boost|p1a: Kommo-o|def|1\n|-boost|p1a: Kommo-o|spa|1\n|-boost|p1a: Kommo-o|spd|1\n|-boost|p1a: Kommo-o|spe|1\n|move|p2a: Sundowner|Brave Bird|p1a: Kommo-o\n|-supereffective|p1a: Kommo-o\n|-damage|p1a: Kommo-o|32\/100\n|-damage|p2a: Sundowner|40\/100|[from] Recoil\n|\n|-weather|SunnyDay|[upkeep]\n|-heal|p2a: Sundowner|46\/100|[from] item: Leftovers\n|upkeep\n|turn|12\n|\n|t:|1701202995\n|move|p1a: Kommo-o|Flamethrower|p2a: Sundowner\n|-supereffective|p2a: Sundowner\n|-damage|p2a: Sundowner|0 fnt\n|faint|p2a: Sundowner\n|\n|-weather|none\n|upkeep\n|\n|t:|1701203008\n|switch|p2a: Jetstream Sam|Kartana, shiny|100\/100\n|-damage|p2a: Jetstream Sam|94\/100|[from] Stealth Rock\n|turn|13\n|\n|t:|1701203016\n|move|p2a: Jetstream Sam|Smart Strike|p1a: Kommo-o\n|-damage|p1a: Kommo-o|2\/100\n|move|p1a: Kommo-o|Flamethrower|p2a: Jetstream Sam\n|-supereffective|p2a: Jetstream Sam\n|-damage|p2a: Jetstream Sam|0 fnt\n|faint|p2a: Jetstream Sam\n|\n|upkeep\n|\n|t:|1701203023\n|switch|p2a: Armstrong|Garganacl, M|100\/100\n|-damage|p2a: Armstrong|88\/100|[from] Stealth Rock\n|turn|14\n|\n|t:|1701203025\n|move|p1a: Kommo-o|Drain Punch|p2a: Armstrong\n|-supereffective|p2a: Armstrong\n|-damage|p2a: Armstrong|44\/100\n|-heal|p1a: Kommo-o|33\/100|[from] drain|[of] p2a: Armstrong\n|move|p2a: Armstrong|Salt Cure|p1a: Kommo-o\n|-resisted|p1a: Kommo-o\n|-damage|p1a: Kommo-o|29\/100\n|-start|p1a: Kommo-o|Salt Cure\n|\n|-heal|p2a: Armstrong|50\/100|[from] item: Leftovers\n|-damage|p1a: Kommo-o|16\/100|[from] Salt Cure\n|upkeep\n|turn|15\n|\n|t:|1701203030\n|move|p1a: Kommo-o|Drain Punch|p2a: Armstrong\n|-supereffective|p2a: Armstrong\n|-crit|p2a: Armstrong\n|-damage|p2a: Armstrong|0 fnt\n|-heal|p1a: Kommo-o|51\/100|[from] drain|[of] p2a: Armstrong\n|faint|p2a: Armstrong\n|\n|-damage|p1a: Kommo-o|38\/100|[from] Salt Cure\n|upkeep\n|c|\u2606Sprocket0835|forgot the classic gen 7 set for kommo-o was good back then\n|inactive|JustLikeLokix has 120 seconds left.\n|\n|t:|1701203076\n|switch|p2a: Raiden|Greninja, M, shiny|88\/100\n|-damage|p2a: Raiden|76\/100|[from] Stealth Rock\n|turn|16\n|\n|t:|1701203080\n|move|p1a: Kommo-o|Drain Punch|p2a: Raiden\n|-supereffective|p2a: Raiden\n|-damage|p2a: Raiden|0 fnt\n|-heal|p1a: Kommo-o|75\/100|[from] drain|[of] p2a: Raiden\n|faint|p2a: Raiden\n|\n|-damage|p1a: Kommo-o|63\/100|[from] Salt Cure\n|upkeep\n|\n|t:|1701203082\n|switch|p2a: Metal Gear Ray|Garchomp, F|100\/100\n|-damage|p2a: Metal Gear Ray|94\/100|[from] Stealth Rock\n|turn|17\n|c|\u2606JustLikeLokix|gg\n|c|\u2606Sprocket0835|gg\n|\n|t:|1701203094\n|-terastallize|p2a: Metal Gear Ray|Fire\n|move|p1a: Kommo-o|Clanging Scales|p2a: Metal Gear Ray\n|-damage|p2a: Metal Gear Ray|15\/100\n|-unboost|p1a: Kommo-o|def|1\n|move|p2a: Metal Gear Ray|Draco Meteor|p1a: Kommo-o\n|-supereffective|p1a: Kommo-o\n|-damage|p1a: Kommo-o|0 fnt\n|-unboost|p2a: Metal Gear Ray|spa|2\n|faint|p1a: Kommo-o\n|-damage|p2a: Metal Gear Ray|5\/100|[from] item: Life Orb\n|\n|upkeep\n|\n|t:|1701203104\n|switch|p1a: Ogerpon|Ogerpon-Wellspring, F|40\/100\n|turn|18\n|\n|t:|1701203108\n|move|p1a: Ogerpon|Ivy Cudgel|p2a: Metal Gear Ray|[anim] Ivy Cudgel Water\n|-supereffective|p2a: Metal Gear Ray\n|-damage|p2a: Metal Gear Ray|0 fnt\n|faint|p2a: Metal Gear Ray\n|\n|win|Sprocket0835\n|raw|Sprocket0835's rating: 1374 &rarr; <strong>1394<\/strong><br \/>(+20 for winning)\n|raw|JustLikeLokix's rating: 1370 &rarr; <strong>1350<\/strong><br \/>(-20 for losing)\n|l|\u2606JustLikeLokix\n|l|\u2606Sprocket0835\n","uploadtime":1701203137,"views":0,"p1id":"sprocket0835","p2id":"justlikelokix","formatid":"gen9nationaldex","rating":1350,"private":0,"password":""}