{"id":"gen9nationaldex-1995951518","p1":"Lukexz","p2":"Miku Nakano ily","format":"[Gen 9] National Dex","log":"|html|<div class=\"broadcast-blue\"><strong>[Gen 9] National Dex is currently suspecting Sneasler! For information on how to participate check out the <a href=\"https:\/\/www.smogon.com\/forums\/threads\/sv-national-dex-suspect-8-just-dance.3731534\/\">suspect thread<\/a>.<\/strong><\/div>\n|j|\u2606Lukexz\n|j|\u2606Miku Nakano ily\n|t:|1700621210\n|gametype|singles\n|player|p1|Lukexz|169|1450\n|player|p2|Miku Nakano ily|red|1465\n|teamsize|p1|6\n|teamsize|p2|6\n|gen|9\n|tier|[Gen 9] National Dex\n|rated|\n|rule|HP Percentage Mod: HP is shown in percentages\n|rule|Endless Battle Clause: Forcing endless battles is banned\n|rule|OHKO Clause: OHKO moves are banned\n|rule|Evasion Clause: Evasion abilities, items, and moves are banned\n|rule|Evasion Abilities Clause: Evasion abilities are banned\n|rule|Evasion Items Clause: Evasion items are banned\n|rule|Evasion Moves Clause: Evasion moves are banned\n|rule|Species Clause: Limit one of each Pok\u00e9mon\n|rule|Sleep Clause Mod: Limit one foe put to sleep\n|clearpoke\n|poke|p1|Medicham, M|\n|poke|p1|Ferrothorn, M|\n|poke|p1|Zapdos|\n|poke|p1|Weavile, F|\n|poke|p1|Garchomp, F|\n|poke|p1|Rotom-Wash|\n|poke|p2|Charizard, F|\n|poke|p2|Alomomola, M|\n|poke|p2|Slowking-Galar, M|\n|poke|p2|Iron Valiant|\n|poke|p2|Great Tusk|\n|poke|p2|Cinderace, F|\n|teampreview\n|inactive|Battle timer is ON: inactive players will automatically lose when time's up. (requested by Miku Nakano ily)\n|c|\u2606Miku Nakano ily|hf\n|\n|t:|1700621221\n|start\n|switch|p1a: Weavile|Weavile, F|100\/100\n|switch|p2a: Cinderace|Cinderace, F|100\/100\n|-ability|p1a: Weavile|Pressure\n|turn|1\n|inactive|Lukexz has 120 seconds left.\n|\n|t:|1700621255\n|switch|p1a: Rotom|Rotom-Wash|100\/100\n|move|p2a: Cinderace|U-turn|p1a: Rotom\n|-start|p2a: Cinderace|typechange|Bug|[from] ability: Libero\n|-damage|p1a: Rotom|58\/100\n|\n|t:|1700621267\n|switch|p2a: Charizard|Charizard, F|100\/100|[from] U-turn\n|\n|upkeep\n|turn|2\n|\n|t:|1700621272\n|detailschange|p2a: Charizard|Charizard-Mega-Y, F\n|-mega|p2a: Charizard|Charizard|Charizardite Y\n|-weather|SunnyDay|[from] ability: Drought|[of] p2a: Charizard\n|move|p1a: Rotom|Volt Switch|p2a: Charizard\n|-supereffective|p2a: Charizard\n|-damage|p2a: Charizard|41\/100\n|\n|t:|1700621283\n|switch|p1a: Zapdos|Zapdos, shiny|100\/100|[from] Volt Switch\n|move|p2a: Charizard|Solar Beam||[still]\n|-prepare|p2a: Charizard|Solar Beam\n|-anim|p2a: Charizard|Solar Beam|p1a: Zapdos\n|-resisted|p1a: Zapdos\n|-damage|p1a: Zapdos|80\/100\n|\n|-weather|SunnyDay|[upkeep]\n|upkeep\n|turn|3\n|\n|t:|1700621290\n|switch|p2a: Slowking|Slowking-Galar, M|100\/100\n|move|p1a: Zapdos|Volt Switch|p2a: Slowking\n|-damage|p2a: Slowking|80\/100\n|\n|t:|1700621306\n|switch|p1a: Weavile|Weavile, F|100\/100|[from] Volt Switch\n|-ability|p1a: Weavile|Pressure\n|\n|-weather|SunnyDay|[upkeep]\n|-heal|p2a: Slowking|86\/100|[from] item: Leftovers\n|upkeep\n|turn|4\n|\n|t:|1700621310\n|switch|p2a: Alomomola|Alomomola, M|100\/100\n|move|p1a: Weavile|Knock Off|p2a: Alomomola\n|-damage|p2a: Alomomola|77\/100\n|-enditem|p2a: Alomomola|Lagging Tail|[from] move: Knock Off|[of] p1a: Weavile\n|\n|-weather|SunnyDay|[upkeep]\n|upkeep\n|turn|5\n|\n|t:|1700621320\n|switch|p1a: Ferrothorn|Ferrothorn, M|100\/100\n|move|p2a: Alomomola|Wish|p2a: Alomomola\n|\n|-weather|SunnyDay|[upkeep]\n|upkeep\n|turn|6\n|\n|t:|1700621327\n|move|p2a: Alomomola|Flip Turn|p1a: Ferrothorn\n|-resisted|p1a: Ferrothorn\n|-damage|p1a: Ferrothorn|98\/100\n|-damage|p2a: Alomomola|65\/100|[from] ability: Iron Barbs|[of] p1a: Ferrothorn\n|\n|t:|1700621331\n|switch|p2a: Charizard|Charizard-Mega-Y, F|41\/100|[from] Flip Turn\n|move|p1a: Ferrothorn|Toxic|p2a: Charizard|[miss]\n|-miss|p1a: Ferrothorn|p2a: Charizard\n|\n|-weather|none\n|-heal|p2a: Charizard|100\/100|[from] move: Wish|[wisher] Alomomola\n|-heal|p1a: Ferrothorn|100\/100|[from] item: Leftovers\n|upkeep\n|turn|7\n|\n|t:|1700621345\n|switch|p2a: Slowking|Slowking-Galar, M|100\/100\n|move|p1a: Ferrothorn|Stealth Rock|p2a: Slowking\n|-sidestart|p2: Miku Nakano ily|move: Stealth Rock\n|\n|upkeep\n|turn|8\n|\n|t:|1700621360\n|switch|p1a: Zapdos|Zapdos, shiny|80\/100\n|move|p2a: Slowking|Chilly Reception|p2a: Slowking\n|-weather|Snow\n|\n|t:|1700621373\n|switch|p2a: Cinderace|Cinderace, F|100\/100|[from] Chilly Reception\n|\n|-weather|Snow|[upkeep]\n|upkeep\n|turn|9\n|\n|t:|1700621383\n|move|p2a: Cinderace|Pyro Ball|p1a: Zapdos\n|-damage|p1a: Zapdos|19\/100\n|-status|p1a: Zapdos|brn\n|move|p1a: Zapdos|Hurricane|p2a: Cinderace\n|-damage|p2a: Cinderace|16\/100\n|\n|-weather|Snow|[upkeep]\n|-damage|p1a: Zapdos|13\/100 brn|[from] brn\n|upkeep\n|turn|10\n|\n|t:|1700621393\n|switch|p2a: Slowking|Slowking-Galar, M|100\/100\n|-damage|p2a: Slowking|88\/100|[from] Stealth Rock\n|move|p1a: Zapdos|Volt Switch|p2a: Slowking\n|-damage|p2a: Slowking|66\/100\n|\n|t:|1700621402\n|switch|p1a: Medicham|Medicham, M|100\/100|[from] Volt Switch\n|\n|-weather|Snow|[upkeep]\n|-heal|p2a: Slowking|73\/100|[from] item: Leftovers\n|upkeep\n|turn|11\n|\n|t:|1700621405\n|switch|p2a: Alomomola|Alomomola, M|98\/100\n|-damage|p2a: Alomomola|86\/100|[from] Stealth Rock\n|detailschange|p1a: Medicham|Medicham-Mega, M\n|-mega|p1a: Medicham|Medicham|Medichamite\n|move|p1a: Medicham|Fake Out|p2a: Alomomola\n|-damage|p2a: Alomomola|74\/100\n|\n|-weather|Snow|[upkeep]\n|upkeep\n|turn|12\n|\n|t:|1700621420\n|switch|p1a: Rotom|Rotom-Wash|58\/100\n|move|p2a: Alomomola|Wish|p2a: Alomomola\n|\n|-weather|none\n|upkeep\n|turn|13\n|\n|t:|1700621426\n|move|p2a: Alomomola|Protect|p2a: Alomomola\n|-singleturn|p2a: Alomomola|Protect\n|move|p1a: Rotom|Trick|p2a: Alomomola\n|-activate|p2a: Alomomola|move: Protect\n|\n|-heal|p2a: Alomomola|100\/100|[from] move: Wish|[wisher] Alomomola\n|upkeep\n|turn|14\n|\n|t:|1700621439\n|switch|p1a: Zapdos|Zapdos, shiny|13\/100 brn\n|switch|p2a: Charizard|Charizard-Mega-Y, F|100\/100\n|-damage|p2a: Charizard|51\/100|[from] Stealth Rock\n|-weather|SunnyDay|[from] ability: Drought|[of] p2a: Charizard\n|\n|-weather|SunnyDay|[upkeep]\n|-damage|p1a: Zapdos|7\/100 brn|[from] brn\n|upkeep\n|turn|15\n|\n|t:|1700621454\n|switch|p2a: Great Tusk|Great Tusk|100\/100\n|-activate|p2a: Great Tusk|ability: Protosynthesis\n|-start|p2a: Great Tusk|protosynthesisdef\n|move|p1a: Zapdos|Volt Switch|p2a: Great Tusk\n|-immune|p2a: Great Tusk\n|\n|-weather|SunnyDay|[upkeep]\n|-damage|p1a: Zapdos|1\/100 brn|[from] brn\n|upkeep\n|turn|16\n|\n|t:|1700621471\n|switch|p1a: Garchomp|Garchomp, F|100\/100\n|move|p2a: Great Tusk|Rapid Spin|p1a: Garchomp\n|-damage|p1a: Garchomp|92\/100\n|-boost|p2a: Great Tusk|spe|1\n|-damage|p2a: Great Tusk|88\/100|[from] ability: Rough Skin|[of] p1a: Garchomp\n|-damage|p2a: Great Tusk|71\/100|[from] item: Rocky Helmet|[of] p1a: Garchomp\n|-sideend|p2: Miku Nakano ily|Stealth Rock|[from] move: Rapid Spin|[of] p2a: Great Tusk\n|\n|-weather|SunnyDay|[upkeep]\n|upkeep\n|turn|17\n|\n|t:|1700621486\n|move|p2a: Great Tusk|Body Press|p1a: Garchomp\n|-damage|p1a: Garchomp|61\/100\n|-damage|p2a: Great Tusk|59\/100|[from] ability: Rough Skin|[of] p1a: Garchomp\n|-damage|p2a: Great Tusk|42\/100|[from] item: Rocky Helmet|[of] p1a: Garchomp\n|move|p1a: Garchomp|Dragon Tail|p2a: Great Tusk\n|-damage|p2a: Great Tusk|33\/100\n|-end|p2a: Great Tusk|Protosynthesis|[silent]\n|drag|p2a: Cinderace|Cinderace, F|16\/100\n|\n|-weather|SunnyDay|[upkeep]\n|upkeep\n|turn|18\n|\n|t:|1700621498\n|switch|p2a: Alomomola|Alomomola, M|100\/100\n|move|p1a: Garchomp|Earthquake|p2a: Alomomola\n|-damage|p2a: Alomomola|78\/100\n|\n|-weather|none\n|upkeep\n|turn|19\n|\n|t:|1700621503\n|move|p1a: Garchomp|Toxic|p2a: Alomomola\n|-status|p2a: Alomomola|tox\n|move|p2a: Alomomola|Wish|p2a: Alomomola\n|\n|-damage|p2a: Alomomola|72\/100 tox|[from] psn\n|upkeep\n|turn|20\n|\n|t:|1700621509\n|move|p2a: Alomomola|Flip Turn|p1a: Garchomp\n|-damage|p1a: Garchomp|51\/100\n|-damage|p2a: Alomomola|59\/100 tox|[from] ability: Rough Skin|[of] p1a: Garchomp\n|-damage|p2a: Alomomola|43\/100 tox|[from] item: Rocky Helmet|[of] p1a: Garchomp\n|\n|t:|1700621519\n|switch|p2a: Great Tusk|Great Tusk|33\/100|[from] Flip Turn\n|move|p1a: Garchomp|Dragon Tail|p2a: Great Tusk\n|-damage|p2a: Great Tusk|21\/100\n|-end|p2a: Great Tusk|Protosynthesis|[silent]\n|drag|p2a: Charizard|Charizard-Mega-Y, F|51\/100\n|-weather|SunnyDay|[from] ability: Drought|[of] p2a: Charizard\n|\n|-weather|SunnyDay|[upkeep]\n|-heal|p2a: Charizard|100\/100|[from] move: Wish|[wisher] Alomomola\n|upkeep\n|turn|21\n|\n|t:|1700621538\n|switch|p1a: Zapdos|Zapdos, shiny|1\/100 brn\n|move|p2a: Charizard|Solar Beam||[still]\n|-prepare|p2a: Charizard|Solar Beam\n|-anim|p2a: Charizard|Solar Beam|p1a: Zapdos\n|-resisted|p1a: Zapdos\n|-damage|p1a: Zapdos|0 fnt\n|faint|p1a: Zapdos\n|\n|-weather|SunnyDay|[upkeep]\n|upkeep\n|\n|t:|1700621540\n|switch|p1a: Medicham|Medicham-Mega, M|100\/100\n|turn|22\n|\n|t:|1700621544\n|switch|p2a: Alomomola|Alomomola, M|76\/100 tox\n|move|p1a: Medicham|Fake Out|p2a: Alomomola\n|-damage|p2a: Alomomola|64\/100 tox\n|\n|-weather|SunnyDay|[upkeep]\n|-damage|p2a: Alomomola|58\/100 tox|[from] psn\n|upkeep\n|turn|23\n|\n|t:|1700621555\n|move|p1a: Medicham|Zen Headbutt|p2a: Alomomola\n|-damage|p2a: Alomomola|20\/100 tox\n|move|p2a: Alomomola|Flip Turn|p1a: Medicham\n|-damage|p1a: Medicham|89\/100\n|\n|t:|1700621560\n|switch|p2a: Charizard|Charizard-Mega-Y, F|100\/100|[from] Flip Turn\n|\n|-weather|SunnyDay|[upkeep]\n|upkeep\n|turn|24\n|\n|t:|1700621574\n|switch|p1a: Rotom|Rotom-Wash|58\/100\n|move|p2a: Charizard|Weather Ball|p1a: Rotom\n|-resisted|p1a: Rotom\n|-damage|p1a: Rotom|0 fnt\n|faint|p1a: Rotom\n|\n|-weather|none\n|upkeep\n|\n|t:|1700621587\n|switch|p1a: Ferrothorn|Ferrothorn, M|100\/100\n|turn|25\n|\n|t:|1700621594\n|switch|p2a: Alomomola|Alomomola, M|53\/100 tox\n|move|p1a: Ferrothorn|Stealth Rock|p2a: Alomomola\n|-sidestart|p2: Miku Nakano ily|move: Stealth Rock\n|\n|-damage|p2a: Alomomola|47\/100 tox|[from] psn\n|upkeep\n|turn|26\n|\n|t:|1700621599\n|move|p2a: Alomomola|Wish|p2a: Alomomola\n|move|p1a: Ferrothorn|Gyro Ball|p2a: Alomomola\n|-resisted|p2a: Alomomola\n|-damage|p2a: Alomomola|41\/100 tox\n|\n|-damage|p2a: Alomomola|28\/100 tox|[from] psn\n|upkeep\n|turn|27\n|\n|t:|1700621608\n|switch|p1a: Garchomp|Garchomp, F|51\/100\n|move|p2a: Alomomola|Flip Turn|p1a: Garchomp\n|-damage|p1a: Garchomp|40\/100\n|-damage|p2a: Alomomola|16\/100 tox|[from] ability: Rough Skin|[of] p1a: Garchomp\n|-damage|p2a: Alomomola|0 fnt|[from] item: Rocky Helmet|[of] p1a: Garchomp\n|faint|p2a: Alomomola\n|\n|upkeep\n|\n|t:|1700621611\n|switch|p2a: Cinderace|Cinderace, F|16\/100\n|turn|28\n|\n|t:|1700621627\n|move|p2a: Cinderace|Court Change|p2a: Cinderace\n|-start|p2a: Cinderace|typechange|Normal|[from] ability: Libero\n|-swapsideconditions\n|-activate|p2a: Cinderace|move: Court Change\n|move|p1a: Garchomp|Dragon Tail|p2a: Cinderace\n|-damage|p2a: Cinderace|0 fnt\n|faint|p2a: Cinderace\n|\n|upkeep\n|inactive|Miku Nakano ily has 120 seconds left.\n|\n|t:|1700621653\n|switch|p2a: Charizard|Charizard-Mega-Y, F|100\/100\n|-weather|SunnyDay|[from] ability: Drought|[of] p2a: Charizard\n|turn|29\n|\n|t:|1700621658\n|move|p2a: Charizard|Solar Beam||[still]\n|-prepare|p2a: Charizard|Solar Beam\n|-anim|p2a: Charizard|Solar Beam|p1a: Garchomp\n|-damage|p1a: Garchomp|0 fnt\n|faint|p1a: Garchomp\n|\n|-weather|SunnyDay|[upkeep]\n|upkeep\n|\n|t:|1700621665\n|switch|p1a: Medicham|Medicham-Mega, M|89\/100\n|-damage|p1a: Medicham|83\/100|[from] Stealth Rock\n|turn|30\n|\n|t:|1700621679\n|switch|p2a: Great Tusk|Great Tusk|21\/100\n|-activate|p2a: Great Tusk|ability: Protosynthesis\n|-start|p2a: Great Tusk|protosynthesisdef\n|move|p1a: Medicham|Fake Out|p2a: Great Tusk\n|-damage|p2a: Great Tusk|12\/100\n|\n|-weather|SunnyDay|[upkeep]\n|upkeep\n|turn|31\n|\n|t:|1700621685\n|-end|p2a: Great Tusk|Protosynthesis|[silent]\n|switch|p2a: Slowking|Slowking-Galar, M|100\/100\n|move|p1a: Medicham|Zen Headbutt|p2a: Slowking\n|-damage|p2a: Slowking|28\/100\n|\n|-weather|SunnyDay|[upkeep]\n|-heal|p2a: Slowking|34\/100|[from] item: Leftovers\n|upkeep\n|turn|32\n|\n|t:|1700621696\n|switch|p2a: Great Tusk|Great Tusk|12\/100\n|-activate|p2a: Great Tusk|ability: Protosynthesis\n|-start|p2a: Great Tusk|protosynthesisdef\n|move|p1a: Medicham|Zen Headbutt|p2a: Great Tusk\n|-supereffective|p2a: Great Tusk\n|-damage|p2a: Great Tusk|0 fnt\n|faint|p2a: Great Tusk\n|-end|p2a: Great Tusk|Protosynthesis|[silent]\n|\n|-weather|SunnyDay|[upkeep]\n|upkeep\n|\n|t:|1700621702\n|switch|p2a: Slowking|Slowking-Galar, M|68\/100\n|turn|33\n|\n|t:|1700621707\n|move|p1a: Medicham|Zen Headbutt|p2a: Slowking\n|-damage|p2a: Slowking|0 fnt\n|faint|p2a: Slowking\n|\n|-weather|none\n|upkeep\n|\n|t:|1700621710\n|switch|p2a: Charizard|Charizard-Mega-Y, F|100\/100\n|-weather|SunnyDay|[from] ability: Drought|[of] p2a: Charizard\n|turn|34\n|\n|t:|1700621715\n|move|p1a: Medicham|Zen Headbutt|p2a: Charizard\n|-damage|p2a: Charizard|0 fnt\n|faint|p2a: Charizard\n|\n|-weather|SunnyDay|[upkeep]\n|upkeep\n|\n|t:|1700621718\n|switch|p2a: Iron Valiant|Iron Valiant, shiny|100\/100\n|-enditem|p2a: Iron Valiant|Booster Energy\n|-activate|p2a: Iron Valiant|ability: Quark Drive|[fromitem]\n|-start|p2a: Iron Valiant|quarkdrivespe\n|turn|35\n|\n|t:|1700621727\n|-terastallize|p2a: Iron Valiant|Steel\n|move|p1a: Medicham|Bullet Punch|p2a: Iron Valiant\n|-resisted|p2a: Iron Valiant\n|-damage|p2a: Iron Valiant|86\/100\n|move|p2a: Iron Valiant|Swords Dance|p2a: Iron Valiant\n|-boost|p2a: Iron Valiant|atk|2\n|\n|-weather|SunnyDay|[upkeep]\n|upkeep\n|turn|36\n|\n|t:|1700621731\n|move|p2a: Iron Valiant|Spirit Break|p1a: Medicham\n|-supereffective|p1a: Medicham\n|-damage|p1a: Medicham|0 fnt\n|faint|p1a: Medicham\n|\n|-weather|SunnyDay|[upkeep]\n|upkeep\n|\n|t:|1700621738\n|switch|p1a: Weavile|Weavile, F|100\/100\n|-damage|p1a: Weavile|76\/100|[from] Stealth Rock\n|-ability|p1a: Weavile|Pressure\n|turn|37\n|\n|t:|1700621741\n|move|p1a: Weavile|Brick Break|p2a: Iron Valiant\n|-supereffective|p2a: Iron Valiant\n|-damage|p2a: Iron Valiant|25\/100\n|move|p2a: Iron Valiant|Drain Punch|p1a: Weavile\n|-supereffective|p1a: Weavile\n|-damage|p1a: Weavile|0 fnt\n|-heal|p2a: Iron Valiant|61\/100|[from] drain|[of] p1a: Weavile\n|faint|p1a: Weavile\n|\n|-weather|SunnyDay|[upkeep]\n|upkeep\n|\n|t:|1700621745\n|switch|p1a: Ferrothorn|Ferrothorn, M|100\/100\n|-damage|p1a: Ferrothorn|94\/100|[from] Stealth Rock\n|turn|38\n|\n|t:|1700621754\n|move|p1a: Ferrothorn|Protect|p1a: Ferrothorn\n|-singleturn|p1a: Ferrothorn|Protect\n|move|p2a: Iron Valiant|Drain Punch|p1a: Ferrothorn\n|-activate|p1a: Ferrothorn|move: Protect\n|\n|-weather|none\n|-heal|p1a: Ferrothorn|100\/100|[from] item: Leftovers\n|upkeep\n|turn|39\n|\n|t:|1700621758\n|-terastallize|p1a: Ferrothorn|Ghost\n|move|p2a: Iron Valiant|Drain Punch|p1a: Ferrothorn\n|-immune|p1a: Ferrothorn\n|move|p1a: Ferrothorn|Gyro Ball|p2a: Iron Valiant\n|-resisted|p2a: Iron Valiant\n|-damage|p2a: Iron Valiant|31\/100\n|\n|upkeep\n|turn|40\n|\n|t:|1700621774\n|move|p2a: Iron Valiant|Psycho Cut|p1a: Ferrothorn\n|-damage|p1a: Ferrothorn|74\/100\n|move|p1a: Ferrothorn|Gyro Ball|p2a: Iron Valiant\n|-resisted|p2a: Iron Valiant\n|-damage|p2a: Iron Valiant|1\/100\n|\n|-heal|p1a: Ferrothorn|80\/100|[from] item: Leftovers\n|upkeep\n|turn|41\n|\n|t:|1700621780\n|move|p2a: Iron Valiant|Spirit Break|p1a: Ferrothorn\n|-damage|p1a: Ferrothorn|37\/100\n|-unboost|p1a: Ferrothorn|spa|1\n|-damage|p2a: Iron Valiant|0 fnt|[from] ability: Iron Barbs|[of] p1a: Ferrothorn\n|faint|p2a: Iron Valiant\n|-end|p2a: Iron Valiant|Quark Drive|[silent]\n|\n|win|Lukexz\n|raw|Lukexz's rating: 1450 &rarr; <strong>1471<\/strong><br \/>(+21 for winning)\n|raw|Miku Nakano ily's rating: 1465 &rarr; <strong>1444<\/strong><br \/>(-21 for losing)\n|c|\u2606Miku Nakano ily|gg\n|l|\u2606Miku Nakano ily\n","uploadtime":1700621794,"views":0,"p1id":"lukexz","p2id":"mikunakanoily","formatid":"gen9nationaldex","rating":1444,"private":0,"password":""}