{"id":"gen9nationaldex-1996334601","p1":"talalcht","p2":"balutalol","format":"[Gen 9] National Dex","log":"|html|<div class=\"broadcast-blue\"><strong>[Gen 9] National Dex is currently suspecting Sneasler! For information on how to participate check out the <a href=\"https:\/\/www.smogon.com\/forums\/threads\/sv-national-dex-suspect-8-just-dance.3731534\/\">suspect thread<\/a>.<\/strong><\/div>\n|j|\u2606talalcht\n|j|\u2606balutalol\n|t:|1700672199\n|gametype|singles\n|player|p1|talalcht|palmer|\n|player|p2|balutalol|roxie|\n|teamsize|p1|6\n|teamsize|p2|6\n|gen|9\n|tier|[Gen 9] National Dex\n|rule|HP Percentage Mod: HP is shown in percentages\n|rule|Endless Battle Clause: Forcing endless battles is banned\n|rule|OHKO Clause: OHKO moves are banned\n|rule|Evasion Clause: Evasion abilities, items, and moves are banned\n|rule|Evasion Abilities Clause: Evasion abilities are banned\n|rule|Evasion Items Clause: Evasion items are banned\n|rule|Evasion Moves Clause: Evasion moves are banned\n|rule|Species Clause: Limit one of each Pok\u00e9mon\n|rule|Sleep Clause Mod: Limit one foe put to sleep\n|clearpoke\n|poke|p1|Gallade, L50, M|\n|poke|p1|Malamar, L50, M|\n|poke|p1|Metagross, L50|\n|poke|p1|Claydol, L50|\n|poke|p1|Gardevoir, L50, F|\n|poke|p1|Jirachi, L50|\n|poke|p2|Scizor, L50, M|\n|poke|p2|Lokix, L50, F|\n|poke|p2|Sneasler, L50, M|\n|poke|p2|Magnezone, L50|\n|poke|p2|Hoopa-Unbound, L50|\n|poke|p2|Azumarill, L50, F|\n|teampreview\n|inactive|Battle timer is ON: inactive players will automatically lose when time's up. (requested by talalcht)\n|c|\u2606balutalol|ola glhf\n|\n|t:|1700672223\n|start\n|switch|p1a: Deseo|Jirachi, L50, shiny|100\/100\n|switch|p2a: Lokix|Lokix, L50, F|100\/100\n|turn|1\n|inactive|talalcht has 270 seconds left.\n|\n|t:|1700672258\n|-terastallize|p1a: Deseo|Steel\n|move|p1a: Deseo|Iron Head|p2a: Lokix\n|-damage|p2a: Lokix|42\/100\n|cant|p2a: Lokix|flinch\n|\n|upkeep\n|turn|2\n|\n|t:|1700672265\n|switch|p2a: Magnezone|Magnezone, L50|100\/100\n|move|p1a: Deseo|Iron Head|p2a: Magnezone\n|-resisted|p2a: Magnezone\n|-damage|p2a: Magnezone|91\/100\n|\n|upkeep\n|turn|3\n|\n|t:|1700672278\n|move|p1a: Deseo|Iron Head|p2a: Magnezone\n|-resisted|p2a: Magnezone\n|-damage|p2a: Magnezone|80\/100\n|cant|p2a: Magnezone|flinch\n|\n|upkeep\n|turn|4\n|\n|t:|1700672284\n|move|p1a: Deseo|Iron Head|p2a: Magnezone\n|-resisted|p2a: Magnezone\n|-crit|p2a: Magnezone\n|-damage|p2a: Magnezone|64\/100\n|move|p2a: Magnezone|Hidden Power|p1a: Deseo\n|-supereffective|p1a: Deseo\n|-crit|p1a: Deseo\n|-damage|p1a: Deseo|39\/100\n|\n|upkeep\n|turn|5\n|\n|t:|1700672293\n|move|p1a: Deseo|Iron Head|p2a: Magnezone\n|-resisted|p2a: Magnezone\n|-crit|p2a: Magnezone\n|-damage|p2a: Magnezone|48\/100\n|cant|p2a: Magnezone|flinch\n|\n|upkeep\n|turn|6\n|\n|t:|1700672300\n|move|p1a: Deseo|Iron Head|p2a: Magnezone\n|-resisted|p2a: Magnezone\n|-damage|p2a: Magnezone|38\/100\n|cant|p2a: Magnezone|flinch\n|\n|upkeep\n|turn|7\n|c|\u2606balutalol|DX\n|\n|t:|1700672307\n|move|p1a: Deseo|Iron Head|p2a: Magnezone\n|-resisted|p2a: Magnezone\n|-damage|p2a: Magnezone|28\/100\n|move|p2a: Magnezone|Hidden Power|p1a: Deseo\n|-supereffective|p1a: Deseo\n|-damage|p1a: Deseo|0 fnt\n|faint|p1a: Deseo\n|\n|upkeep\n|\n|t:|1700672321\n|switch|p1a: Ramalam|Malamar, L50, M, shiny|100\/100\n|turn|8\n|\n|t:|1700672325\n|move|p1a: Ramalam|Superpower|p2a: Magnezone\n|-supereffective|p2a: Magnezone\n|-damage|p2a: Magnezone|0 fnt\n|-boost|p1a: Ramalam|atk|1\n|-boost|p1a: Ramalam|def|1\n|faint|p2a: Magnezone\n|\n|upkeep\n|\n|t:|1700672330\n|switch|p2a: Lokix|Lokix, L50, F|42\/100\n|turn|9\n|\n|t:|1700672349\n|move|p2a: Lokix|First Impression|p1a: Ramalam\n|-supereffective|p1a: Ramalam\n|-damage|p1a: Ramalam|0 fnt\n|faint|p1a: Ramalam\n|\n|upkeep\n|\n|t:|1700672355\n|switch|p1a: Soruko oruka|Gallade, L50, M, shiny|100\/100\n|turn|10\n|inactive|balutalol has 270 seconds left.\n|\n|t:|1700672394\n|switch|p2a: Scizor|Scizor, L50, M|100\/100\n|detailschange|p1a: Soruko oruka|Gallade-Mega, L50, M, shiny\n|-mega|p1a: Soruko oruka|Gallade|Galladite\n|move|p1a: Soruko oruka|Swords Dance|p1a: Soruko oruka\n|-boost|p1a: Soruko oruka|atk|2\n|\n|upkeep\n|turn|11\n|inactive|balutalol has 270 seconds left.\n|\n|t:|1700672407\n|detailschange|p2a: Scizor|Scizor-Mega, L50, M\n|-mega|p2a: Scizor|Scizor|Scizorite\n|move|p1a: Soruko oruka|Psycho Cut|p2a: Scizor\n|-resisted|p2a: Scizor\n|-damage|p2a: Scizor|61\/100\n|move|p2a: Scizor|Bug Bite|p1a: Soruko oruka\n|-damage|p1a: Soruko oruka|38\/100\n|\n|upkeep\n|turn|12\n|\n|t:|1700672416\n|move|p1a: Soruko oruka|Close Combat|p2a: Scizor\n|-damage|p2a: Scizor|0 fnt\n|-unboost|p1a: Soruko oruka|def|1\n|-unboost|p1a: Soruko oruka|spd|1\n|faint|p2a: Scizor\n|\n|upkeep\n|\n|t:|1700672422\n|switch|p2a: Lokix|Lokix, L50, F|42\/100\n|turn|13\n|\n|t:|1700672447\n|switch|p1a: Play-doh|Claydol, L50, shiny|100\/100\n|move|p2a: Lokix|First Impression|p1a: Play-doh\n|-supereffective|p1a: Play-doh\n|-damage|p1a: Play-doh|0 fnt\n|faint|p1a: Play-doh\n|\n|upkeep\n|inactive|talalcht has 270 seconds left.\n|\n|t:|1700672460\n|switch|p1a: Soruko oruka|Gallade-Mega, L50, M, shiny|38\/100\n|turn|14\n|inactive|talalcht has 270 seconds left.\n|\n|t:|1700672492\n|switch|p2a: Azumarill|Azumarill, L50, F|100\/100\n|move|p1a: Soruko oruka|Swords Dance|p1a: Soruko oruka\n|-boost|p1a: Soruko oruka|atk|2\n|\n|upkeep\n|turn|15\n|\n|t:|1700672503\n|move|p1a: Soruko oruka|Leaf Blade|p2a: Azumarill\n|-supereffective|p2a: Azumarill\n|-damage|p2a: Azumarill|0 fnt\n|faint|p2a: Azumarill\n|\n|upkeep\n|\n|t:|1700672511\n|switch|p2a: Lokix|Lokix, L50, F|42\/100\n|turn|16\n|\n|t:|1700672526\n|move|p1a: Soruko oruka|Close Combat|p2a: Lokix\n|-damage|p2a: Lokix|0 fnt\n|-unboost|p1a: Soruko oruka|def|1\n|-unboost|p1a: Soruko oruka|spd|1\n|faint|p2a: Lokix\n|\n|upkeep\n|\n|t:|1700672534\n|switch|p2a: Sneasler|Sneasler, L50, M|100\/100\n|turn|17\n|inactive|talalcht has 270 seconds left.\n|\n|t:|1700672541\n|-terastallize|p2a: Sneasler|Flying\n|move|p2a: Sneasler|Fling|p1a: Soruko oruka\n|-damage|p1a: Soruko oruka|0 fnt\n|-enditem|p2a: Sneasler|Big Nugget|[from] move: Fling\n|faint|p1a: Soruko oruka\n|\n|upkeep\n|inactive|talalcht has 270 seconds left.\n|\n|t:|1700672562\n|switch|p1a: M\u00e1ximo|Metagross, L50, shiny|100\/100\n|turn|18\n|\n|t:|1700672573\n|move|p2a: Sneasler|Swords Dance|p2a: Sneasler\n|-boost|p2a: Sneasler|atk|2\n|move|p1a: M\u00e1ximo|Meteor Mash|p2a: Sneasler\n|-damage|p2a: Sneasler|20\/100\n|-boost|p1a: M\u00e1ximo|atk|1\n|\n|upkeep\n|turn|19\n|\n|t:|1700672583\n|move|p2a: Sneasler|Acrobatics|p1a: M\u00e1ximo\n|-resisted|p1a: M\u00e1ximo\n|-damage|p1a: M\u00e1ximo|51\/100\n|move|p1a: M\u00e1ximo|Meteor Mash|p2a: Sneasler\n|-damage|p2a: Sneasler|0 fnt\n|-boost|p1a: M\u00e1ximo|atk|1\n|faint|p2a: Sneasler\n|\n|upkeep\n|\n|t:|1700672587\n|switch|p2a: Hoopa|Hoopa-Unbound, L50|100\/100\n|turn|20\n|inactive|talalcht has 270 seconds left.\n|\n|t:|1700672605\n|move|p2a: Hoopa|Knock Off|p1a: M\u00e1ximo\n|-supereffective|p1a: M\u00e1ximo\n|-damage|p1a: M\u00e1ximo|0 fnt\n|-enditem|p1a: M\u00e1ximo|Assault Vest|[from] move: Knock Off|[of] p2a: Hoopa\n|faint|p1a: M\u00e1ximo\n|\n|upkeep\n|inactive|talalcht has 270 seconds left.\n|\n|t:|1700672612\n|switch|p1a: Besama|Gardevoir, L50, F, shiny|100\/100\n|-ability|p1a: Besama|Magician|[from] ability: Trace|[of] p2a: Hoopa\n|turn|21\n|\n|t:|1700672618\n|move|p1a: Besama|Moonblast|p2a: Hoopa\n|-supereffective|p2a: Hoopa\n|-damage|p2a: Hoopa|54\/100\n|move|p2a: Hoopa|Knock Off|p1a: Besama\n|-damage|p1a: Besama|4\/100\n|-enditem|p1a: Besama|Leftovers|[from] move: Knock Off|[of] p2a: Hoopa\n|\n|upkeep\n|turn|22\n|\n|t:|1700672631\n|move|p2a: Hoopa|Knock Off|p1a: Besama\n|-damage|p1a: Besama|0 fnt\n|faint|p1a: Besama\n|\n|win|balutalol\n|c|\u2606balutalol|gg\n|c|\u2606talalcht|Bien jugando\n|c|\u2606balutalol|igualmente\n","uploadtime":1700672641,"views":2,"p1id":"talalcht","p2id":"balutalol","formatid":"gen9nationaldex","rating":0,"private":0,"password":""}