{"id":"gen9nationaldex-1993902980","p1":"daybreak wave2","p2":"liuyu6666","format":"[Gen 9] National Dex","log":"|j|\u2606daybreak wave2\n|j|\u2606liuyu6666\n|t:|1700372733\n|gametype|singles\n|player|p1|daybreak wave2|lillie-masters2|1478\n|player|p2|liuyu6666|iono|1566\n|teamsize|p1|6\n|teamsize|p2|6\n|gen|9\n|tier|[Gen 9] National Dex\n|rated|\n|rule|HP Percentage Mod: HP is shown in percentages\n|rule|Endless Battle Clause: Forcing endless battles is banned\n|rule|OHKO Clause: OHKO moves are banned\n|rule|Evasion Clause: Evasion abilities, items, and moves are banned\n|rule|Evasion Abilities Clause: Evasion abilities are banned\n|rule|Evasion Items Clause: Evasion items are banned\n|rule|Evasion Moves Clause: Evasion moves are banned\n|rule|Species Clause: Limit one of each Pok\u00e9mon\n|rule|Sleep Clause Mod: Limit one foe put to sleep\n|clearpoke\n|poke|p1|Pinsir, M|\n|poke|p1|Aegislash, M|\n|poke|p1|Ogerpon-Wellspring, F|\n|poke|p1|Moltres|\n|poke|p1|Electrode-Hisui|\n|poke|p1|Clodsire, M|\n|poke|p2|Banette, M|\n|poke|p2|Victini|\n|poke|p2|Golem-Alola, M|\n|poke|p2|Volcarona, M|\n|poke|p2|Dragonite, M|\n|poke|p2|Urshifu-*, F|\n|teampreview\n|inactive|Battle timer is ON: inactive players will automatically lose when time's up. (requested by liuyu6666)\n|\n|t:|1700372751\n|start\n|switch|p1a: \u6d1b\u6258\u59c6-\u5207\u5272|Electrode-Hisui|100\/100\n|switch|p2a: Victini|Victini|100\/100\n|turn|1\n|\n|t:|1700372755\n|move|p2a: Victini|Final Gambit|p1a: \u6d1b\u6258\u59c6-\u5207\u5272\n|-damage|p1a: \u6d1b\u6258\u59c6-\u5207\u5272|0 fnt\n|faint|p2a: Victini\n|faint|p1a: \u6d1b\u6258\u59c6-\u5207\u5272\n|\n|upkeep\n|\n|t:|1700372770\n|switch|p1a: \u571f~\u2191\u738b|Clodsire, M|100\/100\n|switch|p2a: Golem|Golem-Alola, M|100\/100\n|turn|2\n|\n|t:|1700372794\n|-terastallize|p1a: \u571f~\u2191\u738b|Dark\n|move|p2a: Golem|Earthquake|p1a: \u571f~\u2191\u738b\n|-damage|p1a: \u571f~\u2191\u738b|60\/100\n|move|p1a: \u571f~\u2191\u738b|Stealth Rock|p2a: Golem\n|-sidestart|p2: liuyu6666|move: Stealth Rock\n|\n|upkeep\n|turn|3\n|\n|t:|1700372803\n|move|p2a: Golem|Stealth Rock|p1a: \u571f~\u2191\u738b\n|-sidestart|p1: daybreak wave2|move: Stealth Rock\n|move|p1a: \u571f~\u2191\u738b|Recover|p1a: \u571f~\u2191\u738b\n|-heal|p1a: \u571f~\u2191\u738b|100\/100\n|\n|upkeep\n|turn|4\n|\n|t:|1700372826\n|move|p2a: Golem|Explosion|p1a: \u571f~\u2191\u738b\n|-damage|p1a: \u571f~\u2191\u738b|0 fnt\n|faint|p2a: Golem\n|faint|p1a: \u571f~\u2191\u738b\n|\n|upkeep\n|\n|t:|1700372839\n|switch|p2a: Dragonite|Dragonite, M|100\/100\n|switch|p1a: \u585e\u8c6a\u5bcc|Aegislash, M, shiny|100\/100\n|-damage|p2a: Dragonite|76\/100|[from] Stealth Rock\n|-damage|p1a: \u585e\u8c6a\u5bcc|94\/100|[from] Stealth Rock\n|turn|5\n|\n|t:|1700372847\n|move|p2a: Dragonite|Curse|p2a: Dragonite\n|-unboost|p2a: Dragonite|spe|1\n|-boost|p2a: Dragonite|atk|1\n|-boost|p2a: Dragonite|def|1\n|-zpower|p1a: \u585e\u8c6a\u5bcc\n|-formechange|p1a: \u585e\u8c6a\u5bcc|Aegislash-Blade||[from] ability: Stance Change\n|move|p1a: \u585e\u8c6a\u5bcc|Never-Ending Nightmare|p2a: Dragonite|[zeffect]\n|-damage|p2a: Dragonite|0 fnt\n|faint|p2a: Dragonite\n|\n|upkeep\n|\n|t:|1700372855\n|switch|p2a: Urshifu|Urshifu-Rapid-Strike, F|100\/100\n|-damage|p2a: Urshifu|94\/100|[from] Stealth Rock\n|turn|6\n|\n|t:|1700372865\n|switch|p1a: \u6c34\u72f1\u5352|Ogerpon-Wellspring, F|100\/100\n|-damage|p1a: \u6c34\u72f1\u5352|88\/100|[from] Stealth Rock\n|move|p2a: Urshifu|Bulk Up|p2a: Urshifu\n|-boost|p2a: Urshifu|atk|1\n|-boost|p2a: Urshifu|def|1\n|\n|upkeep\n|turn|7\n|\n|t:|1700372875\n|-terastallize|p2a: Urshifu|Steel\n|move|p1a: \u6c34\u72f1\u5352|Horn Leech|p2a: Urshifu\n|-resisted|p2a: Urshifu\n|-damage|p2a: Urshifu|80\/100\n|-heal|p1a: \u6c34\u72f1\u5352|97\/100|[from] drain|[of] p2a: Urshifu\n|move|p2a: Urshifu|Drain Punch|p1a: \u6c34\u72f1\u5352\n|-damage|p1a: \u6c34\u72f1\u5352|11\/100\n|-heal|p2a: Urshifu|100\/100|[from] drain|[of] p1a: \u6c34\u72f1\u5352\n|\n|upkeep\n|turn|8\n|\n|t:|1700372884\n|move|p1a: \u6c34\u72f1\u5352|Ivy Cudgel|p2a: Urshifu|[anim] Ivy Cudgel Water\n|-damage|p2a: Urshifu|61\/100\n|move|p2a: Urshifu|Drain Punch|p1a: \u6c34\u72f1\u5352\n|-damage|p1a: \u6c34\u72f1\u5352|0 fnt\n|-heal|p2a: Urshifu|66\/100|[from] drain|[of] p1a: \u6c34\u72f1\u5352\n|faint|p1a: \u6c34\u72f1\u5352\n|\n|upkeep\n|inactive|daybreak wave2 has 120 seconds left.\n|\n|t:|1700372915\n|switch|p1a: \u585e\u8c6a\u5bcc|Aegislash, M, shiny|94\/100\n|-damage|p1a: \u585e\u8c6a\u5bcc|88\/100|[from] Stealth Rock\n|turn|9\n|\n|t:|1700372922\n|move|p2a: Urshifu|Bulk Up|p2a: Urshifu\n|-boost|p2a: Urshifu|atk|1\n|-boost|p2a: Urshifu|def|1\n|-formechange|p1a: \u585e\u8c6a\u5bcc|Aegislash-Blade||[from] ability: Stance Change\n|move|p1a: \u585e\u8c6a\u5bcc|Shadow Ball|p2a: Urshifu\n|-damage|p2a: Urshifu|0 fnt\n|faint|p2a: Urshifu\n|\n|upkeep\n|\n|t:|1700372930\n|switch|p2a: Banette|Banette, M|100\/100\n|-damage|p2a: Banette|88\/100|[from] Stealth Rock\n|turn|10\n|\n|t:|1700372935\n|detailschange|p2a: Banette|Banette-Mega, M\n|-mega|p2a: Banette|Banette|Banettite\n|-formechange|p1a: \u585e\u8c6a\u5bcc|Aegislash||[from] ability: Stance Change\n|move|p1a: \u585e\u8c6a\u5bcc|King's Shield|p1a: \u585e\u8c6a\u5bcc\n|-singleturn|p1a: \u585e\u8c6a\u5bcc|Protect\n|move|p2a: Banette|Poltergeist|p1a: \u585e\u8c6a\u5bcc\n|-activate|p1a: \u585e\u8c6a\u5bcc|move: Protect\n|\n|upkeep\n|turn|11\n|\n|t:|1700372945\n|switch|p1a: \u70c8\u7bad\u9e70|Moltres|100\/100\n|move|p2a: Banette|Destiny Bond|p2a: Banette\n|-singlemove|p2a: Banette|Destiny Bond\n|\n|upkeep\n|turn|12\n|\n|t:|1700372953\n|move|p2a: Banette|Poltergeist|p1a: \u70c8\u7bad\u9e70\n|-activate|p1a: \u70c8\u7bad\u9e70|move: Poltergeist|Heavy-Duty Boots\n|-damage|p1a: \u70c8\u7bad\u9e70|49\/100\n|move|p1a: \u70c8\u7bad\u9e70|Flamethrower|p2a: Banette\n|-damage|p2a: Banette|29\/100\n|\n|upkeep\n|turn|13\n|\n|t:|1700372971\n|move|p2a: Banette|Poltergeist|p1a: \u70c8\u7bad\u9e70|[miss]\n|-miss|p2a: Banette|p1a: \u70c8\u7bad\u9e70\n|move|p1a: \u70c8\u7bad\u9e70|Flamethrower|p2a: Banette\n|-damage|p2a: Banette|0 fnt\n|faint|p2a: Banette\n|\n|upkeep\n|\n|t:|1700372974\n|switch|p2a: Volcarona|Volcarona, M|100\/100\n|turn|14\n|\n|t:|1700372996\n|move|p2a: Volcarona|Quiver Dance|p2a: Volcarona\n|-boost|p2a: Volcarona|spa|1\n|-boost|p2a: Volcarona|spd|1\n|-boost|p2a: Volcarona|spe|1\n|move|p1a: \u70c8\u7bad\u9e70|U-turn|p2a: Volcarona\n|-resisted|p2a: Volcarona\n|-damage|p2a: Volcarona|89\/100\n|\n|t:|1700373002\n|switch|p1a: \u7532\u54e5|Pinsir, M, shiny|100\/100|[from] U-turn\n|-damage|p1a: \u7532\u54e5|76\/100|[from] Stealth Rock\n|\n|upkeep\n|turn|15\n|\n|t:|1700373008\n|detailschange|p1a: \u7532\u54e5|Pinsir-Mega, M, shiny\n|-mega|p1a: \u7532\u54e5|Pinsir|Pinsirite\n|move|p1a: \u7532\u54e5|Quick Attack|p2a: Volcarona\n|-supereffective|p2a: Volcarona\n|-damage|p2a: Volcarona|3\/100\n|move|p2a: Volcarona|Fiery Dance|p1a: \u7532\u54e5\n|-supereffective|p1a: \u7532\u54e5\n|-damage|p1a: \u7532\u54e5|0 fnt\n|-boost|p2a: Volcarona|spa|1\n|faint|p1a: \u7532\u54e5\n|\n|upkeep\n|\n|t:|1700373013\n|switch|p1a: \u585e\u8c6a\u5bcc|Aegislash, M, shiny|88\/100\n|-damage|p1a: \u585e\u8c6a\u5bcc|82\/100|[from] Stealth Rock\n|turn|16\n|\n|t:|1700373019\n|-formechange|p1a: \u585e\u8c6a\u5bcc|Aegislash-Blade||[from] ability: Stance Change\n|move|p1a: \u585e\u8c6a\u5bcc|Shadow Sneak|p2a: Volcarona\n|-damage|p2a: Volcarona|0 fnt\n|faint|p2a: Volcarona\n|\n|win|daybreak wave2\n|raw|daybreak wave2's rating: 1478 &rarr; <strong>1503<\/strong><br \/>(+25 for winning)\n|raw|liuyu6666's rating: 1566 &rarr; <strong>1541<\/strong><br \/>(-25 for losing)\n","uploadtime":1700373026,"views":8,"p1id":"daybreakwave2","p2id":"liuyu6666","formatid":"gen9nationaldex","rating":1503,"private":0,"password":""}