{"id":"gen9nationaldex-1998689790","p1":"Amstan","p2":"Oculars\u2655","format":"[Gen 9] National Dex","log":"|j|\u2606Amstan\n|j|\u2606Oculars\u2655\n|inactive|Battle timer is ON: inactive players will automatically lose when time's up.\n|t:|1700972954\n|gametype|singles\n|player|p1|Amstan|lucas|\n|player|p2|Oculars\u2655|lusamine-nihilego|\n|teamsize|p1|6\n|teamsize|p2|6\n|gen|9\n|tier|[Gen 9] National Dex\n|rated|Tournament battle\n|rule|HP Percentage Mod: HP is shown in percentages\n|rule|Endless Battle Clause: Forcing endless battles is banned\n|rule|OHKO Clause: OHKO moves are banned\n|rule|Evasion Clause: Evasion abilities, items, and moves are banned\n|rule|Evasion Abilities Clause: Evasion abilities are banned\n|rule|Evasion Items Clause: Evasion items are banned\n|rule|Evasion Moves Clause: Evasion moves are banned\n|rule|Species Clause: Limit one of each Pok\u00e9mon\n|rule|Sleep Clause Mod: Limit one foe put to sleep\n|clearpoke\n|poke|p1|Shuckle, L5, M|\n|poke|p1|Aerodactyl, L5, F|\n|poke|p1|Salazzle, L5, F|\n|poke|p1|Ditto, L5|\n|poke|p1|Enamorus, L5, F|\n|poke|p1|Serperior, L5, M|\n|poke|p2|Ribombee, L5, F|\n|poke|p2|Hatterene, L5, F|\n|poke|p2|Aerodactyl, L5, M|\n|poke|p2|Salazzle, L5, F|\n|poke|p2|Yanmega, L5, M|\n|poke|p2|Floatzel, L5, F|\n|teampreview\n|j|+Slash Death\n|j| Velcroc\n|j| SWAG_MASSIAH\n|\n|t:|1700972970\n|start\n|switch|p1a: Fairy types r bad|Salazzle, L5, F, shiny|100\/100\n|switch|p2a: Ribombee|Ribombee, L5, F|100\/100\n|turn|1\n|c| SWAG_MASSIAH|Oh?\n|c| Velcroc|people forgot about big kingdra\n|\n|t:|1700972980\n|move|p2a: Ribombee|Stun Spore|p1a: Fairy types r bad\n|-status|p1a: Fairy types r bad|par\n|move|p1a: Fairy types r bad|Sludge Wave|p2a: Ribombee\n|-supereffective|p2a: Ribombee\n|-enditem|p2a: Ribombee|Focus Sash\n|-damage|p2a: Ribombee|5\/100\n|\n|upkeep\n|turn|2\n|c| Velcroc|rip\n|\n|t:|1700972986\n|move|p2a: Ribombee|Sticky Web|p1a: Fairy types r bad\n|-sidestart|p1: Amstan|move: Sticky Web\n|move|p1a: Fairy types r bad|Sludge Wave|p2a: Ribombee\n|-supereffective|p2a: Ribombee\n|-damage|p2a: Ribombee|0 fnt\n|faint|p2a: Ribombee\n|\n|upkeep\n|c|\u2606Oculars\u2655|why would we bring kingdra\n|\n|t:|1700972999\n|switch|p2a: Floatzel|Floatzel, L5, F|100\/100\n|turn|3\n|\n|t:|1700973005\n|move|p2a: Floatzel|Aqua Jet|p1a: Fairy types r bad\n|-supereffective|p1a: Fairy types r bad\n|-damage|p1a: Fairy types r bad|25\/100 par\n|move|p1a: Fairy types r bad|Dragon Rage|p2a: Floatzel\n|-enditem|p2a: Floatzel|Focus Sash\n|-damage|p2a: Floatzel|4\/100\n|\n|-heal|p1a: Fairy types r bad|30\/100 par|[from] item: Black Sludge\n|upkeep\n|turn|4\n|\n|t:|1700973013\n|move|p2a: Floatzel|Sonic Boom|p1a: Fairy types r bad\n|-damage|p1a: Fairy types r bad|0 fnt\n|faint|p1a: Fairy types r bad\n|\n|upkeep\n|\n|t:|1700973015\n|switch|p1a: Webs eater|Serperior, L5, M, shiny|100\/100\n|-activate|p1a: Webs eater|move: Sticky Web\n|-boost|p1a: Webs eater|spe|1\n|turn|5\n|\n|t:|1700973021\n|move|p1a: Webs eater|Leaf Storm|p2a: Floatzel\n|-supereffective|p2a: Floatzel\n|-crit|p2a: Floatzel\n|-damage|p2a: Floatzel|0 fnt\n|-boost|p1a: Webs eater|spa|2\n|faint|p2a: Floatzel\n|\n|upkeep\n|\n|t:|1700973027\n|switch|p2a: Salazzle|Salazzle, L5, F|100\/100\n|turn|6\n|\n|t:|1700973033\n|switch|p1a: aw shucks|Shuckle, L5, M, shiny|100\/100\n|-activate|p1a: aw shucks|move: Sticky Web\n|-unboost|p1a: aw shucks|spe|1\n|move|p2a: Salazzle|Dragon Rage|p1a: aw shucks\n|-ability|p1a: aw shucks|Sturdy\n|-damage|p1a: aw shucks|5\/100\n|\n|upkeep\n|turn|7\n|-enditem|p1a: aw shucks|Custap Berry|[eat]\n|-activate|p1a: aw shucks|item: Custap Berry|[consumed]\n|\n|t:|1700973039\n|move|p1a: aw shucks|Final Gambit|p2a: Salazzle\n|-damage|p2a: Salazzle|96\/100\n|faint|p1a: aw shucks\n|move|p2a: Salazzle|Sludge Wave|p1: aw shucks|[notarget]\n|-fail|p2a: Salazzle\n|\n|upkeep\n|\n|t:|1700973042\n|switch|p1a: noble rawr|Aerodactyl, L5, F, shiny|100\/100\n|turn|8\n|c| SWAG_MASSIAH|Lmao\n|\n|t:|1700973048\n|detailschange|p1a: noble rawr|Aerodactyl-Mega, L5, F, shiny\n|-mega|p1a: noble rawr|Aerodactyl|Aerodactylite\n|move|p1a: noble rawr|Protect|p1a: noble rawr\n|-singleturn|p1a: noble rawr|Protect\n|move|p2a: Salazzle|Endure||[still]\n|-fail|p2a: Salazzle\n|\n|upkeep\n|turn|9\n|\n|t:|1700973057\n|-terastallize|p2a: Salazzle|Fairy\n|move|p1a: noble rawr|Dragon Rage|p2a: Salazzle\n|-immune|p2a: Salazzle\n|move|p2a: Salazzle|Dragon Rage|p1a: noble rawr\n|-damage|p1a: noble rawr|0 fnt\n|faint|p1a: noble rawr\n|\n|upkeep\n|\n|t:|1700973062\n|switch|p1a: Webs eater|Serperior, L5, M, shiny|100\/100\n|-activate|p1a: Webs eater|move: Sticky Web\n|-boost|p1a: Webs eater|spe|1\n|turn|10\n|c| Velcroc|wow\n|\n|t:|1700973068\n|move|p1a: Webs eater|Leaf Storm|p2a: Salazzle\n|-crit|p2a: Salazzle\n|-damage|p2a: Salazzle|0 fnt\n|-boost|p1a: Webs eater|spa|2\n|faint|p2a: Salazzle\n|\n|upkeep\n|\n|t:|1700973075\n|switch|p2a: Hatterene|Hatterene, L5, F|100\/100\n|turn|11\n|\n|t:|1700973080\n|move|p1a: Webs eater|Leaf Storm|p2a: Hatterene\n|-enditem|p2a: Hatterene|Focus Sash\n|-damage|p2a: Hatterene|4\/100\n|-boost|p1a: Webs eater|spa|2\n|move|p2a: Hatterene|Nuzzle|p1a: Webs eater\n|-resisted|p1a: Webs eater\n|-damage|p1a: Webs eater|96\/100\n|-status|p1a: Webs eater|par\n|\n|-heal|p1a: Webs eater|100\/100 par|[from] item: Leftovers\n|upkeep\n|turn|12\n|\n|t:|1700973086\n|switch|p2a: Yanmega|Yanmega, L5, M|100\/100\n|move|p1a: Webs eater|Hidden Power|p2a: Yanmega\n|-supereffective|p2a: Yanmega\n|-damage|p2a: Yanmega|0 fnt\n|faint|p2a: Yanmega\n|\n|upkeep\n|\n|t:|1700973089\n|switch|p2a: Aerodactyl|Aerodactyl, L5, M|100\/100\n|turn|13\n|\n|t:|1700973094\n|cant|p1a: Webs eater|par\n|move|p2a: Aerodactyl|Dragon Rage|p1a: Webs eater\n|-damage|p1a: Webs eater|0 fnt\n|faint|p1a: Webs eater\n|\n|upkeep\n|\n|t:|1700973103\n|switch|p1a: Fairy types bald|Enamorus, L5, F|100\/100\n|turn|14\n|\n|t:|1700973107\n|detailschange|p2a: Aerodactyl|Aerodactyl-Mega, L5, M\n|-mega|p2a: Aerodactyl|Aerodactyl|Aerodactylite\n|move|p1a: Fairy types bald|Moonblast|p2a: Aerodactyl\n|-damage|p2a: Aerodactyl|39\/100\n|move|p2a: Aerodactyl|Iron Tail|p1a: Fairy types bald\n|-supereffective|p1a: Fairy types bald\n|-damage|p1a: Fairy types bald|0 fnt\n|faint|p1a: Fairy types bald\n|\n|upkeep\n|c| SWAG_MASSIAH|Yeah rigged\n|\n|t:|1700973111\n|switch|p1a: Dis u?|Ditto, L5, shiny|100\/100\n|-activate|p1a: Dis u?|move: Sticky Web\n|-unboost|p1a: Dis u?|spe|1\n|-transform|p1a: Dis u?|p2a: Aerodactyl|[from] ability: Imposter\n|turn|15\n|\n|t:|1700973118\n|move|p1a: Dis u?|Iron Tail|p2a: Aerodactyl\n|-supereffective|p2a: Aerodactyl\n|-damage|p2a: Aerodactyl|0 fnt\n|faint|p2a: Aerodactyl\n|\n|upkeep\n|c|\u2606Oculars\u2655|gg\n|\n|t:|1700973124\n|switch|p2a: Hatterene|Hatterene, L5, F|4\/100\n|turn|16\n|c|\u2606Amstan|Gg\n|\n|t:|1700973131\n|move|p1a: Dis u?|Iron Tail|p2a: Hatterene|[miss]\n|-miss|p1a: Dis u?|p2a: Hatterene\n|move|p2a: Hatterene|Psyshock|p1a: Dis u?\n|-damage|p1a: Dis u?|39\/100\n|\n|upkeep\n|turn|17\n|c| Velcroc|should have gone rock move tbh\n|c| Velcroc|or dwb\n|c|\u2606Oculars\u2655|quick dodge\n|c|\u2606Oculars\u2655|no rock move\n|c|\u2606Amstan|No rock move\n|\n|t:|1700973146\n|move|p1a: Dis u?|Iron Tail|p2a: Hatterene\n|-supereffective|p2a: Hatterene\n|-damage|p2a: Hatterene|0 fnt\n|faint|p2a: Hatterene\n|\n|win|Amstan\n|n|\u2606Amstan|amstan\n|n|\u2606Oculars\u2655|oculars\n|n| Slash Death|slashdeath\n|n| Velcroc|velcroc\n|n| SWAG_MASSIAH|swagmassiah\n","uploadtime":1700973147,"views":4,"p1id":"amstan","p2id":"oculars","formatid":"gen9nationaldex","rating":0,"private":0,"password":""}