{"id":"gen9nationaldex-2000142758","p1":"0d000721","p2":"Mr.liang","format":"[Gen 9] National Dex","log":"|html|<div class=\"broadcast-blue\"><strong>[Gen 9] National Dex is currently suspecting Sneasler! For information on how to participate check out the <a href=\"https:\/\/www.smogon.com\/forums\/threads\/sv-national-dex-suspect-8-just-dance.3731534\/\">suspect thread<\/a>.<\/strong><\/div>\n|j|\u26060d000721\n|j|\u2606Mr.liang\n|t:|1701162307\n|gametype|singles\n|player|p1|0d000721|serena-masters3|1629\n|player|p2|Mr.liang|1|1586\n|teamsize|p1|6\n|teamsize|p2|6\n|gen|9\n|tier|[Gen 9] National Dex\n|rated|\n|rule|HP Percentage Mod: HP is shown in percentages\n|rule|Endless Battle Clause: Forcing endless battles is banned\n|rule|OHKO Clause: OHKO moves are banned\n|rule|Evasion Clause: Evasion abilities, items, and moves are banned\n|rule|Evasion Abilities Clause: Evasion abilities are banned\n|rule|Evasion Items Clause: Evasion items are banned\n|rule|Evasion Moves Clause: Evasion moves are banned\n|rule|Species Clause: Limit one of each Pok\u00e9mon\n|rule|Sleep Clause Mod: Limit one foe put to sleep\n|clearpoke\n|poke|p1|Glimmora, M|\n|poke|p1|Greninja-*, M|\n|poke|p1|Dragonite, F|\n|poke|p1|Heatran, M|\n|poke|p1|Great Tusk|\n|poke|p1|Banette, M|\n|poke|p2|Urshifu-*, F|\n|poke|p2|Mew|\n|poke|p2|Maushold|\n|poke|p2|Weavile, F|\n|poke|p2|Greninja-*, M|\n|poke|p2|Landorus-Therian, M|\n|teampreview\n|inactive|Battle timer is ON: inactive players will automatically lose when time's up. (requested by 0d000721)\n|\n|t:|1701162318\n|start\n|switch|p1a: Glimmora|Glimmora, M|100\/100\n|switch|p2a: Greninja|Greninja, M|100\/100\n|turn|1\n|\n|t:|1701162325\n|-terastallize|p2a: Greninja|Water\n|move|p2a: Greninja|Water Shuriken|p1a: Glimmora\n|-supereffective|p1a: Glimmora\n|-damage|p1a: Glimmora|73\/100\n|-supereffective|p1a: Glimmora\n|-damage|p1a: Glimmora|46\/100\n|-hitcount|p1a: Glimmora|2\n|-damage|p2a: Greninja|91\/100|[from] item: Life Orb\n|move|p1a: Glimmora|Energy Ball|p2a: Greninja\n|-supereffective|p2a: Greninja\n|-damage|p2a: Greninja|0 fnt\n|faint|p2a: Greninja\n|\n|upkeep\n|\n|t:|1701162336\n|switch|p2a: Weavile|Weavile, F|100\/100\n|-ability|p2a: Weavile|Pressure\n|turn|2\n|\n|t:|1701162346\n|move|p2a: Weavile|Knock Off|p1a: Glimmora\n|-damage|p1a: Glimmora|0 fnt\n|-activate|p1a: Glimmora|ability: Toxic Debris\n|-sidestart|p2: Mr.liang|move: Toxic Spikes\n|-enditem|p1a: Glimmora|Focus Sash|[from] move: Knock Off|[of] p2a: Weavile\n|faint|p1a: Glimmora\n|\n|upkeep\n|\n|t:|1701162357\n|switch|p1a: Great Tusk|Great Tusk|100\/100\n|turn|3\n|\n|t:|1701162361\n|switch|p2a: Landorus|Landorus-Therian, M|100\/100\n|-ability|p2a: Landorus|Intimidate|boost\n|-unboost|p1a: Great Tusk|atk|1\n|move|p1a: Great Tusk|Ice Spinner|p2a: Landorus\n|-supereffective|p2a: Landorus\n|-damage|p2a: Landorus|30\/100\n|\n|upkeep\n|turn|4\n|\n|t:|1701162374\n|move|p1a: Great Tusk|Ice Spinner|p2a: Landorus\n|-supereffective|p2a: Landorus\n|-damage|p2a: Landorus|0 fnt\n|faint|p2a: Landorus\n|\n|upkeep\n|\n|t:|1701162378\n|switch|p2a: Maushold|Maushold|100\/100\n|-status|p2a: Maushold|psn\n|turn|5\n|\n|t:|1701162385\n|move|p2a: Maushold|Tidy Up|p2a: Maushold\n|-sideend|p2: Mr.liang|Toxic Spikes\n|-activate|p2a: Maushold|move: Tidy Up\n|-boost|p2a: Maushold|atk|1\n|-boost|p2a: Maushold|spe|1\n|move|p1a: Great Tusk|Close Combat|p2a: Maushold\n|-supereffective|p2a: Maushold\n|-damage|p2a: Maushold|0 fnt\n|-unboost|p1a: Great Tusk|def|1\n|-unboost|p1a: Great Tusk|spd|1\n|faint|p2a: Maushold\n|\n|upkeep\n|\n|t:|1701162397\n|switch|p2a: Urshifu|Urshifu-Rapid-Strike, F|100\/100\n|turn|6\n|\n|t:|1701162412\n|-end|p1a: Great Tusk|Protosynthesis|[silent]\n|switch|p1a: Greninja|Greninja, M|100\/100\n|move|p2a: Urshifu|Ice Spinner|p1a: Greninja\n|-resisted|p1a: Greninja\n|-damage|p1a: Greninja|61\/100\n|\n|upkeep\n|turn|7\n|\n|t:|1701162418\n|switch|p2a: Weavile|Weavile, F|100\/100\n|-ability|p2a: Weavile|Pressure\n|move|p1a: Greninja|Surf|p2a: Weavile\n|-damage|p2a: Weavile|33\/100\n|-damage|p1a: Greninja|51\/100|[from] item: Life Orb\n|\n|upkeep\n|turn|8\n|\n|t:|1701162423\n|move|p1a: Greninja|Water Shuriken|p2a: Weavile\n|-damage|p2a: Weavile|21\/100\n|-crit|p2a: Weavile\n|-damage|p2a: Weavile|3\/100\n|-hitcount|p2a: Weavile|2\n|-damage|p1a: Greninja|42\/100|[from] item: Life Orb\n|move|p2a: Weavile|Knock Off|p1a: Greninja\n|-resisted|p1a: Greninja\n|-damage|p1a: Greninja|0 fnt\n|-enditem|p1a: Greninja|Life Orb|[from] move: Knock Off|[of] p2a: Weavile\n|faint|p1a: Greninja\n|\n|upkeep\n|\n|t:|1701162430\n|switch|p1a: Great Tusk|Great Tusk|100\/100\n|turn|9\n|\n|t:|1701162435\n|switch|p2a: Mew|Mew|100\/100\n|move|p1a: Great Tusk|Rapid Spin|p2a: Mew\n|-damage|p2a: Mew|84\/100\n|-boost|p1a: Great Tusk|spe|1\n|\n|-heal|p2a: Mew|91\/100|[from] item: Leftovers\n|upkeep\n|turn|10\n|\n|t:|1701162445\n|move|p1a: Great Tusk|Headlong Rush|p2a: Mew\n|-damage|p2a: Mew|38\/100\n|-unboost|p1a: Great Tusk|def|1\n|-unboost|p1a: Great Tusk|spd|1\n|move|p2a: Mew|Imprison|p2a: Mew\n|-start|p2a: Mew|move: Imprison\n|\n|-heal|p2a: Mew|45\/100|[from] item: Leftovers\n|upkeep\n|turn|11\n|\n|t:|1701162450\n|move|p1a: Great Tusk|Headlong Rush|p2a: Mew\n|-damage|p2a: Mew|0 fnt\n|-unboost|p1a: Great Tusk|def|1\n|-unboost|p1a: Great Tusk|spd|1\n|faint|p2a: Mew\n|\n|upkeep\n|\n|t:|1701162453\n|switch|p2a: Urshifu|Urshifu-Rapid-Strike, F|100\/100\n|turn|12\n|\n|t:|1701162462\n|move|p1a: Great Tusk|Headlong Rush|p2a: Urshifu\n|-damage|p2a: Urshifu|38\/100\n|-unboost|p1a: Great Tusk|def|1\n|-unboost|p1a: Great Tusk|spd|1\n|move|p2a: Urshifu|Surging Strikes|p1a: Great Tusk\n|-supereffective|p1a: Great Tusk\n|-crit|p1a: Great Tusk\n|-damage|p1a: Great Tusk|0 fnt\n|faint|p1a: Great Tusk\n|-end|p1a: Great Tusk|Protosynthesis|[silent]\n|-hitcount|p1: Great Tusk|1\n|\n|upkeep\n|\n|t:|1701162468\n|switch|p1a: Banette|Banette, M|100\/100\n|-item|p2a: Urshifu|Choice Band|[from] ability: Frisk|[of] p1a: Banette|[identify]\n|turn|13\n|\n|t:|1701162474\n|detailschange|p1a: Banette|Banette-Mega, M\n|-mega|p1a: Banette|Banette|Banettite\n|move|p1a: Banette|Destiny Bond|p1a: Banette\n|-singlemove|p1a: Banette|Destiny Bond\n|move|p2a: Urshifu|Surging Strikes|p1a: Banette\n|-crit|p1a: Banette\n|-damage|p1a: Banette|61\/100\n|-crit|p1a: Banette\n|-damage|p1a: Banette|18\/100\n|-crit|p1a: Banette\n|-damage|p1a: Banette|0 fnt\n|faint|p1a: Banette\n|-activate|p1a: Banette|move: Destiny Bond\n|faint|p2a: Urshifu\n|-hitcount|p1: Banette|3\n|\n|upkeep\n|\n|t:|1701162477\n|switch|p2a: Weavile|Weavile, F|3\/100\n|switch|p1a: Dragonite|Dragonite, F|100\/100\n|-ability|p2a: Weavile|Pressure\n|turn|14\n|\n|t:|1701162480\n|move|p1a: Dragonite|Extreme Speed|p2a: Weavile\n|-crit|p2a: Weavile\n|-damage|p2a: Weavile|0 fnt\n|faint|p2a: Weavile\n|\n|win|0d000721\n|raw|0d000721's rating: 1629 &rarr; <strong>1647<\/strong><br \/>(+18 for winning)\n|raw|Mr.liang's rating: 1586 &rarr; <strong>1568<\/strong><br \/>(-18 for losing)\n|l|\u2606Mr.liang\n","uploadtime":1701162554,"views":23,"p1id":"0d000721","p2id":"mrliang","formatid":"gen9nationaldex","rating":1568,"private":0,"password":""}