{"id":"gen9nationaldex-1990266672","p1":"kitmash","p2":"REGILLUMINATI","format":"[Gen 9] National Dex","log":"|j|\u2606kitmash\n|j|\u2606REGILLUMINATI\n|t:|1699947567\n|gametype|singles\n|player|p1|kitmash|2|1599\n|player|p2|REGILLUMINATI|acerola-masters|1607\n|teamsize|p1|6\n|teamsize|p2|6\n|gen|9\n|tier|[Gen 9] National Dex\n|rated|\n|rule|HP Percentage Mod: HP is shown in percentages\n|rule|Endless Battle Clause: Forcing endless battles is banned\n|rule|OHKO Clause: OHKO moves are banned\n|rule|Evasion Clause: Evasion abilities, items, and moves are banned\n|rule|Evasion Abilities Clause: Evasion abilities are banned\n|rule|Evasion Items Clause: Evasion items are banned\n|rule|Evasion Moves Clause: Evasion moves are banned\n|rule|Species Clause: Limit one of each Pok\u00e9mon\n|rule|Sleep Clause Mod: Limit one foe put to sleep\n|clearpoke\n|poke|p1|Wo-Chien|\n|poke|p1|Weezing-Galar, M|\n|poke|p1|Alomomola, M|\n|poke|p1|Bellibolt, M|\n|poke|p1|Kleavor, F|\n|poke|p1|Tapu Koko|\n|poke|p2|Ninetales-Alola, F|\n|poke|p2|Arctovish|\n|poke|p2|Zapdos|\n|poke|p2|Mimikyu, F|\n|poke|p2|Minior|\n|poke|p2|Venusaur, F|\n|teampreview\n|inactive|Battle timer is ON: inactive players will automatically lose when time's up. (requested by REGILLUMINATI)\n|\n|t:|1699947575\n|start\n|switch|p1a: Tapu Koko|Tapu Koko|100\/100\n|switch|p2a: Ninetales|Ninetales-Alola, F|100\/100\n|-fieldstart|move: Electric Terrain|[from] ability: Electric Surge|[of] p1a: Tapu Koko\n|-weather|Snow|[from] ability: Snow Warning|[of] p2a: Ninetales\n|turn|1\n|\n|t:|1699947585\n|move|p1a: Tapu Koko|Thunderbolt|p2a: Ninetales\n|-damage|p2a: Ninetales|27\/100\n|move|p2a: Ninetales|Aurora Veil|p2a: Ninetales\n|-sidestart|p2: REGILLUMINATI|move: Aurora Veil\n|\n|-weather|Snow|[upkeep]\n|upkeep\n|turn|2\n|\n|t:|1699947594\n|switch|p2a: Venusaur|Venusaur, F|100\/100\n|move|p1a: Tapu Koko|Thunderbolt|p2a: Venusaur\n|-resisted|p2a: Venusaur\n|-damage|p2a: Venusaur|82\/100\n|\n|-weather|Snow|[upkeep]\n|upkeep\n|turn|3\n|\n|t:|1699947605\n|switch|p1a: Bellibolt|Bellibolt, M|100\/100\n|detailschange|p2a: Venusaur|Venusaur-Mega, F\n|-mega|p2a: Venusaur|Venusaur|Venusaurite\n|move|p2a: Venusaur|Sludge Bomb|p1a: Bellibolt\n|-damage|p1a: Bellibolt|67\/100\n|-start|p1a: Bellibolt|Charge|Sludge Bomb|[from] ability: Electromorphosis\n|\n|-weather|Snow|[upkeep]\n|upkeep\n|turn|4\n|\n|t:|1699947613\n|move|p2a: Venusaur|Earth Power|p1a: Bellibolt\n|-supereffective|p1a: Bellibolt\n|-damage|p1a: Bellibolt|25\/100\n|-start|p1a: Bellibolt|Charge|Earth Power|[from] ability: Electromorphosis\n|move|p1a: Bellibolt|Slack Off|p1a: Bellibolt\n|-heal|p1a: Bellibolt|75\/100\n|\n|-weather|Snow|[upkeep]\n|upkeep\n|turn|5\n|\n|t:|1699947627\n|switch|p1a: Weezing|Weezing-Galar, M|100\/100\n|move|p2a: Venusaur|Sludge Bomb|p1a: Weezing\n|-damage|p1a: Weezing|32\/100\n|\n|-weather|Snow|[upkeep]\n|-heal|p1a: Weezing|38\/100|[from] item: Leftovers\n|-sideend|p2: REGILLUMINATI|move: Aurora Veil\n|-fieldend|move: Electric Terrain\n|upkeep\n|turn|6\n|\n|t:|1699947647\n|-terastallize|p1a: Weezing|Steel\n|move|p2a: Venusaur|Sludge Bomb|p1a: Weezing\n|-immune|p1a: Weezing\n|move|p1a: Weezing|Will-O-Wisp|p2a: Venusaur|[miss]\n|-miss|p1a: Weezing|p2a: Venusaur\n|\n|-weather|Snow|[upkeep]\n|-heal|p1a: Weezing|44\/100|[from] item: Leftovers\n|upkeep\n|turn|7\n|\n|t:|1699947658\n|move|p2a: Venusaur|Leaf Storm|p1a: Weezing\n|-resisted|p1a: Weezing\n|-damage|p1a: Weezing|0 fnt\n|-unboost|p2a: Venusaur|spa|2\n|faint|p1a: Weezing\n|\n|-weather|Snow|[upkeep]\n|upkeep\n|\n|t:|1699947664\n|switch|p1a: Kleavor|Kleavor, F|100\/100\n|turn|8\n|\n|t:|1699947673\n|move|p1a: Kleavor|Stone Axe|p2a: Venusaur\n|-damage|p2a: Venusaur|14\/100\n|-sidestart|p2: REGILLUMINATI|move: Stealth Rock\n|move|p2a: Venusaur|Giga Drain|p1a: Kleavor\n|-damage|p1a: Kleavor|68\/100\n|-heal|p2a: Venusaur|27\/100|[from] drain|[of] p1a: Kleavor\n|\n|-weather|none\n|upkeep\n|turn|9\n|\n|t:|1699947681\n|move|p1a: Kleavor|Stone Axe|p2a: Venusaur\n|-damage|p2a: Venusaur|0 fnt\n|faint|p2a: Venusaur\n|\n|upkeep\n|\n|t:|1699947687\n|switch|p2a: Ninetales|Ninetales-Alola, F|27\/100\n|-damage|p2a: Ninetales|2\/100|[from] Stealth Rock\n|-weather|Snow|[from] ability: Snow Warning|[of] p2a: Ninetales\n|turn|10\n|\n|t:|1699947694\n|move|p2a: Ninetales|Aurora Veil|p2a: Ninetales\n|-sidestart|p2: REGILLUMINATI|move: Aurora Veil\n|move|p1a: Kleavor|Stone Axe|p2a: Ninetales\n|-supereffective|p2a: Ninetales\n|-damage|p2a: Ninetales|0 fnt\n|faint|p2a: Ninetales\n|\n|-weather|Snow|[upkeep]\n|upkeep\n|\n|t:|1699947699\n|switch|p2a: Arctovish|Arctovish|100\/100\n|-damage|p2a: Arctovish|76\/100|[from] Stealth Rock\n|turn|11\n|\n|t:|1699947705\n|switch|p1a: Wo-Chien|Wo-Chien|100\/100\n|-ability|p1a: Wo-Chien|Tablets of Ruin\n|-terastallize|p2a: Arctovish|Water\n|move|p2a: Arctovish|Fishious Rend|p1a: Wo-Chien\n|-resisted|p1a: Wo-Chien\n|-damage|p1a: Wo-Chien|61\/100\n|\n|-weather|Snow|[upkeep]\n|-heal|p1a: Wo-Chien|67\/100|[from] item: Leftovers\n|upkeep\n|turn|12\n|\n|t:|1699947729\n|move|p2a: Arctovish|Fishious Rend|p1a: Wo-Chien\n|-resisted|p1a: Wo-Chien\n|-damage|p1a: Wo-Chien|33\/100\n|move|p1a: Wo-Chien|Leech Seed|p2a: Arctovish\n|-start|p2a: Arctovish|move: Leech Seed\n|\n|-weather|Snow|[upkeep]\n|-heal|p1a: Wo-Chien|39\/100|[from] item: Leftovers\n|-damage|p2a: Arctovish|63\/100|[from] Leech Seed|[of] p1a: Wo-Chien\n|-heal|p1a: Wo-Chien|50\/100|[silent]\n|upkeep\n|turn|13\n|\n|t:|1699947737\n|switch|p2a: Minior|Minior, shiny|100\/100\n|-damage|p2a: Minior|76\/100|[from] Stealth Rock\n|-formechange|p2a: Minior|Minior-Meteor||[from] ability: Shields Down\n|move|p1a: Wo-Chien|Rest|p1a: Wo-Chien\n|-status|p1a: Wo-Chien|slp|[from] move: Rest\n|-heal|p1a: Wo-Chien|100\/100 slp|[silent]\n|\n|-weather|Snow|[upkeep]\n|upkeep\n|turn|14\n|inactive|kitmash has 120 seconds left.\n|\n|t:|1699947780\n|cant|p1a: Wo-Chien|slp\n|move|p2a: Minior|Shell Smash|p2a: Minior\n|-unboost|p2a: Minior|def|1\n|-unboost|p2a: Minior|spd|1\n|-boost|p2a: Minior|atk|2\n|-boost|p2a: Minior|spa|2\n|-boost|p2a: Minior|spe|2\n|-enditem|p2a: Minior|White Herb\n|-clearnegativeboost|p2a: Minior|[silent]\n|\n|-weather|Snow|[upkeep]\n|-sideend|p2: REGILLUMINATI|move: Aurora Veil\n|upkeep\n|turn|15\n|\n|t:|1699947790\n|move|p2a: Minior|Shell Smash|p2a: Minior\n|-unboost|p2a: Minior|def|1\n|-unboost|p2a: Minior|spd|1\n|-boost|p2a: Minior|atk|2\n|-boost|p2a: Minior|spa|2\n|-boost|p2a: Minior|spe|2\n|cant|p1a: Wo-Chien|slp\n|\n|-weather|Snow|[upkeep]\n|upkeep\n|turn|16\n|\n|t:|1699947799\n|move|p2a: Minior|Acrobatics|p1a: Wo-Chien\n|-supereffective|p1a: Wo-Chien\n|-damage|p1a: Wo-Chien|0 fnt\n|faint|p1a: Wo-Chien\n|\n|-weather|Snow|[upkeep]\n|upkeep\n|\n|t:|1699947804\n|switch|p1a: Alomomola|Alomomola, M|100\/100\n|turn|17\n|\n|t:|1699947809\n|move|p2a: Minior|Stone Edge|p1a: Alomomola\n|-crit|p1a: Alomomola\n|-damage|p1a: Alomomola|20\/100\n|move|p1a: Alomomola|Flip Turn|p2a: Minior\n|-supereffective|p2a: Minior\n|-crit|p2a: Minior\n|-damage|p2a: Minior|0 fnt\n|faint|p2a: Minior\n|inactive|kitmash has 120 seconds left.\n|\n|t:|1699947820\n|switch|p1a: Tapu Koko|Tapu Koko|100\/100|[from] Flip Turn\n|-fieldstart|move: Electric Terrain|[from] ability: Electric Surge|[of] p1a: Tapu Koko\n|\n|-weather|none\n|upkeep\n|\n|t:|1699947824\n|switch|p2a: Zapdos|Zapdos|100\/100\n|-damage|p2a: Zapdos|76\/100|[from] Stealth Rock\n|turn|18\n|\n|t:|1699947830\n|move|p2a: Zapdos|Heat Wave|p1a: Tapu Koko\n|-damage|p1a: Tapu Koko|49\/100\n|move|p1a: Tapu Koko|Thunderbolt|p2a: Zapdos\n|-damage|p2a: Zapdos|0 fnt\n|faint|p2a: Zapdos\n|\n|upkeep\n|\n|t:|1699947836\n|switch|p2a: Mimikyu|Mimikyu, F|100\/100\n|-damage|p2a: Mimikyu|88\/100|[from] Stealth Rock\n|turn|19\n|\n|t:|1699947850\n|move|p1a: Tapu Koko|Thunderbolt|p2a: Mimikyu\n|-activate|p2a: Mimikyu|ability: Disguise\n|-damage|p2a: Mimikyu|88\/100\n|-status|p2a: Mimikyu|par\n|detailschange|p2a: Mimikyu|Mimikyu-Busted, F\n|-damage|p2a: Mimikyu|76\/100 par|[from] pokemon: Mimikyu-Busted\n|move|p2a: Mimikyu|Swords Dance|p2a: Mimikyu\n|-boost|p2a: Mimikyu|atk|2\n|\n|upkeep\n|turn|20\n|\n|t:|1699947859\n|cant|p2a: Mimikyu|par\n|move|p1a: Tapu Koko|Thunderbolt|p2a: Mimikyu\n|-damage|p2a: Mimikyu|0 fnt\n|faint|p2a: Mimikyu\n|\n|upkeep\n|-message|REGILLUMINATI forfeited.\n|\n|win|kitmash\n|raw|kitmash's rating: 1599 &rarr; <strong>1619<\/strong><br \/>(+20 for winning)\n|raw|REGILLUMINATI's rating: 1607 &rarr; <strong>1587<\/strong><br \/>(-20 for losing)\n|l|\u2606REGILLUMINATI\n","uploadtime":1699947933,"views":7,"p1id":"kitmash","p2id":"regilluminati","formatid":"gen9nationaldex","rating":1587,"private":0,"password":""}