{"id":"gen9nationaldex-1994812476","p1":"Poopoo2","p2":"BigHabibi1629","format":"[Gen 9] National Dex","log":"|html|<div class=\"broadcast-blue\"><strong>[Gen 9] National Dex is currently suspecting Sneasler! For information on how to participate check out the <a href=\"https:\/\/www.smogon.com\/forums\/threads\/sv-national-dex-suspect-8-just-dance.3731534\/\">suspect thread<\/a>.<\/strong><\/div>\n|j|\u2606Poopoo2\n|j|\u2606BigHabibi1629\n|t:|1700495119\n|gametype|singles\n|player|p1|Poopoo2|unknown|1573\n|player|p2|BigHabibi1629|colress|1493\n|teamsize|p1|6\n|teamsize|p2|6\n|gen|9\n|tier|[Gen 9] National Dex\n|rated|\n|rule|HP Percentage Mod: HP is shown in percentages\n|rule|Endless Battle Clause: Forcing endless battles is banned\n|rule|OHKO Clause: OHKO moves are banned\n|rule|Evasion Clause: Evasion abilities, items, and moves are banned\n|rule|Evasion Abilities Clause: Evasion abilities are banned\n|rule|Evasion Items Clause: Evasion items are banned\n|rule|Evasion Moves Clause: Evasion moves are banned\n|rule|Species Clause: Limit one of each Pok\u00e9mon\n|rule|Sleep Clause Mod: Limit one foe put to sleep\n|clearpoke\n|poke|p1|Sceptile, F|\n|poke|p1|Gardevoir, F|\n|poke|p1|Seviper, F|\n|poke|p1|Kecleon, M|\n|poke|p1|Relicanth, M|\n|poke|p1|Cursola, F|\n|poke|p2|Hatterene, F|\n|poke|p2|Ursaluna, M|\n|poke|p2|Torkoal, F|\n|poke|p2|Uxie|\n|poke|p2|Glastrier|\n|poke|p2|Cresselia, F|\n|teampreview\n|inactive|Battle timer is ON: inactive players will automatically lose when time's up. (requested by BigHabibi1629)\n|\n|t:|1700495125\n|start\n|switch|p1a: Cursola|Cursola, F|100\/100\n|switch|p2a: Hatterene|Hatterene, F|100\/100\n|turn|1\n|\n|t:|1700495131\n|move|p1a: Cursola|Shadow Ball|p2a: Hatterene\n|-supereffective|p2a: Hatterene\n|-enditem|p2a: Hatterene|Focus Sash\n|-damage|p2a: Hatterene|1\/100\n|-unboost|p2a: Hatterene|spd|1\n|move|p2a: Hatterene|Trick Room|p2a: Hatterene\n|-fieldstart|move: Trick Room|[of] p2a: Hatterene\n|\n|upkeep\n|turn|2\n|\n|t:|1700495144\n|switch|p1a: Relicanth|Relicanth, M|100\/100\n|move|p2a: Hatterene|Misty Explosion|p1a: Relicanth\n|-damage|p1a: Relicanth|23\/100\n|faint|p2a: Hatterene\n|\n|-heal|p1a: Relicanth|29\/100|[from] item: Leftovers\n|upkeep\n|\n|t:|1700495158\n|switch|p2a: Glastrier|Glastrier|100\/100\n|turn|3\n|\n|t:|1700495160\n|move|p1a: Relicanth|Protect|p1a: Relicanth\n|-singleturn|p1a: Relicanth|Protect\n|move|p2a: Glastrier|Icicle Spear|p1a: Relicanth\n|-activate|p1a: Relicanth|move: Protect\n|\n|-heal|p1a: Relicanth|35\/100|[from] item: Leftovers\n|upkeep\n|turn|4\n|\n|t:|1700495168\n|move|p2a: Glastrier|Icicle Spear|p1a: Relicanth\n|-resisted|p1a: Relicanth\n|-crit|p1a: Relicanth\n|-damage|p1a: Relicanth|26\/100\n|-resisted|p1a: Relicanth\n|-damage|p1a: Relicanth|20\/100\n|-resisted|p1a: Relicanth\n|-crit|p1a: Relicanth\n|-damage|p1a: Relicanth|11\/100\n|-resisted|p1a: Relicanth\n|-damage|p1a: Relicanth|5\/100\n|-hitcount|p1a: Relicanth|4\n|move|p1a: Relicanth|Stealth Rock|p2a: Glastrier\n|-sidestart|p2: BigHabibi1629|move: Stealth Rock\n|\n|-heal|p1a: Relicanth|12\/100|[from] item: Leftovers\n|upkeep\n|turn|5\n|\n|t:|1700495180\n|switch|p2a: Ursaluna|Ursaluna, M, shiny|100\/100\n|-damage|p2a: Ursaluna|94\/100|[from] Stealth Rock\n|move|p1a: Relicanth|Protect||[still]\n|-fail|p1a: Relicanth\n|\n|-heal|p1a: Relicanth|18\/100|[from] item: Leftovers\n|-fieldend|move: Trick Room\n|-status|p2a: Ursaluna|brn|[from] item: Flame Orb\n|upkeep\n|turn|6\n|\n|t:|1700495187\n|move|p1a: Relicanth|Liquidation|p2a: Ursaluna\n|-supereffective|p2a: Ursaluna\n|-damage|p2a: Ursaluna|41\/100 brn\n|move|p2a: Ursaluna|Facade|p1a: Relicanth\n|-resisted|p1a: Relicanth\n|-damage|p1a: Relicanth|0 fnt\n|faint|p1a: Relicanth\n|\n|-damage|p2a: Ursaluna|35\/100 brn|[from] brn\n|upkeep\n|inactive|Poopoo2 has 120 seconds left.\n|\n|t:|1700495220\n|switch|p1a: Gardevoir|Gardevoir, F|100\/100\n|-ability|p1a: Gardevoir|Guts|[from] ability: Trace|[of] p2a: Ursaluna\n|turn|7\n|\n|t:|1700495226\n|switch|p2a: Cresselia|Cresselia, F, shiny|100\/100\n|-damage|p2a: Cresselia|88\/100|[from] Stealth Rock\n|move|p1a: Gardevoir|Trick|p2a: Cresselia\n|-activate|p1a: Gardevoir|move: Trick|[of] p2a: Cresselia\n|-item|p2a: Cresselia|Choice Scarf|[from] move: Trick\n|-item|p1a: Gardevoir|Mental Herb|[from] move: Trick\n|\n|upkeep\n|turn|8\n|\n|t:|1700495233\n|move|p1a: Gardevoir|Moonblast|p2a: Cresselia\n|-damage|p2a: Cresselia|64\/100\n|-unboost|p2a: Cresselia|spa|1\n|move|p2a: Cresselia|Trick Room|p2a: Cresselia\n|-fieldstart|move: Trick Room|[of] p2a: Cresselia\n|\n|upkeep\n|turn|9\n|\n|t:|1700495242\n|switch|p2a: Glastrier|Glastrier|100\/100\n|-damage|p2a: Glastrier|75\/100|[from] Stealth Rock\n|move|p1a: Gardevoir|Moonblast|p2a: Glastrier\n|-damage|p2a: Glastrier|40\/100\n|\n|upkeep\n|turn|10\n|inactive|Poopoo2 has 120 seconds left.\n|inactive|Poopoo2 has 90 seconds left.\n|\n|t:|1700495314\n|switch|p1a: Sceptile|Sceptile, F|100\/100\n|move|p2a: Glastrier|Icicle Spear|p1a: Sceptile\n|-supereffective|p1a: Sceptile\n|-damage|p1a: Sceptile|47\/100\n|-supereffective|p1a: Sceptile\n|-damage|p1a: Sceptile|0 fnt\n|faint|p1a: Sceptile\n|-ability|p2a: Glastrier|Chilling Neigh|boost\n|-boost|p2a: Glastrier|atk|1\n|-hitcount|p1: Sceptile|2\n|\n|upkeep\n|\n|t:|1700495316\n|switch|p1a: Seviper|Seviper, F|100\/100\n|turn|11\n|inactive|Poopoo2 has 90 seconds left.\n|\n|t:|1700495342\n|-terastallize|p1a: Seviper|Dark\n|move|p1a: Seviper|Sucker Punch|p2a: Glastrier\n|-damage|p2a: Glastrier|17\/100\n|move|p2a: Glastrier|Icicle Spear|p1a: Seviper\n|-damage|p1a: Seviper|57\/100\n|-damage|p1a: Seviper|14\/100\n|-damage|p1a: Seviper|0 fnt\n|faint|p1a: Seviper\n|-ability|p2a: Glastrier|Chilling Neigh|boost\n|-boost|p2a: Glastrier|atk|1\n|-hitcount|p1: Seviper|3\n|\n|upkeep\n|\n|t:|1700495349\n|switch|p1a: Kecleon|Kecleon, M|100\/100\n|turn|12\n|inactive|Poopoo2 has 90 seconds left.\n|\n|t:|1700495368\n|switch|p2a: Ursaluna|Ursaluna, M, shiny|35\/100 brn\n|-damage|p2a: Ursaluna|29\/100 brn|[from] Stealth Rock\n|move|p1a: Kecleon|Shadow Sneak|p2a: Ursaluna\n|-start|p1a: Kecleon|typechange|Ghost|[from] ability: Protean\n|-immune|p2a: Ursaluna\n|\n|-damage|p2a: Ursaluna|23\/100 brn|[from] brn\n|-fieldend|move: Trick Room\n|upkeep\n|turn|13\n|inactive|Poopoo2 has 90 seconds left.\n|inactive|BigHabibi1629 has 120 seconds left.\n|\n|t:|1700495384\n|switch|p2a: Cresselia|Cresselia, F, shiny|64\/100\n|-damage|p2a: Cresselia|52\/100|[from] Stealth Rock\n|move|p1a: Kecleon|Drain Punch|p2a: Cresselia\n|-resisted|p2a: Cresselia\n|-damage|p2a: Cresselia|44\/100\n|\n|upkeep\n|turn|14\n|inactive|Poopoo2 has 90 seconds left.\n|\n|t:|1700495404\n|switch|p1a: Gardevoir|Gardevoir, F|100\/100\n|-ability|p1a: Gardevoir|Levitate|[from] ability: Trace|[of] p2a: Cresselia\n|move|p2a: Cresselia|Lunar Dance|p2a: Cresselia\n|faint|p2a: Cresselia\n|\n|upkeep\n|inactive|BigHabibi1629 has 120 seconds left.\n|\n|t:|1700495418\n|switch|p2a: Glastrier|Glastrier|17\/100\n|-heal|p2a: Glastrier|100\/100|[from] move: Lunar Dance\n|-damage|p2a: Glastrier|75\/100|[from] Stealth Rock\n|turn|15\n|inactive|Poopoo2 has 90 seconds left.\n|\n|t:|1700495432\n|move|p1a: Gardevoir|Moonblast|p2a: Glastrier\n|-damage|p2a: Glastrier|41\/100\n|move|p2a: Glastrier|Icicle Spear|p1a: Gardevoir\n|-damage|p1a: Gardevoir|75\/100\n|-damage|p1a: Gardevoir|49\/100\n|-damage|p1a: Gardevoir|19\/100\n|-damage|p1a: Gardevoir|0 fnt\n|faint|p1a: Gardevoir\n|-ability|p2a: Glastrier|Chilling Neigh|boost\n|-boost|p2a: Glastrier|atk|1\n|-hitcount|p1: Gardevoir|4\n|\n|upkeep\n|\n|t:|1700495436\n|switch|p1a: Cursola|Cursola, F|100\/100\n|turn|16\n|\n|t:|1700495443\n|move|p1a: Cursola|Shadow Ball|p2a: Glastrier\n|-damage|p2a: Glastrier|0 fnt\n|faint|p2a: Glastrier\n|\n|upkeep\n|\n|t:|1700495446\n|switch|p2a: Uxie|Uxie|100\/100\n|-damage|p2a: Uxie|88\/100|[from] Stealth Rock\n|turn|17\n|\n|t:|1700495449\n|move|p1a: Cursola|Shadow Ball|p2a: Uxie\n|-supereffective|p2a: Uxie\n|-damage|p2a: Uxie|6\/100\n|-unboost|p2a: Uxie|spd|1\n|move|p2a: Uxie|Trick Room|p2a: Uxie\n|-fieldstart|move: Trick Room|[of] p2a: Uxie\n|\n|upkeep\n|turn|18\n|\n|t:|1700495455\n|switch|p1a: Kecleon|Kecleon, M|100\/100\n|move|p2a: Uxie|Memento|p1a: Kecleon\n|-unboost|p1a: Kecleon|atk|2\n|-unboost|p1a: Kecleon|spa|2\n|faint|p2a: Uxie\n|\n|upkeep\n|\n|t:|1700495473\n|switch|p2a: Torkoal|Torkoal, F|100\/100\n|-damage|p2a: Torkoal|76\/100|[from] Stealth Rock\n|-weather|SunnyDay|[from] ability: Drought|[of] p2a: Torkoal\n|turn|19\n|\n|t:|1700495486\n|-terastallize|p2a: Torkoal|Fire\n|move|p2a: Torkoal|Eruption|p1a: Kecleon\n|-damage|p1a: Kecleon|15\/100\n|move|p1a: Kecleon|Knock Off|p2a: Torkoal\n|-start|p1a: Kecleon|typechange|Dark|[from] ability: Protean\n|-damage|p2a: Torkoal|61\/100\n|-enditem|p2a: Torkoal|Choice Specs|[from] move: Knock Off|[of] p1a: Kecleon\n|\n|-weather|SunnyDay|[upkeep]\n|upkeep\n|turn|20\n|\n|t:|1700495498\n|move|p1a: Kecleon|Shadow Sneak|p2a: Torkoal\n|-damage|p2a: Torkoal|56\/100\n|move|p2a: Torkoal|Flamethrower|p1a: Kecleon\n|-damage|p1a: Kecleon|0 fnt\n|faint|p1a: Kecleon\n|\n|-weather|SunnyDay|[upkeep]\n|upkeep\n|\n|t:|1700495505\n|switch|p1a: Cursola|Cursola, F|100\/100\n|turn|21\n|\n|t:|1700495509\n|move|p2a: Torkoal|Flamethrower|p1a: Cursola\n|-damage|p1a: Cursola|25\/100\n|move|p1a: Cursola|Power Gem|p2a: Torkoal\n|-supereffective|p2a: Torkoal\n|-damage|p2a: Torkoal|0 fnt\n|faint|p2a: Torkoal\n|\n|-weather|SunnyDay|[upkeep]\n|-fieldend|move: Trick Room\n|upkeep\n|\n|t:|1700495512\n|switch|p2a: Ursaluna|Ursaluna, M, shiny|23\/100 brn\n|-damage|p2a: Ursaluna|17\/100 brn|[from] Stealth Rock\n|turn|22\n|\n|t:|1700495519\n|move|p1a: Cursola|Power Gem|p2a: Ursaluna\n|-resisted|p2a: Ursaluna\n|-damage|p2a: Ursaluna|0 fnt\n|faint|p2a: Ursaluna\n|\n|win|Poopoo2\n|raw|Poopoo2's rating: 1573 &rarr; <strong>1588<\/strong><br \/>(+15 for winning)\n|raw|BigHabibi1629's rating: 1493 &rarr; <strong>1478<\/strong><br \/>(-15 for losing)\n|l|\u2606BigHabibi1629\n","uploadtime":1700495528,"views":2,"p1id":"poopoo2","p2id":"bighabibi1629","formatid":"gen9nationaldex","rating":1478,"private":0,"password":""}