{"id":"gen9nationaldex-1993083132","p1":"Ludicolion","p2":"Fealieya","format":"[Gen 9] National Dex","log":"|j|\u2606Ludicolion\n|j|\u2606Fealieya\n|t:|1700262786\n|gametype|singles\n|player|p1|Ludicolion|alder|1216\n|player|p2|Fealieya|266|1170\n|teamsize|p1|6\n|teamsize|p2|6\n|gen|9\n|tier|[Gen 9] National Dex\n|rated|\n|rule|HP Percentage Mod: HP is shown in percentages\n|rule|Endless Battle Clause: Forcing endless battles is banned\n|rule|OHKO Clause: OHKO moves are banned\n|rule|Evasion Clause: Evasion abilities, items, and moves are banned\n|rule|Evasion Abilities Clause: Evasion abilities are banned\n|rule|Evasion Items Clause: Evasion items are banned\n|rule|Evasion Moves Clause: Evasion moves are banned\n|rule|Species Clause: Limit one of each Pok\u00e9mon\n|rule|Sleep Clause Mod: Limit one foe put to sleep\n|clearpoke\n|poke|p1|Politoed, M|\n|poke|p1|Ludicolo, F|\n|poke|p1|Seismitoad, M|\n|poke|p1|Toxicroak, M|\n|poke|p1|Klefki, F|\n|poke|p1|Tornadus, M|\n|poke|p2|Alomomola, M|\n|poke|p2|Toxapex, M|\n|poke|p2|Moltres|\n|poke|p2|Pikachu, F|\n|poke|p2|Mawile, M|\n|poke|p2|Corviknight, F|\n|teampreview\n|\n|t:|1700262794\n|start\n|switch|p1a: Politoed|Politoed, M, shiny|100\/100\n|switch|p2a: Pikachu|Pikachu, F|100\/100\n|-weather|RainDance|[from] ability: Drizzle|[of] p1a: Politoed\n|turn|1\n|inactive|Battle timer is ON: inactive players will automatically lose when time's up. (requested by Ludicolion)\n|\n|t:|1700262800\n|switch|p1a: Seismitoad|Seismitoad, M, shiny|100\/100\n|move|p2a: Pikachu|Fake Out|p1a: Seismitoad\n|-damage|p1a: Seismitoad|82\/100\n|\n|-weather|RainDance|[upkeep]\n|upkeep\n|turn|2\n|c|\u2606Ludicolion|Glhf\n|\n|t:|1700262814\n|switch|p2a: Toxapex|Toxapex, M|100\/100\n|move|p1a: Seismitoad|Stealth Rock|p2a: Toxapex\n|-sidestart|p2: Fealieya|move: Stealth Rock\n|\n|-weather|RainDance|[upkeep]\n|upkeep\n|turn|3\n|\n|t:|1700262822\n|move|p1a: Seismitoad|Earthquake|p2a: Toxapex\n|-supereffective|p2a: Toxapex\n|-damage|p2a: Toxapex|8\/100\n|-damage|p1a: Seismitoad|72\/100|[from] item: Life Orb\n|move|p2a: Toxapex|Toxic|p1a: Seismitoad\n|-status|p1a: Seismitoad|tox\n|\n|-weather|RainDance|[upkeep]\n|-heal|p2a: Toxapex|14\/100|[from] item: Leftovers\n|-damage|p1a: Seismitoad|66\/100 tox|[from] psn\n|upkeep\n|turn|4\n|\n|t:|1700262829\n|move|p2a: Toxapex|Baneful Bunker|p2a: Toxapex\n|-singleturn|p2a: Toxapex|move: Protect\n|move|p1a: Seismitoad|Liquidation|p2a: Toxapex\n|-activate|p2a: Toxapex|move: Protect\n|\n|-weather|RainDance|[upkeep]\n|-heal|p2a: Toxapex|21\/100|[from] item: Leftovers\n|-damage|p1a: Seismitoad|54\/100 tox|[from] psn\n|upkeep\n|turn|5\n|\n|t:|1700262839\n|switch|p2a: Alomomola|Alomomola, M|100\/100\n|-damage|p2a: Alomomola|88\/100|[from] Stealth Rock\n|move|p1a: Seismitoad|Liquidation|p2a: Alomomola\n|-resisted|p2a: Alomomola\n|-crit|p2a: Alomomola\n|-damage|p2a: Alomomola|60\/100\n|-damage|p1a: Seismitoad|44\/100 tox|[from] item: Life Orb\n|\n|-weather|RainDance|[upkeep]\n|-heal|p2a: Alomomola|67\/100|[from] item: Leftovers\n|-damage|p1a: Seismitoad|26\/100 tox|[from] psn\n|upkeep\n|turn|6\n|\n|t:|1700262846\n|move|p1a: Seismitoad|Earthquake|p2a: Alomomola\n|-damage|p2a: Alomomola|33\/100\n|-damage|p1a: Seismitoad|16\/100 tox|[from] item: Life Orb\n|move|p2a: Alomomola|Wish|p2a: Alomomola\n|\n|-weather|RainDance|[upkeep]\n|-heal|p2a: Alomomola|39\/100|[from] item: Leftovers\n|-damage|p1a: Seismitoad|0 fnt|[from] psn\n|faint|p1a: Seismitoad\n|upkeep\n|\n|t:|1700262855\n|switch|p1a: Ludicolo|Ludicolo, F, shiny|100\/100\n|turn|7\n|\n|t:|1700262862\n|move|p1a: Ludicolo|Giga Drain|p2a: Alomomola\n|-supereffective|p2a: Alomomola\n|-damage|p2a: Alomomola|0 fnt\n|faint|p2a: Alomomola\n|\n|-weather|RainDance|[upkeep]\n|upkeep\n|\n|t:|1700262867\n|switch|p2a: Toxapex|Toxapex, M|54\/100\n|-damage|p2a: Toxapex|41\/100|[from] Stealth Rock\n|turn|8\n|\n|t:|1700262878\n|switch|p1a: Klefki|Klefki, F|100\/100\n|move|p2a: Toxapex|Baneful Bunker||[still]\n|-fail|p2a: Toxapex\n|\n|-weather|none\n|-heal|p2a: Toxapex|48\/100|[from] item: Leftovers\n|upkeep\n|turn|9\n|\n|t:|1700262888\n|move|p1a: Klefki|Thunder Wave|p2a: Toxapex\n|-status|p2a: Toxapex|par\n|move|p2a: Toxapex|Recover|p2a: Toxapex\n|-heal|p2a: Toxapex|98\/100 par\n|\n|-heal|p2a: Toxapex|100\/100 par|[from] item: Leftovers\n|upkeep\n|turn|10\n|\n|t:|1700262896\n|move|p1a: Klefki|Spikes|p2a: Toxapex\n|-sidestart|p2: Fealieya|Spikes\n|move|p2a: Toxapex|Toxic|p1a: Klefki\n|-immune|p1a: Klefki\n|\n|upkeep\n|turn|11\n|\n|t:|1700262900\n|switch|p2a: Moltres|Moltres|100\/100\n|move|p1a: Klefki|Spikes|p2a: Moltres\n|-sidestart|p2: Fealieya|Spikes\n|\n|upkeep\n|turn|12\n|\n|t:|1700262906\n|switch|p1a: Politoed|Politoed, M, shiny|100\/100\n|-weather|RainDance|[from] ability: Drizzle|[of] p1a: Politoed\n|move|p2a: Moltres|Defog|p1a: Politoed\n|-unboost|p1a: Politoed|evasion|1\n|-sideend|p2: Fealieya|Spikes|[from] move: Defog|[of] p2a: Moltres\n|-sideend|p2: Fealieya|Stealth Rock|[from] move: Defog|[of] p2a: Moltres\n|\n|-weather|RainDance|[upkeep]\n|upkeep\n|turn|13\n|\n|t:|1700262921\n|switch|p2a: Corviknight|Corviknight, F|100\/100\n|move|p1a: Politoed|Scald|p2a: Corviknight\n|-damage|p2a: Corviknight|63\/100\n|-status|p2a: Corviknight|brn\n|\n|-weather|RainDance|[upkeep]\n|-damage|p2a: Corviknight|57\/100 brn|[from] brn\n|upkeep\n|turn|14\n|\n|t:|1700262935\n|switch|p1a: Klefki|Klefki, F|100\/100\n|move|p2a: Corviknight|U-turn|p1a: Klefki\n|-resisted|p1a: Klefki\n|-damage|p1a: Klefki|98\/100\n|\n|t:|1700262939\n|switch|p2a: Moltres|Moltres|100\/100|[from] U-turn\n|\n|-weather|RainDance|[upkeep]\n|-heal|p1a: Klefki|100\/100|[from] item: Leftovers\n|upkeep\n|turn|15\n|\n|t:|1700262952\n|switch|p1a: Politoed|Politoed, M, shiny|100\/100\n|move|p2a: Moltres|Flamethrower|p1a: Politoed\n|-resisted|p1a: Politoed\n|-damage|p1a: Politoed|91\/100\n|\n|-weather|RainDance|[upkeep]\n|upkeep\n|turn|16\n|\n|t:|1700262967\n|switch|p2a: Toxapex|Toxapex, M|100\/100 par\n|move|p1a: Politoed|Scald|p2a: Toxapex\n|-resisted|p2a: Toxapex\n|-damage|p2a: Toxapex|88\/100 par\n|\n|-weather|RainDance|[upkeep]\n|-heal|p2a: Toxapex|94\/100 par|[from] item: Leftovers\n|upkeep\n|turn|17\n|\n|t:|1700262975\n|switch|p1a: Toxicroak|Toxicroak, M|100\/100\n|move|p2a: Toxapex|Toxic|p1a: Toxicroak\n|-immune|p1a: Toxicroak\n|\n|-weather|RainDance|[upkeep]\n|-heal|p2a: Toxapex|99\/100 par|[from] item: Leftovers\n|upkeep\n|turn|18\n|\n|t:|1700262981\n|move|p2a: Toxapex|Baneful Bunker|p2a: Toxapex\n|-singleturn|p2a: Toxapex|move: Protect\n|move|p1a: Toxicroak|Swords Dance|p1a: Toxicroak\n|-boost|p1a: Toxicroak|atk|2\n|\n|-weather|RainDance|[upkeep]\n|-heal|p2a: Toxapex|100\/100 par|[from] item: Leftovers\n|upkeep\n|turn|19\n|\n|t:|1700262993\n|switch|p2a: Corviknight|Corviknight, F|57\/100 brn\n|move|p1a: Toxicroak|Swords Dance|p1a: Toxicroak\n|-boost|p1a: Toxicroak|atk|2\n|\n|-weather|none\n|-damage|p2a: Corviknight|50\/100 brn|[from] brn\n|upkeep\n|turn|20\n|\n|t:|1700262998\n|move|p1a: Toxicroak|Drain Punch|p2a: Corviknight\n|-damage|p2a: Corviknight|0 fnt\n|-damage|p1a: Toxicroak|84\/100|[from] item: Rocky Helmet|[of] p2a: Corviknight\n|faint|p2a: Corviknight\n|-damage|p1a: Toxicroak|74\/100|[from] item: Life Orb\n|\n|upkeep\n|\n|t:|1700263008\n|switch|p2a: Pikachu|Pikachu, F|100\/100\n|turn|21\n|\n|t:|1700263030\n|-terastallize|p2a: Pikachu|Normal\n|move|p2a: Pikachu|Fake Out|p1a: Toxicroak\n|-damage|p1a: Toxicroak|34\/100\n|cant|p1a: Toxicroak|flinch\n|\n|upkeep\n|turn|22\n|\n|t:|1700263035\n|move|p2a: Pikachu|Extreme Speed|p1a: Toxicroak\n|-damage|p1a: Toxicroak|0 fnt\n|faint|p1a: Toxicroak\n|\n|upkeep\n|\n|t:|1700263043\n|switch|p1a: Klefki|Klefki, F|100\/100\n|turn|23\n|\n|t:|1700263048\n|switch|p2a: Moltres|Moltres|100\/100\n|move|p1a: Klefki|Dazzling Gleam|p2a: Moltres\n|-resisted|p2a: Moltres\n|-damage|p2a: Moltres|90\/100\n|\n|upkeep\n|turn|24\n|\n|t:|1700263054\n|switch|p2a: Pikachu|Pikachu, F, tera:Normal|100\/100\n|switch|p1a: Politoed|Politoed, M, shiny|91\/100\n|-weather|RainDance|[from] ability: Drizzle|[of] p1a: Politoed\n|\n|-weather|RainDance|[upkeep]\n|upkeep\n|turn|25\n|\n|t:|1700263060\n|-terastallize|p1a: Politoed|Ghost\n|move|p2a: Pikachu|Volt Tackle|p1a: Politoed\n|-damage|p1a: Politoed|28\/100\n|-status|p1a: Politoed|par\n|-damage|p2a: Pikachu|63\/100|[from] Recoil\n|move|p1a: Politoed|Scald|p2a: Pikachu\n|-damage|p2a: Pikachu|0 fnt\n|faint|p2a: Pikachu\n|\n|-weather|RainDance|[upkeep]\n|upkeep\n|\n|t:|1700263066\n|switch|p2a: Mawile|Mawile, M|100\/100\n|-ability|p2a: Mawile|Intimidate|boost\n|-unboost|p1a: Politoed|atk|1\n|turn|26\n|\n|t:|1700263072\n|detailschange|p2a: Mawile|Mawile-Mega, M\n|-mega|p2a: Mawile|Mawile|Mawilite\n|move|p2a: Mawile|Sucker Punch|p1a: Politoed\n|-supereffective|p1a: Politoed\n|-damage|p1a: Politoed|0 fnt\n|faint|p1a: Politoed\n|\n|-weather|RainDance|[upkeep]\n|upkeep\n|\n|t:|1700263078\n|switch|p1a: Ludicolo|Ludicolo, F, shiny|100\/100\n|turn|27\n|\n|t:|1700263081\n|move|p1a: Ludicolo|Weather Ball|p2a: Mawile\n|-damage|p2a: Mawile|9\/100\n|move|p2a: Mawile|Swords Dance|p2a: Mawile\n|-boost|p2a: Mawile|atk|2\n|\n|-weather|RainDance|[upkeep]\n|upkeep\n|turn|28\n|\n|t:|1700263086\n|move|p2a: Mawile|Sucker Punch|p1a: Ludicolo\n|-damage|p1a: Ludicolo|0 fnt\n|faint|p1a: Ludicolo\n|\n|-weather|RainDance|[upkeep]\n|upkeep\n|\n|t:|1700263092\n|switch|p1a: Klefki|Klefki, F|100\/100\n|turn|29\n|\n|t:|1700263101\n|-singleturn|p2a: Mawile|move: Focus Punch\n|move|p1a: Klefki|Thunder Wave|p2a: Mawile\n|-status|p2a: Mawile|par\n|move|p2a: Mawile|Focus Punch|p1a: Klefki\n|-crit|p1a: Klefki\n|-damage|p1a: Klefki|0 fnt\n|faint|p1a: Klefki\n|\n|-weather|RainDance|[upkeep]\n|upkeep\n|\n|t:|1700263108\n|switch|p1a: Tornadus|Tornadus, M|100\/100\n|turn|30\n|\n|t:|1700263111\n|cant|p2a: Mawile|par\n|move|p1a: Tornadus|Weather Ball|p2a: Mawile\n|-damage|p2a: Mawile|0 fnt\n|faint|p2a: Mawile\n|\n|-weather|RainDance|[upkeep]\n|upkeep\n|\n|t:|1700263114\n|switch|p2a: Toxapex|Toxapex, M|100\/100 par\n|turn|31\n|\n|t:|1700263117\n|move|p1a: Tornadus|Nasty Plot|p1a: Tornadus\n|-boost|p1a: Tornadus|spa|2\n|move|p2a: Toxapex|Toxic|p1a: Tornadus\n|-status|p1a: Tornadus|tox\n|\n|-weather|none\n|-damage|p1a: Tornadus|94\/100 tox|[from] psn\n|upkeep\n|turn|32\n|\n|t:|1700263124\n|move|p2a: Toxapex|Baneful Bunker|p2a: Toxapex\n|-singleturn|p2a: Toxapex|move: Protect\n|move|p1a: Tornadus|Hurricane|p2a: Toxapex\n|-activate|p2a: Toxapex|move: Protect\n|\n|-damage|p1a: Tornadus|82\/100 tox|[from] psn\n|upkeep\n|turn|33\n|\n|t:|1700263130\n|move|p1a: Tornadus|Hurricane|p2a: Toxapex\n|-damage|p2a: Toxapex|28\/100 par\n|move|p2a: Toxapex|Haze|p2a: Toxapex\n|-clearallboost\n|\n|-heal|p2a: Toxapex|34\/100 par|[from] item: Leftovers\n|-damage|p1a: Tornadus|64\/100 tox|[from] psn\n|upkeep\n|turn|34\n|\n|t:|1700263135\n|move|p2a: Toxapex|Baneful Bunker|p2a: Toxapex\n|-singleturn|p2a: Toxapex|move: Protect\n|move|p1a: Tornadus|Nasty Plot|p1a: Tornadus\n|-boost|p1a: Tornadus|spa|2\n|\n|-heal|p2a: Toxapex|41\/100 par|[from] item: Leftovers\n|-damage|p1a: Tornadus|40\/100 tox|[from] psn\n|upkeep\n|turn|35\n|\n|t:|1700263145\n|switch|p2a: Moltres|Moltres|90\/100\n|move|p1a: Tornadus|Hurricane|p2a: Moltres|[miss]\n|-miss|p1a: Tornadus|p2a: Moltres\n|\n|-damage|p1a: Tornadus|10\/100 tox|[from] psn\n|upkeep\n|turn|36\n|-message|Ludicolion forfeited.\n|\n|win|Fealieya\n|raw|Ludicolion's rating: 1216 &rarr; <strong>1188<\/strong><br \/>(-28 for losing)\n|raw|Fealieya's rating: 1170 &rarr; <strong>1198<\/strong><br \/>(+28 for winning)\n|l|\u2606Ludicolion\n","uploadtime":1700263153,"views":6,"p1id":"ludicolion","p2id":"fealieya","formatid":"gen9nationaldex","rating":1188,"private":0,"password":""}