{"id":"gen9nationaldex-1991839053","p1":"GABRIEL_HU","p2":"opop777","format":"[Gen 9] National Dex","log":"|j|\u2606GABRIEL_HU\n|j|\u2606opop777\n|t:|1700126364\n|gametype|singles\n|player|p1|GABRIEL_HU|guitarist|1395\n|player|p2|opop777|pokemaniac|1344\n|teamsize|p1|6\n|teamsize|p2|6\n|gen|9\n|tier|[Gen 9] National Dex\n|rated|\n|rule|HP Percentage Mod: HP is shown in percentages\n|rule|Endless Battle Clause: Forcing endless battles is banned\n|rule|OHKO Clause: OHKO moves are banned\n|rule|Evasion Clause: Evasion abilities, items, and moves are banned\n|rule|Evasion Abilities Clause: Evasion abilities are banned\n|rule|Evasion Items Clause: Evasion items are banned\n|rule|Evasion Moves Clause: Evasion moves are banned\n|rule|Species Clause: Limit one of each Pok\u00e9mon\n|rule|Sleep Clause Mod: Limit one foe put to sleep\n|clearpoke\n|poke|p1|Garganacl, M|\n|poke|p1|Greninja-*, M|\n|poke|p1|Zapdos|\n|poke|p1|Great Tusk|\n|poke|p1|Heatran, M|\n|poke|p1|Scizor, F|\n|poke|p2|Shuckle, M|\n|poke|p2|Charizard, F|\n|poke|p2|Serperior, F|\n|poke|p2|Landorus-Therian, M|\n|poke|p2|Goodra-Hisui, M|\n|poke|p2|Iron Valiant|\n|teampreview\n|inactive|Battle timer is ON: inactive players will automatically lose when time's up. (requested by opop777)\n|\n|t:|1700126372\n|start\n|switch|p1a: Great Tusk|Great Tusk|100\/100\n|switch|p2a: Shuckle|Shuckle, M|100\/100\n|turn|1\n|\n|t:|1700126384\n|move|p1a: Great Tusk|Rapid Spin|p2a: Shuckle\n|-resisted|p2a: Shuckle\n|-damage|p2a: Shuckle|94\/100\n|-boost|p1a: Great Tusk|spe|1\n|move|p2a: Shuckle|Infestation|p1a: Great Tusk\n|-resisted|p1a: Great Tusk\n|-damage|p1a: Great Tusk|99\/100\n|-activate|p1a: Great Tusk|move: Infestation|[of] p2a: Shuckle\n|\n|-heal|p2a: Shuckle|100\/100|[from] item: Leftovers\n|-damage|p1a: Great Tusk|87\/100|[from] move: Infestation|[partiallytrapped]\n|upkeep\n|turn|2\n|\n|t:|1700126390\n|move|p1a: Great Tusk|Close Combat|p2a: Shuckle\n|-damage|p2a: Shuckle|55\/100\n|-unboost|p1a: Great Tusk|def|1\n|-unboost|p1a: Great Tusk|spd|1\n|move|p2a: Shuckle|Toxic|p1a: Great Tusk\n|-status|p1a: Great Tusk|tox\n|\n|-heal|p2a: Shuckle|61\/100|[from] item: Leftovers\n|-damage|p1a: Great Tusk|81\/100 tox|[from] psn\n|-damage|p1a: Great Tusk|68\/100 tox|[from] move: Infestation|[partiallytrapped]\n|upkeep\n|turn|3\n|\n|t:|1700126394\n|move|p1a: Great Tusk|Close Combat|p2a: Shuckle\n|-damage|p2a: Shuckle|20\/100\n|-unboost|p1a: Great Tusk|def|1\n|-unboost|p1a: Great Tusk|spd|1\n|move|p2a: Shuckle|Stealth Rock|p1a: Great Tusk\n|-sidestart|p1: GABRIEL_HU|move: Stealth Rock\n|\n|-heal|p2a: Shuckle|26\/100|[from] item: Leftovers\n|-damage|p1a: Great Tusk|56\/100 tox|[from] psn\n|-damage|p1a: Great Tusk|43\/100 tox|[from] move: Infestation|[partiallytrapped]\n|upkeep\n|turn|4\n|\n|t:|1700126397\n|move|p1a: Great Tusk|Close Combat|p2a: Shuckle\n|-crit|p2a: Shuckle\n|-damage|p2a: Shuckle|0 fnt\n|-unboost|p1a: Great Tusk|def|1\n|-unboost|p1a: Great Tusk|spd|1\n|faint|p2a: Shuckle\n|\n|-damage|p1a: Great Tusk|25\/100 tox|[from] psn\n|-end|p1a: Great Tusk|Infestation|[partiallytrapped]|[silent]\n|upkeep\n|\n|t:|1700126400\n|switch|p2a: Landorus|Landorus-Therian, M|100\/100\n|-ability|p2a: Landorus|Intimidate|boost\n|-unboost|p1a: Great Tusk|atk|1\n|turn|5\n|\n|t:|1700126403\n|-zpower|p1a: Great Tusk\n|move|p1a: Great Tusk|Subzero Slammer|p2a: Landorus|[zeffect]\n|-supereffective|p2a: Landorus\n|-damage|p2a: Landorus|0 fnt\n|faint|p2a: Landorus\n|\n|-damage|p1a: Great Tusk|0 fnt|[from] psn\n|faint|p1a: Great Tusk\n|-end|p1a: Great Tusk|Protosynthesis|[silent]\n|upkeep\n|\n|t:|1700126423\n|switch|p1a: Heatran|Heatran, M|100\/100\n|switch|p2a: Charizard|Charizard, F|100\/100\n|-damage|p1a: Heatran|88\/100|[from] Stealth Rock\n|turn|6\n|\n|t:|1700126428\n|detailschange|p2a: Charizard|Charizard-Mega-X, F\n|-mega|p2a: Charizard|Charizard|Charizardite X\n|move|p2a: Charizard|Dragon Dance|p2a: Charizard\n|-boost|p2a: Charizard|atk|1\n|-boost|p2a: Charizard|spe|1\n|move|p1a: Heatran|Stealth Rock|p2a: Charizard\n|-sidestart|p2: opop777|move: Stealth Rock\n|\n|upkeep\n|turn|7\n|\n|t:|1700126436\n|move|p2a: Charizard|Earthquake|p1a: Heatran\n|-supereffective|p1a: Heatran\n|-damage|p1a: Heatran|0 fnt\n|faint|p1a: Heatran\n|\n|upkeep\n|\n|t:|1700126438\n|switch|p1a: Zapdos|Zapdos|100\/100\n|turn|8\n|\n|t:|1700126444\n|move|p2a: Charizard|Blaze Kick|p1a: Zapdos\n|-damage|p1a: Zapdos|36\/100\n|move|p1a: Zapdos|Discharge|p2a: Charizard\n|-resisted|p2a: Charizard\n|-damage|p2a: Charizard|77\/100\n|\n|upkeep\n|turn|9\n|\n|t:|1700126452\n|move|p2a: Charizard|Blaze Kick|p1a: Zapdos\n|-damage|p1a: Zapdos|0 fnt\n|-status|p2a: Charizard|par|[from] ability: Static|[of] p1a: Zapdos\n|faint|p1a: Zapdos\n|\n|upkeep\n|\n|t:|1700126455\n|switch|p1a: Greninja|Greninja, M|100\/100\n|-damage|p1a: Greninja|88\/100|[from] Stealth Rock\n|turn|10\n|\n|t:|1700126461\n|switch|p2a: Goodra|Goodra-Hisui, M|100\/100\n|-damage|p2a: Goodra|94\/100|[from] Stealth Rock\n|move|p1a: Greninja|Surf|p2a: Goodra\n|-resisted|p2a: Goodra\n|-damage|p2a: Goodra|84\/100\n|-damage|p1a: Greninja|78\/100|[from] item: Life Orb\n|\n|upkeep\n|turn|11\n|\n|t:|1700126467\n|switch|p1a: Garganacl|Garganacl, M, shiny|100\/100\n|-damage|p1a: Garganacl|88\/100|[from] Stealth Rock\n|move|p2a: Goodra|Knock Off|p1a: Garganacl\n|-damage|p1a: Garganacl|74\/100\n|-enditem|p1a: Garganacl|Leftovers|[from] move: Knock Off|[of] p2a: Goodra\n|\n|upkeep\n|turn|12\n|\n|t:|1700126475\n|-terastallize|p1a: Garganacl|Water\n|move|p2a: Goodra|Ice Beam|p1a: Garganacl\n|-resisted|p1a: Garganacl\n|-damage|p1a: Garganacl|64\/100\n|move|p1a: Garganacl|Salt Cure|p2a: Goodra\n|-resisted|p2a: Goodra\n|-damage|p2a: Goodra|77\/100\n|-start|p2a: Goodra|Salt Cure\n|\n|-damage|p2a: Goodra|52\/100|[from] Salt Cure\n|upkeep\n|turn|13\n|\n|t:|1700126479\n|move|p2a: Goodra|Ice Beam|p1a: Garganacl\n|-resisted|p1a: Garganacl\n|-damage|p1a: Garganacl|53\/100\n|move|p1a: Garganacl|Iron Defense|p1a: Garganacl\n|-boost|p1a: Garganacl|def|2\n|\n|-damage|p2a: Goodra|27\/100|[from] Salt Cure\n|upkeep\n|turn|14\n|\n|t:|1700126482\n|move|p2a: Goodra|Ice Beam|p1a: Garganacl\n|-resisted|p1a: Garganacl\n|-damage|p1a: Garganacl|43\/100\n|move|p1a: Garganacl|Recover|p1a: Garganacl\n|-heal|p1a: Garganacl|93\/100\n|\n|-damage|p2a: Goodra|2\/100|[from] Salt Cure\n|upkeep\n|turn|15\n|\n|t:|1700126486\n|move|p2a: Goodra|Ice Beam|p1a: Garganacl\n|-resisted|p1a: Garganacl\n|-damage|p1a: Garganacl|84\/100\n|move|p1a: Garganacl|Iron Defense|p1a: Garganacl\n|-boost|p1a: Garganacl|def|2\n|\n|-damage|p2a: Goodra|0 fnt|[from] Salt Cure\n|faint|p2a: Goodra\n|upkeep\n|\n|t:|1700126489\n|switch|p2a: Serperior|Serperior, F|100\/100\n|-damage|p2a: Serperior|88\/100|[from] Stealth Rock\n|turn|16\n|\n|t:|1700126493\n|move|p2a: Serperior|Substitute|p2a: Serperior\n|-start|p2a: Serperior|Substitute\n|-damage|p2a: Serperior|63\/100\n|move|p1a: Garganacl|Body Press|p2a: Serperior\n|-end|p2a: Serperior|Substitute\n|\n|-heal|p2a: Serperior|70\/100|[from] item: Leftovers\n|upkeep\n|turn|17\n|\n|t:|1700126499\n|move|p2a: Serperior|Leaf Storm|p1a: Garganacl\n|-supereffective|p1a: Garganacl\n|-damage|p1a: Garganacl|24\/100\n|-boost|p2a: Serperior|spa|2\n|move|p1a: Garganacl|Body Press|p2a: Serperior\n|-damage|p2a: Serperior|0 fnt\n|faint|p2a: Serperior\n|\n|upkeep\n|\n|t:|1700126502\n|switch|p2a: Iron Valiant|Iron Valiant|100\/100\n|-damage|p2a: Iron Valiant|94\/100|[from] Stealth Rock\n|-enditem|p2a: Iron Valiant|Booster Energy\n|-activate|p2a: Iron Valiant|ability: Quark Drive|[fromitem]\n|-start|p2a: Iron Valiant|quarkdrivespe\n|turn|18\n|\n|t:|1700126508\n|-terastallize|p2a: Iron Valiant|Fairy\n|move|p2a: Iron Valiant|Moonblast|p1a: Garganacl\n|-damage|p1a: Garganacl|0 fnt\n|faint|p1a: Garganacl\n|\n|upkeep\n|\n|t:|1700126511\n|switch|p1a: Scizor|Scizor, F|100\/100\n|-damage|p1a: Scizor|88\/100|[from] Stealth Rock\n|turn|19\n|\n|t:|1700126516\n|-end|p2a: Iron Valiant|Quark Drive|[silent]\n|switch|p2a: Charizard|Charizard-Mega-X, F|77\/100 par\n|-damage|p2a: Charizard|52\/100 par|[from] Stealth Rock\n|detailschange|p1a: Scizor|Scizor-Mega, F\n|-mega|p1a: Scizor|Scizor|Scizorite\n|move|p1a: Scizor|Bullet Punch|p2a: Charizard\n|-resisted|p2a: Charizard\n|-damage|p2a: Charizard|37\/100 par\n|\n|upkeep\n|turn|20\n|\n|t:|1700126525\n|switch|p1a: Greninja|Greninja, M|78\/100\n|-damage|p1a: Greninja|66\/100|[from] Stealth Rock\n|cant|p2a: Charizard|par\n|\n|upkeep\n|turn|21\n|\n|t:|1700126530\n|switch|p2a: Iron Valiant|Iron Valiant, tera:Fairy|94\/100\n|-damage|p2a: Iron Valiant|82\/100|[from] Stealth Rock\n|move|p1a: Greninja|Surf|p2a: Iron Valiant\n|-damage|p2a: Iron Valiant|0 fnt\n|faint|p2a: Iron Valiant\n|-end|p2a: Iron Valiant|Quark Drive|[silent]\n|-ability|p1a: Greninja|Battle Bond|boost\n|-boost|p1a: Greninja|atk|1\n|-boost|p1a: Greninja|spa|1\n|-boost|p1a: Greninja|spe|1\n|-activate|p1a: Greninja|ability: Battle Bond\n|-damage|p1a: Greninja|56\/100|[from] item: Life Orb\n|\n|upkeep\n|\n|t:|1700126532\n|switch|p2a: Charizard|Charizard-Mega-X, F|37\/100 par\n|-damage|p2a: Charizard|12\/100 par|[from] Stealth Rock\n|turn|22\n|-message|opop777 forfeited.\n|\n|win|GABRIEL_HU\n|raw|GABRIEL_HU's rating: 1395 &rarr; <strong>1412<\/strong><br \/>(+17 for winning)\n|raw|opop777's rating: 1344 &rarr; <strong>1327<\/strong><br \/>(-17 for losing)\n|l|\u2606opop777\n","uploadtime":1700126538,"views":4,"p1id":"gabrielhu","p2id":"opop777","formatid":"gen9nationaldex","rating":1327,"private":0,"password":""}