{"id":"gen9nationaldex-1996403847","p1":"MikazukiRex_","p2":"hepe","format":"[Gen 9] National Dex","log":"|html|<div class=\"broadcast-blue\"><strong>[Gen 9] National Dex is currently suspecting Sneasler! For information on how to participate check out the <a href=\"https:\/\/www.smogon.com\/forums\/threads\/sv-national-dex-suspect-8-just-dance.3731534\/\">suspect thread<\/a>.<\/strong><\/div>\n|j|\u2606MikazukiRex_\n|j|\u2606hepe\n|t:|1700678751\n|gametype|singles\n|player|p1|MikazukiRex_|ltsurge|1213\n|player|p2|hepe|1|1103\n|teamsize|p1|6\n|teamsize|p2|6\n|gen|9\n|tier|[Gen 9] National Dex\n|rated|\n|rule|HP Percentage Mod: HP is shown in percentages\n|rule|Endless Battle Clause: Forcing endless battles is banned\n|rule|OHKO Clause: OHKO moves are banned\n|rule|Evasion Clause: Evasion abilities, items, and moves are banned\n|rule|Evasion Abilities Clause: Evasion abilities are banned\n|rule|Evasion Items Clause: Evasion items are banned\n|rule|Evasion Moves Clause: Evasion moves are banned\n|rule|Species Clause: Limit one of each Pok\u00e9mon\n|rule|Sleep Clause Mod: Limit one foe put to sleep\n|clearpoke\n|poke|p1|Beedrill, M|\n|poke|p1|Garganacl, M|\n|poke|p1|Tapu Lele|\n|poke|p1|Clodsire, F|\n|poke|p1|Conkeldurr, M|\n|poke|p1|Bronzong|\n|poke|p2|Crawdaunt, F|\n|poke|p2|Charizard, F|\n|poke|p2|Blaziken, M|\n|poke|p2|Ludicolo, F|\n|poke|p2|Beedrill, M|\n|poke|p2|Greninja-*, M|\n|teampreview\n|j| User59402\n|\n|t:|1700678762\n|start\n|switch|p1a: Tapu Lele|Tapu Lele, shiny|100\/100\n|switch|p2a: Ludicolo|Ludicolo, F|100\/100\n|-fieldstart|move: Psychic Terrain|[from] ability: Psychic Surge|[of] p1a: Tapu Lele\n|turn|1\n|l| User59402\n|\n|t:|1700678779\n|move|p1a: Tapu Lele|Moonblast|p2a: Ludicolo\n|-damage|p2a: Ludicolo|52\/100\n|move|p2a: Ludicolo|Rain Dance|p2a: Ludicolo\n|-weather|RainDance\n|\n|-weather|RainDance|[upkeep]\n|upkeep\n|turn|2\n|\n|t:|1700678787\n|move|p1a: Tapu Lele|Moonblast|p2a: Ludicolo\n|-damage|p2a: Ludicolo|8\/100\n|move|p2a: Ludicolo|Scald|p1a: Tapu Lele\n|-damage|p1a: Tapu Lele|38\/100\n|\n|-weather|RainDance|[upkeep]\n|upkeep\n|turn|3\n|\n|t:|1700678794\n|move|p1a: Tapu Lele|Moonblast|p2a: Ludicolo\n|-damage|p2a: Ludicolo|0 fnt\n|faint|p2a: Ludicolo\n|\n|-weather|RainDance|[upkeep]\n|upkeep\n|\n|t:|1700678810\n|switch|p2a: Beedrill|Beedrill, M|100\/100\n|turn|4\n|\n|t:|1700678824\n|switch|p1a: Conkeldurr|Conkeldurr, M|100\/100\n|detailschange|p2a: Beedrill|Beedrill-Mega, M\n|-mega|p2a: Beedrill|Beedrill|Beedrillite\n|move|p2a: Beedrill|Fell Stinger|p1a: Conkeldurr\n|-resisted|p1a: Conkeldurr\n|-damage|p1a: Conkeldurr|84\/100\n|\n|-weather|RainDance|[upkeep]\n|-status|p1a: Conkeldurr|brn|[from] item: Flame Orb\n|upkeep\n|turn|5\n|\n|t:|1700678845\n|move|p2a: Beedrill|Poison Jab|p1a: Conkeldurr\n|-damage|p1a: Conkeldurr|31\/100 brn\n|move|p1a: Conkeldurr|Facade|p2a: Beedrill\n|-damage|p2a: Beedrill|0 fnt\n|faint|p2a: Beedrill\n|\n|-weather|none\n|-damage|p1a: Conkeldurr|25\/100 brn|[from] brn\n|-fieldend|move: Psychic Terrain\n|upkeep\n|\n|t:|1700678857\n|switch|p2a: Greninja|Greninja, M|100\/100\n|turn|6\n|\n|t:|1700678862\n|move|p1a: Conkeldurr|Mach Punch|p2a: Greninja\n|-supereffective|p2a: Greninja\n|-enditem|p2a: Greninja|Focus Sash\n|-damage|p2a: Greninja|1\/100\n|move|p2a: Greninja|Extrasensory|p1a: Conkeldurr\n|-supereffective|p1a: Conkeldurr\n|-crit|p1a: Conkeldurr\n|-damage|p1a: Conkeldurr|0 fnt\n|faint|p1a: Conkeldurr\n|-ability|p2a: Greninja|Battle Bond|boost\n|-boost|p2a: Greninja|atk|1\n|-boost|p2a: Greninja|spa|1\n|-boost|p2a: Greninja|spe|1\n|-activate|p2a: Greninja|ability: Battle Bond\n|\n|upkeep\n|\n|t:|1700678892\n|switch|p1a: Clodsire|Clodsire, F|100\/100\n|turn|7\n|\n|t:|1700678902\n|-terastallize|p1a: Clodsire|Normal\n|move|p2a: Greninja|Scald|p1a: Clodsire\n|-damage|p1a: Clodsire|70\/100\n|move|p1a: Clodsire|Body Slam|p2a: Greninja\n|-damage|p2a: Greninja|0 fnt\n|faint|p2a: Greninja\n|\n|-heal|p1a: Clodsire|77\/100|[from] item: Leftovers\n|upkeep\n|\n|t:|1700678913\n|switch|p2a: Crawdaunt|Crawdaunt, F, shiny|100\/100\n|turn|8\n|\n|t:|1700678919\n|move|p2a: Crawdaunt|Crabhammer|p1a: Clodsire\n|-damage|p1a: Clodsire|15\/100\n|move|p1a: Clodsire|Stockpile|p1a: Clodsire\n|-start|p1a: Clodsire|stockpile1\n|-boost|p1a: Clodsire|def|1\n|-boost|p1a: Clodsire|spd|1\n|\n|-heal|p1a: Clodsire|21\/100|[from] item: Leftovers\n|upkeep\n|turn|9\n|\n|t:|1700678941\n|move|p2a: Crawdaunt|Crabhammer|p1a: Clodsire\n|-damage|p1a: Clodsire|0 fnt\n|faint|p1a: Clodsire\n|\n|upkeep\n|\n|t:|1700678948\n|switch|p1a: Bronzong|Bronzong|100\/100\n|turn|10\n|\n|t:|1700678954\n|move|p2a: Crawdaunt|Crunch|p1a: Bronzong\n|-supereffective|p1a: Bronzong\n|-damage|p1a: Bronzong|11\/100\n|-damage|p2a: Crawdaunt|84\/100|[from] item: Rocky Helmet|[of] p1a: Bronzong\n|move|p1a: Bronzong|Toxic|p2a: Crawdaunt\n|-status|p2a: Crawdaunt|tox\n|\n|-damage|p2a: Crawdaunt|78\/100 tox|[from] psn\n|upkeep\n|turn|11\n|\n|t:|1700678962\n|move|p1a: Bronzong|Protect|p1a: Bronzong\n|-singleturn|p1a: Bronzong|Protect\n|move|p2a: Crawdaunt|Aqua Jet|p1a: Bronzong\n|-activate|p1a: Bronzong|move: Protect\n|\n|-damage|p2a: Crawdaunt|66\/100 tox|[from] psn\n|upkeep\n|turn|12\n|\n|t:|1700678986\n|switch|p1a: Tapu Lele|Tapu Lele, shiny|38\/100\n|-fieldstart|move: Psychic Terrain|[from] ability: Psychic Surge|[of] p1a: Tapu Lele\n|move|p2a: Crawdaunt|Aqua Jet|p1a: Tapu Lele\n|-activate|p1a: Tapu Lele|move: Psychic Terrain\n|\n|-damage|p2a: Crawdaunt|48\/100 tox|[from] psn\n|upkeep\n|turn|13\n|\n|t:|1700679003\n|move|p1a: Tapu Lele|Moonblast|p2a: Crawdaunt\n|-supereffective|p2a: Crawdaunt\n|-damage|p2a: Crawdaunt|0 fnt\n|faint|p2a: Crawdaunt\n|\n|upkeep\n|\n|t:|1700679009\n|switch|p2a: Blaziken|Blaziken, M|100\/100\n|turn|14\n|\n|t:|1700679016\n|move|p1a: Tapu Lele|Moonblast|p2a: Blaziken\n|-damage|p2a: Blaziken|30\/100\n|move|p2a: Blaziken|Swords Dance|p2a: Blaziken\n|-boost|p2a: Blaziken|atk|2\n|\n|-ability|p2a: Blaziken|Speed Boost|boost\n|-boost|p2a: Blaziken|spe|1\n|upkeep\n|turn|15\n|\n|t:|1700679030\n|move|p1a: Tapu Lele|Moonblast|p2a: Blaziken\n|-damage|p2a: Blaziken|0 fnt\n|faint|p2a: Blaziken\n|\n|upkeep\n|inactive|Battle timer is ON: inactive players will automatically lose when time's up. (requested by MikazukiRex_)\n|inactive|hepe has 120 seconds left.\n|-message|hepe forfeited.\n|\n|win|MikazukiRex_\n|raw|MikazukiRex_'s rating: 1213 &rarr; <strong>1230<\/strong><br \/>(+17 for winning)\n|raw|hepe's rating: 1103 &rarr; <strong>1086<\/strong><br \/>(-17 for losing)\n|l|\u2606hepe\n","uploadtime":1700679104,"views":18,"p1id":"mikazukirex","p2id":"hepe","formatid":"gen9nationaldex","rating":1086,"private":0,"password":""}