{"id":"gen9nationaldex-1987370374","p1":"Shino1127","p2":"RandoTestAccount","format":"[Gen 9] National Dex","log":"|j|\u2606Shino1127\n|j|\u2606RandoTestAccount\n|t:|1699582844\n|gametype|singles\n|player|p1|Shino1127|101|1345\n|player|p2|RandoTestAccount|pokemonrangerf|1345\n|teamsize|p1|6\n|teamsize|p2|6\n|gen|9\n|tier|[Gen 9] National Dex\n|rated|\n|rule|HP Percentage Mod: HP is shown in percentages\n|rule|Endless Battle Clause: Forcing endless battles is banned\n|rule|OHKO Clause: OHKO moves are banned\n|rule|Evasion Clause: Evasion abilities, items, and moves are banned\n|rule|Evasion Abilities Clause: Evasion abilities are banned\n|rule|Evasion Items Clause: Evasion items are banned\n|rule|Evasion Moves Clause: Evasion moves are banned\n|rule|Species Clause: Limit one of each Pok\u00e9mon\n|rule|Sleep Clause Mod: Limit one foe put to sleep\n|clearpoke\n|poke|p1|Ferrothorn, M|\n|poke|p1|Sneasler, M|\n|poke|p1|Iron Valiant|\n|poke|p1|Iron Moth|\n|poke|p1|Rotom-Wash|\n|poke|p1|Tyranitar, F|\n|poke|p2|Umbreon, F|\n|poke|p2|Excadrill, F|\n|poke|p2|Corviknight, F|\n|poke|p2|Tapu Fini|\n|poke|p2|Sableye, F|\n|poke|p2|Dragalge, F|\n|teampreview\n|inactive|Battle timer is ON: inactive players will automatically lose when time's up. (requested by Shino1127)\n|inactive|RandoTestAccount also wants the timer to be on.\n|j| Bayern72915\n|\n|t:|1699582852\n|start\n|switch|p1a: Ferrothorn|Ferrothorn, M|100\/100\n|switch|p2a: Spectre of Emerald|Sableye, F, shiny|100\/100\n|turn|1\n|\n|t:|1699582862\n|detailschange|p2a: Spectre of Emerald|Sableye-Mega, F, shiny\n|-mega|p2a: Spectre of Emerald|Sableye|Sablenite\n|move|p1a: Ferrothorn|Stealth Rock|p2a: Spectre of Emerald\n|move|p2a: Spectre of Emerald|Stealth Rock|p1a: Ferrothorn|[from]ability: Magic Bounce\n|-sidestart|p1: Shino1127|move: Stealth Rock\n|move|p2a: Spectre of Emerald|Will-O-Wisp|p1a: Ferrothorn\n|-status|p1a: Ferrothorn|brn\n|\n|-damage|p1a: Ferrothorn|95\/100 brn|[from] brn\n|upkeep\n|turn|2\n|\n|t:|1699582876\n|switch|p1a: Iron Moth|Iron Moth|100\/100\n|-damage|p1a: Iron Moth|76\/100|[from] Stealth Rock\n|-enditem|p1a: Iron Moth|Booster Energy\n|-activate|p1a: Iron Moth|ability: Quark Drive|[fromitem]\n|-start|p1a: Iron Moth|quarkdrivespa\n|move|p2a: Spectre of Emerald|Calm Mind|p2a: Spectre of Emerald\n|-boost|p2a: Spectre of Emerald|spa|1\n|-boost|p2a: Spectre of Emerald|spd|1\n|\n|upkeep\n|turn|3\n|\n|t:|1699582881\n|move|p1a: Iron Moth|Fiery Dance|p2a: Spectre of Emerald\n|-damage|p2a: Spectre of Emerald|65\/100\n|move|p2a: Spectre of Emerald|Dark Pulse|p1a: Iron Moth\n|-damage|p1a: Iron Moth|41\/100\n|\n|upkeep\n|turn|4\n|\n|t:|1699582884\n|move|p1a: Iron Moth|Fiery Dance|p2a: Spectre of Emerald\n|-damage|p2a: Spectre of Emerald|28\/100\n|-boost|p1a: Iron Moth|spa|1\n|move|p2a: Spectre of Emerald|Dark Pulse|p1a: Iron Moth\n|-damage|p1a: Iron Moth|2\/100\n|\n|upkeep\n|turn|5\n|\n|t:|1699582888\n|switch|p2a: Agony Steelheart|Dragalge, F, shiny|100\/100\n|move|p1a: Iron Moth|Fiery Dance|p2a: Agony Steelheart\n|-resisted|p2a: Agony Steelheart\n|-damage|p2a: Agony Steelheart|74\/100\n|\n|-heal|p2a: Agony Steelheart|80\/100|[from] item: Black Sludge\n|upkeep\n|turn|6\n|\n|t:|1699582909\n|move|p1a: Iron Moth|Sludge Wave|p2a: Agony Steelheart\n|-resisted|p2a: Agony Steelheart\n|-damage|p2a: Agony Steelheart|49\/100\n|move|p2a: Agony Steelheart|Dragon Pulse|p1a: Iron Moth\n|-damage|p1a: Iron Moth|0 fnt\n|faint|p1a: Iron Moth\n|-end|p1a: Iron Moth|Quark Drive|[silent]\n|\n|-heal|p2a: Agony Steelheart|55\/100|[from] item: Black Sludge\n|upkeep\n|\n|t:|1699582913\n|switch|p1a: Ferrothorn|Ferrothorn, M|95\/100 brn\n|-damage|p1a: Ferrothorn|89\/100 brn|[from] Stealth Rock\n|turn|7\n|\n|t:|1699582935\n|switch|p2a: Spectre of Emerald|Sableye-Mega, F, shiny|28\/100\n|move|p1a: Ferrothorn|Iron Head|p2a: Spectre of Emerald\n|-damage|p2a: Spectre of Emerald|20\/100\n|\n|-damage|p1a: Ferrothorn|83\/100 brn|[from] brn\n|upkeep\n|turn|8\n|\n|t:|1699582940\n|move|p1a: Ferrothorn|Iron Head|p2a: Spectre of Emerald\n|-damage|p2a: Spectre of Emerald|10\/100\n|cant|p2a: Spectre of Emerald|flinch\n|\n|-damage|p1a: Ferrothorn|77\/100 brn|[from] brn\n|upkeep\n|turn|9\n|\n|t:|1699582943\n|move|p1a: Ferrothorn|Iron Head|p2a: Spectre of Emerald\n|-damage|p2a: Spectre of Emerald|0 fnt\n|faint|p2a: Spectre of Emerald\n|\n|-damage|p1a: Ferrothorn|71\/100 brn|[from] brn\n|upkeep\n|\n|t:|1699582964\n|switch|p2a: The Lonesome One|Excadrill, F, shiny|100\/100\n|-ability|p2a: The Lonesome One|Mold Breaker\n|turn|10\n|\n|t:|1699582970\n|move|p2a: The Lonesome One|Swords Dance|p2a: The Lonesome One\n|-boost|p2a: The Lonesome One|atk|2\n|move|p1a: Ferrothorn|Iron Head|p2a: The Lonesome One\n|-resisted|p2a: The Lonesome One\n|-damage|p2a: The Lonesome One|92\/100\n|\n|-heal|p2a: The Lonesome One|98\/100|[from] item: Leftovers\n|-damage|p1a: Ferrothorn|65\/100 brn|[from] brn\n|upkeep\n|turn|11\n|\n|t:|1699582973\n|move|p2a: The Lonesome One|Rapid Spin|p1a: Ferrothorn\n|-resisted|p1a: Ferrothorn\n|-damage|p1a: Ferrothorn|53\/100 brn\n|-boost|p2a: The Lonesome One|spe|1\n|-damage|p2a: The Lonesome One|86\/100|[from] ability: Iron Barbs|[of] p1a: Ferrothorn\n|-damage|p2a: The Lonesome One|69\/100|[from] item: Rocky Helmet|[of] p1a: Ferrothorn\n|move|p1a: Ferrothorn|Leech Seed|p2a: The Lonesome One\n|-start|p2a: The Lonesome One|move: Leech Seed\n|\n|-heal|p2a: The Lonesome One|75\/100|[from] item: Leftovers\n|-damage|p2a: The Lonesome One|63\/100|[from] Leech Seed|[of] p1a: Ferrothorn\n|-heal|p1a: Ferrothorn|67\/100 brn|[silent]\n|-damage|p1a: Ferrothorn|61\/100 brn|[from] brn\n|upkeep\n|turn|12\n|\n|t:|1699582985\n|move|p2a: The Lonesome One|Rapid Spin|p1a: Ferrothorn\n|-resisted|p1a: Ferrothorn\n|-damage|p1a: Ferrothorn|50\/100 brn\n|-boost|p2a: The Lonesome One|spe|1\n|-damage|p2a: The Lonesome One|51\/100|[from] ability: Iron Barbs|[of] p1a: Ferrothorn\n|-damage|p2a: The Lonesome One|34\/100|[from] item: Rocky Helmet|[of] p1a: Ferrothorn\n|-end|p2a: The Lonesome One|Leech Seed|[from] move: Rapid Spin|[of] p2a: The Lonesome One\n|move|p1a: Ferrothorn|Iron Head|p2a: The Lonesome One\n|-resisted|p2a: The Lonesome One\n|-crit|p2a: The Lonesome One\n|-damage|p2a: The Lonesome One|22\/100\n|\n|-heal|p2a: The Lonesome One|29\/100|[from] item: Leftovers\n|-damage|p1a: Ferrothorn|44\/100 brn|[from] brn\n|upkeep\n|turn|13\n|\n|t:|1699582989\n|move|p2a: The Lonesome One|Earthquake|p1a: Ferrothorn\n|-damage|p1a: Ferrothorn|0 fnt\n|faint|p1a: Ferrothorn\n|\n|-heal|p2a: The Lonesome One|35\/100|[from] item: Leftovers\n|upkeep\n|\n|t:|1699583010\n|switch|p1a: Rotom|Rotom-Wash|100\/100\n|-damage|p1a: Rotom|88\/100|[from] Stealth Rock\n|turn|14\n|\n|t:|1699583020\n|move|p2a: The Lonesome One|Earthquake|p1a: Rotom\n|-supereffective|p1a: Rotom\n|-damage|p1a: Rotom|0 fnt\n|faint|p1a: Rotom\n|\n|-heal|p2a: The Lonesome One|41\/100|[from] item: Leftovers\n|upkeep\n|\n|t:|1699583024\n|switch|p1a: Iron Valiant|Iron Valiant|100\/100\n|-damage|p1a: Iron Valiant|94\/100|[from] Stealth Rock\n|-enditem|p1a: Iron Valiant|Booster Energy\n|-activate|p1a: Iron Valiant|ability: Quark Drive|[fromitem]\n|-start|p1a: Iron Valiant|quarkdrivespe\n|turn|15\n|l| Bayern72915\n|inactive|RandoTestAccount has 120 seconds left.\n|\n|t:|1699583058\n|move|p1a: Iron Valiant|Close Combat|p2a: The Lonesome One\n|-supereffective|p2a: The Lonesome One\n|-damage|p2a: The Lonesome One|0 fnt\n|-unboost|p1a: Iron Valiant|def|1\n|-unboost|p1a: Iron Valiant|spd|1\n|faint|p2a: The Lonesome One\n|\n|upkeep\n|inactive|RandoTestAccount has 120 seconds left.\n|inactive|RandoTestAccount has 90 seconds left.\n|\n|t:|1699583098\n|switch|p2a: The Droplet Tear|Tapu Fini, shiny|100\/100\n|-fieldstart|move: Misty Terrain|[from] ability: Misty Surge|[of] p2a: The Droplet Tear\n|turn|16\n|\n|t:|1699583104\n|-end|p1a: Iron Valiant|Quark Drive|[silent]\n|switch|p1a: Tyranitar|Tyranitar, F|100\/100\n|-damage|p1a: Tyranitar|88\/100|[from] Stealth Rock\n|-weather|Sandstorm|[from] ability: Sand Stream|[of] p1a: Tyranitar\n|move|p2a: The Droplet Tear|Moonblast|p1a: Tyranitar\n|-supereffective|p1a: Tyranitar\n|-damage|p1a: Tyranitar|64\/100\n|\n|-weather|Sandstorm|[upkeep]\n|-damage|p2a: The Droplet Tear|94\/100|[from] Sandstorm\n|-heal|p2a: The Droplet Tear|100\/100|[from] item: Leftovers\n|upkeep\n|turn|17\n|\n|t:|1699583110\n|move|p2a: The Droplet Tear|Calm Mind|p2a: The Droplet Tear\n|-boost|p2a: The Droplet Tear|spa|1\n|-boost|p2a: The Droplet Tear|spd|1\n|move|p1a: Tyranitar|Stone Edge|p2a: The Droplet Tear\n|-damage|p2a: The Droplet Tear|54\/100\n|\n|-weather|Sandstorm|[upkeep]\n|-damage|p2a: The Droplet Tear|47\/100|[from] Sandstorm\n|-heal|p2a: The Droplet Tear|54\/100|[from] item: Leftovers\n|upkeep\n|turn|18\n|\n|t:|1699583115\n|move|p2a: The Droplet Tear|Moonblast|p1a: Tyranitar\n|-supereffective|p1a: Tyranitar\n|-damage|p1a: Tyranitar|32\/100\n|-unboost|p1a: Tyranitar|spa|1\n|move|p1a: Tyranitar|Stone Edge|p2a: The Droplet Tear\n|-damage|p2a: The Droplet Tear|10\/100\n|\n|-weather|Sandstorm|[upkeep]\n|-damage|p2a: The Droplet Tear|4\/100|[from] Sandstorm\n|-heal|p2a: The Droplet Tear|10\/100|[from] item: Leftovers\n|upkeep\n|turn|19\n|\n|t:|1699583122\n|move|p2a: The Droplet Tear|Moonblast|p1a: Tyranitar\n|-supereffective|p1a: Tyranitar\n|-damage|p1a: Tyranitar|0 fnt\n|faint|p1a: Tyranitar\n|\n|-weather|Sandstorm|[upkeep]\n|-damage|p2a: The Droplet Tear|4\/100|[from] Sandstorm\n|-heal|p2a: The Droplet Tear|10\/100|[from] item: Leftovers\n|upkeep\n|\n|t:|1699583125\n|switch|p1a: Sneasler|Sneasler, M|100\/100\n|-damage|p1a: Sneasler|95\/100|[from] Stealth Rock\n|turn|20\n|\n|t:|1699583129\n|move|p1a: Sneasler|Dire Claw|p2a: The Droplet Tear\n|-supereffective|p2a: The Droplet Tear\n|-damage|p2a: The Droplet Tear|0 fnt\n|faint|p2a: The Droplet Tear\n|\n|-weather|none\n|-fieldend|Misty Terrain\n|upkeep\n|\n|t:|1699583135\n|switch|p2a: Agony Steelheart|Dragalge, F, shiny|55\/100\n|turn|21\n|\n|t:|1699583146\n|move|p1a: Sneasler|Swords Dance|p1a: Sneasler\n|-boost|p1a: Sneasler|atk|2\n|move|p2a: Agony Steelheart|Dragon Pulse|p1a: Sneasler\n|-damage|p1a: Sneasler|45\/100\n|\n|-heal|p2a: Agony Steelheart|61\/100|[from] item: Black Sludge\n|upkeep\n|turn|22\n|\n|t:|1699583151\n|switch|p2a: Ephialtes Keeper|Corviknight, F, shiny|100\/100\n|-ability|p2a: Ephialtes Keeper|Pressure\n|-zpower|p1a: Sneasler\n|move|p1a: Sneasler|Supersonic Skystrike|p2a: Ephialtes Keeper|[zeffect]\n|-resisted|p2a: Ephialtes Keeper\n|-damage|p2a: Ephialtes Keeper|71\/100\n|\n|upkeep\n|turn|23\n|\n|t:|1699583160\n|move|p1a: Sneasler|Close Combat|p2a: Ephialtes Keeper\n|-damage|p2a: Ephialtes Keeper|0 fnt\n|-unboost|p1a: Sneasler|def|1\n|-unboost|p1a: Sneasler|spd|1\n|-damage|p1a: Sneasler|29\/100|[from] item: Rocky Helmet|[of] p2a: Ephialtes Keeper\n|faint|p2a: Ephialtes Keeper\n|\n|upkeep\n|\n|t:|1699583167\n|switch|p2a: Nika Reanukko|Umbreon, F, shiny|100\/100\n|turn|24\n|\n|t:|1699583171\n|-terastallize|p2a: Nika Reanukko|Ghost\n|move|p1a: Sneasler|Close Combat|p2a: Nika Reanukko\n|-immune|p2a: Nika Reanukko\n|move|p2a: Nika Reanukko|Curse|p1a: Sneasler\n|-start|p1a: Sneasler|Curse|[of] p2a: Nika Reanukko\n|-damage|p2a: Nika Reanukko|50\/100\n|\n|-heal|p2a: Nika Reanukko|57\/100|[from] item: Leftovers\n|-damage|p1a: Sneasler|4\/100|[from] Curse\n|upkeep\n|turn|25\n|\n|t:|1699583177\n|move|p1a: Sneasler|Dire Claw|p2a: Nika Reanukko\n|-resisted|p2a: Nika Reanukko\n|-damage|p2a: Nika Reanukko|19\/100\n|-status|p2a: Nika Reanukko|psn\n|-activate|p2a: Nika Reanukko|ability: Synchronize\n|-immune|p1a: Sneasler\n|move|p2a: Nika Reanukko|Wish|p2a: Nika Reanukko\n|\n|-heal|p2a: Nika Reanukko|25\/100 psn|[from] item: Leftovers\n|-damage|p2a: Nika Reanukko|12\/100 psn|[from] psn\n|-damage|p1a: Sneasler|0 fnt|[from] Curse\n|faint|p1a: Sneasler\n|upkeep\n|\n|t:|1699583182\n|switch|p1a: Iron Valiant|Iron Valiant|94\/100\n|-damage|p1a: Iron Valiant|88\/100|[from] Stealth Rock\n|turn|26\n|\n|t:|1699583198\n|switch|p2a: Agony Steelheart|Dragalge, F, shiny|61\/100\n|-terastallize|p1a: Iron Valiant|Fighting\n|move|p1a: Iron Valiant|Shadow Sneak|p2a: Agony Steelheart\n|-damage|p2a: Agony Steelheart|44\/100\n|\n|-heal|p2a: Agony Steelheart|100\/100|[from] move: Wish|[wisher] Nika Reanukko\n|upkeep\n|turn|27\n|\n|t:|1699583204\n|move|p1a: Iron Valiant|Swords Dance|p1a: Iron Valiant\n|-boost|p1a: Iron Valiant|atk|2\n|move|p2a: Agony Steelheart|Dragon Pulse|p1a: Iron Valiant\n|-damage|p1a: Iron Valiant|19\/100\n|\n|upkeep\n|turn|28\n|\n|t:|1699583207\n|move|p1a: Iron Valiant|Spirit Break|p2a: Agony Steelheart\n|-damage|p2a: Agony Steelheart|8\/100\n|-unboost|p2a: Agony Steelheart|spa|1\n|move|p2a: Agony Steelheart|Dragon Pulse|p1a: Iron Valiant\n|-damage|p1a: Iron Valiant|0 fnt\n|faint|p1a: Iron Valiant\n|-end|p1a: Iron Valiant|Quark Drive|[silent]\n|\n|win|RandoTestAccount\n|raw|Shino1127's rating: 1345 &rarr; <strong>1326<\/strong><br \/>(-19 for losing)\n|raw|RandoTestAccount's rating: 1364 &rarr; <strong>1383<\/strong><br \/>(+19 for winning)\n|l|\u2606Shino1127\n","uploadtime":1699583214,"views":4,"p1id":"shino1127","p2id":"randotestaccount","formatid":"gen9nationaldex","rating":1326,"private":0,"password":""}