{"id":"gen9nationaldex-1988997333","p1":"tensaiindustries","p2":"ooMIZUHASUoo","format":"[Gen 9] National Dex","log":"|j|\u2606tensaiindustries\n|j|\u2606ooMIZUHASUoo\n|t:|1699800142\n|gametype|singles\n|player|p1|tensaiindustries|lance|1761\n|player|p2|ooMIZUHASUoo|lana|1680\n|teamsize|p1|6\n|teamsize|p2|6\n|gen|9\n|tier|[Gen 9] National Dex\n|rated|\n|rule|HP Percentage Mod: HP is shown in percentages\n|rule|Endless Battle Clause: Forcing endless battles is banned\n|rule|OHKO Clause: OHKO moves are banned\n|rule|Evasion Clause: Evasion abilities, items, and moves are banned\n|rule|Evasion Abilities Clause: Evasion abilities are banned\n|rule|Evasion Items Clause: Evasion items are banned\n|rule|Evasion Moves Clause: Evasion moves are banned\n|rule|Species Clause: Limit one of each Pok\u00e9mon\n|rule|Sleep Clause Mod: Limit one foe put to sleep\n|clearpoke\n|poke|p1|Dragonite, F|\n|poke|p1|Yanmega, F|\n|poke|p1|Cresselia, F|\n|poke|p1|Ceruledge, M|\n|poke|p1|Aerodactyl, F|\n|poke|p1|Garchomp, F|\n|poke|p2|Scizor, F|\n|poke|p2|Urshifu-*, M|\n|poke|p2|Zapdos|\n|poke|p2|Pelipper, M|\n|poke|p2|Ogerpon-Wellspring, F|\n|poke|p2|Garchomp, F|\n|teampreview\n|\n|t:|1699800157\n|start\n|switch|p1a: Dragonite|Dragonite, F|100\/100\n|switch|p2a: Garchomp|Garchomp, F|100\/100\n|turn|1\n|\n|t:|1699800165\n|move|p2a: Garchomp|Scale Shot|p1a: Dragonite\n|-supereffective|p1a: Dragonite\n|-damage|p1a: Dragonite|89\/100\n|-supereffective|p1a: Dragonite\n|-damage|p1a: Dragonite|66\/100\n|-supereffective|p1a: Dragonite\n|-damage|p1a: Dragonite|40\/100\n|-supereffective|p1a: Dragonite\n|-damage|p1a: Dragonite|15\/100\n|-supereffective|p1a: Dragonite\n|-damage|p1a: Dragonite|0 fnt\n|faint|p1a: Dragonite\n|-hitcount|p1: Dragonite|5\n|-unboost|p2a: Garchomp|def|1\n|-boost|p2a: Garchomp|spe|1\n|\n|upkeep\n|\n|t:|1699800174\n|switch|p1a: Aerodactyl|Aerodactyl, F|100\/100\n|turn|2\n|inactive|Battle timer is ON: inactive players will automatically lose when time's up. (requested by tensaiindustries)\n|\n|t:|1699800192\n|detailschange|p1a: Aerodactyl|Aerodactyl-Mega, F\n|-mega|p1a: Aerodactyl|Aerodactyl|Aerodactylite\n|-terastallize|p2a: Garchomp|Steel\n|move|p2a: Garchomp|Swords Dance|p2a: Garchomp\n|-boost|p2a: Garchomp|atk|2\n|move|p1a: Aerodactyl|Dual Wingbeat|p2a: Garchomp\n|-resisted|p2a: Garchomp\n|-damage|p2a: Garchomp|77\/100\n|-damage|p1a: Aerodactyl|88\/100|[from] ability: Rough Skin|[of] p2a: Garchomp\n|-resisted|p2a: Garchomp\n|-damage|p2a: Garchomp|53\/100\n|-damage|p1a: Aerodactyl|76\/100|[from] ability: Rough Skin|[of] p2a: Garchomp\n|-hitcount|p2a: Garchomp|2\n|\n|upkeep\n|turn|3\n|\n|t:|1699800199\n|move|p2a: Garchomp|Scale Shot|p1a: Aerodactyl\n|-damage|p1a: Aerodactyl|43\/100\n|-damage|p1a: Aerodactyl|12\/100\n|-damage|p1a: Aerodactyl|0 fnt\n|faint|p1a: Aerodactyl\n|-hitcount|p1: Aerodactyl|3\n|-unboost|p2a: Garchomp|def|1\n|-boost|p2a: Garchomp|spe|1\n|\n|upkeep\n|\n|t:|1699800207\n|switch|p1a: Yanmega|Yanmega, F|100\/100\n|turn|4\n|\n|t:|1699800220\n|move|p1a: Yanmega|Protect|p1a: Yanmega\n|-singleturn|p1a: Yanmega|Protect\n|move|p2a: Garchomp|Scale Shot|p1a: Yanmega\n|-activate|p1a: Yanmega|move: Protect\n|\n|-ability|p1a: Yanmega|Speed Boost|boost\n|-boost|p1a: Yanmega|spe|1\n|upkeep\n|turn|5\n|\n|t:|1699800223\n|-terastallize|p1a: Yanmega|Fighting\n|move|p2a: Garchomp|Scale Shot|p1a: Yanmega\n|-damage|p1a: Yanmega|72\/100\n|-damage|p1a: Yanmega|41\/100\n|-damage|p1a: Yanmega|12\/100\n|-damage|p1a: Yanmega|0 fnt\n|faint|p1a: Yanmega\n|-hitcount|p1: Yanmega|4\n|-unboost|p2a: Garchomp|def|1\n|-boost|p2a: Garchomp|spe|1\n|\n|upkeep\n|\n|t:|1699800226\n|switch|p1a: Ceruledge|Ceruledge, M|100\/100\n|turn|6\n|\n|t:|1699800229\n|move|p2a: Garchomp|Scale Shot|p1a: Ceruledge\n|-damage|p1a: Ceruledge|62\/100\n|-ability|p1a: Ceruledge|Weak Armor|boost\n|-unboost|p1a: Ceruledge|def|1\n|-boost|p1a: Ceruledge|spe|2\n|-damage|p1a: Ceruledge|5\/100\n|-ability|p1a: Ceruledge|Weak Armor|boost\n|-unboost|p1a: Ceruledge|def|1\n|-boost|p1a: Ceruledge|spe|2\n|-damage|p1a: Ceruledge|0 fnt\n|faint|p1a: Ceruledge\n|-hitcount|p1: Ceruledge|3\n|-unboost|p2a: Garchomp|def|1\n|-boost|p2a: Garchomp|spe|1\n|\n|upkeep\n|\n|t:|1699800231\n|switch|p1a: Garchomp|Garchomp, F|100\/100\n|turn|7\n|\n|t:|1699800234\n|move|p2a: Garchomp|Scale Shot|p1a: Garchomp\n|-supereffective|p1a: Garchomp\n|-damage|p1a: Garchomp|48\/100\n|-supereffective|p1a: Garchomp\n|-damage|p1a: Garchomp|0 fnt\n|faint|p1a: Garchomp\n|-hitcount|p1: Garchomp|2\n|-unboost|p2a: Garchomp|def|1\n|-boost|p2a: Garchomp|spe|1\n|\n|upkeep\n|\n|t:|1699800236\n|switch|p1a: Cresselia|Cresselia, F|100\/100\n|turn|8\n|\n|t:|1699800238\n|move|p2a: Garchomp|Scale Shot|p1a: Cresselia\n|-damage|p1a: Cresselia|82\/100\n|-damage|p1a: Cresselia|65\/100\n|-damage|p1a: Cresselia|48\/100\n|-damage|p1a: Cresselia|29\/100\n|-hitcount|p1a: Cresselia|4\n|-unboost|p2a: Garchomp|def|1\n|-boost|p2a: Garchomp|spe|1\n|move|p1a: Cresselia|Moonblast|p2a: Garchomp\n|-resisted|p2a: Garchomp\n|-damage|p2a: Garchomp|40\/100\n|\n|-heal|p1a: Cresselia|35\/100|[from] item: Leftovers\n|upkeep\n|turn|9\n|c|\u2606tensaiindustries|n word\n|\n|t:|1699800246\n|move|p2a: Garchomp|Scale Shot|p1a: Cresselia\n|-damage|p1a: Cresselia|15\/100\n|-damage|p1a: Cresselia|0 fnt\n|faint|p1a: Cresselia\n|-hitcount|p1: Cresselia|2\n|\n|win|ooMIZUHASUoo\n|raw|tensaiindustries's rating: 1761 &rarr; <strong>1736<\/strong><br \/>(-25 for losing)\n|raw|ooMIZUHASUoo's rating: 1680 &rarr; <strong>1705<\/strong><br \/>(+25 for winning)\n|l|\u2606tensaiindustries\n","uploadtime":1699800254,"views":9,"p1id":"tensaiindustries","p2id":"oomizuhasuoo","formatid":"gen9nationaldex","rating":1705,"private":0,"password":""}