{"id":"gen9nationaldex-1987738467","p1":"FakeSmurferrr","p2":"Diieg899","format":"[Gen 9] National Dex","log":"|j|\u2606FakeSmurferrr\n|j|\u2606Diieg899\n|t:|1699632459\n|gametype|singles\n|player|p1|FakeSmurferrr|psychicf-gen4|1190\n|player|p2|Diieg899|dawn-gen4pt|1116\n|teamsize|p1|6\n|teamsize|p2|6\n|gen|9\n|tier|[Gen 9] National Dex\n|rated|\n|rule|HP Percentage Mod: HP is shown in percentages\n|rule|Endless Battle Clause: Forcing endless battles is banned\n|rule|OHKO Clause: OHKO moves are banned\n|rule|Evasion Clause: Evasion abilities, items, and moves are banned\n|rule|Evasion Abilities Clause: Evasion abilities are banned\n|rule|Evasion Items Clause: Evasion items are banned\n|rule|Evasion Moves Clause: Evasion moves are banned\n|rule|Species Clause: Limit one of each Pok\u00e9mon\n|rule|Sleep Clause Mod: Limit one foe put to sleep\n|clearpoke\n|poke|p1|Gliscor, M|\n|poke|p1|Ninetales-Alola, M|\n|poke|p1|Empoleon, M|\n|poke|p1|Cresselia, F|\n|poke|p1|Arboliva, F|\n|poke|p1|Heracross, M|\n|poke|p2|Pelipper, F|\n|poke|p2|Tapu Koko|\n|poke|p2|Garchomp, F|\n|poke|p2|Kartana|\n|poke|p2|Volcarona, F|\n|poke|p2|Meowscarada, F|\n|teampreview\n|inactive|Battle timer is ON: inactive players will automatically lose when time's up. (requested by FakeSmurferrr)\n|\n|t:|1699632467\n|start\n|switch|p1a: Ninetales|Ninetales-Alola, M, shiny|100\/100\n|switch|p2a: Coco|Tapu Koko|100\/100\n|-fieldstart|move: Electric Terrain|[from] ability: Electric Surge|[of] p2a: Coco\n|-weather|Snow|[from] ability: Snow Warning|[of] p1a: Ninetales\n|turn|1\n|inactive|Diieg899 has 120 seconds left.\n|\n|t:|1699632501\n|switch|p2a: Garchomp-Femin|Garchomp, F, shiny|100\/100\n|move|p1a: Ninetales|Aurora Veil|p1a: Ninetales\n|-sidestart|p1: FakeSmurferrr|move: Aurora Veil\n|\n|-weather|Snow|[upkeep]\n|upkeep\n|turn|2\n|inactive|Diieg899 has 120 seconds left.\n|\n|t:|1699632515\n|detailschange|p2a: Garchomp-Femin|Garchomp-Mega, F, shiny\n|-mega|p2a: Garchomp-Femin|Garchomp|Garchompite\n|move|p1a: Ninetales|Freeze-Dry|p2a: Garchomp-Femin\n|-supereffective|p2a: Garchomp-Femin\n|-damage|p2a: Garchomp-Femin|12\/100\n|-status|p2a: Garchomp-Femin|frz\n|cant|p2a: Garchomp-Femin|frz\n|\n|-weather|Snow|[upkeep]\n|upkeep\n|turn|3\n|inactive|Diieg899 has 120 seconds left.\n|\n|t:|1699632528\n|switch|p1a: Cresselia|Cresselia, F, shiny|100\/100\n|switch|p2a: Volcarona|Volcarona, F|100\/100\n|\n|-weather|Snow|[upkeep]\n|upkeep\n|turn|4\n|\n|t:|1699632535\n|move|p2a: Volcarona|Bug Buzz|p1a: Cresselia\n|-supereffective|p1a: Cresselia\n|-damage|p1a: Cresselia|67\/100\n|move|p1a: Cresselia|Calm Mind|p1a: Cresselia\n|-boost|p1a: Cresselia|spa|1\n|-boost|p1a: Cresselia|spd|1\n|\n|-weather|Snow|[upkeep]\n|-heal|p1a: Cresselia|73\/100|[from] item: Leftovers\n|upkeep\n|turn|5\n|\n|t:|1699632542\n|move|p2a: Volcarona|Quiver Dance|p2a: Volcarona\n|-boost|p2a: Volcarona|spa|1\n|-boost|p2a: Volcarona|spd|1\n|-boost|p2a: Volcarona|spe|1\n|move|p1a: Cresselia|Calm Mind|p1a: Cresselia\n|-boost|p1a: Cresselia|spa|1\n|-boost|p1a: Cresselia|spd|1\n|\n|-weather|none\n|-heal|p1a: Cresselia|79\/100|[from] item: Leftovers\n|-fieldend|move: Electric Terrain\n|upkeep\n|turn|6\n|\n|t:|1699632553\n|move|p2a: Volcarona|Bug Buzz|p1a: Cresselia\n|-supereffective|p1a: Cresselia\n|-damage|p1a: Cresselia|53\/100\n|move|p1a: Cresselia|Calm Mind|p1a: Cresselia\n|-boost|p1a: Cresselia|spa|1\n|-boost|p1a: Cresselia|spd|1\n|\n|-heal|p1a: Cresselia|59\/100|[from] item: Leftovers\n|upkeep\n|turn|7\n|\n|t:|1699632561\n|move|p2a: Volcarona|Bug Buzz|p1a: Cresselia\n|-supereffective|p1a: Cresselia\n|-crit|p1a: Cresselia\n|-damage|p1a: Cresselia|0 fnt\n|faint|p1a: Cresselia\n|\n|upkeep\n|\n|t:|1699632579\n|switch|p1a: Arboliva|Arboliva, F|100\/100\n|turn|8\n|\n|t:|1699632587\n|-terastallize|p1a: Arboliva|Water\n|move|p2a: Volcarona|Bug Buzz|p1a: Arboliva\n|-damage|p1a: Arboliva|66\/100\n|-fieldstart|move: Grassy Terrain|[from] ability: Seed Sower|[of] p1a: Arboliva\n|move|p1a: Arboliva|Leech Seed|p2a: Volcarona\n|-start|p2a: Volcarona|move: Leech Seed\n|\n|-heal|p1a: Arboliva|72\/100|[from] Grassy Terrain\n|-heal|p1a: Arboliva|78\/100|[from] item: Leftovers\n|-damage|p2a: Volcarona|88\/100|[from] Leech Seed|[of] p1a: Arboliva\n|-heal|p1a: Arboliva|89\/100|[silent]\n|-sideend|p1: FakeSmurferrr|move: Aurora Veil\n|upkeep\n|turn|9\n|\n|t:|1699632602\n|switch|p2a: Coco|Tapu Koko|100\/100\n|-fieldstart|move: Electric Terrain|[from] ability: Electric Surge|[of] p2a: Coco\n|move|p1a: Arboliva|Earth Power|p2a: Coco\n|-supereffective|p2a: Coco\n|-damage|p2a: Coco|17\/100\n|\n|-heal|p1a: Arboliva|95\/100|[from] item: Leftovers\n|upkeep\n|turn|10\n|\n|t:|1699632614\n|switch|p1a: Gliscor|Gliscor, M|100\/100\n|move|p2a: Coco|Thunderbolt|p1a: Gliscor\n|-immune|p1a: Gliscor\n|\n|-status|p1a: Gliscor|tox|[from] item: Toxic Orb\n|upkeep\n|turn|11\n|\n|t:|1699632632\n|switch|p2a: .|Pelipper, F, shiny|100\/100\n|-weather|RainDance|[from] ability: Drizzle|[of] p2a: .\n|move|p1a: Gliscor|Swords Dance|p1a: Gliscor\n|-boost|p1a: Gliscor|atk|2\n|\n|-weather|RainDance|[upkeep]\n|upkeep\n|turn|12\n|\n|t:|1699632642\n|move|p1a: Gliscor|Facade|p2a: .\n|-damage|p2a: .|51\/100\n|move|p2a: .|Ice Beam|p1a: Gliscor\n|-supereffective|p1a: Gliscor\n|-damage|p1a: Gliscor|3\/100 tox\n|\n|-weather|RainDance|[upkeep]\n|-heal|p1a: Gliscor|15\/100 tox|[from] ability: Poison Heal\n|upkeep\n|turn|13\n|\n|t:|1699632651\n|move|p1a: Gliscor|Protect|p1a: Gliscor\n|-singleturn|p1a: Gliscor|Protect\n|move|p2a: .|Roost|p2a: .\n|-heal|p2a: .|100\/100\n|-singleturn|p2a: .|move: Roost\n|\n|-weather|RainDance|[upkeep]\n|-heal|p1a: Gliscor|28\/100 tox|[from] ability: Poison Heal\n|-fieldend|move: Electric Terrain\n|upkeep\n|turn|14\n|\n|t:|1699632660\n|switch|p1a: Empoleon|Empoleon, M|100\/100\n|move|p2a: .|Ice Beam|p1a: Empoleon\n|-resisted|p1a: Empoleon\n|-damage|p1a: Empoleon|97\/100\n|\n|-weather|RainDance|[upkeep]\n|-heal|p1a: Empoleon|100\/100|[from] item: Leftovers\n|upkeep\n|turn|15\n|\n|t:|1699632681\n|switch|p2a: Katana|Kartana|100\/100\n|move|p1a: Empoleon|Stealth Rock|p2a: Katana\n|-sidestart|p2: Diieg899|move: Stealth Rock\n|\n|-weather|RainDance|[upkeep]\n|upkeep\n|turn|16\n|\n|t:|1699632693\n|move|p2a: Katana|Leaf Blade|p1a: Empoleon\n|-damage|p1a: Empoleon|39\/100\n|move|p1a: Empoleon|Flip Turn|p2a: Katana\n|-resisted|p2a: Katana\n|-crit|p2a: Katana\n|-damage|p2a: Katana|80\/100\n|\n|t:|1699632708\n|switch|p1a: Heracross|Heracross, M|100\/100|[from] Flip Turn\n|\n|-weather|RainDance|[upkeep]\n|upkeep\n|turn|17\n|\n|t:|1699632723\n|-terastallize|p2a: Katana|Fighting\n|move|p1a: Heracross|Close Combat|p2a: Katana\n|-damage|p2a: Katana|13\/100\n|-unboost|p1a: Heracross|def|1\n|-unboost|p1a: Heracross|spd|1\n|move|p2a: Katana|Psycho Cut|p1a: Heracross\n|-supereffective|p1a: Heracross\n|-crit|p1a: Heracross\n|-damage|p1a: Heracross|0 fnt\n|faint|p1a: Heracross\n|-ability|p2a: Katana|Beast Boost|boost\n|-boost|p2a: Katana|atk|1\n|\n|-weather|RainDance|[upkeep]\n|upkeep\n|\n|t:|1699632736\n|switch|p1a: Arboliva|Arboliva, F, tera:Water|95\/100\n|turn|18\n|\n|t:|1699632745\n|move|p2a: Katana|Leaf Blade|p1a: Arboliva\n|-supereffective|p1a: Arboliva\n|-crit|p1a: Arboliva\n|-damage|p1a: Arboliva|0 fnt\n|-fieldstart|move: Grassy Terrain|[from] ability: Seed Sower|[of] p1a: Arboliva\n|faint|p1a: Arboliva\n|-ability|p2a: Katana|Beast Boost|boost\n|-boost|p2a: Katana|atk|1\n|\n|-weather|none\n|-heal|p2a: Katana|19\/100|[from] Grassy Terrain\n|upkeep\n|\n|t:|1699632750\n|switch|p1a: Ninetales|Ninetales-Alola, M, shiny|100\/100\n|-weather|Snow|[from] ability: Snow Warning|[of] p1a: Ninetales\n|turn|19\n|inactive|Diieg899 has 120 seconds left.\n|\n|t:|1699632780\n|move|p1a: Ninetales|Moonblast|p2a: Katana\n|-supereffective|p2a: Katana\n|-damage|p2a: Katana|0 fnt\n|faint|p2a: Katana\n|\n|-weather|Snow|[upkeep]\n|upkeep\n|\n|t:|1699632785\n|switch|p2a: Coco|Tapu Koko|17\/100\n|-damage|p2a: Coco|5\/100|[from] Stealth Rock\n|-fieldstart|move: Electric Terrain|[from] ability: Electric Surge|[of] p2a: Coco\n|turn|20\n|\n|t:|1699632796\n|move|p2a: Coco|Thunderbolt|p1a: Ninetales\n|-damage|p1a: Ninetales|38\/100\n|-status|p1a: Ninetales|par\n|-damage|p2a: Coco|0 fnt|[from] item: Life Orb\n|faint|p2a: Coco\n|cant|p1a: Ninetales|par\n|\n|-weather|Snow|[upkeep]\n|upkeep\n|inactive|Diieg899 has 120 seconds left.\n|\n|t:|1699632823\n|switch|p2a: Rule|Meowscarada, F|100\/100\n|-damage|p2a: Rule|88\/100|[from] Stealth Rock\n|turn|21\n|\n|t:|1699632837\n|move|p2a: Rule|Low Kick|p1a: Ninetales\n|-damage|p1a: Ninetales|27\/100 par\n|move|p1a: Ninetales|Moonblast|p2a: Rule\n|-supereffective|p2a: Rule\n|-damage|p2a: Rule|0 fnt\n|faint|p2a: Rule\n|\n|-weather|Snow|[upkeep]\n|upkeep\n|\n|t:|1699632847\n|switch|p2a: Garchomp-Femin|Garchomp-Mega, F, shiny|12\/100 frz\n|-damage|p2a: Garchomp-Femin|6\/100 frz|[from] Stealth Rock\n|turn|22\n|\n|t:|1699632852\n|switch|p1a: Gliscor|Gliscor, M|28\/100 tox\n|cant|p2a: Garchomp-Femin|frz\n|\n|-weather|Snow|[upkeep]\n|-heal|p1a: Gliscor|40\/100 tox|[from] ability: Poison Heal\n|upkeep\n|turn|23\n|\n|t:|1699632865\n|cant|p2a: Garchomp-Femin|frz\n|move|p1a: Gliscor|Swords Dance|p1a: Gliscor\n|-boost|p1a: Gliscor|atk|2\n|\n|-weather|none\n|-heal|p1a: Gliscor|53\/100 tox|[from] ability: Poison Heal\n|upkeep\n|turn|24\n|inactive|Diieg899 has 120 seconds left.\n|\n|t:|1699632873\n|-curestatus|p2a: Garchomp-Femin|frz|[msg]\n|move|p2a: Garchomp-Femin|Stone Edge|p1a: Gliscor\n|-damage|p1a: Gliscor|27\/100 tox\n|move|p1a: Gliscor|Swords Dance|p1a: Gliscor\n|-boost|p1a: Gliscor|atk|2\n|\n|-heal|p1a: Gliscor|40\/100 tox|[from] ability: Poison Heal\n|-fieldend|move: Electric Terrain\n|upkeep\n|turn|25\n|inactive|Diieg899 has 120 seconds left.\n|\n|t:|1699632884\n|move|p1a: Gliscor|Protect|p1a: Gliscor\n|-singleturn|p1a: Gliscor|Protect\n|move|p2a: Garchomp-Femin|Stone Edge|p1a: Gliscor\n|-activate|p1a: Gliscor|move: Protect\n|\n|-heal|p1a: Gliscor|52\/100 tox|[from] ability: Poison Heal\n|upkeep\n|turn|26\n|\n|t:|1699632892\n|move|p2a: Garchomp-Femin|Stone Edge|p1a: Gliscor\n|-damage|p1a: Gliscor|25\/100 tox\n|move|p1a: Gliscor|Facade|p2a: Garchomp-Femin\n|-damage|p2a: Garchomp-Femin|0 fnt\n|faint|p2a: Garchomp-Femin\n|\n|-heal|p1a: Gliscor|38\/100 tox|[from] ability: Poison Heal\n|upkeep\n|inactive|Diieg899 has 120 seconds left.\n|\n|t:|1699632906\n|switch|p2a: .|Pelipper, F, shiny|100\/100\n|-damage|p2a: .|76\/100|[from] Stealth Rock\n|-weather|RainDance|[from] ability: Drizzle|[of] p2a: .\n|turn|27\n|inactive|Diieg899 has 120 seconds left.\n|\n|t:|1699632916\n|move|p1a: Gliscor|Facade|p2a: .\n|-damage|p2a: .|2\/100\n|move|p2a: .|Ice Beam|p1a: Gliscor\n|-supereffective|p1a: Gliscor\n|-damage|p1a: Gliscor|0 fnt\n|faint|p1a: Gliscor\n|\n|-weather|RainDance|[upkeep]\n|upkeep\n|\n|t:|1699632927\n|switch|p1a: Ninetales|Ninetales-Alola, M, shiny|27\/100 par\n|-weather|Snow|[from] ability: Snow Warning|[of] p1a: Ninetales\n|turn|28\n|inactive|Diieg899 has 120 seconds left.\n|\n|t:|1699632945\n|cant|p1a: Ninetales|par\n|move|p2a: .|Hurricane|p1a: Ninetales\n|-damage|p1a: Ninetales|0 fnt\n|faint|p1a: Ninetales\n|\n|-weather|Snow|[upkeep]\n|upkeep\n|c|\u2606FakeSmurferrr|ah\n|\n|t:|1699632952\n|switch|p1a: Empoleon|Empoleon, M|39\/100\n|turn|29\n|\n|t:|1699632961\n|move|p2a: .|Hurricane|p1a: Empoleon\n|-resisted|p1a: Empoleon\n|-crit|p1a: Empoleon\n|-damage|p1a: Empoleon|20\/100\n|move|p1a: Empoleon|Roost|p1a: Empoleon\n|-heal|p1a: Empoleon|70\/100\n|-singleturn|p1a: Empoleon|move: Roost\n|\n|-weather|Snow|[upkeep]\n|-heal|p1a: Empoleon|76\/100|[from] item: Leftovers\n|upkeep\n|turn|30\n|\n|t:|1699632976\n|move|p2a: .|Roost|p2a: .\n|-heal|p2a: .|53\/100\n|-singleturn|p2a: .|move: Roost\n|move|p1a: Empoleon|Surf|p2a: .\n|-resisted|p2a: .\n|-damage|p2a: .|30\/100\n|\n|-weather|Snow|[upkeep]\n|-heal|p1a: Empoleon|82\/100|[from] item: Leftovers\n|upkeep\n|turn|31\n|\n|t:|1699632984\n|move|p2a: .|Roost|p2a: .\n|-heal|p2a: .|80\/100\n|-singleturn|p2a: .|move: Roost\n|move|p1a: Empoleon|Surf|p2a: .\n|-resisted|p2a: .\n|-damage|p2a: .|55\/100\n|\n|-weather|Snow|[upkeep]\n|-heal|p1a: Empoleon|89\/100|[from] item: Leftovers\n|upkeep\n|turn|32\n|\n|t:|1699633002\n|move|p2a: .|Scald|p1a: Empoleon\n|-resisted|p1a: Empoleon\n|-damage|p1a: Empoleon|80\/100\n|move|p1a: Empoleon|Surf|p2a: .\n|-resisted|p2a: .\n|-damage|p2a: .|33\/100\n|\n|-weather|none\n|-heal|p1a: Empoleon|86\/100|[from] item: Leftovers\n|upkeep\n|turn|33\n|\n|t:|1699633010\n|move|p2a: .|Roost|p2a: .\n|-heal|p2a: .|83\/100\n|-singleturn|p2a: .|move: Roost\n|move|p1a: Empoleon|Surf|p2a: .\n|-resisted|p2a: .\n|-damage|p2a: .|59\/100\n|\n|-heal|p1a: Empoleon|92\/100|[from] item: Leftovers\n|upkeep\n|turn|34\n|\n|t:|1699633018\n|move|p2a: .|Ice Beam|p1a: Empoleon\n|-resisted|p1a: Empoleon\n|-damage|p1a: Empoleon|89\/100\n|move|p1a: Empoleon|Surf|p2a: .\n|-resisted|p2a: .\n|-damage|p2a: .|34\/100\n|\n|-heal|p1a: Empoleon|95\/100|[from] item: Leftovers\n|upkeep\n|turn|35\n|\n|t:|1699633029\n|move|p2a: .|Roost|p2a: .\n|-heal|p2a: .|84\/100\n|-singleturn|p2a: .|move: Roost\n|move|p1a: Empoleon|Surf|p2a: .\n|-resisted|p2a: .\n|-damage|p2a: .|60\/100\n|\n|-heal|p1a: Empoleon|100\/100|[from] item: Leftovers\n|upkeep\n|turn|36\n|\n|t:|1699633043\n|move|p2a: .|Hurricane|p1a: Empoleon\n|-resisted|p1a: Empoleon\n|-damage|p1a: Empoleon|88\/100\n|move|p1a: Empoleon|Surf|p2a: .\n|-resisted|p2a: .\n|-damage|p2a: .|34\/100\n|\n|-heal|p1a: Empoleon|94\/100|[from] item: Leftovers\n|upkeep\n|turn|37\n|\n|t:|1699633050\n|move|p2a: .|Roost|p2a: .\n|-heal|p2a: .|84\/100\n|-singleturn|p2a: .|move: Roost\n|move|p1a: Empoleon|Flip Turn|p2a: .\n|-resisted|p2a: .\n|-damage|p2a: .|78\/100\n|\n|-heal|p1a: Empoleon|99\/100|[from] item: Leftovers\n|upkeep\n|turn|38\n|\n|t:|1699633059\n|move|p2a: .|Hurricane|p1a: Empoleon\n|-resisted|p1a: Empoleon\n|-damage|p1a: Empoleon|88\/100\n|move|p1a: Empoleon|Surf|p2a: .\n|-resisted|p2a: .\n|-damage|p2a: .|54\/100\n|\n|-heal|p1a: Empoleon|94\/100|[from] item: Leftovers\n|upkeep\n|turn|39\n|\n|t:|1699633068\n|move|p2a: .|Hurricane|p1a: Empoleon\n|-resisted|p1a: Empoleon\n|-damage|p1a: Empoleon|83\/100\n|move|p1a: Empoleon|Surf|p2a: .\n|-resisted|p2a: .\n|-damage|p2a: .|30\/100\n|\n|-heal|p1a: Empoleon|89\/100|[from] item: Leftovers\n|upkeep\n|turn|40\n|\n|t:|1699633077\n|move|p2a: .|Roost|p2a: .\n|-heal|p2a: .|80\/100\n|-singleturn|p2a: .|move: Roost\n|move|p1a: Empoleon|Surf|p2a: .\n|-resisted|p2a: .\n|-damage|p2a: .|55\/100\n|\n|-heal|p1a: Empoleon|95\/100|[from] item: Leftovers\n|upkeep\n|turn|41\n|\n|t:|1699633085\n|move|p2a: .|Hurricane|p1a: Empoleon\n|-resisted|p1a: Empoleon\n|-damage|p1a: Empoleon|82\/100\n|move|p1a: Empoleon|Surf|p2a: .\n|-resisted|p2a: .\n|-damage|p2a: .|30\/100\n|\n|-heal|p1a: Empoleon|89\/100|[from] item: Leftovers\n|upkeep\n|turn|42\n|\n|t:|1699633095\n|move|p2a: .|Roost|p2a: .\n|-heal|p2a: .|80\/100\n|-singleturn|p2a: .|move: Roost\n|move|p1a: Empoleon|Surf|p2a: .\n|-resisted|p2a: .\n|-crit|p2a: .\n|-damage|p2a: .|47\/100\n|\n|-heal|p1a: Empoleon|95\/100|[from] item: Leftovers\n|upkeep\n|turn|43\n|\n|t:|1699633104\n|move|p2a: .|Hurricane|p1a: Empoleon|[miss]\n|-miss|p2a: .|p1a: Empoleon\n|move|p1a: Empoleon|Flip Turn|p2a: .\n|-resisted|p2a: .\n|-damage|p2a: .|40\/100\n|\n|-heal|p1a: Empoleon|100\/100|[from] item: Leftovers\n|upkeep\n|turn|44\n|j| Guillarco28\n|\n|t:|1699633112\n|move|p2a: .|Hurricane|p1a: Empoleon|[miss]\n|-miss|p2a: .|p1a: Empoleon\n|move|p1a: Empoleon|Surf|p2a: .\n|-resisted|p2a: .\n|-damage|p2a: .|17\/100\n|\n|upkeep\n|turn|45\n|\n|t:|1699633119\n|move|p2a: .|Hurricane|p1a: Empoleon|[miss]\n|-miss|p2a: .|p1a: Empoleon\n|move|p1a: Empoleon|Surf|p2a: .\n|-resisted|p2a: .\n|-damage|p2a: .|0 fnt\n|faint|p2a: .\n|\n|upkeep\n|\n|t:|1699633126\n|switch|p2a: Volcarona|Volcarona, F|88\/100\n|turn|46\n|\n|t:|1699633132\n|move|p2a: Volcarona|Giga Drain|p1a: Empoleon\n|-damage|p1a: Empoleon|80\/100\n|-heal|p2a: Volcarona|100\/100|[from] drain|[of] p1a: Empoleon\n|move|p1a: Empoleon|Surf|p2a: Volcarona\n|-supereffective|p2a: Volcarona\n|-damage|p2a: Volcarona|31\/100\n|\n|-heal|p1a: Empoleon|86\/100|[from] item: Leftovers\n|upkeep\n|turn|47\n|j| hideyourpineapples\n|\n|t:|1699633140\n|move|p2a: Volcarona|Giga Drain|p1a: Empoleon\n|-damage|p1a: Empoleon|67\/100\n|-heal|p2a: Volcarona|43\/100|[from] drain|[of] p1a: Empoleon\n|move|p1a: Empoleon|Surf|p2a: Volcarona\n|-supereffective|p2a: Volcarona\n|-crit|p2a: Volcarona\n|-damage|p2a: Volcarona|0 fnt\n|faint|p2a: Volcarona\n|\n|win|FakeSmurferrr\n|raw|FakeSmurferrr's rating: 1190 &rarr; <strong>1210<\/strong><br \/>(+20 for winning)\n|raw|Diieg899's rating: 1116 &rarr; <strong>1096<\/strong><br \/>(-20 for losing)\n|c|\u2606FakeSmurferrr|gg\n","uploadtime":1699633148,"views":4,"p1id":"fakesmurferrr","p2id":"diieg899","formatid":"gen9nationaldex","rating":1096,"private":0,"password":""}