{"id":"gen9nationaldex-1995582766","p1":"cyttorax","p2":"krickitune fan","format":"[Gen 9] National Dex","log":"|html|<div class=\"broadcast-blue\"><strong>[Gen 9] National Dex is currently suspecting Sneasler! For information on how to participate check out the <a href=\"https:\/\/www.smogon.com\/forums\/threads\/sv-national-dex-suspect-8-just-dance.3731534\/\">suspect thread<\/a>.<\/strong><\/div>\n|j|\u2606cyttorax\n|j|\u203dkrickitune fan\n|t:|1700584868\n|gametype|singles\n|player|p1|cyttorax|hiker-gen4|1384\n|player|p2|krickitune fan|gardenia|1380\n|teamsize|p1|6\n|teamsize|p2|6\n|gen|9\n|tier|[Gen 9] National Dex\n|rated|\n|rule|HP Percentage Mod: HP is shown in percentages\n|rule|Endless Battle Clause: Forcing endless battles is banned\n|rule|OHKO Clause: OHKO moves are banned\n|rule|Evasion Clause: Evasion abilities, items, and moves are banned\n|rule|Evasion Abilities Clause: Evasion abilities are banned\n|rule|Evasion Items Clause: Evasion items are banned\n|rule|Evasion Moves Clause: Evasion moves are banned\n|rule|Species Clause: Limit one of each Pok\u00e9mon\n|rule|Sleep Clause Mod: Limit one foe put to sleep\n|clearpoke\n|poke|p1|Zamazenta-*|\n|poke|p1|Hoopa-Unbound|\n|poke|p1|Corviknight, M|\n|poke|p1|Zapdos|\n|poke|p1|Rotom-Wash|\n|poke|p1|Rillaboom, M|\n|poke|p2|Kommo-o, F|\n|poke|p2|Heatran, F|\n|poke|p2|Rotom-Wash|\n|poke|p2|Weavile, M|\n|poke|p2|Rillaboom, M|\n|poke|p2|Mawile, M|\n|teampreview\n|inactive|Battle timer is ON: inactive players will automatically lose when time's up. (requested by cyttorax)\n|\n|t:|1700584882\n|start\n|switch|p1a: Rotom|Rotom-Wash|100\/100\n|switch|p2a: Heatran|Heatran, F|100\/100\n|turn|1\n|\n|t:|1700584892\n|move|p1a: Rotom|Thunder Wave|p2a: Heatran\n|-status|p2a: Heatran|par\n|move|p2a: Heatran|Stealth Rock|p1a: Rotom\n|-sidestart|p1: cyttorax|move: Stealth Rock\n|\n|upkeep\n|turn|2\n|inactive|cyttorax has 120 seconds left.\n|\n|t:|1700584929\n|switch|p2a: Rillaboom|Rillaboom, M|100\/100\n|-fieldstart|move: Grassy Terrain|[from] ability: Grassy Surge|[of] p2a: Rillaboom\n|move|p1a: Rotom|Thunder Wave|p2a: Rillaboom\n|-status|p2a: Rillaboom|par\n|\n|upkeep\n|turn|3\n|inactive|cyttorax has 120 seconds left.\n|\n|t:|1700584939\n|switch|p1a: Corviknight|Corviknight, M|100\/100\n|-damage|p1a: Corviknight|88\/100|[from] Stealth Rock\n|move|p2a: Rillaboom|Grassy Glide|p1a: Corviknight\n|-resisted|p1a: Corviknight\n|-damage|p1a: Corviknight|80\/100\n|-damage|p2a: Rillaboom|84\/100 par|[from] item: Rocky Helmet|[of] p1a: Corviknight\n|\n|-heal|p2a: Rillaboom|90\/100 par|[from] Grassy Terrain\n|upkeep\n|turn|4\n|inactive|cyttorax has 120 seconds left.\n|\n|t:|1700584950\n|switch|p2a: Rotom|Rotom-Wash|100\/100\n|move|p1a: Corviknight|Body Press|p2a: Rotom\n|-damage|p2a: Rotom|68\/100\n|\n|-heal|p2a: Rotom|74\/100|[from] item: Leftovers\n|upkeep\n|turn|5\n|inactive|cyttorax has 120 seconds left.\n|\n|t:|1700584967\n|switch|p1a: Rillaboom|Rillaboom, M|100\/100\n|-damage|p1a: Rillaboom|88\/100|[from] Stealth Rock\n|-enditem|p1a: Rillaboom|Grassy Seed\n|-boost|p1a: Rillaboom|def|1|[from] item: Grassy Seed\n|move|p2a: Rotom|Volt Switch|p1a: Rillaboom\n|-resisted|p1a: Rillaboom\n|-damage|p1a: Rillaboom|69\/100\n|\n|t:|1700584980\n|switch|p2a: Kommo-o|Kommo-o, F|100\/100|[from] Volt Switch\n|\n|-heal|p1a: Rillaboom|75\/100|[from] Grassy Terrain\n|upkeep\n|turn|6\n|\n|t:|1700584995\n|move|p1a: Rillaboom|Acrobatics|p2a: Kommo-o\n|-supereffective|p2a: Kommo-o\n|-damage|p2a: Kommo-o|30\/100\n|-zpower|p2a: Kommo-o\n|move|p2a: Kommo-o|Clangorous Soulblaze|p1a: Rillaboom|[zeffect]\n|-damage|p1a: Rillaboom|0 fnt\n|faint|p1a: Rillaboom\n|-boost|p2a: Kommo-o|atk|1\n|-boost|p2a: Kommo-o|def|1\n|-boost|p2a: Kommo-o|spa|1\n|-boost|p2a: Kommo-o|spd|1\n|-boost|p2a: Kommo-o|spe|1\n|\n|-heal|p2a: Kommo-o|36\/100|[from] Grassy Terrain\n|-fieldend|move: Grassy Terrain\n|upkeep\n|inactive|cyttorax has 120 seconds left.\n|\n|t:|1700585019\n|switch|p1a: Hoopa|Hoopa-Unbound|100\/100\n|-damage|p1a: Hoopa|88\/100|[from] Stealth Rock\n|turn|7\n|\n|t:|1700585026\n|move|p2a: Kommo-o|Close Combat|p1a: Hoopa\n|-damage|p1a: Hoopa|0 fnt\n|-unboost|p2a: Kommo-o|def|1\n|-unboost|p2a: Kommo-o|spd|1\n|faint|p1a: Hoopa\n|\n|upkeep\n|inactive|cyttorax has 120 seconds left.\n|\n|t:|1700585039\n|switch|p1a: Corviknight|Corviknight, M|80\/100\n|-damage|p1a: Corviknight|67\/100|[from] Stealth Rock\n|turn|8\n|\n|t:|1700585043\n|move|p2a: Kommo-o|Close Combat|p1a: Corviknight\n|-damage|p1a: Corviknight|16\/100\n|-unboost|p2a: Kommo-o|def|1\n|-unboost|p2a: Kommo-o|spd|1\n|-damage|p2a: Kommo-o|19\/100|[from] item: Rocky Helmet|[of] p1a: Corviknight\n|move|p1a: Corviknight|Defog|p2a: Kommo-o\n|-unboost|p2a: Kommo-o|evasion|1\n|-sideend|p1: cyttorax|Stealth Rock|[from] move: Defog|[of] p1a: Corviknight\n|\n|upkeep\n|turn|9\n|\n|t:|1700585056\n|move|p2a: Kommo-o|Close Combat|p1a: Corviknight\n|-damage|p1a: Corviknight|0 fnt\n|-unboost|p2a: Kommo-o|def|1\n|-unboost|p2a: Kommo-o|spd|1\n|-damage|p2a: Kommo-o|3\/100|[from] item: Rocky Helmet|[of] p1a: Corviknight\n|faint|p1a: Corviknight\n|\n|upkeep\n|inactive|cyttorax has 120 seconds left.\n|\n|t:|1700585069\n|switch|p1a: Rotom|Rotom-Wash|100\/100\n|turn|10\n|\n|t:|1700585081\n|move|p1a: Rotom|Thunderbolt|p2a: Kommo-o\n|-resisted|p2a: Kommo-o\n|-damage|p2a: Kommo-o|0 fnt\n|faint|p2a: Kommo-o\n|\n|upkeep\n|\n|t:|1700585094\n|switch|p2a: Rillaboom|Rillaboom, M|90\/100 par\n|-fieldstart|move: Grassy Terrain|[from] ability: Grassy Surge|[of] p2a: Rillaboom\n|turn|11\n|\n|t:|1700585099\n|switch|p1a: Zapdos|Zapdos|100\/100\n|move|p2a: Rillaboom|U-turn|p1a: Zapdos\n|-resisted|p1a: Zapdos\n|-damage|p1a: Zapdos|82\/100\n|\n|t:|1700585105\n|switch|p2a: Weavile|Weavile, M|100\/100|[from] U-turn\n|-ability|p2a: Weavile|Pressure\n|\n|upkeep\n|turn|12\n|\n|t:|1700585119\n|switch|p1a: Rotom|Rotom-Wash|100\/100\n|move|p2a: Weavile|Swords Dance|p2a: Weavile\n|-boost|p2a: Weavile|atk|2\n|\n|upkeep\n|turn|13\n|\n|t:|1700585125\n|move|p1a: Rotom|Thunder Wave|p2a: Weavile|[miss]\n|-miss|p1a: Rotom|p2a: Weavile\n|move|p2a: Weavile|Throat Chop|p1a: Rotom\n|-damage|p1a: Rotom|0 fnt\n|faint|p1a: Rotom\n|\n|upkeep\n|\n|t:|1700585129\n|switch|p1a: Zamazenta|Zamazenta|100\/100\n|-ability|p1a: Zamazenta|Dauntless Shield|boost\n|-boost|p1a: Zamazenta|def|1\n|turn|14\n|\n|t:|1700585137\n|move|p1a: Zamazenta|Body Press|p2a: Weavile\n|-supereffective|p2a: Weavile\n|-crit|p2a: Weavile\n|-enditem|p2a: Weavile|Focus Sash\n|-damage|p2a: Weavile|1\/100\n|move|p2a: Weavile|Ice Spinner|p1a: Zamazenta\n|-damage|p1a: Zamazenta|57\/100\n|-fieldend|move: Grassy Terrain\n|\n|upkeep\n|turn|15\n|\n|t:|1700585148\n|move|p2a: Weavile|Ice Shard|p1a: Zamazenta\n|-damage|p1a: Zamazenta|35\/100\n|move|p1a: Zamazenta|Body Press|p2a: Weavile\n|-supereffective|p2a: Weavile\n|-damage|p2a: Weavile|0 fnt\n|faint|p2a: Weavile\n|\n|upkeep\n|\n|t:|1700585156\n|switch|p2a: Rillaboom|Rillaboom, M|90\/100 par\n|-fieldstart|move: Grassy Terrain|[from] ability: Grassy Surge|[of] p2a: Rillaboom\n|turn|16\n|\n|t:|1700585161\n|move|p2a: Rillaboom|Grassy Glide|p1a: Zamazenta\n|-damage|p1a: Zamazenta|6\/100\n|move|p1a: Zamazenta|Body Press|p2a: Rillaboom\n|-damage|p2a: Rillaboom|42\/100 par\n|\n|-heal|p1a: Zamazenta|12\/100|[from] Grassy Terrain\n|-heal|p2a: Rillaboom|49\/100 par|[from] Grassy Terrain\n|upkeep\n|turn|17\n|\n|t:|1700585171\n|cant|p2a: Rillaboom|par\n|move|p1a: Zamazenta|Body Press|p2a: Rillaboom\n|-damage|p2a: Rillaboom|0 fnt\n|faint|p2a: Rillaboom\n|\n|-heal|p1a: Zamazenta|18\/100|[from] Grassy Terrain\n|upkeep\n|l|\u203dkrickitune fan\n|inactive|krickitune fan disconnected and has a minute to reconnect!\n|player|p2|\n|j|\u203dkrickitune fan\n|inactive|krickitune fan reconnected and has 130 seconds left.\n|player|p2|krickitune fan|gardenia\n|n|\u203dkrickitune fan|krickitunefan\n|\n|t:|1700585197\n|switch|p2a: Heatran|Heatran, F|100\/100 par\n|turn|18\n|\n|t:|1700585202\n|-terastallize|p2a: Heatran|Grass\n|move|p1a: Zamazenta|Body Press|p2a: Heatran\n|-damage|p2a: Heatran|59\/100 par\n|move|p2a: Heatran|Tera Blast|p1a: Zamazenta|[anim] Tera Blast Grass\n|-crit|p1a: Zamazenta\n|-damage|p1a: Zamazenta|0 fnt\n|faint|p1a: Zamazenta\n|\n|-heal|p2a: Heatran|66\/100 par|[from] Grassy Terrain\n|-heal|p2a: Heatran|72\/100 par|[from] item: Leftovers\n|upkeep\n|\n|t:|1700585215\n|switch|p1a: Zapdos|Zapdos|82\/100\n|turn|19\n|\n|t:|1700585223\n|move|p1a: Zapdos|Hurricane|p2a: Heatran\n|-supereffective|p2a: Heatran\n|-damage|p2a: Heatran|14\/100 par\n|cant|p2a: Heatran|par\n|\n|-heal|p2a: Heatran|20\/100 par|[from] Grassy Terrain\n|-heal|p2a: Heatran|26\/100 par|[from] item: Leftovers\n|upkeep\n|turn|20\n|\n|t:|1700585233\n|move|p1a: Zapdos|Hurricane|p2a: Heatran\n|-supereffective|p2a: Heatran\n|-damage|p2a: Heatran|0 fnt\n|faint|p2a: Heatran\n|\n|-fieldend|move: Grassy Terrain\n|upkeep\n|\n|t:|1700585235\n|switch|p2a: Rotom|Rotom-Wash|74\/100\n|turn|21\n|\n|t:|1700585242\n|move|p2a: Rotom|Hydro Pump|p1a: Zapdos\n|-damage|p1a: Zapdos|43\/100\n|move|p1a: Zapdos|Hurricane|p2a: Rotom\n|-resisted|p2a: Rotom\n|-damage|p2a: Rotom|44\/100\n|-start|p2a: Rotom|confusion\n|\n|-heal|p2a: Rotom|50\/100|[from] item: Leftovers\n|upkeep\n|turn|22\n|\n|t:|1700585252\n|-activate|p2a: Rotom|confusion\n|-damage|p2a: Rotom|44\/100|[from] confusion\n|move|p1a: Zapdos|Roost|p1a: Zapdos\n|-heal|p1a: Zapdos|93\/100\n|-singleturn|p1a: Zapdos|move: Roost\n|\n|-heal|p2a: Rotom|50\/100|[from] item: Leftovers\n|upkeep\n|turn|23\n|\n|t:|1700585261\n|-activate|p2a: Rotom|confusion\n|move|p2a: Rotom|Hydro Pump|p1a: Zapdos\n|-damage|p1a: Zapdos|52\/100\n|move|p1a: Zapdos|Thunderbolt|p2a: Rotom\n|-damage|p2a: Rotom|0 fnt\n|faint|p2a: Rotom\n|\n|upkeep\n|\n|t:|1700585267\n|switch|p2a: Mawile|Mawile, M|100\/100\n|-ability|p2a: Mawile|Intimidate|boost\n|-unboost|p1a: Zapdos|atk|1\n|turn|24\n|\n|t:|1700585276\n|detailschange|p2a: Mawile|Mawile-Mega, M\n|-mega|p2a: Mawile|Mawile|Mawilite\n|move|p1a: Zapdos|Roost|p1a: Zapdos\n|-heal|p1a: Zapdos|100\/100\n|-singleturn|p1a: Zapdos|move: Roost\n|move|p2a: Mawile|Play Rough|p1a: Zapdos\n|-damage|p1a: Zapdos|9\/100\n|-status|p2a: Mawile|par|[from] ability: Static|[of] p1a: Zapdos\n|\n|upkeep\n|turn|25\n|\n|t:|1700585287\n|move|p1a: Zapdos|Heat Wave|p2a: Mawile\n|-supereffective|p2a: Mawile\n|-damage|p2a: Mawile|43\/100 par\n|cant|p2a: Mawile|par\n|\n|upkeep\n|turn|26\n|\n|t:|1700585294\n|move|p2a: Mawile|Sucker Punch|p1a: Zapdos\n|-damage|p1a: Zapdos|0 fnt\n|faint|p1a: Zapdos\n|\n|win|krickitune fan\n|raw|cyttorax's rating: 1384 &rarr; <strong>1364<\/strong><br \/>(-20 for losing)\n|raw|krickitune fan's rating: 1380 &rarr; <strong>1400<\/strong><br \/>(+20 for winning)\n","uploadtime":1700585298,"views":10,"p1id":"cyttorax","p2id":"krickitunefan","formatid":"gen9nationaldex","rating":1364,"private":0,"password":""}