{"id":"gen9nationaldex-1990262938","p1":"Foulest","p2":"mtyqjltz5","format":"[Gen 9] National Dex","log":"|j|\u2606Foulest\n|j|\u2606mtyqjltz5\n|t:|1699946901\n|gametype|singles\n|player|p1|Foulest|265|1359\n|player|p2|mtyqjltz5|elesa|1320\n|teamsize|p1|6\n|teamsize|p2|6\n|gen|9\n|tier|[Gen 9] National Dex\n|rated|\n|rule|HP Percentage Mod: HP is shown in percentages\n|rule|Endless Battle Clause: Forcing endless battles is banned\n|rule|OHKO Clause: OHKO moves are banned\n|rule|Evasion Clause: Evasion abilities, items, and moves are banned\n|rule|Evasion Abilities Clause: Evasion abilities are banned\n|rule|Evasion Items Clause: Evasion items are banned\n|rule|Evasion Moves Clause: Evasion moves are banned\n|rule|Species Clause: Limit one of each Pok\u00e9mon\n|rule|Sleep Clause Mod: Limit one foe put to sleep\n|clearpoke\n|poke|p1|Azelf|\n|poke|p1|Ferrothorn, M|\n|poke|p1|Volcanion|\n|poke|p1|Zapdos|\n|poke|p1|Garchomp, M|\n|poke|p1|Pangoro, M|\n|poke|p2|Pidgeot, F|\n|poke|p2|Excadrill, M|\n|poke|p2|Cinderace, M|\n|poke|p2|Sinistcha|\n|poke|p2|Samurott-Hisui, M|\n|poke|p2|Kommo-o, M|\n|teampreview\n|inactive|Battle timer is ON: inactive players will automatically lose when time's up. (requested by Foulest)\n|inactive|Foulest has 120 seconds left.\n|\n|t:|1699946934\n|start\n|switch|p1a: Apple|Ferrothorn, M, shiny|100\/100\n|switch|p2a: Cinderace|Cinderace, M|100\/100\n|turn|1\n|\n|t:|1699946947\n|switch|p1a: Chewy|Volcanion|100\/100\n|move|p2a: Cinderace|Gunk Shot|p1a: Chewy\n|-start|p2a: Cinderace|typechange|Poison|[from] ability: Libero\n|-damage|p1a: Chewy|50\/100\n|-status|p1a: Chewy|psn\n|\n|-damage|p1a: Chewy|38\/100 psn|[from] psn\n|upkeep\n|turn|2\n|\n|t:|1699946961\n|move|p2a: Cinderace|Gunk Shot|p1a: Chewy\n|-damage|p1a: Chewy|0 fnt\n|faint|p1a: Chewy\n|\n|upkeep\n|\n|t:|1699946965\n|switch|p1a: Omega|Azelf, shiny|100\/100\n|turn|3\n|\n|t:|1699946978\n|switch|p2a: Excadrill|Excadrill, M|100\/100\n|-ability|p2a: Excadrill|Mold Breaker\n|move|p1a: Omega|Psychic|p2a: Excadrill\n|-resisted|p2a: Excadrill\n|-damage|p2a: Excadrill|78\/100\n|\n|-heal|p2a: Excadrill|84\/100|[from] item: Leftovers\n|upkeep\n|turn|4\n|\n|t:|1699946991\n|move|p1a: Omega|Fire Blast|p2a: Excadrill\n|-supereffective|p2a: Excadrill\n|-damage|p2a: Excadrill|9\/100\n|move|p2a: Excadrill|Swords Dance|p2a: Excadrill\n|-boost|p2a: Excadrill|atk|2\n|\n|-heal|p2a: Excadrill|15\/100|[from] item: Leftovers\n|upkeep\n|turn|5\n|\n|t:|1699947017\n|switch|p2a: Samurott|Samurott-Hisui, M, shiny|100\/100\n|move|p1a: Omega|Stealth Rock|p2a: Samurott\n|-sidestart|p2: mtyqjltz5|move: Stealth Rock\n|\n|upkeep\n|turn|6\n|\n|t:|1699947028\n|switch|p2a: Cinderace|Cinderace, M|100\/100\n|switch|p1a: Apple|Ferrothorn, M, shiny|100\/100\n|\n|upkeep\n|turn|7\n|\n|t:|1699947034\n|switch|p1a: Chompy|Garchomp, M|100\/100\n|move|p2a: Cinderace|Court Change|p2a: Cinderace\n|-start|p2a: Cinderace|typechange|Normal|[from] ability: Libero\n|-swapsideconditions\n|-activate|p2a: Cinderace|move: Court Change\n|\n|upkeep\n|turn|8\n|inactive|mtyqjltz5 has 120 seconds left.\n|\n|t:|1699947063\n|switch|p2a: Pidgeot|Pidgeot, F, shiny|100\/100\n|move|p1a: Chompy|Earthquake|p2a: Pidgeot\n|-immune|p2a: Pidgeot\n|\n|upkeep\n|turn|9\n|\n|t:|1699947069\n|detailschange|p2a: Pidgeot|Pidgeot-Mega, F, shiny\n|-mega|p2a: Pidgeot|Pidgeot|Pidgeotite\n|move|p2a: Pidgeot|Hurricane|p1a: Chompy\n|-damage|p1a: Chompy|41\/100\n|-start|p1a: Chompy|confusion\n|-activate|p1a: Chompy|confusion\n|move|p1a: Chompy|Swords Dance|p1a: Chompy\n|-boost|p1a: Chompy|atk|2\n|\n|-heal|p1a: Chompy|48\/100|[from] item: Leftovers\n|upkeep\n|turn|10\n|\n|t:|1699947078\n|move|p2a: Pidgeot|Hurricane|p1a: Chompy\n|-damage|p1a: Chompy|0 fnt\n|faint|p1a: Chompy\n|\n|upkeep\n|\n|t:|1699947081\n|switch|p1a: Olive|Zapdos, shiny|100\/100\n|turn|11\n|\n|t:|1699947085\n|switch|p2a: Excadrill|Excadrill, M|15\/100\n|-ability|p2a: Excadrill|Mold Breaker\n|move|p1a: Olive|Volt Switch|p2a: Excadrill\n|-immune|p2a: Excadrill\n|\n|-heal|p2a: Excadrill|21\/100|[from] item: Leftovers\n|upkeep\n|turn|12\n|\n|t:|1699947092\n|move|p2a: Excadrill|Rapid Spin|p1a: Olive\n|-damage|p1a: Olive|84\/100\n|-boost|p2a: Excadrill|spe|1\n|move|p1a: Olive|Hurricane|p2a: Excadrill\n|-resisted|p2a: Excadrill\n|-damage|p2a: Excadrill|0 fnt\n|faint|p2a: Excadrill\n|\n|upkeep\n|\n|t:|1699947105\n|switch|p2a: Kommo-o|Kommo-o, M, shiny|100\/100\n|turn|13\n|\n|t:|1699947108\n|-zpower|p2a: Kommo-o\n|move|p2a: Kommo-o|Clangorous Soulblaze|p1a: Olive|[zeffect]\n|-damage|p1a: Olive|11\/100\n|-boost|p2a: Kommo-o|atk|1\n|-boost|p2a: Kommo-o|def|1\n|-boost|p2a: Kommo-o|spa|1\n|-boost|p2a: Kommo-o|spd|1\n|-boost|p2a: Kommo-o|spe|1\n|move|p1a: Olive|Hurricane|p2a: Kommo-o\n|-supereffective|p2a: Kommo-o\n|-damage|p2a: Kommo-o|12\/100\n|\n|upkeep\n|turn|14\n|\n|t:|1699947120\n|move|p2a: Kommo-o|Boomburst|p1a: Olive\n|-damage|p1a: Olive|0 fnt\n|faint|p1a: Olive\n|\n|upkeep\n|\n|t:|1699947126\n|switch|p1a: Bamboo|Pangoro, M, shiny|100\/100\n|-damage|p1a: Bamboo|94\/100|[from] Stealth Rock\n|turn|15\n|\n|t:|1699947141\n|-terastallize|p1a: Bamboo|Ghost\n|move|p2a: Kommo-o|Clanging Scales|p1a: Bamboo\n|-damage|p1a: Bamboo|16\/100\n|-unboost|p2a: Kommo-o|def|1\n|move|p1a: Bamboo|Drain Punch|p2a: Kommo-o\n|-damage|p2a: Kommo-o|0 fnt\n|-heal|p1a: Bamboo|21\/100|[from] drain|[of] p2a: Kommo-o\n|faint|p2a: Kommo-o\n|\n|upkeep\n|\n|t:|1699947159\n|switch|p2a: Samurott|Samurott-Hisui, M, shiny|100\/100\n|turn|16\n|\n|t:|1699947162\n|move|p2a: Samurott|Ceaseless Edge|p1a: Bamboo\n|-supereffective|p1a: Bamboo\n|-damage|p1a: Bamboo|0 fnt\n|-sidestart|p1: Foulest|Spikes\n|faint|p1a: Bamboo\n|\n|upkeep\n|\n|t:|1699947164\n|switch|p1a: Apple|Ferrothorn, M, shiny|100\/100\n|-damage|p1a: Apple|94\/100|[from] Stealth Rock\n|-damage|p1a: Apple|82\/100|[from] Spikes\n|turn|17\n|\n|t:|1699947175\n|switch|p2a: Pidgeot|Pidgeot-Mega, F, shiny|100\/100\n|move|p1a: Apple|Leech Seed|p2a: Pidgeot\n|-start|p2a: Pidgeot|move: Leech Seed\n|\n|-heal|p1a: Apple|88\/100|[from] item: Leftovers\n|-damage|p2a: Pidgeot|88\/100|[from] Leech Seed|[of] p1a: Apple\n|-heal|p1a: Apple|99\/100|[silent]\n|upkeep\n|turn|18\n|\n|t:|1699947179\n|move|p2a: Pidgeot|Heat Wave|p1a: Apple\n|-supereffective|p1a: Apple\n|-damage|p1a: Apple|0 fnt\n|faint|p1a: Apple\n|\n|upkeep\n|\n|t:|1699947181\n|switch|p1a: Omega|Azelf, shiny|100\/100\n|-damage|p1a: Omega|88\/100|[from] Stealth Rock\n|turn|19\n|\n|t:|1699947186\n|move|p2a: Pidgeot|Hurricane|p1a: Omega\n|-damage|p1a: Omega|2\/100\n|move|p1a: Omega|Psychic|p2a: Pidgeot\n|-damage|p2a: Pidgeot|26\/100\n|-unboost|p2a: Pidgeot|spd|1\n|\n|-damage|p2a: Pidgeot|14\/100|[from] Leech Seed|[of] p1a: Omega\n|-heal|p1a: Omega|15\/100|[silent]\n|upkeep\n|turn|20\n|-message|Foulest forfeited.\n|\n|win|mtyqjltz5\n|raw|Foulest's rating: 1359 &rarr; <strong>1337<\/strong><br \/>(-22 for losing)\n|raw|mtyqjltz5's rating: 1320 &rarr; <strong>1342<\/strong><br \/>(+22 for winning)\n|l|\u2606Foulest\n","uploadtime":1699947203,"views":4,"p1id":"foulest","p2id":"mtyqjltz5","formatid":"gen9nationaldex","rating":1337,"private":0,"password":""}