{"id":"gen9nationaldex-1996929612","p1":"Gaelleas","p2":"AdvilPills","format":"[Gen 9] National Dex","log":"|html|<div class=\"broadcast-blue\"><strong>[Gen 9] National Dex is currently suspecting Sneasler! For information on how to participate check out the <a href=\"https:\/\/www.smogon.com\/forums\/threads\/sv-national-dex-suspect-8-just-dance.3731534\/\">suspect thread<\/a>.<\/strong><\/div>\n|j|\u2606Gaelleas\n|j|\u2606AdvilPills\n|t:|1700746141\n|gametype|singles\n|player|p1|Gaelleas|plasmagrunt|1098\n|player|p2|AdvilPills|265|1137\n|teamsize|p1|6\n|teamsize|p2|6\n|gen|9\n|tier|[Gen 9] National Dex\n|rated|\n|rule|HP Percentage Mod: HP is shown in percentages\n|rule|Endless Battle Clause: Forcing endless battles is banned\n|rule|OHKO Clause: OHKO moves are banned\n|rule|Evasion Clause: Evasion abilities, items, and moves are banned\n|rule|Evasion Abilities Clause: Evasion abilities are banned\n|rule|Evasion Items Clause: Evasion items are banned\n|rule|Evasion Moves Clause: Evasion moves are banned\n|rule|Species Clause: Limit one of each Pok\u00e9mon\n|rule|Sleep Clause Mod: Limit one foe put to sleep\n|clearpoke\n|poke|p1|Heatran, M|\n|poke|p1|Cofagrigus, F|\n|poke|p1|Shuckle, M|\n|poke|p1|Toxapex, M|\n|poke|p1|Spiritomb, M|\n|poke|p1|Regigigas|\n|poke|p2|Tapu Koko|\n|poke|p2|Iron Valiant|\n|poke|p2|Mawile, M|\n|poke|p2|Ninetales-Alola, M|\n|poke|p2|Mimikyu, M|\n|poke|p2|Hatterene, F|\n|teampreview\n|\n|t:|1700746148\n|start\n|switch|p1a: No Name Nick|Shuckle, M|100\/100\n|switch|p2a: Tapu Koko|Tapu Koko|100\/100\n|-fieldstart|move: Electric Terrain|[from] ability: Electric Surge|[of] p2a: Tapu Koko\n|turn|1\n|inactive|Battle timer is ON: inactive players will automatically lose when time's up. (requested by AdvilPills)\n|\n|t:|1700746155\n|move|p2a: Tapu Koko|Substitute|p2a: Tapu Koko\n|-start|p2a: Tapu Koko|Substitute\n|-damage|p2a: Tapu Koko|76\/100\n|move|p1a: No Name Nick|Sticky Web|p2a: Tapu Koko\n|-sidestart|p2: AdvilPills|move: Sticky Web\n|\n|upkeep\n|turn|2\n|\n|t:|1700746172\n|move|p2a: Tapu Koko|Calm Mind|p2a: Tapu Koko\n|-boost|p2a: Tapu Koko|spa|1\n|-boost|p2a: Tapu Koko|spd|1\n|move|p1a: No Name Nick|Infestation|p2a: Tapu Koko\n|-resisted|p2a: Tapu Koko\n|-activate|p2a: Tapu Koko|move: Substitute|[damage]\n|\n|upkeep\n|turn|3\n|\n|t:|1700746180\n|move|p2a: Tapu Koko|Calm Mind|p2a: Tapu Koko\n|-boost|p2a: Tapu Koko|spa|1\n|-boost|p2a: Tapu Koko|spd|1\n|move|p1a: No Name Nick|Stealth Rock|p2a: Tapu Koko\n|-sidestart|p2: AdvilPills|move: Stealth Rock\n|\n|upkeep\n|turn|4\n|\n|t:|1700746186\n|move|p2a: Tapu Koko|Calm Mind|p2a: Tapu Koko\n|-boost|p2a: Tapu Koko|spa|1\n|-boost|p2a: Tapu Koko|spd|1\n|move|p1a: No Name Nick|Power Split||[still]\n|-fail|p1a: No Name Nick\n|\n|upkeep\n|turn|5\n|\n|t:|1700746200\n|switch|p1a: Urhchin|Toxapex, M|100\/100\n|move|p2a: Tapu Koko|Calm Mind|p2a: Tapu Koko\n|-boost|p2a: Tapu Koko|spa|1\n|-boost|p2a: Tapu Koko|spd|1\n|\n|upkeep\n|turn|6\n|\n|t:|1700746210\n|move|p1a: Urhchin|Baneful Bunker|p1a: Urhchin\n|-singleturn|p1a: Urhchin|move: Protect\n|move|p2a: Tapu Koko|Discharge|p1a: Urhchin\n|-activate|p1a: Urhchin|move: Protect\n|\n|upkeep\n|turn|7\n|\n|t:|1700746219\n|move|p2a: Tapu Koko|Calm Mind|p2a: Tapu Koko\n|-boost|p2a: Tapu Koko|spa|1\n|-boost|p2a: Tapu Koko|spd|1\n|move|p1a: Urhchin|Toxic Spikes|p2a: Tapu Koko\n|-sidestart|p2: AdvilPills|move: Toxic Spikes\n|\n|upkeep\n|turn|8\n|\n|t:|1700746225\n|move|p2a: Tapu Koko|Discharge|p1a: Urhchin\n|-supereffective|p1a: Urhchin\n|-damage|p1a: Urhchin|0 fnt\n|faint|p1a: Urhchin\n|\n|-fieldend|move: Electric Terrain\n|upkeep\n|\n|t:|1700746241\n|switch|p1a: Geomaglass|Heatran, M, shiny|100\/100\n|turn|9\n|\n|t:|1700746245\n|move|p2a: Tapu Koko|Discharge|p1a: Geomaglass\n|-damage|p1a: Geomaglass|0 fnt\n|faint|p1a: Geomaglass\n|\n|upkeep\n|\n|t:|1700746257\n|switch|p1a: La Signora|Cofagrigus, F|100\/100\n|turn|10\n|\n|t:|1700746261\n|move|p2a: Tapu Koko|Discharge|p1a: La Signora\n|-crit|p1a: La Signora\n|-damage|p1a: La Signora|0 fnt\n|faint|p1a: La Signora\n|\n|upkeep\n|\n|t:|1700746277\n|switch|p1a: Boo Tao|Spiritomb, M|100\/100\n|-ability|p1a: Boo Tao|Pressure\n|turn|11\n|\n|t:|1700746295\n|move|p2a: Tapu Koko|Dazzling Gleam|p1a: Boo Tao\n|-supereffective|p1a: Boo Tao\n|-damage|p1a: Boo Tao|0 fnt\n|faint|p1a: Boo Tao\n|\n|upkeep\n|\n|t:|1700746300\n|switch|p1a: No Name Nick|Shuckle, M|100\/100\n|turn|12\n|\n|t:|1700746305\n|move|p2a: Tapu Koko|Calm Mind|p2a: Tapu Koko\n|-boost|p2a: Tapu Koko|spa|1\n|-boost|p2a: Tapu Koko|spd|1\n|move|p1a: No Name Nick|Infestation|p2a: Tapu Koko\n|-resisted|p2a: Tapu Koko\n|-activate|p2a: Tapu Koko|move: Substitute|[damage]\n|\n|upkeep\n|turn|13\n|\n|t:|1700746311\n|move|p2a: Tapu Koko|Discharge|p1a: No Name Nick\n|-damage|p1a: No Name Nick|24\/100\n|-status|p1a: No Name Nick|par\n|move|p1a: No Name Nick|Infestation|p2a: Tapu Koko\n|-resisted|p2a: Tapu Koko\n|-activate|p2a: Tapu Koko|move: Substitute|[damage]\n|\n|-heal|p1a: No Name Nick|30\/100 par|[from] item: Leftovers\n|upkeep\n|turn|14\n|\n|t:|1700746330\n|move|p2a: Tapu Koko|Discharge|p1a: No Name Nick\n|-damage|p1a: No Name Nick|0 fnt\n|faint|p1a: No Name Nick\n|\n|upkeep\n|\n|t:|1700746335\n|switch|p1a: Regigigas|Regigigas|100\/100\n|-start|p1a: Regigigas|ability: Slow Start\n|turn|15\n|\n|t:|1700746341\n|move|p2a: Tapu Koko|Discharge|p1a: Regigigas\n|-damage|p1a: Regigigas|0 fnt\n|faint|p1a: Regigigas\n|-end|p1a: Regigigas|Slow Start|[silent]\n|\n|win|AdvilPills\n|raw|Gaelleas's rating: 1098 &rarr; <strong>1076<\/strong><br \/>(-22 for losing)\n|raw|AdvilPills's rating: 1137 &rarr; <strong>1159<\/strong><br \/>(+22 for winning)\n|l|\u2606Gaelleas\n","uploadtime":1700746369,"views":0,"p1id":"gaelleas","p2id":"advilpills","formatid":"gen9nationaldex","rating":1076,"private":0,"password":""}