{"id":"gen9nationaldex-1992532192","p1":"ananananji","p2":"hackilla15","format":"[Gen 9] National Dex","log":"|j|\u2606ananananji\n|j|\u2606hackilla15\n|t:|1700200742\n|gametype|singles\n|player|p1|ananananji|101|1359\n|player|p2|hackilla15|ethan|1286\n|teamsize|p1|6\n|teamsize|p2|6\n|gen|9\n|tier|[Gen 9] National Dex\n|rated|\n|rule|HP Percentage Mod: HP is shown in percentages\n|rule|Endless Battle Clause: Forcing endless battles is banned\n|rule|OHKO Clause: OHKO moves are banned\n|rule|Evasion Clause: Evasion abilities, items, and moves are banned\n|rule|Evasion Abilities Clause: Evasion abilities are banned\n|rule|Evasion Items Clause: Evasion items are banned\n|rule|Evasion Moves Clause: Evasion moves are banned\n|rule|Species Clause: Limit one of each Pok\u00e9mon\n|rule|Sleep Clause Mod: Limit one foe put to sleep\n|clearpoke\n|poke|p1|Brambleghast, M|\n|poke|p1|Alomomola, F|\n|poke|p1|Tornadus-Therian, M|\n|poke|p1|Landorus-Therian, M|\n|poke|p1|Moltres|\n|poke|p1|Rillaboom, M|\n|poke|p2|Zoroark-Hisui, F|\n|poke|p2|Venusaur, F|\n|poke|p2|Ceruledge, M|\n|poke|p2|Muk-Alola, F|\n|poke|p2|Corviknight, M|\n|poke|p2|Dragonite, M|\n|teampreview\n|inactive|Battle timer is ON: inactive players will automatically lose when time's up. (requested by ananananji)\n|\n|t:|1700200754\n|start\n|switch|p1a: Landorus|Landorus-Therian, M|100\/100\n|switch|p2a: M.J. Watson|Venusaur, F, shiny|100\/100\n|-ability|p1a: Landorus|Intimidate|boost\n|-unboost|p2a: M.J. Watson|atk|1\n|turn|1\n|\n|t:|1700200761\n|detailschange|p2a: M.J. Watson|Venusaur-Mega, F, shiny\n|-mega|p2a: M.J. Watson|Venusaur|Venusaurite\n|move|p1a: Landorus|Earthquake|p2a: M.J. Watson\n|-damage|p2a: M.J. Watson|61\/100\n|move|p2a: M.J. Watson|Leech Seed|p1a: Landorus\n|-start|p1a: Landorus|move: Leech Seed\n|\n|-damage|p1a: Landorus|88\/100|[from] Leech Seed|[of] p2a: M.J. Watson\n|-heal|p2a: M.J. Watson|72\/100|[silent]\n|upkeep\n|turn|2\n|\n|t:|1700200766\n|move|p1a: Landorus|Stealth Rock|p2a: M.J. Watson\n|-sidestart|p2: hackilla15|move: Stealth Rock\n|move|p2a: M.J. Watson|Giga Drain|p1a: Landorus\n|-damage|p1a: Landorus|48\/100\n|-heal|p2a: M.J. Watson|90\/100|[from] drain|[of] p1a: Landorus\n|\n|-damage|p1a: Landorus|36\/100|[from] Leech Seed|[of] p2a: M.J. Watson\n|-heal|p2a: M.J. Watson|100\/100|[silent]\n|upkeep\n|turn|3\n|\n|t:|1700200773\n|switch|p1a: Tornadus|Tornadus-Therian, M|100\/100\n|move|p2a: M.J. Watson|Giga Drain|p1a: Tornadus\n|-resisted|p1a: Tornadus\n|-damage|p1a: Tornadus|80\/100\n|\n|upkeep\n|turn|4\n|\n|t:|1700200777\n|switch|p2a: Lancelot|Corviknight, M, shiny|100\/100\n|-damage|p2a: Lancelot|88\/100|[from] Stealth Rock\n|move|p1a: Tornadus|Tailwind|p1a: Tornadus\n|-sidestart|p1: ananananji|move: Tailwind\n|\n|upkeep\n|turn|5\n|\n|t:|1700200782\n|move|p1a: Tornadus|U-turn|p2a: Lancelot\n|-resisted|p2a: Lancelot\n|-damage|p2a: Lancelot|86\/100\n|\n|t:|1700200785\n|switch|p1a: Moltres|Moltres|100\/100|[from] U-turn\n|move|p2a: Lancelot|Light Screen|p2a: Lancelot\n|-sidestart|p2: hackilla15|move: Light Screen\n|\n|upkeep\n|turn|6\n|\n|t:|1700200789\n|move|p1a: Moltres|Flamethrower|p2a: Lancelot\n|-supereffective|p2a: Lancelot\n|-damage|p2a: Lancelot|49\/100\n|-status|p2a: Lancelot|brn\n|move|p2a: Lancelot|Defog|p1a: Moltres\n|-unboost|p1a: Moltres|evasion|1\n|-sideend|p2: hackilla15|Stealth Rock|[from] move: Defog|[of] p2a: Lancelot\n|\n|-damage|p2a: Lancelot|43\/100 brn|[from] brn\n|upkeep\n|turn|7\n|\n|t:|1700200799\n|move|p1a: Moltres|Toxic||[still]\n|-fail|p1a: Moltres\n|move|p2a: Lancelot|Reflect|p2a: Lancelot\n|-sidestart|p2: hackilla15|Reflect\n|\n|-damage|p2a: Lancelot|37\/100 brn|[from] brn\n|-sideend|p1: ananananji|move: Tailwind\n|upkeep\n|turn|8\n|\n|t:|1700200804\n|move|p1a: Moltres|Flamethrower|p2a: Lancelot\n|-supereffective|p2a: Lancelot\n|-damage|p2a: Lancelot|0 fnt\n|faint|p2a: Lancelot\n|\n|upkeep\n|\n|t:|1700200813\n|switch|p2a: Alduin|Dragonite, M|100\/100\n|turn|9\n|\n|t:|1700200817\n|move|p1a: Moltres|Toxic|p2a: Alduin\n|-status|p2a: Alduin|tox\n|move|p2a: Alduin|Curse|p2a: Alduin\n|-unboost|p2a: Alduin|spe|1\n|-boost|p2a: Alduin|atk|1\n|-boost|p2a: Alduin|def|1\n|\n|-damage|p2a: Alduin|94\/100 tox|[from] psn\n|upkeep\n|turn|10\n|\n|t:|1700200829\n|move|p1a: Moltres|Flamethrower|p2a: Alduin\n|-resisted|p2a: Alduin\n|-damage|p2a: Alduin|87\/100 tox\n|move|p2a: Alduin|Curse|p2a: Alduin\n|-unboost|p2a: Alduin|spe|1\n|-boost|p2a: Alduin|atk|1\n|-boost|p2a: Alduin|def|1\n|\n|-damage|p2a: Alduin|75\/100 tox|[from] psn\n|upkeep\n|turn|11\n|\n|t:|1700200834\n|switch|p1a: Landorus|Landorus-Therian, M|36\/100\n|-ability|p1a: Landorus|Intimidate|boost\n|-unboost|p2a: Alduin|atk|1\n|move|p2a: Alduin|Extreme Speed|p1a: Landorus\n|-damage|p1a: Landorus|0 fnt\n|faint|p1a: Landorus\n|\n|-damage|p2a: Alduin|57\/100 tox|[from] psn\n|upkeep\n|\n|t:|1700200859\n|switch|p1a: Brambleghast|Brambleghast, M|100\/100\n|turn|12\n|\n|t:|1700200866\n|switch|p2a: M.J. Watson|Venusaur-Mega, F, shiny|100\/100\n|move|p1a: Brambleghast|Poltergeist|p2a: M.J. Watson\n|-activate|p2a: M.J. Watson|move: Poltergeist|Venusaurite\n|-damage|p2a: M.J. Watson|82\/100\n|\n|-sideend|p2: hackilla15|move: Light Screen\n|upkeep\n|turn|13\n|\n|t:|1700200877\n|switch|p1a: Moltres|Moltres|100\/100\n|move|p2a: M.J. Watson|Sludge Bomb|p1a: Moltres\n|-damage|p1a: Moltres|58\/100\n|\n|upkeep\n|turn|14\n|\n|t:|1700200883\n|move|p1a: Moltres|Roost|p1a: Moltres\n|-heal|p1a: Moltres|100\/100\n|-singleturn|p1a: Moltres|move: Roost\n|move|p2a: M.J. Watson|Leech Seed|p1a: Moltres\n|-start|p1a: Moltres|move: Leech Seed\n|\n|-damage|p1a: Moltres|88\/100|[from] Leech Seed|[of] p2a: M.J. Watson\n|-heal|p2a: M.J. Watson|96\/100|[silent]\n|-sideend|p2: hackilla15|Reflect\n|upkeep\n|turn|15\n|\n|t:|1700200885\n|move|p1a: Moltres|Flamethrower|p2a: M.J. Watson\n|-supereffective|p2a: M.J. Watson\n|-damage|p2a: M.J. Watson|69\/100\n|move|p2a: M.J. Watson|Sludge Bomb|p1a: Moltres\n|-damage|p1a: Moltres|45\/100\n|-status|p1a: Moltres|psn\n|\n|-damage|p1a: Moltres|33\/100 psn|[from] Leech Seed|[of] p2a: M.J. Watson\n|-heal|p2a: M.J. Watson|82\/100|[silent]\n|-damage|p1a: Moltres|20\/100 psn|[from] psn\n|upkeep\n|turn|16\n|\n|t:|1700200895\n|move|p1a: Moltres|Flamethrower|p2a: M.J. Watson\n|-supereffective|p2a: M.J. Watson\n|-damage|p2a: M.J. Watson|54\/100\n|move|p2a: M.J. Watson|Sludge Bomb|p1a: Moltres\n|-damage|p1a: Moltres|0 fnt\n|faint|p1a: Moltres\n|\n|upkeep\n|\n|t:|1700200897\n|switch|p1a: Tornadus|Tornadus-Therian, M|100\/100\n|turn|17\n|\n|t:|1700200903\n|switch|p2a: Alduin|Dragonite, M|57\/100 tox\n|move|p1a: Tornadus|Hurricane|p2a: Alduin\n|-damage|p2a: Alduin|19\/100 tox\n|-start|p2a: Alduin|confusion\n|\n|-damage|p2a: Alduin|13\/100 tox|[from] psn\n|upkeep\n|turn|18\n|\n|t:|1700200908\n|move|p1a: Tornadus|Tailwind|p1a: Tornadus\n|-sidestart|p1: ananananji|move: Tailwind\n|-activate|p2a: Alduin|confusion\n|move|p2a: Alduin|Roost|p2a: Alduin\n|-heal|p2a: Alduin|63\/100 tox\n|-singleturn|p2a: Alduin|move: Roost\n|\n|-damage|p2a: Alduin|51\/100 tox|[from] psn\n|upkeep\n|turn|19\n|\n|t:|1700200911\n|move|p1a: Tornadus|Hurricane|p2a: Alduin\n|-damage|p2a: Alduin|17\/100 tox\n|-activate|p2a: Alduin|confusion\n|-damage|p2a: Alduin|6\/100 tox|[from] confusion\n|\n|-damage|p2a: Alduin|0 fnt|[from] psn\n|faint|p2a: Alduin\n|upkeep\n|\n|t:|1700200920\n|switch|p2a: BIG BERTHA|Muk-Alola, F|100\/100\n|turn|20\n|\n|t:|1700200925\n|move|p1a: Tornadus|U-turn|p2a: BIG BERTHA\n|-damage|p2a: BIG BERTHA|84\/100\n|\n|t:|1700200926\n|switch|p1a: Alomomola|Alomomola, F|100\/100|[from] U-turn\n|move|p2a: BIG BERTHA|Knock Off|p1a: Alomomola\n|-damage|p1a: Alomomola|74\/100\n|-enditem|p1a: Alomomola|Heavy-Duty Boots|[from] move: Knock Off|[of] p2a: BIG BERTHA\n|\n|upkeep\n|turn|21\n|\n|t:|1700200934\n|move|p1a: Alomomola|Wish|p1a: Alomomola\n|move|p2a: BIG BERTHA|Poison Jab|p1a: Alomomola\n|-damage|p1a: Alomomola|50\/100\n|-status|p1a: Alomomola|psn\n|\n|-damage|p1a: Alomomola|38\/100 psn|[from] psn\n|-sideend|p1: ananananji|move: Tailwind\n|upkeep\n|turn|22\n|\n|t:|1700200939\n|move|p1a: Alomomola|Flip Turn|p2a: BIG BERTHA\n|-damage|p2a: BIG BERTHA|65\/100\n|\n|t:|1700200942\n|switch|p1a: Tornadus|Tornadus-Therian, M|100\/100|[from] Flip Turn\n|move|p2a: BIG BERTHA|Knock Off|p1a: Tornadus\n|-crit|p1a: Tornadus\n|-damage|p1a: Tornadus|22\/100\n|-enditem|p1a: Tornadus|Heavy-Duty Boots|[from] move: Knock Off|[of] p2a: BIG BERTHA\n|\n|-heal|p1a: Tornadus|91\/100|[from] move: Wish|[wisher] Alomomola\n|upkeep\n|turn|23\n|\n|t:|1700200950\n|move|p1a: Tornadus|U-turn|p2a: BIG BERTHA\n|-damage|p2a: BIG BERTHA|50\/100\n|-enditem|p2a: BIG BERTHA|Iapapa Berry|[eat]\n|-heal|p2a: BIG BERTHA|83\/100|[from] item: Iapapa Berry\n|\n|t:|1700200952\n|switch|p1a: Alomomola|Alomomola, F|71\/100 psn|[from] U-turn\n|move|p2a: BIG BERTHA|Poison Jab|p1a: Alomomola\n|-damage|p1a: Alomomola|48\/100 psn\n|\n|-damage|p1a: Alomomola|36\/100 psn|[from] psn\n|upkeep\n|turn|24\n|\n|t:|1700200957\n|move|p1a: Alomomola|Wish|p1a: Alomomola\n|move|p2a: BIG BERTHA|Drain Punch|p1a: Alomomola\n|-crit|p1a: Alomomola\n|-damage|p1a: Alomomola|15\/100 psn\n|-heal|p2a: BIG BERTHA|95\/100|[from] drain|[of] p1a: Alomomola\n|\n|-damage|p1a: Alomomola|2\/100 psn|[from] psn\n|upkeep\n|turn|25\n|\n|t:|1700200963\n|move|p1a: Alomomola|Protect|p1a: Alomomola\n|-singleturn|p1a: Alomomola|Protect\n|move|p2a: BIG BERTHA|Poison Jab|p1a: Alomomola\n|-activate|p1a: Alomomola|move: Protect\n|\n|-heal|p1a: Alomomola|52\/100 psn|[from] move: Wish|[wisher] Alomomola\n|-damage|p1a: Alomomola|40\/100 psn|[from] psn\n|upkeep\n|turn|26\n|\n|t:|1700200969\n|switch|p1a: Tornadus|Tornadus-Therian, M|100\/100\n|move|p2a: BIG BERTHA|Poison Jab|p1a: Tornadus\n|-damage|p1a: Tornadus|54\/100\n|-status|p1a: Tornadus|psn\n|\n|-damage|p1a: Tornadus|42\/100 psn|[from] psn\n|upkeep\n|turn|27\n|\n|t:|1700200973\n|move|p1a: Tornadus|Tailwind|p1a: Tornadus\n|-sidestart|p1: ananananji|move: Tailwind\n|move|p2a: BIG BERTHA|Poison Jab|p1a: Tornadus\n|-damage|p1a: Tornadus|0 fnt\n|faint|p1a: Tornadus\n|\n|upkeep\n|\n|t:|1700200975\n|switch|p1a: Rillaboom|Rillaboom, M|100\/100\n|-fieldstart|move: Grassy Terrain|[from] ability: Grassy Surge|[of] p1a: Rillaboom\n|turn|28\n|\n|t:|1700200983\n|switch|p2a: M.J. Watson|Venusaur-Mega, F, shiny|54\/100\n|-terastallize|p1a: Rillaboom|Rock\n|move|p1a: Rillaboom|Tera Blast|p2a: M.J. Watson|[anim] Tera Blast Rock\n|-damage|p2a: M.J. Watson|10\/100\n|\n|-heal|p2a: M.J. Watson|16\/100|[from] Grassy Terrain\n|upkeep\n|turn|29\n|\n|t:|1700200988\n|move|p1a: Rillaboom|Tera Blast|p2a: M.J. Watson|[anim] Tera Blast Rock\n|-damage|p2a: M.J. Watson|0 fnt\n|faint|p2a: M.J. Watson\n|\n|upkeep\n|\n|t:|1700200991\n|switch|p2a: Moody Edge|Ceruledge, M, shiny|100\/100\n|turn|30\n|\n|t:|1700201001\n|-terastallize|p2a: Moody Edge|Fighting\n|move|p1a: Rillaboom|Tera Blast|p2a: Moody Edge|[anim] Tera Blast Rock\n|-resisted|p2a: Moody Edge\n|-damage|p2a: Moody Edge|55\/100\n|-ability|p2a: Moody Edge|Weak Armor|boost\n|-unboost|p2a: Moody Edge|def|1\n|-boost|p2a: Moody Edge|spe|2\n|move|p2a: Moody Edge|Swords Dance|p2a: Moody Edge\n|-boost|p2a: Moody Edge|atk|2\n|\n|-heal|p2a: Moody Edge|61\/100|[from] Grassy Terrain\n|-sideend|p1: ananananji|move: Tailwind\n|upkeep\n|turn|31\n|\n|t:|1700201006\n|move|p2a: Moody Edge|Close Combat|p1a: Rillaboom\n|-supereffective|p1a: Rillaboom\n|-damage|p1a: Rillaboom|0 fnt\n|-unboost|p2a: Moody Edge|def|1\n|-unboost|p2a: Moody Edge|spd|1\n|faint|p1a: Rillaboom\n|\n|-heal|p2a: Moody Edge|67\/100|[from] Grassy Terrain\n|upkeep\n|\n|t:|1700201009\n|switch|p1a: Brambleghast|Brambleghast, M|100\/100\n|turn|32\n|\n|t:|1700201012\n|move|p1a: Brambleghast|Shadow Sneak|p2a: Moody Edge\n|-damage|p2a: Moody Edge|10\/100\n|-ability|p2a: Moody Edge|Weak Armor|boost\n|-unboost|p2a: Moody Edge|def|1\n|-boost|p2a: Moody Edge|spe|2\n|move|p2a: Moody Edge|Bitter Blade|p1a: Brambleghast\n|-supereffective|p1a: Brambleghast\n|-damage|p1a: Brambleghast|0 fnt\n|-heal|p2a: Moody Edge|56\/100|[from] drain|[of] p1a: Brambleghast\n|faint|p1a: Brambleghast\n|\n|-heal|p2a: Moody Edge|62\/100|[from] Grassy Terrain\n|-fieldend|move: Grassy Terrain\n|upkeep\n|-message|ananananji forfeited.\n|\n|win|hackilla15\n|raw|ananananji's rating: 1359 &rarr; <strong>1335<\/strong><br \/>(-24 for losing)\n|raw|hackilla15's rating: 1286 &rarr; <strong>1316<\/strong><br \/>(+30 for winning)\n|l|\u2606ananananji\n","uploadtime":1700201150,"views":13,"p1id":"ananananji","p2id":"hackilla15","formatid":"gen9nationaldex","rating":1316,"private":0,"password":""}