{"id":"gen9nationaldex-1988935795","p1":"nidokingphysical3","p2":"fengfengzuikeai","format":"[Gen 9] National Dex","log":"|j|\u2606nidokingphysical3\n|j|\u2606fengfengzuikeai\n|t:|1699790809\n|gametype|singles\n|player|p1|nidokingphysical3|beauty|1630\n|player|p2|fengfengzuikeai|2|1679\n|teamsize|p1|6\n|teamsize|p2|6\n|gen|9\n|tier|[Gen 9] National Dex\n|rated|\n|rule|HP Percentage Mod: HP is shown in percentages\n|rule|Endless Battle Clause: Forcing endless battles is banned\n|rule|OHKO Clause: OHKO moves are banned\n|rule|Evasion Clause: Evasion abilities, items, and moves are banned\n|rule|Evasion Abilities Clause: Evasion abilities are banned\n|rule|Evasion Items Clause: Evasion items are banned\n|rule|Evasion Moves Clause: Evasion moves are banned\n|rule|Species Clause: Limit one of each Pok\u00e9mon\n|rule|Sleep Clause Mod: Limit one foe put to sleep\n|clearpoke\n|poke|p1|Keldeo-Resolute|\n|poke|p1|Slowking-Galar, F|\n|poke|p1|Hydreigon, M|\n|poke|p1|Ferrothorn, M|\n|poke|p1|Iron Valiant|\n|poke|p1|Tapu Koko|\n|poke|p2|Urshifu-*, F|\n|poke|p2|Garchomp, F|\n|poke|p2|Zapdos|\n|poke|p2|Blaziken, F|\n|poke|p2|Rillaboom, M|\n|poke|p2|Slowking, F|\n|teampreview\n|c|\u2606nidokingphysical3|gl\n|inactive|Battle timer is ON: inactive players will automatically lose when time's up. (requested by nidokingphysical3)\n|\n|t:|1699790827\n|start\n|switch|p1a: Keldeo|Keldeo-Resolute|100\/100\n|switch|p2a: Urshifu|Urshifu-Rapid-Strike, F|100\/100\n|turn|1\n|\n|t:|1699790852\n|move|p2a: Urshifu|U-turn|p1a: Keldeo\n|-resisted|p1a: Keldeo\n|-damage|p1a: Keldeo|88\/100\n|\n|t:|1699790855\n|switch|p2a: Slowking|Slowking, F|100\/100|[from] U-turn\n|move|p1a: Keldeo|Hidden Power|p2a: Slowking\n|-supereffective|p2a: Slowking\n|-damage|p2a: Slowking|75\/100\n|\n|upkeep\n|turn|2\n|\n|t:|1699790860\n|switch|p1a: Hydreigon|Hydreigon, M|100\/100\n|move|p2a: Slowking|Chilly Reception|p2a: Slowking\n|-weather|Snow\n|\n|t:|1699790869\n|switch|p2a: Urshifu|Urshifu-Rapid-Strike, F|100\/100|[from] Chilly Reception\n|\n|-weather|Snow|[upkeep]\n|upkeep\n|turn|3\n|\n|t:|1699790873\n|switch|p1a: Ferrothorn|Ferrothorn, M, shiny|100\/100\n|move|p2a: Urshifu|U-turn|p1a: Ferrothorn\n|-damage|p1a: Ferrothorn|83\/100\n|-damage|p2a: Urshifu|88\/100|[from] ability: Iron Barbs|[of] p1a: Ferrothorn\n|-damage|p2a: Urshifu|72\/100|[from] item: Rocky Helmet|[of] p1a: Ferrothorn\n|\n|t:|1699790875\n|switch|p2a: Blaziken|Blaziken, F|100\/100|[from] U-turn\n|\n|-weather|Snow|[upkeep]\n|upkeep\n|turn|4\n|\n|t:|1699790881\n|move|p2a: Blaziken|Swords Dance|p2a: Blaziken\n|-boost|p2a: Blaziken|atk|2\n|move|p1a: Ferrothorn|Leech Seed|p2a: Blaziken\n|-start|p2a: Blaziken|move: Leech Seed\n|\n|-weather|Snow|[upkeep]\n|-damage|p2a: Blaziken|88\/100|[from] Leech Seed|[of] p1a: Ferrothorn\n|-heal|p1a: Ferrothorn|94\/100|[silent]\n|-ability|p2a: Blaziken|Speed Boost|boost\n|-boost|p2a: Blaziken|spe|1\n|upkeep\n|turn|5\n|\n|t:|1699790892\n|switch|p1a: Hydreigon|Hydreigon, M|100\/100\n|move|p2a: Blaziken|Close Combat|p1a: Hydreigon\n|-supereffective|p1a: Hydreigon\n|-damage|p1a: Hydreigon|0 fnt\n|-unboost|p2a: Blaziken|def|1\n|-unboost|p2a: Blaziken|spd|1\n|faint|p1a: Hydreigon\n|\n|-weather|Snow|[upkeep]\n|-ability|p2a: Blaziken|Speed Boost|boost\n|-boost|p2a: Blaziken|spe|1\n|upkeep\n|\n|t:|1699790905\n|switch|p1a: Tapu Koko|Tapu Koko, shiny|100\/100\n|-fieldstart|move: Electric Terrain|[from] ability: Electric Surge|[of] p1a: Tapu Koko\n|turn|6\n|\n|t:|1699790911\n|switch|p1a: Keldeo|Keldeo-Resolute|88\/100\n|move|p2a: Blaziken|Flare Blitz|p1a: Keldeo\n|-resisted|p1a: Keldeo\n|-damage|p1a: Keldeo|17\/100\n|-status|p1a: Keldeo|brn\n|-damage|p2a: Blaziken|63\/100|[from] Recoil\n|\n|-weather|none\n|-damage|p2a: Blaziken|51\/100|[from] Leech Seed|[of] p1a: Keldeo\n|-heal|p1a: Keldeo|29\/100 brn|[silent]\n|-damage|p1a: Keldeo|23\/100 brn|[from] brn\n|-ability|p2a: Blaziken|Speed Boost|boost\n|-boost|p2a: Blaziken|spe|1\n|upkeep\n|turn|7\n|\n|t:|1699790920\n|move|p2a: Blaziken|Close Combat|p1a: Keldeo\n|-damage|p1a: Keldeo|0 fnt\n|-unboost|p2a: Blaziken|def|1\n|-unboost|p2a: Blaziken|spd|1\n|faint|p1a: Keldeo\n|\n|-ability|p2a: Blaziken|Speed Boost|boost\n|-boost|p2a: Blaziken|spe|1\n|upkeep\n|-message|nidokingphysical3 forfeited.\n|\n|win|fengfengzuikeai\n|raw|nidokingphysical3's rating: 1630 &rarr; <strong>1613<\/strong><br \/>(-17 for losing)\n|raw|fengfengzuikeai's rating: 1679 &rarr; <strong>1696<\/strong><br \/>(+17 for winning)\n|l|\u2606nidokingphysical3\n","uploadtime":1699790927,"views":4,"p1id":"nidokingphysical3","p2id":"fengfengzuikeai","formatid":"gen9nationaldex","rating":1613,"private":0,"password":""}