{"id":"gen9nationaldex-1990464671","p1":"Stonedmask","p2":"PhantonSpectrum","format":"[Gen 9] National Dex","log":"|j|\u2606Stonedmask\n|j|\u2606PhantonSpectrum\n|t:|1699973436\n|gametype|singles\n|player|p1|Stonedmask|shadowtriad|1338\n|player|p2|PhantonSpectrum|ingo|1365\n|teamsize|p1|6\n|teamsize|p2|6\n|gen|9\n|tier|[Gen 9] National Dex\n|rated|\n|rule|HP Percentage Mod: HP is shown in percentages\n|rule|Endless Battle Clause: Forcing endless battles is banned\n|rule|OHKO Clause: OHKO moves are banned\n|rule|Evasion Clause: Evasion abilities, items, and moves are banned\n|rule|Evasion Abilities Clause: Evasion abilities are banned\n|rule|Evasion Items Clause: Evasion items are banned\n|rule|Evasion Moves Clause: Evasion moves are banned\n|rule|Species Clause: Limit one of each Pok\u00e9mon\n|rule|Sleep Clause Mod: Limit one foe put to sleep\n|clearpoke\n|poke|p1|Aegislash, M|\n|poke|p1|Gliscor, M|\n|poke|p1|Zapdos|\n|poke|p1|Diancie|\n|poke|p1|Salamence, M|\n|poke|p1|Greninja-*, M|\n|poke|p2|Samurott-Hisui, M|\n|poke|p2|Kleavor, M|\n|poke|p2|Heatran, M|\n|poke|p2|Landorus-Therian, M|\n|poke|p2|Dhelmise|\n|poke|p2|Tapu Lele|\n|teampreview\n|inactive|Battle timer is ON: inactive players will automatically lose when time's up. (requested by PhantonSpectrum)\n|\n|t:|1699973452\n|start\n|switch|p1a: Gliscor|Gliscor, M|100\/100\n|switch|p2a: Kleavor|Kleavor, M|100\/100\n|turn|1\n|\n|t:|1699973460\n|switch|p2a: Landorus|Landorus-Therian, M|100\/100\n|-ability|p2a: Landorus|Intimidate|boost\n|-unboost|p1a: Gliscor|atk|1\n|move|p1a: Gliscor|Substitute|p1a: Gliscor\n|-start|p1a: Gliscor|Substitute\n|-damage|p1a: Gliscor|76\/100\n|\n|-status|p1a: Gliscor|tox|[from] item: Toxic Orb\n|upkeep\n|turn|2\n|\n|t:|1699973469\n|move|p2a: Landorus|Substitute|p2a: Landorus\n|-start|p2a: Landorus|Substitute\n|-damage|p2a: Landorus|76\/100\n|move|p1a: Gliscor|Toxic|p2a: Landorus|[miss]\n|-miss|p1a: Gliscor|p2a: Landorus\n|\n|-heal|p2a: Landorus|82\/100|[from] item: Leftovers\n|-heal|p1a: Gliscor|88\/100 tox|[from] ability: Poison Heal\n|upkeep\n|turn|3\n|\n|t:|1699973484\n|switch|p1a: Zapdos|Zapdos, shiny|100\/100\n|move|p2a: Landorus|Bulk Up|p2a: Landorus\n|-boost|p2a: Landorus|atk|1\n|-boost|p2a: Landorus|def|1\n|\n|-heal|p2a: Landorus|88\/100|[from] item: Leftovers\n|upkeep\n|turn|4\n|\n|t:|1699973488\n|move|p2a: Landorus|Smack Down|p1a: Zapdos\n|-supereffective|p1a: Zapdos\n|-damage|p1a: Zapdos|59\/100\n|-start|p1a: Zapdos|Smack Down\n|move|p1a: Zapdos|Heat Wave|p2a: Landorus\n|-end|p2a: Landorus|Substitute\n|\n|-heal|p2a: Landorus|94\/100|[from] item: Leftovers\n|upkeep\n|turn|5\n|\n|t:|1699973496\n|switch|p1a: Salamence|Salamence, M|100\/100\n|-ability|p1a: Salamence|Intimidate|boost\n|-unboost|p2a: Landorus|atk|1\n|move|p2a: Landorus|Earthquake|p1a: Salamence\n|-immune|p1a: Salamence\n|\n|-heal|p2a: Landorus|99\/100|[from] item: Leftovers\n|upkeep\n|turn|6\n|\n|t:|1699973525\n|switch|p1a: Greninja|Greninja, M|100\/100\n|move|p2a: Landorus|Smack Down|p1a: Greninja\n|-damage|p1a: Greninja|66\/100\n|\n|-heal|p2a: Landorus|100\/100|[from] item: Leftovers\n|upkeep\n|turn|7\n|\n|t:|1699973536\n|switch|p2a: Samurott|Samurott-Hisui, M|100\/100\n|move|p1a: Greninja|Grass Knot|p2a: Samurott\n|-start|p1a: Greninja|typechange|Grass|[from] ability: Protean\n|-supereffective|p2a: Samurott\n|-damage|p2a: Samurott|0 fnt\n|-damage|p1a: Greninja|50\/100|[from] item: Rocky Helmet|[of] p2a: Samurott\n|faint|p2a: Samurott\n|\n|upkeep\n|\n|t:|1699973542\n|switch|p2a: Kleavor|Kleavor, M|100\/100\n|turn|8\n|\n|t:|1699973560\n|switch|p1a: Aegislash|Aegislash, M, shiny|100\/100\n|move|p2a: Kleavor|Stone Axe|p1a: Aegislash\n|-resisted|p1a: Aegislash\n|-damage|p1a: Aegislash|80\/100\n|-sidestart|p1: Stonedmask|move: Stealth Rock\n|\n|-heal|p1a: Aegislash|86\/100|[from] item: Leftovers\n|upkeep\n|turn|9\n|\n|t:|1699973568\n|switch|p2a: Landorus|Landorus-Therian, M|100\/100\n|-ability|p2a: Landorus|Intimidate|boost\n|-unboost|p1a: Aegislash|atk|1\n|move|p1a: Aegislash|Substitute|p1a: Aegislash\n|-start|p1a: Aegislash|Substitute\n|-damage|p1a: Aegislash|61\/100\n|\n|-heal|p1a: Aegislash|68\/100|[from] item: Leftovers\n|upkeep\n|turn|10\n|\n|t:|1699973575\n|move|p2a: Landorus|Substitute|p2a: Landorus\n|-start|p2a: Landorus|Substitute\n|-damage|p2a: Landorus|76\/100\n|-formechange|p1a: Aegislash|Aegislash-Blade||[from] ability: Stance Change\n|move|p1a: Aegislash|Shadow Ball|p2a: Landorus\n|-end|p2a: Landorus|Substitute\n|\n|-heal|p2a: Landorus|82\/100|[from] item: Leftovers\n|-heal|p1a: Aegislash|74\/100|[from] item: Leftovers\n|upkeep\n|turn|11\n|\n|t:|1699973580\n|move|p2a: Landorus|Bulk Up|p2a: Landorus\n|-boost|p2a: Landorus|atk|1\n|-boost|p2a: Landorus|def|1\n|move|p1a: Aegislash|Toxic|p2a: Landorus\n|-status|p2a: Landorus|tox\n|\n|-heal|p2a: Landorus|88\/100 tox|[from] item: Leftovers\n|-heal|p1a: Aegislash|80\/100|[from] item: Leftovers\n|-damage|p2a: Landorus|82\/100 tox|[from] psn\n|upkeep\n|turn|12\n|-message|PhantonSpectrum forfeited.\n|\n|win|Stonedmask\n|raw|Stonedmask's rating: 1338 &rarr; <strong>1360<\/strong><br \/>(+22 for winning)\n|raw|PhantonSpectrum's rating: 1365 &rarr; <strong>1343<\/strong><br \/>(-22 for losing)\n|l|\u2606PhantonSpectrum\n","uploadtime":1699973590,"views":4,"p1id":"stonedmask","p2id":"phantonspectrum","formatid":"gen9nationaldex","rating":1343,"private":0,"password":""}