{"id":"gen9nationaldex-1995102072","p1":"Yuanshen61\u6211\u8981\u73a9\u539f\u795e","p2":"Reshirider","format":"[Gen 9] National Dex","log":"|html|<div class=\"broadcast-blue\"><strong>[Gen 9] National Dex is currently suspecting Sneasler! For information on how to participate check out the <a href=\"https:\/\/www.smogon.com\/forums\/threads\/sv-national-dex-suspect-8-just-dance.3731534\/\">suspect thread<\/a>.<\/strong><\/div>\n|j|\u2606Yuanshen61\u6211\u8981\u73a9\u539f\u795e\n|j|\u2606Reshirider\n|t:|1700522760\n|gametype|singles\n|player|p1|Yuanshen61\u6211\u8981\u73a9\u539f\u795e|dawn-contest|1507\n|player|p2|Reshirider|red|1530\n|teamsize|p1|6\n|teamsize|p2|6\n|gen|9\n|tier|[Gen 9] National Dex\n|rated|\n|rule|HP Percentage Mod: HP is shown in percentages\n|rule|Endless Battle Clause: Forcing endless battles is banned\n|rule|OHKO Clause: OHKO moves are banned\n|rule|Evasion Clause: Evasion abilities, items, and moves are banned\n|rule|Evasion Abilities Clause: Evasion abilities are banned\n|rule|Evasion Items Clause: Evasion items are banned\n|rule|Evasion Moves Clause: Evasion moves are banned\n|rule|Species Clause: Limit one of each Pok\u00e9mon\n|rule|Sleep Clause Mod: Limit one foe put to sleep\n|clearpoke\n|poke|p1|Tyranitar, F|\n|poke|p1|Excadrill, F|\n|poke|p1|Skeledirge, M|\n|poke|p1|Ferrothorn, F|\n|poke|p1|Corviknight, F|\n|poke|p1|Ogerpon-Wellspring, F|\n|poke|p2|Sceptile, F|\n|poke|p2|Umbreon, F|\n|poke|p2|Dragonite, M|\n|poke|p2|Lucario, F|\n|poke|p2|Victini|\n|poke|p2|Ninetales-Alola, M|\n|teampreview\n|inactive|Battle timer is ON: inactive players will automatically lose when time's up. (requested by Yuanshen61\u6211\u8981\u73a9\u539f\u795e)\n|\n|t:|1700522776\n|start\n|switch|p1a: Ferrothorn|Ferrothorn, F|100\/100\n|switch|p2a: Lucario|Lucario, F|100\/100\n|turn|1\n|\n|t:|1700522781\n|switch|p1a: Skeledirge|Skeledirge, M|100\/100\n|move|p2a: Lucario|Close Combat|p1a: Skeledirge\n|-immune|p1a: Skeledirge\n|\n|upkeep\n|turn|2\n|\n|t:|1700522785\n|switch|p2a: Umbreon|Umbreon, F, shiny|100\/100\n|move|p1a: Skeledirge|Torch Song|p2a: Umbreon\n|-damage|p2a: Umbreon|84\/100\n|-boost|p1a: Skeledirge|spa|1\n|\n|-heal|p2a: Umbreon|90\/100|[from] item: Leftovers\n|upkeep\n|turn|3\n|\n|t:|1700522794\n|switch|p1a: Ferrothorn|Ferrothorn, F|100\/100\n|move|p2a: Umbreon|Toxic|p1a: Ferrothorn\n|-immune|p1a: Ferrothorn\n|\n|-heal|p2a: Umbreon|96\/100|[from] item: Leftovers\n|upkeep\n|turn|4\n|\n|t:|1700522798\n|switch|p2a: Victini|Victini|100\/100\n|move|p1a: Ferrothorn|Spikes|p2a: Victini\n|-sidestart|p2: Reshirider|Spikes\n|\n|upkeep\n|turn|5\n|\n|t:|1700522809\n|switch|p1a: Skeledirge|Skeledirge, M|100\/100\n|move|p2a: Victini|V-create|p1a: Skeledirge\n|-resisted|p1a: Skeledirge\n|-damage|p1a: Skeledirge|71\/100\n|-unboost|p2a: Victini|spe|1\n|-unboost|p2a: Victini|def|1\n|-unboost|p2a: Victini|spd|1\n|\n|upkeep\n|turn|6\n|\n|t:|1700522815\n|switch|p2a: Umbreon|Umbreon, F, shiny|96\/100\n|-damage|p2a: Umbreon|83\/100|[from] Spikes\n|move|p1a: Skeledirge|Torch Song|p2a: Umbreon\n|-damage|p2a: Umbreon|66\/100\n|-boost|p1a: Skeledirge|spa|1\n|\n|-heal|p2a: Umbreon|73\/100|[from] item: Leftovers\n|upkeep\n|turn|7\n|\n|t:|1700522826\n|switch|p1a: Ferrothorn|Ferrothorn, F|100\/100\n|move|p2a: Umbreon|Wish|p2a: Umbreon\n|\n|-heal|p2a: Umbreon|79\/100|[from] item: Leftovers\n|upkeep\n|turn|8\n|\n|t:|1700522836\n|move|p2a: Umbreon|Foul Play|p1a: Ferrothorn\n|-damage|p1a: Ferrothorn|83\/100\n|-damage|p2a: Umbreon|66\/100|[from] ability: Iron Barbs|[of] p1a: Ferrothorn\n|move|p1a: Ferrothorn|Spikes|p2a: Umbreon\n|-sidestart|p2: Reshirider|Spikes\n|\n|-heal|p2a: Umbreon|100\/100|[from] move: Wish|[wisher] Umbreon\n|-heal|p1a: Ferrothorn|89\/100|[from] item: Leftovers\n|upkeep\n|turn|9\n|\n|t:|1700522845\n|switch|p2a: Victini|Victini|100\/100\n|-damage|p2a: Victini|84\/100|[from] Spikes\n|move|p1a: Ferrothorn|Leech Seed|p2a: Victini\n|-start|p2a: Victini|move: Leech Seed\n|\n|-heal|p1a: Ferrothorn|96\/100|[from] item: Leftovers\n|-damage|p2a: Victini|72\/100|[from] Leech Seed|[of] p1a: Ferrothorn\n|-heal|p1a: Ferrothorn|100\/100|[silent]\n|upkeep\n|turn|10\n|\n|t:|1700522850\n|move|p1a: Ferrothorn|Protect|p1a: Ferrothorn\n|-singleturn|p1a: Ferrothorn|Protect\n|move|p2a: Victini|U-turn|p1a: Ferrothorn\n|-activate|p1a: Ferrothorn|move: Protect\n|\n|-damage|p2a: Victini|59\/100|[from] Leech Seed|[of] p1a: Ferrothorn\n|upkeep\n|turn|11\n|\n|t:|1700522862\n|switch|p2a: Dragonite|Dragonite, M|100\/100\n|move|p1a: Ferrothorn|Spikes|p2a: Dragonite\n|-sidestart|p2: Reshirider|Spikes\n|\n|upkeep\n|turn|12\n|\n|t:|1700522864\n|move|p2a: Dragonite|Defog|p1a: Ferrothorn\n|-unboost|p1a: Ferrothorn|evasion|1\n|-sideend|p2: Reshirider|Spikes|[from] move: Defog|[of] p2a: Dragonite\n|move|p1a: Ferrothorn|Leech Seed|p2a: Dragonite\n|-start|p2a: Dragonite|move: Leech Seed\n|\n|-damage|p2a: Dragonite|88\/100|[from] Leech Seed|[of] p1a: Ferrothorn\n|upkeep\n|turn|13\n|\n|t:|1700522870\n|move|p2a: Dragonite|Dragon Dance|p2a: Dragonite\n|-boost|p2a: Dragonite|atk|1\n|-boost|p2a: Dragonite|spe|1\n|move|p1a: Ferrothorn|Spikes|p2a: Dragonite\n|-sidestart|p2: Reshirider|Spikes\n|\n|-damage|p2a: Dragonite|76\/100|[from] Leech Seed|[of] p1a: Ferrothorn\n|upkeep\n|turn|14\n|\n|t:|1700522876\n|move|p2a: Dragonite|Fire Punch|p1a: Ferrothorn\n|-supereffective|p1a: Ferrothorn\n|-damage|p1a: Ferrothorn|7\/100\n|-damage|p2a: Dragonite|63\/100|[from] ability: Iron Barbs|[of] p1a: Ferrothorn\n|move|p1a: Ferrothorn|Gyro Ball|p2a: Dragonite\n|-damage|p2a: Dragonite|5\/100\n|\n|-heal|p1a: Ferrothorn|14\/100|[from] item: Leftovers\n|-damage|p2a: Dragonite|0 fnt|[from] Leech Seed|[of] p1a: Ferrothorn\n|-heal|p1a: Ferrothorn|17\/100|[silent]\n|faint|p2a: Dragonite\n|upkeep\n|inactive|Reshirider has 120 seconds left.\n|\n|t:|1700522921\n|switch|p2a: Umbreon|Umbreon, F, shiny|100\/100\n|-damage|p2a: Umbreon|88\/100|[from] Spikes\n|turn|15\n|\n|t:|1700522931\n|move|p2a: Umbreon|Foul Play|p1a: Ferrothorn\n|-damage|p1a: Ferrothorn|0 fnt\n|-damage|p2a: Umbreon|76\/100|[from] ability: Iron Barbs|[of] p1a: Ferrothorn\n|faint|p1a: Ferrothorn\n|\n|-heal|p2a: Umbreon|82\/100|[from] item: Leftovers\n|upkeep\n|\n|t:|1700522938\n|switch|p1a: Excadrill|Excadrill, F|100\/100\n|turn|16\n|inactive|Reshirider has 120 seconds left.\n|\n|t:|1700522949\n|switch|p2a: Sceptile|Sceptile, F|100\/100\n|-damage|p2a: Sceptile|88\/100|[from] Spikes\n|move|p1a: Excadrill|Earthquake|p2a: Sceptile\n|-resisted|p2a: Sceptile\n|-damage|p2a: Sceptile|37\/100\n|\n|upkeep\n|turn|17\n|\n|t:|1700522954\n|detailschange|p2a: Sceptile|Sceptile-Mega, F\n|-mega|p2a: Sceptile|Sceptile|Sceptilite\n|move|p2a: Sceptile|Focus Blast|p1a: Excadrill|[miss]\n|-miss|p2a: Sceptile|p1a: Excadrill\n|move|p1a: Excadrill|Iron Head|p2a: Sceptile\n|-damage|p2a: Sceptile|0 fnt\n|faint|p2a: Sceptile\n|\n|upkeep\n|inactive|Reshirider has 120 seconds left.\n|\n|t:|1700522968\n|switch|p2a: Victini|Victini|59\/100\n|-damage|p2a: Victini|47\/100|[from] Spikes\n|turn|18\n|\n|t:|1700522970\n|switch|p1a: Skeledirge|Skeledirge, M|71\/100\n|move|p2a: Victini|V-create|p1a: Skeledirge\n|-resisted|p1a: Skeledirge\n|-damage|p1a: Skeledirge|41\/100\n|-unboost|p2a: Victini|spe|1\n|-unboost|p2a: Victini|def|1\n|-unboost|p2a: Victini|spd|1\n|\n|upkeep\n|turn|19\n|\n|t:|1700522980\n|-terastallize|p2a: Victini|Fire\n|move|p2a: Victini|V-create|p1a: Skeledirge\n|-resisted|p1a: Skeledirge\n|-damage|p1a: Skeledirge|0 fnt\n|-unboost|p2a: Victini|spe|1\n|-unboost|p2a: Victini|def|1\n|-unboost|p2a: Victini|spd|1\n|faint|p1a: Skeledirge\n|\n|upkeep\n|\n|t:|1700522988\n|switch|p1a: Excadrill|Excadrill, F|100\/100\n|turn|20\n|\n|t:|1700522991\n|switch|p2a: Umbreon|Umbreon, F, shiny|82\/100\n|-damage|p2a: Umbreon|69\/100|[from] Spikes\n|move|p1a: Excadrill|Earthquake|p2a: Umbreon\n|-damage|p2a: Umbreon|31\/100\n|\n|-heal|p2a: Umbreon|37\/100|[from] item: Leftovers\n|upkeep\n|turn|21\n|\n|t:|1700522996\n|move|p1a: Excadrill|Earthquake|p2a: Umbreon\n|-damage|p2a: Umbreon|0 fnt\n|faint|p2a: Umbreon\n|\n|upkeep\n|\n|t:|1700523003\n|switch|p2a: Victini|Victini, tera:Fire|47\/100\n|-damage|p2a: Victini|35\/100|[from] Spikes\n|turn|22\n|\n|t:|1700523006\n|switch|p1a: Tyranitar|Tyranitar, F|100\/100\n|-weather|Sandstorm|[from] ability: Sand Stream|[of] p1a: Tyranitar\n|move|p2a: Victini|U-turn|p1a: Tyranitar\n|-supereffective|p1a: Tyranitar\n|-damage|p1a: Tyranitar|63\/100\n|\n|t:|1700523020\n|switch|p2a: Lucario|Lucario, F|100\/100|[from] U-turn\n|-damage|p2a: Lucario|88\/100|[from] Spikes\n|\n|-weather|Sandstorm|[upkeep]\n|upkeep\n|turn|23\n|\n|t:|1700523028\n|switch|p1a: Corviknight|Corviknight, F|100\/100\n|-ability|p1a: Corviknight|Pressure\n|move|p2a: Lucario|Close Combat|p1a: Corviknight\n|-damage|p1a: Corviknight|36\/100\n|-unboost|p2a: Lucario|def|1\n|-unboost|p2a: Lucario|spd|1\n|-damage|p2a: Lucario|78\/100|[from] item: Life Orb\n|\n|-weather|Sandstorm|[upkeep]\n|-heal|p1a: Corviknight|42\/100|[from] item: Leftovers\n|upkeep\n|turn|24\n|\n|t:|1700523039\n|move|p2a: Lucario|Close Combat|p1a: Corviknight\n|-damage|p1a: Corviknight|0 fnt\n|-unboost|p2a: Lucario|def|1\n|-unboost|p2a: Lucario|spd|1\n|faint|p1a: Corviknight\n|-damage|p2a: Lucario|68\/100|[from] item: Life Orb\n|\n|-weather|Sandstorm|[upkeep]\n|upkeep\n|\n|t:|1700523042\n|switch|p1a: Excadrill|Excadrill, F|100\/100\n|turn|25\n|\n|t:|1700523048\n|switch|p2a: Ninetales|Ninetales-Alola, M|100\/100\n|-damage|p2a: Ninetales|88\/100|[from] Spikes\n|-weather|Snow|[from] ability: Snow Warning|[of] p2a: Ninetales\n|move|p1a: Excadrill|Earthquake|p2a: Ninetales\n|-damage|p2a: Ninetales|33\/100\n|\n|-weather|Snow|[upkeep]\n|upkeep\n|turn|26\n|\n|t:|1700523054\n|switch|p1a: Tyranitar|Tyranitar, F|63\/100\n|-weather|Sandstorm|[from] ability: Sand Stream|[of] p1a: Tyranitar\n|move|p2a: Ninetales|Aurora Veil||[still]\n|-fail|p2a: Ninetales\n|\n|-weather|Sandstorm|[upkeep]\n|-damage|p2a: Ninetales|27\/100|[from] Sandstorm\n|upkeep\n|turn|27\n|\n|t:|1700523061\n|detailschange|p1a: Tyranitar|Tyranitar-Mega, F\n|-mega|p1a: Tyranitar|Tyranitar|Tyranitarite\n|move|p2a: Ninetales|Moonblast|p1a: Tyranitar\n|-supereffective|p1a: Tyranitar\n|-damage|p1a: Tyranitar|24\/100\n|move|p1a: Tyranitar|Knock Off|p2a: Ninetales\n|-resisted|p2a: Ninetales\n|-damage|p2a: Ninetales|0 fnt\n|-enditem|p2a: Ninetales|Light Clay|[from] move: Knock Off|[of] p1a: Tyranitar\n|faint|p2a: Ninetales\n|\n|-weather|Sandstorm|[upkeep]\n|upkeep\n|\n|t:|1700523069\n|switch|p2a: Lucario|Lucario, F|68\/100\n|-damage|p2a: Lucario|56\/100|[from] Spikes\n|turn|28\n|\n|t:|1700523072\n|move|p2a: Lucario|Swords Dance|p2a: Lucario\n|-boost|p2a: Lucario|atk|2\n|move|p1a: Tyranitar|Knock Off|p2a: Lucario\n|-resisted|p2a: Lucario\n|-damage|p2a: Lucario|6\/100\n|-enditem|p2a: Lucario|Life Orb|[from] move: Knock Off|[of] p1a: Tyranitar\n|\n|-weather|Sandstorm|[upkeep]\n|upkeep\n|turn|29\n|\n|t:|1700523079\n|move|p2a: Lucario|Meteor Mash|p1a: Tyranitar\n|-supereffective|p1a: Tyranitar\n|-damage|p1a: Tyranitar|0 fnt\n|faint|p1a: Tyranitar\n|\n|-weather|Sandstorm|[upkeep]\n|upkeep\n|\n|t:|1700523080\n|switch|p1a: Excadrill|Excadrill, F|100\/100\n|turn|30\n|\n|t:|1700523084\n|move|p2a: Lucario|Extreme Speed|p1a: Excadrill\n|-resisted|p1a: Excadrill\n|-damage|p1a: Excadrill|66\/100\n|move|p1a: Excadrill|Earthquake|p2a: Lucario\n|-supereffective|p2a: Lucario\n|-damage|p2a: Lucario|0 fnt\n|faint|p2a: Lucario\n|\n|-weather|none\n|upkeep\n|\n|t:|1700523090\n|switch|p2a: Victini|Victini, tera:Fire|35\/100\n|-damage|p2a: Victini|22\/100|[from] Spikes\n|turn|31\n|\n|t:|1700523094\n|move|p2a: Victini|V-create|p1a: Excadrill\n|-supereffective|p1a: Excadrill\n|-damage|p1a: Excadrill|0 fnt\n|-unboost|p2a: Victini|spe|1\n|-unboost|p2a: Victini|def|1\n|-unboost|p2a: Victini|spd|1\n|faint|p1a: Excadrill\n|\n|upkeep\n|\n|t:|1700523095\n|switch|p1a: Ogerpon|Ogerpon-Wellspring, F|100\/100\n|turn|32\n|\n|t:|1700523098\n|-terastallize|p1a: Ogerpon|Water\n|detailschange|p1a: Ogerpon|Ogerpon-Wellspring-Tera, F, tera:Water\n|-ability|p1a: Ogerpon|Embody Aspect (Wellspring)|boost\n|-boost|p1a: Ogerpon|spd|1\n|move|p1a: Ogerpon|Ivy Cudgel|p2a: Victini|[anim] Ivy Cudgel Water\n|-supereffective|p2a: Victini\n|-damage|p2a: Victini|0 fnt\n|faint|p2a: Victini\n|\n|win|Yuanshen61\u6211\u8981\u73a9\u539f\u795e\n|raw|Yuanshen61\u6211\u8981\u73a9\u539f\u795e's rating: 1507 &rarr; <strong>1528<\/strong><br \/>(+21 for winning)\n|raw|Reshirider's rating: 1530 &rarr; <strong>1509<\/strong><br \/>(-21 for losing)\n","uploadtime":1700523105,"views":2,"p1id":"yuanshen61","p2id":"reshirider","formatid":"gen9nationaldex","rating":1509,"private":0,"password":""}