{"id":"gen9nationaldex-1996732948","p1":"NoodleTR0N","p2":"FlyingSudowoodo","format":"[Gen 9] National Dex","log":"|html|<div class=\"broadcast-blue\"><strong>[Gen 9] National Dex is currently suspecting Sneasler! For information on how to participate check out the <a href=\"https:\/\/www.smogon.com\/forums\/threads\/sv-national-dex-suspect-8-just-dance.3731534\/\">suspect thread<\/a>.<\/strong><\/div>\n|j|\u2606NoodleTR0N\n|j|\u2606FlyingSudowoodo\n|t:|1700716134\n|gametype|singles\n|player|p1|NoodleTR0N|lucas-gen4pt|1362\n|player|p2|FlyingSudowoodo|brock|1287\n|teamsize|p1|6\n|teamsize|p2|6\n|gen|9\n|tier|[Gen 9] National Dex\n|rated|\n|rule|HP Percentage Mod: HP is shown in percentages\n|rule|Endless Battle Clause: Forcing endless battles is banned\n|rule|OHKO Clause: OHKO moves are banned\n|rule|Evasion Clause: Evasion abilities, items, and moves are banned\n|rule|Evasion Abilities Clause: Evasion abilities are banned\n|rule|Evasion Items Clause: Evasion items are banned\n|rule|Evasion Moves Clause: Evasion moves are banned\n|rule|Species Clause: Limit one of each Pok\u00e9mon\n|rule|Sleep Clause Mod: Limit one foe put to sleep\n|clearpoke\n|poke|p1|Ninetales-Alola, F|\n|poke|p1|Gyarados, M|\n|poke|p1|Torterra, M|\n|poke|p1|Zapdos|\n|poke|p1|Tangrowth, F|\n|poke|p1|Gliscor, M|\n|poke|p2|Medicham, F|\n|poke|p2|Alomomola, M|\n|poke|p2|Clodsire, F|\n|poke|p2|Glimmora, M|\n|poke|p2|Tapu Lele|\n|poke|p2|Hawlucha, F|\n|teampreview\n|\n|t:|1700716143\n|start\n|switch|p1a: Ninetales|Ninetales-Alola, F|100\/100\n|switch|p2a: Glimmora|Glimmora, M|100\/100\n|-weather|Snow|[from] ability: Snow Warning|[of] p1a: Ninetales\n|-item|p2a: Glimmora|Air Balloon\n|turn|1\n|inactive|Battle timer is ON: inactive players will automatically lose when time's up. (requested by FlyingSudowoodo)\n|\n|t:|1700716154\n|move|p1a: Ninetales|Aurora Veil|p1a: Ninetales\n|-sidestart|p1: NoodleTR0N|move: Aurora Veil\n|move|p2a: Glimmora|Flash Cannon|p1a: Ninetales\n|-supereffective|p1a: Ninetales\n|-damage|p1a: Ninetales|35\/100\n|\n|-weather|Snow|[upkeep]\n|upkeep\n|turn|2\n|\n|t:|1700716166\n|move|p1a: Ninetales|Freeze-Dry|p2a: Glimmora\n|-damage|p2a: Glimmora|66\/100\n|-enditem|p2a: Glimmora|Air Balloon\n|move|p2a: Glimmora|Mortal Spin|p1a: Ninetales\n|-supereffective|p1a: Ninetales\n|-damage|p1a: Ninetales|29\/100\n|-status|p1a: Ninetales|psn\n|\n|-weather|Snow|[upkeep]\n|-damage|p1a: Ninetales|17\/100 psn|[from] psn\n|upkeep\n|turn|3\n|\n|t:|1700716179\n|switch|p1a: Gliscor|Gliscor, M|100\/100\n|move|p2a: Glimmora|Spiky Shield||[still]\n|-fail|p2a: Glimmora\n|\n|-weather|Snow|[upkeep]\n|-status|p1a: Gliscor|tox|[from] item: Toxic Orb\n|upkeep\n|turn|4\n|\n|t:|1700716187\n|move|p2a: Glimmora|Spiky Shield|p2a: Glimmora\n|-singleturn|p2a: Glimmora|move: Protect\n|move|p1a: Gliscor|U-turn|p2a: Glimmora\n|-activate|p2a: Glimmora|move: Protect\n|-damage|p1a: Gliscor|88\/100 tox|[from] Spiky Shield|[of] p2a: Glimmora\n|\n|-weather|Snow|[upkeep]\n|-heal|p1a: Gliscor|100\/100 tox|[from] ability: Poison Heal\n|upkeep\n|turn|5\n|\n|t:|1700716196\n|switch|p2a: Alomomola|Alomomola, M|100\/100\n|move|p1a: Gliscor|U-turn|p2a: Alomomola\n|-damage|p2a: Alomomola|92\/100\n|\n|t:|1700716201\n|switch|p1a: Torterra|Torterra, M|100\/100|[from] U-turn\n|\n|-weather|none\n|upkeep\n|turn|6\n|\n|t:|1700716206\n|-terastallize|p1a: Torterra|Water\n|move|p1a: Torterra|Shell Smash|p1a: Torterra\n|-unboost|p1a: Torterra|def|1\n|-unboost|p1a: Torterra|spd|1\n|-boost|p1a: Torterra|atk|2\n|-boost|p1a: Torterra|spa|2\n|-boost|p1a: Torterra|spe|2\n|move|p2a: Alomomola|Toxic|p1a: Torterra\n|-status|p1a: Torterra|tox\n|\n|-damage|p1a: Torterra|94\/100 tox|[from] psn\n|upkeep\n|turn|7\n|\n|t:|1700716217\n|move|p2a: Alomomola|Protect|p2a: Alomomola\n|-singleturn|p2a: Alomomola|Protect\n|move|p1a: Torterra|Bullet Seed|p2a: Alomomola\n|-activate|p2a: Alomomola|move: Protect\n|\n|-damage|p1a: Torterra|82\/100 tox|[from] psn\n|upkeep\n|turn|8\n|\n|t:|1700716227\n|switch|p2a: Glimmora|Glimmora, M|66\/100\n|move|p1a: Torterra|Earthquake|p2a: Glimmora\n|-supereffective|p2a: Glimmora\n|-damage|p2a: Glimmora|0 fnt\n|-activate|p2a: Glimmora|ability: Toxic Debris\n|-sidestart|p1: NoodleTR0N|move: Toxic Spikes\n|faint|p2a: Glimmora\n|\n|-damage|p1a: Torterra|64\/100 tox|[from] psn\n|-sideend|p1: NoodleTR0N|move: Aurora Veil\n|upkeep\n|\n|t:|1700716236\n|switch|p2a: Medicham|Medicham, F|100\/100\n|turn|9\n|\n|t:|1700716240\n|detailschange|p2a: Medicham|Medicham-Mega, F\n|-mega|p2a: Medicham|Medicham|Medichamite\n|move|p2a: Medicham|Fake Out|p1a: Torterra\n|-damage|p1a: Torterra|32\/100 tox\n|cant|p1a: Torterra|flinch\n|\n|-damage|p1a: Torterra|8\/100 tox|[from] psn\n|upkeep\n|turn|10\n|\n|t:|1700716250\n|move|p2a: Medicham|Bullet Punch|p1a: Torterra\n|-resisted|p1a: Torterra\n|-crit|p1a: Torterra\n|-damage|p1a: Torterra|0 fnt\n|faint|p1a: Torterra\n|\n|upkeep\n|\n|t:|1700716256\n|switch|p1a: Gyarados|Gyarados, M|100\/100\n|-ability|p1a: Gyarados|Intimidate|boost\n|-unboost|p2a: Medicham|atk|1\n|turn|11\n|\n|t:|1700716262\n|switch|p2a: Alomomola|Alomomola, M|100\/100\n|move|p1a: Gyarados|Dragon Dance|p1a: Gyarados\n|-boost|p1a: Gyarados|atk|1\n|-boost|p1a: Gyarados|spe|1\n|\n|upkeep\n|turn|12\n|\n|t:|1700716274\n|move|p1a: Gyarados|Crunch|p2a: Alomomola\n|-damage|p2a: Alomomola|73\/100\n|move|p2a: Alomomola|Toxic|p1a: Gyarados\n|-status|p1a: Gyarados|tox\n|\n|-damage|p1a: Gyarados|94\/100 tox|[from] psn\n|upkeep\n|turn|13\n|-message|NoodleTR0N forfeited.\n|\n|win|FlyingSudowoodo\n|raw|NoodleTR0N's rating: 1362 &rarr; <strong>1338<\/strong><br \/>(-24 for losing)\n|raw|FlyingSudowoodo's rating: 1287 &rarr; <strong>1317<\/strong><br \/>(+30 for winning)\n|l|\u2606NoodleTR0N\n","uploadtime":1700716284,"views":3,"p1id":"noodletr0n","p2id":"flyingsudowoodo","formatid":"gen9nationaldex","rating":1317,"private":0,"password":""}