{"id":"gen9nationaldex-1988122653","p1":"Orlando912","p2":"cb der","format":"[Gen 9] National Dex","log":"|j|\u2606Orlando912\n|j|\u2606cb der\n|t:|1699672351\n|gametype|singles\n|player|p1|Orlando912|collector|1050\n|player|p2|cb der|iono|1165\n|teamsize|p1|6\n|teamsize|p2|6\n|gen|9\n|tier|[Gen 9] National Dex\n|rated|\n|rule|HP Percentage Mod: HP is shown in percentages\n|rule|Endless Battle Clause: Forcing endless battles is banned\n|rule|OHKO Clause: OHKO moves are banned\n|rule|Evasion Clause: Evasion abilities, items, and moves are banned\n|rule|Evasion Abilities Clause: Evasion abilities are banned\n|rule|Evasion Items Clause: Evasion items are banned\n|rule|Evasion Moves Clause: Evasion moves are banned\n|rule|Species Clause: Limit one of each Pok\u00e9mon\n|rule|Sleep Clause Mod: Limit one foe put to sleep\n|clearpoke\n|poke|p1|Skeledirge, F|\n|poke|p1|Decidueye, F|\n|poke|p1|Greninja-*, M|\n|poke|p1|Sceptile, M|\n|poke|p1|Samurott, F|\n|poke|p1|Torterra, F|\n|poke|p2|Stunfisk, M|\n|poke|p2|Dipplin, F|\n|poke|p2|Lopunny, F|\n|poke|p2|Lickilicky, F|\n|poke|p2|Mew|\n|poke|p2|Unfezant, F|\n|teampreview\n|\n|t:|1699672375\n|start\n|switch|p1a: Samurott|Samurott, F|100\/100\n|switch|p2a: Lopunny|Lopunny, F|100\/100\n|turn|1\n|\n|t:|1699672389\n|detailschange|p2a: Lopunny|Lopunny-Mega, F\n|-mega|p2a: Lopunny|Lopunny|Lopunnite\n|move|p2a: Lopunny|Fake Out|p1a: Samurott\n|-damage|p1a: Samurott|78\/100\n|cant|p1a: Samurott|flinch\n|\n|-heal|p1a: Samurott|84\/100|[from] item: Leftovers\n|upkeep\n|turn|2\n|\n|t:|1699672410\n|switch|p2a: Dipplin|Dipplin, F|100\/100\n|move|p1a: Samurott|Hydro Cannon|p2a: Dipplin\n|-resisted|p2a: Dipplin\n|-damage|p2a: Dipplin|85\/100\n|-mustrecharge|p1a: Samurott\n|\n|-heal|p1a: Samurott|90\/100|[from] item: Leftovers\n|-heal|p2a: Dipplin|91\/100|[from] item: Leftovers\n|upkeep\n|turn|3\n|\n|t:|1699672420\n|cant|p1a: Samurott|recharge\n|move|p2a: Dipplin|Syrup Bomb|p1a: Samurott\n|-supereffective|p1a: Samurott\n|-damage|p1a: Samurott|44\/100\n|-start|p1a: Samurott|Syrup Bomb\n|\n|-heal|p1a: Samurott|50\/100|[from] item: Leftovers\n|-heal|p2a: Dipplin|97\/100|[from] item: Leftovers\n|-unboost|p1a: Samurott|spe|1\n|upkeep\n|turn|4\n|\n|t:|1699672433\n|move|p1a: Samurott|Blizzard|p2a: Dipplin\n|-supereffective|p2a: Dipplin\n|-damage|p2a: Dipplin|0 fnt\n|faint|p2a: Dipplin\n|\n|-heal|p1a: Samurott|56\/100|[from] item: Leftovers\n|-unboost|p1a: Samurott|spe|1\n|upkeep\n|\n|t:|1699672439\n|switch|p2a: Lopunny|Lopunny-Mega, F|100\/100\n|turn|5\n|\n|t:|1699672444\n|move|p2a: Lopunny|Fake Out|p1a: Samurott\n|-damage|p1a: Samurott|33\/100\n|cant|p1a: Samurott|flinch\n|\n|-heal|p1a: Samurott|39\/100|[from] item: Leftovers\n|-unboost|p1a: Samurott|spe|1\n|upkeep\n|turn|6\n|\n|t:|1699672452\n|move|p2a: Lopunny|Return|p1a: Samurott\n|-damage|p1a: Samurott|0 fnt\n|faint|p1a: Samurott\n|\n|upkeep\n|\n|t:|1699672458\n|switch|p1a: Skeledirge|Skeledirge, F|100\/100\n|turn|7\n|\n|t:|1699672466\n|switch|p2a: Stunfisk|Stunfisk, M|100\/100\n|move|p1a: Skeledirge|Torch Song|p2a: Stunfisk\n|-damage|p2a: Stunfisk|85\/100\n|-boost|p1a: Skeledirge|spa|1\n|\n|upkeep\n|turn|8\n|\n|t:|1699672474\n|move|p1a: Skeledirge|Torch Song|p2a: Stunfisk\n|-damage|p2a: Stunfisk|63\/100\n|-boost|p1a: Skeledirge|spa|1\n|move|p2a: Stunfisk|Scald|p1a: Skeledirge\n|-supereffective|p1a: Skeledirge\n|-crit|p1a: Skeledirge\n|-damage|p1a: Skeledirge|47\/100\n|\n|upkeep\n|turn|9\n|\n|t:|1699672484\n|move|p1a: Skeledirge|Fire Blast|p2a: Stunfisk\n|-damage|p2a: Stunfisk|28\/100\n|move|p2a: Stunfisk|Scald|p1a: Skeledirge\n|-supereffective|p1a: Skeledirge\n|-damage|p1a: Skeledirge|13\/100\n|\n|upkeep\n|turn|10\n|\n|t:|1699672497\n|move|p1a: Skeledirge|Flamethrower|p2a: Stunfisk\n|-damage|p2a: Stunfisk|0 fnt\n|faint|p2a: Stunfisk\n|\n|upkeep\n|\n|t:|1699672501\n|switch|p2a: Lopunny|Lopunny-Mega, F|100\/100\n|turn|11\n|\n|t:|1699672506\n|move|p2a: Lopunny|Fake Out|p1a: Skeledirge\n|-damage|p1a: Skeledirge|0 fnt\n|faint|p1a: Skeledirge\n|\n|upkeep\n|\n|t:|1699672512\n|switch|p1a: Decidueye|Decidueye, F|100\/100\n|turn|12\n|\n|t:|1699672519\n|switch|p2a: Unfezant|Unfezant, F|100\/100\n|move|p1a: Decidueye|Leaf Blade|p2a: Unfezant\n|-resisted|p2a: Unfezant\n|-damage|p2a: Unfezant|73\/100\n|\n|upkeep\n|turn|13\n|\n|t:|1699672527\n|-terastallize|p2a: Unfezant|Dark\n|move|p2a: Unfezant|Night Slash|p1a: Decidueye\n|-supereffective|p1a: Decidueye\n|-crit|p1a: Decidueye\n|-damage|p1a: Decidueye|0 fnt\n|faint|p1a: Decidueye\n|\n|upkeep\n|\n|t:|1699672545\n|switch|p1a: Greninja|Greninja, M|100\/100\n|turn|14\n|\n|t:|1699672555\n|switch|p2a: Lickilicky|Lickilicky, F|100\/100\n|-ability|p2a: Lickilicky|Cloud Nine\n|move|p1a: Greninja|Liquidation|p2a: Lickilicky\n|-damage|p2a: Lickilicky|80\/100\n|-damage|p1a: Greninja|84\/100|[from] item: Rocky Helmet|[of] p2a: Lickilicky\n|\n|upkeep\n|turn|15\n|\n|t:|1699672565\n|move|p1a: Greninja|Gunk Shot|p2a: Lickilicky|[miss]\n|-miss|p1a: Greninja|p2a: Lickilicky\n|move|p2a: Lickilicky|Toxic|p1a: Greninja\n|-status|p1a: Greninja|tox\n|\n|-damage|p1a: Greninja|78\/100 tox|[from] psn\n|upkeep\n|turn|16\n|\n|t:|1699672573\n|move|p2a: Lickilicky|Protect|p2a: Lickilicky\n|-singleturn|p2a: Lickilicky|Protect\n|move|p1a: Greninja|Gunk Shot|p2a: Lickilicky\n|-activate|p2a: Lickilicky|move: Protect\n|\n|-damage|p1a: Greninja|66\/100 tox|[from] psn\n|upkeep\n|turn|17\n|\n|t:|1699672581\n|move|p1a: Greninja|Gunk Shot|p2a: Lickilicky\n|-damage|p2a: Lickilicky|62\/100\n|-status|p2a: Lickilicky|psn\n|move|p2a: Lickilicky|Body Press|p1a: Greninja\n|-supereffective|p1a: Greninja\n|-damage|p1a: Greninja|4\/100 tox\n|\n|-damage|p1a: Greninja|0 fnt|[from] psn\n|faint|p1a: Greninja\n|-damage|p2a: Lickilicky|50\/100 psn|[from] psn\n|upkeep\n|\n|t:|1699672593\n|switch|p1a: Torterra|Torterra, F|100\/100\n|turn|18\n|\n|t:|1699672600\n|move|p1a: Torterra|Stone Edge|p2a: Lickilicky\n|-damage|p2a: Lickilicky|32\/100 psn\n|move|p2a: Lickilicky|Toxic|p1a: Torterra\n|-status|p1a: Torterra|tox\n|\n|-damage|p1a: Torterra|94\/100 tox|[from] psn\n|-damage|p2a: Lickilicky|20\/100 psn|[from] psn\n|upkeep\n|turn|19\n|\n|t:|1699672609\n|move|p1a: Torterra|Giga Drain|p2a: Lickilicky\n|-damage|p2a: Lickilicky|0 fnt\n|-heal|p1a: Torterra|100\/100 tox|[from] drain|[of] p2a: Lickilicky\n|faint|p2a: Lickilicky\n|\n|-damage|p1a: Torterra|88\/100 tox|[from] psn\n|upkeep\n|\n|t:|1699672614\n|switch|p2a: Unfezant|Unfezant, F, tera:Dark|73\/100\n|turn|20\n|\n|t:|1699672621\n|move|p2a: Unfezant|Brave Bird|p1a: Torterra\n|-supereffective|p1a: Torterra\n|-damage|p1a: Torterra|0 fnt\n|faint|p1a: Torterra\n|-damage|p2a: Unfezant|41\/100|[from] Recoil\n|\n|upkeep\n|\n|t:|1699672627\n|switch|p1a: Sceptile|Sceptile, M|100\/100\n|turn|21\n|\n|t:|1699672634\n|detailschange|p1a: Sceptile|Sceptile-Mega, M\n|-mega|p1a: Sceptile|Sceptile|Sceptilite\n|move|p1a: Sceptile|Throat Chop|p2a: Unfezant\n|-resisted|p2a: Unfezant\n|-damage|p2a: Unfezant|25\/100\n|-start|p2a: Unfezant|Throat Chop|[silent]\n|move|p2a: Unfezant|Brave Bird|p1a: Sceptile\n|-supereffective|p1a: Sceptile\n|-damage|p1a: Sceptile|0 fnt\n|faint|p1a: Sceptile\n|-damage|p2a: Unfezant|0 fnt|[from] Recoil\n|faint|p2a: Unfezant\n|\n|win|cb der\n|raw|Orlando912's rating: 1050 &rarr; <strong>1038<\/strong><br \/>(-12 for losing)\n|raw|cb der's rating: 1165 &rarr; <strong>1182<\/strong><br \/>(+17 for winning)\n","uploadtime":1699672642,"views":8,"p1id":"orlando912","p2id":"cbder","formatid":"gen9nationaldex","rating":1038,"private":0,"password":""}