{"id":"gen9nationaldex-1998734999","p1":"Kuro_xq","p2":"ldsadsadcsf","format":"[Gen 9] National Dex","log":"|html|<div class=\"broadcast-blue\"><strong>[Gen 9] National Dex is currently suspecting Sneasler! For information on how to participate check out the <a href=\"https:\/\/www.smogon.com\/forums\/threads\/sv-national-dex-suspect-8-just-dance.3731534\/\">suspect thread<\/a>.<\/strong><\/div>\n|j|\u2606Kuro_xq\n|j|\u2606ldsadsadcsf\n|t:|1700980163\n|gametype|singles\n|player|p1|Kuro_xq|pokekid|1434\n|player|p2|ldsadsadcsf|unknown|1463\n|teamsize|p1|6\n|teamsize|p2|6\n|gen|9\n|tier|[Gen 9] National Dex\n|rated|\n|rule|HP Percentage Mod: HP is shown in percentages\n|rule|Endless Battle Clause: Forcing endless battles is banned\n|rule|OHKO Clause: OHKO moves are banned\n|rule|Evasion Clause: Evasion abilities, items, and moves are banned\n|rule|Evasion Abilities Clause: Evasion abilities are banned\n|rule|Evasion Items Clause: Evasion items are banned\n|rule|Evasion Moves Clause: Evasion moves are banned\n|rule|Species Clause: Limit one of each Pok\u00e9mon\n|rule|Sleep Clause Mod: Limit one foe put to sleep\n|clearpoke\n|poke|p1|Pinsir, M|\n|poke|p1|Staraptor, F|\n|poke|p1|Espeon, F|\n|poke|p1|Hoopa-Unbound|\n|poke|p1|Noivern, F|\n|poke|p1|Great Tusk|\n|poke|p2|Zamazenta-*|\n|poke|p2|Heatran, F|\n|poke|p2|Pinsir, M|\n|poke|p2|Landorus-Therian, M|\n|poke|p2|Greninja-*, M|\n|poke|p2|Alomomola, M|\n|teampreview\n|inactive|Battle timer is ON: inactive players will automatically lose when time's up. (requested by ldsadsadcsf)\n|\n|t:|1700980181\n|start\n|switch|p1a: Staraptor|Staraptor, F|100\/100\n|switch|p2a: \u732b\u54e5|Landorus-Therian, M, shiny|100\/100\n|-ability|p2a: \u732b\u54e5|Intimidate|boost\n|-unboost|p1a: Staraptor|atk|1\n|turn|1\n|\n|t:|1700980185\n|move|p1a: Staraptor|U-turn|p2a: \u732b\u54e5\n|-resisted|p2a: \u732b\u54e5\n|-damage|p2a: \u732b\u54e5|88\/100\n|\n|t:|1700980188\n|switch|p1a: Espeon|Espeon, F|100\/100|[from] U-turn\n|move|p2a: \u732b\u54e5|Defog|p1a: Espeon\n|move|p1a: Espeon|Defog|p2a: \u732b\u54e5|[from]ability: Magic Bounce\n|-unboost|p2a: \u732b\u54e5|evasion|1\n|\n|-heal|p2a: \u732b\u54e5|94\/100|[from] item: Leftovers\n|upkeep\n|turn|2\n|\n|t:|1700980196\n|move|p1a: Espeon|Hidden Power|p2a: \u732b\u54e5\n|-supereffective|p2a: \u732b\u54e5\n|-damage|p2a: \u732b\u54e5|0 fnt\n|faint|p2a: \u732b\u54e5\n|\n|upkeep\n|\n|t:|1700980208\n|switch|p2a: \u86d9\u54e5|Greninja, M|100\/100\n|turn|3\n|\n|t:|1700980236\n|switch|p1a: Staraptor|Staraptor, F|100\/100\n|move|p2a: \u86d9\u54e5|Dark Pulse|p1a: Staraptor\n|-damage|p1a: Staraptor|21\/100\n|-damage|p2a: \u86d9\u54e5|91\/100|[from] item: Life Orb\n|\n|upkeep\n|turn|4\n|inactive|Kuro_xq has 120 seconds left.\n|\n|t:|1700980251\n|move|p2a: \u86d9\u54e5|Water Shuriken|p1a: Staraptor\n|-damage|p1a: Staraptor|6\/100\n|-damage|p1a: Staraptor|0 fnt\n|faint|p1a: Staraptor\n|-ability|p2a: \u86d9\u54e5|Battle Bond|boost\n|-boost|p2a: \u86d9\u54e5|atk|1\n|-boost|p2a: \u86d9\u54e5|spa|1\n|-boost|p2a: \u86d9\u54e5|spe|1\n|-activate|p2a: \u86d9\u54e5|ability: Battle Bond\n|-hitcount|p1: Staraptor|2\n|-damage|p2a: \u86d9\u54e5|81\/100|[from] item: Life Orb\n|\n|upkeep\n|inactive|Kuro_xq has 120 seconds left.\n|\n|t:|1700980260\n|switch|p1a: Espeon|Espeon, F|100\/100\n|turn|5\n|\n|t:|1700980263\n|move|p2a: \u86d9\u54e5|Dark Pulse|p1a: Espeon\n|-supereffective|p1a: Espeon\n|-damage|p1a: Espeon|0 fnt\n|faint|p1a: Espeon\n|-damage|p2a: \u86d9\u54e5|71\/100|[from] item: Life Orb\n|\n|upkeep\n|\n|t:|1700980266\n|switch|p1a: Hoopa|Hoopa-Unbound|100\/100\n|turn|6\n|\n|t:|1700980271\n|move|p2a: \u86d9\u54e5|Hydro Pump|p1a: Hoopa\n|-damage|p1a: Hoopa|15\/100\n|-damage|p2a: \u86d9\u54e5|61\/100|[from] item: Life Orb\n|move|p1a: Hoopa|Hyperspace Fury|p2a: \u86d9\u54e5\n|-resisted|p2a: \u86d9\u54e5\n|-damage|p2a: \u86d9\u54e5|0 fnt\n|-unboost|p1a: Hoopa|def|1\n|faint|p2a: \u86d9\u54e5\n|\n|upkeep\n|\n|t:|1700980283\n|switch|p2a: \u7532\u54e5|Pinsir, M|100\/100\n|-ability|p2a: \u7532\u54e5|Mold Breaker\n|turn|7\n|\n|t:|1700980291\n|detailschange|p2a: \u7532\u54e5|Pinsir-Mega, M\n|-mega|p2a: \u7532\u54e5|Pinsir|Pinsirite\n|move|p2a: \u7532\u54e5|Quick Attack|p1a: Hoopa\n|-damage|p1a: Hoopa|0 fnt\n|faint|p1a: Hoopa\n|\n|upkeep\n|\n|t:|1700980296\n|switch|p1a: Noivern|Noivern, F|100\/100\n|turn|8\n|\n|t:|1700980301\n|switch|p2a: \u706b\u54e5|Heatran, F, shiny|100\/100\n|-terastallize|p1a: Noivern|Normal\n|move|p1a: Noivern|Boomburst|p2a: \u706b\u54e5\n|-resisted|p2a: \u706b\u54e5\n|-damage|p2a: \u706b\u54e5|75\/100\n|\n|-heal|p2a: \u706b\u54e5|81\/100|[from] item: Leftovers\n|upkeep\n|turn|9\n|\n|t:|1700980306\n|switch|p1a: Great Tusk|Great Tusk|100\/100\n|move|p2a: \u706b\u54e5|Magma Storm|p1a: Great Tusk\n|-damage|p1a: Great Tusk|31\/100\n|-activate|p1a: Great Tusk|move: Magma Storm|[of] p2a: \u706b\u54e5\n|\n|-heal|p2a: \u706b\u54e5|87\/100|[from] item: Leftovers\n|-damage|p1a: Great Tusk|19\/100|[from] move: Magma Storm|[partiallytrapped]\n|upkeep\n|turn|10\n|\n|t:|1700980319\n|move|p2a: \u706b\u54e5|Protect|p2a: \u706b\u54e5\n|-singleturn|p2a: \u706b\u54e5|Protect\n|-zpower|p1a: Great Tusk\n|move|p1a: Great Tusk|All-Out Pummeling|p2a: \u706b\u54e5|[zeffect]\n|-supereffective|p2a: \u706b\u54e5\n|-zbroken|p2a: \u706b\u54e5\n|-damage|p2a: \u706b\u54e5|48\/100\n|\n|-heal|p2a: \u706b\u54e5|55\/100|[from] item: Leftovers\n|-damage|p1a: Great Tusk|7\/100|[from] move: Magma Storm|[partiallytrapped]\n|upkeep\n|turn|11\n|\n|t:|1700980333\n|move|p1a: Great Tusk|Close Combat|p2a: \u706b\u54e5\n|-supereffective|p2a: \u706b\u54e5\n|-damage|p2a: \u706b\u54e5|0 fnt\n|-unboost|p1a: Great Tusk|def|1\n|-unboost|p1a: Great Tusk|spd|1\n|faint|p2a: \u706b\u54e5\n|\n|-end|p1a: Great Tusk|Magma Storm|[partiallytrapped]|[silent]\n|upkeep\n|\n|t:|1700980336\n|switch|p2a: \u7532\u54e5|Pinsir-Mega, M|100\/100\n|turn|12\n|\n|t:|1700980341\n|move|p2a: \u7532\u54e5|Return|p1a: Great Tusk\n|-supereffective|p1a: Great Tusk\n|-damage|p1a: Great Tusk|0 fnt\n|faint|p1a: Great Tusk\n|-end|p1a: Great Tusk|Protosynthesis|[silent]\n|\n|upkeep\n|\n|t:|1700980351\n|switch|p1a: Noivern|Noivern, F, tera:Normal|100\/100\n|turn|13\n|\n|t:|1700980364\n|switch|p2a: \u9c7c\u54e5|Alomomola, M, shiny|100\/100\n|move|p1a: Noivern|Boomburst|p2a: \u9c7c\u54e5\n|-damage|p2a: \u9c7c\u54e5|2\/100\n|\n|upkeep\n|turn|14\n|\n|t:|1700980376\n|move|p1a: Noivern|Boomburst|p2a: \u9c7c\u54e5\n|-damage|p2a: \u9c7c\u54e5|0 fnt\n|faint|p2a: \u9c7c\u54e5\n|\n|upkeep\n|\n|t:|1700980379\n|switch|p2a: \u72d7\u54e5|Zamazenta|100\/100\n|-ability|p2a: \u72d7\u54e5|Dauntless Shield|boost\n|-boost|p2a: \u72d7\u54e5|def|1\n|turn|15\n|\n|t:|1700980386\n|move|p1a: Noivern|Boomburst|p2a: \u72d7\u54e5\n|-damage|p2a: \u72d7\u54e5|18\/100\n|move|p2a: \u72d7\u54e5|Body Press|p1a: Noivern\n|-supereffective|p1a: Noivern\n|-damage|p1a: Noivern|0 fnt\n|faint|p1a: Noivern\n|\n|-heal|p2a: \u72d7\u54e5|25\/100|[from] item: Leftovers\n|upkeep\n|\n|t:|1700980388\n|switch|p1a: Pinsir|Pinsir, M|100\/100\n|turn|16\n|\n|t:|1700980406\n|detailschange|p1a: Pinsir|Pinsir-Mega, M\n|-mega|p1a: Pinsir|Pinsir|Pinsirite\n|-terastallize|p2a: \u72d7\u54e5|Electric\n|move|p2a: \u72d7\u54e5|Body Press|p1a: Pinsir\n|-resisted|p1a: Pinsir\n|-damage|p1a: Pinsir|83\/100\n|move|p1a: Pinsir|Swords Dance|p1a: Pinsir\n|-boost|p1a: Pinsir|atk|2\n|\n|-heal|p2a: \u72d7\u54e5|31\/100|[from] item: Leftovers\n|upkeep\n|turn|17\n|\n|t:|1700980419\n|move|p1a: Pinsir|Quick Attack|p2a: \u72d7\u54e5\n|-resisted|p2a: \u72d7\u54e5\n|-damage|p2a: \u72d7\u54e5|17\/100\n|move|p2a: \u72d7\u54e5|Iron Defense|p2a: \u72d7\u54e5\n|-boost|p2a: \u72d7\u54e5|def|2\n|\n|-heal|p2a: \u72d7\u54e5|23\/100|[from] item: Leftovers\n|upkeep\n|turn|18\n|\n|t:|1700980426\n|move|p2a: \u72d7\u54e5|Body Press|p1a: Pinsir\n|-resisted|p1a: Pinsir\n|-damage|p1a: Pinsir|55\/100\n|move|p1a: Pinsir|Return|p2a: \u72d7\u54e5\n|-resisted|p2a: \u72d7\u54e5\n|-damage|p2a: \u72d7\u54e5|4\/100\n|\n|-heal|p2a: \u72d7\u54e5|10\/100|[from] item: Leftovers\n|upkeep\n|turn|19\n|\n|t:|1700980435\n|move|p2a: \u72d7\u54e5|Body Press|p1a: Pinsir\n|-resisted|p1a: Pinsir\n|-damage|p1a: Pinsir|28\/100\n|move|p1a: Pinsir|Swords Dance|p1a: Pinsir\n|-boost|p1a: Pinsir|atk|2\n|\n|-heal|p2a: \u72d7\u54e5|17\/100|[from] item: Leftovers\n|upkeep\n|turn|20\n|\n|t:|1700980440\n|move|p1a: Pinsir|Quick Attack|p2a: \u72d7\u54e5\n|-resisted|p2a: \u72d7\u54e5\n|-damage|p2a: \u72d7\u54e5|5\/100\n|move|p2a: \u72d7\u54e5|Body Press|p1a: Pinsir\n|-resisted|p1a: Pinsir\n|-damage|p1a: Pinsir|0 fnt\n|faint|p1a: Pinsir\n|\n|win|ldsadsadcsf\n|raw|Kuro_xq's rating: 1434 &rarr; <strong>1416<\/strong><br \/>(-18 for losing)\n|raw|ldsadsadcsf's rating: 1463 &rarr; <strong>1481<\/strong><br \/>(+18 for winning)\n|l|\u2606Kuro_xq\n","uploadtime":1700980447,"views":1,"p1id":"kuroxq","p2id":"ldsadsadcsf","formatid":"gen9nationaldex","rating":1416,"private":0,"password":""}