{"id":"gen9nationaldex-1999085767","p1":"realspades","p2":"X-Scizor","format":"[Gen 9] National Dex","log":"|html|<div class=\"broadcast-blue\"><strong>[Gen 9] National Dex is currently suspecting Sneasler! For information on how to participate check out the <a href=\"https:\/\/www.smogon.com\/forums\/threads\/sv-national-dex-suspect-8-just-dance.3731534\/\">suspect thread<\/a>.<\/strong><\/div>\n|j|\u2606realspades\n|j|\u2606X-Scizor\n|t:|1701031616\n|gametype|singles\n|player|p1|realspades|gambler|\n|player|p2|X-Scizor|ash-kalos|\n|teamsize|p1|6\n|teamsize|p2|6\n|gen|9\n|tier|[Gen 9] National Dex\n|rule|HP Percentage Mod: HP is shown in percentages\n|rule|Endless Battle Clause: Forcing endless battles is banned\n|rule|OHKO Clause: OHKO moves are banned\n|rule|Evasion Clause: Evasion abilities, items, and moves are banned\n|rule|Evasion Abilities Clause: Evasion abilities are banned\n|rule|Evasion Items Clause: Evasion items are banned\n|rule|Evasion Moves Clause: Evasion moves are banned\n|rule|Species Clause: Limit one of each Pok\u00e9mon\n|rule|Sleep Clause Mod: Limit one foe put to sleep\n|clearpoke\n|poke|p1|Greninja-*, M|\n|poke|p1|Pelipper, F|\n|poke|p1|Slowbro, M|\n|poke|p1|Swampert, M|\n|poke|p1|Basculegion, M|\n|poke|p1|Manaphy|\n|poke|p2|Salamence, M|\n|poke|p2|Gyarados, F|\n|poke|p2|Duraludon, F|\n|poke|p2|Kingdra, F|\n|poke|p2|Hydreigon, M|\n|poke|p2|Ampharos, F|\n|teampreview\n|c|\u2606realspades|gg wp\n|c|\u2606X-Scizor|good luck have fun\n|c|\u2606X-Scizor|do you like my themed team?\n|c|\u2606realspades|lowkey cool\n|\n|t:|1701031643\n|start\n|switch|p1a: Pelipper|Pelipper, F|100\/100\n|switch|p2a: Duraludon|Duraludon, F|100\/100\n|-weather|RainDance|[from] ability: Drizzle|[of] p1a: Pelipper\n|turn|1\n|c|\u2606realspades|idk what that dude does\n|\n|t:|1701031686\n|switch|p1a: Slowbro|Slowbro, M|100\/100\n|move|p2a: Duraludon|Stealth Rock|p1a: Slowbro\n|-sidestart|p1: realspades|move: Stealth Rock\n|\n|-weather|RainDance|[upkeep]\n|upkeep\n|turn|2\n|c|\u2606X-Scizor|fuck me neither i just started using him 5 minutes ago\n|c|\u2606X-Scizor|xD\n|c|\u2606realspades|lmfao\n|\n|t:|1701031697\n|move|p2a: Duraludon|Draco Meteor|p1a: Slowbro\n|-damage|p1a: Slowbro|32\/100\n|-unboost|p2a: Duraludon|spa|2\n|-enditem|p2a: Duraludon|Eject Pack\n|c|\u2606realspades|m\n|\n|t:|1701031711\n|switch|p2a: Ampharos|Ampharos, F|100\/100\n|move|p1a: Slowbro|Scald|p2a: Ampharos\n|-damage|p2a: Ampharos|59\/100\n|\n|-weather|RainDance|[upkeep]\n|-heal|p1a: Slowbro|39\/100|[from] item: Leftovers\n|upkeep\n|turn|3\n|\n|t:|1701031727\n|switch|p1a: Swampert|Swampert, M, shiny|100\/100\n|-damage|p1a: Swampert|94\/100|[from] Stealth Rock\n|detailschange|p2a: Ampharos|Ampharos-Mega, F\n|-mega|p2a: Ampharos|Ampharos|Ampharosite\n|-ability|p2a: Ampharos|Mold Breaker\n|move|p2a: Ampharos|Hidden Power|p1a: Swampert\n|-supereffective|p1a: Swampert\n|-damage|p1a: Swampert|0 fnt\n|faint|p1a: Swampert\n|\n|-weather|RainDance|[upkeep]\n|upkeep\n|c|\u2606realspades|yea i shouldve none\n|c|\u2606realspades|known\n|\n|t:|1701031739\n|switch|p1a: Basculegion|Basculegion, M|100\/100\n|-damage|p1a: Basculegion|88\/100|[from] Stealth Rock\n|turn|4\n|\n|t:|1701031759\n|switch|p2a: Kingdra|Kingdra, F|100\/100\n|move|p1a: Basculegion|Psychic Fangs|p2a: Kingdra\n|-damage|p2a: Kingdra|43\/100\n|\n|-weather|RainDance|[upkeep]\n|upkeep\n|turn|5\n|c|\u2606realspades|agh\n|\n|t:|1701031785\n|move|p2a: Kingdra|Draco Meteor|p1a: Basculegion|[miss]\n|-miss|p2a: Kingdra|p1a: Basculegion\n|move|p1a: Basculegion|Psychic Fangs|p2a: Kingdra\n|-damage|p2a: Kingdra|0 fnt\n|faint|p2a: Kingdra\n|\n|-weather|RainDance|[upkeep]\n|upkeep\n|c|\u2606realspades|how are you fast\n|c|\u2606X-Scizor|kingdra has swift swim silly\n|c|\u2606realspades|oh\n|\n|t:|1701031802\n|switch|p2a: Hydreigon|Hydreigon, M|100\/100\n|turn|6\n|\n|t:|1701031817\n|move|p1a: Basculegion|Psychic Fangs|p2a: Hydreigon\n|-immune|p2a: Hydreigon\n|move|p2a: Hydreigon|Dark Pulse|p1a: Basculegion\n|-supereffective|p1a: Basculegion\n|-damage|p1a: Basculegion|0 fnt\n|faint|p1a: Basculegion\n|\n|-weather|RainDance|[upkeep]\n|upkeep\n|c|\u2606realspades|oh yea\n|\n|t:|1701031834\n|switch|p1a: Manaphy|Manaphy|100\/100\n|-damage|p1a: Manaphy|88\/100|[from] Stealth Rock\n|turn|7\n|\n|t:|1701031846\n|-terastallize|p2a: Hydreigon|Dark\n|move|p2a: Hydreigon|Dark Pulse|p1a: Manaphy\n|-damage|p1a: Manaphy|16\/100\n|move|p1a: Manaphy|Ice Beam|p2a: Hydreigon\n|-damage|p2a: Hydreigon|66\/100\n|\n|-weather|RainDance|[upkeep]\n|upkeep\n|turn|8\n|\n|t:|1701031859\n|switch|p1a: Greninja|Greninja, M|100\/100\n|-damage|p1a: Greninja|88\/100|[from] Stealth Rock\n|move|p2a: Hydreigon|Dark Pulse|p1a: Greninja\n|-resisted|p1a: Greninja\n|-damage|p1a: Greninja|24\/100\n|\n|-weather|none\n|upkeep\n|turn|9\n|\n|t:|1701031898\n|switch|p2a: Ampharos|Ampharos-Mega, F|59\/100\n|-ability|p2a: Ampharos|Mold Breaker\n|-terastallize|p1a: Greninja|Water\n|move|p1a: Greninja|Surf|p2a: Ampharos\n|-resisted|p2a: Ampharos\n|-damage|p2a: Ampharos|29\/100\n|\n|upkeep\n|turn|10\n|\n|t:|1701031908\n|move|p1a: Greninja|Surf|p2a: Ampharos\n|-resisted|p2a: Ampharos\n|-damage|p2a: Ampharos|0 fnt\n|faint|p2a: Ampharos\n|\n|upkeep\n|\n|t:|1701031928\n|switch|p2a: Duraludon|Duraludon, F|100\/100\n|turn|11\n|\n|t:|1701031935\n|switch|p1a: Slowbro|Slowbro, M|72\/100\n|-damage|p1a: Slowbro|59\/100|[from] Stealth Rock\n|move|p2a: Duraludon|Draco Meteor|p1a: Slowbro\n|-damage|p1a: Slowbro|0 fnt\n|-unboost|p2a: Duraludon|spa|2\n|faint|p1a: Slowbro\n|\n|upkeep\n|\n|t:|1701031942\n|switch|p1a: Pelipper|Pelipper, F|100\/100\n|-damage|p1a: Pelipper|75\/100|[from] Stealth Rock\n|-weather|RainDance|[from] ability: Drizzle|[of] p1a: Pelipper\n|turn|12\n|\n|t:|1701031953\n|switch|p2a: Salamence|Salamence, M|100\/100\n|move|p1a: Pelipper|U-turn|p2a: Salamence\n|-resisted|p2a: Salamence\n|-damage|p2a: Salamence|96\/100\n|\n|t:|1701031957\n|switch|p1a: Greninja|Greninja, M, tera:Water|24\/100|[from] U-turn\n|-damage|p1a: Greninja|11\/100|[from] Stealth Rock\n|\n|-weather|RainDance|[upkeep]\n|upkeep\n|turn|13\n|\n|t:|1701031966\n|move|p2a: Salamence|Outrage|p1a: Greninja\n|-damage|p1a: Greninja|0 fnt\n|faint|p1a: Greninja\n|-ability|p2a: Salamence|Moxie|boost\n|-boost|p2a: Salamence|atk|1\n|\n|-weather|RainDance|[upkeep]\n|upkeep\n|c|\u2606X-Scizor|gg\n|\n|t:|1701031978\n|switch|p1a: Manaphy|Manaphy|16\/100\n|-damage|p1a: Manaphy|4\/100|[from] Stealth Rock\n|turn|14\n|\n|t:|1701031981\n|move|p2a: Salamence|Outrage|p1a: Manaphy|[from]lockedmove\n|-damage|p1a: Manaphy|0 fnt\n|faint|p1a: Manaphy\n|-ability|p2a: Salamence|Moxie|boost\n|-boost|p2a: Salamence|atk|1\n|-start|p2a: Salamence|confusion|[fatigue]\n|\n|-weather|RainDance|[upkeep]\n|upkeep\n|\n|t:|1701031984\n|switch|p1a: Pelipper|Pelipper, F|75\/100\n|-damage|p1a: Pelipper|50\/100|[from] Stealth Rock\n|turn|15\n|c|\u2606realspades|this game sucks\n|\n|t:|1701031991\n|-activate|p2a: Salamence|confusion\n|move|p2a: Salamence|Outrage|p1a: Pelipper\n|-damage|p1a: Pelipper|0 fnt\n|faint|p1a: Pelipper\n|\n|win|X-Scizor\n|c|\u2606realspades|gg wp\n|c|\u2606X-Scizor|i kinda just put a kingdra vs u thats it\n|c|\u2606X-Scizor|i had exact same team v marcus lol\n|c|\u2606X-Scizor|its just dragons r bad matchup v ur rain team for obvious reasons\n|c|\u2606realspades|lol\n","uploadtime":1701032037,"views":7,"p1id":"realspades","p2id":"xscizor","formatid":"gen9nationaldex","rating":0,"private":0,"password":""}