{"id":"gen9nationaldex-1987386476","p1":"ddddha","p2":"Foulest","format":"[Gen 9] National Dex","log":"|j|\u2606ddddha\n|j|\u2606Foulest\n|t:|1699584775\n|gametype|singles\n|player|p1|ddddha|harlequin|1242\n|player|p2|Foulest|2|1248\n|teamsize|p1|6\n|teamsize|p2|6\n|gen|9\n|tier|[Gen 9] National Dex\n|rated|\n|rule|HP Percentage Mod: HP is shown in percentages\n|rule|Endless Battle Clause: Forcing endless battles is banned\n|rule|OHKO Clause: OHKO moves are banned\n|rule|Evasion Clause: Evasion abilities, items, and moves are banned\n|rule|Evasion Abilities Clause: Evasion abilities are banned\n|rule|Evasion Items Clause: Evasion items are banned\n|rule|Evasion Moves Clause: Evasion moves are banned\n|rule|Species Clause: Limit one of each Pok\u00e9mon\n|rule|Sleep Clause Mod: Limit one foe put to sleep\n|clearpoke\n|poke|p1|Banette, M|\n|poke|p1|Garchomp, F|\n|poke|p1|Ninetales-Alola, M|\n|poke|p1|Volcarona, M|\n|poke|p1|Dragonite, F|\n|poke|p1|Chansey, F|\n|poke|p2|Latios, M|\n|poke|p2|Tyranitar, M|\n|poke|p2|Ferrothorn, M|\n|poke|p2|Toxapex, M|\n|poke|p2|Rotom-Wash|\n|poke|p2|Excadrill, M|\n|teampreview\n|inactive|Battle timer is ON: inactive players will automatically lose when time's up. (requested by Foulest)\n|\n|t:|1699584794\n|start\n|switch|p1a: Garchomp|Garchomp, F|100\/100\n|switch|p2a: Ferrothorn|Ferrothorn, M|100\/100\n|turn|1\n|\n|t:|1699584800\n|move|p1a: Garchomp|Flamethrower|p2a: Ferrothorn\n|-supereffective|p2a: Ferrothorn\n|-damage|p2a: Ferrothorn|10\/100\n|-damage|p1a: Garchomp|91\/100|[from] item: Life Orb\n|move|p2a: Ferrothorn|Leech Seed|p1a: Garchomp\n|-start|p1a: Garchomp|move: Leech Seed\n|\n|-heal|p2a: Ferrothorn|17\/100|[from] item: Leftovers\n|-damage|p1a: Garchomp|78\/100|[from] Leech Seed|[of] p2a: Ferrothorn\n|-heal|p2a: Ferrothorn|29\/100|[silent]\n|upkeep\n|turn|2\n|\n|t:|1699584815\n|switch|p1a: Chansey|Chansey, F|100\/100\n|switch|p2a: Rotom|Rotom-Wash|100\/100\n|\n|upkeep\n|turn|3\n|\n|t:|1699584821\n|move|p2a: Rotom|Volt Switch|p1a: Chansey\n|-damage|p1a: Chansey|91\/100\n|\n|t:|1699584826\n|switch|p2a: Ferrothorn|Ferrothorn, M|29\/100|[from] Volt Switch\n|move|p1a: Chansey|Wish|p1a: Chansey\n|\n|-heal|p2a: Ferrothorn|35\/100|[from] item: Leftovers\n|upkeep\n|turn|4\n|\n|t:|1699584832\n|move|p1a: Chansey|Seismic Toss|p2a: Ferrothorn\n|-damage|p2a: Ferrothorn|7\/100\n|-damage|p1a: Chansey|78\/100|[from] ability: Iron Barbs|[of] p2a: Ferrothorn\n|move|p2a: Ferrothorn|Stealth Rock|p1a: Chansey\n|-sidestart|p1: ddddha|move: Stealth Rock\n|\n|-heal|p1a: Chansey|100\/100|[from] move: Wish|[wisher] Chansey\n|-heal|p2a: Ferrothorn|13\/100|[from] item: Leftovers\n|upkeep\n|turn|5\n|\n|t:|1699584841\n|move|p2a: Ferrothorn|Protect|p2a: Ferrothorn\n|-singleturn|p2a: Ferrothorn|Protect\n|move|p1a: Chansey|Seismic Toss|p2a: Ferrothorn\n|-activate|p2a: Ferrothorn|move: Protect\n|\n|-heal|p2a: Ferrothorn|20\/100|[from] item: Leftovers\n|upkeep\n|turn|6\n|\n|t:|1699584852\n|switch|p2a: Excadrill|Excadrill, M|100\/100\n|-item|p2a: Excadrill|Air Balloon\n|move|p1a: Chansey|Seismic Toss|p2a: Excadrill\n|-damage|p2a: Excadrill|73\/100\n|-enditem|p2a: Excadrill|Air Balloon\n|\n|upkeep\n|turn|7\n|\n|t:|1699584860\n|move|p2a: Excadrill|Rapid Spin|p1a: Chansey\n|-damage|p1a: Chansey|89\/100\n|-boost|p2a: Excadrill|spe|1\n|move|p1a: Chansey|Chilling Water|p2a: Excadrill\n|-supereffective|p2a: Excadrill\n|-damage|p2a: Excadrill|58\/100\n|-unboost|p2a: Excadrill|atk|1\n|\n|upkeep\n|turn|8\n|\n|t:|1699584876\n|switch|p2a: Tyranitar|Tyranitar, M|100\/100\n|-weather|Sandstorm|[from] ability: Sand Stream|[of] p2a: Tyranitar\n|move|p1a: Chansey|Chilling Water|p2a: Tyranitar\n|-supereffective|p2a: Tyranitar\n|-damage|p2a: Tyranitar|97\/100\n|-unboost|p2a: Tyranitar|atk|1\n|\n|-weather|Sandstorm|[upkeep]\n|-damage|p1a: Chansey|83\/100|[from] Sandstorm\n|upkeep\n|turn|9\n|\n|t:|1699584886\n|switch|p1a: Garchomp|Garchomp, F|78\/100\n|-damage|p1a: Garchomp|72\/100|[from] Stealth Rock\n|move|p2a: Tyranitar|Stone Edge|p1a: Garchomp\n|-resisted|p1a: Garchomp\n|-damage|p1a: Garchomp|51\/100\n|\n|-weather|Sandstorm|[upkeep]\n|upkeep\n|turn|10\n|\n|t:|1699584900\n|switch|p2a: Rotom|Rotom-Wash|100\/100\n|move|p1a: Garchomp|Earth Power|p2a: Rotom\n|-immune|p2a: Rotom|[from] ability: Levitate\n|\n|-weather|Sandstorm|[upkeep]\n|-damage|p2a: Rotom|94\/100|[from] Sandstorm\n|upkeep\n|turn|11\n|\n|t:|1699584907\n|move|p2a: Rotom|Hydro Pump|p1a: Garchomp\n|-damage|p1a: Garchomp|0 fnt\n|faint|p1a: Garchomp\n|\n|-weather|Sandstorm|[upkeep]\n|-damage|p2a: Rotom|88\/100|[from] Sandstorm\n|upkeep\n|\n|t:|1699584920\n|switch|p1a: Ninetales|Ninetales-Alola, M|100\/100\n|-damage|p1a: Ninetales|75\/100|[from] Stealth Rock\n|-weather|Snow|[from] ability: Snow Warning|[of] p1a: Ninetales\n|turn|12\n|\n|t:|1699584927\n|move|p2a: Rotom|Hydro Pump|p1a: Ninetales\n|-damage|p1a: Ninetales|17\/100\n|move|p1a: Ninetales|Nasty Plot|p1a: Ninetales\n|-boost|p1a: Ninetales|spa|2\n|\n|-weather|Snow|[upkeep]\n|upkeep\n|turn|13\n|\n|t:|1699584933\n|move|p2a: Rotom|Hydro Pump|p1a: Ninetales\n|-damage|p1a: Ninetales|0 fnt\n|faint|p1a: Ninetales\n|\n|-weather|Snow|[upkeep]\n|upkeep\n|c|\u2606ddddha|LUCKY N\/GGER\n|c|\u2606ddddha|LUCKY N\/GGER\n|c|\u2606ddddha|LUCKY N\/GGER\n|c|\u2606ddddha|LUCKY N\/GGER\n|c|\u2606ddddha|LUCKY N\/GGER\n|\n|t:|1699584946\n|switch|p1a: Volcarona|Volcarona, M|100\/100\n|turn|14\n|c|\u2606ddddha|LUCKY N\/GGER\n|c|\u2606ddddha|REPORT???\n|\n|t:|1699584971\n|-terastallize|p1a: Volcarona|Grass\n|move|p2a: Rotom|Hydro Pump|p1a: Volcarona|[miss]\n|-miss|p2a: Rotom|p1a: Volcarona\n|move|p1a: Volcarona|Quiver Dance|p1a: Volcarona\n|-boost|p1a: Volcarona|spa|1\n|-boost|p1a: Volcarona|spd|1\n|-boost|p1a: Volcarona|spe|1\n|\n|-weather|Snow|[upkeep]\n|upkeep\n|turn|15\n|inactive|Foulest has 120 seconds left.\n|\n|t:|1699584991\n|move|p1a: Volcarona|Quiver Dance|p1a: Volcarona\n|-boost|p1a: Volcarona|spa|1\n|-boost|p1a: Volcarona|spd|1\n|-boost|p1a: Volcarona|spe|1\n|move|p2a: Rotom|Hydro Pump|p1a: Volcarona\n|-resisted|p1a: Volcarona\n|-damage|p1a: Volcarona|87\/100\n|\n|-weather|Snow|[upkeep]\n|upkeep\n|turn|16\n|\n|t:|1699584998\n|switch|p2a: Toxapex|Toxapex, M|100\/100\n|move|p1a: Volcarona|Quiver Dance|p1a: Volcarona\n|-boost|p1a: Volcarona|spa|1\n|-boost|p1a: Volcarona|spd|1\n|-boost|p1a: Volcarona|spe|1\n|\n|-weather|none\n|upkeep\n|turn|17\n|\n|t:|1699585006\n|-terastallize|p2a: Toxapex|Poison\n|move|p1a: Volcarona|Giga Drain|p2a: Toxapex\n|-resisted|p2a: Toxapex\n|-damage|p2a: Toxapex|61\/100\n|-heal|p1a: Volcarona|100\/100|[from] drain|[of] p2a: Toxapex\n|move|p2a: Toxapex|Haze|p2a: Toxapex\n|-clearallboost\n|\n|-heal|p2a: Toxapex|67\/100|[from] item: Black Sludge\n|upkeep\n|turn|18\n|\n|t:|1699585015\n|move|p1a: Volcarona|Quiver Dance|p1a: Volcarona\n|-boost|p1a: Volcarona|spa|1\n|-boost|p1a: Volcarona|spd|1\n|-boost|p1a: Volcarona|spe|1\n|move|p2a: Toxapex|Scald|p1a: Volcarona\n|-resisted|p1a: Volcarona\n|-damage|p1a: Volcarona|95\/100\n|-status|p1a: Volcarona|brn\n|\n|-heal|p2a: Toxapex|74\/100|[from] item: Black Sludge\n|-damage|p1a: Volcarona|89\/100 brn|[from] brn\n|upkeep\n|turn|19\n|\n|t:|1699585025\n|move|p1a: Volcarona|Fiery Dance|p2a: Toxapex\n|-damage|p2a: Toxapex|22\/100\n|move|p2a: Toxapex|Haze|p2a: Toxapex\n|-clearallboost\n|\n|-heal|p2a: Toxapex|28\/100|[from] item: Black Sludge\n|-damage|p1a: Volcarona|83\/100 brn|[from] brn\n|upkeep\n|turn|20\n|\n|t:|1699585042\n|move|p1a: Volcarona|Quiver Dance|p1a: Volcarona\n|-boost|p1a: Volcarona|spa|1\n|-boost|p1a: Volcarona|spd|1\n|-boost|p1a: Volcarona|spe|1\n|move|p2a: Toxapex|Haze|p2a: Toxapex\n|-clearallboost\n|\n|-heal|p2a: Toxapex|34\/100|[from] item: Black Sludge\n|-damage|p1a: Volcarona|76\/100 brn|[from] brn\n|upkeep\n|turn|21\n|\n|t:|1699585051\n|move|p1a: Volcarona|Quiver Dance|p1a: Volcarona\n|-boost|p1a: Volcarona|spa|1\n|-boost|p1a: Volcarona|spd|1\n|-boost|p1a: Volcarona|spe|1\n|move|p2a: Toxapex|Recover|p2a: Toxapex\n|-heal|p2a: Toxapex|84\/100\n|\n|-heal|p2a: Toxapex|91\/100|[from] item: Black Sludge\n|-damage|p1a: Volcarona|70\/100 brn|[from] brn\n|upkeep\n|turn|22\n|\n|t:|1699585059\n|move|p1a: Volcarona|Fiery Dance|p2a: Toxapex\n|-damage|p2a: Toxapex|34\/100\n|move|p2a: Toxapex|Haze|p2a: Toxapex\n|-clearallboost\n|\n|-heal|p2a: Toxapex|40\/100|[from] item: Black Sludge\n|-damage|p1a: Volcarona|64\/100 brn|[from] brn\n|upkeep\n|turn|23\n|\n|t:|1699585067\n|move|p1a: Volcarona|Fiery Dance|p2a: Toxapex\n|-damage|p2a: Toxapex|5\/100\n|-boost|p1a: Volcarona|spa|1\n|move|p2a: Toxapex|Recover|p2a: Toxapex\n|-heal|p2a: Toxapex|55\/100\n|\n|-heal|p2a: Toxapex|62\/100|[from] item: Black Sludge\n|-damage|p1a: Volcarona|58\/100 brn|[from] brn\n|upkeep\n|turn|24\n|\n|t:|1699585075\n|move|p1a: Volcarona|Fiery Dance|p2a: Toxapex\n|-damage|p2a: Toxapex|11\/100\n|move|p2a: Toxapex|Recover|p2a: Toxapex\n|-heal|p2a: Toxapex|61\/100\n|\n|-heal|p2a: Toxapex|68\/100|[from] item: Black Sludge\n|-damage|p1a: Volcarona|52\/100 brn|[from] brn\n|upkeep\n|turn|25\n|\n|t:|1699585083\n|move|p1a: Volcarona|Fiery Dance|p2a: Toxapex\n|-damage|p2a: Toxapex|17\/100\n|move|p2a: Toxapex|Haze|p2a: Toxapex\n|-clearallboost\n|\n|-heal|p2a: Toxapex|24\/100|[from] item: Black Sludge\n|-damage|p1a: Volcarona|46\/100 brn|[from] brn\n|upkeep\n|turn|26\n|\n|t:|1699585098\n|switch|p2a: Rotom|Rotom-Wash|88\/100\n|move|p1a: Volcarona|Quiver Dance|p1a: Volcarona\n|-boost|p1a: Volcarona|spa|1\n|-boost|p1a: Volcarona|spd|1\n|-boost|p1a: Volcarona|spe|1\n|\n|-damage|p1a: Volcarona|40\/100 brn|[from] brn\n|upkeep\n|turn|27\n|\n|t:|1699585107\n|move|p1a: Volcarona|Giga Drain|p2a: Rotom\n|-supereffective|p2a: Rotom\n|-crit|p2a: Rotom\n|-damage|p2a: Rotom|0 fnt\n|-heal|p1a: Volcarona|74\/100 brn|[from] drain|[of] p2a: Rotom\n|faint|p2a: Rotom\n|\n|-damage|p1a: Volcarona|68\/100 brn|[from] brn\n|upkeep\n|\n|t:|1699585111\n|switch|p2a: Toxapex|Toxapex, M, tera:Poison|57\/100\n|turn|28\n|\n|t:|1699585115\n|move|p1a: Volcarona|Fiery Dance|p2a: Toxapex\n|-damage|p2a: Toxapex|4\/100\n|move|p2a: Toxapex|Haze|p2a: Toxapex\n|-clearallboost\n|\n|-heal|p2a: Toxapex|11\/100|[from] item: Black Sludge\n|-damage|p1a: Volcarona|62\/100 brn|[from] brn\n|upkeep\n|turn|29\n|\n|t:|1699585123\n|move|p1a: Volcarona|Fiery Dance|p2a: Toxapex\n|-damage|p2a: Toxapex|0 fnt\n|-boost|p1a: Volcarona|spa|1\n|faint|p2a: Toxapex\n|\n|-damage|p1a: Volcarona|56\/100 brn|[from] brn\n|upkeep\n|\n|t:|1699585129\n|switch|p2a: Latios|Latios, M|100\/100\n|turn|30\n|\n|t:|1699585132\n|switch|p1a: Chansey|Chansey, F|83\/100\n|-damage|p1a: Chansey|70\/100|[from] Stealth Rock\n|move|p2a: Latios|Agility|p2a: Latios\n|-boost|p2a: Latios|spe|2\n|\n|upkeep\n|turn|31\n|\n|t:|1699585144\n|switch|p2a: Ferrothorn|Ferrothorn, M|20\/100\n|move|p1a: Chansey|Wish|p1a: Chansey\n|\n|-heal|p2a: Ferrothorn|26\/100|[from] item: Leftovers\n|upkeep\n|turn|32\n|\n|t:|1699585150\n|switch|p1a: Volcarona|Volcarona, M, tera:Grass|56\/100 brn\n|move|p2a: Ferrothorn|Power Whip|p1a: Volcarona\n|-resisted|p1a: Volcarona\n|-damage|p1a: Volcarona|24\/100 brn\n|\n|-heal|p1a: Volcarona|100\/100 brn|[from] move: Wish|[wisher] Chansey\n|-heal|p2a: Ferrothorn|32\/100|[from] item: Leftovers\n|-damage|p1a: Volcarona|94\/100 brn|[from] brn\n|upkeep\n|turn|33\n|\n|t:|1699585160\n|switch|p2a: Latios|Latios, M|100\/100\n|move|p1a: Volcarona|Fiery Dance|p2a: Latios\n|-resisted|p2a: Latios\n|-damage|p2a: Latios|76\/100\n|-boost|p1a: Volcarona|spa|1\n|\n|-damage|p1a: Volcarona|88\/100 brn|[from] brn\n|upkeep\n|turn|34\n|\n|t:|1699585169\n|move|p1a: Volcarona|Bug Buzz|p2a: Latios\n|-supereffective|p2a: Latios\n|-damage|p2a: Latios|0 fnt\n|faint|p2a: Latios\n|\n|-damage|p1a: Volcarona|82\/100 brn|[from] brn\n|upkeep\n|\n|t:|1699585185\n|switch|p2a: Tyranitar|Tyranitar, M|97\/100\n|-weather|Sandstorm|[from] ability: Sand Stream|[of] p2a: Tyranitar\n|turn|35\n|\n|t:|1699585198\n|move|p1a: Volcarona|Giga Drain|p2a: Tyranitar\n|-supereffective|p2a: Tyranitar\n|-damage|p2a: Tyranitar|54\/100\n|-heal|p1a: Volcarona|100\/100 brn|[from] drain|[of] p2a: Tyranitar\n|move|p2a: Tyranitar|Stone Edge|p1a: Volcarona\n|-damage|p1a: Volcarona|11\/100 brn\n|\n|-weather|Sandstorm|[upkeep]\n|-damage|p1a: Volcarona|5\/100 brn|[from] Sandstorm\n|-damage|p1a: Volcarona|0 fnt|[from] brn\n|faint|p1a: Volcarona\n|upkeep\n|\n|t:|1699585214\n|switch|p1a: Chansey|Chansey, F|70\/100\n|-damage|p1a: Chansey|58\/100|[from] Stealth Rock\n|turn|36\n|\n|t:|1699585218\n|move|p2a: Tyranitar|Crunch|p1a: Chansey\n|-damage|p1a: Chansey|26\/100\n|move|p1a: Chansey|Thunder Wave|p2a: Tyranitar\n|-status|p2a: Tyranitar|par\n|\n|-weather|Sandstorm|[upkeep]\n|-damage|p1a: Chansey|20\/100|[from] Sandstorm\n|upkeep\n|turn|37\n|\n|t:|1699585225\n|move|p1a: Chansey|Wish|p1a: Chansey\n|move|p2a: Tyranitar|Crunch|p1a: Chansey\n|-damage|p1a: Chansey|0 fnt\n|faint|p1a: Chansey\n|\n|-weather|Sandstorm|[upkeep]\n|upkeep\n|\n|t:|1699585230\n|switch|p1a: Dragonite|Dragonite, F|100\/100\n|-damage|p1a: Dragonite|76\/100|[from] Stealth Rock\n|turn|38\n|\n|t:|1699585234\n|move|p1a: Dragonite|Substitute|p1a: Dragonite\n|-start|p1a: Dragonite|Substitute\n|-damage|p1a: Dragonite|51\/100\n|move|p2a: Tyranitar|Stone Edge|p1a: Dragonite|[miss]\n|-miss|p2a: Tyranitar|p1a: Dragonite\n|\n|-weather|Sandstorm|[upkeep]\n|-damage|p1a: Dragonite|45\/100|[from] Sandstorm\n|-heal|p1a: Dragonite|100\/100|[from] move: Wish|[wisher] Chansey\n|upkeep\n|turn|39\n|\n|t:|1699585248\n|switch|p2a: Ferrothorn|Ferrothorn, M|32\/100\n|move|p1a: Dragonite|Dragon Dance|p1a: Dragonite\n|-boost|p1a: Dragonite|atk|1\n|-boost|p1a: Dragonite|spe|1\n|\n|-weather|none\n|-heal|p2a: Ferrothorn|38\/100|[from] item: Leftovers\n|upkeep\n|turn|40\n|\n|t:|1699585262\n|switch|p2a: Tyranitar|Tyranitar, M|54\/100 par\n|-weather|Sandstorm|[from] ability: Sand Stream|[of] p2a: Tyranitar\n|move|p1a: Dragonite|Earthquake|p2a: Tyranitar\n|-supereffective|p2a: Tyranitar\n|-damage|p2a: Tyranitar|0 fnt\n|faint|p2a: Tyranitar\n|\n|-weather|Sandstorm|[upkeep]\n|-damage|p1a: Dragonite|94\/100|[from] Sandstorm\n|-heal|p1a: Dragonite|100\/100|[from] item: Leftovers\n|upkeep\n|\n|t:|1699585267\n|switch|p2a: Excadrill|Excadrill, M|58\/100\n|turn|41\n|\n|t:|1699585274\n|move|p2a: Excadrill|Rock Slide|p1a: Dragonite\n|-supereffective|p1a: Dragonite\n|-end|p1a: Dragonite|Substitute\n|move|p1a: Dragonite|Earthquake|p2a: Excadrill\n|-supereffective|p2a: Excadrill\n|-damage|p2a: Excadrill|0 fnt\n|faint|p2a: Excadrill\n|\n|-weather|Sandstorm|[upkeep]\n|-damage|p1a: Dragonite|94\/100|[from] Sandstorm\n|-heal|p1a: Dragonite|100\/100|[from] item: Leftovers\n|upkeep\n|\n|t:|1699585278\n|switch|p2a: Ferrothorn|Ferrothorn, M|38\/100\n|turn|42\n|-message|Foulest forfeited.\n|\n|win|ddddha\n|raw|ddddha's rating: 1242 &rarr; <strong>1267<\/strong><br \/>(+25 for winning)\n|raw|Foulest's rating: 1248 &rarr; <strong>1223<\/strong><br \/>(-25 for losing)\n","uploadtime":1699584969,"views":4,"p1id":"ddddha","p2id":"foulest","formatid":"gen9nationaldex","rating":1223,"private":0,"password":""}