{"id":"gen9nationaldex-1997160966","p1":"dragonmaster441","p2":"Blake-Mamba","format":"[Gen 9] National Dex","log":"|html|<div class=\"broadcast-blue\"><strong>[Gen 9] National Dex is currently suspecting Sneasler! For information on how to participate check out the <a href=\"https:\/\/www.smogon.com\/forums\/threads\/sv-national-dex-suspect-8-just-dance.3731534\/\">suspect thread<\/a>.<\/strong><\/div>\n|j|\u2606dragonmaster441\n|j|\u2606Blake-Mamba\n|t:|1700770720\n|gametype|singles\n|player|p1|dragonmaster441|bianca|1232\n|player|p2|Blake-Mamba|juan|1247\n|teamsize|p1|6\n|teamsize|p2|6\n|gen|9\n|tier|[Gen 9] National Dex\n|rated|\n|rule|HP Percentage Mod: HP is shown in percentages\n|rule|Endless Battle Clause: Forcing endless battles is banned\n|rule|OHKO Clause: OHKO moves are banned\n|rule|Evasion Clause: Evasion abilities, items, and moves are banned\n|rule|Evasion Abilities Clause: Evasion abilities are banned\n|rule|Evasion Items Clause: Evasion items are banned\n|rule|Evasion Moves Clause: Evasion moves are banned\n|rule|Species Clause: Limit one of each Pok\u00e9mon\n|rule|Sleep Clause Mod: Limit one foe put to sleep\n|clearpoke\n|poke|p1|Zapdos|\n|poke|p1|Heracross, M|\n|poke|p1|Pidgeot, F|\n|poke|p1|Samurott-Hisui, M|\n|poke|p1|Maushold-Four|\n|poke|p1|Weavile, F|\n|poke|p2|Tyrantrum, M|\n|poke|p2|Aurorus, F|\n|poke|p2|Omastar, F|\n|poke|p2|Aerodactyl, F|\n|poke|p2|Rampardos, F|\n|poke|p2|Cradily, F|\n|teampreview\n|inactive|Battle timer is ON: inactive players will automatically lose when time's up. (requested by dragonmaster441)\n|c|\u2606dragonmaster441|hf!\n|\n|t:|1700770732\n|start\n|switch|p1a: old ghost|Weavile, F|100\/100\n|switch|p2a: Lord Helix|Omastar, F|100\/100\n|turn|1\n|\n|t:|1700770738\n|move|p1a: old ghost|Knock Off|p2a: Lord Helix\n|-damage|p2a: Lord Helix|45\/100\n|-ability|p2a: Lord Helix|Weak Armor|boost\n|-unboost|p2a: Lord Helix|def|1\n|-boost|p2a: Lord Helix|spe|2\n|-enditem|p2a: Lord Helix|Focus Sash|[from] move: Knock Off|[of] p1a: old ghost\n|move|p2a: Lord Helix|Shell Smash|p2a: Lord Helix\n|-unboost|p2a: Lord Helix|def|1\n|-unboost|p2a: Lord Helix|spd|1\n|-boost|p2a: Lord Helix|atk|2\n|-boost|p2a: Lord Helix|spa|2\n|-boost|p2a: Lord Helix|spe|2\n|\n|upkeep\n|turn|2\n|\n|t:|1700770750\n|move|p1a: old ghost|Ice Shard|p2a: Lord Helix\n|-resisted|p2a: Lord Helix\n|-damage|p2a: Lord Helix|22\/100\n|-ability|p2a: Lord Helix|Weak Armor|boost\n|-unboost|p2a: Lord Helix|def|1\n|-boost|p2a: Lord Helix|spe|2\n|move|p2a: Lord Helix|Ancient Power|p1a: old ghost\n|-supereffective|p1a: old ghost\n|-damage|p1a: old ghost|0 fnt\n|faint|p1a: old ghost\n|\n|upkeep\n|\n|t:|1700770766\n|switch|p1a: 8-bit|Zapdos|100\/100\n|turn|3\n|\n|t:|1700770769\n|-terastallize|p1a: 8-bit|Water\n|move|p2a: Lord Helix|Ancient Power|p1a: 8-bit\n|-damage|p1a: 8-bit|43\/100\n|move|p1a: 8-bit|Discharge|p2a: Lord Helix\n|-supereffective|p2a: Lord Helix\n|-damage|p2a: Lord Helix|0 fnt\n|faint|p2a: Lord Helix\n|\n|upkeep\n|\n|t:|1700770779\n|switch|p2a: Little Foot|Aurorus, F|100\/100\n|-weather|Snow|[from] ability: Snow Warning|[of] p2a: Little Foot\n|turn|4\n|\n|t:|1700770784\n|-terastallize|p2a: Little Foot|Ground\n|move|p1a: 8-bit|Roost|p1a: 8-bit\n|-heal|p1a: 8-bit|93\/100\n|move|p2a: Little Foot|Rock Polish|p2a: Little Foot\n|-boost|p2a: Little Foot|spe|2\n|\n|-weather|Snow|[upkeep]\n|upkeep\n|turn|5\n|\n|t:|1700770795\n|move|p1a: 8-bit|Bide|p1a: 8-bit\n|-start|p1a: 8-bit|move: Bide\n|move|p2a: Little Foot|Meteor Beam||[still]\n|-prepare|p2a: Little Foot|Meteor Beam\n|-boost|p2a: Little Foot|spa|1\n|-enditem|p2a: Little Foot|Power Herb\n|-anim|p2a: Little Foot|Meteor Beam|p1a: 8-bit\n|-damage|p1a: 8-bit|3\/100\n|\n|-weather|Snow|[upkeep]\n|upkeep\n|turn|6\n|\n|t:|1700770805\n|-activate|p1a: 8-bit|move: Bide\n|move|p2a: Little Foot|Earth Power|p1a: 8-bit\n|-crit|p1a: 8-bit\n|-damage|p1a: 8-bit|0 fnt\n|faint|p1a: 8-bit\n|\n|-weather|Snow|[upkeep]\n|upkeep\n|\n|t:|1700770818\n|switch|p1a: azalean smoke|Heracross, M|100\/100\n|turn|7\n|\n|t:|1700770821\n|move|p2a: Little Foot|Blizzard|p1a: azalean smoke\n|-damage|p1a: azalean smoke|12\/100\n|move|p1a: azalean smoke|Bullet Seed|p2a: Little Foot\n|-supereffective|p2a: Little Foot\n|-damage|p2a: Little Foot|79\/100\n|-supereffective|p2a: Little Foot\n|-damage|p2a: Little Foot|60\/100\n|-supereffective|p2a: Little Foot\n|-damage|p2a: Little Foot|38\/100\n|-supereffective|p2a: Little Foot\n|-damage|p2a: Little Foot|18\/100\n|-supereffective|p2a: Little Foot\n|-damage|p2a: Little Foot|0 fnt\n|faint|p2a: Little Foot\n|-ability|p1a: azalean smoke|Moxie|boost\n|-boost|p1a: azalean smoke|atk|1\n|-hitcount|p2: Little Foot|5\n|\n|-weather|Snow|[upkeep]\n|upkeep\n|\n|t:|1700770839\n|switch|p2a: Give me BraveBird|Aerodactyl, F, shiny|100\/100\n|-ability|p2a: Give me BraveBird|Unnerve\n|turn|8\n|\n|t:|1700770843\n|detailschange|p2a: Give me BraveBird|Aerodactyl-Mega, F, shiny\n|-mega|p2a: Give me BraveBird|Aerodactyl|Aerodactylite\n|move|p2a: Give me BraveBird|Fly||[still]\n|-prepare|p2a: Give me BraveBird|Fly\n|move|p1a: azalean smoke|Rock Blast|p2a: Give me BraveBird|[miss]\n|-miss|p1a: azalean smoke|p2a: Give me BraveBird\n|\n|-weather|none\n|upkeep\n|turn|9\n|\n|t:|1700770851\n|move|p2a: Give me BraveBird|Fly|p1a: azalean smoke|[from]lockedmove\n|-supereffective|p1a: azalean smoke\n|-damage|p1a: azalean smoke|0 fnt\n|faint|p1a: azalean smoke\n|\n|upkeep\n|\n|t:|1700770858\n|switch|p1a: DARK OLLY|Samurott-Hisui, M|100\/100\n|turn|10\n|\n|t:|1700770863\n|switch|p2a: Bud Might|Cradily, F|100\/100\n|move|p1a: DARK OLLY|Swords Dance|p1a: DARK OLLY\n|-boost|p1a: DARK OLLY|atk|2\n|\n|upkeep\n|turn|11\n|\n|t:|1700770870\n|move|p1a: DARK OLLY|Sacred Sword|p2a: Bud Might\n|-supereffective|p2a: Bud Might\n|-damage|p2a: Bud Might|0 fnt\n|-damage|p1a: DARK OLLY|84\/100|[from] item: Rocky Helmet|[of] p2a: Bud Might\n|faint|p2a: Bud Might\n|\n|upkeep\n|\n|t:|1700770877\n|switch|p2a: Give me BraveBird|Aerodactyl-Mega, F, shiny|100\/100\n|turn|12\n|\n|t:|1700770882\n|move|p2a: Give me BraveBird|Fly||[still]\n|-prepare|p2a: Give me BraveBird|Fly\n|move|p1a: DARK OLLY|Swords Dance|p1a: DARK OLLY\n|-boost|p1a: DARK OLLY|atk|2\n|\n|upkeep\n|turn|13\n|\n|t:|1700770888\n|move|p2a: Give me BraveBird|Fly|p1a: DARK OLLY|[from]lockedmove\n|-damage|p1a: DARK OLLY|4\/100\n|move|p1a: DARK OLLY|Razor Shell|p2a: Give me BraveBird\n|-supereffective|p2a: Give me BraveBird\n|-damage|p2a: Give me BraveBird|0 fnt\n|faint|p2a: Give me BraveBird\n|\n|upkeep\n|\n|t:|1700770896\n|switch|p2a: Stone Cold|Rampardos, F, shiny|100\/100\n|turn|14\n|\n|t:|1700770899\n|move|p1a: DARK OLLY|Razor Shell|p2a: Stone Cold\n|-supereffective|p2a: Stone Cold\n|-damage|p2a: Stone Cold|0 fnt\n|faint|p2a: Stone Cold\n|\n|upkeep\n|\n|t:|1700770905\n|switch|p2a: Gishath|Tyrantrum, M|100\/100\n|-item|p2a: Gishath|Air Balloon\n|turn|15\n|\n|t:|1700770909\n|move|p1a: DARK OLLY|Sacred Sword|p2a: Gishath\n|-supereffective|p2a: Gishath\n|-damage|p2a: Gishath|0 fnt\n|-enditem|p2a: Gishath|Air Balloon\n|faint|p2a: Gishath\n|\n|win|dragonmaster441\n|raw|dragonmaster441's rating: 1232 &rarr; <strong>1258<\/strong><br \/>(+26 for winning)\n|raw|Blake-Mamba's rating: 1247 &rarr; <strong>1221<\/strong><br \/>(-26 for losing)\n|c|\u2606dragonmaster441|gg!\n","uploadtime":1700770915,"views":3,"p1id":"dragonmaster441","p2id":"blakemamba","formatid":"gen9nationaldex","rating":1221,"private":0,"password":""}