{"id":"gen9nationaldex-1988171128","p1":"FakeDragon","p2":"Negiganaitoo","format":"[Gen 9] National Dex","log":"|j|\u2606FakeDragon\n|j|\u2606Negiganaitoo\n|t:|1699679072\n|gametype|singles\n|player|p1|FakeDragon|palmer|1325\n|player|p2|Negiganaitoo|kukui|1398\n|teamsize|p1|6\n|teamsize|p2|6\n|gen|9\n|tier|[Gen 9] National Dex\n|rated|\n|rule|HP Percentage Mod: HP is shown in percentages\n|rule|Endless Battle Clause: Forcing endless battles is banned\n|rule|OHKO Clause: OHKO moves are banned\n|rule|Evasion Clause: Evasion abilities, items, and moves are banned\n|rule|Evasion Abilities Clause: Evasion abilities are banned\n|rule|Evasion Items Clause: Evasion items are banned\n|rule|Evasion Moves Clause: Evasion moves are banned\n|rule|Species Clause: Limit one of each Pok\u00e9mon\n|rule|Sleep Clause Mod: Limit one foe put to sleep\n|clearpoke\n|poke|p1|Latios, M|\n|poke|p1|Ceruledge, M|\n|poke|p1|Alomomola, F|\n|poke|p1|Ferrothorn, M|\n|poke|p1|Gliscor, M|\n|poke|p1|Tornadus-Therian, M|\n|poke|p2|Lycanroc, M|\n|poke|p2|Ninetales-Alola, M|\n|poke|p2|Braviary, M|\n|poke|p2|Magnezone|\n|poke|p2|Snorlax, M|\n|poke|p2|Incineroar, F|\n|teampreview\n|inactive|Battle timer is ON: inactive players will automatically lose when time's up. (requested by FakeDragon)\n|\n|t:|1699679085\n|start\n|switch|p1a: Tornadus|Tornadus-Therian, M|100\/100\n|switch|p2a: Lycanroc|Lycanroc, M|100\/100\n|turn|1\n|\n|t:|1699679104\n|move|p1a: Tornadus|U-turn|p2a: Lycanroc\n|-damage|p2a: Lycanroc|76\/100\n|\n|t:|1699679109\n|switch|p1a: Ferrothorn|Ferrothorn, M|100\/100|[from] U-turn\n|move|p2a: Lycanroc|Taunt|p1a: Ferrothorn\n|-start|p1a: Ferrothorn|move: Taunt\n|\n|upkeep\n|turn|2\n|\n|t:|1699679116\n|switch|p1a: Gliscor|Gliscor, M, shiny|100\/100\n|move|p2a: Lycanroc|Stealth Rock|p1a: Gliscor\n|-sidestart|p1: FakeDragon|move: Stealth Rock\n|\n|-status|p1a: Gliscor|tox|[from] item: Toxic Orb\n|upkeep\n|turn|3\n|\n|t:|1699679122\n|move|p2a: Lycanroc|Taunt|p1a: Gliscor\n|-start|p1a: Gliscor|move: Taunt\n|move|p1a: Gliscor|Earthquake|p2a: Lycanroc\n|-supereffective|p2a: Lycanroc\n|-damage|p2a: Lycanroc|0 fnt\n|faint|p2a: Lycanroc\n|\n|upkeep\n|\n|t:|1699679130\n|switch|p2a: Ninetales|Ninetales-Alola, M|100\/100\n|-weather|Snow|[from] ability: Snow Warning|[of] p2a: Ninetales\n|turn|4\n|\n|t:|1699679137\n|switch|p1a: Alomomola|Alomomola, F|100\/100\n|-damage|p1a: Alomomola|88\/100|[from] Stealth Rock\n|move|p2a: Ninetales|Freeze-Dry|p1a: Alomomola\n|-supereffective|p1a: Alomomola\n|-damage|p1a: Alomomola|52\/100\n|\n|-weather|Snow|[upkeep]\n|upkeep\n|turn|5\n|\n|t:|1699679146\n|move|p2a: Ninetales|Freeze-Dry|p1a: Alomomola\n|-supereffective|p1a: Alomomola\n|-damage|p1a: Alomomola|13\/100\n|move|p1a: Alomomola|Toxic|p2a: Ninetales\n|-status|p2a: Ninetales|tox\n|\n|-weather|Snow|[upkeep]\n|-damage|p2a: Ninetales|94\/100 tox|[from] psn\n|upkeep\n|turn|6\n|\n|t:|1699679154\n|switch|p1a: Ferrothorn|Ferrothorn, M|100\/100\n|-damage|p1a: Ferrothorn|94\/100|[from] Stealth Rock\n|move|p2a: Ninetales|Freeze-Dry|p1a: Ferrothorn\n|-damage|p1a: Ferrothorn|77\/100\n|\n|-weather|Snow|[upkeep]\n|-heal|p1a: Ferrothorn|83\/100|[from] item: Leftovers\n|-damage|p2a: Ninetales|82\/100 tox|[from] psn\n|upkeep\n|turn|7\n|\n|t:|1699679164\n|move|p2a: Ninetales|Aurora Veil|p2a: Ninetales\n|-sidestart|p2: Negiganaitoo|move: Aurora Veil\n|move|p1a: Ferrothorn|Stealth Rock|p2a: Ninetales\n|-sidestart|p2: Negiganaitoo|move: Stealth Rock\n|\n|-weather|Snow|[upkeep]\n|-heal|p1a: Ferrothorn|89\/100|[from] item: Leftovers\n|-damage|p2a: Ninetales|64\/100 tox|[from] psn\n|upkeep\n|turn|8\n|\n|t:|1699679170\n|move|p2a: Ninetales|Encore|p1a: Ferrothorn\n|-start|p1a: Ferrothorn|Encore\n|move|p1a: Ferrothorn|Stealth Rock||[still]\n|-fail|p1a: Ferrothorn\n|\n|-weather|none\n|-heal|p1a: Ferrothorn|96\/100|[from] item: Leftovers\n|-damage|p2a: Ninetales|40\/100 tox|[from] psn\n|upkeep\n|turn|9\n|\n|t:|1699679177\n|switch|p2a: Incineroar|Incineroar, F|100\/100\n|-damage|p2a: Incineroar|76\/100|[from] Stealth Rock\n|-ability|p2a: Incineroar|Intimidate|boost\n|-unboost|p1a: Ferrothorn|atk|1\n|switch|p1a: Tornadus|Tornadus-Therian, M|100\/100\n|\n|-heal|p2a: Incineroar|82\/100|[from] item: Leftovers\n|upkeep\n|turn|10\n|\n|t:|1699679188\n|move|p1a: Tornadus|Defog|p2a: Incineroar\n|-unboost|p2a: Incineroar|evasion|1\n|-sideend|p2: Negiganaitoo|move: Aurora Veil\n|-sideend|p2: Negiganaitoo|Stealth Rock|[from] move: Defog|[of] p1a: Tornadus\n|-sideend|p1: FakeDragon|Stealth Rock|[from] move: Defog|[of] p1a: Tornadus\n|move|p2a: Incineroar|Flame Charge|p1a: Tornadus\n|-damage|p1a: Tornadus|74\/100\n|-boost|p2a: Incineroar|spe|1\n|\n|-heal|p2a: Incineroar|88\/100|[from] item: Leftovers\n|upkeep\n|turn|11\n|\n|t:|1699679197\n|move|p1a: Tornadus|Bleakwind Storm|p2a: Incineroar\n|-damage|p2a: Incineroar|50\/100\n|move|p2a: Incineroar|Swords Dance|p2a: Incineroar\n|-boost|p2a: Incineroar|atk|2\n|\n|-heal|p2a: Incineroar|57\/100|[from] item: Leftovers\n|upkeep\n|turn|12\n|\n|t:|1699679204\n|move|p1a: Tornadus|Knock Off|p2a: Incineroar\n|-resisted|p2a: Incineroar\n|-damage|p2a: Incineroar|46\/100\n|-enditem|p2a: Incineroar|Leftovers|[from] move: Knock Off|[of] p1a: Tornadus\n|move|p2a: Incineroar|Flame Charge|p1a: Tornadus\n|-damage|p1a: Tornadus|26\/100\n|-boost|p2a: Incineroar|spe|1\n|\n|upkeep\n|turn|13\n|\n|t:|1699679215\n|switch|p1a: Alomomola|Alomomola, F|46\/100\n|move|p2a: Incineroar|Flame Charge|p1a: Alomomola\n|-resisted|p1a: Alomomola\n|-damage|p1a: Alomomola|32\/100\n|-boost|p2a: Incineroar|spe|1\n|-damage|p2a: Incineroar|30\/100|[from] item: Rocky Helmet|[of] p1a: Alomomola\n|\n|upkeep\n|turn|14\n|\n|t:|1699679224\n|-terastallize|p2a: Incineroar|Fighting\n|move|p2a: Incineroar|Drain Punch|p1a: Alomomola\n|-damage|p1a: Alomomola|0 fnt\n|-heal|p2a: Incineroar|51\/100|[from] drain|[of] p1a: Alomomola\n|-damage|p2a: Incineroar|34\/100|[from] item: Rocky Helmet|[of] p1a: Alomomola\n|faint|p1a: Alomomola\n|\n|upkeep\n|\n|t:|1699679240\n|switch|p1a: Gliscor|Gliscor, M, shiny|100\/100 tox\n|turn|15\n|\n|t:|1699679245\n|move|p2a: Incineroar|Darkest Lariat|p1a: Gliscor\n|-damage|p1a: Gliscor|31\/100 tox\n|move|p1a: Gliscor|Earthquake|p2a: Incineroar\n|-damage|p2a: Incineroar|1\/100\n|\n|-heal|p1a: Gliscor|44\/100 tox|[from] ability: Poison Heal\n|upkeep\n|turn|16\n|\n|t:|1699679259\n|move|p2a: Incineroar|Darkest Lariat|p1a: Gliscor\n|-damage|p1a: Gliscor|0 fnt\n|faint|p1a: Gliscor\n|\n|upkeep\n|\n|t:|1699679262\n|switch|p1a: Ceruledge|Ceruledge, M|100\/100\n|turn|17\n|\n|t:|1699679265\n|move|p1a: Ceruledge|Shadow Sneak|p2a: Incineroar\n|-damage|p2a: Incineroar|0 fnt\n|faint|p2a: Incineroar\n|\n|upkeep\n|\n|t:|1699679270\n|switch|p2a: Ninetales|Ninetales-Alola, M|40\/100 tox\n|-weather|Snow|[from] ability: Snow Warning|[of] p2a: Ninetales\n|turn|18\n|\n|t:|1699679283\n|switch|p1a: Ferrothorn|Ferrothorn, M|96\/100\n|move|p2a: Ninetales|Aurora Veil|p2a: Ninetales\n|-sidestart|p2: Negiganaitoo|move: Aurora Veil\n|\n|-weather|Snow|[upkeep]\n|-heal|p1a: Ferrothorn|100\/100|[from] item: Leftovers\n|-damage|p2a: Ninetales|34\/100 tox|[from] psn\n|upkeep\n|turn|19\n|\n|t:|1699679290\n|switch|p2a: Braviary|Braviary, M|100\/100\n|move|p1a: Ferrothorn|Stealth Rock|p2a: Braviary\n|-sidestart|p2: Negiganaitoo|move: Stealth Rock\n|\n|-weather|Snow|[upkeep]\n|upkeep\n|turn|20\n|\n|t:|1699679295\n|move|p2a: Braviary|Bulk Up|p2a: Braviary\n|-boost|p2a: Braviary|atk|1\n|-boost|p2a: Braviary|def|1\n|move|p1a: Ferrothorn|Leech Seed|p2a: Braviary\n|-start|p2a: Braviary|move: Leech Seed\n|\n|-weather|Snow|[upkeep]\n|-damage|p2a: Braviary|88\/100|[from] Leech Seed|[of] p1a: Ferrothorn\n|upkeep\n|turn|21\n|\n|t:|1699679302\n|move|p2a: Braviary|Bulk Up|p2a: Braviary\n|-boost|p2a: Braviary|atk|1\n|-boost|p2a: Braviary|def|1\n|move|p1a: Ferrothorn|Knock Off|p2a: Braviary\n|-damage|p2a: Braviary|83\/100\n|-enditem|p2a: Braviary|Power Herb|[from] move: Knock Off|[of] p1a: Ferrothorn\n|\n|-weather|Snow|[upkeep]\n|-damage|p2a: Braviary|70\/100|[from] Leech Seed|[of] p1a: Ferrothorn\n|upkeep\n|turn|22\n|\n|t:|1699679311\n|move|p2a: Braviary|Close Combat|p1a: Ferrothorn\n|-supereffective|p1a: Ferrothorn\n|-damage|p1a: Ferrothorn|7\/100\n|-unboost|p2a: Braviary|def|1\n|-unboost|p2a: Braviary|spd|1\n|-damage|p2a: Braviary|58\/100|[from] ability: Iron Barbs|[of] p1a: Ferrothorn\n|move|p1a: Ferrothorn|Gyro Ball|p2a: Braviary\n|-damage|p2a: Braviary|42\/100\n|\n|-weather|none\n|-heal|p1a: Ferrothorn|14\/100|[from] item: Leftovers\n|-damage|p2a: Braviary|30\/100|[from] Leech Seed|[of] p1a: Ferrothorn\n|-heal|p1a: Ferrothorn|27\/100|[silent]\n|upkeep\n|turn|23\n|\n|t:|1699679330\n|move|p2a: Braviary|Acrobatics|p1a: Ferrothorn\n|-damage|p1a: Ferrothorn|0 fnt\n|-damage|p2a: Braviary|17\/100|[from] ability: Iron Barbs|[of] p1a: Ferrothorn\n|faint|p1a: Ferrothorn\n|\n|upkeep\n|\n|t:|1699679338\n|switch|p1a: Latios|Latios, M|100\/100\n|turn|24\n|\n|t:|1699679340\n|detailschange|p1a: Latios|Latios-Mega, M\n|-mega|p1a: Latios|Latios|Latiosite\n|move|p1a: Latios|Psychic|p2a: Braviary\n|-damage|p2a: Braviary|0 fnt\n|faint|p2a: Braviary\n|\n|upkeep\n|\n|t:|1699679346\n|switch|p2a: Magnezone|Magnezone|100\/100\n|-damage|p2a: Magnezone|94\/100|[from] Stealth Rock\n|turn|25\n|\n|t:|1699679350\n|move|p1a: Latios|Aura Sphere|p2a: Magnezone\n|-supereffective|p2a: Magnezone\n|-damage|p2a: Magnezone|71\/100\n|move|p2a: Magnezone|Mirror Coat|p1a: Latios\n|-damage|p1a: Latios|49\/100\n|\n|-sideend|p2: Negiganaitoo|move: Aurora Veil\n|upkeep\n|turn|26\n|\n|t:|1699679357\n|move|p1a: Latios|Roost|p1a: Latios\n|-heal|p1a: Latios|99\/100\n|-singleturn|p1a: Latios|move: Roost\n|move|p2a: Magnezone|Flash Cannon|p1a: Latios\n|-damage|p1a: Latios|46\/100\n|\n|upkeep\n|turn|27\n|\n|t:|1699679368\n|move|p1a: Latios|Aura Sphere|p2a: Magnezone\n|-supereffective|p2a: Magnezone\n|-damage|p2a: Magnezone|24\/100\n|move|p2a: Magnezone|Flash Cannon|p1a: Latios\n|-damage|p1a: Latios|0 fnt\n|faint|p1a: Latios\n|\n|upkeep\n|\n|t:|1699679377\n|switch|p1a: Ceruledge|Ceruledge, M|100\/100\n|turn|28\n|\n|t:|1699679380\n|move|p1a: Ceruledge|Swords Dance|p1a: Ceruledge\n|-boost|p1a: Ceruledge|atk|2\n|move|p2a: Magnezone|Thunderbolt|p1a: Ceruledge\n|-damage|p1a: Ceruledge|27\/100\n|\n|upkeep\n|turn|29\n|\n|t:|1699679386\n|move|p1a: Ceruledge|Bitter Blade|p2a: Magnezone\n|-supereffective|p2a: Magnezone\n|-damage|p2a: Magnezone|0 fnt\n|-heal|p1a: Ceruledge|41\/100|[from] drain|[of] p2a: Magnezone\n|faint|p2a: Magnezone\n|\n|upkeep\n|\n|t:|1699679393\n|switch|p2a: Ninetales|Ninetales-Alola, M|34\/100 tox\n|-damage|p2a: Ninetales|9\/100 tox|[from] Stealth Rock\n|-weather|Snow|[from] ability: Snow Warning|[of] p2a: Ninetales\n|turn|30\n|\n|t:|1699679399\n|move|p1a: Ceruledge|Shadow Sneak|p2a: Ninetales\n|-damage|p2a: Ninetales|0 fnt\n|faint|p2a: Ninetales\n|\n|-weather|Snow|[upkeep]\n|upkeep\n|\n|t:|1699679403\n|switch|p2a: Snorlax|Snorlax, M|100\/100\n|-damage|p2a: Snorlax|88\/100|[from] Stealth Rock\n|turn|31\n|\n|t:|1699679426\n|move|p1a: Ceruledge|Close Combat|p2a: Snorlax\n|-supereffective|p2a: Snorlax\n|-damage|p2a: Snorlax|0 fnt\n|-unboost|p1a: Ceruledge|def|1\n|-unboost|p1a: Ceruledge|spd|1\n|faint|p2a: Snorlax\n|\n|win|FakeDragon\n|raw|FakeDragon's rating: 1325 &rarr; <strong>1349<\/strong><br \/>(+24 for winning)\n|raw|Negiganaitoo's rating: 1398 &rarr; <strong>1374<\/strong><br \/>(-24 for losing)\n|c|\u2606FakeDragon|gg\n","uploadtime":1699679432,"views":4,"p1id":"fakedragon","p2id":"negiganaitoo","formatid":"gen9nationaldex","rating":1349,"private":0,"password":""}