{"id":"gen9nationaldex-1992458332","p1":"HanFong","p2":"vinhfancharizard","format":"[Gen 9] National Dex","log":"|j|\u2606HanFong\n|j|\u2606vinhfancharizard\n|t:|1700190026\n|gametype|singles\n|player|p1|HanFong|1|1460\n|player|p2|vinhfancharizard|n|1334\n|teamsize|p1|6\n|teamsize|p2|6\n|gen|9\n|tier|[Gen 9] National Dex\n|rated|\n|rule|HP Percentage Mod: HP is shown in percentages\n|rule|Endless Battle Clause: Forcing endless battles is banned\n|rule|OHKO Clause: OHKO moves are banned\n|rule|Evasion Clause: Evasion abilities, items, and moves are banned\n|rule|Evasion Abilities Clause: Evasion abilities are banned\n|rule|Evasion Items Clause: Evasion items are banned\n|rule|Evasion Moves Clause: Evasion moves are banned\n|rule|Species Clause: Limit one of each Pok\u00e9mon\n|rule|Sleep Clause Mod: Limit one foe put to sleep\n|clearpoke\n|poke|p1|Sneasler, M|\n|poke|p1|Rillaboom, M|\n|poke|p1|Zapdos|\n|poke|p1|Camerupt, F|\n|poke|p1|Aegislash, M|\n|poke|p1|Toxapex, F|\n|poke|p2|Charizard, M|\n|poke|p2|Crawdaunt, F|\n|poke|p2|Thundurus, M|\n|poke|p2|Volcarona, F|\n|poke|p2|Dragonite, F|\n|poke|p2|Gliscor, F|\n|teampreview\n|\n|t:|1700190041\n|start\n|switch|p1a: Camerupt|Camerupt, F|100\/100\n|switch|p2a: Gliscor|Gliscor, F|100\/100\n|turn|1\n|\n|t:|1700190047\n|switch|p1a: Zapdos|Zapdos|100\/100\n|move|p2a: Gliscor|Toxic|p1a: Zapdos|[miss]\n|-miss|p2a: Gliscor|p1a: Zapdos\n|\n|-status|p2a: Gliscor|tox|[from] item: Toxic Orb\n|upkeep\n|turn|2\n|\n|t:|1700190052\n|move|p1a: Zapdos|Hidden Power|p2a: Gliscor\n|-supereffective|p2a: Gliscor\n|-damage|p2a: Gliscor|27\/100 tox\n|move|p2a: Gliscor|Toxic|p1a: Zapdos|[miss]\n|-miss|p2a: Gliscor|p1a: Zapdos\n|\n|-heal|p2a: Gliscor|39\/100 tox|[from] ability: Poison Heal\n|upkeep\n|turn|3\n|\n|t:|1700190058\n|-terastallize|p2a: Gliscor|Water\n|move|p2a: Gliscor|Protect|p2a: Gliscor\n|-singleturn|p2a: Gliscor|Protect\n|move|p1a: Zapdos|Hidden Power|p2a: Gliscor\n|-activate|p2a: Gliscor|move: Protect\n|\n|-heal|p2a: Gliscor|52\/100 tox|[from] ability: Poison Heal\n|upkeep\n|turn|4\n|\n|t:|1700190066\n|move|p1a: Zapdos|Volt Switch|p2a: Gliscor\n|-supereffective|p2a: Gliscor\n|-damage|p2a: Gliscor|0 fnt\n|faint|p2a: Gliscor\n|\n|t:|1700190076\n|switch|p1a: Camerupt|Camerupt, F|100\/100|[from] Volt Switch\n|\n|upkeep\n|\n|t:|1700190081\n|switch|p2a: Crawdaunt|Crawdaunt, F|100\/100\n|turn|5\n|\n|t:|1700190088\n|switch|p1a: Toxapex|Toxapex, F|100\/100\n|move|p2a: Crawdaunt|Crabhammer|p1a: Toxapex\n|-resisted|p1a: Toxapex\n|-crit|p1a: Toxapex\n|-damage|p1a: Toxapex|58\/100\n|-damage|p2a: Crawdaunt|91\/100|[from] item: Life Orb\n|\n|-heal|p1a: Toxapex|64\/100|[from] item: Leftovers\n|upkeep\n|turn|6\n|\n|t:|1700190093\n|move|p2a: Crawdaunt|Knock Off|p1a: Toxapex\n|-damage|p1a: Toxapex|7\/100\n|-enditem|p1a: Toxapex|Leftovers|[from] move: Knock Off|[of] p2a: Crawdaunt\n|-damage|p2a: Crawdaunt|81\/100|[from] item: Life Orb\n|move|p1a: Toxapex|Toxic|p2a: Crawdaunt\n|-status|p2a: Crawdaunt|tox\n|\n|-damage|p2a: Crawdaunt|75\/100 tox|[from] psn\n|upkeep\n|turn|7\n|\n|t:|1700190101\n|move|p2a: Crawdaunt|Aqua Jet|p1a: Toxapex\n|-resisted|p1a: Toxapex\n|-crit|p1a: Toxapex\n|-damage|p1a: Toxapex|0 fnt\n|faint|p1a: Toxapex\n|-damage|p2a: Crawdaunt|65\/100 tox|[from] item: Life Orb\n|\n|-damage|p2a: Crawdaunt|53\/100 tox|[from] psn\n|upkeep\n|\n|t:|1700190107\n|switch|p1a: Rillaboom|Rillaboom, M|100\/100\n|-fieldstart|move: Grassy Terrain|[from] ability: Grassy Surge|[of] p1a: Rillaboom\n|turn|8\n|\n|t:|1700190117\n|switch|p2a: Dragonite|Dragonite, F|100\/100\n|move|p1a: Rillaboom|Knock Off|p2a: Dragonite\n|-damage|p2a: Dragonite|84\/100\n|-enditem|p2a: Dragonite|Silk Scarf|[from] move: Knock Off|[of] p1a: Rillaboom\n|\n|upkeep\n|turn|9\n|\n|t:|1700190123\n|move|p1a: Rillaboom|U-turn|p2a: Dragonite\n|-resisted|p2a: Dragonite\n|-damage|p2a: Dragonite|71\/100\n|\n|t:|1700190126\n|switch|p1a: Zapdos|Zapdos|100\/100|[from] U-turn\n|move|p2a: Dragonite|Dragon Dance|p2a: Dragonite\n|-boost|p2a: Dragonite|atk|1\n|-boost|p2a: Dragonite|spe|1\n|\n|upkeep\n|turn|10\n|\n|t:|1700190131\n|move|p2a: Dragonite|Dragon Dance|p2a: Dragonite\n|-boost|p2a: Dragonite|atk|1\n|-boost|p2a: Dragonite|spe|1\n|move|p1a: Zapdos|Hidden Power|p2a: Dragonite\n|-supereffective|p2a: Dragonite\n|-damage|p2a: Dragonite|3\/100\n|\n|upkeep\n|turn|11\n|\n|t:|1700190136\n|move|p2a: Dragonite|Extreme Speed|p1a: Zapdos\n|-damage|p1a: Zapdos|45\/100\n|-status|p2a: Dragonite|par|[from] ability: Static|[of] p1a: Zapdos\n|move|p1a: Zapdos|Volt Switch|p2a: Dragonite\n|-damage|p2a: Dragonite|0 fnt\n|faint|p2a: Dragonite\n|\n|t:|1700190139\n|switch|p1a: Sneasler|Sneasler, M|100\/100|[from] Volt Switch\n|-enditem|p1a: Sneasler|Grassy Seed\n|-boost|p1a: Sneasler|def|1|[from] item: Grassy Seed\n|\n|upkeep\n|\n|t:|1700190162\n|switch|p2a: Volcarona|Volcarona, F|100\/100\n|turn|12\n|\n|t:|1700190172\n|move|p1a: Sneasler|Acrobatics|p2a: Volcarona\n|-supereffective|p2a: Volcarona\n|-damage|p2a: Volcarona|0 fnt\n|faint|p2a: Volcarona\n|\n|-fieldend|move: Grassy Terrain\n|upkeep\n|\n|t:|1700190180\n|switch|p2a: Crawdaunt|Crawdaunt, F|53\/100 tox\n|turn|13\n|\n|t:|1700190205\n|move|p2a: Crawdaunt|Aqua Jet|p1a: Sneasler\n|-damage|p1a: Sneasler|63\/100\n|-damage|p2a: Crawdaunt|44\/100 tox|[from] item: Life Orb\n|move|p1a: Sneasler|Close Combat|p2a: Crawdaunt\n|-supereffective|p2a: Crawdaunt\n|-damage|p2a: Crawdaunt|0 fnt\n|-unboost|p1a: Sneasler|def|1\n|-unboost|p1a: Sneasler|spd|1\n|faint|p2a: Crawdaunt\n|\n|upkeep\n|\n|t:|1700190211\n|switch|p2a: Thundurus|Thundurus, M|100\/100\n|turn|14\n|\n|t:|1700190218\n|move|p2a: Thundurus|Thunder Wave|p1a: Sneasler\n|-status|p1a: Sneasler|par\n|cant|p1a: Sneasler|par\n|\n|upkeep\n|turn|15\n|\n|t:|1700190223\n|move|p1a: Sneasler|Dire Claw|p2a: Thundurus\n|-damage|p2a: Thundurus|32\/100\n|move|p2a: Thundurus|Thunder|p1a: Sneasler|[miss]\n|-miss|p2a: Thundurus|p1a: Sneasler\n|\n|upkeep\n|turn|16\n|\n|t:|1700190230\n|move|p1a: Sneasler|Dire Claw|p2a: Thundurus\n|-damage|p2a: Thundurus|0 fnt\n|faint|p2a: Thundurus\n|\n|upkeep\n|\n|t:|1700190232\n|switch|p2a: Charizard|Charizard, M|100\/100\n|turn|17\n|\n|t:|1700190253\n|detailschange|p2a: Charizard|Charizard-Mega-Y, M\n|-mega|p2a: Charizard|Charizard|Charizardite Y\n|-weather|SunnyDay|[from] ability: Drought|[of] p2a: Charizard\n|move|p1a: Sneasler|Dire Claw|p2a: Charizard\n|-damage|p2a: Charizard|41\/100\n|-status|p2a: Charizard|psn\n|move|p2a: Charizard|Hurricane|p1a: Sneasler\n|-supereffective|p1a: Sneasler\n|-damage|p1a: Sneasler|0 fnt\n|faint|p1a: Sneasler\n|\n|-weather|SunnyDay|[upkeep]\n|-damage|p2a: Charizard|29\/100 psn|[from] psn\n|upkeep\n|\n|t:|1700190263\n|switch|p1a: Camerupt|Camerupt, F|100\/100\n|turn|18\n|\n|t:|1700190266\n|detailschange|p1a: Camerupt|Camerupt-Mega, F\n|-mega|p1a: Camerupt|Camerupt|Cameruptite\n|move|p2a: Charizard|Hurricane|p1a: Camerupt\n|-crit|p1a: Camerupt\n|-damage|p1a: Camerupt|12\/100\n|-start|p1a: Camerupt|confusion\n|-activate|p1a: Camerupt|confusion\n|-damage|p1a: Camerupt|0 fnt|[from] confusion\n|faint|p1a: Camerupt\n|\n|-weather|SunnyDay|[upkeep]\n|-damage|p2a: Charizard|16\/100 psn|[from] psn\n|upkeep\n|\n|t:|1700190278\n|switch|p1a: Aegislash|Aegislash, M|100\/100\n|turn|19\n|\n|t:|1700190280\n|-formechange|p1a: Aegislash|Aegislash-Blade||[from] ability: Stance Change\n|move|p1a: Aegislash|Shadow Sneak|p2a: Charizard\n|-damage|p2a: Charizard|0 fnt\n|faint|p2a: Charizard\n|\n|win|HanFong\n|raw|HanFong's rating: 1460 &rarr; <strong>1473<\/strong><br \/>(+13 for winning)\n|raw|vinhfancharizard's rating: 1334 &rarr; <strong>1321<\/strong><br \/>(-13 for losing)\n","uploadtime":1700190287,"views":8,"p1id":"hanfong","p2id":"vinhfancharizard","formatid":"gen9nationaldex","rating":1321,"private":0,"password":""}