{"id":"gen9nationaldex-1995805690","p1":"5quephy","p2":"Maeby Mitenaut","format":"[Gen 9] National Dex","log":"|html|<div class=\"broadcast-blue\"><strong>[Gen 9] National Dex is currently suspecting Sneasler! For information on how to participate check out the <a href=\"https:\/\/www.smogon.com\/forums\/threads\/sv-national-dex-suspect-8-just-dance.3731534\/\">suspect thread<\/a>.<\/strong><\/div>\n|j|\u26065quephy\n|j|\u2606Maeby Mitenaut\n|t:|1700604912\n|gametype|singles\n|player|p1|5quephy|170|\n|player|p2|Maeby Mitenaut|dahlia|\n|teamsize|p1|6\n|teamsize|p2|6\n|gen|9\n|tier|[Gen 9] National Dex\n|rule|HP Percentage Mod: HP is shown in percentages\n|rule|Endless Battle Clause: Forcing endless battles is banned\n|rule|OHKO Clause: OHKO moves are banned\n|rule|Evasion Clause: Evasion abilities, items, and moves are banned\n|rule|Evasion Abilities Clause: Evasion abilities are banned\n|rule|Evasion Items Clause: Evasion items are banned\n|rule|Evasion Moves Clause: Evasion moves are banned\n|rule|Species Clause: Limit one of each Pok\u00e9mon\n|rule|Sleep Clause Mod: Limit one foe put to sleep\n|clearpoke\n|poke|p1|Lurantis, F|\n|poke|p1|Diancie|\n|poke|p1|Greninja-*, M|\n|poke|p1|Kommo-o, M|\n|poke|p1|Volcarona, F|\n|poke|p1|Sandaconda, M|\n|poke|p2|Raichu-Alola, M|\n|poke|p2|Clodsire, F|\n|poke|p2|Tapu Koko|\n|poke|p2|Arctozolt|\n|poke|p2|Iron Hands|\n|poke|p2|Ninetales-Alola, M|\n|teampreview\n|j| Dark Umbreon 08\n|l| Dark Umbreon 08\n|c|\u26065quephy|That last team my dad help make it now you can see my team\n|\n|t:|1700604940\n|start\n|switch|p1a: Sandaconda|Sandaconda, M, shiny|100\/100\n|switch|p2a: 9er|Ninetales-Alola, M, shiny|100\/100\n|-weather|Snow|[from] ability: Snow Warning|[of] p2a: 9er\n|turn|1\n|c|\u2606Maeby Mitenaut|thats tight that you and your pa team build\n|\n|t:|1700604955\n|move|p2a: 9er|Aurora Veil|p2a: 9er\n|-sidestart|p2: Maeby Mitenaut|move: Aurora Veil\n|move|p1a: Sandaconda|Coil|p1a: Sandaconda\n|-boost|p1a: Sandaconda|atk|1\n|-boost|p1a: Sandaconda|def|1\n|-boost|p1a: Sandaconda|accuracy|1\n|\n|-weather|Snow|[upkeep]\n|upkeep\n|turn|2\n|c|\u26065quephy|Yeah\n|c|\u26065quephy|His fav pokemon is swoobat so thats why its their\n|\n|t:|1700604985\n|switch|p2a: Muddy Buddy|Clodsire, F|100\/100\n|move|p1a: Sandaconda|Coil|p1a: Sandaconda\n|-boost|p1a: Sandaconda|atk|1\n|-boost|p1a: Sandaconda|def|1\n|-boost|p1a: Sandaconda|accuracy|1\n|\n|-weather|Snow|[upkeep]\n|upkeep\n|turn|3\n|c|\u2606Maeby Mitenaut|hahah hell yeah - my favs are clodsire and raichu\n|\n|t:|1700605019\n|move|p1a: Sandaconda|Scale Shot|p2a: Muddy Buddy\n|-damage|p2a: Muddy Buddy|96\/100\n|-damage|p2a: Muddy Buddy|92\/100\n|-damage|p2a: Muddy Buddy|88\/100\n|-damage|p2a: Muddy Buddy|84\/100\n|-damage|p2a: Muddy Buddy|80\/100\n|-hitcount|p2a: Muddy Buddy|5\n|-unboost|p1a: Sandaconda|def|1\n|-boost|p1a: Sandaconda|spe|1\n|move|p2a: Muddy Buddy|Toxic|p1a: Sandaconda\n|-status|p1a: Sandaconda|tox\n|\n|-weather|Snow|[upkeep]\n|-activate|p1a: Sandaconda|ability: Shed Skin\n|-curestatus|p1a: Sandaconda|tox|[msg]\n|-heal|p2a: Muddy Buddy|86\/100|[from] item: Leftovers\n|upkeep\n|turn|4\n|c|\u26065quephy|Cool\n|\n|t:|1700605041\n|move|p1a: Sandaconda|Earthquake|p2a: Muddy Buddy\n|-supereffective|p2a: Muddy Buddy\n|-damage|p2a: Muddy Buddy|38\/100\n|move|p2a: Muddy Buddy|Stockpile|p2a: Muddy Buddy\n|-start|p2a: Muddy Buddy|stockpile1\n|-boost|p2a: Muddy Buddy|def|1\n|-boost|p2a: Muddy Buddy|spd|1\n|\n|-weather|Snow|[upkeep]\n|-heal|p2a: Muddy Buddy|44\/100|[from] item: Leftovers\n|upkeep\n|turn|5\n|\n|t:|1700605050\n|-terastallize|p2a: Muddy Buddy|Flying\n|move|p1a: Sandaconda|Earthquake|p2a: Muddy Buddy\n|-immune|p2a: Muddy Buddy\n|move|p2a: Muddy Buddy|Recover|p2a: Muddy Buddy\n|-heal|p2a: Muddy Buddy|94\/100\n|\n|-weather|Snow|[upkeep]\n|-heal|p2a: Muddy Buddy|100\/100|[from] item: Leftovers\n|-sideend|p2: Maeby Mitenaut|move: Aurora Veil\n|upkeep\n|turn|6\n|c|\u26065quephy|My fav is diancie\n|c|\u26065quephy|Nice tera\n|\n|t:|1700605069\n|move|p1a: Sandaconda|Rock Blast|p2a: Muddy Buddy|[miss]\n|-miss|p1a: Sandaconda|p2a: Muddy Buddy\n|move|p2a: Muddy Buddy|Stockpile|p2a: Muddy Buddy\n|-start|p2a: Muddy Buddy|stockpile2\n|-boost|p2a: Muddy Buddy|def|1\n|-boost|p2a: Muddy Buddy|spd|1\n|\n|-weather|Snow|[upkeep]\n|upkeep\n|turn|7\n|c|\u2606Maeby Mitenaut|Diancie one of the prettiest pokemon imo\n|\n|t:|1700605090\n|move|p1a: Sandaconda|Rock Blast|p2a: Muddy Buddy\n|-supereffective|p2a: Muddy Buddy\n|-damage|p2a: Muddy Buddy|93\/100\n|-supereffective|p2a: Muddy Buddy\n|-damage|p2a: Muddy Buddy|84\/100\n|-supereffective|p2a: Muddy Buddy\n|-crit|p2a: Muddy Buddy\n|-damage|p2a: Muddy Buddy|60\/100\n|-supereffective|p2a: Muddy Buddy\n|-damage|p2a: Muddy Buddy|50\/100\n|-hitcount|p2a: Muddy Buddy|4\n|move|p2a: Muddy Buddy|Stockpile|p2a: Muddy Buddy\n|-start|p2a: Muddy Buddy|stockpile3\n|-boost|p2a: Muddy Buddy|def|1\n|-boost|p2a: Muddy Buddy|spd|1\n|\n|-weather|Snow|[upkeep]\n|-heal|p2a: Muddy Buddy|57\/100|[from] item: Leftovers\n|upkeep\n|turn|8\n|c|\u26065quephy|150% accuracy missed ?\n|c|\u2606Maeby Mitenaut|My clodsire is unware ability - so all stat changes arent really there against him\n|c|\u2606Maeby Mitenaut|hes such a lil troll\n|\n|t:|1700605135\n|move|p1a: Sandaconda|Coil|p1a: Sandaconda\n|-boost|p1a: Sandaconda|atk|1\n|-boost|p1a: Sandaconda|def|1\n|-boost|p1a: Sandaconda|accuracy|1\n|move|p2a: Muddy Buddy|Toxic|p1a: Sandaconda\n|-status|p1a: Sandaconda|tox\n|\n|-weather|none\n|-heal|p2a: Muddy Buddy|63\/100|[from] item: Leftovers\n|-damage|p1a: Sandaconda|95\/100 tox|[from] psn\n|upkeep\n|turn|9\n|c|\u26065quephy|Oh\n|\n|t:|1700605151\n|move|p1a: Sandaconda|Rock Blast|p2a: Muddy Buddy\n|-supereffective|p2a: Muddy Buddy\n|-damage|p2a: Muddy Buddy|56\/100\n|-supereffective|p2a: Muddy Buddy\n|-damage|p2a: Muddy Buddy|49\/100\n|-supereffective|p2a: Muddy Buddy\n|-damage|p2a: Muddy Buddy|41\/100\n|-supereffective|p2a: Muddy Buddy\n|-damage|p2a: Muddy Buddy|35\/100\n|-supereffective|p2a: Muddy Buddy\n|-damage|p2a: Muddy Buddy|28\/100\n|-hitcount|p2a: Muddy Buddy|5\n|move|p2a: Muddy Buddy|Recover|p2a: Muddy Buddy\n|-heal|p2a: Muddy Buddy|78\/100\n|\n|-heal|p2a: Muddy Buddy|84\/100|[from] item: Leftovers\n|-damage|p1a: Sandaconda|83\/100 tox|[from] psn\n|upkeep\n|turn|10\n|c|\u2606Maeby Mitenaut|really wrecks a dragon dance \/ shell smash team a lot of ppl were running on S\/V when i first played\n|c|\u26065quephy|Yeah\n|\n|t:|1700605188\n|move|p1a: Sandaconda|Rock Blast|p2a: Muddy Buddy\n|-supereffective|p2a: Muddy Buddy\n|-damage|p2a: Muddy Buddy|77\/100\n|-supereffective|p2a: Muddy Buddy\n|-damage|p2a: Muddy Buddy|71\/100\n|-supereffective|p2a: Muddy Buddy\n|-damage|p2a: Muddy Buddy|63\/100\n|-supereffective|p2a: Muddy Buddy\n|-damage|p2a: Muddy Buddy|57\/100\n|-hitcount|p2a: Muddy Buddy|4\n|move|p2a: Muddy Buddy|Body Press|p1a: Sandaconda\n|-damage|p1a: Sandaconda|60\/100 tox\n|\n|-heal|p2a: Muddy Buddy|63\/100|[from] item: Leftovers\n|-damage|p1a: Sandaconda|42\/100 tox|[from] psn\n|upkeep\n|turn|11\n|c|\u2606Maeby Mitenaut|then i use body slam, which uses clods def stats rather than attack stats as its attack...hes my go-to\n|c|\u26065quephy|Yeah he is unstoppable\n|\n|t:|1700605215\n|move|p1a: Sandaconda|Scale Shot|p2a: Muddy Buddy\n|-damage|p2a: Muddy Buddy|59\/100\n|-damage|p2a: Muddy Buddy|55\/100\n|-damage|p2a: Muddy Buddy|52\/100\n|-damage|p2a: Muddy Buddy|49\/100\n|-damage|p2a: Muddy Buddy|45\/100\n|-hitcount|p2a: Muddy Buddy|5\n|-unboost|p1a: Sandaconda|def|1\n|-boost|p1a: Sandaconda|spe|1\n|move|p2a: Muddy Buddy|Recover|p2a: Muddy Buddy\n|-heal|p2a: Muddy Buddy|95\/100\n|\n|-activate|p1a: Sandaconda|ability: Shed Skin\n|-curestatus|p1a: Sandaconda|tox|[msg]\n|-heal|p2a: Muddy Buddy|100\/100|[from] item: Leftovers\n|upkeep\n|turn|12\n|c|\u26065quephy|Stop healing\n|c|\u2606Maeby Mitenaut|well...his weakness now, is getting tox\/paraly\/frozen\n|\n|t:|1700605241\n|move|p1a: Sandaconda|Rock Blast|p2a: Muddy Buddy\n|-supereffective|p2a: Muddy Buddy\n|-damage|p2a: Muddy Buddy|94\/100\n|-supereffective|p2a: Muddy Buddy\n|-damage|p2a: Muddy Buddy|86\/100\n|-supereffective|p2a: Muddy Buddy\n|-damage|p2a: Muddy Buddy|79\/100\n|-supereffective|p2a: Muddy Buddy\n|-damage|p2a: Muddy Buddy|72\/100\n|-hitcount|p2a: Muddy Buddy|4\n|move|p2a: Muddy Buddy|Body Press|p1a: Sandaconda\n|-damage|p1a: Sandaconda|19\/100\n|\n|-heal|p2a: Muddy Buddy|78\/100|[from] item: Leftovers\n|upkeep\n|turn|13\n|c|\u26065quephy|I got none of that\n|c|\u2606Maeby Mitenaut|i gotta use what i got baby lol youre team is stackedd\n|\n|t:|1700605256\n|move|p1a: Sandaconda|Rock Blast|p2a: Muddy Buddy\n|-supereffective|p2a: Muddy Buddy\n|-damage|p2a: Muddy Buddy|71\/100\n|-supereffective|p2a: Muddy Buddy\n|-damage|p2a: Muddy Buddy|64\/100\n|-supereffective|p2a: Muddy Buddy\n|-damage|p2a: Muddy Buddy|57\/100\n|-supereffective|p2a: Muddy Buddy\n|-damage|p2a: Muddy Buddy|50\/100\n|-supereffective|p2a: Muddy Buddy\n|-damage|p2a: Muddy Buddy|43\/100\n|-hitcount|p2a: Muddy Buddy|5\n|move|p2a: Muddy Buddy|Body Press|p1a: Sandaconda\n|-damage|p1a: Sandaconda|0 fnt\n|faint|p1a: Sandaconda\n|\n|-heal|p2a: Muddy Buddy|49\/100|[from] item: Leftovers\n|upkeep\n|c|\u2606Maeby Mitenaut|that shed skin is ruining me lol\n|\n|t:|1700605269\n|switch|p1a: Kommo-o|Kommo-o, M|100\/100\n|turn|14\n|\n|t:|1700605275\n|-zpower|p1a: Kommo-o\n|move|p1a: Kommo-o|Clangorous Soulblaze|p2a: Muddy Buddy|[zeffect]\n|-damage|p2a: Muddy Buddy|36\/100\n|-boost|p1a: Kommo-o|atk|1\n|-boost|p1a: Kommo-o|def|1\n|-boost|p1a: Kommo-o|spa|1\n|-boost|p1a: Kommo-o|spd|1\n|-boost|p1a: Kommo-o|spe|1\n|move|p2a: Muddy Buddy|Toxic|p1a: Kommo-o\n|-status|p1a: Kommo-o|tox\n|\n|-heal|p2a: Muddy Buddy|42\/100|[from] item: Leftovers\n|-damage|p1a: Kommo-o|94\/100 tox|[from] psn\n|upkeep\n|turn|15\n|c|\u26065quephy|Thus should kill\n|c|\u26065quephy|Well damn\n|c|\u2606Maeby Mitenaut|my muddy buddy knows nothing, he's on the spectrum\n|c|\u2606Maeby Mitenaut|hes my boi\n|c|\u26065quephy|Fr\n|\n|t:|1700605315\n|move|p1a: Kommo-o|Thunder Punch|p2a: Muddy Buddy\n|-supereffective|p2a: Muddy Buddy\n|-damage|p2a: Muddy Buddy|20\/100\n|move|p2a: Muddy Buddy|Recover|p2a: Muddy Buddy\n|-heal|p2a: Muddy Buddy|70\/100\n|\n|-heal|p2a: Muddy Buddy|77\/100|[from] item: Leftovers\n|-damage|p1a: Kommo-o|82\/100 tox|[from] psn\n|upkeep\n|turn|16\n|c|\u2606Maeby Mitenaut|lmao\n|c|\u2606Maeby Mitenaut|AYO\n|\n|t:|1700605328\n|move|p1a: Kommo-o|Clangorous Soul|p1a: Kommo-o\n|-boost|p1a: Kommo-o|atk|1\n|-boost|p1a: Kommo-o|def|1\n|-boost|p1a: Kommo-o|spa|1\n|-boost|p1a: Kommo-o|spd|1\n|-boost|p1a: Kommo-o|spe|1\n|-damage|p1a: Kommo-o|49\/100 tox\n|move|p2a: Muddy Buddy|Body Press|p1a: Kommo-o\n|-damage|p1a: Kommo-o|19\/100 tox\n|\n|-heal|p2a: Muddy Buddy|83\/100|[from] item: Leftovers\n|-damage|p1a: Kommo-o|0 fnt|[from] psn\n|faint|p1a: Kommo-o\n|upkeep\n|c|\u26065quephy|What\n|\n|t:|1700605341\n|switch|p1a: Lurantis|Lurantis, F, shiny|100\/100\n|turn|17\n|c|\u2606Maeby Mitenaut|shouldve thunder'd again prob wouldve nuke'd my guy\n|\n|t:|1700605352\n|move|p1a: Lurantis|Knock Off|p2a: Muddy Buddy\n|-damage|p2a: Muddy Buddy|71\/100\n|-enditem|p2a: Muddy Buddy|Leftovers|[from] move: Knock Off|[of] p1a: Lurantis\n|move|p2a: Muddy Buddy|Toxic|p1a: Lurantis\n|-status|p1a: Lurantis|tox\n|\n|-damage|p1a: Lurantis|94\/100 tox|[from] psn\n|upkeep\n|turn|18\n|c|\u26065quephy|Yeah\n|\n|t:|1700605372\n|move|p1a: Lurantis|Psycho Cut|p2a: Muddy Buddy\n|-damage|p2a: Muddy Buddy|63\/100\n|move|p2a: Muddy Buddy|Body Press|p1a: Lurantis\n|-damage|p1a: Lurantis|47\/100 tox\n|\n|-damage|p1a: Lurantis|35\/100 tox|[from] psn\n|upkeep\n|turn|19\n|\n|t:|1700605379\n|move|p1a: Lurantis|Superpower|p2a: Muddy Buddy\n|-resisted|p2a: Muddy Buddy\n|-damage|p2a: Muddy Buddy|56\/100\n|-boost|p1a: Lurantis|atk|1\n|-boost|p1a: Lurantis|def|1\n|move|p2a: Muddy Buddy|Body Press|p1a: Lurantis\n|-crit|p1a: Lurantis\n|-damage|p1a: Lurantis|0 fnt\n|faint|p1a: Lurantis\n|\n|upkeep\n|\n|t:|1700605387\n|switch|p1a: Greninja|Greninja, M|100\/100\n|turn|20\n|c|\u2606Maeby Mitenaut|another one of my favs, greninja is cool as hell\n|c|\u26065quephy|Ur mud boy cant die\n|c|\u26065quephy|He is cool\n|c|\u2606Maeby Mitenaut|hahah he is a wild one when stockpiled\n|c|\u26065quephy|Fr\n|\n|t:|1700605428\n|move|p1a: Greninja|Ice Beam|p2a: Muddy Buddy\n|-supereffective|p2a: Muddy Buddy\n|-damage|p2a: Muddy Buddy|43\/100\n|move|p2a: Muddy Buddy|Toxic|p1a: Greninja\n|-status|p1a: Greninja|tox\n|\n|-damage|p1a: Greninja|95\/100 tox|[from] psn\n|upkeep\n|turn|21\n|\n|t:|1700605435\n|move|p1a: Greninja|Ice Beam|p2a: Muddy Buddy\n|-supereffective|p2a: Muddy Buddy\n|-damage|p2a: Muddy Buddy|31\/100\n|move|p2a: Muddy Buddy|Recover|p2a: Muddy Buddy\n|-heal|p2a: Muddy Buddy|81\/100\n|\n|-damage|p1a: Greninja|83\/100 tox|[from] psn\n|upkeep\n|turn|22\n|c|\u26065quephy|Dont heal\n|\n|t:|1700605444\n|move|p1a: Greninja|Extrasensory|p2a: Muddy Buddy\n|-damage|p2a: Muddy Buddy|75\/100\n|move|p2a: Muddy Buddy|Body Press|p1a: Greninja\n|-supereffective|p1a: Greninja\n|-damage|p1a: Greninja|0 fnt\n|faint|p1a: Greninja\n|\n|upkeep\n|\n|t:|1700605446\n|switch|p1a: Diancie|Diancie, shiny|100\/100\n|turn|23\n|c|\u2606Maeby Mitenaut|finee thatll b my last\n|\n|t:|1700605454\n|detailschange|p1a: Diancie|Diancie-Mega, shiny\n|-mega|p1a: Diancie|Diancie|Diancite\n|move|p1a: Diancie|Diamond Storm|p2a: Muddy Buddy\n|-supereffective|p2a: Muddy Buddy\n|-damage|p2a: Muddy Buddy|24\/100\n|-boost|p1a: Diancie|def|2\n|move|p2a: Muddy Buddy|Body Press|p1a: Diancie\n|-damage|p1a: Diancie|65\/100\n|\n|upkeep\n|turn|24\n|\n|t:|1700605462\n|move|p1a: Diancie|Diamond Storm|p2a: Muddy Buddy\n|-supereffective|p2a: Muddy Buddy\n|-damage|p2a: Muddy Buddy|0 fnt\n|faint|p2a: Muddy Buddy\n|\n|upkeep\n|c|\u26065quephy|This is it\n|\n|t:|1700605473\n|switch|p2a: Bluck Buck|Tapu Koko, shiny|100\/100\n|-fieldstart|move: Electric Terrain|[from] ability: Electric Surge|[of] p2a: Bluck Buck\n|turn|25\n|c|\u26065quephy|Diance counter sweep\n|\n|t:|1700605486\n|move|p2a: Bluck Buck|Thunder Wave|p1a: Diancie\n|move|p1a: Diancie|Thunder Wave|p2a: Bluck Buck|[from]ability: Magic Bounce\n|-immune|p2a: Bluck Buck\n|move|p1a: Diancie|Diamond Storm|p2a: Bluck Buck\n|-damage|p2a: Bluck Buck|38\/100\n|-boost|p1a: Diancie|def|2\n|\n|upkeep\n|turn|26\n|\n|t:|1700605499\n|move|p2a: Bluck Buck|Iron Head|p1a: Diancie\n|-supereffective|p1a: Diancie\n|-damage|p1a: Diancie|33\/100\n|move|p1a: Diancie|Diamond Storm|p2a: Bluck Buck\n|-damage|p2a: Bluck Buck|0 fnt\n|faint|p2a: Bluck Buck\n|\n|upkeep\n|\n|t:|1700605505\n|switch|p2a: 9er|Ninetales-Alola, M, shiny|100\/100\n|-weather|Snow|[from] ability: Snow Warning|[of] p2a: 9er\n|turn|27\n|\n|t:|1700605510\n|move|p2a: 9er|Blizzard|p1a: Diancie\n|-damage|p1a: Diancie|0 fnt\n|faint|p1a: Diancie\n|\n|-weather|Snow|[upkeep]\n|upkeep\n|\n|t:|1700605513\n|switch|p1a: Volcarona|Volcarona, F|100\/100\n|turn|28\n|c|\u2606Maeby Mitenaut|my bbz are fast\n|\n|t:|1700605521\n|move|p2a: 9er|Aurora Veil|p2a: 9er\n|-sidestart|p2: Maeby Mitenaut|move: Aurora Veil\n|move|p1a: Volcarona|Fiery Dance|p2a: 9er\n|-supereffective|p2a: 9er\n|-damage|p2a: 9er|56\/100\n|\n|-weather|Snow|[upkeep]\n|upkeep\n|turn|29\n|c|\u26065quephy|Yeah yhey are\n|\n|t:|1700605528\n|switch|p2a: Gritty|Arctozolt, shiny|100\/100\n|move|p1a: Volcarona|Quiver Dance|p1a: Volcarona\n|-boost|p1a: Volcarona|spa|1\n|-boost|p1a: Volcarona|spd|1\n|-boost|p1a: Volcarona|spe|1\n|\n|-weather|Snow|[upkeep]\n|upkeep\n|turn|30\n|\n|t:|1700605544\n|move|p1a: Volcarona|Fiery Dance|p2a: Gritty\n|-supereffective|p2a: Gritty\n|-damage|p2a: Gritty|20\/100\n|-enditem|p2a: Gritty|Aguav Berry|[eat]\n|-heal|p2a: Gritty|53\/100|[from] item: Aguav Berry\n|move|p2a: Gritty|Bolt Beak|p1a: Volcarona\n|-damage|p1a: Volcarona|27\/100\n|\n|-weather|Snow|[upkeep]\n|upkeep\n|turn|31\n|c|\u26065quephy|I now tera ice\n|\n|t:|1700605558\n|move|p1a: Volcarona|Fiery Dance|p2a: Gritty\n|-supereffective|p2a: Gritty\n|-damage|p2a: Gritty|0 fnt\n|faint|p2a: Gritty\n|\n|-weather|Snow|[upkeep]\n|upkeep\n|\n|t:|1700605568\n|switch|p2a: Big Pap\u00ed|Iron Hands|100\/100\n|-activate|p2a: Big Pap\u00ed|ability: Quark Drive\n|-start|p2a: Big Pap\u00ed|quarkdriveatk\n|turn|32\n|\n|t:|1700605575\n|move|p1a: Volcarona|Giga Drain|p2a: Big Pap\u00ed\n|-damage|p2a: Big Pap\u00ed|88\/100\n|-heal|p1a: Volcarona|38\/100|[from] drain|[of] p2a: Big Pap\u00ed\n|move|p2a: Big Pap\u00ed|Earthquake|p1a: Volcarona\n|-damage|p1a: Volcarona|0 fnt\n|faint|p1a: Volcarona\n|\n|win|Maeby Mitenaut\n|l|\u26065quephy\n|c|\u2606Maeby Mitenaut|gg!\n","uploadtime":1700605590,"views":2,"p1id":"5quephy","p2id":"maebymitenaut","formatid":"gen9nationaldex","rating":0,"private":0,"password":""}