{"id":"gen9nationaldex-1995549067","p1":"Monterraverde","p2":"caswra","format":"[Gen 9] National Dex","log":"|html|<div class=\"broadcast-blue\"><strong>[Gen 9] National Dex is currently suspecting Sneasler! For information on how to participate check out the <a href=\"https:\/\/www.smogon.com\/forums\/threads\/sv-national-dex-suspect-8-just-dance.3731534\/\">suspect thread<\/a>.<\/strong><\/div>\n|j|\u2606Monterraverde\n|j|\u2606caswra\n|t:|1700581930\n|gametype|singles\n|player|p1|Monterraverde|rika|\n|player|p2|caswra|red|\n|teamsize|p1|6\n|teamsize|p2|6\n|gen|9\n|tier|[Gen 9] National Dex\n|rule|HP Percentage Mod: HP is shown in percentages\n|rule|Endless Battle Clause: Forcing endless battles is banned\n|rule|OHKO Clause: OHKO moves are banned\n|rule|Evasion Clause: Evasion abilities, items, and moves are banned\n|rule|Evasion Abilities Clause: Evasion abilities are banned\n|rule|Evasion Items Clause: Evasion items are banned\n|rule|Evasion Moves Clause: Evasion moves are banned\n|rule|Species Clause: Limit one of each Pok\u00e9mon\n|rule|Sleep Clause Mod: Limit one foe put to sleep\n|clearpoke\n|poke|p1|Garchomp, M|\n|poke|p1|Tyranitar, M|\n|poke|p1|Clodsire, M|\n|poke|p1|Excadrill, M|\n|poke|p1|Great Tusk|\n|poke|p1|Gliscor, M|\n|poke|p2|Venusaur, F|\n|poke|p2|Pikachu, M|\n|poke|p2|Blastoise, M|\n|poke|p2|Snorlax, M|\n|poke|p2|Lapras, F|\n|poke|p2|Charizard, M|\n|teampreview\n|\n|t:|1700581943\n|start\n|switch|p1a: Gremlin|Gliscor, M|100\/100\n|switch|p2a: Lightning|Pikachu, M|100\/100\n|turn|1\n|\n|t:|1700581963\n|move|p2a: Lightning|Surf|p1a: Gremlin\n|-supereffective|p1a: Gremlin\n|-damage|p1a: Gremlin|39\/100\n|move|p1a: Gremlin|Tailwind|p1a: Gremlin\n|-sidestart|p1: Monterraverde|move: Tailwind\n|\n|-status|p1a: Gremlin|tox|[from] item: Toxic Orb\n|upkeep\n|turn|2\n|\n|t:|1700581974\n|move|p1a: Gremlin|Roost|p1a: Gremlin\n|-heal|p1a: Gremlin|89\/100 tox\n|-singleturn|p1a: Gremlin|move: Roost\n|move|p2a: Lightning|Rain Dance|p2a: Lightning\n|-weather|RainDance\n|\n|-weather|RainDance|[upkeep]\n|-heal|p1a: Gremlin|100\/100 tox|[from] ability: Poison Heal\n|upkeep\n|turn|3\n|\n|t:|1700581982\n|move|p1a: Gremlin|Earthquake|p2a: Lightning\n|-supereffective|p2a: Lightning\n|-damage|p2a: Lightning|0 fnt\n|faint|p2a: Lightning\n|\n|-weather|RainDance|[upkeep]\n|upkeep\n|\n|t:|1700581997\n|switch|p2a: Shades|Blastoise, M|100\/100\n|turn|4\n|\n|t:|1700582014\n|switch|p1a: Bappy|Clodsire, M|100\/100\n|move|p2a: Shades|Surf|p1a: Bappy\n|-immune|p1a: Bappy|[from] ability: Water Absorb\n|\n|-weather|RainDance|[upkeep]\n|-sideend|p1: Monterraverde|move: Tailwind\n|upkeep\n|turn|5\n|\n|t:|1700582021\n|move|p2a: Shades|Aura Sphere|p1a: Bappy\n|-resisted|p1a: Bappy\n|-damage|p1a: Bappy|92\/100\n|move|p1a: Bappy|Toxic Spikes|p2a: Shades\n|-sidestart|p2: caswra|move: Toxic Spikes\n|\n|-weather|RainDance|[upkeep]\n|-heal|p1a: Bappy|98\/100|[from] item: Black Sludge\n|upkeep\n|turn|6\n|\n|t:|1700582031\n|move|p2a: Shades|Dark Pulse|p1a: Bappy\n|-damage|p1a: Bappy|82\/100\n|move|p1a: Bappy|Toxic Spikes|p2a: Shades\n|-sidestart|p2: caswra|move: Toxic Spikes\n|\n|-weather|none\n|-heal|p1a: Bappy|88\/100|[from] item: Black Sludge\n|upkeep\n|turn|7\n|\n|t:|1700582042\n|switch|p2a: Baba|Venusaur, F|100\/100\n|-sideend|p2: caswra|move: Toxic Spikes|[of] p2a: Baba\n|move|p1a: Bappy|Trailblaze|p2a: Baba\n|-resisted|p2a: Baba\n|-damage|p2a: Baba|97\/100\n|-boost|p1a: Bappy|spe|1\n|\n|-heal|p2a: Baba|100\/100|[from] item: Black Sludge\n|-heal|p1a: Bappy|94\/100|[from] item: Black Sludge\n|upkeep\n|turn|8\n|\n|t:|1700582057\n|switch|p1a: Gremlin|Gliscor, M|100\/100 tox\n|move|p2a: Baba|Leech Seed|p1a: Gremlin\n|-start|p1a: Gremlin|move: Leech Seed\n|\n|-damage|p1a: Gremlin|88\/100 tox|[from] Leech Seed|[of] p2a: Baba\n|-heal|p1a: Gremlin|100\/100 tox|[from] ability: Poison Heal\n|upkeep\n|turn|9\n|\n|t:|1700582074\n|move|p1a: Gremlin|Ice Fang|p2a: Baba\n|-supereffective|p2a: Baba\n|-damage|p2a: Baba|64\/100\n|move|p2a: Baba|Sludge Bomb|p1a: Gremlin\n|-resisted|p1a: Gremlin\n|-damage|p1a: Gremlin|78\/100 tox\n|\n|-heal|p2a: Baba|70\/100|[from] item: Black Sludge\n|-damage|p1a: Gremlin|66\/100 tox|[from] Leech Seed|[of] p2a: Baba\n|-heal|p2a: Baba|82\/100|[silent]\n|-heal|p1a: Gremlin|78\/100 tox|[from] ability: Poison Heal\n|upkeep\n|turn|10\n|\n|t:|1700582089\n|move|p1a: Gremlin|Tailwind|p1a: Gremlin\n|-sidestart|p1: Monterraverde|move: Tailwind\n|move|p2a: Baba|Giga Drain|p1a: Gremlin\n|-damage|p1a: Gremlin|42\/100 tox\n|-heal|p2a: Baba|99\/100|[from] drain|[of] p1a: Gremlin\n|\n|-heal|p2a: Baba|100\/100|[from] item: Black Sludge\n|-damage|p1a: Gremlin|29\/100 tox|[from] Leech Seed|[of] p2a: Baba\n|-heal|p1a: Gremlin|42\/100 tox|[from] ability: Poison Heal\n|upkeep\n|turn|11\n|\n|t:|1700582099\n|move|p1a: Gremlin|Roost|p1a: Gremlin\n|-heal|p1a: Gremlin|92\/100 tox\n|-singleturn|p1a: Gremlin|move: Roost\n|move|p2a: Baba|Giga Drain|p1a: Gremlin\n|-supereffective|p1a: Gremlin\n|-damage|p1a: Gremlin|20\/100 tox\n|\n|-damage|p1a: Gremlin|8\/100 tox|[from] Leech Seed|[of] p2a: Baba\n|-heal|p1a: Gremlin|20\/100 tox|[from] ability: Poison Heal\n|upkeep\n|turn|12\n|\n|t:|1700582108\n|move|p1a: Gremlin|Ice Fang|p2a: Baba|[miss]\n|-miss|p1a: Gremlin|p2a: Baba\n|move|p2a: Baba|Giga Drain|p1a: Gremlin\n|-damage|p1a: Gremlin|0 fnt\n|faint|p1a: Gremlin\n|\n|upkeep\n|\n|t:|1700582119\n|switch|p1a: The Don|Great Tusk|100\/100\n|-enditem|p1a: The Don|Booster Energy\n|-activate|p1a: The Don|ability: Protosynthesis|[fromitem]\n|-start|p1a: The Don|protosynthesisatk\n|turn|13\n|\n|t:|1700582132\n|-terastallize|p1a: The Don|Electric\n|move|p1a: The Don|Close Combat|p2a: Baba\n|-resisted|p2a: Baba\n|-damage|p2a: Baba|67\/100\n|-unboost|p1a: The Don|def|1\n|-unboost|p1a: The Don|spd|1\n|move|p2a: Baba|Leech Seed|p1a: The Don\n|-start|p1a: The Don|move: Leech Seed\n|\n|-heal|p2a: Baba|73\/100|[from] item: Black Sludge\n|-damage|p1a: The Don|88\/100|[from] Leech Seed|[of] p2a: Baba\n|-heal|p2a: Baba|86\/100|[silent]\n|-sideend|p1: Monterraverde|move: Tailwind\n|upkeep\n|turn|14\n|\n|t:|1700582145\n|move|p1a: The Don|Earthquake|p2a: Baba\n|-damage|p2a: Baba|26\/100\n|move|p2a: Baba|Giga Drain|p1a: The Don\n|-damage|p1a: The Don|0 fnt\n|-heal|p2a: Baba|71\/100|[from] drain|[of] p1a: The Don\n|faint|p1a: The Don\n|-end|p1a: The Don|Protosynthesis|[silent]\n|\n|-heal|p2a: Baba|77\/100|[from] item: Black Sludge\n|upkeep\n|\n|t:|1700582157\n|switch|p1a: Adniel|Garchomp, M|100\/100\n|turn|15\n|\n|t:|1700582169\n|move|p1a: Adniel|Swords Dance|p1a: Adniel\n|-boost|p1a: Adniel|atk|2\n|move|p2a: Baba|Giga Drain|p1a: Adniel\n|-damage|p1a: Adniel|72\/100\n|-heal|p2a: Baba|91\/100|[from] drain|[of] p1a: Adniel\n|\n|-heal|p2a: Baba|97\/100|[from] item: Black Sludge\n|upkeep\n|turn|16\n|\n|t:|1700582178\n|move|p1a: Adniel|Iron Head|p2a: Baba\n|-damage|p2a: Baba|49\/100\n|cant|p2a: Baba|flinch\n|\n|-heal|p2a: Baba|55\/100|[from] item: Black Sludge\n|upkeep\n|turn|17\n|\n|t:|1700582184\n|move|p1a: Adniel|Iron Head|p2a: Baba\n|-crit|p2a: Baba\n|-damage|p2a: Baba|0 fnt\n|faint|p2a: Baba\n|\n|upkeep\n|\n|t:|1700582190\n|switch|p2a: Red|Charizard, M|100\/100\n|turn|18\n|\n|t:|1700582198\n|detailschange|p2a: Red|Charizard-Mega-X, M\n|-mega|p2a: Red|Charizard|Charizardite X\n|move|p1a: Adniel|Dragon Claw|p2a: Red\n|-supereffective|p2a: Red\n|-damage|p2a: Red|0 fnt\n|faint|p2a: Red\n|\n|upkeep\n|\n|t:|1700582207\n|switch|p2a: Shades|Blastoise, M|100\/100\n|turn|19\n|\n|t:|1700582211\n|move|p1a: Adniel|Iron Head|p2a: Shades\n|-resisted|p2a: Shades\n|-damage|p2a: Shades|70\/100\n|move|p2a: Shades|Surf|p1a: Adniel\n|-damage|p1a: Adniel|31\/100\n|\n|upkeep\n|turn|20\n|\n|t:|1700582222\n|move|p1a: Adniel|Dragon Claw|p2a: Shades\n|-damage|p2a: Shades|0 fnt\n|faint|p2a: Shades\n|\n|upkeep\n|\n|t:|1700582227\n|switch|p2a: Roadblock|Snorlax, M|100\/100\n|turn|21\n|\n|t:|1700582242\n|move|p1a: Adniel|Dragon Claw|p2a: Roadblock\n|-damage|p2a: Roadblock|32\/100\n|move|p2a: Roadblock|Body Slam|p1a: Adniel\n|-crit|p1a: Adniel\n|-damage|p1a: Adniel|0 fnt\n|-damage|p2a: Roadblock|19\/100|[from] ability: Rough Skin|[of] p1a: Adniel\n|-damage|p2a: Roadblock|3\/100|[from] item: Rocky Helmet|[of] p1a: Adniel\n|faint|p1a: Adniel\n|\n|-heal|p2a: Roadblock|9\/100|[from] item: Leftovers\n|upkeep\n|\n|t:|1700582254\n|switch|p1a: Fafnir|Tyranitar, M|100\/100\n|-weather|Sandstorm|[from] ability: Sand Stream|[of] p1a: Fafnir\n|turn|22\n|\n|t:|1700582263\n|move|p1a: Fafnir|Crunch|p2a: Roadblock\n|-damage|p2a: Roadblock|0 fnt\n|faint|p2a: Roadblock\n|\n|-weather|Sandstorm|[upkeep]\n|upkeep\n|\n|t:|1700582267\n|switch|p2a: Opera|Lapras, F|100\/100\n|turn|23\n|\n|t:|1700582277\n|-terastallize|p2a: Opera|Dragon\n|move|p1a: Fafnir|Thunder Punch|p2a: Opera\n|-resisted|p2a: Opera\n|-damage|p2a: Opera|88\/100\n|move|p2a: Opera|Surf|p1a: Fafnir\n|-supereffective|p1a: Fafnir\n|-damage|p1a: Fafnir|52\/100\n|\n|-weather|Sandstorm|[upkeep]\n|-damage|p2a: Opera|82\/100|[from] Sandstorm\n|upkeep\n|turn|24\n|\n|t:|1700582289\n|move|p1a: Fafnir|Crunch|p2a: Opera\n|-damage|p2a: Opera|40\/100\n|move|p2a: Opera|Rain Dance|p2a: Opera\n|-weather|RainDance\n|\n|-weather|RainDance|[upkeep]\n|upkeep\n|turn|25\n|\n|t:|1700582297\n|move|p1a: Fafnir|Crunch|p2a: Opera\n|-damage|p2a: Opera|0 fnt\n|faint|p2a: Opera\n|\n|win|Monterraverde\n","uploadtime":1700582359,"views":1,"p1id":"monterraverde","p2id":"caswra","formatid":"gen9nationaldex","rating":0,"private":0,"password":""}