{"id":"gen9nationaldex-1997022995","p1":"retereereeeree","p2":"Saltator","format":"[Gen 9] National Dex","log":"|html|<div class=\"broadcast-blue\"><strong>[Gen 9] National Dex is currently suspecting Sneasler! For information on how to participate check out the <a href=\"https:\/\/www.smogon.com\/forums\/threads\/sv-national-dex-suspect-8-just-dance.3731534\/\">suspect thread<\/a>.<\/strong><\/div>\n|j|\u2606retereereeeree\n|j|\u2606Saltator\n|t:|1700756699\n|gametype|singles\n|player|p1|retereereeeree|169|1332\n|player|p2|Saltator|ghetsis|1379\n|teamsize|p1|6\n|teamsize|p2|6\n|gen|9\n|tier|[Gen 9] National Dex\n|rated|\n|rule|HP Percentage Mod: HP is shown in percentages\n|rule|Endless Battle Clause: Forcing endless battles is banned\n|rule|OHKO Clause: OHKO moves are banned\n|rule|Evasion Clause: Evasion abilities, items, and moves are banned\n|rule|Evasion Abilities Clause: Evasion abilities are banned\n|rule|Evasion Items Clause: Evasion items are banned\n|rule|Evasion Moves Clause: Evasion moves are banned\n|rule|Species Clause: Limit one of each Pok\u00e9mon\n|rule|Sleep Clause Mod: Limit one foe put to sleep\n|clearpoke\n|poke|p1|Gyarados, M|\n|poke|p1|Sneasler, M|\n|poke|p1|Tapu Lele|\n|poke|p1|Tapu Koko|\n|poke|p1|Glimmora, M|\n|poke|p1|Hatterene, F|\n|poke|p2|Salazzle, F|\n|poke|p2|Magnemite, L1|\n|poke|p2|Probopass, L2, M|\n|poke|p2|Mandibuzz, F|\n|poke|p2|Nosepass, L1, F|\n|poke|p2|Tentacruel, F|\n|teampreview\n|c|\u2606retereereeeree|gl\n|c|\u2606retereereeeree|Oh hell no\n|c|\u2606retereereeeree|I know this strategy\n|\n|t:|1700756719\n|start\n|switch|p1a: Glimmora|Glimmora, M|100\/100\n|switch|p2a: Sh\ud83d\udca9tsquid|Tentacruel, F|100\/100\n|turn|1\n|\n|t:|1700756725\n|move|p2a: Sh\ud83d\udca9tsquid|Scald|p1a: Glimmora\n|-supereffective|p1a: Glimmora\n|-damage|p1a: Glimmora|45\/100\n|move|p1a: Glimmora|Stealth Rock|p2a: Sh\ud83d\udca9tsquid\n|-sidestart|p2: Saltator|move: Stealth Rock\n|\n|upkeep\n|turn|2\n|\n|t:|1700756732\n|move|p2a: Sh\ud83d\udca9tsquid|Rapid Spin|p1a: Glimmora\n|-resisted|p1a: Glimmora\n|-damage|p1a: Glimmora|41\/100\n|-boost|p2a: Sh\ud83d\udca9tsquid|spe|1\n|-activate|p1a: Glimmora|ability: Toxic Debris\n|-sidestart|p2: Saltator|move: Toxic Spikes\n|-sideend|p2: Saltator|Toxic Spikes|[from] move: Rapid Spin|[of] p2a: Sh\ud83d\udca9tsquid\n|-sideend|p2: Saltator|Stealth Rock|[from] move: Rapid Spin|[of] p2a: Sh\ud83d\udca9tsquid\n|move|p1a: Glimmora|Spikes|p2a: Sh\ud83d\udca9tsquid\n|-sidestart|p2: Saltator|Spikes\n|\n|upkeep\n|turn|3\n|\n|t:|1700756741\n|move|p2a: Sh\ud83d\udca9tsquid|Rapid Spin|p1a: Glimmora\n|-resisted|p1a: Glimmora\n|-damage|p1a: Glimmora|37\/100\n|-boost|p2a: Sh\ud83d\udca9tsquid|spe|1\n|-activate|p1a: Glimmora|ability: Toxic Debris\n|-sidestart|p2: Saltator|move: Toxic Spikes\n|-sideend|p2: Saltator|Spikes|[from] move: Rapid Spin|[of] p2a: Sh\ud83d\udca9tsquid\n|-sideend|p2: Saltator|Toxic Spikes|[from] move: Rapid Spin|[of] p2a: Sh\ud83d\udca9tsquid\n|move|p1a: Glimmora|Stealth Rock|p2a: Sh\ud83d\udca9tsquid\n|-sidestart|p2: Saltator|move: Stealth Rock\n|\n|upkeep\n|turn|4\n|\n|t:|1700756760\n|switch|p1a: Tapu Lele|Tapu Lele|100\/100\n|-fieldstart|move: Psychic Terrain|[from] ability: Psychic Surge|[of] p1a: Tapu Lele\n|move|p2a: Sh\ud83d\udca9tsquid|Rapid Spin|p1a: Tapu Lele\n|-damage|p1a: Tapu Lele|89\/100\n|-boost|p2a: Sh\ud83d\udca9tsquid|spe|1\n|-sideend|p2: Saltator|Stealth Rock|[from] move: Rapid Spin|[of] p2a: Sh\ud83d\udca9tsquid\n|-enditem|p1a: Tapu Lele|Eject Button\n|\n|t:|1700756772\n|switch|p1a: Tapu Koko|Tapu Koko|100\/100\n|-fieldstart|move: Electric Terrain|[from] ability: Electric Surge|[of] p1a: Tapu Koko\n|\n|upkeep\n|turn|5\n|\n|t:|1700756779\n|move|p2a: Sh\ud83d\udca9tsquid|Toxic|p1a: Tapu Koko\n|-status|p1a: Tapu Koko|tox\n|move|p1a: Tapu Koko|Volt Switch|p2a: Sh\ud83d\udca9tsquid\n|-supereffective|p2a: Sh\ud83d\udca9tsquid\n|-damage|p2a: Sh\ud83d\udca9tsquid|43\/100\n|\n|t:|1700756787\n|switch|p1a: Tapu Lele|Tapu Lele|89\/100|[from] Volt Switch\n|-fieldstart|move: Psychic Terrain|[from] ability: Psychic Surge|[of] p1a: Tapu Lele\n|\n|-heal|p2a: Sh\ud83d\udca9tsquid|49\/100|[from] item: Leftovers\n|upkeep\n|turn|6\n|\n|t:|1700756796\n|switch|p2a: Literally Level 1|Magnemite, L1|100\/100\n|move|p1a: Tapu Lele|Psychic|p2a: Literally Level 1\n|-resisted|p2a: Literally Level 1\n|-ability|p2a: Literally Level 1|Sturdy\n|-damage|p2a: Literally Level 1|10\/100\n|-unboost|p2a: Literally Level 1|spd|1\n|-enditem|p2a: Literally Level 1|Berry Juice\n|-heal|p2a: Literally Level 1|100\/100|[from] item: Berry Juice\n|\n|upkeep\n|turn|7\n|\n|t:|1700756817\n|switch|p1a: Tapu Koko|Tapu Koko|100\/100 tox\n|-fieldstart|move: Electric Terrain|[from] ability: Electric Surge|[of] p1a: Tapu Koko\n|move|p2a: Literally Level 1|Recycle|p2a: Literally Level 1\n|-item|p2a: Literally Level 1|Berry Juice|[from] move: Recycle\n|\n|-damage|p1a: Tapu Koko|94\/100 tox|[from] psn\n|upkeep\n|turn|8\n|\n|t:|1700756832\n|move|p2a: Literally Level 1|Protect|p2a: Literally Level 1\n|-singleturn|p2a: Literally Level 1|Protect\n|move|p1a: Tapu Koko|Dazzling Gleam|p2a: Literally Level 1\n|-activate|p2a: Literally Level 1|move: Protect\n|\n|-damage|p1a: Tapu Koko|82\/100 tox|[from] psn\n|upkeep\n|turn|9\n|\n|t:|1700756839\n|move|p1a: Tapu Koko|Dazzling Gleam|p2a: Literally Level 1\n|-resisted|p2a: Literally Level 1\n|-ability|p2a: Literally Level 1|Sturdy\n|-damage|p2a: Literally Level 1|10\/100\n|-enditem|p2a: Literally Level 1|Berry Juice\n|-heal|p2a: Literally Level 1|100\/100|[from] item: Berry Juice\n|move|p2a: Literally Level 1|Recycle|p2a: Literally Level 1\n|-item|p2a: Literally Level 1|Berry Juice|[from] move: Recycle\n|\n|-damage|p1a: Tapu Koko|64\/100 tox|[from] psn\n|upkeep\n|turn|10\n|\n|t:|1700756850\n|move|p2a: Literally Level 1|Protect|p2a: Literally Level 1\n|-singleturn|p2a: Literally Level 1|Protect\n|move|p1a: Tapu Koko|Dazzling Gleam|p2a: Literally Level 1\n|-activate|p2a: Literally Level 1|move: Protect\n|\n|-damage|p1a: Tapu Koko|40\/100 tox|[from] psn\n|upkeep\n|turn|11\n|\n|t:|1700756858\n|move|p1a: Tapu Koko|Dazzling Gleam|p2a: Literally Level 1\n|-resisted|p2a: Literally Level 1\n|-ability|p2a: Literally Level 1|Sturdy\n|-damage|p2a: Literally Level 1|10\/100\n|-enditem|p2a: Literally Level 1|Berry Juice\n|-heal|p2a: Literally Level 1|100\/100|[from] item: Berry Juice\n|move|p2a: Literally Level 1|Recycle|p2a: Literally Level 1\n|-item|p2a: Literally Level 1|Berry Juice|[from] move: Recycle\n|\n|-damage|p1a: Tapu Koko|10\/100 tox|[from] psn\n|-fieldend|move: Electric Terrain\n|upkeep\n|turn|12\n|\n|t:|1700756870\n|switch|p2a: No Fun Allowed|Salazzle, F|100\/100\n|move|p1a: Tapu Koko|Volt Switch|p2a: No Fun Allowed\n|-damage|p2a: No Fun Allowed|46\/100\n|\n|t:|1700756883\n|switch|p1a: Glimmora|Glimmora, M|37\/100|[from] Volt Switch\n|\n|-heal|p2a: No Fun Allowed|52\/100|[from] item: Leftovers\n|upkeep\n|turn|13\n|\n|t:|1700756891\n|move|p2a: No Fun Allowed|Substitute|p2a: No Fun Allowed\n|-start|p2a: No Fun Allowed|Substitute\n|-damage|p2a: No Fun Allowed|27\/100\n|move|p1a: Glimmora|Stealth Rock|p2a: No Fun Allowed\n|-sidestart|p2: Saltator|move: Stealth Rock\n|\n|-heal|p2a: No Fun Allowed|33\/100|[from] item: Leftovers\n|upkeep\n|turn|14\n|\n|t:|1700756899\n|move|p2a: No Fun Allowed|Flamethrower|p1a: Glimmora\n|-resisted|p1a: Glimmora\n|-damage|p1a: Glimmora|12\/100\n|move|p1a: Glimmora|Mortal Spin|p2a: No Fun Allowed\n|-resisted|p2a: No Fun Allowed\n|-activate|p2a: No Fun Allowed|move: Substitute|[damage]\n|\n|-heal|p2a: No Fun Allowed|39\/100|[from] item: Leftovers\n|upkeep\n|turn|15\n|\n|t:|1700756908\n|move|p2a: No Fun Allowed|Flamethrower|p1a: Glimmora\n|-resisted|p1a: Glimmora\n|-damage|p1a: Glimmora|0 fnt\n|faint|p1a: Glimmora\n|\n|-heal|p2a: No Fun Allowed|46\/100|[from] item: Leftovers\n|upkeep\n|\n|t:|1700756915\n|switch|p1a: Tapu Lele|Tapu Lele|89\/100\n|-fieldstart|move: Psychic Terrain|[from] ability: Psychic Surge|[of] p1a: Tapu Lele\n|turn|16\n|\n|t:|1700756919\n|move|p2a: No Fun Allowed|Protect|p2a: No Fun Allowed\n|-singleturn|p2a: No Fun Allowed|Protect\n|move|p1a: Tapu Lele|Psychic|p2a: No Fun Allowed\n|-activate|p2a: No Fun Allowed|move: Protect\n|\n|-heal|p2a: No Fun Allowed|52\/100|[from] item: Leftovers\n|upkeep\n|turn|17\n|\n|t:|1700756927\n|move|p2a: No Fun Allowed|Toxic|p1a: Tapu Lele\n|-status|p1a: Tapu Lele|tox\n|move|p1a: Tapu Lele|Psychic|p2a: No Fun Allowed\n|-supereffective|p2a: No Fun Allowed\n|-end|p2a: No Fun Allowed|Substitute\n|\n|-heal|p2a: No Fun Allowed|58\/100|[from] item: Leftovers\n|-damage|p1a: Tapu Lele|83\/100 tox|[from] psn\n|upkeep\n|turn|18\n|\n|t:|1700756936\n|move|p2a: No Fun Allowed|Substitute|p2a: No Fun Allowed\n|-start|p2a: No Fun Allowed|Substitute\n|-damage|p2a: No Fun Allowed|33\/100\n|move|p1a: Tapu Lele|Psychic|p2a: No Fun Allowed\n|-supereffective|p2a: No Fun Allowed\n|-end|p2a: No Fun Allowed|Substitute\n|\n|-heal|p2a: No Fun Allowed|39\/100|[from] item: Leftovers\n|-damage|p1a: Tapu Lele|71\/100 tox|[from] psn\n|upkeep\n|turn|19\n|\n|t:|1700756945\n|move|p2a: No Fun Allowed|Protect|p2a: No Fun Allowed\n|-singleturn|p2a: No Fun Allowed|Protect\n|move|p1a: Tapu Lele|Psychic|p2a: No Fun Allowed\n|-activate|p2a: No Fun Allowed|move: Protect\n|\n|-heal|p2a: No Fun Allowed|45\/100|[from] item: Leftovers\n|-damage|p1a: Tapu Lele|52\/100 tox|[from] psn\n|upkeep\n|turn|20\n|\n|t:|1700756953\n|switch|p2a: Sh\ud83d\udca9tbird|Mandibuzz, F|100\/100\n|move|p1a: Tapu Lele|Psychic|p2a: Sh\ud83d\udca9tbird\n|-immune|p2a: Sh\ud83d\udca9tbird\n|\n|-damage|p1a: Tapu Lele|28\/100 tox|[from] psn\n|-fieldend|move: Psychic Terrain\n|upkeep\n|turn|21\n|\n|t:|1700756964\n|switch|p2a: Sh\ud83d\udca9tsquid|Tentacruel, F|49\/100\n|-damage|p2a: Sh\ud83d\udca9tsquid|36\/100|[from] Stealth Rock\n|move|p1a: Tapu Lele|Moonblast|p2a: Sh\ud83d\udca9tsquid\n|-resisted|p2a: Sh\ud83d\udca9tsquid\n|-damage|p2a: Sh\ud83d\udca9tsquid|18\/100\n|\n|-heal|p2a: Sh\ud83d\udca9tsquid|24\/100|[from] item: Leftovers\n|-damage|p1a: Tapu Lele|0 fnt|[from] psn\n|faint|p1a: Tapu Lele\n|upkeep\n|\n|t:|1700756979\n|switch|p1a: Tapu Koko|Tapu Koko|10\/100 tox\n|-fieldstart|move: Electric Terrain|[from] ability: Electric Surge|[of] p1a: Tapu Koko\n|turn|22\n|\n|t:|1700756988\n|move|p1a: Tapu Koko|Volt Switch|p2a: Sh\ud83d\udca9tsquid\n|-supereffective|p2a: Sh\ud83d\udca9tsquid\n|-damage|p2a: Sh\ud83d\udca9tsquid|0 fnt\n|faint|p2a: Sh\ud83d\udca9tsquid\n|\n|t:|1700756997\n|switch|p1a: Sneasler|Sneasler, M|100\/100|[from] Volt Switch\n|-enditem|p1a: Sneasler|Electric Seed\n|-boost|p1a: Sneasler|def|1|[from] item: Electric Seed\n|\n|upkeep\n|\n|t:|1700757008\n|switch|p2a: Sh\ud83d\udca9tbird|Mandibuzz, F|100\/100\n|turn|23\n|\n|t:|1700757026\n|-terastallize|p1a: Sneasler|Flying\n|move|p1a: Sneasler|Dire Claw|p2a: Sh\ud83d\udca9tbird\n|-damage|p2a: Sh\ud83d\udca9tbird|76\/100\n|-status|p2a: Sh\ud83d\udca9tbird|slp\n|cant|p2a: Sh\ud83d\udca9tbird|slp\n|\n|upkeep\n|turn|24\n|inactive|Battle timer is ON: inactive players will automatically lose when time's up. (requested by Saltator)\n|\n|t:|1700757035\n|move|p1a: Sneasler|Swords Dance|p1a: Sneasler\n|-boost|p1a: Sneasler|atk|2\n|cant|p2a: Sh\ud83d\udca9tbird|slp\n|\n|upkeep\n|turn|25\n|\n|t:|1700757042\n|move|p1a: Sneasler|Acrobatics|p2a: Sh\ud83d\udca9tbird\n|-damage|p2a: Sh\ud83d\udca9tbird|8\/100 slp\n|-curestatus|p2a: Sh\ud83d\udca9tbird|slp|[msg]\n|move|p2a: Sh\ud83d\udca9tbird|Foul Play|p1a: Sneasler\n|-damage|p1a: Sneasler|0 fnt\n|faint|p1a: Sneasler\n|\n|upkeep\n|\n|t:|1700757051\n|switch|p1a: Tapu Koko|Tapu Koko|10\/100 tox\n|turn|26\n|\n|t:|1700757055\n|-terastallize|p2a: Sh\ud83d\udca9tbird|Ground\n|move|p1a: Tapu Koko|Volt Switch|p2a: Sh\ud83d\udca9tbird\n|-immune|p2a: Sh\ud83d\udca9tbird\n|move|p2a: Sh\ud83d\udca9tbird|Roost|p2a: Sh\ud83d\udca9tbird\n|-heal|p2a: Sh\ud83d\udca9tbird|58\/100\n|\n|-damage|p1a: Tapu Koko|4\/100 tox|[from] psn\n|-fieldend|move: Electric Terrain\n|upkeep\n|turn|27\n|c|\u2606Saltator|thx\n|\n|t:|1700757068\n|move|p1a: Tapu Koko|Dazzling Gleam|p2a: Sh\ud83d\udca9tbird\n|-damage|p2a: Sh\ud83d\udca9tbird|29\/100\n|move|p2a: Sh\ud83d\udca9tbird|Defog|p1a: Tapu Koko\n|-unboost|p1a: Tapu Koko|evasion|1\n|-sideend|p2: Saltator|Stealth Rock|[from] move: Defog|[of] p2a: Sh\ud83d\udca9tbird\n|\n|-damage|p1a: Tapu Koko|0 fnt|[from] psn\n|faint|p1a: Tapu Koko\n|upkeep\n|\n|t:|1700757077\n|switch|p1a: Gyarados|Gyarados, M|100\/100\n|-ability|p1a: Gyarados|Intimidate|boost\n|-unboost|p2a: Sh\ud83d\udca9tbird|atk|1\n|turn|28\n|c|\u2606retereereeeree|ok gg\n|c|\u2606retereereeeree|I forfeit\n|c|\u2606retereereeeree|Actually\n|c|\u2606retereereeeree|No\n|\n|t:|1700757100\n|detailschange|p1a: Gyarados|Gyarados-Mega, M\n|-mega|p1a: Gyarados|Gyarados|Gyaradosite\n|-ability|p1a: Gyarados|Mold Breaker\n|move|p1a: Gyarados|Waterfall|p2a: Sh\ud83d\udca9tbird\n|-supereffective|p2a: Sh\ud83d\udca9tbird\n|-damage|p2a: Sh\ud83d\udca9tbird|0 fnt\n|faint|p2a: Sh\ud83d\udca9tbird\n|\n|upkeep\n|\n|t:|1700757106\n|switch|p2a: No Fun Allowed|Salazzle, F|45\/100\n|turn|29\n|\n|t:|1700757111\n|move|p2a: No Fun Allowed|Substitute|p2a: No Fun Allowed\n|-start|p2a: No Fun Allowed|Substitute\n|-damage|p2a: No Fun Allowed|20\/100\n|move|p1a: Gyarados|Earthquake|p2a: No Fun Allowed\n|-supereffective|p2a: No Fun Allowed\n|-end|p2a: No Fun Allowed|Substitute\n|\n|-heal|p2a: No Fun Allowed|26\/100|[from] item: Leftovers\n|upkeep\n|turn|30\n|\n|t:|1700757120\n|move|p2a: No Fun Allowed|Substitute|p2a: No Fun Allowed\n|-start|p2a: No Fun Allowed|Substitute\n|-damage|p2a: No Fun Allowed|2\/100\n|move|p1a: Gyarados|Dragon Dance|p1a: Gyarados\n|-boost|p1a: Gyarados|atk|1\n|-boost|p1a: Gyarados|spe|1\n|\n|-heal|p2a: No Fun Allowed|8\/100|[from] item: Leftovers\n|upkeep\n|turn|31\n|\n|t:|1700757128\n|move|p2a: No Fun Allowed|Protect|p2a: No Fun Allowed\n|-singleturn|p2a: No Fun Allowed|Protect\n|move|p1a: Gyarados|Earthquake|p2a: No Fun Allowed\n|-activate|p2a: No Fun Allowed|move: Protect\n|\n|-heal|p2a: No Fun Allowed|14\/100|[from] item: Leftovers\n|upkeep\n|turn|32\n|\n|t:|1700757137\n|move|p1a: Gyarados|Waterfall|p2a: No Fun Allowed\n|-supereffective|p2a: No Fun Allowed\n|-end|p2a: No Fun Allowed|Substitute\n|move|p2a: No Fun Allowed|Toxic|p1a: Gyarados\n|-status|p1a: Gyarados|tox\n|\n|-heal|p2a: No Fun Allowed|20\/100|[from] item: Leftovers\n|-damage|p1a: Gyarados|94\/100 tox|[from] psn\n|upkeep\n|turn|33\n|\n|t:|1700757149\n|move|p2a: No Fun Allowed|Protect|p2a: No Fun Allowed\n|-singleturn|p2a: No Fun Allowed|Protect\n|move|p1a: Gyarados|Waterfall|p2a: No Fun Allowed\n|-activate|p2a: No Fun Allowed|move: Protect\n|\n|-heal|p2a: No Fun Allowed|26\/100|[from] item: Leftovers\n|-damage|p1a: Gyarados|82\/100 tox|[from] psn\n|upkeep\n|turn|34\n|\n|t:|1700757169\n|switch|p2a: Literally Level 1|Magnemite, L1|100\/100\n|move|p1a: Gyarados|Waterfall|p2a: Literally Level 1\n|-damage|p2a: Literally Level 1|0 fnt\n|faint|p2a: Literally Level 1\n|\n|-damage|p1a: Gyarados|64\/100 tox|[from] psn\n|upkeep\n|c|\u2606retereereeeree|Mold breaker\n|\n|t:|1700757180\n|switch|p2a: Click the \u274c|Nosepass, L1, F, shiny|100\/100\n|turn|35\n|c|\u2606Saltator|i know\n|c|\u2606Saltator|lol\n|\n|t:|1700757186\n|move|p2a: Click the \u274c|Protect|p2a: Click the \u274c\n|-singleturn|p2a: Click the \u274c|Protect\n|move|p1a: Gyarados|Waterfall|p2a: Click the \u274c\n|-activate|p2a: Click the \u274c|move: Protect\n|\n|-damage|p1a: Gyarados|40\/100 tox|[from] psn\n|upkeep\n|turn|36\n|\n|t:|1700757194\n|switch|p1a: Hatterene|Hatterene, F|100\/100\n|move|p2a: Click the \u274c|Protect||[still]\n|-fail|p2a: Click the \u274c\n|\n|upkeep\n|turn|37\n|\n|t:|1700757211\n|move|p1a: Hatterene|Expanding Force|p2a: Click the \u274c\n|-ability|p2a: Click the \u274c|Sturdy\n|-damage|p2a: Click the \u274c|10\/100\n|-enditem|p2a: Click the \u274c|Berry Juice\n|-heal|p2a: Click the \u274c|100\/100|[from] item: Berry Juice\n|move|p2a: Click the \u274c|Pain Split|p1a: Hatterene\n|-sethp|p1a: Hatterene|52\/100|[from] move: Pain Split|[silent]\n|-sethp|p2a: Click the \u274c|100\/100|[from] move: Pain Split\n|\n|upkeep\n|turn|38\n|\n|t:|1700757225\n|move|p1a: Hatterene|Expanding Force|p2a: Click the \u274c\n|-ability|p2a: Click the \u274c|Sturdy\n|-damage|p2a: Click the \u274c|10\/100\n|move|p2a: Click the \u274c|Pain Split|p1a: Hatterene\n|-sethp|p1a: Hatterene|26\/100|[from] move: Pain Split|[silent]\n|-sethp|p2a: Click the \u274c|100\/100|[from] move: Pain Split\n|\n|upkeep\n|turn|39\n|\n|t:|1700757235\n|move|p1a: Hatterene|Expanding Force|p2a: Click the \u274c\n|-ability|p2a: Click the \u274c|Sturdy\n|-damage|p2a: Click the \u274c|10\/100\n|move|p2a: Click the \u274c|Pain Split|p1a: Hatterene\n|-sethp|p1a: Hatterene|13\/100|[from] move: Pain Split|[silent]\n|-sethp|p2a: Click the \u274c|100\/100|[from] move: Pain Split\n|\n|upkeep\n|turn|40\n|c|\u2606Saltator|you threw the game\n|c|\u2606Saltator|shoulda just stayed in\n|c|\u2606Saltator|with gyarados\n|c|\u2606Saltator|lol\n|c|\u2606retereereeeree|No I needed to keep it healthy\n|inactive|retereereeeree has 120 seconds left.\n|\n|t:|1700757265\n|move|p1a: Hatterene|Expanding Force|p2a: Click the \u274c\n|-ability|p2a: Click the \u274c|Sturdy\n|-damage|p2a: Click the \u274c|10\/100\n|move|p2a: Click the \u274c|Pain Split|p1a: Hatterene\n|-sethp|p1a: Hatterene|7\/100|[from] move: Pain Split|[silent]\n|-sethp|p2a: Click the \u274c|100\/100|[from] move: Pain Split\n|\n|upkeep\n|turn|41\n|c|\u2606Saltator|welp\n|inactive|retereereeeree has 120 seconds left.\n|\n|t:|1700757276\n|move|p1a: Hatterene|Nuzzle|p2a: Click the \u274c\n|-ability|p2a: Click the \u274c|Sturdy\n|-damage|p2a: Click the \u274c|10\/100\n|-status|p2a: Click the \u274c|par\n|move|p2a: Click the \u274c|Pain Split|p1a: Hatterene\n|-sethp|p1a: Hatterene|4\/100|[from] move: Pain Split|[silent]\n|-sethp|p2a: Click the \u274c|100\/100 par|[from] move: Pain Split\n|\n|upkeep\n|turn|42\n|c|\u2606Saltator|you lose to toxic damage\n|inactive|retereereeeree has 120 seconds left.\n|c|\u2606Saltator|and you should have clicked nuzzle ages ago\n|\n|t:|1700757288\n|move|p1a: Hatterene|Expanding Force|p2a: Click the \u274c\n|-ability|p2a: Click the \u274c|Sturdy\n|-damage|p2a: Click the \u274c|10\/100 par\n|cant|p2a: Click the \u274c|par\n|\n|upkeep\n|turn|43\n|inactive|retereereeeree has 120 seconds left.\n|\n|t:|1700757298\n|move|p1a: Hatterene|Dazzling Gleam|p2a: Click the \u274c\n|-damage|p2a: Click the \u274c|0 fnt\n|faint|p2a: Click the \u274c\n|\n|upkeep\n|\n|t:|1700757300\n|switch|p2a: No Fun Allowed|Salazzle, F|26\/100\n|turn|44\n|c|\u2606Saltator|it's over\n|c|\u2606Saltator|damn, ur real quiet now lmao\n|\n|t:|1700757327\n|move|p2a: No Fun Allowed|Substitute|p2a: No Fun Allowed\n|-start|p2a: No Fun Allowed|Substitute\n|-damage|p2a: No Fun Allowed|1\/100\n|move|p1a: Hatterene|Nuzzle|p2a: No Fun Allowed\n|-activate|p2a: No Fun Allowed|move: Substitute|[damage]\n|\n|-heal|p2a: No Fun Allowed|7\/100|[from] item: Leftovers\n|upkeep\n|turn|45\n|c|\u2606Saltator|yup\n|c|\u2606Saltator|now it's really over\n|c|\u2606Saltator|lol\n|\n|t:|1700757339\n|move|p2a: No Fun Allowed|Flamethrower|p1a: Hatterene\n|-damage|p1a: Hatterene|0 fnt\n|faint|p1a: Hatterene\n|\n|-heal|p2a: No Fun Allowed|13\/100|[from] item: Leftovers\n|upkeep\n|\n|t:|1700757346\n|switch|p1a: Gyarados|Gyarados-Mega, M|40\/100 tox\n|-ability|p1a: Gyarados|Mold Breaker\n|turn|46\n|c|\u2606retereereeeree|gg\n|c|\u2606Saltator|lol\n|c|\u2606retereereeeree|Better than tera ghost garganacl and f**king dondozo teams\n|inactive|Saltator has 120 seconds left.\n|c|\u2606retereereeeree|Best stall team in the world\n|inactive|retereereeeree has 120 seconds left.\n|\n|t:|1700757375\n|move|p2a: No Fun Allowed|Flamethrower|p1a: Gyarados\n|-resisted|p1a: Gyarados\n|-damage|p1a: Gyarados|24\/100 tox\n|move|p1a: Gyarados|Waterfall|p2a: No Fun Allowed\n|-supereffective|p2a: No Fun Allowed\n|-end|p2a: No Fun Allowed|Substitute\n|\n|-heal|p2a: No Fun Allowed|20\/100|[from] item: Leftovers\n|-damage|p1a: Gyarados|18\/100 tox|[from] psn\n|upkeep\n|turn|47\n|c|\u2606Saltator|it's not\n|c|\u2606Saltator|my team is terrible\n|inactive|retereereeeree has 120 seconds left.\n|\n|t:|1700757386\n|move|p2a: No Fun Allowed|Flamethrower|p1a: Gyarados\n|-resisted|p1a: Gyarados\n|-damage|p1a: Gyarados|1\/100 tox\n|move|p1a: Gyarados|Waterfall|p2a: No Fun Allowed\n|-supereffective|p2a: No Fun Allowed\n|-damage|p2a: No Fun Allowed|0 fnt\n|faint|p2a: No Fun Allowed\n|\n|-damage|p1a: Gyarados|0 fnt|[from] psn\n|faint|p1a: Gyarados\n|\n|win|Saltator\n|upkeep\n|raw|retereereeeree's rating: 1332 &rarr; <strong>1314<\/strong><br \/>(-18 for losing)\n|raw|Saltator's rating: 1372 &rarr; <strong>1390<\/strong><br \/>(+18 for winning)\n|c|\u2606retereereeeree|gg\n","uploadtime":1700757392,"views":0,"p1id":"retereereeeree","p2id":"saltator","formatid":"gen9nationaldex","rating":1314,"private":0,"password":""}