{"id":"gen9nationaldex-1999760133","p1":"sittingduck1080","p2":"Mysteryflame","format":"[Gen 9] National Dex","log":"|html|<div class=\"broadcast-blue\"><strong>[Gen 9] National Dex is currently suspecting Sneasler! For information on how to participate check out the <a href=\"https:\/\/www.smogon.com\/forums\/threads\/sv-national-dex-suspect-8-just-dance.3731534\/\">suspect thread<\/a>.<\/strong><\/div>\n|j|\u2606sittingduck1080\n|j|\u2606Mysteryflame\n|t:|1701114221\n|gametype|singles\n|player|p1|sittingduck1080|rocketgrunt|1434\n|player|p2|Mysteryflame|ryuki|1519\n|teamsize|p1|6\n|teamsize|p2|6\n|gen|9\n|tier|[Gen 9] National Dex\n|rated|\n|rule|HP Percentage Mod: HP is shown in percentages\n|rule|Endless Battle Clause: Forcing endless battles is banned\n|rule|OHKO Clause: OHKO moves are banned\n|rule|Evasion Clause: Evasion abilities, items, and moves are banned\n|rule|Evasion Abilities Clause: Evasion abilities are banned\n|rule|Evasion Items Clause: Evasion items are banned\n|rule|Evasion Moves Clause: Evasion moves are banned\n|rule|Species Clause: Limit one of each Pok\u00e9mon\n|rule|Sleep Clause Mod: Limit one foe put to sleep\n|clearpoke\n|poke|p1|Ogerpon-Wellspring, F|\n|poke|p1|Tyranitar, M|\n|poke|p1|Heatran, M|\n|poke|p1|Slowking-Galar, M|\n|poke|p1|Gliscor, M|\n|poke|p1|Tornadus-Therian, M|\n|poke|p2|Swoobat, F|\n|poke|p2|Aggron, F|\n|poke|p2|Sableye, M|\n|poke|p2|Toxapex, F|\n|poke|p2|Kartana|\n|poke|p2|Ribombee, F|\n|teampreview\n|\n|t:|1701114248\n|start\n|switch|p1a: Tornadus|Tornadus-Therian, M, shiny|100\/100\n|switch|p2a: Ribombee|Ribombee, F|100\/100\n|turn|1\n|\n|t:|1701114256\n|move|p2a: Ribombee|Stun Spore|p1a: Tornadus\n|-status|p1a: Tornadus|par\n|move|p1a: Tornadus|Hurricane|p2a: Ribombee\n|-supereffective|p2a: Ribombee\n|-enditem|p2a: Ribombee|Focus Sash\n|-damage|p2a: Ribombee|1\/100\n|\n|upkeep\n|turn|2\n|\n|t:|1701114269\n|move|p2a: Ribombee|Sticky Web|p1a: Tornadus\n|-sidestart|p1: sittingduck1080|move: Sticky Web\n|move|p1a: Tornadus|Hurricane|p2a: Ribombee\n|-supereffective|p2a: Ribombee\n|-damage|p2a: Ribombee|0 fnt\n|faint|p2a: Ribombee\n|\n|upkeep\n|\n|t:|1701114278\n|switch|p2a: Swoobat|Swoobat, F|100\/100\n|turn|3\n|\n|t:|1701114281\n|move|p2a: Swoobat|Calm Mind|p2a: Swoobat\n|-boost|p2a: Swoobat|spa|2\n|-boost|p2a: Swoobat|spd|2\n|move|p1a: Tornadus|Defog|p2a: Swoobat\n|-unboost|p2a: Swoobat|evasion|2\n|-sideend|p1: sittingduck1080|Sticky Web|[from] move: Defog|[of] p1a: Tornadus\n|\n|upkeep\n|turn|4\n|\n|t:|1701114290\n|switch|p1a: Tyranitar|Tyranitar, M|100\/100\n|-weather|Sandstorm|[from] ability: Sand Stream|[of] p1a: Tyranitar\n|move|p2a: Swoobat|Calm Mind|p2a: Swoobat\n|-boost|p2a: Swoobat|spa|2\n|-boost|p2a: Swoobat|spd|2\n|\n|-weather|Sandstorm|[upkeep]\n|-damage|p2a: Swoobat|94\/100|[from] Sandstorm\n|upkeep\n|turn|5\n|\n|t:|1701114302\n|detailschange|p1a: Tyranitar|Tyranitar-Mega, M\n|-mega|p1a: Tyranitar|Tyranitar|Tyranitarite\n|move|p2a: Swoobat|Air Slash|p1a: Tyranitar\n|-resisted|p1a: Tyranitar\n|-damage|p1a: Tyranitar|79\/100\n|cant|p1a: Tyranitar|flinch\n|\n|-weather|Sandstorm|[upkeep]\n|-damage|p2a: Swoobat|88\/100|[from] Sandstorm\n|upkeep\n|turn|6\n|\n|t:|1701114313\n|move|p2a: Swoobat|Air Slash|p1a: Tyranitar\n|-resisted|p1a: Tyranitar\n|-damage|p1a: Tyranitar|57\/100\n|move|p1a: Tyranitar|Knock Off|p2a: Swoobat\n|-supereffective|p2a: Swoobat\n|-damage|p2a: Swoobat|0 fnt\n|-enditem|p2a: Swoobat|Salac Berry|[from] move: Knock Off|[of] p1a: Tyranitar\n|faint|p2a: Swoobat\n|\n|-weather|Sandstorm|[upkeep]\n|upkeep\n|\n|t:|1701114317\n|switch|p2a: Kartana|Kartana|100\/100\n|turn|7\n|\n|t:|1701114330\n|switch|p1a: Slowking|Slowking-Galar, M, shiny|100\/100\n|move|p2a: Kartana|Leaf Blade|p1a: Slowking\n|-resisted|p1a: Slowking\n|-damage|p1a: Slowking|79\/100\n|\n|-weather|Sandstorm|[upkeep]\n|-damage|p1a: Slowking|73\/100|[from] Sandstorm\n|upkeep\n|turn|8\n|\n|t:|1701114339\n|move|p2a: Kartana|Knock Off|p1a: Slowking\n|-supereffective|p1a: Slowking\n|-damage|p1a: Slowking|11\/100\n|-enditem|p1a: Slowking|Heavy-Duty Boots|[from] move: Knock Off|[of] p2a: Kartana\n|move|p1a: Slowking|Thunder Wave|p2a: Kartana\n|-status|p2a: Kartana|par\n|\n|-weather|none\n|upkeep\n|turn|9\n|\n|t:|1701114351\n|switch|p1a: Tornadus|Tornadus-Therian, M, shiny|100\/100 par\n|move|p2a: Kartana|Knock Off|p1a: Tornadus\n|-damage|p1a: Tornadus|64\/100 par\n|\n|upkeep\n|turn|10\n|\n|t:|1701114363\n|switch|p2a: Aggron|Aggron, F|100\/100\n|cant|p1a: Tornadus|par\n|\n|upkeep\n|turn|11\n|\n|t:|1701114370\n|detailschange|p2a: Aggron|Aggron-Mega, F\n|-mega|p2a: Aggron|Aggron|Aggronite\n|move|p1a: Tornadus|Focus Blast|p2a: Aggron\n|-supereffective|p2a: Aggron\n|-damage|p2a: Aggron|36\/100\n|move|p2a: Aggron|Heavy Slam|p1a: Tornadus\n|-damage|p1a: Tornadus|1\/100 par\n|\n|upkeep\n|turn|12\n|\n|t:|1701114381\n|switch|p1a: Gliscor|Gliscor, M, shiny|100\/100\n|move|p2a: Aggron|Rest|p2a: Aggron\n|-status|p2a: Aggron|slp|[from] move: Rest\n|-heal|p2a: Aggron|100\/100 slp|[silent]\n|\n|-status|p1a: Gliscor|tox|[from] item: Toxic Orb\n|upkeep\n|turn|13\n|\n|t:|1701114394\n|switch|p2a: Sableye|Sableye, M|100\/100\n|move|p1a: Gliscor|Spikes|p2a: Sableye\n|-sidestart|p2: Mysteryflame|Spikes\n|\n|upkeep\n|turn|14\n|\n|t:|1701114402\n|move|p2a: Sableye|Encore|p1a: Gliscor\n|-start|p1a: Gliscor|Encore\n|move|p1a: Gliscor|Spikes|p2a: Sableye\n|-sidestart|p2: Mysteryflame|Spikes\n|\n|upkeep\n|turn|15\n|\n|t:|1701114411\n|switch|p1a: Heatran|Heatran, M, shiny|100\/100\n|switch|p2a: Kartana|Kartana|100\/100 par\n|-damage|p2a: Kartana|84\/100 par|[from] Spikes\n|\n|upkeep\n|turn|16\n|\n|t:|1701114420\n|move|p1a: Heatran|Magma Storm|p2a: Kartana\n|-supereffective|p2a: Kartana\n|-damage|p2a: Kartana|0 fnt\n|faint|p2a: Kartana\n|\n|upkeep\n|-message|Mysteryflame forfeited.\n|\n|win|sittingduck1080\n|raw|sittingduck1080's rating: 1434 &rarr; <strong>1459<\/strong><br \/>(+25 for winning)\n|raw|Mysteryflame's rating: 1519 &rarr; <strong>1494<\/strong><br \/>(-25 for losing)\n|l|\u2606Mysteryflame\n","uploadtime":1701114429,"views":4,"p1id":"sittingduck1080","p2id":"mysteryflame","formatid":"gen9nationaldex","rating":1459,"private":0,"password":""}