{"id":"gen9nationaldex-1999108400","p1":"Prekoniker","p2":"MunchingPatato","format":"[Gen 9] National Dex","log":"|html|<div class=\"broadcast-blue\"><strong>[Gen 9] National Dex is currently suspecting Sneasler! For information on how to participate check out the <a href=\"https:\/\/www.smogon.com\/forums\/threads\/sv-national-dex-suspect-8-just-dance.3731534\/\">suspect thread<\/a>.<\/strong><\/div>\n|j|\u2606Prekoniker\n|j|\u2606MunchingPatato\n|t:|1701034015\n|gametype|singles\n|player|p1|Prekoniker|102|\n|player|p2|MunchingPatato|preschooler|\n|teamsize|p1|6\n|teamsize|p2|6\n|gen|9\n|tier|[Gen 9] National Dex\n|rule|HP Percentage Mod: HP is shown in percentages\n|rule|Endless Battle Clause: Forcing endless battles is banned\n|rule|OHKO Clause: OHKO moves are banned\n|rule|Evasion Clause: Evasion abilities, items, and moves are banned\n|rule|Evasion Abilities Clause: Evasion abilities are banned\n|rule|Evasion Items Clause: Evasion items are banned\n|rule|Evasion Moves Clause: Evasion moves are banned\n|rule|Species Clause: Limit one of each Pok\u00e9mon\n|rule|Sleep Clause Mod: Limit one foe put to sleep\n|clearpoke\n|poke|p1|Galvantula, F|\n|poke|p1|Zapdos|\n|poke|p1|Magnezone|\n|poke|p1|Lanturn, F|\n|poke|p1|Jolteon, M|\n|poke|p1|Luxray, M|\n|poke|p2|Torkoal, M|\n|poke|p2|Charizard, F|\n|poke|p2|Leafeon, M|\n|poke|p2|Garganacl, M|\n|poke|p2|Raichu-Alola, M|\n|poke|p2|Lucario, F|\n|teampreview\n|\n|t:|1701034040\n|start\n|switch|p1a: Galvantula|Galvantula, F|100\/100\n|switch|p2a: Torkoal|Torkoal, M|100\/100\n|-weather|SunnyDay|[from] ability: Drought|[of] p2a: Torkoal\n|turn|1\n|\n|t:|1701034049\n|move|p1a: Galvantula|Sticky Web|p2a: Torkoal\n|-sidestart|p2: MunchingPatato|move: Sticky Web\n|move|p2a: Torkoal|Lava Plume|p1a: Galvantula\n|-supereffective|p1a: Galvantula\n|-enditem|p1a: Galvantula|Focus Sash\n|-damage|p1a: Galvantula|1\/100\n|\n|-weather|SunnyDay|[upkeep]\n|upkeep\n|turn|2\n|\n|t:|1701034065\n|move|p1a: Galvantula|Bug Buzz|p2a: Torkoal\n|-resisted|p2a: Torkoal\n|-damage|p2a: Torkoal|74\/100\n|-unboost|p2a: Torkoal|spd|1\n|move|p2a: Torkoal|Rapid Spin|p1a: Galvantula\n|-damage|p1a: Galvantula|0 fnt\n|-boost|p2a: Torkoal|spe|1\n|-sideend|p2: MunchingPatato|Sticky Web|[from] move: Rapid Spin|[of] p2a: Torkoal\n|faint|p1a: Galvantula\n|\n|-weather|SunnyDay|[upkeep]\n|-heal|p2a: Torkoal|80\/100|[from] item: Leftovers\n|upkeep\n|\n|t:|1701034086\n|switch|p1a: Magnezone|Magnezone|100\/100\n|turn|3\n|\n|t:|1701034103\n|switch|p1a: Lanturn|Lanturn, F|100\/100\n|switch|p2a: Garganacl|Garganacl, M|100\/100\n|\n|-weather|SunnyDay|[upkeep]\n|upkeep\n|turn|4\n|\n|t:|1701034116\n|switch|p2a: Raichu|Raichu-Alola, M|100\/100\n|move|p1a: Lanturn|Scald|p2a: Raichu\n|-damage|p2a: Raichu|79\/100\n|\n|-weather|SunnyDay|[upkeep]\n|upkeep\n|turn|5\n|\n|t:|1701034139\n|switch|p1a: Jolteon|Jolteon, M|100\/100\n|move|p2a: Raichu|Nasty Plot|p2a: Raichu\n|-boost|p2a: Raichu|spa|2\n|\n|-weather|none\n|upkeep\n|turn|6\n|\n|t:|1701034163\n|move|p1a: Jolteon|Volt Switch|p2a: Raichu\n|-resisted|p2a: Raichu\n|-damage|p2a: Raichu|44\/100\n|\n|t:|1701034172\n|switch|p1a: Magnezone|Magnezone|100\/100|[from] Volt Switch\n|move|p2a: Raichu|Psyshock|p1a: Magnezone\n|-resisted|p1a: Magnezone\n|-damage|p1a: Magnezone|69\/100\n|\n|upkeep\n|turn|7\n|\n|t:|1701034183\n|switch|p2a: Torkoal|Torkoal, M|80\/100\n|-weather|SunnyDay|[from] ability: Drought|[of] p2a: Torkoal\n|move|p1a: Magnezone|Volt Switch|p2a: Torkoal\n|-damage|p2a: Torkoal|0 fnt\n|faint|p2a: Torkoal\n|\n|t:|1701034197\n|switch|p1a: Jolteon|Jolteon, M|100\/100|[from] Volt Switch\n|\n|-weather|SunnyDay|[upkeep]\n|upkeep\n|\n|t:|1701034201\n|switch|p2a: Leafeon|Leafeon, M|100\/100\n|turn|8\n|\n|t:|1701034208\n|move|p2a: Leafeon|Solar Blade||[still]\n|-prepare|p2a: Leafeon|Solar Blade\n|-anim|p2a: Leafeon|Solar Blade|p1a: Jolteon\n|-damage|p1a: Jolteon|0 fnt\n|faint|p1a: Jolteon\n|\n|-weather|SunnyDay|[upkeep]\n|upkeep\n|\n|t:|1701034224\n|switch|p1a: Luxray|Luxray, M|100\/100\n|-ability|p1a: Luxray|Intimidate|boost\n|-unboost|p2a: Leafeon|atk|1\n|turn|9\n|\n|t:|1701034233\n|move|p2a: Leafeon|Solar Blade||[still]\n|-prepare|p2a: Leafeon|Solar Blade\n|-anim|p2a: Leafeon|Solar Blade|p1a: Luxray\n|-damage|p1a: Luxray|49\/100\n|move|p1a: Luxray|Fire Fang|p2a: Leafeon\n|-supereffective|p2a: Leafeon\n|-damage|p2a: Leafeon|28\/100\n|\n|-weather|SunnyDay|[upkeep]\n|upkeep\n|turn|10\n|\n|t:|1701034257\n|move|p2a: Leafeon|Solar Blade||[still]\n|-prepare|p2a: Leafeon|Solar Blade\n|-anim|p2a: Leafeon|Solar Blade|p1a: Luxray\n|-damage|p1a: Luxray|2\/100\n|move|p1a: Luxray|Fire Fang|p2a: Leafeon\n|-supereffective|p2a: Leafeon\n|-damage|p2a: Leafeon|0 fnt\n|faint|p2a: Leafeon\n|\n|-weather|SunnyDay|[upkeep]\n|upkeep\n|\n|t:|1701034268\n|switch|p2a: Charizard|Charizard, F|100\/100\n|turn|11\n|\n|t:|1701034277\n|move|p2a: Charizard|Flamethrower|p1a: Luxray\n|-damage|p1a: Luxray|0 fnt\n|faint|p1a: Luxray\n|\n|-weather|none\n|upkeep\n|\n|t:|1701034280\n|switch|p1a: Zapdos|Zapdos|100\/100\n|turn|12\n|\n|t:|1701034289\n|switch|p2a: Garganacl|Garganacl, M|100\/100\n|move|p1a: Zapdos|Discharge|p2a: Garganacl\n|-damage|p2a: Garganacl|79\/100\n|\n|-heal|p2a: Garganacl|85\/100|[from] item: Leftovers\n|upkeep\n|turn|13\n|\n|t:|1701034297\n|move|p1a: Zapdos|Volt Switch|p2a: Garganacl\n|-damage|p2a: Garganacl|62\/100\n|\n|t:|1701034304\n|switch|p1a: Magnezone|Magnezone|69\/100|[from] Volt Switch\n|move|p2a: Garganacl|Salt Cure|p1a: Magnezone\n|-resisted|p1a: Magnezone\n|-damage|p1a: Magnezone|64\/100\n|-start|p1a: Magnezone|Salt Cure\n|\n|-heal|p2a: Garganacl|68\/100|[from] item: Leftovers\n|-damage|p1a: Magnezone|39\/100|[from] Salt Cure\n|upkeep\n|turn|14\n|\n|t:|1701034313\n|move|p1a: Magnezone|Volt Switch|p2a: Garganacl\n|-damage|p2a: Garganacl|28\/100\n|\n|t:|1701034317\n|switch|p1a: Lanturn|Lanturn, F|100\/100|[from] Volt Switch\n|move|p2a: Garganacl|Recover|p2a: Garganacl\n|-heal|p2a: Garganacl|78\/100\n|\n|-heal|p2a: Garganacl|84\/100|[from] item: Leftovers\n|upkeep\n|turn|15\n|\n|t:|1701034385\n|move|p1a: Lanturn|Scald|p2a: Garganacl\n|-supereffective|p2a: Garganacl\n|-damage|p2a: Garganacl|43\/100\n|move|p2a: Garganacl|Salt Cure|p1a: Lanturn\n|-damage|p1a: Lanturn|82\/100\n|-start|p1a: Lanturn|Salt Cure\n|\n|-heal|p1a: Lanturn|88\/100|[from] item: Leftovers\n|-heal|p2a: Garganacl|49\/100|[from] item: Leftovers\n|-damage|p1a: Lanturn|63\/100|[from] Salt Cure\n|upkeep\n|turn|16\n|\n|t:|1701034399\n|move|p1a: Lanturn|Volt Switch|p2a: Garganacl\n|-damage|p2a: Garganacl|29\/100\n|\n|t:|1701034402\n|switch|p1a: Magnezone|Magnezone|39\/100|[from] Volt Switch\n|move|p2a: Garganacl|Recover|p2a: Garganacl\n|-heal|p2a: Garganacl|79\/100\n|\n|-heal|p2a: Garganacl|85\/100|[from] item: Leftovers\n|upkeep\n|turn|17\n|\n|t:|1701034416\n|move|p1a: Magnezone|Flash Cannon|p2a: Garganacl\n|-supereffective|p2a: Garganacl\n|-damage|p2a: Garganacl|0 fnt\n|faint|p2a: Garganacl\n|\n|upkeep\n|\n|t:|1701034422\n|switch|p2a: Raichu|Raichu-Alola, M|44\/100\n|turn|18\n|\n|t:|1701034436\n|move|p2a: Raichu|Nasty Plot|p2a: Raichu\n|-boost|p2a: Raichu|spa|2\n|move|p1a: Magnezone|Flash Cannon|p2a: Raichu\n|-resisted|p2a: Raichu\n|-damage|p2a: Raichu|0 fnt\n|faint|p2a: Raichu\n|\n|upkeep\n|\n|t:|1701034453\n|switch|p2a: Lucario|Lucario, F|100\/100\n|turn|19\n|\n|t:|1701034469\n|move|p2a: Lucario|Extreme Speed|p1a: Magnezone\n|-resisted|p1a: Magnezone\n|-damage|p1a: Magnezone|23\/100\n|move|p1a: Magnezone|Flash Cannon|p2a: Lucario\n|-resisted|p2a: Lucario\n|-damage|p2a: Lucario|45\/100\n|\n|upkeep\n|turn|20\n|\n|t:|1701034475\n|switch|p2a: Charizard|Charizard, F|100\/100\n|move|p1a: Magnezone|Flash Cannon|p2a: Charizard\n|-resisted|p2a: Charizard\n|-crit|p2a: Charizard\n|-damage|p2a: Charizard|28\/100\n|\n|upkeep\n|turn|21\n|\n|t:|1701034490\n|move|p2a: Charizard|Flamethrower|p1a: Magnezone\n|-supereffective|p1a: Magnezone\n|-damage|p1a: Magnezone|0 fnt\n|faint|p1a: Magnezone\n|\n|upkeep\n|\n|t:|1701034497\n|switch|p1a: Zapdos|Zapdos|100\/100\n|turn|22\n|\n|t:|1701034504\n|move|p2a: Charizard|Flamethrower|p1a: Zapdos\n|-damage|p1a: Zapdos|76\/100\n|-status|p1a: Zapdos|brn\n|move|p1a: Zapdos|Discharge|p2a: Charizard\n|-supereffective|p2a: Charizard\n|-damage|p2a: Charizard|0 fnt\n|faint|p2a: Charizard\n|\n|-damage|p1a: Zapdos|70\/100 brn|[from] brn\n|upkeep\n|\n|t:|1701034513\n|switch|p2a: Lucario|Lucario, F|45\/100\n|turn|23\n|\n|t:|1701034527\n|move|p2a: Lucario|Crunch|p1a: Zapdos\n|-damage|p1a: Zapdos|39\/100 brn\n|-unboost|p1a: Zapdos|def|1\n|-status|p2a: Lucario|par|[from] ability: Static|[of] p1a: Zapdos\n|move|p1a: Zapdos|Heat Wave|p2a: Lucario\n|-supereffective|p2a: Lucario\n|-damage|p2a: Lucario|0 fnt\n|faint|p2a: Lucario\n|\n|win|Prekoniker\n|c|\u2606MunchingPatato|gg\n|l|\u2606Prekoniker\n","uploadtime":1701036713,"views":20,"p1id":"prekoniker","p2id":"munchingpatato","formatid":"gen9nationaldex","rating":0,"private":0,"password":""}