{"id":"gen9nationaldex-1989618167","p1":"Pokrunk","p2":"put the raw in men","format":"[Gen 9] National Dex","log":"|j|\u2606Pokrunk\n|j|\u2606put the raw in men\n|t:|1699879508\n|gametype|singles\n|player|p1|Pokrunk|red-gen1rb|1675\n|player|p2|put the raw in men|blackbelt-gen4dp|1599\n|teamsize|p1|6\n|teamsize|p2|6\n|gen|9\n|tier|[Gen 9] National Dex\n|rated|\n|rule|HP Percentage Mod: HP is shown in percentages\n|rule|Endless Battle Clause: Forcing endless battles is banned\n|rule|OHKO Clause: OHKO moves are banned\n|rule|Evasion Clause: Evasion abilities, items, and moves are banned\n|rule|Evasion Abilities Clause: Evasion abilities are banned\n|rule|Evasion Items Clause: Evasion items are banned\n|rule|Evasion Moves Clause: Evasion moves are banned\n|rule|Species Clause: Limit one of each Pok\u00e9mon\n|rule|Sleep Clause Mod: Limit one foe put to sleep\n|clearpoke\n|poke|p1|Kleavor, M|\n|poke|p1|Aegislash, F|\n|poke|p1|Garchomp, M|\n|poke|p1|Alomomola, M|\n|poke|p1|Urshifu-*, M|\n|poke|p1|Ogerpon, F|\n|poke|p2|Kyurem|\n|poke|p2|Urshifu-*, F|\n|poke|p2|Scizor, M|\n|poke|p2|Corviknight, F|\n|poke|p2|Blissey, F|\n|poke|p2|Alomomola, F|\n|teampreview\n|inactive|Battle timer is ON: inactive players will automatically lose when time's up. (requested by put the raw in men)\n|\n|t:|1699879516\n|start\n|switch|p1a: Kleavor|Kleavor, M|100\/100\n|switch|p2a: Urshifu|Urshifu-Rapid-Strike, F|100\/100\n|turn|1\n|\n|t:|1699879520\n|switch|p1a: Alomomola|Alomomola, M|100\/100\n|move|p2a: Urshifu|Surging Strikes|p1a: Alomomola\n|-resisted|p1a: Alomomola\n|-crit|p1a: Alomomola\n|-damage|p1a: Alomomola|94\/100\n|-damage|p2a: Urshifu|84\/100|[from] item: Rocky Helmet|[of] p1a: Alomomola\n|-resisted|p1a: Alomomola\n|-crit|p1a: Alomomola\n|-damage|p1a: Alomomola|89\/100\n|-damage|p2a: Urshifu|68\/100|[from] item: Rocky Helmet|[of] p1a: Alomomola\n|-resisted|p1a: Alomomola\n|-crit|p1a: Alomomola\n|-damage|p1a: Alomomola|83\/100\n|-damage|p2a: Urshifu|51\/100|[from] item: Rocky Helmet|[of] p1a: Alomomola\n|-hitcount|p1a: Alomomola|3\n|\n|upkeep\n|turn|2\n|\n|t:|1699879525\n|switch|p2a: Corviknight|Corviknight, F|100\/100\n|-ability|p2a: Corviknight|Pressure\n|move|p1a: Alomomola|Flip Turn|p2a: Corviknight\n|-damage|p2a: Corviknight|90\/100\n|-damage|p1a: Alomomola|66\/100|[from] item: Rocky Helmet|[of] p2a: Corviknight\n|\n|t:|1699879532\n|switch|p1a: Aegislash|Aegislash, F|100\/100|[from] Flip Turn\n|\n|upkeep\n|turn|3\n|\n|t:|1699879535\n|switch|p2a: Blissey|Blissey, F|100\/100\n|move|p1a: Aegislash|Swords Dance|p1a: Aegislash\n|-boost|p1a: Aegislash|atk|2\n|\n|upkeep\n|turn|4\n|\n|t:|1699879543\n|switch|p2a: Alomomola|Alomomola, F|100\/100\n|-formechange|p1a: Aegislash|Aegislash-Blade||[from] ability: Stance Change\n|move|p1a: Aegislash|Close Combat|p2a: Alomomola\n|-damage|p2a: Alomomola|45\/100\n|-unboost|p1a: Aegislash|def|1\n|-unboost|p1a: Aegislash|spd|1\n|\n|upkeep\n|turn|5\n|\n|t:|1699879550\n|move|p1a: Aegislash|Close Combat|p2a: Alomomola\n|-damage|p2a: Alomomola|0 fnt\n|-unboost|p1a: Aegislash|def|1\n|-unboost|p1a: Aegislash|spd|1\n|faint|p2a: Alomomola\n|\n|upkeep\n|\n|t:|1699879554\n|switch|p2a: Kyurem|Kyurem|100\/100\n|-ability|p2a: Kyurem|Pressure\n|turn|6\n|\n|t:|1699879559\n|switch|p1a: Kleavor|Kleavor, M|100\/100\n|move|p2a: Kyurem|Earth Power|p1a: Kleavor\n|-damage|p1a: Kleavor|20\/100\n|\n|upkeep\n|turn|7\n|\n|t:|1699879564\n|move|p2a: Kyurem|Earth Power|p1a: Kleavor\n|-damage|p1a: Kleavor|0 fnt\n|faint|p1a: Kleavor\n|\n|upkeep\n|\n|t:|1699879568\n|switch|p1a: Urshifu|Urshifu-Rapid-Strike, M|100\/100\n|turn|8\n|\n|t:|1699879578\n|switch|p2a: Corviknight|Corviknight, F|90\/100\n|-ability|p2a: Corviknight|Pressure\n|move|p1a: Urshifu|Swords Dance|p1a: Urshifu\n|-boost|p1a: Urshifu|atk|2\n|\n|upkeep\n|turn|9\n|\n|t:|1699879580\n|move|p1a: Urshifu|Surging Strikes|p2a: Corviknight\n|-crit|p2a: Corviknight\n|-damage|p2a: Corviknight|63\/100\n|-crit|p2a: Corviknight\n|-damage|p2a: Corviknight|35\/100\n|-crit|p2a: Corviknight\n|-damage|p2a: Corviknight|7\/100\n|-hitcount|p2a: Corviknight|3\n|move|p2a: Corviknight|Brave Bird|p1a: Urshifu\n|-supereffective|p1a: Urshifu\n|-damage|p1a: Urshifu|30\/100\n|-damage|p2a: Corviknight|0 fnt|[from] Recoil\n|faint|p2a: Corviknight\n|\n|upkeep\n|\n|t:|1699879585\n|switch|p2a: Urshifu|Urshifu-Rapid-Strike, F|51\/100\n|turn|10\n|\n|t:|1699879590\n|move|p2a: Urshifu|Close Combat|p1a: Urshifu\n|-damage|p1a: Urshifu|0 fnt\n|-unboost|p2a: Urshifu|def|1\n|-unboost|p2a: Urshifu|spd|1\n|faint|p1a: Urshifu\n|\n|upkeep\n|\n|t:|1699879593\n|switch|p1a: Aegislash|Aegislash, F|100\/100\n|turn|11\n|\n|t:|1699879595\n|switch|p2a: Scizor|Scizor, M|100\/100\n|move|p1a: Aegislash|Swords Dance|p1a: Aegislash\n|-boost|p1a: Aegislash|atk|2\n|\n|upkeep\n|turn|12\n|\n|t:|1699879601\n|detailschange|p2a: Scizor|Scizor-Mega, M\n|-mega|p2a: Scizor|Scizor|Scizorite\n|-zpower|p1a: Aegislash\n|-formechange|p1a: Aegislash|Aegislash-Blade||[from] ability: Stance Change\n|move|p1a: Aegislash|Never-Ending Nightmare|p2a: Scizor|[zeffect]\n|-damage|p2a: Scizor|0 fnt\n|faint|p2a: Scizor\n|\n|upkeep\n|\n|t:|1699879609\n|switch|p2a: Kyurem|Kyurem|100\/100\n|-ability|p2a: Kyurem|Pressure\n|turn|13\n|\n|t:|1699879612\n|switch|p1a: Alomomola|Alomomola, M|99\/100\n|move|p2a: Kyurem|Earth Power|p1a: Alomomola\n|-crit|p1a: Alomomola\n|-damage|p1a: Alomomola|30\/100\n|\n|upkeep\n|turn|14\n|\n|t:|1699879617\n|switch|p1a: Ogerpon|Ogerpon, F|100\/100\n|move|p2a: Kyurem|Earth Power|p1a: Ogerpon\n|-resisted|p1a: Ogerpon\n|-damage|p1a: Ogerpon|73\/100\n|\n|upkeep\n|turn|15\n|\n|t:|1699879622\n|switch|p2a: Blissey|Blissey, F|100\/100\n|move|p1a: Ogerpon|Superpower|p2a: Blissey\n|-supereffective|p2a: Blissey\n|-damage|p2a: Blissey|9\/100\n|-unboost|p1a: Ogerpon|atk|1\n|-unboost|p1a: Ogerpon|def|1\n|-damage|p1a: Ogerpon|63\/100|[from] item: Life Orb\n|\n|upkeep\n|turn|16\n|\n|t:|1699879625\n|move|p1a: Ogerpon|Knock Off|p2a: Blissey\n|-damage|p2a: Blissey|0 fnt\n|-enditem|p2a: Blissey|Heavy-Duty Boots|[from] move: Knock Off|[of] p1a: Ogerpon\n|faint|p2a: Blissey\n|-damage|p1a: Ogerpon|53\/100|[from] item: Life Orb\n|\n|upkeep\n|\n|t:|1699879628\n|switch|p2a: Kyurem|Kyurem|100\/100\n|-ability|p2a: Kyurem|Pressure\n|turn|17\n|\n|t:|1699879638\n|switch|p1a: Alomomola|Alomomola, M|63\/100\n|move|p2a: Kyurem|Freeze-Dry|p1a: Alomomola\n|-supereffective|p1a: Alomomola\n|-damage|p1a: Alomomola|0 fnt\n|faint|p1a: Alomomola\n|\n|upkeep\n|\n|t:|1699879641\n|switch|p1a: Aegislash|Aegislash, F|100\/100\n|turn|18\n|\n|t:|1699879649\n|switch|p2a: Urshifu|Urshifu-Rapid-Strike, F|51\/100\n|-formechange|p1a: Aegislash|Aegislash-Blade||[from] ability: Stance Change\n|move|p1a: Aegislash|Close Combat|p2a: Urshifu\n|-damage|p2a: Urshifu|6\/100\n|-unboost|p1a: Aegislash|def|1\n|-unboost|p1a: Aegislash|spd|1\n|\n|upkeep\n|turn|19\n|\n|t:|1699879654\n|move|p1a: Aegislash|Shadow Sneak|p2a: Urshifu\n|-damage|p2a: Urshifu|0 fnt\n|faint|p2a: Urshifu\n|\n|upkeep\n|\n|t:|1699879657\n|switch|p2a: Kyurem|Kyurem|100\/100\n|-ability|p2a: Kyurem|Pressure\n|turn|20\n|\n|t:|1699879663\n|switch|p1a: Garchomp|Garchomp, M|100\/100\n|move|p2a: Kyurem|Earth Power|p1a: Garchomp\n|-damage|p1a: Garchomp|48\/100\n|\n|upkeep\n|turn|21\n|\n|t:|1699879667\n|-terastallize|p2a: Kyurem|Ground\n|move|p1a: Garchomp|Scale Shot|p2a: Kyurem\n|-damage|p2a: Kyurem|87\/100\n|-damage|p2a: Kyurem|74\/100\n|-damage|p2a: Kyurem|63\/100\n|-damage|p2a: Kyurem|50\/100\n|-hitcount|p2a: Kyurem|4\n|-unboost|p1a: Garchomp|def|1\n|-boost|p1a: Garchomp|spe|1\n|move|p2a: Kyurem|Earth Power|p1a: Garchomp\n|-damage|p1a: Garchomp|0 fnt\n|faint|p1a: Garchomp\n|\n|upkeep\n|-message|put the raw in men forfeited.\n|\n|win|Pokrunk\n|raw|Pokrunk's rating: 1675 &rarr; <strong>1691<\/strong><br \/>(+16 for winning)\n|raw|put the raw in men's rating: 1599 &rarr; <strong>1583<\/strong><br \/>(-16 for losing)\n|l|\u2606put the raw in men\n","uploadtime":1699879677,"views":5,"p1id":"pokrunk","p2id":"puttherawinmen","formatid":"gen9nationaldex","rating":1583,"private":0,"password":""}