{"id":"gen9nationaldex-1998086389","p1":"TheIllustriousYUBI","p2":"DrippinSauce","format":"[Gen 9] National Dex","log":"|html|<div class=\"broadcast-blue\"><strong>[Gen 9] National Dex is currently suspecting Sneasler! For information on how to participate check out the <a href=\"https:\/\/www.smogon.com\/forums\/threads\/sv-national-dex-suspect-8-just-dance.3731534\/\">suspect thread<\/a>.<\/strong><\/div>\n|j|\u2606TheIllustriousYUBI\n|j|\u2606DrippinSauce\n|t:|1700889028\n|gametype|singles\n|player|p1|TheIllustriousYUBI|brycenman|1581\n|player|p2|DrippinSauce|cynthia-masters|1539\n|teamsize|p1|6\n|teamsize|p2|6\n|gen|9\n|tier|[Gen 9] National Dex\n|rated|\n|rule|HP Percentage Mod: HP is shown in percentages\n|rule|Endless Battle Clause: Forcing endless battles is banned\n|rule|OHKO Clause: OHKO moves are banned\n|rule|Evasion Clause: Evasion abilities, items, and moves are banned\n|rule|Evasion Abilities Clause: Evasion abilities are banned\n|rule|Evasion Items Clause: Evasion items are banned\n|rule|Evasion Moves Clause: Evasion moves are banned\n|rule|Species Clause: Limit one of each Pok\u00e9mon\n|rule|Sleep Clause Mod: Limit one foe put to sleep\n|clearpoke\n|poke|p1|Steelix, F|\n|poke|p1|Tyranitar, F|\n|poke|p1|Rillaboom, F|\n|poke|p1|Sneasler, M|\n|poke|p1|Rotom-Wash|\n|poke|p1|Kartana|\n|poke|p2|Heatran, M|\n|poke|p2|Ninetales-Alola, F|\n|poke|p2|Great Tusk|\n|poke|p2|Iron Hands|\n|poke|p2|Latias, F|\n|poke|p2|Kommo-o, M|\n|teampreview\n|inactive|Battle timer is ON: inactive players will automatically lose when time's up. (requested by TheIllustriousYUBI)\n|\n|t:|1700889045\n|start\n|switch|p1a: Tyranitar|Tyranitar, F|100\/100\n|switch|p2a: Molten|Heatran, M, shiny|100\/100\n|-weather|Sandstorm|[from] ability: Sand Stream|[of] p1a: Tyranitar\n|turn|1\n|\n|t:|1700889054\n|move|p2a: Molten|Toxic|p1a: Tyranitar\n|-status|p1a: Tyranitar|tox\n|move|p1a: Tyranitar|Knock Off|p2a: Molten\n|-damage|p2a: Molten|58\/100\n|-enditem|p2a: Molten|Leftovers|[from] move: Knock Off|[of] p1a: Tyranitar\n|\n|-weather|Sandstorm|[upkeep]\n|-damage|p1a: Tyranitar|94\/100 tox|[from] psn\n|upkeep\n|turn|2\n|\n|t:|1700889072\n|switch|p2a: Tuskin|Great Tusk|100\/100\n|move|p1a: Tyranitar|Knock Off|p2a: Tuskin\n|-resisted|p2a: Tuskin\n|-damage|p2a: Tuskin|88\/100\n|-enditem|p2a: Tuskin|Leftovers|[from] move: Knock Off|[of] p1a: Tyranitar\n|\n|-weather|Sandstorm|[upkeep]\n|-damage|p1a: Tyranitar|82\/100 tox|[from] psn\n|upkeep\n|turn|3\n|\n|t:|1700889076\n|switch|p1a: Rotom|Rotom-Wash|100\/100\n|move|p2a: Tuskin|Earthquake|p1a: Rotom\n|-immune|p1a: Rotom|[from] ability: Levitate\n|\n|-weather|Sandstorm|[upkeep]\n|-damage|p1a: Rotom|95\/100|[from] Sandstorm\n|upkeep\n|turn|4\n|\n|t:|1700889081\n|-end|p2a: Tuskin|Protosynthesis|[silent]\n|switch|p2a: Molten|Heatran, M, shiny|58\/100\n|move|p1a: Rotom|Hydro Pump|p2a: Molten\n|-supereffective|p2a: Molten\n|-damage|p2a: Molten|10\/100\n|\n|-weather|Sandstorm|[upkeep]\n|-damage|p1a: Rotom|89\/100|[from] Sandstorm\n|upkeep\n|turn|5\n|\n|t:|1700889087\n|move|p1a: Rotom|Volt Switch|p2a: Molten\n|-damage|p2a: Molten|0 fnt\n|faint|p2a: Molten\n|\n|t:|1700889099\n|switch|p1a: Rillaboom|Rillaboom, F|100\/100|[from] Volt Switch\n|-fieldstart|move: Grassy Terrain|[from] ability: Grassy Surge|[of] p1a: Rillaboom\n|\n|-weather|none\n|upkeep\n|\n|t:|1700889119\n|switch|p2a: Screamin|Kommo-o, M|100\/100\n|turn|6\n|\n|t:|1700889143\n|move|p2a: Screamin|Clangorous Soul|p2a: Screamin\n|-boost|p2a: Screamin|atk|1\n|-boost|p2a: Screamin|def|1\n|-boost|p2a: Screamin|spa|1\n|-boost|p2a: Screamin|spd|1\n|-boost|p2a: Screamin|spe|1\n|-damage|p2a: Screamin|68\/100\n|-enditem|p2a: Screamin|Throat Spray\n|-boost|p2a: Screamin|spa|1|[from] item: Throat Spray\n|move|p1a: Rillaboom|Superpower|p2a: Screamin\n|-damage|p2a: Screamin|27\/100\n|-unboost|p1a: Rillaboom|atk|1\n|-unboost|p1a: Rillaboom|def|1\n|\n|-heal|p2a: Screamin|33\/100|[from] Grassy Terrain\n|upkeep\n|turn|7\n|\n|t:|1700889156\n|switch|p1a: Tyranitar|Tyranitar, F|82\/100 tox\n|-weather|Sandstorm|[from] ability: Sand Stream|[of] p1a: Tyranitar\n|move|p2a: Screamin|Flamethrower|p1a: Tyranitar\n|-resisted|p1a: Tyranitar\n|-damage|p1a: Tyranitar|72\/100 tox\n|\n|-weather|Sandstorm|[upkeep]\n|-damage|p2a: Screamin|27\/100|[from] Sandstorm\n|-heal|p2a: Screamin|33\/100|[from] Grassy Terrain\n|-heal|p1a: Tyranitar|78\/100 tox|[from] Grassy Terrain\n|-damage|p1a: Tyranitar|72\/100 tox|[from] psn\n|upkeep\n|turn|8\n|\n|t:|1700889163\n|move|p2a: Screamin|Clanging Scales|p1a: Tyranitar\n|-damage|p1a: Tyranitar|37\/100 tox\n|-unboost|p2a: Screamin|def|1\n|move|p1a: Tyranitar|Dragon Tail|p2a: Screamin|[miss]\n|-miss|p1a: Tyranitar|p2a: Screamin\n|\n|-weather|Sandstorm|[upkeep]\n|-damage|p2a: Screamin|27\/100|[from] Sandstorm\n|-heal|p2a: Screamin|33\/100|[from] Grassy Terrain\n|-heal|p1a: Tyranitar|43\/100 tox|[from] Grassy Terrain\n|-damage|p1a: Tyranitar|30\/100 tox|[from] psn\n|upkeep\n|turn|9\n|\n|t:|1700889172\n|move|p2a: Screamin|Clanging Scales|p1a: Tyranitar\n|-damage|p1a: Tyranitar|0 fnt\n|faint|p1a: Tyranitar\n|-unboost|p2a: Screamin|def|1\n|\n|-weather|Sandstorm|[upkeep]\n|-damage|p2a: Screamin|27\/100|[from] Sandstorm\n|-heal|p2a: Screamin|33\/100|[from] Grassy Terrain\n|-fieldend|move: Grassy Terrain\n|upkeep\n|\n|t:|1700889177\n|switch|p1a: Kartana|Kartana|100\/100\n|turn|10\n|\n|t:|1700889188\n|move|p1a: Kartana|Leaf Blade|p2a: Screamin\n|-resisted|p2a: Screamin\n|-damage|p2a: Screamin|0 fnt\n|faint|p2a: Screamin\n|-ability|p1a: Kartana|Beast Boost|boost\n|-boost|p1a: Kartana|atk|1\n|\n|-weather|Sandstorm|[upkeep]\n|upkeep\n|\n|t:|1700889193\n|switch|p2a: Jettin|Latias, F|100\/100\n|turn|11\n|\n|t:|1700889203\n|switch|p1a: Rotom|Rotom-Wash|89\/100\n|detailschange|p2a: Jettin|Latias-Mega, F\n|-mega|p2a: Jettin|Latias|Latiasite\n|move|p2a: Jettin|Calm Mind|p2a: Jettin\n|-boost|p2a: Jettin|spa|1\n|-boost|p2a: Jettin|spd|1\n|\n|-weather|none\n|upkeep\n|turn|12\n|\n|t:|1700889211\n|move|p2a: Jettin|Calm Mind|p2a: Jettin\n|-boost|p2a: Jettin|spa|1\n|-boost|p2a: Jettin|spd|1\n|-zpower|p1a: Rotom\n|move|p1a: Rotom|Hydro Vortex|p2a: Jettin|[zeffect]\n|-resisted|p2a: Jettin\n|-damage|p2a: Jettin|90\/100\n|\n|upkeep\n|turn|13\n|\n|t:|1700889218\n|move|p2a: Jettin|Calm Mind|p2a: Jettin\n|-boost|p2a: Jettin|spa|1\n|-boost|p2a: Jettin|spd|1\n|move|p1a: Rotom|Volt Switch|p2a: Jettin\n|-resisted|p2a: Jettin\n|-damage|p2a: Jettin|86\/100\n|\n|t:|1700889223\n|switch|p1a: Kartana|Kartana|100\/100|[from] Volt Switch\n|\n|upkeep\n|turn|14\n|\n|t:|1700889251\n|move|p1a: Kartana|Knock Off|p2a: Jettin\n|-supereffective|p2a: Jettin\n|-damage|p2a: Jettin|41\/100\n|move|p2a: Jettin|Mystical Fire|p1a: Kartana\n|-supereffective|p1a: Kartana\n|-damage|p1a: Kartana|0 fnt\n|faint|p1a: Kartana\n|\n|upkeep\n|inactive|TheIllustriousYUBI has 120 seconds left.\n|\n|t:|1700889263\n|switch|p1a: Rillaboom|Rillaboom, F|100\/100\n|-fieldstart|move: Grassy Terrain|[from] ability: Grassy Surge|[of] p1a: Rillaboom\n|turn|15\n|\n|t:|1700889268\n|switch|p1a: Rotom|Rotom-Wash|89\/100\n|move|p2a: Jettin|Recover|p2a: Jettin\n|-heal|p2a: Jettin|91\/100\n|\n|upkeep\n|turn|16\n|\n|t:|1700889277\n|move|p2a: Jettin|Stored Power|p1a: Rotom\n|-damage|p1a: Rotom|0 fnt\n|faint|p1a: Rotom\n|\n|upkeep\n|\n|t:|1700889290\n|switch|p1a: Sneasler|Sneasler, M|100\/100\n|-enditem|p1a: Sneasler|Grassy Seed\n|-boost|p1a: Sneasler|def|1|[from] item: Grassy Seed\n|turn|17\n|\n|t:|1700889298\n|move|p1a: Sneasler|Dire Claw|p2a: Jettin\n|-damage|p2a: Jettin|61\/100\n|-status|p2a: Jettin|slp\n|cant|p2a: Jettin|slp\n|\n|upkeep\n|turn|18\n|\n|t:|1700889303\n|move|p1a: Sneasler|Swords Dance|p1a: Sneasler\n|-boost|p1a: Sneasler|atk|2\n|cant|p2a: Jettin|slp\n|\n|upkeep\n|turn|19\n|\n|t:|1700889307\n|move|p1a: Sneasler|Acrobatics|p2a: Jettin\n|-damage|p2a: Jettin|0 fnt\n|faint|p2a: Jettin\n|\n|-fieldend|move: Grassy Terrain\n|upkeep\n|c|\u2606DrippinSauce|this game is so fucking bad\n|n|\u203dDrippinSauce|drippinsauce\n|c|&|\/log DrippinSauce was locked from talking by Artemis. (\u2606DrippinSauce:   is so fucking bad)\n|c|&|\/raw <small>This action was done automatically. Want to learn more about the AI? <a href=\"https:\/\/www.smogon.com\/forums\/threads\/3570628\/#post-9056769\">Visit the information thread<\/a>.<\/small>\n|\n|t:|1700889319\n|switch|p2a: Punchin|Iron Hands|100\/100\n|-enditem|p2a: Punchin|Booster Energy\n|-activate|p2a: Punchin|ability: Quark Drive|[fromitem]\n|-start|p2a: Punchin|quarkdriveatk\n|turn|20\n|\n|t:|1700889346\n|move|p1a: Sneasler|Close Combat|p2a: Punchin\n|-damage|p2a: Punchin|5\/100\n|-unboost|p1a: Sneasler|def|1\n|-unboost|p1a: Sneasler|spd|1\n|move|p2a: Punchin|Swords Dance|p2a: Punchin\n|-boost|p2a: Punchin|atk|2\n|\n|upkeep\n|turn|21\n|-message|DrippinSauce forfeited.\n|\n|win|TheIllustriousYUBI\n|raw|TheIllustriousYUBI's rating: 1581 &rarr; <strong>1599<\/strong><br \/>(+18 for winning)\n|raw|DrippinSauce's rating: 1539 &rarr; <strong>1521<\/strong><br \/>(-18 for losing)\n|l|\u203dDrippinSauce\n","uploadtime":1700889315,"views":8,"p1id":"theillustriousyubi","p2id":"drippinsauce","formatid":"gen9nationaldex","rating":1521,"private":0,"password":""}