{"id":"gen9nationaldex-1999622371","p1":"Treeckoguy1","p2":"krickitune fan","format":"[Gen 9] National Dex","log":"|html|<div class=\"broadcast-blue\"><strong>[Gen 9] National Dex is currently suspecting Sneasler! For information on how to participate check out the <a href=\"https:\/\/www.smogon.com\/forums\/threads\/sv-national-dex-suspect-8-just-dance.3731534\/\">suspect thread<\/a>.<\/strong><\/div>\n|j|\u2606Treeckoguy1\n|j|\u203dkrickitune fan\n|t:|1701102062\n|gametype|singles\n|player|p1|Treeckoguy1|266|1436\n|player|p2|krickitune fan|gardenia|1443\n|teamsize|p1|6\n|teamsize|p2|6\n|gen|9\n|tier|[Gen 9] National Dex\n|rated|\n|rule|HP Percentage Mod: HP is shown in percentages\n|rule|Endless Battle Clause: Forcing endless battles is banned\n|rule|OHKO Clause: OHKO moves are banned\n|rule|Evasion Clause: Evasion abilities, items, and moves are banned\n|rule|Evasion Abilities Clause: Evasion abilities are banned\n|rule|Evasion Items Clause: Evasion items are banned\n|rule|Evasion Moves Clause: Evasion moves are banned\n|rule|Species Clause: Limit one of each Pok\u00e9mon\n|rule|Sleep Clause Mod: Limit one foe put to sleep\n|clearpoke\n|poke|p1|Sceptile, M|\n|poke|p1|Zeraora|\n|poke|p1|Regidrago|\n|poke|p1|Bewear, M|\n|poke|p1|Weezing-Galar, M|\n|poke|p1|Houndoom, M|\n|poke|p2|Kommo-o, M|\n|poke|p2|Heatran, M|\n|poke|p2|Rotom-Wash|\n|poke|p2|Weavile, M|\n|poke|p2|Rillaboom, M|\n|poke|p2|Mawile, F|\n|teampreview\n|\n|t:|1701102081\n|start\n|switch|p1a: Bewear|Bewear, M|100\/100\n|switch|p2a: Heatran|Heatran, M|100\/100\n|turn|1\n|\n|t:|1701102085\n|move|p2a: Heatran|Stealth Rock|p1a: Bewear\n|-sidestart|p1: Treeckoguy1|move: Stealth Rock\n|move|p1a: Bewear|Bind|p2a: Heatran\n|-resisted|p2a: Heatran\n|-damage|p2a: Heatran|98\/100\n|-activate|p2a: Heatran|move: Bind|[of] p1a: Bewear\n|\n|-heal|p2a: Heatran|100\/100|[from] item: Leftovers\n|-damage|p2a: Heatran|84\/100|[from] move: Bind|[partiallytrapped]\n|upkeep\n|turn|2\n|\n|t:|1701102092\n|move|p1a: Bewear|Protect|p1a: Bewear\n|-singleturn|p1a: Bewear|Protect\n|move|p2a: Heatran|Lava Plume|p1a: Bewear\n|-activate|p1a: Bewear|move: Protect\n|\n|-heal|p2a: Heatran|90\/100|[from] item: Leftovers\n|-damage|p2a: Heatran|74\/100|[from] move: Bind|[partiallytrapped]\n|upkeep\n|turn|3\n|\n|t:|1701102108\n|switch|p1a: Houndoom|Houndoom, M|100\/100\n|-damage|p1a: Houndoom|76\/100|[from] Stealth Rock\n|move|p2a: Heatran|Lava Plume|p1a: Houndoom\n|-start|p1a: Houndoom|ability: Flash Fire\n|\n|-heal|p2a: Heatran|80\/100|[from] item: Leftovers\n|-end|p2a: Heatran|Bind|[partiallytrapped]|[silent]\n|upkeep\n|turn|4\n|\n|t:|1701102113\n|move|p1a: Houndoom|Dark Pulse|p2a: Heatran\n|-damage|p2a: Heatran|56\/100\n|cant|p2a: Heatran|flinch\n|\n|-heal|p2a: Heatran|63\/100|[from] item: Leftovers\n|upkeep\n|turn|5\n|\n|t:|1701102117\n|move|p1a: Houndoom|Dark Pulse|p2a: Heatran\n|-damage|p2a: Heatran|42\/100\n|cant|p2a: Heatran|flinch\n|\n|-heal|p2a: Heatran|48\/100|[from] item: Leftovers\n|upkeep\n|turn|6\n|\n|t:|1701102122\n|move|p1a: Houndoom|Dark Pulse|p2a: Heatran\n|-damage|p2a: Heatran|27\/100\n|cant|p2a: Heatran|flinch\n|\n|-heal|p2a: Heatran|33\/100|[from] item: Leftovers\n|upkeep\n|turn|7\n|\n|t:|1701102126\n|move|p1a: Houndoom|Dark Pulse|p2a: Heatran\n|-damage|p2a: Heatran|9\/100\n|cant|p2a: Heatran|flinch\n|\n|-heal|p2a: Heatran|15\/100|[from] item: Leftovers\n|upkeep\n|turn|8\n|\n|t:|1701102133\n|move|p1a: Houndoom|Dark Pulse|p2a: Heatran\n|-damage|p2a: Heatran|0 fnt\n|faint|p2a: Heatran\n|\n|upkeep\n|\n|t:|1701102140\n|switch|p2a: Rotom|Rotom-Wash|100\/100\n|turn|9\n|\n|t:|1701102162\n|-terastallize|p1a: Houndoom|Dark\n|move|p2a: Rotom|Hydro Pump|p1a: Houndoom|[miss]\n|-miss|p2a: Rotom|p1a: Houndoom\n|move|p1a: Houndoom|Dark Pulse|p2a: Rotom\n|-damage|p2a: Rotom|32\/100\n|\n|-heal|p2a: Rotom|38\/100|[from] item: Leftovers\n|upkeep\n|turn|10\n|\n|t:|1701102193\n|move|p2a: Rotom|Hydro Pump|p1a: Houndoom\n|-crit|p1a: Houndoom\n|-damage|p1a: Houndoom|22\/100\n|move|p1a: Houndoom|Flame Charge|p2a: Rotom\n|-resisted|p2a: Rotom\n|-damage|p2a: Rotom|24\/100\n|-boost|p1a: Houndoom|spe|1\n|\n|-heal|p2a: Rotom|30\/100|[from] item: Leftovers\n|upkeep\n|turn|11\n|\n|t:|1701102201\n|move|p1a: Houndoom|Dark Pulse|p2a: Rotom\n|-damage|p2a: Rotom|0 fnt\n|faint|p2a: Rotom\n|\n|upkeep\n|\n|t:|1701102205\n|switch|p2a: Weavile|Weavile, M|100\/100\n|-ability|p2a: Weavile|Pressure\n|turn|12\n|\n|t:|1701102209\n|-end|p1a: Houndoom|ability: Flash Fire|[silent]\n|switch|p1a: Weezing|Weezing-Galar, M|100\/100\n|-damage|p1a: Weezing|88\/100|[from] Stealth Rock\n|move|p2a: Weavile|Swords Dance|p2a: Weavile\n|-boost|p2a: Weavile|atk|2\n|\n|-heal|p1a: Weezing|94\/100|[from] item: Black Sludge\n|upkeep\n|turn|13\n|\n|t:|1701102215\n|move|p2a: Weavile|Swords Dance|p2a: Weavile\n|-boost|p2a: Weavile|atk|2\n|move|p1a: Weezing|Will-O-Wisp|p2a: Weavile\n|-status|p2a: Weavile|brn\n|\n|-heal|p1a: Weezing|99\/100|[from] item: Black Sludge\n|-damage|p2a: Weavile|94\/100 brn|[from] brn\n|upkeep\n|turn|14\n|\n|t:|1701102220\n|move|p2a: Weavile|Ice Spinner|p1a: Weezing\n|-damage|p1a: Weezing|57\/100\n|move|p1a: Weezing|Defog|p2a: Weavile\n|-unboost|p2a: Weavile|evasion|1\n|-sideend|p1: Treeckoguy1|Stealth Rock|[from] move: Defog|[of] p1a: Weezing\n|\n|-heal|p1a: Weezing|63\/100|[from] item: Black Sludge\n|-damage|p2a: Weavile|88\/100 brn|[from] brn\n|upkeep\n|turn|15\n|\n|t:|1701102226\n|move|p2a: Weavile|Swords Dance|p2a: Weavile\n|-boost|p2a: Weavile|atk|2\n|move|p1a: Weezing|Pain Split|p2a: Weavile\n|-sethp|p2a: Weavile|81\/100 brn|[from] move: Pain Split|[silent]\n|-sethp|p1a: Weezing|68\/100|[from] move: Pain Split\n|\n|-heal|p1a: Weezing|74\/100|[from] item: Black Sludge\n|-damage|p2a: Weavile|75\/100 brn|[from] brn\n|upkeep\n|turn|16\n|\n|t:|1701102229\n|switch|p1a: Bewear|Bewear, M|100\/100\n|move|p2a: Weavile|Ice Spinner|p1a: Bewear\n|-damage|p1a: Bewear|72\/100\n|\n|-damage|p2a: Weavile|69\/100 brn|[from] brn\n|upkeep\n|turn|17\n|\n|t:|1701102239\n|move|p2a: Weavile|Ice Spinner|p1a: Bewear\n|-damage|p1a: Bewear|44\/100\n|move|p1a: Bewear|Drain Punch|p2a: Weavile\n|-supereffective|p2a: Weavile\n|-damage|p2a: Weavile|0 fnt\n|-heal|p1a: Bewear|67\/100|[from] drain|[of] p2a: Weavile\n|faint|p2a: Weavile\n|\n|upkeep\n|\n|t:|1701102248\n|switch|p2a: Mawile|Mawile, F|100\/100\n|-ability|p2a: Mawile|Intimidate|boost\n|-unboost|p1a: Bewear|atk|1\n|turn|18\n|\n|t:|1701102252\n|detailschange|p2a: Mawile|Mawile-Mega, F\n|-mega|p2a: Mawile|Mawile|Mawilite\n|move|p1a: Bewear|Bind|p2a: Mawile\n|-resisted|p2a: Mawile\n|-damage|p2a: Mawile|99\/100\n|-activate|p2a: Mawile|move: Bind|[of] p1a: Bewear\n|move|p2a: Mawile|Power-Up Punch|p1a: Bewear\n|-supereffective|p1a: Bewear\n|-damage|p1a: Bewear|48\/100\n|-boost|p2a: Mawile|atk|1\n|\n|-damage|p2a: Mawile|82\/100|[from] move: Bind|[partiallytrapped]\n|upkeep\n|turn|19\n|\n|t:|1701102258\n|move|p1a: Bewear|Protect|p1a: Bewear\n|-singleturn|p1a: Bewear|Protect\n|move|p2a: Mawile|Power-Up Punch|p1a: Bewear\n|-activate|p1a: Bewear|move: Protect\n|\n|-damage|p2a: Mawile|66\/100|[from] move: Bind|[partiallytrapped]\n|upkeep\n|turn|20\n|\n|t:|1701102262\n|move|p1a: Bewear|Drain Punch|p2a: Mawile\n|-damage|p2a: Mawile|45\/100\n|-heal|p1a: Bewear|56\/100|[from] drain|[of] p2a: Mawile\n|move|p2a: Mawile|Power-Up Punch|p1a: Bewear\n|-supereffective|p1a: Bewear\n|-damage|p1a: Bewear|27\/100\n|-boost|p2a: Mawile|atk|1\n|\n|-damage|p2a: Mawile|28\/100|[from] move: Bind|[partiallytrapped]\n|upkeep\n|turn|21\n|\n|t:|1701102267\n|move|p1a: Bewear|Protect|p1a: Bewear\n|-singleturn|p1a: Bewear|Protect\n|move|p2a: Mawile|Power-Up Punch|p1a: Bewear\n|-activate|p1a: Bewear|move: Protect\n|\n|-damage|p2a: Mawile|12\/100|[from] move: Bind|[partiallytrapped]\n|upkeep\n|turn|22\n|\n|t:|1701102270\n|move|p2a: Mawile|Sucker Punch|p1a: Bewear\n|-resisted|p1a: Bewear\n|-damage|p1a: Bewear|12\/100\n|move|p1a: Bewear|Drain Punch|p2a: Mawile\n|-crit|p2a: Mawile\n|-damage|p2a: Mawile|0 fnt\n|-heal|p1a: Bewear|16\/100|[from] drain|[of] p2a: Mawile\n|faint|p2a: Mawile\n|\n|upkeep\n|\n|t:|1701102278\n|switch|p2a: Rillaboom|Rillaboom, M|100\/100\n|-fieldstart|move: Grassy Terrain|[from] ability: Grassy Surge|[of] p2a: Rillaboom\n|turn|23\n|\n|t:|1701102281\n|move|p2a: Rillaboom|Grassy Glide|p1a: Bewear\n|-damage|p1a: Bewear|0 fnt\n|faint|p1a: Bewear\n|\n|upkeep\n|\n|t:|1701102286\n|switch|p1a: Weezing|Weezing-Galar, M|74\/100\n|turn|24\n|\n|t:|1701102289\n|switch|p2a: Kommo-o|Kommo-o, M|100\/100\n|move|p1a: Weezing|Will-O-Wisp|p2a: Kommo-o\n|-status|p2a: Kommo-o|brn\n|\n|-heal|p1a: Weezing|80\/100|[from] item: Black Sludge\n|-damage|p2a: Kommo-o|94\/100 brn|[from] brn\n|upkeep\n|turn|25\n|\n|t:|1701102299\n|move|p2a: Kommo-o|Iron Head|p1a: Weezing\n|-supereffective|p1a: Weezing\n|-damage|p1a: Weezing|61\/100\n|move|p1a: Weezing|Defog|p2a: Kommo-o\n|-unboost|p2a: Kommo-o|evasion|1\n|-fieldend|move: Grassy Terrain\n|\n|-heal|p1a: Weezing|67\/100|[from] item: Black Sludge\n|-damage|p2a: Kommo-o|88\/100 brn|[from] brn\n|upkeep\n|turn|26\n|\n|t:|1701102314\n|switch|p1a: Regidrago|Regidrago|100\/100\n|move|p2a: Kommo-o|Iron Head|p1a: Regidrago\n|-damage|p1a: Regidrago|90\/100\n|\n|-damage|p2a: Kommo-o|82\/100 brn|[from] brn\n|upkeep\n|turn|27\n|\n|t:|1701102318\n|-zpower|p2a: Kommo-o\n|move|p2a: Kommo-o|Clangorous Soulblaze|p1a: Regidrago|[zeffect]\n|-supereffective|p1a: Regidrago\n|-damage|p1a: Regidrago|0 fnt\n|faint|p1a: Regidrago\n|-boost|p2a: Kommo-o|atk|1\n|-boost|p2a: Kommo-o|def|1\n|-boost|p2a: Kommo-o|spa|1\n|-boost|p2a: Kommo-o|spd|1\n|-boost|p2a: Kommo-o|spe|1\n|\n|-damage|p2a: Kommo-o|76\/100 brn|[from] brn\n|upkeep\n|\n|t:|1701102327\n|switch|p1a: Weezing|Weezing-Galar, M|67\/100\n|turn|28\n|\n|t:|1701102333\n|move|p2a: Kommo-o|Iron Head|p1a: Weezing\n|-supereffective|p1a: Weezing\n|-damage|p1a: Weezing|39\/100\n|move|p1a: Weezing|Pain Split|p2a: Kommo-o\n|-sethp|p2a: Kommo-o|60\/100 brn|[from] move: Pain Split|[silent]\n|-sethp|p1a: Weezing|52\/100|[from] move: Pain Split\n|\n|-heal|p1a: Weezing|58\/100|[from] item: Black Sludge\n|-damage|p2a: Kommo-o|54\/100 brn|[from] brn\n|upkeep\n|turn|29\n|\n|t:|1701102339\n|switch|p1a: Zeraora|Zeraora|100\/100\n|move|p2a: Kommo-o|Iron Head|p1a: Zeraora\n|-resisted|p1a: Zeraora\n|-damage|p1a: Zeraora|87\/100\n|\n|-damage|p2a: Kommo-o|48\/100 brn|[from] brn\n|upkeep\n|turn|30\n|\n|t:|1701102343\n|move|p2a: Kommo-o|Earthquake|p1a: Zeraora\n|-supereffective|p1a: Zeraora\n|-damage|p1a: Zeraora|25\/100\n|move|p1a: Zeraora|Play Rough|p2a: Kommo-o\n|-supereffective|p2a: Kommo-o\n|-damage|p2a: Kommo-o|0 fnt\n|faint|p2a: Kommo-o\n|-damage|p1a: Zeraora|15\/100|[from] item: Life Orb\n|\n|upkeep\n|\n|t:|1701102349\n|switch|p2a: Rillaboom|Rillaboom, M|100\/100\n|-fieldstart|move: Grassy Terrain|[from] ability: Grassy Surge|[of] p2a: Rillaboom\n|turn|31\n|\n|t:|1701102357\n|move|p2a: Rillaboom|Grassy Glide|p1a: Zeraora\n|-damage|p1a: Zeraora|0 fnt\n|faint|p1a: Zeraora\n|\n|upkeep\n|\n|t:|1701102359\n|switch|p1a: Weezing|Weezing-Galar, M|58\/100\n|turn|32\n|\n|t:|1701102364\n|-terastallize|p2a: Rillaboom|Ground\n|move|p2a: Rillaboom|Grassy Glide|p1a: Weezing\n|-resisted|p1a: Weezing\n|-damage|p1a: Weezing|39\/100\n|move|p1a: Weezing|Will-O-Wisp|p2a: Rillaboom\n|-status|p2a: Rillaboom|brn\n|\n|-heal|p1a: Weezing|45\/100|[from] item: Black Sludge\n|-damage|p2a: Rillaboom|94\/100 brn|[from] brn\n|upkeep\n|turn|33\n|\n|t:|1701102370\n|move|p2a: Rillaboom|Grassy Glide|p1a: Weezing\n|-resisted|p1a: Weezing\n|-damage|p1a: Weezing|35\/100\n|move|p1a: Weezing|Pain Split|p2a: Rillaboom\n|-sethp|p2a: Rillaboom|64\/100 brn|[from] move: Pain Split|[silent]\n|-sethp|p1a: Weezing|65\/100|[from] move: Pain Split\n|\n|-heal|p2a: Rillaboom|70\/100 brn|[from] Grassy Terrain\n|-heal|p1a: Weezing|71\/100|[from] item: Black Sludge\n|-damage|p2a: Rillaboom|64\/100 brn|[from] brn\n|upkeep\n|turn|34\n|\n|t:|1701102373\n|switch|p1a: Sceptile|Sceptile, M|100\/100\n|move|p2a: Rillaboom|Grassy Glide|p1a: Sceptile\n|-resisted|p1a: Sceptile\n|-damage|p1a: Sceptile|74\/100\n|\n|-heal|p1a: Sceptile|80\/100|[from] Grassy Terrain\n|-heal|p2a: Rillaboom|70\/100 brn|[from] Grassy Terrain\n|-damage|p2a: Rillaboom|64\/100 brn|[from] brn\n|upkeep\n|turn|35\n|\n|t:|1701102377\n|move|p2a: Rillaboom|Grassy Glide|p1a: Sceptile\n|-resisted|p1a: Sceptile\n|-damage|p1a: Sceptile|55\/100\n|move|p1a: Sceptile|Energy Ball|p2a: Rillaboom\n|-supereffective|p2a: Rillaboom\n|-damage|p2a: Rillaboom|0 fnt\n|faint|p2a: Rillaboom\n|\n|win|Treeckoguy1\n|raw|Treeckoguy1's rating: 1436 &rarr; <strong>1456<\/strong><br \/>(+20 for winning)\n|raw|krickitune fan's rating: 1443 &rarr; <strong>1423<\/strong><br \/>(-20 for losing)\n","uploadtime":1701102387,"views":7,"p1id":"treeckoguy1","p2id":"krickitunefan","formatid":"gen9nationaldex","rating":1423,"private":0,"password":""}