{"id":"gen9nationaldex-1997667726","p1":"Gabrielxz18","p2":"Darz 236","format":"[Gen 9] National Dex","log":"|html|<div class=\"broadcast-blue\"><strong>[Gen 9] National Dex is currently suspecting Sneasler! For information on how to participate check out the <a href=\"https:\/\/www.smogon.com\/forums\/threads\/sv-national-dex-suspect-8-just-dance.3731534\/\">suspect thread<\/a>.<\/strong><\/div>\n|j|\u2606Gabrielxz18\n|j|\u2606Darz 236\n|t:|1700839610\n|gametype|singles\n|player|p1|Gabrielxz18|shadowtriad|\n|player|p2|Darz 236|elio|\n|teamsize|p1|6\n|teamsize|p2|6\n|gen|9\n|tier|[Gen 9] National Dex\n|rule|HP Percentage Mod: HP is shown in percentages\n|rule|Endless Battle Clause: Forcing endless battles is banned\n|rule|OHKO Clause: OHKO moves are banned\n|rule|Evasion Clause: Evasion abilities, items, and moves are banned\n|rule|Evasion Abilities Clause: Evasion abilities are banned\n|rule|Evasion Items Clause: Evasion items are banned\n|rule|Evasion Moves Clause: Evasion moves are banned\n|rule|Species Clause: Limit one of each Pok\u00e9mon\n|rule|Sleep Clause Mod: Limit one foe put to sleep\n|clearpoke\n|poke|p1|Mienshao, F|\n|poke|p1|Honchkrow, F|\n|poke|p1|Pyroar, M|\n|poke|p1|Gyarados, M|\n|poke|p1|Delphox, F|\n|poke|p1|Talonflame, M|\n|poke|p2|Incineroar, F|\n|poke|p2|Lycanroc-Dusk, F|\n|poke|p2|Mimikyu, F|\n|poke|p2|Muk-Alola, F|\n|poke|p2|Wishiwashi, F|\n|poke|p2|Tapu Koko|\n|teampreview\n|inactive|Battle timer is ON: inactive players will automatically lose when time's up. (requested by Darz 236)\n|c|\u2606Gabrielxz18|suerte\n|c|\u2606Darz 236|buena suerte\n|\n|t:|1700839675\n|start\n|switch|p1a: Pyroar|Pyroar, M|100\/100\n|switch|p2a: Mimikyu|Mimikyu, F, shiny|100\/100\n|turn|1\n|inactive|Darz 236 has 270 seconds left.\n|\n|t:|1700839709\n|switch|p2a: Incineroar|Incineroar, F|100\/100\n|-ability|p2a: Incineroar|Intimidate|boost\n|-unboost|p1a: Pyroar|atk|1\n|move|p1a: Pyroar|Dark Pulse|p2a: Incineroar\n|-resisted|p2a: Incineroar\n|-damage|p2a: Incineroar|94\/100\n|\n|upkeep\n|turn|2\n|inactive|Darz 236 has 270 seconds left.\n|\n|t:|1700839721\n|move|p2a: Incineroar|Fake Out|p1a: Pyroar\n|-damage|p1a: Pyroar|80\/100\n|cant|p1a: Pyroar|flinch\n|\n|upkeep\n|turn|3\n|inactive|Darz 236 has 270 seconds left.\n|\n|t:|1700839738\n|move|p1a: Pyroar|Toxic|p2a: Incineroar\n|-status|p2a: Incineroar|tox\n|move|p2a: Incineroar|Darkest Lariat|p1a: Pyroar\n|-damage|p1a: Pyroar|12\/100\n|\n|-damage|p2a: Incineroar|88\/100 tox|[from] psn\n|upkeep\n|turn|4\n|inactive|Darz 236 has 270 seconds left.\n|\n|t:|1700839747\n|move|p1a: Pyroar|Flamethrower|p2a: Incineroar\n|-resisted|p2a: Incineroar\n|-damage|p2a: Incineroar|77\/100 tox\n|move|p2a: Incineroar|Darkest Lariat|p1a: Pyroar\n|-damage|p1a: Pyroar|0 fnt\n|faint|p1a: Pyroar\n|\n|-damage|p2a: Incineroar|65\/100 tox|[from] psn\n|upkeep\n|\n|t:|1700839771\n|switch|p1a: Mienshao|Mienshao, F|100\/100\n|turn|5\n|\n|t:|1700839777\n|move|p1a: Mienshao|Fake Out|p2a: Incineroar\n|-damage|p2a: Incineroar|48\/100 tox\n|cant|p2a: Incineroar|flinch\n|\n|-damage|p2a: Incineroar|30\/100 tox|[from] psn\n|upkeep\n|turn|6\n|\n|t:|1700839784\n|move|p1a: Mienshao|U-turn|p2a: Incineroar\n|-damage|p2a: Incineroar|5\/100 tox\n|\n|t:|1700839788\n|switch|p1a: Honchkrow|Honchkrow, F|100\/100|[from] U-turn\n|move|p2a: Incineroar|Flare Blitz|p1a: Honchkrow\n|-damage|p1a: Honchkrow|1\/100\n|-damage|p2a: Incineroar|0 fnt|[from] Recoil\n|faint|p2a: Incineroar\n|\n|upkeep\n|\n|t:|1700839811\n|switch|p2a: Mimikyu|Mimikyu, F, shiny|100\/100\n|turn|7\n|\n|t:|1700839816\n|move|p1a: Honchkrow|Sucker Punch||[still]\n|-fail|p1a: Honchkrow\n|move|p2a: Mimikyu|Swords Dance|p2a: Mimikyu\n|-boost|p2a: Mimikyu|atk|2\n|\n|upkeep\n|turn|8\n|\n|t:|1700839828\n|move|p2a: Mimikyu|Shadow Sneak|p1a: Honchkrow\n|-resisted|p1a: Honchkrow\n|-damage|p1a: Honchkrow|0 fnt\n|faint|p1a: Honchkrow\n|-damage|p2a: Mimikyu|91\/100|[from] item: Life Orb\n|\n|upkeep\n|\n|t:|1700839832\n|switch|p1a: Talonflame|Talonflame, M|100\/100\n|turn|9\n|\n|t:|1700839840\n|move|p1a: Talonflame|Will-O-Wisp|p2a: Mimikyu\n|-status|p2a: Mimikyu|brn\n|move|p2a: Mimikyu|Shadow Claw|p1a: Talonflame\n|-crit|p1a: Talonflame\n|-damage|p1a: Talonflame|6\/100\n|-damage|p2a: Mimikyu|81\/100 brn|[from] item: Life Orb\n|\n|-damage|p2a: Mimikyu|75\/100 brn|[from] brn\n|upkeep\n|turn|10\n|j| Dinumata\n|\n|t:|1700839850\n|move|p1a: Talonflame|Endure|p1a: Talonflame\n|-singleturn|p1a: Talonflame|move: Endure\n|move|p2a: Mimikyu|Shadow Sneak|p1a: Talonflame\n|-activate|p1a: Talonflame|move: Endure\n|-damage|p1a: Talonflame|1\/100\n|-damage|p2a: Mimikyu|65\/100 brn|[from] item: Life Orb\n|\n|-damage|p2a: Mimikyu|59\/100 brn|[from] brn\n|upkeep\n|turn|11\n|\n|t:|1700839860\n|move|p2a: Mimikyu|Shadow Sneak|p1a: Talonflame\n|-damage|p1a: Talonflame|0 fnt\n|faint|p1a: Talonflame\n|-damage|p2a: Mimikyu|49\/100 brn|[from] item: Life Orb\n|\n|-damage|p2a: Mimikyu|43\/100 brn|[from] brn\n|upkeep\n|c|\u2606Darz 236|NO ME LO CREO\n|\n|t:|1700839866\n|switch|p1a: Mienshao|Mienshao, F|100\/100\n|turn|12\n|c|\u2606Darz 236|POR FIN UN SHADOW CLAW CRITICO\n|\n|t:|1700839873\n|move|p1a: Mienshao|U-turn|p2a: Mimikyu\n|-activate|p2a: Mimikyu|ability: Disguise\n|-damage|p2a: Mimikyu|43\/100 brn\n|detailschange|p2a: Mimikyu|Mimikyu-Busted, F, shiny\n|-damage|p2a: Mimikyu|30\/100 brn|[from] pokemon: Mimikyu-Busted\n|\n|t:|1700839879\n|switch|p1a: Delphox|Delphox, F|100\/100|[from] U-turn\n|move|p2a: Mimikyu|Play Rough|p1a: Delphox\n|-resisted|p1a: Delphox\n|-damage|p1a: Delphox|61\/100\n|-unboost|p1a: Delphox|atk|1\n|-enditem|p1a: Delphox|White Herb\n|-clearnegativeboost|p1a: Delphox|[silent]\n|-damage|p2a: Mimikyu|20\/100 brn|[from] item: Life Orb\n|\n|-damage|p2a: Mimikyu|14\/100 brn|[from] brn\n|upkeep\n|turn|13\n|\n|t:|1700839891\n|move|p2a: Mimikyu|Shadow Sneak|p1a: Delphox\n|-supereffective|p1a: Delphox\n|-damage|p1a: Delphox|0 fnt\n|faint|p1a: Delphox\n|-damage|p2a: Mimikyu|4\/100 brn|[from] item: Life Orb\n|\n|-damage|p2a: Mimikyu|0 fnt|[from] brn\n|faint|p2a: Mimikyu\n|upkeep\n|\n|t:|1700839910\n|switch|p1a: Gyarados|Gyarados, M|100\/100\n|switch|p2a: Tapu Koko|Tapu Koko, shiny|100\/100\n|-fieldstart|move: Electric Terrain|[from] ability: Electric Surge|[of] p2a: Tapu Koko\n|-ability|p1a: Gyarados|Intimidate|boost\n|-unboost|p2a: Tapu Koko|atk|1\n|turn|14\n|\n|t:|1700839920\n|-terastallize|p1a: Gyarados|Ground\n|move|p2a: Tapu Koko|Thunderbolt|p1a: Gyarados\n|-immune|p1a: Gyarados\n|move|p1a: Gyarados|Dragon Dance|p1a: Gyarados\n|-boost|p1a: Gyarados|atk|1\n|-boost|p1a: Gyarados|spe|1\n|\n|upkeep\n|turn|15\n|\n|t:|1700839933\n|switch|p2a: Muk de Alola|Muk-Alola, F|100\/100\n|move|p1a: Gyarados|Earthquake|p2a: Muk de Alola\n|-supereffective|p2a: Muk de Alola\n|-damage|p2a: Muk de Alola|0 fnt\n|faint|p2a: Muk de Alola\n|\n|upkeep\n|\n|t:|1700839940\n|switch|p2a: Wishiwashi|Wishiwashi, F|100\/100\n|-formechange|p2a: Wishiwashi|Wishiwashi-School||[from] ability: Schooling\n|turn|16\n|\n|t:|1700839955\n|move|p1a: Gyarados|Earthquake|p2a: Wishiwashi\n|-damage|p2a: Wishiwashi|9\/100\n|move|p2a: Wishiwashi|Scald|p1a: Gyarados\n|-supereffective|p1a: Gyarados\n|-enditem|p1a: Gyarados|Focus Sash\n|-damage|p1a: Gyarados|1\/100\n|-status|p1a: Gyarados|brn\n|\n|-damage|p1a: Gyarados|0 fnt|[from] brn\n|faint|p1a: Gyarados\n|-formechange|p2a: Wishiwashi|Wishiwashi||[from] ability: Schooling\n|upkeep\n|\n|t:|1700839962\n|switch|p1a: Mienshao|Mienshao, F|100\/100\n|turn|17\n|\n|t:|1700839969\n|move|p1a: Mienshao|Fake Out|p2a: Wishiwashi\n|-damage|p2a: Wishiwashi|0 fnt\n|faint|p2a: Wishiwashi\n|\n|upkeep\n|\n|t:|1700839973\n|switch|p2a: Tapu Koko|Tapu Koko, shiny|100\/100\n|turn|18\n|\n|t:|1700839987\n|move|p2a: Tapu Koko|Dazzling Gleam|p1a: Mienshao\n|-supereffective|p1a: Mienshao\n|-damage|p1a: Mienshao|0 fnt\n|faint|p1a: Mienshao\n|\n|win|Darz 236\n|l|\u2606Gabrielxz18\n|c|\u2606Darz 236|gg\n","uploadtime":1700839998,"views":1,"p1id":"gabrielxz18","p2id":"darz236","formatid":"gen9nationaldex","rating":0,"private":0,"password":""}