{"id":"gen9nationaldex-1995079409","p1":"Betabuxx Billy","p2":"AceKing14","format":"[Gen 9] National Dex","log":"|html|<div class=\"broadcast-blue\"><strong>[Gen 9] National Dex is currently suspecting Sneasler! For information on how to participate check out the <a href=\"https:\/\/www.smogon.com\/forums\/threads\/sv-national-dex-suspect-8-just-dance.3731534\/\">suspect thread<\/a>.<\/strong><\/div>\n|j|\u2606Betabuxx Billy\n|j|\u2606AceKing14\n|t:|1700520282\n|gametype|singles\n|player|p1|Betabuxx Billy|wattson|1310\n|player|p2|AceKing14|hilbert-wonderlauncher|1508\n|teamsize|p1|6\n|teamsize|p2|6\n|gen|9\n|tier|[Gen 9] National Dex\n|rated|\n|rule|HP Percentage Mod: HP is shown in percentages\n|rule|Endless Battle Clause: Forcing endless battles is banned\n|rule|OHKO Clause: OHKO moves are banned\n|rule|Evasion Clause: Evasion abilities, items, and moves are banned\n|rule|Evasion Abilities Clause: Evasion abilities are banned\n|rule|Evasion Items Clause: Evasion items are banned\n|rule|Evasion Moves Clause: Evasion moves are banned\n|rule|Species Clause: Limit one of each Pok\u00e9mon\n|rule|Sleep Clause Mod: Limit one foe put to sleep\n|clearpoke\n|poke|p1|Pelipper, F|\n|poke|p1|Swampert, F|\n|poke|p1|Zapdos|\n|poke|p1|Ferrothorn, F|\n|poke|p1|Barraskewda, F|\n|poke|p1|Urshifu-*, F|\n|poke|p2|Garganacl, M|\n|poke|p2|Lopunny, M|\n|poke|p2|Slowking-Galar, M|\n|poke|p2|Weavile, M|\n|poke|p2|Alomomola, M|\n|poke|p2|Tangrowth, F|\n|teampreview\n|inactive|Battle timer is ON: inactive players will automatically lose when time's up. (requested by AceKing14)\n|inactive|Betabuxx Billy also wants the timer to be on.\n|j| lerac\n|c|\u2606AceKing14|oh no rain\n|\n|t:|1700520296\n|start\n|switch|p1a: KUNG FU FIGHTINGGG|Urshifu-Rapid-Strike, F|100\/100\n|switch|p2a: Lopunny|Lopunny, M|100\/100\n|turn|1\n|c|\u2606Betabuxx Billy|glhf\n|\n|t:|1700520303\n|switch|p1a: Child Thorn|Ferrothorn, F, shiny|100\/100\n|detailschange|p2a: Lopunny|Lopunny-Mega, M\n|-mega|p2a: Lopunny|Lopunny|Lopunnite\n|move|p2a: Lopunny|Fake Out|p1a: Child Thorn\n|-resisted|p1a: Child Thorn\n|-damage|p1a: Child Thorn|93\/100\n|-damage|p2a: Lopunny|88\/100|[from] ability: Iron Barbs|[of] p1a: Child Thorn\n|-damage|p2a: Lopunny|72\/100|[from] item: Rocky Helmet|[of] p1a: Child Thorn\n|\n|upkeep\n|turn|2\n|c|\u2606AceKing14|I is scared\n|c|\u2606AceKing14|but now eat close combat\n|\n|t:|1700520317\n|switch|p1a: ball breaker|Pelipper, F, shiny|100\/100\n|-weather|RainDance|[from] ability: Drizzle|[of] p1a: ball breaker\n|move|p2a: Lopunny|Close Combat|p1a: ball breaker\n|-resisted|p1a: ball breaker\n|-damage|p1a: ball breaker|75\/100\n|-unboost|p2a: Lopunny|def|1\n|-unboost|p2a: Lopunny|spd|1\n|\n|-weather|RainDance|[upkeep]\n|upkeep\n|turn|3\n|\n|t:|1700520331\n|switch|p2a: Slowking|Slowking-Galar, M|100\/100\n|move|p1a: ball breaker|Hurricane|p2a: Slowking\n|-damage|p2a: Slowking|83\/100\n|\n|-weather|RainDance|[upkeep]\n|upkeep\n|turn|4\n|\n|t:|1700520337\n|move|p1a: ball breaker|U-turn|p2a: Slowking\n|-damage|p2a: Slowking|72\/100\n|\n|t:|1700520342\n|switch|p1a: Bubblegum Pink|Swampert, F, shiny|100\/100|[from] U-turn\n|move|p2a: Slowking|Sludge Bomb|p1a: Bubblegum Pink\n|-resisted|p1a: Bubblegum Pink\n|-damage|p1a: Bubblegum Pink|79\/100\n|\n|-weather|RainDance|[upkeep]\n|upkeep\n|turn|5\n|\n|t:|1700520348\n|switch|p2a: Alomomola|Alomomola, M|100\/100\n|detailschange|p1a: Bubblegum Pink|Swampert-Mega, F, shiny\n|-mega|p1a: Bubblegum Pink|Swampert|Swampertite\n|move|p1a: Bubblegum Pink|Earthquake|p2a: Alomomola\n|-damage|p2a: Alomomola|64\/100\n|\n|-weather|RainDance|[upkeep]\n|upkeep\n|turn|6\n|c|\u2606AceKing14|OW\n|\n|t:|1700520358\n|switch|p1a: BUNCHA TURBULENCE|Zapdos, shiny|100\/100\n|move|p2a: Alomomola|Wish|p2a: Alomomola\n|\n|-weather|RainDance|[upkeep]\n|upkeep\n|turn|7\n|\n|t:|1700520364\n|move|p2a: Alomomola|Protect|p2a: Alomomola\n|-singleturn|p2a: Alomomola|Protect\n|move|p1a: BUNCHA TURBULENCE|Volt Switch|p2a: Alomomola\n|-activate|p2a: Alomomola|move: Protect\n|\n|-weather|RainDance|[upkeep]\n|-heal|p2a: Alomomola|100\/100|[from] move: Wish|[wisher] Alomomola\n|upkeep\n|turn|8\n|c|\u2606AceKing14|aha\n|\n|t:|1700520386\n|-terastallize|p2a: Alomomola|Dragon\n|move|p1a: BUNCHA TURBULENCE|Hurricane|p2a: Alomomola\n|-damage|p2a: Alomomola|49\/100\n|move|p2a: Alomomola|Flip Turn|p1a: BUNCHA TURBULENCE\n|-damage|p1a: BUNCHA TURBULENCE|74\/100\n|-status|p2a: Alomomola|par|[from] ability: Static|[of] p1a: BUNCHA TURBULENCE\n|c|\u2606AceKing14|ayo it wasnt scarf\n|c|\u2606AceKing14|and I lose\n|inactive|AceKing14 has 120 seconds left.\n|\n|t:|1700520402\n|switch|p2a: Weavile|Weavile, M|100\/100|[from] Flip Turn\n|-ability|p2a: Weavile|Pressure\n|\n|-weather|RainDance|[upkeep]\n|upkeep\n|turn|9\n|c|\u2606Betabuxx Billy|my ferrothorn is scarf\n|c|\u2606AceKing14|real\n|\n|t:|1700520414\n|switch|p1a: Child Thorn|Ferrothorn, F, shiny|93\/100\n|move|p2a: Weavile|Knock Off|p1a: Child Thorn\n|-damage|p1a: Child Thorn|46\/100\n|-damage|p2a: Weavile|88\/100|[from] ability: Iron Barbs|[of] p1a: Child Thorn\n|-damage|p2a: Weavile|72\/100|[from] item: Rocky Helmet|[of] p1a: Child Thorn\n|-enditem|p1a: Child Thorn|Rocky Helmet|[from] move: Knock Off|[of] p2a: Weavile\n|\n|-weather|none\n|upkeep\n|turn|10\n|c|\u2606AceKing14|if it is scarf I will forfeit\n|\n|t:|1700520433\n|switch|p2a: Tangrowth|Tangrowth, F|100\/100\n|move|p1a: Child Thorn|Gyro Ball|p2a: Tangrowth\n|-damage|p2a: Tangrowth|88\/100\n|\n|upkeep\n|turn|11\n|c|\u2606AceKing14|bcause its funny\n|c|\u2606Betabuxx Billy|scarf gyro ball goes hard\n|c|\u2606AceKing14|well gyro ball ferro is def not scarf\n|\n|t:|1700520453\n|switch|p1a: BUNCHA TURBULENCE|Zapdos, shiny|74\/100\n|move|p2a: Tangrowth|Knock Off|p1a: BUNCHA TURBULENCE\n|-damage|p1a: BUNCHA TURBULENCE|50\/100\n|-enditem|p1a: BUNCHA TURBULENCE|Heavy-Duty Boots|[from] move: Knock Off|[of] p2a: Tangrowth\n|\n|upkeep\n|turn|12\n|c|\u2606AceKing14|idk its just a feeling\n|c|\u2606AceKing14|IT WS BOOTS :O\n|\n|t:|1700520467\n|switch|p2a: Slowking|Slowking-Galar, M|100\/100\n|move|p1a: BUNCHA TURBULENCE|Roost|p1a: BUNCHA TURBULENCE\n|-heal|p1a: BUNCHA TURBULENCE|100\/100\n|-singleturn|p1a: BUNCHA TURBULENCE|move: Roost\n|\n|upkeep\n|turn|13\n|\n|t:|1700520473\n|move|p1a: BUNCHA TURBULENCE|Volt Switch|p2a: Slowking\n|-damage|p2a: Slowking|88\/100\n|c|\u2606AceKing14|dont you dare go pelliper\n|\n|t:|1700520483\n|switch|p1a: ball breaker|Pelipper, F, shiny|75\/100|[from] Volt Switch\n|-weather|RainDance|[from] ability: Drizzle|[of] p1a: ball breaker\n|move|p2a: Slowking|Sludge Bomb|p1a: ball breaker\n|-damage|p1a: ball breaker|25\/100\n|-status|p1a: ball breaker|psn\n|\n|-weather|RainDance|[upkeep]\n|-damage|p1a: ball breaker|12\/100 psn|[from] psn\n|upkeep\n|turn|14\n|c|\u2606Betabuxx Billy|oop\n|c|\u2606AceKing14|you went pelliper\n|c|\u2606AceKing14|bruh\n|c|\u2606Betabuxx Billy|nauuurrr\n|\n|t:|1700520503\n|move|p1a: ball breaker|U-turn|p2a: Slowking\n|-crit|p2a: Slowking\n|-damage|p2a: Slowking|71\/100\n|c|\u2606AceKing14|now I future sight and WIN\n|\n|t:|1700520507\n|switch|p1a: Larry Skewba|Barraskewda, F, shiny|100\/100|[from] U-turn\n|move|p2a: Slowking|Future Sight|p1a: Larry Skewba\n|-start|p2a: Slowking|move: Future Sight\n|\n|-weather|RainDance|[upkeep]\n|upkeep\n|turn|15\n|\n|t:|1700520511\n|switch|p2a: Alomomola|Alomomola, M, tera:Dragon|82\/100 par\n|move|p1a: Larry Skewba|Flip Turn|p2a: Alomomola\n|-resisted|p2a: Alomomola\n|-damage|p2a: Alomomola|62\/100 par\n|-damage|p1a: Larry Skewba|84\/100|[from] item: Rocky Helmet|[of] p2a: Alomomola\n|c|\u2606AceKing14|owie\n|\n|t:|1700520533\n|switch|p1a: KUNG FU FIGHTINGGG|Urshifu-Rapid-Strike, F|100\/100|[from] Flip Turn\n|\n|-weather|RainDance|[upkeep]\n|upkeep\n|turn|16\n|\n|t:|1700520550\n|switch|p1a: Child Thorn|Ferrothorn, F, shiny|46\/100\n|cant|p2a: Alomomola|par\n|\n|-weather|RainDance|[upkeep]\n|-end|p1a: Child Thorn|move: Future Sight\n|-resisted|p1a: Child Thorn\n|-damage|p1a: Child Thorn|24\/100\n|upkeep\n|turn|17\n|c|\u2606AceKing14|YES CHIP\n|\n|t:|1700520560\n|switch|p2a: Tangrowth|Tangrowth, F|100\/100\n|move|p1a: Child Thorn|Leech Seed|p2a: Tangrowth\n|-immune|p2a: Tangrowth\n|\n|-weather|RainDance|[upkeep]\n|upkeep\n|turn|18\n|c|\u2606AceKing14|DIE\n|c|\u2606AceKing14|YES\n|\n|t:|1700520569\n|switch|p1a: BUNCHA TURBULENCE|Zapdos, shiny|100\/100\n|move|p2a: Tangrowth|Leech Seed|p1a: BUNCHA TURBULENCE\n|-start|p1a: BUNCHA TURBULENCE|move: Leech Seed\n|\n|-weather|RainDance|[upkeep]\n|-damage|p1a: BUNCHA TURBULENCE|88\/100|[from] Leech Seed|[of] p2a: Tangrowth\n|upkeep\n|turn|19\n|c|\u2606AceKing14|wtf\n|c|\u2606AceKing14|I clicked sleep powder\n|c|\u2606AceKing14|SCAM\n|\n|t:|1700520585\n|move|p1a: BUNCHA TURBULENCE|Hurricane|p2a: Tangrowth\n|-supereffective|p2a: Tangrowth\n|-damage|p2a: Tangrowth|0 fnt\n|faint|p2a: Tangrowth\n|\n|-weather|RainDance|[upkeep]\n|upkeep\n|c|\u2606AceKing14|Oh well I lose\n|\n|t:|1700520596\n|switch|p2a: Lopunny|Lopunny-Mega, M|72\/100\n|turn|20\n|\n|t:|1700520600\n|switch|p1a: Child Thorn|Ferrothorn, F, shiny|24\/100\n|move|p2a: Lopunny|Triple Axel|p1a: Child Thorn\n|-damage|p1a: Child Thorn|19\/100\n|-damage|p2a: Lopunny|60\/100|[from] ability: Iron Barbs|[of] p1a: Child Thorn\n|-damage|p1a: Child Thorn|9\/100\n|-damage|p2a: Lopunny|47\/100|[from] ability: Iron Barbs|[of] p1a: Child Thorn\n|-crit|p1a: Child Thorn\n|-damage|p1a: Child Thorn|0 fnt\n|-damage|p2a: Lopunny|35\/100|[from] ability: Iron Barbs|[of] p1a: Child Thorn\n|faint|p1a: Child Thorn\n|-hitcount|p1: Child Thorn|3\n|\n|-weather|none\n|upkeep\n|c|\u2606AceKing14|bro my hp\n|c|\u2606AceKing14|is gone\n|\n|t:|1700520617\n|switch|p1a: KUNG FU FIGHTINGGG|Urshifu-Rapid-Strike, F|100\/100\n|turn|21\n|\n|t:|1700520623\n|move|p1a: KUNG FU FIGHTINGGG|Surging Strikes|p2a: Lopunny\n|-crit|p2a: Lopunny\n|-damage|p2a: Lopunny|10\/100\n|-crit|p2a: Lopunny\n|-damage|p2a: Lopunny|0 fnt\n|faint|p2a: Lopunny\n|-hitcount|p2: Lopunny|2\n|\n|upkeep\n|\n|t:|1700520627\n|switch|p2a: Alomomola|Alomomola, M, tera:Dragon|95\/100 par\n|turn|22\n|\n|t:|1700520637\n|switch|p1a: BUNCHA TURBULENCE|Zapdos, shiny|88\/100\n|move|p2a: Alomomola|Flip Turn|p1a: BUNCHA TURBULENCE\n|-damage|p1a: BUNCHA TURBULENCE|71\/100\n|c|\u2606AceKing14|aw yes\n|c|\u2606AceKing14|cooking\n|\n|t:|1700520646\n|switch|p2a: Garganacl|Garganacl, M|100\/100|[from] Flip Turn\n|\n|upkeep\n|turn|23\n|c|\u2606AceKing14|we actually cooking rn\n|c|\u2606AceKing14|I believe I can win\n|\n|t:|1700520661\n|move|p1a: BUNCHA TURBULENCE|Volt Switch|p2a: Garganacl\n|-damage|p2a: Garganacl|73\/100\n|\n|t:|1700520671\n|switch|p1a: Bubblegum Pink|Swampert-Mega, F, shiny|79\/100|[from] Volt Switch\n|move|p2a: Garganacl|Salt Cure|p1a: Bubblegum Pink\n|-resisted|p1a: Bubblegum Pink\n|-damage|p1a: Bubblegum Pink|72\/100\n|-start|p1a: Bubblegum Pink|Salt Cure\n|\n|-heal|p2a: Garganacl|79\/100|[from] item: Leftovers\n|-damage|p1a: Bubblegum Pink|47\/100|[from] Salt Cure\n|upkeep\n|turn|24\n|\n|t:|1700520687\n|move|p1a: Bubblegum Pink|Earthquake|p2a: Garganacl\n|-supereffective|p2a: Garganacl\n|-damage|p2a: Garganacl|10\/100\n|move|p2a: Garganacl|Stealth Rock|p1a: Bubblegum Pink\n|-sidestart|p1: Betabuxx Billy|move: Stealth Rock\n|\n|-heal|p2a: Garganacl|16\/100|[from] item: Leftovers\n|-damage|p1a: Bubblegum Pink|22\/100|[from] Salt Cure\n|upkeep\n|turn|25\n|c|\u2606AceKing14|YES NO MORE RAIN\n|c|\u2606AceKing14|W\n|c|\u2606Betabuxx Billy|nuuuu\n|\n|t:|1700520706\n|switch|p1a: KUNG FU FIGHTINGGG|Urshifu-Rapid-Strike, F|100\/100\n|-damage|p1a: KUNG FU FIGHTINGGG|94\/100|[from] Stealth Rock\n|move|p2a: Garganacl|Recover|p2a: Garganacl\n|-heal|p2a: Garganacl|66\/100\n|\n|-heal|p2a: Garganacl|72\/100|[from] item: Leftovers\n|upkeep\n|turn|26\n|\n|t:|1700520712\n|switch|p2a: Alomomola|Alomomola, M, tera:Dragon|100\/100 par\n|move|p1a: KUNG FU FIGHTINGGG|Close Combat|p2a: Alomomola\n|-damage|p2a: Alomomola|67\/100 par\n|-unboost|p1a: KUNG FU FIGHTINGGG|def|1\n|-unboost|p1a: KUNG FU FIGHTINGGG|spd|1\n|-damage|p1a: KUNG FU FIGHTINGGG|78\/100|[from] item: Rocky Helmet|[of] p2a: Alomomola\n|\n|upkeep\n|turn|27\n|c|\u2606AceKing14|owie\n|\n|t:|1700520728\n|switch|p1a: BUNCHA TURBULENCE|Zapdos, shiny|71\/100\n|-damage|p1a: BUNCHA TURBULENCE|46\/100|[from] Stealth Rock\n|cant|p2a: Alomomola|par\n|\n|upkeep\n|turn|28\n|c|\u2606AceKing14|if I get para I quit pokemon\n|c|\u2606AceKing14|FUCK\n|\n|t:|1700520737\n|move|p1a: BUNCHA TURBULENCE|Roost|p1a: BUNCHA TURBULENCE\n|-heal|p1a: BUNCHA TURBULENCE|96\/100\n|-singleturn|p1a: BUNCHA TURBULENCE|move: Roost\n|move|p2a: Alomomola|Flip Turn|p1a: BUNCHA TURBULENCE\n|-damage|p1a: BUNCHA TURBULENCE|80\/100\n|\n|t:|1700520740\n|switch|p2a: Weavile|Weavile, M|72\/100|[from] Flip Turn\n|-ability|p2a: Weavile|Pressure\n|\n|upkeep\n|turn|29\n|c|\u2606AceKing14|hit him with crash\n|\n|t:|1700520754\n|-terastallize|p1a: BUNCHA TURBULENCE|Steel\n|move|p2a: Weavile|Icicle Crash|p1a: BUNCHA TURBULENCE\n|-resisted|p1a: BUNCHA TURBULENCE\n|-damage|p1a: BUNCHA TURBULENCE|47\/100\n|move|p1a: BUNCHA TURBULENCE|Volt Switch|p2a: Weavile\n|-damage|p2a: Weavile|28\/100\n|c|\u2606AceKing14|NOOOOOOO\n|c|\u2606AceKing14|YES I LIVED\n|\n|t:|1700520763\n|switch|p1a: KUNG FU FIGHTINGGG|Urshifu-Rapid-Strike, F|78\/100|[from] Volt Switch\n|-damage|p1a: KUNG FU FIGHTINGGG|72\/100|[from] Stealth Rock\n|\n|upkeep\n|turn|30\n|c|\u2606AceKing14|GOAT\n|\n|t:|1700520771\n|switch|p2a: Alomomola|Alomomola, M, tera:Dragon|100\/100 par\n|move|p1a: KUNG FU FIGHTINGGG|U-turn|p2a: Alomomola\n|-damage|p2a: Alomomola|88\/100 par\n|-damage|p1a: KUNG FU FIGHTINGGG|55\/100|[from] item: Rocky Helmet|[of] p2a: Alomomola\n|c|\u2606AceKing14|WEAVILE GOAT\n|c|\u2606AceKing14|OW\n|\n|t:|1700520786\n|switch|p1a: Bubblegum Pink|Swampert-Mega, F, shiny|22\/100|[from] U-turn\n|-damage|p1a: Bubblegum Pink|16\/100|[from] Stealth Rock\n|\n|upkeep\n|turn|31\n|\n|t:|1700520795\n|move|p1a: Bubblegum Pink|Earthquake|p2a: Alomomola\n|-damage|p2a: Alomomola|55\/100 par\n|cant|p2a: Alomomola|par\n|\n|upkeep\n|turn|32\n|c|\u2606AceKing14|NO\n|\n|t:|1700520801\n|move|p1a: Bubblegum Pink|Earthquake|p2a: Alomomola\n|-damage|p2a: Alomomola|22\/100 par\n|cant|p2a: Alomomola|par\n|\n|upkeep\n|turn|33\n|c|\u2606AceKing14|this game\n|c|\u2606Betabuxx Billy|im sorry thats unfort\n|\n|t:|1700520816\n|switch|p2a: Garganacl|Garganacl, M|72\/100\n|move|p1a: Bubblegum Pink|Earthquake|p2a: Garganacl\n|-supereffective|p2a: Garganacl\n|-damage|p2a: Garganacl|6\/100\n|\n|-heal|p2a: Garganacl|12\/100|[from] item: Leftovers\n|upkeep\n|turn|34\n|c|\u2606AceKing14|I won too\n|c|\u2606AceKing14|now I have to sac this\n|\n|t:|1700520827\n|move|p1a: Bubblegum Pink|Earthquake|p2a: Garganacl\n|-supereffective|p2a: Garganacl\n|-damage|p2a: Garganacl|0 fnt\n|faint|p2a: Garganacl\n|\n|upkeep\n|c|\u2606AceKing14|which was my only thing to beat zapdos\n|c|\u2606AceKing14|:(\n|\n|t:|1700520837\n|switch|p2a: Weavile|Weavile, M|28\/100\n|-ability|p2a: Weavile|Pressure\n|turn|35\n|\n|t:|1700520847\n|switch|p1a: ball breaker|Pelipper, F, shiny|12\/100 psn\n|-damage|p1a: ball breaker|0 fnt|[from] Stealth Rock\n|faint|p1a: ball breaker\n|move|p2a: Weavile|Low Kick|p1: ball breaker|[notarget]\n|-fail|p2a: Weavile\n|\n|upkeep\n|\n|t:|1700520854\n|switch|p1a: KUNG FU FIGHTINGGG|Urshifu-Rapid-Strike, F|55\/100\n|-damage|p1a: KUNG FU FIGHTINGGG|49\/100|[from] Stealth Rock\n|turn|36\n|\n|t:|1700520861\n|switch|p2a: Alomomola|Alomomola, M, tera:Dragon|55\/100 par\n|move|p1a: KUNG FU FIGHTINGGG|U-turn|p2a: Alomomola\n|-damage|p2a: Alomomola|42\/100 par\n|-damage|p1a: KUNG FU FIGHTINGGG|33\/100|[from] item: Rocky Helmet|[of] p2a: Alomomola\n|c|\u2606AceKing14|I might still be able to win\n|\n|t:|1700520882\n|switch|p1a: BUNCHA TURBULENCE|Zapdos, shiny, tera:Steel|47\/100|[from] U-turn\n|-damage|p1a: BUNCHA TURBULENCE|41\/100|[from] Stealth Rock\n|\n|upkeep\n|turn|37\n|\n|t:|1700520890\n|switch|p2a: Slowking|Slowking-Galar, M|100\/100\n|move|p1a: BUNCHA TURBULENCE|Hurricane|p2a: Slowking\n|-damage|p2a: Slowking|79\/100\n|-start|p2a: Slowking|confusion\n|\n|upkeep\n|turn|38\n|c|\u2606AceKing14|confuse ok\n|\n|t:|1700520899\n|move|p1a: BUNCHA TURBULENCE|Roost|p1a: BUNCHA TURBULENCE\n|-heal|p1a: BUNCHA TURBULENCE|91\/100\n|-activate|p2a: Slowking|confusion\n|move|p2a: Slowking|Future Sight|p1a: BUNCHA TURBULENCE\n|-start|p2a: Slowking|move: Future Sight\n|\n|upkeep\n|turn|39\n|\n|t:|1700520914\n|move|p1a: BUNCHA TURBULENCE|Thunder|p2a: Slowking\n|-damage|p2a: Slowking|56\/100\n|-status|p2a: Slowking|par\n|-activate|p2a: Slowking|confusion\n|move|p2a: Slowking|Flamethrower|p1a: BUNCHA TURBULENCE\n|-supereffective|p1a: BUNCHA TURBULENCE\n|-damage|p1a: BUNCHA TURBULENCE|49\/100\n|\n|upkeep\n|turn|40\n|c|\u2606AceKing14|bro\n|c|\u2606AceKing14|para too\n|\n|t:|1700520927\n|switch|p1a: Larry Skewba|Barraskewda, F, shiny|84\/100\n|-damage|p1a: Larry Skewba|71\/100|[from] Stealth Rock\n|-activate|p2a: Slowking|confusion\n|move|p2a: Slowking|Flamethrower|p1a: Larry Skewba\n|-resisted|p1a: Larry Skewba\n|-damage|p1a: Larry Skewba|38\/100\n|\n|-end|p1a: Larry Skewba|move: Future Sight\n|-damage|p1a: Larry Skewba|0 fnt\n|faint|p1a: Larry Skewba\n|upkeep\n|\n|t:|1700520933\n|switch|p1a: Bubblegum Pink|Swampert-Mega, F, shiny|16\/100\n|-damage|p1a: Bubblegum Pink|10\/100|[from] Stealth Rock\n|turn|41\n|\n|t:|1700520938\n|switch|p2a: Alomomola|Alomomola, M, tera:Dragon|75\/100 par\n|move|p1a: Bubblegum Pink|Earthquake|p2a: Alomomola\n|-damage|p2a: Alomomola|40\/100 par\n|\n|upkeep\n|turn|42\n|c|\u2606AceKing14|luck is not on my side today\n|\n|t:|1700520953\n|move|p1a: Bubblegum Pink|Earthquake|p2a: Alomomola\n|-damage|p2a: Alomomola|5\/100 par\n|move|p2a: Alomomola|Flip Turn|p1a: Bubblegum Pink\n|-damage|p1a: Bubblegum Pink|0 fnt\n|faint|p1a: Bubblegum Pink\n|\n|t:|1700520961\n|switch|p2a: Slowking|Slowking-Galar, M|89\/100 par|[from] Flip Turn\n|\n|upkeep\n|\n|t:|1700520966\n|switch|p1a: KUNG FU FIGHTINGGG|Urshifu-Rapid-Strike, F|33\/100\n|-damage|p1a: KUNG FU FIGHTINGGG|27\/100|[from] Stealth Rock\n|turn|43\n|\n|t:|1700520975\n|move|p1a: KUNG FU FIGHTINGGG|Surging Strikes|p2a: Slowking\n|-crit|p2a: Slowking\n|-damage|p2a: Slowking|63\/100 par\n|-crit|p2a: Slowking\n|-damage|p2a: Slowking|40\/100 par\n|-crit|p2a: Slowking\n|-damage|p2a: Slowking|14\/100 par\n|-hitcount|p2a: Slowking|3\n|move|p2a: Slowking|Sludge Bomb|p1a: KUNG FU FIGHTINGGG\n|-damage|p1a: KUNG FU FIGHTINGGG|0 fnt\n|faint|p1a: KUNG FU FIGHTINGGG\n|\n|upkeep\n|\n|t:|1700520981\n|switch|p1a: BUNCHA TURBULENCE|Zapdos, shiny, tera:Steel|49\/100\n|-damage|p1a: BUNCHA TURBULENCE|43\/100|[from] Stealth Rock\n|turn|44\n|\n|t:|1700520990\n|move|p1a: BUNCHA TURBULENCE|Roost|p1a: BUNCHA TURBULENCE\n|-heal|p1a: BUNCHA TURBULENCE|93\/100\n|cant|p2a: Slowking|par\n|\n|upkeep\n|turn|45\n|c|\u2606AceKing14|Dont you dare roost\n|c|\u2606AceKing14|BRO\n|\n|t:|1700520999\n|switch|p2a: Alomomola|Alomomola, M, tera:Dragon|38\/100 par\n|move|p1a: BUNCHA TURBULENCE|Volt Switch|p2a: Alomomola\n|-resisted|p2a: Alomomola\n|-damage|p2a: Alomomola|20\/100 par\n|\n|upkeep\n|turn|46\n|c|\u2606AceKing14|THIS GAME\n|c|\u2606AceKing14|HATES ME\n|c|\u2606Betabuxx Billy|i think u still win tho\n|c|\u2606Betabuxx Billy|ur pretty good\n|\n|t:|1700521012\n|move|p1a: BUNCHA TURBULENCE|Hurricane|p2a: Alomomola|[miss]\n|-miss|p1a: BUNCHA TURBULENCE|p2a: Alomomola\n|cant|p2a: Alomomola|par\n|\n|upkeep\n|turn|47\n|\n|t:|1700521018\n|move|p1a: BUNCHA TURBULENCE|Hurricane|p2a: Alomomola|[miss]\n|-miss|p1a: BUNCHA TURBULENCE|p2a: Alomomola\n|cant|p2a: Alomomola|par\n|\n|upkeep\n|turn|48\n|c|\u2606AceKing14|bro\n|\n|t:|1700521025\n|move|p1a: BUNCHA TURBULENCE|Hurricane|p2a: Alomomola\n|-damage|p2a: Alomomola|0 fnt\n|faint|p2a: Alomomola\n|\n|upkeep\n|\n|t:|1700521031\n|switch|p2a: Slowking|Slowking-Galar, M|47\/100 par\n|turn|49\n|\n|t:|1700521037\n|move|p1a: BUNCHA TURBULENCE|Hurricane|p2a: Slowking\n|-damage|p2a: Slowking|23\/100 par\n|move|p2a: Slowking|Flamethrower|p1a: BUNCHA TURBULENCE\n|-supereffective|p1a: BUNCHA TURBULENCE\n|-crit|p1a: BUNCHA TURBULENCE\n|-damage|p1a: BUNCHA TURBULENCE|33\/100\n|\n|upkeep\n|turn|50\n|\n|t:|1700521043\n|move|p1a: BUNCHA TURBULENCE|Roost|p1a: BUNCHA TURBULENCE\n|-heal|p1a: BUNCHA TURBULENCE|83\/100\n|move|p2a: Slowking|Flamethrower|p1a: BUNCHA TURBULENCE\n|-supereffective|p1a: BUNCHA TURBULENCE\n|-damage|p1a: BUNCHA TURBULENCE|43\/100\n|\n|upkeep\n|turn|51\n|\n|t:|1700521050\n|move|p1a: BUNCHA TURBULENCE|Roost|p1a: BUNCHA TURBULENCE\n|-heal|p1a: BUNCHA TURBULENCE|93\/100\n|cant|p2a: Slowking|par\n|\n|upkeep\n|turn|52\n|\n|t:|1700521054\n|move|p1a: BUNCHA TURBULENCE|Hurricane|p2a: Slowking\n|-damage|p2a: Slowking|3\/100 par\n|-start|p2a: Slowking|confusion\n|-activate|p2a: Slowking|confusion\n|move|p2a: Slowking|Flamethrower|p1a: BUNCHA TURBULENCE\n|-supereffective|p1a: BUNCHA TURBULENCE\n|-damage|p1a: BUNCHA TURBULENCE|52\/100\n|\n|upkeep\n|turn|53\n|c|\u2606AceKing14|of course\n|\n|t:|1700521063\n|switch|p2a: Weavile|Weavile, M|28\/100\n|-ability|p2a: Weavile|Pressure\n|move|p1a: BUNCHA TURBULENCE|Roost|p1a: BUNCHA TURBULENCE\n|-heal|p1a: BUNCHA TURBULENCE|100\/100\n|\n|upkeep\n|turn|54\n|c|\u2606AceKing14|no more roost lets go\n|\n|t:|1700521077\n|move|p2a: Weavile|Low Kick|p1a: BUNCHA TURBULENCE\n|-supereffective|p1a: BUNCHA TURBULENCE\n|-damage|p1a: BUNCHA TURBULENCE|26\/100\n|-status|p2a: Weavile|par|[from] ability: Static|[of] p1a: BUNCHA TURBULENCE\n|move|p1a: BUNCHA TURBULENCE|Volt Switch|p2a: Weavile\n|-damage|p2a: Weavile|0 fnt\n|faint|p2a: Weavile\n|\n|upkeep\n|\n|t:|1700521079\n|switch|p2a: Slowking|Slowking-Galar, M|36\/100 par\n|turn|55\n|c|\u2606AceKing14|DONT PARA\n|c|\u2606AceKing14|I SWEAR\n|\n|t:|1700521085\n|move|p1a: BUNCHA TURBULENCE|Roost|p1a: BUNCHA TURBULENCE\n|-heal|p1a: BUNCHA TURBULENCE|76\/100\n|move|p2a: Slowking|Flamethrower|p1a: BUNCHA TURBULENCE\n|-supereffective|p1a: BUNCHA TURBULENCE\n|-damage|p1a: BUNCHA TURBULENCE|40\/100\n|\n|upkeep\n|turn|56\n|c|\u2606AceKing14|wait what\n|c|\u2606AceKing14|how did you have 1 left\n|c|\u2606Betabuxx Billy|idk\n|c|\u2606AceKing14|you had 2\n|c|\u2606AceKing14|I switch into pressure weavile\n|c|\u2606AceKing14|and you still had one\n|inactive|AceKing14 has 120 seconds left.\n|c|\u2606AceKing14|thats bullshit :(\n|\n|t:|1700521118\n|move|p1a: BUNCHA TURBULENCE|Hurricane|p2a: Slowking|[miss]\n|-miss|p1a: BUNCHA TURBULENCE|p2a: Slowking\n|move|p2a: Slowking|Flamethrower|p1a: BUNCHA TURBULENCE\n|-supereffective|p1a: BUNCHA TURBULENCE\n|-damage|p1a: BUNCHA TURBULENCE|0 fnt\n|faint|p1a: BUNCHA TURBULENCE\n|\n|win|AceKing14\n|raw|Betabuxx Billy's rating: 1310 &rarr; <strong>1300<\/strong><br \/>(-10 for losing)\n|raw|AceKing14's rating: 1508 &rarr; <strong>1518<\/strong><br \/>(+10 for winning)\n|c|\u2606AceKing14|gg\n|c|\u2606Betabuxx Billy|gg u earned that\n|c|\u2606AceKing14|ty\n","uploadtime":1700521126,"views":1,"p1id":"betabuxxbilly","p2id":"aceking14","formatid":"gen9nationaldex","rating":1300,"private":0,"password":""}