{"id":"gen9nationaldex-1989409704","p1":"troubadour9","p2":"haroon02","format":"[Gen 9] National Dex","log":"|j|\u2606troubadour9\n|j|\u2606haroon02\n|t:|1699846590\n|gametype|singles\n|player|p1|troubadour9|sage|1408\n|player|p2|haroon02|2|1345\n|teamsize|p1|6\n|teamsize|p2|6\n|gen|9\n|tier|[Gen 9] National Dex\n|rated|\n|rule|HP Percentage Mod: HP is shown in percentages\n|rule|Endless Battle Clause: Forcing endless battles is banned\n|rule|OHKO Clause: OHKO moves are banned\n|rule|Evasion Clause: Evasion abilities, items, and moves are banned\n|rule|Evasion Abilities Clause: Evasion abilities are banned\n|rule|Evasion Items Clause: Evasion items are banned\n|rule|Evasion Moves Clause: Evasion moves are banned\n|rule|Species Clause: Limit one of each Pok\u00e9mon\n|rule|Sleep Clause Mod: Limit one foe put to sleep\n|clearpoke\n|poke|p1|Garchomp, M|\n|poke|p1|Hippowdon, F|\n|poke|p1|Ferrothorn, M|\n|poke|p1|Shuckle, M|\n|poke|p1|Arcanine-Hisui, F|\n|poke|p1|Thundurus-Therian, M|\n|poke|p2|Gardevoir, M|\n|poke|p2|Ceruledge, F|\n|poke|p2|Bisharp, F|\n|poke|p2|Garchomp, F|\n|poke|p2|Grimmsnarl, M|\n|poke|p2|Iron Moth|\n|teampreview\n|inactive|Battle timer is ON: inactive players will automatically lose when time's up. (requested by troubadour9)\n|\n|t:|1699846618\n|start\n|switch|p1a: Pol Pot|Shuckle, M|100\/100\n|switch|p2a: Garchomp|Garchomp, F|100\/100\n|turn|1\n|\n|t:|1699846647\n|move|p2a: Garchomp|Swords Dance|p2a: Garchomp\n|-boost|p2a: Garchomp|atk|2\n|move|p1a: Pol Pot|Sticky Web|p2a: Garchomp\n|-sidestart|p2: haroon02|move: Sticky Web\n|\n|upkeep\n|turn|2\n|\n|t:|1699846655\n|move|p2a: Garchomp|Swords Dance|p2a: Garchomp\n|-boost|p2a: Garchomp|atk|2\n|move|p1a: Pol Pot|Encore|p2a: Garchomp\n|-start|p2a: Garchomp|Encore\n|\n|upkeep\n|turn|3\n|\n|t:|1699846669\n|switch|p1a: Joseph Stalin|Ferrothorn, M|100\/100\n|move|p2a: Garchomp|Swords Dance|p2a: Garchomp\n|-boost|p2a: Garchomp|atk|2\n|\n|upkeep\n|turn|4\n|\n|t:|1699846681\n|move|p2a: Garchomp|Swords Dance|p2a: Garchomp\n|-boost|p2a: Garchomp|atk|0\n|move|p1a: Joseph Stalin|Leech Seed|p2a: Garchomp\n|-start|p2a: Garchomp|move: Leech Seed\n|\n|-damage|p2a: Garchomp|88\/100|[from] Leech Seed|[of] p1a: Joseph Stalin\n|upkeep\n|turn|5\n|\n|t:|1699846692\n|move|p2a: Garchomp|Swords Dance|p2a: Garchomp\n|-boost|p2a: Garchomp|atk|0\n|move|p1a: Joseph Stalin|Gyro Ball|p2a: Garchomp\n|-damage|p2a: Garchomp|37\/100\n|-damage|p1a: Joseph Stalin|88\/100|[from] ability: Rough Skin|[of] p2a: Garchomp\n|-damage|p1a: Joseph Stalin|72\/100|[from] item: Rocky Helmet|[of] p2a: Garchomp\n|\n|-heal|p1a: Joseph Stalin|78\/100|[from] item: Leftovers\n|-damage|p2a: Garchomp|24\/100|[from] Leech Seed|[of] p1a: Joseph Stalin\n|-heal|p1a: Joseph Stalin|90\/100|[silent]\n|-end|p2a: Garchomp|Encore\n|upkeep\n|turn|6\n|\n|t:|1699846704\n|move|p1a: Joseph Stalin|Protect|p1a: Joseph Stalin\n|-singleturn|p1a: Joseph Stalin|Protect\n|move|p2a: Garchomp|Earthquake|p1a: Joseph Stalin\n|-activate|p1a: Joseph Stalin|move: Protect\n|\n|-heal|p1a: Joseph Stalin|97\/100|[from] item: Leftovers\n|-damage|p2a: Garchomp|12\/100|[from] Leech Seed|[of] p1a: Joseph Stalin\n|-heal|p1a: Joseph Stalin|100\/100|[silent]\n|upkeep\n|turn|7\n|\n|t:|1699846716\n|switch|p1a: Kim Jong Il|Thundurus-Therian, M|100\/100\n|move|p2a: Garchomp|Earthquake|p1a: Kim Jong Il\n|-immune|p1a: Kim Jong Il\n|\n|-damage|p2a: Garchomp|0 fnt|[from] Leech Seed|[of] p1a: Kim Jong Il\n|faint|p2a: Garchomp\n|upkeep\n|inactive|haroon02 has 120 seconds left.\n|inactive|haroon02 has 90 seconds left.\n|\n|t:|1699846802\n|switch|p2a: Bisharp|Bisharp, F|100\/100\n|-activate|p2a: Bisharp|move: Sticky Web\n|-unboost|p2a: Bisharp|spe|1\n|-ability|p2a: Bisharp|Defiant|boost\n|-boost|p2a: Bisharp|atk|2\n|turn|8\n|\n|t:|1699846817\n|switch|p1a: Pol Pot|Shuckle, M|100\/100\n|move|p2a: Bisharp|Stone Edge|p1a: Pol Pot|[miss]\n|-miss|p2a: Bisharp|p1a: Pol Pot\n|\n|upkeep\n|turn|9\n|\n|t:|1699846836\n|move|p2a: Bisharp|Iron Head|p1a: Pol Pot\n|-supereffective|p1a: Pol Pot\n|-ability|p1a: Pol Pot|Sturdy\n|-damage|p1a: Pol Pot|1\/100\n|-enditem|p1a: Pol Pot|Red Card|[of] p2a: Bisharp\n|drag|p2a: Ceruledge|Ceruledge, F|100\/100\n|-activate|p2a: Ceruledge|move: Sticky Web\n|-unboost|p2a: Ceruledge|spe|1\n|move|p1a: Pol Pot|Encore||[still]\n|-fail|p1a: Pol Pot\n|\n|upkeep\n|turn|10\n|\n|t:|1699846858\n|move|p2a: Ceruledge|Shadow Sneak|p1a: Pol Pot\n|-damage|p1a: Pol Pot|0 fnt\n|faint|p1a: Pol Pot\n|\n|upkeep\n|inactive|troubadour9 has 120 seconds left.\n|\n|t:|1699846878\n|switch|p1a: Genghis Khan|Hippowdon, F|100\/100\n|-weather|Sandstorm|[from] ability: Sand Stream|[of] p1a: Genghis Khan\n|turn|11\n|inactive|troubadour9 has 120 seconds left.\n|\n|t:|1699846889\n|switch|p2a: Grimmsnarl|Grimmsnarl, M|100\/100\n|-activate|p2a: Grimmsnarl|move: Sticky Web\n|-unboost|p2a: Grimmsnarl|spe|1\n|move|p1a: Genghis Khan|Earthquake|p2a: Grimmsnarl\n|-damage|p2a: Grimmsnarl|51\/100\n|\n|-weather|Sandstorm|[upkeep]\n|-damage|p2a: Grimmsnarl|45\/100|[from] Sandstorm\n|-heal|p2a: Grimmsnarl|51\/100|[from] item: Leftovers\n|upkeep\n|turn|12\n|inactive|troubadour9 has 120 seconds left.\n|\n|t:|1699846909\n|move|p2a: Grimmsnarl|Reflect|p2a: Grimmsnarl\n|-sidestart|p2: haroon02|Reflect\n|move|p1a: Genghis Khan|Earthquake|p2a: Grimmsnarl\n|-damage|p2a: Grimmsnarl|29\/100\n|\n|-weather|Sandstorm|[upkeep]\n|-damage|p2a: Grimmsnarl|23\/100|[from] Sandstorm\n|-heal|p2a: Grimmsnarl|29\/100|[from] item: Leftovers\n|upkeep\n|turn|13\n|inactive|troubadour9 has 120 seconds left.\n|\n|t:|1699846918\n|move|p2a: Grimmsnarl|Parting Shot|p1a: Genghis Khan\n|-unboost|p1a: Genghis Khan|atk|1\n|-unboost|p1a: Genghis Khan|spa|1\n|\n|t:|1699846933\n|switch|p2a: Gardevoir|Gardevoir, M|100\/100|[from] Parting Shot\n|-activate|p2a: Gardevoir|move: Sticky Web\n|-unboost|p2a: Gardevoir|spe|1\n|move|p1a: Genghis Khan|Stealth Rock|p2a: Gardevoir\n|-sidestart|p2: haroon02|move: Stealth Rock\n|\n|-weather|Sandstorm|[upkeep]\n|-damage|p2a: Gardevoir|94\/100|[from] Sandstorm\n|upkeep\n|turn|14\n|\n|t:|1699846945\n|detailschange|p2a: Gardevoir|Gardevoir-Mega, M\n|-mega|p2a: Gardevoir|Gardevoir|Gardevoirite\n|move|p2a: Gardevoir|Calm Mind|p2a: Gardevoir\n|-boost|p2a: Gardevoir|spa|1\n|-boost|p2a: Gardevoir|spd|1\n|move|p1a: Genghis Khan|Yawn|p2a: Gardevoir\n|-start|p2a: Gardevoir|move: Yawn|[of] p1a: Genghis Khan\n|\n|-weather|Sandstorm|[upkeep]\n|-damage|p2a: Gardevoir|88\/100|[from] Sandstorm\n|upkeep\n|turn|15\n|inactive|troubadour9 has 120 seconds left.\n|\n|t:|1699846960\n|move|p2a: Gardevoir|Energy Ball|p1a: Genghis Khan\n|-supereffective|p1a: Genghis Khan\n|-damage|p1a: Genghis Khan|0 fnt\n|faint|p1a: Genghis Khan\n|\n|-weather|none\n|-end|p2a: Gardevoir|move: Yawn|[silent]\n|-status|p2a: Gardevoir|slp\n|upkeep\n|inactive|troubadour9 has 120 seconds left.\n|\n|t:|1699846986\n|switch|p1a: Saddam Hussein|Arcanine-Hisui, F|100\/100\n|turn|16\n|inactive|haroon02 has 90 seconds left.\n|\n|t:|1699847002\n|move|p1a: Saddam Hussein|Flare Blitz|p2a: Gardevoir\n|-damage|p2a: Gardevoir|37\/100 slp\n|cant|p2a: Gardevoir|slp\n|\n|-sideend|p2: haroon02|Reflect\n|upkeep\n|turn|17\n|c|\u2606haroon02|SADDAM\n|inactive|haroon02 has 90 seconds left.\n|\n|t:|1699847014\n|move|p1a: Saddam Hussein|Flare Blitz|p2a: Gardevoir\n|-crit|p2a: Gardevoir\n|-damage|p2a: Gardevoir|0 fnt\n|faint|p2a: Gardevoir\n|\n|upkeep\n|inactive|haroon02 has 90 seconds left.\n|c|\u2606troubadour9|he like dat fr\n|\n|t:|1699847026\n|switch|p2a: Grimmsnarl|Grimmsnarl, M|29\/100\n|-activate|p2a: Grimmsnarl|move: Sticky Web\n|-unboost|p2a: Grimmsnarl|spe|1\n|-damage|p2a: Grimmsnarl|16\/100|[from] Stealth Rock\n|turn|18\n|\n|t:|1699847032\n|move|p2a: Grimmsnarl|Reflect|p2a: Grimmsnarl\n|-sidestart|p2: haroon02|Reflect\n|move|p1a: Saddam Hussein|Flare Blitz|p2a: Grimmsnarl\n|-damage|p2a: Grimmsnarl|0 fnt\n|faint|p2a: Grimmsnarl\n|\n|upkeep\n|c|\u2606haroon02|rock headed af\n|inactive|haroon02 has 90 seconds left.\n|\n|t:|1699847054\n|switch|p2a: Iron Moth|Iron Moth|100\/100\n|-activate|p2a: Iron Moth|move: Sticky Web\n|-unboost|p2a: Iron Moth|spe|1\n|-damage|p2a: Iron Moth|76\/100|[from] Stealth Rock\n|-enditem|p2a: Iron Moth|Booster Energy\n|-activate|p2a: Iron Moth|ability: Quark Drive|[fromitem]\n|-start|p2a: Iron Moth|quarkdrivespa\n|turn|19\n|inactive|troubadour9 has 120 seconds left.\n|\n|t:|1699847071\n|switch|p1a: Kim Jong Il|Thundurus-Therian, M|100\/100\n|move|p2a: Iron Moth|Sludge Wave|p1a: Kim Jong Il\n|-damage|p1a: Kim Jong Il|15\/100\n|\n|upkeep\n|turn|20\n|\n|t:|1699847089\n|move|p1a: Kim Jong Il|Thunderbolt|p2a: Iron Moth\n|-damage|p2a: Iron Moth|27\/100\n|move|p2a: Iron Moth|Fiery Dance|p1a: Kim Jong Il\n|-damage|p1a: Kim Jong Il|0 fnt\n|faint|p1a: Kim Jong Il\n|\n|upkeep\n|\n|t:|1699847097\n|switch|p1a: Saddam Hussein|Arcanine-Hisui, F|100\/100\n|turn|21\n|\n|t:|1699847115\n|move|p1a: Saddam Hussein|Head Smash|p2a: Iron Moth\n|-supereffective|p2a: Iron Moth\n|-damage|p2a: Iron Moth|0 fnt\n|faint|p2a: Iron Moth\n|-end|p2a: Iron Moth|Quark Drive|[silent]\n|\n|upkeep\n|\n|t:|1699847119\n|switch|p2a: Bisharp|Bisharp, F|100\/100\n|-activate|p2a: Bisharp|move: Sticky Web\n|-unboost|p2a: Bisharp|spe|1\n|-ability|p2a: Bisharp|Defiant|boost\n|-boost|p2a: Bisharp|atk|2\n|-damage|p2a: Bisharp|95\/100|[from] Stealth Rock\n|turn|22\n|inactive|troubadour9 has 90 seconds left.\n|\n|t:|1699847166\n|move|p1a: Saddam Hussein|Head Smash|p2a: Bisharp\n|-resisted|p2a: Bisharp\n|-damage|p2a: Bisharp|81\/100\n|move|p2a: Bisharp|Swords Dance|p2a: Bisharp\n|-boost|p2a: Bisharp|atk|2\n|\n|-sideend|p2: haroon02|Reflect\n|upkeep\n|turn|23\n|\n|t:|1699847182\n|move|p1a: Saddam Hussein|Head Smash|p2a: Bisharp\n|-resisted|p2a: Bisharp\n|-damage|p2a: Bisharp|56\/100\n|move|p2a: Bisharp|Stone Edge|p1a: Saddam Hussein\n|-supereffective|p1a: Saddam Hussein\n|-damage|p1a: Saddam Hussein|0 fnt\n|faint|p1a: Saddam Hussein\n|\n|upkeep\n|inactive|troubadour9 has 60 seconds left.\n|\n|t:|1699847197\n|switch|p1a: Mao Ze Dong|Garchomp, M|100\/100\n|turn|24\n|inactive|troubadour9 has 60 seconds left.\n|\n|t:|1699847211\n|detailschange|p1a: Mao Ze Dong|Garchomp-Mega, M\n|-mega|p1a: Mao Ze Dong|Garchomp|Garchompite\n|move|p2a: Bisharp|Sucker Punch|p1a: Mao Ze Dong\n|-damage|p1a: Mao Ze Dong|10\/100\n|move|p1a: Mao Ze Dong|Earthquake|p2a: Bisharp\n|-supereffective|p2a: Bisharp\n|-damage|p2a: Bisharp|0 fnt\n|faint|p2a: Bisharp\n|\n|upkeep\n|\n|t:|1699847216\n|switch|p2a: Ceruledge|Ceruledge, F|100\/100\n|-activate|p2a: Ceruledge|move: Sticky Web\n|-unboost|p2a: Ceruledge|spe|1\n|-damage|p2a: Ceruledge|76\/100|[from] Stealth Rock\n|turn|25\n|inactive|troubadour9 has 60 seconds left.\n|\n|t:|1699847235\n|move|p2a: Ceruledge|Shadow Sneak|p1a: Mao Ze Dong\n|-damage|p1a: Mao Ze Dong|0 fnt\n|faint|p1a: Mao Ze Dong\n|\n|upkeep\n|\n|t:|1699847239\n|switch|p1a: Joseph Stalin|Ferrothorn, M|100\/100\n|turn|26\n|inactive|haroon02 has 120 seconds left.\n|\n|t:|1699847252\n|-terastallize|p1a: Joseph Stalin|Dragon\n|move|p2a: Ceruledge|Bitter Blade|p1a: Joseph Stalin\n|-resisted|p1a: Joseph Stalin\n|-damage|p1a: Joseph Stalin|87\/100\n|-heal|p2a: Ceruledge|84\/100|[from] drain|[of] p1a: Joseph Stalin\n|-damage|p2a: Ceruledge|72\/100|[from] ability: Iron Barbs|[of] p1a: Joseph Stalin\n|move|p1a: Joseph Stalin|Leech Seed|p2a: Ceruledge\n|-start|p2a: Ceruledge|move: Leech Seed\n|\n|-heal|p1a: Joseph Stalin|93\/100|[from] item: Leftovers\n|-damage|p2a: Ceruledge|59\/100|[from] Leech Seed|[of] p1a: Joseph Stalin\n|-heal|p1a: Joseph Stalin|100\/100|[silent]\n|upkeep\n|turn|27\n|inactive|haroon02 has 120 seconds left.\n|\n|t:|1699847266\n|move|p1a: Joseph Stalin|Protect|p1a: Joseph Stalin\n|-singleturn|p1a: Joseph Stalin|Protect\n|move|p2a: Ceruledge|Poltergeist|p1a: Joseph Stalin\n|-activate|p1a: Joseph Stalin|move: Protect\n|\n|-damage|p2a: Ceruledge|47\/100|[from] Leech Seed|[of] p1a: Joseph Stalin\n|upkeep\n|turn|28\n|c|\u2606troubadour9|om sorry\n|c|\u2606haroon02|mann\n|\n|t:|1699847278\n|-terastallize|p2a: Ceruledge|Fighting\n|move|p2a: Ceruledge|Close Combat|p1a: Joseph Stalin\n|-damage|p1a: Joseph Stalin|66\/100\n|-unboost|p2a: Ceruledge|def|1\n|-unboost|p2a: Ceruledge|spd|1\n|-damage|p2a: Ceruledge|35\/100|[from] ability: Iron Barbs|[of] p1a: Joseph Stalin\n|move|p1a: Joseph Stalin|Gyro Ball|p2a: Ceruledge\n|-damage|p2a: Ceruledge|0 fnt\n|faint|p2a: Ceruledge\n|\n|win|troubadour9\n|raw|troubadour9's rating: 1408 &rarr; <strong>1424<\/strong><br \/>(+16 for winning)\n|raw|haroon02's rating: 1345 &rarr; <strong>1329<\/strong><br \/>(-16 for losing)\n|c|\u2606troubadour9|ggs\n|c|\u2606troubadour9|have a great day\n|c|\u2606haroon02|gg\n|c|\u2606haroon02|yt\n","uploadtime":1699847303,"views":6,"p1id":"troubadour9","p2id":"haroon02","formatid":"gen9nationaldex","rating":1329,"private":0,"password":""}