{"id":"gen9nationaldex-1989589169","p1":"tiancaishanyao","p2":"Rhyfinn 05","format":"[Gen 9] National Dex","log":"|j|\u2606tiancaishanyao\n|j|\u2606Rhyfinn 05\n|t:|1699875627\n|gametype|singles\n|player|p1|tiancaishanyao|2|1111\n|player|p2|Rhyfinn 05|alder|1000\n|teamsize|p1|6\n|teamsize|p2|6\n|gen|9\n|tier|[Gen 9] National Dex\n|rated|\n|rule|HP Percentage Mod: HP is shown in percentages\n|rule|Endless Battle Clause: Forcing endless battles is banned\n|rule|OHKO Clause: OHKO moves are banned\n|rule|Evasion Clause: Evasion abilities, items, and moves are banned\n|rule|Evasion Abilities Clause: Evasion abilities are banned\n|rule|Evasion Items Clause: Evasion items are banned\n|rule|Evasion Moves Clause: Evasion moves are banned\n|rule|Species Clause: Limit one of each Pok\u00e9mon\n|rule|Sleep Clause Mod: Limit one foe put to sleep\n|clearpoke\n|poke|p1|Klefki, M|\n|poke|p1|Zamazenta-*|\n|poke|p1|Greninja-*, M|\n|poke|p1|Empoleon, F|\n|poke|p1|Diancie|\n|poke|p1|Garchomp, M|\n|poke|p2|Gliscor, F|\n|poke|p2|Toxapex, M|\n|poke|p2|Sneasler, M|\n|poke|p2|Tapu Koko|\n|poke|p2|Scizor, M|\n|poke|p2|Volcarona, M|\n|teampreview\n|inactive|Battle timer is ON: inactive players will automatically lose when time's up. (requested by Rhyfinn 05)\n|\n|t:|1699875650\n|start\n|switch|p1a: Klefki|Klefki, M|100\/100\n|switch|p2a: Tapu Koko|Tapu Koko|100\/100\n|-fieldstart|move: Electric Terrain|[from] ability: Electric Surge|[of] p2a: Tapu Koko\n|turn|1\n|\n|t:|1699875669\n|move|p1a: Klefki|Spikes|p2a: Tapu Koko\n|-sidestart|p2: Rhyfinn 05|Spikes\n|move|p2a: Tapu Koko|Thunderbolt|p1a: Klefki\n|-damage|p1a: Klefki|21\/100\n|\n|upkeep\n|turn|2\n|\n|t:|1699875689\n|switch|p2a: Gliscor|Gliscor, F|100\/100\n|move|p1a: Klefki|Spikes|p2a: Gliscor\n|-sidestart|p2: Rhyfinn 05|Spikes\n|\n|-status|p2a: Gliscor|tox|[from] item: Toxic Orb\n|upkeep\n|turn|3\n|\n|t:|1699875704\n|switch|p1a: Greninja|Greninja, M|100\/100\n|move|p2a: Gliscor|Defog|p1a: Greninja\n|-unboost|p1a: Greninja|evasion|1\n|-sideend|p2: Rhyfinn 05|Spikes|[from] move: Defog|[of] p2a: Gliscor\n|-fieldend|move: Electric Terrain\n|\n|upkeep\n|turn|4\n|\n|t:|1699875719\n|switch|p1a: Garchomp|Garchomp, M|100\/100\n|switch|p2a: Toxapex|Toxapex, M|100\/100\n|\n|upkeep\n|turn|5\n|inactive|Rhyfinn 05 has 120 seconds left.\n|\n|t:|1699875746\n|move|p1a: Garchomp|Swords Dance|p1a: Garchomp\n|-boost|p1a: Garchomp|atk|2\n|move|p2a: Toxapex|Knock Off|p1a: Garchomp\n|-damage|p1a: Garchomp|90\/100\n|-damage|p2a: Toxapex|88\/100|[from] ability: Rough Skin|[of] p1a: Garchomp\n|\n|upkeep\n|turn|6\n|inactive|tiancaishanyao has 120 seconds left.\n|\n|t:|1699875770\n|switch|p2a: Gliscor|Gliscor, F|100\/100 tox\n|detailschange|p1a: Garchomp|Garchomp-Mega, M\n|-mega|p1a: Garchomp|Garchomp|Garchompite\n|move|p1a: Garchomp|Scale Shot|p2a: Gliscor\n|-damage|p2a: Gliscor|81\/100 tox\n|-damage|p2a: Gliscor|60\/100 tox\n|-damage|p2a: Gliscor|42\/100 tox\n|-damage|p2a: Gliscor|24\/100 tox\n|-hitcount|p2a: Gliscor|4\n|-unboost|p1a: Garchomp|def|1\n|-boost|p1a: Garchomp|spe|1\n|\n|-heal|p2a: Gliscor|36\/100 tox|[from] ability: Poison Heal\n|upkeep\n|turn|7\n|inactive|tiancaishanyao has 120 seconds left.\n|\n|t:|1699875787\n|switch|p2a: Tapu Koko|Tapu Koko|100\/100\n|-fieldstart|move: Electric Terrain|[from] ability: Electric Surge|[of] p2a: Tapu Koko\n|move|p1a: Garchomp|Swords Dance|p1a: Garchomp\n|-boost|p1a: Garchomp|atk|2\n|\n|upkeep\n|turn|8\n|inactive|tiancaishanyao has 120 seconds left.\n|\n|t:|1699875801\n|move|p1a: Garchomp|Earthquake|p2a: Tapu Koko\n|-supereffective|p2a: Tapu Koko\n|-damage|p2a: Tapu Koko|0 fnt\n|faint|p2a: Tapu Koko\n|\n|upkeep\n|\n|t:|1699875806\n|switch|p2a: Sneasler|Sneasler, M|100\/100\n|-enditem|p2a: Sneasler|Electric Seed\n|-boost|p2a: Sneasler|def|1|[from] item: Electric Seed\n|turn|9\n|\n|t:|1699875816\n|-terastallize|p2a: Sneasler|Flying\n|move|p2a: Sneasler|Swords Dance|p2a: Sneasler\n|-boost|p2a: Sneasler|atk|2\n|move|p1a: Garchomp|Earthquake|p2a: Sneasler\n|-immune|p2a: Sneasler\n|\n|upkeep\n|turn|10\n|\n|t:|1699875823\n|move|p2a: Sneasler|Acrobatics|p1a: Garchomp\n|-damage|p1a: Garchomp|0 fnt\n|faint|p1a: Garchomp\n|\n|upkeep\n|\n|t:|1699875833\n|switch|p1a: Zamazenta|Zamazenta|100\/100\n|-ability|p1a: Zamazenta|Dauntless Shield|boost\n|-boost|p1a: Zamazenta|def|1\n|turn|11\n|\n|t:|1699875838\n|move|p2a: Sneasler|Acrobatics|p1a: Zamazenta\n|-supereffective|p1a: Zamazenta\n|-damage|p1a: Zamazenta|0 fnt\n|faint|p1a: Zamazenta\n|\n|-fieldend|move: Electric Terrain\n|upkeep\n|-message|tiancaishanyao forfeited.\n|\n|win|Rhyfinn 05\n|raw|tiancaishanyao's rating: 1111 &rarr; <strong>1078<\/strong><br \/>(-33 for losing)\n|raw|Rhyfinn 05's rating: 1000 &rarr; <strong>1052<\/strong><br \/>(+52 for winning)\n|l|\u2606tiancaishanyao\n","uploadtime":1699875852,"views":4,"p1id":"tiancaishanyao","p2id":"rhyfinn05","formatid":"gen9nationaldex","rating":1052,"private":0,"password":""}