{"id":"gen9nationaldex-1994339611","p1":"Chocoq","p2":"SpikemuthSpinaraks","format":"[Gen 9] National Dex","log":"|j|\u2606Chocoq\n|j|\u2606SpikemuthSpinaraks\n|t:|1700432817\n|gametype|singles\n|player|p1|Chocoq|101|\n|player|p2|SpikemuthSpinaraks|170|\n|teamsize|p1|6\n|teamsize|p2|6\n|gen|9\n|tier|[Gen 9] National Dex\n|rule|HP Percentage Mod: HP is shown in percentages\n|rule|Endless Battle Clause: Forcing endless battles is banned\n|rule|OHKO Clause: OHKO moves are banned\n|rule|Evasion Clause: Evasion abilities, items, and moves are banned\n|rule|Evasion Abilities Clause: Evasion abilities are banned\n|rule|Evasion Items Clause: Evasion items are banned\n|rule|Evasion Moves Clause: Evasion moves are banned\n|rule|Species Clause: Limit one of each Pok\u00e9mon\n|rule|Sleep Clause Mod: Limit one foe put to sleep\n|clearpoke\n|poke|p1|Ogerpon-Cornerstone, F|\n|poke|p1|Manectric, M|\n|poke|p1|Mimikyu, F|\n|poke|p1|Bronzong|\n|poke|p1|Landorus-Therian, M|\n|poke|p1|Mantine, M|\n|poke|p2|Charizard, M|\n|poke|p2|Latias, F|\n|poke|p2|Donphan, M|\n|poke|p2|Starmie|\n|poke|p2|Aerodactyl, F|\n|poke|p2|Rotom-Frost|\n|teampreview\n|j| Hatsuharu_05\n|c|\u2606SpikemuthSpinaraks|glhf!\n|j| BC Bruxish\n|c|\u2606Chocoq|u2\n|\n|t:|1700432965\n|start\n|switch|p1a: Manectric|Manectric, M|100\/100\n|switch|p2a: Rotom|Rotom-Frost|100\/100\n|turn|1\n|\n|t:|1700433015\n|switch|p2a: Latias|Latias, F|100\/100\n|detailschange|p1a: Manectric|Manectric-Mega, M\n|-mega|p1a: Manectric|Manectric|Manectite\n|-ability|p1a: Manectric|Intimidate|boost\n|-unboost|p2a: Latias|atk|1\n|move|p1a: Manectric|Overheat|p2a: Latias\n|-resisted|p2a: Latias\n|-damage|p2a: Latias|83\/100\n|-unboost|p1a: Manectric|spa|2\n|\n|-heal|p2a: Latias|89\/100|[from] item: Leftovers\n|upkeep\n|turn|2\n|\n|t:|1700433071\n|move|p1a: Manectric|Volt Switch|p2a: Latias\n|-resisted|p2a: Latias\n|-damage|p2a: Latias|81\/100\n|l| BC Bruxish\n|\n|t:|1700433080\n|switch|p1a: Bronzong|Bronzong|100\/100|[from] Volt Switch\n|move|p2a: Latias|Calm Mind|p2a: Latias\n|-boost|p2a: Latias|spa|1\n|-boost|p2a: Latias|spd|1\n|\n|-heal|p2a: Latias|87\/100|[from] item: Leftovers\n|upkeep\n|turn|3\n|\n|t:|1700433099\n|move|p2a: Latias|Mystical Fire|p1a: Bronzong\n|-supereffective|p1a: Bronzong\n|-damage|p1a: Bronzong|50\/100\n|-unboost|p1a: Bronzong|spa|1\n|move|p1a: Bronzong|Toxic|p2a: Latias\n|-status|p2a: Latias|tox\n|\n|-heal|p2a: Latias|93\/100 tox|[from] item: Leftovers\n|-heal|p1a: Bronzong|56\/100|[from] item: Leftovers\n|-damage|p2a: Latias|87\/100 tox|[from] psn\n|upkeep\n|turn|4\n|\n|t:|1700433181\n|switch|p2a: Rotom|Rotom-Frost|100\/100\n|switch|p1a: Mantine|Mantine, M|100\/100\n|\n|upkeep\n|turn|5\n|\n|t:|1700433232\n|switch|p1a: Bronzong|Bronzong|56\/100\n|move|p2a: Rotom|Blizzard|p1a: Bronzong\n|-resisted|p1a: Bronzong\n|-damage|p1a: Bronzong|38\/100\n|\n|-heal|p1a: Bronzong|44\/100|[from] item: Leftovers\n|upkeep\n|turn|6\n|\n|t:|1700433249\n|switch|p2a: Latias|Latias, F|87\/100 tox\n|move|p1a: Bronzong|Body Press|p2a: Latias\n|-resisted|p2a: Latias\n|-damage|p2a: Latias|77\/100 tox\n|\n|-heal|p2a: Latias|83\/100 tox|[from] item: Leftovers\n|-heal|p1a: Bronzong|50\/100|[from] item: Leftovers\n|-damage|p2a: Latias|77\/100 tox|[from] psn\n|upkeep\n|turn|7\n|\n|t:|1700433281\n|switch|p1a: Mantine|Mantine, M|100\/100\n|move|p2a: Latias|Ice Beam|p1a: Mantine\n|-damage|p1a: Mantine|84\/100\n|\n|-heal|p2a: Latias|83\/100 tox|[from] item: Leftovers\n|-heal|p1a: Mantine|90\/100|[from] item: Leftovers\n|-damage|p2a: Latias|71\/100 tox|[from] psn\n|upkeep\n|turn|8\n|\n|t:|1700433345\n|switch|p2a: Rotom|Rotom-Frost|100\/100\n|move|p1a: Mantine|Air Slash|p2a: Rotom\n|-resisted|p2a: Rotom\n|-damage|p2a: Rotom|87\/100\n|\n|-heal|p2a: Rotom|93\/100|[from] item: Leftovers\n|-heal|p1a: Mantine|96\/100|[from] item: Leftovers\n|upkeep\n|turn|9\n|\n|t:|1700433373\n|switch|p2a: Donphan|Donphan, M|100\/100\n|switch|p1a: Bronzong|Bronzong|50\/100\n|\n|-heal|p1a: Bronzong|57\/100|[from] item: Leftovers\n|upkeep\n|turn|10\n|\n|t:|1700433413\n|move|p2a: Donphan|Stealth Rock|p1a: Bronzong\n|-sidestart|p1: Chocoq|move: Stealth Rock\n|move|p1a: Bronzong|Toxic|p2a: Donphan\n|-status|p2a: Donphan|tox\n|\n|-heal|p1a: Bronzong|63\/100|[from] item: Leftovers\n|-damage|p2a: Donphan|94\/100 tox|[from] psn\n|upkeep\n|turn|11\n|l|\u2606SpikemuthSpinaraks\n|player|p2|\n|j| Tactical Espeonage\n|l| Tactical Espeonage\n|j| Samman7124\n|j| krono101\n|j|\u2606SpikemuthSpinaraks\n|player|p2|SpikemuthSpinaraks|170\n|\n|t:|1700433602\n|switch|p2a: Charizard|Charizard, M|100\/100\n|switch|p1a: Mantine|Mantine, M|96\/100\n|-damage|p1a: Mantine|72\/100|[from] Stealth Rock\n|\n|-heal|p1a: Mantine|78\/100|[from] item: Leftovers\n|upkeep\n|turn|12\n|\n|t:|1700433646\n|detailschange|p2a: Charizard|Charizard-Mega-Y, M\n|-mega|p2a: Charizard|Charizard|Charizardite Y\n|-weather|SunnyDay|[from] ability: Drought|[of] p2a: Charizard\n|move|p2a: Charizard|Solar Beam||[still]\n|-prepare|p2a: Charizard|Solar Beam\n|-anim|p2a: Charizard|Solar Beam|p1a: Mantine\n|-damage|p1a: Mantine|45\/100\n|move|p1a: Mantine|Rain Dance|p1a: Mantine\n|-weather|RainDance\n|\n|-weather|RainDance|[upkeep]\n|-heal|p1a: Mantine|52\/100|[from] item: Leftovers\n|upkeep\n|turn|13\n|\n|t:|1700433675\n|switch|p2a: Rotom|Rotom-Frost|93\/100\n|move|p1a: Mantine|Defog|p2a: Rotom\n|-unboost|p2a: Rotom|evasion|1\n|-sideend|p1: Chocoq|Stealth Rock|[from] move: Defog|[of] p1a: Mantine\n|\n|-weather|RainDance|[upkeep]\n|-heal|p1a: Mantine|58\/100|[from] item: Leftovers\n|-heal|p2a: Rotom|99\/100|[from] item: Leftovers\n|upkeep\n|turn|14\n|\n|t:|1700433691\n|switch|p1a: Bronzong|Bronzong|63\/100\n|move|p2a: Rotom|Thunderbolt|p1a: Bronzong\n|-damage|p1a: Bronzong|30\/100\n|\n|-weather|RainDance|[upkeep]\n|-heal|p2a: Rotom|100\/100|[from] item: Leftovers\n|-heal|p1a: Bronzong|36\/100|[from] item: Leftovers\n|upkeep\n|turn|15\n|\n|t:|1700433739\n|move|p2a: Rotom|Will-O-Wisp|p1a: Bronzong\n|-status|p1a: Bronzong|brn\n|move|p1a: Bronzong|Stealth Rock|p2a: Rotom\n|-sidestart|p2: SpikemuthSpinaraks|move: Stealth Rock\n|\n|-weather|RainDance|[upkeep]\n|-heal|p1a: Bronzong|42\/100 brn|[from] item: Leftovers\n|-damage|p1a: Bronzong|36\/100 brn|[from] brn\n|upkeep\n|turn|16\n|\n|t:|1700433752\n|move|p2a: Rotom|Thunderbolt|p1a: Bronzong\n|-damage|p1a: Bronzong|7\/100 brn\n|move|p1a: Bronzong|Body Press|p2a: Rotom\n|-supereffective|p2a: Rotom\n|-damage|p2a: Rotom|75\/100\n|\n|-weather|none\n|-heal|p2a: Rotom|81\/100|[from] item: Leftovers\n|-heal|p1a: Bronzong|14\/100 brn|[from] item: Leftovers\n|-damage|p1a: Bronzong|7\/100 brn|[from] brn\n|upkeep\n|turn|17\n|\n|t:|1700433812\n|move|p2a: Rotom|Blizzard|p1a: Bronzong|[miss]\n|-miss|p2a: Rotom|p1a: Bronzong\n|move|p1a: Bronzong|Toxic|p2a: Rotom\n|-status|p2a: Rotom|tox\n|\n|-heal|p2a: Rotom|87\/100 tox|[from] item: Leftovers\n|-heal|p1a: Bronzong|14\/100 brn|[from] item: Leftovers\n|-damage|p2a: Rotom|81\/100 tox|[from] psn\n|-damage|p1a: Bronzong|7\/100 brn|[from] brn\n|upkeep\n|turn|18\n|\n|t:|1700433826\n|move|p2a: Rotom|Thunderbolt|p1a: Bronzong\n|-damage|p1a: Bronzong|0 fnt\n|faint|p1a: Bronzong\n|\n|-heal|p2a: Rotom|87\/100 tox|[from] item: Leftovers\n|-damage|p2a: Rotom|75\/100 tox|[from] psn\n|upkeep\n|\n|t:|1700433908\n|switch|p1a: Ogerpon|Ogerpon-Cornerstone, F|100\/100\n|turn|19\n|\n|t:|1700433976\n|move|p1a: Ogerpon|Ivy Cudgel|p2a: Rotom|[anim] Ivy Cudgel Rock\n|-supereffective|p2a: Rotom\n|-damage|p2a: Rotom|0 fnt\n|faint|p2a: Rotom\n|\n|upkeep\n|\n|t:|1700434006\n|switch|p2a: Starmie|Starmie|100\/100\n|-damage|p2a: Starmie|88\/100|[from] Stealth Rock\n|turn|20\n|\n|t:|1700434027\n|move|p2a: Starmie|Ice Beam|p1a: Ogerpon\n|-supereffective|p1a: Ogerpon\n|-damage|p1a: Ogerpon|39\/100\n|move|p1a: Ogerpon|Horn Leech|p2a: Starmie\n|-supereffective|p2a: Starmie\n|-damage|p2a: Starmie|0 fnt\n|-heal|p1a: Ogerpon|78\/100|[from] drain|[of] p2a: Starmie\n|faint|p2a: Starmie\n|\n|upkeep\n|\n|t:|1700434119\n|switch|p2a: Aerodactyl|Aerodactyl, F|100\/100\n|-ability|p2a: Aerodactyl|Unnerve\n|-damage|p2a: Aerodactyl|76\/100|[from] Stealth Rock\n|turn|21\n|\n|t:|1700434169\n|move|p2a: Aerodactyl|Tailwind|p2a: Aerodactyl\n|-sidestart|p2: SpikemuthSpinaraks|move: Tailwind\n|move|p1a: Ogerpon|Ivy Cudgel|p2a: Aerodactyl|[anim] Ivy Cudgel Rock\n|-supereffective|p2a: Aerodactyl\n|-damage|p2a: Aerodactyl|0 fnt\n|faint|p2a: Aerodactyl\n|\n|upkeep\n|\n|t:|1700434183\n|switch|p2a: Charizard|Charizard-Mega-Y, M|100\/100\n|-damage|p2a: Charizard|50\/100|[from] Stealth Rock\n|-weather|SunnyDay|[from] ability: Drought|[of] p2a: Charizard\n|turn|22\n|\n|t:|1700434225\n|switch|p1a: Landorus|Landorus-Therian, M|100\/100\n|-ability|p1a: Landorus|Intimidate|boost\n|-unboost|p2a: Charizard|atk|1\n|move|p2a: Charizard|Flamethrower|p1a: Landorus\n|-damage|p1a: Landorus|48\/100\n|\n|-weather|SunnyDay|[upkeep]\n|upkeep\n|turn|23\n|\n|t:|1700434244\n|move|p2a: Charizard|Flamethrower|p1a: Landorus\n|-damage|p1a: Landorus|0 fnt\n|faint|p1a: Landorus\n|\n|-weather|SunnyDay|[upkeep]\n|upkeep\n|\n|t:|1700434301\n|switch|p1a: Mantine|Mantine, M|58\/100\n|turn|24\n|\n|t:|1700434335\n|move|p2a: Charizard|Roost|p2a: Charizard\n|-heal|p2a: Charizard|100\/100\n|-singleturn|p2a: Charizard|move: Roost\n|move|p1a: Mantine|Roost|p1a: Mantine\n|-heal|p1a: Mantine|100\/100\n|-singleturn|p1a: Mantine|move: Roost\n|\n|-weather|SunnyDay|[upkeep]\n|-sideend|p2: SpikemuthSpinaraks|move: Tailwind\n|upkeep\n|turn|25\n|\n|t:|1700434385\n|switch|p2a: Latias|Latias, F|71\/100 tox\n|-damage|p2a: Latias|59\/100 tox|[from] Stealth Rock\n|move|p1a: Mantine|Rain Dance|p1a: Mantine\n|-weather|RainDance\n|\n|-weather|RainDance|[upkeep]\n|-heal|p2a: Latias|65\/100 tox|[from] item: Leftovers\n|-damage|p2a: Latias|59\/100 tox|[from] psn\n|upkeep\n|turn|26\n|\n|t:|1700434407\n|switch|p2a: Donphan|Donphan, M|94\/100 tox\n|-damage|p2a: Donphan|88\/100 tox|[from] Stealth Rock\n|move|p1a: Mantine|Air Slash|p2a: Donphan|[miss]\n|-miss|p1a: Mantine|p2a: Donphan\n|\n|-weather|RainDance|[upkeep]\n|-heal|p2a: Donphan|94\/100 tox|[from] item: Leftovers\n|-damage|p2a: Donphan|88\/100 tox|[from] psn\n|upkeep\n|turn|27\n|\n|t:|1700434434\n|move|p1a: Mantine|Air Slash|p2a: Donphan\n|-damage|p2a: Donphan|65\/100 tox\n|move|p2a: Donphan|Stealth Rock|p1a: Mantine\n|-sidestart|p1: Chocoq|move: Stealth Rock\n|\n|-weather|RainDance|[upkeep]\n|-heal|p2a: Donphan|71\/100 tox|[from] item: Leftovers\n|-damage|p2a: Donphan|58\/100 tox|[from] psn\n|upkeep\n|turn|28\n|\n|t:|1700434448\n|move|p1a: Mantine|Air Slash|p2a: Donphan\n|-damage|p2a: Donphan|37\/100 tox\n|move|p2a: Donphan|Rapid Spin|p1a: Mantine\n|-damage|p1a: Mantine|87\/100\n|-boost|p2a: Donphan|spe|1\n|-sideend|p2: SpikemuthSpinaraks|Stealth Rock|[from] move: Rapid Spin|[of] p2a: Donphan\n|\n|-weather|RainDance|[upkeep]\n|-heal|p1a: Mantine|93\/100|[from] item: Leftovers\n|-heal|p2a: Donphan|43\/100 tox|[from] item: Leftovers\n|-damage|p2a: Donphan|25\/100 tox|[from] psn\n|upkeep\n|turn|29\n|\n|t:|1700434471\n|move|p1a: Mantine|Defog|p2a: Donphan\n|-unboost|p2a: Donphan|evasion|1\n|-sideend|p1: Chocoq|Stealth Rock|[from] move: Defog|[of] p1a: Mantine\n|move|p2a: Donphan|Stone Edge|p1a: Mantine\n|-supereffective|p1a: Mantine\n|-damage|p1a: Mantine|37\/100\n|\n|-weather|none\n|-heal|p1a: Mantine|43\/100|[from] item: Leftovers\n|-heal|p2a: Donphan|31\/100 tox|[from] item: Leftovers\n|-damage|p2a: Donphan|6\/100 tox|[from] psn\n|upkeep\n|turn|30\n|\n|t:|1700434501\n|move|p2a: Donphan|Stone Edge|p1a: Mantine\n|-supereffective|p1a: Mantine\n|-damage|p1a: Mantine|0 fnt\n|faint|p1a: Mantine\n|\n|-heal|p2a: Donphan|12\/100 tox|[from] item: Leftovers\n|-damage|p2a: Donphan|0 fnt|[from] psn\n|faint|p2a: Donphan\n|upkeep\n|\n|t:|1700434547\n|switch|p1a: Ogerpon|Ogerpon-Cornerstone, F|78\/100\n|switch|p2a: Latias|Latias, F|59\/100 tox\n|turn|31\n|\n|t:|1700434580\n|move|p1a: Ogerpon|Ivy Cudgel|p2a: Latias|[anim] Ivy Cudgel Rock\n|-crit|p2a: Latias\n|-damage|p2a: Latias|0 fnt\n|faint|p2a: Latias\n|\n|upkeep\n|\n|t:|1700434585\n|switch|p2a: Charizard|Charizard-Mega-Y, M|100\/100\n|-weather|SunnyDay|[from] ability: Drought|[of] p2a: Charizard\n|turn|32\n|\n|t:|1700434590\n|move|p1a: Ogerpon|Ivy Cudgel|p2a: Charizard|[anim] Ivy Cudgel Rock\n|-supereffective|p2a: Charizard\n|-damage|p2a: Charizard|0 fnt\n|faint|p2a: Charizard\n|\n|win|Chocoq\n|c|\u2606SpikemuthSpinaraks|gg\n|c| Hatsuharu_05|gg\n|c|\u2606Chocoq|gg\n","uploadtime":1700434603,"views":28,"p1id":"chocoq","p2id":"spikemuthspinaraks","formatid":"gen9nationaldex","rating":0,"private":0,"password":""}