{"id":"gen9nationaldex-1991122990","p1":"starlitbox","p2":"runeatest","format":"[Gen 9] National Dex","log":"|j|\u2606starlitbox\n|j|\u2606runeatest\n|t:|1700046441\n|gametype|singles\n|player|p1|starlitbox|silver|1325\n|player|p2|runeatest|fisherman-gen4|1251\n|teamsize|p1|6\n|teamsize|p2|6\n|gen|9\n|tier|[Gen 9] National Dex\n|rated|\n|rule|HP Percentage Mod: HP is shown in percentages\n|rule|Endless Battle Clause: Forcing endless battles is banned\n|rule|OHKO Clause: OHKO moves are banned\n|rule|Evasion Clause: Evasion abilities, items, and moves are banned\n|rule|Evasion Abilities Clause: Evasion abilities are banned\n|rule|Evasion Items Clause: Evasion items are banned\n|rule|Evasion Moves Clause: Evasion moves are banned\n|rule|Species Clause: Limit one of each Pok\u00e9mon\n|rule|Sleep Clause Mod: Limit one foe put to sleep\n|clearpoke\n|poke|p1|Landorus-Therian, M|\n|poke|p1|Greninja-*, M|\n|poke|p1|Volcarona, F|\n|poke|p1|Iron Valiant|\n|poke|p1|Ogerpon-Wellspring, F|\n|poke|p1|Tapu Koko|\n|poke|p2|Vaporeon, M|\n|poke|p2|Salamence, M|\n|poke|p2|Hitmontop, M|\n|poke|p2|Electivire, M|\n|poke|p2|Togekiss, M|\n|poke|p2|Houndoom, M|\n|teampreview\n|inactive|Battle timer is ON: inactive players will automatically lose when time's up. (requested by runeatest)\n|\n|t:|1700046462\n|start\n|switch|p1a: Ogerpon|Ogerpon-Wellspring, F|100\/100\n|switch|p2a: Hitmontop|Hitmontop, M|100\/100\n|turn|1\n|\n|t:|1700046475\n|move|p2a: Hitmontop|Fake Out|p1a: Ogerpon\n|-damage|p1a: Ogerpon|76\/100\n|cant|p1a: Ogerpon|flinch\n|\n|upkeep\n|turn|2\n|\n|t:|1700046483\n|move|p1a: Ogerpon|U-turn|p2a: Hitmontop\n|-resisted|p2a: Hitmontop\n|-damage|p2a: Hitmontop|81\/100\n|\n|t:|1700046494\n|switch|p1a: Landorus|Landorus-Therian, M|100\/100|[from] U-turn\n|-ability|p1a: Landorus|Intimidate|boost\n|-unboost|p2a: Hitmontop|atk|1\n|move|p2a: Hitmontop|High Jump Kick|p1a: Landorus\n|-resisted|p1a: Landorus\n|-damage|p1a: Landorus|82\/100\n|\n|-heal|p1a: Landorus|88\/100|[from] item: Leftovers\n|upkeep\n|turn|3\n|\n|t:|1700046506\n|switch|p2a: Salamence|Salamence, M|100\/100\n|-ability|p2a: Salamence|Intimidate|boost\n|-unboost|p1a: Landorus|atk|1\n|move|p1a: Landorus|Knock Off|p2a: Salamence\n|-damage|p2a: Salamence|65\/100\n|-enditem|p2a: Salamence|Choice Specs|[from] move: Knock Off|[of] p1a: Landorus\n|\n|-heal|p1a: Landorus|94\/100|[from] item: Leftovers\n|upkeep\n|turn|4\n|\n|t:|1700046527\n|move|p2a: Salamence|Hydro Pump|p1a: Landorus|[miss]\n|-miss|p2a: Salamence|p1a: Landorus\n|move|p1a: Landorus|U-turn|p2a: Salamence\n|-resisted|p2a: Salamence\n|-damage|p2a: Salamence|54\/100\n|\n|t:|1700046534\n|switch|p1a: Iron Valiant|Iron Valiant|100\/100|[from] U-turn\n|\n|upkeep\n|turn|5\n|\n|t:|1700046542\n|-terastallize|p2a: Salamence|Fire\n|move|p1a: Iron Valiant|Moonblast|p2a: Salamence\n|-resisted|p2a: Salamence\n|-damage|p2a: Salamence|12\/100\n|move|p2a: Salamence|Air Slash|p1a: Iron Valiant\n|-supereffective|p1a: Iron Valiant\n|-damage|p1a: Iron Valiant|0 fnt\n|faint|p1a: Iron Valiant\n|-end|p1a: Iron Valiant|Quark Drive|[silent]\n|\n|upkeep\n|\n|t:|1700046554\n|switch|p1a: Greninja|Greninja, M|100\/100\n|turn|6\n|\n|t:|1700046559\n|switch|p2a: Vaporeon|Vaporeon, M|100\/100\n|move|p1a: Greninja|Dark Pulse|p2a: Vaporeon\n|-damage|p2a: Vaporeon|67\/100\n|\n|-heal|p2a: Vaporeon|73\/100|[from] item: Leftovers\n|upkeep\n|turn|7\n|\n|t:|1700046578\n|switch|p1a: Ogerpon|Ogerpon-Wellspring, F|76\/100\n|move|p2a: Vaporeon|Hidden Power|p1a: Ogerpon\n|-damage|p1a: Ogerpon|53\/100\n|\n|-heal|p2a: Vaporeon|79\/100|[from] item: Leftovers\n|upkeep\n|turn|8\n|\n|t:|1700046587\n|switch|p2a: Salamence|Salamence, M, tera:Fire|12\/100\n|-ability|p2a: Salamence|Intimidate|boost\n|-unboost|p1a: Ogerpon|atk|1\n|move|p1a: Ogerpon|Horn Leech|p2a: Salamence\n|-resisted|p2a: Salamence\n|-damage|p2a: Salamence|0 fnt\n|-heal|p1a: Ogerpon|59\/100|[from] drain|[of] p2a: Salamence\n|faint|p2a: Salamence\n|\n|upkeep\n|\n|t:|1700046595\n|switch|p2a: Togekiss|Togekiss, M, shiny|100\/100\n|turn|9\n|\n|t:|1700046602\n|move|p1a: Ogerpon|U-turn|p2a: Togekiss\n|-resisted|p2a: Togekiss\n|-damage|p2a: Togekiss|96\/100\n|\n|t:|1700046606\n|switch|p1a: Landorus|Landorus-Therian, M|94\/100|[from] U-turn\n|-ability|p1a: Landorus|Intimidate|boost\n|-unboost|p2a: Togekiss|atk|1\n|move|p2a: Togekiss|Dazzling Gleam|p1a: Landorus\n|-damage|p1a: Landorus|55\/100\n|\n|-heal|p1a: Landorus|61\/100|[from] item: Leftovers\n|upkeep\n|turn|10\n|\n|t:|1700046622\n|move|p2a: Togekiss|Air Slash|p1a: Landorus\n|-damage|p1a: Landorus|18\/100\n|move|p1a: Landorus|Knock Off|p2a: Togekiss\n|-resisted|p2a: Togekiss\n|-damage|p2a: Togekiss|74\/100\n|-enditem|p2a: Togekiss|Lum Berry|[from] move: Knock Off|[of] p1a: Landorus\n|\n|-heal|p1a: Landorus|24\/100|[from] item: Leftovers\n|upkeep\n|turn|11\n|\n|t:|1700046638\n|move|p2a: Togekiss|Roost|p2a: Togekiss\n|-heal|p2a: Togekiss|100\/100\n|-singleturn|p2a: Togekiss|move: Roost\n|move|p1a: Landorus|U-turn|p2a: Togekiss\n|-resisted|p2a: Togekiss\n|-damage|p2a: Togekiss|83\/100\n|\n|t:|1700046645\n|switch|p1a: Tapu Koko|Tapu Koko|100\/100|[from] U-turn\n|-fieldstart|move: Electric Terrain|[from] ability: Electric Surge|[of] p1a: Tapu Koko\n|\n|upkeep\n|turn|12\n|\n|t:|1700046652\n|switch|p2a: Electivire|Electivire, M, shiny|100\/100\n|-item|p2a: Electivire|Air Balloon\n|move|p1a: Tapu Koko|Light Screen|p1a: Tapu Koko\n|-sidestart|p1: starlitbox|move: Light Screen\n|\n|upkeep\n|turn|13\n|\n|t:|1700046665\n|move|p1a: Tapu Koko|Dazzling Gleam|p2a: Electivire\n|-damage|p2a: Electivire|55\/100\n|-enditem|p2a: Electivire|Air Balloon\n|move|p2a: Electivire|Earthquake|p1a: Tapu Koko\n|-supereffective|p1a: Tapu Koko\n|-damage|p1a: Tapu Koko|0 fnt\n|faint|p1a: Tapu Koko\n|\n|upkeep\n|inactive|starlitbox has 120 seconds left.\n|\n|t:|1700046695\n|switch|p1a: Volcarona|Volcarona, F|100\/100\n|turn|14\n|\n|t:|1700046717\n|-terastallize|p1a: Volcarona|Grass\n|move|p1a: Volcarona|Quiver Dance|p1a: Volcarona\n|-boost|p1a: Volcarona|spa|1\n|-boost|p1a: Volcarona|spd|1\n|-boost|p1a: Volcarona|spe|1\n|move|p2a: Electivire|Thunder Punch|p1a: Volcarona\n|-resisted|p1a: Volcarona\n|-damage|p1a: Volcarona|55\/100\n|-status|p1a: Volcarona|par\n|\n|upkeep\n|turn|15\n|\n|t:|1700046731\n|move|p2a: Electivire|Fire Punch|p1a: Volcarona\n|-supereffective|p1a: Volcarona\n|-damage|p1a: Volcarona|0 fnt\n|-status|p2a: Electivire|brn|[from] ability: Flame Body|[of] p1a: Volcarona\n|faint|p1a: Volcarona\n|\n|-damage|p2a: Electivire|49\/100 brn|[from] brn\n|-fieldend|move: Electric Terrain\n|upkeep\n|inactive|starlitbox has 120 seconds left.\n|\n|t:|1700046742\n|switch|p1a: Ogerpon|Ogerpon-Wellspring, F|59\/100\n|turn|16\n|\n|t:|1700046755\n|switch|p2a: Togekiss|Togekiss, M, shiny|83\/100\n|move|p1a: Ogerpon|Swords Dance|p1a: Ogerpon\n|-boost|p1a: Ogerpon|atk|2\n|\n|upkeep\n|turn|17\n|\n|t:|1700046761\n|move|p1a: Ogerpon|Ivy Cudgel|p2a: Togekiss|[anim] Ivy Cudgel Water\n|-damage|p2a: Togekiss|0 fnt\n|faint|p2a: Togekiss\n|\n|upkeep\n|\n|t:|1700046767\n|switch|p2a: Hitmontop|Hitmontop, M|81\/100\n|turn|18\n|\n|t:|1700046772\n|move|p2a: Hitmontop|Fake Out|p1a: Ogerpon\n|-damage|p1a: Ogerpon|35\/100\n|cant|p1a: Ogerpon|flinch\n|\n|upkeep\n|turn|19\n|\n|t:|1700046778\n|move|p2a: Hitmontop|Sucker Punch|p1a: Ogerpon\n|-damage|p1a: Ogerpon|5\/100\n|move|p1a: Ogerpon|Horn Leech|p2a: Hitmontop\n|-damage|p2a: Hitmontop|0 fnt\n|-heal|p1a: Ogerpon|38\/100|[from] drain|[of] p2a: Hitmontop\n|faint|p2a: Hitmontop\n|\n|-sideend|p1: starlitbox|move: Light Screen\n|upkeep\n|\n|t:|1700046786\n|switch|p2a: Vaporeon|Vaporeon, M|79\/100\n|turn|20\n|\n|t:|1700046793\n|switch|p2a: Electivire|Electivire, M, shiny|49\/100 brn\n|move|p1a: Ogerpon|Horn Leech|p2a: Electivire\n|-damage|p2a: Electivire|0 fnt\n|-heal|p1a: Ogerpon|61\/100|[from] drain|[of] p2a: Electivire\n|faint|p2a: Electivire\n|\n|upkeep\n|\n|t:|1700046800\n|switch|p2a: Houndoom|Houndoom, M|100\/100\n|turn|21\n|\n|t:|1700046805\n|move|p1a: Ogerpon|Horn Leech|p2a: Houndoom\n|-resisted|p2a: Houndoom\n|-damage|p2a: Houndoom|11\/100\n|-heal|p1a: Ogerpon|100\/100|[from] drain|[of] p2a: Houndoom\n|move|p2a: Houndoom|Sludge Bomb|p1a: Ogerpon\n|-supereffective|p1a: Ogerpon\n|-damage|p1a: Ogerpon|38\/100\n|-status|p1a: Ogerpon|psn\n|\n|-damage|p1a: Ogerpon|25\/100 psn|[from] psn\n|upkeep\n|turn|22\n|\n|t:|1700046817\n|move|p1a: Ogerpon|Horn Leech|p2a: Houndoom\n|-resisted|p2a: Houndoom\n|-damage|p2a: Houndoom|0 fnt\n|-heal|p1a: Ogerpon|31\/100 psn|[from] drain|[of] p2a: Houndoom\n|faint|p2a: Houndoom\n|\n|-damage|p1a: Ogerpon|18\/100 psn|[from] psn\n|upkeep\n|\n|t:|1700046824\n|switch|p2a: Vaporeon|Vaporeon, M|79\/100\n|turn|23\n|\n|t:|1700046827\n|move|p1a: Ogerpon|Horn Leech|p2a: Vaporeon\n|-supereffective|p2a: Vaporeon\n|-damage|p2a: Vaporeon|0 fnt\n|-heal|p1a: Ogerpon|71\/100 psn|[from] drain|[of] p2a: Vaporeon\n|faint|p2a: Vaporeon\n|\n|win|starlitbox\n|raw|starlitbox's rating: 1325 &rarr; <strong>1341<\/strong><br \/>(+16 for winning)\n|raw|runeatest's rating: 1251 &rarr; <strong>1231<\/strong><br \/>(-20 for losing)\n|l|\u2606runeatest\n","uploadtime":1700046839,"views":4,"p1id":"starlitbox","p2id":"runeatest","formatid":"gen9nationaldex","rating":1231,"private":0,"password":""}