{"id":"gen9nationaldex-1992715428","p1":"Nigelious","p2":"trequinho","format":"[Gen 9] National Dex","log":"|j|\u2606Nigelious\n|j|\u2606trequinho\n|t:|1700228432\n|gametype|singles\n|player|p1|Nigelious|will|1083\n|player|p2|trequinho|byron|1067\n|teamsize|p1|6\n|teamsize|p2|6\n|gen|9\n|tier|[Gen 9] National Dex\n|rated|\n|rule|HP Percentage Mod: HP is shown in percentages\n|rule|Endless Battle Clause: Forcing endless battles is banned\n|rule|OHKO Clause: OHKO moves are banned\n|rule|Evasion Clause: Evasion abilities, items, and moves are banned\n|rule|Evasion Abilities Clause: Evasion abilities are banned\n|rule|Evasion Items Clause: Evasion items are banned\n|rule|Evasion Moves Clause: Evasion moves are banned\n|rule|Species Clause: Limit one of each Pok\u00e9mon\n|rule|Sleep Clause Mod: Limit one foe put to sleep\n|clearpoke\n|poke|p1|Samurott-Hisui, M|\n|poke|p1|Delphox, M|\n|poke|p1|Corviknight, M|\n|poke|p1|Garchomp, F|\n|poke|p1|Breloom, F|\n|poke|p1|Galvantula, F|\n|poke|p2|Crobat, F|\n|poke|p2|Steelix, M|\n|poke|p2|Drampa, M|\n|poke|p2|Armaldo, M|\n|poke|p2|Mimikyu, F|\n|poke|p2|Incineroar, M|\n|teampreview\n|inactive|Battle timer is ON: inactive players will automatically lose when time's up. (requested by trequinho)\n|\n|t:|1700228439\n|start\n|switch|p1a: Truffle|Breloom, F|100\/100\n|switch|p2a: Da Car|Steelix, M|100\/100\n|turn|1\n|\n|t:|1700228445\n|switch|p2a: Pika top|Mimikyu, F|100\/100\n|move|p1a: Truffle|Spore|p2a: Pika top\n|-status|p2a: Pika top|slp|[from] move: Spore\n|\n|-status|p1a: Truffle|tox|[from] item: Toxic Orb\n|upkeep\n|turn|2\n|\n|t:|1700228467\n|switch|p1a: Ryoma|Samurott-Hisui, M, shiny|100\/100\n|cant|p2a: Pika top|slp\n|\n|upkeep\n|turn|3\n|\n|t:|1700228487\n|move|p1a: Ryoma|Ceaseless Edge|p2a: Pika top\n|-activate|p2a: Pika top|ability: Disguise\n|-damage|p2a: Pika top|100\/100 slp\n|-damage|p1a: Ryoma|84\/100|[from] item: Rocky Helmet|[of] p2a: Pika top\n|-sidestart|p2: trequinho|Spikes\n|detailschange|p2a: Pika top|Mimikyu-Busted, F\n|-damage|p2a: Pika top|88\/100 slp|[from] pokemon: Mimikyu-Busted\n|cant|p2a: Pika top|slp\n|\n|upkeep\n|turn|4\n|\n|t:|1700228491\n|move|p1a: Ryoma|Ceaseless Edge|p2a: Pika top\n|-damage|p2a: Pika top|10\/100 slp\n|-damage|p1a: Ryoma|67\/100|[from] item: Rocky Helmet|[of] p2a: Pika top\n|-sidestart|p2: trequinho|Spikes\n|-curestatus|p2a: Pika top|slp|[msg]\n|move|p2a: Pika top|Play Rough|p1a: Ryoma\n|-supereffective|p1a: Ryoma\n|-damage|p1a: Ryoma|0 fnt\n|faint|p1a: Ryoma\n|\n|upkeep\n|\n|t:|1700228501\n|switch|p1a: Calder|Galvantula, F|100\/100\n|turn|5\n|\n|t:|1700228504\n|move|p2a: Pika top|Shadow Sneak|p1a: Calder\n|-damage|p1a: Calder|67\/100\n|move|p1a: Calder|Giga Drain|p2a: Pika top\n|-damage|p2a: Pika top|0 fnt\n|-heal|p1a: Calder|72\/100|[from] drain|[of] p2a: Pika top\n|faint|p2a: Pika top\n|-damage|p1a: Calder|62\/100|[from] item: Life Orb\n|\n|upkeep\n|\n|t:|1700228508\n|switch|p2a: Da Car|Steelix, M|100\/100\n|-damage|p2a: Da Car|84\/100|[from] Spikes\n|turn|6\n|\n|t:|1700228511\n|detailschange|p2a: Da Car|Steelix-Mega, M\n|-mega|p2a: Da Car|Steelix|Steelixite\n|move|p1a: Calder|Giga Drain|p2a: Da Car\n|-damage|p2a: Da Car|57\/100\n|-heal|p1a: Calder|79\/100|[from] drain|[of] p2a: Da Car\n|-damage|p1a: Calder|69\/100|[from] item: Life Orb\n|move|p2a: Da Car|Stealth Rock|p1a: Calder\n|-sidestart|p1: Nigelious|move: Stealth Rock\n|\n|upkeep\n|turn|7\n|\n|t:|1700228514\n|move|p1a: Calder|Sticky Web|p2a: Da Car\n|-sidestart|p2: trequinho|move: Sticky Web\n|move|p2a: Da Car|Gyro Ball|p1a: Calder\n|-resisted|p1a: Calder\n|-damage|p1a: Calder|12\/100\n|\n|upkeep\n|turn|8\n|\n|t:|1700228519\n|move|p1a: Calder|Giga Drain|p2a: Da Car\n|-damage|p2a: Da Car|30\/100\n|-heal|p1a: Calder|29\/100|[from] drain|[of] p2a: Da Car\n|-damage|p1a: Calder|19\/100|[from] item: Life Orb\n|move|p2a: Da Car|Gyro Ball|p1a: Calder\n|-resisted|p1a: Calder\n|-damage|p1a: Calder|0 fnt\n|faint|p1a: Calder\n|\n|upkeep\n|\n|t:|1700228536\n|switch|p1a: Truffle|Breloom, F|100\/100 tox\n|-damage|p1a: Truffle|94\/100 tox|[from] Stealth Rock\n|turn|9\n|\n|t:|1700228540\n|move|p1a: Truffle|Mach Punch|p2a: Da Car\n|-supereffective|p2a: Da Car\n|-damage|p2a: Da Car|13\/100\n|move|p2a: Da Car|Gyro Ball|p1a: Truffle\n|-damage|p1a: Truffle|27\/100 tox\n|\n|-heal|p1a: Truffle|40\/100 tox|[from] ability: Poison Heal\n|upkeep\n|turn|10\n|\n|t:|1700228544\n|move|p1a: Truffle|Facade|p2a: Da Car\n|-resisted|p2a: Da Car\n|-damage|p2a: Da Car|4\/100\n|move|p2a: Da Car|Gyro Ball|p1a: Truffle\n|-damage|p1a: Truffle|0 fnt\n|faint|p1a: Truffle\n|\n|upkeep\n|\n|t:|1700228550\n|switch|p1a: Azure|Garchomp, F, shiny|100\/100\n|-damage|p1a: Azure|94\/100|[from] Stealth Rock\n|turn|11\n|\n|t:|1700228553\n|move|p1a: Azure|Scale Shot|p2a: Da Car\n|-resisted|p2a: Da Car\n|-damage|p2a: Da Car|1\/100\n|-resisted|p2a: Da Car\n|-damage|p2a: Da Car|0 fnt\n|faint|p2a: Da Car\n|-hitcount|p2: Da Car|2\n|-unboost|p1a: Azure|def|1\n|-boost|p1a: Azure|spe|1\n|\n|upkeep\n|\n|t:|1700228562\n|switch|p2a: Morgas|Drampa, M, shiny|100\/100\n|-damage|p2a: Morgas|84\/100|[from] Spikes\n|-activate|p2a: Morgas|move: Sticky Web\n|-unboost|p2a: Morgas|spe|1\n|turn|12\n|\n|t:|1700228567\n|-terastallize|p2a: Morgas|Normal\n|move|p1a: Azure|Scale Shot|p2a: Morgas|[miss]\n|-miss|p1a: Azure|p2a: Morgas\n|move|p2a: Morgas|Draco Meteor|p1a: Azure\n|-supereffective|p1a: Azure\n|-damage|p1a: Azure|0 fnt\n|-unboost|p2a: Morgas|spa|2\n|faint|p1a: Azure\n|\n|upkeep\n|\n|t:|1700228575\n|switch|p1a: Kin|Delphox, M|100\/100\n|-damage|p1a: Kin|76\/100|[from] Stealth Rock\n|turn|13\n|\n|t:|1700228580\n|-terastallize|p1a: Kin|Fairy\n|move|p1a: Kin|Nasty Plot|p1a: Kin\n|-boost|p1a: Kin|spa|2\n|move|p2a: Morgas|Draco Meteor|p1a: Kin\n|-immune|p1a: Kin\n|\n|upkeep\n|turn|14\n|\n|t:|1700228594\n|switch|p2a: Cromakey|Crobat, F|100\/100\n|move|p1a: Kin|Flamethrower|p2a: Cromakey\n|-damage|p2a: Cromakey|0 fnt\n|faint|p2a: Cromakey\n|\n|upkeep\n|\n|t:|1700228601\n|switch|p2a: Morgas|Drampa, M, shiny, tera:Normal|84\/100\n|-damage|p2a: Morgas|68\/100|[from] Spikes\n|-activate|p2a: Morgas|move: Sticky Web\n|-unboost|p2a: Morgas|spe|1\n|turn|15\n|\n|t:|1700228605\n|move|p1a: Kin|Flamethrower|p2a: Morgas\n|-damage|p2a: Morgas|0 fnt\n|faint|p2a: Morgas\n|\n|upkeep\n|\n|t:|1700228609\n|switch|p2a: C\u00e9sar Coelho|Armaldo, M|100\/100\n|-damage|p2a: C\u00e9sar Coelho|84\/100|[from] Spikes\n|-activate|p2a: C\u00e9sar Coelho|move: Sticky Web\n|-unboost|p2a: C\u00e9sar Coelho|spe|1\n|turn|16\n|\n|t:|1700228615\n|move|p1a: Kin|Flamethrower|p2a: C\u00e9sar Coelho\n|-damage|p2a: C\u00e9sar Coelho|0 fnt\n|faint|p2a: C\u00e9sar Coelho\n|\n|upkeep\n|\n|t:|1700228617\n|switch|p2a: The Dark|Incineroar, M|100\/100\n|-damage|p2a: The Dark|84\/100|[from] Spikes\n|-activate|p2a: The Dark|move: Sticky Web\n|-unboost|p2a: The Dark|spe|1\n|-ability|p2a: The Dark|Intimidate|boost\n|-unboost|p1a: Kin|atk|1\n|turn|17\n|\n|t:|1700228623\n|move|p1a: Kin|Tera Blast|p2a: The Dark|[anim] Tera Blast Fairy\n|-damage|p2a: The Dark|3\/100\n|move|p2a: The Dark|Flame Charge|p1a: Kin\n|-damage|p1a: Kin|43\/100\n|-boost|p2a: The Dark|spe|1\n|\n|upkeep\n|turn|18\n|\n|t:|1700228629\n|move|p1a: Kin|Tera Blast|p2a: The Dark|[anim] Tera Blast Fairy\n|-damage|p2a: The Dark|0 fnt\n|faint|p2a: The Dark\n|\n|win|Nigelious\n|raw|Nigelious's rating: 1083 &rarr; <strong>1109<\/strong><br \/>(+26 for winning)\n|raw|trequinho's rating: 1067 &rarr; <strong>1048<\/strong><br \/>(-19 for losing)\n|l|\u2606trequinho\n|c|\u2606Nigelious|gg\n","uploadtime":1700228638,"views":7,"p1id":"nigelious","p2id":"trequinho","formatid":"gen9nationaldex","rating":1048,"private":0,"password":""}