{"id":"gen9nationaldex-1999152248","p1":"Jaketr4","p2":"ImZento_","format":"[Gen 9] National Dex","log":"|html|<div class=\"broadcast-blue\"><strong>[Gen 9] National Dex is currently suspecting Sneasler! For information on how to participate check out the <a href=\"https:\/\/www.smogon.com\/forums\/threads\/sv-national-dex-suspect-8-just-dance.3731534\/\">suspect thread<\/a>.<\/strong><\/div>\n|j|\u2606Jaketr4\n|j|\u2606ImZento_\n|t:|1701038881\n|gametype|singles\n|player|p1|Jaketr4|hilbert|\n|player|p2|ImZento_|170|\n|teamsize|p1|4\n|teamsize|p2|4\n|gen|9\n|tier|[Gen 9] National Dex\n|rule|HP Percentage Mod: HP is shown in percentages\n|rule|Endless Battle Clause: Forcing endless battles is banned\n|rule|OHKO Clause: OHKO moves are banned\n|rule|Evasion Clause: Evasion abilities, items, and moves are banned\n|rule|Evasion Abilities Clause: Evasion abilities are banned\n|rule|Evasion Items Clause: Evasion items are banned\n|rule|Evasion Moves Clause: Evasion moves are banned\n|rule|Species Clause: Limit one of each Pok\u00e9mon\n|rule|Sleep Clause Mod: Limit one foe put to sleep\n|clearpoke\n|poke|p1|Blaziken, M|\n|poke|p1|Iron Moth|\n|poke|p1|Incineroar, F|\n|poke|p1|Heatran, M|\n|poke|p2|Stakataka|\n|poke|p2|Empoleon, F|\n|poke|p2|Tinkaton, F|\n|poke|p2|Metagross|\n|teampreview\n|c|\u2606Jaketr4|incineroar lead\n|\n|t:|1701038892\n|start\n|switch|p1a: Incineroar|Incineroar, F|100\/100\n|switch|p2a: Stakataka|Stakataka|100\/100\n|-ability|p1a: Incineroar|Intimidate|boost\n|-unboost|p2a: Stakataka|atk|1\n|turn|1\n|\n|t:|1701038902\n|move|p1a: Incineroar|Fake Out|p2a: Stakataka\n|-resisted|p2a: Stakataka\n|-damage|p2a: Stakataka|99\/100\n|cant|p2a: Stakataka|flinch\n|\n|upkeep\n|turn|2\n|\n|t:|1701038910\n|move|p1a: Incineroar|Parting Shot|p2a: Stakataka\n|-unboost|p2a: Stakataka|atk|1\n|-unboost|p2a: Stakataka|spa|1\n|\n|t:|1701038914\n|switch|p1a: Blaziken|Blaziken, M|100\/100|[from] Parting Shot\n|move|p2a: Stakataka|Trick Room|p2a: Stakataka\n|-fieldstart|move: Trick Room|[of] p2a: Stakataka\n|\n|upkeep\n|turn|3\n|\n|t:|1701038921\n|move|p1a: Blaziken|Protect|p1a: Blaziken\n|-singleturn|p1a: Blaziken|Protect\n|move|p2a: Stakataka|High Horsepower|p1a: Blaziken\n|-activate|p1a: Blaziken|move: Protect\n|\n|-ability|p1a: Blaziken|Speed Boost|boost\n|-boost|p1a: Blaziken|spe|1\n|upkeep\n|turn|4\n|\n|t:|1701038929\n|move|p2a: Stakataka|High Horsepower|p1a: Blaziken\n|-supereffective|p1a: Blaziken\n|-damage|p1a: Blaziken|40\/100\n|move|p1a: Blaziken|Close Combat|p2a: Stakataka\n|-supereffective|p2a: Stakataka\n|-damage|p2a: Stakataka|0 fnt\n|-unboost|p1a: Blaziken|def|1\n|-unboost|p1a: Blaziken|spd|1\n|faint|p2a: Stakataka\n|\n|-ability|p1a: Blaziken|Speed Boost|boost\n|-boost|p1a: Blaziken|spe|1\n|upkeep\n|\n|t:|1701038940\n|switch|p2a: Empoleon|Empoleon, F|100\/100\n|-item|p2a: Empoleon|Air Balloon\n|turn|5\n|\n|t:|1701038946\n|move|p1a: Blaziken|Protect|p1a: Blaziken\n|-singleturn|p1a: Blaziken|Protect\n|move|p2a: Empoleon|Surf|p1a: Blaziken\n|-activate|p1a: Blaziken|move: Protect\n|\n|-ability|p1a: Blaziken|Speed Boost|boost\n|-boost|p1a: Blaziken|spe|1\n|upkeep\n|turn|6\n|\n|t:|1701038971\n|switch|p1a: Incineroar|Incineroar, F|100\/100\n|-ability|p1a: Incineroar|Intimidate|boost\n|-unboost|p2a: Empoleon|atk|1\n|move|p2a: Empoleon|Surf|p1a: Incineroar\n|-supereffective|p1a: Incineroar\n|-damage|p1a: Incineroar|9\/100\n|\n|-heal|p1a: Incineroar|15\/100|[from] item: Leftovers\n|-fieldend|move: Trick Room\n|upkeep\n|turn|7\n|\n|t:|1701038984\n|move|p1a: Incineroar|Fake Out|p2a: Empoleon\n|-resisted|p2a: Empoleon\n|-damage|p2a: Empoleon|94\/100\n|-enditem|p2a: Empoleon|Air Balloon\n|cant|p2a: Empoleon|flinch\n|\n|-heal|p1a: Incineroar|21\/100|[from] item: Leftovers\n|upkeep\n|turn|8\n|\n|t:|1701038992\n|move|p1a: Incineroar|Close Combat|p2a: Empoleon\n|-supereffective|p2a: Empoleon\n|-damage|p2a: Empoleon|10\/100\n|-unboost|p1a: Incineroar|def|1\n|-unboost|p1a: Incineroar|spd|1\n|move|p2a: Empoleon|Surf|p1a: Incineroar\n|-supereffective|p1a: Incineroar\n|-damage|p1a: Incineroar|0 fnt\n|faint|p1a: Incineroar\n|\n|upkeep\n|\n|t:|1701039002\n|switch|p1a: Blaziken|Blaziken, M|40\/100\n|turn|9\n|\n|t:|1701039015\n|move|p1a: Blaziken|Protect|p1a: Blaziken\n|-singleturn|p1a: Blaziken|Protect\n|move|p2a: Empoleon|Surf|p1a: Blaziken\n|-activate|p1a: Blaziken|move: Protect\n|\n|-ability|p1a: Blaziken|Speed Boost|boost\n|-boost|p1a: Blaziken|spe|1\n|upkeep\n|turn|10\n|\n|t:|1701039023\n|move|p1a: Blaziken|Close Combat|p2a: Empoleon\n|-supereffective|p2a: Empoleon\n|-damage|p2a: Empoleon|0 fnt\n|-unboost|p1a: Blaziken|def|1\n|-unboost|p1a: Blaziken|spd|1\n|faint|p2a: Empoleon\n|\n|-ability|p1a: Blaziken|Speed Boost|boost\n|-boost|p1a: Blaziken|spe|1\n|upkeep\n|\n|t:|1701039035\n|switch|p2a: Tinkaton|Tinkaton, F|100\/100\n|turn|11\n|\n|t:|1701039042\n|move|p2a: Tinkaton|Fake Out|p1a: Blaziken\n|-damage|p1a: Blaziken|16\/100\n|cant|p1a: Blaziken|flinch\n|\n|-ability|p1a: Blaziken|Speed Boost|boost\n|-boost|p1a: Blaziken|spe|1\n|upkeep\n|turn|12\n|\n|t:|1701039059\n|move|p1a: Blaziken|Blaze Kick|p2a: Tinkaton\n|-supereffective|p2a: Tinkaton\n|-damage|p2a: Tinkaton|0 fnt\n|faint|p2a: Tinkaton\n|\n|-ability|p1a: Blaziken|Speed Boost|boost\n|-boost|p1a: Blaziken|spe|1\n|upkeep\n|\n|t:|1701039066\n|switch|p2a: Metagross|Metagross|100\/100\n|turn|13\n|\n|t:|1701039070\n|move|p1a: Blaziken|Close Combat|p2a: Metagross\n|-damage|p2a: Metagross|53\/100\n|-unboost|p1a: Blaziken|def|1\n|-unboost|p1a: Blaziken|spd|1\n|move|p2a: Metagross|Zen Headbutt|p1a: Blaziken|[miss]\n|-miss|p2a: Metagross|p1a: Blaziken\n|\n|-ability|p1a: Blaziken|Speed Boost|boost\n|-boost|p1a: Blaziken|spe|1\n|upkeep\n|turn|14\n|\n|t:|1701039079\n|move|p2a: Metagross|Bullet Punch|p1a: Blaziken\n|-resisted|p1a: Blaziken\n|-damage|p1a: Blaziken|0 fnt\n|faint|p1a: Blaziken\n|\n|upkeep\n|\n|t:|1701039082\n|switch|p1a: Heatran|Heatran, M|100\/100\n|turn|15\n|\n|t:|1701039088\n|move|p1a: Heatran|Earth Power|p2a: Metagross\n|-supereffective|p2a: Metagross\n|-damage|p2a: Metagross|0 fnt\n|faint|p2a: Metagross\n|\n|win|Jaketr4\n|c|\u2606ImZento_|gg\n|c|\u2606Jaketr4|gg\n","uploadtime":1701039094,"views":1,"p1id":"jaketr4","p2id":"imzento","formatid":"gen9nationaldex","rating":0,"private":0,"password":""}