{"id":"gen9nationaldex-1989054838","p1":"ralca 1","p2":"Leolia","format":"[Gen 9] National Dex","log":"|j|\u2606ralca 1\n|j|\u2606Leolia\n|t:|1699807155\n|gametype|singles\n|player|p1|ralca 1|steven|\n|player|p2|Leolia|lucas|\n|teamsize|p1|6\n|teamsize|p2|6\n|gen|9\n|tier|[Gen 9] National Dex\n|rule|HP Percentage Mod: HP is shown in percentages\n|rule|Endless Battle Clause: Forcing endless battles is banned\n|rule|OHKO Clause: OHKO moves are banned\n|rule|Evasion Clause: Evasion abilities, items, and moves are banned\n|rule|Evasion Abilities Clause: Evasion abilities are banned\n|rule|Evasion Items Clause: Evasion items are banned\n|rule|Evasion Moves Clause: Evasion moves are banned\n|rule|Species Clause: Limit one of each Pok\u00e9mon\n|rule|Sleep Clause Mod: Limit one foe put to sleep\n|clearpoke\n|poke|p1|Samurott, F|\n|poke|p1|Emboar, M|\n|poke|p1|Serperior, F|\n|poke|p1|Unfezant, F|\n|poke|p1|Haxorus, F|\n|poke|p1|Hydreigon, M|\n|poke|p2|Garchomp, M|\n|poke|p2|Iron Valiant|\n|poke|p2|Tapu Bulu|\n|poke|p2|Tapu Fini|\n|poke|p2|Tapu Koko|\n|poke|p2|Tapu Lele|\n|teampreview\n|\n|t:|1699807173\n|start\n|switch|p1a: Unfezant|Unfezant, F|100\/100\n|switch|p2a: Tapu Fini|Tapu Fini|100\/100\n|-fieldstart|move: Misty Terrain|[from] ability: Misty Surge|[of] p2a: Tapu Fini\n|turn|1\n|\n|t:|1699807196\n|-terastallize|p2a: Tapu Fini|Water\n|move|p1a: Unfezant|Tailwind|p1a: Unfezant\n|-sidestart|p1: ralca 1|move: Tailwind\n|move|p2a: Tapu Fini|Hydro Pump|p1a: Unfezant\n|-damage|p1a: Unfezant|0 fnt\n|faint|p1a: Unfezant\n|\n|upkeep\n|inactive|Battle timer is ON: inactive players will automatically lose when time's up. (requested by Leolia)\n|\n|t:|1699807237\n|switch|p1a: Serperior|Serperior, F|100\/100\n|turn|2\n|\n|t:|1699807254\n|switch|p2a: Iron Valiant|Iron Valiant|100\/100\n|-terastallize|p1a: Serperior|Grass\n|move|p1a: Serperior|Leaf Storm|p2a: Iron Valiant|[miss]\n|-miss|p1a: Serperior|p2a: Iron Valiant\n|\n|upkeep\n|turn|3\n|\n|t:|1699807265\n|move|p1a: Serperior|Leaf Storm|p2a: Iron Valiant\n|-damage|p2a: Iron Valiant|0 fnt\n|-boost|p1a: Serperior|spa|2\n|faint|p2a: Iron Valiant\n|-end|p2a: Iron Valiant|Quark Drive|[silent]\n|-damage|p1a: Serperior|91\/100|[from] item: Life Orb\n|\n|upkeep\n|\n|t:|1699807271\n|switch|p2a: Tapu Koko|Tapu Koko|100\/100\n|-fieldstart|move: Electric Terrain|[from] ability: Electric Surge|[of] p2a: Tapu Koko\n|turn|4\n|\n|t:|1699807277\n|move|p1a: Serperior|Leaf Storm|p2a: Tapu Koko\n|-damage|p2a: Tapu Koko|0 fnt\n|-boost|p1a: Serperior|spa|2\n|faint|p2a: Tapu Koko\n|-damage|p1a: Serperior|81\/100|[from] item: Life Orb\n|\n|-sideend|p1: ralca 1|move: Tailwind\n|upkeep\n|\n|t:|1699807284\n|switch|p2a: Tapu Lele|Tapu Lele|100\/100\n|-fieldstart|move: Psychic Terrain|[from] ability: Psychic Surge|[of] p2a: Tapu Lele\n|turn|5\n|\n|t:|1699807292\n|move|p1a: Serperior|Leaf Storm|p2a: Tapu Lele\n|-damage|p2a: Tapu Lele|0 fnt\n|-boost|p1a: Serperior|spa|2\n|faint|p2a: Tapu Lele\n|-damage|p1a: Serperior|71\/100|[from] item: Life Orb\n|\n|upkeep\n|\n|t:|1699807297\n|switch|p2a: Tapu Fini|Tapu Fini, tera:Water|100\/100\n|-fieldstart|move: Misty Terrain|[from] ability: Misty Surge|[of] p2a: Tapu Fini\n|turn|6\n|\n|t:|1699807306\n|move|p1a: Serperior|Leaf Storm|p2a: Tapu Fini\n|-supereffective|p2a: Tapu Fini\n|-damage|p2a: Tapu Fini|0 fnt\n|faint|p2a: Tapu Fini\n|-damage|p1a: Serperior|61\/100|[from] item: Life Orb\n|\n|upkeep\n|\n|t:|1699807316\n|switch|p2a: Tapu Bulu|Tapu Bulu|100\/100\n|-fieldstart|move: Grassy Terrain|[from] ability: Grassy Surge|[of] p2a: Tapu Bulu\n|turn|7\n|\n|t:|1699807326\n|move|p1a: Serperior|Giga Drain|p2a: Tapu Bulu\n|-resisted|p2a: Tapu Bulu\n|-damage|p2a: Tapu Bulu|0 fnt\n|-heal|p1a: Serperior|100\/100|[from] drain|[of] p2a: Tapu Bulu\n|faint|p2a: Tapu Bulu\n|-damage|p1a: Serperior|91\/100|[from] item: Life Orb\n|\n|-heal|p1a: Serperior|97\/100|[from] Grassy Terrain\n|upkeep\n|\n|t:|1699807330\n|switch|p2a: Garchomp|Garchomp, M|100\/100\n|turn|8\n|\n|t:|1699807337\n|detailschange|p2a: Garchomp|Garchomp-Mega, M\n|-mega|p2a: Garchomp|Garchomp|Garchompite\n|move|p1a: Serperior|Dragon Pulse|p2a: Garchomp\n|-supereffective|p2a: Garchomp\n|-damage|p2a: Garchomp|0 fnt\n|faint|p2a: Garchomp\n|-damage|p1a: Serperior|87\/100|[from] item: Life Orb\n|\n|win|ralca 1\n","uploadtime":1699807349,"views":5,"p1id":"ralca1","p2id":"leolia","formatid":"gen9nationaldex","rating":0,"private":0,"password":""}