{"id":"gen9nationaldex-2000105157","p1":"sgyyds","p2":"the millimeter","format":"[Gen 9] National Dex","log":"|html|<div class=\"broadcast-blue\"><strong>[Gen 9] National Dex is currently suspecting Sneasler! For information on how to participate check out the <a href=\"https:\/\/www.smogon.com\/forums\/threads\/sv-national-dex-suspect-8-just-dance.3731534\/\">suspect thread<\/a>.<\/strong><\/div>\n|j|\u2606sgyyds\n|j|\u2606the millimeter\n|t:|1701155721\n|gametype|singles\n|player|p1|sgyyds|lucas|1000\n|player|p2|the millimeter|101|1000\n|teamsize|p1|6\n|teamsize|p2|6\n|gen|9\n|tier|[Gen 9] National Dex\n|rated|\n|rule|HP Percentage Mod: HP is shown in percentages\n|rule|Endless Battle Clause: Forcing endless battles is banned\n|rule|OHKO Clause: OHKO moves are banned\n|rule|Evasion Clause: Evasion abilities, items, and moves are banned\n|rule|Evasion Abilities Clause: Evasion abilities are banned\n|rule|Evasion Items Clause: Evasion items are banned\n|rule|Evasion Moves Clause: Evasion moves are banned\n|rule|Species Clause: Limit one of each Pok\u00e9mon\n|rule|Sleep Clause Mod: Limit one foe put to sleep\n|clearpoke\n|poke|p1|Torkoal, M|\n|poke|p1|Snorlax, F|\n|poke|p1|Rotom-Wash|\n|poke|p1|Scyther, M|\n|poke|p1|Samurott-Hisui, F|\n|poke|p1|Meowscarada, M|\n|poke|p2|Rotom-Wash|\n|poke|p2|Iron Moth|\n|poke|p2|Heatran, F|\n|poke|p2|Garchomp, F|\n|poke|p2|Hatterene, F|\n|poke|p2|Gengar, F|\n|teampreview\n|\n|t:|1701155729\n|start\n|switch|p1a: Scyther|Scyther, M|100\/100\n|switch|p2a: Gengar|Gengar, F|100\/100\n|turn|1\n|\n|t:|1701155738\n|move|p2a: Gengar|Toxic Spikes|p1a: Scyther\n|-sidestart|p1: sgyyds|move: Toxic Spikes\n|move|p1a: Scyther|Swords Dance|p1a: Scyther\n|-boost|p1a: Scyther|atk|2\n|\n|upkeep\n|turn|2\n|\n|t:|1701155744\n|move|p2a: Gengar|Toxic Spikes|p1a: Scyther\n|-sidestart|p1: sgyyds|move: Toxic Spikes\n|move|p1a: Scyther|Swords Dance|p1a: Scyther\n|-boost|p1a: Scyther|atk|2\n|\n|upkeep\n|turn|3\n|\n|t:|1701155753\n|move|p2a: Gengar|Substitute|p2a: Gengar\n|-start|p2a: Gengar|Substitute\n|-damage|p2a: Gengar|76\/100\n|move|p1a: Scyther|Swords Dance|p1a: Scyther\n|-boost|p1a: Scyther|atk|2\n|\n|-heal|p2a: Gengar|82\/100|[from] item: Leftovers\n|upkeep\n|turn|4\n|\n|t:|1701155761\n|move|p2a: Gengar|Destiny Bond|p2a: Gengar\n|-singlemove|p2a: Gengar|Destiny Bond\n|move|p1a: Scyther|Aerial Ace|p2a: Gengar\n|-crit|p2a: Gengar\n|-end|p2a: Gengar|Substitute\n|\n|-heal|p2a: Gengar|88\/100|[from] item: Leftovers\n|upkeep\n|turn|5\n|\n|t:|1701155772\n|move|p2a: Gengar|Destiny Bond||[still]\n|-fail|p2a: Gengar\n|move|p1a: Scyther|Aerial Ace|p2a: Gengar\n|-damage|p2a: Gengar|0 fnt\n|faint|p2a: Gengar\n|\n|upkeep\n|\n|t:|1701155782\n|switch|p2a: Heatran|Heatran, F|100\/100\n|turn|6\n|\n|t:|1701155788\n|move|p1a: Scyther|Close Combat|p2a: Heatran\n|-supereffective|p2a: Heatran\n|-damage|p2a: Heatran|0 fnt\n|-unboost|p1a: Scyther|def|1\n|-unboost|p1a: Scyther|spd|1\n|faint|p2a: Heatran\n|\n|upkeep\n|\n|t:|1701155798\n|switch|p2a: Hatterene|Hatterene, F, shiny|100\/100\n|turn|7\n|\n|t:|1701155805\n|move|p1a: Scyther|Lunge|p2a: Hatterene\n|-damage|p2a: Hatterene|0 fnt\n|faint|p2a: Hatterene\n|\n|upkeep\n|\n|t:|1701155811\n|switch|p2a: Garchomp|Garchomp, F|100\/100\n|turn|8\n|\n|t:|1701155816\n|detailschange|p2a: Garchomp|Garchomp-Mega, F\n|-mega|p2a: Garchomp|Garchomp|Garchompite\n|move|p1a: Scyther|Aerial Ace|p2a: Garchomp\n|-damage|p2a: Garchomp|0 fnt\n|faint|p2a: Garchomp\n|\n|upkeep\n|\n|t:|1701155823\n|switch|p2a: Iron Moth|Iron Moth|100\/100\n|turn|9\n|\n|t:|1701155830\n|move|p1a: Scyther|Close Combat|p2a: Iron Moth\n|-resisted|p2a: Iron Moth\n|-damage|p2a: Iron Moth|0 fnt\n|-unboost|p1a: Scyther|def|1\n|-unboost|p1a: Scyther|spd|1\n|faint|p2a: Iron Moth\n|-end|p2a: Iron Moth|Quark Drive|[silent]\n|\n|upkeep\n|\n|t:|1701155840\n|switch|p2a: Rotom|Rotom-Wash|100\/100\n|turn|10\n|\n|t:|1701155845\n|move|p2a: Rotom|Protect|p2a: Rotom\n|-singleturn|p2a: Rotom|Protect\n|move|p1a: Scyther|Aerial Ace|p2a: Rotom\n|-activate|p2a: Rotom|move: Protect\n|\n|upkeep\n|turn|11\n|\n|t:|1701155857\n|-terastallize|p2a: Rotom|Electric\n|move|p1a: Scyther|Lunge|p2a: Rotom\n|-crit|p2a: Rotom\n|-damage|p2a: Rotom|0 fnt\n|faint|p2a: Rotom\n|\n|win|sgyyds\n|raw|sgyyds's rating: 1000 &rarr; <strong>1040<\/strong><br \/>(+40 for winning)\n|raw|the millimeter's rating: 1000 &rarr; <strong>1000<\/strong><br \/>(+0 for losing)\n","uploadtime":1701155869,"views":12,"p1id":"sgyyds","p2id":"themillimeter","formatid":"gen9nationaldex","rating":1000,"private":0,"password":""}