{"id":"gen9nationaldex-1988844697","p1":"Siddharth42c","p2":"h1rsfr","format":"[Gen 9] National Dex","log":"|j|\u2606Siddharth42c\n|j|\u2606h1rsfr\n|t:|1699772353\n|gametype|singles\n|player|p1|Siddharth42c|red-gen1main|\n|player|p2|h1rsfr|dawn|\n|teamsize|p1|6\n|teamsize|p2|6\n|gen|9\n|tier|[Gen 9] National Dex\n|rule|HP Percentage Mod: HP is shown in percentages\n|rule|Endless Battle Clause: Forcing endless battles is banned\n|rule|OHKO Clause: OHKO moves are banned\n|rule|Evasion Clause: Evasion abilities, items, and moves are banned\n|rule|Evasion Abilities Clause: Evasion abilities are banned\n|rule|Evasion Items Clause: Evasion items are banned\n|rule|Evasion Moves Clause: Evasion moves are banned\n|rule|Species Clause: Limit one of each Pok\u00e9mon\n|rule|Sleep Clause Mod: Limit one foe put to sleep\n|clearpoke\n|poke|p1|Heatran, M|\n|poke|p1|Rotom-Wash|\n|poke|p1|Weavile, M|\n|poke|p1|Latias, F|\n|poke|p1|Landorus-Therian, M|\n|poke|p1|Iron Valiant|\n|poke|p2|Tapu Koko|\n|poke|p2|Iron Moth|\n|poke|p2|Raichu-Alola, F|\n|poke|p2|Scizor, M|\n|poke|p2|Cursola, M|\n|poke|p2|Pyukumuku, F|\n|teampreview\n|inactive|Battle timer is ON: inactive players will automatically lose when time's up. (requested by Siddharth42c)\n|j| Blazzeon\n|\n|t:|1699772374\n|start\n|switch|p1a: Landorus|Landorus-Therian, M|100\/100\n|switch|p2a: Tapu Koko|Tapu Koko|100\/100\n|-fieldstart|move: Electric Terrain|[from] ability: Electric Surge|[of] p2a: Tapu Koko\n|-ability|p1a: Landorus|Intimidate|boost\n|-unboost|p2a: Tapu Koko|atk|1\n|turn|1\n|c| Blazzeon|Tod dunga\n|c| Blazzeon|Fod dunga\n|c| Blazzeon|Nichod dunga\n|c| Blazzeon|M toh papa hu\n|\n|t:|1699772386\n|move|p2a: Tapu Koko|Taunt|p1a: Landorus\n|-start|p1a: Landorus|move: Taunt\n|cant|p1a: Landorus|move: Taunt|Stealth Rock\n|\n|upkeep\n|turn|2\n|c| Blazzeon|Is duniya ka papa\n|\n|t:|1699772393\n|move|p2a: Tapu Koko|Dazzling Gleam|p1a: Landorus\n|-damage|p1a: Landorus|59\/100\n|move|p1a: Landorus|Earthquake|p2a: Tapu Koko\n|-supereffective|p2a: Tapu Koko\n|-crit|p2a: Tapu Koko\n|-damage|p2a: Tapu Koko|0 fnt\n|faint|p2a: Tapu Koko\n|\n|upkeep\n|\n|t:|1699772400\n|switch|p2a: Raichu|Raichu-Alola, F|100\/100\n|turn|3\n|c| Blazzeon|Tapu Koko is ded\n|\n|t:|1699772408\n|move|p2a: Raichu|Psyshock|p1a: Landorus\n|-damage|p1a: Landorus|34\/100\n|move|p1a: Landorus|U-turn|p2a: Raichu\n|-supereffective|p2a: Raichu\n|-damage|p2a: Raichu|5\/100\n|\n|t:|1699772416\n|switch|p1a: Weavile|Weavile, M|100\/100|[from] U-turn\n|\n|upkeep\n|turn|4\n|c|\u2606h1rsfr|Chudgya m\n|\n|t:|1699772422\n|move|p1a: Weavile|Ice Shard|p2a: Raichu\n|-damage|p2a: Raichu|0 fnt\n|faint|p2a: Raichu\n|\n|upkeep\n|\n|t:|1699772429\n|switch|p2a: Iron Moth|Iron Moth|100\/100\n|-activate|p2a: Iron Moth|ability: Quark Drive\n|-start|p2a: Iron Moth|quarkdrivespe\n|turn|5\n|\n|t:|1699772438\n|switch|p1a: Heatran|Heatran, M|100\/100\n|move|p2a: Iron Moth|Fiery Dance|p1a: Heatran\n|-start|p1a: Heatran|ability: Flash Fire\n|\n|upkeep\n|turn|6\n|c| Blazzeon|Raichu got fucked\n|c| Blazzeon|Heatran vs moth\n|c|\u2606h1rsfr|Rial\n|\n|t:|1699772448\n|-terastallize|p2a: Iron Moth|Ground\n|move|p2a: Iron Moth|Tera Blast|p1a: Heatran|[anim] Tera Blast Ground\n|-supereffective|p1a: Heatran\n|-damage|p1a: Heatran|0 fnt\n|faint|p1a: Heatran\n|\n|upkeep\n|c|\u2606Siddharth42c|well\n|c|\u2606h1rsfr|Hn\n|c|\u2606Siddharth42c|yeh meri suggestion thi\n|\n|t:|1699772469\n|switch|p1a: Rotom|Rotom-Wash|100\/100\n|turn|7\n|\n|t:|1699772472\n|move|p2a: Iron Moth|Energy Ball|p1a: Rotom\n|-supereffective|p1a: Rotom\n|-damage|p1a: Rotom|18\/100\n|move|p1a: Rotom|Hydro Pump|p2a: Iron Moth\n|-supereffective|p2a: Iron Moth\n|-damage|p2a: Iron Moth|1\/100\n|\n|upkeep\n|turn|8\n|c| Blazzeon|Will pp get a win\n|c| Blazzeon|Or he getting bullied\n|\n|t:|1699772479\n|move|p2a: Iron Moth|Energy Ball|p1a: Rotom\n|-supereffective|p1a: Rotom\n|-damage|p1a: Rotom|0 fnt\n|faint|p1a: Rotom\n|\n|-fieldend|move: Electric Terrain\n|-end|p2a: Iron Moth|Quark Drive\n|upkeep\n|\n|t:|1699772483\n|switch|p1a: Weavile|Weavile, M|100\/100\n|turn|9\n|\n|t:|1699772486\n|move|p1a: Weavile|Ice Shard|p2a: Iron Moth\n|-supereffective|p2a: Iron Moth\n|-damage|p2a: Iron Moth|0 fnt\n|faint|p2a: Iron Moth\n|-end|p2a: Iron Moth|Quark Drive|[silent]\n|\n|upkeep\n|\n|t:|1699772491\n|switch|p2a: Scizor|Scizor, M, shiny|100\/100\n|turn|10\n|\n|t:|1699772494\n|switch|p1a: Landorus|Landorus-Therian, M|34\/100\n|-ability|p1a: Landorus|Intimidate|boost\n|-unboost|p2a: Scizor|atk|1\n|detailschange|p2a: Scizor|Scizor-Mega, M, shiny\n|-mega|p2a: Scizor|Scizor|Scizorite\n|move|p2a: Scizor|Curse|p2a: Scizor\n|-unboost|p2a: Scizor|spe|1\n|-boost|p2a: Scizor|atk|1\n|-boost|p2a: Scizor|def|1\n|\n|upkeep\n|turn|11\n|c| Blazzeon|Weavile again clutching by defeating a low hp mon by priority\n|c| Blazzeon|Scizor with skin surgery vs landorus\n|c|\u2606h1rsfr|Ye ash ne dia tha\n|inactive|Siddharth42c has 270 seconds left.\n|c|\u2606Siddharth42c|gya m heatran ni h\n|c|\u2606h1rsfr|Agr curse kaam ni aya\n|c|\u2606h1rsfr|To iski gand maruga\n|\n|t:|1699772546\n|move|p1a: Landorus|U-turn|p2a: Scizor\n|-resisted|p2a: Scizor\n|-damage|p2a: Scizor|96\/100\n|\n|t:|1699772553\n|switch|p1a: Iron Valiant|Iron Valiant|100\/100|[from] U-turn\n|-enditem|p1a: Iron Valiant|Booster Energy\n|-activate|p1a: Iron Valiant|ability: Quark Drive|[fromitem]\n|-start|p1a: Iron Valiant|quarkdrivespe\n|move|p2a: Scizor|Curse|p2a: Scizor\n|-unboost|p2a: Scizor|spe|1\n|-boost|p2a: Scizor|atk|1\n|-boost|p2a: Scizor|def|1\n|\n|upkeep\n|turn|12\n|j| Poke_Gamer_Devil\n|\n|t:|1699772561\n|move|p1a: Iron Valiant|Encore|p2a: Scizor\n|-start|p2a: Scizor|Encore\n|move|p2a: Scizor|Curse|p2a: Scizor\n|-unboost|p2a: Scizor|spe|1\n|-boost|p2a: Scizor|atk|1\n|-boost|p2a: Scizor|def|1\n|\n|upkeep\n|turn|13\n|c| Blazzeon|Black balls\n|c|\u2606h1rsfr|Who tf does a encore\n|c|\u2606h1rsfr|Moon blast marega na\n|inactive|Siddharth42c has 240 seconds left.\n|c|\u2606Siddharth42c|safety ke liye\n|c|\u2606h1rsfr|Ok\n|\n|t:|1699772592\n|-end|p1a: Iron Valiant|Quark Drive|[silent]\n|switch|p1a: Latias|Latias, F|100\/100\n|move|p2a: Scizor|Curse|p2a: Scizor\n|-unboost|p2a: Scizor|spe|1\n|-boost|p2a: Scizor|atk|1\n|-boost|p2a: Scizor|def|1\n|\n|upkeep\n|turn|14\n|inactive|Siddharth42c has 240 seconds left.\n|\n|t:|1699772597\n|detailschange|p1a: Latias|Latias-Mega, F\n|-mega|p1a: Latias|Latias|Latiasite\n|move|p1a: Latias|Calm Mind|p1a: Latias\n|-boost|p1a: Latias|spa|1\n|-boost|p1a: Latias|spd|1\n|move|p2a: Scizor|Curse|p2a: Scizor\n|-unboost|p2a: Scizor|spe|1\n|-boost|p2a: Scizor|atk|1\n|-boost|p2a: Scizor|def|1\n|\n|-end|p2a: Scizor|Encore\n|upkeep\n|turn|15\n|c|\u2606h1rsfr|Smjhta hu\n|\n|t:|1699772606\n|move|p2a: Scizor|Bullet Punch|p1a: Latias\n|-crit|p1a: Latias\n|-damage|p1a: Latias|17\/100\n|move|p1a: Latias|Aura Sphere|p2a: Scizor\n|-damage|p2a: Scizor|61\/100\n|\n|upkeep\n|turn|16\n|c| Blazzeon|Ded\n|\n|t:|1699772621\n|move|p2a: Scizor|Bullet Punch|p1a: Latias\n|-crit|p1a: Latias\n|-damage|p1a: Latias|0 fnt\n|faint|p1a: Latias\n|\n|upkeep\n|\n|t:|1699772624\n|switch|p1a: Landorus|Landorus-Therian, M|34\/100\n|-ability|p1a: Landorus|Intimidate|boost\n|-unboost|p2a: Scizor|atk|1\n|turn|17\n|\n|t:|1699772629\n|move|p2a: Scizor|Bullet Punch|p1a: Landorus\n|-damage|p1a: Landorus|0 fnt\n|-damage|p2a: Scizor|45\/100|[from] item: Rocky Helmet|[of] p1a: Landorus\n|faint|p1a: Landorus\n|\n|upkeep\n|c|\u2606h1rsfr|Kya hua\n|\n|t:|1699772648\n|switch|p1a: Iron Valiant|Iron Valiant|100\/100\n|turn|18\n|c|\u2606h1rsfr|Server crash rhta to shi rhta pp k liye\n|\n|t:|1699772655\n|-terastallize|p1a: Iron Valiant|Fairy\n|move|p2a: Scizor|Bullet Punch|p1a: Iron Valiant\n|-supereffective|p1a: Iron Valiant\n|-damage|p1a: Iron Valiant|0 fnt\n|faint|p1a: Iron Valiant\n|-end|p1a: Iron Valiant|Quark Drive|[silent]\n|\n|upkeep\n|\n|t:|1699772659\n|switch|p1a: Weavile|Weavile, M|100\/100\n|turn|19\n|c|\u2606h1rsfr|Wow\n|c| Blazzeon|Steel tera dedeta\n|\n|t:|1699772671\n|move|p2a: Scizor|Bullet Punch|p1a: Weavile\n|-supereffective|p1a: Weavile\n|-damage|p1a: Weavile|0 fnt\n|faint|p1a: Weavile\n|\n|win|h1rsfr\n","uploadtime":1699772677,"views":6,"p1id":"siddharth42c","p2id":"h1rsfr","formatid":"gen9nationaldex","rating":0,"private":0,"password":""}