{"id":"gen9nationaldex-1987467947","p1":"Robonion42","p2":"aAuiic","format":"[Gen 9] National Dex","log":"|j|\u2606Robonion42\n|j|\u2606aAuiic\n|t:|1699596373\n|gametype|singles\n|player|p1|Robonion42|gentleman|1282\n|player|p2|aAuiic|266|1152\n|teamsize|p1|6\n|teamsize|p2|6\n|gen|9\n|tier|[Gen 9] National Dex\n|rated|\n|rule|HP Percentage Mod: HP is shown in percentages\n|rule|Endless Battle Clause: Forcing endless battles is banned\n|rule|OHKO Clause: OHKO moves are banned\n|rule|Evasion Clause: Evasion abilities, items, and moves are banned\n|rule|Evasion Abilities Clause: Evasion abilities are banned\n|rule|Evasion Items Clause: Evasion items are banned\n|rule|Evasion Moves Clause: Evasion moves are banned\n|rule|Species Clause: Limit one of each Pok\u00e9mon\n|rule|Sleep Clause Mod: Limit one foe put to sleep\n|clearpoke\n|poke|p1|Iron Valiant|\n|poke|p1|Tapu Koko|\n|poke|p1|Gallade, M|\n|poke|p1|Great Tusk|\n|poke|p1|Volcarona, M|\n|poke|p1|Gliscor, F|\n|poke|p2|Charizard, M|\n|poke|p2|Serperior, F|\n|poke|p2|Tyranitar, F|\n|poke|p2|Great Tusk|\n|poke|p2|Doublade, M|\n|poke|p2|Alomomola, F|\n|teampreview\n|\n|t:|1699596387\n|start\n|switch|p1a: Gliscor lmao|Gliscor, F, shiny|100\/100\n|switch|p2a: Doublade|Doublade, M|100\/100\n|turn|1\n|c|\u2606Robonion42|Someone made a youtube video on this team, didn't they\n|\n|t:|1699596402\n|switch|p2a: Charizard|Charizard, M|100\/100\n|move|p1a: Gliscor lmao|Stealth Rock|p2a: Charizard\n|-sidestart|p2: aAuiic|move: Stealth Rock\n|\n|-status|p1a: Gliscor lmao|tox|[from] item: Toxic Orb\n|upkeep\n|turn|2\n|\n|t:|1699596413\n|detailschange|p2a: Charizard|Charizard-Mega-Y, M\n|-mega|p2a: Charizard|Charizard|Charizardite Y\n|-weather|SunnyDay|[from] ability: Drought|[of] p2a: Charizard\n|move|p2a: Charizard|Weather Ball|p1a: Gliscor lmao\n|-damage|p1a: Gliscor lmao|0 fnt\n|faint|p1a: Gliscor lmao\n|\n|-weather|SunnyDay|[upkeep]\n|upkeep\n|\n|t:|1699596418\n|switch|p1a: The God|Tapu Koko|100\/100\n|-fieldstart|move: Electric Terrain|[from] ability: Electric Surge|[of] p1a: The God\n|turn|3\n|\n|t:|1699596429\n|switch|p2a: Great Tusk|Great Tusk|100\/100\n|-damage|p2a: Great Tusk|98\/100|[from] Stealth Rock\n|-activate|p2a: Great Tusk|ability: Protosynthesis\n|-start|p2a: Great Tusk|protosynthesisatk\n|move|p1a: The God|Thunderbolt|p2a: Great Tusk\n|-immune|p2a: Great Tusk\n|\n|-weather|SunnyDay|[upkeep]\n|upkeep\n|turn|4\n|\n|t:|1699596444\n|-end|p2a: Great Tusk|Protosynthesis|[silent]\n|switch|p2a: Doublade|Doublade, M|100\/100\n|-damage|p2a: Doublade|94\/100|[from] Stealth Rock\n|-terastallize|p1a: The God|Grass\n|move|p1a: The God|Grass Knot|p2a: Doublade\n|-resisted|p2a: Doublade\n|-damage|p2a: Doublade|89\/100\n|\n|-weather|SunnyDay|[upkeep]\n|upkeep\n|turn|5\n|\n|t:|1699596463\n|move|p1a: The God|Thunderbolt|p2a: Doublade\n|-damage|p2a: Doublade|30\/100\n|move|p2a: Doublade|Gyro Ball|p1a: The God\n|-damage|p1a: The God|5\/100\n|\n|-weather|SunnyDay|[upkeep]\n|upkeep\n|turn|6\n|\n|t:|1699596471\n|move|p2a: Doublade|Shadow Sneak|p1a: The God\n|-damage|p1a: The God|0 fnt\n|faint|p1a: The God\n|\n|-weather|none\n|upkeep\n|\n|t:|1699596478\n|switch|p1a: The Pestilence|Volcarona, M|100\/100\n|turn|7\n|\n|t:|1699596482\n|switch|p2a: Tyranitar|Tyranitar, F|100\/100\n|-damage|p2a: Tyranitar|88\/100|[from] Stealth Rock\n|-weather|Sandstorm|[from] ability: Sand Stream|[of] p2a: Tyranitar\n|move|p1a: The Pestilence|Quiver Dance|p1a: The Pestilence\n|-boost|p1a: The Pestilence|spa|1\n|-boost|p1a: The Pestilence|spd|1\n|-boost|p1a: The Pestilence|spe|1\n|\n|-weather|Sandstorm|[upkeep]\n|-damage|p1a: The Pestilence|94\/100|[from] Sandstorm\n|-fieldend|move: Electric Terrain\n|upkeep\n|turn|8\n|\n|t:|1699596494\n|move|p1a: The Pestilence|Giga Drain|p2a: Tyranitar\n|-supereffective|p2a: Tyranitar\n|-damage|p2a: Tyranitar|41\/100\n|-heal|p1a: The Pestilence|100\/100|[from] drain|[of] p2a: Tyranitar\n|move|p2a: Tyranitar|Knock Off|p1a: The Pestilence\n|-damage|p1a: The Pestilence|37\/100\n|-enditem|p1a: The Pestilence|Heavy-Duty Boots|[from] move: Knock Off|[of] p2a: Tyranitar\n|\n|-weather|Sandstorm|[upkeep]\n|-damage|p1a: The Pestilence|30\/100|[from] Sandstorm\n|upkeep\n|turn|9\n|\n|t:|1699596509\n|move|p1a: The Pestilence|Giga Drain|p2a: Tyranitar\n|-supereffective|p2a: Tyranitar\n|-damage|p2a: Tyranitar|0 fnt\n|-heal|p1a: The Pestilence|56\/100|[from] drain|[of] p2a: Tyranitar\n|faint|p2a: Tyranitar\n|\n|-weather|Sandstorm|[upkeep]\n|-damage|p1a: The Pestilence|50\/100|[from] Sandstorm\n|upkeep\n|\n|t:|1699596533\n|switch|p2a: Alomomola|Alomomola, F, shiny|100\/100\n|turn|10\n|\n|t:|1699596542\n|move|p1a: The Pestilence|Giga Drain|p2a: Alomomola\n|-supereffective|p2a: Alomomola\n|-damage|p2a: Alomomola|0 fnt\n|-heal|p1a: The Pestilence|100\/100|[from] drain|[of] p2a: Alomomola\n|faint|p2a: Alomomola\n|\n|-weather|Sandstorm|[upkeep]\n|-damage|p1a: The Pestilence|94\/100|[from] Sandstorm\n|upkeep\n|-message|aAuiic forfeited.\n|\n|win|Robonion42\n|raw|Robonion42's rating: 1282 &rarr; <strong>1298<\/strong><br \/>(+16 for winning)\n|raw|aAuiic's rating: 1152 &rarr; <strong>1136<\/strong><br \/>(-16 for losing)\n|l|\u2606aAuiic\n|c|\u2606Robonion42|ok\n","uploadtime":1699596559,"views":4,"p1id":"robonion42","p2id":"aauiic","formatid":"gen9nationaldex","rating":1136,"private":0,"password":""}