{"id":"gen9nationaldex-1991739927","p1":"terrysalt","p2":"Tyr Alexander","format":"[Gen 9] National Dex","log":"|j|\u2606terrysalt\n|j|\u2606Tyr Alexander\n|t:|1700109331\n|gametype|singles\n|player|p1|terrysalt|170|\n|player|p2|Tyr Alexander|101|\n|teamsize|p1|6\n|teamsize|p2|6\n|gen|9\n|tier|[Gen 9] National Dex\n|rule|HP Percentage Mod: HP is shown in percentages\n|rule|Endless Battle Clause: Forcing endless battles is banned\n|rule|OHKO Clause: OHKO moves are banned\n|rule|Evasion Clause: Evasion abilities, items, and moves are banned\n|rule|Evasion Abilities Clause: Evasion abilities are banned\n|rule|Evasion Items Clause: Evasion items are banned\n|rule|Evasion Moves Clause: Evasion moves are banned\n|rule|Species Clause: Limit one of each Pok\u00e9mon\n|rule|Sleep Clause Mod: Limit one foe put to sleep\n|clearpoke\n|poke|p1|Rhydon, F|\n|poke|p1|Sylveon, M|\n|poke|p1|Decidueye, M|\n|poke|p1|Toxicroak, M|\n|poke|p1|Togedemaru, M|\n|poke|p1|Dondozo, M|\n|poke|p2|Grafaiai, M|\n|poke|p2|Pawmot, M|\n|poke|p2|Basculegion, M|\n|poke|p2|Forretress, M|\n|poke|p2|Wo-Chien|\n|poke|p2|Diancie|\n|teampreview\n|\n|t:|1700109347\n|start\n|switch|p1a: Togedemaru|Togedemaru, M|100\/100\n|switch|p2a: Wo-Chien|Wo-Chien|100\/100\n|-ability|p2a: Wo-Chien|Tablets of Ruin\n|turn|1\n|\n|t:|1700109358\n|move|p1a: Togedemaru|U-turn|p2a: Wo-Chien\n|-supereffective|p2a: Wo-Chien\n|-damage|p2a: Wo-Chien|50\/100\n|\n|t:|1700109364\n|switch|p1a: Decidueye|Decidueye, M|100\/100|[from] U-turn\n|move|p2a: Wo-Chien|Knock Off|p1a: Decidueye\n|-supereffective|p1a: Decidueye\n|-damage|p1a: Decidueye|22\/100\n|-enditem|p1a: Decidueye|Choice Band|[from] move: Knock Off|[of] p2a: Wo-Chien\n|\n|-heal|p2a: Wo-Chien|56\/100|[from] item: Leftovers\n|upkeep\n|turn|2\n|\n|t:|1700109376\n|move|p1a: Decidueye|U-turn|p2a: Wo-Chien\n|-supereffective|p2a: Wo-Chien\n|-damage|p2a: Wo-Chien|0 fnt\n|faint|p2a: Wo-Chien\n|\n|t:|1700109389\n|switch|p1a: Sylveon|Sylveon, M|100\/100|[from] U-turn\n|\n|upkeep\n|\n|t:|1700109399\n|switch|p2a: Grafaiai|Grafaiai, M|100\/100\n|turn|3\n|\n|t:|1700109419\n|switch|p1a: Rhydon|Rhydon, F|100\/100\n|move|p2a: Grafaiai|Knock Off|p1a: Rhydon\n|-damage|p1a: Rhydon|86\/100\n|-status|p1a: Rhydon|psn|[from] ability: Poison Touch|[of] p2a: Grafaiai\n|-enditem|p1a: Rhydon|Eviolite|[from] move: Knock Off|[of] p2a: Grafaiai\n|\n|-damage|p1a: Rhydon|74\/100 psn|[from] psn\n|upkeep\n|turn|4\n|\n|t:|1700109446\n|switch|p2a: Forretress|Forretress, M|100\/100\n|move|p1a: Rhydon|Earthquake|p2a: Forretress\n|-damage|p2a: Forretress|67\/100\n|\n|-heal|p2a: Forretress|74\/100|[from] item: Leftovers\n|-damage|p1a: Rhydon|61\/100 psn|[from] psn\n|upkeep\n|turn|5\n|\n|t:|1700109459\n|switch|p1a: Sylveon|Sylveon, M|100\/100\n|move|p2a: Forretress|Body Press|p1a: Sylveon\n|-resisted|p1a: Sylveon\n|-damage|p1a: Sylveon|79\/100\n|\n|-heal|p1a: Sylveon|86\/100|[from] item: Leftovers\n|-heal|p2a: Forretress|80\/100|[from] item: Leftovers\n|upkeep\n|turn|6\n|\n|t:|1700109477\n|move|p1a: Sylveon|Wish|p1a: Sylveon\n|move|p2a: Forretress|Rapid Spin|p1a: Sylveon\n|-damage|p1a: Sylveon|74\/100\n|-boost|p2a: Forretress|spe|1\n|\n|-heal|p2a: Forretress|86\/100|[from] item: Leftovers\n|-heal|p1a: Sylveon|80\/100|[from] item: Leftovers\n|upkeep\n|turn|7\n|\n|t:|1700109490\n|switch|p1a: Decidueye|Decidueye, M|22\/100\n|move|p2a: Forretress|Body Press|p1a: Decidueye\n|-immune|p1a: Decidueye\n|\n|-heal|p1a: Decidueye|88\/100|[from] move: Wish|[wisher] Sylveon\n|-heal|p2a: Forretress|92\/100|[from] item: Leftovers\n|upkeep\n|turn|8\n|\n|t:|1700109503\n|move|p1a: Decidueye|Spirit Shackle|p2a: Forretress\n|-damage|p2a: Forretress|71\/100\n|-activate|p2a: Forretress|trapped\n|move|p2a: Forretress|Volt Switch|p1a: Decidueye\n|-resisted|p1a: Decidueye\n|-damage|p1a: Decidueye|82\/100\n|\n|t:|1700109518\n|switch|p2a: Grafaiai|Grafaiai, M|100\/100|[from] Volt Switch\n|\n|upkeep\n|turn|9\n|\n|t:|1700109539\n|switch|p1a: Rhydon|Rhydon, F|61\/100 psn\n|move|p2a: Grafaiai|Gunk Shot|p1a: Rhydon\n|-resisted|p1a: Rhydon\n|-damage|p1a: Rhydon|51\/100 psn\n|\n|-damage|p1a: Rhydon|39\/100 psn|[from] psn\n|upkeep\n|turn|10\n|\n|t:|1700109555\n|move|p2a: Grafaiai|Gunk Shot|p1a: Rhydon\n|-resisted|p1a: Rhydon\n|-damage|p1a: Rhydon|29\/100 psn\n|move|p1a: Rhydon|Earthquake|p2a: Grafaiai\n|-supereffective|p2a: Grafaiai\n|-damage|p2a: Grafaiai|0 fnt\n|faint|p2a: Grafaiai\n|\n|-damage|p1a: Rhydon|16\/100 psn|[from] psn\n|upkeep\n|\n|t:|1700109563\n|switch|p2a: Diancie|Diancie|100\/100\n|turn|11\n|\n|t:|1700109575\n|move|p1a: Rhydon|Earthquake|p2a: Diancie\n|-supereffective|p2a: Diancie\n|-damage|p2a: Diancie|2\/100\n|move|p2a: Diancie|Moonblast|p1a: Rhydon\n|-damage|p1a: Rhydon|0 fnt\n|faint|p1a: Rhydon\n|\n|-heal|p2a: Diancie|8\/100|[from] item: Leftovers\n|upkeep\n|\n|t:|1700109586\n|switch|p1a: Togedemaru|Togedemaru, M|100\/100\n|turn|12\n|\n|t:|1700109595\n|switch|p2a: Pawmot|Pawmot, M|100\/100\n|move|p1a: Togedemaru|Iron Head|p2a: Pawmot\n|-resisted|p2a: Pawmot\n|-damage|p2a: Pawmot|73\/100\n|\n|upkeep\n|turn|13\n|\n|t:|1700109621\n|-terastallize|p1a: Togedemaru|Electric\n|move|p1a: Togedemaru|Iron Head|p2a: Pawmot\n|-resisted|p2a: Pawmot\n|-damage|p2a: Pawmot|44\/100\n|move|p2a: Pawmot|Close Combat|p1a: Togedemaru\n|-damage|p1a: Togedemaru|0 fnt\n|-unboost|p2a: Pawmot|def|1\n|-unboost|p2a: Pawmot|spd|1\n|faint|p1a: Togedemaru\n|\n|upkeep\n|\n|t:|1700109643\n|switch|p1a: Decidueye|Decidueye, M|82\/100\n|turn|14\n|\n|t:|1700109653\n|-terastallize|p2a: Pawmot|Electric\n|move|p2a: Pawmot|Double Shock|p1a: Decidueye\n|-resisted|p1a: Decidueye\n|-damage|p1a: Decidueye|23\/100\n|-start|p2a: Pawmot|typechange|Electric|[from] move: Double Shock\n|move|p1a: Decidueye|Spirit Shackle|p2a: Pawmot\n|-damage|p2a: Pawmot|0 fnt\n|faint|p2a: Pawmot\n|\n|upkeep\n|\n|t:|1700109664\n|switch|p2a: Forretress|Forretress, M|71\/100\n|turn|15\n|\n|t:|1700109671\n|switch|p1a: Sylveon|Sylveon, M|80\/100\n|move|p2a: Forretress|Body Press|p1a: Sylveon\n|-resisted|p1a: Sylveon\n|-damage|p1a: Sylveon|61\/100\n|\n|-heal|p1a: Sylveon|68\/100|[from] item: Leftovers\n|-heal|p2a: Forretress|77\/100|[from] item: Leftovers\n|upkeep\n|turn|16\n|\n|t:|1700109680\n|switch|p2a: Basculegion|Basculegion, M|100\/100\n|move|p1a: Sylveon|Wish|p1a: Sylveon\n|\n|-heal|p1a: Sylveon|74\/100|[from] item: Leftovers\n|upkeep\n|turn|17\n|\n|t:|1700109690\n|move|p2a: Basculegion|Ice Beam|p1a: Sylveon\n|-damage|p1a: Sylveon|57\/100\n|move|p1a: Sylveon|Hyper Voice|p2a: Basculegion\n|-damage|p2a: Basculegion|52\/100\n|\n|-heal|p1a: Sylveon|100\/100|[from] move: Wish|[wisher] Sylveon\n|upkeep\n|turn|18\n|\n|t:|1700109700\n|move|p2a: Basculegion|Ice Beam|p1a: Sylveon\n|-damage|p1a: Sylveon|84\/100\n|move|p1a: Sylveon|Hyper Voice|p2a: Basculegion\n|-damage|p2a: Basculegion|7\/100\n|\n|-heal|p1a: Sylveon|90\/100|[from] item: Leftovers\n|upkeep\n|turn|19\n|\n|t:|1700109708\n|move|p2a: Basculegion|Ice Beam|p1a: Sylveon\n|-damage|p1a: Sylveon|73\/100\n|move|p1a: Sylveon|Hyper Voice|p2a: Basculegion\n|-damage|p2a: Basculegion|0 fnt\n|faint|p2a: Basculegion\n|\n|-heal|p1a: Sylveon|79\/100|[from] item: Leftovers\n|upkeep\n|\n|t:|1700109717\n|switch|p2a: Diancie|Diancie|8\/100\n|turn|20\n|\n|t:|1700109722\n|move|p1a: Sylveon|Hyper Voice|p2a: Diancie\n|-damage|p2a: Diancie|0 fnt\n|faint|p2a: Diancie\n|\n|-heal|p1a: Sylveon|85\/100|[from] item: Leftovers\n|upkeep\n|c|\u2606Tyr Alexander|gg\n|\n|t:|1700109728\n|switch|p2a: Forretress|Forretress, M|77\/100\n|turn|21\n|\n|t:|1700109735\n|move|p1a: Sylveon|Hyper Voice|p2a: Forretress\n|-resisted|p2a: Forretress\n|-damage|p2a: Forretress|50\/100\n|move|p2a: Forretress|Volt Switch|p1a: Sylveon\n|-damage|p1a: Sylveon|79\/100\n|\n|-heal|p1a: Sylveon|86\/100|[from] item: Leftovers\n|-heal|p2a: Forretress|56\/100|[from] item: Leftovers\n|upkeep\n|turn|22\n|\n|t:|1700109744\n|move|p1a: Sylveon|Hyper Voice|p2a: Forretress\n|-resisted|p2a: Forretress\n|-damage|p2a: Forretress|27\/100\n|move|p2a: Forretress|Volt Switch|p1a: Sylveon\n|-damage|p1a: Sylveon|80\/100\n|\n|-heal|p1a: Sylveon|86\/100|[from] item: Leftovers\n|-heal|p2a: Forretress|33\/100|[from] item: Leftovers\n|upkeep\n|turn|23\n|\n|t:|1700109763\n|move|p1a: Sylveon|Hyper Voice|p2a: Forretress\n|-resisted|p2a: Forretress\n|-damage|p2a: Forretress|4\/100\n|move|p2a: Forretress|Body Press|p1a: Sylveon\n|-resisted|p1a: Sylveon\n|-damage|p1a: Sylveon|67\/100\n|\n|-heal|p1a: Sylveon|73\/100|[from] item: Leftovers\n|-heal|p2a: Forretress|10\/100|[from] item: Leftovers\n|upkeep\n|turn|24\n|\n|t:|1700109772\n|move|p1a: Sylveon|Hyper Voice|p2a: Forretress\n|-resisted|p2a: Forretress\n|-damage|p2a: Forretress|0 fnt\n|faint|p2a: Forretress\n|\n|win|terrysalt\n|c|\u2606terrysalt|gg\n|c|\u2606Tyr Alexander|2-2 not a bad night\n|c|\u2606terrysalt|2-2 is respectable, I can accept that. :)\n|c|\u2606Tyr Alexander|hahah alright my friend same time tomorow\n|c|\u2606terrysalt|See you later. :)\n|c|\u2606Tyr Alexander|see ya\n","uploadtime":1700109816,"views":5,"p1id":"terrysalt","p2id":"tyralexander","formatid":"gen9nationaldex","rating":0,"private":0,"password":""}