{"id":"gen9nationaldex-1989316367","p1":"YiNai","p2":"Evinisafan","format":"[Gen 9] National Dex","log":"|j|\u2606YiNai\n|j|\u2606Evinisafan\n|t:|1699835530\n|gametype|singles\n|player|p1|YiNai|169|1453\n|player|p2|Evinisafan|pokemonranger-gen4|1376\n|teamsize|p1|6\n|teamsize|p2|6\n|gen|9\n|tier|[Gen 9] National Dex\n|rated|\n|rule|HP Percentage Mod: HP is shown in percentages\n|rule|Endless Battle Clause: Forcing endless battles is banned\n|rule|OHKO Clause: OHKO moves are banned\n|rule|Evasion Clause: Evasion abilities, items, and moves are banned\n|rule|Evasion Abilities Clause: Evasion abilities are banned\n|rule|Evasion Items Clause: Evasion items are banned\n|rule|Evasion Moves Clause: Evasion moves are banned\n|rule|Species Clause: Limit one of each Pok\u00e9mon\n|rule|Sleep Clause Mod: Limit one foe put to sleep\n|clearpoke\n|poke|p1|Zamazenta-*|\n|poke|p1|Slowbro, M|\n|poke|p1|Nidoking, M|\n|poke|p1|Bisharp, M|\n|poke|p1|Latias, F|\n|poke|p1|Aegislash, F|\n|poke|p2|Ferrothorn, M|\n|poke|p2|Aggron, F|\n|poke|p2|Great Tusk|\n|poke|p2|Greninja-*, M|\n|poke|p2|Mew|\n|poke|p2|Murkrow, F|\n|teampreview\n|inactive|Battle timer is ON: inactive players will automatically lose when time's up. (requested by Evinisafan)\n|\n|t:|1699835556\n|start\n|switch|p1a: Bisharp|Bisharp, M|100\/100\n|switch|p2a: Ferrothorn|Ferrothorn, M, shiny|100\/100\n|turn|1\n|\n|t:|1699835563\n|switch|p1a: Nidoking|Nidoking, M|100\/100\n|move|p2a: Ferrothorn|Leech Seed|p1a: Nidoking\n|-start|p1a: Nidoking|move: Leech Seed\n|\n|-damage|p1a: Nidoking|88\/100|[from] Leech Seed|[of] p2a: Ferrothorn\n|upkeep\n|turn|2\n|\n|t:|1699835565\n|move|p1a: Nidoking|Flamethrower|p2a: Ferrothorn\n|-supereffective|p2a: Ferrothorn\n|-enditem|p2a: Ferrothorn|Occa Berry|[eat]\n|-enditem|p2a: Ferrothorn|Occa Berry|[weaken]\n|-damage|p2a: Ferrothorn|37\/100\n|move|p2a: Ferrothorn|Stealth Rock|p1a: Nidoking\n|-sidestart|p1: YiNai|move: Stealth Rock\n|\n|-damage|p1a: Nidoking|76\/100|[from] Leech Seed|[of] p2a: Ferrothorn\n|-heal|p2a: Ferrothorn|49\/100|[silent]\n|upkeep\n|turn|3\n|\n|t:|1699835573\n|move|p1a: Nidoking|Earth Power|p2a: Ferrothorn\n|-damage|p2a: Ferrothorn|0 fnt\n|faint|p2a: Ferrothorn\n|\n|upkeep\n|\n|t:|1699835582\n|switch|p2a: Great Tusk|Great Tusk|100\/100\n|turn|4\n|\n|t:|1699835595\n|switch|p1a: Slowbro|Slowbro, M|100\/100\n|move|p2a: Great Tusk|Ice Spinner|p1a: Slowbro\n|-resisted|p1a: Slowbro\n|-damage|p1a: Slowbro|91\/100\n|\n|upkeep\n|turn|5\n|\n|t:|1699835598\n|-end|p2a: Great Tusk|Protosynthesis|[silent]\n|switch|p2a: Boosted?|Murkrow, F, shiny|100\/100\n|move|p1a: Slowbro|Teleport|p1a: Slowbro\n|\n|t:|1699835609\n|switch|p1a: Bisharp|Bisharp, M|100\/100|[from] Teleport\n|-damage|p1a: Bisharp|95\/100|[from] Stealth Rock\n|\n|upkeep\n|turn|6\n|\n|t:|1699835614\n|switch|p2a: Aggron|Aggron, F, shiny|100\/100\n|move|p1a: Bisharp|Iron Head|p2a: Aggron\n|-damage|p2a: Aggron|71\/100\n|\n|upkeep\n|turn|7\n|\n|t:|1699835622\n|switch|p1a: Slowbro|Slowbro, M|100\/100\n|move|p2a: Aggron|Heavy Slam|p1a: Slowbro\n|-resisted|p1a: Slowbro\n|-damage|p1a: Slowbro|90\/100\n|\n|upkeep\n|turn|8\n|\n|t:|1699835631\n|detailschange|p2a: Aggron|Aggron-Mega, F, shiny\n|-mega|p2a: Aggron|Aggron|Aggronite\n|move|p2a: Aggron|Iron Defense|p2a: Aggron\n|-boost|p2a: Aggron|def|2\n|move|p1a: Slowbro|Yawn|p2a: Aggron\n|-start|p2a: Aggron|move: Yawn|[of] p1a: Slowbro\n|\n|upkeep\n|turn|9\n|\n|t:|1699835636\n|switch|p2a: Mew|Mew|100\/100\n|move|p1a: Slowbro|Teleport|p1a: Slowbro\n|\n|t:|1699835638\n|switch|p1a: Bisharp|Bisharp, M|95\/100|[from] Teleport\n|-damage|p1a: Bisharp|89\/100|[from] Stealth Rock\n|\n|upkeep\n|turn|10\n|\n|t:|1699835641\n|move|p2a: Mew|Drain Punch|p1a: Bisharp\n|-supereffective|p1a: Bisharp\n|-damage|p1a: Bisharp|0 fnt\n|faint|p1a: Bisharp\n|\n|upkeep\n|\n|t:|1699835646\n|switch|p1a: Aegislash|Aegislash, F|100\/100\n|-damage|p1a: Aegislash|94\/100|[from] Stealth Rock\n|turn|11\n|\n|t:|1699835654\n|move|p2a: Mew|Dragon Dance|p2a: Mew\n|-boost|p2a: Mew|atk|1\n|-boost|p2a: Mew|spe|1\n|-formechange|p1a: Aegislash|Aegislash-Blade||[from] ability: Stance Change\n|move|p1a: Aegislash|Iron Head|p2a: Mew\n|-damage|p2a: Mew|50\/100\n|\n|-heal|p1a: Aegislash|100\/100|[from] item: Leftovers\n|upkeep\n|turn|12\n|\n|t:|1699835660\n|move|p1a: Aegislash|Shadow Sneak|p2a: Mew\n|-supereffective|p2a: Mew\n|-damage|p2a: Mew|2\/100\n|-enditem|p2a: Mew|Weakness Policy\n|-boost|p2a: Mew|atk|2|[from] item: Weakness Policy\n|-boost|p2a: Mew|spa|2|[from] item: Weakness Policy\n|move|p2a: Mew|Earthquake|p1a: Aegislash\n|-supereffective|p1a: Aegislash\n|-damage|p1a: Aegislash|0 fnt\n|faint|p1a: Aegislash\n|\n|upkeep\n|\n|t:|1699835666\n|switch|p1a: Latias|Latias, F|100\/100\n|-damage|p1a: Latias|88\/100|[from] Stealth Rock\n|turn|13\n|\n|t:|1699835672\n|detailschange|p1a: Latias|Latias-Mega, F\n|-mega|p1a: Latias|Latias|Latiasite\n|move|p2a: Mew|Psychic Fangs|p1a: Latias\n|-resisted|p1a: Latias\n|-damage|p1a: Latias|49\/100\n|move|p1a: Latias|Psyshock|p2a: Mew\n|-resisted|p2a: Mew\n|-damage|p2a: Mew|0 fnt\n|faint|p2a: Mew\n|\n|upkeep\n|\n|t:|1699835678\n|switch|p2a: Greninja|Greninja, M|100\/100\n|turn|14\n|\n|t:|1699835685\n|switch|p1a: Zamazenta|Zamazenta|100\/100\n|-damage|p1a: Zamazenta|94\/100|[from] Stealth Rock\n|-ability|p1a: Zamazenta|Dauntless Shield|boost\n|-boost|p1a: Zamazenta|def|1\n|move|p2a: Greninja|Ice Beam|p1a: Zamazenta\n|-damage|p1a: Zamazenta|59\/100\n|-damage|p2a: Greninja|91\/100|[from] item: Life Orb\n|\n|upkeep\n|turn|15\n|\n|t:|1699835690\n|switch|p2a: Boosted?|Murkrow, F, shiny|100\/100\n|move|p1a: Zamazenta|Close Combat|p2a: Boosted?\n|-enditem|p2a: Boosted?|Focus Sash\n|-damage|p2a: Boosted?|1\/100\n|-unboost|p1a: Zamazenta|def|1\n|-unboost|p1a: Zamazenta|spd|1\n|\n|upkeep\n|turn|16\n|\n|t:|1699835701\n|switch|p1a: Nidoking|Nidoking, M|76\/100\n|-damage|p1a: Nidoking|70\/100|[from] Stealth Rock\n|move|p2a: Boosted?|Tailwind|p2a: Boosted?\n|-sidestart|p2: Evinisafan|move: Tailwind\n|\n|upkeep\n|turn|17\n|\n|t:|1699835709\n|switch|p2a: Great Tusk|Great Tusk|100\/100\n|move|p1a: Nidoking|Ice Beam|p2a: Great Tusk\n|-supereffective|p2a: Great Tusk\n|-damage|p2a: Great Tusk|21\/100\n|\n|upkeep\n|turn|18\n|\n|t:|1699835713\n|switch|p1a: Slowbro|Slowbro, M|100\/100\n|move|p2a: Great Tusk|Headlong Rush|p1a: Slowbro\n|-crit|p1a: Slowbro\n|-damage|p1a: Slowbro|39\/100\n|-unboost|p2a: Great Tusk|def|1\n|-unboost|p2a: Great Tusk|spd|1\n|\n|upkeep\n|turn|19\n|\n|t:|1699835723\n|switch|p1a: Latias|Latias-Mega, F|49\/100\n|-damage|p1a: Latias|36\/100|[from] Stealth Rock\n|move|p2a: Great Tusk|Headlong Rush|p1a: Latias\n|-immune|p1a: Latias|[from] ability: Levitate\n|\n|-sideend|p2: Evinisafan|move: Tailwind\n|upkeep\n|turn|20\n|\n|t:|1699835731\n|move|p1a: Latias|Aura Sphere|p2a: Great Tusk\n|-damage|p2a: Great Tusk|0 fnt\n|faint|p2a: Great Tusk\n|-end|p2a: Great Tusk|Protosynthesis|[silent]\n|\n|upkeep\n|\n|t:|1699835734\n|switch|p2a: Greninja|Greninja, M|91\/100\n|turn|21\n|\n|t:|1699835742\n|switch|p1a: Zamazenta|Zamazenta|59\/100\n|-damage|p1a: Zamazenta|53\/100|[from] Stealth Rock\n|move|p2a: Greninja|Extrasensory|p1a: Zamazenta\n|-supereffective|p1a: Zamazenta\n|-damage|p1a: Zamazenta|0 fnt\n|faint|p1a: Zamazenta\n|-ability|p2a: Greninja|Battle Bond|boost\n|-boost|p2a: Greninja|atk|1\n|-boost|p2a: Greninja|spa|1\n|-boost|p2a: Greninja|spe|1\n|-activate|p2a: Greninja|ability: Battle Bond\n|-damage|p2a: Greninja|81\/100|[from] item: Life Orb\n|\n|upkeep\n|\n|t:|1699835746\n|switch|p1a: Slowbro|Slowbro, M|72\/100\n|turn|22\n|\n|t:|1699835750\n|-terastallize|p2a: Greninja|Grass\n|-terastallize|p1a: Slowbro|Dragon\n|move|p2a: Greninja|Tera Blast|p1a: Slowbro|[anim] Tera Blast Grass\n|-resisted|p1a: Slowbro\n|-damage|p1a: Slowbro|38\/100\n|-damage|p2a: Greninja|71\/100|[from] item: Life Orb\n|move|p1a: Slowbro|Yawn|p2a: Greninja\n|-start|p2a: Greninja|move: Yawn|[of] p1a: Slowbro\n|\n|upkeep\n|turn|23\n|\n|t:|1699835756\n|switch|p1a: Nidoking|Nidoking, M|70\/100\n|-damage|p1a: Nidoking|64\/100|[from] Stealth Rock\n|move|p2a: Greninja|Ice Beam|p1a: Nidoking\n|-supereffective|p1a: Nidoking\n|-damage|p1a: Nidoking|0 fnt\n|faint|p1a: Nidoking\n|-damage|p2a: Greninja|61\/100|[from] item: Life Orb\n|\n|-end|p2a: Greninja|move: Yawn|[silent]\n|-status|p2a: Greninja|slp\n|upkeep\n|\n|t:|1699835761\n|switch|p1a: Latias|Latias-Mega, F|36\/100\n|-damage|p1a: Latias|24\/100|[from] Stealth Rock\n|turn|24\n|\n|t:|1699835763\n|cant|p2a: Greninja|slp\n|move|p1a: Latias|Roost|p1a: Latias\n|-heal|p1a: Latias|74\/100\n|-singleturn|p1a: Latias|move: Roost\n|\n|upkeep\n|turn|25\n|\n|t:|1699835770\n|cant|p2a: Greninja|slp\n|move|p1a: Latias|Calm Mind|p1a: Latias\n|-boost|p1a: Latias|spa|1\n|-boost|p1a: Latias|spd|1\n|\n|upkeep\n|turn|26\n|\n|t:|1699835775\n|-curestatus|p2a: Greninja|slp|[msg]\n|move|p2a: Greninja|Ice Beam|p1a: Latias\n|-supereffective|p1a: Latias\n|-damage|p1a: Latias|29\/100\n|-damage|p2a: Greninja|51\/100|[from] item: Life Orb\n|move|p1a: Latias|Roost|p1a: Latias\n|-heal|p1a: Latias|79\/100\n|-singleturn|p1a: Latias|move: Roost\n|\n|upkeep\n|turn|27\n|\n|t:|1699835778\n|move|p2a: Greninja|Ice Beam|p1a: Latias\n|-supereffective|p1a: Latias\n|-damage|p1a: Latias|32\/100\n|-damage|p2a: Greninja|42\/100|[from] item: Life Orb\n|move|p1a: Latias|Calm Mind|p1a: Latias\n|-boost|p1a: Latias|spa|1\n|-boost|p1a: Latias|spd|1\n|\n|upkeep\n|turn|28\n|\n|t:|1699835781\n|move|p2a: Greninja|Ice Beam|p1a: Latias\n|-supereffective|p1a: Latias\n|-damage|p1a: Latias|0 fnt\n|faint|p1a: Latias\n|-damage|p2a: Greninja|32\/100|[from] item: Life Orb\n|\n|upkeep\n|-message|YiNai forfeited.\n|\n|win|Evinisafan\n|raw|YiNai's rating: 1453 &rarr; <strong>1429<\/strong><br \/>(-24 for losing)\n|raw|Evinisafan's rating: 1376 &rarr; <strong>1400<\/strong><br \/>(+24 for winning)\n|c|\u2606Evinisafan|Why\n|l|\u2606YiNai\n","uploadtime":1699835818,"views":4,"p1id":"yinai","p2id":"evinisafan","formatid":"gen9nationaldex","rating":1400,"private":0,"password":""}