{"id":"gen9nationaldex-1987926508","p1":"ReptileMedias","p2":"Slitherwing245","format":"[Gen 9] National Dex","log":"|j|\u2606ReptileMedias\n|j|\u2606Slitherwing245\n|t:|1699649875\n|gametype|singles\n|player|p1|ReptileMedias|may-gen3rs|1199\n|player|p2|Slitherwing245|acetrainersnow|1217\n|teamsize|p1|6\n|teamsize|p2|6\n|gen|9\n|tier|[Gen 9] National Dex\n|rated|\n|rule|HP Percentage Mod: HP is shown in percentages\n|rule|Endless Battle Clause: Forcing endless battles is banned\n|rule|OHKO Clause: OHKO moves are banned\n|rule|Evasion Clause: Evasion abilities, items, and moves are banned\n|rule|Evasion Abilities Clause: Evasion abilities are banned\n|rule|Evasion Items Clause: Evasion items are banned\n|rule|Evasion Moves Clause: Evasion moves are banned\n|rule|Species Clause: Limit one of each Pok\u00e9mon\n|rule|Sleep Clause Mod: Limit one foe put to sleep\n|clearpoke\n|poke|p1|Scizor, M|\n|poke|p1|Venusaur, M|\n|poke|p1|Arcanine, M|\n|poke|p1|Crawdaunt, M|\n|poke|p1|Jolteon, M|\n|poke|p1|Crobat, M|\n|poke|p2|Banette, M|\n|poke|p2|Gliscor, M|\n|poke|p2|Skeledirge, M|\n|poke|p2|Alomomola, F|\n|poke|p2|Ferrothorn, M|\n|poke|p2|Thundurus-Therian, M|\n|teampreview\n|inactive|Battle timer is ON: inactive players will automatically lose when time's up. (requested by Slitherwing245)\n|inactive|ReptileMedias has 120 seconds left.\n|inactive|ReptileMedias has 90 seconds left.\n|\n|t:|1699649958\n|start\n|switch|p1a: Lobstarno|Crawdaunt, M|100\/100\n|switch|p2a: Banette|Banette, M|100\/100\n|-item|p1a: Lobstarno|Choice Band|[from] ability: Frisk|[of] p2a: Banette|[identify]\n|turn|1\n|\n|t:|1699649964\n|switch|p2a: Ferrothorn|Ferrothorn, M|100\/100\n|move|p1a: Lobstarno|Knock Off|p2a: Ferrothorn\n|-damage|p2a: Ferrothorn|15\/100\n|-damage|p1a: Lobstarno|88\/100|[from] ability: Iron Barbs|[of] p2a: Ferrothorn\n|-enditem|p2a: Ferrothorn|Leftovers|[from] move: Knock Off|[of] p1a: Lobstarno\n|\n|upkeep\n|turn|2\n|\n|t:|1699649973\n|move|p1a: Lobstarno|Knock Off|p2a: Ferrothorn\n|-damage|p2a: Ferrothorn|0 fnt\n|-damage|p1a: Lobstarno|76\/100|[from] ability: Iron Barbs|[of] p2a: Ferrothorn\n|faint|p2a: Ferrothorn\n|\n|upkeep\n|\n|t:|1699649976\n|switch|p2a: Thundurus|Thundurus-Therian, M|100\/100\n|turn|3\n|\n|t:|1699649983\n|switch|p1a: Sharp David|Jolteon, M|100\/100\n|move|p2a: Thundurus|Nasty Plot|p2a: Thundurus\n|-boost|p2a: Thundurus|spa|2\n|\n|upkeep\n|turn|4\n|\n|t:|1699649995\n|move|p1a: Sharp David|Hyper Voice|p2a: Thundurus\n|-damage|p2a: Thundurus|34\/100\n|move|p2a: Thundurus|Hidden Power|p1a: Sharp David\n|-damage|p1a: Sharp David|39\/100\n|\n|upkeep\n|turn|5\n|\n|t:|1699650000\n|switch|p2a: Banette|Banette, M|100\/100\n|-item|p1a: Sharp David|Choice Specs|[from] ability: Frisk|[of] p2a: Banette|[identify]\n|move|p1a: Sharp David|Hyper Voice|p2a: Banette\n|-immune|p2a: Banette\n|\n|upkeep\n|turn|6\n|\n|t:|1699650006\n|switch|p1a: Lobstarno|Crawdaunt, M|76\/100\n|detailschange|p2a: Banette|Banette-Mega, M\n|-mega|p2a: Banette|Banette|Banettite\n|move|p2a: Banette|Poltergeist|p1a: Lobstarno\n|-activate|p1a: Lobstarno|move: Poltergeist|Choice Band\n|-resisted|p1a: Lobstarno\n|-damage|p1a: Lobstarno|22\/100\n|\n|upkeep\n|turn|7\n|\n|t:|1699650016\n|move|p1a: Lobstarno|Aqua Jet|p2a: Banette\n|-damage|p2a: Banette|43\/100\n|move|p2a: Banette|Destiny Bond|p2a: Banette\n|-singlemove|p2a: Banette|Destiny Bond\n|\n|upkeep\n|turn|8\n|\n|t:|1699650028\n|switch|p1a: Bullet Ant|Scizor, M|100\/100\n|move|p2a: Banette|Poltergeist|p1a: Bullet Ant\n|-activate|p1a: Bullet Ant|move: Poltergeist|Rocky Helmet\n|-damage|p1a: Bullet Ant|44\/100\n|\n|upkeep\n|turn|9\n|\n|t:|1699650039\n|move|p2a: Banette|Destiny Bond|p2a: Banette\n|-singlemove|p2a: Banette|Destiny Bond\n|move|p1a: Bullet Ant|Bullet Punch|p2a: Banette\n|-damage|p2a: Banette|4\/100\n|\n|upkeep\n|turn|10\n|\n|t:|1699650046\n|switch|p2a: Gliscor|Gliscor, M|100\/100\n|move|p1a: Bullet Ant|Bullet Punch|p2a: Gliscor\n|-damage|p2a: Gliscor|74\/100\n|\n|-status|p2a: Gliscor|tox|[from] item: Toxic Orb\n|upkeep\n|turn|11\n|\n|t:|1699650051\n|move|p2a: Gliscor|Earthquake|p1a: Bullet Ant\n|-damage|p1a: Bullet Ant|10\/100\n|move|p1a: Bullet Ant|Swords Dance|p1a: Bullet Ant\n|-boost|p1a: Bullet Ant|atk|2\n|\n|-heal|p2a: Gliscor|87\/100 tox|[from] ability: Poison Heal\n|upkeep\n|turn|12\n|\n|t:|1699650058\n|move|p1a: Bullet Ant|Bullet Punch|p2a: Gliscor\n|-damage|p2a: Gliscor|35\/100 tox\n|move|p2a: Gliscor|Knock Off|p1a: Bullet Ant\n|-damage|p1a: Bullet Ant|0 fnt\n|-damage|p2a: Gliscor|19\/100 tox|[from] item: Rocky Helmet|[of] p1a: Bullet Ant\n|-enditem|p1a: Bullet Ant|Rocky Helmet|[from] move: Knock Off|[of] p2a: Gliscor\n|faint|p1a: Bullet Ant\n|\n|-heal|p2a: Gliscor|31\/100 tox|[from] ability: Poison Heal\n|upkeep\n|\n|t:|1699650086\n|switch|p1a: Lobstarno|Crawdaunt, M|22\/100\n|turn|13\n|\n|t:|1699650092\n|switch|p2a: Alomomola|Alomomola, F|100\/100\n|move|p1a: Lobstarno|Aqua Jet|p2a: Alomomola\n|-resisted|p2a: Alomomola\n|-damage|p2a: Alomomola|88\/100\n|\n|upkeep\n|turn|14\n|\n|t:|1699650098\n|switch|p1a: Penusaur|Venusaur, M|100\/100\n|move|p2a: Alomomola|Wish|p2a: Alomomola\n|\n|upkeep\n|turn|15\n|\n|t:|1699650103\n|switch|p2a: Thundurus|Thundurus-Therian, M|34\/100\n|detailschange|p1a: Penusaur|Venusaur-Mega, M\n|-mega|p1a: Penusaur|Venusaur|Venusaurite\n|move|p1a: Penusaur|Leech Seed|p2a: Thundurus|[miss]\n|-miss|p1a: Penusaur|p2a: Thundurus\n|\n|-heal|p2a: Thundurus|100\/100|[from] move: Wish|[wisher] Alomomola\n|upkeep\n|turn|16\n|\n|t:|1699650114\n|switch|p2a: Skeledirge|Skeledirge, M|100\/100\n|move|p1a: Penusaur|Sludge Bomb|p2a: Skeledirge\n|-resisted|p2a: Skeledirge\n|-damage|p2a: Skeledirge|87\/100\n|\n|upkeep\n|turn|17\n|\n|t:|1699650131\n|switch|p1a: Adult|Arcanine, M|100\/100\n|move|p2a: Skeledirge|Torch Song|p1a: Adult\n|-start|p1a: Adult|ability: Flash Fire\n|\n|upkeep\n|turn|18\n|\n|t:|1699650140\n|switch|p2a: Alomomola|Alomomola, F|100\/100\n|move|p1a: Adult|Bulldoze|p2a: Alomomola\n|-damage|p2a: Alomomola|91\/100\n|-unboost|p2a: Alomomola|spe|1\n|\n|upkeep\n|turn|19\n|\n|t:|1699650143\n|-end|p1a: Adult|ability: Flash Fire|[silent]\n|switch|p1a: Penusaur|Venusaur-Mega, M|100\/100\n|move|p2a: Alomomola|Wish|p2a: Alomomola\n|\n|upkeep\n|turn|20\n|\n|t:|1699650149\n|switch|p2a: Gliscor|Gliscor, M|31\/100 tox\n|move|p1a: Penusaur|Leech Seed|p2a: Gliscor\n|-start|p2a: Gliscor|move: Leech Seed\n|\n|-heal|p2a: Gliscor|100\/100 tox|[from] move: Wish|[wisher] Alomomola\n|-damage|p2a: Gliscor|88\/100 tox|[from] Leech Seed|[of] p1a: Penusaur\n|-heal|p2a: Gliscor|100\/100 tox|[from] ability: Poison Heal\n|upkeep\n|turn|21\n|\n|t:|1699650155\n|switch|p2a: Skeledirge|Skeledirge, M|87\/100\n|move|p1a: Penusaur|Giga Drain|p2a: Skeledirge\n|-resisted|p2a: Skeledirge\n|-damage|p2a: Skeledirge|77\/100\n|\n|upkeep\n|turn|22\n|\n|t:|1699650161\n|switch|p1a: Lobstarno|Crawdaunt, M|22\/100\n|move|p2a: Skeledirge|Shadow Ball|p1a: Lobstarno\n|-resisted|p1a: Lobstarno\n|-damage|p1a: Lobstarno|0 fnt\n|faint|p1a: Lobstarno\n|\n|upkeep\n|\n|t:|1699650172\n|switch|p1a: Sharp David|Jolteon, M|39\/100\n|turn|23\n|\n|t:|1699650182\n|move|p1a: Sharp David|Shadow Ball|p2a: Skeledirge\n|-supereffective|p2a: Skeledirge\n|-damage|p2a: Skeledirge|17\/100\n|-unboost|p2a: Skeledirge|spd|1\n|move|p2a: Skeledirge|Torch Song|p1a: Sharp David\n|-damage|p1a: Sharp David|3\/100\n|-boost|p2a: Skeledirge|spa|1\n|\n|upkeep\n|turn|24\n|\n|t:|1699650197\n|move|p1a: Sharp David|Shadow Ball|p2a: Skeledirge\n|-supereffective|p2a: Skeledirge\n|-damage|p2a: Skeledirge|0 fnt\n|faint|p2a: Skeledirge\n|\n|upkeep\n|\n|t:|1699650199\n|switch|p2a: Alomomola|Alomomola, F|100\/100\n|turn|25\n|\n|t:|1699650207\n|switch|p1a: Penusaur|Venusaur-Mega, M|100\/100\n|move|p2a: Alomomola|Flip Turn|p1a: Penusaur\n|-resisted|p1a: Penusaur\n|-damage|p1a: Penusaur|95\/100\n|\n|t:|1699650213\n|switch|p2a: Banette|Banette-Mega, M|4\/100|[from] Flip Turn\n|\n|upkeep\n|turn|26\n|\n|t:|1699650222\n|switch|p1a: COw bat (lol)|Crobat, M|100\/100\n|move|p2a: Banette|Poltergeist|p1a: COw bat (lol)|[miss]\n|-miss|p2a: Banette|p1a: COw bat (lol)\n|\n|upkeep\n|turn|27\n|\n|t:|1699650230\n|switch|p2a: Gliscor|Gliscor, M|100\/100 tox\n|move|p1a: COw bat (lol)|Air Slash|p2a: Gliscor\n|-damage|p2a: Gliscor|59\/100 tox\n|\n|-heal|p2a: Gliscor|71\/100 tox|[from] ability: Poison Heal\n|upkeep\n|turn|28\n|\n|t:|1699650235\n|move|p1a: COw bat (lol)|Taunt|p2a: Gliscor\n|-start|p2a: Gliscor|move: Taunt\n|move|p2a: Gliscor|Facade|p1a: COw bat (lol)\n|-damage|p1a: COw bat (lol)|49\/100\n|\n|-heal|p2a: Gliscor|84\/100 tox|[from] ability: Poison Heal\n|upkeep\n|turn|29\n|\n|t:|1699650248\n|move|p1a: COw bat (lol)|Air Slash|p2a: Gliscor\n|-damage|p2a: Gliscor|40\/100 tox\n|move|p2a: Gliscor|Facade|p1a: COw bat (lol)\n|-damage|p1a: COw bat (lol)|0 fnt\n|faint|p1a: COw bat (lol)\n|\n|-heal|p2a: Gliscor|53\/100 tox|[from] ability: Poison Heal\n|upkeep\n|\n|t:|1699650256\n|switch|p1a: Sharp David|Jolteon, M|3\/100\n|turn|30\n|\n|t:|1699650262\n|switch|p2a: Alomomola|Alomomola, F|100\/100\n|move|p1a: Sharp David|Hidden Power|p2a: Alomomola\n|-resisted|p2a: Alomomola\n|-damage|p2a: Alomomola|81\/100\n|\n|upkeep\n|turn|31\n|\n|t:|1699650267\n|switch|p1a: Penusaur|Venusaur-Mega, M|95\/100\n|move|p2a: Alomomola|Protect||[still]\n|-fail|p2a: Alomomola\n|\n|upkeep\n|turn|32\n|\n|t:|1699650275\n|switch|p2a: Gliscor|Gliscor, M|53\/100 tox\n|move|p1a: Penusaur|Sludge Bomb|p2a: Gliscor\n|-resisted|p2a: Gliscor\n|-damage|p2a: Gliscor|27\/100 tox\n|\n|-heal|p2a: Gliscor|39\/100 tox|[from] ability: Poison Heal\n|upkeep\n|turn|33\n|\n|t:|1699650284\n|switch|p2a: Thundurus|Thundurus-Therian, M|100\/100\n|move|p1a: Penusaur|Giga Drain|p2a: Thundurus\n|-resisted|p2a: Thundurus\n|-damage|p2a: Thundurus|80\/100\n|-heal|p1a: Penusaur|100\/100|[from] drain|[of] p2a: Thundurus\n|\n|upkeep\n|turn|34\n|\n|t:|1699650290\n|switch|p1a: Sharp David|Jolteon, M|3\/100\n|move|p2a: Thundurus|Hidden Power|p1a: Sharp David\n|-damage|p1a: Sharp David|0 fnt\n|faint|p1a: Sharp David\n|\n|upkeep\n|\n|t:|1699650298\n|switch|p1a: Adult|Arcanine, M|100\/100\n|turn|35\n|\n|t:|1699650303\n|-terastallize|p1a: Adult|Fire\n|move|p2a: Thundurus|Nasty Plot|p2a: Thundurus\n|-boost|p2a: Thundurus|spa|2\n|move|p1a: Adult|Flare Blitz|p2a: Thundurus\n|-damage|p2a: Thundurus|0 fnt\n|faint|p2a: Thundurus\n|-damage|p1a: Adult|76\/100|[from] Recoil\n|\n|-heal|p1a: Adult|82\/100|[from] item: Leftovers\n|upkeep\n|\n|t:|1699650306\n|switch|p2a: Alomomola|Alomomola, F|100\/100\n|turn|36\n|\n|t:|1699650310\n|switch|p1a: Penusaur|Venusaur-Mega, M|100\/100\n|move|p2a: Alomomola|Wish|p2a: Alomomola\n|\n|upkeep\n|turn|37\n|\n|t:|1699650317\n|switch|p2a: Gliscor|Gliscor, M|39\/100 tox\n|move|p1a: Penusaur|Giga Drain|p2a: Gliscor\n|-damage|p2a: Gliscor|0 fnt\n|faint|p2a: Gliscor\n|\n|upkeep\n|\n|t:|1699650325\n|switch|p2a: Alomomola|Alomomola, F|100\/100\n|turn|38\n|\n|t:|1699650330\n|move|p1a: Penusaur|Giga Drain|p2a: Alomomola\n|-supereffective|p2a: Alomomola\n|-damage|p2a: Alomomola|26\/100\n|move|p2a: Alomomola|Scald|p1a: Penusaur\n|-resisted|p1a: Penusaur\n|-damage|p1a: Penusaur|96\/100\n|\n|upkeep\n|turn|39\n|\n|t:|1699650334\n|move|p1a: Penusaur|Giga Drain|p2a: Alomomola\n|-supereffective|p2a: Alomomola\n|-damage|p2a: Alomomola|0 fnt\n|-heal|p1a: Penusaur|100\/100|[from] drain|[of] p2a: Alomomola\n|faint|p2a: Alomomola\n|\n|upkeep\n|\n|t:|1699650335\n|switch|p2a: Banette|Banette-Mega, M|4\/100\n|turn|40\n|\n|t:|1699650337\n|move|p1a: Penusaur|Giga Drain|p2a: Banette\n|-damage|p2a: Banette|0 fnt\n|faint|p2a: Banette\n|\n|win|ReptileMedias\n|raw|ReptileMedias's rating: 1199 &rarr; <strong>1225<\/strong><br \/>(+26 for winning)\n|raw|Slitherwing245's rating: 1217 &rarr; <strong>1191<\/strong><br \/>(-26 for losing)\n","uploadtime":1699650340,"views":4,"p1id":"reptilemedias","p2id":"slitherwing245","formatid":"gen9nationaldex","rating":1191,"private":0,"password":""}