{"id":"gen9nationaldex-1988785730","p1":"Sirrawrzy","p2":"jiangzhi","format":"[Gen 9] National Dex","log":"|j|\u2606Sirrawrzy\n|j|\u2606jiangzhi\n|t:|1699762914\n|gametype|singles\n|player|p1|Sirrawrzy|emmet|1511\n|player|p2|jiangzhi|170|1463\n|teamsize|p1|6\n|teamsize|p2|6\n|gen|9\n|tier|[Gen 9] National Dex\n|rated|\n|rule|HP Percentage Mod: HP is shown in percentages\n|rule|Endless Battle Clause: Forcing endless battles is banned\n|rule|OHKO Clause: OHKO moves are banned\n|rule|Evasion Clause: Evasion abilities, items, and moves are banned\n|rule|Evasion Abilities Clause: Evasion abilities are banned\n|rule|Evasion Items Clause: Evasion items are banned\n|rule|Evasion Moves Clause: Evasion moves are banned\n|rule|Species Clause: Limit one of each Pok\u00e9mon\n|rule|Sleep Clause Mod: Limit one foe put to sleep\n|clearpoke\n|poke|p1|Ninetales, M|\n|poke|p1|Venusaur, M|\n|poke|p1|Jolteon, M|\n|poke|p1|Blastoise, F|\n|poke|p1|Rhydon, F|\n|poke|p1|Dragonite, F|\n|poke|p2|Mew|\n|poke|p2|Flamigo, F|\n|poke|p2|Enamorus, F|\n|poke|p2|Slowking, F|\n|poke|p2|Alomomola, M|\n|poke|p2|Diancie|\n|teampreview\n|\n|t:|1699762933\n|start\n|switch|p1a: Rhydon|Rhydon, F, shiny|100\/100\n|switch|p2a: Mew|Mew|100\/100\n|turn|1\n|\n|t:|1699762941\n|move|p2a: Mew|Leaf Storm|p1a: Rhydon|[miss]\n|-miss|p2a: Mew|p1a: Rhydon\n|move|p1a: Rhydon|Earthquake|p2a: Mew\n|-damage|p2a: Mew|56\/100\n|\n|upkeep\n|turn|2\n|c|\u2606Sirrawrzy|O-O\n|\n|t:|1699762964\n|switch|p1a: Jolteon|Jolteon, M, shiny|100\/100\n|move|p2a: Mew|Stealth Rock|p1a: Jolteon\n|-sidestart|p1: Sirrawrzy|move: Stealth Rock\n|\n|-status|p1a: Jolteon|brn|[from] item: Flame Orb\n|upkeep\n|turn|3\n|\n|t:|1699762973\n|move|p1a: Jolteon|Copycat|p1a: Jolteon\n|move|p1a: Jolteon|Stealth Rock|p2a: Mew|[from]move: Copycat\n|-sidestart|p2: jiangzhi|move: Stealth Rock\n|move|p2a: Mew|Overheat|p1a: Jolteon\n|-damage|p1a: Jolteon|49\/100 brn\n|-unboost|p2a: Mew|spa|2\n|-enditem|p2a: Mew|Eject Pack\n|\n|t:|1699762983\n|switch|p2a: Flamigo|Flamigo, F|100\/100\n|-damage|p2a: Flamigo|88\/100|[from] Stealth Rock\n|\n|-damage|p1a: Jolteon|42\/100 brn|[from] brn\n|upkeep\n|turn|4\n|\n|t:|1699762990\n|move|p1a: Jolteon|Volt Switch|p2a: Flamigo\n|-supereffective|p2a: Flamigo\n|-damage|p2a: Flamigo|0 fnt\n|faint|p2a: Flamigo\n|\n|t:|1699762995\n|switch|p1a: Blastoise|Blastoise, F, shiny|100\/100|[from] Volt Switch\n|-damage|p1a: Blastoise|88\/100|[from] Stealth Rock\n|\n|upkeep\n|\n|t:|1699763002\n|switch|p2a: Enamorus|Enamorus, F|100\/100\n|turn|5\n|\n|t:|1699763005\n|move|p2a: Enamorus|Grass Knot|p1a: Blastoise\n|-supereffective|p1a: Blastoise\n|-damage|p1a: Blastoise|53\/100\n|move|p1a: Blastoise|Rapid Spin|p2a: Enamorus\n|-damage|p2a: Enamorus|85\/100\n|-boost|p1a: Blastoise|spe|1\n|-sideend|p1: Sirrawrzy|Stealth Rock|[from] move: Rapid Spin|[of] p1a: Blastoise\n|\n|upkeep\n|turn|6\n|\n|t:|1699763018\n|move|p2a: Enamorus|Moonblast|p1a: Blastoise\n|-damage|p1a: Blastoise|21\/100\n|move|p1a: Blastoise|Flip Turn|p2a: Enamorus\n|-damage|p2a: Enamorus|58\/100\n|\n|t:|1699763021\n|switch|p1a: Jolteon|Jolteon, M, shiny|42\/100 brn|[from] Flip Turn\n|\n|-damage|p1a: Jolteon|36\/100 brn|[from] brn\n|upkeep\n|turn|7\n|\n|t:|1699763025\n|-terastallize|p2a: Enamorus|Ground\n|move|p1a: Jolteon|Volt Switch|p2a: Enamorus\n|-immune|p2a: Enamorus\n|move|p2a: Enamorus|Earth Power|p1a: Jolteon\n|-supereffective|p1a: Jolteon\n|-damage|p1a: Jolteon|0 fnt\n|faint|p1a: Jolteon\n|\n|upkeep\n|\n|t:|1699763041\n|switch|p1a: Ninetales|Ninetales, M, shiny|100\/100\n|-weather|SunnyDay|[from] ability: Drought|[of] p1a: Ninetales\n|turn|8\n|\n|t:|1699763044\n|switch|p1a: Venusaur|Venusaur, M, shiny|100\/100\n|move|p2a: Enamorus|Earth Power|p1a: Venusaur\n|-damage|p1a: Venusaur|46\/100\n|\n|-weather|SunnyDay|[upkeep]\n|upkeep\n|turn|9\n|\n|t:|1699763052\n|move|p1a: Venusaur|Giga Drain|p2a: Enamorus\n|-supereffective|p2a: Enamorus\n|-damage|p2a: Enamorus|0 fnt\n|-heal|p1a: Venusaur|73\/100|[from] drain|[of] p2a: Enamorus\n|faint|p2a: Enamorus\n|-damage|p1a: Venusaur|63\/100|[from] item: Life Orb\n|\n|-weather|SunnyDay|[upkeep]\n|upkeep\n|\n|t:|1699763056\n|switch|p2a: Slowking|Slowking, F|100\/100\n|turn|10\n|\n|t:|1699763060\n|-terastallize|p1a: Venusaur|Fire\n|move|p1a: Venusaur|Giga Drain|p2a: Slowking\n|-supereffective|p2a: Slowking\n|-damage|p2a: Slowking|47\/100\n|-heal|p1a: Venusaur|98\/100|[from] drain|[of] p2a: Slowking\n|-damage|p1a: Venusaur|88\/100|[from] item: Life Orb\n|move|p2a: Slowking|Thunder Wave|p1a: Venusaur\n|-status|p1a: Venusaur|par\n|\n|-weather|SunnyDay|[upkeep]\n|upkeep\n|turn|11\n|\n|t:|1699763071\n|move|p1a: Venusaur|Giga Drain|p2a: Slowking\n|-supereffective|p2a: Slowking\n|-damage|p2a: Slowking|0 fnt\n|-heal|p1a: Venusaur|100\/100 par|[from] drain|[of] p2a: Slowking\n|faint|p2a: Slowking\n|-damage|p1a: Venusaur|91\/100 par|[from] item: Life Orb\n|\n|-weather|SunnyDay|[upkeep]\n|upkeep\n|\n|t:|1699763079\n|switch|p2a: Diancie|Diancie|100\/100\n|-damage|p2a: Diancie|88\/100|[from] Stealth Rock\n|turn|12\n|\n|t:|1699763086\n|switch|p1a: Blastoise|Blastoise, F, shiny|21\/100\n|detailschange|p2a: Diancie|Diancie-Mega\n|-mega|p2a: Diancie|Diancie|Diancite\n|move|p2a: Diancie|Diamond Storm|p1a: Blastoise\n|-damage|p1a: Blastoise|0 fnt\n|-boost|p2a: Diancie|def|2\n|faint|p1a: Blastoise\n|\n|-weather|none\n|upkeep\n|\n|t:|1699763095\n|switch|p1a: Ninetales|Ninetales, M, shiny|100\/100\n|-weather|SunnyDay|[from] ability: Drought|[of] p1a: Ninetales\n|turn|13\n|\n|t:|1699763099\n|move|p1a: Ninetales|Healing Wish|p1a: Ninetales\n|faint|p1a: Ninetales\n|move|p2a: Diancie|Diamond Storm|p1: Ninetales|[notarget]\n|-fail|p2a: Diancie\n|\n|-weather|SunnyDay|[upkeep]\n|upkeep\n|\n|t:|1699763104\n|switch|p1a: Venusaur|Venusaur, M, shiny, tera:Fire|91\/100 par\n|-heal|p1a: Venusaur|100\/100|[from] move: Healing Wish\n|turn|14\n|\n|t:|1699763108\n|move|p1a: Venusaur|Giga Drain|p2a: Diancie\n|-supereffective|p2a: Diancie\n|-damage|p2a: Diancie|0 fnt\n|faint|p2a: Diancie\n|-damage|p1a: Venusaur|91\/100|[from] item: Life Orb\n|\n|-weather|SunnyDay|[upkeep]\n|upkeep\n|\n|t:|1699763111\n|switch|p2a: Mew|Mew|56\/100\n|-damage|p2a: Mew|43\/100|[from] Stealth Rock\n|turn|15\n|\n|t:|1699763117\n|move|p1a: Venusaur|Weather Ball|p2a: Mew\n|-damage|p2a: Mew|0 fnt\n|faint|p2a: Mew\n|-damage|p1a: Venusaur|81\/100|[from] item: Life Orb\n|\n|-weather|SunnyDay|[upkeep]\n|upkeep\n|\n|t:|1699763120\n|switch|p2a: Alomomola|Alomomola, M|100\/100\n|-damage|p2a: Alomomola|88\/100|[from] Stealth Rock\n|turn|16\n|\n|t:|1699763126\n|move|p1a: Venusaur|Giga Drain|p2a: Alomomola\n|-supereffective|p2a: Alomomola\n|-damage|p2a: Alomomola|2\/100\n|-heal|p1a: Venusaur|100\/100|[from] drain|[of] p2a: Alomomola\n|-damage|p1a: Venusaur|91\/100|[from] item: Life Orb\n|move|p2a: Alomomola|Flip Turn|p1a: Venusaur\n|-supereffective|p1a: Venusaur\n|-damage|p1a: Venusaur|69\/100\n|\n|-weather|SunnyDay|[upkeep]\n|upkeep\n|turn|17\n|\n|t:|1699763130\n|move|p1a: Venusaur|Giga Drain|p2a: Alomomola\n|-supereffective|p2a: Alomomola\n|-damage|p2a: Alomomola|0 fnt\n|-heal|p1a: Venusaur|70\/100|[from] drain|[of] p2a: Alomomola\n|faint|p2a: Alomomola\n|-damage|p1a: Venusaur|60\/100|[from] item: Life Orb\n|\n|win|Sirrawrzy\n|raw|Sirrawrzy's rating: 1511 &rarr; <strong>1528<\/strong><br \/>(+17 for winning)\n|raw|jiangzhi's rating: 1463 &rarr; <strong>1446<\/strong><br \/>(-17 for losing)\n|c|\u2606Sirrawrzy|so many pink pokemon!\n|c|\u2606Sirrawrzy|Good game\n|c|\u2606Sirrawrzy|cool team\n","uploadtime":1699763153,"views":4,"p1id":"sirrawrzy","p2id":"jiangzhi","formatid":"gen9nationaldex","rating":1446,"private":0,"password":""}