{"id":"gen9nationaldex-1990624248","p1":"PSPRadii","p2":"Elite four lai","format":"[Gen 9] National Dex","log":"|j|\u2606PSPRadii\n|j|\u2606Elite four lai\n|t:|1699986640\n|gametype|singles\n|player|p1|PSPRadii|rancher|\n|player|p2|Elite four lai|lady|\n|teamsize|p1|6\n|teamsize|p2|6\n|gen|9\n|tier|[Gen 9] National Dex\n|rule|HP Percentage Mod: HP is shown in percentages\n|rule|Endless Battle Clause: Forcing endless battles is banned\n|rule|OHKO Clause: OHKO moves are banned\n|rule|Evasion Clause: Evasion abilities, items, and moves are banned\n|rule|Evasion Abilities Clause: Evasion abilities are banned\n|rule|Evasion Items Clause: Evasion items are banned\n|rule|Evasion Moves Clause: Evasion moves are banned\n|rule|Species Clause: Limit one of each Pok\u00e9mon\n|rule|Sleep Clause Mod: Limit one foe put to sleep\n|clearpoke\n|poke|p1|Iron Valiant|\n|poke|p1|Rotom-Frost|\n|poke|p1|Ariados, F|\n|poke|p1|Zoroark, M|\n|poke|p1|Vaporeon, F|\n|poke|p1|Bronzong|\n|poke|p2|Regidrago|\n|poke|p2|Vaporeon, F|\n|poke|p2|Wyrdeer, M|\n|poke|p2|Camerupt, M|\n|poke|p2|Arbok, M|\n|poke|p2|Dedenne, F|\n|teampreview\n|c|\u2606Elite four lai|Ulala Valiant\n|c|\u2606Elite four lai|Z ch\u0119ci\u0105 go ubij\u0119\n|\n|t:|1699986662\n|start\n|switch|p1a: Bronzong|Bronzong|100\/100\n|switch|p2a: Utah|Wyrdeer, M, shiny|100\/100\n|-ability|p2a: Utah|Intimidate|boost\n|-unboost|p1a: Bronzong|atk|1\n|turn|1\n|\n|t:|1699986669\n|move|p2a: Utah|Hypnosis|p1a: Bronzong|[miss]\n|-miss|p2a: Utah|p1a: Bronzong\n|move|p1a: Bronzong|Reflect|p1a: Bronzong\n|-sidestart|p1: PSPRadii|Reflect\n|\n|upkeep\n|turn|2\n|\n|t:|1699986672\n|move|p2a: Utah|Hypnosis|p1a: Bronzong\n|-status|p1a: Bronzong|slp|[from] move: Hypnosis\n|cant|p1a: Bronzong|slp\n|\n|upkeep\n|turn|3\n|\n|t:|1699986675\n|switch|p2a: Pensylvania|Arbok, M, shiny|100\/100\n|-ability|p2a: Pensylvania|Intimidate|boost\n|-unboost|p1a: Bronzong|atk|1\n|cant|p1a: Bronzong|slp\n|\n|upkeep\n|turn|4\n|\n|t:|1699986680\n|switch|p1a: Ariados|Ariados, F|100\/100\n|move|p2a: Pensylvania|Knock Off|p1a: Ariados\n|-damage|p1a: Ariados|79\/100\n|-enditem|p1a: Ariados|Focus Sash|[from] move: Knock Off|[of] p2a: Pensylvania\n|\n|upkeep\n|turn|5\n|\n|t:|1699986688\n|move|p2a: Pensylvania|Psychic Fangs|p1a: Ariados\n|-sideend|p1: PSPRadii|Reflect\n|-supereffective|p1a: Ariados\n|-damage|p1a: Ariados|0 fnt\n|faint|p1a: Ariados\n|\n|upkeep\n|c|\u2606Elite four lai|Pi\u0119knie\n|c|\u2606PSPRadii|nawet nie wiedzia\u0142em \u017ce tak sie da\n|\n|t:|1699986703\n|switch|p1a: Iron Valiant|Iron Valiant|100\/100\n|turn|6\n|c|\u2606Elite four lai|Psychic Fangs pi\u0119kny ruch\n|\n|t:|1699986710\n|move|p1a: Iron Valiant|Dark Pulse|p2a: Pensylvania\n|-damage|p2a: Pensylvania|46\/100\n|move|p2a: Pensylvania|Gunk Shot|p1a: Iron Valiant|[miss]\n|-miss|p2a: Pensylvania|p1a: Iron Valiant\n|\n|-heal|p2a: Pensylvania|53\/100|[from] item: Black Sludge\n|upkeep\n|turn|7\n|\n|t:|1699986719\n|switch|p2a: Mischigan|Dedenne, F, shiny|100\/100\n|move|p1a: Iron Valiant|Dark Pulse|p2a: Mischigan\n|-resisted|p2a: Mischigan\n|-damage|p2a: Mischigan|72\/100\n|\n|upkeep\n|turn|8\n|\n|t:|1699986724\n|move|p1a: Iron Valiant|Toxic|p2a: Mischigan\n|-status|p2a: Mischigan|tox\n|move|p2a: Mischigan|Substitute|p2a: Mischigan\n|-start|p2a: Mischigan|Substitute\n|-damage|p2a: Mischigan|47\/100 tox\n|\n|-damage|p2a: Mischigan|40\/100 tox|[from] psn\n|upkeep\n|turn|9\n|\n|t:|1699986729\n|move|p1a: Iron Valiant|Hex|p2a: Mischigan\n|-end|p2a: Mischigan|Substitute\n|move|p2a: Mischigan|Draining Kiss|p1a: Iron Valiant\n|-supereffective|p1a: Iron Valiant\n|-damage|p1a: Iron Valiant|37\/100\n|-heal|p2a: Mischigan|97\/100 tox|[from] drain|[of] p1a: Iron Valiant\n|replace|p1a: Zoroark|Zoroark, M\n|-end|p1a: Zoroark|Illusion\n|\n|-heal|p1a: Zoroark|43\/100|[from] item: Leftovers\n|-damage|p2a: Mischigan|84\/100 tox|[from] psn\n|upkeep\n|turn|10\n|\n|t:|1699986740\n|move|p1a: Zoroark|Protect|p1a: Zoroark\n|-singleturn|p1a: Zoroark|Protect\n|move|p2a: Mischigan|Draining Kiss|p1a: Zoroark\n|-activate|p1a: Zoroark|move: Protect\n|\n|-heal|p1a: Zoroark|49\/100|[from] item: Leftovers\n|-damage|p2a: Mischigan|66\/100 tox|[from] psn\n|upkeep\n|turn|11\n|\n|t:|1699986748\n|switch|p1a: Bronzong|Bronzong|100\/100 slp\n|move|p2a: Mischigan|Draining Kiss|p1a: Bronzong\n|-resisted|p1a: Bronzong\n|-damage|p1a: Bronzong|93\/100 slp\n|-heal|p2a: Mischigan|73\/100 tox|[from] drain|[of] p1a: Bronzong\n|\n|-damage|p2a: Mischigan|48\/100 tox|[from] psn\n|upkeep\n|turn|12\n|\n|t:|1699986753\n|switch|p2a: Alaska|Camerupt, M, shiny|100\/100\n|cant|p1a: Bronzong|slp\n|\n|upkeep\n|turn|13\n|\n|t:|1699986758\n|switch|p1a: Vaporeon|Vaporeon, F|100\/100\n|move|p2a: Alaska|Lava Plume|p1a: Vaporeon\n|-resisted|p1a: Vaporeon\n|-crit|p1a: Vaporeon\n|-damage|p1a: Vaporeon|79\/100\n|\n|-heal|p1a: Vaporeon|85\/100|[from] item: Leftovers\n|upkeep\n|turn|14\n|\n|t:|1699986766\n|switch|p2a: Mischigan|Dedenne, F, shiny|48\/100 tox\n|move|p1a: Vaporeon|Wish|p1a: Vaporeon\n|\n|-heal|p1a: Vaporeon|92\/100|[from] item: Leftovers\n|-damage|p2a: Mischigan|42\/100 tox|[from] psn\n|upkeep\n|turn|15\n|\n|t:|1699986773\n|switch|p1a: Iron Valiant|Iron Valiant|49\/100\n|move|p2a: Mischigan|Draining Kiss|p1a: Iron Valiant\n|-supereffective|p1a: Iron Valiant\n|-damage|p1a: Iron Valiant|0 fnt\n|-heal|p2a: Mischigan|85\/100 tox|[from] drain|[of] p1a: Iron Valiant\n|replace|p1a: Zoroark|Zoroark, M\n|-end|p1a: Zoroark|Illusion\n|faint|p1a: Zoroark\n|\n|-damage|p2a: Mischigan|73\/100 tox|[from] psn\n|upkeep\n|c|\u2606PSPRadii|kurwa\n|c|\u2606PSPRadii|spodziewa\u0142em sie electric\n|c|\u2606Elite four lai|Uff\n|\n|t:|1699986789\n|switch|p1a: Bronzong|Bronzong|93\/100 slp\n|turn|16\n|\n|t:|1699986797\n|move|p2a: Mischigan|Parabolic Charge|p1a: Bronzong\n|-damage|p1a: Bronzong|69\/100 slp\n|-heal|p2a: Mischigan|87\/100 tox|[from] drain|[of] p1a: Bronzong\n|-curestatus|p1a: Bronzong|slp|[msg]\n|move|p1a: Bronzong|Light Screen|p1a: Bronzong\n|-sidestart|p1: PSPRadii|move: Light Screen\n|\n|-damage|p2a: Mischigan|69\/100 tox|[from] psn\n|upkeep\n|turn|17\n|\n|t:|1699986805\n|switch|p2a: Nevada|Vaporeon, F, shiny|100\/100\n|move|p1a: Bronzong|Iron Head|p2a: Nevada\n|-resisted|p2a: Nevada\n|-damage|p2a: Nevada|80\/100\n|\n|-heal|p2a: Nevada|87\/100|[from] item: Leftovers\n|upkeep\n|turn|18\n|\n|t:|1699986813\n|switch|p1a: Vaporeon|Vaporeon, F|92\/100\n|move|p2a: Nevada|Wish|p2a: Nevada\n|\n|-heal|p2a: Nevada|93\/100|[from] item: Leftovers\n|-heal|p1a: Vaporeon|98\/100|[from] item: Leftovers\n|upkeep\n|turn|19\n|\n|t:|1699986818\n|switch|p2a: Pensylvania|Arbok, M, shiny|53\/100\n|-ability|p2a: Pensylvania|Intimidate|boost\n|-unboost|p1a: Vaporeon|atk|1\n|move|p1a: Vaporeon|Wish|p1a: Vaporeon\n|\n|-heal|p2a: Pensylvania|100\/100|[from] move: Wish|[wisher] Nevada\n|-heal|p1a: Vaporeon|100\/100|[from] item: Leftovers\n|upkeep\n|turn|20\n|\n|t:|1699986824\n|switch|p1a: Rotom|Rotom-Frost|100\/100\n|move|p2a: Pensylvania|Knock Off|p1a: Rotom\n|-damage|p1a: Rotom|65\/100\n|-enditem|p1a: Rotom|Blunder Policy|[from] move: Knock Off|[of] p2a: Pensylvania\n|\n|-heal|p1a: Rotom|100\/100|[from] move: Wish|[wisher] Vaporeon\n|upkeep\n|turn|21\n|\n|t:|1699986833\n|move|p2a: Pensylvania|Gunk Shot|p1a: Rotom\n|-damage|p1a: Rotom|31\/100\n|move|p1a: Rotom|Nasty Plot|p1a: Rotom\n|-boost|p1a: Rotom|spa|2\n|\n|upkeep\n|turn|22\n|\n|t:|1699986840\n|switch|p1a: Bronzong|Bronzong|69\/100\n|move|p2a: Pensylvania|Psychic Fangs|p1a: Bronzong\n|-sideend|p1: PSPRadii|move: Light Screen\n|-resisted|p1a: Bronzong\n|-damage|p1a: Bronzong|64\/100\n|\n|upkeep\n|turn|23\n|c|\u2606PSPRadii|pierdolony bullshit\n|\n|t:|1699986853\n|switch|p1a: Vaporeon|Vaporeon, F|100\/100\n|move|p2a: Pensylvania|Knock Off|p1a: Vaporeon\n|-damage|p1a: Vaporeon|82\/100\n|-enditem|p1a: Vaporeon|Leftovers|[from] move: Knock Off|[of] p2a: Pensylvania\n|\n|upkeep\n|turn|24\n|c|\u2606Elite four lai|Arbok gigachad\n|\n|t:|1699986857\n|move|p2a: Pensylvania|Attract|p1a: Vaporeon\n|-start|p1a: Vaporeon|Attract\n|-activate|p1a: Vaporeon|move: Attract|[of] p2a: Pensylvania\n|move|p1a: Vaporeon|Scald|p2a: Pensylvania\n|-damage|p2a: Pensylvania|56\/100\n|-status|p2a: Pensylvania|brn\n|\n|-heal|p2a: Pensylvania|63\/100 brn|[from] item: Black Sludge\n|-damage|p2a: Pensylvania|56\/100 brn|[from] brn\n|upkeep\n|turn|25\n|\n|t:|1699986863\n|move|p2a: Pensylvania|Gunk Shot|p1a: Vaporeon\n|-damage|p1a: Vaporeon|65\/100\n|-activate|p1a: Vaporeon|move: Attract|[of] p2a: Pensylvania\n|cant|p1a: Vaporeon|Attract\n|\n|-heal|p2a: Pensylvania|63\/100 brn|[from] item: Black Sludge\n|-damage|p2a: Pensylvania|56\/100 brn|[from] brn\n|upkeep\n|turn|26\n|\n|t:|1699986881\n|move|p2a: Pensylvania|Gunk Shot|p1a: Vaporeon|[miss]\n|-miss|p2a: Pensylvania|p1a: Vaporeon\n|-activate|p1a: Vaporeon|move: Attract|[of] p2a: Pensylvania\n|move|p1a: Vaporeon|Wish|p1a: Vaporeon\n|\n|-heal|p2a: Pensylvania|63\/100 brn|[from] item: Black Sludge\n|-damage|p2a: Pensylvania|56\/100 brn|[from] brn\n|upkeep\n|turn|27\n|\n|t:|1699986889\n|switch|p2a: Mischigan|Dedenne, F, shiny|69\/100 tox\n|-end|p1a: Vaporeon|Attract|[silent]\n|switch|p1a: Rotom|Rotom-Frost|31\/100\n|\n|-heal|p1a: Rotom|100\/100|[from] move: Wish|[wisher] Vaporeon\n|-damage|p2a: Mischigan|62\/100 tox|[from] psn\n|upkeep\n|turn|28\n|\n|t:|1699986897\n|switch|p2a: Alaska|Camerupt, M, shiny|100\/100\n|move|p1a: Rotom|Blizzard|p2a: Alaska|[miss]\n|-miss|p1a: Rotom|p2a: Alaska\n|\n|upkeep\n|turn|29\n|c|\u2606PSPRadii|NO CO JEST DO KURWY N\u0118DZY\n|\n|t:|1699986909\n|switch|p1a: Vaporeon|Vaporeon, F|65\/100\n|move|p2a: Alaska|Ancient Power|p1a: Vaporeon\n|-damage|p1a: Vaporeon|50\/100\n|\n|upkeep\n|turn|30\n|\n|t:|1699986923\n|switch|p2a: Nevada|Vaporeon, F, shiny|93\/100\n|move|p1a: Vaporeon|Wish|p1a: Vaporeon\n|\n|-heal|p2a: Nevada|99\/100|[from] item: Leftovers\n|upkeep\n|turn|31\n|\n|t:|1699986928\n|move|p1a: Vaporeon|Scald|p2a: Nevada\n|-heal|p2a: Nevada|100\/100|[from] ability: Water Absorb|[of] p1a: Vaporeon\n|move|p2a: Nevada|Toxic|p1a: Vaporeon\n|-status|p1a: Vaporeon|tox\n|\n|-heal|p1a: Vaporeon|99\/100 tox|[from] move: Wish|[wisher] Vaporeon\n|-damage|p1a: Vaporeon|94\/100 tox|[from] psn\n|upkeep\n|turn|32\n|c|\u2606Elite four lai|Thanks\n|\n|t:|1699986936\n|move|p1a: Vaporeon|Wish|p1a: Vaporeon\n|move|p2a: Nevada|Wish|p2a: Nevada\n|\n|-damage|p1a: Vaporeon|82\/100 tox|[from] psn\n|upkeep\n|turn|33\n|\n|t:|1699986945\n|switch|p1a: Bronzong|Bronzong|64\/100\n|move|p2a: Nevada|Toxic|p1a: Bronzong\n|-immune|p1a: Bronzong\n|\n|-heal|p1a: Bronzong|100\/100|[from] move: Wish|[wisher] Vaporeon\n|upkeep\n|turn|34\n|\n|t:|1699986953\n|move|p2a: Nevada|Wish|p2a: Nevada\n|move|p1a: Bronzong|Reflect|p1a: Bronzong\n|-sidestart|p1: PSPRadii|Reflect\n|\n|upkeep\n|turn|35\n|\n|t:|1699986957\n|switch|p2a: Pensylvania|Arbok, M, shiny|56\/100 brn\n|-ability|p2a: Pensylvania|Intimidate|boost\n|-unboost|p1a: Bronzong|atk|1\n|move|p1a: Bronzong|Zen Headbutt|p2a: Pensylvania\n|-supereffective|p2a: Pensylvania\n|-damage|p2a: Pensylvania|0 fnt\n|faint|p2a: Pensylvania\n|\n|upkeep\n|c|\u2606Elite four lai|Nieeeeeeeee\n|c|\u2606PSPRadii|W KO\u0143CU\n|c|\u2606PSPRadii|TO G\u00d3WNO ZDECH\u0141o\n|c|\u2606Elite four lai|A NIECH CIE\n|c|\u2606Elite four lai|NIE CIERPIE COE\n|\n|t:|1699986984\n|switch|p2a: Alaska|Camerupt, M, shiny|100\/100\n|turn|36\n|\n|t:|1699986987\n|switch|p1a: Vaporeon|Vaporeon, F|82\/100 tox\n|detailschange|p2a: Alaska|Camerupt-Mega, M, shiny\n|-mega|p2a: Alaska|Camerupt|Cameruptite\n|move|p2a: Alaska|Lava Plume|p1a: Vaporeon\n|-resisted|p1a: Vaporeon\n|-damage|p1a: Vaporeon|58\/100 tox\n|\n|-damage|p1a: Vaporeon|52\/100 tox|[from] psn\n|upkeep\n|turn|37\n|\n|t:|1699986996\n|move|p1a: Vaporeon|Scald|p2a: Alaska\n|-supereffective|p2a: Alaska\n|-damage|p2a: Alaska|0 fnt\n|faint|p2a: Alaska\n|\n|-damage|p1a: Vaporeon|40\/100 tox|[from] psn\n|upkeep\n|c|\u2606Elite four lai|Jeez\n|\n|t:|1699987012\n|switch|p2a: Mischigan|Dedenne, F, shiny|62\/100 tox\n|turn|38\n|\n|t:|1699987015\n|switch|p1a: Rotom|Rotom-Frost|100\/100\n|move|p2a: Mischigan|Parabolic Charge|p1a: Rotom\n|-resisted|p1a: Rotom\n|-damage|p1a: Rotom|84\/100\n|-heal|p2a: Mischigan|70\/100 tox|[from] drain|[of] p1a: Rotom\n|\n|-damage|p2a: Mischigan|64\/100 tox|[from] psn\n|upkeep\n|turn|39\n|\n|t:|1699987021\n|move|p2a: Mischigan|Draining Kiss|p1a: Rotom\n|-damage|p1a: Rotom|60\/100\n|-heal|p2a: Mischigan|80\/100 tox|[from] drain|[of] p1a: Rotom\n|move|p1a: Rotom|Blizzard|p2a: Mischigan\n|-damage|p2a: Mischigan|0 fnt\n|faint|p2a: Mischigan\n|\n|upkeep\n|c|\u2606Elite four lai|Uspokoj sie\n|c|\u2606Elite four lai|Debilu\n|\n|t:|1699987033\n|switch|p2a: Utah|Wyrdeer, M, shiny|100\/100\n|-ability|p2a: Utah|Intimidate|boost\n|-unboost|p1a: Rotom|atk|1\n|turn|40\n|\n|t:|1699987038\n|move|p1a: Rotom|Pain Split|p2a: Utah\n|-sethp|p2a: Utah|71\/100|[from] move: Pain Split|[silent]\n|-sethp|p1a: Rotom|100\/100|[from] move: Pain Split\n|-zpower|p2a: Utah\n|move|p2a: Utah|Z-Hypnosis|p1a: Rotom|[anim]Hypnosis\n|-boost|p2a: Utah|spe|1|[zeffect]\n|-status|p1a: Rotom|slp|[from] move: Hypnosis\n|\n|upkeep\n|turn|41\n|\n|t:|1699987048\n|switch|p1a: Bronzong|Bronzong|100\/100\n|move|p2a: Utah|Zen Headbutt|p1a: Bronzong\n|-resisted|p1a: Bronzong\n|-damage|p1a: Bronzong|96\/100\n|\n|-sideend|p1: PSPRadii|Reflect\n|upkeep\n|turn|42\n|\n|t:|1699987052\n|move|p2a: Utah|Jump Kick|p1a: Bronzong\n|-damage|p1a: Bronzong|65\/100\n|move|p1a: Bronzong|Light Screen|p1a: Bronzong\n|-sidestart|p1: PSPRadii|move: Light Screen\n|\n|upkeep\n|turn|43\n|\n|t:|1699987056\n|move|p2a: Utah|Jump Kick|p1a: Bronzong\n|-damage|p1a: Bronzong|37\/100\n|move|p1a: Bronzong|Reflect|p1a: Bronzong\n|-sidestart|p1: PSPRadii|Reflect\n|\n|upkeep\n|turn|44\n|l|\u2606PSPRadii\n|player|p1|\n|j|\u2606PSPRadii\n|player|p1|PSPRadii|rancher\n|\n|t:|1699987122\n|switch|p1a: Rotom|Rotom-Frost|100\/100 slp\n|move|p2a: Utah|Jump Kick|p1a: Rotom\n|-supereffective|p1a: Rotom\n|-damage|p1a: Rotom|57\/100 slp\n|\n|upkeep\n|turn|45\n|\n|t:|1699987127\n|switch|p1a: Iron Valiant|Iron Valiant|100\/100\n|move|p2a: Utah|Jump Kick|p1a: Iron Valiant\n|-resisted|p1a: Iron Valiant\n|-damage|p1a: Iron Valiant|90\/100\n|\n|upkeep\n|turn|46\n|c|\u2606PSPRadii|a m\u00f3g\u0142by\u015b MO\u017bE Z \u0141ASKI SWOJEJ NIE TRAFI\u0106\/\n|\n|t:|1699987146\n|move|p1a: Iron Valiant|Moonblast|p2a: Utah\n|-damage|p2a: Utah|0 fnt\n|faint|p2a: Utah\n|-damage|p1a: Iron Valiant|80\/100|[from] item: Life Orb\n|\n|upkeep\n|c|\u2606Elite four lai|Jeez\n|\n|t:|1699987156\n|switch|p2a: Nevada|Vaporeon, F, shiny|100\/100\n|turn|47\n|\n|t:|1699987158\n|move|p1a: Iron Valiant|Thunderbolt|p2a: Nevada\n|-supereffective|p2a: Nevada\n|-damage|p2a: Nevada|57\/100\n|-damage|p1a: Iron Valiant|71\/100|[from] item: Life Orb\n|move|p2a: Nevada|Toxic|p1a: Iron Valiant\n|-status|p1a: Iron Valiant|tox\n|\n|-heal|p2a: Nevada|64\/100|[from] item: Leftovers\n|-damage|p1a: Iron Valiant|65\/100 tox|[from] psn\n|upkeep\n|turn|48\n|\n|t:|1699987164\n|move|p2a: Nevada|Protect|p2a: Nevada\n|-singleturn|p2a: Nevada|Protect\n|move|p1a: Iron Valiant|Thunderbolt|p2a: Nevada\n|-activate|p2a: Nevada|move: Protect\n|\n|-heal|p2a: Nevada|70\/100|[from] item: Leftovers\n|-damage|p1a: Iron Valiant|52\/100 tox|[from] psn\n|upkeep\n|turn|49\n|\n|t:|1699987167\n|-end|p1a: Iron Valiant|Quark Drive|[silent]\n|switch|p1a: Bronzong|Bronzong|37\/100\n|move|p2a: Nevada|Wish|p2a: Nevada\n|\n|-heal|p2a: Nevada|76\/100|[from] item: Leftovers\n|-sideend|p1: PSPRadii|move: Light Screen\n|upkeep\n|turn|50\n|\n|t:|1699987171\n|move|p2a: Nevada|Ice Beam|p1a: Bronzong\n|-resisted|p1a: Bronzong\n|-damage|p1a: Bronzong|27\/100\n|move|p1a: Bronzong|Light Screen|p1a: Bronzong\n|-sidestart|p1: PSPRadii|move: Light Screen\n|\n|-heal|p2a: Nevada|100\/100|[from] move: Wish|[wisher] Nevada\n|-sideend|p1: PSPRadii|Reflect\n|upkeep\n|turn|51\n|\n|t:|1699987177\n|switch|p1a: Vaporeon|Vaporeon, F|40\/100 tox\n|move|p2a: Nevada|Ice Beam|p1a: Vaporeon\n|-resisted|p1a: Vaporeon\n|-damage|p1a: Vaporeon|36\/100 tox\n|\n|-damage|p1a: Vaporeon|29\/100 tox|[from] psn\n|upkeep\n|turn|52\n|\n|t:|1699987185\n|move|p2a: Nevada|Ice Beam|p1a: Vaporeon\n|-resisted|p1a: Vaporeon\n|-crit|p1a: Vaporeon\n|-damage|p1a: Vaporeon|16\/100 tox\n|move|p1a: Vaporeon|Wish|p1a: Vaporeon\n|\n|-damage|p1a: Vaporeon|3\/100 tox|[from] psn\n|upkeep\n|turn|53\n|\n|t:|1699987203\n|move|p1a: Vaporeon|Protect|p1a: Vaporeon\n|-singleturn|p1a: Vaporeon|Protect\n|move|p2a: Nevada|Toxic|p1a: Vaporeon\n|-activate|p1a: Vaporeon|move: Protect\n|\n|-heal|p1a: Vaporeon|53\/100 tox|[from] move: Wish|[wisher] Vaporeon\n|-damage|p1a: Vaporeon|35\/100 tox|[from] psn\n|upkeep\n|turn|54\n|\n|t:|1699987210\n|switch|p1a: Bronzong|Bronzong|27\/100\n|move|p2a: Nevada|Toxic|p1a: Bronzong|[miss]\n|-miss|p2a: Nevada|p1a: Bronzong\n|\n|upkeep\n|turn|55\n|\n|t:|1699987214\n|switch|p1a: Vaporeon|Vaporeon, F|35\/100 tox\n|move|p2a: Nevada|Ice Beam|p1a: Vaporeon\n|-resisted|p1a: Vaporeon\n|-crit|p1a: Vaporeon\n|-damage|p1a: Vaporeon|22\/100 tox\n|\n|-damage|p1a: Vaporeon|16\/100 tox|[from] psn\n|upkeep\n|turn|56\n|\n|t:|1699987218\n|move|p2a: Nevada|Ice Beam|p1a: Vaporeon\n|-resisted|p1a: Vaporeon\n|-damage|p1a: Vaporeon|12\/100 tox\n|move|p1a: Vaporeon|Wish|p1a: Vaporeon\n|\n|-damage|p1a: Vaporeon|0 fnt|[from] psn\n|faint|p1a: Vaporeon\n|upkeep\n|\n|t:|1699987221\n|switch|p1a: Bronzong|Bronzong|27\/100\n|turn|57\n|c|\u2606PSPRadii|ajaja\n|\n|t:|1699987236\n|move|p2a: Nevada|Ice Beam|p1a: Bronzong\n|-resisted|p1a: Bronzong\n|-damage|p1a: Bronzong|22\/100\n|move|p1a: Bronzong|Reflect|p1a: Bronzong\n|-sidestart|p1: PSPRadii|Reflect\n|\n|-heal|p1a: Bronzong|90\/100|[from] move: Wish|[wisher] Vaporeon\n|-sideend|p1: PSPRadii|move: Light Screen\n|upkeep\n|turn|58\n|\n|t:|1699987241\n|move|p2a: Nevada|Ice Beam|p1a: Bronzong\n|-resisted|p1a: Bronzong\n|-damage|p1a: Bronzong|80\/100\n|move|p1a: Bronzong|Reflect||[still]\n|-fail|p1a: Bronzong\n|\n|upkeep\n|turn|59\n|\n|t:|1699987248\n|move|p2a: Nevada|Ice Beam|p1a: Bronzong\n|-resisted|p1a: Bronzong\n|-damage|p1a: Bronzong|69\/100\n|move|p1a: Bronzong|Zen Headbutt|p2a: Nevada\n|-damage|p2a: Nevada|60\/100\n|\n|-heal|p2a: Nevada|66\/100|[from] item: Leftovers\n|upkeep\n|turn|60\n|\n|t:|1699987254\n|move|p2a: Nevada|Wish|p2a: Nevada\n|move|p1a: Bronzong|Light Screen|p1a: Bronzong\n|-sidestart|p1: PSPRadii|move: Light Screen\n|\n|-heal|p2a: Nevada|72\/100|[from] item: Leftovers\n|upkeep\n|turn|61\n|\n|t:|1699987260\n|switch|p1a: Rotom|Rotom-Frost|57\/100 slp\n|move|p2a: Nevada|Protect||[still]\n|-fail|p2a: Nevada\n|\n|-heal|p2a: Nevada|100\/100|[from] move: Wish|[wisher] Nevada\n|upkeep\n|turn|62\n|\n|t:|1699987264\n|cant|p1a: Rotom|slp\n|move|p2a: Nevada|Ice Beam|p1a: Rotom\n|-resisted|p1a: Rotom\n|-damage|p1a: Rotom|49\/100 slp\n|\n|upkeep\n|turn|63\n|\n|t:|1699987275\n|cant|p1a: Rotom|slp\n|move|p2a: Nevada|Ice Beam|p1a: Rotom\n|-resisted|p1a: Rotom\n|-damage|p1a: Rotom|41\/100 slp\n|\n|upkeep\n|turn|64\n|c|\u2606PSPRadii|pobudka lod\u00f3wko\n|\n|t:|1699987293\n|move|p2a: Nevada|Protect|p2a: Nevada\n|-singleturn|p2a: Nevada|Protect\n|-curestatus|p1a: Rotom|slp|[msg]\n|move|p1a: Rotom|Pain Split|p2a: Nevada\n|-activate|p2a: Nevada|move: Protect\n|\n|-sideend|p1: PSPRadii|Reflect\n|upkeep\n|turn|65\n|\n|t:|1699987302\n|move|p1a: Rotom|Pain Split|p2a: Nevada\n|-sethp|p2a: Nevada|61\/100|[from] move: Pain Split|[silent]\n|-sethp|p1a: Rotom|100\/100|[from] move: Pain Split\n|move|p2a: Nevada|Toxic|p1a: Rotom\n|-status|p1a: Rotom|tox\n|\n|-heal|p2a: Nevada|67\/100|[from] item: Leftovers\n|-damage|p1a: Rotom|94\/100 tox|[from] psn\n|upkeep\n|turn|66\n|\n|t:|1699987308\n|move|p2a: Nevada|Protect|p2a: Nevada\n|-singleturn|p2a: Nevada|Protect\n|move|p1a: Rotom|Nasty Plot|p1a: Rotom\n|-boost|p1a: Rotom|spa|2\n|\n|-heal|p2a: Nevada|74\/100|[from] item: Leftovers\n|-damage|p1a: Rotom|82\/100 tox|[from] psn\n|upkeep\n|turn|67\n|c|\u2606PSPRadii|LET HIM COOK\n|\n|t:|1699987321\n|switch|p2a: Wyoming|Regidrago, shiny|100\/100\n|move|p1a: Rotom|Thunderbolt|p2a: Wyoming\n|-resisted|p2a: Wyoming\n|-damage|p2a: Wyoming|51\/100\n|\n|-damage|p1a: Rotom|63\/100 tox|[from] psn\n|-sideend|p1: PSPRadii|move: Light Screen\n|upkeep\n|turn|68\n|\n|t:|1699987330\n|move|p2a: Wyoming|Crunch|p1a: Rotom\n|-damage|p1a: Rotom|29\/100 tox\n|move|p1a: Rotom|Blizzard|p2a: Wyoming\n|-supereffective|p2a: Wyoming\n|-damage|p2a: Wyoming|0 fnt\n|faint|p2a: Wyoming\n|\n|-damage|p1a: Rotom|5\/100 tox|[from] psn\n|upkeep\n|\n|t:|1699987334\n|switch|p2a: Nevada|Vaporeon, F, shiny|74\/100\n|turn|69\n|\n|t:|1699987337\n|switch|p1a: Bronzong|Bronzong|69\/100\n|move|p2a: Nevada|Protect||[still]\n|-fail|p2a: Nevada\n|\n|-heal|p2a: Nevada|80\/100|[from] item: Leftovers\n|upkeep\n|turn|70\n|\n|t:|1699987340\n|move|p2a: Nevada|Ice Beam|p1a: Bronzong\n|-resisted|p1a: Bronzong\n|-damage|p1a: Bronzong|60\/100\n|move|p1a: Bronzong|Light Screen|p1a: Bronzong\n|-sidestart|p1: PSPRadii|move: Light Screen\n|\n|-heal|p2a: Nevada|86\/100|[from] item: Leftovers\n|upkeep\n|turn|71\n|c|\u2606Elite four lai|No to wygra\u0142e\u015b\n|c|\u2606Elite four lai|gg\n|\n|t:|1699987354\n|move|p2a: Nevada|Ice Beam|p1a: Bronzong\n|-resisted|p1a: Bronzong\n|-damage|p1a: Bronzong|55\/100\n|move|p1a: Bronzong|Zen Headbutt|p2a: Nevada|[miss]\n|-miss|p1a: Bronzong|p2a: Nevada\n|\n|-heal|p2a: Nevada|92\/100|[from] item: Leftovers\n|upkeep\n|turn|72\n|inactive|Battle timer is ON: inactive players will automatically lose when time's up. (requested by Elite four lai)\n|inactive|PSPRadii has 270 seconds left.\n|\n|t:|1699987455\n|move|p2a: Nevada|Ice Beam|p1a: Bronzong\n|-resisted|p1a: Bronzong\n|-damage|p1a: Bronzong|50\/100\n|move|p1a: Bronzong|Zen Headbutt|p2a: Nevada\n|-damage|p2a: Nevada|51\/100\n|\n|-heal|p2a: Nevada|57\/100|[from] item: Leftovers\n|upkeep\n|turn|73\n|\n|t:|1699987461\n|move|p2a: Nevada|Wish|p2a: Nevada\n|move|p1a: Bronzong|Zen Headbutt|p2a: Nevada\n|-damage|p2a: Nevada|19\/100\n|\n|-heal|p2a: Nevada|25\/100|[from] item: Leftovers\n|upkeep\n|turn|74\n|\n|t:|1699987470\n|switch|p1a: Iron Valiant|Iron Valiant|52\/100 tox\n|move|p2a: Nevada|Protect||[still]\n|-fail|p2a: Nevada\n|\n|-heal|p2a: Nevada|75\/100|[from] move: Wish|[wisher] Nevada\n|-heal|p2a: Nevada|81\/100|[from] item: Leftovers\n|-damage|p1a: Iron Valiant|46\/100 tox|[from] psn\n|upkeep\n|turn|75\n|\n|t:|1699987473\n|move|p1a: Iron Valiant|Thunderbolt|p2a: Nevada\n|-supereffective|p2a: Nevada\n|-damage|p2a: Nevada|41\/100\n|-damage|p1a: Iron Valiant|36\/100 tox|[from] item: Life Orb\n|move|p2a: Nevada|Ice Beam|p1a: Iron Valiant\n|-damage|p1a: Iron Valiant|17\/100 tox\n|\n|-heal|p2a: Nevada|48\/100|[from] item: Leftovers\n|-damage|p1a: Iron Valiant|4\/100 tox|[from] psn\n|upkeep\n|turn|76\n|\n|t:|1699987480\n|-end|p1a: Iron Valiant|Quark Drive|[silent]\n|switch|p1a: Bronzong|Bronzong|50\/100\n|move|p2a: Nevada|Protect||[still]\n|-fail|p2a: Nevada\n|\n|-heal|p2a: Nevada|54\/100|[from] item: Leftovers\n|upkeep\n|turn|77\n|inactive|PSPRadii has 270 seconds left.\n|\n|t:|1699987510\n|move|p2a: Nevada|Wish|p2a: Nevada\n|move|p1a: Bronzong|Zen Headbutt|p2a: Nevada\n|-damage|p2a: Nevada|13\/100\n|\n|-heal|p2a: Nevada|19\/100|[from] item: Leftovers\n|-sideend|p1: PSPRadii|move: Light Screen\n|upkeep\n|turn|78\n|\n|t:|1699987519\n|move|p2a: Nevada|Protect|p2a: Nevada\n|-singleturn|p2a: Nevada|Protect\n|move|p1a: Bronzong|Light Screen|p1a: Bronzong\n|-sidestart|p1: PSPRadii|move: Light Screen\n|\n|-heal|p2a: Nevada|69\/100|[from] move: Wish|[wisher] Nevada\n|-heal|p2a: Nevada|76\/100|[from] item: Leftovers\n|upkeep\n|turn|79\n|inactive|PSPRadii has 270 seconds left.\n|c|\u2606PSPRadii|no we\u017a stary\n|c|\u2606PSPRadii|ile mo\u017cna\n|\n|t:|1699987545\n|move|p2a: Nevada|Ice Beam|p1a: Bronzong\n|-resisted|p1a: Bronzong\n|-damage|p1a: Bronzong|45\/100\n|move|p1a: Bronzong|Zen Headbutt|p2a: Nevada\n|-damage|p2a: Nevada|34\/100\n|\n|-heal|p2a: Nevada|40\/100|[from] item: Leftovers\n|upkeep\n|turn|80\n|c|\u2606PSPRadii|to przeci\u0105ga\u0107\n|\n|t:|1699987553\n|move|p2a: Nevada|Wish|p2a: Nevada\n|move|p1a: Bronzong|Zen Headbutt|p2a: Nevada\n|-damage|p2a: Nevada|0 fnt\n|faint|p2a: Nevada\n|\n|win|PSPRadii\n|c|\u2606PSPRadii|gg\n","uploadtime":1699987559,"views":19,"p1id":"pspradii","p2id":"elitefourlai","formatid":"gen9nationaldex","rating":0,"private":0,"password":""}