{"id":"gen9nationaldex-1996649852","p1":"Victim19","p2":"ggeennggaarr","format":"[Gen 9] National Dex","log":"|html|<div class=\"broadcast-blue\"><strong>[Gen 9] National Dex is currently suspecting Sneasler! For information on how to participate check out the <a href=\"https:\/\/www.smogon.com\/forums\/threads\/sv-national-dex-suspect-8-just-dance.3731534\/\">suspect thread<\/a>.<\/strong><\/div>\n|j|\u2606Victim19\n|j|\u2606ggeennggaarr\n|t:|1700705128\n|gametype|singles\n|player|p1|Victim19|riley|1324\n|player|p2|ggeennggaarr|266|1320\n|teamsize|p1|6\n|teamsize|p2|6\n|gen|9\n|tier|[Gen 9] National Dex\n|rated|\n|rule|HP Percentage Mod: HP is shown in percentages\n|rule|Endless Battle Clause: Forcing endless battles is banned\n|rule|OHKO Clause: OHKO moves are banned\n|rule|Evasion Clause: Evasion abilities, items, and moves are banned\n|rule|Evasion Abilities Clause: Evasion abilities are banned\n|rule|Evasion Items Clause: Evasion items are banned\n|rule|Evasion Moves Clause: Evasion moves are banned\n|rule|Species Clause: Limit one of each Pok\u00e9mon\n|rule|Sleep Clause Mod: Limit one foe put to sleep\n|clearpoke\n|poke|p1|Grimmsnarl, M|\n|poke|p1|Amoonguss, F|\n|poke|p1|Blaziken, F|\n|poke|p1|Polteageist|\n|poke|p1|Aggron, F|\n|poke|p1|Alakazam, F|\n|poke|p2|Ogerpon-Cornerstone, F|\n|poke|p2|Iron Valiant|\n|poke|p2|Dragonite, F|\n|poke|p2|Scizor, M|\n|poke|p2|Hoopa-Unbound|\n|poke|p2|Zamazenta-*|\n|teampreview\n|inactive|Battle timer is ON: inactive players will automatically lose when time's up. (requested by ggeennggaarr)\n|\n|t:|1700705156\n|start\n|switch|p1a: Amoonguss|Amoonguss, F|100\/100\n|switch|p2a: Ogerpon|Ogerpon-Cornerstone, F|100\/100\n|turn|1\n|\n|t:|1700705164\n|move|p2a: Ogerpon|Spikes|p1a: Amoonguss\n|-sidestart|p1: Victim19|Spikes\n|move|p1a: Amoonguss|Spore|p2a: Ogerpon\n|-immune|p2a: Ogerpon\n|\n|upkeep\n|turn|2\n|\n|t:|1700705191\n|switch|p2a: Scizor|Scizor, M|100\/100\n|move|p1a: Amoonguss|Sludge Bomb|p2a: Scizor\n|-immune|p2a: Scizor\n|\n|upkeep\n|turn|3\n|\n|t:|1700705199\n|detailschange|p2a: Scizor|Scizor-Mega, M\n|-mega|p2a: Scizor|Scizor|Scizorite\n|move|p2a: Scizor|U-turn|p1a: Amoonguss\n|-damage|p1a: Amoonguss|77\/100\n|\n|t:|1700705203\n|switch|p2a: Ogerpon|Ogerpon-Cornerstone, F|100\/100|[from] U-turn\n|move|p1a: Amoonguss|Spore|p2a: Ogerpon\n|-immune|p2a: Ogerpon\n|\n|upkeep\n|turn|4\n|\n|t:|1700705211\n|move|p2a: Ogerpon|Ivy Cudgel|p1a: Amoonguss|[anim] Ivy Cudgel Rock\n|-damage|p1a: Amoonguss|32\/100\n|move|p1a: Amoonguss|Spore|p2a: Ogerpon\n|-immune|p2a: Ogerpon\n|\n|upkeep\n|turn|5\n|\n|t:|1700705220\n|switch|p1a: Grimmsnarl|Grimmsnarl, M|100\/100\n|-damage|p1a: Grimmsnarl|88\/100|[from] Spikes\n|move|p2a: Ogerpon|Ivy Cudgel|p1a: Grimmsnarl|[anim] Ivy Cudgel Rock\n|-crit|p1a: Grimmsnarl\n|-damage|p1a: Grimmsnarl|0 fnt\n|faint|p1a: Grimmsnarl\n|\n|upkeep\n|\n|t:|1700705238\n|switch|p1a: Aggron|Aggron, F|100\/100\n|-damage|p1a: Aggron|88\/100|[from] Spikes\n|turn|6\n|\n|t:|1700705249\n|detailschange|p1a: Aggron|Aggron-Mega, F\n|-mega|p1a: Aggron|Aggron|Aggronite\n|move|p2a: Ogerpon|Swords Dance|p2a: Ogerpon\n|-boost|p2a: Ogerpon|atk|2\n|move|p1a: Aggron|Curse|p1a: Aggron\n|-unboost|p1a: Aggron|spe|1\n|-boost|p1a: Aggron|atk|1\n|-boost|p1a: Aggron|def|1\n|\n|upkeep\n|turn|7\n|\n|t:|1700705264\n|switch|p2a: Hoopa|Hoopa-Unbound|100\/100\n|move|p1a: Aggron|Heavy Slam|p2a: Hoopa\n|-damage|p2a: Hoopa|51\/100\n|\n|upkeep\n|turn|8\n|\n|t:|1700705276\n|switch|p1a: Amoonguss|Amoonguss, F|66\/100\n|move|p2a: Hoopa|Focus Blast|p1a: Amoonguss\n|-resisted|p1a: Amoonguss\n|-damage|p1a: Amoonguss|42\/100\n|\n|upkeep\n|turn|9\n|\n|t:|1700705288\n|move|p2a: Hoopa|Psychic|p1a: Amoonguss\n|-supereffective|p1a: Amoonguss\n|-damage|p1a: Amoonguss|0 fnt\n|faint|p1a: Amoonguss\n|\n|upkeep\n|\n|t:|1700705300\n|switch|p1a: Alakazam|Alakazam, F|100\/100\n|turn|10\n|\n|t:|1700705310\n|move|p1a: Alakazam|Dazzling Gleam|p2a: Hoopa\n|-supereffective|p2a: Hoopa\n|-damage|p2a: Hoopa|7\/100\n|move|p2a: Hoopa|Dark Pulse|p1a: Alakazam\n|-supereffective|p1a: Alakazam\n|-damage|p1a: Alakazam|0 fnt\n|faint|p1a: Alakazam\n|\n|upkeep\n|inactive|Victim19 has 120 seconds left.\n|\n|t:|1700705334\n|switch|p1a: Blaziken|Blaziken, F|100\/100\n|-damage|p1a: Blaziken|88\/100|[from] Spikes\n|turn|11\n|\n|t:|1700705343\n|move|p1a: Blaziken|Thunder Punch|p2a: Hoopa\n|-damage|p2a: Hoopa|0 fnt\n|faint|p2a: Hoopa\n|\n|-ability|p1a: Blaziken|Speed Boost|boost\n|-boost|p1a: Blaziken|spe|1\n|upkeep\n|\n|t:|1700705351\n|switch|p2a: Dragonite|Dragonite, F|100\/100\n|turn|12\n|\n|t:|1700705364\n|switch|p1a: Aggron|Aggron-Mega, F|88\/100\n|-damage|p1a: Aggron|76\/100|[from] Spikes\n|-zpower|p2a: Dragonite\n|move|p2a: Dragonite|Devastating Drake|p1a: Aggron|[zeffect]\n|-resisted|p1a: Aggron\n|-damage|p1a: Aggron|56\/100\n|\n|upkeep\n|turn|13\n|\n|t:|1700705378\n|move|p2a: Dragonite|Fire Punch|p1a: Aggron\n|-supereffective|p1a: Aggron\n|-damage|p1a: Aggron|41\/100\n|move|p1a: Aggron|Curse|p1a: Aggron\n|-unboost|p1a: Aggron|spe|1\n|-boost|p1a: Aggron|atk|1\n|-boost|p1a: Aggron|def|1\n|\n|upkeep\n|turn|14\n|\n|t:|1700705388\n|move|p2a: Dragonite|Iron Head|p1a: Aggron\n|-resisted|p1a: Aggron\n|-damage|p1a: Aggron|38\/100\n|cant|p1a: Aggron|flinch\n|\n|upkeep\n|turn|15\n|\n|t:|1700705397\n|move|p2a: Dragonite|Fire Punch|p1a: Aggron\n|-supereffective|p1a: Aggron\n|-damage|p1a: Aggron|27\/100\n|move|p1a: Aggron|Rest|p1a: Aggron\n|-status|p1a: Aggron|slp|[from] move: Rest\n|-heal|p1a: Aggron|100\/100 slp|[silent]\n|\n|upkeep\n|turn|16\n|\n|t:|1700705406\n|switch|p2a: Iron Valiant|Iron Valiant|100\/100\n|-enditem|p2a: Iron Valiant|Booster Energy\n|-activate|p2a: Iron Valiant|ability: Quark Drive|[fromitem]\n|-start|p2a: Iron Valiant|quarkdrivespe\n|cant|p1a: Aggron|slp\n|move|p1a: Aggron|Sleep Talk|p1a: Aggron\n|move|p1a: Aggron|Curse|p1a: Aggron|[from]move: Sleep Talk\n|-unboost|p1a: Aggron|spe|1\n|-boost|p1a: Aggron|atk|1\n|-boost|p1a: Aggron|def|1\n|\n|upkeep\n|turn|17\n|\n|t:|1700705419\n|move|p2a: Iron Valiant|Encore||[still]\n|-fail|p2a: Iron Valiant\n|cant|p1a: Aggron|slp\n|move|p1a: Aggron|Sleep Talk|p1a: Aggron\n|move|p1a: Aggron|Heavy Slam|p2a: Iron Valiant|[from]move: Sleep Talk\n|-supereffective|p2a: Iron Valiant\n|-damage|p2a: Iron Valiant|0 fnt\n|faint|p2a: Iron Valiant\n|-end|p2a: Iron Valiant|Quark Drive|[silent]\n|\n|upkeep\n|\n|t:|1700705433\n|switch|p2a: Zamazenta|Zamazenta|100\/100\n|-ability|p2a: Zamazenta|Dauntless Shield|boost\n|-boost|p2a: Zamazenta|def|1\n|turn|18\n|\n|t:|1700705440\n|move|p2a: Zamazenta|Iron Defense|p2a: Zamazenta\n|-boost|p2a: Zamazenta|def|2\n|-curestatus|p1a: Aggron|slp|[msg]\n|move|p1a: Aggron|Heavy Slam|p2a: Zamazenta\n|-damage|p2a: Zamazenta|88\/100\n|\n|-heal|p2a: Zamazenta|94\/100|[from] item: Leftovers\n|upkeep\n|turn|19\n|\n|t:|1700705452\n|move|p2a: Zamazenta|Iron Defense|p2a: Zamazenta\n|-boost|p2a: Zamazenta|def|2\n|move|p1a: Aggron|Curse|p1a: Aggron\n|-unboost|p1a: Aggron|spe|1\n|-boost|p1a: Aggron|atk|1\n|-boost|p1a: Aggron|def|1\n|\n|-heal|p2a: Zamazenta|99\/100|[from] item: Leftovers\n|upkeep\n|turn|20\n|\n|t:|1700705462\n|move|p2a: Zamazenta|Iron Defense|p2a: Zamazenta\n|-boost|p2a: Zamazenta|def|1\n|move|p1a: Aggron|Curse|p1a: Aggron\n|-unboost|p1a: Aggron|spe|1\n|-boost|p1a: Aggron|atk|1\n|-boost|p1a: Aggron|def|1\n|\n|-heal|p2a: Zamazenta|100\/100|[from] item: Leftovers\n|upkeep\n|turn|21\n|\n|t:|1700705472\n|move|p2a: Zamazenta|Body Press|p1a: Aggron\n|-supereffective|p1a: Aggron\n|-damage|p1a: Aggron|75\/100\n|move|p1a: Aggron|Curse|p1a: Aggron\n|-unboost|p1a: Aggron|spe|1\n|-boost|p1a: Aggron|atk|1\n|-boost|p1a: Aggron|def|1\n|\n|upkeep\n|turn|22\n|\n|t:|1700705482\n|move|p2a: Zamazenta|Body Press|p1a: Aggron\n|-supereffective|p1a: Aggron\n|-damage|p1a: Aggron|54\/100\n|move|p1a: Aggron|Curse|p1a: Aggron\n|-unboost|p1a: Aggron|spe|1\n|-boost|p1a: Aggron|atk|1\n|-boost|p1a: Aggron|def|1\n|\n|upkeep\n|turn|23\n|\n|t:|1700705492\n|move|p2a: Zamazenta|Body Press|p1a: Aggron\n|-supereffective|p1a: Aggron\n|-damage|p1a: Aggron|37\/100\n|move|p1a: Aggron|Heavy Slam|p2a: Zamazenta\n|-crit|p2a: Zamazenta\n|-damage|p2a: Zamazenta|17\/100\n|\n|-heal|p2a: Zamazenta|23\/100|[from] item: Leftovers\n|upkeep\n|turn|24\n|\n|t:|1700705503\n|move|p2a: Zamazenta|Body Press|p1a: Aggron\n|-supereffective|p1a: Aggron\n|-damage|p1a: Aggron|18\/100\n|move|p1a: Aggron|Rest|p1a: Aggron\n|-status|p1a: Aggron|slp|[from] move: Rest\n|-heal|p1a: Aggron|100\/100 slp|[silent]\n|\n|-heal|p2a: Zamazenta|29\/100|[from] item: Leftovers\n|upkeep\n|turn|25\n|\n|t:|1700705521\n|-terastallize|p2a: Zamazenta|Steel\n|move|p2a: Zamazenta|Crunch|p1a: Aggron\n|-damage|p1a: Aggron|98\/100 slp\n|cant|p1a: Aggron|slp\n|move|p1a: Aggron|Sleep Talk|p1a: Aggron\n|move|p1a: Aggron|Curse|p1a: Aggron|[from]move: Sleep Talk\n|\n|-heal|p2a: Zamazenta|36\/100|[from] item: Leftovers\n|upkeep\n|turn|26\n|\n|t:|1700705534\n|move|p2a: Zamazenta|Crunch|p1a: Aggron\n|-damage|p1a: Aggron|96\/100 slp\n|cant|p1a: Aggron|slp\n|move|p1a: Aggron|Sleep Talk|p1a: Aggron\n|move|p1a: Aggron|Rest||[from]move: Sleep Talk|[still]\n|-fail|p1a: Aggron\n|\n|-heal|p2a: Zamazenta|42\/100|[from] item: Leftovers\n|upkeep\n|turn|27\n|\n|t:|1700705546\n|move|p2a: Zamazenta|Body Press|p1a: Aggron\n|-supereffective|p1a: Aggron\n|-damage|p1a: Aggron|76\/100 slp\n|-curestatus|p1a: Aggron|slp|[msg]\n|move|p1a: Aggron|Sleep Talk||[still]\n|-fail|p1a: Aggron\n|\n|-heal|p2a: Zamazenta|48\/100|[from] item: Leftovers\n|upkeep\n|turn|28\n|\n|t:|1700705556\n|move|p2a: Zamazenta|Body Press|p1a: Aggron\n|-supereffective|p1a: Aggron\n|-damage|p1a: Aggron|58\/100\n|move|p1a: Aggron|Heavy Slam|p2a: Zamazenta\n|-resisted|p2a: Zamazenta\n|-damage|p2a: Zamazenta|41\/100\n|\n|-heal|p2a: Zamazenta|47\/100|[from] item: Leftovers\n|upkeep\n|turn|29\n|\n|t:|1700705566\n|move|p2a: Zamazenta|Body Press|p1a: Aggron\n|-supereffective|p1a: Aggron\n|-damage|p1a: Aggron|41\/100\n|move|p1a: Aggron|Heavy Slam|p2a: Zamazenta\n|-resisted|p2a: Zamazenta\n|-damage|p2a: Zamazenta|40\/100\n|\n|-heal|p2a: Zamazenta|46\/100|[from] item: Leftovers\n|upkeep\n|turn|30\n|\n|t:|1700705576\n|move|p2a: Zamazenta|Body Press|p1a: Aggron\n|-supereffective|p1a: Aggron\n|-damage|p1a: Aggron|21\/100\n|move|p1a: Aggron|Rest|p1a: Aggron\n|-status|p1a: Aggron|slp|[from] move: Rest\n|-heal|p1a: Aggron|100\/100 slp|[silent]\n|\n|-heal|p2a: Zamazenta|53\/100|[from] item: Leftovers\n|upkeep\n|turn|31\n|\n|t:|1700705587\n|move|p2a: Zamazenta|Body Press|p1a: Aggron\n|-supereffective|p1a: Aggron\n|-damage|p1a: Aggron|80\/100 slp\n|cant|p1a: Aggron|slp\n|move|p1a: Aggron|Sleep Talk|p1a: Aggron\n|move|p1a: Aggron|Heavy Slam|p2a: Zamazenta|[from]move: Sleep Talk\n|-resisted|p2a: Zamazenta\n|-damage|p2a: Zamazenta|46\/100\n|\n|-heal|p2a: Zamazenta|52\/100|[from] item: Leftovers\n|upkeep\n|turn|32\n|\n|t:|1700705600\n|move|p2a: Zamazenta|Body Press|p1a: Aggron\n|-supereffective|p1a: Aggron\n|-damage|p1a: Aggron|62\/100 slp\n|cant|p1a: Aggron|slp\n|\n|-heal|p2a: Zamazenta|58\/100|[from] item: Leftovers\n|upkeep\n|turn|33\n|\n|t:|1700705610\n|move|p2a: Zamazenta|Body Press|p1a: Aggron\n|-supereffective|p1a: Aggron\n|-damage|p1a: Aggron|44\/100 slp\n|-curestatus|p1a: Aggron|slp|[msg]\n|move|p1a: Aggron|Heavy Slam|p2a: Zamazenta\n|-resisted|p2a: Zamazenta\n|-damage|p2a: Zamazenta|51\/100\n|\n|-heal|p2a: Zamazenta|57\/100|[from] item: Leftovers\n|upkeep\n|turn|34\n|\n|t:|1700705622\n|move|p2a: Zamazenta|Body Press|p1a: Aggron\n|-supereffective|p1a: Aggron\n|-damage|p1a: Aggron|24\/100\n|move|p1a: Aggron|Heavy Slam|p2a: Zamazenta\n|-resisted|p2a: Zamazenta\n|-damage|p2a: Zamazenta|49\/100\n|\n|-heal|p2a: Zamazenta|55\/100|[from] item: Leftovers\n|upkeep\n|turn|35\n|\n|t:|1700705634\n|move|p2a: Zamazenta|Iron Defense|p2a: Zamazenta\n|-boost|p2a: Zamazenta|def|0\n|move|p1a: Aggron|Rest|p1a: Aggron\n|-status|p1a: Aggron|slp|[from] move: Rest\n|-heal|p1a: Aggron|100\/100 slp|[silent]\n|\n|-heal|p2a: Zamazenta|62\/100|[from] item: Leftovers\n|upkeep\n|turn|36\n|\n|t:|1700705643\n|move|p2a: Zamazenta|Iron Defense|p2a: Zamazenta\n|-boost|p2a: Zamazenta|def|0\n|cant|p1a: Aggron|slp\n|\n|-heal|p2a: Zamazenta|68\/100|[from] item: Leftovers\n|upkeep\n|turn|37\n|\n|t:|1700705651\n|move|p2a: Zamazenta|Iron Defense|p2a: Zamazenta\n|-boost|p2a: Zamazenta|def|0\n|cant|p1a: Aggron|slp\n|move|p1a: Aggron|Sleep Talk|p1a: Aggron\n|move|p1a: Aggron|Rest||[from]move: Sleep Talk|[still]\n|-fail|p1a: Aggron\n|\n|-heal|p2a: Zamazenta|74\/100|[from] item: Leftovers\n|upkeep\n|turn|38\n|c|\u2606ggeennggaarr|i have enough pp\n|\n|t:|1700705664\n|move|p2a: Zamazenta|Iron Defense|p2a: Zamazenta\n|-boost|p2a: Zamazenta|def|0\n|-curestatus|p1a: Aggron|slp|[msg]\n|move|p1a: Aggron|Sleep Talk||[still]\n|-fail|p1a: Aggron\n|\n|-heal|p2a: Zamazenta|80\/100|[from] item: Leftovers\n|upkeep\n|turn|39\n|\n|t:|1700705673\n|move|p2a: Zamazenta|Iron Defense|p2a: Zamazenta\n|-boost|p2a: Zamazenta|def|0\n|move|p1a: Aggron|Heavy Slam|p2a: Zamazenta\n|-resisted|p2a: Zamazenta\n|-damage|p2a: Zamazenta|73\/100\n|\n|-heal|p2a: Zamazenta|79\/100|[from] item: Leftovers\n|upkeep\n|turn|40\n|\n|t:|1700705682\n|move|p2a: Zamazenta|Iron Defense|p2a: Zamazenta\n|-boost|p2a: Zamazenta|def|0\n|move|p1a: Aggron|Heavy Slam|p2a: Zamazenta\n|-resisted|p2a: Zamazenta\n|-damage|p2a: Zamazenta|72\/100\n|\n|-heal|p2a: Zamazenta|78\/100|[from] item: Leftovers\n|upkeep\n|turn|41\n|\n|t:|1700705691\n|move|p2a: Zamazenta|Substitute|p2a: Zamazenta\n|-start|p2a: Zamazenta|Substitute\n|-damage|p2a: Zamazenta|53\/100\n|move|p1a: Aggron|Heavy Slam|p2a: Zamazenta\n|-resisted|p2a: Zamazenta\n|-activate|p2a: Zamazenta|move: Substitute|[damage]\n|\n|-heal|p2a: Zamazenta|60\/100|[from] item: Leftovers\n|upkeep\n|turn|42\n|\n|t:|1700705700\n|move|p2a: Zamazenta|Substitute|p2a: Zamazenta\n|-fail|p2a: Zamazenta|move: Substitute\n|move|p1a: Aggron|Heavy Slam|p2a: Zamazenta\n|-resisted|p2a: Zamazenta\n|-crit|p2a: Zamazenta\n|-end|p2a: Zamazenta|Substitute\n|\n|-heal|p2a: Zamazenta|66\/100|[from] item: Leftovers\n|upkeep\n|turn|43\n|\n|t:|1700705710\n|move|p2a: Zamazenta|Substitute|p2a: Zamazenta\n|-start|p2a: Zamazenta|Substitute\n|-damage|p2a: Zamazenta|41\/100\n|move|p1a: Aggron|Heavy Slam|p2a: Zamazenta\n|-resisted|p2a: Zamazenta\n|-activate|p2a: Zamazenta|move: Substitute|[damage]\n|\n|-heal|p2a: Zamazenta|47\/100|[from] item: Leftovers\n|upkeep\n|turn|44\n|\n|t:|1700705722\n|move|p2a: Zamazenta|Substitute|p2a: Zamazenta\n|-fail|p2a: Zamazenta|move: Substitute\n|move|p1a: Aggron|Heavy Slam|p2a: Zamazenta\n|-resisted|p2a: Zamazenta\n|-activate|p2a: Zamazenta|move: Substitute|[damage]\n|\n|-heal|p2a: Zamazenta|53\/100|[from] item: Leftovers\n|upkeep\n|turn|45\n|\n|t:|1700705737\n|move|p2a: Zamazenta|Substitute|p2a: Zamazenta\n|-fail|p2a: Zamazenta|move: Substitute\n|move|p1a: Aggron|Heavy Slam|p2a: Zamazenta\n|-resisted|p2a: Zamazenta\n|-activate|p2a: Zamazenta|move: Substitute|[damage]\n|\n|-heal|p2a: Zamazenta|59\/100|[from] item: Leftovers\n|upkeep\n|turn|46\n|\n|t:|1700705747\n|move|p2a: Zamazenta|Substitute|p2a: Zamazenta\n|-fail|p2a: Zamazenta|move: Substitute\n|move|p1a: Aggron|Heavy Slam|p2a: Zamazenta\n|-resisted|p2a: Zamazenta\n|-end|p2a: Zamazenta|Substitute\n|\n|-heal|p2a: Zamazenta|65\/100|[from] item: Leftovers\n|upkeep\n|turn|47\n|\n|t:|1700705757\n|move|p2a: Zamazenta|Substitute|p2a: Zamazenta\n|-start|p2a: Zamazenta|Substitute\n|-damage|p2a: Zamazenta|40\/100\n|move|p1a: Aggron|Heavy Slam|p2a: Zamazenta\n|-resisted|p2a: Zamazenta\n|-activate|p2a: Zamazenta|move: Substitute|[damage]\n|\n|-heal|p2a: Zamazenta|47\/100|[from] item: Leftovers\n|upkeep\n|turn|48\n|\n|t:|1700705772\n|move|p2a: Zamazenta|Substitute|p2a: Zamazenta\n|-fail|p2a: Zamazenta|move: Substitute\n|move|p1a: Aggron|Curse|p1a: Aggron\n|\n|-heal|p2a: Zamazenta|53\/100|[from] item: Leftovers\n|upkeep\n|turn|49\n|\n|t:|1700705780\n|move|p2a: Zamazenta|Crunch|p1a: Aggron\n|-damage|p1a: Aggron|98\/100\n|move|p1a: Aggron|Curse|p1a: Aggron\n|\n|-heal|p2a: Zamazenta|59\/100|[from] item: Leftovers\n|upkeep\n|turn|50\n|\n|t:|1700705798\n|move|p2a: Zamazenta|Crunch|p1a: Aggron\n|-damage|p1a: Aggron|96\/100\n|move|p1a: Aggron|Curse|p1a: Aggron\n|\n|-heal|p2a: Zamazenta|65\/100|[from] item: Leftovers\n|upkeep\n|turn|51\n|\n|t:|1700705811\n|move|p2a: Zamazenta|Crunch|p1a: Aggron\n|-damage|p1a: Aggron|94\/100\n|move|p1a: Aggron|Curse|p1a: Aggron\n|\n|-heal|p2a: Zamazenta|71\/100|[from] item: Leftovers\n|upkeep\n|turn|52\n|\n|t:|1700705826\n|move|p2a: Zamazenta|Crunch|p1a: Aggron\n|-damage|p1a: Aggron|91\/100\n|move|p1a: Aggron|Curse|p1a: Aggron\n|\n|-heal|p2a: Zamazenta|78\/100|[from] item: Leftovers\n|upkeep\n|turn|53\n|\n|t:|1700705829\n|move|p2a: Zamazenta|Crunch|p1a: Aggron\n|-damage|p1a: Aggron|89\/100\n|move|p1a: Aggron|Curse|p1a: Aggron\n|\n|-heal|p2a: Zamazenta|84\/100|[from] item: Leftovers\n|upkeep\n|turn|54\n|\n|t:|1700705840\n|move|p2a: Zamazenta|Crunch|p1a: Aggron\n|-damage|p1a: Aggron|87\/100\n|move|p1a: Aggron|Curse|p1a: Aggron\n|\n|-heal|p2a: Zamazenta|90\/100|[from] item: Leftovers\n|upkeep\n|turn|55\n|\n|t:|1700705844\n|move|p2a: Zamazenta|Crunch|p1a: Aggron\n|-damage|p1a: Aggron|85\/100\n|move|p1a: Aggron|Curse|p1a: Aggron\n|\n|-heal|p2a: Zamazenta|96\/100|[from] item: Leftovers\n|upkeep\n|turn|56\n|\n|t:|1700705853\n|move|p2a: Zamazenta|Crunch|p1a: Aggron\n|-damage|p1a: Aggron|82\/100\n|move|p1a: Aggron|Curse|p1a: Aggron\n|\n|-heal|p2a: Zamazenta|100\/100|[from] item: Leftovers\n|upkeep\n|turn|57\n|\n|t:|1700705858\n|move|p2a: Zamazenta|Crunch|p1a: Aggron\n|-damage|p1a: Aggron|80\/100\n|move|p1a: Aggron|Curse|p1a: Aggron\n|\n|upkeep\n|turn|58\n|\n|t:|1700705864\n|move|p2a: Zamazenta|Crunch|p1a: Aggron\n|-damage|p1a: Aggron|78\/100\n|move|p1a: Aggron|Sleep Talk||[still]\n|-fail|p1a: Aggron\n|\n|upkeep\n|turn|59\n|\n|t:|1700705870\n|move|p2a: Zamazenta|Crunch|p1a: Aggron\n|-damage|p1a: Aggron|75\/100\n|move|p1a: Aggron|Rest|p1a: Aggron\n|-status|p1a: Aggron|slp|[from] move: Rest\n|-heal|p1a: Aggron|100\/100 slp|[silent]\n|\n|upkeep\n|turn|60\n|\n|t:|1700705874\n|move|p2a: Zamazenta|Crunch|p1a: Aggron\n|-damage|p1a: Aggron|98\/100 slp\n|cant|p1a: Aggron|slp\n|move|p1a: Aggron|Sleep Talk|p1a: Aggron\n|move|p1a: Aggron|Heavy Slam|p2a: Zamazenta|[from]move: Sleep Talk\n|-resisted|p2a: Zamazenta\n|-activate|p2a: Zamazenta|move: Substitute|[damage]\n|\n|upkeep\n|turn|61\n|c|\u2606ggeennggaarr|you lose\n|\n|t:|1700705894\n|move|p2a: Zamazenta|Crunch|p1a: Aggron\n|-damage|p1a: Aggron|96\/100 slp\n|cant|p1a: Aggron|slp\n|move|p1a: Aggron|Sleep Talk|p1a: Aggron\n|move|p1a: Aggron|Curse|p1a: Aggron|[from]move: Sleep Talk\n|\n|upkeep\n|turn|62\n|\n|t:|1700705903\n|move|p2a: Zamazenta|Crunch|p1a: Aggron\n|-damage|p1a: Aggron|94\/100 slp\n|-curestatus|p1a: Aggron|slp|[msg]\n|move|p1a: Aggron|Sleep Talk||[still]\n|-fail|p1a: Aggron\n|\n|upkeep\n|turn|63\n|\n|t:|1700705912\n|move|p2a: Zamazenta|Iron Defense|p2a: Zamazenta\n|-boost|p2a: Zamazenta|def|0\n|move|p1a: Aggron|Rest|p1a: Aggron\n|-status|p1a: Aggron|slp|[from] move: Rest\n|-heal|p1a: Aggron|100\/100 slp|[silent]\n|\n|upkeep\n|turn|64\n|\n|t:|1700705927\n|move|p2a: Zamazenta|Iron Defense|p2a: Zamazenta\n|-boost|p2a: Zamazenta|def|0\n|cant|p1a: Aggron|slp\n|move|p1a: Aggron|Sleep Talk|p1a: Aggron\n|move|p1a: Aggron|Rest||[from]move: Sleep Talk|[still]\n|-fail|p1a: Aggron\n|\n|upkeep\n|turn|65\n|\n|t:|1700705938\n|move|p2a: Zamazenta|Iron Defense|p2a: Zamazenta\n|-boost|p2a: Zamazenta|def|0\n|cant|p1a: Aggron|slp\n|move|p1a: Aggron|Sleep Talk|p1a: Aggron\n|move|p1a: Aggron|Heavy Slam|p2a: Zamazenta|[from]move: Sleep Talk\n|-resisted|p2a: Zamazenta\n|-activate|p2a: Zamazenta|move: Substitute|[damage]\n|\n|upkeep\n|turn|66\n|\n|t:|1700705956\n|move|p2a: Zamazenta|Iron Defense|p2a: Zamazenta\n|-boost|p2a: Zamazenta|def|0\n|-curestatus|p1a: Aggron|slp|[msg]\n|move|p1a: Aggron|Sleep Talk||[still]\n|-fail|p1a: Aggron\n|\n|upkeep\n|turn|67\n|inactive|Victim19 has 120 seconds left.\n|\n|t:|1700705988\n|switch|p1a: Blaziken|Blaziken, F|88\/100\n|-damage|p1a: Blaziken|76\/100|[from] Spikes\n|move|p2a: Zamazenta|Iron Defense|p2a: Zamazenta\n|-boost|p2a: Zamazenta|def|0\n|\n|upkeep\n|turn|68\n|inactive|Victim19 has 120 seconds left.\n|\n|t:|1700706007\n|move|p2a: Zamazenta|Body Press|p1a: Blaziken\n|-damage|p1a: Blaziken|0 fnt\n|faint|p1a: Blaziken\n|\n|upkeep\n|\n|t:|1700706015\n|switch|p1a: Polteageist|Polteageist|100\/100\n|-damage|p1a: Polteageist|88\/100|[from] Spikes\n|turn|69\n|inactive|ggeennggaarr has 120 seconds left.\n|\n|t:|1700706058\n|-terastallize|p1a: Polteageist|Ghost\n|move|p2a: Zamazenta|Crunch|p1a: Polteageist\n|-supereffective|p1a: Polteageist\n|-crit|p1a: Polteageist\n|-damage|p1a: Polteageist|0 fnt\n|faint|p1a: Polteageist\n|\n|upkeep\n|\n|t:|1700706072\n|switch|p1a: Aggron|Aggron-Mega, F|100\/100\n|-damage|p1a: Aggron|88\/100|[from] Spikes\n|turn|70\n|inactive|ggeennggaarr has 120 seconds left.\n|inactive|Victim19 has 90 seconds left.\n|inactive|Victim19 has 60 seconds left.\n|inactive|Victim19 has 30 seconds left.\n|inactive|Victim19 has 20 seconds left.\n|inactive|Victim19 has 15 seconds left.\n|inactive|Victim19 has 10 seconds left.\n|inactive|Victim19 has 5 seconds left.\n|-message|Victim19 lost due to inactivity.\n|\n|win|ggeennggaarr\n|raw|Victim19's rating: 1324 &rarr; <strong>1304<\/strong><br \/>(-20 for losing)\n|raw|ggeennggaarr's rating: 1320 &rarr; <strong>1340<\/strong><br \/>(+20 for winning)\n","uploadtime":1700706229,"views":7,"p1id":"victim19","p2id":"ggeennggaarr","formatid":"gen9nationaldex","rating":1304,"private":0,"password":""}