{"id":"gen9nationaldex-1998696936","p1":"SuZo","p2":"Common Krookodile","format":"[Gen 9] National Dex","log":"|html|<div class=\"broadcast-blue\"><strong>[Gen 9] National Dex is currently suspecting Sneasler! For information on how to participate check out the <a href=\"https:\/\/www.smogon.com\/forums\/threads\/sv-national-dex-suspect-8-just-dance.3731534\/\">suspect thread<\/a>.<\/strong><\/div>\n|j|\u2606SuZo\n|j|\u2606Common Krookodile\n|t:|1700973967\n|gametype|singles\n|player|p1|SuZo|lusamine-nihilego|1322\n|player|p2|Common Krookodile|fisherman-gen4|1400\n|teamsize|p1|6\n|teamsize|p2|6\n|gen|9\n|tier|[Gen 9] National Dex\n|rated|\n|rule|HP Percentage Mod: HP is shown in percentages\n|rule|Endless Battle Clause: Forcing endless battles is banned\n|rule|OHKO Clause: OHKO moves are banned\n|rule|Evasion Clause: Evasion abilities, items, and moves are banned\n|rule|Evasion Abilities Clause: Evasion abilities are banned\n|rule|Evasion Items Clause: Evasion items are banned\n|rule|Evasion Moves Clause: Evasion moves are banned\n|rule|Species Clause: Limit one of each Pok\u00e9mon\n|rule|Sleep Clause Mod: Limit one foe put to sleep\n|clearpoke\n|poke|p1|Tapu Lele|\n|poke|p1|Ogerpon-Cornerstone, F|\n|poke|p1|Sneasler, M|\n|poke|p1|Charizard, M|\n|poke|p1|Polteageist|\n|poke|p1|Volcarona, M|\n|poke|p2|Pelipper, F|\n|poke|p2|Swampert, M|\n|poke|p2|Heliolisk, M|\n|poke|p2|Ferrothorn, M|\n|poke|p2|Tornadus-Therian, M|\n|poke|p2|Quaquaval, F|\n|teampreview\n|inactive|Battle timer is ON: inactive players will automatically lose when time's up. (requested by Common Krookodile)\n|\n|t:|1700973973\n|start\n|switch|p1a: Ogerpon|Ogerpon-Cornerstone, F|100\/100\n|switch|p2a: Heliolisk|Heliolisk, M|100\/100\n|turn|1\n|\n|t:|1700973985\n|move|p1a: Ogerpon|Taunt|p2a: Heliolisk\n|-start|p2a: Heliolisk|move: Taunt\n|move|p2a: Heliolisk|Volt Switch|p1a: Ogerpon\n|-resisted|p1a: Ogerpon\n|-damage|p1a: Ogerpon|80\/100\n|\n|t:|1700973990\n|switch|p2a: Ferrothorn|Ferrothorn, M|100\/100|[from] Volt Switch\n|\n|upkeep\n|turn|2\n|\n|t:|1700973994\n|move|p1a: Ogerpon|Taunt|p2a: Ferrothorn\n|-start|p2a: Ferrothorn|move: Taunt\n|move|p2a: Ferrothorn|Gyro Ball|p1a: Ogerpon\n|-supereffective|p1a: Ogerpon\n|-damage|p1a: Ogerpon|0 fnt\n|faint|p1a: Ogerpon\n|\n|upkeep\n|\n|t:|1700974004\n|switch|p1a: Tapu Lele|Tapu Lele|100\/100\n|-fieldstart|move: Psychic Terrain|[from] ability: Psychic Surge|[of] p1a: Tapu Lele\n|turn|3\n|\n|t:|1700974017\n|switch|p1a: Charizard|Charizard, M|100\/100\n|switch|p2a: Pelipper|Pelipper, F|100\/100\n|-weather|RainDance|[from] ability: Drizzle|[of] p2a: Pelipper\n|\n|-weather|RainDance|[upkeep]\n|upkeep\n|turn|4\n|\n|t:|1700974027\n|detailschange|p1a: Charizard|Charizard-Mega-X, M\n|-mega|p1a: Charizard|Charizard|Charizardite X\n|move|p1a: Charizard|Dragon Dance|p1a: Charizard\n|-boost|p1a: Charizard|atk|1\n|-boost|p1a: Charizard|spe|1\n|move|p2a: Pelipper|Scald|p1a: Charizard\n|-damage|p1a: Charizard|43\/100\n|\n|-weather|RainDance|[upkeep]\n|upkeep\n|turn|5\n|\n|t:|1700974035\n|move|p1a: Charizard|Dragon Claw|p2a: Pelipper\n|-damage|p2a: Pelipper|31\/100\n|move|p2a: Pelipper|Scald|p1a: Charizard\n|-damage|p1a: Charizard|0 fnt\n|faint|p1a: Charizard\n|\n|-weather|RainDance|[upkeep]\n|upkeep\n|\n|t:|1700974048\n|switch|p1a: Sneasler|Sneasler, M|100\/100\n|-enditem|p1a: Sneasler|Psychic Seed\n|-boost|p1a: Sneasler|spd|1|[from] item: Psychic Seed\n|turn|6\n|\n|t:|1700974058\n|switch|p2a: Ferrothorn|Ferrothorn, M|100\/100\n|move|p1a: Sneasler|Acrobatics|p2a: Ferrothorn\n|-damage|p2a: Ferrothorn|75\/100\n|-damage|p1a: Sneasler|88\/100|[from] ability: Iron Barbs|[of] p2a: Ferrothorn\n|\n|-weather|RainDance|[upkeep]\n|-heal|p2a: Ferrothorn|81\/100|[from] item: Leftovers\n|upkeep\n|turn|7\n|\n|t:|1700974075\n|switch|p2a: Tornadus|Tornadus-Therian, M|100\/100\n|move|p1a: Sneasler|Close Combat|p2a: Tornadus\n|-resisted|p2a: Tornadus\n|-damage|p2a: Tornadus|62\/100\n|-unboost|p1a: Sneasler|def|1\n|-unboost|p1a: Sneasler|spd|1\n|\n|-weather|RainDance|[upkeep]\n|-fieldend|move: Psychic Terrain\n|upkeep\n|turn|8\n|\n|t:|1700974083\n|move|p1a: Sneasler|Dire Claw|p2a: Tornadus\n|-damage|p2a: Tornadus|7\/100\n|-status|p2a: Tornadus|par\n|move|p2a: Tornadus|Hurricane|p1a: Sneasler\n|-supereffective|p1a: Sneasler\n|-damage|p1a: Sneasler|0 fnt\n|faint|p1a: Sneasler\n|\n|-weather|RainDance|[upkeep]\n|upkeep\n|\n|t:|1700974092\n|switch|p1a: Tapu Lele|Tapu Lele|100\/100\n|-fieldstart|move: Psychic Terrain|[from] ability: Psychic Surge|[of] p1a: Tapu Lele\n|turn|9\n|\n|t:|1700974101\n|move|p1a: Tapu Lele|Shadow Ball|p2a: Tornadus\n|-damage|p2a: Tornadus|0 fnt\n|faint|p2a: Tornadus\n|\n|-weather|RainDance|[upkeep]\n|upkeep\n|\n|t:|1700974106\n|switch|p2a: Ferrothorn|Ferrothorn, M|81\/100\n|turn|10\n|\n|t:|1700974110\n|move|p1a: Tapu Lele|Shadow Ball|p2a: Ferrothorn\n|-damage|p2a: Ferrothorn|53\/100\n|move|p2a: Ferrothorn|Leech Seed|p1a: Tapu Lele\n|-start|p1a: Tapu Lele|move: Leech Seed\n|\n|-weather|none\n|-heal|p2a: Ferrothorn|60\/100|[from] item: Leftovers\n|-damage|p1a: Tapu Lele|88\/100|[from] Leech Seed|[of] p2a: Ferrothorn\n|-heal|p2a: Ferrothorn|70\/100|[silent]\n|upkeep\n|turn|11\n|\n|t:|1700974118\n|move|p2a: Ferrothorn|Protect|p2a: Ferrothorn\n|-singleturn|p2a: Ferrothorn|Protect\n|move|p1a: Tapu Lele|Shadow Ball|p2a: Ferrothorn\n|-activate|p2a: Ferrothorn|move: Protect\n|\n|-heal|p2a: Ferrothorn|76\/100|[from] item: Leftovers\n|-damage|p1a: Tapu Lele|76\/100|[from] Leech Seed|[of] p2a: Ferrothorn\n|-heal|p2a: Ferrothorn|86\/100|[silent]\n|upkeep\n|turn|12\n|\n|t:|1700974127\n|switch|p1a: Volcarona|Volcarona, M|100\/100\n|move|p2a: Ferrothorn|Leech Seed|p1a: Volcarona\n|-start|p1a: Volcarona|move: Leech Seed\n|\n|-heal|p2a: Ferrothorn|92\/100|[from] item: Leftovers\n|-damage|p1a: Volcarona|88\/100|[from] Leech Seed|[of] p2a: Ferrothorn\n|-heal|p2a: Ferrothorn|100\/100|[silent]\n|upkeep\n|turn|13\n|\n|t:|1700974136\n|switch|p2a: Quaquaval|Quaquaval, F|100\/100\n|move|p1a: Volcarona|Quiver Dance|p1a: Volcarona\n|-boost|p1a: Volcarona|spa|1\n|-boost|p1a: Volcarona|spd|1\n|-boost|p1a: Volcarona|spe|1\n|\n|-damage|p1a: Volcarona|76\/100|[from] Leech Seed|[of] p2a: Quaquaval\n|-fieldend|move: Psychic Terrain\n|upkeep\n|turn|14\n|\n|t:|1700974145\n|-terastallize|p1a: Volcarona|Grass\n|move|p1a: Volcarona|Giga Drain|p2a: Quaquaval\n|-supereffective|p2a: Quaquaval\n|-damage|p2a: Quaquaval|0 fnt\n|-heal|p1a: Volcarona|100\/100|[from] drain|[of] p2a: Quaquaval\n|faint|p2a: Quaquaval\n|\n|upkeep\n|\n|t:|1700974151\n|switch|p2a: Pelipper|Pelipper, F|31\/100\n|-weather|RainDance|[from] ability: Drizzle|[of] p2a: Pelipper\n|turn|15\n|\n|t:|1700974156\n|move|p1a: Volcarona|Giga Drain|p2a: Pelipper\n|-damage|p2a: Pelipper|0 fnt\n|faint|p2a: Pelipper\n|\n|-weather|RainDance|[upkeep]\n|upkeep\n|\n|t:|1700974162\n|switch|p2a: Swampert|Swampert, M|100\/100\n|turn|16\n|\n|t:|1700974164\n|detailschange|p2a: Swampert|Swampert-Mega, M\n|-mega|p2a: Swampert|Swampert|Swampertite\n|move|p2a: Swampert|Ice Punch|p1a: Volcarona\n|-supereffective|p1a: Volcarona\n|-damage|p1a: Volcarona|43\/100\n|-status|p2a: Swampert|brn|[from] ability: Flame Body|[of] p1a: Volcarona\n|move|p1a: Volcarona|Giga Drain|p2a: Swampert\n|-supereffective|p2a: Swampert\n|-damage|p2a: Swampert|0 fnt\n|-heal|p1a: Volcarona|88\/100|[from] drain|[of] p2a: Swampert\n|faint|p2a: Swampert\n|\n|-weather|RainDance|[upkeep]\n|upkeep\n|\n|t:|1700974178\n|switch|p2a: Ferrothorn|Ferrothorn, M|100\/100\n|turn|17\n|\n|t:|1700974183\n|move|p1a: Volcarona|Fiery Dance|p2a: Ferrothorn\n|-supereffective|p2a: Ferrothorn\n|-damage|p2a: Ferrothorn|12\/100\n|move|p2a: Ferrothorn|Gyro Ball|p1a: Volcarona\n|-damage|p1a: Volcarona|44\/100\n|-status|p2a: Ferrothorn|brn|[from] ability: Flame Body|[of] p1a: Volcarona\n|\n|-weather|RainDance|[upkeep]\n|-heal|p2a: Ferrothorn|18\/100 brn|[from] item: Leftovers\n|-damage|p1a: Volcarona|32\/100|[from] Leech Seed|[of] p2a: Ferrothorn\n|-heal|p2a: Ferrothorn|31\/100 brn|[silent]\n|-damage|p2a: Ferrothorn|25\/100 brn|[from] brn\n|upkeep\n|turn|18\n|\n|t:|1700974197\n|move|p1a: Volcarona|Bug Buzz|p2a: Ferrothorn\n|-damage|p2a: Ferrothorn|0 fnt\n|faint|p2a: Ferrothorn\n|\n|-weather|RainDance|[upkeep]\n|upkeep\n|\n|t:|1700974200\n|switch|p2a: Heliolisk|Heliolisk, M|100\/100\n|turn|19\n|\n|t:|1700974204\n|move|p1a: Volcarona|Bug Buzz|p2a: Heliolisk\n|-damage|p2a: Heliolisk|20\/100\n|move|p2a: Heliolisk|Hyper Voice|p1a: Volcarona\n|-damage|p1a: Volcarona|8\/100\n|\n|-weather|RainDance|[upkeep]\n|-heal|p2a: Heliolisk|32\/100|[from] ability: Dry Skin\n|-damage|p1a: Volcarona|0 fnt|[from] Leech Seed|[of] p2a: Heliolisk\n|-heal|p2a: Heliolisk|42\/100|[silent]\n|faint|p1a: Volcarona\n|upkeep\n|\n|t:|1700974214\n|switch|p1a: Tapu Lele|Tapu Lele|76\/100\n|-fieldstart|move: Psychic Terrain|[from] ability: Psychic Surge|[of] p1a: Tapu Lele\n|turn|20\n|\n|t:|1700974219\n|move|p1a: Tapu Lele|Moonblast|p2a: Heliolisk\n|-damage|p2a: Heliolisk|0 fnt\n|faint|p2a: Heliolisk\n|\n|win|SuZo\n|raw|SuZo's rating: 1322 &rarr; <strong>1346<\/strong><br \/>(+24 for winning)\n|raw|Common Krookodile's rating: 1400 &rarr; <strong>1376<\/strong><br \/>(-24 for losing)\n|c|\u2606Common Krookodile|gg\n|c|\u2606SuZo|gg\n|l|\u2606Common Krookodile\n","uploadtime":1700975029,"views":2,"p1id":"suzo","p2id":"commonkrookodile","formatid":"gen9nationaldex","rating":1346,"private":0,"password":""}