{"id":"gen9nationaldex-1989227704","p1":"JWZ456","p2":"85792195wwww","format":"[Gen 9] National Dex","log":"|j|\u2606JWZ456\n|j|\u260685792195wwww\n|t:|1699825596\n|gametype|singles\n|player|p1|JWZ456|169|1545\n|player|p2|85792195wwww|mira|1657\n|teamsize|p1|6\n|teamsize|p2|6\n|gen|9\n|tier|[Gen 9] National Dex\n|rated|\n|rule|HP Percentage Mod: HP is shown in percentages\n|rule|Endless Battle Clause: Forcing endless battles is banned\n|rule|OHKO Clause: OHKO moves are banned\n|rule|Evasion Clause: Evasion abilities, items, and moves are banned\n|rule|Evasion Abilities Clause: Evasion abilities are banned\n|rule|Evasion Items Clause: Evasion items are banned\n|rule|Evasion Moves Clause: Evasion moves are banned\n|rule|Species Clause: Limit one of each Pok\u00e9mon\n|rule|Sleep Clause Mod: Limit one foe put to sleep\n|clearpoke\n|poke|p1|Alomomola, F|\n|poke|p1|Breloom, M|\n|poke|p1|Aegislash, F|\n|poke|p1|Rotom-Heat|\n|poke|p1|Enamorus, F|\n|poke|p1|Tyranitar, M|\n|poke|p2|Dhelmise|\n|poke|p2|Garchomp, F|\n|poke|p2|Medicham, M|\n|poke|p2|Tapu Lele|\n|poke|p2|Cinderace, F|\n|poke|p2|Ursaluna, F|\n|teampreview\n|\n|t:|1699825618\n|start\n|switch|p1a: Aegislash|Aegislash, F|100\/100\n|switch|p2a: Garchomp|Garchomp, F|100\/100\n|turn|1\n|\n|t:|1699825625\n|move|p2a: Garchomp|Stealth Rock|p1a: Aegislash\n|-sidestart|p1: JWZ456|move: Stealth Rock\n|move|p1a: Aegislash|Substitute|p1a: Aegislash\n|-start|p1a: Aegislash|Substitute\n|-damage|p1a: Aegislash|76\/100\n|\n|-heal|p1a: Aegislash|82\/100|[from] item: Leftovers\n|upkeep\n|turn|2\n|\n|t:|1699825640\n|move|p2a: Garchomp|Earthquake|p1a: Aegislash\n|-supereffective|p1a: Aegislash\n|-end|p1a: Aegislash|Substitute\n|-formechange|p1a: Aegislash|Aegislash-Blade||[from] ability: Stance Change\n|move|p1a: Aegislash|Shadow Ball|p2a: Garchomp\n|-damage|p2a: Garchomp|61\/100\n|\n|-heal|p1a: Aegislash|88\/100|[from] item: Leftovers\n|upkeep\n|turn|3\n|\n|t:|1699825654\n|switch|p2a: Ursaluna|Ursaluna, F|100\/100\n|switch|p1a: Alomomola|Alomomola, F, shiny|100\/100\n|-damage|p1a: Alomomola|88\/100|[from] Stealth Rock\n|\n|-status|p2a: Ursaluna|brn|[from] item: Flame Orb\n|upkeep\n|turn|4\n|\n|t:|1699825667\n|-terastallize|p2a: Ursaluna|Normal\n|move|p2a: Ursaluna|Facade|p1a: Alomomola\n|-damage|p1a: Alomomola|3\/100\n|-damage|p2a: Ursaluna|84\/100 brn|[from] item: Rocky Helmet|[of] p1a: Alomomola\n|move|p1a: Alomomola|Flip Turn|p2a: Ursaluna\n|-damage|p2a: Ursaluna|71\/100 brn\n|\n|t:|1699825694\n|switch|p1a: Enamorus|Enamorus, F|100\/100|[from] Flip Turn\n|-damage|p1a: Enamorus|76\/100|[from] Stealth Rock\n|\n|-damage|p2a: Ursaluna|64\/100 brn|[from] brn\n|upkeep\n|turn|5\n|\n|t:|1699825706\n|switch|p2a: Cinderace|Cinderace, F|100\/100\n|move|p1a: Enamorus|Moonblast|p2a: Cinderace\n|-resisted|p2a: Cinderace\n|-damage|p2a: Cinderace|44\/100\n|\n|upkeep\n|turn|6\n|\n|t:|1699825716\n|move|p2a: Cinderace|U-turn|p1a: Enamorus\n|-start|p2a: Cinderace|typechange|Bug|[from] ability: Libero\n|-resisted|p1a: Enamorus\n|-damage|p1a: Enamorus|63\/100\n|\n|t:|1699825724\n|switch|p2a: Tapu Lele|Tapu Lele|100\/100|[from] U-turn\n|-fieldstart|move: Psychic Terrain|[from] ability: Psychic Surge|[of] p2a: Tapu Lele\n|move|p1a: Enamorus|Moonblast|p2a: Tapu Lele\n|-damage|p2a: Tapu Lele|21\/100\n|\n|upkeep\n|turn|7\n|\n|t:|1699825742\n|switch|p2a: Dhelmise|Dhelmise|100\/100\n|switch|p1a: Aegislash|Aegislash, F|88\/100\n|-damage|p1a: Aegislash|82\/100|[from] Stealth Rock\n|\n|-heal|p1a: Aegislash|88\/100|[from] item: Leftovers\n|upkeep\n|turn|8\n|\n|t:|1699825753\n|switch|p1a: Rotom|Rotom-Heat|100\/100\n|move|p2a: Dhelmise|Poltergeist|p1a: Rotom\n|-activate|p1a: Rotom|move: Poltergeist|Heavy-Duty Boots\n|-damage|p1a: Rotom|28\/100\n|\n|upkeep\n|turn|9\n|\n|t:|1699825768\n|switch|p1a: Tyranitar|Tyranitar, M|100\/100\n|-damage|p1a: Tyranitar|88\/100|[from] Stealth Rock\n|-weather|Sandstorm|[from] ability: Sand Stream|[of] p1a: Tyranitar\n|switch|p2a: Cinderace|Cinderace, F|44\/100\n|\n|-weather|Sandstorm|[upkeep]\n|-damage|p2a: Cinderace|38\/100|[from] Sandstorm\n|upkeep\n|turn|10\n|\n|t:|1699825780\n|detailschange|p1a: Tyranitar|Tyranitar-Mega, M\n|-mega|p1a: Tyranitar|Tyranitar|Tyranitarite\n|move|p2a: Cinderace|U-turn|p1a: Tyranitar\n|-start|p2a: Cinderace|typechange|Bug|[from] ability: Libero\n|-supereffective|p1a: Tyranitar\n|-damage|p1a: Tyranitar|47\/100\n|\n|t:|1699825788\n|switch|p2a: Garchomp|Garchomp, F|61\/100|[from] U-turn\n|move|p1a: Tyranitar|Stealth Rock|p2a: Garchomp\n|-sidestart|p2: 85792195wwww|move: Stealth Rock\n|\n|-weather|Sandstorm|[upkeep]\n|-fieldend|move: Psychic Terrain\n|upkeep\n|turn|11\n|\n|t:|1699825802\n|switch|p1a: Enamorus|Enamorus, F|63\/100\n|-damage|p1a: Enamorus|38\/100|[from] Stealth Rock\n|move|p2a: Garchomp|Earthquake|p1a: Enamorus\n|-immune|p1a: Enamorus\n|\n|-weather|Sandstorm|[upkeep]\n|-damage|p1a: Enamorus|32\/100|[from] Sandstorm\n|upkeep\n|turn|12\n|\n|t:|1699825825\n|switch|p2a: Tapu Lele|Tapu Lele|21\/100\n|-damage|p2a: Tapu Lele|9\/100|[from] Stealth Rock\n|-fieldstart|move: Psychic Terrain|[from] ability: Psychic Surge|[of] p2a: Tapu Lele\n|move|p1a: Enamorus|Moonblast|p2a: Tapu Lele\n|-damage|p2a: Tapu Lele|0 fnt\n|faint|p2a: Tapu Lele\n|\n|-weather|Sandstorm|[upkeep]\n|-damage|p1a: Enamorus|25\/100|[from] Sandstorm\n|upkeep\n|\n|t:|1699825838\n|switch|p2a: Cinderace|Cinderace, F|38\/100\n|turn|13\n|\n|t:|1699825849\n|move|p2a: Cinderace|Pyro Ball|p1a: Enamorus\n|-damage|p1a: Enamorus|0 fnt\n|faint|p1a: Enamorus\n|\n|-weather|none\n|upkeep\n|\n|t:|1699825860\n|switch|p1a: Tyranitar|Tyranitar-Mega, M|47\/100\n|-damage|p1a: Tyranitar|34\/100|[from] Stealth Rock\n|-weather|Sandstorm|[from] ability: Sand Stream|[of] p1a: Tyranitar\n|turn|14\n|\n|t:|1699825866\n|move|p2a: Cinderace|U-turn|p1a: Tyranitar\n|-start|p2a: Cinderace|typechange|Bug|[from] ability: Libero\n|-supereffective|p1a: Tyranitar\n|-damage|p1a: Tyranitar|0 fnt\n|faint|p1a: Tyranitar\n|\n|t:|1699825885\n|switch|p2a: Dhelmise|Dhelmise|100\/100|[from] U-turn\n|-damage|p2a: Dhelmise|88\/100|[from] Stealth Rock\n|\n|-weather|Sandstorm|[upkeep]\n|-damage|p2a: Dhelmise|82\/100|[from] Sandstorm\n|upkeep\n|\n|t:|1699825899\n|switch|p1a: Rotom|Rotom-Heat|28\/100\n|turn|15\n|\n|t:|1699825908\n|switch|p2a: Cinderace|Cinderace, F|38\/100\n|move|p1a: Rotom|Overheat|p2a: Cinderace|[miss]\n|-miss|p1a: Rotom|p2a: Cinderace\n|\n|-weather|Sandstorm|[upkeep]\n|-damage|p2a: Cinderace|32\/100|[from] Sandstorm\n|-damage|p1a: Rotom|22\/100|[from] Sandstorm\n|upkeep\n|turn|16\n|\n|t:|1699825924\n|move|p2a: Cinderace|U-turn|p1a: Rotom\n|-start|p2a: Cinderace|typechange|Bug|[from] ability: Libero\n|-resisted|p1a: Rotom\n|-damage|p1a: Rotom|2\/100\n|\n|t:|1699825930\n|switch|p2a: Medicham|Medicham, M|100\/100|[from] U-turn\n|-damage|p2a: Medicham|94\/100|[from] Stealth Rock\n|move|p1a: Rotom|Pain Split|p2a: Medicham\n|-sethp|p2a: Medicham|48\/100|[from] move: Pain Split|[silent]\n|-sethp|p1a: Rotom|42\/100|[from] move: Pain Split\n|\n|-weather|Sandstorm|[upkeep]\n|-damage|p2a: Medicham|42\/100|[from] Sandstorm\n|-damage|p1a: Rotom|36\/100|[from] Sandstorm\n|-fieldend|move: Psychic Terrain\n|upkeep\n|turn|17\n|\n|t:|1699825947\n|switch|p1a: Aegislash|Aegislash, F|88\/100\n|-damage|p1a: Aegislash|82\/100|[from] Stealth Rock\n|detailschange|p2a: Medicham|Medicham-Mega, M\n|-mega|p2a: Medicham|Medicham|Medichamite\n|move|p2a: Medicham|Zen Headbutt|p1a: Aegislash\n|-resisted|p1a: Aegislash\n|-damage|p1a: Aegislash|56\/100\n|\n|-weather|Sandstorm|[upkeep]\n|-damage|p2a: Medicham|36\/100|[from] Sandstorm\n|-heal|p1a: Aegislash|62\/100|[from] item: Leftovers\n|upkeep\n|turn|18\n|\n|t:|1699825966\n|move|p2a: Medicham|Zen Headbutt|p1a: Aegislash\n|-resisted|p1a: Aegislash\n|-damage|p1a: Aegislash|35\/100\n|move|p1a: Aegislash|Substitute|p1a: Aegislash\n|-start|p1a: Aegislash|Substitute\n|-damage|p1a: Aegislash|10\/100\n|\n|-weather|none\n|-heal|p1a: Aegislash|16\/100|[from] item: Leftovers\n|upkeep\n|turn|19\n|\n|t:|1699825979\n|switch|p2a: Ursaluna|Ursaluna, F, tera:Normal|64\/100 brn\n|-damage|p2a: Ursaluna|52\/100 brn|[from] Stealth Rock\n|move|p1a: Aegislash|King's Shield||[still]\n|-fail|p1a: Aegislash\n|\n|-heal|p1a: Aegislash|22\/100|[from] item: Leftovers\n|-damage|p2a: Ursaluna|46\/100 brn|[from] brn\n|upkeep\n|turn|20\n|\n|t:|1699825989\n|move|p1a: Aegislash|King's Shield|p1a: Aegislash\n|-singleturn|p1a: Aegislash|Protect\n|move|p2a: Ursaluna|Earthquake|p1a: Aegislash\n|-activate|p1a: Aegislash|move: Protect\n|\n|-heal|p1a: Aegislash|29\/100|[from] item: Leftovers\n|-damage|p2a: Ursaluna|39\/100 brn|[from] brn\n|upkeep\n|turn|21\n|\n|t:|1699825999\n|move|p2a: Ursaluna|Earthquake|p1a: Aegislash\n|-supereffective|p1a: Aegislash\n|-end|p1a: Aegislash|Substitute\n|-formechange|p1a: Aegislash|Aegislash-Blade||[from] ability: Stance Change\n|move|p1a: Aegislash|Iron Head|p2a: Ursaluna\n|-damage|p2a: Ursaluna|12\/100 brn\n|\n|-heal|p1a: Aegislash|35\/100|[from] item: Leftovers\n|-damage|p2a: Ursaluna|6\/100 brn|[from] brn\n|upkeep\n|turn|22\n|\n|t:|1699826011\n|-formechange|p1a: Aegislash|Aegislash||[from] ability: Stance Change\n|move|p1a: Aegislash|King's Shield|p1a: Aegislash\n|-singleturn|p1a: Aegislash|Protect\n|move|p2a: Ursaluna|Earthquake|p1a: Aegislash\n|-activate|p1a: Aegislash|move: Protect\n|\n|-heal|p1a: Aegislash|41\/100|[from] item: Leftovers\n|-damage|p2a: Ursaluna|0 fnt|[from] brn\n|faint|p2a: Ursaluna\n|upkeep\n|\n|t:|1699826024\n|switch|p2a: Garchomp|Garchomp, F|61\/100\n|-damage|p2a: Garchomp|55\/100|[from] Stealth Rock\n|turn|23\n|\n|t:|1699826034\n|switch|p1a: Rotom|Rotom-Heat|36\/100\n|move|p2a: Garchomp|Swords Dance|p2a: Garchomp\n|-boost|p2a: Garchomp|atk|2\n|\n|upkeep\n|turn|24\n|j| Toon_13_Test\n|\n|t:|1699826042\n|-zpower|p2a: Garchomp\n|move|p2a: Garchomp|Devastating Drake|p1a: Rotom|[zeffect]\n|-damage|p1a: Rotom|0 fnt\n|faint|p1a: Rotom\n|\n|upkeep\n|j| YJLF2\n|\n|t:|1699826050\n|switch|p1a: Alomomola|Alomomola, F, shiny|37\/100\n|-damage|p1a: Alomomola|24\/100|[from] Stealth Rock\n|turn|25\n|\n|t:|1699826056\n|move|p2a: Garchomp|Earthquake|p1a: Alomomola\n|-damage|p1a: Alomomola|0 fnt\n|faint|p1a: Alomomola\n|\n|upkeep\n|\n|t:|1699826059\n|switch|p1a: Breloom|Breloom, M|100\/100\n|-damage|p1a: Breloom|94\/100|[from] Stealth Rock\n|turn|26\n|j| yuzhibo\n|\n|t:|1699826070\n|move|p1a: Breloom|Mach Punch|p2a: Garchomp\n|-damage|p2a: Garchomp|20\/100\n|-damage|p1a: Breloom|82\/100|[from] ability: Rough Skin|[of] p2a: Garchomp\n|move|p2a: Garchomp|Outrage|p1a: Breloom\n|-damage|p1a: Breloom|0 fnt\n|faint|p1a: Breloom\n|\n|upkeep\n|\n|t:|1699826077\n|switch|p1a: Aegislash|Aegislash, F|41\/100\n|-damage|p1a: Aegislash|35\/100|[from] Stealth Rock\n|turn|27\n|\n|t:|1699826086\n|move|p2a: Garchomp|Outrage|p1a: Aegislash|[from]lockedmove\n|-resisted|p1a: Aegislash\n|-damage|p1a: Aegislash|0 fnt\n|faint|p1a: Aegislash\n|-start|p2a: Garchomp|confusion|[fatigue]\n|\n|win|85792195wwww\n|raw|JWZ456's rating: 1545 &rarr; <strong>1531<\/strong><br \/>(-14 for losing)\n|raw|85792195wwww's rating: 1657 &rarr; <strong>1671<\/strong><br \/>(+14 for winning)\n|l|\u2606JWZ456\n","uploadtime":1699826094,"views":5,"p1id":"jwz456","p2id":"85792195wwww","formatid":"gen9nationaldex","rating":1531,"private":0,"password":""}