{"id":"gen9nationaldex-1988695325","p1":"JakingDaking2007","p2":"Autumnnocap","format":"[Gen 9] National Dex","log":"|j|\u2606JakingDaking2007\n|j|\u2606Autumnnocap\n|t:|1699751687\n|gametype|singles\n|player|p1|JakingDaking2007|266|1236\n|player|p2|Autumnnocap|janitor|1314\n|teamsize|p1|6\n|teamsize|p2|6\n|gen|9\n|tier|[Gen 9] National Dex\n|rated|\n|rule|HP Percentage Mod: HP is shown in percentages\n|rule|Endless Battle Clause: Forcing endless battles is banned\n|rule|OHKO Clause: OHKO moves are banned\n|rule|Evasion Clause: Evasion abilities, items, and moves are banned\n|rule|Evasion Abilities Clause: Evasion abilities are banned\n|rule|Evasion Items Clause: Evasion items are banned\n|rule|Evasion Moves Clause: Evasion moves are banned\n|rule|Species Clause: Limit one of each Pok\u00e9mon\n|rule|Sleep Clause Mod: Limit one foe put to sleep\n|clearpoke\n|poke|p1|Weavile, M|\n|poke|p1|Kartana|\n|poke|p1|Rampardos, M|\n|poke|p1|Hoopa-Unbound|\n|poke|p1|Regigigas|\n|poke|p1|Slaking, F|\n|poke|p2|Celesteela|\n|poke|p2|Thundurus-Therian, M|\n|poke|p2|Garchomp, M|\n|poke|p2|Tyranitar, F|\n|poke|p2|Kartana|\n|poke|p2|Slowbro, F|\n|teampreview\n|inactive|Battle timer is ON: inactive players will automatically lose when time's up. (requested by JakingDaking2007)\n|\n|t:|1699751697\n|start\n|switch|p1a: Weavile|Weavile, M|100\/100\n|switch|p2a: Kartana|Kartana, shiny|100\/100\n|turn|1\n|\n|t:|1699751705\n|-terastallize|p1a: Weavile|Dark\n|move|p1a: Weavile|Beat Up|p2a: Kartana\n|-damage|p2a: Kartana|83\/100\n|-damage|p2a: Kartana|56\/100\n|-damage|p2a: Kartana|33\/100\n|-crit|p2a: Kartana\n|-damage|p2a: Kartana|0 fnt\n|faint|p2a: Kartana\n|-hitcount|p2: Kartana|4\n|\n|upkeep\n|\n|t:|1699751717\n|switch|p2a: Tyranitar|Tyranitar, F|100\/100\n|-weather|Sandstorm|[from] ability: Sand Stream|[of] p2a: Tyranitar\n|turn|2\n|\n|t:|1699751722\n|move|p1a: Weavile|Beat Up|p2a: Tyranitar\n|-resisted|p2a: Tyranitar\n|-damage|p2a: Tyranitar|93\/100\n|-resisted|p2a: Tyranitar\n|-damage|p2a: Tyranitar|83\/100\n|-resisted|p2a: Tyranitar\n|-damage|p2a: Tyranitar|74\/100\n|-resisted|p2a: Tyranitar\n|-damage|p2a: Tyranitar|66\/100\n|-resisted|p2a: Tyranitar\n|-damage|p2a: Tyranitar|57\/100\n|-resisted|p2a: Tyranitar\n|-damage|p2a: Tyranitar|48\/100\n|-hitcount|p2a: Tyranitar|6\n|move|p2a: Tyranitar|Earthquake|p1a: Weavile\n|-damage|p1a: Weavile|30\/100\n|\n|-weather|Sandstorm|[upkeep]\n|-damage|p1a: Weavile|24\/100|[from] Sandstorm\n|upkeep\n|turn|3\n|\n|t:|1699751739\n|switch|p2a: Garchomp|Garchomp, M|100\/100\n|move|p1a: Weavile|Beat Up|p2a: Garchomp\n|-damage|p2a: Garchomp|80\/100\n|-damage|p2a: Garchomp|54\/100\n|-damage|p2a: Garchomp|30\/100\n|-damage|p2a: Garchomp|8\/100\n|-damage|p2a: Garchomp|0 fnt\n|faint|p2a: Garchomp\n|-hitcount|p2: Garchomp|5\n|\n|-weather|Sandstorm|[upkeep]\n|-damage|p1a: Weavile|18\/100|[from] Sandstorm\n|upkeep\n|\n|t:|1699751756\n|switch|p2a: Celesteela|Celesteela, shiny|100\/100\n|turn|4\n|\n|t:|1699751760\n|move|p1a: Weavile|Beat Up|p2a: Celesteela\n|-damage|p2a: Celesteela|88\/100\n|-damage|p2a: Celesteela|70\/100\n|-crit|p2a: Celesteela\n|-damage|p2a: Celesteela|46\/100\n|-damage|p2a: Celesteela|30\/100\n|-damage|p2a: Celesteela|15\/100\n|-damage|p2a: Celesteela|0 fnt\n|faint|p2a: Celesteela\n|-hitcount|p2: Celesteela|6\n|\n|-weather|Sandstorm|[upkeep]\n|-damage|p1a: Weavile|12\/100|[from] Sandstorm\n|upkeep\n|\n|t:|1699751774\n|switch|p2a: Tyranitar|Tyranitar, F|48\/100\n|turn|5\n|\n|t:|1699751777\n|move|p1a: Weavile|Beat Up|p2a: Tyranitar\n|-resisted|p2a: Tyranitar\n|-damage|p2a: Tyranitar|40\/100\n|-resisted|p2a: Tyranitar\n|-damage|p2a: Tyranitar|30\/100\n|-resisted|p2a: Tyranitar\n|-damage|p2a: Tyranitar|20\/100\n|-resisted|p2a: Tyranitar\n|-damage|p2a: Tyranitar|12\/100\n|-resisted|p2a: Tyranitar\n|-damage|p2a: Tyranitar|3\/100\n|-resisted|p2a: Tyranitar\n|-damage|p2a: Tyranitar|0 fnt\n|faint|p2a: Tyranitar\n|-hitcount|p2: Tyranitar|6\n|\n|-weather|Sandstorm|[upkeep]\n|-damage|p1a: Weavile|6\/100|[from] Sandstorm\n|upkeep\n|\n|t:|1699751802\n|switch|p2a: Thundurus|Thundurus-Therian, M|100\/100\n|turn|6\n|\n|t:|1699751805\n|move|p1a: Weavile|Beat Up|p2a: Thundurus\n|-damage|p2a: Thundurus|71\/100\n|-damage|p2a: Thundurus|34\/100\n|-damage|p2a: Thundurus|1\/100\n|-damage|p2a: Thundurus|0 fnt\n|faint|p2a: Thundurus\n|-hitcount|p2: Thundurus|4\n|\n|-weather|none\n|upkeep\n|\n|t:|1699751807\n|switch|p2a: Slowbro|Slowbro, F|100\/100\n|turn|7\n|\n|t:|1699751810\n|move|p1a: Weavile|Beat Up|p2a: Slowbro\n|-supereffective|p2a: Slowbro\n|-damage|p2a: Slowbro|78\/100\n|-supereffective|p2a: Slowbro\n|-damage|p2a: Slowbro|49\/100\n|-supereffective|p2a: Slowbro\n|-damage|p2a: Slowbro|22\/100\n|-supereffective|p2a: Slowbro\n|-damage|p2a: Slowbro|0 fnt\n|faint|p2a: Slowbro\n|-hitcount|p2: Slowbro|4\n|\n|win|JakingDaking2007\n|raw|JakingDaking2007's rating: 1236 &rarr; <strong>1267<\/strong><br \/>(+31 for winning)\n|raw|Autumnnocap's rating: 1314 &rarr; <strong>1290<\/strong><br \/>(-24 for losing)\n|l|\u2606Autumnnocap\n","uploadtime":1699751821,"views":9,"p1id":"jakingdaking2007","p2id":"autumnnocap","formatid":"gen9nationaldex","rating":1267,"private":0,"password":""}