{"id":"gen9nationaldex-1998503414","p1":"imbwc","p2":"Astral_jayj","format":"[Gen 9] National Dex","log":"|html|<div class=\"broadcast-blue\"><strong>[Gen 9] National Dex is currently suspecting Sneasler! For information on how to participate check out the <a href=\"https:\/\/www.smogon.com\/forums\/threads\/sv-national-dex-suspect-8-just-dance.3731534\/\">suspect thread<\/a>.<\/strong><\/div>\n|j|\u2606imbwc\n|j|\u2606Astral_jayj\n|t:|1700949721\n|gametype|singles\n|player|p1|imbwc|poppy|1130\n|player|p2|Astral_jayj|265|1192\n|teamsize|p1|6\n|teamsize|p2|6\n|gen|9\n|tier|[Gen 9] National Dex\n|rated|\n|rule|HP Percentage Mod: HP is shown in percentages\n|rule|Endless Battle Clause: Forcing endless battles is banned\n|rule|OHKO Clause: OHKO moves are banned\n|rule|Evasion Clause: Evasion abilities, items, and moves are banned\n|rule|Evasion Abilities Clause: Evasion abilities are banned\n|rule|Evasion Items Clause: Evasion items are banned\n|rule|Evasion Moves Clause: Evasion moves are banned\n|rule|Species Clause: Limit one of each Pok\u00e9mon\n|rule|Sleep Clause Mod: Limit one foe put to sleep\n|clearpoke\n|poke|p1|Banette, M|\n|poke|p1|Oinkologne-F, F|\n|poke|p1|Darmanitan, F|\n|poke|p1|Hoopa-Unbound|\n|poke|p1|Stakataka|\n|poke|p1|Tornadus-Therian, M|\n|poke|p2|Pidgeot, M|\n|poke|p2|Rotom-Wash|\n|poke|p2|Nihilego|\n|poke|p2|Greninja-*, M|\n|poke|p2|Dugtrio, F|\n|poke|p2|Ferrothorn, F|\n|teampreview\n|j| Lonsol\n|j| kung fu pokechu\n|j| TheStroker\n|\n|t:|1700949749\n|start\n|switch|p1a: 7 dix in hand|Hoopa-Unbound|100\/100\n|switch|p2a: Ferrothorn|Ferrothorn, F|100\/100\n|turn|1\n|\n|t:|1700949759\n|switch|p1a: morbius|Darmanitan, F|100\/100\n|move|p2a: Ferrothorn|Stealth Rock|p1a: morbius\n|-sidestart|p1: imbwc|move: Stealth Rock\n|\n|upkeep\n|turn|2\n|\n|t:|1700949768\n|switch|p2a: Nihilego|Nihilego|100\/100\n|move|p1a: morbius|Fire Blast|p2a: Nihilego|[miss]\n|-miss|p1a: morbius|p2a: Nihilego\n|\n|upkeep\n|turn|3\n|\n|t:|1700949776\n|switch|p1a: 7 dix in hand|Hoopa-Unbound|100\/100\n|-damage|p1a: 7 dix in hand|88\/100|[from] Stealth Rock\n|move|p2a: Nihilego|Power Gem|p1a: 7 dix in hand\n|-damage|p1a: 7 dix in hand|60\/100\n|\n|upkeep\n|turn|4\n|j| mistahmerrikuu\n|\n|t:|1700949788\n|switch|p2a: Greninja|Greninja, M|100\/100\n|move|p1a: 7 dix in hand|Trick Room|p1a: 7 dix in hand\n|-fieldstart|move: Trick Room|[of] p1a: 7 dix in hand\n|-enditem|p1a: 7 dix in hand|Room Service\n|-unboost|p1a: 7 dix in hand|spe|1|[from] item: Room Service\n|\n|upkeep\n|turn|5\n|\n|t:|1700949796\n|move|p1a: 7 dix in hand|Drain Punch|p2a: Greninja\n|-supereffective|p2a: Greninja\n|-damage|p2a: Greninja|0 fnt\n|-heal|p1a: 7 dix in hand|99\/100|[from] drain|[of] p2a: Greninja\n|faint|p2a: Greninja\n|\n|upkeep\n|l| kung fu pokechu\n|\n|t:|1700949810\n|switch|p2a: Rotom|Rotom-Wash|100\/100\n|turn|6\n|\n|t:|1700949832\n|switch|p1a: fartpig|Oinkologne-F, F|100\/100\n|-damage|p1a: fartpig|88\/100|[from] Stealth Rock\n|move|p2a: Rotom|Will-O-Wisp|p1a: fartpig\n|-status|p1a: fartpig|brn\n|\n|-damage|p1a: fartpig|82\/100 brn|[from] brn\n|upkeep\n|turn|7\n|j| kung fu pokechu\n|\n|t:|1700949873\n|move|p1a: fartpig|Stuff Cheeks|p1a: fartpig\n|-boost|p1a: fartpig|def|2\n|-enditem|p1a: fartpig|Lansat Berry|[eat]\n|-start|p1a: fartpig|move: Focus Energy\n|move|p2a: Rotom|Volt Switch|p1a: fartpig\n|-damage|p1a: fartpig|61\/100 brn\n|\n|t:|1700949884\n|switch|p2a: Dugtrio|Dugtrio, F|100\/100|[from] Volt Switch\n|\n|-damage|p1a: fartpig|55\/100 brn|[from] brn\n|upkeep\n|turn|8\n|\n|t:|1700949892\n|move|p1a: fartpig|Hyper Voice|p2a: Dugtrio\n|-damage|p2a: Dugtrio|33\/100\n|move|p2a: Dugtrio|Reversal|p1a: fartpig\n|-supereffective|p1a: fartpig\n|-damage|p1a: fartpig|30\/100 brn\n|\n|-damage|p1a: fartpig|24\/100 brn|[from] brn\n|-fieldend|move: Trick Room\n|upkeep\n|turn|9\n|\n|t:|1700949905\n|move|p2a: Dugtrio|Reversal|p1a: fartpig\n|-supereffective|p1a: fartpig\n|-damage|p1a: fartpig|0 fnt\n|faint|p1a: fartpig\n|\n|upkeep\n|\n|t:|1700949909\n|switch|p1a: morpheo at home|Tornadus-Therian, M|100\/100\n|turn|10\n|\n|t:|1700949933\n|switch|p2a: Nihilego|Nihilego|100\/100\n|move|p1a: morpheo at home|Defog|p2a: Nihilego\n|-unboost|p2a: Nihilego|evasion|1\n|-sideend|p1: imbwc|Stealth Rock|[from] move: Defog|[of] p1a: morpheo at home\n|\n|upkeep\n|turn|11\n|\n|t:|1700949943\n|switch|p1a: 7 dix in hand|Hoopa-Unbound|99\/100\n|move|p2a: Nihilego|Power Gem|p1a: 7 dix in hand\n|-damage|p1a: 7 dix in hand|71\/100\n|\n|upkeep\n|turn|12\n|\n|t:|1700949954\n|-terastallize|p2a: Nihilego|Rock\n|move|p2a: Nihilego|Power Gem|p1a: 7 dix in hand\n|-damage|p1a: 7 dix in hand|32\/100\n|move|p1a: 7 dix in hand|Hyperspace Fury|p2a: Nihilego\n|-damage|p2a: Nihilego|0 fnt\n|-unboost|p1a: 7 dix in hand|def|1\n|faint|p2a: Nihilego\n|\n|upkeep\n|\n|t:|1700949966\n|switch|p2a: Pidgeot|Pidgeot, M|100\/100\n|turn|13\n|l|\u2606Astral_jayj\n|player|p2|\n|inactive|Battle timer is ON: inactive players will automatically lose when time's up. (requested by imbwc)\n|j| Adamanzane\n|inactive|Astral_jayj has 30 seconds to reconnect!\n|inactive|Astral_jayj has 20 seconds to reconnect!\n|inactive|Astral_jayj has 15 seconds to reconnect!\n|inactive|Astral_jayj has 10 seconds to reconnect!\n|inactive|Astral_jayj has 5 seconds to reconnect!\n|-message|Astral_jayj lost due to inactivity.\n|\n|win|imbwc\n|raw|imbwc's rating: 1130 &rarr; <strong>1159<\/strong><br \/>(+29 for winning)\n|raw|Astral_jayj's rating: 1192 &rarr; <strong>1163<\/strong><br \/>(-29 for losing)\n|l| mistahmerrikuu\n|l| TheStroker\n|l|\u2606imbwc\n","uploadtime":1700950079,"views":1,"p1id":"imbwc","p2id":"astraljayj","formatid":"gen9nationaldex","rating":1159,"private":0,"password":""}