{"id":"gen9nationaldex-1988633698","p1":"baskim","p2":"jim gengar","format":"[Gen 9] National Dex","log":"|j|\u2606baskim\n|j|\u2606jim gengar\n|t:|1699744341\n|gametype|singles\n|player|p1|baskim|wallace-gen6|1593\n|player|p2|jim gengar|steven-masters|1584\n|teamsize|p1|6\n|teamsize|p2|6\n|gen|9\n|tier|[Gen 9] National Dex\n|rated|\n|rule|HP Percentage Mod: HP is shown in percentages\n|rule|Endless Battle Clause: Forcing endless battles is banned\n|rule|OHKO Clause: OHKO moves are banned\n|rule|Evasion Clause: Evasion abilities, items, and moves are banned\n|rule|Evasion Abilities Clause: Evasion abilities are banned\n|rule|Evasion Items Clause: Evasion items are banned\n|rule|Evasion Moves Clause: Evasion moves are banned\n|rule|Species Clause: Limit one of each Pok\u00e9mon\n|rule|Sleep Clause Mod: Limit one foe put to sleep\n|clearpoke\n|poke|p1|Arctozolt|\n|poke|p1|Ninetales-Alola, M|\n|poke|p1|Ogerpon-Wellspring, F|\n|poke|p1|Clodsire, F|\n|poke|p1|Moltres|\n|poke|p1|Tapu Lele|\n|poke|p2|Ting-Lu|\n|poke|p2|Ogerpon, F|\n|poke|p2|Tapu Fini|\n|poke|p2|Heatran, F|\n|poke|p2|Medicham, M|\n|poke|p2|Tornadus-Therian, M|\n|teampreview\n|\n|t:|1699744366\n|start\n|switch|p1a: Ninetales|Ninetales-Alola, M|100\/100\n|switch|p2a: Tapu Fini|Tapu Fini, shiny|100\/100\n|-fieldstart|move: Misty Terrain|[from] ability: Misty Surge|[of] p2a: Tapu Fini\n|-weather|Snow|[from] ability: Snow Warning|[of] p1a: Ninetales\n|turn|1\n|\n|t:|1699744387\n|move|p2a: Tapu Fini|Taunt|p1a: Ninetales\n|-start|p1a: Ninetales|move: Taunt\n|cant|p1a: Ninetales|move: Taunt|Aurora Veil\n|\n|-weather|Snow|[upkeep]\n|upkeep\n|turn|2\n|\n|t:|1699744392\n|switch|p2a: Heatran|Heatran, F, shiny|100\/100\n|switch|p1a: Arctozolt|Arctozolt|100\/100\n|\n|-weather|Snow|[upkeep]\n|upkeep\n|turn|3\n|\n|t:|1699744399\n|switch|p2a: Ting-Lu|Ting-Lu|100\/100\n|-ability|p2a: Ting-Lu|Vessel of Ruin\n|move|p1a: Arctozolt|Low Kick|p2a: Ting-Lu\n|-supereffective|p2a: Ting-Lu\n|-damage|p2a: Ting-Lu|57\/100\n|\n|-weather|Snow|[upkeep]\n|-heal|p2a: Ting-Lu|64\/100|[from] item: Leftovers\n|upkeep\n|turn|4\n|\n|t:|1699744406\n|switch|p2a: Heatran|Heatran, F, shiny|100\/100\n|move|p1a: Arctozolt|Icicle Crash|p2a: Heatran\n|-resisted|p2a: Heatran\n|-damage|p2a: Heatran|92\/100\n|\n|-weather|Snow|[upkeep]\n|-heal|p2a: Heatran|98\/100|[from] item: Leftovers\n|upkeep\n|turn|5\n|\n|t:|1699744415\n|switch|p1a: Clodsire|Clodsire, F|100\/100\n|move|p2a: Heatran|Magma Storm|p1a: Clodsire\n|-damage|p1a: Clodsire|77\/100\n|-activate|p1a: Clodsire|move: Magma Storm|[of] p2a: Heatran\n|\n|-weather|Snow|[upkeep]\n|-heal|p2a: Heatran|100\/100|[from] item: Leftovers\n|-heal|p1a: Clodsire|83\/100|[from] item: Leftovers\n|-damage|p1a: Clodsire|71\/100|[from] move: Magma Storm|[partiallytrapped]\n|-fieldend|Misty Terrain\n|upkeep\n|turn|6\n|\n|t:|1699744422\n|move|p2a: Heatran|Taunt|p1a: Clodsire\n|-start|p1a: Clodsire|move: Taunt\n|cant|p1a: Clodsire|move: Taunt|Stealth Rock\n|\n|-weather|Snow|[upkeep]\n|-heal|p1a: Clodsire|77\/100|[from] item: Leftovers\n|-damage|p1a: Clodsire|65\/100|[from] move: Magma Storm|[partiallytrapped]\n|upkeep\n|turn|7\n|\n|t:|1699744425\n|move|p2a: Heatran|Stealth Rock|p1a: Clodsire\n|-sidestart|p1: baskim|move: Stealth Rock\n|move|p1a: Clodsire|Earthquake|p2a: Heatran\n|-supereffective|p2a: Heatran\n|-damage|p2a: Heatran|3\/100\n|\n|-weather|Snow|[upkeep]\n|-heal|p2a: Heatran|9\/100|[from] item: Leftovers\n|-heal|p1a: Clodsire|71\/100|[from] item: Leftovers\n|-damage|p1a: Clodsire|58\/100|[from] move: Magma Storm|[partiallytrapped]\n|upkeep\n|turn|8\n|\n|t:|1699744431\n|switch|p2a: Ting-Lu|Ting-Lu|64\/100\n|-ability|p2a: Ting-Lu|Vessel of Ruin\n|move|p1a: Clodsire|Earthquake|p2a: Ting-Lu\n|-damage|p2a: Ting-Lu|49\/100\n|\n|-weather|none\n|-heal|p2a: Ting-Lu|55\/100|[from] item: Leftovers\n|-heal|p1a: Clodsire|65\/100|[from] item: Leftovers\n|-end|p1a: Clodsire|Magma Storm|[partiallytrapped]|[silent]\n|-end|p1a: Clodsire|move: Taunt\n|upkeep\n|turn|9\n|\n|t:|1699744440\n|switch|p1a: Ninetales|Ninetales-Alola, M|100\/100\n|-damage|p1a: Ninetales|76\/100|[from] Stealth Rock\n|-weather|Snow|[from] ability: Snow Warning|[of] p1a: Ninetales\n|move|p2a: Ting-Lu|Whirlwind|p1a: Ninetales\n|drag|p1a: Arctozolt|Arctozolt|100\/100\n|\n|-weather|Snow|[upkeep]\n|-heal|p2a: Ting-Lu|61\/100|[from] item: Leftovers\n|upkeep\n|turn|10\n|c|\u2606baskim|XD\n|\n|t:|1699744466\n|-terastallize|p2a: Ting-Lu|Poison\n|move|p1a: Arctozolt|Low Kick|p2a: Ting-Lu\n|-resisted|p2a: Ting-Lu\n|-damage|p2a: Ting-Lu|50\/100\n|move|p2a: Ting-Lu|Earthquake|p1a: Arctozolt\n|-supereffective|p1a: Arctozolt\n|-damage|p1a: Arctozolt|44\/100\n|\n|-weather|Snow|[upkeep]\n|-heal|p2a: Ting-Lu|57\/100|[from] item: Leftovers\n|upkeep\n|turn|11\n|\n|t:|1699744475\n|switch|p2a: Heatran|Heatran, F, shiny|9\/100\n|move|p1a: Arctozolt|Bolt Beak|p2a: Heatran\n|-damage|p2a: Heatran|0 fnt\n|faint|p2a: Heatran\n|\n|-weather|Snow|[upkeep]\n|upkeep\n|\n|t:|1699744476\n|switch|p2a: Medicham|Medicham, M, shiny|100\/100\n|turn|12\n|\n|t:|1699744479\n|switch|p1a: Tapu Lele|Tapu Lele|100\/100\n|-damage|p1a: Tapu Lele|88\/100|[from] Stealth Rock\n|-fieldstart|move: Psychic Terrain|[from] ability: Psychic Surge|[of] p1a: Tapu Lele\n|detailschange|p2a: Medicham|Medicham-Mega, M, shiny\n|-mega|p2a: Medicham|Medicham|Medichamite\n|move|p2a: Medicham|Fake Out|p1a: Tapu Lele\n|-activate|p1a: Tapu Lele|move: Psychic Terrain\n|\n|-weather|Snow|[upkeep]\n|upkeep\n|turn|13\n|\n|t:|1699744493\n|switch|p2a: Tapu Fini|Tapu Fini, shiny|100\/100\n|-fieldstart|move: Misty Terrain|[from] ability: Misty Surge|[of] p2a: Tapu Fini\n|move|p1a: Tapu Lele|Moonblast|p2a: Tapu Fini\n|-damage|p2a: Tapu Fini|61\/100\n|-unboost|p2a: Tapu Fini|spa|1\n|\n|-weather|Snow|[upkeep]\n|upkeep\n|turn|14\n|\n|t:|1699744509\n|switch|p1a: Clodsire|Clodsire, F|65\/100\n|-damage|p1a: Clodsire|58\/100|[from] Stealth Rock\n|switch|p2a: Ting-Lu|Ting-Lu, tera:Poison|57\/100\n|-ability|p2a: Ting-Lu|Vessel of Ruin\n|\n|-weather|Snow|[upkeep]\n|-heal|p2a: Ting-Lu|63\/100|[from] item: Leftovers\n|-heal|p1a: Clodsire|65\/100|[from] item: Leftovers\n|upkeep\n|turn|15\n|\n|t:|1699744516\n|move|p2a: Ting-Lu|Spikes|p1a: Clodsire\n|-sidestart|p1: baskim|Spikes\n|move|p1a: Clodsire|Earthquake|p2a: Ting-Lu\n|-supereffective|p2a: Ting-Lu\n|-damage|p2a: Ting-Lu|33\/100\n|\n|-weather|Snow|[upkeep]\n|-heal|p2a: Ting-Lu|39\/100|[from] item: Leftovers\n|-heal|p1a: Clodsire|71\/100|[from] item: Leftovers\n|upkeep\n|turn|16\n|\n|t:|1699744519\n|move|p2a: Ting-Lu|Earthquake|p1a: Clodsire\n|-supereffective|p1a: Clodsire\n|-damage|p1a: Clodsire|0 fnt\n|faint|p1a: Clodsire\n|\n|-weather|none\n|-heal|p2a: Ting-Lu|45\/100|[from] item: Leftovers\n|upkeep\n|\n|t:|1699744523\n|switch|p1a: Moltres|Moltres|100\/100\n|turn|17\n|\n|t:|1699744525\n|switch|p2a: Ogerpon|Ogerpon, F|100\/100\n|move|p1a: Moltres|Defog|p2a: Ogerpon\n|-unboost|p2a: Ogerpon|evasion|1\n|-ability|p2a: Ogerpon|Defiant|boost\n|-boost|p2a: Ogerpon|atk|2\n|-sideend|p1: baskim|Spikes|[from] move: Defog|[of] p1a: Moltres\n|-sideend|p1: baskim|Stealth Rock|[from] move: Defog|[of] p1a: Moltres\n|-fieldend|Misty Terrain\n|\n|upkeep\n|turn|18\n|\n|t:|1699744531\n|move|p2a: Ogerpon|Knock Off|p1a: Moltres\n|-damage|p1a: Moltres|32\/100\n|-enditem|p1a: Moltres|Heavy-Duty Boots|[from] move: Knock Off|[of] p2a: Ogerpon\n|move|p1a: Moltres|Flamethrower|p2a: Ogerpon\n|-supereffective|p2a: Ogerpon\n|-damage|p2a: Ogerpon|7\/100\n|\n|upkeep\n|turn|19\n|\n|t:|1699744536\n|move|p2a: Ogerpon|Knock Off|p1a: Moltres\n|-damage|p1a: Moltres|0 fnt\n|faint|p1a: Moltres\n|\n|upkeep\n|\n|t:|1699744542\n|switch|p1a: Ninetales|Ninetales-Alola, M|76\/100\n|-weather|Snow|[from] ability: Snow Warning|[of] p1a: Ninetales\n|turn|20\n|\n|t:|1699744556\n|-terastallize|p1a: Ninetales|Fire\n|move|p2a: Ogerpon|Knock Off|p1a: Ninetales\n|-damage|p1a: Ninetales|0 fnt\n|-enditem|p1a: Ninetales|Icy Rock|[from] move: Knock Off|[of] p2a: Ogerpon\n|faint|p1a: Ninetales\n|\n|-weather|Snow|[upkeep]\n|upkeep\n|\n|t:|1699744566\n|switch|p1a: Arctozolt|Arctozolt|44\/100\n|turn|21\n|\n|t:|1699744572\n|move|p1a: Arctozolt|Bolt Beak|p2a: Ogerpon\n|-resisted|p2a: Ogerpon\n|-damage|p2a: Ogerpon|0 fnt\n|faint|p2a: Ogerpon\n|\n|-weather|Snow|[upkeep]\n|upkeep\n|\n|t:|1699744577\n|switch|p2a: Medicham|Medicham-Mega, M, shiny|100\/100\n|turn|22\n|\n|t:|1699744583\n|switch|p2a: Ting-Lu|Ting-Lu, tera:Poison|45\/100\n|-ability|p2a: Ting-Lu|Vessel of Ruin\n|move|p1a: Arctozolt|Bolt Beak|p2a: Ting-Lu\n|-damage|p2a: Ting-Lu|1\/100\n|\n|-weather|Snow|[upkeep]\n|-heal|p2a: Ting-Lu|8\/100|[from] item: Leftovers\n|upkeep\n|turn|23\n|\n|t:|1699744586\n|move|p1a: Arctozolt|Bolt Beak|p2a: Ting-Lu\n|-damage|p2a: Ting-Lu|0 fnt\n|faint|p2a: Ting-Lu\n|\n|-weather|Snow|[upkeep]\n|upkeep\n|\n|t:|1699744587\n|switch|p2a: Medicham|Medicham-Mega, M, shiny|100\/100\n|turn|24\n|\n|t:|1699744590\n|switch|p2a: Tapu Fini|Tapu Fini, shiny|61\/100\n|-fieldstart|move: Misty Terrain|[from] ability: Misty Surge|[of] p2a: Tapu Fini\n|move|p1a: Arctozolt|Bolt Beak|p2a: Tapu Fini\n|-supereffective|p2a: Tapu Fini\n|-damage|p2a: Tapu Fini|0 fnt\n|faint|p2a: Tapu Fini\n|\n|-weather|Snow|[upkeep]\n|upkeep\n|\n|t:|1699744592\n|switch|p2a: Medicham|Medicham-Mega, M, shiny|100\/100\n|turn|25\n|\n|t:|1699744599\n|switch|p1a: Ogerpon|Ogerpon-Wellspring, F|100\/100\n|move|p2a: Medicham|Fake Out|p1a: Ogerpon\n|-damage|p1a: Ogerpon|72\/100\n|\n|-weather|Snow|[upkeep]\n|upkeep\n|turn|26\n|\n|t:|1699744603\n|switch|p2a: Tornadus|Tornadus-Therian, M, shiny|100\/100\n|move|p1a: Ogerpon|Ivy Cudgel|p2a: Tornadus\n|-damage|p2a: Tornadus|42\/100\n|\n|-weather|Snow|[upkeep]\n|upkeep\n|turn|27\n|\n|t:|1699744609\n|move|p2a: Tornadus|Hurricane|p1a: Ogerpon|[miss]\n|-miss|p2a: Tornadus|p1a: Ogerpon\n|move|p1a: Ogerpon|Ivy Cudgel|p2a: Tornadus\n|-damage|p2a: Tornadus|0 fnt\n|faint|p2a: Tornadus\n|\n|-weather|none\n|upkeep\n|\n|t:|1699744611\n|switch|p2a: Medicham|Medicham-Mega, M, shiny|100\/100\n|turn|28\n|-message|jim gengar forfeited.\n|\n|win|baskim\n|raw|baskim's rating: 1593 &rarr; <strong>1612<\/strong><br \/>(+19 for winning)\n|raw|jim gengar's rating: 1584 &rarr; <strong>1565<\/strong><br \/>(-19 for losing)\n","uploadtime":1699744619,"views":12,"p1id":"baskim","p2id":"jimgengar","formatid":"gen9nationaldex","rating":1565,"private":0,"password":""}