{"id":"gen9nationaldex-1998915425","p1":"TheShy_WBG","p2":"miaoTV-\u9752","format":"[Gen 9] National Dex","log":"|html|<div class=\"broadcast-blue\"><strong>[Gen 9] National Dex is currently suspecting Sneasler! For information on how to participate check out the <a href=\"https:\/\/www.smogon.com\/forums\/threads\/sv-national-dex-suspect-8-just-dance.3731534\/\">suspect thread<\/a>.<\/strong><\/div>\n|j|\u2606TheShy_WBG\n|j|\u2606miaoTV-\u9752\n|t:|1701012600\n|gametype|singles\n|player|p1|TheShy_WBG|cynthia-masters|1601\n|player|p2|miaoTV-\u9752|102|1701\n|teamsize|p1|6\n|teamsize|p2|6\n|gen|9\n|tier|[Gen 9] National Dex\n|rated|\n|rule|HP Percentage Mod: HP is shown in percentages\n|rule|Endless Battle Clause: Forcing endless battles is banned\n|rule|OHKO Clause: OHKO moves are banned\n|rule|Evasion Clause: Evasion abilities, items, and moves are banned\n|rule|Evasion Abilities Clause: Evasion abilities are banned\n|rule|Evasion Items Clause: Evasion items are banned\n|rule|Evasion Moves Clause: Evasion moves are banned\n|rule|Species Clause: Limit one of each Pok\u00e9mon\n|rule|Sleep Clause Mod: Limit one foe put to sleep\n|clearpoke\n|poke|p1|Ogerpon-Cornerstone, F|\n|poke|p1|Bisharp, M|\n|poke|p1|Salamence, M|\n|poke|p1|Great Tusk|\n|poke|p1|Scizor, F|\n|poke|p1|Hoopa-Unbound|\n|poke|p2|Tapu Koko|\n|poke|p2|Zapdos|\n|poke|p2|Marowak-Alola, F|\n|poke|p2|Scizor, F|\n|poke|p2|Landorus-Therian, M|\n|poke|p2|Dhelmise|\n|teampreview\n|inactive|Battle timer is ON: inactive players will automatically lose when time's up. (requested by TheShy_WBG)\n|\n|t:|1701012615\n|start\n|switch|p1a: Salamence|Salamence, M|100\/100\n|switch|p2a: Scizor|Scizor, F|100\/100\n|-ability|p1a: Salamence|Intimidate|boost\n|-unboost|p2a: Scizor|atk|1\n|turn|1\n|\n|t:|1701012628\n|switch|p2a: Landorus|Landorus-Therian, M|100\/100\n|-ability|p2a: Landorus|Intimidate|boost\n|-unboost|p1a: Salamence|atk|1\n|move|p1a: Salamence|Fire Blast|p2a: Landorus|[miss]\n|-miss|p1a: Salamence|p2a: Landorus\n|\n|upkeep\n|turn|2\n|\n|t:|1701012643\n|switch|p1a: Great Tusk|Great Tusk|100\/100\n|move|p2a: Landorus|U-turn|p1a: Great Tusk\n|-resisted|p1a: Great Tusk\n|-damage|p1a: Great Tusk|91\/100\n|\n|t:|1701012647\n|switch|p2a: Dhelmise|Dhelmise|100\/100|[from] U-turn\n|\n|upkeep\n|turn|3\n|\n|t:|1701012653\n|-zpower|p1a: Great Tusk\n|move|p1a: Great Tusk|Subzero Slammer|p2a: Dhelmise|[zeffect]\n|-supereffective|p2a: Dhelmise\n|-damage|p2a: Dhelmise|2\/100\n|move|p2a: Dhelmise|Poltergeist|p1a: Great Tusk\n|-activate|p1a: Great Tusk|move: Poltergeist|Icium Z\n|-damage|p1a: Great Tusk|23\/100\n|\n|upkeep\n|turn|4\n|\n|t:|1701012669\n|move|p1a: Great Tusk|Stealth Rock|p2a: Dhelmise\n|-sidestart|p2: miaoTV-\u9752|move: Stealth Rock\n|move|p2a: Dhelmise|Poltergeist|p1a: Great Tusk\n|-activate|p1a: Great Tusk|move: Poltergeist|Icium Z\n|-damage|p1a: Great Tusk|0 fnt\n|faint|p1a: Great Tusk\n|-end|p1a: Great Tusk|Protosynthesis|[silent]\n|\n|upkeep\n|\n|t:|1701012678\n|switch|p1a: Scizor|Scizor, F|100\/100\n|turn|5\n|\n|t:|1701012684\n|detailschange|p1a: Scizor|Scizor-Mega, F\n|-mega|p1a: Scizor|Scizor|Scizorite\n|move|p1a: Scizor|U-turn|p2a: Dhelmise\n|-damage|p2a: Dhelmise|0 fnt\n|faint|p2a: Dhelmise\n|\n|t:|1701012691\n|switch|p1a: Salamence|Salamence, M|100\/100|[from] U-turn\n|\n|upkeep\n|\n|t:|1701012697\n|switch|p2a: Zapdos|Zapdos|100\/100\n|-damage|p2a: Zapdos|75\/100|[from] Stealth Rock\n|-ability|p2a: Zapdos|Pressure\n|turn|6\n|\n|t:|1701012706\n|move|p1a: Salamence|Draco Meteor|p2a: Zapdos\n|-damage|p2a: Zapdos|10\/100\n|-unboost|p1a: Salamence|spa|2\n|move|p2a: Zapdos|Roost|p2a: Zapdos\n|-heal|p2a: Zapdos|60\/100\n|-singleturn|p2a: Zapdos|move: Roost\n|\n|-heal|p2a: Zapdos|66\/100|[from] item: Leftovers\n|upkeep\n|turn|7\n|\n|t:|1701012719\n|switch|p1a: Bisharp|Bisharp, M|100\/100\n|move|p2a: Zapdos|Defog|p1a: Bisharp\n|-unboost|p1a: Bisharp|evasion|1\n|-ability|p1a: Bisharp|Defiant|boost\n|-boost|p1a: Bisharp|atk|2\n|-sideend|p2: miaoTV-\u9752|Stealth Rock|[from] move: Defog|[of] p2a: Zapdos\n|\n|-heal|p2a: Zapdos|72\/100|[from] item: Leftovers\n|upkeep\n|turn|8\n|\n|t:|1701012732\n|move|p2a: Zapdos|Discharge|p1a: Bisharp\n|-damage|p1a: Bisharp|70\/100\n|-status|p1a: Bisharp|par\n|move|p1a: Bisharp|Knock Off|p2a: Zapdos\n|-damage|p2a: Zapdos|0 fnt\n|-enditem|p2a: Zapdos|Leftovers|[from] move: Knock Off|[of] p1a: Bisharp\n|faint|p2a: Zapdos\n|\n|upkeep\n|\n|t:|1701012742\n|switch|p2a: Marowak|Marowak-Alola, F|100\/100\n|turn|9\n|\n|t:|1701012747\n|move|p1a: Bisharp|Sucker Punch||[still]\n|-fail|p1a: Bisharp\n|move|p2a: Marowak|Substitute|p2a: Marowak\n|-start|p2a: Marowak|Substitute\n|-damage|p2a: Marowak|75\/100\n|\n|upkeep\n|turn|10\n|\n|t:|1701012754\n|cant|p1a: Bisharp|par\n|move|p2a: Marowak|Earthquake|p1a: Bisharp\n|-supereffective|p1a: Bisharp\n|-damage|p1a: Bisharp|0 fnt\n|faint|p1a: Bisharp\n|\n|upkeep\n|\n|t:|1701012761\n|switch|p1a: Hoopa|Hoopa-Unbound|100\/100\n|turn|11\n|\n|t:|1701012767\n|switch|p2a: Landorus|Landorus-Therian, M|100\/100\n|-ability|p2a: Landorus|Intimidate|boost\n|-unboost|p1a: Hoopa|atk|1\n|move|p1a: Hoopa|Hyperspace Fury|p2a: Landorus\n|-damage|p2a: Landorus|63\/100\n|-unboost|p1a: Hoopa|def|1\n|\n|upkeep\n|turn|12\n|\n|t:|1701012777\n|switch|p1a: Scizor|Scizor-Mega, F|100\/100\n|move|p2a: Landorus|U-turn|p1a: Scizor\n|-resisted|p1a: Scizor\n|-damage|p1a: Scizor|90\/100\n|\n|t:|1701012786\n|switch|p2a: Scizor|Scizor, F|100\/100|[from] U-turn\n|\n|upkeep\n|turn|13\n|\n|t:|1701012791\n|detailschange|p2a: Scizor|Scizor-Mega, F\n|-mega|p2a: Scizor|Scizor|Scizorite\n|move|p2a: Scizor|U-turn|p1a: Scizor\n|-resisted|p1a: Scizor\n|-damage|p1a: Scizor|73\/100\n|\n|t:|1701012796\n|switch|p2a: Landorus|Landorus-Therian, M|63\/100|[from] U-turn\n|-ability|p2a: Landorus|Intimidate|boost\n|-unboost|p1a: Scizor|atk|1\n|move|p1a: Scizor|U-turn|p2a: Landorus\n|-resisted|p2a: Landorus\n|-damage|p2a: Landorus|50\/100\n|\n|t:|1701012803\n|switch|p1a: Salamence|Salamence, M|100\/100|[from] U-turn\n|-ability|p1a: Salamence|Intimidate|boost\n|-unboost|p2a: Landorus|atk|1\n|\n|upkeep\n|turn|14\n|\n|t:|1701012817\n|switch|p2a: Scizor|Scizor-Mega, F|100\/100\n|move|p1a: Salamence|Hydro Pump|p2a: Scizor\n|-damage|p2a: Scizor|51\/100\n|\n|upkeep\n|turn|15\n|\n|t:|1701012824\n|-terastallize|p1a: Salamence|Water\n|move|p1a: Salamence|Hydro Pump|p2a: Scizor\n|-damage|p2a: Scizor|0 fnt\n|faint|p2a: Scizor\n|\n|upkeep\n|\n|t:|1701012833\n|switch|p2a: Tapu Koko|Tapu Koko|100\/100\n|-fieldstart|move: Electric Terrain|[from] ability: Electric Surge|[of] p2a: Tapu Koko\n|turn|16\n|\n|t:|1701012840\n|switch|p1a: Scizor|Scizor-Mega, F|73\/100\n|move|p2a: Tapu Koko|Thunderbolt|p1a: Scizor\n|-damage|p1a: Scizor|6\/100\n|\n|upkeep\n|turn|17\n|\n|t:|1701012849\n|-terastallize|p2a: Tapu Koko|Electric\n|move|p1a: Scizor|Bullet Punch|p2a: Tapu Koko\n|-resisted|p2a: Tapu Koko\n|-damage|p2a: Tapu Koko|75\/100\n|move|p2a: Tapu Koko|Thunderbolt|p1a: Scizor\n|-damage|p1a: Scizor|0 fnt\n|faint|p1a: Scizor\n|\n|upkeep\n|\n|t:|1701012859\n|switch|p1a: Hoopa|Hoopa-Unbound|100\/100\n|turn|18\n|\n|t:|1701012862\n|switch|p2a: Landorus|Landorus-Therian, M|50\/100\n|-ability|p2a: Landorus|Intimidate|boost\n|-unboost|p1a: Hoopa|atk|1\n|move|p1a: Hoopa|Hyperspace Fury|p2a: Landorus\n|-damage|p2a: Landorus|12\/100\n|-unboost|p1a: Hoopa|def|1\n|\n|upkeep\n|turn|19\n|\n|t:|1701012871\n|move|p1a: Hoopa|Hyperspace Fury|p2a: Landorus\n|-damage|p2a: Landorus|0 fnt\n|-unboost|p1a: Hoopa|def|1\n|faint|p2a: Landorus\n|\n|upkeep\n|\n|t:|1701012874\n|switch|p2a: Tapu Koko|Tapu Koko, tera:Electric|75\/100\n|turn|20\n|\n|t:|1701012883\n|move|p1a: Hoopa|Hyperspace Fury|p2a: Tapu Koko\n|-damage|p2a: Tapu Koko|20\/100\n|-unboost|p1a: Hoopa|def|1\n|move|p2a: Tapu Koko|U-turn|p1a: Hoopa\n|-supereffective|p1a: Hoopa\n|-damage|p1a: Hoopa|0 fnt\n|faint|p1a: Hoopa\n|\n|t:|1701012886\n|switch|p2a: Marowak|Marowak-Alola, F|75\/100|[from] U-turn\n|\n|-fieldend|move: Electric Terrain\n|upkeep\n|\n|t:|1701012896\n|switch|p1a: Ogerpon|Ogerpon-Cornerstone, F|100\/100\n|turn|21\n|\n|t:|1701012899\n|move|p1a: Ogerpon|Ivy Cudgel|p2a: Marowak|[anim] Ivy Cudgel Rock\n|-supereffective|p2a: Marowak\n|-damage|p2a: Marowak|0 fnt\n|faint|p2a: Marowak\n|\n|upkeep\n|\n|t:|1701012903\n|switch|p2a: Tapu Koko|Tapu Koko, tera:Electric|20\/100\n|-fieldstart|move: Electric Terrain|[from] ability: Electric Surge|[of] p2a: Tapu Koko\n|turn|22\n|-message|miaoTV-\u9752 forfeited.\n|\n|win|TheShy_WBG\n|raw|TheShy_WBG's rating: 1601 &rarr; <strong>1627<\/strong><br \/>(+26 for winning)\n|raw|miaoTV-\u9752's rating: 1701 &rarr; <strong>1675<\/strong><br \/>(-26 for losing)\n|l|\u2606miaoTV-\u9752\n","uploadtime":1701012915,"views":9,"p1id":"theshywbg","p2id":"miaotv","formatid":"gen9nationaldex","rating":1627,"private":0,"password":""}