{"id":"gen9nationaldex-1992602965","p1":"prince5","p2":"sweedish man","format":"[Gen 9] National Dex","log":"|j|\u2606prince5\n|j|\u2606sweedish man\n|inactive|Battle timer is ON: inactive players will automatically lose when time's up.\n|t:|1700213122\n|gametype|singles\n|player|p1|prince5|anabel|\n|player|p2|sweedish man|giovanni|\n|teamsize|p1|6\n|teamsize|p2|6\n|gen|9\n|tier|[Gen 9] National Dex\n|rated|Tournament battle\n|rule|HP Percentage Mod: HP is shown in percentages\n|rule|Endless Battle Clause: Forcing endless battles is banned\n|rule|OHKO Clause: OHKO moves are banned\n|rule|Evasion Clause: Evasion abilities, items, and moves are banned\n|rule|Evasion Abilities Clause: Evasion abilities are banned\n|rule|Evasion Items Clause: Evasion items are banned\n|rule|Evasion Moves Clause: Evasion moves are banned\n|rule|Species Clause: Limit one of each Pok\u00e9mon\n|rule|Sleep Clause Mod: Limit one foe put to sleep\n|clearpoke\n|poke|p1|Infernape, M|\n|poke|p1|Gliscor, M|\n|poke|p1|Sceptile, M|\n|poke|p1|Snorlax, M|\n|poke|p1|Charizard, M|\n|poke|p1|Heracross, M|\n|poke|p2|Tapu Koko|\n|poke|p2|Garchomp, M|\n|poke|p2|Scizor, M|\n|poke|p2|Rotom-Wash|\n|poke|p2|Moltres|\n|poke|p2|Kartana|\n|teampreview\n|inactive|sweedish man has 120 seconds left.\n|\n|t:|1700213161\n|start\n|switch|p1a: Gliscor|Gliscor, M|100\/100\n|switch|p2a: Tapu Koko|Tapu Koko|100\/100\n|-fieldstart|move: Electric Terrain|[from] ability: Electric Surge|[of] p2a: Tapu Koko\n|turn|1\n|\n|t:|1700213168\n|move|p1a: Gliscor|Protect|p1a: Gliscor\n|-singleturn|p1a: Gliscor|Protect\n|move|p2a: Tapu Koko|Dazzling Gleam|p1a: Gliscor\n|-activate|p1a: Gliscor|move: Protect\n|\n|-status|p1a: Gliscor|tox|[from] item: Toxic Orb\n|upkeep\n|turn|2\n|\n|t:|1700213176\n|switch|p2a: Rotom|Rotom-Wash|100\/100\n|move|p1a: Gliscor|Earthquake|p2a: Rotom\n|-immune|p2a: Rotom|[from] ability: Levitate\n|\n|upkeep\n|turn|3\n|j| hantengu\n|\n|t:|1700213182\n|move|p1a: Gliscor|Protect|p1a: Gliscor\n|-singleturn|p1a: Gliscor|Protect\n|move|p2a: Rotom|Hydro Pump|p1a: Gliscor\n|-activate|p1a: Gliscor|move: Protect\n|\n|upkeep\n|turn|4\n|\n|t:|1700213188\n|switch|p1a: Snorlax|Snorlax, M|100\/100\n|move|p2a: Rotom|Hydro Pump|p1a: Snorlax\n|-damage|p1a: Snorlax|82\/100\n|\n|-heal|p1a: Snorlax|88\/100|[from] item: Leftovers\n|upkeep\n|turn|5\n|\n|t:|1700213198\n|move|p2a: Rotom|Will-O-Wisp|p1a: Snorlax\n|-status|p1a: Snorlax|brn\n|move|p1a: Snorlax|Body Slam|p2a: Rotom\n|-damage|p2a: Rotom|85\/100\n|\n|-heal|p2a: Rotom|91\/100|[from] item: Leftovers\n|-heal|p1a: Snorlax|94\/100 brn|[from] item: Leftovers\n|-damage|p1a: Snorlax|88\/100 brn|[from] brn\n|-fieldend|move: Electric Terrain\n|upkeep\n|turn|6\n|\n|t:|1700213209\n|switch|p2a: Kartana|Kartana|100\/100\n|switch|p1a: Gliscor|Gliscor, M|100\/100 tox\n|\n|upkeep\n|turn|7\n|\n|t:|1700213219\n|switch|p2a: Rotom|Rotom-Wash|91\/100\n|move|p1a: Gliscor|Earthquake|p2a: Rotom\n|-immune|p2a: Rotom|[from] ability: Levitate\n|\n|-heal|p2a: Rotom|97\/100|[from] item: Leftovers\n|upkeep\n|turn|8\n|\n|t:|1700213228\n|move|p1a: Gliscor|Toxic|p2a: Rotom\n|-status|p2a: Rotom|tox\n|move|p2a: Rotom|Substitute|p2a: Rotom\n|-start|p2a: Rotom|Substitute\n|-damage|p2a: Rotom|72\/100 tox\n|\n|-heal|p2a: Rotom|78\/100 tox|[from] item: Leftovers\n|-damage|p2a: Rotom|72\/100 tox|[from] psn\n|upkeep\n|turn|9\n|\n|t:|1700213236\n|move|p1a: Gliscor|Protect|p1a: Gliscor\n|-singleturn|p1a: Gliscor|Protect\n|move|p2a: Rotom|Hydro Pump|p1a: Gliscor\n|-activate|p1a: Gliscor|move: Protect\n|\n|-heal|p2a: Rotom|78\/100 tox|[from] item: Leftovers\n|-damage|p2a: Rotom|66\/100 tox|[from] psn\n|upkeep\n|turn|10\n|\n|t:|1700213244\n|switch|p1a: Snorlax|Snorlax, M|88\/100 brn\n|move|p2a: Rotom|Hydro Pump|p1a: Snorlax\n|-damage|p1a: Snorlax|67\/100 brn\n|\n|-heal|p2a: Rotom|72\/100 tox|[from] item: Leftovers\n|-heal|p1a: Snorlax|74\/100 brn|[from] item: Leftovers\n|-damage|p2a: Rotom|54\/100 tox|[from] psn\n|-damage|p1a: Snorlax|67\/100 brn|[from] brn\n|upkeep\n|turn|11\n|\n|t:|1700213256\n|switch|p2a: Garchomp|Garchomp, M|100\/100\n|move|p1a: Snorlax|Body Slam|p2a: Garchomp\n|-damage|p2a: Garchomp|88\/100\n|-damage|p1a: Snorlax|55\/100 brn|[from] ability: Rough Skin|[of] p2a: Garchomp\n|\n|-heal|p1a: Snorlax|61\/100 brn|[from] item: Leftovers\n|-damage|p1a: Snorlax|55\/100 brn|[from] brn\n|upkeep\n|turn|12\n|\n|t:|1700213270\n|switch|p1a: Gliscor|Gliscor, M|100\/100 tox\n|move|p2a: Garchomp|Swords Dance|p2a: Garchomp\n|-boost|p2a: Garchomp|atk|2\n|\n|upkeep\n|turn|13\n|\n|t:|1700213279\n|-terastallize|p2a: Garchomp|Poison\n|move|p1a: Gliscor|Protect|p1a: Gliscor\n|-singleturn|p1a: Gliscor|Protect\n|move|p2a: Garchomp|Dragon Claw|p1a: Gliscor\n|-activate|p1a: Gliscor|move: Protect\n|\n|upkeep\n|turn|14\n|\n|t:|1700213287\n|-terastallize|p1a: Gliscor|Fairy\n|move|p2a: Garchomp|Dragon Claw|p1a: Gliscor\n|-immune|p1a: Gliscor\n|move|p1a: Gliscor|Earthquake|p2a: Garchomp\n|-supereffective|p2a: Garchomp\n|-damage|p2a: Garchomp|35\/100\n|\n|upkeep\n|turn|15\n|\n|t:|1700213296\n|switch|p1a: Snorlax|Snorlax, M|55\/100 brn\n|move|p2a: Garchomp|Earthquake|p1a: Snorlax\n|-damage|p1a: Snorlax|0 fnt\n|faint|p1a: Snorlax\n|-damage|p2a: Garchomp|25\/100|[from] item: Life Orb\n|\n|upkeep\n|\n|t:|1700213320\n|switch|p1a: Sceptile|Sceptile, M|100\/100\n|turn|16\n|\n|t:|1700213327\n|switch|p2a: Moltres|Moltres|100\/100\n|move|p1a: Sceptile|Work Up|p1a: Sceptile\n|-boost|p1a: Sceptile|atk|1\n|-boost|p1a: Sceptile|spa|1\n|\n|upkeep\n|turn|17\n|\n|t:|1700213333\n|switch|p1a: Gliscor|Gliscor, M, tera:Fairy|100\/100 tox\n|move|p2a: Moltres|Flamethrower|p1a: Gliscor\n|-damage|p1a: Gliscor|64\/100 tox\n|\n|-heal|p1a: Gliscor|76\/100 tox|[from] ability: Poison Heal\n|upkeep\n|turn|18\n|\n|t:|1700213345\n|switch|p2a: Kartana|Kartana|100\/100\n|move|p1a: Gliscor|Earthquake|p2a: Kartana\n|-damage|p2a: Kartana|70\/100\n|\n|-heal|p1a: Gliscor|89\/100 tox|[from] ability: Poison Heal\n|upkeep\n|turn|19\n|\n|t:|1700213355\n|move|p1a: Gliscor|Protect|p1a: Gliscor\n|-singleturn|p1a: Gliscor|Protect\n|move|p2a: Kartana|Smart Strike|p1a: Gliscor\n|-activate|p1a: Gliscor|move: Protect\n|\n|-heal|p1a: Gliscor|100\/100 tox|[from] ability: Poison Heal\n|upkeep\n|turn|20\n|\n|t:|1700213363\n|switch|p1a: Sceptile|Sceptile, M|100\/100\n|move|p2a: Kartana|Smart Strike|p1a: Sceptile\n|-damage|p1a: Sceptile|20\/100\n|\n|upkeep\n|turn|21\n|\n|t:|1700213370\n|move|p1a: Sceptile|Hidden Power|p2a: Kartana\n|-supereffective|p2a: Kartana\n|-damage|p2a: Kartana|0 fnt\n|faint|p2a: Kartana\n|\n|upkeep\n|\n|t:|1700213377\n|switch|p2a: Scizor|Scizor, M|100\/100\n|turn|22\n|\n|t:|1700213383\n|move|p2a: Scizor|Bullet Punch|p1a: Sceptile\n|-crit|p1a: Sceptile\n|-damage|p1a: Sceptile|0 fnt\n|faint|p1a: Sceptile\n|\n|upkeep\n|\n|t:|1700213387\n|switch|p1a: Infernape|Infernape, M|100\/100\n|turn|23\n|\n|t:|1700213391\n|switch|p2a: Moltres|Moltres|100\/100\n|move|p1a: Infernape|Flamethrower|p2a: Moltres\n|-resisted|p2a: Moltres\n|-damage|p2a: Moltres|82\/100\n|\n|upkeep\n|turn|24\n|\n|t:|1700213398\n|move|p1a: Infernape|Flamethrower|p2a: Moltres\n|-resisted|p2a: Moltres\n|-damage|p2a: Moltres|62\/100\n|move|p2a: Moltres|Scorching Sands|p1a: Infernape\n|-supereffective|p1a: Infernape\n|-damage|p1a: Infernape|36\/100\n|\n|upkeep\n|turn|25\n|\n|t:|1700213405\n|switch|p1a: Gliscor|Gliscor, M, tera:Fairy|100\/100 tox\n|move|p2a: Moltres|Scorching Sands|p1a: Gliscor\n|-damage|p1a: Gliscor|81\/100 tox\n|\n|-heal|p1a: Gliscor|94\/100 tox|[from] ability: Poison Heal\n|upkeep\n|turn|26\n|\n|t:|1700213418\n|switch|p2a: Scizor|Scizor, M|100\/100\n|switch|p1a: Charizard|Charizard, M|100\/100\n|\n|upkeep\n|turn|27\n|\n|t:|1700213425\n|switch|p2a: Tapu Koko|Tapu Koko|100\/100\n|-fieldstart|move: Electric Terrain|[from] ability: Electric Surge|[of] p2a: Tapu Koko\n|detailschange|p1a: Charizard|Charizard-Mega-X, M\n|-mega|p1a: Charizard|Charizard|Charizardite X\n|move|p1a: Charizard|Dragon Dance|p1a: Charizard\n|-boost|p1a: Charizard|atk|1\n|-boost|p1a: Charizard|spe|1\n|\n|upkeep\n|turn|28\n|\n|t:|1700213435\n|move|p1a: Charizard|Fire Punch|p2a: Tapu Koko\n|-damage|p2a: Tapu Koko|0 fnt\n|faint|p2a: Tapu Koko\n|\n|upkeep\n|\n|t:|1700213442\n|switch|p2a: Moltres|Moltres|62\/100\n|turn|29\n|\n|t:|1700213445\n|move|p1a: Charizard|Dragon Claw|p2a: Moltres\n|-crit|p2a: Moltres\n|-damage|p2a: Moltres|0 fnt\n|-damage|p1a: Charizard|84\/100|[from] item: Rocky Helmet|[of] p2a: Moltres\n|faint|p2a: Moltres\n|\n|upkeep\n|\n|t:|1700213451\n|switch|p2a: Garchomp|Garchomp, M, tera:Poison|25\/100\n|turn|30\n|\n|t:|1700213456\n|move|p1a: Charizard|Dragon Claw|p2a: Garchomp\n|-damage|p2a: Garchomp|0 fnt\n|-damage|p1a: Charizard|72\/100|[from] ability: Rough Skin|[of] p2a: Garchomp\n|faint|p2a: Garchomp\n|\n|upkeep\n|\n|t:|1700213463\n|switch|p2a: Rotom|Rotom-Wash|54\/100 tox\n|turn|31\n|\n|t:|1700213466\n|move|p1a: Charizard|Dragon Claw|p2a: Rotom\n|-damage|p2a: Rotom|0 fnt\n|faint|p2a: Rotom\n|\n|-fieldend|move: Electric Terrain\n|upkeep\n|\n|t:|1700213472\n|switch|p2a: Scizor|Scizor, M|100\/100\n|turn|32\n|\n|t:|1700213476\n|detailschange|p2a: Scizor|Scizor-Mega, M\n|-mega|p2a: Scizor|Scizor|Scizorite\n|move|p2a: Scizor|Protect|p2a: Scizor\n|-singleturn|p2a: Scizor|Protect\n|move|p1a: Charizard|Fire Punch|p2a: Scizor\n|-activate|p2a: Scizor|move: Protect\n|\n|upkeep\n|turn|33\n|c|\u2606prince5|gg\n|\n|t:|1700213484\n|move|p2a: Scizor|Bullet Punch|p1a: Charizard\n|-resisted|p1a: Charizard\n|-damage|p1a: Charizard|52\/100\n|move|p1a: Charizard|Fire Punch|p2a: Scizor\n|-supereffective|p2a: Scizor\n|-damage|p2a: Scizor|0 fnt\n|faint|p2a: Scizor\n|\n|win|prince5\n|n|\u2606prince5|prince5\n|n|\u2606sweedish man|sweedishman\n|n| hantengu|hantengu\n","uploadtime":1700213485,"views":12,"p1id":"prince5","p2id":"sweedishman","formatid":"gen9nationaldex","rating":0,"private":0,"password":""}