{"id":"gen9nationaldex-1997393567","p1":"mereszero","p2":"TuanAnhDzXD","format":"[Gen 9] National Dex","log":"|html|<div class=\"broadcast-blue\"><strong>[Gen 9] National Dex is currently suspecting Sneasler! For information on how to participate check out the <a href=\"https:\/\/www.smogon.com\/forums\/threads\/sv-national-dex-suspect-8-just-dance.3731534\/\">suspect thread<\/a>.<\/strong><\/div>\n|j|\u2606mereszero\n|j|\u2606TuanAnhDzXD\n|t:|1700798391\n|gametype|singles\n|player|p1|mereszero|riley|1103\n|player|p2|TuanAnhDzXD|266|1080\n|teamsize|p1|6\n|teamsize|p2|6\n|gen|9\n|tier|[Gen 9] National Dex\n|rated|\n|rule|HP Percentage Mod: HP is shown in percentages\n|rule|Endless Battle Clause: Forcing endless battles is banned\n|rule|OHKO Clause: OHKO moves are banned\n|rule|Evasion Clause: Evasion abilities, items, and moves are banned\n|rule|Evasion Abilities Clause: Evasion abilities are banned\n|rule|Evasion Items Clause: Evasion items are banned\n|rule|Evasion Moves Clause: Evasion moves are banned\n|rule|Species Clause: Limit one of each Pok\u00e9mon\n|rule|Sleep Clause Mod: Limit one foe put to sleep\n|clearpoke\n|poke|p1|Garchomp, M|\n|poke|p1|Electivire, M|\n|poke|p1|Drapion, M|\n|poke|p1|Gyarados, M|\n|poke|p1|Metagross|\n|poke|p1|Magmortar, M|\n|poke|p2|Pyukumuku, M|\n|poke|p2|Garganacl, F|\n|poke|p2|Corviknight, M|\n|poke|p2|Ferrothorn, F|\n|poke|p2|Druddigon, F|\n|poke|p2|Alomomola, F|\n|teampreview\n|inactive|Battle timer is ON: inactive players will automatically lose when time's up. (requested by mereszero)\n|\n|t:|1700798400\n|start\n|switch|p1a: Drapion|Drapion, M|100\/100\n|switch|p2a: Garganacl|Garganacl, F|100\/100\n|turn|1\n|\n|t:|1700798407\n|-terastallize|p1a: Drapion|Flying\n|move|p1a: Drapion|Toxic Spikes|p2a: Garganacl\n|-sidestart|p2: TuanAnhDzXD|move: Toxic Spikes\n|move|p2a: Garganacl|Stealth Rock|p1a: Drapion\n|-sidestart|p1: mereszero|move: Stealth Rock\n|\n|-damage|p1a: Drapion|88\/100|[from] item: Black Sludge\n|upkeep\n|turn|2\n|\n|t:|1700798414\n|move|p1a: Drapion|Toxic Spikes|p2a: Garganacl\n|-sidestart|p2: TuanAnhDzXD|move: Toxic Spikes\n|move|p2a: Garganacl|Salt Cure|p1a: Drapion\n|-supereffective|p1a: Drapion\n|-damage|p1a: Drapion|57\/100\n|-start|p1a: Drapion|Salt Cure\n|\n|-damage|p1a: Drapion|45\/100|[from] item: Black Sludge\n|-damage|p1a: Drapion|33\/100|[from] Salt Cure\n|upkeep\n|turn|3\n|\n|t:|1700798419\n|move|p2a: Garganacl|Curse|p2a: Garganacl\n|-unboost|p2a: Garganacl|spe|1\n|-boost|p2a: Garganacl|atk|1\n|-boost|p2a: Garganacl|def|1\n|move|p1a: Drapion|Whirlwind|p2a: Garganacl\n|drag|p2a: Alomomola|Alomomola, F|100\/100\n|-status|p2a: Alomomola|tox\n|\n|-damage|p1a: Drapion|20\/100|[from] item: Black Sludge\n|-damage|p2a: Alomomola|94\/100 tox|[from] psn\n|-damage|p1a: Drapion|8\/100|[from] Salt Cure\n|upkeep\n|turn|4\n|\n|t:|1700798429\n|move|p2a: Alomomola|Flip Turn|p1a: Drapion\n|-damage|p1a: Drapion|0 fnt\n|faint|p1a: Drapion\n|\n|t:|1700798439\n|switch|p2a: Ferrothorn|Ferrothorn, F|100\/100|[from] Flip Turn\n|\n|upkeep\n|\n|t:|1700798449\n|switch|p1a: Garchomp|Garchomp, M|100\/100\n|-damage|p1a: Garchomp|94\/100|[from] Stealth Rock\n|turn|5\n|\n|t:|1700798452\n|move|p1a: Garchomp|Fire Fang|p2a: Ferrothorn\n|-supereffective|p2a: Ferrothorn\n|-damage|p2a: Ferrothorn|27\/100\n|-damage|p1a: Garchomp|82\/100|[from] ability: Iron Barbs|[of] p2a: Ferrothorn\n|-damage|p1a: Garchomp|65\/100|[from] item: Rocky Helmet|[of] p2a: Ferrothorn\n|-damage|p1a: Garchomp|56\/100|[from] item: Life Orb\n|move|p2a: Ferrothorn|Leech Seed|p1a: Garchomp\n|-start|p1a: Garchomp|move: Leech Seed\n|\n|-damage|p1a: Garchomp|43\/100|[from] Leech Seed|[of] p2a: Ferrothorn\n|-heal|p2a: Ferrothorn|39\/100|[silent]\n|upkeep\n|turn|6\n|\n|t:|1700798461\n|move|p2a: Ferrothorn|Protect|p2a: Ferrothorn\n|-singleturn|p2a: Ferrothorn|Protect\n|move|p1a: Garchomp|Stealth Rock|p2a: Ferrothorn\n|-sidestart|p2: TuanAnhDzXD|move: Stealth Rock\n|\n|-damage|p1a: Garchomp|31\/100|[from] Leech Seed|[of] p2a: Ferrothorn\n|-heal|p2a: Ferrothorn|52\/100|[silent]\n|upkeep\n|turn|7\n|\n|t:|1700798466\n|move|p1a: Garchomp|Fire Fang|p2a: Ferrothorn\n|-supereffective|p2a: Ferrothorn\n|-damage|p2a: Ferrothorn|0 fnt\n|-damage|p1a: Garchomp|19\/100|[from] ability: Iron Barbs|[of] p2a: Ferrothorn\n|-damage|p1a: Garchomp|2\/100|[from] item: Rocky Helmet|[of] p2a: Ferrothorn\n|faint|p2a: Ferrothorn\n|-damage|p1a: Garchomp|0 fnt|[from] item: Life Orb\n|faint|p1a: Garchomp\n|\n|upkeep\n|\n|t:|1700798477\n|switch|p1a: Gyarados|Gyarados, M|100\/100\n|switch|p2a: Alomomola|Alomomola, F|100\/100 tox\n|-damage|p1a: Gyarados|76\/100|[from] Stealth Rock\n|-ability|p1a: Gyarados|Intimidate|boost\n|-unboost|p2a: Alomomola|atk|1\n|-damage|p2a: Alomomola|88\/100 tox|[from] Stealth Rock\n|turn|8\n|\n|t:|1700798487\n|move|p2a: Alomomola|Toxic|p1a: Gyarados\n|-status|p1a: Gyarados|tox\n|move|p1a: Gyarados|Dragon Tail|p2a: Alomomola\n|-damage|p2a: Alomomola|67\/100 tox\n|-damage|p1a: Gyarados|66\/100 tox|[from] item: Life Orb\n|drag|p2a: Druddigon|Druddigon, F|100\/100\n|-status|p2a: Druddigon|tox\n|-damage|p2a: Druddigon|88\/100 tox|[from] Stealth Rock\n|\n|-damage|p1a: Gyarados|60\/100 tox|[from] psn\n|-damage|p2a: Druddigon|82\/100 tox|[from] psn\n|upkeep\n|turn|9\n|\n|t:|1700798497\n|move|p1a: Gyarados|Dragon Tail|p2a: Druddigon\n|-supereffective|p2a: Druddigon\n|-damage|p2a: Druddigon|46\/100 tox\n|-damage|p1a: Gyarados|47\/100 tox|[from] ability: Rough Skin|[of] p2a: Druddigon\n|-damage|p1a: Gyarados|31\/100 tox|[from] item: Rocky Helmet|[of] p2a: Druddigon\n|-damage|p1a: Gyarados|21\/100 tox|[from] item: Life Orb\n|drag|p2a: Alomomola|Alomomola, F|99\/100 tox\n|-damage|p2a: Alomomola|88\/100 tox|[from] Stealth Rock\n|\n|-heal|p2a: Alomomola|94\/100 tox|[from] item: Leftovers\n|-damage|p1a: Gyarados|9\/100 tox|[from] psn\n|-damage|p2a: Alomomola|88\/100 tox|[from] psn\n|upkeep\n|turn|10\n|\n|t:|1700798512\n|move|p2a: Alomomola|Flip Turn|p1a: Gyarados\n|-resisted|p1a: Gyarados\n|-damage|p1a: Gyarados|0 fnt\n|faint|p1a: Gyarados\n|\n|t:|1700798516\n|switch|p2a: Garganacl|Garganacl, F|100\/100|[from] Flip Turn\n|-damage|p2a: Garganacl|88\/100|[from] Stealth Rock\n|\n|-heal|p2a: Garganacl|94\/100|[from] item: Leftovers\n|upkeep\n|l|\u2606mereszero\n|inactive|mereszero disconnected and has a minute to reconnect!\n|player|p1|\n|inactive|mereszero has 30 seconds to reconnect!\n|j|\u2606mereszero\n|inactive|mereszero reconnected and has 100 seconds left.\n|player|p1|mereszero|riley\n|inactive|mereszero has 90 seconds left.\n|\n|t:|1700798580\n|switch|p1a: Metagross|Metagross|100\/100\n|-damage|p1a: Metagross|95\/100|[from] Stealth Rock\n|turn|11\n|inactive|mereszero has 90 seconds left.\n|\n|t:|1700798591\n|-terastallize|p2a: Garganacl|Dragon\n|move|p1a: Metagross|Earthquake|p2a: Garganacl\n|-damage|p2a: Garganacl|72\/100\n|-damage|p1a: Metagross|85\/100|[from] item: Life Orb\n|move|p2a: Garganacl|Curse|p2a: Garganacl\n|-unboost|p2a: Garganacl|spe|1\n|-boost|p2a: Garganacl|atk|1\n|-boost|p2a: Garganacl|def|1\n|\n|-heal|p2a: Garganacl|78\/100|[from] item: Leftovers\n|upkeep\n|turn|12\n|c|\u2606TuanAnhDzXD|oh\n|inactive|mereszero has 90 seconds left.\n|\n|t:|1700798602\n|move|p1a: Metagross|Ice Punch|p2a: Garganacl\n|-supereffective|p2a: Garganacl\n|-damage|p2a: Garganacl|53\/100\n|-damage|p1a: Metagross|75\/100|[from] item: Life Orb\n|move|p2a: Garganacl|Curse|p2a: Garganacl\n|-unboost|p2a: Garganacl|spe|1\n|-boost|p2a: Garganacl|atk|1\n|-boost|p2a: Garganacl|def|1\n|\n|-heal|p2a: Garganacl|59\/100|[from] item: Leftovers\n|upkeep\n|turn|13\n|c|\u2606TuanAnhDzXD|u joined again\n|\n|t:|1700798609\n|move|p1a: Metagross|Ice Punch|p2a: Garganacl\n|-supereffective|p2a: Garganacl\n|-damage|p2a: Garganacl|41\/100\n|-damage|p1a: Metagross|65\/100|[from] item: Life Orb\n|move|p2a: Garganacl|Salt Cure|p1a: Metagross\n|-resisted|p1a: Metagross\n|-damage|p1a: Metagross|51\/100\n|-start|p1a: Metagross|Salt Cure\n|\n|-heal|p2a: Garganacl|47\/100|[from] item: Leftovers\n|-damage|p1a: Metagross|26\/100|[from] Salt Cure\n|upkeep\n|turn|14\n|\n|t:|1700798617\n|move|p2a: Garganacl|Protect|p2a: Garganacl\n|-singleturn|p2a: Garganacl|Protect\n|move|p1a: Metagross|Ice Punch|p2a: Garganacl\n|-activate|p2a: Garganacl|move: Protect\n|\n|-heal|p2a: Garganacl|53\/100|[from] item: Leftovers\n|-damage|p1a: Metagross|1\/100|[from] Salt Cure\n|upkeep\n|turn|15\n|\n|t:|1700798621\n|move|p2a: Garganacl|Protect||[still]\n|-fail|p2a: Garganacl\n|move|p1a: Metagross|Ice Punch|p2a: Garganacl\n|-supereffective|p2a: Garganacl\n|-damage|p2a: Garganacl|34\/100\n|-damage|p1a: Metagross|0 fnt|[from] item: Life Orb\n|faint|p1a: Metagross\n|\n|-heal|p2a: Garganacl|40\/100|[from] item: Leftovers\n|upkeep\n|\n|t:|1700798631\n|switch|p1a: Magmortar|Magmortar, M|100\/100\n|-damage|p1a: Magmortar|76\/100|[from] Stealth Rock\n|turn|16\n|\n|t:|1700798636\n|move|p1a: Magmortar|Focus Blast|p2a: Garganacl\n|-damage|p2a: Garganacl|0 fnt\n|faint|p2a: Garganacl\n|\n|upkeep\n|\n|t:|1700798641\n|switch|p2a: Druddigon|Druddigon, F|46\/100 tox\n|-damage|p2a: Druddigon|33\/100 tox|[from] Stealth Rock\n|turn|17\n|\n|t:|1700798645\n|move|p1a: Magmortar|Focus Blast|p2a: Druddigon\n|-damage|p2a: Druddigon|0 fnt\n|faint|p2a: Druddigon\n|\n|upkeep\n|\n|t:|1700798648\n|switch|p2a: Alomomola|Alomomola, F|100\/100 tox\n|-damage|p2a: Alomomola|88\/100 tox|[from] Stealth Rock\n|turn|18\n|\n|t:|1700798651\n|move|p1a: Magmortar|Focus Blast|p2a: Alomomola\n|-damage|p2a: Alomomola|57\/100 tox\n|-unboost|p2a: Alomomola|spd|1\n|move|p2a: Alomomola|Toxic|p1a: Magmortar\n|-status|p1a: Magmortar|tox\n|\n|-heal|p2a: Alomomola|64\/100 tox|[from] item: Leftovers\n|-damage|p1a: Magmortar|70\/100 tox|[from] psn\n|-damage|p2a: Alomomola|57\/100 tox|[from] psn\n|upkeep\n|turn|19\n|\n|t:|1700798659\n|move|p1a: Magmortar|Focus Blast|p2a: Alomomola\n|-damage|p2a: Alomomola|15\/100 tox\n|move|p2a: Alomomola|Wish|p2a: Alomomola\n|\n|-heal|p2a: Alomomola|21\/100 tox|[from] item: Leftovers\n|-damage|p1a: Magmortar|57\/100 tox|[from] psn\n|-damage|p2a: Alomomola|9\/100 tox|[from] psn\n|upkeep\n|turn|20\n|\n|t:|1700798669\n|switch|p1a: Electivire|Electivire, M|100\/100\n|-damage|p1a: Electivire|88\/100|[from] Stealth Rock\n|switch|p2a: Pyukumuku|Pyukumuku, M|100\/100\n|-status|p2a: Pyukumuku|tox\n|-damage|p2a: Pyukumuku|88\/100 tox|[from] Stealth Rock\n|\n|-heal|p2a: Pyukumuku|100\/100 tox|[from] move: Wish|[wisher] Alomomola\n|-damage|p2a: Pyukumuku|94\/100 tox|[from] psn\n|upkeep\n|turn|21\n|\n|t:|1700798678\n|move|p1a: Electivire|Thunder Punch|p2a: Pyukumuku\n|-supereffective|p2a: Pyukumuku\n|-damage|p2a: Pyukumuku|15\/100 tox\n|-damage|p1a: Electivire|78\/100|[from] item: Life Orb\n|move|p2a: Pyukumuku|Toxic|p1a: Electivire\n|-status|p1a: Electivire|tox\n|\n|-heal|p2a: Pyukumuku|21\/100 tox|[from] item: Leftovers\n|-damage|p1a: Electivire|72\/100 tox|[from] psn\n|-damage|p2a: Pyukumuku|9\/100 tox|[from] psn\n|upkeep\n|turn|22\n|\n|t:|1700798688\n|move|p2a: Pyukumuku|Protect|p2a: Pyukumuku\n|-singleturn|p2a: Pyukumuku|Protect\n|move|p1a: Electivire|Thunder Punch|p2a: Pyukumuku\n|-activate|p2a: Pyukumuku|move: Protect\n|\n|-heal|p2a: Pyukumuku|15\/100 tox|[from] item: Leftovers\n|-damage|p1a: Electivire|60\/100 tox|[from] psn\n|-damage|p2a: Pyukumuku|0 fnt|[from] psn\n|faint|p2a: Pyukumuku\n|upkeep\n|\n|t:|1700798692\n|switch|p2a: Alomomola|Alomomola, F|42\/100 tox\n|-damage|p2a: Alomomola|30\/100 tox|[from] Stealth Rock\n|turn|23\n|\n|t:|1700798698\n|move|p1a: Electivire|Thunder Punch|p2a: Alomomola\n|-supereffective|p2a: Alomomola\n|-damage|p2a: Alomomola|0 fnt\n|faint|p2a: Alomomola\n|-damage|p1a: Electivire|50\/100 tox|[from] item: Life Orb\n|\n|-damage|p1a: Electivire|31\/100 tox|[from] psn\n|upkeep\n|\n|t:|1700798700\n|switch|p2a: Corviknight|Corviknight, M|100\/100\n|-damage|p2a: Corviknight|88\/100|[from] Stealth Rock\n|-ability|p2a: Corviknight|Pressure\n|turn|24\n|\n|t:|1700798703\n|move|p1a: Electivire|Thunder Punch|p2a: Corviknight\n|-supereffective|p2a: Corviknight\n|-damage|p2a: Corviknight|6\/100\n|-damage|p1a: Electivire|15\/100 tox|[from] item: Rocky Helmet|[of] p2a: Corviknight\n|-damage|p1a: Electivire|5\/100 tox|[from] item: Life Orb\n|move|p2a: Corviknight|Roost|p2a: Corviknight\n|-heal|p2a: Corviknight|56\/100\n|-singleturn|p2a: Corviknight|move: Roost\n|\n|-damage|p1a: Electivire|0 fnt|[from] psn\n|faint|p1a: Electivire\n|upkeep\n|\n|t:|1700798711\n|switch|p1a: Magmortar|Magmortar, M|57\/100 tox\n|-damage|p1a: Magmortar|32\/100 tox|[from] Stealth Rock\n|turn|25\n|\n|t:|1700798718\n|move|p1a: Magmortar|Thunderbolt|p2a: Corviknight\n|-supereffective|p2a: Corviknight\n|-damage|p2a: Corviknight|16\/100\n|-status|p2a: Corviknight|par\n|move|p2a: Corviknight|Roost|p2a: Corviknight\n|-heal|p2a: Corviknight|66\/100 par\n|-singleturn|p2a: Corviknight|move: Roost\n|\n|-damage|p1a: Magmortar|26\/100 tox|[from] psn\n|upkeep\n|turn|26\n|\n|t:|1700798725\n|move|p1a: Magmortar|Thunderbolt|p2a: Corviknight\n|-supereffective|p2a: Corviknight\n|-damage|p2a: Corviknight|23\/100 par\n|cant|p2a: Corviknight|par\n|\n|-damage|p1a: Magmortar|14\/100 tox|[from] psn\n|upkeep\n|turn|27\n|\n|t:|1700798731\n|move|p1a: Magmortar|Thunderbolt|p2a: Corviknight\n|-supereffective|p2a: Corviknight\n|-damage|p2a: Corviknight|0 fnt\n|faint|p2a: Corviknight\n|\n|win|mereszero\n|raw|mereszero's rating: 1103 &rarr; <strong>1126<\/strong><br \/>(+23 for winning)\n|raw|TuanAnhDzXD's rating: 1080 &rarr; <strong>1059<\/strong><br \/>(-21 for losing)\n|c|\u2606TuanAnhDzXD|come monnnnn\n|c|\u2606TuanAnhDzXD|this para\n","uploadtime":1700798740,"views":4,"p1id":"mereszero","p2id":"tuananhdzxd","formatid":"gen9nationaldex","rating":1059,"private":0,"password":""}