{"id":"gen9nationaldex-1987871632","p1":"Shamoneamola\u2655","p2":"Vedasa","format":"[Gen 9] National Dex","log":"|j|\u2606Shamoneamola\u2655\n|j|\u2606Vedasa\n|inactive|Battle timer is ON: inactive players will automatically lose when time's up.\n|t:|1699644578\n|gametype|singles\n|player|p1|Shamoneamola\u2655|lusamine-nihilego|\n|player|p2|Vedasa|blue|\n|teamsize|p1|6\n|teamsize|p2|6\n|gen|9\n|tier|[Gen 9] National Dex\n|rated|Tournament battle\n|rule|HP Percentage Mod: HP is shown in percentages\n|rule|Endless Battle Clause: Forcing endless battles is banned\n|rule|OHKO Clause: OHKO moves are banned\n|rule|Evasion Clause: Evasion abilities, items, and moves are banned\n|rule|Evasion Abilities Clause: Evasion abilities are banned\n|rule|Evasion Items Clause: Evasion items are banned\n|rule|Evasion Moves Clause: Evasion moves are banned\n|rule|Species Clause: Limit one of each Pok\u00e9mon\n|rule|Sleep Clause Mod: Limit one foe put to sleep\n|clearpoke\n|poke|p1|Ribombee, M|\n|poke|p1|Tapu Lele|\n|poke|p1|Zygarde-10%|\n|poke|p1|Zamazenta-*|\n|poke|p1|Iron Valiant|\n|poke|p1|Tornadus-Therian, M|\n|poke|p2|Aerodactyl, M|\n|poke|p2|Machamp, M|\n|poke|p2|Alakazam, M|\n|poke|p2|Exeggutor, M|\n|poke|p2|Arcanine, M|\n|poke|p2|Gyarados, M|\n|teampreview\n|j| Chinottt\n|c|\u2606Vedasa|glhf\n|j| asoespresso\n|\n|t:|1699644594\n|start\n|switch|p1a: gunna|Zamazenta|100\/100\n|switch|p2a: Aerodactyl|Aerodactyl, M|100\/100\n|-ability|p2a: Aerodactyl|Unnerve\n|-ability|p1a: gunna|Dauntless Shield|boost\n|-boost|p1a: gunna|def|1\n|turn|1\n|\n|t:|1699644606\n|switch|p2a: Arcanine|Arcanine, M|100\/100\n|-ability|p2a: Arcanine|Intimidate|boost\n|-unboost|p1a: gunna|atk|1\n|-terastallize|p1a: gunna|Steel\n|move|p1a: gunna|Heavy Slam|p2a: Arcanine\n|-resisted|p2a: Arcanine\n|-damage|p2a: Arcanine|94\/100\n|\n|upkeep\n|turn|2\n|\n|t:|1699644621\n|switch|p1a: omari b|Ribombee, M|100\/100\n|move|p2a: Arcanine|Burn Up|p1a: omari b\n|-supereffective|p1a: omari b\n|-enditem|p1a: omari b|Focus Sash\n|-damage|p1a: omari b|1\/100\n|-start|p2a: Arcanine|typechange|???|[from] move: Burn Up\n|\n|upkeep\n|turn|3\n|\n|t:|1699644627\n|switch|p2a: Aerodactyl|Aerodactyl, M|100\/100\n|-ability|p2a: Aerodactyl|Unnerve\n|move|p1a: omari b|Sticky Web|p2a: Aerodactyl\n|-sidestart|p2: Vedasa|move: Sticky Web\n|\n|upkeep\n|turn|4\n|\n|t:|1699644630\n|move|p2a: Aerodactyl|Defog|p1a: omari b\n|-unboost|p1a: omari b|evasion|1\n|-sideend|p2: Vedasa|Sticky Web|[from] move: Defog|[of] p2a: Aerodactyl\n|move|p1a: omari b|Stun Spore|p2a: Aerodactyl|[miss]\n|-miss|p1a: omari b|p2a: Aerodactyl\n|\n|upkeep\n|turn|5\n|c|\u2606Shamoneamola\u2655|reeeeeeee\n|\n|t:|1699644640\n|move|p2a: Aerodactyl|Earthquake|p1a: omari b\n|-resisted|p1a: omari b\n|-damage|p1a: omari b|0 fnt\n|faint|p1a: omari b\n|\n|upkeep\n|\n|t:|1699644643\n|switch|p1a: gunna|Zamazenta, tera:Steel|100\/100\n|turn|6\n|\n|t:|1699644650\n|move|p1a: gunna|Iron Defense|p1a: gunna\n|-boost|p1a: gunna|def|2\n|move|p2a: Aerodactyl|Earthquake|p1a: gunna\n|-supereffective|p1a: gunna\n|-damage|p1a: gunna|77\/100\n|\n|upkeep\n|turn|7\n|\n|t:|1699644658\n|switch|p2a: Arcanine|Arcanine, M|94\/100\n|-ability|p2a: Arcanine|Intimidate|boost\n|-unboost|p1a: gunna|atk|1\n|move|p1a: gunna|Body Press|p2a: Arcanine\n|-damage|p2a: Arcanine|3\/100\n|\n|upkeep\n|turn|8\n|\n|t:|1699644663\n|move|p1a: gunna|Body Press|p2a: Arcanine\n|-damage|p2a: Arcanine|0 fnt\n|faint|p2a: Arcanine\n|\n|upkeep\n|\n|t:|1699644668\n|switch|p2a: Alakazam|Alakazam, M|100\/100\n|turn|9\n|\n|t:|1699644672\n|move|p1a: gunna|Heavy Slam|p2a: Alakazam\n|-damage|p2a: Alakazam|33\/100\n|move|p2a: Alakazam|Focus Blast|p1a: gunna\n|-supereffective|p1a: gunna\n|-damage|p1a: gunna|0 fnt\n|faint|p1a: gunna\n|\n|upkeep\n|\n|t:|1699644684\n|switch|p1a: molt is bad|Tornadus-Therian, M|100\/100\n|turn|10\n|\n|t:|1699644695\n|move|p1a: molt is bad|U-turn|p2a: Alakazam\n|-supereffective|p2a: Alakazam\n|-damage|p2a: Alakazam|0 fnt\n|faint|p2a: Alakazam\n|\n|t:|1699644699\n|switch|p1a: lele pons|Tapu Lele|100\/100|[from] U-turn\n|-fieldstart|move: Psychic Terrain|[from] ability: Psychic Surge|[of] p1a: lele pons\n|\n|upkeep\n|\n|t:|1699644705\n|switch|p2a: Gyarados|Gyarados, M|100\/100\n|-ability|p2a: Gyarados|Intimidate|boost\n|-unboost|p1a: lele pons|atk|1\n|turn|11\n|\n|t:|1699644709\n|move|p1a: lele pons|Moonblast|p2a: Gyarados\n|-damage|p2a: Gyarados|31\/100\n|move|p2a: Gyarados|Dragon Dance|p2a: Gyarados\n|-boost|p2a: Gyarados|atk|1\n|-boost|p2a: Gyarados|spe|1\n|\n|upkeep\n|turn|12\n|\n|t:|1699644717\n|detailschange|p2a: Gyarados|Gyarados-Mega, M\n|-mega|p2a: Gyarados|Gyarados|Gyaradosite\n|-ability|p2a: Gyarados|Mold Breaker\n|move|p2a: Gyarados|Waterfall|p1a: lele pons\n|-crit|p1a: lele pons\n|-damage|p1a: lele pons|0 fnt\n|faint|p1a: lele pons\n|\n|upkeep\n|\n|t:|1699644721\n|switch|p1a: molt is bad|Tornadus-Therian, M|100\/100\n|turn|13\n|\n|t:|1699644724\n|move|p2a: Gyarados|Waterfall|p1a: molt is bad\n|-damage|p1a: molt is bad|4\/100\n|move|p1a: molt is bad|U-turn|p2a: Gyarados\n|-supereffective|p2a: Gyarados\n|-damage|p2a: Gyarados|4\/100\n|\n|t:|1699644737\n|switch|p1a: lil baby|Zygarde-10%|100\/100|[from] U-turn\n|-ability|p1a: lil baby|Aura Break\n|\n|upkeep\n|turn|14\n|\n|t:|1699644744\n|switch|p1a: molt is bad|Tornadus-Therian, M|38\/100\n|move|p2a: Gyarados|Waterfall|p1a: molt is bad\n|-damage|p1a: molt is bad|0 fnt\n|faint|p1a: molt is bad\n|\n|-fieldend|move: Psychic Terrain\n|upkeep\n|\n|t:|1699644748\n|switch|p1a: lil baby|Zygarde-10%|100\/100\n|-ability|p1a: lil baby|Aura Break\n|turn|15\n|\n|t:|1699644750\n|move|p1a: lil baby|Extreme Speed|p2a: Gyarados\n|-damage|p2a: Gyarados|0 fnt\n|faint|p2a: Gyarados\n|\n|upkeep\n|\n|t:|1699644759\n|switch|p2a: Exeggutor|Exeggutor, M|100\/100\n|turn|16\n|\n|t:|1699644763\n|switch|p1a: hidins hatin|Iron Valiant|100\/100\n|-enditem|p1a: hidins hatin|Booster Energy\n|-activate|p1a: hidins hatin|ability: Quark Drive|[fromitem]\n|-start|p1a: hidins hatin|quarkdriveatk\n|move|p2a: Exeggutor|Calm Mind|p2a: Exeggutor\n|-boost|p2a: Exeggutor|spa|1\n|-boost|p2a: Exeggutor|spd|1\n|\n|upkeep\n|turn|17\n|\n|t:|1699644769\n|move|p1a: hidins hatin|Knock Off|p2a: Exeggutor\n|-supereffective|p2a: Exeggutor\n|-damage|p2a: Exeggutor|36\/100\n|-enditem|p2a: Exeggutor|Chesto Berry|[from] move: Knock Off|[of] p1a: hidins hatin\n|move|p2a: Exeggutor|Psyshock|p1a: hidins hatin\n|-supereffective|p1a: hidins hatin\n|-damage|p1a: hidins hatin|0 fnt\n|faint|p1a: hidins hatin\n|-end|p1a: hidins hatin|Quark Drive|[silent]\n|\n|upkeep\n|\n|t:|1699644773\n|switch|p1a: lil baby|Zygarde-10%|100\/100\n|-ability|p1a: lil baby|Aura Break\n|turn|18\n|\n|t:|1699644778\n|move|p1a: lil baby|Thousand Arrows|p2a: Exeggutor\n|-resisted|p2a: Exeggutor\n|-damage|p2a: Exeggutor|12\/100\n|move|p2a: Exeggutor|Giga Drain|p1a: lil baby\n|-damage|p1a: lil baby|39\/100\n|-heal|p2a: Exeggutor|32\/100|[from] drain|[of] p1a: lil baby\n|\n|upkeep\n|turn|19\n|\n|t:|1699644783\n|move|p1a: lil baby|Thousand Arrows|p2a: Exeggutor\n|-resisted|p2a: Exeggutor\n|-damage|p2a: Exeggutor|10\/100\n|move|p2a: Exeggutor|Giga Drain|p1a: lil baby\n|-damage|p1a: lil baby|0 fnt\n|-heal|p2a: Exeggutor|22\/100|[from] drain|[of] p1a: lil baby\n|faint|p1a: lil baby\n|\n|win|Vedasa\n|n|\u2606Shamoneamola\u2655|shamoneamola\n|n|\u2606Vedasa|vedasa\n|n| Chinottt|chinottt\n|n| asoespresso|asoespresso\n","uploadtime":1699644784,"views":6,"p1id":"shamoneamola","p2id":"vedasa","formatid":"gen9nationaldex","rating":0,"private":0,"password":""}