{"id":"gen9nationaldex-1995311050","p1":"Sirrawrz","p2":"WucSword","format":"[Gen 9] National Dex","log":"|html|<div class=\"broadcast-blue\"><strong>[Gen 9] National Dex is currently suspecting Sneasler! For information on how to participate check out the <a href=\"https:\/\/www.smogon.com\/forums\/threads\/sv-national-dex-suspect-8-just-dance.3731534\/\">suspect thread<\/a>.<\/strong><\/div>\n|j|\u2606Sirrawrz\n|j|\u2606WucSword\n|t:|1700551509\n|gametype|singles\n|player|p1|Sirrawrz|emmet|1538\n|player|p2|WucSword|cynthia|1500\n|teamsize|p1|6\n|teamsize|p2|6\n|gen|9\n|tier|[Gen 9] National Dex\n|rated|\n|rule|HP Percentage Mod: HP is shown in percentages\n|rule|Endless Battle Clause: Forcing endless battles is banned\n|rule|OHKO Clause: OHKO moves are banned\n|rule|Evasion Clause: Evasion abilities, items, and moves are banned\n|rule|Evasion Abilities Clause: Evasion abilities are banned\n|rule|Evasion Items Clause: Evasion items are banned\n|rule|Evasion Moves Clause: Evasion moves are banned\n|rule|Species Clause: Limit one of each Pok\u00e9mon\n|rule|Sleep Clause Mod: Limit one foe put to sleep\n|clearpoke\n|poke|p1|Ninetales, M|\n|poke|p1|Venusaur, M|\n|poke|p1|Jolteon, F|\n|poke|p1|Blastoise, M|\n|poke|p1|Rhydon, F|\n|poke|p1|Scyther, F|\n|poke|p2|Beedrill, M|\n|poke|p2|Ogerpon-Wellspring, F|\n|poke|p2|Tapu Lele|\n|poke|p2|Corviknight, F|\n|poke|p2|Clodsire, F|\n|poke|p2|Sneasler, F|\n|teampreview\n|inactive|Battle timer is ON: inactive players will automatically lose when time's up. (requested by WucSword)\n|\n|t:|1700551514\n|start\n|switch|p1a: Ninetales|Ninetales, M, shiny|100\/100\n|switch|p2a: Beedrill|Beedrill, M|100\/100\n|-weather|SunnyDay|[from] ability: Drought|[of] p1a: Ninetales\n|turn|1\n|\n|t:|1700551523\n|switch|p2a: Clodsire|Clodsire, F|100\/100\n|move|p1a: Ninetales|Weather Ball|p2a: Clodsire\n|-damage|p2a: Clodsire|73\/100\n|\n|-weather|SunnyDay|[upkeep]\n|-heal|p2a: Clodsire|79\/100|[from] item: Black Sludge\n|upkeep\n|turn|2\n|\n|t:|1700551535\n|switch|p1a: Rhydon|Rhydon, F, shiny|100\/100\n|switch|p2a: Tapu Lele|Tapu Lele|100\/100\n|-fieldstart|move: Psychic Terrain|[from] ability: Psychic Surge|[of] p2a: Tapu Lele\n|\n|-weather|SunnyDay|[upkeep]\n|upkeep\n|turn|3\n|\n|t:|1700551546\n|-terastallize|p2a: Tapu Lele|Psychic\n|move|p2a: Tapu Lele|Psychic|p1a: Rhydon\n|-damage|p1a: Rhydon|24\/100\n|move|p1a: Rhydon|Stealth Rock|p2a: Tapu Lele\n|-sidestart|p2: WucSword|move: Stealth Rock\n|\n|-weather|SunnyDay|[upkeep]\n|upkeep\n|turn|4\n|\n|t:|1700551553\n|move|p2a: Tapu Lele|Psychic|p1a: Rhydon\n|-damage|p1a: Rhydon|0 fnt\n|faint|p1a: Rhydon\n|\n|-weather|SunnyDay|[upkeep]\n|upkeep\n|\n|t:|1700551558\n|switch|p1a: Scyther|Scyther, F, shiny|100\/100\n|turn|5\n|\n|t:|1700551561\n|switch|p2a: Corviknight|Corviknight, F|100\/100\n|-damage|p2a: Corviknight|88\/100|[from] Stealth Rock\n|move|p1a: Scyther|U-turn|p2a: Corviknight\n|-resisted|p2a: Corviknight\n|-damage|p2a: Corviknight|81\/100\n|-damage|p1a: Scyther|84\/100|[from] item: Rocky Helmet|[of] p2a: Corviknight\n|\n|t:|1700551564\n|switch|p1a: Jolteon|Jolteon, F, shiny|100\/100|[from] U-turn\n|\n|-weather|none\n|-status|p1a: Jolteon|brn|[from] item: Flame Orb\n|upkeep\n|turn|6\n|\n|t:|1700551570\n|switch|p1a: Scyther|Scyther, F, shiny|84\/100\n|switch|p2a: Clodsire|Clodsire, F|79\/100\n|-damage|p2a: Clodsire|73\/100|[from] Stealth Rock\n|\n|-heal|p2a: Clodsire|79\/100|[from] item: Black Sludge\n|-fieldend|move: Psychic Terrain\n|upkeep\n|turn|7\n|\n|t:|1700551573\n|switch|p2a: Corviknight|Corviknight, F|81\/100\n|-damage|p2a: Corviknight|69\/100|[from] Stealth Rock\n|-terastallize|p1a: Scyther|Flying\n|move|p1a: Scyther|Dual Wingbeat|p2a: Corviknight\n|-resisted|p2a: Corviknight\n|-crit|p2a: Corviknight\n|-damage|p2a: Corviknight|45\/100\n|-damage|p1a: Scyther|68\/100|[from] item: Rocky Helmet|[of] p2a: Corviknight\n|-resisted|p2a: Corviknight\n|-damage|p2a: Corviknight|27\/100\n|-damage|p1a: Scyther|51\/100|[from] item: Rocky Helmet|[of] p2a: Corviknight\n|-hitcount|p2a: Corviknight|2\n|\n|upkeep\n|turn|8\n|\n|t:|1700551582\n|move|p1a: Scyther|Dual Wingbeat|p2a: Corviknight|[miss]\n|-miss|p1a: Scyther|p2a: Corviknight\n|move|p2a: Corviknight|Roost|p2a: Corviknight\n|-heal|p2a: Corviknight|77\/100\n|-singleturn|p2a: Corviknight|move: Roost\n|\n|upkeep\n|turn|9\n|c|\u2606Sirrawrz|rough\n|\n|t:|1700551592\n|switch|p1a: Ninetales|Ninetales, M, shiny|100\/100\n|-weather|SunnyDay|[from] ability: Drought|[of] p1a: Ninetales\n|move|p2a: Corviknight|U-turn|p1a: Ninetales\n|-resisted|p1a: Ninetales\n|-damage|p1a: Ninetales|89\/100\n|\n|t:|1700551601\n|switch|p2a: Clodsire|Clodsire, F|79\/100|[from] U-turn\n|-damage|p2a: Clodsire|73\/100|[from] Stealth Rock\n|\n|-weather|SunnyDay|[upkeep]\n|-heal|p2a: Clodsire|79\/100|[from] item: Black Sludge\n|upkeep\n|turn|10\n|\n|t:|1700551610\n|switch|p1a: Scyther|Scyther, F, shiny, tera:Flying|51\/100\n|switch|p2a: Tapu Lele|Tapu Lele, tera:Psychic|100\/100\n|-damage|p2a: Tapu Lele|88\/100|[from] Stealth Rock\n|-fieldstart|move: Psychic Terrain|[from] ability: Psychic Surge|[of] p2a: Tapu Lele\n|\n|-weather|SunnyDay|[upkeep]\n|upkeep\n|turn|11\n|\n|t:|1700551612\n|switch|p2a: Corviknight|Corviknight, F|77\/100\n|-damage|p2a: Corviknight|65\/100|[from] Stealth Rock\n|move|p1a: Scyther|Dual Wingbeat|p2a: Corviknight\n|-resisted|p2a: Corviknight\n|-damage|p2a: Corviknight|48\/100\n|-damage|p1a: Scyther|35\/100|[from] item: Rocky Helmet|[of] p2a: Corviknight\n|-resisted|p2a: Corviknight\n|-damage|p2a: Corviknight|33\/100\n|-damage|p1a: Scyther|19\/100|[from] item: Rocky Helmet|[of] p2a: Corviknight\n|-hitcount|p2a: Corviknight|2\n|\n|-weather|SunnyDay|[upkeep]\n|upkeep\n|turn|12\n|\n|t:|1700551624\n|move|p1a: Scyther|Dual Wingbeat|p2a: Corviknight\n|-resisted|p2a: Corviknight\n|-damage|p2a: Corviknight|15\/100\n|-damage|p1a: Scyther|2\/100|[from] item: Rocky Helmet|[of] p2a: Corviknight\n|-resisted|p2a: Corviknight\n|-damage|p2a: Corviknight|0 fnt\n|-damage|p1a: Scyther|0 fnt|[from] item: Rocky Helmet|[of] p2a: Corviknight\n|faint|p2a: Corviknight\n|faint|p1a: Scyther\n|-hitcount|p2: Corviknight|2\n|\n|-weather|SunnyDay|[upkeep]\n|upkeep\n|\n|t:|1700551635\n|switch|p1a: Blastoise|Blastoise, M, shiny|100\/100\n|switch|p2a: Sneasler|Sneasler, F|100\/100\n|-damage|p2a: Sneasler|95\/100|[from] Stealth Rock\n|-enditem|p2a: Sneasler|Psychic Seed\n|-boost|p2a: Sneasler|spd|1|[from] item: Psychic Seed\n|turn|13\n|\n|t:|1700551643\n|move|p2a: Sneasler|Swords Dance|p2a: Sneasler\n|-boost|p2a: Sneasler|atk|2\n|move|p1a: Blastoise|Dragon Tail|p2a: Sneasler\n|-damage|p2a: Sneasler|73\/100\n|drag|p2a: Tapu Lele|Tapu Lele, tera:Psychic|88\/100\n|-damage|p2a: Tapu Lele|76\/100|[from] Stealth Rock\n|\n|-weather|none\n|upkeep\n|turn|14\n|\n|t:|1700551648\n|move|p2a: Tapu Lele|Psychic|p1a: Blastoise\n|-damage|p1a: Blastoise|23\/100\n|move|p1a: Blastoise|Flip Turn|p2a: Tapu Lele\n|-damage|p2a: Tapu Lele|49\/100\n|\n|t:|1700551651\n|switch|p1a: Ninetales|Ninetales, M, shiny|89\/100|[from] Flip Turn\n|-weather|SunnyDay|[from] ability: Drought|[of] p1a: Ninetales\n|\n|-weather|SunnyDay|[upkeep]\n|-fieldend|move: Psychic Terrain\n|upkeep\n|turn|15\n|\n|t:|1700551665\n|switch|p1a: Venusaur|Venusaur, M, shiny|100\/100\n|switch|p2a: Sneasler|Sneasler, F|73\/100\n|-damage|p2a: Sneasler|67\/100|[from] Stealth Rock\n|\n|-weather|SunnyDay|[upkeep]\n|upkeep\n|turn|16\n|\n|t:|1700551672\n|move|p1a: Venusaur|Weather Ball|p2a: Sneasler\n|-damage|p2a: Sneasler|0 fnt\n|faint|p2a: Sneasler\n|-damage|p1a: Venusaur|91\/100|[from] item: Life Orb\n|\n|-weather|SunnyDay|[upkeep]\n|upkeep\n|\n|t:|1700551678\n|switch|p2a: Clodsire|Clodsire, F|79\/100\n|-damage|p2a: Clodsire|73\/100|[from] Stealth Rock\n|turn|17\n|\n|t:|1700551683\n|move|p1a: Venusaur|Earth Power|p2a: Clodsire\n|-supereffective|p2a: Clodsire\n|-damage|p2a: Clodsire|30\/100\n|-damage|p1a: Venusaur|81\/100|[from] item: Life Orb\n|move|p2a: Clodsire|Recover|p2a: Clodsire\n|-heal|p2a: Clodsire|80\/100\n|\n|-weather|SunnyDay|[upkeep]\n|-heal|p2a: Clodsire|86\/100|[from] item: Black Sludge\n|upkeep\n|turn|18\n|\n|t:|1700551691\n|move|p1a: Venusaur|Earth Power|p2a: Clodsire\n|-supereffective|p2a: Clodsire\n|-damage|p2a: Clodsire|44\/100\n|-damage|p1a: Venusaur|71\/100|[from] item: Life Orb\n|move|p2a: Clodsire|Recover|p2a: Clodsire\n|-heal|p2a: Clodsire|94\/100\n|\n|-weather|none\n|-heal|p2a: Clodsire|100\/100|[from] item: Black Sludge\n|upkeep\n|turn|19\n|\n|t:|1700551708\n|switch|p1a: Ninetales|Ninetales, M, shiny|89\/100\n|-weather|SunnyDay|[from] ability: Drought|[of] p1a: Ninetales\n|move|p2a: Clodsire|Toxic|p1a: Ninetales\n|-status|p1a: Ninetales|tox\n|\n|-weather|SunnyDay|[upkeep]\n|-damage|p1a: Ninetales|83\/100 tox|[from] psn\n|upkeep\n|turn|20\n|\n|t:|1700551714\n|switch|p1a: Venusaur|Venusaur, M, shiny|71\/100\n|move|p2a: Clodsire|Protect||[still]\n|-fail|p2a: Clodsire\n|\n|-weather|SunnyDay|[upkeep]\n|upkeep\n|turn|21\n|\n|t:|1700551718\n|move|p2a: Clodsire|Protect|p2a: Clodsire\n|-singleturn|p2a: Clodsire|Protect\n|move|p1a: Venusaur|Giga Drain|p2a: Clodsire\n|-activate|p2a: Clodsire|move: Protect\n|\n|-weather|SunnyDay|[upkeep]\n|upkeep\n|turn|22\n|\n|t:|1700551733\n|switch|p2a: Tapu Lele|Tapu Lele, tera:Psychic|49\/100\n|-damage|p2a: Tapu Lele|36\/100|[from] Stealth Rock\n|-fieldstart|move: Psychic Terrain|[from] ability: Psychic Surge|[of] p2a: Tapu Lele\n|move|p1a: Venusaur|Earth Power|p2a: Tapu Lele\n|-damage|p2a: Tapu Lele|0 fnt\n|faint|p2a: Tapu Lele\n|-damage|p1a: Venusaur|61\/100|[from] item: Life Orb\n|\n|-weather|SunnyDay|[upkeep]\n|upkeep\n|\n|t:|1700551744\n|switch|p2a: Ogerpon|Ogerpon-Wellspring, F|100\/100\n|-damage|p2a: Ogerpon|88\/100|[from] Stealth Rock\n|turn|23\n|\n|t:|1700551754\n|move|p1a: Venusaur|Weather Ball|p2a: Ogerpon\n|-damage|p2a: Ogerpon|19\/100\n|-damage|p1a: Venusaur|51\/100|[from] item: Life Orb\n|move|p2a: Ogerpon|Swords Dance|p2a: Ogerpon\n|-boost|p2a: Ogerpon|atk|2\n|\n|-weather|none\n|upkeep\n|turn|24\n|\n|t:|1700551762\n|switch|p1a: Blastoise|Blastoise, M, shiny|23\/100\n|move|p2a: Ogerpon|Ivy Cudgel|p1a: Blastoise|[anim] Ivy Cudgel Water\n|-resisted|p1a: Blastoise\n|-damage|p1a: Blastoise|0 fnt\n|faint|p1a: Blastoise\n|\n|upkeep\n|\n|t:|1700551764\n|switch|p1a: Ninetales|Ninetales, M, shiny|83\/100 tox\n|-weather|SunnyDay|[from] ability: Drought|[of] p1a: Ninetales\n|turn|25\n|\n|t:|1700551770\n|switch|p2a: Clodsire|Clodsire, F|100\/100\n|-damage|p2a: Clodsire|94\/100|[from] Stealth Rock\n|move|p1a: Ninetales|Weather Ball|p2a: Clodsire\n|-damage|p2a: Clodsire|66\/100\n|\n|-weather|SunnyDay|[upkeep]\n|-heal|p2a: Clodsire|72\/100|[from] item: Black Sludge\n|-damage|p1a: Ninetales|77\/100 tox|[from] psn\n|upkeep\n|turn|26\n|\n|t:|1700551779\n|switch|p1a: Venusaur|Venusaur, M, shiny|51\/100\n|move|p2a: Clodsire|Protect||[still]\n|-fail|p2a: Clodsire\n|\n|-weather|SunnyDay|[upkeep]\n|-heal|p2a: Clodsire|78\/100|[from] item: Black Sludge\n|-fieldend|move: Psychic Terrain\n|upkeep\n|turn|27\n|\n|t:|1700551783\n|move|p1a: Venusaur|Giga Drain|p2a: Clodsire\n|-damage|p2a: Clodsire|53\/100\n|-heal|p1a: Venusaur|70\/100|[from] drain|[of] p2a: Clodsire\n|-damage|p1a: Venusaur|60\/100|[from] item: Life Orb\n|move|p2a: Clodsire|Recover|p2a: Clodsire\n|-heal|p2a: Clodsire|100\/100\n|\n|-weather|SunnyDay|[upkeep]\n|upkeep\n|turn|28\n|\n|t:|1700551789\n|move|p2a: Clodsire|Protect|p2a: Clodsire\n|-singleturn|p2a: Clodsire|Protect\n|move|p1a: Venusaur|Giga Drain|p2a: Clodsire\n|-activate|p2a: Clodsire|move: Protect\n|\n|-weather|SunnyDay|[upkeep]\n|upkeep\n|turn|29\n|\n|t:|1700551794\n|switch|p2a: Ogerpon|Ogerpon-Wellspring, F|19\/100\n|-damage|p2a: Ogerpon|7\/100|[from] Stealth Rock\n|move|p1a: Venusaur|Earth Power|p2a: Ogerpon\n|-resisted|p2a: Ogerpon\n|-damage|p2a: Ogerpon|0 fnt\n|faint|p2a: Ogerpon\n|-damage|p1a: Venusaur|50\/100|[from] item: Life Orb\n|\n|-weather|none\n|upkeep\n|\n|t:|1700551795\n|switch|p2a: Beedrill|Beedrill, M|100\/100\n|-damage|p2a: Beedrill|76\/100|[from] Stealth Rock\n|turn|30\n|\n|t:|1700551800\n|switch|p1a: Ninetales|Ninetales, M, shiny|77\/100 tox\n|-weather|SunnyDay|[from] ability: Drought|[of] p1a: Ninetales\n|detailschange|p2a: Beedrill|Beedrill-Mega, M\n|-mega|p2a: Beedrill|Beedrill|Beedrillite\n|move|p2a: Beedrill|Poison Jab|p1a: Ninetales\n|-damage|p1a: Ninetales|0 fnt\n|faint|p1a: Ninetales\n|\n|-weather|SunnyDay|[upkeep]\n|upkeep\n|\n|t:|1700551809\n|switch|p1a: Venusaur|Venusaur, M, shiny|50\/100\n|turn|31\n|\n|t:|1700551814\n|switch|p2a: Clodsire|Clodsire, F|100\/100\n|-damage|p2a: Clodsire|94\/100|[from] Stealth Rock\n|move|p1a: Venusaur|Weather Ball|p2a: Clodsire\n|-damage|p2a: Clodsire|60\/100\n|-damage|p1a: Venusaur|41\/100|[from] item: Life Orb\n|\n|-weather|SunnyDay|[upkeep]\n|-heal|p2a: Clodsire|66\/100|[from] item: Black Sludge\n|upkeep\n|turn|32\n|\n|t:|1700551820\n|move|p2a: Clodsire|Protect|p2a: Clodsire\n|-singleturn|p2a: Clodsire|Protect\n|move|p1a: Venusaur|Earth Power|p2a: Clodsire\n|-activate|p2a: Clodsire|move: Protect\n|\n|-weather|SunnyDay|[upkeep]\n|-heal|p2a: Clodsire|72\/100|[from] item: Black Sludge\n|upkeep\n|turn|33\n|\n|t:|1700551822\n|move|p1a: Venusaur|Earth Power|p2a: Clodsire\n|-supereffective|p2a: Clodsire\n|-damage|p2a: Clodsire|35\/100\n|-unboost|p2a: Clodsire|spd|1\n|-damage|p1a: Venusaur|31\/100|[from] item: Life Orb\n|move|p2a: Clodsire|Recover|p2a: Clodsire\n|-heal|p2a: Clodsire|85\/100\n|\n|-weather|SunnyDay|[upkeep]\n|-heal|p2a: Clodsire|91\/100|[from] item: Black Sludge\n|upkeep\n|turn|34\n|\n|t:|1700551826\n|move|p2a: Clodsire|Protect|p2a: Clodsire\n|-singleturn|p2a: Clodsire|Protect\n|move|p1a: Venusaur|Earth Power|p2a: Clodsire\n|-activate|p2a: Clodsire|move: Protect\n|\n|-weather|none\n|-heal|p2a: Clodsire|97\/100|[from] item: Black Sludge\n|upkeep\n|turn|35\n|\n|t:|1700551845\n|move|p2a: Clodsire|Protect||[still]\n|-fail|p2a: Clodsire\n|move|p1a: Venusaur|Giga Drain|p2a: Clodsire\n|-damage|p2a: Clodsire|57\/100\n|-heal|p1a: Venusaur|61\/100|[from] drain|[of] p2a: Clodsire\n|-damage|p1a: Venusaur|51\/100|[from] item: Life Orb\n|\n|-heal|p2a: Clodsire|64\/100|[from] item: Black Sludge\n|upkeep\n|turn|36\n|\n|t:|1700551851\n|move|p1a: Venusaur|Earth Power|p2a: Clodsire\n|-supereffective|p2a: Clodsire\n|-damage|p2a: Clodsire|1\/100\n|-damage|p1a: Venusaur|42\/100|[from] item: Life Orb\n|move|p2a: Clodsire|Recover|p2a: Clodsire\n|-heal|p2a: Clodsire|51\/100\n|\n|-heal|p2a: Clodsire|57\/100|[from] item: Black Sludge\n|upkeep\n|turn|37\n|\n|t:|1700551856\n|switch|p2a: Beedrill|Beedrill-Mega, M|76\/100\n|-damage|p2a: Beedrill|51\/100|[from] Stealth Rock\n|move|p1a: Venusaur|Earth Power|p2a: Beedrill\n|-damage|p2a: Beedrill|0 fnt\n|faint|p2a: Beedrill\n|-damage|p1a: Venusaur|32\/100|[from] item: Life Orb\n|\n|upkeep\n|\n|t:|1700551861\n|switch|p2a: Clodsire|Clodsire, F|57\/100\n|-damage|p2a: Clodsire|51\/100|[from] Stealth Rock\n|turn|38\n|c|\u2606Sirrawrz|ggwp\n|c|\u2606Sirrawrz|ow wait\n|c|\u2606Sirrawrz|statuyus reset\n|\n|t:|1700551873\n|move|p1a: Venusaur|Earth Power|p2a: Clodsire\n|-supereffective|p2a: Clodsire\n|-damage|p2a: Clodsire|15\/100\n|-damage|p1a: Venusaur|22\/100|[from] item: Life Orb\n|move|p2a: Clodsire|Recover|p2a: Clodsire\n|-heal|p2a: Clodsire|65\/100\n|\n|-heal|p2a: Clodsire|71\/100|[from] item: Black Sludge\n|upkeep\n|turn|39\n|\n|t:|1700551880\n|move|p2a: Clodsire|Protect|p2a: Clodsire\n|-singleturn|p2a: Clodsire|Protect\n|move|p1a: Venusaur|Earth Power|p2a: Clodsire\n|-activate|p2a: Clodsire|move: Protect\n|\n|-heal|p2a: Clodsire|77\/100|[from] item: Black Sludge\n|upkeep\n|turn|40\n|\n|t:|1700551886\n|move|p1a: Venusaur|Earth Power|p2a: Clodsire\n|-supereffective|p2a: Clodsire\n|-damage|p2a: Clodsire|38\/100\n|-damage|p1a: Venusaur|12\/100|[from] item: Life Orb\n|move|p2a: Clodsire|Recover|p2a: Clodsire\n|-heal|p2a: Clodsire|88\/100\n|\n|-heal|p2a: Clodsire|94\/100|[from] item: Black Sludge\n|upkeep\n|turn|41\n|\n|t:|1700551892\n|move|p1a: Venusaur|Giga Drain|p2a: Clodsire\n|-damage|p2a: Clodsire|71\/100\n|-heal|p1a: Venusaur|30\/100|[from] drain|[of] p2a: Clodsire\n|-damage|p1a: Venusaur|20\/100|[from] item: Life Orb\n|move|p2a: Clodsire|Recover|p2a: Clodsire\n|-heal|p2a: Clodsire|100\/100\n|\n|upkeep\n|turn|42\n|-message|WucSword forfeited.\n|\n|win|Sirrawrz\n|raw|Sirrawrz's rating: 1538 &rarr; <strong>1556<\/strong><br \/>(+18 for winning)\n|raw|WucSword's rating: 1500 &rarr; <strong>1482<\/strong><br \/>(-18 for losing)\n|l|\u2606WucSword\n","uploadtime":1700551918,"views":1,"p1id":"sirrawrz","p2id":"wucsword","formatid":"gen9nationaldex","rating":1482,"private":0,"password":""}