{"id":"gen9nationaldex-1993499887","p1":"KyosukeKamijou","p2":"a literall laptop","format":"[Gen 9] National Dex","log":"|j|\u2606KyosukeKamijou\n|j|\u2606a literall laptop\n|t:|1700325201\n|gametype|singles\n|player|p1|KyosukeKamijou|ghetsis|1326\n|player|p2|a literall laptop|102|1216\n|teamsize|p1|6\n|teamsize|p2|6\n|gen|9\n|tier|[Gen 9] National Dex\n|rated|\n|rule|HP Percentage Mod: HP is shown in percentages\n|rule|Endless Battle Clause: Forcing endless battles is banned\n|rule|OHKO Clause: OHKO moves are banned\n|rule|Evasion Clause: Evasion abilities, items, and moves are banned\n|rule|Evasion Abilities Clause: Evasion abilities are banned\n|rule|Evasion Items Clause: Evasion items are banned\n|rule|Evasion Moves Clause: Evasion moves are banned\n|rule|Species Clause: Limit one of each Pok\u00e9mon\n|rule|Sleep Clause Mod: Limit one foe put to sleep\n|clearpoke\n|poke|p1|Kommo-o, M|\n|poke|p1|Great Tusk|\n|poke|p1|Ogerpon-Cornerstone, F|\n|poke|p1|Charizard, M|\n|poke|p1|Greninja-*, M|\n|poke|p1|Frosmoth, M|\n|poke|p2|Pelipper, M|\n|poke|p2|Swampert, M|\n|poke|p2|Zapdos|\n|poke|p2|Dragonite, M|\n|poke|p2|Ferrothorn, M|\n|poke|p2|Samurott-Hisui, F|\n|teampreview\n|\n|t:|1700325219\n|start\n|switch|p1a: Change Dragon|Charizard, M|100\/100\n|switch|p2a: Ferrothorn|Ferrothorn, M|100\/100\n|turn|1\n|inactive|Battle timer is ON: inactive players will automatically lose when time's up. (requested by a literall laptop)\n|\n|t:|1700325231\n|detailschange|p1a: Change Dragon|Charizard-Mega-Y, M\n|-mega|p1a: Change Dragon|Charizard|Charizardite Y\n|-weather|SunnyDay|[from] ability: Drought|[of] p1a: Change Dragon\n|move|p1a: Change Dragon|Flamethrower|p2a: Ferrothorn\n|-supereffective|p2a: Ferrothorn\n|-damage|p2a: Ferrothorn|0 fnt\n|faint|p2a: Ferrothorn\n|\n|-weather|SunnyDay|[upkeep]\n|upkeep\n|\n|t:|1700325236\n|switch|p2a: Pelipper|Pelipper, M|100\/100\n|-weather|RainDance|[from] ability: Drizzle|[of] p2a: Pelipper\n|turn|2\n|\n|t:|1700325242\n|switch|p1a: Ninja Black|Greninja, M, shiny|100\/100\n|move|p2a: Pelipper|U-turn|p1a: Ninja Black\n|-supereffective|p1a: Ninja Black\n|-damage|p1a: Ninja Black|74\/100\n|\n|t:|1700325251\n|switch|p2a: Swampert|Swampert, M|100\/100|[from] U-turn\n|\n|-weather|RainDance|[upkeep]\n|upkeep\n|turn|3\n|\n|t:|1700325257\n|switch|p1a: Change Dragon|Charizard-Mega-Y, M|100\/100\n|-weather|SunnyDay|[from] ability: Drought|[of] p1a: Change Dragon\n|detailschange|p2a: Swampert|Swampert-Mega, M\n|-mega|p2a: Swampert|Swampert|Swampertite\n|move|p2a: Swampert|Flip Turn|p1a: Change Dragon\n|-supereffective|p1a: Change Dragon\n|-damage|p1a: Change Dragon|49\/100\n|\n|t:|1700325264\n|switch|p2a: Pelipper|Pelipper, M|100\/100|[from] Flip Turn\n|-weather|RainDance|[from] ability: Drizzle|[of] p2a: Pelipper\n|\n|-weather|RainDance|[upkeep]\n|upkeep\n|turn|4\n|\n|t:|1700325271\n|switch|p1a: PapillonOhger|Frosmoth, M|100\/100\n|move|p2a: Pelipper|U-turn|p1a: PapillonOhger\n|-crit|p1a: PapillonOhger\n|-damage|p1a: PapillonOhger|77\/100\n|\n|t:|1700325278\n|switch|p2a: Swampert|Swampert-Mega, M|100\/100|[from] U-turn\n|\n|-weather|RainDance|[upkeep]\n|upkeep\n|turn|5\n|\n|t:|1700325286\n|-terastallize|p1a: PapillonOhger|Water\n|move|p2a: Swampert|Flip Turn|p1a: PapillonOhger\n|-resisted|p1a: PapillonOhger\n|-damage|p1a: PapillonOhger|28\/100\n|\n|t:|1700325291\n|switch|p2a: Samurott|Samurott-Hisui, F|100\/100|[from] Flip Turn\n|move|p1a: PapillonOhger|Quiver Dance|p1a: PapillonOhger\n|-boost|p1a: PapillonOhger|spa|1\n|-boost|p1a: PapillonOhger|spd|1\n|-boost|p1a: PapillonOhger|spe|1\n|\n|-weather|RainDance|[upkeep]\n|upkeep\n|turn|6\n|\n|t:|1700325299\n|move|p2a: Samurott|Sucker Punch|p1a: PapillonOhger\n|-crit|p1a: PapillonOhger\n|-damage|p1a: PapillonOhger|0 fnt\n|faint|p1a: PapillonOhger\n|\n|-weather|RainDance|[upkeep]\n|upkeep\n|\n|t:|1700325304\n|switch|p1a: Change Dragon|Charizard-Mega-Y, M|49\/100\n|-weather|SunnyDay|[from] ability: Drought|[of] p1a: Change Dragon\n|turn|7\n|\n|t:|1700325312\n|move|p2a: Samurott|Sucker Punch|p1a: Change Dragon\n|-damage|p1a: Change Dragon|0 fnt\n|faint|p1a: Change Dragon\n|\n|-weather|SunnyDay|[upkeep]\n|upkeep\n|\n|t:|1700325317\n|switch|p1a: Mammothranger|Great Tusk|100\/100\n|-activate|p1a: Mammothranger|ability: Protosynthesis\n|-start|p1a: Mammothranger|protosynthesisatk\n|turn|8\n|\n|t:|1700325325\n|-terastallize|p2a: Samurott|Water\n|move|p1a: Mammothranger|Rock Slide|p2a: Samurott\n|-damage|p2a: Samurott|57\/100\n|move|p2a: Samurott|Razor Shell|p1a: Mammothranger\n|-supereffective|p1a: Mammothranger\n|-damage|p1a: Mammothranger|54\/100\n|-unboost|p1a: Mammothranger|def|1\n|\n|-weather|SunnyDay|[upkeep]\n|upkeep\n|turn|9\n|\n|t:|1700325335\n|move|p1a: Mammothranger|Rock Slide|p2a: Samurott\n|-damage|p2a: Samurott|11\/100\n|move|p2a: Samurott|Razor Shell|p1a: Mammothranger\n|-supereffective|p1a: Mammothranger\n|-damage|p1a: Mammothranger|0 fnt\n|faint|p1a: Mammothranger\n|-end|p1a: Mammothranger|Protosynthesis|[silent]\n|\n|-weather|SunnyDay|[upkeep]\n|upkeep\n|\n|t:|1700325343\n|switch|p1a: Onisister|Ogerpon-Cornerstone, F|100\/100\n|turn|10\n|\n|t:|1700325348\n|move|p1a: Onisister|Spiky Shield|p1a: Onisister\n|-singleturn|p1a: Onisister|move: Protect\n|move|p2a: Samurott|Sucker Punch||[still]\n|-fail|p2a: Samurott\n|\n|-weather|SunnyDay|[upkeep]\n|upkeep\n|turn|11\n|\n|t:|1700325354\n|move|p1a: Onisister|Leech Seed|p2a: Samurott\n|-start|p2a: Samurott|move: Leech Seed\n|move|p2a: Samurott|Razor Shell|p1a: Onisister\n|-damage|p1a: Onisister|64\/100\n|\n|-weather|none\n|-damage|p2a: Samurott|0 fnt|[from] Leech Seed|[of] p1a: Onisister\n|-heal|p1a: Onisister|74\/100|[silent]\n|faint|p2a: Samurott\n|upkeep\n|\n|t:|1700325359\n|switch|p2a: Pelipper|Pelipper, M|100\/100\n|-weather|RainDance|[from] ability: Drizzle|[of] p2a: Pelipper\n|turn|12\n|\n|t:|1700325364\n|move|p1a: Onisister|Horn Leech|p2a: Pelipper\n|-damage|p2a: Pelipper|74\/100\n|-heal|p1a: Onisister|86\/100|[from] drain|[of] p2a: Pelipper\n|move|p2a: Pelipper|U-turn|p1a: Onisister\n|-supereffective|p1a: Onisister\n|-damage|p1a: Onisister|67\/100\n|\n|t:|1700325372\n|switch|p2a: Swampert|Swampert-Mega, M|100\/100|[from] U-turn\n|\n|-weather|RainDance|[upkeep]\n|upkeep\n|turn|13\n|\n|t:|1700325390\n|move|p1a: Onisister|Spiky Shield|p1a: Onisister\n|-singleturn|p1a: Onisister|move: Protect\n|move|p2a: Swampert|Ice Punch|p1a: Onisister\n|-activate|p1a: Onisister|move: Protect\n|-damage|p2a: Swampert|88\/100|[from] Spiky Shield|[of] p1a: Onisister\n|\n|-weather|RainDance|[upkeep]\n|upkeep\n|turn|14\n|\n|t:|1700325397\n|move|p2a: Swampert|Ice Punch|p1a: Onisister\n|-supereffective|p1a: Onisister\n|-damage|p1a: Onisister|5\/100\n|move|p1a: Onisister|Horn Leech|p2a: Swampert\n|-supereffective|p2a: Swampert\n|-damage|p2a: Swampert|0 fnt\n|-heal|p1a: Onisister|46\/100|[from] drain|[of] p2a: Swampert\n|faint|p2a: Swampert\n|\n|-weather|RainDance|[upkeep]\n|upkeep\n|\n|t:|1700325405\n|switch|p2a: Nue|Zapdos|100\/100\n|turn|15\n|\n|t:|1700325409\n|move|p1a: Onisister|Ivy Cudgel|p2a: Nue|[anim] Ivy Cudgel Rock\n|-supereffective|p2a: Nue\n|-damage|p2a: Nue|0 fnt\n|faint|p2a: Nue\n|\n|-weather|RainDance|[upkeep]\n|upkeep\n|\n|t:|1700325412\n|switch|p2a: Dragonite|Dragonite, M|100\/100\n|turn|16\n|\n|t:|1700325416\n|move|p1a: Onisister|Spiky Shield|p1a: Onisister\n|-singleturn|p1a: Onisister|move: Protect\n|move|p2a: Dragonite|Earthquake|p1a: Onisister\n|-activate|p1a: Onisister|move: Protect\n|\n|-weather|RainDance|[upkeep]\n|upkeep\n|turn|17\n|\n|t:|1700325422\n|move|p1a: Onisister|Ivy Cudgel|p2a: Dragonite|[anim] Ivy Cudgel Rock\n|-supereffective|p2a: Dragonite\n|-crit|p2a: Dragonite\n|-damage|p2a: Dragonite|19\/100\n|move|p2a: Dragonite|Earthquake|p1a: Onisister\n|-damage|p1a: Onisister|4\/100\n|\n|-weather|RainDance|[upkeep]\n|upkeep\n|turn|18\n|-message|a literall laptop forfeited.\n|\n|win|KyosukeKamijou\n|raw|KyosukeKamijou's rating: 1326 &rarr; <strong>1340<\/strong><br \/>(+14 for winning)\n|raw|a literall laptop's rating: 1216 &rarr; <strong>1199<\/strong><br \/>(-17 for losing)\n|l|\u2606a literall laptop\n","uploadtime":1700325431,"views":7,"p1id":"kyosukekamijou","p2id":"aliteralllaptop","formatid":"gen9nationaldex","rating":1199,"private":0,"password":""}