{"id":"gen9nationaldex-1999177612","p1":"Zap Team 2023","p2":"Eighty Battles","format":"[Gen 9] National Dex","log":"|html|<div class=\"broadcast-blue\"><strong>[Gen 9] National Dex is currently suspecting Sneasler! For information on how to participate check out the <a href=\"https:\/\/www.smogon.com\/forums\/threads\/sv-national-dex-suspect-8-just-dance.3731534\/\">suspect thread<\/a>.<\/strong><\/div>\n|j|\u2606Zap Team 2023\n|j|\u2606Eighty Battles\n|t:|1701041842\n|gametype|singles\n|player|p1|Zap Team 2023|colress|1000\n|player|p2|Eighty Battles|gentleman-gen4dp|1001\n|teamsize|p1|6\n|teamsize|p2|6\n|gen|9\n|tier|[Gen 9] National Dex\n|rated|\n|rule|HP Percentage Mod: HP is shown in percentages\n|rule|Endless Battle Clause: Forcing endless battles is banned\n|rule|OHKO Clause: OHKO moves are banned\n|rule|Evasion Clause: Evasion abilities, items, and moves are banned\n|rule|Evasion Abilities Clause: Evasion abilities are banned\n|rule|Evasion Items Clause: Evasion items are banned\n|rule|Evasion Moves Clause: Evasion moves are banned\n|rule|Species Clause: Limit one of each Pok\u00e9mon\n|rule|Sleep Clause Mod: Limit one foe put to sleep\n|clearpoke\n|poke|p1|Electivire, F|\n|poke|p1|Jolteon, M|\n|poke|p1|Ampharos, F|\n|poke|p1|Boltund, F|\n|poke|p1|Raikou|\n|poke|p1|Dracozolt|\n|poke|p2|Serperior, M|\n|poke|p2|Tauros-Paldea-Blaze, M|\n|poke|p2|Greedent, F|\n|poke|p2|Ariados, M|\n|poke|p2|Sylveon, F|\n|poke|p2|Crobat, F|\n|teampreview\n|c|\u2606Eighty Battles|Electric only?\n|\n|t:|1701041861\n|start\n|switch|p1a: Jolteon|Jolteon, M, shiny|100\/100\n|switch|p2a: Blighter|Crobat, F|100\/100\n|turn|1\n|\n|t:|1701041868\n|move|p1a: Jolteon|Rain Dance|p1a: Jolteon\n|-weather|RainDance\n|move|p2a: Blighter|Toxic|p1a: Jolteon\n|-status|p1a: Jolteon|tox\n|\n|-weather|RainDance|[upkeep]\n|-damage|p1a: Jolteon|95\/100 tox|[from] psn\n|upkeep\n|turn|2\n|\n|t:|1701041877\n|switch|p2a: Emperor|Serperior, M, shiny|100\/100\n|move|p1a: Jolteon|Calm Mind|p1a: Jolteon\n|-boost|p1a: Jolteon|spa|1\n|-boost|p1a: Jolteon|spd|1\n|\n|-weather|RainDance|[upkeep]\n|-damage|p1a: Jolteon|83\/100 tox|[from] psn\n|upkeep\n|turn|3\n|\n|t:|1701041886\n|move|p1a: Jolteon|Shadow Ball|p2a: Emperor\n|-damage|p2a: Emperor|61\/100\n|move|p2a: Emperor|Leaf Storm|p1a: Jolteon\n|-damage|p1a: Jolteon|44\/100 tox\n|-boost|p2a: Emperor|spa|2\n|\n|-weather|RainDance|[upkeep]\n|-heal|p2a: Emperor|67\/100|[from] item: Leftovers\n|-damage|p1a: Jolteon|26\/100 tox|[from] psn\n|upkeep\n|turn|4\n|\n|t:|1701041899\n|move|p1a: Jolteon|Shadow Ball|p2a: Emperor\n|-damage|p2a: Emperor|26\/100\n|move|p2a: Emperor|Leaf Storm|p1a: Jolteon\n|-damage|p1a: Jolteon|0 fnt\n|-boost|p2a: Emperor|spa|2\n|faint|p1a: Jolteon\n|\n|-weather|RainDance|[upkeep]\n|-heal|p2a: Emperor|32\/100|[from] item: Leftovers\n|upkeep\n|\n|t:|1701041917\n|switch|p1a: Bolt|Boltund, F, shiny|100\/100\n|-item|p1a: Bolt|Air Balloon\n|turn|5\n|\n|t:|1701041924\n|move|p1a: Bolt|Fire Fang|p2a: Emperor|[miss]\n|-miss|p1a: Bolt|p2a: Emperor\n|move|p2a: Emperor|Leaf Storm|p1a: Bolt\n|-damage|p1a: Bolt|0 fnt\n|-boost|p2a: Emperor|spa|2\n|-enditem|p1a: Bolt|Air Balloon\n|faint|p1a: Bolt\n|\n|-weather|RainDance|[upkeep]\n|-heal|p2a: Emperor|39\/100|[from] item: Leftovers\n|upkeep\n|\n|t:|1701041944\n|switch|p1a: Raikou|Raikou, shiny|100\/100\n|-ability|p1a: Raikou|Pressure\n|turn|6\n|\n|t:|1701041956\n|move|p1a: Raikou|Shadow Ball|p2a: Emperor\n|-damage|p2a: Emperor|9\/100\n|move|p2a: Emperor|Leaf Storm|p1a: Raikou\n|-damage|p1a: Raikou|0 fnt\n|faint|p1a: Raikou\n|\n|-weather|RainDance|[upkeep]\n|-heal|p2a: Emperor|15\/100|[from] item: Leftovers\n|upkeep\n|\n|t:|1701041969\n|switch|p1a: Lightning|Ampharos, F, shiny|100\/100\n|turn|7\n|\n|t:|1701041978\n|detailschange|p1a: Lightning|Ampharos-Mega, F, shiny\n|-mega|p1a: Lightning|Ampharos|Ampharosite\n|-ability|p1a: Lightning|Mold Breaker\n|move|p2a: Emperor|Dragon Pulse|p1a: Lightning\n|-supereffective|p1a: Lightning\n|-damage|p1a: Lightning|0 fnt\n|faint|p1a: Lightning\n|\n|-weather|RainDance|[upkeep]\n|-heal|p2a: Emperor|21\/100|[from] item: Leftovers\n|upkeep\n|\n|t:|1701041989\n|switch|p1a: Electivire|Electivire, F, shiny|100\/100\n|turn|8\n|\n|t:|1701041995\n|move|p1a: Electivire|Fire Punch|p2a: Emperor\n|-supereffective|p2a: Emperor\n|-damage|p2a: Emperor|0 fnt\n|faint|p2a: Emperor\n|\n|-weather|none\n|upkeep\n|\n|t:|1701042010\n|switch|p2a: Dragon Ender|Sylveon, F|100\/100\n|turn|9\n|\n|t:|1701042039\n|move|p1a: Electivire|Power-Up Punch|p2a: Dragon Ender\n|-resisted|p2a: Dragon Ender\n|-damage|p2a: Dragon Ender|90\/100\n|-boost|p1a: Electivire|atk|1\n|move|p2a: Dragon Ender|Hyper Voice|p1a: Electivire\n|-damage|p1a: Electivire|19\/100\n|\n|upkeep\n|turn|10\n|\n|t:|1701042048\n|move|p1a: Electivire|Fire Punch|p2a: Dragon Ender\n|-damage|p2a: Dragon Ender|28\/100\n|move|p2a: Dragon Ender|Hyper Voice|p1a: Electivire\n|-damage|p1a: Electivire|0 fnt\n|faint|p1a: Electivire\n|\n|upkeep\n|\n|t:|1701042056\n|switch|p1a: Dracozolt|Dracozolt, shiny|100\/100\n|turn|11\n|\n|t:|1701042063\n|-terastallize|p1a: Dracozolt|Electric\n|move|p2a: Dragon Ender|Hyper Voice|p1a: Dracozolt\n|-damage|p1a: Dracozolt|52\/100\n|move|p1a: Dracozolt|Bolt Beak|p2a: Dragon Ender\n|-damage|p2a: Dragon Ender|0 fnt\n|faint|p2a: Dragon Ender\n|\n|upkeep\n|\n|t:|1701042087\n|switch|p2a: Fattinous|Greedent, F, shiny|100\/100\n|turn|12\n|\n|t:|1701042094\n|move|p1a: Dracozolt|Bolt Beak|p2a: Fattinous\n|-damage|p2a: Fattinous|22\/100\n|move|p2a: Fattinous|Crunch|p1a: Dracozolt\n|-damage|p1a: Dracozolt|36\/100\n|\n|upkeep\n|turn|13\n|\n|t:|1701042106\n|move|p1a: Dracozolt|Bolt Beak|p2a: Fattinous\n|-damage|p2a: Fattinous|0 fnt\n|faint|p2a: Fattinous\n|\n|upkeep\n|\n|t:|1701042110\n|switch|p2a: The Bull|Tauros-Paldea-Blaze, M|100\/100\n|turn|14\n|\n|t:|1701042127\n|move|p2a: The Bull|Close Combat|p1a: Dracozolt\n|-damage|p1a: Dracozolt|0 fnt\n|-unboost|p2a: The Bull|def|1\n|-unboost|p2a: The Bull|spd|1\n|faint|p1a: Dracozolt\n|\n|win|Eighty Battles\n|raw|Zap Team 2023's rating: 1000 &rarr; <strong>1000<\/strong><br \/>(+0 for losing)\n|raw|Eighty Battles's rating: 1001 &rarr; <strong>1041<\/strong><br \/>(+40 for winning)\n|l|\u2606Zap Team 2023\n","uploadtime":1701042344,"views":7,"p1id":"zapteam2023","p2id":"eightybattles","formatid":"gen9nationaldex","rating":1000,"private":0,"password":""}