{"id":"gen9nationaldex-1992535447","p1":"MMQZA7","p2":"Shay ObsidianEW","format":"[Gen 9] National Dex","log":"|j|\u2606MMQZA7\n|j|\u2606Shay ObsidianEW\n|t:|1700201327\n|gametype|singles\n|player|p1|MMQZA7|170|1541\n|player|p2|Shay ObsidianEW|n|1696\n|teamsize|p1|6\n|teamsize|p2|6\n|gen|9\n|tier|[Gen 9] National Dex\n|rated|\n|rule|HP Percentage Mod: HP is shown in percentages\n|rule|Endless Battle Clause: Forcing endless battles is banned\n|rule|OHKO Clause: OHKO moves are banned\n|rule|Evasion Clause: Evasion abilities, items, and moves are banned\n|rule|Evasion Abilities Clause: Evasion abilities are banned\n|rule|Evasion Items Clause: Evasion items are banned\n|rule|Evasion Moves Clause: Evasion moves are banned\n|rule|Species Clause: Limit one of each Pok\u00e9mon\n|rule|Sleep Clause Mod: Limit one foe put to sleep\n|clearpoke\n|poke|p1|Swellow, F|\n|poke|p1|Lopunny, F|\n|poke|p1|Garchomp, F|\n|poke|p1|Corviknight, M|\n|poke|p1|Clodsire, F|\n|poke|p1|Ogerpon-Cornerstone, F|\n|poke|p2|Tapu Koko|\n|poke|p2|Clodsire, F|\n|poke|p2|Iron Valiant|\n|poke|p2|Corviknight, F|\n|poke|p2|Ogerpon-Wellspring, F|\n|poke|p2|Charizard, F|\n|teampreview\n|\n|t:|1700201332\n|start\n|switch|p1a: Garchomp|Garchomp, F|100\/100\n|switch|p2a: Tapu Koko|Tapu Koko, shiny|100\/100\n|-fieldstart|move: Electric Terrain|[from] ability: Electric Surge|[of] p2a: Tapu Koko\n|turn|1\n|\n|t:|1700201336\n|move|p1a: Garchomp|Earthquake|p2a: Tapu Koko\n|-supereffective|p2a: Tapu Koko\n|-damage|p2a: Tapu Koko|0 fnt\n|faint|p2a: Tapu Koko\n|\n|upkeep\n|\n|t:|1700201341\n|switch|p2a: Charizard|Charizard, F|100\/100\n|turn|2\n|\n|t:|1700201348\n|switch|p1a: Clodsire|Clodsire, F|100\/100\n|detailschange|p2a: Charizard|Charizard-Mega-Y, F\n|-mega|p2a: Charizard|Charizard|Charizardite Y\n|-weather|SunnyDay|[from] ability: Drought|[of] p2a: Charizard\n|move|p2a: Charizard|Weather Ball|p1a: Clodsire\n|-damage|p1a: Clodsire|54\/100\n|\n|-weather|SunnyDay|[upkeep]\n|-heal|p1a: Clodsire|60\/100|[from] item: Leftovers\n|upkeep\n|turn|3\n|inactive|Battle timer is ON: inactive players will automatically lose when time's up. (requested by Shay ObsidianEW)\n|\n|t:|1700201353\n|move|p2a: Charizard|Scorching Sands|p1a: Clodsire\n|-supereffective|p1a: Clodsire\n|-damage|p1a: Clodsire|29\/100\n|move|p1a: Clodsire|Recover|p1a: Clodsire\n|-heal|p1a: Clodsire|79\/100\n|\n|-weather|SunnyDay|[upkeep]\n|-heal|p1a: Clodsire|85\/100|[from] item: Leftovers\n|upkeep\n|turn|4\n|\n|t:|1700201364\n|switch|p2a: Corviknight|Corviknight, F|100\/100\n|-ability|p2a: Corviknight|Pressure\n|move|p1a: Clodsire|Recover|p1a: Clodsire\n|-heal|p1a: Clodsire|100\/100\n|\n|-weather|SunnyDay|[upkeep]\n|upkeep\n|turn|5\n|\n|t:|1700201366\n|move|p2a: Corviknight|U-turn|p1a: Clodsire\n|-resisted|p1a: Clodsire\n|-damage|p1a: Clodsire|92\/100\n|\n|t:|1700201376\n|switch|p2a: Iron Valiant|Iron Valiant|100\/100|[from] U-turn\n|-activate|p2a: Iron Valiant|ability: Quark Drive\n|-start|p2a: Iron Valiant|quarkdrivespe\n|move|p1a: Clodsire|Stealth Rock|p2a: Iron Valiant\n|-sidestart|p2: Shay ObsidianEW|move: Stealth Rock\n|\n|-weather|SunnyDay|[upkeep]\n|-heal|p1a: Clodsire|98\/100|[from] item: Leftovers\n|-fieldend|move: Electric Terrain\n|-end|p2a: Iron Valiant|Quark Drive\n|upkeep\n|turn|6\n|\n|t:|1700201386\n|move|p2a: Iron Valiant|Psyshock|p1a: Clodsire\n|-supereffective|p1a: Clodsire\n|-damage|p1a: Clodsire|9\/100\n|move|p1a: Clodsire|Earthquake|p2a: Iron Valiant\n|-damage|p2a: Iron Valiant|65\/100\n|\n|-weather|none\n|-heal|p1a: Clodsire|16\/100|[from] item: Leftovers\n|upkeep\n|turn|7\n|\n|t:|1700201392\n|switch|p1a: Corviknight|Corviknight, M|100\/100\n|-ability|p1a: Corviknight|Pressure\n|move|p2a: Iron Valiant|Psyshock|p1a: Corviknight\n|-resisted|p1a: Corviknight\n|-damage|p1a: Corviknight|89\/100\n|\n|upkeep\n|turn|8\n|\n|t:|1700201395\n|-end|p2a: Iron Valiant|Quark Drive|[silent]\n|switch|p2a: Corviknight|Corviknight, F|100\/100\n|-damage|p2a: Corviknight|88\/100|[from] Stealth Rock\n|-ability|p2a: Corviknight|Pressure\n|move|p1a: Corviknight|U-turn|p2a: Corviknight\n|-resisted|p2a: Corviknight\n|-damage|p2a: Corviknight|86\/100\n|-damage|p1a: Corviknight|73\/100|[from] item: Rocky Helmet|[of] p2a: Corviknight\n|l|\u2606MMQZA7\n|inactive|MMQZA7 disconnected and has a minute to reconnect!\n|player|p1|\n|j|\u2606MMQZA7\n|inactive|MMQZA7 reconnected and has 120 seconds left.\n|player|p1|MMQZA7|170\n|\n|t:|1700201430\n|switch|p1a: Swellow|Swellow, F|100\/100|[from] U-turn\n|\n|upkeep\n|turn|9\n|\n|t:|1700201434\n|move|p1a: Swellow|Heat Wave|p2a: Corviknight|[miss]\n|-miss|p1a: Swellow|p2a: Corviknight\n|move|p2a: Corviknight|Defog|p1a: Swellow\n|-unboost|p1a: Swellow|evasion|1\n|-sideend|p2: Shay ObsidianEW|Stealth Rock|[from] move: Defog|[of] p2a: Corviknight\n|\n|upkeep\n|turn|10\n|\n|t:|1700201447\n|switch|p1a: Corviknight|Corviknight, M|73\/100\n|-ability|p1a: Corviknight|Pressure\n|switch|p2a: Clodsire|Clodsire, F|100\/100\n|\n|upkeep\n|turn|11\n|\n|t:|1700201455\n|move|p1a: Corviknight|U-turn|p2a: Clodsire\n|-resisted|p2a: Clodsire\n|-damage|p2a: Clodsire|93\/100\n|\n|t:|1700201456\n|switch|p1a: Clodsire|Clodsire, F|16\/100|[from] U-turn\n|move|p2a: Clodsire|Stealth Rock|p1a: Clodsire\n|-sidestart|p1: MMQZA7|move: Stealth Rock\n|\n|-heal|p1a: Clodsire|22\/100|[from] item: Leftovers\n|-heal|p2a: Clodsire|99\/100|[from] item: Leftovers\n|upkeep\n|turn|12\n|\n|t:|1700201460\n|move|p1a: Clodsire|Recover|p1a: Clodsire\n|-heal|p1a: Clodsire|72\/100\n|move|p2a: Clodsire|Earthquake|p1a: Clodsire\n|-supereffective|p1a: Clodsire\n|-damage|p1a: Clodsire|11\/100\n|\n|-heal|p2a: Clodsire|100\/100|[from] item: Leftovers\n|-heal|p1a: Clodsire|17\/100|[from] item: Leftovers\n|upkeep\n|turn|13\n|\n|t:|1700201466\n|move|p2a: Clodsire|Earthquake|p1a: Clodsire\n|-supereffective|p1a: Clodsire\n|-damage|p1a: Clodsire|0 fnt\n|faint|p1a: Clodsire\n|\n|upkeep\n|\n|t:|1700201470\n|switch|p1a: Garchomp|Garchomp, F|100\/100\n|-damage|p1a: Garchomp|94\/100|[from] Stealth Rock\n|turn|14\n|\n|t:|1700201484\n|switch|p1a: Swellow|Swellow, F|100\/100\n|-damage|p1a: Swellow|76\/100|[from] Stealth Rock\n|switch|p2a: Corviknight|Corviknight, F|86\/100\n|-ability|p2a: Corviknight|Pressure\n|\n|upkeep\n|turn|15\n|\n|t:|1700201489\n|switch|p2a: Clodsire|Clodsire, F|100\/100\n|-terastallize|p1a: Swellow|Normal\n|move|p1a: Swellow|Boomburst|p2a: Clodsire\n|-damage|p2a: Clodsire|42\/100\n|\n|-heal|p2a: Clodsire|49\/100|[from] item: Leftovers\n|upkeep\n|turn|16\n|\n|t:|1700201499\n|switch|p2a: Corviknight|Corviknight, F|86\/100\n|-ability|p2a: Corviknight|Pressure\n|move|p1a: Swellow|Boomburst|p2a: Corviknight\n|-resisted|p2a: Corviknight\n|-damage|p2a: Corviknight|38\/100\n|\n|upkeep\n|turn|17\n|\n|t:|1700201504\n|move|p1a: Swellow|Boomburst|p2a: Corviknight\n|-resisted|p2a: Corviknight\n|-damage|p2a: Corviknight|0 fnt\n|faint|p2a: Corviknight\n|\n|upkeep\n|\n|t:|1700201512\n|switch|p2a: Iron Valiant|Iron Valiant|65\/100\n|turn|18\n|\n|t:|1700201516\n|move|p1a: Swellow|Boomburst|p2a: Iron Valiant\n|-damage|p2a: Iron Valiant|0 fnt\n|faint|p2a: Iron Valiant\n|-end|p2a: Iron Valiant|Quark Drive|[silent]\n|\n|upkeep\n|\n|t:|1700201522\n|switch|p2a: Charizard|Charizard-Mega-Y, F|100\/100\n|-weather|SunnyDay|[from] ability: Drought|[of] p2a: Charizard\n|turn|19\n|\n|t:|1700201530\n|switch|p1a: Garchomp|Garchomp, F|94\/100\n|-damage|p1a: Garchomp|88\/100|[from] Stealth Rock\n|move|p2a: Charizard|Weather Ball|p1a: Garchomp\n|-resisted|p1a: Garchomp\n|-damage|p1a: Garchomp|31\/100\n|\n|-weather|SunnyDay|[upkeep]\n|upkeep\n|turn|20\n|\n|t:|1700201536\n|move|p1a: Garchomp|Outrage|p2a: Charizard\n|-damage|p2a: Charizard|12\/100\n|move|p2a: Charizard|Weather Ball|p1a: Garchomp\n|-resisted|p1a: Garchomp\n|-damage|p1a: Garchomp|0 fnt\n|faint|p1a: Garchomp\n|\n|-weather|SunnyDay|[upkeep]\n|upkeep\n|\n|t:|1700201548\n|switch|p1a: Swellow|Swellow, F, tera:Normal|76\/100\n|-damage|p1a: Swellow|63\/100|[from] Stealth Rock\n|turn|21\n|\n|t:|1700201551\n|move|p1a: Swellow|Boomburst|p2a: Charizard\n|-damage|p2a: Charizard|0 fnt\n|faint|p2a: Charizard\n|\n|-weather|SunnyDay|[upkeep]\n|upkeep\n|\n|t:|1700201554\n|switch|p2a: Ogerpon|Ogerpon-Wellspring, F|100\/100\n|turn|22\n|\n|t:|1700201559\n|switch|p1a: Corviknight|Corviknight, M|73\/100\n|-damage|p1a: Corviknight|61\/100|[from] Stealth Rock\n|-ability|p1a: Corviknight|Pressure\n|-terastallize|p2a: Ogerpon|Water\n|detailschange|p2a: Ogerpon|Ogerpon-Wellspring-Tera, F, tera:Water\n|-ability|p2a: Ogerpon|Embody Aspect (Wellspring)|boost\n|-boost|p2a: Ogerpon|spd|1\n|move|p2a: Ogerpon|Horn Leech|p1a: Corviknight\n|-resisted|p1a: Corviknight\n|-damage|p1a: Corviknight|54\/100\n|-damage|p2a: Ogerpon|84\/100|[from] item: Rocky Helmet|[of] p1a: Corviknight\n|\n|-weather|SunnyDay|[upkeep]\n|upkeep\n|turn|23\n|\n|t:|1700201574\n|move|p2a: Ogerpon|Swords Dance|p2a: Ogerpon\n|-boost|p2a: Ogerpon|atk|2\n|move|p1a: Corviknight|Defog|p2a: Ogerpon\n|-unboost|p2a: Ogerpon|evasion|1\n|-sideend|p1: MMQZA7|Stealth Rock|[from] move: Defog|[of] p1a: Corviknight\n|\n|-weather|none\n|upkeep\n|turn|24\n|\n|t:|1700201577\n|move|p2a: Ogerpon|Ivy Cudgel|p1a: Corviknight|[anim] Ivy Cudgel Water\n|-crit|p1a: Corviknight\n|-damage|p1a: Corviknight|0 fnt\n|faint|p1a: Corviknight\n|\n|upkeep\n|\n|t:|1700201586\n|switch|p1a: Ogerpon|Ogerpon-Cornerstone, F|100\/100\n|turn|25\n|\n|t:|1700201596\n|move|p2a: Ogerpon|Horn Leech|p1a: Ogerpon\n|-ability|p1a: Ogerpon|Sturdy\n|-damage|p1a: Ogerpon|1\/100\n|-heal|p2a: Ogerpon|100\/100|[from] drain|[of] p1a: Ogerpon\n|move|p1a: Ogerpon|Horn Leech|p2a: Ogerpon\n|-supereffective|p2a: Ogerpon\n|-damage|p2a: Ogerpon|0 fnt\n|-heal|p1a: Ogerpon|51\/100|[from] drain|[of] p2a: Ogerpon\n|faint|p2a: Ogerpon\n|\n|upkeep\n|\n|t:|1700201599\n|switch|p2a: Clodsire|Clodsire, F|49\/100\n|turn|26\n|-message|Shay ObsidianEW forfeited.\n|\n|win|MMQZA7\n|raw|MMQZA7's rating: 1541 &rarr; <strong>1569<\/strong><br \/>(+28 for winning)\n|raw|Shay ObsidianEW's rating: 1696 &rarr; <strong>1668<\/strong><br \/>(-28 for losing)\n|l|\u2606Shay ObsidianEW\n","uploadtime":1700201606,"views":4,"p1id":"mmqza7","p2id":"shayobsidianew","formatid":"gen9nationaldex","rating":1569,"private":0,"password":""}