{"id":"gen9nationaldex-1996000738","p1":"PikaTheRat","p2":"KaneWritez","format":"[Gen 9] National Dex","log":"|html|<div class=\"broadcast-blue\"><strong>[Gen 9] National Dex is currently suspecting Sneasler! For information on how to participate check out the <a href=\"https:\/\/www.smogon.com\/forums\/threads\/sv-national-dex-suspect-8-just-dance.3731534\/\">suspect thread<\/a>.<\/strong><\/div>\n|j|\u2606PikaTheRat\n|j|\u2606KaneWritez\n|t:|1700627554\n|gametype|singles\n|player|p1|PikaTheRat|lucas|\n|player|p2|KaneWritez|ghetsis|\n|teamsize|p1|4\n|teamsize|p2|3\n|gen|9\n|tier|[Gen 9] National Dex\n|rule|HP Percentage Mod: HP is shown in percentages\n|rule|Endless Battle Clause: Forcing endless battles is banned\n|rule|OHKO Clause: OHKO moves are banned\n|rule|Evasion Clause: Evasion abilities, items, and moves are banned\n|rule|Evasion Abilities Clause: Evasion abilities are banned\n|rule|Evasion Items Clause: Evasion items are banned\n|rule|Evasion Moves Clause: Evasion moves are banned\n|rule|Species Clause: Limit one of each Pok\u00e9mon\n|rule|Sleep Clause Mod: Limit one foe put to sleep\n|clearpoke\n|poke|p1|Bagon, L26, M|\n|poke|p1|Lycanroc-Midnight, L26, M|\n|poke|p1|Lombre, L26, F|\n|poke|p1|Litleo, L26, F|\n|poke|p2|Gliscor, L26, M|\n|poke|p2|Croagunk, L24, F|\n|poke|p2|Grimer, L22, M|\n|teampreview\n|\n|t:|1700627556\n|start\n|switch|p1a: Lycanroc|Lycanroc-Midnight, L26, M|100\/100\n|switch|p2a: Grimer|Grimer, L22, M|100\/100\n|turn|1\n|\n|t:|1700627574\n|move|p1a: Lycanroc|Bulldoze|p2a: Grimer\n|-supereffective|p2a: Grimer\n|-damage|p2a: Grimer|60\/100\n|-unboost|p2a: Grimer|spe|1\n|move|p2a: Grimer|Toxic|p1a: Lycanroc\n|-status|p1a: Lycanroc|tox\n|\n|-damage|p1a: Lycanroc|95\/100 tox|[from] psn\n|upkeep\n|turn|2\n|\n|t:|1700627599\n|move|p2a: Grimer|Protect|p2a: Grimer\n|-singleturn|p2a: Grimer|Protect\n|move|p1a: Lycanroc|Bulldoze|p2a: Grimer\n|-activate|p2a: Grimer|move: Protect\n|\n|-damage|p1a: Lycanroc|83\/100 tox|[from] psn\n|upkeep\n|turn|3\n|\n|t:|1700627610\n|switch|p1a: Litleo|Litleo, L26, F|100\/100\n|move|p2a: Grimer|Acid Spray|p1a: Litleo\n|-damage|p1a: Litleo|89\/100\n|-unboost|p1a: Litleo|spd|2\n|\n|upkeep\n|turn|4\n|\n|t:|1700627618\n|move|p2a: Grimer|Protect|p2a: Grimer\n|-singleturn|p2a: Grimer|Protect\n|move|p1a: Litleo|Fire Fang|p2a: Grimer\n|-activate|p2a: Grimer|move: Protect\n|\n|upkeep\n|turn|5\n|\n|t:|1700627625\n|move|p1a: Litleo|Fire Fang|p2a: Grimer|[miss]\n|-miss|p1a: Litleo|p2a: Grimer\n|move|p2a: Grimer|Toxic|p1a: Litleo\n|-status|p1a: Litleo|tox\n|\n|-damage|p1a: Litleo|84\/100 tox|[from] psn\n|upkeep\n|turn|6\n|\n|t:|1700627634\n|move|p2a: Grimer|Protect|p2a: Grimer\n|-singleturn|p2a: Grimer|Protect\n|move|p1a: Litleo|Fire Fang|p2a: Grimer\n|-activate|p2a: Grimer|move: Protect\n|\n|-damage|p1a: Litleo|73\/100 tox|[from] psn\n|upkeep\n|turn|7\n|\n|t:|1700627642\n|move|p1a: Litleo|Fire Fang|p2a: Grimer\n|-damage|p2a: Grimer|42\/100\n|move|p2a: Grimer|Acid Spray|p1a: Litleo\n|-damage|p1a: Litleo|54\/100 tox\n|-unboost|p1a: Litleo|spd|2\n|\n|-damage|p1a: Litleo|38\/100 tox|[from] psn\n|upkeep\n|turn|8\n|\n|t:|1700627652\n|move|p2a: Grimer|Protect|p2a: Grimer\n|-singleturn|p2a: Grimer|Protect\n|move|p1a: Litleo|Fire Fang|p2a: Grimer\n|-activate|p2a: Grimer|move: Protect\n|\n|-damage|p1a: Litleo|17\/100 tox|[from] psn\n|upkeep\n|turn|9\n|\n|t:|1700627661\n|move|p1a: Litleo|Fire Fang|p2a: Grimer\n|-damage|p2a: Grimer|25\/100\n|-status|p2a: Grimer|brn\n|move|p2a: Grimer|Acid Spray|p1a: Litleo\n|-damage|p1a: Litleo|0 fnt\n|faint|p1a: Litleo\n|\n|-damage|p2a: Grimer|19\/100 brn|[from] brn\n|upkeep\n|\n|t:|1700627673\n|switch|p1a: Rocky|Bagon, L26, M|100\/100\n|turn|10\n|\n|t:|1700627679\n|move|p1a: Rocky|Dragon Breath|p2a: Grimer\n|-damage|p2a: Grimer|0 fnt\n|faint|p2a: Grimer\n|\n|upkeep\n|\n|t:|1700627687\n|switch|p2a: Croagunk|Croagunk, L24, F|100\/100\n|turn|11\n|\n|t:|1700627691\n|move|p2a: Croagunk|Brick Break|p1a: Rocky\n|-damage|p1a: Rocky|59\/100\n|-status|p1a: Rocky|psn|[from] ability: Poison Touch|[of] p2a: Croagunk\n|move|p1a: Rocky|Dragon Breath|p2a: Croagunk\n|-damage|p2a: Croagunk|63\/100\n|-status|p2a: Croagunk|par\n|\n|-damage|p1a: Rocky|47\/100 psn|[from] psn\n|upkeep\n|turn|12\n|\n|t:|1700627701\n|move|p1a: Rocky|Dragon Breath|p2a: Croagunk\n|-damage|p2a: Croagunk|24\/100 par\n|cant|p2a: Croagunk|par\n|\n|-damage|p1a: Rocky|35\/100 psn|[from] psn\n|upkeep\n|turn|13\n|\n|t:|1700627709\n|move|p1a: Rocky|Dragon Breath|p2a: Croagunk\n|-damage|p2a: Croagunk|0 fnt\n|faint|p2a: Croagunk\n|\n|-damage|p1a: Rocky|23\/100 psn|[from] psn\n|upkeep\n|\n|t:|1700627714\n|switch|p2a: Gliscor|Gliscor, L26, M|100\/100\n|turn|14\n|\n|t:|1700627723\n|-terastallize|p2a: Gliscor|Poison\n|move|p2a: Gliscor|Poison Tail|p1a: Rocky\n|-damage|p1a: Rocky|0 fnt\n|faint|p1a: Rocky\n|\n|upkeep\n|\n|t:|1700627735\n|switch|p1a: Lycanroc|Lycanroc-Midnight, L26, M|83\/100 tox\n|turn|15\n|\n|t:|1700627743\n|move|p1a: Lycanroc|Bulldoze|p2a: Gliscor\n|-supereffective|p2a: Gliscor\n|-crit|p2a: Gliscor\n|-damage|p2a: Gliscor|52\/100\n|-unboost|p2a: Gliscor|spe|1\n|move|p2a: Gliscor|Poison Tail|p1a: Lycanroc\n|-resisted|p1a: Lycanroc\n|-damage|p1a: Lycanroc|65\/100 tox\n|\n|-damage|p1a: Lycanroc|60\/100 tox|[from] psn\n|upkeep\n|turn|16\n|\n|t:|1700627755\n|move|p1a: Lycanroc|Bulldoze|p2a: Gliscor\n|-supereffective|p2a: Gliscor\n|-damage|p2a: Gliscor|19\/100\n|-unboost|p2a: Gliscor|spe|1\n|move|p2a: Gliscor|Poison Tail|p1a: Lycanroc\n|-resisted|p1a: Lycanroc\n|-damage|p1a: Lycanroc|43\/100 tox\n|\n|-damage|p1a: Lycanroc|31\/100 tox|[from] psn\n|upkeep\n|turn|17\n|\n|t:|1700627765\n|move|p1a: Lycanroc|Bulldoze|p2a: Gliscor\n|-supereffective|p2a: Gliscor\n|-crit|p2a: Gliscor\n|-damage|p2a: Gliscor|0 fnt\n|faint|p2a: Gliscor\n|\n|win|PikaTheRat\n|l|\u2606KaneWritez\n","uploadtime":1700627774,"views":3,"p1id":"pikatherat","p2id":"kanewritez","formatid":"gen9nationaldex","rating":0,"private":0,"password":""}