{"id":"gen9nationaldex-1992689898","p1":"NormalU?","p2":"Rox9078","format":"[Gen 9] National Dex","log":"|j|\u2606NormalU?\n|j|\u2606Rox9078\n|t:|1700225593\n|gametype|singles\n|player|p1|NormalU?|courtney|1314\n|player|p2|Rox9078|fisherman-gen4|1239\n|teamsize|p1|6\n|teamsize|p2|6\n|gen|9\n|tier|[Gen 9] National Dex\n|rated|\n|rule|HP Percentage Mod: HP is shown in percentages\n|rule|Endless Battle Clause: Forcing endless battles is banned\n|rule|OHKO Clause: OHKO moves are banned\n|rule|Evasion Clause: Evasion abilities, items, and moves are banned\n|rule|Evasion Abilities Clause: Evasion abilities are banned\n|rule|Evasion Items Clause: Evasion items are banned\n|rule|Evasion Moves Clause: Evasion moves are banned\n|rule|Species Clause: Limit one of each Pok\u00e9mon\n|rule|Sleep Clause Mod: Limit one foe put to sleep\n|clearpoke\n|poke|p1|Kyurem|\n|poke|p1|Tentacruel, M|\n|poke|p1|Slowking, M|\n|poke|p1|Zeraora|\n|poke|p1|Urshifu-*, M|\n|poke|p1|Aerodactyl, M|\n|poke|p2|Samurott-Hisui, F|\n|poke|p2|Braviary-Hisui, M|\n|poke|p2|Kleavor, F|\n|poke|p2|Typhlosion-Hisui, F|\n|poke|p2|Arcanine-Hisui, M|\n|poke|p2|Banette, F|\n|teampreview\n|inactive|Battle timer is ON: inactive players will automatically lose when time's up. (requested by NormalU?)\n|\n|t:|1700225601\n|start\n|switch|p1a: 3|Urshifu-Rapid-Strike, M|100\/100\n|switch|p2a: Kleavor|Kleavor, F|100\/100\n|turn|1\n|\n|t:|1700225608\n|move|p1a: 3|Surging Strikes|p2a: Kleavor\n|-supereffective|p2a: Kleavor\n|-crit|p2a: Kleavor\n|-damage|p2a: Kleavor|45\/100\n|-supereffective|p2a: Kleavor\n|-crit|p2a: Kleavor\n|-damage|p2a: Kleavor|0 fnt\n|faint|p2a: Kleavor\n|-hitcount|p2: Kleavor|2\n|\n|upkeep\n|\n|t:|1700225617\n|switch|p2a: Samurott|Samurott-Hisui, F|100\/100\n|turn|2\n|\n|t:|1700225629\n|switch|p1a: 1|Kyurem|100\/100\n|-ability|p1a: 1|Pressure\n|move|p2a: Samurott|Sacred Sword|p1a: 1\n|-supereffective|p1a: 1\n|-damage|p1a: 1|12\/100\n|\n|upkeep\n|turn|3\n|\n|t:|1700225637\n|move|p2a: Samurott|Sucker Punch|p1a: 1\n|-damage|p1a: 1|0 fnt\n|faint|p1a: 1\n|\n|upkeep\n|\n|t:|1700225643\n|switch|p1a: 3|Urshifu-Rapid-Strike, M|100\/100\n|turn|4\n|\n|t:|1700225648\n|switch|p2a: Braviary|Braviary-Hisui, M|100\/100\n|move|p1a: 3|Close Combat|p2a: Braviary\n|-resisted|p2a: Braviary\n|-damage|p2a: Braviary|82\/100\n|-unboost|p1a: 3|def|1\n|-unboost|p1a: 3|spd|1\n|\n|-heal|p2a: Braviary|88\/100|[from] item: Leftovers\n|upkeep\n|turn|5\n|\n|t:|1700225657\n|switch|p1a: Bing Crosby|Slowking, M|100\/100\n|move|p2a: Braviary|Esper Wing|p1a: Bing Crosby\n|-resisted|p1a: Bing Crosby\n|-damage|p1a: Bing Crosby|66\/100\n|-boost|p2a: Braviary|spe|1\n|\n|-heal|p2a: Braviary|94\/100|[from] item: Leftovers\n|-heal|p1a: Bing Crosby|72\/100|[from] item: Leftovers\n|upkeep\n|turn|6\n|\n|t:|1700225667\n|move|p2a: Braviary|Esper Wing|p1a: Bing Crosby\n|-resisted|p1a: Bing Crosby\n|-damage|p1a: Bing Crosby|36\/100\n|-boost|p2a: Braviary|spe|1\n|move|p1a: Bing Crosby|Chilly Reception|p1a: Bing Crosby\n|-weather|Snow\n|\n|t:|1700225674\n|switch|p1a: Aerodactyl|Aerodactyl, M|100\/100|[from] Chilly Reception\n|\n|-weather|Snow|[upkeep]\n|-heal|p2a: Braviary|100\/100|[from] item: Leftovers\n|upkeep\n|turn|7\n|\n|t:|1700225681\n|detailschange|p1a: Aerodactyl|Aerodactyl-Mega, M\n|-mega|p1a: Aerodactyl|Aerodactyl|Aerodactylite\n|move|p2a: Braviary|Esper Wing|p1a: Aerodactyl\n|-damage|p1a: Aerodactyl|56\/100\n|-boost|p2a: Braviary|spe|1\n|move|p1a: Aerodactyl|Stone Edge|p2a: Braviary\n|-supereffective|p2a: Braviary\n|-damage|p2a: Braviary|0 fnt\n|faint|p2a: Braviary\n|\n|-weather|Snow|[upkeep]\n|upkeep\n|\n|t:|1700225691\n|switch|p2a: Samurott|Samurott-Hisui, F|100\/100\n|turn|8\n|\n|t:|1700225694\n|move|p1a: Aerodactyl|Stone Edge|p2a: Samurott\n|-crit|p2a: Samurott\n|-damage|p2a: Samurott|12\/100\n|move|p2a: Samurott|Aqua Cutter|p1a: Aerodactyl\n|-supereffective|p1a: Aerodactyl\n|-damage|p1a: Aerodactyl|0 fnt\n|faint|p1a: Aerodactyl\n|\n|-weather|Snow|[upkeep]\n|upkeep\n|\n|t:|1700225700\n|switch|p1a: 3|Urshifu-Rapid-Strike, M|100\/100\n|turn|9\n|\n|t:|1700225705\n|move|p2a: Samurott|Sucker Punch|p1a: 3\n|-resisted|p1a: 3\n|-damage|p1a: 3|84\/100\n|move|p1a: 3|U-turn|p2a: Samurott\n|-supereffective|p2a: Samurott\n|-damage|p2a: Samurott|0 fnt\n|faint|p2a: Samurott\n|\n|t:|1700225709\n|switch|p1a: 2|Zeraora|100\/100|[from] U-turn\n|\n|-weather|Snow|[upkeep]\n|upkeep\n|\n|t:|1700225718\n|switch|p2a: Arcanine|Arcanine-Hisui, M|100\/100\n|turn|10\n|\n|t:|1700225724\n|move|p1a: 2|Close Combat|p2a: Arcanine\n|-supereffective|p2a: Arcanine\n|-damage|p2a: Arcanine|0 fnt\n|-unboost|p1a: 2|def|1\n|-unboost|p1a: 2|spd|1\n|faint|p2a: Arcanine\n|\n|-weather|none\n|upkeep\n|\n|t:|1700225727\n|switch|p2a: Banette|Banette, F|100\/100\n|turn|11\n|\n|t:|1700225732\n|switch|p1a: Evil|Tentacruel, M|100\/100\n|detailschange|p2a: Banette|Banette-Mega, F\n|-mega|p2a: Banette|Banette|Banettite\n|move|p2a: Banette|Encore||[still]\n|-fail|p2a: Banette\n|\n|upkeep\n|turn|12\n|\n|t:|1700225737\n|move|p2a: Banette|Swords Dance|p2a: Banette\n|-boost|p2a: Banette|atk|2\n|move|p1a: Evil|Swords Dance|p1a: Evil\n|-boost|p1a: Evil|atk|2\n|\n|upkeep\n|turn|13\n|\n|t:|1700225744\n|-terastallize|p1a: Evil|Dark\n|move|p2a: Banette|Encore|p1a: Evil\n|-hint|Since gen 7, Dark is immune to Prankster moves.\n|-immune|p1a: Evil\n|move|p1a: Evil|Knock Off|p2a: Banette\n|-supereffective|p2a: Banette\n|-damage|p2a: Banette|0 fnt\n|faint|p2a: Banette\n|\n|upkeep\n|-message|Rox9078 forfeited.\n|\n|win|NormalU?\n|raw|NormalU?'s rating: 1314 &rarr; <strong>1330<\/strong><br \/>(+16 for winning)\n|raw|Rox9078's rating: 1239 &rarr; <strong>1219<\/strong><br \/>(-20 for losing)\n|l|\u2606Rox9078\n","uploadtime":1700225755,"views":6,"p1id":"normalu","p2id":"rox9078","formatid":"gen9nationaldex","rating":1219,"private":0,"password":""}