{"id":"gen9nationaldex-1998446883","p1":"zachhoek","p2":"big_zegundo","format":"[Gen 9] National Dex","log":"|html|<div class=\"broadcast-blue\"><strong>[Gen 9] National Dex is currently suspecting Sneasler! For information on how to participate check out the <a href=\"https:\/\/www.smogon.com\/forums\/threads\/sv-national-dex-suspect-8-just-dance.3731534\/\">suspect thread<\/a>.<\/strong><\/div>\n|j|\u2606zachhoek\n|j|\u2606big_zegundo\n|t:|1700943298\n|gametype|singles\n|player|p1|zachhoek|psychic|\n|player|p2|big_zegundo|boarder|\n|teamsize|p1|6\n|teamsize|p2|6\n|gen|9\n|tier|[Gen 9] National Dex\n|rule|HP Percentage Mod: HP is shown in percentages\n|rule|Endless Battle Clause: Forcing endless battles is banned\n|rule|OHKO Clause: OHKO moves are banned\n|rule|Evasion Clause: Evasion abilities, items, and moves are banned\n|rule|Evasion Abilities Clause: Evasion abilities are banned\n|rule|Evasion Items Clause: Evasion items are banned\n|rule|Evasion Moves Clause: Evasion moves are banned\n|rule|Species Clause: Limit one of each Pok\u00e9mon\n|rule|Sleep Clause Mod: Limit one foe put to sleep\n|clearpoke\n|poke|p1|Greninja-*, M|\n|poke|p1|Aegislash, M|\n|poke|p1|Necrozma|\n|poke|p1|Eelektross, F|\n|poke|p1|Articuno|\n|poke|p1|Toedscruel, M|\n|poke|p2|Tapu Koko|\n|poke|p2|Iron Jugulis|\n|poke|p2|Tinkaton, F|\n|poke|p2|Gurdurr, M|\n|poke|p2|Milotic, M|\n|poke|p2|Froslass, F|\n|teampreview\n|c|\u2606zachhoek|hf :]\n|c|\u2606big_zegundo|Dont bring out necrozma and i will\n|c|\u2606zachhoek|haha\n|\n|t:|1700943335\n|start\n|switch|p1a: AGENCY SUCC|Eelektross, F|100\/100\n|switch|p2a: Gurdurr|Gurdurr, M|100\/100\n|turn|1\n|\n|t:|1700943355\n|move|p1a: AGENCY SUCC|U-turn|p2a: Gurdurr\n|-resisted|p2a: Gurdurr\n|-damage|p2a: Gurdurr|95\/100\n|\n|t:|1700943357\n|switch|p1a: PARTYCUNO|Articuno|100\/100|[from] U-turn\n|-ability|p1a: PARTYCUNO|Pressure\n|move|p2a: Gurdurr|Knock Off|p1a: PARTYCUNO\n|-damage|p1a: PARTYCUNO|79\/100\n|-enditem|p1a: PARTYCUNO|Leftovers|[from] move: Knock Off|[of] p2a: Gurdurr\n|\n|upkeep\n|turn|2\n|\n|t:|1700943383\n|switch|p2a: Tinkaton|Tinkaton, F|100\/100\n|-terastallize|p1a: PARTYCUNO|Ground\n|move|p1a: PARTYCUNO|Air Slash|p2a: Tinkaton\n|-resisted|p2a: Tinkaton\n|-damage|p2a: Tinkaton|93\/100\n|\n|-heal|p2a: Tinkaton|99\/100|[from] item: Leftovers\n|upkeep\n|turn|3\n|\n|t:|1700943422\n|switch|p2a: Milotic|Milotic, M|100\/100\n|move|p1a: PARTYCUNO|Tera Blast|p2a: Milotic|[anim] Tera Blast Ground\n|-damage|p2a: Milotic|80\/100\n|\n|-status|p2a: Milotic|brn|[from] item: Flame Orb\n|upkeep\n|turn|4\n|\n|t:|1700943444\n|switch|p1a: AGENCY SUCC|Eelektross, F|100\/100\n|move|p2a: Milotic|Scald|p1a: AGENCY SUCC\n|-damage|p1a: AGENCY SUCC|84\/100\n|\n|-damage|p2a: Milotic|74\/100 brn|[from] brn\n|upkeep\n|turn|5\n|\n|t:|1700943467\n|switch|p2a: Gurdurr|Gurdurr, M|95\/100\n|move|p1a: AGENCY SUCC|Thunderbolt|p2a: Gurdurr\n|-damage|p2a: Gurdurr|57\/100\n|\n|upkeep\n|turn|6\n|\n|t:|1700943472\n|move|p1a: AGENCY SUCC|U-turn|p2a: Gurdurr\n|-resisted|p2a: Gurdurr\n|-damage|p2a: Gurdurr|51\/100\n|\n|t:|1700943475\n|switch|p1a: PARTYCUNO|Articuno, tera:Ground|79\/100|[from] U-turn\n|-ability|p1a: PARTYCUNO|Pressure\n|move|p2a: Gurdurr|Drain Punch|p1a: PARTYCUNO\n|-damage|p1a: PARTYCUNO|50\/100\n|-heal|p2a: Gurdurr|66\/100|[from] drain|[of] p1a: PARTYCUNO\n|\n|upkeep\n|turn|7\n|c|\u2606big_zegundo|This thing is BULKY\n|\n|t:|1700943502\n|move|p1a: PARTYCUNO|Roost|p1a: PARTYCUNO\n|-heal|p1a: PARTYCUNO|100\/100\n|move|p2a: Gurdurr|Drain Punch|p1a: PARTYCUNO\n|-damage|p1a: PARTYCUNO|71\/100\n|-heal|p2a: Gurdurr|81\/100|[from] drain|[of] p1a: PARTYCUNO\n|\n|upkeep\n|turn|8\n|\n|t:|1700943525\n|switch|p2a: Froslass|Froslass, F|100\/100\n|move|p1a: PARTYCUNO|Air Slash|p2a: Froslass\n|-crit|p2a: Froslass\n|-damage|p2a: Froslass|45\/100\n|\n|upkeep\n|turn|9\n|\n|t:|1700943576\n|switch|p1a: GOOBED|Aegislash, M|100\/100\n|move|p2a: Froslass|Spikes|p1a: GOOBED\n|-sidestart|p1: zachhoek|Spikes\n|\n|upkeep\n|turn|10\n|\n|t:|1700943592\n|switch|p2a: Gurdurr|Gurdurr, M|81\/100\n|move|p1a: GOOBED|Swords Dance|p1a: GOOBED\n|-boost|p1a: GOOBED|atk|2\n|\n|upkeep\n|turn|11\n|\n|t:|1700943627\n|move|p1a: GOOBED|Swords Dance|p1a: GOOBED\n|-boost|p1a: GOOBED|atk|2\n|move|p2a: Gurdurr|Knock Off|p1a: GOOBED\n|-supereffective|p1a: GOOBED\n|-damage|p1a: GOOBED|50\/100\n|-enditem|p1a: GOOBED|Leftovers|[from] move: Knock Off|[of] p2a: Gurdurr\n|\n|upkeep\n|turn|12\n|\n|t:|1700943637\n|-formechange|p1a: GOOBED|Aegislash-Blade||[from] ability: Stance Change\n|move|p1a: GOOBED|Iron Head|p2a: Gurdurr\n|-damage|p2a: Gurdurr|0 fnt\n|faint|p2a: Gurdurr\n|\n|upkeep\n|\n|t:|1700943658\n|switch|p2a: Iron Jugulis|Iron Jugulis|100\/100\n|turn|13\n|\n|t:|1700943691\n|move|p2a: Iron Jugulis|Dark Pulse|p1a: GOOBED\n|-supereffective|p1a: GOOBED\n|-damage|p1a: GOOBED|0 fnt\n|faint|p1a: GOOBED\n|\n|upkeep\n|\n|t:|1700943730\n|switch|p1a: AGENCY SUCC|Eelektross, F|84\/100\n|turn|14\n|c|\u2606big_zegundo|no 6-0 baby\n|\n|t:|1700943749\n|-terastallize|p2a: Iron Jugulis|Ground\n|move|p2a: Iron Jugulis|Dark Pulse|p1a: AGENCY SUCC\n|-crit|p1a: AGENCY SUCC\n|-damage|p1a: AGENCY SUCC|36\/100\n|move|p1a: AGENCY SUCC|U-turn|p2a: Iron Jugulis\n|-damage|p2a: Iron Jugulis|80\/100\n|\n|t:|1700943785\n|switch|p1a: SHAMMONED|Greninja, M|100\/100|[from] U-turn\n|-damage|p1a: SHAMMONED|88\/100|[from] Spikes\n|\n|upkeep\n|turn|15\n|\n|t:|1700943801\n|-end|p2a: Iron Jugulis|Quark Drive|[silent]\n|switch|p2a: Milotic|Milotic, M|74\/100 brn\n|move|p1a: SHAMMONED|Dark Pulse|p2a: Milotic\n|-start|p1a: SHAMMONED|typechange|Dark|[from] ability: Protean\n|-damage|p2a: Milotic|34\/100 brn\n|\n|-damage|p2a: Milotic|28\/100 brn|[from] brn\n|upkeep\n|turn|16\n|\n|t:|1700943816\n|switch|p2a: Tinkaton|Tinkaton, F|99\/100\n|move|p1a: SHAMMONED|Dark Pulse|p2a: Tinkaton\n|-resisted|p2a: Tinkaton\n|-damage|p2a: Tinkaton|81\/100\n|\n|-heal|p2a: Tinkaton|87\/100|[from] item: Leftovers\n|upkeep\n|turn|17\n|\n|t:|1700943826\n|switch|p1a: CRUEL+UNUSUAL|Toedscruel, M|100\/100\n|-damage|p1a: CRUEL+UNUSUAL|88\/100|[from] Spikes\n|move|p2a: Tinkaton|Gigaton Hammer|p1a: CRUEL+UNUSUAL\n|-damage|p1a: CRUEL+UNUSUAL|48\/100\n|\n|-heal|p2a: Tinkaton|94\/100|[from] item: Leftovers\n|upkeep\n|turn|18\n|\n|t:|1700943847\n|move|p1a: CRUEL+UNUSUAL|Earth Power|p2a: Tinkaton\n|-supereffective|p2a: Tinkaton\n|-crit|p2a: Tinkaton\n|-damage|p2a: Tinkaton|43\/100\n|move|p2a: Tinkaton|Knock Off|p1a: CRUEL+UNUSUAL\n|-damage|p1a: CRUEL+UNUSUAL|34\/100\n|-enditem|p1a: CRUEL+UNUSUAL|Yache Berry|[from] move: Knock Off|[of] p2a: Tinkaton\n|\n|-heal|p2a: Tinkaton|49\/100|[from] item: Leftovers\n|upkeep\n|turn|19\n|\n|t:|1700943863\n|switch|p2a: Froslass|Froslass, F|45\/100\n|move|p1a: CRUEL+UNUSUAL|Earth Power|p2a: Froslass\n|-damage|p2a: Froslass|10\/100\n|\n|upkeep\n|turn|20\n|\n|t:|1700943926\n|move|p2a: Froslass|Ice Beam|p1a: CRUEL+UNUSUAL\n|-supereffective|p1a: CRUEL+UNUSUAL\n|-damage|p1a: CRUEL+UNUSUAL|0 fnt\n|faint|p1a: CRUEL+UNUSUAL\n|\n|upkeep\n|\n|t:|1700943932\n|switch|p1a: SHAMMONED|Greninja, M|88\/100\n|-damage|p1a: SHAMMONED|76\/100|[from] Spikes\n|turn|21\n|\n|t:|1700943950\n|switch|p2a: Milotic|Milotic, M|28\/100 brn\n|move|p1a: SHAMMONED|U-turn|p2a: Milotic\n|-start|p1a: SHAMMONED|typechange|Bug|[from] ability: Protean\n|-damage|p2a: Milotic|17\/100 brn\n|\n|t:|1700943985\n|switch|p1a: PARTYCUNO|Articuno, tera:Ground|71\/100|[from] U-turn\n|-damage|p1a: PARTYCUNO|58\/100|[from] Spikes\n|-ability|p1a: PARTYCUNO|Pressure\n|\n|-damage|p2a: Milotic|11\/100 brn|[from] brn\n|upkeep\n|turn|22\n|\n|t:|1700943993\n|move|p1a: PARTYCUNO|Tera Blast|p2a: Milotic|[anim] Tera Blast Ground\n|-damage|p2a: Milotic|0 fnt\n|faint|p2a: Milotic\n|\n|upkeep\n|\n|t:|1700944001\n|switch|p2a: Froslass|Froslass, F|10\/100\n|turn|23\n|\n|t:|1700944007\n|move|p2a: Froslass|Ice Beam|p1a: PARTYCUNO\n|-supereffective|p1a: PARTYCUNO\n|-damage|p1a: PARTYCUNO|2\/100\n|-status|p1a: PARTYCUNO|frz\n|cant|p1a: PARTYCUNO|frz\n|\n|upkeep\n|turn|24\n|\n|t:|1700944019\n|move|p2a: Froslass|Signal Beam|p1a: PARTYCUNO\n|-damage|p1a: PARTYCUNO|0 fnt\n|faint|p1a: PARTYCUNO\n|\n|upkeep\n|\n|t:|1700944037\n|switch|p1a: SHAMMONED|Greninja, M|76\/100\n|-damage|p1a: SHAMMONED|63\/100|[from] Spikes\n|turn|25\n|\n|t:|1700944044\n|move|p1a: SHAMMONED|Surf|p2a: Froslass\n|-start|p1a: SHAMMONED|typechange|Water|[from] ability: Protean\n|-damage|p2a: Froslass|0 fnt\n|faint|p2a: Froslass\n|\n|upkeep\n|\n|t:|1700944050\n|switch|p2a: Tapu Koko|Tapu Koko|100\/100\n|-fieldstart|move: Electric Terrain|[from] ability: Electric Surge|[of] p2a: Tapu Koko\n|turn|26\n|\n|t:|1700944063\n|switch|p1a: AGENCY SUCC|Eelektross, F|36\/100\n|move|p2a: Tapu Koko|Thunderbolt|p1a: AGENCY SUCC\n|-resisted|p1a: AGENCY SUCC\n|-damage|p1a: AGENCY SUCC|21\/100\n|\n|upkeep\n|turn|27\n|\n|t:|1700944084\n|move|p2a: Tapu Koko|Dazzling Gleam|p1a: AGENCY SUCC\n|-damage|p1a: AGENCY SUCC|4\/100\n|move|p1a: AGENCY SUCC|U-turn|p2a: Tapu Koko\n|-resisted|p2a: Tapu Koko\n|-damage|p2a: Tapu Koko|90\/100\n|\n|t:|1700944086\n|switch|p1a: DIAMONDS DANCE|Necrozma|100\/100|[from] U-turn\n|-damage|p1a: DIAMONDS DANCE|88\/100|[from] Spikes\n|\n|-heal|p1a: DIAMONDS DANCE|94\/100|[from] item: Leftovers\n|upkeep\n|turn|28\n|\n|t:|1700944102\n|move|p2a: Tapu Koko|Thunderbolt|p1a: DIAMONDS DANCE\n|-damage|p1a: DIAMONDS DANCE|43\/100\n|move|p1a: DIAMONDS DANCE|Dragon Dance|p1a: DIAMONDS DANCE\n|-boost|p1a: DIAMONDS DANCE|atk|1\n|-boost|p1a: DIAMONDS DANCE|spe|1\n|\n|-heal|p1a: DIAMONDS DANCE|49\/100|[from] item: Leftovers\n|upkeep\n|turn|29\n|\n|t:|1700944124\n|move|p1a: DIAMONDS DANCE|Earthquake|p2a: Tapu Koko\n|-supereffective|p2a: Tapu Koko\n|-damage|p2a: Tapu Koko|0 fnt\n|faint|p2a: Tapu Koko\n|\n|-heal|p1a: DIAMONDS DANCE|55\/100|[from] item: Leftovers\n|upkeep\n|\n|t:|1700944130\n|switch|p2a: Iron Jugulis|Iron Jugulis, tera:Ground|80\/100\n|-activate|p2a: Iron Jugulis|ability: Quark Drive\n|-start|p2a: Iron Jugulis|quarkdrivespe\n|turn|30\n|\n|t:|1700944170\n|switch|p1a: AGENCY SUCC|Eelektross, F|4\/100\n|move|p2a: Iron Jugulis|Dark Pulse|p1a: AGENCY SUCC\n|-damage|p1a: AGENCY SUCC|0 fnt\n|faint|p1a: AGENCY SUCC\n|\n|-fieldend|move: Electric Terrain\n|-end|p2a: Iron Jugulis|Quark Drive\n|upkeep\n|\n|t:|1700944174\n|switch|p1a: SHAMMONED|Greninja, M|63\/100\n|-damage|p1a: SHAMMONED|51\/100|[from] Spikes\n|turn|31\n|\n|t:|1700944180\n|move|p1a: SHAMMONED|Surf|p2a: Iron Jugulis\n|-start|p1a: SHAMMONED|typechange|Water|[from] ability: Protean\n|-supereffective|p2a: Iron Jugulis\n|-damage|p2a: Iron Jugulis|0 fnt\n|faint|p2a: Iron Jugulis\n|-end|p2a: Iron Jugulis|Quark Drive|[silent]\n|\n|upkeep\n|\n|t:|1700944183\n|switch|p2a: Tinkaton|Tinkaton, F|49\/100\n|turn|32\n|\n|t:|1700944185\n|move|p1a: SHAMMONED|Surf|p2a: Tinkaton\n|-damage|p2a: Tinkaton|13\/100\n|move|p2a: Tinkaton|Gigaton Hammer|p1a: SHAMMONED\n|-resisted|p1a: SHAMMONED\n|-damage|p1a: SHAMMONED|17\/100\n|\n|-heal|p2a: Tinkaton|19\/100|[from] item: Leftovers\n|upkeep\n|turn|33\n|c|\u2606zachhoek|ggs\n|c|\u2606zachhoek|nailbiter\n|c|\u2606big_zegundo|ggs\n|\n|t:|1700944193\n|move|p1a: SHAMMONED|Surf|p2a: Tinkaton\n|-damage|p2a: Tinkaton|0 fnt\n|faint|p2a: Tinkaton\n|\n|win|zachhoek\n","uploadtime":1700944197,"views":34,"p1id":"zachhoek","p2id":"bigzegundo","formatid":"gen9nationaldex","rating":0,"private":0,"password":""}