{"id":"gen9nationaldex-1992013714","p1":"MDIII","p2":"dadi02","format":"[Gen 9] National Dex","log":"|j|\u2606MDIII\n|j|\u2606dadi02\n|t:|1700147765\n|gametype|singles\n|player|p1|MDIII|170|1354\n|player|p2|dadi02|guitarist|1379\n|teamsize|p1|6\n|teamsize|p2|6\n|gen|9\n|tier|[Gen 9] National Dex\n|rated|\n|rule|HP Percentage Mod: HP is shown in percentages\n|rule|Endless Battle Clause: Forcing endless battles is banned\n|rule|OHKO Clause: OHKO moves are banned\n|rule|Evasion Clause: Evasion abilities, items, and moves are banned\n|rule|Evasion Abilities Clause: Evasion abilities are banned\n|rule|Evasion Items Clause: Evasion items are banned\n|rule|Evasion Moves Clause: Evasion moves are banned\n|rule|Species Clause: Limit one of each Pok\u00e9mon\n|rule|Sleep Clause Mod: Limit one foe put to sleep\n|clearpoke\n|poke|p1|Samurott-Hisui, M|\n|poke|p1|Floatzel, M|\n|poke|p1|Typhlosion-Hisui, M|\n|poke|p1|Noivern, M|\n|poke|p1|Gliscor, M|\n|poke|p1|Goodra-Hisui, M|\n|poke|p2|Tapu Lele|\n|poke|p2|Hawlucha, F|\n|poke|p2|Chansey, F|\n|poke|p2|Cinderace, M|\n|poke|p2|Polteageist-Antique|\n|poke|p2|Armarouge, F|\n|teampreview\n|inactive|Battle timer is ON: inactive players will automatically lose when time's up. (requested by MDIII)\n|\n|t:|1700147776\n|start\n|switch|p1a: Typhlosion|Typhlosion-Hisui, M|100\/100\n|switch|p2a: Tapu Lele|Tapu Lele|100\/100\n|-item|p2a: Tapu Lele|Terrain Extender|[from] ability: Frisk|[of] p1a: Typhlosion|[identify]\n|-fieldstart|move: Psychic Terrain|[from] ability: Psychic Surge|[of] p2a: Tapu Lele\n|turn|1\n|\n|t:|1700147787\n|move|p1a: Typhlosion|Shadow Ball|p2a: Tapu Lele\n|-supereffective|p2a: Tapu Lele\n|-damage|p2a: Tapu Lele|27\/100\n|move|p2a: Tapu Lele|Future Sight|p1a: Typhlosion\n|-start|p2a: Tapu Lele|move: Future Sight\n|\n|upkeep\n|turn|2\n|\n|t:|1700147795\n|switch|p1a: Goodra|Goodra-Hisui, M|100\/100\n|switch|p2a: Chansey|Chansey, F|100\/100\n|\n|upkeep\n|turn|3\n|\n|t:|1700147807\n|switch|p1a: Gliscor|Gliscor, M|100\/100\n|move|p2a: Chansey|Thunder Wave|p1a: Gliscor\n|-immune|p1a: Gliscor\n|\n|-end|p1a: Gliscor|move: Future Sight\n|-damage|p1a: Gliscor|0 fnt\n|faint|p1a: Gliscor\n|upkeep\n|\n|t:|1700147816\n|switch|p1a: Pupy|Samurott-Hisui, M|100\/100\n|turn|4\n|\n|t:|1700147832\n|switch|p2a: Armarouge|Armarouge, F|100\/100\n|move|p1a: Pupy|Sacred Sword|p2a: Armarouge\n|-resisted|p2a: Armarouge\n|-damage|p2a: Armarouge|77\/100\n|-ability|p2a: Armarouge|Weak Armor|boost\n|-unboost|p2a: Armarouge|def|1\n|-boost|p2a: Armarouge|spe|2\n|\n|upkeep\n|turn|5\n|\n|t:|1700147841\n|move|p2a: Armarouge|Armor Cannon|p1a: Pupy\n|-resisted|p1a: Pupy\n|-damage|p1a: Pupy|53\/100\n|-unboost|p2a: Armarouge|def|1\n|-unboost|p2a: Armarouge|spd|1\n|move|p1a: Pupy|Ceaseless Edge|p2a: Armarouge\n|-supereffective|p2a: Armarouge\n|-damage|p2a: Armarouge|0 fnt\n|-sidestart|p2: dadi02|Spikes\n|faint|p2a: Armarouge\n|\n|upkeep\n|\n|t:|1700147851\n|switch|p2a: Cinderace|Cinderace, M|100\/100\n|turn|6\n|\n|t:|1700147856\n|switch|p1a: Floatzel|Floatzel, M|100\/100\n|move|p2a: Cinderace|Low Kick|p1a: Floatzel\n|-start|p2a: Cinderace|typechange|Fighting|[from] ability: Libero\n|-damage|p1a: Floatzel|51\/100\n|\n|upkeep\n|turn|7\n|\n|t:|1700147869\n|move|p2a: Cinderace|Court Change|p2a: Cinderace\n|-swapsideconditions\n|-activate|p2a: Cinderace|move: Court Change\n|move|p1a: Floatzel|Wave Crash|p2a: Cinderace\n|-damage|p2a: Cinderace|8\/100\n|-damage|p1a: Floatzel|22\/100|[from] Recoil\n|-damage|p1a: Floatzel|12\/100|[from] item: Life Orb\n|\n|upkeep\n|turn|8\n|\n|t:|1700147878\n|move|p2a: Cinderace|U-turn|p1a: Floatzel\n|-damage|p1a: Floatzel|0 fnt\n|faint|p1a: Floatzel\n|\n|t:|1700147883\n|switch|p2a: Chansey|Chansey, F|100\/100|[from] U-turn\n|\n|-fieldend|move: Psychic Terrain\n|upkeep\n|\n|t:|1700147888\n|switch|p1a: Pupy|Samurott-Hisui, M|53\/100\n|-damage|p1a: Pupy|41\/100|[from] Spikes\n|turn|9\n|\n|t:|1700147909\n|switch|p2a: Tapu Lele|Tapu Lele|27\/100\n|-fieldstart|move: Psychic Terrain|[from] ability: Psychic Surge|[of] p2a: Tapu Lele\n|move|p1a: Pupy|Sacred Sword|p2a: Tapu Lele\n|-resisted|p2a: Tapu Lele\n|-damage|p2a: Tapu Lele|11\/100\n|\n|upkeep\n|turn|10\n|\n|t:|1700147937\n|switch|p1a: Goodra|Goodra-Hisui, M|100\/100\n|-damage|p1a: Goodra|88\/100|[from] Spikes\n|move|p2a: Tapu Lele|Focus Blast|p1a: Goodra\n|-supereffective|p1a: Goodra\n|-damage|p1a: Goodra|51\/100\n|\n|upkeep\n|turn|11\n|\n|t:|1700147947\n|switch|p2a: Chansey|Chansey, F|100\/100\n|move|p1a: Goodra|Flash Cannon|p2a: Chansey\n|-damage|p2a: Chansey|89\/100\n|\n|upkeep\n|turn|12\n|\n|t:|1700147955\n|move|p1a: Goodra|Flash Cannon|p2a: Chansey\n|-damage|p2a: Chansey|78\/100\n|move|p2a: Chansey|Teleport|p2a: Chansey\n|\n|t:|1700147960\n|switch|p2a: Polteageist|Polteageist-Antique|100\/100|[from] Teleport\n|\n|upkeep\n|turn|13\n|\n|t:|1700147964\n|move|p2a: Polteageist|Shell Smash|p2a: Polteageist\n|-unboost|p2a: Polteageist|def|1\n|-unboost|p2a: Polteageist|spd|1\n|-boost|p2a: Polteageist|atk|2\n|-boost|p2a: Polteageist|spa|2\n|-boost|p2a: Polteageist|spe|2\n|move|p1a: Goodra|Dragon Pulse|p2a: Polteageist\n|-damage|p2a: Polteageist|30\/100\n|\n|upkeep\n|turn|14\n|\n|t:|1700147978\n|-terastallize|p2a: Polteageist|Ghost\n|move|p2a: Polteageist|Shadow Ball|p1a: Goodra\n|-damage|p1a: Goodra|2\/100\n|move|p1a: Goodra|Dragon Pulse|p2a: Polteageist\n|-damage|p2a: Polteageist|0 fnt\n|faint|p2a: Polteageist\n|\n|upkeep\n|\n|t:|1700147989\n|switch|p2a: Cinderace|Cinderace, M|8\/100\n|turn|15\n|\n|t:|1700147995\n|move|p2a: Cinderace|U-turn|p1a: Goodra\n|-start|p2a: Cinderace|typechange|Bug|[from] ability: Libero\n|-resisted|p1a: Goodra\n|-damage|p1a: Goodra|0 fnt\n|-ability|p1a: Goodra|Gooey\n|-unboost|p2a: Cinderace|spe|1\n|faint|p1a: Goodra\n|\n|t:|1700148003\n|switch|p2a: Chansey|Chansey, F|78\/100|[from] U-turn\n|\n|upkeep\n|\n|t:|1700148008\n|switch|p1a: Pupy|Samurott-Hisui, M|41\/100\n|-damage|p1a: Pupy|29\/100|[from] Spikes\n|turn|16\n|\n|t:|1700148014\n|-terastallize|p1a: Pupy|Dark\n|move|p1a: Pupy|Ceaseless Edge|p2a: Chansey\n|-damage|p2a: Chansey|35\/100\n|-sidestart|p2: dadi02|Spikes\n|move|p2a: Chansey|Counter|p1a: Pupy\n|-damage|p1a: Pupy|0 fnt\n|faint|p1a: Pupy\n|\n|-fieldend|move: Psychic Terrain\n|upkeep\n|\n|t:|1700148022\n|switch|p1a: Typhlosion|Typhlosion-Hisui, M|100\/100\n|-damage|p1a: Typhlosion|88\/100|[from] Spikes\n|-item|p2a: Chansey|Eviolite|[from] ability: Frisk|[of] p1a: Typhlosion|[identify]\n|turn|17\n|\n|t:|1700148029\n|move|p1a: Typhlosion|Eruption|p2a: Chansey\n|-damage|p2a: Chansey|13\/100\n|move|p2a: Chansey|Thunder Wave|p1a: Typhlosion\n|-status|p1a: Typhlosion|par\n|\n|upkeep\n|turn|18\n|\n|t:|1700148036\n|move|p1a: Typhlosion|Eruption|p2a: Chansey\n|-damage|p2a: Chansey|0 fnt\n|faint|p2a: Chansey\n|\n|upkeep\n|\n|t:|1700148041\n|switch|p2a: Tapu Lele|Tapu Lele|11\/100\n|-damage|p2a: Tapu Lele|0 fnt|[from] Spikes\n|faint|p2a: Tapu Lele\n|\n|t:|1700148050\n|switch|p2a: Cinderace|Cinderace, M|8\/100\n|turn|19\n|\n|t:|1700148072\n|move|p2a: Cinderace|Pyro Ball|p1a: Typhlosion|[miss]\n|-miss|p2a: Cinderace|p1a: Typhlosion\n|move|p1a: Typhlosion|Eruption|p2a: Cinderace\n|-resisted|p2a: Cinderace\n|-damage|p2a: Cinderace|0 fnt\n|faint|p2a: Cinderace\n|\n|upkeep\n|\n|t:|1700148079\n|switch|p2a: Hawlucha|Hawlucha, F, shiny|100\/100\n|turn|20\n|inactive|dadi02 has 120 seconds left.\n|\n|t:|1700148104\n|move|p2a: Hawlucha|Acrobatics|p1a: Typhlosion\n|-damage|p1a: Typhlosion|51\/100 par\n|move|p1a: Typhlosion|Eruption|p2a: Hawlucha\n|-damage|p2a: Hawlucha|37\/100\n|\n|upkeep\n|turn|21\n|\n|t:|1700148110\n|move|p2a: Hawlucha|Acrobatics|p1a: Typhlosion\n|-damage|p1a: Typhlosion|12\/100 par\n|cant|p1a: Typhlosion|par\n|\n|upkeep\n|turn|22\n|\n|t:|1700148115\n|move|p2a: Hawlucha|Acrobatics|p1a: Typhlosion\n|-damage|p1a: Typhlosion|0 fnt\n|faint|p1a: Typhlosion\n|\n|upkeep\n|\n|t:|1700148119\n|switch|p1a: Noivern|Noivern, M|100\/100\n|-item|p2a: Hawlucha|Psychic Seed|[from] ability: Frisk|[of] p1a: Noivern|[identify]\n|turn|23\n|\n|t:|1700148136\n|move|p1a: Noivern|Boomburst|p2a: Hawlucha\n|-damage|p2a: Hawlucha|0 fnt\n|faint|p2a: Hawlucha\n|\n|win|MDIII\n|raw|MDIII's rating: 1354 &rarr; <strong>1375<\/strong><br \/>(+21 for winning)\n|raw|dadi02's rating: 1379 &rarr; <strong>1358<\/strong><br \/>(-21 for losing)\n|l|\u2606MDIII\n","uploadtime":1700148143,"views":5,"p1id":"mdiii","p2id":"dadi02","formatid":"gen9nationaldex","rating":1358,"private":0,"password":""}