{"id":"gen9nationaldex-1990140060","p1":"akyraaiko","p2":"Ekkogandr","format":"[Gen 9] National Dex","log":"|j|\u2606akyraaiko\n|j|\u2606Ekkogandr\n|t:|1699928904\n|gametype|singles\n|player|p1|akyraaiko|170|\n|player|p2|Ekkogandr|turo-ai|\n|teamsize|p1|6\n|teamsize|p2|6\n|gen|9\n|tier|[Gen 9] National Dex\n|rule|HP Percentage Mod: HP is shown in percentages\n|rule|Endless Battle Clause: Forcing endless battles is banned\n|rule|OHKO Clause: OHKO moves are banned\n|rule|Evasion Clause: Evasion abilities, items, and moves are banned\n|rule|Evasion Abilities Clause: Evasion abilities are banned\n|rule|Evasion Items Clause: Evasion items are banned\n|rule|Evasion Moves Clause: Evasion moves are banned\n|rule|Species Clause: Limit one of each Pok\u00e9mon\n|rule|Sleep Clause Mod: Limit one foe put to sleep\n|clearpoke\n|poke|p1|Iron Moth|\n|poke|p1|Kleavor, M|\n|poke|p1|Zoroark-Hisui, M|\n|poke|p1|Garchomp, M|\n|poke|p1|Lycanroc-Dusk, M|\n|poke|p1|Urshifu-*, M|\n|poke|p2|Kyurem|\n|poke|p2|Lopunny, M|\n|poke|p2|Iron Moth|\n|poke|p2|Landorus-Therian, M|\n|poke|p2|Heatran, M|\n|poke|p2|Rotom-Wash|\n|teampreview\n|\n|t:|1699928957\n|start\n|switch|p1a: el lobo|Lycanroc-Dusk, M, shiny|100\/100\n|switch|p2a: Landorus|Landorus-Therian, M|100\/100\n|-ability|p2a: Landorus|Intimidate|boost\n|-unboost|p1a: el lobo|atk|1\n|turn|1\n|\n|t:|1699928968\n|move|p1a: el lobo|Close Combat|p2a: Landorus\n|-resisted|p2a: Landorus\n|-damage|p2a: Landorus|85\/100\n|-unboost|p1a: el lobo|def|1\n|-unboost|p1a: el lobo|spd|1\n|-damage|p1a: el lobo|84\/100|[from] item: Rocky Helmet|[of] p2a: Landorus\n|-damage|p1a: el lobo|74\/100|[from] item: Life Orb\n|move|p2a: Landorus|Earthquake|p1a: el lobo\n|-supereffective|p1a: el lobo\n|-damage|p1a: el lobo|0 fnt\n|faint|p1a: el lobo\n|\n|upkeep\n|\n|t:|1699928976\n|switch|p1a: sol|Iron Moth|100\/100\n|turn|2\n|\n|t:|1699929008\n|move|p1a: sol|Bitter Malice|p2a: Landorus\n|-damage|p2a: Landorus|30\/100\n|-unboost|p2a: Landorus|atk|1\n|move|p2a: Landorus|Stealth Rock|p1a: sol\n|-sidestart|p1: akyraaiko|move: Stealth Rock\n|\n|upkeep\n|turn|3\n|\n|t:|1699929017\n|switch|p2a: Rotom|Rotom-Wash|100\/100\n|move|p1a: sol|Bitter Malice|p2a: Rotom\n|-damage|p2a: Rotom|51\/100\n|-unboost|p2a: Rotom|atk|1\n|\n|-heal|p2a: Rotom|57\/100|[from] item: Leftovers\n|upkeep\n|turn|4\n|\n|t:|1699929025\n|move|p1a: sol|Nasty Plot|p1a: sol\n|-boost|p1a: sol|spa|2\n|move|p2a: Rotom|Volt Switch|p1a: sol\n|-damage|p1a: sol|52\/100\n|replace|p1a: who?|Zoroark-Hisui, M\n|-end|p1a: who?|Illusion\n|\n|t:|1699929028\n|switch|p2a: Lopunny|Lopunny, M|100\/100|[from] Volt Switch\n|\n|upkeep\n|turn|5\n|\n|t:|1699929053\n|detailschange|p2a: Lopunny|Lopunny-Mega, M\n|-mega|p2a: Lopunny|Lopunny|Lopunnite\n|move|p2a: Lopunny|Close Combat|p1a: who?\n|-supereffective|p1a: who?\n|-damage|p1a: who?|0 fnt\n|-unboost|p2a: Lopunny|def|1\n|-unboost|p2a: Lopunny|spd|1\n|faint|p1a: who?\n|\n|upkeep\n|\n|t:|1699929067\n|switch|p1a: Garchomp|Garchomp, M|100\/100\n|-damage|p1a: Garchomp|94\/100|[from] Stealth Rock\n|turn|6\n|\n|t:|1699929097\n|detailschange|p1a: Garchomp|Garchomp-Mega, M\n|-mega|p1a: Garchomp|Garchomp|Garchompite\n|move|p2a: Lopunny|U-turn|p1a: Garchomp\n|-damage|p1a: Garchomp|71\/100\n|\n|t:|1699929103\n|switch|p2a: Landorus|Landorus-Therian, M|30\/100|[from] U-turn\n|-ability|p2a: Landorus|Intimidate|boost\n|-unboost|p1a: Garchomp|atk|1\n|move|p1a: Garchomp|Scale Shot|p2a: Landorus\n|-damage|p2a: Landorus|22\/100\n|-damage|p2a: Landorus|14\/100\n|-damage|p2a: Landorus|5\/100\n|-damage|p2a: Landorus|0 fnt\n|faint|p2a: Landorus\n|-hitcount|p2: Landorus|4\n|-unboost|p1a: Garchomp|def|1\n|-boost|p1a: Garchomp|spe|1\n|\n|upkeep\n|\n|t:|1699929142\n|switch|p2a: Lopunny|Lopunny-Mega, M|100\/100\n|turn|7\n|\n|t:|1699929152\n|move|p2a: Lopunny|Fake Out|p1a: Garchomp\n|-damage|p1a: Garchomp|44\/100\n|cant|p1a: Garchomp|flinch\n|\n|upkeep\n|turn|8\n|\n|t:|1699929158\n|switch|p2a: Rotom|Rotom-Wash|57\/100\n|move|p1a: Garchomp|Scale Shot|p2a: Rotom\n|-crit|p2a: Rotom\n|-damage|p2a: Rotom|34\/100\n|-damage|p2a: Rotom|25\/100\n|-damage|p2a: Rotom|16\/100\n|-damage|p2a: Rotom|7\/100\n|-hitcount|p2a: Rotom|4\n|-unboost|p1a: Garchomp|def|1\n|-boost|p1a: Garchomp|spe|1\n|\n|-heal|p2a: Rotom|13\/100|[from] item: Leftovers\n|upkeep\n|turn|9\n|\n|t:|1699929180\n|move|p1a: Garchomp|Swords Dance|p1a: Garchomp\n|-boost|p1a: Garchomp|atk|2\n|move|p2a: Rotom|Will-O-Wisp|p1a: Garchomp\n|-status|p1a: Garchomp|brn\n|\n|-heal|p2a: Rotom|20\/100|[from] item: Leftovers\n|-damage|p1a: Garchomp|38\/100 brn|[from] brn\n|upkeep\n|turn|10\n|\n|t:|1699929186\n|move|p1a: Garchomp|Scale Shot|p2a: Rotom\n|-damage|p2a: Rotom|10\/100\n|-crit|p2a: Rotom\n|-damage|p2a: Rotom|0 fnt\n|faint|p2a: Rotom\n|-hitcount|p2: Rotom|2\n|-unboost|p1a: Garchomp|def|1\n|-boost|p1a: Garchomp|spe|1\n|\n|-damage|p1a: Garchomp|32\/100 brn|[from] brn\n|upkeep\n|\n|t:|1699929189\n|switch|p2a: Lopunny|Lopunny-Mega, M|100\/100\n|turn|11\n|\n|t:|1699929196\n|switch|p1a: machada|Kleavor, M, shiny|100\/100\n|-damage|p1a: machada|76\/100|[from] Stealth Rock\n|move|p2a: Lopunny|Fake Out|p1a: machada\n|-resisted|p1a: machada\n|-damage|p1a: machada|61\/100\n|\n|upkeep\n|turn|12\n|\n|t:|1699929202\n|move|p2a: Lopunny|Close Combat|p1a: machada\n|-damage|p1a: machada|0 fnt\n|-unboost|p2a: Lopunny|def|1\n|-unboost|p2a: Lopunny|spd|1\n|faint|p1a: machada\n|\n|upkeep\n|\n|t:|1699929205\n|switch|p1a: sol|Iron Moth|100\/100\n|-damage|p1a: sol|76\/100|[from] Stealth Rock\n|turn|13\n|\n|t:|1699929209\n|move|p2a: Lopunny|Frustration|p1a: sol\n|-damage|p1a: sol|0 fnt\n|faint|p1a: sol\n|-end|p1a: sol|Quark Drive|[silent]\n|\n|upkeep\n|\n|t:|1699929213\n|switch|p1a: roger guedes|Urshifu-Rapid-Strike, M|100\/100\n|-damage|p1a: roger guedes|94\/100|[from] Stealth Rock\n|turn|14\n|\n|t:|1699929227\n|move|p2a: Lopunny|U-turn|p1a: roger guedes\n|-resisted|p1a: roger guedes\n|-damage|p1a: roger guedes|81\/100\n|\n|t:|1699929230\n|switch|p2a: Heatran|Heatran, M|100\/100|[from] U-turn\n|move|p1a: roger guedes|Surging Strikes|p2a: Heatran\n|-supereffective|p2a: Heatran\n|-crit|p2a: Heatran\n|-damage|p2a: Heatran|47\/100\n|-supereffective|p2a: Heatran\n|-crit|p2a: Heatran\n|-damage|p2a: Heatran|0 fnt\n|faint|p2a: Heatran\n|-hitcount|p2: Heatran|2\n|\n|upkeep\n|\n|t:|1699929233\n|switch|p2a: Iron Moth|Iron Moth|100\/100\n|turn|15\n|\n|t:|1699929236\n|move|p2a: Iron Moth|Dazzling Gleam|p1a: roger guedes\n|-supereffective|p1a: roger guedes\n|-damage|p1a: roger guedes|0 fnt\n|faint|p1a: roger guedes\n|\n|upkeep\n|\n|t:|1699929239\n|switch|p1a: Garchomp|Garchomp-Mega, M|32\/100 brn\n|-damage|p1a: Garchomp|26\/100 brn|[from] Stealth Rock\n|turn|16\n|\n|t:|1699929244\n|move|p2a: Iron Moth|Dazzling Gleam|p1a: Garchomp\n|-supereffective|p1a: Garchomp\n|-damage|p1a: Garchomp|0 fnt\n|faint|p1a: Garchomp\n|\n|win|Ekkogandr\n|l|\u2606akyraaiko\n","uploadtime":1699929248,"views":5,"p1id":"akyraaiko","p2id":"ekkogandr","formatid":"gen9nationaldex","rating":0,"private":0,"password":""}