{"id":"gen9nationaldex-1998243122","p1":"Rafander","p2":"eltrenblun","format":"[Gen 9] National Dex","log":"|html|<div class=\"broadcast-blue\"><strong>[Gen 9] National Dex is currently suspecting Sneasler! For information on how to participate check out the <a href=\"https:\/\/www.smogon.com\/forums\/threads\/sv-national-dex-suspect-8-just-dance.3731534\/\">suspect thread<\/a>.<\/strong><\/div>\n|j|\u2606Rafander\n|j|\u2606eltrenblun\n|t:|1700918748\n|gametype|singles\n|player|p1|Rafander|roxanne|\n|player|p2|eltrenblun|shadowtriad|\n|teamsize|p1|6\n|teamsize|p2|6\n|gen|9\n|tier|[Gen 9] National Dex\n|rule|HP Percentage Mod: HP is shown in percentages\n|rule|Endless Battle Clause: Forcing endless battles is banned\n|rule|OHKO Clause: OHKO moves are banned\n|rule|Evasion Clause: Evasion abilities, items, and moves are banned\n|rule|Evasion Abilities Clause: Evasion abilities are banned\n|rule|Evasion Items Clause: Evasion items are banned\n|rule|Evasion Moves Clause: Evasion moves are banned\n|rule|Species Clause: Limit one of each Pok\u00e9mon\n|rule|Sleep Clause Mod: Limit one foe put to sleep\n|clearpoke\n|poke|p1|Aerodactyl, M|\n|poke|p1|Samurott-Hisui, F|\n|poke|p1|Sneasler, F|\n|poke|p1|Great Tusk|\n|poke|p1|Zoroark-Hisui, M|\n|poke|p1|Dracozolt|\n|poke|p2|Weavile, M|\n|poke|p2|Iron Valiant|\n|poke|p2|Iron Moth|\n|poke|p2|Iron Hands|\n|poke|p2|Guzzlord|\n|poke|p2|Scizor, M|\n|teampreview\n|l|\u2606Rafander\n|player|p1|\n|j|\u2606Rafander\n|player|p1|Rafander|roxanne\n|\n|t:|1700918849\n|start\n|switch|p1a: Himmel|Samurott-Hisui, F|100\/100\n|switch|p2a: Gulor|Guzzlord|100\/100\n|turn|1\n|\n|t:|1700918864\n|move|p1a: Himmel|Sacred Sword|p2a: Gulor\n|-supereffective|p2a: Gulor\n|-damage|p2a: Gulor|13\/100\n|move|p2a: Gulor|Iron Defense|p2a: Gulor\n|-boost|p2a: Gulor|def|2\n|\n|-heal|p2a: Gulor|19\/100|[from] item: Leftovers\n|upkeep\n|turn|2\n|\n|t:|1700918873\n|move|p1a: Himmel|Sacred Sword|p2a: Gulor\n|-supereffective|p2a: Gulor\n|-damage|p2a: Gulor|0 fnt\n|faint|p2a: Gulor\n|\n|upkeep\n|\n|t:|1700918882\n|switch|p2a: Mirai Trunks|Iron Valiant, shiny|100\/100\n|turn|3\n|\n|t:|1700918898\n|switch|p1a: Aeros|Aerodactyl, M|100\/100\n|move|p2a: Mirai Trunks|Moonblast|p1a: Aeros\n|-crit|p1a: Aeros\n|-damage|p1a: Aeros|0 fnt\n|replace|p1a: Tatakae|Zoroark-Hisui, M\n|-end|p1a: Tatakae|Illusion\n|faint|p1a: Tatakae\n|\n|upkeep\n|\n|t:|1700918911\n|switch|p1a: Shasha|Sneasler, F|100\/100\n|turn|4\n|\n|t:|1700918920\n|move|p2a: Mirai Trunks|Psyshock|p1a: Shasha\n|-supereffective|p1a: Shasha\n|-enditem|p1a: Shasha|Focus Sash\n|-damage|p1a: Shasha|1\/100\n|move|p1a: Shasha|Dire Claw|p2a: Mirai Trunks\n|-supereffective|p2a: Mirai Trunks\n|-damage|p2a: Mirai Trunks|0 fnt\n|faint|p2a: Mirai Trunks\n|-end|p2a: Mirai Trunks|Quark Drive|[silent]\n|\n|upkeep\n|\n|t:|1700918930\n|switch|p2a: Red|Scizor, M|100\/100\n|turn|5\n|\n|t:|1700918937\n|detailschange|p2a: Red|Scizor-Mega, M\n|-mega|p2a: Red|Scizor|Scizorite\n|move|p1a: Shasha|Close Combat|p2a: Red\n|-damage|p2a: Red|59\/100\n|-unboost|p1a: Shasha|def|1\n|-unboost|p1a: Shasha|spd|1\n|move|p2a: Red|Swords Dance|p2a: Red\n|-boost|p2a: Red|atk|2\n|\n|upkeep\n|turn|6\n|\n|t:|1700918949\n|move|p2a: Red|Bullet Punch|p1a: Shasha\n|-damage|p1a: Shasha|0 fnt\n|faint|p1a: Shasha\n|\n|upkeep\n|\n|t:|1700918972\n|switch|p1a: Colmiagudo|Great Tusk|100\/100\n|turn|7\n|\n|t:|1700919034\n|move|p1a: Colmiagudo|Headlong Rush|p2a: Red\n|-damage|p2a: Red|18\/100\n|-unboost|p1a: Colmiagudo|def|1\n|-unboost|p1a: Colmiagudo|spd|1\n|move|p2a: Red|Roost|p2a: Red\n|-heal|p2a: Red|68\/100\n|-singleturn|p2a: Red|move: Roost\n|\n|upkeep\n|turn|8\n|\n|t:|1700919047\n|-terastallize|p1a: Colmiagudo|Ground\n|move|p1a: Colmiagudo|Headlong Rush|p2a: Red\n|-damage|p2a: Red|14\/100\n|-unboost|p1a: Colmiagudo|def|1\n|-unboost|p1a: Colmiagudo|spd|1\n|move|p2a: Red|Roost|p2a: Red\n|-heal|p2a: Red|64\/100\n|-singleturn|p2a: Red|move: Roost\n|\n|upkeep\n|turn|9\n|\n|t:|1700919063\n|-end|p1a: Colmiagudo|Protosynthesis|[silent]\n|switch|p1a: Colo|Dracozolt|100\/100\n|move|p2a: Red|Bullet Punch|p1a: Colo\n|-resisted|p1a: Colo\n|-damage|p1a: Colo|67\/100\n|\n|upkeep\n|turn|10\n|\n|t:|1700919077\n|switch|p2a: Ibai|Iron Hands, shiny|100\/100\n|move|p1a: Colo|Bolt Beak|p2a: Ibai\n|-resisted|p2a: Ibai\n|-damage|p2a: Ibai|76\/100\n|\n|-heal|p2a: Ibai|82\/100|[from] item: Leftovers\n|upkeep\n|turn|11\n|\n|t:|1700919089\n|switch|p1a: Colmiagudo|Great Tusk, tera:Ground|100\/100\n|move|p2a: Ibai|Swords Dance|p2a: Ibai\n|-boost|p2a: Ibai|atk|2\n|\n|-heal|p2a: Ibai|89\/100|[from] item: Leftovers\n|upkeep\n|turn|12\n|\n|t:|1700919099\n|-terastallize|p2a: Ibai|Water\n|move|p1a: Colmiagudo|Headlong Rush|p2a: Ibai\n|-damage|p2a: Ibai|37\/100\n|-unboost|p1a: Colmiagudo|def|1\n|-unboost|p1a: Colmiagudo|spd|1\n|move|p2a: Ibai|Ice Punch|p1a: Colmiagudo\n|-supereffective|p1a: Colmiagudo\n|-damage|p1a: Colmiagudo|0 fnt\n|-damage|p2a: Ibai|21\/100|[from] item: Rocky Helmet|[of] p1a: Colmiagudo\n|faint|p1a: Colmiagudo\n|-end|p1a: Colmiagudo|Protosynthesis|[silent]\n|\n|-heal|p2a: Ibai|27\/100|[from] item: Leftovers\n|upkeep\n|\n|t:|1700919114\n|switch|p1a: Colo|Dracozolt|67\/100\n|turn|13\n|\n|t:|1700919118\n|move|p1a: Colo|Bolt Beak|p2a: Ibai\n|-supereffective|p2a: Ibai\n|-damage|p2a: Ibai|0 fnt\n|faint|p2a: Ibai\n|-end|p2a: Ibai|Quark Drive|[silent]\n|\n|upkeep\n|\n|t:|1700919124\n|switch|p2a: Weavilegod|Weavile, M|100\/100\n|-ability|p2a: Weavilegod|Pressure\n|turn|14\n|\n|t:|1700919128\n|move|p2a: Weavilegod|Ice Shard|p1a: Colo\n|-supereffective|p1a: Colo\n|-damage|p1a: Colo|1\/100\n|move|p1a: Colo|Bolt Beak|p2a: Weavilegod\n|-damage|p2a: Weavilegod|38\/100\n|\n|upkeep\n|turn|15\n|\n|t:|1700919135\n|move|p2a: Weavilegod|Ice Shard|p1a: Colo\n|-supereffective|p1a: Colo\n|-damage|p1a: Colo|0 fnt\n|faint|p1a: Colo\n|\n|upkeep\n|\n|t:|1700919141\n|switch|p1a: Aeros|Aerodactyl, M|100\/100\n|turn|16\n|\n|t:|1700919148\n|detailschange|p1a: Aeros|Aerodactyl-Mega, M\n|-mega|p1a: Aeros|Aerodactyl|Aerodactylite\n|move|p2a: Weavilegod|Ice Shard|p1a: Aeros\n|-supereffective|p1a: Aeros\n|-damage|p1a: Aeros|19\/100\n|move|p1a: Aeros|Hone Claws|p1a: Aeros\n|-boost|p1a: Aeros|atk|1\n|-boost|p1a: Aeros|accuracy|1\n|\n|upkeep\n|turn|17\n|\n|t:|1700919157\n|move|p2a: Weavilegod|Ice Shard|p1a: Aeros\n|-supereffective|p1a: Aeros\n|-damage|p1a: Aeros|0 fnt\n|faint|p1a: Aeros\n|\n|upkeep\n|\n|t:|1700919162\n|switch|p1a: Himmel|Samurott-Hisui, F|100\/100\n|turn|18\n|\n|t:|1700919179\n|move|p2a: Weavilegod|Ice Shard|p1a: Himmel\n|-resisted|p1a: Himmel\n|-damage|p1a: Himmel|81\/100\n|move|p1a: Himmel|Aqua Cutter|p2a: Weavilegod\n|-damage|p2a: Weavilegod|0 fnt\n|faint|p2a: Weavilegod\n|\n|upkeep\n|\n|t:|1700919186\n|switch|p2a: Mirai Volcabrona|Iron Moth, shiny|100\/100\n|turn|19\n|\n|t:|1700919192\n|move|p2a: Mirai Volcabrona|Energy Ball|p1a: Himmel\n|-supereffective|p1a: Himmel\n|-damage|p1a: Himmel|0 fnt\n|faint|p1a: Himmel\n|\n|win|eltrenblun\n|c|\u2606eltrenblun|gg\n","uploadtime":1700919202,"views":1,"p1id":"rafander","p2id":"eltrenblun","formatid":"gen9nationaldex","rating":0,"private":0,"password":""}