{"id":"gen9nationaldex-1987510720","p1":"psycotia","p2":"THATSVERYDARKMAN","format":"[Gen 9] National Dex","log":"|j|\u2606psycotia\n|j|\u2606THATSVERYDARKMAN\n|inactive|Battle timer is ON: inactive players will automatically lose when time's up.\n|t:|1699604108\n|gametype|singles\n|player|p1|psycotia|kimonogirl|\n|player|p2|THATSVERYDARKMAN|kieran|\n|teamsize|p1|6\n|teamsize|p2|6\n|gen|9\n|tier|[Gen 9] National Dex\n|rated|Tournament battle\n|rule|HP Percentage Mod: HP is shown in percentages\n|rule|Endless Battle Clause: Forcing endless battles is banned\n|rule|OHKO Clause: OHKO moves are banned\n|rule|Evasion Clause: Evasion abilities, items, and moves are banned\n|rule|Evasion Abilities Clause: Evasion abilities are banned\n|rule|Evasion Items Clause: Evasion items are banned\n|rule|Evasion Moves Clause: Evasion moves are banned\n|rule|Species Clause: Limit one of each Pok\u00e9mon\n|rule|Sleep Clause Mod: Limit one foe put to sleep\n|clearpoke\n|poke|p1|Torkoal, F|\n|poke|p1|Chandelure, F|\n|poke|p1|Exeggutor-Alola, M|\n|poke|p1|Marowak-Alola, F|\n|poke|p1|Stakataka|\n|poke|p1|Hatterene, F|\n|poke|p2|Feraligatr, M|\n|poke|p2|Grimmsnarl, M|\n|poke|p2|Banette, M|\n|poke|p2|Corviknight, M|\n|poke|p2|Volcarona, F|\n|poke|p2|Kommo-o, M|\n|teampreview\n|j| Forever1507\n|c|\u2606psycotia|glhf\n|c|\u2606THATSVERYDARKMAN|u2\n|\n|t:|1699604125\n|start\n|switch|p1a: Torkoal|Torkoal, F|100\/100\n|switch|p2a: creepy boi|Banette, M, shiny|100\/100\n|-weather|SunnyDay|[from] ability: Drought|[of] p1a: Torkoal\n|turn|1\n|j| ShakeSkeleman\n|\n|t:|1699604135\n|detailschange|p2a: creepy boi|Banette-Mega, M, shiny\n|-mega|p2a: creepy boi|Banette|Banettite\n|move|p2a: creepy boi|Destiny Bond|p2a: creepy boi\n|-singlemove|p2a: creepy boi|Destiny Bond\n|move|p1a: Torkoal|Stealth Rock|p2a: creepy boi\n|-sidestart|p2: THATSVERYDARKMAN|move: Stealth Rock\n|\n|-weather|SunnyDay|[upkeep]\n|upkeep\n|turn|2\n|\n|t:|1699604143\n|move|p2a: creepy boi|Poltergeist|p1a: Torkoal\n|-activate|p1a: Torkoal|move: Poltergeist|Heat Rock\n|-damage|p1a: Torkoal|40\/100\n|move|p1a: Torkoal|Overheat|p2a: creepy boi\n|-damage|p2a: creepy boi|0 fnt\n|-unboost|p1a: Torkoal|spa|2\n|faint|p2a: creepy boi\n|\n|-weather|SunnyDay|[upkeep]\n|upkeep\n|l| ShakeSkeleman\n|j| ShakeSkeleman\n|\n|t:|1699604161\n|switch|p2a: prob a reference|Volcarona, F, shiny|100\/100\n|turn|3\n|\n|t:|1699604165\n|switch|p1a: Chandelure|Chandelure, F|100\/100\n|-item|p1a: Chandelure|Air Balloon\n|move|p2a: prob a reference|Quiver Dance|p2a: prob a reference\n|-boost|p2a: prob a reference|spa|1\n|-boost|p2a: prob a reference|spd|1\n|-boost|p2a: prob a reference|spe|1\n|\n|-weather|SunnyDay|[upkeep]\n|upkeep\n|turn|4\n|\n|t:|1699604177\n|move|p2a: prob a reference|Quiver Dance|p2a: prob a reference\n|-boost|p2a: prob a reference|spa|1\n|-boost|p2a: prob a reference|spd|1\n|-boost|p2a: prob a reference|spe|1\n|move|p1a: Chandelure|Trick Room|p1a: Chandelure\n|-fieldstart|move: Trick Room|[of] p1a: Chandelure\n|\n|-weather|SunnyDay|[upkeep]\n|upkeep\n|turn|5\n|\n|t:|1699604185\n|move|p1a: Chandelure|Shadow Ball|p2a: prob a reference\n|-damage|p2a: prob a reference|75\/100\n|move|p2a: prob a reference|Giga Drain|p1a: Chandelure\n|-resisted|p1a: Chandelure\n|-damage|p1a: Chandelure|73\/100\n|-heal|p2a: prob a reference|90\/100|[from] drain|[of] p1a: Chandelure\n|-enditem|p1a: Chandelure|Air Balloon\n|\n|-weather|SunnyDay|[upkeep]\n|upkeep\n|turn|6\n|\n|t:|1699604198\n|-terastallize|p2a: prob a reference|Ground\n|move|p1a: Chandelure|Memento|p2a: prob a reference\n|-unboost|p2a: prob a reference|atk|2\n|-unboost|p2a: prob a reference|spa|2\n|faint|p1a: Chandelure\n|move|p2a: prob a reference|Tera Blast|p1: Chandelure|[notarget]\n|-fail|p2a: prob a reference\n|\n|-weather|SunnyDay|[upkeep]\n|upkeep\n|\n|t:|1699604207\n|switch|p1a: Stakataka|Stakataka|100\/100\n|turn|7\n|\n|t:|1699604212\n|-terastallize|p1a: Stakataka|Fire\n|move|p1a: Stakataka|Heat Crash|p2a: prob a reference\n|-crit|p2a: prob a reference\n|-damage|p2a: prob a reference|0 fnt\n|faint|p2a: prob a reference\n|-ability|p1a: Stakataka|Beast Boost|boost\n|-boost|p1a: Stakataka|def|1\n|\n|-weather|SunnyDay|[upkeep]\n|upkeep\n|\n|t:|1699604219\n|switch|p2a: Ur mom|Grimmsnarl, M|100\/100\n|-damage|p2a: Ur mom|88\/100|[from] Stealth Rock\n|turn|8\n|\n|t:|1699604223\n|move|p2a: Ur mom|Reflect|p2a: Ur mom\n|-sidestart|p2: THATSVERYDARKMAN|Reflect\n|move|p1a: Stakataka|Heat Crash|p2a: Ur mom\n|-damage|p2a: Ur mom|37\/100\n|\n|-weather|none\n|-fieldend|move: Trick Room\n|upkeep\n|turn|9\n|\n|t:|1699604228\n|move|p2a: Ur mom|Parting Shot|p1a: Stakataka\n|-unboost|p1a: Stakataka|atk|1\n|-unboost|p1a: Stakataka|spa|1\n|\n|t:|1699604236\n|switch|p2a: Florida Man|Feraligatr, M, shiny|100\/100|[from] Parting Shot\n|-damage|p2a: Florida Man|88\/100|[from] Stealth Rock\n|move|p1a: Stakataka|Trick Room|p1a: Stakataka\n|-fieldstart|move: Trick Room|[of] p1a: Stakataka\n|\n|upkeep\n|turn|10\n|\n|t:|1699604242\n|switch|p1a: Torkoal|Torkoal, F|40\/100\n|-weather|SunnyDay|[from] ability: Drought|[of] p1a: Torkoal\n|move|p2a: Florida Man|Dragon Dance|p2a: Florida Man\n|-boost|p2a: Florida Man|atk|1\n|-boost|p2a: Florida Man|spe|1\n|\n|-weather|SunnyDay|[upkeep]\n|upkeep\n|turn|11\n|\n|t:|1699604248\n|move|p1a: Torkoal|Solar Beam||[still]\n|-prepare|p1a: Torkoal|Solar Beam\n|-anim|p1a: Torkoal|Solar Beam|p2a: Florida Man\n|-supereffective|p2a: Florida Man\n|-crit|p2a: Florida Man\n|-damage|p2a: Florida Man|0 fnt\n|faint|p2a: Florida Man\n|\n|-weather|SunnyDay|[upkeep]\n|upkeep\n|-message|THATSVERYDARKMAN forfeited.\n|\n|win|psycotia\n|n|\u2606psycotia|psycotia\n|n|\u2606THATSVERYDARKMAN|thatsverydarkman\n|n| Forever1507|forever1507\n|n| ShakeSkeleman|shakeskeleman\n","uploadtime":1699604253,"views":4,"p1id":"psycotia","p2id":"thatsverydarkman","formatid":"gen9nationaldex","rating":0,"private":0,"password":""}