{"id":"gen9nationaldex-1988691705","p1":"GhostDragon937","p2":"lYLxuanxuan","format":"[Gen 9] National Dex","log":"|j|\u2606GhostDragon937\n|j|\u2606lYLxuanxuan\n|t:|1699751242\n|gametype|singles\n|player|p1|GhostDragon937|hilbert|1381\n|player|p2|lYLxuanxuan|dawn|1413\n|teamsize|p1|6\n|teamsize|p2|6\n|gen|9\n|tier|[Gen 9] National Dex\n|rated|\n|rule|HP Percentage Mod: HP is shown in percentages\n|rule|Endless Battle Clause: Forcing endless battles is banned\n|rule|OHKO Clause: OHKO moves are banned\n|rule|Evasion Clause: Evasion abilities, items, and moves are banned\n|rule|Evasion Abilities Clause: Evasion abilities are banned\n|rule|Evasion Items Clause: Evasion items are banned\n|rule|Evasion Moves Clause: Evasion moves are banned\n|rule|Species Clause: Limit one of each Pok\u00e9mon\n|rule|Sleep Clause Mod: Limit one foe put to sleep\n|clearpoke\n|poke|p1|Greninja-*, M|\n|poke|p1|Charizard, M|\n|poke|p1|Amoonguss, M|\n|poke|p1|Galvantula, M|\n|poke|p1|Garganacl, M|\n|poke|p1|Kommo-o, M|\n|poke|p2|Landorus-Therian, M|\n|poke|p2|Kartana|\n|poke|p2|Hawlucha, M|\n|poke|p2|Tapu Koko|\n|poke|p2|Gardevoir, F|\n|poke|p2|Jirachi|\n|teampreview\n|inactive|Battle timer is ON: inactive players will automatically lose when time's up. (requested by lYLxuanxuan)\n|inactive|GhostDragon937 also wants the timer to be on.\n|\n|t:|1699751257\n|start\n|switch|p1a: Galvantula|Galvantula, M|100\/100\n|switch|p2a: Kartana|Kartana, shiny|100\/100\n|turn|1\n|\n|t:|1699751264\n|move|p2a: Kartana|Knock Off|p1a: Galvantula\n|-damage|p1a: Galvantula|0 fnt\n|-enditem|p1a: Galvantula|Life Orb|[from] move: Knock Off|[of] p2a: Kartana\n|faint|p1a: Galvantula\n|-ability|p2a: Kartana|Beast Boost|boost\n|-boost|p2a: Kartana|atk|1\n|\n|upkeep\n|\n|t:|1699751272\n|switch|p1a: Charizard|Charizard, M|100\/100\n|turn|2\n|\n|t:|1699751288\n|detailschange|p1a: Charizard|Charizard-Mega-X, M\n|-mega|p1a: Charizard|Charizard|Charizardite X\n|move|p2a: Kartana|Knock Off|p1a: Charizard\n|-damage|p1a: Charizard|28\/100\n|move|p1a: Charizard|Flame Charge|p2a: Kartana\n|-supereffective|p2a: Kartana\n|-damage|p2a: Kartana|0 fnt\n|-boost|p1a: Charizard|spe|1\n|faint|p2a: Kartana\n|\n|upkeep\n|\n|t:|1699751292\n|switch|p2a: Landorus|Landorus-Therian, M, shiny|100\/100\n|-ability|p2a: Landorus|Intimidate|boost\n|-unboost|p1a: Charizard|atk|1\n|turn|3\n|\n|t:|1699751302\n|move|p1a: Charizard|Dragon Claw|p2a: Landorus\n|-damage|p2a: Landorus|52\/100\n|move|p2a: Landorus|Stealth Rock|p1a: Charizard\n|-sidestart|p1: GhostDragon937|move: Stealth Rock\n|\n|upkeep\n|turn|4\n|\n|t:|1699751307\n|move|p1a: Charizard|Dragon Claw|p2a: Landorus\n|-damage|p2a: Landorus|4\/100\n|move|p2a: Landorus|Earthquake|p1a: Charizard\n|-supereffective|p1a: Charizard\n|-damage|p1a: Charizard|0 fnt\n|faint|p1a: Charizard\n|\n|upkeep\n|\n|t:|1699751312\n|switch|p1a: Greninja|Greninja, M|100\/100\n|-damage|p1a: Greninja|88\/100|[from] Stealth Rock\n|turn|5\n|\n|t:|1699751317\n|switch|p2a: Tapu Koko|Tapu Koko, shiny|100\/100\n|-fieldstart|move: Electric Terrain|[from] ability: Electric Surge|[of] p2a: Tapu Koko\n|move|p1a: Greninja|Ice Punch|p2a: Tapu Koko\n|-damage|p2a: Tapu Koko|61\/100\n|-damage|p1a: Greninja|78\/100|[from] item: Life Orb\n|\n|upkeep\n|turn|6\n|\n|t:|1699751337\n|-terastallize|p1a: Greninja|Ice\n|move|p2a: Tapu Koko|Volt Switch|p1a: Greninja\n|-damage|p1a: Greninja|19\/100\n|\n|t:|1699751350\n|switch|p2a: Landorus|Landorus-Therian, M, shiny|4\/100|[from] Volt Switch\n|-ability|p2a: Landorus|Intimidate|boost\n|-unboost|p1a: Greninja|atk|1\n|move|p1a: Greninja|Ice Punch|p2a: Landorus\n|-supereffective|p2a: Landorus\n|-damage|p2a: Landorus|0 fnt\n|faint|p2a: Landorus\n|-ability|p1a: Greninja|Battle Bond|boost\n|-boost|p1a: Greninja|atk|1\n|-boost|p1a: Greninja|spa|1\n|-boost|p1a: Greninja|spe|1\n|-activate|p1a: Greninja|ability: Battle Bond\n|-damage|p1a: Greninja|9\/100|[from] item: Life Orb\n|\n|upkeep\n|\n|t:|1699751352\n|switch|p2a: Tapu Koko|Tapu Koko, shiny|61\/100\n|turn|7\n|\n|t:|1699751364\n|move|p2a: Tapu Koko|Volt Switch|p1a: Greninja\n|-damage|p1a: Greninja|0 fnt\n|faint|p1a: Greninja\n|\n|t:|1699751367\n|switch|p2a: Hawlucha|Hawlucha, M, shiny|100\/100|[from] Volt Switch\n|-enditem|p2a: Hawlucha|Electric Seed\n|-boost|p2a: Hawlucha|def|1|[from] item: Electric Seed\n|\n|upkeep\n|\n|t:|1699751372\n|switch|p1a: Garganacl|Garganacl, M|100\/100\n|-damage|p1a: Garganacl|88\/100|[from] Stealth Rock\n|turn|8\n|\n|t:|1699751384\n|-terastallize|p2a: Hawlucha|Fighting\n|move|p2a: Hawlucha|High Jump Kick|p1a: Garganacl\n|-supereffective|p1a: Garganacl\n|-damage|p1a: Garganacl|4\/100\n|move|p1a: Garganacl|Salt Cure|p2a: Hawlucha\n|-resisted|p2a: Hawlucha\n|-damage|p2a: Hawlucha|93\/100\n|-start|p2a: Hawlucha|Salt Cure\n|\n|-heal|p1a: Garganacl|10\/100|[from] item: Leftovers\n|-damage|p2a: Hawlucha|81\/100|[from] Salt Cure\n|upkeep\n|turn|9\n|\n|t:|1699751395\n|move|p2a: Hawlucha|Acrobatics|p1a: Garganacl\n|-resisted|p1a: Garganacl\n|-damage|p1a: Garganacl|0 fnt\n|faint|p1a: Garganacl\n|\n|-damage|p2a: Hawlucha|69\/100|[from] Salt Cure\n|-fieldend|move: Electric Terrain\n|upkeep\n|\n|t:|1699751398\n|switch|p1a: Kommo-o|Kommo-o, M|100\/100\n|-damage|p1a: Kommo-o|94\/100|[from] Stealth Rock\n|turn|10\n|\n|t:|1699751403\n|move|p2a: Hawlucha|Acrobatics|p1a: Kommo-o\n|-supereffective|p1a: Kommo-o\n|-damage|p1a: Kommo-o|0 fnt\n|faint|p1a: Kommo-o\n|\n|-damage|p2a: Hawlucha|56\/100|[from] Salt Cure\n|upkeep\n|\n|t:|1699751406\n|switch|p1a: Amoonguss|Amoonguss, M|100\/100\n|-damage|p1a: Amoonguss|88\/100|[from] Stealth Rock\n|turn|11\n|\n|t:|1699751412\n|move|p2a: Hawlucha|Acrobatics|p1a: Amoonguss\n|-supereffective|p1a: Amoonguss\n|-damage|p1a: Amoonguss|0 fnt\n|faint|p1a: Amoonguss\n|\n|win|lYLxuanxuan\n|raw|GhostDragon937's rating: 1381 &rarr; <strong>1363<\/strong><br \/>(-18 for losing)\n|raw|lYLxuanxuan's rating: 1413 &rarr; <strong>1431<\/strong><br \/>(+18 for winning)\n","uploadtime":1699751419,"views":4,"p1id":"ghostdragon937","p2id":"lylxuanxuan","formatid":"gen9nationaldex","rating":1363,"private":0,"password":""}