{"id":"gen9nationaldex-1994590000","p1":"GABRIEL_HU","p2":"mergency\u4e71\u821e","format":"[Gen 9] National Dex","log":"|html|<div class=\"broadcast-blue\"><strong>[Gen 9] National Dex is currently suspecting Sneasler! For information on how to participate check out the <a href=\"https:\/\/www.smogon.com\/forums\/threads\/sv-national-dex-suspect-8-just-dance.3731534\/\">suspect thread<\/a>.<\/strong><\/div>\n|j|\u2606GABRIEL_HU\n|j|\u2606mergency\u4e71\u821e\n|t:|1700465348\n|gametype|singles\n|player|p1|GABRIEL_HU|guitarist|1335\n|player|p2|mergency\u4e71\u821e|unknown|1423\n|teamsize|p1|6\n|teamsize|p2|6\n|gen|9\n|tier|[Gen 9] National Dex\n|rated|\n|rule|HP Percentage Mod: HP is shown in percentages\n|rule|Endless Battle Clause: Forcing endless battles is banned\n|rule|OHKO Clause: OHKO moves are banned\n|rule|Evasion Clause: Evasion abilities, items, and moves are banned\n|rule|Evasion Abilities Clause: Evasion abilities are banned\n|rule|Evasion Items Clause: Evasion items are banned\n|rule|Evasion Moves Clause: Evasion moves are banned\n|rule|Species Clause: Limit one of each Pok\u00e9mon\n|rule|Sleep Clause Mod: Limit one foe put to sleep\n|clearpoke\n|poke|p1|Garganacl, F|\n|poke|p1|Greninja-*, M|\n|poke|p1|Zapdos|\n|poke|p1|Great Tusk|\n|poke|p1|Heatran, F|\n|poke|p1|Scizor, M|\n|poke|p2|Moltres|\n|poke|p2|Toxapex, F|\n|poke|p2|Clodsire, F|\n|poke|p2|Ferrothorn, M|\n|poke|p2|Mew|\n|poke|p2|Chansey, F|\n|teampreview\n|inactive|Battle timer is ON: inactive players will automatically lose when time's up. (requested by GABRIEL_HU)\n|\n|t:|1700465376\n|start\n|switch|p1a: Scizor|Scizor, M|100\/100\n|switch|p2a: \u5c0f\u516c\u4e3b|Clodsire, F, shiny|100\/100\n|turn|1\n|\n|t:|1700465382\n|switch|p2a: \u5c0f\u751c\u751c|Moltres, shiny|100\/100\n|detailschange|p1a: Scizor|Scizor-Mega, M\n|-mega|p1a: Scizor|Scizor|Scizorite\n|move|p1a: Scizor|U-turn|p2a: \u5c0f\u751c\u751c\n|-resisted|p2a: \u5c0f\u751c\u751c\n|-damage|p2a: \u5c0f\u751c\u751c|93\/100\n|-status|p1a: Scizor|brn|[from] ability: Flame Body|[of] p2a: \u5c0f\u751c\u751c\n|\n|t:|1700465388\n|switch|p1a: Greninja|Greninja, M|100\/100|[from] U-turn\n|\n|upkeep\n|turn|2\n|\n|t:|1700465401\n|switch|p2a: \u5c0f\u516c\u4e3b|Clodsire, F, shiny|100\/100\n|move|p1a: Greninja|Water Shuriken|p2a: \u5c0f\u516c\u4e3b\n|-immune|p2a: \u5c0f\u516c\u4e3b|[from] ability: Water Absorb\n|\n|upkeep\n|turn|3\n|\n|t:|1700465407\n|move|p1a: Greninja|Ice Beam|p2a: \u5c0f\u516c\u4e3b\n|-supereffective|p2a: \u5c0f\u516c\u4e3b\n|-damage|p2a: \u5c0f\u516c\u4e3b|66\/100\n|-damage|p1a: Greninja|91\/100|[from] item: Life Orb\n|move|p2a: \u5c0f\u516c\u4e3b|Stealth Rock|p1a: Greninja\n|-sidestart|p1: GABRIEL_HU|move: Stealth Rock\n|\n|-heal|p2a: \u5c0f\u516c\u4e3b|72\/100|[from] item: Black Sludge\n|upkeep\n|turn|4\n|\n|t:|1700465414\n|switch|p1a: Zapdos|Zapdos|100\/100\n|move|p2a: \u5c0f\u516c\u4e3b|Recover|p2a: \u5c0f\u516c\u4e3b\n|-heal|p2a: \u5c0f\u516c\u4e3b|100\/100\n|\n|upkeep\n|turn|5\n|\n|t:|1700465419\n|move|p1a: Zapdos|U-turn|p2a: \u5c0f\u516c\u4e3b\n|-resisted|p2a: \u5c0f\u516c\u4e3b\n|-damage|p2a: \u5c0f\u516c\u4e3b|93\/100\n|\n|t:|1700465421\n|switch|p1a: Garganacl|Garganacl, F, shiny|100\/100|[from] U-turn\n|-damage|p1a: Garganacl|88\/100|[from] Stealth Rock\n|move|p2a: \u5c0f\u516c\u4e3b|Toxic|p1a: Garganacl\n|-immune|p1a: Garganacl|[from] ability: Purifying Salt\n|\n|-heal|p1a: Garganacl|94\/100|[from] item: Leftovers\n|-heal|p2a: \u5c0f\u516c\u4e3b|99\/100|[from] item: Black Sludge\n|upkeep\n|turn|6\n|\n|t:|1700465424\n|switch|p2a: \u5c0f\u5996\u7cbe|Mew, shiny|100\/100\n|move|p1a: Garganacl|Salt Cure|p2a: \u5c0f\u5996\u7cbe\n|-damage|p2a: \u5c0f\u5996\u7cbe|90\/100\n|\n|-heal|p1a: Garganacl|100\/100|[from] item: Leftovers\n|upkeep\n|turn|7\n|\n|t:|1700465428\n|move|p2a: \u5c0f\u5996\u7cbe|Cosmic Power|p2a: \u5c0f\u5996\u7cbe\n|-boost|p2a: \u5c0f\u5996\u7cbe|def|1\n|-boost|p2a: \u5c0f\u5996\u7cbe|spd|1\n|move|p1a: Garganacl|Iron Defense|p1a: Garganacl\n|-boost|p1a: Garganacl|def|2\n|\n|upkeep\n|turn|8\n|\n|t:|1700465435\n|switch|p1a: Zapdos|Zapdos|100\/100\n|move|p2a: \u5c0f\u5996\u7cbe|Cosmic Power|p2a: \u5c0f\u5996\u7cbe\n|-boost|p2a: \u5c0f\u5996\u7cbe|def|1\n|-boost|p2a: \u5c0f\u5996\u7cbe|spd|1\n|\n|upkeep\n|turn|9\n|\n|t:|1700465439\n|move|p1a: Zapdos|Defog|p2a: \u5c0f\u5996\u7cbe\n|-unboost|p2a: \u5c0f\u5996\u7cbe|evasion|1\n|-sideend|p1: GABRIEL_HU|Stealth Rock|[from] move: Defog|[of] p1a: Zapdos\n|move|p2a: \u5c0f\u5996\u7cbe|Stored Power|p1a: Zapdos\n|-crit|p1a: Zapdos\n|-damage|p1a: Zapdos|48\/100\n|\n|upkeep\n|turn|10\n|\n|t:|1700465444\n|move|p1a: Zapdos|U-turn|p2a: \u5c0f\u5996\u7cbe\n|-supereffective|p2a: \u5c0f\u5996\u7cbe\n|-damage|p2a: \u5c0f\u5996\u7cbe|81\/100\n|\n|t:|1700465448\n|switch|p1a: Heatran|Heatran, F|100\/100|[from] U-turn\n|move|p2a: \u5c0f\u5996\u7cbe|Cosmic Power|p2a: \u5c0f\u5996\u7cbe\n|-boost|p2a: \u5c0f\u5996\u7cbe|def|1\n|-boost|p2a: \u5c0f\u5996\u7cbe|spd|1\n|\n|upkeep\n|turn|11\n|\n|t:|1700465452\n|move|p2a: \u5c0f\u5996\u7cbe|Body Press|p1a: Heatran\n|-supereffective|p1a: Heatran\n|-damage|p1a: Heatran|1\/100\n|-damage|p2a: \u5c0f\u5996\u7cbe|65\/100|[from] item: Rocky Helmet|[of] p1a: Heatran\n|move|p1a: Heatran|Toxic|p2a: \u5c0f\u5996\u7cbe\n|-status|p2a: \u5c0f\u5996\u7cbe|tox\n|-activate|p2a: \u5c0f\u5996\u7cbe|ability: Synchronize\n|-immune|p1a: Heatran\n|\n|-damage|p2a: \u5c0f\u5996\u7cbe|58\/100 tox|[from] psn\n|upkeep\n|turn|12\n|\n|t:|1700465458\n|move|p1a: Heatran|Protect|p1a: Heatran\n|-singleturn|p1a: Heatran|Protect\n|move|p2a: \u5c0f\u5996\u7cbe|Body Press|p1a: Heatran\n|-activate|p1a: Heatran|move: Protect\n|\n|-damage|p2a: \u5c0f\u5996\u7cbe|46\/100 tox|[from] psn\n|upkeep\n|turn|13\n|\n|t:|1700465464\n|switch|p1a: Zapdos|Zapdos|48\/100\n|move|p2a: \u5c0f\u5996\u7cbe|Body Press|p1a: Zapdos\n|-resisted|p1a: Zapdos\n|-damage|p1a: Zapdos|27\/100\n|\n|-damage|p2a: \u5c0f\u5996\u7cbe|27\/100 tox|[from] psn\n|upkeep\n|turn|14\n|\n|t:|1700465472\n|move|p1a: Zapdos|Roost|p1a: Zapdos\n|-heal|p1a: Zapdos|77\/100\n|-singleturn|p1a: Zapdos|move: Roost\n|move|p2a: \u5c0f\u5996\u7cbe|Roost|p2a: \u5c0f\u5996\u7cbe\n|-heal|p2a: \u5c0f\u5996\u7cbe|77\/100 tox\n|-singleturn|p2a: \u5c0f\u5996\u7cbe|move: Roost\n|\n|-damage|p2a: \u5c0f\u5996\u7cbe|53\/100 tox|[from] psn\n|upkeep\n|turn|15\n|\n|t:|1700465483\n|switch|p2a: \u5c0f\u516c\u4e3b|Clodsire, F, shiny|99\/100\n|move|p1a: Zapdos|Roost|p1a: Zapdos\n|-heal|p1a: Zapdos|100\/100\n|-singleturn|p1a: Zapdos|move: Roost\n|\n|-heal|p2a: \u5c0f\u516c\u4e3b|100\/100|[from] item: Black Sludge\n|upkeep\n|turn|16\n|\n|t:|1700465494\n|move|p1a: Zapdos|U-turn|p2a: \u5c0f\u516c\u4e3b\n|-resisted|p2a: \u5c0f\u516c\u4e3b\n|-damage|p2a: \u5c0f\u516c\u4e3b|93\/100\n|\n|t:|1700465497\n|switch|p1a: Great Tusk|Great Tusk|100\/100|[from] U-turn\n|move|p2a: \u5c0f\u516c\u4e3b|Stealth Rock|p1a: Great Tusk\n|-sidestart|p1: GABRIEL_HU|move: Stealth Rock\n|\n|-heal|p2a: \u5c0f\u516c\u4e3b|99\/100|[from] item: Black Sludge\n|upkeep\n|turn|17\n|\n|t:|1700465501\n|switch|p2a: \u5c0f\u751c\u751c|Moltres, shiny|93\/100\n|move|p1a: Great Tusk|Rapid Spin|p2a: \u5c0f\u751c\u751c\n|-damage|p2a: \u5c0f\u751c\u751c|79\/100\n|-boost|p1a: Great Tusk|spe|1\n|-sideend|p1: GABRIEL_HU|Stealth Rock|[from] move: Rapid Spin|[of] p1a: Great Tusk\n|\n|upkeep\n|turn|18\n|\n|t:|1700465509\n|-zpower|p1a: Great Tusk\n|move|p1a: Great Tusk|Subzero Slammer|p2a: \u5c0f\u751c\u751c|[zeffect]\n|-damage|p2a: \u5c0f\u751c\u751c|33\/100\n|move|p2a: \u5c0f\u751c\u751c|U-turn|p1a: Great Tusk\n|-resisted|p1a: Great Tusk\n|-damage|p1a: Great Tusk|95\/100\n|\n|t:|1700465517\n|switch|p2a: \u5c0f\u53ef\u7231|Toxapex, F, shiny|100\/100|[from] U-turn\n|\n|upkeep\n|turn|19\n|\n|t:|1700465526\n|move|p2a: \u5c0f\u53ef\u7231|Baneful Bunker|p2a: \u5c0f\u53ef\u7231\n|-singleturn|p2a: \u5c0f\u53ef\u7231|move: Protect\n|move|p1a: Great Tusk|Ice Spinner|p2a: \u5c0f\u53ef\u7231\n|-activate|p2a: \u5c0f\u53ef\u7231|move: Protect\n|-status|p1a: Great Tusk|psn\n|\n|-damage|p1a: Great Tusk|83\/100 psn|[from] psn\n|upkeep\n|turn|20\n|\n|t:|1700465531\n|switch|p2a: \u5c0f\u751c\u751c|Moltres, shiny|33\/100\n|move|p1a: Great Tusk|Headlong Rush|p2a: \u5c0f\u751c\u751c\n|-immune|p2a: \u5c0f\u751c\u751c\n|\n|-damage|p1a: Great Tusk|70\/100 psn|[from] psn\n|upkeep\n|turn|21\n|\n|t:|1700465536\n|move|p1a: Great Tusk|Ice Spinner|p2a: \u5c0f\u751c\u751c\n|-damage|p2a: \u5c0f\u751c\u751c|11\/100\n|move|p2a: \u5c0f\u751c\u751c|Roost|p2a: \u5c0f\u751c\u751c\n|-heal|p2a: \u5c0f\u751c\u751c|61\/100\n|-singleturn|p2a: \u5c0f\u751c\u751c|move: Roost\n|\n|-damage|p1a: Great Tusk|58\/100 psn|[from] psn\n|upkeep\n|turn|22\n|\n|t:|1700465541\n|-end|p1a: Great Tusk|Protosynthesis|[silent]\n|switch|p1a: Greninja|Greninja, M|91\/100\n|move|p2a: \u5c0f\u751c\u751c|Roost|p2a: \u5c0f\u751c\u751c\n|-heal|p2a: \u5c0f\u751c\u751c|100\/100\n|-singleturn|p2a: \u5c0f\u751c\u751c|move: Roost\n|\n|upkeep\n|turn|23\n|\n|t:|1700465547\n|switch|p2a: \u5c0f\u516c\u4e3b|Clodsire, F, shiny|99\/100\n|move|p1a: Greninja|Ice Beam|p2a: \u5c0f\u516c\u4e3b\n|-supereffective|p2a: \u5c0f\u516c\u4e3b\n|-damage|p2a: \u5c0f\u516c\u4e3b|63\/100\n|-damage|p1a: Greninja|81\/100|[from] item: Life Orb\n|\n|-heal|p2a: \u5c0f\u516c\u4e3b|69\/100|[from] item: Black Sludge\n|upkeep\n|turn|24\n|\n|t:|1700465556\n|move|p1a: Greninja|Ice Beam|p2a: \u5c0f\u516c\u4e3b\n|-supereffective|p2a: \u5c0f\u516c\u4e3b\n|-damage|p2a: \u5c0f\u516c\u4e3b|31\/100\n|-damage|p1a: Greninja|71\/100|[from] item: Life Orb\n|move|p2a: \u5c0f\u516c\u4e3b|Stealth Rock|p1a: Greninja\n|-sidestart|p1: GABRIEL_HU|move: Stealth Rock\n|\n|-heal|p2a: \u5c0f\u516c\u4e3b|37\/100|[from] item: Black Sludge\n|upkeep\n|turn|25\n|\n|t:|1700465565\n|switch|p2a: \u5c0f\u5b9d\u8d1d|Chansey, F, shiny|100\/100\n|move|p1a: Greninja|Ice Beam|p2a: \u5c0f\u5b9d\u8d1d\n|-damage|p2a: \u5c0f\u5b9d\u8d1d|90\/100\n|-damage|p1a: Greninja|61\/100|[from] item: Life Orb\n|\n|upkeep\n|turn|26\n|\n|t:|1700465569\n|switch|p1a: Garganacl|Garganacl, F, shiny|100\/100\n|-damage|p1a: Garganacl|88\/100|[from] Stealth Rock\n|move|p2a: \u5c0f\u5b9d\u8d1d|Wish|p2a: \u5c0f\u5b9d\u8d1d\n|\n|-heal|p1a: Garganacl|94\/100|[from] item: Leftovers\n|upkeep\n|turn|27\n|\n|t:|1700465572\n|switch|p2a: \u5c0f\u516c\u4e3b|Clodsire, F, shiny|37\/100\n|move|p1a: Garganacl|Body Press|p2a: \u5c0f\u516c\u4e3b\n|-resisted|p2a: \u5c0f\u516c\u4e3b\n|-damage|p2a: \u5c0f\u516c\u4e3b|25\/100\n|\n|-heal|p2a: \u5c0f\u516c\u4e3b|100\/100|[from] move: Wish|[wisher] \u5c0f\u5b9d\u8d1d\n|-heal|p1a: Garganacl|100\/100|[from] item: Leftovers\n|upkeep\n|turn|28\n|\n|t:|1700465583\n|switch|p2a: \u5c0f\u8214\u72d7|Ferrothorn, M, shiny|100\/100\n|move|p1a: Garganacl|Salt Cure|p2a: \u5c0f\u8214\u72d7\n|-resisted|p2a: \u5c0f\u8214\u72d7\n|-damage|p2a: \u5c0f\u8214\u72d7|97\/100\n|-start|p2a: \u5c0f\u8214\u72d7|Salt Cure\n|\n|-heal|p2a: \u5c0f\u8214\u72d7|100\/100|[from] item: Leftovers\n|-damage|p2a: \u5c0f\u8214\u72d7|75\/100|[from] Salt Cure\n|upkeep\n|turn|29\n|\n|t:|1700465591\n|move|p1a: Garganacl|Iron Defense|p1a: Garganacl\n|-boost|p1a: Garganacl|def|2\n|move|p2a: \u5c0f\u8214\u72d7|Leech Seed|p1a: Garganacl|[miss]\n|-miss|p2a: \u5c0f\u8214\u72d7|p1a: Garganacl\n|\n|-heal|p2a: \u5c0f\u8214\u72d7|82\/100|[from] item: Leftovers\n|-damage|p2a: \u5c0f\u8214\u72d7|57\/100|[from] Salt Cure\n|upkeep\n|turn|30\n|\n|t:|1700465596\n|move|p1a: Garganacl|Body Press|p2a: \u5c0f\u8214\u72d7\n|-supereffective|p2a: \u5c0f\u8214\u72d7\n|-damage|p2a: \u5c0f\u8214\u72d7|0 fnt\n|-damage|p1a: Garganacl|88\/100|[from] ability: Iron Barbs|[of] p2a: \u5c0f\u8214\u72d7\n|faint|p2a: \u5c0f\u8214\u72d7\n|\n|-heal|p1a: Garganacl|94\/100|[from] item: Leftovers\n|upkeep\n|-message|mergency\u4e71\u821e forfeited.\n|\n|win|GABRIEL_HU\n|raw|GABRIEL_HU's rating: 1335 &rarr; <strong>1360<\/strong><br \/>(+25 for winning)\n|raw|mergency\u4e71\u821e's rating: 1423 &rarr; <strong>1398<\/strong><br \/>(-25 for losing)\n|l|\u2606mergency\u4e71\u821e\n","uploadtime":1700465607,"views":4,"p1id":"gabrielhu","p2id":"mergency","formatid":"gen9nationaldex","rating":1360,"private":0,"password":""}