{"id":"gen9nationaldex-1995530580","p1":"TRocket Admin","p2":"EvilStaryu","format":"[Gen 9] National Dex","log":"|html|<div class=\"broadcast-blue\"><strong>[Gen 9] National Dex is currently suspecting Sneasler! For information on how to participate check out the <a href=\"https:\/\/www.smogon.com\/forums\/threads\/sv-national-dex-suspect-8-just-dance.3731534\/\">suspect thread<\/a>.<\/strong><\/div>\n|j|\u2606TRocket Admin\n|j|\u203dEvilStaryu\n|t:|1700580292\n|gametype|singles\n|player|p1|TRocket Admin|veteran|1123\n|player|p2|EvilStaryu|170|1084\n|teamsize|p1|6\n|teamsize|p2|6\n|gen|9\n|tier|[Gen 9] National Dex\n|rated|\n|rule|HP Percentage Mod: HP is shown in percentages\n|rule|Endless Battle Clause: Forcing endless battles is banned\n|rule|OHKO Clause: OHKO moves are banned\n|rule|Evasion Clause: Evasion abilities, items, and moves are banned\n|rule|Evasion Abilities Clause: Evasion abilities are banned\n|rule|Evasion Items Clause: Evasion items are banned\n|rule|Evasion Moves Clause: Evasion moves are banned\n|rule|Species Clause: Limit one of each Pok\u00e9mon\n|rule|Sleep Clause Mod: Limit one foe put to sleep\n|clearpoke\n|poke|p1|Feraligatr, M|\n|poke|p1|Krookodile, F|\n|poke|p1|Skeledirge, M|\n|poke|p1|Sharpedo, M|\n|poke|p1|Tyrantrum, M|\n|poke|p1|Scolipede, F|\n|poke|p2|Sableye, M|\n|poke|p2|Venusaur, F|\n|poke|p2|Gardevoir, M|\n|poke|p2|Steelix, M|\n|poke|p2|Rotom-Wash|\n|poke|p2|Heatran, M|\n|teampreview\n|\n|t:|1700580307\n|start\n|switch|p1a: Krookodile|Krookodile, F|100\/100\n|switch|p2a: Sableye|Sableye, M, shiny|100\/100\n|-ability|p1a: Krookodile|Intimidate|boost\n|-unboost|p2a: Sableye|atk|1\n|turn|1\n|\n|t:|1700580316\n|detailschange|p2a: Sableye|Sableye-Mega, M, shiny\n|-mega|p2a: Sableye|Sableye|Sablenite\n|move|p1a: Krookodile|Stealth Rock|p2a: Sableye\n|move|p2a: Sableye|Stealth Rock|p1a: Krookodile|[from]ability: Magic Bounce\n|-sidestart|p1: TRocket Admin|move: Stealth Rock\n|move|p2a: Sableye|Reflect|p2a: Sableye\n|-sidestart|p2: EvilStaryu|Reflect\n|\n|upkeep\n|turn|2\n|c|\u2606TRocket Admin|i had a feeling\n|c|\u2606TRocket Admin|but i wanted to hope\n|\n|t:|1700580337\n|switch|p1a: Feraligatr|Feraligatr, M|100\/100\n|-damage|p1a: Feraligatr|88\/100|[from] Stealth Rock\n|move|p2a: Sableye|Light Screen|p2a: Sableye\n|-sidestart|p2: EvilStaryu|move: Light Screen\n|\n|upkeep\n|turn|3\n|\n|t:|1700580344\n|move|p1a: Feraligatr|Dragon Dance|p1a: Feraligatr\n|-boost|p1a: Feraligatr|atk|1\n|-boost|p1a: Feraligatr|spe|1\n|move|p2a: Sableye|Knock Off|p1a: Feraligatr\n|-damage|p1a: Feraligatr|65\/100\n|-enditem|p1a: Feraligatr|Life Orb|[from] move: Knock Off|[of] p2a: Sableye\n|\n|upkeep\n|turn|4\n|\n|t:|1700580354\n|move|p2a: Sableye|Shadow Sneak|p1a: Feraligatr\n|-damage|p1a: Feraligatr|55\/100\n|move|p1a: Feraligatr|Dragon Dance|p1a: Feraligatr\n|-boost|p1a: Feraligatr|atk|1\n|-boost|p1a: Feraligatr|spe|1\n|\n|upkeep\n|turn|5\n|\n|t:|1700580363\n|move|p2a: Sableye|Shadow Sneak|p1a: Feraligatr\n|-damage|p1a: Feraligatr|46\/100\n|move|p1a: Feraligatr|Dragon Dance|p1a: Feraligatr\n|-boost|p1a: Feraligatr|atk|1\n|-boost|p1a: Feraligatr|spe|1\n|\n|-sideend|p2: EvilStaryu|Reflect\n|upkeep\n|turn|6\n|\n|t:|1700580371\n|-terastallize|p1a: Feraligatr|Water\n|move|p1a: Feraligatr|Waterfall|p2a: Sableye\n|-damage|p2a: Sableye|0 fnt\n|faint|p2a: Sableye\n|\n|-sideend|p2: EvilStaryu|move: Light Screen\n|upkeep\n|\n|t:|1700580379\n|switch|p2a: Rotom|Rotom-Wash, shiny|100\/100\n|turn|7\n|\n|t:|1700580384\n|move|p1a: Feraligatr|Crunch|p2a: Rotom\n|-damage|p2a: Rotom|0 fnt\n|faint|p2a: Rotom\n|\n|upkeep\n|\n|t:|1700580389\n|switch|p2a: Venusaur|Venusaur, F|100\/100\n|turn|8\n|\n|t:|1700580392\n|move|p1a: Feraligatr|Ice Punch|p2a: Venusaur\n|-supereffective|p2a: Venusaur\n|-damage|p2a: Venusaur|0 fnt\n|faint|p2a: Venusaur\n|\n|upkeep\n|\n|t:|1700580399\n|switch|p2a: Gardevoir|Gardevoir, M, shiny|100\/100\n|-ability|p2a: Gardevoir|Sheer Force|[from] ability: Trace|[of] p1a: Feraligatr\n|turn|9\n|\n|t:|1700580404\n|move|p1a: Feraligatr|Waterfall|p2a: Gardevoir\n|-enditem|p2a: Gardevoir|Focus Sash\n|-damage|p2a: Gardevoir|1\/100\n|move|p2a: Gardevoir|Destiny Bond|p2a: Gardevoir\n|-singlemove|p2a: Gardevoir|Destiny Bond\n|\n|upkeep\n|turn|10\n|\n|t:|1700580415\n|move|p1a: Feraligatr|Ice Punch|p2a: Gardevoir\n|-damage|p2a: Gardevoir|0 fnt\n|faint|p2a: Gardevoir\n|-activate|p2a: Gardevoir|move: Destiny Bond\n|faint|p1a: Feraligatr\n|\n|upkeep\n|-message|EvilStaryu forfeited.\n|\n|win|TRocket Admin\n|raw|TRocket Admin's rating: 1123 &rarr; <strong>1145<\/strong><br \/>(+22 for winning)\n|raw|EvilStaryu's rating: 1084 &rarr; <strong>1064<\/strong><br \/>(-20 for losing)\n|l|\u203dEvilStaryu\n","uploadtime":1700580424,"views":5,"p1id":"trocketadmin","p2id":"evilstaryu","formatid":"gen9nationaldex","rating":1064,"private":0,"password":""}