{"id":"gen9nationaldex-1987412013","p1":"Ash 26th","p2":"xxyyzlu","format":"[Gen 9] National Dex","log":"|j|\u2606Ash 26th\n|j|\u2606xxyyzlu\n|t:|1699587942\n|gametype|singles\n|player|p1|Ash 26th|serena-masters3|1689\n|player|p2|xxyyzlu|170|1637\n|teamsize|p1|6\n|teamsize|p2|6\n|gen|9\n|tier|[Gen 9] National Dex\n|rated|\n|rule|HP Percentage Mod: HP is shown in percentages\n|rule|Endless Battle Clause: Forcing endless battles is banned\n|rule|OHKO Clause: OHKO moves are banned\n|rule|Evasion Clause: Evasion abilities, items, and moves are banned\n|rule|Evasion Abilities Clause: Evasion abilities are banned\n|rule|Evasion Items Clause: Evasion items are banned\n|rule|Evasion Moves Clause: Evasion moves are banned\n|rule|Species Clause: Limit one of each Pok\u00e9mon\n|rule|Sleep Clause Mod: Limit one foe put to sleep\n|clearpoke\n|poke|p1|Charizard, M|\n|poke|p1|Great Tusk|\n|poke|p1|Darmanitan, M|\n|poke|p1|Venusaur, F|\n|poke|p1|Hatterene, F|\n|poke|p1|Torkoal, M|\n|poke|p2|Kingdra, M|\n|poke|p2|Ninetales-Alola, F|\n|poke|p2|Scizor, M|\n|poke|p2|Heatran, F|\n|poke|p2|Blaziken, M|\n|poke|p2|Salamence, F|\n|teampreview\n|inactive|Battle timer is ON: inactive players will automatically lose when time's up. (requested by Ash 26th)\n|j| YJLF2\n|l| YJLF2\n|inactive|xxyyzlu has 120 seconds left.\n|\n|t:|1699587976\n|start\n|switch|p1a: Torkoal|Torkoal, M|100\/100\n|switch|p2a: Blaziken|Blaziken, M|100\/100\n|-weather|SunnyDay|[from] ability: Drought|[of] p1a: Torkoal\n|turn|1\n|j| BurritoSave\n|\n|t:|1699587986\n|switch|p1a: Hatterene|Hatterene, F, shiny|100\/100\n|move|p2a: Blaziken|Focus Energy|p2a: Blaziken\n|-start|p2a: Blaziken|move: Focus Energy\n|\n|-weather|SunnyDay|[upkeep]\n|-ability|p2a: Blaziken|Speed Boost|boost\n|-boost|p2a: Blaziken|spe|1\n|upkeep\n|turn|2\n|\n|t:|1699587995\n|move|p2a: Blaziken|Protect|p2a: Blaziken\n|-singleturn|p2a: Blaziken|Protect\n|move|p1a: Hatterene|Nuzzle|p2a: Blaziken\n|-activate|p2a: Blaziken|move: Protect\n|\n|-weather|SunnyDay|[upkeep]\n|-ability|p2a: Blaziken|Speed Boost|boost\n|-boost|p2a: Blaziken|spe|1\n|upkeep\n|turn|3\n|\n|t:|1699588002\n|-terastallize|p2a: Blaziken|Fire\n|move|p2a: Blaziken|Overheat|p1a: Hatterene\n|-crit|p1a: Hatterene\n|-damage|p1a: Hatterene|0 fnt\n|-unboost|p2a: Blaziken|spa|2\n|faint|p1a: Hatterene\n|\n|-weather|SunnyDay|[upkeep]\n|-ability|p2a: Blaziken|Speed Boost|boost\n|-boost|p2a: Blaziken|spe|1\n|upkeep\n|\n|t:|1699588012\n|switch|p1a: Venusaur|Venusaur, F|100\/100\n|turn|4\n|\n|t:|1699588019\n|-terastallize|p1a: Venusaur|Fire\n|move|p2a: Blaziken|Protect|p2a: Blaziken\n|-singleturn|p2a: Blaziken|Protect\n|move|p1a: Venusaur|Earth Power|p2a: Blaziken\n|-activate|p2a: Blaziken|move: Protect\n|\n|-weather|SunnyDay|[upkeep]\n|-ability|p2a: Blaziken|Speed Boost|boost\n|-boost|p2a: Blaziken|spe|1\n|upkeep\n|turn|5\n|\n|t:|1699588026\n|move|p2a: Blaziken|Overheat|p1a: Venusaur\n|-resisted|p1a: Venusaur\n|-crit|p1a: Venusaur\n|-damage|p1a: Venusaur|21\/100\n|-unboost|p2a: Blaziken|spa|2\n|move|p1a: Venusaur|Earth Power|p2a: Blaziken\n|-supereffective|p2a: Blaziken\n|-damage|p2a: Blaziken|26\/100\n|-damage|p1a: Venusaur|12\/100|[from] item: Life Orb\n|\n|-weather|SunnyDay|[upkeep]\n|-ability|p2a: Blaziken|Speed Boost|boost\n|-boost|p2a: Blaziken|spe|1\n|upkeep\n|turn|6\n|\n|t:|1699588037\n|move|p2a: Blaziken|Close Combat|p1a: Venusaur\n|-crit|p1a: Venusaur\n|-damage|p1a: Venusaur|0 fnt\n|-unboost|p2a: Blaziken|def|1\n|-unboost|p2a: Blaziken|spd|1\n|faint|p1a: Venusaur\n|\n|-weather|SunnyDay|[upkeep]\n|-ability|p2a: Blaziken|Speed Boost|boost\n|-boost|p2a: Blaziken|spe|1\n|upkeep\n|\n|t:|1699588051\n|switch|p1a: Charizard|Charizard, M, shiny|100\/100\n|turn|7\n|\n|t:|1699588055\n|detailschange|p1a: Charizard|Charizard-Mega-Y, M, shiny\n|-mega|p1a: Charizard|Charizard|Charizardite Y\n|move|p2a: Blaziken|Overheat|p1a: Charizard\n|-resisted|p1a: Charizard\n|-crit|p1a: Charizard\n|-damage|p1a: Charizard|21\/100\n|-unboost|p2a: Blaziken|spa|2\n|move|p1a: Charizard|Scorching Sands|p2a: Blaziken\n|-supereffective|p2a: Blaziken\n|-damage|p2a: Blaziken|0 fnt\n|faint|p2a: Blaziken\n|\n|-weather|SunnyDay|[upkeep]\n|upkeep\n|\n|t:|1699588070\n|switch|p2a: Ninetales|Ninetales-Alola, F|100\/100\n|-weather|Snow|[from] ability: Snow Warning|[of] p2a: Ninetales\n|turn|8\n|\n|t:|1699588077\n|switch|p2a: Heatran|Heatran, F|100\/100\n|switch|p1a: Torkoal|Torkoal, M|100\/100\n|-weather|SunnyDay|[from] ability: Drought|[of] p1a: Torkoal\n|\n|-weather|SunnyDay|[upkeep]\n|upkeep\n|turn|9\n|\n|t:|1699588087\n|move|p2a: Heatran|Earth Power|p1a: Torkoal\n|-supereffective|p1a: Torkoal\n|-damage|p1a: Torkoal|28\/100\n|move|p1a: Torkoal|Body Press|p2a: Heatran\n|-supereffective|p2a: Heatran\n|-damage|p2a: Heatran|45\/100\n|\n|-weather|SunnyDay|[upkeep]\n|-heal|p2a: Heatran|51\/100|[from] item: Leftovers\n|upkeep\n|turn|10\n|\n|t:|1699588096\n|move|p2a: Heatran|Magma Storm|p1a: Torkoal\n|-resisted|p1a: Torkoal\n|-damage|p1a: Torkoal|0 fnt\n|faint|p1a: Torkoal\n|\n|-weather|SunnyDay|[upkeep]\n|-heal|p2a: Heatran|57\/100|[from] item: Leftovers\n|upkeep\n|\n|t:|1699588104\n|switch|p1a: Great Tusk|Great Tusk|100\/100\n|-activate|p1a: Great Tusk|ability: Protosynthesis\n|-start|p1a: Great Tusk|protosynthesisatk\n|turn|11\n|\n|t:|1699588107\n|move|p1a: Great Tusk|Rapid Spin|p2a: Heatran\n|-resisted|p2a: Heatran\n|-damage|p2a: Heatran|48\/100\n|-boost|p1a: Great Tusk|spe|1\n|move|p2a: Heatran|Magma Storm|p1a: Great Tusk|[miss]\n|-miss|p2a: Heatran|p1a: Great Tusk\n|\n|-weather|SunnyDay|[upkeep]\n|-heal|p2a: Heatran|54\/100|[from] item: Leftovers\n|upkeep\n|turn|12\n|\n|t:|1699588117\n|switch|p2a: Salamence|Salamence, F|100\/100\n|-ability|p2a: Salamence|Intimidate|boost\n|-unboost|p1a: Great Tusk|atk|1\n|move|p1a: Great Tusk|Earthquake|p2a: Salamence\n|-immune|p2a: Salamence\n|\n|-weather|SunnyDay|[upkeep]\n|upkeep\n|turn|13\n|\n|t:|1699588129\n|switch|p2a: Heatran|Heatran, F|54\/100\n|-zpower|p1a: Great Tusk\n|move|p1a: Great Tusk|Subzero Slammer|p2a: Heatran|[zeffect]\n|-resisted|p2a: Heatran\n|-damage|p2a: Heatran|44\/100\n|\n|-weather|SunnyDay|[upkeep]\n|-heal|p2a: Heatran|50\/100|[from] item: Leftovers\n|upkeep\n|turn|14\n|\n|t:|1699588137\n|move|p1a: Great Tusk|Close Combat|p2a: Heatran\n|-supereffective|p2a: Heatran\n|-damage|p2a: Heatran|0 fnt\n|-unboost|p1a: Great Tusk|def|1\n|-unboost|p1a: Great Tusk|spd|1\n|faint|p2a: Heatran\n|\n|-weather|SunnyDay|[upkeep]\n|upkeep\n|\n|t:|1699588141\n|switch|p2a: Salamence|Salamence, F|100\/100\n|-ability|p2a: Salamence|Intimidate|boost\n|-unboost|p1a: Great Tusk|atk|1\n|turn|15\n|\n|t:|1699588150\n|move|p1a: Great Tusk|Ice Spinner|p2a: Salamence\n|-supereffective|p2a: Salamence\n|-damage|p2a: Salamence|12\/100\n|move|p2a: Salamence|Flamethrower|p1a: Great Tusk\n|-damage|p1a: Great Tusk|5\/100\n|-status|p1a: Great Tusk|brn\n|\n|-weather|none\n|-end|p1a: Great Tusk|Protosynthesis\n|-damage|p1a: Great Tusk|0 fnt|[from] brn\n|faint|p1a: Great Tusk\n|-end|p1a: Great Tusk|Protosynthesis|[silent]\n|upkeep\n|\n|t:|1699588156\n|switch|p1a: Darmanitan|Darmanitan, M|100\/100\n|turn|16\n|\n|t:|1699588163\n|move|p1a: Darmanitan|U-turn|p2a: Salamence\n|-resisted|p2a: Salamence\n|-damage|p2a: Salamence|0 fnt\n|faint|p2a: Salamence\n|\n|t:|1699588165\n|switch|p1a: Charizard|Charizard-Mega-Y, M, shiny|21\/100|[from] U-turn\n|-weather|SunnyDay|[from] ability: Drought|[of] p1a: Charizard\n|\n|-weather|SunnyDay|[upkeep]\n|upkeep\n|\n|t:|1699588169\n|switch|p2a: Ninetales|Ninetales-Alola, F|100\/100\n|-weather|Snow|[from] ability: Snow Warning|[of] p2a: Ninetales\n|turn|17\n|j| YJLF2\n|\n|t:|1699588187\n|move|p2a: Ninetales|Aurora Veil|p2a: Ninetales\n|-sidestart|p2: xxyyzlu|move: Aurora Veil\n|move|p1a: Charizard|Scorching Sands|p2a: Ninetales\n|-damage|p2a: Ninetales|83\/100\n|\n|-weather|Snow|[upkeep]\n|upkeep\n|turn|18\n|\n|t:|1699588196\n|switch|p1a: Darmanitan|Darmanitan, M|100\/100\n|move|p2a: Ninetales|Blizzard|p1a: Darmanitan\n|-resisted|p1a: Darmanitan\n|-damage|p1a: Darmanitan|70\/100\n|\n|-weather|Snow|[upkeep]\n|upkeep\n|turn|19\n|\n|t:|1699588204\n|switch|p1a: Charizard|Charizard-Mega-Y, M, shiny|21\/100\n|-weather|SunnyDay|[from] ability: Drought|[of] p1a: Charizard\n|move|p2a: Ninetales|Moonblast|p1a: Charizard\n|-resisted|p1a: Charizard\n|-damage|p1a: Charizard|4\/100\n|\n|-weather|SunnyDay|[upkeep]\n|upkeep\n|turn|20\n|\n|t:|1699588208\n|move|p2a: Ninetales|Moonblast|p1a: Charizard\n|-resisted|p1a: Charizard\n|-damage|p1a: Charizard|0 fnt\n|faint|p1a: Charizard\n|\n|-weather|SunnyDay|[upkeep]\n|upkeep\n|\n|t:|1699588211\n|switch|p1a: Darmanitan|Darmanitan, M|70\/100\n|turn|21\n|\n|t:|1699588221\n|switch|p2a: Scizor|Scizor, M|100\/100\n|move|p1a: Darmanitan|Flare Blitz|p2a: Scizor\n|-supereffective|p2a: Scizor\n|-damage|p2a: Scizor|0 fnt\n|faint|p2a: Scizor\n|-damage|p1a: Darmanitan|37\/100|[from] Recoil\n|\n|-weather|SunnyDay|[upkeep]\n|upkeep\n|\n|t:|1699588226\n|switch|p2a: Ninetales|Ninetales-Alola, F|83\/100\n|-weather|Snow|[from] ability: Snow Warning|[of] p2a: Ninetales\n|turn|22\n|\n|t:|1699588230\n|move|p1a: Darmanitan|Flare Blitz|p2a: Ninetales\n|-supereffective|p2a: Ninetales\n|-damage|p2a: Ninetales|0 fnt\n|faint|p2a: Ninetales\n|-damage|p1a: Darmanitan|15\/100|[from] Recoil\n|\n|-weather|Snow|[upkeep]\n|upkeep\n|\n|t:|1699588233\n|switch|p2a: Kingdra|Kingdra, M|100\/100\n|turn|23\n|\n|t:|1699588235\n|move|p1a: Darmanitan|Flare Blitz|p2a: Kingdra\n|-resisted|p2a: Kingdra\n|-damage|p2a: Kingdra|89\/100\n|-damage|p1a: Darmanitan|11\/100|[from] Recoil\n|move|p2a: Kingdra|Surf|p1a: Darmanitan\n|-supereffective|p1a: Darmanitan\n|-damage|p1a: Darmanitan|0 fnt\n|faint|p1a: Darmanitan\n|\n|win|xxyyzlu\n|raw|Ash 26th's rating: 1689 &rarr; <strong>1666<\/strong><br \/>(-23 for losing)\n|raw|xxyyzlu's rating: 1637 &rarr; <strong>1660<\/strong><br \/>(+23 for winning)\n|l|\u2606Ash 26th\n","uploadtime":1699588241,"views":9,"p1id":"ash26th","p2id":"xxyyzlu","formatid":"gen9nationaldex","rating":1660,"private":0,"password":""}