{"id":"gen9nationaldex-1999030363","p1":"tbor2002","p2":"Jam20Jam","format":"[Gen 9] National Dex","log":"|html|<div class=\"broadcast-blue\"><strong>[Gen 9] National Dex is currently suspecting Sneasler! For information on how to participate check out the <a href=\"https:\/\/www.smogon.com\/forums\/threads\/sv-national-dex-suspect-8-just-dance.3731534\/\">suspect thread<\/a>.<\/strong><\/div>\n|j|\u2606tbor2002\n|j|\u2606Jam20Jam\n|t:|1701025698\n|gametype|singles\n|player|p1|tbor2002|wattson|\n|player|p2|Jam20Jam|carmine|\n|teamsize|p1|6\n|teamsize|p2|6\n|gen|9\n|tier|[Gen 9] National Dex\n|rule|HP Percentage Mod: HP is shown in percentages\n|rule|Endless Battle Clause: Forcing endless battles is banned\n|rule|OHKO Clause: OHKO moves are banned\n|rule|Evasion Clause: Evasion abilities, items, and moves are banned\n|rule|Evasion Abilities Clause: Evasion abilities are banned\n|rule|Evasion Items Clause: Evasion items are banned\n|rule|Evasion Moves Clause: Evasion moves are banned\n|rule|Species Clause: Limit one of each Pok\u00e9mon\n|rule|Sleep Clause Mod: Limit one foe put to sleep\n|clearpoke\n|poke|p1|Zamazenta-*|\n|poke|p1|Goodra-Hisui, M|\n|poke|p1|Jolteon, F|\n|poke|p1|Eelektross, M|\n|poke|p1|Crabominable, F|\n|poke|p1|Mareanie, F|\n|poke|p2|Coalossal, M|\n|poke|p2|Veluza, M|\n|poke|p2|Cetitan, M|\n|poke|p2|Great Tusk|\n|poke|p2|Meditite, F|\n|poke|p2|Gengar, M|\n|teampreview\n|\n|t:|1701025725\n|start\n|switch|p1a: Crabominable|Crabominable, F|100\/100\n|switch|p2a: SpanishInquisition|Coalossal, M|100\/100\n|turn|1\n|\n|t:|1701025748\n|move|p1a: Crabominable|Earthquake|p2a: SpanishInquisition\n|-supereffective|p2a: SpanishInquisition\n|-damage|p2a: SpanishInquisition|0 fnt\n|faint|p2a: SpanishInquisition\n|\n|upkeep\n|\n|t:|1701025755\n|switch|p2a: Veluza|Veluza, M|100\/100\n|-ability|p2a: Veluza|Mold Breaker\n|turn|2\n|\n|t:|1701025765\n|switch|p1a: Goodra|Goodra-Hisui, M|100\/100\n|move|p2a: Veluza|Psychic|p1a: Goodra\n|-resisted|p1a: Goodra\n|-damage|p1a: Goodra|90\/100\n|\n|-heal|p1a: Goodra|96\/100|[from] item: Leftovers\n|upkeep\n|turn|3\n|\n|t:|1701025786\n|move|p2a: Veluza|Snowscape|p2a: Veluza\n|-weather|Snow\n|move|p1a: Goodra|Flash Cannon|p2a: Veluza\n|-resisted|p2a: Veluza\n|-damage|p2a: Veluza|68\/100\n|\n|-weather|Snow|[upkeep]\n|-heal|p1a: Goodra|100\/100|[from] item: Leftovers\n|upkeep\n|turn|4\n|\n|t:|1701025802\n|switch|p2a: Great Tusk|Great Tusk|100\/100\n|-enditem|p2a: Great Tusk|Booster Energy\n|-activate|p2a: Great Tusk|ability: Protosynthesis|[fromitem]\n|-start|p2a: Great Tusk|protosynthesisatk\n|move|p1a: Goodra|Flamethrower|p2a: Great Tusk\n|-crit|p2a: Great Tusk\n|-damage|p2a: Great Tusk|26\/100\n|\n|-weather|Snow|[upkeep]\n|upkeep\n|turn|5\n|\n|t:|1701025815\n|move|p2a: Great Tusk|Close Combat|p1a: Goodra\n|-supereffective|p1a: Goodra\n|-damage|p1a: Goodra|0 fnt\n|-unboost|p2a: Great Tusk|def|1\n|-unboost|p2a: Great Tusk|spd|1\n|faint|p1a: Goodra\n|\n|-weather|Snow|[upkeep]\n|upkeep\n|\n|t:|1701025833\n|switch|p1a: Mareanie|Mareanie, F|100\/100\n|turn|6\n|\n|t:|1701025847\n|-end|p2a: Great Tusk|Protosynthesis|[silent]\n|switch|p2a: Gengar|Gengar, M|100\/100\n|move|p1a: Mareanie|Surf|p2a: Gengar\n|-damage|p2a: Gengar|69\/100\n|\n|-weather|Snow|[upkeep]\n|upkeep\n|turn|7\n|\n|t:|1701025866\n|switch|p1a: Eelektross|Eelektross, M|100\/100\n|move|p2a: Gengar|Knock Off|p1a: Eelektross\n|-damage|p1a: Eelektross|83\/100\n|-enditem|p1a: Eelektross|Assault Vest|[from] move: Knock Off|[of] p2a: Gengar\n|\n|-weather|Snow|[upkeep]\n|upkeep\n|turn|8\n|\n|t:|1701025879\n|move|p2a: Gengar|Shadow Ball|p1a: Eelektross\n|-damage|p1a: Eelektross|50\/100\n|move|p1a: Eelektross|Discharge|p2a: Gengar\n|-damage|p2a: Gengar|25\/100\n|\n|-weather|Snow|[upkeep]\n|upkeep\n|turn|9\n|\n|t:|1701025907\n|move|p2a: Gengar|Shadow Ball|p1a: Eelektross\n|-damage|p1a: Eelektross|21\/100\n|-unboost|p1a: Eelektross|spd|1\n|move|p1a: Eelektross|Giga Drain|p2a: Gengar\n|-resisted|p2a: Gengar\n|-damage|p2a: Gengar|10\/100\n|-heal|p1a: Eelektross|26\/100|[from] drain|[of] p2a: Gengar\n|\n|-weather|Snow|[upkeep]\n|upkeep\n|turn|10\n|\n|t:|1701025930\n|move|p2a: Gengar|Shadow Ball|p1a: Eelektross\n|-damage|p1a: Eelektross|0 fnt\n|faint|p1a: Eelektross\n|\n|-weather|none\n|upkeep\n|\n|t:|1701025936\n|switch|p1a: Jolteon|Jolteon, F|100\/100\n|turn|11\n|\n|t:|1701025950\n|move|p1a: Jolteon|Thunderbolt|p2a: Gengar\n|-damage|p2a: Gengar|0 fnt\n|faint|p2a: Gengar\n|\n|upkeep\n|\n|t:|1701025955\n|switch|p2a: Great Tusk|Great Tusk|26\/100\n|turn|12\n|\n|t:|1701025966\n|move|p1a: Jolteon|Tera Blast|p2a: Great Tusk\n|-damage|p2a: Great Tusk|0 fnt\n|faint|p2a: Great Tusk\n|-end|p2a: Great Tusk|Protosynthesis|[silent]\n|\n|upkeep\n|\n|t:|1701025973\n|switch|p2a: Meditite|Meditite, F|100\/100\n|turn|13\n|\n|t:|1701026006\n|-terastallize|p2a: Meditite|Steel\n|move|p1a: Jolteon|Thunderbolt|p2a: Meditite\n|-damage|p2a: Meditite|18\/100\n|-status|p2a: Meditite|par\n|move|p2a: Meditite|Bulk Up|p2a: Meditite\n|-boost|p2a: Meditite|atk|1\n|-boost|p2a: Meditite|def|1\n|\n|upkeep\n|turn|14\n|\n|t:|1701026016\n|move|p1a: Jolteon|Thunderbolt|p2a: Meditite\n|-damage|p2a: Meditite|0 fnt\n|faint|p2a: Meditite\n|\n|upkeep\n|\n|t:|1701026023\n|switch|p2a: I BELIVE|Cetitan, M|100\/100\n|turn|15\n|\n|t:|1701026029\n|move|p1a: Jolteon|Volt Switch|p2a: I BELIVE\n|-damage|p2a: I BELIVE|69\/100\n|\n|t:|1701026037\n|switch|p1a: Crabominable|Crabominable, F|100\/100|[from] Volt Switch\n|move|p2a: I BELIVE|Earthquake|p1a: Crabominable\n|-damage|p1a: Crabominable|67\/100\n|\n|upkeep\n|turn|16\n|\n|t:|1701026047\n|switch|p2a: Veluza|Veluza, M|68\/100\n|-ability|p2a: Veluza|Mold Breaker\n|move|p1a: Crabominable|Drain Punch|p2a: Veluza\n|-resisted|p2a: Veluza\n|-damage|p2a: Veluza|35\/100\n|-heal|p1a: Crabominable|80\/100|[from] drain|[of] p2a: Veluza\n|\n|upkeep\n|turn|17\n|\n|t:|1701026057\n|-terastallize|p1a: Crabominable|Fairy\n|move|p2a: Veluza|Snowscape|p2a: Veluza\n|-weather|Snow\n|move|p1a: Crabominable|Thunder Punch|p2a: Veluza\n|-supereffective|p2a: Veluza\n|-damage|p2a: Veluza|0 fnt\n|faint|p2a: Veluza\n|\n|-weather|Snow|[upkeep]\n|upkeep\n|\n|t:|1701026064\n|switch|p2a: I BELIVE|Cetitan, M|69\/100\n|turn|18\n|\n|t:|1701026084\n|move|p2a: I BELIVE|Belly Drum|p2a: I BELIVE\n|-damage|p2a: I BELIVE|19\/100\n|-setboost|p2a: I BELIVE|atk|6|[from] move: Belly Drum\n|-enditem|p2a: I BELIVE|Sitrus Berry|[eat]\n|-heal|p2a: I BELIVE|44\/100|[from] item: Sitrus Berry\n|move|p1a: Crabominable|Drain Punch|p2a: I BELIVE\n|-supereffective|p2a: I BELIVE\n|-damage|p2a: I BELIVE|0 fnt\n|-heal|p1a: Crabominable|100\/100|[from] drain|[of] p2a: I BELIVE\n|faint|p2a: I BELIVE\n|\n|win|tbor2002\n","uploadtime":1701026096,"views":1,"p1id":"tbor2002","p2id":"jam20jam","formatid":"gen9nationaldex","rating":0,"private":0,"password":""}