{"id":"gen9nationaldex-1998132012","p1":"baigu2","p2":"ordja2","format":"[Gen 9] National Dex","log":"|html|<div class=\"broadcast-blue\"><strong>[Gen 9] National Dex is currently suspecting Sneasler! For information on how to participate check out the <a href=\"https:\/\/www.smogon.com\/forums\/threads\/sv-national-dex-suspect-8-just-dance.3731534\/\">suspect thread<\/a>.<\/strong><\/div>\n|j|\u2606baigu2\n|j|\u2606ordja2\n|t:|1700897286\n|gametype|singles\n|player|p1|baigu2|265|1863\n|player|p2|ordja2|169|1820\n|teamsize|p1|6\n|teamsize|p2|6\n|gen|9\n|tier|[Gen 9] National Dex\n|rated|\n|rule|HP Percentage Mod: HP is shown in percentages\n|rule|Endless Battle Clause: Forcing endless battles is banned\n|rule|OHKO Clause: OHKO moves are banned\n|rule|Evasion Clause: Evasion abilities, items, and moves are banned\n|rule|Evasion Abilities Clause: Evasion abilities are banned\n|rule|Evasion Items Clause: Evasion items are banned\n|rule|Evasion Moves Clause: Evasion moves are banned\n|rule|Species Clause: Limit one of each Pok\u00e9mon\n|rule|Sleep Clause Mod: Limit one foe put to sleep\n|clearpoke\n|poke|p1|Ursaluna, M|\n|poke|p1|Slowking, M|\n|poke|p1|Corviknight, M|\n|poke|p1|Hoopa-Unbound|\n|poke|p1|Dragonite, M|\n|poke|p1|Tapu Koko|\n|poke|p2|Garchomp, M|\n|poke|p2|Ogerpon-Wellspring, F|\n|poke|p2|Dondozo, M|\n|poke|p2|Charizard, F|\n|poke|p2|Zapdos|\n|poke|p2|Chansey, F|\n|teampreview\n|\n|t:|1700897306\n|start\n|switch|p1a: Tapu Koko|Tapu Koko|100\/100\n|switch|p2a: Zapdos|Zapdos|100\/100\n|-fieldstart|move: Electric Terrain|[from] ability: Electric Surge|[of] p1a: Tapu Koko\n|turn|1\n|\n|t:|1700897314\n|move|p1a: Tapu Koko|Volt Switch|p2a: Zapdos\n|-damage|p2a: Zapdos|33\/100\n|\n|t:|1700897323\n|switch|p1a: Ursaluna|Ursaluna, M|100\/100|[from] Volt Switch\n|move|p2a: Zapdos|Hurricane|p1a: Ursaluna|[miss]\n|-miss|p2a: Zapdos|p1a: Ursaluna\n|\n|-status|p1a: Ursaluna|brn|[from] item: Flame Orb\n|upkeep\n|turn|2\n|\n|t:|1700897331\n|move|p2a: Zapdos|Hurricane|p1a: Ursaluna|[miss]\n|-miss|p2a: Zapdos|p1a: Ursaluna\n|move|p1a: Ursaluna|Facade|p2a: Zapdos\n|-damage|p2a: Zapdos|0 fnt\n|faint|p2a: Zapdos\n|\n|-damage|p1a: Ursaluna|94\/100 brn|[from] brn\n|upkeep\n|\n|t:|1700897340\n|switch|p2a: Ogerpon|Ogerpon-Wellspring, F|100\/100\n|turn|3\n|\n|t:|1700897343\n|switch|p1a: Dragonite|Dragonite, M|100\/100\n|move|p2a: Ogerpon|Substitute|p2a: Ogerpon\n|-start|p2a: Ogerpon|Substitute\n|-damage|p2a: Ogerpon|76\/100\n|\n|upkeep\n|turn|4\n|\n|t:|1700897350\n|move|p2a: Ogerpon|Ivy Cudgel|p1a: Dragonite|[anim] Ivy Cudgel Water\n|-resisted|p1a: Dragonite\n|-damage|p1a: Dragonite|87\/100\n|move|p1a: Dragonite|Dual Wingbeat|p2a: Ogerpon\n|-supereffective|p2a: Ogerpon\n|-end|p2a: Ogerpon|Substitute\n|-supereffective|p2a: Ogerpon\n|-damage|p2a: Ogerpon|0 fnt\n|faint|p2a: Ogerpon\n|-hitcount|p2: Ogerpon|2\n|\n|upkeep\n|j| The power of ROCK\n|\n|t:|1700897365\n|switch|p2a: Charizard|Charizard, F|100\/100\n|turn|5\n|\n|t:|1700897376\n|switch|p1a: Slowking|Slowking, M|100\/100\n|move|p2a: Charizard|Dragon Dance|p2a: Charizard\n|-boost|p2a: Charizard|atk|1\n|-boost|p2a: Charizard|spe|1\n|\n|-fieldend|move: Electric Terrain\n|upkeep\n|turn|6\n|\n|t:|1700897384\n|detailschange|p2a: Charizard|Charizard-Mega-X, F\n|-mega|p2a: Charizard|Charizard|Charizardite X\n|move|p2a: Charizard|Dragon Claw|p1a: Slowking\n|-damage|p1a: Slowking|12\/100\n|move|p1a: Slowking|Trick Room|p1a: Slowking\n|-fieldstart|move: Trick Room|[of] p1a: Slowking\n|\n|upkeep\n|turn|7\n|c| The power of ROCK|uh oh\n|\n|t:|1700897397\n|move|p2a: Charizard|Dragon Claw|p1a: Slowking\n|-damage|p1a: Slowking|0 fnt\n|faint|p1a: Slowking\n|\n|upkeep\n|c| The power of ROCK|its gotten tricky\n|\n|t:|1700897400\n|switch|p1a: Ursaluna|Ursaluna, M|94\/100 brn\n|turn|8\n|\n|t:|1700897406\n|switch|p2a: Chansey|Chansey, F|100\/100\n|-terastallize|p1a: Ursaluna|Normal\n|move|p1a: Ursaluna|Facade|p2a: Chansey\n|-damage|p2a: Chansey|0 fnt\n|faint|p2a: Chansey\n|\n|-damage|p1a: Ursaluna|88\/100 brn|[from] brn\n|upkeep\n|\n|t:|1700897415\n|switch|p2a: Dondozo|Dondozo, M|100\/100\n|turn|9\n|\n|t:|1700897427\n|move|p2a: Dondozo|Curse|p2a: Dondozo\n|-unboost|p2a: Dondozo|spe|1\n|-boost|p2a: Dondozo|atk|1\n|-boost|p2a: Dondozo|def|1\n|move|p1a: Ursaluna|Facade|p2a: Dondozo\n|-damage|p2a: Dondozo|50\/100\n|\n|-heal|p2a: Dondozo|57\/100|[from] item: Leftovers\n|-damage|p1a: Ursaluna|82\/100 brn|[from] brn\n|upkeep\n|turn|10\n|\n|t:|1700897437\n|switch|p1a: Tapu Koko|Tapu Koko|100\/100\n|-fieldstart|move: Electric Terrain|[from] ability: Electric Surge|[of] p1a: Tapu Koko\n|move|p2a: Dondozo|Body Press|p1a: Tapu Koko\n|-resisted|p1a: Tapu Koko\n|-damage|p1a: Tapu Koko|72\/100\n|\n|-heal|p2a: Dondozo|63\/100|[from] item: Leftovers\n|-fieldend|move: Trick Room\n|upkeep\n|turn|11\n|\n|t:|1700897448\n|move|p1a: Tapu Koko|Dazzling Gleam|p2a: Dondozo\n|-damage|p2a: Dondozo|17\/100\n|move|p2a: Dondozo|Wave Crash|p1a: Tapu Koko\n|-damage|p1a: Tapu Koko|0 fnt\n|faint|p1a: Tapu Koko\n|-damage|p2a: Dondozo|3\/100|[from] Recoil\n|\n|-heal|p2a: Dondozo|10\/100|[from] item: Leftovers\n|upkeep\n|\n|t:|1700897452\n|switch|p1a: Hoopa|Hoopa-Unbound|100\/100\n|turn|12\n|\n|t:|1700897459\n|move|p1a: Hoopa|Psychic|p2a: Dondozo\n|-damage|p2a: Dondozo|0 fnt\n|faint|p2a: Dondozo\n|\n|upkeep\n|\n|t:|1700897467\n|switch|p2a: Charizard|Charizard-Mega-X, F|100\/100\n|turn|13\n|\n|t:|1700897475\n|move|p2a: Charizard|Flare Blitz|p1a: Hoopa\n|-damage|p1a: Hoopa|0 fnt\n|faint|p1a: Hoopa\n|-damage|p2a: Charizard|67\/100|[from] Recoil\n|\n|upkeep\n|\n|t:|1700897486\n|switch|p1a: Corviknight|Corviknight, M|100\/100\n|-ability|p1a: Corviknight|Pressure\n|turn|14\n|\n|t:|1700897490\n|move|p2a: Charizard|Flare Blitz|p1a: Corviknight\n|-supereffective|p1a: Corviknight\n|-damage|p1a: Corviknight|1\/100\n|-status|p1a: Corviknight|brn\n|-damage|p2a: Charizard|50\/100|[from] item: Rocky Helmet|[of] p1a: Corviknight\n|-damage|p2a: Charizard|6\/100|[from] Recoil\n|move|p1a: Corviknight|U-turn|p2a: Charizard\n|-resisted|p2a: Charizard\n|-damage|p2a: Charizard|3\/100\n|inactive|Battle timer is ON: inactive players will automatically lose when time's up. (requested by baigu2)\n|\n|t:|1700897500\n|switch|p1a: Dragonite|Dragonite, M|87\/100|[from] U-turn\n|\n|-fieldend|move: Electric Terrain\n|upkeep\n|turn|15\n|\n|t:|1700897508\n|switch|p2a: Garchomp|Garchomp, M|100\/100\n|move|p1a: Dragonite|Extreme Speed|p2a: Garchomp\n|-damage|p2a: Garchomp|52\/100\n|-damage|p1a: Dragonite|74\/100|[from] ability: Rough Skin|[of] p2a: Garchomp\n|\n|upkeep\n|turn|16\n|\n|t:|1700897525\n|move|p1a: Dragonite|Extreme Speed|p2a: Garchomp\n|-damage|p2a: Garchomp|9\/100\n|-damage|p1a: Dragonite|62\/100|[from] ability: Rough Skin|[of] p2a: Garchomp\n|move|p2a: Garchomp|Stone Edge|p1a: Dragonite\n|-supereffective|p1a: Dragonite\n|-damage|p1a: Dragonite|0 fnt\n|faint|p1a: Dragonite\n|\n|upkeep\n|\n|t:|1700897531\n|switch|p1a: Ursaluna|Ursaluna, M, tera:Normal|82\/100 brn\n|turn|17\n|\n|t:|1700897558\n|move|p2a: Garchomp|Stone Edge|p1a: Ursaluna\n|-damage|p1a: Ursaluna|56\/100 brn\n|move|p1a: Ursaluna|Throat Chop|p2a: Garchomp\n|-damage|p2a: Garchomp|0 fnt\n|-damage|p1a: Ursaluna|44\/100 brn|[from] ability: Rough Skin|[of] p2a: Garchomp\n|faint|p2a: Garchomp\n|\n|-damage|p1a: Ursaluna|38\/100 brn|[from] brn\n|upkeep\n|\n|t:|1700897568\n|switch|p2a: Charizard|Charizard-Mega-X, F|3\/100\n|turn|18\n|\n|t:|1700897572\n|switch|p1a: Corviknight|Corviknight, M|1\/100 brn\n|-ability|p1a: Corviknight|Pressure\n|move|p2a: Charizard|Earthquake|p1a: Corviknight\n|-immune|p1a: Corviknight\n|\n|-damage|p1a: Corviknight|0 fnt|[from] brn\n|faint|p1a: Corviknight\n|upkeep\n|\n|t:|1700897574\n|switch|p1a: Ursaluna|Ursaluna, M, tera:Normal|38\/100 brn\n|turn|19\n|\n|t:|1700897583\n|move|p2a: Charizard|Flare Blitz|p1a: Ursaluna\n|-damage|p1a: Ursaluna|0 fnt\n|faint|p1a: Ursaluna\n|-damage|p2a: Charizard|0 fnt|[from] Recoil\n|faint|p2a: Charizard\n|\n|win|ordja2\n|raw|baigu2's rating: 1863 &rarr; <strong>1841<\/strong><br \/>(-22 for losing)\n|raw|ordja2's rating: 1820 &rarr; <strong>1842<\/strong><br \/>(+22 for winning)\n|c| The power of ROCK|ayo\n|c|\u2606baigu2|gg\n|c|\u2606ordja2|gg\n|l|\u2606baigu2\n|c| The power of ROCK|what a fight\n|c| The power of ROCK|gg\n","uploadtime":1700897590,"views":6,"p1id":"baigu2","p2id":"ordja2","formatid":"gen9nationaldex","rating":1841,"private":0,"password":""}