{"id":"gen9nationaldex-1988124884","p1":"PapaPena","p2":"SpecsGastr0","format":"[Gen 9] National Dex","log":"|j|\u2606PapaPena\n|j|\u2606SpecsGastr0\n|t:|1699672634\n|gametype|singles\n|player|p1|PapaPena|roughneck|1063\n|player|p2|SpecsGastr0|colress|1090\n|teamsize|p1|6\n|teamsize|p2|6\n|gen|9\n|tier|[Gen 9] National Dex\n|rated|\n|rule|HP Percentage Mod: HP is shown in percentages\n|rule|Endless Battle Clause: Forcing endless battles is banned\n|rule|OHKO Clause: OHKO moves are banned\n|rule|Evasion Clause: Evasion abilities, items, and moves are banned\n|rule|Evasion Abilities Clause: Evasion abilities are banned\n|rule|Evasion Items Clause: Evasion items are banned\n|rule|Evasion Moves Clause: Evasion moves are banned\n|rule|Species Clause: Limit one of each Pok\u00e9mon\n|rule|Sleep Clause Mod: Limit one foe put to sleep\n|clearpoke\n|poke|p1|Moltres|\n|poke|p1|Tornadus-Therian, M|\n|poke|p1|Klefki, F|\n|poke|p1|Eelektross, F|\n|poke|p1|Lycanroc-Midnight, F|\n|poke|p1|Toedscool, F|\n|poke|p2|Volcarona, M|\n|poke|p2|Noctowl, M|\n|poke|p2|Ninetales-Alola, M|\n|poke|p2|Shiftry, M|\n|poke|p2|Tauros-Paldea-Aqua, M|\n|poke|p2|Linoone, M|\n|teampreview\n|\n|t:|1699672643\n|start\n|switch|p1a: what dat mouth do|Eelektross, F|100\/100\n|switch|p2a: Bad News (Malice)|Ninetales-Alola, M|100\/100\n|-weather|Snow|[from] ability: Snow Warning|[of] p2a: Bad News (Malice)\n|turn|1\n|\n|t:|1699672693\n|move|p2a: Bad News (Malice)|Aurora Veil|p2a: Bad News (Malice)\n|-sidestart|p2: SpecsGastr0|move: Aurora Veil\n|move|p1a: what dat mouth do|Thunder Punch|p2a: Bad News (Malice)\n|-damage|p2a: Bad News (Malice)|72\/100\n|\n|-weather|Snow|[upkeep]\n|upkeep\n|turn|2\n|\n|t:|1699672743\n|switch|p2a: Bad News (Lie)|Linoone, M|100\/100\n|switch|p1a: Lycanroc|Lycanroc-Midnight, F|100\/100\n|\n|-weather|Snow|[upkeep]\n|upkeep\n|turn|3\n|\n|t:|1699672752\n|move|p2a: Bad News (Lie)|Belly Drum|p2a: Bad News (Lie)\n|-damage|p2a: Bad News (Lie)|50\/100\n|-setboost|p2a: Bad News (Lie)|atk|6|[from] move: Belly Drum\n|-enditem|p2a: Bad News (Lie)|Sitrus Berry|[eat]\n|-heal|p2a: Bad News (Lie)|75\/100|[from] item: Sitrus Berry\n|move|p1a: Lycanroc|Brick Break|p2a: Bad News (Lie)\n|-sideend|p2: SpecsGastr0|move: Aurora Veil\n|-supereffective|p2a: Bad News (Lie)\n|-damage|p2a: Bad News (Lie)|0 fnt\n|faint|p2a: Bad News (Lie)\n|\n|-weather|Snow|[upkeep]\n|upkeep\n|\n|t:|1699672764\n|switch|p2a: On Stage|Tauros-Paldea-Aqua, M|100\/100\n|-ability|p2a: On Stage|Intimidate|boost\n|-unboost|p1a: Lycanroc|atk|1\n|turn|4\n|\n|t:|1699672791\n|-terastallize|p1a: Lycanroc|Steel\n|move|p1a: Lycanroc|Play Rough|p2a: On Stage\n|-supereffective|p2a: On Stage\n|-damage|p2a: On Stage|59\/100\n|-damage|p1a: Lycanroc|84\/100|[from] item: Rocky Helmet|[of] p2a: On Stage\n|move|p2a: On Stage|Liquidation|p1a: Lycanroc\n|-damage|p1a: Lycanroc|28\/100\n|\n|-weather|Snow|[upkeep]\n|upkeep\n|turn|5\n|\n|t:|1699672817\n|switch|p1a: Klefki|Klefki, F|100\/100\n|move|p2a: On Stage|Liquidation|p1a: Klefki\n|-damage|p1a: Klefki|67\/100\n|-unboost|p1a: Klefki|def|1\n|\n|-weather|none\n|upkeep\n|turn|6\n|\n|t:|1699672831\n|move|p1a: Klefki|Reflect|p1a: Klefki\n|-sidestart|p1: PapaPena|Reflect\n|move|p2a: On Stage|Rest|p2a: On Stage\n|-status|p2a: On Stage|slp|[from] move: Rest\n|-heal|p2a: On Stage|100\/100 slp|[silent]\n|\n|upkeep\n|turn|7\n|\n|t:|1699672837\n|move|p1a: Klefki|Light Screen|p1a: Klefki\n|-sidestart|p1: PapaPena|move: Light Screen\n|cant|p2a: On Stage|slp\n|move|p2a: On Stage|Sleep Talk|p2a: On Stage\n|move|p2a: On Stage|Rest||[from]move: Sleep Talk|[still]\n|-fail|p2a: On Stage\n|\n|upkeep\n|turn|8\n|\n|t:|1699672843\n|move|p1a: Klefki|Spikes|p2a: On Stage\n|-sidestart|p2: SpecsGastr0|Spikes\n|cant|p2a: On Stage|slp\n|move|p2a: On Stage|Sleep Talk|p2a: On Stage\n|move|p2a: On Stage|Liquidation|p1a: Klefki|[from]move: Sleep Talk\n|-damage|p1a: Klefki|40\/100\n|\n|upkeep\n|turn|9\n|\n|t:|1699672849\n|-curestatus|p2a: On Stage|slp|[msg]\n|move|p2a: On Stage|Bulk Up|p2a: On Stage\n|-boost|p2a: On Stage|atk|1\n|-boost|p2a: On Stage|def|1\n|move|p1a: Klefki|Draining Kiss|p2a: On Stage\n|-supereffective|p2a: On Stage\n|-damage|p2a: On Stage|65\/100\n|-heal|p1a: Klefki|70\/100|[from] drain|[of] p2a: On Stage\n|-damage|p1a: Klefki|54\/100|[from] item: Rocky Helmet|[of] p2a: On Stage\n|\n|upkeep\n|turn|10\n|\n|t:|1699672862\n|switch|p1a: squeeward|Toedscool, F|100\/100\n|move|p2a: On Stage|Liquidation|p1a: squeeward\n|-damage|p1a: squeeward|42\/100\n|\n|upkeep\n|turn|11\n|\n|t:|1699672869\n|move|p2a: On Stage|Liquidation|p1a: squeeward\n|-damage|p1a: squeeward|0 fnt\n|faint|p1a: squeeward\n|\n|upkeep\n|\n|t:|1699672883\n|switch|p1a: what dat mouth do|Eelektross, F|100\/100\n|turn|12\n|\n|t:|1699672895\n|move|p2a: On Stage|Liquidation|p1a: what dat mouth do\n|-damage|p1a: what dat mouth do|65\/100\n|move|p1a: what dat mouth do|Thunder Punch|p2a: On Stage\n|-supereffective|p2a: On Stage\n|-damage|p2a: On Stage|0 fnt\n|-damage|p1a: what dat mouth do|48\/100|[from] item: Rocky Helmet|[of] p2a: On Stage\n|faint|p2a: On Stage\n|\n|upkeep\n|\n|t:|1699672911\n|switch|p2a: Fumble Code|Shiftry, M|100\/100\n|-damage|p2a: Fumble Code|88\/100|[from] Spikes\n|turn|13\n|\n|t:|1699672926\n|switch|p1a: flame-ingo|Moltres, shiny|100\/100\n|move|p2a: Fumble Code|Tailwind|p2a: Fumble Code\n|-sidestart|p2: SpecsGastr0|move: Tailwind\n|\n|-sideend|p1: PapaPena|Reflect\n|upkeep\n|turn|14\n|\n|t:|1699672947\n|move|p2a: Fumble Code|Knock Off|p1a: flame-ingo\n|-crit|p1a: flame-ingo\n|-damage|p1a: flame-ingo|11\/100\n|-enditem|p1a: flame-ingo|Heavy-Duty Boots|[from] move: Knock Off|[of] p2a: Fumble Code\n|-damage|p2a: Fumble Code|78\/100|[from] item: Life Orb\n|move|p1a: flame-ingo|Air Slash|p2a: Fumble Code\n|-supereffective|p2a: Fumble Code\n|-damage|p2a: Fumble Code|0 fnt\n|faint|p2a: Fumble Code\n|\n|-sideend|p1: PapaPena|move: Light Screen\n|upkeep\n|\n|t:|1699672960\n|switch|p2a: Night Ruler|Noctowl, M|100\/100\n|turn|15\n|\n|t:|1699672965\n|move|p2a: Night Ruler|Calm Mind|p2a: Night Ruler\n|-boost|p2a: Night Ruler|spa|1\n|-boost|p2a: Night Ruler|spd|1\n|move|p1a: flame-ingo|Roost|p1a: flame-ingo\n|-heal|p1a: flame-ingo|61\/100\n|-singleturn|p1a: flame-ingo|move: Roost\n|\n|upkeep\n|turn|16\n|\n|t:|1699672979\n|switch|p1a: Klefki|Klefki, F|54\/100\n|move|p2a: Night Ruler|Hyper Voice|p1a: Klefki\n|-resisted|p1a: Klefki\n|-damage|p1a: Klefki|0 fnt\n|faint|p1a: Klefki\n|\n|-sideend|p2: SpecsGastr0|move: Tailwind\n|upkeep\n|\n|t:|1699672991\n|switch|p1a: Lycanroc|Lycanroc-Midnight, F, tera:Steel|28\/100\n|turn|17\n|j| HeirEhm\n|\n|t:|1699672998\n|move|p1a: Lycanroc|Brick Break|p2a: Night Ruler\n|-damage|p2a: Night Ruler|67\/100\n|move|p2a: Night Ruler|Hyper Voice|p1a: Lycanroc\n|-resisted|p1a: Lycanroc\n|-damage|p1a: Lycanroc|0 fnt\n|faint|p1a: Lycanroc\n|\n|-heal|p2a: Night Ruler|73\/100|[from] item: Leftovers\n|upkeep\n|l| HeirEhm\n|\n|t:|1699673014\n|switch|p1a: flame-ingo|Moltres, shiny|61\/100\n|turn|18\n|\n|t:|1699673026\n|move|p1a: flame-ingo|Flamethrower|p2a: Night Ruler\n|-damage|p2a: Night Ruler|50\/100\n|move|p2a: Night Ruler|Hyper Voice|p1a: flame-ingo\n|-damage|p1a: flame-ingo|17\/100\n|\n|-heal|p2a: Night Ruler|57\/100|[from] item: Leftovers\n|upkeep\n|turn|19\n|\n|t:|1699673035\n|move|p1a: flame-ingo|Roost|p1a: flame-ingo\n|-heal|p1a: flame-ingo|68\/100\n|-singleturn|p1a: flame-ingo|move: Roost\n|move|p2a: Night Ruler|Roost|p2a: Night Ruler\n|-heal|p2a: Night Ruler|100\/100\n|-singleturn|p2a: Night Ruler|move: Roost\n|\n|upkeep\n|turn|20\n|\n|t:|1699673043\n|move|p1a: flame-ingo|Air Slash|p2a: Night Ruler\n|-damage|p2a: Night Ruler|83\/100\n|move|p2a: Night Ruler|Calm Mind|p2a: Night Ruler\n|-boost|p2a: Night Ruler|spa|1\n|-boost|p2a: Night Ruler|spd|1\n|\n|-heal|p2a: Night Ruler|90\/100|[from] item: Leftovers\n|upkeep\n|turn|21\n|\n|t:|1699673059\n|move|p1a: flame-ingo|Roost|p1a: flame-ingo\n|-heal|p1a: flame-ingo|100\/100\n|-singleturn|p1a: flame-ingo|move: Roost\n|move|p2a: Night Ruler|Calm Mind|p2a: Night Ruler\n|-boost|p2a: Night Ruler|spa|1\n|-boost|p2a: Night Ruler|spd|1\n|\n|-heal|p2a: Night Ruler|96\/100|[from] item: Leftovers\n|upkeep\n|turn|22\n|\n|t:|1699673074\n|switch|p1a: what dat mouth do|Eelektross, F|48\/100\n|move|p2a: Night Ruler|Hyper Voice|p1a: what dat mouth do\n|-crit|p1a: what dat mouth do\n|-damage|p1a: what dat mouth do|0 fnt\n|faint|p1a: what dat mouth do\n|\n|-heal|p2a: Night Ruler|100\/100|[from] item: Leftovers\n|upkeep\n|\n|t:|1699673081\n|switch|p1a: Tornadus|Tornadus-Therian, M|100\/100\n|turn|23\n|\n|t:|1699673109\n|move|p1a: Tornadus|Dark Pulse|p2a: Night Ruler\n|-damage|p2a: Night Ruler|92\/100\n|move|p2a: Night Ruler|Hyper Voice|p1a: Tornadus\n|-damage|p1a: Tornadus|0 fnt\n|faint|p1a: Tornadus\n|\n|-heal|p2a: Night Ruler|98\/100|[from] item: Leftovers\n|upkeep\n|\n|t:|1699673117\n|switch|p1a: flame-ingo|Moltres, shiny|100\/100\n|turn|24\n|\n|t:|1699673121\n|move|p1a: flame-ingo|Flamethrower|p2a: Night Ruler\n|-damage|p2a: Night Ruler|86\/100\n|move|p2a: Night Ruler|Hurricane|p1a: flame-ingo\n|-damage|p1a: flame-ingo|15\/100\n|-start|p1a: flame-ingo|confusion\n|\n|-heal|p2a: Night Ruler|92\/100|[from] item: Leftovers\n|upkeep\n|turn|25\n|\n|t:|1699673130\n|-activate|p1a: flame-ingo|confusion\n|move|p1a: flame-ingo|Roost|p1a: flame-ingo\n|-heal|p1a: flame-ingo|65\/100\n|-singleturn|p1a: flame-ingo|move: Roost\n|move|p2a: Night Ruler|Hyper Voice|p1a: flame-ingo\n|-damage|p1a: flame-ingo|2\/100\n|\n|-heal|p2a: Night Ruler|98\/100|[from] item: Leftovers\n|upkeep\n|turn|26\n|\n|t:|1699673138\n|-activate|p1a: flame-ingo|confusion\n|-damage|p1a: flame-ingo|0 fnt|[from] confusion\n|faint|p1a: flame-ingo\n|\n|win|SpecsGastr0\n|raw|PapaPena's rating: 1063 &rarr; <strong>1045<\/strong><br \/>(-18 for losing)\n|raw|SpecsGastr0's rating: 1090 &rarr; <strong>1114<\/strong><br \/>(+24 for winning)\n|l|\u2606PapaPena\n","uploadtime":1699673145,"views":25,"p1id":"papapena","p2id":"specsgastr0","formatid":"gen9nationaldex","rating":1045,"private":0,"password":""}