{"id":"gen9nationaldex-1991180161","p1":"Ribbit Mania","p2":"yugontianyi","format":"[Gen 9] National Dex","log":"|j|\u2606Ribbit Mania\n|j|\u2606yugontianyi\n|t:|1700054208\n|gametype|singles\n|player|p1|Ribbit Mania|skierf|1130\n|player|p2|yugontianyi|giovanni|1213\n|teamsize|p1|6\n|teamsize|p2|6\n|gen|9\n|tier|[Gen 9] National Dex\n|rated|\n|rule|HP Percentage Mod: HP is shown in percentages\n|rule|Endless Battle Clause: Forcing endless battles is banned\n|rule|OHKO Clause: OHKO moves are banned\n|rule|Evasion Clause: Evasion abilities, items, and moves are banned\n|rule|Evasion Abilities Clause: Evasion abilities are banned\n|rule|Evasion Items Clause: Evasion items are banned\n|rule|Evasion Moves Clause: Evasion moves are banned\n|rule|Species Clause: Limit one of each Pok\u00e9mon\n|rule|Sleep Clause Mod: Limit one foe put to sleep\n|clearpoke\n|poke|p1|Maushold|\n|poke|p1|Cloyster, F|\n|poke|p1|Cinccino, F|\n|poke|p1|Gliscor, M|\n|poke|p1|Blaziken, M|\n|poke|p1|Beedrill, M|\n|poke|p2|Crawdaunt, F|\n|poke|p2|Ribombee, F|\n|poke|p2|Jolteon, M|\n|poke|p2|Absol, M|\n|poke|p2|Wobbuffet, F|\n|poke|p2|Maractus, F|\n|teampreview\n|inactive|Battle timer is ON: inactive players will automatically lose when time's up. (requested by Ribbit Mania)\n|inactive|yugontianyi also wants the timer to be on.\n|\n|t:|1700054225\n|start\n|switch|p1a: Euphemism|Cloyster, F|100\/100\n|switch|p2a: Ribombee|Ribombee, F|100\/100\n|turn|1\n|\n|t:|1700054230\n|move|p2a: Ribombee|Trick|p1a: Euphemism\n|-activate|p2a: Ribombee|move: Trick|[of] p1a: Euphemism\n|-item|p1a: Euphemism|Choice Specs|[from] move: Trick\n|-item|p2a: Ribombee|Focus Sash|[from] move: Trick\n|move|p1a: Euphemism|Shell Smash|p1a: Euphemism\n|-unboost|p1a: Euphemism|def|1\n|-unboost|p1a: Euphemism|spd|1\n|-boost|p1a: Euphemism|atk|2\n|-boost|p1a: Euphemism|spa|2\n|-boost|p1a: Euphemism|spe|2\n|\n|upkeep\n|turn|2\n|\n|t:|1700054248\n|move|p1a: Euphemism|Shell Smash|p1a: Euphemism\n|-unboost|p1a: Euphemism|def|1\n|-unboost|p1a: Euphemism|spd|1\n|-boost|p1a: Euphemism|atk|2\n|-boost|p1a: Euphemism|spa|2\n|-boost|p1a: Euphemism|spe|2\n|move|p2a: Ribombee|Moonblast|p1a: Euphemism\n|-crit|p1a: Euphemism\n|-damage|p1a: Euphemism|0 fnt\n|faint|p1a: Euphemism\n|\n|upkeep\n|\n|t:|1700054251\n|switch|p1a: Scapegoat|Gliscor, M|100\/100\n|turn|3\n|\n|t:|1700054257\n|move|p2a: Ribombee|Sticky Web|p1a: Scapegoat\n|-sidestart|p1: Ribbit Mania|move: Sticky Web\n|move|p1a: Scapegoat|Dual Wingbeat|p2a: Ribombee\n|-supereffective|p2a: Ribombee\n|-damage|p2a: Ribombee|34\/100\n|-supereffective|p2a: Ribombee\n|-damage|p2a: Ribombee|0 fnt\n|faint|p2a: Ribombee\n|-hitcount|p2: Ribombee|2\n|\n|-status|p1a: Scapegoat|tox|[from] item: Toxic Orb\n|upkeep\n|\n|t:|1700054261\n|switch|p2a: Wobbuffet|Wobbuffet, F|100\/100\n|turn|4\n|\n|t:|1700054264\n|move|p1a: Scapegoat|Substitute|p1a: Scapegoat\n|-start|p1a: Scapegoat|Substitute\n|-damage|p1a: Scapegoat|76\/100 tox\n|move|p2a: Wobbuffet|Counter||[still]\n|-fail|p2a: Wobbuffet\n|\n|-heal|p1a: Scapegoat|88\/100 tox|[from] ability: Poison Heal\n|upkeep\n|turn|5\n|\n|t:|1700054272\n|move|p1a: Scapegoat|Swords Dance|p1a: Scapegoat\n|-boost|p1a: Scapegoat|atk|2\n|move|p2a: Wobbuffet|Safeguard|p2a: Wobbuffet\n|-sidestart|p2: yugontianyi|Safeguard\n|\n|-heal|p1a: Scapegoat|100\/100 tox|[from] ability: Poison Heal\n|upkeep\n|turn|6\n|\n|t:|1700054282\n|move|p1a: Scapegoat|Swords Dance|p1a: Scapegoat\n|-boost|p1a: Scapegoat|atk|2\n|move|p2a: Wobbuffet|Counter||[still]\n|-fail|p2a: Wobbuffet\n|\n|upkeep\n|turn|7\n|\n|t:|1700054289\n|move|p1a: Scapegoat|Swords Dance|p1a: Scapegoat\n|-boost|p1a: Scapegoat|atk|2\n|move|p2a: Wobbuffet|Counter||[still]\n|-fail|p2a: Wobbuffet\n|\n|upkeep\n|turn|8\n|\n|t:|1700054295\n|move|p1a: Scapegoat|Substitute|p1a: Scapegoat\n|-fail|p1a: Scapegoat|move: Substitute\n|move|p2a: Wobbuffet|Counter||[still]\n|-fail|p2a: Wobbuffet\n|\n|upkeep\n|turn|9\n|\n|t:|1700054300\n|move|p1a: Scapegoat|Substitute|p1a: Scapegoat\n|-fail|p1a: Scapegoat|move: Substitute\n|move|p2a: Wobbuffet|Counter||[still]\n|-fail|p2a: Wobbuffet\n|\n|-sideend|p2: yugontianyi|Safeguard\n|upkeep\n|turn|10\n|\n|t:|1700054309\n|move|p1a: Scapegoat|Dual Wingbeat|p2a: Wobbuffet\n|-damage|p2a: Wobbuffet|47\/100\n|-crit|p2a: Wobbuffet\n|-damage|p2a: Wobbuffet|0 fnt\n|faint|p2a: Wobbuffet\n|-hitcount|p2: Wobbuffet|2\n|\n|upkeep\n|\n|t:|1700054312\n|switch|p2a: Crawdaunt|Crawdaunt, F|100\/100\n|turn|11\n|\n|t:|1700054318\n|move|p2a: Crawdaunt|Aqua Jet|p1a: Scapegoat\n|-supereffective|p1a: Scapegoat\n|-end|p1a: Scapegoat|Substitute\n|move|p1a: Scapegoat|Dual Wingbeat|p2a: Crawdaunt\n|-damage|p2a: Crawdaunt|17\/100\n|-crit|p2a: Crawdaunt\n|-damage|p2a: Crawdaunt|0 fnt\n|faint|p2a: Crawdaunt\n|-hitcount|p2: Crawdaunt|2\n|\n|upkeep\n|\n|t:|1700054328\n|switch|p2a: Jolteon|Jolteon, M|100\/100\n|turn|12\n|\n|t:|1700054334\n|move|p2a: Jolteon|Shadow Ball|p1a: Scapegoat\n|-damage|p1a: Scapegoat|36\/100 tox\n|-unboost|p1a: Scapegoat|spd|1\n|move|p1a: Scapegoat|Earthquake|p2a: Jolteon\n|-supereffective|p2a: Jolteon\n|-damage|p2a: Jolteon|0 fnt\n|faint|p2a: Jolteon\n|\n|-heal|p1a: Scapegoat|48\/100 tox|[from] ability: Poison Heal\n|upkeep\n|\n|t:|1700054339\n|switch|p2a: Absol|Absol, M|100\/100\n|turn|13\n|\n|t:|1700054350\n|move|p1a: Scapegoat|Earthquake|p2a: Absol\n|-damage|p2a: Absol|0 fnt\n|faint|p2a: Absol\n|\n|-heal|p1a: Scapegoat|61\/100 tox|[from] ability: Poison Heal\n|upkeep\n|\n|t:|1700054352\n|switch|p2a: Maractus|Maractus, F|100\/100\n|turn|14\n|\n|t:|1700054359\n|move|p1a: Scapegoat|Dual Wingbeat|p2a: Maractus\n|-supereffective|p2a: Maractus\n|-damage|p2a: Maractus|0 fnt\n|faint|p2a: Maractus\n|-hitcount|p2: Maractus|1\n|\n|win|Ribbit Mania\n|raw|Ribbit Mania's rating: 1130 &rarr; <strong>1161<\/strong><br \/>(+31 for winning)\n|raw|yugontianyi's rating: 1213 &rarr; <strong>1182<\/strong><br \/>(-31 for losing)\n|c|\u2606Ribbit Mania|Gg\n|l|\u2606yugontianyi\n","uploadtime":1700054500,"views":16,"p1id":"ribbitmania","p2id":"yugontianyi","formatid":"gen9nationaldex","rating":1161,"private":0,"password":""}