{"id":"gen9nationaldex-1987175632","p1":"zeonteo","p2":"The challenger123","format":"[Gen 9] National Dex","log":"|j|\u2606zeonteo\n|j|\u2606The challenger123\n|t:|1699562445\n|gametype|singles\n|player|p1|zeonteo|pokemonranger-gen4|1187\n|player|p2|The challenger123|li|1275\n|teamsize|p1|6\n|teamsize|p2|6\n|gen|9\n|tier|[Gen 9] National Dex\n|rated|\n|rule|HP Percentage Mod: HP is shown in percentages\n|rule|Endless Battle Clause: Forcing endless battles is banned\n|rule|OHKO Clause: OHKO moves are banned\n|rule|Evasion Clause: Evasion abilities, items, and moves are banned\n|rule|Evasion Abilities Clause: Evasion abilities are banned\n|rule|Evasion Items Clause: Evasion items are banned\n|rule|Evasion Moves Clause: Evasion moves are banned\n|rule|Species Clause: Limit one of each Pok\u00e9mon\n|rule|Sleep Clause Mod: Limit one foe put to sleep\n|clearpoke\n|poke|p1|Torkoal, F|\n|poke|p1|Charizard, F|\n|poke|p1|Hatterene, F|\n|poke|p1|Great Tusk|\n|poke|p1|Venusaur, F|\n|poke|p1|Garganacl, M|\n|poke|p2|Politoed, F|\n|poke|p2|Pelipper, F|\n|poke|p2|Ludicolo, M|\n|poke|p2|Clodsire, F|\n|poke|p2|Kingdra, M|\n|poke|p2|Swampert, M|\n|teampreview\n|inactive|Battle timer is ON: inactive players will automatically lose when time's up. (requested by zeonteo)\n|\n|t:|1699562452\n|start\n|switch|p1a: Charizard|Charizard, F|100\/100\n|switch|p2a: Politoed|Politoed, F|100\/100\n|-weather|RainDance|[from] ability: Drizzle|[of] p2a: Politoed\n|turn|1\n|\n|t:|1699562472\n|detailschange|p1a: Charizard|Charizard-Mega-Y, F\n|-mega|p1a: Charizard|Charizard|Charizardite Y\n|-weather|SunnyDay|[from] ability: Drought|[of] p1a: Charizard\n|move|p1a: Charizard|Solar Beam||[still]\n|-prepare|p1a: Charizard|Solar Beam\n|-anim|p1a: Charizard|Solar Beam|p2a: Politoed\n|-supereffective|p2a: Politoed\n|-damage|p2a: Politoed|25\/100\n|move|p2a: Politoed|Rain Dance|p2a: Politoed\n|-weather|RainDance\n|\n|-weather|RainDance|[upkeep]\n|upkeep\n|turn|2\n|\n|t:|1699562486\n|switch|p2a: Kingdra|Kingdra, M|100\/100\n|move|p1a: Charizard|Air Slash|p2a: Kingdra\n|-damage|p2a: Kingdra|43\/100\n|\n|-weather|RainDance|[upkeep]\n|upkeep\n|turn|3\n|\n|t:|1699562501\n|switch|p1a: Torkoal|Torkoal, F, shiny|100\/100\n|-weather|SunnyDay|[from] ability: Drought|[of] p1a: Torkoal\n|move|p2a: Kingdra|Scald|p1a: Torkoal\n|-supereffective|p1a: Torkoal\n|-damage|p1a: Torkoal|32\/100\n|\n|-weather|SunnyDay|[upkeep]\n|upkeep\n|turn|4\n|\n|t:|1699562513\n|switch|p1a: Venusaur|Venusaur, F, shiny|100\/100\n|move|p2a: Kingdra|Scald|p1a: Venusaur\n|-resisted|p1a: Venusaur\n|-damage|p1a: Venusaur|85\/100\n|\n|-weather|SunnyDay|[upkeep]\n|upkeep\n|turn|5\n|\n|t:|1699562527\n|switch|p2a: Pelipper|Pelipper, F|100\/100\n|-weather|RainDance|[from] ability: Drizzle|[of] p2a: Pelipper\n|move|p1a: Venusaur|Growth|p1a: Venusaur\n|-boost|p1a: Venusaur|atk|1\n|-boost|p1a: Venusaur|spa|1\n|\n|-weather|RainDance|[upkeep]\n|upkeep\n|turn|6\n|\n|t:|1699562538\n|move|p1a: Venusaur|Giga Drain|p2a: Pelipper\n|-damage|p2a: Pelipper|18\/100\n|-heal|p1a: Venusaur|100\/100|[from] drain|[of] p2a: Pelipper\n|-damage|p1a: Venusaur|91\/100|[from] item: Life Orb\n|move|p2a: Pelipper|Knock Off|p1a: Venusaur\n|-damage|p1a: Venusaur|75\/100\n|-enditem|p1a: Venusaur|Life Orb|[from] move: Knock Off|[of] p2a: Pelipper\n|\n|-weather|RainDance|[upkeep]\n|upkeep\n|turn|7\n|\n|t:|1699562551\n|switch|p2a: Clodsire|Clodsire, F|100\/100\n|move|p1a: Venusaur|Giga Drain|p2a: Clodsire\n|-damage|p2a: Clodsire|76\/100\n|-heal|p1a: Venusaur|93\/100|[from] drain|[of] p2a: Clodsire\n|\n|-weather|RainDance|[upkeep]\n|-heal|p2a: Clodsire|83\/100|[from] item: Leftovers\n|upkeep\n|turn|8\n|\n|t:|1699562562\n|-terastallize|p2a: Clodsire|Dark\n|move|p1a: Venusaur|Weather Ball|p2a: Clodsire\n|-damage|p2a: Clodsire|50\/100\n|move|p2a: Clodsire|Earthquake|p1a: Venusaur\n|-damage|p1a: Venusaur|55\/100\n|\n|-weather|RainDance|[upkeep]\n|-heal|p2a: Clodsire|57\/100|[from] item: Leftovers\n|upkeep\n|turn|9\n|\n|t:|1699562574\n|move|p1a: Venusaur|Giga Drain|p2a: Clodsire\n|-damage|p2a: Clodsire|34\/100\n|-heal|p1a: Venusaur|71\/100|[from] drain|[of] p2a: Clodsire\n|move|p2a: Clodsire|Recover|p2a: Clodsire\n|-heal|p2a: Clodsire|84\/100\n|\n|-weather|RainDance|[upkeep]\n|-heal|p2a: Clodsire|90\/100|[from] item: Leftovers\n|upkeep\n|turn|10\n|\n|t:|1699562585\n|move|p1a: Venusaur|Sludge Bomb|p2a: Clodsire\n|-damage|p2a: Clodsire|58\/100\n|move|p2a: Clodsire|Earthquake|p1a: Venusaur\n|-damage|p1a: Venusaur|36\/100\n|\n|-weather|RainDance|[upkeep]\n|-heal|p2a: Clodsire|64\/100|[from] item: Leftovers\n|upkeep\n|turn|11\n|\n|t:|1699562596\n|switch|p2a: Pelipper|Pelipper, F|18\/100\n|move|p1a: Venusaur|Giga Drain|p2a: Pelipper\n|-crit|p2a: Pelipper\n|-damage|p2a: Pelipper|0 fnt\n|-heal|p1a: Venusaur|43\/100|[from] drain|[of] p2a: Pelipper\n|faint|p2a: Pelipper\n|\n|-weather|RainDance|[upkeep]\n|upkeep\n|\n|t:|1699562613\n|switch|p2a: Kingdra|Kingdra, M|43\/100\n|turn|12\n|\n|t:|1699562619\n|switch|p1a: Torkoal|Torkoal, F, shiny|32\/100\n|-weather|SunnyDay|[from] ability: Drought|[of] p1a: Torkoal\n|move|p2a: Kingdra|Scald|p1a: Torkoal\n|-supereffective|p1a: Torkoal\n|-damage|p1a: Torkoal|0 fnt\n|faint|p1a: Torkoal\n|\n|-weather|SunnyDay|[upkeep]\n|upkeep\n|\n|t:|1699562631\n|switch|p1a: Venusaur|Venusaur, F, shiny|43\/100\n|turn|13\n|\n|t:|1699562641\n|switch|p2a: Clodsire|Clodsire, F, tera:Dark|64\/100\n|move|p1a: Venusaur|Growth|p1a: Venusaur\n|-boost|p1a: Venusaur|atk|2\n|-boost|p1a: Venusaur|spa|2\n|\n|-weather|SunnyDay|[upkeep]\n|-heal|p2a: Clodsire|71\/100|[from] item: Leftovers\n|upkeep\n|turn|14\n|\n|t:|1699562653\n|move|p1a: Venusaur|Giga Drain|p2a: Clodsire\n|-damage|p2a: Clodsire|48\/100\n|-heal|p1a: Venusaur|60\/100|[from] drain|[of] p2a: Clodsire\n|move|p2a: Clodsire|Earthquake|p1a: Venusaur\n|-damage|p1a: Venusaur|22\/100\n|\n|-weather|SunnyDay|[upkeep]\n|-heal|p2a: Clodsire|54\/100|[from] item: Leftovers\n|upkeep\n|turn|15\n|\n|t:|1699562665\n|switch|p1a: Charizard|Charizard-Mega-Y, F|100\/100\n|move|p2a: Clodsire|Earthquake|p1a: Charizard\n|-immune|p1a: Charizard\n|\n|-weather|SunnyDay|[upkeep]\n|-heal|p2a: Clodsire|60\/100|[from] item: Leftovers\n|upkeep\n|turn|16\n|\n|t:|1699562676\n|move|p1a: Charizard|Flamethrower|p2a: Clodsire\n|-damage|p2a: Clodsire|1\/100\n|move|p2a: Clodsire|Recover|p2a: Clodsire\n|-heal|p2a: Clodsire|51\/100\n|\n|-weather|SunnyDay|[upkeep]\n|-heal|p2a: Clodsire|57\/100|[from] item: Leftovers\n|upkeep\n|turn|17\n|\n|t:|1699562686\n|switch|p2a: Politoed|Politoed, F|25\/100\n|-weather|RainDance|[from] ability: Drizzle|[of] p2a: Politoed\n|move|p1a: Charizard|Air Slash|p2a: Politoed\n|-damage|p2a: Politoed|0 fnt\n|faint|p2a: Politoed\n|\n|-weather|RainDance|[upkeep]\n|upkeep\n|\n|t:|1699562697\n|switch|p2a: Kingdra|Kingdra, M|43\/100\n|turn|18\n|\n|t:|1699562710\n|switch|p1a: Hatterene|Hatterene, F|100\/100\n|move|p2a: Kingdra|Scald|p1a: Hatterene\n|-damage|p1a: Hatterene|42\/100\n|\n|-weather|RainDance|[upkeep]\n|-heal|p1a: Hatterene|48\/100|[from] item: Leftovers\n|upkeep\n|turn|19\n|\n|t:|1699562720\n|switch|p1a: Charizard|Charizard-Mega-Y, F|100\/100\n|-weather|SunnyDay|[from] ability: Drought|[of] p1a: Charizard\n|move|p2a: Kingdra|Scald|p1a: Charizard\n|-supereffective|p1a: Charizard\n|-damage|p1a: Charizard|46\/100\n|\n|-weather|SunnyDay|[upkeep]\n|upkeep\n|turn|20\n|\n|t:|1699562732\n|move|p1a: Charizard|Solar Beam||[still]\n|-prepare|p1a: Charizard|Solar Beam\n|-anim|p1a: Charizard|Solar Beam|p2a: Kingdra\n|-damage|p2a: Kingdra|0 fnt\n|faint|p2a: Kingdra\n|\n|-weather|SunnyDay|[upkeep]\n|upkeep\n|\n|t:|1699562740\n|switch|p2a: Ludicolo|Ludicolo, M|100\/100\n|turn|21\n|\n|t:|1699562749\n|move|p1a: Charizard|Air Slash|p2a: Ludicolo\n|-supereffective|p2a: Ludicolo\n|-damage|p2a: Ludicolo|0 fnt\n|faint|p2a: Ludicolo\n|\n|-weather|SunnyDay|[upkeep]\n|upkeep\n|\n|t:|1699562755\n|switch|p2a: Mr.punchy|Swampert, M|100\/100\n|turn|22\n|\n|t:|1699562759\n|detailschange|p2a: Mr.punchy|Swampert-Mega, M\n|-mega|p2a: Mr.punchy|Swampert|Swampertite\n|move|p1a: Charizard|Solar Beam||[still]\n|-prepare|p1a: Charizard|Solar Beam\n|-anim|p1a: Charizard|Solar Beam|p2a: Mr.punchy\n|-supereffective|p2a: Mr.punchy\n|-damage|p2a: Mr.punchy|0 fnt\n|faint|p2a: Mr.punchy\n|\n|-weather|SunnyDay|[upkeep]\n|upkeep\n|-message|The challenger123 forfeited.\n|\n|win|zeonteo\n|raw|zeonteo's rating: 1187 &rarr; <strong>1218<\/strong><br \/>(+31 for winning)\n|raw|The challenger123's rating: 1275 &rarr; <strong>1244<\/strong><br \/>(-31 for losing)\n|l|\u2606The challenger123\n","uploadtime":1699562773,"views":29,"p1id":"zeonteo","p2id":"thechallenger123","formatid":"gen9nationaldex","rating":1218,"private":0,"password":""}