{"id":"gen9nationaldex-1989493301","p1":"snivy ye \u53f6\u86c7","p2":"Tokiwakano","format":"[Gen 9] National Dex","log":"|j|\u2606snivy ye \u53f6\u86c7\n|j|\u2606Tokiwakano\n|t:|1699859962\n|gametype|singles\n|player|p1|snivy ye \u53f6\u86c7|winona|1858\n|player|p2|Tokiwakano|caitlin|1751\n|teamsize|p1|6\n|teamsize|p2|6\n|gen|9\n|tier|[Gen 9] National Dex\n|rated|\n|rule|HP Percentage Mod: HP is shown in percentages\n|rule|Endless Battle Clause: Forcing endless battles is banned\n|rule|OHKO Clause: OHKO moves are banned\n|rule|Evasion Clause: Evasion abilities, items, and moves are banned\n|rule|Evasion Abilities Clause: Evasion abilities are banned\n|rule|Evasion Items Clause: Evasion items are banned\n|rule|Evasion Moves Clause: Evasion moves are banned\n|rule|Species Clause: Limit one of each Pok\u00e9mon\n|rule|Sleep Clause Mod: Limit one foe put to sleep\n|clearpoke\n|poke|p1|Slowbro, F|\n|poke|p1|Landorus-Therian, M|\n|poke|p1|Arcanine-Hisui, F|\n|poke|p1|Corviknight, F|\n|poke|p1|Tapu Koko|\n|poke|p1|Tyranitar, F|\n|poke|p2|Tapu Koko|\n|poke|p2|Iron Valiant|\n|poke|p2|Garchomp, M|\n|poke|p2|Ferrothorn, F|\n|poke|p2|Scizor, F|\n|poke|p2|Gliscor, M|\n|teampreview\n|j| zgiatq\u8d85\u7ea7\u53ef\u7231\u4e4b\u795e\n|inactive|Battle timer is ON: inactive players will automatically lose when time's up. (requested by snivy ye \u53f6\u86c7)\n|\n|t:|1699859971\n|start\n|switch|p1a: \u81ea\u7531\u53c8\u6b66\u65ad|Slowbro, F|100\/100\n|switch|p2a: Tapu Koko|Tapu Koko|100\/100\n|-fieldstart|move: Electric Terrain|[from] ability: Electric Surge|[of] p2a: Tapu Koko\n|turn|1\n|\n|t:|1699859980\n|switch|p1a: \u66b4\u529b\u4e0d\u662f\u76ee\u7684|Landorus-Therian, M|100\/100\n|-ability|p1a: \u66b4\u529b\u4e0d\u662f\u76ee\u7684|Intimidate|boost\n|-unboost|p2a: Tapu Koko|atk|1\n|move|p2a: Tapu Koko|Volt Switch|p1a: \u66b4\u529b\u4e0d\u662f\u76ee\u7684\n|-immune|p1a: \u66b4\u529b\u4e0d\u662f\u76ee\u7684\n|\n|upkeep\n|turn|2\n|\n|t:|1699859987\n|move|p2a: Tapu Koko|Hidden Power|p1a: \u66b4\u529b\u4e0d\u662f\u76ee\u7684\n|-supereffective|p1a: \u66b4\u529b\u4e0d\u662f\u76ee\u7684\n|-damage|p1a: \u66b4\u529b\u4e0d\u662f\u76ee\u7684|31\/100\n|move|p1a: \u66b4\u529b\u4e0d\u662f\u76ee\u7684|Stealth Rock|p2a: Tapu Koko\n|-sidestart|p2: Tokiwakano|move: Stealth Rock\n|\n|upkeep\n|turn|3\n|\n|t:|1699860000\n|move|p2a: Tapu Koko|Volt Switch|p1a: \u66b4\u529b\u4e0d\u662f\u76ee\u7684\n|-immune|p1a: \u66b4\u529b\u4e0d\u662f\u76ee\u7684\n|move|p1a: \u66b4\u529b\u4e0d\u662f\u76ee\u7684|Earthquake|p2a: Tapu Koko\n|-supereffective|p2a: Tapu Koko\n|-damage|p2a: Tapu Koko|0 fnt\n|faint|p2a: Tapu Koko\n|\n|upkeep\n|\n|t:|1699860002\n|switch|p2a: Iron Valiant|Iron Valiant|100\/100\n|-damage|p2a: Iron Valiant|94\/100|[from] Stealth Rock\n|-activate|p2a: Iron Valiant|ability: Quark Drive\n|-start|p2a: Iron Valiant|quarkdrivespe\n|turn|4\n|\n|t:|1699860012\n|switch|p1a: \u6700\u540e\u7684\u9632\u7ebf|Corviknight, F|100\/100\n|move|p2a: Iron Valiant|Moonblast|p1a: \u6700\u540e\u7684\u9632\u7ebf\n|-resisted|p1a: \u6700\u540e\u7684\u9632\u7ebf\n|-damage|p1a: \u6700\u540e\u7684\u9632\u7ebf|65\/100\n|-ability|p1a: \u6700\u540e\u7684\u9632\u7ebf|Mirror Armor\n|-unboost|p2a: Iron Valiant|spa|1\n|\n|upkeep\n|turn|5\n|\n|t:|1699860023\n|-end|p2a: Iron Valiant|Quark Drive|[silent]\n|switch|p2a: Gliscor|Gliscor, M|100\/100\n|-damage|p2a: Gliscor|88\/100|[from] Stealth Rock\n|move|p1a: \u6700\u540e\u7684\u9632\u7ebf|Roost|p1a: \u6700\u540e\u7684\u9632\u7ebf\n|-heal|p1a: \u6700\u540e\u7684\u9632\u7ebf|100\/100\n|-singleturn|p1a: \u6700\u540e\u7684\u9632\u7ebf|move: Roost\n|\n|-fieldend|move: Electric Terrain\n|-status|p2a: Gliscor|tox|[from] item: Toxic Orb\n|upkeep\n|turn|6\n|\n|t:|1699860034\n|switch|p1a: \u81ea\u7531\u53c8\u6b66\u65ad|Slowbro, F|100\/100\n|move|p2a: Gliscor|Defog|p1a: \u81ea\u7531\u53c8\u6b66\u65ad\n|-unboost|p1a: \u81ea\u7531\u53c8\u6b66\u65ad|evasion|1\n|-sideend|p2: Tokiwakano|Stealth Rock|[from] move: Defog|[of] p2a: Gliscor\n|\n|-heal|p2a: Gliscor|100\/100 tox|[from] ability: Poison Heal\n|upkeep\n|turn|7\n|\n|t:|1699860042\n|move|p2a: Gliscor|Toxic|p1a: \u81ea\u7531\u53c8\u6b66\u65ad\n|-status|p1a: \u81ea\u7531\u53c8\u6b66\u65ad|tox\n|move|p1a: \u81ea\u7531\u53c8\u6b66\u65ad|Trick|p2a: Gliscor\n|-activate|p1a: \u81ea\u7531\u53c8\u6b66\u65ad|move: Trick|[of] p2a: Gliscor\n|-item|p2a: Gliscor|Choice Specs|[from] move: Trick\n|-item|p1a: \u81ea\u7531\u53c8\u6b66\u65ad|Toxic Orb|[from] move: Trick\n|\n|-damage|p1a: \u81ea\u7531\u53c8\u6b66\u65ad|94\/100 tox|[from] psn\n|upkeep\n|turn|8\n|j| 1 em trach thu\n|\n|t:|1699860061\n|move|p2a: Gliscor|Earthquake|p1a: \u81ea\u7531\u53c8\u6b66\u65ad\n|-damage|p1a: \u81ea\u7531\u53c8\u6b66\u65ad|71\/100 tox\n|move|p1a: \u81ea\u7531\u53c8\u6b66\u65ad|Surf|p2a: Gliscor\n|-supereffective|p2a: Gliscor\n|-damage|p2a: Gliscor|32\/100 tox\n|\n|-heal|p2a: Gliscor|45\/100 tox|[from] ability: Poison Heal\n|-damage|p1a: \u81ea\u7531\u53c8\u6b66\u65ad|58\/100 tox|[from] psn\n|upkeep\n|turn|9\n|\n|t:|1699860070\n|switch|p2a: Ferrothorn|Ferrothorn, F|100\/100\n|move|p1a: \u81ea\u7531\u53c8\u6b66\u65ad|Teleport|p1a: \u81ea\u7531\u53c8\u6b66\u65ad\n|\n|t:|1699860075\n|switch|p1a: \u4e0d\u706d\u7684\u70df\u706b|Arcanine-Hisui, F|100\/100|[from] Teleport\n|\n|upkeep\n|turn|10\n|\n|t:|1699860082\n|switch|p2a: Gliscor|Gliscor, M|45\/100 tox\n|move|p1a: \u4e0d\u706d\u7684\u70df\u706b|Flare Blitz|p2a: Gliscor\n|-damage|p2a: Gliscor|0 fnt\n|faint|p2a: Gliscor\n|\n|upkeep\n|\n|t:|1699860087\n|switch|p2a: Garchomp|Garchomp, M|100\/100\n|turn|11\n|\n|t:|1699860090\n|switch|p1a: \u66b4\u529b\u4e0d\u662f\u76ee\u7684|Landorus-Therian, M|31\/100\n|-ability|p1a: \u66b4\u529b\u4e0d\u662f\u76ee\u7684|Intimidate|boost\n|-unboost|p2a: Garchomp|atk|1\n|move|p2a: Garchomp|Swords Dance|p2a: Garchomp\n|-boost|p2a: Garchomp|atk|2\n|\n|upkeep\n|turn|12\n|\n|t:|1699860098\n|switch|p1a: \u6700\u540e\u7684\u9632\u7ebf|Corviknight, F|100\/100\n|move|p2a: Garchomp|Stone Edge|p1a: \u6700\u540e\u7684\u9632\u7ebf\n|-damage|p1a: \u6700\u540e\u7684\u9632\u7ebf|67\/100\n|\n|upkeep\n|turn|13\n|\n|t:|1699860103\n|move|p2a: Garchomp|Swords Dance|p2a: Garchomp\n|-boost|p2a: Garchomp|atk|2\n|move|p1a: \u6700\u540e\u7684\u9632\u7ebf|Iron Defense|p1a: \u6700\u540e\u7684\u9632\u7ebf\n|-boost|p1a: \u6700\u540e\u7684\u9632\u7ebf|def|2\n|\n|upkeep\n|turn|14\n|\n|t:|1699860109\n|switch|p2a: Iron Valiant|Iron Valiant|94\/100\n|move|p1a: \u6700\u540e\u7684\u9632\u7ebf|Roost|p1a: \u6700\u540e\u7684\u9632\u7ebf\n|-heal|p1a: \u6700\u540e\u7684\u9632\u7ebf|100\/100\n|-singleturn|p1a: \u6700\u540e\u7684\u9632\u7ebf|move: Roost\n|\n|upkeep\n|turn|15\n|\n|t:|1699860116\n|switch|p1a: \u66b4\u529b\u4e0d\u662f\u76ee\u7684|Landorus-Therian, M|31\/100\n|-ability|p1a: \u66b4\u529b\u4e0d\u662f\u76ee\u7684|Intimidate|boost\n|-unboost|p2a: Iron Valiant|atk|1\n|move|p2a: Iron Valiant|Thunderbolt|p1a: \u66b4\u529b\u4e0d\u662f\u76ee\u7684\n|-immune|p1a: \u66b4\u529b\u4e0d\u662f\u76ee\u7684\n|\n|upkeep\n|turn|16\n|\n|t:|1699860123\n|-end|p2a: Iron Valiant|Quark Drive|[silent]\n|switch|p2a: Ferrothorn|Ferrothorn, F|100\/100\n|move|p1a: \u66b4\u529b\u4e0d\u662f\u76ee\u7684|Earthquake|p2a: Ferrothorn\n|-damage|p2a: Ferrothorn|73\/100\n|\n|-heal|p2a: Ferrothorn|79\/100|[from] item: Leftovers\n|upkeep\n|turn|17\n|\n|t:|1699860134\n|switch|p1a: \u4e0d\u706d\u7684\u70df\u706b|Arcanine-Hisui, F|100\/100\n|move|p2a: Ferrothorn|Stealth Rock|p1a: \u4e0d\u706d\u7684\u70df\u706b\n|-sidestart|p1: snivy ye \u53f6\u86c7|move: Stealth Rock\n|\n|-heal|p2a: Ferrothorn|86\/100|[from] item: Leftovers\n|upkeep\n|turn|18\n|\n|t:|1699860145\n|-terastallize|p2a: Ferrothorn|Ghost\n|move|p1a: \u4e0d\u706d\u7684\u70df\u706b|Close Combat|p2a: Ferrothorn\n|-immune|p2a: Ferrothorn\n|move|p2a: Ferrothorn|Gyro Ball|p1a: \u4e0d\u706d\u7684\u70df\u706b\n|-damage|p1a: \u4e0d\u706d\u7684\u70df\u706b|38\/100\n|\n|-heal|p2a: Ferrothorn|92\/100|[from] item: Leftovers\n|upkeep\n|turn|19\n|\n|t:|1699860154\n|switch|p1a: \u66b4\u529b\u4e0d\u662f\u76ee\u7684|Landorus-Therian, M|31\/100\n|-damage|p1a: \u66b4\u529b\u4e0d\u662f\u76ee\u7684|19\/100|[from] Stealth Rock\n|-ability|p1a: \u66b4\u529b\u4e0d\u662f\u76ee\u7684|Intimidate|boost\n|-unboost|p2a: Ferrothorn|atk|1\n|move|p2a: Ferrothorn|Knock Off|p1a: \u66b4\u529b\u4e0d\u662f\u76ee\u7684\n|-damage|p1a: \u66b4\u529b\u4e0d\u662f\u76ee\u7684|9\/100\n|-damage|p2a: Ferrothorn|75\/100|[from] item: Rocky Helmet|[of] p1a: \u66b4\u529b\u4e0d\u662f\u76ee\u7684\n|-enditem|p1a: \u66b4\u529b\u4e0d\u662f\u76ee\u7684|Rocky Helmet|[from] move: Knock Off|[of] p2a: Ferrothorn\n|\n|-heal|p2a: Ferrothorn|82\/100|[from] item: Leftovers\n|upkeep\n|turn|20\n|\n|t:|1699860166\n|switch|p1a: \u6700\u540e\u7684\u9632\u7ebf|Corviknight, F|100\/100\n|-damage|p1a: \u6700\u540e\u7684\u9632\u7ebf|88\/100|[from] Stealth Rock\n|move|p2a: Ferrothorn|Gyro Ball|p1a: \u6700\u540e\u7684\u9632\u7ebf\n|-resisted|p1a: \u6700\u540e\u7684\u9632\u7ebf\n|-damage|p1a: \u6700\u540e\u7684\u9632\u7ebf|81\/100\n|-damage|p2a: Ferrothorn|65\/100|[from] item: Rocky Helmet|[of] p1a: \u6700\u540e\u7684\u9632\u7ebf\n|\n|-heal|p2a: Ferrothorn|72\/100|[from] item: Leftovers\n|upkeep\n|turn|21\n|\n|t:|1699860176\n|move|p1a: \u6700\u540e\u7684\u9632\u7ebf|Defog|p2a: Ferrothorn\n|-unboost|p2a: Ferrothorn|evasion|1\n|-sideend|p1: snivy ye \u53f6\u86c7|Stealth Rock|[from] move: Defog|[of] p1a: \u6700\u540e\u7684\u9632\u7ebf\n|move|p2a: Ferrothorn|Leech Seed|p1a: \u6700\u540e\u7684\u9632\u7ebf\n|-start|p1a: \u6700\u540e\u7684\u9632\u7ebf|move: Leech Seed\n|\n|-heal|p2a: Ferrothorn|78\/100|[from] item: Leftovers\n|-damage|p1a: \u6700\u540e\u7684\u9632\u7ebf|68\/100|[from] Leech Seed|[of] p2a: Ferrothorn\n|-heal|p2a: Ferrothorn|92\/100|[silent]\n|upkeep\n|turn|22\n|\n|t:|1699860185\n|switch|p1a: \u6b66\u529b\u7684\u624b\u6bb5|Tyranitar, F|100\/100\n|-weather|Sandstorm|[from] ability: Sand Stream|[of] p1a: \u6b66\u529b\u7684\u624b\u6bb5\n|move|p2a: Ferrothorn|Stealth Rock|p1a: \u6b66\u529b\u7684\u624b\u6bb5\n|-sidestart|p1: snivy ye \u53f6\u86c7|move: Stealth Rock\n|\n|-weather|Sandstorm|[upkeep]\n|-damage|p2a: Ferrothorn|86\/100|[from] Sandstorm\n|-heal|p2a: Ferrothorn|92\/100|[from] item: Leftovers\n|upkeep\n|turn|23\n|\n|t:|1699860194\n|switch|p2a: Iron Valiant|Iron Valiant|94\/100\n|detailschange|p1a: \u6b66\u529b\u7684\u624b\u6bb5|Tyranitar-Mega, F\n|-mega|p1a: \u6b66\u529b\u7684\u624b\u6bb5|Tyranitar|Tyranitarite\n|move|p1a: \u6b66\u529b\u7684\u624b\u6bb5|Knock Off|p2a: Iron Valiant\n|-resisted|p2a: Iron Valiant\n|-damage|p2a: Iron Valiant|75\/100\n|-enditem|p2a: Iron Valiant|Choice Specs|[from] move: Knock Off|[of] p1a: \u6b66\u529b\u7684\u624b\u6bb5\n|\n|-weather|Sandstorm|[upkeep]\n|-damage|p2a: Iron Valiant|68\/100|[from] Sandstorm\n|upkeep\n|turn|24\n|\n|t:|1699860204\n|switch|p1a: \u66b4\u529b\u4e0d\u662f\u76ee\u7684|Landorus-Therian, M|9\/100\n|-damage|p1a: \u66b4\u529b\u4e0d\u662f\u76ee\u7684|0 fnt|[from] Stealth Rock\n|faint|p1a: \u66b4\u529b\u4e0d\u662f\u76ee\u7684\n|move|p2a: Iron Valiant|Focus Blast|p1: \u66b4\u529b\u4e0d\u662f\u76ee\u7684|[notarget]\n|-fail|p2a: Iron Valiant\n|\n|-weather|Sandstorm|[upkeep]\n|-damage|p2a: Iron Valiant|62\/100|[from] Sandstorm\n|upkeep\n|\n|t:|1699860213\n|switch|p1a: \u901f\u5ea6\u5728\u4f60\u4e4b\u4e0a|Tapu Koko|100\/100\n|-damage|p1a: \u901f\u5ea6\u5728\u4f60\u4e4b\u4e0a|88\/100|[from] Stealth Rock\n|-fieldstart|move: Electric Terrain|[from] ability: Electric Surge|[of] p1a: \u901f\u5ea6\u5728\u4f60\u4e4b\u4e0a\n|-activate|p2a: Iron Valiant|ability: Quark Drive\n|-start|p2a: Iron Valiant|quarkdrivespe\n|turn|25\n|\n|t:|1699860222\n|-end|p2a: Iron Valiant|Quark Drive|[silent]\n|switch|p2a: Scizor|Scizor, F|100\/100\n|move|p1a: \u901f\u5ea6\u5728\u4f60\u4e4b\u4e0a|Dazzling Gleam|p2a: Scizor\n|-resisted|p2a: Scizor\n|-damage|p2a: Scizor|87\/100\n|\n|-weather|Sandstorm|[upkeep]\n|-damage|p1a: \u901f\u5ea6\u5728\u4f60\u4e4b\u4e0a|82\/100|[from] Sandstorm\n|upkeep\n|turn|26\n|\n|t:|1699860230\n|detailschange|p2a: Scizor|Scizor-Mega, F\n|-mega|p2a: Scizor|Scizor|Scizorite\n|-zpower|p1a: \u901f\u5ea6\u5728\u4f60\u4e4b\u4e0a\n|move|p1a: \u901f\u5ea6\u5728\u4f60\u4e4b\u4e0a|Gigavolt Havoc|p2a: Scizor|[zeffect]\n|-damage|p2a: Scizor|23\/100\n|move|p2a: Scizor|U-turn|p1a: \u901f\u5ea6\u5728\u4f60\u4e4b\u4e0a\n|-resisted|p1a: \u901f\u5ea6\u5728\u4f60\u4e4b\u4e0a\n|-damage|p1a: \u901f\u5ea6\u5728\u4f60\u4e4b\u4e0a|59\/100\n|\n|t:|1699860240\n|switch|p2a: Iron Valiant|Iron Valiant|62\/100|[from] U-turn\n|-activate|p2a: Iron Valiant|ability: Quark Drive\n|-start|p2a: Iron Valiant|quarkdrivespe\n|\n|-weather|none\n|upkeep\n|turn|27\n|\n|t:|1699860250\n|move|p2a: Iron Valiant|Moonblast|p1a: \u901f\u5ea6\u5728\u4f60\u4e4b\u4e0a\n|-damage|p1a: \u901f\u5ea6\u5728\u4f60\u4e4b\u4e0a|0 fnt\n|faint|p1a: \u901f\u5ea6\u5728\u4f60\u4e4b\u4e0a\n|\n|upkeep\n|\n|t:|1699860258\n|switch|p1a: \u6b66\u529b\u7684\u624b\u6bb5|Tyranitar-Mega, F|100\/100\n|-damage|p1a: \u6b66\u529b\u7684\u624b\u6bb5|88\/100|[from] Stealth Rock\n|-weather|Sandstorm|[from] ability: Sand Stream|[of] p1a: \u6b66\u529b\u7684\u624b\u6bb5\n|turn|28\n|\n|t:|1699860265\n|move|p2a: Iron Valiant|Focus Blast|p1a: \u6b66\u529b\u7684\u624b\u6bb5\n|-supereffective|p1a: \u6b66\u529b\u7684\u624b\u6bb5\n|-damage|p1a: \u6b66\u529b\u7684\u624b\u6bb5|0 fnt\n|faint|p1a: \u6b66\u529b\u7684\u624b\u6bb5\n|\n|-weather|Sandstorm|[upkeep]\n|-damage|p2a: Iron Valiant|56\/100|[from] Sandstorm\n|upkeep\n|\n|t:|1699860272\n|switch|p1a: \u4e0d\u706d\u7684\u70df\u706b|Arcanine-Hisui, F|38\/100\n|-damage|p1a: \u4e0d\u706d\u7684\u70df\u706b|13\/100|[from] Stealth Rock\n|turn|29\n|\n|t:|1699860277\n|move|p1a: \u4e0d\u706d\u7684\u70df\u706b|Extreme Speed|p2a: Iron Valiant\n|-damage|p2a: Iron Valiant|5\/100\n|move|p2a: Iron Valiant|Moonblast|p1a: \u4e0d\u706d\u7684\u70df\u706b\n|-resisted|p1a: \u4e0d\u706d\u7684\u70df\u706b\n|-damage|p1a: \u4e0d\u706d\u7684\u70df\u706b|0 fnt\n|faint|p1a: \u4e0d\u706d\u7684\u70df\u706b\n|\n|-weather|Sandstorm|[upkeep]\n|-damage|p2a: Iron Valiant|0 fnt|[from] Sandstorm\n|faint|p2a: Iron Valiant\n|-end|p2a: Iron Valiant|Quark Drive|[silent]\n|-fieldend|move: Electric Terrain\n|upkeep\n|\n|t:|1699860288\n|switch|p2a: Ferrothorn|Ferrothorn, F, tera:Ghost|92\/100\n|switch|p1a: \u81ea\u7531\u53c8\u6b66\u65ad|Slowbro, F|92\/100 tox\n|-damage|p1a: \u81ea\u7531\u53c8\u6b66\u65ad|79\/100 tox|[from] Stealth Rock\n|turn|30\n|\n|t:|1699860299\n|move|p1a: \u81ea\u7531\u53c8\u6b66\u65ad|Surf|p2a: Ferrothorn\n|-damage|p2a: Ferrothorn|53\/100\n|move|p2a: Ferrothorn|Knock Off|p1a: \u81ea\u7531\u53c8\u6b66\u65ad\n|-supereffective|p1a: \u81ea\u7531\u53c8\u6b66\u65ad\n|-damage|p1a: \u81ea\u7531\u53c8\u6b66\u65ad|45\/100 tox\n|-enditem|p1a: \u81ea\u7531\u53c8\u6b66\u65ad|Toxic Orb|[from] move: Knock Off|[of] p2a: Ferrothorn\n|\n|-weather|Sandstorm|[upkeep]\n|-damage|p1a: \u81ea\u7531\u53c8\u6b66\u65ad|39\/100 tox|[from] Sandstorm\n|-damage|p2a: Ferrothorn|47\/100|[from] Sandstorm\n|-heal|p2a: Ferrothorn|53\/100|[from] item: Leftovers\n|-damage|p1a: \u81ea\u7531\u53c8\u6b66\u65ad|33\/100 tox|[from] psn\n|upkeep\n|turn|31\n|l|\u2606Tokiwakano\n|inactive|Tokiwakano disconnected and has a minute to reconnect!\n|player|p2|\n|j|\u2606Tokiwakano\n|inactive|Tokiwakano reconnected and has 130 seconds left.\n|player|p2|Tokiwakano|caitlin\n|\n|t:|1699860327\n|move|p1a: \u81ea\u7531\u53c8\u6b66\u65ad|Trick|p2a: Ferrothorn\n|-activate|p1a: \u81ea\u7531\u53c8\u6b66\u65ad|move: Trick|[of] p2a: Ferrothorn\n|-enditem|p2a: Ferrothorn|Leftovers|[silent]|[from] move: Trick\n|-item|p1a: \u81ea\u7531\u53c8\u6b66\u65ad|Leftovers|[from] move: Trick\n|move|p2a: Ferrothorn|Leech Seed|p1a: \u81ea\u7531\u53c8\u6b66\u65ad|[miss]\n|-miss|p2a: Ferrothorn|p1a: \u81ea\u7531\u53c8\u6b66\u65ad\n|\n|-weather|Sandstorm|[upkeep]\n|-damage|p1a: \u81ea\u7531\u53c8\u6b66\u65ad|27\/100 tox|[from] Sandstorm\n|-damage|p2a: Ferrothorn|47\/100|[from] Sandstorm\n|-heal|p1a: \u81ea\u7531\u53c8\u6b66\u65ad|33\/100 tox|[from] item: Leftovers\n|-damage|p1a: \u81ea\u7531\u53c8\u6b66\u65ad|21\/100 tox|[from] psn\n|upkeep\n|turn|32\n|\n|t:|1699860339\n|switch|p1a: \u6700\u540e\u7684\u9632\u7ebf|Corviknight, F|68\/100\n|-damage|p1a: \u6700\u540e\u7684\u9632\u7ebf|56\/100|[from] Stealth Rock\n|move|p2a: Ferrothorn|Leech Seed|p1a: \u6700\u540e\u7684\u9632\u7ebf\n|-start|p1a: \u6700\u540e\u7684\u9632\u7ebf|move: Leech Seed\n|\n|-weather|none\n|-damage|p1a: \u6700\u540e\u7684\u9632\u7ebf|43\/100|[from] Leech Seed|[of] p2a: Ferrothorn\n|-heal|p2a: Ferrothorn|61\/100|[silent]\n|upkeep\n|turn|33\n|\n|t:|1699860348\n|switch|p1a: \u81ea\u7531\u53c8\u6b66\u65ad|Slowbro, F|54\/100 tox\n|-damage|p1a: \u81ea\u7531\u53c8\u6b66\u65ad|42\/100 tox|[from] Stealth Rock\n|switch|p2a: Garchomp|Garchomp, M|100\/100\n|\n|-heal|p1a: \u81ea\u7531\u53c8\u6b66\u65ad|48\/100 tox|[from] item: Leftovers\n|-damage|p1a: \u81ea\u7531\u53c8\u6b66\u65ad|42\/100 tox|[from] psn\n|upkeep\n|turn|34\n|\n|t:|1699860358\n|switch|p1a: \u6700\u540e\u7684\u9632\u7ebf|Corviknight, F|43\/100\n|-damage|p1a: \u6700\u540e\u7684\u9632\u7ebf|31\/100|[from] Stealth Rock\n|move|p2a: Garchomp|Swords Dance|p2a: Garchomp\n|-boost|p2a: Garchomp|atk|2\n|\n|upkeep\n|turn|35\n|\n|t:|1699860365\n|-zpower|p2a: Garchomp\n|move|p2a: Garchomp|Devastating Drake|p1a: \u6700\u540e\u7684\u9632\u7ebf|[zeffect]\n|-resisted|p1a: \u6700\u540e\u7684\u9632\u7ebf\n|-damage|p1a: \u6700\u540e\u7684\u9632\u7ebf|0 fnt\n|faint|p1a: \u6700\u540e\u7684\u9632\u7ebf\n|\n|upkeep\n|-message|snivy ye \u53f6\u86c7 forfeited.\n|\n|win|Tokiwakano\n|raw|snivy ye \u53f6\u86c7's rating: 1858 &rarr; <strong>1832<\/strong><br \/>(-26 for losing)\n|raw|Tokiwakano's rating: 1751 &rarr; <strong>1777<\/strong><br \/>(+26 for winning)\n","uploadtime":1699860374,"views":9,"p1id":"snivyye","p2id":"tokiwakano","formatid":"gen9nationaldex","rating":1777,"private":0,"password":""}