{"id":"gen9nationaldex-2000266951","p1":"SasukeUchiha65672","p2":"Onlymanever","format":"[Gen 9] National Dex","log":"|html|<div class=\"broadcast-blue\"><strong>[Gen 9] National Dex is currently suspecting Sneasler! For information on how to participate check out the <a href=\"https:\/\/www.smogon.com\/forums\/threads\/sv-national-dex-suspect-8-just-dance.3731534\/\">suspect thread<\/a>.<\/strong><\/div>\n|j|\u2606SasukeUchiha65672\n|j|\u2606Onlymanever\n|t:|1701179426\n|gametype|singles\n|player|p1|SasukeUchiha65672|266|1092\n|player|p2|Onlymanever|lyra|1000\n|teamsize|p1|6\n|teamsize|p2|6\n|gen|9\n|tier|[Gen 9] National Dex\n|rated|\n|rule|HP Percentage Mod: HP is shown in percentages\n|rule|Endless Battle Clause: Forcing endless battles is banned\n|rule|OHKO Clause: OHKO moves are banned\n|rule|Evasion Clause: Evasion abilities, items, and moves are banned\n|rule|Evasion Abilities Clause: Evasion abilities are banned\n|rule|Evasion Items Clause: Evasion items are banned\n|rule|Evasion Moves Clause: Evasion moves are banned\n|rule|Species Clause: Limit one of each Pok\u00e9mon\n|rule|Sleep Clause Mod: Limit one foe put to sleep\n|clearpoke\n|poke|p1|Kleavor, F|\n|poke|p1|Celesteela|\n|poke|p1|Hippowdon, F|\n|poke|p1|Heracross, F|\n|poke|p1|Cresselia, F|\n|poke|p1|Porygon2|\n|poke|p2|Infernape, M|\n|poke|p2|Staraptor, M|\n|poke|p2|Leafeon, F|\n|poke|p2|Mr. Mime, M|\n|poke|p2|Floatzel, M|\n|poke|p2|Electivire, F|\n|teampreview\n|inactive|Battle timer is ON: inactive players will automatically lose when time's up. (requested by Onlymanever)\n|inactive|Onlymanever has 120 seconds left.\n|\n|t:|1701179464\n|start\n|switch|p1a: Cresselia|Cresselia, F|100\/100\n|switch|p2a: Floatzel|Floatzel, M|100\/100\n|turn|1\n|\n|t:|1701179472\n|move|p2a: Floatzel|Bulk Up|p2a: Floatzel\n|-boost|p2a: Floatzel|atk|1\n|-boost|p2a: Floatzel|def|1\n|move|p1a: Cresselia|Trick Room|p1a: Cresselia\n|-fieldstart|move: Trick Room|[of] p1a: Cresselia\n|\n|upkeep\n|turn|2\n|\n|t:|1701179483\n|switch|p1a: Kleavor|Kleavor, F|100\/100\n|move|p2a: Floatzel|Bulk Up|p2a: Floatzel\n|-boost|p2a: Floatzel|atk|1\n|-boost|p2a: Floatzel|def|1\n|\n|upkeep\n|turn|3\n|\n|t:|1701179498\n|move|p1a: Kleavor|Swords Dance|p1a: Kleavor\n|-boost|p1a: Kleavor|atk|2\n|move|p2a: Floatzel|Wave Crash|p1a: Kleavor\n|-supereffective|p1a: Kleavor\n|-damage|p1a: Kleavor|0 fnt\n|faint|p1a: Kleavor\n|-damage|p2a: Floatzel|67\/100|[from] Recoil\n|\n|-heal|p2a: Floatzel|73\/100|[from] item: Leftovers\n|upkeep\n|\n|t:|1701179507\n|switch|p1a: Celesteela|Celesteela|100\/100\n|turn|4\n|\n|t:|1701179512\n|move|p1a: Celesteela|Leech Seed|p2a: Floatzel\n|-start|p2a: Floatzel|move: Leech Seed\n|move|p2a: Floatzel|Wave Crash|p1a: Celesteela\n|-damage|p1a: Celesteela|17\/100\n|-damage|p2a: Floatzel|38\/100|[from] Recoil\n|\n|-heal|p1a: Celesteela|23\/100|[from] item: Leftovers\n|-heal|p2a: Floatzel|44\/100|[from] item: Leftovers\n|-damage|p2a: Floatzel|32\/100|[from] Leech Seed|[of] p1a: Celesteela\n|-heal|p1a: Celesteela|33\/100|[silent]\n|upkeep\n|turn|5\n|\n|t:|1701179525\n|move|p1a: Celesteela|Protect|p1a: Celesteela\n|-singleturn|p1a: Celesteela|Protect\n|move|p2a: Floatzel|Wave Crash|p1a: Celesteela\n|-activate|p1a: Celesteela|move: Protect\n|\n|-heal|p1a: Celesteela|39\/100|[from] item: Leftovers\n|-heal|p2a: Floatzel|38\/100|[from] item: Leftovers\n|-damage|p2a: Floatzel|25\/100|[from] Leech Seed|[of] p1a: Celesteela\n|-heal|p1a: Celesteela|49\/100|[silent]\n|-fieldend|move: Trick Room\n|upkeep\n|turn|6\n|\n|t:|1701179544\n|-terastallize|p1a: Celesteela|Steel\n|move|p2a: Floatzel|Wave Crash|p1a: Celesteela\n|-damage|p1a: Celesteela|0 fnt\n|faint|p1a: Celesteela\n|-damage|p2a: Floatzel|5\/100|[from] Recoil\n|\n|-heal|p2a: Floatzel|11\/100|[from] item: Leftovers\n|upkeep\n|\n|t:|1701179552\n|switch|p1a: Hippowdon|Hippowdon, F|100\/100\n|-weather|Sandstorm|[from] ability: Sand Stream|[of] p1a: Hippowdon\n|turn|7\n|\n|t:|1701179557\n|move|p2a: Floatzel|Wave Crash|p1a: Hippowdon\n|-supereffective|p1a: Hippowdon\n|-damage|p1a: Hippowdon|0 fnt\n|faint|p1a: Hippowdon\n|-damage|p2a: Floatzel|0 fnt|[from] Recoil\n|faint|p2a: Floatzel\n|\n|-weather|Sandstorm|[upkeep]\n|upkeep\n|\n|t:|1701179566\n|switch|p2a: Mr. Mime|Mr. Mime, M|100\/100\n|switch|p1a: Porygon2|Porygon2|100\/100\n|turn|8\n|\n|t:|1701179581\n|move|p2a: Mr. Mime|Calm Mind|p2a: Mr. Mime\n|-boost|p2a: Mr. Mime|spa|1\n|-boost|p2a: Mr. Mime|spd|1\n|move|p1a: Porygon2|Trick Room|p1a: Porygon2\n|-fieldstart|move: Trick Room|[of] p1a: Porygon2\n|\n|-weather|Sandstorm|[upkeep]\n|-damage|p1a: Porygon2|94\/100|[from] Sandstorm\n|-damage|p2a: Mr. Mime|95\/100|[from] Sandstorm\n|-heal|p2a: Mr. Mime|100\/100|[from] item: Leftovers\n|upkeep\n|turn|9\n|inactive|SasukeUchiha65672 has 120 seconds left.\n|\n|t:|1701179631\n|move|p1a: Porygon2|Ice Beam|p2a: Mr. Mime\n|-damage|p2a: Mr. Mime|85\/100\n|-status|p2a: Mr. Mime|frz\n|cant|p2a: Mr. Mime|frz\n|\n|-weather|Sandstorm|[upkeep]\n|-damage|p1a: Porygon2|88\/100|[from] Sandstorm\n|-damage|p2a: Mr. Mime|79\/100 frz|[from] Sandstorm\n|-heal|p2a: Mr. Mime|85\/100 frz|[from] item: Leftovers\n|upkeep\n|turn|10\n|\n|t:|1701179642\n|switch|p1a: Heracross|Heracross, F|100\/100\n|cant|p2a: Mr. Mime|frz\n|\n|-weather|Sandstorm|[upkeep]\n|-damage|p1a: Heracross|95\/100|[from] Sandstorm\n|-damage|p2a: Mr. Mime|79\/100 frz|[from] Sandstorm\n|-heal|p2a: Mr. Mime|85\/100 frz|[from] item: Leftovers\n|upkeep\n|turn|11\n|\n|t:|1701179652\n|detailschange|p1a: Heracross|Heracross-Mega, F\n|-mega|p1a: Heracross|Heracross|Heracronite\n|move|p1a: Heracross|Swords Dance|p1a: Heracross\n|-boost|p1a: Heracross|atk|2\n|-curestatus|p2a: Mr. Mime|frz|[msg]\n|move|p2a: Mr. Mime|Dazzling Gleam|p1a: Heracross\n|-supereffective|p1a: Heracross\n|-damage|p1a: Heracross|0 fnt\n|faint|p1a: Heracross\n|\n|-weather|none\n|-heal|p2a: Mr. Mime|91\/100|[from] item: Leftovers\n|upkeep\n|-message|SasukeUchiha65672 forfeited.\n|\n|win|Onlymanever\n|raw|SasukeUchiha65672's rating: 1092 &rarr; <strong>1062<\/strong><br \/>(-30 for losing)\n|raw|Onlymanever's rating: 1000 &rarr; <strong>1050<\/strong><br \/>(+50 for winning)\n|l|\u2606SasukeUchiha65672\n|l|\u2606Onlymanever\n|j|\u2606Onlymanever\n|player|p2|Onlymanever|lyra\n","uploadtime":1701179667,"views":11,"p1id":"sasukeuchiha65672","p2id":"onlymanever","formatid":"gen9nationaldex","rating":1050,"private":0,"password":""}