{"id":"gen9nationaldex-1997626239","p1":"gueibruel","p2":"Jumeninja","format":"[Gen 9] National Dex","log":"|html|<div class=\"broadcast-blue\"><strong>[Gen 9] National Dex is currently suspecting Sneasler! For information on how to participate check out the <a href=\"https:\/\/www.smogon.com\/forums\/threads\/sv-national-dex-suspect-8-just-dance.3731534\/\">suspect thread<\/a>.<\/strong><\/div>\n|j|\u2606gueibruel\n|j|\u2606Jumeninja\n|t:|1700834663\n|gametype|singles\n|player|p1|gueibruel|steven|1171\n|player|p2|Jumeninja|youngster-gen4dp|1184\n|teamsize|p1|6\n|teamsize|p2|6\n|gen|9\n|tier|[Gen 9] National Dex\n|rated|\n|rule|HP Percentage Mod: HP is shown in percentages\n|rule|Endless Battle Clause: Forcing endless battles is banned\n|rule|OHKO Clause: OHKO moves are banned\n|rule|Evasion Clause: Evasion abilities, items, and moves are banned\n|rule|Evasion Abilities Clause: Evasion abilities are banned\n|rule|Evasion Items Clause: Evasion items are banned\n|rule|Evasion Moves Clause: Evasion moves are banned\n|rule|Species Clause: Limit one of each Pok\u00e9mon\n|rule|Sleep Clause Mod: Limit one foe put to sleep\n|clearpoke\n|poke|p1|Togekiss, M|\n|poke|p1|Quagsire, M|\n|poke|p1|Clodsire, F|\n|poke|p1|Arcanine, M|\n|poke|p1|Venusaur, M|\n|poke|p1|Umbreon, M|\n|poke|p2|Gliscor, M|\n|poke|p2|Dondozo, F|\n|poke|p2|Aegislash, M|\n|poke|p2|Ampharos, M|\n|poke|p2|Chansey, F|\n|poke|p2|Tornadus-Therian, M|\n|teampreview\n|\n|t:|1700834668\n|start\n|switch|p1a: Togekiss|Togekiss, M|100\/100\n|switch|p2a: Tornadus|Tornadus-Therian, M|100\/100\n|turn|1\n|\n|t:|1700834674\n|move|p2a: Tornadus|U-turn|p1a: Togekiss\n|-resisted|p1a: Togekiss\n|-damage|p1a: Togekiss|97\/100\n|\n|t:|1700834679\n|switch|p2a: Ampharos|Ampharos, M, shiny|100\/100|[from] U-turn\n|move|p1a: Togekiss|Thunder Wave|p2a: Ampharos\n|-immune|p2a: Ampharos\n|\n|upkeep\n|turn|2\n|\n|t:|1700834686\n|switch|p1a: Clodsire|Clodsire, F|100\/100\n|detailschange|p2a: Ampharos|Ampharos-Mega, M, shiny\n|-mega|p2a: Ampharos|Ampharos|Ampharosite\n|-ability|p2a: Ampharos|Mold Breaker\n|move|p2a: Ampharos|Volt Switch|p1a: Clodsire\n|-immune|p1a: Clodsire\n|\n|upkeep\n|turn|3\n|\n|t:|1700834694\n|switch|p2a: Gliscor|Gliscor, M, shiny|100\/100\n|move|p1a: Clodsire|Stealth Rock|p2a: Gliscor\n|-sidestart|p2: Jumeninja|move: Stealth Rock\n|\n|-status|p2a: Gliscor|tox|[from] item: Toxic Orb\n|upkeep\n|turn|4\n|\n|t:|1700834705\n|switch|p1a: Togekiss|Togekiss, M|97\/100\n|move|p2a: Gliscor|Defog|p1a: Togekiss\n|-unboost|p1a: Togekiss|evasion|1\n|-sideend|p2: Jumeninja|Stealth Rock|[from] move: Defog|[of] p2a: Gliscor\n|\n|upkeep\n|turn|5\n|\n|t:|1700834716\n|move|p2a: Gliscor|Toxic|p1a: Togekiss\n|-status|p1a: Togekiss|tox\n|move|p1a: Togekiss|Air Slash|p2a: Gliscor\n|-damage|p2a: Gliscor|77\/100 tox\n|\n|-heal|p2a: Gliscor|90\/100 tox|[from] ability: Poison Heal\n|-damage|p1a: Togekiss|91\/100 tox|[from] psn\n|upkeep\n|turn|6\n|\n|t:|1700834723\n|switch|p1a: Venusaur|Venusaur, M|100\/100\n|move|p2a: Gliscor|Roost|p2a: Gliscor\n|-heal|p2a: Gliscor|100\/100 tox\n|-singleturn|p2a: Gliscor|move: Roost\n|\n|upkeep\n|turn|7\n|\n|t:|1700834731\n|switch|p2a: Chansey|Chansey, F, shiny|100\/100\n|detailschange|p1a: Venusaur|Venusaur-Mega, M\n|-mega|p1a: Venusaur|Venusaur|Venusaurite\n|move|p1a: Venusaur|Giga Drain|p2a: Chansey\n|-damage|p2a: Chansey|91\/100\n|\n|upkeep\n|turn|8\n|\n|t:|1700834739\n|move|p1a: Venusaur|Leech Seed|p2a: Chansey\n|-start|p2a: Chansey|move: Leech Seed\n|move|p2a: Chansey|Seismic Toss|p1a: Venusaur\n|-damage|p1a: Venusaur|73\/100\n|\n|-damage|p2a: Chansey|79\/100|[from] Leech Seed|[of] p1a: Venusaur\n|-heal|p1a: Venusaur|97\/100|[silent]\n|upkeep\n|turn|9\n|\n|t:|1700834747\n|switch|p1a: Umbreon|Umbreon, M|100\/100\n|switch|p2a: Ampharos|Ampharos-Mega, M, shiny|100\/100\n|-ability|p2a: Ampharos|Mold Breaker\n|\n|upkeep\n|turn|10\n|\n|t:|1700834753\n|move|p1a: Umbreon|Heal Bell|p1a: Umbreon\n|-activate|p1a: Umbreon|move: Heal Bell\n|-curestatus|p1: Togekiss|tox|[msg]\n|move|p2a: Ampharos|Focus Blast|p1a: Umbreon|[miss]\n|-miss|p2a: Ampharos|p1a: Umbreon\n|\n|upkeep\n|turn|11\n|\n|t:|1700834769\n|switch|p1a: Venusaur|Venusaur-Mega, M|97\/100\n|move|p2a: Ampharos|Volt Switch|p1a: Venusaur\n|-resisted|p1a: Venusaur\n|-damage|p1a: Venusaur|78\/100\n|inactive|Battle timer is ON: inactive players will automatically lose when time's up. (requested by Jumeninja)\n|\n|t:|1700834774\n|switch|p2a: Tornadus|Tornadus-Therian, M|100\/100|[from] Volt Switch\n|\n|upkeep\n|turn|12\n|\n|t:|1700834779\n|move|p1a: Venusaur|Protect|p1a: Venusaur\n|-singleturn|p1a: Venusaur|Protect\n|move|p2a: Tornadus|Hurricane|p1a: Venusaur\n|-activate|p1a: Venusaur|move: Protect\n|\n|upkeep\n|turn|13\n|\n|t:|1700834786\n|switch|p1a: Umbreon|Umbreon, M|100\/100\n|move|p2a: Tornadus|U-turn|p1a: Umbreon\n|-supereffective|p1a: Umbreon\n|-damage|p1a: Umbreon|78\/100\n|\n|t:|1700834794\n|switch|p2a: Chansey|Chansey, F, shiny|79\/100|[from] U-turn\n|\n|-heal|p1a: Umbreon|84\/100|[from] item: Leftovers\n|upkeep\n|turn|14\n|\n|t:|1700834799\n|move|p1a: Umbreon|Protect|p1a: Umbreon\n|-singleturn|p1a: Umbreon|Protect\n|move|p2a: Chansey|Toxic|p1a: Umbreon\n|-activate|p1a: Umbreon|move: Protect\n|\n|-heal|p1a: Umbreon|90\/100|[from] item: Leftovers\n|upkeep\n|turn|15\n|\n|t:|1700834806\n|move|p1a: Umbreon|Heal Bell||[still]\n|-activate|p1a: Umbreon|move: Heal Bell\n|-fail|p1a: Umbreon\n|move|p2a: Chansey|Seismic Toss|p1a: Umbreon\n|-damage|p1a: Umbreon|65\/100\n|\n|-heal|p1a: Umbreon|71\/100|[from] item: Leftovers\n|upkeep\n|turn|16\n|\n|t:|1700834813\n|move|p1a: Umbreon|Foul Play|p2a: Chansey\n|-damage|p2a: Chansey|77\/100\n|move|p2a: Chansey|Toxic|p1a: Umbreon\n|-status|p1a: Umbreon|tox\n|-activate|p1a: Umbreon|ability: Synchronize\n|-status|p2a: Chansey|tox\n|\n|-heal|p1a: Umbreon|77\/100 tox|[from] item: Leftovers\n|-damage|p1a: Umbreon|71\/100 tox|[from] psn\n|-damage|p2a: Chansey|71\/100 tox|[from] psn\n|upkeep\n|turn|17\n|\n|t:|1700834823\n|-curestatus|p2a: Chansey|tox|[from] ability: Natural Cure\n|switch|p2a: Tornadus|Tornadus-Therian, M|100\/100\n|move|p1a: Umbreon|Heal Bell|p1a: Umbreon\n|-activate|p1a: Umbreon|move: Heal Bell\n|-curestatus|p1a: Umbreon|tox|[msg]\n|\n|-heal|p1a: Umbreon|77\/100|[from] item: Leftovers\n|upkeep\n|turn|18\n|\n|t:|1700834831\n|move|p1a: Umbreon|Protect|p1a: Umbreon\n|-singleturn|p1a: Umbreon|Protect\n|move|p2a: Tornadus|Knock Off|p1a: Umbreon\n|-activate|p1a: Umbreon|move: Protect\n|\n|-heal|p1a: Umbreon|83\/100|[from] item: Leftovers\n|upkeep\n|turn|19\n|\n|t:|1700834838\n|move|p2a: Tornadus|Knock Off|p1a: Umbreon\n|-resisted|p1a: Umbreon\n|-damage|p1a: Umbreon|75\/100\n|-enditem|p1a: Umbreon|Leftovers|[from] move: Knock Off|[of] p2a: Tornadus\n|move|p1a: Umbreon|Foul Play|p2a: Tornadus\n|-damage|p2a: Tornadus|67\/100\n|\n|upkeep\n|turn|20\n|\n|t:|1700834844\n|move|p2a: Tornadus|U-turn|p1a: Umbreon\n|-supereffective|p1a: Umbreon\n|-damage|p1a: Umbreon|52\/100\n|\n|t:|1700834850\n|switch|p2a: Ampharos|Ampharos-Mega, M, shiny|100\/100|[from] U-turn\n|-ability|p2a: Ampharos|Mold Breaker\n|move|p1a: Umbreon|Foul Play|p2a: Ampharos\n|-damage|p2a: Ampharos|79\/100\n|\n|upkeep\n|turn|21\n|\n|t:|1700834857\n|move|p1a: Umbreon|Wish|p1a: Umbreon\n|move|p2a: Ampharos|Focus Blast|p1a: Umbreon|[miss]\n|-miss|p2a: Ampharos|p1a: Umbreon\n|\n|upkeep\n|turn|22\n|\n|t:|1700834871\n|switch|p2a: Dondozo|Dondozo, F|100\/100\n|move|p1a: Umbreon|Protect||[still]\n|-fail|p1a: Umbreon\n|\n|-heal|p1a: Umbreon|100\/100|[from] move: Wish|[wisher] Umbreon\n|upkeep\n|turn|23\n|\n|t:|1700834880\n|move|p1a: Umbreon|Wish|p1a: Umbreon\n|move|p2a: Dondozo|Curse|p2a: Dondozo\n|-unboost|p2a: Dondozo|spe|1\n|-boost|p2a: Dondozo|atk|1\n|-boost|p2a: Dondozo|def|1\n|\n|upkeep\n|turn|24\n|\n|t:|1700834886\n|switch|p1a: Venusaur|Venusaur-Mega, M|78\/100\n|move|p2a: Dondozo|Curse|p2a: Dondozo\n|-unboost|p2a: Dondozo|spe|1\n|-boost|p2a: Dondozo|atk|1\n|-boost|p2a: Dondozo|def|1\n|\n|-heal|p1a: Venusaur|100\/100|[from] move: Wish|[wisher] Umbreon\n|upkeep\n|turn|25\n|\n|t:|1700834894\n|switch|p2a: Tornadus|Tornadus-Therian, M|100\/100\n|move|p1a: Venusaur|Leech Seed|p2a: Tornadus\n|-start|p2a: Tornadus|move: Leech Seed\n|\n|-damage|p2a: Tornadus|88\/100|[from] Leech Seed|[of] p1a: Venusaur\n|upkeep\n|turn|26\n|\n|t:|1700834904\n|move|p1a: Venusaur|Protect|p1a: Venusaur\n|-singleturn|p1a: Venusaur|Protect\n|move|p2a: Tornadus|Hurricane|p1a: Venusaur\n|-activate|p1a: Venusaur|move: Protect\n|\n|-damage|p2a: Tornadus|76\/100|[from] Leech Seed|[of] p1a: Venusaur\n|upkeep\n|turn|27\n|\n|t:|1700834913\n|switch|p1a: Umbreon|Umbreon, M|100\/100\n|move|p2a: Tornadus|Hurricane|p1a: Umbreon\n|-damage|p1a: Umbreon|78\/100\n|\n|-damage|p2a: Tornadus|63\/100|[from] Leech Seed|[of] p1a: Umbreon\n|-heal|p1a: Umbreon|89\/100|[silent]\n|upkeep\n|turn|28\n|\n|t:|1700834924\n|switch|p1a: Arcanine|Arcanine, M|100\/100\n|-ability|p1a: Arcanine|Intimidate|boost\n|-unboost|p2a: Tornadus|atk|1\n|move|p2a: Tornadus|U-turn|p1a: Arcanine\n|-resisted|p1a: Arcanine\n|-damage|p1a: Arcanine|96\/100\n|\n|t:|1700834928\n|switch|p2a: Gliscor|Gliscor, M, shiny|100\/100 tox|[from] U-turn\n|\n|-heal|p1a: Arcanine|100\/100|[from] item: Leftovers\n|upkeep\n|turn|29\n|\n|t:|1700834936\n|switch|p1a: Togekiss|Togekiss, M|91\/100\n|move|p2a: Gliscor|Toxic|p1a: Togekiss\n|-status|p1a: Togekiss|tox\n|\n|-damage|p1a: Togekiss|85\/100 tox|[from] psn\n|upkeep\n|turn|30\n|\n|t:|1700834946\n|switch|p2a: Aegislash|Aegislash, M, shiny|100\/100\n|switch|p1a: Venusaur|Venusaur-Mega, M|100\/100\n|\n|upkeep\n|turn|31\n|\n|t:|1700834959\n|move|p2a: Aegislash|King's Shield|p2a: Aegislash\n|-singleturn|p2a: Aegislash|Protect\n|move|p1a: Venusaur|Leech Seed|p2a: Aegislash\n|-start|p2a: Aegislash|move: Leech Seed\n|\n|-damage|p2a: Aegislash|88\/100|[from] Leech Seed|[of] p1a: Venusaur\n|upkeep\n|turn|32\n|\n|t:|1700834972\n|switch|p1a: Arcanine|Arcanine, M|100\/100\n|-ability|p1a: Arcanine|Intimidate|boost\n|-unboost|p2a: Aegislash|atk|1\n|switch|p2a: Tornadus|Tornadus-Therian, M|96\/100\n|\n|upkeep\n|turn|33\n|\n|t:|1700834978\n|move|p2a: Tornadus|Knock Off|p1a: Arcanine\n|-damage|p1a: Arcanine|79\/100\n|-enditem|p1a: Arcanine|Leftovers|[from] move: Knock Off|[of] p2a: Tornadus\n|move|p1a: Arcanine|Flare Blitz|p2a: Tornadus\n|-damage|p2a: Tornadus|30\/100\n|-damage|p1a: Arcanine|58\/100|[from] Recoil\n|\n|upkeep\n|turn|34\n|\n|t:|1700834987\n|move|p2a: Tornadus|U-turn|p1a: Arcanine\n|-resisted|p1a: Arcanine\n|-damage|p1a: Arcanine|50\/100\n|\n|t:|1700834990\n|switch|p2a: Dondozo|Dondozo, F|100\/100|[from] U-turn\n|move|p1a: Arcanine|Morning Sun|p1a: Arcanine\n|-heal|p1a: Arcanine|99\/100\n|\n|upkeep\n|turn|35\n|\n|t:|1700834997\n|switch|p1a: Quagsire|Quagsire, M|100\/100\n|move|p2a: Dondozo|Curse|p2a: Dondozo\n|-unboost|p2a: Dondozo|spe|1\n|-boost|p2a: Dondozo|atk|1\n|-boost|p2a: Dondozo|def|1\n|\n|upkeep\n|turn|36\n|\n|t:|1700835003\n|move|p1a: Quagsire|Toxic|p2a: Dondozo\n|-status|p2a: Dondozo|tox\n|move|p2a: Dondozo|Liquidation|p1a: Quagsire\n|-damage|p1a: Quagsire|80\/100\n|\n|-heal|p1a: Quagsire|87\/100|[from] item: Leftovers\n|-damage|p2a: Dondozo|94\/100 tox|[from] psn\n|upkeep\n|turn|37\n|\n|t:|1700835013\n|move|p1a: Quagsire|Curse|p1a: Quagsire\n|-unboost|p1a: Quagsire|spe|1\n|-boost|p1a: Quagsire|atk|1\n|-boost|p1a: Quagsire|def|1\n|move|p2a: Dondozo|Liquidation|p1a: Quagsire\n|-damage|p1a: Quagsire|68\/100\n|\n|-heal|p2a: Dondozo|100\/100 tox|[from] item: Leftovers\n|-heal|p1a: Quagsire|74\/100|[from] item: Leftovers\n|-damage|p2a: Dondozo|88\/100 tox|[from] psn\n|upkeep\n|turn|38\n|\n|t:|1700835023\n|move|p2a: Dondozo|Liquidation|p1a: Quagsire\n|-damage|p1a: Quagsire|55\/100\n|move|p1a: Quagsire|Recover|p1a: Quagsire\n|-heal|p1a: Quagsire|100\/100\n|\n|-heal|p2a: Dondozo|94\/100 tox|[from] item: Leftovers\n|-damage|p2a: Dondozo|76\/100 tox|[from] psn\n|upkeep\n|turn|39\n|\n|t:|1700835035\n|switch|p2a: Chansey|Chansey, F, shiny|71\/100\n|move|p1a: Quagsire|Curse|p1a: Quagsire\n|-unboost|p1a: Quagsire|spe|1\n|-boost|p1a: Quagsire|atk|1\n|-boost|p1a: Quagsire|def|1\n|\n|upkeep\n|turn|40\n|\n|t:|1700835043\n|-terastallize|p1a: Quagsire|Poison\n|move|p2a: Chansey|Toxic|p1a: Quagsire\n|-immune|p1a: Quagsire\n|move|p1a: Quagsire|Waterfall|p2a: Chansey\n|-damage|p2a: Chansey|39\/100\n|\n|upkeep\n|turn|41\n|\n|t:|1700835049\n|switch|p2a: Gliscor|Gliscor, M, shiny|100\/100 tox\n|move|p1a: Quagsire|Waterfall|p2a: Gliscor\n|-supereffective|p2a: Gliscor\n|-damage|p2a: Gliscor|19\/100 tox\n|\n|-heal|p2a: Gliscor|31\/100 tox|[from] ability: Poison Heal\n|upkeep\n|turn|42\n|\n|t:|1700835062\n|move|p2a: Gliscor|Roost|p2a: Gliscor\n|-heal|p2a: Gliscor|81\/100 tox\n|-singleturn|p2a: Gliscor|move: Roost\n|move|p1a: Quagsire|Waterfall|p2a: Gliscor\n|-supereffective|p2a: Gliscor\n|-damage|p2a: Gliscor|0 fnt\n|faint|p2a: Gliscor\n|\n|upkeep\n|-message|Jumeninja forfeited.\n|\n|win|gueibruel\n|raw|gueibruel's rating: 1171 &rarr; <strong>1197<\/strong><br \/>(+26 for winning)\n|raw|Jumeninja's rating: 1184 &rarr; <strong>1158<\/strong><br \/>(-26 for losing)\n|l|\u2606Jumeninja\n","uploadtime":1700835148,"views":2,"p1id":"gueibruel","p2id":"jumeninja","formatid":"gen9nationaldex","rating":1158,"private":0,"password":""}