{"id":"gen9nationaldex-1997999193","p1":"TripleBakaNinja","p2":"NDSNEZyedropwhen","format":"[Gen 9] National Dex","log":"|html|<div class=\"broadcast-blue\"><strong>[Gen 9] National Dex is currently suspecting Sneasler! For information on how to participate check out the <a href=\"https:\/\/www.smogon.com\/forums\/threads\/sv-national-dex-suspect-8-just-dance.3731534\/\">suspect thread<\/a>.<\/strong><\/div>\n|j|\u2606TripleBakaNinja\n|j|\u2606NDSNEZyedropwhen\n|t:|1700877183\n|gametype|singles\n|player|p1|TripleBakaNinja|rocketgruntf|1190\n|player|p2|NDSNEZyedropwhen|adaman|1153\n|teamsize|p1|6\n|teamsize|p2|6\n|gen|9\n|tier|[Gen 9] National Dex\n|rated|\n|rule|HP Percentage Mod: HP is shown in percentages\n|rule|Endless Battle Clause: Forcing endless battles is banned\n|rule|OHKO Clause: OHKO moves are banned\n|rule|Evasion Clause: Evasion abilities, items, and moves are banned\n|rule|Evasion Abilities Clause: Evasion abilities are banned\n|rule|Evasion Items Clause: Evasion items are banned\n|rule|Evasion Moves Clause: Evasion moves are banned\n|rule|Species Clause: Limit one of each Pok\u00e9mon\n|rule|Sleep Clause Mod: Limit one foe put to sleep\n|clearpoke\n|poke|p1|Mimikyu, F|\n|poke|p1|Meowscarada, M|\n|poke|p1|Hatterene, F|\n|poke|p1|Kabutops, M|\n|poke|p1|Dragonite, F|\n|poke|p1|Scizor, F|\n|poke|p2|Toxapex, F|\n|poke|p2|Dondozo, M|\n|poke|p2|Gliscor, F|\n|poke|p2|Blissey, F|\n|poke|p2|Corviknight, F|\n|poke|p2|Tyranitar, F|\n|teampreview\n|\n|t:|1700877190\n|start\n|switch|p1a: Scizor|Scizor, F|100\/100\n|switch|p2a: Gliscor|Gliscor, F|100\/100\n|turn|1\n|\n|t:|1700877207\n|switch|p1a: Kabutops|Kabutops, M|100\/100\n|move|p2a: Gliscor|Protect||[still]\n|-fail|p2a: Gliscor\n|\n|-status|p2a: Gliscor|tox|[from] item: Toxic Orb\n|upkeep\n|turn|2\n|\n|t:|1700877215\n|switch|p2a: Toxapex|Toxapex, F|100\/100\n|move|p1a: Kabutops|Swords Dance|p1a: Kabutops\n|-boost|p1a: Kabutops|atk|2\n|\n|upkeep\n|turn|3\n|\n|t:|1700877222\n|switch|p2a: Dondozo|Dondozo, M|100\/100\n|move|p1a: Kabutops|Swords Dance|p1a: Kabutops\n|-boost|p1a: Kabutops|atk|2\n|\n|upkeep\n|turn|4\n|\n|t:|1700877240\n|move|p1a: Kabutops|Waterfall|p2a: Dondozo\n|-resisted|p2a: Dondozo\n|-damage|p2a: Dondozo|89\/100\n|-damage|p1a: Kabutops|91\/100|[from] item: Life Orb\n|move|p2a: Dondozo|Body Press|p1a: Kabutops\n|-supereffective|p1a: Kabutops\n|-damage|p1a: Kabutops|22\/100\n|\n|upkeep\n|turn|5\n|\n|t:|1700877250\n|move|p1a: Kabutops|Rock Tomb|p2a: Dondozo|[miss]\n|-miss|p1a: Kabutops|p2a: Dondozo\n|move|p2a: Dondozo|Body Press|p1a: Kabutops\n|-supereffective|p1a: Kabutops\n|-damage|p1a: Kabutops|0 fnt\n|faint|p1a: Kabutops\n|\n|upkeep\n|\n|t:|1700877260\n|switch|p1a: Dragonite|Dragonite, F|100\/100\n|turn|6\n|\n|t:|1700877263\n|switch|p2a: Gliscor|Gliscor, F|100\/100 tox\n|move|p1a: Dragonite|Dragon Dance|p1a: Dragonite\n|-boost|p1a: Dragonite|atk|1\n|-boost|p1a: Dragonite|spe|1\n|\n|upkeep\n|turn|7\n|\n|t:|1700877270\n|move|p1a: Dragonite|Dragon Dance|p1a: Dragonite\n|-boost|p1a: Dragonite|atk|1\n|-boost|p1a: Dragonite|spe|1\n|move|p2a: Gliscor|Toxic|p1a: Dragonite\n|-status|p1a: Dragonite|tox\n|-enditem|p1a: Dragonite|Lum Berry|[eat]\n|-curestatus|p1a: Dragonite|tox|[msg]\n|\n|upkeep\n|turn|8\n|\n|t:|1700877279\n|move|p1a: Dragonite|Outrage|p2a: Gliscor\n|-damage|p2a: Gliscor|15\/100 tox\n|move|p2a: Gliscor|Toxic|p1a: Dragonite\n|-status|p1a: Dragonite|tox\n|\n|-damage|p1a: Dragonite|94\/100 tox|[from] psn\n|-heal|p2a: Gliscor|28\/100 tox|[from] ability: Poison Heal\n|upkeep\n|turn|9\n|\n|t:|1700877289\n|move|p2a: Gliscor|Protect|p2a: Gliscor\n|-singleturn|p2a: Gliscor|Protect\n|move|p1a: Dragonite|Outrage|p2a: Gliscor|[from]lockedmove\n|-activate|p2a: Gliscor|move: Protect\n|\n|-damage|p1a: Dragonite|82\/100 tox|[from] psn\n|-heal|p2a: Gliscor|40\/100 tox|[from] ability: Poison Heal\n|upkeep\n|turn|10\n|\n|t:|1700877300\n|switch|p2a: Dondozo|Dondozo, M|89\/100\n|move|p1a: Dragonite|Outrage|p2a: Dondozo\n|-damage|p2a: Dondozo|58\/100\n|\n|-damage|p1a: Dragonite|63\/100 tox|[from] psn\n|upkeep\n|turn|11\n|j| jkljlkh\n|\n|t:|1700877322\n|move|p1a: Dragonite|Outrage|p2a: Dondozo|[from]lockedmove\n|-damage|p2a: Dondozo|25\/100\n|-start|p1a: Dragonite|confusion|[fatigue]\n|move|p2a: Dondozo|Curse|p2a: Dondozo\n|-unboost|p2a: Dondozo|spe|1\n|-boost|p2a: Dondozo|atk|1\n|-boost|p2a: Dondozo|def|1\n|\n|-damage|p1a: Dragonite|39\/100 tox|[from] psn\n|upkeep\n|turn|12\n|\n|t:|1700877337\n|-activate|p1a: Dragonite|confusion\n|move|p1a: Dragonite|Outrage|p2a: Dondozo\n|-damage|p2a: Dondozo|5\/100\n|move|p2a: Dondozo|Rest|p2a: Dondozo\n|-status|p2a: Dondozo|slp|[from] move: Rest\n|-heal|p2a: Dondozo|100\/100 slp|[silent]\n|\n|-damage|p1a: Dragonite|8\/100 tox|[from] psn\n|upkeep\n|turn|13\n|\n|t:|1700877360\n|-end|p1a: Dragonite|confusion\n|move|p1a: Dragonite|Outrage|p2a: Dondozo|[from]lockedmove\n|-damage|p2a: Dondozo|81\/100 slp\n|cant|p2a: Dondozo|slp\n|move|p2a: Dondozo|Sleep Talk|p2a: Dondozo\n|move|p2a: Dondozo|Curse|p2a: Dondozo|[from]move: Sleep Talk\n|-unboost|p2a: Dondozo|spe|1\n|-boost|p2a: Dondozo|atk|1\n|-boost|p2a: Dondozo|def|1\n|\n|-damage|p1a: Dragonite|0 fnt|[from] psn\n|faint|p1a: Dragonite\n|upkeep\n|\n|t:|1700877375\n|switch|p1a: Meowscarada|Meowscarada, M|100\/100\n|turn|14\n|c| jkljlkh|switch\n|\n|t:|1700877401\n|switch|p2a: Corviknight|Corviknight, F|100\/100\n|-ability|p2a: Corviknight|Pressure\n|move|p1a: Meowscarada|Flower Trick|p2a: Corviknight\n|-resisted|p2a: Corviknight\n|-crit|p2a: Corviknight\n|-damage|p2a: Corviknight|87\/100\n|-damage|p1a: Meowscarada|91\/100|[from] item: Life Orb\n|\n|-heal|p2a: Corviknight|94\/100|[from] item: Leftovers\n|upkeep\n|turn|15\n|\n|t:|1700877416\n|switch|p1a: Hatterene|Hatterene, F|100\/100\n|move|p2a: Corviknight|Iron Head|p1a: Hatterene\n|-supereffective|p1a: Hatterene\n|-damage|p1a: Hatterene|44\/100\n|\n|-heal|p2a: Corviknight|99\/100|[from] item: Leftovers\n|-heal|p1a: Hatterene|50\/100|[from] item: Leftovers\n|upkeep\n|turn|16\n|\n|t:|1700877436\n|move|p2a: Corviknight|Iron Head|p1a: Hatterene\n|-supereffective|p1a: Hatterene\n|-damage|p1a: Hatterene|0 fnt\n|faint|p1a: Hatterene\n|\n|-heal|p2a: Corviknight|100\/100|[from] item: Leftovers\n|upkeep\n|c| jkljlkh|man that was so aggresive\n|j| Umbre test\n|\n|t:|1700877450\n|switch|p1a: Mimikyu|Mimikyu, F|100\/100\n|turn|17\n|\n|t:|1700877456\n|move|p1a: Mimikyu|Swords Dance|p1a: Mimikyu\n|-boost|p1a: Mimikyu|atk|2\n|move|p2a: Corviknight|Iron Head|p1a: Mimikyu\n|-activate|p1a: Mimikyu|ability: Disguise\n|-damage|p1a: Mimikyu|100\/100\n|detailschange|p1a: Mimikyu|Mimikyu-Busted, F\n|-damage|p1a: Mimikyu|88\/100|[from] pokemon: Mimikyu-Busted\n|\n|upkeep\n|turn|18\n|\n|t:|1700877466\n|-terastallize|p1a: Mimikyu|Ghost\n|move|p1a: Mimikyu|Swords Dance|p1a: Mimikyu\n|-boost|p1a: Mimikyu|atk|2\n|move|p2a: Corviknight|Iron Head|p1a: Mimikyu\n|-damage|p1a: Mimikyu|47\/100\n|\n|upkeep\n|turn|19\n|\n|t:|1700877477\n|move|p1a: Mimikyu|Shadow Claw|p2a: Corviknight\n|-damage|p2a: Corviknight|0 fnt\n|faint|p2a: Corviknight\n|-damage|p1a: Mimikyu|37\/100|[from] item: Life Orb\n|\n|upkeep\n|\n|t:|1700877481\n|switch|p2a: Dondozo|Dondozo, M|81\/100 slp\n|turn|20\n|c| jkljlkh|smh\n|\n|t:|1700877485\n|move|p1a: Mimikyu|Shadow Claw|p2a: Dondozo\n|-crit|p2a: Dondozo\n|-damage|p2a: Dondozo|49\/100 slp\n|-damage|p1a: Mimikyu|27\/100|[from] item: Life Orb\n|cant|p2a: Dondozo|slp\n|move|p2a: Dondozo|Sleep Talk|p2a: Dondozo\n|move|p2a: Dondozo|Curse|p2a: Dondozo|[from]move: Sleep Talk\n|-unboost|p2a: Dondozo|spe|1\n|-boost|p2a: Dondozo|atk|1\n|-boost|p2a: Dondozo|def|1\n|\n|upkeep\n|turn|21\n|\n|t:|1700877503\n|move|p1a: Mimikyu|Shadow Claw|p2a: Dondozo\n|-damage|p2a: Dondozo|35\/100 slp\n|-damage|p1a: Mimikyu|17\/100|[from] item: Life Orb\n|-curestatus|p2a: Dondozo|slp|[msg]\n|move|p2a: Dondozo|Curse|p2a: Dondozo\n|-unboost|p2a: Dondozo|spe|1\n|-boost|p2a: Dondozo|atk|1\n|-boost|p2a: Dondozo|def|1\n|\n|upkeep\n|turn|22\n|c|\u2606NDSNEZyedropwhen|I'M FIGHTING HEX PEX RN\n|\n|t:|1700877513\n|move|p1a: Mimikyu|Swords Dance|p1a: Mimikyu\n|-boost|p1a: Mimikyu|atk|2\n|move|p2a: Dondozo|Rest|p2a: Dondozo\n|-status|p2a: Dondozo|slp|[from] move: Rest\n|-heal|p2a: Dondozo|100\/100 slp|[silent]\n|\n|upkeep\n|turn|23\n|c| jkljlkh|ez\n|\n|t:|1700877521\n|move|p1a: Mimikyu|Shadow Claw|p2a: Dondozo\n|-damage|p2a: Dondozo|89\/100 slp\n|-damage|p1a: Mimikyu|7\/100|[from] item: Life Orb\n|cant|p2a: Dondozo|slp\n|move|p2a: Dondozo|Sleep Talk|p2a: Dondozo\n|move|p2a: Dondozo|Curse|p2a: Dondozo|[from]move: Sleep Talk\n|-unboost|p2a: Dondozo|spe|1\n|-boost|p2a: Dondozo|atk|1\n|-boost|p2a: Dondozo|def|1\n|\n|upkeep\n|turn|24\n|c| jkljlkh|blud is about to pp stall the mimikyu\n|\n|t:|1700877535\n|switch|p1a: Meowscarada|Meowscarada, M|91\/100\n|cant|p2a: Dondozo|slp\n|move|p2a: Dondozo|Sleep Talk|p2a: Dondozo\n|move|p2a: Dondozo|Rest||[from]move: Sleep Talk|[still]\n|-fail|p2a: Dondozo\n|\n|upkeep\n|turn|25\n|\n|t:|1700877544\n|-terastallize|p2a: Dondozo|Poison\n|move|p1a: Meowscarada|Flower Trick|p2a: Dondozo\n|-resisted|p2a: Dondozo\n|-crit|p2a: Dondozo\n|-damage|p2a: Dondozo|75\/100 slp\n|-damage|p1a: Meowscarada|81\/100|[from] item: Life Orb\n|-curestatus|p2a: Dondozo|slp|[msg]\n|move|p2a: Dondozo|Curse|p2a: Dondozo\n|-unboost|p2a: Dondozo|spe|1\n|-boost|p2a: Dondozo|atk|1\n|-boost|p2a: Dondozo|def|1\n|\n|upkeep\n|turn|26\n|-message|TripleBakaNinja forfeited.\n|\n|win|NDSNEZyedropwhen\n|raw|TripleBakaNinja's rating: 1190 &rarr; <strong>1164<\/strong><br \/>(-26 for losing)\n|raw|NDSNEZyedropwhen's rating: 1174 &rarr; <strong>1200<\/strong><br \/>(+26 for winning)\n|l|\u2606TripleBakaNinja\n","uploadtime":1700877559,"views":1,"p1id":"triplebakaninja","p2id":"ndsnezyedropwhen","formatid":"gen9nationaldex","rating":1164,"private":0,"password":""}