{"id":"gen9nationaldex-1996880402","p1":"biezouhaoma","p2":"Sonanta","format":"[Gen 9] National Dex","log":"|html|<div class=\"broadcast-blue\"><strong>[Gen 9] National Dex is currently suspecting Sneasler! For information on how to participate check out the <a href=\"https:\/\/www.smogon.com\/forums\/threads\/sv-national-dex-suspect-8-just-dance.3731534\/\">suspect thread<\/a>.<\/strong><\/div>\n|j|\u203dbiezouhaoma\n|j|\u2606Sonanta\n|t:|1700739557\n|gametype|singles\n|player|p1|biezouhaoma|bugcatcher-gen4dp|1669\n|player|p2|Sonanta|flint|1582\n|teamsize|p1|6\n|teamsize|p2|6\n|gen|9\n|tier|[Gen 9] National Dex\n|rated|\n|rule|HP Percentage Mod: HP is shown in percentages\n|rule|Endless Battle Clause: Forcing endless battles is banned\n|rule|OHKO Clause: OHKO moves are banned\n|rule|Evasion Clause: Evasion abilities, items, and moves are banned\n|rule|Evasion Abilities Clause: Evasion abilities are banned\n|rule|Evasion Items Clause: Evasion items are banned\n|rule|Evasion Moves Clause: Evasion moves are banned\n|rule|Species Clause: Limit one of each Pok\u00e9mon\n|rule|Sleep Clause Mod: Limit one foe put to sleep\n|clearpoke\n|poke|p1|Pelipper, F|\n|poke|p1|Barraskewda, M|\n|poke|p1|Garganacl, M|\n|poke|p1|Scizor, M|\n|poke|p1|Volcanion|\n|poke|p1|Iron Treads|\n|poke|p2|Garchomp, M|\n|poke|p2|Dondozo, M|\n|poke|p2|Scizor, M|\n|poke|p2|Chansey, F|\n|poke|p2|Zapdos|\n|poke|p2|Heatran, M|\n|teampreview\n|inactive|Battle timer is ON: inactive players will automatically lose when time's up. (requested by biezouhaoma)\n|\n|t:|1700739573\n|start\n|switch|p1a: Iron Treads|Iron Treads|100\/100\n|switch|p2a: magna|Heatran, M|100\/100\n|turn|1\n|\n|t:|1700739584\n|-end|p1a: Iron Treads|Quark Drive|[silent]\n|switch|p1a: Pelipper|Pelipper, F|100\/100\n|-weather|RainDance|[from] ability: Drizzle|[of] p1a: Pelipper\n|-terastallize|p2a: magna|Fire\n|move|p2a: magna|Eruption|p1a: Pelipper\n|-resisted|p1a: Pelipper\n|-damage|p1a: Pelipper|63\/100\n|\n|-weather|RainDance|[upkeep]\n|upkeep\n|turn|2\n|\n|t:|1700739598\n|switch|p2a: Chansey|Chansey, F|100\/100\n|move|p1a: Pelipper|U-turn|p2a: Chansey\n|-damage|p2a: Chansey|95\/100\n|\n|t:|1700739601\n|switch|p1a: Iron Treads|Iron Treads|100\/100|[from] U-turn\n|\n|-weather|RainDance|[upkeep]\n|upkeep\n|turn|3\n|\n|t:|1700739607\n|switch|p2a: Zapdos|Zapdos|100\/100\n|move|p1a: Iron Treads|Stealth Rock|p2a: Zapdos\n|-sidestart|p2: Sonanta|move: Stealth Rock\n|\n|-weather|RainDance|[upkeep]\n|upkeep\n|turn|4\n|\n|t:|1700739613\n|-end|p1a: Iron Treads|Quark Drive|[silent]\n|switch|p1a: Garganacl|Garganacl, M|100\/100\n|move|p2a: Zapdos|Defog|p1a: Garganacl\n|-unboost|p1a: Garganacl|evasion|1\n|-sideend|p2: Sonanta|Stealth Rock|[from] move: Defog|[of] p2a: Zapdos\n|\n|-weather|RainDance|[upkeep]\n|upkeep\n|turn|5\n|\n|t:|1700739620\n|move|p2a: Zapdos|Volt Switch|p1a: Garganacl\n|-damage|p1a: Garganacl|81\/100\n|\n|t:|1700739626\n|switch|p2a: Dondozo|Dondozo, M, shiny|100\/100|[from] Volt Switch\n|move|p1a: Garganacl|Salt Cure|p2a: Dondozo\n|-damage|p2a: Dondozo|94\/100\n|-start|p2a: Dondozo|Salt Cure\n|\n|-weather|RainDance|[upkeep]\n|-heal|p1a: Garganacl|87\/100|[from] item: Leftovers\n|-heal|p2a: Dondozo|99\/100|[from] item: Leftovers\n|-damage|p2a: Dondozo|75\/100|[from] Salt Cure\n|upkeep\n|turn|6\n|\n|t:|1700739637\n|switch|p1a: Volcanion|Volcanion|100\/100\n|move|p2a: Dondozo|Wave Crash|p1a: Volcanion\n|-immune|p1a: Volcanion|[from] ability: Water Absorb\n|\n|-weather|RainDance|[upkeep]\n|-heal|p2a: Dondozo|81\/100|[from] item: Leftovers\n|-damage|p2a: Dondozo|56\/100|[from] Salt Cure\n|upkeep\n|turn|7\n|\n|t:|1700739651\n|switch|p2a: Chansey|Chansey, F|95\/100\n|-terastallize|p1a: Volcanion|Water\n|move|p1a: Volcanion|Steam Eruption|p2a: Chansey\n|-damage|p2a: Chansey|35\/100\n|-status|p2a: Chansey|brn\n|\n|-weather|RainDance|[upkeep]\n|-damage|p2a: Chansey|29\/100 brn|[from] brn\n|upkeep\n|turn|8\n|inactive|Sonanta has 120 seconds left.\n|-message|Sonanta forfeited.\n|\n|win|biezouhaoma\n|raw|biezouhaoma's rating: 1669 &rarr; <strong>1684<\/strong><br \/>(+15 for winning)\n|raw|Sonanta's rating: 1582 &rarr; <strong>1567<\/strong><br \/>(-15 for losing)\n|l|\u203dbiezouhaoma\n","uploadtime":1700739703,"views":3,"p1id":"biezouhaoma","p2id":"sonanta","formatid":"gen9nationaldex","rating":1567,"private":0,"password":""}