{"id":"gen9nationaldex-1996045534","p1":"Laser Hines","p2":"gadgetmcfly","format":"[Gen 9] National Dex","log":"|html|<div class=\"broadcast-blue\"><strong>[Gen 9] National Dex is currently suspecting Sneasler! For information on how to participate check out the <a href=\"https:\/\/www.smogon.com\/forums\/threads\/sv-national-dex-suspect-8-just-dance.3731534\/\">suspect thread<\/a>.<\/strong><\/div>\n|j|\u2606Laser Hines\n|j|\u2606gadgetmcfly\n|t:|1700634691\n|gametype|singles\n|player|p1|Laser Hines|hoopster|1043\n|player|p2|gadgetmcfly|101|1065\n|teamsize|p1|6\n|teamsize|p2|6\n|gen|9\n|tier|[Gen 9] National Dex\n|rated|\n|rule|HP Percentage Mod: HP is shown in percentages\n|rule|Endless Battle Clause: Forcing endless battles is banned\n|rule|OHKO Clause: OHKO moves are banned\n|rule|Evasion Clause: Evasion abilities, items, and moves are banned\n|rule|Evasion Abilities Clause: Evasion abilities are banned\n|rule|Evasion Items Clause: Evasion items are banned\n|rule|Evasion Moves Clause: Evasion moves are banned\n|rule|Species Clause: Limit one of each Pok\u00e9mon\n|rule|Sleep Clause Mod: Limit one foe put to sleep\n|clearpoke\n|poke|p1|Slaking, M|\n|poke|p1|Armaldo, M|\n|poke|p1|Huntail, M|\n|poke|p1|Exploud, M|\n|poke|p1|Flygon, M|\n|poke|p1|Ludicolo, F|\n|poke|p2|Charizard, M|\n|poke|p2|Torkoal, M|\n|poke|p2|Lilligant-Hisui, F|\n|poke|p2|Clefable, F|\n|poke|p2|Great Tusk|\n|poke|p2|Heliolisk, F|\n|teampreview\n|c|\u2606gadgetmcfly|Bro was going to gen 3 ladder and pulled up to the wrong meta\u203c\ufe0f\n|\n|t:|1700634724\n|start\n|switch|p1a: Ludicolo|Ludicolo, F|100\/100\n|switch|p2a: Clefable|Clefable, F|100\/100\n|turn|1\n|\n|t:|1700634735\n|move|p1a: Ludicolo|Leech Seed|p2a: Clefable\n|-start|p2a: Clefable|move: Leech Seed\n|move|p2a: Clefable|Sunny Day|p2a: Clefable\n|-weather|SunnyDay\n|\n|-weather|SunnyDay|[upkeep]\n|-damage|p2a: Clefable|88\/100|[from] Leech Seed|[of] p1a: Ludicolo\n|upkeep\n|turn|2\n|\n|t:|1700634743\n|move|p1a: Ludicolo|Rain Dance|p1a: Ludicolo\n|-weather|RainDance\n|move|p2a: Clefable|Teleport|p2a: Clefable\n|\n|t:|1700634760\n|switch|p2a: Torkoal|Torkoal, M|100\/100|[from] Teleport\n|-weather|SunnyDay|[from] ability: Drought|[of] p2a: Torkoal\n|\n|-weather|SunnyDay|[upkeep]\n|upkeep\n|turn|3\n|\n|t:|1700634779\n|move|p1a: Ludicolo|Rain Dance|p1a: Ludicolo\n|-weather|RainDance\n|move|p2a: Torkoal|Fire Blast|p1a: Ludicolo\n|-damage|p1a: Ludicolo|75\/100\n|\n|-weather|RainDance|[upkeep]\n|upkeep\n|turn|4\n|\n|t:|1700634795\n|move|p1a: Ludicolo|Hydro Pump|p2a: Torkoal\n|-supereffective|p2a: Torkoal\n|-damage|p2a: Torkoal|0 fnt\n|faint|p2a: Torkoal\n|\n|-weather|RainDance|[upkeep]\n|upkeep\n|\n|t:|1700634820\n|switch|p2a: Lilligant|Lilligant-Hisui, F|100\/100\n|turn|5\n|\n|t:|1700634827\n|move|p1a: Ludicolo|Hydro Pump|p2a: Lilligant|[miss]\n|-miss|p1a: Ludicolo|p2a: Lilligant\n|move|p2a: Lilligant|Poison Jab|p1a: Ludicolo\n|-supereffective|p1a: Ludicolo\n|-damage|p1a: Ludicolo|0 fnt\n|faint|p1a: Ludicolo\n|-damage|p2a: Lilligant|91\/100|[from] item: Life Orb\n|\n|-weather|RainDance|[upkeep]\n|upkeep\n|\n|t:|1700634837\n|switch|p1a: Exploud|Exploud, M|100\/100\n|turn|6\n|\n|t:|1700634843\n|-terastallize|p1a: Exploud|Fairy\n|move|p2a: Lilligant|Close Combat|p1a: Exploud\n|-resisted|p1a: Exploud\n|-damage|p1a: Exploud|53\/100\n|-unboost|p2a: Lilligant|def|1\n|-unboost|p2a: Lilligant|spd|1\n|-damage|p2a: Lilligant|81\/100|[from] item: Life Orb\n|move|p1a: Exploud|Teeter Dance|p2a: Lilligant\n|-start|p2a: Lilligant|confusion\n|\n|-weather|RainDance|[upkeep]\n|upkeep\n|turn|7\n|\n|t:|1700634855\n|-activate|p2a: Lilligant|confusion\n|move|p2a: Lilligant|Poison Jab|p1a: Exploud\n|-supereffective|p1a: Exploud\n|-damage|p1a: Exploud|0 fnt\n|faint|p1a: Exploud\n|-damage|p2a: Lilligant|71\/100|[from] item: Life Orb\n|\n|-weather|none\n|upkeep\n|\n|t:|1700634863\n|switch|p1a: Armaldo|Armaldo, M|100\/100\n|turn|8\n|\n|t:|1700634872\n|switch|p2a: Clefable|Clefable, F|88\/100\n|move|p1a: Armaldo|Hone Claws|p1a: Armaldo\n|-boost|p1a: Armaldo|atk|1\n|-boost|p1a: Armaldo|accuracy|1\n|\n|upkeep\n|turn|9\n|\n|t:|1700634878\n|move|p2a: Clefable|Sunny Day|p2a: Clefable\n|-weather|SunnyDay\n|move|p1a: Armaldo|String Shot|p2a: Clefable\n|-unboost|p2a: Clefable|spe|2\n|\n|-weather|SunnyDay|[upkeep]\n|upkeep\n|turn|10\n|\n|t:|1700634889\n|move|p1a: Armaldo|Stone Edge|p2a: Clefable\n|-damage|p2a: Clefable|42\/100\n|move|p2a: Clefable|Teleport|p2a: Clefable\n|\n|t:|1700634923\n|switch|p2a: Charizard|Charizard, M, shiny|100\/100|[from] Teleport\n|\n|-weather|SunnyDay|[upkeep]\n|-damage|p2a: Charizard|88\/100|[from] ability: Solar Power|[of] p2a: Charizard\n|upkeep\n|turn|11\n|\n|t:|1700634934\n|move|p2a: Charizard|Fire Blast|p1a: Armaldo\n|-damage|p1a: Armaldo|0 fnt\n|faint|p1a: Armaldo\n|\n|-weather|SunnyDay|[upkeep]\n|-damage|p2a: Charizard|76\/100|[from] ability: Solar Power|[of] p2a: Charizard\n|upkeep\n|\n|t:|1700634941\n|switch|p1a: Slaking|Slaking, M|100\/100\n|turn|12\n|\n|t:|1700634947\n|-terastallize|p2a: Charizard|Fire\n|move|p2a: Charizard|Fire Blast|p1a: Slaking\n|-damage|p1a: Slaking|0 fnt\n|faint|p1a: Slaking\n|\n|-weather|SunnyDay|[upkeep]\n|-damage|p2a: Charizard|63\/100|[from] ability: Solar Power|[of] p2a: Charizard\n|upkeep\n|\n|t:|1700634955\n|switch|p1a: Flygon|Flygon, M|100\/100\n|turn|13\n|c|\u2606gadgetmcfly|My condolences\n|\n|t:|1700634959\n|move|p2a: Charizard|Fire Blast|p1a: Flygon\n|-resisted|p1a: Flygon\n|-damage|p1a: Flygon|0 fnt\n|faint|p1a: Flygon\n|\n|-weather|SunnyDay|[upkeep]\n|-damage|p2a: Charizard|51\/100|[from] ability: Solar Power|[of] p2a: Charizard\n|upkeep\n|\n|t:|1700634966\n|switch|p1a: Huntail|Huntail, M|100\/100\n|turn|14\n|\n|t:|1700634970\n|move|p2a: Charizard|Fire Blast|p1a: Huntail\n|-resisted|p1a: Huntail\n|-damage|p1a: Huntail|0 fnt\n|faint|p1a: Huntail\n|\n|win|gadgetmcfly\n|raw|Laser Hines's rating: 1043 &rarr; <strong>1028<\/strong><br \/>(-15 for losing)\n|raw|gadgetmcfly's rating: 1065 &rarr; <strong>1093<\/strong><br \/>(+28 for winning)\n|c|\u2606Laser Hines|gg\n|c|\u2606gadgetmcfly|Gg\n|l|\u2606Laser Hines\n","uploadtime":1700634990,"views":1,"p1id":"laserhines","p2id":"gadgetmcfly","formatid":"gen9nationaldex","rating":1028,"private":0,"password":""}