{"id":"gen9nationaldex-1991218570","p1":"FoilFred","p2":"Radio Ghost","format":"[Gen 9] National Dex","log":"|j|\u2606FoilFred\n|j|\u2606Radio Ghost\n|t:|1700058302\n|gametype|singles\n|player|p1|FoilFred|gambler|1384\n|player|p2|Radio Ghost|erika|1399\n|teamsize|p1|6\n|teamsize|p2|6\n|gen|9\n|tier|[Gen 9] National Dex\n|rated|\n|rule|HP Percentage Mod: HP is shown in percentages\n|rule|Endless Battle Clause: Forcing endless battles is banned\n|rule|OHKO Clause: OHKO moves are banned\n|rule|Evasion Clause: Evasion abilities, items, and moves are banned\n|rule|Evasion Abilities Clause: Evasion abilities are banned\n|rule|Evasion Items Clause: Evasion items are banned\n|rule|Evasion Moves Clause: Evasion moves are banned\n|rule|Species Clause: Limit one of each Pok\u00e9mon\n|rule|Sleep Clause Mod: Limit one foe put to sleep\n|clearpoke\n|poke|p1|Ninetales-Alola, F|\n|poke|p1|Altaria, F|\n|poke|p1|Landorus-Therian, M|\n|poke|p1|Blaziken, F|\n|poke|p1|Magnezone|\n|poke|p1|Samurott-Hisui, F|\n|poke|p2|Jirachi|\n|poke|p2|Ogerpon-Wellspring, F|\n|poke|p2|Zapdos|\n|poke|p2|Swampert, M|\n|poke|p2|Ferrothorn, M|\n|poke|p2|Pelipper, M|\n|teampreview\n|inactive|Battle timer is ON: inactive players will automatically lose when time's up. (requested by Radio Ghost)\n|\n|t:|1700058317\n|start\n|switch|p1a: Landorus|Landorus-Therian, M|100\/100\n|switch|p2a: Jirachi|Jirachi, shiny|100\/100\n|-ability|p1a: Landorus|Intimidate|boost\n|-unboost|p2a: Jirachi|atk|1\n|turn|1\n|\n|t:|1700058326\n|move|p1a: Landorus|Knock Off|p2a: Jirachi\n|-supereffective|p2a: Jirachi\n|-damage|p2a: Jirachi|55\/100\n|-zpower|p2a: Jirachi\n|move|p2a: Jirachi|Z-Happy Hour|p2a: Jirachi|[anim]Happy Hour\n|-boost|p2a: Jirachi|atk|1|[zeffect]\n|-boost|p2a: Jirachi|def|1|[zeffect]\n|-boost|p2a: Jirachi|spa|1|[zeffect]\n|-boost|p2a: Jirachi|spd|1|[zeffect]\n|-boost|p2a: Jirachi|spe|1|[zeffect]\n|\n|upkeep\n|turn|2\n|\n|t:|1700058337\n|switch|p1a: Magnezone|Magnezone|100\/100\n|move|p2a: Jirachi|Stored Power|p1a: Magnezone\n|-resisted|p1a: Magnezone\n|-damage|p1a: Magnezone|54\/100\n|\n|upkeep\n|turn|3\n|\n|t:|1700058344\n|move|p2a: Jirachi|Aura Sphere|p1a: Magnezone\n|-supereffective|p1a: Magnezone\n|-damage|p1a: Magnezone|0 fnt\n|faint|p1a: Magnezone\n|\n|upkeep\n|\n|t:|1700058347\n|switch|p1a: Landorus|Landorus-Therian, M|100\/100\n|-ability|p1a: Landorus|Intimidate|boost\n|-unboost|p2a: Jirachi|atk|1\n|turn|4\n|\n|t:|1700058352\n|move|p2a: Jirachi|Stored Power|p1a: Landorus\n|-damage|p1a: Landorus|11\/100\n|move|p1a: Landorus|Earthquake|p2a: Jirachi\n|-supereffective|p2a: Jirachi\n|-damage|p2a: Jirachi|0 fnt\n|faint|p2a: Jirachi\n|\n|upkeep\n|\n|t:|1700058359\n|switch|p2a: Pelipper|Pelipper, M|100\/100\n|-weather|RainDance|[from] ability: Drizzle|[of] p2a: Pelipper\n|turn|5\n|\n|t:|1700058365\n|switch|p1a: Ninetales|Ninetales-Alola, F|100\/100\n|-weather|Snow|[from] ability: Snow Warning|[of] p1a: Ninetales\n|move|p2a: Pelipper|U-turn|p1a: Ninetales\n|-resisted|p1a: Ninetales\n|-damage|p1a: Ninetales|94\/100\n|\n|t:|1700058374\n|switch|p2a: Ferrothorn|Ferrothorn, M|100\/100|[from] U-turn\n|\n|-weather|Snow|[upkeep]\n|upkeep\n|turn|6\n|\n|t:|1700058379\n|move|p1a: Ninetales|Aurora Veil|p1a: Ninetales\n|-sidestart|p1: FoilFred|move: Aurora Veil\n|move|p2a: Ferrothorn|Gyro Ball|p1a: Ninetales\n|-supereffective|p1a: Ninetales\n|-damage|p1a: Ninetales|17\/100\n|\n|-weather|Snow|[upkeep]\n|upkeep\n|turn|7\n|\n|t:|1700058387\n|move|p1a: Ninetales|Encore|p2a: Ferrothorn\n|-start|p2a: Ferrothorn|Encore\n|move|p2a: Ferrothorn|Gyro Ball|p1a: Ninetales\n|-supereffective|p1a: Ninetales\n|-damage|p1a: Ninetales|0 fnt\n|faint|p1a: Ninetales\n|\n|-weather|Snow|[upkeep]\n|upkeep\n|\n|t:|1700058389\n|switch|p1a: Blaziken|Blaziken, F, shiny|100\/100\n|turn|8\n|\n|t:|1700058409\n|switch|p2a: Pelipper|Pelipper, M|100\/100\n|-weather|RainDance|[from] ability: Drizzle|[of] p2a: Pelipper\n|move|p1a: Blaziken|Swords Dance|p1a: Blaziken\n|-boost|p1a: Blaziken|atk|2\n|\n|-weather|RainDance|[upkeep]\n|-ability|p1a: Blaziken|Speed Boost|boost\n|-boost|p1a: Blaziken|spe|1\n|upkeep\n|turn|9\n|\n|t:|1700058420\n|move|p1a: Blaziken|Thunder Punch|p2a: Pelipper\n|-supereffective|p2a: Pelipper\n|-damage|p2a: Pelipper|0 fnt\n|faint|p2a: Pelipper\n|\n|-weather|RainDance|[upkeep]\n|-ability|p1a: Blaziken|Speed Boost|boost\n|-boost|p1a: Blaziken|spe|1\n|upkeep\n|\n|t:|1700058430\n|switch|p2a: Zapdos|Zapdos|100\/100\n|turn|10\n|\n|t:|1700058434\n|-zpower|p1a: Blaziken\n|move|p1a: Blaziken|Gigavolt Havoc|p2a: Zapdos|[zeffect]\n|-damage|p2a: Zapdos|0 fnt\n|faint|p2a: Zapdos\n|\n|-weather|RainDance|[upkeep]\n|-ability|p1a: Blaziken|Speed Boost|boost\n|-boost|p1a: Blaziken|spe|1\n|upkeep\n|\n|t:|1700058448\n|switch|p2a: Ogerpon|Ogerpon-Wellspring, F|100\/100\n|turn|11\n|\n|t:|1700058456\n|move|p1a: Blaziken|Close Combat|p2a: Ogerpon\n|-damage|p2a: Ogerpon|0 fnt\n|-unboost|p1a: Blaziken|def|1\n|-unboost|p1a: Blaziken|spd|1\n|faint|p2a: Ogerpon\n|\n|-weather|RainDance|[upkeep]\n|-ability|p1a: Blaziken|Speed Boost|boost\n|-boost|p1a: Blaziken|spe|1\n|upkeep\n|-message|Radio Ghost forfeited.\n|\n|win|FoilFred\n|raw|FoilFred's rating: 1384 &rarr; <strong>1405<\/strong><br \/>(+21 for winning)\n|raw|Radio Ghost's rating: 1399 &rarr; <strong>1378<\/strong><br \/>(-21 for losing)\n|l|\u2606Radio Ghost\n","uploadtime":1700058469,"views":4,"p1id":"foilfred","p2id":"radioghost","formatid":"gen9nationaldex","rating":1378,"private":0,"password":""}