{"id":"gen9nationaldex-1988547376","p1":"slipperbandit","p2":"female charizard","format":"[Gen 9] National Dex","log":"|j|\u2606slipperbandit\n|j|\u2606female charizard\n|t:|1699734720\n|gametype|singles\n|player|p1|slipperbandit|harlequin|1130\n|player|p2|female charizard|170|1198\n|teamsize|p1|6\n|teamsize|p2|6\n|gen|9\n|tier|[Gen 9] National Dex\n|rated|\n|rule|HP Percentage Mod: HP is shown in percentages\n|rule|Endless Battle Clause: Forcing endless battles is banned\n|rule|OHKO Clause: OHKO moves are banned\n|rule|Evasion Clause: Evasion abilities, items, and moves are banned\n|rule|Evasion Abilities Clause: Evasion abilities are banned\n|rule|Evasion Items Clause: Evasion items are banned\n|rule|Evasion Moves Clause: Evasion moves are banned\n|rule|Species Clause: Limit one of each Pok\u00e9mon\n|rule|Sleep Clause Mod: Limit one foe put to sleep\n|clearpoke\n|poke|p1|Chandelure, M|\n|poke|p1|Volcarona, M|\n|poke|p1|Samurott-Hisui, M|\n|poke|p1|Polteageist|\n|poke|p1|Sinistcha|\n|poke|p1|Serperior, M|\n|poke|p2|Rampardos, F|\n|poke|p2|Scream Tail|\n|poke|p2|Slowking, M|\n|poke|p2|Stakataka|\n|poke|p2|Gigalith, F|\n|poke|p2|Electrode-Hisui|\n|teampreview\n|j| snugglesnfluff\n|j| Zangoosefriend96\n|\n|t:|1699734742\n|start\n|switch|p1a: Serperior|Serperior, M|100\/100\n|switch|p2a: it was this|Slowking, M|100\/100\n|turn|1\n|j| it's ogrepon\n|\n|t:|1699734760\n|switch|p2a: ur divorced uncle|Rampardos, F|100\/100\n|move|p1a: Serperior|Leaf Storm|p2a: ur divorced uncle|[miss]\n|-miss|p1a: Serperior|p2a: ur divorced uncle\n|\n|upkeep\n|turn|2\n|j| imbleach\n|j| mistahmerrikuu\n|j| Lonsol\n|\n|t:|1699734779\n|move|p1a: Serperior|Leaf Storm|p2a: ur divorced uncle\n|-supereffective|p2a: ur divorced uncle\n|-damage|p2a: ur divorced uncle|0 fnt\n|-boost|p1a: Serperior|spa|2\n|faint|p2a: ur divorced uncle\n|\n|upkeep\n|\n|t:|1699734784\n|switch|p2a: ROULETTE ROCK|Gigalith, F|100\/100\n|turn|3\n|\n|t:|1699734791\n|move|p1a: Serperior|Leaf Storm|p2a: ROULETTE ROCK\n|-supereffective|p2a: ROULETTE ROCK\n|-ability|p2a: ROULETTE ROCK|Sturdy\n|-damage|p2a: ROULETTE ROCK|1\/100\n|-boost|p1a: Serperior|spa|2\n|-enditem|p2a: ROULETTE ROCK|Red Card|[of] p1a: Serperior\n|drag|p1a: Sinistcha|Sinistcha|100\/100\n|move|p2a: ROULETTE ROCK|Explosion|p1a: Sinistcha\n|-immune|p1a: Sinistcha\n|faint|p2a: ROULETTE ROCK\n|\n|upkeep\n|\n|t:|1699734803\n|switch|p2a: too anxious >.<|Stakataka|100\/100\n|turn|4\n|j| kung fu pokechu\n|\n|t:|1699734822\n|move|p1a: Sinistcha|Strength Sap|p2a: too anxious >.<\n|-unboost|p2a: too anxious >.<|atk|1\n|move|p2a: too anxious >.<|Trick Room|p2a: too anxious >.<\n|-fieldstart|move: Trick Room|[of] p2a: too anxious >.<\n|\n|upkeep\n|turn|5\n|\n|t:|1699734831\n|move|p2a: too anxious >.<|Gyro Ball|p1a: Sinistcha\n|-damage|p1a: Sinistcha|33\/100\n|-damage|p2a: too anxious >.<|91\/100|[from] item: Life Orb\n|move|p1a: Sinistcha|Substitute|p1a: Sinistcha\n|-start|p1a: Sinistcha|Substitute\n|-damage|p1a: Sinistcha|8\/100\n|\n|-heal|p1a: Sinistcha|14\/100|[from] item: Leftovers\n|upkeep\n|turn|6\n|\n|t:|1699734842\n|move|p2a: too anxious >.<|Gyro Ball|p1a: Sinistcha\n|-end|p1a: Sinistcha|Substitute\n|-damage|p2a: too anxious >.<|81\/100|[from] item: Life Orb\n|move|p1a: Sinistcha|Matcha Gotcha|p2a: too anxious >.<\n|-damage|p2a: too anxious >.<|32\/100\n|-heal|p1a: Sinistcha|42\/100|[from] drain|[of] p2a: too anxious >.<\n|\n|-heal|p1a: Sinistcha|48\/100|[from] item: Leftovers\n|upkeep\n|turn|7\n|\n|t:|1699734851\n|move|p2a: too anxious >.<|Gyro Ball|p1a: Sinistcha\n|-damage|p1a: Sinistcha|0 fnt\n|faint|p1a: Sinistcha\n|-ability|p2a: too anxious >.<|Beast Boost|boost\n|-boost|p2a: too anxious >.<|atk|1\n|-damage|p2a: too anxious >.<|22\/100|[from] item: Life Orb\n|\n|upkeep\n|\n|t:|1699734874\n|switch|p1a: Polteageist|Polteageist|100\/100\n|turn|8\n|\n|t:|1699734880\n|move|p2a: too anxious >.<|Gyro Ball|p1a: Polteageist\n|-enditem|p1a: Polteageist|Focus Sash\n|-damage|p1a: Polteageist|1\/100\n|-ability|p1a: Polteageist|Weak Armor|boost\n|-unboost|p1a: Polteageist|def|1\n|-boost|p1a: Polteageist|spe|2\n|-damage|p2a: too anxious >.<|12\/100|[from] item: Life Orb\n|move|p1a: Polteageist|Shell Smash|p1a: Polteageist\n|-unboost|p1a: Polteageist|def|1\n|-unboost|p1a: Polteageist|spd|1\n|-boost|p1a: Polteageist|atk|2\n|-boost|p1a: Polteageist|spa|2\n|-boost|p1a: Polteageist|spe|2\n|\n|-fieldend|move: Trick Room\n|upkeep\n|turn|9\n|\n|t:|1699734900\n|move|p1a: Polteageist|Stored Power|p2a: too anxious >.<\n|-resisted|p2a: too anxious >.<\n|-damage|p2a: too anxious >.<|0 fnt\n|faint|p2a: too anxious >.<\n|\n|upkeep\n|\n|t:|1699734917\n|switch|p2a: it was this|Slowking, M|100\/100\n|turn|10\n|\n|t:|1699734927\n|-terastallize|p2a: it was this|Water\n|move|p1a: Polteageist|Shadow Ball|p2a: it was this\n|-damage|p2a: it was this|27\/100\n|move|p2a: it was this|Flamethrower|p1a: Polteageist\n|-damage|p1a: Polteageist|0 fnt\n|faint|p1a: Polteageist\n|\n|upkeep\n|\n|t:|1699734936\n|switch|p1a: Serperior|Serperior, M|100\/100\n|turn|11\n|\n|t:|1699734960\n|switch|p2a: tay tay|Scream Tail|100\/100\n|move|p1a: Serperior|Leaf Storm|p2a: tay tay\n|-damage|p2a: tay tay|69\/100\n|-boost|p1a: Serperior|spa|2\n|\n|upkeep\n|turn|12\n|j| mami circular\n|\n|t:|1699734976\n|move|p1a: Serperior|Leaf Storm|p2a: tay tay\n|-damage|p2a: tay tay|6\/100\n|-boost|p1a: Serperior|spa|2\n|move|p2a: tay tay|Flamethrower|p1a: Serperior\n|-supereffective|p1a: Serperior\n|-damage|p1a: Serperior|62\/100\n|\n|upkeep\n|turn|13\n|\n|t:|1699734983\n|move|p1a: Serperior|Leaf Storm|p2a: tay tay\n|-damage|p2a: tay tay|0 fnt\n|-boost|p1a: Serperior|spa|2\n|faint|p2a: tay tay\n|-end|p2a: tay tay|Protosynthesis|[silent]\n|\n|upkeep\n|c| mami circular|>.<\n|\n|t:|1699734999\n|switch|p2a: fear and anger|Electrode-Hisui|100\/100\n|turn|14\n|\n|t:|1699735006\n|move|p2a: fear and anger|Substitute|p2a: fear and anger\n|-start|p2a: fear and anger|Substitute\n|-damage|p2a: fear and anger|76\/100\n|move|p1a: Serperior|Giga Drain|p2a: fear and anger\n|-resisted|p2a: fear and anger\n|-end|p2a: fear and anger|Substitute\n|-heal|p1a: Serperior|73\/100|[from] drain|[of] p2a: fear and anger\n|\n|-heal|p2a: fear and anger|82\/100|[from] item: Leftovers\n|upkeep\n|turn|15\n|\n|t:|1699735014\n|move|p2a: fear and anger|Substitute|p2a: fear and anger\n|-start|p2a: fear and anger|Substitute\n|-damage|p2a: fear and anger|57\/100\n|move|p1a: Serperior|Giga Drain|p2a: fear and anger\n|-resisted|p2a: fear and anger\n|-end|p2a: fear and anger|Substitute\n|-heal|p1a: Serperior|85\/100|[from] drain|[of] p2a: fear and anger\n|\n|-heal|p2a: fear and anger|63\/100|[from] item: Leftovers\n|upkeep\n|turn|16\n|\n|t:|1699735022\n|move|p2a: fear and anger|Thunderbolt|p1a: Serperior\n|-resisted|p1a: Serperior\n|-damage|p1a: Serperior|65\/100\n|-status|p1a: Serperior|par\n|cant|p1a: Serperior|par\n|\n|-heal|p2a: fear and anger|69\/100|[from] item: Leftovers\n|upkeep\n|turn|17\n|\n|t:|1699735030\n|move|p2a: fear and anger|Substitute|p2a: fear and anger\n|-start|p2a: fear and anger|Substitute\n|-damage|p2a: fear and anger|44\/100\n|cant|p1a: Serperior|par\n|\n|-heal|p2a: fear and anger|50\/100|[from] item: Leftovers\n|upkeep\n|turn|18\n|\n|t:|1699735040\n|move|p2a: fear and anger|Energy Ball|p1a: Serperior\n|-resisted|p1a: Serperior\n|-damage|p1a: Serperior|46\/100 par\n|move|p1a: Serperior|Giga Drain|p2a: fear and anger\n|-resisted|p2a: fear and anger\n|-end|p2a: fear and anger|Substitute\n|-heal|p1a: Serperior|57\/100 par|[from] drain|[of] p2a: fear and anger\n|\n|-heal|p2a: fear and anger|56\/100|[from] item: Leftovers\n|upkeep\n|turn|19\n|\n|t:|1699735053\n|move|p2a: fear and anger|Substitute|p2a: fear and anger\n|-start|p2a: fear and anger|Substitute\n|-damage|p2a: fear and anger|32\/100\n|move|p1a: Serperior|Giga Drain|p2a: fear and anger\n|-resisted|p2a: fear and anger\n|-end|p2a: fear and anger|Substitute\n|-heal|p1a: Serperior|68\/100 par|[from] drain|[of] p2a: fear and anger\n|\n|-heal|p2a: fear and anger|38\/100|[from] item: Leftovers\n|upkeep\n|turn|20\n|\n|t:|1699735061\n|move|p2a: fear and anger|Substitute|p2a: fear and anger\n|-start|p2a: fear and anger|Substitute\n|-damage|p2a: fear and anger|13\/100\n|cant|p1a: Serperior|par\n|\n|-heal|p2a: fear and anger|19\/100|[from] item: Leftovers\n|upkeep\n|turn|21\n|\n|t:|1699735069\n|move|p2a: fear and anger|Energy Ball|p1a: Serperior\n|-resisted|p1a: Serperior\n|-damage|p1a: Serperior|48\/100 par\n|move|p1a: Serperior|Giga Drain|p2a: fear and anger\n|-resisted|p2a: fear and anger\n|-end|p2a: fear and anger|Substitute\n|-heal|p1a: Serperior|59\/100 par|[from] drain|[of] p2a: fear and anger\n|\n|-heal|p2a: fear and anger|25\/100|[from] item: Leftovers\n|upkeep\n|turn|22\n|\n|t:|1699735079\n|move|p2a: fear and anger|Energy Ball|p1a: Serperior\n|-resisted|p1a: Serperior\n|-damage|p1a: Serperior|40\/100 par\n|move|p1a: Serperior|Giga Drain|p2a: fear and anger\n|-resisted|p2a: fear and anger\n|-damage|p2a: fear and anger|0 fnt\n|-heal|p1a: Serperior|50\/100 par|[from] drain|[of] p2a: fear and anger\n|faint|p2a: fear and anger\n|\n|upkeep\n|\n|t:|1699735087\n|switch|p2a: it was this|Slowking, M, tera:Water|60\/100\n|turn|23\n|inactive|Battle timer is ON: inactive players will automatically lose when time's up. (requested by female charizard)\n|\n|t:|1699735114\n|cant|p1a: Serperior|par\n|move|p2a: it was this|Flamethrower|p1a: Serperior\n|-supereffective|p1a: Serperior\n|-damage|p1a: Serperior|0 fnt\n|faint|p1a: Serperior\n|\n|upkeep\n|\n|t:|1699735123\n|switch|p1a: Samurott|Samurott-Hisui, M|100\/100\n|turn|24\n|\n|t:|1699735130\n|move|p1a: Samurott|Swords Dance|p1a: Samurott\n|-boost|p1a: Samurott|atk|2\n|move|p2a: it was this|Flamethrower|p1a: Samurott\n|-resisted|p1a: Samurott\n|-damage|p1a: Samurott|69\/100\n|\n|upkeep\n|turn|25\n|\n|t:|1699735141\n|-terastallize|p1a: Samurott|Dark\n|move|p1a: Samurott|Ceaseless Edge|p2a: it was this\n|-damage|p2a: it was this|0 fnt\n|-sidestart|p2: female charizard|Spikes\n|faint|p2a: it was this\n|\n|win|slipperbandit\n|raw|slipperbandit's rating: 1130 &rarr; <strong>1160<\/strong><br \/>(+30 for winning)\n|raw|female charizard's rating: 1198 &rarr; <strong>1168<\/strong><br \/>(-30 for losing)\n|l|\u2606slipperbandit\n","uploadtime":1699735170,"views":4,"p1id":"slipperbandit","p2id":"femalecharizard","formatid":"gen9nationaldex","rating":1160,"private":0,"password":""}