{"id":"gen9nationaldex-1994450335","p1":"DkPhoenix35","p2":"Ivan D Rortega","format":"[Gen 9] National Dex","log":"|j|\u2606DkPhoenix35\n|j|\u2606Ivan D Rortega\n|t:|1700445314\n|gametype|singles\n|player|p1|DkPhoenix35|will|1236\n|player|p2|Ivan D Rortega|1|1293\n|teamsize|p1|6\n|teamsize|p2|6\n|gen|9\n|tier|[Gen 9] National Dex\n|rated|\n|rule|HP Percentage Mod: HP is shown in percentages\n|rule|Endless Battle Clause: Forcing endless battles is banned\n|rule|OHKO Clause: OHKO moves are banned\n|rule|Evasion Clause: Evasion abilities, items, and moves are banned\n|rule|Evasion Abilities Clause: Evasion abilities are banned\n|rule|Evasion Items Clause: Evasion items are banned\n|rule|Evasion Moves Clause: Evasion moves are banned\n|rule|Species Clause: Limit one of each Pok\u00e9mon\n|rule|Sleep Clause Mod: Limit one foe put to sleep\n|clearpoke\n|poke|p1|Ribombee, F|\n|poke|p1|Grimmsnarl, M|\n|poke|p1|Quaquaval, M|\n|poke|p1|Volcarona, F|\n|poke|p1|Gyarados, F|\n|poke|p1|Malamar, F|\n|poke|p2|Iron Moth|\n|poke|p2|Quaquaval, F|\n|poke|p2|Kleavor, F|\n|poke|p2|Shiftry, M|\n|poke|p2|Avalugg, F|\n|poke|p2|Fezandipiti, M|\n|teampreview\n|inactive|Battle timer is ON: inactive players will automatically lose when time's up. (requested by Ivan D Rortega)\n|\n|t:|1700445363\n|start\n|switch|p1a: Ralsei|Grimmsnarl, M|100\/100\n|switch|p2a: Kleavor|Kleavor, F|100\/100\n|turn|1\n|\n|t:|1700445372\n|move|p1a: Ralsei|Reflect|p1a: Ralsei\n|-sidestart|p1: DkPhoenix35|Reflect\n|move|p2a: Kleavor|Agility|p2a: Kleavor\n|-boost|p2a: Kleavor|spe|2\n|\n|upkeep\n|turn|2\n|\n|t:|1700445379\n|move|p1a: Ralsei|Light Screen|p1a: Ralsei\n|-sidestart|p1: DkPhoenix35|move: Light Screen\n|move|p2a: Kleavor|Stone Axe|p1a: Ralsei\n|-damage|p1a: Ralsei|63\/100\n|-sidestart|p1: DkPhoenix35|move: Stealth Rock\n|\n|upkeep\n|turn|3\n|\n|t:|1700445385\n|move|p1a: Ralsei|Taunt|p2a: Kleavor\n|-start|p2a: Kleavor|move: Taunt\n|move|p2a: Kleavor|Stone Axe|p1a: Ralsei\n|-damage|p1a: Ralsei|25\/100\n|\n|upkeep\n|turn|4\n|\n|t:|1700445409\n|move|p1a: Ralsei|Sucker Punch|p2a: Kleavor\n|-damage|p2a: Kleavor|67\/100\n|move|p2a: Kleavor|Dual Wingbeat|p1a: Ralsei|[miss]\n|-miss|p2a: Kleavor|p1a: Ralsei\n|\n|upkeep\n|turn|5\n|\n|t:|1700445424\n|move|p1a: Ralsei|Sucker Punch|p2a: Kleavor\n|-damage|p2a: Kleavor|34\/100\n|move|p2a: Kleavor|Stone Axe|p1a: Ralsei\n|-damage|p1a: Ralsei|0 fnt\n|faint|p1a: Ralsei\n|\n|-end|p2a: Kleavor|move: Taunt\n|upkeep\n|\n|t:|1700445432\n|switch|p1a: Kris|Quaquaval, M|100\/100\n|-damage|p1a: Kris|94\/100|[from] Stealth Rock\n|turn|6\n|\n|t:|1700445445\n|switch|p2a: Avalugg|Avalugg, F|100\/100\n|move|p1a: Kris|Bulk Up|p1a: Kris\n|-boost|p1a: Kris|atk|1\n|-boost|p1a: Kris|def|1\n|\n|upkeep\n|turn|7\n|\n|t:|1700445453\n|move|p1a: Kris|Bulk Up|p1a: Kris\n|-boost|p1a: Kris|atk|1\n|-boost|p1a: Kris|def|1\n|move|p2a: Avalugg|Body Press|p1a: Kris\n|-damage|p1a: Kris|81\/100\n|\n|upkeep\n|turn|8\n|\n|t:|1700445459\n|switch|p2a: Iron Moth|Iron Moth|100\/100\n|-enditem|p2a: Iron Moth|Booster Energy\n|-activate|p2a: Iron Moth|ability: Quark Drive|[fromitem]\n|-start|p2a: Iron Moth|quarkdrivespa\n|move|p1a: Kris|Brick Break|p2a: Iron Moth\n|-resisted|p2a: Iron Moth\n|-damage|p2a: Iron Moth|35\/100\n|\n|-sideend|p1: DkPhoenix35|Reflect\n|upkeep\n|turn|9\n|\n|t:|1700445466\n|-terastallize|p2a: Iron Moth|Grass\n|move|p2a: Iron Moth|Energy Ball|p1a: Kris\n|-supereffective|p1a: Kris\n|-damage|p1a: Kris|0 fnt\n|faint|p1a: Kris\n|\n|-sideend|p1: DkPhoenix35|move: Light Screen\n|upkeep\n|\n|t:|1700445473\n|switch|p1a: Queenie|Volcarona, F, shiny|100\/100\n|turn|10\n|\n|t:|1700445479\n|move|p2a: Iron Moth|Flamethrower|p1a: Queenie\n|-damage|p1a: Queenie|32\/100\n|move|p1a: Queenie|Quiver Dance|p1a: Queenie\n|-boost|p1a: Queenie|spa|1\n|-boost|p1a: Queenie|spd|1\n|-boost|p1a: Queenie|spe|1\n|\n|upkeep\n|turn|11\n|\n|t:|1700445487\n|move|p1a: Queenie|Fiery Dance|p2a: Iron Moth\n|-supereffective|p2a: Iron Moth\n|-damage|p2a: Iron Moth|0 fnt\n|-boost|p1a: Queenie|spa|1\n|faint|p2a: Iron Moth\n|-end|p2a: Iron Moth|Quark Drive|[silent]\n|\n|upkeep\n|\n|t:|1700445489\n|switch|p2a: Quaquaval|Quaquaval, F|100\/100\n|turn|12\n|\n|t:|1700445496\n|-terastallize|p1a: Queenie|Grass\n|move|p1a: Queenie|Giga Drain|p2a: Quaquaval\n|-supereffective|p2a: Quaquaval\n|-damage|p2a: Quaquaval|0 fnt\n|-heal|p1a: Queenie|82\/100|[from] drain|[of] p2a: Quaquaval\n|faint|p2a: Quaquaval\n|\n|upkeep\n|inactive|Ivan D Rortega has 120 seconds left.\n|\n|t:|1700445534\n|switch|p2a: Fezandipiti|Fezandipiti, M|100\/100\n|turn|13\n|\n|t:|1700445539\n|move|p1a: Queenie|Fiery Dance|p2a: Fezandipiti\n|-damage|p2a: Fezandipiti|49\/100\n|move|p2a: Fezandipiti|Poison Jab|p1a: Queenie\n|-supereffective|p1a: Queenie\n|-damage|p1a: Queenie|0 fnt\n|faint|p1a: Queenie\n|\n|-heal|p2a: Fezandipiti|55\/100|[from] item: Black Sludge\n|upkeep\n|\n|t:|1700445543\n|switch|p1a: Susie|Gyarados, F, shiny|100\/100\n|-damage|p1a: Susie|76\/100|[from] Stealth Rock\n|turn|14\n|inactive|Ivan D Rortega has 120 seconds left.\n|\n|t:|1700445565\n|move|p1a: Susie|Dragon Dance|p1a: Susie\n|-boost|p1a: Susie|atk|1\n|-boost|p1a: Susie|spe|1\n|move|p2a: Fezandipiti|Poison Jab|p1a: Susie\n|-damage|p1a: Susie|43\/100\n|\n|-heal|p2a: Fezandipiti|61\/100|[from] item: Black Sludge\n|upkeep\n|turn|15\n|\n|t:|1700445574\n|move|p1a: Susie|Waterfall|p2a: Fezandipiti\n|-damage|p2a: Fezandipiti|0 fnt\n|faint|p2a: Fezandipiti\n|-ability|p1a: Susie|Moxie|boost\n|-boost|p1a: Susie|atk|1\n|\n|upkeep\n|\n|t:|1700445583\n|switch|p2a: Avalugg|Avalugg, F|100\/100\n|turn|16\n|\n|t:|1700445588\n|move|p1a: Susie|Earthquake|p2a: Avalugg\n|-damage|p2a: Avalugg|71\/100\n|move|p2a: Avalugg|Avalanche|p1a: Susie\n|-damage|p1a: Susie|0 fnt\n|faint|p1a: Susie\n|\n|upkeep\n|\n|t:|1700445592\n|switch|p1a: Noelle|Ribombee, F|100\/100\n|-damage|p1a: Noelle|76\/100|[from] Stealth Rock\n|turn|17\n|\n|t:|1700445595\n|move|p1a: Noelle|Switcheroo|p2a: Avalugg\n|-activate|p1a: Noelle|move: Trick|[of] p2a: Avalugg\n|-item|p2a: Avalugg|Choice Specs|[from] move: Switcheroo\n|-item|p1a: Noelle|Heavy-Duty Boots|[from] move: Switcheroo\n|move|p2a: Avalugg|Avalanche|p1a: Noelle\n|-damage|p1a: Noelle|33\/100\n|\n|upkeep\n|turn|18\n|\n|t:|1700445602\n|move|p1a: Noelle|Quiver Dance|p1a: Noelle\n|-boost|p1a: Noelle|spa|1\n|-boost|p1a: Noelle|spd|1\n|-boost|p1a: Noelle|spe|1\n|move|p2a: Avalugg|Avalanche|p1a: Noelle\n|-damage|p1a: Noelle|0 fnt\n|faint|p1a: Noelle\n|\n|upkeep\n|\n|t:|1700445604\n|switch|p1a: Jevil|Malamar, F|100\/100\n|-damage|p1a: Jevil|88\/100|[from] Stealth Rock\n|turn|19\n|\n|t:|1700445608\n|-zpower|p1a: Jevil\n|move|p1a: Jevil|Z-Happy Hour|p1a: Jevil|[anim]Happy Hour\n|-boost|p1a: Jevil|atk|1|[zeffect]\n|-boost|p1a: Jevil|def|1|[zeffect]\n|-boost|p1a: Jevil|spa|1|[zeffect]\n|-boost|p1a: Jevil|spd|1|[zeffect]\n|-boost|p1a: Jevil|spe|1|[zeffect]\n|move|p2a: Avalugg|Avalanche|p1a: Jevil\n|-damage|p1a: Jevil|77\/100\n|\n|upkeep\n|turn|20\n|\n|t:|1700445610\n|move|p1a: Jevil|Superpower|p2a: Avalugg\n|-supereffective|p2a: Avalugg\n|-damage|p2a: Avalugg|42\/100\n|-boost|p1a: Jevil|atk|1\n|-boost|p1a: Jevil|def|1\n|move|p2a: Avalugg|Avalanche|p1a: Jevil\n|-damage|p1a: Jevil|59\/100\n|\n|upkeep\n|turn|21\n|\n|t:|1700445617\n|move|p1a: Jevil|Superpower|p2a: Avalugg\n|-supereffective|p2a: Avalugg\n|-damage|p2a: Avalugg|0 fnt\n|-boost|p1a: Jevil|atk|1\n|-boost|p1a: Jevil|def|1\n|faint|p2a: Avalugg\n|\n|upkeep\n|\n|t:|1700445619\n|switch|p2a: Kleavor|Kleavor, F|34\/100\n|turn|22\n|\n|t:|1700445621\n|move|p2a: Kleavor|X-Scissor|p1a: Jevil\n|-supereffective|p1a: Jevil\n|-damage|p1a: Jevil|0 fnt\n|faint|p1a: Jevil\n|\n|win|Ivan D Rortega\n|raw|DkPhoenix35's rating: 1236 &rarr; <strong>1215<\/strong><br \/>(-21 for losing)\n|raw|Ivan D Rortega's rating: 1293 &rarr; <strong>1314<\/strong><br \/>(+21 for winning)\n|l|\u2606DkPhoenix35\n","uploadtime":1700445629,"views":7,"p1id":"dkphoenix35","p2id":"ivandrortega","formatid":"gen9nationaldex","rating":1215,"private":0,"password":""}