{"id":"gen9nationaldex-1989105710","p1":"RockyCockys","p2":"AlanoMestrePokemon","format":"[Gen 9] National Dex","log":"|j|\u2606RockyCockys\n|j|\u2606AlanoMestrePokemon\n|t:|1699812797\n|gametype|singles\n|player|p1|RockyCockys|266|1048\n|player|p2|AlanoMestrePokemon|dawn-masters3|1040\n|teamsize|p1|6\n|teamsize|p2|6\n|gen|9\n|tier|[Gen 9] National Dex\n|rated|\n|rule|HP Percentage Mod: HP is shown in percentages\n|rule|Endless Battle Clause: Forcing endless battles is banned\n|rule|OHKO Clause: OHKO moves are banned\n|rule|Evasion Clause: Evasion abilities, items, and moves are banned\n|rule|Evasion Abilities Clause: Evasion abilities are banned\n|rule|Evasion Items Clause: Evasion items are banned\n|rule|Evasion Moves Clause: Evasion moves are banned\n|rule|Species Clause: Limit one of each Pok\u00e9mon\n|rule|Sleep Clause Mod: Limit one foe put to sleep\n|clearpoke\n|poke|p1|Skeledirge, F|\n|poke|p1|Iron Valiant|\n|poke|p1|Maushold-Four|\n|poke|p1|Glimmora, F|\n|poke|p1|Cetitan, M|\n|poke|p1|Iron Leaves|\n|poke|p2|Kingdra, M|\n|poke|p2|Dracozolt|\n|poke|p2|Gliscor, F|\n|poke|p2|Mawile, M|\n|poke|p2|Pinsir, M|\n|poke|p2|Xurkitree|\n|teampreview\n|inactive|Battle timer is ON: inactive players will automatically lose when time's up. (requested by RockyCockys)\n|\n|t:|1699812818\n|start\n|switch|p1a: Glimmora|Glimmora, F|100\/100\n|switch|p2a: Fake batman|Gliscor, F|100\/100\n|turn|1\n|\n|t:|1699812827\n|move|p2a: Fake batman|Swords Dance|p2a: Fake batman\n|-boost|p2a: Fake batman|atk|2\n|move|p1a: Glimmora|Stealth Rock|p2a: Fake batman\n|-sidestart|p2: AlanoMestrePokemon|move: Stealth Rock\n|\n|-status|p2a: Fake batman|tox|[from] item: Toxic Orb\n|upkeep\n|turn|2\n|\n|t:|1699812841\n|move|p2a: Fake batman|Earthquake|p1a: Glimmora\n|-supereffective|p1a: Glimmora\n|-enditem|p1a: Glimmora|Focus Sash\n|-damage|p1a: Glimmora|1\/100\n|-activate|p1a: Glimmora|ability: Toxic Debris\n|-sidestart|p2: AlanoMestrePokemon|move: Toxic Spikes\n|move|p1a: Glimmora|Power Gem|p2a: Fake batman\n|-damage|p2a: Fake batman|41\/100 tox\n|\n|-heal|p2a: Fake batman|53\/100 tox|[from] ability: Poison Heal\n|upkeep\n|turn|3\n|\n|t:|1699812854\n|move|p2a: Fake batman|Earthquake|p1a: Glimmora\n|-supereffective|p1a: Glimmora\n|-damage|p1a: Glimmora|0 fnt\n|-activate|p1a: Glimmora|ability: Toxic Debris\n|-sidestart|p2: AlanoMestrePokemon|move: Toxic Spikes\n|faint|p1a: Glimmora\n|\n|-heal|p2a: Fake batman|66\/100 tox|[from] ability: Poison Heal\n|upkeep\n|\n|t:|1699812873\n|switch|p1a: Cetitan|Cetitan, M|100\/100\n|turn|4\n|inactive|RockyCockys has 120 seconds left.\n|inactive|RockyCockys has 90 seconds left.\n|\n|t:|1699812925\n|move|p1a: Cetitan|Ice Shard|p2a: Fake batman\n|-supereffective|p2a: Fake batman\n|-damage|p2a: Fake batman|0 fnt\n|faint|p2a: Fake batman\n|\n|upkeep\n|\n|t:|1699812937\n|switch|p2a: Mega?|Mawile, M|100\/100\n|-damage|p2a: Mega?|94\/100|[from] Stealth Rock\n|turn|5\n|\n|t:|1699812944\n|detailschange|p2a: Mega?|Mawile-Mega, M\n|-mega|p2a: Mega?|Mawile|Mawilite\n|move|p1a: Cetitan|Earthquake|p2a: Mega?\n|-supereffective|p2a: Mega?\n|-damage|p2a: Mega?|30\/100\n|move|p2a: Mega?|Power-Up Punch|p1a: Cetitan\n|-supereffective|p1a: Cetitan\n|-damage|p1a: Cetitan|49\/100\n|-boost|p2a: Mega?|atk|1\n|-enditem|p1a: Cetitan|Sitrus Berry|[eat]\n|-heal|p1a: Cetitan|74\/100|[from] item: Sitrus Berry\n|\n|upkeep\n|turn|6\n|\n|t:|1699812954\n|move|p1a: Cetitan|Earthquake|p2a: Mega?\n|-supereffective|p2a: Mega?\n|-damage|p2a: Mega?|0 fnt\n|faint|p2a: Mega?\n|\n|upkeep\n|\n|t:|1699812961\n|switch|p2a: NotRockTypeFossil|Dracozolt|100\/100\n|-damage|p2a: NotRockTypeFossil|88\/100|[from] Stealth Rock\n|-status|p2a: NotRockTypeFossil|tox\n|turn|7\n|\n|t:|1699812968\n|move|p1a: Cetitan|Ice Shard|p2a: NotRockTypeFossil\n|-supereffective|p2a: NotRockTypeFossil\n|-damage|p2a: NotRockTypeFossil|43\/100 tox\n|move|p2a: NotRockTypeFossil|Fire Fang|p1a: Cetitan\n|-supereffective|p1a: Cetitan\n|-damage|p1a: Cetitan|44\/100\n|\n|-damage|p2a: NotRockTypeFossil|37\/100 tox|[from] psn\n|upkeep\n|turn|8\n|inactive|RockyCockys has 120 seconds left.\n|\n|t:|1699812977\n|move|p1a: Cetitan|Ice Shard|p2a: NotRockTypeFossil\n|-supereffective|p2a: NotRockTypeFossil\n|-damage|p2a: NotRockTypeFossil|0 fnt\n|faint|p2a: NotRockTypeFossil\n|\n|upkeep\n|c|\u2606AlanoMestrePokemon|That bitch is fucking thick fat?\n|n|\u203dAlanoMestrePokemon|alanomestrepokemon\n|c|&|\/log AlanoMestrePokemon was locked from talking by Artemis. (\u2606AlanoMestrePokemon: That bitch is fucking thick fat?)\n|c|&|\/raw <small>This action was done automatically. Want to learn more about the AI? <a href=\"https:\/\/www.smogon.com\/forums\/threads\/3570628\/#post-9056769\">Visit the information thread<\/a>.<\/small>\n|\n|t:|1699813004\n|switch|p2a: Or mega?|Pinsir, M|100\/100\n|-damage|p2a: Or mega?|75\/100|[from] Stealth Rock\n|-status|p2a: Or mega?|tox\n|turn|9\n|inactive|RockyCockys has 120 seconds left.\n|\n|t:|1699813035\n|move|p1a: Cetitan|Ice Shard|p2a: Or mega?\n|-damage|p2a: Or mega?|53\/100 tox\n|move|p2a: Or mega?|Brick Break|p1a: Cetitan\n|-supereffective|p1a: Cetitan\n|-damage|p1a: Cetitan|0 fnt\n|faint|p1a: Cetitan\n|-ability|p2a: Or mega?|Moxie|boost\n|-boost|p2a: Or mega?|atk|1\n|\n|-damage|p2a: Or mega?|47\/100 tox|[from] psn\n|upkeep\n|\n|t:|1699813051\n|switch|p1a: Krokodylek|Skeledirge, F|100\/100\n|turn|10\n|\n|t:|1699813059\n|switch|p2a: Xurxiruqixiriqitri|Xurkitree|100\/100\n|-damage|p2a: Xurxiruqixiriqitri|88\/100|[from] Stealth Rock\n|-status|p2a: Xurxiruqixiriqitri|tox\n|move|p1a: Krokodylek|Torch Song|p2a: Xurxiruqixiriqitri\n|-damage|p2a: Xurxiruqixiriqitri|45\/100 tox\n|-boost|p1a: Krokodylek|spa|1\n|\n|-damage|p2a: Xurxiruqixiriqitri|39\/100 tox|[from] psn\n|upkeep\n|turn|11\n|\n|t:|1699813078\n|move|p2a: Xurxiruqixiriqitri|Thunderbolt|p1a: Krokodylek\n|-damage|p1a: Krokodylek|54\/100\n|move|p1a: Krokodylek|Torch Song|p2a: Xurxiruqixiriqitri\n|-damage|p2a: Xurxiruqixiriqitri|0 fnt\n|-boost|p1a: Krokodylek|spa|1\n|faint|p2a: Xurxiruqixiriqitri\n|\n|upkeep\n|\n|t:|1699813081\n|switch|p2a: Aquaman horse|Kingdra, M|100\/100\n|-damage|p2a: Aquaman horse|88\/100|[from] Stealth Rock\n|-status|p2a: Aquaman horse|tox\n|turn|12\n|\n|t:|1699813095\n|move|p2a: Aquaman horse|Scald|p1a: Krokodylek\n|-supereffective|p1a: Krokodylek\n|-crit|p1a: Krokodylek\n|-damage|p1a: Krokodylek|0 fnt\n|faint|p1a: Krokodylek\n|\n|-damage|p2a: Aquaman horse|82\/100 tox|[from] psn\n|upkeep\n|\n|t:|1699813101\n|switch|p1a: Iron Leaves|Iron Leaves|100\/100\n|-enditem|p1a: Iron Leaves|Booster Energy\n|-activate|p1a: Iron Leaves|ability: Quark Drive|[fromitem]\n|-start|p1a: Iron Leaves|quarkdriveatk\n|turn|13\n|\n|t:|1699813107\n|move|p1a: Iron Leaves|Leaf Blade|p2a: Aquaman horse\n|-damage|p2a: Aquaman horse|13\/100 tox\n|move|p2a: Aquaman horse|Ice Beam|p1a: Iron Leaves\n|-supereffective|p1a: Iron Leaves\n|-damage|p1a: Iron Leaves|48\/100\n|\n|-damage|p2a: Aquaman horse|1\/100 tox|[from] psn\n|upkeep\n|turn|14\n|\n|t:|1699813117\n|move|p1a: Iron Leaves|Leaf Blade|p2a: Aquaman horse\n|-damage|p2a: Aquaman horse|0 fnt\n|faint|p2a: Aquaman horse\n|\n|upkeep\n|\n|t:|1699813119\n|switch|p2a: Or mega?|Pinsir, M|47\/100 tox\n|-damage|p2a: Or mega?|22\/100 tox|[from] Stealth Rock\n|turn|15\n|inactive|RockyCockys has 120 seconds left.\n|\n|t:|1699813126\n|-terastallize|p1a: Iron Leaves|Electric\n|move|p2a: Or mega?|X-Scissor|p1a: Iron Leaves\n|-damage|p1a: Iron Leaves|0 fnt\n|faint|p1a: Iron Leaves\n|-end|p1a: Iron Leaves|Quark Drive|[silent]\n|-ability|p2a: Or mega?|Moxie|boost\n|-boost|p2a: Or mega?|atk|1\n|\n|-damage|p2a: Or mega?|16\/100 tox|[from] psn\n|upkeep\n|inactive|RockyCockys has 120 seconds left.\n|\n|t:|1699813136\n|switch|p1a: Maushold|Maushold-Four|100\/100\n|turn|16\n|\n|t:|1699813141\n|-terastallize|p2a: Or mega?|Dragon\n|move|p2a: Or mega?|X-Scissor|p1a: Maushold\n|-damage|p1a: Maushold|0 fnt\n|faint|p1a: Maushold\n|-ability|p2a: Or mega?|Moxie|boost\n|-boost|p2a: Or mega?|atk|1\n|\n|-damage|p2a: Or mega?|3\/100 tox|[from] psn\n|upkeep\n|\n|t:|1699813151\n|switch|p1a: Iron Valiant|Iron Valiant, shiny|100\/100\n|turn|17\n|\n|t:|1699813162\n|move|p2a: Or mega?|X-Scissor|p1a: Iron Valiant\n|-resisted|p1a: Iron Valiant\n|-damage|p1a: Iron Valiant|73\/100\n|move|p1a: Iron Valiant|Moonblast|p2a: Or mega?\n|-supereffective|p2a: Or mega?\n|-damage|p2a: Or mega?|0 fnt\n|faint|p2a: Or mega?\n|\n|win|RockyCockys\n|raw|RockyCockys's rating: 1048 &rarr; <strong>1080<\/strong><br \/>(+32 for winning)\n|raw|AlanoMestrePokemon's rating: 1040 &rarr; <strong>1024<\/strong><br \/>(-16 for losing)\n","uploadtime":1699812992,"views":5,"p1id":"rockycockys","p2id":"alanomestrepokemon","formatid":"gen9nationaldex","rating":1024,"private":0,"password":""}