{"id":"gen9nationaldex-1988362244","p1":"Plustlultra","p2":"cucumberboy69","format":"[Gen 9] National Dex","log":"|j|\u2606Plustlultra\n|j|\u2606cucumberboy69\n|t:|1699714050\n|gametype|singles\n|player|p1|Plustlultra|101|1350\n|player|p2|cucumberboy69|169|1314\n|teamsize|p1|6\n|teamsize|p2|6\n|gen|9\n|tier|[Gen 9] National Dex\n|rated|\n|rule|HP Percentage Mod: HP is shown in percentages\n|rule|Endless Battle Clause: Forcing endless battles is banned\n|rule|OHKO Clause: OHKO moves are banned\n|rule|Evasion Clause: Evasion abilities, items, and moves are banned\n|rule|Evasion Abilities Clause: Evasion abilities are banned\n|rule|Evasion Items Clause: Evasion items are banned\n|rule|Evasion Moves Clause: Evasion moves are banned\n|rule|Species Clause: Limit one of each Pok\u00e9mon\n|rule|Sleep Clause Mod: Limit one foe put to sleep\n|clearpoke\n|poke|p1|Gliscor, M|\n|poke|p1|Tyranitar, M|\n|poke|p1|Venusaur, M|\n|poke|p1|Togekiss, F|\n|poke|p1|Cobalion|\n|poke|p1|Cloyster, F|\n|poke|p2|Banette, F|\n|poke|p2|Garchomp, M|\n|poke|p2|Great Tusk|\n|poke|p2|Sneasler, F|\n|poke|p2|Volcarona, M|\n|poke|p2|Greninja-*, F|\n|teampreview\n|inactive|Battle timer is ON: inactive players will automatically lose when time's up. (requested by cucumberboy69)\n|\n|t:|1699714060\n|start\n|switch|p1a: Cobalion|Cobalion|100\/100\n|switch|p2a: Garchomp|Garchomp, M|100\/100\n|turn|1\n|\n|t:|1699714065\n|move|p1a: Cobalion|Stealth Rock|p2a: Garchomp\n|-sidestart|p2: cucumberboy69|move: Stealth Rock\n|move|p2a: Garchomp|Earthquake|p1a: Cobalion\n|-supereffective|p1a: Cobalion\n|-damage|p1a: Cobalion|33\/100\n|\n|upkeep\n|turn|2\n|\n|t:|1699714072\n|switch|p1a: Gliscor|Gliscor, M|100\/100\n|move|p2a: Garchomp|Stealth Rock|p1a: Gliscor\n|-sidestart|p1: Plustlultra|move: Stealth Rock\n|\n|-status|p1a: Gliscor|tox|[from] item: Toxic Orb\n|upkeep\n|turn|3\n|\n|t:|1699714085\n|move|p2a: Garchomp|Spikes|p1a: Gliscor\n|-sidestart|p1: Plustlultra|Spikes\n|move|p1a: Gliscor|Earthquake|p2a: Garchomp\n|-damage|p2a: Garchomp|66\/100\n|\n|upkeep\n|turn|4\n|\n|t:|1699714108\n|switch|p2a: Great Tusk|Great Tusk|100\/100\n|-damage|p2a: Great Tusk|98\/100|[from] Stealth Rock\n|move|p1a: Gliscor|Earthquake|p2a: Great Tusk\n|-damage|p2a: Great Tusk|67\/100\n|\n|-heal|p2a: Great Tusk|74\/100|[from] item: Leftovers\n|upkeep\n|turn|5\n|\n|t:|1699714125\n|-terastallize|p1a: Gliscor|Water\n|move|p1a: Gliscor|Swords Dance|p1a: Gliscor\n|-boost|p1a: Gliscor|atk|2\n|move|p2a: Great Tusk|Rapid Spin|p1a: Gliscor\n|-damage|p1a: Gliscor|83\/100 tox\n|-boost|p2a: Great Tusk|spe|1\n|-sideend|p2: cucumberboy69|Stealth Rock|[from] move: Rapid Spin|[of] p2a: Great Tusk\n|\n|-heal|p2a: Great Tusk|80\/100|[from] item: Leftovers\n|-heal|p1a: Gliscor|95\/100 tox|[from] ability: Poison Heal\n|upkeep\n|turn|6\n|\n|t:|1699714133\n|move|p2a: Great Tusk|Earthquake|p1a: Gliscor\n|-damage|p1a: Gliscor|41\/100 tox\n|move|p1a: Gliscor|Facade|p2a: Great Tusk\n|-damage|p2a: Great Tusk|25\/100\n|\n|-heal|p2a: Great Tusk|32\/100|[from] item: Leftovers\n|-heal|p1a: Gliscor|53\/100 tox|[from] ability: Poison Heal\n|upkeep\n|turn|7\n|\n|t:|1699714138\n|move|p2a: Great Tusk|Earthquake|p1a: Gliscor\n|-damage|p1a: Gliscor|3\/100 tox\n|move|p1a: Gliscor|Roost|p1a: Gliscor\n|-heal|p1a: Gliscor|53\/100 tox\n|\n|-heal|p2a: Great Tusk|38\/100|[from] item: Leftovers\n|-heal|p1a: Gliscor|65\/100 tox|[from] ability: Poison Heal\n|upkeep\n|turn|8\n|\n|t:|1699714141\n|move|p2a: Great Tusk|Earthquake|p1a: Gliscor\n|-damage|p1a: Gliscor|12\/100 tox\n|move|p1a: Gliscor|Facade|p2a: Great Tusk\n|-damage|p2a: Great Tusk|0 fnt\n|faint|p2a: Great Tusk\n|-end|p2a: Great Tusk|Protosynthesis|[silent]\n|\n|-heal|p1a: Gliscor|24\/100 tox|[from] ability: Poison Heal\n|upkeep\n|\n|t:|1699714153\n|switch|p2a: Garchomp|Garchomp, M|66\/100\n|turn|9\n|\n|t:|1699714157\n|move|p2a: Garchomp|Earthquake|p1a: Gliscor\n|-damage|p1a: Gliscor|0 fnt\n|faint|p1a: Gliscor\n|\n|upkeep\n|\n|t:|1699714161\n|switch|p1a: Cobalion|Cobalion|33\/100\n|-damage|p1a: Cobalion|30\/100|[from] Stealth Rock\n|-damage|p1a: Cobalion|18\/100|[from] Spikes\n|turn|10\n|\n|t:|1699714163\n|move|p1a: Cobalion|Stealth Rock|p2a: Garchomp\n|-sidestart|p2: cucumberboy69|move: Stealth Rock\n|move|p2a: Garchomp|Earthquake|p1a: Cobalion\n|-supereffective|p1a: Cobalion\n|-damage|p1a: Cobalion|0 fnt\n|faint|p1a: Cobalion\n|\n|upkeep\n|\n|t:|1699714168\n|switch|p1a: Cloyster|Cloyster, F|100\/100\n|-damage|p1a: Cloyster|76\/100|[from] Stealth Rock\n|-damage|p1a: Cloyster|63\/100|[from] Spikes\n|turn|11\n|\n|t:|1699714172\n|move|p2a: Garchomp|Earthquake|p1a: Cloyster\n|-damage|p1a: Cloyster|33\/100\n|move|p1a: Cloyster|Shell Smash|p1a: Cloyster\n|-unboost|p1a: Cloyster|def|1\n|-unboost|p1a: Cloyster|spd|1\n|-boost|p1a: Cloyster|atk|2\n|-boost|p1a: Cloyster|spa|2\n|-boost|p1a: Cloyster|spe|2\n|-enditem|p1a: Cloyster|White Herb\n|-clearnegativeboost|p1a: Cloyster|[silent]\n|\n|upkeep\n|turn|12\n|\n|t:|1699714176\n|move|p1a: Cloyster|Icicle Spear|p2a: Garchomp\n|-supereffective|p2a: Garchomp\n|-damage|p2a: Garchomp|2\/100\n|-supereffective|p2a: Garchomp\n|-damage|p2a: Garchomp|0 fnt\n|faint|p2a: Garchomp\n|-hitcount|p2: Garchomp|2\n|\n|upkeep\n|\n|t:|1699714189\n|switch|p2a: Banette|Banette, F|100\/100\n|-damage|p2a: Banette|88\/100|[from] Stealth Rock\n|turn|13\n|\n|t:|1699714195\n|detailschange|p2a: Banette|Banette-Mega, F\n|-mega|p2a: Banette|Banette|Banettite\n|move|p2a: Banette|Shadow Sneak|p1a: Cloyster\n|-damage|p1a: Cloyster|15\/100\n|move|p1a: Cloyster|Icicle Spear|p2a: Banette\n|-damage|p2a: Banette|66\/100\n|-damage|p2a: Banette|43\/100\n|-damage|p2a: Banette|18\/100\n|-damage|p2a: Banette|0 fnt\n|faint|p2a: Banette\n|-hitcount|p2: Banette|4\n|\n|upkeep\n|-message|cucumberboy69 forfeited.\n|\n|win|Plustlultra\n|raw|Plustlultra's rating: 1350 &rarr; <strong>1368<\/strong><br \/>(+18 for winning)\n|raw|cucumberboy69's rating: 1314 &rarr; <strong>1296<\/strong><br \/>(-18 for losing)\n|l|\u2606Plustlultra\n","uploadtime":1699714204,"views":4,"p1id":"plustlultra","p2id":"cucumberboy69","formatid":"gen9nationaldex","rating":1296,"private":0,"password":""}