{"id":"gen9nationaldex-1990759401","p1":"KingoftheTitans","p2":"HumanPersonThing","format":"[Gen 9] National Dex","log":"|j|\u2606KingoftheTitans\n|j|\u2606HumanPersonThing\n|t:|1699998166\n|gametype|singles\n|player|p1|KingoftheTitans|101|1327\n|player|p2|HumanPersonThing|ninjaboy|1221\n|teamsize|p1|6\n|teamsize|p2|6\n|gen|9\n|tier|[Gen 9] National Dex\n|rated|\n|rule|HP Percentage Mod: HP is shown in percentages\n|rule|Endless Battle Clause: Forcing endless battles is banned\n|rule|OHKO Clause: OHKO moves are banned\n|rule|Evasion Clause: Evasion abilities, items, and moves are banned\n|rule|Evasion Abilities Clause: Evasion abilities are banned\n|rule|Evasion Items Clause: Evasion items are banned\n|rule|Evasion Moves Clause: Evasion moves are banned\n|rule|Species Clause: Limit one of each Pok\u00e9mon\n|rule|Sleep Clause Mod: Limit one foe put to sleep\n|clearpoke\n|poke|p1|Ampharos, F|\n|poke|p1|Slurpuff, F|\n|poke|p1|Tapu Lele|\n|poke|p1|Slowbro-Galar, M|\n|poke|p1|Alomomola, F|\n|poke|p1|Enamorus, F|\n|poke|p2|Accelgor, F|\n|poke|p2|Armarouge, M|\n|poke|p2|Azumarill, M|\n|poke|p2|Glalie, F|\n|poke|p2|Galvantula, F|\n|poke|p2|Lilligant-Hisui, F|\n|teampreview\n|inactive|Battle timer is ON: inactive players will automatically lose when time's up. (requested by HumanPersonThing)\n|\n|t:|1699998171\n|start\n|switch|p1a: Slurpuff|Slurpuff, F|100\/100\n|switch|p2a: Galvantula|Galvantula, F|100\/100\n|turn|1\n|\n|t:|1699998175\n|move|p2a: Galvantula|Thunder Wave|p1a: Slurpuff\n|-status|p1a: Slurpuff|par\n|move|p1a: Slurpuff|Sticky Web|p2a: Galvantula\n|-sidestart|p2: HumanPersonThing|move: Sticky Web\n|\n|upkeep\n|turn|2\n|\n|t:|1699998181\n|move|p2a: Galvantula|Sticky Web|p1a: Slurpuff\n|-sidestart|p1: KingoftheTitans|move: Sticky Web\n|move|p1a: Slurpuff|Play Rough|p2a: Galvantula\n|-damage|p2a: Galvantula|29\/100\n|\n|upkeep\n|turn|3\n|\n|t:|1699998191\n|move|p2a: Galvantula|Thunder|p1a: Slurpuff\n|-damage|p1a: Slurpuff|28\/100 par\n|-enditem|p1a: Slurpuff|Sitrus Berry|[eat]\n|-heal|p1a: Slurpuff|53\/100 par|[from] item: Sitrus Berry\n|move|p1a: Slurpuff|Drain Punch|p2a: Galvantula\n|-resisted|p2a: Galvantula\n|-damage|p2a: Galvantula|9\/100\n|-heal|p1a: Slurpuff|63\/100 par|[from] drain|[of] p2a: Galvantula\n|\n|upkeep\n|turn|4\n|\n|t:|1699998200\n|move|p2a: Galvantula|Thunder|p1a: Slurpuff\n|-damage|p1a: Slurpuff|0 fnt\n|faint|p1a: Slurpuff\n|\n|upkeep\n|\n|t:|1699998210\n|switch|p1a: Tapu Lele|Tapu Lele|100\/100\n|-activate|p1a: Tapu Lele|move: Sticky Web\n|-unboost|p1a: Tapu Lele|spe|1\n|-fieldstart|move: Psychic Terrain|[from] ability: Psychic Surge|[of] p1a: Tapu Lele\n|turn|5\n|\n|t:|1699998217\n|move|p2a: Galvantula|Thunder Wave|p1a: Tapu Lele\n|-status|p1a: Tapu Lele|par\n|move|p1a: Tapu Lele|Psychic|p2a: Galvantula\n|-damage|p2a: Galvantula|0 fnt\n|faint|p2a: Galvantula\n|\n|upkeep\n|\n|t:|1699998225\n|switch|p2a: Accelgor|Accelgor, F, shiny|100\/100\n|-activate|p2a: Accelgor|move: Sticky Web\n|-unboost|p2a: Accelgor|spe|1\n|turn|6\n|\n|t:|1699998230\n|move|p2a: Accelgor|Final Gambit|p1a: Tapu Lele\n|-damage|p1a: Tapu Lele|0 fnt\n|faint|p2a: Accelgor\n|faint|p1a: Tapu Lele\n|\n|upkeep\n|\n|t:|1699998234\n|switch|p2a: Rip Jaw|Glalie, F|100\/100\n|switch|p1a: Alomomola|Alomomola, F|100\/100\n|-activate|p2a: Rip Jaw|move: Sticky Web\n|-unboost|p2a: Rip Jaw|spe|1\n|-activate|p1a: Alomomola|move: Sticky Web\n|-unboost|p1a: Alomomola|spe|1\n|turn|7\n|\n|t:|1699998241\n|detailschange|p2a: Rip Jaw|Glalie-Mega, F\n|-mega|p2a: Rip Jaw|Glalie|Glalitite\n|move|p2a: Rip Jaw|Trailblaze|p1a: Alomomola\n|-supereffective|p1a: Alomomola\n|-damage|p1a: Alomomola|77\/100\n|-boost|p2a: Rip Jaw|spe|1\n|move|p1a: Alomomola|Toxic|p2a: Rip Jaw\n|-status|p2a: Rip Jaw|tox\n|\n|-heal|p1a: Alomomola|83\/100|[from] item: Leftovers\n|-damage|p2a: Rip Jaw|95\/100 tox|[from] psn\n|upkeep\n|turn|8\n|\n|t:|1699998252\n|move|p2a: Rip Jaw|Trailblaze|p1a: Alomomola\n|-supereffective|p1a: Alomomola\n|-damage|p1a: Alomomola|56\/100\n|-boost|p2a: Rip Jaw|spe|1\n|move|p1a: Alomomola|Flip Turn|p2a: Rip Jaw\n|-damage|p2a: Rip Jaw|73\/100 tox\n|\n|t:|1699998259\n|switch|p1a: Enamorus|Enamorus, F|100\/100|[from] Flip Turn\n|\n|-damage|p2a: Rip Jaw|61\/100 tox|[from] psn\n|upkeep\n|turn|9\n|\n|t:|1699998270\n|move|p2a: Rip Jaw|Body Slam|p1a: Enamorus\n|-supereffective|p1a: Enamorus\n|-damage|p1a: Enamorus|0 fnt\n|faint|p1a: Enamorus\n|\n|-damage|p2a: Rip Jaw|43\/100 tox|[from] psn\n|-fieldend|move: Psychic Terrain\n|upkeep\n|\n|t:|1699998281\n|switch|p1a: Alomomola|Alomomola, F|89\/100\n|-activate|p1a: Alomomola|move: Sticky Web\n|-unboost|p1a: Alomomola|spe|1\n|turn|10\n|\n|t:|1699998290\n|move|p1a: Alomomola|Protect|p1a: Alomomola\n|-singleturn|p1a: Alomomola|Protect\n|move|p2a: Rip Jaw|Trailblaze|p1a: Alomomola\n|-activate|p1a: Alomomola|move: Protect\n|\n|-heal|p1a: Alomomola|96\/100|[from] item: Leftovers\n|-damage|p2a: Rip Jaw|19\/100 tox|[from] psn\n|upkeep\n|turn|11\n|\n|t:|1699998298\n|move|p2a: Rip Jaw|Explosion|p1a: Alomomola\n|-resisted|p1a: Alomomola\n|-damage|p1a: Alomomola|43\/100\n|faint|p2a: Rip Jaw\n|move|p1a: Alomomola|Flip Turn|p2: Rip Jaw|[notarget]\n|-fail|p1a: Alomomola\n|\n|-heal|p1a: Alomomola|49\/100|[from] item: Leftovers\n|upkeep\n|\n|t:|1699998305\n|switch|p2a: I can\u2019t see|Lilligant-Hisui, F|100\/100\n|-activate|p2a: I can\u2019t see|move: Sticky Web\n|-unboost|p2a: I can\u2019t see|spe|1\n|turn|12\n|\n|t:|1699998310\n|move|p2a: I can\u2019t see|Leaf Blade|p1a: Alomomola\n|-supereffective|p1a: Alomomola\n|-damage|p1a: Alomomola|0 fnt\n|faint|p1a: Alomomola\n|\n|upkeep\n|\n|t:|1699998315\n|switch|p1a: Slowbro|Slowbro-Galar, M|100\/100\n|-activate|p1a: Slowbro|move: Sticky Web\n|-unboost|p1a: Slowbro|spe|1\n|turn|13\n|-activate|p1a: Slowbro|ability: Quick Draw\n|\n|t:|1699998327\n|move|p1a: Slowbro|Sludge Bomb|p2a: I can\u2019t see\n|-supereffective|p2a: I can\u2019t see\n|-damage|p2a: I can\u2019t see|0 fnt\n|faint|p2a: I can\u2019t see\n|\n|upkeep\n|\n|t:|1699998332\n|switch|p2a: Gun|Armarouge, M|100\/100\n|-activate|p2a: Gun|move: Sticky Web\n|-unboost|p2a: Gun|spe|1\n|turn|14\n|-activate|p1a: Slowbro|ability: Quick Draw\n|\n|t:|1699998339\n|move|p1a: Slowbro|Scald|p2a: Gun\n|-supereffective|p2a: Gun\n|-damage|p2a: Gun|42\/100\n|move|p2a: Gun|Armor Cannon|p1a: Slowbro\n|-damage|p1a: Slowbro|27\/100\n|-unboost|p2a: Gun|def|1\n|-unboost|p2a: Gun|spd|1\n|\n|-heal|p1a: Slowbro|33\/100|[from] item: Black Sludge\n|upkeep\n|turn|15\n|-activate|p1a: Slowbro|ability: Quick Draw\n|\n|t:|1699998360\n|-terastallize|p2a: Gun|Steel\n|move|p1a: Slowbro|Scald|p2a: Gun\n|-damage|p2a: Gun|0 fnt\n|faint|p2a: Gun\n|\n|-heal|p1a: Slowbro|39\/100|[from] item: Black Sludge\n|upkeep\n|\n|t:|1699998361\n|switch|p2a: Azumarill|Azumarill, M, shiny|100\/100\n|-activate|p2a: Azumarill|move: Sticky Web\n|-unboost|p2a: Azumarill|spe|1\n|turn|16\n|-activate|p1a: Slowbro|ability: Quick Draw\n|\n|t:|1699998374\n|-terastallize|p1a: Slowbro|Poison\n|move|p2a: Azumarill|Aqua Jet|p1a: Slowbro\n|-damage|p1a: Slowbro|16\/100\n|move|p1a: Slowbro|Sludge Bomb|p2a: Azumarill\n|-supereffective|p2a: Azumarill\n|-damage|p2a: Azumarill|0 fnt\n|faint|p2a: Azumarill\n|\n|win|KingoftheTitans\n|raw|KingoftheTitans's rating: 1327 &rarr; <strong>1341<\/strong><br \/>(+14 for winning)\n|raw|HumanPersonThing's rating: 1221 &rarr; <strong>1203<\/strong><br \/>(-18 for losing)\n|c|\u2606KingoftheTitans|gg\n|c|\u2606HumanPersonThing|Gg\n|c|\u2606HumanPersonThing|What are the odds on quick draw\n|c|\u2606KingoftheTitans|30?\n|c|\u2606KingoftheTitans|Yeah 30%\n|c|\u2606HumanPersonThing|!data quick draw\n|raw|<ul class=\"utilichart\"><li class=\"result\"><span class=\"col namecol\"><a href=\"https:\/\/dex.pokemonshowdown.com\/abilities\/quickdraw\">Quick Draw<\/a><\/span> <span class=\"col abilitydesccol\">This Pokemon has a 30% chance to move first in its priority bracket with attacking moves.<\/span> <\/li><li style=\"clear:both\"><\/li><\/ul>\n\n|c|\u2606HumanPersonThing|Yep\n|c|\u2606HumanPersonThing|wel gg bye\n|l|\u2606HumanPersonThing\n","uploadtime":1699998386,"views":18,"p1id":"kingofthetitans","p2id":"humanpersonthing","formatid":"gen9nationaldex","rating":1203,"private":0,"password":""}