{"id":"gen9nationaldex-1993137030","p1":"Azu_CriticalXD","p2":"JesusPizzaCrusher","format":"[Gen 9] National Dex","log":"|j|\u2606Azu_CriticalXD\n|j|\u2606JesusPizzaCrusher\n|t:|1700269151\n|gametype|singles\n|player|p1|Azu_CriticalXD|ltsurge|\n|player|p2|JesusPizzaCrusher|hugh|\n|teamsize|p1|6\n|teamsize|p2|6\n|gen|9\n|tier|[Gen 9] National Dex\n|rule|HP Percentage Mod: HP is shown in percentages\n|rule|Endless Battle Clause: Forcing endless battles is banned\n|rule|OHKO Clause: OHKO moves are banned\n|rule|Evasion Clause: Evasion abilities, items, and moves are banned\n|rule|Evasion Abilities Clause: Evasion abilities are banned\n|rule|Evasion Items Clause: Evasion items are banned\n|rule|Evasion Moves Clause: Evasion moves are banned\n|rule|Species Clause: Limit one of each Pok\u00e9mon\n|rule|Sleep Clause Mod: Limit one foe put to sleep\n|clearpoke\n|poke|p1|Regigigas|\n|poke|p1|Zoroark-Hisui, M|\n|poke|p1|Maushold-Four|\n|poke|p1|Lopunny, F|\n|poke|p1|Silvally-*|\n|poke|p1|Chansey, F|\n|poke|p2|Galvantula, F|\n|poke|p2|Volcarona, F|\n|poke|p2|Buzzwole|\n|poke|p2|Leavanny, F|\n|poke|p2|Crustle, F|\n|poke|p2|Heracross, F|\n|teampreview\n|\n|t:|1700269161\n|start\n|switch|p1a: Blasphemous|Silvally-Flying, shiny|100\/100\n|switch|p2a: Galvantula|Galvantula, F, shiny|100\/100\n|turn|1\n|\n|t:|1700269169\n|move|p1a: Blasphemous|Flamethrower|p2a: Galvantula\n|-supereffective|p2a: Galvantula\n|-crit|p2a: Galvantula\n|-enditem|p2a: Galvantula|Focus Sash\n|-damage|p2a: Galvantula|1\/100\n|move|p2a: Galvantula|Thunder Wave|p1a: Blasphemous\n|-status|p1a: Blasphemous|par\n|\n|upkeep\n|turn|2\n|c|\u2606JesusPizzaCrusher|A\n|\n|t:|1700269181\n|switch|p1a: Chachan|Chansey, F, shiny|100\/100\n|move|p2a: Galvantula|Sticky Web|p1a: Chachan\n|-sidestart|p1: Azu_CriticalXD|move: Sticky Web\n|\n|upkeep\n|turn|3\n|c|\u2606JesusPizzaCrusher|EL ZERO\n|\n|t:|1700269190\n|move|p2a: Galvantula|Thunder Wave|p1a: Chachan\n|-status|p1a: Chachan|par\n|move|p1a: Chachan|Heal Bell|p1a: Chachan\n|-activate|p1a: Chachan|move: Heal Bell\n|-curestatus|p1a: Chachan|par|[msg]\n|-curestatus|p1: Zero|par|[msg]\n|\n|upkeep\n|turn|4\n|\n|t:|1700269198\n|move|p2a: Galvantula|Thunder Wave|p1a: Chachan\n|-status|p1a: Chachan|par\n|move|p1a: Chachan|Seismic Toss|p2a: Galvantula\n|-damage|p2a: Galvantula|0 fnt\n|faint|p2a: Galvantula\n|\n|upkeep\n|c|\u2606Azu_CriticalXD|si era un sus\n|\n|t:|1700269209\n|switch|p2a: RockN'Roll|Crustle, F, shiny|100\/100\n|turn|5\n|\n|t:|1700269217\n|-curestatus|p1a: Chachan|par|[from] ability: Natural Cure\n|switch|p1a: Blasphemous|Silvally-Flying, shiny|100\/100\n|move|p2a: RockN'Roll|Shell Smash|p2a: RockN'Roll\n|-unboost|p2a: RockN'Roll|def|1\n|-unboost|p2a: RockN'Roll|spd|1\n|-boost|p2a: RockN'Roll|atk|2\n|-boost|p2a: RockN'Roll|spa|2\n|-boost|p2a: RockN'Roll|spe|2\n|-enditem|p2a: RockN'Roll|White Herb\n|-clearnegativeboost|p2a: RockN'Roll|[silent]\n|\n|upkeep\n|turn|6\n|\n|t:|1700269231\n|move|p2a: RockN'Roll|Rock Blast|p1a: Blasphemous\n|-supereffective|p1a: Blasphemous\n|-damage|p1a: Blasphemous|69\/100\n|-supereffective|p1a: Blasphemous\n|-damage|p1a: Blasphemous|39\/100\n|-hitcount|p1a: Blasphemous|2\n|move|p1a: Blasphemous|Roar|p2a: RockN'Roll\n|drag|p2a: Battra|Volcarona, F|100\/100\n|\n|upkeep\n|turn|7\n|c|\u2606JesusPizzaCrusher|A\n|\n|t:|1700269247\n|switch|p2a: RockN'Roll|Crustle, F, shiny|100\/100\n|move|p1a: Blasphemous|Toxic|p2a: RockN'Roll\n|-status|p2a: RockN'Roll|tox\n|\n|-damage|p2a: RockN'Roll|94\/100 tox|[from] psn\n|upkeep\n|turn|8\n|\n|t:|1700269265\n|move|p1a: Blasphemous|Air Slash|p2a: RockN'Roll\n|-damage|p2a: RockN'Roll|60\/100 tox\n|cant|p2a: RockN'Roll|flinch\n|\n|-damage|p2a: RockN'Roll|48\/100 tox|[from] psn\n|upkeep\n|turn|9\n|c|\u2606JesusPizzaCrusher|ay no\n|\n|t:|1700269274\n|switch|p1a: Chachan|Chansey, F, shiny|100\/100\n|-activate|p1a: Chachan|move: Sticky Web\n|-unboost|p1a: Chachan|spe|1\n|move|p2a: RockN'Roll|Shell Smash|p2a: RockN'Roll\n|-unboost|p2a: RockN'Roll|def|1\n|-unboost|p2a: RockN'Roll|spd|1\n|-boost|p2a: RockN'Roll|atk|2\n|-boost|p2a: RockN'Roll|spa|2\n|-boost|p2a: RockN'Roll|spe|2\n|\n|-damage|p2a: RockN'Roll|30\/100 tox|[from] psn\n|upkeep\n|turn|10\n|c|\u2606JesusPizzaCrusher|DALE 3 VECES\n|c|\u2606Azu_CriticalXD|te diste cuenta que blas es tipo volador\n|c|\u2606JesusPizzaCrusher|sis\n|c|\u2606JesusPizzaCrusher|me di cuenta la primera vez\n|\n|t:|1700269308\n|switch|p1a: Blasphemous|Silvally-Flying, shiny|100\/100\n|-activate|p1a: Blasphemous|move: Sticky Web\n|-unboost|p1a: Blasphemous|spe|1\n|move|p2a: RockN'Roll|Rock Blast|p1a: Blasphemous\n|-damage|p1a: Blasphemous|56\/100\n|replace|p1a: Zero|Zoroark-Hisui, M, shiny\n|-end|p1a: Zero|Illusion\n|-damage|p1a: Zero|14\/100\n|-damage|p1a: Zero|0 fnt\n|faint|p1a: Zero\n|-hitcount|p1: Zero|3\n|\n|-damage|p2a: RockN'Roll|5\/100 tox|[from] psn\n|upkeep\n|\n|t:|1700269320\n|switch|p1a: Rossy|Lopunny, F, shiny|100\/100\n|-activate|p1a: Rossy|move: Sticky Web\n|-unboost|p1a: Rossy|spe|1\n|turn|11\n|c|\u2606JesusPizzaCrusher|por eso dije que era conveniente cuando use a tula xd\n|\n|t:|1700269333\n|detailschange|p1a: Rossy|Lopunny-Mega, F, shiny\n|-mega|p1a: Rossy|Lopunny|Lopunnite\n|move|p2a: RockN'Roll|Rock Blast|p1a: Rossy\n|-resisted|p1a: Rossy\n|-damage|p1a: Rossy|87\/100\n|-resisted|p1a: Rossy\n|-damage|p1a: Rossy|72\/100\n|-resisted|p1a: Rossy\n|-crit|p1a: Rossy\n|-damage|p1a: Rossy|51\/100\n|-resisted|p1a: Rossy\n|-damage|p1a: Rossy|37\/100\n|-hitcount|p1a: Rossy|4\n|move|p1a: Rossy|Frustration|p2a: RockN'Roll\n|-resisted|p2a: RockN'Roll\n|-damage|p2a: RockN'Roll|0 fnt\n|faint|p2a: RockN'Roll\n|\n|upkeep\n|c|\u2606Azu_CriticalXD|a vega\n|c|\u2606JesusPizzaCrusher|soy webon porque no use terremoto xd\n|c|\u2606Azu_CriticalXD|XD\n|\n|t:|1700269360\n|switch|p2a: Leavanny|Leavanny, F|100\/100\n|turn|12\n|\n|t:|1700269366\n|move|p2a: Leavanny|Trailblaze|p1a: Rossy\n|-damage|p1a: Rossy|6\/100\n|-boost|p2a: Leavanny|spe|1\n|move|p1a: Rossy|Frustration|p2a: Leavanny\n|-damage|p2a: Leavanny|28\/100\n|\n|upkeep\n|turn|13\n|\n|t:|1700269383\n|switch|p1a: Regibeat|Regigigas, shiny|100\/100\n|-activate|p1a: Regibeat|move: Sticky Web\n|-unboost|p1a: Regibeat|spe|1\n|-start|p1a: Regibeat|ability: Slow Start\n|move|p2a: Leavanny|Trailblaze|p1a: Regibeat\n|-damage|p1a: Regibeat|84\/100\n|-boost|p2a: Leavanny|spe|1\n|\n|-heal|p1a: Regibeat|90\/100|[from] item: Leftovers\n|upkeep\n|turn|14\n|\n|t:|1700269395\n|move|p2a: Leavanny|Synthesis|p2a: Leavanny\n|-heal|p2a: Leavanny|78\/100\n|move|p1a: Regibeat|Power-Up Punch|p2a: Leavanny\n|-resisted|p2a: Leavanny\n|-damage|p2a: Leavanny|72\/100\n|-boost|p1a: Regibeat|atk|1\n|\n|-heal|p1a: Regibeat|96\/100|[from] item: Leftovers\n|upkeep\n|turn|15\n|\n|t:|1700269408\n|move|p2a: Leavanny|Swords Dance|p2a: Leavanny\n|-boost|p2a: Leavanny|atk|2\n|move|p1a: Regibeat|Power-Up Punch|p2a: Leavanny\n|-resisted|p2a: Leavanny\n|-damage|p2a: Leavanny|63\/100\n|-boost|p1a: Regibeat|atk|1\n|\n|-heal|p1a: Regibeat|100\/100|[from] item: Leftovers\n|upkeep\n|turn|16\n|c|\u2606JesusPizzaCrusher|AWEBOOOO\n|\n|t:|1700269421\n|move|p2a: Leavanny|Leaf Blade|p1a: Regibeat\n|-damage|p1a: Regibeat|44\/100\n|move|p1a: Regibeat|Avalanche|p2a: Leavanny\n|-supereffective|p2a: Leavanny\n|-damage|p2a: Leavanny|0 fnt\n|faint|p2a: Leavanny\n|\n|-heal|p1a: Regibeat|50\/100|[from] item: Leftovers\n|upkeep\n|c|\u2606JesusPizzaCrusher|ay\n|\n|t:|1700269434\n|switch|p2a: WALLCRUSHER|Heracross, F|100\/100\n|turn|17\n|\n|t:|1700269444\n|detailschange|p2a: WALLCRUSHER|Heracross-Mega, F\n|-mega|p2a: WALLCRUSHER|Heracross|Heracronite\n|move|p2a: WALLCRUSHER|Trailblaze|p1a: Regibeat\n|-damage|p1a: Regibeat|33\/100\n|-boost|p2a: WALLCRUSHER|spe|1\n|move|p1a: Regibeat|Drain Punch|p2a: WALLCRUSHER\n|-resisted|p2a: WALLCRUSHER\n|-damage|p2a: WALLCRUSHER|86\/100\n|-heal|p1a: Regibeat|40\/100|[from] drain|[of] p2a: WALLCRUSHER\n|\n|-heal|p1a: Regibeat|46\/100|[from] item: Leftovers\n|-end|p1a: Regibeat|Slow Start\n|upkeep\n|turn|18\n|\n|t:|1700269477\n|move|p2a: WALLCRUSHER|Swords Dance|p2a: WALLCRUSHER\n|-boost|p2a: WALLCRUSHER|atk|2\n|move|p1a: Regibeat|Avalanche|p2a: WALLCRUSHER\n|-crit|p2a: WALLCRUSHER\n|-damage|p2a: WALLCRUSHER|22\/100\n|\n|-heal|p1a: Regibeat|52\/100|[from] item: Leftovers\n|upkeep\n|turn|19\n|\n|t:|1700269487\n|move|p2a: WALLCRUSHER|Close Combat|p1a: Regibeat\n|-supereffective|p1a: Regibeat\n|-damage|p1a: Regibeat|0 fnt\n|-unboost|p2a: WALLCRUSHER|def|1\n|-unboost|p2a: WALLCRUSHER|spd|1\n|faint|p1a: Regibeat\n|-end|p1a: Regibeat|Slow Start|[silent]\n|\n|upkeep\n|c|\u2606JesusPizzaCrusher|AWEBO SI ME SALIO LA ESTRATEGIA\n|c|\u2606Azu_CriticalXD|pense que me matarias antes\n|\n|t:|1700269510\n|switch|p1a: Rossy|Lopunny-Mega, F, shiny|6\/100\n|-activate|p1a: Rossy|move: Sticky Web\n|-unboost|p1a: Rossy|spe|1\n|turn|20\n|c|\u2606JesusPizzaCrusher|queria arriesgar el swords dance\n|\n|t:|1700269520\n|move|p1a: Rossy|Fake Out|p2a: WALLCRUSHER\n|-damage|p2a: WALLCRUSHER|0 fnt\n|faint|p2a: WALLCRUSHER\n|\n|upkeep\n|c|\u2606JesusPizzaCrusher|tmr fue pal pico\n|c|\u2606Azu_CriticalXD|si xxdd\n|\n|t:|1700269540\n|switch|p2a: Bardock|Buzzwole|100\/100\n|turn|21\n|\n|t:|1700269566\n|move|p1a: Rossy|U-turn|p2a: Bardock\n|-resisted|p2a: Bardock\n|-damage|p2a: Bardock|93\/100\n|-damage|p1a: Rossy|0 fnt|[from] item: Rocky Helmet|[of] p2a: Bardock\n|faint|p1a: Rossy\n|move|p2a: Bardock|Leech Life|p1: Rossy|[notarget]\n|-fail|p2a: Bardock\n|\n|upkeep\n|c|\u2606Azu_CriticalXD|XD\n|c|\u2606JesusPizzaCrusher|xd\n|\n|t:|1700269577\n|switch|p1a: Blasphemous|Silvally-Flying, shiny|39\/100\n|turn|22\n|\n|t:|1700269587\n|-terastallize|p2a: Bardock|Steel\n|move|p1a: Blasphemous|Air Slash|p2a: Bardock\n|-resisted|p2a: Bardock\n|-damage|p2a: Bardock|82\/100\n|cant|p2a: Bardock|flinch\n|\n|upkeep\n|turn|23\n|c|\u2606JesusPizzaCrusher|a\n|c|\u2606Azu_CriticalXD|a\n|\n|t:|1700269607\n|move|p2a: Bardock|Bulk Up|p2a: Bardock\n|-boost|p2a: Bardock|atk|1\n|-boost|p2a: Bardock|def|1\n|move|p1a: Blasphemous|Roar|p2a: Bardock\n|drag|p2a: Battra|Volcarona, F|100\/100\n|\n|upkeep\n|turn|24\n|\n|t:|1700269622\n|move|p2a: Battra|Quiver Dance|p2a: Battra\n|-boost|p2a: Battra|spa|1\n|-boost|p2a: Battra|spd|1\n|-boost|p2a: Battra|spe|1\n|move|p1a: Blasphemous|Toxic|p2a: Battra\n|-status|p2a: Battra|tox\n|\n|-damage|p2a: Battra|94\/100 tox|[from] psn\n|upkeep\n|turn|25\n|\n|t:|1700269633\n|move|p2a: Battra|Quiver Dance|p2a: Battra\n|-boost|p2a: Battra|spa|1\n|-boost|p2a: Battra|spd|1\n|-boost|p2a: Battra|spe|1\n|move|p1a: Blasphemous|Roar|p2a: Battra\n|drag|p2a: Bardock|Buzzwole, tera:Steel|82\/100\n|\n|upkeep\n|turn|26\n|c|\u2606Azu_CriticalXD|si\n|c|\u2606JesusPizzaCrusher|PORQUE SOY TAN AWEONAO\n|c|\u2606JesusPizzaCrusher|Xd\n|\n|t:|1700269655\n|move|p2a: Bardock|Leech Life|p1a: Blasphemous\n|-resisted|p1a: Blasphemous\n|-damage|p1a: Blasphemous|26\/100\n|-heal|p2a: Bardock|88\/100|[from] drain|[of] p1a: Blasphemous\n|move|p1a: Blasphemous|Roar|p2a: Bardock\n|drag|p2a: Battra|Volcarona, F|94\/100 tox\n|\n|-damage|p2a: Battra|88\/100 tox|[from] psn\n|upkeep\n|turn|27\n|\n|t:|1700269666\n|switch|p1a: Chachan|Chansey, F, shiny|100\/100\n|-activate|p1a: Chachan|move: Sticky Web\n|-unboost|p1a: Chachan|spe|1\n|move|p2a: Battra|Fiery Dance|p1a: Chachan\n|-damage|p1a: Chachan|89\/100\n|-boost|p2a: Battra|spa|1\n|\n|-damage|p2a: Battra|76\/100 tox|[from] psn\n|upkeep\n|turn|28\n|\n|t:|1700269677\n|move|p2a: Battra|Quiver Dance|p2a: Battra\n|-boost|p2a: Battra|spa|1\n|-boost|p2a: Battra|spd|1\n|-boost|p2a: Battra|spe|1\n|move|p1a: Chachan|Wish|p1a: Chachan\n|\n|-damage|p2a: Battra|57\/100 tox|[from] psn\n|upkeep\n|turn|29\n|\n|t:|1700269695\n|switch|p1a: Blasphemous|Silvally-Flying, shiny|26\/100\n|move|p2a: Battra|Fiery Dance|p1a: Blasphemous\n|-damage|p1a: Blasphemous|0 fnt\n|faint|p1a: Blasphemous\n|\n|-damage|p2a: Battra|33\/100 tox|[from] psn\n|upkeep\n|c|\u2606Azu_CriticalXD|ay\n|\n|t:|1700269705\n|switch|p1a: Chachan|Chansey, F, shiny|89\/100\n|-activate|p1a: Chachan|move: Sticky Web\n|-unboost|p1a: Chachan|spe|1\n|turn|30\n|\n|t:|1700269717\n|move|p2a: Battra|Fiery Dance|p1a: Chachan\n|-damage|p1a: Chachan|69\/100\n|move|p1a: Chachan|Wish|p1a: Chachan\n|\n|-damage|p2a: Battra|2\/100 tox|[from] psn\n|upkeep\n|turn|31\n|\n|t:|1700269733\n|move|p2a: Battra|Fiery Dance|p1a: Chachan\n|-damage|p1a: Chachan|47\/100\n|-boost|p2a: Battra|spa|1\n|move|p1a: Chachan|Seismic Toss|p2a: Battra\n|-damage|p2a: Battra|0 fnt\n|-status|p1a: Chachan|brn|[from] ability: Flame Body|[of] p2a: Battra\n|faint|p2a: Battra\n|\n|-heal|p1a: Chachan|97\/100 brn|[from] move: Wish|[wisher] Chachan\n|-damage|p1a: Chachan|91\/100 brn|[from] brn\n|upkeep\n|\n|t:|1700269754\n|switch|p2a: Bardock|Buzzwole, tera:Steel|88\/100\n|turn|32\n|c|\u2606JesusPizzaCrusher|omaewa\n|\n|t:|1700269769\n|move|p2a: Bardock|Bulk Up|p2a: Bardock\n|-boost|p2a: Bardock|atk|1\n|-boost|p2a: Bardock|def|1\n|move|p1a: Chachan|Seismic Toss|p2a: Bardock\n|-damage|p2a: Bardock|64\/100\n|-damage|p1a: Chachan|74\/100 brn|[from] item: Rocky Helmet|[of] p2a: Bardock\n|\n|-damage|p1a: Chachan|68\/100 brn|[from] brn\n|upkeep\n|turn|33\n|c|\u2606JesusPizzaCrusher|mu shindeiru\n|\n|t:|1700269782\n|move|p2a: Bardock|Drain Punch|p1a: Chachan\n|-supereffective|p1a: Chachan\n|-damage|p1a: Chachan|0 fnt\n|-heal|p2a: Bardock|100\/100|[from] drain|[of] p1a: Chachan\n|faint|p1a: Chachan\n|-ability|p2a: Bardock|Beast Boost|boost\n|-boost|p2a: Bardock|atk|1\n|\n|upkeep\n|c|\u2606Azu_CriticalXD|xd\n|\n|t:|1700269790\n|switch|p1a: Bloodmen|Maushold-Four, shiny|100\/100\n|-activate|p1a: Bloodmen|move: Sticky Web\n|-unboost|p1a: Bloodmen|spe|1\n|turn|34\n|\n|t:|1700269802\n|move|p1a: Bloodmen|Population Bomb|p2a: Bardock\n|-resisted|p2a: Bardock\n|-damage|p2a: Bardock|98\/100\n|-damage|p1a: Bloodmen|84\/100|[from] item: Rocky Helmet|[of] p2a: Bardock\n|-resisted|p2a: Bardock\n|-damage|p2a: Bardock|96\/100\n|-damage|p1a: Bloodmen|67\/100|[from] item: Rocky Helmet|[of] p2a: Bardock\n|-resisted|p2a: Bardock\n|-damage|p2a: Bardock|94\/100\n|-damage|p1a: Bloodmen|51\/100|[from] item: Rocky Helmet|[of] p2a: Bardock\n|-resisted|p2a: Bardock\n|-damage|p2a: Bardock|92\/100\n|-damage|p1a: Bloodmen|34\/100|[from] item: Rocky Helmet|[of] p2a: Bardock\n|-resisted|p2a: Bardock\n|-damage|p2a: Bardock|90\/100\n|-damage|p1a: Bloodmen|17\/100|[from] item: Rocky Helmet|[of] p2a: Bardock\n|-resisted|p2a: Bardock\n|-damage|p2a: Bardock|87\/100\n|-damage|p1a: Bloodmen|1\/100|[from] item: Rocky Helmet|[of] p2a: Bardock\n|-resisted|p2a: Bardock\n|-damage|p2a: Bardock|85\/100\n|-damage|p1a: Bloodmen|0 fnt|[from] item: Rocky Helmet|[of] p2a: Bardock\n|faint|p1a: Bloodmen\n|\n|win|JesusPizzaCrusher\n|-hitcount|p2a: Bardock|7\n|c|\u2606Azu_CriticalXD|se suicida\n|c|\u2606JesusPizzaCrusher|gg\n|c|\u2606Azu_CriticalXD|gg\n|c|\u2606JesusPizzaCrusher|tuvo bueno\n|c|\u2606JesusPizzaCrusher|me doy cuenta que bardock le hace counter a la familia\n|c|\u2606Azu_CriticalXD|si estuvo bueno\n|c|\u2606JesusPizzaCrusher|grazie\n|c|\u2606Azu_CriticalXD|si\n|c|\u2606Azu_CriticalXD|seguire viendo el team\n|l|\u2606Azu_CriticalXD\n|c|\u2606JesusPizzaCrusher|ok\n","uploadtime":1700269877,"views":6,"p1id":"azucriticalxd","p2id":"jesuspizzacrusher","formatid":"gen9nationaldex","rating":0,"private":0,"password":""}