{"id":"gen9nationaldex-1988756394","p1":"Wicxk","p2":"one piece slander","format":"[Gen 9] National Dex","log":"|j|\u2606Wicxk\n|j|\u2606one piece slander\n|t:|1699759119\n|gametype|singles\n|player|p1|Wicxk|169|1362\n|player|p2|one piece slander|roxie|1388\n|teamsize|p1|6\n|teamsize|p2|6\n|gen|9\n|tier|[Gen 9] National Dex\n|rated|\n|rule|HP Percentage Mod: HP is shown in percentages\n|rule|Endless Battle Clause: Forcing endless battles is banned\n|rule|OHKO Clause: OHKO moves are banned\n|rule|Evasion Clause: Evasion abilities, items, and moves are banned\n|rule|Evasion Abilities Clause: Evasion abilities are banned\n|rule|Evasion Items Clause: Evasion items are banned\n|rule|Evasion Moves Clause: Evasion moves are banned\n|rule|Species Clause: Limit one of each Pok\u00e9mon\n|rule|Sleep Clause Mod: Limit one foe put to sleep\n|clearpoke\n|poke|p1|Lopunny, F|\n|poke|p1|Zamazenta-*|\n|poke|p1|Alomomola, F|\n|poke|p1|Goodra-Hisui, F|\n|poke|p1|Moltres|\n|poke|p1|Gyarados, F|\n|poke|p2|Ting-Lu|\n|poke|p2|Lilligant-Hisui, F|\n|poke|p2|Iron Moth|\n|poke|p2|Great Tusk|\n|poke|p2|Abomasnow, M|\n|poke|p2|Iron Valiant|\n|teampreview\n|inactive|Battle timer is ON: inactive players will automatically lose when time's up. (requested by Wicxk)\n|\n|t:|1699759137\n|start\n|switch|p1a: Lopunny|Lopunny, F, shiny|100\/100\n|switch|p2a: Iron Valiant|Iron Valiant|100\/100\n|-enditem|p2a: Iron Valiant|Booster Energy\n|-activate|p2a: Iron Valiant|ability: Quark Drive|[fromitem]\n|-start|p2a: Iron Valiant|quarkdrivespe\n|turn|1\n|\n|t:|1699759146\n|detailschange|p1a: Lopunny|Lopunny-Mega, F, shiny\n|-mega|p1a: Lopunny|Lopunny|Lopunnite\n|move|p1a: Lopunny|Fake Out|p2a: Iron Valiant\n|-damage|p2a: Iron Valiant|71\/100\n|cant|p2a: Iron Valiant|flinch\n|\n|upkeep\n|turn|2\n|\n|t:|1699759163\n|switch|p1a: Goodra|Goodra-Hisui, F, shiny|100\/100\n|move|p2a: Iron Valiant|Calm Mind|p2a: Iron Valiant\n|-boost|p2a: Iron Valiant|spa|1\n|-boost|p2a: Iron Valiant|spd|1\n|\n|upkeep\n|turn|3\n|\n|t:|1699759173\n|-terastallize|p2a: Iron Valiant|Steel\n|move|p2a: Iron Valiant|Focus Blast|p1a: Goodra\n|-supereffective|p1a: Goodra\n|-damage|p1a: Goodra|21\/100\n|move|p1a: Goodra|Flash Cannon|p2a: Iron Valiant\n|-resisted|p2a: Iron Valiant\n|-damage|p2a: Iron Valiant|48\/100\n|-unboost|p2a: Iron Valiant|spd|1\n|\n|upkeep\n|turn|4\n|\n|t:|1699759199\n|switch|p1a: Gyarados|Gyarados, F|100\/100\n|move|p2a: Iron Valiant|Moonblast|p1a: Gyarados\n|-damage|p1a: Gyarados|27\/100\n|-unboost|p1a: Gyarados|spa|1\n|\n|upkeep\n|turn|5\n|\n|t:|1699759208\n|move|p2a: Iron Valiant|Moonblast|p1a: Gyarados\n|-damage|p1a: Gyarados|0 fnt\n|faint|p1a: Gyarados\n|\n|upkeep\n|\n|t:|1699759214\n|switch|p1a: Lopunny|Lopunny-Mega, F, shiny|100\/100\n|turn|6\n|\n|t:|1699759216\n|move|p1a: Lopunny|Fake Out|p2a: Iron Valiant\n|-resisted|p2a: Iron Valiant\n|-damage|p2a: Iron Valiant|35\/100\n|cant|p2a: Iron Valiant|flinch\n|\n|upkeep\n|turn|7\n|\n|t:|1699759227\n|move|p2a: Iron Valiant|Moonblast|p1a: Lopunny\n|-supereffective|p1a: Lopunny\n|-damage|p1a: Lopunny|0 fnt\n|faint|p1a: Lopunny\n|\n|upkeep\n|\n|t:|1699759231\n|switch|p1a: Moltres|Moltres|100\/100\n|turn|8\n|\n|t:|1699759234\n|move|p2a: Iron Valiant|Thunderbolt|p1a: Moltres\n|-supereffective|p1a: Moltres\n|-damage|p1a: Moltres|15\/100\n|move|p1a: Moltres|Flamethrower|p2a: Iron Valiant\n|-supereffective|p2a: Iron Valiant\n|-damage|p2a: Iron Valiant|0 fnt\n|faint|p2a: Iron Valiant\n|-end|p2a: Iron Valiant|Quark Drive|[silent]\n|\n|upkeep\n|\n|t:|1699759241\n|switch|p2a: Iron Moth|Iron Moth|100\/100\n|-enditem|p2a: Iron Moth|Booster Energy\n|-activate|p2a: Iron Moth|ability: Quark Drive|[fromitem]\n|-start|p2a: Iron Moth|quarkdrivespa\n|turn|9\n|\n|t:|1699759248\n|move|p2a: Iron Moth|Fiery Dance|p1a: Moltres\n|-resisted|p1a: Moltres\n|-damage|p1a: Moltres|0 fnt\n|faint|p1a: Moltres\n|\n|upkeep\n|\n|t:|1699759252\n|switch|p1a: Goodra|Goodra-Hisui, F, shiny|21\/100\n|turn|10\n|\n|t:|1699759258\n|move|p2a: Iron Moth|Fiery Dance|p1a: Goodra\n|-damage|p1a: Goodra|0 fnt\n|faint|p1a: Goodra\n|\n|upkeep\n|\n|t:|1699759266\n|switch|p1a: Zamazenta|Zamazenta|100\/100\n|-ability|p1a: Zamazenta|Dauntless Shield|boost\n|-boost|p1a: Zamazenta|def|1\n|turn|11\n|\n|t:|1699759274\n|-terastallize|p1a: Zamazenta|Steel\n|move|p1a: Zamazenta|Iron Defense|p1a: Zamazenta\n|-boost|p1a: Zamazenta|def|2\n|move|p2a: Iron Moth|Fiery Dance|p1a: Zamazenta\n|-supereffective|p1a: Zamazenta\n|-damage|p1a: Zamazenta|12\/100\n|-boost|p2a: Iron Moth|spa|1\n|\n|upkeep\n|turn|12\n|\n|t:|1699759286\n|move|p1a: Zamazenta|Body Press|p2a: Iron Moth\n|-resisted|p2a: Iron Moth\n|-damage|p2a: Iron Moth|33\/100\n|move|p2a: Iron Moth|Fiery Dance|p1a: Zamazenta\n|-supereffective|p1a: Zamazenta\n|-damage|p1a: Zamazenta|0 fnt\n|-boost|p2a: Iron Moth|spa|1\n|faint|p1a: Zamazenta\n|\n|upkeep\n|\n|t:|1699759293\n|switch|p1a: Alomomola|Alomomola, F|100\/100\n|turn|13\n|-message|Wicxk forfeited.\n|\n|win|one piece slander\n|raw|Wicxk's rating: 1362 &rarr; <strong>1343<\/strong><br \/>(-19 for losing)\n|raw|one piece slander's rating: 1388 &rarr; <strong>1407<\/strong><br \/>(+19 for winning)\n|l|\u2606Wicxk\n","uploadtime":1699759300,"views":4,"p1id":"wicxk","p2id":"onepieceslander","formatid":"gen9nationaldex","rating":1343,"private":0,"password":""}