{"id":"gen9nationaldex-1997420604","p1":"daniel241595","p2":"LVGLO","format":"[Gen 9] National Dex","log":"|html|<div class=\"broadcast-blue\"><strong>[Gen 9] National Dex is currently suspecting Sneasler! For information on how to participate check out the <a href=\"https:\/\/www.smogon.com\/forums\/threads\/sv-national-dex-suspect-8-just-dance.3731534\/\">suspect thread<\/a>.<\/strong><\/div>\n|j|\u2606daniel241595\n|j|\u2606LVGLO\n|t:|1700802358\n|gametype|singles\n|player|p1|daniel241595|gambler|1606\n|player|p2|LVGLO|170|1556\n|teamsize|p1|6\n|teamsize|p2|6\n|gen|9\n|tier|[Gen 9] National Dex\n|rated|\n|rule|HP Percentage Mod: HP is shown in percentages\n|rule|Endless Battle Clause: Forcing endless battles is banned\n|rule|OHKO Clause: OHKO moves are banned\n|rule|Evasion Clause: Evasion abilities, items, and moves are banned\n|rule|Evasion Abilities Clause: Evasion abilities are banned\n|rule|Evasion Items Clause: Evasion items are banned\n|rule|Evasion Moves Clause: Evasion moves are banned\n|rule|Species Clause: Limit one of each Pok\u00e9mon\n|rule|Sleep Clause Mod: Limit one foe put to sleep\n|clearpoke\n|poke|p1|Arcanine, M|\n|poke|p1|Flygon, F|\n|poke|p1|Empoleon, M|\n|poke|p1|Eelektross, F|\n|poke|p1|Florges, F|\n|poke|p1|Kleavor, M|\n|poke|p2|Mew|\n|poke|p2|Victini|\n|poke|p2|Xatu, M|\n|poke|p2|Togekiss, F|\n|poke|p2|Tapu Fini|\n|poke|p2|Grimmsnarl, M|\n|teampreview\n|inactive|Battle timer is ON: inactive players will automatically lose when time's up. (requested by daniel241595)\n|\n|t:|1700802376\n|start\n|switch|p1a: Eelektross|Eelektross, F|100\/100\n|switch|p2a: Victini|Victini|100\/100\n|turn|1\n|\n|t:|1700802388\n|move|p2a: Victini|Final Gambit|p1a: Eelektross\n|-damage|p1a: Eelektross|0 fnt\n|faint|p2a: Victini\n|faint|p1a: Eelektross\n|\n|upkeep\n|\n|t:|1700802404\n|switch|p2a: Grimmsnarl|Grimmsnarl, M|100\/100\n|switch|p1a: Kleavor|Kleavor, M|100\/100\n|turn|2\n|\n|t:|1700802420\n|move|p2a: Grimmsnarl|Reflect|p2a: Grimmsnarl\n|-sidestart|p2: LVGLO|Reflect\n|move|p1a: Kleavor|Cross Poison|p2a: Grimmsnarl\n|-supereffective|p2a: Grimmsnarl\n|-crit|p2a: Grimmsnarl\n|-damage|p2a: Grimmsnarl|3\/100\n|-status|p2a: Grimmsnarl|psn\n|\n|-damage|p2a: Grimmsnarl|0 fnt|[from] psn\n|faint|p2a: Grimmsnarl\n|upkeep\n|\n|t:|1700802432\n|switch|p2a: Togekiss|Togekiss, F|100\/100\n|turn|3\n|\n|t:|1700802440\n|move|p1a: Kleavor|Cross Poison|p2a: Togekiss\n|-supereffective|p2a: Togekiss\n|-damage|p2a: Togekiss|56\/100\n|move|p2a: Togekiss|Thunder Wave|p1a: Kleavor\n|-status|p1a: Kleavor|par\n|\n|upkeep\n|turn|4\n|\n|t:|1700802455\n|switch|p2a: Xatu|Xatu, M|100\/100\n|switch|p1a: Empoleon|Empoleon, M|100\/100\n|\n|upkeep\n|turn|5\n|\n|t:|1700802479\n|move|p2a: Xatu|Cosmic Power|p2a: Xatu\n|-boost|p2a: Xatu|def|1\n|-boost|p2a: Xatu|spd|1\n|move|p1a: Empoleon|Defog|p2a: Xatu\n|move|p2a: Xatu|Defog|p1a: Empoleon|[from]ability: Magic Bounce\n|-unboost|p1a: Empoleon|evasion|1\n|-ability|p1a: Empoleon|Competitive|boost\n|-boost|p1a: Empoleon|spa|2\n|-enditem|p2a: Xatu|Mirror Herb\n|-boost|p2a: Xatu|spa|2|[from] item: Mirror Herb\n|\n|upkeep\n|turn|6\n|\n|t:|1700802486\n|move|p2a: Xatu|Cosmic Power|p2a: Xatu\n|-boost|p2a: Xatu|def|1\n|-boost|p2a: Xatu|spd|1\n|move|p1a: Empoleon|Ice Beam|p2a: Xatu\n|-supereffective|p2a: Xatu\n|-damage|p2a: Xatu|52\/100\n|\n|upkeep\n|turn|7\n|\n|t:|1700802495\n|move|p2a: Xatu|Roost|p2a: Xatu\n|-heal|p2a: Xatu|100\/100\n|-singleturn|p2a: Xatu|move: Roost\n|move|p1a: Empoleon|Ice Beam|p2a: Xatu\n|-damage|p2a: Xatu|77\/100\n|-status|p2a: Xatu|frz\n|\n|upkeep\n|turn|8\n|\n|t:|1700802497\n|cant|p2a: Xatu|frz\n|move|p1a: Empoleon|Defog|p2a: Xatu\n|move|p2a: Xatu|Defog|p1a: Empoleon|[from]ability: Magic Bounce\n|-unboost|p1a: Empoleon|evasion|1\n|-ability|p1a: Empoleon|Competitive|boost\n|-boost|p1a: Empoleon|spa|2\n|\n|upkeep\n|turn|9\n|\n|t:|1700802504\n|-curestatus|p2a: Xatu|frz|[msg]\n|move|p2a: Xatu|Stored Power|p1a: Empoleon\n|-resisted|p1a: Empoleon\n|-damage|p1a: Empoleon|55\/100\n|move|p1a: Empoleon|Ice Beam|p2a: Xatu\n|-supereffective|p2a: Xatu\n|-damage|p2a: Xatu|2\/100\n|\n|-sideend|p2: LVGLO|Reflect\n|upkeep\n|turn|10\n|j| RedLighting.Scizor\n|\n|t:|1700802520\n|move|p2a: Xatu|Stored Power|p1a: Empoleon\n|-resisted|p1a: Empoleon\n|-damage|p1a: Empoleon|13\/100\n|move|p1a: Empoleon|Defog|p2a: Xatu\n|move|p2a: Xatu|Defog|p1a: Empoleon|[from]ability: Magic Bounce\n|-unboost|p1a: Empoleon|evasion|1\n|-ability|p1a: Empoleon|Competitive|boost\n|-boost|p1a: Empoleon|spa|2\n|\n|upkeep\n|turn|11\n|\n|t:|1700802525\n|move|p2a: Xatu|Stored Power|p1a: Empoleon\n|-resisted|p1a: Empoleon\n|-damage|p1a: Empoleon|0 fnt\n|faint|p1a: Empoleon\n|\n|upkeep\n|\n|t:|1700802530\n|switch|p1a: Arcanine|Arcanine, M, shiny|100\/100\n|-ability|p1a: Arcanine|Intimidate|boost\n|-unboost|p2a: Xatu|atk|1\n|turn|12\n|\n|t:|1700802535\n|move|p1a: Arcanine|Extreme Speed|p2a: Xatu\n|-damage|p2a: Xatu|0 fnt\n|faint|p2a: Xatu\n|\n|upkeep\n|\n|t:|1700802543\n|switch|p2a: Tapu Fini|Tapu Fini|100\/100\n|-fieldstart|move: Misty Terrain|[from] ability: Misty Surge|[of] p2a: Tapu Fini\n|turn|13\n|\n|t:|1700802548\n|switch|p1a: Florges|Florges, F|100\/100\n|move|p2a: Tapu Fini|Iron Defense|p2a: Tapu Fini\n|-boost|p2a: Tapu Fini|def|2\n|\n|upkeep\n|turn|14\n|\n|t:|1700802554\n|switch|p2a: Mew|Mew|100\/100\n|move|p1a: Florges|Aromatherapy|p1a: Florges\n|-activate|p1a: Florges|move: Aromatherapy\n|-curestatus|p1: Kleavor|par|[msg]\n|\n|upkeep\n|turn|15\n|\n|t:|1700802566\n|switch|p1a: Kleavor|Kleavor, M|100\/100\n|move|p2a: Mew|Block|p1a: Kleavor\n|-activate|p1a: Kleavor|trapped\n|\n|upkeep\n|turn|16\n|\n|t:|1700802573\n|move|p1a: Kleavor|U-turn|p2a: Mew\n|-supereffective|p2a: Mew\n|-damage|p2a: Mew|40\/100\n|\n|t:|1700802579\n|switch|p1a: Flygon|Flygon, F|100\/100|[from] U-turn\n|move|p2a: Mew|Imprison|p2a: Mew\n|-start|p2a: Mew|move: Imprison\n|\n|-heal|p2a: Mew|46\/100|[from] item: Leftovers\n|upkeep\n|turn|17\n|\n|t:|1700802591\n|switch|p1a: Kleavor|Kleavor, M|100\/100\n|move|p2a: Mew|Roost|p2a: Mew\n|-heal|p2a: Mew|96\/100\n|-singleturn|p2a: Mew|move: Roost\n|\n|-heal|p2a: Mew|100\/100|[from] item: Leftovers\n|-fieldend|Misty Terrain\n|upkeep\n|turn|18\n|\n|t:|1700802597\n|move|p1a: Kleavor|U-turn|p2a: Mew\n|-supereffective|p2a: Mew\n|-damage|p2a: Mew|38\/100\n|\n|t:|1700802607\n|switch|p1a: Flygon|Flygon, F|100\/100|[from] U-turn\n|move|p2a: Mew|Block|p1a: Flygon\n|-activate|p1a: Flygon|trapped\n|\n|-heal|p2a: Mew|44\/100|[from] item: Leftovers\n|upkeep\n|turn|19\n|\n|t:|1700802624\n|move|p1a: Flygon|Earthquake|p2a: Mew\n|-damage|p2a: Mew|0 fnt\n|faint|p2a: Mew\n|-damage|p1a: Flygon|91\/100|[from] item: Life Orb\n|\n|upkeep\n|\n|t:|1700802629\n|switch|p2a: Tapu Fini|Tapu Fini|100\/100\n|-fieldstart|move: Misty Terrain|[from] ability: Misty Surge|[of] p2a: Tapu Fini\n|turn|20\n|\n|t:|1700802652\n|switch|p1a: Kleavor|Kleavor, M|100\/100\n|move|p2a: Tapu Fini|Calm Mind|p2a: Tapu Fini\n|-boost|p2a: Tapu Fini|spa|1\n|-boost|p2a: Tapu Fini|spd|1\n|\n|upkeep\n|turn|21\n|\n|t:|1700802657\n|move|p1a: Kleavor|Cross Poison|p2a: Tapu Fini\n|-supereffective|p2a: Tapu Fini\n|-damage|p2a: Tapu Fini|44\/100\n|move|p2a: Tapu Fini|Iron Defense|p2a: Tapu Fini\n|-boost|p2a: Tapu Fini|def|2\n|\n|-heal|p2a: Tapu Fini|50\/100|[from] item: Leftovers\n|upkeep\n|turn|22\n|\n|t:|1700802664\n|move|p1a: Kleavor|Cross Poison|p2a: Tapu Fini\n|-supereffective|p2a: Tapu Fini\n|-damage|p2a: Tapu Fini|20\/100\n|move|p2a: Tapu Fini|Draining Kiss|p1a: Kleavor\n|-damage|p1a: Kleavor|54\/100\n|-heal|p2a: Tapu Fini|48\/100|[from] drain|[of] p1a: Kleavor\n|\n|-heal|p2a: Tapu Fini|55\/100|[from] item: Leftovers\n|upkeep\n|turn|23\n|\n|t:|1700802669\n|-terastallize|p2a: Tapu Fini|Dragon\n|move|p1a: Kleavor|Cross Poison|p2a: Tapu Fini\n|-damage|p2a: Tapu Fini|39\/100\n|move|p2a: Tapu Fini|Draining Kiss|p1a: Kleavor\n|-damage|p1a: Kleavor|3\/100\n|-heal|p2a: Tapu Fini|71\/100|[from] drain|[of] p1a: Kleavor\n|\n|-heal|p2a: Tapu Fini|77\/100|[from] item: Leftovers\n|upkeep\n|turn|24\n|\n|t:|1700802679\n|move|p1a: Kleavor|Cross Poison|p2a: Tapu Fini\n|-damage|p2a: Tapu Fini|64\/100\n|move|p2a: Tapu Fini|Calm Mind|p2a: Tapu Fini\n|-boost|p2a: Tapu Fini|spa|1\n|-boost|p2a: Tapu Fini|spd|1\n|\n|-heal|p2a: Tapu Fini|70\/100|[from] item: Leftovers\n|-fieldend|Misty Terrain\n|upkeep\n|turn|25\n|\n|t:|1700802689\n|switch|p1a: Florges|Florges, F|100\/100\n|move|p2a: Tapu Fini|Draining Kiss|p1a: Florges\n|-damage|p1a: Florges|73\/100\n|-heal|p2a: Tapu Fini|91\/100|[from] drain|[of] p1a: Florges\n|\n|-heal|p2a: Tapu Fini|97\/100|[from] item: Leftovers\n|-heal|p1a: Florges|80\/100|[from] item: Leftovers\n|upkeep\n|turn|26\n|\n|t:|1700802703\n|-terastallize|p1a: Florges|Steel\n|move|p2a: Tapu Fini|Stored Power|p1a: Florges\n|-resisted|p1a: Florges\n|-damage|p1a: Florges|57\/100\n|move|p1a: Florges|Moonblast|p2a: Tapu Fini\n|-supereffective|p2a: Tapu Fini\n|-damage|p2a: Tapu Fini|71\/100\n|\n|-heal|p2a: Tapu Fini|77\/100|[from] item: Leftovers\n|-heal|p1a: Florges|63\/100|[from] item: Leftovers\n|upkeep\n|turn|27\n|\n|t:|1700802708\n|switch|p2a: Togekiss|Togekiss, F|56\/100\n|move|p1a: Florges|Moonblast|p2a: Togekiss\n|-damage|p2a: Togekiss|19\/100\n|-unboost|p2a: Togekiss|spa|1\n|\n|-heal|p1a: Florges|69\/100|[from] item: Leftovers\n|upkeep\n|turn|28\n|inactive|daniel241595 has 120 seconds left.\n|\n|t:|1700802749\n|switch|p1a: Flygon|Flygon, F|91\/100\n|move|p2a: Togekiss|Thunder Wave|p1a: Flygon\n|-immune|p1a: Flygon\n|\n|upkeep\n|turn|29\n|\n|t:|1700802755\n|switch|p2a: Tapu Fini|Tapu Fini, tera:Dragon|77\/100\n|-fieldstart|move: Misty Terrain|[from] ability: Misty Surge|[of] p2a: Tapu Fini\n|move|p1a: Flygon|Dragon Dance|p1a: Flygon\n|-boost|p1a: Flygon|atk|1\n|-boost|p1a: Flygon|spe|1\n|\n|-heal|p2a: Tapu Fini|83\/100|[from] item: Leftovers\n|upkeep\n|turn|30\n|inactive|daniel241595 has 120 seconds left.\n|\n|t:|1700802760\n|switch|p2a: Togekiss|Togekiss, F|19\/100\n|move|p1a: Flygon|Earthquake|p2a: Togekiss\n|-immune|p2a: Togekiss\n|\n|upkeep\n|turn|31\n|\n|t:|1700802766\n|move|p1a: Flygon|Dragon Dance|p1a: Flygon\n|-boost|p1a: Flygon|atk|1\n|-boost|p1a: Flygon|spe|1\n|move|p2a: Togekiss|Air Slash|p1a: Flygon\n|-damage|p1a: Flygon|43\/100\n|\n|upkeep\n|turn|32\n|\n|t:|1700802777\n|move|p1a: Flygon|Dual Wingbeat|p2a: Togekiss\n|-damage|p2a: Togekiss|0 fnt\n|faint|p2a: Togekiss\n|-hitcount|p2: Togekiss|1\n|-damage|p1a: Flygon|33\/100|[from] item: Life Orb\n|\n|upkeep\n|-message|LVGLO forfeited.\n|\n|win|daniel241595\n|raw|daniel241595's rating: 1606 &rarr; <strong>1623<\/strong><br \/>(+17 for winning)\n|raw|LVGLO's rating: 1556 &rarr; <strong>1539<\/strong><br \/>(-17 for losing)\n|l|\u2606LVGLO\n","uploadtime":1700802783,"views":10,"p1id":"daniel241595","p2id":"lvglo","formatid":"gen9nationaldex","rating":1539,"private":0,"password":""}