{"id":"gen9nationaldex-1988032565","p1":"cosbel","p2":"BenjaminDuddy","format":"[Gen 9] National Dex","log":"|j|\u2606cosbel\n|j|\u2606BenjaminDuddy\n|t:|1699661381\n|gametype|singles\n|player|p1|cosbel|blackbelt-gen4dp|1291\n|player|p2|BenjaminDuddy|acetrainer-gen4dp|1275\n|teamsize|p1|6\n|teamsize|p2|6\n|gen|9\n|tier|[Gen 9] National Dex\n|rated|\n|rule|HP Percentage Mod: HP is shown in percentages\n|rule|Endless Battle Clause: Forcing endless battles is banned\n|rule|OHKO Clause: OHKO moves are banned\n|rule|Evasion Clause: Evasion abilities, items, and moves are banned\n|rule|Evasion Abilities Clause: Evasion abilities are banned\n|rule|Evasion Items Clause: Evasion items are banned\n|rule|Evasion Moves Clause: Evasion moves are banned\n|rule|Species Clause: Limit one of each Pok\u00e9mon\n|rule|Sleep Clause Mod: Limit one foe put to sleep\n|clearpoke\n|poke|p1|Simisage, M|\n|poke|p1|Simipour, F|\n|poke|p1|Simisear, F|\n|poke|p1|Gigalith, M|\n|poke|p1|Amoonguss, M|\n|poke|p1|Gallade, M|\n|poke|p2|Dudunsparce-*, M|\n|poke|p2|Toxtricity, F|\n|poke|p2|Araquanid, M|\n|poke|p2|Avalugg, F|\n|poke|p2|Absol, M|\n|poke|p2|Tangrowth, F|\n|teampreview\n|inactive|Battle timer is ON: inactive players will automatically lose when time's up. (requested by cosbel)\n|\n|t:|1699661393\n|start\n|switch|p1a: Gigalith|Gigalith, M|100\/100\n|switch|p2a: Araquanid|Araquanid, M|100\/100\n|-weather|Sandstorm|[from] ability: Sand Stream|[of] p1a: Gigalith\n|turn|1\n|\n|t:|1699661399\n|move|p2a: Araquanid|Sticky Web|p1a: Gigalith\n|-sidestart|p1: cosbel|move: Sticky Web\n|move|p1a: Gigalith|Stealth Rock|p2a: Araquanid\n|-sidestart|p2: BenjaminDuddy|move: Stealth Rock\n|\n|-weather|Sandstorm|[upkeep]\n|-damage|p2a: Araquanid|94\/100|[from] Sandstorm\n|-heal|p2a: Araquanid|100\/100|[from] item: Leftovers\n|upkeep\n|turn|2\n|\n|t:|1699661404\n|move|p2a: Araquanid|Toxic|p1a: Gigalith\n|-status|p1a: Gigalith|tox\n|move|p1a: Gigalith|Stone Edge|p2a: Araquanid\n|-supereffective|p2a: Araquanid\n|-damage|p2a: Araquanid|2\/100\n|\n|-weather|Sandstorm|[upkeep]\n|-damage|p2a: Araquanid|0 fnt|[from] Sandstorm\n|faint|p2a: Araquanid\n|-damage|p1a: Gigalith|94\/100 tox|[from] psn\n|upkeep\n|\n|t:|1699661413\n|switch|p2a: Avalugg|Avalugg, F|100\/100\n|turn|3\n|\n|t:|1699661417\n|move|p2a: Avalugg|Rapid Spin|p1a: Gigalith\n|-resisted|p1a: Gigalith\n|-damage|p1a: Gigalith|89\/100 tox\n|-boost|p2a: Avalugg|spe|1\n|-sideend|p2: BenjaminDuddy|Stealth Rock|[from] move: Rapid Spin|[of] p2a: Avalugg\n|move|p1a: Gigalith|Toxic|p2a: Avalugg\n|-status|p2a: Avalugg|tox\n|\n|-weather|Sandstorm|[upkeep]\n|-damage|p2a: Avalugg|94\/100 tox|[from] Sandstorm\n|-heal|p1a: Gigalith|95\/100 tox|[from] item: Leftovers\n|-damage|p2a: Avalugg|88\/100 tox|[from] psn\n|-damage|p1a: Gigalith|83\/100 tox|[from] psn\n|upkeep\n|turn|4\n|\n|t:|1699661432\n|switch|p1a: Simisage|Simisage, M|100\/100\n|-activate|p1a: Simisage|move: Sticky Web\n|-unboost|p1a: Simisage|spe|1\n|move|p2a: Avalugg|Body Press|p1a: Simisage\n|-damage|p1a: Simisage|34\/100\n|\n|-weather|Sandstorm|[upkeep]\n|-damage|p1a: Simisage|28\/100|[from] Sandstorm\n|-damage|p2a: Avalugg|82\/100 tox|[from] Sandstorm\n|-damage|p2a: Avalugg|70\/100 tox|[from] psn\n|upkeep\n|turn|5\n|\n|t:|1699661439\n|move|p1a: Simisage|Superpower|p2a: Avalugg\n|-supereffective|p2a: Avalugg\n|-damage|p2a: Avalugg|35\/100 tox\n|-unboost|p1a: Simisage|atk|1\n|-unboost|p1a: Simisage|def|1\n|-damage|p1a: Simisage|18\/100|[from] item: Life Orb\n|move|p2a: Avalugg|Body Press|p1a: Simisage\n|-damage|p1a: Simisage|0 fnt\n|faint|p1a: Simisage\n|\n|-weather|none\n|-damage|p2a: Avalugg|16\/100 tox|[from] psn\n|upkeep\n|\n|t:|1699661451\n|switch|p1a: Simipour|Simipour, F|100\/100\n|-activate|p1a: Simipour|move: Sticky Web\n|-unboost|p1a: Simipour|spe|1\n|turn|6\n|\n|t:|1699661455\n|move|p1a: Simipour|Grass Knot|p2a: Avalugg\n|-damage|p2a: Avalugg|0 fnt\n|faint|p2a: Avalugg\n|\n|upkeep\n|\n|t:|1699661461\n|switch|p2a: Dudunsparce|Dudunsparce-Three-Segment, M|100\/100\n|turn|7\n|\n|t:|1699661465\n|-zpower|p1a: Simipour\n|move|p1a: Simipour|Hydro Vortex|p2a: Dudunsparce|[zeffect]\n|-damage|p2a: Dudunsparce|20\/100\n|move|p2a: Dudunsparce|Calm Mind|p2a: Dudunsparce\n|-boost|p2a: Dudunsparce|spa|1\n|-boost|p2a: Dudunsparce|spd|1\n|\n|upkeep\n|turn|8\n|\n|t:|1699661473\n|move|p1a: Simipour|Hydro Pump|p2a: Dudunsparce\n|-damage|p2a: Dudunsparce|0 fnt\n|faint|p2a: Dudunsparce\n|\n|upkeep\n|\n|t:|1699661475\n|switch|p2a: Absol|Absol, M|100\/100\n|turn|9\n|\n|t:|1699661480\n|detailschange|p2a: Absol|Absol-Mega, M\n|-mega|p2a: Absol|Absol|Absolite\n|move|p2a: Absol|Swords Dance|p2a: Absol\n|-boost|p2a: Absol|atk|2\n|move|p1a: Simipour|Hydro Pump|p2a: Absol|[miss]\n|-miss|p1a: Simipour|p2a: Absol\n|\n|upkeep\n|turn|10\n|\n|t:|1699661488\n|move|p2a: Absol|Knock Off|p1a: Simipour\n|-damage|p1a: Simipour|0 fnt\n|faint|p1a: Simipour\n|\n|upkeep\n|\n|t:|1699661493\n|switch|p1a: Amoonguss|Amoonguss, M|100\/100\n|-activate|p1a: Amoonguss|move: Sticky Web\n|-unboost|p1a: Amoonguss|spe|1\n|turn|11\n|\n|t:|1699661499\n|move|p2a: Absol|Swords Dance|p2a: Absol\n|-boost|p2a: Absol|atk|2\n|move|p1a: Amoonguss|Sludge Bomb|p2a: Absol\n|-damage|p2a: Absol|47\/100\n|-status|p2a: Absol|psn\n|\n|-damage|p2a: Absol|35\/100 psn|[from] psn\n|upkeep\n|turn|12\n|\n|t:|1699661509\n|switch|p1a: Gigalith|Gigalith, M|83\/100 tox\n|-activate|p1a: Gigalith|move: Sticky Web\n|-unboost|p1a: Gigalith|spe|1\n|-weather|Sandstorm|[from] ability: Sand Stream|[of] p1a: Gigalith\n|move|p2a: Absol|Knock Off|p1a: Gigalith\n|-damage|p1a: Gigalith|0 fnt\n|-enditem|p1a: Gigalith|Leftovers|[from] move: Knock Off|[of] p2a: Absol\n|faint|p1a: Gigalith\n|\n|-weather|Sandstorm|[upkeep]\n|-damage|p2a: Absol|28\/100 psn|[from] Sandstorm\n|-damage|p2a: Absol|16\/100 psn|[from] psn\n|upkeep\n|\n|t:|1699661519\n|switch|p1a: Simisear|Simisear, F|100\/100\n|-activate|p1a: Simisear|move: Sticky Web\n|-unboost|p1a: Simisear|spe|1\n|turn|13\n|\n|t:|1699661522\n|move|p2a: Absol|Knock Off|p1a: Simisear\n|-damage|p1a: Simisear|0 fnt\n|-enditem|p1a: Simisear|Life Orb|[from] move: Knock Off|[of] p2a: Absol\n|faint|p1a: Simisear\n|\n|-weather|Sandstorm|[upkeep]\n|-damage|p2a: Absol|10\/100 psn|[from] Sandstorm\n|-damage|p2a: Absol|0 fnt|[from] psn\n|faint|p2a: Absol\n|upkeep\n|\n|t:|1699661530\n|switch|p2a: Tangrowth|Tangrowth, F|100\/100\n|switch|p1a: Amoonguss|Amoonguss, M|100\/100\n|-activate|p1a: Amoonguss|move: Sticky Web\n|-unboost|p1a: Amoonguss|spe|1\n|turn|14\n|\n|t:|1699661534\n|move|p2a: Tangrowth|Hidden Power|p1a: Amoonguss\n|-supereffective|p1a: Amoonguss\n|-damage|p1a: Amoonguss|73\/100\n|move|p1a: Amoonguss|Sludge Bomb|p2a: Tangrowth\n|-supereffective|p2a: Tangrowth\n|-damage|p2a: Tangrowth|26\/100\n|\n|-weather|Sandstorm|[upkeep]\n|-damage|p2a: Tangrowth|20\/100|[from] Sandstorm\n|-damage|p1a: Amoonguss|67\/100|[from] Sandstorm\n|-heal|p1a: Amoonguss|73\/100|[from] item: Black Sludge\n|upkeep\n|turn|15\n|\n|t:|1699661542\n|switch|p2a: Toxtricity|Toxtricity, F|100\/100\n|move|p1a: Amoonguss|Sludge Bomb|p2a: Toxtricity\n|-resisted|p2a: Toxtricity\n|-damage|p2a: Toxtricity|83\/100\n|\n|-weather|Sandstorm|[upkeep]\n|-damage|p2a: Toxtricity|77\/100|[from] Sandstorm\n|-damage|p1a: Amoonguss|67\/100|[from] Sandstorm\n|-heal|p1a: Amoonguss|73\/100|[from] item: Black Sludge\n|upkeep\n|turn|16\n|\n|t:|1699661550\n|move|p2a: Toxtricity|Boomburst|p1a: Amoonguss\n|-damage|p1a: Amoonguss|23\/100\n|-enditem|p2a: Toxtricity|Throat Spray\n|-boost|p2a: Toxtricity|spa|1|[from] item: Throat Spray\n|move|p1a: Amoonguss|Spore|p2a: Toxtricity\n|-status|p2a: Toxtricity|slp|[from] move: Spore\n|\n|-weather|none\n|-heal|p1a: Amoonguss|29\/100|[from] item: Black Sludge\n|upkeep\n|turn|17\n|\n|t:|1699661557\n|switch|p1a: Gallade|Gallade, M|100\/100\n|-activate|p1a: Gallade|move: Sticky Web\n|-unboost|p1a: Gallade|spe|1\n|cant|p2a: Toxtricity|slp\n|\n|upkeep\n|turn|18\n|\n|t:|1699661562\n|detailschange|p1a: Gallade|Gallade-Mega, M\n|-mega|p1a: Gallade|Gallade|Galladite\n|move|p1a: Gallade|Zen Headbutt|p2a: Toxtricity\n|-supereffective|p2a: Toxtricity\n|-damage|p2a: Toxtricity|0 fnt\n|faint|p2a: Toxtricity\n|\n|upkeep\n|\n|t:|1699661566\n|switch|p2a: Tangrowth|Tangrowth, F|53\/100\n|turn|19\n|\n|t:|1699661575\n|move|p1a: Gallade|Knock Off|p2a: Tangrowth\n|-damage|p2a: Tangrowth|29\/100\n|-damage|p1a: Gallade|84\/100|[from] item: Rocky Helmet|[of] p2a: Tangrowth\n|-enditem|p2a: Tangrowth|Rocky Helmet|[from] move: Knock Off|[of] p1a: Gallade\n|move|p2a: Tangrowth|Leech Seed|p1a: Gallade\n|-start|p1a: Gallade|move: Leech Seed\n|\n|-damage|p1a: Gallade|72\/100|[from] Leech Seed|[of] p2a: Tangrowth\n|-heal|p2a: Tangrowth|37\/100|[silent]\n|upkeep\n|turn|20\n|\n|t:|1699661583\n|move|p1a: Gallade|Zen Headbutt|p2a: Tangrowth\n|-damage|p2a: Tangrowth|13\/100\n|move|p2a: Tangrowth|Giga Drain|p1a: Gallade\n|-damage|p1a: Gallade|42\/100\n|-heal|p2a: Tangrowth|23\/100|[from] drain|[of] p1a: Gallade\n|\n|-damage|p1a: Gallade|30\/100|[from] Leech Seed|[of] p2a: Tangrowth\n|-heal|p2a: Tangrowth|31\/100|[silent]\n|upkeep\n|turn|21\n|\n|t:|1699661593\n|move|p1a: Gallade|Close Combat|p2a: Tangrowth\n|-damage|p2a: Tangrowth|0 fnt\n|-unboost|p1a: Gallade|def|1\n|-unboost|p1a: Gallade|spd|1\n|faint|p2a: Tangrowth\n|\n|win|cosbel\n|raw|cosbel's rating: 1291 &rarr; <strong>1315<\/strong><br \/>(+24 for winning)\n|raw|BenjaminDuddy's rating: 1275 &rarr; <strong>1251<\/strong><br \/>(-24 for losing)\n|l|\u2606BenjaminDuddy\n","uploadtime":1699661599,"views":7,"p1id":"cosbel","p2id":"benjaminduddy","formatid":"gen9nationaldex","rating":1251,"private":0,"password":""}