{"id":"gen9nationaldex-1999276539","p1":"AlakaXand","p2":"rigtig","format":"[Gen 9] National Dex","log":"|html|<div class=\"broadcast-blue\"><strong>[Gen 9] National Dex is currently suspecting Sneasler! For information on how to participate check out the <a href=\"https:\/\/www.smogon.com\/forums\/threads\/sv-national-dex-suspect-8-just-dance.3731534\/\">suspect thread<\/a>.<\/strong><\/div>\n|j|\u2606AlakaXand\n|j|\u2606rigtig\n|t:|1701053976\n|gametype|singles\n|player|p1|AlakaXand|giovanni|\n|player|p2|rigtig|firebreather|\n|teamsize|p1|6\n|teamsize|p2|6\n|gen|9\n|tier|[Gen 9] National Dex\n|rule|HP Percentage Mod: HP is shown in percentages\n|rule|Endless Battle Clause: Forcing endless battles is banned\n|rule|OHKO Clause: OHKO moves are banned\n|rule|Evasion Clause: Evasion abilities, items, and moves are banned\n|rule|Evasion Abilities Clause: Evasion abilities are banned\n|rule|Evasion Items Clause: Evasion items are banned\n|rule|Evasion Moves Clause: Evasion moves are banned\n|rule|Species Clause: Limit one of each Pok\u00e9mon\n|rule|Sleep Clause Mod: Limit one foe put to sleep\n|clearpoke\n|poke|p1|Slowking-Galar, F|\n|poke|p1|Alomomola, F|\n|poke|p1|Kommo-o, F|\n|poke|p1|Latias, F|\n|poke|p1|Buzzwole|\n|poke|p1|Gliscor, F|\n|poke|p2|Krookodile, M|\n|poke|p2|Klefki, M|\n|poke|p2|Charizard, F|\n|poke|p2|Leafeon, F|\n|poke|p2|Entei|\n|poke|p2|Jirachi|\n|teampreview\n|\n|t:|1701054009\n|start\n|switch|p1a: Slowking|Slowking-Galar, F|100\/100\n|switch|p2a: Charizard|Charizard, F|100\/100\n|turn|1\n|\n|t:|1701054018\n|detailschange|p2a: Charizard|Charizard-Mega-Y, F\n|-mega|p2a: Charizard|Charizard|Charizardite Y\n|-weather|SunnyDay|[from] ability: Drought|[of] p2a: Charizard\n|move|p2a: Charizard|Flamethrower|p1a: Slowking\n|-damage|p1a: Slowking|49\/100\n|-status|p1a: Slowking|brn\n|move|p1a: Slowking|Future Sight|p2a: Charizard\n|-start|p1a: Slowking|move: Future Sight\n|\n|-weather|SunnyDay|[upkeep]\n|-heal|p1a: Slowking|55\/100 brn|[from] item: Leftovers\n|-damage|p1a: Slowking|49\/100 brn|[from] brn\n|upkeep\n|turn|2\n|\n|t:|1701054032\n|switch|p1a: Gliscor|Gliscor, F|100\/100\n|move|p2a: Charizard|Flamethrower|p1a: Gliscor\n|-damage|p1a: Gliscor|36\/100\n|\n|-weather|SunnyDay|[upkeep]\n|-status|p1a: Gliscor|tox|[from] item: Toxic Orb\n|upkeep\n|turn|3\n|\n|t:|1701054048\n|-terastallize|p1a: Gliscor|Water\n|move|p2a: Charizard|Flamethrower|p1a: Gliscor\n|-resisted|p1a: Gliscor\n|-damage|p1a: Gliscor|2\/100 tox\n|move|p1a: Gliscor|Roost|p1a: Gliscor\n|-heal|p1a: Gliscor|52\/100 tox\n|\n|-weather|SunnyDay|[upkeep]\n|-end|p2a: Charizard|move: Future Sight\n|-damage|p2a: Charizard|51\/100\n|-heal|p1a: Gliscor|64\/100 tox|[from] ability: Poison Heal\n|upkeep\n|turn|4\n|\n|t:|1701054075\n|switch|p1a: Latias|Latias, F|100\/100\n|move|p2a: Charizard|Solar Beam||[still]\n|-prepare|p2a: Charizard|Solar Beam\n|-anim|p2a: Charizard|Solar Beam|p1a: Latias\n|-resisted|p1a: Latias\n|-damage|p1a: Latias|81\/100\n|\n|-weather|SunnyDay|[upkeep]\n|upkeep\n|turn|5\n|\n|t:|1701054099\n|switch|p2a: Klefki|Klefki, M|100\/100\n|detailschange|p1a: Latias|Latias-Mega, F\n|-mega|p1a: Latias|Latias|Latiasite\n|move|p1a: Latias|Aura Sphere|p2a: Klefki\n|-damage|p2a: Klefki|75\/100\n|\n|-weather|none\n|upkeep\n|turn|6\n|\n|t:|1701054112\n|switch|p1a: Slowking|Slowking-Galar, F|82\/100 brn\n|move|p2a: Klefki|Thunder Wave||[still]\n|-fail|p2a: Klefki\n|\n|-heal|p1a: Slowking|88\/100 brn|[from] item: Leftovers\n|-damage|p1a: Slowking|82\/100 brn|[from] brn\n|upkeep\n|turn|7\n|\n|t:|1701054143\n|switch|p2a: Charizard|Charizard-Mega-Y, F|51\/100\n|-weather|SunnyDay|[from] ability: Drought|[of] p2a: Charizard\n|move|p1a: Slowking|Future Sight|p2a: Charizard\n|-start|p1a: Slowking|move: Future Sight\n|\n|-weather|SunnyDay|[upkeep]\n|-heal|p1a: Slowking|88\/100 brn|[from] item: Leftovers\n|-damage|p1a: Slowking|82\/100 brn|[from] brn\n|upkeep\n|turn|8\n|\n|t:|1701054159\n|move|p2a: Charizard|Dragon Pulse|p1a: Slowking\n|-damage|p1a: Slowking|63\/100 brn\n|move|p1a: Slowking|Chilly Reception|p1a: Slowking\n|-weather|Snow\n|\n|t:|1701054183\n|switch|p1a: Latias|Latias-Mega, F|81\/100|[from] Chilly Reception\n|\n|-weather|Snow|[upkeep]\n|upkeep\n|turn|9\n|\n|t:|1701054198\n|switch|p2a: Klefki|Klefki, M|75\/100\n|move|p1a: Latias|Psyshock|p2a: Klefki\n|-resisted|p2a: Klefki\n|-damage|p2a: Klefki|56\/100\n|\n|-weather|Snow|[upkeep]\n|-end|p2a: Klefki|move: Future Sight\n|-resisted|p2a: Klefki\n|-damage|p2a: Klefki|33\/100\n|upkeep\n|turn|10\n|\n|t:|1701054221\n|switch|p2a: Entei|Entei, shiny|100\/100\n|-ability|p2a: Entei|Pressure\n|move|p1a: Latias|Aura Sphere|p2a: Entei\n|-damage|p2a: Entei|74\/100\n|\n|-weather|Snow|[upkeep]\n|upkeep\n|turn|11\n|\n|t:|1701054238\n|-terastallize|p2a: Entei|Fire\n|move|p2a: Entei|Sacred Fire|p1a: Latias\n|-resisted|p1a: Latias\n|-damage|p1a: Latias|52\/100\n|move|p1a: Latias|Calm Mind|p1a: Latias\n|-boost|p1a: Latias|spa|1\n|-boost|p1a: Latias|spd|1\n|\n|-weather|Snow|[upkeep]\n|upkeep\n|turn|12\n|\n|t:|1701054248\n|move|p2a: Entei|Sacred Fire|p1a: Latias\n|-resisted|p1a: Latias\n|-damage|p1a: Latias|26\/100\n|move|p1a: Latias|Roost|p1a: Latias\n|-heal|p1a: Latias|76\/100\n|-singleturn|p1a: Latias|move: Roost\n|\n|-weather|none\n|upkeep\n|turn|13\n|\n|t:|1701054269\n|switch|p2a: Jirachi|Jirachi|100\/100\n|move|p1a: Latias|Calm Mind|p1a: Latias\n|-boost|p1a: Latias|spa|1\n|-boost|p1a: Latias|spd|1\n|\n|upkeep\n|turn|14\n|\n|t:|1701054289\n|move|p1a: Latias|Aura Sphere|p2a: Jirachi\n|-damage|p2a: Jirachi|60\/100\n|move|p2a: Jirachi|Toxic|p1a: Latias\n|-status|p1a: Latias|tox\n|\n|-heal|p2a: Jirachi|66\/100|[from] item: Leftovers\n|-damage|p1a: Latias|70\/100 tox|[from] psn\n|upkeep\n|turn|15\n|\n|t:|1701054298\n|move|p1a: Latias|Aura Sphere|p2a: Jirachi\n|-damage|p2a: Jirachi|29\/100\n|move|p2a: Jirachi|Wish|p2a: Jirachi\n|\n|-heal|p2a: Jirachi|35\/100|[from] item: Leftovers\n|-damage|p1a: Latias|58\/100 tox|[from] psn\n|upkeep\n|turn|16\n|\n|t:|1701054313\n|switch|p2a: Klefki|Klefki, M|33\/100\n|move|p1a: Latias|Aura Sphere|p2a: Klefki\n|-damage|p2a: Klefki|0 fnt\n|faint|p2a: Klefki\n|\n|-damage|p1a: Latias|40\/100 tox|[from] psn\n|upkeep\n|\n|t:|1701054336\n|switch|p2a: Entei|Entei, shiny, tera:Fire|74\/100\n|-ability|p2a: Entei|Pressure\n|turn|17\n|\n|t:|1701054347\n|switch|p1a: Alomomola|Alomomola, F|100\/100\n|move|p2a: Entei|Sacred Fire|p1a: Alomomola\n|-resisted|p1a: Alomomola\n|-damage|p1a: Alomomola|78\/100\n|-status|p1a: Alomomola|brn\n|-enditem|p1a: Alomomola|Red Card|[of] p2a: Entei\n|drag|p2a: Jirachi|Jirachi|35\/100\n|\n|-heal|p2a: Jirachi|41\/100|[from] item: Leftovers\n|-damage|p1a: Alomomola|72\/100 brn|[from] brn\n|upkeep\n|turn|18\n|\n|t:|1701054360\n|move|p2a: Jirachi|Wish|p2a: Jirachi\n|move|p1a: Alomomola|Flip Turn|p2a: Jirachi\n|-damage|p2a: Jirachi|35\/100\n|\n|t:|1701054367\n|switch|p1a: Gliscor|Gliscor, F, tera:Water|64\/100 tox|[from] Flip Turn\n|\n|-heal|p2a: Jirachi|41\/100|[from] item: Leftovers\n|-heal|p1a: Gliscor|77\/100 tox|[from] ability: Poison Heal\n|upkeep\n|turn|19\n|\n|t:|1701054385\n|switch|p2a: Charizard|Charizard-Mega-Y, F|51\/100\n|-weather|SunnyDay|[from] ability: Drought|[of] p2a: Charizard\n|move|p1a: Gliscor|Swords Dance|p1a: Gliscor\n|-boost|p1a: Gliscor|atk|2\n|\n|-weather|SunnyDay|[upkeep]\n|-heal|p2a: Charizard|100\/100|[from] move: Wish|[wisher] Jirachi\n|-heal|p1a: Gliscor|89\/100 tox|[from] ability: Poison Heal\n|upkeep\n|turn|20\n|\n|t:|1701054411\n|move|p2a: Charizard|Solar Beam||[still]\n|-prepare|p2a: Charizard|Solar Beam\n|-anim|p2a: Charizard|Solar Beam|p1a: Gliscor\n|-supereffective|p1a: Gliscor\n|-damage|p1a: Gliscor|13\/100 tox\n|move|p1a: Gliscor|Facade|p2a: Charizard\n|-damage|p2a: Charizard|13\/100\n|\n|-weather|SunnyDay|[upkeep]\n|-heal|p1a: Gliscor|26\/100 tox|[from] ability: Poison Heal\n|upkeep\n|turn|21\n|\n|t:|1701054427\n|switch|p1a: Alomomola|Alomomola, F|100\/100 brn\n|move|p2a: Charizard|Solar Beam||[still]\n|-prepare|p2a: Charizard|Solar Beam\n|-anim|p2a: Charizard|Solar Beam|p1a: Alomomola\n|-supereffective|p1a: Alomomola\n|-damage|p1a: Alomomola|19\/100 brn\n|\n|-weather|SunnyDay|[upkeep]\n|-damage|p1a: Alomomola|13\/100 brn|[from] brn\n|upkeep\n|turn|22\n|\n|t:|1701054446\n|switch|p1a: Kommo-o|Kommo-o, F|100\/100\n|move|p2a: Charizard|Air Slash|p1a: Kommo-o\n|-supereffective|p1a: Kommo-o\n|-damage|p1a: Kommo-o|0 fnt\n|faint|p1a: Kommo-o\n|\n|-weather|SunnyDay|[upkeep]\n|upkeep\n|\n|t:|1701054456\n|switch|p1a: Slowking|Slowking-Galar, F|96\/100 brn\n|turn|23\n|\n|t:|1701054489\n|switch|p2a: Krookodile|Krookodile, M|100\/100\n|move|p1a: Slowking|Chilly Reception|p1a: Slowking\n|-weather|Snow\n|\n|t:|1701054512\n|switch|p1a: Latias|Latias-Mega, F|40\/100 tox|[from] Chilly Reception\n|\n|-weather|Snow|[upkeep]\n|-damage|p1a: Latias|34\/100 tox|[from] psn\n|upkeep\n|turn|24\n|\n|t:|1701054530\n|switch|p1a: Alomomola|Alomomola, F|46\/100 brn\n|move|p2a: Krookodile|Scale Shot|p1a: Alomomola\n|-damage|p1a: Alomomola|41\/100 brn\n|-damage|p1a: Alomomola|35\/100 brn\n|-damage|p1a: Alomomola|29\/100 brn\n|-damage|p1a: Alomomola|23\/100 brn\n|-damage|p1a: Alomomola|18\/100 brn\n|-hitcount|p1a: Alomomola|5\n|-unboost|p2a: Krookodile|def|1\n|-boost|p2a: Krookodile|spe|1\n|\n|-weather|Snow|[upkeep]\n|-damage|p1a: Alomomola|12\/100 brn|[from] brn\n|upkeep\n|turn|25\n|\n|t:|1701054553\n|switch|p1a: Slowking|Slowking-Galar, F|100\/100 brn\n|move|p2a: Krookodile|Scale Shot|p1a: Slowking\n|-damage|p1a: Slowking|91\/100 brn\n|-damage|p1a: Slowking|81\/100 brn\n|-damage|p1a: Slowking|71\/100 brn\n|-damage|p1a: Slowking|62\/100 brn\n|-hitcount|p1a: Slowking|4\n|-unboost|p2a: Krookodile|def|1\n|-boost|p2a: Krookodile|spe|1\n|\n|-weather|Snow|[upkeep]\n|-heal|p1a: Slowking|68\/100 brn|[from] item: Leftovers\n|-damage|p1a: Slowking|62\/100 brn|[from] brn\n|upkeep\n|turn|26\n|\n|t:|1701054592\n|switch|p1a: Alomomola|Alomomola, F|45\/100 brn\n|move|p2a: Krookodile|Hone Claws|p2a: Krookodile\n|-boost|p2a: Krookodile|atk|1\n|-boost|p2a: Krookodile|accuracy|1\n|\n|-weather|Snow|[upkeep]\n|-damage|p1a: Alomomola|39\/100 brn|[from] brn\n|upkeep\n|turn|27\n|\n|t:|1701054601\n|move|p2a: Krookodile|Scale Shot|p1a: Alomomola\n|-damage|p1a: Alomomola|31\/100 brn\n|-damage|p1a: Alomomola|22\/100 brn\n|-damage|p1a: Alomomola|14\/100 brn\n|-damage|p1a: Alomomola|6\/100 brn\n|-damage|p1a: Alomomola|0 fnt\n|faint|p1a: Alomomola\n|-ability|p2a: Krookodile|Moxie|boost\n|-boost|p2a: Krookodile|atk|1\n|-hitcount|p1: Alomomola|5\n|-unboost|p2a: Krookodile|def|1\n|-boost|p2a: Krookodile|spe|1\n|\n|-weather|none\n|upkeep\n|\n|t:|1701054615\n|switch|p1a: Buzzwole|Buzzwole|100\/100\n|turn|28\n|\n|t:|1701054635\n|move|p2a: Krookodile|Scale Shot|p1a: Buzzwole\n|-damage|p1a: Buzzwole|91\/100\n|-damage|p1a: Buzzwole|83\/100\n|-damage|p1a: Buzzwole|74\/100\n|-damage|p1a: Buzzwole|66\/100\n|-hitcount|p1a: Buzzwole|4\n|-unboost|p2a: Krookodile|def|1\n|-boost|p2a: Krookodile|spe|1\n|move|p1a: Buzzwole|Drain Punch|p2a: Krookodile\n|-supereffective|p2a: Krookodile\n|-damage|p2a: Krookodile|0 fnt\n|-heal|p1a: Buzzwole|100\/100|[from] drain|[of] p2a: Krookodile\n|faint|p2a: Krookodile\n|-ability|p1a: Buzzwole|Beast Boost|boost\n|-boost|p1a: Buzzwole|def|1\n|\n|upkeep\n|\n|t:|1701054652\n|switch|p2a: Charizard|Charizard-Mega-Y, F|13\/100\n|-weather|SunnyDay|[from] ability: Drought|[of] p2a: Charizard\n|turn|29\n|\n|t:|1701054687\n|switch|p1a: Gliscor|Gliscor, F, tera:Water|26\/100 tox\n|move|p2a: Charizard|Air Slash|p1a: Gliscor\n|-damage|p1a: Gliscor|0 fnt\n|faint|p1a: Gliscor\n|\n|-weather|SunnyDay|[upkeep]\n|upkeep\n|\n|t:|1701054698\n|switch|p1a: Latias|Latias-Mega, F|34\/100 tox\n|turn|30\n|\n|t:|1701054713\n|move|p1a: Latias|Psyshock|p2a: Charizard\n|-damage|p2a: Charizard|0 fnt\n|faint|p2a: Charizard\n|\n|-weather|SunnyDay|[upkeep]\n|-damage|p1a: Latias|27\/100 tox|[from] psn\n|upkeep\n|\n|t:|1701054719\n|switch|p2a: Entei|Entei, shiny, tera:Fire|74\/100\n|-ability|p2a: Entei|Pressure\n|turn|31\n|\n|t:|1701054726\n|move|p2a: Entei|Sacred Fire|p1a: Latias\n|-resisted|p1a: Latias\n|-damage|p1a: Latias|0 fnt\n|faint|p1a: Latias\n|\n|-weather|SunnyDay|[upkeep]\n|upkeep\n|\n|t:|1701054732\n|switch|p1a: Slowking|Slowking-Galar, F|95\/100 brn\n|turn|32\n|\n|t:|1701054739\n|move|p2a: Entei|Sacred Fire|p1a: Slowking|[miss]\n|-miss|p2a: Entei|p1a: Slowking\n|move|p1a: Slowking|Chilly Reception|p1a: Slowking\n|-weather|Snow\n|\n|t:|1701054745\n|switch|p1a: Buzzwole|Buzzwole|100\/100|[from] Chilly Reception\n|\n|-weather|Snow|[upkeep]\n|upkeep\n|turn|33\n|\n|t:|1701054796\n|move|p2a: Entei|Sacred Fire|p1a: Buzzwole\n|-supereffective|p1a: Buzzwole\n|-damage|p1a: Buzzwole|34\/100\n|move|p1a: Buzzwole|Drain Punch|p2a: Entei\n|-damage|p2a: Entei|39\/100\n|-heal|p1a: Buzzwole|50\/100|[from] drain|[of] p2a: Entei\n|\n|-weather|Snow|[upkeep]\n|upkeep\n|turn|34\n|\n|t:|1701054806\n|switch|p1a: Slowking|Slowking-Galar, F|100\/100 brn\n|move|p2a: Entei|Sacred Fire|p1a: Slowking\n|-damage|p1a: Slowking|24\/100 brn\n|\n|-weather|Snow|[upkeep]\n|-heal|p1a: Slowking|30\/100 brn|[from] item: Leftovers\n|-damage|p1a: Slowking|24\/100 brn|[from] brn\n|upkeep\n|turn|35\n|\n|t:|1701054822\n|move|p2a: Entei|Sacred Fire|p1a: Slowking\n|-damage|p1a: Slowking|0 fnt\n|faint|p1a: Slowking\n|\n|-weather|Snow|[upkeep]\n|upkeep\n|\n|t:|1701054827\n|switch|p1a: Buzzwole|Buzzwole|50\/100\n|turn|36\n|\n|t:|1701054835\n|switch|p2a: Jirachi|Jirachi|41\/100\n|move|p1a: Buzzwole|Bulk Up|p1a: Buzzwole\n|-boost|p1a: Buzzwole|atk|1\n|-boost|p1a: Buzzwole|def|1\n|\n|-weather|none\n|-heal|p2a: Jirachi|48\/100|[from] item: Leftovers\n|upkeep\n|turn|37\n|\n|t:|1701054844\n|move|p2a: Jirachi|Toxic|p1a: Buzzwole\n|-status|p1a: Buzzwole|tox\n|move|p1a: Buzzwole|Drain Punch|p2a: Jirachi\n|-damage|p2a: Jirachi|8\/100\n|-heal|p1a: Buzzwole|66\/100 tox|[from] drain|[of] p2a: Jirachi\n|\n|-heal|p2a: Jirachi|14\/100|[from] item: Leftovers\n|-damage|p1a: Buzzwole|60\/100 tox|[from] psn\n|upkeep\n|turn|38\n|\n|t:|1701054861\n|move|p2a: Jirachi|Cosmic Power|p2a: Jirachi\n|-boost|p2a: Jirachi|def|1\n|-boost|p2a: Jirachi|spd|1\n|move|p1a: Buzzwole|Drain Punch|p2a: Jirachi\n|-damage|p2a: Jirachi|0 fnt\n|-heal|p1a: Buzzwole|66\/100 tox|[from] drain|[of] p2a: Jirachi\n|faint|p2a: Jirachi\n|-ability|p1a: Buzzwole|Beast Boost|boost\n|-boost|p1a: Buzzwole|def|1\n|\n|-damage|p1a: Buzzwole|53\/100 tox|[from] psn\n|upkeep\n|\n|t:|1701054884\n|switch|p2a: Leafeon|Leafeon, F|100\/100\n|turn|39\n|\n|t:|1701054892\n|move|p2a: Leafeon|Tickle|p1a: Buzzwole\n|-unboost|p1a: Buzzwole|atk|1\n|-unboost|p1a: Buzzwole|def|1\n|move|p1a: Buzzwole|Drain Punch|p2a: Leafeon\n|-damage|p2a: Leafeon|66\/100\n|-heal|p1a: Buzzwole|64\/100 tox|[from] drain|[of] p2a: Leafeon\n|\n|-damage|p1a: Buzzwole|46\/100 tox|[from] psn\n|upkeep\n|turn|40\n|\n|t:|1701054906\n|move|p2a: Leafeon|Tickle|p1a: Buzzwole\n|-unboost|p1a: Buzzwole|atk|1\n|-unboost|p1a: Buzzwole|def|1\n|move|p1a: Buzzwole|Roost|p1a: Buzzwole\n|-heal|p1a: Buzzwole|96\/100 tox\n|-singleturn|p1a: Buzzwole|move: Roost\n|\n|-damage|p1a: Buzzwole|71\/100 tox|[from] psn\n|upkeep\n|turn|41\n|\n|t:|1701054914\n|move|p2a: Leafeon|Tickle|p1a: Buzzwole\n|-unboost|p1a: Buzzwole|atk|1\n|-unboost|p1a: Buzzwole|def|1\n|move|p1a: Buzzwole|Bulk Up|p1a: Buzzwole\n|-boost|p1a: Buzzwole|atk|1\n|-boost|p1a: Buzzwole|def|1\n|\n|-damage|p1a: Buzzwole|40\/100 tox|[from] psn\n|upkeep\n|turn|42\n|\n|t:|1701054922\n|move|p2a: Leafeon|Tickle|p1a: Buzzwole\n|-unboost|p1a: Buzzwole|atk|1\n|-unboost|p1a: Buzzwole|def|1\n|move|p1a: Buzzwole|Drain Punch|p2a: Leafeon\n|-damage|p2a: Leafeon|49\/100\n|-heal|p1a: Buzzwole|45\/100 tox|[from] drain|[of] p2a: Leafeon\n|\n|-damage|p1a: Buzzwole|8\/100 tox|[from] psn\n|upkeep\n|turn|43\n|\n|t:|1701054931\n|move|p2a: Leafeon|Tickle|p1a: Buzzwole\n|-unboost|p1a: Buzzwole|atk|1\n|-unboost|p1a: Buzzwole|def|1\n|move|p1a: Buzzwole|Drain Punch|p2a: Leafeon\n|-damage|p2a: Leafeon|35\/100\n|-heal|p1a: Buzzwole|13\/100 tox|[from] drain|[of] p2a: Leafeon\n|\n|-damage|p1a: Buzzwole|0 fnt|[from] psn\n|faint|p1a: Buzzwole\n|\n|win|rigtig\n|upkeep\n|l|\u2606AlakaXand\n","uploadtime":1701056002,"views":32,"p1id":"alakaxand","p2id":"rigtig","formatid":"gen9nationaldex","rating":0,"private":0,"password":""}