{"id":"gen9nationaldex-1995281264","p1":"pokiboi987","p2":"Hyeenaa","format":"[Gen 9] National Dex","log":"|html|<div class=\"broadcast-blue\"><strong>[Gen 9] National Dex is currently suspecting Sneasler! For information on how to participate check out the <a href=\"https:\/\/www.smogon.com\/forums\/threads\/sv-national-dex-suspect-8-just-dance.3731534\/\">suspect thread<\/a>.<\/strong><\/div>\n|j|\u2606pokiboi987\n|j|\u2606Hyeenaa\n|t:|1700546176\n|gametype|singles\n|player|p1|pokiboi987|102|1137\n|player|p2|Hyeenaa|pokekid|1058\n|teamsize|p1|6\n|teamsize|p2|6\n|gen|9\n|tier|[Gen 9] National Dex\n|rated|\n|rule|HP Percentage Mod: HP is shown in percentages\n|rule|Endless Battle Clause: Forcing endless battles is banned\n|rule|OHKO Clause: OHKO moves are banned\n|rule|Evasion Clause: Evasion abilities, items, and moves are banned\n|rule|Evasion Abilities Clause: Evasion abilities are banned\n|rule|Evasion Items Clause: Evasion items are banned\n|rule|Evasion Moves Clause: Evasion moves are banned\n|rule|Species Clause: Limit one of each Pok\u00e9mon\n|rule|Sleep Clause Mod: Limit one foe put to sleep\n|clearpoke\n|poke|p1|Greninja-*, M|\n|poke|p1|Ceruledge, M|\n|poke|p1|Lucario, M|\n|poke|p1|Haxorus, F|\n|poke|p1|Sceptile, F|\n|poke|p1|Nidoking, M|\n|poke|p2|Necrozma|\n|poke|p2|Espeon, M|\n|poke|p2|Araquanid, M|\n|poke|p2|Vikavolt, F|\n|poke|p2|Golisopod, F|\n|poke|p2|Magmortar, M|\n|teampreview\n|\n|t:|1700546183\n|start\n|switch|p1a: Ceruledge|Ceruledge, M|100\/100\n|switch|p2a: Araquanid|Araquanid, M|100\/100\n|turn|1\n|\n|t:|1700546192\n|move|p1a: Ceruledge|Swords Dance|p1a: Ceruledge\n|-boost|p1a: Ceruledge|atk|2\n|move|p2a: Araquanid|Rain Dance|p2a: Araquanid\n|-weather|RainDance\n|\n|-weather|RainDance|[upkeep]\n|upkeep\n|turn|2\n|\n|t:|1700546199\n|move|p1a: Ceruledge|Shadow Sneak|p2a: Araquanid\n|-damage|p2a: Araquanid|59\/100\n|move|p2a: Araquanid|Liquidation|p1a: Ceruledge\n|-supereffective|p1a: Ceruledge\n|-damage|p1a: Ceruledge|12\/100\n|-ability|p1a: Ceruledge|Weak Armor|boost\n|-unboost|p1a: Ceruledge|def|1\n|-boost|p1a: Ceruledge|spe|2\n|\n|-weather|RainDance|[upkeep]\n|upkeep\n|turn|3\n|\n|t:|1700546211\n|move|p1a: Ceruledge|Bitter Blade|p2a: Araquanid\n|-damage|p2a: Araquanid|11\/100\n|-heal|p1a: Ceruledge|40\/100|[from] drain|[of] p2a: Araquanid\n|move|p2a: Araquanid|Hydro Pump|p1a: Ceruledge\n|-supereffective|p1a: Ceruledge\n|-damage|p1a: Ceruledge|0 fnt\n|faint|p1a: Ceruledge\n|\n|-weather|RainDance|[upkeep]\n|upkeep\n|\n|t:|1700546221\n|switch|p1a: Greninja|Greninja, M|100\/100\n|turn|4\n|\n|t:|1700546225\n|move|p1a: Greninja|Dark Pulse|p2a: Araquanid\n|-damage|p2a: Araquanid|0 fnt\n|faint|p2a: Araquanid\n|-ability|p1a: Greninja|Battle Bond|boost\n|-boost|p1a: Greninja|atk|1\n|-boost|p1a: Greninja|spa|1\n|-boost|p1a: Greninja|spe|1\n|-activate|p1a: Greninja|ability: Battle Bond\n|-damage|p1a: Greninja|91\/100|[from] item: Life Orb\n|\n|-weather|RainDance|[upkeep]\n|upkeep\n|\n|t:|1700546228\n|switch|p2a: Golisopod|Golisopod, F, shiny|100\/100\n|turn|5\n|\n|t:|1700546238\n|move|p2a: Golisopod|First Impression|p1a: Greninja\n|-supereffective|p1a: Greninja\n|-crit|p1a: Greninja\n|-damage|p1a: Greninja|0 fnt\n|faint|p1a: Greninja\n|\n|-weather|none\n|upkeep\n|\n|t:|1700546261\n|switch|p1a: Lucario|Lucario, M|100\/100\n|turn|6\n|\n|t:|1700546264\n|move|p1a: Lucario|Swords Dance|p1a: Lucario\n|-boost|p1a: Lucario|atk|2\n|move|p2a: Golisopod|Liquidation|p1a: Lucario\n|-damage|p1a: Lucario|25\/100\n|-unboost|p1a: Lucario|def|1\n|\n|upkeep\n|turn|7\n|\n|t:|1700546272\n|move|p1a: Lucario|Extreme Speed|p2a: Golisopod\n|-damage|p2a: Golisopod|51\/100\n|-damage|p1a: Lucario|15\/100|[from] item: Life Orb\n|move|p2a: Golisopod|Close Combat|p1a: Lucario\n|-supereffective|p1a: Lucario\n|-damage|p1a: Lucario|0 fnt\n|-unboost|p2a: Golisopod|def|1\n|-unboost|p2a: Golisopod|spd|1\n|faint|p1a: Lucario\n|\n|upkeep\n|\n|t:|1700546291\n|switch|p1a: Haxorus|Haxorus, F, shiny|100\/100\n|-ability|p1a: Haxorus|Mold Breaker\n|turn|8\n|\n|t:|1700546298\n|move|p1a: Haxorus|Iron Head|p2a: Golisopod\n|-resisted|p2a: Golisopod\n|-damage|p2a: Golisopod|36\/100\n|-activate|p2a: Golisopod|ability: Emergency Exit\n|\n|t:|1700546301\n|switch|p2a: Espeon|Espeon, M|100\/100\n|\n|upkeep\n|turn|9\n|\n|t:|1700546309\n|-terastallize|p1a: Haxorus|Steel\n|move|p2a: Espeon|Dazzling Gleam|p1a: Haxorus\n|-resisted|p1a: Haxorus\n|-crit|p1a: Haxorus\n|-damage|p1a: Haxorus|56\/100\n|-damage|p2a: Espeon|91\/100|[from] item: Life Orb\n|move|p1a: Haxorus|Iron Head|p2a: Espeon\n|-damage|p2a: Espeon|0 fnt\n|faint|p2a: Espeon\n|\n|upkeep\n|\n|t:|1700546316\n|switch|p2a: Vikavolt|Vikavolt, F|100\/100\n|turn|10\n|\n|t:|1700546326\n|move|p1a: Haxorus|Iron Head|p2a: Vikavolt\n|-resisted|p2a: Vikavolt\n|-damage|p2a: Vikavolt|77\/100\n|move|p2a: Vikavolt|Volt Switch|p1a: Haxorus\n|-damage|p1a: Haxorus|0 fnt\n|faint|p1a: Haxorus\n|\n|t:|1700546331\n|switch|p2a: Magmortar|Magmortar, M|100\/100|[from] Volt Switch\n|\n|upkeep\n|\n|t:|1700546336\n|switch|p1a: Nidoking|Nidoking, M|100\/100\n|turn|11\n|\n|t:|1700546340\n|move|p1a: Nidoking|Earth Power|p2a: Magmortar\n|-supereffective|p2a: Magmortar\n|-damage|p2a: Magmortar|0 fnt\n|faint|p2a: Magmortar\n|\n|upkeep\n|\n|t:|1700546344\n|switch|p2a: Vikavolt|Vikavolt, F|77\/100\n|turn|12\n|\n|t:|1700546350\n|move|p1a: Nidoking|Substitute|p1a: Nidoking\n|-start|p1a: Nidoking|Substitute\n|-damage|p1a: Nidoking|76\/100\n|move|p2a: Vikavolt|Bug Buzz|p1a: Nidoking\n|-resisted|p1a: Nidoking\n|-damage|p1a: Nidoking|34\/100\n|\n|upkeep\n|turn|13\n|\n|t:|1700546357\n|move|p1a: Nidoking|Sludge Wave|p2a: Vikavolt\n|-damage|p2a: Vikavolt|3\/100\n|move|p2a: Vikavolt|Crunch|p1a: Nidoking\n|-activate|p1a: Nidoking|move: Substitute|[damage]\n|\n|upkeep\n|turn|14\n|\n|t:|1700546363\n|move|p1a: Nidoking|Sludge Wave|p2a: Vikavolt\n|-damage|p2a: Vikavolt|0 fnt\n|faint|p2a: Vikavolt\n|\n|upkeep\n|\n|t:|1700546365\n|switch|p2a: Necrozma|Necrozma|100\/100\n|turn|15\n|\n|t:|1700546374\n|move|p1a: Nidoking|Earth Power|p2a: Necrozma\n|-damage|p2a: Necrozma|48\/100\n|move|p2a: Necrozma|Dragon Pulse|p1a: Nidoking\n|-end|p1a: Nidoking|Substitute\n|\n|-heal|p2a: Necrozma|54\/100|[from] item: Leftovers\n|upkeep\n|turn|16\n|\n|t:|1700546381\n|move|p1a: Nidoking|Earth Power|p2a: Necrozma\n|-damage|p2a: Necrozma|0 fnt\n|faint|p2a: Necrozma\n|\n|upkeep\n|\n|t:|1700546383\n|switch|p2a: Golisopod|Golisopod, F, shiny|36\/100\n|turn|17\n|\n|t:|1700546391\n|move|p2a: Golisopod|First Impression|p1a: Nidoking\n|-resisted|p1a: Nidoking\n|-damage|p1a: Nidoking|1\/100\n|move|p1a: Nidoking|Earth Power|p2a: Golisopod\n|-resisted|p2a: Golisopod\n|-damage|p2a: Golisopod|6\/100\n|\n|upkeep\n|turn|18\n|\n|t:|1700546399\n|move|p1a: Nidoking|Sludge Wave|p2a: Golisopod\n|-damage|p2a: Golisopod|0 fnt\n|faint|p2a: Golisopod\n|\n|win|pokiboi987\n|raw|pokiboi987's rating: 1137 &rarr; <strong>1156<\/strong><br \/>(+19 for winning)\n|raw|Hyeenaa's rating: 1058 &rarr; <strong>1043<\/strong><br \/>(-15 for losing)\n|c|\u2606pokiboi987|gg\n","uploadtime":1700546409,"views":4,"p1id":"pokiboi987","p2id":"hyeenaa","formatid":"gen9nationaldex","rating":1043,"private":0,"password":""}