{"id":"gen9nationaldex-1987354343","p1":"Ekkogandr","p2":"akyraaiko","format":"[Gen 9] National Dex","log":"|j|\u2606Ekkogandr\n|j|\u2606akyraaiko\n|t:|1699580993\n|gametype|singles\n|player|p1|Ekkogandr|turo-ai|\n|player|p2|akyraaiko|beauty-gen4dp|\n|teamsize|p1|6\n|teamsize|p2|6\n|gen|9\n|tier|[Gen 9] National Dex\n|rule|HP Percentage Mod: HP is shown in percentages\n|rule|Endless Battle Clause: Forcing endless battles is banned\n|rule|OHKO Clause: OHKO moves are banned\n|rule|Evasion Clause: Evasion abilities, items, and moves are banned\n|rule|Evasion Abilities Clause: Evasion abilities are banned\n|rule|Evasion Items Clause: Evasion items are banned\n|rule|Evasion Moves Clause: Evasion moves are banned\n|rule|Species Clause: Limit one of each Pok\u00e9mon\n|rule|Sleep Clause Mod: Limit one foe put to sleep\n|clearpoke\n|poke|p1|Zamazenta-*|\n|poke|p1|Scizor, M|\n|poke|p1|Volcarona, M|\n|poke|p1|Heatran, F|\n|poke|p1|Ting-Lu|\n|poke|p1|Landorus-Therian, M|\n|poke|p2|Cloyster, F|\n|poke|p2|Kartana|\n|poke|p2|Lycanroc-Dusk, M|\n|poke|p2|Ceruledge, M|\n|poke|p2|Gardevoir, F|\n|poke|p2|Ting-Lu|\n|teampreview\n|\n|t:|1699581002\n|start\n|switch|p1a: Alces|Ting-Lu|100\/100\n|switch|p2a: Xereca|Cloyster, F, shiny|100\/100\n|-ability|p1a: Alces|Vessel of Ruin\n|turn|1\n|\n|t:|1699581011\n|move|p2a: Xereca|Icicle Spear|p1a: Alces\n|-supereffective|p1a: Alces\n|-damage|p1a: Alces|87\/100\n|-supereffective|p1a: Alces\n|-damage|p1a: Alces|74\/100\n|-supereffective|p1a: Alces\n|-damage|p1a: Alces|60\/100\n|-supereffective|p1a: Alces\n|-damage|p1a: Alces|46\/100\n|-supereffective|p1a: Alces\n|-damage|p1a: Alces|33\/100\n|-hitcount|p1a: Alces|5\n|move|p1a: Alces|Stealth Rock|p2a: Xereca\n|-sidestart|p2: akyraaiko|move: Stealth Rock\n|\n|-heal|p1a: Alces|39\/100|[from] item: Leftovers\n|upkeep\n|turn|2\n|\n|t:|1699581023\n|switch|p1a: Molaris Ira|Heatran, F|100\/100\n|move|p2a: Xereca|Poison Jab|p1a: Molaris Ira\n|-immune|p1a: Molaris Ira\n|\n|upkeep\n|turn|3\n|c|\u2606akyraaiko|NEM FUDENDO\n|c|\u2606akyraaiko|O PIOR ATAQUE\n|\n|t:|1699581034\n|move|p1a: Molaris Ira|Magma Storm|p2a: Xereca\n|-damage|p2a: Xereca|0 fnt\n|faint|p2a: Xereca\n|\n|upkeep\n|\n|t:|1699581040\n|switch|p2a: Teu pai chifrudo|Ting-Lu|100\/100\n|-damage|p2a: Teu pai chifrudo|94\/100|[from] Stealth Rock\n|-ability|p2a: Teu pai chifrudo|Vessel of Ruin\n|turn|4\n|c|\u2606Ekkogandr|caralho o maluco me copiou\n|\n|t:|1699581053\n|switch|p1a: Terra Tigris|Landorus-Therian, M|100\/100\n|-ability|p1a: Terra Tigris|Intimidate|boost\n|-unboost|p2a: Teu pai chifrudo|atk|1\n|move|p2a: Teu pai chifrudo|Body Press|p1a: Terra Tigris\n|-resisted|p1a: Terra Tigris\n|-damage|p1a: Terra Tigris|93\/100\n|-damage|p2a: Teu pai chifrudo|78\/100|[from] item: Rocky Helmet|[of] p1a: Terra Tigris\n|\n|-heal|p2a: Teu pai chifrudo|84\/100|[from] item: Leftovers\n|upkeep\n|turn|5\n|c|\u2606akyraaiko|pior q n\n|c|\u2606akyraaiko|esse \u00e9 oto time msm\n|c|\u2606akyraaiko|KKKKKKKKKK\n|c|\u2606Ekkogandr|copiou nada o cara mete um body press\n|c|\u2606akyraaiko|tem o cerulia\n|\n|t:|1699581080\n|move|p1a: Terra Tigris|Toxic|p2a: Teu pai chifrudo\n|-status|p2a: Teu pai chifrudo|tox\n|move|p2a: Teu pai chifrudo|Stealth Rock|p1a: Terra Tigris\n|-sidestart|p1: Ekkogandr|move: Stealth Rock\n|\n|-heal|p2a: Teu pai chifrudo|90\/100 tox|[from] item: Leftovers\n|-damage|p2a: Teu pai chifrudo|84\/100 tox|[from] psn\n|upkeep\n|turn|6\n|\n|t:|1699581094\n|move|p1a: Terra Tigris|U-turn|p2a: Teu pai chifrudo\n|-supereffective|p2a: Teu pai chifrudo\n|-damage|p2a: Teu pai chifrudo|60\/100 tox\n|\n|t:|1699581098\n|switch|p1a: Ignis Coronam|Zamazenta|100\/100|[from] U-turn\n|-damage|p1a: Ignis Coronam|94\/100|[from] Stealth Rock\n|-ability|p1a: Ignis Coronam|Dauntless Shield|boost\n|-boost|p1a: Ignis Coronam|def|1\n|move|p2a: Teu pai chifrudo|Whirlwind|p1a: Ignis Coronam\n|drag|p1a: Alces|Ting-Lu|39\/100\n|-damage|p1a: Alces|33\/100|[from] Stealth Rock\n|-ability|p1a: Alces|Vessel of Ruin\n|\n|-heal|p2a: Teu pai chifrudo|66\/100 tox|[from] item: Leftovers\n|-heal|p1a: Alces|39\/100|[from] item: Leftovers\n|-damage|p2a: Teu pai chifrudo|54\/100 tox|[from] psn\n|upkeep\n|turn|7\n|c|\u2606akyraaiko|vaza\n|c|\u2606akyraaiko|KKKKKKKKKKK\n|c|\u2606Ekkogandr|va se fuder\n|\n|t:|1699581116\n|move|p2a: Teu pai chifrudo|Body Press|p1a: Alces\n|-supereffective|p1a: Alces\n|-damage|p1a: Alces|15\/100\n|move|p1a: Alces|Whirlwind|p2a: Teu pai chifrudo\n|drag|p2a: Katana|Kartana, shiny|100\/100\n|-damage|p2a: Katana|94\/100|[from] Stealth Rock\n|\n|-heal|p1a: Alces|21\/100|[from] item: Leftovers\n|upkeep\n|turn|8\n|\n|t:|1699581127\n|switch|p1a: Terra Tigris|Landorus-Therian, M|93\/100\n|-damage|p1a: Terra Tigris|81\/100|[from] Stealth Rock\n|-ability|p1a: Terra Tigris|Intimidate|boost\n|-unboost|p2a: Katana|atk|1\n|move|p2a: Katana|Knock Off|p1a: Terra Tigris\n|-damage|p1a: Terra Tigris|60\/100\n|-damage|p2a: Katana|78\/100|[from] item: Rocky Helmet|[of] p1a: Terra Tigris\n|-enditem|p1a: Terra Tigris|Rocky Helmet|[from] move: Knock Off|[of] p2a: Katana\n|\n|upkeep\n|turn|9\n|\n|t:|1699581141\n|move|p2a: Katana|Leaf Blade|p1a: Terra Tigris\n|-damage|p1a: Terra Tigris|35\/100\n|move|p1a: Terra Tigris|Defog|p2a: Katana\n|-unboost|p2a: Katana|evasion|1\n|-sideend|p2: akyraaiko|Stealth Rock|[from] move: Defog|[of] p1a: Terra Tigris\n|-sideend|p1: Ekkogandr|Stealth Rock|[from] move: Defog|[of] p1a: Terra Tigris\n|\n|upkeep\n|turn|10\n|c|\u2606Ekkogandr|to sem moltres ne\n|c|\u2606Ekkogandr|I forgor\n|c|\u2606akyraaiko|nao me manipule\n|\n|t:|1699581165\n|move|p2a: Katana|Leaf Blade|p1a: Terra Tigris\n|-damage|p1a: Terra Tigris|7\/100\n|move|p1a: Terra Tigris|Earthquake|p2a: Katana\n|-damage|p2a: Katana|28\/100\n|\n|upkeep\n|turn|11\n|\n|t:|1699581174\n|switch|p1a: Forfex|Scizor, M|100\/100\n|move|p2a: Katana|Leaf Blade|p1a: Forfex\n|-resisted|p1a: Forfex\n|-damage|p1a: Forfex|93\/100\n|\n|upkeep\n|turn|12\n|\n|t:|1699581181\n|detailschange|p1a: Forfex|Scizor-Mega, M\n|-mega|p1a: Forfex|Scizor|Scizorite\n|move|p2a: Katana|Sacred Sword|p1a: Forfex\n|-damage|p1a: Forfex|77\/100\n|move|p1a: Forfex|Swords Dance|p1a: Forfex\n|-boost|p1a: Forfex|atk|2\n|\n|upkeep\n|turn|13\n|\n|t:|1699581187\n|move|p2a: Katana|Knock Off|p1a: Forfex\n|-damage|p1a: Forfex|65\/100\n|move|p1a: Forfex|U-turn|p2a: Katana\n|-damage|p2a: Katana|0 fnt\n|-damage|p1a: Forfex|48\/100|[from] item: Rocky Helmet|[of] p2a: Katana\n|faint|p2a: Katana\n|c|\u2606akyraaiko|mamei\n|\n|t:|1699581191\n|switch|p1a: Ignis Coronam|Zamazenta|94\/100|[from] U-turn\n|\n|upkeep\n|\n|t:|1699581194\n|switch|p2a: Gwen|Gardevoir, F, shiny|100\/100\n|turn|14\n|c|\u2606Ekkogandr|meu cu que nenhum ataque mata\n|c|\u2606akyraaiko|nao me manipule\n|\n|t:|1699581217\n|switch|p1a: Alces|Ting-Lu|21\/100\n|-ability|p1a: Alces|Vessel of Ruin\n|detailschange|p2a: Gwen|Gardevoir-Mega, F, shiny\n|-mega|p2a: Gwen|Gardevoir|Gardevoirite\n|move|p2a: Gwen|Dazzling Gleam|p1a: Alces\n|-supereffective|p1a: Alces\n|-damage|p1a: Alces|0 fnt\n|faint|p1a: Alces\n|\n|upkeep\n|\n|t:|1699581222\n|switch|p1a: Molaris Ira|Heatran, F|100\/100\n|turn|15\n|c|\u2606Ekkogandr|porra pq fui pro tingl u\n|c|\u2606Ekkogandr|heatran tava aqui do lado\n|\n|t:|1699581249\n|switch|p2a: Ceruledge|Ceruledge, M|100\/100\n|move|p1a: Molaris Ira|Magma Storm|p2a: Ceruledge\n|-start|p2a: Ceruledge|ability: Flash Fire\n|\n|upkeep\n|turn|16\n|\n|t:|1699581262\n|move|p1a: Molaris Ira|Earth Power|p2a: Ceruledge\n|-supereffective|p2a: Ceruledge\n|-damage|p2a: Ceruledge|31\/100\n|move|p2a: Ceruledge|Brick Break|p1a: Molaris Ira\n|-supereffective|p1a: Molaris Ira\n|-damage|p1a: Molaris Ira|47\/100\n|\n|-heal|p1a: Molaris Ira|53\/100|[from] item: Leftovers\n|upkeep\n|turn|17\n|\n|t:|1699581269\n|move|p1a: Molaris Ira|Earth Power|p2a: Ceruledge\n|-supereffective|p2a: Ceruledge\n|-damage|p2a: Ceruledge|0 fnt\n|faint|p2a: Ceruledge\n|\n|-heal|p1a: Molaris Ira|60\/100|[from] item: Leftovers\n|upkeep\n|\n|t:|1699581273\n|switch|p2a: Teu pai chifrudo|Ting-Lu|54\/100 tox\n|-ability|p2a: Teu pai chifrudo|Vessel of Ruin\n|turn|18\n|\n|t:|1699581287\n|switch|p1a: Terra Tigris|Landorus-Therian, M|7\/100\n|-ability|p1a: Terra Tigris|Intimidate|boost\n|-unboost|p2a: Teu pai chifrudo|atk|1\n|move|p2a: Teu pai chifrudo|Earthquake|p1a: Terra Tigris\n|-immune|p1a: Terra Tigris\n|\n|-heal|p2a: Teu pai chifrudo|60\/100 tox|[from] item: Leftovers\n|-damage|p2a: Teu pai chifrudo|54\/100 tox|[from] psn\n|upkeep\n|turn|19\n|\n|t:|1699581291\n|move|p1a: Terra Tigris|U-turn|p2a: Teu pai chifrudo\n|-supereffective|p2a: Teu pai chifrudo\n|-damage|p2a: Teu pai chifrudo|27\/100 tox\n|\n|t:|1699581295\n|switch|p1a: Forfex|Scizor-Mega, M|48\/100|[from] U-turn\n|move|p2a: Teu pai chifrudo|Body Press|p1a: Forfex\n|-damage|p1a: Forfex|35\/100\n|\n|-heal|p2a: Teu pai chifrudo|33\/100 tox|[from] item: Leftovers\n|-damage|p2a: Teu pai chifrudo|21\/100 tox|[from] psn\n|upkeep\n|turn|20\n|\n|t:|1699581298\n|move|p1a: Forfex|Swords Dance|p1a: Forfex\n|-boost|p1a: Forfex|atk|2\n|move|p2a: Teu pai chifrudo|Stealth Rock|p1a: Forfex\n|-sidestart|p1: Ekkogandr|move: Stealth Rock\n|\n|-heal|p2a: Teu pai chifrudo|27\/100 tox|[from] item: Leftovers\n|-damage|p2a: Teu pai chifrudo|8\/100 tox|[from] psn\n|upkeep\n|turn|21\n|\n|t:|1699581304\n|move|p1a: Forfex|Roost|p1a: Forfex\n|-heal|p1a: Forfex|85\/100\n|-singleturn|p1a: Forfex|move: Roost\n|move|p2a: Teu pai chifrudo|Whirlwind|p1a: Forfex\n|drag|p1a: Molaris Ira|Heatran, F|60\/100\n|-damage|p1a: Molaris Ira|47\/100|[from] Stealth Rock\n|\n|-heal|p1a: Molaris Ira|53\/100|[from] item: Leftovers\n|-heal|p2a: Teu pai chifrudo|15\/100 tox|[from] item: Leftovers\n|-damage|p2a: Teu pai chifrudo|0 fnt|[from] psn\n|faint|p2a: Teu pai chifrudo\n|upkeep\n|\n|t:|1699581307\n|switch|p2a: El lobo|Lycanroc-Dusk, M, shiny|100\/100\n|turn|22\n|\n|t:|1699581324\n|move|p2a: El lobo|Drill Run|p1a: Molaris Ira\n|-supereffective|p1a: Molaris Ira\n|-damage|p1a: Molaris Ira|0 fnt\n|faint|p1a: Molaris Ira\n|-damage|p2a: El lobo|91\/100|[from] item: Life Orb\n|\n|upkeep\n|\n|t:|1699581329\n|switch|p1a: Sol Tinea|Volcarona, M, shiny|100\/100\n|turn|23\n|\n|t:|1699581340\n|switch|p1a: Terra Tigris|Landorus-Therian, M|7\/100\n|-damage|p1a: Terra Tigris|0 fnt|[from] Stealth Rock\n|faint|p1a: Terra Tigris\n|move|p2a: El lobo|Accelerock|p1: Terra Tigris|[notarget]\n|-fail|p2a: El lobo\n|\n|upkeep\n|\n|t:|1699581343\n|switch|p1a: Forfex|Scizor-Mega, M|85\/100\n|-damage|p1a: Forfex|73\/100|[from] Stealth Rock\n|turn|24\n|\n|t:|1699581351\n|move|p2a: El lobo|Fire Fang|p1a: Forfex\n|-supereffective|p1a: Forfex\n|-damage|p1a: Forfex|0 fnt\n|faint|p1a: Forfex\n|-damage|p2a: El lobo|81\/100|[from] item: Life Orb\n|\n|upkeep\n|c|\u2606akyraaiko|etia\n|c|\u2606akyraaiko|eita\n|c|\u2606Ekkogandr|blz mas que porra foi essa\n|c|\u2606akyraaiko|risos\n|\n|t:|1699581362\n|switch|p1a: Ignis Coronam|Zamazenta|94\/100\n|-damage|p1a: Ignis Coronam|88\/100|[from] Stealth Rock\n|turn|25\n|\n|t:|1699581374\n|-terastallize|p2a: El lobo|Water\n|move|p1a: Ignis Coronam|Close Combat|p2a: El lobo\n|-damage|p2a: El lobo|0 fnt\n|-unboost|p1a: Ignis Coronam|def|1\n|-unboost|p1a: Ignis Coronam|spd|1\n|faint|p2a: El lobo\n|\n|upkeep\n|\n|t:|1699581379\n|switch|p2a: Gwen|Gardevoir-Mega, F, shiny|100\/100\n|turn|26\n|\n|t:|1699581385\n|switch|p1a: Sol Tinea|Volcarona, M, shiny|100\/100\n|move|p2a: Gwen|Dazzling Gleam|p1a: Sol Tinea\n|-resisted|p1a: Sol Tinea\n|-damage|p1a: Sol Tinea|76\/100\n|\n|upkeep\n|turn|27\n|c|\u2606akyraaiko|nossa perdi nisso\n|c|\u2606akyraaiko|devia ter garantido\n|\n|t:|1699581401\n|move|p1a: Sol Tinea|Quiver Dance|p1a: Sol Tinea\n|-boost|p1a: Sol Tinea|spa|1\n|-boost|p1a: Sol Tinea|spd|1\n|-boost|p1a: Sol Tinea|spe|1\n|move|p2a: Gwen|Disable|p1a: Sol Tinea\n|-start|p1a: Sol Tinea|Disable|Quiver Dance\n|\n|upkeep\n|turn|28\n|c|\u2606Ekkogandr|boa\n|\n|t:|1699581412\n|move|p1a: Sol Tinea|Flamethrower|p2a: Gwen\n|-damage|p2a: Gwen|56\/100\n|-status|p2a: Gwen|brn\n|move|p2a: Gwen|Aura Sphere|p1a: Sol Tinea\n|-resisted|p1a: Sol Tinea\n|-damage|p1a: Sol Tinea|65\/100\n|\n|-damage|p2a: Gwen|50\/100 brn|[from] brn\n|upkeep\n|turn|29\n|c|\u2606akyraaiko|gg po\n|\n|t:|1699581418\n|move|p1a: Sol Tinea|Flamethrower|p2a: Gwen\n|-damage|p2a: Gwen|3\/100 brn\n|move|p2a: Gwen|Disable||[still]\n|-fail|p2a: Gwen\n|\n|-damage|p2a: Gwen|0 fnt|[from] brn\n|faint|p2a: Gwen\n|\n|win|Ekkogandr\n|upkeep\n|c|\u2606Ekkogandr|gg\n","uploadtime":1699581426,"views":8,"p1id":"ekkogandr","p2id":"akyraaiko","formatid":"gen9nationaldex","rating":0,"private":0,"password":""}