{"id":"gen9nationaldex-1990132604","p1":"mumphler dink","p2":"Maxer59","format":"[Gen 9] National Dex","log":"|j|\u2606mumphler dink\n|j|\u2606Maxer59\n|t:|1699928067\n|gametype|singles\n|player|p1|mumphler dink|hilbert|1039\n|player|p2|Maxer59|lucas|1136\n|teamsize|p1|6\n|teamsize|p2|6\n|gen|9\n|tier|[Gen 9] National Dex\n|rated|\n|rule|HP Percentage Mod: HP is shown in percentages\n|rule|Endless Battle Clause: Forcing endless battles is banned\n|rule|OHKO Clause: OHKO moves are banned\n|rule|Evasion Clause: Evasion abilities, items, and moves are banned\n|rule|Evasion Abilities Clause: Evasion abilities are banned\n|rule|Evasion Items Clause: Evasion items are banned\n|rule|Evasion Moves Clause: Evasion moves are banned\n|rule|Species Clause: Limit one of each Pok\u00e9mon\n|rule|Sleep Clause Mod: Limit one foe put to sleep\n|clearpoke\n|poke|p1|Lucario, M|\n|poke|p1|Chandelure, F|\n|poke|p1|Cloyster, F|\n|poke|p1|Tyrantrum, M|\n|poke|p1|Sceptile, M|\n|poke|p1|Crobat, F|\n|poke|p2|Glimmora, F|\n|poke|p2|Sneasler, M|\n|poke|p2|Beedrill, F|\n|poke|p2|Dragalge, F|\n|poke|p2|Crobat, M|\n|poke|p2|Iron Moth|\n|teampreview\n|inactive|Battle timer is ON: inactive players will automatically lose when time's up. (requested by Maxer59)\n|\n|t:|1699928087\n|start\n|switch|p1a: Sceptile|Sceptile, M|100\/100\n|switch|p2a: Dragalge|Dragalge, F|100\/100\n|turn|1\n|\n|t:|1699928093\n|move|p1a: Sceptile|Earthquake|p2a: Dragalge\n|-supereffective|p2a: Dragalge\n|-damage|p2a: Dragalge|57\/100\n|move|p2a: Dragalge|Sludge Bomb|p1a: Sceptile\n|-supereffective|p1a: Sceptile\n|-damage|p1a: Sceptile|0 fnt\n|faint|p1a: Sceptile\n|-damage|p2a: Dragalge|47\/100|[from] item: Life Orb\n|\n|upkeep\n|\n|t:|1699928103\n|switch|p1a: Tyrantrum|Tyrantrum, M|100\/100\n|turn|2\n|\n|t:|1699928112\n|move|p1a: Tyrantrum|Dragon Claw|p2a: Dragalge\n|-supereffective|p2a: Dragalge\n|-crit|p2a: Dragalge\n|-damage|p2a: Dragalge|0 fnt\n|faint|p2a: Dragalge\n|\n|upkeep\n|\n|t:|1699928122\n|switch|p2a: Sneasler|Sneasler, M|100\/100\n|turn|3\n|\n|t:|1699928130\n|switch|p1a: Chandelure|Chandelure, F|100\/100\n|move|p2a: Sneasler|Fake Out|p1a: Chandelure\n|-immune|p1a: Chandelure\n|\n|upkeep\n|turn|4\n|\n|t:|1699928137\n|move|p2a: Sneasler|U-turn|p1a: Chandelure\n|-resisted|p1a: Chandelure\n|-damage|p1a: Chandelure|94\/100\n|-status|p1a: Chandelure|psn|[from] ability: Poison Touch|[of] p2a: Sneasler\n|\n|t:|1699928145\n|switch|p2a: Glimmora|Glimmora, F|100\/100|[from] U-turn\n|move|p1a: Chandelure|Shadow Ball|p2a: Glimmora\n|-damage|p2a: Glimmora|26\/100\n|\n|-damage|p1a: Chandelure|81\/100 psn|[from] psn\n|upkeep\n|turn|5\n|\n|t:|1699928154\n|move|p2a: Glimmora|Power Gem|p1a: Chandelure\n|-supereffective|p1a: Chandelure\n|-damage|p1a: Chandelure|0 fnt\n|faint|p1a: Chandelure\n|\n|upkeep\n|\n|t:|1699928167\n|switch|p1a: Lucario|Lucario, M|100\/100\n|turn|6\n|\n|t:|1699928173\n|move|p2a: Glimmora|Spiky Shield|p2a: Glimmora\n|-singleturn|p2a: Glimmora|move: Protect\n|move|p1a: Lucario|Extreme Speed|p2a: Glimmora\n|-activate|p2a: Glimmora|move: Protect\n|-damage|p1a: Lucario|88\/100|[from] Spiky Shield|[of] p2a: Glimmora\n|\n|upkeep\n|turn|7\n|\n|t:|1699928179\n|move|p1a: Lucario|Extreme Speed|p2a: Glimmora\n|-resisted|p2a: Glimmora\n|-damage|p2a: Glimmora|12\/100\n|move|p2a: Glimmora|Stealth Rock|p1a: Lucario\n|-sidestart|p1: mumphler dink|move: Stealth Rock\n|\n|upkeep\n|turn|8\n|\n|t:|1699928185\n|move|p2a: Glimmora|Spiky Shield|p2a: Glimmora\n|-singleturn|p2a: Glimmora|move: Protect\n|move|p1a: Lucario|Flash Cannon|p2a: Glimmora\n|-activate|p2a: Glimmora|move: Protect\n|\n|upkeep\n|turn|9\n|\n|t:|1699928191\n|move|p2a: Glimmora|Mortal Spin|p1a: Lucario\n|-immune|p1a: Lucario\n|move|p1a: Lucario|Flash Cannon|p2a: Glimmora\n|-supereffective|p2a: Glimmora\n|-damage|p2a: Glimmora|0 fnt\n|faint|p2a: Glimmora\n|\n|upkeep\n|\n|t:|1699928204\n|switch|p2a: Sneasler|Sneasler, M|100\/100\n|turn|10\n|\n|t:|1699928210\n|move|p2a: Sneasler|Fake Out|p1a: Lucario\n|-resisted|p1a: Lucario\n|-damage|p1a: Lucario|77\/100\n|move|p1a: Lucario|Shadow Ball|p2a: Sneasler\n|-damage|p2a: Sneasler|84\/100\n|\n|upkeep\n|turn|11\n|\n|t:|1699928223\n|switch|p1a: Crobat|Crobat, F|100\/100\n|-damage|p1a: Crobat|76\/100|[from] Stealth Rock\n|move|p2a: Sneasler|Brick Break|p1a: Crobat\n|-resisted|p1a: Crobat\n|-damage|p1a: Crobat|63\/100\n|\n|-heal|p1a: Crobat|69\/100|[from] item: Black Sludge\n|upkeep\n|turn|12\n|\n|t:|1699928232\n|move|p1a: Crobat|Brave Bird|p2a: Sneasler\n|-supereffective|p2a: Sneasler\n|-damage|p2a: Sneasler|0 fnt\n|faint|p2a: Sneasler\n|-damage|p1a: Crobat|43\/100|[from] Recoil\n|\n|-heal|p1a: Crobat|49\/100|[from] item: Black Sludge\n|upkeep\n|\n|t:|1699928247\n|switch|p2a: Crobat|Crobat, M|100\/100\n|turn|13\n|\n|t:|1699928255\n|switch|p1a: Tyrantrum|Tyrantrum, M|100\/100\n|-damage|p1a: Tyrantrum|88\/100|[from] Stealth Rock\n|move|p2a: Crobat|Brave Bird|p1a: Tyrantrum\n|-resisted|p1a: Tyrantrum\n|-damage|p1a: Tyrantrum|71\/100\n|-damage|p2a: Crobat|94\/100|[from] Recoil\n|\n|upkeep\n|turn|14\n|\n|t:|1699928264\n|move|p2a: Crobat|Poison Fang|p1a: Tyrantrum\n|-resisted|p1a: Tyrantrum\n|-damage|p1a: Tyrantrum|64\/100\n|-status|p1a: Tyrantrum|tox\n|move|p1a: Tyrantrum|Head Smash|p2a: Crobat\n|-supereffective|p2a: Crobat\n|-damage|p2a: Crobat|0 fnt\n|faint|p2a: Crobat\n|\n|-damage|p1a: Tyrantrum|57\/100 tox|[from] psn\n|upkeep\n|\n|t:|1699928269\n|switch|p2a: Iron Moth|Iron Moth|100\/100\n|turn|15\n|\n|t:|1699928279\n|move|p2a: Iron Moth|Energy Ball|p1a: Tyrantrum\n|-damage|p1a: Tyrantrum|0 fnt\n|faint|p1a: Tyrantrum\n|\n|upkeep\n|\n|t:|1699928290\n|switch|p1a: Cloyster|Cloyster, F|100\/100\n|-damage|p1a: Cloyster|76\/100|[from] Stealth Rock\n|turn|16\n|\n|t:|1699928296\n|move|p2a: Iron Moth|Energy Ball|p1a: Cloyster\n|-supereffective|p1a: Cloyster\n|-damage|p1a: Cloyster|0 fnt\n|faint|p1a: Cloyster\n|\n|upkeep\n|\n|t:|1699928302\n|switch|p1a: Lucario|Lucario, M|77\/100\n|-damage|p1a: Lucario|74\/100|[from] Stealth Rock\n|turn|17\n|\n|t:|1699928306\n|move|p2a: Iron Moth|Overheat|p1a: Lucario\n|-supereffective|p1a: Lucario\n|-damage|p1a: Lucario|0 fnt\n|-unboost|p2a: Iron Moth|spa|2\n|faint|p1a: Lucario\n|\n|upkeep\n|\n|t:|1699928312\n|switch|p1a: Crobat|Crobat, F|49\/100\n|-damage|p1a: Crobat|24\/100|[from] Stealth Rock\n|turn|18\n|\n|t:|1699928319\n|move|p1a: Crobat|Brave Bird|p2a: Iron Moth\n|-damage|p2a: Iron Moth|20\/100\n|-damage|p1a: Crobat|0 fnt|[from] Recoil\n|faint|p1a: Crobat\n|\n|win|Maxer59\n|raw|mumphler dink's rating: 1039 &rarr; <strong>1027<\/strong><br \/>(-12 for losing)\n|raw|Maxer59's rating: 1136 &rarr; <strong>1154<\/strong><br \/>(+18 for winning)\n|l|\u2606mumphler dink\n","uploadtime":1699928327,"views":7,"p1id":"mumphlerdink","p2id":"maxer59","formatid":"gen9nationaldex","rating":1027,"private":0,"password":""}