{"id":"gen9nationaldex-1999063411","p1":"HeirEhm","p2":"tbor2002","format":"[Gen 9] National Dex","log":"|html|<div class=\"broadcast-blue\"><strong>[Gen 9] National Dex is currently suspecting Sneasler! For information on how to participate check out the <a href=\"https:\/\/www.smogon.com\/forums\/threads\/sv-national-dex-suspect-8-just-dance.3731534\/\">suspect thread<\/a>.<\/strong><\/div>\n|j|\u2606HeirEhm\n|j|\u2606tbor2002\n|t:|1701029230\n|gametype|singles\n|player|p1|HeirEhm|cynthia-gen7|\n|player|p2|tbor2002|wattson|\n|teamsize|p1|6\n|teamsize|p2|6\n|gen|9\n|tier|[Gen 9] National Dex\n|rule|HP Percentage Mod: HP is shown in percentages\n|rule|Endless Battle Clause: Forcing endless battles is banned\n|rule|OHKO Clause: OHKO moves are banned\n|rule|Evasion Clause: Evasion abilities, items, and moves are banned\n|rule|Evasion Abilities Clause: Evasion abilities are banned\n|rule|Evasion Items Clause: Evasion items are banned\n|rule|Evasion Moves Clause: Evasion moves are banned\n|rule|Species Clause: Limit one of each Pok\u00e9mon\n|rule|Sleep Clause Mod: Limit one foe put to sleep\n|clearpoke\n|poke|p1|Clodsire, F|\n|poke|p1|Ceruledge, F|\n|poke|p1|Klefki, M|\n|poke|p1|Orthworm, F|\n|poke|p1|Chansey, F|\n|poke|p1|Murkrow, M|\n|poke|p2|Zamazenta-*|\n|poke|p2|Muk-Alola, M|\n|poke|p2|Jolteon, F|\n|poke|p2|Eelektross, M|\n|poke|p2|Crabominable, F|\n|poke|p2|Glimmet, M|\n|teampreview\n|\n|t:|1701029395\n|start\n|switch|p1a: Murkrow|Murkrow, M|100\/100\n|switch|p2a: Crabominable|Crabominable, F|100\/100\n|turn|1\n|\n|t:|1701029422\n|move|p1a: Murkrow|Brave Bird|p2a: Crabominable\n|-supereffective|p2a: Crabominable\n|-damage|p2a: Crabominable|0 fnt\n|faint|p2a: Crabominable\n|-damage|p1a: Murkrow|50\/100|[from] Recoil\n|\n|upkeep\n|\n|t:|1701029435\n|switch|p2a: Jolteon|Jolteon, F|100\/100\n|turn|2\n|\n|t:|1701029447\n|switch|p1a: Angy Boi|Clodsire, F|100\/100\n|move|p2a: Jolteon|Thunderbolt|p1a: Angy Boi\n|-immune|p1a: Angy Boi\n|\n|upkeep\n|turn|3\n|\n|t:|1701029461\n|switch|p2a: Eelektross|Eelektross, M|100\/100\n|move|p1a: Angy Boi|Gunk Shot|p2a: Eelektross\n|-damage|p2a: Eelektross|48\/100\n|\n|upkeep\n|turn|4\n|\n|t:|1701029476\n|move|p2a: Eelektross|Giga Drain|p1a: Angy Boi\n|-damage|p1a: Angy Boi|87\/100\n|-heal|p2a: Eelektross|56\/100|[from] drain|[of] p1a: Angy Boi\n|move|p1a: Angy Boi|Gunk Shot|p2a: Eelektross\n|-damage|p2a: Eelektross|8\/100\n|\n|upkeep\n|turn|5\n|\n|t:|1701029517\n|switch|p2a: Glimmet|Glimmet, M|100\/100\n|move|p1a: Angy Boi|Liquidation|p2a: Glimmet\n|-supereffective|p2a: Glimmet\n|-enditem|p2a: Glimmet|Focus Sash\n|-damage|p2a: Glimmet|1\/100\n|-activate|p2a: Glimmet|ability: Toxic Debris\n|-sidestart|p1: HeirEhm|move: Toxic Spikes\n|\n|upkeep\n|turn|6\n|\n|t:|1701029533\n|move|p2a: Glimmet|Stealth Rock|p1a: Angy Boi\n|-sidestart|p1: HeirEhm|move: Stealth Rock\n|move|p1a: Angy Boi|Liquidation|p2a: Glimmet\n|-supereffective|p2a: Glimmet\n|-damage|p2a: Glimmet|0 fnt\n|-activate|p2a: Glimmet|ability: Toxic Debris\n|-sidestart|p1: HeirEhm|move: Toxic Spikes\n|faint|p2a: Glimmet\n|\n|upkeep\n|\n|t:|1701029676\n|switch|p2a: Jolteon|Jolteon, F|100\/100\n|turn|7\n|\n|t:|1701029699\n|switch|p1a: GirthWorm|Orthworm, F|100\/100\n|-damage|p1a: GirthWorm|94\/100|[from] Stealth Rock\n|-terastallize|p2a: Jolteon|Ice\n|move|p2a: Jolteon|Tera Blast|p1a: GirthWorm|[anim] Tera Blast Ice\n|-resisted|p1a: GirthWorm\n|-damage|p1a: GirthWorm|66\/100\n|\n|-status|p1a: GirthWorm|brn|[from] item: Flame Orb\n|upkeep\n|turn|8\n|\n|t:|1701029712\n|switch|p2a: Eelektross|Eelektross, M|8\/100\n|move|p1a: GirthWorm|Facade|p2a: Eelektross\n|-damage|p2a: Eelektross|0 fnt\n|faint|p2a: Eelektross\n|\n|-damage|p1a: GirthWorm|60\/100 brn|[from] brn\n|upkeep\n|\n|t:|1701029721\n|switch|p2a: Zamazenta|Zamazenta, shiny|100\/100\n|-ability|p2a: Zamazenta|Dauntless Shield|boost\n|-boost|p2a: Zamazenta|def|1\n|turn|9\n|\n|t:|1701029733\n|move|p2a: Zamazenta|Substitute|p2a: Zamazenta\n|-start|p2a: Zamazenta|Substitute\n|-damage|p2a: Zamazenta|75\/100\n|move|p1a: GirthWorm|Facade|p2a: Zamazenta\n|-activate|p2a: Zamazenta|move: Substitute|[damage]\n|\n|-heal|p2a: Zamazenta|82\/100|[from] item: Leftovers\n|-damage|p1a: GirthWorm|54\/100 brn|[from] brn\n|upkeep\n|turn|10\n|\n|t:|1701029751\n|move|p2a: Zamazenta|Iron Defense|p2a: Zamazenta\n|-boost|p2a: Zamazenta|def|2\n|move|p1a: GirthWorm|Facade|p2a: Zamazenta\n|-end|p2a: Zamazenta|Substitute\n|\n|-heal|p2a: Zamazenta|88\/100|[from] item: Leftovers\n|-damage|p1a: GirthWorm|48\/100 brn|[from] brn\n|upkeep\n|turn|11\n|\n|t:|1701029762\n|move|p2a: Zamazenta|Body Press|p1a: GirthWorm\n|-supereffective|p1a: GirthWorm\n|-damage|p1a: GirthWorm|0 fnt\n|faint|p1a: GirthWorm\n|\n|-heal|p2a: Zamazenta|94\/100|[from] item: Leftovers\n|upkeep\n|\n|t:|1701029768\n|switch|p1a: Angy Boi|Clodsire, F|87\/100\n|-sideend|p1: HeirEhm|move: Toxic Spikes|[of] p1a: Angy Boi\n|-damage|p1a: Angy Boi|81\/100|[from] Stealth Rock\n|turn|12\n|\n|t:|1701029881\n|move|p2a: Zamazenta|Substitute|p2a: Zamazenta\n|-start|p2a: Zamazenta|Substitute\n|-damage|p2a: Zamazenta|69\/100\n|move|p1a: Angy Boi|Earthquake|p2a: Zamazenta\n|-end|p2a: Zamazenta|Substitute\n|\n|-heal|p2a: Zamazenta|75\/100|[from] item: Leftovers\n|upkeep\n|turn|13\n|\n|t:|1701029891\n|move|p2a: Zamazenta|Iron Defense|p2a: Zamazenta\n|-boost|p2a: Zamazenta|def|2\n|move|p1a: Angy Boi|Earthquake|p2a: Zamazenta\n|-damage|p2a: Zamazenta|44\/100\n|\n|-heal|p2a: Zamazenta|50\/100|[from] item: Leftovers\n|upkeep\n|turn|14\n|\n|t:|1701029899\n|move|p2a: Zamazenta|Body Press|p1a: Angy Boi\n|-resisted|p1a: Angy Boi\n|-damage|p1a: Angy Boi|61\/100\n|-damage|p2a: Zamazenta|34\/100|[from] item: Rocky Helmet|[of] p1a: Angy Boi\n|move|p1a: Angy Boi|Earthquake|p2a: Zamazenta\n|-damage|p2a: Zamazenta|6\/100\n|\n|-heal|p2a: Zamazenta|12\/100|[from] item: Leftovers\n|upkeep\n|turn|15\n|\n|t:|1701029921\n|move|p2a: Zamazenta|Crunch|p1a: Angy Boi\n|-damage|p1a: Angy Boi|36\/100\n|-damage|p2a: Zamazenta|0 fnt|[from] item: Rocky Helmet|[of] p1a: Angy Boi\n|faint|p2a: Zamazenta\n|move|p1a: Angy Boi|Earthquake|p2: Zamazenta|[notarget]\n|-fail|p1a: Angy Boi\n|\n|upkeep\n|\n|t:|1701029939\n|switch|p2a: Jolteon|Jolteon, F, tera:Ice|100\/100\n|turn|16\n|\n|t:|1701029949\n|move|p2a: Jolteon|Tera Blast|p1a: Angy Boi|[anim] Tera Blast Ice\n|-supereffective|p1a: Angy Boi\n|-crit|p1a: Angy Boi\n|-damage|p1a: Angy Boi|0 fnt\n|faint|p1a: Angy Boi\n|\n|upkeep\n|\n|t:|1701029966\n|switch|p1a: Wambulance|Chansey, F|100\/100\n|-damage|p1a: Wambulance|88\/100|[from] Stealth Rock\n|turn|17\n|\n|t:|1701029979\n|move|p2a: Jolteon|Thunderbolt|p1a: Wambulance\n|-damage|p1a: Wambulance|65\/100\n|move|p1a: Wambulance|Tri Attack|p2a: Jolteon\n|-crit|p2a: Jolteon\n|-damage|p2a: Jolteon|57\/100\n|\n|upkeep\n|turn|18\n|\n|t:|1701029986\n|move|p2a: Jolteon|Tera Blast|p1a: Wambulance|[anim] Tera Blast Ice\n|-damage|p1a: Wambulance|45\/100\n|move|p1a: Wambulance|Tri Attack|p2a: Jolteon\n|-damage|p2a: Jolteon|31\/100\n|\n|upkeep\n|turn|19\n|\n|t:|1701029998\n|move|p2a: Jolteon|Thunderbolt|p1a: Wambulance\n|-damage|p1a: Wambulance|24\/100\n|move|p1a: Wambulance|Tri Attack|p2a: Jolteon\n|-damage|p2a: Jolteon|5\/100\n|\n|upkeep\n|turn|20\n|\n|t:|1701030011\n|move|p2a: Jolteon|Thunderbolt|p1a: Wambulance\n|-damage|p1a: Wambulance|3\/100\n|-status|p1a: Wambulance|par\n|move|p1a: Wambulance|Tri Attack|p2a: Jolteon\n|-crit|p2a: Jolteon\n|-damage|p2a: Jolteon|0 fnt\n|faint|p2a: Jolteon\n|\n|upkeep\n|\n|t:|1701030019\n|switch|p2a: Muk|Muk-Alola, M|100\/100\n|turn|21\n|\n|t:|1701030026\n|move|p2a: Muk|Knock Off|p1a: Wambulance\n|-damage|p1a: Wambulance|0 fnt\n|-enditem|p1a: Wambulance|Lucky Punch|[from] move: Knock Off|[of] p2a: Muk\n|faint|p1a: Wambulance\n|\n|upkeep\n|\n|t:|1701030035\n|switch|p1a: Jingle Jingle|Klefki, M|100\/100\n|-damage|p1a: Jingle Jingle|95\/100|[from] Stealth Rock\n|turn|22\n|\n|t:|1701030044\n|move|p1a: Jingle Jingle|Draining Kiss|p2a: Muk\n|-damage|p2a: Muk|94\/100\n|-heal|p1a: Jingle Jingle|100\/100|[from] drain|[of] p2a: Muk\n|move|p2a: Muk|Brick Break|p1a: Jingle Jingle\n|-damage|p1a: Jingle Jingle|79\/100\n|\n|upkeep\n|turn|23\n|\n|t:|1701030056\n|move|p1a: Jingle Jingle|Foul Play|p2a: Muk\n|-resisted|p2a: Muk\n|-damage|p2a: Muk|77\/100\n|move|p2a: Muk|Knock Off|p1a: Jingle Jingle\n|-resisted|p1a: Jingle Jingle\n|-damage|p1a: Jingle Jingle|61\/100\n|-enditem|p1a: Jingle Jingle|Toxic Orb|[from] move: Knock Off|[of] p2a: Muk\n|\n|upkeep\n|turn|24\n|\n|t:|1701030067\n|move|p1a: Jingle Jingle|Foul Play|p2a: Muk\n|-resisted|p2a: Muk\n|-damage|p2a: Muk|60\/100\n|move|p2a: Muk|Brick Break|p1a: Jingle Jingle\n|-damage|p1a: Jingle Jingle|41\/100\n|\n|upkeep\n|turn|25\n|\n|t:|1701030073\n|move|p1a: Jingle Jingle|Foul Play|p2a: Muk\n|-resisted|p2a: Muk\n|-damage|p2a: Muk|45\/100\n|move|p2a: Muk|Brick Break|p1a: Jingle Jingle\n|-damage|p1a: Jingle Jingle|20\/100\n|\n|upkeep\n|turn|26\n|\n|t:|1701030081\n|move|p1a: Jingle Jingle|Foul Play|p2a: Muk\n|-resisted|p2a: Muk\n|-damage|p2a: Muk|29\/100\n|move|p2a: Muk|Brick Break|p1a: Jingle Jingle\n|-damage|p1a: Jingle Jingle|0 fnt\n|faint|p1a: Jingle Jingle\n|\n|upkeep\n|\n|t:|1701030089\n|switch|p1a: Murkrow|Murkrow, M|50\/100\n|-damage|p1a: Murkrow|25\/100|[from] Stealth Rock\n|turn|27\n|\n|t:|1701030098\n|move|p1a: Murkrow|Brave Bird|p2a: Muk\n|-damage|p2a: Muk|0 fnt\n|faint|p2a: Muk\n|-damage|p1a: Murkrow|10\/100|[from] Recoil\n|\n|win|HeirEhm\n","uploadtime":1701030109,"views":1,"p1id":"heirehm","p2id":"tbor2002","formatid":"gen9nationaldex","rating":0,"private":0,"password":""}