{"id":"gen9nationaldex-1997862543","p1":"Petros_Lessa","p2":"XxProxX20","format":"[Gen 9] National Dex","log":"|html|<div class=\"broadcast-blue\"><strong>[Gen 9] National Dex is currently suspecting Sneasler! For information on how to participate check out the <a href=\"https:\/\/www.smogon.com\/forums\/threads\/sv-national-dex-suspect-8-just-dance.3731534\/\">suspect thread<\/a>.<\/strong><\/div>\n|j|\u2606Petros_Lessa\n|j|\u2606XxProxX20\n|t:|1700860975\n|gametype|singles\n|player|p1|Petros_Lessa|steven|1321\n|player|p2|XxProxX20|ltsurge|1219\n|teamsize|p1|6\n|teamsize|p2|6\n|gen|9\n|tier|[Gen 9] National Dex\n|rated|\n|rule|HP Percentage Mod: HP is shown in percentages\n|rule|Endless Battle Clause: Forcing endless battles is banned\n|rule|OHKO Clause: OHKO moves are banned\n|rule|Evasion Clause: Evasion abilities, items, and moves are banned\n|rule|Evasion Abilities Clause: Evasion abilities are banned\n|rule|Evasion Items Clause: Evasion items are banned\n|rule|Evasion Moves Clause: Evasion moves are banned\n|rule|Species Clause: Limit one of each Pok\u00e9mon\n|rule|Sleep Clause Mod: Limit one foe put to sleep\n|clearpoke\n|poke|p1|Zeraora|\n|poke|p1|Great Tusk|\n|poke|p1|Charizard, M|\n|poke|p1|Mimikyu, M|\n|poke|p1|Ogerpon-Wellspring, F|\n|poke|p1|Zapdos|\n|poke|p2|Bisharp, M|\n|poke|p2|Gengar, F|\n|poke|p2|Rillaboom, F|\n|poke|p2|Garchomp, M|\n|poke|p2|Cloyster, M|\n|poke|p2|Hatterene, F|\n|teampreview\n|inactive|Battle timer is ON: inactive players will automatically lose when time's up. (requested by Petros_Lessa)\n|\n|t:|1700860985\n|start\n|switch|p1a: Charizard|Charizard, M|100\/100\n|switch|p2a: Hatterene|Hatterene, F|100\/100\n|turn|1\n|\n|t:|1700860989\n|detailschange|p1a: Charizard|Charizard-Mega-Y, M\n|-mega|p1a: Charizard|Charizard|Charizardite Y\n|-weather|SunnyDay|[from] ability: Drought|[of] p1a: Charizard\n|move|p1a: Charizard|Flamethrower|p2a: Hatterene\n|-damage|p2a: Hatterene|20\/100\n|-enditem|p2a: Hatterene|Eject Button\n|\n|t:|1700861011\n|switch|p2a: Gengar|Gengar, F|100\/100\n|\n|-weather|SunnyDay|[upkeep]\n|upkeep\n|turn|2\n|\n|t:|1700861015\n|move|p2a: Gengar|Thunderbolt|p1a: Charizard\n|-supereffective|p1a: Charizard\n|-damage|p1a: Charizard|22\/100\n|-damage|p2a: Gengar|91\/100|[from] item: Life Orb\n|move|p1a: Charizard|Scorching Sands|p2a: Gengar\n|-supereffective|p2a: Gengar\n|-damage|p2a: Gengar|0 fnt\n|faint|p2a: Gengar\n|\n|-weather|SunnyDay|[upkeep]\n|upkeep\n|\n|t:|1700861019\n|switch|p2a: Garchomp|Garchomp, M|100\/100\n|turn|3\n|\n|t:|1700861023\n|switch|p1a: Great Tusk|Great Tusk|100\/100\n|-activate|p1a: Great Tusk|ability: Protosynthesis\n|-start|p1a: Great Tusk|protosynthesisdef\n|move|p2a: Garchomp|Scale Shot|p1a: Great Tusk\n|-damage|p1a: Great Tusk|96\/100\n|-damage|p1a: Great Tusk|91\/100\n|-damage|p1a: Great Tusk|86\/100\n|-hitcount|p1a: Great Tusk|3\n|-unboost|p2a: Garchomp|def|1\n|-boost|p2a: Garchomp|spe|1\n|\n|-weather|SunnyDay|[upkeep]\n|-heal|p1a: Great Tusk|92\/100|[from] item: Leftovers\n|upkeep\n|turn|4\n|\n|t:|1700861044\n|switch|p2a: Rillaboom|Rillaboom, F|100\/100\n|-fieldstart|move: Grassy Terrain|[from] ability: Grassy Surge|[of] p2a: Rillaboom\n|move|p1a: Great Tusk|Knock Off|p2a: Rillaboom\n|-damage|p2a: Rillaboom|68\/100\n|-enditem|p2a: Rillaboom|Choice Band|[from] move: Knock Off|[of] p1a: Great Tusk\n|\n|-weather|SunnyDay|[upkeep]\n|-heal|p2a: Rillaboom|74\/100|[from] Grassy Terrain\n|-heal|p1a: Great Tusk|98\/100|[from] Grassy Terrain\n|-heal|p1a: Great Tusk|100\/100|[from] item: Leftovers\n|upkeep\n|turn|5\n|\n|t:|1700861054\n|move|p2a: Rillaboom|Grassy Glide|p1a: Great Tusk\n|-supereffective|p1a: Great Tusk\n|-damage|p1a: Great Tusk|74\/100\n|move|p1a: Great Tusk|Stealth Rock|p2a: Rillaboom\n|-sidestart|p2: XxProxX20|move: Stealth Rock\n|\n|-weather|none\n|-end|p1a: Great Tusk|Protosynthesis\n|-heal|p2a: Rillaboom|80\/100|[from] Grassy Terrain\n|-heal|p1a: Great Tusk|80\/100|[from] Grassy Terrain\n|-heal|p1a: Great Tusk|86\/100|[from] item: Leftovers\n|upkeep\n|turn|6\n|\n|t:|1700861065\n|-end|p1a: Great Tusk|Protosynthesis|[silent]\n|switch|p1a: Charizard|Charizard-Mega-Y, M|22\/100\n|-weather|SunnyDay|[from] ability: Drought|[of] p1a: Charizard\n|move|p2a: Rillaboom|Drain Punch|p1a: Charizard\n|-resisted|p1a: Charizard\n|-crit|p1a: Charizard\n|-damage|p1a: Charizard|0 fnt\n|-heal|p2a: Rillaboom|89\/100|[from] drain|[of] p1a: Charizard\n|faint|p1a: Charizard\n|\n|-weather|SunnyDay|[upkeep]\n|-heal|p2a: Rillaboom|96\/100|[from] Grassy Terrain\n|upkeep\n|\n|t:|1700861071\n|switch|p1a: Great Tusk|Great Tusk|86\/100\n|-activate|p1a: Great Tusk|ability: Protosynthesis\n|-start|p1a: Great Tusk|protosynthesisdef\n|turn|7\n|\n|t:|1700861081\n|move|p2a: Rillaboom|Knock Off|p1a: Great Tusk\n|-resisted|p1a: Great Tusk\n|-damage|p1a: Great Tusk|80\/100\n|-enditem|p1a: Great Tusk|Leftovers|[from] move: Knock Off|[of] p2a: Rillaboom\n|move|p1a: Great Tusk|Body Press|p2a: Rillaboom\n|-damage|p2a: Rillaboom|43\/100\n|\n|-weather|SunnyDay|[upkeep]\n|-heal|p2a: Rillaboom|49\/100|[from] Grassy Terrain\n|-heal|p1a: Great Tusk|86\/100|[from] Grassy Terrain\n|upkeep\n|turn|8\n|\n|t:|1700861090\n|move|p2a: Rillaboom|Drain Punch|p1a: Great Tusk\n|-damage|p1a: Great Tusk|76\/100\n|-heal|p2a: Rillaboom|56\/100|[from] drain|[of] p1a: Great Tusk\n|move|p1a: Great Tusk|Body Press|p2a: Rillaboom\n|-damage|p2a: Rillaboom|8\/100\n|\n|-weather|SunnyDay|[upkeep]\n|-heal|p2a: Rillaboom|14\/100|[from] Grassy Terrain\n|-heal|p1a: Great Tusk|82\/100|[from] Grassy Terrain\n|-fieldend|move: Grassy Terrain\n|upkeep\n|turn|9\n|\n|t:|1700861095\n|move|p2a: Rillaboom|Grassy Glide|p1a: Great Tusk\n|-supereffective|p1a: Great Tusk\n|-damage|p1a: Great Tusk|58\/100\n|move|p1a: Great Tusk|Rapid Spin|p2a: Rillaboom\n|-damage|p2a: Rillaboom|0 fnt\n|-boost|p1a: Great Tusk|spe|1\n|faint|p2a: Rillaboom\n|\n|-weather|SunnyDay|[upkeep]\n|upkeep\n|\n|t:|1700861114\n|switch|p2a: Garchomp|Garchomp, M|100\/100\n|-damage|p2a: Garchomp|94\/100|[from] Stealth Rock\n|turn|10\n|\n|t:|1700861119\n|move|p2a: Garchomp|Swords Dance|p2a: Garchomp\n|-boost|p2a: Garchomp|atk|2\n|move|p1a: Great Tusk|Knock Off|p2a: Garchomp\n|-damage|p2a: Garchomp|75\/100\n|-damage|p1a: Great Tusk|46\/100|[from] ability: Rough Skin|[of] p2a: Garchomp\n|\n|-weather|none\n|-end|p1a: Great Tusk|Protosynthesis\n|upkeep\n|turn|11\n|\n|t:|1700861130\n|move|p2a: Garchomp|Scale Shot|p1a: Great Tusk|[miss]\n|-miss|p2a: Garchomp|p1a: Great Tusk\n|move|p1a: Great Tusk|Body Press|p2a: Garchomp\n|-damage|p2a: Garchomp|25\/100\n|-damage|p1a: Great Tusk|33\/100|[from] ability: Rough Skin|[of] p2a: Garchomp\n|\n|upkeep\n|turn|12\n|\n|t:|1700861137\n|move|p2a: Garchomp|Scale Shot|p1a: Great Tusk\n|-damage|p1a: Great Tusk|21\/100\n|-damage|p1a: Great Tusk|9\/100\n|-damage|p1a: Great Tusk|0 fnt\n|faint|p1a: Great Tusk\n|-end|p1a: Great Tusk|Protosynthesis|[silent]\n|-hitcount|p1: Great Tusk|3\n|-unboost|p2a: Garchomp|def|1\n|-boost|p2a: Garchomp|spe|1\n|\n|upkeep\n|\n|t:|1700861151\n|switch|p1a: Mimikyu|Mimikyu, M|100\/100\n|turn|13\n|\n|t:|1700861157\n|move|p1a: Mimikyu|Shadow Sneak|p2a: Garchomp\n|-damage|p2a: Garchomp|0 fnt\n|-damage|p1a: Mimikyu|88\/100|[from] ability: Rough Skin|[of] p2a: Garchomp\n|faint|p2a: Garchomp\n|\n|upkeep\n|\n|t:|1700861165\n|switch|p2a: Cloyster|Cloyster, M|100\/100\n|-damage|p2a: Cloyster|76\/100|[from] Stealth Rock\n|turn|14\n|\n|t:|1700861178\n|-zpower|p1a: Mimikyu\n|move|p1a: Mimikyu|Let's Snuggle Forever|p2a: Cloyster|[zeffect]\n|-damage|p2a: Cloyster|13\/100\n|move|p2a: Cloyster|Shell Smash|p2a: Cloyster\n|-unboost|p2a: Cloyster|def|1\n|-unboost|p2a: Cloyster|spd|1\n|-boost|p2a: Cloyster|atk|2\n|-boost|p2a: Cloyster|spa|2\n|-boost|p2a: Cloyster|spe|2\n|-enditem|p2a: Cloyster|White Herb\n|-clearnegativeboost|p2a: Cloyster|[silent]\n|\n|upkeep\n|turn|15\n|\n|t:|1700861190\n|-terastallize|p2a: Cloyster|Water\n|move|p1a: Mimikyu|Shadow Sneak|p2a: Cloyster\n|-damage|p2a: Cloyster|0 fnt\n|faint|p2a: Cloyster\n|\n|upkeep\n|\n|t:|1700861193\n|switch|p2a: Bisharp|Bisharp, M|100\/100\n|-damage|p2a: Bisharp|95\/100|[from] Stealth Rock\n|turn|16\n|\n|t:|1700861197\n|move|p1a: Mimikyu|Play Rough|p2a: Bisharp\n|-damage|p2a: Bisharp|45\/100\n|move|p2a: Bisharp|Iron Head|p1a: Mimikyu\n|-activate|p1a: Mimikyu|ability: Disguise\n|-damage|p1a: Mimikyu|88\/100\n|detailschange|p1a: Mimikyu|Mimikyu-Busted, M\n|-damage|p1a: Mimikyu|76\/100|[from] pokemon: Mimikyu-Busted\n|\n|upkeep\n|turn|17\n|\n|t:|1700861203\n|move|p2a: Bisharp|Sucker Punch|p1a: Mimikyu\n|-damage|p1a: Mimikyu|18\/100\n|move|p1a: Mimikyu|Play Rough|p2a: Bisharp\n|-damage|p2a: Bisharp|2\/100\n|-unboost|p2a: Bisharp|atk|1\n|-ability|p2a: Bisharp|Defiant|boost\n|-boost|p2a: Bisharp|atk|2\n|\n|upkeep\n|turn|18\n|\n|t:|1700861210\n|move|p1a: Mimikyu|Shadow Sneak|p2a: Bisharp\n|-resisted|p2a: Bisharp\n|-damage|p2a: Bisharp|0 fnt\n|faint|p2a: Bisharp\n|\n|upkeep\n|\n|t:|1700861213\n|switch|p2a: Hatterene|Hatterene, F|20\/100\n|-damage|p2a: Hatterene|8\/100|[from] Stealth Rock\n|turn|19\n|\n|t:|1700861216\n|move|p1a: Mimikyu|Shadow Claw|p2a: Hatterene\n|-supereffective|p2a: Hatterene\n|-damage|p2a: Hatterene|0 fnt\n|faint|p2a: Hatterene\n|\n|win|Petros_Lessa\n|raw|Petros_Lessa's rating: 1321 &rarr; <strong>1335<\/strong><br \/>(+14 for winning)\n|raw|XxProxX20's rating: 1219 &rarr; <strong>1201<\/strong><br \/>(-18 for losing)\n|l|\u2606XxProxX20\n","uploadtime":1700861283,"views":2,"p1id":"petroslessa","p2id":"xxproxx20","formatid":"gen9nationaldex","rating":1201,"private":0,"password":""}