{"id":"gen9nationaldex-1990988247","p1":"Linkthecat01","p2":"Garchompbestpsuedo","format":"[Gen 9] National Dex","log":"|j|\u2606Linkthecat01\n|j|\u2606Garchompbestpsuedo\n|t:|1700023925\n|gametype|singles\n|player|p1|Linkthecat01|bugsy|1057\n|player|p2|Garchompbestpsuedo|lyra|1057\n|teamsize|p1|6\n|teamsize|p2|6\n|gen|9\n|tier|[Gen 9] National Dex\n|rated|\n|rule|HP Percentage Mod: HP is shown in percentages\n|rule|Endless Battle Clause: Forcing endless battles is banned\n|rule|OHKO Clause: OHKO moves are banned\n|rule|Evasion Clause: Evasion abilities, items, and moves are banned\n|rule|Evasion Abilities Clause: Evasion abilities are banned\n|rule|Evasion Items Clause: Evasion items are banned\n|rule|Evasion Moves Clause: Evasion moves are banned\n|rule|Species Clause: Limit one of each Pok\u00e9mon\n|rule|Sleep Clause Mod: Limit one foe put to sleep\n|clearpoke\n|poke|p1|Ribombee, M|\n|poke|p1|Aegislash, F|\n|poke|p1|Serperior, M|\n|poke|p1|Excadrill, F|\n|poke|p1|Kleavor, M|\n|poke|p1|Tyranitar, M|\n|poke|p2|Flamigo, F|\n|poke|p2|Slither Wing|\n|poke|p2|Tauros-Paldea-Combat, M|\n|poke|p2|Grapploct, F|\n|poke|p2|Hitmontop, M|\n|poke|p2|Passimian, M|\n|teampreview\n|inactive|Battle timer is ON: inactive players will automatically lose when time's up. (requested by Linkthecat01)\n|inactive|Garchompbestpsuedo has 120 seconds left.\n|\n|t:|1700023959\n|start\n|switch|p1a: Princess|Ribombee, M|100\/100\n|switch|p2a: Passimian|Passimian, M|100\/100\n|turn|1\n|\n|t:|1700023967\n|move|p2a: Passimian|Snatch|p2a: Passimian\n|-singleturn|p2a: Passimian|Snatch\n|move|p1a: Princess|Sticky Web|p2a: Passimian\n|-sidestart|p2: Garchompbestpsuedo|move: Sticky Web\n|\n|upkeep\n|turn|2\n|\n|t:|1700023976\n|-terastallize|p2a: Passimian|Steel\n|move|p1a: Princess|Dazzling Gleam|p2a: Passimian\n|-resisted|p2a: Passimian\n|-damage|p2a: Passimian|83\/100\n|move|p2a: Passimian|Bulk Up|p2a: Passimian\n|-boost|p2a: Passimian|atk|1\n|-boost|p2a: Passimian|def|1\n|\n|-heal|p2a: Passimian|89\/100|[from] item: Leftovers\n|upkeep\n|turn|3\n|\n|t:|1700023988\n|move|p1a: Princess|Tailwind|p1a: Princess\n|-sidestart|p1: Linkthecat01|move: Tailwind\n|move|p2a: Passimian|Bulk Up|p2a: Passimian\n|-boost|p2a: Passimian|atk|1\n|-boost|p2a: Passimian|def|1\n|\n|-heal|p2a: Passimian|95\/100|[from] item: Leftovers\n|upkeep\n|turn|4\n|\n|t:|1700023996\n|move|p1a: Princess|Bug Buzz|p2a: Passimian\n|-resisted|p2a: Passimian\n|-damage|p2a: Passimian|75\/100\n|move|p2a: Passimian|Bulk Up|p2a: Passimian\n|-boost|p2a: Passimian|atk|1\n|-boost|p2a: Passimian|def|1\n|\n|-heal|p2a: Passimian|81\/100|[from] item: Leftovers\n|upkeep\n|turn|5\n|\n|t:|1700024006\n|switch|p1a: Billy|Aegislash, F|100\/100\n|move|p2a: Passimian|Earthquake|p1a: Billy\n|-supereffective|p1a: Billy\n|-damage|p1a: Billy|0 fnt\n|faint|p1a: Billy\n|\n|-heal|p2a: Passimian|88\/100|[from] item: Leftovers\n|upkeep\n|\n|t:|1700024010\n|switch|p1a: Anger issues|Tyranitar, M|100\/100\n|-weather|Sandstorm|[from] ability: Sand Stream|[of] p1a: Anger issues\n|turn|6\n|\n|t:|1700024020\n|detailschange|p1a: Anger issues|Tyranitar-Mega, M\n|-mega|p1a: Anger issues|Tyranitar|Tyranitarite\n|move|p1a: Anger issues|Earthquake|p2a: Passimian\n|-supereffective|p2a: Passimian\n|-damage|p2a: Passimian|50\/100\n|move|p2a: Passimian|Earthquake|p1a: Anger issues\n|-supereffective|p1a: Anger issues\n|-damage|p1a: Anger issues|0 fnt\n|faint|p1a: Anger issues\n|\n|-weather|Sandstorm|[upkeep]\n|-heal|p2a: Passimian|56\/100|[from] item: Leftovers\n|-sideend|p1: Linkthecat01|move: Tailwind\n|upkeep\n|-message|Linkthecat01 forfeited.\n|\n|win|Garchompbestpsuedo\n|raw|Linkthecat01's rating: 1057 &rarr; <strong>1038<\/strong><br \/>(-19 for losing)\n|raw|Garchompbestpsuedo's rating: 1057 &rarr; <strong>1088<\/strong><br \/>(+31 for winning)\n|l|\u2606Linkthecat01\n","uploadtime":1700024036,"views":4,"p1id":"linkthecat01","p2id":"garchompbestpsuedo","formatid":"gen9nationaldex","rating":1038,"private":0,"password":""}