{"id":"gen9nationaldex-1987518355","p1":"David2013218abc","p2":"sheep1","format":"[Gen 9] National Dex","log":"|j|\u2606David2013218abc\n|j|\u2606sheep1\n|t:|1699605392\n|gametype|singles\n|player|p1|David2013218abc|cheryl|1198\n|player|p2|sheep1|swimmer-gen4|1209\n|teamsize|p1|6\n|teamsize|p2|6\n|gen|9\n|tier|[Gen 9] National Dex\n|rated|\n|rule|HP Percentage Mod: HP is shown in percentages\n|rule|Endless Battle Clause: Forcing endless battles is banned\n|rule|OHKO Clause: OHKO moves are banned\n|rule|Evasion Clause: Evasion abilities, items, and moves are banned\n|rule|Evasion Abilities Clause: Evasion abilities are banned\n|rule|Evasion Items Clause: Evasion items are banned\n|rule|Evasion Moves Clause: Evasion moves are banned\n|rule|Species Clause: Limit one of each Pok\u00e9mon\n|rule|Sleep Clause Mod: Limit one foe put to sleep\n|clearpoke\n|poke|p1|Alomomola, M|\n|poke|p1|Entei|\n|poke|p1|Feraligatr, F|\n|poke|p1|Ambipom, M|\n|poke|p1|Manectric, M|\n|poke|p1|Clefable, F|\n|poke|p2|Gengar, F|\n|poke|p2|Dragonite, M|\n|poke|p2|Tyranitar, F|\n|poke|p2|Snorlax, M|\n|poke|p2|Volcarona, M|\n|poke|p2|Slowbro, M|\n|teampreview\n|l|\u2606sheep1\n|player|p2|\n|j|\u2606sheep1\n|player|p2|sheep1|swimmer-gen4\n|inactive|Battle timer is ON: inactive players will automatically lose when time's up. (requested by sheep1)\n|\n|t:|1699605415\n|start\n|switch|p1a: Clefable|Clefable, F|100\/100\n|switch|p2a: \u80a5\u9b3c|Gengar, F|100\/100\n|turn|1\n|\n|t:|1699605424\n|switch|p1a: Ambipom|Ambipom, M|100\/100\n|move|p2a: \u80a5\u9b3c|Sludge Bomb|p1a: Ambipom\n|-damage|p1a: Ambipom|22\/100\n|\n|upkeep\n|turn|2\n|\n|t:|1699605431\n|move|p1a: Ambipom|U-turn|p2a: \u80a5\u9b3c\n|-resisted|p2a: \u80a5\u9b3c\n|-damage|p2a: \u80a5\u9b3c|91\/100\n|-start|p1a: Ambipom|Disable|U-turn|[from] ability: Cursed Body|[of] p2a: \u80a5\u9b3c\n|\n|t:|1699605437\n|switch|p1a: Alomomola|Alomomola, M|100\/100|[from] U-turn\n|move|p2a: \u80a5\u9b3c|Sludge Bomb|p1a: Alomomola\n|-damage|p1a: Alomomola|79\/100\n|\n|upkeep\n|turn|3\n|\n|t:|1699605445\n|move|p2a: \u80a5\u9b3c|Shadow Ball|p1a: Alomomola\n|-damage|p1a: Alomomola|57\/100\n|move|p1a: Alomomola|Mirror Coat|p2a: \u80a5\u9b3c\n|-damage|p2a: \u80a5\u9b3c|1\/100\n|-start|p1a: Alomomola|Disable|Mirror Coat|[from] ability: Cursed Body|[of] p2a: \u80a5\u9b3c\n|\n|upkeep\n|turn|4\n|\n|t:|1699605454\n|move|p2a: \u80a5\u9b3c|Shadow Ball|p1a: Alomomola\n|-damage|p1a: Alomomola|37\/100\n|-unboost|p1a: Alomomola|spd|1\n|move|p1a: Alomomola|Flip Turn|p2a: \u80a5\u9b3c\n|-damage|p2a: \u80a5\u9b3c|0 fnt\n|faint|p2a: \u80a5\u9b3c\n|\n|t:|1699605463\n|switch|p1a: Manectric|Manectric, M|100\/100|[from] Flip Turn\n|\n|upkeep\n|\n|t:|1699605478\n|switch|p2a: \u80a5\u6bd4|Snorlax, M|100\/100\n|turn|5\n|\n|t:|1699605485\n|detailschange|p1a: Manectric|Manectric-Mega, M\n|-mega|p1a: Manectric|Manectric|Manectite\n|-ability|p1a: Manectric|Intimidate|boost\n|-unboost|p2a: \u80a5\u6bd4|atk|1\n|move|p1a: Manectric|Volt Switch|p2a: \u80a5\u6bd4\n|-damage|p2a: \u80a5\u6bd4|76\/100\n|\n|t:|1699605493\n|switch|p1a: Clefable|Clefable, F|100\/100|[from] Volt Switch\n|move|p2a: \u80a5\u6bd4|Heat Crash|p1a: Clefable\n|-damage|p1a: Clefable|81\/100\n|\n|upkeep\n|turn|6\n|\n|t:|1699605502\n|switch|p2a: \u80a5\u5927|Dragonite, M|100\/100\n|move|p1a: Clefable|Trick|p2a: \u80a5\u5927\n|-activate|p1a: Clefable|move: Trick|[of] p2a: \u80a5\u5927\n|-item|p2a: \u80a5\u5927|Black Sludge|[from] move: Trick\n|-item|p1a: Clefable|Heavy-Duty Boots|[from] move: Trick\n|\n|-damage|p2a: \u80a5\u5927|88\/100|[from] item: Black Sludge\n|upkeep\n|turn|7\n|\n|t:|1699605522\n|switch|p2a: \u80a5\u5427|Slowbro, M|100\/100\n|move|p1a: Clefable|Seismic Toss|p2a: \u80a5\u5427\n|-damage|p2a: \u80a5\u5427|73\/100\n|\n|-heal|p2a: \u80a5\u5427|79\/100|[from] item: Leftovers\n|upkeep\n|turn|8\n|\n|t:|1699605531\n|move|p1a: Clefable|Trick|p2a: \u80a5\u5427\n|-activate|p1a: Clefable|move: Trick|[of] p2a: \u80a5\u5427\n|-item|p2a: \u80a5\u5427|Heavy-Duty Boots|[from] move: Trick\n|-item|p1a: Clefable|Leftovers|[from] move: Trick\n|move|p2a: \u80a5\u5427|Future Sight|p1a: Clefable\n|-start|p2a: \u80a5\u5427|move: Future Sight\n|\n|-heal|p1a: Clefable|87\/100|[from] item: Leftovers\n|upkeep\n|turn|9\n|\n|t:|1699605539\n|move|p1a: Clefable|Seismic Toss|p2a: \u80a5\u5427\n|-damage|p2a: \u80a5\u5427|51\/100\n|move|p2a: \u80a5\u5427|Scald|p1a: Clefable\n|-crit|p1a: Clefable\n|-damage|p1a: Clefable|39\/100\n|\n|-heal|p1a: Clefable|45\/100|[from] item: Leftovers\n|upkeep\n|turn|10\n|\n|t:|1699605549\n|move|p1a: Clefable|Soft-Boiled|p1a: Clefable\n|-heal|p1a: Clefable|95\/100\n|move|p2a: \u80a5\u5427|Toxic|p1a: Clefable\n|-status|p1a: Clefable|tox\n|\n|-end|p1a: Clefable|move: Future Sight\n|-damage|p1a: Clefable|46\/100 tox\n|-heal|p1a: Clefable|53\/100 tox|[from] item: Leftovers\n|upkeep\n|turn|11\n|\n|t:|1699605560\n|switch|p2a: \u80a5\u5927|Dragonite, M|88\/100\n|move|p1a: Clefable|Cosmic Power|p1a: Clefable\n|-boost|p1a: Clefable|def|1\n|-boost|p1a: Clefable|spd|1\n|\n|-damage|p2a: \u80a5\u5927|76\/100|[from] item: Black Sludge\n|-heal|p1a: Clefable|59\/100 tox|[from] item: Leftovers\n|upkeep\n|turn|12\n|\n|t:|1699605571\n|move|p2a: \u80a5\u5927|Dragon Dance|p2a: \u80a5\u5927\n|-boost|p2a: \u80a5\u5927|atk|1\n|-boost|p2a: \u80a5\u5927|spe|1\n|move|p1a: Clefable|Seismic Toss|p2a: \u80a5\u5927\n|-damage|p2a: \u80a5\u5927|50\/100\n|\n|-damage|p2a: \u80a5\u5927|37\/100|[from] item: Black Sludge\n|-heal|p1a: Clefable|65\/100 tox|[from] item: Leftovers\n|upkeep\n|turn|13\n|\n|t:|1699605581\n|move|p2a: \u80a5\u5927|Roost|p2a: \u80a5\u5927\n|-heal|p2a: \u80a5\u5927|87\/100\n|-singleturn|p2a: \u80a5\u5927|move: Roost\n|move|p1a: Clefable|Cosmic Power|p1a: Clefable\n|-boost|p1a: Clefable|def|1\n|-boost|p1a: Clefable|spd|1\n|\n|-damage|p2a: \u80a5\u5927|75\/100|[from] item: Black Sludge\n|-heal|p1a: Clefable|71\/100 tox|[from] item: Leftovers\n|upkeep\n|turn|14\n|\n|t:|1699605593\n|move|p2a: \u80a5\u5927|Dragon Dance|p2a: \u80a5\u5927\n|-boost|p2a: \u80a5\u5927|atk|1\n|-boost|p2a: \u80a5\u5927|spe|1\n|move|p1a: Clefable|Seismic Toss|p2a: \u80a5\u5927\n|-damage|p2a: \u80a5\u5927|49\/100\n|\n|-damage|p2a: \u80a5\u5927|37\/100|[from] item: Black Sludge\n|-heal|p1a: Clefable|77\/100 tox|[from] item: Leftovers\n|upkeep\n|turn|15\n|\n|t:|1699605603\n|move|p2a: \u80a5\u5927|Roost|p2a: \u80a5\u5927\n|-heal|p2a: \u80a5\u5927|87\/100\n|-singleturn|p2a: \u80a5\u5927|move: Roost\n|move|p1a: Clefable|Seismic Toss|p2a: \u80a5\u5927\n|-damage|p2a: \u80a5\u5927|61\/100\n|\n|-damage|p2a: \u80a5\u5927|48\/100|[from] item: Black Sludge\n|-heal|p1a: Clefable|83\/100 tox|[from] item: Leftovers\n|upkeep\n|turn|16\n|\n|t:|1699605614\n|move|p2a: \u80a5\u5927|Roost|p2a: \u80a5\u5927\n|-heal|p2a: \u80a5\u5927|98\/100\n|-singleturn|p2a: \u80a5\u5927|move: Roost\n|move|p1a: Clefable|Seismic Toss|p2a: \u80a5\u5927\n|-damage|p2a: \u80a5\u5927|72\/100\n|\n|-damage|p2a: \u80a5\u5927|60\/100|[from] item: Black Sludge\n|-heal|p1a: Clefable|89\/100 tox|[from] item: Leftovers\n|upkeep\n|turn|17\n|\n|t:|1699605625\n|move|p2a: \u80a5\u5927|Roost|p2a: \u80a5\u5927\n|-heal|p2a: \u80a5\u5927|100\/100\n|-singleturn|p2a: \u80a5\u5927|move: Roost\n|move|p1a: Clefable|Cosmic Power|p1a: Clefable\n|-boost|p1a: Clefable|def|1\n|-boost|p1a: Clefable|spd|1\n|\n|-damage|p2a: \u80a5\u5927|88\/100|[from] item: Black Sludge\n|-heal|p1a: Clefable|95\/100 tox|[from] item: Leftovers\n|upkeep\n|turn|18\n|\n|t:|1699605636\n|move|p2a: \u80a5\u5927|Dragon Dance|p2a: \u80a5\u5927\n|-boost|p2a: \u80a5\u5927|atk|1\n|-boost|p2a: \u80a5\u5927|spe|1\n|move|p1a: Clefable|Cosmic Power|p1a: Clefable\n|-boost|p1a: Clefable|def|1\n|-boost|p1a: Clefable|spd|1\n|\n|-damage|p2a: \u80a5\u5927|76\/100|[from] item: Black Sludge\n|-heal|p1a: Clefable|100\/100 tox|[from] item: Leftovers\n|upkeep\n|turn|19\n|\n|t:|1699605654\n|move|p2a: \u80a5\u5927|Dragon Dance|p2a: \u80a5\u5927\n|-boost|p2a: \u80a5\u5927|atk|1\n|-boost|p2a: \u80a5\u5927|spe|1\n|move|p1a: Clefable|Cosmic Power|p1a: Clefable\n|-boost|p1a: Clefable|def|1\n|-boost|p1a: Clefable|spd|1\n|\n|-damage|p2a: \u80a5\u5927|63\/100|[from] item: Black Sludge\n|upkeep\n|turn|20\n|\n|t:|1699605666\n|move|p2a: \u80a5\u5927|Extreme Speed|p1a: Clefable\n|-damage|p1a: Clefable|80\/100 tox\n|move|p1a: Clefable|Cosmic Power|p1a: Clefable\n|-boost|p1a: Clefable|def|1\n|-boost|p1a: Clefable|spd|1\n|\n|-damage|p2a: \u80a5\u5927|51\/100|[from] item: Black Sludge\n|-heal|p1a: Clefable|86\/100 tox|[from] item: Leftovers\n|upkeep\n|turn|21\n|-message|sheep1 forfeited.\n|\n|win|David2013218abc\n|raw|David2013218abc's rating: 1198 &rarr; <strong>1224<\/strong><br \/>(+26 for winning)\n|raw|sheep1's rating: 1209 &rarr; <strong>1183<\/strong><br \/>(-26 for losing)\n|l|\u2606sheep1\n|l|\u2606David2013218abc\n","uploadtime":1699605733,"views":4,"p1id":"david2013218abc","p2id":"sheep1","formatid":"gen9nationaldex","rating":1183,"private":0,"password":""}