{"id":"gen9nationaldex-1998282834","p1":"Anhkiet","p2":"ndou\u6389\u5206\u84dd\u67d0\u4fa0996","format":"[Gen 9] National Dex","log":"|html|<div class=\"broadcast-blue\"><strong>[Gen 9] National Dex is currently suspecting Sneasler! For information on how to participate check out the <a href=\"https:\/\/www.smogon.com\/forums\/threads\/sv-national-dex-suspect-8-just-dance.3731534\/\">suspect thread<\/a>.<\/strong><\/div>\n|j|\u2606Anhkiet\n|j|\u2606ndou\u6389\u5206\u84dd\u67d0\u4fa0996\n|t:|1700924375\n|gametype|singles\n|player|p1|Anhkiet|1|1567\n|player|p2|ndou\u6389\u5206\u84dd\u67d0\u4fa0996|hilbert|1537\n|teamsize|p1|6\n|teamsize|p2|6\n|gen|9\n|tier|[Gen 9] National Dex\n|rated|\n|rule|HP Percentage Mod: HP is shown in percentages\n|rule|Endless Battle Clause: Forcing endless battles is banned\n|rule|OHKO Clause: OHKO moves are banned\n|rule|Evasion Clause: Evasion abilities, items, and moves are banned\n|rule|Evasion Abilities Clause: Evasion abilities are banned\n|rule|Evasion Items Clause: Evasion items are banned\n|rule|Evasion Moves Clause: Evasion moves are banned\n|rule|Species Clause: Limit one of each Pok\u00e9mon\n|rule|Sleep Clause Mod: Limit one foe put to sleep\n|clearpoke\n|poke|p1|Banette, F|\n|poke|p1|Polteageist-Antique|\n|poke|p1|Tapu Lele|\n|poke|p1|Urshifu-*, M|\n|poke|p1|Shiftry, F|\n|poke|p1|Greninja-*, M|\n|poke|p2|Corsola-Galar, F|\n|poke|p2|Gliscor, M|\n|poke|p2|Skeledirge, F|\n|poke|p2|Chansey, F|\n|poke|p2|Venusaur, M|\n|poke|p2|Blacephalon|\n|teampreview\n|\n|t:|1700924400\n|start\n|switch|p1a: Urshifu|Urshifu-Rapid-Strike, M|100\/100\n|switch|p2a: \u54e5\u8c2d\u5c0f\u4e11|Blacephalon|100\/100\n|turn|1\n|\n|t:|1700924428\n|move|p2a: \u54e5\u8c2d\u5c0f\u4e11|Psyshock|p1a: Urshifu\n|-supereffective|p1a: Urshifu\n|-damage|p1a: Urshifu|36\/100\n|move|p1a: Urshifu|Surging Strikes|p2a: \u54e5\u8c2d\u5c0f\u4e11\n|-supereffective|p2a: \u54e5\u8c2d\u5c0f\u4e11\n|-crit|p2a: \u54e5\u8c2d\u5c0f\u4e11\n|-damage|p2a: \u54e5\u8c2d\u5c0f\u4e11|0 fnt\n|faint|p2a: \u54e5\u8c2d\u5c0f\u4e11\n|-hitcount|p2: \u54e5\u8c2d\u5c0f\u4e11|1\n|\n|upkeep\n|\n|t:|1700924432\n|switch|p2a: \u6211\u5bc4\u4e86\u4f60\u4eec\u5f00\u5fc3\u4e86\u5427|Corsola-Galar, F, shiny|100\/100\n|turn|2\n|\n|t:|1700924451\n|move|p1a: Urshifu|Surging Strikes|p2a: \u6211\u5bc4\u4e86\u4f60\u4eec\u5f00\u5fc3\u4e86\u5427\n|-crit|p2a: \u6211\u5bc4\u4e86\u4f60\u4eec\u5f00\u5fc3\u4e86\u5427\n|-damage|p2a: \u6211\u5bc4\u4e86\u4f60\u4eec\u5f00\u5fc3\u4e86\u5427|85\/100\n|-crit|p2a: \u6211\u5bc4\u4e86\u4f60\u4eec\u5f00\u5fc3\u4e86\u5427\n|-damage|p2a: \u6211\u5bc4\u4e86\u4f60\u4eec\u5f00\u5fc3\u4e86\u5427|70\/100\n|-crit|p2a: \u6211\u5bc4\u4e86\u4f60\u4eec\u5f00\u5fc3\u4e86\u5427\n|-damage|p2a: \u6211\u5bc4\u4e86\u4f60\u4eec\u5f00\u5fc3\u4e86\u5427|55\/100\n|-hitcount|p2a: \u6211\u5bc4\u4e86\u4f60\u4eec\u5f00\u5fc3\u4e86\u5427|3\n|move|p2a: \u6211\u5bc4\u4e86\u4f60\u4eec\u5f00\u5fc3\u4e86\u5427|Whirlpool|p1a: Urshifu|[miss]\n|-miss|p2a: \u6211\u5bc4\u4e86\u4f60\u4eec\u5f00\u5fc3\u4e86\u5427|p1a: Urshifu\n|\n|upkeep\n|turn|3\n|\n|t:|1700924458\n|-terastallize|p1a: Urshifu|Water\n|move|p1a: Urshifu|Surging Strikes|p2a: \u6211\u5bc4\u4e86\u4f60\u4eec\u5f00\u5fc3\u4e86\u5427\n|-crit|p2a: \u6211\u5bc4\u4e86\u4f60\u4eec\u5f00\u5fc3\u4e86\u5427\n|-damage|p2a: \u6211\u5bc4\u4e86\u4f60\u4eec\u5f00\u5fc3\u4e86\u5427|36\/100\n|-crit|p2a: \u6211\u5bc4\u4e86\u4f60\u4eec\u5f00\u5fc3\u4e86\u5427\n|-damage|p2a: \u6211\u5bc4\u4e86\u4f60\u4eec\u5f00\u5fc3\u4e86\u5427|17\/100\n|-crit|p2a: \u6211\u5bc4\u4e86\u4f60\u4eec\u5f00\u5fc3\u4e86\u5427\n|-damage|p2a: \u6211\u5bc4\u4e86\u4f60\u4eec\u5f00\u5fc3\u4e86\u5427|0 fnt\n|faint|p2a: \u6211\u5bc4\u4e86\u4f60\u4eec\u5f00\u5fc3\u4e86\u5427\n|-hitcount|p2: \u6211\u5bc4\u4e86\u4f60\u4eec\u5f00\u5fc3\u4e86\u5427|3\n|\n|upkeep\n|\n|t:|1700924462\n|switch|p2a: \u82b1\u82b1\u53ef\u7231|Venusaur, M|100\/100\n|turn|4\n|\n|t:|1700924467\n|switch|p1a: Tapu Lele|Tapu Lele|100\/100\n|-fieldstart|move: Psychic Terrain|[from] ability: Psychic Surge|[of] p1a: Tapu Lele\n|detailschange|p2a: \u82b1\u82b1\u53ef\u7231|Venusaur-Mega, M\n|-mega|p2a: \u82b1\u82b1\u53ef\u7231|Venusaur|Venusaurite\n|move|p2a: \u82b1\u82b1\u53ef\u7231|Giga Drain|p1a: Tapu Lele\n|-damage|p1a: Tapu Lele|63\/100\n|\n|upkeep\n|turn|5\n|\n|t:|1700924471\n|switch|p2a: \u5c0f\u86cb|Chansey, F|100\/100\n|move|p1a: Tapu Lele|Psyshock|p2a: \u5c0f\u86cb\n|-damage|p2a: \u5c0f\u86cb|63\/100\n|\n|upkeep\n|turn|6\n|\n|t:|1700924482\n|move|p1a: Tapu Lele|Psyshock|p2a: \u5c0f\u86cb\n|-damage|p2a: \u5c0f\u86cb|28\/100\n|move|p2a: \u5c0f\u86cb|Soft-Boiled|p2a: \u5c0f\u86cb\n|-heal|p2a: \u5c0f\u86cb|78\/100\n|\n|upkeep\n|turn|7\n|\n|t:|1700924486\n|switch|p1a: Shiftry|Shiftry, F|100\/100\n|move|p2a: \u5c0f\u86cb|Toxic|p1a: Shiftry\n|-status|p1a: Shiftry|tox\n|\n|-damage|p1a: Shiftry|94\/100 tox|[from] psn\n|upkeep\n|turn|8\n|\n|t:|1700924492\n|switch|p2a: \u82b1\u82b1\u53ef\u7231|Venusaur-Mega, M|100\/100\n|-zpower|p1a: Shiftry\n|move|p1a: Shiftry|Z-Tailwind|p1a: Shiftry|[anim]Tailwind\n|-start|p1a: Shiftry|move: Focus Energy|[zeffect]\n|-sidestart|p1: Anhkiet|move: Tailwind\n|-ability|p1a: Shiftry|Wind Rider|boost\n|-boost|p1a: Shiftry|atk|1\n|\n|-damage|p1a: Shiftry|82\/100 tox|[from] psn\n|-fieldend|move: Psychic Terrain\n|upkeep\n|turn|9\n|\n|t:|1700924507\n|move|p1a: Shiftry|Knock Off|p2a: \u82b1\u82b1\u53ef\u7231\n|-damage|p2a: \u82b1\u82b1\u53ef\u7231|71\/100\n|move|p2a: \u82b1\u82b1\u53ef\u7231|Sludge Bomb|p1a: Shiftry\n|-supereffective|p1a: Shiftry\n|-damage|p1a: Shiftry|0 fnt\n|faint|p1a: Shiftry\n|\n|upkeep\n|\n|t:|1700924517\n|switch|p1a: Polteageist|Polteageist-Antique|100\/100\n|turn|10\n|inactive|Battle timer is ON: inactive players will automatically lose when time's up. (requested by Anhkiet)\n|\n|t:|1700924526\n|move|p1a: Polteageist|Shell Smash|p1a: Polteageist\n|-unboost|p1a: Polteageist|def|1\n|-unboost|p1a: Polteageist|spd|1\n|-boost|p1a: Polteageist|atk|2\n|-boost|p1a: Polteageist|spa|2\n|-boost|p1a: Polteageist|spe|2\n|move|p2a: \u82b1\u82b1\u53ef\u7231|Giga Drain|p1a: Polteageist\n|-damage|p1a: Polteageist|41\/100\n|-heal|p2a: \u82b1\u82b1\u53ef\u7231|93\/100|[from] drain|[of] p1a: Polteageist\n|\n|upkeep\n|turn|11\n|\n|t:|1700924537\n|switch|p2a: \u5c0f\u86cb|Chansey, F|78\/100\n|move|p1a: Polteageist|Stored Power|p2a: \u5c0f\u86cb\n|-damage|p2a: \u5c0f\u86cb|48\/100\n|\n|-sideend|p1: Anhkiet|move: Tailwind\n|upkeep\n|turn|12\n|\n|t:|1700924547\n|move|p1a: Polteageist|Shell Smash|p1a: Polteageist\n|-unboost|p1a: Polteageist|def|1\n|-unboost|p1a: Polteageist|spd|1\n|-boost|p1a: Polteageist|atk|2\n|-boost|p1a: Polteageist|spa|2\n|-boost|p1a: Polteageist|spe|2\n|move|p2a: \u5c0f\u86cb|Soft-Boiled|p2a: \u5c0f\u86cb\n|-heal|p2a: \u5c0f\u86cb|98\/100\n|\n|upkeep\n|turn|13\n|\n|t:|1700924555\n|move|p1a: Polteageist|Stored Power|p2a: \u5c0f\u86cb\n|-damage|p2a: \u5c0f\u86cb|20\/100\n|move|p2a: \u5c0f\u86cb|Toxic|p1a: Polteageist\n|-status|p1a: Polteageist|tox\n|\n|-damage|p1a: Polteageist|35\/100 tox|[from] psn\n|upkeep\n|turn|14\n|\n|t:|1700924560\n|move|p1a: Polteageist|Stored Power|p2a: \u5c0f\u86cb\n|-damage|p2a: \u5c0f\u86cb|0 fnt\n|faint|p2a: \u5c0f\u86cb\n|\n|-damage|p1a: Polteageist|23\/100 tox|[from] psn\n|upkeep\n|\n|t:|1700924562\n|switch|p2a: \u4ebb\u5c14\u5973\u5b50|Gliscor, M|100\/100\n|turn|15\n|\n|t:|1700924570\n|move|p2a: \u4ebb\u5c14\u5973\u5b50|Protect|p2a: \u4ebb\u5c14\u5973\u5b50\n|-singleturn|p2a: \u4ebb\u5c14\u5973\u5b50|Protect\n|move|p1a: Polteageist|Stored Power|p2a: \u4ebb\u5c14\u5973\u5b50\n|-activate|p2a: \u4ebb\u5c14\u5973\u5b50|move: Protect\n|\n|-damage|p1a: Polteageist|5\/100 tox|[from] psn\n|-status|p2a: \u4ebb\u5c14\u5973\u5b50|tox|[from] item: Toxic Orb\n|upkeep\n|turn|16\n|\n|t:|1700924573\n|move|p2a: \u4ebb\u5c14\u5973\u5b50|Protect||[still]\n|-fail|p2a: \u4ebb\u5c14\u5973\u5b50\n|move|p1a: Polteageist|Stored Power|p2a: \u4ebb\u5c14\u5973\u5b50\n|-damage|p2a: \u4ebb\u5c14\u5973\u5b50|0 fnt\n|faint|p2a: \u4ebb\u5c14\u5973\u5b50\n|\n|-damage|p1a: Polteageist|0 fnt|[from] psn\n|faint|p1a: Polteageist\n|upkeep\n|\n|t:|1700924596\n|switch|p1a: Tapu Lele|Tapu Lele|63\/100\n|switch|p2a: \u58ee\u58ee\u5988|Skeledirge, F|100\/100\n|-fieldstart|move: Psychic Terrain|[from] ability: Psychic Surge|[of] p1a: Tapu Lele\n|turn|17\n|\n|t:|1700924601\n|-terastallize|p2a: \u58ee\u58ee\u5988|Fairy\n|move|p1a: Tapu Lele|Future Sight|p2a: \u58ee\u58ee\u5988\n|-start|p1a: Tapu Lele|move: Future Sight\n|move|p2a: \u58ee\u58ee\u5988|Hex|p1a: Tapu Lele\n|-supereffective|p1a: Tapu Lele\n|-crit|p1a: Tapu Lele\n|-damage|p1a: Tapu Lele|0 fnt\n|faint|p1a: Tapu Lele\n|\n|upkeep\n|inactive|Anhkiet has 120 seconds left.\n|\n|t:|1700924639\n|switch|p1a: Banette|Banette, F|100\/100\n|-item|p2a: \u58ee\u58ee\u5988|Leftovers|[from] ability: Frisk|[of] p1a: Banette|[identify]\n|turn|18\n|\n|t:|1700924642\n|detailschange|p1a: Banette|Banette-Mega, F\n|-mega|p1a: Banette|Banette|Banettite\n|move|p1a: Banette|Gunk Shot|p2a: \u58ee\u58ee\u5988\n|-supereffective|p2a: \u58ee\u58ee\u5988\n|-damage|p2a: \u58ee\u58ee\u5988|35\/100\n|move|p2a: \u58ee\u58ee\u5988|Will-O-Wisp|p1a: Banette\n|-status|p1a: Banette|brn\n|\n|-heal|p2a: \u58ee\u58ee\u5988|41\/100|[from] item: Leftovers\n|-damage|p1a: Banette|94\/100 brn|[from] brn\n|upkeep\n|turn|19\n|\n|t:|1700924649\n|move|p1a: Banette|Gunk Shot|p2a: \u58ee\u58ee\u5988\n|-supereffective|p2a: \u58ee\u58ee\u5988\n|-damage|p2a: \u58ee\u58ee\u5988|10\/100\n|-status|p2a: \u58ee\u58ee\u5988|psn\n|move|p2a: \u58ee\u58ee\u5988|Slack Off|p2a: \u58ee\u58ee\u5988\n|-heal|p2a: \u58ee\u58ee\u5988|60\/100 psn\n|\n|-end|p2a: \u58ee\u58ee\u5988|move: Future Sight\n|-damage|p2a: \u58ee\u58ee\u5988|0 fnt\n|faint|p2a: \u58ee\u58ee\u5988\n|-damage|p1a: Banette|88\/100 brn|[from] brn\n|upkeep\n|\n|t:|1700924652\n|switch|p2a: \u82b1\u82b1\u53ef\u7231|Venusaur-Mega, M|93\/100\n|turn|20\n|\n|t:|1700924661\n|move|p2a: \u82b1\u82b1\u53ef\u7231|Giga Drain|p1a: Banette\n|-damage|p1a: Banette|48\/100 brn\n|-heal|p2a: \u82b1\u82b1\u53ef\u7231|100\/100|[from] drain|[of] p1a: Banette\n|move|p1a: Banette|Poltergeist|p2a: \u82b1\u82b1\u53ef\u7231\n|-activate|p2a: \u82b1\u82b1\u53ef\u7231|move: Poltergeist|Venusaurite\n|-damage|p2a: \u82b1\u82b1\u53ef\u7231|72\/100\n|\n|-damage|p1a: Banette|42\/100 brn|[from] brn\n|upkeep\n|turn|21\n|\n|t:|1700924670\n|move|p1a: Banette|Destiny Bond|p1a: Banette\n|-singlemove|p1a: Banette|Destiny Bond\n|move|p2a: \u82b1\u82b1\u53ef\u7231|Sludge Bomb|p1a: Banette\n|-resisted|p1a: Banette\n|-damage|p1a: Banette|17\/100 brn\n|\n|-damage|p1a: Banette|11\/100 brn|[from] brn\n|-fieldend|move: Psychic Terrain\n|upkeep\n|turn|22\n|\n|t:|1700924680\n|switch|p1a: Urshifu|Urshifu-Rapid-Strike, M, tera:Water|36\/100\n|move|p2a: \u82b1\u82b1\u53ef\u7231|Synthesis|p2a: \u82b1\u82b1\u53ef\u7231\n|-heal|p2a: \u82b1\u82b1\u53ef\u7231|100\/100\n|\n|upkeep\n|turn|23\n|\n|t:|1700924692\n|move|p1a: Urshifu|Surging Strikes|p2a: \u82b1\u82b1\u53ef\u7231\n|-resisted|p2a: \u82b1\u82b1\u53ef\u7231\n|-crit|p2a: \u82b1\u82b1\u53ef\u7231\n|-damage|p2a: \u82b1\u82b1\u53ef\u7231|86\/100\n|-resisted|p2a: \u82b1\u82b1\u53ef\u7231\n|-crit|p2a: \u82b1\u82b1\u53ef\u7231\n|-damage|p2a: \u82b1\u82b1\u53ef\u7231|73\/100\n|-resisted|p2a: \u82b1\u82b1\u53ef\u7231\n|-crit|p2a: \u82b1\u82b1\u53ef\u7231\n|-damage|p2a: \u82b1\u82b1\u53ef\u7231|58\/100\n|-hitcount|p2a: \u82b1\u82b1\u53ef\u7231|3\n|move|p2a: \u82b1\u82b1\u53ef\u7231|Giga Drain|p1a: Urshifu\n|-supereffective|p1a: Urshifu\n|-damage|p1a: Urshifu|0 fnt\n|-heal|p2a: \u82b1\u82b1\u53ef\u7231|74\/100|[from] drain|[of] p1a: Urshifu\n|faint|p1a: Urshifu\n|\n|upkeep\n|j| one eye ding zhen\n|\n|t:|1700924697\n|switch|p1a: Greninja|Greninja, M|100\/100\n|turn|24\n|\n|t:|1700924699\n|move|p1a: Greninja|Dark Pulse|p2a: \u82b1\u82b1\u53ef\u7231\n|-damage|p2a: \u82b1\u82b1\u53ef\u7231|42\/100\n|-damage|p1a: Greninja|91\/100|[from] item: Life Orb\n|move|p2a: \u82b1\u82b1\u53ef\u7231|Giga Drain|p1a: Greninja\n|-supereffective|p1a: Greninja\n|-damage|p1a: Greninja|0 fnt\n|-heal|p2a: \u82b1\u82b1\u53ef\u7231|78\/100|[from] drain|[of] p1a: Greninja\n|faint|p1a: Greninja\n|\n|upkeep\n|\n|t:|1700924722\n|switch|p1a: Banette|Banette-Mega, F|11\/100 brn\n|turn|25\n|-message|Anhkiet forfeited.\n|\n|win|ndou\u6389\u5206\u84dd\u67d0\u4fa0996\n|raw|Anhkiet's rating: 1543 &rarr; <strong>1523<\/strong><br \/>(-20 for losing)\n|raw|ndou\u6389\u5206\u84dd\u67d0\u4fa0996's rating: 1537 &rarr; <strong>1557<\/strong><br \/>(+20 for winning)\n|l|\u2606Anhkiet\n","uploadtime":1700924730,"views":0,"p1id":"anhkiet","p2id":"ndou996","formatid":"gen9nationaldex","rating":1523,"private":0,"password":""}