{"id":"gen9nationaldex-1998806186","p1":"GBlackGold","p2":"steals many wives","format":"[Gen 9] National Dex","log":"|html|<div class=\"broadcast-blue\"><strong>[Gen 9] National Dex is currently suspecting Sneasler! For information on how to participate check out the <a href=\"https:\/\/www.smogon.com\/forums\/threads\/sv-national-dex-suspect-8-just-dance.3731534\/\">suspect thread<\/a>.<\/strong><\/div>\n|j|\u2606GBlackGold\n|j|\u2606steals many wives\n|t:|1700994760\n|gametype|singles\n|player|p1|GBlackGold|swimmer-gen4dp|1132\n|player|p2|steals many wives|waitress|1152\n|teamsize|p1|6\n|teamsize|p2|6\n|gen|9\n|tier|[Gen 9] National Dex\n|rated|\n|rule|HP Percentage Mod: HP is shown in percentages\n|rule|Endless Battle Clause: Forcing endless battles is banned\n|rule|OHKO Clause: OHKO moves are banned\n|rule|Evasion Clause: Evasion abilities, items, and moves are banned\n|rule|Evasion Abilities Clause: Evasion abilities are banned\n|rule|Evasion Items Clause: Evasion items are banned\n|rule|Evasion Moves Clause: Evasion moves are banned\n|rule|Species Clause: Limit one of each Pok\u00e9mon\n|rule|Sleep Clause Mod: Limit one foe put to sleep\n|clearpoke\n|poke|p1|Mimikyu, M|\n|poke|p1|Dedenne, M|\n|poke|p1|Togedemaru, M|\n|poke|p1|Morpeko, F|\n|poke|p1|Emolga, F|\n|poke|p1|Pikachu, F|\n|poke|p2|Volcarona, M|\n|poke|p2|Chandelure, F|\n|poke|p2|Rotom-Heat|\n|poke|p2|Victini|\n|poke|p2|Volcanion|\n|poke|p2|Charizard, F|\n|teampreview\n|inactive|Battle timer is ON: inactive players will automatically lose when time's up. (requested by GBlackGold)\n|\n|t:|1700994771\n|start\n|switch|p1a: Totes|Emolga, F|100\/100\n|switch|p2a: Violence|Victini|100\/100\n|turn|1\n|\n|t:|1700994779\n|move|p1a: Totes|Tailwind|p1a: Totes\n|-sidestart|p1: GBlackGold|move: Tailwind\n|move|p2a: Violence|V-create|p1a: Totes\n|-enditem|p1a: Totes|Focus Sash\n|-damage|p1a: Totes|1\/100\n|-unboost|p2a: Violence|spe|1\n|-unboost|p2a: Violence|def|1\n|-unboost|p2a: Violence|spd|1\n|\n|upkeep\n|turn|2\n|\n|t:|1700994792\n|move|p1a: Totes|Volt Switch|p2a: Violence\n|-damage|p2a: Violence|60\/100\n|\n|t:|1700994795\n|switch|p1a: Dende|Dedenne, M, shiny|100\/100|[from] Volt Switch\n|move|p2a: Violence|Blaze Kick|p1a: Dende\n|-damage|p1a: Dende|32\/100\n|\n|upkeep\n|turn|3\n|\n|t:|1700994811\n|move|p1a: Dende|Discharge|p2a: Violence\n|-damage|p2a: Violence|14\/100\n|-status|p2a: Violence|par\n|move|p2a: Violence|Blaze Kick|p1a: Dende\n|-damage|p1a: Dende|0 fnt\n|faint|p1a: Dende\n|\n|upkeep\n|\n|t:|1700994822\n|switch|p1a: Sinister Rouge|Mimikyu, M, shiny|100\/100\n|turn|4\n|\n|t:|1700994828\n|move|p1a: Sinister Rouge|Swords Dance|p1a: Sinister Rouge\n|-boost|p1a: Sinister Rouge|atk|2\n|move|p2a: Violence|Blaze Kick|p1a: Sinister Rouge\n|-activate|p1a: Sinister Rouge|ability: Disguise\n|-damage|p1a: Sinister Rouge|100\/100\n|detailschange|p1a: Sinister Rouge|Mimikyu-Busted, M, shiny\n|-damage|p1a: Sinister Rouge|88\/100|[from] pokemon: Mimikyu-Busted\n|\n|-sideend|p1: GBlackGold|move: Tailwind\n|upkeep\n|turn|5\n|\n|t:|1700994843\n|move|p1a: Sinister Rouge|Drain Punch|p2a: Violence\n|-resisted|p2a: Violence\n|-damage|p2a: Violence|0 fnt\n|-heal|p1a: Sinister Rouge|97\/100|[from] drain|[of] p2a: Violence\n|faint|p2a: Violence\n|\n|upkeep\n|\n|t:|1700994855\n|switch|p2a: Living Onsen|Volcanion|100\/100\n|turn|6\n|\n|t:|1700994859\n|move|p1a: Sinister Rouge|Phantom Force||[still]\n|-prepare|p1a: Sinister Rouge|Phantom Force\n|-enditem|p1a: Sinister Rouge|Power Herb\n|-anim|p1a: Sinister Rouge|Phantom Force|p2a: Living Onsen\n|-damage|p2a: Living Onsen|33\/100\n|move|p2a: Living Onsen|Steam Eruption|p1a: Sinister Rouge\n|-damage|p1a: Sinister Rouge|20\/100\n|\n|upkeep\n|turn|7\n|\n|t:|1700994868\n|move|p1a: Sinister Rouge|Drain Punch|p2a: Living Onsen\n|-damage|p2a: Living Onsen|0 fnt\n|-heal|p1a: Sinister Rouge|41\/100|[from] drain|[of] p2a: Living Onsen\n|faint|p2a: Living Onsen\n|\n|upkeep\n|\n|t:|1700994874\n|switch|p2a: Easy Bake|Rotom-Heat|100\/100\n|turn|8\n|\n|t:|1700994879\n|move|p1a: Sinister Rouge|Drain Punch|p2a: Easy Bake\n|-damage|p2a: Easy Bake|49\/100\n|-heal|p1a: Sinister Rouge|67\/100|[from] drain|[of] p2a: Easy Bake\n|move|p2a: Easy Bake|Overheat|p1a: Sinister Rouge\n|-damage|p1a: Sinister Rouge|0 fnt\n|-unboost|p2a: Easy Bake|spa|2\n|-enditem|p2a: Easy Bake|White Herb\n|-clearnegativeboost|p2a: Easy Bake|[silent]\n|faint|p1a: Sinister Rouge\n|\n|upkeep\n|\n|t:|1700994891\n|switch|p1a: Totes|Emolga, F|1\/100\n|turn|9\n|\n|t:|1700994897\n|move|p1a: Totes|Tailwind|p1a: Totes\n|-sidestart|p1: GBlackGold|move: Tailwind\n|move|p2a: Easy Bake|Overheat|p1a: Totes\n|-damage|p1a: Totes|0 fnt\n|-unboost|p2a: Easy Bake|spa|2\n|faint|p1a: Totes\n|\n|upkeep\n|\n|t:|1700994906\n|switch|p1a: Feed Me|Morpeko, F|100\/100\n|turn|10\n|\n|t:|1700994911\n|move|p2a: Easy Bake|Sucker Punch|p1a: Feed Me\n|-resisted|p1a: Feed Me\n|-damage|p1a: Feed Me|89\/100\n|move|p1a: Feed Me|Rapid Spin|p2a: Easy Bake\n|-damage|p2a: Easy Bake|23\/100\n|-boost|p1a: Feed Me|spe|1\n|-damage|p1a: Feed Me|79\/100|[from] item: Life Orb\n|\n|-formechange|p1a: Feed Me|Morpeko-Hangry||[from] ability: Hunger Switch\n|upkeep\n|turn|11\n|\n|t:|1700994921\n|move|p1a: Feed Me|Aura Wheel|p2a: Easy Bake\n|-damage|p2a: Easy Bake|0 fnt\n|-boost|p1a: Feed Me|spe|1\n|faint|p2a: Easy Bake\n|-damage|p1a: Feed Me|70\/100|[from] item: Life Orb\n|\n|-formechange|p1a: Feed Me|Morpeko||[from] ability: Hunger Switch\n|upkeep\n|\n|t:|1700994930\n|switch|p2a: Praise The Sun!|Volcarona, M|100\/100\n|turn|12\n|\n|t:|1700994934\n|move|p1a: Feed Me|Aura Wheel|p2a: Praise The Sun!\n|-damage|p2a: Praise The Sun!|15\/100\n|-boost|p1a: Feed Me|spe|1\n|-damage|p1a: Feed Me|60\/100|[from] item: Life Orb\n|move|p2a: Praise The Sun!|Bug Buzz|p1a: Feed Me\n|-supereffective|p1a: Feed Me\n|-damage|p1a: Feed Me|0 fnt\n|faint|p1a: Feed Me\n|\n|-sideend|p1: GBlackGold|move: Tailwind\n|upkeep\n|\n|t:|1700994945\n|switch|p1a: Pardon My Zing Zap|Togedemaru, M|100\/100\n|turn|13\n|\n|t:|1700994951\n|-terastallize|p1a: Pardon My Zing Zap|Flying\n|move|p1a: Pardon My Zing Zap|Fake Out|p2a: Praise The Sun!\n|-damage|p2a: Praise The Sun!|0 fnt\n|faint|p2a: Praise The Sun!\n|\n|upkeep\n|\n|t:|1700994956\n|switch|p2a: Dragon Ballin'|Charizard, F|100\/100\n|turn|14\n|\n|t:|1700994962\n|detailschange|p2a: Dragon Ballin'|Charizard-Mega-X, F\n|-mega|p2a: Dragon Ballin'|Charizard|Charizardite X\n|move|p2a: Dragon Ballin'|Dragon Dance|p2a: Dragon Ballin'\n|-boost|p2a: Dragon Ballin'|atk|1\n|-boost|p2a: Dragon Ballin'|spe|1\n|move|p1a: Pardon My Zing Zap|Zing Zap|p2a: Dragon Ballin'\n|-resisted|p2a: Dragon Ballin'\n|-damage|p2a: Dragon Ballin'|85\/100\n|\n|upkeep\n|turn|15\n|\n|t:|1700994972\n|move|p2a: Dragon Ballin'|Flare Blitz|p1a: Pardon My Zing Zap\n|-damage|p1a: Pardon My Zing Zap|0 fnt\n|-damage|p2a: Dragon Ballin'|73\/100|[from] ability: Iron Barbs|[of] p1a: Pardon My Zing Zap\n|faint|p1a: Pardon My Zing Zap\n|-damage|p2a: Dragon Ballin'|43\/100|[from] Recoil\n|\n|upkeep\n|\n|t:|1700994979\n|switch|p1a: G|Pikachu, F|100\/100\n|turn|16\n|\n|t:|1700994982\n|move|p1a: G|Fake Out|p2a: Dragon Ballin'\n|-crit|p2a: Dragon Ballin'\n|-damage|p2a: Dragon Ballin'|16\/100\n|cant|p2a: Dragon Ballin'|flinch\n|\n|upkeep\n|turn|17\n|\n|t:|1700994988\n|move|p1a: G|Extreme Speed|p2a: Dragon Ballin'\n|-damage|p2a: Dragon Ballin'|0 fnt\n|faint|p2a: Dragon Ballin'\n|\n|upkeep\n|c|\u2606steals many wives|oh no\n|\n|t:|1700994994\n|switch|p2a: I Love Lamp|Chandelure, F, shiny|100\/100\n|turn|18\n|\n|t:|1700994998\n|move|p2a: I Love Lamp|Flamethrower|p1a: G\n|-damage|p1a: G|0 fnt\n|faint|p1a: G\n|\n|win|steals many wives\n|raw|GBlackGold's rating: 1132 &rarr; <strong>1108<\/strong><br \/>(-24 for losing)\n|raw|steals many wives's rating: 1152 &rarr; <strong>1176<\/strong><br \/>(+24 for winning)\n|l|\u2606GBlackGold\n","uploadtime":1700995009,"views":4,"p1id":"gblackgold","p2id":"stealsmanywives","formatid":"gen9nationaldex","rating":1108,"private":0,"password":""}