{"id":"gen9nationaldex-1997423849","p1":"wwwkp","p2":"AMERICA NUMBER 1","format":"[Gen 9] National Dex","log":"|html|<div class=\"broadcast-blue\"><strong>[Gen 9] National Dex is currently suspecting Sneasler! For information on how to participate check out the <a href=\"https:\/\/www.smogon.com\/forums\/threads\/sv-national-dex-suspect-8-just-dance.3731534\/\">suspect thread<\/a>.<\/strong><\/div>\n|j|\u2606wwwkp\n|j|\u2606AMERICA NUMBER 1\n|t:|1700802862\n|gametype|singles\n|player|p1|wwwkp|bugcatcher-gen4dp|1420\n|player|p2|AMERICA NUMBER 1|hiker-gen4|1304\n|teamsize|p1|6\n|teamsize|p2|6\n|gen|9\n|tier|[Gen 9] National Dex\n|rated|\n|rule|HP Percentage Mod: HP is shown in percentages\n|rule|Endless Battle Clause: Forcing endless battles is banned\n|rule|OHKO Clause: OHKO moves are banned\n|rule|Evasion Clause: Evasion abilities, items, and moves are banned\n|rule|Evasion Abilities Clause: Evasion abilities are banned\n|rule|Evasion Items Clause: Evasion items are banned\n|rule|Evasion Moves Clause: Evasion moves are banned\n|rule|Species Clause: Limit one of each Pok\u00e9mon\n|rule|Sleep Clause Mod: Limit one foe put to sleep\n|clearpoke\n|poke|p1|Toxapex, M|\n|poke|p1|Dondozo, M|\n|poke|p1|Garganacl, F|\n|poke|p1|Sableye, F|\n|poke|p1|Gliscor, M|\n|poke|p1|Mew|\n|poke|p2|Iron Hands|\n|poke|p2|Rillaboom, M|\n|poke|p2|Dondozo, M|\n|poke|p2|Garganacl, M|\n|poke|p2|Sableye, F|\n|poke|p2|Corviknight, M|\n|teampreview\n|\n|t:|1700802877\n|start\n|switch|p1a: Sableye|Sableye, F|100\/100\n|switch|p2a: CHILI EXPLOSION|Rillaboom, M|100\/100\n|-fieldstart|move: Grassy Terrain|[from] ability: Grassy Surge|[of] p2a: CHILI EXPLOSION\n|turn|1\n|\n|t:|1700802897\n|detailschange|p1a: Sableye|Sableye-Mega, F\n|-mega|p1a: Sableye|Sableye|Sablenite\n|-terastallize|p2a: CHILI EXPLOSION|Grass\n|move|p2a: CHILI EXPLOSION|Wood Hammer|p1a: Sableye\n|-damage|p1a: Sableye|0 fnt\n|faint|p1a: Sableye\n|-damage|p2a: CHILI EXPLOSION|71\/100|[from] Recoil\n|\n|-heal|p2a: CHILI EXPLOSION|77\/100|[from] Grassy Terrain\n|upkeep\n|c|\u2606AMERICA NUMBER 1|BOOOOOOOOOM\n|\n|t:|1700802906\n|switch|p1a: Dondozo|Dondozo, M|100\/100\n|turn|2\n|\n|t:|1700802910\n|-terastallize|p1a: Dondozo|Dragon\n|move|p2a: CHILI EXPLOSION|Wood Hammer|p1a: Dondozo\n|-resisted|p1a: Dondozo\n|-damage|p1a: Dondozo|64\/100\n|-damage|p2a: CHILI EXPLOSION|60\/100|[from] Recoil\n|move|p1a: Dondozo|Curse|p1a: Dondozo\n|-unboost|p1a: Dondozo|spe|1\n|-boost|p1a: Dondozo|atk|1\n|-boost|p1a: Dondozo|def|1\n|\n|-heal|p2a: CHILI EXPLOSION|66\/100|[from] Grassy Terrain\n|-heal|p1a: Dondozo|70\/100|[from] Grassy Terrain\n|-heal|p1a: Dondozo|76\/100|[from] item: Leftovers\n|upkeep\n|turn|3\n|\n|t:|1700802925\n|switch|p2a: IM 700 LBS|Sableye, F|100\/100\n|move|p1a: Dondozo|Liquidation|p2a: IM 700 LBS\n|-damage|p2a: IM 700 LBS|56\/100\n|\n|-heal|p2a: IM 700 LBS|62\/100|[from] Grassy Terrain\n|-heal|p1a: Dondozo|82\/100|[from] Grassy Terrain\n|-heal|p1a: Dondozo|89\/100|[from] item: Leftovers\n|upkeep\n|turn|4\n|\n|t:|1700802940\n|move|p2a: IM 700 LBS|Recover|p2a: IM 700 LBS\n|-heal|p2a: IM 700 LBS|100\/100\n|move|p1a: Dondozo|Liquidation|p2a: IM 700 LBS\n|-damage|p2a: IM 700 LBS|55\/100\n|\n|-heal|p2a: IM 700 LBS|61\/100|[from] Grassy Terrain\n|-heal|p1a: Dondozo|95\/100|[from] Grassy Terrain\n|-heal|p1a: Dondozo|100\/100|[from] item: Leftovers\n|upkeep\n|turn|5\n|\n|t:|1700802949\n|move|p2a: IM 700 LBS|Will-O-Wisp|p1a: Dondozo\n|-status|p1a: Dondozo|brn\n|move|p1a: Dondozo|Curse|p1a: Dondozo\n|-unboost|p1a: Dondozo|spe|1\n|-boost|p1a: Dondozo|atk|1\n|-boost|p1a: Dondozo|def|1\n|\n|-heal|p2a: IM 700 LBS|67\/100|[from] Grassy Terrain\n|-damage|p1a: Dondozo|94\/100 brn|[from] brn\n|-fieldend|move: Grassy Terrain\n|upkeep\n|turn|6\n|\n|t:|1700802959\n|move|p2a: IM 700 LBS|Encore|p1a: Dondozo\n|-start|p1a: Dondozo|Encore\n|move|p1a: Dondozo|Curse|p1a: Dondozo\n|-unboost|p1a: Dondozo|spe|1\n|-boost|p1a: Dondozo|atk|1\n|-boost|p1a: Dondozo|def|1\n|\n|-heal|p1a: Dondozo|100\/100 brn|[from] item: Leftovers\n|-damage|p1a: Dondozo|94\/100 brn|[from] brn\n|upkeep\n|turn|7\n|\n|t:|1700802970\n|switch|p1a: Garganacl|Garganacl, F|100\/100\n|move|p2a: IM 700 LBS|Knock Off|p1a: Garganacl\n|-damage|p1a: Garganacl|83\/100\n|-enditem|p1a: Garganacl|Leftovers|[from] move: Knock Off|[of] p2a: IM 700 LBS\n|\n|upkeep\n|turn|8\n|\n|t:|1700802977\n|switch|p2a: CHICKEN SANDIWCH|Corviknight, M|100\/100\n|-ability|p2a: CHICKEN SANDIWCH|Pressure\n|move|p1a: Garganacl|Salt Cure|p2a: CHICKEN SANDIWCH\n|-damage|p2a: CHICKEN SANDIWCH|89\/100\n|-start|p2a: CHICKEN SANDIWCH|Salt Cure\n|\n|-damage|p2a: CHICKEN SANDIWCH|64\/100|[from] Salt Cure\n|upkeep\n|turn|9\n|\n|t:|1700802985\n|move|p2a: CHICKEN SANDIWCH|U-turn|p1a: Garganacl\n|-damage|p1a: Garganacl|73\/100\n|\n|t:|1700802989\n|switch|p2a: CHILI EXPLOSION|Rillaboom, M, tera:Grass|66\/100|[from] U-turn\n|-fieldstart|move: Grassy Terrain|[from] ability: Grassy Surge|[of] p2a: CHILI EXPLOSION\n|move|p1a: Garganacl|Stealth Rock|p2a: CHILI EXPLOSION\n|-sidestart|p2: AMERICA NUMBER 1|move: Stealth Rock\n|\n|-heal|p2a: CHILI EXPLOSION|72\/100|[from] Grassy Terrain\n|-heal|p1a: Garganacl|80\/100|[from] Grassy Terrain\n|upkeep\n|turn|10\n|\n|t:|1700803004\n|move|p1a: Garganacl|Protect|p1a: Garganacl\n|-singleturn|p1a: Garganacl|Protect\n|move|p2a: CHILI EXPLOSION|U-turn|p1a: Garganacl\n|-activate|p1a: Garganacl|move: Protect\n|\n|-heal|p2a: CHILI EXPLOSION|78\/100|[from] Grassy Terrain\n|-heal|p1a: Garganacl|86\/100|[from] Grassy Terrain\n|upkeep\n|turn|11\n|\n|t:|1700803015\n|switch|p1a: Gliscor|Gliscor, M|100\/100\n|move|p2a: CHILI EXPLOSION|U-turn|p1a: Gliscor\n|-resisted|p1a: Gliscor\n|-damage|p1a: Gliscor|89\/100\n|\n|t:|1700803034\n|switch|p2a: CHICKEN SANDIWCH|Corviknight, M|64\/100|[from] U-turn\n|-ability|p2a: CHICKEN SANDIWCH|Pressure\n|\n|-status|p1a: Gliscor|tox|[from] item: Toxic Orb\n|upkeep\n|turn|12\n|\n|t:|1700803044\n|move|p1a: Gliscor|Earthquake|p2a: CHICKEN SANDIWCH\n|-immune|p2a: CHICKEN SANDIWCH\n|move|p2a: CHICKEN SANDIWCH|Roost|p2a: CHICKEN SANDIWCH\n|-heal|p2a: CHICKEN SANDIWCH|100\/100\n|-singleturn|p2a: CHICKEN SANDIWCH|move: Roost\n|\n|-heal|p1a: Gliscor|100\/100 tox|[from] ability: Poison Heal\n|upkeep\n|turn|13\n|\n|t:|1700803059\n|move|p1a: Gliscor|Earthquake|p2a: CHICKEN SANDIWCH\n|-immune|p2a: CHICKEN SANDIWCH\n|move|p2a: CHICKEN SANDIWCH|Defog|p1a: Gliscor\n|-unboost|p1a: Gliscor|evasion|1\n|-sideend|p2: AMERICA NUMBER 1|Stealth Rock|[from] move: Defog|[of] p2a: CHICKEN SANDIWCH\n|-fieldend|move: Grassy Terrain\n|\n|upkeep\n|turn|14\n|\n|t:|1700803068\n|switch|p1a: Garganacl|Garganacl, F|86\/100\n|move|p2a: CHICKEN SANDIWCH|Brave Bird|p1a: Garganacl\n|-resisted|p1a: Garganacl\n|-damage|p1a: Garganacl|73\/100\n|-damage|p2a: CHICKEN SANDIWCH|96\/100|[from] Recoil\n|\n|upkeep\n|turn|15\n|\n|t:|1700803077\n|move|p2a: CHICKEN SANDIWCH|U-turn|p1a: Garganacl\n|-damage|p1a: Garganacl|64\/100\n|\n|t:|1700803083\n|switch|p2a: MEAT MOUNTAIN|Iron Hands|100\/100|[from] U-turn\n|move|p1a: Garganacl|Stealth Rock|p2a: MEAT MOUNTAIN\n|-sidestart|p2: AMERICA NUMBER 1|move: Stealth Rock\n|\n|upkeep\n|turn|16\n|\n|t:|1700803090\n|move|p1a: Garganacl|Protect|p1a: Garganacl\n|-singleturn|p1a: Garganacl|Protect\n|move|p2a: MEAT MOUNTAIN|Drain Punch|p1a: Garganacl\n|-activate|p1a: Garganacl|move: Protect\n|\n|upkeep\n|turn|17\n|\n|t:|1700803097\n|switch|p1a: Gliscor|Gliscor, M|100\/100 tox\n|move|p2a: MEAT MOUNTAIN|Volt Switch|p1a: Gliscor\n|-immune|p1a: Gliscor\n|\n|upkeep\n|turn|18\n|\n|t:|1700803104\n|-end|p2a: MEAT MOUNTAIN|Quark Drive|[silent]\n|switch|p2a: CHICKEN SANDIWCH|Corviknight, M|96\/100\n|-ability|p2a: CHICKEN SANDIWCH|Pressure\n|move|p1a: Gliscor|Toxic|p2a: CHICKEN SANDIWCH|[miss]\n|-miss|p1a: Gliscor|p2a: CHICKEN SANDIWCH\n|\n|upkeep\n|turn|19\n|\n|t:|1700803113\n|switch|p1a: Mew|Mew|100\/100\n|move|p2a: CHICKEN SANDIWCH|U-turn|p1a: Mew\n|-supereffective|p1a: Mew\n|-damage|p1a: Mew|78\/100\n|\n|t:|1700803117\n|switch|p2a: CHILI EXPLOSION|Rillaboom, M, tera:Grass|78\/100|[from] U-turn\n|-damage|p2a: CHILI EXPLOSION|66\/100|[from] Stealth Rock\n|-fieldstart|move: Grassy Terrain|[from] ability: Grassy Surge|[of] p2a: CHILI EXPLOSION\n|\n|-heal|p1a: Mew|84\/100|[from] Grassy Terrain\n|-heal|p2a: CHILI EXPLOSION|72\/100|[from] Grassy Terrain\n|upkeep\n|turn|20\n|\n|t:|1700803127\n|switch|p1a: Dondozo|Dondozo, M, tera:Dragon|94\/100 brn\n|move|p2a: CHILI EXPLOSION|U-turn|p1a: Dondozo\n|-damage|p1a: Dondozo|79\/100 brn\n|\n|t:|1700803133\n|switch|p2a: IM 700 LBS|Sableye, F|67\/100|[from] U-turn\n|-damage|p2a: IM 700 LBS|55\/100|[from] Stealth Rock\n|\n|-heal|p2a: IM 700 LBS|61\/100|[from] Grassy Terrain\n|-heal|p1a: Dondozo|86\/100 brn|[from] Grassy Terrain\n|-heal|p1a: Dondozo|92\/100 brn|[from] item: Leftovers\n|-damage|p1a: Dondozo|86\/100 brn|[from] brn\n|upkeep\n|turn|21\n|\n|t:|1700803146\n|move|p2a: IM 700 LBS|Recover|p2a: IM 700 LBS\n|-heal|p2a: IM 700 LBS|100\/100\n|move|p1a: Dondozo|Rest|p1a: Dondozo\n|-status|p1a: Dondozo|slp|[from] move: Rest\n|-heal|p1a: Dondozo|100\/100 slp|[silent]\n|\n|upkeep\n|turn|22\n|\n|t:|1700803152\n|move|p2a: IM 700 LBS|Encore|p1a: Dondozo\n|-start|p1a: Dondozo|Encore\n|cant|p1a: Dondozo|slp\n|\n|upkeep\n|turn|23\n|\n|t:|1700803163\n|switch|p1a: Gliscor|Gliscor, M|100\/100 tox\n|move|p2a: IM 700 LBS|Knock Off|p1a: Gliscor\n|-damage|p1a: Gliscor|83\/100 tox\n|-enditem|p1a: Gliscor|Toxic Orb|[from] move: Knock Off|[of] p2a: IM 700 LBS\n|\n|-heal|p1a: Gliscor|96\/100 tox|[from] ability: Poison Heal\n|-fieldend|move: Grassy Terrain\n|upkeep\n|turn|24\n|\n|t:|1700803185\n|switch|p2a: CHICKEN SANDIWCH|Corviknight, M|96\/100\n|-ability|p2a: CHICKEN SANDIWCH|Pressure\n|move|p1a: Gliscor|Earthquake|p2a: CHICKEN SANDIWCH\n|-immune|p2a: CHICKEN SANDIWCH\n|\n|-heal|p1a: Gliscor|100\/100 tox|[from] ability: Poison Heal\n|upkeep\n|turn|25\n|\n|t:|1700803201\n|switch|p1a: Garganacl|Garganacl, F|64\/100\n|move|p2a: CHICKEN SANDIWCH|Defog|p1a: Garganacl\n|-unboost|p1a: Garganacl|evasion|1\n|-sideend|p2: AMERICA NUMBER 1|Stealth Rock|[from] move: Defog|[of] p2a: CHICKEN SANDIWCH\n|\n|upkeep\n|turn|26\n|\n|t:|1700803213\n|move|p2a: CHICKEN SANDIWCH|U-turn|p1a: Garganacl\n|-damage|p1a: Garganacl|54\/100\n|\n|t:|1700803218\n|switch|p2a: CHILI EXPLOSION|Rillaboom, M, tera:Grass|72\/100|[from] U-turn\n|-fieldstart|move: Grassy Terrain|[from] ability: Grassy Surge|[of] p2a: CHILI EXPLOSION\n|move|p1a: Garganacl|Stealth Rock|p2a: CHILI EXPLOSION\n|-sidestart|p2: AMERICA NUMBER 1|move: Stealth Rock\n|\n|-heal|p2a: CHILI EXPLOSION|78\/100|[from] Grassy Terrain\n|-heal|p1a: Garganacl|60\/100|[from] Grassy Terrain\n|upkeep\n|turn|27\n|\n|t:|1700803233\n|move|p1a: Garganacl|Protect|p1a: Garganacl\n|-singleturn|p1a: Garganacl|Protect\n|move|p2a: CHILI EXPLOSION|Wood Hammer|p1a: Garganacl\n|-activate|p1a: Garganacl|move: Protect\n|\n|-heal|p2a: CHILI EXPLOSION|84\/100|[from] Grassy Terrain\n|-heal|p1a: Garganacl|66\/100|[from] Grassy Terrain\n|upkeep\n|turn|28\n|\n|t:|1700803243\n|switch|p1a: Dondozo|Dondozo, M, tera:Dragon|100\/100 slp\n|move|p2a: CHILI EXPLOSION|Wood Hammer|p1a: Dondozo\n|-resisted|p1a: Dondozo\n|-damage|p1a: Dondozo|67\/100 slp\n|-damage|p2a: CHILI EXPLOSION|68\/100|[from] Recoil\n|\n|-heal|p2a: CHILI EXPLOSION|74\/100|[from] Grassy Terrain\n|-heal|p1a: Dondozo|73\/100 slp|[from] Grassy Terrain\n|-heal|p1a: Dondozo|80\/100 slp|[from] item: Leftovers\n|upkeep\n|turn|29\n|\n|t:|1700803254\n|move|p2a: CHILI EXPLOSION|Wood Hammer|p1a: Dondozo\n|-resisted|p1a: Dondozo\n|-damage|p1a: Dondozo|43\/100 slp\n|-damage|p2a: CHILI EXPLOSION|57\/100|[from] Recoil\n|cant|p1a: Dondozo|slp\n|move|p1a: Dondozo|Sleep Talk|p1a: Dondozo\n|move|p1a: Dondozo|Liquidation|p2a: CHILI EXPLOSION|[from]move: Sleep Talk\n|-resisted|p2a: CHILI EXPLOSION\n|-damage|p2a: CHILI EXPLOSION|41\/100\n|\n|-heal|p2a: CHILI EXPLOSION|47\/100|[from] Grassy Terrain\n|-heal|p1a: Dondozo|49\/100 slp|[from] Grassy Terrain\n|-heal|p1a: Dondozo|56\/100 slp|[from] item: Leftovers\n|upkeep\n|turn|30\n|\n|t:|1700803270\n|move|p2a: CHILI EXPLOSION|Wood Hammer|p1a: Dondozo\n|-resisted|p1a: Dondozo\n|-damage|p1a: Dondozo|22\/100 slp\n|-damage|p2a: CHILI EXPLOSION|31\/100|[from] Recoil\n|-curestatus|p1a: Dondozo|slp|[msg]\n|move|p1a: Dondozo|Sleep Talk||[still]\n|-fail|p1a: Dondozo\n|\n|-heal|p2a: CHILI EXPLOSION|37\/100|[from] Grassy Terrain\n|-heal|p1a: Dondozo|28\/100|[from] Grassy Terrain\n|-heal|p1a: Dondozo|35\/100|[from] item: Leftovers\n|-fieldend|move: Grassy Terrain\n|upkeep\n|turn|31\n|\n|t:|1700803284\n|move|p2a: CHILI EXPLOSION|Wood Hammer|p1a: Dondozo\n|-resisted|p1a: Dondozo\n|-damage|p1a: Dondozo|7\/100\n|-damage|p2a: CHILI EXPLOSION|24\/100|[from] Recoil\n|move|p1a: Dondozo|Rest|p1a: Dondozo\n|-status|p1a: Dondozo|slp|[from] move: Rest\n|-heal|p1a: Dondozo|100\/100 slp|[silent]\n|\n|upkeep\n|turn|32\n|\n|t:|1700803292\n|switch|p2a: CHICKEN SANDIWCH|Corviknight, M|96\/100\n|-ability|p2a: CHICKEN SANDIWCH|Pressure\n|cant|p1a: Dondozo|slp\n|move|p1a: Dondozo|Sleep Talk|p1a: Dondozo\n|move|p1a: Dondozo|Liquidation|p2a: CHICKEN SANDIWCH|[from]move: Sleep Talk\n|-damage|p2a: CHICKEN SANDIWCH|74\/100\n|\n|upkeep\n|turn|33\n|\n|t:|1700803303\n|move|p2a: CHICKEN SANDIWCH|Defog|p1a: Dondozo\n|-unboost|p1a: Dondozo|evasion|1\n|-sideend|p2: AMERICA NUMBER 1|Stealth Rock|[from] move: Defog|[of] p2a: CHICKEN SANDIWCH\n|cant|p1a: Dondozo|slp\n|move|p1a: Dondozo|Sleep Talk|p1a: Dondozo\n|move|p1a: Dondozo|Rest||[from]move: Sleep Talk|[still]\n|-fail|p1a: Dondozo\n|\n|upkeep\n|turn|34\n|\n|t:|1700803316\n|move|p2a: CHICKEN SANDIWCH|U-turn|p1a: Dondozo\n|-damage|p1a: Dondozo|94\/100 slp\n|\n|t:|1700803319\n|switch|p2a: IM 700 LBS|Sableye, F|100\/100|[from] U-turn\n|-curestatus|p1a: Dondozo|slp|[msg]\n|move|p1a: Dondozo|Liquidation|p2a: IM 700 LBS\n|-damage|p2a: IM 700 LBS|69\/100\n|\n|-heal|p1a: Dondozo|99\/100|[from] item: Leftovers\n|upkeep\n|turn|35\n|\n|t:|1700803327\n|move|p2a: IM 700 LBS|Encore|p1a: Dondozo\n|-start|p1a: Dondozo|Encore\n|move|p1a: Dondozo|Liquidation|p2a: IM 700 LBS\n|-crit|p2a: IM 700 LBS\n|-damage|p2a: IM 700 LBS|28\/100\n|\n|-heal|p1a: Dondozo|100\/100|[from] item: Leftovers\n|upkeep\n|turn|36\n|\n|t:|1700803342\n|switch|p1a: Garganacl|Garganacl, F|66\/100\n|move|p2a: IM 700 LBS|Recover|p2a: IM 700 LBS\n|-heal|p2a: IM 700 LBS|78\/100\n|\n|upkeep\n|turn|37\n|\n|t:|1700803350\n|switch|p2a: MEAT MOUNTAIN|Iron Hands|100\/100\n|move|p1a: Garganacl|Salt Cure|p2a: MEAT MOUNTAIN\n|-resisted|p2a: MEAT MOUNTAIN\n|-damage|p2a: MEAT MOUNTAIN|96\/100\n|-start|p2a: MEAT MOUNTAIN|Salt Cure\n|\n|-heal|p2a: MEAT MOUNTAIN|100\/100|[from] item: Leftovers\n|-damage|p2a: MEAT MOUNTAIN|88\/100|[from] Salt Cure\n|upkeep\n|turn|38\n|\n|t:|1700803359\n|move|p1a: Garganacl|Protect|p1a: Garganacl\n|-singleturn|p1a: Garganacl|Protect\n|move|p2a: MEAT MOUNTAIN|Swords Dance|p2a: MEAT MOUNTAIN\n|-boost|p2a: MEAT MOUNTAIN|atk|2\n|\n|-heal|p2a: MEAT MOUNTAIN|94\/100|[from] item: Leftovers\n|-damage|p2a: MEAT MOUNTAIN|82\/100|[from] Salt Cure\n|upkeep\n|turn|39\n|\n|t:|1700803372\n|switch|p1a: Dondozo|Dondozo, M, tera:Dragon|100\/100\n|move|p2a: MEAT MOUNTAIN|Drain Punch|p1a: Dondozo\n|-damage|p1a: Dondozo|79\/100\n|-heal|p2a: MEAT MOUNTAIN|92\/100|[from] drain|[of] p1a: Dondozo\n|\n|-heal|p2a: MEAT MOUNTAIN|98\/100|[from] item: Leftovers\n|-heal|p1a: Dondozo|86\/100|[from] item: Leftovers\n|-damage|p2a: MEAT MOUNTAIN|86\/100|[from] Salt Cure\n|upkeep\n|turn|40\n|\n|t:|1700803383\n|move|p2a: MEAT MOUNTAIN|Volt Switch|p1a: Dondozo\n|-resisted|p1a: Dondozo\n|-damage|p1a: Dondozo|80\/100\n|\n|t:|1700803388\n|-end|p2a: MEAT MOUNTAIN|Quark Drive|[silent]\n|switch|p2a: IM 700 LBS|Sableye, F|78\/100|[from] Volt Switch\n|move|p1a: Dondozo|Liquidation|p2a: IM 700 LBS\n|-damage|p2a: IM 700 LBS|49\/100\n|\n|-heal|p1a: Dondozo|86\/100|[from] item: Leftovers\n|upkeep\n|turn|41\n|\n|t:|1700803398\n|switch|p1a: Garganacl|Garganacl, F|66\/100\n|move|p2a: IM 700 LBS|Recover|p2a: IM 700 LBS\n|-heal|p2a: IM 700 LBS|99\/100\n|\n|upkeep\n|turn|42\n|\n|t:|1700803407\n|switch|p2a: CHICKEN SANDIWCH|Corviknight, M|74\/100\n|-ability|p2a: CHICKEN SANDIWCH|Pressure\n|move|p1a: Garganacl|Recover|p1a: Garganacl\n|-heal|p1a: Garganacl|100\/100\n|\n|upkeep\n|turn|43\n|\n|t:|1700803414\n|move|p2a: CHICKEN SANDIWCH|U-turn|p1a: Garganacl\n|-damage|p1a: Garganacl|91\/100\n|\n|t:|1700803435\n|switch|p2a: MEAT MOUNTAIN|Iron Hands|86\/100|[from] U-turn\n|move|p1a: Garganacl|Stealth Rock|p2a: MEAT MOUNTAIN\n|-sidestart|p2: AMERICA NUMBER 1|move: Stealth Rock\n|\n|-heal|p2a: MEAT MOUNTAIN|92\/100|[from] item: Leftovers\n|upkeep\n|turn|44\n|\n|t:|1700803445\n|switch|p1a: Dondozo|Dondozo, M, tera:Dragon|86\/100\n|move|p2a: MEAT MOUNTAIN|Volt Switch|p1a: Dondozo\n|-resisted|p1a: Dondozo\n|-damage|p1a: Dondozo|80\/100\n|\n|t:|1700803448\n|-end|p2a: MEAT MOUNTAIN|Quark Drive|[silent]\n|switch|p2a: CHILI EXPLOSION|Rillaboom, M, tera:Grass|24\/100|[from] Volt Switch\n|-damage|p2a: CHILI EXPLOSION|11\/100|[from] Stealth Rock\n|-fieldstart|move: Grassy Terrain|[from] ability: Grassy Surge|[of] p2a: CHILI EXPLOSION\n|\n|-heal|p2a: CHILI EXPLOSION|18\/100|[from] Grassy Terrain\n|-heal|p1a: Dondozo|86\/100|[from] Grassy Terrain\n|-heal|p1a: Dondozo|92\/100|[from] item: Leftovers\n|upkeep\n|turn|45\n|\n|t:|1700803459\n|move|p2a: CHILI EXPLOSION|U-turn|p1a: Dondozo\n|-damage|p1a: Dondozo|76\/100\n|\n|t:|1700803463\n|switch|p2a: CHICKEN SANDIWCH|Corviknight, M|74\/100|[from] U-turn\n|-ability|p2a: CHICKEN SANDIWCH|Pressure\n|move|p1a: Dondozo|Liquidation|p2a: CHICKEN SANDIWCH\n|-damage|p2a: CHICKEN SANDIWCH|50\/100\n|\n|-heal|p1a: Dondozo|83\/100|[from] Grassy Terrain\n|-heal|p1a: Dondozo|89\/100|[from] item: Leftovers\n|upkeep\n|turn|46\n|\n|t:|1700803477\n|switch|p1a: Garganacl|Garganacl, F|91\/100\n|move|p2a: CHICKEN SANDIWCH|Roost|p2a: CHICKEN SANDIWCH\n|-heal|p2a: CHICKEN SANDIWCH|100\/100\n|-singleturn|p2a: CHICKEN SANDIWCH|move: Roost\n|\n|-heal|p1a: Garganacl|97\/100|[from] Grassy Terrain\n|upkeep\n|turn|47\n|\n|t:|1700803485\n|move|p2a: CHICKEN SANDIWCH|Defog|p1a: Garganacl\n|-unboost|p1a: Garganacl|evasion|1\n|-sideend|p2: AMERICA NUMBER 1|Stealth Rock|[from] move: Defog|[of] p2a: CHICKEN SANDIWCH\n|-fieldend|move: Grassy Terrain\n|move|p1a: Garganacl|Salt Cure|p2a: CHICKEN SANDIWCH\n|-damage|p2a: CHICKEN SANDIWCH|88\/100\n|-start|p2a: CHICKEN SANDIWCH|Salt Cure\n|\n|-damage|p2a: CHICKEN SANDIWCH|64\/100|[from] Salt Cure\n|upkeep\n|turn|48\n|\n|t:|1700803494\n|move|p2a: CHICKEN SANDIWCH|U-turn|p1a: Garganacl\n|-damage|p1a: Garganacl|87\/100\n|\n|t:|1700803511\n|switch|p2a: BACONATOR|Garganacl, M|100\/100|[from] U-turn\n|move|p1a: Garganacl|Stealth Rock|p2a: BACONATOR\n|-sidestart|p2: AMERICA NUMBER 1|move: Stealth Rock\n|\n|upkeep\n|turn|49\n|\n|t:|1700803527\n|move|p2a: BACONATOR|Iron Defense|p2a: BACONATOR\n|-boost|p2a: BACONATOR|def|2\n|move|p1a: Garganacl|Salt Cure|p2a: BACONATOR\n|-damage|p2a: BACONATOR|96\/100\n|-start|p2a: BACONATOR|Salt Cure\n|\n|-heal|p2a: BACONATOR|100\/100|[from] item: Leftovers\n|-damage|p2a: BACONATOR|88\/100|[from] Salt Cure\n|upkeep\n|turn|50\n|\n|t:|1700803554\n|move|p1a: Garganacl|Protect|p1a: Garganacl\n|-singleturn|p1a: Garganacl|Protect\n|move|p2a: BACONATOR|Salt Cure|p1a: Garganacl\n|-activate|p1a: Garganacl|move: Protect\n|\n|-heal|p2a: BACONATOR|94\/100|[from] item: Leftovers\n|-damage|p2a: BACONATOR|82\/100|[from] Salt Cure\n|upkeep\n|turn|51\n|\n|t:|1700803566\n|move|p2a: BACONATOR|Salt Cure|p1a: Garganacl\n|-damage|p1a: Garganacl|77\/100\n|-start|p1a: Garganacl|Salt Cure\n|move|p1a: Garganacl|Salt Cure|p2a: BACONATOR\n|-damage|p2a: BACONATOR|77\/100\n|\n|-heal|p2a: BACONATOR|83\/100|[from] item: Leftovers\n|-damage|p2a: BACONATOR|71\/100|[from] Salt Cure\n|-damage|p1a: Garganacl|65\/100|[from] Salt Cure\n|upkeep\n|turn|52\n|\n|t:|1700803585\n|switch|p1a: Gliscor|Gliscor, M|100\/100 tox\n|move|p2a: BACONATOR|Salt Cure|p1a: Gliscor\n|-damage|p1a: Gliscor|92\/100 tox\n|-start|p1a: Gliscor|Salt Cure\n|\n|-heal|p2a: BACONATOR|77\/100|[from] item: Leftovers\n|-heal|p1a: Gliscor|100\/100 tox|[from] ability: Poison Heal\n|-damage|p1a: Gliscor|88\/100 tox|[from] Salt Cure\n|-damage|p2a: BACONATOR|64\/100|[from] Salt Cure\n|upkeep\n|turn|53\n|\n|t:|1700803598\n|move|p1a: Gliscor|Earthquake|p2a: BACONATOR\n|-supereffective|p2a: BACONATOR\n|-damage|p2a: BACONATOR|42\/100\n|move|p2a: BACONATOR|Recover|p2a: BACONATOR\n|-heal|p2a: BACONATOR|92\/100\n|\n|-heal|p2a: BACONATOR|98\/100|[from] item: Leftovers\n|-heal|p1a: Gliscor|100\/100 tox|[from] ability: Poison Heal\n|-damage|p1a: Gliscor|88\/100 tox|[from] Salt Cure\n|-damage|p2a: BACONATOR|86\/100|[from] Salt Cure\n|upkeep\n|turn|54\n|\n|t:|1700803609\n|switch|p1a: Mew|Mew|84\/100\n|move|p2a: BACONATOR|Iron Defense|p2a: BACONATOR\n|-boost|p2a: BACONATOR|def|2\n|\n|-heal|p2a: BACONATOR|92\/100|[from] item: Leftovers\n|-damage|p2a: BACONATOR|80\/100|[from] Salt Cure\n|upkeep\n|turn|55\n|\n|t:|1700803618\n|move|p1a: Mew|Cosmic Power|p1a: Mew\n|-boost|p1a: Mew|def|1\n|-boost|p1a: Mew|spd|1\n|move|p2a: BACONATOR|Salt Cure|p1a: Mew\n|-damage|p1a: Mew|77\/100\n|\n|-heal|p2a: BACONATOR|86\/100|[from] item: Leftovers\n|-damage|p2a: BACONATOR|74\/100|[from] Salt Cure\n|upkeep\n|turn|56\n|\n|t:|1700803631\n|move|p1a: Mew|Cosmic Power|p1a: Mew\n|-boost|p1a: Mew|def|1\n|-boost|p1a: Mew|spd|1\n|move|p2a: BACONATOR|Body Press|p1a: Mew\n|-resisted|p1a: Mew\n|-damage|p1a: Mew|62\/100\n|\n|-heal|p2a: BACONATOR|80\/100|[from] item: Leftovers\n|-damage|p2a: BACONATOR|67\/100|[from] Salt Cure\n|upkeep\n|turn|57\n|\n|t:|1700803643\n|switch|p2a: IM 700 LBS|Sableye, F|99\/100\n|-damage|p2a: IM 700 LBS|87\/100|[from] Stealth Rock\n|move|p1a: Mew|Cosmic Power|p1a: Mew\n|-boost|p1a: Mew|def|1\n|-boost|p1a: Mew|spd|1\n|\n|upkeep\n|turn|58\n|\n|t:|1700803656\n|move|p2a: IM 700 LBS|Encore|p1a: Mew\n|-start|p1a: Mew|Encore\n|move|p1a: Mew|Cosmic Power|p1a: Mew\n|-boost|p1a: Mew|def|1\n|-boost|p1a: Mew|spd|1\n|\n|upkeep\n|turn|59\n|\n|t:|1700803664\n|switch|p1a: Garganacl|Garganacl, F|65\/100\n|move|p2a: IM 700 LBS|Knock Off|p1a: Garganacl\n|-damage|p1a: Garganacl|53\/100\n|\n|upkeep\n|turn|60\n|\n|t:|1700803680\n|switch|p2a: CHICKEN SANDIWCH|Corviknight, M|64\/100\n|-ability|p2a: CHICKEN SANDIWCH|Pressure\n|move|p1a: Garganacl|Recover|p1a: Garganacl\n|-heal|p1a: Garganacl|100\/100\n|\n|upkeep\n|turn|61\n|\n|t:|1700803686\n|move|p2a: CHICKEN SANDIWCH|Defog|p1a: Garganacl\n|-unboost|p1a: Garganacl|evasion|1\n|-sideend|p2: AMERICA NUMBER 1|Stealth Rock|[from] move: Defog|[of] p2a: CHICKEN SANDIWCH\n|move|p1a: Garganacl|Salt Cure|p2a: CHICKEN SANDIWCH\n|-crit|p2a: CHICKEN SANDIWCH\n|-damage|p2a: CHICKEN SANDIWCH|46\/100\n|-start|p2a: CHICKEN SANDIWCH|Salt Cure\n|\n|-damage|p2a: CHICKEN SANDIWCH|21\/100|[from] Salt Cure\n|upkeep\n|turn|62\n|\n|t:|1700803694\n|move|p2a: CHICKEN SANDIWCH|Roost|p2a: CHICKEN SANDIWCH\n|-heal|p2a: CHICKEN SANDIWCH|71\/100\n|-singleturn|p2a: CHICKEN SANDIWCH|move: Roost\n|move|p1a: Garganacl|Stealth Rock|p2a: CHICKEN SANDIWCH\n|-sidestart|p2: AMERICA NUMBER 1|move: Stealth Rock\n|\n|-damage|p2a: CHICKEN SANDIWCH|47\/100|[from] Salt Cure\n|upkeep\n|turn|63\n|\n|t:|1700803701\n|move|p2a: CHICKEN SANDIWCH|Roost|p2a: CHICKEN SANDIWCH\n|-heal|p2a: CHICKEN SANDIWCH|97\/100\n|-singleturn|p2a: CHICKEN SANDIWCH|move: Roost\n|move|p1a: Garganacl|Salt Cure|p2a: CHICKEN SANDIWCH\n|-resisted|p2a: CHICKEN SANDIWCH\n|-damage|p2a: CHICKEN SANDIWCH|91\/100\n|\n|-damage|p2a: CHICKEN SANDIWCH|66\/100|[from] Salt Cure\n|upkeep\n|turn|64\n|\n|t:|1700803715\n|move|p1a: Garganacl|Protect|p1a: Garganacl\n|-singleturn|p1a: Garganacl|Protect\n|move|p2a: CHICKEN SANDIWCH|U-turn|p1a: Garganacl\n|-activate|p1a: Garganacl|move: Protect\n|\n|-damage|p2a: CHICKEN SANDIWCH|41\/100|[from] Salt Cure\n|upkeep\n|turn|65\n|\n|t:|1700803723\n|move|p2a: CHICKEN SANDIWCH|Roost|p2a: CHICKEN SANDIWCH\n|-heal|p2a: CHICKEN SANDIWCH|91\/100\n|-singleturn|p2a: CHICKEN SANDIWCH|move: Roost\n|move|p1a: Garganacl|Salt Cure|p2a: CHICKEN SANDIWCH\n|-resisted|p2a: CHICKEN SANDIWCH\n|-damage|p2a: CHICKEN SANDIWCH|85\/100\n|\n|-damage|p2a: CHICKEN SANDIWCH|60\/100|[from] Salt Cure\n|upkeep\n|turn|66\n|\n|t:|1700803733\n|switch|p2a: MEAT MOUNTAIN|Iron Hands|92\/100\n|-damage|p2a: MEAT MOUNTAIN|86\/100|[from] Stealth Rock\n|move|p1a: Garganacl|Protect||[still]\n|-fail|p1a: Garganacl\n|\n|-heal|p2a: MEAT MOUNTAIN|92\/100|[from] item: Leftovers\n|upkeep\n|turn|67\n|\n|t:|1700803750\n|switch|p1a: Dondozo|Dondozo, M, tera:Dragon|89\/100\n|move|p2a: MEAT MOUNTAIN|Volt Switch|p1a: Dondozo\n|-resisted|p1a: Dondozo\n|-damage|p1a: Dondozo|83\/100\n|\n|t:|1700803758\n|-end|p2a: MEAT MOUNTAIN|Quark Drive|[silent]\n|switch|p2a: CHICKEN SANDIWCH|Corviknight, M|60\/100|[from] Volt Switch\n|-ability|p2a: CHICKEN SANDIWCH|Pressure\n|\n|-heal|p1a: Dondozo|90\/100|[from] item: Leftovers\n|upkeep\n|turn|68\n|\n|t:|1700803765\n|switch|p1a: Garganacl|Garganacl, F|100\/100\n|move|p2a: CHICKEN SANDIWCH|Defog|p1a: Garganacl\n|-unboost|p1a: Garganacl|evasion|1\n|-sideend|p2: AMERICA NUMBER 1|Stealth Rock|[from] move: Defog|[of] p2a: CHICKEN SANDIWCH\n|\n|upkeep\n|turn|69\n|\n|t:|1700803771\n|move|p2a: CHICKEN SANDIWCH|U-turn|p1a: Garganacl\n|-damage|p1a: Garganacl|90\/100\n|\n|t:|1700803779\n|switch|p2a: CHILI EXPLOSION|Rillaboom, M, tera:Grass|18\/100|[from] U-turn\n|-fieldstart|move: Grassy Terrain|[from] ability: Grassy Surge|[of] p2a: CHILI EXPLOSION\n|move|p1a: Garganacl|Stealth Rock|p2a: CHILI EXPLOSION\n|-sidestart|p2: AMERICA NUMBER 1|move: Stealth Rock\n|\n|-heal|p2a: CHILI EXPLOSION|24\/100|[from] Grassy Terrain\n|-heal|p1a: Garganacl|97\/100|[from] Grassy Terrain\n|upkeep\n|turn|70\n|\n|t:|1700803792\n|switch|p1a: Dondozo|Dondozo, M, tera:Dragon|90\/100\n|move|p2a: CHILI EXPLOSION|Grassy Glide|p1a: Dondozo\n|-resisted|p1a: Dondozo\n|-damage|p1a: Dondozo|74\/100\n|\n|-heal|p2a: CHILI EXPLOSION|30\/100|[from] Grassy Terrain\n|-heal|p1a: Dondozo|81\/100|[from] Grassy Terrain\n|-heal|p1a: Dondozo|87\/100|[from] item: Leftovers\n|upkeep\n|turn|71\n|\n|t:|1700803806\n|switch|p2a: CHICKEN SANDIWCH|Corviknight, M|60\/100\n|-ability|p2a: CHICKEN SANDIWCH|Pressure\n|move|p1a: Dondozo|Liquidation|p2a: CHICKEN SANDIWCH\n|-damage|p2a: CHICKEN SANDIWCH|37\/100\n|\n|-heal|p1a: Dondozo|93\/100|[from] Grassy Terrain\n|-heal|p1a: Dondozo|99\/100|[from] item: Leftovers\n|upkeep\n|turn|72\n|\n|t:|1700803821\n|switch|p1a: Garganacl|Garganacl, F|97\/100\n|move|p2a: CHICKEN SANDIWCH|Defog|p1a: Garganacl\n|-unboost|p1a: Garganacl|evasion|1\n|-sideend|p2: AMERICA NUMBER 1|Stealth Rock|[from] move: Defog|[of] p2a: CHICKEN SANDIWCH\n|-fieldend|move: Grassy Terrain\n|\n|upkeep\n|turn|73\n|\n|t:|1700803827\n|move|p2a: CHICKEN SANDIWCH|Roost|p2a: CHICKEN SANDIWCH\n|-heal|p2a: CHICKEN SANDIWCH|87\/100\n|-singleturn|p2a: CHICKEN SANDIWCH|move: Roost\n|move|p1a: Garganacl|Stealth Rock|p2a: CHICKEN SANDIWCH\n|-sidestart|p2: AMERICA NUMBER 1|move: Stealth Rock\n|\n|upkeep\n|turn|74\n|\n|t:|1700803833\n|move|p2a: CHICKEN SANDIWCH|Defog|p1a: Garganacl\n|-unboost|p1a: Garganacl|evasion|1\n|-sideend|p2: AMERICA NUMBER 1|Stealth Rock|[from] move: Defog|[of] p2a: CHICKEN SANDIWCH\n|move|p1a: Garganacl|Salt Cure|p2a: CHICKEN SANDIWCH\n|-damage|p2a: CHICKEN SANDIWCH|75\/100\n|-start|p2a: CHICKEN SANDIWCH|Salt Cure\n|\n|-damage|p2a: CHICKEN SANDIWCH|50\/100|[from] Salt Cure\n|upkeep\n|turn|75\n|\n|t:|1700803841\n|switch|p2a: CHILI EXPLOSION|Rillaboom, M, tera:Grass|30\/100\n|-fieldstart|move: Grassy Terrain|[from] ability: Grassy Surge|[of] p2a: CHILI EXPLOSION\n|move|p1a: Garganacl|Stealth Rock|p2a: CHILI EXPLOSION\n|-sidestart|p2: AMERICA NUMBER 1|move: Stealth Rock\n|\n|-heal|p2a: CHILI EXPLOSION|36\/100|[from] Grassy Terrain\n|-heal|p1a: Garganacl|100\/100|[from] Grassy Terrain\n|upkeep\n|turn|76\n|\n|t:|1700803849\n|move|p1a: Garganacl|Protect|p1a: Garganacl\n|-singleturn|p1a: Garganacl|Protect\n|move|p2a: CHILI EXPLOSION|U-turn|p1a: Garganacl\n|-activate|p1a: Garganacl|move: Protect\n|\n|-heal|p2a: CHILI EXPLOSION|42\/100|[from] Grassy Terrain\n|upkeep\n|turn|77\n|\n|t:|1700803861\n|switch|p1a: Dondozo|Dondozo, M, tera:Dragon|99\/100\n|move|p2a: CHILI EXPLOSION|U-turn|p1a: Dondozo\n|-crit|p1a: Dondozo\n|-damage|p1a: Dondozo|74\/100\n|\n|t:|1700803869\n|switch|p2a: CHICKEN SANDIWCH|Corviknight, M|50\/100|[from] U-turn\n|-ability|p2a: CHICKEN SANDIWCH|Pressure\n|\n|-heal|p1a: Dondozo|80\/100|[from] Grassy Terrain\n|-heal|p1a: Dondozo|86\/100|[from] item: Leftovers\n|upkeep\n|turn|78\n|\n|t:|1700803882\n|switch|p1a: Garganacl|Garganacl, F|100\/100\n|move|p2a: CHICKEN SANDIWCH|U-turn|p1a: Garganacl\n|-damage|p1a: Garganacl|91\/100\n|\n|t:|1700803886\n|switch|p2a: BACONATOR|Garganacl, M|67\/100|[from] U-turn\n|-damage|p2a: BACONATOR|55\/100|[from] Stealth Rock\n|\n|-heal|p1a: Garganacl|97\/100|[from] Grassy Terrain\n|-heal|p2a: BACONATOR|61\/100|[from] Grassy Terrain\n|-heal|p2a: BACONATOR|67\/100|[from] item: Leftovers\n|upkeep\n|turn|79\n|\n|t:|1700803894\n|move|p1a: Garganacl|Stealth Rock||[still]\n|-fail|p1a: Garganacl\n|move|p2a: BACONATOR|Iron Defense|p2a: BACONATOR\n|-boost|p2a: BACONATOR|def|2\n|\n|-heal|p1a: Garganacl|100\/100|[from] Grassy Terrain\n|-heal|p2a: BACONATOR|74\/100|[from] Grassy Terrain\n|-heal|p2a: BACONATOR|80\/100|[from] item: Leftovers\n|-fieldend|move: Grassy Terrain\n|upkeep\n|turn|80\n|\n|t:|1700803902\n|move|p2a: BACONATOR|Iron Defense|p2a: BACONATOR\n|-boost|p2a: BACONATOR|def|2\n|move|p1a: Garganacl|Salt Cure|p2a: BACONATOR\n|-damage|p2a: BACONATOR|77\/100\n|-start|p2a: BACONATOR|Salt Cure\n|\n|-heal|p2a: BACONATOR|83\/100|[from] item: Leftovers\n|-damage|p2a: BACONATOR|71\/100|[from] Salt Cure\n|upkeep\n|turn|81\n|\n|t:|1700803916\n|switch|p1a: Gliscor|Gliscor, M|88\/100 tox\n|move|p2a: BACONATOR|Salt Cure|p1a: Gliscor\n|-damage|p1a: Gliscor|79\/100 tox\n|-start|p1a: Gliscor|Salt Cure\n|\n|-heal|p2a: BACONATOR|77\/100|[from] item: Leftovers\n|-heal|p1a: Gliscor|91\/100 tox|[from] ability: Poison Heal\n|-damage|p1a: Gliscor|79\/100 tox|[from] Salt Cure\n|-damage|p2a: BACONATOR|64\/100|[from] Salt Cure\n|upkeep\n|turn|82\n|\n|t:|1700803928\n|switch|p1a: Mew|Mew|62\/100\n|move|p2a: BACONATOR|Recover|p2a: BACONATOR\n|-heal|p2a: BACONATOR|100\/100\n|\n|-damage|p2a: BACONATOR|88\/100|[from] Salt Cure\n|upkeep\n|turn|83\n|\n|t:|1700803935\n|move|p1a: Mew|Roost|p1a: Mew\n|-heal|p1a: Mew|100\/100\n|-singleturn|p1a: Mew|move: Roost\n|move|p2a: BACONATOR|Body Press|p1a: Mew\n|-resisted|p1a: Mew\n|-damage|p1a: Mew|71\/100\n|\n|-heal|p2a: BACONATOR|94\/100|[from] item: Leftovers\n|-damage|p2a: BACONATOR|82\/100|[from] Salt Cure\n|upkeep\n|turn|84\n|\n|t:|1700803945\n|move|p1a: Mew|Cosmic Power|p1a: Mew\n|-boost|p1a: Mew|def|1\n|-boost|p1a: Mew|spd|1\n|move|p2a: BACONATOR|Body Press|p1a: Mew\n|-resisted|p1a: Mew\n|-damage|p1a: Mew|53\/100\n|\n|-heal|p2a: BACONATOR|88\/100|[from] item: Leftovers\n|-damage|p2a: BACONATOR|76\/100|[from] Salt Cure\n|upkeep\n|turn|85\n|\n|t:|1700803956\n|switch|p2a: IM 700 LBS|Sableye, F|87\/100\n|-damage|p2a: IM 700 LBS|75\/100|[from] Stealth Rock\n|move|p1a: Mew|Roost|p1a: Mew\n|-heal|p1a: Mew|100\/100\n|-singleturn|p1a: Mew|move: Roost\n|\n|upkeep\n|turn|86\n|\n|t:|1700803973\n|switch|p1a: Dondozo|Dondozo, M, tera:Dragon|86\/100\n|move|p2a: IM 700 LBS|Knock Off|p1a: Dondozo\n|-damage|p1a: Dondozo|75\/100\n|-enditem|p1a: Dondozo|Leftovers|[from] move: Knock Off|[of] p2a: IM 700 LBS\n|\n|upkeep\n|turn|87\n|\n|t:|1700803979\n|move|p2a: IM 700 LBS|Will-O-Wisp|p1a: Dondozo\n|-status|p1a: Dondozo|brn\n|move|p1a: Dondozo|Liquidation|p2a: IM 700 LBS\n|-damage|p2a: IM 700 LBS|61\/100\n|\n|-damage|p1a: Dondozo|69\/100 brn|[from] brn\n|upkeep\n|turn|88\n|\n|t:|1700803987\n|switch|p2a: CHICKEN SANDIWCH|Corviknight, M|50\/100\n|-ability|p2a: CHICKEN SANDIWCH|Pressure\n|move|p1a: Dondozo|Rest|p1a: Dondozo\n|-status|p1a: Dondozo|slp|[from] move: Rest\n|-heal|p1a: Dondozo|100\/100 slp|[silent]\n|\n|upkeep\n|turn|89\n|\n|t:|1700803996\n|switch|p1a: Garganacl|Garganacl, F|100\/100\n|move|p2a: CHICKEN SANDIWCH|Defog|p1a: Garganacl\n|-unboost|p1a: Garganacl|evasion|1\n|-sideend|p2: AMERICA NUMBER 1|Stealth Rock|[from] move: Defog|[of] p2a: CHICKEN SANDIWCH\n|\n|upkeep\n|turn|90\n|\n|t:|1700804010\n|move|p2a: CHICKEN SANDIWCH|U-turn|p1a: Garganacl\n|-damage|p1a: Garganacl|91\/100\n|\n|t:|1700804015\n|switch|p2a: MEAT MOUNTAIN|Iron Hands|92\/100|[from] U-turn\n|move|p1a: Garganacl|Stealth Rock|p2a: MEAT MOUNTAIN\n|-sidestart|p2: AMERICA NUMBER 1|move: Stealth Rock\n|\n|-heal|p2a: MEAT MOUNTAIN|98\/100|[from] item: Leftovers\n|upkeep\n|turn|91\n|\n|t:|1700804024\n|switch|p1a: Gliscor|Gliscor, M|79\/100 tox\n|move|p2a: MEAT MOUNTAIN|Drain Punch|p1a: Gliscor\n|-resisted|p1a: Gliscor\n|-damage|p1a: Gliscor|65\/100 tox\n|-heal|p2a: MEAT MOUNTAIN|100\/100|[from] drain|[of] p1a: Gliscor\n|\n|-heal|p1a: Gliscor|78\/100 tox|[from] ability: Poison Heal\n|upkeep\n|turn|92\n|\n|t:|1700804041\n|-end|p2a: MEAT MOUNTAIN|Quark Drive|[silent]\n|switch|p2a: CHICKEN SANDIWCH|Corviknight, M|50\/100\n|-ability|p2a: CHICKEN SANDIWCH|Pressure\n|move|p1a: Gliscor|Toxic|p2a: CHICKEN SANDIWCH\n|-immune|p2a: CHICKEN SANDIWCH\n|\n|-heal|p1a: Gliscor|90\/100 tox|[from] ability: Poison Heal\n|upkeep\n|turn|93\n|\n|t:|1700804050\n|switch|p1a: Garganacl|Garganacl, F|91\/100\n|move|p2a: CHICKEN SANDIWCH|Defog|p1a: Garganacl\n|-unboost|p1a: Garganacl|evasion|1\n|-sideend|p2: AMERICA NUMBER 1|Stealth Rock|[from] move: Defog|[of] p2a: CHICKEN SANDIWCH\n|\n|upkeep\n|turn|94\n|\n|t:|1700804056\n|move|p2a: CHICKEN SANDIWCH|U-turn|p1a: Garganacl\n|-damage|p1a: Garganacl|81\/100\n|\n|t:|1700804059\n|switch|p2a: CHILI EXPLOSION|Rillaboom, M, tera:Grass|42\/100|[from] U-turn\n|-fieldstart|move: Grassy Terrain|[from] ability: Grassy Surge|[of] p2a: CHILI EXPLOSION\n|move|p1a: Garganacl|Salt Cure|p2a: CHILI EXPLOSION\n|-damage|p2a: CHILI EXPLOSION|27\/100\n|-start|p2a: CHILI EXPLOSION|Salt Cure\n|\n|-heal|p2a: CHILI EXPLOSION|33\/100|[from] Grassy Terrain\n|-heal|p1a: Garganacl|87\/100|[from] Grassy Terrain\n|-damage|p2a: CHILI EXPLOSION|21\/100|[from] Salt Cure\n|upkeep\n|turn|95\n|\n|t:|1700804071\n|switch|p2a: MEAT MOUNTAIN|Iron Hands|100\/100\n|move|p1a: Garganacl|Protect||[still]\n|-fail|p1a: Garganacl\n|\n|-heal|p1a: Garganacl|94\/100|[from] Grassy Terrain\n|upkeep\n|turn|96\n|\n|t:|1700804086\n|switch|p1a: Dondozo|Dondozo, M, tera:Dragon|100\/100 slp\n|move|p2a: MEAT MOUNTAIN|Swords Dance|p2a: MEAT MOUNTAIN\n|-boost|p2a: MEAT MOUNTAIN|atk|2\n|\n|upkeep\n|turn|97\n|\n|t:|1700804103\n|move|p2a: MEAT MOUNTAIN|Volt Switch|p1a: Dondozo\n|-resisted|p1a: Dondozo\n|-damage|p1a: Dondozo|95\/100 slp\n|c|\u2606AMERICA NUMBER 1|i dont think u can win\n|c|\u2606AMERICA NUMBER 1|not tryna be a dick just dont waste time\n|\n|t:|1700804122\n|-end|p2a: MEAT MOUNTAIN|Quark Drive|[silent]\n|switch|p2a: CHICKEN SANDIWCH|Corviknight, M|50\/100|[from] Volt Switch\n|-ability|p2a: CHICKEN SANDIWCH|Pressure\n|cant|p1a: Dondozo|slp\n|move|p1a: Dondozo|Sleep Talk|p1a: Dondozo\n|move|p1a: Dondozo|Rest||[from]move: Sleep Talk|[still]\n|-fail|p1a: Dondozo\n|\n|-heal|p1a: Dondozo|100\/100 slp|[from] Grassy Terrain\n|upkeep\n|turn|98\n|\n|t:|1700804138\n|switch|p1a: Garganacl|Garganacl, F|94\/100\n|move|p2a: CHICKEN SANDIWCH|Roost|p2a: CHICKEN SANDIWCH\n|-heal|p2a: CHICKEN SANDIWCH|99\/100\n|-singleturn|p2a: CHICKEN SANDIWCH|move: Roost\n|\n|-heal|p2a: CHICKEN SANDIWCH|100\/100|[from] Grassy Terrain\n|-heal|p1a: Garganacl|99\/100|[from] Grassy Terrain\n|-fieldend|move: Grassy Terrain\n|upkeep\n|turn|99\n|\n|t:|1700804147\n|move|p2a: CHICKEN SANDIWCH|U-turn|p1a: Garganacl\n|-damage|p1a: Garganacl|90\/100\n|\n|t:|1700804156\n|switch|p2a: BACONATOR|Garganacl, M|76\/100|[from] U-turn\n|move|p1a: Garganacl|Salt Cure|p2a: BACONATOR\n|-damage|p2a: BACONATOR|67\/100\n|-start|p2a: BACONATOR|Salt Cure\n|\n|-heal|p2a: BACONATOR|73\/100|[from] item: Leftovers\n|-damage|p2a: BACONATOR|61\/100|[from] Salt Cure\n|upkeep\n|turn|100\n|\n|t:|1700804167\n|switch|p1a: Gliscor|Gliscor, M|90\/100 tox\n|move|p2a: BACONATOR|Salt Cure|p1a: Gliscor\n|-damage|p1a: Gliscor|82\/100 tox\n|-start|p1a: Gliscor|Salt Cure\n|\n|-heal|p2a: BACONATOR|67\/100|[from] item: Leftovers\n|-heal|p1a: Gliscor|94\/100 tox|[from] ability: Poison Heal\n|-damage|p1a: Gliscor|82\/100 tox|[from] Salt Cure\n|-damage|p2a: BACONATOR|54\/100|[from] Salt Cure\n|upkeep\n|turn|101\n|\n|t:|1700804187\n|switch|p1a: Mew|Mew|100\/100\n|switch|p2a: BIG MAC|Dondozo, M|100\/100\n|\n|upkeep\n|turn|102\n|\n|t:|1700804197\n|move|p1a: Mew|Cosmic Power|p1a: Mew\n|-boost|p1a: Mew|def|1\n|-boost|p1a: Mew|spd|1\n|move|p2a: BIG MAC|Liquidation|p1a: Mew\n|-damage|p1a: Mew|75\/100\n|\n|upkeep\n|turn|103\n|\n|t:|1700804205\n|switch|p2a: CHICKEN SANDIWCH|Corviknight, M|100\/100\n|-ability|p2a: CHICKEN SANDIWCH|Pressure\n|move|p1a: Mew|Cosmic Power|p1a: Mew\n|-boost|p1a: Mew|def|1\n|-boost|p1a: Mew|spd|1\n|\n|upkeep\n|turn|104\n|\n|t:|1700804213\n|move|p1a: Mew|Roost|p1a: Mew\n|-heal|p1a: Mew|100\/100\n|-singleturn|p1a: Mew|move: Roost\n|move|p2a: CHICKEN SANDIWCH|U-turn|p1a: Mew\n|-supereffective|p1a: Mew\n|-damage|p1a: Mew|88\/100\n|\n|t:|1700804217\n|switch|p2a: IM 700 LBS|Sableye, F|61\/100|[from] U-turn\n|\n|upkeep\n|turn|105\n|\n|t:|1700804223\n|move|p2a: IM 700 LBS|Encore|p1a: Mew\n|-start|p1a: Mew|Encore\n|move|p1a: Mew|Roost|p1a: Mew\n|-heal|p1a: Mew|100\/100\n|-singleturn|p1a: Mew|move: Roost\n|\n|upkeep\n|turn|106\n|\n|t:|1700804234\n|switch|p1a: Gliscor|Gliscor, M|82\/100 tox\n|move|p2a: IM 700 LBS|Knock Off|p1a: Gliscor\n|-damage|p1a: Gliscor|71\/100 tox\n|\n|-heal|p1a: Gliscor|83\/100 tox|[from] ability: Poison Heal\n|upkeep\n|turn|107\n|\n|t:|1700804252\n|switch|p2a: CHICKEN SANDIWCH|Corviknight, M|100\/100\n|-ability|p2a: CHICKEN SANDIWCH|Pressure\n|move|p1a: Gliscor|Toxic|p2a: CHICKEN SANDIWCH\n|-immune|p2a: CHICKEN SANDIWCH\n|\n|-heal|p1a: Gliscor|96\/100 tox|[from] ability: Poison Heal\n|upkeep\n|turn|108\n|\n|t:|1700804267\n|move|p1a: Gliscor|Earthquake|p2a: CHICKEN SANDIWCH\n|-immune|p2a: CHICKEN SANDIWCH\n|move|p2a: CHICKEN SANDIWCH|U-turn|p1a: Gliscor\n|-resisted|p1a: Gliscor\n|-damage|p1a: Gliscor|91\/100 tox\n|\n|t:|1700804271\n|switch|p2a: BACONATOR|Garganacl, M|54\/100|[from] U-turn\n|\n|-heal|p2a: BACONATOR|61\/100|[from] item: Leftovers\n|-heal|p1a: Gliscor|100\/100 tox|[from] ability: Poison Heal\n|upkeep\n|turn|109\n|\n|t:|1700804281\n|switch|p1a: Mew|Mew|100\/100\n|switch|p2a: CHICKEN SANDIWCH|Corviknight, M|100\/100\n|-ability|p2a: CHICKEN SANDIWCH|Pressure\n|\n|upkeep\n|turn|110\n|\n|t:|1700804288\n|move|p1a: Mew|Cosmic Power|p1a: Mew\n|-boost|p1a: Mew|def|1\n|-boost|p1a: Mew|spd|1\n|move|p2a: CHICKEN SANDIWCH|U-turn|p1a: Mew\n|-supereffective|p1a: Mew\n|-damage|p1a: Mew|85\/100\n|\n|t:|1700804291\n|switch|p2a: IM 700 LBS|Sableye, F|61\/100|[from] U-turn\n|\n|upkeep\n|turn|111\n|\n|t:|1700804303\n|switch|p1a: Garganacl|Garganacl, F|90\/100\n|move|p2a: IM 700 LBS|Knock Off|p1a: Garganacl\n|-damage|p1a: Garganacl|78\/100\n|\n|upkeep\n|turn|112\n|\n|t:|1700804317\n|switch|p2a: BACONATOR|Garganacl, M|61\/100\n|move|p1a: Garganacl|Stealth Rock|p2a: BACONATOR\n|-sidestart|p2: AMERICA NUMBER 1|move: Stealth Rock\n|\n|-heal|p2a: BACONATOR|67\/100|[from] item: Leftovers\n|upkeep\n|turn|113\n|\n|t:|1700804323\n|move|p2a: BACONATOR|Salt Cure|p1a: Garganacl\n|-damage|p1a: Garganacl|68\/100\n|-start|p1a: Garganacl|Salt Cure\n|move|p1a: Garganacl|Salt Cure|p2a: BACONATOR\n|-damage|p2a: BACONATOR|58\/100\n|-start|p2a: BACONATOR|Salt Cure\n|\n|-heal|p2a: BACONATOR|65\/100|[from] item: Leftovers\n|-damage|p1a: Garganacl|55\/100|[from] Salt Cure\n|-damage|p2a: BACONATOR|52\/100|[from] Salt Cure\n|upkeep\n|turn|114\n|\n|t:|1700804338\n|switch|p1a: Gliscor|Gliscor, M|100\/100 tox\n|move|p2a: BACONATOR|Recover|p2a: BACONATOR\n|-heal|p2a: BACONATOR|100\/100\n|\n|-damage|p2a: BACONATOR|88\/100|[from] Salt Cure\n|upkeep\n|turn|115\n|\n|t:|1700804354\n|switch|p1a: Mew|Mew|85\/100\n|switch|p2a: CHICKEN SANDIWCH|Corviknight, M|100\/100\n|-ability|p2a: CHICKEN SANDIWCH|Pressure\n|\n|upkeep\n|turn|116\n|\n|t:|1700804363\n|switch|p1a: Toxapex|Toxapex, M|100\/100\n|move|p2a: CHICKEN SANDIWCH|Brave Bird|p1a: Toxapex\n|-damage|p1a: Toxapex|73\/100\n|-damage|p2a: CHICKEN SANDIWCH|93\/100|[from] Recoil\n|\n|upkeep\n|turn|117\n|\n|t:|1700804375\n|switch|p1a: Dondozo|Dondozo, M, tera:Dragon|100\/100 slp\n|move|p2a: CHICKEN SANDIWCH|Brave Bird|p1a: Dondozo\n|-damage|p1a: Dondozo|83\/100 slp\n|-damage|p2a: CHICKEN SANDIWCH|86\/100|[from] Recoil\n|\n|upkeep\n|turn|118\n|\n|t:|1700804383\n|switch|p1a: Garganacl|Garganacl, F|55\/100\n|move|p2a: CHICKEN SANDIWCH|Brave Bird|p1a: Garganacl\n|-resisted|p1a: Garganacl\n|-damage|p1a: Garganacl|43\/100\n|-damage|p2a: CHICKEN SANDIWCH|82\/100|[from] Recoil\n|\n|upkeep\n|turn|119\n|\n|t:|1700804399\n|move|p2a: CHICKEN SANDIWCH|U-turn|p1a: Garganacl\n|-damage|p1a: Garganacl|33\/100\n|\n|t:|1700804402\n|switch|p2a: CHILI EXPLOSION|Rillaboom, M, tera:Grass|21\/100|[from] U-turn\n|-damage|p2a: CHILI EXPLOSION|8\/100|[from] Stealth Rock\n|-fieldstart|move: Grassy Terrain|[from] ability: Grassy Surge|[of] p2a: CHILI EXPLOSION\n|move|p1a: Garganacl|Salt Cure|p2a: CHILI EXPLOSION\n|-damage|p2a: CHILI EXPLOSION|0 fnt\n|faint|p2a: CHILI EXPLOSION\n|\n|-heal|p1a: Garganacl|39\/100|[from] Grassy Terrain\n|upkeep\n|\n|t:|1700804408\n|switch|p2a: MEAT MOUNTAIN|Iron Hands|100\/100\n|-damage|p2a: MEAT MOUNTAIN|94\/100|[from] Stealth Rock\n|turn|120\n|\n|t:|1700804418\n|switch|p1a: Gliscor|Gliscor, M|100\/100 tox\n|move|p2a: MEAT MOUNTAIN|Drain Punch|p1a: Gliscor\n|-resisted|p1a: Gliscor\n|-damage|p1a: Gliscor|87\/100 tox\n|-heal|p2a: MEAT MOUNTAIN|99\/100|[from] drain|[of] p1a: Gliscor\n|\n|-heal|p2a: MEAT MOUNTAIN|100\/100|[from] Grassy Terrain\n|-heal|p1a: Gliscor|99\/100 tox|[from] ability: Poison Heal\n|upkeep\n|turn|121\n|\n|t:|1700804444\n|switch|p1a: Mew|Mew|85\/100\n|-end|p2a: MEAT MOUNTAIN|Quark Drive|[silent]\n|switch|p2a: CHICKEN SANDIWCH|Corviknight, M|82\/100\n|-ability|p2a: CHICKEN SANDIWCH|Pressure\n|\n|-heal|p1a: Mew|91\/100|[from] Grassy Terrain\n|upkeep\n|turn|122\n|\n|t:|1700804454\n|switch|p1a: Garganacl|Garganacl, F|39\/100\n|move|p2a: CHICKEN SANDIWCH|Brave Bird|p1a: Garganacl\n|-resisted|p1a: Garganacl\n|-damage|p1a: Garganacl|27\/100\n|-damage|p2a: CHICKEN SANDIWCH|78\/100|[from] Recoil\n|\n|-heal|p1a: Garganacl|34\/100|[from] Grassy Terrain\n|upkeep\n|turn|123\n|\n|t:|1700804469\n|move|p2a: CHICKEN SANDIWCH|Defog|p1a: Garganacl\n|-unboost|p1a: Garganacl|evasion|1\n|-sideend|p2: AMERICA NUMBER 1|Stealth Rock|[from] move: Defog|[of] p2a: CHICKEN SANDIWCH\n|-fieldend|move: Grassy Terrain\n|move|p1a: Garganacl|Recover|p1a: Garganacl\n|-heal|p1a: Garganacl|84\/100\n|\n|upkeep\n|turn|124\n|\n|t:|1700804475\n|move|p2a: CHICKEN SANDIWCH|Brave Bird|p1a: Garganacl\n|-resisted|p1a: Garganacl\n|-damage|p1a: Garganacl|71\/100\n|-damage|p2a: CHICKEN SANDIWCH|74\/100|[from] Recoil\n|move|p1a: Garganacl|Salt Cure|p2a: CHICKEN SANDIWCH\n|-damage|p2a: CHICKEN SANDIWCH|63\/100\n|-start|p2a: CHICKEN SANDIWCH|Salt Cure\n|\n|-damage|p2a: CHICKEN SANDIWCH|38\/100|[from] Salt Cure\n|upkeep\n|turn|125\n|\n|t:|1700804490\n|move|p2a: CHICKEN SANDIWCH|U-turn|p1a: Garganacl\n|-damage|p1a: Garganacl|62\/100\n|\n|t:|1700804495\n|switch|p2a: MEAT MOUNTAIN|Iron Hands|100\/100|[from] U-turn\n|move|p1a: Garganacl|Stealth Rock|p2a: MEAT MOUNTAIN\n|-sidestart|p2: AMERICA NUMBER 1|move: Stealth Rock\n|\n|upkeep\n|turn|126\n|\n|t:|1700804503\n|move|p1a: Garganacl|Protect|p1a: Garganacl\n|-singleturn|p1a: Garganacl|Protect\n|move|p2a: MEAT MOUNTAIN|Drain Punch|p1a: Garganacl\n|-activate|p1a: Garganacl|move: Protect\n|\n|upkeep\n|turn|127\n|\n|t:|1700804522\n|-end|p2a: MEAT MOUNTAIN|Quark Drive|[silent]\n|switch|p2a: BIG MAC|Dondozo, M|100\/100\n|-damage|p2a: BIG MAC|88\/100|[from] Stealth Rock\n|switch|p1a: Mew|Mew|91\/100\n|\n|-heal|p2a: BIG MAC|94\/100|[from] item: Leftovers\n|upkeep\n|turn|128\n|\n|t:|1700804540\n|switch|p2a: CHICKEN SANDIWCH|Corviknight, M|38\/100\n|-ability|p2a: CHICKEN SANDIWCH|Pressure\n|move|p1a: Mew|Cosmic Power|p1a: Mew\n|-boost|p1a: Mew|def|1\n|-boost|p1a: Mew|spd|1\n|\n|upkeep\n|turn|129\n|\n|t:|1700804549\n|move|p1a: Mew|Stored Power|p2a: CHICKEN SANDIWCH\n|-resisted|p2a: CHICKEN SANDIWCH\n|-damage|p2a: CHICKEN SANDIWCH|32\/100\n|move|p2a: CHICKEN SANDIWCH|Roost|p2a: CHICKEN SANDIWCH\n|-heal|p2a: CHICKEN SANDIWCH|82\/100\n|-singleturn|p2a: CHICKEN SANDIWCH|move: Roost\n|\n|upkeep\n|turn|130\n|\n|t:|1700804571\n|move|p1a: Mew|Cosmic Power|p1a: Mew\n|-boost|p1a: Mew|def|1\n|-boost|p1a: Mew|spd|1\n|move|p2a: CHICKEN SANDIWCH|U-turn|p1a: Mew\n|-supereffective|p1a: Mew\n|-damage|p1a: Mew|77\/100\n|\n|t:|1700804584\n|switch|p2a: IM 700 LBS|Sableye, F|61\/100|[from] U-turn\n|-damage|p2a: IM 700 LBS|49\/100|[from] Stealth Rock\n|\n|upkeep\n|turn|131\n|\n|t:|1700804601\n|detailschange|p2a: IM 700 LBS|Sableye-Mega, F\n|-mega|p2a: IM 700 LBS|Sableye|Sablenite\n|move|p1a: Mew|Stored Power|p2a: IM 700 LBS\n|-immune|p2a: IM 700 LBS\n|move|p2a: IM 700 LBS|Knock Off|p1a: Mew\n|-supereffective|p1a: Mew\n|-damage|p1a: Mew|52\/100\n|-enditem|p1a: Mew|Covert Cloak|[from] move: Knock Off|[of] p2a: IM 700 LBS\n|\n|upkeep\n|turn|132\n|\n|t:|1700804616\n|switch|p1a: Toxapex|Toxapex, M|100\/100\n|move|p2a: IM 700 LBS|Recover|p2a: IM 700 LBS\n|-heal|p2a: IM 700 LBS|99\/100\n|\n|upkeep\n|turn|133\n|\n|t:|1700804627\n|move|p1a: Toxapex|Scald|p2a: IM 700 LBS\n|-damage|p2a: IM 700 LBS|81\/100\n|move|p2a: IM 700 LBS|Knock Off|p1a: Toxapex\n|-damage|p1a: Toxapex|77\/100\n|-enditem|p1a: Toxapex|Heavy-Duty Boots|[from] move: Knock Off|[of] p2a: IM 700 LBS\n|\n|upkeep\n|turn|134\n|\n|t:|1700804639\n|switch|p2a: BIG MAC|Dondozo, M|94\/100\n|-damage|p2a: BIG MAC|82\/100|[from] Stealth Rock\n|move|p1a: Toxapex|Scald|p2a: BIG MAC\n|-resisted|p2a: BIG MAC\n|-damage|p2a: BIG MAC|74\/100\n|\n|-heal|p2a: BIG MAC|80\/100|[from] item: Leftovers\n|upkeep\n|turn|135\n|\n|t:|1700804650\n|switch|p1a: Mew|Mew|52\/100\n|move|p2a: BIG MAC|Curse|p2a: BIG MAC\n|-unboost|p2a: BIG MAC|spe|1\n|-boost|p2a: BIG MAC|atk|1\n|-boost|p2a: BIG MAC|def|1\n|\n|-heal|p2a: BIG MAC|86\/100|[from] item: Leftovers\n|upkeep\n|turn|136\n|\n|t:|1700804661\n|move|p1a: Mew|Cosmic Power|p1a: Mew\n|-boost|p1a: Mew|def|1\n|-boost|p1a: Mew|spd|1\n|move|p2a: BIG MAC|Curse|p2a: BIG MAC\n|-unboost|p2a: BIG MAC|spe|1\n|-boost|p2a: BIG MAC|atk|1\n|-boost|p2a: BIG MAC|def|1\n|\n|-heal|p2a: BIG MAC|92\/100|[from] item: Leftovers\n|upkeep\n|turn|137\n|\n|t:|1700804670\n|move|p1a: Mew|Roost|p1a: Mew\n|-heal|p1a: Mew|100\/100\n|-singleturn|p1a: Mew|move: Roost\n|move|p2a: BIG MAC|Curse|p2a: BIG MAC\n|-unboost|p2a: BIG MAC|spe|1\n|-boost|p2a: BIG MAC|atk|1\n|-boost|p2a: BIG MAC|def|1\n|\n|-heal|p2a: BIG MAC|98\/100|[from] item: Leftovers\n|upkeep\n|turn|138\n|\n|t:|1700804679\n|move|p1a: Mew|Cosmic Power|p1a: Mew\n|-boost|p1a: Mew|def|1\n|-boost|p1a: Mew|spd|1\n|move|p2a: BIG MAC|Liquidation|p1a: Mew\n|-damage|p1a: Mew|45\/100\n|\n|-heal|p2a: BIG MAC|100\/100|[from] item: Leftovers\n|upkeep\n|turn|139\n|\n|t:|1700804686\n|move|p1a: Mew|Roost|p1a: Mew\n|-heal|p1a: Mew|95\/100\n|-singleturn|p1a: Mew|move: Roost\n|move|p2a: BIG MAC|Liquidation|p1a: Mew\n|-damage|p1a: Mew|33\/100\n|\n|upkeep\n|turn|140\n|\n|t:|1700804692\n|move|p1a: Mew|Roost|p1a: Mew\n|-heal|p1a: Mew|83\/100\n|-singleturn|p1a: Mew|move: Roost\n|move|p2a: BIG MAC|Liquidation|p1a: Mew\n|-damage|p1a: Mew|22\/100\n|\n|upkeep\n|turn|141\n|\n|t:|1700804698\n|switch|p1a: Dondozo|Dondozo, M, tera:Dragon|83\/100 slp\n|move|p2a: BIG MAC|Liquidation|p1a: Dondozo\n|-resisted|p1a: Dondozo\n|-damage|p1a: Dondozo|77\/100 slp\n|\n|upkeep\n|turn|142\n|\n|t:|1700804707\n|switch|p2a: CHICKEN SANDIWCH|Corviknight, M|82\/100\n|-ability|p2a: CHICKEN SANDIWCH|Pressure\n|cant|p1a: Dondozo|slp\n|\n|upkeep\n|turn|143\n|\n|t:|1700804716\n|move|p2a: CHICKEN SANDIWCH|Brave Bird|p1a: Dondozo\n|-damage|p1a: Dondozo|59\/100 slp\n|-damage|p2a: CHICKEN SANDIWCH|74\/100|[from] Recoil\n|-curestatus|p1a: Dondozo|slp|[msg]\n|move|p1a: Dondozo|Curse|p1a: Dondozo\n|-unboost|p1a: Dondozo|spe|1\n|-boost|p1a: Dondozo|atk|1\n|-boost|p1a: Dondozo|def|1\n|\n|upkeep\n|turn|144\n|\n|t:|1700804732\n|move|p2a: CHICKEN SANDIWCH|U-turn|p1a: Dondozo\n|-damage|p1a: Dondozo|54\/100\n|\n|t:|1700804736\n|switch|p2a: BIG MAC|Dondozo, M|100\/100|[from] U-turn\n|-damage|p2a: BIG MAC|88\/100|[from] Stealth Rock\n|move|p1a: Dondozo|Liquidation|p2a: BIG MAC\n|-resisted|p2a: BIG MAC\n|-damage|p2a: BIG MAC|81\/100\n|-unboost|p2a: BIG MAC|def|1\n|\n|-heal|p2a: BIG MAC|87\/100|[from] item: Leftovers\n|upkeep\n|turn|145\n|\n|t:|1700804754\n|switch|p1a: Toxapex|Toxapex, M|100\/100\n|move|p2a: BIG MAC|Sleep Talk||[still]\n|-fail|p2a: BIG MAC\n|\n|-heal|p2a: BIG MAC|93\/100|[from] item: Leftovers\n|upkeep\n|turn|146\n|\n|t:|1700804768\n|switch|p2a: BACONATOR|Garganacl, M|88\/100\n|-damage|p2a: BACONATOR|76\/100|[from] Stealth Rock\n|move|p1a: Toxapex|Toxic|p2a: BACONATOR\n|-immune|p2a: BACONATOR|[from] ability: Purifying Salt\n|\n|-heal|p2a: BACONATOR|82\/100|[from] item: Leftovers\n|upkeep\n|turn|147\n|\n|t:|1700804776\n|move|p2a: BACONATOR|Salt Cure|p1a: Toxapex\n|-damage|p1a: Toxapex|89\/100\n|-start|p1a: Toxapex|Salt Cure\n|move|p1a: Toxapex|Scald|p2a: BACONATOR\n|-supereffective|p2a: BACONATOR\n|-damage|p2a: BACONATOR|59\/100\n|\n|-heal|p2a: BACONATOR|65\/100|[from] item: Leftovers\n|-damage|p1a: Toxapex|64\/100|[from] Salt Cure\n|upkeep\n|turn|148\n|\n|t:|1700804788\n|switch|p1a: Gliscor|Gliscor, M|99\/100 tox\n|move|p2a: BACONATOR|Iron Defense|p2a: BACONATOR\n|-boost|p2a: BACONATOR|def|2\n|\n|-heal|p2a: BACONATOR|72\/100|[from] item: Leftovers\n|-heal|p1a: Gliscor|100\/100 tox|[from] ability: Poison Heal\n|upkeep\n|turn|149\n|\n|t:|1700804799\n|move|p1a: Gliscor|Earthquake|p2a: BACONATOR\n|-supereffective|p2a: BACONATOR\n|-damage|p2a: BACONATOR|46\/100\n|move|p2a: BACONATOR|Salt Cure|p1a: Gliscor\n|-damage|p1a: Gliscor|92\/100 tox\n|-start|p1a: Gliscor|Salt Cure\n|\n|-heal|p2a: BACONATOR|52\/100|[from] item: Leftovers\n|-heal|p1a: Gliscor|100\/100 tox|[from] ability: Poison Heal\n|-damage|p1a: Gliscor|88\/100 tox|[from] Salt Cure\n|upkeep\n|turn|150\n|\n|t:|1700804809\n|move|p1a: Gliscor|Earthquake|p2a: BACONATOR\n|-supereffective|p2a: BACONATOR\n|-damage|p2a: BACONATOR|29\/100\n|move|p2a: BACONATOR|Recover|p2a: BACONATOR\n|-heal|p2a: BACONATOR|79\/100\n|\n|-heal|p2a: BACONATOR|85\/100|[from] item: Leftovers\n|-heal|p1a: Gliscor|100\/100 tox|[from] ability: Poison Heal\n|-damage|p1a: Gliscor|88\/100 tox|[from] Salt Cure\n|upkeep\n|turn|151\n|\n|t:|1700804819\n|switch|p1a: Garganacl|Garganacl, F|62\/100\n|move|p2a: BACONATOR|Iron Defense|p2a: BACONATOR\n|-boost|p2a: BACONATOR|def|2\n|\n|-heal|p2a: BACONATOR|91\/100|[from] item: Leftovers\n|upkeep\n|turn|152\n|\n|t:|1700804825\n|move|p1a: Garganacl|Protect|p1a: Garganacl\n|-singleturn|p1a: Garganacl|Protect\n|move|p2a: BACONATOR|Body Press|p1a: Garganacl\n|-activate|p1a: Garganacl|move: Protect\n|\n|-heal|p2a: BACONATOR|97\/100|[from] item: Leftovers\n|upkeep\n|turn|153\n|-message|wwwkp forfeited.\n|\n|win|AMERICA NUMBER 1\n|raw|wwwkp's rating: 1420 &rarr; <strong>1394<\/strong><br \/>(-26 for losing)\n|raw|AMERICA NUMBER 1's rating: 1304 &rarr; <strong>1330<\/strong><br \/>(+26 for winning)\n|l|\u2606wwwkp\n","uploadtime":1700804842,"views":4,"p1id":"wwwkp","p2id":"americanumber1","formatid":"gen9nationaldex","rating":1330,"private":0,"password":""}