{"id":"gen9nationaldex-2000151405","p1":"TV250SDSM","p2":"ghh110323","format":"[Gen 9] National Dex","log":"|html|<div class=\"broadcast-blue\"><strong>[Gen 9] National Dex is currently suspecting Sneasler! For information on how to participate check out the <a href=\"https:\/\/www.smogon.com\/forums\/threads\/sv-national-dex-suspect-8-just-dance.3731534\/\">suspect thread<\/a>.<\/strong><\/div>\n|j|\u2606TV250SDSM\n|j|\u2606ghh110323\n|t:|1701163730\n|gametype|singles\n|player|p1|TV250SDSM|hilbert-wonderlauncher|\n|player|p2|ghh110323|red|\n|teamsize|p1|6\n|teamsize|p2|6\n|gen|9\n|tier|[Gen 9] National Dex\n|rule|HP Percentage Mod: HP is shown in percentages\n|rule|Endless Battle Clause: Forcing endless battles is banned\n|rule|OHKO Clause: OHKO moves are banned\n|rule|Evasion Clause: Evasion abilities, items, and moves are banned\n|rule|Evasion Abilities Clause: Evasion abilities are banned\n|rule|Evasion Items Clause: Evasion items are banned\n|rule|Evasion Moves Clause: Evasion moves are banned\n|rule|Species Clause: Limit one of each Pok\u00e9mon\n|rule|Sleep Clause Mod: Limit one foe put to sleep\n|clearpoke\n|poke|p1|Espeon, M|\n|poke|p1|Vaporeon, M|\n|poke|p1|Jolteon, F|\n|poke|p1|Sylveon, M|\n|poke|p1|Leafeon, F|\n|poke|p1|Umbreon, F|\n|poke|p2|Sylveon, M|\n|poke|p2|Leafeon, M|\n|poke|p2|Flareon, F|\n|poke|p2|Vaporeon, M|\n|poke|p2|Jolteon, F|\n|poke|p2|Umbreon, M|\n|teampreview\n|\n|t:|1701163746\n|start\n|switch|p1a: Jolteon|Jolteon, F|100\/100\n|switch|p2a: Flareon|Flareon, F|100\/100\n|turn|1\n|\n|t:|1701163754\n|move|p1a: Jolteon|Protect|p1a: Jolteon\n|-singleturn|p1a: Jolteon|Protect\n|move|p2a: Flareon|Yawn|p1a: Jolteon\n|-activate|p1a: Jolteon|move: Protect\n|\n|-status|p1a: Jolteon|brn|[from] item: Flame Orb\n|upkeep\n|turn|2\n|\n|t:|1701163764\n|move|p1a: Jolteon|Thunderbolt|p2a: Flareon\n|-damage|p2a: Flareon|64\/100\n|move|p2a: Flareon|Sunny Day|p2a: Flareon\n|-weather|SunnyDay\n|\n|-weather|SunnyDay|[upkeep]\n|-damage|p1a: Jolteon|95\/100 brn|[from] brn\n|upkeep\n|turn|3\n|\n|t:|1701163773\n|move|p1a: Jolteon|Volt Switch|p2a: Flareon\n|-damage|p2a: Flareon|34\/100\n|\n|t:|1701163785\n|switch|p1a: Leafeon|Leafeon, F, shiny|100\/100|[from] Volt Switch\n|move|p2a: Flareon|Yawn|p1a: Leafeon\n|-immune|p1a: Leafeon|[from] ability: Leaf Guard\n|\n|-weather|SunnyDay|[upkeep]\n|upkeep\n|turn|4\n|\n|t:|1701163801\n|move|p1a: Leafeon|Aerial Ace|p2a: Flareon\n|-damage|p2a: Flareon|7\/100\n|move|p2a: Flareon|Flare Blitz|p1a: Leafeon\n|-supereffective|p1a: Leafeon\n|-enditem|p1a: Leafeon|Focus Sash\n|-damage|p1a: Leafeon|1\/100\n|-damage|p2a: Flareon|0 fnt|[from] Recoil\n|faint|p2a: Flareon\n|\n|-weather|SunnyDay|[upkeep]\n|upkeep\n|\n|t:|1701163813\n|switch|p2a: Leafeon|Leafeon, M|100\/100\n|turn|5\n|\n|t:|1701163818\n|move|p2a: Leafeon|Trailblaze|p1a: Leafeon\n|-resisted|p1a: Leafeon\n|-damage|p1a: Leafeon|0 fnt\n|-boost|p2a: Leafeon|spe|1\n|faint|p1a: Leafeon\n|-damage|p2a: Leafeon|91\/100|[from] item: Life Orb\n|\n|-weather|SunnyDay|[upkeep]\n|upkeep\n|\n|t:|1701163827\n|switch|p1a: Umbreon|Umbreon, F, shiny|100\/100\n|turn|6\n|\n|t:|1701163832\n|move|p2a: Leafeon|X-Scissor|p1a: Umbreon\n|-supereffective|p1a: Umbreon\n|-damage|p1a: Umbreon|47\/100\n|-damage|p2a: Leafeon|81\/100|[from] item: Life Orb\n|move|p1a: Umbreon|Toxic|p2a: Leafeon\n|-status|p2a: Leafeon|tox\n|\n|-weather|none\n|-heal|p1a: Umbreon|53\/100|[from] item: Leftovers\n|-damage|p2a: Leafeon|75\/100 tox|[from] psn\n|upkeep\n|turn|7\n|\n|t:|1701163844\n|move|p2a: Leafeon|X-Scissor|p1a: Umbreon\n|-supereffective|p1a: Umbreon\n|-damage|p1a: Umbreon|1\/100\n|-damage|p2a: Leafeon|65\/100 tox|[from] item: Life Orb\n|move|p1a: Umbreon|Wish|p1a: Umbreon\n|\n|-heal|p1a: Umbreon|7\/100|[from] item: Leftovers\n|-damage|p2a: Leafeon|52\/100 tox|[from] psn\n|upkeep\n|turn|8\n|\n|t:|1701163855\n|move|p1a: Umbreon|Protect|p1a: Umbreon\n|-singleturn|p1a: Umbreon|Protect\n|move|p2a: Leafeon|Knock Off|p1a: Umbreon\n|-activate|p1a: Umbreon|move: Protect\n|\n|-heal|p1a: Umbreon|57\/100|[from] move: Wish|[wisher] Umbreon\n|-heal|p1a: Umbreon|63\/100|[from] item: Leftovers\n|-damage|p2a: Leafeon|34\/100 tox|[from] psn\n|upkeep\n|turn|9\n|\n|t:|1701163870\n|switch|p1a: Vaporeon|Vaporeon, M, shiny|100\/100\n|move|p2a: Leafeon|X-Scissor|p1a: Vaporeon\n|-damage|p1a: Vaporeon|70\/100\n|-damage|p2a: Leafeon|24\/100 tox|[from] item: Life Orb\n|\n|-heal|p1a: Vaporeon|77\/100|[from] item: Leftovers\n|-damage|p2a: Leafeon|0 fnt|[from] psn\n|faint|p2a: Leafeon\n|upkeep\n|\n|t:|1701163887\n|switch|p2a: Jolteon|Jolteon, F|100\/100\n|turn|10\n|\n|t:|1701163904\n|switch|p1a: Jolteon|Jolteon, F|95\/100 brn\n|move|p2a: Jolteon|Thunder|p1a: Jolteon|[miss]\n|-miss|p2a: Jolteon|p1a: Jolteon\n|\n|-damage|p1a: Jolteon|89\/100 brn|[from] brn\n|upkeep\n|turn|11\n|\n|t:|1701163930\n|switch|p1a: Sylveon|Sylveon, M, shiny|100\/100\n|move|p2a: Jolteon|Wish|p2a: Jolteon\n|\n|upkeep\n|turn|12\n|\n|t:|1701163943\n|-terastallize|p2a: Jolteon|Electric\n|move|p2a: Jolteon|Thunder|p1a: Sylveon\n|-damage|p1a: Sylveon|34\/100\n|move|p1a: Sylveon|Trailblaze|p2a: Jolteon\n|-damage|p2a: Jolteon|88\/100\n|-boost|p1a: Sylveon|spe|1\n|\n|-heal|p2a: Jolteon|100\/100|[from] move: Wish|[wisher] Jolteon\n|upkeep\n|turn|13\n|\n|t:|1701163971\n|move|p2a: Jolteon|Thunder|p1a: Sylveon\n|-damage|p1a: Sylveon|0 fnt\n|faint|p1a: Sylveon\n|\n|upkeep\n|\n|t:|1701163978\n|switch|p1a: Umbreon|Umbreon, F, shiny|63\/100\n|turn|14\n|\n|t:|1701163984\n|move|p2a: Jolteon|Signal Beam|p1a: Umbreon\n|-supereffective|p1a: Umbreon\n|-damage|p1a: Umbreon|33\/100\n|move|p1a: Umbreon|Toxic|p2a: Jolteon\n|-status|p2a: Jolteon|tox\n|\n|-heal|p1a: Umbreon|39\/100|[from] item: Leftovers\n|-damage|p2a: Jolteon|95\/100 tox|[from] psn\n|upkeep\n|turn|15\n|\n|t:|1701163995\n|move|p1a: Umbreon|Protect|p1a: Umbreon\n|-singleturn|p1a: Umbreon|Protect\n|move|p2a: Jolteon|Wish|p2a: Jolteon\n|\n|-heal|p1a: Umbreon|45\/100|[from] item: Leftovers\n|-damage|p2a: Jolteon|83\/100 tox|[from] psn\n|upkeep\n|turn|16\n|\n|t:|1701164008\n|switch|p1a: Espeon|Espeon, M, shiny|100\/100\n|move|p2a: Jolteon|Thunder|p1a: Espeon\n|-damage|p1a: Espeon|0 fnt\n|faint|p1a: Espeon\n|\n|-heal|p2a: Jolteon|100\/100 tox|[from] move: Wish|[wisher] Jolteon\n|-damage|p2a: Jolteon|83\/100 tox|[from] psn\n|upkeep\n|\n|t:|1701164027\n|switch|p1a: Umbreon|Umbreon, F, shiny|45\/100\n|turn|17\n|\n|t:|1701164033\n|move|p1a: Umbreon|Protect|p1a: Umbreon\n|-singleturn|p1a: Umbreon|Protect\n|move|p2a: Jolteon|Wish|p2a: Jolteon\n|\n|-heal|p1a: Umbreon|51\/100|[from] item: Leftovers\n|-damage|p2a: Jolteon|59\/100 tox|[from] psn\n|upkeep\n|turn|18\n|\n|t:|1701164043\n|move|p2a: Jolteon|Thunder|p1a: Umbreon|[miss]\n|-miss|p2a: Jolteon|p1a: Umbreon\n|move|p1a: Umbreon|Wish|p1a: Umbreon\n|\n|-heal|p2a: Jolteon|100\/100 tox|[from] move: Wish|[wisher] Jolteon\n|-heal|p1a: Umbreon|57\/100|[from] item: Leftovers\n|-damage|p2a: Jolteon|71\/100 tox|[from] psn\n|upkeep\n|turn|19\n|\n|t:|1701164066\n|move|p2a: Jolteon|Thunder|p1a: Umbreon\n|-damage|p1a: Umbreon|7\/100\n|move|p1a: Umbreon|Wish||[still]\n|-fail|p1a: Umbreon\n|\n|-heal|p1a: Umbreon|57\/100|[from] move: Wish|[wisher] Umbreon\n|-heal|p1a: Umbreon|63\/100|[from] item: Leftovers\n|-damage|p2a: Jolteon|36\/100 tox|[from] psn\n|upkeep\n|turn|20\n|\n|t:|1701164079\n|move|p2a: Jolteon|Thunder||[still]\n|-damage|p1a: Umbreon|15\/100\n|-status|p1a: Umbreon|par\n|-activate|p1a: Umbreon|ability: Synchronize\n|-fail|p1a: Umbreon\n|move|p1a: Umbreon|Wish|p1a: Umbreon\n|\n|-heal|p1a: Umbreon|21\/100 par|[from] item: Leftovers\n|-damage|p2a: Jolteon|0 fnt|[from] psn\n|faint|p2a: Jolteon\n|upkeep\n|\n|t:|1701164095\n|switch|p2a: Umbreon|Umbreon, M|100\/100\n|turn|21\n|\n|t:|1701164104\n|move|p1a: Umbreon|Protect|p1a: Umbreon\n|-singleturn|p1a: Umbreon|Protect\n|move|p2a: Umbreon|Throat Chop|p1a: Umbreon\n|-activate|p1a: Umbreon|move: Protect\n|\n|-heal|p1a: Umbreon|71\/100 par|[from] move: Wish|[wisher] Umbreon\n|-heal|p1a: Umbreon|77\/100 par|[from] item: Leftovers\n|upkeep\n|turn|22\n|\n|t:|1701164117\n|move|p2a: Umbreon|Throat Chop|p1a: Umbreon\n|-resisted|p1a: Umbreon\n|-damage|p1a: Umbreon|69\/100 par\n|-start|p1a: Umbreon|Throat Chop|[silent]\n|cant|p1a: Umbreon|par\n|\n|-heal|p1a: Umbreon|75\/100 par|[from] item: Leftovers\n|upkeep\n|turn|23\n|\n|t:|1701164128\n|switch|p2a: Vaporeon|Vaporeon, M|100\/100\n|move|p1a: Umbreon|Toxic|p2a: Vaporeon\n|-status|p2a: Vaporeon|tox\n|\n|-heal|p1a: Umbreon|81\/100 par|[from] item: Leftovers\n|-damage|p2a: Vaporeon|94\/100 tox|[from] psn\n|-end|p1a: Umbreon|Throat Chop|[silent]\n|upkeep\n|turn|24\n|\n|t:|1701164138\n|switch|p1a: Jolteon|Jolteon, F|89\/100 brn\n|move|p2a: Vaporeon|Rain Dance|p2a: Vaporeon\n|-weather|RainDance\n|\n|-weather|RainDance|[upkeep]\n|-damage|p2a: Vaporeon|82\/100 tox|[from] psn\n|-damage|p1a: Jolteon|83\/100 brn|[from] brn\n|upkeep\n|turn|25\n|\n|t:|1701164149\n|switch|p2a: Umbreon|Umbreon, M|100\/100\n|move|p1a: Jolteon|Thunderbolt|p2a: Umbreon\n|-damage|p2a: Umbreon|71\/100\n|\n|-weather|RainDance|[upkeep]\n|-heal|p2a: Umbreon|77\/100|[from] item: Leftovers\n|-damage|p1a: Jolteon|77\/100 brn|[from] brn\n|upkeep\n|turn|26\n|\n|t:|1701164163\n|move|p1a: Jolteon|Thunder Wave||[still]\n|-status|p2a: Umbreon|par\n|-activate|p2a: Umbreon|ability: Synchronize\n|-fail|p2a: Umbreon\n|move|p2a: Umbreon|Heal Bell|p2a: Umbreon\n|-activate|p2a: Umbreon|move: Heal Bell\n|-curestatus|p2a: Umbreon|par|[msg]\n|-curestatus|p2: Vaporeon|tox|[msg]\n|\n|-weather|RainDance|[upkeep]\n|-heal|p2a: Umbreon|83\/100|[from] item: Leftovers\n|-damage|p1a: Jolteon|71\/100 brn|[from] brn\n|upkeep\n|turn|27\n|\n|t:|1701164180\n|move|p1a: Jolteon|Thunderbolt|p2a: Umbreon\n|-damage|p2a: Umbreon|54\/100\n|move|p2a: Umbreon|Throat Chop|p1a: Jolteon\n|-damage|p1a: Jolteon|46\/100 brn\n|-start|p1a: Jolteon|Throat Chop|[silent]\n|\n|-weather|RainDance|[upkeep]\n|-heal|p2a: Umbreon|60\/100|[from] item: Leftovers\n|-damage|p1a: Jolteon|40\/100 brn|[from] brn\n|upkeep\n|turn|28\n|\n|t:|1701164192\n|move|p1a: Jolteon|Volt Switch|p2a: Umbreon\n|-damage|p2a: Umbreon|40\/100\n|\n|t:|1701164198\n|switch|p1a: Vaporeon|Vaporeon, M, shiny|77\/100|[from] Volt Switch\n|move|p2a: Umbreon|Throat Chop|p1a: Vaporeon\n|-damage|p1a: Vaporeon|60\/100\n|-start|p1a: Vaporeon|Throat Chop|[silent]\n|\n|-weather|RainDance|[upkeep]\n|-heal|p1a: Vaporeon|66\/100|[from] item: Leftovers\n|-heal|p2a: Umbreon|46\/100|[from] item: Leftovers\n|upkeep\n|turn|29\n|\n|t:|1701164214\n|move|p2a: Umbreon|Toxic|p1a: Vaporeon\n|-status|p1a: Vaporeon|tox\n|move|p1a: Vaporeon|Acid Armor|p1a: Vaporeon\n|-boost|p1a: Vaporeon|def|2\n|\n|-weather|RainDance|[upkeep]\n|-heal|p1a: Vaporeon|72\/100 tox|[from] item: Leftovers\n|-heal|p2a: Umbreon|52\/100|[from] item: Leftovers\n|-damage|p1a: Vaporeon|66\/100 tox|[from] psn\n|-end|p1a: Vaporeon|Throat Chop|[silent]\n|upkeep\n|turn|30\n|\n|t:|1701164230\n|switch|p2a: Vaporeon|Vaporeon, M|82\/100\n|move|p1a: Vaporeon|Yawn|p2a: Vaporeon\n|-start|p2a: Vaporeon|move: Yawn|[of] p1a: Vaporeon\n|\n|-weather|RainDance|[upkeep]\n|-heal|p1a: Vaporeon|72\/100 tox|[from] item: Leftovers\n|-damage|p1a: Vaporeon|60\/100 tox|[from] psn\n|upkeep\n|turn|31\n|\n|t:|1701164244\n|move|p1a: Vaporeon|Ice Beam|p2a: Vaporeon\n|-resisted|p2a: Vaporeon\n|-damage|p2a: Vaporeon|72\/100\n|-status|p2a: Vaporeon|frz\n|cant|p2a: Vaporeon|frz\n|\n|-weather|none\n|-heal|p1a: Vaporeon|66\/100 tox|[from] item: Leftovers\n|-damage|p1a: Vaporeon|47\/100 tox|[from] psn\n|-end|p2a: Vaporeon|move: Yawn|[silent]\n|upkeep\n|turn|32\n|\n|t:|1701164257\n|switch|p1a: Jolteon|Jolteon, F|40\/100 brn\n|-curestatus|p2a: Vaporeon|frz|[msg]\n|move|p2a: Vaporeon|Rain Dance|p2a: Vaporeon\n|-weather|RainDance\n|\n|-weather|RainDance|[upkeep]\n|-damage|p1a: Jolteon|34\/100 brn|[from] brn\n|upkeep\n|turn|33\n|\n|t:|1701164266\n|switch|p2a: Umbreon|Umbreon, M|52\/100\n|move|p1a: Jolteon|Thunderbolt|p2a: Umbreon\n|-damage|p2a: Umbreon|23\/100\n|\n|-weather|RainDance|[upkeep]\n|-heal|p2a: Umbreon|29\/100|[from] item: Leftovers\n|-damage|p1a: Jolteon|29\/100 brn|[from] brn\n|upkeep\n|turn|34\n|\n|t:|1701164278\n|move|p1a: Jolteon|Thunderbolt|p2a: Umbreon\n|-damage|p2a: Umbreon|0 fnt\n|faint|p2a: Umbreon\n|\n|-weather|RainDance|[upkeep]\n|-damage|p1a: Jolteon|23\/100 brn|[from] brn\n|upkeep\n|\n|t:|1701164285\n|switch|p2a: Sylveon|Sylveon, M|100\/100\n|turn|35\n|\n|t:|1701164294\n|move|p1a: Jolteon|Thunderbolt|p2a: Sylveon\n|-damage|p2a: Sylveon|67\/100\n|move|p2a: Sylveon|Calm Mind|p2a: Sylveon\n|-boost|p2a: Sylveon|spa|1\n|-boost|p2a: Sylveon|spd|1\n|\n|-weather|RainDance|[upkeep]\n|-damage|p1a: Jolteon|17\/100 brn|[from] brn\n|upkeep\n|turn|36\n|\n|t:|1701164309\n|move|p1a: Jolteon|Volt Switch|p2a: Sylveon\n|-crit|p2a: Sylveon\n|-damage|p2a: Sylveon|24\/100\n|\n|t:|1701164313\n|switch|p1a: Umbreon|Umbreon, F, shiny|81\/100 par|[from] Volt Switch\n|move|p2a: Sylveon|Calm Mind|p2a: Sylveon\n|-boost|p2a: Sylveon|spa|1\n|-boost|p2a: Sylveon|spd|1\n|\n|-weather|RainDance|[upkeep]\n|-heal|p1a: Umbreon|87\/100 par|[from] item: Leftovers\n|upkeep\n|turn|37\n|\n|t:|1701164324\n|switch|p2a: Vaporeon|Vaporeon, M|72\/100\n|move|p1a: Umbreon|Toxic|p2a: Vaporeon\n|-status|p2a: Vaporeon|tox\n|\n|-weather|RainDance|[upkeep]\n|-heal|p1a: Umbreon|93\/100 par|[from] item: Leftovers\n|-damage|p2a: Vaporeon|66\/100 tox|[from] psn\n|upkeep\n|turn|38\n|\n|t:|1701164335\n|switch|p1a: Vaporeon|Vaporeon, M, shiny|47\/100 tox\n|move|p2a: Vaporeon|Signal Beam|p1a: Vaporeon\n|-damage|p1a: Vaporeon|26\/100 tox\n|\n|-weather|RainDance|[upkeep]\n|-heal|p1a: Vaporeon|32\/100 tox|[from] item: Leftovers\n|-damage|p1a: Vaporeon|26\/100 tox|[from] psn\n|-damage|p2a: Vaporeon|53\/100 tox|[from] psn\n|upkeep\n|turn|39\n|\n|t:|1701164348\n|move|p2a: Vaporeon|Hydro Pump|p1a: Vaporeon\n|-heal|p1a: Vaporeon|51\/100 tox|[from] ability: Water Absorb|[of] p2a: Vaporeon\n|move|p1a: Vaporeon|Hydro Pump|p2a: Vaporeon\n|-heal|p2a: Vaporeon|78\/100 tox|[from] ability: Water Absorb|[of] p1a: Vaporeon\n|\n|-weather|none\n|-heal|p1a: Vaporeon|57\/100 tox|[from] item: Leftovers\n|-damage|p2a: Vaporeon|59\/100 tox|[from] psn\n|-damage|p1a: Vaporeon|44\/100 tox|[from] psn\n|upkeep\n|turn|40\n|\n|t:|1701164371\n|move|p2a: Vaporeon|Ice Beam|p1a: Vaporeon\n|-resisted|p1a: Vaporeon\n|-damage|p1a: Vaporeon|30\/100 tox\n|move|p1a: Vaporeon|Ice Beam|p2a: Vaporeon\n|-resisted|p2a: Vaporeon\n|-damage|p2a: Vaporeon|48\/100 tox\n|\n|-heal|p1a: Vaporeon|36\/100 tox|[from] item: Leftovers\n|-damage|p1a: Vaporeon|18\/100 tox|[from] psn\n|-damage|p2a: Vaporeon|23\/100 tox|[from] psn\n|upkeep\n|turn|41\n|\n|t:|1701164382\n|move|p2a: Vaporeon|Signal Beam|p1a: Vaporeon\n|-crit|p1a: Vaporeon\n|-damage|p1a: Vaporeon|0 fnt\n|faint|p1a: Vaporeon\n|\n|-damage|p2a: Vaporeon|0 fnt|[from] psn\n|faint|p2a: Vaporeon\n|upkeep\n|\n|t:|1701164390\n|switch|p2a: Sylveon|Sylveon, M|24\/100\n|switch|p1a: Jolteon|Jolteon, F|17\/100 brn\n|turn|42\n|\n|t:|1701164401\n|move|p1a: Jolteon|Thunderbolt|p2a: Sylveon\n|-damage|p2a: Sylveon|0 fnt\n|faint|p2a: Sylveon\n|\n|win|TV250SDSM\n|l|\u2606ghh110323\n|l|\u2606TV250SDSM\n|j|\u2606TV250SDSM\n|player|p1|TV250SDSM|hilbert-wonderlauncher\n","uploadtime":1701164484,"views":2,"p1id":"tv250sdsm","p2id":"ghh110323","formatid":"gen9nationaldex","rating":0,"private":0,"password":""}