{"id":"gen9nationaldex-1991104812","p1":"Nonno Sandslash","p2":"Blake-Mamba","format":"[Gen 9] National Dex","log":"|j|\u2606Nonno Sandslash\n|j|\u2606Blake-Mamba\n|t:|1700043611\n|gametype|singles\n|player|p1|Nonno Sandslash|wattson|1342\n|player|p2|Blake-Mamba|juan|1393\n|teamsize|p1|6\n|teamsize|p2|6\n|gen|9\n|tier|[Gen 9] National Dex\n|rated|\n|rule|HP Percentage Mod: HP is shown in percentages\n|rule|Endless Battle Clause: Forcing endless battles is banned\n|rule|OHKO Clause: OHKO moves are banned\n|rule|Evasion Clause: Evasion abilities, items, and moves are banned\n|rule|Evasion Abilities Clause: Evasion abilities are banned\n|rule|Evasion Items Clause: Evasion items are banned\n|rule|Evasion Moves Clause: Evasion moves are banned\n|rule|Species Clause: Limit one of each Pok\u00e9mon\n|rule|Sleep Clause Mod: Limit one foe put to sleep\n|clearpoke\n|poke|p1|Charizard, M|\n|poke|p1|Xatu, F|\n|poke|p1|Galvantula, F|\n|poke|p1|Shaymin|\n|poke|p1|Tentacruel, M|\n|poke|p1|Mamoswine, M|\n|poke|p2|Galvantula, M|\n|poke|p2|Serperior, M|\n|poke|p2|Volcarona, F|\n|poke|p2|Carracosta, M|\n|poke|p2|Archeops, F|\n|poke|p2|Golurk|\n|teampreview\n|inactive|Battle timer is ON: inactive players will automatically lose when time's up. (requested by Blake-Mamba)\n|inactive|Nonno Sandslash has 120 seconds left.\n|\n|t:|1700043663\n|start\n|switch|p1a: Tentacruel|Tentacruel, M|100\/100\n|switch|p2a: Galvantula|Galvantula, M|100\/100\n|-item|p1a: Tentacruel|Air Balloon\n|turn|1\n|\n|t:|1700043670\n|move|p2a: Galvantula|Thunder|p1a: Tentacruel\n|-supereffective|p1a: Tentacruel\n|-damage|p1a: Tentacruel|17\/100\n|-enditem|p1a: Tentacruel|Air Balloon\n|move|p1a: Tentacruel|Rapid Spin|p2a: Galvantula\n|-damage|p2a: Galvantula|83\/100\n|-boost|p1a: Tentacruel|spe|1\n|\n|upkeep\n|turn|2\n|\n|t:|1700043679\n|move|p1a: Tentacruel|Scald|p2a: Galvantula\n|-damage|p2a: Galvantula|42\/100\n|move|p2a: Galvantula|Giga Drain|p1a: Tentacruel\n|-damage|p1a: Tentacruel|0 fnt\n|-damage|p2a: Galvantula|31\/100|[from] ability: Liquid Ooze|[of] p1a: Tentacruel\n|faint|p1a: Tentacruel\n|\n|upkeep\n|\n|t:|1700043688\n|switch|p1a: Mamoswine|Mamoswine, M|100\/100\n|turn|3\n|\n|t:|1700043697\n|move|p1a: Mamoswine|Ice Shard|p2a: Galvantula\n|-damage|p2a: Galvantula|0 fnt\n|faint|p2a: Galvantula\n|\n|upkeep\n|\n|t:|1700043704\n|switch|p2a: Archeops|Archeops, F|100\/100\n|turn|4\n|\n|t:|1700043708\n|switch|p1a: Xatu|Xatu, F|100\/100\n|move|p2a: Archeops|Stone Edge|p1a: Xatu|[miss]\n|-miss|p2a: Archeops|p1a: Xatu\n|\n|upkeep\n|turn|5\n|\n|t:|1700043714\n|move|p2a: Archeops|Stone Edge|p1a: Xatu\n|-supereffective|p1a: Xatu\n|-damage|p1a: Xatu|0 fnt\n|faint|p1a: Xatu\n|\n|upkeep\n|\n|t:|1700043722\n|switch|p1a: Galvantula|Galvantula, F, shiny|100\/100\n|turn|6\n|\n|t:|1700043725\n|-zpower|p1a: Galvantula\n|move|p1a: Galvantula|Z-Sticky Web|p2a: Archeops|[anim]Sticky Web\n|-boost|p1a: Galvantula|spe|1|[zeffect]\n|-sidestart|p2: Blake-Mamba|move: Sticky Web\n|move|p2a: Archeops|Stone Edge|p1a: Galvantula\n|-supereffective|p1a: Galvantula\n|-damage|p1a: Galvantula|0 fnt\n|faint|p1a: Galvantula\n|\n|upkeep\n|\n|t:|1700043730\n|switch|p1a: Shaymin|Shaymin|100\/100\n|turn|7\n|\n|t:|1700043740\n|switch|p2a: Volcarona|Volcarona, F|100\/100\n|move|p1a: Shaymin|Substitute|p1a: Shaymin\n|-start|p1a: Shaymin|Substitute\n|-damage|p1a: Shaymin|76\/100\n|\n|-heal|p1a: Shaymin|82\/100|[from] item: Leftovers\n|upkeep\n|turn|8\n|\n|t:|1700043751\n|move|p1a: Shaymin|Air Slash|p2a: Volcarona\n|-supereffective|p2a: Volcarona\n|-damage|p2a: Volcarona|59\/100\n|cant|p2a: Volcarona|flinch\n|\n|-heal|p1a: Shaymin|88\/100|[from] item: Leftovers\n|upkeep\n|turn|9\n|\n|t:|1700043758\n|move|p1a: Shaymin|Air Slash|p2a: Volcarona\n|-supereffective|p2a: Volcarona\n|-damage|p2a: Volcarona|23\/100\n|move|p2a: Volcarona|Quiver Dance|p2a: Volcarona\n|-boost|p2a: Volcarona|spa|1\n|-boost|p2a: Volcarona|spd|1\n|-boost|p2a: Volcarona|spe|1\n|\n|-heal|p1a: Shaymin|94\/100|[from] item: Leftovers\n|upkeep\n|turn|10\n|\n|t:|1700043768\n|move|p2a: Volcarona|Bug Buzz|p1a: Shaymin\n|-supereffective|p1a: Shaymin\n|-damage|p1a: Shaymin|0 fnt\n|faint|p1a: Shaymin\n|\n|upkeep\n|\n|t:|1700043770\n|switch|p1a: Mamoswine|Mamoswine, M|100\/100\n|turn|11\n|\n|t:|1700043775\n|-terastallize|p1a: Mamoswine|Ice\n|move|p1a: Mamoswine|Ice Shard|p2a: Volcarona\n|-resisted|p2a: Volcarona\n|-damage|p2a: Volcarona|3\/100\n|move|p2a: Volcarona|Fiery Dance|p1a: Mamoswine\n|-supereffective|p1a: Mamoswine\n|-enditem|p1a: Mamoswine|Focus Sash\n|-damage|p1a: Mamoswine|1\/100\n|\n|upkeep\n|turn|12\n|\n|t:|1700043785\n|move|p1a: Mamoswine|Ice Shard|p2a: Volcarona\n|-resisted|p2a: Volcarona\n|-damage|p2a: Volcarona|0 fnt\n|faint|p2a: Volcarona\n|\n|upkeep\n|\n|t:|1700043790\n|switch|p2a: Carracosta|Carracosta, M|100\/100\n|-activate|p2a: Carracosta|move: Sticky Web\n|-unboost|p2a: Carracosta|spe|1\n|turn|13\n|\n|t:|1700043794\n|move|p2a: Carracosta|Aqua Jet|p1a: Mamoswine\n|-damage|p1a: Mamoswine|0 fnt\n|faint|p1a: Mamoswine\n|\n|upkeep\n|\n|t:|1700043796\n|switch|p1a: Charizard|Charizard, M|100\/100\n|turn|14\n|\n|t:|1700043801\n|detailschange|p1a: Charizard|Charizard-Mega-Y, M\n|-mega|p1a: Charizard|Charizard|Charizardite Y\n|-weather|SunnyDay|[from] ability: Drought|[of] p1a: Charizard\n|move|p1a: Charizard|Solar Beam||[still]\n|-prepare|p1a: Charizard|Solar Beam\n|-anim|p1a: Charizard|Solar Beam|p2a: Carracosta\n|-supereffective|p2a: Carracosta\n|-ability|p2a: Carracosta|Sturdy\n|-damage|p2a: Carracosta|1\/100\n|-enditem|p2a: Carracosta|Weakness Policy\n|-boost|p2a: Carracosta|atk|2|[from] item: Weakness Policy\n|-boost|p2a: Carracosta|spa|2|[from] item: Weakness Policy\n|move|p2a: Carracosta|Stone Edge|p1a: Charizard\n|-supereffective|p1a: Charizard\n|-crit|p1a: Charizard\n|-damage|p1a: Charizard|0 fnt\n|faint|p1a: Charizard\n|\n|win|Blake-Mamba\n|raw|Nonno Sandslash's rating: 1342 &rarr; <strong>1325<\/strong><br \/>(-17 for losing)\n|raw|Blake-Mamba's rating: 1393 &rarr; <strong>1410<\/strong><br \/>(+17 for winning)\n|l|\u2606Nonno Sandslash\n|c|\u2606Blake-Mamba|Gg\n","uploadtime":1700043822,"views":4,"p1id":"nonnosandslash","p2id":"blakemamba","formatid":"gen9nationaldex","rating":1325,"private":0,"password":""}