{"id":"gen9nationaldex-1987257319","p1":"nebulachan","p2":"StormWitch","format":"[Gen 9] National Dex","log":"|j|\u2606nebulachan\n|j|\u2606StormWitch\n|t:|1699570169\n|gametype|singles\n|player|p1|nebulachan|acetrainerf-gen1|\n|player|p2|StormWitch|serena-masters2|\n|teamsize|p1|6\n|teamsize|p2|6\n|gen|9\n|tier|[Gen 9] National Dex\n|rule|HP Percentage Mod: HP is shown in percentages\n|rule|Endless Battle Clause: Forcing endless battles is banned\n|rule|OHKO Clause: OHKO moves are banned\n|rule|Evasion Clause: Evasion abilities, items, and moves are banned\n|rule|Evasion Abilities Clause: Evasion abilities are banned\n|rule|Evasion Items Clause: Evasion items are banned\n|rule|Evasion Moves Clause: Evasion moves are banned\n|rule|Species Clause: Limit one of each Pok\u00e9mon\n|rule|Sleep Clause Mod: Limit one foe put to sleep\n|clearpoke\n|poke|p1|Torterra, M|\n|poke|p1|Araquanid, F|\n|poke|p1|Druddigon, F|\n|poke|p1|Rotom-Fan|\n|poke|p1|Swanna, M|\n|poke|p1|Gourgeist-*, F|\n|poke|p2|Cursola, F|\n|poke|p2|Ribombee, M|\n|poke|p2|Glimmet, M|\n|poke|p2|Porygon2|\n|poke|p2|Bronzong|\n|poke|p2|Toedscruel, M|\n|teampreview\n|j| Pyos\n|c|\u2606nebulachan|do you wanna send mean lookers or i?\n|c|\u2606nebulachan|:3\n|c|\u2606StormWitch|go ahead\n|j| robotjuice\n|c|\u2606StormWitch|glhf!\n|j| Meaperm\n|c|\u2606nebulachan|you too homie\n|j| ThatOneSoldier\n|c|\u2606nebulachan|i am so shocked to see glimmet of all things\n|c| ThatOneSoldier|Glimmet is funny\n|c| Meaperm|porygon, ribombee, cursola? This is a based team\n|c| ThatOneSoldier|It's got 110 Sp.Atk\n|\n|t:|1699570282\n|start\n|switch|p1a: blows me away...|Rotom-Fan|100\/100\n|switch|p2a: Glimmet|Glimmet, M|100\/100\n|turn|1\n|\n|t:|1699570308\n|move|p1a: blows me away...|Volt Switch|p2a: Glimmet\n|-damage|p2a: Glimmet|40\/100\n|\n|t:|1699570326\n|switch|p1a: push up specialist|Swanna, M|100\/100|[from] Volt Switch\n|move|p2a: Glimmet|Power Gem|p1a: push up specialist\n|-supereffective|p1a: push up specialist\n|-damage|p1a: push up specialist|0 fnt\n|faint|p1a: push up specialist\n|\n|upkeep\n|\n|t:|1699570332\n|switch|p1a: blows me away...|Rotom-Fan|100\/100\n|turn|2\n|\n|t:|1699570338\n|switch|p2a: Toedscruel|Toedscruel, M|100\/100\n|move|p1a: blows me away...|Volt Switch|p2a: Toedscruel\n|-immune|p2a: Toedscruel\n|\n|upkeep\n|turn|3\n|\n|t:|1699570348\n|switch|p1a: too much eyeliner|Gourgeist-Small, F|100\/100\n|-item|p2a: Toedscruel|Yache Berry|[from] ability: Frisk|[of] p1a: too much eyeliner|[identify]\n|move|p2a: Toedscruel|Spore|p1a: too much eyeliner\n|-immune|p1a: too much eyeliner\n|\n|upkeep\n|turn|4\n|c| Meaperm|swanna just became a cloud of feathers\n|\n|t:|1699570360\n|move|p2a: Toedscruel|Dazzling Gleam|p1a: too much eyeliner\n|-damage|p1a: too much eyeliner|71\/100\n|move|p1a: too much eyeliner|Poltergeist|p2a: Toedscruel\n|-activate|p2a: Toedscruel|move: Poltergeist|Yache Berry\n|-damage|p2a: Toedscruel|46\/100\n|\n|upkeep\n|turn|5\n|\n|t:|1699570368\n|switch|p2a: Porygon2|Porygon2|100\/100\n|-ability|p2a: Porygon2|Download|boost\n|-boost|p2a: Porygon2|spa|1\n|move|p1a: too much eyeliner|Poltergeist|p2a: Porygon2\n|-immune|p2a: Porygon2\n|\n|upkeep\n|turn|6\n|c|\u2606nebulachan|tbf i was expecting hazards\n|j| BugkeeperBimmy\n|\n|t:|1699570396\n|move|p1a: too much eyeliner|Power Whip|p2a: Porygon2\n|-damage|p2a: Porygon2|67\/100\n|move|p2a: Porygon2|Shadow Ball|p1a: too much eyeliner\n|-supereffective|p1a: too much eyeliner\n|-damage|p1a: too much eyeliner|0 fnt\n|faint|p1a: too much eyeliner\n|\n|-heal|p2a: Porygon2|73\/100|[from] item: Leftovers\n|upkeep\n|\n|t:|1699570405\n|switch|p1a: bubble spooder|Araquanid, F|100\/100\n|turn|7\n|\n|t:|1699570412\n|move|p2a: Porygon2|Thunderbolt|p1a: bubble spooder\n|-supereffective|p1a: bubble spooder\n|-damage|p1a: bubble spooder|34\/100\n|move|p1a: bubble spooder|Liquidation|p2a: Porygon2\n|-damage|p2a: Porygon2|26\/100\n|\n|-heal|p2a: Porygon2|33\/100|[from] item: Leftovers\n|-heal|p1a: bubble spooder|40\/100|[from] item: Leftovers\n|upkeep\n|turn|8\n|c| ThatOneSoldier|I mean let'd be honest we all expect Glimmet & Glimmora to just barf hazards\n|c| Meaperm|Guess thats why its a bo3 baybee\n|\n|t:|1699570432\n|move|p1a: bubble spooder|Protect|p1a: bubble spooder\n|-singleturn|p1a: bubble spooder|Protect\n|move|p2a: Porygon2|Thunderbolt|p1a: bubble spooder\n|-activate|p1a: bubble spooder|move: Protect\n|\n|-heal|p2a: Porygon2|39\/100|[from] item: Leftovers\n|-heal|p1a: bubble spooder|46\/100|[from] item: Leftovers\n|upkeep\n|turn|9\n|c|\u2606nebulachan|honestly\n|\n|t:|1699570441\n|move|p2a: Porygon2|Thunderbolt|p1a: bubble spooder\n|-supereffective|p1a: bubble spooder\n|-damage|p1a: bubble spooder|0 fnt\n|faint|p1a: bubble spooder\n|\n|-heal|p2a: Porygon2|45\/100|[from] item: Leftovers\n|upkeep\n|\n|t:|1699570444\n|switch|p1a: tortwell M.I.A.|Torterra, M|100\/100\n|turn|10\n|\n|t:|1699570449\n|move|p1a: tortwell M.I.A.|Shell Smash|p1a: tortwell M.I.A.\n|-unboost|p1a: tortwell M.I.A.|def|1\n|-unboost|p1a: tortwell M.I.A.|spd|1\n|-boost|p1a: tortwell M.I.A.|atk|2\n|-boost|p1a: tortwell M.I.A.|spa|2\n|-boost|p1a: tortwell M.I.A.|spe|2\n|move|p2a: Porygon2|Shadow Ball|p1a: tortwell M.I.A.\n|-damage|p1a: tortwell M.I.A.|31\/100\n|\n|-heal|p2a: Porygon2|51\/100|[from] item: Leftovers\n|upkeep\n|turn|11\n|\n|t:|1699570453\n|move|p1a: tortwell M.I.A.|Bullet Seed|p2a: Porygon2\n|-damage|p2a: Porygon2|13\/100\n|-damage|p2a: Porygon2|0 fnt\n|faint|p2a: Porygon2\n|-hitcount|p2: Porygon2|2\n|\n|upkeep\n|c| Meaperm|Nah i have too much ptsd with those two im always just assuming they are going to kill anything that isnt iron hands\n|\n|t:|1699570457\n|switch|p2a: Bronzong|Bronzong|100\/100\n|turn|12\n|\n|t:|1699570467\n|move|p1a: tortwell M.I.A.|Crunch|p2a: Bronzong\n|-supereffective|p2a: Bronzong\n|-damage|p2a: Bronzong|35\/100\n|move|p2a: Bronzong|Reflect|p2a: Bronzong\n|-sidestart|p2: StormWitch|Reflect\n|\n|upkeep\n|turn|13\n|\n|t:|1699570472\n|move|p1a: tortwell M.I.A.|Crunch|p2a: Bronzong\n|-supereffective|p2a: Bronzong\n|-damage|p2a: Bronzong|1\/100\n|move|p2a: Bronzong|Steel Beam|p1a: tortwell M.I.A.\n|-damage|p1a: tortwell M.I.A.|0 fnt\n|-damage|p2a: Bronzong|0 fnt|[from] steelbeam\n|faint|p2a: Bronzong\n|faint|p1a: tortwell M.I.A.\n|\n|upkeep\n|\n|t:|1699570481\n|switch|p1a: needs lotion|Druddigon, F|100\/100\n|switch|p2a: Cursola|Cursola, F|100\/100\n|-ability|p1a: needs lotion|Mold Breaker\n|turn|14\n|\n|t:|1699570486\n|move|p2a: Cursola|Shadow Ball|p1a: needs lotion\n|-damage|p1a: needs lotion|36\/100\n|move|p1a: needs lotion|Dragon Tail|p2a: Cursola\n|-damage|p2a: Cursola|74\/100\n|-ability|p2a: Cursola|Weak Armor|boost\n|-unboost|p2a: Cursola|def|1\n|-boost|p2a: Cursola|spe|2\n|drag|p2a: Ribombee|Ribombee, M|100\/100\n|\n|upkeep\n|turn|15\n|\n|t:|1699570499\n|move|p2a: Ribombee|Moonblast|p1a: needs lotion\n|-supereffective|p1a: needs lotion\n|-damage|p1a: needs lotion|0 fnt\n|faint|p1a: needs lotion\n|-damage|p2a: Ribombee|91\/100|[from] item: Life Orb\n|\n|upkeep\n|c|\u2606nebulachan|gg\n|c|\u2606nebulachan|game 2\n|c| Meaperm|weak armor cursola. Cuhringe\n|-message|nebulachan forfeited.\n|\n|win|StormWitch\n|l|\u2606nebulachan\n|l| Meaperm\n|l| ThatOneSoldier\n|l| robotjuice\n|l| BugkeeperBimmy\n|j| Dephe\n|l| Dephe\n|l| Pyos\n","uploadtime":1699570925,"views":37,"p1id":"nebulachan","p2id":"stormwitch","formatid":"gen9nationaldex","rating":0,"private":0,"password":""}