{"id":"gen9nationaldex-1993659356","p1":"Akihiro Nira","p2":"Usmanmaqb","format":"[Gen 9] National Dex","log":"|j|\u2606Akihiro Nira\n|j|\u2606Usmanmaqb\n|t:|1700342558\n|gametype|singles\n|player|p1|Akihiro Nira|cynthia-gen7|1321\n|player|p2|Usmanmaqb|266|1337\n|teamsize|p1|6\n|teamsize|p2|6\n|gen|9\n|tier|[Gen 9] National Dex\n|rated|\n|rule|HP Percentage Mod: HP is shown in percentages\n|rule|Endless Battle Clause: Forcing endless battles is banned\n|rule|OHKO Clause: OHKO moves are banned\n|rule|Evasion Clause: Evasion abilities, items, and moves are banned\n|rule|Evasion Abilities Clause: Evasion abilities are banned\n|rule|Evasion Items Clause: Evasion items are banned\n|rule|Evasion Moves Clause: Evasion moves are banned\n|rule|Species Clause: Limit one of each Pok\u00e9mon\n|rule|Sleep Clause Mod: Limit one foe put to sleep\n|clearpoke\n|poke|p1|Toxicroak, F|\n|poke|p1|Pelipper, F|\n|poke|p1|Dragonite, F|\n|poke|p1|Basculegion, M|\n|poke|p1|Scizor, F|\n|poke|p1|Clefable, F|\n|poke|p2|Victini|\n|poke|p2|Weavile, F|\n|poke|p2|Chansey, F|\n|poke|p2|Gyarados, F|\n|poke|p2|Corviknight, M|\n|poke|p2|Magnezone|\n|teampreview\n|inactive|Battle timer is ON: inactive players will automatically lose when time's up. (requested by Usmanmaqb)\n|\n|t:|1700342564\n|start\n|switch|p1a: Pelipper|Pelipper, F|100\/100\n|switch|p2a: Victini|Victini|100\/100\n|-weather|RainDance|[from] ability: Drizzle|[of] p1a: Pelipper\n|turn|1\n|\n|t:|1700342577\n|move|p2a: Victini|Psychic|p1a: Pelipper\n|-damage|p1a: Pelipper|22\/100\n|-unboost|p1a: Pelipper|spd|1\n|move|p1a: Pelipper|U-turn|p2a: Victini\n|-crit|p2a: Victini\n|-damage|p2a: Victini|87\/100\n|\n|t:|1700342581\n|switch|p1a: Basculegion|Basculegion, M|100\/100|[from] U-turn\n|\n|-weather|RainDance|[upkeep]\n|upkeep\n|turn|2\n|\n|t:|1700342595\n|switch|p2a: Gyarados|Gyarados, F|100\/100\n|-ability|p2a: Gyarados|Intimidate|boost\n|-unboost|p1a: Basculegion|atk|1\n|move|p1a: Basculegion|Flip Turn|p2a: Gyarados\n|-resisted|p2a: Gyarados\n|-damage|p2a: Gyarados|73\/100\n|\n|t:|1700342600\n|switch|p1a: Dragonite|Dragonite, F|100\/100|[from] Flip Turn\n|\n|-weather|RainDance|[upkeep]\n|upkeep\n|turn|3\n|\n|t:|1700342612\n|move|p2a: Gyarados|Ice Fang|p1a: Dragonite\n|-supereffective|p1a: Dragonite\n|-damage|p1a: Dragonite|63\/100\n|move|p1a: Dragonite|Thunder|p2a: Gyarados\n|-supereffective|p2a: Gyarados\n|-damage|p2a: Gyarados|0 fnt\n|faint|p2a: Gyarados\n|\n|-weather|RainDance|[upkeep]\n|upkeep\n|\n|t:|1700342625\n|switch|p2a: Victini|Victini|87\/100\n|turn|4\n|\n|t:|1700342633\n|switch|p1a: Clefable|Clefable, F|100\/100\n|move|p2a: Victini|Psychic|p1a: Clefable\n|-damage|p1a: Clefable|59\/100\n|\n|-weather|RainDance|[upkeep]\n|upkeep\n|turn|5\n|\n|t:|1700342641\n|switch|p2a: Magnezone|Magnezone|100\/100\n|move|p1a: Clefable|Thunder Wave|p2a: Magnezone\n|-immune|p2a: Magnezone\n|\n|-weather|RainDance|[upkeep]\n|upkeep\n|turn|6\n|\n|t:|1700342653\n|move|p2a: Magnezone|Volt Switch|p1a: Clefable\n|-damage|p1a: Clefable|16\/100\n|\n|t:|1700342655\n|switch|p2a: Weavile|Weavile, F|100\/100|[from] Volt Switch\n|-ability|p2a: Weavile|Pressure\n|move|p1a: Clefable|Stealth Rock|p2a: Weavile\n|-sidestart|p2: Usmanmaqb|move: Stealth Rock\n|\n|-weather|RainDance|[upkeep]\n|upkeep\n|turn|7\n|\n|t:|1700342659\n|move|p2a: Weavile|Ice Shard|p1a: Clefable\n|-damage|p1a: Clefable|0 fnt\n|faint|p1a: Clefable\n|\n|-weather|RainDance|[upkeep]\n|upkeep\n|\n|t:|1700342664\n|switch|p1a: Scizor|Scizor, F|100\/100\n|turn|8\n|\n|t:|1700342668\n|switch|p2a: Corviknight|Corviknight, M|100\/100\n|-damage|p2a: Corviknight|88\/100|[from] Stealth Rock\n|-ability|p2a: Corviknight|Pressure\n|move|p1a: Scizor|U-turn|p2a: Corviknight\n|-resisted|p2a: Corviknight\n|-damage|p2a: Corviknight|82\/100\n|\n|t:|1700342673\n|switch|p1a: Dragonite|Dragonite, F|63\/100|[from] U-turn\n|\n|-weather|none\n|-heal|p2a: Corviknight|88\/100|[from] item: Leftovers\n|upkeep\n|turn|9\n|\n|t:|1700342680\n|move|p1a: Dragonite|Roost|p1a: Dragonite\n|-heal|p1a: Dragonite|100\/100\n|-singleturn|p1a: Dragonite|move: Roost\n|move|p2a: Corviknight|Defog|p1a: Dragonite\n|-unboost|p1a: Dragonite|evasion|1\n|-sideend|p2: Usmanmaqb|Stealth Rock|[from] move: Defog|[of] p2a: Corviknight\n|\n|-heal|p2a: Corviknight|94\/100|[from] item: Leftovers\n|upkeep\n|turn|10\n|\n|t:|1700342688\n|move|p1a: Dragonite|Thunder|p2a: Corviknight\n|-supereffective|p2a: Corviknight\n|-damage|p2a: Corviknight|30\/100\n|-status|p2a: Corviknight|par\n|move|p2a: Corviknight|U-turn|p1a: Dragonite\n|-resisted|p1a: Dragonite\n|-damage|p1a: Dragonite|97\/100\n|\n|t:|1700342697\n|switch|p2a: Magnezone|Magnezone|100\/100|[from] U-turn\n|\n|upkeep\n|turn|11\n|\n|t:|1700342713\n|switch|p1a: Pelipper|Pelipper, F|22\/100\n|-weather|RainDance|[from] ability: Drizzle|[of] p1a: Pelipper\n|move|p2a: Magnezone|Volt Switch|p1a: Pelipper\n|-supereffective|p1a: Pelipper\n|-damage|p1a: Pelipper|0 fnt\n|faint|p1a: Pelipper\n|\n|t:|1700342720\n|switch|p2a: Chansey|Chansey, F|100\/100|[from] Volt Switch\n|\n|-weather|RainDance|[upkeep]\n|upkeep\n|\n|t:|1700342722\n|switch|p1a: Basculegion|Basculegion, M|100\/100\n|turn|12\n|\n|t:|1700342726\n|switch|p2a: Corviknight|Corviknight, M|30\/100 par\n|-ability|p2a: Corviknight|Pressure\n|-terastallize|p1a: Basculegion|Water\n|move|p1a: Basculegion|Wave Crash|p2a: Corviknight\n|-damage|p2a: Corviknight|0 fnt\n|faint|p2a: Corviknight\n|-damage|p1a: Basculegion|90\/100|[from] Recoil\n|\n|-weather|RainDance|[upkeep]\n|upkeep\n|\n|t:|1700342732\n|switch|p2a: Magnezone|Magnezone|100\/100\n|turn|13\n|\n|t:|1700342734\n|move|p1a: Basculegion|Wave Crash|p2a: Magnezone\n|-ability|p2a: Magnezone|Sturdy\n|-damage|p2a: Magnezone|1\/100\n|-damage|p1a: Basculegion|66\/100|[from] Recoil\n|move|p2a: Magnezone|Volt Switch|p1a: Basculegion\n|-supereffective|p1a: Basculegion\n|-damage|p1a: Basculegion|0 fnt\n|faint|p1a: Basculegion\n|\n|t:|1700342736\n|switch|p2a: Chansey|Chansey, F|100\/100|[from] Volt Switch\n|\n|-weather|RainDance|[upkeep]\n|upkeep\n|\n|t:|1700342740\n|switch|p1a: Scizor|Scizor, F|100\/100\n|turn|14\n|\n|t:|1700342744\n|-zpower|p1a: Scizor\n|move|p1a: Scizor|All-Out Pummeling|p2a: Chansey|[zeffect]\n|-supereffective|p2a: Chansey\n|-damage|p2a: Chansey|1\/100\n|move|p2a: Chansey|Seismic Toss|p1a: Scizor\n|-damage|p1a: Scizor|71\/100\n|\n|-weather|RainDance|[upkeep]\n|upkeep\n|turn|15\n|\n|t:|1700342752\n|move|p1a: Scizor|Bullet Punch|p2a: Chansey\n|-damage|p2a: Chansey|0 fnt\n|faint|p2a: Chansey\n|\n|-weather|RainDance|[upkeep]\n|upkeep\n|\n|t:|1700342756\n|switch|p2a: Victini|Victini|87\/100\n|turn|16\n|\n|t:|1700342761\n|switch|p1a: Dragonite|Dragonite, F|97\/100\n|move|p2a: Victini|Searing Shot|p1a: Dragonite\n|-resisted|p1a: Dragonite\n|-damage|p1a: Dragonite|83\/100\n|\n|-weather|RainDance|[upkeep]\n|upkeep\n|turn|17\n|\n|t:|1700342765\n|switch|p2a: Magnezone|Magnezone|1\/100\n|move|p1a: Dragonite|Roost|p1a: Dragonite\n|-heal|p1a: Dragonite|100\/100\n|-singleturn|p1a: Dragonite|move: Roost\n|\n|-weather|RainDance|[upkeep]\n|upkeep\n|turn|18\n|\n|t:|1700342769\n|move|p2a: Magnezone|Volt Switch|p1a: Dragonite\n|-damage|p1a: Dragonite|74\/100\n|\n|t:|1700342776\n|switch|p2a: Victini|Victini|87\/100|[from] Volt Switch\n|move|p1a: Dragonite|Ice Beam|p2a: Victini\n|-resisted|p2a: Victini\n|-damage|p2a: Victini|73\/100\n|\n|-weather|none\n|upkeep\n|turn|19\n|\n|t:|1700342782\n|move|p2a: Victini|Dazzling Gleam|p1a: Dragonite\n|-supereffective|p1a: Dragonite\n|-damage|p1a: Dragonite|12\/100\n|move|p1a: Dragonite|Hurricane|p2a: Victini\n|-damage|p2a: Victini|24\/100\n|\n|upkeep\n|turn|20\n|\n|t:|1700342785\n|move|p2a: Victini|Dazzling Gleam|p1a: Dragonite\n|-supereffective|p1a: Dragonite\n|-damage|p1a: Dragonite|0 fnt\n|faint|p1a: Dragonite\n|\n|upkeep\n|\n|t:|1700342794\n|switch|p1a: Toxicroak|Toxicroak, F|100\/100\n|turn|21\n|\n|t:|1700342798\n|switch|p2a: Magnezone|Magnezone|1\/100\n|move|p1a: Toxicroak|Substitute|p1a: Toxicroak\n|-start|p1a: Toxicroak|Substitute\n|-damage|p1a: Toxicroak|76\/100\n|\n|upkeep\n|turn|22\n|\n|t:|1700342802\n|move|p1a: Toxicroak|Drain Punch|p2a: Magnezone\n|-supereffective|p2a: Magnezone\n|-damage|p2a: Magnezone|0 fnt\n|-heal|p1a: Toxicroak|76\/100|[from] drain|[of] p2a: Magnezone\n|faint|p2a: Magnezone\n|-damage|p1a: Toxicroak|66\/100|[from] item: Life Orb\n|\n|upkeep\n|\n|t:|1700342805\n|switch|p2a: Victini|Victini|24\/100\n|turn|23\n|\n|t:|1700342808\n|move|p2a: Victini|Psychic|p1a: Toxicroak\n|-supereffective|p1a: Toxicroak\n|-end|p1a: Toxicroak|Substitute\n|move|p1a: Toxicroak|Poison Jab|p2a: Victini\n|-damage|p2a: Victini|0 fnt\n|faint|p2a: Victini\n|-damage|p1a: Toxicroak|57\/100|[from] item: Life Orb\n|\n|upkeep\n|\n|t:|1700342810\n|switch|p2a: Weavile|Weavile, F|100\/100\n|-ability|p2a: Weavile|Pressure\n|turn|24\n|\n|t:|1700342814\n|-terastallize|p2a: Weavile|Dark\n|move|p2a: Weavile|Knock Off|p1a: Toxicroak\n|-resisted|p1a: Toxicroak\n|-damage|p1a: Toxicroak|0 fnt\n|-enditem|p1a: Toxicroak|Life Orb|[from] move: Knock Off|[of] p2a: Weavile\n|faint|p1a: Toxicroak\n|\n|upkeep\n|\n|t:|1700342817\n|switch|p1a: Scizor|Scizor, F|71\/100\n|turn|25\n|\n|t:|1700342825\n|move|p2a: Weavile|Knock Off|p1a: Scizor\n|-damage|p1a: Scizor|10\/100\n|move|p1a: Scizor|Close Combat|p2a: Weavile\n|-supereffective|p2a: Weavile\n|-damage|p2a: Weavile|0 fnt\n|-unboost|p1a: Scizor|def|1\n|-unboost|p1a: Scizor|spd|1\n|faint|p2a: Weavile\n|\n|win|Akihiro Nira\n|raw|Akihiro Nira's rating: 1321 &rarr; <strong>1342<\/strong><br \/>(+21 for winning)\n|raw|Usmanmaqb's rating: 1337 &rarr; <strong>1316<\/strong><br \/>(-21 for losing)\n|l|\u2606Usmanmaqb\n","uploadtime":1700343391,"views":11,"p1id":"akihironira","p2id":"usmanmaqb","formatid":"gen9nationaldex","rating":1316,"private":0,"password":""}