{"id":"gen9nationaldex-1987777738","p1":"Lufano5","p2":"Motorgis3534","format":"[Gen 9] National Dex","log":"|j|\u2606Lufano5\n|j|\u2606Motorgis3534\n|t:|1699635989\n|gametype|singles\n|player|p1|Lufano5|102|1111\n|player|p2|Motorgis3534|benga|1015\n|teamsize|p1|6\n|teamsize|p2|6\n|gen|9\n|tier|[Gen 9] National Dex\n|rated|\n|rule|HP Percentage Mod: HP is shown in percentages\n|rule|Endless Battle Clause: Forcing endless battles is banned\n|rule|OHKO Clause: OHKO moves are banned\n|rule|Evasion Clause: Evasion abilities, items, and moves are banned\n|rule|Evasion Abilities Clause: Evasion abilities are banned\n|rule|Evasion Items Clause: Evasion items are banned\n|rule|Evasion Moves Clause: Evasion moves are banned\n|rule|Species Clause: Limit one of each Pok\u00e9mon\n|rule|Sleep Clause Mod: Limit one foe put to sleep\n|clearpoke\n|poke|p1|Lopunny, F|\n|poke|p1|Manaphy|\n|poke|p1|Orbeetle, F|\n|poke|p1|Kleavor, F|\n|poke|p1|Volcarona, F|\n|poke|p1|Enamorus, F|\n|poke|p2|Urshifu-*, M|\n|poke|p2|Swampert, M|\n|poke|p2|Rotom-Wash|\n|poke|p2|Kingdra, M|\n|poke|p2|Ludicolo, F|\n|poke|p2|Starmie|\n|teampreview\n|\n|t:|1699635993\n|start\n|switch|p1a: Orbeetle|Orbeetle, F|100\/100\n|switch|p2a: Starmie|Starmie|100\/100\n|-item|p2a: Starmie|Leftovers|[from] ability: Frisk|[of] p1a: Orbeetle|[identify]\n|turn|1\n|\n|t:|1699636001\n|move|p2a: Starmie|Rain Dance|p2a: Starmie\n|-weather|RainDance\n|move|p1a: Orbeetle|Trick|p2a: Starmie\n|-activate|p1a: Orbeetle|move: Trick|[of] p2a: Starmie\n|-item|p2a: Starmie|Choice Scarf|[from] move: Trick\n|-item|p1a: Orbeetle|Leftovers|[from] move: Trick\n|\n|-weather|RainDance|[upkeep]\n|upkeep\n|turn|2\n|\n|t:|1699636012\n|switch|p2a: Kingdra|Kingdra, M|100\/100\n|move|p1a: Orbeetle|Sticky Web|p2a: Kingdra\n|-sidestart|p2: Motorgis3534|move: Sticky Web\n|\n|-weather|RainDance|[upkeep]\n|upkeep\n|turn|3\n|\n|t:|1699636020\n|move|p2a: Kingdra|Focus Energy|p2a: Kingdra\n|-start|p2a: Kingdra|move: Focus Energy\n|move|p1a: Orbeetle|Confuse Ray|p2a: Kingdra\n|-start|p2a: Kingdra|confusion\n|\n|-weather|RainDance|[upkeep]\n|upkeep\n|turn|4\n|\n|t:|1699636029\n|-activate|p2a: Kingdra|confusion\n|move|p2a: Kingdra|Scald|p1a: Orbeetle\n|-crit|p1a: Orbeetle\n|-damage|p1a: Orbeetle|5\/100\n|-status|p1a: Orbeetle|brn\n|move|p1a: Orbeetle|Future Sight|p2a: Kingdra\n|-start|p1a: Orbeetle|move: Future Sight\n|\n|-weather|RainDance|[upkeep]\n|-heal|p1a: Orbeetle|11\/100 brn|[from] item: Leftovers\n|-damage|p1a: Orbeetle|5\/100 brn|[from] brn\n|upkeep\n|turn|5\n|\n|t:|1699636041\n|-end|p2a: Kingdra|confusion\n|move|p2a: Kingdra|Scald|p1a: Orbeetle\n|-crit|p1a: Orbeetle\n|-damage|p1a: Orbeetle|0 fnt\n|faint|p1a: Orbeetle\n|\n|-weather|none\n|upkeep\n|\n|t:|1699636053\n|switch|p1a: Manaphy|Manaphy|100\/100\n|turn|6\n|\n|t:|1699636057\n|move|p2a: Kingdra|Dragon Pulse|p1a: Manaphy\n|-crit|p1a: Manaphy\n|-damage|p1a: Manaphy|43\/100\n|move|p1a: Manaphy|Ice Beam|p2a: Kingdra\n|-damage|p2a: Kingdra|72\/100\n|\n|-end|p2a: Kingdra|move: Future Sight\n|-crit|p2a: Kingdra\n|-damage|p2a: Kingdra|14\/100\n|-heal|p1a: Manaphy|50\/100|[from] item: Leftovers\n|upkeep\n|turn|7\n|\n|t:|1699636069\n|move|p2a: Kingdra|Dragon Pulse|p1a: Manaphy\n|-crit|p1a: Manaphy\n|-damage|p1a: Manaphy|0 fnt\n|faint|p1a: Manaphy\n|\n|upkeep\n|\n|t:|1699636087\n|switch|p1a: Lopunny|Lopunny, F|100\/100\n|turn|8\n|\n|t:|1699636093\n|detailschange|p1a: Lopunny|Lopunny-Mega, F\n|-mega|p1a: Lopunny|Lopunny|Lopunnite\n|move|p1a: Lopunny|Power-Up Punch|p2a: Kingdra\n|-damage|p2a: Kingdra|0 fnt\n|-boost|p1a: Lopunny|atk|1\n|faint|p2a: Kingdra\n|\n|upkeep\n|\n|t:|1699636100\n|switch|p2a: Starmie|Starmie|100\/100\n|-activate|p2a: Starmie|move: Sticky Web\n|-unboost|p2a: Starmie|spe|1\n|turn|9\n|\n|t:|1699636114\n|move|p1a: Lopunny|Power-Up Punch|p2a: Starmie\n|-resisted|p2a: Starmie\n|-damage|p2a: Starmie|73\/100\n|-boost|p1a: Lopunny|atk|1\n|move|p2a: Starmie|Rain Dance|p2a: Starmie\n|-weather|RainDance\n|\n|-weather|RainDance|[upkeep]\n|upkeep\n|turn|10\n|\n|t:|1699636125\n|switch|p2a: Ludicolo|Ludicolo, F|100\/100\n|-activate|p2a: Ludicolo|move: Sticky Web\n|-unboost|p2a: Ludicolo|spe|1\n|move|p1a: Lopunny|Return|p2a: Ludicolo\n|-damage|p2a: Ludicolo|0 fnt\n|faint|p2a: Ludicolo\n|\n|-weather|RainDance|[upkeep]\n|upkeep\n|\n|t:|1699636140\n|switch|p2a: Starmie|Starmie|73\/100\n|-activate|p2a: Starmie|move: Sticky Web\n|-unboost|p2a: Starmie|spe|1\n|turn|11\n|\n|t:|1699636149\n|move|p1a: Lopunny|Return|p2a: Starmie\n|-damage|p2a: Starmie|0 fnt\n|faint|p2a: Starmie\n|\n|-weather|RainDance|[upkeep]\n|upkeep\n|\n|t:|1699636154\n|switch|p2a: Urshifu|Urshifu-Rapid-Strike, M|100\/100\n|-activate|p2a: Urshifu|move: Sticky Web\n|-unboost|p2a: Urshifu|spe|1\n|-enditem|p2a: Urshifu|White Herb\n|-clearnegativeboost|p2a: Urshifu|[silent]\n|turn|12\n|\n|t:|1699636162\n|-terastallize|p2a: Urshifu|Flying\n|move|p1a: Lopunny|Return|p2a: Urshifu\n|-crit|p2a: Urshifu\n|-damage|p2a: Urshifu|0 fnt\n|faint|p2a: Urshifu\n|\n|-weather|RainDance|[upkeep]\n|upkeep\n|\n|t:|1699636167\n|switch|p2a: Swampert|Swampert, M|100\/100\n|-activate|p2a: Swampert|move: Sticky Web\n|-unboost|p2a: Swampert|spe|1\n|turn|13\n|\n|t:|1699636175\n|detailschange|p2a: Swampert|Swampert-Mega, M\n|-mega|p2a: Swampert|Swampert|Swampertite\n|move|p1a: Lopunny|Return|p2a: Swampert\n|-damage|p2a: Swampert|11\/100\n|move|p2a: Swampert|Aqua Tail|p1a: Lopunny\n|-damage|p1a: Lopunny|0 fnt\n|faint|p1a: Lopunny\n|\n|-weather|none\n|upkeep\n|\n|t:|1699636188\n|switch|p1a: Enamorus|Enamorus, F|100\/100\n|turn|14\n|\n|t:|1699636194\n|-terastallize|p1a: Enamorus|Fighting\n|move|p1a: Enamorus|Superpower|p2a: Swampert\n|-damage|p2a: Swampert|0 fnt\n|-boost|p1a: Enamorus|atk|1\n|-boost|p1a: Enamorus|def|1\n|faint|p2a: Swampert\n|\n|upkeep\n|\n|t:|1699636199\n|switch|p2a: Rotom|Rotom-Wash|100\/100\n|turn|15\n|\n|t:|1699636205\n|move|p1a: Enamorus|Superpower|p2a: Rotom\n|-damage|p2a: Rotom|0 fnt\n|-boost|p1a: Enamorus|atk|1\n|-boost|p1a: Enamorus|def|1\n|faint|p2a: Rotom\n|\n|win|Lufano5\n|raw|Lufano5's rating: 1111 &rarr; <strong>1129<\/strong><br \/>(+18 for winning)\n|raw|Motorgis3534's rating: 1015 &rarr; <strong>1006<\/strong><br \/>(-9 for losing)\n|l|\u2606Motorgis3534\n","uploadtime":1699636221,"views":8,"p1id":"lufano5","p2id":"motorgis3534","formatid":"gen9nationaldex","rating":1006,"private":0,"password":""}