{"id":"gen9nationaldex-1990536157","p1":"hithereyouperson1","p2":"DapperCrownUnova","format":"[Gen 9] National Dex","log":"|j|\u2606hithereyouperson1\n|j|\u2606DapperCrownUnova\n|t:|1699979521\n|gametype|singles\n|player|p1|hithereyouperson1|102|1076\n|player|p2|DapperCrownUnova|chili|1016\n|teamsize|p1|6\n|teamsize|p2|6\n|gen|9\n|tier|[Gen 9] National Dex\n|rated|\n|rule|HP Percentage Mod: HP is shown in percentages\n|rule|Endless Battle Clause: Forcing endless battles is banned\n|rule|OHKO Clause: OHKO moves are banned\n|rule|Evasion Clause: Evasion abilities, items, and moves are banned\n|rule|Evasion Abilities Clause: Evasion abilities are banned\n|rule|Evasion Items Clause: Evasion items are banned\n|rule|Evasion Moves Clause: Evasion moves are banned\n|rule|Species Clause: Limit one of each Pok\u00e9mon\n|rule|Sleep Clause Mod: Limit one foe put to sleep\n|clearpoke\n|poke|p1|Dragonite, F|\n|poke|p1|Kommo-o, M|\n|poke|p1|Charizard, F|\n|poke|p1|Garchomp, M|\n|poke|p1|Hydreigon, M|\n|poke|p1|Goodra-Hisui, M|\n|poke|p2|Kyurem|\n|poke|p2|Regidrago|\n|poke|p2|Goodra, F|\n|poke|p2|Amoonguss, M|\n|poke|p2|Greninja-*, M|\n|poke|p2|Cinderace, M|\n|teampreview\n|\n|t:|1699979546\n|start\n|switch|p1a: Charizard|Charizard, F|100\/100\n|switch|p2a: Kyurem|Kyurem|100\/100\n|-ability|p2a: Kyurem|Pressure\n|turn|1\n|\n|t:|1699979554\n|detailschange|p1a: Charizard|Charizard-Mega-X, F\n|-mega|p1a: Charizard|Charizard|Charizardite X\n|move|p2a: Kyurem|Ice Beam|p1a: Charizard\n|-damage|p1a: Charizard|41\/100\n|move|p1a: Charizard|Dragon Dance|p1a: Charizard\n|-boost|p1a: Charizard|atk|1\n|-boost|p1a: Charizard|spe|1\n|\n|upkeep\n|turn|2\n|\n|t:|1699979569\n|move|p1a: Charizard|Outrage|p2a: Kyurem\n|-supereffective|p2a: Kyurem\n|-damage|p2a: Kyurem|0 fnt\n|faint|p2a: Kyurem\n|\n|upkeep\n|\n|t:|1699979577\n|switch|p2a: Greninja|Greninja, M|100\/100\n|turn|3\n|\n|t:|1699979581\n|move|p2a: Greninja|Water Shuriken|p1a: Charizard\n|-damage|p1a: Charizard|32\/100\n|-damage|p1a: Charizard|22\/100\n|-damage|p1a: Charizard|13\/100\n|-hitcount|p1a: Charizard|3\n|move|p1a: Charizard|Outrage|p2a: Greninja|[from]lockedmove\n|-damage|p2a: Greninja|0 fnt\n|faint|p2a: Greninja\n|-start|p1a: Charizard|confusion|[fatigue]\n|\n|upkeep\n|\n|t:|1699979593\n|switch|p2a: Goodra|Goodra, F|100\/100\n|turn|4\n|\n|t:|1699979597\n|-activate|p1a: Charizard|confusion\n|-damage|p1a: Charizard|0 fnt|[from] confusion\n|faint|p1a: Charizard\n|move|p2a: Goodra|Earthquake|p1: Charizard|[notarget]\n|-fail|p2a: Goodra\n|\n|upkeep\n|\n|t:|1699979622\n|switch|p1a: Goodra|Goodra-Hisui, M|100\/100\n|turn|5\n|\n|t:|1699979633\n|move|p2a: Goodra|Earthquake|p1a: Goodra\n|-supereffective|p1a: Goodra\n|-damage|p1a: Goodra|62\/100\n|move|p1a: Goodra|Dragon Pulse|p2a: Goodra\n|-supereffective|p2a: Goodra\n|-damage|p2a: Goodra|51\/100\n|\n|upkeep\n|turn|6\n|\n|t:|1699979642\n|move|p2a: Goodra|Earthquake|p1a: Goodra\n|-supereffective|p1a: Goodra\n|-damage|p1a: Goodra|27\/100\n|move|p1a: Goodra|Dragon Pulse|p2a: Goodra\n|-supereffective|p2a: Goodra\n|-damage|p2a: Goodra|3\/100\n|\n|upkeep\n|turn|7\n|\n|t:|1699979650\n|-terastallize|p1a: Goodra|Flying\n|move|p2a: Goodra|Earthquake|p1a: Goodra\n|-immune|p1a: Goodra\n|move|p1a: Goodra|Dragon Pulse|p2a: Goodra\n|-supereffective|p2a: Goodra\n|-damage|p2a: Goodra|0 fnt\n|faint|p2a: Goodra\n|\n|upkeep\n|\n|t:|1699979664\n|switch|p2a: Cinderace|Cinderace, M|100\/100\n|turn|8\n|\n|t:|1699979682\n|move|p2a: Cinderace|High Jump Kick|p1a: Goodra\n|-start|p2a: Cinderace|typechange|Fighting|[from] ability: Libero\n|-resisted|p1a: Goodra\n|-damage|p1a: Goodra|0 fnt\n|faint|p1a: Goodra\n|\n|upkeep\n|\n|t:|1699979692\n|switch|p1a: Kommo-o|Kommo-o, M|100\/100\n|turn|9\n|\n|t:|1699979697\n|move|p2a: Cinderace|U-turn|p1a: Kommo-o\n|-resisted|p1a: Kommo-o\n|-crit|p1a: Kommo-o\n|-damage|p1a: Kommo-o|84\/100\n|\n|t:|1699979702\n|switch|p2a: Regidrago|Regidrago|100\/100|[from] U-turn\n|-zpower|p1a: Kommo-o\n|move|p1a: Kommo-o|Clangorous Soulblaze|p2a: Regidrago|[zeffect]\n|-supereffective|p2a: Regidrago\n|-damage|p2a: Regidrago|0 fnt\n|faint|p2a: Regidrago\n|-boost|p1a: Kommo-o|atk|1\n|-boost|p1a: Kommo-o|def|1\n|-boost|p1a: Kommo-o|spa|1\n|-boost|p1a: Kommo-o|spd|1\n|-boost|p1a: Kommo-o|spe|1\n|\n|upkeep\n|\n|t:|1699979717\n|switch|p2a: Amoonguss|Amoonguss, M|100\/100\n|turn|10\n|\n|t:|1699979739\n|move|p1a: Kommo-o|Clangorous Soul|p1a: Kommo-o\n|-boost|p1a: Kommo-o|atk|1\n|-boost|p1a: Kommo-o|def|1\n|-boost|p1a: Kommo-o|spa|1\n|-boost|p1a: Kommo-o|spd|1\n|-boost|p1a: Kommo-o|spe|1\n|-damage|p1a: Kommo-o|51\/100\n|move|p2a: Amoonguss|Giga Drain|p1a: Kommo-o\n|-resisted|p1a: Kommo-o\n|-damage|p1a: Kommo-o|44\/100\n|\n|upkeep\n|turn|11\n|\n|t:|1699979757\n|move|p1a: Kommo-o|Clanging Scales|p2a: Amoonguss\n|-damage|p2a: Amoonguss|10\/100\n|-unboost|p1a: Kommo-o|def|1\n|move|p2a: Amoonguss|Sludge Bomb|p1a: Kommo-o\n|-crit|p1a: Kommo-o\n|-damage|p1a: Kommo-o|0 fnt\n|faint|p1a: Kommo-o\n|\n|upkeep\n|\n|t:|1699979773\n|switch|p1a: Dragonite|Dragonite, F|100\/100\n|turn|12\n|\n|t:|1699979781\n|move|p1a: Dragonite|Dragon Dance|p1a: Dragonite\n|-boost|p1a: Dragonite|atk|1\n|-boost|p1a: Dragonite|spe|1\n|move|p2a: Amoonguss|Giga Drain|p1a: Dragonite\n|-resisted|p1a: Dragonite\n|-damage|p1a: Dragonite|98\/100\n|-heal|p2a: Amoonguss|11\/100|[from] drain|[of] p1a: Dragonite\n|\n|upkeep\n|turn|13\n|\n|t:|1699979789\n|move|p1a: Dragonite|Dragon Dance|p1a: Dragonite\n|-boost|p1a: Dragonite|atk|1\n|-boost|p1a: Dragonite|spe|1\n|move|p2a: Amoonguss|Giga Drain|p1a: Dragonite\n|-resisted|p1a: Dragonite\n|-damage|p1a: Dragonite|92\/100\n|-heal|p2a: Amoonguss|13\/100|[from] drain|[of] p1a: Dragonite\n|\n|upkeep\n|turn|14\n|\n|t:|1699979797\n|move|p1a: Dragonite|Dragon Dance|p1a: Dragonite\n|-boost|p1a: Dragonite|atk|1\n|-boost|p1a: Dragonite|spe|1\n|move|p2a: Amoonguss|Spore|p1a: Dragonite\n|-status|p1a: Dragonite|slp|[from] move: Spore\n|\n|upkeep\n|turn|15\n|c|\u2606hithereyouperson1|finally\n|\n|t:|1699979809\n|cant|p1a: Dragonite|slp\n|move|p2a: Amoonguss|Foul Play|p1a: Dragonite\n|-damage|p1a: Dragonite|0 fnt\n|faint|p1a: Dragonite\n|\n|upkeep\n|\n|t:|1699979822\n|switch|p1a: Hydreigon|Hydreigon, M|100\/100\n|turn|16\n|\n|t:|1699979827\n|move|p1a: Hydreigon|Flamethrower|p2a: Amoonguss\n|-supereffective|p2a: Amoonguss\n|-damage|p2a: Amoonguss|0 fnt\n|faint|p2a: Amoonguss\n|\n|upkeep\n|\n|t:|1699979832\n|switch|p2a: Cinderace|Cinderace, M|100\/100\n|turn|17\n|\n|t:|1699979835\n|switch|p1a: Garchomp|Garchomp, M|100\/100\n|move|p2a: Cinderace|High Jump Kick|p1a: Garchomp\n|-start|p2a: Cinderace|typechange|Fighting|[from] ability: Libero\n|-damage|p1a: Garchomp|57\/100\n|-damage|p2a: Cinderace|88\/100|[from] ability: Rough Skin|[of] p1a: Garchomp\n|-damage|p2a: Cinderace|72\/100|[from] item: Rocky Helmet|[of] p1a: Garchomp\n|\n|upkeep\n|turn|18\n|\n|t:|1699979850\n|move|p2a: Cinderace|Pyro Ball|p1a: Garchomp\n|-resisted|p1a: Garchomp\n|-damage|p1a: Garchomp|41\/100\n|move|p1a: Garchomp|Rest|p1a: Garchomp\n|-status|p1a: Garchomp|slp|[from] move: Rest\n|-heal|p1a: Garchomp|100\/100 slp|[silent]\n|\n|upkeep\n|turn|19\n|\n|t:|1699979857\n|move|p2a: Cinderace|Gunk Shot|p1a: Garchomp\n|-resisted|p1a: Garchomp\n|-damage|p1a: Garchomp|86\/100 slp\n|cant|p1a: Garchomp|slp\n|\n|upkeep\n|turn|20\n|\n|t:|1699979870\n|move|p2a: Cinderace|Pyro Ball|p1a: Garchomp\n|-resisted|p1a: Garchomp\n|-damage|p1a: Garchomp|71\/100 slp\n|cant|p1a: Garchomp|slp\n|\n|upkeep\n|turn|21\n|\n|t:|1699979883\n|move|p2a: Cinderace|High Jump Kick|p1a: Garchomp\n|-damage|p1a: Garchomp|28\/100 slp\n|-damage|p2a: Cinderace|59\/100|[from] ability: Rough Skin|[of] p1a: Garchomp\n|-damage|p2a: Cinderace|43\/100|[from] item: Rocky Helmet|[of] p1a: Garchomp\n|-curestatus|p1a: Garchomp|slp|[msg]\n|move|p1a: Garchomp|Toxic|p2a: Cinderace|[miss]\n|-miss|p1a: Garchomp|p2a: Cinderace\n|\n|upkeep\n|turn|22\n|\n|t:|1699979893\n|move|p2a: Cinderace|Pyro Ball|p1a: Garchomp\n|-resisted|p1a: Garchomp\n|-damage|p1a: Garchomp|13\/100\n|move|p1a: Garchomp|Rest|p1a: Garchomp\n|-status|p1a: Garchomp|slp|[from] move: Rest\n|-heal|p1a: Garchomp|100\/100 slp|[silent]\n|\n|upkeep\n|turn|23\n|\n|t:|1699979900\n|move|p2a: Cinderace|Gunk Shot|p1a: Garchomp\n|-resisted|p1a: Garchomp\n|-damage|p1a: Garchomp|86\/100 slp\n|cant|p1a: Garchomp|slp\n|\n|upkeep\n|turn|24\n|\n|t:|1699979912\n|move|p2a: Cinderace|Pyro Ball|p1a: Garchomp\n|-resisted|p1a: Garchomp\n|-damage|p1a: Garchomp|71\/100 slp\n|cant|p1a: Garchomp|slp\n|\n|upkeep\n|turn|25\n|\n|t:|1699979917\n|move|p2a: Cinderace|Gunk Shot|p1a: Garchomp\n|-resisted|p1a: Garchomp\n|-damage|p1a: Garchomp|57\/100 slp\n|-curestatus|p1a: Garchomp|slp|[msg]\n|move|p1a: Garchomp|Toxic|p2a: Cinderace\n|-status|p2a: Cinderace|tox\n|\n|-damage|p2a: Cinderace|37\/100 tox|[from] psn\n|upkeep\n|turn|26\n|\n|t:|1699979926\n|move|p2a: Cinderace|Pyro Ball|p1a: Garchomp\n|-resisted|p1a: Garchomp\n|-damage|p1a: Garchomp|44\/100\n|move|p1a: Garchomp|Rest|p1a: Garchomp\n|-status|p1a: Garchomp|slp|[from] move: Rest\n|-heal|p1a: Garchomp|100\/100 slp|[silent]\n|\n|-damage|p2a: Cinderace|25\/100 tox|[from] psn\n|upkeep\n|turn|27\n|c|\u2606hithereyouperson1|stallchomp ftw!\n|\n|t:|1699979943\n|move|p2a: Cinderace|Gunk Shot|p1a: Garchomp\n|-resisted|p1a: Garchomp\n|-damage|p1a: Garchomp|87\/100 slp\n|cant|p1a: Garchomp|slp\n|\n|-damage|p2a: Cinderace|7\/100 tox|[from] psn\n|upkeep\n|turn|28\n|c|\u2606hithereyouperson1|gg\n|\n|t:|1699979953\n|-terastallize|p2a: Cinderace|Fire\n|move|p2a: Cinderace|Pyro Ball|p1a: Garchomp|[miss]\n|-miss|p2a: Cinderace|p1a: Garchomp\n|cant|p1a: Garchomp|slp\n|\n|-damage|p2a: Cinderace|0 fnt|[from] psn\n|faint|p2a: Cinderace\n|\n|win|hithereyouperson1\n|upkeep\n|raw|hithereyouperson1's rating: 1076 &rarr; <strong>1100<\/strong><br \/>(+24 for winning)\n|raw|DapperCrownUnova's rating: 1016 &rarr; <strong>1006<\/strong><br \/>(-10 for losing)\n|l|\u2606DapperCrownUnova\n","uploadtime":1699979969,"views":11,"p1id":"hithereyouperson1","p2id":"dappercrownunova","formatid":"gen9nationaldex","rating":1006,"private":0,"password":""}