{"id":"gen9nationaldex-1988535235","p1":"Nakuy","p2":"Abrar83","format":"[Gen 9] National Dex","log":"|j|\u2606Nakuy\n|j|\u2606Abrar83\n|t:|1699733372\n|gametype|singles\n|player|p1|Nakuy|byron|\n|player|p2|Abrar83|morty-masters|\n|teamsize|p1|6\n|teamsize|p2|6\n|gen|9\n|tier|[Gen 9] National Dex\n|rule|HP Percentage Mod: HP is shown in percentages\n|rule|Endless Battle Clause: Forcing endless battles is banned\n|rule|OHKO Clause: OHKO moves are banned\n|rule|Evasion Clause: Evasion abilities, items, and moves are banned\n|rule|Evasion Abilities Clause: Evasion abilities are banned\n|rule|Evasion Items Clause: Evasion items are banned\n|rule|Evasion Moves Clause: Evasion moves are banned\n|rule|Species Clause: Limit one of each Pok\u00e9mon\n|rule|Sleep Clause Mod: Limit one foe put to sleep\n|clearpoke\n|poke|p1|Ogerpon-Wellspring, F|\n|poke|p1|Glimmora, M|\n|poke|p1|Iron Moth|\n|poke|p1|Iron Valiant|\n|poke|p1|Bisharp, M|\n|poke|p1|Aerodactyl, F|\n|poke|p2|Sneasler, M|\n|poke|p2|Darmanitan, M|\n|poke|p2|Kommo-o, F|\n|poke|p2|Aerodactyl, F|\n|poke|p2|Metagross|\n|poke|p2|Braviary-Hisui, M|\n|teampreview\n|\n|t:|1699733398\n|start\n|switch|p1a: Ogerpon|Ogerpon-Wellspring, F|100\/100\n|switch|p2a: Dance|Kommo-o, F|100\/100\n|turn|1\n|\n|t:|1699733407\n|-terastallize|p1a: Ogerpon|Water\n|detailschange|p1a: Ogerpon|Ogerpon-Wellspring-Tera, F, tera:Water\n|-ability|p1a: Ogerpon|Embody Aspect (Wellspring)|boost\n|-boost|p1a: Ogerpon|spd|1\n|move|p1a: Ogerpon|Swords Dance|p1a: Ogerpon\n|-boost|p1a: Ogerpon|atk|2\n|move|p2a: Dance|Flash Cannon|p1a: Ogerpon\n|-resisted|p1a: Ogerpon\n|-damage|p1a: Ogerpon|92\/100\n|\n|upkeep\n|turn|2\n|\n|t:|1699733422\n|move|p1a: Ogerpon|Swords Dance|p1a: Ogerpon\n|-boost|p1a: Ogerpon|atk|2\n|-zpower|p2a: Dance\n|move|p2a: Dance|Clangorous Soulblaze|p1a: Ogerpon|[zeffect]\n|-damage|p1a: Ogerpon|27\/100\n|-boost|p2a: Dance|atk|1\n|-boost|p2a: Dance|def|1\n|-boost|p2a: Dance|spa|1\n|-boost|p2a: Dance|spd|1\n|-boost|p2a: Dance|spe|1\n|\n|upkeep\n|turn|3\n|\n|t:|1699733439\n|move|p2a: Dance|Clanging Scales|p1a: Ogerpon\n|-damage|p1a: Ogerpon|0 fnt\n|faint|p1a: Ogerpon\n|-unboost|p2a: Dance|def|1\n|\n|upkeep\n|\n|t:|1699733455\n|switch|p1a: Iron Moth|Iron Moth|100\/100\n|-enditem|p1a: Iron Moth|Booster Energy\n|-activate|p1a: Iron Moth|ability: Quark Drive|[fromitem]\n|-start|p1a: Iron Moth|quarkdrivespe\n|turn|4\n|\n|t:|1699733462\n|move|p1a: Iron Moth|Dazzling Gleam|p2a: Dance\n|-supereffective|p2a: Dance\n|-damage|p2a: Dance|22\/100\n|move|p2a: Dance|Clanging Scales|p1a: Iron Moth\n|-damage|p1a: Iron Moth|28\/100\n|-unboost|p2a: Dance|def|1\n|\n|upkeep\n|turn|5\n|\n|t:|1699733473\n|move|p1a: Iron Moth|Dazzling Gleam|p2a: Dance\n|-supereffective|p2a: Dance\n|-damage|p2a: Dance|0 fnt\n|faint|p2a: Dance\n|\n|upkeep\n|\n|t:|1699733501\n|switch|p2a: Canada|Braviary-Hisui, M|100\/100\n|turn|6\n|\n|t:|1699733507\n|move|p1a: Iron Moth|Fiery Dance|p2a: Canada\n|-damage|p2a: Canada|57\/100\n|move|p2a: Canada|Psychic|p1a: Iron Moth\n|-supereffective|p1a: Iron Moth\n|-damage|p1a: Iron Moth|0 fnt\n|faint|p1a: Iron Moth\n|-end|p1a: Iron Moth|Quark Drive|[silent]\n|\n|upkeep\n|\n|t:|1699733518\n|switch|p1a: Aerodactyl|Aerodactyl, F|100\/100\n|-ability|p1a: Aerodactyl|Unnerve\n|turn|7\n|\n|t:|1699733528\n|detailschange|p1a: Aerodactyl|Aerodactyl-Mega, F\n|-mega|p1a: Aerodactyl|Aerodactyl|Aerodactylite\n|move|p1a: Aerodactyl|Rock Slide|p2a: Canada\n|-supereffective|p2a: Canada\n|-damage|p2a: Canada|0 fnt\n|faint|p2a: Canada\n|\n|upkeep\n|\n|t:|1699733547\n|switch|p2a: Langley|Metagross|100\/100\n|turn|8\n|\n|t:|1699733564\n|switch|p1a: Glimmora|Glimmora, M|100\/100\n|move|p2a: Langley|Meteor Mash|p1a: Glimmora\n|-supereffective|p1a: Glimmora\n|-damage|p1a: Glimmora|10\/100\n|-activate|p1a: Glimmora|ability: Toxic Debris\n|-sidestart|p2: Abrar83|move: Toxic Spikes\n|\n|upkeep\n|turn|9\n|\n|t:|1699733576\n|move|p1a: Glimmora|Earth Power|p2a: Langley\n|-supereffective|p2a: Langley\n|-damage|p2a: Langley|59\/100\n|move|p2a: Langley|Zen Headbutt|p1a: Glimmora\n|-supereffective|p1a: Glimmora\n|-damage|p1a: Glimmora|0 fnt\n|-activate|p1a: Glimmora|ability: Toxic Debris\n|-sidestart|p2: Abrar83|move: Toxic Spikes\n|faint|p1a: Glimmora\n|\n|-heal|p2a: Langley|65\/100|[from] item: Leftovers\n|upkeep\n|\n|t:|1699733602\n|switch|p1a: Bisharp|Bisharp, M|100\/100\n|turn|10\n|\n|t:|1699733618\n|switch|p2a: Cient|Aerodactyl, F|100\/100\n|-ability|p2a: Cient|Pressure\n|move|p1a: Bisharp|Swords Dance|p1a: Bisharp\n|-boost|p1a: Bisharp|atk|2\n|\n|upkeep\n|turn|11\n|\n|t:|1699733633\n|detailschange|p2a: Cient|Aerodactyl-Mega, F\n|-mega|p2a: Cient|Aerodactyl|Aerodactylite\n|move|p2a: Cient|Hone Claws|p2a: Cient\n|-boost|p2a: Cient|atk|1\n|-boost|p2a: Cient|accuracy|1\n|move|p1a: Bisharp|Iron Head|p2a: Cient\n|-supereffective|p2a: Cient\n|-damage|p2a: Cient|0 fnt\n|faint|p2a: Cient\n|\n|upkeep\n|\n|t:|1699733644\n|switch|p2a: Sneasler|Sneasler, M|100\/100\n|-sideend|p2: Abrar83|move: Toxic Spikes|[of] p2a: Sneasler\n|turn|12\n|\n|t:|1699733666\n|move|p2a: Sneasler|Close Combat|p1a: Bisharp\n|-supereffective|p1a: Bisharp\n|-damage|p1a: Bisharp|0 fnt\n|-unboost|p2a: Sneasler|def|1\n|-unboost|p2a: Sneasler|spd|1\n|faint|p1a: Bisharp\n|\n|upkeep\n|\n|t:|1699733676\n|switch|p1a: Aerodactyl|Aerodactyl-Mega, F|100\/100\n|turn|13\n|\n|t:|1699733682\n|move|p2a: Sneasler|Endure|p2a: Sneasler\n|-singleturn|p2a: Sneasler|move: Endure\n|move|p1a: Aerodactyl|Dual Wingbeat|p2a: Sneasler\n|-supereffective|p2a: Sneasler\n|-activate|p2a: Sneasler|move: Endure\n|-damage|p2a: Sneasler|1\/100\n|-enditem|p2a: Sneasler|Weakness Policy\n|-boost|p2a: Sneasler|atk|2|[from] item: Weakness Policy\n|-boost|p2a: Sneasler|spa|2|[from] item: Weakness Policy\n|-supereffective|p2a: Sneasler\n|-activate|p2a: Sneasler|move: Endure\n|-damage|p2a: Sneasler|1\/100\n|-hitcount|p2a: Sneasler|2\n|\n|upkeep\n|turn|14\n|\n|t:|1699733696\n|move|p2a: Sneasler|Close Combat|p1a: Aerodactyl\n|-damage|p1a: Aerodactyl|0 fnt\n|-unboost|p2a: Sneasler|def|1\n|-unboost|p2a: Sneasler|spd|1\n|faint|p1a: Aerodactyl\n|\n|upkeep\n|\n|t:|1699733699\n|switch|p1a: Iron Valiant|Iron Valiant|100\/100\n|-enditem|p1a: Iron Valiant|Booster Energy\n|-activate|p1a: Iron Valiant|ability: Quark Drive|[fromitem]\n|-start|p1a: Iron Valiant|quarkdrivespe\n|turn|15\n|\n|t:|1699733718\n|move|p2a: Sneasler|Acrobatics|p1a: Iron Valiant\n|-supereffective|p1a: Iron Valiant\n|-damage|p1a: Iron Valiant|0 fnt\n|faint|p1a: Iron Valiant\n|-end|p1a: Iron Valiant|Quark Drive|[silent]\n|\n|win|Abrar83\n|l|\u2606Abrar83\n","uploadtime":1699733879,"views":4,"p1id":"nakuy","p2id":"abrar83","formatid":"gen9nationaldex","rating":0,"private":0,"password":""}