{"id":"gen9nationaldex-1994565022","p1":"TViewierVGC","p2":"elvisma","format":"[Gen 9] National Dex","log":"|html|<div class=\"broadcast-blue\"><strong>[Gen 9] National Dex is currently suspecting Sneasler! For information on how to participate check out the <a href=\"https:\/\/www.smogon.com\/forums\/threads\/sv-national-dex-suspect-8-just-dance.3731534\/\">suspect thread<\/a>.<\/strong><\/div>\n|j|\u2606TViewierVGC\n|j|\u2606elvisma\n|t:|1700460765\n|gametype|singles\n|player|p1|TViewierVGC|colress|\n|player|p2|elvisma|red-masters|\n|teamsize|p1|6\n|teamsize|p2|6\n|gen|9\n|tier|[Gen 9] National Dex\n|rule|HP Percentage Mod: HP is shown in percentages\n|rule|Endless Battle Clause: Forcing endless battles is banned\n|rule|OHKO Clause: OHKO moves are banned\n|rule|Evasion Clause: Evasion abilities, items, and moves are banned\n|rule|Evasion Abilities Clause: Evasion abilities are banned\n|rule|Evasion Items Clause: Evasion items are banned\n|rule|Evasion Moves Clause: Evasion moves are banned\n|rule|Species Clause: Limit one of each Pok\u00e9mon\n|rule|Sleep Clause Mod: Limit one foe put to sleep\n|clearpoke\n|poke|p1|Masquerain, F|\n|poke|p1|Eiscue, M|\n|poke|p1|Gyarados, M|\n|poke|p1|Thundurus-Therian, M|\n|poke|p1|Greninja-*, M|\n|poke|p1|Azumarill, M|\n|poke|p2|Ribombee, F|\n|poke|p2|Kommo-o, F|\n|poke|p2|Tapu Koko|\n|poke|p2|Raichu-Alola, M|\n|poke|p2|Beedrill, M|\n|poke|p2|Ferrothorn, F|\n|teampreview\n|inactive|Battle timer is ON: inactive players will automatically lose when time's up. (requested by TViewierVGC)\n|\n|t:|1700460783\n|start\n|switch|p1a: Thundurus|Thundurus-Therian, M|100\/100\n|switch|p2a: Ribombee|Ribombee, F|100\/100\n|turn|1\n|c|\u2606elvisma|yeah imma do the basic bitch lead\n|j| ttv serenadesz\n|\n|t:|1700460810\n|move|p2a: Ribombee|Sticky Web|p1a: Thundurus\n|-sidestart|p1: TViewierVGC|move: Sticky Web\n|move|p1a: Thundurus|Volt Switch|p2a: Ribombee\n|-damage|p2a: Ribombee|27\/100\n|inactive|TViewierVGC has 270 seconds left.\n|\n|t:|1700460820\n|switch|p1a: ThisIsBlueNotWhite|Masquerain, F|100\/100|[from] Volt Switch\n|-ability|p1a: ThisIsBlueNotWhite|Intimidate|boost\n|-unboost|p2a: Ribombee|atk|1\n|\n|upkeep\n|turn|2\n|\n|t:|1700460828\n|move|p2a: Ribombee|Moonblast|p1a: ThisIsBlueNotWhite\n|-damage|p1a: ThisIsBlueNotWhite|36\/100\n|move|p1a: ThisIsBlueNotWhite|Sticky Web|p2a: Ribombee\n|-sidestart|p2: elvisma|move: Sticky Web\n|\n|upkeep\n|turn|3\n|\n|t:|1700460832\n|move|p2a: Ribombee|Moonblast|p1a: ThisIsBlueNotWhite\n|-damage|p1a: ThisIsBlueNotWhite|0 fnt\n|faint|p1a: ThisIsBlueNotWhite\n|\n|upkeep\n|\n|t:|1700460852\n|switch|p1a: Gyarados|Gyarados, M|100\/100\n|-ability|p1a: Gyarados|Intimidate|boost\n|-unboost|p2a: Ribombee|atk|1\n|turn|4\n|\n|t:|1700460856\n|move|p2a: Ribombee|Quiver Dance|p2a: Ribombee\n|-boost|p2a: Ribombee|spa|1\n|-boost|p2a: Ribombee|spd|1\n|-boost|p2a: Ribombee|spe|1\n|move|p1a: Gyarados|Dragon Dance|p1a: Gyarados\n|-boost|p1a: Gyarados|atk|1\n|-boost|p1a: Gyarados|spe|1\n|\n|upkeep\n|turn|5\n|\n|t:|1700460860\n|move|p2a: Ribombee|Moonblast|p1a: Gyarados\n|-damage|p1a: Gyarados|39\/100\n|move|p1a: Gyarados|Dragon Dance|p1a: Gyarados\n|-boost|p1a: Gyarados|atk|1\n|-boost|p1a: Gyarados|spe|1\n|\n|upkeep\n|turn|6\n|\n|t:|1700460864\n|move|p1a: Gyarados|Waterfall|p2a: Ribombee\n|-damage|p2a: Ribombee|0 fnt\n|faint|p2a: Ribombee\n|\n|upkeep\n|\n|t:|1700460868\n|switch|p2a: Ferrothorn|Ferrothorn, F, shiny|100\/100\n|-activate|p2a: Ferrothorn|move: Sticky Web\n|-unboost|p2a: Ferrothorn|spe|1\n|turn|7\n|c|\u2606elvisma|if i miss\n|c|\u2606elvisma|i cry\n|\n|t:|1700460876\n|detailschange|p1a: Gyarados|Gyarados-Mega, M\n|-mega|p1a: Gyarados|Gyarados|Gyaradosite\n|-ability|p1a: Gyarados|Mold Breaker\n|move|p1a: Gyarados|Crunch|p2a: Ferrothorn\n|-damage|p2a: Ferrothorn|48\/100\n|-damage|p1a: Gyarados|26\/100|[from] ability: Iron Barbs|[of] p2a: Ferrothorn\n|move|p2a: Ferrothorn|Power Whip|p1a: Gyarados\n|-supereffective|p1a: Gyarados\n|-damage|p1a: Gyarados|0 fnt\n|faint|p1a: Gyarados\n|\n|-heal|p2a: Ferrothorn|54\/100|[from] item: Leftovers\n|upkeep\n|c|\u2606elvisma|lets go\n|inactive|TViewierVGC has 270 seconds left.\n|\n|t:|1700460919\n|switch|p1a: Eiscue|Eiscue, M|100\/100\n|-activate|p1a: Eiscue|move: Sticky Web\n|-unboost|p1a: Eiscue|spe|1\n|turn|8\n|c|\u2606elvisma|i have not using beedrill i single time\n|c|\u2606elvisma|i just realised\n|\n|t:|1700460928\n|move|p1a: Eiscue|Ice Spinner|p2a: Ferrothorn\n|-damage|p2a: Ferrothorn|37\/100\n|-damage|p1a: Eiscue|88\/100|[from] ability: Iron Barbs|[of] p2a: Ferrothorn\n|move|p2a: Ferrothorn|Leech Seed|p1a: Eiscue|[miss]\n|-miss|p2a: Ferrothorn|p1a: Eiscue\n|\n|-heal|p2a: Ferrothorn|43\/100|[from] item: Leftovers\n|upkeep\n|turn|9\n|inactive|TViewierVGC has 270 seconds left.\n|c|\u2606elvisma|mother\n|\n|t:|1700460943\n|move|p1a: Eiscue|Belly Drum|p1a: Eiscue\n|-damage|p1a: Eiscue|38\/100\n|-setboost|p1a: Eiscue|atk|6|[from] move: Belly Drum\n|-enditem|p1a: Eiscue|Sitrus Berry|[eat]\n|-heal|p1a: Eiscue|63\/100|[from] item: Sitrus Berry\n|move|p2a: Ferrothorn|Leech Seed|p1a: Eiscue|[miss]\n|-miss|p2a: Ferrothorn|p1a: Eiscue\n|\n|-heal|p2a: Ferrothorn|49\/100|[from] item: Leftovers\n|upkeep\n|turn|10\n|inactive|TViewierVGC has 270 seconds left.\n|c|\u2606TViewierVGC|no shot\n|\n|t:|1700460955\n|switch|p2a: Tapu Koko|Tapu Koko|100\/100\n|-activate|p2a: Tapu Koko|move: Sticky Web\n|-unboost|p2a: Tapu Koko|spe|1\n|-fieldstart|move: Electric Terrain|[from] ability: Electric Surge|[of] p2a: Tapu Koko\n|move|p1a: Eiscue|Ice Spinner|p2a: Tapu Koko\n|-damage|p2a: Tapu Koko|0 fnt\n|-fieldend|move: Electric Terrain\n|faint|p2a: Tapu Koko\n|\n|upkeep\n|\n|t:|1700460958\n|switch|p2a: Raichu|Raichu-Alola, M|100\/100\n|-activate|p2a: Raichu|move: Sticky Web\n|-unboost|p2a: Raichu|spe|1\n|turn|11\n|c|\u2606elvisma|f me\n|inactive|TViewierVGC has 270 seconds left.\n|c|\u2606elvisma|i geus what ever\n|\n|t:|1700460976\n|-terastallize|p1a: Eiscue|Grass\n|move|p2a: Raichu|Focus Blast|p1a: Eiscue|[miss]\n|-miss|p2a: Raichu|p1a: Eiscue\n|move|p1a: Eiscue|Ice Spinner|p2a: Raichu\n|-damage|p2a: Raichu|0 fnt\n|faint|p2a: Raichu\n|\n|upkeep\n|c|\u2606elvisma|BRO\n|c|\u2606TViewierVGC|LMFAO\n|\n|t:|1700460987\n|switch|p2a: Beedrill|Beedrill, M|100\/100\n|-activate|p2a: Beedrill|move: Sticky Web\n|-unboost|p2a: Beedrill|spe|1\n|turn|12\n|\n|t:|1700460995\n|detailschange|p2a: Beedrill|Beedrill-Mega, M\n|-mega|p2a: Beedrill|Beedrill|Beedrillite\n|move|p2a: Beedrill|Fell Stinger|p1a: Eiscue\n|-activate|p1a: Eiscue|ability: Ice Face\n|-damage|p1a: Eiscue|63\/100\n|detailschange|p1a: Eiscue|Eiscue-Noice, M, tera:Grass\n|move|p1a: Eiscue|Ice Spinner|p2a: Beedrill\n|-damage|p2a: Beedrill|0 fnt\n|faint|p2a: Beedrill\n|\n|upkeep\n|\n|t:|1700461000\n|switch|p2a: Kommo-o|Kommo-o, F, shiny|100\/100\n|-activate|p2a: Kommo-o|move: Sticky Web\n|-unboost|p2a: Kommo-o|spe|1\n|turn|13\n|c|\u2606elvisma|imma go cry in the corner\n|c|\u2606elvisma|this game is so rigged\n|inactive|TViewierVGC has 270 seconds left.\n|\n|t:|1700461031\n|switch|p1a: Azumarill|Azumarill, M|100\/100\n|-activate|p1a: Azumarill|move: Sticky Web\n|-unboost|p1a: Azumarill|spe|1\n|-zpower|p2a: Kommo-o\n|move|p2a: Kommo-o|Clangorous Soulblaze|p1a: Azumarill|[zeffect]\n|-immune|p1a: Azumarill\n|\n|upkeep\n|turn|14\n|\n|t:|1700461040\n|move|p2a: Kommo-o|Flash Cannon|p1a: Azumarill\n|-damage|p1a: Azumarill|77\/100\n|move|p1a: Azumarill|Play Rough|p2a: Kommo-o\n|-supereffective|p2a: Kommo-o\n|-damage|p2a: Kommo-o|0 fnt\n|faint|p2a: Kommo-o\n|\n|upkeep\n|-message|elvisma forfeited.\n|\n|win|TViewierVGC\n|l|\u2606elvisma\n|c|\u2606TViewierVGC|gg\n|l| ttv serenadesz\n","uploadtime":1700461822,"views":5,"p1id":"tviewiervgc","p2id":"elvisma","formatid":"gen9nationaldex","rating":0,"private":0,"password":""}