{"id":"gen9nationaldex-1994136729","p1":"xsk123","p2":"GreninjaFam","format":"[Gen 9] National Dex","log":"|j|\u2606xsk123\n|j|\u2606GreninjaFam\n|t:|1700411203\n|gametype|singles\n|player|p1|xsk123|pokefan-gen4|1653\n|player|p2|GreninjaFam|hilda|1540\n|teamsize|p1|6\n|teamsize|p2|6\n|gen|9\n|tier|[Gen 9] National Dex\n|rated|\n|rule|HP Percentage Mod: HP is shown in percentages\n|rule|Endless Battle Clause: Forcing endless battles is banned\n|rule|OHKO Clause: OHKO moves are banned\n|rule|Evasion Clause: Evasion abilities, items, and moves are banned\n|rule|Evasion Abilities Clause: Evasion abilities are banned\n|rule|Evasion Items Clause: Evasion items are banned\n|rule|Evasion Moves Clause: Evasion moves are banned\n|rule|Species Clause: Limit one of each Pok\u00e9mon\n|rule|Sleep Clause Mod: Limit one foe put to sleep\n|clearpoke\n|poke|p1|Pinsir, M|\n|poke|p1|Staraptor, F|\n|poke|p1|Nidoking, M|\n|poke|p1|Serperior, F|\n|poke|p1|Zapdos-Galar|\n|poke|p1|Iron Treads|\n|poke|p2|Comfey, F|\n|poke|p2|Garchomp, M|\n|poke|p2|Scizor, M|\n|poke|p2|Greninja-*, M|\n|poke|p2|Venusaur, M|\n|poke|p2|Rotom-Wash|\n|teampreview\n|inactive|Battle timer is ON: inactive players will automatically lose when time's up. (requested by xsk123)\n|\n|t:|1700411233\n|start\n|switch|p1a: Serperior|Serperior, F|100\/100\n|switch|p2a: Rotom|Rotom-Wash, shiny|100\/100\n|turn|1\n|\n|t:|1700411246\n|switch|p2a: Venusaur|Venusaur, M, shiny|100\/100\n|move|p1a: Serperior|Glare|p2a: Venusaur\n|-status|p2a: Venusaur|par\n|\n|upkeep\n|turn|2\n|\n|t:|1700411252\n|switch|p1a: Staraptor|Staraptor, F|100\/100\n|detailschange|p2a: Venusaur|Venusaur-Mega, M, shiny\n|-mega|p2a: Venusaur|Venusaur|Venusaurite\n|cant|p2a: Venusaur|par\n|\n|upkeep\n|turn|3\n|\n|t:|1700411265\n|switch|p2a: Rotom|Rotom-Wash, shiny|100\/100\n|move|p1a: Staraptor|U-turn|p2a: Rotom\n|-crit|p2a: Rotom\n|-damage|p2a: Rotom|25\/100\n|inactive|xsk123 has 120 seconds left.\n|inactive|xsk123 has 90 seconds left.\n|inactive|xsk123 has 60 seconds left.\n|\n|t:|1700411359\n|switch|p1a: Zapdos|Zapdos-Galar|100\/100|[from] U-turn\n|\n|upkeep\n|turn|4\n|inactive|xsk123 has 60 seconds left.\n|inactive|xsk123 has 30 seconds left.\n|inactive|xsk123 has 20 seconds left.\n|inactive|xsk123 has 15 seconds left.\n|\n|t:|1700411409\n|move|p1a: Zapdos|Brave Bird|p2a: Rotom\n|-resisted|p2a: Rotom\n|-damage|p2a: Rotom|0 fnt\n|faint|p2a: Rotom\n|-damage|p1a: Zapdos|94\/100|[from] Recoil\n|\n|upkeep\n|inactive|xsk123 has 20 seconds left this turn.\n|\n|t:|1700411418\n|switch|p2a: Scizor|Scizor, M, shiny|100\/100\n|turn|5\n|inactive|xsk123 has 30 seconds left this turn.\n|inactive|xsk123 has 20 seconds left.\n|\n|t:|1700411431\n|move|p1a: Zapdos|Brave Bird|p2a: Scizor\n|-damage|p2a: Scizor|39\/100\n|-damage|p1a: Zapdos|72\/100|[from] Recoil\n|move|p2a: Scizor|Dual Wingbeat|p1a: Zapdos\n|-supereffective|p1a: Zapdos\n|-damage|p1a: Zapdos|15\/100\n|-supereffective|p1a: Zapdos\n|-crit|p1a: Zapdos\n|-damage|p1a: Zapdos|0 fnt\n|faint|p1a: Zapdos\n|-hitcount|p1: Zapdos|2\n|\n|upkeep\n|inactive|xsk123 has 25 seconds left this turn.\n|inactive|xsk123 has 20 seconds left.\n|inactive|xsk123 has 15 seconds left.\n|inactive|xsk123 has 10 seconds left.\n|inactive|xsk123 has 5 seconds left.\n|\n|t:|1700411453\n|switch|p1a: Staraptor|Staraptor, F|100\/100\n|turn|6\n|inactive|xsk123 has 15 seconds left this turn.\n|\n|t:|1700411456\n|move|p2a: Scizor|Bullet Punch|p1a: Staraptor\n|-damage|p1a: Staraptor|51\/100\n|move|p1a: Staraptor|Brave Bird|p2a: Scizor\n|-damage|p2a: Scizor|0 fnt\n|faint|p2a: Scizor\n|-damage|p1a: Staraptor|37\/100|[from] Recoil\n|\n|upkeep\n|inactive|xsk123 has 20 seconds left this turn.\n|\n|t:|1700411462\n|switch|p2a: Greninja|Greninja, M, shiny|100\/100\n|turn|7\n|inactive|xsk123 has 30 seconds left this turn.\n|\n|t:|1700411469\n|move|p2a: Greninja|Water Shuriken|p1a: Staraptor\n|-start|p2a: Greninja|typechange|Water|[from] ability: Protean\n|-damage|p1a: Staraptor|25\/100\n|-damage|p1a: Staraptor|13\/100\n|-hitcount|p1a: Staraptor|2\n|move|p1a: Staraptor|Brave Bird|p2a: Greninja\n|-damage|p2a: Greninja|0 fnt\n|faint|p2a: Greninja\n|-damage|p1a: Staraptor|0 fnt|[from] Recoil\n|faint|p1a: Staraptor\n|\n|upkeep\n|inactive|xsk123 has 30 seconds left.\n|inactive|xsk123 has 20 seconds left.\n|\n|t:|1700411488\n|switch|p2a: Garchomp|Garchomp, M|100\/100\n|switch|p1a: Pinsir|Pinsir, M|100\/100\n|turn|8\n|inactive|xsk123 has 30 seconds left this turn.\n|\n|t:|1700411501\n|detailschange|p1a: Pinsir|Pinsir-Mega, M\n|-mega|p1a: Pinsir|Pinsir|Pinsirite\n|-terastallize|p2a: Garchomp|Steel\n|move|p1a: Pinsir|Swords Dance|p1a: Pinsir\n|-boost|p1a: Pinsir|atk|2\n|move|p2a: Garchomp|Scale Shot|p1a: Pinsir\n|-damage|p1a: Pinsir|86\/100\n|-damage|p1a: Pinsir|72\/100\n|-damage|p1a: Pinsir|56\/100\n|-damage|p1a: Pinsir|42\/100\n|-damage|p1a: Pinsir|28\/100\n|-hitcount|p1a: Pinsir|5\n|-unboost|p2a: Garchomp|def|1\n|-boost|p2a: Garchomp|spe|1\n|\n|upkeep\n|turn|9\n|inactive|xsk123 has 30 seconds left.\n|inactive|xsk123 has 20 seconds left.\n|\n|t:|1700411519\n|move|p1a: Pinsir|Quick Attack|p2a: Garchomp\n|-resisted|p2a: Garchomp\n|-damage|p2a: Garchomp|59\/100\n|-damage|p1a: Pinsir|16\/100|[from] ability: Rough Skin|[of] p2a: Garchomp\n|move|p2a: Garchomp|Fire Fang|p1a: Pinsir\n|-supereffective|p1a: Pinsir\n|-damage|p1a: Pinsir|0 fnt\n|faint|p1a: Pinsir\n|\n|upkeep\n|inactive|xsk123 has 25 seconds left this turn.\n|inactive|xsk123 has 20 seconds left.\n|inactive|xsk123 has 15 seconds left.\n|\n|t:|1700411531\n|switch|p1a: Serperior|Serperior, F|100\/100\n|turn|10\n|inactive|xsk123 has 25 seconds left this turn.\n|\n|t:|1700411535\n|move|p2a: Garchomp|Fire Fang|p1a: Serperior\n|-supereffective|p1a: Serperior\n|-damage|p1a: Serperior|55\/100\n|move|p1a: Serperior|Glare|p2a: Garchomp\n|-status|p2a: Garchomp|par\n|\n|-heal|p1a: Serperior|62\/100|[from] item: Leftovers\n|upkeep\n|turn|11\n|inactive|xsk123 has 30 seconds left.\n|\n|t:|1700411542\n|switch|p2a: Venusaur|Venusaur-Mega, M, shiny|100\/100 par\n|move|p1a: Serperior|Leaf Storm|p2a: Venusaur\n|-resisted|p2a: Venusaur\n|-damage|p2a: Venusaur|94\/100 par\n|-boost|p1a: Serperior|spa|2\n|\n|-heal|p1a: Serperior|68\/100|[from] item: Leftovers\n|upkeep\n|turn|12\n|inactive|xsk123 has 30 seconds left.\n|\n|t:|1700411554\n|switch|p1a: Nidoking|Nidoking, M|100\/100\n|move|p2a: Venusaur|Earth Power|p1a: Nidoking\n|-supereffective|p1a: Nidoking\n|-damage|p1a: Nidoking|21\/100\n|\n|upkeep\n|turn|13\n|inactive|xsk123 has 30 seconds left.\n|\n|t:|1700411566\n|move|p1a: Nidoking|Sludge Wave|p2a: Venusaur\n|-damage|p2a: Venusaur|46\/100 par\n|move|p2a: Venusaur|Giga Drain|p1a: Nidoking\n|-damage|p1a: Nidoking|0 fnt\n|-heal|p2a: Venusaur|56\/100 par|[from] drain|[of] p1a: Nidoking\n|faint|p1a: Nidoking\n|\n|upkeep\n|inactive|xsk123 has 30 seconds left.\n|\n|t:|1700411572\n|switch|p1a: Iron Treads|Iron Treads|100\/100\n|turn|14\n|\n|t:|1700411580\n|move|p1a: Iron Treads|Earthquake|p2a: Venusaur\n|-damage|p2a: Venusaur|16\/100 par\n|move|p2a: Venusaur|Earth Power|p1a: Iron Treads\n|-supereffective|p1a: Iron Treads\n|-damage|p1a: Iron Treads|11\/100\n|\n|upkeep\n|turn|15\n|\n|t:|1700411589\n|move|p1a: Iron Treads|Earthquake|p2a: Venusaur\n|-damage|p2a: Venusaur|0 fnt\n|faint|p2a: Venusaur\n|\n|upkeep\n|\n|t:|1700411591\n|switch|p2a: Comfey|Comfey, F|100\/100\n|turn|16\n|\n|t:|1700411595\n|move|p2a: Comfey|Draining Kiss|p1a: Iron Treads\n|-resisted|p1a: Iron Treads\n|-damage|p1a: Iron Treads|0 fnt\n|faint|p1a: Iron Treads\n|-end|p1a: Iron Treads|Quark Drive|[silent]\n|\n|upkeep\n|\n|t:|1700411597\n|switch|p1a: Serperior|Serperior, F|68\/100\n|turn|17\n|\n|t:|1700411605\n|-terastallize|p1a: Serperior|Fire\n|move|p1a: Serperior|Leaf Storm|p2a: Comfey\n|-damage|p2a: Comfey|55\/100\n|-boost|p1a: Serperior|spa|2\n|move|p2a: Comfey|Hidden Power|p1a: Serperior\n|-resisted|p1a: Serperior\n|-damage|p1a: Serperior|60\/100\n|\n|-heal|p1a: Serperior|67\/100|[from] item: Leftovers\n|upkeep\n|turn|18\n|\n|t:|1700411613\n|move|p2a: Comfey|Draining Kiss|p1a: Serperior\n|-resisted|p1a: Serperior\n|-damage|p1a: Serperior|56\/100\n|-heal|p2a: Comfey|66\/100|[from] drain|[of] p1a: Serperior\n|move|p1a: Serperior|Leaf Storm|p2a: Comfey\n|-damage|p2a: Comfey|0 fnt\n|-boost|p1a: Serperior|spa|2\n|faint|p2a: Comfey\n|\n|-heal|p1a: Serperior|63\/100|[from] item: Leftovers\n|upkeep\n|\n|t:|1700411617\n|switch|p2a: Garchomp|Garchomp, M, tera:Steel|59\/100 par\n|turn|19\n|\n|t:|1700411620\n|move|p1a: Serperior|Hidden Power|p2a: Garchomp\n|-supereffective|p2a: Garchomp\n|-damage|p2a: Garchomp|0 fnt\n|faint|p2a: Garchomp\n|\n|win|xsk123\n|raw|xsk123's rating: 1653 &rarr; <strong>1667<\/strong><br \/>(+14 for winning)\n|raw|GreninjaFam's rating: 1540 &rarr; <strong>1526<\/strong><br \/>(-14 for losing)\n|l|\u2606GreninjaFam\n","uploadtime":1700411707,"views":5,"p1id":"xsk123","p2id":"greninjafam","formatid":"gen9nationaldex","rating":1526,"private":0,"password":""}