{"id":"gen9nationaldex-1996939214","p1":"iseral","p2":"Chili D Dewd","format":"[Gen 9] National Dex","log":"|html|<div class=\"broadcast-blue\"><strong>[Gen 9] National Dex is currently suspecting Sneasler! For information on how to participate check out the <a href=\"https:\/\/www.smogon.com\/forums\/threads\/sv-national-dex-suspect-8-just-dance.3731534\/\">suspect thread<\/a>.<\/strong><\/div>\n|j|\u2606iseral\n|j|\u2606Chili D Dewd\n|t:|1700747320\n|gametype|singles\n|player|p1|iseral|cynthia|1506\n|player|p2|Chili D Dewd|flint|1608\n|teamsize|p1|6\n|teamsize|p2|6\n|gen|9\n|tier|[Gen 9] National Dex\n|rated|\n|rule|HP Percentage Mod: HP is shown in percentages\n|rule|Endless Battle Clause: Forcing endless battles is banned\n|rule|OHKO Clause: OHKO moves are banned\n|rule|Evasion Clause: Evasion abilities, items, and moves are banned\n|rule|Evasion Abilities Clause: Evasion abilities are banned\n|rule|Evasion Items Clause: Evasion items are banned\n|rule|Evasion Moves Clause: Evasion moves are banned\n|rule|Species Clause: Limit one of each Pok\u00e9mon\n|rule|Sleep Clause Mod: Limit one foe put to sleep\n|clearpoke\n|poke|p1|Mawile, F|\n|poke|p1|Hatterene, F|\n|poke|p1|Ursaluna, F|\n|poke|p1|Cresselia, F|\n|poke|p1|Marowak-Alola, M|\n|poke|p1|Porygon2|\n|poke|p2|Scovillain, F|\n|poke|p2|Torkoal, F|\n|poke|p2|Great Tusk|\n|poke|p2|Houndoom, F|\n|poke|p2|Tapu Lele|\n|poke|p2|Rotom-Wash|\n|teampreview\n|inactive|Battle timer is ON: inactive players will automatically lose when time's up. (requested by iseral)\n|c|\u2606Chili D Dewd|What did i ever do to you?\n|\n|t:|1700747341\n|start\n|switch|p1a: Hatterene|Hatterene, F|100\/100\n|switch|p2a: Torkoal|Torkoal, F|100\/100\n|-weather|SunnyDay|[from] ability: Drought|[of] p2a: Torkoal\n|turn|1\n|\n|t:|1700747349\n|switch|p2a: Tapu Lele|Tapu Lele|100\/100\n|-fieldstart|move: Psychic Terrain|[from] ability: Psychic Surge|[of] p2a: Tapu Lele\n|move|p1a: Hatterene|Trick Room|p1a: Hatterene\n|-fieldstart|move: Trick Room|[of] p1a: Hatterene\n|\n|-weather|SunnyDay|[upkeep]\n|upkeep\n|turn|2\n|\n|t:|1700747355\n|move|p1a: Hatterene|Misty Explosion|p2a: Tapu Lele\n|-damage|p2a: Tapu Lele|35\/100\n|faint|p1a: Hatterene\n|move|p2a: Tapu Lele|Future Sight|p1: Hatterene\n|-start|p2a: Tapu Lele|move: Future Sight\n|\n|-weather|SunnyDay|[upkeep]\n|upkeep\n|\n|t:|1700747364\n|switch|p1a: Mawile|Mawile, F|100\/100\n|-ability|p1a: Mawile|Intimidate|boost\n|-unboost|p2a: Tapu Lele|atk|1\n|turn|3\n|\n|t:|1700747372\n|switch|p2a: Great Tusk|Great Tusk|100\/100\n|-activate|p2a: Great Tusk|ability: Protosynthesis\n|-start|p2a: Great Tusk|protosynthesisatk\n|detailschange|p1a: Mawile|Mawile-Mega, F\n|-mega|p1a: Mawile|Mawile|Mawilite\n|move|p1a: Mawile|Knock Off|p2a: Great Tusk\n|-resisted|p2a: Great Tusk\n|-damage|p2a: Great Tusk|84\/100\n|\n|-weather|SunnyDay|[upkeep]\n|upkeep\n|turn|4\n|\n|t:|1700747384\n|move|p1a: Mawile|Play Rough|p2a: Great Tusk\n|-supereffective|p2a: Great Tusk\n|-damage|p2a: Great Tusk|0 fnt\n|faint|p2a: Great Tusk\n|-end|p2a: Great Tusk|Protosynthesis|[silent]\n|\n|-weather|SunnyDay|[upkeep]\n|-end|p1a: Mawile|move: Future Sight\n|-resisted|p1a: Mawile\n|-damage|p1a: Mawile|50\/100\n|upkeep\n|\n|t:|1700747393\n|switch|p2a: Houndoom|Houndoom, F|100\/100\n|turn|5\n|\n|t:|1700747399\n|detailschange|p2a: Houndoom|Houndoom-Mega, F\n|-mega|p2a: Houndoom|Houndoom|Houndoominite\n|move|p1a: Mawile|Play Rough|p2a: Houndoom\n|-damage|p2a: Houndoom|0 fnt\n|faint|p2a: Houndoom\n|\n|-weather|SunnyDay|[upkeep]\n|-fieldend|move: Trick Room\n|-fieldend|move: Psychic Terrain\n|upkeep\n|\n|t:|1700747407\n|switch|p2a: Scovillain|Scovillain, F|100\/100\n|turn|6\n|\n|t:|1700747412\n|switch|p1a: Cresselia|Cresselia, F|100\/100\n|move|p2a: Scovillain|Fire Blast|p1a: Cresselia\n|-damage|p1a: Cresselia|37\/100\n|-status|p1a: Cresselia|brn\n|-damage|p2a: Scovillain|91\/100|[from] item: Life Orb\n|\n|-weather|SunnyDay|[upkeep]\n|-damage|p1a: Cresselia|31\/100 brn|[from] brn\n|upkeep\n|turn|7\n|\n|t:|1700747424\n|move|p2a: Scovillain|Fire Blast|p1a: Cresselia\n|-damage|p1a: Cresselia|0 fnt\n|faint|p1a: Cresselia\n|-damage|p2a: Scovillain|81\/100|[from] item: Life Orb\n|\n|-weather|SunnyDay|[upkeep]\n|upkeep\n|\n|t:|1700747433\n|switch|p1a: Porygon2|Porygon2|100\/100\n|-ability|p1a: Porygon2|Download|boost\n|-boost|p1a: Porygon2|atk|1\n|turn|8\n|\n|t:|1700747439\n|-terastallize|p2a: Scovillain|Fire\n|move|p2a: Scovillain|Fire Blast|p1a: Porygon2\n|-damage|p1a: Porygon2|34\/100\n|-damage|p2a: Scovillain|71\/100|[from] item: Life Orb\n|move|p1a: Porygon2|Trick Room|p1a: Porygon2\n|-fieldstart|move: Trick Room|[of] p1a: Porygon2\n|\n|-weather|none\n|upkeep\n|turn|9\n|\n|t:|1700747447\n|switch|p2a: Torkoal|Torkoal, F|100\/100\n|-weather|SunnyDay|[from] ability: Drought|[of] p2a: Torkoal\n|move|p1a: Porygon2|Teleport|p1a: Porygon2\n|\n|t:|1700747455\n|switch|p1a: Marowak|Marowak-Alola, M|100\/100|[from] Teleport\n|\n|-weather|SunnyDay|[upkeep]\n|upkeep\n|turn|10\n|\n|t:|1700747461\n|move|p2a: Torkoal|Yawn|p1a: Marowak\n|-start|p1a: Marowak|move: Yawn|[of] p2a: Torkoal\n|move|p1a: Marowak|Poltergeist|p2a: Torkoal\n|-activate|p2a: Torkoal|move: Poltergeist|Heat Rock\n|-damage|p2a: Torkoal|46\/100\n|\n|-weather|SunnyDay|[upkeep]\n|upkeep\n|turn|11\n|\n|t:|1700747469\n|switch|p2a: Rotom|Rotom-Wash|100\/100\n|move|p1a: Marowak|Earthquake|p2a: Rotom\n|-immune|p2a: Rotom|[from] ability: Levitate\n|\n|-weather|SunnyDay|[upkeep]\n|-end|p1a: Marowak|move: Yawn|[silent]\n|-status|p1a: Marowak|slp\n|upkeep\n|turn|12\n|\n|t:|1700747477\n|switch|p1a: Ursaluna|Ursaluna, F|100\/100\n|move|p2a: Rotom|Hydro Pump|p1a: Ursaluna\n|-supereffective|p1a: Ursaluna\n|-damage|p1a: Ursaluna|73\/100\n|\n|-weather|SunnyDay|[upkeep]\n|-fieldend|move: Trick Room\n|-status|p1a: Ursaluna|brn|[from] item: Flame Orb\n|upkeep\n|turn|13\n|\n|t:|1700747486\n|move|p2a: Rotom|Volt Switch|p1a: Ursaluna\n|-immune|p1a: Ursaluna\n|move|p1a: Ursaluna|Facade|p2a: Rotom\n|-damage|p2a: Rotom|0 fnt\n|faint|p2a: Rotom\n|\n|-weather|SunnyDay|[upkeep]\n|-damage|p1a: Ursaluna|67\/100 brn|[from] brn\n|upkeep\n|\n|t:|1700747488\n|switch|p2a: Scovillain|Scovillain, F, tera:Fire|71\/100\n|turn|14\n|\n|t:|1700747500\n|move|p2a: Scovillain|Fire Blast|p1a: Ursaluna\n|-damage|p1a: Ursaluna|0 fnt\n|faint|p1a: Ursaluna\n|-damage|p2a: Scovillain|61\/100|[from] item: Life Orb\n|\n|-weather|SunnyDay|[upkeep]\n|upkeep\n|\n|t:|1700747506\n|switch|p1a: Mawile|Mawile-Mega, F|50\/100\n|turn|15\n|\n|t:|1700747509\n|switch|p2a: Tapu Lele|Tapu Lele|35\/100\n|-fieldstart|move: Psychic Terrain|[from] ability: Psychic Surge|[of] p2a: Tapu Lele\n|move|p1a: Mawile|Sucker Punch||[still]\n|-fail|p1a: Mawile\n|\n|-weather|SunnyDay|[upkeep]\n|upkeep\n|turn|16\n|\n|t:|1700747517\n|move|p2a: Tapu Lele|Hidden Power|p1a: Mawile\n|-supereffective|p1a: Mawile\n|-damage|p1a: Mawile|0 fnt\n|faint|p1a: Mawile\n|\n|-weather|none\n|upkeep\n|\n|t:|1700747522\n|switch|p1a: Porygon2|Porygon2|34\/100\n|-ability|p1a: Porygon2|Download|boost\n|-boost|p1a: Porygon2|atk|1\n|turn|17\n|\n|t:|1700747527\n|switch|p2a: Torkoal|Torkoal, F|46\/100\n|-weather|SunnyDay|[from] ability: Drought|[of] p2a: Torkoal\n|move|p1a: Porygon2|Trick Room|p1a: Porygon2\n|-fieldstart|move: Trick Room|[of] p1a: Porygon2\n|\n|-weather|SunnyDay|[upkeep]\n|upkeep\n|turn|18\n|\n|t:|1700747534\n|move|p2a: Torkoal|Body Press|p1a: Porygon2\n|-supereffective|p1a: Porygon2\n|-damage|p1a: Porygon2|0 fnt\n|faint|p1a: Porygon2\n|\n|-weather|SunnyDay|[upkeep]\n|upkeep\n|\n|t:|1700747539\n|switch|p1a: Marowak|Marowak-Alola, M|100\/100 slp\n|turn|19\n|\n|t:|1700747546\n|switch|p2a: Tapu Lele|Tapu Lele|35\/100\n|cant|p1a: Marowak|slp\n|\n|-weather|SunnyDay|[upkeep]\n|-fieldend|move: Psychic Terrain\n|upkeep\n|turn|20\n|\n|t:|1700747551\n|-curestatus|p1a: Marowak|slp|[msg]\n|move|p1a: Marowak|Earthquake|p2a: Tapu Lele\n|-damage|p2a: Tapu Lele|0 fnt\n|faint|p2a: Tapu Lele\n|\n|-weather|SunnyDay|[upkeep]\n|upkeep\n|\n|t:|1700747553\n|switch|p2a: Torkoal|Torkoal, F|46\/100\n|turn|21\n|\n|t:|1700747563\n|move|p2a: Torkoal|Yawn|p1a: Marowak\n|-start|p1a: Marowak|move: Yawn|[of] p2a: Torkoal\n|move|p1a: Marowak|Earthquake|p2a: Torkoal\n|-supereffective|p2a: Torkoal\n|-damage|p2a: Torkoal|0 fnt\n|faint|p2a: Torkoal\n|\n|-weather|SunnyDay|[upkeep]\n|-fieldend|move: Trick Room\n|upkeep\n|\n|t:|1700747565\n|switch|p2a: Scovillain|Scovillain, F, tera:Fire|61\/100\n|turn|22\n|\n|t:|1700747572\n|-terastallize|p1a: Marowak|Rock\n|move|p2a: Scovillain|Fire Blast|p1a: Marowak\n|-resisted|p1a: Marowak\n|-crit|p1a: Marowak\n|-damage|p1a: Marowak|0 fnt\n|faint|p1a: Marowak\n|-damage|p2a: Scovillain|51\/100|[from] item: Life Orb\n|\n|win|Chili D Dewd\n|raw|iseral's rating: 1506 &rarr; <strong>1492<\/strong><br \/>(-14 for losing)\n|raw|Chili D Dewd's rating: 1608 &rarr; <strong>1622<\/strong><br \/>(+14 for winning)\n|l|\u2606iseral\n|c|\u2606Chili D Dewd|No way\n","uploadtime":1700747585,"views":0,"p1id":"iseral","p2id":"chiliddewd","formatid":"gen9nationaldex","rating":1492,"private":0,"password":""}