{"id":"gen9nationaldex-1997607217","p1":"keiferww","p2":"Get Bottied","format":"[Gen 9] National Dex","log":"|html|<div class=\"broadcast-blue\"><strong>[Gen 9] National Dex is currently suspecting Sneasler! For information on how to participate check out the <a href=\"https:\/\/www.smogon.com\/forums\/threads\/sv-national-dex-suspect-8-just-dance.3731534\/\">suspect thread<\/a>.<\/strong><\/div>\n|j|\u2606keiferww\n|j|\u2606Get Bottied\n|t:|1700832238\n|gametype|singles\n|player|p1|keiferww|rosa|1129\n|player|p2|Get Bottied|benga|1156\n|teamsize|p1|6\n|teamsize|p2|6\n|gen|9\n|tier|[Gen 9] National Dex\n|rated|\n|rule|HP Percentage Mod: HP is shown in percentages\n|rule|Endless Battle Clause: Forcing endless battles is banned\n|rule|OHKO Clause: OHKO moves are banned\n|rule|Evasion Clause: Evasion abilities, items, and moves are banned\n|rule|Evasion Abilities Clause: Evasion abilities are banned\n|rule|Evasion Items Clause: Evasion items are banned\n|rule|Evasion Moves Clause: Evasion moves are banned\n|rule|Species Clause: Limit one of each Pok\u00e9mon\n|rule|Sleep Clause Mod: Limit one foe put to sleep\n|clearpoke\n|poke|p1|Lanturn, M|\n|poke|p1|Goodra, F|\n|poke|p1|Serperior, M|\n|poke|p1|Golisopod, F|\n|poke|p1|Chandelure, M|\n|poke|p1|Greninja-*, M|\n|poke|p2|Entei|\n|poke|p2|Gliscor, M|\n|poke|p2|Ogerpon-Wellspring, F|\n|poke|p2|Corviknight, F|\n|poke|p2|Lopunny, F|\n|poke|p2|Aegislash, F|\n|teampreview\n|inactive|Battle timer is ON: inactive players will automatically lose when time's up. (requested by keiferww)\n|\n|t:|1700832249\n|start\n|switch|p1a: Lanturn|Lanturn, M|100\/100\n|switch|p2a: Burning dogo|Entei, shiny|100\/100\n|turn|1\n|\n|t:|1700832263\n|-terastallize|p2a: Burning dogo|Normal\n|move|p2a: Burning dogo|Extreme Speed|p1a: Lanturn\n|-crit|p1a: Lanturn\n|-damage|p1a: Lanturn|39\/100\n|move|p1a: Lanturn|Scald|p2a: Burning dogo\n|-damage|p2a: Burning dogo|75\/100\n|\n|-heal|p1a: Lanturn|45\/100|[from] item: Leftovers\n|upkeep\n|turn|2\n|\n|t:|1700832273\n|move|p1a: Lanturn|Protect|p1a: Lanturn\n|-singleturn|p1a: Lanturn|Protect\n|move|p2a: Burning dogo|Extreme Speed|p1a: Lanturn\n|-activate|p1a: Lanturn|move: Protect\n|\n|-heal|p1a: Lanturn|51\/100|[from] item: Leftovers\n|upkeep\n|turn|3\n|\n|t:|1700832277\n|move|p2a: Burning dogo|Extreme Speed|p1a: Lanturn\n|-damage|p1a: Lanturn|11\/100\n|move|p1a: Lanturn|Scald|p2a: Burning dogo\n|-damage|p2a: Burning dogo|48\/100\n|\n|-heal|p1a: Lanturn|17\/100|[from] item: Leftovers\n|upkeep\n|turn|4\n|\n|t:|1700832283\n|switch|p1a: Chandelure|Chandelure, M|100\/100\n|move|p2a: Burning dogo|Extreme Speed|p1a: Chandelure\n|-immune|p1a: Chandelure\n|\n|upkeep\n|turn|5\n|\n|t:|1700832290\n|move|p2a: Burning dogo|Stone Edge|p1a: Chandelure\n|-supereffective|p1a: Chandelure\n|-damage|p1a: Chandelure|8\/100\n|move|p1a: Chandelure|Flamethrower|p2a: Burning dogo\n|-damage|p2a: Burning dogo|0 fnt\n|faint|p2a: Burning dogo\n|\n|upkeep\n|\n|t:|1700832294\n|switch|p2a: Peter rabit|Lopunny, F|100\/100\n|turn|6\n|\n|t:|1700832304\n|switch|p1a: Golisopod|Golisopod, F|100\/100\n|detailschange|p2a: Peter rabit|Lopunny-Mega, F\n|-mega|p2a: Peter rabit|Lopunny|Lopunnite\n|move|p2a: Peter rabit|Fake Out|p1a: Golisopod\n|-damage|p1a: Golisopod|85\/100\n|\n|upkeep\n|turn|7\n|\n|t:|1700832313\n|move|p2a: Peter rabit|Return|p1a: Golisopod\n|-damage|p1a: Golisopod|43\/100\n|-activate|p1a: Golisopod|ability: Emergency Exit\n|\n|t:|1700832329\n|switch|p1a: Chandelure|Chandelure, M|8\/100\n|\n|upkeep\n|turn|8\n|\n|t:|1700832333\n|move|p2a: Peter rabit|Return|p1a: Chandelure\n|-damage|p1a: Chandelure|0 fnt\n|-status|p2a: Peter rabit|brn|[from] ability: Flame Body|[of] p1a: Chandelure\n|faint|p1a: Chandelure\n|\n|-damage|p2a: Peter rabit|95\/100 brn|[from] brn\n|upkeep\n|\n|t:|1700832339\n|switch|p1a: Golisopod|Golisopod, F|43\/100\n|turn|9\n|\n|t:|1700832343\n|move|p2a: Peter rabit|Return|p1a: Golisopod\n|-damage|p1a: Golisopod|22\/100\n|move|p1a: Golisopod|Leech Life|p2a: Peter rabit\n|-resisted|p2a: Peter rabit\n|-damage|p2a: Peter rabit|64\/100 brn\n|-heal|p1a: Golisopod|34\/100|[from] drain|[of] p2a: Peter rabit\n|\n|-damage|p2a: Peter rabit|58\/100 brn|[from] brn\n|upkeep\n|turn|10\n|\n|t:|1700832351\n|move|p2a: Peter rabit|U-turn|p1a: Golisopod\n|-damage|p1a: Golisopod|26\/100\n|\n|t:|1700832352\n|switch|p2a: Goldengo|Aegislash, F|100\/100|[from] U-turn\n|move|p1a: Golisopod|Leech Life|p2a: Goldengo\n|-resisted|p2a: Goldengo\n|-damage|p2a: Goldengo|92\/100\n|-heal|p1a: Golisopod|30\/100|[from] drain|[of] p2a: Goldengo\n|\n|-heal|p2a: Goldengo|99\/100|[from] item: Leftovers\n|upkeep\n|turn|11\n|\n|t:|1700832362\n|switch|p1a: Goodra|Goodra, F|100\/100\n|move|p2a: Goldengo|Swords Dance|p2a: Goldengo\n|-boost|p2a: Goldengo|atk|2\n|\n|-heal|p2a: Goldengo|100\/100|[from] item: Leftovers\n|upkeep\n|turn|12\n|\n|t:|1700832366\n|move|p2a: Goldengo|King's Shield|p2a: Goldengo\n|-singleturn|p2a: Goldengo|Protect\n|move|p1a: Goodra|Fire Blast|p2a: Goldengo\n|-activate|p2a: Goldengo|move: Protect\n|\n|upkeep\n|turn|13\n|\n|t:|1700832378\n|move|p1a: Goodra|Fire Blast|p2a: Goldengo\n|-supereffective|p2a: Goldengo\n|-damage|p2a: Goldengo|44\/100\n|-formechange|p2a: Goldengo|Aegislash-Blade||[from] ability: Stance Change\n|move|p2a: Goldengo|Iron Head|p1a: Goodra\n|-damage|p1a: Goodra|0 fnt\n|faint|p1a: Goodra\n|\n|-heal|p2a: Goldengo|50\/100|[from] item: Leftovers\n|upkeep\n|\n|t:|1700832386\n|switch|p1a: Greninja|Greninja, M|100\/100\n|turn|14\n|\n|t:|1700832388\n|-formechange|p2a: Goldengo|Aegislash||[from] ability: Stance Change\n|move|p2a: Goldengo|King's Shield|p2a: Goldengo\n|-singleturn|p2a: Goldengo|Protect\n|move|p1a: Greninja|Dark Pulse|p2a: Goldengo\n|-activate|p2a: Goldengo|move: Protect\n|\n|-heal|p2a: Goldengo|56\/100|[from] item: Leftovers\n|upkeep\n|turn|15\n|\n|t:|1700832399\n|move|p1a: Greninja|Dark Pulse|p2a: Goldengo\n|-supereffective|p2a: Goldengo\n|-damage|p2a: Goldengo|0 fnt\n|faint|p2a: Goldengo\n|-ability|p1a: Greninja|Battle Bond|boost\n|-boost|p1a: Greninja|atk|1\n|-boost|p1a: Greninja|spa|1\n|-boost|p1a: Greninja|spe|1\n|-activate|p1a: Greninja|ability: Battle Bond\n|-damage|p1a: Greninja|91\/100|[from] item: Life Orb\n|\n|upkeep\n|\n|t:|1700832404\n|switch|p2a: Dream|Ogerpon-Wellspring, F|100\/100\n|turn|16\n|\n|t:|1700832415\n|move|p1a: Greninja|Dark Pulse|p2a: Dream\n|-damage|p2a: Dream|21\/100\n|-damage|p1a: Greninja|81\/100|[from] item: Life Orb\n|move|p2a: Dream|Horn Leech|p1a: Greninja\n|-supereffective|p1a: Greninja\n|-damage|p1a: Greninja|0 fnt\n|-heal|p2a: Dream|59\/100|[from] drain|[of] p1a: Greninja\n|faint|p1a: Greninja\n|\n|upkeep\n|\n|t:|1700832424\n|switch|p1a: Serperior|Serperior, M|100\/100\n|turn|17\n|\n|t:|1700832427\n|move|p1a: Serperior|Leaf Storm|p2a: Dream\n|-damage|p2a: Dream|9\/100\n|-boost|p1a: Serperior|spa|2\n|move|p2a: Dream|Knock Off|p1a: Serperior\n|-damage|p1a: Serperior|57\/100\n|-enditem|p1a: Serperior|Leftovers|[from] move: Knock Off|[of] p2a: Dream\n|\n|upkeep\n|turn|18\n|\n|t:|1700832438\n|move|p1a: Serperior|Leaf Storm|p2a: Dream\n|-damage|p2a: Dream|0 fnt\n|-boost|p1a: Serperior|spa|2\n|faint|p2a: Dream\n|\n|upkeep\n|\n|t:|1700832440\n|switch|p2a: iron birb|Corviknight, F|100\/100\n|-ability|p2a: iron birb|Pressure\n|turn|19\n|\n|t:|1700832448\n|move|p1a: Serperior|Substitute|p1a: Serperior\n|-start|p1a: Serperior|Substitute\n|-damage|p1a: Serperior|32\/100\n|move|p2a: iron birb|Brave Bird|p1a: Serperior\n|-supereffective|p1a: Serperior\n|-end|p1a: Serperior|Substitute\n|-damage|p2a: iron birb|94\/100|[from] Recoil|[of] p1a: Serperior\n|\n|upkeep\n|turn|20\n|\n|t:|1700832458\n|move|p1a: Serperior|Hidden Power|p2a: iron birb\n|-damage|p2a: iron birb|67\/100\n|move|p2a: iron birb|Brave Bird|p1a: Serperior\n|-supereffective|p1a: Serperior\n|-damage|p1a: Serperior|0 fnt\n|faint|p1a: Serperior\n|-damage|p2a: iron birb|59\/100|[from] Recoil\n|\n|upkeep\n|\n|t:|1700832466\n|switch|p1a: Lanturn|Lanturn, M|17\/100\n|turn|21\n|\n|t:|1700832471\n|switch|p2a: Peter rabit|Lopunny-Mega, F|58\/100 brn\n|move|p1a: Lanturn|Protect||[still]\n|-fail|p1a: Lanturn\n|\n|-heal|p1a: Lanturn|23\/100|[from] item: Leftovers\n|-damage|p2a: Peter rabit|52\/100 brn|[from] brn\n|upkeep\n|turn|22\n|\n|t:|1700832485\n|move|p1a: Lanturn|Protect|p1a: Lanturn\n|-singleturn|p1a: Lanturn|Protect\n|move|p2a: Peter rabit|Return|p1a: Lanturn\n|-activate|p1a: Lanturn|move: Protect\n|\n|-heal|p1a: Lanturn|29\/100|[from] item: Leftovers\n|-damage|p2a: Peter rabit|46\/100 brn|[from] brn\n|upkeep\n|turn|23\n|\n|t:|1700832498\n|switch|p1a: Golisopod|Golisopod, F|30\/100\n|move|p2a: Peter rabit|High Jump Kick|p1a: Golisopod|[miss]\n|-miss|p2a: Peter rabit|p1a: Golisopod\n|-damage|p2a: Peter rabit|0 fnt|[from] highjumpkick\n|faint|p2a: Peter rabit\n|\n|upkeep\n|\n|t:|1700832503\n|switch|p2a: iron birb|Corviknight, F|59\/100\n|-ability|p2a: iron birb|Pressure\n|turn|24\n|\n|t:|1700832512\n|move|p2a: iron birb|Brave Bird|p1a: Golisopod\n|-supereffective|p1a: Golisopod\n|-damage|p1a: Golisopod|0 fnt\n|faint|p1a: Golisopod\n|-damage|p2a: iron birb|50\/100|[from] Recoil\n|\n|upkeep\n|\n|t:|1700832515\n|switch|p1a: Lanturn|Lanturn, M|29\/100\n|turn|25\n|\n|t:|1700832519\n|move|p2a: iron birb|Brave Bird|p1a: Lanturn\n|-resisted|p1a: Lanturn\n|-damage|p1a: Lanturn|9\/100\n|-damage|p2a: iron birb|44\/100|[from] Recoil\n|move|p1a: Lanturn|Volt Switch|p2a: iron birb\n|-supereffective|p2a: iron birb\n|-damage|p2a: iron birb|17\/100\n|\n|-heal|p1a: Lanturn|15\/100|[from] item: Leftovers\n|upkeep\n|turn|26\n|\n|t:|1700832526\n|move|p1a: Lanturn|Protect|p1a: Lanturn\n|-singleturn|p1a: Lanturn|Protect\n|move|p2a: iron birb|Brave Bird|p1a: Lanturn\n|-activate|p1a: Lanturn|move: Protect\n|\n|-heal|p1a: Lanturn|21\/100|[from] item: Leftovers\n|upkeep\n|turn|27\n|\n|t:|1700832531\n|move|p1a: Lanturn|Volt Switch|p2a: iron birb\n|-supereffective|p2a: iron birb\n|-damage|p2a: iron birb|0 fnt\n|faint|p2a: iron birb\n|\n|-heal|p1a: Lanturn|27\/100|[from] item: Leftovers\n|upkeep\n|\n|t:|1700832533\n|switch|p2a: Flying crab|Gliscor, M, shiny|100\/100\n|turn|28\n|\n|t:|1700832540\n|-terastallize|p1a: Lanturn|Flying\n|move|p2a: Flying crab|Earthquake|p1a: Lanturn\n|-immune|p1a: Lanturn\n|move|p1a: Lanturn|Scald|p2a: Flying crab\n|-supereffective|p2a: Flying crab\n|-damage|p2a: Flying crab|43\/100\n|\n|-heal|p1a: Lanturn|33\/100|[from] item: Leftovers\n|-status|p2a: Flying crab|tox|[from] item: Toxic Orb\n|upkeep\n|turn|29\n|\n|t:|1700832548\n|move|p2a: Flying crab|Knock Off|p1a: Lanturn\n|-damage|p1a: Lanturn|10\/100\n|-enditem|p1a: Lanturn|Leftovers|[from] move: Knock Off|[of] p2a: Flying crab\n|move|p1a: Lanturn|Scald|p2a: Flying crab\n|-supereffective|p2a: Flying crab\n|-damage|p2a: Flying crab|0 fnt\n|faint|p2a: Flying crab\n|\n|win|keiferww\n|raw|keiferww's rating: 1129 &rarr; <strong>1156<\/strong><br \/>(+27 for winning)\n|raw|Get Bottied's rating: 1156 &rarr; <strong>1129<\/strong><br \/>(-27 for losing)\n|l|\u2606Get Bottied\n","uploadtime":1700832557,"views":2,"p1id":"keiferww","p2id":"getbottied","formatid":"gen9nationaldex","rating":1129,"private":0,"password":""}