{"id":"gen9nationaldex-1987948763","p1":"PeppsiAsiEs","p2":"DeltaTM06","format":"[Gen 9] National Dex","log":"|j|\u2606PeppsiAsiEs\n|j|\u2606DeltaTM06\n|t:|1699652154\n|gametype|singles\n|player|p1|PeppsiAsiEs|bellelba|1123\n|player|p2|DeltaTM06|erika|1081\n|teamsize|p1|6\n|teamsize|p2|6\n|gen|9\n|tier|[Gen 9] National Dex\n|rated|\n|rule|HP Percentage Mod: HP is shown in percentages\n|rule|Endless Battle Clause: Forcing endless battles is banned\n|rule|OHKO Clause: OHKO moves are banned\n|rule|Evasion Clause: Evasion abilities, items, and moves are banned\n|rule|Evasion Abilities Clause: Evasion abilities are banned\n|rule|Evasion Items Clause: Evasion items are banned\n|rule|Evasion Moves Clause: Evasion moves are banned\n|rule|Species Clause: Limit one of each Pok\u00e9mon\n|rule|Sleep Clause Mod: Limit one foe put to sleep\n|clearpoke\n|poke|p1|Alomomola, F|\n|poke|p1|Ferrothorn, F|\n|poke|p1|Chandelure, F|\n|poke|p1|Landorus-Therian, M|\n|poke|p1|Hydreigon, M|\n|poke|p1|Samurott-Hisui, M|\n|poke|p2|Mamoswine, M|\n|poke|p2|Darmanitan, F|\n|poke|p2|Slowking-Galar, M|\n|poke|p2|Ambipom, M|\n|poke|p2|Sawsbuck-Winter, M|\n|poke|p2|Krookodile, F|\n|teampreview\n|\n|t:|1699652177\n|start\n|switch|p1a: Alomomola|Alomomola, F|100\/100\n|switch|p2a: Bowser|Mamoswine, M|100\/100\n|turn|1\n|\n|t:|1699652182\n|move|p2a: Bowser|Stealth Rock|p1a: Alomomola\n|-sidestart|p1: PeppsiAsiEs|move: Stealth Rock\n|move|p1a: Alomomola|Toxic|p2a: Bowser\n|-status|p2a: Bowser|tox\n|\n|-damage|p2a: Bowser|94\/100 tox|[from] psn\n|upkeep\n|turn|2\n|\n|t:|1699652192\n|switch|p2a: Need some dome rn|Slowking-Galar, M|100\/100\n|move|p1a: Alomomola|Scald|p2a: Need some dome rn\n|-damage|p2a: Need some dome rn|94\/100\n|\n|upkeep\n|turn|3\n|\n|t:|1699652203\n|switch|p1a: Landorus|Landorus-Therian, M, shiny|100\/100\n|-damage|p1a: Landorus|88\/100|[from] Stealth Rock\n|-ability|p1a: Landorus|Intimidate|boost\n|-unboost|p2a: Need some dome rn|atk|1\n|move|p2a: Need some dome rn|Sludge Wave|p1a: Landorus\n|-resisted|p1a: Landorus\n|-damage|p1a: Landorus|69\/100\n|\n|upkeep\n|turn|4\n|\n|t:|1699652213\n|switch|p2a: BucksLikeMilwaukee|Sawsbuck-Winter, M|100\/100\n|move|p1a: Landorus|Stealth Rock|p2a: BucksLikeMilwaukee\n|-sidestart|p2: DeltaTM06|move: Stealth Rock\n|\n|upkeep\n|turn|5\n|\n|t:|1699652222\n|move|p2a: BucksLikeMilwaukee|Horn Leech|p1a: Landorus\n|-damage|p1a: Landorus|30\/100\n|move|p1a: Landorus|U-turn|p2a: BucksLikeMilwaukee\n|-supereffective|p2a: BucksLikeMilwaukee\n|-damage|p2a: BucksLikeMilwaukee|31\/100\n|\n|t:|1699652231\n|switch|p1a: Hydreigon|Hydreigon, M|100\/100|[from] U-turn\n|-damage|p1a: Hydreigon|88\/100|[from] Stealth Rock\n|\n|upkeep\n|turn|6\n|\n|t:|1699652242\n|move|p1a: Hydreigon|Flamethrower|p2a: BucksLikeMilwaukee\n|-supereffective|p2a: BucksLikeMilwaukee\n|-damage|p2a: BucksLikeMilwaukee|0 fnt\n|faint|p2a: BucksLikeMilwaukee\n|-damage|p1a: Hydreigon|78\/100|[from] item: Life Orb\n|\n|upkeep\n|\n|t:|1699652264\n|switch|p2a: Ballin'|Darmanitan, F, shiny|100\/100\n|-damage|p2a: Ballin'|76\/100|[from] Stealth Rock\n|turn|7\n|\n|t:|1699652286\n|switch|p1a: Chandelure|Chandelure, F|100\/100\n|-damage|p1a: Chandelure|76\/100|[from] Stealth Rock\n|move|p2a: Ballin'|U-turn|p1a: Chandelure\n|-resisted|p1a: Chandelure\n|-damage|p1a: Chandelure|66\/100\n|\n|t:|1699652302\n|switch|p2a: Hail to the King|Krookodile, F|100\/100|[from] U-turn\n|-damage|p2a: Hail to the King|94\/100|[from] Stealth Rock\n|\n|upkeep\n|turn|8\n|\n|t:|1699652308\n|move|p2a: Hail to the King|Knock Off|p1a: Chandelure\n|-supereffective|p1a: Chandelure\n|-crit|p1a: Chandelure\n|-damage|p1a: Chandelure|0 fnt\n|-enditem|p1a: Chandelure|Choice Scarf|[from] move: Knock Off|[of] p2a: Hail to the King\n|faint|p1a: Chandelure\n|-ability|p2a: Hail to the King|Moxie|boost\n|-boost|p2a: Hail to the King|atk|1\n|\n|upkeep\n|\n|t:|1699652315\n|switch|p1a: Alomomola|Alomomola, F|100\/100\n|-damage|p1a: Alomomola|88\/100|[from] Stealth Rock\n|turn|9\n|c|\u2606DeltaTM06|based scarf chandi\n|\n|t:|1699652323\n|move|p2a: Hail to the King|Knock Off|p1a: Alomomola\n|-damage|p1a: Alomomola|49\/100\n|-enditem|p1a: Alomomola|Leftovers|[from] move: Knock Off|[of] p2a: Hail to the King\n|move|p1a: Alomomola|Toxic|p2a: Hail to the King\n|-status|p2a: Hail to the King|tox\n|\n|-damage|p2a: Hail to the King|88\/100 tox|[from] psn\n|upkeep\n|turn|10\n|\n|t:|1699652330\n|move|p2a: Hail to the King|Knock Off|p1a: Alomomola\n|-damage|p1a: Alomomola|20\/100\n|move|p1a: Alomomola|Wish|p1a: Alomomola\n|\n|-damage|p2a: Hail to the King|76\/100 tox|[from] psn\n|upkeep\n|turn|11\n|\n|t:|1699652350\n|switch|p2a: Slappy Doo|Ambipom, M, shiny|100\/100\n|-damage|p2a: Slappy Doo|88\/100|[from] Stealth Rock\n|move|p1a: Alomomola|Protect||[still]\n|-fail|p1a: Alomomola\n|\n|-heal|p1a: Alomomola|70\/100|[from] move: Wish|[wisher] Alomomola\n|upkeep\n|turn|12\n|\n|t:|1699652363\n|move|p2a: Slappy Doo|Fake Out|p1a: Alomomola\n|-damage|p1a: Alomomola|54\/100\n|cant|p1a: Alomomola|flinch\n|\n|upkeep\n|turn|13\n|\n|t:|1699652370\n|move|p2a: Slappy Doo|U-turn|p1a: Alomomola\n|-damage|p1a: Alomomola|41\/100\n|\n|t:|1699652373\n|switch|p2a: Need some dome rn|Slowking-Galar, M|100\/100|[from] U-turn\n|-damage|p2a: Need some dome rn|88\/100|[from] Stealth Rock\n|move|p1a: Alomomola|Wish|p1a: Alomomola\n|\n|upkeep\n|turn|14\n|\n|t:|1699652379\n|move|p1a: Alomomola|Protect|p1a: Alomomola\n|-singleturn|p1a: Alomomola|Protect\n|move|p2a: Need some dome rn|Future Sight|p1a: Alomomola\n|-start|p2a: Need some dome rn|move: Future Sight\n|\n|-heal|p1a: Alomomola|91\/100|[from] move: Wish|[wisher] Alomomola\n|upkeep\n|turn|15\n|\n|t:|1699652396\n|switch|p1a: Hydreigon|Hydreigon, M|78\/100\n|-damage|p1a: Hydreigon|66\/100|[from] Stealth Rock\n|move|p2a: Need some dome rn|Psyshock|p1a: Hydreigon\n|-immune|p1a: Hydreigon\n|\n|upkeep\n|turn|16\n|\n|t:|1699652404\n|move|p1a: Hydreigon|Substitute|p1a: Hydreigon\n|-start|p1a: Hydreigon|Substitute\n|-damage|p1a: Hydreigon|41\/100\n|move|p2a: Need some dome rn|Sludge Wave|p1a: Hydreigon\n|-end|p1a: Hydreigon|Substitute\n|\n|-end|p1a: Hydreigon|move: Future Sight\n|-immune|p1a: Hydreigon\n|upkeep\n|turn|17\n|\n|t:|1699652413\n|move|p1a: Hydreigon|Nasty Plot|p1a: Hydreigon\n|-boost|p1a: Hydreigon|spa|2\n|move|p2a: Need some dome rn|Sludge Wave|p1a: Hydreigon\n|-damage|p1a: Hydreigon|0 fnt\n|faint|p1a: Hydreigon\n|\n|upkeep\n|-message|PeppsiAsiEs forfeited.\n|\n|win|DeltaTM06\n|raw|PeppsiAsiEs's rating: 1123 &rarr; <strong>1095<\/strong><br \/>(-28 for losing)\n|raw|DeltaTM06's rating: 1081 &rarr; <strong>1112<\/strong><br \/>(+31 for winning)\n|l|\u2606PeppsiAsiEs\n","uploadtime":1699652427,"views":9,"p1id":"peppsiasies","p2id":"deltatm06","formatid":"gen9nationaldex","rating":1095,"private":0,"password":""}