{"id":"gen9nationaldex-1991926082","p1":"radical63","p2":"Feuertraene","format":"[Gen 9] National Dex","log":"|j|\u2606radical63\n|j|\u2606Feuertraene\n|t:|1700138982\n|gametype|singles\n|player|p1|radical63|iono|1588\n|player|p2|Feuertraene|cynthia-gen4|1613\n|teamsize|p1|6\n|teamsize|p2|6\n|gen|9\n|tier|[Gen 9] National Dex\n|rated|\n|rule|HP Percentage Mod: HP is shown in percentages\n|rule|Endless Battle Clause: Forcing endless battles is banned\n|rule|OHKO Clause: OHKO moves are banned\n|rule|Evasion Clause: Evasion abilities, items, and moves are banned\n|rule|Evasion Abilities Clause: Evasion abilities are banned\n|rule|Evasion Items Clause: Evasion items are banned\n|rule|Evasion Moves Clause: Evasion moves are banned\n|rule|Species Clause: Limit one of each Pok\u00e9mon\n|rule|Sleep Clause Mod: Limit one foe put to sleep\n|clearpoke\n|poke|p1|Aerodactyl, F|\n|poke|p1|Alomomola, M|\n|poke|p1|Tapu Lele|\n|poke|p1|Garchomp, F|\n|poke|p1|Iron Treads|\n|poke|p1|Hydreigon, M|\n|poke|p2|Weavile, M|\n|poke|p2|Tapu Lele|\n|poke|p2|Ferrothorn, M|\n|poke|p2|Zapdos|\n|poke|p2|Gliscor, F|\n|poke|p2|Ogerpon-Wellspring, F|\n|teampreview\n|inactive|Battle timer is ON: inactive players will automatically lose when time's up. (requested by Feuertraene)\n|inactive|Feuertraene has 120 seconds left.\n|\n|t:|1700139022\n|start\n|switch|p1a: Aerodactyl|Aerodactyl, F|100\/100\n|switch|p2a: Ferrothorn|Ferrothorn, M|100\/100\n|-ability|p1a: Aerodactyl|Unnerve\n|turn|1\n|\n|t:|1700139033\n|switch|p1a: Garchomp|Garchomp, F|100\/100\n|move|p2a: Ferrothorn|Gyro Ball|p1a: Garchomp\n|-damage|p1a: Garchomp|69\/100\n|-damage|p2a: Ferrothorn|88\/100|[from] ability: Rough Skin|[of] p1a: Garchomp\n|-damage|p2a: Ferrothorn|72\/100|[from] item: Rocky Helmet|[of] p1a: Garchomp\n|\n|-heal|p2a: Ferrothorn|78\/100|[from] item: Leftovers\n|upkeep\n|turn|2\n|\n|t:|1700139045\n|move|p1a: Garchomp|Stealth Rock|p2a: Ferrothorn\n|-sidestart|p2: Feuertraene|move: Stealth Rock\n|move|p2a: Ferrothorn|Leech Seed|p1a: Garchomp\n|-start|p1a: Garchomp|move: Leech Seed\n|\n|-heal|p2a: Ferrothorn|84\/100|[from] item: Leftovers\n|-damage|p1a: Garchomp|56\/100|[from] Leech Seed|[of] p2a: Ferrothorn\n|-heal|p2a: Ferrothorn|99\/100|[silent]\n|upkeep\n|turn|3\n|\n|t:|1700139063\n|switch|p1a: Hydreigon|Hydreigon, M|100\/100\n|switch|p2a: Zapdos|Zapdos|100\/100\n|\n|upkeep\n|turn|4\n|\n|t:|1700139082\n|move|p1a: Hydreigon|Dark Pulse|p2a: Zapdos\n|-damage|p2a: Zapdos|60\/100\n|move|p2a: Zapdos|Defog|p1a: Hydreigon\n|-unboost|p1a: Hydreigon|evasion|1\n|-sideend|p2: Feuertraene|Stealth Rock|[from] move: Defog|[of] p2a: Zapdos\n|\n|upkeep\n|turn|5\n|\n|t:|1700139097\n|switch|p2a: Gliscor|Gliscor, F|100\/100\n|move|p1a: Hydreigon|Nasty Plot|p1a: Hydreigon\n|-boost|p1a: Hydreigon|spa|2\n|\n|-status|p2a: Gliscor|tox|[from] item: Toxic Orb\n|upkeep\n|turn|6\n|\n|t:|1700139102\n|move|p1a: Hydreigon|Dark Pulse|p2a: Gliscor\n|-damage|p2a: Gliscor|29\/100 tox\n|move|p2a: Gliscor|Toxic|p1a: Hydreigon\n|-status|p1a: Hydreigon|tox\n|\n|-damage|p1a: Hydreigon|94\/100 tox|[from] psn\n|-heal|p2a: Gliscor|42\/100 tox|[from] ability: Poison Heal\n|upkeep\n|turn|7\n|inactive|Feuertraene has 120 seconds left.\n|\n|t:|1700139146\n|switch|p2a: Zapdos|Zapdos|60\/100\n|move|p1a: Hydreigon|Dark Pulse|p2a: Zapdos\n|-damage|p2a: Zapdos|0 fnt\n|faint|p2a: Zapdos\n|\n|-heal|p1a: Hydreigon|100\/100 tox|[from] item: Leftovers\n|-damage|p1a: Hydreigon|88\/100 tox|[from] psn\n|upkeep\n|inactive|Feuertraene has 90 seconds left.\n|\n|t:|1700139168\n|switch|p2a: Weavile|Weavile, M|100\/100\n|-ability|p2a: Weavile|Pressure\n|turn|8\n|\n|t:|1700139173\n|switch|p1a: Alomomola|Alomomola, M|100\/100\n|move|p2a: Weavile|Triple Axel|p1a: Alomomola\n|-resisted|p1a: Alomomola\n|-damage|p1a: Alomomola|96\/100\n|-resisted|p1a: Alomomola\n|-damage|p1a: Alomomola|88\/100\n|-resisted|p1a: Alomomola\n|-damage|p1a: Alomomola|75\/100\n|-hitcount|p1a: Alomomola|3\n|\n|upkeep\n|turn|9\n|inactive|Feuertraene has 90 seconds left.\n|\n|t:|1700139208\n|switch|p2a: Ferrothorn|Ferrothorn, M|99\/100\n|move|p1a: Alomomola|Flip Turn|p2a: Ferrothorn\n|-resisted|p2a: Ferrothorn\n|-damage|p2a: Ferrothorn|94\/100\n|-damage|p1a: Alomomola|62\/100|[from] ability: Iron Barbs|[of] p2a: Ferrothorn\n|\n|t:|1700139212\n|switch|p1a: Hydreigon|Hydreigon, M|88\/100 tox|[from] Flip Turn\n|\n|-heal|p1a: Hydreigon|94\/100 tox|[from] item: Leftovers\n|-heal|p2a: Ferrothorn|99\/100|[from] item: Leftovers\n|-damage|p1a: Hydreigon|88\/100 tox|[from] psn\n|upkeep\n|turn|10\n|\n|t:|1700139218\n|move|p1a: Hydreigon|Substitute|p1a: Hydreigon\n|-start|p1a: Hydreigon|Substitute\n|-damage|p1a: Hydreigon|63\/100 tox\n|move|p2a: Ferrothorn|Gyro Ball|p1a: Hydreigon\n|-end|p1a: Hydreigon|Substitute\n|\n|-heal|p1a: Hydreigon|69\/100 tox|[from] item: Leftovers\n|-heal|p2a: Ferrothorn|100\/100|[from] item: Leftovers\n|-damage|p1a: Hydreigon|57\/100 tox|[from] psn\n|upkeep\n|turn|11\n|\n|t:|1700139235\n|switch|p1a: Alomomola|Alomomola, M|95\/100\n|move|p2a: Ferrothorn|Gyro Ball|p1a: Alomomola\n|-resisted|p1a: Alomomola\n|-damage|p1a: Alomomola|86\/100\n|\n|upkeep\n|turn|12\n|\n|t:|1700139242\n|move|p1a: Alomomola|Wish|p1a: Alomomola\n|move|p2a: Ferrothorn|Stealth Rock|p1a: Alomomola\n|-sidestart|p1: radical63|move: Stealth Rock\n|\n|upkeep\n|turn|13\n|\n|t:|1700139246\n|move|p1a: Alomomola|Flip Turn|p2a: Ferrothorn\n|-resisted|p2a: Ferrothorn\n|-damage|p2a: Ferrothorn|95\/100\n|-damage|p1a: Alomomola|73\/100|[from] ability: Iron Barbs|[of] p2a: Ferrothorn\n|\n|t:|1700139250\n|switch|p1a: Garchomp|Garchomp, F|56\/100|[from] Flip Turn\n|-damage|p1a: Garchomp|50\/100|[from] Stealth Rock\n|move|p2a: Ferrothorn|Knock Off|p1a: Garchomp\n|-crit|p1a: Garchomp\n|-damage|p1a: Garchomp|30\/100\n|-damage|p2a: Ferrothorn|83\/100|[from] ability: Rough Skin|[of] p1a: Garchomp\n|-damage|p2a: Ferrothorn|66\/100|[from] item: Rocky Helmet|[of] p1a: Garchomp\n|-enditem|p1a: Garchomp|Rocky Helmet|[from] move: Knock Off|[of] p2a: Ferrothorn\n|\n|-heal|p1a: Garchomp|92\/100|[from] move: Wish|[wisher] Alomomola\n|-heal|p2a: Ferrothorn|73\/100|[from] item: Leftovers\n|upkeep\n|turn|14\n|\n|t:|1700139255\n|move|p1a: Garchomp|Stealth Rock|p2a: Ferrothorn\n|-sidestart|p2: Feuertraene|move: Stealth Rock\n|move|p2a: Ferrothorn|Leech Seed|p1a: Garchomp\n|-start|p1a: Garchomp|move: Leech Seed\n|\n|-heal|p2a: Ferrothorn|79\/100|[from] item: Leftovers\n|-damage|p1a: Garchomp|79\/100|[from] Leech Seed|[of] p2a: Ferrothorn\n|-heal|p2a: Ferrothorn|94\/100|[silent]\n|upkeep\n|turn|15\n|\n|t:|1700139266\n|switch|p2a: Gliscor|Gliscor, F|42\/100 tox\n|-damage|p2a: Gliscor|29\/100 tox|[from] Stealth Rock\n|move|p1a: Garchomp|Dragon Tail|p2a: Gliscor\n|-damage|p2a: Gliscor|7\/100 tox\n|drag|p2a: Weavile|Weavile, M|100\/100\n|-damage|p2a: Weavile|76\/100|[from] Stealth Rock\n|-ability|p2a: Weavile|Pressure\n|\n|-damage|p1a: Garchomp|67\/100|[from] Leech Seed|[of] p2a: Weavile\n|-heal|p2a: Weavile|94\/100|[silent]\n|upkeep\n|turn|16\n|\n|t:|1700139277\n|switch|p1a: Alomomola|Alomomola, M|100\/100\n|move|p2a: Weavile|Knock Off|p1a: Alomomola\n|-damage|p1a: Alomomola|54\/100\n|-enditem|p1a: Alomomola|Heavy-Duty Boots|[from] move: Knock Off|[of] p2a: Weavile\n|\n|upkeep\n|turn|17\n|\n|t:|1700139293\n|switch|p2a: Gliscor|Gliscor, F|7\/100 tox\n|-damage|p2a: Gliscor|0 fnt|[from] Stealth Rock\n|faint|p2a: Gliscor\n|move|p1a: Alomomola|Flip Turn|p2: Gliscor|[notarget]\n|-fail|p1a: Alomomola\n|\n|upkeep\n|inactive|Feuertraene has 120 seconds left.\n|\n|t:|1700139317\n|switch|p2a: Tapu Lele|Tapu Lele|100\/100\n|-damage|p2a: Tapu Lele|88\/100|[from] Stealth Rock\n|-fieldstart|move: Psychic Terrain|[from] ability: Psychic Surge|[of] p2a: Tapu Lele\n|turn|18\n|\n|t:|1700139340\n|switch|p1a: Iron Treads|Iron Treads|100\/100\n|-damage|p1a: Iron Treads|98\/100|[from] Stealth Rock\n|move|p2a: Tapu Lele|Moonblast|p1a: Iron Treads\n|-resisted|p1a: Iron Treads\n|-damage|p1a: Iron Treads|84\/100\n|\n|upkeep\n|turn|19\n|\n|t:|1700139352\n|switch|p2a: Ferrothorn|Ferrothorn, M|94\/100\n|-damage|p2a: Ferrothorn|87\/100|[from] Stealth Rock\n|move|p1a: Iron Treads|Rapid Spin|p2a: Ferrothorn\n|-resisted|p2a: Ferrothorn\n|-damage|p2a: Ferrothorn|84\/100\n|-boost|p1a: Iron Treads|spe|1\n|-damage|p1a: Iron Treads|72\/100|[from] ability: Iron Barbs|[of] p2a: Ferrothorn\n|-sideend|p1: radical63|Stealth Rock|[from] move: Rapid Spin|[of] p1a: Iron Treads\n|\n|-heal|p2a: Ferrothorn|90\/100|[from] item: Leftovers\n|upkeep\n|turn|20\n|\n|t:|1700139357\n|move|p1a: Iron Treads|Knock Off|p2a: Ferrothorn\n|-damage|p2a: Ferrothorn|74\/100\n|-damage|p1a: Iron Treads|60\/100|[from] ability: Iron Barbs|[of] p2a: Ferrothorn\n|-enditem|p2a: Ferrothorn|Leftovers|[from] move: Knock Off|[of] p1a: Iron Treads\n|move|p2a: Ferrothorn|Stealth Rock|p1a: Iron Treads\n|-sidestart|p1: radical63|move: Stealth Rock\n|\n|upkeep\n|turn|21\n|\n|t:|1700139373\n|-end|p1a: Iron Treads|Quark Drive|[silent]\n|switch|p1a: Alomomola|Alomomola, M|87\/100\n|-damage|p1a: Alomomola|75\/100|[from] Stealth Rock\n|move|p2a: Ferrothorn|Knock Off|p1a: Alomomola\n|-damage|p1a: Alomomola|67\/100\n|\n|upkeep\n|turn|22\n|\n|t:|1700139379\n|move|p1a: Alomomola|Wish|p1a: Alomomola\n|move|p2a: Ferrothorn|Leech Seed|p1a: Alomomola\n|-start|p1a: Alomomola|move: Leech Seed\n|\n|-damage|p1a: Alomomola|54\/100|[from] Leech Seed|[of] p2a: Ferrothorn\n|-heal|p2a: Ferrothorn|93\/100|[silent]\n|-fieldend|move: Psychic Terrain\n|upkeep\n|turn|23\n|\n|t:|1700139384\n|move|p1a: Alomomola|Flip Turn|p2a: Ferrothorn\n|-resisted|p2a: Ferrothorn\n|-damage|p2a: Ferrothorn|88\/100\n|-damage|p1a: Alomomola|42\/100|[from] ability: Iron Barbs|[of] p2a: Ferrothorn\n|\n|t:|1700139390\n|switch|p1a: Garchomp|Garchomp, F|67\/100|[from] Flip Turn\n|-damage|p1a: Garchomp|61\/100|[from] Stealth Rock\n|move|p2a: Ferrothorn|Leech Seed|p1a: Garchomp\n|-start|p1a: Garchomp|move: Leech Seed\n|\n|-heal|p1a: Garchomp|100\/100|[from] move: Wish|[wisher] Alomomola\n|-damage|p1a: Garchomp|88\/100|[from] Leech Seed|[of] p2a: Ferrothorn\n|-heal|p2a: Ferrothorn|100\/100|[silent]\n|upkeep\n|turn|24\n|\n|t:|1700139403\n|switch|p1a: Alomomola|Alomomola, M|75\/100\n|-damage|p1a: Alomomola|63\/100|[from] Stealth Rock\n|move|p2a: Ferrothorn|Gyro Ball|p1a: Alomomola\n|-resisted|p1a: Alomomola\n|-damage|p1a: Alomomola|53\/100\n|\n|upkeep\n|turn|25\n|\n|t:|1700139407\n|move|p1a: Alomomola|Wish|p1a: Alomomola\n|move|p2a: Ferrothorn|Leech Seed|p1a: Alomomola\n|-start|p1a: Alomomola|move: Leech Seed\n|\n|-damage|p1a: Alomomola|41\/100|[from] Leech Seed|[of] p2a: Ferrothorn\n|upkeep\n|turn|26\n|\n|t:|1700139413\n|switch|p1a: Iron Treads|Iron Treads|60\/100\n|-damage|p1a: Iron Treads|57\/100|[from] Stealth Rock\n|switch|p2a: Ogerpon|Ogerpon-Wellspring, F|100\/100\n|-damage|p2a: Ogerpon|88\/100|[from] Stealth Rock\n|\n|-heal|p1a: Iron Treads|100\/100|[from] move: Wish|[wisher] Alomomola\n|upkeep\n|turn|27\n|\n|t:|1700139424\n|-end|p1a: Iron Treads|Quark Drive|[silent]\n|switch|p1a: Garchomp|Garchomp, F|88\/100\n|-damage|p1a: Garchomp|82\/100|[from] Stealth Rock\n|move|p2a: Ogerpon|Swords Dance|p2a: Ogerpon\n|-boost|p2a: Ogerpon|atk|2\n|\n|upkeep\n|turn|28\n|\n|t:|1700139435\n|-terastallize|p2a: Ogerpon|Water\n|detailschange|p2a: Ogerpon|Ogerpon-Wellspring-Tera, F, tera:Water\n|-ability|p2a: Ogerpon|Embody Aspect (Wellspring)|boost\n|-boost|p2a: Ogerpon|spd|1\n|-terastallize|p1a: Garchomp|Dragon\n|move|p2a: Ogerpon|Ivy Cudgel|p1a: Garchomp|[anim] Ivy Cudgel Water\n|-resisted|p1a: Garchomp\n|-damage|p1a: Garchomp|34\/100\n|move|p1a: Garchomp|Dragon Tail|p2a: Ogerpon\n|-damage|p2a: Ogerpon|39\/100\n|drag|p2a: Ferrothorn|Ferrothorn, M|100\/100\n|-damage|p2a: Ferrothorn|94\/100|[from] Stealth Rock\n|\n|upkeep\n|turn|29\n|\n|t:|1700139461\n|switch|p1a: Alomomola|Alomomola, M|74\/100\n|-damage|p1a: Alomomola|62\/100|[from] Stealth Rock\n|move|p2a: Ferrothorn|Leech Seed|p1a: Alomomola\n|-start|p1a: Alomomola|move: Leech Seed\n|\n|-damage|p1a: Alomomola|50\/100|[from] Leech Seed|[of] p2a: Ferrothorn\n|-heal|p2a: Ferrothorn|100\/100|[silent]\n|upkeep\n|turn|30\n|inactive|Feuertraene has 120 seconds left.\n|\n|t:|1700139477\n|switch|p2a: Ogerpon|Ogerpon-Wellspring-Tera, F, tera:Water|39\/100\n|-damage|p2a: Ogerpon|27\/100|[from] Stealth Rock\n|-ability|p2a: Ogerpon|Embody Aspect (Wellspring)|boost\n|-boost|p2a: Ogerpon|spd|1\n|move|p1a: Alomomola|Flip Turn|p2a: Ogerpon\n|-resisted|p2a: Ogerpon\n|-damage|p2a: Ogerpon|16\/100\n|\n|t:|1700139489\n|switch|p1a: Tapu Lele|Tapu Lele|100\/100|[from] Flip Turn\n|-damage|p1a: Tapu Lele|88\/100|[from] Stealth Rock\n|-fieldstart|move: Psychic Terrain|[from] ability: Psychic Surge|[of] p1a: Tapu Lele\n|\n|upkeep\n|turn|31\n|inactive|Feuertraene has 120 seconds left.\n|\n|t:|1700139515\n|move|p1a: Tapu Lele|Moonblast|p2a: Ogerpon\n|-damage|p2a: Ogerpon|0 fnt\n|faint|p2a: Ogerpon\n|\n|upkeep\n|\n|t:|1700139518\n|switch|p2a: Ferrothorn|Ferrothorn, M|100\/100\n|-damage|p2a: Ferrothorn|94\/100|[from] Stealth Rock\n|turn|32\n|inactive|Feuertraene has 120 seconds left.\n|\n|t:|1700139525\n|switch|p1a: Alomomola|Alomomola, M|83\/100\n|-damage|p1a: Alomomola|70\/100|[from] Stealth Rock\n|switch|p2a: Tapu Lele|Tapu Lele|88\/100\n|-damage|p2a: Tapu Lele|76\/100|[from] Stealth Rock\n|\n|upkeep\n|turn|33\n|\n|t:|1700139529\n|move|p1a: Alomomola|Protect|p1a: Alomomola\n|-singleturn|p1a: Alomomola|Protect\n|move|p2a: Tapu Lele|Focus Blast|p1a: Alomomola\n|-activate|p1a: Alomomola|move: Protect\n|\n|upkeep\n|turn|34\n|\n|t:|1700139535\n|switch|p1a: Tapu Lele|Tapu Lele|88\/100\n|-damage|p1a: Tapu Lele|76\/100|[from] Stealth Rock\n|move|p2a: Tapu Lele|Focus Blast|p1a: Tapu Lele\n|-resisted|p1a: Tapu Lele\n|-damage|p1a: Tapu Lele|65\/100\n|\n|-fieldend|move: Psychic Terrain\n|upkeep\n|turn|35\n|\n|t:|1700139540\n|switch|p2a: Ferrothorn|Ferrothorn, M|94\/100\n|-damage|p2a: Ferrothorn|88\/100|[from] Stealth Rock\n|move|p1a: Tapu Lele|Hidden Power|p2a: Ferrothorn\n|-supereffective|p2a: Ferrothorn\n|-crit|p2a: Ferrothorn\n|-damage|p2a: Ferrothorn|0 fnt\n|faint|p2a: Ferrothorn\n|\n|upkeep\n|\n|t:|1700139544\n|switch|p2a: Tapu Lele|Tapu Lele|76\/100\n|-damage|p2a: Tapu Lele|63\/100|[from] Stealth Rock\n|-fieldstart|move: Psychic Terrain|[from] ability: Psychic Surge|[of] p2a: Tapu Lele\n|turn|36\n|\n|t:|1700139553\n|switch|p1a: Hydreigon|Hydreigon, M|57\/100 tox\n|-damage|p1a: Hydreigon|45\/100 tox|[from] Stealth Rock\n|move|p2a: Tapu Lele|Moonblast|p1a: Hydreigon\n|-supereffective|p1a: Hydreigon\n|-damage|p1a: Hydreigon|0 fnt\n|faint|p1a: Hydreigon\n|\n|upkeep\n|\n|t:|1700139559\n|switch|p1a: Iron Treads|Iron Treads|100\/100\n|-damage|p1a: Iron Treads|98\/100|[from] Stealth Rock\n|turn|37\n|\n|t:|1700139564\n|switch|p2a: Weavile|Weavile, M|94\/100\n|-damage|p2a: Weavile|69\/100|[from] Stealth Rock\n|-ability|p2a: Weavile|Pressure\n|move|p1a: Iron Treads|Earthquake|p2a: Weavile\n|-damage|p2a: Weavile|9\/100\n|\n|upkeep\n|turn|38\n|j| StompBox\n|\n|t:|1700139571\n|-activate|p1a: Iron Treads|move: Pursuit\n|move|p2a: Weavile|Pursuit|p1a: Iron Treads|[from]Pursuit\n|-damage|p1a: Iron Treads|53\/100\n|-end|p1a: Iron Treads|Quark Drive|[silent]\n|switch|p1a: Garchomp|Garchomp, F, tera:Dragon|34\/100\n|-damage|p1a: Garchomp|22\/100|[from] Stealth Rock\n|\n|upkeep\n|turn|39\n|l| StompBox\n|\n|t:|1700139577\n|move|p2a: Weavile|Pursuit|p1a: Garchomp\n|-damage|p1a: Garchomp|6\/100\n|-damage|p2a: Weavile|0 fnt|[from] ability: Rough Skin|[of] p1a: Garchomp\n|faint|p2a: Weavile\n|move|p1a: Garchomp|Dragon Tail|p2: Weavile|[notarget]\n|-fail|p1a: Garchomp\n|\n|upkeep\n|\n|t:|1700139581\n|switch|p2a: Tapu Lele|Tapu Lele|63\/100\n|-damage|p2a: Tapu Lele|51\/100|[from] Stealth Rock\n|turn|40\n|\n|t:|1700139587\n|move|p2a: Tapu Lele|Moonblast|p1a: Garchomp\n|-supereffective|p1a: Garchomp\n|-damage|p1a: Garchomp|0 fnt\n|faint|p1a: Garchomp\n|\n|-fieldend|move: Psychic Terrain\n|upkeep\n|\n|t:|1700139589\n|switch|p1a: Iron Treads|Iron Treads|53\/100\n|-damage|p1a: Iron Treads|50\/100|[from] Stealth Rock\n|turn|41\n|\n|t:|1700139591\n|move|p2a: Tapu Lele|Moonblast|p1a: Iron Treads\n|-resisted|p1a: Iron Treads\n|-damage|p1a: Iron Treads|36\/100\n|move|p1a: Iron Treads|Earthquake|p2a: Tapu Lele\n|-damage|p2a: Tapu Lele|0 fnt\n|faint|p2a: Tapu Lele\n|\n|win|radical63\n|raw|radical63's rating: 1588 &rarr; <strong>1609<\/strong><br \/>(+21 for winning)\n|raw|Feuertraene's rating: 1613 &rarr; <strong>1592<\/strong><br \/>(-21 for losing)\n|l|\u2606Feuertraene\n","uploadtime":1700139599,"views":9,"p1id":"radical63","p2id":"feuertraene","formatid":"gen9nationaldex","rating":1592,"private":0,"password":""}