{"id":"gen9nationaldex-1999531139","p1":"Bad player 366","p2":"massivehumongous","format":"[Gen 9] National Dex","log":"|html|<div class=\"broadcast-blue\"><strong>[Gen 9] National Dex is currently suspecting Sneasler! For information on how to participate check out the <a href=\"https:\/\/www.smogon.com\/forums\/threads\/sv-national-dex-suspect-8-just-dance.3731534\/\">suspect thread<\/a>.<\/strong><\/div>\n|j|\u2606Bad player 366\n|j|\u2606massivehumongous\n|t:|1701093146\n|gametype|singles\n|player|p1|Bad player 366|lady-gen4|1358\n|player|p2|massivehumongous|palmer|1349\n|teamsize|p1|6\n|teamsize|p2|6\n|gen|9\n|tier|[Gen 9] National Dex\n|rated|\n|rule|HP Percentage Mod: HP is shown in percentages\n|rule|Endless Battle Clause: Forcing endless battles is banned\n|rule|OHKO Clause: OHKO moves are banned\n|rule|Evasion Clause: Evasion abilities, items, and moves are banned\n|rule|Evasion Abilities Clause: Evasion abilities are banned\n|rule|Evasion Items Clause: Evasion items are banned\n|rule|Evasion Moves Clause: Evasion moves are banned\n|rule|Species Clause: Limit one of each Pok\u00e9mon\n|rule|Sleep Clause Mod: Limit one foe put to sleep\n|clearpoke\n|poke|p1|Charizard, M|\n|poke|p1|Ogerpon, F|\n|poke|p1|Ferrothorn, F|\n|poke|p1|Great Tusk|\n|poke|p1|Empoleon, M|\n|poke|p1|Urshifu-*, M|\n|poke|p2|Mawile, M|\n|poke|p2|Zamazenta-*|\n|poke|p2|Chansey, F|\n|poke|p2|Slowbro, F|\n|poke|p2|Gliscor, M|\n|poke|p2|Ogerpon-Wellspring, F|\n|teampreview\n|\n|t:|1701093159\n|start\n|switch|p1a: Charizard|Charizard, M|100\/100\n|switch|p2a: Zamazenta|Zamazenta|100\/100\n|-ability|p2a: Zamazenta|Dauntless Shield|boost\n|-boost|p2a: Zamazenta|def|1\n|turn|1\n|\n|t:|1701093162\n|detailschange|p1a: Charizard|Charizard-Mega-Y, M\n|-mega|p1a: Charizard|Charizard|Charizardite Y\n|-weather|SunnyDay|[from] ability: Drought|[of] p1a: Charizard\n|move|p2a: Zamazenta|Stone Edge|p1a: Charizard|[miss]\n|-miss|p2a: Zamazenta|p1a: Charizard\n|move|p1a: Charizard|Fire Blast|p2a: Zamazenta\n|-damage|p2a: Zamazenta|0 fnt\n|faint|p2a: Zamazenta\n|\n|-weather|SunnyDay|[upkeep]\n|upkeep\n|\n|t:|1701093166\n|switch|p2a: Chansey|Chansey, F|100\/100\n|turn|2\n|\n|t:|1701093173\n|switch|p1a: Empoleon|Empoleon, M|100\/100\n|move|p2a: Chansey|Stealth Rock|p1a: Empoleon\n|-sidestart|p1: Bad player 366|move: Stealth Rock\n|\n|-weather|SunnyDay|[upkeep]\n|upkeep\n|turn|3\n|\n|t:|1701093176\n|switch|p2a: Gliscor|Gliscor, M|100\/100\n|move|p1a: Empoleon|Defog|p2a: Gliscor\n|-unboost|p2a: Gliscor|evasion|1\n|-sideend|p1: Bad player 366|Stealth Rock|[from] move: Defog|[of] p1a: Empoleon\n|\n|-weather|SunnyDay|[upkeep]\n|-status|p2a: Gliscor|tox|[from] item: Toxic Orb\n|upkeep\n|turn|4\n|\n|t:|1701093179\n|move|p2a: Gliscor|Earthquake|p1a: Empoleon\n|-supereffective|p1a: Empoleon\n|-damage|p1a: Empoleon|36\/100\n|move|p1a: Empoleon|Flip Turn|p2a: Gliscor\n|-supereffective|p2a: Gliscor\n|-damage|p2a: Gliscor|88\/100 tox\n|\n|t:|1701093181\n|switch|p1a: Ferrothorn|Ferrothorn, F|100\/100|[from] Flip Turn\n|\n|-weather|SunnyDay|[upkeep]\n|-heal|p2a: Gliscor|100\/100 tox|[from] ability: Poison Heal\n|upkeep\n|turn|5\n|\n|t:|1701093183\n|move|p2a: Gliscor|U-turn|p1a: Ferrothorn\n|-damage|p1a: Ferrothorn|92\/100\n|-damage|p2a: Gliscor|88\/100 tox|[from] ability: Iron Barbs|[of] p1a: Ferrothorn\n|\n|t:|1701093189\n|switch|p2a: Mawile|Mawile, M|100\/100|[from] U-turn\n|-ability|p2a: Mawile|Intimidate|boost\n|-unboost|p1a: Ferrothorn|atk|1\n|move|p1a: Ferrothorn|Stealth Rock|p2a: Mawile\n|-sidestart|p2: massivehumongous|move: Stealth Rock\n|\n|-weather|none\n|-heal|p1a: Ferrothorn|98\/100|[from] item: Leftovers\n|upkeep\n|turn|6\n|\n|t:|1701093192\n|detailschange|p2a: Mawile|Mawile-Mega, M\n|-mega|p2a: Mawile|Mawile|Mawilite\n|move|p2a: Mawile|Swords Dance|p2a: Mawile\n|-boost|p2a: Mawile|atk|2\n|move|p1a: Ferrothorn|Leech Seed|p2a: Mawile\n|-start|p2a: Mawile|move: Leech Seed\n|\n|-heal|p1a: Ferrothorn|100\/100|[from] item: Leftovers\n|-damage|p2a: Mawile|88\/100|[from] Leech Seed|[of] p1a: Ferrothorn\n|upkeep\n|turn|7\n|\n|t:|1701093196\n|move|p2a: Mawile|Knock Off|p1a: Ferrothorn\n|-damage|p1a: Ferrothorn|22\/100\n|-damage|p2a: Mawile|75\/100|[from] ability: Iron Barbs|[of] p1a: Ferrothorn\n|-enditem|p1a: Ferrothorn|Leftovers|[from] move: Knock Off|[of] p2a: Mawile\n|move|p1a: Ferrothorn|Gyro Ball|p2a: Mawile\n|-damage|p2a: Mawile|53\/100\n|\n|-damage|p2a: Mawile|41\/100|[from] Leech Seed|[of] p1a: Ferrothorn\n|-heal|p1a: Ferrothorn|31\/100|[silent]\n|upkeep\n|turn|8\n|\n|t:|1701093201\n|move|p2a: Mawile|Sucker Punch|p1a: Ferrothorn\n|-damage|p1a: Ferrothorn|0 fnt\n|-damage|p2a: Mawile|28\/100|[from] ability: Iron Barbs|[of] p1a: Ferrothorn\n|faint|p1a: Ferrothorn\n|\n|upkeep\n|\n|t:|1701093203\n|switch|p1a: Great Tusk|Great Tusk|100\/100\n|turn|9\n|\n|t:|1701093208\n|move|p1a: Great Tusk|Earthquake|p2a: Mawile\n|-supereffective|p2a: Mawile\n|-damage|p2a: Mawile|0 fnt\n|faint|p2a: Mawile\n|\n|upkeep\n|\n|t:|1701093212\n|switch|p2a: Ogerpon|Ogerpon-Wellspring, F|100\/100\n|-damage|p2a: Ogerpon|88\/100|[from] Stealth Rock\n|turn|10\n|\n|t:|1701093224\n|-end|p1a: Great Tusk|Protosynthesis|[silent]\n|switch|p1a: Urshifu|Urshifu-Rapid-Strike, M|100\/100\n|move|p2a: Ogerpon|Swords Dance|p2a: Ogerpon\n|-boost|p2a: Ogerpon|atk|2\n|\n|upkeep\n|turn|11\n|\n|t:|1701093229\n|switch|p1a: Empoleon|Empoleon, M|36\/100\n|move|p2a: Ogerpon|Horn Leech|p1a: Empoleon\n|-damage|p1a: Empoleon|0 fnt\n|-heal|p2a: Ogerpon|100\/100|[from] drain|[of] p1a: Empoleon\n|faint|p1a: Empoleon\n|\n|upkeep\n|\n|t:|1701093234\n|switch|p1a: Charizard|Charizard-Mega-Y, M|100\/100\n|-weather|SunnyDay|[from] ability: Drought|[of] p1a: Charizard\n|turn|12\n|\n|t:|1701093236\n|move|p2a: Ogerpon|Ivy Cudgel|p1a: Charizard|[anim] Ivy Cudgel Water\n|-supereffective|p1a: Charizard\n|-damage|p1a: Charizard|0 fnt\n|faint|p1a: Charizard\n|\n|-weather|SunnyDay|[upkeep]\n|upkeep\n|\n|t:|1701093239\n|switch|p1a: Ogerpon|Ogerpon, F|100\/100\n|turn|13\n|\n|t:|1701093243\n|switch|p2a: Gliscor|Gliscor, M|88\/100 tox\n|-damage|p2a: Gliscor|75\/100 tox|[from] Stealth Rock\n|-terastallize|p1a: Ogerpon|Grass\n|detailschange|p1a: Ogerpon|Ogerpon-Teal-Tera, F, tera:Grass\n|-ability|p1a: Ogerpon|Embody Aspect (Teal)|boost\n|-boost|p1a: Ogerpon|spe|1\n|move|p1a: Ogerpon|Swords Dance|p1a: Ogerpon\n|-boost|p1a: Ogerpon|atk|2\n|\n|-weather|SunnyDay|[upkeep]\n|-heal|p2a: Gliscor|88\/100 tox|[from] ability: Poison Heal\n|upkeep\n|turn|14\n|\n|t:|1701093252\n|move|p1a: Ogerpon|Swords Dance|p1a: Ogerpon\n|-boost|p1a: Ogerpon|atk|2\n|move|p2a: Gliscor|U-turn|p1a: Ogerpon\n|-supereffective|p1a: Ogerpon\n|-damage|p1a: Ogerpon|58\/100\n|\n|t:|1701093256\n|switch|p2a: Slowbro|Slowbro, F|100\/100|[from] U-turn\n|\n|-weather|SunnyDay|[upkeep]\n|upkeep\n|turn|15\n|\n|t:|1701093263\n|-terastallize|p2a: Slowbro|Dragon\n|move|p1a: Ogerpon|Horn Leech|p2a: Slowbro\n|-resisted|p2a: Slowbro\n|-damage|p2a: Slowbro|40\/100\n|-heal|p1a: Ogerpon|98\/100|[from] drain|[of] p2a: Slowbro\n|-damage|p1a: Ogerpon|88\/100|[from] item: Life Orb\n|move|p2a: Slowbro|Future Sight|p1a: Ogerpon\n|-start|p2a: Slowbro|move: Future Sight\n|\n|-weather|SunnyDay|[upkeep]\n|upkeep\n|turn|16\n|\n|t:|1701093267\n|switch|p2a: Gliscor|Gliscor, M|88\/100 tox\n|-damage|p2a: Gliscor|75\/100 tox|[from] Stealth Rock\n|move|p1a: Ogerpon|Horn Leech|p2a: Gliscor\n|-damage|p2a: Gliscor|0 fnt\n|-heal|p1a: Ogerpon|100\/100|[from] drain|[of] p2a: Gliscor\n|faint|p2a: Gliscor\n|-damage|p1a: Ogerpon|91\/100|[from] item: Life Orb\n|\n|-weather|none\n|upkeep\n|\n|t:|1701093271\n|switch|p2a: Chansey|Chansey, F|100\/100\n|-damage|p2a: Chansey|88\/100|[from] Stealth Rock\n|turn|17\n|\n|t:|1701093274\n|move|p1a: Ogerpon|Horn Leech|p2a: Chansey\n|-damage|p2a: Chansey|0 fnt\n|-heal|p1a: Ogerpon|100\/100|[from] drain|[of] p2a: Chansey\n|faint|p2a: Chansey\n|-damage|p1a: Ogerpon|91\/100|[from] item: Life Orb\n|\n|-end|p1a: Ogerpon|move: Future Sight\n|-damage|p1a: Ogerpon|44\/100\n|upkeep\n|-message|massivehumongous forfeited.\n|\n|win|Bad player 366\n|raw|Bad player 366's rating: 1358 &rarr; <strong>1377<\/strong><br \/>(+19 for winning)\n|raw|massivehumongous's rating: 1349 &rarr; <strong>1330<\/strong><br \/>(-19 for losing)\n|l|\u2606massivehumongous\n|l|\u2606Bad player 366\n|j|\u2606Bad player 366\n|player|p1|Bad player 366|lady-gen4\n","uploadtime":1701093326,"views":6,"p1id":"badplayer366","p2id":"massivehumongous","formatid":"gen9nationaldex","rating":1330,"private":0,"password":""}