{"id":"gen9nationaldex-1993596871","p1":"ITS EDOT BABY","p2":"ImagineWagins","format":"[Gen 9] National Dex","log":"|j|\u2606ITS EDOT BABY\n|j|\u2606ImagineWagins\n|t:|1700335772\n|gametype|singles\n|player|p1|ITS EDOT BABY|lucas|1687\n|player|p2|ImagineWagins|blaine|1661\n|teamsize|p1|6\n|teamsize|p2|6\n|gen|9\n|tier|[Gen 9] National Dex\n|rated|\n|rule|HP Percentage Mod: HP is shown in percentages\n|rule|Endless Battle Clause: Forcing endless battles is banned\n|rule|OHKO Clause: OHKO moves are banned\n|rule|Evasion Clause: Evasion abilities, items, and moves are banned\n|rule|Evasion Abilities Clause: Evasion abilities are banned\n|rule|Evasion Items Clause: Evasion items are banned\n|rule|Evasion Moves Clause: Evasion moves are banned\n|rule|Species Clause: Limit one of each Pok\u00e9mon\n|rule|Sleep Clause Mod: Limit one foe put to sleep\n|clearpoke\n|poke|p1|Latios, M|\n|poke|p1|Samurott-Hisui, M|\n|poke|p1|Kartana|\n|poke|p1|Clodsire, M|\n|poke|p1|Corviknight, M|\n|poke|p1|Tangrowth, F|\n|poke|p2|Alomomola, M|\n|poke|p2|Chansey, F|\n|poke|p2|Zapdos|\n|poke|p2|Breloom, M|\n|poke|p2|Skeledirge, F|\n|poke|p2|Samurott-Hisui, M|\n|teampreview\n|inactive|Battle timer is ON: inactive players will automatically lose when time's up. (requested by ImagineWagins)\n|j| TEHD0G\n|\n|t:|1700335793\n|start\n|switch|p1a: Tangrowth|Tangrowth, F|100\/100\n|switch|p2a: Zapdos|Zapdos|100\/100\n|turn|1\n|\n|t:|1700335795\n|move|p2a: Zapdos|Hurricane|p1a: Tangrowth\n|-supereffective|p1a: Tangrowth\n|-damage|p1a: Tangrowth|43\/100\n|move|p1a: Tangrowth|Knock Off|p2a: Zapdos\n|-damage|p2a: Zapdos|84\/100\n|-enditem|p2a: Zapdos|Heavy-Duty Boots|[from] move: Knock Off|[of] p1a: Tangrowth\n|\n|upkeep\n|turn|2\n|\n|t:|1700335803\n|switch|p1a: Clodsire|Clodsire, M|100\/100\n|move|p2a: Zapdos|Hurricane|p1a: Clodsire|[miss]\n|-miss|p2a: Zapdos|p1a: Clodsire\n|\n|upkeep\n|turn|3\n|\n|t:|1700335805\n|switch|p2a: Breloom|Breloom, M|100\/100\n|move|p1a: Clodsire|Stealth Rock|p2a: Breloom\n|-sidestart|p2: ImagineWagins|move: Stealth Rock\n|\n|-status|p2a: Breloom|tox|[from] item: Toxic Orb\n|upkeep\n|turn|4\n|\n|t:|1700335811\n|switch|p1a: Tangrowth|Tangrowth, F|76\/100\n|move|p2a: Breloom|Substitute|p2a: Breloom\n|-start|p2a: Breloom|Substitute\n|-damage|p2a: Breloom|76\/100 tox\n|\n|-heal|p2a: Breloom|88\/100 tox|[from] ability: Poison Heal\n|upkeep\n|turn|5\n|\n|t:|1700335814\n|-singleturn|p2a: Breloom|move: Focus Punch\n|move|p1a: Tangrowth|Hidden Power|p2a: Breloom\n|-supereffective|p2a: Breloom\n|-end|p2a: Breloom|Substitute\n|move|p2a: Breloom|Focus Punch|p1a: Tangrowth\n|-damage|p1a: Tangrowth|23\/100\n|\n|-heal|p2a: Breloom|99\/100 tox|[from] ability: Poison Heal\n|upkeep\n|turn|6\n|\n|t:|1700335823\n|switch|p2a: Chansey|Chansey, F|100\/100\n|-damage|p2a: Chansey|88\/100|[from] Stealth Rock\n|switch|p1a: Corviknight|Corviknight, M|100\/100\n|-ability|p1a: Corviknight|Pressure\n|\n|upkeep\n|turn|7\n|\n|t:|1700335825\n|move|p1a: Corviknight|Body Press|p2a: Chansey\n|-supereffective|p2a: Chansey\n|-damage|p2a: Chansey|55\/100\n|move|p2a: Chansey|Stealth Rock|p1a: Corviknight\n|-sidestart|p1: ITS EDOT BABY|move: Stealth Rock\n|\n|upkeep\n|turn|8\n|\n|t:|1700335831\n|move|p1a: Corviknight|Iron Defense|p1a: Corviknight\n|-boost|p1a: Corviknight|def|2\n|move|p2a: Chansey|Soft-Boiled|p2a: Chansey\n|-heal|p2a: Chansey|100\/100\n|\n|upkeep\n|turn|9\n|\n|t:|1700335834\n|switch|p1a: Latios|Latios, M|100\/100\n|-damage|p1a: Latios|88\/100|[from] Stealth Rock\n|switch|p2a: Skeledirge|Skeledirge, F|100\/100\n|\n|upkeep\n|turn|10\n|\n|t:|1700335837\n|detailschange|p1a: Latios|Latios-Mega, M\n|-mega|p1a: Latios|Latios|Latiosite\n|move|p1a: Latios|Draco Meteor|p2a: Skeledirge\n|-damage|p2a: Skeledirge|44\/100\n|-unboost|p1a: Latios|spa|2\n|move|p2a: Skeledirge|Will-O-Wisp|p1a: Latios\n|-status|p1a: Latios|brn\n|\n|-damage|p1a: Latios|82\/100 brn|[from] brn\n|upkeep\n|turn|11\n|\n|t:|1700335843\n|switch|p1a: Samurott|Samurott-Hisui, M|100\/100\n|-damage|p1a: Samurott|88\/100|[from] Stealth Rock\n|switch|p2a: Chansey|Chansey, F|100\/100\n|-damage|p2a: Chansey|88\/100|[from] Stealth Rock\n|\n|upkeep\n|turn|12\n|\n|t:|1700335848\n|switch|p2a: Alomomola|Alomomola, M|100\/100\n|-damage|p2a: Alomomola|88\/100|[from] Stealth Rock\n|move|p1a: Samurott|Ceaseless Edge|p2a: Alomomola\n|-damage|p2a: Alomomola|58\/100\n|-damage|p1a: Samurott|72\/100|[from] item: Rocky Helmet|[of] p2a: Alomomola\n|-sidestart|p2: ImagineWagins|Spikes\n|\n|upkeep\n|turn|13\n|\n|t:|1700335855\n|move|p1a: Samurott|Swords Dance|p1a: Samurott\n|-boost|p1a: Samurott|atk|2\n|move|p2a: Alomomola|Toxic|p1a: Samurott\n|-status|p1a: Samurott|tox\n|\n|-damage|p1a: Samurott|65\/100 tox|[from] psn\n|upkeep\n|turn|14\n|\n|t:|1700335858\n|move|p1a: Samurott|Ceaseless Edge|p2a: Alomomola\n|-damage|p2a: Alomomola|3\/100\n|-damage|p1a: Samurott|49\/100 tox|[from] item: Rocky Helmet|[of] p2a: Alomomola\n|-sidestart|p2: ImagineWagins|Spikes\n|move|p2a: Alomomola|Wish|p2a: Alomomola\n|\n|-damage|p1a: Samurott|36\/100 tox|[from] psn\n|upkeep\n|turn|15\n|\n|t:|1700335862\n|move|p2a: Alomomola|Protect|p2a: Alomomola\n|-singleturn|p2a: Alomomola|Protect\n|move|p1a: Samurott|Swords Dance|p1a: Samurott\n|-boost|p1a: Samurott|atk|2\n|\n|-heal|p2a: Alomomola|53\/100|[from] move: Wish|[wisher] Alomomola\n|-damage|p1a: Samurott|18\/100 tox|[from] psn\n|upkeep\n|turn|16\n|\n|t:|1700335867\n|move|p1a: Samurott|Ceaseless Edge|p2a: Alomomola\n|-crit|p2a: Alomomola\n|-damage|p2a: Alomomola|0 fnt\n|-damage|p1a: Samurott|1\/100 tox|[from] item: Rocky Helmet|[of] p2a: Alomomola\n|-sidestart|p2: ImagineWagins|Spikes\n|faint|p2a: Alomomola\n|\n|-damage|p1a: Samurott|0 fnt|[from] psn\n|faint|p1a: Samurott\n|upkeep\n|\n|t:|1700335873\n|switch|p1a: Latios|Latios-Mega, M|82\/100 brn\n|switch|p2a: Zapdos|Zapdos|84\/100\n|-damage|p1a: Latios|70\/100 brn|[from] Stealth Rock\n|-damage|p2a: Zapdos|59\/100|[from] Stealth Rock\n|turn|17\n|\n|t:|1700335878\n|switch|p2a: Chansey|Chansey, F|88\/100\n|-damage|p2a: Chansey|76\/100|[from] Stealth Rock\n|-damage|p2a: Chansey|51\/100|[from] Spikes\n|move|p1a: Latios|Psyshock|p2a: Chansey\n|-damage|p2a: Chansey|20\/100\n|\n|-damage|p1a: Latios|64\/100 brn|[from] brn\n|upkeep\n|turn|18\n|\n|t:|1700335881\n|move|p1a: Latios|Aura Sphere|p2a: Chansey\n|-supereffective|p2a: Chansey\n|-damage|p2a: Chansey|1\/100\n|move|p2a: Chansey|Soft-Boiled|p2a: Chansey\n|-heal|p2a: Chansey|51\/100\n|\n|-damage|p1a: Latios|58\/100 brn|[from] brn\n|upkeep\n|turn|19\n|\n|t:|1700335884\n|switch|p1a: Kartana|Kartana|100\/100\n|-damage|p1a: Kartana|94\/100|[from] Stealth Rock\n|move|p2a: Chansey|Soft-Boiled|p2a: Chansey\n|-heal|p2a: Chansey|100\/100\n|\n|upkeep\n|turn|20\n|\n|t:|1700335894\n|switch|p2a: Zapdos|Zapdos|59\/100\n|-damage|p2a: Zapdos|34\/100|[from] Stealth Rock\n|-terastallize|p1a: Kartana|Grass\n|move|p1a: Kartana|Leaf Blade|p2a: Zapdos\n|-resisted|p2a: Zapdos\n|-damage|p2a: Zapdos|7\/100\n|\n|upkeep\n|turn|21\n|\n|t:|1700335897\n|move|p1a: Kartana|Leaf Blade|p2a: Zapdos\n|-resisted|p2a: Zapdos\n|-damage|p2a: Zapdos|0 fnt\n|faint|p2a: Zapdos\n|-ability|p1a: Kartana|Beast Boost|boost\n|-boost|p1a: Kartana|atk|1\n|\n|upkeep\n|\n|t:|1700335900\n|switch|p2a: Skeledirge|Skeledirge, F|44\/100\n|turn|22\n|\n|t:|1700335903\n|switch|p1a: Clodsire|Clodsire, M|100\/100\n|-damage|p1a: Clodsire|94\/100|[from] Stealth Rock\n|move|p2a: Skeledirge|Slack Off|p2a: Skeledirge\n|-heal|p2a: Skeledirge|94\/100\n|\n|-heal|p1a: Clodsire|100\/100|[from] item: Leftovers\n|upkeep\n|turn|23\n|\n|t:|1700335915\n|switch|p2a: Breloom|Breloom, M|99\/100 tox\n|-damage|p2a: Breloom|94\/100 tox|[from] Stealth Rock\n|-damage|p2a: Breloom|69\/100 tox|[from] Spikes\n|switch|p1a: Latios|Latios-Mega, M|58\/100 brn\n|-damage|p1a: Latios|46\/100 brn|[from] Stealth Rock\n|\n|-heal|p2a: Breloom|81\/100 tox|[from] ability: Poison Heal\n|-damage|p1a: Latios|40\/100 brn|[from] brn\n|upkeep\n|turn|24\n|\n|t:|1700335921\n|switch|p2a: Chansey|Chansey, F|100\/100\n|-damage|p2a: Chansey|88\/100|[from] Stealth Rock\n|-damage|p2a: Chansey|63\/100|[from] Spikes\n|move|p1a: Latios|Roost|p1a: Latios\n|-heal|p1a: Latios|90\/100 brn\n|-singleturn|p1a: Latios|move: Roost\n|\n|-damage|p1a: Latios|84\/100 brn|[from] brn\n|upkeep\n|turn|25\n|\n|t:|1700335923\n|move|p1a: Latios|Psyshock|p2a: Chansey\n|-crit|p2a: Chansey\n|-damage|p2a: Chansey|15\/100\n|move|p2a: Chansey|Seismic Toss|p1a: Latios\n|-damage|p1a: Latios|51\/100 brn\n|\n|-damage|p1a: Latios|45\/100 brn|[from] brn\n|upkeep\n|turn|26\n|\n|t:|1700335926\n|move|p1a: Latios|Psyshock|p2a: Chansey\n|-damage|p2a: Chansey|0 fnt\n|faint|p2a: Chansey\n|\n|-damage|p1a: Latios|39\/100 brn|[from] brn\n|upkeep\n|\n|t:|1700335928\n|switch|p2a: Samurott|Samurott-Hisui, M|100\/100\n|-damage|p2a: Samurott|88\/100|[from] Stealth Rock\n|-damage|p2a: Samurott|63\/100|[from] Spikes\n|turn|27\n|\n|t:|1700335931\n|switch|p1a: Corviknight|Corviknight, M|100\/100\n|-damage|p1a: Corviknight|88\/100|[from] Stealth Rock\n|-ability|p1a: Corviknight|Pressure\n|move|p2a: Samurott|Ceaseless Edge|p1a: Corviknight\n|-damage|p1a: Corviknight|49\/100\n|-damage|p2a: Samurott|47\/100|[from] item: Rocky Helmet|[of] p1a: Corviknight\n|-sidestart|p1: ITS EDOT BABY|Spikes\n|\n|upkeep\n|turn|28\n|\n|t:|1700335933\n|move|p2a: Samurott|Ceaseless Edge|p1a: Corviknight\n|-damage|p1a: Corviknight|9\/100\n|-damage|p2a: Samurott|30\/100|[from] item: Rocky Helmet|[of] p1a: Corviknight\n|-sidestart|p1: ITS EDOT BABY|Spikes\n|move|p1a: Corviknight|Body Press|p2a: Samurott\n|-supereffective|p2a: Samurott\n|-damage|p2a: Samurott|0 fnt\n|faint|p2a: Samurott\n|\n|upkeep\n|\n|t:|1700335940\n|switch|p2a: Skeledirge|Skeledirge, F|94\/100\n|turn|29\n|\n|t:|1700335941\n|switch|p1a: Clodsire|Clodsire, M|100\/100\n|-damage|p1a: Clodsire|94\/100|[from] Stealth Rock\n|-damage|p1a: Clodsire|78\/100|[from] Spikes\n|move|p2a: Skeledirge|Torch Song|p1a: Clodsire\n|-damage|p1a: Clodsire|60\/100\n|-boost|p2a: Skeledirge|spa|1\n|\n|-heal|p1a: Clodsire|66\/100|[from] item: Leftovers\n|upkeep\n|turn|30\n|\n|t:|1700335949\n|switch|p1a: Corviknight|Corviknight, M|9\/100\n|-damage|p1a: Corviknight|0 fnt|[from] Stealth Rock\n|faint|p1a: Corviknight\n|move|p2a: Skeledirge|Hex|p1: Corviknight|[notarget]\n|-fail|p2a: Skeledirge\n|\n|upkeep\n|l| TEHD0G\n|\n|t:|1700335951\n|switch|p1a: Clodsire|Clodsire, M|66\/100\n|-damage|p1a: Clodsire|60\/100|[from] Stealth Rock\n|-damage|p1a: Clodsire|44\/100|[from] Spikes\n|turn|31\n|\n|t:|1700335954\n|switch|p2a: Breloom|Breloom, M|81\/100 tox\n|-damage|p2a: Breloom|75\/100 tox|[from] Stealth Rock\n|-damage|p2a: Breloom|50\/100 tox|[from] Spikes\n|move|p1a: Clodsire|Recover|p1a: Clodsire\n|-heal|p1a: Clodsire|94\/100\n|\n|-heal|p1a: Clodsire|99\/100|[from] item: Leftovers\n|-heal|p2a: Breloom|63\/100 tox|[from] ability: Poison Heal\n|upkeep\n|turn|32\n|\n|t:|1700335957\n|move|p2a: Breloom|Substitute|p2a: Breloom\n|-start|p2a: Breloom|Substitute\n|-damage|p2a: Breloom|38\/100 tox\n|move|p1a: Clodsire|Earthquake|p2a: Breloom\n|-resisted|p2a: Breloom\n|-activate|p2a: Breloom|move: Substitute|[damage]\n|\n|-heal|p1a: Clodsire|100\/100|[from] item: Leftovers\n|-heal|p2a: Breloom|50\/100 tox|[from] ability: Poison Heal\n|upkeep\n|turn|33\n|\n|t:|1700335959\n|move|p2a: Breloom|Spore|p1a: Clodsire\n|-status|p1a: Clodsire|slp|[from] move: Spore\n|cant|p1a: Clodsire|slp\n|\n|-heal|p2a: Breloom|62\/100 tox|[from] ability: Poison Heal\n|upkeep\n|turn|34\n|\n|t:|1700335962\n|move|p2a: Breloom|Leech Seed|p1a: Clodsire\n|-start|p1a: Clodsire|move: Leech Seed\n|-curestatus|p1a: Clodsire|slp|[msg]\n|move|p1a: Clodsire|Earthquake|p2a: Breloom\n|-resisted|p2a: Breloom\n|-end|p2a: Breloom|Substitute\n|\n|-damage|p1a: Clodsire|88\/100|[from] Leech Seed|[of] p2a: Breloom\n|-heal|p2a: Breloom|84\/100 tox|[silent]\n|-heal|p2a: Breloom|97\/100 tox|[from] ability: Poison Heal\n|upkeep\n|turn|35\n|\n|t:|1700335966\n|switch|p1a: Tangrowth|Tangrowth, F|56\/100\n|-damage|p1a: Tangrowth|44\/100|[from] Stealth Rock\n|-damage|p1a: Tangrowth|27\/100|[from] Spikes\n|move|p2a: Breloom|Substitute|p2a: Breloom\n|-start|p2a: Breloom|Substitute\n|-damage|p2a: Breloom|72\/100 tox\n|\n|-heal|p2a: Breloom|84\/100 tox|[from] ability: Poison Heal\n|upkeep\n|turn|36\n|\n|t:|1700335968\n|switch|p1a: Clodsire|Clodsire, M|88\/100\n|-damage|p1a: Clodsire|82\/100|[from] Stealth Rock\n|-damage|p1a: Clodsire|65\/100|[from] Spikes\n|-singleturn|p2a: Breloom|move: Focus Punch\n|move|p2a: Breloom|Focus Punch|p1a: Clodsire\n|-resisted|p1a: Clodsire\n|-damage|p1a: Clodsire|31\/100\n|\n|-heal|p1a: Clodsire|37\/100|[from] item: Leftovers\n|-heal|p2a: Breloom|96\/100 tox|[from] ability: Poison Heal\n|upkeep\n|turn|37\n|\n|t:|1700335976\n|move|p2a: Breloom|Spore|p1a: Clodsire\n|-status|p1a: Clodsire|slp|[from] move: Spore\n|cant|p1a: Clodsire|slp\n|\n|-heal|p1a: Clodsire|43\/100 slp|[from] item: Leftovers\n|-heal|p2a: Breloom|100\/100 tox|[from] ability: Poison Heal\n|upkeep\n|turn|38\n|\n|t:|1700335979\n|-singleturn|p2a: Breloom|move: Focus Punch\n|-curestatus|p1a: Clodsire|slp|[msg]\n|move|p1a: Clodsire|Recover|p1a: Clodsire\n|-heal|p1a: Clodsire|93\/100\n|move|p2a: Breloom|Focus Punch|p1a: Clodsire\n|-resisted|p1a: Clodsire\n|-damage|p1a: Clodsire|58\/100\n|\n|-heal|p1a: Clodsire|65\/100|[from] item: Leftovers\n|upkeep\n|turn|39\n|\n|t:|1700335987\n|switch|p1a: Tangrowth|Tangrowth, F|60\/100\n|-damage|p1a: Tangrowth|48\/100|[from] Stealth Rock\n|-damage|p1a: Tangrowth|31\/100|[from] Spikes\n|-singleturn|p2a: Breloom|move: Focus Punch\n|move|p2a: Breloom|Focus Punch|p1a: Tangrowth\n|-damage|p1a: Tangrowth|0 fnt\n|faint|p1a: Tangrowth\n|\n|upkeep\n|\n|t:|1700335999\n|switch|p1a: Kartana|Kartana, tera:Grass|94\/100\n|-damage|p1a: Kartana|82\/100|[from] Stealth Rock\n|-damage|p1a: Kartana|65\/100|[from] Spikes\n|turn|40\n|\n|t:|1700336016\n|-singleturn|p2a: Breloom|move: Focus Punch\n|move|p1a: Kartana|Smart Strike|p2a: Breloom\n|-end|p2a: Breloom|Substitute\n|move|p2a: Breloom|Focus Punch|p1a: Kartana\n|-crit|p1a: Kartana\n|-damage|p1a: Kartana|0 fnt\n|faint|p1a: Kartana\n|\n|upkeep\n|\n|t:|1700336023\n|switch|p1a: Latios|Latios-Mega, M|39\/100 brn\n|-damage|p1a: Latios|26\/100 brn|[from] Stealth Rock\n|turn|41\n|j| cgrtier\n|l| cgrtier\n|\n|t:|1700336034\n|-terastallize|p2a: Breloom|Steel\n|move|p1a: Latios|Draco Meteor|p2a: Breloom\n|-resisted|p2a: Breloom\n|-damage|p2a: Breloom|19\/100 tox\n|-unboost|p1a: Latios|spa|2\n|move|p2a: Breloom|Substitute|p2a: Breloom\n|-fail|p2a: Breloom|move: Substitute|[weak]\n|\n|-heal|p2a: Breloom|31\/100 tox|[from] ability: Poison Heal\n|-damage|p1a: Latios|20\/100 brn|[from] brn\n|upkeep\n|turn|42\n|\n|t:|1700336041\n|move|p1a: Latios|Draco Meteor|p2a: Breloom\n|-resisted|p2a: Breloom\n|-damage|p2a: Breloom|0 fnt\n|-unboost|p1a: Latios|spa|2\n|faint|p2a: Breloom\n|\n|-damage|p1a: Latios|14\/100 brn|[from] brn\n|upkeep\n|\n|t:|1700336043\n|switch|p2a: Skeledirge|Skeledirge, F|94\/100\n|turn|43\n|\n|t:|1700336048\n|move|p1a: Latios|Draco Meteor|p2a: Skeledirge\n|-damage|p2a: Skeledirge|36\/100\n|-unboost|p1a: Latios|spa|2\n|move|p2a: Skeledirge|Hex|p1a: Latios\n|-supereffective|p1a: Latios\n|-damage|p1a: Latios|0 fnt\n|faint|p1a: Latios\n|\n|upkeep\n|\n|t:|1700336050\n|switch|p1a: Clodsire|Clodsire, M|65\/100\n|-damage|p1a: Clodsire|58\/100|[from] Stealth Rock\n|-damage|p1a: Clodsire|42\/100|[from] Spikes\n|turn|44\n|\n|t:|1700336053\n|move|p2a: Skeledirge|Will-O-Wisp|p1a: Clodsire|[miss]\n|-miss|p2a: Skeledirge|p1a: Clodsire\n|move|p1a: Clodsire|Recover|p1a: Clodsire\n|-heal|p1a: Clodsire|92\/100\n|\n|-heal|p1a: Clodsire|98\/100|[from] item: Leftovers\n|upkeep\n|turn|45\n|\n|t:|1700336054\n|move|p2a: Skeledirge|Will-O-Wisp|p1a: Clodsire\n|-status|p1a: Clodsire|brn\n|move|p1a: Clodsire|Toxic|p2a: Skeledirge\n|-status|p2a: Skeledirge|tox\n|\n|-heal|p1a: Clodsire|100\/100 brn|[from] item: Leftovers\n|-damage|p2a: Skeledirge|30\/100 tox|[from] psn\n|-damage|p1a: Clodsire|94\/100 brn|[from] brn\n|upkeep\n|turn|46\n|\n|t:|1700336057\n|move|p2a: Skeledirge|Hex|p1a: Clodsire\n|-damage|p1a: Clodsire|65\/100 brn\n|move|p1a: Clodsire|Earthquake|p2a: Skeledirge\n|-supereffective|p2a: Skeledirge\n|-damage|p2a: Skeledirge|9\/100 tox\n|\n|-heal|p1a: Clodsire|71\/100 brn|[from] item: Leftovers\n|-damage|p2a: Skeledirge|0 fnt|[from] psn\n|faint|p2a: Skeledirge\n|\n|win|ITS EDOT BABY\n|upkeep\n|raw|ITS EDOT BABY's rating: 1687 &rarr; <strong>1706<\/strong><br \/>(+19 for winning)\n|raw|ImagineWagins's rating: 1661 &rarr; <strong>1642<\/strong><br \/>(-19 for losing)\n|l|\u2606ImagineWagins\n|l|\u2606ITS EDOT BABY\n|j|\u2606ITS EDOT BABY\n|player|p1|ITS EDOT BABY|lucas\n","uploadtime":1700336073,"views":9,"p1id":"itsedotbaby","p2id":"imaginewagins","formatid":"gen9nationaldex","rating":1642,"private":0,"password":""}