{"id":"gen9nationaldex-1994326127","p1":"Oliotus","p2":"KARROL","format":"[Gen 9] National Dex","log":"|j|\u2606Oliotus\n|j|\u2606KARROL\n|t:|1700431372\n|gametype|singles\n|player|p1|Oliotus|1|1242\n|player|p2|KARROL|pokekid|1347\n|teamsize|p1|6\n|teamsize|p2|6\n|gen|9\n|tier|[Gen 9] National Dex\n|rated|\n|rule|HP Percentage Mod: HP is shown in percentages\n|rule|Endless Battle Clause: Forcing endless battles is banned\n|rule|OHKO Clause: OHKO moves are banned\n|rule|Evasion Clause: Evasion abilities, items, and moves are banned\n|rule|Evasion Abilities Clause: Evasion abilities are banned\n|rule|Evasion Items Clause: Evasion items are banned\n|rule|Evasion Moves Clause: Evasion moves are banned\n|rule|Species Clause: Limit one of each Pok\u00e9mon\n|rule|Sleep Clause Mod: Limit one foe put to sleep\n|clearpoke\n|poke|p1|Clefable, M|\n|poke|p1|Glimmora, F|\n|poke|p1|Ferrothorn, F|\n|poke|p1|Dragonite, F|\n|poke|p1|Greninja-*, M|\n|poke|p1|Tapu Koko|\n|poke|p2|Ampharos, M|\n|poke|p2|Slurpuff, M|\n|poke|p2|Tapu Koko|\n|poke|p2|Porygon-Z|\n|poke|p2|Urshifu-*, M|\n|poke|p2|Bellibolt, M|\n|teampreview\n|\n|t:|1700431387\n|start\n|switch|p1a: Glimmora|Glimmora, F|100\/100\n|switch|p2a: Slurpuff|Slurpuff, M|100\/100\n|turn|1\n|\n|t:|1700431392\n|move|p1a: Glimmora|Stealth Rock|p2a: Slurpuff\n|-sidestart|p2: KARROL|move: Stealth Rock\n|move|p2a: Slurpuff|Sticky Web|p1a: Glimmora\n|-sidestart|p1: Oliotus|move: Sticky Web\n|\n|upkeep\n|turn|2\n|\n|t:|1700431395\n|move|p1a: Glimmora|Mortal Spin|p2a: Slurpuff\n|-supereffective|p2a: Slurpuff\n|-damage|p2a: Slurpuff|87\/100\n|-status|p2a: Slurpuff|psn\n|-sideend|p1: Oliotus|Sticky Web|[from] move: Mortal Spin|[of] p1a: Glimmora\n|move|p2a: Slurpuff|Flamethrower|p1a: Glimmora\n|-resisted|p1a: Glimmora\n|-damage|p1a: Glimmora|90\/100\n|\n|-damage|p2a: Slurpuff|75\/100 psn|[from] psn\n|upkeep\n|turn|3\n|\n|t:|1700431403\n|move|p1a: Glimmora|Spikes|p2a: Slurpuff\n|-sidestart|p2: KARROL|Spikes\n|move|p2a: Slurpuff|Sticky Web|p1a: Glimmora\n|-sidestart|p1: Oliotus|move: Sticky Web\n|\n|-damage|p2a: Slurpuff|62\/100 psn|[from] psn\n|upkeep\n|turn|4\n|\n|t:|1700431408\n|switch|p2a: Bellibolt|Bellibolt, M|100\/100\n|-damage|p2a: Bellibolt|88\/100|[from] Stealth Rock\n|-damage|p2a: Bellibolt|76\/100|[from] Spikes\n|move|p1a: Glimmora|Mortal Spin|p2a: Bellibolt\n|-damage|p2a: Bellibolt|70\/100\n|-status|p2a: Bellibolt|psn\n|-start|p2a: Bellibolt|Charge|Mortal Spin|[from] ability: Electromorphosis\n|-sideend|p1: Oliotus|Sticky Web|[from] move: Mortal Spin|[of] p1a: Glimmora\n|\n|-damage|p2a: Bellibolt|58\/100 psn|[from] psn\n|upkeep\n|turn|5\n|\n|t:|1700431412\n|move|p1a: Glimmora|Spikes|p2a: Bellibolt\n|-sidestart|p2: KARROL|Spikes\n|move|p2a: Bellibolt|Parabolic Charge|p1a: Glimmora\n|-damage|p1a: Glimmora|31\/100\n|-heal|p2a: Bellibolt|86\/100 psn|[from] drain|[of] p1a: Glimmora\n|-end|p2a: Bellibolt|Charge|[silent]\n|\n|-damage|p2a: Bellibolt|74\/100 psn|[from] psn\n|upkeep\n|turn|6\n|\n|t:|1700431419\n|move|p1a: Glimmora|Spikes|p2a: Bellibolt\n|-sidestart|p2: KARROL|Spikes\n|move|p2a: Bellibolt|Parabolic Charge|p1a: Glimmora\n|-damage|p1a: Glimmora|2\/100\n|-heal|p2a: Bellibolt|88\/100 psn|[from] drain|[of] p1a: Glimmora\n|\n|-damage|p2a: Bellibolt|76\/100 psn|[from] psn\n|upkeep\n|turn|7\n|\n|t:|1700431425\n|move|p1a: Glimmora|Spiky Shield|p1a: Glimmora\n|-singleturn|p1a: Glimmora|move: Protect\n|move|p2a: Bellibolt|Charge Beam|p1a: Glimmora\n|-activate|p1a: Glimmora|move: Protect\n|\n|-damage|p2a: Bellibolt|63\/100 psn|[from] psn\n|upkeep\n|turn|8\n|\n|t:|1700431431\n|move|p1a: Glimmora|Mortal Spin|p2a: Bellibolt\n|-damage|p2a: Bellibolt|58\/100 psn\n|-start|p2a: Bellibolt|Charge|Mortal Spin|[from] ability: Electromorphosis\n|move|p2a: Bellibolt|Parabolic Charge|p1a: Glimmora\n|-damage|p1a: Glimmora|0 fnt\n|-heal|p2a: Bellibolt|59\/100 psn|[from] drain|[of] p1a: Glimmora\n|faint|p1a: Glimmora\n|-end|p2a: Bellibolt|Charge|[silent]\n|\n|-damage|p2a: Bellibolt|46\/100 psn|[from] psn\n|upkeep\n|\n|t:|1700431439\n|switch|p1a: Dragonite|Dragonite, F|100\/100\n|turn|9\n|\n|t:|1700431443\n|move|p1a: Dragonite|Earthquake|p2a: Bellibolt\n|-supereffective|p2a: Bellibolt\n|-damage|p2a: Bellibolt|0 fnt\n|faint|p2a: Bellibolt\n|\n|upkeep\n|\n|t:|1700431450\n|switch|p2a: Tapu Koko|Tapu Koko|100\/100\n|-damage|p2a: Tapu Koko|88\/100|[from] Stealth Rock\n|-damage|p2a: Tapu Koko|63\/100|[from] Spikes\n|-fieldstart|move: Electric Terrain|[from] ability: Electric Surge|[of] p2a: Tapu Koko\n|turn|10\n|\n|t:|1700431454\n|move|p2a: Tapu Koko|Reflect|p2a: Tapu Koko\n|-sidestart|p2: KARROL|Reflect\n|move|p1a: Dragonite|Earthquake|p2a: Tapu Koko\n|-supereffective|p2a: Tapu Koko\n|-damage|p2a: Tapu Koko|21\/100\n|\n|upkeep\n|turn|11\n|\n|t:|1700431460\n|move|p2a: Tapu Koko|Light Screen|p2a: Tapu Koko\n|-sidestart|p2: KARROL|move: Light Screen\n|move|p1a: Dragonite|Earthquake|p2a: Tapu Koko\n|-supereffective|p2a: Tapu Koko\n|-damage|p2a: Tapu Koko|0 fnt\n|faint|p2a: Tapu Koko\n|\n|upkeep\n|\n|t:|1700431463\n|switch|p2a: Porygon-Z|Porygon-Z|100\/100\n|-damage|p2a: Porygon-Z|88\/100|[from] Stealth Rock\n|-damage|p2a: Porygon-Z|64\/100|[from] Spikes\n|turn|12\n|\n|t:|1700431468\n|-zpower|p2a: Porygon-Z\n|move|p2a: Porygon-Z|Z-Conversion|p2a: Porygon-Z|[anim]Conversion\n|-boost|p2a: Porygon-Z|atk|1|[zeffect]\n|-boost|p2a: Porygon-Z|def|1|[zeffect]\n|-boost|p2a: Porygon-Z|spa|1|[zeffect]\n|-boost|p2a: Porygon-Z|spd|1|[zeffect]\n|-boost|p2a: Porygon-Z|spe|1|[zeffect]\n|-start|p2a: Porygon-Z|typechange|Electric\n|move|p1a: Dragonite|Dragon Tail|p2a: Porygon-Z|[miss]\n|-miss|p1a: Dragonite|p2a: Porygon-Z\n|\n|upkeep\n|turn|13\n|\n|t:|1700431478\n|move|p2a: Porygon-Z|Ice Beam|p1a: Dragonite\n|-supereffective|p1a: Dragonite\n|-damage|p1a: Dragonite|0 fnt\n|faint|p1a: Dragonite\n|\n|upkeep\n|\n|t:|1700431483\n|switch|p1a: Ferrothorn|Ferrothorn, F|100\/100\n|turn|14\n|\n|t:|1700431486\n|move|p2a: Porygon-Z|Ice Beam|p1a: Ferrothorn\n|-damage|p1a: Ferrothorn|59\/100\n|move|p1a: Ferrothorn|Leech Seed|p2a: Porygon-Z\n|-start|p2a: Porygon-Z|move: Leech Seed\n|\n|-damage|p2a: Porygon-Z|51\/100|[from] Leech Seed|[of] p1a: Ferrothorn\n|-heal|p1a: Ferrothorn|69\/100|[silent]\n|-sideend|p2: KARROL|Reflect\n|upkeep\n|turn|15\n|\n|t:|1700431494\n|move|p1a: Ferrothorn|Protect|p1a: Ferrothorn\n|-singleturn|p1a: Ferrothorn|Protect\n|move|p2a: Porygon-Z|Thunderbolt|p1a: Ferrothorn\n|-activate|p1a: Ferrothorn|move: Protect\n|\n|-damage|p2a: Porygon-Z|39\/100|[from] Leech Seed|[of] p1a: Ferrothorn\n|-heal|p1a: Ferrothorn|80\/100|[silent]\n|-sideend|p2: KARROL|move: Light Screen\n|upkeep\n|turn|16\n|\n|t:|1700431501\n|move|p2a: Porygon-Z|Thunderbolt|p1a: Ferrothorn\n|-resisted|p1a: Ferrothorn\n|-damage|p1a: Ferrothorn|29\/100\n|move|p1a: Ferrothorn|Gyro Ball|p2a: Porygon-Z\n|-resisted|p2a: Porygon-Z\n|-damage|p2a: Porygon-Z|16\/100\n|\n|-damage|p2a: Porygon-Z|4\/100|[from] Leech Seed|[of] p1a: Ferrothorn\n|-heal|p1a: Ferrothorn|40\/100|[silent]\n|upkeep\n|turn|17\n|\n|t:|1700431509\n|move|p1a: Ferrothorn|Protect|p1a: Ferrothorn\n|-singleturn|p1a: Ferrothorn|Protect\n|move|p2a: Porygon-Z|Recover|p2a: Porygon-Z\n|-heal|p2a: Porygon-Z|54\/100\n|\n|-damage|p2a: Porygon-Z|42\/100|[from] Leech Seed|[of] p1a: Ferrothorn\n|-heal|p1a: Ferrothorn|50\/100|[silent]\n|-fieldend|move: Electric Terrain\n|upkeep\n|turn|18\n|\n|t:|1700431514\n|move|p2a: Porygon-Z|Thunderbolt|p1a: Ferrothorn\n|-resisted|p1a: Ferrothorn\n|-damage|p1a: Ferrothorn|6\/100\n|move|p1a: Ferrothorn|Knock Off|p2a: Porygon-Z\n|-damage|p2a: Porygon-Z|28\/100\n|\n|-damage|p2a: Porygon-Z|16\/100|[from] Leech Seed|[of] p1a: Ferrothorn\n|-heal|p1a: Ferrothorn|16\/100|[silent]\n|upkeep\n|turn|19\n|\n|t:|1700431521\n|move|p2a: Porygon-Z|Recover|p2a: Porygon-Z\n|-heal|p2a: Porygon-Z|66\/100\n|move|p1a: Ferrothorn|Gyro Ball|p2a: Porygon-Z\n|-resisted|p2a: Porygon-Z\n|-damage|p2a: Porygon-Z|43\/100\n|\n|-damage|p2a: Porygon-Z|30\/100|[from] Leech Seed|[of] p1a: Ferrothorn\n|-heal|p1a: Ferrothorn|27\/100|[silent]\n|upkeep\n|turn|20\n|\n|t:|1700431525\n|move|p2a: Porygon-Z|Recover|p2a: Porygon-Z\n|-heal|p2a: Porygon-Z|81\/100\n|move|p1a: Ferrothorn|Gyro Ball|p2a: Porygon-Z\n|-resisted|p2a: Porygon-Z\n|-damage|p2a: Porygon-Z|58\/100\n|\n|-damage|p2a: Porygon-Z|46\/100|[from] Leech Seed|[of] p1a: Ferrothorn\n|-heal|p1a: Ferrothorn|38\/100|[silent]\n|upkeep\n|turn|21\n|\n|t:|1700431528\n|move|p2a: Porygon-Z|Thunderbolt|p1a: Ferrothorn\n|-resisted|p1a: Ferrothorn\n|-damage|p1a: Ferrothorn|0 fnt\n|faint|p1a: Ferrothorn\n|\n|upkeep\n|\n|t:|1700431533\n|switch|p1a: Clefable|Clefable, M|100\/100\n|turn|22\n|\n|t:|1700431536\n|move|p2a: Porygon-Z|Thunderbolt|p1a: Clefable\n|-damage|p1a: Clefable|40\/100\n|move|p1a: Clefable|Calm Mind|p1a: Clefable\n|-boost|p1a: Clefable|spa|1\n|-boost|p1a: Clefable|spd|1\n|\n|-heal|p1a: Clefable|46\/100|[from] item: Leftovers\n|-damage|p2a: Porygon-Z|34\/100|[from] Leech Seed|[of] p1a: Clefable\n|-heal|p1a: Clefable|56\/100|[silent]\n|upkeep\n|turn|23\n|\n|t:|1700431540\n|move|p2a: Porygon-Z|Thunderbolt|p1a: Clefable\n|-damage|p1a: Clefable|12\/100\n|-status|p1a: Clefable|par\n|cant|p1a: Clefable|par\n|\n|-heal|p1a: Clefable|18\/100 par|[from] item: Leftovers\n|-damage|p2a: Porygon-Z|21\/100|[from] Leech Seed|[of] p1a: Clefable\n|-heal|p1a: Clefable|27\/100 par|[silent]\n|upkeep\n|turn|24\n|\n|t:|1700431544\n|move|p2a: Porygon-Z|Thunderbolt|p1a: Clefable\n|-damage|p1a: Clefable|0 fnt\n|faint|p1a: Clefable\n|\n|upkeep\n|\n|t:|1700431548\n|switch|p1a: Tapu Koko|Tapu Koko|100\/100\n|-fieldstart|move: Electric Terrain|[from] ability: Electric Surge|[of] p1a: Tapu Koko\n|-item|p1a: Tapu Koko|Air Balloon\n|turn|25\n|\n|t:|1700431553\n|move|p2a: Porygon-Z|Recover|p2a: Porygon-Z\n|-heal|p2a: Porygon-Z|72\/100\n|move|p1a: Tapu Koko|Volt Switch|p2a: Porygon-Z\n|-resisted|p2a: Porygon-Z\n|-damage|p2a: Porygon-Z|57\/100\n|\n|t:|1700431554\n|switch|p1a: Greninja|Greninja, M|100\/100|[from] Volt Switch\n|\n|-damage|p2a: Porygon-Z|45\/100|[from] Leech Seed|[of] p1a: Greninja\n|upkeep\n|turn|26\n|\n|t:|1700431558\n|-terastallize|p1a: Greninja|Grass\n|move|p2a: Porygon-Z|Thunderbolt|p1a: Greninja\n|-resisted|p1a: Greninja\n|-damage|p1a: Greninja|0 fnt\n|faint|p1a: Greninja\n|\n|upkeep\n|\n|t:|1700431562\n|switch|p1a: Tapu Koko|Tapu Koko|100\/100\n|-item|p1a: Tapu Koko|Air Balloon\n|turn|27\n|\n|t:|1700431567\n|move|p2a: Porygon-Z|Thunderbolt|p1a: Tapu Koko\n|-resisted|p1a: Tapu Koko\n|-damage|p1a: Tapu Koko|11\/100\n|-enditem|p1a: Tapu Koko|Air Balloon\n|move|p1a: Tapu Koko|Hidden Power|p2a: Porygon-Z\n|-damage|p2a: Porygon-Z|30\/100\n|\n|-damage|p2a: Porygon-Z|18\/100|[from] Leech Seed|[of] p1a: Tapu Koko\n|-heal|p1a: Tapu Koko|25\/100|[silent]\n|upkeep\n|turn|28\n|\n|t:|1700431571\n|move|p2a: Porygon-Z|Thunderbolt|p1a: Tapu Koko\n|-resisted|p1a: Tapu Koko\n|-damage|p1a: Tapu Koko|0 fnt\n|faint|p1a: Tapu Koko\n|\n|win|KARROL\n|raw|Oliotus's rating: 1242 &rarr; <strong>1224<\/strong><br \/>(-18 for losing)\n|raw|KARROL's rating: 1347 &rarr; <strong>1361<\/strong><br \/>(+14 for winning)\n","uploadtime":1700431577,"views":17,"p1id":"oliotus","p2id":"karrol","formatid":"gen9nationaldex","rating":1224,"private":0,"password":""}