{"id":"gen9nationaldex-1987698484","p1":"Joap02","p2":"shenye","format":"[Gen 9] National Dex","log":"|j|\u2606Joap02\n|j|\u2606shenye\n|t:|1699628769\n|gametype|singles\n|player|p1|Joap02|gentleman-gen4dp|1096\n|player|p2|shenye|266|1041\n|teamsize|p1|6\n|teamsize|p2|6\n|gen|9\n|tier|[Gen 9] National Dex\n|rated|\n|rule|HP Percentage Mod: HP is shown in percentages\n|rule|Endless Battle Clause: Forcing endless battles is banned\n|rule|OHKO Clause: OHKO moves are banned\n|rule|Evasion Clause: Evasion abilities, items, and moves are banned\n|rule|Evasion Abilities Clause: Evasion abilities are banned\n|rule|Evasion Items Clause: Evasion items are banned\n|rule|Evasion Moves Clause: Evasion moves are banned\n|rule|Species Clause: Limit one of each Pok\u00e9mon\n|rule|Sleep Clause Mod: Limit one foe put to sleep\n|clearpoke\n|poke|p1|Umbreon, M|\n|poke|p1|Gliscor, M|\n|poke|p1|Swampert, M|\n|poke|p1|Garchomp, M|\n|poke|p1|Togekiss, F|\n|poke|p1|Indeedee-F, F|\n|poke|p2|Gliscor, F|\n|poke|p2|Greninja-*, M|\n|poke|p2|Aegislash, F|\n|poke|p2|Umbreon, F|\n|poke|p2|Sceptile, M|\n|poke|p2|Excadrill, M|\n|teampreview\n|\n|t:|1699628783\n|start\n|switch|p1a: D\u00e1ve|Umbreon, M, shiny|100\/100\n|switch|p2a: Gliscor|Gliscor, F|100\/100\n|turn|1\n|\n|t:|1699628794\n|move|p2a: Gliscor|Stealth Rock|p1a: D\u00e1ve\n|-sidestart|p1: Joap02|move: Stealth Rock\n|move|p1a: D\u00e1ve|Reflect|p1a: D\u00e1ve\n|-sidestart|p1: Joap02|Reflect\n|\n|-status|p2a: Gliscor|tox|[from] item: Toxic Orb\n|upkeep\n|turn|2\n|\n|t:|1699628801\n|move|p2a: Gliscor|Toxic Spikes|p1a: D\u00e1ve\n|-sidestart|p1: Joap02|move: Toxic Spikes\n|move|p1a: D\u00e1ve|Light Screen|p1a: D\u00e1ve\n|-sidestart|p1: Joap02|move: Light Screen\n|\n|upkeep\n|turn|3\n|\n|t:|1699628816\n|move|p2a: Gliscor|Earthquake|p1a: D\u00e1ve\n|-damage|p1a: D\u00e1ve|88\/100\n|move|p1a: D\u00e1ve|Calm Mind|p1a: D\u00e1ve\n|-boost|p1a: D\u00e1ve|spa|1\n|-boost|p1a: D\u00e1ve|spd|1\n|\n|upkeep\n|turn|4\n|\n|t:|1699628849\n|switch|p2a: Umbreon|Umbreon, F|100\/100\n|move|p1a: D\u00e1ve|Calm Mind|p1a: D\u00e1ve\n|-boost|p1a: D\u00e1ve|spa|1\n|-boost|p1a: D\u00e1ve|spd|1\n|\n|upkeep\n|turn|5\n|inactive|Battle timer is ON: inactive players will automatically lose when time's up. (requested by Joap02)\n|\n|t:|1699628858\n|move|p2a: Umbreon|Light Screen|p2a: Umbreon\n|-sidestart|p2: shenye|move: Light Screen\n|move|p1a: D\u00e1ve|Dark Pulse|p2a: Umbreon\n|-resisted|p2a: Umbreon\n|-damage|p2a: Umbreon|94\/100\n|\n|-heal|p2a: Umbreon|99\/100|[from] item: Leftovers\n|-sideend|p1: Joap02|Reflect\n|upkeep\n|turn|6\n|\n|t:|1699628872\n|move|p2a: Umbreon|Foul Play|p1a: D\u00e1ve\n|-resisted|p1a: D\u00e1ve\n|-damage|p1a: D\u00e1ve|82\/100\n|move|p1a: D\u00e1ve|Dark Pulse|p2a: Umbreon\n|-resisted|p2a: Umbreon\n|-damage|p2a: Umbreon|93\/100\n|\n|-heal|p2a: Umbreon|99\/100|[from] item: Leftovers\n|-sideend|p1: Joap02|move: Light Screen\n|upkeep\n|turn|7\n|\n|t:|1699628885\n|move|p2a: Umbreon|Foul Play|p1a: D\u00e1ve\n|-resisted|p1a: D\u00e1ve\n|-damage|p1a: D\u00e1ve|75\/100\n|move|p1a: D\u00e1ve|Light Screen|p1a: D\u00e1ve\n|-sidestart|p1: Joap02|move: Light Screen\n|\n|-heal|p2a: Umbreon|100\/100|[from] item: Leftovers\n|upkeep\n|turn|8\n|\n|t:|1699628896\n|move|p2a: Umbreon|Foul Play|p1a: D\u00e1ve\n|-resisted|p1a: D\u00e1ve\n|-damage|p1a: D\u00e1ve|67\/100\n|move|p1a: D\u00e1ve|Reflect|p1a: D\u00e1ve\n|-sidestart|p1: Joap02|Reflect\n|\n|upkeep\n|turn|9\n|\n|t:|1699628911\n|switch|p2a: Aegislash|Aegislash, F|100\/100\n|move|p1a: D\u00e1ve|Calm Mind|p1a: D\u00e1ve\n|-boost|p1a: D\u00e1ve|spa|1\n|-boost|p1a: D\u00e1ve|spd|1\n|\n|-sideend|p2: shenye|move: Light Screen\n|upkeep\n|turn|10\n|\n|t:|1699628921\n|move|p1a: D\u00e1ve|Calm Mind|p1a: D\u00e1ve\n|-boost|p1a: D\u00e1ve|spa|1\n|-boost|p1a: D\u00e1ve|spd|1\n|move|p2a: Aegislash|Substitute|p2a: Aegislash\n|-start|p2a: Aegislash|Substitute\n|-damage|p2a: Aegislash|76\/100\n|\n|upkeep\n|turn|11\n|\n|t:|1699628930\n|move|p1a: D\u00e1ve|Calm Mind|p1a: D\u00e1ve\n|-boost|p1a: D\u00e1ve|spa|1\n|-boost|p1a: D\u00e1ve|spd|1\n|-formechange|p2a: Aegislash|Aegislash-Blade||[from] ability: Stance Change\n|move|p2a: Aegislash|Sacred Sword|p1a: D\u00e1ve\n|-supereffective|p1a: D\u00e1ve\n|-damage|p1a: D\u00e1ve|44\/100\n|\n|-sideend|p1: Joap02|move: Light Screen\n|upkeep\n|turn|12\n|\n|t:|1699628949\n|-terastallize|p1a: D\u00e1ve|Ghost\n|-formechange|p2a: Aegislash|Aegislash||[from] ability: Stance Change\n|move|p2a: Aegislash|King's Shield|p2a: Aegislash\n|-singleturn|p2a: Aegislash|Protect\n|move|p1a: D\u00e1ve|Dark Pulse|p2a: Aegislash\n|-activate|p2a: Aegislash|move: Protect\n|\n|-sideend|p1: Joap02|Reflect\n|upkeep\n|turn|13\n|\n|t:|1699628959\n|move|p1a: D\u00e1ve|Reflect|p1a: D\u00e1ve\n|-sidestart|p1: Joap02|Reflect\n|-formechange|p2a: Aegislash|Aegislash-Blade||[from] ability: Stance Change\n|move|p2a: Aegislash|Sacred Sword|p1a: D\u00e1ve\n|-immune|p1a: D\u00e1ve\n|\n|upkeep\n|turn|14\n|\n|t:|1699628968\n|-formechange|p2a: Aegislash|Aegislash||[from] ability: Stance Change\n|move|p2a: Aegislash|King's Shield|p2a: Aegislash\n|-singleturn|p2a: Aegislash|Protect\n|move|p1a: D\u00e1ve|Dark Pulse|p2a: Aegislash\n|-activate|p2a: Aegislash|move: Protect\n|\n|upkeep\n|turn|15\n|\n|t:|1699628976\n|move|p1a: D\u00e1ve|Dark Pulse|p2a: Aegislash\n|-supereffective|p2a: Aegislash\n|-end|p2a: Aegislash|Substitute\n|-formechange|p2a: Aegislash|Aegislash-Blade||[from] ability: Stance Change\n|move|p2a: Aegislash|Sacred Sword|p1a: D\u00e1ve\n|-immune|p1a: D\u00e1ve\n|\n|upkeep\n|turn|16\n|\n|t:|1699628990\n|-formechange|p2a: Aegislash|Aegislash||[from] ability: Stance Change\n|move|p2a: Aegislash|King's Shield|p2a: Aegislash\n|-singleturn|p2a: Aegislash|Protect\n|move|p1a: D\u00e1ve|Dark Pulse|p2a: Aegislash\n|-activate|p2a: Aegislash|move: Protect\n|\n|upkeep\n|turn|17\n|\n|t:|1699628999\n|move|p1a: D\u00e1ve|Dark Pulse|p2a: Aegislash\n|-supereffective|p2a: Aegislash\n|-damage|p2a: Aegislash|0 fnt\n|faint|p2a: Aegislash\n|\n|-sideend|p1: Joap02|Reflect\n|upkeep\n|\n|t:|1699629005\n|switch|p2a: Umbreon|Umbreon, F|100\/100\n|turn|18\n|\n|t:|1699629011\n|move|p2a: Umbreon|Foul Play|p1a: D\u00e1ve\n|-supereffective|p1a: D\u00e1ve\n|-damage|p1a: D\u00e1ve|16\/100\n|-enditem|p1a: D\u00e1ve|Aguav Berry|[eat]\n|-heal|p1a: D\u00e1ve|49\/100|[from] item: Aguav Berry\n|move|p1a: D\u00e1ve|Dark Pulse|p2a: Umbreon\n|-resisted|p2a: Umbreon\n|-damage|p2a: Umbreon|77\/100\n|\n|-heal|p2a: Umbreon|83\/100|[from] item: Leftovers\n|upkeep\n|turn|19\n|\n|t:|1699629023\n|move|p2a: Umbreon|Foul Play|p1a: D\u00e1ve\n|-supereffective|p1a: D\u00e1ve\n|-crit|p1a: D\u00e1ve\n|-damage|p1a: D\u00e1ve|5\/100\n|move|p1a: D\u00e1ve|Dark Pulse|p2a: Umbreon\n|-resisted|p2a: Umbreon\n|-damage|p2a: Umbreon|60\/100\n|\n|-heal|p2a: Umbreon|66\/100|[from] item: Leftovers\n|upkeep\n|turn|20\n|\n|t:|1699629033\n|move|p2a: Umbreon|Foul Play|p1a: D\u00e1ve\n|-supereffective|p1a: D\u00e1ve\n|-damage|p1a: D\u00e1ve|0 fnt\n|faint|p1a: D\u00e1ve\n|\n|-heal|p2a: Umbreon|72\/100|[from] item: Leftovers\n|upkeep\n|\n|t:|1699629051\n|switch|p1a: Honren|Garchomp, M, shiny|100\/100\n|-damage|p1a: Honren|94\/100|[from] Stealth Rock\n|-status|p1a: Honren|psn\n|turn|21\n|\n|t:|1699629066\n|move|p1a: Honren|Stealth Rock|p2a: Umbreon\n|-sidestart|p2: shenye|move: Stealth Rock\n|move|p2a: Umbreon|Moonlight|p2a: Umbreon\n|-heal|p2a: Umbreon|100\/100\n|\n|-damage|p1a: Honren|82\/100 psn|[from] psn\n|upkeep\n|turn|22\n|\n|t:|1699629075\n|move|p2a: Umbreon|Reflect|p2a: Umbreon\n|-sidestart|p2: shenye|Reflect\n|move|p1a: Honren|Dragon Tail|p2a: Umbreon\n|-damage|p2a: Umbreon|91\/100\n|drag|p2a: Gliscor|Gliscor, F|100\/100 tox\n|-damage|p2a: Gliscor|88\/100 tox|[from] Stealth Rock\n|\n|-damage|p1a: Honren|69\/100 psn|[from] psn\n|-heal|p2a: Gliscor|100\/100 tox|[from] ability: Poison Heal\n|upkeep\n|turn|23\n|\n|t:|1699629088\n|move|p1a: Honren|Brick Break|p2a: Gliscor\n|-sideend|p2: shenye|Reflect\n|-resisted|p2a: Gliscor\n|-damage|p2a: Gliscor|92\/100 tox\n|move|p2a: Gliscor|Defog|p1a: Honren\n|-unboost|p1a: Honren|evasion|1\n|-sideend|p1: Joap02|Toxic Spikes|[from] move: Defog|[of] p2a: Gliscor\n|-sideend|p1: Joap02|Stealth Rock|[from] move: Defog|[of] p2a: Gliscor\n|-sideend|p2: shenye|Stealth Rock|[from] move: Defog|[of] p2a: Gliscor\n|\n|-damage|p1a: Honren|57\/100 psn|[from] psn\n|-heal|p2a: Gliscor|100\/100 tox|[from] ability: Poison Heal\n|upkeep\n|turn|24\n|\n|t:|1699629100\n|move|p2a: Gliscor|Stealth Rock|p1a: Honren\n|-sidestart|p1: Joap02|move: Stealth Rock\n|move|p1a: Honren|Dragon Tail|p2a: Gliscor|[miss]\n|-miss|p1a: Honren|p2a: Gliscor\n|\n|-damage|p1a: Honren|45\/100 psn|[from] psn\n|upkeep\n|turn|25\n|\n|t:|1699629106\n|move|p2a: Gliscor|Toxic Spikes|p1a: Honren\n|-sidestart|p1: Joap02|move: Toxic Spikes\n|move|p1a: Honren|Dragon Tail|p2a: Gliscor|[miss]\n|-miss|p1a: Honren|p2a: Gliscor\n|\n|-damage|p1a: Honren|32\/100 psn|[from] psn\n|upkeep\n|turn|26\n|\n|t:|1699629112\n|move|p2a: Gliscor|Earthquake|p1a: Honren\n|-damage|p1a: Honren|7\/100 psn\n|move|p1a: Honren|Dragon Tail|p2a: Gliscor|[miss]\n|-miss|p1a: Honren|p2a: Gliscor\n|\n|-damage|p1a: Honren|0 fnt|[from] psn\n|faint|p1a: Honren\n|upkeep\n|\n|t:|1699629122\n|switch|p1a: Gliscor|Gliscor, M|100\/100\n|-damage|p1a: Gliscor|88\/100|[from] Stealth Rock\n|turn|27\n|\n|t:|1699629142\n|switch|p2a: Greninja|Greninja, M|100\/100\n|move|p1a: Gliscor|Crabhammer|p2a: Greninja\n|-resisted|p2a: Greninja\n|-damage|p2a: Greninja|79\/100\n|\n|-status|p1a: Gliscor|tox|[from] item: Toxic Orb\n|upkeep\n|turn|28\n|\n|t:|1699629156\n|move|p2a: Greninja|Ice Beam|p1a: Gliscor\n|-supereffective|p1a: Gliscor\n|-damage|p1a: Gliscor|0 fnt\n|faint|p1a: Gliscor\n|-ability|p2a: Greninja|Battle Bond|boost\n|-boost|p2a: Greninja|atk|1\n|-boost|p2a: Greninja|spa|1\n|-boost|p2a: Greninja|spe|1\n|-activate|p2a: Greninja|ability: Battle Bond\n|\n|upkeep\n|\n|t:|1699629166\n|switch|p1a: Phael|Togekiss, F, shiny|100\/100\n|-damage|p1a: Phael|76\/100|[from] Stealth Rock\n|turn|29\n|\n|t:|1699629174\n|move|p2a: Greninja|Ice Beam|p1a: Phael\n|-supereffective|p1a: Phael\n|-damage|p1a: Phael|0 fnt\n|faint|p1a: Phael\n|\n|upkeep\n|\n|t:|1699629178\n|switch|p1a: Johnn|Indeedee-F, F, shiny|100\/100\n|-damage|p1a: Johnn|88\/100|[from] Stealth Rock\n|-status|p1a: Johnn|psn\n|-fieldstart|move: Psychic Terrain|[from] ability: Psychic Surge|[of] p1a: Johnn\n|turn|30\n|\n|t:|1699629189\n|switch|p2a: Umbreon|Umbreon, F|91\/100\n|move|p1a: Johnn|Shadow Ball|p2a: Umbreon\n|-resisted|p2a: Umbreon\n|-damage|p2a: Umbreon|84\/100\n|\n|-heal|p2a: Umbreon|90\/100|[from] item: Leftovers\n|-damage|p1a: Johnn|76\/100 psn|[from] psn\n|upkeep\n|turn|31\n|\n|t:|1699629201\n|move|p1a: Johnn|Energy Ball|p2a: Umbreon\n|-damage|p2a: Umbreon|77\/100\n|move|p2a: Umbreon|Foul Play|p1a: Johnn\n|-supereffective|p1a: Johnn\n|-damage|p1a: Johnn|31\/100 psn\n|\n|-heal|p2a: Umbreon|83\/100|[from] item: Leftovers\n|-damage|p1a: Johnn|19\/100 psn|[from] psn\n|upkeep\n|turn|32\n|\n|t:|1699629212\n|move|p1a: Johnn|Energy Ball|p2a: Umbreon\n|-damage|p2a: Umbreon|69\/100\n|move|p2a: Umbreon|Foul Play|p1a: Johnn\n|-supereffective|p1a: Johnn\n|-damage|p1a: Johnn|0 fnt\n|faint|p1a: Johnn\n|\n|-heal|p2a: Umbreon|75\/100|[from] item: Leftovers\n|upkeep\n|\n|t:|1699629219\n|switch|p1a: Tombes|Swampert, M|100\/100\n|-damage|p1a: Tombes|94\/100|[from] Stealth Rock\n|-status|p1a: Tombes|psn\n|turn|33\n|\n|t:|1699629227\n|detailschange|p1a: Tombes|Swampert-Mega, M\n|-mega|p1a: Tombes|Swampert|Swampertite\n|move|p1a: Tombes|Hammer Arm|p2a: Umbreon|[miss]\n|-miss|p1a: Tombes|p2a: Umbreon\n|move|p2a: Umbreon|Reflect|p2a: Umbreon\n|-sidestart|p2: shenye|Reflect\n|\n|-heal|p2a: Umbreon|81\/100|[from] item: Leftovers\n|-damage|p1a: Tombes|82\/100 psn|[from] psn\n|upkeep\n|turn|34\n|\n|t:|1699629236\n|move|p1a: Tombes|Hammer Arm|p2a: Umbreon\n|-supereffective|p2a: Umbreon\n|-damage|p2a: Umbreon|51\/100\n|-unboost|p1a: Tombes|spe|1\n|move|p2a: Umbreon|Moonlight|p2a: Umbreon\n|-heal|p2a: Umbreon|100\/100\n|\n|-damage|p1a: Tombes|70\/100 psn|[from] psn\n|-fieldend|move: Psychic Terrain\n|upkeep\n|turn|35\n|\n|t:|1699629248\n|switch|p2a: Sceptile|Sceptile, M|100\/100\n|move|p1a: Tombes|Hammer Arm|p2a: Sceptile\n|-damage|p2a: Sceptile|67\/100\n|-unboost|p1a: Tombes|spe|1\n|\n|-damage|p1a: Tombes|57\/100 psn|[from] psn\n|upkeep\n|turn|36\n|\n|t:|1699629262\n|detailschange|p2a: Sceptile|Sceptile-Mega, M\n|-mega|p2a: Sceptile|Sceptile|Sceptilite\n|move|p2a: Sceptile|Leaf Storm|p1a: Tombes\n|-supereffective|p1a: Tombes\n|-damage|p1a: Tombes|0 fnt\n|-unboost|p2a: Sceptile|spa|2\n|faint|p1a: Tombes\n|\n|win|shenye\n|raw|Joap02's rating: 1096 &rarr; <strong>1068<\/strong><br \/>(-28 for losing)\n|raw|shenye's rating: 1041 &rarr; <strong>1080<\/strong><br \/>(+39 for winning)\n","uploadtime":1699629275,"views":14,"p1id":"joap02","p2id":"shenye","formatid":"gen9nationaldex","rating":1068,"private":0,"password":""}