{"id":"gen9nationaldex-2000101267","p1":"Just Typical","p2":"clayanto","format":"[Gen 9] National Dex","log":"|html|<div class=\"broadcast-blue\"><strong>[Gen 9] National Dex is currently suspecting Sneasler! For information on how to participate check out the <a href=\"https:\/\/www.smogon.com\/forums\/threads\/sv-national-dex-suspect-8-just-dance.3731534\/\">suspect thread<\/a>.<\/strong><\/div>\n|j|\u2606Just Typical\n|j|\u2606clayanto\n|t:|1701154976\n|gametype|singles\n|player|p1|Just Typical|brawly|1347\n|player|p2|clayanto|265|1489\n|teamsize|p1|6\n|teamsize|p2|6\n|gen|9\n|tier|[Gen 9] National Dex\n|rated|\n|rule|HP Percentage Mod: HP is shown in percentages\n|rule|Endless Battle Clause: Forcing endless battles is banned\n|rule|OHKO Clause: OHKO moves are banned\n|rule|Evasion Clause: Evasion abilities, items, and moves are banned\n|rule|Evasion Abilities Clause: Evasion abilities are banned\n|rule|Evasion Items Clause: Evasion items are banned\n|rule|Evasion Moves Clause: Evasion moves are banned\n|rule|Species Clause: Limit one of each Pok\u00e9mon\n|rule|Sleep Clause Mod: Limit one foe put to sleep\n|clearpoke\n|poke|p1|Garchomp, M|\n|poke|p1|Sableye, M|\n|poke|p1|Medicham, F|\n|poke|p1|Slowking-Galar, M|\n|poke|p1|Heatran, F|\n|poke|p1|Araquanid, F|\n|poke|p2|Landorus-Therian, M|\n|poke|p2|Chandelure, F|\n|poke|p2|Blaziken, F|\n|poke|p2|Venusaur, F|\n|poke|p2|Cresselia, F|\n|poke|p2|Celesteela|\n|teampreview\n|inactive|Battle timer is ON: inactive players will automatically lose when time's up. (requested by clayanto)\n|\n|t:|1701154986\n|start\n|switch|p1a: OBSESSION|Sableye, M|100\/100\n|switch|p2a: \u6960\u6728\u706f|Chandelure, F, shiny|100\/100\n|turn|1\n|\n|t:|1701154991\n|switch|p2a: \u56fd\u6728\u7530\u82b1\u4e38|Venusaur, F|100\/100\n|move|p1a: OBSESSION|Light Screen|p1a: OBSESSION\n|-sidestart|p1: Just Typical|move: Light Screen\n|\n|upkeep\n|turn|2\n|\n|t:|1701154998\n|detailschange|p2a: \u56fd\u6728\u7530\u82b1\u4e38|Venusaur-Mega, F\n|-mega|p2a: \u56fd\u6728\u7530\u82b1\u4e38|Venusaur|Venusaurite\n|move|p1a: OBSESSION|Reflect|p1a: OBSESSION\n|-sidestart|p1: Just Typical|Reflect\n|move|p2a: \u56fd\u6728\u7530\u82b1\u4e38|Leech Seed|p1a: OBSESSION\n|-start|p1a: OBSESSION|move: Leech Seed\n|\n|-damage|p1a: OBSESSION|88\/100|[from] Leech Seed|[of] p2a: \u56fd\u6728\u7530\u82b1\u4e38\n|upkeep\n|turn|3\n|\n|t:|1701155008\n|move|p1a: OBSESSION|Encore|p2a: \u56fd\u6728\u7530\u82b1\u4e38\n|-start|p2a: \u56fd\u6728\u7530\u82b1\u4e38|Encore\n|move|p2a: \u56fd\u6728\u7530\u82b1\u4e38|Leech Seed||[still]\n|-fail|p2a: \u56fd\u6728\u7530\u82b1\u4e38\n|\n|-damage|p1a: OBSESSION|76\/100|[from] Leech Seed|[of] p2a: \u56fd\u6728\u7530\u82b1\u4e38\n|upkeep\n|turn|4\n|\n|t:|1701155012\n|switch|p1a: OPEN FRENZY|Garchomp, M|100\/100\n|move|p2a: \u56fd\u6728\u7530\u82b1\u4e38|Leech Seed|p1a: OPEN FRENZY\n|-start|p1a: OPEN FRENZY|move: Leech Seed\n|\n|-damage|p1a: OPEN FRENZY|88\/100|[from] Leech Seed|[of] p2a: \u56fd\u6728\u7530\u82b1\u4e38\n|upkeep\n|turn|5\n|\n|t:|1701155016\n|switch|p2a: \u94c3\u6728\u7231\u5948|Landorus-Therian, M, shiny|100\/100\n|-ability|p2a: \u94c3\u6728\u7231\u5948|Intimidate|boost\n|-unboost|p1a: OPEN FRENZY|atk|1\n|move|p1a: OPEN FRENZY|Swords Dance|p1a: OPEN FRENZY\n|-boost|p1a: OPEN FRENZY|atk|2\n|\n|-damage|p1a: OPEN FRENZY|76\/100|[from] Leech Seed|[of] p2a: \u94c3\u6728\u7231\u5948\n|upkeep\n|turn|6\n|\n|t:|1701155023\n|move|p2a: \u94c3\u6728\u7231\u5948|Knock Off|p1a: OPEN FRENZY\n|-damage|p1a: OPEN FRENZY|61\/100\n|-damage|p2a: \u94c3\u6728\u7231\u5948|88\/100|[from] ability: Rough Skin|[of] p1a: OPEN FRENZY\n|-enditem|p1a: OPEN FRENZY|Loaded Dice|[from] move: Knock Off|[of] p2a: \u94c3\u6728\u7231\u5948\n|move|p1a: OPEN FRENZY|Swords Dance|p1a: OPEN FRENZY\n|-boost|p1a: OPEN FRENZY|atk|2\n|\n|-damage|p1a: OPEN FRENZY|49\/100|[from] Leech Seed|[of] p2a: \u94c3\u6728\u7231\u5948\n|-heal|p2a: \u94c3\u6728\u7231\u5948|100\/100|[silent]\n|upkeep\n|turn|7\n|\n|t:|1701155041\n|move|p2a: \u94c3\u6728\u7231\u5948|U-turn|p1a: OPEN FRENZY\n|-damage|p1a: OPEN FRENZY|37\/100\n|-damage|p2a: \u94c3\u6728\u7231\u5948|88\/100|[from] ability: Rough Skin|[of] p1a: OPEN FRENZY\n|\n|t:|1701155047\n|switch|p2a: \u9ad8\u54b2\u4f91|Celesteela|100\/100|[from] U-turn\n|move|p1a: OPEN FRENZY|Scale Shot|p2a: \u9ad8\u54b2\u4f91|[miss]\n|-miss|p1a: OPEN FRENZY|p2a: \u9ad8\u54b2\u4f91\n|\n|-damage|p1a: OPEN FRENZY|25\/100|[from] Leech Seed|[of] p2a: \u9ad8\u54b2\u4f91\n|upkeep\n|turn|8\n|inactive|clayanto has 120 seconds left.\n|\n|t:|1701155087\n|switch|p1a: HELLFIRE|Heatran, F|100\/100\n|move|p2a: \u9ad8\u54b2\u4f91|Autotomize|p2a: \u9ad8\u54b2\u4f91\n|-boost|p2a: \u9ad8\u54b2\u4f91|spe|2\n|-start|p2a: \u9ad8\u54b2\u4f91|Autotomize\n|\n|-sideend|p1: Just Typical|move: Light Screen\n|upkeep\n|turn|9\n|\n|t:|1701155094\n|move|p2a: \u9ad8\u54b2\u4f91|Air Slash|p1a: HELLFIRE\n|-resisted|p1a: HELLFIRE\n|-damage|p1a: HELLFIRE|90\/100\n|cant|p1a: HELLFIRE|flinch\n|\n|-heal|p1a: HELLFIRE|96\/100|[from] item: Leftovers\n|-sideend|p1: Just Typical|Reflect\n|upkeep\n|turn|10\n|\n|t:|1701155097\n|move|p2a: \u9ad8\u54b2\u4f91|Air Slash|p1a: HELLFIRE\n|-resisted|p1a: HELLFIRE\n|-damage|p1a: HELLFIRE|85\/100\n|move|p1a: HELLFIRE|Magma Storm|p2a: \u9ad8\u54b2\u4f91\n|-supereffective|p2a: \u9ad8\u54b2\u4f91\n|-damage|p2a: \u9ad8\u54b2\u4f91|14\/100\n|-activate|p2a: \u9ad8\u54b2\u4f91|move: Magma Storm|[of] p1a: HELLFIRE\n|\n|-heal|p1a: HELLFIRE|91\/100|[from] item: Leftovers\n|-damage|p2a: \u9ad8\u54b2\u4f91|2\/100|[from] move: Magma Storm|[partiallytrapped]\n|upkeep\n|turn|11\n|\n|t:|1701155101\n|move|p2a: \u9ad8\u54b2\u4f91|Meteor Beam||[still]\n|-prepare|p2a: \u9ad8\u54b2\u4f91|Meteor Beam\n|-boost|p2a: \u9ad8\u54b2\u4f91|spa|1\n|-enditem|p2a: \u9ad8\u54b2\u4f91|Power Herb\n|-anim|p2a: \u9ad8\u54b2\u4f91|Meteor Beam|p1a: HELLFIRE\n|-damage|p1a: HELLFIRE|56\/100\n|move|p1a: HELLFIRE|Stealth Rock|p2a: \u9ad8\u54b2\u4f91\n|-sidestart|p2: clayanto|move: Stealth Rock\n|\n|-heal|p1a: HELLFIRE|62\/100|[from] item: Leftovers\n|-damage|p2a: \u9ad8\u54b2\u4f91|0 fnt|[from] move: Magma Storm|[partiallytrapped]\n|faint|p2a: \u9ad8\u54b2\u4f91\n|upkeep\n|\n|t:|1701155104\n|switch|p2a: \u94c3\u6728\u7231\u5948|Landorus-Therian, M, shiny|88\/100\n|-damage|p2a: \u94c3\u6728\u7231\u5948|76\/100|[from] Stealth Rock\n|-ability|p2a: \u94c3\u6728\u7231\u5948|Intimidate|boost\n|-unboost|p1a: HELLFIRE|atk|1\n|turn|12\n|\n|t:|1701155113\n|switch|p1a: RUDE BUSTER|Araquanid, F|100\/100\n|move|p2a: \u94c3\u6728\u7231\u5948|Knock Off|p1a: RUDE BUSTER\n|-damage|p1a: RUDE BUSTER|63\/100\n|-enditem|p1a: RUDE BUSTER|Leftovers|[from] move: Knock Off|[of] p2a: \u94c3\u6728\u7231\u5948\n|\n|upkeep\n|turn|13\n|\n|t:|1701155121\n|move|p2a: \u94c3\u6728\u7231\u5948|Stone Edge|p1a: RUDE BUSTER\n|-supereffective|p1a: RUDE BUSTER\n|-damage|p1a: RUDE BUSTER|0 fnt\n|faint|p1a: RUDE BUSTER\n|\n|upkeep\n|\n|t:|1701155125\n|switch|p1a: OBSESSION|Sableye, M|76\/100\n|turn|14\n|\n|t:|1701155130\n|switch|p2a: \u6960\u6728\u706f|Chandelure, F, shiny|100\/100\n|-damage|p2a: \u6960\u6728\u706f|76\/100|[from] Stealth Rock\n|move|p1a: OBSESSION|Will-O-Wisp|p2a: \u6960\u6728\u706f\n|-start|p2a: \u6960\u6728\u706f|ability: Flash Fire\n|\n|upkeep\n|turn|15\n|\n|t:|1701155135\n|move|p1a: OBSESSION|Light Screen|p1a: OBSESSION\n|-sidestart|p1: Just Typical|move: Light Screen\n|move|p2a: \u6960\u6728\u706f|Trick|p1a: OBSESSION\n|-activate|p2a: \u6960\u6728\u706f|move: Trick|[of] p1a: OBSESSION\n|-item|p1a: OBSESSION|Choice Scarf|[from] move: Trick\n|-item|p2a: \u6960\u6728\u706f|Light Clay|[from] move: Trick\n|\n|upkeep\n|turn|16\n|\n|t:|1701155141\n|-end|p2a: \u6960\u6728\u706f|ability: Flash Fire|[silent]\n|switch|p2a: \u56fd\u6728\u7530\u82b1\u4e38|Venusaur-Mega, F|100\/100\n|-damage|p2a: \u56fd\u6728\u7530\u82b1\u4e38|88\/100|[from] Stealth Rock\n|move|p1a: OBSESSION|Encore||[still]\n|-fail|p1a: OBSESSION\n|\n|upkeep\n|turn|17\n|\n|t:|1701155151\n|switch|p1a: WOODKID|Medicham, F|100\/100\n|move|p2a: \u56fd\u6728\u7530\u82b1\u4e38|Leech Seed|p1a: WOODKID\n|-start|p1a: WOODKID|move: Leech Seed\n|\n|-damage|p1a: WOODKID|88\/100|[from] Leech Seed|[of] p2a: \u56fd\u6728\u7530\u82b1\u4e38\n|-heal|p2a: \u56fd\u6728\u7530\u82b1\u4e38|97\/100|[silent]\n|upkeep\n|turn|18\n|\n|t:|1701155157\n|switch|p2a: \u8fd1\u6c5f\u5f7c\u65b9|Cresselia, F|100\/100\n|-damage|p2a: \u8fd1\u6c5f\u5f7c\u65b9|88\/100|[from] Stealth Rock\n|detailschange|p1a: WOODKID|Medicham-Mega, F\n|-mega|p1a: WOODKID|Medicham|Medichamite\n|move|p1a: WOODKID|Bulk Up|p1a: WOODKID\n|-boost|p1a: WOODKID|atk|1\n|-boost|p1a: WOODKID|def|1\n|\n|-heal|p2a: \u8fd1\u6c5f\u5f7c\u65b9|94\/100|[from] item: Leftovers\n|-damage|p1a: WOODKID|76\/100|[from] Leech Seed|[of] p2a: \u8fd1\u6c5f\u5f7c\u65b9\n|-heal|p2a: \u8fd1\u6c5f\u5f7c\u65b9|100\/100|[silent]\n|upkeep\n|turn|19\n|\n|t:|1701155164\n|move|p1a: WOODKID|Bulk Up|p1a: WOODKID\n|-boost|p1a: WOODKID|atk|1\n|-boost|p1a: WOODKID|def|1\n|move|p2a: \u8fd1\u6c5f\u5f7c\u65b9|Moonblast|p1a: WOODKID\n|-supereffective|p1a: WOODKID\n|-damage|p1a: WOODKID|45\/100\n|\n|-damage|p1a: WOODKID|32\/100|[from] Leech Seed|[of] p2a: \u8fd1\u6c5f\u5f7c\u65b9\n|upkeep\n|turn|20\n|\n|t:|1701155168\n|move|p1a: WOODKID|Psycho Cut|p2a: \u8fd1\u6c5f\u5f7c\u65b9\n|-resisted|p2a: \u8fd1\u6c5f\u5f7c\u65b9\n|-damage|p2a: \u8fd1\u6c5f\u5f7c\u65b9|60\/100\n|move|p2a: \u8fd1\u6c5f\u5f7c\u65b9|Moonblast|p1a: WOODKID\n|-supereffective|p1a: WOODKID\n|-damage|p1a: WOODKID|1\/100\n|\n|-heal|p2a: \u8fd1\u6c5f\u5f7c\u65b9|66\/100|[from] item: Leftovers\n|-damage|p1a: WOODKID|0 fnt|[from] Leech Seed|[of] p2a: \u8fd1\u6c5f\u5f7c\u65b9\n|-heal|p2a: \u8fd1\u6c5f\u5f7c\u65b9|66\/100|[silent]\n|faint|p1a: WOODKID\n|upkeep\n|-message|Just Typical forfeited.\n|\n|win|clayanto\n|raw|Just Typical's rating: 1347 &rarr; <strong>1335<\/strong><br \/>(-12 for losing)\n|raw|clayanto's rating: 1489 &rarr; <strong>1501<\/strong><br \/>(+12 for winning)\n|l|\u2606Just Typical\n|l|\u2606clayanto\n|j|\u2606clayanto\n|player|p2|clayanto|265\n","uploadtime":1701155381,"views":9,"p1id":"justtypical","p2id":"clayanto","formatid":"gen9nationaldex","rating":1335,"private":0,"password":""}