{"id":"gen9nationaldex-1995577729","p1":"RunicPower419","p2":"adem","format":"[Gen 9] National Dex","log":"|html|<div class=\"broadcast-blue\"><strong>[Gen 9] National Dex is currently suspecting Sneasler! For information on how to participate check out the <a href=\"https:\/\/www.smogon.com\/forums\/threads\/sv-national-dex-suspect-8-just-dance.3731534\/\">suspect thread<\/a>.<\/strong><\/div>\n|j|\u2606RunicPower419\n|j|\u2606adem\n|t:|1700584436\n|gametype|singles\n|player|p1|RunicPower419|red-masters|\n|player|p2|adem|#adem|\n|teamsize|p1|6\n|teamsize|p2|6\n|gen|9\n|tier|[Gen 9] National Dex\n|rule|HP Percentage Mod: HP is shown in percentages\n|rule|Endless Battle Clause: Forcing endless battles is banned\n|rule|OHKO Clause: OHKO moves are banned\n|rule|Evasion Clause: Evasion abilities, items, and moves are banned\n|rule|Evasion Abilities Clause: Evasion abilities are banned\n|rule|Evasion Items Clause: Evasion items are banned\n|rule|Evasion Moves Clause: Evasion moves are banned\n|rule|Species Clause: Limit one of each Pok\u00e9mon\n|rule|Sleep Clause Mod: Limit one foe put to sleep\n|clearpoke\n|poke|p1|Zapdos|\n|poke|p1|Sinistcha-Masterpiece|\n|poke|p1|Ting-Lu|\n|poke|p1|Alomomola, F|\n|poke|p1|Heatran, F|\n|poke|p1|Zamazenta-*|\n|poke|p2|Mawile, F|\n|poke|p2|Rotom-Wash|\n|poke|p2|Cinderace, F|\n|poke|p2|Slowking-Galar, M|\n|poke|p2|Samurott-Hisui, M|\n|poke|p2|Landorus-Therian, M|\n|teampreview\n|inactive|Battle timer is ON: inactive players will automatically lose when time's up. (requested by RunicPower419)\n|c|\u2606RunicPower419|glhf\n|\n|t:|1700584451\n|start\n|switch|p1a: Zapdos|Zapdos, shiny|100\/100\n|switch|p2a: Samurott|Samurott-Hisui, M|100\/100\n|turn|1\n|\n|t:|1700584462\n|switch|p2a: Slowking|Slowking-Galar, M|100\/100\n|move|p1a: Zapdos|Volt Switch|p2a: Slowking\n|-damage|p2a: Slowking|77\/100\n|\n|t:|1700584466\n|switch|p1a: Zamazenta|Zamazenta|100\/100|[from] Volt Switch\n|-ability|p1a: Zamazenta|Dauntless Shield|boost\n|-boost|p1a: Zamazenta|def|1\n|\n|upkeep\n|turn|2\n|\n|t:|1700584474\n|move|p1a: Zamazenta|Ice Fang|p2a: Slowking|[miss]\n|-miss|p1a: Zamazenta|p2a: Slowking\n|move|p2a: Slowking|Future Sight|p1a: Zamazenta\n|-start|p2a: Slowking|move: Future Sight\n|\n|upkeep\n|turn|3\n|\n|t:|1700584480\n|switch|p1a: Ting-Lu|Ting-Lu|100\/100\n|-ability|p1a: Ting-Lu|Vessel of Ruin\n|move|p2a: Slowking|Chilly Reception|p2a: Slowking\n|-weather|Snow\n|c|\u2606adem|why did u click that\n|\n|t:|1700584501\n|switch|p2a: Samurott|Samurott-Hisui, M|100\/100|[from] Chilly Reception\n|\n|-weather|Snow|[upkeep]\n|upkeep\n|turn|4\n|c|\u2606RunicPower419|Because i thought you would be scared of crunch\n|c|\u2606RunicPower419|and go lando\n|\n|t:|1700584530\n|switch|p1a: Zapdos|Zapdos, shiny|100\/100\n|move|p2a: Samurott|Razor Shell|p1a: Zapdos\n|-damage|p1a: Zapdos|57\/100\n|-unboost|p1a: Zapdos|def|1\n|\n|-weather|Snow|[upkeep]\n|-end|p1a: Zapdos|move: Future Sight\n|-damage|p1a: Zapdos|13\/100\n|upkeep\n|turn|5\n|c|\u2606adem|wat\n|c|\u2606adem|i mean why u went zama\n|inactive|RunicPower419 has 270 seconds left.\n|c|\u2606adem|also crunch does like 0\n|\n|t:|1700584548\n|switch|p1a: Alomomola|Alomomola, F, shiny|100\/100\n|move|p2a: Samurott|Ceaseless Edge|p1a: Alomomola\n|-damage|p1a: Alomomola|65\/100\n|-sidestart|p1: RunicPower419|Spikes\n|\n|-weather|Snow|[upkeep]\n|upkeep\n|turn|6\n|inactive|RunicPower419 has 270 seconds left.\n|c|\u2606RunicPower419|Crunch on glowking?\n|c|\u2606adem|Yes\n|\n|t:|1700584578\n|move|p2a: Samurott|Ceaseless Edge|p1a: Alomomola\n|-damage|p1a: Alomomola|30\/100\n|-sidestart|p1: RunicPower419|Spikes\n|move|p1a: Alomomola|Wish|p1a: Alomomola\n|\n|-weather|Snow|[upkeep]\n|upkeep\n|turn|7\n|c|\u2606adem|are you band\n|c|\u2606adem|252 Atk Choice Band Zamazenta Crunch vs. 252 HP \/ 252+ Def Slowking-Galar: 206-244 (52.2 - 61.9%) -- guaranteed 2HKO\n|c|\u2606adem|mickey mouse damage\n|c|\u2606RunicPower419|LOL\n|\n|t:|1700584604\n|move|p1a: Alomomola|Protect|p1a: Alomomola\n|-singleturn|p1a: Alomomola|Protect\n|move|p2a: Samurott|Ceaseless Edge|p1a: Alomomola\n|-activate|p1a: Alomomola|move: Protect\n|\n|-weather|none\n|-heal|p1a: Alomomola|80\/100|[from] move: Wish|[wisher] Alomomola\n|upkeep\n|turn|8\n|\n|t:|1700584611\n|move|p2a: Samurott|Encore|p1a: Alomomola\n|-start|p1a: Alomomola|Encore\n|move|p1a: Alomomola|Protect||[still]\n|-fail|p1a: Alomomola\n|\n|upkeep\n|turn|9\n|inactive|RunicPower419 has 270 seconds left.\n|\n|t:|1700584624\n|switch|p1a: Ting-Lu|Ting-Lu|100\/100\n|-damage|p1a: Ting-Lu|84\/100|[from] Spikes\n|-ability|p1a: Ting-Lu|Vessel of Ruin\n|move|p2a: Samurott|Ceaseless Edge|p1a: Ting-Lu\n|-resisted|p1a: Ting-Lu\n|-damage|p1a: Ting-Lu|67\/100\n|-sidestart|p1: RunicPower419|Spikes\n|\n|-heal|p1a: Ting-Lu|73\/100|[from] item: Leftovers\n|upkeep\n|turn|10\n|inactive|RunicPower419 has 270 seconds left.\n|\n|t:|1700584633\n|-terastallize|p1a: Ting-Lu|Poison\n|move|p2a: Samurott|Razor Shell|p1a: Ting-Lu\n|-damage|p1a: Ting-Lu|44\/100\n|move|p1a: Ting-Lu|Earthquake|p2a: Samurott\n|-damage|p2a: Samurott|55\/100\n|\n|-heal|p1a: Ting-Lu|50\/100|[from] item: Leftovers\n|upkeep\n|turn|11\n|inactive|RunicPower419 has 270 seconds left.\n|\n|t:|1700584646\n|switch|p1a: Alomomola|Alomomola, F, shiny|100\/100\n|move|p2a: Samurott|Razor Shell|p1a: Alomomola\n|-resisted|p1a: Alomomola\n|-damage|p1a: Alomomola|84\/100\n|\n|upkeep\n|turn|12\n|\n|t:|1700584649\n|move|p2a: Samurott|Ceaseless Edge|p1a: Alomomola\n|-damage|p1a: Alomomola|47\/100\n|move|p1a: Alomomola|Flip Turn|p2a: Samurott\n|-resisted|p2a: Samurott\n|-damage|p2a: Samurott|45\/100\n|\n|t:|1700584659\n|switch|p1a: Zamazenta|Zamazenta|100\/100|[from] Flip Turn\n|-damage|p1a: Zamazenta|76\/100|[from] Spikes\n|\n|upkeep\n|turn|13\n|\n|t:|1700584667\n|switch|p2a: Slowking|Slowking-Galar, M|100\/100\n|move|p1a: Zamazenta|Close Combat|p2a: Slowking\n|-resisted|p2a: Slowking\n|-damage|p2a: Slowking|84\/100\n|-unboost|p1a: Zamazenta|def|1\n|-unboost|p1a: Zamazenta|spd|1\n|\n|upkeep\n|turn|14\n|\n|t:|1700584677\n|switch|p1a: Alomomola|Alomomola, F, shiny|81\/100\n|move|p2a: Slowking|Chilly Reception|p2a: Slowking\n|-weather|Snow\n|\n|t:|1700584688\n|switch|p2a: Samurott|Samurott-Hisui, M|45\/100|[from] Chilly Reception\n|\n|-weather|Snow|[upkeep]\n|upkeep\n|turn|15\n|j| hantengu\n|c|\u2606RunicPower419|How did boots zama treat you?\n|\n|t:|1700584705\n|move|p2a: Samurott|Ceaseless Edge|p1a: Alomomola\n|-damage|p1a: Alomomola|47\/100\n|move|p1a: Alomomola|Wish|p1a: Alomomola\n|\n|-weather|Snow|[upkeep]\n|upkeep\n|turn|16\n|c| hantengu|\ud83e\udd2a\n|\n|t:|1700584712\n|move|p2a: Samurott|Razor Shell|p1a: Alomomola\n|-resisted|p1a: Alomomola\n|-damage|p1a: Alomomola|29\/100\n|move|p1a: Alomomola|Flip Turn|p2a: Samurott\n|-resisted|p2a: Samurott\n|-damage|p2a: Samurott|36\/100\n|\n|t:|1700584719\n|switch|p1a: Zapdos|Zapdos, shiny|13\/100|[from] Flip Turn\n|\n|-weather|Snow|[upkeep]\n|-heal|p1a: Zapdos|74\/100|[from] move: Wish|[wisher] Alomomola\n|upkeep\n|turn|17\n|\n|t:|1700584726\n|move|p1a: Zapdos|Volt Switch|p2a: Samurott\n|-supereffective|p2a: Samurott\n|-damage|p2a: Samurott|0 fnt\n|faint|p2a: Samurott\n|c|\u2606adem|ok i forgot\n|c|\u2606adem|that guy is faster\n|\n|t:|1700584742\n|switch|p1a: Alomomola|Alomomola, F, shiny|62\/100|[from] Volt Switch\n|\n|-weather|Snow|[upkeep]\n|upkeep\n|c|\u2606adem|boots zama has been really nice\n|c|\u2606adem|act\n|c|\u2606adem|works well with tar too\n|\n|t:|1700584757\n|switch|p2a: Mawile|Mawile, F|100\/100\n|-ability|p2a: Mawile|Intimidate|boost\n|-unboost|p1a: Alomomola|atk|1\n|turn|18\n|c|\u2606RunicPower419|Ngl i forgot i was faster\n|c|\u2606RunicPower419|jjst clicked volt\n|c|\u2606RunicPower419|cpuld have been bad\n|\n|t:|1700584777\n|detailschange|p2a: Mawile|Mawile-Mega, F\n|-mega|p2a: Mawile|Mawile|Mawilite\n|move|p2a: Mawile|Swords Dance|p2a: Mawile\n|-boost|p2a: Mawile|atk|2\n|move|p1a: Alomomola|Flip Turn|p2a: Mawile\n|-damage|p2a: Mawile|90\/100\n|\n|t:|1700584784\n|switch|p1a: Sinistcha|Sinistcha-Masterpiece, shiny|100\/100|[from] Flip Turn\n|-damage|p1a: Sinistcha|76\/100|[from] Spikes\n|\n|-weather|none\n|-heal|p1a: Sinistcha|82\/100|[from] item: Leftovers\n|upkeep\n|turn|19\n|c|\u2606adem|whats the switch in\n|c|\u2606adem|what does this do\n|\n|t:|1700584792\n|move|p1a: Sinistcha|Strength Sap|p2a: Mawile\n|-unboost|p2a: Mawile|atk|1\n|-heal|p1a: Sinistcha|100\/100\n|move|p2a: Mawile|Knock Off|p1a: Sinistcha\n|-supereffective|p1a: Sinistcha\n|-damage|p1a: Sinistcha|0 fnt\n|-enditem|p1a: Sinistcha|Leftovers|[from] move: Knock Off|[of] p2a: Mawile\n|faint|p1a: Sinistcha\n|\n|upkeep\n|c|\u2606adem|nothing\n|c|\u2606adem|flop\n|\n|t:|1700584804\n|switch|p1a: Zapdos|Zapdos, shiny|74\/100\n|turn|20\n|\n|t:|1700584807\n|move|p1a: Zapdos|Defog|p2a: Mawile\n|-unboost|p2a: Mawile|evasion|1\n|-sideend|p1: RunicPower419|Spikes|[from] move: Defog|[of] p1a: Zapdos\n|move|p2a: Mawile|Knock Off|p1a: Zapdos\n|-damage|p1a: Zapdos|0 fnt\n|-status|p2a: Mawile|par|[from] ability: Static|[of] p1a: Zapdos\n|-enditem|p1a: Zapdos|Heavy-Duty Boots|[from] move: Knock Off|[of] p2a: Mawile\n|faint|p1a: Zapdos\n|\n|upkeep\n|c|\u2606adem|2\n|c|\u2606adem|ok if i wasnt bad\n|\n|t:|1700584818\n|switch|p1a: Zamazenta|Zamazenta|76\/100\n|turn|21\n|c|\u2606adem|that wouldnt have been as annoying\n|\n|t:|1700584823\n|switch|p2a: Slowking|Slowking-Galar, M|100\/100\n|move|p1a: Zamazenta|Close Combat|p2a: Slowking\n|-resisted|p2a: Slowking\n|-damage|p2a: Slowking|85\/100\n|-unboost|p1a: Zamazenta|def|1\n|-unboost|p1a: Zamazenta|spd|1\n|\n|upkeep\n|turn|22\n|\n|t:|1700584828\n|switch|p1a: Ting-Lu|Ting-Lu, tera:Poison|50\/100\n|-ability|p1a: Ting-Lu|Vessel of Ruin\n|move|p2a: Slowking|Future Sight|p1a: Ting-Lu\n|-start|p2a: Slowking|move: Future Sight\n|\n|-heal|p1a: Ting-Lu|57\/100|[from] item: Leftovers\n|upkeep\n|turn|23\n|\n|t:|1700584845\n|move|p1a: Ting-Lu|Ruination|p2a: Slowking\n|-damage|p2a: Slowking|43\/100\n|move|p2a: Slowking|Chilly Reception|p2a: Slowking\n|-weather|Snow\n|\n|t:|1700584848\n|switch|p2a: Landorus|Landorus-Therian, M|100\/100|[from] Chilly Reception\n|-ability|p2a: Landorus|Intimidate|boost\n|-unboost|p1a: Ting-Lu|atk|1\n|\n|-weather|Snow|[upkeep]\n|-heal|p1a: Ting-Lu|63\/100|[from] item: Leftovers\n|upkeep\n|turn|24\n|\n|t:|1700584856\n|switch|p1a: Alomomola|Alomomola, F, shiny|96\/100\n|move|p2a: Landorus|Earthquake|p1a: Alomomola\n|-damage|p1a: Alomomola|66\/100\n|\n|-weather|Snow|[upkeep]\n|-end|p1a: Alomomola|move: Future Sight\n|-damage|p1a: Alomomola|27\/100\n|upkeep\n|turn|25\n|c|\u2606adem|yowza\n|c|\u2606adem|dude ezra\n|c|\u2606adem|i told u this team is broken\n|\n|t:|1700584875\n|switch|p1a: Zamazenta|Zamazenta|76\/100\n|move|p2a: Landorus|Earthquake|p1a: Zamazenta\n|-damage|p1a: Zamazenta|34\/100\n|\n|-weather|Snow|[upkeep]\n|upkeep\n|turn|26\n|\n|t:|1700584879\n|switch|p2a: Slowking|Slowking-Galar, M|76\/100\n|move|p1a: Zamazenta|Ice Fang|p2a: Slowking\n|-damage|p2a: Slowking|51\/100\n|\n|-weather|Snow|[upkeep]\n|upkeep\n|turn|27\n|\n|t:|1700584884\n|switch|p1a: Ting-Lu|Ting-Lu, tera:Poison|63\/100\n|-ability|p1a: Ting-Lu|Vessel of Ruin\n|move|p2a: Slowking|Chilly Reception|p2a: Slowking\n|\n|t:|1700584886\n|switch|p2a: Landorus|Landorus-Therian, M|100\/100|[from] Chilly Reception\n|-ability|p2a: Landorus|Intimidate|boost\n|-unboost|p1a: Ting-Lu|atk|1\n|\n|-weather|none\n|-heal|p1a: Ting-Lu|69\/100|[from] item: Leftovers\n|upkeep\n|turn|28\n|\n|t:|1700584891\n|switch|p1a: Alomomola|Alomomola, F, shiny|60\/100\n|move|p2a: Landorus|Earthquake|p1a: Alomomola\n|-damage|p1a: Alomomola|30\/100\n|\n|upkeep\n|turn|29\n|\n|t:|1700584900\n|switch|p1a: Zamazenta|Zamazenta|34\/100\n|move|p2a: Landorus|Earthquake|p1a: Zamazenta\n|-damage|p1a: Zamazenta|0 fnt\n|faint|p1a: Zamazenta\n|\n|upkeep\n|\n|t:|1700584902\n|switch|p1a: Alomomola|Alomomola, F, shiny|63\/100\n|turn|30\n|\n|t:|1700584911\n|move|p2a: Landorus|U-turn|p1a: Alomomola\n|-damage|p1a: Alomomola|48\/100\n|c| hantengu|Wit\n|\n|t:|1700584916\n|switch|p2a: Rotom|Rotom-Wash|100\/100|[from] U-turn\n|move|p1a: Alomomola|Wish|p1a: Alomomola\n|\n|upkeep\n|turn|31\n|c| hantengu|Wut\n|\n|t:|1700584921\n|switch|p1a: Ting-Lu|Ting-Lu, tera:Poison|69\/100\n|-ability|p1a: Ting-Lu|Vessel of Ruin\n|move|p2a: Rotom|Trick|p1a: Ting-Lu\n|-activate|p2a: Rotom|move: Trick|[of] p1a: Ting-Lu\n|-item|p1a: Ting-Lu|Choice Scarf|[from] move: Trick\n|-item|p2a: Rotom|Leftovers|[from] move: Trick\n|\n|-heal|p1a: Ting-Lu|100\/100|[from] move: Wish|[wisher] Alomomola\n|upkeep\n|turn|32\n|\n|t:|1700584928\n|move|p2a: Rotom|Will-O-Wisp|p1a: Ting-Lu\n|-status|p1a: Ting-Lu|brn\n|move|p1a: Ting-Lu|Ruination|p2a: Rotom\n|-damage|p2a: Rotom|50\/100\n|\n|-heal|p2a: Rotom|57\/100|[from] item: Leftovers\n|-damage|p1a: Ting-Lu|94\/100 brn|[from] brn\n|upkeep\n|turn|33\n|\n|t:|1700584932\n|move|p2a: Rotom|Volt Switch|p1a: Ting-Lu\n|-damage|p1a: Ting-Lu|83\/100 brn\n|\n|t:|1700584933\n|switch|p2a: Slowking|Slowking-Galar, M|85\/100|[from] Volt Switch\n|move|p1a: Ting-Lu|Ruination|p2a: Slowking\n|-damage|p2a: Slowking|43\/100\n|\n|-damage|p1a: Ting-Lu|77\/100 brn|[from] brn\n|upkeep\n|turn|34\n|\n|t:|1700584938\n|move|p1a: Ting-Lu|Ruination|p2a: Slowking\n|-damage|p2a: Slowking|22\/100\n|move|p2a: Slowking|Future Sight|p1a: Ting-Lu\n|-start|p2a: Slowking|move: Future Sight\n|\n|-damage|p1a: Ting-Lu|71\/100 brn|[from] brn\n|upkeep\n|turn|35\n|c| hantengu|Bro I see a sinistcha and alo on the opposing team\n|c|\u2606adem|ok alo is not bad\n|c|\u2606adem|but sinistcha is fair.\n|c|\u2606RunicPower419|Oh wait lol\n|inactive|RunicPower419 has 270 seconds left.\n|c|\u2606RunicPower419|whats weong with sinis?\n|c|\u2606adem|what does he do\n|c|\u2606RunicPower419|!dt sinistcha\n|raw|<div class=\"message\"><ul class=\"utilichart\"><li class=\"result\"><span class=\"col numcol\">UU<\/span> <span class=\"col iconcol\"><psicon pokemon=\"sinistcha\"\/><\/span> <span class=\"col pokemonnamecol\" style=\"white-space:nowrap\"><a href=\"https:\/\/dex.pokemonshowdown.com\/pokemon\/sinistcha\" target=\"_blank\">Sinistcha<\/a><\/span> <span class=\"col typecol\"><img src=\"https:\/\/play.pokemonshowdown.com\/sprites\/types\/Grass.png\" alt=\"Grass\" height=\"14\" width=\"32\"><img src=\"https:\/\/play.pokemonshowdown.com\/sprites\/types\/Ghost.png\" alt=\"Ghost\" height=\"14\" width=\"32\"><\/span> <span style=\"float:left;min-height:26px\"><span class=\"col abilitycol\">Hospitality<\/span><span class=\"col abilitycol\"><em>Heatproof<\/em><\/span><\/span><span style=\"float:left;min-height:26px\"><span class=\"col statcol\"><em>HP<\/em><br \/>71<\/span> <span class=\"col statcol\"><em>Atk<\/em><br \/>60<\/span> <span class=\"col statcol\"><em>Def<\/em><br \/>106<\/span> <span class=\"col statcol\"><em>SpA<\/em><br \/>121<\/span> <span class=\"col statcol\"><em>SpD<\/em><br \/>80<\/span> <span class=\"col statcol\"><em>Spe<\/em><br \/>70<\/span> <span class=\"col bstcol\"><em>BST<br \/>508<\/em><\/span> <\/span><\/li><li style=\"clear:both\"><\/li><\/ul><\/div>\n|raw|<font size=\"1\"><font color=\"#686868\">Dex#:<\/font> 1013&nbsp;|&ThickSpace;<font color=\"#686868\">Gen:<\/font> 9&nbsp;|&ThickSpace;<font color=\"#686868\">Height:<\/font> 0.2 m&nbsp;|&ThickSpace;<font color=\"#686868\">Weight:<\/font> 2.2 kg <em>(20 BP)<\/em>&nbsp;|&ThickSpace;<font color=\"#686868\">Dex Colour:<\/font> Green&nbsp;|&ThickSpace;<font color=\"#686868\">Egg Group(s):<\/font> Mineral, Amorphous&nbsp;|&ThickSpace;<font color=\"#686868\">Pre-Evolution:<\/font> Poltchageist&nbsp;|&ThickSpace;<font color=\"#686868\">Does Not Evolve<\/font><\/font>\n\n|c|\u2606adem|so far all i have seen him do is Die\n|c|\u2606adem|!dt hospitality\n|raw|<ul class=\"utilichart\"><li class=\"result\"><span class=\"col namecol\"><a href=\"https:\/\/dex.pokemonshowdown.com\/abilities\/hospitality\">Hospitality<\/a><\/span> <span class=\"col abilitydesccol\">On switch-in, this Pokemon restores 1\/4 of its ally's maximum HP, rounded down.<\/span> <\/li><li style=\"clear:both\"><\/li><\/ul>\n|raw|<font size=\"1\"><font color=\"#686868\">Gen:<\/font> 9<\/font>\n\n|c|\u2606adem|there is no ally\n|c|\u2606RunicPower419|!showset 2\n|c| RunicPower419|\/raw <div class=\"infobox\">Sinistcha (Sinistcha-Masterpiece) @ Leftovers  <br \/>Ability: Heatproof  <br \/>Shiny: Yes  <br \/>Tera Type: Poison  <br \/>EVs: 248 HP &#x2f; 248 Def &#x2f; 12 Spe  <br \/>Bold Nature  <br \/>IVs: 0 Atk  <br \/>- Calm Mind  <br \/>- Shadow Ball  <br \/>- Matcha Gotcha  <br \/>- Strength Sap  <br \/><br \/><\/div>\n|inactive|RunicPower419 has 240 seconds left.\n|c|\u2606RunicPower419|!dt matcha gatcha\nNo Pok\u00e9mon, item, move, ability or nature named 'matcha gatcha' was found. Showing the data of 'Matcha Gotcha' instead.\n|raw|<ul class=\"utilichart\"><li class=\"result\"><span class=\"col movenamecol\"><a href=\"https:\/\/dex.pokemonshowdown.com\/moves\/matchagotcha\">Matcha Gotcha<\/a><\/span> <span class=\"col typecol\"><img src=\"\/\/play.pokemonshowdown.com\/sprites\/types\/Grass.png\" alt=\"Grass\" width=\"32\" height=\"14\"><img src=\"\/\/play.pokemonshowdown.com\/sprites\/categories\/Special.png\" alt=\"Special\" width=\"32\" height=\"14\"><\/span> <span class=\"col labelcol\"><em>Power<\/em><br>80<\/span> <span class=\"col widelabelcol\"><em>Accuracy<\/em><br>90%<\/span> <span class=\"col pplabelcol\"><em>PP<\/em><br>24<\/span> <span class=\"col movedesccol\">20% burn. Recovers 50% dmg dealt. Thaws foe(s).<\/span> <\/li><li style=\"clear:both\"><\/li><\/ul>\n|raw|<font size=\"1\"><font color=\"#686868\">Priority:<\/font> 0&nbsp;|&ThickSpace;<font color=\"#686868\">Gen:<\/font> 9&nbsp;|&ThickSpace;&#10003; Boosted by Sheer Force&nbsp;|&ThickSpace;&#10003; Thaws user&nbsp;|&ThickSpace;<font color=\"#686868\">Z-Power:<\/font> 160&nbsp;|&ThickSpace;<font color=\"#686868\">Dynamax Power:<\/font> 130&nbsp;|&ThickSpace;<font color=\"#686868\">Target:<\/font> All Adjacent Opponents<\/font>\n\n|c|\u2606adem|ok so he does nothing\n|c|\u2606adem|this is just worse cress bruh\n|c| hantengu|lol\n|\n|t:|1700585019\n|switch|p1a: Heatran|Heatran, F|100\/100\n|move|p2a: Slowking|Chilly Reception|p2a: Slowking\n|-weather|Snow\n|\n|t:|1700585030\n|switch|p2a: Landorus|Landorus-Therian, M|100\/100|[from] Chilly Reception\n|-ability|p2a: Landorus|Intimidate|boost\n|-unboost|p1a: Heatran|atk|1\n|\n|-weather|Snow|[upkeep]\n|upkeep\n|turn|36\n|\n|t:|1700585037\n|switch|p1a: Alomomola|Alomomola, F, shiny|82\/100\n|move|p2a: Landorus|Earthquake|p1a: Alomomola\n|-damage|p1a: Alomomola|51\/100\n|\n|-weather|Snow|[upkeep]\n|-end|p1a: Alomomola|move: Future Sight\n|-damage|p1a: Alomomola|10\/100\n|upkeep\n|turn|37\n|\n|t:|1700585041\n|switch|p1a: Ting-Lu|Ting-Lu, tera:Poison|71\/100 brn\n|-ability|p1a: Ting-Lu|Vessel of Ruin\n|move|p2a: Landorus|Earthquake|p1a: Ting-Lu\n|-supereffective|p1a: Ting-Lu\n|-damage|p1a: Ting-Lu|19\/100 brn\n|\n|-weather|Snow|[upkeep]\n|-damage|p1a: Ting-Lu|13\/100 brn|[from] brn\n|upkeep\n|turn|38\n|c|\u2606adem|ouchies\n|c|\u2606RunicPower419|Hecky\n|inactive|RunicPower419 has 240 seconds left.\n|c|\u2606RunicPower419|gg\n|c|\u2606adem|gg\n|c|\u2606adem|ting lu also sucks\n|\n|t:|1700585061\n|move|p2a: Landorus|Earthquake|p1a: Ting-Lu\n|-supereffective|p1a: Ting-Lu\n|-damage|p1a: Ting-Lu|0 fnt\n|faint|p1a: Ting-Lu\n|\n|-weather|Snow|[upkeep]\n|upkeep\n|c|\u2606adem|dont believe hidin\n|c| hantengu|Bro\n|c|\u2606adem|idk what hes on\n|c| hantengu|Tinglus good\n|c|\u2606RunicPower419|Didnt get it from hidin\n|c| hantengu|Hidin was like tinglus ass\n|c| hantengu|lol\n|c|\u2606adem|no\n|\n|t:|1700585086\n|switch|p1a: Alomomola|Alomomola, F, shiny|43\/100\n|turn|39\n|c|\u2606adem|he says ting lu is good now\n|\n|t:|1700585092\n|move|p2a: Landorus|U-turn|p1a: Alomomola\n|-damage|p1a: Alomomola|29\/100\n|c| hantengu|i knew ting lu was good\n|\n|t:|1700585101\n|switch|p2a: Rotom|Rotom-Wash|57\/100|[from] U-turn\n|move|p1a: Alomomola|Wish|p1a: Alomomola\n|\n|-weather|none\n|-heal|p2a: Rotom|63\/100|[from] item: Leftovers\n|upkeep\n|turn|40\n|c|\u2606RunicPower419|Hidin goes in circles some days\n|c| hantengu|hidinjstupid\n|c|\u2606adem|yap yap\n|c|\u2606adem|u used to say it was bad\n|\n|t:|1700585115\n|move|p1a: Alomomola|Protect|p1a: Alomomola\n|-singleturn|p1a: Alomomola|Protect\n|move|p2a: Rotom|Volt Switch|p1a: Alomomola\n|-activate|p1a: Alomomola|move: Protect\n|\n|-heal|p1a: Alomomola|79\/100|[from] move: Wish|[wisher] Alomomola\n|-heal|p2a: Rotom|69\/100|[from] item: Leftovers\n|upkeep\n|turn|41\n|c| hantengu|\ud83e\udd71\n|c| hantengu|??\n|c|\u2606adem|noq when ghost ban u say its good\n|c| hantengu|When\n|c|\u2606adem|last time\n|\n|t:|1700585124\n|move|p2a: Rotom|Volt Switch|p1a: Alomomola\n|-supereffective|p1a: Alomomola\n|-damage|p1a: Alomomola|36\/100\n|c| hantengu|What\n|\n|t:|1700585128\n|switch|p2a: Slowking|Slowking-Galar, M|55\/100|[from] Volt Switch\n|move|p1a: Alomomola|Toxic|p2a: Slowking\n|-immune|p2a: Slowking\n|\n|upkeep\n|turn|42\n|c|\u2606adem|???\n|\n|t:|1700585134\n|switch|p1a: Heatran|Heatran, F|100\/100\n|move|p2a: Slowking|Future Sight|p1a: Heatran\n|-start|p2a: Slowking|move: Future Sight\n|\n|upkeep\n|turn|43\n|c|\u2606adem|when we had pult\n|c| hantengu|??\n|\n|t:|1700585138\n|move|p1a: Heatran|Magma Storm|p2a: Slowking\n|-damage|p2a: Slowking|23\/100\n|-activate|p2a: Slowking|move: Magma Storm|[of] p1a: Heatran\n|move|p2a: Slowking|Chilly Reception|p2a: Slowking\n|-weather|Snow\n|\n|t:|1700585141\n|switch|p2a: Landorus|Landorus-Therian, M|100\/100|[from] Chilly Reception\n|-ability|p2a: Landorus|Intimidate|boost\n|-unboost|p1a: Heatran|atk|1\n|\n|-weather|Snow|[upkeep]\n|upkeep\n|turn|44\n|c| hantengu|Ok that was\n|\n|t:|1700585147\n|switch|p1a: Alomomola|Alomomola, F, shiny|69\/100\n|move|p2a: Landorus|Earthquake|p1a: Alomomola\n|-damage|p1a: Alomomola|39\/100\n|\n|-weather|Snow|[upkeep]\n|-end|p1a: Alomomola|move: Future Sight\n|-damage|p1a: Alomomola|0 fnt\n|faint|p1a: Alomomola\n|upkeep\n|\n|t:|1700585149\n|switch|p1a: Heatran|Heatran, F|100\/100\n|turn|45\n|\n|t:|1700585152\n|move|p2a: Landorus|Earthquake|p1a: Heatran\n|-supereffective|p1a: Heatran\n|-damage|p1a: Heatran|0 fnt\n|faint|p1a: Heatran\n|\n|win|adem\n|c| hantengu|Before my reverse cursed technique awakening\n|c|\u2606adem|gg\n|c|\u2606adem|ur dumb\n|c|\u2606RunicPower419|gg\n|c|\u2606adem|not u runic\n|c|\u2606RunicPower419|indeed\n|c|\u2606adem|ezra is\n|c|\u2606RunicPower419|oh\n|c|\u2606RunicPower419|lol\n|c|\u2606adem|ur ok\n","uploadtime":1700585175,"views":0,"p1id":"runicpower419","p2id":"adem","formatid":"gen9nationaldex","rating":0,"private":0,"password":""}