{"id":"gen9nationaldex-1996232972","p1":"links2345678","p2":"elvisma","format":"[Gen 9] National Dex","log":"|html|<div class=\"broadcast-blue\"><strong>[Gen 9] National Dex is currently suspecting Sneasler! For information on how to participate check out the <a href=\"https:\/\/www.smogon.com\/forums\/threads\/sv-national-dex-suspect-8-just-dance.3731534\/\">suspect thread<\/a>.<\/strong><\/div>\n|j|\u2606links2345678\n|j|\u2606elvisma\n|t:|1700662151\n|gametype|singles\n|player|p1|links2345678|red|1535\n|player|p2|elvisma|red-masters|1726\n|teamsize|p1|6\n|teamsize|p2|6\n|gen|9\n|tier|[Gen 9] National Dex\n|rated|\n|rule|HP Percentage Mod: HP is shown in percentages\n|rule|Endless Battle Clause: Forcing endless battles is banned\n|rule|OHKO Clause: OHKO moves are banned\n|rule|Evasion Clause: Evasion abilities, items, and moves are banned\n|rule|Evasion Abilities Clause: Evasion abilities are banned\n|rule|Evasion Items Clause: Evasion items are banned\n|rule|Evasion Moves Clause: Evasion moves are banned\n|rule|Species Clause: Limit one of each Pok\u00e9mon\n|rule|Sleep Clause Mod: Limit one foe put to sleep\n|clearpoke\n|poke|p1|Sneasler, F|\n|poke|p1|Urshifu-*, M|\n|poke|p1|Tapu Koko|\n|poke|p1|Kommo-o, F|\n|poke|p1|Iron Hands|\n|poke|p1|Garchomp, F|\n|poke|p2|Azelf|\n|poke|p2|Charizard, M|\n|poke|p2|Ribombee, F|\n|poke|p2|Great Tusk|\n|poke|p2|Ogerpon-Wellspring, F|\n|poke|p2|Victini|\n|teampreview\n|\n|t:|1700662156\n|start\n|switch|p1a: Urshifu|Urshifu-Rapid-Strike, M|100\/100\n|switch|p2a: ZA BEE|Ribombee, F|100\/100\n|turn|1\n|\n|t:|1700662162\n|switch|p2a: touchgrassdrinkH2O|Ogerpon-Wellspring, F|100\/100\n|move|p1a: Urshifu|Surging Strikes|p2a: touchgrassdrinkH2O\n|-immune|p2a: touchgrassdrinkH2O|[from] ability: Water Absorb\n|\n|upkeep\n|turn|2\n|inactive|Battle timer is ON: inactive players will automatically lose when time's up. (requested by links2345678)\n|\n|t:|1700662199\n|switch|p1a: Tapu Koko|Tapu Koko|100\/100\n|-fieldstart|move: Electric Terrain|[from] ability: Electric Surge|[of] p1a: Tapu Koko\n|move|p2a: touchgrassdrinkH2O|Swords Dance|p2a: touchgrassdrinkH2O\n|-boost|p2a: touchgrassdrinkH2O|atk|2\n|\n|upkeep\n|turn|3\n|\n|t:|1700662211\n|move|p1a: Tapu Koko|U-turn|p2a: touchgrassdrinkH2O\n|-supereffective|p2a: touchgrassdrinkH2O\n|-damage|p2a: touchgrassdrinkH2O|59\/100\n|\n|t:|1700662223\n|switch|p1a: Sneasler|Sneasler, F|100\/100|[from] U-turn\n|-enditem|p1a: Sneasler|Electric Seed\n|-boost|p1a: Sneasler|def|1|[from] item: Electric Seed\n|move|p2a: touchgrassdrinkH2O|Horn Leech|p1a: Sneasler\n|-resisted|p1a: Sneasler\n|-damage|p1a: Sneasler|49\/100\n|-heal|p2a: touchgrassdrinkH2O|85\/100|[from] drain|[of] p1a: Sneasler\n|\n|upkeep\n|turn|4\n|\n|t:|1700662250\n|-terastallize|p2a: touchgrassdrinkH2O|Water\n|detailschange|p2a: touchgrassdrinkH2O|Ogerpon-Wellspring-Tera, F, tera:Water\n|-ability|p2a: touchgrassdrinkH2O|Embody Aspect (Wellspring)|boost\n|-boost|p2a: touchgrassdrinkH2O|spd|1\n|move|p1a: Sneasler|Dire Claw|p2a: touchgrassdrinkH2O\n|-damage|p2a: touchgrassdrinkH2O|23\/100\n|move|p2a: touchgrassdrinkH2O|Ivy Cudgel|p1a: Sneasler|[anim] Ivy Cudgel Water\n|-damage|p1a: Sneasler|0 fnt\n|faint|p1a: Sneasler\n|\n|upkeep\n|inactive|links2345678 has 120 seconds left.\n|\n|t:|1700662266\n|switch|p1a: Garchomp|Garchomp, F|100\/100\n|turn|5\n|\n|t:|1700662271\n|switch|p2a: ZA BEE|Ribombee, F|100\/100\n|move|p1a: Garchomp|Scale Shot|p2a: ZA BEE\n|-immune|p2a: ZA BEE\n|\n|upkeep\n|turn|6\n|\n|t:|1700662279\n|move|p2a: ZA BEE|Moonblast|p1a: Garchomp\n|-supereffective|p1a: Garchomp\n|-damage|p1a: Garchomp|6\/100\n|move|p1a: Garchomp|Swords Dance|p1a: Garchomp\n|-boost|p1a: Garchomp|atk|2\n|\n|-fieldend|move: Electric Terrain\n|upkeep\n|turn|7\n|\n|t:|1700662287\n|move|p2a: ZA BEE|Sticky Web|p1a: Garchomp\n|-sidestart|p1: links2345678|move: Sticky Web\n|move|p1a: Garchomp|Fire Fang|p2a: ZA BEE\n|-supereffective|p2a: ZA BEE\n|-enditem|p2a: ZA BEE|Focus Sash\n|-damage|p2a: ZA BEE|1\/100\n|\n|upkeep\n|turn|8\n|c|\u2606elvisma|the 4 fairy weak mon is insane\n|\n|t:|1700662295\n|move|p2a: ZA BEE|Moonblast|p1a: Garchomp\n|-supereffective|p1a: Garchomp\n|-damage|p1a: Garchomp|0 fnt\n|faint|p1a: Garchomp\n|\n|upkeep\n|-message|links2345678 forfeited.\n|\n|win|elvisma\n|raw|links2345678's rating: 1535 &rarr; <strong>1525<\/strong><br \/>(-10 for losing)\n|raw|elvisma's rating: 1726 &rarr; <strong>1736<\/strong><br \/>(+10 for winning)\n|l|\u2606links2345678\n","uploadtime":1700662302,"views":0,"p1id":"links2345678","p2id":"elvisma","formatid":"gen9nationaldex","rating":1525,"private":0,"password":""}