{"id":"gen9nationaldex-2000125893","p1":"agrade","p2":"xlnx2","format":"[Gen 9] National Dex","log":"|html|<div class=\"broadcast-blue\"><strong>[Gen 9] National Dex is currently suspecting Sneasler! For information on how to participate check out the <a href=\"https:\/\/www.smogon.com\/forums\/threads\/sv-national-dex-suspect-8-just-dance.3731534\/\">suspect thread<\/a>.<\/strong><\/div>\n|j|\u2606agrade\n|j|\u2606xlnx2\n|t:|1701159481\n|gametype|singles\n|player|p1|agrade|birdkeeper-gen4dp|1296\n|player|p2|xlnx2|dawn|1295\n|teamsize|p1|6\n|teamsize|p2|6\n|gen|9\n|tier|[Gen 9] National Dex\n|rated|\n|rule|HP Percentage Mod: HP is shown in percentages\n|rule|Endless Battle Clause: Forcing endless battles is banned\n|rule|OHKO Clause: OHKO moves are banned\n|rule|Evasion Clause: Evasion abilities, items, and moves are banned\n|rule|Evasion Abilities Clause: Evasion abilities are banned\n|rule|Evasion Items Clause: Evasion items are banned\n|rule|Evasion Moves Clause: Evasion moves are banned\n|rule|Species Clause: Limit one of each Pok\u00e9mon\n|rule|Sleep Clause Mod: Limit one foe put to sleep\n|clearpoke\n|poke|p1|Zapdos|\n|poke|p1|Tapu Lele|\n|poke|p1|Pelipper, F|\n|poke|p1|Ferrothorn, M|\n|poke|p1|Barraskewda, M|\n|poke|p1|Manaphy|\n|poke|p2|Slowking-Galar, M|\n|poke|p2|Landorus-Therian, M|\n|poke|p2|Rillaboom, M|\n|poke|p2|Greninja-*, M|\n|poke|p2|Medicham, M|\n|poke|p2|Heatran, M|\n|teampreview\n|\n|t:|1701159507\n|start\n|switch|p1a: Pelipper|Pelipper, F|100\/100\n|switch|p2a: Landorus|Landorus-Therian, M|100\/100\n|-ability|p2a: Landorus|Intimidate|boost\n|-unboost|p1a: Pelipper|atk|1\n|-weather|RainDance|[from] ability: Drizzle|[of] p1a: Pelipper\n|turn|1\n|\n|t:|1701159518\n|switch|p2a: Slowking|Slowking-Galar, M|100\/100\n|switch|p1a: Zapdos|Zapdos|100\/100\n|\n|-weather|RainDance|[upkeep]\n|upkeep\n|turn|2\n|\n|t:|1701159532\n|switch|p1a: Manaphy|Manaphy|100\/100\n|move|p2a: Slowking|Chilly Reception|p2a: Slowking\n|-weather|Snow\n|\n|t:|1701159537\n|switch|p2a: Rillaboom|Rillaboom, M|100\/100|[from] Chilly Reception\n|-fieldstart|move: Grassy Terrain|[from] ability: Grassy Surge|[of] p2a: Rillaboom\n|\n|-weather|Snow|[upkeep]\n|upkeep\n|turn|3\n|\n|t:|1701159542\n|switch|p1a: Ferrothorn|Ferrothorn, M|100\/100\n|move|p2a: Rillaboom|Wood Hammer|p1a: Ferrothorn\n|-resisted|p1a: Ferrothorn\n|-damage|p1a: Ferrothorn|80\/100\n|-damage|p2a: Rillaboom|88\/100|[from] ability: Iron Barbs|[of] p1a: Ferrothorn\n|-damage|p2a: Rillaboom|82\/100|[from] Recoil\n|-enditem|p1a: Ferrothorn|Eject Button\n|\n|t:|1701159550\n|switch|p1a: Zapdos|Zapdos|100\/100\n|\n|-weather|Snow|[upkeep]\n|-heal|p2a: Rillaboom|88\/100|[from] Grassy Terrain\n|upkeep\n|turn|4\n|\n|t:|1701159559\n|switch|p2a: Slowking|Slowking-Galar, M|100\/100\n|move|p1a: Zapdos|Hurricane|p2a: Slowking\n|-damage|p2a: Slowking|59\/100\n|-start|p2a: Slowking|confusion\n|\n|-weather|Snow|[upkeep]\n|-heal|p2a: Slowking|65\/100|[from] Grassy Terrain\n|upkeep\n|turn|5\n|\n|t:|1701159572\n|switch|p2a: Heatran|Heatran, M|100\/100\n|move|p1a: Zapdos|Hurricane|p2a: Heatran\n|-resisted|p2a: Heatran\n|-damage|p2a: Heatran|81\/100\n|-start|p2a: Heatran|confusion\n|\n|-weather|Snow|[upkeep]\n|-heal|p2a: Heatran|88\/100|[from] Grassy Terrain\n|-heal|p2a: Heatran|94\/100|[from] item: Leftovers\n|upkeep\n|turn|6\n|\n|t:|1701159578\n|switch|p1a: Pelipper|Pelipper, F|100\/100\n|-weather|RainDance|[from] ability: Drizzle|[of] p1a: Pelipper\n|-activate|p2a: Heatran|confusion\n|-damage|p2a: Heatran|89\/100|[from] confusion\n|\n|-weather|RainDance|[upkeep]\n|-heal|p2a: Heatran|95\/100|[from] Grassy Terrain\n|-heal|p2a: Heatran|100\/100|[from] item: Leftovers\n|-fieldend|move: Grassy Terrain\n|upkeep\n|turn|7\n|\n|t:|1701159589\n|switch|p2a: Slowking|Slowking-Galar, M|98\/100\n|move|p1a: Pelipper|U-turn|p2a: Slowking\n|-damage|p2a: Slowking|91\/100\n|\n|t:|1701159593\n|switch|p1a: Barraskewda|Barraskewda, M|100\/100|[from] U-turn\n|\n|-weather|RainDance|[upkeep]\n|upkeep\n|turn|8\n|\n|t:|1701159600\n|move|p1a: Barraskewda|Liquidation|p2a: Slowking\n|-damage|p2a: Slowking|16\/100\n|-damage|p1a: Barraskewda|91\/100|[from] item: Life Orb\n|move|p2a: Slowking|Thunder Wave|p1a: Barraskewda\n|-status|p1a: Barraskewda|par\n|\n|-weather|RainDance|[upkeep]\n|upkeep\n|turn|9\n|\n|t:|1701159612\n|switch|p2a: Rillaboom|Rillaboom, M|88\/100\n|-fieldstart|move: Grassy Terrain|[from] ability: Grassy Surge|[of] p2a: Rillaboom\n|move|p1a: Barraskewda|Flip Turn|p2a: Rillaboom\n|-resisted|p2a: Rillaboom\n|-damage|p2a: Rillaboom|58\/100\n|-damage|p1a: Barraskewda|81\/100 par|[from] item: Life Orb\n|\n|t:|1701159621\n|switch|p1a: Zapdos|Zapdos|100\/100|[from] Flip Turn\n|\n|-weather|RainDance|[upkeep]\n|-heal|p2a: Rillaboom|65\/100|[from] Grassy Terrain\n|upkeep\n|turn|10\n|\n|t:|1701159631\n|switch|p2a: Heatran|Heatran, M|100\/100\n|move|p1a: Zapdos|Weather Ball|p2a: Heatran\n|-supereffective|p2a: Heatran\n|-damage|p2a: Heatran|31\/100\n|\n|-weather|RainDance|[upkeep]\n|-heal|p2a: Heatran|37\/100|[from] Grassy Terrain\n|-heal|p2a: Heatran|44\/100|[from] item: Leftovers\n|upkeep\n|turn|11\n|\n|t:|1701159659\n|-terastallize|p2a: Heatran|Grass\n|move|p1a: Zapdos|Hurricane|p2a: Heatran\n|-supereffective|p2a: Heatran\n|-damage|p2a: Heatran|0 fnt\n|faint|p2a: Heatran\n|\n|-weather|RainDance|[upkeep]\n|upkeep\n|\n|t:|1701159674\n|switch|p2a: Landorus|Landorus-Therian, M|100\/100\n|-ability|p2a: Landorus|Intimidate|boost\n|-unboost|p1a: Zapdos|atk|1\n|turn|12\n|\n|t:|1701159686\n|switch|p1a: Ferrothorn|Ferrothorn, M|80\/100\n|move|p2a: Landorus|Stone Edge|p1a: Ferrothorn\n|-resisted|p1a: Ferrothorn\n|-crit|p1a: Ferrothorn\n|-damage|p1a: Ferrothorn|62\/100\n|\n|-weather|RainDance|[upkeep]\n|-heal|p1a: Ferrothorn|68\/100|[from] Grassy Terrain\n|upkeep\n|turn|13\n|\n|t:|1701159700\n|switch|p2a: Slowking|Slowking-Galar, M|50\/100\n|move|p1a: Ferrothorn|Stealth Rock|p2a: Slowking\n|-sidestart|p2: xlnx2|move: Stealth Rock\n|\n|-weather|none\n|-heal|p2a: Slowking|56\/100|[from] Grassy Terrain\n|-heal|p1a: Ferrothorn|75\/100|[from] Grassy Terrain\n|-fieldend|move: Grassy Terrain\n|upkeep\n|turn|14\n|\n|t:|1701159709\n|move|p2a: Slowking|Thunder Wave|p1a: Ferrothorn\n|-status|p1a: Ferrothorn|par\n|move|p1a: Ferrothorn|Knock Off|p2a: Slowking\n|-supereffective|p2a: Slowking\n|-damage|p2a: Slowking|22\/100\n|-enditem|p2a: Slowking|Heavy-Duty Boots|[from] move: Knock Off|[of] p1a: Ferrothorn\n|\n|upkeep\n|turn|15\n|\n|t:|1701159733\n|move|p2a: Slowking|Chilly Reception|p2a: Slowking\n|-weather|Snow\n|\n|t:|1701159739\n|switch|p2a: Greninja|Greninja, M|100\/100|[from] Chilly Reception\n|-damage|p2a: Greninja|88\/100|[from] Stealth Rock\n|cant|p1a: Ferrothorn|par\n|\n|-weather|Snow|[upkeep]\n|upkeep\n|turn|16\n|\n|t:|1701159752\n|move|p2a: Greninja|Dark Pulse|p1a: Ferrothorn\n|-damage|p1a: Ferrothorn|43\/100 par\n|-damage|p2a: Greninja|78\/100|[from] item: Life Orb\n|cant|p1a: Ferrothorn|par\n|\n|-weather|Snow|[upkeep]\n|upkeep\n|turn|17\n|\n|t:|1701159762\n|switch|p1a: Pelipper|Pelipper, F|100\/100\n|-weather|RainDance|[from] ability: Drizzle|[of] p1a: Pelipper\n|move|p2a: Greninja|Dark Pulse|p1a: Pelipper\n|-damage|p1a: Pelipper|40\/100\n|-damage|p2a: Greninja|69\/100|[from] item: Life Orb\n|\n|-weather|RainDance|[upkeep]\n|upkeep\n|turn|18\n|\n|t:|1701159786\n|switch|p1a: Barraskewda|Barraskewda, M|81\/100 par\n|move|p2a: Greninja|Dark Pulse|p1a: Barraskewda\n|-damage|p1a: Barraskewda|0 fnt\n|faint|p1a: Barraskewda\n|-ability|p2a: Greninja|Battle Bond|boost\n|-boost|p2a: Greninja|atk|1\n|-boost|p2a: Greninja|spa|1\n|-boost|p2a: Greninja|spe|1\n|-activate|p2a: Greninja|ability: Battle Bond\n|-damage|p2a: Greninja|59\/100|[from] item: Life Orb\n|\n|-weather|RainDance|[upkeep]\n|upkeep\n|\n|t:|1701159804\n|switch|p1a: Manaphy|Manaphy|100\/100\n|turn|19\n|\n|t:|1701159808\n|-terastallize|p1a: Manaphy|Water\n|move|p2a: Greninja|Dark Pulse|p1a: Manaphy\n|-damage|p1a: Manaphy|33\/100\n|-damage|p2a: Greninja|49\/100|[from] item: Life Orb\n|cant|p1a: Manaphy|flinch\n|\n|-weather|RainDance|[upkeep]\n|upkeep\n|turn|20\n|\n|t:|1701159817\n|move|p2a: Greninja|Dark Pulse|p1a: Manaphy\n|-damage|p1a: Manaphy|0 fnt\n|faint|p1a: Manaphy\n|-damage|p2a: Greninja|39\/100|[from] item: Life Orb\n|\n|-weather|RainDance|[upkeep]\n|upkeep\n|\n|t:|1701159822\n|switch|p1a: Tapu Lele|Tapu Lele|100\/100\n|-fieldstart|move: Psychic Terrain|[from] ability: Psychic Surge|[of] p1a: Tapu Lele\n|turn|21\n|j| red fintans\n|\n|t:|1701159826\n|move|p2a: Greninja|Dark Pulse|p1a: Tapu Lele\n|-damage|p1a: Tapu Lele|23\/100\n|-damage|p2a: Greninja|29\/100|[from] item: Life Orb\n|cant|p1a: Tapu Lele|flinch\n|\n|-weather|RainDance|[upkeep]\n|upkeep\n|turn|22\n|c| red fintans|unfortunate doesnt even begin to\n|c| red fintans|describe this series\n|\n|t:|1701159847\n|switch|p1a: Ferrothorn|Ferrothorn, M|43\/100 par\n|move|p2a: Greninja|Dark Pulse|p1a: Ferrothorn\n|-damage|p1a: Ferrothorn|0 fnt\n|faint|p1a: Ferrothorn\n|-damage|p2a: Greninja|19\/100|[from] item: Life Orb\n|\n|-weather|RainDance|[upkeep]\n|upkeep\n|\n|t:|1701159852\n|switch|p1a: Zapdos|Zapdos|100\/100\n|turn|23\n|\n|t:|1701159858\n|move|p2a: Greninja|Dark Pulse|p1a: Zapdos\n|-damage|p1a: Zapdos|24\/100\n|-damage|p2a: Greninja|10\/100|[from] item: Life Orb\n|move|p1a: Zapdos|Weather Ball|p2a: Greninja\n|-resisted|p2a: Greninja\n|-damage|p2a: Greninja|0 fnt\n|faint|p2a: Greninja\n|\n|-weather|RainDance|[upkeep]\n|upkeep\n|\n|t:|1701159866\n|switch|p2a: Landorus|Landorus-Therian, M|100\/100\n|-damage|p2a: Landorus|88\/100|[from] Stealth Rock\n|-ability|p2a: Landorus|Intimidate|boost\n|-unboost|p1a: Zapdos|atk|1\n|turn|24\n|\n|t:|1701159878\n|switch|p1a: Pelipper|Pelipper, F|40\/100\n|move|p2a: Landorus|Stone Edge|p1a: Pelipper|[miss]\n|-miss|p2a: Landorus|p1a: Pelipper\n|\n|-weather|none\n|upkeep\n|turn|25\n|\n|t:|1701159884\n|move|p2a: Landorus|Stone Edge|p1a: Pelipper\n|-supereffective|p1a: Pelipper\n|-damage|p1a: Pelipper|0 fnt\n|faint|p1a: Pelipper\n|\n|-fieldend|move: Psychic Terrain\n|upkeep\n|\n|t:|1701159886\n|switch|p1a: Tapu Lele|Tapu Lele|23\/100\n|-fieldstart|move: Psychic Terrain|[from] ability: Psychic Surge|[of] p1a: Tapu Lele\n|turn|26\n|\n|t:|1701159897\n|move|p1a: Tapu Lele|Psychic|p2a: Landorus\n|-damage|p2a: Landorus|14\/100\n|move|p2a: Landorus|Stone Edge|p1a: Tapu Lele\n|-crit|p1a: Tapu Lele\n|-damage|p1a: Tapu Lele|0 fnt\n|faint|p1a: Tapu Lele\n|\n|upkeep\n|\n|t:|1701159902\n|switch|p1a: Zapdos|Zapdos|24\/100\n|turn|27\n|\n|t:|1701159906\n|move|p2a: Landorus|Stone Edge|p1a: Zapdos\n|-supereffective|p1a: Zapdos\n|-damage|p1a: Zapdos|0 fnt\n|faint|p1a: Zapdos\n|\n|win|xlnx2\n|raw|agrade's rating: 1296 &rarr; <strong>1271<\/strong><br \/>(-25 for losing)\n|raw|xlnx2's rating: 1295 &rarr; <strong>1320<\/strong><br \/>(+25 for winning)\n|l|\u2606agrade\n|j|\u2606agrade\n|player|p1|agrade|birdkeeper-gen4dp\n","uploadtime":1701159915,"views":9,"p1id":"agrade","p2id":"xlnx2","formatid":"gen9nationaldex","rating":1271,"private":0,"password":""}