{"id":"gen9nationaldex-1996468038","p1":"Tank Tests","p2":"KingOrangeZz","format":"[Gen 9] National Dex","log":"|html|<div class=\"broadcast-blue\"><strong>[Gen 9] National Dex is currently suspecting Sneasler! For information on how to participate check out the <a href=\"https:\/\/www.smogon.com\/forums\/threads\/sv-national-dex-suspect-8-just-dance.3731534\/\">suspect thread<\/a>.<\/strong><\/div>\n|j|\u2606Tank Tests\n|j|\u2606KingOrangeZz\n|t:|1700684914\n|gametype|singles\n|player|p1|Tank Tests|1|1241\n|player|p2|KingOrangeZz|n|1152\n|teamsize|p1|6\n|teamsize|p2|6\n|gen|9\n|tier|[Gen 9] National Dex\n|rated|\n|rule|HP Percentage Mod: HP is shown in percentages\n|rule|Endless Battle Clause: Forcing endless battles is banned\n|rule|OHKO Clause: OHKO moves are banned\n|rule|Evasion Clause: Evasion abilities, items, and moves are banned\n|rule|Evasion Abilities Clause: Evasion abilities are banned\n|rule|Evasion Items Clause: Evasion items are banned\n|rule|Evasion Moves Clause: Evasion moves are banned\n|rule|Species Clause: Limit one of each Pok\u00e9mon\n|rule|Sleep Clause Mod: Limit one foe put to sleep\n|clearpoke\n|poke|p1|Pawmot, M|\n|poke|p1|Rabsca, F|\n|poke|p1|Banette, M|\n|poke|p1|Victini|\n|poke|p1|Dragonite, M|\n|poke|p1|Forretress, F|\n|poke|p2|Ferrothorn, F|\n|poke|p2|Galvantula, M|\n|poke|p2|Sneasler, F|\n|poke|p2|Typhlosion, F|\n|poke|p2|Glimmora, F|\n|poke|p2|Samurott-Hisui, F|\n|teampreview\n|\n|t:|1700684923\n|start\n|switch|p1a: Dragonite|Dragonite, M|100\/100\n|switch|p2a: Galvantula|Galvantula, M|100\/100\n|turn|1\n|c|\u2606KingOrangeZz|Glhf\n|\n|t:|1700684928\n|move|p2a: Galvantula|Thunder Wave|p1a: Dragonite\n|-status|p1a: Dragonite|par\n|move|p1a: Dragonite|Dragon Claw|p2a: Galvantula\n|-damage|p2a: Galvantula|14\/100\n|\n|upkeep\n|turn|2\n|\n|t:|1700684934\n|cant|p1a: Dragonite|par\n|move|p2a: Galvantula|Sticky Web|p1a: Dragonite\n|-sidestart|p1: Tank Tests|move: Sticky Web\n|\n|upkeep\n|turn|3\n|\n|t:|1700684940\n|switch|p2a: Ferrothorn|Ferrothorn, F|100\/100\n|move|p1a: Dragonite|Dragon Dance|p1a: Dragonite\n|-boost|p1a: Dragonite|atk|1\n|-boost|p1a: Dragonite|spe|1\n|\n|upkeep\n|turn|4\n|\n|t:|1700684946\n|move|p1a: Dragonite|Dragon Dance|p1a: Dragonite\n|-boost|p1a: Dragonite|atk|1\n|-boost|p1a: Dragonite|spe|1\n|move|p2a: Ferrothorn|Leech Seed|p1a: Dragonite\n|-start|p1a: Dragonite|move: Leech Seed\n|\n|-damage|p1a: Dragonite|88\/100 par|[from] Leech Seed|[of] p2a: Ferrothorn\n|upkeep\n|turn|5\n|\n|t:|1700684950\n|move|p1a: Dragonite|Dragon Dance|p1a: Dragonite\n|-boost|p1a: Dragonite|atk|1\n|-boost|p1a: Dragonite|spe|1\n|move|p2a: Ferrothorn|Knock Off|p1a: Dragonite\n|-damage|p1a: Dragonite|66\/100 par\n|-enditem|p1a: Dragonite|Weakness Policy|[from] move: Knock Off|[of] p2a: Ferrothorn\n|\n|-damage|p1a: Dragonite|53\/100 par|[from] Leech Seed|[of] p2a: Ferrothorn\n|upkeep\n|turn|6\n|\n|t:|1700684956\n|move|p1a: Dragonite|Earthquake|p2a: Ferrothorn\n|-crit|p2a: Ferrothorn\n|-damage|p2a: Ferrothorn|0 fnt\n|faint|p2a: Ferrothorn\n|\n|upkeep\n|\n|t:|1700684963\n|switch|p2a: Glimmora|Glimmora, F|100\/100\n|turn|7\n|\n|t:|1700684967\n|move|p1a: Dragonite|Earthquake|p2a: Glimmora\n|-supereffective|p2a: Glimmora\n|-damage|p2a: Glimmora|0 fnt\n|-activate|p2a: Glimmora|ability: Toxic Debris\n|-sidestart|p1: Tank Tests|move: Toxic Spikes\n|faint|p2a: Glimmora\n|\n|upkeep\n|\n|t:|1700684973\n|switch|p2a: Galvantula|Galvantula, M|14\/100\n|turn|8\n|\n|t:|1700684976\n|move|p1a: Dragonite|Extreme Speed|p2a: Galvantula\n|-damage|p2a: Galvantula|0 fnt\n|faint|p2a: Galvantula\n|\n|upkeep\n|\n|t:|1700684982\n|switch|p2a: Samurott|Samurott-Hisui, F|100\/100\n|turn|9\n|\n|t:|1700684985\n|move|p1a: Dragonite|Extreme Speed|p2a: Samurott\n|-damage|p2a: Samurott|6\/100\n|move|p2a: Samurott|Ceaseless Edge|p1a: Dragonite\n|-damage|p1a: Dragonite|0 fnt\n|-sidestart|p1: Tank Tests|Spikes\n|faint|p1a: Dragonite\n|\n|upkeep\n|\n|t:|1700684991\n|switch|p1a: Forretress|Forretress, F|100\/100\n|turn|10\n|\n|t:|1700684995\n|move|p2a: Samurott|Ceaseless Edge|p1a: Forretress\n|-damage|p1a: Forretress|48\/100\n|-sidestart|p1: Tank Tests|Spikes\n|move|p1a: Forretress|Rapid Spin|p2a: Samurott\n|-damage|p2a: Samurott|0 fnt\n|-boost|p1a: Forretress|spe|1\n|-sideend|p1: Tank Tests|Spikes|[from] move: Rapid Spin|[of] p1a: Forretress\n|-sideend|p1: Tank Tests|Toxic Spikes|[from] move: Rapid Spin|[of] p1a: Forretress\n|-sideend|p1: Tank Tests|Sticky Web|[from] move: Rapid Spin|[of] p1a: Forretress\n|faint|p2a: Samurott\n|\n|upkeep\n|-message|KingOrangeZz forfeited.\n|\n|win|Tank Tests\n|raw|Tank Tests's rating: 1241 &rarr; <strong>1260<\/strong><br \/>(+19 for winning)\n|raw|KingOrangeZz's rating: 1152 &rarr; <strong>1133<\/strong><br \/>(-19 for losing)\n|l|\u2606KingOrangeZz\n","uploadtime":1700685002,"views":7,"p1id":"tanktests","p2id":"kingorangezz","formatid":"gen9nationaldex","rating":1133,"private":0,"password":""}