{"id":"gen9nationaldex-1993469931","p1":"Mage gg","p2":"The_Matouflamme","format":"[Gen 9] National Dex","log":"|j|\u2606Mage gg\n|j|\u2606The_Matouflamme\n|t:|1700321773\n|gametype|singles\n|player|p1|Mage gg|alain|1294\n|player|p2|The_Matouflamme|ryuki|1233\n|teamsize|p1|6\n|teamsize|p2|6\n|gen|9\n|tier|[Gen 9] National Dex\n|rated|\n|rule|HP Percentage Mod: HP is shown in percentages\n|rule|Endless Battle Clause: Forcing endless battles is banned\n|rule|OHKO Clause: OHKO moves are banned\n|rule|Evasion Clause: Evasion abilities, items, and moves are banned\n|rule|Evasion Abilities Clause: Evasion abilities are banned\n|rule|Evasion Items Clause: Evasion items are banned\n|rule|Evasion Moves Clause: Evasion moves are banned\n|rule|Species Clause: Limit one of each Pok\u00e9mon\n|rule|Sleep Clause Mod: Limit one foe put to sleep\n|clearpoke\n|poke|p1|Medicham, M|\n|poke|p1|Vikavolt, M|\n|poke|p1|Clodsire, F|\n|poke|p1|Corviknight, M|\n|poke|p1|Blaziken, F|\n|poke|p1|Hoopa-Unbound|\n|poke|p2|Gliscor, F|\n|poke|p2|Slither Wing|\n|poke|p2|Great Tusk|\n|poke|p2|Heatran, M|\n|poke|p2|Volcarona, F|\n|poke|p2|Charizard, M|\n|teampreview\n|inactive|Battle timer is ON: inactive players will automatically lose when time's up. (requested by The_Matouflamme)\n|inactive|Mage gg also wants the timer to be on.\n|j| Drascore666\n|c| Drascore666|ALLEZ MATOU\n|\n|t:|1700321791\n|start\n|switch|p1a: Vikavolt|Vikavolt, M|100\/100\n|switch|p2a: Great Tusk|Great Tusk|100\/100\n|turn|1\n|\n|t:|1700321798\n|move|p2a: Great Tusk|Stealth Rock|p1a: Vikavolt\n|-sidestart|p1: Mage gg|move: Stealth Rock\n|move|p1a: Vikavolt|Bug Buzz|p2a: Great Tusk\n|-resisted|p2a: Great Tusk\n|-damage|p2a: Great Tusk|56\/100\n|\n|-heal|p2a: Great Tusk|62\/100|[from] item: Leftovers\n|upkeep\n|turn|2\n|\n|t:|1700321807\n|-end|p2a: Great Tusk|Protosynthesis|[silent]\n|switch|p2a: Heatran|Heatran, M|100\/100\n|move|p1a: Vikavolt|Bug Buzz|p2a: Heatran\n|-resisted|p2a: Heatran\n|-damage|p2a: Heatran|92\/100\n|\n|-heal|p2a: Heatran|98\/100|[from] item: Leftovers\n|upkeep\n|turn|3\n|\n|t:|1700321825\n|switch|p1a: Clodsire|Clodsire, F|100\/100\n|move|p2a: Heatran|Eruption|p1a: Clodsire\n|-crit|p1a: Clodsire\n|-damage|p1a: Clodsire|48\/100\n|\n|-heal|p2a: Heatran|100\/100|[from] item: Leftovers\n|upkeep\n|turn|4\n|\n|t:|1700321843\n|move|p2a: Heatran|Taunt|p1a: Clodsire\n|-start|p1a: Clodsire|move: Taunt\n|cant|p1a: Clodsire|move: Taunt|Recover\n|\n|upkeep\n|turn|5\n|\n|t:|1700321859\n|-terastallize|p2a: Heatran|Grass\n|move|p2a: Heatran|Eruption|p1a: Clodsire\n|-damage|p1a: Clodsire|15\/100\n|move|p1a: Clodsire|Stomping Tantrum|p2a: Heatran\n|-resisted|p2a: Heatran\n|-damage|p2a: Heatran|82\/100\n|\n|-heal|p2a: Heatran|88\/100|[from] item: Leftovers\n|upkeep\n|turn|6\n|\n|t:|1700321871\n|move|p2a: Heatran|Eruption|p1a: Clodsire\n|-damage|p1a: Clodsire|0 fnt\n|faint|p1a: Clodsire\n|\n|-heal|p2a: Heatran|94\/100|[from] item: Leftovers\n|upkeep\n|\n|t:|1700321882\n|switch|p1a: Blaziken|Blaziken, F|100\/100\n|-damage|p1a: Blaziken|88\/100|[from] Stealth Rock\n|turn|7\n|\n|t:|1700321898\n|move|p1a: Blaziken|Protect|p1a: Blaziken\n|-singleturn|p1a: Blaziken|Protect\n|move|p2a: Heatran|Earth Power|p1a: Blaziken\n|-activate|p1a: Blaziken|move: Protect\n|\n|-heal|p2a: Heatran|100\/100|[from] item: Leftovers\n|-ability|p1a: Blaziken|Speed Boost|boost\n|-boost|p1a: Blaziken|spe|1\n|upkeep\n|turn|8\n|\n|t:|1700321910\n|move|p1a: Blaziken|Close Combat|p2a: Heatran\n|-damage|p2a: Heatran|54\/100\n|-unboost|p1a: Blaziken|def|1\n|-unboost|p1a: Blaziken|spd|1\n|move|p2a: Heatran|Earth Power|p1a: Blaziken\n|-supereffective|p1a: Blaziken\n|-damage|p1a: Blaziken|0 fnt\n|faint|p1a: Blaziken\n|\n|-heal|p2a: Heatran|60\/100|[from] item: Leftovers\n|upkeep\n|\n|t:|1700321917\n|switch|p1a: Medicham|Medicham, M|100\/100\n|-damage|p1a: Medicham|94\/100|[from] Stealth Rock\n|turn|9\n|\n|t:|1700321933\n|detailschange|p1a: Medicham|Medicham-Mega, M\n|-mega|p1a: Medicham|Medicham|Medichamite\n|move|p1a: Medicham|Fake Out|p2a: Heatran\n|-damage|p2a: Heatran|41\/100\n|cant|p2a: Heatran|flinch\n|\n|-heal|p2a: Heatran|47\/100|[from] item: Leftovers\n|upkeep\n|turn|10\n|\n|t:|1700321941\n|move|p1a: Medicham|Close Combat|p2a: Heatran\n|-damage|p2a: Heatran|0 fnt\n|-unboost|p1a: Medicham|def|1\n|-unboost|p1a: Medicham|spd|1\n|faint|p2a: Heatran\n|\n|upkeep\n|\n|t:|1700321957\n|switch|p2a: Slither Wing|Slither Wing|100\/100\n|turn|11\n|\n|t:|1700321964\n|switch|p1a: Corviknight|Corviknight, M, shiny|100\/100\n|-damage|p1a: Corviknight|88\/100|[from] Stealth Rock\n|move|p2a: Slither Wing|First Impression|p1a: Corviknight\n|-resisted|p1a: Corviknight\n|-damage|p1a: Corviknight|78\/100\n|\n|upkeep\n|turn|12\n|\n|t:|1700321978\n|-end|p2a: Slither Wing|Protosynthesis|[silent]\n|switch|p2a: Charizard|Charizard, M|100\/100\n|move|p1a: Corviknight|Agility|p1a: Corviknight\n|-boost|p1a: Corviknight|spe|2\n|\n|upkeep\n|turn|13\n|\n|t:|1700321989\n|detailschange|p2a: Charizard|Charizard-Mega-Y, M\n|-mega|p2a: Charizard|Charizard|Charizardite Y\n|-weather|SunnyDay|[from] ability: Drought|[of] p2a: Charizard\n|-terastallize|p1a: Corviknight|Water\n|move|p1a: Corviknight|Bulk Up|p1a: Corviknight\n|-boost|p1a: Corviknight|atk|1\n|-boost|p1a: Corviknight|def|1\n|move|p2a: Charizard|Flamethrower|p1a: Corviknight\n|-resisted|p1a: Corviknight\n|-damage|p1a: Corviknight|50\/100\n|\n|-weather|SunnyDay|[upkeep]\n|upkeep\n|turn|14\n|\n|t:|1700321999\n|move|p1a: Corviknight|Power Trip|p2a: Charizard\n|-damage|p2a: Charizard|58\/100\n|move|p2a: Charizard|Solar Beam||[still]\n|-prepare|p2a: Charizard|Solar Beam\n|-anim|p2a: Charizard|Solar Beam|p1a: Corviknight\n|-supereffective|p1a: Corviknight\n|-damage|p1a: Corviknight|0 fnt\n|faint|p1a: Corviknight\n|\n|-weather|SunnyDay|[upkeep]\n|upkeep\n|\n|t:|1700322012\n|switch|p1a: Medicham|Medicham-Mega, M|94\/100\n|-damage|p1a: Medicham|88\/100|[from] Stealth Rock\n|turn|15\n|\n|t:|1700322020\n|move|p1a: Medicham|Fake Out|p2a: Charizard\n|-damage|p2a: Charizard|24\/100\n|cant|p2a: Charizard|flinch\n|\n|-weather|SunnyDay|[upkeep]\n|upkeep\n|turn|16\n|\n|t:|1700322044\n|move|p2a: Charizard|Roost|p2a: Charizard\n|-heal|p2a: Charizard|74\/100\n|-singleturn|p2a: Charizard|move: Roost\n|move|p1a: Medicham|Psycho Cut|p2a: Charizard\n|-crit|p2a: Charizard\n|-damage|p2a: Charizard|0 fnt\n|faint|p2a: Charizard\n|\n|-weather|SunnyDay|[upkeep]\n|upkeep\n|\n|t:|1700322056\n|switch|p2a: Slither Wing|Slither Wing|100\/100\n|-activate|p2a: Slither Wing|ability: Protosynthesis\n|-start|p2a: Slither Wing|protosynthesisatk\n|turn|17\n|\n|t:|1700322067\n|switch|p1a: Hoopa|Hoopa-Unbound|100\/100\n|-damage|p1a: Hoopa|88\/100|[from] Stealth Rock\n|move|p2a: Slither Wing|Flare Blitz|p1a: Hoopa\n|-damage|p1a: Hoopa|0 fnt\n|faint|p1a: Hoopa\n|-damage|p2a: Slither Wing|73\/100|[from] Recoil\n|\n|-weather|none\n|-end|p2a: Slither Wing|Protosynthesis\n|upkeep\n|\n|t:|1700322070\n|switch|p1a: Medicham|Medicham-Mega, M|88\/100\n|-damage|p1a: Medicham|82\/100|[from] Stealth Rock\n|turn|18\n|\n|t:|1700322086\n|-end|p2a: Slither Wing|Protosynthesis|[silent]\n|switch|p2a: Great Tusk|Great Tusk|62\/100\n|move|p1a: Medicham|Fake Out|p2a: Great Tusk\n|-damage|p2a: Great Tusk|47\/100\n|\n|-heal|p2a: Great Tusk|53\/100|[from] item: Leftovers\n|upkeep\n|turn|19\n|\n|t:|1700322093\n|move|p1a: Medicham|Psycho Cut|p2a: Great Tusk\n|-supereffective|p2a: Great Tusk\n|-damage|p2a: Great Tusk|0 fnt\n|faint|p2a: Great Tusk\n|-end|p2a: Great Tusk|Protosynthesis|[silent]\n|\n|upkeep\n|\n|t:|1700322098\n|switch|p2a: Slither Wing|Slither Wing|73\/100\n|turn|20\n|\n|t:|1700322108\n|switch|p1a: Vikavolt|Vikavolt, M|100\/100\n|-damage|p1a: Vikavolt|76\/100|[from] Stealth Rock\n|move|p2a: Slither Wing|Flare Blitz|p1a: Vikavolt\n|-supereffective|p1a: Vikavolt\n|-damage|p1a: Vikavolt|0 fnt\n|faint|p1a: Vikavolt\n|-damage|p2a: Slither Wing|44\/100|[from] Recoil\n|\n|upkeep\n|\n|t:|1700322122\n|switch|p1a: Medicham|Medicham-Mega, M|82\/100\n|-damage|p1a: Medicham|76\/100|[from] Stealth Rock\n|turn|21\n|\n|t:|1700322127\n|-end|p2a: Slither Wing|Protosynthesis|[silent]\n|switch|p2a: Volcarona|Volcarona, F|100\/100\n|move|p1a: Medicham|Fake Out|p2a: Volcarona\n|-damage|p2a: Volcarona|69\/100\n|\n|upkeep\n|turn|22\n|\n|t:|1700322136\n|move|p1a: Medicham|Psycho Cut|p2a: Volcarona\n|-damage|p2a: Volcarona|0 fnt\n|faint|p2a: Volcarona\n|\n|upkeep\n|\n|t:|1700322140\n|switch|p2a: Slither Wing|Slither Wing|44\/100\n|turn|23\n|\n|t:|1700322146\n|move|p2a: Slither Wing|First Impression|p1a: Medicham\n|-damage|p1a: Medicham|9\/100\n|move|p1a: Medicham|Psycho Cut|p2a: Slither Wing\n|-supereffective|p2a: Slither Wing\n|-crit|p2a: Slither Wing\n|-damage|p2a: Slither Wing|0 fnt\n|faint|p2a: Slither Wing\n|-end|p2a: Slither Wing|Protosynthesis|[silent]\n|\n|upkeep\n|\n|t:|1700322153\n|switch|p2a: Gliscor|Gliscor, F|100\/100\n|turn|24\n|\n|t:|1700322161\n|move|p1a: Medicham|Psycho Cut|p2a: Gliscor\n|-damage|p2a: Gliscor|65\/100\n|move|p2a: Gliscor|U-turn|p1a: Medicham\n|-damage|p1a: Medicham|0 fnt\n|faint|p1a: Medicham\n|\n|win|The_Matouflamme\n|raw|Mage gg's rating: 1294 &rarr; <strong>1265<\/strong><br \/>(-29 for losing)\n|raw|The_Matouflamme's rating: 1233 &rarr; <strong>1262<\/strong><br \/>(+29 for winning)\n|l|\u2606Mage gg\n|c|\u2606The_Matouflamme|gg\n","uploadtime":1700322173,"views":23,"p1id":"magegg","p2id":"thematouflamme","formatid":"gen9nationaldex","rating":1262,"private":0,"password":""}