{"id":"gen9nationaldex-1987346168","p1":"RedavElPiplup","p2":"Jor99fran","format":"[Gen 9] National Dex","log":"|j|\u2606RedavElPiplup\n|j|\u2606Jor99fran\n|t:|1699580075\n|gametype|singles\n|player|p1|RedavElPiplup|clown|\n|player|p2|Jor99fran|169|\n|teamsize|p1|6\n|teamsize|p2|6\n|gen|9\n|tier|[Gen 9] National Dex\n|rule|HP Percentage Mod: HP is shown in percentages\n|rule|Endless Battle Clause: Forcing endless battles is banned\n|rule|OHKO Clause: OHKO moves are banned\n|rule|Evasion Clause: Evasion abilities, items, and moves are banned\n|rule|Evasion Abilities Clause: Evasion abilities are banned\n|rule|Evasion Items Clause: Evasion items are banned\n|rule|Evasion Moves Clause: Evasion moves are banned\n|rule|Species Clause: Limit one of each Pok\u00e9mon\n|rule|Sleep Clause Mod: Limit one foe put to sleep\n|clearpoke\n|poke|p1|Tapu Koko|\n|poke|p1|Raichu-Alola, M|\n|poke|p1|Zapdos|\n|poke|p1|Iron Thorns|\n|poke|p1|Rotom-Wash|\n|poke|p1|Pawmot, F|\n|poke|p2|Lucario, F|\n|poke|p2|Toxapex, F|\n|poke|p2|Aegislash, M|\n|poke|p2|Dragonite, M|\n|poke|p2|Aerodactyl, M|\n|poke|p2|Mimikyu, M|\n|teampreview\n|j| N3ROZ3RO\n|c|\u2606RedavElPiplup|buena suerte\n|j| endmy\n|\n|t:|1699580103\n|start\n|switch|p1a: Tapu Koko|Tapu Koko|100\/100\n|switch|p2a: Toxapex|Toxapex, F|100\/100\n|-fieldstart|move: Electric Terrain|[from] ability: Electric Surge|[of] p1a: Tapu Koko\n|turn|1\n|\n|t:|1699580113\n|move|p1a: Tapu Koko|Volt Switch|p2a: Toxapex\n|-supereffective|p2a: Toxapex\n|-damage|p2a: Toxapex|44\/100\n|\n|t:|1699580117\n|switch|p1a: Rotom|Rotom-Wash|100\/100|[from] Volt Switch\n|move|p2a: Toxapex|Toxic Spikes|p1a: Rotom\n|-sidestart|p1: RedavElPiplup|move: Toxic Spikes\n|\n|-heal|p2a: Toxapex|50\/100|[from] item: Black Sludge\n|upkeep\n|turn|2\n|\n|t:|1699580128\n|move|p1a: Rotom|Volt Switch|p2a: Toxapex\n|-supereffective|p2a: Toxapex\n|-damage|p2a: Toxapex|18\/100\n|\n|t:|1699580132\n|switch|p1a: Zapdos|Zapdos|100\/100|[from] Volt Switch\n|-ability|p1a: Zapdos|Pressure\n|move|p2a: Toxapex|Recover|p2a: Toxapex\n|-heal|p2a: Toxapex|68\/100\n|\n|-heal|p2a: Toxapex|75\/100|[from] item: Black Sludge\n|upkeep\n|turn|3\n|\n|t:|1699580142\n|move|p1a: Zapdos|Defog|p2a: Toxapex\n|-unboost|p2a: Toxapex|evasion|1\n|-sideend|p1: RedavElPiplup|Toxic Spikes|[from] move: Defog|[of] p1a: Zapdos\n|-fieldend|move: Electric Terrain\n|move|p2a: Toxapex|Recover|p2a: Toxapex\n|-heal|p2a: Toxapex|100\/100\n|\n|upkeep\n|turn|4\n|\n|t:|1699580149\n|move|p1a: Zapdos|Volt Switch|p2a: Toxapex\n|-supereffective|p2a: Toxapex\n|-damage|p2a: Toxapex|63\/100\n|\n|t:|1699580153\n|switch|p1a: Tapu Koko|Tapu Koko|100\/100|[from] Volt Switch\n|-fieldstart|move: Electric Terrain|[from] ability: Electric Surge|[of] p1a: Tapu Koko\n|move|p2a: Toxapex|Toxic Spikes|p1a: Tapu Koko\n|-sidestart|p1: RedavElPiplup|move: Toxic Spikes\n|\n|-heal|p2a: Toxapex|69\/100|[from] item: Black Sludge\n|upkeep\n|turn|5\n|\n|t:|1699580161\n|move|p1a: Tapu Koko|Thunderbolt|p2a: Toxapex\n|-supereffective|p2a: Toxapex\n|-damage|p2a: Toxapex|0 fnt\n|faint|p2a: Toxapex\n|\n|upkeep\n|\n|t:|1699580172\n|switch|p2a: Aerodactyl|Aerodactyl, M|100\/100\n|turn|6\n|\n|t:|1699580177\n|switch|p1a: Rotom|Rotom-Wash|100\/100\n|detailschange|p2a: Aerodactyl|Aerodactyl-Mega, M\n|-mega|p2a: Aerodactyl|Aerodactyl|Aerodactylite\n|move|p2a: Aerodactyl|Earthquake|p1a: Rotom\n|-immune|p1a: Rotom|[from] ability: Levitate\n|\n|upkeep\n|turn|7\n|\n|t:|1699580191\n|move|p2a: Aerodactyl|Stealth Rock|p1a: Rotom\n|-sidestart|p1: RedavElPiplup|move: Stealth Rock\n|move|p1a: Rotom|Will-O-Wisp|p2a: Aerodactyl|[miss]\n|-miss|p1a: Rotom|p2a: Aerodactyl\n|\n|upkeep\n|turn|8\n|\n|t:|1699580196\n|move|p2a: Aerodactyl|Ice Fang|p1a: Rotom\n|-resisted|p1a: Rotom\n|-damage|p1a: Rotom|89\/100\n|move|p1a: Rotom|Will-O-Wisp|p2a: Aerodactyl\n|-status|p2a: Aerodactyl|brn\n|\n|-heal|p1a: Rotom|95\/100|[from] item: Leftovers\n|-damage|p2a: Aerodactyl|95\/100 brn|[from] brn\n|-fieldend|move: Electric Terrain\n|upkeep\n|turn|9\n|\n|t:|1699580205\n|move|p2a: Aerodactyl|Stone Edge|p1a: Rotom\n|-damage|p1a: Rotom|74\/100\n|move|p1a: Rotom|Hydro Pump|p2a: Aerodactyl\n|-supereffective|p2a: Aerodactyl\n|-crit|p2a: Aerodactyl\n|-damage|p2a: Aerodactyl|0 fnt\n|faint|p2a: Aerodactyl\n|\n|-heal|p1a: Rotom|80\/100|[from] item: Leftovers\n|upkeep\n|\n|t:|1699580214\n|switch|p2a: Dragonite|Dragonite, M|100\/100\n|turn|10\n|\n|t:|1699580218\n|move|p2a: Dragonite|Dragon Dance|p2a: Dragonite\n|-boost|p2a: Dragonite|atk|1\n|-boost|p2a: Dragonite|spe|1\n|move|p1a: Rotom|Will-O-Wisp|p2a: Dragonite\n|-status|p2a: Dragonite|brn\n|\n|-heal|p1a: Rotom|86\/100|[from] item: Leftovers\n|-damage|p2a: Dragonite|94\/100 brn|[from] brn\n|upkeep\n|turn|11\n|\n|t:|1699580233\n|-terastallize|p2a: Dragonite|Normal\n|move|p2a: Dragonite|Extreme Speed|p1a: Rotom\n|-damage|p1a: Rotom|61\/100\n|move|p1a: Rotom|Volt Switch|p2a: Dragonite\n|-damage|p2a: Dragonite|70\/100 brn\n|\n|t:|1699580243\n|switch|p1a: Zapdos|Zapdos|100\/100|[from] Volt Switch\n|-ability|p1a: Zapdos|Pressure\n|\n|-damage|p2a: Dragonite|64\/100 brn|[from] brn\n|upkeep\n|turn|12\n|\n|t:|1699580250\n|move|p2a: Dragonite|Dragon Dance|p2a: Dragonite\n|-boost|p2a: Dragonite|atk|1\n|-boost|p2a: Dragonite|spe|1\n|move|p1a: Zapdos|Defog|p2a: Dragonite\n|-unboost|p2a: Dragonite|evasion|1\n|-sideend|p1: RedavElPiplup|Toxic Spikes|[from] move: Defog|[of] p1a: Zapdos\n|-sideend|p1: RedavElPiplup|Stealth Rock|[from] move: Defog|[of] p1a: Zapdos\n|\n|-damage|p2a: Dragonite|57\/100 brn|[from] brn\n|upkeep\n|turn|13\n|l| endmy\n|\n|t:|1699580259\n|move|p2a: Dragonite|Dragon Dance|p2a: Dragonite\n|-boost|p2a: Dragonite|atk|1\n|-boost|p2a: Dragonite|spe|1\n|move|p1a: Zapdos|Hurricane|p2a: Dragonite\n|-damage|p2a: Dragonite|12\/100 brn\n|\n|-damage|p2a: Dragonite|5\/100 brn|[from] brn\n|upkeep\n|turn|14\n|\n|t:|1699580267\n|move|p2a: Dragonite|Extreme Speed|p1a: Zapdos\n|-damage|p1a: Zapdos|62\/100\n|move|p1a: Zapdos|Volt Switch|p2a: Dragonite\n|-damage|p2a: Dragonite|0 fnt\n|faint|p2a: Dragonite\n|\n|t:|1699580274\n|switch|p1a: Tapu Koko|Tapu Koko|100\/100|[from] Volt Switch\n|-fieldstart|move: Electric Terrain|[from] ability: Electric Surge|[of] p1a: Tapu Koko\n|\n|upkeep\n|\n|t:|1699580279\n|switch|p2a: Lucario|Lucario, F|100\/100\n|turn|15\n|\n|t:|1699580286\n|move|p1a: Tapu Koko|Volt Switch|p2a: Lucario\n|-damage|p2a: Lucario|33\/100\n|\n|t:|1699580290\n|switch|p1a: Zapdos|Zapdos|62\/100|[from] Volt Switch\n|-ability|p1a: Zapdos|Pressure\n|move|p2a: Lucario|Flash Cannon|p1a: Zapdos\n|-resisted|p1a: Zapdos\n|-damage|p1a: Zapdos|37\/100\n|-damage|p2a: Lucario|23\/100|[from] item: Life Orb\n|\n|upkeep\n|turn|16\n|\n|t:|1699580300\n|move|p2a: Lucario|Flash Cannon|p1a: Zapdos\n|-resisted|p1a: Zapdos\n|-damage|p1a: Zapdos|12\/100\n|-damage|p2a: Lucario|13\/100|[from] item: Life Orb\n|move|p1a: Zapdos|Roost|p1a: Zapdos\n|-heal|p1a: Zapdos|62\/100\n|-singleturn|p1a: Zapdos|move: Roost\n|\n|upkeep\n|turn|17\n|\n|t:|1699580309\n|move|p2a: Lucario|Nasty Plot|p2a: Lucario\n|-boost|p2a: Lucario|spa|2\n|move|p1a: Zapdos|Roost|p1a: Zapdos\n|-heal|p1a: Zapdos|100\/100\n|-singleturn|p1a: Zapdos|move: Roost\n|\n|upkeep\n|turn|18\n|\n|t:|1699580318\n|move|p2a: Lucario|Flash Cannon|p1a: Zapdos\n|-resisted|p1a: Zapdos\n|-damage|p1a: Zapdos|50\/100\n|-damage|p2a: Lucario|3\/100|[from] item: Life Orb\n|move|p1a: Zapdos|Volt Switch|p2a: Lucario\n|-damage|p2a: Lucario|0 fnt\n|faint|p2a: Lucario\n|\n|t:|1699580330\n|switch|p1a: Rotom|Rotom-Wash|61\/100|[from] Volt Switch\n|\n|-heal|p1a: Rotom|67\/100|[from] item: Leftovers\n|-fieldend|move: Electric Terrain\n|upkeep\n|\n|t:|1699580343\n|switch|p2a: Aegislash|Aegislash, M|100\/100\n|turn|19\n|\n|t:|1699580351\n|move|p2a: Aegislash|King's Shield|p2a: Aegislash\n|-singleturn|p2a: Aegislash|Protect\n|move|p1a: Rotom|Will-O-Wisp|p2a: Aegislash\n|-status|p2a: Aegislash|brn\n|\n|-heal|p1a: Rotom|73\/100|[from] item: Leftovers\n|-damage|p2a: Aegislash|94\/100 brn|[from] brn\n|upkeep\n|turn|20\n|\n|t:|1699580360\n|move|p1a: Rotom|Pain Split|p2a: Aegislash\n|-sethp|p2a: Aegislash|81\/100 brn|[from] move: Pain Split|[silent]\n|-sethp|p1a: Rotom|87\/100|[from] move: Pain Split\n|-formechange|p2a: Aegislash|Aegislash-Blade||[from] ability: Stance Change\n|move|p2a: Aegislash|Shadow Ball|p1a: Rotom\n|-damage|p1a: Rotom|47\/100\n|\n|-heal|p1a: Rotom|53\/100|[from] item: Leftovers\n|-damage|p2a: Aegislash|75\/100 brn|[from] brn\n|upkeep\n|turn|21\n|\n|t:|1699580373\n|-formechange|p2a: Aegislash|Aegislash||[from] ability: Stance Change\n|move|p2a: Aegislash|King's Shield|p2a: Aegislash\n|-singleturn|p2a: Aegislash|Protect\n|move|p1a: Rotom|Pain Split|p2a: Aegislash\n|-sethp|p2a: Aegislash|63\/100 brn|[from] move: Pain Split|[silent]\n|-sethp|p1a: Rotom|67\/100|[from] move: Pain Split\n|\n|-heal|p1a: Rotom|73\/100|[from] item: Leftovers\n|-damage|p2a: Aegislash|56\/100 brn|[from] brn\n|upkeep\n|turn|22\n|\n|t:|1699580383\n|move|p1a: Rotom|Volt Switch|p2a: Aegislash\n|-crit|p2a: Aegislash\n|-damage|p2a: Aegislash|35\/100 brn\n|\n|t:|1699580388\n|switch|p1a: Zapdos|Zapdos|50\/100|[from] Volt Switch\n|-ability|p1a: Zapdos|Pressure\n|-formechange|p2a: Aegislash|Aegislash-Blade||[from] ability: Stance Change\n|move|p2a: Aegislash|Shadow Ball|p1a: Zapdos\n|-damage|p1a: Zapdos|15\/100\n|\n|-damage|p2a: Aegislash|29\/100 brn|[from] brn\n|upkeep\n|turn|23\n|\n|t:|1699580398\n|move|p1a: Zapdos|Roost|p1a: Zapdos\n|-heal|p1a: Zapdos|65\/100\n|-singleturn|p1a: Zapdos|move: Roost\n|move|p2a: Aegislash|Gyro Ball|p1a: Zapdos\n|-resisted|p1a: Zapdos\n|-damage|p1a: Zapdos|56\/100\n|\n|-damage|p2a: Aegislash|23\/100 brn|[from] brn\n|upkeep\n|turn|24\n|\n|t:|1699580407\n|move|p1a: Zapdos|Volt Switch|p2a: Aegislash\n|-damage|p2a: Aegislash|0 fnt\n|faint|p2a: Aegislash\n|\n|t:|1699580411\n|switch|p1a: Tapu Koko|Tapu Koko|100\/100|[from] Volt Switch\n|-fieldstart|move: Electric Terrain|[from] ability: Electric Surge|[of] p1a: Tapu Koko\n|\n|upkeep\n|\n|t:|1699580417\n|switch|p2a: Mimikyu|Mimikyu, M|100\/100\n|turn|25\n|\n|t:|1699580422\n|move|p1a: Tapu Koko|Thunderbolt|p2a: Mimikyu\n|-activate|p2a: Mimikyu|ability: Disguise\n|-damage|p2a: Mimikyu|100\/100\n|detailschange|p2a: Mimikyu|Mimikyu-Busted, M\n|-damage|p2a: Mimikyu|88\/100|[from] pokemon: Mimikyu-Busted\n|move|p2a: Mimikyu|Swords Dance|p2a: Mimikyu\n|-boost|p2a: Mimikyu|atk|2\n|\n|upkeep\n|turn|26\n|\n|t:|1699580431\n|move|p1a: Tapu Koko|Thunderbolt|p2a: Mimikyu\n|-damage|p2a: Mimikyu|26\/100\n|move|p2a: Mimikyu|Play Rough|p1a: Tapu Koko\n|-damage|p1a: Tapu Koko|0 fnt\n|faint|p1a: Tapu Koko\n|-damage|p2a: Mimikyu|16\/100|[from] item: Life Orb\n|\n|upkeep\n|j| endmy\n|\n|t:|1699580440\n|switch|p1a: Iron Thorns|Iron Thorns|100\/100\n|-activate|p1a: Iron Thorns|ability: Quark Drive\n|-start|p1a: Iron Thorns|quarkdriveatk\n|turn|27\n|\n|t:|1699580450\n|move|p2a: Mimikyu|Play Rough|p1a: Iron Thorns\n|-damage|p1a: Iron Thorns|11\/100\n|-enditem|p1a: Iron Thorns|Figy Berry|[eat]\n|-heal|p1a: Iron Thorns|44\/100|[from] item: Figy Berry\n|-damage|p2a: Mimikyu|6\/100|[from] item: Life Orb\n|move|p1a: Iron Thorns|Wild Charge|p2a: Mimikyu\n|-damage|p2a: Mimikyu|0 fnt\n|faint|p2a: Mimikyu\n|-damage|p1a: Iron Thorns|43\/100|[from] Recoil\n|\n|win|RedavElPiplup\n|c|\u2606RedavElPiplup|bien jugado\n|n|\u2606Jor99fran|jor99fran\n|l|\u2606RedavElPiplup\n|l|\u2606Jor99fran\n|l| N3ROZ3RO\n|l| endmy\n|j|\u2606RedavElPiplup\n|player|p1|RedavElPiplup|clown\n","uploadtime":1699580512,"views":4,"p1id":"redavelpiplup","p2id":"jor99fran","formatid":"gen9nationaldex","rating":0,"private":0,"password":""}