{"id":"gen9nationaldex-1999071466","p1":"MunchingPatato","p2":"tobiasnl","format":"[Gen 9] National Dex","log":"|html|<div class=\"broadcast-blue\"><strong>[Gen 9] National Dex is currently suspecting Sneasler! For information on how to participate check out the <a href=\"https:\/\/www.smogon.com\/forums\/threads\/sv-national-dex-suspect-8-just-dance.3731534\/\">suspect thread<\/a>.<\/strong><\/div>\n|j|\u2606MunchingPatato\n|j|\u2606tobiasnl\n|t:|1701030099\n|gametype|singles\n|player|p1|MunchingPatato|preschooler|\n|player|p2|tobiasnl|2|\n|teamsize|p1|6\n|teamsize|p2|6\n|gen|9\n|tier|[Gen 9] National Dex\n|rule|HP Percentage Mod: HP is shown in percentages\n|rule|Endless Battle Clause: Forcing endless battles is banned\n|rule|OHKO Clause: OHKO moves are banned\n|rule|Evasion Clause: Evasion abilities, items, and moves are banned\n|rule|Evasion Abilities Clause: Evasion abilities are banned\n|rule|Evasion Items Clause: Evasion items are banned\n|rule|Evasion Moves Clause: Evasion moves are banned\n|rule|Species Clause: Limit one of each Pok\u00e9mon\n|rule|Sleep Clause Mod: Limit one foe put to sleep\n|clearpoke\n|poke|p1|Rillaboom, F|\n|poke|p1|Clefable, M|\n|poke|p1|Infernape, F|\n|poke|p1|Corviknight, M|\n|poke|p1|Greninja-*, M|\n|poke|p1|Dragonite, F|\n|poke|p2|Hawlucha, M|\n|poke|p2|Great Tusk|\n|poke|p2|Lilligant-Hisui, F|\n|poke|p2|Sneasler, F|\n|poke|p2|Iron Valiant|\n|poke|p2|Gallade, M|\n|teampreview\n|\n|t:|1701030119\n|start\n|switch|p1a: Infernape|Infernape, F|100\/100\n|switch|p2a: Hawlucha|Hawlucha, M, shiny|100\/100\n|turn|1\n|\n|t:|1701030132\n|move|p1a: Infernape|Nasty Plot|p1a: Infernape\n|-boost|p1a: Infernape|spa|2\n|move|p2a: Hawlucha|Bulk Up|p2a: Hawlucha\n|-boost|p2a: Hawlucha|atk|1\n|-boost|p2a: Hawlucha|def|1\n|\n|upkeep\n|turn|2\n|\n|t:|1701030139\n|move|p2a: Hawlucha|Endure|p2a: Hawlucha\n|-singleturn|p2a: Hawlucha|move: Endure\n|move|p1a: Infernape|Flamethrower|p2a: Hawlucha\n|-activate|p2a: Hawlucha|move: Endure\n|-damage|p2a: Hawlucha|1\/100\n|-enditem|p2a: Hawlucha|Salac Berry|[eat]\n|-boost|p2a: Hawlucha|spe|1|[from] item: Salac Berry\n|\n|upkeep\n|turn|3\n|\n|t:|1701030150\n|move|p2a: Hawlucha|Acrobatics|p1a: Infernape\n|-supereffective|p1a: Infernape\n|-damage|p1a: Infernape|0 fnt\n|faint|p1a: Infernape\n|\n|upkeep\n|\n|t:|1701030155\n|switch|p1a: Rillaboom|Rillaboom, F|100\/100\n|-fieldstart|move: Grassy Terrain|[from] ability: Grassy Surge|[of] p1a: Rillaboom\n|turn|4\n|\n|t:|1701030159\n|move|p1a: Rillaboom|Grassy Glide|p2a: Hawlucha\n|-resisted|p2a: Hawlucha\n|-damage|p2a: Hawlucha|0 fnt\n|faint|p2a: Hawlucha\n|\n|upkeep\n|\n|t:|1701030178\n|switch|p2a: Great Tusk|Great Tusk, shiny|100\/100\n|turn|5\n|\n|t:|1701030182\n|move|p1a: Rillaboom|Grassy Glide|p2a: Great Tusk\n|-supereffective|p2a: Great Tusk\n|-damage|p2a: Great Tusk|47\/100\n|move|p2a: Great Tusk|Stealth Rock|p1a: Rillaboom\n|-sidestart|p1: MunchingPatato|move: Stealth Rock\n|\n|-heal|p2a: Great Tusk|53\/100|[from] Grassy Terrain\n|upkeep\n|turn|6\n|\n|t:|1701030189\n|-end|p2a: Great Tusk|Protosynthesis|[silent]\n|switch|p2a: Lilligant|Lilligant-Hisui, F, shiny|100\/100\n|move|p1a: Rillaboom|Grassy Glide|p2a: Lilligant\n|-resisted|p2a: Lilligant\n|-damage|p2a: Lilligant|58\/100\n|\n|-heal|p2a: Lilligant|64\/100|[from] Grassy Terrain\n|-heal|p2a: Lilligant|70\/100|[from] item: Leftovers\n|upkeep\n|turn|7\n|\n|t:|1701030202\n|switch|p1a: Clefable|Clefable, M|100\/100\n|move|p2a: Lilligant|Victory Dance|p2a: Lilligant\n|-boost|p2a: Lilligant|atk|1\n|-boost|p2a: Lilligant|def|1\n|-boost|p2a: Lilligant|spe|1\n|\n|-heal|p2a: Lilligant|76\/100|[from] Grassy Terrain\n|-heal|p2a: Lilligant|82\/100|[from] item: Leftovers\n|upkeep\n|turn|8\n|\n|t:|1701030231\n|move|p2a: Lilligant|Solar Blade||[still]\n|-prepare|p2a: Lilligant|Solar Blade\n|move|p1a: Clefable|Moonblast|p2a: Lilligant\n|-supereffective|p2a: Lilligant\n|-damage|p2a: Lilligant|0 fnt\n|faint|p2a: Lilligant\n|\n|-fieldend|move: Grassy Terrain\n|upkeep\n|\n|t:|1701030244\n|switch|p2a: Sneasler|Sneasler, F, shiny|100\/100\n|turn|9\n|\n|t:|1701030251\n|move|p2a: Sneasler|Close Combat|p1a: Clefable\n|-resisted|p1a: Clefable\n|-damage|p1a: Clefable|67\/100\n|-unboost|p2a: Sneasler|def|1\n|-unboost|p2a: Sneasler|spd|1\n|-status|p1a: Clefable|psn|[from] ability: Poison Touch|[of] p2a: Sneasler\n|move|p1a: Clefable|Wish|p1a: Clefable\n|\n|-heal|p1a: Clefable|73\/100 psn|[from] item: Leftovers\n|upkeep\n|turn|10\n|c|\u2606tobiasnl|damn i thought u would switch to corviknight cuz u knew i had poison\n|c|\u2606MunchingPatato|nahhh XD\n|\n|t:|1701030282\n|switch|p2a: Iron Valiant|Iron Valiant, shiny|100\/100\n|move|p1a: Clefable|Moonblast|p2a: Iron Valiant\n|-supereffective|p2a: Iron Valiant\n|-damage|p2a: Iron Valiant|0 fnt\n|faint|p2a: Iron Valiant\n|-end|p2a: Iron Valiant|Quark Drive|[silent]\n|\n|-heal|p1a: Clefable|100\/100 psn|[from] move: Wish|[wisher] Clefable\n|upkeep\n|\n|t:|1701030305\n|switch|p2a: Sneasler|Sneasler, F, shiny|100\/100\n|turn|11\n|\n|t:|1701030308\n|move|p2a: Sneasler|Dire Claw|p1a: Clefable\n|-supereffective|p1a: Clefable\n|-damage|p1a: Clefable|7\/100 psn\n|move|p1a: Clefable|Wish|p1a: Clefable\n|\n|-heal|p1a: Clefable|13\/100 psn|[from] item: Leftovers\n|upkeep\n|turn|12\n|\n|t:|1701030318\n|switch|p1a: Corviknight|Corviknight, M|100\/100\n|-damage|p1a: Corviknight|88\/100|[from] Stealth Rock\n|-ability|p1a: Corviknight|Pressure\n|move|p2a: Sneasler|Dire Claw|p1a: Corviknight\n|-immune|p1a: Corviknight\n|\n|-heal|p1a: Corviknight|100\/100|[from] move: Wish|[wisher] Clefable\n|upkeep\n|turn|13\n|\n|t:|1701030330\n|switch|p2a: Gallade|Gallade, M, shiny|100\/100\n|move|p1a: Corviknight|Brave Bird|p2a: Gallade\n|-supereffective|p2a: Gallade\n|-crit|p2a: Gallade\n|-damage|p2a: Gallade|0 fnt\n|faint|p2a: Gallade\n|-damage|p1a: Corviknight|78\/100|[from] Recoil\n|\n|upkeep\n|\n|t:|1701030338\n|switch|p2a: Great Tusk|Great Tusk, shiny|53\/100\n|turn|14\n|\n|t:|1701030352\n|switch|p1a: Rillaboom|Rillaboom, F|100\/100\n|-damage|p1a: Rillaboom|88\/100|[from] Stealth Rock\n|-fieldstart|move: Grassy Terrain|[from] ability: Grassy Surge|[of] p1a: Rillaboom\n|move|p2a: Great Tusk|Knock Off|p1a: Rillaboom\n|-damage|p1a: Rillaboom|59\/100\n|-enditem|p1a: Rillaboom|Choice Band|[from] move: Knock Off|[of] p2a: Great Tusk\n|\n|-heal|p1a: Rillaboom|65\/100|[from] Grassy Terrain\n|-heal|p2a: Great Tusk|59\/100|[from] Grassy Terrain\n|upkeep\n|turn|15\n|\n|t:|1701030363\n|move|p1a: Rillaboom|Grassy Glide|p2a: Great Tusk\n|-supereffective|p2a: Great Tusk\n|-damage|p2a: Great Tusk|19\/100\n|move|p2a: Great Tusk|Earthquake|p1a: Rillaboom\n|-resisted|p1a: Rillaboom\n|-damage|p1a: Rillaboom|54\/100\n|\n|-heal|p1a: Rillaboom|60\/100|[from] Grassy Terrain\n|-heal|p2a: Great Tusk|25\/100|[from] Grassy Terrain\n|upkeep\n|turn|16\n|\n|t:|1701030376\n|-end|p2a: Great Tusk|Protosynthesis|[silent]\n|switch|p2a: Sneasler|Sneasler, F, shiny|100\/100\n|move|p1a: Rillaboom|Grassy Glide|p2a: Sneasler\n|-resisted|p2a: Sneasler\n|-damage|p2a: Sneasler|68\/100\n|\n|-heal|p2a: Sneasler|74\/100|[from] Grassy Terrain\n|-heal|p1a: Rillaboom|66\/100|[from] Grassy Terrain\n|upkeep\n|turn|17\n|\n|t:|1701030389\n|switch|p1a: Clefable|Clefable, M|13\/100 psn\n|move|p2a: Sneasler|U-turn|p1a: Clefable\n|-resisted|p1a: Clefable\n|-damage|p1a: Clefable|0 fnt\n|faint|p1a: Clefable\n|\n|t:|1701030394\n|switch|p2a: Great Tusk|Great Tusk, shiny|25\/100|[from] U-turn\n|\n|-heal|p2a: Great Tusk|31\/100|[from] Grassy Terrain\n|upkeep\n|\n|t:|1701030404\n|switch|p1a: Greninja|Greninja, M|100\/100\n|-damage|p1a: Greninja|88\/100|[from] Stealth Rock\n|turn|18\n|\n|t:|1701030409\n|move|p1a: Greninja|Water Shuriken|p2a: Great Tusk\n|-supereffective|p2a: Great Tusk\n|-damage|p2a: Great Tusk|5\/100\n|-supereffective|p2a: Great Tusk\n|-damage|p2a: Great Tusk|0 fnt\n|faint|p2a: Great Tusk\n|-end|p2a: Great Tusk|Protosynthesis|[silent]\n|-ability|p1a: Greninja|Battle Bond|boost\n|-boost|p1a: Greninja|atk|1\n|-boost|p1a: Greninja|spa|1\n|-boost|p1a: Greninja|spe|1\n|-activate|p1a: Greninja|ability: Battle Bond\n|-hitcount|p2: Great Tusk|2\n|\n|-heal|p1a: Greninja|94\/100|[from] Grassy Terrain\n|-fieldend|move: Grassy Terrain\n|upkeep\n|\n|t:|1701030420\n|switch|p2a: Sneasler|Sneasler, F, shiny|74\/100\n|turn|19\n|\n|t:|1701030437\n|move|p1a: Greninja|Water Shuriken|p2a: Sneasler\n|-damage|p2a: Sneasler|54\/100\n|-damage|p2a: Sneasler|32\/100\n|-hitcount|p2a: Sneasler|2\n|move|p2a: Sneasler|U-turn|p1a: Greninja\n|-supereffective|p1a: Greninja\n|-damage|p1a: Greninja|19\/100\n|\n|upkeep\n|turn|20\n|\n|t:|1701030464\n|move|p1a: Greninja|Water Shuriken|p2a: Sneasler\n|-damage|p2a: Sneasler|12\/100\n|-damage|p2a: Sneasler|0 fnt\n|faint|p2a: Sneasler\n|-hitcount|p2: Sneasler|2\n|\n|win|MunchingPatato\n|c|\u2606MunchingPatato|gg\n","uploadtime":1701030474,"views":20,"p1id":"munchingpatato","p2id":"tobiasnl","formatid":"gen9nationaldex","rating":0,"private":0,"password":""}