{"id":"gen9nationaldex-1999371952","p1":"runeatest","p2":"baker01","format":"[Gen 9] National Dex","log":"|html|<div class=\"broadcast-blue\"><strong>[Gen 9] National Dex is currently suspecting Sneasler! For information on how to participate check out the <a href=\"https:\/\/www.smogon.com\/forums\/threads\/sv-national-dex-suspect-8-just-dance.3731534\/\">suspect thread<\/a>.<\/strong><\/div>\n|j|\u2606runeatest\n|j|\u2606baker01\n|t:|1701068833\n|gametype|singles\n|player|p1|runeatest|fisherman-gen4|1143\n|player|p2|baker01|169|1118\n|teamsize|p1|6\n|teamsize|p2|6\n|gen|9\n|tier|[Gen 9] National Dex\n|rated|\n|rule|HP Percentage Mod: HP is shown in percentages\n|rule|Endless Battle Clause: Forcing endless battles is banned\n|rule|OHKO Clause: OHKO moves are banned\n|rule|Evasion Clause: Evasion abilities, items, and moves are banned\n|rule|Evasion Abilities Clause: Evasion abilities are banned\n|rule|Evasion Items Clause: Evasion items are banned\n|rule|Evasion Moves Clause: Evasion moves are banned\n|rule|Species Clause: Limit one of each Pok\u00e9mon\n|rule|Sleep Clause Mod: Limit one foe put to sleep\n|clearpoke\n|poke|p1|Vaporeon, M|\n|poke|p1|Salamence, M|\n|poke|p1|Hitmontop, M|\n|poke|p1|Electivire, M|\n|poke|p1|Togekiss, M|\n|poke|p1|Houndoom, M|\n|poke|p2|Arbok, F|\n|poke|p2|Ditto|\n|poke|p2|Metagross|\n|poke|p2|Ninetales-Alola, F|\n|poke|p2|Heatran, M|\n|poke|p2|Abomasnow, M|\n|teampreview\n|inactive|Battle timer is ON: inactive players will automatically lose when time's up. (requested by runeatest)\n|\n|t:|1701068839\n|start\n|switch|p1a: Salamence|Salamence, M|100\/100\n|switch|p2a: Arbok|Arbok, F|100\/100\n|-ability|p1a: Salamence|Intimidate|boost\n|-unboost|p2a: Arbok|atk|1\n|-ability|p2a: Arbok|Intimidate|boost\n|-unboost|p1a: Salamence|atk|1\n|turn|1\n|\n|t:|1701068847\n|move|p1a: Salamence|Draco Meteor|p2a: Arbok\n|-damage|p2a: Arbok|0 fnt\n|-unboost|p1a: Salamence|spa|2\n|faint|p2a: Arbok\n|\n|upkeep\n|\n|t:|1701068855\n|switch|p2a: Metagross|Metagross|100\/100\n|turn|2\n|\n|t:|1701068858\n|switch|p1a: Houndoom|Houndoom, M|100\/100\n|move|p2a: Metagross|Agility|p2a: Metagross\n|-boost|p2a: Metagross|spe|2\n|\n|upkeep\n|turn|3\n|\n|t:|1701068870\n|switch|p2a: Heatran|Heatran, M|100\/100\n|-item|p2a: Heatran|Air Balloon\n|move|p1a: Houndoom|Flamethrower|p2a: Heatran\n|-start|p2a: Heatran|ability: Flash Fire\n|\n|upkeep\n|turn|4\n|\n|t:|1701068889\n|switch|p1a: Salamence|Salamence, M|100\/100\n|-ability|p1a: Salamence|Intimidate|boost\n|-unboost|p2a: Heatran|atk|1\n|move|p2a: Heatran|Earth Power|p1a: Salamence\n|-immune|p1a: Salamence\n|\n|upkeep\n|turn|5\n|inactive|runeatest has 120 seconds left.\n|\n|t:|1701068927\n|move|p1a: Salamence|Hydro Pump|p2a: Heatran\n|-supereffective|p2a: Heatran\n|-damage|p2a: Heatran|14\/100\n|-enditem|p2a: Heatran|Air Balloon\n|move|p2a: Heatran|Flash Cannon|p1a: Salamence\n|-damage|p1a: Salamence|41\/100\n|-unboost|p1a: Salamence|spd|1\n|\n|upkeep\n|turn|6\n|inactive|runeatest has 120 seconds left.\n|\n|t:|1701068940\n|move|p1a: Salamence|Hydro Pump|p2a: Heatran\n|-supereffective|p2a: Heatran\n|-damage|p2a: Heatran|0 fnt\n|faint|p2a: Heatran\n|\n|upkeep\n|\n|t:|1701068945\n|switch|p2a: Abomasnow|Abomasnow, M|100\/100\n|-weather|Snow|[from] ability: Snow Warning|[of] p2a: Abomasnow\n|turn|7\n|inactive|runeatest has 120 seconds left.\n|\n|t:|1701068969\n|switch|p1a: Hitmontop|Hitmontop, M|100\/100\n|detailschange|p2a: Abomasnow|Abomasnow-Mega, M\n|-mega|p2a: Abomasnow|Abomasnow|Abomasite\n|move|p2a: Abomasnow|Aurora Veil|p2a: Abomasnow\n|-sidestart|p2: baker01|move: Aurora Veil\n|\n|-weather|Snow|[upkeep]\n|upkeep\n|turn|8\n|inactive|runeatest has 120 seconds left.\n|\n|t:|1701068979\n|move|p1a: Hitmontop|High Jump Kick|p2a: Abomasnow\n|-supereffective|p2a: Abomasnow\n|-damage|p2a: Abomasnow|64\/100\n|move|p2a: Abomasnow|Leech Seed|p1a: Hitmontop\n|-start|p1a: Hitmontop|move: Leech Seed\n|\n|-weather|Snow|[upkeep]\n|-damage|p1a: Hitmontop|88\/100|[from] Leech Seed|[of] p2a: Abomasnow\n|-heal|p2a: Abomasnow|72\/100|[silent]\n|upkeep\n|turn|9\n|\n|t:|1701068987\n|switch|p1a: Houndoom|Houndoom, M|100\/100\n|move|p2a: Abomasnow|Giga Drain|p1a: Houndoom\n|-resisted|p1a: Houndoom\n|-crit|p1a: Houndoom\n|-damage|p1a: Houndoom|64\/100\n|-heal|p2a: Abomasnow|86\/100|[from] drain|[of] p1a: Houndoom\n|\n|-weather|Snow|[upkeep]\n|upkeep\n|turn|10\n|\n|t:|1701068995\n|move|p1a: Houndoom|Flamethrower|p2a: Abomasnow\n|-supereffective|p2a: Abomasnow\n|-damage|p2a: Abomasnow|31\/100\n|move|p2a: Abomasnow|Leech Seed|p1a: Houndoom|[miss]\n|-miss|p2a: Abomasnow|p1a: Houndoom\n|\n|-weather|Snow|[upkeep]\n|upkeep\n|turn|11\n|\n|t:|1701069003\n|switch|p2a: Ditto|Ditto|100\/100\n|-transform|p2a: Ditto|p1a: Houndoom|[from] ability: Imposter\n|move|p1a: Houndoom|Flamethrower|p2a: Ditto\n|-start|p2a: Ditto|ability: Flash Fire\n|\n|-weather|none\n|-sideend|p2: baker01|move: Aurora Veil\n|upkeep\n|turn|12\n|\n|t:|1701069027\n|switch|p1a: Vaporeon|Vaporeon, M|100\/100\n|move|p2a: Ditto|Sludge Bomb|p1a: Vaporeon\n|-damage|p1a: Vaporeon|77\/100\n|-status|p1a: Vaporeon|psn\n|\n|-heal|p1a: Vaporeon|83\/100 psn|[from] item: Leftovers\n|-damage|p1a: Vaporeon|70\/100 psn|[from] psn\n|upkeep\n|turn|13\n|\n|t:|1701069036\n|-end|p2a: Ditto|ability: Flash Fire|[silent]\n|switch|p2a: Abomasnow|Abomasnow-Mega, M|31\/100\n|-weather|Snow|[from] ability: Snow Warning|[of] p2a: Abomasnow\n|move|p1a: Vaporeon|Heal Bell|p1a: Vaporeon\n|-activate|p1a: Vaporeon|move: Heal Bell\n|-curestatus|p1a: Vaporeon|psn|[msg]\n|\n|-weather|Snow|[upkeep]\n|-heal|p1a: Vaporeon|77\/100|[from] item: Leftovers\n|upkeep\n|turn|14\n|\n|t:|1701069048\n|switch|p1a: Houndoom|Houndoom, M|64\/100\n|move|p2a: Abomasnow|Aurora Veil|p2a: Abomasnow\n|-sidestart|p2: baker01|move: Aurora Veil\n|\n|-weather|Snow|[upkeep]\n|upkeep\n|turn|15\n|\n|t:|1701069056\n|switch|p2a: Ditto|Ditto|100\/100\n|-transform|p2a: Ditto|p1a: Houndoom|[from] ability: Imposter\n|move|p1a: Houndoom|Dark Pulse|p2a: Ditto\n|-resisted|p2a: Ditto\n|-damage|p2a: Ditto|88\/100\n|\n|-weather|Snow|[upkeep]\n|upkeep\n|turn|16\n|\n|t:|1701069064\n|switch|p1a: Vaporeon|Vaporeon, M|77\/100\n|move|p2a: Ditto|Dark Pulse|p1a: Vaporeon\n|-damage|p1a: Vaporeon|45\/100\n|\n|-weather|Snow|[upkeep]\n|-heal|p1a: Vaporeon|51\/100|[from] item: Leftovers\n|upkeep\n|turn|17\n|\n|t:|1701069074\n|move|p2a: Ditto|Dark Pulse|p1a: Vaporeon\n|-damage|p1a: Vaporeon|19\/100\n|cant|p1a: Vaporeon|flinch\n|\n|-weather|none\n|-heal|p1a: Vaporeon|25\/100|[from] item: Leftovers\n|upkeep\n|turn|18\n|\n|t:|1701069081\n|switch|p1a: Togekiss|Togekiss, M, shiny|100\/100\n|move|p2a: Ditto|Dark Pulse|p1a: Togekiss\n|-resisted|p1a: Togekiss\n|-damage|p1a: Togekiss|83\/100\n|\n|-sideend|p2: baker01|move: Aurora Veil\n|upkeep\n|turn|19\n|\n|t:|1701069091\n|switch|p2a: Ninetales|Ninetales-Alola, F|100\/100\n|-weather|Snow|[from] ability: Snow Warning|[of] p2a: Ninetales\n|switch|p1a: Houndoom|Houndoom, M|64\/100\n|\n|-weather|Snow|[upkeep]\n|upkeep\n|turn|20\n|\n|t:|1701069099\n|move|p2a: Ninetales|Aurora Veil|p2a: Ninetales\n|-sidestart|p2: baker01|move: Aurora Veil\n|move|p1a: Houndoom|Flamethrower|p2a: Ninetales\n|-supereffective|p2a: Ninetales\n|-damage|p2a: Ninetales|59\/100\n|\n|-weather|Snow|[upkeep]\n|upkeep\n|turn|21\n|\n|t:|1701069106\n|move|p2a: Ninetales|Moonblast|p1a: Houndoom\n|-damage|p1a: Houndoom|29\/100\n|move|p1a: Houndoom|Sludge Bomb|p2a: Ninetales\n|-supereffective|p2a: Ninetales\n|-damage|p2a: Ninetales|30\/100\n|\n|-weather|Snow|[upkeep]\n|upkeep\n|turn|22\n|\n|t:|1701069114\n|-terastallize|p1a: Houndoom|Poison\n|move|p2a: Ninetales|Moonblast|p1a: Houndoom\n|-resisted|p1a: Houndoom\n|-damage|p1a: Houndoom|10\/100\n|move|p1a: Houndoom|Sludge Bomb|p2a: Ninetales\n|-supereffective|p2a: Ninetales\n|-damage|p2a: Ninetales|0 fnt\n|faint|p2a: Ninetales\n|\n|-weather|Snow|[upkeep]\n|upkeep\n|\n|t:|1701069120\n|switch|p2a: Ditto|Ditto|88\/100\n|-transform|p2a: Ditto|p1a: Houndoom|[from] ability: Imposter\n|-start|p2a: Ditto|typechange|Dark\/Fire|[silent]\n|turn|23\n|\n|t:|1701069127\n|move|p2a: Ditto|Dark Pulse|p1a: Houndoom\n|-damage|p1a: Houndoom|0 fnt\n|faint|p1a: Houndoom\n|\n|-weather|none\n|upkeep\n|\n|t:|1701069133\n|switch|p1a: Salamence|Salamence, M|41\/100\n|-ability|p1a: Salamence|Intimidate|boost\n|-unboost|p2a: Ditto|atk|1\n|turn|24\n|\n|t:|1701069138\n|move|p2a: Ditto|Dark Pulse|p1a: Salamence\n|-damage|p1a: Salamence|0 fnt\n|faint|p1a: Salamence\n|\n|upkeep\n|\n|t:|1701069143\n|switch|p1a: Hitmontop|Hitmontop, M|88\/100\n|turn|25\n|\n|t:|1701069147\n|switch|p2a: Abomasnow|Abomasnow-Mega, M|31\/100\n|-weather|Snow|[from] ability: Snow Warning|[of] p2a: Abomasnow\n|move|p1a: Hitmontop|High Jump Kick|p2a: Abomasnow\n|-supereffective|p2a: Abomasnow\n|-damage|p2a: Abomasnow|0 fnt\n|faint|p2a: Abomasnow\n|\n|-weather|Snow|[upkeep]\n|upkeep\n|\n|t:|1701069149\n|switch|p2a: Metagross|Metagross|100\/100\n|turn|26\n|\n|t:|1701069160\n|switch|p1a: Vaporeon|Vaporeon, M|25\/100\n|move|p2a: Metagross|Agility|p2a: Metagross\n|-boost|p2a: Metagross|spe|2\n|\n|-weather|Snow|[upkeep]\n|-heal|p1a: Vaporeon|31\/100|[from] item: Leftovers\n|upkeep\n|turn|27\n|\n|t:|1701069170\n|move|p2a: Metagross|Meteor Mash|p1a: Vaporeon\n|-resisted|p1a: Vaporeon\n|-damage|p1a: Vaporeon|0 fnt\n|faint|p1a: Vaporeon\n|-damage|p2a: Metagross|91\/100|[from] item: Life Orb\n|\n|-weather|Snow|[upkeep]\n|-sideend|p2: baker01|move: Aurora Veil\n|upkeep\n|\n|t:|1701069177\n|switch|p1a: Electivire|Electivire, M, shiny|100\/100\n|-item|p1a: Electivire|Air Balloon\n|turn|28\n|\n|t:|1701069184\n|-terastallize|p2a: Metagross|Steel\n|move|p2a: Metagross|Meteor Mash|p1a: Electivire\n|-resisted|p1a: Electivire\n|-damage|p1a: Electivire|21\/100\n|-boost|p2a: Metagross|atk|1\n|-enditem|p1a: Electivire|Air Balloon\n|-damage|p2a: Metagross|81\/100|[from] item: Life Orb\n|move|p1a: Electivire|Earthquake|p2a: Metagross\n|-supereffective|p2a: Metagross\n|-damage|p2a: Metagross|19\/100\n|\n|-weather|Snow|[upkeep]\n|upkeep\n|turn|29\n|\n|t:|1701069196\n|move|p2a: Metagross|Meteor Mash|p1a: Electivire\n|-resisted|p1a: Electivire\n|-damage|p1a: Electivire|0 fnt\n|-boost|p2a: Metagross|atk|1\n|faint|p1a: Electivire\n|-damage|p2a: Metagross|9\/100|[from] item: Life Orb\n|\n|-weather|none\n|upkeep\n|\n|t:|1701069203\n|switch|p1a: Hitmontop|Hitmontop, M|88\/100\n|turn|30\n|\n|t:|1701069206\n|move|p1a: Hitmontop|Fake Out|p2a: Metagross\n|-resisted|p2a: Metagross\n|-damage|p2a: Metagross|1\/100\n|cant|p2a: Metagross|flinch\n|\n|upkeep\n|turn|31\n|\n|t:|1701069210\n|move|p1a: Hitmontop|Sucker Punch|p2a: Metagross\n|-damage|p2a: Metagross|0 fnt\n|faint|p2a: Metagross\n|\n|upkeep\n|\n|t:|1701069214\n|switch|p2a: Ditto|Ditto|88\/100\n|-transform|p2a: Ditto|p1a: Hitmontop|[from] ability: Imposter\n|turn|32\n|\n|t:|1701069221\n|move|p2a: Ditto|High Jump Kick|p1a: Hitmontop\n|-damage|p1a: Hitmontop|0 fnt\n|faint|p1a: Hitmontop\n|\n|upkeep\n|\n|t:|1701069225\n|switch|p1a: Togekiss|Togekiss, M, shiny|83\/100\n|turn|33\n|\n|t:|1701069228\n|move|p2a: Ditto|High Jump Kick|p1a: Togekiss\n|-resisted|p1a: Togekiss\n|-damage|p1a: Togekiss|66\/100\n|move|p1a: Togekiss|Thunder Wave|p2a: Ditto\n|-status|p2a: Ditto|par\n|\n|upkeep\n|turn|34\n|-message|baker01 forfeited.\n|\n|win|runeatest\n|raw|runeatest's rating: 1143 &rarr; <strong>1166<\/strong><br \/>(+23 for winning)\n|raw|baker01's rating: 1118 &rarr; <strong>1095<\/strong><br \/>(-23 for losing)\n|l|\u2606baker01\n","uploadtime":1701069253,"views":5,"p1id":"runeatest","p2id":"baker01","formatid":"gen9nationaldex","rating":1095,"private":0,"password":""}