{"id":"gen9nationaldex-1995905093","p1":"ihatefun64","p2":"MenEnjoyer37","format":"[Gen 9] National Dex","log":"|html|<div class=\"broadcast-blue\"><strong>[Gen 9] National Dex is currently suspecting Sneasler! For information on how to participate check out the <a href=\"https:\/\/www.smogon.com\/forums\/threads\/sv-national-dex-suspect-8-just-dance.3731534\/\">suspect thread<\/a>.<\/strong><\/div>\n|j|\u2606ihatefun64\n|j|\u2606MenEnjoyer37\n|t:|1700615802\n|gametype|singles\n|player|p1|ihatefun64|hilda-masters3|\n|player|p2|MenEnjoyer37|yellow|\n|teamsize|p1|6\n|teamsize|p2|6\n|gen|9\n|tier|[Gen 9] National Dex\n|rule|HP Percentage Mod: HP is shown in percentages\n|rule|Endless Battle Clause: Forcing endless battles is banned\n|rule|OHKO Clause: OHKO moves are banned\n|rule|Evasion Clause: Evasion abilities, items, and moves are banned\n|rule|Evasion Abilities Clause: Evasion abilities are banned\n|rule|Evasion Items Clause: Evasion items are banned\n|rule|Evasion Moves Clause: Evasion moves are banned\n|rule|Species Clause: Limit one of each Pok\u00e9mon\n|rule|Sleep Clause Mod: Limit one foe put to sleep\n|clearpoke\n|poke|p1|Krookodile, M|\n|poke|p1|Terrakion|\n|poke|p1|Revavroom, F|\n|poke|p1|Keldeo|\n|poke|p1|Ferrothorn, F|\n|poke|p1|Hydreigon, M|\n|poke|p2|Lopunny, F|\n|poke|p2|Garganacl, F|\n|poke|p2|Skarmory, M|\n|poke|p2|Hippowdon, F|\n|poke|p2|Quagsire, F|\n|poke|p2|Amoonguss, M|\n|teampreview\n|j| AprilMayCry\n|j| SnugboatThe2st\n|\n|t:|1700615830\n|start\n|switch|p1a: Revavroom|Revavroom, F|100\/100\n|switch|p2a: Smooches You|Lopunny, F, shiny|100\/100\n|turn|1\n|j| Axellion624\n|\n|t:|1700615861\n|switch|p2a: Big Bazonkers|Hippowdon, F|100\/100\n|-weather|Sandstorm|[from] ability: Sand Stream|[of] p2a: Big Bazonkers\n|move|p1a: Revavroom|Shift Gear|p1a: Revavroom\n|-boost|p1a: Revavroom|spe|2\n|-boost|p1a: Revavroom|atk|1\n|\n|-weather|Sandstorm|[upkeep]\n|upkeep\n|turn|2\n|\n|t:|1700615884\n|move|p1a: Revavroom|Iron Head|p2a: Big Bazonkers\n|-damage|p2a: Big Bazonkers|52\/100\n|cant|p2a: Big Bazonkers|flinch\n|\n|-weather|Sandstorm|[upkeep]\n|-heal|p2a: Big Bazonkers|58\/100|[from] item: Leftovers\n|upkeep\n|turn|3\n|\n|t:|1700615893\n|move|p1a: Revavroom|Iron Head|p2a: Big Bazonkers\n|-damage|p2a: Big Bazonkers|10\/100\n|cant|p2a: Big Bazonkers|flinch\n|\n|-weather|Sandstorm|[upkeep]\n|-heal|p2a: Big Bazonkers|16\/100|[from] item: Leftovers\n|upkeep\n|turn|4\n|c| Axellion624|oh my god\n|c|\u2606MenEnjoyer37|yeah\n|c| AprilMayCry|sorry we forgot to turn off iron head flinches every time\n|\n|t:|1700615917\n|switch|p2a: Ode to Crayola|Quagsire, F|100\/100\n|move|p1a: Revavroom|Iron Head|p2a: Ode to Crayola\n|-resisted|p2a: Ode to Crayola\n|-damage|p2a: Ode to Crayola|79\/100\n|\n|-weather|Sandstorm|[upkeep]\n|-heal|p2a: Ode to Crayola|86\/100|[from] item: Leftovers\n|upkeep\n|turn|5\n|c|\u2606ihatefun64|dont you fucking yeah me like the 3 hurricanes thing didnt happen\n|c|\u2606MenEnjoyer37|huh\n|c| AprilMayCry|i know it wont happen but lets all be friends here\n|c|\u2606ihatefun64|i missed 3 hurricanes against you last set\n|\n|t:|1700615954\n|move|p1a: Revavroom|Iron Head|p2a: Ode to Crayola\n|-resisted|p2a: Ode to Crayola\n|-damage|p2a: Ode to Crayola|62\/100\n|move|p2a: Ode to Crayola|Earthquake|p1a: Revavroom\n|-supereffective|p1a: Revavroom\n|-damage|p1a: Revavroom|0 fnt\n|faint|p1a: Revavroom\n|\n|-weather|none\n|-heal|p2a: Ode to Crayola|69\/100|[from] item: Leftovers\n|upkeep\n|c|\u2606MenEnjoyer37|ok and\n|c|\u2606MenEnjoyer37|just use a better move\n|c| AprilMayCry|shut up\n|\n|t:|1700615966\n|switch|p1a: Ferrothorn|Ferrothorn, F|100\/100\n|turn|6\n|c|\u2606MenEnjoyer37|the iron head thing is not within my control\n|c|\u2606MenEnjoyer37|the hurricane thing was within your control\n|c|\u2606ihatefun64|just get luckier\n|c|\u2606ihatefun64|there is not a better move\n|c|\u2606ihatefun64|i am running rain\n|\n|t:|1700615994\n|switch|p2a: Rocky from Rocky|Skarmory, M|100\/100\n|move|p1a: Ferrothorn|Stealth Rock|p2a: Rocky from Rocky\n|-sidestart|p2: MenEnjoyer37|move: Stealth Rock\n|\n|upkeep\n|turn|7\n|\n|t:|1700616007\n|move|p2a: Rocky from Rocky|Iron Defense|p2a: Rocky from Rocky\n|-boost|p2a: Rocky from Rocky|def|2\n|move|p1a: Ferrothorn|Leech Seed|p2a: Rocky from Rocky\n|-start|p2a: Rocky from Rocky|move: Leech Seed\n|\n|-damage|p2a: Rocky from Rocky|88\/100|[from] Leech Seed|[of] p1a: Ferrothorn\n|upkeep\n|turn|8\n|\n|t:|1700616013\n|move|p2a: Rocky from Rocky|Iron Defense|p2a: Rocky from Rocky\n|-boost|p2a: Rocky from Rocky|def|2\n|move|p1a: Ferrothorn|Knock Off|p2a: Rocky from Rocky\n|-damage|p2a: Rocky from Rocky|84\/100\n|-damage|p1a: Ferrothorn|84\/100|[from] item: Rocky Helmet|[of] p2a: Rocky from Rocky\n|-enditem|p2a: Rocky from Rocky|Rocky Helmet|[from] move: Knock Off|[of] p1a: Ferrothorn\n|\n|-damage|p2a: Rocky from Rocky|72\/100|[from] Leech Seed|[of] p1a: Ferrothorn\n|-heal|p1a: Ferrothorn|96\/100|[silent]\n|upkeep\n|turn|9\n|\n|t:|1700616032\n|move|p2a: Rocky from Rocky|Body Press|p1a: Ferrothorn\n|-supereffective|p1a: Ferrothorn\n|-damage|p1a: Ferrothorn|0 fnt\n|-damage|p2a: Rocky from Rocky|60\/100|[from] ability: Iron Barbs|[of] p1a: Ferrothorn\n|faint|p1a: Ferrothorn\n|\n|upkeep\n|\n|t:|1700616039\n|switch|p1a: Keldeo|Keldeo|100\/100\n|turn|10\n|\n|t:|1700616045\n|switch|p2a: Ode to Crayola|Quagsire, F|69\/100\n|-damage|p2a: Ode to Crayola|62\/100|[from] Stealth Rock\n|move|p1a: Keldeo|Hydro Pump|p2a: Ode to Crayola\n|-heal|p2a: Ode to Crayola|87\/100|[from] ability: Water Absorb|[of] p1a: Keldeo\n|\n|-heal|p2a: Ode to Crayola|93\/100|[from] item: Leftovers\n|upkeep\n|turn|11\n|\n|t:|1700616053\n|move|p1a: Keldeo|Calm Mind|p1a: Keldeo\n|-boost|p1a: Keldeo|spa|1\n|-boost|p1a: Keldeo|spd|1\n|move|p2a: Ode to Crayola|Toxic Spikes|p1a: Keldeo\n|-sidestart|p1: ihatefun64|move: Toxic Spikes\n|\n|-heal|p2a: Ode to Crayola|99\/100|[from] item: Leftovers\n|upkeep\n|turn|12\n|c| AprilMayCry|im very much just taking my wifes side but i could type like a lot of words as to why clems argument sucks but none of this shit is real so who up sucking they session\n|\n|t:|1700616068\n|-terastallize|p2a: Ode to Crayola|Ghost\n|move|p1a: Keldeo|Calm Mind|p1a: Keldeo\n|-boost|p1a: Keldeo|spa|1\n|-boost|p1a: Keldeo|spd|1\n|move|p2a: Ode to Crayola|Earthquake|p1a: Keldeo\n|-damage|p1a: Keldeo|65\/100\n|\n|-heal|p2a: Ode to Crayola|100\/100|[from] item: Leftovers\n|upkeep\n|turn|13\n|c| AprilMayCry|who up succing they session\n|\n|t:|1700616079\n|move|p1a: Keldeo|Icy Wind|p2a: Ode to Crayola\n|-damage|p2a: Ode to Crayola|53\/100\n|-unboost|p2a: Ode to Crayola|spe|1\n|move|p2a: Ode to Crayola|Earthquake|p1a: Keldeo\n|-damage|p1a: Keldeo|33\/100\n|\n|-heal|p2a: Ode to Crayola|59\/100|[from] item: Leftovers\n|upkeep\n|turn|14\n|c| AprilMayCry|who up succing they session\n|\n|t:|1700616089\n|-terastallize|p1a: Keldeo|Ice\n|move|p1a: Keldeo|Icy Wind|p2a: Ode to Crayola\n|-damage|p2a: Ode to Crayola|0 fnt\n|faint|p2a: Ode to Crayola\n|\n|upkeep\n|\n|t:|1700616095\n|switch|p2a: Smooches You|Lopunny, F, shiny|100\/100\n|-damage|p2a: Smooches You|88\/100|[from] Stealth Rock\n|turn|15\n|c| AprilMayCry|who up succing they session\n|\n|t:|1700616112\n|detailschange|p2a: Smooches You|Lopunny-Mega, F, shiny\n|-mega|p2a: Smooches You|Lopunny|Lopunnite\n|move|p2a: Smooches You|Return|p1a: Keldeo\n|-damage|p1a: Keldeo|0 fnt\n|faint|p1a: Keldeo\n|\n|upkeep\n|\n|t:|1700616117\n|switch|p1a: Terrakion|Terrakion|100\/100\n|-status|p1a: Terrakion|psn\n|turn|16\n|\n|t:|1700616126\n|switch|p2a: Big Bazonkers|Hippowdon, F|16\/100\n|-damage|p2a: Big Bazonkers|10\/100|[from] Stealth Rock\n|-weather|Sandstorm|[from] ability: Sand Stream|[of] p2a: Big Bazonkers\n|move|p1a: Terrakion|Close Combat|p2a: Big Bazonkers\n|-damage|p2a: Big Bazonkers|0 fnt\n|-unboost|p1a: Terrakion|def|1\n|-unboost|p1a: Terrakion|spd|1\n|faint|p2a: Big Bazonkers\n|\n|-weather|Sandstorm|[upkeep]\n|-damage|p1a: Terrakion|88\/100 psn|[from] psn\n|upkeep\n|\n|t:|1700616156\n|switch|p2a: Amoonguss|Amoonguss, M|100\/100\n|-damage|p2a: Amoonguss|88\/100|[from] Stealth Rock\n|turn|17\n|\n|t:|1700616168\n|switch|p1a: Hydreigon|Hydreigon, M|100\/100\n|move|p2a: Amoonguss|Giga Drain|p1a: Hydreigon\n|-resisted|p1a: Hydreigon\n|-damage|p1a: Hydreigon|88\/100\n|-heal|p2a: Amoonguss|93\/100|[from] drain|[of] p1a: Hydreigon\n|\n|-weather|Sandstorm|[upkeep]\n|-damage|p1a: Hydreigon|82\/100|[from] Sandstorm\n|-damage|p2a: Amoonguss|86\/100|[from] Sandstorm\n|-heal|p1a: Hydreigon|88\/100|[from] item: Leftovers\n|-heal|p2a: Amoonguss|93\/100|[from] item: Leftovers\n|upkeep\n|turn|18\n|\n|t:|1700616179\n|move|p1a: Hydreigon|Nasty Plot|p1a: Hydreigon\n|-boost|p1a: Hydreigon|spa|2\n|move|p2a: Amoonguss|Spore|p1a: Hydreigon\n|-status|p1a: Hydreigon|slp|[from] move: Spore\n|\n|-weather|Sandstorm|[upkeep]\n|-damage|p1a: Hydreigon|82\/100 slp|[from] Sandstorm\n|-damage|p2a: Amoonguss|86\/100|[from] Sandstorm\n|-heal|p1a: Hydreigon|88\/100 slp|[from] item: Leftovers\n|-heal|p2a: Amoonguss|93\/100|[from] item: Leftovers\n|upkeep\n|turn|19\n|\n|t:|1700616189\n|switch|p2a: Smooches You|Lopunny-Mega, F, shiny|88\/100\n|-damage|p2a: Smooches You|82\/100|[from] Stealth Rock\n|cant|p1a: Hydreigon|slp\n|\n|-weather|Sandstorm|[upkeep]\n|-damage|p2a: Smooches You|77\/100|[from] Sandstorm\n|-damage|p1a: Hydreigon|82\/100 slp|[from] Sandstorm\n|-heal|p1a: Hydreigon|88\/100 slp|[from] item: Leftovers\n|upkeep\n|turn|20\n|\n|t:|1700616198\n|move|p2a: Smooches You|Close Combat|p1a: Hydreigon\n|-supereffective|p1a: Hydreigon\n|-damage|p1a: Hydreigon|0 fnt\n|-unboost|p2a: Smooches You|def|1\n|-unboost|p2a: Smooches You|spd|1\n|faint|p1a: Hydreigon\n|\n|-weather|none\n|upkeep\n|\n|t:|1700616204\n|switch|p1a: Krookodile|Krookodile, M|100\/100\n|-status|p1a: Krookodile|psn\n|turn|21\n|\n|t:|1700616211\n|switch|p2a: Rocky from Rocky|Skarmory, M|60\/100\n|-damage|p2a: Rocky from Rocky|48\/100|[from] Stealth Rock\n|move|p1a: Krookodile|Darkest Lariat|p2a: Rocky from Rocky\n|-damage|p2a: Rocky from Rocky|24\/100\n|\n|-damage|p1a: Krookodile|88\/100 psn|[from] psn\n|upkeep\n|turn|22\n|\n|t:|1700616221\n|move|p1a: Krookodile|Darkest Lariat|p2a: Rocky from Rocky\n|-damage|p2a: Rocky from Rocky|0 fnt\n|faint|p2a: Rocky from Rocky\n|-ability|p1a: Krookodile|Moxie|boost\n|-boost|p1a: Krookodile|atk|1\n|\n|-damage|p1a: Krookodile|76\/100 psn|[from] psn\n|upkeep\n|\n|t:|1700616230\n|switch|p2a: Smooches You|Lopunny-Mega, F, shiny|77\/100\n|-damage|p2a: Smooches You|71\/100|[from] Stealth Rock\n|turn|23\n|\n|t:|1700616240\n|switch|p1a: Terrakion|Terrakion|88\/100 psn\n|move|p2a: Smooches You|Fake Out|p1a: Terrakion\n|-resisted|p1a: Terrakion\n|-damage|p1a: Terrakion|75\/100 psn\n|\n|-damage|p1a: Terrakion|63\/100 psn|[from] psn\n|upkeep\n|turn|24\n|\n|t:|1700616266\n|switch|p2a: Amoonguss|Amoonguss, M|100\/100\n|-damage|p2a: Amoonguss|88\/100|[from] Stealth Rock\n|move|p1a: Terrakion|Close Combat|p2a: Amoonguss\n|-resisted|p2a: Amoonguss\n|-damage|p2a: Amoonguss|57\/100\n|-unboost|p1a: Terrakion|def|1\n|-unboost|p1a: Terrakion|spd|1\n|\n|-heal|p2a: Amoonguss|64\/100|[from] item: Leftovers\n|-damage|p1a: Terrakion|50\/100 psn|[from] psn\n|upkeep\n|turn|25\n|\n|t:|1700616278\n|move|p1a: Terrakion|Close Combat|p2a: Amoonguss\n|-resisted|p2a: Amoonguss\n|-damage|p2a: Amoonguss|28\/100\n|-unboost|p1a: Terrakion|def|1\n|-unboost|p1a: Terrakion|spd|1\n|move|p2a: Amoonguss|Giga Drain|p1a: Terrakion\n|-supereffective|p1a: Terrakion\n|-damage|p1a: Terrakion|0 fnt\n|-heal|p2a: Amoonguss|47\/100|[from] drain|[of] p1a: Terrakion\n|faint|p1a: Terrakion\n|\n|-heal|p2a: Amoonguss|53\/100|[from] item: Leftovers\n|upkeep\n|\n|t:|1700616284\n|switch|p1a: Krookodile|Krookodile, M|76\/100 psn\n|turn|26\n|\n|t:|1700616290\n|move|p1a: Krookodile|Earthquake|p2a: Amoonguss\n|-damage|p2a: Amoonguss|4\/100\n|move|p2a: Amoonguss|Giga Drain|p1a: Krookodile\n|-supereffective|p1a: Krookodile\n|-damage|p1a: Krookodile|8\/100 psn\n|-heal|p2a: Amoonguss|30\/100|[from] drain|[of] p1a: Krookodile\n|\n|-heal|p2a: Amoonguss|37\/100|[from] item: Leftovers\n|-damage|p1a: Krookodile|0 fnt|[from] psn\n|faint|p1a: Krookodile\n|\n|win|MenEnjoyer37\n|upkeep\n|l|\u2606MenEnjoyer37\n","uploadtime":1700616313,"views":0,"p1id":"ihatefun64","p2id":"menenjoyer37","formatid":"gen9nationaldex","rating":0,"private":0,"password":""}