{"id":"gen9nationaldex-1990211915","p1":"RKN3522","p2":"168lmy","format":"[Gen 9] National Dex","log":"|j|\u2606RKN3522\n|j|\u2606168lmy\n|t:|1699938116\n|gametype|singles\n|player|p1|RKN3522|101|1349\n|player|p2|168lmy|2|1456\n|teamsize|p1|6\n|teamsize|p2|6\n|gen|9\n|tier|[Gen 9] National Dex\n|rated|\n|rule|HP Percentage Mod: HP is shown in percentages\n|rule|Endless Battle Clause: Forcing endless battles is banned\n|rule|OHKO Clause: OHKO moves are banned\n|rule|Evasion Clause: Evasion abilities, items, and moves are banned\n|rule|Evasion Abilities Clause: Evasion abilities are banned\n|rule|Evasion Items Clause: Evasion items are banned\n|rule|Evasion Moves Clause: Evasion moves are banned\n|rule|Species Clause: Limit one of each Pok\u00e9mon\n|rule|Sleep Clause Mod: Limit one foe put to sleep\n|clearpoke\n|poke|p1|Ninetales-Alola, F|\n|poke|p1|Excadrill, F|\n|poke|p1|Serperior, M|\n|poke|p1|Gyarados, F|\n|poke|p1|Moltres|\n|poke|p1|Xurkitree|\n|poke|p2|Moltres|\n|poke|p2|Rillaboom, F|\n|poke|p2|Clodsire, F|\n|poke|p2|Scizor, M|\n|poke|p2|Slowbro, F|\n|poke|p2|Sneasler, M|\n|teampreview\n|\n|t:|1699938128\n|start\n|switch|p1a: Ninetales|Ninetales-Alola, F|100\/100\n|switch|p2a: Moltres|Moltres, shiny|100\/100\n|-weather|Snow|[from] ability: Snow Warning|[of] p1a: Ninetales\n|turn|1\n|\n|t:|1699938140\n|move|p1a: Ninetales|Aurora Veil|p1a: Ninetales\n|-sidestart|p1: RKN3522|move: Aurora Veil\n|move|p2a: Moltres|Flamethrower|p1a: Ninetales\n|-supereffective|p1a: Ninetales\n|-damage|p1a: Ninetales|52\/100\n|\n|-weather|Snow|[upkeep]\n|upkeep\n|turn|2\n|\n|t:|1699938168\n|switch|p1a: Moltres|Moltres|100\/100\n|move|p2a: Moltres|Defog|p1a: Moltres\n|-unboost|p1a: Moltres|evasion|1\n|-sideend|p1: RKN3522|move: Aurora Veil\n|\n|-weather|Snow|[upkeep]\n|upkeep\n|turn|3\n|\n|t:|1699938179\n|move|p1a: Moltres|Hurricane|p2a: Moltres|[miss]\n|-miss|p1a: Moltres|p2a: Moltres\n|move|p2a: Moltres|U-turn|p1a: Moltres\n|-resisted|p1a: Moltres\n|-damage|p1a: Moltres|97\/100\n|\n|t:|1699938191\n|switch|p2a: Clodsire|Clodsire, F|100\/100|[from] U-turn\n|\n|-weather|Snow|[upkeep]\n|upkeep\n|turn|4\n|\n|t:|1699938198\n|move|p1a: Moltres|Scorching Sands|p2a: Clodsire\n|-supereffective|p2a: Clodsire\n|-crit|p2a: Clodsire\n|-damage|p2a: Clodsire|55\/100\n|move|p2a: Clodsire|Toxic|p1a: Moltres\n|-status|p1a: Moltres|tox\n|\n|-weather|Snow|[upkeep]\n|-heal|p2a: Clodsire|61\/100|[from] item: Leftovers\n|-damage|p1a: Moltres|91\/100 tox|[from] psn\n|upkeep\n|turn|5\n|\n|t:|1699938208\n|switch|p1a: Excadrill|Excadrill, F|100\/100\n|-ability|p1a: Excadrill|Mold Breaker\n|move|p2a: Clodsire|Recover|p2a: Clodsire\n|-heal|p2a: Clodsire|100\/100\n|\n|-weather|none\n|upkeep\n|turn|6\n|\n|t:|1699938224\n|switch|p2a: Moltres|Moltres, shiny|100\/100\n|move|p1a: Excadrill|Swords Dance|p1a: Excadrill\n|-boost|p1a: Excadrill|atk|2\n|\n|upkeep\n|turn|7\n|\n|t:|1699938241\n|switch|p1a: Moltres|Moltres|91\/100 tox\n|move|p2a: Moltres|Flamethrower|p1a: Moltres\n|-resisted|p1a: Moltres\n|-damage|p1a: Moltres|67\/100 tox\n|\n|-damage|p1a: Moltres|61\/100 tox|[from] psn\n|upkeep\n|turn|8\n|\n|t:|1699938258\n|move|p1a: Moltres|Hurricane|p2a: Moltres|[miss]\n|-miss|p1a: Moltres|p2a: Moltres\n|move|p2a: Moltres|U-turn|p1a: Moltres\n|-resisted|p1a: Moltres\n|-damage|p1a: Moltres|57\/100 tox\n|\n|t:|1699938269\n|switch|p2a: Slowbro|Slowbro, F|100\/100|[from] U-turn\n|\n|-damage|p1a: Moltres|44\/100 tox|[from] psn\n|upkeep\n|turn|9\n|\n|t:|1699938277\n|move|p1a: Moltres|Hurricane|p2a: Slowbro|[miss]\n|-miss|p1a: Moltres|p2a: Slowbro\n|move|p2a: Slowbro|Future Sight|p1a: Moltres\n|-start|p2a: Slowbro|move: Future Sight\n|\n|-damage|p1a: Moltres|26\/100 tox|[from] psn\n|upkeep\n|turn|10\n|\n|t:|1699938289\n|move|p1a: Moltres|Hurricane|p2a: Slowbro\n|-crit|p2a: Slowbro\n|-damage|p2a: Slowbro|11\/100\n|-start|p2a: Slowbro|confusion\n|-activate|p2a: Slowbro|confusion\n|move|p2a: Slowbro|Teleport|p2a: Slowbro\n|\n|t:|1699938300\n|switch|p2a: Scizor|Scizor, M|100\/100|[from] Teleport\n|\n|-damage|p1a: Moltres|1\/100 tox|[from] psn\n|upkeep\n|turn|11\n|inactive|Battle timer is ON: inactive players will automatically lose when time's up. (requested by RKN3522)\n|\n|t:|1699938334\n|detailschange|p2a: Scizor|Scizor-Mega, M\n|-mega|p2a: Scizor|Scizor|Scizorite\n|move|p2a: Scizor|Bullet Punch|p1a: Moltres\n|-resisted|p1a: Moltres\n|-damage|p1a: Moltres|0 fnt\n|faint|p1a: Moltres\n|\n|-hint|Future Sight did not hit because the target is fainted.\n|upkeep\n|\n|t:|1699938353\n|switch|p1a: Serperior|Serperior, M|100\/100\n|turn|12\n|\n|t:|1699938374\n|move|p1a: Serperior|Substitute|p1a: Serperior\n|-start|p1a: Serperior|Substitute\n|-damage|p1a: Serperior|76\/100\n|move|p2a: Scizor|Swords Dance|p2a: Scizor\n|-boost|p2a: Scizor|atk|2\n|\n|-heal|p1a: Serperior|82\/100|[from] item: Leftovers\n|upkeep\n|turn|13\n|\n|t:|1699938382\n|move|p2a: Scizor|Bullet Punch|p1a: Serperior\n|-end|p1a: Serperior|Substitute\n|move|p1a: Serperior|Hidden Power|p2a: Scizor\n|-supereffective|p2a: Scizor\n|-damage|p2a: Scizor|47\/100\n|\n|-heal|p1a: Serperior|88\/100|[from] item: Leftovers\n|upkeep\n|turn|14\n|inactive|168lmy has 120 seconds left.\n|\n|t:|1699938411\n|move|p1a: Serperior|Protect|p1a: Serperior\n|-singleturn|p1a: Serperior|Protect\n|move|p2a: Scizor|Bullet Punch|p1a: Serperior\n|-activate|p1a: Serperior|move: Protect\n|\n|-heal|p1a: Serperior|94\/100|[from] item: Leftovers\n|upkeep\n|turn|15\n|\n|t:|1699938419\n|switch|p2a: Clodsire|Clodsire, F|100\/100\n|move|p1a: Serperior|Hidden Power|p2a: Clodsire\n|-damage|p2a: Clodsire|92\/100\n|\n|-heal|p1a: Serperior|100\/100|[from] item: Leftovers\n|-heal|p2a: Clodsire|98\/100|[from] item: Leftovers\n|upkeep\n|turn|16\n|inactive|168lmy has 120 seconds left.\n|\n|t:|1699938439\n|move|p1a: Serperior|Substitute|p1a: Serperior\n|-start|p1a: Serperior|Substitute\n|-damage|p1a: Serperior|76\/100\n|move|p2a: Clodsire|Stealth Rock|p1a: Serperior\n|-sidestart|p1: RKN3522|move: Stealth Rock\n|\n|-heal|p1a: Serperior|82\/100|[from] item: Leftovers\n|-heal|p2a: Clodsire|100\/100|[from] item: Leftovers\n|upkeep\n|turn|17\n|inactive|168lmy has 120 seconds left.\n|\n|t:|1699938452\n|switch|p2a: Moltres|Moltres, shiny|100\/100\n|move|p1a: Serperior|Leaf Storm|p2a: Moltres\n|-resisted|p2a: Moltres\n|-damage|p2a: Moltres|88\/100\n|-boost|p1a: Serperior|spa|2\n|\n|-heal|p1a: Serperior|88\/100|[from] item: Leftovers\n|upkeep\n|turn|18\n|inactive|168lmy has 120 seconds left.\n|\n|t:|1699938460\n|move|p1a: Serperior|Protect|p1a: Serperior\n|-singleturn|p1a: Serperior|Protect\n|move|p2a: Moltres|Flamethrower|p1a: Serperior\n|-activate|p1a: Serperior|move: Protect\n|\n|-heal|p1a: Serperior|94\/100|[from] item: Leftovers\n|upkeep\n|turn|19\n|\n|t:|1699938468\n|move|p1a: Serperior|Leaf Storm|p2a: Moltres\n|-resisted|p2a: Moltres\n|-damage|p2a: Moltres|62\/100\n|-boost|p1a: Serperior|spa|2\n|move|p2a: Moltres|Flamethrower|p1a: Serperior\n|-supereffective|p1a: Serperior\n|-end|p1a: Serperior|Substitute\n|\n|-heal|p1a: Serperior|100\/100|[from] item: Leftovers\n|upkeep\n|turn|20\n|\n|t:|1699938481\n|-terastallize|p1a: Serperior|Fire\n|move|p1a: Serperior|Leaf Storm|p2a: Moltres\n|-resisted|p2a: Moltres\n|-damage|p2a: Moltres|24\/100\n|-boost|p1a: Serperior|spa|2\n|move|p2a: Moltres|Flamethrower|p1a: Serperior\n|-resisted|p1a: Serperior\n|-damage|p1a: Serperior|79\/100\n|\n|-heal|p1a: Serperior|85\/100|[from] item: Leftovers\n|upkeep\n|turn|21\n|\n|t:|1699938495\n|move|p1a: Serperior|Substitute|p1a: Serperior\n|-start|p1a: Serperior|Substitute\n|-damage|p1a: Serperior|60\/100\n|move|p2a: Moltres|U-turn|p1a: Serperior\n|-resisted|p1a: Serperior\n|-activate|p1a: Serperior|move: Substitute|[damage]\n|inactive|168lmy has 120 seconds left.\n|\n|t:|1699938505\n|switch|p2a: Rillaboom|Rillaboom, F|100\/100|[from] U-turn\n|-fieldstart|move: Grassy Terrain|[from] ability: Grassy Surge|[of] p2a: Rillaboom\n|\n|-heal|p1a: Serperior|66\/100|[from] Grassy Terrain\n|-heal|p1a: Serperior|73\/100|[from] item: Leftovers\n|upkeep\n|turn|22\n|inactive|168lmy has 120 seconds left.\n|\n|t:|1699938523\n|move|p2a: Rillaboom|Grassy Glide|p1a: Serperior\n|-resisted|p1a: Serperior\n|-end|p1a: Serperior|Substitute\n|move|p1a: Serperior|Hidden Power|p2a: Rillaboom\n|-supereffective|p2a: Rillaboom\n|-damage|p2a: Rillaboom|0 fnt\n|faint|p2a: Rillaboom\n|\n|-heal|p1a: Serperior|79\/100|[from] Grassy Terrain\n|-heal|p1a: Serperior|85\/100|[from] item: Leftovers\n|upkeep\n|\n|t:|1699938533\n|switch|p2a: Sneasler|Sneasler, M|100\/100\n|-enditem|p2a: Sneasler|Grassy Seed\n|-boost|p2a: Sneasler|def|1|[from] item: Grassy Seed\n|turn|23\n|inactive|168lmy has 120 seconds left.\n|\n|t:|1699938546\n|-terastallize|p2a: Sneasler|Flying\n|move|p2a: Sneasler|Acrobatics|p1a: Serperior\n|-damage|p1a: Serperior|9\/100\n|move|p1a: Serperior|Substitute|p1a: Serperior\n|-fail|p1a: Serperior|move: Substitute|[weak]\n|\n|-heal|p1a: Serperior|15\/100|[from] Grassy Terrain\n|-heal|p1a: Serperior|21\/100|[from] item: Leftovers\n|upkeep\n|turn|24\n|inactive|168lmy has 120 seconds left.\n|\n|t:|1699938563\n|move|p1a: Serperior|Protect|p1a: Serperior\n|-singleturn|p1a: Serperior|Protect\n|move|p2a: Sneasler|Acrobatics|p1a: Serperior\n|-activate|p1a: Serperior|move: Protect\n|\n|-heal|p1a: Serperior|27\/100|[from] Grassy Terrain\n|-heal|p1a: Serperior|33\/100|[from] item: Leftovers\n|upkeep\n|turn|25\n|\n|t:|1699938570\n|move|p2a: Sneasler|Acrobatics|p1a: Serperior\n|-damage|p1a: Serperior|0 fnt\n|faint|p1a: Serperior\n|\n|-fieldend|move: Grassy Terrain\n|upkeep\n|\n|t:|1699938596\n|switch|p1a: Ninetales|Ninetales-Alola, F|52\/100\n|-damage|p1a: Ninetales|27\/100|[from] Stealth Rock\n|-weather|Snow|[from] ability: Snow Warning|[of] p1a: Ninetales\n|turn|26\n|\n|t:|1699938603\n|move|p2a: Sneasler|Dire Claw|p1a: Ninetales\n|-supereffective|p1a: Ninetales\n|-damage|p1a: Ninetales|0 fnt\n|faint|p1a: Ninetales\n|\n|-weather|Snow|[upkeep]\n|upkeep\n|\n|t:|1699938619\n|switch|p1a: Xurkitree|Xurkitree|100\/100\n|-damage|p1a: Xurkitree|88\/100|[from] Stealth Rock\n|turn|27\n|\n|t:|1699938629\n|move|p2a: Sneasler|Close Combat|p1a: Xurkitree\n|-damage|p1a: Xurkitree|0 fnt\n|-unboost|p2a: Sneasler|def|1\n|-unboost|p2a: Sneasler|spd|1\n|faint|p1a: Xurkitree\n|\n|-weather|Snow|[upkeep]\n|upkeep\n|-message|RKN3522 forfeited.\n|\n|win|168lmy\n|raw|RKN3522's rating: 1349 &rarr; <strong>1335<\/strong><br \/>(-14 for losing)\n|raw|168lmy's rating: 1456 &rarr; <strong>1470<\/strong><br \/>(+14 for winning)\n|l|\u2606RKN3522\n","uploadtime":1699939270,"views":6,"p1id":"rkn3522","p2id":"168lmy","formatid":"gen9nationaldex","rating":1335,"private":0,"password":""}