{"id":"gen9nationaldex-1990864716","p1":"Maxer59","p2":"Wederted","format":"[Gen 9] National Dex","log":"|j|\u2606Maxer59\n|j|\u2606Wederted\n|t:|1700009033\n|gametype|singles\n|player|p1|Maxer59|lucas|1177\n|player|p2|Wederted|ingo|1248\n|teamsize|p1|6\n|teamsize|p2|6\n|gen|9\n|tier|[Gen 9] National Dex\n|rated|\n|rule|HP Percentage Mod: HP is shown in percentages\n|rule|Endless Battle Clause: Forcing endless battles is banned\n|rule|OHKO Clause: OHKO moves are banned\n|rule|Evasion Clause: Evasion abilities, items, and moves are banned\n|rule|Evasion Abilities Clause: Evasion abilities are banned\n|rule|Evasion Items Clause: Evasion items are banned\n|rule|Evasion Moves Clause: Evasion moves are banned\n|rule|Species Clause: Limit one of each Pok\u00e9mon\n|rule|Sleep Clause Mod: Limit one foe put to sleep\n|clearpoke\n|poke|p1|Pelipper, M|\n|poke|p1|Indeedee, M|\n|poke|p1|Floatzel, F|\n|poke|p1|Kleavor, M|\n|poke|p1|Gallade, M|\n|poke|p1|Ditto|\n|poke|p2|Breloom, M|\n|poke|p2|Ceruledge, F|\n|poke|p2|Clodsire, F|\n|poke|p2|Blissey, F|\n|poke|p2|Greninja-*, F|\n|poke|p2|Moltres-Galar|\n|teampreview\n|inactive|Battle timer is ON: inactive players will automatically lose when time's up. (requested by Maxer59)\n|\n|t:|1700009044\n|start\n|switch|p1a: Indeedee|Indeedee, M|100\/100\n|switch|p2a: Breloom|Breloom, M, shiny|100\/100\n|-fieldstart|move: Psychic Terrain|[from] ability: Psychic Surge|[of] p1a: Indeedee\n|turn|1\n|\n|t:|1700009063\n|switch|p2a: Blissey|Blissey, F|100\/100\n|move|p1a: Indeedee|Expanding Force|p2a: Blissey\n|-damage|p2a: Blissey|64\/100\n|\n|-heal|p2a: Blissey|70\/100|[from] item: Leftovers\n|upkeep\n|turn|2\n|\n|t:|1700009069\n|move|p1a: Indeedee|Expanding Force|p2a: Blissey\n|-damage|p2a: Blissey|36\/100\n|move|p2a: Blissey|Thunder Wave|p1a: Indeedee|[miss]\n|-miss|p2a: Blissey|p1a: Indeedee\n|\n|-heal|p2a: Blissey|42\/100|[from] item: Leftovers\n|upkeep\n|turn|3\n|\n|t:|1700009075\n|move|p1a: Indeedee|Expanding Force|p2a: Blissey\n|-damage|p2a: Blissey|5\/100\n|move|p2a: Blissey|Soft-Boiled|p2a: Blissey\n|-heal|p2a: Blissey|55\/100\n|\n|-heal|p2a: Blissey|61\/100|[from] item: Leftovers\n|upkeep\n|turn|4\n|\n|t:|1700009082\n|switch|p1a: Kleavor|Kleavor, M|100\/100\n|move|p2a: Blissey|Thunder Wave|p1a: Kleavor\n|-status|p1a: Kleavor|par\n|\n|-heal|p2a: Blissey|67\/100|[from] item: Leftovers\n|upkeep\n|turn|5\n|\n|t:|1700009108\n|switch|p2a: Greninja|Greninja, F, shiny|100\/100\n|move|p1a: Kleavor|Stone Axe|p2a: Greninja\n|-damage|p2a: Greninja|12\/100\n|-sidestart|p2: Wederted|move: Stealth Rock\n|\n|-fieldend|move: Psychic Terrain\n|upkeep\n|turn|6\n|\n|t:|1700009118\n|move|p2a: Greninja|Surf|p1a: Kleavor\n|-start|p2a: Greninja|typechange|Water|[from] ability: Protean\n|-supereffective|p1a: Kleavor\n|-damage|p1a: Kleavor|0 fnt\n|faint|p1a: Kleavor\n|-damage|p2a: Greninja|2\/100|[from] item: Life Orb\n|\n|upkeep\n|\n|t:|1700009124\n|switch|p1a: Pelipper|Pelipper, M|100\/100\n|-weather|RainDance|[from] ability: Drizzle|[of] p1a: Pelipper\n|turn|7\n|\n|t:|1700009129\n|move|p2a: Greninja|Surf|p1a: Pelipper\n|-resisted|p1a: Pelipper\n|-damage|p1a: Pelipper|43\/100\n|-damage|p2a: Greninja|0 fnt|[from] item: Life Orb\n|faint|p2a: Greninja\n|move|p1a: Pelipper|Tailwind|p1a: Pelipper\n|-sidestart|p1: Maxer59|move: Tailwind\n|\n|-weather|RainDance|[upkeep]\n|upkeep\n|\n|t:|1700009146\n|switch|p2a: Moltres|Moltres-Galar|100\/100\n|-damage|p2a: Moltres|76\/100|[from] Stealth Rock\n|turn|8\n|\n|t:|1700009153\n|move|p1a: Pelipper|Scald|p2a: Moltres\n|-damage|p2a: Moltres|30\/100\n|-ability|p2a: Moltres|Berserk|boost\n|-boost|p2a: Moltres|spa|1\n|-enditem|p2a: Moltres|Sitrus Berry|[eat]\n|-heal|p2a: Moltres|55\/100|[from] item: Sitrus Berry\n|move|p2a: Moltres|Fiery Wrath|p1a: Pelipper\n|-damage|p1a: Pelipper|0 fnt\n|faint|p1a: Pelipper\n|\n|-weather|RainDance|[upkeep]\n|upkeep\n|\n|t:|1700009169\n|switch|p1a: Indeedee|Indeedee, M|100\/100\n|-fieldstart|move: Psychic Terrain|[from] ability: Psychic Surge|[of] p1a: Indeedee\n|turn|9\n|\n|t:|1700009174\n|move|p1a: Indeedee|Dazzling Gleam|p2a: Moltres\n|-supereffective|p2a: Moltres\n|-damage|p2a: Moltres|0 fnt\n|faint|p2a: Moltres\n|\n|-weather|RainDance|[upkeep]\n|upkeep\n|\n|t:|1700009183\n|switch|p2a: Breloom|Breloom, M, shiny|100\/100\n|-damage|p2a: Breloom|94\/100|[from] Stealth Rock\n|turn|10\n|\n|t:|1700009190\n|-terastallize|p2a: Breloom|Rock\n|move|p1a: Indeedee|Dazzling Gleam|p2a: Breloom\n|-damage|p2a: Breloom|25\/100\n|move|p2a: Breloom|Spore|p1a: Indeedee\n|-status|p1a: Indeedee|slp|[from] move: Spore\n|\n|-weather|RainDance|[upkeep]\n|-sideend|p1: Maxer59|move: Tailwind\n|upkeep\n|turn|11\n|\n|t:|1700009200\n|switch|p1a: Ditto|Ditto|100\/100\n|-transform|p1a: Ditto|p2a: Breloom|[from] ability: Imposter\n|move|p2a: Breloom|Swords Dance|p2a: Breloom\n|-boost|p2a: Breloom|atk|2\n|\n|-weather|RainDance|[upkeep]\n|upkeep\n|-start|p1a: Ditto|typechange|Grass\/Fighting|[silent]\n|turn|12\n|\n|t:|1700009211\n|move|p2a: Breloom|Mach Punch|p1a: Ditto\n|-activate|p1a: Ditto|move: Psychic Terrain\n|move|p1a: Ditto|Mach Punch|p2a: Breloom\n|-activate|p2a: Breloom|move: Psychic Terrain\n|\n|-weather|RainDance|[upkeep]\n|upkeep\n|turn|13\n|\n|t:|1700009220\n|move|p1a: Ditto|Bullet Seed|p2a: Breloom\n|-supereffective|p2a: Breloom\n|-damage|p2a: Breloom|0 fnt\n|faint|p2a: Breloom\n|-hitcount|p2: Breloom|1\n|\n|-weather|RainDance|[upkeep]\n|-fieldend|move: Psychic Terrain\n|upkeep\n|\n|t:|1700009229\n|switch|p2a: Ceruledge|Ceruledge, F|100\/100\n|-damage|p2a: Ceruledge|76\/100|[from] Stealth Rock\n|turn|14\n|\n|t:|1700009236\n|move|p2a: Ceruledge|Swords Dance|p2a: Ceruledge\n|-boost|p2a: Ceruledge|atk|2\n|move|p1a: Ditto|Spore|p2a: Ceruledge\n|-status|p2a: Ceruledge|slp|[from] move: Spore\n|\n|-weather|none\n|upkeep\n|turn|15\n|\n|t:|1700009244\n|switch|p1a: Floatzel|Floatzel, F|100\/100\n|cant|p2a: Ceruledge|slp\n|\n|upkeep\n|turn|16\n|\n|t:|1700009250\n|move|p1a: Floatzel|Flip Turn|p2a: Ceruledge\n|-supereffective|p2a: Ceruledge\n|-damage|p2a: Ceruledge|0 fnt\n|faint|p2a: Ceruledge\n|\n|t:|1700009254\n|switch|p1a: Gallade|Gallade, M|100\/100|[from] Flip Turn\n|\n|upkeep\n|\n|t:|1700009258\n|switch|p2a: Clodsire|Clodsire, F|100\/100\n|-damage|p2a: Clodsire|94\/100|[from] Stealth Rock\n|turn|17\n|\n|t:|1700009263\n|switch|p1a: Indeedee|Indeedee, M|100\/100 slp\n|-fieldstart|move: Psychic Terrain|[from] ability: Psychic Surge|[of] p1a: Indeedee\n|move|p2a: Clodsire|Toxic||[still]\n|-fail|p2a: Clodsire\n|\n|-heal|p2a: Clodsire|100\/100|[from] item: Leftovers\n|upkeep\n|turn|18\n|\n|t:|1700009271\n|cant|p1a: Indeedee|slp\n|move|p2a: Clodsire|Earthquake|p1a: Indeedee\n|-damage|p1a: Indeedee|44\/100 slp\n|\n|upkeep\n|turn|19\n|\n|t:|1700009275\n|-curestatus|p1a: Indeedee|slp|[msg]\n|move|p1a: Indeedee|Expanding Force|p2a: Clodsire\n|-supereffective|p2a: Clodsire\n|-damage|p2a: Clodsire|0 fnt\n|faint|p2a: Clodsire\n|\n|upkeep\n|-message|Wederted forfeited.\n|\n|win|Maxer59\n|raw|Maxer59's rating: 1177 &rarr; <strong>1207<\/strong><br \/>(+30 for winning)\n|raw|Wederted's rating: 1248 &rarr; <strong>1218<\/strong><br \/>(-30 for losing)\n|l|\u2606Wederted\n","uploadtime":1700009286,"views":6,"p1id":"maxer59","p2id":"wederted","formatid":"gen9nationaldex","rating":1207,"private":0,"password":""}