{"id":"gen9nationaldex-1990905479","p1":"yuanshen520","p2":"jiangzhi","format":"[Gen 9] National Dex","log":"|j|\u2606yuanshen520\n|j|\u2606jiangzhi\n|t:|1700013563\n|gametype|singles\n|player|p1|yuanshen520|giovanni|1599\n|player|p2|jiangzhi|265|1508\n|teamsize|p1|6\n|teamsize|p2|6\n|gen|9\n|tier|[Gen 9] National Dex\n|rated|\n|rule|HP Percentage Mod: HP is shown in percentages\n|rule|Endless Battle Clause: Forcing endless battles is banned\n|rule|OHKO Clause: OHKO moves are banned\n|rule|Evasion Clause: Evasion abilities, items, and moves are banned\n|rule|Evasion Abilities Clause: Evasion abilities are banned\n|rule|Evasion Items Clause: Evasion items are banned\n|rule|Evasion Moves Clause: Evasion moves are banned\n|rule|Species Clause: Limit one of each Pok\u00e9mon\n|rule|Sleep Clause Mod: Limit one foe put to sleep\n|clearpoke\n|poke|p1|Hippowdon, M|\n|poke|p1|Excadrill, M|\n|poke|p1|Dracozolt|\n|poke|p1|Urshifu-*, F|\n|poke|p1|Serperior, F|\n|poke|p1|Tyranitar, M|\n|poke|p2|Altaria, M|\n|poke|p2|Toxapex, M|\n|poke|p2|Darmanitan, M|\n|poke|p2|Gliscor, F|\n|poke|p2|Iron Valiant|\n|poke|p2|Ferrothorn, M|\n|teampreview\n|\n|t:|1700013606\n|start\n|switch|p1a: Urshifu|Urshifu-Rapid-Strike, F|100\/100\n|switch|p2a: Gliscor|Gliscor, F|100\/100\n|turn|1\n|\n|t:|1700013614\n|switch|p2a: Toxapex|Toxapex, M|100\/100\n|move|p1a: Urshifu|U-turn|p2a: Toxapex\n|-resisted|p2a: Toxapex\n|-damage|p2a: Toxapex|91\/100\n|\n|t:|1700013621\n|switch|p1a: Hippowdon|Hippowdon, M, shiny|100\/100|[from] U-turn\n|-weather|Sandstorm|[from] ability: Sand Stream|[of] p1a: Hippowdon\n|\n|-weather|Sandstorm|[upkeep]\n|-damage|p2a: Toxapex|85\/100|[from] Sandstorm\n|upkeep\n|turn|2\n|\n|t:|1700013631\n|switch|p2a: Gliscor|Gliscor, F|100\/100\n|move|p1a: Hippowdon|Stealth Rock|p2a: Gliscor\n|-sidestart|p2: jiangzhi|move: Stealth Rock\n|\n|-weather|Sandstorm|[upkeep]\n|-status|p2a: Gliscor|tox|[from] item: Toxic Orb\n|upkeep\n|turn|3\n|\n|t:|1700013641\n|move|p2a: Gliscor|Spikes|p1a: Hippowdon\n|-sidestart|p1: yuanshen520|Spikes\n|move|p1a: Hippowdon|Roar|p2a: Gliscor\n|drag|p2a: Darmanitan|Darmanitan, M|100\/100\n|-damage|p2a: Darmanitan|76\/100|[from] Stealth Rock\n|\n|-weather|Sandstorm|[upkeep]\n|-damage|p2a: Darmanitan|70\/100|[from] Sandstorm\n|upkeep\n|turn|4\n|\n|t:|1700013650\n|move|p2a: Darmanitan|U-turn|p1a: Hippowdon\n|-damage|p1a: Hippowdon|87\/100\n|\n|t:|1700013653\n|switch|p2a: Gliscor|Gliscor, F|100\/100 tox|[from] U-turn\n|-damage|p2a: Gliscor|88\/100 tox|[from] Stealth Rock\n|move|p1a: Hippowdon|Roar|p2a: Gliscor\n|drag|p2a: Darmanitan|Darmanitan, M|70\/100\n|-damage|p2a: Darmanitan|45\/100|[from] Stealth Rock\n|\n|-weather|Sandstorm|[upkeep]\n|-damage|p2a: Darmanitan|39\/100|[from] Sandstorm\n|upkeep\n|turn|5\n|\n|t:|1700013666\n|move|p2a: Darmanitan|Trick|p1a: Hippowdon\n|-activate|p2a: Darmanitan|move: Trick|[of] p1a: Hippowdon\n|-item|p1a: Hippowdon|Choice Scarf|[from] move: Trick\n|-item|p2a: Darmanitan|Smooth Rock|[from] move: Trick\n|move|p1a: Hippowdon|Roar|p2a: Darmanitan\n|drag|p2a: Ferrothorn|Ferrothorn, M|100\/100\n|-damage|p2a: Ferrothorn|95\/100|[from] Stealth Rock\n|\n|-weather|Sandstorm|[upkeep]\n|upkeep\n|turn|6\n|\n|t:|1700013676\n|switch|p1a: Serperior|Serperior, F, shiny|100\/100\n|-damage|p1a: Serperior|88\/100|[from] Spikes\n|move|p2a: Ferrothorn|Stealth Rock|p1a: Serperior\n|-sidestart|p1: yuanshen520|move: Stealth Rock\n|\n|-weather|Sandstorm|[upkeep]\n|-damage|p1a: Serperior|82\/100|[from] Sandstorm\n|-heal|p1a: Serperior|88\/100|[from] item: Leftovers\n|upkeep\n|turn|7\n|\n|t:|1700013687\n|move|p1a: Serperior|Substitute|p1a: Serperior\n|-start|p1a: Serperior|Substitute\n|-damage|p1a: Serperior|63\/100\n|move|p2a: Ferrothorn|Gyro Ball|p1a: Serperior\n|-end|p1a: Serperior|Substitute\n|\n|-weather|Sandstorm|[upkeep]\n|-damage|p1a: Serperior|57\/100|[from] Sandstorm\n|-heal|p1a: Serperior|63\/100|[from] item: Leftovers\n|upkeep\n|turn|8\n|\n|t:|1700013699\n|-terastallize|p1a: Serperior|Fire\n|move|p1a: Serperior|Substitute|p1a: Serperior\n|-start|p1a: Serperior|Substitute\n|-damage|p1a: Serperior|38\/100\n|move|p2a: Ferrothorn|Gyro Ball|p1a: Serperior\n|-resisted|p1a: Serperior\n|-end|p1a: Serperior|Substitute\n|\n|-weather|none\n|-heal|p1a: Serperior|44\/100|[from] item: Leftovers\n|upkeep\n|turn|9\n|inactive|Battle timer is ON: inactive players will automatically lose when time's up. (requested by jiangzhi)\n|\n|t:|1700013710\n|move|p1a: Serperior|Leaf Storm|p2a: Ferrothorn\n|-resisted|p2a: Ferrothorn\n|-damage|p2a: Ferrothorn|86\/100\n|-boost|p1a: Serperior|spa|2\n|move|p2a: Ferrothorn|Gyro Ball|p1a: Serperior\n|-resisted|p1a: Serperior\n|-damage|p1a: Serperior|9\/100\n|\n|-heal|p1a: Serperior|15\/100|[from] item: Leftovers\n|upkeep\n|turn|10\n|\n|t:|1700013720\n|move|p1a: Serperior|Hidden Power|p2a: Ferrothorn\n|-supereffective|p2a: Ferrothorn\n|-damage|p2a: Ferrothorn|0 fnt\n|faint|p2a: Ferrothorn\n|\n|-heal|p1a: Serperior|21\/100|[from] item: Leftovers\n|upkeep\n|\n|t:|1700013724\n|switch|p2a: Iron Valiant|Iron Valiant|100\/100\n|-damage|p2a: Iron Valiant|94\/100|[from] Stealth Rock\n|-enditem|p2a: Iron Valiant|Booster Energy\n|-activate|p2a: Iron Valiant|ability: Quark Drive|[fromitem]\n|-start|p2a: Iron Valiant|quarkdrivespe\n|turn|11\n|\n|t:|1700013736\n|switch|p1a: Hippowdon|Hippowdon, M, shiny|87\/100\n|-damage|p1a: Hippowdon|74\/100|[from] Spikes\n|-damage|p1a: Hippowdon|68\/100|[from] Stealth Rock\n|-weather|Sandstorm|[from] ability: Sand Stream|[of] p1a: Hippowdon\n|move|p2a: Iron Valiant|Close Combat|p1a: Hippowdon\n|-damage|p1a: Hippowdon|36\/100\n|-unboost|p2a: Iron Valiant|def|1\n|-unboost|p2a: Iron Valiant|spd|1\n|\n|-weather|Sandstorm|[upkeep]\n|-damage|p2a: Iron Valiant|88\/100|[from] Sandstorm\n|upkeep\n|turn|12\n|\n|t:|1700013756\n|move|p2a: Iron Valiant|Moonblast|p1a: Hippowdon\n|-damage|p1a: Hippowdon|0 fnt\n|faint|p1a: Hippowdon\n|\n|-weather|Sandstorm|[upkeep]\n|-damage|p2a: Iron Valiant|82\/100|[from] Sandstorm\n|upkeep\n|inactive|yuanshen520 has 120 seconds left.\n|\n|t:|1700013781\n|switch|p1a: Dracozolt|Dracozolt, shiny|100\/100\n|-damage|p1a: Dracozolt|88\/100|[from] Spikes\n|-damage|p1a: Dracozolt|76\/100|[from] Stealth Rock\n|turn|13\n|inactive|yuanshen520 has 120 seconds left.\n|\n|t:|1700013789\n|-end|p2a: Iron Valiant|Quark Drive|[silent]\n|switch|p2a: Gliscor|Gliscor, F|88\/100 tox\n|-damage|p2a: Gliscor|75\/100 tox|[from] Stealth Rock\n|move|p1a: Dracozolt|Bolt Beak|p2a: Gliscor\n|-immune|p2a: Gliscor\n|\n|-weather|Sandstorm|[upkeep]\n|-heal|p2a: Gliscor|88\/100 tox|[from] ability: Poison Heal\n|upkeep\n|turn|14\n|inactive|yuanshen520 has 120 seconds left.\n|\n|t:|1700013799\n|move|p1a: Dracozolt|Draco Meteor|p2a: Gliscor\n|-damage|p2a: Gliscor|49\/100 tox\n|-unboost|p1a: Dracozolt|spa|2\n|-damage|p1a: Dracozolt|66\/100|[from] item: Life Orb\n|move|p2a: Gliscor|Earthquake|p1a: Dracozolt\n|-supereffective|p1a: Dracozolt\n|-damage|p1a: Dracozolt|0 fnt\n|faint|p1a: Dracozolt\n|\n|-weather|Sandstorm|[upkeep]\n|-heal|p2a: Gliscor|61\/100 tox|[from] ability: Poison Heal\n|upkeep\n|inactive|yuanshen520 has 120 seconds left.\n|\n|t:|1700013820\n|switch|p1a: Serperior|Serperior, F, shiny, tera:Fire|21\/100\n|-damage|p1a: Serperior|9\/100|[from] Spikes\n|-damage|p1a: Serperior|0 fnt|[from] Stealth Rock\n|faint|p1a: Serperior\n|\n|t:|1700013825\n|switch|p1a: Excadrill|Excadrill, M|100\/100\n|-damage|p1a: Excadrill|88\/100|[from] Spikes\n|-damage|p1a: Excadrill|85\/100|[from] Stealth Rock\n|turn|15\n|\n|t:|1700013835\n|-zpower|p1a: Excadrill\n|move|p1a: Excadrill|Corkscrew Crash|p2a: Gliscor|[zeffect]\n|-damage|p2a: Gliscor|0 fnt\n|faint|p2a: Gliscor\n|\n|-weather|none\n|upkeep\n|\n|t:|1700013848\n|switch|p2a: Iron Valiant|Iron Valiant|82\/100\n|-damage|p2a: Iron Valiant|76\/100|[from] Stealth Rock\n|turn|16\n|\n|t:|1700013853\n|switch|p1a: Tyranitar|Tyranitar, M, shiny|100\/100\n|-damage|p1a: Tyranitar|88\/100|[from] Spikes\n|-damage|p1a: Tyranitar|76\/100|[from] Stealth Rock\n|-weather|Sandstorm|[from] ability: Sand Stream|[of] p1a: Tyranitar\n|move|p2a: Iron Valiant|Close Combat|p1a: Tyranitar\n|-supereffective|p1a: Tyranitar\n|-damage|p1a: Tyranitar|0 fnt\n|-unboost|p2a: Iron Valiant|def|1\n|-unboost|p2a: Iron Valiant|spd|1\n|faint|p1a: Tyranitar\n|\n|-weather|Sandstorm|[upkeep]\n|-damage|p2a: Iron Valiant|69\/100|[from] Sandstorm\n|upkeep\n|inactive|yuanshen520 has 120 seconds left.\n|\n|t:|1700013870\n|switch|p1a: Excadrill|Excadrill, M|85\/100\n|-damage|p1a: Excadrill|73\/100|[from] Spikes\n|-damage|p1a: Excadrill|70\/100|[from] Stealth Rock\n|turn|17\n|inactive|yuanshen520 has 120 seconds left.\n|\n|t:|1700013880\n|move|p1a: Excadrill|Iron Head|p2a: Iron Valiant\n|-supereffective|p2a: Iron Valiant\n|-damage|p2a: Iron Valiant|0 fnt\n|faint|p2a: Iron Valiant\n|-end|p2a: Iron Valiant|Quark Drive|[silent]\n|\n|-weather|Sandstorm|[upkeep]\n|upkeep\n|\n|t:|1700013882\n|switch|p2a: Toxapex|Toxapex, M|100\/100\n|-damage|p2a: Toxapex|88\/100|[from] Stealth Rock\n|turn|18\n|\n|t:|1700013891\n|-terastallize|p2a: Toxapex|Water\n|move|p1a: Excadrill|Earthquake|p2a: Toxapex\n|-damage|p2a: Toxapex|45\/100\n|move|p2a: Toxapex|Liquidation|p1a: Excadrill\n|-supereffective|p1a: Excadrill\n|-damage|p1a: Excadrill|0 fnt\n|faint|p1a: Excadrill\n|\n|-weather|Sandstorm|[upkeep]\n|-damage|p2a: Toxapex|39\/100|[from] Sandstorm\n|upkeep\n|\n|t:|1700013904\n|switch|p1a: Urshifu|Urshifu-Rapid-Strike, F|100\/100\n|-damage|p1a: Urshifu|88\/100|[from] Spikes\n|-damage|p1a: Urshifu|82\/100|[from] Stealth Rock\n|turn|19\n|\n|t:|1700013910\n|switch|p2a: Darmanitan|Darmanitan, M|39\/100\n|-damage|p2a: Darmanitan|14\/100|[from] Stealth Rock\n|move|p1a: Urshifu|Close Combat|p2a: Darmanitan\n|-damage|p2a: Darmanitan|0 fnt\n|-unboost|p1a: Urshifu|def|1\n|-unboost|p1a: Urshifu|spd|1\n|faint|p2a: Darmanitan\n|\n|-weather|Sandstorm|[upkeep]\n|-damage|p1a: Urshifu|76\/100|[from] Sandstorm\n|upkeep\n|\n|t:|1700013916\n|switch|p2a: Altaria|Altaria, M|100\/100\n|-damage|p2a: Altaria|76\/100|[from] Stealth Rock\n|turn|20\n|\n|t:|1700013926\n|detailschange|p2a: Altaria|Altaria-Mega, M\n|-mega|p2a: Altaria|Altaria|Altarianite\n|move|p1a: Urshifu|Close Combat|p2a: Altaria\n|-resisted|p2a: Altaria\n|-damage|p2a: Altaria|44\/100\n|-unboost|p1a: Urshifu|def|1\n|-unboost|p1a: Urshifu|spd|1\n|move|p2a: Altaria|Hyper Voice|p1a: Urshifu\n|-supereffective|p1a: Urshifu\n|-damage|p1a: Urshifu|0 fnt\n|faint|p1a: Urshifu\n|\n|win|jiangzhi\n|raw|yuanshen520's rating: 1599 &rarr; <strong>1574<\/strong><br \/>(-25 for losing)\n|raw|jiangzhi's rating: 1508 &rarr; <strong>1533<\/strong><br \/>(+25 for winning)\n","uploadtime":1700013934,"views":4,"p1id":"yuanshen520","p2id":"jiangzhi","formatid":"gen9nationaldex","rating":1533,"private":0,"password":""}