{"id":"gen9nationaldex-1998551972","p1":"aquaman terrestre","p2":"Umporeon","format":"[Gen 9] National Dex","log":"|html|<div class=\"broadcast-blue\"><strong>[Gen 9] National Dex is currently suspecting Sneasler! For information on how to participate check out the <a href=\"https:\/\/www.smogon.com\/forums\/threads\/sv-national-dex-suspect-8-just-dance.3731534\/\">suspect thread<\/a>.<\/strong><\/div>\n|j|\u2606aquaman terrestre\n|j|\u2606Umporeon\n|t:|1700955401\n|gametype|singles\n|player|p1|aquaman terrestre|eusine|1070\n|player|p2|Umporeon|266|1000\n|teamsize|p1|6\n|teamsize|p2|6\n|gen|9\n|tier|[Gen 9] National Dex\n|rated|\n|rule|HP Percentage Mod: HP is shown in percentages\n|rule|Endless Battle Clause: Forcing endless battles is banned\n|rule|OHKO Clause: OHKO moves are banned\n|rule|Evasion Clause: Evasion abilities, items, and moves are banned\n|rule|Evasion Abilities Clause: Evasion abilities are banned\n|rule|Evasion Items Clause: Evasion items are banned\n|rule|Evasion Moves Clause: Evasion moves are banned\n|rule|Species Clause: Limit one of each Pok\u00e9mon\n|rule|Sleep Clause Mod: Limit one foe put to sleep\n|clearpoke\n|poke|p1|Swampert, M|\n|poke|p1|Alakazam, M|\n|poke|p1|Mightyena, M|\n|poke|p1|Ninetales-Alola, F|\n|poke|p1|Dusclops, M|\n|poke|p1|Noivern, M|\n|poke|p2|Umbreon, M|\n|poke|p2|Vaporeon, M|\n|poke|p2|Glaceon, F|\n|poke|p2|Flareon, F|\n|poke|p2|Leafeon, M|\n|poke|p2|Espeon, F|\n|teampreview\n|inactive|Battle timer is ON: inactive players will automatically lose when time's up. (requested by aquaman terrestre)\n|\n|t:|1700955421\n|start\n|switch|p1a: Swampert|Swampert, M|100\/100\n|switch|p2a: Glaceon|Glaceon, F, shiny|100\/100\n|turn|1\n|\n|t:|1700955428\n|detailschange|p1a: Swampert|Swampert-Mega, M\n|-mega|p1a: Swampert|Swampert|Swampertite\n|move|p1a: Swampert|Stealth Rock|p2a: Glaceon\n|-sidestart|p2: Umporeon|move: Stealth Rock\n|move|p2a: Glaceon|Hail|p2a: Glaceon\n|-weather|Hail\n|\n|-weather|Hail|[upkeep]\n|-damage|p1a: Swampert|94\/100|[from] Hail\n|upkeep\n|turn|2\n|\n|t:|1700955447\n|switch|p1a: Ninetales|Ninetales-Alola, F|100\/100\n|-weather|Snow|[from] ability: Snow Warning|[of] p1a: Ninetales\n|switch|p2a: Leafeon|Leafeon, M|100\/100\n|-damage|p2a: Leafeon|88\/100|[from] Stealth Rock\n|\n|-weather|Snow|[upkeep]\n|upkeep\n|turn|3\n|c|\u2606Umporeon|oof\n|\n|t:|1700955458\n|move|p1a: Ninetales|Blizzard|p2a: Leafeon\n|-supereffective|p2a: Leafeon\n|-damage|p2a: Leafeon|0 fnt\n|faint|p2a: Leafeon\n|\n|-weather|Snow|[upkeep]\n|upkeep\n|\n|t:|1700955468\n|switch|p2a: Vaporeon|Vaporeon, M|100\/100\n|-damage|p2a: Vaporeon|88\/100|[from] Stealth Rock\n|turn|4\n|\n|t:|1700955478\n|move|p1a: Ninetales|Aurora Veil|p1a: Ninetales\n|-sidestart|p1: aquaman terrestre|move: Aurora Veil\n|move|p2a: Vaporeon|Brine|p1a: Ninetales\n|-damage|p1a: Ninetales|86\/100\n|\n|-weather|Snow|[upkeep]\n|-heal|p2a: Vaporeon|94\/100|[from] item: Leftovers\n|upkeep\n|turn|5\n|\n|t:|1700955494\n|switch|p2a: Glaceon|Glaceon, F, shiny|100\/100\n|-damage|p2a: Glaceon|76\/100|[from] Stealth Rock\n|move|p1a: Ninetales|Moonblast|p2a: Glaceon\n|-crit|p2a: Glaceon\n|-damage|p2a: Glaceon|22\/100\n|-unboost|p2a: Glaceon|spa|1\n|\n|-weather|Snow|[upkeep]\n|-heal|p2a: Glaceon|27\/100|[from] ability: Ice Body\n|-heal|p2a: Glaceon|33\/100|[from] item: Leftovers\n|upkeep\n|turn|6\n|\n|t:|1700955511\n|move|p1a: Ninetales|Moonblast|p2a: Glaceon\n|-damage|p2a: Glaceon|2\/100\n|move|p2a: Glaceon|Weather Ball|p1a: Ninetales\n|-resisted|p1a: Ninetales\n|-damage|p1a: Ninetales|77\/100\n|\n|-weather|none\n|-heal|p2a: Glaceon|8\/100|[from] item: Leftovers\n|upkeep\n|turn|7\n|\n|t:|1700955525\n|move|p1a: Ninetales|Moonblast|p2a: Glaceon\n|-damage|p2a: Glaceon|0 fnt\n|faint|p2a: Glaceon\n|\n|upkeep\n|\n|t:|1700955535\n|switch|p2a: Flareon|Flareon, F|100\/100\n|-damage|p2a: Flareon|76\/100|[from] Stealth Rock\n|turn|8\n|\n|t:|1700955544\n|switch|p1a: Dusclops|Dusclops, M|100\/100\n|-item|p2a: Flareon|Life Orb|[from] ability: Frisk|[of] p1a: Dusclops|[identify]\n|move|p2a: Flareon|Sunny Day|p2a: Flareon\n|-weather|SunnyDay\n|\n|-weather|SunnyDay|[upkeep]\n|upkeep\n|turn|9\n|\n|t:|1700955556\n|move|p2a: Flareon|Flare Blitz|p1a: Dusclops\n|-damage|p1a: Dusclops|59\/100\n|-status|p1a: Dusclops|brn\n|-damage|p2a: Flareon|61\/100|[from] Recoil\n|-damage|p2a: Flareon|51\/100|[from] item: Life Orb\n|move|p1a: Dusclops|Hex|p2a: Flareon\n|-damage|p2a: Flareon|34\/100\n|\n|-weather|SunnyDay|[upkeep]\n|-damage|p1a: Dusclops|53\/100 brn|[from] brn\n|upkeep\n|turn|10\n|\n|t:|1700955578\n|move|p2a: Flareon|Protect|p2a: Flareon\n|-singleturn|p2a: Flareon|Protect\n|move|p1a: Dusclops|Hex|p2a: Flareon\n|-activate|p2a: Flareon|move: Protect\n|\n|-weather|SunnyDay|[upkeep]\n|-damage|p1a: Dusclops|47\/100 brn|[from] brn\n|upkeep\n|turn|11\n|inactive|Umporeon has 120 seconds left.\n|\n|t:|1700955600\n|switch|p2a: Espeon|Espeon, F|100\/100\n|-damage|p2a: Espeon|88\/100|[from] Stealth Rock\n|move|p1a: Dusclops|Rest|p1a: Dusclops\n|-status|p1a: Dusclops|slp|[from] move: Rest\n|-heal|p1a: Dusclops|100\/100 slp|[silent]\n|\n|-weather|SunnyDay|[upkeep]\n|-sideend|p1: aquaman terrestre|move: Aurora Veil\n|upkeep\n|turn|12\n|inactive|Umporeon has 120 seconds left.\n|\n|t:|1700955612\n|move|p2a: Espeon|Weather Ball|p1a: Dusclops\n|-damage|p1a: Dusclops|78\/100 slp\n|cant|p1a: Dusclops|slp\n|move|p1a: Dusclops|Sleep Talk|p1a: Dusclops\n|move|p1a: Dusclops|Will-O-Wisp|p2a: Espeon|[from]move: Sleep Talk\n|move|p2a: Espeon|Will-O-Wisp||[from]ability: Magic Bounce|[still]\n|-fail|p2a: Espeon\n|\n|-weather|none\n|upkeep\n|turn|13\n|inactive|Umporeon has 120 seconds left.\n|\n|t:|1700955626\n|switch|p2a: Flareon|Flareon, F|34\/100\n|-damage|p2a: Flareon|9\/100|[from] Stealth Rock\n|cant|p1a: Dusclops|slp\n|move|p1a: Dusclops|Sleep Talk|p1a: Dusclops\n|move|p1a: Dusclops|Rest||[from]move: Sleep Talk|[still]\n|-fail|p1a: Dusclops\n|\n|upkeep\n|turn|14\n|inactive|Umporeon has 120 seconds left.\n|\n|t:|1700955643\n|move|p2a: Flareon|Sunny Day|p2a: Flareon\n|-weather|SunnyDay\n|-curestatus|p1a: Dusclops|slp|[msg]\n|move|p1a: Dusclops|Hex|p2a: Flareon\n|-damage|p2a: Flareon|0 fnt\n|faint|p2a: Flareon\n|\n|-weather|SunnyDay|[upkeep]\n|upkeep\n|inactive|Umporeon has 120 seconds left.\n|\n|t:|1700955650\n|switch|p2a: Umbreon|Umbreon, M, shiny|100\/100\n|-damage|p2a: Umbreon|88\/100|[from] Stealth Rock\n|turn|15\n|\n|t:|1700955666\n|switch|p1a: Noivern|Noivern, M|100\/100\n|-item|p2a: Umbreon|Leftovers|[from] ability: Frisk|[of] p1a: Noivern|[identify]\n|move|p2a: Umbreon|Throat Chop|p1a: Noivern\n|-damage|p1a: Noivern|65\/100\n|-start|p1a: Noivern|Throat Chop|[silent]\n|\n|-weather|SunnyDay|[upkeep]\n|-heal|p2a: Umbreon|94\/100|[from] item: Leftovers\n|upkeep\n|turn|16\n|\n|t:|1700955678\n|move|p1a: Noivern|Flamethrower|p2a: Umbreon\n|-damage|p2a: Umbreon|65\/100\n|move|p2a: Umbreon|Thunder Wave|p1a: Noivern\n|-status|p1a: Noivern|par\n|\n|-weather|SunnyDay|[upkeep]\n|-heal|p2a: Umbreon|72\/100|[from] item: Leftovers\n|-end|p1a: Noivern|Throat Chop|[silent]\n|upkeep\n|turn|17\n|\n|t:|1700955687\n|cant|p1a: Noivern|par\n|move|p2a: Umbreon|Throat Chop|p1a: Noivern\n|-crit|p1a: Noivern\n|-damage|p1a: Noivern|16\/100 par\n|-start|p1a: Noivern|Throat Chop|[silent]\n|\n|-weather|SunnyDay|[upkeep]\n|-heal|p2a: Umbreon|78\/100|[from] item: Leftovers\n|upkeep\n|turn|18\n|\n|t:|1700955694\n|move|p1a: Noivern|Flamethrower||[still]\n|-damage|p2a: Umbreon|50\/100\n|-status|p2a: Umbreon|brn\n|-activate|p2a: Umbreon|ability: Synchronize\n|-fail|p2a: Umbreon\n|move|p2a: Umbreon|Throat Chop|p1a: Noivern\n|-damage|p1a: Noivern|0 fnt\n|faint|p1a: Noivern\n|\n|-weather|none\n|-heal|p2a: Umbreon|57\/100 brn|[from] item: Leftovers\n|-damage|p2a: Umbreon|50\/100 brn|[from] brn\n|upkeep\n|\n|t:|1700955707\n|switch|p1a: Mightyena|Mightyena, M|100\/100\n|-ability|p1a: Mightyena|Intimidate|boost\n|-unboost|p2a: Umbreon|atk|1\n|turn|19\n|\n|t:|1700955715\n|move|p1a: Mightyena|Play Rough|p2a: Umbreon\n|-supereffective|p2a: Umbreon\n|-damage|p2a: Umbreon|14\/100 brn\n|move|p2a: Umbreon|Facade|p1a: Mightyena\n|-damage|p1a: Mightyena|74\/100\n|\n|-heal|p2a: Umbreon|20\/100 brn|[from] item: Leftovers\n|-damage|p2a: Umbreon|14\/100 brn|[from] brn\n|upkeep\n|turn|20\n|\n|t:|1700955727\n|move|p1a: Mightyena|Play Rough|p2a: Umbreon\n|-supereffective|p2a: Umbreon\n|-crit|p2a: Umbreon\n|-damage|p2a: Umbreon|0 fnt\n|faint|p2a: Umbreon\n|\n|upkeep\n|\n|t:|1700955733\n|switch|p2a: Vaporeon|Vaporeon, M|94\/100\n|-damage|p2a: Vaporeon|82\/100|[from] Stealth Rock\n|turn|21\n|\n|t:|1700955736\n|move|p1a: Mightyena|Poison Fang|p2a: Vaporeon\n|-damage|p2a: Vaporeon|70\/100\n|-status|p2a: Vaporeon|tox\n|move|p2a: Vaporeon|Acid Armor|p2a: Vaporeon\n|-boost|p2a: Vaporeon|def|2\n|\n|-heal|p2a: Vaporeon|76\/100 tox|[from] item: Leftovers\n|-damage|p2a: Vaporeon|70\/100 tox|[from] psn\n|upkeep\n|turn|22\n|\n|t:|1700955749\n|move|p1a: Mightyena|Shadow Ball|p2a: Vaporeon\n|-damage|p2a: Vaporeon|60\/100 tox\n|move|p2a: Vaporeon|Brine|p1a: Mightyena\n|-damage|p1a: Mightyena|30\/100\n|\n|-heal|p2a: Vaporeon|66\/100 tox|[from] item: Leftovers\n|-damage|p2a: Vaporeon|54\/100 tox|[from] psn\n|upkeep\n|turn|23\n|\n|t:|1700955762\n|switch|p1a: Dusclops|Dusclops, M|78\/100\n|-item|p2a: Vaporeon|Leftovers|[from] ability: Frisk|[of] p1a: Dusclops|[identify]\n|move|p2a: Vaporeon|Brine|p1a: Dusclops\n|-damage|p1a: Dusclops|66\/100\n|\n|-heal|p2a: Vaporeon|60\/100 tox|[from] item: Leftovers\n|-damage|p2a: Vaporeon|41\/100 tox|[from] psn\n|upkeep\n|turn|24\n|\n|t:|1700955778\n|move|p2a: Vaporeon|Brine|p1a: Dusclops\n|-damage|p1a: Dusclops|53\/100\n|move|p1a: Dusclops|Hex|p2a: Vaporeon\n|-damage|p2a: Vaporeon|18\/100 tox\n|\n|-heal|p2a: Vaporeon|24\/100 tox|[from] item: Leftovers\n|-damage|p2a: Vaporeon|0 fnt|[from] psn\n|faint|p2a: Vaporeon\n|upkeep\n|\n|t:|1700955786\n|switch|p2a: Espeon|Espeon, F|88\/100\n|-damage|p2a: Espeon|76\/100|[from] Stealth Rock\n|turn|25\n|c|\u2606Umporeon|gg\n|\n|t:|1700955792\n|move|p2a: Espeon|Dazzling Gleam|p1a: Dusclops\n|-damage|p1a: Dusclops|41\/100\n|move|p1a: Dusclops|Hex|p2a: Espeon\n|-supereffective|p2a: Espeon\n|-damage|p2a: Espeon|44\/100\n|\n|upkeep\n|turn|26\n|c|\u2606aquaman terrestre|gg\n|c|\u2606Umporeon|I'm guessing Eviolite?\n|\n|t:|1700955808\n|move|p2a: Espeon|Dazzling Gleam|p1a: Dusclops\n|-damage|p1a: Dusclops|30\/100\n|move|p1a: Dusclops|Hex|p2a: Espeon\n|-supereffective|p2a: Espeon\n|-damage|p2a: Espeon|13\/100\n|\n|upkeep\n|turn|27\n|c|\u2606aquaman terrestre|obviously\n|\n|t:|1700955819\n|move|p2a: Espeon|Dazzling Gleam|p1a: Dusclops\n|-damage|p1a: Dusclops|18\/100\n|move|p1a: Dusclops|Hex|p2a: Espeon\n|-supereffective|p2a: Espeon\n|-damage|p2a: Espeon|0 fnt\n|faint|p2a: Espeon\n|\n|win|aquaman terrestre\n|raw|aquaman terrestre's rating: 1070 &rarr; <strong>1094<\/strong><br \/>(+24 for winning)\n|raw|Umporeon's rating: 1000 &rarr; <strong>1000<\/strong><br \/>(+0 for losing)\n|c|\u2606Umporeon|*sigh* Yeah.\n","uploadtime":1700955834,"views":1,"p1id":"aquamanterrestre","p2id":"umporeon","formatid":"gen9nationaldex","rating":1000,"private":0,"password":""}