{"id":"gen9nationaldex-1991000290","p1":"YuleDaMacaxeira","p2":"JustSnakessss","format":"[Gen 9] National Dex","log":"|j|\u2606YuleDaMacaxeira\n|j|\u2606JustSnakessss\n|t:|1700025792\n|gametype|singles\n|player|p1|YuleDaMacaxeira|iris-gen5bw2|1250\n|player|p2|JustSnakessss|pokemonbreederf-gen4|1180\n|teamsize|p1|6\n|teamsize|p2|6\n|gen|9\n|tier|[Gen 9] National Dex\n|rated|\n|rule|HP Percentage Mod: HP is shown in percentages\n|rule|Endless Battle Clause: Forcing endless battles is banned\n|rule|OHKO Clause: OHKO moves are banned\n|rule|Evasion Clause: Evasion abilities, items, and moves are banned\n|rule|Evasion Abilities Clause: Evasion abilities are banned\n|rule|Evasion Items Clause: Evasion items are banned\n|rule|Evasion Moves Clause: Evasion moves are banned\n|rule|Species Clause: Limit one of each Pok\u00e9mon\n|rule|Sleep Clause Mod: Limit one foe put to sleep\n|clearpoke\n|poke|p1|Tapu Lele|\n|poke|p1|Toxapex, M|\n|poke|p1|Garganacl, M|\n|poke|p1|Lopunny, M|\n|poke|p1|Moltres|\n|poke|p1|Iron Treads|\n|poke|p2|Serperior, M|\n|poke|p2|Sandaconda, M|\n|poke|p2|Milotic, F|\n|poke|p2|Dragonair, M|\n|poke|p2|Seviper, F|\n|poke|p2|Gyarados, M|\n|teampreview\n|\n|t:|1700025808\n|start\n|switch|p1a: Iron Treads|Iron Treads|100\/100\n|switch|p2a: Snake Pope|Sandaconda, M|100\/100\n|turn|1\n|\n|t:|1700025816\n|move|p1a: Iron Treads|Stealth Rock|p2a: Snake Pope\n|-sidestart|p2: JustSnakessss|move: Stealth Rock\n|move|p2a: Snake Pope|Stealth Rock|p1a: Iron Treads\n|-sidestart|p1: YuleDaMacaxeira|move: Stealth Rock\n|\n|upkeep\n|turn|2\n|\n|t:|1700025823\n|move|p1a: Iron Treads|Rapid Spin|p2a: Snake Pope\n|-damage|p2a: Snake Pope|91\/100\n|-boost|p1a: Iron Treads|spe|1\n|-sideend|p1: YuleDaMacaxeira|Stealth Rock|[from] move: Rapid Spin|[of] p1a: Iron Treads\n|move|p2a: Snake Pope|Earthquake|p1a: Iron Treads\n|-supereffective|p1a: Iron Treads\n|-damage|p1a: Iron Treads|43\/100\n|\n|-heal|p1a: Iron Treads|49\/100|[from] item: Leftovers\n|-heal|p2a: Snake Pope|97\/100|[from] item: Leftovers\n|upkeep\n|turn|3\n|\n|t:|1700025842\n|-end|p1a: Iron Treads|Quark Drive|[silent]\n|switch|p1a: Moltres|Moltres|100\/100\n|move|p2a: Snake Pope|Stealth Rock|p1a: Moltres\n|-sidestart|p1: YuleDaMacaxeira|move: Stealth Rock\n|\n|-heal|p2a: Snake Pope|100\/100|[from] item: Leftovers\n|upkeep\n|turn|4\n|\n|t:|1700025851\n|move|p1a: Moltres|U-turn|p2a: Snake Pope\n|-damage|p2a: Snake Pope|91\/100\n|\n|t:|1700025859\n|switch|p1a: Lopunny|Lopunny, M, shiny|100\/100|[from] U-turn\n|-damage|p1a: Lopunny|88\/100|[from] Stealth Rock\n|move|p2a: Snake Pope|Stone Edge|p1a: Lopunny\n|-damage|p1a: Lopunny|51\/100\n|\n|-heal|p2a: Snake Pope|97\/100|[from] item: Leftovers\n|upkeep\n|turn|5\n|\n|t:|1700025870\n|detailschange|p1a: Lopunny|Lopunny-Mega, M, shiny\n|-mega|p1a: Lopunny|Lopunny|Lopunnite\n|move|p1a: Lopunny|Fake Out|p2a: Snake Pope\n|-damage|p2a: Snake Pope|83\/100\n|cant|p2a: Snake Pope|flinch\n|\n|-heal|p2a: Snake Pope|89\/100|[from] item: Leftovers\n|upkeep\n|turn|6\n|\n|t:|1700025890\n|switch|p1a: Toxapex|Toxapex, M, shiny|100\/100\n|-terastallize|p2a: Snake Pope|Ghost\n|move|p2a: Snake Pope|Earthquake|p1a: Toxapex\n|-supereffective|p1a: Toxapex\n|-damage|p1a: Toxapex|49\/100\n|\n|-heal|p2a: Snake Pope|95\/100|[from] item: Leftovers\n|upkeep\n|turn|7\n|\n|t:|1700025905\n|-terastallize|p1a: Toxapex|Fairy\n|move|p2a: Snake Pope|Earthquake|p1a: Toxapex\n|-damage|p1a: Toxapex|23\/100\n|move|p1a: Toxapex|Knock Off|p2a: Snake Pope\n|-supereffective|p2a: Snake Pope\n|-damage|p2a: Snake Pope|73\/100\n|-enditem|p2a: Snake Pope|Leftovers|[from] move: Knock Off|[of] p1a: Toxapex\n|\n|upkeep\n|turn|8\n|\n|t:|1700025916\n|switch|p1a: Iron Treads|Iron Treads|49\/100\n|-damage|p1a: Iron Treads|46\/100|[from] Stealth Rock\n|move|p2a: Snake Pope|Earthquake|p1a: Iron Treads\n|-supereffective|p1a: Iron Treads\n|-damage|p1a: Iron Treads|0 fnt\n|faint|p1a: Iron Treads\n|-end|p1a: Iron Treads|Quark Drive|[silent]\n|\n|upkeep\n|\n|t:|1700025926\n|switch|p1a: Garganacl|Garganacl, M|100\/100\n|-damage|p1a: Garganacl|88\/100|[from] Stealth Rock\n|turn|9\n|-message|YuleDaMacaxeira forfeited.\n|\n|win|JustSnakessss\n|raw|YuleDaMacaxeira's rating: 1250 &rarr; <strong>1220<\/strong><br \/>(-30 for losing)\n|raw|JustSnakessss's rating: 1180 &rarr; <strong>1210<\/strong><br \/>(+30 for winning)\n|l|\u2606YuleDaMacaxeira\n","uploadtime":1700025943,"views":18,"p1id":"yuledamacaxeira","p2id":"justsnakessss","formatid":"gen9nationaldex","rating":1210,"private":0,"password":""}