{"id":"gen9nationaldex-1995567186","p1":"UserJexx","p2":"lchx","format":"[Gen 9] National Dex","log":"|html|<div class=\"broadcast-blue\"><strong>[Gen 9] National Dex is currently suspecting Sneasler! For information on how to participate check out the <a href=\"https:\/\/www.smogon.com\/forums\/threads\/sv-national-dex-suspect-8-just-dance.3731534\/\">suspect thread<\/a>.<\/strong><\/div>\n|j|\u2606UserJexx\n|j|\u203dlchx\n|t:|1700583527\n|gametype|singles\n|player|p1|UserJexx|1|1761\n|player|p2|lchx|ghetsis|1751\n|teamsize|p1|6\n|teamsize|p2|6\n|gen|9\n|tier|[Gen 9] National Dex\n|rated|\n|rule|HP Percentage Mod: HP is shown in percentages\n|rule|Endless Battle Clause: Forcing endless battles is banned\n|rule|OHKO Clause: OHKO moves are banned\n|rule|Evasion Clause: Evasion abilities, items, and moves are banned\n|rule|Evasion Abilities Clause: Evasion abilities are banned\n|rule|Evasion Items Clause: Evasion items are banned\n|rule|Evasion Moves Clause: Evasion moves are banned\n|rule|Species Clause: Limit one of each Pok\u00e9mon\n|rule|Sleep Clause Mod: Limit one foe put to sleep\n|clearpoke\n|poke|p1|Goodra-Hisui, M|\n|poke|p1|Ceruledge, F|\n|poke|p1|Gliscor, F|\n|poke|p1|Hatterene, F|\n|poke|p1|Gastrodon-East, M|\n|poke|p1|Ditto|\n|poke|p2|Rillaboom, F|\n|poke|p2|Iron Treads|\n|poke|p2|Iron Valiant|\n|poke|p2|Ceruledge, F|\n|poke|p2|Sneasler, F|\n|poke|p2|Nihilego|\n|teampreview\n|\n|t:|1700583532\n|start\n|switch|p1a: \ud83d\udeac\ud83d\udc80|Gastrodon-East, M|100\/100\n|switch|p2a: Iron Treads|Iron Treads, shiny|100\/100\n|-enditem|p2a: Iron Treads|Booster Energy\n|-activate|p2a: Iron Treads|ability: Quark Drive|[fromitem]\n|-start|p2a: Iron Treads|quarkdrivespe\n|turn|1\n|inactive|Battle timer is ON: inactive players will automatically lose when time's up. (requested by UserJexx)\n|\n|t:|1700583552\n|move|p2a: Iron Treads|Stealth Rock|p1a: \ud83d\udeac\ud83d\udc80\n|-sidestart|p1: UserJexx|move: Stealth Rock\n|move|p1a: \ud83d\udeac\ud83d\udc80|Earth Power|p2a: Iron Treads\n|-supereffective|p2a: Iron Treads\n|-damage|p2a: Iron Treads|0 fnt\n|faint|p2a: Iron Treads\n|-end|p2a: Iron Treads|Quark Drive|[silent]\n|\n|upkeep\n|inactive|lchx has 120 seconds left.\n|\n|t:|1700583588\n|switch|p2a: Rillaboom|Rillaboom, F, shiny|100\/100\n|-fieldstart|move: Grassy Terrain|[from] ability: Grassy Surge|[of] p2a: Rillaboom\n|turn|2\n|\n|t:|1700583593\n|switch|p1a: \ud83e\udd87|Gliscor, F, shiny|100\/100\n|-damage|p1a: \ud83e\udd87|88\/100|[from] Stealth Rock\n|move|p2a: Rillaboom|U-turn|p1a: \ud83e\udd87\n|-resisted|p1a: \ud83e\udd87\n|-damage|p1a: \ud83e\udd87|80\/100\n|j| cangyue\n|inactive|lchx has 120 seconds left.\n|\n|t:|1700583604\n|switch|p2a: Nihilego|Nihilego|100\/100|[from] U-turn\n|\n|-status|p1a: \ud83e\udd87|tox|[from] item: Toxic Orb\n|upkeep\n|turn|3\n|\n|t:|1700583608\n|move|p2a: Nihilego|Meteor Beam||[still]\n|-prepare|p2a: Nihilego|Meteor Beam\n|-boost|p2a: Nihilego|spa|1\n|-enditem|p2a: Nihilego|Power Herb\n|-anim|p2a: Nihilego|Meteor Beam|p1a: \ud83e\udd87\n|-damage|p1a: \ud83e\udd87|0 fnt\n|faint|p1a: \ud83e\udd87\n|-ability|p2a: Nihilego|Beast Boost|boost\n|-boost|p2a: Nihilego|spe|1\n|\n|upkeep\n|\n|t:|1700583613\n|switch|p1a: \ud83d\udc1a|Goodra-Hisui, M|100\/100\n|-damage|p1a: \ud83d\udc1a|94\/100|[from] Stealth Rock\n|turn|4\n|\n|t:|1700583622\n|switch|p2a: Iron Valiant|Iron Valiant, shiny|100\/100\n|-enditem|p2a: Iron Valiant|Booster Energy\n|-activate|p2a: Iron Valiant|ability: Quark Drive|[fromitem]\n|-start|p2a: Iron Valiant|quarkdrivespe\n|move|p1a: \ud83d\udc1a|Earthquake|p2a: Iron Valiant\n|-damage|p2a: Iron Valiant|78\/100\n|\n|-heal|p2a: Iron Valiant|84\/100|[from] Grassy Terrain\n|-heal|p1a: \ud83d\udc1a|100\/100|[from] Grassy Terrain\n|upkeep\n|turn|5\n|j| aaaapeng\n|\n|t:|1700583633\n|switch|p1a: \u2694\ufe0f|Ceruledge, F, shiny|100\/100\n|-damage|p1a: \u2694\ufe0f|76\/100|[from] Stealth Rock\n|move|p2a: Iron Valiant|Moonblast|p1a: \u2694\ufe0f\n|-resisted|p1a: \u2694\ufe0f\n|-damage|p1a: \u2694\ufe0f|55\/100\n|-unboost|p1a: \u2694\ufe0f|spa|1\n|\n|-heal|p2a: Iron Valiant|90\/100|[from] Grassy Terrain\n|-heal|p1a: \u2694\ufe0f|61\/100|[from] Grassy Terrain\n|upkeep\n|turn|6\n|\n|t:|1700583649\n|move|p2a: Iron Valiant|Moonblast|p1a: \u2694\ufe0f\n|-resisted|p1a: \u2694\ufe0f\n|-damage|p1a: \u2694\ufe0f|38\/100\n|move|p1a: \u2694\ufe0f|Bitter Blade|p2a: Iron Valiant\n|-damage|p2a: Iron Valiant|34\/100\n|-heal|p1a: \u2694\ufe0f|66\/100|[from] drain|[of] p2a: Iron Valiant\n|\n|-heal|p2a: Iron Valiant|40\/100|[from] Grassy Terrain\n|-heal|p1a: \u2694\ufe0f|72\/100|[from] Grassy Terrain\n|-fieldend|move: Grassy Terrain\n|upkeep\n|turn|7\n|l| aaaapeng\n|\n|t:|1700583666\n|move|p2a: Iron Valiant|Destiny Bond|p2a: Iron Valiant\n|-singlemove|p2a: Iron Valiant|Destiny Bond\n|move|p1a: \u2694\ufe0f|Bitter Blade|p2a: Iron Valiant\n|-damage|p2a: Iron Valiant|0 fnt\n|-heal|p1a: \u2694\ufe0f|92\/100|[from] drain|[of] p2a: Iron Valiant\n|faint|p2a: Iron Valiant\n|-activate|p2a: Iron Valiant|move: Destiny Bond\n|-end|p2a: Iron Valiant|Quark Drive|[silent]\n|faint|p1a: \u2694\ufe0f\n|\n|upkeep\n|j| aaaapeng\n|\n|t:|1700583680\n|switch|p2a: Ceruledge|Ceruledge, F, shiny|100\/100\n|switch|p1a: \ud83c\udf38|Hatterene, F, shiny|100\/100\n|-damage|p1a: \ud83c\udf38|88\/100|[from] Stealth Rock\n|turn|8\n|\n|t:|1700583690\n|move|p2a: Ceruledge|Poltergeist|p1a: \ud83c\udf38\n|-activate|p1a: \ud83c\udf38|move: Poltergeist|Big Root\n|-supereffective|p1a: \ud83c\udf38\n|-damage|p1a: \ud83c\udf38|0 fnt\n|faint|p1a: \ud83c\udf38\n|\n|upkeep\n|\n|t:|1700583695\n|switch|p1a: \ud83e\uddec|Ditto|100\/100\n|-damage|p1a: \ud83e\uddec|88\/100|[from] Stealth Rock\n|-transform|p1a: \ud83e\uddec|p2a: Ceruledge|[from] ability: Imposter\n|turn|9\n|l|\u2606UserJexx\n|inactive|UserJexx disconnected and has a minute to reconnect!\n|player|p1|\n|\n|t:|1700583710\n|move|p1a: \ud83e\uddec|Poltergeist|p2a: Ceruledge\n|-activate|p2a: Ceruledge|move: Poltergeist|Focus Sash\n|-supereffective|p2a: Ceruledge\n|-enditem|p2a: Ceruledge|Focus Sash\n|-damage|p2a: Ceruledge|1\/100\n|-ability|p2a: Ceruledge|Weak Armor|boost\n|-unboost|p2a: Ceruledge|def|1\n|-boost|p2a: Ceruledge|spe|2\n|move|p2a: Ceruledge|Swords Dance|p2a: Ceruledge\n|-boost|p2a: Ceruledge|atk|2\n|\n|upkeep\n|turn|10\n|j|\u2606UserJexx\n|inactive|UserJexx reconnected and has 150 seconds left.\n|player|p1|UserJexx|1\n|\n|t:|1700583724\n|switch|p1a: \ud83d\udeac\ud83d\udc80|Gastrodon-East, M|100\/100\n|-damage|p1a: \ud83d\udeac\ud83d\udc80|94\/100|[from] Stealth Rock\n|move|p2a: Ceruledge|Poltergeist|p1a: \ud83d\udeac\ud83d\udc80\n|-activate|p1a: \ud83d\udeac\ud83d\udc80|move: Poltergeist|Leftovers\n|-damage|p1a: \ud83d\udeac\ud83d\udc80|0 fnt\n|faint|p1a: \ud83d\udeac\ud83d\udc80\n|\n|upkeep\n|\n|t:|1700583728\n|switch|p1a: \ud83e\uddec|Ditto|88\/100\n|-damage|p1a: \ud83e\uddec|76\/100|[from] Stealth Rock\n|-transform|p1a: \ud83e\uddec|p2a: Ceruledge|[from] ability: Imposter\n|turn|11\n|\n|t:|1700583753\n|switch|p2a: Rillaboom|Rillaboom, F, shiny|100\/100\n|-fieldstart|move: Grassy Terrain|[from] ability: Grassy Surge|[of] p2a: Rillaboom\n|move|p1a: \ud83e\uddec|Bitter Blade|p2a: Rillaboom\n|-supereffective|p2a: Rillaboom\n|-damage|p2a: Rillaboom|0 fnt\n|-heal|p1a: \ud83e\uddec|100\/100|[from] drain|[of] p2a: Rillaboom\n|faint|p2a: Rillaboom\n|\n|upkeep\n|j| xsk123\n|inactive|lchx has 120 seconds left.\n|\n|t:|1700583771\n|switch|p2a: Sneasler|Sneasler, F|100\/100\n|-enditem|p2a: Sneasler|Grassy Seed\n|-boost|p2a: Sneasler|def|1|[from] item: Grassy Seed\n|turn|12\n|inactive|lchx has 120 seconds left.\n|\n|t:|1700583785\n|-terastallize|p2a: Sneasler|Flying\n|move|p1a: \ud83e\uddec|Bitter Blade|p2a: Sneasler\n|-damage|p2a: Sneasler|0 fnt\n|faint|p2a: Sneasler\n|\n|upkeep\n|\n|t:|1700583794\n|switch|p2a: Nihilego|Nihilego|100\/100\n|turn|13\n|\n|t:|1700583798\n|move|p1a: \ud83e\uddec|Bitter Blade|p2a: Nihilego\n|-resisted|p2a: Nihilego\n|-crit|p2a: Nihilego\n|-damage|p2a: Nihilego|0 fnt\n|faint|p2a: Nihilego\n|\n|upkeep\n|-message|lchx forfeited.\n|\n|win|UserJexx\n|raw|UserJexx's rating: 1761 &rarr; <strong>1782<\/strong><br \/>(+21 for winning)\n|raw|lchx's rating: 1770 &rarr; <strong>1749<\/strong><br \/>(-21 for losing)\n|l|\u203dlchx\n","uploadtime":1700583851,"views":1,"p1id":"userjexx","p2id":"lchx","formatid":"gen9nationaldex","rating":1749,"private":0,"password":""}