{"id":"gen9nationaldex-1997830724","p1":"Vvbttij","p2":"ocho1111","format":"[Gen 9] National Dex","log":"|html|<div class=\"broadcast-blue\"><strong>[Gen 9] National Dex is currently suspecting Sneasler! For information on how to participate check out the <a href=\"https:\/\/www.smogon.com\/forums\/threads\/sv-national-dex-suspect-8-just-dance.3731534\/\">suspect thread<\/a>.<\/strong><\/div>\n|j|\u2606Vvbttij\n|j|\u2606ocho1111\n|t:|1700857374\n|gametype|singles\n|player|p1|Vvbttij|red|1088\n|player|p2|ocho1111|boarder|1041\n|teamsize|p1|6\n|teamsize|p2|6\n|gen|9\n|tier|[Gen 9] National Dex\n|rated|\n|rule|HP Percentage Mod: HP is shown in percentages\n|rule|Endless Battle Clause: Forcing endless battles is banned\n|rule|OHKO Clause: OHKO moves are banned\n|rule|Evasion Clause: Evasion abilities, items, and moves are banned\n|rule|Evasion Abilities Clause: Evasion abilities are banned\n|rule|Evasion Items Clause: Evasion items are banned\n|rule|Evasion Moves Clause: Evasion moves are banned\n|rule|Species Clause: Limit one of each Pok\u00e9mon\n|rule|Sleep Clause Mod: Limit one foe put to sleep\n|clearpoke\n|poke|p1|Charizard, F|\n|poke|p1|Blastoise, F|\n|poke|p1|Venusaur, F|\n|poke|p1|Snorlax, M|\n|poke|p1|Lapras, M|\n|poke|p1|Pikachu, M|\n|poke|p2|Mawile, F|\n|poke|p2|Victini|\n|poke|p2|Ursaluna, M|\n|poke|p2|Jellicent, F|\n|poke|p2|Togekiss, M|\n|poke|p2|Meloetta|\n|teampreview\n|\n|t:|1700857380\n|start\n|switch|p1a: Snorlax|Snorlax, M, shiny|100\/100\n|switch|p2a: Jellicent|Jellicent, F|100\/100\n|turn|1\n|\n|t:|1700857388\n|move|p1a: Snorlax|Crunch|p2a: Jellicent\n|-supereffective|p2a: Jellicent\n|-damage|p2a: Jellicent|44\/100\n|-damage|p1a: Snorlax|91\/100|[from] item: Life Orb\n|move|p2a: Jellicent|Trick Room|p2a: Jellicent\n|-fieldstart|move: Trick Room|[of] p2a: Jellicent\n|\n|-heal|p2a: Jellicent|50\/100|[from] item: Leftovers\n|upkeep\n|turn|2\n|\n|t:|1700857395\n|switch|p2a: frebdy fazbor|Ursaluna, M|100\/100\n|move|p1a: Snorlax|Crunch|p2a: frebdy fazbor\n|-damage|p2a: frebdy fazbor|76\/100\n|-damage|p1a: Snorlax|81\/100|[from] item: Life Orb\n|\n|-status|p2a: frebdy fazbor|brn|[from] item: Flame Orb\n|upkeep\n|turn|3\n|\n|t:|1700857406\n|move|p2a: frebdy fazbor|Facade|p1a: Snorlax\n|-damage|p1a: Snorlax|0 fnt\n|faint|p1a: Snorlax\n|\n|-damage|p2a: frebdy fazbor|70\/100 brn|[from] brn\n|upkeep\n|\n|t:|1700857412\n|switch|p1a: Charizard|Charizard, F|100\/100\n|turn|4\n|\n|t:|1700857422\n|switch|p1a: Pikachu|Pikachu, M|100\/100\n|move|p2a: frebdy fazbor|Facade|p1a: Pikachu\n|-damage|p1a: Pikachu|0 fnt\n|faint|p1a: Pikachu\n|\n|-damage|p2a: frebdy fazbor|64\/100 brn|[from] brn\n|upkeep\n|\n|t:|1700857423\n|switch|p1a: Venusaur|Venusaur, F|100\/100\n|turn|5\n|\n|t:|1700857436\n|detailschange|p1a: Venusaur|Venusaur-Mega, F\n|-mega|p1a: Venusaur|Venusaur|Venusaurite\n|move|p2a: frebdy fazbor|Facade|p1a: Venusaur\n|-damage|p1a: Venusaur|33\/100\n|move|p1a: Venusaur|Leech Seed|p2a: frebdy fazbor\n|-start|p2a: frebdy fazbor|move: Leech Seed\n|\n|-damage|p2a: frebdy fazbor|51\/100 brn|[from] Leech Seed|[of] p1a: Venusaur\n|-heal|p1a: Venusaur|48\/100|[silent]\n|-damage|p2a: frebdy fazbor|45\/100 brn|[from] brn\n|-fieldend|move: Trick Room\n|upkeep\n|turn|6\n|\n|t:|1700857455\n|switch|p1a: Charizard|Charizard, F|100\/100\n|move|p2a: frebdy fazbor|Facade|p1a: Charizard\n|-damage|p1a: Charizard|0 fnt\n|faint|p1a: Charizard\n|\n|-damage|p2a: frebdy fazbor|39\/100 brn|[from] brn\n|upkeep\n|\n|t:|1700857458\n|switch|p1a: Blastoise|Blastoise, F|100\/100\n|turn|7\n|\n|t:|1700857466\n|switch|p2a: Jellicent|Jellicent, F|50\/100\n|move|p1a: Blastoise|Shell Smash|p1a: Blastoise\n|-unboost|p1a: Blastoise|def|1\n|-unboost|p1a: Blastoise|spd|1\n|-boost|p1a: Blastoise|atk|2\n|-boost|p1a: Blastoise|spa|2\n|-boost|p1a: Blastoise|spe|2\n|\n|-heal|p2a: Jellicent|56\/100|[from] item: Leftovers\n|upkeep\n|turn|8\n|\n|t:|1700857484\n|move|p1a: Blastoise|Scald|p2a: Jellicent\n|-heal|p2a: Jellicent|81\/100|[from] ability: Water Absorb|[of] p1a: Blastoise\n|move|p2a: Jellicent|Trick Room|p2a: Jellicent\n|-fieldstart|move: Trick Room|[of] p2a: Jellicent\n|\n|-heal|p2a: Jellicent|87\/100|[from] item: Leftovers\n|upkeep\n|turn|9\n|-message|Vvbttij forfeited.\n|\n|win|ocho1111\n|raw|Vvbttij's rating: 1088 &rarr; <strong>1062<\/strong><br \/>(-26 for losing)\n|raw|ocho1111's rating: 1041 &rarr; <strong>1079<\/strong><br \/>(+38 for winning)\n|l|\u2606Vvbttij\n","uploadtime":1700857495,"views":10,"p1id":"vvbttij","p2id":"ocho1111","formatid":"gen9nationaldex","rating":1062,"private":0,"password":""}