{"id":"gen9nationaldex-1997421926","p1":"zeonteo","p2":"XingyuYe\u5c0f\u591c","format":"[Gen 9] National Dex","log":"|html|<div class=\"broadcast-blue\"><strong>[Gen 9] National Dex is currently suspecting Sneasler! For information on how to participate check out the <a href=\"https:\/\/www.smogon.com\/forums\/threads\/sv-national-dex-suspect-8-just-dance.3731534\/\">suspect thread<\/a>.<\/strong><\/div>\n|j|\u2606zeonteo\n|j|\u2606XingyuYe\u5c0f\u591c\n|t:|1700802558\n|gametype|singles\n|player|p1|zeonteo|pokemonranger-gen4|1298\n|player|p2|XingyuYe\u5c0f\u591c|evelyn|1396\n|teamsize|p1|6\n|teamsize|p2|6\n|gen|9\n|tier|[Gen 9] National Dex\n|rated|\n|rule|HP Percentage Mod: HP is shown in percentages\n|rule|Endless Battle Clause: Forcing endless battles is banned\n|rule|OHKO Clause: OHKO moves are banned\n|rule|Evasion Clause: Evasion abilities, items, and moves are banned\n|rule|Evasion Abilities Clause: Evasion abilities are banned\n|rule|Evasion Items Clause: Evasion items are banned\n|rule|Evasion Moves Clause: Evasion moves are banned\n|rule|Species Clause: Limit one of each Pok\u00e9mon\n|rule|Sleep Clause Mod: Limit one foe put to sleep\n|clearpoke\n|poke|p1|Raichu-Alola, F|\n|poke|p1|Tapu Koko|\n|poke|p1|Iron Hands|\n|poke|p1|Iron Jugulis|\n|poke|p1|Iron Treads|\n|poke|p1|Iron Moth|\n|poke|p2|Ogerpon, F|\n|poke|p2|Medicham, F|\n|poke|p2|Clodsire, F|\n|poke|p2|Salazzle, F|\n|poke|p2|Salamence, M|\n|poke|p2|Manaphy|\n|teampreview\n|inactive|Battle timer is ON: inactive players will automatically lose when time's up. (requested by zeonteo)\n|\n|t:|1700802577\n|start\n|switch|p1a: HYDRAGON|Iron Jugulis, shiny|100\/100\n|switch|p2a: Ogerpon|Ogerpon, F|100\/100\n|-enditem|p1a: HYDRAGON|Booster Energy\n|-activate|p1a: HYDRAGON|ability: Quark Drive|[fromitem]\n|-start|p1a: HYDRAGON|quarkdrivespe\n|turn|1\n|\n|t:|1700802587\n|switch|p2a: Clodsire|Clodsire, F|100\/100\n|move|p1a: HYDRAGON|Dark Pulse|p2a: Clodsire\n|-damage|p2a: Clodsire|69\/100\n|\n|-heal|p2a: Clodsire|75\/100|[from] item: Leftovers\n|upkeep\n|turn|2\n|\n|t:|1700802601\n|move|p1a: HYDRAGON|Dark Pulse|p2a: Clodsire\n|-damage|p2a: Clodsire|43\/100\n|move|p2a: Clodsire|Toxic|p1a: HYDRAGON\n|-status|p1a: HYDRAGON|tox\n|\n|-heal|p2a: Clodsire|49\/100|[from] item: Leftovers\n|-damage|p1a: HYDRAGON|94\/100 tox|[from] psn\n|upkeep\n|turn|3\n|\n|t:|1700802611\n|move|p1a: HYDRAGON|Earth Power|p2a: Clodsire\n|-supereffective|p2a: Clodsire\n|-damage|p2a: Clodsire|8\/100\n|move|p2a: Clodsire|Recover|p2a: Clodsire\n|-heal|p2a: Clodsire|58\/100\n|\n|-heal|p2a: Clodsire|65\/100|[from] item: Leftovers\n|-damage|p1a: HYDRAGON|82\/100 tox|[from] psn\n|upkeep\n|turn|4\n|\n|t:|1700802622\n|-end|p1a: HYDRAGON|Quark Drive|[silent]\n|switch|p1a: HEXAGON|Iron Moth, shiny|100\/100\n|-enditem|p1a: HEXAGON|Booster Energy\n|-activate|p1a: HEXAGON|ability: Quark Drive|[fromitem]\n|-start|p1a: HEXAGON|quarkdrivespe\n|move|p2a: Clodsire|Recover|p2a: Clodsire\n|-heal|p2a: Clodsire|100\/100\n|\n|upkeep\n|turn|5\n|\n|t:|1700802631\n|move|p1a: HEXAGON|Fiery Dance|p2a: Clodsire\n|-damage|p2a: Clodsire|71\/100\n|-boost|p1a: HEXAGON|spa|1\n|move|p2a: Clodsire|Earthquake|p1a: HEXAGON\n|-supereffective|p1a: HEXAGON\n|-damage|p1a: HEXAGON|0 fnt\n|faint|p1a: HEXAGON\n|-end|p1a: HEXAGON|Quark Drive|[silent]\n|\n|-heal|p2a: Clodsire|77\/100|[from] item: Leftovers\n|upkeep\n|\n|t:|1700802643\n|switch|p1a: ELEPHANTZ|Iron Treads, shiny|100\/100\n|-enditem|p1a: ELEPHANTZ|Booster Energy\n|-activate|p1a: ELEPHANTZ|ability: Quark Drive|[fromitem]\n|-start|p1a: ELEPHANTZ|quarkdriveatk\n|turn|6\n|\n|t:|1700802652\n|-terastallize|p2a: Clodsire|Dark\n|move|p1a: ELEPHANTZ|Rapid Spin|p2a: Clodsire\n|-damage|p2a: Clodsire|61\/100\n|-boost|p1a: ELEPHANTZ|spe|1\n|move|p2a: Clodsire|Counter|p1a: ELEPHANTZ\n|-damage|p1a: ELEPHANTZ|56\/100\n|\n|-heal|p2a: Clodsire|68\/100|[from] item: Leftovers\n|upkeep\n|turn|7\n|\n|t:|1700802669\n|move|p1a: ELEPHANTZ|Earthquake|p2a: Clodsire\n|-damage|p2a: Clodsire|20\/100\n|move|p2a: Clodsire|Counter|p1a: ELEPHANTZ\n|-damage|p1a: ELEPHANTZ|0 fnt\n|faint|p1a: ELEPHANTZ\n|-end|p1a: ELEPHANTZ|Quark Drive|[silent]\n|\n|-heal|p2a: Clodsire|26\/100|[from] item: Leftovers\n|upkeep\n|\n|t:|1700802681\n|switch|p1a: TAPUKOKO|Tapu Koko|100\/100\n|-fieldstart|move: Electric Terrain|[from] ability: Electric Surge|[of] p1a: TAPUKOKO\n|turn|8\n|\n|t:|1700802693\n|move|p1a: TAPUKOKO|Volt Switch|p2a: Clodsire\n|-damage|p2a: Clodsire|0 fnt\n|faint|p2a: Clodsire\n|\n|t:|1700802699\n|switch|p1a: GOROCHU|Raichu-Alola, F|100\/100|[from] Volt Switch\n|\n|upkeep\n|\n|t:|1700802707\n|switch|p2a: Salazzle|Salazzle, F|100\/100\n|turn|9\n|\n|t:|1700802716\n|move|p1a: GOROCHU|Surf|p2a: Salazzle\n|-supereffective|p2a: Salazzle\n|-damage|p2a: Salazzle|10\/100\n|move|p2a: Salazzle|Toxic|p1a: GOROCHU\n|-status|p1a: GOROCHU|tox\n|\n|-damage|p1a: GOROCHU|94\/100 tox|[from] psn\n|upkeep\n|turn|10\n|\n|t:|1700802725\n|move|p2a: Salazzle|Protect|p2a: Salazzle\n|-singleturn|p2a: Salazzle|Protect\n|move|p1a: GOROCHU|Rising Voltage|p2a: Salazzle\n|-activate|p2a: Salazzle|move: Protect\n|\n|-damage|p1a: GOROCHU|82\/100 tox|[from] psn\n|upkeep\n|turn|11\n|\n|t:|1700802737\n|switch|p2a: Ogerpon|Ogerpon, F|100\/100\n|move|p1a: GOROCHU|Rising Voltage|p2a: Ogerpon\n|-hint|Rising Voltage's BP doubled on grounded target.\n|-resisted|p2a: Ogerpon\n|-damage|p2a: Ogerpon|48\/100\n|\n|-damage|p1a: GOROCHU|63\/100 tox|[from] psn\n|upkeep\n|turn|12\n|\n|t:|1700802748\n|switch|p2a: Salazzle|Salazzle, F|10\/100\n|move|p1a: GOROCHU|Rising Voltage|p2a: Salazzle\n|-hint|Rising Voltage's BP doubled on grounded target.\n|-damage|p2a: Salazzle|0 fnt\n|faint|p2a: Salazzle\n|\n|-damage|p1a: GOROCHU|39\/100 tox|[from] psn\n|-fieldend|move: Electric Terrain\n|upkeep\n|\n|t:|1700802761\n|switch|p2a: Ogerpon|Ogerpon, F|48\/100\n|turn|13\n|\n|t:|1700802768\n|move|p2a: Ogerpon|Ivy Cudgel|p1a: GOROCHU\n|-damage|p1a: GOROCHU|0 fnt\n|faint|p1a: GOROCHU\n|\n|upkeep\n|\n|t:|1700802779\n|switch|p1a: TAPUKOKO|Tapu Koko|100\/100\n|-fieldstart|move: Electric Terrain|[from] ability: Electric Surge|[of] p1a: TAPUKOKO\n|turn|14\n|\n|t:|1700802789\n|move|p1a: TAPUKOKO|U-turn|p2a: Ogerpon\n|-supereffective|p2a: Ogerpon\n|-damage|p2a: Ogerpon|8\/100\n|\n|t:|1700802792\n|switch|p1a: HYDRAGON|Iron Jugulis, shiny|82\/100 tox|[from] U-turn\n|-activate|p1a: HYDRAGON|ability: Quark Drive\n|-start|p1a: HYDRAGON|quarkdrivespe\n|move|p2a: Ogerpon|Ivy Cudgel|p1a: HYDRAGON\n|-resisted|p1a: HYDRAGON\n|-crit|p1a: HYDRAGON\n|-damage|p1a: HYDRAGON|41\/100 tox\n|\n|-damage|p1a: HYDRAGON|35\/100 tox|[from] psn\n|upkeep\n|turn|15\n|\n|t:|1700802814\n|switch|p2a: Salamence|Salamence, M|100\/100\n|-ability|p2a: Salamence|Intimidate|boost\n|-unboost|p1a: HYDRAGON|atk|1\n|move|p1a: HYDRAGON|Dark Pulse|p2a: Salamence\n|-damage|p2a: Salamence|61\/100\n|\n|-heal|p2a: Salamence|68\/100|[from] item: Leftovers\n|-damage|p1a: HYDRAGON|23\/100 tox|[from] psn\n|upkeep\n|turn|16\n|\n|t:|1700802828\n|move|p1a: HYDRAGON|Dark Pulse|p2a: Salamence\n|-damage|p2a: Salamence|29\/100\n|cant|p2a: Salamence|flinch\n|\n|-heal|p2a: Salamence|35\/100|[from] item: Leftovers\n|-damage|p1a: HYDRAGON|5\/100 tox|[from] psn\n|upkeep\n|turn|17\n|\n|t:|1700802839\n|switch|p2a: Manaphy|Manaphy|100\/100\n|move|p1a: HYDRAGON|Dark Pulse|p2a: Manaphy\n|-damage|p2a: Manaphy|69\/100\n|\n|-heal|p2a: Manaphy|75\/100|[from] item: Leftovers\n|-damage|p1a: HYDRAGON|0 fnt|[from] psn\n|faint|p1a: HYDRAGON\n|-end|p1a: HYDRAGON|Quark Drive|[silent]\n|upkeep\n|\n|t:|1700802851\n|switch|p1a: TAPUKOKO|Tapu Koko|100\/100\n|turn|18\n|\n|t:|1700802858\n|move|p1a: TAPUKOKO|Volt Switch|p2a: Manaphy\n|-supereffective|p2a: Manaphy\n|-damage|p2a: Manaphy|6\/100\n|\n|t:|1700802862\n|switch|p1a: IRONHAND|Iron Hands, shiny|100\/100|[from] Volt Switch\n|-activate|p1a: IRONHAND|ability: Quark Drive\n|-start|p1a: IRONHAND|quarkdriveatk\n|move|p2a: Manaphy|Acid Armor|p2a: Manaphy\n|-boost|p2a: Manaphy|def|2\n|\n|-heal|p2a: Manaphy|12\/100|[from] item: Leftovers\n|-fieldend|move: Electric Terrain\n|-end|p1a: IRONHAND|Quark Drive\n|upkeep\n|-enditem|p1a: IRONHAND|Booster Energy\n|-activate|p1a: IRONHAND|ability: Quark Drive|[fromitem]\n|-start|p1a: IRONHAND|quarkdriveatk\n|turn|19\n|\n|t:|1700802878\n|move|p2a: Manaphy|Stored Power|p1a: IRONHAND\n|-supereffective|p1a: IRONHAND\n|-damage|p1a: IRONHAND|74\/100\n|move|p1a: IRONHAND|Ice Punch|p2a: Manaphy\n|-resisted|p2a: Manaphy\n|-damage|p2a: Manaphy|3\/100\n|\n|-heal|p2a: Manaphy|10\/100|[from] item: Leftovers\n|upkeep\n|turn|20\n|\n|t:|1700802888\n|move|p2a: Manaphy|Stored Power|p1a: IRONHAND\n|-supereffective|p1a: IRONHAND\n|-damage|p1a: IRONHAND|49\/100\n|move|p1a: IRONHAND|Thunder Punch|p2a: Manaphy\n|-supereffective|p2a: Manaphy\n|-damage|p2a: Manaphy|0 fnt\n|faint|p2a: Manaphy\n|\n|upkeep\n|\n|t:|1700802896\n|switch|p2a: Salamence|Salamence, M|35\/100\n|-ability|p2a: Salamence|Intimidate|boost\n|-unboost|p1a: IRONHAND|atk|1\n|turn|21\n|\n|t:|1700802904\n|move|p2a: Salamence|Dual Wingbeat|p1a: IRONHAND\n|-damage|p1a: IRONHAND|38\/100\n|-damage|p1a: IRONHAND|28\/100\n|-hitcount|p1a: IRONHAND|2\n|move|p1a: IRONHAND|Thunder Punch|p2a: Salamence\n|-damage|p2a: Salamence|8\/100\n|\n|-heal|p2a: Salamence|14\/100|[from] item: Leftovers\n|upkeep\n|turn|22\n|\n|t:|1700802916\n|-end|p1a: IRONHAND|Quark Drive|[silent]\n|switch|p1a: TAPUKOKO|Tapu Koko|100\/100\n|-fieldstart|move: Electric Terrain|[from] ability: Electric Surge|[of] p1a: TAPUKOKO\n|move|p2a: Salamence|Dual Wingbeat|p1a: TAPUKOKO\n|-resisted|p1a: TAPUKOKO\n|-damage|p1a: TAPUKOKO|88\/100\n|-resisted|p1a: TAPUKOKO\n|-damage|p1a: TAPUKOKO|76\/100\n|-hitcount|p1a: TAPUKOKO|2\n|\n|-heal|p2a: Salamence|20\/100|[from] item: Leftovers\n|upkeep\n|turn|23\n|\n|t:|1700802929\n|move|p1a: TAPUKOKO|Discharge|p2a: Salamence\n|-damage|p2a: Salamence|0 fnt\n|faint|p2a: Salamence\n|\n|upkeep\n|\n|t:|1700802934\n|switch|p2a: Medicham|Medicham, F|100\/100\n|turn|24\n|\n|t:|1700802941\n|detailschange|p2a: Medicham|Medicham-Mega, F\n|-mega|p2a: Medicham|Medicham|Medichamite\n|move|p1a: TAPUKOKO|Discharge|p2a: Medicham\n|-damage|p2a: Medicham|46\/100\n|move|p2a: Medicham|Acupressure|p2a: Medicham\n|-boost|p2a: Medicham|accuracy|2\n|\n|upkeep\n|turn|25\n|\n|t:|1700802950\n|move|p2a: Medicham|Bullet Punch|p1a: TAPUKOKO\n|-damage|p1a: TAPUKOKO|50\/100\n|move|p1a: TAPUKOKO|Discharge|p2a: Medicham\n|-damage|p2a: Medicham|0 fnt\n|faint|p2a: Medicham\n|\n|upkeep\n|\n|t:|1700802958\n|switch|p2a: Ogerpon|Ogerpon, F|8\/100\n|turn|26\n|\n|t:|1700802961\n|move|p1a: TAPUKOKO|Discharge|p2a: Ogerpon\n|-resisted|p2a: Ogerpon\n|-damage|p2a: Ogerpon|0 fnt\n|faint|p2a: Ogerpon\n|\n|win|zeonteo\n|raw|zeonteo's rating: 1298 &rarr; <strong>1330<\/strong><br \/>(+32 for winning)\n|raw|XingyuYe\u5c0f\u591c's rating: 1396 &rarr; <strong>1371<\/strong><br \/>(-25 for losing)\n|l|\u2606XingyuYe\u5c0f\u591c\n","uploadtime":1700802972,"views":6,"p1id":"zeonteo","p2id":"xingyuye","formatid":"gen9nationaldex","rating":1330,"private":0,"password":""}