{"id":"gen9nationaldex-1991975403","p1":"SloowK_eZZ","p2":"TheSlowbroGuy","format":"[Gen 9] National Dex","log":"|j|\u2606SloowK_eZZ\n|j|\u2606TheSlowbroGuy\n|t:|1700144247\n|gametype|singles\n|player|p1|SloowK_eZZ|volkner|1423\n|player|p2|TheSlowbroGuy|wattson|1426\n|teamsize|p1|6\n|teamsize|p2|6\n|gen|9\n|tier|[Gen 9] National Dex\n|rated|\n|rule|HP Percentage Mod: HP is shown in percentages\n|rule|Endless Battle Clause: Forcing endless battles is banned\n|rule|OHKO Clause: OHKO moves are banned\n|rule|Evasion Clause: Evasion abilities, items, and moves are banned\n|rule|Evasion Abilities Clause: Evasion abilities are banned\n|rule|Evasion Items Clause: Evasion items are banned\n|rule|Evasion Moves Clause: Evasion moves are banned\n|rule|Species Clause: Limit one of each Pok\u00e9mon\n|rule|Sleep Clause Mod: Limit one foe put to sleep\n|clearpoke\n|poke|p1|Mawile, F|\n|poke|p1|Chansey, F|\n|poke|p1|Slowbro, F|\n|poke|p1|Gliscor, F|\n|poke|p1|Magnezone|\n|poke|p1|Kartana|\n|poke|p2|Zoroark-Hisui, M|\n|poke|p2|Incineroar, M|\n|poke|p2|Rillaboom, M|\n|poke|p2|Zeraora|\n|poke|p2|Pangoro, M|\n|poke|p2|Urshifu-*, M|\n|teampreview\n|inactive|Battle timer is ON: inactive players will automatically lose when time's up. (requested by TheSlowbroGuy)\n|\n|t:|1700144276\n|start\n|switch|p1a: Chansey|Chansey, F|100\/100\n|switch|p2a: Hot Daddy|Incineroar, M|100\/100\n|-ability|p2a: Hot Daddy|Intimidate|boost\n|-unboost|p1a: Chansey|atk|1\n|turn|1\n|\n|t:|1700144288\n|switch|p1a: Mawile|Mawile, F|100\/100\n|-ability|p1a: Mawile|Intimidate|boost\n|-unboost|p2a: Hot Daddy|atk|1\n|move|p2a: Hot Daddy|Knock Off|p1a: Mawile\n|-resisted|p1a: Mawile\n|-damage|p1a: Mawile|88\/100\n|\n|upkeep\n|turn|2\n|\n|t:|1700144303\n|switch|p1a: Gliscor|Gliscor, F|100\/100\n|move|p2a: Hot Daddy|U-turn|p1a: Gliscor\n|-resisted|p1a: Gliscor\n|-damage|p1a: Gliscor|96\/100\n|\n|t:|1700144307\n|switch|p2a: Harder|Urshifu-Rapid-Strike, M|100\/100|[from] U-turn\n|\n|-status|p1a: Gliscor|tox|[from] item: Toxic Orb\n|upkeep\n|turn|3\n|\n|t:|1700144315\n|switch|p1a: Slowbro|Slowbro, F|100\/100\n|move|p2a: Harder|U-turn|p1a: Slowbro\n|-supereffective|p1a: Slowbro\n|-damage|p1a: Slowbro|66\/100\n|\n|t:|1700144322\n|switch|p2a: Furry Bear|Pangoro, M|100\/100|[from] U-turn\n|\n|upkeep\n|turn|4\n|\n|t:|1700144328\n|switch|p1a: Mawile|Mawile, F|88\/100\n|-ability|p1a: Mawile|Intimidate|boost\n|-unboost|p2a: Furry Bear|atk|1\n|move|p2a: Furry Bear|Shadow Ball|p1a: Mawile\n|-damage|p1a: Mawile|0 fnt\n|faint|p1a: Mawile\n|\n|upkeep\n|\n|t:|1700144347\n|switch|p1a: Magnezone|Magnezone|100\/100\n|turn|5\n|\n|t:|1700144350\n|switch|p2a: FurSuit|Zeraora|100\/100\n|move|p1a: Magnezone|Thunderbolt|p2a: FurSuit\n|-immune|p2a: FurSuit|[from] ability: Volt Absorb\n|\n|upkeep\n|turn|6\n|\n|t:|1700144356\n|switch|p2a: Harder|Urshifu-Rapid-Strike, M|100\/100\n|switch|p1a: Gliscor|Gliscor, F|96\/100 tox\n|\n|-heal|p1a: Gliscor|100\/100 tox|[from] ability: Poison Heal\n|upkeep\n|turn|7\n|\n|t:|1700144361\n|switch|p1a: Slowbro|Slowbro, F|99\/100\n|move|p2a: Harder|Surging Strikes|p1a: Slowbro\n|-resisted|p1a: Slowbro\n|-crit|p1a: Slowbro\n|-damage|p1a: Slowbro|93\/100\n|-resisted|p1a: Slowbro\n|-crit|p1a: Slowbro\n|-damage|p1a: Slowbro|87\/100\n|-resisted|p1a: Slowbro\n|-crit|p1a: Slowbro\n|-damage|p1a: Slowbro|80\/100\n|-hitcount|p1a: Slowbro|3\n|\n|upkeep\n|turn|8\n|\n|t:|1700144367\n|switch|p2a: Nice Pecs|Rillaboom, M|100\/100\n|-fieldstart|move: Grassy Terrain|[from] ability: Grassy Surge|[of] p2a: Nice Pecs\n|move|p1a: Slowbro|Future Sight|p2a: Nice Pecs\n|-start|p1a: Slowbro|move: Future Sight\n|\n|-heal|p1a: Slowbro|87\/100|[from] Grassy Terrain\n|upkeep\n|turn|9\n|\n|t:|1700144373\n|switch|p1a: Magnezone|Magnezone|100\/100\n|move|p2a: Nice Pecs|Knock Off|p1a: Magnezone\n|-damage|p1a: Magnezone|46\/100\n|-enditem|p1a: Magnezone|Choice Scarf|[from] move: Knock Off|[of] p2a: Nice Pecs\n|-damage|p2a: Nice Pecs|91\/100|[from] item: Life Orb\n|\n|-heal|p1a: Magnezone|52\/100|[from] Grassy Terrain\n|-heal|p2a: Nice Pecs|97\/100|[from] Grassy Terrain\n|upkeep\n|turn|10\n|\n|t:|1700144395\n|move|p1a: Magnezone|Hidden Power|p2a: Nice Pecs\n|-supereffective|p2a: Nice Pecs\n|-damage|p2a: Nice Pecs|50\/100\n|move|p2a: Nice Pecs|High Horsepower|p1a: Magnezone\n|-supereffective|p1a: Magnezone\n|-damage|p1a: Magnezone|0 fnt\n|faint|p1a: Magnezone\n|-damage|p2a: Nice Pecs|40\/100|[from] item: Life Orb\n|\n|-end|p2a: Nice Pecs|move: Future Sight\n|-crit|p2a: Nice Pecs\n|-damage|p2a: Nice Pecs|0 fnt\n|faint|p2a: Nice Pecs\n|upkeep\n|\n|t:|1700144409\n|switch|p1a: Chansey|Chansey, F|100\/100\n|switch|p2a: Harder|Urshifu-Rapid-Strike, M|100\/100\n|turn|11\n|\n|t:|1700144418\n|switch|p1a: Slowbro|Slowbro, F|100\/100\n|move|p2a: Harder|U-turn|p1a: Slowbro\n|-supereffective|p1a: Slowbro\n|-damage|p1a: Slowbro|70\/100\n|\n|t:|1700144423\n|switch|p2a: Furry Bear|Pangoro, M|100\/100|[from] U-turn\n|\n|-heal|p1a: Slowbro|76\/100|[from] Grassy Terrain\n|upkeep\n|turn|12\n|\n|t:|1700144431\n|switch|p1a: Gliscor|Gliscor, F|100\/100 tox\n|move|p2a: Furry Bear|Knock Off|p1a: Gliscor\n|-damage|p1a: Gliscor|32\/100 tox\n|-enditem|p1a: Gliscor|Toxic Orb|[from] move: Knock Off|[of] p2a: Furry Bear\n|\n|-heal|p1a: Gliscor|45\/100 tox|[from] ability: Poison Heal\n|-fieldend|move: Grassy Terrain\n|upkeep\n|turn|13\n|\n|t:|1700144441\n|switch|p2a: Harder|Urshifu-Rapid-Strike, M|100\/100\n|move|p1a: Gliscor|Roost|p1a: Gliscor\n|-heal|p1a: Gliscor|95\/100 tox\n|-singleturn|p1a: Gliscor|move: Roost\n|\n|-heal|p1a: Gliscor|100\/100 tox|[from] ability: Poison Heal\n|upkeep\n|turn|14\n|\n|t:|1700144462\n|switch|p1a: Slowbro|Slowbro, F|100\/100\n|move|p2a: Harder|U-turn|p1a: Slowbro\n|-supereffective|p1a: Slowbro\n|-damage|p1a: Slowbro|68\/100\n|\n|t:|1700144467\n|switch|p2a: Furry Bear|Pangoro, M|100\/100|[from] U-turn\n|\n|upkeep\n|turn|15\n|inactive|SloowK_eZZ has 120 seconds left.\n|\n|t:|1700144516\n|-terastallize|p1a: Slowbro|Water\n|move|p2a: Furry Bear|Ice Punch|p1a: Slowbro\n|-resisted|p1a: Slowbro\n|-damage|p1a: Slowbro|54\/100\n|move|p1a: Slowbro|Teleport|p1a: Slowbro\n|\n|t:|1700144529\n|switch|p1a: Kartana|Kartana|100\/100|[from] Teleport\n|\n|upkeep\n|turn|16\n|\n|t:|1700144535\n|switch|p2a: Harder|Urshifu-Rapid-Strike, M|100\/100\n|move|p1a: Kartana|Sacred Sword|p2a: Harder\n|-immune|p2a: Harder\n|\n|upkeep\n|turn|17\n|\n|t:|1700144543\n|switch|p1a: Slowbro|Slowbro, F, tera:Water|87\/100\n|move|p2a: Harder|Flamethrower|p1a: Slowbro\n|-resisted|p1a: Slowbro\n|-damage|p1a: Slowbro|61\/100\n|\n|upkeep\n|turn|18\n|\n|t:|1700144551\n|switch|p2a: Harder|Urshifu-Rapid-Strike, M|100\/100\n|move|p1a: Slowbro|Future Sight|p2a: Harder\n|-start|p1a: Slowbro|move: Future Sight\n|\n|upkeep\n|turn|19\n|inactive|SloowK_eZZ has 120 seconds left.\n|\n|t:|1700144570\n|move|p2a: Harder|U-turn|p1a: Slowbro\n|-damage|p1a: Slowbro|46\/100\n|\n|t:|1700144574\n|switch|p2a: Furry Bear|Pangoro, M|100\/100|[from] U-turn\n|move|p1a: Slowbro|Slack Off|p1a: Slowbro\n|-heal|p1a: Slowbro|96\/100\n|\n|upkeep\n|turn|20\n|\n|t:|1700144581\n|move|p2a: Furry Bear|Hammer Arm|p1a: Slowbro\n|-damage|p1a: Slowbro|35\/100\n|-unboost|p2a: Furry Bear|spe|1\n|move|p1a: Slowbro|Teleport|p1a: Slowbro\n|\n|t:|1700144585\n|switch|p1a: Kartana|Kartana|100\/100|[from] Teleport\n|\n|-end|p2a: Furry Bear|move: Future Sight\n|-immune|p2a: Furry Bear\n|upkeep\n|turn|21\n|\n|t:|1700144592\n|move|p1a: Kartana|Leaf Blade|p2a: Furry Bear\n|-damage|p2a: Furry Bear|6\/100\n|move|p2a: Furry Bear|Hammer Arm|p1a: Kartana|[miss]\n|-miss|p2a: Furry Bear|p1a: Kartana\n|\n|upkeep\n|turn|22\n|\n|t:|1700144603\n|switch|p2a: Hot Daddy|Incineroar, M|100\/100\n|-ability|p2a: Hot Daddy|Intimidate|boost\n|-unboost|p1a: Kartana|atk|1\n|move|p1a: Kartana|Leaf Blade|p2a: Hot Daddy\n|-resisted|p2a: Hot Daddy\n|-damage|p2a: Hot Daddy|80\/100\n|\n|upkeep\n|turn|23\n|\n|t:|1700144611\n|switch|p1a: Gliscor|Gliscor, F|100\/100 tox\n|move|p2a: Hot Daddy|Knock Off|p1a: Gliscor\n|-damage|p1a: Gliscor|81\/100 tox\n|\n|-heal|p1a: Gliscor|93\/100 tox|[from] ability: Poison Heal\n|upkeep\n|turn|24\n|\n|t:|1700144621\n|move|p1a: Gliscor|U-turn|p2a: Hot Daddy\n|-damage|p2a: Hot Daddy|70\/100\n|\n|t:|1700144626\n|switch|p1a: Slowbro|Slowbro, F, tera:Water|68\/100|[from] U-turn\n|move|p2a: Hot Daddy|U-turn|p1a: Slowbro\n|-damage|p1a: Slowbro|58\/100\n|\n|t:|1700144635\n|switch|p2a: Hot Daddy|Incineroar, M|100\/100|[from] U-turn\n|\n|upkeep\n|turn|25\n|\n|t:|1700144640\n|switch|p1a: Chansey|Chansey, F|100\/100\n|move|p2a: Hot Daddy|Tera Blast|p1a: Chansey\n|-damage|p1a: Chansey|83\/100\n|\n|upkeep\n|turn|26\n|\n|t:|1700144648\n|switch|p2a: Furry Bear|Pangoro, M|6\/100\n|move|p1a: Chansey|Toxic|p2a: Furry Bear\n|-status|p2a: Furry Bear|tox\n|\n|-damage|p2a: Furry Bear|0 fnt|[from] psn\n|faint|p2a: Furry Bear\n|upkeep\n|\n|t:|1700144658\n|switch|p2a: Harder|Urshifu-Rapid-Strike, M|100\/100\n|turn|27\n|\n|t:|1700144663\n|switch|p1a: Slowbro|Slowbro, F, tera:Water|91\/100\n|move|p2a: Harder|Close Combat|p1a: Slowbro\n|-damage|p1a: Slowbro|48\/100\n|-unboost|p2a: Harder|def|1\n|-unboost|p2a: Harder|spd|1\n|\n|upkeep\n|turn|28\n|\n|t:|1700144670\n|move|p2a: Harder|Close Combat|p1a: Slowbro\n|-damage|p1a: Slowbro|9\/100\n|-unboost|p2a: Harder|def|1\n|-unboost|p2a: Harder|spd|1\n|move|p1a: Slowbro|Teleport|p1a: Slowbro\n|\n|t:|1700144675\n|switch|p1a: Kartana|Kartana|100\/100|[from] Teleport\n|\n|upkeep\n|turn|29\n|\n|t:|1700144678\n|switch|p2a: Hot Daddy|Incineroar, M|70\/100\n|-ability|p2a: Hot Daddy|Intimidate|boost\n|-unboost|p1a: Kartana|atk|1\n|move|p1a: Kartana|Leaf Blade|p2a: Hot Daddy\n|-resisted|p2a: Hot Daddy\n|-crit|p2a: Hot Daddy\n|-damage|p2a: Hot Daddy|28\/100\n|\n|upkeep\n|turn|30\n|\n|t:|1700144698\n|switch|p1a: Gliscor|Gliscor, F|93\/100 tox\n|move|p2a: Hot Daddy|Fake Out|p1a: Gliscor\n|-damage|p1a: Gliscor|84\/100 tox\n|\n|-heal|p1a: Gliscor|97\/100 tox|[from] ability: Poison Heal\n|upkeep\n|turn|31\n|\n|t:|1700144705\n|switch|p2a: Harder|Urshifu-Rapid-Strike, M|100\/100\n|move|p1a: Gliscor|Earthquake|p2a: Harder\n|-damage|p2a: Harder|69\/100\n|\n|-heal|p1a: Gliscor|100\/100 tox|[from] ability: Poison Heal\n|upkeep\n|turn|32\n|\n|t:|1700144718\n|move|p2a: Harder|Close Combat|p1a: Gliscor\n|-resisted|p1a: Gliscor\n|-damage|p1a: Gliscor|74\/100 tox\n|-unboost|p2a: Harder|def|1\n|-unboost|p2a: Harder|spd|1\n|move|p1a: Gliscor|U-turn|p2a: Harder\n|-resisted|p2a: Harder\n|-damage|p2a: Harder|57\/100\n|\n|t:|1700144722\n|switch|p1a: Kartana|Kartana|100\/100|[from] U-turn\n|\n|upkeep\n|turn|33\n|\n|t:|1700144725\n|move|p2a: Harder|Close Combat|p1a: Kartana\n|-supereffective|p1a: Kartana\n|-damage|p1a: Kartana|0 fnt\n|-unboost|p2a: Harder|def|1\n|-unboost|p2a: Harder|spd|1\n|faint|p1a: Kartana\n|\n|upkeep\n|\n|t:|1700144736\n|switch|p1a: Gliscor|Gliscor, F|74\/100 tox\n|turn|34\n|\n|t:|1700144742\n|switch|p2a: Hot Daddy|Incineroar, M|28\/100\n|-ability|p2a: Hot Daddy|Intimidate|boost\n|-unboost|p1a: Gliscor|atk|1\n|move|p1a: Gliscor|Earthquake|p2a: Hot Daddy\n|-supereffective|p2a: Hot Daddy\n|-damage|p2a: Hot Daddy|0 fnt\n|faint|p2a: Hot Daddy\n|\n|-heal|p1a: Gliscor|86\/100 tox|[from] ability: Poison Heal\n|upkeep\n|\n|t:|1700144746\n|switch|p2a: Harder|Urshifu-Rapid-Strike, M|57\/100\n|turn|35\n|\n|t:|1700144756\n|switch|p1a: Slowbro|Slowbro, F, tera:Water|42\/100\n|move|p2a: Harder|U-turn|p1a: Slowbro\n|-damage|p1a: Slowbro|26\/100\n|\n|t:|1700144760\n|switch|p2a: FurSuit|Zeraora|100\/100|[from] U-turn\n|\n|upkeep\n|turn|36\n|\n|t:|1700144765\n|switch|p1a: Gliscor|Gliscor, F|86\/100 tox\n|move|p2a: FurSuit|Shadow Ball|p1a: Gliscor\n|-damage|p1a: Gliscor|20\/100 tox\n|\n|-heal|p1a: Gliscor|32\/100 tox|[from] ability: Poison Heal\n|upkeep\n|turn|37\n|\n|t:|1700144771\n|switch|p2a: Harder|Urshifu-Rapid-Strike, M|57\/100\n|switch|p1a: Chansey|Chansey, F|83\/100\n|\n|upkeep\n|turn|38\n|\n|t:|1700144776\n|move|p2a: Harder|Surging Strikes|p1a: Chansey\n|-crit|p1a: Chansey\n|-damage|p1a: Chansey|69\/100\n|-crit|p1a: Chansey\n|-damage|p1a: Chansey|55\/100\n|-crit|p1a: Chansey\n|-damage|p1a: Chansey|41\/100\n|-hitcount|p1a: Chansey|3\n|move|p1a: Chansey|Toxic|p2a: Harder|[miss]\n|-miss|p1a: Chansey|p2a: Harder\n|\n|upkeep\n|turn|39\n|c|\u2606TheSlowbroGuy|bruh thats THICC\n|\n|t:|1700144802\n|switch|p2a: FurSuit|Zeraora|100\/100\n|move|p1a: Chansey|Toxic|p2a: FurSuit\n|-status|p2a: FurSuit|tox\n|\n|-damage|p2a: FurSuit|95\/100 tox|[from] psn\n|upkeep\n|turn|40\n|\n|t:|1700144816\n|switch|p1a: Slowbro|Slowbro, F, tera:Water|59\/100\n|move|p2a: FurSuit|Tera Blast|p1a: Slowbro\n|-damage|p1a: Slowbro|0 fnt\n|faint|p1a: Slowbro\n|\n|-damage|p2a: FurSuit|83\/100 tox|[from] psn\n|upkeep\n|inactive|SloowK_eZZ has 120 seconds left.\n|\n|t:|1700144828\n|switch|p1a: Chansey|Chansey, F|41\/100\n|turn|41\n|\n|t:|1700144832\n|switch|p2a: Harder|Urshifu-Rapid-Strike, M|57\/100\n|move|p1a: Chansey|Soft-Boiled|p1a: Chansey\n|-heal|p1a: Chansey|91\/100\n|\n|upkeep\n|turn|42\n|\n|t:|1700144839\n|move|p2a: Harder|Close Combat|p1a: Chansey\n|-supereffective|p1a: Chansey\n|-damage|p1a: Chansey|0 fnt\n|-unboost|p2a: Harder|def|1\n|-unboost|p2a: Harder|spd|1\n|faint|p1a: Chansey\n|\n|upkeep\n|\n|t:|1700144841\n|switch|p1a: Gliscor|Gliscor, F|32\/100 tox\n|turn|43\n|\n|t:|1700144847\n|switch|p2a: FurSuit|Zeraora|83\/100 tox\n|move|p1a: Gliscor|Roost|p1a: Gliscor\n|-heal|p1a: Gliscor|82\/100 tox\n|-singleturn|p1a: Gliscor|move: Roost\n|\n|-damage|p2a: FurSuit|77\/100 tox|[from] psn\n|-heal|p1a: Gliscor|95\/100 tox|[from] ability: Poison Heal\n|upkeep\n|turn|44\n|\n|t:|1700144854\n|move|p2a: FurSuit|Tera Blast|p1a: Gliscor\n|-damage|p1a: Gliscor|29\/100 tox\n|move|p1a: Gliscor|Earthquake|p2a: FurSuit\n|-damage|p2a: FurSuit|6\/100 tox\n|replace|p2a: Twink|Zoroark-Hisui, M, shiny\n|-end|p2a: Twink|Illusion\n|\n|-damage|p2a: Twink|0 fnt|[from] psn\n|faint|p2a: Twink\n|-heal|p1a: Gliscor|42\/100 tox|[from] ability: Poison Heal\n|upkeep\n|\n|t:|1700144857\n|switch|p2a: Harder|Urshifu-Rapid-Strike, M|57\/100\n|turn|45\n|\n|t:|1700144864\n|move|p2a: Harder|Surging Strikes|p1a: Gliscor\n|-supereffective|p1a: Gliscor\n|-crit|p1a: Gliscor\n|-damage|p1a: Gliscor|6\/100 tox\n|-supereffective|p1a: Gliscor\n|-crit|p1a: Gliscor\n|-damage|p1a: Gliscor|0 fnt\n|faint|p1a: Gliscor\n|-hitcount|p1: Gliscor|2\n|\n|win|TheSlowbroGuy\n|raw|SloowK_eZZ's rating: 1423 &rarr; <strong>1403<\/strong><br \/>(-20 for losing)\n|raw|TheSlowbroGuy's rating: 1426 &rarr; <strong>1446<\/strong><br \/>(+20 for winning)\n|c|\u2606TheSlowbroGuy|gg\n|l|\u2606SloowK_eZZ\n","uploadtime":1700144889,"views":8,"p1id":"sloowkezz","p2id":"theslowbroguy","formatid":"gen9nationaldex","rating":1403,"private":0,"password":""}