{"id":"gen9nationaldex-1992401826","p1":"Fusrudah","p2":"1Jacklot","format":"[Gen 9] National Dex","log":"|j|\u2606Fusrudah\n|j|\u26061Jacklot\n|t:|1700183345\n|gametype|singles\n|player|p1|Fusrudah|veteran|1241\n|player|p2|1Jacklot|hilda|1155\n|teamsize|p1|6\n|teamsize|p2|6\n|gen|9\n|tier|[Gen 9] National Dex\n|rated|\n|rule|HP Percentage Mod: HP is shown in percentages\n|rule|Endless Battle Clause: Forcing endless battles is banned\n|rule|OHKO Clause: OHKO moves are banned\n|rule|Evasion Clause: Evasion abilities, items, and moves are banned\n|rule|Evasion Abilities Clause: Evasion abilities are banned\n|rule|Evasion Items Clause: Evasion items are banned\n|rule|Evasion Moves Clause: Evasion moves are banned\n|rule|Species Clause: Limit one of each Pok\u00e9mon\n|rule|Sleep Clause Mod: Limit one foe put to sleep\n|clearpoke\n|poke|p1|Tapu Lele|\n|poke|p1|Zamazenta-*|\n|poke|p1|Rotom-Wash|\n|poke|p1|Tapu Koko|\n|poke|p1|Heatran, M|\n|poke|p1|Scizor, F|\n|poke|p2|Samurott, F|\n|poke|p2|Leavanny, M|\n|poke|p2|Unfezant, F|\n|poke|p2|Gigalith, M|\n|poke|p2|Galvantula, F|\n|poke|p2|Haxorus, M|\n|teampreview\n|\n|t:|1700183354\n|start\n|switch|p1a: Scizor|Scizor, F|100\/100\n|switch|p2a: Gigalith|Gigalith, M|100\/100\n|-weather|Sandstorm|[from] ability: Sand Stream|[of] p2a: Gigalith\n|turn|1\n|\n|t:|1700183362\n|detailschange|p1a: Scizor|Scizor-Mega, F\n|-mega|p1a: Scizor|Scizor|Scizorite\n|move|p1a: Scizor|Trailblaze|p2a: Gigalith\n|-supereffective|p2a: Gigalith\n|-damage|p2a: Gigalith|51\/100\n|-boost|p1a: Scizor|spe|1\n|-enditem|p2a: Gigalith|Weakness Policy\n|-boost|p2a: Gigalith|atk|2|[from] item: Weakness Policy\n|-boost|p2a: Gigalith|spa|2|[from] item: Weakness Policy\n|move|p2a: Gigalith|Earthquake|p1a: Scizor\n|-damage|p1a: Scizor|37\/100\n|\n|-weather|Sandstorm|[upkeep]\n|upkeep\n|turn|2\n|\n|t:|1700183374\n|-terastallize|p2a: Gigalith|Dragon\n|move|p1a: Scizor|Trailblaze|p2a: Gigalith\n|-resisted|p2a: Gigalith\n|-damage|p2a: Gigalith|39\/100\n|-boost|p1a: Scizor|spe|1\n|move|p2a: Gigalith|Earthquake|p1a: Scizor\n|-damage|p1a: Scizor|0 fnt\n|faint|p1a: Scizor\n|\n|-weather|Sandstorm|[upkeep]\n|-damage|p2a: Gigalith|33\/100|[from] Sandstorm\n|upkeep\n|\n|t:|1700183389\n|switch|p1a: Rotom|Rotom-Wash|100\/100\n|turn|3\n|\n|t:|1700183396\n|move|p1a: Rotom|Thunder Wave|p2a: Gigalith|[miss]\n|-miss|p1a: Rotom|p2a: Gigalith\n|move|p2a: Gigalith|Rock Slide|p1a: Rotom\n|-damage|p1a: Rotom|1\/100\n|\n|-weather|Sandstorm|[upkeep]\n|-damage|p1a: Rotom|0 fnt|[from] Sandstorm\n|-damage|p2a: Gigalith|26\/100|[from] Sandstorm\n|faint|p1a: Rotom\n|upkeep\n|\n|t:|1700183406\n|switch|p1a: Tapu Lele|Tapu Lele|100\/100\n|-fieldstart|move: Psychic Terrain|[from] ability: Psychic Surge|[of] p1a: Tapu Lele\n|turn|4\n|c|\u26061Jacklot|Get gigalithed'\n|\n|t:|1700183411\n|move|p1a: Tapu Lele|Iron Defense|p1a: Tapu Lele\n|-boost|p1a: Tapu Lele|def|2\n|move|p2a: Gigalith|Heavy Slam|p1a: Tapu Lele\n|-supereffective|p1a: Tapu Lele\n|-damage|p1a: Tapu Lele|0 fnt\n|faint|p1a: Tapu Lele\n|\n|-weather|Sandstorm|[upkeep]\n|-damage|p2a: Gigalith|20\/100|[from] Sandstorm\n|upkeep\n|\n|t:|1700183421\n|switch|p1a: Tapu Koko|Tapu Koko|100\/100\n|-fieldstart|move: Electric Terrain|[from] ability: Electric Surge|[of] p1a: Tapu Koko\n|turn|5\n|c|\u26061Jacklot|Cant get greedy with this bad boi\n|\n|t:|1700183426\n|move|p2a: Gigalith|Protect|p2a: Gigalith\n|-singleturn|p2a: Gigalith|Protect\n|move|p1a: Tapu Koko|Dazzling Gleam|p2a: Gigalith\n|-activate|p2a: Gigalith|move: Protect\n|\n|-weather|none\n|upkeep\n|turn|6\n|\n|t:|1700183432\n|move|p1a: Tapu Koko|Dazzling Gleam|p2a: Gigalith\n|-supereffective|p2a: Gigalith\n|-damage|p2a: Gigalith|0 fnt\n|faint|p2a: Gigalith\n|\n|upkeep\n|c|\u2606Fusrudah|Impressive\n|\n|t:|1700183450\n|switch|p2a: Leavanny|Leavanny, M|100\/100\n|turn|7\n|\n|t:|1700183454\n|move|p1a: Tapu Koko|Dazzling Gleam|p2a: Leavanny\n|-damage|p2a: Leavanny|28\/100\n|move|p2a: Leavanny|Trailblaze|p1a: Tapu Koko\n|-damage|p1a: Tapu Koko|70\/100\n|-boost|p2a: Leavanny|spe|1\n|\n|upkeep\n|turn|8\n|\n|t:|1700183461\n|move|p2a: Leavanny|Knock Off|p1a: Tapu Koko\n|-resisted|p1a: Tapu Koko\n|-damage|p1a: Tapu Koko|49\/100\n|-enditem|p1a: Tapu Koko|Choice Specs|[from] move: Knock Off|[of] p2a: Leavanny\n|move|p1a: Tapu Koko|Dazzling Gleam|p2a: Leavanny\n|-damage|p2a: Leavanny|0 fnt\n|faint|p2a: Leavanny\n|\n|upkeep\n|\n|t:|1700183482\n|switch|p2a: Galvantula|Galvantula, F, shiny|100\/100\n|turn|9\n|\n|t:|1700183489\n|move|p1a: Tapu Koko|Hyper Voice|p2a: Galvantula\n|-damage|p2a: Galvantula|55\/100\n|move|p2a: Galvantula|Sticky Web|p1a: Tapu Koko\n|-sidestart|p1: Fusrudah|move: Sticky Web\n|\n|-fieldend|move: Electric Terrain\n|upkeep\n|turn|10\n|\n|t:|1700183494\n|move|p1a: Tapu Koko|Hyper Voice|p2a: Galvantula\n|-damage|p2a: Galvantula|10\/100\n|move|p2a: Galvantula|Bug Buzz|p1a: Tapu Koko\n|-resisted|p1a: Tapu Koko\n|-damage|p1a: Tapu Koko|20\/100\n|\n|upkeep\n|turn|11\n|\n|t:|1700183501\n|move|p1a: Tapu Koko|Hyper Voice|p2a: Galvantula\n|-damage|p2a: Galvantula|0 fnt\n|faint|p2a: Galvantula\n|\n|upkeep\n|\n|t:|1700183503\n|switch|p2a: Haxorus|Haxorus, M|100\/100\n|-ability|p2a: Haxorus|Mold Breaker\n|turn|12\n|\n|t:|1700183510\n|move|p2a: Haxorus|First Impression|p1a: Tapu Koko\n|-resisted|p1a: Tapu Koko\n|-damage|p1a: Tapu Koko|0 fnt\n|faint|p1a: Tapu Koko\n|\n|upkeep\n|\n|t:|1700183518\n|switch|p1a: Heatran|Heatran, M|100\/100\n|-activate|p1a: Heatran|move: Sticky Web\n|-unboost|p1a: Heatran|spe|1\n|turn|13\n|\n|t:|1700183528\n|switch|p2a: Samurott|Samurott, F|100\/100\n|move|p1a: Heatran|Flash Cannon|p2a: Samurott\n|-resisted|p2a: Samurott\n|-damage|p2a: Samurott|82\/100\n|\n|upkeep\n|turn|14\n|\n|t:|1700183539\n|move|p2a: Samurott|Hydro Pump|p1a: Heatran\n|-supereffective|p1a: Heatran\n|-damage|p1a: Heatran|12\/100\n|move|p1a: Heatran|Scorching Sands|p2a: Samurott\n|-damage|p2a: Samurott|61\/100\n|\n|upkeep\n|turn|15\n|c|\u26061Jacklot|Been using this gen 5 team for a while, keeping it updated. Very proud of it!\n|\n|t:|1700183560\n|move|p2a: Samurott|Sacred Sword|p1a: Heatran\n|-supereffective|p1a: Heatran\n|-damage|p1a: Heatran|0 fnt\n|-damage|p2a: Samurott|44\/100|[from] item: Rocky Helmet|[of] p1a: Heatran\n|faint|p1a: Heatran\n|\n|upkeep\n|c|\u2606Fusrudah|It's really good\n|\n|t:|1700183571\n|switch|p1a: Zamazenta|Zamazenta|100\/100\n|-activate|p1a: Zamazenta|move: Sticky Web\n|-unboost|p1a: Zamazenta|spe|1\n|-ability|p1a: Zamazenta|Dauntless Shield|boost\n|-boost|p1a: Zamazenta|def|1\n|turn|16\n|\n|t:|1700183579\n|move|p1a: Zamazenta|Iron Defense|p1a: Zamazenta\n|-boost|p1a: Zamazenta|def|2\n|move|p2a: Samurott|Grass Knot|p1a: Zamazenta\n|-damage|p1a: Zamazenta|60\/100\n|-damage|p2a: Samurott|28\/100|[from] item: Rocky Helmet|[of] p1a: Zamazenta\n|\n|upkeep\n|turn|17\n|\n|t:|1700183592\n|move|p1a: Zamazenta|Iron Defense|p1a: Zamazenta\n|-boost|p1a: Zamazenta|def|2\n|move|p2a: Samurott|Hydro Pump|p1a: Zamazenta\n|-damage|p1a: Zamazenta|8\/100\n|\n|upkeep\n|turn|18\n|\n|t:|1700183604\n|move|p1a: Zamazenta|Body Press|p2a: Samurott\n|-damage|p2a: Samurott|0 fnt\n|faint|p2a: Samurott\n|\n|upkeep\n|\n|t:|1700183607\n|switch|p2a: Haxorus|Haxorus, M|100\/100\n|-ability|p2a: Haxorus|Mold Breaker\n|turn|19\n|c|\u2606Fusrudah|Guess I'll die\n|\n|t:|1700183621\n|move|p2a: Haxorus|Outrage|p1a: Zamazenta\n|-damage|p1a: Zamazenta|0 fnt\n|-damage|p2a: Haxorus|84\/100|[from] item: Rocky Helmet|[of] p1a: Zamazenta\n|faint|p1a: Zamazenta\n|\n|win|1Jacklot\n|raw|Fusrudah's rating: 1241 &rarr; <strong>1210<\/strong><br \/>(-31 for losing)\n|raw|1Jacklot's rating: 1155 &rarr; <strong>1186<\/strong><br \/>(+31 for winning)\n|c|\u26061Jacklot|Gg wp!\n|c|\u2606Fusrudah|Thanks gg\n","uploadtime":1700183648,"views":4,"p1id":"fusrudah","p2id":"1jacklot","formatid":"gen9nationaldex","rating":1186,"private":0,"password":""}