{"id":"gen9nationaldex-1988973413","p1":"weirdnomad","p2":"links2345678","format":"[Gen 9] National Dex","log":"|j|\u203dweirdnomad\n|j|\u2606links2345678\n|t:|1699796816\n|gametype|singles\n|player|p1|weirdnomad|hiker-gen4|1496\n|player|p2|links2345678|170|1569\n|teamsize|p1|6\n|teamsize|p2|6\n|gen|9\n|tier|[Gen 9] National Dex\n|rated|\n|rule|HP Percentage Mod: HP is shown in percentages\n|rule|Endless Battle Clause: Forcing endless battles is banned\n|rule|OHKO Clause: OHKO moves are banned\n|rule|Evasion Clause: Evasion abilities, items, and moves are banned\n|rule|Evasion Abilities Clause: Evasion abilities are banned\n|rule|Evasion Items Clause: Evasion items are banned\n|rule|Evasion Moves Clause: Evasion moves are banned\n|rule|Species Clause: Limit one of each Pok\u00e9mon\n|rule|Sleep Clause Mod: Limit one foe put to sleep\n|clearpoke\n|poke|p1|Corviknight, M|\n|poke|p1|Mamoswine, M|\n|poke|p1|Azumarill, F|\n|poke|p1|Gengar, M|\n|poke|p1|Blaziken, M|\n|poke|p1|Hydreigon, F|\n|poke|p2|Aegislash, M|\n|poke|p2|Kommo-o, M|\n|poke|p2|Sneasler, M|\n|poke|p2|Blacephalon|\n|poke|p2|Pinsir, F|\n|poke|p2|Greninja-*, M|\n|teampreview\n|\n|t:|1699796840\n|start\n|switch|p1a: Azumarill|Azumarill, F, shiny|100\/100\n|switch|p2a: Pinsir|Pinsir, F|100\/100\n|turn|1\n|\n|t:|1699796847\n|switch|p1a: Corviknight|Corviknight, M|100\/100\n|-ability|p1a: Corviknight|Pressure\n|detailschange|p2a: Pinsir|Pinsir-Mega, F\n|-mega|p2a: Pinsir|Pinsir|Pinsirite\n|move|p2a: Pinsir|Swords Dance|p2a: Pinsir\n|-boost|p2a: Pinsir|atk|2\n|\n|upkeep\n|turn|2\n|\n|t:|1699796864\n|move|p2a: Pinsir|Close Combat|p1a: Corviknight\n|-damage|p1a: Corviknight|39\/100\n|-unboost|p2a: Pinsir|def|1\n|-unboost|p2a: Pinsir|spd|1\n|-damage|p2a: Pinsir|84\/100|[from] item: Rocky Helmet|[of] p1a: Corviknight\n|move|p1a: Corviknight|Brave Bird|p2a: Pinsir\n|-supereffective|p2a: Pinsir\n|-damage|p2a: Pinsir|0 fnt\n|faint|p2a: Pinsir\n|-damage|p1a: Corviknight|20\/100|[from] Recoil\n|\n|upkeep\n|\n|t:|1699796887\n|switch|p2a: Blacephalon|Blacephalon|100\/100\n|turn|3\n|\n|t:|1699796893\n|switch|p1a: Hydreigon|Hydreigon, F, shiny|100\/100\n|move|p2a: Blacephalon|Shadow Ball|p1a: Hydreigon\n|-resisted|p1a: Hydreigon\n|-crit|p1a: Hydreigon\n|-damage|p1a: Hydreigon|78\/100\n|\n|-heal|p1a: Hydreigon|84\/100|[from] item: Leftovers\n|upkeep\n|turn|4\n|\n|t:|1699796904\n|switch|p2a: Greninja|Greninja, M|100\/100\n|move|p1a: Hydreigon|Thunder Wave|p2a: Greninja|[miss]\n|-miss|p1a: Hydreigon|p2a: Greninja\n|\n|-heal|p1a: Hydreigon|90\/100|[from] item: Leftovers\n|upkeep\n|turn|5\n|\n|t:|1699796917\n|move|p2a: Greninja|Ice Beam|p1a: Hydreigon\n|-supereffective|p1a: Hydreigon\n|-damage|p1a: Hydreigon|33\/100\n|move|p1a: Hydreigon|Thunder Wave|p2a: Greninja\n|-status|p2a: Greninja|par\n|\n|-heal|p1a: Hydreigon|39\/100|[from] item: Leftovers\n|upkeep\n|turn|6\n|\n|t:|1699796930\n|move|p1a: Hydreigon|U-turn|p2a: Greninja\n|-supereffective|p2a: Greninja\n|-damage|p2a: Greninja|51\/100 par\n|\n|t:|1699796933\n|switch|p1a: Azumarill|Azumarill, F, shiny|100\/100|[from] U-turn\n|move|p2a: Greninja|Ice Beam|p1a: Azumarill\n|-resisted|p1a: Azumarill\n|-damage|p1a: Azumarill|78\/100\n|\n|upkeep\n|turn|7\n|\n|t:|1699796945\n|switch|p2a: Aegislash|Aegislash, M|100\/100\n|move|p1a: Azumarill|Liquidation|p2a: Aegislash\n|-damage|p2a: Aegislash|37\/100\n|\n|-heal|p2a: Aegislash|43\/100|[from] item: Leftovers\n|upkeep\n|turn|8\n|\n|t:|1699796954\n|switch|p1a: Corviknight|Corviknight, M|20\/100\n|-ability|p1a: Corviknight|Pressure\n|move|p2a: Aegislash|King's Shield||[still]\n|-fail|p2a: Aegislash\n|\n|-heal|p2a: Aegislash|49\/100|[from] item: Leftovers\n|upkeep\n|turn|9\n|\n|t:|1699796975\n|move|p2a: Aegislash|King's Shield|p2a: Aegislash\n|-singleturn|p2a: Aegislash|Protect\n|move|p1a: Corviknight|Roost|p1a: Corviknight\n|-heal|p1a: Corviknight|70\/100\n|-singleturn|p1a: Corviknight|move: Roost\n|\n|-heal|p2a: Aegislash|55\/100|[from] item: Leftovers\n|upkeep\n|turn|10\n|\n|t:|1699797007\n|move|p1a: Corviknight|U-turn|p2a: Aegislash\n|-resisted|p2a: Aegislash\n|-damage|p2a: Aegislash|52\/100\n|\n|t:|1699797013\n|switch|p1a: Blaziken|Blaziken, M|100\/100|[from] U-turn\n|-formechange|p2a: Aegislash|Aegislash-Blade||[from] ability: Stance Change\n|move|p2a: Aegislash|Shadow Ball|p1a: Blaziken\n|-damage|p1a: Blaziken|34\/100\n|\n|-heal|p2a: Aegislash|59\/100|[from] item: Leftovers\n|upkeep\n|turn|11\n|\n|t:|1699797027\n|move|p1a: Blaziken|Flare Blitz|p2a: Aegislash\n|-supereffective|p2a: Aegislash\n|-damage|p2a: Aegislash|0 fnt\n|faint|p2a: Aegislash\n|-damage|p1a: Blaziken|14\/100|[from] Recoil\n|\n|-ability|p1a: Blaziken|Speed Boost|boost\n|-boost|p1a: Blaziken|spe|1\n|upkeep\n|\n|t:|1699797038\n|switch|p2a: Sneasler|Sneasler, M|100\/100\n|turn|12\n|\n|t:|1699797050\n|move|p1a: Blaziken|Protect|p1a: Blaziken\n|-singleturn|p1a: Blaziken|Protect\n|move|p2a: Sneasler|Fake Out|p1a: Blaziken\n|-activate|p1a: Blaziken|move: Protect\n|\n|-ability|p1a: Blaziken|Speed Boost|boost\n|-boost|p1a: Blaziken|spe|1\n|upkeep\n|turn|13\n|\n|t:|1699797058\n|move|p1a: Blaziken|Flare Blitz|p2a: Sneasler\n|-damage|p2a: Sneasler|0 fnt\n|faint|p2a: Sneasler\n|-damage|p1a: Blaziken|0 fnt|[from] Recoil\n|faint|p1a: Blaziken\n|\n|upkeep\n|\n|t:|1699797069\n|switch|p2a: Kommo-o|Kommo-o, M|100\/100\n|switch|p1a: Azumarill|Azumarill, F, shiny|78\/100\n|turn|14\n|\n|t:|1699797092\n|switch|p2a: Greninja|Greninja, M|51\/100 par\n|move|p1a: Azumarill|Play Rough|p2a: Greninja\n|-supereffective|p2a: Greninja\n|-damage|p2a: Greninja|0 fnt\n|faint|p2a: Greninja\n|\n|upkeep\n|\n|t:|1699797132\n|switch|p2a: Blacephalon|Blacephalon|100\/100\n|turn|15\n|\n|t:|1699797138\n|switch|p1a: Mamoswine|Mamoswine, M|100\/100\n|-terastallize|p2a: Blacephalon|Ghost\n|move|p2a: Blacephalon|Shadow Ball|p1a: Mamoswine\n|-damage|p1a: Mamoswine|56\/100\n|\n|upkeep\n|turn|16\n|\n|t:|1699797149\n|switch|p2a: Kommo-o|Kommo-o, M|100\/100\n|move|p1a: Mamoswine|Earthquake|p2a: Kommo-o\n|-damage|p2a: Kommo-o|44\/100\n|\n|upkeep\n|turn|17\n|\n|t:|1699797158\n|-zpower|p2a: Kommo-o\n|move|p2a: Kommo-o|Clangorous Soulblaze|p1a: Mamoswine|[zeffect]\n|-damage|p1a: Mamoswine|2\/100\n|-boost|p2a: Kommo-o|atk|1\n|-boost|p2a: Kommo-o|def|1\n|-boost|p2a: Kommo-o|spa|1\n|-boost|p2a: Kommo-o|spd|1\n|-boost|p2a: Kommo-o|spe|1\n|move|p1a: Mamoswine|Earthquake|p2a: Kommo-o\n|-damage|p2a: Kommo-o|6\/100\n|\n|upkeep\n|turn|18\n|\n|t:|1699797172\n|move|p1a: Mamoswine|Ice Shard|p2a: Kommo-o\n|-supereffective|p2a: Kommo-o\n|-damage|p2a: Kommo-o|0 fnt\n|faint|p2a: Kommo-o\n|\n|upkeep\n|\n|t:|1699797177\n|switch|p2a: Blacephalon|Blacephalon, tera:Ghost|100\/100\n|turn|19\n|\n|t:|1699797195\n|switch|p1a: Hydreigon|Hydreigon, F, shiny|39\/100\n|move|p2a: Blacephalon|Shadow Ball|p1a: Hydreigon\n|-resisted|p1a: Hydreigon\n|-damage|p1a: Hydreigon|17\/100\n|\n|-heal|p1a: Hydreigon|23\/100|[from] item: Leftovers\n|upkeep\n|turn|20\n|\n|t:|1699797204\n|move|p2a: Blacephalon|Shadow Ball|p1a: Hydreigon\n|-resisted|p1a: Hydreigon\n|-damage|p1a: Hydreigon|2\/100\n|-unboost|p1a: Hydreigon|spd|1\n|move|p1a: Hydreigon|U-turn|p2a: Blacephalon\n|-resisted|p2a: Blacephalon\n|-damage|p2a: Blacephalon|83\/100\n|\n|t:|1699797214\n|switch|p1a: Azumarill|Azumarill, F, shiny|78\/100|[from] U-turn\n|\n|upkeep\n|turn|21\n|\n|t:|1699797225\n|-terastallize|p1a: Azumarill|Fighting\n|move|p2a: Blacephalon|Shadow Ball|p1a: Azumarill\n|-damage|p1a: Azumarill|19\/100\n|move|p1a: Azumarill|Liquidation|p2a: Blacephalon\n|-damage|p2a: Blacephalon|0 fnt\n|faint|p2a: Blacephalon\n|\n|win|weirdnomad\n|raw|weirdnomad's rating: 1496 &rarr; <strong>1520<\/strong><br \/>(+24 for winning)\n|raw|links2345678's rating: 1569 &rarr; <strong>1545<\/strong><br \/>(-24 for losing)\n","uploadtime":1699797240,"views":8,"p1id":"weirdnomad","p2id":"links2345678","formatid":"gen9nationaldex","rating":1520,"private":0,"password":""}