{"id":"gen9nationaldex-2000638070","p1":"Jumeninja","p2":"PLAYB0I R0BBIE B","format":"[Gen 9] National Dex","log":"|html|<div class=\"broadcast-blue\"><strong>[Gen 9] National Dex is currently suspecting Sneasler! For information on how to participate check out the <a href=\"https:\/\/www.smogon.com\/forums\/threads\/sv-national-dex-suspect-8-just-dance.3731534\/\">suspect thread<\/a>.<\/strong><\/div>\n|j|\u2606Jumeninja\n|j|\u2606PLAYB0I R0BBIE B\n|t:|1701213205\n|gametype|singles\n|player|p1|Jumeninja|pokemonrangerf-gen4|1270\n|player|p2|PLAYB0I R0BBIE B|eusine|1325\n|teamsize|p1|6\n|teamsize|p2|6\n|gen|9\n|tier|[Gen 9] National Dex\n|rated|\n|rule|HP Percentage Mod: HP is shown in percentages\n|rule|Endless Battle Clause: Forcing endless battles is banned\n|rule|OHKO Clause: OHKO moves are banned\n|rule|Evasion Clause: Evasion abilities, items, and moves are banned\n|rule|Evasion Abilities Clause: Evasion abilities are banned\n|rule|Evasion Items Clause: Evasion items are banned\n|rule|Evasion Moves Clause: Evasion moves are banned\n|rule|Species Clause: Limit one of each Pok\u00e9mon\n|rule|Sleep Clause Mod: Limit one foe put to sleep\n|clearpoke\n|poke|p1|Ogerpon-Cornerstone, F|\n|poke|p1|Enamorus, F|\n|poke|p1|Alomomola, M|\n|poke|p1|Slowking-Galar, F|\n|poke|p1|Excadrill, M|\n|poke|p1|Tyranitar, M|\n|poke|p2|Latias, F|\n|poke|p2|Skeledirge, F|\n|poke|p2|Clefable, F|\n|poke|p2|Ferrothorn, F|\n|poke|p2|Gliscor, F|\n|poke|p2|Tornadus-Therian, M|\n|teampreview\n|\n|t:|1701213212\n|start\n|switch|p1a: Enamorus|Enamorus, F|100\/100\n|switch|p2a: Ferrothorn|Ferrothorn, F|100\/100\n|turn|1\n|\n|t:|1701213217\n|move|p1a: Enamorus|Mystical Fire|p2a: Ferrothorn\n|-supereffective|p2a: Ferrothorn\n|-damage|p2a: Ferrothorn|33\/100\n|-unboost|p2a: Ferrothorn|spa|1\n|move|p2a: Ferrothorn|Stealth Rock|p1a: Enamorus\n|-sidestart|p1: Jumeninja|move: Stealth Rock\n|\n|-heal|p2a: Ferrothorn|39\/100|[from] item: Leftovers\n|upkeep\n|turn|2\n|\n|t:|1701213225\n|switch|p1a: Excadrill|Excadrill, M|100\/100\n|-damage|p1a: Excadrill|97\/100|[from] Stealth Rock\n|switch|p2a: Gliscor|Gliscor, F|100\/100\n|\n|-heal|p1a: Excadrill|100\/100|[from] item: Leftovers\n|-status|p2a: Gliscor|tox|[from] item: Toxic Orb\n|upkeep\n|turn|3\n|\n|t:|1701213237\n|-terastallize|p1a: Excadrill|Ground\n|move|p1a: Excadrill|Rapid Spin|p2a: Gliscor\n|-damage|p2a: Gliscor|86\/100 tox\n|-boost|p1a: Excadrill|spe|1\n|-sideend|p1: Jumeninja|Stealth Rock|[from] move: Rapid Spin|[of] p1a: Excadrill\n|move|p2a: Gliscor|Earthquake|p1a: Excadrill\n|-damage|p1a: Excadrill|57\/100\n|\n|-heal|p1a: Excadrill|63\/100|[from] item: Leftovers\n|-heal|p2a: Gliscor|98\/100 tox|[from] ability: Poison Heal\n|upkeep\n|turn|4\n|\n|t:|1701213245\n|move|p1a: Excadrill|Swords Dance|p1a: Excadrill\n|-boost|p1a: Excadrill|atk|2\n|move|p2a: Gliscor|Toxic|p1a: Excadrill\n|-status|p1a: Excadrill|tox\n|\n|-heal|p1a: Excadrill|69\/100 tox|[from] item: Leftovers\n|-damage|p1a: Excadrill|63\/100 tox|[from] psn\n|-heal|p2a: Gliscor|100\/100 tox|[from] ability: Poison Heal\n|upkeep\n|turn|5\n|\n|t:|1701213251\n|switch|p2a: Clefable|Clefable, F|100\/100\n|move|p1a: Excadrill|Iron Head|p2a: Clefable\n|-supereffective|p2a: Clefable\n|-damage|p2a: Clefable|0 fnt\n|-damage|p1a: Excadrill|47\/100 tox|[from] item: Rocky Helmet|[of] p2a: Clefable\n|faint|p2a: Clefable\n|\n|-heal|p1a: Excadrill|53\/100 tox|[from] item: Leftovers\n|-damage|p1a: Excadrill|41\/100 tox|[from] psn\n|upkeep\n|\n|t:|1701213258\n|switch|p2a: Latias|Latias, F|100\/100\n|turn|6\n|\n|t:|1701213268\n|detailschange|p2a: Latias|Latias-Mega, F\n|-mega|p2a: Latias|Latias|Latiasite\n|move|p1a: Excadrill|Iron Head|p2a: Latias\n|-damage|p2a: Latias|25\/100\n|move|p2a: Latias|Roost|p2a: Latias\n|-heal|p2a: Latias|75\/100\n|-singleturn|p2a: Latias|move: Roost\n|\n|-heal|p1a: Excadrill|47\/100 tox|[from] item: Leftovers\n|-damage|p1a: Excadrill|28\/100 tox|[from] psn\n|upkeep\n|turn|7\n|\n|t:|1701213279\n|switch|p2a: Gliscor|Gliscor, F|100\/100 tox\n|move|p1a: Excadrill|Iron Head|p2a: Gliscor\n|-damage|p2a: Gliscor|29\/100 tox\n|\n|-heal|p1a: Excadrill|35\/100 tox|[from] item: Leftovers\n|-damage|p1a: Excadrill|10\/100 tox|[from] psn\n|-heal|p2a: Gliscor|41\/100 tox|[from] ability: Poison Heal\n|upkeep\n|turn|8\n|\n|t:|1701213283\n|move|p1a: Excadrill|Iron Head|p2a: Gliscor\n|-crit|p2a: Gliscor\n|-damage|p2a: Gliscor|0 fnt\n|faint|p2a: Gliscor\n|\n|-heal|p1a: Excadrill|16\/100 tox|[from] item: Leftovers\n|-damage|p1a: Excadrill|0 fnt|[from] psn\n|faint|p1a: Excadrill\n|upkeep\n|\n|t:|1701213294\n|switch|p1a: Alomomola|Alomomola, M, shiny|100\/100\n|switch|p2a: Latias|Latias-Mega, F|75\/100\n|turn|9\n|inactive|Battle timer is ON: inactive players will automatically lose when time's up. (requested by PLAYB0I R0BBIE B)\n|\n|t:|1701213313\n|move|p2a: Latias|Calm Mind|p2a: Latias\n|-boost|p2a: Latias|spa|1\n|-boost|p2a: Latias|spd|1\n|move|p1a: Alomomola|Knock Off|p2a: Latias\n|-supereffective|p2a: Latias\n|-damage|p2a: Latias|54\/100\n|\n|upkeep\n|turn|10\n|\n|t:|1701213316\n|move|p2a: Latias|Calm Mind|p2a: Latias\n|-boost|p2a: Latias|spa|1\n|-boost|p2a: Latias|spd|1\n|move|p1a: Alomomola|Scald|p2a: Latias\n|-resisted|p2a: Latias\n|-damage|p2a: Latias|52\/100\n|\n|upkeep\n|turn|11\n|\n|t:|1701213329\n|move|p2a: Latias|Roost|p2a: Latias\n|-heal|p2a: Latias|100\/100\n|-singleturn|p2a: Latias|move: Roost\n|move|p1a: Alomomola|Flip Turn|p2a: Latias\n|-resisted|p2a: Latias\n|-damage|p2a: Latias|94\/100\n|\n|t:|1701213332\n|switch|p1a: Tyranitar|Tyranitar, M|100\/100|[from] Flip Turn\n|-weather|Sandstorm|[from] ability: Sand Stream|[of] p1a: Tyranitar\n|\n|-weather|Sandstorm|[upkeep]\n|-damage|p2a: Latias|88\/100|[from] Sandstorm\n|upkeep\n|turn|12\n|\n|t:|1701213337\n|detailschange|p1a: Tyranitar|Tyranitar-Mega, M\n|-mega|p1a: Tyranitar|Tyranitar|Tyranitarite\n|move|p2a: Latias|Aura Sphere|p1a: Tyranitar\n|-supereffective|p1a: Tyranitar\n|-damage|p1a: Tyranitar|0 fnt\n|faint|p1a: Tyranitar\n|\n|-weather|Sandstorm|[upkeep]\n|-damage|p2a: Latias|82\/100|[from] Sandstorm\n|upkeep\n|\n|t:|1701213345\n|switch|p1a: Ogerpon|Ogerpon-Cornerstone, F|100\/100\n|turn|13\n|\n|t:|1701213350\n|move|p1a: Ogerpon|Swords Dance|p1a: Ogerpon\n|-boost|p1a: Ogerpon|atk|2\n|move|p2a: Latias|Aura Sphere|p1a: Ogerpon\n|-supereffective|p1a: Ogerpon\n|-damage|p1a: Ogerpon|25\/100\n|\n|-weather|Sandstorm|[upkeep]\n|-damage|p2a: Latias|76\/100|[from] Sandstorm\n|upkeep\n|turn|14\n|\n|t:|1701213355\n|move|p2a: Latias|Aura Sphere|p1a: Ogerpon\n|-supereffective|p1a: Ogerpon\n|-damage|p1a: Ogerpon|0 fnt\n|faint|p1a: Ogerpon\n|\n|-weather|Sandstorm|[upkeep]\n|-damage|p2a: Latias|70\/100|[from] Sandstorm\n|upkeep\n|\n|t:|1701213360\n|switch|p1a: Slowking|Slowking-Galar, F|100\/100\n|turn|15\n|\n|t:|1701213365\n|move|p2a: Latias|Calm Mind|p2a: Latias\n|-boost|p2a: Latias|spa|1\n|-boost|p2a: Latias|spd|1\n|move|p1a: Slowking|Sludge Bomb|p2a: Latias\n|-damage|p2a: Latias|61\/100\n|-status|p2a: Latias|psn\n|\n|-weather|none\n|-damage|p2a: Latias|48\/100 psn|[from] psn\n|upkeep\n|turn|16\n|\n|t:|1701213372\n|move|p2a: Latias|Roost|p2a: Latias\n|-heal|p2a: Latias|98\/100 psn\n|-singleturn|p2a: Latias|move: Roost\n|move|p1a: Slowking|Chilly Reception|p1a: Slowking\n|-weather|Snow\n|\n|t:|1701213375\n|switch|p1a: Alomomola|Alomomola, M, shiny|100\/100|[from] Chilly Reception\n|\n|-weather|Snow|[upkeep]\n|-damage|p2a: Latias|86\/100 psn|[from] psn\n|upkeep\n|turn|17\n|\n|t:|1701213391\n|move|p2a: Latias|Calm Mind|p2a: Latias\n|-boost|p2a: Latias|spa|1\n|-boost|p2a: Latias|spd|1\n|move|p1a: Alomomola|Flip Turn|p2a: Latias\n|-resisted|p2a: Latias\n|-damage|p2a: Latias|79\/100 psn\n|\n|t:|1701213394\n|switch|p1a: Enamorus|Enamorus, F|100\/100|[from] Flip Turn\n|\n|-weather|Snow|[upkeep]\n|-damage|p2a: Latias|67\/100 psn|[from] psn\n|upkeep\n|turn|18\n|\n|t:|1701213402\n|move|p1a: Enamorus|Moonblast|p2a: Latias\n|-supereffective|p2a: Latias\n|-damage|p2a: Latias|43\/100 psn\n|-unboost|p2a: Latias|spa|1\n|move|p2a: Latias|Stored Power|p1a: Enamorus\n|-damage|p1a: Enamorus|0 fnt\n|faint|p1a: Enamorus\n|\n|-weather|Snow|[upkeep]\n|-damage|p2a: Latias|31\/100 psn|[from] psn\n|upkeep\n|\n|t:|1701213409\n|switch|p1a: Alomomola|Alomomola, M, shiny|100\/100\n|turn|19\n|\n|t:|1701213414\n|move|p2a: Latias|Roost|p2a: Latias\n|-heal|p2a: Latias|81\/100 psn\n|-singleturn|p2a: Latias|move: Roost\n|move|p1a: Alomomola|Knock Off|p2a: Latias\n|-supereffective|p2a: Latias\n|-damage|p2a: Latias|63\/100 psn\n|\n|-weather|Snow|[upkeep]\n|-damage|p2a: Latias|51\/100 psn|[from] psn\n|upkeep\n|turn|20\n|-message|Jumeninja forfeited.\n|\n|win|PLAYB0I R0BBIE B\n|raw|Jumeninja's rating: 1270 &rarr; <strong>1249<\/strong><br \/>(-21 for losing)\n|raw|PLAYB0I R0BBIE B's rating: 1325 &rarr; <strong>1342<\/strong><br \/>(+17 for winning)\n|l|\u2606Jumeninja\n","uploadtime":1701213420,"views":0,"p1id":"jumeninja","p2id":"playb0ir0bbieb","formatid":"gen9nationaldex","rating":1249,"private":0,"password":""}