{"id":"gen9nationaldex-1992215837","p1":"Markoakuma","p2":"XDTNT","format":"[Gen 9] National Dex","log":"|j|\u2606Markoakuma\n|j|\u2606XDTNT\n|t:|1700164634\n|gametype|singles\n|player|p1|Markoakuma|falkner|1080\n|player|p2|XDTNT|101|1114\n|teamsize|p1|6\n|teamsize|p2|6\n|gen|9\n|tier|[Gen 9] National Dex\n|rated|\n|rule|HP Percentage Mod: HP is shown in percentages\n|rule|Endless Battle Clause: Forcing endless battles is banned\n|rule|OHKO Clause: OHKO moves are banned\n|rule|Evasion Clause: Evasion abilities, items, and moves are banned\n|rule|Evasion Abilities Clause: Evasion abilities are banned\n|rule|Evasion Items Clause: Evasion items are banned\n|rule|Evasion Moves Clause: Evasion moves are banned\n|rule|Species Clause: Limit one of each Pok\u00e9mon\n|rule|Sleep Clause Mod: Limit one foe put to sleep\n|clearpoke\n|poke|p1|Gallade, M|\n|poke|p1|Dusknoir, M|\n|poke|p1|Aromatisse, M|\n|poke|p1|Orbeetle, M|\n|poke|p1|Boltund, M|\n|poke|p1|Torkoal, F|\n|poke|p2|Ferrothorn, M|\n|poke|p2|Scizor, M|\n|poke|p2|Urshifu-*, F|\n|poke|p2|Ting-Lu|\n|poke|p2|Garchomp, M|\n|poke|p2|Pinsir, F|\n|teampreview\n|\n|t:|1700164645\n|start\n|switch|p1a: Torkoal|Torkoal, F|100\/100\n|switch|p2a: Ferrothorn|Ferrothorn, M|100\/100\n|-weather|SunnyDay|[from] ability: Drought|[of] p1a: Torkoal\n|turn|1\n|\n|t:|1700164660\n|switch|p2a: Urshifu|Urshifu-Rapid-Strike, F|100\/100\n|move|p1a: Torkoal|Stealth Rock|p2a: Urshifu\n|-sidestart|p2: XDTNT|move: Stealth Rock\n|\n|-weather|SunnyDay|[upkeep]\n|upkeep\n|turn|2\n|\n|t:|1700164671\n|move|p2a: Urshifu|Surging Strikes|p1a: Torkoal\n|-supereffective|p1a: Torkoal\n|-crit|p1a: Torkoal\n|-damage|p1a: Torkoal|89\/100\n|-damage|p2a: Urshifu|84\/100|[from] item: Rocky Helmet|[of] p1a: Torkoal\n|-supereffective|p1a: Torkoal\n|-crit|p1a: Torkoal\n|-damage|p1a: Torkoal|78\/100\n|-damage|p2a: Urshifu|68\/100|[from] item: Rocky Helmet|[of] p1a: Torkoal\n|-supereffective|p1a: Torkoal\n|-crit|p1a: Torkoal\n|-damage|p1a: Torkoal|68\/100\n|-damage|p2a: Urshifu|51\/100|[from] item: Rocky Helmet|[of] p1a: Torkoal\n|-hitcount|p1a: Torkoal|3\n|move|p1a: Torkoal|Yawn|p2a: Urshifu\n|-start|p2a: Urshifu|move: Yawn|[of] p1a: Torkoal\n|\n|-weather|SunnyDay|[upkeep]\n|upkeep\n|turn|3\n|\n|t:|1700164702\n|switch|p2a: Scizor|Scizor, M|100\/100\n|-damage|p2a: Scizor|88\/100|[from] Stealth Rock\n|move|p1a: Torkoal|Body Press|p2a: Scizor\n|-damage|p2a: Scizor|47\/100\n|\n|-weather|SunnyDay|[upkeep]\n|upkeep\n|turn|4\n|\n|t:|1700164716\n|move|p2a: Scizor|Dual Wingbeat|p1a: Torkoal\n|-damage|p1a: Torkoal|55\/100\n|-damage|p2a: Scizor|30\/100|[from] item: Rocky Helmet|[of] p1a: Torkoal\n|-damage|p1a: Torkoal|42\/100\n|-damage|p2a: Scizor|14\/100|[from] item: Rocky Helmet|[of] p1a: Torkoal\n|-enditem|p2a: Scizor|Salac Berry|[eat]\n|-boost|p2a: Scizor|spe|1|[from] item: Salac Berry\n|-hitcount|p1a: Torkoal|2\n|move|p1a: Torkoal|Body Press|p2a: Scizor\n|-damage|p2a: Scizor|0 fnt\n|faint|p2a: Scizor\n|\n|-weather|SunnyDay|[upkeep]\n|upkeep\n|\n|t:|1700164729\n|switch|p2a: Ting-Lu|Ting-Lu|100\/100\n|-damage|p2a: Ting-Lu|94\/100|[from] Stealth Rock\n|-ability|p2a: Ting-Lu|Vessel of Ruin\n|turn|5\n|\n|t:|1700164744\n|move|p2a: Ting-Lu|Dark Pulse|p1a: Torkoal\n|-damage|p1a: Torkoal|8\/100\n|cant|p1a: Torkoal|flinch\n|\n|-weather|none\n|upkeep\n|turn|6\n|\n|t:|1700164756\n|switch|p1a: Aromatisse|Aromatisse, M|100\/100\n|move|p2a: Ting-Lu|Dark Pulse|p1a: Aromatisse\n|-resisted|p1a: Aromatisse\n|-damage|p1a: Aromatisse|92\/100\n|\n|upkeep\n|turn|7\n|\n|t:|1700164766\n|move|p2a: Ting-Lu|Ruination|p1a: Aromatisse\n|-damage|p1a: Aromatisse|47\/100\n|move|p1a: Aromatisse|Toxic|p2a: Ting-Lu\n|-status|p2a: Ting-Lu|tox\n|\n|-damage|p2a: Ting-Lu|88\/100 tox|[from] psn\n|upkeep\n|turn|8\n|\n|t:|1700164776\n|move|p2a: Ting-Lu|Earth Power|p1a: Aromatisse\n|-damage|p1a: Aromatisse|26\/100\n|move|p1a: Aromatisse|Wish|p1a: Aromatisse\n|\n|-damage|p2a: Ting-Lu|76\/100 tox|[from] psn\n|upkeep\n|turn|9\n|\n|t:|1700164791\n|move|p1a: Aromatisse|Protect|p1a: Aromatisse\n|-singleturn|p1a: Aromatisse|Protect\n|move|p2a: Ting-Lu|Earth Power|p1a: Aromatisse\n|-activate|p1a: Aromatisse|move: Protect\n|\n|-heal|p1a: Aromatisse|76\/100|[from] move: Wish|[wisher] Aromatisse\n|-damage|p2a: Ting-Lu|57\/100 tox|[from] psn\n|upkeep\n|turn|10\n|\n|t:|1700164801\n|move|p2a: Ting-Lu|Ruination|p1a: Aromatisse\n|-damage|p1a: Aromatisse|38\/100\n|move|p1a: Aromatisse|Moonblast|p2a: Ting-Lu\n|-supereffective|p2a: Ting-Lu\n|-damage|p2a: Ting-Lu|31\/100 tox\n|-unboost|p2a: Ting-Lu|spa|1\n|\n|-damage|p2a: Ting-Lu|6\/100 tox|[from] psn\n|upkeep\n|turn|11\n|\n|t:|1700164812\n|move|p1a: Aromatisse|Protect|p1a: Aromatisse\n|-singleturn|p1a: Aromatisse|Protect\n|move|p2a: Ting-Lu|Earth Power|p1a: Aromatisse\n|-activate|p1a: Aromatisse|move: Protect\n|\n|-damage|p2a: Ting-Lu|0 fnt|[from] psn\n|faint|p2a: Ting-Lu\n|upkeep\n|\n|t:|1700164825\n|switch|p2a: Urshifu|Urshifu-Rapid-Strike, F|51\/100\n|-damage|p2a: Urshifu|45\/100|[from] Stealth Rock\n|turn|12\n|\n|t:|1700164835\n|move|p2a: Urshifu|Surging Strikes|p1a: Aromatisse\n|-crit|p1a: Aromatisse\n|-damage|p1a: Aromatisse|18\/100\n|-crit|p1a: Aromatisse\n|-damage|p1a: Aromatisse|0 fnt\n|faint|p1a: Aromatisse\n|-hitcount|p1: Aromatisse|2\n|\n|upkeep\n|\n|t:|1700164844\n|switch|p1a: Boltund|Boltund, M|100\/100\n|turn|13\n|\n|t:|1700164849\n|-terastallize|p2a: Urshifu|Grass\n|move|p1a: Boltund|Psychic Fangs|p2a: Urshifu\n|-damage|p2a: Urshifu|0 fnt\n|faint|p2a: Urshifu\n|\n|upkeep\n|\n|t:|1700164858\n|switch|p2a: Ferrothorn|Ferrothorn, M|100\/100\n|-damage|p2a: Ferrothorn|94\/100|[from] Stealth Rock\n|turn|14\n|\n|t:|1700164870\n|switch|p1a: Torkoal|Torkoal, F|8\/100\n|-weather|SunnyDay|[from] ability: Drought|[of] p1a: Torkoal\n|move|p2a: Ferrothorn|Toxic|p1a: Torkoal\n|-status|p1a: Torkoal|tox\n|\n|-weather|SunnyDay|[upkeep]\n|-damage|p1a: Torkoal|2\/100 tox|[from] psn\n|upkeep\n|turn|15\n|\n|t:|1700164880\n|move|p1a: Torkoal|Lava Plume|p2a: Ferrothorn\n|-supereffective|p2a: Ferrothorn\n|-damage|p2a: Ferrothorn|0 fnt\n|faint|p2a: Ferrothorn\n|\n|-weather|SunnyDay|[upkeep]\n|-damage|p1a: Torkoal|0 fnt|[from] psn\n|faint|p1a: Torkoal\n|upkeep\n|\n|t:|1700164892\n|switch|p1a: Gallade|Gallade, M|100\/100\n|switch|p2a: Garchomp|Garchomp, M|100\/100\n|-damage|p2a: Garchomp|94\/100|[from] Stealth Rock\n|turn|16\n|\n|t:|1700164910\n|move|p2a: Garchomp|Draco Meteor|p1a: Gallade\n|-crit|p1a: Gallade\n|-damage|p1a: Gallade|41\/100\n|-unboost|p2a: Garchomp|spa|2\n|move|p1a: Gallade|Solar Blade||[still]\n|-prepare|p1a: Gallade|Solar Blade\n|-anim|p1a: Gallade|Solar Blade|p2a: Garchomp\n|-damage|p2a: Garchomp|34\/100\n|-damage|p1a: Gallade|29\/100|[from] ability: Rough Skin|[of] p2a: Garchomp\n|\n|-weather|SunnyDay|[upkeep]\n|upkeep\n|turn|17\n|\n|t:|1700164923\n|detailschange|p1a: Gallade|Gallade-Mega, M\n|-mega|p1a: Gallade|Gallade|Galladite\n|move|p1a: Gallade|Shadow Sneak|p2a: Garchomp\n|-damage|p2a: Garchomp|19\/100\n|-damage|p1a: Gallade|16\/100|[from] ability: Rough Skin|[of] p2a: Garchomp\n|move|p2a: Garchomp|Dragon Claw|p1a: Gallade\n|-damage|p1a: Gallade|0 fnt\n|faint|p1a: Gallade\n|\n|-weather|SunnyDay|[upkeep]\n|upkeep\n|\n|t:|1700164936\n|switch|p1a: Dusknoir|Dusknoir, M|100\/100\n|-ability|p1a: Dusknoir|Pressure\n|turn|18\n|\n|t:|1700164948\n|move|p2a: Garchomp|Dragon Claw|p1a: Dusknoir\n|-damage|p1a: Dusknoir|54\/100\n|move|p1a: Dusknoir|Leech Life|p2a: Garchomp\n|-crit|p2a: Garchomp\n|-damage|p2a: Garchomp|0 fnt\n|-heal|p1a: Dusknoir|68\/100|[from] drain|[of] p2a: Garchomp\n|-damage|p1a: Dusknoir|56\/100|[from] ability: Rough Skin|[of] p2a: Garchomp\n|faint|p2a: Garchomp\n|\n|-weather|none\n|upkeep\n|\n|t:|1700164958\n|switch|p2a: Pinsir|Pinsir, F|100\/100\n|-damage|p2a: Pinsir|76\/100|[from] Stealth Rock\n|turn|19\n|\n|t:|1700164967\n|detailschange|p2a: Pinsir|Pinsir-Mega, F\n|-mega|p2a: Pinsir|Pinsir|Pinsirite\n|move|p2a: Pinsir|Outrage|p1a: Dusknoir\n|-damage|p1a: Dusknoir|2\/100\n|move|p1a: Dusknoir|Poltergeist|p2a: Pinsir\n|-activate|p2a: Pinsir|move: Poltergeist|Pinsirite\n|-damage|p2a: Pinsir|19\/100\n|\n|upkeep\n|turn|20\n|\n|t:|1700164978\n|move|p1a: Dusknoir|Shadow Sneak|p2a: Pinsir\n|-damage|p2a: Pinsir|0 fnt\n|faint|p2a: Pinsir\n|\n|win|Markoakuma\n|raw|Markoakuma's rating: 1080 &rarr; <strong>1111<\/strong><br \/>(+31 for winning)\n|raw|XDTNT's rating: 1114 &rarr; <strong>1087<\/strong><br \/>(-27 for losing)\n|l|\u2606XDTNT\n|l|\u2606Markoakuma\n|j|\u2606Markoakuma\n|player|p1|Markoakuma|falkner\n|n|\u2606Markoakuma|markoakuma\n","uploadtime":1700165024,"views":13,"p1id":"markoakuma","p2id":"xdtnt","formatid":"gen9nationaldex","rating":1087,"private":0,"password":""}