{"id":"gen9nationaldex-1988263190","p1":"Kobe1919810\u7262\u5927","p2":"hanfn","format":"[Gen 9] National Dex","log":"|j|\u2606Kobe1919810\u7262\u5927\n|j|\u2606hanfn\n|t:|1699697234\n|gametype|singles\n|player|p1|Kobe1919810\u7262\u5927|rosa-masters2|1533\n|player|p2|hanfn|lucas|1519\n|teamsize|p1|6\n|teamsize|p2|6\n|gen|9\n|tier|[Gen 9] National Dex\n|rated|\n|rule|HP Percentage Mod: HP is shown in percentages\n|rule|Endless Battle Clause: Forcing endless battles is banned\n|rule|OHKO Clause: OHKO moves are banned\n|rule|Evasion Clause: Evasion abilities, items, and moves are banned\n|rule|Evasion Abilities Clause: Evasion abilities are banned\n|rule|Evasion Items Clause: Evasion items are banned\n|rule|Evasion Moves Clause: Evasion moves are banned\n|rule|Species Clause: Limit one of each Pok\u00e9mon\n|rule|Sleep Clause Mod: Limit one foe put to sleep\n|clearpoke\n|poke|p1|Blacephalon|\n|poke|p1|Lopunny, M|\n|poke|p1|Ting-Lu|\n|poke|p1|Zapdos|\n|poke|p1|Hatterene, F|\n|poke|p1|Greninja-*, M|\n|poke|p2|Landorus-Therian, M|\n|poke|p2|Rotom-Wash|\n|poke|p2|Sinistcha-Masterpiece|\n|poke|p2|Medicham, F|\n|poke|p2|Urshifu-*, F|\n|poke|p2|Alomomola, F|\n|teampreview\n|inactive|Battle timer is ON: inactive players will automatically lose when time's up. (requested by Kobe1919810\u7262\u5927)\n|\n|t:|1699697251\n|start\n|switch|p1a: Lopunny|Lopunny, M|100\/100\n|switch|p2a: Urshifu|Urshifu-Rapid-Strike, F|100\/100\n|turn|1\n|inactive|hanfn has 120 seconds left.\n|\n|t:|1699697282\n|detailschange|p1a: Lopunny|Lopunny-Mega, M\n|-mega|p1a: Lopunny|Lopunny|Lopunnite\n|-terastallize|p2a: Urshifu|Water\n|move|p1a: Lopunny|Fake Out|p2a: Urshifu\n|-damage|p2a: Urshifu|78\/100\n|cant|p2a: Urshifu|flinch\n|\n|upkeep\n|turn|2\n|inactive|hanfn has 120 seconds left.\n|\n|t:|1699697295\n|switch|p1a: Zapdos|Zapdos|100\/100\n|move|p2a: Urshifu|Ice Spinner|p1a: Zapdos\n|-supereffective|p1a: Zapdos\n|-damage|p1a: Zapdos|44\/100\n|\n|upkeep\n|turn|3\n|\n|t:|1699697298\n|move|p2a: Urshifu|Ice Spinner|p1a: Zapdos\n|-supereffective|p1a: Zapdos\n|-damage|p1a: Zapdos|0 fnt\n|faint|p1a: Zapdos\n|\n|upkeep\n|\n|t:|1699697307\n|switch|p1a: Blacephalon|Blacephalon|100\/100\n|turn|4\n|inactive|hanfn has 120 seconds left.\n|\n|t:|1699697339\n|switch|p2a: Alomomola|Alomomola, F|100\/100\n|-terastallize|p1a: Blacephalon|Ghost\n|move|p1a: Blacephalon|Shadow Ball|p2a: Alomomola\n|-damage|p2a: Alomomola|43\/100\n|\n|upkeep\n|turn|5\n|inactive|hanfn has 120 seconds left.\n|\n|t:|1699697347\n|move|p2a: Alomomola|Protect|p2a: Alomomola\n|-singleturn|p2a: Alomomola|Protect\n|move|p1a: Blacephalon|Shadow Ball|p2a: Alomomola\n|-activate|p2a: Alomomola|move: Protect\n|\n|upkeep\n|turn|6\n|inactive|hanfn has 120 seconds left.\n|\n|t:|1699697360\n|switch|p2a: Rotom|Rotom-Wash|100\/100\n|move|p1a: Blacephalon|Shadow Ball|p2a: Rotom\n|-damage|p2a: Rotom|33\/100\n|\n|-heal|p2a: Rotom|39\/100|[from] item: Leftovers\n|upkeep\n|turn|7\n|\n|t:|1699697364\n|move|p1a: Blacephalon|Shadow Ball|p2a: Rotom\n|-damage|p2a: Rotom|0 fnt\n|faint|p2a: Rotom\n|-ability|p1a: Blacephalon|Beast Boost|boost\n|-boost|p1a: Blacephalon|spa|1\n|\n|upkeep\n|\n|t:|1699697366\n|switch|p2a: Urshifu|Urshifu-Rapid-Strike, F, tera:Water|78\/100\n|turn|8\n|\n|t:|1699697374\n|move|p1a: Blacephalon|Shadow Ball|p2a: Urshifu\n|-damage|p2a: Urshifu|0 fnt\n|faint|p2a: Urshifu\n|-ability|p1a: Blacephalon|Beast Boost|boost\n|-boost|p1a: Blacephalon|spa|1\n|\n|upkeep\n|\n|t:|1699697382\n|switch|p2a: Medicham|Medicham, F|100\/100\n|turn|9\n|\n|t:|1699697385\n|detailschange|p2a: Medicham|Medicham-Mega, F\n|-mega|p2a: Medicham|Medicham|Medichamite\n|move|p2a: Medicham|Bullet Punch|p1a: Blacephalon\n|-damage|p1a: Blacephalon|37\/100\n|move|p1a: Blacephalon|Shadow Ball|p2a: Medicham\n|-supereffective|p2a: Medicham\n|-damage|p2a: Medicham|0 fnt\n|faint|p2a: Medicham\n|-ability|p1a: Blacephalon|Beast Boost|boost\n|-boost|p1a: Blacephalon|spa|1\n|\n|upkeep\n|-message|hanfn forfeited.\n|\n|win|Kobe1919810\u7262\u5927\n|raw|Kobe1919810\u7262\u5927's rating: 1533 &rarr; <strong>1552<\/strong><br \/>(+19 for winning)\n|raw|hanfn's rating: 1519 &rarr; <strong>1500<\/strong><br \/>(-19 for losing)\n|l|\u2606hanfn\n","uploadtime":1699697393,"views":4,"p1id":"kobe1919810","p2id":"hanfn","formatid":"gen9nationaldex","rating":1500,"private":0,"password":""}