{"id":"gen9nationaldex-1996365645","p1":"7yu1eqjasmn","p2":"feed store","format":"[Gen 9] National Dex","log":"|html|<div class=\"broadcast-blue\"><strong>[Gen 9] National Dex is currently suspecting Sneasler! For information on how to participate check out the <a href=\"https:\/\/www.smogon.com\/forums\/threads\/sv-national-dex-suspect-8-just-dance.3731534\/\">suspect thread<\/a>.<\/strong><\/div>\n|j|\u26067yu1eqjasmn\n|j|\u2606feed store\n|t:|1700675124\n|gametype|singles\n|player|p1|7yu1eqjasmn|unknown|1089\n|player|p2|feed store|clay|1048\n|teamsize|p1|4\n|teamsize|p2|6\n|gen|9\n|tier|[Gen 9] National Dex\n|rated|\n|rule|HP Percentage Mod: HP is shown in percentages\n|rule|Endless Battle Clause: Forcing endless battles is banned\n|rule|OHKO Clause: OHKO moves are banned\n|rule|Evasion Clause: Evasion abilities, items, and moves are banned\n|rule|Evasion Abilities Clause: Evasion abilities are banned\n|rule|Evasion Items Clause: Evasion items are banned\n|rule|Evasion Moves Clause: Evasion moves are banned\n|rule|Species Clause: Limit one of each Pok\u00e9mon\n|rule|Sleep Clause Mod: Limit one foe put to sleep\n|clearpoke\n|poke|p1|Kleavor, M|\n|poke|p1|Serperior, F|\n|poke|p1|Tyranitar, F|\n|poke|p1|Tornadus-Therian, M|\n|poke|p2|Zoroark-Hisui, M|\n|poke|p2|Nidoking, M|\n|poke|p2|Sinistcha|\n|poke|p2|Cobalion|\n|poke|p2|Rapidash-Galar, M|\n|poke|p2|Krookodile, M|\n|teampreview\n|inactive|Battle timer is ON: inactive players will automatically lose when time's up. (requested by 7yu1eqjasmn)\n|j| Lonsol\n|j| imbleed\n|\n|t:|1700675140\n|start\n|switch|p1a: Kleavor|Kleavor, M|100\/100\n|switch|p2a: Need a King?|Nidoking, M|100\/100\n|turn|1\n|j| less might be more\n|\n|t:|1700675149\n|move|p2a: Need a King?|Earth Power|p1a: Kleavor\n|-damage|p1a: Kleavor|9\/100\n|move|p1a: Kleavor|Stone Axe|p2a: Need a King?\n|-resisted|p2a: Need a King?\n|-damage|p2a: Need a King?|63\/100\n|-sidestart|p2: feed store|move: Stealth Rock\n|\n|upkeep\n|turn|2\n|\n|t:|1700675163\n|move|p2a: Need a King?|Earth Power|p1a: Kleavor\n|-damage|p1a: Kleavor|0 fnt\n|faint|p1a: Kleavor\n|\n|upkeep\n|\n|t:|1700675166\n|switch|p1a: Tyranitar|Tyranitar, F|100\/100\n|-weather|Sandstorm|[from] ability: Sand Stream|[of] p1a: Tyranitar\n|turn|3\n|\n|t:|1700675171\n|detailschange|p1a: Tyranitar|Tyranitar-Mega, F\n|-mega|p1a: Tyranitar|Tyranitar|Tyranitarite\n|-terastallize|p2a: Need a King?|Ground\n|move|p2a: Need a King?|Earth Power|p1a: Tyranitar\n|-supereffective|p1a: Tyranitar\n|-damage|p1a: Tyranitar|8\/100\n|move|p1a: Tyranitar|Dragon Dance|p1a: Tyranitar\n|-boost|p1a: Tyranitar|atk|1\n|-boost|p1a: Tyranitar|spe|1\n|\n|-weather|Sandstorm|[upkeep]\n|upkeep\n|turn|4\n|\n|t:|1700675177\n|move|p1a: Tyranitar|Knock Off|p2a: Need a King?\n|-damage|p2a: Need a King?|0 fnt\n|-enditem|p2a: Need a King?|Life Orb|[from] move: Knock Off|[of] p1a: Tyranitar\n|faint|p2a: Need a King?\n|\n|-weather|Sandstorm|[upkeep]\n|upkeep\n|\n|t:|1700675196\n|switch|p2a: shellphone|Sinistcha, shiny|100\/100\n|-damage|p2a: shellphone|88\/100|[from] Stealth Rock\n|turn|5\n|\n|t:|1700675199\n|move|p1a: Tyranitar|Knock Off|p2a: shellphone\n|-supereffective|p2a: shellphone\n|-damage|p2a: shellphone|0 fnt\n|-enditem|p2a: shellphone|Leftovers|[from] move: Knock Off|[of] p1a: Tyranitar\n|faint|p2a: shellphone\n|\n|-weather|Sandstorm|[upkeep]\n|upkeep\n|\n|t:|1700675204\n|switch|p2a: Krokodil|Krookodile, M|100\/100\n|-damage|p2a: Krokodil|94\/100|[from] Stealth Rock\n|turn|6\n|j| 5cat\n|\n|t:|1700675211\n|move|p1a: Tyranitar|Ice Punch|p2a: Krokodil\n|-supereffective|p2a: Krokodil\n|-damage|p2a: Krokodil|0 fnt\n|faint|p2a: Krokodil\n|\n|-weather|Sandstorm|[upkeep]\n|upkeep\n|\n|t:|1700675214\n|switch|p2a: Cobalion|Cobalion|100\/100\n|-damage|p2a: Cobalion|97\/100|[from] Stealth Rock\n|turn|7\n|\n|t:|1700675217\n|move|p1a: Tyranitar|Earthquake|p2a: Cobalion\n|-supereffective|p2a: Cobalion\n|-damage|p2a: Cobalion|0 fnt\n|faint|p2a: Cobalion\n|\n|-weather|none\n|upkeep\n|\n|t:|1700675220\n|switch|p2a: Rapid Ash|Rapidash-Galar, M|100\/100\n|-damage|p2a: Rapid Ash|88\/100|[from] Stealth Rock\n|turn|8\n|\n|t:|1700675226\n|move|p1a: Tyranitar|Knock Off|p2a: Rapid Ash\n|-supereffective|p2a: Rapid Ash\n|-damage|p2a: Rapid Ash|0 fnt\n|replace|p2a: 7\ud83d\udd34Up|Zoroark-Hisui, M\n|-end|p2a: 7\ud83d\udd34Up|Illusion\n|-enditem|p2a: 7\ud83d\udd34Up|Focus Sash|[from] move: Knock Off|[of] p1a: Tyranitar\n|faint|p2a: 7\ud83d\udd34Up\n|\n|upkeep\n|\n|t:|1700675228\n|switch|p2a: Rapid Ash|Rapidash-Galar, M|100\/100\n|-damage|p2a: Rapid Ash|88\/100|[from] Stealth Rock\n|turn|9\n|\n|t:|1700675231\n|move|p1a: Tyranitar|Knock Off|p2a: Rapid Ash\n|-damage|p2a: Rapid Ash|0 fnt\n|-enditem|p2a: Rapid Ash|Kee Berry|[from] move: Knock Off|[of] p1a: Tyranitar\n|faint|p2a: Rapid Ash\n|\n|win|7yu1eqjasmn\n|raw|7yu1eqjasmn's rating: 1089 &rarr; <strong>1113<\/strong><br \/>(+24 for winning)\n|raw|feed store's rating: 1048 &rarr; <strong>1033<\/strong><br \/>(-15 for losing)\n|l|\u26067yu1eqjasmn\n|l|\u2606feed store\n|l| less might be more\n|j| kung fu pokechu\n","uploadtime":1700675376,"views":1,"p1id":"7yu1eqjasmn","p2id":"feedstore","formatid":"gen9nationaldex","rating":1033,"private":0,"password":""}