{"id":"gen9nationaldex-1993263754","p1":"hhxh\u955c\u82b1\u6c34\u6708","p2":"hsenb\u59da\u67d0","format":"[Gen 9] National Dex","log":"|j|\u2606hhxh\u955c\u82b1\u6c34\u6708\n|j|\u2606hsenb\u59da\u67d0\n|t:|1700286442\n|gametype|singles\n|player|p1|hhxh\u955c\u82b1\u6c34\u6708|penny|1666\n|player|p2|hsenb\u59da\u67d0|may-contest|1688\n|teamsize|p1|6\n|teamsize|p2|6\n|gen|9\n|tier|[Gen 9] National Dex\n|rated|\n|rule|HP Percentage Mod: HP is shown in percentages\n|rule|Endless Battle Clause: Forcing endless battles is banned\n|rule|OHKO Clause: OHKO moves are banned\n|rule|Evasion Clause: Evasion abilities, items, and moves are banned\n|rule|Evasion Abilities Clause: Evasion abilities are banned\n|rule|Evasion Items Clause: Evasion items are banned\n|rule|Evasion Moves Clause: Evasion moves are banned\n|rule|Species Clause: Limit one of each Pok\u00e9mon\n|rule|Sleep Clause Mod: Limit one foe put to sleep\n|clearpoke\n|poke|p1|Volcanion|\n|poke|p1|Slowbro, F|\n|poke|p1|Mawile, F|\n|poke|p1|Ursaluna, M|\n|poke|p1|Maushold|\n|poke|p1|Dragonite, M|\n|poke|p2|Haxorus, M|\n|poke|p2|Kleavor, F|\n|poke|p2|Greninja-*, M|\n|poke|p2|Scizor, M|\n|poke|p2|Volcarona, F|\n|poke|p2|Great Tusk|\n|teampreview\n|c|\u2606hhxh\u955c\u82b1\u6c34\u6708|\u6211\u53bb\n|inactive|Battle timer is ON: inactive players will automatically lose when time's up. (requested by hsenb\u59da\u67d0)\n|\n|t:|1700286481\n|start\n|switch|p1a: Slowbro|Slowbro, F, shiny|100\/100\n|switch|p2a: Kleavor|Kleavor, F|100\/100\n|turn|1\n|inactive|hsenb\u59da\u67d0 has 120 seconds left.\n|\n|t:|1700286512\n|move|p2a: Kleavor|U-turn|p1a: Slowbro\n|-supereffective|p1a: Slowbro\n|-damage|p1a: Slowbro|56\/100\n|\n|t:|1700286517\n|switch|p2a: Scizor|Scizor, M|100\/100|[from] U-turn\n|move|p1a: Slowbro|Trick Room|p1a: Slowbro\n|-fieldstart|move: Trick Room|[of] p1a: Slowbro\n|\n|-heal|p1a: Slowbro|62\/100|[from] item: Leftovers\n|upkeep\n|turn|2\n|\n|t:|1700286525\n|switch|p1a: Ursaluna|Ursaluna, M, shiny|100\/100\n|detailschange|p2a: Scizor|Scizor-Mega, M\n|-mega|p2a: Scizor|Scizor|Scizorite\n|move|p2a: Scizor|U-turn|p1a: Ursaluna\n|-damage|p1a: Ursaluna|76\/100\n|\n|t:|1700286530\n|switch|p2a: Great Tusk|Great Tusk|100\/100|[from] U-turn\n|\n|-status|p1a: Ursaluna|brn|[from] item: Flame Orb\n|upkeep\n|turn|3\n|\n|t:|1700286547\n|-terastallize|p1a: Ursaluna|Normal\n|move|p1a: Ursaluna|Facade|p2a: Great Tusk\n|-damage|p2a: Great Tusk|0 fnt\n|-damage|p1a: Ursaluna|59\/100 brn|[from] item: Rocky Helmet|[of] p2a: Great Tusk\n|faint|p2a: Great Tusk\n|-end|p2a: Great Tusk|Protosynthesis|[silent]\n|\n|-damage|p1a: Ursaluna|53\/100 brn|[from] brn\n|upkeep\n|c|\u2606hhxh\u955c\u82b1\u6c34\u6708|\u718a\u95e8\n|\n|t:|1700286556\n|switch|p2a: Scizor|Scizor-Mega, M|100\/100\n|turn|4\n|inactive|hsenb\u59da\u67d0 has 120 seconds left.\n|\n|t:|1700286601\n|move|p2a: Scizor|Bullet Punch|p1a: Ursaluna\n|-damage|p1a: Ursaluna|33\/100 brn\n|move|p1a: Ursaluna|Fire Punch|p2a: Scizor\n|-supereffective|p2a: Scizor\n|-damage|p2a: Scizor|0 fnt\n|faint|p2a: Scizor\n|\n|-damage|p1a: Ursaluna|27\/100 brn|[from] brn\n|upkeep\n|\n|t:|1700286608\n|switch|p2a: Greninja|Greninja, M|100\/100\n|turn|5\n|\n|t:|1700286613\n|switch|p1a: Volcanion|Volcanion|100\/100\n|move|p2a: Greninja|Water Shuriken|p1a: Volcanion\n|-immune|p1a: Volcanion|[from] ability: Water Absorb\n|\n|-fieldend|move: Trick Room\n|upkeep\n|turn|6\n|\n|t:|1700286619\n|move|p2a: Greninja|Dark Pulse|p1a: Volcanion\n|-damage|p1a: Volcanion|54\/100\n|-damage|p2a: Greninja|91\/100|[from] item: Life Orb\n|move|p1a: Volcanion|Hidden Power|p2a: Greninja\n|-supereffective|p2a: Greninja\n|-damage|p2a: Greninja|0 fnt\n|faint|p2a: Greninja\n|\n|upkeep\n|\n|t:|1700286629\n|switch|p2a: Haxorus|Haxorus, M|100\/100\n|-ability|p2a: Haxorus|Mold Breaker\n|turn|7\n|\n|t:|1700286639\n|move|p2a: Haxorus|Swords Dance|p2a: Haxorus\n|-boost|p2a: Haxorus|atk|2\n|move|p1a: Volcanion|Steam Eruption|p2a: Haxorus\n|-resisted|p2a: Haxorus\n|-damage|p2a: Haxorus|49\/100\n|-status|p2a: Haxorus|brn\n|\n|-damage|p2a: Haxorus|43\/100 brn|[from] brn\n|upkeep\n|turn|8\n|c|\u2606hhxh\u955c\u82b1\u6c34\u6708|\u4e50\n|inactive|hsenb\u59da\u67d0 has 120 seconds left.\n|j| DRAKESOOR\n|\n|t:|1700286663\n|move|p2a: Haxorus|Close Combat|p1a: Volcanion\n|-damage|p1a: Volcanion|16\/100\n|-unboost|p2a: Haxorus|def|1\n|-unboost|p2a: Haxorus|spd|1\n|move|p1a: Volcanion|Steam Eruption|p2a: Haxorus\n|-resisted|p2a: Haxorus\n|-damage|p2a: Haxorus|0 fnt\n|faint|p2a: Haxorus\n|\n|upkeep\n|\n|t:|1700286669\n|switch|p2a: Kleavor|Kleavor, F|100\/100\n|turn|9\n|l| DRAKESOOR\n|\n|t:|1700286691\n|switch|p1a: Mawile|Mawile, F, shiny|100\/100\n|-ability|p1a: Mawile|Intimidate|boost\n|-unboost|p2a: Kleavor|atk|1\n|move|p2a: Kleavor|Stone Axe|p1a: Mawile|[miss]\n|-miss|p2a: Kleavor|p1a: Mawile\n|\n|upkeep\n|turn|10\n|\n|t:|1700286701\n|detailschange|p1a: Mawile|Mawile-Mega, F, shiny\n|-mega|p1a: Mawile|Mawile|Mawilite\n|move|p2a: Kleavor|Stone Axe|p1a: Mawile\n|-resisted|p1a: Mawile\n|-damage|p1a: Mawile|85\/100\n|-sidestart|p1: hhxh\u955c\u82b1\u6c34\u6708|move: Stealth Rock\n|move|p1a: Mawile|Swords Dance|p1a: Mawile\n|-boost|p1a: Mawile|atk|2\n|\n|upkeep\n|turn|11\n|\n|t:|1700286706\n|move|p2a: Kleavor|Stone Axe|p1a: Mawile\n|-resisted|p1a: Mawile\n|-damage|p1a: Mawile|69\/100\n|move|p1a: Mawile|Swords Dance|p1a: Mawile\n|-boost|p1a: Mawile|atk|2\n|\n|upkeep\n|turn|12\n|\n|t:|1700286709\n|move|p2a: Kleavor|Stone Axe|p1a: Mawile\n|-resisted|p1a: Mawile\n|-damage|p1a: Mawile|54\/100\n|move|p1a: Mawile|Swords Dance|p1a: Mawile\n|-boost|p1a: Mawile|atk|2\n|\n|upkeep\n|turn|13\n|\n|t:|1700286712\n|move|p1a: Mawile|Sucker Punch|p2a: Kleavor\n|-damage|p2a: Kleavor|0 fnt\n|faint|p2a: Kleavor\n|\n|upkeep\n|\n|t:|1700286715\n|switch|p2a: Volcarona|Volcarona, F|100\/100\n|turn|14\n|\n|t:|1700286717\n|move|p1a: Mawile|Sucker Punch||[still]\n|-fail|p1a: Mawile\n|move|p2a: Volcarona|Quiver Dance|p2a: Volcarona\n|-boost|p2a: Volcarona|spa|1\n|-boost|p2a: Volcarona|spd|1\n|-boost|p2a: Volcarona|spe|1\n|\n|upkeep\n|turn|15\n|\n|t:|1700286720\n|move|p1a: Mawile|Sucker Punch||[still]\n|-fail|p1a: Mawile\n|move|p2a: Volcarona|Quiver Dance|p2a: Volcarona\n|-boost|p2a: Volcarona|spa|1\n|-boost|p2a: Volcarona|spd|1\n|-boost|p2a: Volcarona|spe|1\n|\n|upkeep\n|turn|16\n|\n|t:|1700286731\n|move|p1a: Mawile|Sucker Punch||[still]\n|-fail|p1a: Mawile\n|move|p2a: Volcarona|Quiver Dance|p2a: Volcarona\n|-boost|p2a: Volcarona|spa|1\n|-boost|p2a: Volcarona|spd|1\n|-boost|p2a: Volcarona|spe|1\n|\n|upkeep\n|turn|17\n|\n|t:|1700286738\n|move|p1a: Mawile|Sucker Punch|p2a: Volcarona\n|-crit|p2a: Volcarona\n|-damage|p2a: Volcarona|0 fnt\n|faint|p2a: Volcarona\n|\n|win|hhxh\u955c\u82b1\u6c34\u6708\n|raw|hhxh\u955c\u82b1\u6c34\u6708's rating: 1666 &rarr; <strong>1686<\/strong><br \/>(+20 for winning)\n|raw|hsenb\u59da\u67d0's rating: 1670 &rarr; <strong>1650<\/strong><br \/>(-20 for losing)\n|l|\u2606hsenb\u59da\u67d0\n","uploadtime":1700286747,"views":6,"p1id":"hhxh","p2id":"hsenb","formatid":"gen9nationaldex","rating":1650,"private":0,"password":""}