{"id":"gen9nationaldex-1990432192","p1":"baigu3","p2":"Carno777","format":"[Gen 9] National Dex","log":"|j|\u2606baigu3\n|j|\u2606Carno777\n|t:|1699970385\n|gametype|singles\n|player|p1|baigu3|dawn|1651\n|player|p2|Carno777|lance|1694\n|teamsize|p1|6\n|teamsize|p2|6\n|gen|9\n|tier|[Gen 9] National Dex\n|rated|\n|rule|HP Percentage Mod: HP is shown in percentages\n|rule|Endless Battle Clause: Forcing endless battles is banned\n|rule|OHKO Clause: OHKO moves are banned\n|rule|Evasion Clause: Evasion abilities, items, and moves are banned\n|rule|Evasion Abilities Clause: Evasion abilities are banned\n|rule|Evasion Items Clause: Evasion items are banned\n|rule|Evasion Moves Clause: Evasion moves are banned\n|rule|Species Clause: Limit one of each Pok\u00e9mon\n|rule|Sleep Clause Mod: Limit one foe put to sleep\n|clearpoke\n|poke|p1|Pelipper, F|\n|poke|p1|Kingdra, M|\n|poke|p1|Swampert, F|\n|poke|p1|Ferrothorn, F|\n|poke|p1|Dragonite, M|\n|poke|p1|Great Tusk|\n|poke|p2|Garchomp, M|\n|poke|p2|Serperior, M|\n|poke|p2|Skeledirge, M|\n|poke|p2|Ninetales-Alola, F|\n|poke|p2|Tornadus-Therian, M|\n|poke|p2|Scizor, M|\n|teampreview\n|inactive|Battle timer is ON: inactive players will automatically lose when time's up. (requested by Carno777)\n|c|\u2606Carno777|Glhf\n|j| qhjm1\n|c|\u2606baigu3|hf\n|\n|t:|1699970397\n|start\n|switch|p1a: Dragonite|Dragonite, M|100\/100\n|switch|p2a: It\u2019s not garchover|Garchomp, M|100\/100\n|turn|1\n|\n|t:|1699970401\n|move|p2a: It\u2019s not garchover|Scale Shot|p1a: Dragonite\n|-supereffective|p1a: Dragonite\n|-damage|p1a: Dragonite|88\/100\n|-supereffective|p1a: Dragonite\n|-damage|p1a: Dragonite|63\/100\n|-supereffective|p1a: Dragonite\n|-damage|p1a: Dragonite|39\/100\n|-supereffective|p1a: Dragonite\n|-damage|p1a: Dragonite|13\/100\n|-supereffective|p1a: Dragonite\n|-damage|p1a: Dragonite|0 fnt\n|faint|p1a: Dragonite\n|-hitcount|p1: Dragonite|5\n|-unboost|p2a: It\u2019s not garchover|def|1\n|-boost|p2a: It\u2019s not garchover|spe|1\n|\n|upkeep\n|\n|t:|1699970409\n|switch|p1a: Pelipper|Pelipper, F|100\/100\n|-weather|RainDance|[from] ability: Drizzle|[of] p1a: Pelipper\n|turn|2\n|\n|t:|1699970415\n|move|p2a: It\u2019s not garchover|Swords Dance|p2a: It\u2019s not garchover\n|-boost|p2a: It\u2019s not garchover|atk|2\n|move|p1a: Pelipper|U-turn|p2a: It\u2019s not garchover\n|-damage|p2a: It\u2019s not garchover|87\/100\n|-damage|p1a: Pelipper|88\/100|[from] ability: Rough Skin|[of] p2a: It\u2019s not garchover\n|\n|t:|1699970422\n|switch|p1a: Ferrothorn|Ferrothorn, F|100\/100|[from] U-turn\n|\n|-weather|RainDance|[upkeep]\n|upkeep\n|turn|3\n|\n|t:|1699970426\n|move|p2a: It\u2019s not garchover|Earthquake|p1a: Ferrothorn\n|-damage|p1a: Ferrothorn|21\/100\n|move|p1a: Ferrothorn|Gyro Ball|p2a: It\u2019s not garchover\n|-damage|p2a: It\u2019s not garchover|11\/100\n|-damage|p1a: Ferrothorn|9\/100|[from] ability: Rough Skin|[of] p2a: It\u2019s not garchover\n|\n|-weather|RainDance|[upkeep]\n|-heal|p1a: Ferrothorn|15\/100|[from] item: Leftovers\n|upkeep\n|turn|4\n|l| qhjm1\n|\n|t:|1699970436\n|move|p2a: It\u2019s not garchover|Scale Shot|p1a: Ferrothorn\n|-resisted|p1a: Ferrothorn\n|-damage|p1a: Ferrothorn|6\/100\n|-resisted|p1a: Ferrothorn\n|-damage|p1a: Ferrothorn|0 fnt\n|faint|p1a: Ferrothorn\n|-hitcount|p1: Ferrothorn|2\n|-unboost|p2a: It\u2019s not garchover|def|1\n|-boost|p2a: It\u2019s not garchover|spe|1\n|\n|-weather|RainDance|[upkeep]\n|upkeep\n|\n|t:|1699970439\n|switch|p1a: Great Tusk|Great Tusk|100\/100\n|turn|5\n|\n|t:|1699970447\n|move|p2a: It\u2019s not garchover|Scale Shot|p1a: Great Tusk\n|-damage|p1a: Great Tusk|82\/100\n|-damage|p1a: Great Tusk|64\/100\n|-damage|p1a: Great Tusk|44\/100\n|-damage|p1a: Great Tusk|24\/100\n|-hitcount|p1a: Great Tusk|4\n|-unboost|p2a: It\u2019s not garchover|def|1\n|-boost|p2a: It\u2019s not garchover|spe|1\n|move|p1a: Great Tusk|Ice Spinner|p2a: It\u2019s not garchover\n|-supereffective|p2a: It\u2019s not garchover\n|-damage|p2a: It\u2019s not garchover|0 fnt\n|-damage|p1a: Great Tusk|12\/100|[from] ability: Rough Skin|[of] p2a: It\u2019s not garchover\n|faint|p2a: It\u2019s not garchover\n|\n|-weather|RainDance|[upkeep]\n|upkeep\n|c|\u2606Carno777|I know even with no bulk investment great tusk can tank it\n|c|\u2606Carno777|Sadly\n|inactive|Carno777 has 120 seconds left.\n|\n|t:|1699970478\n|switch|p2a: Regal|Serperior, M|100\/100\n|turn|6\n|\n|t:|1699970482\n|move|p1a: Great Tusk|Ice Spinner|p2a: Regal\n|-supereffective|p2a: Regal\n|-damage|p2a: Regal|37\/100\n|move|p2a: Regal|Leaf Storm|p1a: Great Tusk\n|-supereffective|p1a: Great Tusk\n|-damage|p1a: Great Tusk|0 fnt\n|-boost|p2a: Regal|spa|2\n|faint|p1a: Great Tusk\n|-end|p1a: Great Tusk|Protosynthesis|[silent]\n|\n|-weather|RainDance|[upkeep]\n|-heal|p2a: Regal|43\/100|[from] item: Leftovers\n|upkeep\n|\n|t:|1699970485\n|switch|p1a: Kingdra|Kingdra, M|100\/100\n|turn|7\n|\n|t:|1699970493\n|switch|p2a: Best reg form|Ninetales-Alola, F, shiny|100\/100\n|-weather|Snow|[from] ability: Snow Warning|[of] p2a: Best reg form\n|-terastallize|p1a: Kingdra|Water\n|move|p1a: Kingdra|Surf|p2a: Best reg form\n|-damage|p2a: Best reg form|2\/100\n|\n|-weather|Snow|[upkeep]\n|upkeep\n|turn|8\n|\n|t:|1699970501\n|switch|p2a: I can sing|Skeledirge, M|100\/100\n|switch|p1a: Pelipper|Pelipper, F|88\/100\n|-weather|RainDance|[from] ability: Drizzle|[of] p1a: Pelipper\n|\n|-weather|RainDance|[upkeep]\n|upkeep\n|turn|9\n|\n|t:|1699970506\n|move|p2a: I can sing|Shadow Ball|p1a: Pelipper\n|-damage|p1a: Pelipper|44\/100\n|move|p1a: Pelipper|U-turn|p2a: I can sing\n|-resisted|p2a: I can sing\n|-damage|p2a: I can sing|99\/100\n|\n|t:|1699970508\n|switch|p1a: Kingdra|Kingdra, M, tera:Water|100\/100|[from] U-turn\n|\n|-weather|RainDance|[upkeep]\n|upkeep\n|turn|10\n|\n|t:|1699970511\n|move|p1a: Kingdra|Surf|p2a: I can sing\n|-supereffective|p2a: I can sing\n|-damage|p2a: I can sing|0 fnt\n|faint|p2a: I can sing\n|\n|-weather|RainDance|[upkeep]\n|upkeep\n|\n|t:|1699970513\n|switch|p2a: Best reg form|Ninetales-Alola, F, shiny|2\/100\n|-weather|Snow|[from] ability: Snow Warning|[of] p2a: Best reg form\n|turn|11\n|\n|t:|1699970516\n|move|p2a: Best reg form|Moonblast|p1a: Kingdra\n|-damage|p1a: Kingdra|58\/100\n|-unboost|p1a: Kingdra|spa|1\n|move|p1a: Kingdra|Surf|p2a: Best reg form\n|-crit|p2a: Best reg form\n|-damage|p2a: Best reg form|0 fnt\n|faint|p2a: Best reg form\n|\n|-weather|Snow|[upkeep]\n|upkeep\n|\n|t:|1699970521\n|switch|p2a: Mustache bird|Tornadus-Therian, M, shiny|100\/100\n|turn|12\n|\n|t:|1699970525\n|switch|p1a: Pelipper|Pelipper, F|44\/100\n|-weather|RainDance|[from] ability: Drizzle|[of] p1a: Pelipper\n|move|p2a: Mustache bird|Bleakwind Storm|p1a: Pelipper\n|-damage|p1a: Pelipper|0 fnt\n|faint|p1a: Pelipper\n|\n|-weather|RainDance|[upkeep]\n|upkeep\n|\n|t:|1699970527\n|switch|p1a: Kingdra|Kingdra, M, tera:Water|58\/100\n|turn|13\n|\n|t:|1699970530\n|move|p1a: Kingdra|Surf|p2a: Mustache bird\n|-crit|p2a: Mustache bird\n|-damage|p2a: Mustache bird|0 fnt\n|faint|p2a: Mustache bird\n|\n|-weather|RainDance|[upkeep]\n|upkeep\n|\n|t:|1699970533\n|switch|p2a: Running with|Scizor, M|100\/100\n|turn|14\n|\n|t:|1699970538\n|detailschange|p2a: Running with|Scizor-Mega, M\n|-mega|p2a: Running with|Scizor|Scizorite\n|move|p1a: Kingdra|Surf|p2a: Running with\n|-damage|p2a: Running with|0 fnt\n|faint|p2a: Running with\n|\n|-weather|RainDance|[upkeep]\n|upkeep\n|\n|t:|1699970543\n|switch|p2a: Regal|Serperior, M|43\/100\n|turn|15\n|\n|t:|1699970544\n|move|p1a: Kingdra|Surf|p2a: Regal\n|-resisted|p2a: Regal\n|-damage|p2a: Regal|0 fnt\n|faint|p2a: Regal\n|\n|win|baigu3\n|raw|baigu3's rating: 1651 &rarr; <strong>1673<\/strong><br \/>(+22 for winning)\n|raw|Carno777's rating: 1694 &rarr; <strong>1672<\/strong><br \/>(-22 for losing)\n","uploadtime":1699970549,"views":7,"p1id":"baigu3","p2id":"carno777","formatid":"gen9nationaldex","rating":1672,"private":0,"password":""}