{"id":"gen9nationaldex-1996481377","p1":"Keganthekorok","p2":"Gaia Platinum2","format":"[Gen 9] National Dex","log":"|html|<div class=\"broadcast-blue\"><strong>[Gen 9] National Dex is currently suspecting Sneasler! For information on how to participate check out the <a href=\"https:\/\/www.smogon.com\/forums\/threads\/sv-national-dex-suspect-8-just-dance.3731534\/\">suspect thread<\/a>.<\/strong><\/div>\n|j|\u2606Keganthekorok\n|j|\u2606Gaia Platinum2\n|t:|1700686210\n|gametype|singles\n|player|p1|Keganthekorok|red-masters|1000\n|player|p2|Gaia Platinum2|madame-gen4|1000\n|teamsize|p1|6\n|teamsize|p2|6\n|gen|9\n|tier|[Gen 9] National Dex\n|rated|\n|rule|HP Percentage Mod: HP is shown in percentages\n|rule|Endless Battle Clause: Forcing endless battles is banned\n|rule|OHKO Clause: OHKO moves are banned\n|rule|Evasion Clause: Evasion abilities, items, and moves are banned\n|rule|Evasion Abilities Clause: Evasion abilities are banned\n|rule|Evasion Items Clause: Evasion items are banned\n|rule|Evasion Moves Clause: Evasion moves are banned\n|rule|Species Clause: Limit one of each Pok\u00e9mon\n|rule|Sleep Clause Mod: Limit one foe put to sleep\n|clearpoke\n|poke|p1|Espeon, M|\n|poke|p1|Charizard, M|\n|poke|p1|Venusaur, F|\n|poke|p1|Blastoise, M|\n|poke|p1|Snorlax, F|\n|poke|p1|Pikachu-Original, M|\n|poke|p2|Torterra, M|\n|poke|p2|Hippowdon, M|\n|poke|p2|Garchomp, M|\n|poke|p2|Gliscor, M|\n|poke|p2|Gastrodon-East, F|\n|poke|p2|Mamoswine, M|\n|teampreview\n|\n|t:|1700686220\n|start\n|switch|p1a: Vee|Espeon, M|100\/100\n|switch|p2a: Hippowdon|Hippowdon, M|100\/100\n|-weather|Sandstorm|[from] ability: Sand Stream|[of] p2a: Hippowdon\n|turn|1\n|\n|t:|1700686229\n|switch|p2a: Gliscor|Gliscor, M|100\/100\n|move|p1a: Vee|Sunny Day|p1a: Vee\n|-weather|SunnyDay\n|\n|-weather|SunnyDay|[upkeep]\n|-status|p2a: Gliscor|tox|[from] item: Toxic Orb\n|upkeep\n|turn|2\n|\n|t:|1700686235\n|switch|p1a: Charizard|Charizard, M|100\/100\n|move|p2a: Gliscor|Fling|p1a: Charizard\n|-damage|p1a: Charizard|87\/100\n|-status|p1a: Charizard|tox\n|-enditem|p2a: Gliscor|Toxic Orb|[from] move: Fling\n|\n|-weather|SunnyDay|[upkeep]\n|-damage|p1a: Charizard|75\/100 tox|[from] ability: Solar Power|[of] p1a: Charizard\n|-damage|p1a: Charizard|69\/100 tox|[from] psn\n|upkeep\n|turn|3\n|\n|t:|1700686247\n|switch|p2a: Gastrodon|Gastrodon-East, F|100\/100\n|move|p1a: Charizard|Hidden Power|p2a: Gastrodon\n|-damage|p2a: Gastrodon|80\/100\n|\n|-weather|SunnyDay|[upkeep]\n|-damage|p1a: Charizard|56\/100 tox|[from] ability: Solar Power|[of] p1a: Charizard\n|-heal|p2a: Gastrodon|86\/100|[from] item: Leftovers\n|-damage|p1a: Charizard|44\/100 tox|[from] psn\n|upkeep\n|turn|4\n|\n|t:|1700686261\n|switch|p1a: Saur|Venusaur, F|100\/100\n|switch|p2a: Hippowdon|Hippowdon, M|100\/100\n|-weather|Sandstorm|[from] ability: Sand Stream|[of] p2a: Hippowdon\n|\n|-weather|Sandstorm|[upkeep]\n|-damage|p1a: Saur|95\/100|[from] Sandstorm\n|upkeep\n|turn|5\n|\n|t:|1700686270\n|switch|p2a: Garchomp|Garchomp, M|100\/100\n|move|p1a: Saur|Sleep Powder|p2a: Garchomp|[miss]\n|-miss|p1a: Saur|p2a: Garchomp\n|\n|-weather|Sandstorm|[upkeep]\n|-damage|p1a: Saur|89\/100|[from] Sandstorm\n|upkeep\n|turn|6\n|\n|t:|1700686280\n|detailschange|p2a: Garchomp|Garchomp-Mega, M\n|-mega|p2a: Garchomp|Garchomp|Garchompite\n|move|p2a: Garchomp|Earthquake|p1a: Saur\n|-damage|p1a: Saur|0 fnt\n|faint|p1a: Saur\n|\n|-weather|Sandstorm|[upkeep]\n|upkeep\n|\n|t:|1700686295\n|switch|p1a: Vee|Espeon, M|100\/100\n|turn|7\n|\n|t:|1700686298\n|move|p2a: Garchomp|Earthquake|p1a: Vee\n|-damage|p1a: Vee|21\/100\n|move|p1a: Vee|Sunny Day|p1a: Vee\n|-weather|SunnyDay\n|\n|-weather|SunnyDay|[upkeep]\n|upkeep\n|turn|8\n|\n|t:|1700686304\n|move|p2a: Garchomp|Dragon Claw|p1a: Vee\n|-damage|p1a: Vee|0 fnt\n|faint|p1a: Vee\n|\n|-weather|SunnyDay|[upkeep]\n|upkeep\n|\n|t:|1700686309\n|switch|p1a: Charizard|Charizard, M|44\/100 tox\n|turn|9\n|\n|t:|1700686314\n|-terastallize|p1a: Charizard|Fire\n|move|p1a: Charizard|Fire Blast|p2a: Garchomp\n|-resisted|p2a: Garchomp\n|-damage|p2a: Garchomp|8\/100\n|move|p2a: Garchomp|Dragon Claw|p1a: Charizard\n|-damage|p1a: Charizard|0 fnt\n|faint|p1a: Charizard\n|\n|-weather|SunnyDay|[upkeep]\n|upkeep\n|\n|t:|1700686323\n|switch|p1a: Blastoise|Blastoise, M|100\/100\n|turn|10\n|\n|t:|1700686329\n|move|p2a: Garchomp|Earthquake|p1a: Blastoise\n|-damage|p1a: Blastoise|57\/100\n|move|p1a: Blastoise|Scald|p2a: Garchomp\n|-damage|p2a: Garchomp|0 fnt\n|faint|p2a: Garchomp\n|\n|-weather|SunnyDay|[upkeep]\n|-heal|p1a: Blastoise|63\/100|[from] item: Leftovers\n|upkeep\n|\n|t:|1700686337\n|switch|p2a: Torterra|Torterra, M|100\/100\n|turn|11\n|\n|t:|1700686342\n|move|p2a: Torterra|Wood Hammer|p1a: Blastoise\n|-supereffective|p1a: Blastoise\n|-damage|p1a: Blastoise|0 fnt\n|faint|p1a: Blastoise\n|-damage|p2a: Torterra|78\/100|[from] Recoil\n|\n|-weather|SunnyDay|[upkeep]\n|upkeep\n|\n|t:|1700686348\n|switch|p1a: Snor|Snorlax, F|100\/100\n|turn|12\n|\n|t:|1700686353\n|move|p2a: Torterra|Shell Smash|p2a: Torterra\n|-unboost|p2a: Torterra|def|1\n|-unboost|p2a: Torterra|spd|1\n|-boost|p2a: Torterra|atk|2\n|-boost|p2a: Torterra|spa|2\n|-boost|p2a: Torterra|spe|2\n|move|p1a: Snor|Fire Punch|p2a: Torterra\n|-supereffective|p2a: Torterra\n|-damage|p2a: Torterra|1\/100\n|\n|-weather|SunnyDay|[upkeep]\n|upkeep\n|turn|13\n|\n|t:|1700686368\n|-zpower|p2a: Torterra\n|move|p2a: Torterra|Tectonic Rage|p1a: Snor|[zeffect]\n|-damage|p1a: Snor|0 fnt\n|faint|p1a: Snor\n|\n|-weather|SunnyDay|[upkeep]\n|upkeep\n|\n|t:|1700686374\n|switch|p1a: Pika|Pikachu-Original, M|100\/100\n|turn|14\n|\n|t:|1700686377\n|move|p2a: Torterra|Headlong Rush|p1a: Pika\n|-supereffective|p1a: Pika\n|-damage|p1a: Pika|0 fnt\n|-unboost|p2a: Torterra|def|1\n|-unboost|p2a: Torterra|spd|1\n|faint|p1a: Pika\n|\n|win|Gaia Platinum2\n|raw|Keganthekorok's rating: 1000 &rarr; <strong>1000<\/strong><br \/>(+0 for losing)\n|raw|Gaia Platinum2's rating: 1000 &rarr; <strong>1040<\/strong><br \/>(+40 for winning)\n|l|\u2606Keganthekorok\n","uploadtime":1700686467,"views":4,"p1id":"keganthekorok","p2id":"gaiaplatinum2","formatid":"gen9nationaldex","rating":1000,"private":0,"password":""}