{"id":"gen9nationaldex-1999333879","p1":"GABRIEL_HU","p2":"uaxjump","format":"[Gen 9] National Dex","log":"|html|<div class=\"broadcast-blue\"><strong>[Gen 9] National Dex is currently suspecting Sneasler! For information on how to participate check out the <a href=\"https:\/\/www.smogon.com\/forums\/threads\/sv-national-dex-suspect-8-just-dance.3731534\/\">suspect thread<\/a>.<\/strong><\/div>\n|j|\u2606GABRIEL_HU\n|j|\u2606uaxjump\n|t:|1701061967\n|gametype|singles\n|player|p1|GABRIEL_HU|guitarist|1324\n|player|p2|uaxjump|rosa-masters2|1280\n|teamsize|p1|6\n|teamsize|p2|6\n|gen|9\n|tier|[Gen 9] National Dex\n|rated|\n|rule|HP Percentage Mod: HP is shown in percentages\n|rule|Endless Battle Clause: Forcing endless battles is banned\n|rule|OHKO Clause: OHKO moves are banned\n|rule|Evasion Clause: Evasion abilities, items, and moves are banned\n|rule|Evasion Abilities Clause: Evasion abilities are banned\n|rule|Evasion Items Clause: Evasion items are banned\n|rule|Evasion Moves Clause: Evasion moves are banned\n|rule|Species Clause: Limit one of each Pok\u00e9mon\n|rule|Sleep Clause Mod: Limit one foe put to sleep\n|clearpoke\n|poke|p1|Garganacl, F|\n|poke|p1|Greninja-*, M|\n|poke|p1|Zapdos|\n|poke|p1|Great Tusk|\n|poke|p1|Heatran, M|\n|poke|p1|Scizor, F|\n|poke|p2|Weavile, F|\n|poke|p2|Landorus-Therian, M|\n|poke|p2|Zapdos|\n|poke|p2|Volcanion|\n|poke|p2|Ursaluna, M|\n|poke|p2|Kartana|\n|teampreview\n|inactive|Battle timer is ON: inactive players will automatically lose when time's up. (requested by GABRIEL_HU)\n|\n|t:|1701061984\n|start\n|switch|p1a: Great Tusk|Great Tusk|100\/100\n|switch|p2a: Landorus|Landorus-Therian, M|100\/100\n|-ability|p2a: Landorus|Intimidate|boost\n|-unboost|p1a: Great Tusk|atk|1\n|turn|1\n|\n|t:|1701061991\n|-zpower|p1a: Great Tusk\n|move|p1a: Great Tusk|Subzero Slammer|p2a: Landorus|[zeffect]\n|-supereffective|p2a: Landorus\n|-damage|p2a: Landorus|0 fnt\n|faint|p2a: Landorus\n|\n|upkeep\n|\n|t:|1701061997\n|switch|p2a: Kartana|Kartana|100\/100\n|turn|2\n|\n|t:|1701062001\n|-end|p1a: Great Tusk|Protosynthesis|[silent]\n|switch|p1a: Heatran|Heatran, M|100\/100\n|move|p2a: Kartana|Leaf Blade|p1a: Heatran\n|-resisted|p1a: Heatran\n|-damage|p1a: Heatran|88\/100\n|-damage|p2a: Kartana|84\/100|[from] item: Rocky Helmet|[of] p1a: Heatran\n|\n|upkeep\n|turn|3\n|\n|t:|1701062005\n|switch|p2a: Volcanion|Volcanion|100\/100\n|move|p1a: Heatran|Magma Storm|p2a: Volcanion\n|-resisted|p2a: Volcanion\n|-damage|p2a: Volcanion|90\/100\n|-activate|p2a: Volcanion|move: Magma Storm|[of] p1a: Heatran\n|\n|-damage|p2a: Volcanion|77\/100|[from] move: Magma Storm|[partiallytrapped]\n|upkeep\n|turn|4\n|\n|t:|1701062015\n|move|p1a: Heatran|Protect|p1a: Heatran\n|-singleturn|p1a: Heatran|Protect\n|move|p2a: Volcanion|Steam Eruption|p1a: Heatran\n|-activate|p1a: Heatran|move: Protect\n|\n|-damage|p2a: Volcanion|65\/100|[from] move: Magma Storm|[partiallytrapped]\n|upkeep\n|turn|5\n|\n|t:|1701062031\n|switch|p1a: Zapdos|Zapdos|100\/100\n|move|p2a: Volcanion|Steam Eruption|p1a: Zapdos\n|-damage|p1a: Zapdos|57\/100\n|\n|-end|p2a: Volcanion|Magma Storm|[partiallytrapped]|[silent]\n|upkeep\n|turn|6\n|\n|t:|1701062042\n|move|p1a: Zapdos|U-turn|p2a: Volcanion\n|-resisted|p2a: Volcanion\n|-damage|p2a: Volcanion|61\/100\n|\n|t:|1701062047\n|switch|p1a: Heatran|Heatran, M|88\/100|[from] U-turn\n|move|p2a: Volcanion|Toxic|p1a: Heatran\n|-immune|p1a: Heatran\n|\n|upkeep\n|turn|7\n|\n|t:|1701062055\n|move|p1a: Heatran|Protect|p1a: Heatran\n|-singleturn|p1a: Heatran|Protect\n|move|p2a: Volcanion|Steam Eruption|p1a: Heatran\n|-activate|p1a: Heatran|move: Protect\n|\n|upkeep\n|turn|8\n|\n|t:|1701062060\n|move|p1a: Heatran|Stealth Rock|p2a: Volcanion\n|-sidestart|p2: uaxjump|move: Stealth Rock\n|move|p2a: Volcanion|Steam Eruption|p1a: Heatran\n|-supereffective|p1a: Heatran\n|-damage|p1a: Heatran|34\/100\n|\n|upkeep\n|turn|9\n|\n|t:|1701062071\n|switch|p1a: Zapdos|Zapdos|57\/100\n|move|p2a: Volcanion|Body Press|p1a: Zapdos\n|-resisted|p1a: Zapdos\n|-damage|p1a: Zapdos|48\/100\n|\n|upkeep\n|turn|10\n|\n|t:|1701062081\n|switch|p2a: Zapdos|Zapdos|100\/100\n|move|p1a: Zapdos|Discharge|p2a: Zapdos\n|-damage|p2a: Zapdos|70\/100\n|\n|upkeep\n|turn|11\n|\n|t:|1701062089\n|switch|p1a: Great Tusk|Great Tusk|100\/100\n|move|p2a: Zapdos|Discharge|p1a: Great Tusk\n|-immune|p1a: Great Tusk\n|\n|upkeep\n|turn|12\n|\n|t:|1701062091\n|move|p1a: Great Tusk|Ice Spinner|p2a: Zapdos\n|-supereffective|p2a: Zapdos\n|-damage|p2a: Zapdos|26\/100\n|move|p2a: Zapdos|U-turn|p1a: Great Tusk\n|-resisted|p1a: Great Tusk\n|-damage|p1a: Great Tusk|95\/100\n|\n|t:|1701062098\n|switch|p2a: Weavile|Weavile, F|100\/100|[from] U-turn\n|-damage|p2a: Weavile|76\/100|[from] Stealth Rock\n|-ability|p2a: Weavile|Pressure\n|\n|upkeep\n|turn|13\n|\n|t:|1701062107\n|-end|p1a: Great Tusk|Protosynthesis|[silent]\n|switch|p1a: Heatran|Heatran, M|34\/100\n|move|p2a: Weavile|Triple Axel|p1a: Heatran\n|-resisted|p1a: Heatran\n|-damage|p1a: Heatran|31\/100\n|-damage|p2a: Weavile|59\/100|[from] item: Rocky Helmet|[of] p1a: Heatran\n|-resisted|p1a: Heatran\n|-damage|p1a: Heatran|25\/100\n|-damage|p2a: Weavile|43\/100|[from] item: Rocky Helmet|[of] p1a: Heatran\n|-resisted|p1a: Heatran\n|-damage|p1a: Heatran|15\/100\n|-damage|p2a: Weavile|26\/100|[from] item: Rocky Helmet|[of] p1a: Heatran\n|-hitcount|p1a: Heatran|3\n|\n|upkeep\n|turn|14\n|\n|t:|1701062113\n|switch|p2a: Kartana|Kartana|84\/100\n|-damage|p2a: Kartana|78\/100|[from] Stealth Rock\n|move|p1a: Heatran|Protect||[still]\n|-fail|p1a: Heatran\n|\n|upkeep\n|turn|15\n|\n|t:|1701062117\n|switch|p1a: Zapdos|Zapdos|48\/100\n|move|p2a: Kartana|Sacred Sword|p1a: Zapdos\n|-resisted|p1a: Zapdos\n|-damage|p1a: Zapdos|34\/100\n|-status|p2a: Kartana|par|[from] ability: Static|[of] p1a: Zapdos\n|\n|upkeep\n|turn|16\n|\n|t:|1701062121\n|switch|p2a: Ursaluna|Ursaluna, M|100\/100\n|-damage|p2a: Ursaluna|94\/100|[from] Stealth Rock\n|move|p1a: Zapdos|Roost|p1a: Zapdos\n|-heal|p1a: Zapdos|84\/100\n|-singleturn|p1a: Zapdos|move: Roost\n|\n|-status|p2a: Ursaluna|brn|[from] item: Flame Orb\n|upkeep\n|turn|17\n|\n|t:|1701062125\n|move|p1a: Zapdos|U-turn|p2a: Ursaluna\n|-damage|p2a: Ursaluna|83\/100 brn\n|\n|t:|1701062128\n|switch|p1a: Great Tusk|Great Tusk|95\/100|[from] U-turn\n|move|p2a: Ursaluna|Facade|p1a: Great Tusk\n|-damage|p1a: Great Tusk|0 fnt\n|faint|p1a: Great Tusk\n|-end|p1a: Great Tusk|Protosynthesis|[silent]\n|\n|-damage|p2a: Ursaluna|77\/100 brn|[from] brn\n|upkeep\n|\n|t:|1701062135\n|switch|p1a: Greninja|Greninja, M|100\/100\n|turn|18\n|\n|t:|1701062145\n|move|p1a: Greninja|Surf|p2a: Ursaluna\n|-supereffective|p2a: Ursaluna\n|-damage|p2a: Ursaluna|0 fnt\n|faint|p2a: Ursaluna\n|-ability|p1a: Greninja|Battle Bond|boost\n|-boost|p1a: Greninja|atk|1\n|-boost|p1a: Greninja|spa|1\n|-boost|p1a: Greninja|spe|1\n|-activate|p1a: Greninja|ability: Battle Bond\n|-damage|p1a: Greninja|91\/100|[from] item: Life Orb\n|\n|upkeep\n|\n|t:|1701062149\n|switch|p2a: Kartana|Kartana|78\/100 par\n|-damage|p2a: Kartana|72\/100 par|[from] Stealth Rock\n|turn|19\n|\n|t:|1701062153\n|move|p1a: Greninja|Dark Pulse|p2a: Kartana\n|-damage|p2a: Kartana|0 fnt\n|faint|p2a: Kartana\n|-damage|p1a: Greninja|81\/100|[from] item: Life Orb\n|\n|upkeep\n|-message|uaxjump forfeited.\n|\n|win|GABRIEL_HU\n|raw|GABRIEL_HU's rating: 1324 &rarr; <strong>1341<\/strong><br \/>(+17 for winning)\n|raw|uaxjump's rating: 1280 &rarr; <strong>1258<\/strong><br \/>(-22 for losing)\n|l|\u2606uaxjump\n","uploadtime":1701062161,"views":15,"p1id":"gabrielhu","p2id":"uaxjump","formatid":"gen9nationaldex","rating":1258,"private":0,"password":""}