{"id":"gen9nationaldex-1990236627","p1":"zsjbluemiracle","p2":"SCP-4666","format":"[Gen 9] National Dex","log":"|j|\u2606zsjbluemiracle\n|j|\u2606SCP-4666\n|t:|1699942140\n|gametype|singles\n|player|p1|zsjbluemiracle|red|1411\n|player|p2|SCP-4666|1|1551\n|teamsize|p1|6\n|teamsize|p2|6\n|gen|9\n|tier|[Gen 9] National Dex\n|rated|\n|rule|HP Percentage Mod: HP is shown in percentages\n|rule|Endless Battle Clause: Forcing endless battles is banned\n|rule|OHKO Clause: OHKO moves are banned\n|rule|Evasion Clause: Evasion abilities, items, and moves are banned\n|rule|Evasion Abilities Clause: Evasion abilities are banned\n|rule|Evasion Items Clause: Evasion items are banned\n|rule|Evasion Moves Clause: Evasion moves are banned\n|rule|Species Clause: Limit one of each Pok\u00e9mon\n|rule|Sleep Clause Mod: Limit one foe put to sleep\n|clearpoke\n|poke|p1|Swampert, M|\n|poke|p1|Pelipper, M|\n|poke|p1|Greninja-*, M|\n|poke|p1|Ferrothorn, M|\n|poke|p1|Dragonite, M|\n|poke|p1|Zapdos|\n|poke|p2|Gliscor, F|\n|poke|p2|Sableye, M|\n|poke|p2|Toxapex, M|\n|poke|p2|Chansey, F|\n|poke|p2|Clodsire, M|\n|poke|p2|Dondozo, F|\n|teampreview\n|inactive|Battle timer is ON: inactive players will automatically lose when time's up. (requested by zsjbluemiracle)\n|\n|t:|1699942159\n|start\n|switch|p1a: \u5bb9\u751f|Greninja, M|100\/100\n|switch|p2a: Sableye|Sableye, M|100\/100\n|turn|1\n|\n|t:|1699942167\n|detailschange|p2a: Sableye|Sableye-Mega, M\n|-mega|p2a: Sableye|Sableye|Sablenite\n|move|p2a: Sableye|Fake Out|p1a: \u5bb9\u751f\n|-damage|p1a: \u5bb9\u751f|88\/100\n|cant|p1a: \u5bb9\u751f|flinch\n|\n|upkeep\n|turn|2\n|\n|t:|1699942177\n|switch|p1a: \u9ec4\u91d1\u8106\u76ae\u9e21|Zapdos, shiny|100\/100\n|switch|p2a: Chansey|Chansey, F|100\/100\n|\n|upkeep\n|turn|3\n|\n|t:|1699942185\n|move|p1a: \u9ec4\u91d1\u8106\u76ae\u9e21|Volt Switch|p2a: Chansey\n|-damage|p2a: Chansey|92\/100\n|\n|t:|1699942188\n|switch|p1a: \u7a0b\u5b66\u8d85|Ferrothorn, M, shiny|100\/100|[from] Volt Switch\n|move|p2a: Chansey|Stealth Rock|p1a: \u7a0b\u5b66\u8d85\n|-sidestart|p1: zsjbluemiracle|move: Stealth Rock\n|\n|upkeep\n|turn|4\n|\n|t:|1699942194\n|switch|p2a: Sableye|Sableye-Mega, M|100\/100\n|move|p1a: \u7a0b\u5b66\u8d85|Knock Off|p2a: Sableye\n|-damage|p2a: Sableye|90\/100\n|\n|upkeep\n|turn|5\n|\n|t:|1699942204\n|switch|p1a: \u9ec4\u91d1\u8106\u76ae\u9e21|Zapdos, shiny|100\/100\n|move|p2a: Sableye|Knock Off|p1a: \u9ec4\u91d1\u8106\u76ae\u9e21\n|-crit|p1a: \u9ec4\u91d1\u8106\u76ae\u9e21\n|-damage|p1a: \u9ec4\u91d1\u8106\u76ae\u9e21|71\/100\n|-enditem|p1a: \u9ec4\u91d1\u8106\u76ae\u9e21|Heavy-Duty Boots|[from] move: Knock Off|[of] p2a: Sableye\n|\n|upkeep\n|turn|6\n|\n|t:|1699942213\n|switch|p2a: Clodsire|Clodsire, M|100\/100\n|move|p1a: \u9ec4\u91d1\u8106\u76ae\u9e21|Defog|p2a: Clodsire\n|-unboost|p2a: Clodsire|evasion|1\n|-sideend|p1: zsjbluemiracle|Stealth Rock|[from] move: Defog|[of] p1a: \u9ec4\u91d1\u8106\u76ae\u9e21\n|\n|upkeep\n|turn|7\n|\n|t:|1699942219\n|switch|p1a: \u7a0b\u5b66\u8d85|Ferrothorn, M, shiny|100\/100\n|move|p2a: Clodsire|Spikes|p1a: \u7a0b\u5b66\u8d85\n|-sidestart|p1: zsjbluemiracle|Spikes\n|\n|upkeep\n|turn|8\n|\n|t:|1699942226\n|switch|p2a: Sableye|Sableye-Mega, M|90\/100\n|move|p1a: \u7a0b\u5b66\u8d85|Knock Off|p2a: Sableye\n|-damage|p2a: Sableye|81\/100\n|\n|upkeep\n|turn|9\n|\n|t:|1699942233\n|switch|p2a: Chansey|Chansey, F|92\/100\n|move|p1a: \u7a0b\u5b66\u8d85|Knock Off|p2a: Chansey\n|-damage|p2a: Chansey|80\/100\n|-enditem|p2a: Chansey|Eviolite|[from] move: Knock Off|[of] p1a: \u7a0b\u5b66\u8d85\n|\n|upkeep\n|turn|10\n|\n|t:|1699942244\n|switch|p1a: \u9ec4\u91d1\u8106\u76ae\u9e21|Zapdos, shiny|71\/100\n|move|p2a: Chansey|Stealth Rock|p1a: \u9ec4\u91d1\u8106\u76ae\u9e21\n|-sidestart|p1: zsjbluemiracle|move: Stealth Rock\n|\n|upkeep\n|turn|11\n|\n|t:|1699942247\n|move|p1a: \u9ec4\u91d1\u8106\u76ae\u9e21|Defog|p2a: Chansey\n|-unboost|p2a: Chansey|evasion|1\n|-sideend|p1: zsjbluemiracle|Spikes|[from] move: Defog|[of] p1a: \u9ec4\u91d1\u8106\u76ae\u9e21\n|-sideend|p1: zsjbluemiracle|Stealth Rock|[from] move: Defog|[of] p1a: \u9ec4\u91d1\u8106\u76ae\u9e21\n|move|p2a: Chansey|Toxic|p1a: \u9ec4\u91d1\u8106\u76ae\u9e21\n|-status|p1a: \u9ec4\u91d1\u8106\u76ae\u9e21|tox\n|\n|-damage|p1a: \u9ec4\u91d1\u8106\u76ae\u9e21|64\/100 tox|[from] psn\n|upkeep\n|turn|12\n|\n|t:|1699942252\n|move|p1a: \u9ec4\u91d1\u8106\u76ae\u9e21|Roost|p1a: \u9ec4\u91d1\u8106\u76ae\u9e21\n|-heal|p1a: \u9ec4\u91d1\u8106\u76ae\u9e21|100\/100 tox\n|-singleturn|p1a: \u9ec4\u91d1\u8106\u76ae\u9e21|move: Roost\n|move|p2a: Chansey|Stealth Rock|p1a: \u9ec4\u91d1\u8106\u76ae\u9e21\n|-sidestart|p1: zsjbluemiracle|move: Stealth Rock\n|\n|-damage|p1a: \u9ec4\u91d1\u8106\u76ae\u9e21|88\/100 tox|[from] psn\n|upkeep\n|turn|13\n|\n|t:|1699942256\n|switch|p1a: \u7a0b\u5b66\u8d85|Ferrothorn, M, shiny|100\/100\n|-damage|p1a: \u7a0b\u5b66\u8d85|94\/100|[from] Stealth Rock\n|move|p2a: Chansey|Seismic Toss|p1a: \u7a0b\u5b66\u8d85\n|-damage|p1a: \u7a0b\u5b66\u8d85|66\/100\n|-damage|p2a: Chansey|67\/100|[from] ability: Iron Barbs|[of] p1a: \u7a0b\u5b66\u8d85\n|\n|-heal|p1a: \u7a0b\u5b66\u8d85|72\/100|[from] item: Leftovers\n|upkeep\n|turn|14\n|\n|t:|1699942261\n|switch|p2a: Sableye|Sableye-Mega, M|81\/100\n|move|p1a: \u7a0b\u5b66\u8d85|Knock Off|p2a: Sableye\n|-damage|p2a: Sableye|71\/100\n|\n|-heal|p1a: \u7a0b\u5b66\u8d85|78\/100|[from] item: Leftovers\n|upkeep\n|turn|15\n|\n|t:|1699942271\n|switch|p1a: \u9ec4\u91d1\u8106\u76ae\u9e21|Zapdos, shiny|88\/100 tox\n|-damage|p1a: \u9ec4\u91d1\u8106\u76ae\u9e21|63\/100 tox|[from] Stealth Rock\n|move|p2a: Sableye|Will-O-Wisp||[still]\n|-fail|p2a: Sableye\n|\n|-damage|p1a: \u9ec4\u91d1\u8106\u76ae\u9e21|57\/100 tox|[from] psn\n|upkeep\n|turn|16\n|\n|t:|1699942282\n|switch|p2a: Chansey|Chansey, F|67\/100\n|move|p1a: \u9ec4\u91d1\u8106\u76ae\u9e21|Defog|p2a: Chansey\n|-unboost|p2a: Chansey|evasion|1\n|-sideend|p1: zsjbluemiracle|Stealth Rock|[from] move: Defog|[of] p1a: \u9ec4\u91d1\u8106\u76ae\u9e21\n|\n|-damage|p1a: \u9ec4\u91d1\u8106\u76ae\u9e21|44\/100 tox|[from] psn\n|upkeep\n|turn|17\n|\n|t:|1699942295\n|switch|p1a: \u8273|Swampert, M, shiny|100\/100\n|move|p2a: Chansey|Stealth Rock|p1a: \u8273\n|-sidestart|p1: zsjbluemiracle|move: Stealth Rock\n|\n|upkeep\n|turn|18\n|\n|t:|1699942308\n|switch|p2a: Dondozo|Dondozo, F|100\/100\n|detailschange|p1a: \u8273|Swampert-Mega, M, shiny\n|-mega|p1a: \u8273|Swampert|Swampertite\n|move|p1a: \u8273|Flip Turn|p2a: Dondozo\n|-resisted|p2a: Dondozo\n|-damage|p2a: Dondozo|93\/100\n|\n|t:|1699942310\n|switch|p1a: \u9ec4\u91d1\u8106\u76ae\u9e21|Zapdos, shiny|44\/100 tox|[from] Flip Turn\n|-damage|p1a: \u9ec4\u91d1\u8106\u76ae\u9e21|19\/100 tox|[from] Stealth Rock\n|\n|-heal|p2a: Dondozo|99\/100|[from] item: Leftovers\n|-damage|p1a: \u9ec4\u91d1\u8106\u76ae\u9e21|13\/100 tox|[from] psn\n|upkeep\n|turn|19\n|\n|t:|1699942320\n|switch|p2a: Chansey|Chansey, F|67\/100\n|move|p1a: \u9ec4\u91d1\u8106\u76ae\u9e21|Roost|p1a: \u9ec4\u91d1\u8106\u76ae\u9e21\n|-heal|p1a: \u9ec4\u91d1\u8106\u76ae\u9e21|63\/100 tox\n|-singleturn|p1a: \u9ec4\u91d1\u8106\u76ae\u9e21|move: Roost\n|\n|-damage|p1a: \u9ec4\u91d1\u8106\u76ae\u9e21|50\/100 tox|[from] psn\n|upkeep\n|turn|20\n|\n|t:|1699942327\n|move|p1a: \u9ec4\u91d1\u8106\u76ae\u9e21|Roost|p1a: \u9ec4\u91d1\u8106\u76ae\u9e21\n|-heal|p1a: \u9ec4\u91d1\u8106\u76ae\u9e21|100\/100 tox\n|-singleturn|p1a: \u9ec4\u91d1\u8106\u76ae\u9e21|move: Roost\n|move|p2a: Chansey|Seismic Toss|p1a: \u9ec4\u91d1\u8106\u76ae\u9e21\n|-damage|p1a: \u9ec4\u91d1\u8106\u76ae\u9e21|74\/100 tox\n|-status|p2a: Chansey|par|[from] ability: Static|[of] p1a: \u9ec4\u91d1\u8106\u76ae\u9e21\n|\n|-damage|p1a: \u9ec4\u91d1\u8106\u76ae\u9e21|56\/100 tox|[from] psn\n|upkeep\n|turn|21\n|\n|t:|1699942339\n|move|p1a: \u9ec4\u91d1\u8106\u76ae\u9e21|Defog|p2a: Chansey\n|-unboost|p2a: Chansey|evasion|1\n|-sideend|p1: zsjbluemiracle|Stealth Rock|[from] move: Defog|[of] p1a: \u9ec4\u91d1\u8106\u76ae\u9e21\n|move|p2a: Chansey|Seismic Toss|p1a: \u9ec4\u91d1\u8106\u76ae\u9e21\n|-damage|p1a: \u9ec4\u91d1\u8106\u76ae\u9e21|30\/100 tox\n|\n|-damage|p1a: \u9ec4\u91d1\u8106\u76ae\u9e21|5\/100 tox|[from] psn\n|upkeep\n|turn|22\n|\n|t:|1699942344\n|switch|p1a: \u8273|Swampert-Mega, M, shiny|100\/100\n|move|p2a: Chansey|Stealth Rock|p1a: \u8273\n|-sidestart|p1: zsjbluemiracle|move: Stealth Rock\n|\n|upkeep\n|turn|23\n|\n|t:|1699942349\n|-curestatus|p2a: Chansey|par|[from] ability: Natural Cure\n|switch|p2a: Dondozo|Dondozo, F|99\/100\n|move|p1a: \u8273|Flip Turn|p2a: Dondozo\n|-resisted|p2a: Dondozo\n|-damage|p2a: Dondozo|91\/100\n|\n|t:|1699942358\n|switch|p1a: \u7a0b\u5b66\u8d85|Ferrothorn, M, shiny|78\/100|[from] Flip Turn\n|-damage|p1a: \u7a0b\u5b66\u8d85|72\/100|[from] Stealth Rock\n|\n|-heal|p2a: Dondozo|97\/100|[from] item: Leftovers\n|-heal|p1a: \u7a0b\u5b66\u8d85|78\/100|[from] item: Leftovers\n|upkeep\n|turn|24\n|\n|t:|1699942367\n|switch|p2a: Sableye|Sableye-Mega, M|71\/100\n|move|p1a: \u7a0b\u5b66\u8d85|Knock Off|p2a: Sableye\n|-damage|p2a: Sableye|61\/100\n|\n|-heal|p1a: \u7a0b\u5b66\u8d85|85\/100|[from] item: Leftovers\n|upkeep\n|turn|25\n|\n|t:|1699942373\n|switch|p1a: \u9ec4\u91d1\u8106\u76ae\u9e21|Zapdos, shiny|5\/100 tox\n|-damage|p1a: \u9ec4\u91d1\u8106\u76ae\u9e21|0 fnt|[from] Stealth Rock\n|faint|p1a: \u9ec4\u91d1\u8106\u76ae\u9e21\n|move|p2a: Sableye|Recover|p2a: Sableye\n|-heal|p2a: Sableye|100\/100\n|\n|upkeep\n|\n|t:|1699942384\n|switch|p1a: \u6842\u5a77|Pelipper, M, shiny|100\/100\n|-damage|p1a: \u6842\u5a77|76\/100|[from] Stealth Rock\n|-weather|RainDance|[from] ability: Drizzle|[of] p1a: \u6842\u5a77\n|turn|26\n|\n|t:|1699942394\n|-terastallize|p1a: \u6842\u5a77|Water\n|move|p1a: \u6842\u5a77|Weather Ball|p2a: Sableye\n|-damage|p2a: Sableye|0 fnt\n|faint|p2a: Sableye\n|\n|-weather|RainDance|[upkeep]\n|upkeep\n|\n|t:|1699942404\n|switch|p2a: Toxapex|Toxapex, M|100\/100\n|turn|27\n|\n|t:|1699942408\n|switch|p1a: \u7a0b\u5b66\u8d85|Ferrothorn, M, shiny|85\/100\n|-damage|p1a: \u7a0b\u5b66\u8d85|78\/100|[from] Stealth Rock\n|move|p2a: Toxapex|Toxic Spikes|p1a: \u7a0b\u5b66\u8d85\n|-sidestart|p1: zsjbluemiracle|move: Toxic Spikes\n|\n|-weather|RainDance|[upkeep]\n|-heal|p1a: \u7a0b\u5b66\u8d85|85\/100|[from] item: Leftovers\n|upkeep\n|turn|28\n|\n|t:|1699942415\n|move|p2a: Toxapex|Knock Off|p1a: \u7a0b\u5b66\u8d85\n|-damage|p1a: \u7a0b\u5b66\u8d85|73\/100\n|-damage|p2a: Toxapex|88\/100|[from] ability: Iron Barbs|[of] p1a: \u7a0b\u5b66\u8d85\n|-enditem|p1a: \u7a0b\u5b66\u8d85|Leftovers|[from] move: Knock Off|[of] p2a: Toxapex\n|move|p1a: \u7a0b\u5b66\u8d85|Leech Seed|p2a: Toxapex\n|-start|p2a: Toxapex|move: Leech Seed\n|\n|-weather|RainDance|[upkeep]\n|-damage|p2a: Toxapex|76\/100|[from] Leech Seed|[of] p1a: \u7a0b\u5b66\u8d85\n|-heal|p1a: \u7a0b\u5b66\u8d85|83\/100|[silent]\n|upkeep\n|turn|29\n|\n|t:|1699942424\n|move|p2a: Toxapex|Scald|p1a: \u7a0b\u5b66\u8d85\n|-resisted|p1a: \u7a0b\u5b66\u8d85\n|-damage|p1a: \u7a0b\u5b66\u8d85|76\/100\n|move|p1a: \u7a0b\u5b66\u8d85|Stealth Rock|p2a: Toxapex\n|-sidestart|p2: SCP-4666|move: Stealth Rock\n|\n|-weather|RainDance|[upkeep]\n|-damage|p2a: Toxapex|64\/100|[from] Leech Seed|[of] p1a: \u7a0b\u5b66\u8d85\n|-heal|p1a: \u7a0b\u5b66\u8d85|87\/100|[silent]\n|upkeep\n|turn|30\n|\n|t:|1699942431\n|move|p2a: Toxapex|Toxic Spikes|p1a: \u7a0b\u5b66\u8d85\n|-sidestart|p1: zsjbluemiracle|move: Toxic Spikes\n|move|p1a: \u7a0b\u5b66\u8d85|Knock Off|p2a: Toxapex\n|-damage|p2a: Toxapex|50\/100\n|-enditem|p2a: Toxapex|Covert Cloak|[from] move: Knock Off|[of] p1a: \u7a0b\u5b66\u8d85\n|\n|-weather|none\n|-damage|p2a: Toxapex|37\/100|[from] Leech Seed|[of] p1a: \u7a0b\u5b66\u8d85\n|-heal|p1a: \u7a0b\u5b66\u8d85|97\/100|[silent]\n|upkeep\n|turn|31\n|\n|t:|1699942439\n|switch|p2a: Gliscor|Gliscor, F|100\/100\n|-damage|p2a: Gliscor|88\/100|[from] Stealth Rock\n|move|p1a: \u7a0b\u5b66\u8d85|Knock Off|p2a: Gliscor\n|-damage|p2a: Gliscor|75\/100\n|-enditem|p2a: Gliscor|Toxic Orb|[from] move: Knock Off|[of] p1a: \u7a0b\u5b66\u8d85\n|\n|upkeep\n|turn|32\n|\n|t:|1699942449\n|switch|p2a: Toxapex|Toxapex, M|71\/100\n|-damage|p2a: Toxapex|59\/100|[from] Stealth Rock\n|move|p1a: \u7a0b\u5b66\u8d85|Leech Seed|p2a: Toxapex\n|-start|p2a: Toxapex|move: Leech Seed\n|\n|-damage|p2a: Toxapex|46\/100|[from] Leech Seed|[of] p1a: \u7a0b\u5b66\u8d85\n|-heal|p1a: \u7a0b\u5b66\u8d85|100\/100|[silent]\n|upkeep\n|turn|33\n|\n|t:|1699942453\n|move|p2a: Toxapex|Recover|p2a: Toxapex\n|-heal|p2a: Toxapex|97\/100\n|move|p1a: \u7a0b\u5b66\u8d85|Knock Off|p2a: Toxapex\n|-damage|p2a: Toxapex|89\/100\n|\n|-damage|p2a: Toxapex|76\/100|[from] Leech Seed|[of] p1a: \u7a0b\u5b66\u8d85\n|upkeep\n|turn|34\n|\n|t:|1699942458\n|move|p2a: Toxapex|Scald|p1a: \u7a0b\u5b66\u8d85\n|-resisted|p1a: \u7a0b\u5b66\u8d85\n|-damage|p1a: \u7a0b\u5b66\u8d85|96\/100\n|move|p1a: \u7a0b\u5b66\u8d85|Knock Off|p2a: Toxapex\n|-damage|p2a: Toxapex|68\/100\n|\n|-damage|p2a: Toxapex|56\/100|[from] Leech Seed|[of] p1a: \u7a0b\u5b66\u8d85\n|-heal|p1a: \u7a0b\u5b66\u8d85|100\/100|[silent]\n|upkeep\n|turn|35\n|\n|t:|1699942464\n|switch|p1a: slower dancer|Dragonite, M|100\/100\n|move|p2a: Toxapex|Scald|p1a: slower dancer\n|-resisted|p1a: slower dancer\n|-damage|p1a: slower dancer|97\/100\n|\n|-damage|p2a: Toxapex|44\/100|[from] Leech Seed|[of] p1a: slower dancer\n|-heal|p1a: slower dancer|100\/100|[silent]\n|upkeep\n|turn|36\n|\n|t:|1699942470\n|switch|p2a: Dondozo|Dondozo, F|97\/100\n|-damage|p2a: Dondozo|84\/100|[from] Stealth Rock\n|move|p1a: slower dancer|Earthquake|p2a: Dondozo\n|-damage|p2a: Dondozo|66\/100\n|\n|-heal|p2a: Dondozo|72\/100|[from] item: Leftovers\n|upkeep\n|turn|37\n|\n|t:|1699942477\n|switch|p1a: \u7a0b\u5b66\u8d85|Ferrothorn, M, shiny|100\/100\n|-damage|p1a: \u7a0b\u5b66\u8d85|94\/100|[from] Stealth Rock\n|move|p2a: Dondozo|Curse|p2a: Dondozo\n|-unboost|p2a: Dondozo|spe|1\n|-boost|p2a: Dondozo|atk|1\n|-boost|p2a: Dondozo|def|1\n|\n|-heal|p2a: Dondozo|79\/100|[from] item: Leftovers\n|upkeep\n|turn|38\n|\n|t:|1699942484\n|-terastallize|p2a: Dondozo|Grass\n|move|p2a: Dondozo|Curse|p2a: Dondozo\n|-unboost|p2a: Dondozo|spe|1\n|-boost|p2a: Dondozo|atk|1\n|-boost|p2a: Dondozo|def|1\n|move|p1a: \u7a0b\u5b66\u8d85|Knock Off|p2a: Dondozo\n|-damage|p2a: Dondozo|73\/100\n|-enditem|p2a: Dondozo|Leftovers|[from] move: Knock Off|[of] p1a: \u7a0b\u5b66\u8d85\n|\n|upkeep\n|turn|39\n|\n|t:|1699942501\n|switch|p1a: \u5bb9\u751f|Greninja, M|88\/100\n|-damage|p1a: \u5bb9\u751f|76\/100|[from] Stealth Rock\n|-status|p1a: \u5bb9\u751f|tox\n|move|p2a: Dondozo|Curse|p2a: Dondozo\n|-unboost|p2a: Dondozo|spe|1\n|-boost|p2a: Dondozo|atk|1\n|-boost|p2a: Dondozo|def|1\n|\n|-damage|p1a: \u5bb9\u751f|70\/100 tox|[from] psn\n|upkeep\n|turn|40\n|\n|t:|1699942509\n|switch|p2a: Chansey|Chansey, F|67\/100\n|-damage|p2a: Chansey|55\/100|[from] Stealth Rock\n|move|p1a: \u5bb9\u751f|Dark Pulse|p2a: Chansey\n|-damage|p2a: Chansey|39\/100\n|\n|-damage|p1a: \u5bb9\u751f|58\/100 tox|[from] psn\n|upkeep\n|turn|41\n|\n|t:|1699942514\n|-zpower|p1a: \u5bb9\u751f\n|move|p1a: \u5bb9\u751f|Hydro Vortex|p2a: Chansey|[zeffect]\n|-damage|p2a: Chansey|3\/100\n|move|p2a: Chansey|Soft-Boiled|p2a: Chansey\n|-heal|p2a: Chansey|53\/100\n|\n|-damage|p1a: \u5bb9\u751f|40\/100 tox|[from] psn\n|upkeep\n|turn|42\n|\n|t:|1699942523\n|switch|p1a: \u7a0b\u5b66\u8d85|Ferrothorn, M, shiny|94\/100\n|-damage|p1a: \u7a0b\u5b66\u8d85|88\/100|[from] Stealth Rock\n|move|p2a: Chansey|Soft-Boiled|p2a: Chansey\n|-heal|p2a: Chansey|100\/100\n|\n|upkeep\n|turn|43\n|\n|t:|1699942529\n|switch|p2a: Dondozo|Dondozo, F, tera:Grass|73\/100\n|-damage|p2a: Dondozo|61\/100|[from] Stealth Rock\n|move|p1a: \u7a0b\u5b66\u8d85|Knock Off|p2a: Dondozo\n|-damage|p2a: Dondozo|55\/100\n|\n|upkeep\n|turn|44\n|\n|t:|1699942537\n|move|p2a: Dondozo|Curse|p2a: Dondozo\n|-unboost|p2a: Dondozo|spe|1\n|-boost|p2a: Dondozo|atk|1\n|-boost|p2a: Dondozo|def|1\n|move|p1a: \u7a0b\u5b66\u8d85|Knock Off|p2a: Dondozo\n|-damage|p2a: Dondozo|50\/100\n|\n|upkeep\n|turn|45\n|\n|t:|1699942546\n|switch|p1a: \u6842\u5a77|Pelipper, M, shiny, tera:Water|76\/100\n|-damage|p1a: \u6842\u5a77|63\/100|[from] Stealth Rock\n|-status|p1a: \u6842\u5a77|tox\n|-weather|RainDance|[from] ability: Drizzle|[of] p1a: \u6842\u5a77\n|move|p2a: Dondozo|Curse|p2a: Dondozo\n|-unboost|p2a: Dondozo|spe|1\n|-boost|p2a: Dondozo|atk|1\n|-boost|p2a: Dondozo|def|1\n|\n|-weather|RainDance|[upkeep]\n|-damage|p1a: \u6842\u5a77|57\/100 tox|[from] psn\n|upkeep\n|turn|46\n|\n|t:|1699942554\n|switch|p2a: Chansey|Chansey, F|100\/100\n|-damage|p2a: Chansey|88\/100|[from] Stealth Rock\n|move|p1a: \u6842\u5a77|Hurricane|p2a: Chansey\n|-damage|p2a: Chansey|56\/100\n|\n|-weather|RainDance|[upkeep]\n|-damage|p1a: \u6842\u5a77|45\/100 tox|[from] psn\n|upkeep\n|turn|47\n|\n|t:|1699942560\n|switch|p1a: slower dancer|Dragonite, M|100\/100\n|move|p2a: Chansey|Soft-Boiled|p2a: Chansey\n|-heal|p2a: Chansey|100\/100\n|\n|-weather|RainDance|[upkeep]\n|upkeep\n|turn|48\n|\n|t:|1699942571\n|move|p1a: slower dancer|Earthquake|p2a: Chansey\n|-damage|p2a: Chansey|64\/100\n|move|p2a: Chansey|Toxic|p1a: slower dancer\n|-status|p1a: slower dancer|tox\n|\n|-weather|RainDance|[upkeep]\n|-damage|p1a: slower dancer|94\/100 tox|[from] psn\n|upkeep\n|turn|49\n|\n|t:|1699942579\n|move|p1a: slower dancer|Extreme Speed|p2a: Chansey\n|-damage|p2a: Chansey|35\/100\n|move|p2a: Chansey|Soft-Boiled|p2a: Chansey\n|-heal|p2a: Chansey|85\/100\n|\n|-weather|none\n|-damage|p1a: slower dancer|82\/100 tox|[from] psn\n|upkeep\n|turn|50\n|\n|t:|1699942589\n|switch|p1a: \u7a0b\u5b66\u8d85|Ferrothorn, M, shiny|88\/100\n|-damage|p1a: \u7a0b\u5b66\u8d85|82\/100|[from] Stealth Rock\n|switch|p2a: Dondozo|Dondozo, F, tera:Grass|50\/100\n|-damage|p2a: Dondozo|38\/100|[from] Stealth Rock\n|\n|upkeep\n|turn|51\n|\n|t:|1699942600\n|move|p2a: Dondozo|Rest|p2a: Dondozo\n|-status|p2a: Dondozo|slp|[from] move: Rest\n|-heal|p2a: Dondozo|100\/100 slp|[silent]\n|move|p1a: \u7a0b\u5b66\u8d85|Knock Off|p2a: Dondozo\n|-crit|p2a: Dondozo\n|-damage|p2a: Dondozo|90\/100 slp\n|\n|upkeep\n|turn|52\n|\n|t:|1699942609\n|switch|p1a: \u6842\u5a77|Pelipper, M, shiny, tera:Water|45\/100 tox\n|-damage|p1a: \u6842\u5a77|33\/100 tox|[from] Stealth Rock\n|-weather|RainDance|[from] ability: Drizzle|[of] p1a: \u6842\u5a77\n|cant|p2a: Dondozo|slp\n|\n|-weather|RainDance|[upkeep]\n|-damage|p1a: \u6842\u5a77|27\/100 tox|[from] psn\n|upkeep\n|turn|53\n|\n|t:|1699942621\n|switch|p2a: Chansey|Chansey, F|85\/100\n|-damage|p2a: Chansey|73\/100|[from] Stealth Rock\n|move|p1a: \u6842\u5a77|U-turn|p2a: Chansey\n|-damage|p2a: Chansey|64\/100\n|\n|t:|1699942628\n|switch|p1a: \u8273|Swampert-Mega, M, shiny|100\/100|[from] U-turn\n|-damage|p1a: \u8273|94\/100|[from] Stealth Rock\n|-status|p1a: \u8273|tox\n|\n|-weather|RainDance|[upkeep]\n|-damage|p1a: \u8273|88\/100 tox|[from] psn\n|upkeep\n|turn|54\n|\n|t:|1699942633\n|switch|p2a: Dondozo|Dondozo, F, tera:Grass|90\/100 slp\n|-damage|p2a: Dondozo|78\/100 slp|[from] Stealth Rock\n|move|p1a: \u8273|Ice Punch|p2a: Dondozo\n|-supereffective|p2a: Dondozo\n|-crit|p2a: Dondozo\n|-damage|p2a: Dondozo|41\/100 slp\n|\n|-weather|RainDance|[upkeep]\n|-damage|p1a: \u8273|76\/100 tox|[from] psn\n|upkeep\n|turn|55\n|\n|t:|1699942644\n|switch|p2a: Toxapex|Toxapex, M|77\/100\n|-damage|p2a: Toxapex|65\/100|[from] Stealth Rock\n|move|p1a: \u8273|Ice Punch|p2a: Toxapex\n|-resisted|p2a: Toxapex\n|-crit|p2a: Toxapex\n|-damage|p2a: Toxapex|53\/100\n|\n|-weather|RainDance|[upkeep]\n|-damage|p1a: \u8273|58\/100 tox|[from] psn\n|upkeep\n|turn|56\n|\n|t:|1699942648\n|switch|p2a: Gliscor|Gliscor, F|75\/100\n|-damage|p2a: Gliscor|62\/100|[from] Stealth Rock\n|move|p1a: \u8273|Earthquake|p2a: Gliscor\n|-immune|p2a: Gliscor\n|\n|-weather|none\n|-damage|p1a: \u8273|33\/100 tox|[from] psn\n|upkeep\n|turn|57\n|\n|t:|1699942663\n|switch|p1a: \u7a0b\u5b66\u8d85|Ferrothorn, M, shiny|82\/100\n|-damage|p1a: \u7a0b\u5b66\u8d85|75\/100|[from] Stealth Rock\n|move|p2a: Gliscor|Protect||[still]\n|-fail|p2a: Gliscor\n|\n|upkeep\n|turn|58\n|\n|t:|1699942681\n|switch|p2a: Clodsire|Clodsire, M|100\/100\n|-damage|p2a: Clodsire|94\/100|[from] Stealth Rock\n|switch|p1a: \u6842\u5a77|Pelipper, M, shiny, tera:Water|27\/100 tox\n|-damage|p1a: \u6842\u5a77|14\/100 tox|[from] Stealth Rock\n|-weather|RainDance|[from] ability: Drizzle|[of] p1a: \u6842\u5a77\n|\n|-weather|RainDance|[upkeep]\n|-heal|p2a: Clodsire|100\/100|[from] item: Leftovers\n|-damage|p1a: \u6842\u5a77|8\/100 tox|[from] psn\n|upkeep\n|turn|59\n|\n|t:|1699942688\n|switch|p2a: Chansey|Chansey, F|64\/100\n|-damage|p2a: Chansey|52\/100|[from] Stealth Rock\n|move|p1a: \u6842\u5a77|Weather Ball|p2a: Chansey\n|-damage|p2a: Chansey|0 fnt\n|faint|p2a: Chansey\n|\n|-weather|RainDance|[upkeep]\n|-damage|p1a: \u6842\u5a77|0 fnt|[from] psn\n|faint|p1a: \u6842\u5a77\n|upkeep\n|\n|t:|1699942702\n|switch|p1a: \u5bb9\u751f|Greninja, M|40\/100 tox\n|switch|p2a: Dondozo|Dondozo, F, tera:Grass|41\/100 slp\n|-damage|p1a: \u5bb9\u751f|28\/100 tox|[from] Stealth Rock\n|-damage|p2a: Dondozo|29\/100 slp|[from] Stealth Rock\n|turn|60\n|inactive|SCP-4666 has 120 seconds left.\n|inactive|SCP-4666 has 90 seconds left.\n|\n|t:|1699942763\n|switch|p2a: Toxapex|Toxapex, M|86\/100\n|-damage|p2a: Toxapex|74\/100|[from] Stealth Rock\n|move|p1a: \u5bb9\u751f|Dark Pulse|p2a: Toxapex\n|-damage|p2a: Toxapex|43\/100\n|\n|-weather|RainDance|[upkeep]\n|-damage|p1a: \u5bb9\u751f|22\/100 tox|[from] psn\n|upkeep\n|turn|61\n|\n|t:|1699942781\n|switch|p1a: \u7a0b\u5b66\u8d85|Ferrothorn, M, shiny|75\/100\n|-damage|p1a: \u7a0b\u5b66\u8d85|69\/100|[from] Stealth Rock\n|move|p2a: Toxapex|Recover|p2a: Toxapex\n|-heal|p2a: Toxapex|93\/100\n|\n|-weather|RainDance|[upkeep]\n|upkeep\n|turn|62\n|\n|t:|1699942790\n|move|p2a: Toxapex|Scald|p1a: \u7a0b\u5b66\u8d85\n|-resisted|p1a: \u7a0b\u5b66\u8d85\n|-crit|p1a: \u7a0b\u5b66\u8d85\n|-damage|p1a: \u7a0b\u5b66\u8d85|58\/100\n|-status|p1a: \u7a0b\u5b66\u8d85|brn\n|move|p1a: \u7a0b\u5b66\u8d85|Knock Off|p2a: Toxapex\n|-damage|p2a: Toxapex|89\/100\n|\n|-weather|none\n|-damage|p1a: \u7a0b\u5b66\u8d85|52\/100 brn|[from] brn\n|upkeep\n|turn|63\n|\n|t:|1699942806\n|switch|p2a: Dondozo|Dondozo, F, tera:Grass|29\/100 slp\n|-damage|p2a: Dondozo|16\/100 slp|[from] Stealth Rock\n|move|p1a: \u7a0b\u5b66\u8d85|Knock Off|p2a: Dondozo\n|-damage|p2a: Dondozo|13\/100 slp\n|\n|-damage|p1a: \u7a0b\u5b66\u8d85|46\/100 brn|[from] brn\n|upkeep\n|turn|64\n|\n|t:|1699942820\n|switch|p1a: slower dancer|Dragonite, M|82\/100 tox\n|cant|p2a: Dondozo|slp\n|move|p2a: Dondozo|Sleep Talk|p2a: Dondozo\n|move|p2a: Dondozo|Rest||[from]move: Sleep Talk|[still]\n|-fail|p2a: Dondozo\n|\n|-damage|p1a: slower dancer|76\/100 tox|[from] psn\n|upkeep\n|turn|65\n|\n|t:|1699942829\n|move|p1a: slower dancer|Extreme Speed|p2a: Dondozo\n|-damage|p2a: Dondozo|0 fnt\n|faint|p2a: Dondozo\n|\n|-damage|p1a: slower dancer|63\/100 tox|[from] psn\n|upkeep\n|\n|t:|1699942834\n|switch|p2a: Toxapex|Toxapex, M|100\/100\n|-damage|p2a: Toxapex|88\/100|[from] Stealth Rock\n|turn|66\n|\n|t:|1699942840\n|move|p1a: slower dancer|Curse|p1a: slower dancer\n|-unboost|p1a: slower dancer|spe|1\n|-boost|p1a: slower dancer|atk|1\n|-boost|p1a: slower dancer|def|1\n|move|p2a: Toxapex|Knock Off|p1a: slower dancer\n|-damage|p1a: slower dancer|54\/100 tox\n|-enditem|p1a: slower dancer|Heavy-Duty Boots|[from] move: Knock Off|[of] p2a: Toxapex\n|\n|-damage|p1a: slower dancer|36\/100 tox|[from] psn\n|upkeep\n|turn|67\n|\n|t:|1699942844\n|switch|p2a: Gliscor|Gliscor, F|62\/100\n|-damage|p2a: Gliscor|50\/100|[from] Stealth Rock\n|move|p1a: slower dancer|Roost|p1a: slower dancer\n|-heal|p1a: slower dancer|86\/100 tox\n|-singleturn|p1a: slower dancer|move: Roost\n|\n|-damage|p1a: slower dancer|61\/100 tox|[from] psn\n|upkeep\n|turn|68\n|\n|t:|1699942852\n|switch|p1a: \u7a0b\u5b66\u8d85|Ferrothorn, M, shiny|46\/100 brn\n|-damage|p1a: \u7a0b\u5b66\u8d85|39\/100 brn|[from] Stealth Rock\n|move|p2a: Gliscor|Protect||[still]\n|-fail|p2a: Gliscor\n|\n|-damage|p1a: \u7a0b\u5b66\u8d85|33\/100 brn|[from] brn\n|upkeep\n|turn|69\n|\n|t:|1699942863\n|switch|p2a: Toxapex|Toxapex, M|100\/100\n|-damage|p2a: Toxapex|88\/100|[from] Stealth Rock\n|move|p1a: \u7a0b\u5b66\u8d85|Leech Seed|p2a: Toxapex\n|-start|p2a: Toxapex|move: Leech Seed\n|\n|-damage|p2a: Toxapex|76\/100|[from] Leech Seed|[of] p1a: \u7a0b\u5b66\u8d85\n|-heal|p1a: \u7a0b\u5b66\u8d85|44\/100 brn|[silent]\n|-damage|p1a: \u7a0b\u5b66\u8d85|37\/100 brn|[from] brn\n|upkeep\n|turn|70\n|\n|t:|1699942871\n|switch|p2a: Clodsire|Clodsire, M|100\/100\n|-damage|p2a: Clodsire|94\/100|[from] Stealth Rock\n|move|p1a: \u7a0b\u5b66\u8d85|Knock Off|p2a: Clodsire\n|-damage|p2a: Clodsire|83\/100\n|-enditem|p2a: Clodsire|Leftovers|[from] move: Knock Off|[of] p1a: \u7a0b\u5b66\u8d85\n|\n|-damage|p1a: \u7a0b\u5b66\u8d85|31\/100 brn|[from] brn\n|upkeep\n|turn|71\n|\n|t:|1699942878\n|move|p2a: Clodsire|Spikes|p1a: \u7a0b\u5b66\u8d85\n|-sidestart|p1: zsjbluemiracle|Spikes\n|move|p1a: \u7a0b\u5b66\u8d85|Leech Seed|p2a: Clodsire\n|-start|p2a: Clodsire|move: Leech Seed\n|\n|-damage|p2a: Clodsire|70\/100|[from] Leech Seed|[of] p1a: \u7a0b\u5b66\u8d85\n|-heal|p1a: \u7a0b\u5b66\u8d85|48\/100 brn|[silent]\n|-damage|p1a: \u7a0b\u5b66\u8d85|41\/100 brn|[from] brn\n|upkeep\n|turn|72\n|\n|t:|1699942883\n|switch|p2a: Toxapex|Toxapex, M|100\/100\n|-damage|p2a: Toxapex|88\/100|[from] Stealth Rock\n|switch|p1a: slower dancer|Dragonite, M|61\/100 tox\n|-damage|p1a: slower dancer|36\/100 tox|[from] Stealth Rock\n|\n|-damage|p1a: slower dancer|30\/100 tox|[from] psn\n|upkeep\n|turn|73\n|\n|t:|1699942891\n|switch|p2a: Gliscor|Gliscor, F|50\/100\n|-damage|p2a: Gliscor|38\/100|[from] Stealth Rock\n|move|p1a: slower dancer|Roost|p1a: slower dancer\n|-heal|p1a: slower dancer|80\/100 tox\n|-singleturn|p1a: slower dancer|move: Roost\n|\n|-damage|p1a: slower dancer|67\/100 tox|[from] psn\n|upkeep\n|turn|74\n|\n|t:|1699942897\n|move|p2a: Gliscor|Protect|p2a: Gliscor\n|-singleturn|p2a: Gliscor|Protect\n|move|p1a: slower dancer|Curse|p1a: slower dancer\n|-unboost|p1a: slower dancer|spe|1\n|-boost|p1a: slower dancer|atk|1\n|-boost|p1a: slower dancer|def|1\n|\n|-damage|p1a: slower dancer|49\/100 tox|[from] psn\n|upkeep\n|turn|75\n|\n|t:|1699942901\n|move|p1a: slower dancer|Extreme Speed|p2a: Gliscor\n|-damage|p2a: Gliscor|9\/100\n|move|p2a: Gliscor|Earthquake|p1a: slower dancer\n|-immune|p1a: slower dancer\n|\n|-damage|p1a: slower dancer|24\/100 tox|[from] psn\n|upkeep\n|turn|76\n|\n|t:|1699942911\n|move|p2a: Gliscor|Earthquake|p1a: slower dancer\n|-immune|p1a: slower dancer\n|move|p1a: slower dancer|Roost|p1a: slower dancer\n|-heal|p1a: slower dancer|74\/100 tox\n|-singleturn|p1a: slower dancer|move: Roost\n|\n|-damage|p1a: slower dancer|43\/100 tox|[from] psn\n|upkeep\n|turn|77\n|\n|t:|1699942917\n|move|p1a: slower dancer|Extreme Speed|p2a: Gliscor\n|-damage|p2a: Gliscor|0 fnt\n|faint|p2a: Gliscor\n|\n|-damage|p1a: slower dancer|5\/100 tox|[from] psn\n|upkeep\n|\n|t:|1699942922\n|switch|p2a: Toxapex|Toxapex, M|100\/100\n|-damage|p2a: Toxapex|88\/100|[from] Stealth Rock\n|turn|78\n|\n|t:|1699942928\n|move|p1a: slower dancer|Earthquake|p2a: Toxapex\n|-supereffective|p2a: Toxapex\n|-damage|p2a: Toxapex|20\/100\n|move|p2a: Toxapex|Scald|p1a: slower dancer\n|-resisted|p1a: slower dancer\n|-damage|p1a: slower dancer|0 fnt\n|faint|p1a: slower dancer\n|\n|upkeep\n|\n|t:|1699942935\n|switch|p1a: \u8273|Swampert-Mega, M, shiny|33\/100 tox\n|-damage|p1a: \u8273|27\/100 tox|[from] Stealth Rock\n|-damage|p1a: \u8273|15\/100 tox|[from] Spikes\n|turn|79\n|\n|t:|1699942947\n|switch|p2a: Clodsire|Clodsire, M|70\/100\n|-damage|p2a: Clodsire|64\/100|[from] Stealth Rock\n|move|p1a: \u8273|Earthquake|p2a: Clodsire\n|-supereffective|p2a: Clodsire\n|-damage|p2a: Clodsire|0 fnt\n|faint|p2a: Clodsire\n|\n|-damage|p1a: \u8273|8\/100 tox|[from] psn\n|upkeep\n|\n|t:|1699942952\n|switch|p2a: Toxapex|Toxapex, M|53\/100\n|-damage|p2a: Toxapex|41\/100|[from] Stealth Rock\n|turn|80\n|\n|t:|1699942954\n|move|p1a: \u8273|Earthquake|p2a: Toxapex\n|-supereffective|p2a: Toxapex\n|-damage|p2a: Toxapex|0 fnt\n|faint|p2a: Toxapex\n|\n|win|zsjbluemiracle\n|raw|zsjbluemiracle's rating: 1411 &rarr; <strong>1439<\/strong><br \/>(+28 for winning)\n|raw|SCP-4666's rating: 1551 &rarr; <strong>1523<\/strong><br \/>(-28 for losing)\n|l|\u2606SCP-4666\n","uploadtime":1699942959,"views":18,"p1id":"zsjbluemiracle","p2id":"scp4666","formatid":"gen9nationaldex","rating":1439,"private":0,"password":""}