{"id":"gen9nationaldex-1994767757","p1":"ikun\u4e00\u4e2a\u771f\u6b63\u7684man","p2":"Regielekiv2","format":"[Gen 9] National Dex","log":"|html|<div class=\"broadcast-blue\"><strong>[Gen 9] National Dex is currently suspecting Sneasler! For information on how to participate check out the <a href=\"https:\/\/www.smogon.com\/forums\/threads\/sv-national-dex-suspect-8-just-dance.3731534\/\">suspect thread<\/a>.<\/strong><\/div>\n|j|\u2606ikun\u4e00\u4e2a\u771f\u6b63\u7684man\n|j|\u2606Regielekiv2\n|t:|1700490801\n|gametype|singles\n|player|p1|ikun\u4e00\u4e2a\u771f\u6b63\u7684man|fisherman|1548\n|player|p2|Regielekiv2|clair|1654\n|teamsize|p1|6\n|teamsize|p2|6\n|gen|9\n|tier|[Gen 9] National Dex\n|rated|\n|rule|HP Percentage Mod: HP is shown in percentages\n|rule|Endless Battle Clause: Forcing endless battles is banned\n|rule|OHKO Clause: OHKO moves are banned\n|rule|Evasion Clause: Evasion abilities, items, and moves are banned\n|rule|Evasion Abilities Clause: Evasion abilities are banned\n|rule|Evasion Items Clause: Evasion items are banned\n|rule|Evasion Moves Clause: Evasion moves are banned\n|rule|Species Clause: Limit one of each Pok\u00e9mon\n|rule|Sleep Clause Mod: Limit one foe put to sleep\n|clearpoke\n|poke|p1|Garganacl, F|\n|poke|p1|Ceruledge, F|\n|poke|p1|Zapdos|\n|poke|p1|Scizor, M|\n|poke|p1|Sneasler, M|\n|poke|p1|Rillaboom, M|\n|poke|p2|Ogerpon, F|\n|poke|p2|Corviknight, M|\n|poke|p2|Iron Hands|\n|poke|p2|Tapu Koko|\n|poke|p2|Slowbro, M|\n|poke|p2|Garchomp, M|\n|teampreview\n|inactive|Battle timer is ON: inactive players will automatically lose when time's up. (requested by ikun\u4e00\u4e2a\u771f\u6b63\u7684man)\n|\n|t:|1700490815\n|start\n|switch|p1a: Ceruledge|Ceruledge, F|100\/100\n|switch|p2a: Garchomp|Garchomp, M|100\/100\n|turn|1\n|\n|t:|1700490820\n|move|p2a: Garchomp|Earthquake|p1a: Ceruledge\n|-supereffective|p1a: Ceruledge\n|-enditem|p1a: Ceruledge|Focus Sash\n|-damage|p1a: Ceruledge|1\/100\n|-ability|p1a: Ceruledge|Weak Armor|boost\n|-unboost|p1a: Ceruledge|def|1\n|-boost|p1a: Ceruledge|spe|2\n|move|p1a: Ceruledge|Poltergeist|p2a: Garchomp\n|-activate|p2a: Garchomp|move: Poltergeist|Dragonium Z\n|-damage|p2a: Garchomp|41\/100\n|\n|upkeep\n|turn|2\n|\n|t:|1700490826\n|move|p1a: Ceruledge|Poltergeist|p2a: Garchomp\n|-activate|p2a: Garchomp|move: Poltergeist|Dragonium Z\n|-damage|p2a: Garchomp|0 fnt\n|faint|p2a: Garchomp\n|\n|upkeep\n|\n|t:|1700490854\n|switch|p2a: Iron Hands|Iron Hands|100\/100\n|turn|3\n|\n|t:|1700490859\n|move|p1a: Ceruledge|Poltergeist|p2a: Iron Hands\n|-activate|p2a: Iron Hands|move: Poltergeist|Assault Vest\n|-damage|p2a: Iron Hands|65\/100\n|move|p2a: Iron Hands|Thunder Punch|p1a: Ceruledge\n|-damage|p1a: Ceruledge|0 fnt\n|faint|p1a: Ceruledge\n|\n|upkeep\n|\n|t:|1700490883\n|switch|p1a: Zapdos|Zapdos|100\/100\n|turn|4\n|\n|t:|1700490886\n|-zpower|p1a: Zapdos\n|move|p1a: Zapdos|Supersonic Skystrike|p2a: Iron Hands|[zeffect]\n|-damage|p2a: Iron Hands|22\/100\n|move|p2a: Iron Hands|Ice Punch|p1a: Zapdos\n|-supereffective|p1a: Zapdos\n|-damage|p1a: Zapdos|41\/100\n|\n|upkeep\n|turn|5\n|\n|t:|1700490898\n|-end|p2a: Iron Hands|Quark Drive|[silent]\n|switch|p2a: Tapu Koko|Tapu Koko|100\/100\n|-fieldstart|move: Electric Terrain|[from] ability: Electric Surge|[of] p2a: Tapu Koko\n|move|p1a: Zapdos|Hurricane|p2a: Tapu Koko\n|-resisted|p2a: Tapu Koko\n|-damage|p2a: Tapu Koko|60\/100\n|-start|p2a: Tapu Koko|confusion\n|\n|upkeep\n|turn|6\n|\n|t:|1700490904\n|switch|p1a: Rillaboom|Rillaboom, M|100\/100\n|-fieldstart|move: Grassy Terrain|[from] ability: Grassy Surge|[of] p1a: Rillaboom\n|-activate|p2a: Tapu Koko|confusion\n|move|p2a: Tapu Koko|Thunderbolt|p1a: Rillaboom\n|-resisted|p1a: Rillaboom\n|-damage|p1a: Rillaboom|66\/100\n|\n|-heal|p2a: Tapu Koko|66\/100|[from] Grassy Terrain\n|-heal|p1a: Rillaboom|72\/100|[from] Grassy Terrain\n|upkeep\n|turn|7\n|\n|t:|1700490911\n|switch|p2a: Corviknight|Corviknight, M|100\/100\n|-ability|p2a: Corviknight|Pressure\n|move|p1a: Rillaboom|U-turn|p2a: Corviknight\n|-resisted|p2a: Corviknight\n|-damage|p2a: Corviknight|94\/100\n|-damage|p1a: Rillaboom|55\/100|[from] item: Rocky Helmet|[of] p2a: Corviknight\n|\n|t:|1700490917\n|switch|p1a: Zapdos|Zapdos|41\/100|[from] U-turn\n|\n|upkeep\n|turn|8\n|\n|t:|1700490924\n|switch|p2a: Tapu Koko|Tapu Koko|66\/100\n|-fieldstart|move: Electric Terrain|[from] ability: Electric Surge|[of] p2a: Tapu Koko\n|move|p1a: Zapdos|Heat Wave|p2a: Tapu Koko\n|-damage|p2a: Tapu Koko|14\/100\n|\n|upkeep\n|turn|9\n|\n|t:|1700490930\n|switch|p1a: Rillaboom|Rillaboom, M|55\/100\n|-fieldstart|move: Grassy Terrain|[from] ability: Grassy Surge|[of] p1a: Rillaboom\n|move|p2a: Tapu Koko|Dazzling Gleam|p1a: Rillaboom\n|-damage|p1a: Rillaboom|0 fnt\n|faint|p1a: Rillaboom\n|\n|-heal|p2a: Tapu Koko|20\/100|[from] Grassy Terrain\n|upkeep\n|\n|t:|1700490939\n|switch|p1a: Scizor|Scizor, M|100\/100\n|turn|10\n|\n|t:|1700490944\n|switch|p2a: Slowbro|Slowbro, M|100\/100\n|detailschange|p1a: Scizor|Scizor-Mega, M\n|-mega|p1a: Scizor|Scizor|Scizorite\n|move|p1a: Scizor|Bullet Punch|p2a: Slowbro\n|-resisted|p2a: Slowbro\n|-damage|p2a: Slowbro|91\/100\n|\n|-heal|p2a: Slowbro|97\/100|[from] Grassy Terrain\n|upkeep\n|turn|11\n|\n|t:|1700490949\n|move|p1a: Scizor|U-turn|p2a: Slowbro\n|-supereffective|p2a: Slowbro\n|-damage|p2a: Slowbro|57\/100\n|\n|t:|1700490953\n|switch|p1a: Zapdos|Zapdos|41\/100|[from] U-turn\n|move|p2a: Slowbro|Teleport|p2a: Slowbro\n|\n|t:|1700490955\n|switch|p2a: Tapu Koko|Tapu Koko|20\/100|[from] Teleport\n|-fieldstart|move: Electric Terrain|[from] ability: Electric Surge|[of] p2a: Tapu Koko\n|\n|upkeep\n|turn|12\n|\n|t:|1700490961\n|switch|p1a: Scizor|Scizor-Mega, M|100\/100\n|move|p2a: Tapu Koko|Thunderbolt|p1a: Scizor\n|-damage|p1a: Scizor|52\/100\n|\n|upkeep\n|turn|13\n|\n|t:|1700490969\n|switch|p2a: Slowbro|Slowbro, M|91\/100\n|move|p1a: Scizor|Bullet Punch|p2a: Slowbro\n|-resisted|p2a: Slowbro\n|-damage|p2a: Slowbro|81\/100\n|\n|upkeep\n|turn|14\n|\n|t:|1700490973\n|move|p1a: Scizor|Roost|p1a: Scizor\n|-heal|p1a: Scizor|100\/100\n|-singleturn|p1a: Scizor|move: Roost\n|move|p2a: Slowbro|Teleport|p2a: Slowbro\n|\n|t:|1700490977\n|switch|p2a: Iron Hands|Iron Hands|22\/100|[from] Teleport\n|-activate|p2a: Iron Hands|ability: Quark Drive\n|-start|p2a: Iron Hands|quarkdriveatk\n|\n|upkeep\n|turn|15\n|\n|t:|1700490984\n|move|p1a: Scizor|Bullet Punch|p2a: Iron Hands\n|-resisted|p2a: Iron Hands\n|-damage|p2a: Iron Hands|13\/100\n|move|p2a: Iron Hands|Drain Punch|p1a: Scizor\n|-damage|p1a: Scizor|63\/100\n|-heal|p2a: Iron Hands|26\/100|[from] drain|[of] p1a: Scizor\n|\n|-fieldend|move: Electric Terrain\n|-end|p2a: Iron Hands|Quark Drive\n|upkeep\n|turn|16\n|\n|t:|1700490991\n|move|p1a: Scizor|U-turn|p2a: Iron Hands\n|-resisted|p2a: Iron Hands\n|-damage|p2a: Iron Hands|16\/100\n|\n|t:|1700490993\n|switch|p1a: Zapdos|Zapdos|41\/100|[from] U-turn\n|move|p2a: Iron Hands|Ice Punch|p1a: Zapdos\n|-supereffective|p1a: Zapdos\n|-damage|p1a: Zapdos|0 fnt\n|faint|p1a: Zapdos\n|\n|upkeep\n|\n|t:|1700491000\n|switch|p1a: Sneasler|Sneasler, M|100\/100\n|turn|17\n|\n|t:|1700491005\n|move|p1a: Sneasler|Swords Dance|p1a: Sneasler\n|-boost|p1a: Sneasler|atk|2\n|move|p2a: Iron Hands|Thunder Punch|p1a: Sneasler\n|-damage|p1a: Sneasler|32\/100\n|\n|upkeep\n|turn|18\n|\n|t:|1700491010\n|-end|p2a: Iron Hands|Quark Drive|[silent]\n|switch|p2a: Corviknight|Corviknight, M|94\/100\n|-ability|p2a: Corviknight|Pressure\n|move|p1a: Sneasler|Acrobatics|p2a: Corviknight\n|-resisted|p2a: Corviknight\n|-damage|p2a: Corviknight|80\/100\n|-damage|p1a: Sneasler|15\/100|[from] item: Rocky Helmet|[of] p2a: Corviknight\n|\n|upkeep\n|turn|19\n|\n|t:|1700491013\n|move|p1a: Sneasler|Close Combat|p2a: Corviknight\n|-damage|p2a: Corviknight|0 fnt\n|-unboost|p1a: Sneasler|def|1\n|-unboost|p1a: Sneasler|spd|1\n|-damage|p1a: Sneasler|0 fnt|[from] item: Rocky Helmet|[of] p2a: Corviknight\n|faint|p2a: Corviknight\n|faint|p1a: Sneasler\n|\n|upkeep\n|\n|t:|1700491025\n|switch|p1a: Scizor|Scizor-Mega, M|63\/100\n|switch|p2a: Iron Hands|Iron Hands|16\/100\n|turn|20\n|\n|t:|1700491033\n|move|p1a: Scizor|Bullet Punch|p2a: Iron Hands\n|-resisted|p2a: Iron Hands\n|-damage|p2a: Iron Hands|6\/100\n|move|p2a: Iron Hands|Drain Punch|p1a: Scizor\n|-damage|p1a: Scizor|35\/100\n|-heal|p2a: Iron Hands|15\/100|[from] drain|[of] p1a: Scizor\n|\n|upkeep\n|turn|21\n|\n|t:|1700491038\n|move|p1a: Scizor|Bullet Punch|p2a: Iron Hands\n|-resisted|p2a: Iron Hands\n|-damage|p2a: Iron Hands|6\/100\n|move|p2a: Iron Hands|Drain Punch|p1a: Scizor\n|-damage|p1a: Scizor|7\/100\n|-heal|p2a: Iron Hands|16\/100|[from] drain|[of] p1a: Scizor\n|\n|upkeep\n|turn|22\n|\n|t:|1700491043\n|move|p1a: Scizor|Roost|p1a: Scizor\n|-heal|p1a: Scizor|57\/100\n|-singleturn|p1a: Scizor|move: Roost\n|move|p2a: Iron Hands|Drain Punch|p1a: Scizor\n|-damage|p1a: Scizor|28\/100\n|-heal|p2a: Iron Hands|26\/100|[from] drain|[of] p1a: Scizor\n|\n|upkeep\n|turn|23\n|\n|t:|1700491047\n|move|p1a: Scizor|Bullet Punch|p2a: Iron Hands\n|-resisted|p2a: Iron Hands\n|-damage|p2a: Iron Hands|17\/100\n|move|p2a: Iron Hands|Drain Punch|p1a: Scizor\n|-damage|p1a: Scizor|0 fnt\n|-heal|p2a: Iron Hands|26\/100|[from] drain|[of] p1a: Scizor\n|faint|p1a: Scizor\n|\n|upkeep\n|\n|t:|1700491050\n|switch|p1a: Garganacl|Garganacl, F|100\/100\n|turn|24\n|\n|t:|1700491054\n|-terastallize|p1a: Garganacl|Dragon\n|move|p2a: Iron Hands|Thunder Punch|p1a: Garganacl\n|-resisted|p1a: Garganacl\n|-damage|p1a: Garganacl|90\/100\n|move|p1a: Garganacl|Iron Defense|p1a: Garganacl\n|-boost|p1a: Garganacl|def|2\n|\n|-heal|p1a: Garganacl|96\/100|[from] item: Leftovers\n|upkeep\n|turn|25\n|\n|t:|1700491060\n|move|p2a: Iron Hands|Ice Punch|p1a: Garganacl\n|-supereffective|p1a: Garganacl\n|-damage|p1a: Garganacl|82\/100\n|move|p1a: Garganacl|Iron Defense|p1a: Garganacl\n|-boost|p1a: Garganacl|def|2\n|\n|-heal|p1a: Garganacl|89\/100|[from] item: Leftovers\n|upkeep\n|turn|26\n|\n|t:|1700491069\n|move|p2a: Iron Hands|Ice Punch|p1a: Garganacl\n|-supereffective|p1a: Garganacl\n|-damage|p1a: Garganacl|80\/100\n|move|p1a: Garganacl|Salt Cure|p2a: Iron Hands\n|-resisted|p2a: Iron Hands\n|-damage|p2a: Iron Hands|22\/100\n|-start|p2a: Iron Hands|Salt Cure\n|\n|-heal|p1a: Garganacl|86\/100|[from] item: Leftovers\n|-damage|p2a: Iron Hands|10\/100|[from] Salt Cure\n|upkeep\n|turn|27\n|\n|t:|1700491074\n|move|p2a: Iron Hands|Ice Punch|p1a: Garganacl\n|-supereffective|p1a: Garganacl\n|-damage|p1a: Garganacl|76\/100\n|move|p1a: Garganacl|Iron Defense|p1a: Garganacl\n|-boost|p1a: Garganacl|def|2\n|\n|-heal|p1a: Garganacl|83\/100|[from] item: Leftovers\n|-damage|p2a: Iron Hands|0 fnt|[from] Salt Cure\n|faint|p2a: Iron Hands\n|-end|p2a: Iron Hands|Quark Drive|[silent]\n|upkeep\n|\n|t:|1700491076\n|switch|p2a: Tapu Koko|Tapu Koko|20\/100\n|-fieldstart|move: Electric Terrain|[from] ability: Electric Surge|[of] p2a: Tapu Koko\n|turn|28\n|\n|t:|1700491079\n|move|p2a: Tapu Koko|Dazzling Gleam|p1a: Garganacl\n|-supereffective|p1a: Garganacl\n|-damage|p1a: Garganacl|0 fnt\n|faint|p1a: Garganacl\n|\n|win|Regielekiv2\n|raw|ikun\u4e00\u4e2a\u771f\u6b63\u7684man's rating: 1548 &rarr; <strong>1534<\/strong><br \/>(-14 for losing)\n|raw|Regielekiv2's rating: 1654 &rarr; <strong>1668<\/strong><br \/>(+14 for winning)\n|l|\u2606ikun\u4e00\u4e2a\u771f\u6b63\u7684man\n","uploadtime":1700491084,"views":8,"p1id":"ikunman","p2id":"regielekiv2","formatid":"gen9nationaldex","rating":1534,"private":0,"password":""}