{"id":"gen9nationaldex-1987053653","p1":"heinousactszx","p2":"WarGoddessMinerva","format":"[Gen 9] National Dex","log":"|j|\u2606heinousactszx\n|j|\u2606WarGoddessMinerva\n|t:|1699552288\n|gametype|singles\n|player|p1|heinousactszx|169|\n|player|p2|WarGoddessMinerva|acetrainersnowf|\n|teamsize|p1|6\n|teamsize|p2|6\n|gen|9\n|tier|[Gen 9] National Dex\n|rule|HP Percentage Mod: HP is shown in percentages\n|rule|Endless Battle Clause: Forcing endless battles is banned\n|rule|OHKO Clause: OHKO moves are banned\n|rule|Evasion Clause: Evasion abilities, items, and moves are banned\n|rule|Evasion Abilities Clause: Evasion abilities are banned\n|rule|Evasion Items Clause: Evasion items are banned\n|rule|Evasion Moves Clause: Evasion moves are banned\n|rule|Species Clause: Limit one of each Pok\u00e9mon\n|rule|Sleep Clause Mod: Limit one foe put to sleep\n|clearpoke\n|poke|p1|Torkoal, M|\n|poke|p1|Shiftry, M|\n|poke|p1|Kleavor, F|\n|poke|p1|Garganacl, F|\n|poke|p1|Volcanion|\n|poke|p1|Hitmontop, M|\n|poke|p2|Tyranitar, M|\n|poke|p2|Roserade, M|\n|poke|p2|Reuniclus, M|\n|poke|p2|Celesteela|\n|poke|p2|Minior-Green|\n|poke|p2|Cyclizar, M|\n|teampreview\n|c|\u2606heinousactszx|is there something special we need to do to make sure it records?\n|c|\u2606WarGoddessMinerva|After the battle I can do it\n|c|\u2606heinousactszx|i haven't played showdown in a while\n|c|\u2606heinousactszx|thanks, good luck\n|c|\u2606WarGoddessMinerva|likewise\n|\n|t:|1699552328\n|start\n|switch|p1a: Edelgard|Kleavor, F|100\/100\n|switch|p2a: Desert Rose|Roserade, M|100\/100\n|turn|1\n|\n|t:|1699552348\n|move|p1a: Edelgard|U-turn|p2a: Desert Rose\n|-damage|p2a: Desert Rose|59\/100\n|\n|t:|1699552352\n|switch|p1a: Turtle Power|Torkoal, M|100\/100|[from] U-turn\n|-weather|SunnyDay|[from] ability: Drought|[of] p1a: Turtle Power\n|move|p2a: Desert Rose|Spikes|p1a: Turtle Power\n|-sidestart|p1: heinousactszx|Spikes\n|\n|-weather|SunnyDay|[upkeep]\n|-heal|p2a: Desert Rose|66\/100|[from] item: Leftovers\n|upkeep\n|turn|2\n|\n|t:|1699552370\n|switch|p2a: Looming Storm|Tyranitar, M|100\/100\n|-weather|Sandstorm|[from] ability: Sand Stream|[of] p2a: Looming Storm\n|move|p1a: Turtle Power|Stealth Rock|p2a: Looming Storm\n|-sidestart|p2: WarGoddessMinerva|move: Stealth Rock\n|\n|-weather|Sandstorm|[upkeep]\n|-damage|p1a: Turtle Power|94\/100|[from] Sandstorm\n|upkeep\n|turn|3\n|\n|t:|1699552380\n|move|p2a: Looming Storm|Stealth Rock|p1a: Turtle Power\n|-sidestart|p1: heinousactszx|move: Stealth Rock\n|move|p1a: Turtle Power|Will-O-Wisp|p2a: Looming Storm\n|-status|p2a: Looming Storm|brn\n|\n|-weather|Sandstorm|[upkeep]\n|-damage|p1a: Turtle Power|88\/100|[from] Sandstorm\n|-damage|p2a: Looming Storm|94\/100 brn|[from] brn\n|upkeep\n|turn|4\n|\n|t:|1699552389\n|move|p2a: Looming Storm|Stone Edge|p1a: Turtle Power\n|-supereffective|p1a: Turtle Power\n|-damage|p1a: Turtle Power|48\/100\n|move|p1a: Turtle Power|Rapid Spin|p2a: Looming Storm\n|-resisted|p2a: Looming Storm\n|-damage|p2a: Looming Storm|91\/100 brn\n|-boost|p1a: Turtle Power|spe|1\n|-sideend|p1: heinousactszx|Spikes|[from] move: Rapid Spin|[of] p1a: Turtle Power\n|-sideend|p1: heinousactszx|Stealth Rock|[from] move: Rapid Spin|[of] p1a: Turtle Power\n|\n|-weather|Sandstorm|[upkeep]\n|-damage|p1a: Turtle Power|42\/100|[from] Sandstorm\n|-damage|p2a: Looming Storm|85\/100 brn|[from] brn\n|upkeep\n|turn|5\n|\n|t:|1699552413\n|switch|p1a: Edelgard|Kleavor, F|100\/100\n|move|p2a: Looming Storm|Stone Edge|p1a: Edelgard|[miss]\n|-miss|p2a: Looming Storm|p1a: Edelgard\n|\n|-weather|Sandstorm|[upkeep]\n|-damage|p2a: Looming Storm|78\/100 brn|[from] brn\n|upkeep\n|turn|6\n|\n|t:|1699552445\n|switch|p2a: Mirage|Reuniclus, M|100\/100\n|move|p1a: Edelgard|U-turn|p2a: Mirage\n|-supereffective|p2a: Mirage\n|-damage|p2a: Mirage|46\/100\n|\n|t:|1699552460\n|switch|p1a: Treebeard|Shiftry, M|100\/100|[from] U-turn\n|\n|-weather|Sandstorm|[upkeep]\n|-damage|p1a: Treebeard|94\/100|[from] Sandstorm\n|-heal|p2a: Mirage|52\/100|[from] item: Leftovers\n|upkeep\n|turn|7\n|\n|t:|1699552487\n|switch|p2a: Sidewinder|Cyclizar, M|100\/100\n|move|p1a: Treebeard|Knock Off|p2a: Sidewinder\n|-damage|p2a: Sidewinder|20\/100\n|-enditem|p2a: Sidewinder|Heavy-Duty Boots|[from] move: Knock Off|[of] p1a: Treebeard\n|-damage|p1a: Treebeard|84\/100|[from] item: Life Orb\n|\n|-weather|Sandstorm|[upkeep]\n|-damage|p2a: Sidewinder|14\/100|[from] Sandstorm\n|-damage|p1a: Treebeard|78\/100|[from] Sandstorm\n|upkeep\n|turn|8\n|\n|t:|1699552501\n|switch|p1a: Nack|Garganacl, F|100\/100\n|move|p2a: Sidewinder|Overheat|p1a: Nack\n|-resisted|p1a: Nack\n|-damage|p1a: Nack|95\/100\n|-unboost|p2a: Sidewinder|spa|2\n|\n|-weather|Sandstorm|[upkeep]\n|-damage|p2a: Sidewinder|8\/100|[from] Sandstorm\n|-heal|p1a: Nack|100\/100|[from] item: Leftovers\n|upkeep\n|turn|9\n|\n|t:|1699552525\n|move|p2a: Sidewinder|Rapid Spin|p1a: Nack\n|-resisted|p1a: Nack\n|-damage|p1a: Nack|96\/100\n|-boost|p2a: Sidewinder|spe|1\n|-sideend|p2: WarGoddessMinerva|Stealth Rock|[from] move: Rapid Spin|[of] p2a: Sidewinder\n|move|p1a: Nack|Salt Cure|p2a: Sidewinder\n|-damage|p2a: Sidewinder|0 fnt\n|faint|p2a: Sidewinder\n|\n|-weather|none\n|-heal|p1a: Nack|100\/100|[from] item: Leftovers\n|upkeep\n|\n|t:|1699552549\n|switch|p2a: Grand Pillar|Celesteela|100\/100\n|turn|10\n|\n|t:|1699552562\n|move|p2a: Grand Pillar|Autotomize|p2a: Grand Pillar\n|-boost|p2a: Grand Pillar|spe|2\n|-start|p2a: Grand Pillar|Autotomize\n|move|p1a: Nack|Salt Cure|p2a: Grand Pillar\n|-damage|p2a: Grand Pillar|87\/100\n|-start|p2a: Grand Pillar|Salt Cure\n|\n|-damage|p2a: Grand Pillar|62\/100|[from] Salt Cure\n|upkeep\n|turn|11\n|\n|t:|1699552580\n|switch|p1a: Carlton|Hitmontop, M|100\/100\n|move|p2a: Grand Pillar|Flash Cannon|p1a: Carlton\n|-damage|p1a: Carlton|74\/100\n|\n|-damage|p2a: Grand Pillar|37\/100|[from] Salt Cure\n|upkeep\n|turn|12\n|\n|t:|1699552597\n|switch|p2a: Looming Storm|Tyranitar, M|78\/100 brn\n|-weather|Sandstorm|[from] ability: Sand Stream|[of] p2a: Looming Storm\n|move|p1a: Carlton|Triple Axel|p2a: Looming Storm\n|-damage|p2a: Looming Storm|71\/100 brn\n|-damage|p2a: Looming Storm|56\/100 brn\n|-damage|p2a: Looming Storm|34\/100 brn\n|-hitcount|p2a: Looming Storm|3\n|\n|-weather|Sandstorm|[upkeep]\n|-damage|p1a: Carlton|68\/100|[from] Sandstorm\n|-damage|p2a: Looming Storm|28\/100 brn|[from] brn\n|upkeep\n|turn|13\n|\n|t:|1699552617\n|switch|p2a: Desert Rose|Roserade, M|66\/100\n|move|p1a: Carlton|Mach Punch|p2a: Desert Rose\n|-resisted|p2a: Desert Rose\n|-damage|p2a: Desert Rose|51\/100\n|\n|-weather|Sandstorm|[upkeep]\n|-damage|p2a: Desert Rose|45\/100|[from] Sandstorm\n|-damage|p1a: Carlton|62\/100|[from] Sandstorm\n|-heal|p2a: Desert Rose|51\/100|[from] item: Leftovers\n|upkeep\n|turn|14\n|\n|t:|1699552629\n|switch|p1a: Edelgard|Kleavor, F|100\/100\n|move|p2a: Desert Rose|Giga Drain|p1a: Edelgard\n|-damage|p1a: Edelgard|68\/100\n|-heal|p2a: Desert Rose|65\/100|[from] drain|[of] p1a: Edelgard\n|\n|-weather|Sandstorm|[upkeep]\n|-damage|p2a: Desert Rose|59\/100|[from] Sandstorm\n|-heal|p2a: Desert Rose|65\/100|[from] item: Leftovers\n|upkeep\n|turn|15\n|\n|t:|1699552641\n|move|p1a: Edelgard|Stone Axe|p2a: Desert Rose\n|-damage|p2a: Desert Rose|12\/100\n|-sidestart|p2: WarGoddessMinerva|move: Stealth Rock\n|move|p2a: Desert Rose|Giga Drain|p1a: Edelgard\n|-crit|p1a: Edelgard\n|-damage|p1a: Edelgard|20\/100\n|-heal|p2a: Desert Rose|33\/100|[from] drain|[of] p1a: Edelgard\n|\n|-weather|Sandstorm|[upkeep]\n|-damage|p2a: Desert Rose|27\/100|[from] Sandstorm\n|-heal|p2a: Desert Rose|33\/100|[from] item: Leftovers\n|upkeep\n|turn|16\n|\n|t:|1699552653\n|-terastallize|p2a: Desert Rose|Rock\n|move|p1a: Edelgard|Stone Axe|p2a: Desert Rose\n|-damage|p2a: Desert Rose|0 fnt\n|faint|p2a: Desert Rose\n|\n|-weather|Sandstorm|[upkeep]\n|upkeep\n|\n|t:|1699552669\n|switch|p2a: Mirage|Reuniclus, M|52\/100\n|turn|17\n|\n|t:|1699552683\n|switch|p1a: Treebeard|Shiftry, M|78\/100\n|move|p2a: Mirage|Psychic|p1a: Treebeard\n|-immune|p1a: Treebeard\n|\n|-weather|Sandstorm|[upkeep]\n|-damage|p1a: Treebeard|72\/100|[from] Sandstorm\n|-heal|p2a: Mirage|59\/100|[from] item: Leftovers\n|upkeep\n|turn|18\n|\n|t:|1699552700\n|move|p1a: Treebeard|Knock Off|p2a: Mirage\n|-supereffective|p2a: Mirage\n|-damage|p2a: Mirage|0 fnt\n|-enditem|p2a: Mirage|Leftovers|[from] move: Knock Off|[of] p1a: Treebeard\n|faint|p2a: Mirage\n|-damage|p1a: Treebeard|62\/100|[from] item: Life Orb\n|\n|-weather|Sandstorm|[upkeep]\n|-damage|p1a: Treebeard|56\/100|[from] Sandstorm\n|upkeep\n|\n|t:|1699552756\n|switch|p2a: Shooting Star|Minior-Green|100\/100\n|-damage|p2a: Shooting Star|75\/100|[from] Stealth Rock\n|-formechange|p2a: Shooting Star|Minior-Meteor||[from] ability: Shields Down\n|turn|19\n|\n|t:|1699552764\n|switch|p1a: Turtle Power|Torkoal, M|42\/100\n|-weather|SunnyDay|[from] ability: Drought|[of] p1a: Turtle Power\n|move|p2a: Shooting Star|Shell Smash|p2a: Shooting Star\n|-unboost|p2a: Shooting Star|def|1\n|-unboost|p2a: Shooting Star|spd|1\n|-boost|p2a: Shooting Star|atk|2\n|-boost|p2a: Shooting Star|spa|2\n|-boost|p2a: Shooting Star|spe|2\n|-enditem|p2a: Shooting Star|White Herb\n|-clearnegativeboost|p2a: Shooting Star|[silent]\n|\n|-weather|SunnyDay|[upkeep]\n|upkeep\n|turn|20\n|\n|t:|1699552784\n|move|p2a: Shooting Star|Acrobatics|p1a: Turtle Power\n|-damage|p1a: Turtle Power|0 fnt\n|faint|p1a: Turtle Power\n|\n|-weather|SunnyDay|[upkeep]\n|upkeep\n|\n|t:|1699552789\n|switch|p1a: Treebeard|Shiftry, M|56\/100\n|turn|21\n|\n|t:|1699552799\n|move|p1a: Treebeard|Solar Blade||[still]\n|-prepare|p1a: Treebeard|Solar Blade\n|-anim|p1a: Treebeard|Solar Blade|p2a: Shooting Star\n|-crit|p2a: Shooting Star\n|-damage|p2a: Shooting Star|0 fnt\n|faint|p2a: Shooting Star\n|-damage|p1a: Treebeard|46\/100|[from] item: Life Orb\n|\n|-weather|SunnyDay|[upkeep]\n|upkeep\n|\n|t:|1699552807\n|switch|p2a: Looming Storm|Tyranitar, M|28\/100 brn\n|-damage|p2a: Looming Storm|15\/100 brn|[from] Stealth Rock\n|-weather|Sandstorm|[from] ability: Sand Stream|[of] p2a: Looming Storm\n|turn|22\n|\n|t:|1699552820\n|move|p1a: Treebeard|Low Kick|p2a: Looming Storm\n|-supereffective|p2a: Looming Storm\n|-damage|p2a: Looming Storm|0 fnt\n|faint|p2a: Looming Storm\n|-damage|p1a: Treebeard|36\/100|[from] item: Life Orb\n|\n|-weather|Sandstorm|[upkeep]\n|-damage|p1a: Treebeard|29\/100|[from] Sandstorm\n|upkeep\n|c|\u2606WarGoddessMinerva|I dont know how to surrender this sites ui fucking sucks\n|\n|t:|1699552828\n|switch|p2a: Grand Pillar|Celesteela|37\/100\n|-damage|p2a: Grand Pillar|25\/100|[from] Stealth Rock\n|turn|23\n|\n|t:|1699552833\n|move|p1a: Treebeard|Knock Off|p2a: Grand Pillar\n|-damage|p2a: Grand Pillar|0 fnt\n|-enditem|p2a: Grand Pillar|Power Herb|[from] move: Knock Off|[of] p1a: Treebeard\n|faint|p2a: Grand Pillar\n|-damage|p1a: Treebeard|20\/100|[from] item: Life Orb\n|\n|win|heinousactszx\n|l|\u2606WarGoddessMinerva\n|c|\u2606heinousactszx|might be an html command\n|l|\u2606heinousactszx\n|j|\u2606heinousactszx\n|player|p1|heinousactszx|169\n","uploadtime":1699552843,"views":46,"p1id":"heinousactszx","p2id":"wargoddessminerva","formatid":"gen9nationaldex","rating":0,"private":0,"password":""}