{"id":"gen9nationaldex-1988857252","p1":"OuoouoouO\u3010byd\u3011","p2":"OuoouoouO","format":"[Gen 9] National Dex","log":"|j|\u2606OuoouoouO\u3010byd\u3011\n|j|\u2606OuoouoouO\n|t:|1699775027\n|gametype|singles\n|player|p1|OuoouoouO\u3010byd\u3011|cyclist|\n|player|p2|OuoouoouO|elesa|\n|teamsize|p1|6\n|teamsize|p2|6\n|gen|9\n|tier|[Gen 9] National Dex\n|rule|HP Percentage Mod: HP is shown in percentages\n|rule|Endless Battle Clause: Forcing endless battles is banned\n|rule|OHKO Clause: OHKO moves are banned\n|rule|Evasion Clause: Evasion abilities, items, and moves are banned\n|rule|Evasion Abilities Clause: Evasion abilities are banned\n|rule|Evasion Items Clause: Evasion items are banned\n|rule|Evasion Moves Clause: Evasion moves are banned\n|rule|Species Clause: Limit one of each Pok\u00e9mon\n|rule|Sleep Clause Mod: Limit one foe put to sleep\n|clearpoke\n|poke|p1|Alomomola, F|\n|poke|p1|Slowking-Galar, M|\n|poke|p1|Ting-Lu|\n|poke|p1|Ursaluna, F|\n|poke|p1|Tapu Koko|\n|poke|p1|Scizor, M|\n|poke|p2|Ampharos, F|\n|poke|p2|Victini|\n|poke|p2|Iron Valiant|\n|poke|p2|Alakazam, F|\n|poke|p2|Heatran, M|\n|poke|p2|Salamence, M|\n|teampreview\n|inactive|Battle timer is ON: inactive players will automatically lose when time's up. (requested by OuoouoouO)\n|j| czcyf\n|\n|t:|1699775048\n|start\n|switch|p1a: Slowking|Slowking-Galar, M|100\/100\n|switch|p2a: Salamence|Salamence, M|100\/100\n|-ability|p2a: Salamence|Intimidate|boost\n|-unboost|p1a: Slowking|atk|1\n|turn|1\n|j| pkoujjja\n|\n|t:|1699775056\n|switch|p1a: Alomomola|Alomomola, F|100\/100\n|move|p2a: Salamence|Hurricane|p1a: Alomomola\n|-damage|p1a: Alomomola|12\/100\n|-start|p1a: Alomomola|confusion\n|\n|upkeep\n|turn|2\n|j| cocakk\n|\n|t:|1699775071\n|switch|p2a: Alakazam|Alakazam, F|100\/100\n|switch|p1a: Slowking|Slowking-Galar, M|100\/100\n|\n|upkeep\n|turn|3\n|\n|t:|1699775075\n|move|p2a: Alakazam|Zap Cannon|p1a: Slowking\n|-damage|p1a: Slowking|68\/100\n|-status|p1a: Slowking|par\n|move|p1a: Slowking|Thunder Wave|p2a: Alakazam\n|-status|p2a: Alakazam|par\n|\n|upkeep\n|turn|4\n|j| flysix\n|\n|t:|1699775080\n|move|p2a: Alakazam|Shadow Ball|p1a: Slowking\n|-supereffective|p1a: Slowking\n|-damage|p1a: Slowking|28\/100 par\n|-unboost|p1a: Slowking|spd|1\n|move|p1a: Slowking|Chilly Reception|p1a: Slowking\n|-weather|Snow\n|\n|t:|1699775084\n|switch|p1a: Ursaluna|Ursaluna, F|100\/100|[from] Chilly Reception\n|\n|-weather|Snow|[upkeep]\n|-status|p1a: Ursaluna|brn|[from] item: Flame Orb\n|upkeep\n|turn|5\n|j| supig\n|\n|t:|1699775092\n|move|p1a: Ursaluna|Facade|p2a: Alakazam\n|-damage|p2a: Alakazam|0 fnt\n|faint|p2a: Alakazam\n|\n|-weather|Snow|[upkeep]\n|-damage|p1a: Ursaluna|94\/100 brn|[from] brn\n|upkeep\n|l| flysix\n|c|\u2606OuoouoouO|6\n|l| pkoujjja\n|\n|t:|1699775103\n|switch|p2a: Salamence|Salamence, M|100\/100\n|-ability|p2a: Salamence|Intimidate|boost\n|-unboost|p1a: Ursaluna|atk|1\n|turn|6\n|\n|t:|1699775109\n|switch|p1a: Tapu Koko|Tapu Koko|100\/100\n|-fieldstart|move: Electric Terrain|[from] ability: Electric Surge|[of] p1a: Tapu Koko\n|-terastallize|p2a: Salamence|Water\n|move|p2a: Salamence|Hydro Pump|p1a: Tapu Koko|[miss]\n|-miss|p2a: Salamence|p1a: Tapu Koko\n|\n|-weather|Snow|[upkeep]\n|upkeep\n|turn|7\n|c| supig|ouo byd\u5f62\u6001\n|\n|t:|1699775117\n|switch|p2a: Heatran|Heatran, M|100\/100\n|move|p1a: Tapu Koko|Volt Switch|p2a: Heatran\n|-damage|p2a: Heatran|72\/100\n|-damage|p1a: Tapu Koko|91\/100|[from] item: Life Orb\n|\n|t:|1699775121\n|switch|p1a: Ursaluna|Ursaluna, F|94\/100 brn|[from] Volt Switch\n|\n|-weather|Snow|[upkeep]\n|-heal|p2a: Heatran|78\/100|[from] item: Leftovers\n|-damage|p1a: Ursaluna|88\/100 brn|[from] brn\n|upkeep\n|turn|8\n|\n|t:|1699775131\n|move|p1a: Ursaluna|Headlong Rush|p2a: Heatran\n|-supereffective|p2a: Heatran\n|-damage|p2a: Heatran|0 fnt\n|-unboost|p1a: Ursaluna|def|1\n|-unboost|p1a: Ursaluna|spd|1\n|faint|p2a: Heatran\n|\n|-weather|none\n|-damage|p1a: Ursaluna|82\/100 brn|[from] brn\n|upkeep\n|\n|t:|1699775134\n|switch|p2a: Salamence|Salamence, M, tera:Water|100\/100\n|-ability|p2a: Salamence|Intimidate|boost\n|-unboost|p1a: Ursaluna|atk|1\n|turn|9\n|\n|t:|1699775140\n|switch|p1a: Ting-Lu|Ting-Lu|100\/100\n|-ability|p1a: Ting-Lu|Vessel of Ruin\n|move|p2a: Salamence|Hydro Pump|p1a: Ting-Lu\n|-supereffective|p1a: Ting-Lu\n|-damage|p1a: Ting-Lu|42\/100\n|\n|-heal|p1a: Ting-Lu|48\/100|[from] item: Leftovers\n|upkeep\n|turn|10\n|\n|t:|1699775148\n|-terastallize|p1a: Ting-Lu|Poison\n|move|p2a: Salamence|Hydro Pump|p1a: Ting-Lu\n|-damage|p1a: Ting-Lu|17\/100\n|move|p1a: Ting-Lu|Earthquake|p2a: Salamence\n|-damage|p2a: Salamence|52\/100\n|\n|-heal|p1a: Ting-Lu|23\/100|[from] item: Leftovers\n|-fieldend|move: Electric Terrain\n|upkeep\n|turn|11\n|\n|t:|1699775159\n|move|p2a: Salamence|Hydro Pump|p1a: Ting-Lu\n|-damage|p1a: Ting-Lu|0 fnt\n|faint|p1a: Ting-Lu\n|\n|upkeep\n|\n|t:|1699775161\n|switch|p1a: Tapu Koko|Tapu Koko|91\/100\n|-fieldstart|move: Electric Terrain|[from] ability: Electric Surge|[of] p1a: Tapu Koko\n|turn|12\n|l| supig\n|\n|t:|1699775166\n|switch|p2a: Ampharos|Ampharos, F|100\/100\n|move|p1a: Tapu Koko|Volt Switch|p2a: Ampharos\n|-resisted|p2a: Ampharos\n|-damage|p2a: Ampharos|77\/100\n|-damage|p1a: Tapu Koko|81\/100|[from] item: Life Orb\n|\n|t:|1699775168\n|switch|p1a: Ursaluna|Ursaluna, F|82\/100 brn|[from] Volt Switch\n|\n|-damage|p1a: Ursaluna|76\/100 brn|[from] brn\n|upkeep\n|turn|13\n|\n|t:|1699775175\n|move|p1a: Ursaluna|Facade|p2a: Ampharos\n|-damage|p2a: Ampharos|0 fnt\n|faint|p2a: Ampharos\n|\n|-damage|p1a: Ursaluna|69\/100 brn|[from] brn\n|upkeep\n|\n|t:|1699775179\n|switch|p2a: Iron Valiant|Iron Valiant|100\/100\n|-activate|p2a: Iron Valiant|ability: Quark Drive\n|-start|p2a: Iron Valiant|quarkdrivespe\n|turn|14\n|\n|t:|1699775184\n|move|p2a: Iron Valiant|Swords Dance|p2a: Iron Valiant\n|-boost|p2a: Iron Valiant|atk|2\n|move|p1a: Ursaluna|Facade|p2a: Iron Valiant\n|-damage|p2a: Iron Valiant|0 fnt\n|faint|p2a: Iron Valiant\n|-end|p2a: Iron Valiant|Quark Drive|[silent]\n|\n|-damage|p1a: Ursaluna|63\/100 brn|[from] brn\n|upkeep\n|\n|t:|1699775190\n|switch|p2a: Salamence|Salamence, M, tera:Water|52\/100\n|-ability|p2a: Salamence|Intimidate|boost\n|-unboost|p1a: Ursaluna|atk|1\n|turn|15\n|\n|t:|1699775196\n|move|p2a: Salamence|Hydro Pump|p1a: Ursaluna\n|-supereffective|p1a: Ursaluna\n|-damage|p1a: Ursaluna|0 fnt\n|faint|p1a: Ursaluna\n|\n|upkeep\n|j| ded1123\n|\n|t:|1699775202\n|switch|p1a: Alomomola|Alomomola, F|45\/100\n|turn|16\n|\n|t:|1699775204\n|move|p2a: Salamence|Hydro Pump|p1a: Alomomola\n|-resisted|p1a: Alomomola\n|-crit|p1a: Alomomola\n|-damage|p1a: Alomomola|0 fnt\n|faint|p1a: Alomomola\n|\n|-fieldend|move: Electric Terrain\n|upkeep\n|\n|t:|1699775211\n|switch|p1a: Tapu Koko|Tapu Koko|81\/100\n|-fieldstart|move: Electric Terrain|[from] ability: Electric Surge|[of] p1a: Tapu Koko\n|turn|17\n|\n|t:|1699775214\n|move|p1a: Tapu Koko|Thunderbolt|p2a: Salamence\n|-supereffective|p2a: Salamence\n|-damage|p2a: Salamence|0 fnt\n|faint|p2a: Salamence\n|-damage|p1a: Tapu Koko|71\/100|[from] item: Life Orb\n|\n|upkeep\n|\n|t:|1699775216\n|switch|p2a: Victini|Victini|100\/100\n|turn|18\n|\n|t:|1699775219\n|move|p1a: Tapu Koko|Thunderbolt|p2a: Victini\n|-damage|p2a: Victini|34\/100\n|-damage|p1a: Tapu Koko|61\/100|[from] item: Life Orb\n|-zpower|p2a: Victini\n|move|p2a: Victini|Z-Celebrate|p2a: Victini|[anim]Celebrate\n|-boost|p2a: Victini|atk|1|[zeffect]\n|-boost|p2a: Victini|def|1|[zeffect]\n|-boost|p2a: Victini|spa|1|[zeffect]\n|-boost|p2a: Victini|spd|1|[zeffect]\n|-boost|p2a: Victini|spe|1|[zeffect]\n|-activate|p2a: Victini|move: Celebrate\n|\n|upkeep\n|turn|19\n|j| 3.14159265359e\n|l| 3.14159265359e\n|\n|t:|1699775229\n|switch|p1a: Scizor|Scizor, M|100\/100\n|move|p2a: Victini|Inferno|p1a: Scizor\n|-supereffective|p1a: Scizor\n|-damage|p1a: Scizor|0 fnt\n|faint|p1a: Scizor\n|\n|upkeep\n|\n|t:|1699775231\n|switch|p1a: Slowking|Slowking-Galar, M|61\/100 par\n|turn|20\n|c| cocakk|\u96be\u9053ouo\u8981\u8d62\u4e86\uff1f\n|\n|t:|1699775234\n|move|p2a: Victini|Inferno|p1a: Slowking|[miss]\n|-miss|p2a: Victini|p1a: Slowking\n|move|p1a: Slowking|Thunder Wave|p2a: Victini\n|-status|p2a: Victini|par\n|\n|upkeep\n|turn|21\n|\n|t:|1699775239\n|move|p2a: Victini|Inferno|p1a: Slowking\n|-damage|p1a: Slowking|22\/100 par\n|move|p1a: Slowking|Sludge Bomb|p2a: Victini\n|-damage|p2a: Victini|12\/100 par\n|\n|-fieldend|move: Electric Terrain\n|upkeep\n|turn|22\n|\n|t:|1699775244\n|move|p2a: Victini|Thunder|p1a: Slowking\n|-damage|p1a: Slowking|0 fnt\n|faint|p1a: Slowking\n|\n|upkeep\n|\n|t:|1699775246\n|switch|p1a: Tapu Koko|Tapu Koko|61\/100\n|-fieldstart|move: Electric Terrain|[from] ability: Electric Surge|[of] p1a: Tapu Koko\n|turn|23\n|c| cocakk|\u5443\u5443\u6ca1\u6709\u63f4\u52a9\u529b\uff1f\n|\n|t:|1699775248\n|move|p1a: Tapu Koko|Thunderbolt|p2a: Victini\n|-damage|p2a: Victini|0 fnt\n|faint|p2a: Victini\n|-damage|p1a: Tapu Koko|51\/100|[from] item: Life Orb\n|\n|win|OuoouoouO\u3010byd\u3011\n|j| qiananan\n","uploadtime":1699775252,"views":5,"p1id":"ouoouoouobyd","p2id":"ouoouoouo","formatid":"gen9nationaldex","rating":0,"private":0,"password":""}