{"id":"gen9nationaldex-1987540281","p1":"ShadowTopaz","p2":"Lone_Garurumon","format":"[Gen 9] National Dex","log":"|j|\u2606ShadowTopaz\n|j|\u2606Lone_Garurumon\n|t:|1699609023\n|gametype|singles\n|player|p1|ShadowTopaz|marley|\n|player|p2|Lone_Garurumon|hanbei-conquest|\n|teamsize|p1|6\n|teamsize|p2|6\n|gen|9\n|tier|[Gen 9] National Dex\n|rule|HP Percentage Mod: HP is shown in percentages\n|rule|Endless Battle Clause: Forcing endless battles is banned\n|rule|OHKO Clause: OHKO moves are banned\n|rule|Evasion Clause: Evasion abilities, items, and moves are banned\n|rule|Evasion Abilities Clause: Evasion abilities are banned\n|rule|Evasion Items Clause: Evasion items are banned\n|rule|Evasion Moves Clause: Evasion moves are banned\n|rule|Species Clause: Limit one of each Pok\u00e9mon\n|rule|Sleep Clause Mod: Limit one foe put to sleep\n|clearpoke\n|poke|p1|Gliscor, M|\n|poke|p1|Corviknight, F|\n|poke|p1|Great Tusk|\n|poke|p1|Indeedee, M|\n|poke|p1|Mienshao, M|\n|poke|p1|Hoopa-Unbound|\n|poke|p2|Lucario, F|\n|poke|p2|Sneasler, F|\n|poke|p2|Gyarados, M|\n|poke|p2|Metagross|\n|poke|p2|Manaphy|\n|poke|p2|Greninja-*, M|\n|teampreview\n|\n|t:|1699609055\n|start\n|switch|p1a: Voivode|Gliscor, M|100\/100\n|switch|p2a: Garrison|Gyarados, M|100\/100\n|turn|1\n|\n|t:|1699609074\n|move|p2a: Garrison|Dragon Dance|p2a: Garrison\n|-boost|p2a: Garrison|atk|1\n|-boost|p2a: Garrison|spe|1\n|move|p1a: Voivode|Stealth Rock|p2a: Garrison\n|-sidestart|p2: Lone_Garurumon|move: Stealth Rock\n|\n|-status|p1a: Voivode|tox|[from] item: Toxic Orb\n|upkeep\n|turn|2\n|\n|t:|1699609104\n|-terastallize|p1a: Voivode|Fairy\n|move|p2a: Garrison|Ice Fang|p1a: Voivode\n|-damage|p1a: Voivode|70\/100 tox\n|move|p1a: Voivode|Facade|p2a: Garrison\n|-damage|p2a: Garrison|61\/100\n|\n|-heal|p1a: Voivode|82\/100 tox|[from] ability: Poison Heal\n|upkeep\n|turn|3\n|\n|t:|1699609121\n|move|p2a: Garrison|Earthquake|p1a: Voivode\n|-damage|p1a: Voivode|41\/100 tox\n|move|p1a: Voivode|Facade|p2a: Garrison\n|-damage|p2a: Garrison|25\/100\n|\n|-heal|p1a: Voivode|54\/100 tox|[from] ability: Poison Heal\n|upkeep\n|turn|4\n|\n|t:|1699609147\n|-terastallize|p2a: Garrison|Ground\n|move|p2a: Garrison|Earthquake|p1a: Voivode\n|-damage|p1a: Voivode|0 fnt\n|faint|p1a: Voivode\n|-ability|p2a: Garrison|Moxie|boost\n|-boost|p2a: Garrison|atk|1\n|\n|upkeep\n|\n|t:|1699609165\n|switch|p1a: Dame|Corviknight, F, shiny|100\/100\n|turn|5\n|\n|t:|1699609180\n|move|p2a: Garrison|Waterfall|p1a: Dame\n|-damage|p1a: Dame|44\/100\n|-damage|p2a: Garrison|9\/100|[from] item: Rocky Helmet|[of] p1a: Dame\n|cant|p1a: Dame|flinch\n|\n|upkeep\n|turn|6\n|\n|t:|1699609190\n|switch|p1a: Lord|Indeedee, M|100\/100\n|-fieldstart|move: Psychic Terrain|[from] ability: Psychic Surge|[of] p1a: Lord\n|move|p2a: Garrison|Waterfall|p1a: Lord\n|-damage|p1a: Lord|0 fnt\n|faint|p1a: Lord\n|-ability|p2a: Garrison|Moxie|boost\n|-boost|p2a: Garrison|atk|1\n|\n|upkeep\n|\n|t:|1699609205\n|switch|p1a: Dame|Corviknight, F, shiny|44\/100\n|turn|7\n|\n|t:|1699609210\n|move|p2a: Garrison|Waterfall|p1a: Dame\n|-damage|p1a: Dame|0 fnt\n|-damage|p2a: Garrison|0 fnt|[from] item: Rocky Helmet|[of] p1a: Dame\n|faint|p1a: Dame\n|faint|p2a: Garrison\n|\n|upkeep\n|\n|t:|1699609268\n|switch|p2a: Debbi|Sneasler, F|100\/100\n|switch|p1a: Shah|Hoopa-Unbound|100\/100\n|-damage|p2a: Debbi|95\/100|[from] Stealth Rock\n|turn|8\n|\n|t:|1699609287\n|move|p2a: Debbi|Dire Claw|p1a: Shah\n|-damage|p1a: Shah|8\/100\n|-status|p1a: Shah|slp\n|-damage|p2a: Debbi|85\/100|[from] item: Life Orb\n|cant|p1a: Shah|slp\n|\n|upkeep\n|turn|9\n|\n|t:|1699609310\n|move|p2a: Debbi|Swords Dance|p2a: Debbi\n|-boost|p2a: Debbi|atk|2\n|-curestatus|p1a: Shah|slp|[msg]\n|move|p1a: Shah|Psychic|p2a: Debbi\n|-supereffective|p2a: Debbi\n|-damage|p2a: Debbi|0 fnt\n|faint|p2a: Debbi\n|\n|upkeep\n|c|\u2606Lone_Garurumon|Daaaaaaamn\n|c|\u2606ShadowTopaz|Thank goodness\n|c|\u2606Lone_Garurumon|Those 1-turn wakeups be killin' me lately\n|c|\u2606ShadowTopaz|Unlike that Gyarados, which was killing me.\n|\n|t:|1699609354\n|switch|p2a: Henson|Greninja, M|100\/100\n|-damage|p2a: Henson|88\/100|[from] Stealth Rock\n|turn|10\n|c|\u2606Lone_Garurumon|He does his best\n|\n|t:|1699609366\n|move|p2a: Henson|Surf|p1a: Shah\n|-start|p2a: Henson|typechange|Water|[from] ability: Protean\n|-damage|p1a: Shah|0 fnt\n|faint|p1a: Shah\n|\n|upkeep\n|\n|t:|1699609375\n|switch|p1a: Eminence|Great Tusk|100\/100\n|turn|11\n|\n|t:|1699609390\n|move|p2a: Henson|Surf|p1a: Eminence\n|-supereffective|p1a: Eminence\n|-damage|p1a: Eminence|0 fnt\n|faint|p1a: Eminence\n|-end|p1a: Eminence|Protosynthesis|[silent]\n|\n|upkeep\n|\n|t:|1699609395\n|switch|p1a: Daimyo|Mienshao, M|100\/100\n|turn|12\n|\n|t:|1699609399\n|move|p2a: Henson|Surf|p1a: Daimyo\n|-damage|p1a: Daimyo|0 fnt\n|faint|p1a: Daimyo\n|\n|win|Lone_Garurumon\n|c|\u2606Lone_Garurumon|gg!\n","uploadtime":1699609405,"views":19,"p1id":"shadowtopaz","p2id":"lonegarurumon","formatid":"gen9nationaldex","rating":0,"private":0,"password":""}