{"id":"gen9nationaldex-1992570886","p1":"MrNapalm","p2":"SeisoDuck","format":"[Gen 9] National Dex","log":"|j|\u2606MrNapalm\n|j|\u2606SeisoDuck\n|t:|1700207789\n|gametype|singles\n|player|p1|MrNapalm|lucas-gen4pt|\n|player|p2|SeisoDuck|102|\n|teamsize|p1|2\n|teamsize|p2|1\n|gen|9\n|tier|[Gen 9] National Dex\n|rule|HP Percentage Mod: HP is shown in percentages\n|rule|Endless Battle Clause: Forcing endless battles is banned\n|rule|OHKO Clause: OHKO moves are banned\n|rule|Evasion Clause: Evasion abilities, items, and moves are banned\n|rule|Evasion Abilities Clause: Evasion abilities are banned\n|rule|Evasion Items Clause: Evasion items are banned\n|rule|Evasion Moves Clause: Evasion moves are banned\n|rule|Species Clause: Limit one of each Pok\u00e9mon\n|rule|Sleep Clause Mod: Limit one foe put to sleep\n|clearpoke\n|poke|p1|Torterra, M|\n|poke|p1|Empoleon, F|\n|poke|p2|Wobbuffet, M|\n|teampreview\n|\n|t:|1700207794\n|start\n|switch|p1a: Happy feet|Empoleon, F|100\/100\n|switch|p2a: Wood|Wobbuffet, M, shiny|100\/100\n|-item|p1a: Happy feet|Air Balloon\n|turn|1\n|\n|t:|1700207804\n|-terastallize|p2a: Wood|Flying\n|move|p1a: Happy feet|Blizzard|p2a: Wood\n|-supereffective|p2a: Wood\n|-damage|p2a: Wood|45\/100\n|move|p2a: Wood|Mirror Coat|p1a: Happy feet\n|-damage|p1a: Happy feet|0 fnt\n|-enditem|p1a: Happy feet|Air Balloon\n|faint|p1a: Happy feet\n|\n|-heal|p2a: Wood|51\/100|[from] item: Leftovers\n|upkeep\n|\n|t:|1700207817\n|switch|p1a: Turtnig|Torterra, M|100\/100\n|turn|2\n|\n|t:|1700207823\n|move|p1a: Turtnig|Wood Hammer|p2a: Wood\n|-resisted|p2a: Wood\n|-damage|p2a: Wood|37\/100\n|-damage|p1a: Turtnig|93\/100|[from] Recoil\n|move|p2a: Wood|Counter|p1a: Turtnig\n|-damage|p1a: Turtnig|48\/100\n|\n|-heal|p2a: Wood|43\/100|[from] item: Leftovers\n|upkeep\n|turn|3\n|\n|t:|1700207899\n|move|p1a: Turtnig|Giga Drain|p2a: Wood\n|-resisted|p2a: Wood\n|-damage|p2a: Wood|34\/100\n|-heal|p1a: Turtnig|56\/100|[from] drain|[of] p2a: Wood\n|move|p2a: Wood|Counter||[still]\n|-fail|p2a: Wood\n|\n|-heal|p2a: Wood|40\/100|[from] item: Leftovers\n|upkeep\n|turn|4\n|\n|t:|1700207911\n|move|p1a: Turtnig|Giga Drain|p2a: Wood\n|-resisted|p2a: Wood\n|-damage|p2a: Wood|30\/100\n|-heal|p1a: Turtnig|65\/100|[from] drain|[of] p2a: Wood\n|move|p2a: Wood|Mirror Coat|p1a: Turtnig\n|-damage|p1a: Turtnig|32\/100\n|\n|-heal|p2a: Wood|36\/100|[from] item: Leftovers\n|upkeep\n|turn|5\n|\n|t:|1700207923\n|move|p1a: Turtnig|Wood Hammer|p2a: Wood\n|-resisted|p2a: Wood\n|-damage|p2a: Wood|15\/100\n|-damage|p1a: Turtnig|20\/100|[from] Recoil\n|move|p2a: Wood|Mirror Coat||[still]\n|-fail|p2a: Wood\n|\n|-heal|p2a: Wood|21\/100|[from] item: Leftovers\n|upkeep\n|turn|6\n|\n|t:|1700207934\n|move|p1a: Turtnig|Wood Hammer|p2a: Wood\n|-resisted|p2a: Wood\n|-damage|p2a: Wood|0 fnt\n|faint|p2a: Wood\n|-damage|p1a: Turtnig|9\/100|[from] Recoil\n|\n|win|MrNapalm\n","uploadtime":1700207936,"views":4,"p1id":"mrnapalm","p2id":"seisoduck","formatid":"gen9nationaldex","rating":0,"private":0,"password":""}