{"id":"gen9nationaldex-1998845531","p1":"sylwcj","p2":"dukemon300","format":"[Gen 9] National Dex","log":"|html|<div class=\"broadcast-blue\"><strong>[Gen 9] National Dex is currently suspecting Sneasler! For information on how to participate check out the <a href=\"https:\/\/www.smogon.com\/forums\/threads\/sv-national-dex-suspect-8-just-dance.3731534\/\">suspect thread<\/a>.<\/strong><\/div>\n|j|\u2606sylwcj\n|j|\u2606dukemon300\n|t:|1701002150\n|gametype|singles\n|player|p1|sylwcj|1|1263\n|player|p2|dukemon300|101|1377\n|teamsize|p1|6\n|teamsize|p2|6\n|gen|9\n|tier|[Gen 9] National Dex\n|rated|\n|rule|HP Percentage Mod: HP is shown in percentages\n|rule|Endless Battle Clause: Forcing endless battles is banned\n|rule|OHKO Clause: OHKO moves are banned\n|rule|Evasion Clause: Evasion abilities, items, and moves are banned\n|rule|Evasion Abilities Clause: Evasion abilities are banned\n|rule|Evasion Items Clause: Evasion items are banned\n|rule|Evasion Moves Clause: Evasion moves are banned\n|rule|Species Clause: Limit one of each Pok\u00e9mon\n|rule|Sleep Clause Mod: Limit one foe put to sleep\n|clearpoke\n|poke|p1|Banette, F|\n|poke|p1|Ogerpon-Wellspring, F|\n|poke|p1|Moltres|\n|poke|p1|Ting-Lu|\n|poke|p1|Tapu Lele|\n|poke|p1|Aegislash, M|\n|poke|p2|Tapu Koko|\n|poke|p2|Iron Valiant|\n|poke|p2|Great Tusk|\n|poke|p2|Scizor, M|\n|poke|p2|Sneasler, M|\n|poke|p2|Iron Moth|\n|teampreview\n|\n|t:|1701002166\n|start\n|switch|p1a: Ting-Lu|Ting-Lu|100\/100\n|switch|p2a: Tapu Koko|Tapu Koko|100\/100\n|-fieldstart|move: Electric Terrain|[from] ability: Electric Surge|[of] p2a: Tapu Koko\n|-ability|p1a: Ting-Lu|Vessel of Ruin\n|turn|1\n|\n|t:|1701002174\n|move|p2a: Tapu Koko|U-turn|p1a: Ting-Lu\n|-supereffective|p1a: Ting-Lu\n|-damage|p1a: Ting-Lu|86\/100\n|\n|t:|1701002180\n|switch|p2a: Iron Valiant|Iron Valiant|100\/100|[from] U-turn\n|-activate|p2a: Iron Valiant|ability: Quark Drive\n|-start|p2a: Iron Valiant|quarkdrivespe\n|move|p1a: Ting-Lu|Stealth Rock|p2a: Iron Valiant\n|-sidestart|p2: dukemon300|move: Stealth Rock\n|\n|-heal|p1a: Ting-Lu|92\/100|[from] item: Leftovers\n|upkeep\n|turn|2\n|\n|t:|1701002196\n|switch|p1a: Aegislash|Aegislash, M, shiny|100\/100\n|move|p2a: Iron Valiant|Moonblast|p1a: Aegislash\n|-resisted|p1a: Aegislash\n|-damage|p1a: Aegislash|78\/100\n|-damage|p2a: Iron Valiant|91\/100|[from] item: Life Orb\n|\n|-heal|p1a: Aegislash|84\/100|[from] item: Leftovers\n|upkeep\n|turn|3\n|\n|t:|1701002213\n|-terastallize|p2a: Iron Valiant|Electric\n|move|p2a: Iron Valiant|Thunderbolt|p1a: Aegislash\n|-damage|p1a: Aegislash|24\/100\n|-damage|p2a: Iron Valiant|81\/100|[from] item: Life Orb\n|move|p1a: Aegislash|Substitute|p1a: Aegislash\n|-fail|p1a: Aegislash|move: Substitute|[weak]\n|\n|-heal|p1a: Aegislash|30\/100|[from] item: Leftovers\n|upkeep\n|turn|4\n|\n|t:|1701002221\n|move|p1a: Aegislash|King's Shield|p1a: Aegislash\n|-singleturn|p1a: Aegislash|Protect\n|move|p2a: Iron Valiant|Thunderbolt|p1a: Aegislash\n|-activate|p1a: Aegislash|move: Protect\n|\n|-heal|p1a: Aegislash|37\/100|[from] item: Leftovers\n|upkeep\n|turn|5\n|\n|t:|1701002249\n|switch|p1a: Ting-Lu|Ting-Lu|92\/100\n|-ability|p1a: Ting-Lu|Vessel of Ruin\n|move|p2a: Iron Valiant|Thunderbolt|p1a: Ting-Lu\n|-immune|p1a: Ting-Lu\n|\n|-heal|p1a: Ting-Lu|98\/100|[from] item: Leftovers\n|upkeep\n|turn|6\n|\n|t:|1701002258\n|-terastallize|p1a: Ting-Lu|Water\n|move|p2a: Iron Valiant|Moonblast|p1a: Ting-Lu\n|-damage|p1a: Ting-Lu|66\/100\n|-damage|p2a: Iron Valiant|71\/100|[from] item: Life Orb\n|move|p1a: Ting-Lu|Earthquake|p2a: Iron Valiant\n|-supereffective|p2a: Iron Valiant\n|-damage|p2a: Iron Valiant|0 fnt\n|faint|p2a: Iron Valiant\n|-end|p2a: Iron Valiant|Quark Drive|[silent]\n|\n|-heal|p1a: Ting-Lu|72\/100|[from] item: Leftovers\n|upkeep\n|\n|t:|1701002264\n|switch|p2a: Scizor|Scizor, M|100\/100\n|-damage|p2a: Scizor|88\/100|[from] Stealth Rock\n|turn|7\n|\n|t:|1701002273\n|detailschange|p2a: Scizor|Scizor-Mega, M\n|-mega|p2a: Scizor|Scizor|Scizorite\n|move|p2a: Scizor|Swords Dance|p2a: Scizor\n|-boost|p2a: Scizor|atk|2\n|move|p1a: Ting-Lu|Ruination|p2a: Scizor\n|-damage|p2a: Scizor|44\/100\n|\n|-heal|p1a: Ting-Lu|79\/100|[from] item: Leftovers\n|upkeep\n|turn|8\n|\n|t:|1701002281\n|move|p2a: Scizor|Trailblaze|p1a: Ting-Lu\n|-supereffective|p1a: Ting-Lu\n|-damage|p1a: Ting-Lu|21\/100\n|-boost|p2a: Scizor|spe|1\n|move|p1a: Ting-Lu|Whirlwind|p2a: Scizor\n|drag|p2a: Tapu Koko|Tapu Koko|100\/100\n|-damage|p2a: Tapu Koko|88\/100|[from] Stealth Rock\n|\n|-heal|p1a: Ting-Lu|27\/100|[from] item: Leftovers\n|-fieldend|move: Electric Terrain\n|upkeep\n|turn|9\n|\n|t:|1701002294\n|switch|p1a: Moltres|Moltres|100\/100\n|move|p2a: Tapu Koko|Thunderbolt|p1a: Moltres\n|-supereffective|p1a: Moltres\n|-damage|p1a: Moltres|28\/100\n|\n|upkeep\n|turn|10\n|\n|t:|1701002318\n|switch|p1a: Ogerpon|Ogerpon-Wellspring, F|100\/100\n|move|p2a: Tapu Koko|Thunderbolt|p1a: Ogerpon\n|-damage|p1a: Ogerpon|57\/100\n|\n|upkeep\n|turn|11\n|\n|t:|1701002331\n|switch|p2a: Scizor|Scizor-Mega, M|44\/100\n|-damage|p2a: Scizor|32\/100|[from] Stealth Rock\n|move|p1a: Ogerpon|Ivy Cudgel|p2a: Scizor|[anim] Ivy Cudgel Water\n|-damage|p2a: Scizor|0 fnt\n|faint|p2a: Scizor\n|\n|upkeep\n|\n|t:|1701002339\n|switch|p2a: Tapu Koko|Tapu Koko|88\/100\n|-damage|p2a: Tapu Koko|76\/100|[from] Stealth Rock\n|-fieldstart|move: Electric Terrain|[from] ability: Electric Surge|[of] p2a: Tapu Koko\n|turn|12\n|\n|t:|1701002348\n|switch|p1a: Ting-Lu|Ting-Lu, tera:Water|27\/100\n|-ability|p1a: Ting-Lu|Vessel of Ruin\n|move|p2a: Tapu Koko|Thunderbolt|p1a: Ting-Lu\n|-supereffective|p1a: Ting-Lu\n|-damage|p1a: Ting-Lu|0 fnt\n|faint|p1a: Ting-Lu\n|\n|upkeep\n|\n|t:|1701002358\n|switch|p1a: Banette|Banette, F|100\/100\n|-item|p2a: Tapu Koko|Terrain Extender|[from] ability: Frisk|[of] p1a: Banette|[identify]\n|turn|13\n|\n|t:|1701002363\n|detailschange|p1a: Banette|Banette-Mega, F\n|-mega|p1a: Banette|Banette|Banettite\n|move|p1a: Banette|Destiny Bond|p1a: Banette\n|-singlemove|p1a: Banette|Destiny Bond\n|move|p2a: Tapu Koko|U-turn|p1a: Banette\n|-resisted|p1a: Banette\n|-damage|p1a: Banette|86\/100\n|\n|t:|1701002371\n|switch|p2a: Iron Moth|Iron Moth|100\/100|[from] U-turn\n|-activate|p2a: Iron Moth|ability: Quark Drive\n|-start|p2a: Iron Moth|quarkdrivespe\n|\n|upkeep\n|turn|14\n|\n|t:|1701002377\n|move|p2a: Iron Moth|Fiery Dance|p1a: Banette\n|-damage|p1a: Banette|23\/100\n|move|p1a: Banette|Poltergeist|p2a: Iron Moth\n|-activate|p2a: Iron Moth|move: Poltergeist|Heavy-Duty Boots\n|-damage|p2a: Iron Moth|0 fnt\n|faint|p2a: Iron Moth\n|-end|p2a: Iron Moth|Quark Drive|[silent]\n|\n|upkeep\n|\n|t:|1701002388\n|switch|p2a: Sneasler|Sneasler, M|100\/100\n|-damage|p2a: Sneasler|95\/100|[from] Stealth Rock\n|-enditem|p2a: Sneasler|Electric Seed\n|-boost|p2a: Sneasler|def|1|[from] item: Electric Seed\n|turn|15\n|\n|t:|1701002396\n|move|p2a: Sneasler|Acrobatics|p1a: Banette\n|-damage|p1a: Banette|0 fnt\n|faint|p1a: Banette\n|\n|upkeep\n|\n|t:|1701002401\n|switch|p1a: Aegislash|Aegislash, M, shiny|37\/100\n|turn|16\n|\n|t:|1701002405\n|switch|p2a: Great Tusk|Great Tusk|100\/100\n|-damage|p2a: Great Tusk|98\/100|[from] Stealth Rock\n|move|p1a: Aegislash|King's Shield||[still]\n|-fail|p1a: Aegislash\n|\n|-heal|p2a: Great Tusk|100\/100|[from] item: Leftovers\n|-heal|p1a: Aegislash|43\/100|[from] item: Leftovers\n|upkeep\n|turn|17\n|\n|t:|1701002413\n|move|p1a: Aegislash|King's Shield|p1a: Aegislash\n|-singleturn|p1a: Aegislash|Protect\n|move|p2a: Great Tusk|Earthquake|p1a: Aegislash\n|-activate|p1a: Aegislash|move: Protect\n|\n|-heal|p1a: Aegislash|49\/100|[from] item: Leftovers\n|upkeep\n|turn|18\n|\n|t:|1701002421\n|switch|p1a: Moltres|Moltres|28\/100\n|move|p2a: Great Tusk|Earthquake|p1a: Moltres\n|-immune|p1a: Moltres\n|\n|upkeep\n|turn|19\n|\n|t:|1701002434\n|-end|p2a: Great Tusk|Protosynthesis|[silent]\n|switch|p2a: Sneasler|Sneasler, M|95\/100\n|-damage|p2a: Sneasler|89\/100|[from] Stealth Rock\n|move|p1a: Moltres|Roost|p1a: Moltres\n|-heal|p1a: Moltres|78\/100\n|-singleturn|p1a: Moltres|move: Roost\n|\n|-fieldend|move: Electric Terrain\n|upkeep\n|turn|20\n|\n|t:|1701002447\n|move|p2a: Sneasler|Dire Claw|p1a: Moltres\n|-damage|p1a: Moltres|48\/100\n|-status|p1a: Moltres|slp\n|cant|p1a: Moltres|slp\n|\n|upkeep\n|turn|21\n|\n|t:|1701002461\n|switch|p2a: Great Tusk|Great Tusk|100\/100\n|-damage|p2a: Great Tusk|98\/100|[from] Stealth Rock\n|cant|p1a: Moltres|slp\n|\n|-heal|p2a: Great Tusk|100\/100|[from] item: Leftovers\n|upkeep\n|turn|22\n|inactive|Battle timer is ON: inactive players will automatically lose when time's up. (requested by dukemon300)\n|\n|t:|1701002511\n|cant|p1a: Moltres|slp\n|move|p2a: Great Tusk|Rapid Spin|p1a: Moltres\n|-damage|p1a: Moltres|35\/100 slp\n|-boost|p2a: Great Tusk|spe|1\n|-sideend|p2: dukemon300|Stealth Rock|[from] move: Rapid Spin|[of] p2a: Great Tusk\n|\n|upkeep\n|turn|23\n|\n|t:|1701002517\n|move|p2a: Great Tusk|Rapid Spin|p1a: Moltres\n|-damage|p1a: Moltres|22\/100 slp\n|-boost|p2a: Great Tusk|spe|1\n|-curestatus|p1a: Moltres|slp|[msg]\n|move|p1a: Moltres|Roost|p1a: Moltres\n|-heal|p1a: Moltres|72\/100\n|-singleturn|p1a: Moltres|move: Roost\n|\n|upkeep\n|turn|24\n|inactive|sylwcj has 120 seconds left.\n|\n|t:|1701002565\n|-end|p2a: Great Tusk|Protosynthesis|[silent]\n|switch|p2a: Tapu Koko|Tapu Koko|76\/100\n|-fieldstart|move: Electric Terrain|[from] ability: Electric Surge|[of] p2a: Tapu Koko\n|move|p1a: Moltres|Flamethrower|p2a: Tapu Koko\n|-damage|p2a: Tapu Koko|22\/100\n|\n|upkeep\n|turn|25\n|\n|t:|1701002581\n|switch|p1a: Tapu Lele|Tapu Lele, shiny|100\/100\n|-fieldstart|move: Psychic Terrain|[from] ability: Psychic Surge|[of] p1a: Tapu Lele\n|move|p2a: Tapu Koko|Thunderbolt|p1a: Tapu Lele\n|-damage|p1a: Tapu Lele|60\/100\n|\n|upkeep\n|turn|26\n|\n|t:|1701002596\n|move|p2a: Tapu Koko|Thunderbolt|p1a: Tapu Lele\n|-damage|p1a: Tapu Lele|19\/100\n|move|p1a: Tapu Lele|Psychic|p2a: Tapu Koko\n|-crit|p2a: Tapu Koko\n|-damage|p2a: Tapu Koko|0 fnt\n|faint|p2a: Tapu Koko\n|\n|upkeep\n|\n|t:|1701002601\n|switch|p2a: Sneasler|Sneasler, M|89\/100\n|turn|27\n|\n|t:|1701002606\n|switch|p1a: Aegislash|Aegislash, M, shiny|49\/100\n|move|p2a: Sneasler|Acrobatics|p1a: Aegislash\n|-resisted|p1a: Aegislash\n|-damage|p1a: Aegislash|35\/100\n|\n|-heal|p1a: Aegislash|41\/100|[from] item: Leftovers\n|upkeep\n|turn|28\n|\n|t:|1701002616\n|switch|p2a: Great Tusk|Great Tusk|100\/100\n|move|p1a: Aegislash|Substitute|p1a: Aegislash\n|-start|p1a: Aegislash|Substitute\n|-damage|p1a: Aegislash|16\/100\n|\n|-heal|p1a: Aegislash|23\/100|[from] item: Leftovers\n|upkeep\n|turn|29\n|\n|t:|1701002622\n|move|p1a: Aegislash|King's Shield|p1a: Aegislash\n|-singleturn|p1a: Aegislash|Protect\n|move|p2a: Great Tusk|Knock Off|p1a: Aegislash\n|-activate|p1a: Aegislash|move: Protect\n|-unboost|p2a: Great Tusk|atk|1\n|\n|-heal|p1a: Aegislash|29\/100|[from] item: Leftovers\n|-fieldend|move: Psychic Terrain\n|upkeep\n|turn|30\n|\n|t:|1701002635\n|move|p2a: Great Tusk|Knock Off|p1a: Aegislash\n|-supereffective|p1a: Aegislash\n|-end|p1a: Aegislash|Substitute\n|-formechange|p1a: Aegislash|Aegislash-Blade||[from] ability: Stance Change\n|move|p1a: Aegislash|Shadow Claw|p2a: Great Tusk\n|-damage|p2a: Great Tusk|82\/100\n|\n|-heal|p2a: Great Tusk|88\/100|[from] item: Leftovers\n|-heal|p1a: Aegislash|35\/100|[from] item: Leftovers\n|upkeep\n|turn|31\n|\n|t:|1701002645\n|-formechange|p1a: Aegislash|Aegislash||[from] ability: Stance Change\n|move|p1a: Aegislash|King's Shield|p1a: Aegislash\n|-singleturn|p1a: Aegislash|Protect\n|move|p2a: Great Tusk|Earthquake|p1a: Aegislash\n|-activate|p1a: Aegislash|move: Protect\n|\n|-heal|p2a: Great Tusk|94\/100|[from] item: Leftovers\n|-heal|p1a: Aegislash|41\/100|[from] item: Leftovers\n|upkeep\n|turn|32\n|\n|t:|1701002662\n|switch|p1a: Moltres|Moltres|72\/100\n|move|p2a: Great Tusk|Earthquake|p1a: Moltres\n|-immune|p1a: Moltres\n|\n|-heal|p2a: Great Tusk|100\/100|[from] item: Leftovers\n|upkeep\n|turn|33\n|\n|t:|1701002668\n|move|p1a: Moltres|Flamethrower|p2a: Great Tusk\n|-damage|p2a: Great Tusk|45\/100\n|move|p2a: Great Tusk|Knock Off|p1a: Moltres\n|-damage|p1a: Moltres|56\/100\n|-enditem|p1a: Moltres|Heavy-Duty Boots|[from] move: Knock Off|[of] p2a: Great Tusk\n|\n|-heal|p2a: Great Tusk|51\/100|[from] item: Leftovers\n|upkeep\n|turn|34\n|c|\u2606dukemon300|gg\n|\n|t:|1701002679\n|move|p1a: Moltres|Roost|p1a: Moltres\n|-heal|p1a: Moltres|100\/100\n|-singleturn|p1a: Moltres|move: Roost\n|move|p2a: Great Tusk|Knock Off|p1a: Moltres\n|-damage|p1a: Moltres|90\/100\n|-status|p2a: Great Tusk|brn|[from] ability: Flame Body|[of] p1a: Moltres\n|\n|-heal|p2a: Great Tusk|58\/100 brn|[from] item: Leftovers\n|-damage|p2a: Great Tusk|51\/100 brn|[from] brn\n|upkeep\n|turn|35\n|\n|t:|1701002691\n|move|p1a: Moltres|Flamethrower|p2a: Great Tusk\n|-damage|p2a: Great Tusk|0 fnt\n|faint|p2a: Great Tusk\n|-end|p2a: Great Tusk|Protosynthesis|[silent]\n|\n|upkeep\n|c|\u2606sylwcj|gg\n|\n|t:|1701002695\n|switch|p2a: Sneasler|Sneasler, M|89\/100\n|turn|36\n|\n|t:|1701002702\n|move|p2a: Sneasler|Swords Dance|p2a: Sneasler\n|-boost|p2a: Sneasler|atk|2\n|move|p1a: Moltres|Flamethrower|p2a: Sneasler\n|-damage|p2a: Sneasler|40\/100\n|\n|upkeep\n|turn|37\n|\n|t:|1701002713\n|move|p2a: Sneasler|Dire Claw|p1a: Moltres\n|-damage|p1a: Moltres|25\/100\n|move|p1a: Moltres|Flamethrower|p2a: Sneasler\n|-damage|p2a: Sneasler|0 fnt\n|faint|p2a: Sneasler\n|\n|win|sylwcj\n|raw|sylwcj's rating: 1263 &rarr; <strong>1296<\/strong><br \/>(+33 for winning)\n|raw|dukemon300's rating: 1377 &rarr; <strong>1351<\/strong><br \/>(-26 for losing)\n","uploadtime":1701002731,"views":1,"p1id":"sylwcj","p2id":"dukemon300","formatid":"gen9nationaldex","rating":1296,"private":0,"password":""}