{"id":"gen9nationaldex-1993743410","p1":"baiyouzi","p2":"afdsfasf","format":"[Gen 9] National Dex","log":"|j|\u2606baiyouzi\n|j|\u2606afdsfasf\n|t:|1700351978\n|gametype|singles\n|player|p1|baiyouzi|lucas|1133\n|player|p2|afdsfasf|lady|1080\n|teamsize|p1|6\n|teamsize|p2|6\n|gen|9\n|tier|[Gen 9] National Dex\n|rated|\n|rule|HP Percentage Mod: HP is shown in percentages\n|rule|Endless Battle Clause: Forcing endless battles is banned\n|rule|OHKO Clause: OHKO moves are banned\n|rule|Evasion Clause: Evasion abilities, items, and moves are banned\n|rule|Evasion Abilities Clause: Evasion abilities are banned\n|rule|Evasion Items Clause: Evasion items are banned\n|rule|Evasion Moves Clause: Evasion moves are banned\n|rule|Species Clause: Limit one of each Pok\u00e9mon\n|rule|Sleep Clause Mod: Limit one foe put to sleep\n|clearpoke\n|poke|p1|Pelipper, M|\n|poke|p1|Barraskewda, M|\n|poke|p1|Tapu Lele|\n|poke|p1|Swampert, F|\n|poke|p1|Moltres|\n|poke|p1|Urshifu-*, F|\n|poke|p2|Cinccino, M|\n|poke|p2|Frosmoth, M|\n|poke|p2|Milotic, F|\n|poke|p2|Mawile, M|\n|poke|p2|Dragonite, F|\n|poke|p2|Glimmora, M|\n|teampreview\n|\n|t:|1700351993\n|start\n|switch|p1a: Tapu Lele|Tapu Lele|100\/100\n|switch|p2a: Dragonite|Dragonite, F|100\/100\n|-fieldstart|move: Psychic Terrain|[from] ability: Psychic Surge|[of] p1a: Tapu Lele\n|turn|1\n|\n|t:|1700352005\n|move|p1a: Tapu Lele|Moonblast|p2a: Dragonite\n|-supereffective|p2a: Dragonite\n|-damage|p2a: Dragonite|24\/100\n|-enditem|p2a: Dragonite|Aguav Berry|[eat]\n|-heal|p2a: Dragonite|57\/100|[from] item: Aguav Berry\n|move|p2a: Dragonite|Dragon Dance|p2a: Dragonite\n|-boost|p2a: Dragonite|atk|1\n|-boost|p2a: Dragonite|spe|1\n|\n|upkeep\n|turn|2\n|\n|t:|1700352014\n|-terastallize|p1a: Tapu Lele|Psychic\n|move|p2a: Dragonite|Iron Head|p1a: Tapu Lele\n|-damage|p1a: Tapu Lele|24\/100\n|move|p1a: Tapu Lele|Moonblast|p2a: Dragonite\n|-supereffective|p2a: Dragonite\n|-damage|p2a: Dragonite|0 fnt\n|faint|p2a: Dragonite\n|\n|upkeep\n|\n|t:|1700352024\n|switch|p2a: Cinccino|Cinccino, M|100\/100\n|turn|3\n|\n|t:|1700352032\n|switch|p1a: Pelipper|Pelipper, M|100\/100\n|-weather|RainDance|[from] ability: Drizzle|[of] p1a: Pelipper\n|move|p2a: Cinccino|Rock Blast|p1a: Pelipper\n|-supereffective|p1a: Pelipper\n|-damage|p1a: Pelipper|83\/100\n|-supereffective|p1a: Pelipper\n|-damage|p1a: Pelipper|67\/100\n|-supereffective|p1a: Pelipper\n|-damage|p1a: Pelipper|50\/100\n|-supereffective|p1a: Pelipper\n|-damage|p1a: Pelipper|33\/100\n|-hitcount|p1a: Pelipper|4\n|\n|-weather|RainDance|[upkeep]\n|upkeep\n|turn|4\n|\n|t:|1700352046\n|switch|p1a: Urshifu|Urshifu-Rapid-Strike, F|100\/100\n|move|p2a: Cinccino|Bullet Seed|p1a: Urshifu\n|-supereffective|p1a: Urshifu\n|-damage|p1a: Urshifu|78\/100\n|-supereffective|p1a: Urshifu\n|-damage|p1a: Urshifu|56\/100\n|-supereffective|p1a: Urshifu\n|-damage|p1a: Urshifu|36\/100\n|-supereffective|p1a: Urshifu\n|-damage|p1a: Urshifu|13\/100\n|-hitcount|p1a: Urshifu|4\n|\n|-weather|RainDance|[upkeep]\n|upkeep\n|turn|5\n|\n|t:|1700352059\n|move|p1a: Urshifu|Close Combat|p2a: Cinccino\n|-supereffective|p2a: Cinccino\n|-damage|p2a: Cinccino|0 fnt\n|-unboost|p1a: Urshifu|def|1\n|-unboost|p1a: Urshifu|spd|1\n|faint|p2a: Cinccino\n|\n|-weather|RainDance|[upkeep]\n|-fieldend|move: Psychic Terrain\n|upkeep\n|\n|t:|1700352067\n|switch|p2a: Mawile|Mawile, M|100\/100\n|turn|6\n|\n|t:|1700352086\n|detailschange|p2a: Mawile|Mawile-Mega, M\n|-mega|p2a: Mawile|Mawile|Mawilite\n|move|p2a: Mawile|Sucker Punch|p1a: Urshifu\n|-resisted|p1a: Urshifu\n|-damage|p1a: Urshifu|0 fnt\n|faint|p1a: Urshifu\n|\n|-weather|RainDance|[upkeep]\n|upkeep\n|\n|t:|1700352097\n|switch|p1a: Moltres|Moltres|100\/100\n|turn|7\n|\n|t:|1700352105\n|switch|p2a: Milotic|Milotic, F, shiny|100\/100\n|move|p1a: Moltres|Defog|p2a: Milotic\n|-unboost|p2a: Milotic|evasion|1\n|\n|-weather|RainDance|[upkeep]\n|upkeep\n|turn|8\n|\n|t:|1700352119\n|switch|p1a: Swampert|Swampert, F|100\/100\n|move|p2a: Milotic|Toxic|p1a: Swampert\n|-status|p1a: Swampert|tox\n|\n|-weather|RainDance|[upkeep]\n|-damage|p1a: Swampert|94\/100 tox|[from] psn\n|upkeep\n|turn|9\n|\n|t:|1700352131\n|detailschange|p1a: Swampert|Swampert-Mega, F\n|-mega|p1a: Swampert|Swampert|Swampertite\n|move|p1a: Swampert|Earthquake|p2a: Milotic\n|-damage|p2a: Milotic|51\/100\n|move|p2a: Milotic|Recover|p2a: Milotic\n|-heal|p2a: Milotic|100\/100\n|\n|-weather|RainDance|[upkeep]\n|-damage|p1a: Swampert|82\/100 tox|[from] psn\n|upkeep\n|turn|10\n|\n|t:|1700352141\n|move|p1a: Swampert|Bulk Up|p1a: Swampert\n|-boost|p1a: Swampert|atk|1\n|-boost|p1a: Swampert|def|1\n|move|p2a: Milotic|Recover||[still]\n|-fail|p2a: Milotic|heal\n|\n|-weather|none\n|-damage|p1a: Swampert|64\/100 tox|[from] psn\n|upkeep\n|turn|11\n|\n|t:|1700352150\n|move|p1a: Swampert|Bulk Up|p1a: Swampert\n|-boost|p1a: Swampert|atk|1\n|-boost|p1a: Swampert|def|1\n|move|p2a: Milotic|Scald|p1a: Swampert\n|-damage|p1a: Swampert|36\/100 tox\n|\n|-damage|p1a: Swampert|12\/100 tox|[from] psn\n|upkeep\n|turn|12\n|\n|t:|1700352166\n|switch|p2a: Glimmora|Glimmora, M|100\/100\n|move|p1a: Swampert|Earthquake|p2a: Glimmora\n|-supereffective|p2a: Glimmora\n|-damage|p2a: Glimmora|0 fnt\n|-activate|p2a: Glimmora|ability: Toxic Debris\n|-sidestart|p1: baiyouzi|move: Toxic Spikes\n|faint|p2a: Glimmora\n|\n|-damage|p1a: Swampert|0 fnt|[from] psn\n|faint|p1a: Swampert\n|upkeep\n|\n|t:|1700352182\n|switch|p2a: Frosmoth|Frosmoth, M|100\/100\n|switch|p1a: Pelipper|Pelipper, M|33\/100\n|-weather|RainDance|[from] ability: Drizzle|[of] p1a: Pelipper\n|turn|13\n|\n|t:|1700352189\n|move|p2a: Frosmoth|Quiver Dance|p2a: Frosmoth\n|-boost|p2a: Frosmoth|spa|1\n|-boost|p2a: Frosmoth|spd|1\n|-boost|p2a: Frosmoth|spe|1\n|move|p1a: Pelipper|Defog|p2a: Frosmoth\n|-unboost|p2a: Frosmoth|evasion|1\n|-sideend|p1: baiyouzi|Toxic Spikes|[from] move: Defog|[of] p1a: Pelipper\n|\n|-weather|RainDance|[upkeep]\n|upkeep\n|turn|14\n|\n|t:|1700352198\n|move|p2a: Frosmoth|Quiver Dance|p2a: Frosmoth\n|-boost|p2a: Frosmoth|spa|1\n|-boost|p2a: Frosmoth|spd|1\n|-boost|p2a: Frosmoth|spe|1\n|move|p1a: Pelipper|Hurricane|p2a: Frosmoth\n|-supereffective|p2a: Frosmoth\n|-crit|p2a: Frosmoth\n|-damage|p2a: Frosmoth|23\/100\n|\n|-weather|RainDance|[upkeep]\n|upkeep\n|turn|15\n|\n|t:|1700352207\n|move|p2a: Frosmoth|Ice Beam|p1a: Pelipper\n|-damage|p1a: Pelipper|0 fnt\n|faint|p1a: Pelipper\n|\n|-weather|RainDance|[upkeep]\n|upkeep\n|\n|t:|1700352214\n|switch|p1a: Moltres|Moltres|100\/100\n|turn|16\n|\n|t:|1700352221\n|move|p2a: Frosmoth|Ice Beam|p1a: Moltres\n|-damage|p1a: Moltres|0 fnt\n|faint|p1a: Moltres\n|\n|-weather|RainDance|[upkeep]\n|upkeep\n|\n|t:|1700352227\n|switch|p1a: Barraskewda|Barraskewda, M, shiny|100\/100\n|turn|17\n|\n|t:|1700352237\n|switch|p2a: Milotic|Milotic, F, shiny|100\/100\n|move|p1a: Barraskewda|Aqua Jet|p2a: Milotic\n|-resisted|p2a: Milotic\n|-damage|p2a: Milotic|83\/100\n|\n|-weather|RainDance|[upkeep]\n|-heal|p2a: Milotic|89\/100|[from] item: Leftovers\n|upkeep\n|turn|18\n|\n|t:|1700352246\n|switch|p1a: Tapu Lele|Tapu Lele, tera:Psychic|24\/100\n|-fieldstart|move: Psychic Terrain|[from] ability: Psychic Surge|[of] p1a: Tapu Lele\n|move|p2a: Milotic|Toxic|p1a: Tapu Lele\n|-status|p1a: Tapu Lele|tox\n|\n|-weather|RainDance|[upkeep]\n|-heal|p2a: Milotic|95\/100|[from] item: Leftovers\n|-damage|p1a: Tapu Lele|18\/100 tox|[from] psn\n|upkeep\n|turn|19\n|\n|t:|1700352258\n|move|p1a: Tapu Lele|Psychic|p2a: Milotic\n|-damage|p2a: Milotic|1\/100\n|move|p2a: Milotic|Recover|p2a: Milotic\n|-heal|p2a: Milotic|51\/100\n|\n|-weather|RainDance|[upkeep]\n|-heal|p2a: Milotic|57\/100|[from] item: Leftovers\n|-damage|p1a: Tapu Lele|6\/100 tox|[from] psn\n|upkeep\n|turn|20\n|\n|t:|1700352269\n|switch|p2a: Frosmoth|Frosmoth, M|23\/100\n|move|p1a: Tapu Lele|Psychic|p2a: Frosmoth\n|-damage|p2a: Frosmoth|0 fnt\n|faint|p2a: Frosmoth\n|\n|-weather|none\n|-damage|p1a: Tapu Lele|0 fnt|[from] psn\n|faint|p1a: Tapu Lele\n|upkeep\n|\n|t:|1700352280\n|switch|p1a: Barraskewda|Barraskewda, M, shiny|100\/100\n|switch|p2a: Milotic|Milotic, F, shiny|57\/100\n|turn|21\n|\n|t:|1700352286\n|move|p1a: Barraskewda|Close Combat|p2a: Milotic\n|-damage|p2a: Milotic|9\/100\n|-unboost|p1a: Barraskewda|def|1\n|-unboost|p1a: Barraskewda|spd|1\n|move|p2a: Milotic|Toxic|p1a: Barraskewda\n|-status|p1a: Barraskewda|tox\n|\n|-heal|p2a: Milotic|15\/100|[from] item: Leftovers\n|-damage|p1a: Barraskewda|94\/100 tox|[from] psn\n|upkeep\n|turn|22\n|\n|t:|1700352296\n|move|p1a: Barraskewda|Close Combat|p2a: Milotic\n|-damage|p2a: Milotic|0 fnt\n|-unboost|p1a: Barraskewda|def|1\n|-unboost|p1a: Barraskewda|spd|1\n|faint|p2a: Milotic\n|\n|-damage|p1a: Barraskewda|82\/100 tox|[from] psn\n|-fieldend|move: Psychic Terrain\n|upkeep\n|\n|t:|1700352300\n|switch|p2a: Mawile|Mawile-Mega, M|100\/100\n|turn|23\n|\n|t:|1700352308\n|move|p1a: Barraskewda|Close Combat|p2a: Mawile\n|-damage|p2a: Mawile|35\/100\n|-unboost|p1a: Barraskewda|def|1\n|-unboost|p1a: Barraskewda|spd|1\n|move|p2a: Mawile|Play Rough|p1a: Barraskewda\n|-damage|p1a: Barraskewda|0 fnt\n|faint|p1a: Barraskewda\n|\n|win|afdsfasf\n|raw|baiyouzi's rating: 1133 &rarr; <strong>1104<\/strong><br \/>(-29 for losing)\n|raw|afdsfasf's rating: 1080 &rarr; <strong>1112<\/strong><br \/>(+32 for winning)\n|l|\u2606baiyouzi\n|c|\u2606afdsfasf|gg\n","uploadtime":1700352328,"views":11,"p1id":"baiyouzi","p2id":"afdsfasf","formatid":"gen9nationaldex","rating":1104,"private":0,"password":""}