{"id":"gen9nationaldex-1994889175","p1":"Moonwolf118","p2":"Slender235","format":"[Gen 9] National Dex","log":"|html|<div class=\"broadcast-blue\"><strong>[Gen 9] National Dex is currently suspecting Sneasler! For information on how to participate check out the <a href=\"https:\/\/www.smogon.com\/forums\/threads\/sv-national-dex-suspect-8-just-dance.3731534\/\">suspect thread<\/a>.<\/strong><\/div>\n|j|\u2606Moonwolf118\n|j|\u2606Slender235\n|t:|1700501984\n|gametype|singles\n|player|p1|Moonwolf118|pokekid|1302\n|player|p2|Slender235|ingo|1373\n|teamsize|p1|6\n|teamsize|p2|6\n|gen|9\n|tier|[Gen 9] National Dex\n|rated|\n|rule|HP Percentage Mod: HP is shown in percentages\n|rule|Endless Battle Clause: Forcing endless battles is banned\n|rule|OHKO Clause: OHKO moves are banned\n|rule|Evasion Clause: Evasion abilities, items, and moves are banned\n|rule|Evasion Abilities Clause: Evasion abilities are banned\n|rule|Evasion Items Clause: Evasion items are banned\n|rule|Evasion Moves Clause: Evasion moves are banned\n|rule|Species Clause: Limit one of each Pok\u00e9mon\n|rule|Sleep Clause Mod: Limit one foe put to sleep\n|clearpoke\n|poke|p1|Lopunny, F|\n|poke|p1|Gardevoir, F|\n|poke|p1|Zoroark-Hisui, F|\n|poke|p1|Hatterene, F|\n|poke|p1|Nidoqueen, F|\n|poke|p1|Meowscarada, F|\n|poke|p2|Ting-Lu|\n|poke|p2|Scizor, M|\n|poke|p2|Regice|\n|poke|p2|Aerodactyl, M|\n|poke|p2|Alomomola, M|\n|poke|p2|Greninja-*, M|\n|teampreview\n|inactive|Battle timer is ON: inactive players will automatically lose when time's up. (requested by Slender235)\n|\n|t:|1700502002\n|start\n|switch|p1a: Meowscarada|Meowscarada, F|100\/100\n|switch|p2a: Scizor|Scizor, M|100\/100\n|turn|1\n|\n|t:|1700502013\n|switch|p1a: Nidoqueen|Nidoqueen, F|100\/100\n|move|p2a: Scizor|Swords Dance|p2a: Scizor\n|-boost|p2a: Scizor|atk|2\n|\n|upkeep\n|turn|2\n|inactive|Slender235 has 120 seconds left.\n|inactive|Slender235 has 90 seconds left.\n|\n|t:|1700502076\n|switch|p2a: Alomomola|Alomomola, M|100\/100\n|move|p1a: Nidoqueen|Earth Power|p2a: Alomomola\n|-damage|p2a: Alomomola|62\/100\n|\n|upkeep\n|turn|3\n|\n|t:|1700502096\n|switch|p1a: Gardevoir|Gardevoir, F|100\/100\n|-ability|p1a: Gardevoir|Regenerator|[from] ability: Trace|[of] p2a: Alomomola\n|move|p2a: Alomomola|Flip Turn|p1a: Gardevoir\n|-damage|p1a: Gardevoir|72\/100\n|inactive|Slender235 has 90 seconds left.\n|\n|t:|1700502111\n|switch|p2a: Scizor|Scizor, M|100\/100|[from] Flip Turn\n|\n|upkeep\n|turn|4\n|\n|t:|1700502126\n|-terastallize|p1a: Gardevoir|Fire\n|move|p1a: Gardevoir|Mystical Fire|p2a: Scizor\n|-supereffective|p2a: Scizor\n|-crit|p2a: Scizor\n|-damage|p2a: Scizor|0 fnt\n|faint|p2a: Scizor\n|\n|upkeep\n|\n|t:|1700502133\n|switch|p2a: Greninja|Greninja, M|100\/100\n|turn|5\n|\n|t:|1700502142\n|switch|p1a: Meowscarada|Meowscarada, F|100\/100\n|move|p2a: Greninja|Surf|p1a: Meowscarada\n|-resisted|p1a: Meowscarada\n|-damage|p1a: Meowscarada|54\/100\n|\n|upkeep\n|turn|6\n|\n|t:|1700502157\n|switch|p2a: Ting-Lu|Ting-Lu|100\/100\n|-ability|p2a: Ting-Lu|Vessel of Ruin\n|move|p1a: Meowscarada|Flower Trick|p2a: Ting-Lu\n|-start|p1a: Meowscarada|typechange|Grass|[from] ability: Protean\n|-supereffective|p2a: Ting-Lu\n|-crit|p2a: Ting-Lu\n|-damage|p2a: Ting-Lu|35\/100\n|\n|-heal|p2a: Ting-Lu|41\/100|[from] item: Leftovers\n|upkeep\n|turn|7\n|\n|t:|1700502173\n|move|p1a: Meowscarada|Flower Trick|p2a: Ting-Lu\n|-supereffective|p2a: Ting-Lu\n|-crit|p2a: Ting-Lu\n|-damage|p2a: Ting-Lu|0 fnt\n|faint|p2a: Ting-Lu\n|\n|upkeep\n|\n|t:|1700502175\n|switch|p2a: Aerodactyl|Aerodactyl, M|100\/100\n|-ability|p2a: Aerodactyl|Unnerve\n|turn|8\n|\n|t:|1700502197\n|switch|p1a: Hatterene|Hatterene, F|100\/100\n|detailschange|p2a: Aerodactyl|Aerodactyl-Mega, M\n|-mega|p2a: Aerodactyl|Aerodactyl|Aerodactylite\n|move|p2a: Aerodactyl|Hone Claws|p2a: Aerodactyl\n|-boost|p2a: Aerodactyl|atk|1\n|-boost|p2a: Aerodactyl|accuracy|1\n|\n|upkeep\n|turn|9\n|\n|t:|1700502203\n|move|p2a: Aerodactyl|Stone Edge|p1a: Hatterene\n|-damage|p1a: Hatterene|38\/100\n|move|p1a: Hatterene|Psyshock|p2a: Aerodactyl\n|-damage|p2a: Aerodactyl|54\/100\n|\n|-heal|p1a: Hatterene|44\/100|[from] item: Leftovers\n|upkeep\n|turn|10\n|\n|t:|1700502209\n|move|p2a: Aerodactyl|Stone Edge|p1a: Hatterene\n|-damage|p1a: Hatterene|0 fnt\n|faint|p1a: Hatterene\n|\n|upkeep\n|\n|t:|1700502212\n|switch|p1a: Nidoqueen|Nidoqueen, F|100\/100\n|turn|11\n|\n|t:|1700502216\n|move|p2a: Aerodactyl|Earthquake|p1a: Nidoqueen\n|-supereffective|p1a: Nidoqueen\n|-crit|p1a: Nidoqueen\n|-damage|p1a: Nidoqueen|0 fnt\n|faint|p1a: Nidoqueen\n|\n|upkeep\n|\n|t:|1700502219\n|switch|p1a: Gardevoir|Gardevoir, F, tera:Fire|100\/100\n|-ability|p1a: Gardevoir|Tough Claws|[from] ability: Trace|[of] p2a: Aerodactyl\n|turn|12\n|\n|t:|1700502224\n|move|p2a: Aerodactyl|Stone Edge|p1a: Gardevoir\n|-supereffective|p1a: Gardevoir\n|-damage|p1a: Gardevoir|0 fnt\n|faint|p1a: Gardevoir\n|\n|upkeep\n|\n|t:|1700502227\n|switch|p1a: Lopunny|Lopunny, F|100\/100\n|turn|13\n|\n|t:|1700502231\n|detailschange|p1a: Lopunny|Lopunny-Mega, F\n|-mega|p1a: Lopunny|Lopunny|Lopunnite\n|move|p1a: Lopunny|Fake Out|p2a: Aerodactyl\n|-resisted|p2a: Aerodactyl\n|-damage|p2a: Aerodactyl|39\/100\n|cant|p2a: Aerodactyl|flinch\n|\n|upkeep\n|turn|14\n|\n|t:|1700502237\n|move|p2a: Aerodactyl|Wing Attack|p1a: Lopunny\n|-supereffective|p1a: Lopunny\n|-damage|p1a: Lopunny|0 fnt\n|faint|p1a: Lopunny\n|\n|upkeep\n|\n|t:|1700502240\n|switch|p1a: Meowscarada|Meowscarada, F|100\/100\n|turn|15\n|\n|t:|1700502244\n|move|p2a: Aerodactyl|Wing Attack|p1a: Meowscarada\n|-damage|p1a: Meowscarada|0 fnt\n|replace|p1a: Zoroark|Zoroark-Hisui, F\n|-end|p1a: Zoroark|Illusion\n|faint|p1a: Zoroark\n|\n|upkeep\n|\n|t:|1700502247\n|switch|p1a: Meowscarada|Meowscarada, F|54\/100\n|turn|16\n|\n|t:|1700502252\n|move|p2a: Aerodactyl|Wing Attack|p1a: Meowscarada\n|-supereffective|p1a: Meowscarada\n|-damage|p1a: Meowscarada|0 fnt\n|faint|p1a: Meowscarada\n|\n|win|Slender235\n|raw|Moonwolf118's rating: 1302 &rarr; <strong>1286<\/strong><br \/>(-16 for losing)\n|raw|Slender235's rating: 1373 &rarr; <strong>1389<\/strong><br \/>(+16 for winning)\n|l|\u2606Moonwolf118\n|l|\u2606Slender235\n|j|\u2606Slender235\n|player|p2|Slender235|ingo\n","uploadtime":1700502267,"views":5,"p1id":"moonwolf118","p2id":"slender235","formatid":"gen9nationaldex","rating":1286,"private":0,"password":""}