{"id":"gen9nationaldex-1993252783","p1":"830r","p2":"PyroStorm1700","format":"[Gen 9] National Dex","log":"|j|\u2606830r\n|j|\u2606PyroStorm1700\n|t:|1700284642\n|gametype|singles\n|player|p1|830r|veteran|\n|player|p2|PyroStorm1700|roxie|\n|teamsize|p1|6\n|teamsize|p2|6\n|gen|9\n|tier|[Gen 9] National Dex\n|rule|HP Percentage Mod: HP is shown in percentages\n|rule|Endless Battle Clause: Forcing endless battles is banned\n|rule|OHKO Clause: OHKO moves are banned\n|rule|Evasion Clause: Evasion abilities, items, and moves are banned\n|rule|Evasion Abilities Clause: Evasion abilities are banned\n|rule|Evasion Items Clause: Evasion items are banned\n|rule|Evasion Moves Clause: Evasion moves are banned\n|rule|Species Clause: Limit one of each Pok\u00e9mon\n|rule|Sleep Clause Mod: Limit one foe put to sleep\n|clearpoke\n|poke|p1|Latias, F|\n|poke|p1|Celesteela|\n|poke|p1|Cursola, M|\n|poke|p1|Toxapex, M|\n|poke|p1|Garganacl, F|\n|poke|p1|Mew|\n|poke|p2|Xurkitree|\n|poke|p2|Dragonite, M|\n|poke|p2|Clodsire, F|\n|poke|p2|Gyarados, M|\n|poke|p2|Enamorus, F|\n|poke|p2|Volcarona, F|\n|teampreview\n|inactive|Battle timer is ON: inactive players will automatically lose when time's up. (requested by 830r)\n|inactive|PyroStorm1700 also wants the timer to be on.\n|\n|t:|1700284656\n|start\n|switch|p1a: Mew|Mew|100\/100\n|switch|p2a: Baldur|Dragonite, M|100\/100\n|turn|1\n|\n|t:|1700284663\n|move|p1a: Mew|Cosmic Power|p1a: Mew\n|-boost|p1a: Mew|def|1\n|-boost|p1a: Mew|spd|1\n|move|p2a: Baldur|Dual Wingbeat|p1a: Mew\n|-damage|p1a: Mew|91\/100\n|-damage|p1a: Mew|82\/100\n|-hitcount|p1a: Mew|2\n|\n|-heal|p1a: Mew|88\/100|[from] item: Leftovers\n|upkeep\n|turn|2\n|c|\u2606830r|Here we go again\n|\n|t:|1700284674\n|switch|p2a: Ameterasu|Volcarona, F, shiny|100\/100\n|move|p1a: Mew|Cosmic Power|p1a: Mew\n|-boost|p1a: Mew|def|1\n|-boost|p1a: Mew|spd|1\n|\n|-heal|p1a: Mew|94\/100|[from] item: Leftovers\n|upkeep\n|turn|3\n|c|\u2606PyroStorm1700|I refuse\n|\n|t:|1700284680\n|move|p2a: Ameterasu|Quiver Dance|p2a: Ameterasu\n|-boost|p2a: Ameterasu|spa|1\n|-boost|p2a: Ameterasu|spd|1\n|-boost|p2a: Ameterasu|spe|1\n|move|p1a: Mew|Substitute|p1a: Mew\n|-start|p1a: Mew|Substitute\n|-damage|p1a: Mew|69\/100\n|\n|-heal|p1a: Mew|75\/100|[from] item: Leftovers\n|upkeep\n|turn|4\n|\n|t:|1700284682\n|move|p2a: Ameterasu|Quiver Dance|p2a: Ameterasu\n|-boost|p2a: Ameterasu|spa|1\n|-boost|p2a: Ameterasu|spd|1\n|-boost|p2a: Ameterasu|spe|1\n|move|p1a: Mew|Cosmic Power|p1a: Mew\n|-boost|p1a: Mew|def|1\n|-boost|p1a: Mew|spd|1\n|\n|-heal|p1a: Mew|81\/100|[from] item: Leftovers\n|upkeep\n|turn|5\n|\n|t:|1700284684\n|move|p2a: Ameterasu|Quiver Dance|p2a: Ameterasu\n|-boost|p2a: Ameterasu|spa|1\n|-boost|p2a: Ameterasu|spd|1\n|-boost|p2a: Ameterasu|spe|1\n|move|p1a: Mew|Cosmic Power|p1a: Mew\n|-boost|p1a: Mew|def|1\n|-boost|p1a: Mew|spd|1\n|\n|-heal|p1a: Mew|88\/100|[from] item: Leftovers\n|upkeep\n|turn|6\n|\n|t:|1700284686\n|move|p2a: Ameterasu|Quiver Dance|p2a: Ameterasu\n|-boost|p2a: Ameterasu|spa|1\n|-boost|p2a: Ameterasu|spd|1\n|-boost|p2a: Ameterasu|spe|1\n|move|p1a: Mew|Cosmic Power|p1a: Mew\n|-boost|p1a: Mew|def|1\n|-boost|p1a: Mew|spd|1\n|\n|-heal|p1a: Mew|94\/100|[from] item: Leftovers\n|upkeep\n|turn|7\n|\n|t:|1700284687\n|move|p2a: Ameterasu|Quiver Dance|p2a: Ameterasu\n|-boost|p2a: Ameterasu|spa|1\n|-boost|p2a: Ameterasu|spd|1\n|-boost|p2a: Ameterasu|spe|1\n|move|p1a: Mew|Cosmic Power|p1a: Mew\n|-boost|p1a: Mew|def|1\n|-boost|p1a: Mew|spd|1\n|\n|-heal|p1a: Mew|99\/100|[from] item: Leftovers\n|upkeep\n|turn|8\n|\n|t:|1700284690\n|move|p2a: Ameterasu|Quiver Dance|p2a: Ameterasu\n|-boost|p2a: Ameterasu|spa|1\n|-boost|p2a: Ameterasu|spd|1\n|-boost|p2a: Ameterasu|spe|1\n|move|p1a: Mew|Infestation|p2a: Ameterasu\n|-resisted|p2a: Ameterasu\n|-damage|p2a: Ameterasu|99\/100\n|-activate|p2a: Ameterasu|move: Infestation|[of] p1a: Mew\n|\n|-heal|p1a: Mew|100\/100|[from] item: Leftovers\n|-damage|p2a: Ameterasu|88\/100|[from] move: Infestation|[partiallytrapped]\n|upkeep\n|turn|9\n|\n|t:|1700284694\n|move|p2a: Ameterasu|Bug Buzz|p1a: Mew\n|-supereffective|p1a: Mew\n|-damage|p1a: Mew|29\/100\n|move|p1a: Mew|Substitute|p1a: Mew\n|-fail|p1a: Mew|move: Substitute\n|\n|-heal|p1a: Mew|35\/100|[from] item: Leftovers\n|-damage|p2a: Ameterasu|75\/100|[from] move: Infestation|[partiallytrapped]\n|upkeep\n|turn|10\n|c|\u2606830r|Huh?\n|c|\u2606PyroStorm1700|Sound moves bypass sub\n|\n|t:|1700284723\n|switch|p1a: Celesteela|Celesteela|100\/100\n|move|p2a: Ameterasu|Bug Buzz|p1a: Celesteela\n|-resisted|p1a: Celesteela\n|-damage|p1a: Celesteela|66\/100\n|\n|-heal|p1a: Celesteela|72\/100|[from] item: Leftovers\n|-end|p2a: Ameterasu|Infestation|[partiallytrapped]|[silent]\n|upkeep\n|turn|11\n|\n|t:|1700284734\n|switch|p1a: Toxapex|Toxapex, M, shiny|100\/100\n|move|p2a: Ameterasu|Flamethrower|p1a: Toxapex\n|-resisted|p1a: Toxapex\n|-damage|p1a: Toxapex|30\/100\n|\n|-heal|p1a: Toxapex|37\/100|[from] item: Black Sludge\n|upkeep\n|turn|12\n|c|\u2606830r|Oh god\n|\n|t:|1700284748\n|move|p1a: Toxapex|Baneful Bunker|p1a: Toxapex\n|-singleturn|p1a: Toxapex|move: Protect\n|move|p2a: Ameterasu|Psychic|p1a: Toxapex\n|-activate|p1a: Toxapex|move: Protect\n|\n|-heal|p1a: Toxapex|43\/100|[from] item: Black Sludge\n|upkeep\n|turn|13\n|\n|t:|1700284752\n|switch|p1a: Cursola|Cursola, M, shiny|100\/100\n|move|p2a: Ameterasu|Psychic|p1a: Cursola\n|-damage|p1a: Cursola|0 fnt\n|faint|p1a: Cursola\n|\n|upkeep\n|c|\u2606830r|THAT WAS A SPDEF WALL\n|inactive|830r has 270 seconds left.\n|c|\u2606830r|Gg I guess\n|c|\u2606PyroStorm1700|Oh no\n|\n|t:|1700284781\n|switch|p1a: Toxapex|Toxapex, M, shiny|76\/100\n|turn|14\n|c|\u2606PyroStorm1700|1476 spatk\n|\n|t:|1700284791\n|switch|p1a: Celesteela|Celesteela|72\/100\n|move|p2a: Ameterasu|Psychic|p1a: Celesteela\n|-resisted|p1a: Celesteela\n|-damage|p1a: Celesteela|27\/100\n|\n|-heal|p1a: Celesteela|33\/100|[from] item: Leftovers\n|upkeep\n|turn|15\n|\n|t:|1700284798\n|move|p2a: Ameterasu|Psychic|p1a: Celesteela\n|-resisted|p1a: Celesteela\n|-damage|p1a: Celesteela|0 fnt\n|faint|p1a: Celesteela\n|\n|upkeep\n|\n|t:|1700284801\n|switch|p1a: Toxapex|Toxapex, M, shiny|100\/100\n|turn|16\n|\n|t:|1700284803\n|move|p2a: Ameterasu|Psychic|p1a: Toxapex\n|-supereffective|p1a: Toxapex\n|-damage|p1a: Toxapex|0 fnt\n|faint|p1a: Toxapex\n|\n|upkeep\n|\n|t:|1700284807\n|switch|p1a: Mew|Mew|35\/100\n|turn|17\n|\n|t:|1700284811\n|move|p2a: Ameterasu|Bug Buzz|p1a: Mew\n|-supereffective|p1a: Mew\n|-damage|p1a: Mew|0 fnt\n|faint|p1a: Mew\n|\n|upkeep\n|\n|t:|1700284813\n|switch|p1a: Latias|Latias, F|100\/100\n|turn|18\n|\n|t:|1700284817\n|detailschange|p1a: Latias|Latias-Mega, F\n|-mega|p1a: Latias|Latias|Latiasite\n|move|p2a: Ameterasu|Bug Buzz|p1a: Latias\n|-supereffective|p1a: Latias\n|-damage|p1a: Latias|0 fnt\n|faint|p1a: Latias\n|\n|upkeep\n|\n|t:|1700284821\n|switch|p1a: Garganacl|Garganacl, F|100\/100\n|turn|19\n|\n|t:|1700284826\n|-terastallize|p2a: Ameterasu|Psychic\n|move|p2a: Ameterasu|Psychic|p1a: Garganacl\n|-damage|p1a: Garganacl|0 fnt\n|faint|p1a: Garganacl\n|\n|win|PyroStorm1700\n|c|\u2606830r|Well then\n|c|\u2606830r|leason learned\n|c|\u2606830r|don\u2019t underestimate moth\n|c|\u2606PyroStorm1700|The queen of the sun will burn you to your core\n|l|\u2606PyroStorm1700\n|j|\u2606PyroStorm1700\n|player|p2|PyroStorm1700|roxie\n","uploadtime":1700284882,"views":8,"p1id":"830r","p2id":"pyrostorm1700","formatid":"gen9nationaldex","rating":0,"private":0,"password":""}