{"id":"gen9nationaldex-1996919930","p1":"larsonshark","p2":"snivy ye \u53f6\u86c7","format":"[Gen 9] National Dex","log":"|html|<div class=\"broadcast-blue\"><strong>[Gen 9] National Dex is currently suspecting Sneasler! For information on how to participate check out the <a href=\"https:\/\/www.smogon.com\/forums\/threads\/sv-national-dex-suspect-8-just-dance.3731534\/\">suspect thread<\/a>.<\/strong><\/div>\n|j|\u2606larsonshark\n|j|\u2606snivy ye \u53f6\u86c7\n|t:|1700744903\n|gametype|singles\n|player|p1|larsonshark|caitlin|1511\n|player|p2|snivy ye \u53f6\u86c7|winona|1685\n|teamsize|p1|6\n|teamsize|p2|6\n|gen|9\n|tier|[Gen 9] National Dex\n|rated|\n|rule|HP Percentage Mod: HP is shown in percentages\n|rule|Endless Battle Clause: Forcing endless battles is banned\n|rule|OHKO Clause: OHKO moves are banned\n|rule|Evasion Clause: Evasion abilities, items, and moves are banned\n|rule|Evasion Abilities Clause: Evasion abilities are banned\n|rule|Evasion Items Clause: Evasion items are banned\n|rule|Evasion Moves Clause: Evasion moves are banned\n|rule|Species Clause: Limit one of each Pok\u00e9mon\n|rule|Sleep Clause Mod: Limit one foe put to sleep\n|clearpoke\n|poke|p1|Iron Valiant|\n|poke|p1|Gliscor, F|\n|poke|p1|Aegislash, F|\n|poke|p1|Alomomola, M|\n|poke|p1|Moltres|\n|poke|p1|Urshifu-*, M|\n|poke|p2|Gengar, F|\n|poke|p2|Tapu Lele|\n|poke|p2|Corviknight, M|\n|poke|p2|Garchomp, M|\n|poke|p2|Gyarados, M|\n|poke|p2|Heatran, F|\n|teampreview\n|inactive|Battle timer is ON: inactive players will automatically lose when time's up. (requested by larsonshark)\n|inactive|larsonshark has 120 seconds left.\n|\n|t:|1700744956\n|start\n|switch|p1a: Alomomola|Alomomola, M|100\/100\n|switch|p2a: Gengar|Gengar, F|100\/100\n|turn|1\n|\n|t:|1700744966\n|move|p2a: Gengar|Trick|p1a: Alomomola\n|-activate|p2a: Gengar|move: Trick|[of] p1a: Alomomola\n|-item|p1a: Alomomola|Choice Scarf|[from] move: Trick\n|-item|p2a: Gengar|Covert Cloak|[from] move: Trick\n|move|p1a: Alomomola|Flip Turn|p2a: Gengar\n|-damage|p2a: Gengar|70\/100\n|-start|p1a: Alomomola|Disable|Flip Turn|[from] ability: Cursed Body|[of] p2a: Gengar\n|\n|t:|1700744984\n|switch|p1a: Iron Valiant|Iron Valiant|100\/100|[from] Flip Turn\n|-enditem|p1a: Iron Valiant|Booster Energy\n|-activate|p1a: Iron Valiant|ability: Quark Drive|[fromitem]\n|-start|p1a: Iron Valiant|quarkdrivespe\n|\n|upkeep\n|turn|2\n|\n|t:|1700744994\n|switch|p2a: Gyarados|Gyarados, M|100\/100\n|-ability|p2a: Gyarados|Intimidate|boost\n|-unboost|p1a: Iron Valiant|atk|1\n|move|p1a: Iron Valiant|Calm Mind|p1a: Iron Valiant\n|-boost|p1a: Iron Valiant|spa|1\n|-boost|p1a: Iron Valiant|spd|1\n|\n|upkeep\n|turn|3\n|\n|t:|1700745007\n|switch|p2a: Heatran|Heatran, F|100\/100\n|move|p1a: Iron Valiant|Thunderbolt|p2a: Heatran\n|-damage|p2a: Heatran|73\/100\n|\n|-heal|p2a: Heatran|79\/100|[from] item: Leftovers\n|upkeep\n|turn|4\n|\n|t:|1700745015\n|-terastallize|p2a: Heatran|Grass\n|move|p1a: Iron Valiant|Calm Mind|p1a: Iron Valiant\n|-boost|p1a: Iron Valiant|spa|1\n|-boost|p1a: Iron Valiant|spd|1\n|move|p2a: Heatran|Magma Storm|p1a: Iron Valiant|[miss]\n|-miss|p2a: Heatran|p1a: Iron Valiant\n|\n|-heal|p2a: Heatran|85\/100|[from] item: Leftovers\n|upkeep\n|turn|5\n|\n|t:|1700745024\n|move|p1a: Iron Valiant|Moonblast|p2a: Heatran\n|-damage|p2a: Heatran|26\/100\n|move|p2a: Heatran|Toxic|p1a: Iron Valiant\n|-status|p1a: Iron Valiant|tox\n|\n|-heal|p2a: Heatran|32\/100|[from] item: Leftovers\n|-damage|p1a: Iron Valiant|94\/100 tox|[from] psn\n|upkeep\n|turn|6\n|\n|t:|1700745033\n|switch|p2a: Corviknight|Corviknight, M|100\/100\n|move|p1a: Iron Valiant|Aura Sphere|p2a: Corviknight\n|-damage|p2a: Corviknight|19\/100\n|\n|-damage|p1a: Iron Valiant|82\/100 tox|[from] psn\n|upkeep\n|turn|7\n|\n|t:|1700745042\n|move|p1a: Iron Valiant|Moonblast|p2a: Corviknight\n|-resisted|p2a: Corviknight\n|-damage|p2a: Corviknight|0 fnt\n|faint|p2a: Corviknight\n|\n|-damage|p1a: Iron Valiant|63\/100 tox|[from] psn\n|upkeep\n|\n|t:|1700745049\n|switch|p2a: Gyarados|Gyarados, M|100\/100\n|-ability|p2a: Gyarados|Intimidate|boost\n|-unboost|p1a: Iron Valiant|atk|1\n|turn|8\n|\n|t:|1700745054\n|switch|p2a: Garchomp|Garchomp, M|100\/100\n|move|p1a: Iron Valiant|Moonblast|p2a: Garchomp\n|-supereffective|p2a: Garchomp\n|-damage|p2a: Garchomp|0 fnt\n|faint|p2a: Garchomp\n|\n|-damage|p1a: Iron Valiant|38\/100 tox|[from] psn\n|upkeep\n|\n|t:|1700745063\n|switch|p2a: Heatran|Heatran, F, tera:Grass|32\/100\n|turn|9\n|\n|t:|1700745071\n|move|p1a: Iron Valiant|Moonblast|p2a: Heatran\n|-damage|p2a: Heatran|0 fnt\n|faint|p2a: Heatran\n|\n|-damage|p1a: Iron Valiant|7\/100 tox|[from] psn\n|upkeep\n|\n|t:|1700745078\n|switch|p2a: Gyarados|Gyarados, M|100\/100\n|-ability|p2a: Gyarados|Intimidate|boost\n|-unboost|p1a: Iron Valiant|atk|1\n|turn|10\n|-message|snivy ye \u53f6\u86c7 forfeited.\n|\n|win|larsonshark\n|raw|larsonshark's rating: 1511 &rarr; <strong>1540<\/strong><br \/>(+29 for winning)\n|raw|snivy ye \u53f6\u86c7's rating: 1685 &rarr; <strong>1656<\/strong><br \/>(-29 for losing)\n|l|\u2606snivy ye \u53f6\u86c7\n|c|\u2606larsonshark|try tomake your switches less obvious\n|c|\u2606larsonshark|my gof\n|c|\u2606larsonshark|god\n|c|\u2606larsonshark|top 500 my ass\n","uploadtime":1700745218,"views":9,"p1id":"larsonshark","p2id":"snivyye","formatid":"gen9nationaldex","rating":1540,"private":0,"password":""}