{"id":"gen9nationaldex-1988679561","p1":"polgo","p2":"rekcuskco","format":"[Gen 9] National Dex","log":"|j|\u2606polgo\n|j|\u2606rekcuskco\n|t:|1699749736\n|gametype|singles\n|player|p1|polgo|saturn|1116\n|player|p2|rekcuskco|argenta|1061\n|teamsize|p1|6\n|teamsize|p2|6\n|gen|9\n|tier|[Gen 9] National Dex\n|rated|\n|rule|HP Percentage Mod: HP is shown in percentages\n|rule|Endless Battle Clause: Forcing endless battles is banned\n|rule|OHKO Clause: OHKO moves are banned\n|rule|Evasion Clause: Evasion abilities, items, and moves are banned\n|rule|Evasion Abilities Clause: Evasion abilities are banned\n|rule|Evasion Items Clause: Evasion items are banned\n|rule|Evasion Moves Clause: Evasion moves are banned\n|rule|Species Clause: Limit one of each Pok\u00e9mon\n|rule|Sleep Clause Mod: Limit one foe put to sleep\n|clearpoke\n|poke|p1|Wailord, M|\n|poke|p1|Lickilicky, M|\n|poke|p1|Camerupt, M|\n|poke|p1|Weezing-Galar, M|\n|poke|p1|Bellibolt, M|\n|poke|p1|Pangoro, M|\n|poke|p2|Samurott-Hisui, F|\n|poke|p2|Regidrago|\n|poke|p2|Ninetales-Alola, F|\n|poke|p2|Volcarona, F|\n|poke|p2|Dhelmise|\n|poke|p2|Gliscor, M|\n|teampreview\n|inactive|Battle timer is ON: inactive players will automatically lose when time's up. (requested by rekcuskco)\n|n|!polgo|polgo\n|inactive|polgo has 120 seconds left.\n|\n|t:|1699749769\n|start\n|switch|p1a: Waylon|Weezing-Galar, M|100\/100\n|switch|p2a: Dhelmise|Dhelmise, shiny|100\/100\n|turn|1\n|\n|t:|1699749773\n|-terastallize|p2a: Dhelmise|Water\n|move|p2a: Dhelmise|Anchor Shot|p1a: Waylon\n|-supereffective|p1a: Waylon\n|-damage|p1a: Waylon|34\/100\n|-activate|p1a: Waylon|trapped\n|move|p1a: Waylon|Curse|p1a: Waylon\n|-unboost|p1a: Waylon|spe|1\n|-boost|p1a: Waylon|atk|1\n|-boost|p1a: Waylon|def|1\n|\n|-heal|p1a: Waylon|40\/100|[from] item: Leftovers\n|upkeep\n|turn|2\n|\n|t:|1699749780\n|move|p2a: Dhelmise|Anchor Shot|p1a: Waylon\n|-supereffective|p1a: Waylon\n|-damage|p1a: Waylon|0 fnt\n|faint|p1a: Waylon\n|\n|upkeep\n|\n|t:|1699749785\n|switch|p1a: Paul|Bellibolt, M|100\/100\n|turn|3\n|\n|t:|1699749790\n|switch|p2a: Gliscor|Gliscor, M|100\/100\n|move|p1a: Paul|Muddy Water|p2a: Gliscor\n|-supereffective|p2a: Gliscor\n|-damage|p2a: Gliscor|57\/100\n|\n|-status|p2a: Gliscor|tox|[from] item: Toxic Orb\n|upkeep\n|turn|4\n|\n|t:|1699749797\n|move|p2a: Gliscor|Earthquake|p1a: Paul\n|-supereffective|p1a: Paul\n|-damage|p1a: Paul|58\/100\n|-start|p1a: Paul|Charge|Earthquake|[from] ability: Electromorphosis\n|move|p1a: Paul|Muddy Water|p2a: Gliscor\n|-supereffective|p2a: Gliscor\n|-damage|p2a: Gliscor|15\/100 tox\n|\n|-heal|p1a: Paul|64\/100|[from] item: Leftovers\n|-heal|p2a: Gliscor|27\/100 tox|[from] ability: Poison Heal\n|upkeep\n|turn|5\n|\n|t:|1699749801\n|move|p2a: Gliscor|Roost|p2a: Gliscor\n|-heal|p2a: Gliscor|77\/100 tox\n|-singleturn|p2a: Gliscor|move: Roost\n|move|p1a: Paul|Muddy Water|p2a: Gliscor\n|-supereffective|p2a: Gliscor\n|-damage|p2a: Gliscor|35\/100 tox\n|\n|-heal|p1a: Paul|70\/100|[from] item: Leftovers\n|-heal|p2a: Gliscor|48\/100 tox|[from] ability: Poison Heal\n|upkeep\n|turn|6\n|\n|t:|1699749810\n|move|p2a: Gliscor|Toxic|p1a: Paul\n|-status|p1a: Paul|tox\n|move|p1a: Paul|Muddy Water|p2a: Gliscor\n|-supereffective|p2a: Gliscor\n|-damage|p2a: Gliscor|4\/100 tox\n|\n|-heal|p1a: Paul|76\/100 tox|[from] item: Leftovers\n|-heal|p2a: Gliscor|17\/100 tox|[from] ability: Poison Heal\n|-damage|p1a: Paul|70\/100 tox|[from] psn\n|upkeep\n|turn|7\n|\n|t:|1699749814\n|move|p2a: Gliscor|Roost|p2a: Gliscor\n|-heal|p2a: Gliscor|67\/100 tox\n|-singleturn|p2a: Gliscor|move: Roost\n|move|p1a: Paul|Muddy Water|p2a: Gliscor\n|-supereffective|p2a: Gliscor\n|-damage|p2a: Gliscor|27\/100 tox\n|\n|-heal|p1a: Paul|76\/100 tox|[from] item: Leftovers\n|-heal|p2a: Gliscor|39\/100 tox|[from] ability: Poison Heal\n|-damage|p1a: Paul|64\/100 tox|[from] psn\n|upkeep\n|turn|8\n|-message|polgo forfeited.\n|\n|win|rekcuskco\n|raw|polgo's rating: 1116 &rarr; <strong>1087<\/strong><br \/>(-29 for losing)\n|raw|rekcuskco's rating: 1061 &rarr; <strong>1097<\/strong><br \/>(+36 for winning)\n|l|!polgo\n","uploadtime":1699749767,"views":4,"p1id":"polgo","p2id":"rekcuskco","formatid":"gen9nationaldex","rating":1087,"private":0,"password":""}