{"id":"gen9nationaldex-1989596770","p1":"kaigualelaodi","p2":"IplayforFuns","format":"[Gen 9] National Dex","log":"|j|\u2606kaigualelaodi\n|j|\u2606IplayforFuns\n|t:|1699876698\n|gametype|singles\n|player|p1|kaigualelaodi|elesa-masters|1439\n|player|p2|IplayforFuns|pokemaniac|1431\n|teamsize|p1|6\n|teamsize|p2|6\n|gen|9\n|tier|[Gen 9] National Dex\n|rated|\n|rule|HP Percentage Mod: HP is shown in percentages\n|rule|Endless Battle Clause: Forcing endless battles is banned\n|rule|OHKO Clause: OHKO moves are banned\n|rule|Evasion Clause: Evasion abilities, items, and moves are banned\n|rule|Evasion Abilities Clause: Evasion abilities are banned\n|rule|Evasion Items Clause: Evasion items are banned\n|rule|Evasion Moves Clause: Evasion moves are banned\n|rule|Species Clause: Limit one of each Pok\u00e9mon\n|rule|Sleep Clause Mod: Limit one foe put to sleep\n|clearpoke\n|poke|p1|Heatran, F|\n|poke|p1|Zapdos|\n|poke|p1|Tapu Bulu|\n|poke|p1|Great Tusk|\n|poke|p1|Cresselia, F|\n|poke|p1|Garganacl, M|\n|poke|p2|Ceruledge, M|\n|poke|p2|Tapu Koko|\n|poke|p2|Sneasler, F|\n|poke|p2|Ninetales-Alola, F|\n|poke|p2|Iron Valiant|\n|poke|p2|Glimmora, M|\n|teampreview\n|\n|t:|1699876715\n|start\n|switch|p1a: Great Tusk|Great Tusk|100\/100\n|switch|p2a: Rocky|Glimmora, M, shiny|100\/100\n|-enditem|p1a: Great Tusk|Booster Energy\n|-activate|p1a: Great Tusk|ability: Protosynthesis|[fromitem]\n|-start|p1a: Great Tusk|protosynthesisatk\n|turn|1\n|\n|t:|1699876719\n|-terastallize|p1a: Great Tusk|Steel\n|move|p1a: Great Tusk|Rapid Spin|p2a: Rocky\n|-resisted|p2a: Rocky\n|-damage|p2a: Rocky|86\/100\n|-boost|p1a: Great Tusk|spe|1\n|-activate|p2a: Rocky|ability: Toxic Debris\n|-sidestart|p1: kaigualelaodi|move: Toxic Spikes\n|-sideend|p1: kaigualelaodi|Toxic Spikes|[from] move: Rapid Spin|[of] p1a: Great Tusk\n|move|p2a: Rocky|Energy Ball|p1a: Great Tusk\n|-resisted|p1a: Great Tusk\n|-damage|p1a: Great Tusk|79\/100\n|\n|upkeep\n|turn|2\n|\n|t:|1699876731\n|move|p1a: Great Tusk|Headlong Rush|p2a: Rocky\n|-supereffective|p2a: Rocky\n|-damage|p2a: Rocky|0 fnt\n|-unboost|p1a: Great Tusk|def|1\n|-unboost|p1a: Great Tusk|spd|1\n|-activate|p2a: Rocky|ability: Toxic Debris\n|-sidestart|p1: kaigualelaodi|move: Toxic Spikes\n|faint|p2a: Rocky\n|\n|upkeep\n|\n|t:|1699876752\n|switch|p2a: Tsukiyomi|Ninetales-Alola, F, shiny|100\/100\n|-weather|Snow|[from] ability: Snow Warning|[of] p2a: Tsukiyomi\n|turn|3\n|\n|t:|1699876756\n|move|p1a: Great Tusk|Rapid Spin|p2a: Tsukiyomi\n|-damage|p2a: Tsukiyomi|78\/100\n|-boost|p1a: Great Tusk|spe|1\n|-sideend|p1: kaigualelaodi|Toxic Spikes|[from] move: Rapid Spin|[of] p1a: Great Tusk\n|move|p2a: Tsukiyomi|Encore|p1a: Great Tusk\n|-start|p1a: Great Tusk|Encore\n|\n|-weather|Snow|[upkeep]\n|upkeep\n|turn|4\n|\n|t:|1699876761\n|move|p1a: Great Tusk|Rapid Spin|p2a: Tsukiyomi\n|-damage|p2a: Tsukiyomi|55\/100\n|-boost|p1a: Great Tusk|spe|1\n|move|p2a: Tsukiyomi|Aurora Veil|p2a: Tsukiyomi\n|-sidestart|p2: IplayforFuns|move: Aurora Veil\n|\n|-weather|Snow|[upkeep]\n|upkeep\n|turn|5\n|\n|t:|1699876767\n|switch|p2a: Ceru|Ceruledge, M, shiny|100\/100\n|move|p1a: Great Tusk|Rapid Spin|p2a: Ceru\n|-immune|p2a: Ceru\n|\n|-weather|Snow|[upkeep]\n|upkeep\n|turn|6\n|\n|t:|1699876773\n|move|p1a: Great Tusk|Rapid Spin|p2a: Ceru\n|-immune|p2a: Ceru\n|move|p2a: Ceru|Swords Dance|p2a: Ceru\n|-boost|p2a: Ceru|atk|2\n|\n|-weather|Snow|[upkeep]\n|-end|p1a: Great Tusk|Encore\n|upkeep\n|turn|7\n|\n|t:|1699876778\n|-terastallize|p2a: Ceru|Fighting\n|move|p1a: Great Tusk|Headlong Rush|p2a: Ceru\n|-damage|p2a: Ceru|41\/100\n|-unboost|p1a: Great Tusk|def|1\n|-unboost|p1a: Great Tusk|spd|1\n|-ability|p2a: Ceru|Weak Armor|boost\n|-unboost|p2a: Ceru|def|1\n|-boost|p2a: Ceru|spe|2\n|move|p2a: Ceru|Bitter Blade|p1a: Great Tusk\n|-supereffective|p1a: Great Tusk\n|-damage|p1a: Great Tusk|0 fnt\n|-heal|p2a: Ceru|91\/100|[from] drain|[of] p1a: Great Tusk\n|faint|p1a: Great Tusk\n|-end|p1a: Great Tusk|Protosynthesis|[silent]\n|-damage|p2a: Ceru|81\/100|[from] item: Life Orb\n|\n|-weather|none\n|upkeep\n|\n|t:|1699876794\n|switch|p1a: Heatran|Heatran, F|100\/100\n|turn|8\n|\n|t:|1699876798\n|move|p2a: Ceru|Close Combat|p1a: Heatran\n|-supereffective|p1a: Heatran\n|-damage|p1a: Heatran|0 fnt\n|-unboost|p2a: Ceru|def|1\n|-unboost|p2a: Ceru|spd|1\n|faint|p1a: Heatran\n|-damage|p2a: Ceru|71\/100|[from] item: Life Orb\n|\n|upkeep\n|\n|t:|1699876804\n|switch|p1a: Zapdos|Zapdos|100\/100\n|turn|9\n|\n|t:|1699876807\n|move|p2a: Ceru|Poltergeist|p1a: Zapdos\n|-activate|p1a: Zapdos|move: Poltergeist|Heavy-Duty Boots\n|-damage|p1a: Zapdos|0 fnt\n|faint|p1a: Zapdos\n|-damage|p2a: Ceru|61\/100|[from] item: Life Orb\n|\n|upkeep\n|\n|t:|1699876811\n|switch|p1a: Garganacl|Garganacl, M|100\/100\n|turn|10\n|\n|t:|1699876814\n|move|p2a: Ceru|Close Combat|p1a: Garganacl\n|-supereffective|p1a: Garganacl\n|-damage|p1a: Garganacl|0 fnt\n|-unboost|p2a: Ceru|def|1\n|-unboost|p2a: Ceru|spd|1\n|faint|p1a: Garganacl\n|-damage|p2a: Ceru|51\/100|[from] item: Life Orb\n|\n|upkeep\n|\n|t:|1699876816\n|switch|p1a: Tapu Bulu|Tapu Bulu, shiny|100\/100\n|-fieldstart|move: Grassy Terrain|[from] ability: Grassy Surge|[of] p1a: Tapu Bulu\n|turn|11\n|\n|t:|1699876819\n|move|p2a: Ceru|Bitter Blade|p1a: Tapu Bulu\n|-supereffective|p1a: Tapu Bulu\n|-damage|p1a: Tapu Bulu|0 fnt\n|-heal|p2a: Ceru|100\/100|[from] drain|[of] p1a: Tapu Bulu\n|faint|p1a: Tapu Bulu\n|-damage|p2a: Ceru|91\/100|[from] item: Life Orb\n|\n|-heal|p2a: Ceru|97\/100|[from] Grassy Terrain\n|-sideend|p2: IplayforFuns|move: Aurora Veil\n|upkeep\n|\n|t:|1699876822\n|switch|p1a: Cresselia|Cresselia, F, shiny|100\/100\n|-enditem|p1a: Cresselia|Grassy Seed\n|-boost|p1a: Cresselia|def|1|[from] item: Grassy Seed\n|turn|12\n|\n|t:|1699876825\n|move|p2a: Ceru|Poltergeist||[still]\n|-fail|p2a: Ceru\n|move|p1a: Cresselia|Calm Mind|p1a: Cresselia\n|-boost|p1a: Cresselia|spa|1\n|-boost|p1a: Cresselia|spd|1\n|\n|-heal|p2a: Ceru|100\/100|[from] Grassy Terrain\n|upkeep\n|turn|13\n|\n|t:|1699876831\n|move|p2a: Ceru|Bitter Blade|p1a: Cresselia\n|-crit|p1a: Cresselia\n|-damage|p1a: Cresselia|11\/100\n|-damage|p2a: Ceru|91\/100|[from] item: Life Orb\n|move|p1a: Cresselia|Moonlight|p1a: Cresselia\n|-heal|p1a: Cresselia|61\/100\n|\n|-heal|p2a: Ceru|97\/100|[from] Grassy Terrain\n|upkeep\n|turn|14\n|\n|t:|1699876837\n|move|p2a: Ceru|Bitter Blade|p1a: Cresselia\n|-damage|p1a: Cresselia|21\/100\n|-heal|p2a: Ceru|100\/100|[from] drain|[of] p1a: Cresselia\n|-damage|p2a: Ceru|91\/100|[from] item: Life Orb\n|move|p1a: Cresselia|Moonlight|p1a: Cresselia\n|-heal|p1a: Cresselia|71\/100\n|\n|-heal|p2a: Ceru|97\/100|[from] Grassy Terrain\n|upkeep\n|turn|15\n|\n|t:|1699876845\n|move|p2a: Ceru|Swords Dance|p2a: Ceru\n|-boost|p2a: Ceru|atk|2\n|move|p1a: Cresselia|Moonlight|p1a: Cresselia\n|-heal|p1a: Cresselia|100\/100\n|\n|-heal|p2a: Ceru|100\/100|[from] Grassy Terrain\n|-fieldend|move: Grassy Terrain\n|upkeep\n|turn|16\n|\n|t:|1699876847\n|move|p2a: Ceru|Bitter Blade|p1a: Cresselia\n|-damage|p1a: Cresselia|38\/100\n|-damage|p2a: Ceru|91\/100|[from] item: Life Orb\n|move|p1a: Cresselia|Stored Power|p2a: Ceru\n|-supereffective|p2a: Ceru\n|-damage|p2a: Ceru|0 fnt\n|faint|p2a: Ceru\n|\n|upkeep\n|\n|t:|1699876859\n|switch|p2a: Dia|Tapu Koko, shiny|100\/100\n|-fieldstart|move: Electric Terrain|[from] ability: Electric Surge|[of] p2a: Dia\n|turn|17\n|\n|t:|1699876861\n|move|p2a: Dia|Taunt|p1a: Cresselia\n|-start|p1a: Cresselia|move: Taunt\n|cant|p1a: Cresselia|move: Taunt|Moonlight\n|\n|upkeep\n|turn|18\n|\n|t:|1699876866\n|move|p2a: Dia|Thunderbolt|p1a: Cresselia\n|-damage|p1a: Cresselia|18\/100\n|move|p1a: Cresselia|Stored Power|p2a: Dia\n|-damage|p2a: Dia|50\/100\n|\n|upkeep\n|turn|19\n|\n|t:|1699876870\n|move|p2a: Dia|Thunderbolt|p1a: Cresselia\n|-damage|p1a: Cresselia|0 fnt\n|faint|p1a: Cresselia\n|\n|win|IplayforFuns\n|raw|kaigualelaodi's rating: 1439 &rarr; <strong>1419<\/strong><br \/>(-20 for losing)\n|raw|IplayforFuns's rating: 1431 &rarr; <strong>1451<\/strong><br \/>(+20 for winning)\n","uploadtime":1699876875,"views":5,"p1id":"kaigualelaodi","p2id":"iplayforfuns","formatid":"gen9nationaldex","rating":1419,"private":0,"password":""}