{"id":"gen9nationaldex-1999078612","p1":"ShriveledMonkey","p2":"HC21800662","format":"[Gen 9] National Dex","log":"|html|<div class=\"broadcast-blue\"><strong>[Gen 9] National Dex is currently suspecting Sneasler! For information on how to participate check out the <a href=\"https:\/\/www.smogon.com\/forums\/threads\/sv-national-dex-suspect-8-just-dance.3731534\/\">suspect thread<\/a>.<\/strong><\/div>\n|j|\u2606ShriveledMonkey\n|j|\u2606HC21800662\n|t:|1701030864\n|gametype|singles\n|player|p1|ShriveledMonkey|102|1129\n|player|p2|HC21800662|lucas-gen4pt|1044\n|teamsize|p1|6\n|teamsize|p2|6\n|gen|9\n|tier|[Gen 9] National Dex\n|rated|\n|rule|HP Percentage Mod: HP is shown in percentages\n|rule|Endless Battle Clause: Forcing endless battles is banned\n|rule|OHKO Clause: OHKO moves are banned\n|rule|Evasion Clause: Evasion abilities, items, and moves are banned\n|rule|Evasion Abilities Clause: Evasion abilities are banned\n|rule|Evasion Items Clause: Evasion items are banned\n|rule|Evasion Moves Clause: Evasion moves are banned\n|rule|Species Clause: Limit one of each Pok\u00e9mon\n|rule|Sleep Clause Mod: Limit one foe put to sleep\n|clearpoke\n|poke|p1|Tapu Fini|\n|poke|p1|Haxorus, M|\n|poke|p1|Banette, F|\n|poke|p1|Eelektross, F|\n|poke|p1|Scolipede, F|\n|poke|p1|Butterfree, F|\n|poke|p2|Jolteon, F|\n|poke|p2|Scyther, F|\n|poke|p2|Nidoking, M|\n|poke|p2|Lapras, F|\n|poke|p2|Gengar, M|\n|poke|p2|Charizard, F|\n|teampreview\n|c|\u2606ShriveledMonkey|nice gen 1 team\n|\n|t:|1701030876\n|start\n|switch|p1a: Scolipede|Scolipede, F|100\/100\n|switch|p2a: Gengar|Gengar, M|100\/100\n|turn|1\n|\n|t:|1701030884\n|move|p1a: Scolipede|Swords Dance|p1a: Scolipede\n|-boost|p1a: Scolipede|atk|2\n|move|p2a: Gengar|Shadow Ball|p1a: Scolipede\n|-damage|p1a: Scolipede|5\/100\n|-unboost|p1a: Scolipede|spd|1\n|-damage|p2a: Gengar|91\/100|[from] item: Life Orb\n|\n|-ability|p1a: Scolipede|Speed Boost|boost\n|-boost|p1a: Scolipede|spe|1\n|upkeep\n|turn|2\n|\n|t:|1701030895\n|move|p1a: Scolipede|Earthquake|p2a: Gengar\n|-supereffective|p2a: Gengar\n|-damage|p2a: Gengar|0 fnt\n|faint|p2a: Gengar\n|\n|-ability|p1a: Scolipede|Speed Boost|boost\n|-boost|p1a: Scolipede|spe|1\n|upkeep\n|\n|t:|1701030906\n|switch|p2a: Charizard|Charizard, F|100\/100\n|turn|3\n|\n|t:|1701030910\n|detailschange|p2a: Charizard|Charizard-Mega-X, F\n|-mega|p2a: Charizard|Charizard|Charizardite X\n|move|p1a: Scolipede|Poison Jab|p2a: Charizard\n|-damage|p2a: Charizard|25\/100\n|move|p2a: Charizard|Flame Charge|p1a: Scolipede\n|-supereffective|p1a: Scolipede\n|-damage|p1a: Scolipede|0 fnt\n|-boost|p2a: Charizard|spe|1\n|faint|p1a: Scolipede\n|\n|upkeep\n|\n|t:|1701030921\n|switch|p1a: Tapu Fini|Tapu Fini|100\/100\n|-fieldstart|move: Misty Terrain|[from] ability: Misty Surge|[of] p1a: Tapu Fini\n|turn|4\n|\n|t:|1701030928\n|move|p2a: Charizard|Thunder Punch|p1a: Tapu Fini\n|-supereffective|p1a: Tapu Fini\n|-damage|p1a: Tapu Fini|44\/100\n|move|p1a: Tapu Fini|Moonblast|p2a: Charizard\n|-damage|p2a: Charizard|0 fnt\n|faint|p2a: Charizard\n|\n|-heal|p1a: Tapu Fini|50\/100|[from] item: Leftovers\n|upkeep\n|\n|t:|1701030942\n|switch|p2a: Jolteon|Jolteon, F|100\/100\n|turn|5\n|\n|t:|1701030950\n|move|p2a: Jolteon|Thunderbolt|p1a: Tapu Fini\n|-supereffective|p1a: Tapu Fini\n|-crit|p1a: Tapu Fini\n|-damage|p1a: Tapu Fini|0 fnt\n|faint|p1a: Tapu Fini\n|\n|upkeep\n|\n|t:|1701030958\n|switch|p1a: Haxorus|Haxorus, M|100\/100\n|-ability|p1a: Haxorus|Mold Breaker\n|turn|6\n|\n|t:|1701030964\n|move|p2a: Jolteon|Light Screen|p2a: Jolteon\n|-sidestart|p2: HC21800662|move: Light Screen\n|move|p1a: Haxorus|Swords Dance|p1a: Haxorus\n|-boost|p1a: Haxorus|atk|2\n|\n|upkeep\n|turn|7\n|\n|t:|1701030970\n|move|p2a: Jolteon|Toxic|p1a: Haxorus|[miss]\n|-miss|p2a: Jolteon|p1a: Haxorus\n|move|p1a: Haxorus|Earthquake|p2a: Jolteon\n|-supereffective|p2a: Jolteon\n|-damage|p2a: Jolteon|0 fnt\n|faint|p2a: Jolteon\n|-damage|p1a: Haxorus|91\/100|[from] item: Life Orb\n|\n|upkeep\n|\n|t:|1701030974\n|switch|p2a: Lapras|Lapras, F|100\/100\n|turn|8\n|\n|t:|1701030981\n|move|p1a: Haxorus|Close Combat|p2a: Lapras\n|-supereffective|p2a: Lapras\n|-damage|p2a: Lapras|0 fnt\n|-unboost|p1a: Haxorus|def|1\n|-unboost|p1a: Haxorus|spd|1\n|faint|p2a: Lapras\n|-damage|p1a: Haxorus|81\/100|[from] item: Life Orb\n|\n|-fieldend|Misty Terrain\n|upkeep\n|\n|t:|1701030986\n|switch|p2a: Nidoking|Nidoking, M|100\/100\n|turn|9\n|\n|t:|1701030994\n|move|p2a: Nidoking|Ice Beam|p1a: Haxorus\n|-supereffective|p1a: Haxorus\n|-damage|p1a: Haxorus|0 fnt\n|faint|p1a: Haxorus\n|\n|upkeep\n|\n|t:|1701031004\n|switch|p1a: Eelektross|Eelektross, F|100\/100\n|turn|10\n|\n|t:|1701031010\n|move|p2a: Nidoking|Sludge Wave|p1a: Eelektross\n|-damage|p1a: Eelektross|50\/100\n|move|p1a: Eelektross|Coil|p1a: Eelektross\n|-boost|p1a: Eelektross|atk|1\n|-boost|p1a: Eelektross|def|1\n|-boost|p1a: Eelektross|accuracy|1\n|\n|-heal|p1a: Eelektross|57\/100|[from] item: Leftovers\n|upkeep\n|turn|11\n|\n|t:|1701031020\n|-terastallize|p2a: Nidoking|Poison\n|-terastallize|p1a: Eelektross|Steel\n|move|p2a: Nidoking|Sludge Wave|p1a: Eelektross\n|-immune|p1a: Eelektross\n|move|p1a: Eelektross|Liquidation|p2a: Nidoking\n|-damage|p2a: Nidoking|52\/100\n|\n|-heal|p1a: Eelektross|63\/100|[from] item: Leftovers\n|upkeep\n|turn|12\n|\n|t:|1701031032\n|move|p2a: Nidoking|Flamethrower|p1a: Eelektross\n|-supereffective|p1a: Eelektross\n|-damage|p1a: Eelektross|0 fnt\n|faint|p1a: Eelektross\n|\n|upkeep\n|\n|t:|1701031039\n|switch|p1a: Butterfree|Butterfree, F|100\/100\n|turn|13\n|\n|t:|1701031043\n|move|p2a: Nidoking|Flamethrower|p1a: Butterfree\n|-supereffective|p1a: Butterfree\n|-damage|p1a: Butterfree|1\/100\n|move|p1a: Butterfree|Sleep Powder|p2a: Nidoking\n|-status|p2a: Nidoking|slp|[from] move: Sleep Powder\n|\n|-heal|p1a: Butterfree|7\/100|[from] item: Leftovers\n|-sideend|p2: HC21800662|move: Light Screen\n|upkeep\n|turn|14\n|\n|t:|1701031052\n|switch|p2a: Scyther|Scyther, F|100\/100\n|move|p1a: Butterfree|Quiver Dance|p1a: Butterfree\n|-boost|p1a: Butterfree|spa|1\n|-boost|p1a: Butterfree|spd|1\n|-boost|p1a: Butterfree|spe|1\n|\n|-heal|p1a: Butterfree|13\/100|[from] item: Leftovers\n|upkeep\n|turn|15\n|\n|t:|1701031060\n|move|p1a: Butterfree|Hurricane|p2a: Scyther\n|-supereffective|p2a: Scyther\n|-damage|p2a: Scyther|0 fnt\n|faint|p2a: Scyther\n|\n|-heal|p1a: Butterfree|19\/100|[from] item: Leftovers\n|upkeep\n|\n|t:|1701031065\n|switch|p2a: Nidoking|Nidoking, M, tera:Poison|52\/100 slp\n|turn|16\n|\n|t:|1701031073\n|move|p1a: Butterfree|Hurricane|p2a: Nidoking\n|-damage|p2a: Nidoking|0 fnt\n|faint|p2a: Nidoking\n|\n|win|ShriveledMonkey\n|raw|ShriveledMonkey's rating: 1129 &rarr; <strong>1148<\/strong><br \/>(+19 for winning)\n|raw|HC21800662's rating: 1044 &rarr; <strong>1031<\/strong><br \/>(-13 for losing)\n|l|\u2606HC21800662\n","uploadtime":1701031079,"views":1,"p1id":"shriveledmonkey","p2id":"hc21800662","formatid":"gen9nationaldex","rating":1031,"private":0,"password":""}