{"id":"gen9nationaldex-1992331351","p1":"mariousHex","p2":"TheGrassKing1","format":"[Gen 9] National Dex","log":"|j|\u2606mariousHex\n|j|\u2606TheGrassKing1\n|t:|1700175489\n|gametype|singles\n|player|p1|mariousHex|lillie-masters|1664\n|player|p2|TheGrassKing1|morty-masters2|1657\n|teamsize|p1|6\n|teamsize|p2|6\n|gen|9\n|tier|[Gen 9] National Dex\n|rated|\n|rule|HP Percentage Mod: HP is shown in percentages\n|rule|Endless Battle Clause: Forcing endless battles is banned\n|rule|OHKO Clause: OHKO moves are banned\n|rule|Evasion Clause: Evasion abilities, items, and moves are banned\n|rule|Evasion Abilities Clause: Evasion abilities are banned\n|rule|Evasion Items Clause: Evasion items are banned\n|rule|Evasion Moves Clause: Evasion moves are banned\n|rule|Species Clause: Limit one of each Pok\u00e9mon\n|rule|Sleep Clause Mod: Limit one foe put to sleep\n|clearpoke\n|poke|p1|Rillaboom, F|\n|poke|p1|Heatran, M|\n|poke|p1|Urshifu-*, F|\n|poke|p1|Slowking-Galar, F|\n|poke|p1|Thundurus-Therian, M|\n|poke|p1|Weezing-Galar, F|\n|poke|p2|Torkoal, F|\n|poke|p2|Leafeon, F|\n|poke|p2|Landorus-Therian, M|\n|poke|p2|Heatran, F|\n|poke|p2|Scizor, M|\n|poke|p2|Victini|\n|teampreview\n|j| verminion\n|inactive|Battle timer is ON: inactive players will automatically lose when time's up. (requested by mariousHex)\n|l| verminion\n|\n|t:|1700175516\n|start\n|switch|p1a: Heatran|Heatran, M|100\/100\n|switch|p2a: Torkoal|Torkoal, F|100\/100\n|-weather|SunnyDay|[from] ability: Drought|[of] p2a: Torkoal\n|turn|1\n|\n|t:|1700175527\n|move|p1a: Heatran|Taunt|p2a: Torkoal\n|-start|p2a: Torkoal|move: Taunt\n|move|p2a: Torkoal|Body Press|p1a: Heatran\n|-supereffective|p1a: Heatran\n|-damage|p1a: Heatran|56\/100\n|\n|-weather|SunnyDay|[upkeep]\n|-heal|p1a: Heatran|62\/100|[from] item: Leftovers\n|upkeep\n|turn|2\n|\n|t:|1700175538\n|switch|p1a: Slowking|Slowking-Galar, F|100\/100\n|switch|p2a: Heatran|Heatran, F|100\/100\n|-item|p2a: Heatran|Air Balloon\n|\n|-weather|SunnyDay|[upkeep]\n|upkeep\n|turn|3\n|\n|t:|1700175551\n|move|p2a: Heatran|Stealth Rock|p1a: Slowking\n|-sidestart|p1: mariousHex|move: Stealth Rock\n|move|p1a: Slowking|Thunder Wave|p2a: Heatran\n|-status|p2a: Heatran|par\n|\n|-weather|SunnyDay|[upkeep]\n|upkeep\n|turn|4\n|\n|t:|1700175557\n|switch|p2a: Victini|Victini|100\/100\n|move|p1a: Slowking|Chilly Reception|p1a: Slowking\n|-weather|Snow\n|\n|t:|1700175580\n|switch|p1a: Thundurus|Thundurus-Therian, M|100\/100|[from] Chilly Reception\n|-damage|p1a: Thundurus|76\/100|[from] Stealth Rock\n|\n|-weather|Snow|[upkeep]\n|upkeep\n|turn|5\n|\n|t:|1700175601\n|switch|p2a: Scizor|Scizor, M|100\/100\n|move|p1a: Thundurus|Volt Switch|p2a: Scizor\n|-damage|p2a: Scizor|62\/100\n|\n|t:|1700175605\n|switch|p1a: Weezing|Weezing-Galar, F|100\/100|[from] Volt Switch\n|-ability|p1a: Weezing|Neutralizing Gas\n|-damage|p1a: Weezing|88\/100|[from] Stealth Rock\n|\n|-weather|Snow|[upkeep]\n|-heal|p1a: Weezing|94\/100|[from] item: Leftovers\n|upkeep\n|turn|6\n|\n|t:|1700175615\n|detailschange|p2a: Scizor|Scizor-Mega, M\n|-mega|p2a: Scizor|Scizor|Scizorite\n|move|p2a: Scizor|Bullet Punch|p1a: Weezing\n|-supereffective|p1a: Weezing\n|-damage|p1a: Weezing|68\/100\n|move|p1a: Weezing|Will-O-Wisp|p2a: Scizor\n|-status|p2a: Scizor|brn\n|\n|-weather|Snow|[upkeep]\n|-heal|p1a: Weezing|74\/100|[from] item: Leftovers\n|-damage|p2a: Scizor|56\/100 brn|[from] brn\n|upkeep\n|turn|7\n|\n|t:|1700175625\n|move|p2a: Scizor|U-turn|p1a: Weezing\n|-resisted|p1a: Weezing\n|-damage|p1a: Weezing|72\/100\n|\n|t:|1700175640\n|switch|p2a: Heatran|Heatran, F|100\/100 par|[from] U-turn\n|-item|p2a: Heatran|Air Balloon\n|move|p1a: Weezing|Defog|p2a: Heatran\n|-unboost|p2a: Heatran|evasion|1\n|-sideend|p1: mariousHex|Stealth Rock|[from] move: Defog|[of] p1a: Weezing\n|\n|-weather|Snow|[upkeep]\n|-heal|p1a: Weezing|78\/100|[from] item: Leftovers\n|upkeep\n|turn|8\n|\n|t:|1700175651\n|-end|p1a: Weezing|ability: Neutralizing Gas\n|switch|p1a: Slowking|Slowking-Galar, F|100\/100\n|cant|p2a: Heatran|par\n|\n|-weather|none\n|upkeep\n|turn|9\n|\n|t:|1700175661\n|move|p2a: Heatran|Stealth Rock|p1a: Slowking\n|-sidestart|p1: mariousHex|move: Stealth Rock\n|move|p1a: Slowking|Chilly Reception|p1a: Slowking\n|-weather|Snow\n|\n|t:|1700175663\n|switch|p1a: Urshifu|Urshifu-Rapid-Strike, F|100\/100|[from] Chilly Reception\n|-damage|p1a: Urshifu|94\/100|[from] Stealth Rock\n|\n|-weather|Snow|[upkeep]\n|upkeep\n|turn|10\n|\n|t:|1700175679\n|switch|p2a: Torkoal|Torkoal, F|100\/100\n|-weather|SunnyDay|[from] ability: Drought|[of] p2a: Torkoal\n|move|p1a: Urshifu|Close Combat|p2a: Torkoal\n|-damage|p2a: Torkoal|37\/100\n|-unboost|p1a: Urshifu|def|1\n|-unboost|p1a: Urshifu|spd|1\n|\n|-weather|SunnyDay|[upkeep]\n|upkeep\n|turn|11\n|\n|t:|1700175686\n|switch|p2a: Landorus|Landorus-Therian, M|100\/100\n|-ability|p2a: Landorus|Intimidate|boost\n|-unboost|p1a: Urshifu|atk|1\n|move|p1a: Urshifu|Close Combat|p2a: Landorus\n|-resisted|p2a: Landorus\n|-damage|p2a: Landorus|69\/100\n|-unboost|p1a: Urshifu|def|1\n|-unboost|p1a: Urshifu|spd|1\n|-enditem|p2a: Landorus|Eject Button\n|\n|t:|1700175690\n|switch|p2a: Leafeon|Leafeon, F|100\/100\n|\n|-weather|SunnyDay|[upkeep]\n|upkeep\n|turn|12\n|\n|t:|1700175700\n|switch|p1a: Heatran|Heatran, M|62\/100\n|-damage|p1a: Heatran|50\/100|[from] Stealth Rock\n|move|p2a: Leafeon|Swords Dance|p2a: Leafeon\n|-boost|p2a: Leafeon|atk|2\n|\n|-weather|SunnyDay|[upkeep]\n|-heal|p1a: Heatran|56\/100|[from] item: Leftovers\n|upkeep\n|turn|13\n|\n|t:|1700175709\n|move|p2a: Leafeon|Knock Off|p1a: Heatran\n|-damage|p1a: Heatran|0 fnt\n|-enditem|p1a: Heatran|Leftovers|[from] move: Knock Off|[of] p2a: Leafeon\n|faint|p1a: Heatran\n|-damage|p2a: Leafeon|91\/100|[from] item: Life Orb\n|\n|-weather|SunnyDay|[upkeep]\n|upkeep\n|\n|t:|1700175727\n|switch|p1a: Weezing|Weezing-Galar, F|78\/100\n|-ability|p1a: Weezing|Neutralizing Gas\n|-damage|p1a: Weezing|65\/100|[from] Stealth Rock\n|turn|14\n|\n|t:|1700175733\n|-terastallize|p2a: Leafeon|Fire\n|move|p2a: Leafeon|Tera Blast|p1a: Weezing|[anim] Tera Blast Fire\n|-damage|p1a: Weezing|0 fnt\n|faint|p1a: Weezing\n|-end|p1a: Weezing|ability: Neutralizing Gas\n|-damage|p2a: Leafeon|81\/100|[from] item: Life Orb\n|\n|-weather|SunnyDay|[upkeep]\n|upkeep\n|inactive|mariousHex has 120 seconds left.\n|-message|mariousHex forfeited.\n|\n|win|TheGrassKing1\n|raw|mariousHex's rating: 1664 &rarr; <strong>1644<\/strong><br \/>(-20 for losing)\n|raw|TheGrassKing1's rating: 1657 &rarr; <strong>1677<\/strong><br \/>(+20 for winning)\n|l|\u2606mariousHex\n","uploadtime":1700175788,"views":4,"p1id":"marioushex","p2id":"thegrassking1","formatid":"gen9nationaldex","rating":1644,"private":0,"password":""}