{"id":"gen9nationaldex-1989714217","p1":"luckwr","p2":"Kapot666","format":"[Gen 9] National Dex","log":"|j|\u2606luckwr\n|j|\u2606Kapot666\n|t:|1699889388\n|gametype|singles\n|player|p1|luckwr|169|1328\n|player|p2|Kapot666|wallace|1221\n|teamsize|p1|6\n|teamsize|p2|6\n|gen|9\n|tier|[Gen 9] National Dex\n|rated|\n|rule|HP Percentage Mod: HP is shown in percentages\n|rule|Endless Battle Clause: Forcing endless battles is banned\n|rule|OHKO Clause: OHKO moves are banned\n|rule|Evasion Clause: Evasion abilities, items, and moves are banned\n|rule|Evasion Abilities Clause: Evasion abilities are banned\n|rule|Evasion Items Clause: Evasion items are banned\n|rule|Evasion Moves Clause: Evasion moves are banned\n|rule|Species Clause: Limit one of each Pok\u00e9mon\n|rule|Sleep Clause Mod: Limit one foe put to sleep\n|clearpoke\n|poke|p1|Zapdos|\n|poke|p1|Urshifu-*, F|\n|poke|p1|Heatran, M|\n|poke|p1|Beedrill, F|\n|poke|p1|Gliscor, M|\n|poke|p1|Cinderace, F|\n|poke|p2|Gliscor, M|\n|poke|p2|Blaziken, M|\n|poke|p2|Empoleon, M|\n|poke|p2|Venusaur, F|\n|poke|p2|Umbreon, F|\n|poke|p2|Mew|\n|teampreview\n|inactive|Battle timer is ON: inactive players will automatically lose when time's up. (requested by luckwr)\n|\n|t:|1699889398\n|start\n|switch|p1a: Gliscor|Gliscor, M|100\/100\n|switch|p2a: Scorpio|Gliscor, M|100\/100\n|turn|1\n|\n|t:|1699889403\n|move|p1a: Gliscor|Protect|p1a: Gliscor\n|-singleturn|p1a: Gliscor|Protect\n|move|p2a: Scorpio|Stealth Rock|p1a: Gliscor\n|-sidestart|p1: luckwr|move: Stealth Rock\n|\n|-status|p2a: Scorpio|tox|[from] item: Toxic Orb\n|-status|p1a: Gliscor|tox|[from] item: Toxic Orb\n|upkeep\n|turn|2\n|\n|t:|1699889412\n|move|p1a: Gliscor|Spikes|p2a: Scorpio\n|-sidestart|p2: Kapot666|Spikes\n|move|p2a: Scorpio|Toxic Spikes|p1a: Gliscor\n|-sidestart|p1: luckwr|move: Toxic Spikes\n|\n|upkeep\n|turn|3\n|\n|t:|1699889440\n|switch|p1a: Heatran|Heatran, M|100\/100\n|-damage|p1a: Heatran|88\/100|[from] Stealth Rock\n|move|p2a: Scorpio|Toxic Spikes|p1a: Heatran\n|-sidestart|p1: luckwr|move: Toxic Spikes\n|\n|-heal|p1a: Heatran|94\/100|[from] item: Leftovers\n|upkeep\n|turn|4\n|\n|t:|1699889448\n|move|p2a: Scorpio|Earthquake|p1a: Heatran\n|-supereffective|p1a: Heatran\n|-damage|p1a: Heatran|0 fnt\n|faint|p1a: Heatran\n|\n|upkeep\n|\n|t:|1699889451\n|switch|p1a: Cinderace|Cinderace, F|100\/100\n|-damage|p1a: Cinderace|76\/100|[from] Stealth Rock\n|-status|p1a: Cinderace|tox\n|turn|5\n|\n|t:|1699889457\n|move|p1a: Cinderace|Court Change|p1a: Cinderace\n|-start|p1a: Cinderace|typechange|Normal|[from] ability: Libero\n|-swapsideconditions\n|-activate|p1a: Cinderace|move: Court Change\n|move|p2a: Scorpio|Earthquake|p1a: Cinderace\n|-damage|p1a: Cinderace|6\/100 tox\n|\n|-damage|p1a: Cinderace|0 fnt|[from] psn\n|faint|p1a: Cinderace\n|upkeep\n|\n|t:|1699889466\n|switch|p1a: Urshifu|Urshifu-Rapid-Strike, F|100\/100\n|-damage|p1a: Urshifu|88\/100|[from] Spikes\n|turn|6\n|\n|t:|1699889477\n|move|p1a: Urshifu|Surging Strikes|p2a: Scorpio\n|-supereffective|p2a: Scorpio\n|-crit|p2a: Scorpio\n|-damage|p2a: Scorpio|68\/100 tox\n|-supereffective|p2a: Scorpio\n|-crit|p2a: Scorpio\n|-damage|p2a: Scorpio|34\/100 tox\n|-supereffective|p2a: Scorpio\n|-crit|p2a: Scorpio\n|-damage|p2a: Scorpio|2\/100 tox\n|-hitcount|p2a: Scorpio|3\n|move|p2a: Scorpio|Stealth Rock|p1a: Urshifu\n|-sidestart|p1: luckwr|move: Stealth Rock\n|\n|-heal|p2a: Scorpio|14\/100 tox|[from] ability: Poison Heal\n|upkeep\n|turn|7\n|\n|t:|1699889489\n|move|p1a: Urshifu|Surging Strikes|p2a: Scorpio\n|-supereffective|p2a: Scorpio\n|-crit|p2a: Scorpio\n|-damage|p2a: Scorpio|0 fnt\n|faint|p2a: Scorpio\n|-hitcount|p2: Scorpio|1\n|\n|upkeep\n|\n|t:|1699889494\n|switch|p2a: Yad|Venusaur, F|100\/100\n|-damage|p2a: Yad|88\/100|[from] Stealth Rock\n|-sideend|p2: Kapot666|move: Toxic Spikes|[of] p2a: Yad\n|turn|8\n|\n|t:|1699889499\n|switch|p1a: Gliscor|Gliscor, M|100\/100 tox\n|-damage|p1a: Gliscor|88\/100 tox|[from] Stealth Rock\n|detailschange|p2a: Yad|Venusaur-Mega, F\n|-mega|p2a: Yad|Venusaur|Venusaurite\n|move|p2a: Yad|Giga Drain|p1a: Gliscor\n|-damage|p1a: Gliscor|41\/100 tox\n|-heal|p2a: Yad|100\/100|[from] drain|[of] p1a: Gliscor\n|\n|-heal|p1a: Gliscor|54\/100 tox|[from] ability: Poison Heal\n|upkeep\n|turn|9\n|\n|t:|1699889509\n|move|p2a: Yad|Leech Seed|p1a: Gliscor\n|-start|p1a: Gliscor|move: Leech Seed\n|move|p1a: Gliscor|Spikes|p2a: Yad\n|-sidestart|p2: Kapot666|Spikes\n|\n|-damage|p1a: Gliscor|41\/100 tox|[from] Leech Seed|[of] p2a: Yad\n|-heal|p1a: Gliscor|54\/100 tox|[from] ability: Poison Heal\n|upkeep\n|turn|10\n|\n|t:|1699889516\n|switch|p1a: Zapdos|Zapdos|100\/100\n|-damage|p1a: Zapdos|75\/100|[from] Stealth Rock\n|move|p2a: Yad|Giga Drain|p1a: Zapdos\n|-resisted|p1a: Zapdos\n|-damage|p1a: Zapdos|55\/100\n|\n|-heal|p1a: Zapdos|61\/100|[from] item: Leftovers\n|upkeep\n|turn|11\n|\n|t:|1699889524\n|move|p2a: Yad|Sleep Powder|p1a: Zapdos\n|-status|p1a: Zapdos|slp|[from] move: Sleep Powder\n|cant|p1a: Zapdos|slp\n|\n|-heal|p1a: Zapdos|67\/100 slp|[from] item: Leftovers\n|upkeep\n|turn|12\n|\n|t:|1699889530\n|switch|p1a: Beedrill|Beedrill, F|100\/100\n|-damage|p1a: Beedrill|88\/100|[from] Spikes\n|-damage|p1a: Beedrill|64\/100|[from] Stealth Rock\n|move|p2a: Yad|Leech Seed|p1a: Beedrill\n|-start|p1a: Beedrill|move: Leech Seed\n|\n|-damage|p1a: Beedrill|51\/100|[from] Leech Seed|[of] p2a: Yad\n|upkeep\n|turn|13\n|\n|t:|1699889541\n|detailschange|p1a: Beedrill|Beedrill-Mega, F\n|-mega|p1a: Beedrill|Beedrill|Beedrillite\n|move|p1a: Beedrill|Drill Run|p2a: Yad\n|-damage|p2a: Yad|73\/100\n|move|p2a: Yad|Sludge Bomb|p1a: Beedrill\n|-resisted|p1a: Beedrill\n|-damage|p1a: Beedrill|13\/100\n|\n|-damage|p1a: Beedrill|1\/100|[from] Leech Seed|[of] p2a: Yad\n|-heal|p2a: Yad|84\/100|[silent]\n|upkeep\n|turn|14\n|\n|t:|1699889550\n|move|p1a: Beedrill|Poison Jab|p2a: Yad\n|-damage|p2a: Yad|23\/100\n|move|p2a: Yad|Sludge Bomb|p1a: Beedrill\n|-resisted|p1a: Beedrill\n|-damage|p1a: Beedrill|0 fnt\n|faint|p1a: Beedrill\n|\n|upkeep\n|\n|t:|1699889559\n|switch|p1a: Urshifu|Urshifu-Rapid-Strike, F|88\/100\n|-damage|p1a: Urshifu|76\/100|[from] Spikes\n|-damage|p1a: Urshifu|70\/100|[from] Stealth Rock\n|turn|15\n|\n|t:|1699889583\n|move|p1a: Urshifu|Ice Spinner|p2a: Yad\n|-supereffective|p2a: Yad\n|-damage|p2a: Yad|0 fnt\n|faint|p2a: Yad\n|\n|upkeep\n|\n|t:|1699889588\n|switch|p2a: Tux|Empoleon, M|100\/100\n|-damage|p2a: Tux|94\/100|[from] Stealth Rock\n|-damage|p2a: Tux|82\/100|[from] Spikes\n|turn|16\n|\n|t:|1699889594\n|switch|p1a: Zapdos|Zapdos|67\/100 slp\n|-damage|p1a: Zapdos|42\/100 slp|[from] Stealth Rock\n|move|p2a: Tux|Roar|p1a: Zapdos\n|drag|p1a: Urshifu|Urshifu-Rapid-Strike, F|70\/100\n|-damage|p1a: Urshifu|57\/100|[from] Spikes\n|-damage|p1a: Urshifu|51\/100|[from] Stealth Rock\n|\n|upkeep\n|turn|17\n|\n|t:|1699889602\n|move|p1a: Urshifu|Close Combat|p2a: Tux\n|-supereffective|p2a: Tux\n|-damage|p2a: Tux|0 fnt\n|-unboost|p1a: Urshifu|def|1\n|-unboost|p1a: Urshifu|spd|1\n|faint|p2a: Tux\n|\n|upkeep\n|\n|t:|1699889611\n|switch|p2a: Eon|Umbreon, F, shiny|100\/100\n|-damage|p2a: Eon|88\/100|[from] Stealth Rock\n|-damage|p2a: Eon|76\/100|[from] Spikes\n|turn|18\n|\n|t:|1699889616\n|switch|p1a: Gliscor|Gliscor, M|54\/100 tox\n|-damage|p1a: Gliscor|41\/100 tox|[from] Stealth Rock\n|-terastallize|p2a: Eon|Ghost\n|move|p2a: Eon|Foul Play|p1a: Gliscor\n|-damage|p1a: Gliscor|21\/100 tox\n|\n|-heal|p2a: Eon|82\/100|[from] item: Leftovers\n|-heal|p1a: Gliscor|34\/100 tox|[from] ability: Poison Heal\n|upkeep\n|turn|19\n|\n|t:|1699889627\n|move|p1a: Gliscor|Protect|p1a: Gliscor\n|-singleturn|p1a: Gliscor|Protect\n|move|p2a: Eon|Foul Play|p1a: Gliscor\n|-activate|p1a: Gliscor|move: Protect\n|\n|-heal|p2a: Eon|88\/100|[from] item: Leftovers\n|-heal|p1a: Gliscor|46\/100 tox|[from] ability: Poison Heal\n|upkeep\n|turn|20\n|\n|t:|1699889636\n|move|p1a: Gliscor|Toxic|p2a: Eon\n|-status|p2a: Eon|tox\n|move|p2a: Eon|Foul Play|p1a: Gliscor\n|-damage|p1a: Gliscor|27\/100 tox\n|\n|-heal|p2a: Eon|94\/100 tox|[from] item: Leftovers\n|-heal|p1a: Gliscor|40\/100 tox|[from] ability: Poison Heal\n|-damage|p2a: Eon|88\/100 tox|[from] psn\n|upkeep\n|turn|21\n|\n|t:|1699889645\n|move|p1a: Gliscor|Protect|p1a: Gliscor\n|-singleturn|p1a: Gliscor|Protect\n|move|p2a: Eon|Heal Bell|p2a: Eon\n|-activate|p2a: Eon|move: Heal Bell\n|-curestatus|p2a: Eon|tox|[msg]\n|\n|-heal|p2a: Eon|94\/100|[from] item: Leftovers\n|-heal|p1a: Gliscor|52\/100 tox|[from] ability: Poison Heal\n|upkeep\n|turn|22\n|\n|t:|1699889653\n|move|p1a: Gliscor|Toxic|p2a: Eon\n|-status|p2a: Eon|tox\n|move|p2a: Eon|Foul Play|p1a: Gliscor\n|-damage|p1a: Gliscor|34\/100 tox\n|\n|-heal|p2a: Eon|99\/100 tox|[from] item: Leftovers\n|-heal|p1a: Gliscor|46\/100 tox|[from] ability: Poison Heal\n|-damage|p2a: Eon|94\/100 tox|[from] psn\n|upkeep\n|turn|23\n|\n|t:|1699889662\n|move|p1a: Gliscor|Earthquake|p2a: Eon\n|-damage|p2a: Eon|66\/100 tox\n|move|p2a: Eon|Heal Bell|p2a: Eon\n|-activate|p2a: Eon|move: Heal Bell\n|-curestatus|p2a: Eon|tox|[msg]\n|\n|-heal|p2a: Eon|72\/100|[from] item: Leftovers\n|-heal|p1a: Gliscor|58\/100 tox|[from] ability: Poison Heal\n|upkeep\n|turn|24\n|\n|t:|1699889671\n|move|p1a: Gliscor|Protect|p1a: Gliscor\n|-singleturn|p1a: Gliscor|Protect\n|move|p2a: Eon|Protect||[still]\n|-fail|p2a: Eon\n|\n|-heal|p2a: Eon|78\/100|[from] item: Leftovers\n|-heal|p1a: Gliscor|71\/100 tox|[from] ability: Poison Heal\n|upkeep\n|turn|25\n|\n|t:|1699889679\n|move|p1a: Gliscor|Spikes|p2a: Eon\n|-sidestart|p2: Kapot666|Spikes\n|move|p2a: Eon|Foul Play|p1a: Gliscor\n|-damage|p1a: Gliscor|51\/100 tox\n|\n|-heal|p2a: Eon|85\/100|[from] item: Leftovers\n|-heal|p1a: Gliscor|64\/100 tox|[from] ability: Poison Heal\n|upkeep\n|turn|26\n|\n|t:|1699889687\n|switch|p2a: Mew|Mew, shiny|100\/100\n|-damage|p2a: Mew|88\/100|[from] Stealth Rock\n|-damage|p2a: Mew|72\/100|[from] Spikes\n|move|p1a: Gliscor|Toxic|p2a: Mew\n|-status|p2a: Mew|tox\n|-activate|p2a: Mew|ability: Synchronize\n|-fail|p1a: Gliscor|tox\n|\n|-damage|p2a: Mew|66\/100 tox|[from] psn\n|-heal|p1a: Gliscor|76\/100 tox|[from] ability: Poison Heal\n|upkeep\n|turn|27\n|\n|t:|1699889700\n|move|p1a: Gliscor|Protect|p1a: Gliscor\n|-singleturn|p1a: Gliscor|Protect\n|-zpower|p2a: Mew\n|move|p2a: Mew|Genesis Supernova|p1a: Gliscor|[zeffect]\n|-zbroken|p1a: Gliscor\n|-damage|p1a: Gliscor|52\/100 tox\n|-fieldstart|move: Psychic Terrain\n|\n|-damage|p2a: Mew|53\/100 tox|[from] psn\n|-heal|p1a: Gliscor|64\/100 tox|[from] ability: Poison Heal\n|upkeep\n|turn|28\n|\n|t:|1699889710\n|move|p2a: Mew|Psychic|p1a: Gliscor\n|-damage|p1a: Gliscor|0 fnt\n|faint|p1a: Gliscor\n|\n|-damage|p2a: Mew|35\/100 tox|[from] psn\n|upkeep\n|\n|t:|1699889716\n|switch|p1a: Urshifu|Urshifu-Rapid-Strike, F|51\/100\n|-damage|p1a: Urshifu|39\/100|[from] Spikes\n|-damage|p1a: Urshifu|33\/100|[from] Stealth Rock\n|turn|29\n|\n|t:|1699889721\n|move|p1a: Urshifu|Surging Strikes|p2a: Mew\n|-crit|p2a: Mew\n|-damage|p2a: Mew|15\/100 tox\n|-crit|p2a: Mew\n|-damage|p2a: Mew|0 fnt\n|faint|p2a: Mew\n|-hitcount|p2: Mew|2\n|\n|upkeep\n|\n|t:|1699889728\n|switch|p2a: Eon|Umbreon, F, shiny, tera:Ghost|85\/100\n|-damage|p2a: Eon|72\/100|[from] Stealth Rock\n|-damage|p2a: Eon|56\/100|[from] Spikes\n|turn|30\n|\n|t:|1699889732\n|move|p1a: Urshifu|Surging Strikes|p2a: Eon\n|-crit|p2a: Eon\n|-damage|p2a: Eon|40\/100\n|-crit|p2a: Eon\n|-damage|p2a: Eon|26\/100\n|-crit|p2a: Eon\n|-damage|p2a: Eon|9\/100\n|-hitcount|p2a: Eon|3\n|move|p2a: Eon|Foul Play|p1a: Urshifu\n|-resisted|p1a: Urshifu\n|-damage|p1a: Urshifu|8\/100\n|\n|-heal|p2a: Eon|15\/100|[from] item: Leftovers\n|upkeep\n|turn|31\n|\n|t:|1699889743\n|move|p1a: Urshifu|Surging Strikes|p2a: Eon\n|-crit|p2a: Eon\n|-damage|p2a: Eon|0 fnt\n|faint|p2a: Eon\n|-hitcount|p2: Eon|1\n|\n|-fieldend|move: Psychic Terrain\n|upkeep\n|\n|t:|1699889752\n|switch|p2a: Horus|Blaziken, M, shiny|100\/100\n|-damage|p2a: Horus|88\/100|[from] Stealth Rock\n|-damage|p2a: Horus|72\/100|[from] Spikes\n|turn|32\n|\n|t:|1699889760\n|move|p1a: Urshifu|Surging Strikes|p2a: Horus\n|-supereffective|p2a: Horus\n|-crit|p2a: Horus\n|-damage|p2a: Horus|12\/100\n|-supereffective|p2a: Horus\n|-crit|p2a: Horus\n|-damage|p2a: Horus|0 fnt\n|faint|p2a: Horus\n|-hitcount|p2: Horus|2\n|\n|win|luckwr\n|raw|luckwr's rating: 1328 &rarr; <strong>1342<\/strong><br \/>(+14 for winning)\n|raw|Kapot666's rating: 1221 &rarr; <strong>1203<\/strong><br \/>(-18 for losing)\n|l|\u2606Kapot666\n","uploadtime":1699889771,"views":4,"p1id":"luckwr","p2id":"kapot666","formatid":"gen9nationaldex","rating":1203,"private":0,"password":""}