{"id":"gen9nationaldex-1991037868","p1":"Kuzwa","p2":"giuseppelino","format":"[Gen 9] National Dex","log":"|j|\u2606Kuzwa\n|j|\u203dgiuseppelino\n|t:|1700032440\n|gametype|singles\n|player|p1|Kuzwa|parasollady|1315\n|player|p2|giuseppelino|102|1245\n|teamsize|p1|6\n|teamsize|p2|6\n|gen|9\n|tier|[Gen 9] National Dex\n|rated|\n|rule|HP Percentage Mod: HP is shown in percentages\n|rule|Endless Battle Clause: Forcing endless battles is banned\n|rule|OHKO Clause: OHKO moves are banned\n|rule|Evasion Clause: Evasion abilities, items, and moves are banned\n|rule|Evasion Abilities Clause: Evasion abilities are banned\n|rule|Evasion Items Clause: Evasion items are banned\n|rule|Evasion Moves Clause: Evasion moves are banned\n|rule|Species Clause: Limit one of each Pok\u00e9mon\n|rule|Sleep Clause Mod: Limit one foe put to sleep\n|clearpoke\n|poke|p1|Kartana|\n|poke|p1|Weavile, M|\n|poke|p1|Ogerpon-Wellspring, F|\n|poke|p1|Zeraora|\n|poke|p1|Glimmora, M|\n|poke|p1|Blaziken, M|\n|poke|p2|Masquerain, M|\n|poke|p2|Xurkitree|\n|poke|p2|Garchomp, F|\n|poke|p2|Ferrothorn, F|\n|poke|p2|Goodra, F|\n|poke|p2|Landorus-Therian, M|\n|teampreview\n|\n|t:|1700032449\n|start\n|switch|p1a: thing|Glimmora, M|100\/100\n|switch|p2a: Masquerain|Masquerain, M|100\/100\n|-item|p1a: thing|Air Balloon\n|-ability|p2a: Masquerain|Intimidate|boost\n|-unboost|p1a: thing|atk|1\n|turn|1\n|\n|t:|1700032460\n|move|p1a: thing|Power Gem|p2a: Masquerain\n|-supereffective|p2a: Masquerain\n|-enditem|p2a: Masquerain|Focus Sash\n|-damage|p2a: Masquerain|1\/100\n|move|p2a: Masquerain|Scald|p1a: thing\n|-supereffective|p1a: thing\n|-damage|p1a: thing|38\/100\n|-enditem|p1a: thing|Air Balloon\n|\n|upkeep\n|turn|2\n|\n|t:|1700032466\n|move|p1a: thing|Mortal Spin|p2a: Masquerain\n|-damage|p2a: Masquerain|0 fnt\n|faint|p2a: Masquerain\n|\n|upkeep\n|\n|t:|1700032475\n|switch|p2a: Xurkitree|Xurkitree|100\/100\n|turn|3\n|\n|t:|1700032477\n|move|p1a: thing|Earth Power|p2a: Xurkitree\n|-supereffective|p2a: Xurkitree\n|-damage|p2a: Xurkitree|8\/100\n|-zpower|p2a: Xurkitree\n|move|p2a: Xurkitree|Z-Hypnosis|p1a: thing|[anim]Hypnosis\n|-boost|p2a: Xurkitree|spe|1|[zeffect]\n|-status|p1a: thing|slp|[from] move: Hypnosis\n|\n|upkeep\n|turn|4\n|\n|t:|1700032484\n|move|p2a: Xurkitree|Tail Glow|p2a: Xurkitree\n|-boost|p2a: Xurkitree|spa|3\n|cant|p1a: thing|slp\n|\n|upkeep\n|turn|5\n|\n|t:|1700032489\n|move|p2a: Xurkitree|Discharge|p1a: thing\n|-damage|p1a: thing|0 fnt\n|faint|p1a: thing\n|-ability|p2a: Xurkitree|Beast Boost|boost\n|-boost|p2a: Xurkitree|spa|1\n|\n|upkeep\n|\n|t:|1700032500\n|switch|p1a: Akihiko Sanada|Blaziken, M, shiny|100\/100\n|turn|6\n|\n|t:|1700032505\n|move|p2a: Xurkitree|Discharge|p1a: Akihiko Sanada\n|-enditem|p1a: Akihiko Sanada|Focus Sash\n|-damage|p1a: Akihiko Sanada|1\/100\n|move|p1a: Akihiko Sanada|Fire Punch|p2a: Xurkitree\n|-damage|p2a: Xurkitree|0 fnt\n|faint|p2a: Xurkitree\n|\n|-ability|p1a: Akihiko Sanada|Speed Boost|boost\n|-boost|p1a: Akihiko Sanada|spe|1\n|upkeep\n|\n|t:|1700032513\n|switch|p2a: Landorus|Landorus-Therian, M|100\/100\n|-ability|p2a: Landorus|Intimidate|boost\n|-unboost|p1a: Akihiko Sanada|atk|1\n|turn|7\n|\n|t:|1700032516\n|move|p1a: Akihiko Sanada|Protect|p1a: Akihiko Sanada\n|-singleturn|p1a: Akihiko Sanada|Protect\n|move|p2a: Landorus|Swords Dance|p2a: Landorus\n|-boost|p2a: Landorus|atk|2\n|\n|-ability|p1a: Akihiko Sanada|Speed Boost|boost\n|-boost|p1a: Akihiko Sanada|spe|1\n|upkeep\n|turn|8\n|\n|t:|1700032522\n|move|p1a: Akihiko Sanada|Fire Punch|p2a: Landorus\n|-damage|p2a: Landorus|66\/100\n|move|p2a: Landorus|Earthquake|p1a: Akihiko Sanada\n|-supereffective|p1a: Akihiko Sanada\n|-damage|p1a: Akihiko Sanada|0 fnt\n|faint|p1a: Akihiko Sanada\n|\n|-heal|p2a: Landorus|72\/100|[from] item: Leftovers\n|upkeep\n|\n|t:|1700032526\n|switch|p1a: Junpei Iori|Weavile, M, shiny|100\/100\n|turn|9\n|\n|t:|1700032531\n|switch|p2a: Ferrothorn|Ferrothorn, F|100\/100\n|move|p1a: Junpei Iori|Swords Dance|p1a: Junpei Iori\n|-boost|p1a: Junpei Iori|atk|2\n|\n|upkeep\n|turn|10\n|\n|t:|1700032538\n|move|p1a: Junpei Iori|Knock Off|p2a: Ferrothorn\n|-damage|p2a: Ferrothorn|47\/100\n|-damage|p1a: Junpei Iori|88\/100|[from] ability: Iron Barbs|[of] p2a: Ferrothorn\n|-damage|p1a: Junpei Iori|72\/100|[from] item: Rocky Helmet|[of] p2a: Ferrothorn\n|-enditem|p2a: Ferrothorn|Rocky Helmet|[from] move: Knock Off|[of] p1a: Junpei Iori\n|move|p2a: Ferrothorn|Body Press|p1a: Junpei Iori\n|-supereffective|p1a: Junpei Iori\n|-damage|p1a: Junpei Iori|0 fnt\n|faint|p1a: Junpei Iori\n|\n|upkeep\n|\n|t:|1700032544\n|switch|p1a: Makoto Yuki|Kartana, shiny|100\/100\n|turn|11\n|\n|t:|1700032550\n|switch|p2a: Landorus|Landorus-Therian, M|72\/100\n|-ability|p2a: Landorus|Intimidate|boost\n|-unboost|p1a: Makoto Yuki|atk|1\n|move|p1a: Makoto Yuki|Swords Dance|p1a: Makoto Yuki\n|-boost|p1a: Makoto Yuki|atk|2\n|\n|-heal|p2a: Landorus|78\/100|[from] item: Leftovers\n|upkeep\n|turn|12\n|inactive|Battle timer is ON: inactive players will automatically lose when time's up. (requested by Kuzwa)\n|\n|t:|1700032578\n|switch|p2a: Ferrothorn|Ferrothorn, F|47\/100\n|move|p1a: Makoto Yuki|Smart Strike|p2a: Ferrothorn\n|-resisted|p2a: Ferrothorn\n|-damage|p2a: Ferrothorn|26\/100\n|-damage|p1a: Makoto Yuki|88\/100|[from] ability: Iron Barbs|[of] p2a: Ferrothorn\n|\n|upkeep\n|turn|13\n|\n|t:|1700032585\n|switch|p2a: Landorus|Landorus-Therian, M|78\/100\n|-ability|p2a: Landorus|Intimidate|boost\n|-unboost|p1a: Makoto Yuki|atk|1\n|move|p1a: Makoto Yuki|Swords Dance|p1a: Makoto Yuki\n|-boost|p1a: Makoto Yuki|atk|2\n|\n|-heal|p2a: Landorus|84\/100|[from] item: Leftovers\n|upkeep\n|turn|14\n|\n|t:|1700032602\n|-terastallize|p2a: Landorus|Steel\n|move|p1a: Makoto Yuki|Smart Strike|p2a: Landorus\n|-resisted|p2a: Landorus\n|-damage|p2a: Landorus|31\/100\n|move|p2a: Landorus|Earthquake|p1a: Makoto Yuki\n|-damage|p1a: Makoto Yuki|25\/100\n|\n|-heal|p2a: Landorus|37\/100|[from] item: Leftovers\n|upkeep\n|turn|15\n|\n|t:|1700032610\n|switch|p2a: Ferrothorn|Ferrothorn, F|26\/100\n|move|p1a: Makoto Yuki|Sacred Sword|p2a: Ferrothorn\n|-supereffective|p2a: Ferrothorn\n|-damage|p2a: Ferrothorn|0 fnt\n|-damage|p1a: Makoto Yuki|13\/100|[from] ability: Iron Barbs|[of] p2a: Ferrothorn\n|faint|p2a: Ferrothorn\n|-ability|p1a: Makoto Yuki|Beast Boost|boost\n|-boost|p1a: Makoto Yuki|atk|1\n|\n|upkeep\n|\n|t:|1700032617\n|switch|p2a: Landorus|Landorus-Therian, M, tera:Steel|37\/100\n|-ability|p2a: Landorus|Intimidate|boost\n|-unboost|p1a: Makoto Yuki|atk|1\n|turn|16\n|\n|t:|1700032622\n|move|p1a: Makoto Yuki|Sacred Sword|p2a: Landorus\n|-supereffective|p2a: Landorus\n|-damage|p2a: Landorus|0 fnt\n|faint|p2a: Landorus\n|-ability|p1a: Makoto Yuki|Beast Boost|boost\n|-boost|p1a: Makoto Yuki|atk|1\n|\n|upkeep\n|\n|t:|1700032630\n|switch|p2a: Garchomp|Garchomp, F|100\/100\n|turn|17\n|\n|t:|1700032634\n|detailschange|p2a: Garchomp|Garchomp-Mega, F\n|-mega|p2a: Garchomp|Garchomp|Garchompite\n|move|p1a: Makoto Yuki|Smart Strike|p2a: Garchomp\n|-damage|p2a: Garchomp|3\/100\n|move|p2a: Garchomp|Fire Fang|p1a: Makoto Yuki\n|-supereffective|p1a: Makoto Yuki\n|-damage|p1a: Makoto Yuki|0 fnt\n|faint|p1a: Makoto Yuki\n|\n|upkeep\n|\n|t:|1700032645\n|switch|p1a: Aigis|Ogerpon-Wellspring, F|100\/100\n|turn|18\n|\n|t:|1700032652\n|move|p1a: Aigis|U-turn|p2a: Garchomp\n|-damage|p2a: Garchomp|0 fnt\n|faint|p2a: Garchomp\n|\n|t:|1700032655\n|switch|p1a: Ken Amada|Zeraora|100\/100|[from] U-turn\n|\n|upkeep\n|\n|t:|1700032657\n|switch|p2a: Goodra|Goodra, F|100\/100\n|turn|19\n|\n|t:|1700032663\n|move|p1a: Ken Amada|Fake Out|p2a: Goodra\n|-damage|p2a: Goodra|83\/100\n|-ability|p2a: Goodra|Gooey\n|-unboost|p1a: Ken Amada|spe|1\n|cant|p2a: Goodra|flinch\n|\n|upkeep\n|turn|20\n|\n|t:|1700032667\n|move|p2a: Goodra|Sludge Wave|p1a: Ken Amada\n|-damage|p1a: Ken Amada|39\/100\n|move|p1a: Ken Amada|Bulk Up|p1a: Ken Amada\n|-boost|p1a: Ken Amada|atk|1\n|-boost|p1a: Ken Amada|def|1\n|\n|upkeep\n|turn|21\n|\n|t:|1700032672\n|move|p2a: Goodra|Sludge Wave|p1a: Ken Amada\n|-damage|p1a: Ken Amada|0 fnt\n|faint|p1a: Ken Amada\n|\n|upkeep\n|\n|t:|1700032688\n|switch|p1a: Aigis|Ogerpon-Wellspring, F|100\/100\n|turn|22\n|\n|t:|1700032692\n|-terastallize|p1a: Aigis|Water\n|detailschange|p1a: Aigis|Ogerpon-Wellspring-Tera, F, tera:Water\n|-ability|p1a: Aigis|Embody Aspect (Wellspring)|boost\n|-boost|p1a: Aigis|spd|1\n|move|p1a: Aigis|Swords Dance|p1a: Aigis\n|-boost|p1a: Aigis|atk|2\n|move|p2a: Goodra|Sludge Wave|p1a: Aigis\n|-damage|p1a: Aigis|68\/100\n|\n|upkeep\n|turn|23\n|\n|t:|1700032698\n|move|p1a: Aigis|Swords Dance|p1a: Aigis\n|-boost|p1a: Aigis|atk|2\n|move|p2a: Goodra|Sludge Wave|p1a: Aigis\n|-damage|p1a: Aigis|36\/100\n|-status|p1a: Aigis|psn\n|\n|-damage|p1a: Aigis|23\/100 psn|[from] psn\n|upkeep\n|turn|24\n|\n|t:|1700032702\n|move|p1a: Aigis|Ivy Cudgel|p2a: Goodra|[anim] Ivy Cudgel Water\n|-resisted|p2a: Goodra\n|-damage|p2a: Goodra|0 fnt\n|faint|p2a: Goodra\n|\n|win|Kuzwa\n|raw|Kuzwa's rating: 1315 &rarr; <strong>1331<\/strong><br \/>(+16 for winning)\n|raw|giuseppelino's rating: 1245 &rarr; <strong>1225<\/strong><br \/>(-20 for losing)\n","uploadtime":1700032707,"views":4,"p1id":"kuzwa","p2id":"giuseppelino","formatid":"gen9nationaldex","rating":1225,"private":0,"password":""}