{"id":"gen9nationaldex-1991469910","p1":"Tank Tests","p2":"Avinobellissimo","format":"[Gen 9] National Dex","log":"|j|\u2606Tank Tests\n|j|\u2606Avinobellissimo\n|t:|1700079885\n|gametype|singles\n|player|p1|Tank Tests|2|1393\n|player|p2|Avinobellissimo|volkner|1375\n|teamsize|p1|6\n|teamsize|p2|6\n|gen|9\n|tier|[Gen 9] National Dex\n|rated|\n|rule|HP Percentage Mod: HP is shown in percentages\n|rule|Endless Battle Clause: Forcing endless battles is banned\n|rule|OHKO Clause: OHKO moves are banned\n|rule|Evasion Clause: Evasion abilities, items, and moves are banned\n|rule|Evasion Abilities Clause: Evasion abilities are banned\n|rule|Evasion Items Clause: Evasion items are banned\n|rule|Evasion Moves Clause: Evasion moves are banned\n|rule|Species Clause: Limit one of each Pok\u00e9mon\n|rule|Sleep Clause Mod: Limit one foe put to sleep\n|clearpoke\n|poke|p1|Pawmot, F|\n|poke|p1|Rabsca, F|\n|poke|p1|Banette, M|\n|poke|p1|Victini|\n|poke|p1|Dragonite, F|\n|poke|p1|Forretress, M|\n|poke|p2|Slowbro, F|\n|poke|p2|Mandibuzz, F|\n|poke|p2|Mawile, F|\n|poke|p2|Dragalge, F|\n|poke|p2|Landorus-Therian, M|\n|poke|p2|Clawitzer, M|\n|teampreview\n|inactive|Battle timer is ON: inactive players will automatically lose when time's up. (requested by Avinobellissimo)\n|\n|t:|1700079893\n|start\n|switch|p1a: Victini|Victini|100\/100\n|switch|p2a: Slowbro|Slowbro, F|100\/100\n|turn|1\n|\n|t:|1700079899\n|switch|p2a: Landorus|Landorus-Therian, M|100\/100\n|-ability|p2a: Landorus|Intimidate|boost\n|-unboost|p1a: Victini|atk|1\n|move|p1a: Victini|Final Gambit|p2a: Landorus\n|-damage|p2a: Landorus|0 fnt\n|faint|p1a: Victini\n|faint|p2a: Landorus\n|\n|upkeep\n|\n|t:|1700079909\n|switch|p1a: Forretress|Forretress, M|100\/100\n|switch|p2a: Slowbro|Slowbro, F|100\/100\n|turn|2\n|\n|t:|1700079914\n|move|p1a: Forretress|Thunder Wave|p2a: Slowbro\n|-status|p2a: Slowbro|par\n|cant|p2a: Slowbro|par\n|\n|upkeep\n|turn|3\n|\n|t:|1700079919\n|move|p1a: Forretress|Stealth Rock|p2a: Slowbro\n|-sidestart|p2: Avinobellissimo|move: Stealth Rock\n|move|p2a: Slowbro|Trick Room|p2a: Slowbro\n|-fieldstart|move: Trick Room|[of] p2a: Slowbro\n|\n|upkeep\n|turn|4\n|\n|t:|1700079924\n|move|p2a: Slowbro|Future Sight|p1a: Forretress\n|-start|p2a: Slowbro|move: Future Sight\n|move|p1a: Forretress|Explosion|p2a: Slowbro\n|-damage|p2a: Slowbro|68\/100 par\n|faint|p1a: Forretress\n|\n|upkeep\n|\n|t:|1700079932\n|switch|p1a: Pawmot|Pawmot, F|100\/100\n|turn|5\n|\n|t:|1700079938\n|switch|p2a: Dragalge|Dragalge, F|100\/100\n|-damage|p2a: Dragalge|88\/100|[from] Stealth Rock\n|move|p1a: Pawmot|Revival Blessing|p1a: Pawmot\n|-enditem|p1a: Pawmot|Leppa Berry|[eat]\n|-activate|p1a: Pawmot|item: Leppa Berry|Revival Blessing|[consumed]\n|\n|t:|1700079945\n|-heal|p1: Victini|50\/100|[from] move: Revival Blessing\n|\n|upkeep\n|turn|6\n|\n|t:|1700079959\n|switch|p1a: Dragonite|Dragonite, F|100\/100\n|move|p2a: Dragalge|Focus Blast|p1a: Dragonite\n|-resisted|p1a: Dragonite\n|-damage|p1a: Dragonite|90\/100\n|\n|-end|p1a: Dragonite|move: Future Sight\n|-damage|p1a: Dragonite|46\/100\n|upkeep\n|turn|7\n|\n|t:|1700079976\n|move|p1a: Dragonite|Extreme Speed|p2a: Dragalge\n|-crit|p2a: Dragalge\n|-damage|p2a: Dragalge|19\/100\n|move|p2a: Dragalge|Sludge Wave|p1a: Dragonite\n|-damage|p1a: Dragonite|0 fnt\n|faint|p1a: Dragonite\n|\n|-fieldend|move: Trick Room\n|upkeep\n|\n|t:|1700079983\n|switch|p1a: Pawmot|Pawmot, F|100\/100\n|turn|8\n|\n|t:|1700079995\n|switch|p2a: Slowbro|Slowbro, F|100\/100 par\n|-damage|p2a: Slowbro|88\/100 par|[from] Stealth Rock\n|move|p1a: Pawmot|Close Combat|p2a: Slowbro\n|-resisted|p2a: Slowbro\n|-damage|p2a: Slowbro|72\/100 par\n|-unboost|p1a: Pawmot|def|1\n|-unboost|p1a: Pawmot|spd|1\n|-damage|p1a: Pawmot|84\/100|[from] item: Rocky Helmet|[of] p2a: Slowbro\n|\n|upkeep\n|turn|9\n|\n|t:|1700080002\n|move|p1a: Pawmot|Double Shock|p2a: Slowbro\n|-supereffective|p2a: Slowbro\n|-damage|p2a: Slowbro|8\/100 par\n|-start|p1a: Pawmot|typechange|???\/Fighting|[from] move: Double Shock\n|-damage|p1a: Pawmot|68\/100|[from] item: Rocky Helmet|[of] p2a: Slowbro\n|move|p2a: Slowbro|Trick Room|p2a: Slowbro\n|-fieldstart|move: Trick Room|[of] p2a: Slowbro\n|\n|upkeep\n|turn|10\n|\n|t:|1700080011\n|switch|p2a: Mawile|Mawile, F|100\/100\n|-damage|p2a: Mawile|94\/100|[from] Stealth Rock\n|-ability|p2a: Mawile|Intimidate|boost\n|-unboost|p1a: Pawmot|atk|1\n|move|p1a: Pawmot|Revival Blessing|p1a: Pawmot\n|\n|t:|1700080022\n|-heal|p1: Dragonite|50\/100|[from] move: Revival Blessing\n|\n|upkeep\n|turn|11\n|\n|t:|1700080028\n|detailschange|p2a: Mawile|Mawile-Mega, F\n|-mega|p2a: Mawile|Mawile|Mawilite\n|move|p2a: Mawile|Play Rough|p1a: Pawmot\n|-supereffective|p1a: Pawmot\n|-damage|p1a: Pawmot|0 fnt\n|faint|p1a: Pawmot\n|\n|upkeep\n|\n|t:|1700080034\n|switch|p1a: Banette|Banette, M|100\/100\n|turn|12\n|\n|t:|1700080038\n|detailschange|p1a: Banette|Banette-Mega, M\n|-mega|p1a: Banette|Banette|Banettite\n|move|p1a: Banette|Destiny Bond|p1a: Banette\n|-singlemove|p1a: Banette|Destiny Bond\n|move|p2a: Mawile|Knock Off|p1a: Banette\n|-supereffective|p1a: Banette\n|-damage|p1a: Banette|0 fnt\n|faint|p1a: Banette\n|-activate|p1a: Banette|move: Destiny Bond\n|faint|p2a: Mawile\n|\n|upkeep\n|c|\u2606Avinobellissimo|!weak rabsca\n|c| Avinobellissimo|\/raw <div class=\"infobox\">Rabsca (ignoring abilities):<br \/><span class=\"message-effect-weak\">Weaknesses<\/span>: Bug, Dark, Fire, Flying, Ghost, Rock<br \/><span class=\"message-effect-resist\">Resistances<\/span>: <b>Fighting<\/b>, Grass, Ground, Psychic<br \/><span class=\"message-effect-immune\">Immunities<\/span>: <font color=#999999>None<\/font><\/div>\n|\n|t:|1700080065\n|switch|p2a: Clawitzer|Clawitzer, M|100\/100\n|switch|p1a: Rabsca|Rabsca, F|100\/100\n|-damage|p2a: Clawitzer|88\/100|[from] Stealth Rock\n|turn|13\n|\n|t:|1700080070\n|move|p2a: Clawitzer|Dark Pulse|p1a: Rabsca\n|-supereffective|p1a: Rabsca\n|-damage|p1a: Rabsca|0 fnt\n|faint|p1a: Rabsca\n|-damage|p2a: Clawitzer|78\/100|[from] item: Life Orb\n|\n|-fieldend|move: Trick Room\n|upkeep\n|\n|t:|1700080076\n|switch|p1a: Dragonite|Dragonite, F|50\/100\n|turn|14\n|\n|t:|1700080079\n|switch|p2a: Mandibuzz|Mandibuzz, F|100\/100\n|move|p1a: Dragonite|Dragon Dance|p1a: Dragonite\n|-boost|p1a: Dragonite|atk|1\n|-boost|p1a: Dragonite|spe|1\n|\n|upkeep\n|turn|15\n|\n|t:|1700080084\n|-terastallize|p1a: Dragonite|Dragon\n|move|p1a: Dragonite|Dragon Claw|p2a: Mandibuzz\n|-damage|p2a: Mandibuzz|33\/100\n|move|p2a: Mandibuzz|Toxic|p1a: Dragonite\n|-status|p1a: Dragonite|tox\n|\n|-damage|p1a: Dragonite|44\/100 tox|[from] psn\n|upkeep\n|turn|16\n|\n|t:|1700080091\n|switch|p2a: Dragalge|Dragalge, F|19\/100\n|-damage|p2a: Dragalge|7\/100|[from] Stealth Rock\n|move|p1a: Dragonite|Dragon Claw|p2a: Dragalge\n|-supereffective|p2a: Dragalge\n|-damage|p2a: Dragalge|0 fnt\n|faint|p2a: Dragalge\n|\n|-damage|p1a: Dragonite|32\/100 tox|[from] psn\n|upkeep\n|\n|t:|1700080098\n|switch|p2a: Slowbro|Slowbro, F|41\/100 par\n|-damage|p2a: Slowbro|29\/100 par|[from] Stealth Rock\n|turn|17\n|\n|t:|1700080100\n|switch|p2a: Mandibuzz|Mandibuzz, F|33\/100\n|move|p1a: Dragonite|Dragon Claw|p2a: Mandibuzz\n|-damage|p2a: Mandibuzz|0 fnt\n|faint|p2a: Mandibuzz\n|\n|-damage|p1a: Dragonite|13\/100 tox|[from] psn\n|upkeep\n|\n|t:|1700080106\n|switch|p2a: Slowbro|Slowbro, F|62\/100 par\n|-damage|p2a: Slowbro|50\/100 par|[from] Stealth Rock\n|turn|18\n|\n|t:|1700080110\n|-terastallize|p2a: Slowbro|Steel\n|move|p1a: Dragonite|Dragon Claw|p2a: Slowbro\n|-resisted|p2a: Slowbro\n|-damage|p2a: Slowbro|22\/100 par\n|-damage|p1a: Dragonite|0 fnt|[from] item: Rocky Helmet|[of] p2a: Slowbro\n|faint|p1a: Dragonite\n|cant|p2a: Slowbro|par\n|\n|upkeep\n|\n|t:|1700080113\n|switch|p1a: Victini|Victini|50\/100\n|turn|19\n|c|\u2606Avinobellissimo|nooo\n|\n|t:|1700080118\n|move|p1a: Victini|Bolt Strike|p2a: Slowbro\n|-damage|p2a: Slowbro|0 fnt\n|-damage|p1a: Victini|34\/100|[from] item: Rocky Helmet|[of] p2a: Slowbro\n|faint|p2a: Slowbro\n|\n|upkeep\n|\n|t:|1700080120\n|switch|p2a: Clawitzer|Clawitzer, M|78\/100\n|-damage|p2a: Clawitzer|66\/100|[from] Stealth Rock\n|turn|20\n|\n|t:|1700080122\n|move|p1a: Victini|Bolt Strike|p2a: Clawitzer\n|-supereffective|p2a: Clawitzer\n|-damage|p2a: Clawitzer|0 fnt\n|faint|p2a: Clawitzer\n|\n|win|Tank Tests\n|raw|Tank Tests's rating: 1393 &rarr; <strong>1412<\/strong><br \/>(+19 for winning)\n|raw|Avinobellissimo's rating: 1375 &rarr; <strong>1356<\/strong><br \/>(-19 for losing)\n|c|\u2606Avinobellissimo|man\n|c|\u2606Tank Tests|gg\n|c|\u2606Avinobellissimo|shut up\n|l|\u2606Avinobellissimo\n","uploadtime":1700080149,"views":5,"p1id":"tanktests","p2id":"avinobellissimo","formatid":"gen9nationaldex","rating":1356,"private":0,"password":""}