{"id":"gen9nationaldex-1993931039","p1":"Chidipa\u7535\u9f99\u9a91\u58eb","p2":"NguyenKhoa19042011","format":"[Gen 9] National Dex","log":"|j|\u2606Chidipa\u7535\u9f99\u9a91\u58eb\n|j|\u2606NguyenKhoa19042011\n|t:|1700377542\n|gametype|singles\n|player|p1|Chidipa\u7535\u9f99\u9a91\u58eb|preschooler|1472\n|player|p2|NguyenKhoa19042011|nate|1351\n|teamsize|p1|6\n|teamsize|p2|6\n|gen|9\n|tier|[Gen 9] National Dex\n|rated|\n|rule|HP Percentage Mod: HP is shown in percentages\n|rule|Endless Battle Clause: Forcing endless battles is banned\n|rule|OHKO Clause: OHKO moves are banned\n|rule|Evasion Clause: Evasion abilities, items, and moves are banned\n|rule|Evasion Abilities Clause: Evasion abilities are banned\n|rule|Evasion Items Clause: Evasion items are banned\n|rule|Evasion Moves Clause: Evasion moves are banned\n|rule|Species Clause: Limit one of each Pok\u00e9mon\n|rule|Sleep Clause Mod: Limit one foe put to sleep\n|clearpoke\n|poke|p1|Dusclops, M|\n|poke|p1|Hatterene, F|\n|poke|p1|Crabominable, M|\n|poke|p1|Crawdaunt, M|\n|poke|p1|Porygon2|\n|poke|p1|Camerupt, M|\n|poke|p2|Tapu Koko|\n|poke|p2|Meowscarada, F|\n|poke|p2|Sneasler, M|\n|poke|p2|Xurkitree|\n|poke|p2|Gyarados, M|\n|poke|p2|Zeraora|\n|teampreview\n|inactive|Battle timer is ON: inactive players will automatically lose when time's up. (requested by Chidipa\u7535\u9f99\u9a91\u58eb)\n|\n|t:|1700377560\n|start\n|switch|p1a: Hatterene|Hatterene, F|100\/100\n|switch|p2a: Tapu Koko|Tapu Koko, shiny|100\/100\n|-fieldstart|move: Electric Terrain|[from] ability: Electric Surge|[of] p2a: Tapu Koko\n|turn|1\n|\n|t:|1700377566\n|move|p2a: Tapu Koko|U-turn|p1a: Hatterene\n|-damage|p1a: Hatterene|73\/100\n|\n|t:|1700377569\n|switch|p2a: Gyarados|Gyarados, M|100\/100|[from] U-turn\n|-ability|p2a: Gyarados|Intimidate|boost\n|-unboost|p1a: Hatterene|atk|1\n|move|p1a: Hatterene|Trick Room|p1a: Hatterene\n|-fieldstart|move: Trick Room|[of] p1a: Hatterene\n|\n|upkeep\n|turn|2\n|\n|t:|1700377582\n|detailschange|p2a: Gyarados|Gyarados-Mega, M\n|-mega|p2a: Gyarados|Gyarados|Gyaradosite\n|-ability|p2a: Gyarados|Mold Breaker\n|move|p1a: Hatterene|Future Sight|p2a: Gyarados\n|-start|p1a: Hatterene|move: Future Sight\n|move|p2a: Gyarados|Dragon Dance|p2a: Gyarados\n|-boost|p2a: Gyarados|atk|1\n|-boost|p2a: Gyarados|spe|1\n|\n|upkeep\n|turn|3\n|\n|t:|1700377591\n|move|p1a: Hatterene|Misty Explosion|p2a: Gyarados\n|-supereffective|p2a: Gyarados\n|-damage|p2a: Gyarados|0 fnt\n|faint|p1a: Hatterene\n|faint|p2a: Gyarados\n|\n|upkeep\n|\n|t:|1700377600\n|switch|p1a: Crabominable|Crabominable, M|100\/100\n|switch|p2a: Meowscarada|Meowscarada, F|100\/100\n|turn|4\n|\n|t:|1700377606\n|move|p1a: Crabominable|Power-Up Punch|p2a: Meowscarada\n|-supereffective|p2a: Meowscarada\n|-damage|p2a: Meowscarada|4\/100\n|-boost|p1a: Crabominable|atk|1\n|move|p2a: Meowscarada|U-turn|p1a: Crabominable\n|-start|p2a: Meowscarada|typechange|Bug|[from] ability: Protean\n|-resisted|p1a: Crabominable\n|-damage|p1a: Crabominable|70\/100\n|\n|t:|1700377617\n|switch|p2a: Zeraora|Zeraora|100\/100|[from] U-turn\n|\n|-end|p2a: Zeraora|move: Future Sight\n|-damage|p2a: Zeraora|12\/100\n|upkeep\n|turn|5\n|\n|t:|1700377624\n|move|p1a: Crabominable|Power-Up Punch|p2a: Zeraora\n|-damage|p2a: Zeraora|0 fnt\n|-boost|p1a: Crabominable|atk|1\n|faint|p2a: Zeraora\n|\n|-fieldend|move: Trick Room\n|upkeep\n|\n|t:|1700377633\n|switch|p2a: Xurkitree|Xurkitree|100\/100\n|turn|6\n|\n|t:|1700377640\n|-terastallize|p2a: Xurkitree|Electric\n|-terastallize|p1a: Crabominable|Electric\n|move|p2a: Xurkitree|Volt Switch|p1a: Crabominable\n|-resisted|p1a: Crabominable\n|-damage|p1a: Crabominable|22\/100\n|inactive|NguyenKhoa19042011 has 120 seconds left.\n|\n|t:|1700377676\n|switch|p2a: Sneasler|Sneasler, M|100\/100|[from] Volt Switch\n|-enditem|p2a: Sneasler|Electric Seed\n|-boost|p2a: Sneasler|def|1|[from] item: Electric Seed\n|move|p1a: Crabominable|Drain Punch|p2a: Sneasler\n|-resisted|p2a: Sneasler\n|-damage|p2a: Sneasler|35\/100\n|-heal|p1a: Crabominable|47\/100|[from] drain|[of] p2a: Sneasler\n|\n|upkeep\n|turn|7\n|\n|t:|1700377696\n|move|p2a: Sneasler|Close Combat|p1a: Crabominable\n|-damage|p1a: Crabominable|0 fnt\n|-unboost|p2a: Sneasler|def|1\n|-unboost|p2a: Sneasler|spd|1\n|faint|p1a: Crabominable\n|\n|upkeep\n|\n|t:|1700377704\n|switch|p1a: Crawdaunt|Crawdaunt, M|100\/100\n|turn|8\n|\n|t:|1700377709\n|move|p1a: Crawdaunt|Aqua Jet|p2a: Sneasler\n|-damage|p2a: Sneasler|0 fnt\n|faint|p2a: Sneasler\n|-damage|p1a: Crawdaunt|90\/100|[from] item: Life Orb\n|\n|-fieldend|move: Electric Terrain\n|upkeep\n|\n|t:|1700377713\n|switch|p2a: Tapu Koko|Tapu Koko, shiny|100\/100\n|-fieldstart|move: Electric Terrain|[from] ability: Electric Surge|[of] p2a: Tapu Koko\n|turn|9\n|\n|t:|1700377718\n|switch|p1a: Dusclops|Dusclops, M|100\/100\n|-item|p2a: Tapu Koko|Terrain Extender|[from] ability: Frisk|[of] p1a: Dusclops|[identify]\n|move|p2a: Tapu Koko|Wild Charge|p1a: Dusclops\n|-damage|p1a: Dusclops|65\/100\n|-damage|p2a: Tapu Koko|91\/100|[from] Recoil\n|\n|upkeep\n|turn|10\n|\n|t:|1700377729\n|switch|p2a: Meowscarada|Meowscarada, F|4\/100\n|move|p1a: Dusclops|Trick Room|p1a: Dusclops\n|-fieldstart|move: Trick Room|[of] p1a: Dusclops\n|\n|upkeep\n|turn|11\n|\n|t:|1700377736\n|move|p1a: Dusclops|Destiny Bond|p1a: Dusclops\n|-singlemove|p1a: Dusclops|Destiny Bond\n|move|p2a: Meowscarada|Flower Trick|p1a: Dusclops\n|-start|p2a: Meowscarada|typechange|Grass|[from] ability: Protean\n|-crit|p1a: Dusclops\n|-damage|p1a: Dusclops|17\/100\n|\n|upkeep\n|turn|12\n|\n|t:|1700377746\n|move|p1a: Dusclops|Will-O-Wisp|p2a: Meowscarada\n|-status|p2a: Meowscarada|brn\n|move|p2a: Meowscarada|Flower Trick|p1a: Dusclops\n|-crit|p1a: Dusclops\n|-damage|p1a: Dusclops|0 fnt\n|faint|p1a: Dusclops\n|\n|-damage|p2a: Meowscarada|0 fnt|[from] brn\n|faint|p2a: Meowscarada\n|upkeep\n|\n|t:|1700377762\n|switch|p1a: Camerupt|Camerupt, M|100\/100\n|switch|p2a: Tapu Koko|Tapu Koko, shiny|91\/100\n|turn|13\n|\n|t:|1700377770\n|detailschange|p1a: Camerupt|Camerupt-Mega, M\n|-mega|p1a: Camerupt|Camerupt|Cameruptite\n|move|p1a: Camerupt|Earth Power|p2a: Tapu Koko\n|-supereffective|p2a: Tapu Koko\n|-damage|p2a: Tapu Koko|0 fnt\n|faint|p2a: Tapu Koko\n|\n|upkeep\n|\n|t:|1700377776\n|switch|p2a: Xurkitree|Xurkitree, tera:Electric|100\/100\n|turn|14\n|\n|t:|1700377781\n|move|p1a: Camerupt|Earth Power|p2a: Xurkitree\n|-supereffective|p2a: Xurkitree\n|-damage|p2a: Xurkitree|0 fnt\n|faint|p2a: Xurkitree\n|\n|win|Chidipa\u7535\u9f99\u9a91\u58eb\n|raw|Chidipa\u7535\u9f99\u9a91\u58eb's rating: 1472 &rarr; <strong>1485<\/strong><br \/>(+13 for winning)\n|raw|NguyenKhoa19042011's rating: 1336 &rarr; <strong>1323<\/strong><br \/>(-13 for losing)\n","uploadtime":1700377789,"views":7,"p1id":"chidipa","p2id":"nguyenkhoa19042011","formatid":"gen9nationaldex","rating":1323,"private":0,"password":""}