{"id":"gen9nationaldex-1995151338","p1":"Klawf Up A Lung","p2":"Sirrawrz","format":"[Gen 9] National Dex","log":"|html|<div class=\"broadcast-blue\"><strong>[Gen 9] National Dex is currently suspecting Sneasler! For information on how to participate check out the <a href=\"https:\/\/www.smogon.com\/forums\/threads\/sv-national-dex-suspect-8-just-dance.3731534\/\">suspect thread<\/a>.<\/strong><\/div>\n|j|\u2606Klawf Up A Lung\n|j|\u2606Sirrawrz\n|t:|1700528306\n|gametype|singles\n|player|p1|Klawf Up A Lung|salvatore|1526\n|player|p2|Sirrawrz|emmet|1523\n|teamsize|p1|6\n|teamsize|p2|6\n|gen|9\n|tier|[Gen 9] National Dex\n|rated|\n|rule|HP Percentage Mod: HP is shown in percentages\n|rule|Endless Battle Clause: Forcing endless battles is banned\n|rule|OHKO Clause: OHKO moves are banned\n|rule|Evasion Clause: Evasion abilities, items, and moves are banned\n|rule|Evasion Abilities Clause: Evasion abilities are banned\n|rule|Evasion Items Clause: Evasion items are banned\n|rule|Evasion Moves Clause: Evasion moves are banned\n|rule|Species Clause: Limit one of each Pok\u00e9mon\n|rule|Sleep Clause Mod: Limit one foe put to sleep\n|clearpoke\n|poke|p1|Cobalion|\n|poke|p1|Iron Valiant|\n|poke|p1|Arboliva, M|\n|poke|p1|Xurkitree|\n|poke|p1|Aegislash, M|\n|poke|p1|Tapu Koko|\n|poke|p2|Ninetales, M|\n|poke|p2|Venusaur, M|\n|poke|p2|Jolteon, F|\n|poke|p2|Blastoise, M|\n|poke|p2|Rhydon, M|\n|poke|p2|Scyther, F|\n|teampreview\n|inactive|Battle timer is ON: inactive players will automatically lose when time's up. (requested by Klawf Up A Lung)\n|c|\u2606Klawf Up A Lung|Gl hf\n|c|\u2606Sirrawrz|Glhf\n|inactive|Klawf Up A Lung has 120 seconds left.\n|\n|t:|1700528342\n|start\n|switch|p1a: Tapu Koko|Tapu Koko|100\/100\n|switch|p2a: Ninetales|Ninetales, M, shiny|100\/100\n|-weather|SunnyDay|[from] ability: Drought|[of] p2a: Ninetales\n|-fieldstart|move: Electric Terrain|[from] ability: Electric Surge|[of] p1a: Tapu Koko\n|turn|1\n|\n|t:|1700528345\n|-terastallize|p2a: Ninetales|Fire\n|move|p2a: Ninetales|Weather Ball|p1a: Tapu Koko\n|-damage|p1a: Tapu Koko|9\/100\n|move|p1a: Tapu Koko|Volt Switch|p2a: Ninetales\n|-damage|p2a: Ninetales|65\/100\n|c|\u2606Sirrawrz|I think spdef koko\n|\n|t:|1700528353\n|switch|p1a: Iron Valiant|Iron Valiant|100\/100|[from] Volt Switch\n|-activate|p1a: Iron Valiant|ability: Quark Drive\n|-start|p1a: Iron Valiant|quarkdrivespe\n|\n|-weather|SunnyDay|[upkeep]\n|upkeep\n|turn|2\n|c|\u2606Sirrawrz|is the best koko\n|\n|t:|1700528363\n|switch|p2a: Blastoise|Blastoise, M, shiny|100\/100\n|move|p1a: Iron Valiant|Thunderbolt|p2a: Blastoise\n|-supereffective|p2a: Blastoise\n|-crit|p2a: Blastoise\n|-damage|p2a: Blastoise|0 fnt\n|faint|p2a: Blastoise\n|\n|-weather|SunnyDay|[upkeep]\n|upkeep\n|\n|t:|1700528376\n|switch|p2a: Venusaur|Venusaur, M, shiny|100\/100\n|turn|3\n|\n|t:|1700528384\n|-end|p1a: Iron Valiant|Quark Drive|[silent]\n|switch|p1a: Aegislash|Aegislash, M|100\/100\n|switch|p2a: Jolteon|Jolteon, F, shiny|100\/100\n|\n|-weather|SunnyDay|[upkeep]\n|-status|p2a: Jolteon|brn|[from] item: Flame Orb\n|upkeep\n|turn|4\n|\n|t:|1700528387\n|move|p2a: Jolteon|Weather Ball|p1a: Aegislash\n|-supereffective|p1a: Aegislash\n|-damage|p1a: Aegislash|27\/100\n|-formechange|p1a: Aegislash|Aegislash-Blade||[from] ability: Stance Change\n|move|p1a: Aegislash|Shadow Ball|p2a: Jolteon\n|-damage|p2a: Jolteon|53\/100 brn\n|\n|-weather|SunnyDay|[upkeep]\n|-heal|p1a: Aegislash|33\/100|[from] item: Leftovers\n|-damage|p2a: Jolteon|46\/100 brn|[from] brn\n|upkeep\n|turn|5\n|\n|t:|1700528398\n|switch|p2a: Rhydon|Rhydon, M, shiny|100\/100\n|-formechange|p1a: Aegislash|Aegislash||[from] ability: Stance Change\n|move|p1a: Aegislash|King's Shield||[still]\n|-fail|p1a: Aegislash\n|\n|-weather|none\n|-heal|p1a: Aegislash|39\/100|[from] item: Leftovers\n|-fieldend|move: Electric Terrain\n|upkeep\n|turn|6\n|\n|t:|1700528402\n|move|p1a: Aegislash|Toxic|p2a: Rhydon\n|-status|p2a: Rhydon|tox\n|move|p2a: Rhydon|Stealth Rock|p1a: Aegislash\n|-sidestart|p1: Klawf Up A Lung|move: Stealth Rock\n|\n|-heal|p1a: Aegislash|46\/100|[from] item: Leftovers\n|-damage|p2a: Rhydon|94\/100 tox|[from] psn\n|upkeep\n|turn|7\n|\n|t:|1700528405\n|switch|p2a: Ninetales|Ninetales, M, shiny, tera:Fire|65\/100\n|-weather|SunnyDay|[from] ability: Drought|[of] p2a: Ninetales\n|move|p1a: Aegislash|King's Shield||[still]\n|-fail|p1a: Aegislash\n|\n|-weather|SunnyDay|[upkeep]\n|-heal|p1a: Aegislash|52\/100|[from] item: Leftovers\n|upkeep\n|turn|8\n|\n|t:|1700528412\n|move|p1a: Aegislash|King's Shield|p1a: Aegislash\n|-singleturn|p1a: Aegislash|Protect\n|move|p2a: Ninetales|Weather Ball|p1a: Aegislash\n|-activate|p1a: Aegislash|move: Protect\n|\n|-weather|SunnyDay|[upkeep]\n|-heal|p1a: Aegislash|58\/100|[from] item: Leftovers\n|upkeep\n|turn|9\n|\n|t:|1700528417\n|-terastallize|p1a: Aegislash|Normal\n|move|p2a: Ninetales|Weather Ball|p1a: Aegislash\n|-crit|p1a: Aegislash\n|-damage|p1a: Aegislash|0 fnt\n|faint|p1a: Aegislash\n|\n|-weather|SunnyDay|[upkeep]\n|upkeep\n|\n|t:|1700528438\n|switch|p1a: Cobalion|Cobalion|100\/100\n|-damage|p1a: Cobalion|97\/100|[from] Stealth Rock\n|turn|10\n|\n|t:|1700528442\n|move|p2a: Ninetales|Weather Ball|p1a: Cobalion\n|-supereffective|p1a: Cobalion\n|-crit|p1a: Cobalion\n|-damage|p1a: Cobalion|0 fnt\n|faint|p1a: Cobalion\n|\n|-weather|SunnyDay|[upkeep]\n|upkeep\n|\n|t:|1700528452\n|switch|p1a: Big Steppa|Arboliva, M|100\/100\n|-damage|p1a: Big Steppa|88\/100|[from] Stealth Rock\n|turn|11\n|\n|t:|1700528455\n|move|p2a: Ninetales|Weather Ball|p1a: Big Steppa\n|-supereffective|p1a: Big Steppa\n|-damage|p1a: Big Steppa|0 fnt\n|-fieldstart|move: Grassy Terrain|[from] ability: Seed Sower|[of] p1a: Big Steppa\n|faint|p1a: Big Steppa\n|\n|-weather|none\n|-heal|p2a: Ninetales|71\/100|[from] Grassy Terrain\n|upkeep\n|\n|t:|1700528461\n|switch|p1a: Iron Valiant|Iron Valiant|100\/100\n|-damage|p1a: Iron Valiant|94\/100|[from] Stealth Rock\n|turn|12\n|\n|t:|1700528470\n|switch|p2a: Rhydon|Rhydon, M, shiny|94\/100 tox\n|move|p1a: Iron Valiant|Psyshock|p2a: Rhydon\n|-damage|p2a: Rhydon|75\/100 tox\n|\n|-heal|p1a: Iron Valiant|100\/100|[from] Grassy Terrain\n|-heal|p2a: Rhydon|81\/100 tox|[from] Grassy Terrain\n|-damage|p2a: Rhydon|75\/100 tox|[from] psn\n|upkeep\n|turn|13\n|\n|t:|1700528473\n|-end|p1a: Iron Valiant|Quark Drive|[silent]\n|switch|p1a: Tapu Koko|Tapu Koko|9\/100\n|-damage|p1a: Tapu Koko|0 fnt|[from] Stealth Rock\n|faint|p1a: Tapu Koko\n|move|p2a: Rhydon|Earthquake|p1: Tapu Koko|[notarget]\n|-fail|p2a: Rhydon\n|\n|-heal|p2a: Rhydon|81\/100 tox|[from] Grassy Terrain\n|-damage|p2a: Rhydon|69\/100 tox|[from] psn\n|upkeep\n|\n|t:|1700528474\n|switch|p1a: Xurkitree|Xurkitree|100\/100\n|-damage|p1a: Xurkitree|88\/100|[from] Stealth Rock\n|turn|14\n|\n|t:|1700528477\n|move|p1a: Xurkitree|Energy Ball|p2a: Rhydon\n|-supereffective|p2a: Rhydon\n|-damage|p2a: Rhydon|0 fnt\n|faint|p2a: Rhydon\n|-ability|p1a: Xurkitree|Beast Boost|boost\n|-boost|p1a: Xurkitree|spa|1\n|\n|-heal|p1a: Xurkitree|94\/100|[from] Grassy Terrain\n|upkeep\n|\n|t:|1700528481\n|switch|p2a: Ninetales|Ninetales, M, shiny, tera:Fire|71\/100\n|-weather|SunnyDay|[from] ability: Drought|[of] p2a: Ninetales\n|turn|15\n|\n|t:|1700528482\n|move|p2a: Ninetales|Weather Ball|p1a: Xurkitree\n|-damage|p1a: Xurkitree|0 fnt\n|faint|p1a: Xurkitree\n|\n|-weather|SunnyDay|[upkeep]\n|-heal|p2a: Ninetales|76\/100|[from] Grassy Terrain\n|-fieldend|move: Grassy Terrain\n|upkeep\n|\n|t:|1700528483\n|switch|p1a: Iron Valiant|Iron Valiant|100\/100\n|-damage|p1a: Iron Valiant|94\/100|[from] Stealth Rock\n|turn|16\n|\n|t:|1700528487\n|move|p2a: Ninetales|Weather Ball|p1a: Iron Valiant\n|-damage|p1a: Iron Valiant|0 fnt\n|faint|p1a: Iron Valiant\n|-end|p1a: Iron Valiant|Quark Drive|[silent]\n|\n|win|Sirrawrz\n|raw|Klawf Up A Lung's rating: 1526 &rarr; <strong>1506<\/strong><br \/>(-20 for losing)\n|raw|Sirrawrz's rating: 1523 &rarr; <strong>1543<\/strong><br \/>(+20 for winning)\n|c|\u2606Klawf Up A Lung|Gg\n|c|\u2606Sirrawrz|gg\n","uploadtime":1700528496,"views":9,"p1id":"klawfupalung","p2id":"sirrawrz","formatid":"gen9nationaldex","rating":1506,"private":0,"password":""}