{"id":"gen9nationaldex-1987749871","p1":"LimeyAce","p2":"the frost guy","format":"[Gen 9] National Dex","log":"|j|\u2606LimeyAce\n|j|\u2606the frost guy\n|t:|1699633494\n|gametype|singles\n|player|p1|LimeyAce|iris|1188\n|player|p2|the frost guy|birdkeeper-gen4dp|1194\n|teamsize|p1|6\n|teamsize|p2|6\n|gen|9\n|tier|[Gen 9] National Dex\n|rated|\n|rule|HP Percentage Mod: HP is shown in percentages\n|rule|Endless Battle Clause: Forcing endless battles is banned\n|rule|OHKO Clause: OHKO moves are banned\n|rule|Evasion Clause: Evasion abilities, items, and moves are banned\n|rule|Evasion Abilities Clause: Evasion abilities are banned\n|rule|Evasion Items Clause: Evasion items are banned\n|rule|Evasion Moves Clause: Evasion moves are banned\n|rule|Species Clause: Limit one of each Pok\u00e9mon\n|rule|Sleep Clause Mod: Limit one foe put to sleep\n|clearpoke\n|poke|p1|Galvantula, F|\n|poke|p1|Slurpuff, F|\n|poke|p1|Skeledirge, M|\n|poke|p1|Feraligatr, M|\n|poke|p1|Great Tusk|\n|poke|p1|Meowscarada, F|\n|poke|p2|Snorlax, M|\n|poke|p2|Drapion, F|\n|poke|p2|Porygon-Z|\n|poke|p2|Rapidash, F|\n|poke|p2|Togekiss, M|\n|poke|p2|Aggron, F|\n|teampreview\n|\n|t:|1699633511\n|start\n|switch|p1a: Slurpie|Slurpuff, F|100\/100\n|switch|p2a: Aggron|Aggron, F|100\/100\n|turn|1\n|\n|t:|1699633517\n|move|p1a: Slurpie|Sticky Web|p2a: Aggron\n|-sidestart|p2: the frost guy|move: Sticky Web\n|move|p2a: Aggron|Stealth Rock|p1a: Slurpie\n|-sidestart|p1: LimeyAce|move: Stealth Rock\n|\n|upkeep\n|turn|2\n|\n|t:|1699633526\n|move|p1a: Slurpie|Covet|p2a: Aggron\n|-resisted|p2a: Aggron\n|-damage|p2a: Aggron|99\/100\n|move|p2a: Aggron|Heavy Slam|p1a: Slurpie\n|-supereffective|p1a: Slurpie\n|-damage|p1a: Slurpie|2\/100\n|\n|upkeep\n|turn|3\n|\n|t:|1699633539\n|move|p1a: Slurpie|Dazzling Gleam|p2a: Aggron\n|-resisted|p2a: Aggron\n|-damage|p2a: Aggron|80\/100\n|move|p2a: Aggron|Heavy Slam|p1a: Slurpie\n|-supereffective|p1a: Slurpie\n|-damage|p1a: Slurpie|0 fnt\n|faint|p1a: Slurpie\n|\n|upkeep\n|\n|t:|1699633547\n|switch|p1a: Barbarian|Great Tusk|100\/100\n|-damage|p1a: Barbarian|98\/100|[from] Stealth Rock\n|turn|4\n|\n|t:|1699633557\n|detailschange|p2a: Aggron|Aggron-Mega, F\n|-mega|p2a: Aggron|Aggron|Aggronite\n|move|p1a: Barbarian|Rapid Spin|p2a: Aggron\n|-resisted|p2a: Aggron\n|-damage|p2a: Aggron|76\/100\n|-boost|p1a: Barbarian|spe|1\n|-sideend|p1: LimeyAce|Stealth Rock|[from] move: Rapid Spin|[of] p1a: Barbarian\n|move|p2a: Aggron|Body Press|p1a: Barbarian\n|-damage|p1a: Barbarian|74\/100\n|\n|upkeep\n|turn|5\n|\n|t:|1699633568\n|move|p1a: Barbarian|Earthquake|p2a: Aggron\n|-supereffective|p2a: Aggron\n|-crit|p2a: Aggron\n|-damage|p2a: Aggron|15\/100\n|move|p2a: Aggron|Body Press|p1a: Barbarian\n|-damage|p1a: Barbarian|49\/100\n|\n|upkeep\n|turn|6\n|\n|t:|1699633575\n|switch|p2a: Togekiss|Togekiss, M|100\/100\n|move|p1a: Barbarian|Earthquake|p2a: Togekiss\n|-immune|p2a: Togekiss\n|\n|upkeep\n|turn|7\n|\n|t:|1699633592\n|-terastallize|p2a: Togekiss|Fairy\n|move|p1a: Barbarian|Ice Spinner|p2a: Togekiss\n|-damage|p2a: Togekiss|65\/100\n|move|p2a: Togekiss|Nasty Plot|p2a: Togekiss\n|-boost|p2a: Togekiss|spa|2\n|\n|upkeep\n|turn|8\n|\n|t:|1699633605\n|move|p1a: Barbarian|Ice Spinner|p2a: Togekiss\n|-damage|p2a: Togekiss|32\/100\n|move|p2a: Togekiss|Roost|p2a: Togekiss\n|-heal|p2a: Togekiss|82\/100\n|\n|upkeep\n|turn|9\n|\n|t:|1699633611\n|move|p1a: Barbarian|Earthquake|p2a: Togekiss\n|-damage|p2a: Togekiss|16\/100\n|move|p2a: Togekiss|Dazzling Gleam|p1a: Barbarian\n|-supereffective|p1a: Barbarian\n|-crit|p1a: Barbarian\n|-damage|p1a: Barbarian|0 fnt\n|faint|p1a: Barbarian\n|-end|p1a: Barbarian|Protosynthesis|[silent]\n|\n|upkeep\n|\n|t:|1699633624\n|switch|p1a: Joltz|Galvantula, F|100\/100\n|turn|10\n|\n|t:|1699633635\n|move|p1a: Joltz|Thunder|p2a: Togekiss\n|-damage|p2a: Togekiss|0 fnt\n|faint|p2a: Togekiss\n|\n|upkeep\n|\n|t:|1699633645\n|switch|p2a: Rapidash|Rapidash, F|100\/100\n|-activate|p2a: Rapidash|move: Sticky Web\n|-unboost|p2a: Rapidash|spe|1\n|turn|11\n|\n|t:|1699633650\n|move|p1a: Joltz|Thunder|p2a: Rapidash\n|-damage|p2a: Rapidash|0 fnt\n|faint|p2a: Rapidash\n|\n|upkeep\n|\n|t:|1699633672\n|switch|p2a: Porygon-Z|Porygon-Z|100\/100\n|-activate|p2a: Porygon-Z|move: Sticky Web\n|-unboost|p2a: Porygon-Z|spe|1\n|turn|12\n|\n|t:|1699633677\n|move|p1a: Joltz|Thunder|p2a: Porygon-Z\n|-damage|p2a: Porygon-Z|0 fnt\n|faint|p2a: Porygon-Z\n|\n|upkeep\n|\n|t:|1699633684\n|switch|p2a: Snorlax|Snorlax, M|100\/100\n|-activate|p2a: Snorlax|move: Sticky Web\n|-unboost|p2a: Snorlax|spe|1\n|turn|13\n|\n|t:|1699633694\n|switch|p1a: Sr Bite|Feraligatr, M|100\/100\n|move|p2a: Snorlax|Return|p1a: Sr Bite\n|-damage|p1a: Sr Bite|47\/100\n|\n|upkeep\n|turn|14\n|\n|t:|1699633701\n|move|p1a: Sr Bite|Liquidation|p2a: Snorlax\n|-damage|p2a: Snorlax|39\/100\n|move|p2a: Snorlax|Return|p1a: Sr Bite\n|-damage|p1a: Sr Bite|0 fnt\n|faint|p1a: Sr Bite\n|\n|-heal|p2a: Snorlax|45\/100|[from] item: Leftovers\n|upkeep\n|\n|t:|1699633705\n|switch|p1a: Netty|Meowscarada, F|100\/100\n|turn|15\n|\n|t:|1699633724\n|move|p1a: Netty|Flower Trick|p2a: Snorlax\n|-start|p1a: Netty|typechange|Grass|[from] ability: Protean\n|-crit|p2a: Snorlax\n|-damage|p2a: Snorlax|0 fnt\n|faint|p2a: Snorlax\n|\n|upkeep\n|\n|t:|1699633734\n|switch|p2a: Drapion|Drapion, F|100\/100\n|-activate|p2a: Drapion|move: Sticky Web\n|-unboost|p2a: Drapion|spe|1\n|turn|16\n|\n|t:|1699633740\n|move|p1a: Netty|Flower Trick|p2a: Drapion\n|-resisted|p2a: Drapion\n|-crit|p2a: Drapion\n|-damage|p2a: Drapion|58\/100\n|move|p2a: Drapion|Cross Poison|p1a: Netty\n|-supereffective|p1a: Netty\n|-damage|p1a: Netty|17\/100\n|\n|upkeep\n|turn|17\n|\n|t:|1699633747\n|move|p1a: Netty|Flower Trick|p2a: Drapion\n|-resisted|p2a: Drapion\n|-crit|p2a: Drapion\n|-damage|p2a: Drapion|12\/100\n|move|p2a: Drapion|Cross Poison|p1a: Netty\n|-supereffective|p1a: Netty\n|-damage|p1a: Netty|0 fnt\n|faint|p1a: Netty\n|\n|upkeep\n|\n|t:|1699633749\n|switch|p1a: Joltz|Galvantula, F|100\/100\n|turn|18\n|\n|t:|1699633766\n|move|p1a: Joltz|Volt Switch|p2a: Drapion\n|-damage|p2a: Drapion|0 fnt\n|faint|p2a: Drapion\n|\n|t:|1699633769\n|switch|p1a: Jalape\u00f1o|Skeledirge, M|100\/100|[from] Volt Switch\n|\n|upkeep\n|\n|t:|1699633772\n|switch|p2a: Aggron|Aggron-Mega, F|15\/100\n|-activate|p2a: Aggron|move: Sticky Web\n|-unboost|p2a: Aggron|spe|1\n|turn|19\n|\n|t:|1699633777\n|move|p1a: Jalape\u00f1o|Torch Song|p2a: Aggron\n|-supereffective|p2a: Aggron\n|-crit|p2a: Aggron\n|-damage|p2a: Aggron|0 fnt\n|-boost|p1a: Jalape\u00f1o|spa|1\n|faint|p2a: Aggron\n|\n|win|LimeyAce\n|raw|LimeyAce's rating: 1188 &rarr; <strong>1213<\/strong><br \/>(+25 for winning)\n|raw|the frost guy's rating: 1194 &rarr; <strong>1169<\/strong><br \/>(-25 for losing)\n|c|\u2606LimeyAce|Gg\n|c|\u2606the frost guy|gg\n","uploadtime":1699633786,"views":9,"p1id":"limeyace","p2id":"thefrostguy","formatid":"gen9nationaldex","rating":1169,"private":0,"password":""}