{"id":"gen9nationaldex-1999041116","p1":"Jam20Jam","p2":"PyroGaleZX","format":"[Gen 9] National Dex","log":"|html|<div class=\"broadcast-blue\"><strong>[Gen 9] National Dex is currently suspecting Sneasler! For information on how to participate check out the <a href=\"https:\/\/www.smogon.com\/forums\/threads\/sv-national-dex-suspect-8-just-dance.3731534\/\">suspect thread<\/a>.<\/strong><\/div>\n|j|\u2606Jam20Jam\n|j|\u2606PyroGaleZX\n|t:|1701026847\n|gametype|singles\n|player|p1|Jam20Jam|carmine|\n|player|p2|PyroGaleZX|grusha|\n|teamsize|p1|6\n|teamsize|p2|6\n|gen|9\n|tier|[Gen 9] National Dex\n|rule|HP Percentage Mod: HP is shown in percentages\n|rule|Endless Battle Clause: Forcing endless battles is banned\n|rule|OHKO Clause: OHKO moves are banned\n|rule|Evasion Clause: Evasion abilities, items, and moves are banned\n|rule|Evasion Abilities Clause: Evasion abilities are banned\n|rule|Evasion Items Clause: Evasion items are banned\n|rule|Evasion Moves Clause: Evasion moves are banned\n|rule|Species Clause: Limit one of each Pok\u00e9mon\n|rule|Sleep Clause Mod: Limit one foe put to sleep\n|clearpoke\n|poke|p1|Coalossal, M|\n|poke|p1|Veluza, F|\n|poke|p1|Cetitan, F|\n|poke|p1|Great Tusk|\n|poke|p1|Meditite, M|\n|poke|p1|Gengar, M|\n|poke|p2|Gyarados, F|\n|poke|p2|Arcanine, F|\n|poke|p2|Spiritomb, F|\n|poke|p2|Luxio, F|\n|poke|p2|Articuno-Galar|\n|poke|p2|Dragonite, M|\n|teampreview\n|\n|t:|1701026863\n|start\n|switch|p1a: SpanishInquisition|Coalossal, M|100\/100\n|switch|p2a: Water Gun|Gyarados, F|100\/100\n|-ability|p2a: Water Gun|Intimidate|boost\n|-unboost|p1a: SpanishInquisition|atk|1\n|turn|1\n|j| lunchbox5536\n|\n|t:|1701026889\n|switch|p2a: Mini Gun?|Luxio, F|100\/100\n|-ability|p2a: Mini Gun?|Intimidate|boost\n|-unboost|p1a: SpanishInquisition|atk|1\n|switch|p1a: Meditite|Meditite, M|100\/100\n|\n|upkeep\n|turn|2\n|\n|t:|1701026913\n|move|p1a: Meditite|Bulk Up|p1a: Meditite\n|-boost|p1a: Meditite|atk|1\n|-boost|p1a: Meditite|def|1\n|move|p2a: Mini Gun?|Thunder Wave|p1a: Meditite\n|-status|p1a: Meditite|par\n|\n|upkeep\n|turn|3\n|\n|t:|1701026940\n|switch|p2a: Not Gun|Spiritomb, F, shiny|100\/100\n|-ability|p2a: Not Gun|Pressure\n|move|p1a: Meditite|Bulk Up|p1a: Meditite\n|-boost|p1a: Meditite|atk|1\n|-boost|p1a: Meditite|def|1\n|\n|upkeep\n|turn|4\n|\n|t:|1701026952\n|move|p1a: Meditite|Trailblaze|p2a: Not Gun\n|-damage|p2a: Not Gun|60\/100\n|-boost|p1a: Meditite|spe|1\n|-damage|p1a: Meditite|84\/100 par|[from] item: Rocky Helmet|[of] p2a: Not Gun\n|move|p2a: Not Gun|Foul Play|p1a: Meditite\n|-damage|p1a: Meditite|32\/100 par\n|\n|upkeep\n|turn|5\n|\n|t:|1701026975\n|move|p1a: Meditite|Bullet Punch|p2a: Not Gun\n|-damage|p2a: Not Gun|18\/100\n|-damage|p1a: Meditite|15\/100 par|[from] item: Rocky Helmet|[of] p2a: Not Gun\n|move|p2a: Not Gun|Foul Play|p1a: Meditite\n|-damage|p1a: Meditite|0 fnt\n|faint|p1a: Meditite\n|\n|upkeep\n|\n|t:|1701026983\n|switch|p1a: Gengar|Gengar, M|100\/100\n|turn|6\n|\n|t:|1701026993\n|move|p1a: Gengar|Encore|p2a: Not Gun\n|-start|p2a: Not Gun|Encore\n|move|p2a: Not Gun|Foul Play|p1a: Gengar\n|-supereffective|p1a: Gengar\n|-damage|p1a: Gengar|0 fnt\n|-start|p2a: Not Gun|Disable|Foul Play|[from] ability: Cursed Body|[of] p1a: Gengar\n|faint|p1a: Gengar\n|\n|upkeep\n|\n|t:|1701027013\n|switch|p1a: I BELIVE|Cetitan, F|100\/100\n|turn|7\n|\n|t:|1701027023\n|move|p1a: I BELIVE|Belly Drum|p1a: I BELIVE\n|-damage|p1a: I BELIVE|51\/100\n|-setboost|p1a: I BELIVE|atk|6|[from] move: Belly Drum\n|-activate|p2a: Not Gun|move: Struggle\n|move|p2a: Not Gun|Struggle|p1a: I BELIVE\n|-damage|p1a: I BELIVE|43\/100\n|-enditem|p1a: I BELIVE|Sitrus Berry|[eat]\n|-heal|p1a: I BELIVE|68\/100|[from] item: Sitrus Berry\n|-damage|p2a: Not Gun|0 fnt|[from] recoil\n|faint|p2a: Not Gun\n|\n|upkeep\n|\n|t:|1701027025\n|switch|p2a: Shameful Gun|Arcanine, F|100\/100\n|-ability|p2a: Shameful Gun|Intimidate|boost\n|-unboost|p1a: I BELIVE|atk|1\n|turn|8\n|\n|t:|1701027049\n|-terastallize|p1a: I BELIVE|Flying\n|move|p2a: Shameful Gun|Flare Blitz|p1a: I BELIVE\n|-damage|p1a: I BELIVE|22\/100\n|-status|p1a: I BELIVE|brn\n|-damage|p2a: Shameful Gun|75\/100|[from] Recoil\n|move|p1a: I BELIVE|Earthquake|p2a: Shameful Gun\n|-supereffective|p2a: Shameful Gun\n|-damage|p2a: Shameful Gun|0 fnt\n|faint|p2a: Shameful Gun\n|\n|-damage|p1a: I BELIVE|16\/100 brn|[from] brn\n|upkeep\n|\n|t:|1701027061\n|switch|p2a: Mini Gun?|Luxio, F|100\/100\n|-ability|p2a: Mini Gun?|Intimidate|boost\n|-unboost|p1a: I BELIVE|atk|1\n|turn|9\n|\n|t:|1701027069\n|switch|p2a: Water Gun|Gyarados, F|100\/100\n|-ability|p2a: Water Gun|Intimidate|boost\n|-unboost|p1a: I BELIVE|atk|1\n|move|p1a: I BELIVE|Ice Shard|p2a: Water Gun\n|-damage|p2a: Water Gun|65\/100\n|\n|-damage|p1a: I BELIVE|10\/100 brn|[from] brn\n|upkeep\n|turn|10\n|\n|t:|1701027078\n|switch|p2a: Mini Gun?|Luxio, F|100\/100\n|-ability|p2a: Mini Gun?|Intimidate|boost\n|-unboost|p1a: I BELIVE|atk|1\n|move|p1a: I BELIVE|Ice Shard|p2a: Mini Gun?\n|-damage|p2a: Mini Gun?|83\/100\n|\n|-damage|p1a: I BELIVE|4\/100 brn|[from] brn\n|upkeep\n|turn|11\n|\n|t:|1701027099\n|move|p1a: I BELIVE|Icicle Crash|p2a: Mini Gun?\n|-damage|p2a: Mini Gun?|46\/100\n|move|p2a: Mini Gun?|Volt Switch|p1a: I BELIVE\n|-supereffective|p1a: I BELIVE\n|-damage|p1a: I BELIVE|0 fnt\n|faint|p1a: I BELIVE\n|j| tbor2002\n|\n|t:|1701027106\n|switch|p2a: Other Gun|Articuno-Galar|100\/100|[from] Volt Switch\n|\n|upkeep\n|\n|t:|1701027111\n|switch|p1a: Veluza|Veluza, F|100\/100\n|-ability|p1a: Veluza|Mold Breaker\n|turn|12\n|\n|t:|1701027123\n|switch|p2a: Mini Gun?|Luxio, F|46\/100\n|-ability|p2a: Mini Gun?|Intimidate|boost\n|-unboost|p1a: Veluza|atk|1\n|move|p1a: Veluza|Ice Beam|p2a: Mini Gun?\n|-damage|p2a: Mini Gun?|23\/100\n|-status|p2a: Mini Gun?|frz\n|\n|upkeep\n|turn|13\n|\n|t:|1701027138\n|switch|p1a: Great Tusk|Great Tusk|100\/100\n|-enditem|p1a: Great Tusk|Booster Energy\n|-activate|p1a: Great Tusk|ability: Protosynthesis|[fromitem]\n|-start|p1a: Great Tusk|protosynthesisatk\n|-curestatus|p2a: Mini Gun?|frz|[msg]\n|move|p2a: Mini Gun?|Volt Switch|p1a: Great Tusk\n|-immune|p1a: Great Tusk\n|\n|upkeep\n|turn|14\n|\n|t:|1701027154\n|switch|p2a: Water Gun|Gyarados, F|65\/100\n|-ability|p2a: Water Gun|Intimidate|boost\n|-unboost|p1a: Great Tusk|atk|1\n|move|p1a: Great Tusk|Megahorn|p2a: Water Gun\n|-resisted|p2a: Water Gun\n|-damage|p2a: Water Gun|40\/100\n|\n|upkeep\n|turn|15\n|\n|t:|1701027164\n|move|p1a: Great Tusk|Ice Spinner|p2a: Water Gun\n|-damage|p2a: Water Gun|8\/100\n|move|p2a: Water Gun|Dragon Dance|p2a: Water Gun\n|-boost|p2a: Water Gun|atk|1\n|-boost|p2a: Water Gun|spe|1\n|\n|upkeep\n|turn|16\n|\n|t:|1701027170\n|move|p2a: Water Gun|Waterfall|p1a: Great Tusk\n|-supereffective|p1a: Great Tusk\n|-damage|p1a: Great Tusk|0 fnt\n|faint|p1a: Great Tusk\n|-end|p1a: Great Tusk|Protosynthesis|[silent]\n|-damage|p2a: Water Gun|0 fnt|[from] item: Life Orb\n|faint|p2a: Water Gun\n|\n|upkeep\n|\n|t:|1701027177\n|switch|p1a: Veluza|Veluza, F|100\/100\n|switch|p2a: Gun|Dragonite, M|100\/100\n|-ability|p1a: Veluza|Mold Breaker\n|turn|17\n|\n|t:|1701027202\n|-terastallize|p2a: Gun|Normal\n|move|p1a: Veluza|Ice Beam|p2a: Gun\n|-damage|p2a: Gun|76\/100\n|move|p2a: Gun|Dragon Dance|p2a: Gun\n|-boost|p2a: Gun|atk|1\n|-boost|p2a: Gun|spe|1\n|\n|upkeep\n|turn|18\n|\n|t:|1701027214\n|move|p2a: Gun|Scale Shot|p1a: Veluza\n|-damage|p1a: Veluza|72\/100\n|-damage|p1a: Veluza|43\/100\n|-damage|p1a: Veluza|14\/100\n|-damage|p1a: Veluza|0 fnt\n|faint|p1a: Veluza\n|-hitcount|p1: Veluza|4\n|-unboost|p2a: Gun|def|1\n|-boost|p2a: Gun|spe|1\n|\n|upkeep\n|\n|t:|1701027224\n|switch|p1a: SpanishInquisition|Coalossal, M|100\/100\n|turn|19\n|\n|t:|1701027235\n|move|p2a: Gun|Earthquake|p1a: SpanishInquisition\n|-supereffective|p1a: SpanishInquisition\n|-damage|p1a: SpanishInquisition|0 fnt\n|faint|p1a: SpanishInquisition\n|\n|win|PyroGaleZX\n","uploadtime":1701027238,"views":1,"p1id":"jam20jam","p2id":"pyrogalezx","formatid":"gen9nationaldex","rating":0,"private":0,"password":""}