{"id":"gen9nationaldex-1988775256","p1":"MelodiousBlitz","p2":"Fallout 3 Enjoyer","format":"[Gen 9] National Dex","log":"|j|\u2606MelodiousBlitz\n|j|\u2606Fallout 3 Enjoyer\n|t:|1699761519\n|gametype|singles\n|player|p1|MelodiousBlitz|eusine|1297\n|player|p2|Fallout 3 Enjoyer|acetrainerf|1263\n|teamsize|p1|6\n|teamsize|p2|6\n|gen|9\n|tier|[Gen 9] National Dex\n|rated|\n|rule|HP Percentage Mod: HP is shown in percentages\n|rule|Endless Battle Clause: Forcing endless battles is banned\n|rule|OHKO Clause: OHKO moves are banned\n|rule|Evasion Clause: Evasion abilities, items, and moves are banned\n|rule|Evasion Abilities Clause: Evasion abilities are banned\n|rule|Evasion Items Clause: Evasion items are banned\n|rule|Evasion Moves Clause: Evasion moves are banned\n|rule|Species Clause: Limit one of each Pok\u00e9mon\n|rule|Sleep Clause Mod: Limit one foe put to sleep\n|clearpoke\n|poke|p1|Lopunny, F|\n|poke|p1|Cinderace, M|\n|poke|p1|Gliscor, M|\n|poke|p1|Togekiss, F|\n|poke|p1|Dragonite, M|\n|poke|p1|Tapu Koko|\n|poke|p2|Clodsire, F|\n|poke|p2|Bellibolt, F|\n|poke|p2|Politoed, F|\n|poke|p2|Poliwrath, M|\n|poke|p2|Swampert, F|\n|poke|p2|Toxicroak, M|\n|teampreview\n|inactive|Battle timer is ON: inactive players will automatically lose when time's up. (requested by Fallout 3 Enjoyer)\n|\n|t:|1699761532\n|start\n|switch|p1a: Pel\u00e9|Gliscor, M, shiny|100\/100\n|switch|p2a: Damp Frog|Politoed, F, shiny|100\/100\n|-weather|RainDance|[from] ability: Drizzle|[of] p2a: Damp Frog\n|turn|1\n|\n|t:|1699761537\n|switch|p2a: Poison Frog|Toxicroak, M|100\/100\n|move|p1a: Pel\u00e9|Roost||[still]\n|-fail|p1a: Pel\u00e9|heal\n|\n|-weather|RainDance|[upkeep]\n|-status|p1a: Pel\u00e9|tox|[from] item: Toxic Orb\n|upkeep\n|turn|2\n|\n|t:|1699761541\n|move|p2a: Poison Frog|Fake Out|p1a: Pel\u00e9\n|-damage|p1a: Pel\u00e9|89\/100 tox\n|cant|p1a: Pel\u00e9|flinch\n|\n|-weather|RainDance|[upkeep]\n|-heal|p1a: Pel\u00e9|100\/100 tox|[from] ability: Poison Heal\n|upkeep\n|turn|3\n|\n|t:|1699761546\n|move|p2a: Poison Frog|Ice Punch|p1a: Pel\u00e9\n|-supereffective|p1a: Pel\u00e9\n|-damage|p1a: Pel\u00e9|27\/100 tox\n|move|p1a: Pel\u00e9|Earthquake|p2a: Poison Frog\n|-supereffective|p2a: Poison Frog\n|-damage|p2a: Poison Frog|0 fnt\n|faint|p2a: Poison Frog\n|\n|-weather|RainDance|[upkeep]\n|-heal|p1a: Pel\u00e9|39\/100 tox|[from] ability: Poison Heal\n|upkeep\n|\n|t:|1699761554\n|switch|p2a: Roid Frog|Swampert, F|100\/100\n|turn|4\n|\n|t:|1699761568\n|switch|p1a: Togekiss|Togekiss, F, shiny|100\/100\n|detailschange|p2a: Roid Frog|Swampert-Mega, F\n|-mega|p2a: Roid Frog|Swampert|Swampertite\n|move|p2a: Roid Frog|Liquidation|p1a: Togekiss\n|-damage|p1a: Togekiss|7\/100\n|\n|-weather|RainDance|[upkeep]\n|upkeep\n|turn|5\n|\n|t:|1699761575\n|move|p2a: Roid Frog|Liquidation|p1a: Togekiss\n|-damage|p1a: Togekiss|0 fnt\n|faint|p1a: Togekiss\n|\n|-weather|RainDance|[upkeep]\n|upkeep\n|\n|t:|1699761581\n|switch|p1a: Lopunny|Lopunny, F, shiny|100\/100\n|turn|6\n|\n|t:|1699761583\n|detailschange|p1a: Lopunny|Lopunny-Mega, F, shiny\n|-mega|p1a: Lopunny|Lopunny|Lopunnite\n|move|p1a: Lopunny|Fake Out|p2a: Roid Frog\n|-damage|p2a: Roid Frog|80\/100\n|cant|p2a: Roid Frog|flinch\n|\n|-weather|RainDance|[upkeep]\n|upkeep\n|turn|7\n|\n|t:|1699761603\n|switch|p1a: Pel\u00e9|Gliscor, M, shiny|39\/100 tox\n|move|p2a: Roid Frog|Liquidation|p1a: Pel\u00e9\n|-supereffective|p1a: Pel\u00e9\n|-damage|p1a: Pel\u00e9|0 fnt\n|faint|p1a: Pel\u00e9\n|\n|-weather|RainDance|[upkeep]\n|upkeep\n|\n|t:|1699761608\n|switch|p1a: Vitreos|Dragonite, M, shiny|100\/100\n|turn|8\n|\n|t:|1699761613\n|move|p2a: Roid Frog|Flip Turn|p1a: Vitreos\n|-resisted|p1a: Vitreos\n|-damage|p1a: Vitreos|84\/100\n|\n|t:|1699761617\n|switch|p2a: Damp Frog|Politoed, F, shiny|100\/100|[from] Flip Turn\n|move|p1a: Vitreos|Dragon Dance|p1a: Vitreos\n|-boost|p1a: Vitreos|atk|1\n|-boost|p1a: Vitreos|spe|1\n|\n|-weather|none\n|upkeep\n|turn|9\n|\n|t:|1699761624\n|switch|p2a: Charge Frog|Bellibolt, F|100\/100\n|-terastallize|p1a: Vitreos|Normal\n|move|p1a: Vitreos|Extreme Speed|p2a: Charge Frog\n|-damage|p2a: Charge Frog|57\/100\n|-start|p2a: Charge Frog|Charge|Extreme Speed|[from] ability: Electromorphosis\n|\n|-heal|p2a: Charge Frog|63\/100|[from] item: Leftovers\n|upkeep\n|turn|10\n|\n|t:|1699761627\n|move|p1a: Vitreos|Earthquake|p2a: Charge Frog\n|-supereffective|p2a: Charge Frog\n|-damage|p2a: Charge Frog|0 fnt\n|faint|p2a: Charge Frog\n|\n|upkeep\n|\n|t:|1699761631\n|switch|p2a: Damp Frog|Politoed, F, shiny|100\/100\n|-weather|RainDance|[from] ability: Drizzle|[of] p2a: Damp Frog\n|turn|11\n|\n|t:|1699761638\n|move|p1a: Vitreos|Extreme Speed|p2a: Damp Frog\n|-damage|p2a: Damp Frog|19\/100\n|move|p2a: Damp Frog|Ice Beam|p1a: Vitreos\n|-damage|p1a: Vitreos|61\/100\n|\n|-weather|RainDance|[upkeep]\n|upkeep\n|turn|12\n|\n|t:|1699761641\n|move|p1a: Vitreos|Earthquake|p2a: Damp Frog\n|-damage|p2a: Damp Frog|0 fnt\n|faint|p2a: Damp Frog\n|\n|-weather|RainDance|[upkeep]\n|upkeep\n|\n|t:|1699761643\n|switch|p2a: Roid Frog|Swampert-Mega, F|80\/100\n|turn|13\n|\n|t:|1699761647\n|move|p1a: Vitreos|Extreme Speed|p2a: Roid Frog\n|-damage|p2a: Roid Frog|18\/100\n|move|p2a: Roid Frog|Liquidation|p1a: Vitreos\n|-damage|p1a: Vitreos|0 fnt\n|faint|p1a: Vitreos\n|\n|-weather|RainDance|[upkeep]\n|upkeep\n|\n|t:|1699761652\n|switch|p1a: Lopunny|Lopunny-Mega, F, shiny|100\/100\n|turn|14\n|\n|t:|1699761654\n|move|p1a: Lopunny|Fake Out|p2a: Roid Frog\n|-damage|p2a: Roid Frog|0 fnt\n|faint|p2a: Roid Frog\n|\n|-weather|RainDance|[upkeep]\n|upkeep\n|\n|t:|1699761656\n|switch|p2a: Froggy Fist|Poliwrath, M|100\/100\n|turn|15\n|\n|t:|1699761661\n|move|p2a: Froggy Fist|Waterfall|p1a: Lopunny\n|-damage|p1a: Lopunny|9\/100\n|-damage|p2a: Froggy Fist|91\/100|[from] item: Life Orb\n|move|p1a: Lopunny|Return|p2a: Froggy Fist\n|-damage|p2a: Froggy Fist|29\/100\n|\n|-weather|RainDance|[upkeep]\n|upkeep\n|turn|16\n|\n|t:|1699761667\n|move|p2a: Froggy Fist|Waterfall|p1a: Lopunny\n|-damage|p1a: Lopunny|0 fnt\n|faint|p1a: Lopunny\n|-damage|p2a: Froggy Fist|19\/100|[from] item: Life Orb\n|\n|-weather|RainDance|[upkeep]\n|upkeep\n|\n|t:|1699761669\n|switch|p1a: Thierry|Cinderace, M, shiny|100\/100\n|turn|17\n|\n|t:|1699761673\n|move|p1a: Thierry|Sucker Punch|p2a: Froggy Fist\n|-start|p1a: Thierry|typechange|Dark|[from] ability: Libero\n|-resisted|p2a: Froggy Fist\n|-damage|p2a: Froggy Fist|0 fnt\n|faint|p2a: Froggy Fist\n|\n|-weather|RainDance|[upkeep]\n|upkeep\n|\n|t:|1699761676\n|switch|p2a: Chunky Frog|Clodsire, F|100\/100\n|turn|18\n|\n|t:|1699761684\n|move|p1a: Thierry|Sucker Punch||[still]\n|-fail|p1a: Thierry\n|move|p2a: Chunky Frog|Curse|p2a: Chunky Frog\n|-unboost|p2a: Chunky Frog|spe|1\n|-boost|p2a: Chunky Frog|atk|1\n|-boost|p2a: Chunky Frog|def|1\n|\n|-weather|none\n|upkeep\n|turn|19\n|\n|t:|1699761686\n|move|p1a: Thierry|Pyro Ball|p2a: Chunky Frog\n|-crit|p2a: Chunky Frog\n|-damage|p2a: Chunky Frog|56\/100\n|move|p2a: Chunky Frog|Curse|p2a: Chunky Frog\n|-unboost|p2a: Chunky Frog|spe|1\n|-boost|p2a: Chunky Frog|atk|1\n|-boost|p2a: Chunky Frog|def|1\n|\n|-heal|p2a: Chunky Frog|62\/100|[from] item: Black Sludge\n|upkeep\n|turn|20\n|\n|t:|1699761690\n|move|p1a: Thierry|High Jump Kick|p2a: Chunky Frog\n|-resisted|p2a: Chunky Frog\n|-damage|p2a: Chunky Frog|55\/100\n|move|p2a: Chunky Frog|Earthquake|p1a: Thierry\n|-damage|p1a: Thierry|19\/100\n|\n|-heal|p2a: Chunky Frog|61\/100|[from] item: Black Sludge\n|upkeep\n|turn|21\n|\n|t:|1699761694\n|move|p1a: Thierry|Pyro Ball|p2a: Chunky Frog|[miss]\n|-miss|p1a: Thierry|p2a: Chunky Frog\n|move|p2a: Chunky Frog|Earthquake|p1a: Thierry\n|-damage|p1a: Thierry|0 fnt\n|faint|p1a: Thierry\n|\n|-heal|p2a: Chunky Frog|68\/100|[from] item: Black Sludge\n|upkeep\n|\n|t:|1699761697\n|switch|p1a: Ronaldo|Tapu Koko, shiny|100\/100\n|-fieldstart|move: Electric Terrain|[from] ability: Electric Surge|[of] p1a: Ronaldo\n|turn|22\n|\n|t:|1699761701\n|-terastallize|p2a: Chunky Frog|Poison\n|move|p1a: Ronaldo|Hidden Power|p2a: Chunky Frog\n|-damage|p2a: Chunky Frog|55\/100\n|move|p2a: Chunky Frog|Gunk Shot|p1a: Ronaldo\n|-supereffective|p1a: Ronaldo\n|-damage|p1a: Ronaldo|0 fnt\n|faint|p1a: Ronaldo\n|\n|win|Fallout 3 Enjoyer\n|raw|MelodiousBlitz's rating: 1297 &rarr; <strong>1270<\/strong><br \/>(-27 for losing)\n|raw|Fallout 3 Enjoyer's rating: 1263 &rarr; <strong>1290<\/strong><br \/>(+27 for winning)\n|c|\u2606MelodiousBlitz|gg\n|c|\u2606Fallout 3 Enjoyer|gg\n","uploadtime":1699761710,"views":4,"p1id":"melodiousblitz","p2id":"fallout3enjoyer","formatid":"gen9nationaldex","rating":1270,"private":0,"password":""}