{"id":"gen9nationaldex-1989298962","p1":"SaschaCara","p2":"Kaleidoscopic Core","format":"[Gen 9] National Dex","log":"|j|\u2606SaschaCara\n|j|\u2606Kaleidoscopic Core\n|t:|1699833491\n|gametype|singles\n|player|p1|SaschaCara|youngster-gen4dp|1217\n|player|p2|Kaleidoscopic Core|blaine|1296\n|teamsize|p1|6\n|teamsize|p2|6\n|gen|9\n|tier|[Gen 9] National Dex\n|rated|\n|rule|HP Percentage Mod: HP is shown in percentages\n|rule|Endless Battle Clause: Forcing endless battles is banned\n|rule|OHKO Clause: OHKO moves are banned\n|rule|Evasion Clause: Evasion abilities, items, and moves are banned\n|rule|Evasion Abilities Clause: Evasion abilities are banned\n|rule|Evasion Items Clause: Evasion items are banned\n|rule|Evasion Moves Clause: Evasion moves are banned\n|rule|Species Clause: Limit one of each Pok\u00e9mon\n|rule|Sleep Clause Mod: Limit one foe put to sleep\n|clearpoke\n|poke|p1|Jynx, F|\n|poke|p1|Tapu Koko|\n|poke|p1|Lopunny, M|\n|poke|p1|Landorus-Therian, M|\n|poke|p1|Ferrothorn, F|\n|poke|p1|Hoopa-Unbound|\n|poke|p2|Toucannon, F|\n|poke|p2|Deoxys-Defense|\n|poke|p2|Kartana|\n|poke|p2|Tyranitar, M|\n|poke|p2|Skarmory, M|\n|poke|p2|Kleavor, M|\n|teampreview\n|\n|t:|1699833500\n|start\n|switch|p1a: Tapu Koko|Tapu Koko|100\/100\n|switch|p2a: Toucannon|Toucannon, F|100\/100\n|-fieldstart|move: Electric Terrain|[from] ability: Electric Surge|[of] p1a: Tapu Koko\n|turn|1\n|\n|t:|1699833517\n|switch|p2a: Tyranitar|Tyranitar, M|100\/100\n|-weather|Sandstorm|[from] ability: Sand Stream|[of] p2a: Tyranitar\n|move|p1a: Tapu Koko|Wild Charge|p2a: Tyranitar\n|-damage|p2a: Tyranitar|57\/100\n|-damage|p1a: Tapu Koko|85\/100|[from] Recoil\n|\n|-weather|Sandstorm|[upkeep]\n|-damage|p1a: Tapu Koko|79\/100|[from] Sandstorm\n|upkeep\n|turn|2\n|\n|t:|1699833527\n|-zpower|p1a: Tapu Koko\n|move|p1a: Tapu Koko|Gigavolt Havoc|p2a: Tyranitar|[zeffect]\n|-damage|p2a: Tyranitar|0 fnt\n|faint|p2a: Tyranitar\n|\n|-weather|Sandstorm|[upkeep]\n|-damage|p1a: Tapu Koko|73\/100|[from] Sandstorm\n|upkeep\n|\n|t:|1699833541\n|switch|p2a: Kleavor|Kleavor, M|100\/100\n|turn|3\n|\n|t:|1699833554\n|move|p1a: Tapu Koko|Wild Charge|p2a: Kleavor\n|-damage|p2a: Kleavor|24\/100\n|-damage|p1a: Tapu Koko|54\/100|[from] Recoil\n|move|p2a: Kleavor|Stone Axe|p1a: Tapu Koko|[miss]\n|-miss|p2a: Kleavor|p1a: Tapu Koko\n|\n|-weather|Sandstorm|[upkeep]\n|-damage|p1a: Tapu Koko|47\/100|[from] Sandstorm\n|upkeep\n|turn|4\n|\n|t:|1699833562\n|move|p1a: Tapu Koko|Wild Charge|p2a: Kleavor\n|-damage|p2a: Kleavor|0 fnt\n|faint|p2a: Kleavor\n|-damage|p1a: Tapu Koko|41\/100|[from] Recoil\n|\n|-weather|Sandstorm|[upkeep]\n|-damage|p1a: Tapu Koko|35\/100|[from] Sandstorm\n|upkeep\n|\n|t:|1699833566\n|switch|p2a: Deoxys|Deoxys-Defense|100\/100\n|-ability|p2a: Deoxys|Pressure\n|turn|5\n|\n|t:|1699833572\n|move|p1a: Tapu Koko|Taunt|p2a: Deoxys\n|-start|p2a: Deoxys|move: Taunt\n|cant|p2a: Deoxys|move: Taunt|Recover\n|\n|-weather|none\n|-fieldend|move: Electric Terrain\n|upkeep\n|turn|6\n|\n|t:|1699833576\n|move|p1a: Tapu Koko|U-turn|p2a: Deoxys\n|-supereffective|p2a: Deoxys\n|-damage|p2a: Deoxys|68\/100\n|\n|t:|1699833584\n|switch|p1a: Jynx|Jynx, F|100\/100|[from] U-turn\n|move|p2a: Deoxys|Psychic|p1a: Jynx\n|-resisted|p1a: Jynx\n|-damage|p1a: Jynx|76\/100\n|\n|-heal|p2a: Deoxys|74\/100|[from] item: Leftovers\n|upkeep\n|turn|7\n|\n|t:|1699833591\n|move|p1a: Jynx|Lovely Kiss|p2a: Deoxys\n|-status|p2a: Deoxys|slp|[from] move: Lovely Kiss\n|cant|p2a: Deoxys|slp\n|\n|-heal|p2a: Deoxys|80\/100 slp|[from] item: Leftovers\n|-end|p2a: Deoxys|move: Taunt\n|upkeep\n|turn|8\n|\n|t:|1699833603\n|switch|p1a: Landorus|Landorus-Therian, M|100\/100\n|-ability|p1a: Landorus|Intimidate|boost\n|-unboost|p2a: Deoxys|atk|1\n|cant|p2a: Deoxys|slp\n|\n|-heal|p2a: Deoxys|86\/100 slp|[from] item: Leftovers\n|upkeep\n|turn|9\n|\n|t:|1699833610\n|move|p1a: Landorus|Swords Dance|p1a: Landorus\n|-boost|p1a: Landorus|atk|2\n|cant|p2a: Deoxys|slp\n|\n|-heal|p2a: Deoxys|93\/100 slp|[from] item: Leftovers\n|upkeep\n|turn|10\n|\n|t:|1699833644\n|-terastallize|p1a: Landorus|Ground\n|move|p1a: Landorus|Earthquake|p2a: Deoxys\n|-damage|p2a: Deoxys|0 fnt\n|faint|p2a: Deoxys\n|\n|upkeep\n|\n|t:|1699833652\n|switch|p2a: Skarmory|Skarmory, M|100\/100\n|turn|11\n|\n|t:|1699833656\n|move|p1a: Landorus|Smack Down|p2a: Skarmory\n|-damage|p2a: Skarmory|74\/100\n|-start|p2a: Skarmory|Smack Down\n|move|p2a: Skarmory|Toxic|p1a: Landorus\n|-status|p1a: Landorus|tox\n|\n|-heal|p2a: Skarmory|80\/100|[from] item: Leftovers\n|-damage|p1a: Landorus|95\/100 tox|[from] psn\n|upkeep\n|turn|12\n|\n|t:|1699833669\n|switch|p1a: Jynx|Jynx, F|76\/100\n|switch|p2a: Toucannon|Toucannon, F|100\/100\n|\n|upkeep\n|turn|13\n|\n|t:|1699833675\n|-terastallize|p2a: Toucannon|Steel\n|move|p1a: Jynx|Lovely Kiss|p2a: Toucannon|[miss]\n|-miss|p1a: Jynx|p2a: Toucannon\n|move|p2a: Toucannon|Rock Blast|p1a: Jynx\n|-supereffective|p1a: Jynx\n|-damage|p1a: Jynx|39\/100\n|-supereffective|p1a: Jynx\n|-damage|p1a: Jynx|5\/100\n|-supereffective|p1a: Jynx\n|-damage|p1a: Jynx|0 fnt\n|faint|p1a: Jynx\n|-hitcount|p1: Jynx|3\n|\n|upkeep\n|\n|t:|1699833687\n|switch|p1a: Tapu Koko|Tapu Koko|35\/100\n|-fieldstart|move: Electric Terrain|[from] ability: Electric Surge|[of] p1a: Tapu Koko\n|turn|14\n|\n|t:|1699833705\n|move|p1a: Tapu Koko|Wild Charge|p2a: Toucannon\n|-damage|p2a: Toucannon|34\/100\n|-damage|p1a: Tapu Koko|14\/100|[from] Recoil\n|move|p2a: Toucannon|Roost|p2a: Toucannon\n|-heal|p2a: Toucannon|84\/100\n|\n|-heal|p2a: Toucannon|90\/100|[from] item: Leftovers\n|upkeep\n|turn|15\n|\n|t:|1699833723\n|move|p1a: Tapu Koko|Wild Charge|p2a: Toucannon\n|-damage|p2a: Toucannon|26\/100\n|-damage|p1a: Tapu Koko|0 fnt|[from] Recoil\n|faint|p1a: Tapu Koko\n|move|p2a: Toucannon|Roost|p2a: Toucannon\n|-heal|p2a: Toucannon|76\/100\n|\n|-heal|p2a: Toucannon|82\/100|[from] item: Leftovers\n|upkeep\n|\n|t:|1699833753\n|switch|p1a: Hoopa|Hoopa-Unbound|100\/100\n|turn|16\n|\n|t:|1699833759\n|-singleturn|p2a: Toucannon|move: Beak Blast\n|move|p1a: Hoopa|Fire Punch|p2a: Toucannon\n|-supereffective|p2a: Toucannon\n|-damage|p2a: Toucannon|0 fnt\n|-status|p1a: Hoopa|brn\n|faint|p2a: Toucannon\n|\n|-damage|p1a: Hoopa|94\/100 brn|[from] brn\n|upkeep\n|\n|t:|1699833768\n|switch|p2a: Skarmory|Skarmory, M|80\/100\n|turn|17\n|\n|t:|1699833798\n|switch|p1a: Ferrothorn|Ferrothorn, F|100\/100\n|move|p2a: Skarmory|Roost|p2a: Skarmory\n|-heal|p2a: Skarmory|100\/100\n|-singleturn|p2a: Skarmory|move: Roost\n|\n|upkeep\n|turn|18\n|\n|t:|1699833805\n|move|p2a: Skarmory|Stealth Rock|p1a: Ferrothorn\n|-sidestart|p1: SaschaCara|move: Stealth Rock\n|move|p1a: Ferrothorn|Knock Off|p2a: Skarmory\n|-damage|p2a: Skarmory|89\/100\n|-enditem|p2a: Skarmory|Leftovers|[from] move: Knock Off|[of] p1a: Ferrothorn\n|\n|-fieldend|move: Electric Terrain\n|upkeep\n|turn|19\n|\n|t:|1699833813\n|switch|p2a: Kartana|Kartana|100\/100\n|move|p1a: Ferrothorn|Leech Seed|p2a: Kartana\n|-immune|p2a: Kartana\n|\n|upkeep\n|turn|20\n|\n|t:|1699833820\n|move|p2a: Kartana|Knock Off|p1a: Ferrothorn\n|-damage|p1a: Ferrothorn|72\/100\n|-damage|p2a: Kartana|88\/100|[from] ability: Iron Barbs|[of] p1a: Ferrothorn\n|-enditem|p1a: Ferrothorn|Leftovers|[from] move: Knock Off|[of] p2a: Kartana\n|move|p1a: Ferrothorn|Knock Off|p2a: Kartana\n|-damage|p2a: Kartana|65\/100\n|-enditem|p2a: Kartana|Heavy-Duty Boots|[from] move: Knock Off|[of] p1a: Ferrothorn\n|\n|upkeep\n|turn|21\n|\n|t:|1699833854\n|switch|p1a: Landorus|Landorus-Therian, M, tera:Ground|95\/100 tox\n|-damage|p1a: Landorus|89\/100 tox|[from] Stealth Rock\n|-ability|p1a: Landorus|Intimidate|boost\n|-unboost|p2a: Kartana|atk|1\n|move|p2a: Kartana|Sacred Sword|p1a: Landorus\n|-damage|p1a: Landorus|56\/100 tox\n|\n|-damage|p1a: Landorus|50\/100 tox|[from] psn\n|upkeep\n|turn|22\n|\n|t:|1699833866\n|move|p2a: Kartana|Leaf Blade|p1a: Landorus\n|-supereffective|p1a: Landorus\n|-damage|p1a: Landorus|0 fnt\n|faint|p1a: Landorus\n|-ability|p2a: Kartana|Beast Boost|boost\n|-boost|p2a: Kartana|atk|1\n|\n|upkeep\n|\n|t:|1699833900\n|switch|p1a: Ferrothorn|Ferrothorn, F|72\/100\n|-damage|p1a: Ferrothorn|66\/100|[from] Stealth Rock\n|turn|23\n|\n|t:|1699833905\n|move|p2a: Kartana|Sacred Sword|p1a: Ferrothorn\n|-supereffective|p1a: Ferrothorn\n|-damage|p1a: Ferrothorn|10\/100\n|-damage|p2a: Kartana|52\/100|[from] ability: Iron Barbs|[of] p1a: Ferrothorn\n|move|p1a: Ferrothorn|Gyro Ball|p2a: Kartana\n|-resisted|p2a: Kartana\n|-damage|p2a: Kartana|28\/100\n|\n|upkeep\n|turn|24\n|\n|t:|1699833918\n|move|p2a: Kartana|Sacred Sword|p1a: Ferrothorn\n|-supereffective|p1a: Ferrothorn\n|-damage|p1a: Ferrothorn|0 fnt\n|-damage|p2a: Kartana|16\/100|[from] ability: Iron Barbs|[of] p1a: Ferrothorn\n|faint|p1a: Ferrothorn\n|-ability|p2a: Kartana|Beast Boost|boost\n|-boost|p2a: Kartana|atk|1\n|\n|upkeep\n|\n|t:|1699833926\n|switch|p1a: Lopunny|Lopunny, M|100\/100\n|-damage|p1a: Lopunny|88\/100|[from] Stealth Rock\n|turn|25\n|\n|t:|1699833934\n|detailschange|p1a: Lopunny|Lopunny-Mega, M\n|-mega|p1a: Lopunny|Lopunny|Lopunnite\n|move|p1a: Lopunny|Fake Out|p2a: Kartana\n|-resisted|p2a: Kartana\n|-damage|p2a: Kartana|4\/100\n|cant|p2a: Kartana|flinch\n|\n|upkeep\n|turn|26\n|\n|t:|1699833947\n|move|p1a: Lopunny|Frustration|p2a: Kartana\n|-resisted|p2a: Kartana\n|-damage|p2a: Kartana|0 fnt\n|faint|p2a: Kartana\n|\n|upkeep\n|\n|t:|1699833950\n|switch|p2a: Skarmory|Skarmory, M|89\/100\n|turn|27\n|\n|t:|1699833956\n|switch|p1a: Hoopa|Hoopa-Unbound|94\/100 brn\n|-damage|p1a: Hoopa|82\/100 brn|[from] Stealth Rock\n|move|p2a: Skarmory|Toxic||[still]\n|-fail|p2a: Skarmory\n|\n|-damage|p1a: Hoopa|76\/100 brn|[from] brn\n|upkeep\n|turn|28\n|\n|t:|1699833988\n|move|p1a: Hoopa|Drain Punch|p2a: Skarmory\n|-damage|p2a: Skarmory|75\/100\n|-heal|p1a: Hoopa|83\/100 brn|[from] drain|[of] p2a: Skarmory\n|move|p2a: Skarmory|Roost|p2a: Skarmory\n|-heal|p2a: Skarmory|100\/100\n|-singleturn|p2a: Skarmory|move: Roost\n|\n|-damage|p1a: Hoopa|77\/100 brn|[from] brn\n|upkeep\n|turn|29\n|\n|t:|1699834007\n|move|p1a: Hoopa|Drain Punch|p2a: Skarmory\n|-damage|p2a: Skarmory|86\/100\n|-heal|p1a: Hoopa|85\/100 brn|[from] drain|[of] p2a: Skarmory\n|move|p2a: Skarmory|Drill Peck|p1a: Hoopa\n|-damage|p1a: Hoopa|46\/100 brn\n|\n|-damage|p1a: Hoopa|40\/100 brn|[from] brn\n|upkeep\n|turn|30\n|\n|t:|1699834037\n|switch|p1a: Lopunny|Lopunny-Mega, M|88\/100\n|-damage|p1a: Lopunny|82\/100|[from] Stealth Rock\n|move|p2a: Skarmory|Drill Peck|p1a: Lopunny\n|-supereffective|p1a: Lopunny\n|-crit|p1a: Lopunny\n|-damage|p1a: Lopunny|0 fnt\n|faint|p1a: Lopunny\n|\n|upkeep\n|\n|t:|1699834044\n|switch|p1a: Hoopa|Hoopa-Unbound|40\/100 brn\n|-damage|p1a: Hoopa|28\/100 brn|[from] Stealth Rock\n|turn|31\n|-message|SaschaCara forfeited.\n|\n|win|Kaleidoscopic Core\n|raw|SaschaCara's rating: 1217 &rarr; <strong>1198<\/strong><br \/>(-19 for losing)\n|raw|Kaleidoscopic Core's rating: 1296 &rarr; <strong>1315<\/strong><br \/>(+19 for winning)\n|l|\u2606SaschaCara\n","uploadtime":1699834068,"views":5,"p1id":"saschacara","p2id":"kaleidoscopiccore","formatid":"gen9nationaldex","rating":1198,"private":0,"password":""}