{"id":"gen9nationaldex-1992831596","p1":"Markoakuma","p2":"kraydel5","format":"[Gen 9] National Dex","log":"|j|\u2606Markoakuma\n|j|\u2606kraydel5\n|t:|1700239238\n|gametype|singles\n|player|p1|Markoakuma|falkner|1091\n|player|p2|kraydel5|266|1011\n|teamsize|p1|6\n|teamsize|p2|5\n|gen|9\n|tier|[Gen 9] National Dex\n|rated|\n|rule|HP Percentage Mod: HP is shown in percentages\n|rule|Endless Battle Clause: Forcing endless battles is banned\n|rule|OHKO Clause: OHKO moves are banned\n|rule|Evasion Clause: Evasion abilities, items, and moves are banned\n|rule|Evasion Abilities Clause: Evasion abilities are banned\n|rule|Evasion Items Clause: Evasion items are banned\n|rule|Evasion Moves Clause: Evasion moves are banned\n|rule|Species Clause: Limit one of each Pok\u00e9mon\n|rule|Sleep Clause Mod: Limit one foe put to sleep\n|clearpoke\n|poke|p1|Gallade, M|\n|poke|p1|Dusknoir, M|\n|poke|p1|Aromatisse, F|\n|poke|p1|Orbeetle, F|\n|poke|p1|Boltund, F|\n|poke|p1|Torkoal, F|\n|poke|p2|Togekiss, M|\n|poke|p2|Toxapex, M|\n|poke|p2|Incineroar, F|\n|poke|p2|Celesteela|\n|poke|p2|Slaking, M|\n|teampreview\n|\n|t:|1700239251\n|start\n|switch|p1a: Torkoal|Torkoal, F|100\/100\n|switch|p2a: Incineroar|Incineroar, F|100\/100\n|-ability|p2a: Incineroar|Intimidate|boost\n|-unboost|p1a: Torkoal|atk|1\n|-weather|SunnyDay|[from] ability: Drought|[of] p1a: Torkoal\n|turn|1\n|c|\u2606Markoakuma|I think there is ont pok\u00e9mon missing in your team\n|\n|t:|1700239278\n|switch|p2a: Togekiss|Togekiss, M|100\/100\n|move|p1a: Torkoal|Stealth Rock|p2a: Togekiss\n|-sidestart|p2: kraydel5|move: Stealth Rock\n|\n|-weather|SunnyDay|[upkeep]\n|upkeep\n|turn|2\n|\n|t:|1700239290\n|move|p2a: Togekiss|Draining Kiss|p1a: Torkoal\n|-resisted|p1a: Torkoal\n|-damage|p1a: Torkoal|85\/100\n|-damage|p2a: Togekiss|84\/100|[from] item: Rocky Helmet|[of] p1a: Torkoal\n|move|p1a: Torkoal|Yawn|p2a: Togekiss\n|-start|p2a: Togekiss|move: Yawn|[of] p1a: Torkoal\n|\n|-weather|SunnyDay|[upkeep]\n|-heal|p2a: Togekiss|90\/100|[from] item: Leftovers\n|upkeep\n|turn|3\n|\n|t:|1700239302\n|switch|p2a: Slaking|Slaking, M|100\/100\n|-damage|p2a: Slaking|88\/100|[from] Stealth Rock\n|move|p1a: Torkoal|Body Press|p2a: Slaking\n|-supereffective|p2a: Slaking\n|-damage|p2a: Slaking|36\/100\n|\n|-weather|SunnyDay|[upkeep]\n|-heal|p2a: Slaking|42\/100|[from] item: Leftovers\n|upkeep\n|turn|4\n|\n|t:|1700239313\n|move|p2a: Slaking|Drain Punch|p1a: Torkoal\n|-crit|p1a: Torkoal\n|-damage|p1a: Torkoal|61\/100\n|-heal|p2a: Slaking|51\/100|[from] drain|[of] p1a: Torkoal\n|-damage|p2a: Slaking|35\/100|[from] item: Rocky Helmet|[of] p1a: Torkoal\n|move|p1a: Torkoal|Body Press|p2a: Slaking\n|-supereffective|p2a: Slaking\n|-damage|p2a: Slaking|0 fnt\n|faint|p2a: Slaking\n|\n|-weather|SunnyDay|[upkeep]\n|upkeep\n|\n|t:|1700239325\n|switch|p2a: Incineroar|Incineroar, F|100\/100\n|-damage|p2a: Incineroar|76\/100|[from] Stealth Rock\n|-ability|p2a: Incineroar|Intimidate|boost\n|-unboost|p1a: Torkoal|atk|1\n|turn|5\n|\n|t:|1700239331\n|move|p2a: Incineroar|Drain Punch|p1a: Torkoal\n|-damage|p1a: Torkoal|49\/100\n|-heal|p2a: Incineroar|81\/100|[from] drain|[of] p1a: Torkoal\n|-damage|p2a: Incineroar|64\/100|[from] item: Rocky Helmet|[of] p1a: Torkoal\n|move|p1a: Torkoal|Yawn|p2a: Incineroar\n|-start|p2a: Incineroar|move: Yawn|[of] p1a: Torkoal\n|\n|-weather|none\n|upkeep\n|turn|6\n|-message|kraydel5 forfeited.\n|\n|win|Markoakuma\n|raw|Markoakuma's rating: 1091 &rarr; <strong>1111<\/strong><br \/>(+20 for winning)\n|raw|kraydel5's rating: 1011 &rarr; <strong>1002<\/strong><br \/>(-9 for losing)\n|l|\u2606kraydel5\n","uploadtime":1700239351,"views":9,"p1id":"markoakuma","p2id":"kraydel5","formatid":"gen9nationaldex","rating":1002,"private":0,"password":""}