{"id":"gen9nationaldex-1999945319","p1":"James K Polk","p2":"Maxer59","format":"[Gen 9] National Dex","log":"|html|<div class=\"broadcast-blue\"><strong>[Gen 9] National Dex is currently suspecting Sneasler! For information on how to participate check out the <a href=\"https:\/\/www.smogon.com\/forums\/threads\/sv-national-dex-suspect-8-just-dance.3731534\/\">suspect thread<\/a>.<\/strong><\/div>\n|j|\u2606James K Polk\n|j|\u2606Maxer59\n|t:|1701133076\n|gametype|singles\n|player|p1|James K Polk|ninjaboy|1193\n|player|p2|Maxer59|lucas|1178\n|teamsize|p1|6\n|teamsize|p2|6\n|gen|9\n|tier|[Gen 9] National Dex\n|rated|\n|rule|HP Percentage Mod: HP is shown in percentages\n|rule|Endless Battle Clause: Forcing endless battles is banned\n|rule|OHKO Clause: OHKO moves are banned\n|rule|Evasion Clause: Evasion abilities, items, and moves are banned\n|rule|Evasion Abilities Clause: Evasion abilities are banned\n|rule|Evasion Items Clause: Evasion items are banned\n|rule|Evasion Moves Clause: Evasion moves are banned\n|rule|Species Clause: Limit one of each Pok\u00e9mon\n|rule|Sleep Clause Mod: Limit one foe put to sleep\n|clearpoke\n|poke|p1|Rillaboom, M|\n|poke|p1|Blacephalon|\n|poke|p1|Toxtricity, M|\n|poke|p1|Slowking, F|\n|poke|p1|Mienshao, F|\n|poke|p1|Crobat, F|\n|poke|p2|Ninjask, M|\n|poke|p2|Shuckle, F|\n|poke|p2|Durant, M|\n|poke|p2|Vivillon, M|\n|poke|p2|Golisopod, F|\n|poke|p2|Heracross, F|\n|teampreview\n|inactive|Battle timer is ON: inactive players will automatically lose when time's up. (requested by Maxer59)\n|\n|t:|1701133100\n|start\n|switch|p1a: Crobat|Crobat, F|100\/100\n|switch|p2a: Shuckle|Shuckle, F|100\/100\n|turn|1\n|\n|t:|1701133105\n|move|p1a: Crobat|Toxic|p2a: Shuckle\n|-status|p2a: Shuckle|tox\n|move|p2a: Shuckle|Infestation|p1a: Crobat\n|-resisted|p1a: Crobat\n|-damage|p1a: Crobat|99\/100\n|-activate|p1a: Crobat|move: Infestation|[of] p2a: Shuckle\n|\n|-damage|p2a: Shuckle|94\/100 tox|[from] psn\n|-damage|p1a: Crobat|88\/100|[from] move: Infestation|[partiallytrapped]\n|upkeep\n|turn|2\n|\n|t:|1701133114\n|move|p1a: Crobat|U-turn|p2a: Shuckle\n|-damage|p2a: Shuckle|85\/100 tox\n|\n|t:|1701133116\n|switch|p1a: Slowking|Slowking, F|100\/100|[from] U-turn\n|move|p2a: Shuckle|Stealth Rock|p1a: Slowking\n|-sidestart|p1: James K Polk|move: Stealth Rock\n|\n|-heal|p2a: Shuckle|91\/100 tox|[from] item: Leftovers\n|-damage|p2a: Shuckle|79\/100 tox|[from] psn\n|upkeep\n|turn|3\n|\n|t:|1701133120\n|move|p1a: Slowking|Scald|p2a: Shuckle\n|-supereffective|p2a: Shuckle\n|-crit|p2a: Shuckle\n|-damage|p2a: Shuckle|28\/100 tox\n|move|p2a: Shuckle|Sticky Web|p1a: Slowking\n|-sidestart|p1: James K Polk|move: Sticky Web\n|\n|-heal|p2a: Shuckle|34\/100 tox|[from] item: Leftovers\n|-damage|p2a: Shuckle|15\/100 tox|[from] psn\n|upkeep\n|turn|4\n|\n|t:|1701133129\n|move|p1a: Slowking|Chilly Reception|p1a: Slowking\n|-weather|Snow\n|\n|t:|1701133131\n|switch|p1a: Crobat|Crobat, F|88\/100|[from] Chilly Reception\n|move|p2a: Shuckle|Infestation|p1a: Crobat\n|-resisted|p1a: Crobat\n|-crit|p1a: Crobat\n|-damage|p1a: Crobat|87\/100\n|-activate|p1a: Crobat|move: Infestation|[of] p2a: Shuckle\n|\n|-weather|Snow|[upkeep]\n|-heal|p2a: Shuckle|21\/100 tox|[from] item: Leftovers\n|-damage|p2a: Shuckle|0 fnt|[from] psn\n|faint|p2a: Shuckle\n|-end|p1a: Crobat|Infestation|[partiallytrapped]|[silent]\n|upkeep\n|\n|t:|1701133147\n|switch|p2a: Ninjask|Ninjask, M|100\/100\n|turn|5\n|\n|t:|1701133164\n|move|p2a: Ninjask|Swords Dance|p2a: Ninjask\n|-boost|p2a: Ninjask|atk|2\n|move|p1a: Crobat|Defog|p2a: Ninjask\n|-unboost|p2a: Ninjask|evasion|1\n|-sideend|p1: James K Polk|Stealth Rock|[from] move: Defog|[of] p1a: Crobat\n|-sideend|p1: James K Polk|Sticky Web|[from] move: Defog|[of] p1a: Crobat\n|\n|-weather|Snow|[upkeep]\n|upkeep\n|turn|6\n|\n|t:|1701133174\n|move|p2a: Ninjask|Swords Dance|p2a: Ninjask\n|-boost|p2a: Ninjask|atk|2\n|move|p1a: Crobat|Toxic|p2a: Ninjask\n|-status|p2a: Ninjask|tox\n|\n|-weather|Snow|[upkeep]\n|-damage|p2a: Ninjask|94\/100 tox|[from] psn\n|upkeep\n|turn|7\n|\n|t:|1701133183\n|move|p2a: Ninjask|Acrobatics|p1a: Crobat\n|-damage|p1a: Crobat|13\/100\n|move|p1a: Crobat|U-turn|p2a: Ninjask\n|-resisted|p2a: Ninjask\n|-damage|p2a: Ninjask|77\/100 tox\n|\n|t:|1701133211\n|switch|p1a: Blacephalon|Blacephalon|100\/100|[from] U-turn\n|\n|-weather|Snow|[upkeep]\n|-damage|p2a: Ninjask|65\/100 tox|[from] psn\n|upkeep\n|turn|8\n|\n|t:|1701133218\n|move|p1a: Blacephalon|Shadow Ball|p2a: Ninjask\n|-damage|p2a: Ninjask|0 fnt\n|faint|p2a: Ninjask\n|-ability|p1a: Blacephalon|Beast Boost|boost\n|-boost|p1a: Blacephalon|spa|1\n|\n|-weather|none\n|upkeep\n|\n|t:|1701133230\n|switch|p2a: Durant|Durant, M|100\/100\n|turn|9\n|inactive|James K Polk has 120 seconds left.\n|\n|t:|1701133274\n|switch|p1a: Mienshao|Mienshao, F|100\/100\n|move|p2a: Durant|Iron Head|p1a: Mienshao\n|-damage|p1a: Mienshao|0 fnt\n|faint|p1a: Mienshao\n|\n|upkeep\n|\n|t:|1701133279\n|switch|p1a: Slowking|Slowking, F|100\/100\n|turn|10\n|\n|t:|1701133290\n|move|p2a: Durant|X-Scissor|p1a: Slowking\n|-supereffective|p1a: Slowking\n|-damage|p1a: Slowking|0 fnt\n|faint|p1a: Slowking\n|\n|upkeep\n|inactive|James K Polk has 120 seconds left.\n|\n|t:|1701133303\n|switch|p1a: Blacephalon|Blacephalon|100\/100\n|turn|11\n|\n|t:|1701133307\n|move|p1a: Blacephalon|Fire Blast|p2a: Durant\n|-supereffective|p2a: Durant\n|-damage|p2a: Durant|0 fnt\n|faint|p2a: Durant\n|-ability|p1a: Blacephalon|Beast Boost|boost\n|-boost|p1a: Blacephalon|spa|1\n|\n|upkeep\n|\n|t:|1701133316\n|switch|p2a: Heracross|Heracross, F|100\/100\n|turn|12\n|\n|t:|1701133319\n|-terastallize|p2a: Heracross|Normal\n|move|p1a: Blacephalon|Fire Blast|p2a: Heracross\n|-damage|p2a: Heracross|28\/100\n|move|p2a: Heracross|Earthquake|p1a: Blacephalon\n|-supereffective|p1a: Blacephalon\n|-damage|p1a: Blacephalon|0 fnt\n|faint|p1a: Blacephalon\n|-ability|p2a: Heracross|Moxie|boost\n|-boost|p2a: Heracross|atk|1\n|\n|upkeep\n|\n|t:|1701133326\n|switch|p1a: Rillaboom|Rillaboom, M|100\/100\n|-fieldstart|move: Grassy Terrain|[from] ability: Grassy Surge|[of] p1a: Rillaboom\n|turn|13\n|\n|t:|1701133330\n|move|p1a: Rillaboom|Grassy Glide|p2a: Heracross\n|-damage|p2a: Heracross|0 fnt\n|faint|p2a: Heracross\n|\n|upkeep\n|\n|t:|1701133335\n|switch|p2a: Golisopod|Golisopod, F|100\/100\n|turn|14\n|\n|t:|1701133356\n|move|p2a: Golisopod|First Impression|p1a: Rillaboom\n|-supereffective|p1a: Rillaboom\n|-damage|p1a: Rillaboom|0 fnt\n|faint|p1a: Rillaboom\n|\n|upkeep\n|\n|t:|1701133359\n|switch|p1a: Toxtricity|Toxtricity, M|100\/100\n|turn|15\n|\n|t:|1701133363\n|move|p2a: Golisopod|Aqua Jet|p1a: Toxtricity\n|-damage|p1a: Toxtricity|70\/100\n|move|p1a: Toxtricity|Shift Gear|p1a: Toxtricity\n|-boost|p1a: Toxtricity|spe|2\n|-boost|p1a: Toxtricity|atk|1\n|\n|-heal|p1a: Toxtricity|76\/100|[from] Grassy Terrain\n|upkeep\n|turn|16\n|\n|t:|1701133371\n|move|p2a: Golisopod|Aqua Jet|p1a: Toxtricity\n|-damage|p1a: Toxtricity|42\/100\n|move|p1a: Toxtricity|Overdrive|p2a: Golisopod\n|-supereffective|p2a: Golisopod\n|-damage|p2a: Golisopod|29\/100\n|-activate|p2a: Golisopod|ability: Emergency Exit\n|-enditem|p1a: Toxtricity|Throat Spray\n|-boost|p1a: Toxtricity|spa|1|[from] item: Throat Spray\n|\n|t:|1701133376\n|switch|p2a: Vivillon|Vivillon, M|100\/100\n|\n|-heal|p1a: Toxtricity|49\/100|[from] Grassy Terrain\n|upkeep\n|turn|17\n|\n|t:|1701133381\n|move|p1a: Toxtricity|Overdrive|p2a: Vivillon\n|-supereffective|p2a: Vivillon\n|-enditem|p2a: Vivillon|Focus Sash\n|-damage|p2a: Vivillon|1\/100\n|move|p2a: Vivillon|Sleep Powder|p1a: Toxtricity\n|-status|p1a: Toxtricity|slp|[from] move: Sleep Powder\n|\n|-heal|p1a: Toxtricity|55\/100 slp|[from] Grassy Terrain\n|-fieldend|move: Grassy Terrain\n|upkeep\n|turn|18\n|\n|t:|1701133388\n|cant|p1a: Toxtricity|slp\n|move|p2a: Vivillon|Quiver Dance|p2a: Vivillon\n|-boost|p2a: Vivillon|spa|1\n|-boost|p2a: Vivillon|spd|1\n|-boost|p2a: Vivillon|spe|1\n|\n|upkeep\n|turn|19\n|\n|t:|1701133390\n|cant|p1a: Toxtricity|slp\n|move|p2a: Vivillon|Hurricane|p1a: Toxtricity\n|-resisted|p1a: Toxtricity\n|-damage|p1a: Toxtricity|5\/100 slp\n|\n|upkeep\n|turn|20\n|\n|t:|1701133396\n|-curestatus|p1a: Toxtricity|slp|[msg]\n|move|p1a: Toxtricity|Overdrive|p2a: Vivillon\n|-supereffective|p2a: Vivillon\n|-damage|p2a: Vivillon|0 fnt\n|faint|p2a: Vivillon\n|\n|upkeep\n|\n|t:|1701133398\n|switch|p2a: Golisopod|Golisopod, F|29\/100\n|turn|21\n|\n|t:|1701133403\n|move|p2a: Golisopod|First Impression|p1a: Toxtricity\n|-resisted|p1a: Toxtricity\n|-damage|p1a: Toxtricity|0 fnt\n|faint|p1a: Toxtricity\n|\n|upkeep\n|\n|t:|1701133405\n|switch|p1a: Crobat|Crobat, F|13\/100\n|turn|22\n|\n|t:|1701133407\n|move|p2a: Golisopod|Aqua Jet|p1a: Crobat\n|-damage|p1a: Crobat|0 fnt\n|faint|p1a: Crobat\n|\n|win|Maxer59\n|raw|James K Polk's rating: 1193 &rarr; <strong>1167<\/strong><br \/>(-26 for losing)\n|raw|Maxer59's rating: 1178 &rarr; <strong>1204<\/strong><br \/>(+26 for winning)\n|l|\u2606James K Polk\n","uploadtime":1701133414,"views":4,"p1id":"jameskpolk","p2id":"maxer59","formatid":"gen9nationaldex","rating":1167,"private":0,"password":""}