{"id":"gen9nationaldex-1987622986","p1":"LimeyAce","p2":"h8for3v","format":"[Gen 9] National Dex","log":"|j|\u2606LimeyAce\n|j|\u2606h8for3v\n|t:|1699620846\n|gametype|singles\n|player|p1|LimeyAce|iris|1106\n|player|p2|h8for3v|alec-anime|1028\n|teamsize|p1|6\n|teamsize|p2|6\n|gen|9\n|tier|[Gen 9] National Dex\n|rated|\n|rule|HP Percentage Mod: HP is shown in percentages\n|rule|Endless Battle Clause: Forcing endless battles is banned\n|rule|OHKO Clause: OHKO moves are banned\n|rule|Evasion Clause: Evasion abilities, items, and moves are banned\n|rule|Evasion Abilities Clause: Evasion abilities are banned\n|rule|Evasion Items Clause: Evasion items are banned\n|rule|Evasion Moves Clause: Evasion moves are banned\n|rule|Species Clause: Limit one of each Pok\u00e9mon\n|rule|Sleep Clause Mod: Limit one foe put to sleep\n|clearpoke\n|poke|p1|Galvantula, F|\n|poke|p1|Slurpuff, F|\n|poke|p1|Skeledirge, M|\n|poke|p1|Feraligatr, M|\n|poke|p1|Simisage, M|\n|poke|p1|Great Tusk|\n|poke|p2|Miltank, F|\n|poke|p2|Dragonite, M|\n|poke|p2|Tyrantrum, M|\n|poke|p2|Aggron, M|\n|poke|p2|Lucario, M|\n|poke|p2|Dusknoir, M|\n|teampreview\n|\n|t:|1699620862\n|start\n|switch|p1a: Jiraya|Simisage, M|100\/100\n|switch|p2a: Dusknoir|Dusknoir, M, shiny|100\/100\n|-ability|p2a: Dusknoir|Pressure\n|turn|1\n|\n|t:|1699620871\n|move|p1a: Jiraya|Substitute|p1a: Jiraya\n|-start|p1a: Jiraya|Substitute\n|-damage|p1a: Jiraya|75\/100\n|move|p2a: Dusknoir|Trick||[still]\n|-fail|p2a: Dusknoir\n|\n|upkeep\n|turn|2\n|\n|t:|1699620878\n|switch|p2a: Aggron|Aggron, M, shiny|100\/100\n|move|p1a: Jiraya|Seed Bomb|p2a: Aggron\n|-damage|p2a: Aggron|80\/100\n|\n|upkeep\n|turn|3\n|\n|t:|1699620885\n|detailschange|p2a: Aggron|Aggron-Mega, M, shiny\n|-mega|p2a: Aggron|Aggron|Aggronite\n|move|p1a: Jiraya|Seed Bomb|p2a: Aggron\n|-resisted|p2a: Aggron\n|-damage|p2a: Aggron|71\/100\n|move|p2a: Aggron|Dragon Tail|p1a: Jiraya\n|-end|p1a: Jiraya|Substitute\n|\n|upkeep\n|turn|4\n|\n|t:|1699620903\n|switch|p1a: Slurpie|Slurpuff, F|100\/100\n|move|p2a: Aggron|Stealth Rock|p1a: Slurpie\n|-sidestart|p1: LimeyAce|move: Stealth Rock\n|\n|upkeep\n|turn|5\n|\n|t:|1699620910\n|move|p1a: Slurpie|Sticky Web|p2a: Aggron\n|-sidestart|p2: h8for3v|move: Sticky Web\n|move|p2a: Aggron|Heavy Slam|p1a: Slurpie\n|-supereffective|p1a: Slurpie\n|-damage|p1a: Slurpie|12\/100\n|\n|upkeep\n|turn|6\n|\n|t:|1699620916\n|move|p1a: Slurpie|Dazzling Gleam|p2a: Aggron\n|-resisted|p2a: Aggron\n|-damage|p2a: Aggron|60\/100\n|move|p2a: Aggron|Dragon Tail|p1a: Slurpie\n|-immune|p1a: Slurpie\n|\n|upkeep\n|turn|7\n|\n|t:|1699620922\n|move|p1a: Slurpie|Dazzling Gleam|p2a: Aggron\n|-resisted|p2a: Aggron\n|-damage|p2a: Aggron|48\/100\n|move|p2a: Aggron|Heavy Slam|p1a: Slurpie\n|-supereffective|p1a: Slurpie\n|-damage|p1a: Slurpie|0 fnt\n|faint|p1a: Slurpie\n|\n|upkeep\n|\n|t:|1699620928\n|switch|p1a: Barbarian|Great Tusk|100\/100\n|-damage|p1a: Barbarian|98\/100|[from] Stealth Rock\n|turn|8\n|\n|t:|1699620938\n|move|p1a: Barbarian|Rapid Spin|p2a: Aggron\n|-resisted|p2a: Aggron\n|-damage|p2a: Aggron|44\/100\n|-boost|p1a: Barbarian|spe|1\n|-sideend|p1: LimeyAce|Stealth Rock|[from] move: Rapid Spin|[of] p1a: Barbarian\n|move|p2a: Aggron|Dragon Tail|p1a: Barbarian\n|-damage|p1a: Barbarian|87\/100\n|-end|p1a: Barbarian|Protosynthesis|[silent]\n|drag|p1a: Joltz|Galvantula, F|100\/100\n|\n|upkeep\n|turn|9\n|\n|t:|1699620947\n|move|p1a: Joltz|Volt Switch|p2a: Aggron\n|-damage|p2a: Aggron|0 fnt\n|faint|p2a: Aggron\n|\n|t:|1699620961\n|switch|p1a: Barbarian|Great Tusk|87\/100|[from] Volt Switch\n|\n|upkeep\n|\n|t:|1699620973\n|switch|p2a: BLUEBERRYMILKSHAKE|Miltank, F, shiny|100\/100\n|-activate|p2a: BLUEBERRYMILKSHAKE|move: Sticky Web\n|-unboost|p2a: BLUEBERRYMILKSHAKE|spe|1\n|turn|10\n|\n|t:|1699620981\n|move|p2a: BLUEBERRYMILKSHAKE|Toxic|p1a: Barbarian\n|-status|p1a: Barbarian|tox\n|move|p1a: Barbarian|Close Combat|p2a: BLUEBERRYMILKSHAKE\n|-supereffective|p2a: BLUEBERRYMILKSHAKE\n|-damage|p2a: BLUEBERRYMILKSHAKE|0 fnt\n|-unboost|p1a: Barbarian|def|1\n|-unboost|p1a: Barbarian|spd|1\n|faint|p2a: BLUEBERRYMILKSHAKE\n|\n|-damage|p1a: Barbarian|81\/100 tox|[from] psn\n|upkeep\n|\n|t:|1699620990\n|switch|p2a: George|Dragonite, M|100\/100\n|turn|11\n|\n|t:|1699620996\n|move|p2a: George|Dragon Dance|p2a: George\n|-boost|p2a: George|atk|1\n|-boost|p2a: George|spe|1\n|move|p1a: Barbarian|Ice Spinner|p2a: George\n|-supereffective|p2a: George\n|-damage|p2a: George|35\/100\n|\n|-damage|p1a: Barbarian|68\/100 tox|[from] psn\n|upkeep\n|turn|12\n|\n|t:|1699621004\n|-end|p1a: Barbarian|Protosynthesis|[silent]\n|switch|p1a: Jalape\u00f1o|Skeledirge, M|100\/100\n|-terastallize|p2a: George|Normal\n|move|p2a: George|Extreme Speed|p1a: Jalape\u00f1o\n|-immune|p1a: Jalape\u00f1o\n|\n|upkeep\n|turn|13\n|\n|t:|1699621016\n|move|p2a: George|Earthquake|p1a: Jalape\u00f1o\n|-supereffective|p1a: Jalape\u00f1o\n|-damage|p1a: Jalape\u00f1o|34\/100\n|move|p1a: Jalape\u00f1o|Will-O-Wisp|p2a: George\n|-status|p2a: George|brn\n|\n|-heal|p1a: Jalape\u00f1o|40\/100|[from] item: Leftovers\n|-damage|p2a: George|29\/100 brn|[from] brn\n|upkeep\n|turn|14\n|\n|t:|1699621027\n|move|p2a: George|Earthquake|p1a: Jalape\u00f1o\n|-supereffective|p1a: Jalape\u00f1o\n|-damage|p1a: Jalape\u00f1o|7\/100\n|move|p1a: Jalape\u00f1o|Slack Off|p1a: Jalape\u00f1o\n|-heal|p1a: Jalape\u00f1o|57\/100\n|\n|-heal|p1a: Jalape\u00f1o|63\/100|[from] item: Leftovers\n|-damage|p2a: George|23\/100 brn|[from] brn\n|upkeep\n|turn|15\n|\n|t:|1699621037\n|move|p2a: George|Thunder Punch|p1a: Jalape\u00f1o\n|-damage|p1a: Jalape\u00f1o|50\/100\n|move|p1a: Jalape\u00f1o|Slack Off|p1a: Jalape\u00f1o\n|-heal|p1a: Jalape\u00f1o|99\/100\n|\n|-heal|p1a: Jalape\u00f1o|100\/100|[from] item: Leftovers\n|-damage|p2a: George|17\/100 brn|[from] brn\n|upkeep\n|turn|16\n|\n|t:|1699621045\n|move|p2a: George|Earthquake|p1a: Jalape\u00f1o\n|-supereffective|p1a: Jalape\u00f1o\n|-damage|p1a: Jalape\u00f1o|65\/100\n|move|p1a: Jalape\u00f1o|Torch Song|p2a: George\n|-damage|p2a: George|0 fnt\n|-boost|p1a: Jalape\u00f1o|spa|1\n|faint|p2a: George\n|\n|-heal|p1a: Jalape\u00f1o|71\/100|[from] item: Leftovers\n|upkeep\n|\n|t:|1699621054\n|switch|p2a: Dusknoir|Dusknoir, M, shiny|100\/100\n|-activate|p2a: Dusknoir|move: Sticky Web\n|-unboost|p2a: Dusknoir|spe|1\n|-ability|p2a: Dusknoir|Pressure\n|turn|17\n|\n|t:|1699621076\n|move|p2a: Dusknoir|Shadow Sneak|p1a: Jalape\u00f1o\n|-supereffective|p1a: Jalape\u00f1o\n|-damage|p1a: Jalape\u00f1o|49\/100\n|move|p1a: Jalape\u00f1o|Hex|p2a: Dusknoir\n|-supereffective|p2a: Dusknoir\n|-damage|p2a: Dusknoir|33\/100\n|\n|-heal|p1a: Jalape\u00f1o|55\/100|[from] item: Leftovers\n|upkeep\n|turn|18\n|\n|t:|1699621083\n|move|p2a: Dusknoir|Shadow Sneak|p1a: Jalape\u00f1o\n|-supereffective|p1a: Jalape\u00f1o\n|-damage|p1a: Jalape\u00f1o|34\/100\n|move|p1a: Jalape\u00f1o|Hex|p2a: Dusknoir\n|-supereffective|p2a: Dusknoir\n|-damage|p2a: Dusknoir|0 fnt\n|faint|p2a: Dusknoir\n|\n|-heal|p1a: Jalape\u00f1o|40\/100|[from] item: Leftovers\n|upkeep\n|-message|h8for3v forfeited.\n|\n|win|LimeyAce\n|raw|LimeyAce's rating: 1106 &rarr; <strong>1125<\/strong><br \/>(+19 for winning)\n|raw|h8for3v's rating: 1028 &rarr; <strong>1017<\/strong><br \/>(-11 for losing)\n|l|\u2606h8for3v\n","uploadtime":1699621089,"views":5,"p1id":"limeyace","p2id":"h8for3v","formatid":"gen9nationaldex","rating":1017,"private":0,"password":""}