{"id":"gen9nationaldex-1989296433","p1":"ericmont","p2":"PeppsiAsiEs","format":"[Gen 9] National Dex","log":"|j|\u2606ericmont\n|j|\u2606PeppsiAsiEs\n|t:|1699833196\n|gametype|singles\n|player|p1|ericmont|bertha|\n|player|p2|PeppsiAsiEs|poppy|\n|teamsize|p1|6\n|teamsize|p2|6\n|gen|9\n|tier|[Gen 9] National Dex\n|rule|HP Percentage Mod: HP is shown in percentages\n|rule|Endless Battle Clause: Forcing endless battles is banned\n|rule|OHKO Clause: OHKO moves are banned\n|rule|Evasion Clause: Evasion abilities, items, and moves are banned\n|rule|Evasion Abilities Clause: Evasion abilities are banned\n|rule|Evasion Items Clause: Evasion items are banned\n|rule|Evasion Moves Clause: Evasion moves are banned\n|rule|Species Clause: Limit one of each Pok\u00e9mon\n|rule|Sleep Clause Mod: Limit one foe put to sleep\n|clearpoke\n|poke|p1|Tapu Koko|\n|poke|p1|Iron Valiant|\n|poke|p1|Hawlucha, M|\n|poke|p1|Iron Moth|\n|poke|p1|Greninja-*, M|\n|poke|p1|Scizor, M|\n|poke|p2|Heatran, M|\n|poke|p2|Aegislash, F|\n|poke|p2|Ferrothorn, F|\n|poke|p2|Celesteela|\n|poke|p2|Excadrill, M|\n|poke|p2|Jirachi|\n|teampreview\n|c|\u2606PeppsiAsiEs|Antes roto, que doblarme\n|c|\u2606ericmont|Te voy a romper\n|c|\u2606ericmont|Y no en la battle precisamente\n|j| Sylveon(404)\n|\n|t:|1699833289\n|start\n|switch|p1a: Tapu \u00f1alo|Tapu Koko|100\/100\n|switch|p2a: Ferrothorn|Ferrothorn, F|100\/100\n|-fieldstart|move: Electric Terrain|[from] ability: Electric Surge|[of] p1a: Tapu \u00f1alo\n|turn|1\n|\n|t:|1699833303\n|move|p1a: Tapu \u00f1alo|U-turn|p2a: Ferrothorn\n|-damage|p2a: Ferrothorn|89\/100\n|-damage|p1a: Tapu \u00f1alo|88\/100|[from] ability: Iron Barbs|[of] p2a: Ferrothorn\n|\n|t:|1699833306\n|switch|p1a: Pollita|Iron Moth|100\/100|[from] U-turn\n|-activate|p1a: Pollita|ability: Quark Drive\n|-start|p1a: Pollita|quarkdrivespe\n|move|p2a: Ferrothorn|Leech Seed|p1a: Pollita\n|-start|p1a: Pollita|move: Leech Seed\n|\n|-heal|p2a: Ferrothorn|95\/100|[from] item: Leftovers\n|-damage|p1a: Pollita|88\/100|[from] Leech Seed|[of] p2a: Ferrothorn\n|-heal|p2a: Ferrothorn|100\/100|[silent]\n|upkeep\n|turn|2\n|j| Fabrizio8\n|\n|t:|1699833320\n|-end|p1a: Pollita|Quark Drive|[silent]\n|switch|p1a: Sapo|Greninja, M|100\/100\n|switch|p2a: Heatran|Heatran, M|100\/100\n|-item|p2a: Heatran|Air Balloon\n|\n|upkeep\n|turn|3\n|c| Fabrizio8|puto eric\n|\n|t:|1699833326\n|switch|p2a: Ferrothorn|Ferrothorn, F|100\/100\n|move|p1a: Sapo|Surf|p2a: Ferrothorn\n|-resisted|p2a: Ferrothorn\n|-damage|p2a: Ferrothorn|81\/100\n|-damage|p1a: Sapo|91\/100|[from] item: Life Orb\n|\n|-heal|p2a: Ferrothorn|87\/100|[from] item: Leftovers\n|upkeep\n|turn|4\n|\n|t:|1699833340\n|switch|p1a: El pinzas|Scizor, M|100\/100\n|move|p2a: Ferrothorn|Leech Seed|p1a: El pinzas\n|-start|p1a: El pinzas|move: Leech Seed\n|\n|-heal|p2a: Ferrothorn|93\/100|[from] item: Leftovers\n|-damage|p1a: El pinzas|88\/100|[from] Leech Seed|[of] p2a: Ferrothorn\n|-heal|p2a: Ferrothorn|100\/100|[silent]\n|upkeep\n|turn|5\n|\n|t:|1699833361\n|switch|p2a: Heatran|Heatran, M|100\/100\n|-item|p2a: Heatran|Air Balloon\n|detailschange|p1a: El pinzas|Scizor-Mega, M\n|-mega|p1a: El pinzas|Scizor|Scizorite\n|move|p1a: El pinzas|Close Combat|p2a: Heatran\n|-supereffective|p2a: Heatran\n|-damage|p2a: Heatran|0 fnt\n|-unboost|p1a: El pinzas|def|1\n|-unboost|p1a: El pinzas|spd|1\n|-enditem|p2a: Heatran|Air Balloon\n|faint|p2a: Heatran\n|\n|upkeep\n|\n|t:|1699833370\n|switch|p2a: Aegislash|Aegislash, F|100\/100\n|turn|6\n|c| Fabrizio8|lol\n|c|\u2606PeppsiAsiEs|que\n|c| Fabrizio8|khe\n|c|\u2606PeppsiAsiEs|Desde cuando aprende close combat?\n|\n|t:|1699833380\n|switch|p1a: Andale wey|Hawlucha, M|100\/100\n|-enditem|p1a: Andale wey|Electric Seed\n|-boost|p1a: Andale wey|def|1|[from] item: Electric Seed\n|move|p2a: Aegislash|Swords Dance|p2a: Aegislash\n|-boost|p2a: Aegislash|atk|2\n|\n|upkeep\n|turn|7\n|\n|t:|1699833384\n|move|p1a: Andale wey|Taunt|p2a: Aegislash\n|-start|p2a: Aegislash|move: Taunt\n|cant|p2a: Aegislash|move: Taunt|Swords Dance\n|\n|upkeep\n|turn|8\n|\n|t:|1699833413\n|move|p1a: Andale wey|Swords Dance|p1a: Andale wey\n|-boost|p1a: Andale wey|atk|2\n|-formechange|p2a: Aegislash|Aegislash-Blade||[from] ability: Stance Change\n|move|p2a: Aegislash|Shadow Claw|p1a: Andale wey\n|-damage|p1a: Andale wey|18\/100\n|\n|-fieldend|move: Electric Terrain\n|upkeep\n|turn|9\n|\n|t:|1699833416\n|move|p2a: Aegislash|Shadow Sneak|p1a: Andale wey\n|-damage|p1a: Andale wey|0 fnt\n|faint|p1a: Andale wey\n|\n|-end|p2a: Aegislash|move: Taunt\n|upkeep\n|\n|t:|1699833424\n|switch|p1a: Sapo|Greninja, M|91\/100\n|turn|10\n|\n|t:|1699833434\n|-terastallize|p2a: Aegislash|Steel\n|move|p1a: Sapo|Dark Pulse|p2a: Aegislash\n|-damage|p2a: Aegislash|11\/100\n|-damage|p1a: Sapo|81\/100|[from] item: Life Orb\n|cant|p2a: Aegislash|flinch\n|\n|upkeep\n|turn|11\n|c|\u2606PeppsiAsiEs|no bueno\n|\n|t:|1699833448\n|move|p2a: Aegislash|Shadow Sneak|p1a: Sapo\n|-resisted|p1a: Sapo\n|-damage|p1a: Sapo|39\/100\n|move|p1a: Sapo|Dark Pulse|p2a: Aegislash\n|-damage|p2a: Aegislash|0 fnt\n|faint|p2a: Aegislash\n|-ability|p1a: Sapo|Battle Bond|boost\n|-boost|p1a: Sapo|atk|1\n|-boost|p1a: Sapo|spa|1\n|-boost|p1a: Sapo|spe|1\n|-activate|p1a: Sapo|ability: Battle Bond\n|-damage|p1a: Sapo|29\/100|[from] item: Life Orb\n|\n|upkeep\n|\n|t:|1699833453\n|switch|p2a: Ferrothorn|Ferrothorn, F|100\/100\n|turn|12\n|c| Fabrizio8|tu puedes pep, solo confia en ti mismo\n|\n|t:|1699833471\n|move|p1a: Sapo|Ice Beam|p2a: Ferrothorn\n|-damage|p2a: Ferrothorn|62\/100\n|-damage|p1a: Sapo|19\/100|[from] item: Life Orb\n|move|p2a: Ferrothorn|Leech Seed|p1a: Sapo\n|-start|p1a: Sapo|move: Leech Seed\n|\n|-heal|p2a: Ferrothorn|69\/100|[from] item: Leftovers\n|-damage|p1a: Sapo|7\/100|[from] Leech Seed|[of] p2a: Ferrothorn\n|-heal|p2a: Ferrothorn|79\/100|[silent]\n|upkeep\n|turn|13\n|c|\u2606PeppsiAsiEs|no sabia que aprendia close combat mano\n|\n|t:|1699833487\n|switch|p1a: Pollita|Iron Moth|88\/100\n|move|p2a: Ferrothorn|Protect||[still]\n|-fail|p2a: Ferrothorn\n|\n|-heal|p2a: Ferrothorn|85\/100|[from] item: Leftovers\n|upkeep\n|turn|14\n|\n|t:|1699833504\n|move|p2a: Ferrothorn|Protect|p2a: Ferrothorn\n|-singleturn|p2a: Ferrothorn|Protect\n|move|p1a: Pollita|Fiery Dance|p2a: Ferrothorn\n|-activate|p2a: Ferrothorn|move: Protect\n|\n|-heal|p2a: Ferrothorn|91\/100|[from] item: Leftovers\n|upkeep\n|turn|15\n|\n|t:|1699833515\n|switch|p2a: Excadrill|Excadrill, M|100\/100\n|-ability|p2a: Excadrill|Mold Breaker\n|move|p1a: Pollita|Fiery Dance|p2a: Excadrill\n|-supereffective|p2a: Excadrill\n|-damage|p2a: Excadrill|0 fnt\n|-boost|p1a: Pollita|spa|1\n|faint|p2a: Excadrill\n|\n|upkeep\n|\n|t:|1699833523\n|switch|p2a: Jirachi|Jirachi, shiny|100\/100\n|turn|16\n|\n|t:|1699833533\n|-terastallize|p1a: Pollita|Ground\n|move|p2a: Jirachi|Psychic|p1a: Pollita\n|-damage|p1a: Pollita|51\/100\n|move|p1a: Pollita|Fiery Dance|p2a: Jirachi\n|-supereffective|p2a: Jirachi\n|-damage|p2a: Jirachi|0 fnt\n|faint|p2a: Jirachi\n|\n|upkeep\n|c|\u2606PeppsiAsiEs|wa\n|c| Fabrizio8|khe esta pasando\n|\n|t:|1699833542\n|switch|p2a: Celesteela|Celesteela|100\/100\n|turn|17\n|\n|t:|1699833548\n|move|p1a: Pollita|Fiery Dance|p2a: Celesteela\n|-supereffective|p2a: Celesteela\n|-damage|p2a: Celesteela|12\/100\n|move|p2a: Celesteela|Leech Seed|p1a: Pollita|[miss]\n|-miss|p2a: Celesteela|p1a: Pollita\n|\n|-heal|p2a: Celesteela|18\/100|[from] item: Leftovers\n|upkeep\n|turn|18\n|c| Fabrizio8|lol\n|c| Sylveon(404)|ggs\n|c| Fabrizio8|pep luego nos besamos\n|c|\u2606PeppsiAsiEs|El close combat del scizor\n|c|\u2606PeppsiAsiEs|me cago\n|\n|t:|1699833567\n|move|p2a: Celesteela|Protect|p2a: Celesteela\n|-singleturn|p2a: Celesteela|Protect\n|move|p1a: Pollita|Fiery Dance|p2a: Celesteela\n|-activate|p2a: Celesteela|move: Protect\n|\n|-heal|p2a: Celesteela|24\/100|[from] item: Leftovers\n|upkeep\n|turn|19\n|\n|t:|1699833575\n|move|p1a: Pollita|Fiery Dance|p2a: Celesteela\n|-supereffective|p2a: Celesteela\n|-damage|p2a: Celesteela|0 fnt\n|-boost|p1a: Pollita|spa|1\n|faint|p2a: Celesteela\n|\n|upkeep\n|\n|t:|1699833578\n|switch|p2a: Ferrothorn|Ferrothorn, F|91\/100\n|turn|20\n|c|\u2606PeppsiAsiEs|wa\n|\n|t:|1699833589\n|move|p1a: Pollita|Fiery Dance|p2a: Ferrothorn\n|-supereffective|p2a: Ferrothorn\n|-damage|p2a: Ferrothorn|0 fnt\n|-boost|p1a: Pollita|spa|1\n|faint|p2a: Ferrothorn\n|\n|win|ericmont\n|c|\u2606ericmont|gg\n|l| Sylveon(404)\n|l|\u2606PeppsiAsiEs\n","uploadtime":1699833632,"views":16,"p1id":"ericmont","p2id":"peppsiasies","formatid":"gen9nationaldex","rating":0,"private":0,"password":""}