{"id":"gen9nationaldex-1997879248","p1":"boppydop","p2":"pokemontrainer456","format":"[Gen 9] National Dex","log":"|html|<div class=\"broadcast-blue\"><strong>[Gen 9] National Dex is currently suspecting Sneasler! For information on how to participate check out the <a href=\"https:\/\/www.smogon.com\/forums\/threads\/sv-national-dex-suspect-8-just-dance.3731534\/\">suspect thread<\/a>.<\/strong><\/div>\n|j|\u2606boppydop\n|j|\u2606pokemontrainer456\n|t:|1700862900\n|gametype|singles\n|player|p1|boppydop|twins-gen4dp|\n|player|p2|pokemontrainer456|red-masters|\n|teamsize|p1|6\n|teamsize|p2|6\n|gen|9\n|tier|[Gen 9] National Dex\n|rule|HP Percentage Mod: HP is shown in percentages\n|rule|Endless Battle Clause: Forcing endless battles is banned\n|rule|OHKO Clause: OHKO moves are banned\n|rule|Evasion Clause: Evasion abilities, items, and moves are banned\n|rule|Evasion Abilities Clause: Evasion abilities are banned\n|rule|Evasion Items Clause: Evasion items are banned\n|rule|Evasion Moves Clause: Evasion moves are banned\n|rule|Species Clause: Limit one of each Pok\u00e9mon\n|rule|Sleep Clause Mod: Limit one foe put to sleep\n|clearpoke\n|poke|p1|Darmanitan, M|\n|poke|p1|Glalie, M|\n|poke|p1|Pawmot, F|\n|poke|p1|Golem-Alola, F|\n|poke|p1|Snorlax, M|\n|poke|p1|Grimmsnarl, M|\n|poke|p2|Slowking-Galar, M|\n|poke|p2|Tornadus-Therian, M|\n|poke|p2|Clefable, M|\n|poke|p2|Great Tusk|\n|poke|p2|Kyurem|\n|poke|p2|Ferrothorn, F|\n|teampreview\n|inactive|Battle timer is ON: inactive players will automatically lose when time's up. (requested by boppydop)\n|c|\u2606boppydop|point\n|c|\u2606boppydop|what\n|c|\u2606boppydop|??\n|\n|t:|1700862918\n|start\n|switch|p1a: Glalie|Glalie, M|100\/100\n|switch|p2a: Ferrothorn|Ferrothorn, F|100\/100\n|turn|1\n|\n|t:|1700862925\n|detailschange|p1a: Glalie|Glalie-Mega, M\n|-mega|p1a: Glalie|Glalie|Glalitite\n|move|p1a: Glalie|Double-Edge|p2a: Ferrothorn\n|-damage|p2a: Ferrothorn|44\/100\n|-damage|p1a: Glalie|88\/100|[from] ability: Iron Barbs|[of] p2a: Ferrothorn\n|-damage|p1a: Glalie|66\/100|[from] Recoil\n|move|p2a: Ferrothorn|Stealth Rock|p1a: Glalie\n|-sidestart|p1: boppydop|move: Stealth Rock\n|\n|-heal|p2a: Ferrothorn|50\/100|[from] item: Leftovers\n|upkeep\n|turn|2\n|\n|t:|1700862936\n|move|p1a: Glalie|Double-Edge|p2a: Ferrothorn\n|-damage|p2a: Ferrothorn|0 fnt\n|-damage|p1a: Glalie|54\/100|[from] ability: Iron Barbs|[of] p2a: Ferrothorn\n|faint|p2a: Ferrothorn\n|-damage|p1a: Glalie|35\/100|[from] Recoil\n|\n|upkeep\n|\n|t:|1700862945\n|switch|p2a: Slowking|Slowking-Galar, M|100\/100\n|turn|3\n|\n|t:|1700862953\n|move|p1a: Glalie|Explosion|p2a: Slowking\n|-damage|p2a: Slowking|0 fnt\n|faint|p1a: Glalie\n|faint|p2a: Slowking\n|\n|upkeep\n|c|\u2606boppydop|boom\n|\n|t:|1700862968\n|switch|p1a: Snorlax|Snorlax, M|100\/100\n|switch|p2a: Kyurem|Kyurem|100\/100\n|-ability|p2a: Kyurem|Pressure\n|-damage|p1a: Snorlax|88\/100|[from] Stealth Rock\n|turn|4\n|\n|t:|1700862975\n|move|p2a: Kyurem|Ancient Power|p1a: Snorlax\n|-crit|p1a: Snorlax\n|-damage|p1a: Snorlax|66\/100\n|-boost|p2a: Kyurem|atk|1\n|-boost|p2a: Kyurem|def|1\n|-boost|p2a: Kyurem|spa|1\n|-boost|p2a: Kyurem|spd|1\n|-boost|p2a: Kyurem|spe|1\n|move|p1a: Snorlax|Belly Drum|p1a: Snorlax\n|-damage|p1a: Snorlax|16\/100\n|-setboost|p1a: Snorlax|atk|6|[from] move: Belly Drum\n|\n|upkeep\n|turn|5\n|-enditem|p1a: Snorlax|Custap Berry|[eat]\n|-activate|p1a: Snorlax|item: Custap Berry|[consumed]\n|\n|t:|1700862982\n|move|p1a: Snorlax|Self-Destruct|p2a: Kyurem\n|-damage|p2a: Kyurem|0 fnt\n|faint|p1a: Snorlax\n|faint|p2a: Kyurem\n|\n|upkeep\n|\n|t:|1700862988\n|switch|p2a: Great Tusk|Great Tusk|100\/100\n|switch|p1a: Grimmsnarl|Grimmsnarl, M|100\/100\n|-damage|p1a: Grimmsnarl|88\/100|[from] Stealth Rock\n|-enditem|p2a: Great Tusk|Booster Energy\n|-activate|p2a: Great Tusk|ability: Protosynthesis|[fromitem]\n|-start|p2a: Great Tusk|protosynthesisatk\n|turn|6\n|c|\u2606pokemontrainer456|oh my god\n|\n|t:|1700862996\n|move|p1a: Grimmsnarl|Reflect|p1a: Grimmsnarl\n|-sidestart|p1: boppydop|Reflect\n|move|p2a: Great Tusk|Close Combat|p1a: Grimmsnarl\n|-damage|p1a: Grimmsnarl|37\/100\n|-unboost|p2a: Great Tusk|def|1\n|-unboost|p2a: Great Tusk|spd|1\n|\n|upkeep\n|turn|7\n|c|\u2606boppydop|AHHAHA\n|\n|t:|1700863003\n|move|p1a: Grimmsnarl|Light Screen|p1a: Grimmsnarl\n|-sidestart|p1: boppydop|move: Light Screen\n|move|p2a: Great Tusk|Close Combat|p1a: Grimmsnarl\n|-damage|p1a: Grimmsnarl|0 fnt\n|-unboost|p2a: Great Tusk|def|1\n|-unboost|p2a: Great Tusk|spd|1\n|faint|p1a: Grimmsnarl\n|\n|upkeep\n|\n|t:|1700863007\n|switch|p1a: Pawmot|Pawmot, F|100\/100\n|-damage|p1a: Pawmot|94\/100|[from] Stealth Rock\n|turn|8\n|c|\u2606pokemontrainer456|no way im losing to a mine field\n|\n|t:|1700863018\n|move|p1a: Pawmot|Revival Blessing|p1a: Pawmot\n|-enditem|p1a: Pawmot|Leppa Berry|[eat]\n|-activate|p1a: Pawmot|item: Leppa Berry|Revival Blessing|[consumed]\n|\n|t:|1700863027\n|-heal|p1: Glalie|50\/100|[from] move: Revival Blessing\n|move|p2a: Great Tusk|Close Combat|p1a: Pawmot\n|-damage|p1a: Pawmot|28\/100\n|-unboost|p2a: Great Tusk|def|1\n|-unboost|p2a: Great Tusk|spd|1\n|\n|upkeep\n|turn|9\n|\n|t:|1700863032\n|move|p1a: Pawmot|Revival Blessing|p1a: Pawmot\n|\n|t:|1700863035\n|-heal|p1: Snorlax|50\/100|[from] move: Revival Blessing\n|move|p2a: Great Tusk|Close Combat|p1a: Pawmot\n|-damage|p1a: Pawmot|0 fnt\n|-unboost|p2a: Great Tusk|def|1\n|-unboost|p2a: Great Tusk|spd|1\n|faint|p1a: Pawmot\n|\n|upkeep\n|\n|t:|1700863039\n|switch|p1a: Glalie|Glalie-Mega, M|50\/100\n|-damage|p1a: Glalie|25\/100|[from] Stealth Rock\n|turn|10\n|\n|t:|1700863048\n|move|p1a: Glalie|Explosion|p2a: Great Tusk\n|-supereffective|p2a: Great Tusk\n|-damage|p2a: Great Tusk|0 fnt\n|faint|p1a: Glalie\n|faint|p2a: Great Tusk\n|-end|p2a: Great Tusk|Protosynthesis|[silent]\n|\n|upkeep\n|c|\u2606boppydop|ALL HAIL BOOM\n|\n|t:|1700863056\n|switch|p1a: Darmanitan|Darmanitan, M|100\/100\n|switch|p2a: Tornadus|Tornadus-Therian, M|100\/100\n|-damage|p1a: Darmanitan|76\/100|[from] Stealth Rock\n|turn|11\n|\n|t:|1700863065\n|-terastallize|p1a: Darmanitan|Fire\n|move|p1a: Darmanitan|Flare Blitz|p2a: Tornadus\n|-damage|p2a: Tornadus|0 fnt\n|faint|p2a: Tornadus\n|-damage|p1a: Darmanitan|48\/100|[from] Recoil\n|\n|upkeep\n|\n|t:|1700863069\n|switch|p2a: Clefable|Clefable, M|100\/100\n|turn|12\n|\n|t:|1700863074\n|move|p1a: Darmanitan|Flare Blitz|p2a: Clefable\n|-damage|p2a: Clefable|0 fnt\n|faint|p2a: Clefable\n|-damage|p1a: Darmanitan|10\/100|[from] Recoil\n|\n|win|boppydop\n|c|\u2606pokemontrainer456|...\n|c|\u2606boppydop|oh my god.\n","uploadtime":1700863087,"views":5,"p1id":"boppydop","p2id":"pokemontrainer456","formatid":"gen9nationaldex","rating":0,"private":0,"password":""}