{"id":"gen9nationaldex-1993524297","p1":"Torkonpeter","p2":"mushroomtester","format":"[Gen 9] National Dex","log":"|j|\u2606Torkonpeter\n|j|\u2606mushroomtester\n|t:|1700327899\n|gametype|singles\n|player|p1|Torkonpeter|hilbert|\n|player|p2|mushroomtester|caitlin|\n|teamsize|p1|6\n|teamsize|p2|6\n|gen|9\n|tier|[Gen 9] National Dex\n|rule|HP Percentage Mod: HP is shown in percentages\n|rule|Endless Battle Clause: Forcing endless battles is banned\n|rule|OHKO Clause: OHKO moves are banned\n|rule|Evasion Clause: Evasion abilities, items, and moves are banned\n|rule|Evasion Abilities Clause: Evasion abilities are banned\n|rule|Evasion Items Clause: Evasion items are banned\n|rule|Evasion Moves Clause: Evasion moves are banned\n|rule|Species Clause: Limit one of each Pok\u00e9mon\n|rule|Sleep Clause Mod: Limit one foe put to sleep\n|clearpoke\n|poke|p1|Seedot, M|\n|poke|p1|Poochyena, M|\n|poke|p1|Whismur, M|\n|poke|p1|Feebas, F|\n|poke|p1|Slakoth, F|\n|poke|p1|Tynamo, F|\n|poke|p2|Feebas, F|\n|poke|p2|Magikarp, M|\n|poke|p2|Seedot, F|\n|poke|p2|Poochyena, F|\n|poke|p2|Whismur, F|\n|poke|p2|Applin, F|\n|teampreview\n|\n|t:|1700327912\n|start\n|switch|p1a: Tynamo|Tynamo, F|100\/100\n|switch|p2a: Seedot|Seedot, F|100\/100\n|turn|1\n|\n|t:|1700327919\n|move|p2a: Seedot|Toxic|p1a: Tynamo\n|-status|p1a: Tynamo|tox\n|move|p1a: Tynamo|Thunder Wave|p2a: Seedot\n|-status|p2a: Seedot|par\n|\n|-damage|p1a: Tynamo|94\/100 tox|[from] psn\n|upkeep\n|turn|2\n|\n|t:|1700327924\n|move|p2a: Seedot|Protect|p2a: Seedot\n|-singleturn|p2a: Seedot|Protect\n|move|p1a: Tynamo|Knock Off|p2a: Seedot\n|-activate|p2a: Seedot|move: Protect\n|\n|-damage|p1a: Tynamo|82\/100 tox|[from] psn\n|upkeep\n|turn|3\n|\n|t:|1700327949\n|move|p1a: Tynamo|Knock Off|p2a: Seedot\n|-damage|p2a: Seedot|81\/100 par\n|move|p2a: Seedot|Body Slam|p1a: Tynamo\n|-damage|p1a: Tynamo|65\/100 tox\n|\n|-damage|p1a: Tynamo|46\/100 tox|[from] psn\n|upkeep\n|turn|4\n|\n|t:|1700327959\n|switch|p1a: Sonic|Poochyena, M, shiny|100\/100\n|cant|p2a: Seedot|par\n|\n|upkeep\n|turn|5\n|\n|t:|1700327960\n|move|p1a: Sonic|Heal Bell|p1a: Sonic\n|-activate|p1a: Sonic|move: Heal Bell\n|-curestatus|p1: Tynamo|tox|[msg]\n|move|p2a: Seedot|Explosion|p1a: Sonic\n|-damage|p1a: Sonic|71\/100\n|faint|p2a: Seedot\n|\n|upkeep\n|\n|t:|1700327970\n|switch|p2a: Feebas|Feebas, F|100\/100\n|turn|6\n|c|\u2606Torkonpeter|ok ?\n|\n|t:|1700327977\n|switch|p1a: Whismur|Whismur, M, shiny|100\/100\n|move|p2a: Feebas|Rain Dance|p2a: Feebas\n|-weather|RainDance\n|\n|-weather|RainDance|[upkeep]\n|upkeep\n|turn|7\n|\n|t:|1700327993\n|switch|p2a: Magikarp|Magikarp, M|100\/100\n|switch|p1a: Seedot|Seedot, M|100\/100\n|\n|-weather|RainDance|[upkeep]\n|upkeep\n|turn|8\n|\n|t:|1700327997\n|move|p2a: Magikarp|Bounce||[still]\n|-prepare|p2a: Magikarp|Bounce\n|move|p1a: Seedot|Toxic|p2a: Magikarp|[miss]\n|-miss|p1a: Seedot|p2a: Magikarp\n|\n|-weather|RainDance|[upkeep]\n|upkeep\n|turn|9\n|\n|t:|1700327999\n|move|p1a: Seedot|Protect|p1a: Seedot\n|-singleturn|p1a: Seedot|Protect\n|move|p2a: Magikarp|Bounce|p1a: Seedot|[from]lockedmove\n|-activate|p1a: Seedot|move: Protect\n|\n|-weather|RainDance|[upkeep]\n|upkeep\n|turn|10\n|\n|t:|1700328006\n|move|p2a: Magikarp|Hydro Pump|p1a: Seedot\n|-resisted|p1a: Seedot\n|-damage|p1a: Seedot|72\/100\n|move|p1a: Seedot|Toxic|p2a: Magikarp\n|-status|p2a: Magikarp|tox\n|\n|-weather|none\n|-damage|p2a: Magikarp|94\/100 tox|[from] psn\n|upkeep\n|turn|11\n|\n|t:|1700328014\n|move|p1a: Seedot|Protect|p1a: Seedot\n|-singleturn|p1a: Seedot|Protect\n|move|p2a: Magikarp|Bounce||[still]\n|-prepare|p2a: Magikarp|Bounce\n|\n|-damage|p2a: Magikarp|82\/100 tox|[from] psn\n|upkeep\n|turn|12\n|\n|t:|1700328020\n|switch|p1a: Tynamo|Tynamo, F|46\/100\n|move|p2a: Magikarp|Bounce|p1a: Tynamo|[from]lockedmove\n|-resisted|p1a: Tynamo\n|-damage|p1a: Tynamo|36\/100\n|\n|-damage|p2a: Magikarp|64\/100 tox|[from] psn\n|upkeep\n|turn|13\n|\n|t:|1700328028\n|switch|p1a: Seedot|Seedot, M|72\/100\n|move|p2a: Magikarp|Hydro Pump|p1a: Seedot\n|-resisted|p1a: Seedot\n|-damage|p1a: Seedot|52\/100\n|\n|-damage|p2a: Magikarp|40\/100 tox|[from] psn\n|upkeep\n|turn|14\n|\n|t:|1700328036\n|move|p2a: Magikarp|Bounce||[still]\n|-prepare|p2a: Magikarp|Bounce\n|move|p1a: Seedot|Hidden Power|p2a: Magikarp|[miss]\n|-miss|p1a: Seedot|p2a: Magikarp\n|\n|-damage|p2a: Magikarp|10\/100 tox|[from] psn\n|upkeep\n|turn|15\n|\n|t:|1700328041\n|move|p1a: Seedot|Protect|p1a: Seedot\n|-singleturn|p1a: Seedot|Protect\n|move|p2a: Magikarp|Bounce|p1a: Seedot|[from]lockedmove\n|-activate|p1a: Seedot|move: Protect\n|\n|-damage|p2a: Magikarp|0 fnt|[from] psn\n|faint|p2a: Magikarp\n|upkeep\n|\n|t:|1700328045\n|switch|p2a: Applin|Applin, F|100\/100\n|turn|16\n|\n|t:|1700328050\n|move|p1a: Seedot|Protect||[still]\n|-fail|p1a: Seedot\n|move|p2a: Applin|Attract|p1a: Seedot\n|-start|p1a: Seedot|Attract\n|\n|upkeep\n|turn|17\n|c|\u2606Torkonpeter|i am dumb\n|\n|t:|1700328061\n|switch|p1a: Whismur|Whismur, M, shiny|100\/100\n|move|p2a: Applin|Draco Meteor|p1a: Whismur\n|-damage|p1a: Whismur|77\/100\n|-unboost|p2a: Applin|spa|2\n|\n|upkeep\n|turn|18\n|\n|t:|1700328074\n|switch|p2a: Poochyena|Poochyena, F|100\/100\n|move|p1a: Whismur|Circle Throw|p2a: Poochyena|[miss]\n|-miss|p1a: Whismur|p2a: Poochyena\n|\n|upkeep\n|turn|19\n|\n|t:|1700328082\n|switch|p1a: Slakoth|Slakoth, F|100\/100\n|move|p2a: Poochyena|Taunt|p1a: Slakoth\n|-start|p1a: Slakoth|move: Taunt\n|\n|upkeep\n|turn|20\n|\n|t:|1700328087\n|switch|p2a: Applin|Applin, F|100\/100\n|move|p1a: Slakoth|Hammer Arm|p2a: Applin\n|-damage|p2a: Applin|87\/100\n|-unboost|p1a: Slakoth|spe|1\n|\n|upkeep\n|turn|21\n|\n|t:|1700328093\n|switch|p1a: Whismur|Whismur, M, shiny|77\/100\n|move|p2a: Applin|Draco Meteor|p1a: Whismur|[miss]\n|-miss|p2a: Applin|p1a: Whismur\n|\n|upkeep\n|turn|22\n|\n|t:|1700328099\n|switch|p2a: Poochyena|Poochyena, F|100\/100\n|move|p1a: Whismur|Circle Throw|p2a: Poochyena\n|-supereffective|p2a: Poochyena\n|-damage|p2a: Poochyena|83\/100\n|drag|p2a: Applin|Applin, F|87\/100\n|\n|upkeep\n|turn|23\n|\n|t:|1700328104\n|move|p1a: Whismur|Seismic Toss|p2a: Applin\n|-damage|p2a: Applin|52\/100\n|move|p2a: Applin|Draco Meteor|p1a: Whismur\n|-damage|p1a: Whismur|55\/100\n|-unboost|p2a: Applin|spa|2\n|\n|upkeep\n|turn|24\n|\n|t:|1700328112\n|switch|p2a: Poochyena|Poochyena, F|83\/100\n|move|p1a: Whismur|Seismic Toss|p2a: Poochyena\n|-damage|p2a: Poochyena|46\/100\n|\n|upkeep\n|turn|25\n|\n|t:|1700328121\n|move|p2a: Poochyena|Taunt|p1a: Whismur\n|-start|p1a: Whismur|move: Taunt\n|move|p1a: Whismur|Circle Throw|p2a: Poochyena\n|-supereffective|p2a: Poochyena\n|-damage|p2a: Poochyena|29\/100\n|drag|p2a: Applin|Applin, F|52\/100\n|\n|upkeep\n|turn|26\n|\n|t:|1700328132\n|switch|p1a: Slakoth|Slakoth, F|100\/100\n|move|p2a: Applin|Draco Meteor|p1a: Slakoth\n|-damage|p1a: Slakoth|79\/100\n|-unboost|p2a: Applin|spa|2\n|\n|upkeep\n|turn|27\n|\n|t:|1700328140\n|move|p1a: Slakoth|Bulk Up|p1a: Slakoth\n|-boost|p1a: Slakoth|atk|1\n|-boost|p1a: Slakoth|def|1\n|move|p2a: Applin|Grassy Glide|p1a: Slakoth\n|-damage|p1a: Slakoth|72\/100\n|\n|upkeep\n|turn|28\n|\n|t:|1700328146\n|switch|p2a: Feebas|Feebas, F|100\/100\n|cant|p1a: Slakoth|ability: Truant\n|\n|upkeep\n|turn|29\n|\n|t:|1700328149\n|move|p2a: Feebas|Toxic|p1a: Slakoth\n|-status|p1a: Slakoth|tox\n|move|p1a: Slakoth|Hammer Arm|p2a: Feebas|[miss]\n|-miss|p1a: Slakoth|p2a: Feebas\n|\n|-damage|p1a: Slakoth|66\/100 tox|[from] psn\n|upkeep\n|turn|30\n|\n|t:|1700328158\n|switch|p1a: Feebas|Feebas, F, shiny|100\/100\n|move|p2a: Feebas|Rain Dance|p2a: Feebas\n|-weather|RainDance\n|\n|-weather|RainDance|[upkeep]\n|upkeep\n|turn|31\n|\n|t:|1700328163\n|move|p1a: Feebas|Protect|p1a: Feebas\n|-singleturn|p1a: Feebas|Protect\n|move|p2a: Feebas|Toxic|p1a: Feebas\n|-activate|p1a: Feebas|move: Protect\n|\n|-weather|RainDance|[upkeep]\n|upkeep\n|turn|32\n|\n|t:|1700328168\n|move|p2a: Feebas|Toxic|p1a: Feebas\n|-status|p1a: Feebas|tox\n|move|p1a: Feebas|Toxic|p2a: Feebas\n|-status|p2a: Feebas|tox\n|\n|-weather|RainDance|[upkeep]\n|-damage|p2a: Feebas|94\/100 tox|[from] psn\n|-damage|p1a: Feebas|94\/100 tox|[from] psn\n|upkeep\n|turn|33\n|\n|t:|1700328175\n|switch|p1a: Whismur|Whismur, M, shiny|55\/100\n|move|p2a: Feebas|Surf|p1a: Whismur\n|-damage|p1a: Whismur|18\/100\n|-damage|p2a: Feebas|85\/100 tox|[from] item: Life Orb\n|\n|-weather|RainDance|[upkeep]\n|-damage|p2a: Feebas|72\/100 tox|[from] psn\n|upkeep\n|turn|34\n|\n|t:|1700328186\n|move|p2a: Feebas|Surf|p1a: Whismur\n|-damage|p1a: Whismur|0 fnt\n|faint|p1a: Whismur\n|-damage|p2a: Feebas|62\/100 tox|[from] item: Life Orb\n|\n|-weather|none\n|-damage|p2a: Feebas|44\/100 tox|[from] psn\n|upkeep\n|\n|t:|1700328188\n|switch|p1a: Sonic|Poochyena, M, shiny|71\/100\n|turn|35\n|\n|t:|1700328193\n|move|p2a: Feebas|Toxic|p1a: Sonic\n|-status|p1a: Sonic|tox\n|move|p1a: Sonic|Heal Bell|p1a: Sonic\n|-activate|p1a: Sonic|move: Heal Bell\n|-curestatus|p1a: Sonic|tox|[msg]\n|-curestatus|p1: Slakoth|tox|[msg]\n|-curestatus|p1: Feebas|tox|[msg]\n|\n|-damage|p2a: Feebas|19\/100 tox|[from] psn\n|upkeep\n|turn|36\n|\n|t:|1700328200\n|switch|p2a: Poochyena|Poochyena, F|29\/100\n|move|p1a: Sonic|Protect||[still]\n|-fail|p1a: Sonic\n|\n|upkeep\n|turn|37\n|\n|t:|1700328203\n|move|p2a: Poochyena|Heal Bell|p2a: Poochyena\n|-activate|p2a: Poochyena|move: Heal Bell\n|-curestatus|p2: Feebas|tox|[msg]\n|move|p1a: Sonic|Fire Fang|p2a: Poochyena\n|-damage|p2a: Poochyena|19\/100\n|\n|upkeep\n|turn|38\n|\n|t:|1700328210\n|move|p1a: Sonic|Fire Fang|p2a: Poochyena\n|-damage|p2a: Poochyena|9\/100\n|move|p2a: Poochyena|Rain Dance|p2a: Poochyena\n|-weather|RainDance\n|\n|-weather|RainDance|[upkeep]\n|upkeep\n|turn|39\n|\n|t:|1700328218\n|move|p1a: Sonic|Crunch|p2a: Poochyena\n|-resisted|p2a: Poochyena\n|-damage|p2a: Poochyena|0 fnt\n|faint|p2a: Poochyena\n|\n|-weather|RainDance|[upkeep]\n|upkeep\n|\n|t:|1700328220\n|switch|p2a: Feebas|Feebas, F|19\/100\n|turn|40\n|\n|t:|1700328223\n|move|p1a: Sonic|Protect|p1a: Sonic\n|-singleturn|p1a: Sonic|Protect\n|move|p2a: Feebas|Surf|p1a: Sonic\n|-activate|p1a: Sonic|move: Protect\n|\n|-weather|RainDance|[upkeep]\n|upkeep\n|turn|41\n|\n|t:|1700328230\n|switch|p1a: Feebas|Feebas, F, shiny|94\/100\n|move|p2a: Feebas|Surf|p1a: Feebas\n|-resisted|p1a: Feebas\n|-damage|p1a: Feebas|61\/100\n|-damage|p2a: Feebas|10\/100|[from] item: Life Orb\n|\n|-weather|RainDance|[upkeep]\n|upkeep\n|turn|42\n|\n|t:|1700328238\n|move|p2a: Feebas|Surf|p1a: Feebas\n|-resisted|p1a: Feebas\n|-damage|p1a: Feebas|30\/100\n|-damage|p2a: Feebas|0 fnt|[from] item: Life Orb\n|faint|p2a: Feebas\n|move|p1a: Feebas|Brine|p2: Feebas|[notarget]\n|-fail|p1a: Feebas\n|\n|-weather|none\n|upkeep\n|\n|t:|1700328241\n|switch|p2a: Applin|Applin, F|52\/100\n|turn|43\n|\n|t:|1700328246\n|move|p1a: Feebas|Protect|p1a: Feebas\n|-singleturn|p1a: Feebas|Protect\n|move|p2a: Applin|Grassy Glide|p1a: Feebas\n|-activate|p1a: Feebas|move: Protect\n|\n|upkeep\n|turn|44\n|\n|t:|1700328252\n|move|p1a: Feebas|Hypnosis|p2a: Applin\n|-status|p2a: Applin|slp|[from] move: Hypnosis\n|cant|p2a: Applin|slp\n|\n|upkeep\n|turn|45\n|\n|t:|1700328261\n|switch|p1a: Seedot|Seedot, M|52\/100\n|-curestatus|p2a: Applin|slp|[msg]\n|move|p2a: Applin|Grassy Glide|p1a: Seedot\n|-resisted|p1a: Seedot\n|-damage|p1a: Seedot|48\/100\n|\n|upkeep\n|turn|46\n|\n|t:|1700328265\n|move|p1a: Seedot|Hidden Power|p2a: Applin\n|-supereffective|p2a: Applin\n|-damage|p2a: Applin|30\/100\n|move|p2a: Applin|Attract|p1a: Seedot\n|-start|p1a: Seedot|Attract\n|\n|upkeep\n|turn|47\n|\n|t:|1700328279\n|switch|p1a: Slakoth|Slakoth, F|66\/100\n|move|p2a: Applin|Draco Meteor|p1a: Slakoth\n|-damage|p1a: Slakoth|45\/100\n|-unboost|p2a: Applin|spa|2\n|\n|upkeep\n|turn|48\n|\n|t:|1700328284\n|move|p1a: Slakoth|Slack Off|p1a: Slakoth\n|-heal|p1a: Slakoth|95\/100\n|move|p2a: Applin|Grassy Glide|p1a: Slakoth\n|-damage|p1a: Slakoth|86\/100\n|\n|upkeep\n|turn|49\n|\n|t:|1700328298\n|switch|p2a: Whismur|Whismur, F|100\/100\n|cant|p1a: Slakoth|ability: Truant\n|\n|upkeep\n|turn|50\n|\n|t:|1700328302\n|move|p2a: Whismur|Protect|p2a: Whismur\n|-singleturn|p2a: Whismur|Protect\n|move|p1a: Slakoth|Hammer Arm|p2a: Whismur\n|-activate|p2a: Whismur|move: Protect\n|\n|upkeep\n|turn|51\n|\n|t:|1700328306\n|cant|p1a: Slakoth|ability: Truant\n|move|p2a: Whismur|Flamethrower|p1a: Slakoth\n|-damage|p1a: Slakoth|74\/100\n|\n|upkeep\n|turn|52\n|\n|t:|1700328316\n|move|p2a: Whismur|Protect|p2a: Whismur\n|-singleturn|p2a: Whismur|Protect\n|move|p1a: Slakoth|Slack Off|p1a: Slakoth\n|-heal|p1a: Slakoth|100\/100\n|\n|upkeep\n|turn|53\n|\n|t:|1700328319\n|cant|p1a: Slakoth|ability: Truant\n|move|p2a: Whismur|Seismic Toss|p1a: Slakoth\n|-damage|p1a: Slakoth|70\/100\n|\n|upkeep\n|turn|54\n|\n|t:|1700328325\n|move|p1a: Slakoth|Slack Off|p1a: Slakoth\n|-heal|p1a: Slakoth|100\/100\n|move|p2a: Whismur|Seismic Toss|p1a: Slakoth\n|-damage|p1a: Slakoth|70\/100\n|\n|upkeep\n|turn|55\n|\n|t:|1700328328\n|cant|p1a: Slakoth|ability: Truant\n|move|p2a: Whismur|Seismic Toss|p1a: Slakoth\n|-damage|p1a: Slakoth|39\/100\n|\n|upkeep\n|turn|56\n|\n|t:|1700328332\n|move|p2a: Whismur|Protect|p2a: Whismur\n|-singleturn|p2a: Whismur|Protect\n|move|p1a: Slakoth|Hammer Arm|p2a: Whismur\n|-activate|p2a: Whismur|move: Protect\n|\n|upkeep\n|turn|57\n|\n|t:|1700328335\n|cant|p1a: Slakoth|ability: Truant\n|move|p2a: Whismur|Seismic Toss|p1a: Slakoth\n|-damage|p1a: Slakoth|8\/100\n|\n|upkeep\n|turn|58\n|\n|t:|1700328345\n|move|p2a: Whismur|Protect|p2a: Whismur\n|-singleturn|p2a: Whismur|Protect\n|move|p1a: Slakoth|Hammer Arm|p2a: Whismur\n|-activate|p2a: Whismur|move: Protect\n|\n|upkeep\n|turn|59\n|\n|t:|1700328348\n|switch|p1a: Tynamo|Tynamo, F|36\/100\n|move|p2a: Whismur|Seismic Toss|p1a: Tynamo\n|-damage|p1a: Tynamo|0 fnt\n|faint|p1a: Tynamo\n|\n|upkeep\n|\n|t:|1700328350\n|switch|p1a: Slakoth|Slakoth, F|8\/100\n|turn|60\n|\n|t:|1700328357\n|move|p2a: Whismur|Protect|p2a: Whismur\n|-singleturn|p2a: Whismur|Protect\n|move|p1a: Slakoth|Slack Off|p1a: Slakoth\n|-heal|p1a: Slakoth|58\/100\n|\n|upkeep\n|turn|61\n|\n|t:|1700328370\n|switch|p1a: Seedot|Seedot, M|48\/100\n|move|p2a: Whismur|Seismic Toss|p1a: Seedot\n|-damage|p1a: Seedot|12\/100\n|\n|upkeep\n|turn|62\n|\n|t:|1700328379\n|move|p1a: Seedot|Toxic|p2a: Whismur\n|-status|p2a: Whismur|tox\n|move|p2a: Whismur|Flamethrower|p1a: Seedot\n|-supereffective|p1a: Seedot\n|-damage|p1a: Seedot|0 fnt\n|faint|p1a: Seedot\n|\n|-damage|p2a: Whismur|94\/100 tox|[from] psn\n|upkeep\n|\n|t:|1700328386\n|switch|p1a: Slakoth|Slakoth, F|58\/100\n|turn|63\n|\n|t:|1700328390\n|move|p2a: Whismur|Protect|p2a: Whismur\n|-singleturn|p2a: Whismur|Protect\n|move|p1a: Slakoth|Slack Off|p1a: Slakoth\n|-heal|p1a: Slakoth|100\/100\n|\n|-damage|p2a: Whismur|82\/100 tox|[from] psn\n|upkeep\n|turn|64\n|\n|t:|1700328393\n|cant|p1a: Slakoth|ability: Truant\n|move|p2a: Whismur|Seismic Toss|p1a: Slakoth\n|-damage|p1a: Slakoth|70\/100\n|\n|-damage|p2a: Whismur|64\/100 tox|[from] psn\n|upkeep\n|turn|65\n|\n|t:|1700328398\n|move|p2a: Whismur|Protect|p2a: Whismur\n|-singleturn|p2a: Whismur|Protect\n|move|p1a: Slakoth|Hammer Arm|p2a: Whismur\n|-activate|p2a: Whismur|move: Protect\n|\n|-damage|p2a: Whismur|40\/100 tox|[from] psn\n|upkeep\n|turn|66\n|\n|t:|1700328401\n|cant|p1a: Slakoth|ability: Truant\n|move|p2a: Whismur|Rest|p2a: Whismur\n|-status|p2a: Whismur|slp|[from] move: Rest\n|-heal|p2a: Whismur|100\/100 slp|[silent]\n|\n|upkeep\n|turn|67\n|\n|t:|1700328406\n|cant|p2a: Whismur|slp\n|move|p1a: Slakoth|Hammer Arm|p2a: Whismur\n|-supereffective|p2a: Whismur\n|-damage|p2a: Whismur|37\/100 slp\n|-unboost|p1a: Slakoth|spe|1\n|\n|upkeep\n|turn|68\n|\n|t:|1700328413\n|switch|p1a: Feebas|Feebas, F, shiny|30\/100\n|cant|p2a: Whismur|slp\n|\n|upkeep\n|turn|69\n|\n|t:|1700328418\n|-curestatus|p2a: Whismur|slp|[msg]\n|move|p2a: Whismur|Protect|p2a: Whismur\n|-singleturn|p2a: Whismur|Protect\n|move|p1a: Feebas|Brine|p2a: Whismur\n|-activate|p2a: Whismur|move: Protect\n|\n|upkeep\n|turn|70\n|\n|t:|1700328425\n|move|p1a: Feebas|Toxic|p2a: Whismur\n|-status|p2a: Whismur|tox\n|move|p2a: Whismur|Rest|p2a: Whismur\n|-status|p2a: Whismur|slp|[from] move: Rest\n|-heal|p2a: Whismur|100\/100 slp|[silent]\n|\n|upkeep\n|turn|71\n|\n|t:|1700328429\n|cant|p2a: Whismur|slp\n|move|p1a: Feebas|Brine|p2a: Whismur\n|-damage|p2a: Whismur|84\/100 slp\n|\n|upkeep\n|turn|72\n|\n|t:|1700328432\n|move|p1a: Feebas|Brine|p2a: Whismur\n|-damage|p2a: Whismur|66\/100 slp\n|cant|p2a: Whismur|slp\n|\n|upkeep\n|turn|73\n|\n|t:|1700328439\n|switch|p1a: Sonic|Poochyena, M, shiny|71\/100\n|-curestatus|p2a: Whismur|slp|[msg]\n|move|p2a: Whismur|Protect||[still]\n|-fail|p2a: Whismur\n|\n|upkeep\n|turn|74\n|\n|t:|1700328446\n|move|p1a: Sonic|Fire Fang|p2a: Whismur\n|-damage|p2a: Whismur|49\/100\n|move|p2a: Whismur|Seismic Toss|p1a: Sonic\n|-damage|p1a: Sonic|34\/100\n|\n|upkeep\n|turn|75\n|\n|t:|1700328452\n|move|p1a: Sonic|Fire Fang|p2a: Whismur\n|-damage|p2a: Whismur|31\/100\n|move|p2a: Whismur|Seismic Toss|p1a: Sonic\n|-damage|p1a: Sonic|0 fnt\n|faint|p1a: Sonic\n|\n|upkeep\n|\n|t:|1700328456\n|switch|p1a: Feebas|Feebas, F, shiny|30\/100\n|turn|76\n|\n|t:|1700328459\n|move|p2a: Whismur|Protect|p2a: Whismur\n|-singleturn|p2a: Whismur|Protect\n|move|p1a: Feebas|Hypnosis|p2a: Whismur\n|-activate|p2a: Whismur|move: Protect\n|\n|upkeep\n|turn|77\n|\n|t:|1700328461\n|move|p1a: Feebas|Hypnosis|p2a: Whismur|[miss]\n|-miss|p1a: Feebas|p2a: Whismur\n|move|p2a: Whismur|Seismic Toss|p1a: Feebas\n|-damage|p1a: Feebas|0 fnt\n|faint|p1a: Feebas\n|\n|upkeep\n|\n|t:|1700328464\n|switch|p1a: Slakoth|Slakoth, F|70\/100\n|turn|78\n|\n|t:|1700328468\n|move|p2a: Whismur|Protect|p2a: Whismur\n|-singleturn|p2a: Whismur|Protect\n|move|p1a: Slakoth|Hammer Arm|p2a: Whismur\n|-activate|p2a: Whismur|move: Protect\n|\n|upkeep\n|turn|79\n|\n|t:|1700328469\n|cant|p1a: Slakoth|ability: Truant\n|move|p2a: Whismur|Seismic Toss|p1a: Slakoth\n|-damage|p1a: Slakoth|39\/100\n|\n|upkeep\n|turn|80\n|\n|t:|1700328471\n|move|p2a: Whismur|Protect|p2a: Whismur\n|-singleturn|p2a: Whismur|Protect\n|move|p1a: Slakoth|Slack Off|p1a: Slakoth\n|-heal|p1a: Slakoth|89\/100\n|\n|upkeep\n|turn|81\n|\n|t:|1700328475\n|cant|p1a: Slakoth|ability: Truant\n|move|p2a: Whismur|Seismic Toss|p1a: Slakoth\n|-damage|p1a: Slakoth|58\/100\n|\n|upkeep\n|turn|82\n|\n|t:|1700328477\n|move|p1a: Slakoth|Encore|p2a: Whismur\n|-start|p2a: Whismur|Encore\n|move|p2a: Whismur|Seismic Toss|p1a: Slakoth\n|-damage|p1a: Slakoth|27\/100\n|\n|upkeep\n|turn|83\n|\n|t:|1700328481\n|cant|p1a: Slakoth|ability: Truant\n|move|p2a: Whismur|Seismic Toss|p1a: Slakoth\n|-damage|p1a: Slakoth|0 fnt\n|faint|p1a: Slakoth\n|\n|win|mushroomtester\n|c|\u2606mushroomtester|Ggs\n|c|\u2606Torkonpeter|gg\n|c|\u2606mushroomtester|Enocre is spicy on slack\n","uploadtime":1700328516,"views":15,"p1id":"torkonpeter","p2id":"mushroomtester","formatid":"gen9nationaldex","rating":0,"private":0,"password":""}