{"id":"gen9nationaldex-1997822397","p1":"pietr56","p2":"Yami Tayori","format":"[Gen 9] National Dex","log":"|html|<div class=\"broadcast-blue\"><strong>[Gen 9] National Dex is currently suspecting Sneasler! For information on how to participate check out the <a href=\"https:\/\/www.smogon.com\/forums\/threads\/sv-national-dex-suspect-8-just-dance.3731534\/\">suspect thread<\/a>.<\/strong><\/div>\n|j|\u2606pietr56\n|j|\u2606Yami Tayori\n|t:|1700856456\n|gametype|singles\n|player|p1|pietr56|red|1076\n|player|p2|Yami Tayori|steven|1050\n|teamsize|p1|6\n|teamsize|p2|6\n|gen|9\n|tier|[Gen 9] National Dex\n|rated|\n|rule|HP Percentage Mod: HP is shown in percentages\n|rule|Endless Battle Clause: Forcing endless battles is banned\n|rule|OHKO Clause: OHKO moves are banned\n|rule|Evasion Clause: Evasion abilities, items, and moves are banned\n|rule|Evasion Abilities Clause: Evasion abilities are banned\n|rule|Evasion Items Clause: Evasion items are banned\n|rule|Evasion Moves Clause: Evasion moves are banned\n|rule|Species Clause: Limit one of each Pok\u00e9mon\n|rule|Sleep Clause Mod: Limit one foe put to sleep\n|clearpoke\n|poke|p1|Quaquaval, M|\n|poke|p1|Sinistcha|\n|poke|p1|Iron Valiant|\n|poke|p1|Ursaluna, F|\n|poke|p1|Armarouge, M|\n|poke|p1|Glimmora, F|\n|poke|p2|Flygon, M|\n|poke|p2|Breloom, F|\n|poke|p2|Aggron, M|\n|poke|p2|Quaquaval, F|\n|poke|p2|Garchomp, M|\n|poke|p2|Tyranitar, M|\n|teampreview\n|\n|t:|1700856460\n|start\n|switch|p1a: Glimmora|Glimmora, F|100\/100\n|switch|p2a: Flygon|Flygon, M|100\/100\n|turn|1\n|\n|t:|1700856467\n|move|p2a: Flygon|U-turn|p1a: Glimmora\n|-resisted|p1a: Glimmora\n|-damage|p1a: Glimmora|90\/100\n|-activate|p1a: Glimmora|ability: Toxic Debris\n|-sidestart|p2: Yami Tayori|move: Toxic Spikes\n|\n|t:|1700856474\n|switch|p2a: Breloom|Breloom, F|100\/100|[from] U-turn\n|-status|p2a: Breloom|psn\n|move|p1a: Glimmora|Stealth Rock|p2a: Breloom\n|-sidestart|p2: Yami Tayori|move: Stealth Rock\n|\n|upkeep\n|turn|2\n|\n|t:|1700856487\n|move|p2a: Breloom|Spore|p1a: Glimmora\n|-status|p1a: Glimmora|slp|[from] move: Spore\n|cant|p1a: Glimmora|slp\n|\n|upkeep\n|turn|3\n|\n|t:|1700856490\n|move|p2a: Breloom|Swords Dance|p2a: Breloom\n|-boost|p2a: Breloom|atk|2\n|cant|p1a: Glimmora|slp\n|\n|upkeep\n|turn|4\n|\n|t:|1700856494\n|move|p2a: Breloom|Drain Punch|p1a: Glimmora\n|-damage|p1a: Glimmora|0 fnt\n|-activate|p1a: Glimmora|ability: Toxic Debris\n|-sidestart|p2: Yami Tayori|move: Toxic Spikes\n|faint|p1a: Glimmora\n|\n|upkeep\n|\n|t:|1700856507\n|switch|p1a: Armarouge|Armarouge, M|100\/100\n|turn|5\n|\n|t:|1700856515\n|move|p2a: Breloom|Spore|p1a: Armarouge\n|-status|p1a: Armarouge|slp|[from] move: Spore\n|cant|p1a: Armarouge|slp\n|\n|upkeep\n|turn|6\n|\n|t:|1700856525\n|move|p2a: Breloom|Gunk Shot|p1a: Armarouge\n|-damage|p1a: Armarouge|18\/100 slp\n|cant|p1a: Armarouge|slp\n|\n|upkeep\n|turn|7\n|\n|t:|1700856528\n|move|p2a: Breloom|Gunk Shot|p1a: Armarouge\n|-damage|p1a: Armarouge|0 fnt\n|faint|p1a: Armarouge\n|\n|upkeep\n|\n|t:|1700856531\n|switch|p1a: Iron Valiant|Iron Valiant|100\/100\n|turn|8\n|\n|t:|1700856539\n|move|p1a: Iron Valiant|Spirit Break|p2a: Breloom\n|-supereffective|p2a: Breloom\n|-damage|p2a: Breloom|0 fnt\n|faint|p2a: Breloom\n|\n|upkeep\n|\n|t:|1700856544\n|switch|p2a: Aggron|Aggron, M|100\/100\n|-damage|p2a: Aggron|95\/100|[from] Stealth Rock\n|turn|9\n|\n|t:|1700856554\n|-terastallize|p2a: Aggron|Ghost\n|move|p1a: Iron Valiant|Close Combat|p2a: Aggron\n|-immune|p2a: Aggron\n|move|p2a: Aggron|Heavy Slam|p1a: Iron Valiant\n|-supereffective|p1a: Iron Valiant\n|-damage|p1a: Iron Valiant|0 fnt\n|faint|p1a: Iron Valiant\n|-end|p1a: Iron Valiant|Quark Drive|[silent]\n|\n|upkeep\n|\n|t:|1700856566\n|switch|p1a: Sinistcha|Sinistcha|100\/100\n|turn|10\n|\n|t:|1700856577\n|move|p1a: Sinistcha|Night Shade|p2a: Aggron\n|-damage|p2a: Aggron|59\/100\n|move|p2a: Aggron|Heavy Slam|p1a: Sinistcha\n|-damage|p1a: Sinistcha|49\/100\n|\n|-heal|p1a: Sinistcha|55\/100|[from] item: Leftovers\n|upkeep\n|turn|11\n|\n|t:|1700856591\n|move|p1a: Sinistcha|Night Shade|p2a: Aggron\n|-damage|p2a: Aggron|24\/100\n|move|p2a: Aggron|Heavy Slam|p1a: Sinistcha\n|-damage|p1a: Sinistcha|5\/100\n|\n|-heal|p1a: Sinistcha|11\/100|[from] item: Leftovers\n|upkeep\n|turn|12\n|\n|t:|1700856601\n|move|p1a: Sinistcha|Night Shade|p2a: Aggron\n|-damage|p2a: Aggron|0 fnt\n|faint|p2a: Aggron\n|\n|-heal|p1a: Sinistcha|17\/100|[from] item: Leftovers\n|upkeep\n|\n|t:|1700856610\n|switch|p2a: Flygon|Flygon, M|100\/100\n|-damage|p2a: Flygon|95\/100|[from] Stealth Rock\n|turn|13\n|\n|t:|1700856615\n|move|p2a: Flygon|U-turn|p1a: Sinistcha\n|-damage|p1a: Sinistcha|0 fnt\n|faint|p1a: Sinistcha\n|\n|t:|1700856626\n|switch|p2a: Tyranitar|Tyranitar, M, shiny|100\/100|[from] U-turn\n|-status|p2a: Tyranitar|tox\n|-damage|p2a: Tyranitar|88\/100 tox|[from] Stealth Rock\n|-weather|Sandstorm|[from] ability: Sand Stream|[of] p2a: Tyranitar\n|\n|-weather|Sandstorm|[upkeep]\n|-heal|p2a: Tyranitar|94\/100 tox|[from] item: Leftovers\n|-damage|p2a: Tyranitar|88\/100 tox|[from] psn\n|upkeep\n|\n|t:|1700856636\n|switch|p1a: Quaquaval|Quaquaval, M|100\/100\n|turn|14\n|\n|t:|1700856645\n|move|p1a: Quaquaval|Close Combat|p2a: Tyranitar\n|-supereffective|p2a: Tyranitar\n|-damage|p2a: Tyranitar|0 fnt\n|-unboost|p1a: Quaquaval|def|1\n|-unboost|p1a: Quaquaval|spd|1\n|faint|p2a: Tyranitar\n|-ability|p1a: Quaquaval|Moxie|boost\n|-boost|p1a: Quaquaval|atk|1\n|\n|-weather|Sandstorm|[upkeep]\n|-damage|p1a: Quaquaval|94\/100|[from] Sandstorm\n|-heal|p1a: Quaquaval|100\/100|[from] item: Leftovers\n|upkeep\n|\n|t:|1700856662\n|switch|p2a: Garchomp|Garchomp, M|100\/100\n|-status|p2a: Garchomp|tox\n|-damage|p2a: Garchomp|94\/100 tox|[from] Stealth Rock\n|turn|15\n|\n|t:|1700856673\n|detailschange|p2a: Garchomp|Garchomp-Mega, M\n|-mega|p2a: Garchomp|Garchomp|Garchompite\n|move|p2a: Garchomp|Earthquake|p1a: Quaquaval\n|-damage|p1a: Quaquaval|0 fnt\n|faint|p1a: Quaquaval\n|\n|-weather|Sandstorm|[upkeep]\n|-damage|p2a: Garchomp|88\/100 tox|[from] psn\n|upkeep\n|\n|t:|1700856678\n|switch|p1a: Ursaluna|Ursaluna, F, shiny|100\/100\n|turn|16\n|\n|t:|1700856689\n|move|p2a: Garchomp|Earthquake|p1a: Ursaluna\n|-damage|p1a: Ursaluna|41\/100\n|move|p1a: Ursaluna|Earthquake|p2a: Garchomp\n|-damage|p2a: Garchomp|44\/100 tox\n|\n|-weather|Sandstorm|[upkeep]\n|-damage|p2a: Garchomp|32\/100 tox|[from] psn\n|upkeep\n|turn|17\n|\n|t:|1700856701\n|move|p2a: Garchomp|Earthquake|p1a: Ursaluna\n|-crit|p1a: Ursaluna\n|-damage|p1a: Ursaluna|0 fnt\n|faint|p1a: Ursaluna\n|\n|win|Yami Tayori\n|raw|pietr56's rating: 1098 &rarr; <strong>1070<\/strong><br \/>(-28 for losing)\n|raw|Yami Tayori's rating: 1050 &rarr; <strong>1087<\/strong><br \/>(+37 for winning)\n","uploadtime":1700856713,"views":3,"p1id":"pietr56","p2id":"yamitayori","formatid":"gen9nationaldex","rating":1070,"private":0,"password":""}