{"id":"gen9nationaldex-1992772655","p1":"Und3r4ted","p2":"Maeby Mitenaut","format":"[Gen 9] National Dex","log":"|j|\u2606Und3r4ted\n|j|\u2606Maeby Mitenaut\n|t:|1700234132\n|gametype|singles\n|player|p1|Und3r4ted|guzma|1115\n|player|p2|Maeby Mitenaut|flannery|1120\n|teamsize|p1|6\n|teamsize|p2|6\n|gen|9\n|tier|[Gen 9] National Dex\n|rated|\n|rule|HP Percentage Mod: HP is shown in percentages\n|rule|Endless Battle Clause: Forcing endless battles is banned\n|rule|OHKO Clause: OHKO moves are banned\n|rule|Evasion Clause: Evasion abilities, items, and moves are banned\n|rule|Evasion Abilities Clause: Evasion abilities are banned\n|rule|Evasion Items Clause: Evasion items are banned\n|rule|Evasion Moves Clause: Evasion moves are banned\n|rule|Species Clause: Limit one of each Pok\u00e9mon\n|rule|Sleep Clause Mod: Limit one foe put to sleep\n|clearpoke\n|poke|p1|Drifblim, M|\n|poke|p1|Togekiss, F|\n|poke|p1|Pinsir, M|\n|poke|p1|Kingler, M|\n|poke|p1|Celesteela|\n|poke|p1|Toxapex, F|\n|poke|p2|Raichu-Alola, M|\n|poke|p2|Clodsire, M|\n|poke|p2|Tapu Koko|\n|poke|p2|Arctozolt|\n|poke|p2|Iron Hands|\n|poke|p2|Ninetales-Alola, M|\n|teampreview\n|inactive|Battle timer is ON: inactive players will automatically lose when time's up. (requested by Und3r4ted)\n|c|\u2606Und3r4ted|Glhf\n|\n|t:|1700234151\n|start\n|switch|p1a: Togekiss|Togekiss, F|100\/100\n|switch|p2a: Bluck Buck|Tapu Koko, shiny|100\/100\n|-fieldstart|move: Electric Terrain|[from] ability: Electric Surge|[of] p2a: Bluck Buck\n|turn|1\n|c|\u2606Maeby Mitenaut|u2 <3\n|\n|t:|1700234162\n|move|p2a: Bluck Buck|Thunder Wave|p1a: Togekiss\n|-status|p1a: Togekiss|par\n|move|p1a: Togekiss|Tri Attack|p2a: Bluck Buck\n|-damage|p2a: Bluck Buck|67\/100\n|\n|upkeep\n|turn|2\n|c|\u2606Und3r4ted|Tyyyyy\n|\n|t:|1700234169\n|move|p2a: Bluck Buck|U-turn|p1a: Togekiss\n|-resisted|p1a: Togekiss\n|-damage|p1a: Togekiss|96\/100 par\n|\n|t:|1700234172\n|switch|p2a: 9er|Ninetales-Alola, M, shiny|100\/100|[from] U-turn\n|-weather|Snow|[from] ability: Snow Warning|[of] p2a: 9er\n|move|p1a: Togekiss|Tri Attack|p2a: 9er\n|-damage|p2a: 9er|73\/100\n|-status|p2a: 9er|brn\n|\n|-weather|Snow|[upkeep]\n|-damage|p2a: 9er|67\/100 brn|[from] brn\n|upkeep\n|turn|3\n|\n|t:|1700234186\n|switch|p1a: Kingler|Kingler, M|100\/100\n|move|p2a: 9er|Aurora Veil|p2a: 9er\n|-sidestart|p2: Maeby Mitenaut|move: Aurora Veil\n|\n|-weather|Snow|[upkeep]\n|-damage|p2a: 9er|61\/100 brn|[from] brn\n|upkeep\n|turn|4\n|\n|t:|1700234195\n|switch|p2a: Big Pap\u00ed|Iron Hands|100\/100\n|-activate|p2a: Big Pap\u00ed|ability: Quark Drive\n|-start|p2a: Big Pap\u00ed|quarkdriveatk\n|move|p1a: Kingler|Knock Off|p2a: Big Pap\u00ed\n|-resisted|p2a: Big Pap\u00ed\n|-damage|p2a: Big Pap\u00ed|93\/100\n|-enditem|p2a: Big Pap\u00ed|Assault Vest|[from] move: Knock Off|[of] p1a: Kingler\n|\n|-weather|Snow|[upkeep]\n|upkeep\n|turn|5\n|\n|t:|1700234211\n|switch|p1a: Celesteela|Celesteela|100\/100\n|move|p2a: Big Pap\u00ed|Thunder Punch|p1a: Celesteela\n|-supereffective|p1a: Celesteela\n|-damage|p1a: Celesteela|8\/100\n|-status|p1a: Celesteela|par\n|\n|-weather|Snow|[upkeep]\n|-heal|p1a: Celesteela|14\/100 par|[from] item: Leftovers\n|upkeep\n|turn|6\n|\n|t:|1700234221\n|move|p2a: Big Pap\u00ed|Drain Punch|p1a: Celesteela\n|-damage|p1a: Celesteela|0 fnt\n|-heal|p2a: Big Pap\u00ed|98\/100|[from] drain|[of] p1a: Celesteela\n|faint|p1a: Celesteela\n|\n|-weather|Snow|[upkeep]\n|upkeep\n|\n|t:|1700234228\n|switch|p1a: Pinsir|Pinsir, M|100\/100\n|turn|7\n|\n|t:|1700234236\n|detailschange|p1a: Pinsir|Pinsir-Mega, M\n|-mega|p1a: Pinsir|Pinsir|Pinsirite\n|move|p1a: Pinsir|Double-Edge|p2a: Big Pap\u00ed\n|-damage|p2a: Big Pap\u00ed|69\/100\n|-damage|p1a: Pinsir|83\/100|[from] Recoil\n|move|p2a: Big Pap\u00ed|Drain Punch|p1a: Pinsir\n|-resisted|p1a: Pinsir\n|-damage|p1a: Pinsir|67\/100\n|-heal|p2a: Big Pap\u00ed|74\/100|[from] drain|[of] p1a: Pinsir\n|\n|-weather|Snow|[upkeep]\n|-sideend|p2: Maeby Mitenaut|move: Aurora Veil\n|upkeep\n|turn|8\n|\n|t:|1700234248\n|move|p1a: Pinsir|Double-Edge|p2a: Big Pap\u00ed\n|-damage|p2a: Big Pap\u00ed|17\/100\n|-damage|p1a: Pinsir|32\/100|[from] Recoil\n|move|p2a: Big Pap\u00ed|Thunder Punch|p1a: Pinsir\n|-supereffective|p1a: Pinsir\n|-damage|p1a: Pinsir|0 fnt\n|faint|p1a: Pinsir\n|\n|-weather|Snow|[upkeep]\n|-fieldend|move: Electric Terrain\n|-end|p2a: Big Pap\u00ed|Quark Drive\n|upkeep\n|\n|t:|1700234256\n|switch|p1a: Togekiss|Togekiss, F|96\/100 par\n|turn|9\n|\n|t:|1700234261\n|move|p1a: Togekiss|Air Slash|p2a: Big Pap\u00ed\n|-damage|p2a: Big Pap\u00ed|0 fnt\n|faint|p2a: Big Pap\u00ed\n|-end|p2a: Big Pap\u00ed|Quark Drive|[silent]\n|\n|-weather|none\n|upkeep\n|\n|t:|1700234269\n|switch|p2a: 9er|Ninetales-Alola, M, shiny|61\/100 brn\n|-weather|Snow|[from] ability: Snow Warning|[of] p2a: 9er\n|turn|10\n|\n|t:|1700234273\n|move|p2a: 9er|Aurora Veil|p2a: 9er\n|-sidestart|p2: Maeby Mitenaut|move: Aurora Veil\n|move|p1a: Togekiss|Flamethrower|p2a: 9er\n|-supereffective|p2a: 9er\n|-damage|p2a: 9er|25\/100 brn\n|\n|-weather|Snow|[upkeep]\n|-damage|p2a: 9er|19\/100 brn|[from] brn\n|upkeep\n|turn|11\n|\n|t:|1700234282\n|switch|p2a: Bluck Buck|Tapu Koko, shiny|67\/100\n|-fieldstart|move: Electric Terrain|[from] ability: Electric Surge|[of] p2a: Bluck Buck\n|move|p1a: Togekiss|Flamethrower|p2a: Bluck Buck\n|-damage|p2a: Bluck Buck|49\/100\n|\n|-weather|Snow|[upkeep]\n|upkeep\n|turn|12\n|\n|t:|1700234295\n|move|p2a: Bluck Buck|Iron Head|p1a: Togekiss\n|-supereffective|p1a: Togekiss\n|-damage|p1a: Togekiss|47\/100 par\n|cant|p1a: Togekiss|par\n|\n|-weather|Snow|[upkeep]\n|upkeep\n|turn|13\n|\n|t:|1700234304\n|move|p2a: Bluck Buck|Iron Head|p1a: Togekiss\n|-supereffective|p1a: Togekiss\n|-damage|p1a: Togekiss|0 fnt\n|faint|p1a: Togekiss\n|\n|-weather|Snow|[upkeep]\n|upkeep\n|\n|t:|1700234315\n|switch|p1a: Toxapex|Toxapex, F|100\/100\n|turn|14\n|\n|t:|1700234320\n|-terastallize|p1a: Toxapex|Poison\n|move|p2a: Bluck Buck|Taunt|p1a: Toxapex\n|-start|p1a: Toxapex|move: Taunt\n|cant|p1a: Toxapex|move: Taunt|Toxic\n|\n|-weather|Snow|[upkeep]\n|-sideend|p2: Maeby Mitenaut|move: Aurora Veil\n|upkeep\n|turn|15\n|\n|t:|1700234327\n|move|p2a: Bluck Buck|U-turn|p1a: Toxapex\n|-resisted|p1a: Toxapex\n|-damage|p1a: Toxapex|95\/100\n|\n|t:|1700234332\n|switch|p2a: Gritty|Arctozolt, shiny|100\/100|[from] U-turn\n|move|p1a: Toxapex|Ice Beam|p2a: Gritty\n|-resisted|p2a: Gritty\n|-damage|p2a: Gritty|93\/100\n|\n|-weather|Snow|[upkeep]\n|-heal|p1a: Toxapex|100\/100|[from] item: Black Sludge\n|upkeep\n|turn|16\n|\n|t:|1700234349\n|switch|p1a: Kingler|Kingler, M|100\/100\n|move|p2a: Gritty|Bolt Beak|p1a: Kingler\n|-supereffective|p1a: Kingler\n|-damage|p1a: Kingler|0 fnt\n|faint|p1a: Kingler\n|\n|-weather|Snow|[upkeep]\n|upkeep\n|inactive|Und3r4ted has 120 seconds left.\n|\n|t:|1700234375\n|switch|p1a: Toxapex|Toxapex, F, tera:Poison|100\/100\n|turn|17\n|\n|t:|1700234380\n|move|p2a: Gritty|Bolt Beak|p1a: Toxapex\n|-damage|p1a: Toxapex|46\/100\n|move|p1a: Toxapex|Toxic|p2a: Gritty\n|-status|p2a: Gritty|tox\n|\n|-weather|none\n|-heal|p1a: Toxapex|52\/100|[from] item: Black Sludge\n|-damage|p2a: Gritty|87\/100 tox|[from] psn\n|upkeep\n|turn|18\n|inactive|Und3r4ted has 120 seconds left.\n|\n|t:|1700234429\n|move|p1a: Toxapex|Baneful Bunker|p1a: Toxapex\n|-singleturn|p1a: Toxapex|move: Protect\n|move|p2a: Gritty|Stomping Tantrum|p1a: Toxapex\n|-activate|p1a: Toxapex|move: Protect\n|\n|-heal|p1a: Toxapex|58\/100|[from] item: Black Sludge\n|-damage|p2a: Gritty|75\/100 tox|[from] psn\n|-fieldend|move: Electric Terrain\n|upkeep\n|turn|19\n|\n|t:|1700234445\n|switch|p2a: Bluck Buck|Tapu Koko, shiny|49\/100\n|-fieldstart|move: Electric Terrain|[from] ability: Electric Surge|[of] p2a: Bluck Buck\n|switch|p1a: Drifblim|Drifblim, M|100\/100\n|\n|upkeep\n|turn|20\n|\n|t:|1700234454\n|move|p2a: Bluck Buck|Thunder Wave|p1a: Drifblim\n|-status|p1a: Drifblim|par\n|cant|p1a: Drifblim|par\n|\n|upkeep\n|turn|21\n|\n|t:|1700234460\n|move|p2a: Bluck Buck|U-turn|p1a: Drifblim\n|-resisted|p1a: Drifblim\n|-damage|p1a: Drifblim|95\/100 par\n|\n|t:|1700234466\n|switch|p2a: M'Boi|Raichu-Alola, M, shiny|100\/100|[from] U-turn\n|move|p1a: Drifblim|Will-O-Wisp|p2a: M'Boi\n|-status|p2a: M'Boi|brn\n|\n|-damage|p2a: M'Boi|94\/100 brn|[from] brn\n|upkeep\n|turn|22\n|inactive|Und3r4ted has 120 seconds left.\n|\n|t:|1700234487\n|-zpower|p2a: M'Boi\n|move|p2a: M'Boi|Stoked Sparksurfer|p1a: Drifblim|[zeffect]\n|-supereffective|p1a: Drifblim\n|-crit|p1a: Drifblim\n|-damage|p1a: Drifblim|0 fnt\n|faint|p1a: Drifblim\n|\n|-damage|p2a: M'Boi|88\/100 brn|[from] brn\n|upkeep\n|\n|t:|1700234496\n|switch|p1a: Toxapex|Toxapex, F, tera:Poison|92\/100\n|turn|23\n|\n|t:|1700234503\n|move|p1a: Toxapex|Baneful Bunker|p1a: Toxapex\n|-singleturn|p1a: Toxapex|move: Protect\n|move|p2a: M'Boi|Rising Voltage|p1a: Toxapex\n|-activate|p1a: Toxapex|move: Protect\n|\n|-heal|p1a: Toxapex|98\/100|[from] item: Black Sludge\n|-damage|p2a: M'Boi|82\/100 brn|[from] brn\n|upkeep\n|turn|24\n|-message|Und3r4ted forfeited.\n|\n|win|Maeby Mitenaut\n|raw|Und3r4ted's rating: 1115 &rarr; <strong>1090<\/strong><br \/>(-25 for losing)\n|raw|Maeby Mitenaut's rating: 1120 &rarr; <strong>1145<\/strong><br \/>(+25 for winning)\n|l|\u2606Und3r4ted\n|c|\u2606Maeby Mitenaut|ggz\n|l|\u2606Maeby Mitenaut\n|j|\u2606Maeby Mitenaut\n|player|p2|Maeby Mitenaut|flannery\n","uploadtime":1700234527,"views":9,"p1id":"und3r4ted","p2id":"maebymitenaut","formatid":"gen9nationaldex","rating":1090,"private":0,"password":""}