{"id":"gen9nationaldex-1993872334","p1":"monsterapper","p2":"TPX05","format":"[Gen 9] National Dex","log":"|j|\u2606monsterapper\n|j|\u2606TPX05\n|t:|1700368140\n|gametype|singles\n|player|p1|monsterapper|veteran|1364\n|player|p2|TPX05|kieran|1469\n|teamsize|p1|6\n|teamsize|p2|6\n|gen|9\n|tier|[Gen 9] National Dex\n|rated|\n|rule|HP Percentage Mod: HP is shown in percentages\n|rule|Endless Battle Clause: Forcing endless battles is banned\n|rule|OHKO Clause: OHKO moves are banned\n|rule|Evasion Clause: Evasion abilities, items, and moves are banned\n|rule|Evasion Abilities Clause: Evasion abilities are banned\n|rule|Evasion Items Clause: Evasion items are banned\n|rule|Evasion Moves Clause: Evasion moves are banned\n|rule|Species Clause: Limit one of each Pok\u00e9mon\n|rule|Sleep Clause Mod: Limit one foe put to sleep\n|clearpoke\n|poke|p1|Lopunny, F|\n|poke|p1|Zoroark-Hisui, F|\n|poke|p1|Blissey, F|\n|poke|p1|Ditto|\n|poke|p1|Staraptor, F|\n|poke|p1|Ursaluna, M|\n|poke|p2|Pelipper, F|\n|poke|p2|Swampert, F|\n|poke|p2|Floatzel, F|\n|poke|p2|Overqwil, F|\n|poke|p2|Ferrothorn, F|\n|poke|p2|Basculegion-F, F|\n|teampreview\n|inactive|Battle timer is ON: inactive players will automatically lose when time's up. (requested by TPX05)\n|\n|t:|1700368173\n|start\n|switch|p1a: Shang Tsung|Ditto|100\/100\n|switch|p2a: Pelipper|Pelipper, F|100\/100\n|-transform|p1a: Shang Tsung|p2a: Pelipper|[from] ability: Imposter\n|-weather|RainDance|[from] ability: Drizzle|[of] p1a: Shang Tsung\n|turn|1\n|\n|t:|1700368185\n|move|p1a: Shang Tsung|Hurricane|p2a: Pelipper\n|-damage|p2a: Pelipper|45\/100\n|move|p2a: Pelipper|U-turn|p1a: Shang Tsung\n|-resisted|p1a: Shang Tsung\n|-damage|p1a: Shang Tsung|97\/100\n|\n|t:|1700368196\n|switch|p2a: Swampert|Swampert, F|100\/100|[from] U-turn\n|\n|-weather|RainDance|[upkeep]\n|upkeep\n|turn|2\n|\n|t:|1700368200\n|detailschange|p2a: Swampert|Swampert-Mega, F\n|-mega|p2a: Swampert|Swampert|Swampertite\n|move|p2a: Swampert|Stealth Rock|p1a: Shang Tsung\n|-sidestart|p1: monsterapper|move: Stealth Rock\n|move|p1a: Shang Tsung|Hurricane|p2a: Swampert\n|-damage|p2a: Swampert|69\/100\n|-start|p2a: Swampert|confusion\n|\n|-weather|RainDance|[upkeep]\n|upkeep\n|turn|3\n|\n|t:|1700368210\n|-activate|p2a: Swampert|confusion\n|-damage|p2a: Swampert|54\/100|[from] confusion\n|move|p1a: Shang Tsung|Hurricane|p2a: Swampert\n|-damage|p2a: Swampert|23\/100\n|\n|-weather|RainDance|[upkeep]\n|upkeep\n|turn|4\n|\n|t:|1700368215\n|switch|p2a: Basculegion|Basculegion-F, F|100\/100\n|move|p1a: Shang Tsung|Hurricane|p2a: Basculegion\n|-damage|p2a: Basculegion|58\/100\n|\n|-weather|RainDance|[upkeep]\n|upkeep\n|turn|5\n|\n|t:|1700368221\n|move|p2a: Basculegion|Shadow Ball|p1a: Shang Tsung\n|-damage|p1a: Shang Tsung|32\/100\n|move|p1a: Shang Tsung|Hurricane|p2a: Basculegion\n|-damage|p2a: Basculegion|18\/100\n|\n|-weather|none\n|upkeep\n|turn|6\n|\n|t:|1700368238\n|switch|p1a: Tamago|Blissey, F|100\/100\n|move|p2a: Basculegion|Flip Turn|p1a: Tamago\n|-damage|p1a: Tamago|85\/100\n|\n|t:|1700368245\n|switch|p2a: Overqwil|Overqwil, F|100\/100|[from] Flip Turn\n|\n|upkeep\n|turn|7\n|\n|t:|1700368260\n|switch|p1a: DemonDice|Staraptor, F|100\/100\n|-ability|p1a: DemonDice|Intimidate|boost\n|-unboost|p2a: Overqwil|atk|1\n|-zpower|p2a: Overqwil\n|move|p2a: Overqwil|Acid Downpour|p1a: DemonDice|[zeffect]\n|-damage|p1a: DemonDice|48\/100\n|\n|upkeep\n|turn|8\n|\n|t:|1700368277\n|move|p2a: Overqwil|Swords Dance|p2a: Overqwil\n|-boost|p2a: Overqwil|atk|2\n|move|p1a: DemonDice|Roost|p1a: DemonDice\n|-heal|p1a: DemonDice|98\/100\n|-singleturn|p1a: DemonDice|move: Roost\n|\n|upkeep\n|turn|9\n|\n|t:|1700368284\n|move|p2a: Overqwil|Crunch|p1a: DemonDice\n|-damage|p1a: DemonDice|55\/100\n|-unboost|p1a: DemonDice|def|1\n|move|p1a: DemonDice|Defog|p2a: Overqwil\n|-unboost|p2a: Overqwil|evasion|1\n|-sideend|p1: monsterapper|Stealth Rock|[from] move: Defog|[of] p1a: DemonDice\n|\n|upkeep\n|turn|10\n|\n|t:|1700368298\n|switch|p1a: Tamago|Blissey, F|85\/100\n|move|p2a: Overqwil|Crunch|p1a: Tamago\n|-damage|p1a: Tamago|37\/100\n|\n|upkeep\n|turn|11\n|\n|t:|1700368304\n|move|p2a: Overqwil|Crunch|p1a: Tamago\n|-damage|p1a: Tamago|0 fnt\n|faint|p1a: Tamago\n|\n|upkeep\n|\n|t:|1700368312\n|switch|p1a: Miruko|Lopunny, F|100\/100\n|turn|12\n|\n|t:|1700368319\n|detailschange|p1a: Miruko|Lopunny-Mega, F\n|-mega|p1a: Miruko|Lopunny|Lopunnite\n|move|p1a: Miruko|Return|p2a: Overqwil\n|-damage|p2a: Overqwil|39\/100\n|move|p2a: Overqwil|Crunch|p1a: Miruko\n|-resisted|p1a: Miruko\n|-damage|p1a: Miruko|60\/100\n|\n|upkeep\n|turn|13\n|j| soygael111xd\n|\n|t:|1700368335\n|switch|p2a: Ferrothorn|Ferrothorn, F|100\/100\n|move|p1a: Miruko|Return|p2a: Ferrothorn\n|-resisted|p2a: Ferrothorn\n|-damage|p2a: Ferrothorn|78\/100\n|-damage|p1a: Miruko|48\/100|[from] ability: Iron Barbs|[of] p2a: Ferrothorn\n|-enditem|p2a: Ferrothorn|Eject Button\n|\n|t:|1700368337\n|switch|p2a: Pelipper|Pelipper, F|45\/100\n|-weather|RainDance|[from] ability: Drizzle|[of] p2a: Pelipper\n|\n|-weather|RainDance|[upkeep]\n|upkeep\n|turn|14\n|\n|t:|1700368347\n|switch|p2a: Ferrothorn|Ferrothorn, F|78\/100\n|move|p1a: Miruko|Return|p2a: Ferrothorn\n|-resisted|p2a: Ferrothorn\n|-damage|p2a: Ferrothorn|58\/100\n|-damage|p1a: Miruko|35\/100|[from] ability: Iron Barbs|[of] p2a: Ferrothorn\n|\n|-weather|RainDance|[upkeep]\n|upkeep\n|turn|15\n|\n|t:|1700368357\n|move|p1a: Miruko|Close Combat|p2a: Ferrothorn\n|-supereffective|p2a: Ferrothorn\n|-damage|p2a: Ferrothorn|0 fnt\n|-unboost|p1a: Miruko|def|1\n|-unboost|p1a: Miruko|spd|1\n|-damage|p1a: Miruko|23\/100|[from] ability: Iron Barbs|[of] p2a: Ferrothorn\n|faint|p2a: Ferrothorn\n|\n|-weather|RainDance|[upkeep]\n|upkeep\n|\n|t:|1700368364\n|switch|p2a: Basculegion|Basculegion-F, F|18\/100\n|turn|16\n|\n|t:|1700368370\n|switch|p1a: Oliver|Ursaluna, M|100\/100\n|move|p2a: Basculegion|Ice Beam|p1a: Oliver\n|-supereffective|p1a: Oliver\n|-damage|p1a: Oliver|45\/100\n|\n|-weather|RainDance|[upkeep]\n|-status|p1a: Oliver|brn|[from] item: Flame Orb\n|upkeep\n|turn|17\n|\n|t:|1700368378\n|move|p2a: Basculegion|Ice Beam|p1a: Oliver\n|-supereffective|p1a: Oliver\n|-damage|p1a: Oliver|0 fnt\n|faint|p1a: Oliver\n|\n|-weather|RainDance|[upkeep]\n|upkeep\n|\n|t:|1700368397\n|switch|p1a: Miruko|Lopunny-Mega, F|23\/100\n|turn|18\n|\n|t:|1700368405\n|switch|p2a: Floatzel|Floatzel, F|100\/100\n|move|p1a: Miruko|Fake Out|p2a: Floatzel\n|-damage|p2a: Floatzel|62\/100\n|\n|-weather|RainDance|[upkeep]\n|upkeep\n|turn|19\n|\n|t:|1700368414\n|move|p2a: Floatzel|Flip Turn|p1a: Miruko\n|-damage|p1a: Miruko|0 fnt\n|faint|p1a: Miruko\n|\n|t:|1700368416\n|switch|p2a: Basculegion|Basculegion-F, F|18\/100|[from] Flip Turn\n|\n|-weather|RainDance|[upkeep]\n|upkeep\n|\n|t:|1700368426\n|switch|p1a: Shang Tsung|Ditto|32\/100\n|-transform|p1a: Shang Tsung|p2a: Basculegion|[from] ability: Imposter\n|turn|20\n|l| soygael111xd\n|\n|t:|1700368432\n|move|p1a: Shang Tsung|Flip Turn|p2a: Basculegion\n|-resisted|p2a: Basculegion\n|-damage|p2a: Basculegion|2\/100\n|\n|t:|1700368438\n|switch|p1a: DemonDice|Staraptor, F|55\/100|[from] Flip Turn\n|-ability|p1a: DemonDice|Intimidate|boost\n|-unboost|p2a: Basculegion|atk|1\n|move|p2a: Basculegion|Shadow Ball|p1a: DemonDice\n|-immune|p1a: DemonDice\n|\n|-weather|none\n|upkeep\n|turn|21\n|\n|t:|1700368446\n|move|p2a: Basculegion|Ice Beam|p1a: DemonDice\n|-supereffective|p1a: DemonDice\n|-damage|p1a: DemonDice|0 fnt\n|faint|p1a: DemonDice\n|\n|upkeep\n|\n|t:|1700368450\n|switch|p1a: Shang Tsung|Ditto|100\/100\n|turn|22\n|\n|t:|1700368458\n|switch|p2a: Pelipper|Pelipper, F|45\/100\n|-weather|RainDance|[from] ability: Drizzle|[of] p2a: Pelipper\n|move|p1a: Shang Tsung|Shadow Ball|p2a: Pelipper\n|-damage|p2a: Pelipper|0 fnt\n|faint|p2a: Pelipper\n|\n|-weather|RainDance|[upkeep]\n|upkeep\n|\n|t:|1700368461\n|switch|p2a: Basculegion|Basculegion-F, F|2\/100\n|turn|23\n|\n|t:|1700368472\n|move|p2a: Basculegion|Flip Turn|p1a: Shang Tsung\n|-damage|p1a: Shang Tsung|47\/100\n|replace|p1a: E621|Zoroark-Hisui, F\n|-end|p1a: E621|Illusion\n|\n|t:|1700368474\n|switch|p2a: Overqwil|Overqwil, F|39\/100|[from] Flip Turn\n|move|p1a: E621|Shadow Ball|p2a: Overqwil\n|-resisted|p2a: Overqwil\n|-damage|p2a: Overqwil|12\/100\n|\n|-weather|RainDance|[upkeep]\n|upkeep\n|turn|24\n|\n|t:|1700368482\n|move|p2a: Overqwil|Crunch|p1a: E621\n|-supereffective|p1a: E621\n|-damage|p1a: E621|0 fnt\n|faint|p1a: E621\n|\n|-weather|RainDance|[upkeep]\n|upkeep\n|\n|t:|1700368487\n|switch|p1a: Shang Tsung|Ditto|32\/100\n|-transform|p1a: Shang Tsung|p2a: Overqwil|[from] ability: Imposter\n|turn|25\n|\n|t:|1700368493\n|move|p1a: Shang Tsung|Liquidation|p2a: Overqwil\n|-damage|p2a: Overqwil|0 fnt\n|faint|p2a: Overqwil\n|\n|-weather|RainDance|[upkeep]\n|upkeep\n|\n|t:|1700368498\n|switch|p2a: Floatzel|Floatzel, F|62\/100\n|turn|26\n|\n|t:|1700368500\n|-terastallize|p2a: Floatzel|Water\n|move|p2a: Floatzel|Aqua Jet|p1a: Shang Tsung\n|-damage|p1a: Shang Tsung|0 fnt\n|faint|p1a: Shang Tsung\n|\n|win|TPX05\n|raw|monsterapper's rating: 1364 &rarr; <strong>1350<\/strong><br \/>(-14 for losing)\n|raw|TPX05's rating: 1469 &rarr; <strong>1483<\/strong><br \/>(+14 for winning)\n|l|\u2606TPX05\n","uploadtime":1700368506,"views":8,"p1id":"monsterapper","p2id":"tpx05","formatid":"gen9nationaldex","rating":1350,"private":0,"password":""}