{"id":"gen9nationaldex-1994949441","p1":"jodievan","p2":"The power of ROCK","format":"[Gen 9] National Dex","log":"|html|<div class=\"broadcast-blue\"><strong>[Gen 9] National Dex is currently suspecting Sneasler! For information on how to participate check out the <a href=\"https:\/\/www.smogon.com\/forums\/threads\/sv-national-dex-suspect-8-just-dance.3731534\/\">suspect thread<\/a>.<\/strong><\/div>\n|j|\u2606jodievan\n|j|\u2606The power of ROCK\n|inactive|Battle timer is ON: inactive players will automatically lose when time's up.\n|t:|1700507332\n|gametype|singles\n|player|p1|jodievan|101|\n|player|p2|The power of ROCK|roark|\n|teamsize|p1|4\n|teamsize|p2|6\n|gen|9\n|tier|[Gen 9] National Dex\n|rated|Tournament battle\n|rule|HP Percentage Mod: HP is shown in percentages\n|rule|Endless Battle Clause: Forcing endless battles is banned\n|rule|OHKO Clause: OHKO moves are banned\n|rule|Evasion Clause: Evasion abilities, items, and moves are banned\n|rule|Evasion Abilities Clause: Evasion abilities are banned\n|rule|Evasion Items Clause: Evasion items are banned\n|rule|Evasion Moves Clause: Evasion moves are banned\n|rule|Species Clause: Limit one of each Pok\u00e9mon\n|rule|Sleep Clause Mod: Limit one foe put to sleep\n|clearpoke\n|poke|p1|Mawile, M|\n|poke|p1|Ninetales-Alola, F|\n|poke|p1|Glimmora, F|\n|poke|p1|Greninja-*, M|\n|poke|p2|Tyranitar, F|\n|poke|p2|Garganacl, M|\n|poke|p2|Aggron, M|\n|poke|p2|Cradily, F|\n|poke|p2|Glimmora, M|\n|poke|p2|Ogerpon-Cornerstone, F|\n|teampreview\n|c|\u2606The power of ROCK|Welcome to the ROCK gym\n|\n|t:|1700507358\n|start\n|switch|p1a: Ninetales|Ninetales-Alola, F|100\/100\n|switch|p2a: Glimmora|Glimmora, M|100\/100\n|-weather|Snow|[from] ability: Snow Warning|[of] p1a: Ninetales\n|turn|1\n|c|\u2606jodievan|i dont play gen nine so i wont be very good\n|\n|t:|1700507362\n|move|p2a: Glimmora|Sludge Wave|p1a: Ninetales\n|-supereffective|p1a: Ninetales\n|-damage|p1a: Ninetales|0 fnt\n|faint|p1a: Ninetales\n|\n|-weather|Snow|[upkeep]\n|upkeep\n|\n|t:|1700507373\n|switch|p1a: Mawile|Mawile, M|100\/100\n|turn|2\n|\n|t:|1700507379\n|switch|p2a: Aggron|Aggron, M|100\/100\n|detailschange|p1a: Mawile|Mawile-Mega, M\n|-mega|p1a: Mawile|Mawile|Mawilite\n|move|p1a: Mawile|Iron Head|p2a: Aggron\n|-damage|p2a: Aggron|62\/100\n|\n|-weather|Snow|[upkeep]\n|upkeep\n|turn|3\n|\n|t:|1700507392\n|switch|p1a: Glimmora|Glimmora, F|100\/100\n|detailschange|p2a: Aggron|Aggron-Mega, M\n|-mega|p2a: Aggron|Aggron|Aggronite\n|move|p2a: Aggron|Body Press|p1a: Glimmora\n|-damage|p1a: Glimmora|53\/100\n|-activate|p1a: Glimmora|ability: Toxic Debris\n|-sidestart|p2: The power of ROCK|move: Toxic Spikes\n|\n|-weather|Snow|[upkeep]\n|upkeep\n|turn|4\n|\n|t:|1700507400\n|switch|p2a: Garganacl|Garganacl, M|100\/100\n|move|p1a: Glimmora|Earth Power|p2a: Garganacl\n|-supereffective|p2a: Garganacl\n|-damage|p2a: Garganacl|55\/100\n|-enditem|p2a: Garganacl|Maranga Berry|[eat]\n|-boost|p2a: Garganacl|spd|1|[from] item: Maranga Berry\n|\n|-weather|Snow|[upkeep]\n|upkeep\n|turn|5\n|\n|t:|1700507410\n|-terastallize|p2a: Garganacl|Ghost\n|move|p1a: Glimmora|Earth Power|p2a: Garganacl\n|-crit|p2a: Garganacl\n|-damage|p2a: Garganacl|21\/100\n|move|p2a: Garganacl|Recover|p2a: Garganacl\n|-heal|p2a: Garganacl|71\/100\n|\n|-weather|none\n|upkeep\n|turn|6\n|\n|t:|1700507420\n|switch|p1a: Mawile|Mawile-Mega, M|100\/100\n|move|p2a: Garganacl|Iron Defense|p2a: Garganacl\n|-boost|p2a: Garganacl|def|2\n|\n|upkeep\n|turn|7\n|\n|t:|1700507425\n|move|p1a: Mawile|Iron Head|p2a: Garganacl\n|-crit|p2a: Garganacl\n|-damage|p2a: Garganacl|0 fnt\n|faint|p2a: Garganacl\n|\n|upkeep\n|\n|t:|1700507428\n|switch|p2a: Aggron|Aggron-Mega, M|62\/100\n|turn|8\n|\n|t:|1700507437\n|switch|p1a: Glimmora|Glimmora, F|53\/100\n|move|p2a: Aggron|Body Press|p1a: Glimmora\n|-damage|p1a: Glimmora|7\/100\n|-activate|p1a: Glimmora|ability: Toxic Debris\n|-sidestart|p2: The power of ROCK|move: Toxic Spikes\n|\n|upkeep\n|turn|9\n|\n|t:|1700507444\n|switch|p2a: Tyranitar|Tyranitar, F|100\/100\n|-status|p2a: Tyranitar|tox\n|-weather|Sandstorm|[from] ability: Sand Stream|[of] p2a: Tyranitar\n|move|p1a: Glimmora|Earth Power|p2a: Tyranitar\n|-supereffective|p2a: Tyranitar\n|-damage|p2a: Tyranitar|80\/100 tox\n|\n|-weather|Sandstorm|[upkeep]\n|-damage|p2a: Tyranitar|74\/100 tox|[from] psn\n|upkeep\n|turn|10\n|\n|t:|1700507454\n|move|p1a: Glimmora|Earth Power|p2a: Tyranitar\n|-supereffective|p2a: Tyranitar\n|-damage|p2a: Tyranitar|56\/100 tox\n|move|p2a: Tyranitar|Pursuit|p1a: Glimmora\n|-damage|p1a: Glimmora|0 fnt\n|faint|p1a: Glimmora\n|\n|-weather|Sandstorm|[upkeep]\n|-damage|p2a: Tyranitar|44\/100 tox|[from] psn\n|upkeep\n|\n|t:|1700507459\n|switch|p1a: Greninja|Greninja, M|100\/100\n|turn|11\n|\n|t:|1700507466\n|switch|p2a: Cradily|Cradily, F|100\/100\n|-status|p2a: Cradily|tox\n|-terastallize|p1a: Greninja|Water\n|move|p1a: Greninja|Surf|p2a: Cradily\n|-ability|p2a: Cradily|Storm Drain|boost\n|-boost|p2a: Cradily|spa|1\n|\n|-weather|Sandstorm|[upkeep]\n|-damage|p1a: Greninja|95\/100|[from] Sandstorm\n|-damage|p2a: Cradily|94\/100 tox|[from] psn\n|upkeep\n|turn|12\n|\n|t:|1700507477\n|move|p1a: Greninja|Ice Beam|p2a: Cradily\n|-supereffective|p2a: Cradily\n|-damage|p2a: Cradily|64\/100 tox\n|move|p2a: Cradily|Leech Seed|p1a: Greninja\n|-start|p1a: Greninja|move: Leech Seed\n|\n|-weather|Sandstorm|[upkeep]\n|-damage|p1a: Greninja|89\/100|[from] Sandstorm\n|-damage|p1a: Greninja|76\/100|[from] Leech Seed|[of] p2a: Cradily\n|-heal|p2a: Cradily|73\/100 tox|[silent]\n|-damage|p2a: Cradily|61\/100 tox|[from] psn\n|upkeep\n|turn|13\n|\n|t:|1700507489\n|move|p1a: Greninja|Ice Beam|p2a: Cradily\n|-supereffective|p2a: Cradily\n|-crit|p2a: Cradily\n|-damage|p2a: Cradily|18\/100 tox\n|move|p2a: Cradily|Leech Seed||[still]\n|-fail|p2a: Cradily\n|\n|-weather|none\n|-damage|p1a: Greninja|64\/100|[from] Leech Seed|[of] p2a: Cradily\n|-heal|p2a: Cradily|27\/100 tox|[silent]\n|-damage|p2a: Cradily|9\/100 tox|[from] psn\n|upkeep\n|turn|14\n|\n|t:|1700507499\n|switch|p2a: Tyranitar|Tyranitar, F|44\/100 tox\n|-weather|Sandstorm|[from] ability: Sand Stream|[of] p2a: Tyranitar\n|move|p1a: Greninja|Ice Beam|p2a: Tyranitar\n|-damage|p2a: Tyranitar|36\/100 tox\n|\n|-weather|Sandstorm|[upkeep]\n|-damage|p1a: Greninja|58\/100|[from] Sandstorm\n|-damage|p1a: Greninja|46\/100|[from] Leech Seed|[of] p2a: Tyranitar\n|-heal|p2a: Tyranitar|45\/100 tox|[silent]\n|-damage|p2a: Tyranitar|39\/100 tox|[from] psn\n|upkeep\n|turn|15\n|j| primataNoCompuiter\n|\n|t:|1700507508\n|move|p1a: Greninja|Surf|p2a: Tyranitar\n|-supereffective|p2a: Tyranitar\n|-damage|p2a: Tyranitar|7\/100 tox\n|move|p2a: Tyranitar|Pursuit|p1a: Greninja\n|-damage|p1a: Greninja|18\/100\n|\n|-weather|Sandstorm|[upkeep]\n|-damage|p1a: Greninja|12\/100|[from] Sandstorm\n|-damage|p1a: Greninja|0 fnt|[from] Leech Seed|[of] p2a: Tyranitar\n|-heal|p2a: Tyranitar|16\/100 tox|[silent]\n|faint|p1a: Greninja\n|-damage|p2a: Tyranitar|3\/100 tox|[from] psn\n|upkeep\n|\n|t:|1700507516\n|switch|p1a: Mawile|Mawile-Mega, M|100\/100\n|turn|16\n|\n|t:|1700507522\n|switch|p2a: Ogerpon|Ogerpon-Cornerstone, F|100\/100\n|-status|p2a: Ogerpon|tox\n|move|p1a: Mawile|Sucker Punch||[still]\n|-fail|p1a: Mawile\n|\n|-weather|Sandstorm|[upkeep]\n|-damage|p2a: Ogerpon|95\/100 tox|[from] psn\n|upkeep\n|turn|17\n|\n|t:|1700507530\n|move|p2a: Ogerpon|Encore|p1a: Mawile\n|-start|p1a: Mawile|Encore\n|move|p1a: Mawile|Sucker Punch||[still]\n|-fail|p1a: Mawile\n|\n|-weather|Sandstorm|[upkeep]\n|-damage|p2a: Ogerpon|83\/100 tox|[from] psn\n|upkeep\n|turn|18\n|\n|t:|1700507534\n|switch|p2a: Aggron|Aggron-Mega, M|62\/100\n|move|p1a: Mawile|Sucker Punch||[still]\n|-fail|p1a: Mawile\n|\n|-weather|none\n|upkeep\n|turn|19\n|\n|t:|1700507539\n|move|p1a: Mawile|Sucker Punch||[still]\n|-fail|p1a: Mawile\n|move|p2a: Aggron|Iron Defense|p2a: Aggron\n|-boost|p2a: Aggron|def|2\n|\n|-end|p1a: Mawile|Encore\n|upkeep\n|turn|20\n|\n|t:|1700507551\n|move|p2a: Aggron|Body Press|p1a: Mawile\n|-damage|p1a: Mawile|14\/100\n|move|p1a: Mawile|Iron Head|p2a: Aggron\n|-resisted|p2a: Aggron\n|-damage|p2a: Aggron|54\/100\n|\n|upkeep\n|turn|21\n|\n|t:|1700507556\n|move|p1a: Mawile|Ice Punch|p2a: Aggron\n|-resisted|p2a: Aggron\n|-damage|p2a: Aggron|49\/100\n|move|p2a: Aggron|Body Press|p1a: Mawile\n|-crit|p1a: Mawile\n|-damage|p1a: Mawile|0 fnt\n|faint|p1a: Mawile\n|\n|win|The power of ROCK\n|n|\u2606jodievan|jodievan\n|n|\u2606The power of ROCK|thepowerofrock\n|n| primataNoCompuiter|primatanocompuiter\n|c|\u2606The power of ROCK|gg : )\n","uploadtime":1700507567,"views":2,"p1id":"jodievan","p2id":"thepowerofrock","formatid":"gen9nationaldex","rating":0,"private":0,"password":""}