{"id":"gen9nationaldex-1987176227","p1":"Fallout 3 Enjoyer","p2":"LiveInAmbeR","format":"[Gen 9] National Dex","log":"|j|\u2606Fallout 3 Enjoyer\n|j|\u2606LiveInAmbeR\n|t:|1699562501\n|gametype|singles\n|player|p1|Fallout 3 Enjoyer|caitlin|1124\n|player|p2|LiveInAmbeR|clerkf|1198\n|teamsize|p1|6\n|teamsize|p2|6\n|gen|9\n|tier|[Gen 9] National Dex\n|rated|\n|rule|HP Percentage Mod: HP is shown in percentages\n|rule|Endless Battle Clause: Forcing endless battles is banned\n|rule|OHKO Clause: OHKO moves are banned\n|rule|Evasion Clause: Evasion abilities, items, and moves are banned\n|rule|Evasion Abilities Clause: Evasion abilities are banned\n|rule|Evasion Items Clause: Evasion items are banned\n|rule|Evasion Moves Clause: Evasion moves are banned\n|rule|Species Clause: Limit one of each Pok\u00e9mon\n|rule|Sleep Clause Mod: Limit one foe put to sleep\n|clearpoke\n|poke|p1|Clodsire, F|\n|poke|p1|Bellibolt, F|\n|poke|p1|Poliwrath, M|\n|poke|p1|Politoed, F|\n|poke|p1|Swampert, M|\n|poke|p1|Toxicroak, M|\n|poke|p2|Grimmsnarl, M|\n|poke|p2|Togedemaru, F|\n|poke|p2|Kingdra, M|\n|poke|p2|Alomomola, F|\n|poke|p2|Beedrill, M|\n|poke|p2|Sigilyph, F|\n|teampreview\n|inactive|Battle timer is ON: inactive players will automatically lose when time's up. (requested by Fallout 3 Enjoyer)\n|c|\u2606LiveInAmbeR|froggo :3\n|c|\u2606Fallout 3 Enjoyer|it's the amphibiteam\n|inactive|Fallout 3 Enjoyer has 120 seconds left.\n|\n|t:|1699562535\n|start\n|switch|p1a: Forg Two|Politoed, F, shiny|100\/100\n|switch|p2a: Grimmsnarl|Grimmsnarl, M|100\/100\n|-weather|RainDance|[from] ability: Drizzle|[of] p1a: Forg Two\n|turn|1\n|c|\u2606LiveInAmbeR|the ribbit-squad\n|\n|t:|1699562544\n|move|p2a: Grimmsnarl|Light Screen|p2a: Grimmsnarl\n|-sidestart|p2: LiveInAmbeR|move: Light Screen\n|move|p1a: Forg Two|Scald|p2a: Grimmsnarl\n|-damage|p2a: Grimmsnarl|74\/100\n|\n|-weather|RainDance|[upkeep]\n|upkeep\n|turn|2\n|\n|t:|1699562551\n|switch|p1a: Toxicroak|Toxicroak, M|100\/100\n|move|p2a: Grimmsnarl|Parting Shot|p1a: Toxicroak\n|-unboost|p1a: Toxicroak|atk|1\n|-unboost|p1a: Toxicroak|spa|1\n|\n|t:|1699562557\n|switch|p2a: Kingdra|Kingdra, M|100\/100|[from] Parting Shot\n|\n|-weather|RainDance|[upkeep]\n|upkeep\n|turn|3\n|\n|t:|1699562562\n|move|p2a: Kingdra|Focus Energy|p2a: Kingdra\n|-start|p2a: Kingdra|move: Focus Energy\n|move|p1a: Toxicroak|Brick Break|p2a: Kingdra\n|-sideend|p2: LiveInAmbeR|move: Light Screen\n|-damage|p2a: Kingdra|65\/100\n|-damage|p1a: Toxicroak|91\/100|[from] item: Life Orb\n|\n|-weather|RainDance|[upkeep]\n|-heal|p1a: Toxicroak|100\/100|[from] ability: Dry Skin\n|upkeep\n|turn|4\n|\n|t:|1699562571\n|-terastallize|p2a: Kingdra|Dragon\n|move|p2a: Kingdra|Draco Meteor|p1a: Toxicroak\n|-crit|p1a: Toxicroak\n|-damage|p1a: Toxicroak|0 fnt\n|-unboost|p2a: Kingdra|spa|2\n|faint|p1a: Toxicroak\n|\n|-weather|RainDance|[upkeep]\n|upkeep\n|\n|t:|1699562582\n|switch|p1a: Roid Monster|Swampert, M|100\/100\n|turn|5\n|\n|t:|1699562587\n|detailschange|p1a: Roid Monster|Swampert-Mega, M\n|-mega|p1a: Roid Monster|Swampert|Swampertite\n|move|p1a: Roid Monster|Ice Punch|p2a: Kingdra\n|-supereffective|p2a: Kingdra\n|-damage|p2a: Kingdra|0 fnt\n|faint|p2a: Kingdra\n|\n|-weather|RainDance|[upkeep]\n|upkeep\n|c|\u2606LiveInAmbeR|shouldn't have use the terra there\n|\n|t:|1699562613\n|switch|p2a: Grimmsnarl|Grimmsnarl, M|74\/100\n|turn|6\n|\n|t:|1699562620\n|move|p2a: Grimmsnarl|Reflect|p2a: Grimmsnarl\n|-sidestart|p2: LiveInAmbeR|Reflect\n|move|p1a: Roid Monster|Liquidation|p2a: Grimmsnarl\n|-crit|p2a: Grimmsnarl\n|-damage|p2a: Grimmsnarl|0 fnt\n|faint|p2a: Grimmsnarl\n|\n|-weather|RainDance|[upkeep]\n|upkeep\n|\n|t:|1699562627\n|switch|p2a: Beedrill|Beedrill, M|100\/100\n|turn|7\n|\n|t:|1699562632\n|detailschange|p2a: Beedrill|Beedrill-Mega, M\n|-mega|p2a: Beedrill|Beedrill|Beedrillite\n|move|p1a: Roid Monster|Liquidation|p2a: Beedrill\n|-damage|p2a: Beedrill|0 fnt\n|faint|p2a: Beedrill\n|\n|-weather|RainDance|[upkeep]\n|upkeep\n|\n|t:|1699562640\n|switch|p2a: Togedemaru|Togedemaru, F|100\/100\n|turn|8\n|c|\u2606Fallout 3 Enjoyer|they gave this thing swift swim idk why\n|\n|t:|1699562654\n|move|p1a: Roid Monster|Earthquake|p2a: Togedemaru\n|-supereffective|p2a: Togedemaru\n|-ability|p2a: Togedemaru|Sturdy\n|-damage|p2a: Togedemaru|1\/100\n|-enditem|p2a: Togedemaru|Salac Berry|[eat]\n|-boost|p2a: Togedemaru|spe|1|[from] item: Salac Berry\n|move|p2a: Togedemaru|Endeavor|p1a: Roid Monster\n|-damage|p1a: Roid Monster|1\/100\n|\n|-weather|none\n|upkeep\n|turn|9\n|c|\u2606LiveInAmbeR|yes\n|\n|t:|1699562666\n|move|p2a: Togedemaru|Fell Stinger|p1a: Roid Monster\n|-damage|p1a: Roid Monster|0 fnt\n|faint|p1a: Roid Monster\n|-boost|p2a: Togedemaru|atk|3\n|\n|upkeep\n|\n|t:|1699562672\n|switch|p1a: Forg Two|Politoed, F, shiny|100\/100\n|-weather|RainDance|[from] ability: Drizzle|[of] p1a: Forg Two\n|turn|10\n|\n|t:|1699562677\n|-terastallize|p1a: Forg Two|Grass\n|move|p2a: Togedemaru|Flail|p1a: Forg Two\n|-damage|p1a: Forg Two|0 fnt\n|faint|p1a: Forg Two\n|\n|-weather|RainDance|[upkeep]\n|upkeep\n|\n|t:|1699562684\n|switch|p1a: Forg One|Poliwrath, M|100\/100\n|turn|11\n|\n|t:|1699562689\n|move|p1a: Forg One|Drain Punch|p2a: Togedemaru\n|-supereffective|p2a: Togedemaru\n|-damage|p2a: Togedemaru|0 fnt\n|faint|p2a: Togedemaru\n|\n|-weather|RainDance|[upkeep]\n|upkeep\n|\n|t:|1699562698\n|switch|p2a: Sigilyph|Sigilyph, F|100\/100\n|turn|12\n|\n|t:|1699562702\n|switch|p1a: Big Guy|Bellibolt, F|100\/100\n|switch|p2a: Alomomola|Alomomola, F|100\/100\n|\n|-weather|RainDance|[upkeep]\n|upkeep\n|turn|13\n|\n|t:|1699562708\n|move|p2a: Alomomola|Toxic|p1a: Big Guy\n|-status|p1a: Big Guy|tox\n|move|p1a: Big Guy|Charge Beam|p2a: Alomomola\n|-supereffective|p2a: Alomomola\n|-damage|p2a: Alomomola|67\/100\n|-boost|p1a: Big Guy|spa|1\n|\n|-weather|RainDance|[upkeep]\n|-heal|p2a: Alomomola|73\/100|[from] item: Leftovers\n|-damage|p1a: Big Guy|94\/100 tox|[from] psn\n|-sideend|p2: LiveInAmbeR|Reflect\n|upkeep\n|turn|14\n|\n|t:|1699562718\n|move|p2a: Alomomola|Flip Turn|p1a: Big Guy\n|-damage|p1a: Big Guy|80\/100 tox\n|-start|p1a: Big Guy|Charge|Flip Turn|[from] ability: Electromorphosis\n|\n|t:|1699562722\n|switch|p2a: Sigilyph|Sigilyph, F|100\/100|[from] Flip Turn\n|move|p1a: Big Guy|Charge Beam|p2a: Sigilyph\n|-supereffective|p2a: Sigilyph\n|-damage|p2a: Sigilyph|0 fnt\n|-boost|p1a: Big Guy|spa|1\n|faint|p2a: Sigilyph\n|-end|p1a: Big Guy|Charge|[silent]\n|\n|-weather|RainDance|[upkeep]\n|-heal|p1a: Big Guy|86\/100 tox|[from] item: Leftovers\n|-damage|p1a: Big Guy|74\/100 tox|[from] psn\n|upkeep\n|c|\u2606LiveInAmbeR|your frog team has defeated my poorly thought out kindra team\n|c|\u2606LiveInAmbeR|gg\n|-message|LiveInAmbeR forfeited.\n|\n|win|Fallout 3 Enjoyer\n|raw|Fallout 3 Enjoyer's rating: 1124 &rarr; <strong>1154<\/strong><br \/>(+30 for winning)\n|raw|LiveInAmbeR's rating: 1198 &rarr; <strong>1168<\/strong><br \/>(-30 for losing)\n|l|\u2606LiveInAmbeR\n","uploadtime":1699562756,"views":4,"p1id":"fallout3enjoyer","p2id":"liveinamber","formatid":"gen9nationaldex","rating":1154,"private":0,"password":""}