{"id":"gen9nationaldex-1992444993","p1":"MMQZA7","p2":"shakang","format":"[Gen 9] National Dex","log":"|j|\u2606MMQZA7\n|j|\u2606shakang\n|t:|1700188420\n|gametype|singles\n|player|p1|MMQZA7|169|1517\n|player|p2|shakang|youngster-gen4dp|1520\n|teamsize|p1|6\n|teamsize|p2|6\n|gen|9\n|tier|[Gen 9] National Dex\n|rated|\n|rule|HP Percentage Mod: HP is shown in percentages\n|rule|Endless Battle Clause: Forcing endless battles is banned\n|rule|OHKO Clause: OHKO moves are banned\n|rule|Evasion Clause: Evasion abilities, items, and moves are banned\n|rule|Evasion Abilities Clause: Evasion abilities are banned\n|rule|Evasion Items Clause: Evasion items are banned\n|rule|Evasion Moves Clause: Evasion moves are banned\n|rule|Species Clause: Limit one of each Pok\u00e9mon\n|rule|Sleep Clause Mod: Limit one foe put to sleep\n|clearpoke\n|poke|p1|Swellow, F|\n|poke|p1|Lopunny, F|\n|poke|p1|Garchomp, F|\n|poke|p1|Corviknight, M|\n|poke|p1|Clodsire, M|\n|poke|p1|Ogerpon-Cornerstone, F|\n|poke|p2|Greninja-*, M|\n|poke|p2|Pelipper, M|\n|poke|p2|Moltres|\n|poke|p2|Celesteela|\n|poke|p2|Ogerpon-Wellspring, F|\n|poke|p2|Diancie|\n|teampreview\n|inactive|Battle timer is ON: inactive players will automatically lose when time's up. (requested by shakang)\n|\n|t:|1700188431\n|start\n|switch|p1a: Garchomp|Garchomp, F|100\/100\n|switch|p2a: \u76d6\u9e25\u5361|Pelipper, M, shiny|100\/100\n|-weather|RainDance|[from] ability: Drizzle|[of] p2a: \u76d6\u9e25\u5361\n|turn|1\n|\n|t:|1700188452\n|switch|p1a: Clodsire|Clodsire, M|100\/100\n|switch|p2a: Diancie|Diancie|100\/100\n|\n|-weather|RainDance|[upkeep]\n|upkeep\n|turn|2\n|\n|t:|1700188473\n|switch|p1a: Garchomp|Garchomp, F|100\/100\n|move|p2a: Diancie|Stealth Rock|p1a: Garchomp\n|-sidestart|p1: MMQZA7|move: Stealth Rock\n|\n|-weather|RainDance|[upkeep]\n|upkeep\n|turn|3\n|\n|t:|1700188478\n|detailschange|p2a: Diancie|Diancie-Mega\n|-mega|p2a: Diancie|Diancie|Diancite\n|move|p1a: Garchomp|Iron Head|p2a: Diancie\n|-supereffective|p2a: Diancie\n|-damage|p2a: Diancie|0 fnt\n|faint|p2a: Diancie\n|\n|-weather|RainDance|[upkeep]\n|upkeep\n|\n|t:|1700188486\n|switch|p2a: \u767d\u8272\u7af9\u7b0b|Celesteela, shiny|100\/100\n|turn|4\n|l|\u2606MMQZA7\n|inactive|MMQZA7 disconnected and has a minute to reconnect!\n|player|p1|\n|j|\u2606MMQZA7\n|inactive|MMQZA7 reconnected and has 125 seconds left.\n|player|p1|MMQZA7|169\n|inactive|MMQZA7 has 120 seconds left.\n|\n|t:|1700188535\n|switch|p1a: Corviknight|Corviknight, M|100\/100\n|-damage|p1a: Corviknight|88\/100|[from] Stealth Rock\n|-ability|p1a: Corviknight|Pressure\n|move|p2a: \u767d\u8272\u7af9\u7b0b|Autotomize|p2a: \u767d\u8272\u7af9\u7b0b\n|-boost|p2a: \u767d\u8272\u7af9\u7b0b|spe|2\n|-start|p2a: \u767d\u8272\u7af9\u7b0b|Autotomize\n|\n|-weather|RainDance|[upkeep]\n|upkeep\n|turn|5\n|\n|t:|1700188546\n|move|p2a: \u767d\u8272\u7af9\u7b0b|Meteor Beam||[still]\n|-prepare|p2a: \u767d\u8272\u7af9\u7b0b|Meteor Beam\n|-boost|p2a: \u767d\u8272\u7af9\u7b0b|spa|1\n|-enditem|p2a: \u767d\u8272\u7af9\u7b0b|Power Herb\n|-anim|p2a: \u767d\u8272\u7af9\u7b0b|Meteor Beam|p1a: Corviknight\n|-damage|p1a: Corviknight|32\/100\n|move|p1a: Corviknight|Defog|p2a: \u767d\u8272\u7af9\u7b0b\n|-unboost|p2a: \u767d\u8272\u7af9\u7b0b|evasion|1\n|-sideend|p1: MMQZA7|Stealth Rock|[from] move: Defog|[of] p1a: Corviknight\n|\n|-weather|RainDance|[upkeep]\n|upkeep\n|turn|6\n|inactive|MMQZA7 has 120 seconds left.\n|\n|t:|1700188556\n|switch|p1a: Clodsire|Clodsire, M|100\/100\n|move|p2a: \u767d\u8272\u7af9\u7b0b|Flamethrower|p1a: Clodsire\n|-damage|p1a: Clodsire|93\/100\n|\n|-weather|RainDance|[upkeep]\n|-heal|p1a: Clodsire|99\/100|[from] item: Leftovers\n|upkeep\n|turn|7\n|\n|t:|1700188568\n|move|p2a: \u767d\u8272\u7af9\u7b0b|Air Slash|p1a: Clodsire\n|-crit|p1a: Clodsire\n|-damage|p1a: Clodsire|68\/100\n|cant|p1a: Clodsire|flinch\n|\n|-weather|RainDance|[upkeep]\n|-heal|p1a: Clodsire|74\/100|[from] item: Leftovers\n|upkeep\n|turn|8\n|\n|t:|1700188573\n|move|p2a: \u767d\u8272\u7af9\u7b0b|Air Slash|p1a: Clodsire\n|-damage|p1a: Clodsire|53\/100\n|move|p1a: Clodsire|Stealth Rock|p2a: \u767d\u8272\u7af9\u7b0b\n|-sidestart|p2: shakang|move: Stealth Rock\n|\n|-weather|none\n|-heal|p1a: Clodsire|59\/100|[from] item: Leftovers\n|upkeep\n|turn|9\n|\n|t:|1700188578\n|move|p2a: \u767d\u8272\u7af9\u7b0b|Meteor Beam||[still]\n|-prepare|p2a: \u767d\u8272\u7af9\u7b0b|Meteor Beam\n|-boost|p2a: \u767d\u8272\u7af9\u7b0b|spa|1\n|move|p1a: Clodsire|Recover|p1a: Clodsire\n|-heal|p1a: Clodsire|100\/100\n|\n|upkeep\n|turn|10\n|\n|t:|1700188595\n|switch|p1a: Corviknight|Corviknight, M|32\/100\n|-ability|p1a: Corviknight|Pressure\n|move|p2a: \u767d\u8272\u7af9\u7b0b|Meteor Beam|p1a: Corviknight|[from]lockedmove|[miss]\n|-miss|p2a: \u767d\u8272\u7af9\u7b0b|p1a: Corviknight\n|\n|upkeep\n|turn|11\n|\n|t:|1700188602\n|move|p2a: \u767d\u8272\u7af9\u7b0b|Flamethrower|p1a: Corviknight\n|-supereffective|p1a: Corviknight\n|-damage|p1a: Corviknight|0 fnt\n|faint|p1a: Corviknight\n|-ability|p2a: \u767d\u8272\u7af9\u7b0b|Beast Boost|boost\n|-boost|p2a: \u767d\u8272\u7af9\u7b0b|spa|1\n|\n|upkeep\n|\n|t:|1700188621\n|switch|p1a: Ogerpon|Ogerpon-Cornerstone, F|100\/100\n|turn|12\n|\n|t:|1700188636\n|move|p2a: \u767d\u8272\u7af9\u7b0b|Air Slash|p1a: Ogerpon\n|-ability|p1a: Ogerpon|Sturdy\n|-damage|p1a: Ogerpon|1\/100\n|move|p1a: Ogerpon|Ivy Cudgel|p2a: \u767d\u8272\u7af9\u7b0b|[anim] Ivy Cudgel Rock\n|-crit|p2a: \u767d\u8272\u7af9\u7b0b\n|-damage|p2a: \u767d\u8272\u7af9\u7b0b|5\/100\n|\n|upkeep\n|turn|13\n|\n|t:|1700188657\n|move|p2a: \u767d\u8272\u7af9\u7b0b|Flamethrower|p1a: Ogerpon\n|-damage|p1a: Ogerpon|0 fnt\n|faint|p1a: Ogerpon\n|-ability|p2a: \u767d\u8272\u7af9\u7b0b|Beast Boost|boost\n|-boost|p2a: \u767d\u8272\u7af9\u7b0b|spa|1\n|\n|upkeep\n|\n|t:|1700188663\n|switch|p1a: Lopunny|Lopunny, F|100\/100\n|turn|14\n|\n|t:|1700188670\n|switch|p2a: Moltres|Moltres, shiny|100\/100\n|detailschange|p1a: Lopunny|Lopunny-Mega, F\n|-mega|p1a: Lopunny|Lopunny|Lopunnite\n|move|p1a: Lopunny|Fake Out|p2a: Moltres\n|-damage|p2a: Moltres|85\/100\n|-status|p1a: Lopunny|brn|[from] ability: Flame Body|[of] p2a: Moltres\n|\n|-damage|p1a: Lopunny|95\/100 brn|[from] brn\n|upkeep\n|turn|15\n|\n|t:|1700188676\n|move|p1a: Lopunny|U-turn|p2a: Moltres\n|-resisted|p2a: Moltres\n|-damage|p2a: Moltres|83\/100\n|\n|t:|1700188683\n|switch|p1a: Clodsire|Clodsire, M|100\/100|[from] U-turn\n|move|p2a: Moltres|Defog|p1a: Clodsire\n|-unboost|p1a: Clodsire|evasion|1\n|-sideend|p2: shakang|Stealth Rock|[from] move: Defog|[of] p2a: Moltres\n|\n|upkeep\n|turn|16\n|\n|t:|1700188709\n|switch|p2a: \u5384\u8f68\u692a\u771f\u662f\u840c\u840c\u54d2|Ogerpon-Wellspring, F|100\/100\n|move|p1a: Clodsire|Stealth Rock|p2a: \u5384\u8f68\u692a\u771f\u662f\u840c\u840c\u54d2\n|-sidestart|p2: shakang|move: Stealth Rock\n|\n|upkeep\n|turn|17\n|\n|t:|1700188721\n|switch|p1a: Lopunny|Lopunny-Mega, F|95\/100 brn\n|-terastallize|p2a: \u5384\u8f68\u692a\u771f\u662f\u840c\u840c\u54d2|Water\n|detailschange|p2a: \u5384\u8f68\u692a\u771f\u662f\u840c\u840c\u54d2|Ogerpon-Wellspring-Tera, F, tera:Water\n|-ability|p2a: \u5384\u8f68\u692a\u771f\u662f\u840c\u840c\u54d2|Embody Aspect (Wellspring)|boost\n|-boost|p2a: \u5384\u8f68\u692a\u771f\u662f\u840c\u840c\u54d2|spd|1\n|move|p2a: \u5384\u8f68\u692a\u771f\u662f\u840c\u840c\u54d2|Swords Dance|p2a: \u5384\u8f68\u692a\u771f\u662f\u840c\u840c\u54d2\n|-boost|p2a: \u5384\u8f68\u692a\u771f\u662f\u840c\u840c\u54d2|atk|2\n|\n|-damage|p1a: Lopunny|89\/100 brn|[from] brn\n|upkeep\n|turn|18\n|\n|t:|1700188731\n|move|p1a: Lopunny|Fake Out|p2a: \u5384\u8f68\u692a\u771f\u662f\u840c\u840c\u54d2\n|-damage|p2a: \u5384\u8f68\u692a\u771f\u662f\u840c\u840c\u54d2|86\/100\n|cant|p2a: \u5384\u8f68\u692a\u771f\u662f\u840c\u840c\u54d2|flinch\n|\n|-damage|p1a: Lopunny|83\/100 brn|[from] brn\n|upkeep\n|turn|19\n|\n|t:|1700188734\n|move|p1a: Lopunny|Close Combat|p2a: \u5384\u8f68\u692a\u771f\u662f\u840c\u840c\u54d2\n|-damage|p2a: \u5384\u8f68\u692a\u771f\u662f\u840c\u840c\u54d2|41\/100\n|-unboost|p1a: Lopunny|def|1\n|-unboost|p1a: Lopunny|spd|1\n|move|p2a: \u5384\u8f68\u692a\u771f\u662f\u840c\u840c\u54d2|Ivy Cudgel|p1a: Lopunny|[anim] Ivy Cudgel Water\n|-damage|p1a: Lopunny|0 fnt\n|faint|p1a: Lopunny\n|\n|upkeep\n|\n|t:|1700188738\n|switch|p1a: Swellow|Swellow, F|100\/100\n|turn|20\n|\n|t:|1700188754\n|switch|p2a: \u767d\u8272\u7af9\u7b0b|Celesteela, shiny|5\/100\n|-damage|p2a: \u767d\u8272\u7af9\u7b0b|0 fnt|[from] Stealth Rock\n|faint|p2a: \u767d\u8272\u7af9\u7b0b\n|-terastallize|p1a: Swellow|Normal\n|move|p1a: Swellow|Boomburst|p2: \u767d\u8272\u7af9\u7b0b|[notarget]\n|-fail|p1a: Swellow\n|\n|upkeep\n|\n|t:|1700188760\n|switch|p2a: \u76d6\u9e25\u5361|Pelipper, M, shiny|100\/100\n|-damage|p2a: \u76d6\u9e25\u5361|75\/100|[from] Stealth Rock\n|-weather|RainDance|[from] ability: Drizzle|[of] p2a: \u76d6\u9e25\u5361\n|turn|21\n|\n|t:|1700188763\n|move|p1a: Swellow|Boomburst|p2a: \u76d6\u9e25\u5361\n|-damage|p2a: \u76d6\u9e25\u5361|0 fnt\n|faint|p2a: \u76d6\u9e25\u5361\n|\n|-weather|RainDance|[upkeep]\n|upkeep\n|\n|t:|1700188774\n|switch|p2a: Moltres|Moltres, shiny|83\/100\n|turn|22\n|\n|t:|1700188776\n|move|p1a: Swellow|Boomburst|p2a: Moltres\n|-damage|p2a: Moltres|0 fnt\n|faint|p2a: Moltres\n|\n|-weather|RainDance|[upkeep]\n|upkeep\n|\n|t:|1700188783\n|switch|p2a: Greninja|Greninja, M|100\/100\n|-damage|p2a: Greninja|88\/100|[from] Stealth Rock\n|turn|23\n|\n|t:|1700188786\n|move|p1a: Swellow|Boomburst|p2a: Greninja\n|-damage|p2a: Greninja|0 fnt\n|faint|p2a: Greninja\n|\n|-weather|RainDance|[upkeep]\n|upkeep\n|\n|t:|1700188787\n|switch|p2a: \u5384\u8f68\u692a\u771f\u662f\u840c\u840c\u54d2|Ogerpon-Wellspring-Tera, F, tera:Water|41\/100\n|-damage|p2a: \u5384\u8f68\u692a\u771f\u662f\u840c\u840c\u54d2|29\/100|[from] Stealth Rock\n|-ability|p2a: \u5384\u8f68\u692a\u771f\u662f\u840c\u840c\u54d2|Embody Aspect (Wellspring)|boost\n|-boost|p2a: \u5384\u8f68\u692a\u771f\u662f\u840c\u840c\u54d2|spd|1\n|turn|24\n|\n|t:|1700188790\n|move|p1a: Swellow|Boomburst|p2a: \u5384\u8f68\u692a\u771f\u662f\u840c\u840c\u54d2\n|-damage|p2a: \u5384\u8f68\u692a\u771f\u662f\u840c\u840c\u54d2|0 fnt\n|faint|p2a: \u5384\u8f68\u692a\u771f\u662f\u840c\u840c\u54d2\n|\n|win|MMQZA7\n|raw|MMQZA7's rating: 1517 &rarr; <strong>1537<\/strong><br \/>(+20 for winning)\n|raw|shakang's rating: 1520 &rarr; <strong>1500<\/strong><br \/>(-20 for losing)\n","uploadtime":1700188797,"views":4,"p1id":"mmqza7","p2id":"shakang","formatid":"gen9nationaldex","rating":1500,"private":0,"password":""}