{"id":"gen9nationaldex-1989408263","p1":"jiangzhi","p2":"Trafalgar Law","format":"[Gen 9] National Dex","log":"|j|\u2606jiangzhi\n|j|\u2606Trafalgar Law\n|t:|1699846404\n|gametype|singles\n|player|p1|jiangzhi|102|1478\n|player|p2|Trafalgar Law|blackbelt-gen4dp|1495\n|teamsize|p1|6\n|teamsize|p2|6\n|gen|9\n|tier|[Gen 9] National Dex\n|rated|\n|rule|HP Percentage Mod: HP is shown in percentages\n|rule|Endless Battle Clause: Forcing endless battles is banned\n|rule|OHKO Clause: OHKO moves are banned\n|rule|Evasion Clause: Evasion abilities, items, and moves are banned\n|rule|Evasion Abilities Clause: Evasion abilities are banned\n|rule|Evasion Items Clause: Evasion items are banned\n|rule|Evasion Moves Clause: Evasion moves are banned\n|rule|Species Clause: Limit one of each Pok\u00e9mon\n|rule|Sleep Clause Mod: Limit one foe put to sleep\n|clearpoke\n|poke|p1|Mew|\n|poke|p1|Flamigo, M|\n|poke|p1|Enamorus, F|\n|poke|p1|Slowking, F|\n|poke|p1|Alomomola, M|\n|poke|p1|Diancie|\n|poke|p2|Entei|\n|poke|p2|Charizard, F|\n|poke|p2|Tangrowth, F|\n|poke|p2|Kommo-o, M|\n|poke|p2|Ting-Lu|\n|poke|p2|Corviknight, M|\n|teampreview\n|inactive|Battle timer is ON: inactive players will automatically lose when time's up. (requested by Trafalgar Law)\n|\n|t:|1699846420\n|start\n|switch|p1a: Flamigo|Flamigo, M|100\/100\n|switch|p2a: Bambi|Ting-Lu|100\/100\n|-ability|p2a: Bambi|Vessel of Ruin\n|turn|1\n|\n|t:|1699846434\n|switch|p2a: Genjutsu|Corviknight, M, shiny|100\/100\n|-ability|p2a: Genjutsu|Pressure\n|-terastallize|p1a: Flamigo|Fighting\n|move|p1a: Flamigo|Close Combat|p2a: Genjutsu\n|-damage|p2a: Genjutsu|53\/100\n|-unboost|p1a: Flamigo|def|1\n|-unboost|p1a: Flamigo|spd|1\n|-damage|p1a: Flamigo|84\/100|[from] item: Rocky Helmet|[of] p2a: Genjutsu\n|\n|upkeep\n|turn|2\n|\n|t:|1699846446\n|switch|p1a: Mew|Mew|100\/100\n|move|p2a: Genjutsu|Roost|p2a: Genjutsu\n|-heal|p2a: Genjutsu|100\/100\n|-singleturn|p2a: Genjutsu|move: Roost\n|\n|upkeep\n|turn|3\n|\n|t:|1699846454\n|move|p1a: Mew|Stealth Rock|p2a: Genjutsu\n|-sidestart|p2: Trafalgar Law|move: Stealth Rock\n|move|p2a: Genjutsu|U-turn|p1a: Mew\n|-supereffective|p1a: Mew\n|-damage|p1a: Mew|71\/100\n|\n|t:|1699846465\n|switch|p2a: Bambi|Ting-Lu|100\/100|[from] U-turn\n|-damage|p2a: Bambi|94\/100|[from] Stealth Rock\n|-ability|p2a: Bambi|Vessel of Ruin\n|\n|-heal|p2a: Bambi|100\/100|[from] item: Leftovers\n|upkeep\n|turn|4\n|\n|t:|1699846471\n|move|p1a: Mew|Ice Beam|p2a: Bambi\n|-supereffective|p2a: Bambi\n|-damage|p2a: Bambi|77\/100\n|move|p2a: Bambi|Earthquake|p1a: Mew\n|-damage|p1a: Mew|37\/100\n|\n|-heal|p2a: Bambi|83\/100|[from] item: Leftovers\n|upkeep\n|turn|5\n|\n|t:|1699846478\n|move|p1a: Mew|Ice Beam|p2a: Bambi\n|-supereffective|p2a: Bambi\n|-damage|p2a: Bambi|62\/100\n|move|p2a: Bambi|Stealth Rock|p1a: Mew\n|-sidestart|p1: jiangzhi|move: Stealth Rock\n|\n|-heal|p2a: Bambi|68\/100|[from] item: Leftovers\n|upkeep\n|turn|6\n|\n|t:|1699846485\n|move|p1a: Mew|Ice Beam|p2a: Bambi\n|-supereffective|p2a: Bambi\n|-damage|p2a: Bambi|45\/100\n|move|p2a: Bambi|Spikes|p1a: Mew\n|-sidestart|p1: jiangzhi|Spikes\n|\n|-heal|p2a: Bambi|51\/100|[from] item: Leftovers\n|upkeep\n|turn|7\n|\n|t:|1699846489\n|move|p1a: Mew|Ice Beam|p2a: Bambi\n|-supereffective|p2a: Bambi\n|-damage|p2a: Bambi|29\/100\n|move|p2a: Bambi|Earthquake|p1a: Mew\n|-damage|p1a: Mew|0 fnt\n|faint|p1a: Mew\n|\n|-heal|p2a: Bambi|36\/100|[from] item: Leftovers\n|upkeep\n|\n|t:|1699846499\n|switch|p1a: Enamorus|Enamorus, F|100\/100\n|turn|8\n|\n|t:|1699846528\n|switch|p2a: Genjutsu|Corviknight, M, shiny|100\/100\n|-damage|p2a: Genjutsu|88\/100|[from] Stealth Rock\n|-ability|p2a: Genjutsu|Pressure\n|move|p1a: Enamorus|Moonblast|p2a: Genjutsu\n|-resisted|p2a: Genjutsu\n|-damage|p2a: Genjutsu|66\/100\n|\n|upkeep\n|turn|9\n|inactive|jiangzhi has 120 seconds left.\n|inactive|jiangzhi has 90 seconds left.\n|\n|t:|1699846597\n|move|p1a: Enamorus|Mystical Fire|p2a: Genjutsu\n|-supereffective|p2a: Genjutsu\n|-damage|p2a: Genjutsu|17\/100\n|-unboost|p2a: Genjutsu|spa|1\n|move|p2a: Genjutsu|Brave Bird|p1a: Enamorus\n|-damage|p1a: Enamorus|47\/100\n|-damage|p2a: Genjutsu|4\/100|[from] Recoil\n|\n|upkeep\n|turn|10\n|inactive|jiangzhi has 90 seconds left.\n|\n|t:|1699846609\n|move|p1a: Enamorus|Moonblast|p2a: Genjutsu\n|-resisted|p2a: Genjutsu\n|-damage|p2a: Genjutsu|0 fnt\n|faint|p2a: Genjutsu\n|\n|upkeep\n|\n|t:|1699846611\n|switch|p2a: Charizard|Charizard, F|100\/100\n|-damage|p2a: Charizard|51\/100|[from] Stealth Rock\n|turn|11\n|\n|t:|1699846619\n|detailschange|p2a: Charizard|Charizard-Mega-Y, F\n|-mega|p2a: Charizard|Charizard|Charizardite Y\n|-weather|SunnyDay|[from] ability: Drought|[of] p2a: Charizard\n|move|p1a: Enamorus|Mystical Fire|p2a: Charizard\n|-resisted|p2a: Charizard\n|-damage|p2a: Charizard|31\/100\n|-unboost|p2a: Charizard|spa|1\n|move|p2a: Charizard|Flamethrower|p1a: Enamorus\n|-damage|p1a: Enamorus|0 fnt\n|faint|p1a: Enamorus\n|\n|-weather|SunnyDay|[upkeep]\n|upkeep\n|inactive|jiangzhi has 90 seconds left.\n|\n|t:|1699846629\n|switch|p1a: Diancie|Diancie|100\/100\n|-damage|p1a: Diancie|88\/100|[from] Stealth Rock\n|-damage|p1a: Diancie|76\/100|[from] Spikes\n|turn|12\n|\n|t:|1699846643\n|detailschange|p1a: Diancie|Diancie-Mega\n|-mega|p1a: Diancie|Diancie|Diancite\n|move|p1a: Diancie|Diamond Storm|p2a: Charizard\n|-supereffective|p2a: Charizard\n|-damage|p2a: Charizard|0 fnt\n|-boost|p1a: Diancie|def|2\n|faint|p2a: Charizard\n|\n|-weather|SunnyDay|[upkeep]\n|upkeep\n|\n|t:|1699846653\n|switch|p2a: Phuda|Entei, shiny|100\/100\n|-damage|p2a: Phuda|76\/100|[from] Stealth Rock\n|turn|13\n|\n|t:|1699846662\n|switch|p1a: Alomomola|Alomomola, M|100\/100\n|-damage|p1a: Alomomola|88\/100|[from] Stealth Rock\n|-damage|p1a: Alomomola|75\/100|[from] Spikes\n|-terastallize|p2a: Phuda|Normal\n|move|p2a: Phuda|Iron Head|p1a: Alomomola\n|-resisted|p1a: Alomomola\n|-damage|p1a: Alomomola|69\/100\n|-damage|p2a: Phuda|59\/100|[from] item: Rocky Helmet|[of] p1a: Alomomola\n|\n|-weather|SunnyDay|[upkeep]\n|upkeep\n|turn|14\n|inactive|jiangzhi has 120 seconds left.\n|\n|t:|1699846672\n|move|p2a: Phuda|Swagger|p1a: Alomomola\n|-boost|p1a: Alomomola|atk|2\n|-enditem|p2a: Phuda|Mirror Herb\n|-boost|p2a: Phuda|atk|2|[from] item: Mirror Herb\n|-start|p1a: Alomomola|confusion\n|-activate|p1a: Alomomola|confusion\n|-damage|p1a: Alomomola|59\/100|[from] confusion\n|\n|-weather|SunnyDay|[upkeep]\n|upkeep\n|turn|15\n|\n|t:|1699846679\n|move|p2a: Phuda|Extreme Speed|p1a: Alomomola\n|-damage|p1a: Alomomola|13\/100\n|-damage|p2a: Phuda|43\/100|[from] item: Rocky Helmet|[of] p1a: Alomomola\n|-activate|p1a: Alomomola|confusion\n|move|p1a: Alomomola|Wish|p1a: Alomomola\n|\n|-weather|none\n|upkeep\n|turn|16\n|\n|t:|1699846686\n|-end|p1a: Alomomola|confusion\n|move|p1a: Alomomola|Protect|p1a: Alomomola\n|-singleturn|p1a: Alomomola|Protect\n|move|p2a: Phuda|Extreme Speed|p1a: Alomomola\n|-activate|p1a: Alomomola|move: Protect\n|\n|-heal|p1a: Alomomola|63\/100|[from] move: Wish|[wisher] Alomomola\n|upkeep\n|turn|17\n|\n|t:|1699846698\n|move|p2a: Phuda|Extreme Speed|p1a: Alomomola\n|-damage|p1a: Alomomola|13\/100\n|-damage|p2a: Phuda|26\/100|[from] item: Rocky Helmet|[of] p1a: Alomomola\n|move|p1a: Alomomola|Wish|p1a: Alomomola\n|\n|upkeep\n|turn|18\n|\n|t:|1699846706\n|move|p1a: Alomomola|Protect|p1a: Alomomola\n|-singleturn|p1a: Alomomola|Protect\n|move|p2a: Phuda|Swagger|p1a: Alomomola\n|-activate|p1a: Alomomola|move: Protect\n|\n|-heal|p1a: Alomomola|63\/100|[from] move: Wish|[wisher] Alomomola\n|upkeep\n|turn|19\n|\n|t:|1699846726\n|move|p2a: Phuda|Swagger|p1a: Alomomola\n|-boost|p1a: Alomomola|atk|2\n|-start|p1a: Alomomola|confusion\n|-activate|p1a: Alomomola|confusion\n|move|p1a: Alomomola|Flip Turn|p2a: Phuda\n|-damage|p2a: Phuda|0 fnt\n|faint|p2a: Phuda\n|\n|t:|1699846738\n|switch|p1a: Flamigo|Flamigo, M, tera:Fighting|84\/100|[from] Flip Turn\n|-damage|p1a: Flamigo|78\/100|[from] Stealth Rock\n|-damage|p1a: Flamigo|65\/100|[from] Spikes\n|\n|upkeep\n|\n|t:|1699846747\n|switch|p2a: Big Body Ben|Tangrowth, F, shiny|100\/100\n|-damage|p2a: Big Body Ben|88\/100|[from] Stealth Rock\n|turn|20\n|\n|t:|1699846751\n|move|p1a: Flamigo|Brave Bird|p2a: Big Body Ben\n|-supereffective|p2a: Big Body Ben\n|-damage|p2a: Big Body Ben|24\/100\n|-damage|p1a: Flamigo|49\/100|[from] item: Rocky Helmet|[of] p2a: Big Body Ben\n|-damage|p1a: Flamigo|21\/100|[from] Recoil\n|move|p2a: Big Body Ben|Giga Drain|p1a: Flamigo\n|-damage|p1a: Flamigo|0 fnt\n|-heal|p2a: Big Body Ben|31\/100|[from] drain|[of] p1a: Flamigo\n|faint|p1a: Flamigo\n|\n|upkeep\n|\n|t:|1699846758\n|switch|p1a: Diancie|Diancie-Mega|76\/100\n|-damage|p1a: Diancie|63\/100|[from] Stealth Rock\n|-damage|p1a: Diancie|51\/100|[from] Spikes\n|turn|21\n|\n|t:|1699846767\n|move|p1a: Diancie|Moonblast|p2a: Big Body Ben\n|-damage|p2a: Big Body Ben|0 fnt\n|faint|p2a: Big Body Ben\n|\n|upkeep\n|-message|Trafalgar Law forfeited.\n|\n|win|jiangzhi\n|raw|jiangzhi's rating: 1478 &rarr; <strong>1499<\/strong><br \/>(+21 for winning)\n|raw|Trafalgar Law's rating: 1495 &rarr; <strong>1474<\/strong><br \/>(-21 for losing)\n|l|\u2606Trafalgar Law\n","uploadtime":1699846775,"views":5,"p1id":"jiangzhi","p2id":"trafalgarlaw","formatid":"gen9nationaldex","rating":1474,"private":0,"password":""}