{"id":"gen9nationaldex-1989196460","p1":"Lo-F1","p2":"live woch reaction","format":"[Gen 9] National Dex","log":"|j|\u2606Lo-F1\n|j|\u2606live woch reaction\n|t:|1699822324\n|gametype|singles\n|player|p1|Lo-F1|pokemonrangerf|1352\n|player|p2|live woch reaction|266|1302\n|teamsize|p1|6\n|teamsize|p2|6\n|gen|9\n|tier|[Gen 9] National Dex\n|rated|\n|rule|HP Percentage Mod: HP is shown in percentages\n|rule|Endless Battle Clause: Forcing endless battles is banned\n|rule|OHKO Clause: OHKO moves are banned\n|rule|Evasion Clause: Evasion abilities, items, and moves are banned\n|rule|Evasion Abilities Clause: Evasion abilities are banned\n|rule|Evasion Items Clause: Evasion items are banned\n|rule|Evasion Moves Clause: Evasion moves are banned\n|rule|Species Clause: Limit one of each Pok\u00e9mon\n|rule|Sleep Clause Mod: Limit one foe put to sleep\n|clearpoke\n|poke|p1|Torkoal, F|\n|poke|p1|Lilligant, F|\n|poke|p1|Brute Bonnet|\n|poke|p1|Toxapex, F|\n|poke|p1|Typhlosion, F|\n|poke|p1|Slither Wing|\n|poke|p2|Tyrantrum, M|\n|poke|p2|Heatran, F|\n|poke|p2|Tapu Lele|\n|poke|p2|Scizor, F|\n|poke|p2|Rotom-Wash|\n|poke|p2|Toxapex, F|\n|teampreview\n|inactive|Battle timer is ON: inactive players will automatically lose when time's up. (requested by Lo-F1)\n|\n|t:|1699822345\n|start\n|switch|p1a: Torkoal|Torkoal, F|100\/100\n|switch|p2a: Tyrantrum|Tyrantrum, M|100\/100\n|-weather|SunnyDay|[from] ability: Drought|[of] p1a: Torkoal\n|turn|1\n|inactive|live woch reaction has 120 seconds left.\n|\n|t:|1699822377\n|switch|p1a: Brute Bonnet|Brute Bonnet|100\/100\n|-activate|p1a: Brute Bonnet|ability: Protosynthesis\n|-start|p1a: Brute Bonnet|protosynthesisatk\n|move|p2a: Tyrantrum|Head Smash|p1a: Brute Bonnet\n|-damage|p1a: Brute Bonnet|37\/100\n|-damage|p2a: Tyrantrum|91\/100|[from] item: Life Orb\n|\n|-weather|SunnyDay|[upkeep]\n|-heal|p1a: Brute Bonnet|43\/100|[from] item: Leftovers\n|upkeep\n|turn|2\n|inactive|live woch reaction has 120 seconds left.\n|\n|t:|1699822407\n|move|p2a: Tyrantrum|Head Smash|p1a: Brute Bonnet\n|-damage|p1a: Brute Bonnet|0 fnt\n|faint|p1a: Brute Bonnet\n|-end|p1a: Brute Bonnet|Protosynthesis|[silent]\n|-damage|p2a: Tyrantrum|81\/100|[from] item: Life Orb\n|\n|-weather|SunnyDay|[upkeep]\n|upkeep\n|\n|t:|1699822423\n|switch|p1a: Toxapex|Toxapex, F|100\/100\n|turn|3\n|\n|t:|1699822433\n|switch|p2a: Rotom|Rotom-Wash|100\/100\n|move|p1a: Toxapex|Toxic|p2a: Rotom\n|-status|p2a: Rotom|tox\n|\n|-weather|SunnyDay|[upkeep]\n|-damage|p2a: Rotom|94\/100 tox|[from] psn\n|upkeep\n|turn|4\n|\n|t:|1699822446\n|switch|p1a: Hear me out....|Lilligant, F|100\/100\n|move|p2a: Rotom|Will-O-Wisp|p1a: Hear me out....|[miss]\n|-miss|p2a: Rotom|p1a: Hear me out....\n|\n|-weather|SunnyDay|[upkeep]\n|-heal|p2a: Rotom|100\/100 tox|[from] item: Leftovers\n|-damage|p2a: Rotom|88\/100 tox|[from] psn\n|upkeep\n|turn|5\n|\n|t:|1699822457\n|switch|p2a: Heatran|Heatran, F|100\/100\n|move|p1a: Hear me out....|Growth|p1a: Hear me out....\n|-boost|p1a: Hear me out....|atk|2\n|-boost|p1a: Hear me out....|spa|2\n|\n|-weather|SunnyDay|[upkeep]\n|upkeep\n|turn|6\n|\n|t:|1699822474\n|switch|p1a: Typhlosion|Typhlosion, F, shiny|100\/100\n|move|p2a: Heatran|Stealth Rock|p1a: Typhlosion\n|-sidestart|p1: Lo-F1|move: Stealth Rock\n|\n|-weather|SunnyDay|[upkeep]\n|upkeep\n|turn|7\n|\n|t:|1699822489\n|switch|p1a: Slither Wing|Slither Wing, shiny|100\/100\n|-damage|p1a: Slither Wing|88\/100|[from] Stealth Rock\n|-activate|p1a: Slither Wing|ability: Protosynthesis\n|-start|p1a: Slither Wing|protosynthesisatk\n|switch|p2a: Rotom|Rotom-Wash|88\/100 tox\n|\n|-weather|SunnyDay|[upkeep]\n|-heal|p2a: Rotom|94\/100 tox|[from] item: Leftovers\n|-damage|p2a: Rotom|88\/100 tox|[from] psn\n|upkeep\n|turn|8\n|\n|t:|1699822505\n|move|p1a: Slither Wing|First Impression|p2a: Rotom\n|-damage|p2a: Rotom|0 fnt\n|faint|p2a: Rotom\n|-damage|p1a: Slither Wing|78\/100|[from] item: Life Orb\n|\n|-weather|none\n|-end|p1a: Slither Wing|Protosynthesis\n|upkeep\n|\n|t:|1699822517\n|switch|p2a: Tyrantrum|Tyrantrum, M|81\/100\n|turn|9\n|\n|t:|1699822530\n|-terastallize|p2a: Tyrantrum|Fairy\n|move|p2a: Tyrantrum|Scale Shot|p1a: Slither Wing|[miss]\n|-miss|p2a: Tyrantrum|p1a: Slither Wing\n|move|p1a: Slither Wing|Close Combat|p2a: Tyrantrum\n|-resisted|p2a: Tyrantrum\n|-damage|p2a: Tyrantrum|39\/100\n|-unboost|p1a: Slither Wing|def|1\n|-unboost|p1a: Slither Wing|spd|1\n|-damage|p1a: Slither Wing|68\/100|[from] item: Life Orb\n|\n|upkeep\n|turn|10\n|\n|t:|1699822552\n|-end|p1a: Slither Wing|Protosynthesis|[silent]\n|switch|p1a: Torkoal|Torkoal, F|100\/100\n|-damage|p1a: Torkoal|76\/100|[from] Stealth Rock\n|-weather|SunnyDay|[from] ability: Drought|[of] p1a: Torkoal\n|move|p2a: Tyrantrum|Head Smash|p1a: Torkoal\n|-supereffective|p1a: Torkoal\n|-damage|p1a: Torkoal|0 fnt\n|faint|p1a: Torkoal\n|-damage|p2a: Tyrantrum|29\/100|[from] item: Life Orb\n|\n|-weather|SunnyDay|[upkeep]\n|upkeep\n|\n|t:|1699822562\n|switch|p1a: Typhlosion|Typhlosion, F, shiny|100\/100\n|-damage|p1a: Typhlosion|76\/100|[from] Stealth Rock\n|turn|11\n|inactive|live woch reaction has 90 seconds left.\n|\n|t:|1699822588\n|switch|p2a: Toxapex|Toxapex, F|100\/100\n|-terastallize|p1a: Typhlosion|Fire\n|move|p1a: Typhlosion|Burn Up|p2a: Toxapex\n|-resisted|p2a: Toxapex\n|-damage|p2a: Toxapex|47\/100\n|-start|p1a: Typhlosion|typechange|Fire|[from] move: Burn Up\n|\n|-weather|SunnyDay|[upkeep]\n|-heal|p2a: Toxapex|53\/100|[from] item: Leftovers\n|upkeep\n|turn|12\n|inactive|live woch reaction has 90 seconds left.\n|\n|t:|1699822601\n|move|p2a: Toxapex|Baneful Bunker|p2a: Toxapex\n|-singleturn|p2a: Toxapex|move: Protect\n|move|p1a: Typhlosion|Burn Up|p2a: Toxapex\n|-activate|p2a: Toxapex|move: Protect\n|\n|-weather|SunnyDay|[upkeep]\n|-heal|p2a: Toxapex|60\/100|[from] item: Leftovers\n|upkeep\n|turn|13\n|inactive|live woch reaction has 90 seconds left.\n|\n|t:|1699822614\n|move|p1a: Typhlosion|Burn Up|p2a: Toxapex\n|-resisted|p2a: Toxapex\n|-damage|p2a: Toxapex|8\/100\n|-start|p1a: Typhlosion|typechange|Fire|[from] move: Burn Up\n|move|p2a: Toxapex|Knock Off|p1a: Typhlosion\n|-damage|p1a: Typhlosion|54\/100\n|-enditem|p1a: Typhlosion|Choice Scarf|[from] move: Knock Off|[of] p2a: Toxapex\n|\n|-weather|SunnyDay|[upkeep]\n|-heal|p2a: Toxapex|15\/100|[from] item: Leftovers\n|upkeep\n|turn|14\n|inactive|live woch reaction has 90 seconds left.\n|\n|t:|1699822626\n|move|p2a: Toxapex|Baneful Bunker|p2a: Toxapex\n|-singleturn|p2a: Toxapex|move: Protect\n|move|p1a: Typhlosion|Solar Beam||[still]\n|-prepare|p1a: Typhlosion|Solar Beam\n|-anim|p1a: Typhlosion|Solar Beam|p2a: Toxapex\n|-activate|p2a: Toxapex|move: Protect\n|\n|-weather|SunnyDay|[upkeep]\n|-heal|p2a: Toxapex|21\/100|[from] item: Leftovers\n|upkeep\n|turn|15\n|inactive|live woch reaction has 90 seconds left.\n|\n|t:|1699822642\n|switch|p2a: Heatran|Heatran, F|100\/100\n|move|p1a: Typhlosion|Burn Up|p2a: Heatran\n|-start|p2a: Heatran|ability: Flash Fire\n|\n|-weather|SunnyDay|[upkeep]\n|upkeep\n|turn|16\n|inactive|live woch reaction has 90 seconds left.\n|\n|t:|1699822650\n|move|p1a: Typhlosion|Focus Blast|p2a: Heatran\n|-supereffective|p2a: Heatran\n|-damage|p2a: Heatran|35\/100\n|move|p2a: Heatran|Earth Power|p1a: Typhlosion\n|-supereffective|p1a: Typhlosion\n|-damage|p1a: Typhlosion|0 fnt\n|faint|p1a: Typhlosion\n|\n|-weather|SunnyDay|[upkeep]\n|upkeep\n|\n|t:|1699822659\n|switch|p1a: Slither Wing|Slither Wing, shiny|68\/100\n|-damage|p1a: Slither Wing|56\/100|[from] Stealth Rock\n|-activate|p1a: Slither Wing|ability: Protosynthesis\n|-start|p1a: Slither Wing|protosynthesisatk\n|turn|17\n|inactive|live woch reaction has 90 seconds left.\n|\n|t:|1699822675\n|-end|p2a: Heatran|ability: Flash Fire|[silent]\n|switch|p2a: Toxapex|Toxapex, F|54\/100\n|move|p1a: Slither Wing|Close Combat|p2a: Toxapex\n|-resisted|p2a: Toxapex\n|-damage|p2a: Toxapex|17\/100\n|-unboost|p1a: Slither Wing|def|1\n|-unboost|p1a: Slither Wing|spd|1\n|-damage|p1a: Slither Wing|46\/100|[from] item: Life Orb\n|\n|-weather|none\n|-end|p1a: Slither Wing|Protosynthesis\n|-heal|p2a: Toxapex|23\/100|[from] item: Leftovers\n|upkeep\n|turn|18\n|-message|Lo-F1 forfeited.\n|\n|win|live woch reaction\n|raw|Lo-F1's rating: 1352 &rarr; <strong>1329<\/strong><br \/>(-23 for losing)\n|raw|live woch reaction's rating: 1302 &rarr; <strong>1325<\/strong><br \/>(+23 for winning)\n|l|\u2606Lo-F1\n","uploadtime":1699822688,"views":7,"p1id":"lof1","p2id":"livewochreaction","formatid":"gen9nationaldex","rating":1325,"private":0,"password":""}