{"id":"gen9nationaldex-1999119336","p1":"Prekoniker","p2":"MunchingPatato","format":"[Gen 9] National Dex","log":"|html|<div class=\"broadcast-blue\"><strong>[Gen 9] National Dex is currently suspecting Sneasler! For information on how to participate check out the <a href=\"https:\/\/www.smogon.com\/forums\/threads\/sv-national-dex-suspect-8-just-dance.3731534\/\">suspect thread<\/a>.<\/strong><\/div>\n|j|\u2606Prekoniker\n|j|\u2606MunchingPatato\n|t:|1701035202\n|gametype|singles\n|player|p1|Prekoniker|102|\n|player|p2|MunchingPatato|preschooler|\n|teamsize|p1|6\n|teamsize|p2|6\n|gen|9\n|tier|[Gen 9] National Dex\n|rule|HP Percentage Mod: HP is shown in percentages\n|rule|Endless Battle Clause: Forcing endless battles is banned\n|rule|OHKO Clause: OHKO moves are banned\n|rule|Evasion Clause: Evasion abilities, items, and moves are banned\n|rule|Evasion Abilities Clause: Evasion abilities are banned\n|rule|Evasion Items Clause: Evasion items are banned\n|rule|Evasion Moves Clause: Evasion moves are banned\n|rule|Species Clause: Limit one of each Pok\u00e9mon\n|rule|Sleep Clause Mod: Limit one foe put to sleep\n|clearpoke\n|poke|p1|Galvantula, F|\n|poke|p1|Zapdos|\n|poke|p1|Magnezone|\n|poke|p1|Lanturn, F|\n|poke|p1|Jolteon, F|\n|poke|p1|Luxray, F|\n|poke|p2|Clefable, F|\n|poke|p2|Slowbro, F|\n|poke|p2|Clodsire, F|\n|poke|p2|Venusaur, M|\n|poke|p2|Avalugg, F|\n|poke|p2|Aegislash, F|\n|teampreview\n|\n|t:|1701035217\n|start\n|switch|p1a: Magnezone|Magnezone|100\/100\n|switch|p2a: Venusaur|Venusaur, M|100\/100\n|turn|1\n|\n|t:|1701035255\n|switch|p2a: Aegislash|Aegislash, F|100\/100\n|move|p1a: Magnezone|Flash Cannon|p2a: Aegislash\n|-resisted|p2a: Aegislash\n|-damage|p2a: Aegislash|76\/100\n|\n|-heal|p2a: Aegislash|82\/100|[from] item: Leftovers\n|upkeep\n|turn|2\n|\n|t:|1701035270\n|switch|p1a: Luxray|Luxray, F|100\/100\n|-ability|p1a: Luxray|Intimidate|boost\n|-unboost|p2a: Aegislash|atk|1\n|move|p2a: Aegislash|Swords Dance|p2a: Aegislash\n|-boost|p2a: Aegislash|atk|2\n|\n|-heal|p2a: Aegislash|88\/100|[from] item: Leftovers\n|upkeep\n|turn|3\n|\n|t:|1701035283\n|move|p2a: Aegislash|King's Shield|p2a: Aegislash\n|-singleturn|p2a: Aegislash|Protect\n|move|p1a: Luxray|Fire Fang|p2a: Aegislash\n|-activate|p2a: Aegislash|move: Protect\n|-unboost|p1a: Luxray|atk|1\n|\n|-heal|p2a: Aegislash|94\/100|[from] item: Leftovers\n|upkeep\n|turn|4\n|\n|t:|1701035293\n|switch|p1a: Lanturn|Lanturn, F|100\/100\n|-formechange|p2a: Aegislash|Aegislash-Blade||[from] ability: Stance Change\n|move|p2a: Aegislash|Shadow Sneak|p1a: Lanturn\n|-damage|p1a: Lanturn|55\/100\n|\n|-heal|p1a: Lanturn|61\/100|[from] item: Leftovers\n|-heal|p2a: Aegislash|100\/100|[from] item: Leftovers\n|upkeep\n|turn|5\n|\n|t:|1701035305\n|move|p1a: Lanturn|Volt Switch|p2a: Aegislash\n|-damage|p2a: Aegislash|50\/100\n|\n|t:|1701035310\n|switch|p1a: Luxray|Luxray, F|100\/100|[from] Volt Switch\n|-ability|p1a: Luxray|Intimidate|boost\n|-unboost|p2a: Aegislash|atk|1\n|move|p2a: Aegislash|Swords Dance|p2a: Aegislash\n|-boost|p2a: Aegislash|atk|2\n|\n|-heal|p2a: Aegislash|56\/100|[from] item: Leftovers\n|upkeep\n|turn|6\n|\n|t:|1701035324\n|switch|p1a: Zapdos|Zapdos|100\/100\n|move|p2a: Aegislash|Swords Dance|p2a: Aegislash\n|-boost|p2a: Aegislash|atk|2\n|\n|-heal|p2a: Aegislash|63\/100|[from] item: Leftovers\n|upkeep\n|turn|7\n|\n|t:|1701035333\n|-formechange|p2a: Aegislash|Aegislash||[from] ability: Stance Change\n|move|p2a: Aegislash|King's Shield|p2a: Aegislash\n|-singleturn|p2a: Aegislash|Protect\n|move|p1a: Zapdos|Heat Wave|p2a: Aegislash\n|-activate|p2a: Aegislash|move: Protect\n|\n|-heal|p2a: Aegislash|69\/100|[from] item: Leftovers\n|upkeep\n|turn|8\n|\n|t:|1701035341\n|-formechange|p2a: Aegislash|Aegislash-Blade||[from] ability: Stance Change\n|move|p2a: Aegislash|Shadow Sneak|p1a: Zapdos\n|-damage|p1a: Zapdos|48\/100\n|-status|p2a: Aegislash|par|[from] ability: Static|[of] p1a: Zapdos\n|move|p1a: Zapdos|Heat Wave|p2a: Aegislash\n|-supereffective|p2a: Aegislash\n|-damage|p2a: Aegislash|0 fnt\n|faint|p2a: Aegislash\n|\n|upkeep\n|\n|t:|1701035357\n|switch|p2a: Clodsire|Clodsire, F|100\/100\n|turn|9\n|\n|t:|1701035386\n|switch|p1a: Galvantula|Galvantula, F|100\/100\n|move|p2a: Clodsire|Toxic|p1a: Galvantula\n|-status|p1a: Galvantula|tox\n|\n|-damage|p1a: Galvantula|94\/100 tox|[from] psn\n|upkeep\n|turn|10\n|\n|t:|1701035399\n|move|p1a: Galvantula|Sticky Web|p2a: Clodsire\n|-sidestart|p2: MunchingPatato|move: Sticky Web\n|move|p2a: Clodsire|Spikes|p1a: Galvantula\n|-sidestart|p1: Prekoniker|Spikes\n|\n|-damage|p1a: Galvantula|82\/100 tox|[from] psn\n|upkeep\n|turn|11\n|\n|t:|1701035431\n|switch|p2a: Avalugg|Avalugg, F|100\/100\n|move|p1a: Galvantula|Bug Buzz|p2a: Avalugg\n|-damage|p2a: Avalugg|42\/100\n|\n|-damage|p1a: Galvantula|64\/100 tox|[from] psn\n|upkeep\n|turn|12\n|\n|t:|1701035451\n|move|p1a: Galvantula|Electro Ball|p2a: Avalugg\n|-damage|p2a: Avalugg|0 fnt\n|faint|p2a: Avalugg\n|\n|-damage|p1a: Galvantula|40\/100 tox|[from] psn\n|upkeep\n|\n|t:|1701035457\n|switch|p2a: Clodsire|Clodsire, F|100\/100\n|turn|13\n|\n|t:|1701035463\n|switch|p1a: Magnezone|Magnezone|100\/100\n|-damage|p1a: Magnezone|88\/100|[from] Spikes\n|move|p2a: Clodsire|Spikes|p1a: Magnezone\n|-sidestart|p1: Prekoniker|Spikes\n|\n|upkeep\n|turn|14\n|\n|t:|1701035485\n|move|p1a: Magnezone|Volt Switch|p2a: Clodsire\n|-immune|p2a: Clodsire\n|move|p2a: Clodsire|Earthquake|p1a: Magnezone\n|-supereffective|p1a: Magnezone\n|-damage|p1a: Magnezone|0 fnt\n|faint|p1a: Magnezone\n|\n|upkeep\n|\n|t:|1701035553\n|switch|p1a: Lanturn|Lanturn, F|61\/100\n|-damage|p1a: Lanturn|44\/100|[from] Spikes\n|turn|15\n|\n|t:|1701035564\n|move|p1a: Lanturn|Ice Beam|p2a: Clodsire\n|-supereffective|p2a: Clodsire\n|-damage|p2a: Clodsire|75\/100\n|move|p2a: Clodsire|Toxic|p1a: Lanturn\n|-status|p1a: Lanturn|tox\n|\n|-heal|p1a: Lanturn|51\/100 tox|[from] item: Leftovers\n|-damage|p1a: Lanturn|44\/100 tox|[from] psn\n|upkeep\n|turn|16\n|\n|t:|1701035573\n|move|p1a: Lanturn|Ice Beam|p2a: Clodsire\n|-supereffective|p2a: Clodsire\n|-damage|p2a: Clodsire|50\/100\n|move|p2a: Clodsire|Spikes|p1a: Lanturn\n|-sidestart|p1: Prekoniker|Spikes\n|\n|-heal|p1a: Lanturn|51\/100 tox|[from] item: Leftovers\n|-damage|p1a: Lanturn|38\/100 tox|[from] psn\n|upkeep\n|turn|17\n|\n|t:|1701035581\n|move|p1a: Lanturn|Ice Beam|p2a: Clodsire\n|-supereffective|p2a: Clodsire\n|-damage|p2a: Clodsire|26\/100\n|move|p2a: Clodsire|Recover|p2a: Clodsire\n|-heal|p2a: Clodsire|76\/100\n|\n|-heal|p1a: Lanturn|44\/100 tox|[from] item: Leftovers\n|-damage|p1a: Lanturn|26\/100 tox|[from] psn\n|upkeep\n|turn|18\n|\n|t:|1701035591\n|move|p1a: Lanturn|Ice Beam|p2a: Clodsire\n|-supereffective|p2a: Clodsire\n|-damage|p2a: Clodsire|50\/100\n|move|p2a: Clodsire|Toxic|p1a: Lanturn\n|-fail|p1a: Lanturn|tox\n|\n|-heal|p1a: Lanturn|32\/100 tox|[from] item: Leftovers\n|-damage|p1a: Lanturn|8\/100 tox|[from] psn\n|upkeep\n|turn|19\n|\n|t:|1701035599\n|move|p1a: Lanturn|Ice Beam|p2a: Clodsire\n|-supereffective|p2a: Clodsire\n|-damage|p2a: Clodsire|23\/100\n|move|p2a: Clodsire|Recover|p2a: Clodsire\n|-heal|p2a: Clodsire|73\/100\n|\n|-heal|p1a: Lanturn|14\/100 tox|[from] item: Leftovers\n|-damage|p1a: Lanturn|0 fnt|[from] psn\n|faint|p1a: Lanturn\n|upkeep\n|\n|t:|1701035670\n|switch|p1a: Luxray|Luxray, F|100\/100\n|-ability|p1a: Luxray|Intimidate|boost\n|-unboost|p2a: Clodsire|atk|1\n|turn|20\n|\n|t:|1701035688\n|switch|p2a: Slowbro|Slowbro, F|100\/100\n|move|p1a: Luxray|Ice Fang|p2a: Slowbro\n|-resisted|p2a: Slowbro\n|-damage|p2a: Slowbro|93\/100\n|\n|upkeep\n|turn|21\n|\n|t:|1701035701\n|move|p1a: Luxray|Crunch|p2a: Slowbro\n|-supereffective|p2a: Slowbro\n|-damage|p2a: Slowbro|59\/100\n|move|p2a: Slowbro|Future Sight|p1a: Luxray\n|-start|p2a: Slowbro|move: Future Sight\n|\n|upkeep\n|turn|22\n|\n|t:|1701035712\n|switch|p1a: Galvantula|Galvantula, F|40\/100 tox\n|-damage|p1a: Galvantula|15\/100 tox|[from] Spikes\n|move|p2a: Slowbro|Slack Off|p2a: Slowbro\n|-heal|p2a: Slowbro|100\/100\n|\n|-damage|p1a: Galvantula|9\/100 tox|[from] psn\n|upkeep\n|turn|23\n|\n|t:|1701035726\n|switch|p2a: Clodsire|Clodsire, F|73\/100\n|move|p1a: Galvantula|Energy Ball|p2a: Clodsire\n|-damage|p2a: Clodsire|60\/100\n|\n|-end|p1a: Galvantula|move: Future Sight\n|-damage|p1a: Galvantula|0 fnt\n|faint|p1a: Galvantula\n|upkeep\n|\n|t:|1701035734\n|switch|p1a: Luxray|Luxray, F|100\/100\n|-ability|p1a: Luxray|Intimidate|boost\n|-unboost|p2a: Clodsire|atk|1\n|turn|24\n|\n|t:|1701035745\n|move|p1a: Luxray|Ice Fang|p2a: Clodsire\n|-supereffective|p2a: Clodsire\n|-damage|p2a: Clodsire|3\/100\n|cant|p2a: Clodsire|flinch\n|\n|upkeep\n|turn|25\n|\n|t:|1701035759\n|switch|p2a: Clefable|Clefable, F|100\/100\n|-activate|p2a: Clefable|move: Sticky Web\n|-unboost|p2a: Clefable|spe|1\n|move|p1a: Luxray|Crunch|p2a: Clefable\n|-resisted|p2a: Clefable\n|-damage|p2a: Clefable|90\/100\n|-unboost|p2a: Clefable|def|1\n|\n|-heal|p2a: Clefable|96\/100|[from] item: Leftovers\n|upkeep\n|turn|26\n|\n|t:|1701035783\n|move|p1a: Luxray|Ice Fang|p2a: Clefable\n|-damage|p2a: Clefable|72\/100\n|move|p2a: Clefable|Calm Mind|p2a: Clefable\n|-boost|p2a: Clefable|spa|1\n|-boost|p2a: Clefable|spd|1\n|\n|-heal|p2a: Clefable|78\/100|[from] item: Leftovers\n|upkeep\n|turn|27\n|\n|t:|1701035792\n|move|p1a: Luxray|Wild Charge|p2a: Clefable\n|-damage|p2a: Clefable|18\/100\n|-damage|p1a: Luxray|84\/100|[from] Recoil\n|move|p2a: Clefable|Stealth Rock|p1a: Luxray\n|-sidestart|p1: Prekoniker|move: Stealth Rock\n|\n|-heal|p2a: Clefable|24\/100|[from] item: Leftovers\n|upkeep\n|turn|28\n|\n|t:|1701035809\n|switch|p2a: Clodsire|Clodsire, F|3\/100\n|move|p1a: Luxray|Ice Fang|p2a: Clodsire\n|-supereffective|p2a: Clodsire\n|-damage|p2a: Clodsire|0 fnt\n|faint|p2a: Clodsire\n|\n|upkeep\n|\n|t:|1701035816\n|switch|p2a: Slowbro|Slowbro, F|100\/100\n|turn|29\n|\n|t:|1701035827\n|move|p1a: Luxray|Fire Fang|p2a: Slowbro\n|-resisted|p2a: Slowbro\n|-damage|p2a: Slowbro|93\/100\n|move|p2a: Slowbro|Future Sight|p1a: Luxray\n|-start|p2a: Slowbro|move: Future Sight\n|\n|upkeep\n|turn|30\n|\n|t:|1701035836\n|move|p1a: Luxray|Crunch|p2a: Slowbro\n|-supereffective|p2a: Slowbro\n|-damage|p2a: Slowbro|57\/100\n|move|p2a: Slowbro|Slack Off|p2a: Slowbro\n|-heal|p2a: Slowbro|100\/100\n|\n|upkeep\n|turn|31\n|\n|t:|1701035846\n|move|p1a: Luxray|Wild Charge|p2a: Slowbro\n|-supereffective|p2a: Slowbro\n|-damage|p2a: Slowbro|41\/100\n|-damage|p1a: Luxray|68\/100|[from] Recoil\n|move|p2a: Slowbro|Future Sight||[still]\n|-fail|p2a: Slowbro\n|\n|-end|p1a: Luxray|move: Future Sight\n|-damage|p1a: Luxray|21\/100\n|upkeep\n|turn|32\n|\n|t:|1701035876\n|switch|p2a: Venusaur|Venusaur, M|100\/100\n|-activate|p2a: Venusaur|move: Sticky Web\n|-unboost|p2a: Venusaur|spe|1\n|move|p1a: Luxray|Wild Charge|p2a: Venusaur\n|-resisted|p2a: Venusaur\n|-damage|p2a: Venusaur|76\/100\n|-damage|p1a: Luxray|15\/100|[from] Recoil\n|\n|-heal|p2a: Venusaur|82\/100|[from] item: Leftovers\n|upkeep\n|turn|33\n|\n|t:|1701035895\n|move|p1a: Luxray|Fire Fang|p2a: Venusaur\n|-supereffective|p2a: Venusaur\n|-crit|p2a: Venusaur\n|-damage|p2a: Venusaur|13\/100\n|-status|p2a: Venusaur|brn\n|move|p2a: Venusaur|Toxic|p1a: Luxray\n|-status|p1a: Luxray|tox\n|\n|-heal|p2a: Venusaur|19\/100 brn|[from] item: Leftovers\n|-damage|p1a: Luxray|9\/100 tox|[from] psn\n|-damage|p2a: Venusaur|13\/100 brn|[from] brn\n|upkeep\n|turn|34\n|\n|t:|1701035910\n|move|p1a: Luxray|Wild Charge|p2a: Venusaur\n|-resisted|p2a: Venusaur\n|-damage|p2a: Venusaur|0 fnt\n|faint|p2a: Venusaur\n|-damage|p1a: Luxray|6\/100 tox|[from] Recoil\n|\n|-damage|p1a: Luxray|0 fnt|[from] psn\n|faint|p1a: Luxray\n|upkeep\n|\n|t:|1701035924\n|switch|p2a: Slowbro|Slowbro, F|74\/100\n|switch|p1a: Jolteon|Jolteon, F|100\/100\n|-damage|p1a: Jolteon|76\/100|[from] Spikes\n|-damage|p1a: Jolteon|64\/100|[from] Stealth Rock\n|turn|35\n|\n|t:|1701035934\n|move|p1a: Jolteon|Electro Ball|p2a: Slowbro\n|-supereffective|p2a: Slowbro\n|-damage|p2a: Slowbro|0 fnt\n|faint|p2a: Slowbro\n|\n|upkeep\n|\n|t:|1701035937\n|switch|p2a: Clefable|Clefable, F|24\/100\n|-activate|p2a: Clefable|move: Sticky Web\n|-unboost|p2a: Clefable|spe|1\n|turn|36\n|\n|t:|1701035941\n|move|p1a: Jolteon|Electro Ball|p2a: Clefable\n|-damage|p2a: Clefable|0 fnt\n|faint|p2a: Clefable\n|\n|win|Prekoniker\n|c|\u2606Prekoniker|gg\n","uploadtime":1701036855,"views":15,"p1id":"prekoniker","p2id":"munchingpatato","formatid":"gen9nationaldex","rating":0,"private":0,"password":""}