{"id":"gen9nationaldex-1987278183","p1":"MrNeptoon","p2":"Tytheguy004","format":"[Gen 9] National Dex","log":"|j|\u2606MrNeptoon\n|j|\u2606Tytheguy004\n|t:|1699572396\n|gametype|singles\n|player|p1|MrNeptoon|ethan-masters|\n|player|p2|Tytheguy004|scientist-gen4dp|\n|teamsize|p1|6\n|teamsize|p2|6\n|gen|9\n|tier|[Gen 9] National Dex\n|rule|HP Percentage Mod: HP is shown in percentages\n|rule|Endless Battle Clause: Forcing endless battles is banned\n|rule|OHKO Clause: OHKO moves are banned\n|rule|Evasion Clause: Evasion abilities, items, and moves are banned\n|rule|Evasion Abilities Clause: Evasion abilities are banned\n|rule|Evasion Items Clause: Evasion items are banned\n|rule|Evasion Moves Clause: Evasion moves are banned\n|rule|Species Clause: Limit one of each Pok\u00e9mon\n|rule|Sleep Clause Mod: Limit one foe put to sleep\n|clearpoke\n|poke|p1|Golem-Alola, M|\n|poke|p1|Rotom-Wash|\n|poke|p1|Manectric, M|\n|poke|p1|Iron Hands|\n|poke|p1|Morpeko, F|\n|poke|p1|Dracozolt|\n|poke|p2|Lanturn, F|\n|poke|p2|Basculegion, M|\n|poke|p2|Swampert, M|\n|poke|p2|Pelipper, F|\n|poke|p2|Samurott-Hisui, F|\n|poke|p2|Ludicolo, F|\n|teampreview\n|\n|t:|1699572407\n|start\n|switch|p1a: Golem|Golem-Alola, M, shiny|100\/100\n|switch|p2a: Samurott|Samurott-Hisui, F|100\/100\n|turn|1\n|\n|t:|1699572414\n|move|p2a: Samurott|Drill Run|p1a: Golem\n|-supereffective|p1a: Golem\n|-damage|p1a: Golem|28\/100\n|move|p1a: Golem|Stealth Rock|p2a: Samurott\n|-sidestart|p2: Tytheguy004|move: Stealth Rock\n|\n|upkeep\n|turn|2\n|\n|t:|1699572429\n|switch|p1a: Rotom|Rotom-Wash|100\/100\n|move|p2a: Samurott|Ceaseless Edge|p1a: Rotom\n|-damage|p1a: Rotom|45\/100\n|-sidestart|p1: MrNeptoon|Spikes\n|\n|upkeep\n|turn|3\n|\n|t:|1699572443\n|move|p1a: Rotom|Volt Switch|p2a: Samurott\n|-supereffective|p2a: Samurott\n|-damage|p2a: Samurott|10\/100\n|j| MtyMiltanks\n|\n|t:|1699572455\n|switch|p1a: Morpeko|Morpeko, F|100\/100|[from] Volt Switch\n|move|p2a: Samurott|Ceaseless Edge|p1a: Morpeko\n|-resisted|p1a: Morpeko\n|-damage|p1a: Morpeko|53\/100\n|-sidestart|p1: MrNeptoon|Spikes\n|\n|-formechange|p1a: Morpeko|Morpeko-Hangry||[from] ability: Hunger Switch\n|upkeep\n|turn|4\n|\n|t:|1699572467\n|move|p1a: Morpeko|Rapid Spin|p2a: Samurott\n|-damage|p2a: Samurott|0 fnt\n|-boost|p1a: Morpeko|spe|1\n|-sideend|p1: MrNeptoon|Spikes|[from] move: Rapid Spin|[of] p1a: Morpeko\n|faint|p2a: Samurott\n|\n|-formechange|p1a: Morpeko|Morpeko||[from] ability: Hunger Switch\n|upkeep\n|\n|t:|1699572476\n|switch|p2a: Basculegion|Basculegion, M|100\/100\n|-damage|p2a: Basculegion|88\/100|[from] Stealth Rock\n|turn|5\n|\n|t:|1699572487\n|switch|p2a: Lanturn|Lanturn, F|100\/100\n|-damage|p2a: Lanturn|88\/100|[from] Stealth Rock\n|move|p1a: Morpeko|Knock Off|p2a: Lanturn\n|-damage|p2a: Lanturn|39\/100\n|-enditem|p2a: Lanturn|Leftovers|[from] move: Knock Off|[of] p1a: Morpeko\n|\n|-formechange|p1a: Morpeko|Morpeko-Hangry||[from] ability: Hunger Switch\n|upkeep\n|turn|6\n|\n|t:|1699572499\n|move|p2a: Lanturn|Protect|p2a: Lanturn\n|-singleturn|p2a: Lanturn|Protect\n|move|p1a: Morpeko|Aura Wheel|p2a: Lanturn\n|-activate|p2a: Lanturn|move: Protect\n|\n|-formechange|p1a: Morpeko|Morpeko||[from] ability: Hunger Switch\n|upkeep\n|turn|7\n|\n|t:|1699572511\n|move|p1a: Morpeko|Knock Off|p2a: Lanturn\n|-damage|p2a: Lanturn|6\/100\n|move|p2a: Lanturn|Toxic|p1a: Morpeko\n|-status|p1a: Morpeko|tox\n|\n|-damage|p1a: Morpeko|47\/100 tox|[from] psn\n|-formechange|p1a: Morpeko|Morpeko-Hangry||[from] ability: Hunger Switch\n|upkeep\n|turn|8\n|\n|t:|1699572516\n|move|p2a: Lanturn|Protect|p2a: Lanturn\n|-singleturn|p2a: Lanturn|Protect\n|move|p1a: Morpeko|Taunt|p2a: Lanturn\n|-activate|p2a: Lanturn|move: Protect\n|\n|-damage|p1a: Morpeko|34\/100 tox|[from] psn\n|-formechange|p1a: Morpeko|Morpeko||[from] ability: Hunger Switch\n|upkeep\n|turn|9\n|\n|t:|1699572521\n|move|p1a: Morpeko|Aura Wheel|p2a: Lanturn\n|-heal|p2a: Lanturn|31\/100|[from] ability: Volt Absorb|[of] p1a: Morpeko\n|move|p2a: Lanturn|Scald|p1a: Morpeko\n|-damage|p1a: Morpeko|0 fnt\n|faint|p1a: Morpeko\n|\n|upkeep\n|c|\u2606MrNeptoon|right\n|c|\u2606Tytheguy004|Yeah\n|\n|t:|1699572535\n|switch|p1a: Dracozolt|Dracozolt|100\/100\n|turn|10\n|\n|t:|1699572541\n|move|p2a: Lanturn|Protect|p2a: Lanturn\n|-singleturn|p2a: Lanturn|Protect\n|move|p1a: Dracozolt|Dragon Claw|p2a: Lanturn\n|-activate|p2a: Lanturn|move: Protect\n|\n|upkeep\n|turn|11\n|\n|t:|1699572546\n|move|p1a: Dracozolt|Dragon Claw|p2a: Lanturn\n|-damage|p2a: Lanturn|0 fnt\n|faint|p2a: Lanturn\n|\n|upkeep\n|\n|t:|1699572548\n|switch|p2a: Pelipper|Pelipper, F|100\/100\n|-damage|p2a: Pelipper|76\/100|[from] Stealth Rock\n|-weather|RainDance|[from] ability: Drizzle|[of] p2a: Pelipper\n|turn|12\n|\n|t:|1699572563\n|move|p1a: Dracozolt|Dragon Claw|p2a: Pelipper|[miss]\n|-miss|p1a: Dracozolt|p2a: Pelipper\n|move|p2a: Pelipper|Tailwind|p2a: Pelipper\n|-sidestart|p2: Tytheguy004|move: Tailwind\n|\n|-weather|RainDance|[upkeep]\n|upkeep\n|turn|13\n|\n|t:|1699572568\n|move|p1a: Dracozolt|Dragon Claw|p2a: Pelipper\n|-damage|p2a: Pelipper|38\/100\n|move|p2a: Pelipper|U-turn|p1a: Dracozolt\n|-damage|p1a: Dracozolt|90\/100\n|\n|t:|1699572572\n|switch|p2a: Swampert|Swampert, M|100\/100|[from] U-turn\n|-damage|p2a: Swampert|94\/100|[from] Stealth Rock\n|\n|-weather|RainDance|[upkeep]\n|upkeep\n|turn|14\n|\n|t:|1699572581\n|switch|p1a: Rotom|Rotom-Wash|45\/100\n|detailschange|p2a: Swampert|Swampert-Mega, M\n|-mega|p2a: Swampert|Swampert|Swampertite\n|move|p2a: Swampert|Ice Punch|p1a: Rotom\n|-resisted|p1a: Rotom\n|-damage|p1a: Rotom|22\/100\n|-status|p1a: Rotom|frz\n|\n|-weather|RainDance|[upkeep]\n|upkeep\n|turn|15\n|\n|t:|1699572594\n|move|p2a: Swampert|Ice Punch|p1a: Rotom\n|-resisted|p1a: Rotom\n|-damage|p1a: Rotom|1\/100 frz\n|cant|p1a: Rotom|frz\n|\n|-weather|RainDance|[upkeep]\n|-sideend|p2: Tytheguy004|move: Tailwind\n|upkeep\n|turn|16\n|j| PrinceofUnderworld\n|\n|t:|1699572598\n|move|p2a: Swampert|Ice Punch|p1a: Rotom\n|-resisted|p1a: Rotom\n|-damage|p1a: Rotom|0 fnt\n|faint|p1a: Rotom\n|\n|-weather|RainDance|[upkeep]\n|upkeep\n|c| PrinceofUnderworld|Bonk\n|\n|t:|1699572610\n|switch|p1a: Golem|Golem-Alola, M, shiny|28\/100\n|turn|17\n|\n|t:|1699572614\n|move|p2a: Swampert|Waterfall|p1a: Golem\n|-supereffective|p1a: Golem\n|-damage|p1a: Golem|0 fnt\n|faint|p1a: Golem\n|\n|-weather|RainDance|[upkeep]\n|upkeep\n|\n|t:|1699572620\n|switch|p1a: Manectric|Manectric, M, shiny|100\/100\n|turn|18\n|\n|t:|1699572626\n|detailschange|p1a: Manectric|Manectric-Mega, M, shiny\n|-mega|p1a: Manectric|Manectric|Manectite\n|-ability|p1a: Manectric|Intimidate|boost\n|-unboost|p2a: Swampert|atk|1\n|move|p2a: Swampert|Earthquake|p1a: Manectric\n|-supereffective|p1a: Manectric\n|-damage|p1a: Manectric|0 fnt\n|faint|p1a: Manectric\n|\n|-weather|RainDance|[upkeep]\n|upkeep\n|\n|t:|1699572632\n|switch|p1a: Dracozolt|Dracozolt|90\/100\n|turn|19\n|\n|t:|1699572637\n|move|p2a: Swampert|Earthquake|p1a: Dracozolt\n|-supereffective|p1a: Dracozolt\n|-damage|p1a: Dracozolt|0 fnt\n|faint|p1a: Dracozolt\n|\n|-weather|none\n|upkeep\n|\n|t:|1699572639\n|switch|p1a: Iron Hands|Iron Hands|100\/100\n|turn|20\n|\n|t:|1699572641\n|move|p2a: Swampert|Earthquake|p1a: Iron Hands\n|-supereffective|p1a: Iron Hands\n|-enditem|p1a: Iron Hands|Shuca Berry|[eat]\n|-enditem|p1a: Iron Hands|Shuca Berry|[weaken]\n|-damage|p1a: Iron Hands|73\/100\n|move|p1a: Iron Hands|Ice Punch|p2a: Swampert\n|-damage|p2a: Swampert|71\/100\n|\n|upkeep\n|turn|21\n|\n|t:|1699572646\n|move|p2a: Swampert|Earthquake|p1a: Iron Hands\n|-supereffective|p1a: Iron Hands\n|-damage|p1a: Iron Hands|18\/100\n|move|p1a: Iron Hands|Drain Punch|p2a: Swampert\n|-damage|p2a: Swampert|39\/100\n|-heal|p1a: Iron Hands|30\/100|[from] drain|[of] p2a: Swampert\n|\n|upkeep\n|turn|22\n|\n|t:|1699572649\n|move|p2a: Swampert|Earthquake|p1a: Iron Hands\n|-supereffective|p1a: Iron Hands\n|-damage|p1a: Iron Hands|0 fnt\n|faint|p1a: Iron Hands\n|-end|p1a: Iron Hands|Quark Drive|[silent]\n|\n|win|Tytheguy004\n|l|\u2606MrNeptoon\n|c|\u2606Tytheguy004|Gg\n","uploadtime":1699572655,"views":7,"p1id":"mrneptoon","p2id":"tytheguy004","formatid":"gen9nationaldex","rating":0,"private":0,"password":""}