{"id":"gen9nationaldex-1993299947","p1":"dgosilva","p2":"oktheMaster","format":"[Gen 9] National Dex","log":"|j|\u2606dgosilva\n|j|\u2606oktheMaster\n|t:|1700293338\n|gametype|singles\n|player|p1|dgosilva|ash|1480\n|player|p2|oktheMaster|irida|1602\n|teamsize|p1|6\n|teamsize|p2|6\n|gen|9\n|tier|[Gen 9] National Dex\n|rated|\n|rule|HP Percentage Mod: HP is shown in percentages\n|rule|Endless Battle Clause: Forcing endless battles is banned\n|rule|OHKO Clause: OHKO moves are banned\n|rule|Evasion Clause: Evasion abilities, items, and moves are banned\n|rule|Evasion Abilities Clause: Evasion abilities are banned\n|rule|Evasion Items Clause: Evasion items are banned\n|rule|Evasion Moves Clause: Evasion moves are banned\n|rule|Species Clause: Limit one of each Pok\u00e9mon\n|rule|Sleep Clause Mod: Limit one foe put to sleep\n|clearpoke\n|poke|p1|Venusaur, M|\n|poke|p1|Umbreon, M|\n|poke|p1|Arcanine-Hisui, F|\n|poke|p1|Kingdra, M|\n|poke|p1|Ninetales-Alola, M|\n|poke|p1|Weezing-Galar, M|\n|poke|p2|Bisharp, F|\n|poke|p2|Moltres|\n|poke|p2|Clodsire, M|\n|poke|p2|Tapu Lele|\n|poke|p2|Medicham, F|\n|poke|p2|Urshifu-*, M|\n|teampreview\n|inactive|Battle timer is ON: inactive players will automatically lose when time's up. (requested by oktheMaster)\n|\n|t:|1700293352\n|start\n|switch|p1a: Bulba Fett|Venusaur, M|100\/100\n|switch|p2a: Medicham|Medicham, F|100\/100\n|turn|1\n|\n|t:|1700293361\n|detailschange|p2a: Medicham|Medicham-Mega, F\n|-mega|p2a: Medicham|Medicham|Medichamite\n|detailschange|p1a: Bulba Fett|Venusaur-Mega, M\n|-mega|p1a: Bulba Fett|Venusaur|Venusaurite\n|move|p2a: Medicham|Fake Out|p1a: Bulba Fett\n|-damage|p1a: Bulba Fett|80\/100\n|cant|p1a: Bulba Fett|flinch\n|\n|upkeep\n|turn|2\n|\n|t:|1700293367\n|switch|p1a: My old friend|Umbreon, M|100\/100\n|move|p2a: Medicham|Zen Headbutt|p1a: My old friend\n|-immune|p1a: My old friend\n|\n|upkeep\n|turn|3\n|\n|t:|1700293374\n|switch|p1a: Sir Farts'alot|Weezing-Galar, M|100\/100\n|move|p2a: Medicham|Close Combat|p1a: Sir Farts'alot\n|-resisted|p1a: Sir Farts'alot\n|-damage|p1a: Sir Farts'alot|83\/100\n|-unboost|p2a: Medicham|def|1\n|-unboost|p2a: Medicham|spd|1\n|\n|-heal|p1a: Sir Farts'alot|89\/100|[from] item: Black Sludge\n|upkeep\n|turn|4\n|\n|t:|1700293380\n|move|p2a: Medicham|Zen Headbutt|p1a: Sir Farts'alot\n|-supereffective|p1a: Sir Farts'alot\n|-damage|p1a: Sir Farts'alot|0 fnt\n|faint|p1a: Sir Farts'alot\n|\n|upkeep\n|\n|t:|1700293386\n|switch|p1a: Arcanine|Arcanine-Hisui, F|100\/100\n|turn|5\n|\n|t:|1700293404\n|switch|p2a: Moltres|Moltres, shiny|100\/100\n|move|p1a: Arcanine|Extreme Speed|p2a: Moltres\n|-damage|p2a: Moltres|73\/100\n|-damage|p1a: Arcanine|91\/100|[from] item: Life Orb\n|\n|upkeep\n|turn|6\n|\n|t:|1700293415\n|switch|p2a: Urshifu|Urshifu-Rapid-Strike, M|100\/100\n|move|p1a: Arcanine|Head Smash|p2a: Urshifu\n|-resisted|p2a: Urshifu\n|-damage|p2a: Urshifu|50\/100\n|-damage|p1a: Arcanine|81\/100|[from] item: Life Orb\n|\n|upkeep\n|turn|7\n|\n|t:|1700293424\n|switch|p1a: Bulba Fett|Venusaur-Mega, M|80\/100\n|move|p2a: Urshifu|U-turn|p1a: Bulba Fett\n|-damage|p1a: Bulba Fett|60\/100\n|\n|t:|1700293433\n|switch|p2a: Medicham|Medicham-Mega, F|100\/100|[from] U-turn\n|\n|upkeep\n|turn|8\n|\n|t:|1700293439\n|move|p2a: Medicham|Zen Headbutt|p1a: Bulba Fett\n|-supereffective|p1a: Bulba Fett\n|-damage|p1a: Bulba Fett|0 fnt\n|faint|p1a: Bulba Fett\n|\n|upkeep\n|\n|t:|1700293443\n|switch|p1a: My old friend|Umbreon, M|100\/100\n|turn|9\n|\n|t:|1700293449\n|move|p2a: Medicham|Close Combat|p1a: My old friend\n|-supereffective|p1a: My old friend\n|-damage|p1a: My old friend|0 fnt\n|-unboost|p2a: Medicham|def|1\n|-unboost|p2a: Medicham|spd|1\n|faint|p1a: My old friend\n|\n|upkeep\n|\n|t:|1700293457\n|switch|p1a: Ninetales|Ninetales-Alola, M|100\/100\n|-weather|Snow|[from] ability: Snow Warning|[of] p1a: Ninetales\n|turn|10\n|\n|t:|1700293468\n|switch|p2a: Moltres|Moltres, shiny|73\/100\n|-terastallize|p1a: Ninetales|Steel\n|move|p1a: Ninetales|Aurora Veil|p1a: Ninetales\n|-sidestart|p1: dgosilva|move: Aurora Veil\n|\n|-weather|Snow|[upkeep]\n|upkeep\n|turn|11\n|\n|t:|1700293472\n|switch|p1a: Arcanine|Arcanine-Hisui, F|81\/100\n|move|p2a: Moltres|Defog|p1a: Arcanine\n|-unboost|p1a: Arcanine|evasion|1\n|-sideend|p1: dgosilva|move: Aurora Veil\n|\n|-weather|Snow|[upkeep]\n|upkeep\n|turn|12\n|\n|t:|1700293493\n|switch|p2a: Urshifu|Urshifu-Rapid-Strike, M|50\/100\n|move|p1a: Arcanine|Head Smash|p2a: Urshifu\n|-resisted|p2a: Urshifu\n|-damage|p2a: Urshifu|3\/100\n|-damage|p1a: Arcanine|71\/100|[from] item: Life Orb\n|\n|-weather|Snow|[upkeep]\n|upkeep\n|turn|13\n|\n|t:|1700293498\n|move|p1a: Arcanine|Extreme Speed|p2a: Urshifu\n|-damage|p2a: Urshifu|0 fnt\n|faint|p2a: Urshifu\n|-damage|p1a: Arcanine|61\/100|[from] item: Life Orb\n|\n|-weather|Snow|[upkeep]\n|upkeep\n|\n|t:|1700293503\n|switch|p2a: Tapu Lele|Tapu Lele|100\/100\n|-fieldstart|move: Psychic Terrain|[from] ability: Psychic Surge|[of] p2a: Tapu Lele\n|turn|14\n|\n|t:|1700293509\n|switch|p1a: Ninetales|Ninetales-Alola, M, tera:Steel|100\/100\n|-terastallize|p2a: Tapu Lele|Psychic\n|move|p2a: Tapu Lele|Psychic|p1a: Ninetales\n|-resisted|p1a: Ninetales\n|-damage|p1a: Ninetales|63\/100\n|\n|-weather|none\n|upkeep\n|turn|15\n|\n|t:|1700293520\n|move|p2a: Tapu Lele|Psychic|p1a: Ninetales\n|-resisted|p1a: Ninetales\n|-damage|p1a: Ninetales|23\/100\n|move|p1a: Ninetales|Pain Split|p2a: Tapu Lele\n|-sethp|p2a: Tapu Lele|62\/100|[from] move: Pain Split|[silent]\n|-sethp|p1a: Ninetales|60\/100|[from] move: Pain Split\n|\n|upkeep\n|turn|16\n|\n|t:|1700293536\n|switch|p2a: Moltres|Moltres, shiny|73\/100\n|switch|p1a: Arcanine|Arcanine-Hisui, F|61\/100\n|\n|upkeep\n|turn|17\n|\n|t:|1700293552\n|move|p1a: Arcanine|Head Smash|p2a: Moltres\n|-supereffective|p2a: Moltres\n|-damage|p2a: Moltres|0 fnt\n|faint|p2a: Moltres\n|-damage|p1a: Arcanine|51\/100|[from] item: Life Orb\n|\n|upkeep\n|\n|t:|1700293562\n|switch|p2a: Tapu Lele|Tapu Lele, tera:Psychic|62\/100\n|turn|18\n|\n|t:|1700293567\n|move|p2a: Tapu Lele|Psychic|p1a: Arcanine\n|-damage|p1a: Arcanine|0 fnt\n|faint|p1a: Arcanine\n|\n|-fieldend|move: Psychic Terrain\n|upkeep\n|\n|t:|1700293570\n|switch|p1a: Ninetales|Ninetales-Alola, M, tera:Steel|60\/100\n|-weather|Snow|[from] ability: Snow Warning|[of] p1a: Ninetales\n|turn|19\n|\n|t:|1700293575\n|switch|p2a: Medicham|Medicham-Mega, F|100\/100\n|move|p1a: Ninetales|Aurora Veil|p1a: Ninetales\n|-sidestart|p1: dgosilva|move: Aurora Veil\n|\n|-weather|Snow|[upkeep]\n|upkeep\n|turn|20\n|\n|t:|1700293578\n|move|p1a: Ninetales|Freeze-Dry|p2a: Medicham\n|-damage|p2a: Medicham|69\/100\n|move|p2a: Medicham|Close Combat|p1a: Ninetales\n|-supereffective|p1a: Ninetales\n|-damage|p1a: Ninetales|0 fnt\n|-unboost|p2a: Medicham|def|1\n|-unboost|p2a: Medicham|spd|1\n|faint|p1a: Ninetales\n|\n|-weather|Snow|[upkeep]\n|upkeep\n|\n|t:|1700293584\n|switch|p1a: Kingdra|Kingdra, M|100\/100\n|turn|21\n|\n|t:|1700293589\n|switch|p2a: Clodsire|Clodsire, M|100\/100\n|move|p1a: Kingdra|Scale Shot|p2a: Clodsire|[miss]\n|-miss|p1a: Kingdra|p2a: Clodsire\n|\n|-weather|Snow|[upkeep]\n|upkeep\n|turn|22\n|\n|t:|1700293599\n|switch|p2a: Tapu Lele|Tapu Lele, tera:Psychic|62\/100\n|-fieldstart|move: Psychic Terrain|[from] ability: Psychic Surge|[of] p2a: Tapu Lele\n|move|p1a: Kingdra|Focus Energy|p1a: Kingdra\n|-start|p1a: Kingdra|move: Focus Energy\n|\n|-weather|Snow|[upkeep]\n|upkeep\n|turn|23\n|\n|t:|1700293604\n|move|p2a: Tapu Lele|Moonblast|p1a: Kingdra\n|-supereffective|p1a: Kingdra\n|-damage|p1a: Kingdra|36\/100\n|-unboost|p1a: Kingdra|spa|1\n|move|p1a: Kingdra|Hydro Pump|p2a: Tapu Lele\n|-crit|p2a: Tapu Lele\n|-damage|p2a: Tapu Lele|0 fnt\n|faint|p2a: Tapu Lele\n|\n|-weather|none\n|upkeep\n|\n|t:|1700293624\n|switch|p2a: Clodsire|Clodsire, M|100\/100\n|turn|24\n|\n|t:|1700293633\n|switch|p2a: Bisharp|Bisharp, F|100\/100\n|move|p1a: Kingdra|Hydro Pump|p2a: Bisharp\n|-crit|p2a: Bisharp\n|-damage|p2a: Bisharp|0 fnt\n|faint|p2a: Bisharp\n|\n|upkeep\n|\n|t:|1700293639\n|switch|p2a: Clodsire|Clodsire, M|100\/100\n|turn|25\n|\n|t:|1700293645\n|move|p1a: Kingdra|Hydro Pump|p2a: Clodsire\n|-immune|p2a: Clodsire|[from] ability: Water Absorb\n|move|p2a: Clodsire|Toxic|p1a: Kingdra\n|-status|p1a: Kingdra|tox\n|\n|-damage|p1a: Kingdra|30\/100 tox|[from] psn\n|upkeep\n|turn|26\n|\n|t:|1700293651\n|move|p1a: Kingdra|Draco Meteor|p2a: Clodsire\n|-crit|p2a: Clodsire\n|-damage|p2a: Clodsire|32\/100\n|-unboost|p1a: Kingdra|spa|2\n|move|p2a: Clodsire|Earthquake|p1a: Kingdra\n|-damage|p1a: Kingdra|11\/100 tox\n|\n|-heal|p2a: Clodsire|38\/100|[from] item: Leftovers\n|-damage|p1a: Kingdra|0 fnt|[from] psn\n|faint|p1a: Kingdra\n|\n|win|oktheMaster\n|upkeep\n|raw|dgosilva's rating: 1480 &rarr; <strong>1467<\/strong><br \/>(-13 for losing)\n|raw|oktheMaster's rating: 1602 &rarr; <strong>1615<\/strong><br \/>(+13 for winning)\n|l|\u2606dgosilva\n","uploadtime":1700293672,"views":6,"p1id":"dgosilva","p2id":"okthemaster","formatid":"gen9nationaldex","rating":1467,"private":0,"password":""}