{"id":"gen9nationaldex-1988512337","p1":"Chris47MA","p2":"Fedepoketrainer","format":"[Gen 9] National Dex","log":"|j|\u2606Chris47MA\n|j|\u2606Fedepoketrainer\n|t:|1699730868\n|gametype|singles\n|player|p1|Chris47MA|colress|\n|player|p2|Fedepoketrainer|ash-kalos|\n|teamsize|p1|6\n|teamsize|p2|6\n|gen|9\n|tier|[Gen 9] National Dex\n|rule|HP Percentage Mod: HP is shown in percentages\n|rule|Endless Battle Clause: Forcing endless battles is banned\n|rule|OHKO Clause: OHKO moves are banned\n|rule|Evasion Clause: Evasion abilities, items, and moves are banned\n|rule|Evasion Abilities Clause: Evasion abilities are banned\n|rule|Evasion Items Clause: Evasion items are banned\n|rule|Evasion Moves Clause: Evasion moves are banned\n|rule|Species Clause: Limit one of each Pok\u00e9mon\n|rule|Sleep Clause Mod: Limit one foe put to sleep\n|clearpoke\n|poke|p1|Hawlucha, M|\n|poke|p1|Aurorus, F|\n|poke|p1|Tyrantrum, F|\n|poke|p1|Gourgeist-*, M|\n|poke|p1|Goodra, F|\n|poke|p1|Gardevoir, F|\n|poke|p2|Serperior, F|\n|poke|p2|Liepard, F|\n|poke|p2|Simipour, F|\n|poke|p2|Haxorus, M|\n|poke|p2|Gigalith, M|\n|poke|p2|Unfezant, M|\n|teampreview\n|j| Vaictador\n|j| Jose307505\n|j| flavitoes\n|l|\u2606Chris47MA\n|player|p1|\n|j|\u2606Chris47MA\n|player|p1|Chris47MA|colress\n|j| MIH zelkeo\n|l| flavitoes\n|j| flavitoes\n|l| flavitoes\n|\n|t:|1699730962\n|start\n|switch|p1a: Aurorus|Aurorus, F|100\/100\n|switch|p2a: Liepard|Liepard, F|100\/100\n|-weather|Snow|[from] ability: Snow Warning|[of] p1a: Aurorus\n|turn|1\n|\n|t:|1699730974\n|move|p2a: Liepard|Thunder Wave|p1a: Aurorus\n|-status|p1a: Aurorus|par\n|move|p1a: Aurorus|Aurora Veil|p1a: Aurorus\n|-sidestart|p1: Chris47MA|move: Aurora Veil\n|\n|-weather|Snow|[upkeep]\n|upkeep\n|turn|2\n|\n|t:|1699730984\n|move|p2a: Liepard|Nasty Plot|p2a: Liepard\n|-boost|p2a: Liepard|spa|2\n|move|p1a: Aurorus|Stealth Rock|p2a: Liepard\n|-sidestart|p2: Fedepoketrainer|move: Stealth Rock\n|\n|-weather|Snow|[upkeep]\n|upkeep\n|turn|3\n|\n|t:|1699730989\n|move|p2a: Liepard|Copycat|p2a: Liepard\n|move|p2a: Liepard|Stealth Rock|p1a: Aurorus|[from]move: Copycat\n|-sidestart|p1: Chris47MA|move: Stealth Rock\n|move|p1a: Aurorus|Blizzard|p2a: Liepard\n|-enditem|p2a: Liepard|Focus Sash\n|-damage|p2a: Liepard|1\/100\n|\n|-weather|Snow|[upkeep]\n|upkeep\n|turn|4\n|\n|t:|1699730994\n|move|p2a: Liepard|Dark Pulse|p1a: Aurorus\n|-damage|p1a: Aurorus|72\/100 par\n|move|p1a: Aurorus|Blizzard|p2a: Liepard\n|-damage|p2a: Liepard|0 fnt\n|faint|p2a: Liepard\n|\n|-weather|Snow|[upkeep]\n|upkeep\n|\n|t:|1699731006\n|switch|p2a: Simipour|Simipour, F|100\/100\n|-damage|p2a: Simipour|88\/100|[from] Stealth Rock\n|turn|5\n|j| flavitoes\n|l| flavitoes\n|\n|t:|1699731062\n|switch|p1a: Goodra|Goodra, F, shiny|100\/100\n|-damage|p1a: Goodra|88\/100|[from] Stealth Rock\n|move|p2a: Simipour|Focus Blast|p1a: Goodra\n|-damage|p1a: Goodra|79\/100\n|\n|-weather|none\n|upkeep\n|turn|6\n|j| flavitoes\n|\n|t:|1699731080\n|switch|p2a: Gigalith|Gigalith, M, shiny|100\/100\n|-damage|p2a: Gigalith|88\/100|[from] Stealth Rock\n|move|p1a: Goodra|Dragon Pulse|p2a: Gigalith\n|-damage|p2a: Gigalith|61\/100\n|\n|-heal|p2a: Gigalith|67\/100|[from] item: Leftovers\n|upkeep\n|turn|7\n|\n|t:|1699731091\n|move|p1a: Goodra|Scald|p2a: Gigalith\n|-supereffective|p2a: Gigalith\n|-damage|p2a: Gigalith|32\/100\n|move|p2a: Gigalith|Substitute|p2a: Gigalith\n|-start|p2a: Gigalith|Substitute\n|-damage|p2a: Gigalith|7\/100\n|\n|-heal|p2a: Gigalith|13\/100|[from] item: Leftovers\n|upkeep\n|turn|8\n|\n|t:|1699731103\n|move|p1a: Goodra|Scald|p2a: Gigalith\n|-supereffective|p2a: Gigalith\n|-end|p2a: Gigalith|Substitute\n|move|p2a: Gigalith|Body Press|p1a: Goodra\n|-damage|p1a: Goodra|69\/100\n|-ability|p1a: Goodra|Gooey\n|-unboost|p2a: Gigalith|spe|1\n|\n|-heal|p2a: Gigalith|19\/100|[from] item: Leftovers\n|-sideend|p1: Chris47MA|move: Aurora Veil\n|upkeep\n|turn|9\n|\n|t:|1699731113\n|move|p1a: Goodra|Scald|p2a: Gigalith\n|-supereffective|p2a: Gigalith\n|-damage|p2a: Gigalith|0 fnt\n|faint|p2a: Gigalith\n|\n|upkeep\n|\n|t:|1699731130\n|switch|p2a: Simipour|Simipour, F|88\/100\n|-damage|p2a: Simipour|76\/100|[from] Stealth Rock\n|turn|10\n|\n|t:|1699731143\n|move|p2a: Simipour|Ice Beam|p1a: Goodra\n|-supereffective|p1a: Goodra\n|-damage|p1a: Goodra|44\/100\n|-status|p1a: Goodra|frz\n|cant|p1a: Goodra|frz\n|\n|upkeep\n|turn|11\n|\n|t:|1699731154\n|switch|p1a: Aurorus|Aurorus, F|72\/100 par\n|-damage|p1a: Aurorus|47\/100 par|[from] Stealth Rock\n|-weather|Snow|[from] ability: Snow Warning|[of] p1a: Aurorus\n|move|p2a: Simipour|Ice Beam|p1a: Aurorus\n|-resisted|p1a: Aurorus\n|-damage|p1a: Aurorus|35\/100 par\n|\n|-weather|Snow|[upkeep]\n|upkeep\n|turn|12\n|\n|t:|1699731165\n|move|p2a: Simipour|Focus Blast|p1a: Aurorus\n|-supereffective|p1a: Aurorus\n|-damage|p1a: Aurorus|0 fnt\n|faint|p1a: Aurorus\n|\n|-weather|Snow|[upkeep]\n|upkeep\n|\n|t:|1699731182\n|switch|p1a: Gourgeist|Gourgeist, M|100\/100\n|-damage|p1a: Gourgeist|88\/100|[from] Stealth Rock\n|-item|p2a: Simipour|Waterium Z|[from] ability: Frisk|[of] p1a: Gourgeist|[identify]\n|turn|13\n|\n|t:|1699731193\n|move|p2a: Simipour|Ice Beam|p1a: Gourgeist\n|-supereffective|p1a: Gourgeist\n|-damage|p1a: Gourgeist|7\/100\n|-zpower|p1a: Gourgeist\n|move|p1a: Gourgeist|Z-Trick-or-Treat|p2a: Simipour|[anim]Trick-or-Treat\n|-boost|p1a: Gourgeist|atk|1|[zeffect]\n|-boost|p1a: Gourgeist|def|1|[zeffect]\n|-boost|p1a: Gourgeist|spa|1|[zeffect]\n|-boost|p1a: Gourgeist|spd|1|[zeffect]\n|-boost|p1a: Gourgeist|spe|1|[zeffect]\n|-start|p2a: Simipour|typeadd|Ghost|[from] move: Trick-or-Treat\n|\n|-weather|Snow|[upkeep]\n|upkeep\n|turn|14\n|\n|t:|1699731206\n|switch|p2a: Unfezant|Unfezant, M|100\/100\n|-damage|p2a: Unfezant|76\/100|[from] Stealth Rock\n|move|p1a: Gourgeist|Poltergeist|p2a: Unfezant\n|-immune|p2a: Unfezant\n|\n|-weather|Snow|[upkeep]\n|upkeep\n|turn|15\n|\n|t:|1699731216\n|move|p1a: Gourgeist|Explosion|p2a: Unfezant\n|-damage|p2a: Unfezant|0 fnt\n|faint|p1a: Gourgeist\n|faint|p2a: Unfezant\n|\n|-weather|none\n|upkeep\n|\n|t:|1699731272\n|switch|p2a: Haxorus|Haxorus, M, shiny|100\/100\n|switch|p1a: Tyrantrum|Tyrantrum, F, shiny|100\/100\n|-damage|p2a: Haxorus|88\/100|[from] Stealth Rock\n|-ability|p2a: Haxorus|Mold Breaker\n|-damage|p1a: Tyrantrum|88\/100|[from] Stealth Rock\n|turn|16\n|\n|t:|1699731309\n|switch|p1a: Gardevoir|Gardevoir, F, shiny|100\/100\n|-damage|p1a: Gardevoir|88\/100|[from] Stealth Rock\n|-terastallize|p2a: Haxorus|Poison\n|move|p2a: Haxorus|Dragon Dance|p2a: Haxorus\n|-boost|p2a: Haxorus|atk|1\n|-boost|p2a: Haxorus|spe|1\n|\n|upkeep\n|turn|17\n|\n|t:|1699731336\n|detailschange|p1a: Gardevoir|Gardevoir-Mega, F, shiny\n|-mega|p1a: Gardevoir|Gardevoir|Gardevoirite\n|move|p2a: Haxorus|Poison Jab|p1a: Gardevoir\n|-supereffective|p1a: Gardevoir\n|-damage|p1a: Gardevoir|0 fnt\n|faint|p1a: Gardevoir\n|\n|upkeep\n|\n|t:|1699731350\n|switch|p1a: Hawlucha|Hawlucha, M|100\/100\n|-damage|p1a: Hawlucha|88\/100|[from] Stealth Rock\n|turn|18\n|\n|t:|1699731360\n|-terastallize|p1a: Hawlucha|Steel\n|move|p2a: Haxorus|Outrage|p1a: Hawlucha\n|-resisted|p1a: Hawlucha\n|-damage|p1a: Hawlucha|18\/100\n|move|p1a: Hawlucha|Close Combat|p2a: Haxorus\n|-resisted|p2a: Haxorus\n|-damage|p2a: Haxorus|52\/100\n|-unboost|p1a: Hawlucha|def|1\n|-unboost|p1a: Hawlucha|spd|1\n|-enditem|p1a: Hawlucha|White Herb\n|-clearnegativeboost|p1a: Hawlucha|[silent]\n|\n|upkeep\n|turn|19\n|\n|t:|1699731366\n|move|p1a: Hawlucha|Acrobatics|p2a: Haxorus\n|-damage|p2a: Haxorus|0 fnt\n|faint|p2a: Haxorus\n|\n|upkeep\n|\n|t:|1699731379\n|switch|p2a: Simipour|Simipour, F|76\/100\n|-damage|p2a: Simipour|63\/100|[from] Stealth Rock\n|turn|20\n|\n|t:|1699731392\n|move|p1a: Hawlucha|Acrobatics|p2a: Simipour\n|-damage|p2a: Simipour|0 fnt\n|faint|p2a: Simipour\n|\n|upkeep\n|\n|t:|1699731396\n|switch|p2a: Serperior|Serperior, F|100\/100\n|-damage|p2a: Serperior|88\/100|[from] Stealth Rock\n|turn|21\n|c| Vaictador|gg\n|\n|t:|1699731402\n|move|p1a: Hawlucha|Acrobatics|p2a: Serperior\n|-supereffective|p2a: Serperior\n|-damage|p2a: Serperior|0 fnt\n|faint|p2a: Serperior\n|\n|win|Chris47MA\n|l| Jose307505\n|c| flavitoes|bien\n|l| flavitoes\n","uploadtime":1699731416,"views":12,"p1id":"chris47ma","p2id":"fedepoketrainer","formatid":"gen9nationaldex","rating":0,"private":0,"password":""}