{"id":"gen9nationaldex-1993073807","p1":"TaldoMachado","p2":"DOPPPAA","format":"[Gen 9] National Dex","log":"|j|\u2606TaldoMachado\n|j|\u2606DOPPPAA\n|t:|1700261759\n|gametype|singles\n|player|p1|TaldoMachado|swimmerf-gen4|1021\n|player|p2|DOPPPAA|medium-gen2jp|1000\n|teamsize|p1|6\n|teamsize|p2|6\n|gen|9\n|tier|[Gen 9] National Dex\n|rated|\n|rule|HP Percentage Mod: HP is shown in percentages\n|rule|Endless Battle Clause: Forcing endless battles is banned\n|rule|OHKO Clause: OHKO moves are banned\n|rule|Evasion Clause: Evasion abilities, items, and moves are banned\n|rule|Evasion Abilities Clause: Evasion abilities are banned\n|rule|Evasion Items Clause: Evasion items are banned\n|rule|Evasion Moves Clause: Evasion moves are banned\n|rule|Species Clause: Limit one of each Pok\u00e9mon\n|rule|Sleep Clause Mod: Limit one foe put to sleep\n|clearpoke\n|poke|p1|Golurk|\n|poke|p1|Garganacl, F|\n|poke|p1|Iron Jugulis|\n|poke|p1|Arboliva, M|\n|poke|p1|Oranguru, M|\n|poke|p1|Crabominable, F|\n|poke|p2|Qwilfish, F|\n|poke|p2|Dhelmise|\n|poke|p2|Thwackey, M|\n|poke|p2|Exeggutor-Alola, F|\n|poke|p2|Aipom, M|\n|poke|p2|Sharpedo, F|\n|teampreview\n|\n|t:|1700261771\n|start\n|switch|p1a: Oranguru|Oranguru, M|100\/100\n|switch|p2a: MonkeyIslandulli|Aipom, M|100\/100\n|turn|1\n|\n|t:|1700261779\n|move|p2a: MonkeyIslandulli|Foul Play|p1a: Oranguru\n|-supereffective|p1a: Oranguru\n|-damage|p1a: Oranguru|82\/100\n|move|p1a: Oranguru|Trick Room|p1a: Oranguru\n|-fieldstart|move: Trick Room|[of] p1a: Oranguru\n|\n|upkeep\n|turn|2\n|\n|t:|1700261784\n|move|p1a: Oranguru|Yawn|p2a: MonkeyIslandulli\n|-start|p2a: MonkeyIslandulli|move: Yawn|[of] p1a: Oranguru\n|move|p2a: MonkeyIslandulli|Rain Dance|p2a: MonkeyIslandulli\n|-weather|RainDance\n|\n|-weather|RainDance|[upkeep]\n|upkeep\n|turn|3\n|\n|t:|1700261793\n|switch|p1a: Crabominable|Crabominable, F|100\/100\n|move|p2a: MonkeyIslandulli|Taunt|p1a: Crabominable\n|-start|p1a: Crabominable|move: Taunt\n|\n|-weather|RainDance|[upkeep]\n|-end|p2a: MonkeyIslandulli|move: Yawn|[silent]\n|-status|p2a: MonkeyIslandulli|slp\n|upkeep\n|turn|4\n|\n|t:|1700261808\n|move|p1a: Crabominable|Drain Punch|p2a: MonkeyIslandulli\n|-supereffective|p2a: MonkeyIslandulli\n|-enditem|p2a: MonkeyIslandulli|Focus Sash\n|-damage|p2a: MonkeyIslandulli|1\/100 slp\n|cant|p2a: MonkeyIslandulli|slp\n|\n|-weather|RainDance|[upkeep]\n|upkeep\n|turn|5\n|\n|t:|1700261820\n|move|p1a: Crabominable|Ice Hammer|p2a: MonkeyIslandulli|[miss]\n|-miss|p1a: Crabominable|p2a: MonkeyIslandulli\n|cant|p2a: MonkeyIslandulli|slp\n|\n|-weather|RainDance|[upkeep]\n|-end|p1a: Crabominable|move: Taunt\n|-fieldend|move: Trick Room\n|upkeep\n|turn|6\n|\n|t:|1700261826\n|switch|p1a: Oranguru|Oranguru, M|82\/100\n|cant|p2a: MonkeyIslandulli|slp\n|\n|-weather|none\n|upkeep\n|turn|7\n|\n|t:|1700261830\n|-curestatus|p2a: MonkeyIslandulli|slp|[msg]\n|move|p2a: MonkeyIslandulli|Taunt|p1a: Oranguru\n|-start|p1a: Oranguru|move: Taunt\n|cant|p1a: Oranguru|move: Taunt|Trick Room\n|\n|upkeep\n|turn|8\n|\n|t:|1700261836\n|move|p2a: MonkeyIslandulli|Rain Dance|p2a: MonkeyIslandulli\n|-weather|RainDance\n|move|p1a: Oranguru|Psyshock|p2a: MonkeyIslandulli\n|-damage|p2a: MonkeyIslandulli|0 fnt\n|faint|p2a: MonkeyIslandulli\n|\n|-weather|RainDance|[upkeep]\n|upkeep\n|\n|t:|1700261839\n|switch|p2a: SquidNinjaHunchbac|Qwilfish, F|100\/100\n|turn|9\n|\n|t:|1700261848\n|move|p2a: SquidNinjaHunchbac|Liquidation|p1a: Oranguru\n|-damage|p1a: Oranguru|31\/100\n|move|p1a: Oranguru|Psyshock|p2a: SquidNinjaHunchbac\n|-supereffective|p2a: SquidNinjaHunchbac\n|-damage|p2a: SquidNinjaHunchbac|23\/100\n|\n|-weather|RainDance|[upkeep]\n|-end|p1a: Oranguru|move: Taunt\n|upkeep\n|turn|10\n|\n|t:|1700261857\n|move|p2a: SquidNinjaHunchbac|Fell Stinger|p1a: Oranguru\n|-supereffective|p1a: Oranguru\n|-damage|p1a: Oranguru|5\/100\n|move|p1a: Oranguru|Trick Room|p1a: Oranguru\n|-fieldstart|move: Trick Room|[of] p1a: Oranguru\n|\n|-weather|RainDance|[upkeep]\n|upkeep\n|turn|11\n|\n|t:|1700261866\n|move|p1a: Oranguru|Psyshock|p2a: SquidNinjaHunchbac\n|-supereffective|p2a: SquidNinjaHunchbac\n|-damage|p2a: SquidNinjaHunchbac|0 fnt\n|faint|p2a: SquidNinjaHunchbac\n|\n|-weather|RainDance|[upkeep]\n|upkeep\n|\n|t:|1700261871\n|switch|p2a: imSandLiegnderHN|Dhelmise|100\/100\n|turn|12\n|\n|t:|1700261875\n|switch|p1a: Crabominable|Crabominable, F|100\/100\n|move|p2a: imSandLiegnderHN|Earthquake|p1a: Crabominable\n|-damage|p1a: Crabominable|50\/100\n|-damage|p2a: imSandLiegnderHN|91\/100|[from] item: Life Orb\n|\n|-weather|none\n|upkeep\n|turn|13\n|\n|t:|1700261912\n|move|p2a: imSandLiegnderHN|Gyro Ball|p1a: Crabominable\n|-supereffective|p1a: Crabominable\n|-damage|p1a: Crabominable|0 fnt\n|faint|p1a: Crabominable\n|-damage|p2a: imSandLiegnderHN|81\/100|[from] item: Life Orb\n|\n|upkeep\n|c|\u2606TaldoMachado|Wtf\n|c|\u2606TaldoMachado|How did you attack first?\n|\n|t:|1700261966\n|switch|p1a: Garganacl|Garganacl, F|100\/100\n|turn|14\n|\n|t:|1700261975\n|move|p2a: imSandLiegnderHN|Power Whip|p1a: Garganacl\n|-supereffective|p1a: Garganacl\n|-damage|p1a: Garganacl|0 fnt\n|faint|p1a: Garganacl\n|-damage|p2a: imSandLiegnderHN|71\/100|[from] item: Life Orb\n|\n|-fieldend|move: Trick Room\n|upkeep\n|\n|t:|1700261990\n|switch|p1a: Iron Jugulis|Iron Jugulis|100\/100\n|turn|15\n|\n|t:|1700261995\n|move|p1a: Iron Jugulis|Focus Energy|p1a: Iron Jugulis\n|-start|p1a: Iron Jugulis|move: Focus Energy\n|move|p2a: imSandLiegnderHN|Gyro Ball|p1a: Iron Jugulis\n|-damage|p1a: Iron Jugulis|0 fnt\n|faint|p1a: Iron Jugulis\n|-end|p1a: Iron Jugulis|Quark Drive|[silent]\n|-damage|p2a: imSandLiegnderHN|61\/100|[from] item: Life Orb\n|\n|upkeep\n|-message|TaldoMachado forfeited.\n|\n|win|DOPPPAA\n|raw|TaldoMachado's rating: 1021 &rarr; <strong>1007<\/strong><br \/>(-14 for losing)\n|raw|DOPPPAA's rating: 1000 &rarr; <strong>1042<\/strong><br \/>(+42 for winning)\n|l|\u2606TaldoMachado\n","uploadtime":1700262003,"views":9,"p1id":"taldomachado","p2id":"dopppaa","formatid":"gen9nationaldex","rating":1007,"private":0,"password":""}