{"id":"gen9nationaldex-1998267845","p1":"rimm099._","p2":"eris52","format":"[Gen 9] National Dex","log":"|html|<div class=\"broadcast-blue\"><strong>[Gen 9] National Dex is currently suspecting Sneasler! For information on how to participate check out the <a href=\"https:\/\/www.smogon.com\/forums\/threads\/sv-national-dex-suspect-8-just-dance.3731534\/\">suspect thread<\/a>.<\/strong><\/div>\n|j|\u2606rimm099._\n|j|\u2606eris52\n|t:|1700922393\n|gametype|singles\n|player|p1|rimm099._|2|\n|player|p2|eris52|170|\n|teamsize|p1|6\n|teamsize|p2|6\n|gen|9\n|tier|[Gen 9] National Dex\n|rule|HP Percentage Mod: HP is shown in percentages\n|rule|Endless Battle Clause: Forcing endless battles is banned\n|rule|OHKO Clause: OHKO moves are banned\n|rule|Evasion Clause: Evasion abilities, items, and moves are banned\n|rule|Evasion Abilities Clause: Evasion abilities are banned\n|rule|Evasion Items Clause: Evasion items are banned\n|rule|Evasion Moves Clause: Evasion moves are banned\n|rule|Species Clause: Limit one of each Pok\u00e9mon\n|rule|Sleep Clause Mod: Limit one foe put to sleep\n|clearpoke\n|poke|p1|Torkoal, F|\n|poke|p1|Cinderace, F|\n|poke|p1|Great Tusk|\n|poke|p1|Charizard, F|\n|poke|p1|Venusaur, F|\n|poke|p1|Volcanion|\n|poke|p2|Scovillain, M|\n|poke|p2|Torkoal, F|\n|poke|p2|Great Tusk|\n|poke|p2|Houndoom, F|\n|poke|p2|Tapu Lele|\n|poke|p2|Rotom-Wash|\n|teampreview\n|\n|t:|1700922411\n|start\n|switch|p1a: Cinderace|Cinderace, F|100\/100\n|switch|p2a: Great Tusk|Great Tusk|100\/100\n|turn|1\n|\n|t:|1700922422\n|move|p1a: Cinderace|U-turn|p2a: Great Tusk\n|-start|p1a: Cinderace|typechange|Bug|[from] ability: Libero\n|-resisted|p2a: Great Tusk\n|-damage|p2a: Great Tusk|88\/100\n|\n|t:|1700922426\n|switch|p1a: Charizard|Charizard, F|100\/100|[from] U-turn\n|move|p2a: Great Tusk|Rapid Spin|p1a: Charizard\n|-damage|p1a: Charizard|77\/100\n|-boost|p2a: Great Tusk|spe|1\n|\n|upkeep\n|turn|2\n|\n|t:|1700922433\n|detailschange|p1a: Charizard|Charizard-Mega-X, F\n|-mega|p1a: Charizard|Charizard|Charizardite X\n|-zpower|p2a: Great Tusk\n|move|p2a: Great Tusk|Subzero Slammer|p1a: Charizard|[zeffect]\n|-damage|p1a: Charizard|19\/100\n|move|p1a: Charizard|Blaze Kick|p2a: Great Tusk\n|-damage|p2a: Great Tusk|41\/100\n|\n|upkeep\n|turn|3\n|\n|t:|1700922444\n|switch|p1a: Volcanion|Volcanion|100\/100\n|move|p2a: Great Tusk|Ice Spinner|p1a: Volcanion\n|-resisted|p1a: Volcanion\n|-damage|p1a: Volcanion|95\/100\n|\n|upkeep\n|turn|4\n|\n|t:|1700922448\n|move|p2a: Great Tusk|Headlong Rush|p1a: Volcanion\n|-supereffective|p1a: Volcanion\n|-damage|p1a: Volcanion|0 fnt\n|-unboost|p2a: Great Tusk|def|1\n|-unboost|p2a: Great Tusk|spd|1\n|faint|p1a: Volcanion\n|\n|upkeep\n|\n|t:|1700922495\n|switch|p1a: ninja turtle|Torkoal, F|100\/100\n|-weather|SunnyDay|[from] ability: Drought|[of] p1a: ninja turtle\n|-activate|p2a: Great Tusk|ability: Protosynthesis\n|-start|p2a: Great Tusk|protosynthesisspe\n|turn|5\n|\n|t:|1700922497\n|move|p2a: Great Tusk|Headlong Rush|p1a: ninja turtle\n|-supereffective|p1a: ninja turtle\n|-damage|p1a: ninja turtle|28\/100\n|-unboost|p2a: Great Tusk|def|1\n|-unboost|p2a: Great Tusk|spd|1\n|move|p1a: ninja turtle|Stealth Rock|p2a: Great Tusk\n|-sidestart|p2: eris52|move: Stealth Rock\n|\n|-weather|SunnyDay|[upkeep]\n|upkeep\n|turn|6\n|\n|t:|1700922505\n|switch|p1a: Charizard|Charizard-Mega-X, F|19\/100\n|move|p2a: Great Tusk|Headlong Rush|p1a: Charizard\n|-supereffective|p1a: Charizard\n|-damage|p1a: Charizard|0 fnt\n|-unboost|p2a: Great Tusk|def|1\n|-unboost|p2a: Great Tusk|spd|1\n|faint|p1a: Charizard\n|\n|-weather|SunnyDay|[upkeep]\n|upkeep\n|\n|t:|1700922506\n|switch|p1a: Venusaur|Venusaur, F|100\/100\n|turn|7\n|\n|t:|1700922513\n|-terastallize|p1a: Venusaur|Fire\n|move|p2a: Great Tusk|Headlong Rush|p1a: Venusaur\n|-supereffective|p1a: Venusaur\n|-damage|p1a: Venusaur|0 fnt\n|-unboost|p2a: Great Tusk|def|1\n|-unboost|p2a: Great Tusk|spd|1\n|faint|p1a: Venusaur\n|\n|-weather|SunnyDay|[upkeep]\n|upkeep\n|c|\u2606rimm099._|bro\n|c|\u2606rimm099._|thought u were going to use ice spinner nvm'\n|c|\u2606rimm099._|ggs i already lost cuz of that\n|c|\u2606eris52|gg\n|\n|t:|1700922554\n|switch|p1a: Great Tusk|Great Tusk|100\/100\n|-activate|p1a: Great Tusk|ability: Protosynthesis\n|-start|p1a: Great Tusk|protosynthesisatk\n|turn|8\n|\n|t:|1700922560\n|move|p2a: Great Tusk|Headlong Rush|p1a: Great Tusk\n|-damage|p1a: Great Tusk|57\/100\n|-unboost|p2a: Great Tusk|def|1\n|-unboost|p2a: Great Tusk|spd|1\n|move|p1a: Great Tusk|Ice Spinner|p2a: Great Tusk\n|-supereffective|p2a: Great Tusk\n|-damage|p2a: Great Tusk|0 fnt\n|faint|p2a: Great Tusk\n|-end|p2a: Great Tusk|Protosynthesis|[silent]\n|\n|-weather|SunnyDay|[upkeep]\n|upkeep\n|c|\u2606eris52|I thought i should go headlong since it has more bp and stab\n|\n|t:|1700922583\n|switch|p2a: Tapu Lele|Tapu Lele|100\/100\n|-damage|p2a: Tapu Lele|88\/100|[from] Stealth Rock\n|-fieldstart|move: Psychic Terrain|[from] ability: Psychic Surge|[of] p2a: Tapu Lele\n|turn|9\n|\n|t:|1700922597\n|move|p2a: Tapu Lele|Moonblast|p1a: Great Tusk\n|-supereffective|p1a: Great Tusk\n|-damage|p1a: Great Tusk|0 fnt\n|faint|p1a: Great Tusk\n|-end|p1a: Great Tusk|Protosynthesis|[silent]\n|\n|-weather|SunnyDay|[upkeep]\n|upkeep\n|\n|t:|1700922603\n|switch|p1a: Cinderace|Cinderace, F|100\/100\n|turn|10\n|\n|t:|1700922635\n|move|p1a: Cinderace|Sucker Punch|p2a: Tapu Lele\n|-start|p1a: Cinderace|typechange|Dark|[from] ability: Libero\n|-activate|p2a: Tapu Lele|move: Psychic Terrain\n|move|p2a: Tapu Lele|Moonblast|p1a: Cinderace\n|-supereffective|p1a: Cinderace\n|-damage|p1a: Cinderace|0 fnt\n|faint|p1a: Cinderace\n|\n|-weather|SunnyDay|[upkeep]\n|upkeep\n|\n|t:|1700922643\n|switch|p1a: ninja turtle|Torkoal, F|28\/100\n|turn|11\n|-message|rimm099._ forfeited.\n|\n|win|eris52\n|l|\u2606rimm099._\n|j|\u2606rimm099._\n|player|p1|rimm099._|2\n","uploadtime":1700922657,"views":1,"p1id":"rimm099","p2id":"eris52","formatid":"gen9nationaldex","rating":0,"private":0,"password":""}