{"id":"gen9nationaldex-1999027244","p1":"TPD JOHTO","p2":"BigBlubbaNuggets","format":"[Gen 9] National Dex","log":"|html|<div class=\"broadcast-blue\"><strong>[Gen 9] National Dex is currently suspecting Sneasler! For information on how to participate check out the <a href=\"https:\/\/www.smogon.com\/forums\/threads\/sv-national-dex-suspect-8-just-dance.3731534\/\">suspect thread<\/a>.<\/strong><\/div>\n|j|\u2606TPD JOHTO\n|j|\u2606BigBlubbaNuggets\n|t:|1701025364\n|gametype|singles\n|player|p1|TPD JOHTO|drayden|1734\n|player|p2|BigBlubbaNuggets|bruno|1520\n|teamsize|p1|6\n|teamsize|p2|6\n|gen|9\n|tier|[Gen 9] National Dex\n|rated|\n|rule|HP Percentage Mod: HP is shown in percentages\n|rule|Endless Battle Clause: Forcing endless battles is banned\n|rule|OHKO Clause: OHKO moves are banned\n|rule|Evasion Clause: Evasion abilities, items, and moves are banned\n|rule|Evasion Abilities Clause: Evasion abilities are banned\n|rule|Evasion Items Clause: Evasion items are banned\n|rule|Evasion Moves Clause: Evasion moves are banned\n|rule|Species Clause: Limit one of each Pok\u00e9mon\n|rule|Sleep Clause Mod: Limit one foe put to sleep\n|clearpoke\n|poke|p1|Raikou|\n|poke|p1|Suicune|\n|poke|p1|Entei|\n|poke|p1|Tyranitar, F|\n|poke|p1|Celebi|\n|poke|p1|Skarmory, M|\n|poke|p2|Okidogi, M|\n|poke|p2|Ting-Lu|\n|poke|p2|Garchomp, M|\n|poke|p2|Kartana|\n|poke|p2|Heatran, M|\n|poke|p2|Galvantula, M|\n|teampreview\n|inactive|Battle timer is ON: inactive players will automatically lose when time's up. (requested by BigBlubbaNuggets)\n|c|\u2606TPD JOHTO|Glhf\n|inactive|TPD JOHTO has 120 seconds left.\n|\n|t:|1701025403\n|start\n|switch|p1a: Simba|Entei, shiny|100\/100\n|switch|p2a: Galvantula|Galvantula, M, shiny|100\/100\n|-ability|p1a: Simba|Pressure\n|turn|1\n|inactive|BigBlubbaNuggets has 120 seconds left.\n|\n|t:|1701025441\n|move|p2a: Galvantula|Sticky Web|p1a: Simba\n|-sidestart|p1: TPD JOHTO|move: Sticky Web\n|move|p1a: Simba|Sacred Fire|p2a: Galvantula\n|-supereffective|p2a: Galvantula\n|-enditem|p2a: Galvantula|Focus Sash\n|-damage|p2a: Galvantula|1\/100\n|\n|upkeep\n|turn|2\n|inactive|BigBlubbaNuggets has 120 seconds left.\n|\n|t:|1701025448\n|move|p1a: Simba|Extreme Speed|p2a: Galvantula\n|-damage|p2a: Galvantula|0 fnt\n|faint|p2a: Galvantula\n|\n|upkeep\n|inactive|BigBlubbaNuggets has 120 seconds left.\n|\n|t:|1701025458\n|switch|p2a: Ting-Lu|Ting-Lu|100\/100\n|-ability|p2a: Ting-Lu|Vessel of Ruin\n|turn|3\n|\n|t:|1701025463\n|move|p1a: Simba|Sacred Fire|p2a: Ting-Lu\n|-damage|p2a: Ting-Lu|81\/100\n|-status|p2a: Ting-Lu|brn\n|move|p2a: Ting-Lu|Stealth Rock|p1a: Simba\n|-sidestart|p1: TPD JOHTO|move: Stealth Rock\n|\n|-heal|p2a: Ting-Lu|87\/100 brn|[from] item: Leftovers\n|-damage|p2a: Ting-Lu|81\/100 brn|[from] brn\n|upkeep\n|turn|4\n|inactive|BigBlubbaNuggets has 120 seconds left.\n|inactive|BigBlubbaNuggets has 90 seconds left.\n|inactive|BigBlubbaNuggets has 60 seconds left.\n|\n|t:|1701025560\n|switch|p1a: Scissors|Skarmory, M, shiny|100\/100\n|-damage|p1a: Scissors|88\/100|[from] Stealth Rock\n|move|p2a: Ting-Lu|Spikes|p1a: Scissors\n|-sidestart|p1: TPD JOHTO|Spikes\n|\n|-heal|p2a: Ting-Lu|87\/100 brn|[from] item: Leftovers\n|-damage|p2a: Ting-Lu|81\/100 brn|[from] brn\n|upkeep\n|turn|5\n|\n|t:|1701025570\n|move|p1a: Scissors|Defog|p2a: Ting-Lu\n|-unboost|p2a: Ting-Lu|evasion|1\n|-sideend|p1: TPD JOHTO|Spikes|[from] move: Defog|[of] p1a: Scissors\n|-sideend|p1: TPD JOHTO|Stealth Rock|[from] move: Defog|[of] p1a: Scissors\n|-sideend|p1: TPD JOHTO|Sticky Web|[from] move: Defog|[of] p1a: Scissors\n|move|p2a: Ting-Lu|Ruination|p1a: Scissors\n|-damage|p1a: Scissors|45\/100\n|\n|-heal|p2a: Ting-Lu|87\/100 brn|[from] item: Leftovers\n|-damage|p2a: Ting-Lu|81\/100 brn|[from] brn\n|upkeep\n|turn|6\n|\n|t:|1701025594\n|move|p1a: Scissors|Roost|p1a: Scissors\n|-heal|p1a: Scissors|95\/100\n|-singleturn|p1a: Scissors|move: Roost\n|move|p2a: Ting-Lu|Whirlwind|p1a: Scissors\n|drag|p1a: Kubo|Raikou, shiny|100\/100\n|-ability|p1a: Kubo|Pressure\n|\n|-heal|p2a: Ting-Lu|87\/100 brn|[from] item: Leftovers\n|-damage|p2a: Ting-Lu|81\/100 brn|[from] brn\n|upkeep\n|turn|7\n|\n|t:|1701025601\n|move|p1a: Kubo|Protect|p1a: Kubo\n|-singleturn|p1a: Kubo|Protect\n|move|p2a: Ting-Lu|Stealth Rock|p1a: Kubo\n|-sidestart|p1: TPD JOHTO|move: Stealth Rock\n|\n|-heal|p2a: Ting-Lu|87\/100 brn|[from] item: Leftovers\n|-damage|p2a: Ting-Lu|81\/100 brn|[from] brn\n|upkeep\n|turn|8\n|inactive|BigBlubbaNuggets has 30 seconds left.\n|\n|t:|1701025636\n|move|p1a: Kubo|Scald|p2a: Ting-Lu\n|-supereffective|p2a: Ting-Lu\n|-damage|p2a: Ting-Lu|63\/100 brn\n|move|p2a: Ting-Lu|Ruination|p1a: Kubo\n|-damage|p1a: Kubo|51\/100\n|\n|-heal|p1a: Kubo|57\/100|[from] item: Leftovers\n|-heal|p2a: Ting-Lu|69\/100 brn|[from] item: Leftovers\n|-damage|p2a: Ting-Lu|63\/100 brn|[from] brn\n|upkeep\n|turn|9\n|inactive|BigBlubbaNuggets has 30 seconds left.\n|inactive|BigBlubbaNuggets has 20 seconds left.\n|inactive|BigBlubbaNuggets has 15 seconds left.\n|inactive|BigBlubbaNuggets has 10 seconds left.\n|inactive|BigBlubbaNuggets has 5 seconds left.\n|\n|t:|1701025670\n|move|p1a: Kubo|Scald|p2a: Ting-Lu\n|-supereffective|p2a: Ting-Lu\n|-damage|p2a: Ting-Lu|45\/100 brn\n|move|p2a: Ting-Lu|Ruination|p1a: Kubo\n|-damage|p1a: Kubo|29\/100\n|\n|-heal|p1a: Kubo|35\/100|[from] item: Leftovers\n|-heal|p2a: Ting-Lu|51\/100 brn|[from] item: Leftovers\n|-damage|p2a: Ting-Lu|45\/100 brn|[from] brn\n|upkeep\n|turn|10\n|inactive|BigBlubbaNuggets has 15 seconds left this turn.\n|\n|t:|1701025686\n|move|p1a: Kubo|Scald|p2a: Ting-Lu\n|-supereffective|p2a: Ting-Lu\n|-damage|p2a: Ting-Lu|28\/100 brn\n|move|p2a: Ting-Lu|Whirlwind|p1a: Kubo\n|drag|p1a: Scissors|Skarmory, M, shiny|95\/100\n|-damage|p1a: Scissors|82\/100|[from] Stealth Rock\n|\n|-heal|p2a: Ting-Lu|35\/100 brn|[from] item: Leftovers\n|-damage|p2a: Ting-Lu|28\/100 brn|[from] brn\n|upkeep\n|turn|11\n|inactive|BigBlubbaNuggets has 25 seconds left this turn.\n|inactive|BigBlubbaNuggets has 20 seconds left.\n|inactive|BigBlubbaNuggets has 15 seconds left.\n|\n|t:|1701025700\n|switch|p2a: Heatran|Heatran, M|100\/100\n|move|p1a: Scissors|Defog|p2a: Heatran\n|-unboost|p2a: Heatran|evasion|1\n|-sideend|p1: TPD JOHTO|Stealth Rock|[from] move: Defog|[of] p1a: Scissors\n|\n|upkeep\n|turn|12\n|inactive|BigBlubbaNuggets has 25 seconds left this turn.\n|\n|t:|1701025702\n|switch|p1a: Moose|Suicune, shiny|100\/100\n|-ability|p1a: Moose|Pressure\n|move|p2a: Heatran|Magma Storm|p1a: Moose|[miss]\n|-miss|p2a: Heatran|p1a: Moose\n|\n|upkeep\n|turn|13\n|inactive|BigBlubbaNuggets has 30 seconds left.\n|\n|t:|1701025709\n|-terastallize|p2a: Heatran|Grass\n|move|p1a: Moose|Substitute|p1a: Moose\n|-start|p1a: Moose|Substitute\n|-damage|p1a: Moose|75\/100\n|move|p2a: Heatran|Magma Storm|p1a: Moose\n|-resisted|p1a: Moose\n|-activate|p1a: Moose|move: Substitute|[damage]\n|\n|-heal|p1a: Moose|82\/100|[from] item: Leftovers\n|upkeep\n|turn|14\n|-message|BigBlubbaNuggets forfeited.\n|\n|win|TPD JOHTO\n|raw|TPD JOHTO's rating: 1734 &rarr; <strong>1743<\/strong><br \/>(+9 for winning)\n|raw|BigBlubbaNuggets's rating: 1520 &rarr; <strong>1511<\/strong><br \/>(-9 for losing)\n|l|\u2606BigBlubbaNuggets\n","uploadtime":1701025753,"views":1,"p1id":"tpdjohto","p2id":"bigblubbanuggets","formatid":"gen9nationaldex","rating":1511,"private":0,"password":""}