{"id":"gen9nationaldex-1988559680","p1":"Silver Shroom","p2":"Blake-Mamba","format":"[Gen 9] National Dex","log":"|j|\u2606Silver Shroom\n|j|\u2606Blake-Mamba\n|t:|1699736102\n|gametype|singles\n|player|p1|Silver Shroom|1|1206\n|player|p2|Blake-Mamba|juan|1229\n|teamsize|p1|6\n|teamsize|p2|6\n|gen|9\n|tier|[Gen 9] National Dex\n|rated|\n|rule|HP Percentage Mod: HP is shown in percentages\n|rule|Endless Battle Clause: Forcing endless battles is banned\n|rule|OHKO Clause: OHKO moves are banned\n|rule|Evasion Clause: Evasion abilities, items, and moves are banned\n|rule|Evasion Abilities Clause: Evasion abilities are banned\n|rule|Evasion Items Clause: Evasion items are banned\n|rule|Evasion Moves Clause: Evasion moves are banned\n|rule|Species Clause: Limit one of each Pok\u00e9mon\n|rule|Sleep Clause Mod: Limit one foe put to sleep\n|clearpoke\n|poke|p1|Sceptile, M|\n|poke|p1|Clawitzer, M|\n|poke|p1|Crobat, M|\n|poke|p1|Glaceon, F|\n|poke|p1|Bellibolt, M|\n|poke|p1|Umbreon, M|\n|poke|p2|Cinccino, F|\n|poke|p2|Zebstrika, F|\n|poke|p2|Ferrothorn, F|\n|poke|p2|Seismitoad, F|\n|poke|p2|Krookodile, M|\n|poke|p2|Emboar, F|\n|teampreview\n|c|\u2606Blake-Mamba|Glhf ^_^\n|inactive|Battle timer is ON: inactive players will automatically lose when time's up. (requested by Blake-Mamba)\n|\n|t:|1699736121\n|start\n|switch|p1a: The Claw|Clawitzer, M|100\/100\n|switch|p2a: Cinccino|Cinccino, F|100\/100\n|turn|1\n|\n|t:|1699736127\n|move|p2a: Cinccino|Bullet Seed|p1a: The Claw\n|-supereffective|p1a: The Claw\n|-damage|p1a: The Claw|66\/100\n|-supereffective|p1a: The Claw\n|-damage|p1a: The Claw|31\/100\n|-hitcount|p1a: The Claw|2\n|-damage|p2a: Cinccino|91\/100|[from] item: Life Orb\n|move|p1a: The Claw|Aura Sphere|p2a: Cinccino\n|-supereffective|p2a: Cinccino\n|-damage|p2a: Cinccino|0 fnt\n|faint|p2a: Cinccino\n|\n|upkeep\n|\n|t:|1699736139\n|switch|p2a: Krookodile|Krookodile, M|100\/100\n|turn|2\n|\n|t:|1699736145\n|move|p2a: Krookodile|Scale Shot|p1a: The Claw\n|-damage|p1a: The Claw|21\/100\n|-damage|p1a: The Claw|11\/100\n|-damage|p1a: The Claw|2\/100\n|-damage|p1a: The Claw|0 fnt\n|faint|p1a: The Claw\n|-ability|p2a: Krookodile|Moxie|boost\n|-boost|p2a: Krookodile|atk|1\n|-hitcount|p1: The Claw|4\n|-unboost|p2a: Krookodile|def|1\n|-boost|p2a: Krookodile|spe|1\n|\n|upkeep\n|\n|t:|1699736156\n|switch|p1a: Cat Noir|Umbreon, M|100\/100\n|turn|3\n|\n|t:|1699736161\n|move|p2a: Krookodile|Earthquake|p1a: Cat Noir\n|-damage|p1a: Cat Noir|35\/100\n|move|p1a: Cat Noir|Foul Play|p2a: Krookodile\n|-resisted|p2a: Krookodile\n|-damage|p2a: Krookodile|34\/100\n|\n|-heal|p1a: Cat Noir|41\/100|[from] item: Leftovers\n|upkeep\n|turn|4\n|\n|t:|1699736175\n|switch|p1a: Batman|Crobat, M|100\/100\n|move|p2a: Krookodile|Scale Shot|p1a: Batman\n|-damage|p1a: Batman|82\/100\n|-damage|p1a: Batman|64\/100\n|-damage|p1a: Batman|46\/100\n|-damage|p1a: Batman|28\/100\n|-damage|p1a: Batman|11\/100\n|-hitcount|p1a: Batman|5\n|-unboost|p2a: Krookodile|def|1\n|-boost|p2a: Krookodile|spe|1\n|\n|upkeep\n|turn|5\n|\n|t:|1699736188\n|move|p2a: Krookodile|Knock Off|p1a: Batman\n|-damage|p1a: Batman|0 fnt\n|-enditem|p1a: Batman|Heavy-Duty Boots|[from] move: Knock Off|[of] p2a: Krookodile\n|faint|p1a: Batman\n|-ability|p2a: Krookodile|Moxie|boost\n|-boost|p2a: Krookodile|atk|1\n|\n|upkeep\n|\n|t:|1699736194\n|switch|p1a: Snowbelle|Glaceon, F|100\/100\n|turn|6\n|\n|t:|1699736198\n|move|p2a: Krookodile|Stone Edge|p1a: Snowbelle|[miss]\n|-miss|p2a: Krookodile|p1a: Snowbelle\n|move|p1a: Snowbelle|Freeze-Dry|p2a: Krookodile\n|-supereffective|p2a: Krookodile\n|-damage|p2a: Krookodile|0 fnt\n|faint|p2a: Krookodile\n|\n|upkeep\n|\n|t:|1699736206\n|switch|p2a: Emboar|Emboar, F, shiny|100\/100\n|turn|7\n|\n|t:|1699736210\n|switch|p1a: Kermit|Bellibolt, M|100\/100\n|move|p2a: Emboar|Flare Blitz|p1a: Kermit\n|-damage|p1a: Kermit|59\/100\n|-start|p1a: Kermit|Charge|Flare Blitz|[from] ability: Electromorphosis\n|-damage|p2a: Emboar|84\/100|[from] Recoil\n|\n|-heal|p1a: Kermit|65\/100|[from] item: Leftovers\n|upkeep\n|turn|8\n|\n|t:|1699736221\n|switch|p2a: Seismitoad|Seismitoad, F|100\/100\n|move|p1a: Kermit|Soak|p2a: Seismitoad\n|-immune|p2a: Seismitoad|[from] ability: Water Absorb\n|\n|-heal|p1a: Kermit|71\/100|[from] item: Leftovers\n|upkeep\n|turn|9\n|\n|t:|1699736233\n|move|p2a: Seismitoad|Sludge Bomb|p1a: Kermit\n|-damage|p1a: Kermit|34\/100\n|-start|p1a: Kermit|Charge|Sludge Bomb|[from] ability: Electromorphosis\n|move|p1a: Kermit|Light Screen|p1a: Kermit\n|-sidestart|p1: Silver Shroom|move: Light Screen\n|\n|-heal|p1a: Kermit|41\/100|[from] item: Leftovers\n|upkeep\n|turn|10\n|\n|t:|1699736241\n|switch|p1a: Cat Noir|Umbreon, M|41\/100\n|move|p2a: Seismitoad|Sludge Bomb|p1a: Cat Noir\n|-damage|p1a: Cat Noir|31\/100\n|\n|-heal|p1a: Cat Noir|37\/100|[from] item: Leftovers\n|upkeep\n|turn|11\n|\n|t:|1699736250\n|switch|p2a: Ferrothorn|Ferrothorn, F|100\/100\n|move|p1a: Cat Noir|Wish|p1a: Cat Noir\n|\n|-heal|p1a: Cat Noir|43\/100|[from] item: Leftovers\n|upkeep\n|turn|12\n|\n|t:|1699736257\n|switch|p1a: Snowbelle|Glaceon, F|100\/100\n|move|p2a: Ferrothorn|Leech Seed|p1a: Snowbelle|[miss]\n|-miss|p2a: Ferrothorn|p1a: Snowbelle\n|\n|upkeep\n|turn|13\n|c|\u2606Blake-Mamba|I swear this team is cursed\n|\n|t:|1699736277\n|move|p1a: Snowbelle|Ice Beam|p2a: Ferrothorn\n|-damage|p2a: Ferrothorn|33\/100\n|move|p2a: Ferrothorn|Leech Seed|p1a: Snowbelle\n|-start|p1a: Snowbelle|move: Leech Seed\n|\n|-damage|p1a: Snowbelle|88\/100|[from] Leech Seed|[of] p2a: Ferrothorn\n|-heal|p2a: Ferrothorn|45\/100|[silent]\n|-sideend|p1: Silver Shroom|move: Light Screen\n|upkeep\n|turn|14\n|\n|t:|1699736286\n|switch|p2a: Emboar|Emboar, F, shiny|84\/100\n|move|p1a: Snowbelle|Ice Beam|p2a: Emboar\n|-resisted|p2a: Emboar\n|-damage|p2a: Emboar|32\/100\n|\n|-damage|p1a: Snowbelle|76\/100|[from] Leech Seed|[of] p2a: Emboar\n|-heal|p2a: Emboar|43\/100|[silent]\n|upkeep\n|turn|15\n|\n|t:|1699736301\n|switch|p1a: Kermit|Bellibolt, M|41\/100\n|move|p2a: Emboar|Flare Blitz|p1a: Kermit\n|-damage|p1a: Kermit|0 fnt\n|faint|p1a: Kermit\n|-damage|p2a: Emboar|28\/100|[from] Recoil\n|\n|upkeep\n|\n|t:|1699736308\n|switch|p1a: Gex|Sceptile, M|100\/100\n|turn|16\n|\n|t:|1699736312\n|detailschange|p1a: Gex|Sceptile-Mega, M\n|-mega|p1a: Gex|Sceptile|Sceptilite\n|move|p1a: Gex|Dragon Pulse|p2a: Emboar\n|-damage|p2a: Emboar|0 fnt\n|faint|p2a: Emboar\n|\n|upkeep\n|\n|t:|1699736324\n|switch|p2a: Zebstrika|Zebstrika, F, shiny|100\/100\n|turn|17\n|\n|t:|1699736329\n|move|p1a: Gex|Leaf Storm|p2a: Zebstrika\n|-ability|p2a: Zebstrika|Sap Sipper|boost\n|-boost|p2a: Zebstrika|atk|1\n|move|p2a: Zebstrika|Flame Charge|p1a: Gex\n|-damage|p1a: Gex|66\/100\n|-boost|p2a: Zebstrika|spe|1\n|\n|upkeep\n|turn|18\n|\n|t:|1699736338\n|switch|p1a: Cat Noir|Umbreon, M|43\/100\n|-zpower|p2a: Zebstrika\n|move|p2a: Zebstrika|Gigavolt Havoc|p1a: Cat Noir|[zeffect]\n|-damage|p1a: Cat Noir|0 fnt\n|faint|p1a: Cat Noir\n|\n|upkeep\n|\n|t:|1699736346\n|switch|p1a: Snowbelle|Glaceon, F|76\/100\n|turn|19\n|\n|t:|1699736357\n|move|p2a: Zebstrika|Wild Charge|p1a: Snowbelle\n|-damage|p1a: Snowbelle|15\/100\n|-damage|p2a: Zebstrika|83\/100|[from] Recoil\n|move|p1a: Snowbelle|Ice Beam|p2a: Zebstrika\n|-damage|p2a: Zebstrika|0 fnt\n|faint|p2a: Zebstrika\n|\n|upkeep\n|\n|t:|1699736366\n|switch|p2a: Seismitoad|Seismitoad, F|100\/100\n|turn|20\n|\n|t:|1699736371\n|switch|p1a: Gex|Sceptile-Mega, M|66\/100\n|move|p2a: Seismitoad|Sludge Bomb|p1a: Gex\n|-supereffective|p1a: Gex\n|-damage|p1a: Gex|0 fnt\n|faint|p1a: Gex\n|\n|upkeep\n|\n|t:|1699736377\n|switch|p1a: Snowbelle|Glaceon, F|15\/100\n|turn|21\n|\n|t:|1699736383\n|-terastallize|p2a: Seismitoad|Poison\n|move|p2a: Seismitoad|Sludge Bomb|p1a: Snowbelle\n|-damage|p1a: Snowbelle|0 fnt\n|faint|p1a: Snowbelle\n|\n|win|Blake-Mamba\n|raw|Silver Shroom's rating: 1206 &rarr; <strong>1183<\/strong><br \/>(-23 for losing)\n|raw|Blake-Mamba's rating: 1229 &rarr; <strong>1252<\/strong><br \/>(+23 for winning)\n|c|\u2606Blake-Mamba|Gg\n|c|\u2606Silver Shroom|gg\n|l|\u2606Silver Shroom\n","uploadtime":1699736394,"views":9,"p1id":"silvershroom","p2id":"blakemamba","formatid":"gen9nationaldex","rating":1183,"private":0,"password":""}