{"id":"gen9nationaldex-1999528805","p1":"chuyuejd","p2":"clepea","format":"[Gen 9] National Dex","log":"|html|<div class=\"broadcast-blue\"><strong>[Gen 9] National Dex is currently suspecting Sneasler! For information on how to participate check out the <a href=\"https:\/\/www.smogon.com\/forums\/threads\/sv-national-dex-suspect-8-just-dance.3731534\/\">suspect thread<\/a>.<\/strong><\/div>\n|j|\u2606chuyuejd\n|j|\u2606clepea\n|t:|1701092886\n|gametype|singles\n|player|p1|chuyuejd|ingo|1216\n|player|p2|clepea|ingo|1217\n|teamsize|p1|6\n|teamsize|p2|6\n|gen|9\n|tier|[Gen 9] National Dex\n|rated|\n|rule|HP Percentage Mod: HP is shown in percentages\n|rule|Endless Battle Clause: Forcing endless battles is banned\n|rule|OHKO Clause: OHKO moves are banned\n|rule|Evasion Clause: Evasion abilities, items, and moves are banned\n|rule|Evasion Abilities Clause: Evasion abilities are banned\n|rule|Evasion Items Clause: Evasion items are banned\n|rule|Evasion Moves Clause: Evasion moves are banned\n|rule|Species Clause: Limit one of each Pok\u00e9mon\n|rule|Sleep Clause Mod: Limit one foe put to sleep\n|clearpoke\n|poke|p1|Gliscor, F|\n|poke|p1|Alomomola, F|\n|poke|p1|Garganacl, F|\n|poke|p1|Aegislash, M|\n|poke|p1|Scizor, M|\n|poke|p1|Skeledirge, M|\n|poke|p2|Abomasnow, M|\n|poke|p2|Arcanine-Hisui, M|\n|poke|p2|Talonflame, M|\n|poke|p2|Absol, F|\n|poke|p2|Araquanid, M|\n|poke|p2|Slowking-Galar, M|\n|teampreview\n|inactive|Battle timer is ON: inactive players will automatically lose when time's up. (requested by chuyuejd)\n|\n|t:|1701092893\n|start\n|switch|p1a: Garganacl|Garganacl, F|100\/100\n|switch|p2a: Taplinka|Abomasnow, M, shiny|100\/100\n|-weather|Snow|[from] ability: Snow Warning|[of] p2a: Taplinka\n|turn|1\n|\n|t:|1701092905\n|-terastallize|p1a: Garganacl|Ghost\n|move|p2a: Taplinka|Aurora Veil|p2a: Taplinka\n|-sidestart|p2: clepea|move: Aurora Veil\n|move|p1a: Garganacl|Stealth Rock|p2a: Taplinka\n|-sidestart|p2: clepea|move: Stealth Rock\n|\n|-weather|Snow|[upkeep]\n|upkeep\n|turn|2\n|\n|t:|1701092926\n|switch|p2a: Mr. Popo|Slowking-Galar, M, shiny|100\/100\n|-damage|p2a: Mr. Popo|88\/100|[from] Stealth Rock\n|move|p1a: Garganacl|Salt Cure|p2a: Mr. Popo\n|-damage|p2a: Mr. Popo|81\/100\n|-start|p2a: Mr. Popo|Salt Cure\n|\n|-weather|Snow|[upkeep]\n|-heal|p2a: Mr. Popo|87\/100|[from] item: Leftovers\n|-damage|p2a: Mr. Popo|75\/100|[from] Salt Cure\n|upkeep\n|turn|3\n|\n|t:|1701092932\n|move|p1a: Garganacl|Salt Cure|p2a: Mr. Popo\n|-damage|p2a: Mr. Popo|68\/100\n|move|p2a: Mr. Popo|Future Sight|p1a: Garganacl\n|-start|p2a: Mr. Popo|move: Future Sight\n|\n|-weather|Snow|[upkeep]\n|-heal|p2a: Mr. Popo|74\/100|[from] item: Leftovers\n|-damage|p2a: Mr. Popo|61\/100|[from] Salt Cure\n|upkeep\n|turn|4\n|\n|t:|1701092944\n|switch|p2a: Edge|Absol, F, shiny|100\/100\n|-damage|p2a: Edge|88\/100|[from] Stealth Rock\n|-ability|p2a: Edge|Pressure\n|move|p1a: Garganacl|Salt Cure|p2a: Edge\n|-damage|p2a: Edge|76\/100\n|-start|p2a: Edge|Salt Cure\n|\n|-weather|Snow|[upkeep]\n|-damage|p2a: Edge|64\/100|[from] Salt Cure\n|upkeep\n|turn|5\n|\n|t:|1701092955\n|detailschange|p2a: Edge|Absol-Mega, F, shiny\n|-mega|p2a: Edge|Absol|Absolite\n|move|p2a: Edge|Knock Off|p1a: Garganacl\n|-supereffective|p1a: Garganacl\n|-damage|p1a: Garganacl|29\/100\n|-enditem|p1a: Garganacl|Heavy-Duty Boots|[from] move: Knock Off|[of] p2a: Edge\n|move|p1a: Garganacl|Recover|p1a: Garganacl\n|-heal|p1a: Garganacl|80\/100\n|\n|-weather|none\n|-end|p1a: Garganacl|move: Future Sight\n|-damage|p1a: Garganacl|36\/100\n|-damage|p2a: Edge|52\/100|[from] Salt Cure\n|upkeep\n|turn|6\n|\n|t:|1701092974\n|-activate|p1a: Garganacl|move: Pursuit\n|move|p2a: Edge|Pursuit|p1a: Garganacl|[from]Pursuit\n|-supereffective|p1a: Garganacl\n|-damage|p1a: Garganacl|0 fnt\n|faint|p1a: Garganacl\n|-hint|A Pokemon can't switch between when it runs out of HP and when it faints\n|\n|-damage|p2a: Edge|40\/100|[from] Salt Cure\n|upkeep\n|\n|t:|1701092986\n|switch|p1a: Scizor|Scizor, M|100\/100\n|turn|7\n|inactive|clepea has 120 seconds left.\n|\n|t:|1701093020\n|switch|p2a: Berd|Talonflame, M, shiny|100\/100\n|detailschange|p1a: Scizor|Scizor-Mega, M\n|-mega|p1a: Scizor|Scizor|Scizorite\n|move|p1a: Scizor|Bullet Punch|p2a: Berd\n|-resisted|p2a: Berd\n|-damage|p2a: Berd|89\/100\n|\n|upkeep\n|turn|8\n|\n|t:|1701093045\n|switch|p1a: Alomomola|Alomomola, F|100\/100\n|move|p2a: Berd|Defog|p1a: Alomomola\n|-unboost|p1a: Alomomola|evasion|1\n|-sideend|p2: clepea|Stealth Rock|[from] move: Defog|[of] p2a: Berd\n|\n|-sideend|p2: clepea|move: Aurora Veil\n|upkeep\n|turn|9\n|\n|t:|1701093053\n|move|p2a: Berd|U-turn|p1a: Alomomola\n|-damage|p1a: Alomomola|92\/100\n|\n|t:|1701093059\n|switch|p2a: Taplinka|Abomasnow, M, shiny|100\/100|[from] U-turn\n|-weather|Snow|[from] ability: Snow Warning|[of] p2a: Taplinka\n|move|p1a: Alomomola|Toxic|p2a: Taplinka|[miss]\n|-miss|p1a: Alomomola|p2a: Taplinka\n|\n|-weather|Snow|[upkeep]\n|upkeep\n|turn|10\n|\n|t:|1701093073\n|move|p2a: Taplinka|Aurora Veil|p2a: Taplinka\n|-sidestart|p2: clepea|move: Aurora Veil\n|move|p1a: Alomomola|Wish|p1a: Alomomola\n|\n|-weather|Snow|[upkeep]\n|upkeep\n|turn|11\n|\n|t:|1701093078\n|move|p2a: Taplinka|Giga Drain|p1a: Alomomola\n|-supereffective|p1a: Alomomola\n|-damage|p1a: Alomomola|24\/100\n|move|p1a: Alomomola|Toxic|p2a: Taplinka\n|-status|p2a: Taplinka|tox\n|\n|-weather|Snow|[upkeep]\n|-heal|p1a: Alomomola|74\/100|[from] move: Wish|[wisher] Alomomola\n|-damage|p2a: Taplinka|94\/100 tox|[from] psn\n|upkeep\n|turn|12\n|\n|t:|1701093096\n|move|p1a: Alomomola|Protect|p1a: Alomomola\n|-singleturn|p1a: Alomomola|Protect\n|move|p2a: Taplinka|Earth Power|p1a: Alomomola\n|-activate|p1a: Alomomola|move: Protect\n|\n|-weather|Snow|[upkeep]\n|-damage|p2a: Taplinka|82\/100 tox|[from] psn\n|upkeep\n|turn|13\n|\n|t:|1701093108\n|switch|p2a: Mr. Popo|Slowking-Galar, M, shiny|95\/100\n|switch|p1a: Gliscor|Gliscor, F|100\/100\n|\n|-weather|none\n|-heal|p2a: Mr. Popo|100\/100|[from] item: Leftovers\n|-status|p1a: Gliscor|tox|[from] item: Toxic Orb\n|upkeep\n|turn|14\n|inactive|clepea has 120 seconds left.\n|\n|t:|1701093142\n|move|p1a: Gliscor|Earthquake|p2a: Mr. Popo\n|-supereffective|p2a: Mr. Popo\n|-damage|p2a: Mr. Popo|68\/100\n|move|p2a: Mr. Popo|Ice Beam|p1a: Gliscor\n|-supereffective|p1a: Gliscor\n|-damage|p1a: Gliscor|0 fnt\n|faint|p1a: Gliscor\n|\n|-heal|p2a: Mr. Popo|74\/100|[from] item: Leftovers\n|upkeep\n|\n|t:|1701093152\n|switch|p1a: Aegislash|Aegislash, M|100\/100\n|turn|15\n|\n|t:|1701093156\n|move|p1a: Aegislash|Substitute|p1a: Aegislash\n|-start|p1a: Aegislash|Substitute\n|-damage|p1a: Aegislash|75\/100\n|move|p2a: Mr. Popo|Future Sight|p1a: Aegislash\n|-start|p2a: Mr. Popo|move: Future Sight\n|\n|-heal|p1a: Aegislash|82\/100|[from] item: Leftovers\n|-heal|p2a: Mr. Popo|80\/100|[from] item: Leftovers\n|upkeep\n|turn|16\n|\n|t:|1701093174\n|-formechange|p1a: Aegislash|Aegislash-Blade||[from] ability: Stance Change\n|move|p1a: Aegislash|Shadow Ball|p2a: Mr. Popo\n|-supereffective|p2a: Mr. Popo\n|-damage|p2a: Mr. Popo|44\/100\n|move|p2a: Mr. Popo|Chilly Reception|p2a: Mr. Popo\n|-weather|Snow\n|\n|t:|1701093180\n|switch|p2a: Taplinka|Abomasnow, M, shiny|82\/100 tox|[from] Chilly Reception\n|\n|-weather|Snow|[upkeep]\n|-heal|p1a: Aegislash|88\/100|[from] item: Leftovers\n|-damage|p2a: Taplinka|76\/100 tox|[from] psn\n|upkeep\n|turn|17\n|\n|t:|1701093189\n|move|p1a: Aegislash|Shadow Ball|p2a: Taplinka\n|-damage|p2a: Taplinka|53\/100 tox\n|move|p2a: Taplinka|Earth Power|p1a: Aegislash\n|-supereffective|p1a: Aegislash\n|-end|p1a: Aegislash|Substitute\n|\n|-weather|Snow|[upkeep]\n|-end|p1a: Aegislash|move: Future Sight\n|-resisted|p1a: Aegislash\n|-damage|p1a: Aegislash|30\/100\n|-heal|p1a: Aegislash|36\/100|[from] item: Leftovers\n|-damage|p2a: Taplinka|41\/100 tox|[from] psn\n|-sideend|p2: clepea|move: Aurora Veil\n|upkeep\n|turn|18\n|\n|t:|1701093197\n|-formechange|p1a: Aegislash|Aegislash||[from] ability: Stance Change\n|move|p1a: Aegislash|King's Shield|p1a: Aegislash\n|-singleturn|p1a: Aegislash|Protect\n|move|p2a: Taplinka|Earth Power|p1a: Aegislash\n|-activate|p1a: Aegislash|move: Protect\n|\n|-weather|Snow|[upkeep]\n|-heal|p1a: Aegislash|42\/100|[from] item: Leftovers\n|-damage|p2a: Taplinka|23\/100 tox|[from] psn\n|upkeep\n|turn|19\n|\n|t:|1701093218\n|switch|p1a: Scizor|Scizor-Mega, M|100\/100\n|move|p2a: Taplinka|Earth Power|p1a: Scizor\n|-damage|p1a: Scizor|83\/100\n|\n|-weather|Snow|[upkeep]\n|-damage|p2a: Taplinka|0 fnt|[from] psn\n|faint|p2a: Taplinka\n|upkeep\n|\n|t:|1701093236\n|switch|p2a: Berd|Talonflame, M, shiny|89\/100\n|turn|20\n|\n|t:|1701093248\n|move|p2a: Berd|Brave Bird|p1a: Scizor\n|-damage|p1a: Scizor|51\/100\n|-damage|p2a: Berd|77\/100|[from] Recoil\n|move|p1a: Scizor|Knock Off|p2a: Berd\n|-damage|p2a: Berd|25\/100\n|-enditem|p2a: Berd|Heavy-Duty Boots|[from] move: Knock Off|[of] p1a: Scizor\n|\n|-weather|none\n|upkeep\n|turn|21\n|\n|t:|1701093257\n|move|p1a: Scizor|Bullet Punch|p2a: Berd\n|-resisted|p2a: Berd\n|-damage|p2a: Berd|4\/100\n|move|p2a: Berd|Flare Blitz|p1a: Scizor\n|-supereffective|p1a: Scizor\n|-damage|p1a: Scizor|0 fnt\n|faint|p1a: Scizor\n|-damage|p2a: Berd|0 fnt|[from] Recoil\n|faint|p2a: Berd\n|\n|upkeep\n|\n|t:|1701093270\n|switch|p2a: Doggo|Arcanine-Hisui, M, shiny|100\/100\n|switch|p1a: Aegislash|Aegislash, M|42\/100\n|turn|22\n|\n|t:|1701093277\n|move|p1a: Aegislash|King's Shield|p1a: Aegislash\n|-singleturn|p1a: Aegislash|Protect\n|move|p2a: Doggo|Flare Blitz|p1a: Aegislash\n|-activate|p1a: Aegislash|move: Protect\n|-unboost|p2a: Doggo|atk|1\n|\n|-heal|p1a: Aegislash|49\/100|[from] item: Leftovers\n|upkeep\n|turn|23\n|\n|t:|1701093283\n|switch|p1a: Alomomola|Alomomola, F|100\/100\n|move|p2a: Doggo|Flare Blitz|p1a: Alomomola\n|-resisted|p1a: Alomomola\n|-damage|p1a: Alomomola|88\/100\n|-damage|p2a: Doggo|91\/100|[from] item: Life Orb\n|\n|upkeep\n|turn|24\n|\n|t:|1701093290\n|switch|p2a: Mr. Popo|Slowking-Galar, M, shiny|77\/100\n|move|p1a: Alomomola|Wish|p1a: Alomomola\n|\n|-heal|p2a: Mr. Popo|83\/100|[from] item: Leftovers\n|upkeep\n|turn|25\n|\n|t:|1701093296\n|move|p1a: Alomomola|Flip Turn|p2a: Mr. Popo\n|-damage|p2a: Mr. Popo|65\/100\n|\n|t:|1701093300\n|switch|p1a: Aegislash|Aegislash, M|49\/100|[from] Flip Turn\n|move|p2a: Mr. Popo|Future Sight|p1a: Aegislash\n|-start|p2a: Mr. Popo|move: Future Sight\n|\n|-heal|p1a: Aegislash|100\/100|[from] move: Wish|[wisher] Alomomola\n|-heal|p2a: Mr. Popo|71\/100|[from] item: Leftovers\n|upkeep\n|turn|26\n|\n|t:|1701093310\n|switch|p2a: Dewpie|Araquanid, M, shiny|100\/100\n|move|p1a: Aegislash|Substitute|p1a: Aegislash\n|-start|p1a: Aegislash|Substitute\n|-damage|p1a: Aegislash|75\/100\n|\n|-heal|p1a: Aegislash|82\/100|[from] item: Leftovers\n|upkeep\n|turn|27\n|\n|t:|1701093318\n|move|p1a: Aegislash|King's Shield|p1a: Aegislash\n|-singleturn|p1a: Aegislash|Protect\n|move|p2a: Dewpie|Liquidation|p1a: Aegislash\n|-activate|p1a: Aegislash|move: Protect\n|-unboost|p2a: Dewpie|atk|1\n|\n|-end|p1a: Aegislash|move: Future Sight\n|-resisted|p1a: Aegislash\n|-crit|p1a: Aegislash\n|-end|p1a: Aegislash|Substitute\n|-heal|p1a: Aegislash|88\/100|[from] item: Leftovers\n|upkeep\n|turn|28\n|\n|t:|1701093335\n|move|p1a: Aegislash|Substitute|p1a: Aegislash\n|-start|p1a: Aegislash|Substitute\n|-damage|p1a: Aegislash|63\/100\n|move|p2a: Dewpie|Liquidation|p1a: Aegislash\n|-end|p1a: Aegislash|Substitute\n|\n|-heal|p1a: Aegislash|69\/100|[from] item: Leftovers\n|upkeep\n|turn|29\n|\n|t:|1701093347\n|move|p1a: Aegislash|King's Shield|p1a: Aegislash\n|-singleturn|p1a: Aegislash|Protect\n|move|p2a: Dewpie|Liquidation|p1a: Aegislash\n|-activate|p1a: Aegislash|move: Protect\n|-unboost|p2a: Dewpie|atk|1\n|\n|-heal|p1a: Aegislash|75\/100|[from] item: Leftovers\n|upkeep\n|turn|30\n|\n|t:|1701093357\n|switch|p2a: Edge|Absol-Mega, F, shiny|40\/100\n|move|p1a: Aegislash|Substitute|p1a: Aegislash\n|-start|p1a: Aegislash|Substitute\n|-damage|p1a: Aegislash|50\/100\n|\n|-heal|p1a: Aegislash|56\/100|[from] item: Leftovers\n|upkeep\n|turn|31\n|\n|t:|1701093363\n|move|p1a: Aegislash|King's Shield|p1a: Aegislash\n|-singleturn|p1a: Aegislash|Protect\n|move|p2a: Edge|Knock Off|p1a: Aegislash\n|-activate|p1a: Aegislash|move: Protect\n|-unboost|p2a: Edge|atk|1\n|\n|-heal|p1a: Aegislash|63\/100|[from] item: Leftovers\n|upkeep\n|turn|32\n|\n|t:|1701093375\n|move|p2a: Edge|Knock Off|p1a: Aegislash\n|-supereffective|p1a: Aegislash\n|-end|p1a: Aegislash|Substitute\n|-formechange|p1a: Aegislash|Aegislash-Blade||[from] ability: Stance Change\n|move|p1a: Aegislash|Flash Cannon|p2a: Edge\n|-damage|p2a: Edge|0 fnt\n|faint|p2a: Edge\n|\n|-heal|p1a: Aegislash|69\/100|[from] item: Leftovers\n|upkeep\n|\n|t:|1701093382\n|switch|p2a: Dewpie|Araquanid, M, shiny|100\/100\n|turn|33\n|\n|t:|1701093386\n|switch|p2a: Doggo|Arcanine-Hisui, M, shiny|91\/100\n|-formechange|p1a: Aegislash|Aegislash||[from] ability: Stance Change\n|move|p1a: Aegislash|King's Shield||[still]\n|-fail|p1a: Aegislash\n|\n|-heal|p1a: Aegislash|75\/100|[from] item: Leftovers\n|upkeep\n|turn|34\n|\n|t:|1701093392\n|switch|p1a: Alomomola|Alomomola, F|100\/100\n|move|p2a: Doggo|Flare Blitz|p1a: Alomomola\n|-resisted|p1a: Alomomola\n|-damage|p1a: Alomomola|79\/100\n|-damage|p2a: Doggo|81\/100|[from] item: Life Orb\n|\n|upkeep\n|turn|35\n|\n|t:|1701093403\n|-terastallize|p2a: Doggo|Normal\n|move|p2a: Doggo|Wild Charge|p1a: Alomomola\n|-supereffective|p1a: Alomomola\n|-damage|p1a: Alomomola|40\/100\n|-damage|p2a: Doggo|71\/100|[from] item: Life Orb\n|move|p1a: Alomomola|Toxic|p2a: Doggo\n|-status|p2a: Doggo|tox\n|\n|-damage|p2a: Doggo|65\/100 tox|[from] psn\n|upkeep\n|turn|36\n|\n|t:|1701093419\n|move|p1a: Alomomola|Protect|p1a: Alomomola\n|-singleturn|p1a: Alomomola|Protect\n|move|p2a: Doggo|Wild Charge|p1a: Alomomola\n|-activate|p1a: Alomomola|move: Protect\n|\n|-damage|p2a: Doggo|52\/100 tox|[from] psn\n|upkeep\n|turn|37\n|\n|t:|1701093426\n|switch|p1a: Skeledirge|Skeledirge, M|100\/100\n|move|p2a: Doggo|Wild Charge|p1a: Skeledirge\n|-damage|p1a: Skeledirge|67\/100\n|-damage|p2a: Doggo|42\/100 tox|[from] item: Life Orb\n|\n|-damage|p2a: Doggo|24\/100 tox|[from] psn\n|upkeep\n|turn|38\n|\n|t:|1701093433\n|move|p2a: Doggo|Head Smash|p1a: Skeledirge|[miss]\n|-miss|p2a: Doggo|p1a: Skeledirge\n|move|p1a: Skeledirge|Slack Off|p1a: Skeledirge\n|-heal|p1a: Skeledirge|100\/100\n|\n|-damage|p2a: Doggo|0 fnt|[from] psn\n|faint|p2a: Doggo\n|upkeep\n|\n|t:|1701093436\n|switch|p2a: Dewpie|Araquanid, M, shiny|100\/100\n|turn|39\n|\n|t:|1701093449\n|switch|p1a: Alomomola|Alomomola, F|73\/100\n|move|p2a: Dewpie|Liquidation|p1a: Alomomola\n|-resisted|p1a: Alomomola\n|-damage|p1a: Alomomola|55\/100\n|\n|upkeep\n|turn|40\n|\n|t:|1701093457\n|switch|p2a: Mr. Popo|Slowking-Galar, M, shiny|100\/100\n|move|p1a: Alomomola|Wish|p1a: Alomomola\n|\n|upkeep\n|turn|41\n|\n|t:|1701093462\n|move|p1a: Alomomola|Flip Turn|p2a: Mr. Popo\n|-damage|p2a: Mr. Popo|84\/100\n|\n|t:|1701093466\n|switch|p1a: Aegislash|Aegislash, M|75\/100|[from] Flip Turn\n|move|p2a: Mr. Popo|Future Sight|p1a: Aegislash\n|-start|p2a: Mr. Popo|move: Future Sight\n|\n|-heal|p1a: Aegislash|100\/100|[from] move: Wish|[wisher] Alomomola\n|-heal|p2a: Mr. Popo|90\/100|[from] item: Leftovers\n|upkeep\n|turn|42\n|\n|t:|1701093474\n|switch|p2a: Dewpie|Araquanid, M, shiny|100\/100\n|move|p1a: Aegislash|Substitute|p1a: Aegislash\n|-start|p1a: Aegislash|Substitute\n|-damage|p1a: Aegislash|75\/100\n|\n|-heal|p1a: Aegislash|82\/100|[from] item: Leftovers\n|upkeep\n|turn|43\n|\n|t:|1701093485\n|move|p1a: Aegislash|King's Shield|p1a: Aegislash\n|-singleturn|p1a: Aegislash|Protect\n|move|p2a: Dewpie|Liquidation|p1a: Aegislash\n|-activate|p1a: Aegislash|move: Protect\n|-unboost|p2a: Dewpie|atk|1\n|\n|-end|p1a: Aegislash|move: Future Sight\n|-resisted|p1a: Aegislash\n|-crit|p1a: Aegislash\n|-end|p1a: Aegislash|Substitute\n|-heal|p1a: Aegislash|88\/100|[from] item: Leftovers\n|upkeep\n|turn|44\n|\n|t:|1701093497\n|move|p1a: Aegislash|Substitute|p1a: Aegislash\n|-start|p1a: Aegislash|Substitute\n|-damage|p1a: Aegislash|63\/100\n|move|p2a: Dewpie|Liquidation|p1a: Aegislash\n|-end|p1a: Aegislash|Substitute\n|\n|-heal|p1a: Aegislash|69\/100|[from] item: Leftovers\n|upkeep\n|turn|45\n|\n|t:|1701093515\n|switch|p2a: Mr. Popo|Slowking-Galar, M, shiny|100\/100\n|move|p1a: Aegislash|King's Shield||[still]\n|-fail|p1a: Aegislash\n|\n|-heal|p1a: Aegislash|75\/100|[from] item: Leftovers\n|upkeep\n|turn|46\n|\n|t:|1701093521\n|move|p1a: Aegislash|Substitute|p1a: Aegislash\n|-start|p1a: Aegislash|Substitute\n|-damage|p1a: Aegislash|50\/100\n|move|p2a: Mr. Popo|Future Sight|p1a: Aegislash\n|-start|p2a: Mr. Popo|move: Future Sight\n|\n|-heal|p1a: Aegislash|56\/100|[from] item: Leftovers\n|upkeep\n|turn|47\n|\n|t:|1701093530\n|-formechange|p1a: Aegislash|Aegislash-Blade||[from] ability: Stance Change\n|move|p1a: Aegislash|Flash Cannon|p2a: Mr. Popo\n|-damage|p2a: Mr. Popo|68\/100\n|move|p2a: Mr. Popo|Chilly Reception|p2a: Mr. Popo\n|-weather|Snow\n|\n|t:|1701093536\n|switch|p2a: Dewpie|Araquanid, M, shiny|100\/100|[from] Chilly Reception\n|\n|-weather|Snow|[upkeep]\n|-heal|p1a: Aegislash|63\/100|[from] item: Leftovers\n|upkeep\n|turn|48\n|\n|t:|1701093547\n|switch|p2a: Mr. Popo|Slowking-Galar, M, shiny|100\/100\n|-formechange|p1a: Aegislash|Aegislash||[from] ability: Stance Change\n|move|p1a: Aegislash|King's Shield||[still]\n|-fail|p1a: Aegislash\n|\n|-weather|Snow|[upkeep]\n|-end|p1a: Aegislash|move: Future Sight\n|-resisted|p1a: Aegislash\n|-activate|p1a: Aegislash|move: Substitute|[damage]\n|-heal|p1a: Aegislash|69\/100|[from] item: Leftovers\n|upkeep\n|turn|49\n|\n|t:|1701093564\n|-formechange|p1a: Aegislash|Aegislash-Blade||[from] ability: Stance Change\n|move|p1a: Aegislash|Shadow Ball|p2a: Mr. Popo\n|-supereffective|p2a: Mr. Popo\n|-damage|p2a: Mr. Popo|26\/100\n|move|p2a: Mr. Popo|Future Sight|p1a: Aegislash\n|-start|p2a: Mr. Popo|move: Future Sight\n|\n|-weather|Snow|[upkeep]\n|-heal|p1a: Aegislash|75\/100|[from] item: Leftovers\n|-heal|p2a: Mr. Popo|32\/100|[from] item: Leftovers\n|upkeep\n|turn|50\n|\n|t:|1701093577\n|switch|p2a: Dewpie|Araquanid, M, shiny|100\/100\n|move|p1a: Aegislash|Flash Cannon|p2a: Dewpie\n|-resisted|p2a: Dewpie\n|-damage|p2a: Dewpie|89\/100\n|\n|-weather|Snow|[upkeep]\n|-heal|p1a: Aegislash|81\/100|[from] item: Leftovers\n|upkeep\n|turn|51\n|\n|t:|1701093588\n|-formechange|p1a: Aegislash|Aegislash||[from] ability: Stance Change\n|move|p1a: Aegislash|King's Shield|p1a: Aegislash\n|-singleturn|p1a: Aegislash|Protect\n|move|p2a: Dewpie|Liquidation|p1a: Aegislash\n|-activate|p1a: Aegislash|move: Protect\n|-unboost|p2a: Dewpie|atk|1\n|\n|-weather|none\n|-end|p1a: Aegislash|move: Future Sight\n|-resisted|p1a: Aegislash\n|-end|p1a: Aegislash|Substitute\n|-heal|p1a: Aegislash|87\/100|[from] item: Leftovers\n|upkeep\n|turn|52\n|-message|clepea forfeited.\n|\n|win|chuyuejd\n|raw|chuyuejd's rating: 1216 &rarr; <strong>1241<\/strong><br \/>(+25 for winning)\n|raw|clepea's rating: 1217 &rarr; <strong>1192<\/strong><br \/>(-25 for losing)\n|l|\u2606clepea\n","uploadtime":1701093606,"views":11,"p1id":"chuyuejd","p2id":"clepea","formatid":"gen9nationaldex","rating":1192,"private":0,"password":""}