{"id":"gen9nationaldex-1996956791","p1":"ShriveledMonkey","p2":"Skorchdiver","format":"[Gen 9] National Dex","log":"|html|<div class=\"broadcast-blue\"><strong>[Gen 9] National Dex is currently suspecting Sneasler! For information on how to participate check out the <a href=\"https:\/\/www.smogon.com\/forums\/threads\/sv-national-dex-suspect-8-just-dance.3731534\/\">suspect thread<\/a>.<\/strong><\/div>\n|j|\u2606ShriveledMonkey\n|j|\u2606Skorchdiver\n|t:|1700749461\n|gametype|singles\n|player|p1|ShriveledMonkey|169|1112\n|player|p2|Skorchdiver|wally|1191\n|teamsize|p1|6\n|teamsize|p2|6\n|gen|9\n|tier|[Gen 9] National Dex\n|rated|\n|rule|HP Percentage Mod: HP is shown in percentages\n|rule|Endless Battle Clause: Forcing endless battles is banned\n|rule|OHKO Clause: OHKO moves are banned\n|rule|Evasion Clause: Evasion abilities, items, and moves are banned\n|rule|Evasion Abilities Clause: Evasion abilities are banned\n|rule|Evasion Items Clause: Evasion items are banned\n|rule|Evasion Moves Clause: Evasion moves are banned\n|rule|Species Clause: Limit one of each Pok\u00e9mon\n|rule|Sleep Clause Mod: Limit one foe put to sleep\n|clearpoke\n|poke|p1|Coalossal, F|\n|poke|p1|Sudowoodo, M|\n|poke|p1|Cinderace, M|\n|poke|p1|Mantine, M|\n|poke|p1|Bewear, M|\n|poke|p1|Flamigo, M|\n|poke|p2|Simisage, M|\n|poke|p2|Swellow, M|\n|poke|p2|Escavalier, M|\n|poke|p2|Incineroar, M|\n|poke|p2|Kommo-o, M|\n|poke|p2|Glimmora, M|\n|teampreview\n|\n|t:|1700749481\n|start\n|switch|p1a: Bewear|Bewear, M|100\/100\n|switch|p2a: Glimmora|Glimmora, M|100\/100\n|turn|1\n|\n|t:|1700749489\n|move|p2a: Glimmora|Dazzling Gleam|p1a: Bewear\n|-supereffective|p1a: Bewear\n|-damage|p1a: Bewear|37\/100\n|move|p1a: Bewear|Hammer Arm|p2a: Glimmora\n|-enditem|p2a: Glimmora|Focus Sash\n|-damage|p2a: Glimmora|1\/100\n|-unboost|p1a: Bewear|spe|1\n|-activate|p2a: Glimmora|ability: Toxic Debris\n|-sidestart|p1: ShriveledMonkey|move: Toxic Spikes\n|\n|upkeep\n|turn|2\n|\n|t:|1700749500\n|move|p2a: Glimmora|Earth Power|p1a: Bewear\n|-damage|p1a: Bewear|0 fnt\n|faint|p1a: Bewear\n|\n|upkeep\n|\n|t:|1700749508\n|switch|p1a: Flamigo|Flamigo, M|100\/100\n|turn|3\n|\n|t:|1700749512\n|move|p1a: Flamigo|U-turn|p2a: Glimmora\n|-resisted|p2a: Glimmora\n|-damage|p2a: Glimmora|0 fnt\n|-activate|p2a: Glimmora|ability: Toxic Debris\n|-sidestart|p1: ShriveledMonkey|move: Toxic Spikes\n|faint|p2a: Glimmora\n|-damage|p1a: Flamigo|91\/100|[from] item: Life Orb\n|\n|t:|1700749519\n|switch|p1a: Coalossal|Coalossal, F|100\/100|[from] U-turn\n|\n|upkeep\n|\n|t:|1700749538\n|switch|p2a: Kommo-o|Kommo-o, M|100\/100\n|turn|4\n|\n|t:|1700749544\n|-zpower|p2a: Kommo-o\n|move|p2a: Kommo-o|Clangorous Soulblaze|p1a: Coalossal|[zeffect]\n|-damage|p1a: Coalossal|49\/100\n|-boost|p2a: Kommo-o|atk|1\n|-boost|p2a: Kommo-o|def|1\n|-boost|p2a: Kommo-o|spa|1\n|-boost|p2a: Kommo-o|spd|1\n|-boost|p2a: Kommo-o|spe|1\n|move|p1a: Coalossal|Stealth Rock|p2a: Kommo-o\n|-sidestart|p2: Skorchdiver|move: Stealth Rock\n|\n|upkeep\n|turn|5\n|\n|t:|1700749559\n|move|p2a: Kommo-o|Aura Sphere|p1a: Coalossal\n|-supereffective|p1a: Coalossal\n|-damage|p1a: Coalossal|0 fnt\n|faint|p1a: Coalossal\n|\n|upkeep\n|\n|t:|1700749565\n|switch|p1a: Mantine|Mantine, M|100\/100\n|turn|6\n|\n|t:|1700749571\n|move|p2a: Kommo-o|Clanging Scales|p1a: Mantine\n|-damage|p1a: Mantine|54\/100\n|-unboost|p2a: Kommo-o|def|1\n|move|p1a: Mantine|Toxic|p2a: Kommo-o\n|-status|p2a: Kommo-o|tox\n|\n|-damage|p2a: Kommo-o|94\/100 tox|[from] psn\n|upkeep\n|turn|7\n|\n|t:|1700749580\n|move|p2a: Kommo-o|Boomburst|p1a: Mantine\n|-damage|p1a: Mantine|9\/100\n|move|p1a: Mantine|Hurricane|p2a: Kommo-o\n|-supereffective|p2a: Kommo-o\n|-damage|p2a: Kommo-o|48\/100 tox\n|\n|-damage|p2a: Kommo-o|36\/100 tox|[from] psn\n|upkeep\n|turn|8\n|\n|t:|1700749588\n|move|p2a: Kommo-o|Boomburst|p1a: Mantine\n|-damage|p1a: Mantine|0 fnt\n|faint|p1a: Mantine\n|\n|-damage|p2a: Kommo-o|17\/100 tox|[from] psn\n|upkeep\n|\n|t:|1700749594\n|switch|p1a: Flamigo|Flamigo, M|91\/100\n|turn|9\n|\n|t:|1700749600\n|move|p2a: Kommo-o|Clanging Scales|p1a: Flamigo\n|-damage|p1a: Flamigo|0 fnt\n|faint|p1a: Flamigo\n|-unboost|p2a: Kommo-o|def|1\n|\n|-damage|p2a: Kommo-o|0 fnt|[from] psn\n|faint|p2a: Kommo-o\n|upkeep\n|\n|t:|1700749610\n|switch|p1a: Cinderace|Cinderace, M|100\/100\n|switch|p2a: Escavalier|Escavalier, M|100\/100\n|-damage|p2a: Escavalier|88\/100|[from] Stealth Rock\n|turn|10\n|\n|t:|1700749619\n|move|p1a: Cinderace|Pyro Ball|p2a: Escavalier|[miss]\n|-miss|p1a: Cinderace|p2a: Escavalier\n|move|p2a: Escavalier|Close Combat|p1a: Cinderace\n|-damage|p1a: Cinderace|35\/100\n|-unboost|p2a: Escavalier|def|1\n|-unboost|p2a: Escavalier|spd|1\n|\n|-heal|p2a: Escavalier|94\/100|[from] item: Leftovers\n|upkeep\n|turn|11\n|\n|t:|1700749628\n|switch|p2a: Incineroar|Incineroar, M|100\/100\n|-ability|p2a: Incineroar|Intimidate|boost\n|-unboost|p1a: Cinderace|atk|1\n|move|p1a: Cinderace|High Jump Kick|p2a: Incineroar\n|-start|p1a: Cinderace|typechange|Fighting|[from] ability: Libero\n|-supereffective|p2a: Incineroar\n|-damage|p2a: Incineroar|25\/100\n|\n|upkeep\n|turn|12\n|\n|t:|1700749642\n|move|p2a: Incineroar|Fake Out|p1a: Cinderace\n|-damage|p1a: Cinderace|15\/100\n|cant|p1a: Cinderace|flinch\n|\n|upkeep\n|turn|13\n|\n|t:|1700749652\n|move|p2a: Incineroar|Fake Out||[still]\n|-hint|Fake Out only works on your first turn out.\n|-fail|p2a: Incineroar\n|move|p1a: Cinderace|High Jump Kick|p2a: Incineroar\n|-supereffective|p2a: Incineroar\n|-damage|p2a: Incineroar|0 fnt\n|faint|p2a: Incineroar\n|\n|upkeep\n|\n|t:|1700749656\n|switch|p2a: Escavalier|Escavalier, M|94\/100\n|-damage|p2a: Escavalier|82\/100|[from] Stealth Rock\n|turn|14\n|\n|t:|1700749663\n|-terastallize|p1a: Cinderace|Fire\n|-terastallize|p2a: Escavalier|Water\n|move|p1a: Cinderace|Pyro Ball|p2a: Escavalier\n|-resisted|p2a: Escavalier\n|-damage|p2a: Escavalier|63\/100\n|move|p2a: Escavalier|Fell Stinger|p1a: Cinderace\n|-resisted|p1a: Cinderace\n|-damage|p1a: Cinderace|0 fnt\n|faint|p1a: Cinderace\n|-boost|p2a: Escavalier|atk|3\n|\n|-heal|p2a: Escavalier|69\/100|[from] item: Leftovers\n|upkeep\n|\n|t:|1700749674\n|switch|p1a: Sudowoodo|Sudowoodo, M|100\/100\n|-status|p1a: Sudowoodo|tox\n|turn|15\n|\n|t:|1700749679\n|move|p1a: Sudowoodo|Wood Hammer|p2a: Escavalier\n|-supereffective|p2a: Escavalier\n|-damage|p2a: Escavalier|0 fnt\n|faint|p2a: Escavalier\n|\n|-damage|p1a: Sudowoodo|94\/100 tox|[from] psn\n|upkeep\n|\n|t:|1700749687\n|switch|p2a: Simisage|Simisage, M, shiny|100\/100\n|-damage|p2a: Simisage|88\/100|[from] Stealth Rock\n|turn|16\n|\n|t:|1700749694\n|move|p2a: Simisage|Knock Off|p1a: Sudowoodo\n|-damage|p1a: Sudowoodo|69\/100 tox\n|-enditem|p1a: Sudowoodo|Leftovers|[from] move: Knock Off|[of] p2a: Simisage\n|move|p1a: Sudowoodo|Head Smash|p2a: Simisage\n|-damage|p2a: Simisage|0 fnt\n|faint|p2a: Simisage\n|\n|-damage|p1a: Sudowoodo|56\/100 tox|[from] psn\n|upkeep\n|\n|t:|1700749700\n|switch|p2a: Swellow|Swellow, M, shiny|100\/100\n|-damage|p2a: Swellow|76\/100|[from] Stealth Rock\n|turn|17\n|\n|t:|1700749705\n|move|p2a: Swellow|Protect|p2a: Swellow\n|-singleturn|p2a: Swellow|Protect\n|move|p1a: Sudowoodo|Head Smash|p2a: Swellow\n|-activate|p2a: Swellow|move: Protect\n|\n|-damage|p1a: Sudowoodo|38\/100 tox|[from] psn\n|-status|p2a: Swellow|brn|[from] item: Flame Orb\n|upkeep\n|turn|18\n|\n|t:|1700749712\n|move|p2a: Swellow|Facade|p1a: Sudowoodo\n|-resisted|p1a: Sudowoodo\n|-damage|p1a: Sudowoodo|3\/100 tox\n|move|p1a: Sudowoodo|Head Smash|p2a: Swellow\n|-supereffective|p2a: Swellow\n|-damage|p2a: Swellow|0 fnt\n|faint|p2a: Swellow\n|\n|win|ShriveledMonkey\n|raw|ShriveledMonkey's rating: 1112 &rarr; <strong>1143<\/strong><br \/>(+31 for winning)\n|raw|Skorchdiver's rating: 1191 &rarr; <strong>1160<\/strong><br \/>(-31 for losing)\n|l|\u2606Skorchdiver\n","uploadtime":1700749725,"views":0,"p1id":"shriveledmonkey","p2id":"skorchdiver","formatid":"gen9nationaldex","rating":1143,"private":0,"password":""}