{"id":"gen9nationaldex-2000193611","p1":"dgosilva","p2":"viiicey","format":"[Gen 9] National Dex","log":"|html|<div class=\"broadcast-blue\"><strong>[Gen 9] National Dex is currently suspecting Sneasler! For information on how to participate check out the <a href=\"https:\/\/www.smogon.com\/forums\/threads\/sv-national-dex-suspect-8-just-dance.3731534\/\">suspect thread<\/a>.<\/strong><\/div>\n|j|\u2606dgosilva\n|j|\u2606viiicey\n|t:|1701170221\n|gametype|singles\n|player|p1|dgosilva|ash|1192\n|player|p2|viiicey|266|1222\n|teamsize|p1|6\n|teamsize|p2|6\n|gen|9\n|tier|[Gen 9] National Dex\n|rated|\n|rule|HP Percentage Mod: HP is shown in percentages\n|rule|Endless Battle Clause: Forcing endless battles is banned\n|rule|OHKO Clause: OHKO moves are banned\n|rule|Evasion Clause: Evasion abilities, items, and moves are banned\n|rule|Evasion Abilities Clause: Evasion abilities are banned\n|rule|Evasion Items Clause: Evasion items are banned\n|rule|Evasion Moves Clause: Evasion moves are banned\n|rule|Species Clause: Limit one of each Pok\u00e9mon\n|rule|Sleep Clause Mod: Limit one foe put to sleep\n|clearpoke\n|poke|p1|Venusaur, M|\n|poke|p1|Arcanine-Hisui, F|\n|poke|p1|Gengar, F|\n|poke|p1|Slowbro, F|\n|poke|p1|Snorlax, M|\n|poke|p1|Torkoal, F|\n|poke|p2|Slaking, M|\n|poke|p2|Mew|\n|poke|p2|Venusaur, M|\n|poke|p2|Cobalion|\n|poke|p2|Grafaiai, M|\n|poke|p2|Hippowdon, M|\n|teampreview\n|inactive|Battle timer is ON: inactive players will automatically lose when time's up. (requested by dgosilva)\n|\n|t:|1701170245\n|start\n|switch|p1a: Bulba Fett|Venusaur, M|100\/100\n|switch|p2a: Nakonechnyy|Venusaur, M|100\/100\n|turn|1\n|\n|t:|1701170250\n|detailschange|p1a: Bulba Fett|Venusaur-Mega, M\n|-mega|p1a: Bulba Fett|Venusaur|Venusaurite\n|detailschange|p2a: Nakonechnyy|Venusaur-Mega, M\n|-mega|p2a: Nakonechnyy|Venusaur|Venusaurite\n|move|p1a: Bulba Fett|Sludge Bomb|p2a: Nakonechnyy\n|-damage|p2a: Nakonechnyy|72\/100\n|move|p2a: Nakonechnyy|Sludge Bomb|p1a: Bulba Fett\n|-damage|p1a: Bulba Fett|68\/100\n|\n|upkeep\n|turn|2\n|\n|t:|1701170260\n|move|p1a: Bulba Fett|Sludge Bomb|p2a: Nakonechnyy\n|-damage|p2a: Nakonechnyy|41\/100\n|move|p2a: Nakonechnyy|Sludge Bomb|p1a: Bulba Fett\n|-damage|p1a: Bulba Fett|33\/100\n|\n|upkeep\n|turn|3\n|\n|t:|1701170268\n|switch|p1a: Snorlax|Snorlax, M|100\/100\n|move|p2a: Nakonechnyy|Sludge Bomb|p1a: Snorlax\n|-damage|p1a: Snorlax|81\/100\n|\n|-heal|p1a: Snorlax|88\/100|[from] item: Leftovers\n|upkeep\n|turn|4\n|\n|t:|1701170273\n|move|p2a: Nakonechnyy|Synthesis|p2a: Nakonechnyy\n|-heal|p2a: Nakonechnyy|91\/100\n|move|p1a: Snorlax|Curse|p1a: Snorlax\n|-unboost|p1a: Snorlax|spe|1\n|-boost|p1a: Snorlax|atk|1\n|-boost|p1a: Snorlax|def|1\n|\n|-heal|p1a: Snorlax|94\/100|[from] item: Leftovers\n|upkeep\n|turn|5\n|\n|t:|1701170283\n|switch|p2a: Big Z|Grafaiai, M|100\/100\n|move|p1a: Snorlax|Substitute|p1a: Snorlax\n|-start|p1a: Snorlax|Substitute\n|-damage|p1a: Snorlax|69\/100\n|\n|-heal|p1a: Snorlax|75\/100|[from] item: Leftovers\n|upkeep\n|turn|6\n|\n|t:|1701170290\n|move|p2a: Big Z|Encore|p1a: Snorlax\n|-start|p1a: Snorlax|Encore\n|move|p1a: Snorlax|Substitute|p1a: Snorlax\n|-fail|p1a: Snorlax|move: Substitute\n|\n|-heal|p1a: Snorlax|81\/100|[from] item: Leftovers\n|upkeep\n|turn|7\n|\n|t:|1701170311\n|switch|p1a: Slowbro|Slowbro, F|100\/100\n|move|p2a: Big Z|Knock Off|p1a: Slowbro\n|-supereffective|p1a: Slowbro\n|-damage|p1a: Slowbro|73\/100\n|-damage|p2a: Big Z|84\/100|[from] item: Rocky Helmet|[of] p1a: Slowbro\n|-enditem|p1a: Slowbro|Rocky Helmet|[from] move: Knock Off|[of] p2a: Big Z\n|\n|upkeep\n|turn|8\n|\n|t:|1701170336\n|move|p2a: Big Z|Parting Shot|p1a: Slowbro\n|-unboost|p1a: Slowbro|atk|1\n|-unboost|p1a: Slowbro|spa|1\n|\n|t:|1701170342\n|switch|p2a: Stoltman|Cobalion|100\/100|[from] Parting Shot\n|move|p1a: Slowbro|Future Sight|p2a: Stoltman\n|-start|p1a: Slowbro|move: Future Sight\n|\n|upkeep\n|turn|9\n|\n|t:|1701170348\n|move|p2a: Stoltman|Calm Mind|p2a: Stoltman\n|-boost|p2a: Stoltman|spa|1\n|-boost|p2a: Stoltman|spd|1\n|move|p1a: Slowbro|Trick Room|p1a: Slowbro\n|-fieldstart|move: Trick Room|[of] p1a: Slowbro\n|\n|upkeep\n|turn|10\n|\n|t:|1701170364\n|switch|p1a: Arcanine|Arcanine-Hisui, F|100\/100\n|move|p2a: Stoltman|Volt Switch|p1a: Arcanine\n|-damage|p1a: Arcanine|64\/100\n|\n|t:|1701170372\n|switch|p2a: Licis|Mew|100\/100|[from] Volt Switch\n|\n|-end|p2a: Licis|move: Future Sight\n|-resisted|p2a: Licis\n|-damage|p2a: Licis|85\/100\n|upkeep\n|turn|11\n|\n|t:|1701170384\n|move|p2a: Licis|Psychic|p1a: Arcanine\n|-damage|p1a: Arcanine|24\/100\n|move|p1a: Arcanine|Head Smash|p2a: Licis\n|-damage|p2a: Licis|20\/100\n|-damage|p1a: Arcanine|14\/100|[from] item: Life Orb\n|\n|upkeep\n|turn|12\n|\n|t:|1701170390\n|move|p1a: Arcanine|Extreme Speed|p2a: Licis\n|-damage|p2a: Licis|0 fnt\n|faint|p2a: Licis\n|-damage|p1a: Arcanine|4\/100|[from] item: Life Orb\n|\n|upkeep\n|\n|t:|1701170400\n|switch|p2a: Shaw|Hippowdon, M|100\/100\n|-weather|Sandstorm|[from] ability: Sand Stream|[of] p2a: Shaw\n|turn|13\n|\n|t:|1701170406\n|switch|p1a: Bulba Fett|Venusaur-Mega, M|33\/100\n|move|p2a: Shaw|Stealth Rock|p1a: Bulba Fett\n|-sidestart|p1: dgosilva|move: Stealth Rock\n|\n|-weather|Sandstorm|[upkeep]\n|-damage|p1a: Bulba Fett|27\/100|[from] Sandstorm\n|-fieldend|move: Trick Room\n|upkeep\n|turn|14\n|\n|t:|1701170412\n|switch|p2a: Nakonechnyy|Venusaur-Mega, M|91\/100\n|move|p1a: Bulba Fett|Giga Drain|p2a: Nakonechnyy\n|-resisted|p2a: Nakonechnyy\n|-damage|p2a: Nakonechnyy|85\/100\n|-heal|p1a: Bulba Fett|31\/100|[from] drain|[of] p2a: Nakonechnyy\n|\n|-weather|Sandstorm|[upkeep]\n|-damage|p1a: Bulba Fett|25\/100|[from] Sandstorm\n|-damage|p2a: Nakonechnyy|79\/100|[from] Sandstorm\n|upkeep\n|turn|15\n|\n|t:|1701170418\n|switch|p1a: Snorlax|Snorlax, M|81\/100\n|-damage|p1a: Snorlax|68\/100|[from] Stealth Rock\n|move|p2a: Nakonechnyy|Sludge Bomb|p1a: Snorlax\n|-damage|p1a: Snorlax|51\/100\n|\n|-weather|Sandstorm|[upkeep]\n|-damage|p2a: Nakonechnyy|73\/100|[from] Sandstorm\n|-damage|p1a: Snorlax|45\/100|[from] Sandstorm\n|-heal|p1a: Snorlax|51\/100|[from] item: Leftovers\n|upkeep\n|turn|16\n|\n|t:|1701170426\n|switch|p2a: Hafthor|Slaking, M|100\/100\n|move|p1a: Snorlax|Body Slam|p2a: Hafthor\n|-damage|p2a: Hafthor|67\/100\n|\n|-weather|Sandstorm|[upkeep]\n|-damage|p2a: Hafthor|61\/100|[from] Sandstorm\n|-damage|p1a: Snorlax|45\/100|[from] Sandstorm\n|-heal|p1a: Snorlax|51\/100|[from] item: Leftovers\n|upkeep\n|turn|17\n|\n|t:|1701170437\n|switch|p1a: Torkoal|Torkoal, F|100\/100\n|-damage|p1a: Torkoal|75\/100|[from] Stealth Rock\n|-weather|SunnyDay|[from] ability: Drought|[of] p1a: Torkoal\n|-terastallize|p2a: Hafthor|Normal\n|move|p2a: Hafthor|Return|p1a: Torkoal\n|-damage|p1a: Torkoal|8\/100\n|\n|-weather|SunnyDay|[upkeep]\n|upkeep\n|turn|18\n|\n|t:|1701170448\n|switch|p2a: Nakonechnyy|Venusaur-Mega, M|73\/100\n|move|p1a: Torkoal|Rapid Spin|p2a: Nakonechnyy\n|-damage|p2a: Nakonechnyy|65\/100\n|-boost|p1a: Torkoal|spe|1\n|-sideend|p1: dgosilva|Stealth Rock|[from] move: Rapid Spin|[of] p1a: Torkoal\n|\n|-weather|SunnyDay|[upkeep]\n|upkeep\n|turn|19\n|\n|t:|1701170454\n|switch|p1a: Snorlax|Snorlax, M|51\/100\n|move|p2a: Nakonechnyy|Sludge Bomb|p1a: Snorlax\n|-damage|p1a: Snorlax|33\/100\n|\n|-weather|SunnyDay|[upkeep]\n|-heal|p1a: Snorlax|39\/100|[from] item: Leftovers\n|upkeep\n|turn|20\n|\n|t:|1701170460\n|switch|p2a: Big Z|Grafaiai, M|84\/100\n|move|p1a: Snorlax|Body Slam|p2a: Big Z\n|-damage|p2a: Big Z|30\/100\n|\n|-weather|SunnyDay|[upkeep]\n|-heal|p1a: Snorlax|45\/100|[from] item: Leftovers\n|upkeep\n|turn|21\n|\n|t:|1701170475\n|switch|p1a: Slowbro|Slowbro, F|100\/100\n|move|p2a: Big Z|Parting Shot|p1a: Slowbro\n|-unboost|p1a: Slowbro|atk|1\n|-unboost|p1a: Slowbro|spa|1\n|\n|t:|1701170479\n|switch|p2a: Stoltman|Cobalion|100\/100|[from] Parting Shot\n|\n|-weather|SunnyDay|[upkeep]\n|upkeep\n|turn|22\n|\n|t:|1701170489\n|move|p2a: Stoltman|Calm Mind|p2a: Stoltman\n|-boost|p2a: Stoltman|spa|1\n|-boost|p2a: Stoltman|spd|1\n|move|p1a: Slowbro|Trick Room|p1a: Slowbro\n|-fieldstart|move: Trick Room|[of] p1a: Slowbro\n|\n|-weather|SunnyDay|[upkeep]\n|upkeep\n|turn|23\n|\n|t:|1701170496\n|move|p1a: Slowbro|Scald|p2a: Stoltman\n|-damage|p2a: Stoltman|92\/100\n|move|p2a: Stoltman|Calm Mind|p2a: Stoltman\n|-boost|p2a: Stoltman|spa|1\n|-boost|p2a: Stoltman|spd|1\n|\n|-weather|SunnyDay|[upkeep]\n|upkeep\n|turn|24\n|\n|t:|1701170501\n|move|p2a: Stoltman|Volt Switch|p1a: Slowbro\n|-supereffective|p1a: Slowbro\n|-damage|p1a: Slowbro|38\/100\n|\n|t:|1701170509\n|switch|p2a: Shaw|Hippowdon, M|100\/100|[from] Volt Switch\n|-weather|Sandstorm|[from] ability: Sand Stream|[of] p2a: Shaw\n|move|p1a: Slowbro|Teleport|p1a: Slowbro\n|\n|t:|1701170512\n|switch|p1a: Torkoal|Torkoal, F|8\/100|[from] Teleport\n|-weather|SunnyDay|[from] ability: Drought|[of] p1a: Torkoal\n|\n|-weather|SunnyDay|[upkeep]\n|upkeep\n|turn|25\n|\n|t:|1701170521\n|move|p1a: Torkoal|Yawn|p2a: Shaw\n|-start|p2a: Shaw|move: Yawn|[of] p1a: Torkoal\n|move|p2a: Shaw|Earthquake|p1a: Torkoal\n|-supereffective|p1a: Torkoal\n|-damage|p1a: Torkoal|0 fnt\n|faint|p1a: Torkoal\n|\n|-weather|SunnyDay|[upkeep]\n|upkeep\n|\n|t:|1701170549\n|switch|p1a: Bulba Fett|Venusaur-Mega, M|25\/100\n|turn|26\n|\n|t:|1701170552\n|switch|p2a: Nakonechnyy|Venusaur-Mega, M|65\/100\n|move|p1a: Bulba Fett|Sludge Bomb|p2a: Nakonechnyy\n|-damage|p2a: Nakonechnyy|35\/100\n|\n|-weather|SunnyDay|[upkeep]\n|-fieldend|move: Trick Room\n|upkeep\n|turn|27\n|\n|t:|1701170573\n|switch|p1a: Snorlax|Snorlax, M|45\/100\n|move|p2a: Nakonechnyy|Synthesis|p2a: Nakonechnyy\n|-heal|p2a: Nakonechnyy|100\/100\n|\n|-weather|SunnyDay|[upkeep]\n|-heal|p1a: Snorlax|51\/100|[from] item: Leftovers\n|upkeep\n|turn|28\n|\n|t:|1701170584\n|switch|p2a: Stoltman|Cobalion|92\/100\n|move|p1a: Snorlax|Curse|p1a: Snorlax\n|-unboost|p1a: Snorlax|spe|1\n|-boost|p1a: Snorlax|atk|1\n|-boost|p1a: Snorlax|def|1\n|\n|-weather|SunnyDay|[upkeep]\n|-heal|p1a: Snorlax|57\/100|[from] item: Leftovers\n|upkeep\n|turn|29\n|\n|t:|1701170591\n|-zpower|p2a: Stoltman\n|move|p2a: Stoltman|All-Out Pummeling|p1a: Snorlax|[zeffect]\n|-supereffective|p1a: Snorlax\n|-damage|p1a: Snorlax|0 fnt\n|faint|p1a: Snorlax\n|\n|-weather|SunnyDay|[upkeep]\n|upkeep\n|\n|t:|1701170609\n|switch|p1a: Bulba Fett|Venusaur-Mega, M|25\/100\n|turn|30\n|\n|t:|1701170616\n|move|p2a: Stoltman|Volt Switch|p1a: Bulba Fett\n|-resisted|p1a: Bulba Fett\n|-damage|p1a: Bulba Fett|17\/100\n|\n|t:|1701170620\n|switch|p2a: Nakonechnyy|Venusaur-Mega, M|100\/100|[from] Volt Switch\n|move|p1a: Bulba Fett|Hidden Power|p2a: Nakonechnyy\n|-supereffective|p2a: Nakonechnyy\n|-damage|p2a: Nakonechnyy|82\/100\n|\n|-weather|SunnyDay|[upkeep]\n|upkeep\n|turn|31\n|\n|t:|1701170632\n|switch|p1a: Slowbro|Slowbro, F|71\/100\n|move|p2a: Nakonechnyy|Sludge Bomb|p1a: Slowbro\n|-damage|p1a: Slowbro|36\/100\n|\n|-weather|none\n|upkeep\n|turn|32\n|\n|t:|1701170648\n|switch|p1a: Gengar|Gengar, F|100\/100\n|move|p2a: Nakonechnyy|Giga Drain|p1a: Gengar\n|-resisted|p1a: Gengar\n|-damage|p1a: Gengar|75\/100\n|-heal|p2a: Nakonechnyy|91\/100|[from] drain|[of] p1a: Gengar\n|\n|upkeep\n|turn|33\n|\n|t:|1701170662\n|move|p1a: Gengar|Shadow Ball|p2a: Nakonechnyy\n|-crit|p2a: Nakonechnyy\n|-damage|p2a: Nakonechnyy|34\/100\n|move|p2a: Nakonechnyy|Hidden Power|p1a: Gengar\n|-damage|p1a: Gengar|47\/100\n|\n|upkeep\n|turn|34\n|\n|t:|1701170669\n|move|p1a: Gengar|Shadow Ball|p2a: Nakonechnyy\n|-damage|p2a: Nakonechnyy|0 fnt\n|faint|p2a: Nakonechnyy\n|\n|upkeep\n|\n|t:|1701170677\n|switch|p2a: Stoltman|Cobalion|92\/100\n|turn|35\n|\n|t:|1701170691\n|move|p1a: Gengar|Shadow Ball|p2a: Stoltman\n|-damage|p2a: Stoltman|4\/100\n|-unboost|p2a: Stoltman|spd|1\n|move|p2a: Stoltman|Flash Cannon|p1a: Gengar\n|-damage|p1a: Gengar|0 fnt\n|faint|p1a: Gengar\n|\n|upkeep\n|\n|t:|1701170706\n|switch|p1a: Arcanine|Arcanine-Hisui, F|4\/100\n|turn|36\n|\n|t:|1701170710\n|switch|p2a: Shaw|Hippowdon, M|100\/100\n|-weather|Sandstorm|[from] ability: Sand Stream|[of] p2a: Shaw\n|move|p1a: Arcanine|Extreme Speed|p2a: Shaw\n|-damage|p2a: Shaw|81\/100\n|-damage|p1a: Arcanine|0 fnt|[from] item: Life Orb\n|faint|p1a: Arcanine\n|\n|-weather|Sandstorm|[upkeep]\n|-heal|p2a: Shaw|87\/100|[from] item: Leftovers\n|upkeep\n|\n|t:|1701170712\n|switch|p1a: Bulba Fett|Venusaur-Mega, M|17\/100\n|turn|37\n|\n|t:|1701170725\n|switch|p2a: Hafthor|Slaking, M, tera:Normal|61\/100\n|move|p1a: Bulba Fett|Giga Drain|p2a: Hafthor\n|-damage|p2a: Hafthor|17\/100\n|-heal|p1a: Bulba Fett|50\/100|[from] drain|[of] p2a: Hafthor\n|\n|-weather|Sandstorm|[upkeep]\n|-damage|p2a: Hafthor|10\/100|[from] Sandstorm\n|-damage|p1a: Bulba Fett|44\/100|[from] Sandstorm\n|upkeep\n|turn|38\n|\n|t:|1701170730\n|switch|p1a: Slowbro|Slowbro, F|69\/100\n|move|p2a: Hafthor|Return|p1a: Slowbro\n|-damage|p1a: Slowbro|0 fnt\n|faint|p1a: Slowbro\n|\n|-weather|Sandstorm|[upkeep]\n|-damage|p2a: Hafthor|4\/100|[from] Sandstorm\n|upkeep\n|\n|t:|1701170735\n|switch|p1a: Bulba Fett|Venusaur-Mega, M|44\/100\n|turn|39\n|\n|t:|1701170739\n|switch|p2a: Big Z|Grafaiai, M|30\/100\n|move|p1a: Bulba Fett|Giga Drain|p2a: Big Z\n|-resisted|p2a: Big Z\n|-damage|p2a: Big Z|0 fnt\n|-heal|p1a: Bulba Fett|60\/100|[from] drain|[of] p2a: Big Z\n|faint|p2a: Big Z\n|\n|-weather|Sandstorm|[upkeep]\n|-damage|p1a: Bulba Fett|54\/100|[from] Sandstorm\n|upkeep\n|\n|t:|1701170743\n|switch|p2a: Hafthor|Slaking, M, tera:Normal|4\/100\n|turn|40\n|\n|t:|1701170747\n|move|p2a: Hafthor|Return|p1a: Bulba Fett\n|-damage|p1a: Bulba Fett|0 fnt\n|faint|p1a: Bulba Fett\n|\n|win|viiicey\n|raw|dgosilva's rating: 1192 &rarr; <strong>1169<\/strong><br \/>(-23 for losing)\n|raw|viiicey's rating: 1222 &rarr; <strong>1245<\/strong><br \/>(+23 for winning)\n|l|\u2606dgosilva\n","uploadtime":1701170755,"views":10,"p1id":"dgosilva","p2id":"viiicey","formatid":"gen9nationaldex","rating":1169,"private":0,"password":""}