{"id":"gen9nationaldex-1999373645","p1":"yanami-test","p2":"nncc\u6781\u5149","format":"[Gen 9] National Dex","log":"|html|<div class=\"broadcast-blue\"><strong>[Gen 9] National Dex is currently suspecting Sneasler! For information on how to participate check out the <a href=\"https:\/\/www.smogon.com\/forums\/threads\/sv-national-dex-suspect-8-just-dance.3731534\/\">suspect thread<\/a>.<\/strong><\/div>\n|j|\u2606yanami-test\n|j|\u2606nncc\u6781\u5149\n|t:|1701069165\n|gametype|singles\n|player|p1|yanami-test|dawn-masters3|1512\n|player|p2|nncc\u6781\u5149|benga|1776\n|teamsize|p1|6\n|teamsize|p2|6\n|gen|9\n|tier|[Gen 9] National Dex\n|rated|\n|rule|HP Percentage Mod: HP is shown in percentages\n|rule|Endless Battle Clause: Forcing endless battles is banned\n|rule|OHKO Clause: OHKO moves are banned\n|rule|Evasion Clause: Evasion abilities, items, and moves are banned\n|rule|Evasion Abilities Clause: Evasion abilities are banned\n|rule|Evasion Items Clause: Evasion items are banned\n|rule|Evasion Moves Clause: Evasion moves are banned\n|rule|Species Clause: Limit one of each Pok\u00e9mon\n|rule|Sleep Clause Mod: Limit one foe put to sleep\n|clearpoke\n|poke|p1|Tapu Koko|\n|poke|p1|Ditto|\n|poke|p1|Great Tusk|\n|poke|p1|Heatran, F|\n|poke|p1|Dragonite, F|\n|poke|p1|Sinistcha-Masterpiece|\n|poke|p2|Alomomola, F|\n|poke|p2|Muk-Alola, F|\n|poke|p2|Skeledirge, M|\n|poke|p2|Mew|\n|poke|p2|Rillaboom, M|\n|poke|p2|Iron Treads|\n|teampreview\n|\n|t:|1701069177\n|start\n|switch|p1a: \u4e16\u754c\u548c\u5e73\u5168\u9760\u4f60|Great Tusk|100\/100\n|switch|p2a: Rillaboom|Rillaboom, M|100\/100\n|-fieldstart|move: Grassy Terrain|[from] ability: Grassy Surge|[of] p2a: Rillaboom\n|turn|1\n|\n|t:|1701069189\n|move|p2a: Rillaboom|Knock Off|p1a: \u4e16\u754c\u548c\u5e73\u5168\u9760\u4f60\n|-resisted|p1a: \u4e16\u754c\u548c\u5e73\u5168\u9760\u4f60\n|-damage|p1a: \u4e16\u754c\u548c\u5e73\u5168\u9760\u4f60|83\/100\n|-enditem|p1a: \u4e16\u754c\u548c\u5e73\u5168\u9760\u4f60|Leftovers|[from] move: Knock Off|[of] p2a: Rillaboom\n|move|p1a: \u4e16\u754c\u548c\u5e73\u5168\u9760\u4f60|Stealth Rock|p2a: Rillaboom\n|-sidestart|p2: nncc\u6781\u5149|move: Stealth Rock\n|\n|-heal|p1a: \u4e16\u754c\u548c\u5e73\u5168\u9760\u4f60|89\/100|[from] Grassy Terrain\n|upkeep\n|turn|2\n|\n|t:|1701069203\n|switch|p2a: Alomomola|Alomomola, F|100\/100\n|-damage|p2a: Alomomola|88\/100|[from] Stealth Rock\n|-end|p1a: \u4e16\u754c\u548c\u5e73\u5168\u9760\u4f60|Protosynthesis|[silent]\n|switch|p1a: \u7279\u6027\uff1a\u80dc\u5229\u4e4b\u661f|Heatran, F|100\/100\n|\n|-heal|p2a: Alomomola|94\/100|[from] Grassy Terrain\n|upkeep\n|turn|3\n|\n|t:|1701069208\n|move|p2a: Alomomola|Protect|p2a: Alomomola\n|-singleturn|p2a: Alomomola|Protect\n|move|p1a: \u7279\u6027\uff1a\u80dc\u5229\u4e4b\u661f|Toxic|p2a: Alomomola\n|-activate|p2a: Alomomola|move: Protect\n|\n|-heal|p2a: Alomomola|100\/100|[from] Grassy Terrain\n|upkeep\n|turn|4\n|\n|t:|1701069213\n|move|p1a: \u7279\u6027\uff1a\u80dc\u5229\u4e4b\u661f|Earth Power|p2a: Alomomola\n|-damage|p2a: Alomomola|78\/100\n|move|p2a: Alomomola|Flip Turn|p1a: \u7279\u6027\uff1a\u80dc\u5229\u4e4b\u661f\n|-supereffective|p1a: \u7279\u6027\uff1a\u80dc\u5229\u4e4b\u661f\n|-damage|p1a: \u7279\u6027\uff1a\u80dc\u5229\u4e4b\u661f|72\/100\n|\n|t:|1701069220\n|switch|p2a: Muk|Muk-Alola, F|100\/100|[from] Flip Turn\n|-damage|p2a: Muk|88\/100|[from] Stealth Rock\n|\n|-heal|p1a: \u7279\u6027\uff1a\u80dc\u5229\u4e4b\u661f|78\/100|[from] Grassy Terrain\n|-heal|p1a: \u7279\u6027\uff1a\u80dc\u5229\u4e4b\u661f|84\/100|[from] item: Leftovers\n|-heal|p2a: Muk|94\/100|[from] Grassy Terrain\n|upkeep\n|turn|5\n|\n|t:|1701069225\n|move|p1a: \u7279\u6027\uff1a\u80dc\u5229\u4e4b\u661f|Earth Power|p2a: Muk\n|-supereffective|p2a: Muk\n|-damage|p2a: Muk|67\/100\n|move|p2a: Muk|Knock Off|p1a: \u7279\u6027\uff1a\u80dc\u5229\u4e4b\u661f\n|-crit|p1a: \u7279\u6027\uff1a\u80dc\u5229\u4e4b\u661f\n|-damage|p1a: \u7279\u6027\uff1a\u80dc\u5229\u4e4b\u661f|27\/100\n|-enditem|p1a: \u7279\u6027\uff1a\u80dc\u5229\u4e4b\u661f|Leftovers|[from] move: Knock Off|[of] p2a: Muk\n|\n|-heal|p1a: \u7279\u6027\uff1a\u80dc\u5229\u4e4b\u661f|33\/100|[from] Grassy Terrain\n|-heal|p2a: Muk|73\/100|[from] Grassy Terrain\n|-fieldend|move: Grassy Terrain\n|upkeep\n|turn|6\n|\n|t:|1701069232\n|move|p1a: \u7279\u6027\uff1a\u80dc\u5229\u4e4b\u661f|Protect|p1a: \u7279\u6027\uff1a\u80dc\u5229\u4e4b\u661f\n|-singleturn|p1a: \u7279\u6027\uff1a\u80dc\u5229\u4e4b\u661f|Protect\n|move|p2a: Muk|Pursuit|p1a: \u7279\u6027\uff1a\u80dc\u5229\u4e4b\u661f\n|-activate|p1a: \u7279\u6027\uff1a\u80dc\u5229\u4e4b\u661f|move: Protect\n|\n|upkeep\n|turn|7\n|\n|t:|1701069239\n|move|p1a: \u7279\u6027\uff1a\u80dc\u5229\u4e4b\u661f|Earth Power|p2a: Muk\n|-supereffective|p2a: Muk\n|-damage|p2a: Muk|49\/100\n|move|p2a: Muk|Knock Off|p1a: \u7279\u6027\uff1a\u80dc\u5229\u4e4b\u661f\n|-damage|p1a: \u7279\u6027\uff1a\u80dc\u5229\u4e4b\u661f|8\/100\n|\n|upkeep\n|turn|8\n|\n|t:|1701069246\n|move|p1a: \u7279\u6027\uff1a\u80dc\u5229\u4e4b\u661f|Protect|p1a: \u7279\u6027\uff1a\u80dc\u5229\u4e4b\u661f\n|-singleturn|p1a: \u7279\u6027\uff1a\u80dc\u5229\u4e4b\u661f|Protect\n|move|p2a: Muk|Pursuit|p1a: \u7279\u6027\uff1a\u80dc\u5229\u4e4b\u661f\n|-activate|p1a: \u7279\u6027\uff1a\u80dc\u5229\u4e4b\u661f|move: Protect\n|\n|upkeep\n|turn|9\n|\n|t:|1701069253\n|switch|p2a: Alomomola|Alomomola, F|100\/100\n|-damage|p2a: Alomomola|88\/100|[from] Stealth Rock\n|move|p1a: \u7279\u6027\uff1a\u80dc\u5229\u4e4b\u661f|Earth Power|p2a: Alomomola\n|-damage|p2a: Alomomola|69\/100\n|\n|upkeep\n|turn|10\n|\n|t:|1701069258\n|move|p1a: \u7279\u6027\uff1a\u80dc\u5229\u4e4b\u661f|Protect|p1a: \u7279\u6027\uff1a\u80dc\u5229\u4e4b\u661f\n|-singleturn|p1a: \u7279\u6027\uff1a\u80dc\u5229\u4e4b\u661f|Protect\n|move|p2a: Alomomola|Wish|p2a: Alomomola\n|\n|upkeep\n|turn|11\n|\n|t:|1701069261\n|switch|p2a: Muk|Muk-Alola, F|49\/100\n|-damage|p2a: Muk|36\/100|[from] Stealth Rock\n|move|p1a: \u7279\u6027\uff1a\u80dc\u5229\u4e4b\u661f|Toxic|p2a: Muk\n|-immune|p2a: Muk\n|\n|-heal|p2a: Muk|100\/100|[from] move: Wish|[wisher] Alomomola\n|upkeep\n|turn|12\n|c|\u2606yanami-test|\u54c7\n|\n|t:|1701069272\n|-activate|p1a: \u7279\u6027\uff1a\u80dc\u5229\u4e4b\u661f|move: Pursuit\n|move|p2a: Muk|Pursuit|p1a: \u7279\u6027\uff1a\u80dc\u5229\u4e4b\u661f|[from]Pursuit\n|-damage|p1a: \u7279\u6027\uff1a\u80dc\u5229\u4e4b\u661f|0 fnt\n|faint|p1a: \u7279\u6027\uff1a\u80dc\u5229\u4e4b\u661f\n|-hint|A Pokemon can't switch between when it runs out of HP and when it faints\n|\n|upkeep\n|\n|t:|1701069275\n|switch|p1a: \u4e16\u754c\u548c\u5e73\u5168\u9760\u4f60|Great Tusk|89\/100\n|turn|13\n|\n|t:|1701069278\n|switch|p2a: Alomomola|Alomomola, F|100\/100\n|-damage|p2a: Alomomola|88\/100|[from] Stealth Rock\n|move|p1a: \u4e16\u754c\u548c\u5e73\u5168\u9760\u4f60|Earthquake|p2a: Alomomola\n|-crit|p2a: Alomomola\n|-damage|p2a: Alomomola|32\/100\n|\n|upkeep\n|turn|14\n|\n|t:|1701069283\n|switch|p2a: Rillaboom|Rillaboom, M|100\/100\n|-damage|p2a: Rillaboom|88\/100|[from] Stealth Rock\n|-fieldstart|move: Grassy Terrain|[from] ability: Grassy Surge|[of] p2a: Rillaboom\n|move|p1a: \u4e16\u754c\u548c\u5e73\u5168\u9760\u4f60|Earthquake|p2a: Rillaboom\n|-resisted|p2a: Rillaboom\n|-damage|p2a: Rillaboom|75\/100\n|\n|-heal|p2a: Rillaboom|82\/100|[from] Grassy Terrain\n|-heal|p1a: \u4e16\u754c\u548c\u5e73\u5168\u9760\u4f60|96\/100|[from] Grassy Terrain\n|upkeep\n|turn|15\n|j| hainiumm\n|\n|t:|1701069294\n|-end|p1a: \u4e16\u754c\u548c\u5e73\u5168\u9760\u4f60|Protosynthesis|[silent]\n|switch|p1a: \u901f\u5ea6\u523b\u5728\u540d\u5b57\u91cc|Dragonite, F|100\/100\n|move|p2a: Rillaboom|U-turn|p1a: \u901f\u5ea6\u523b\u5728\u540d\u5b57\u91cc\n|-resisted|p1a: \u901f\u5ea6\u523b\u5728\u540d\u5b57\u91cc\n|-damage|p1a: \u901f\u5ea6\u523b\u5728\u540d\u5b57\u91cc|91\/100\n|\n|t:|1701069297\n|switch|p2a: Iron Treads|Iron Treads|100\/100|[from] U-turn\n|-damage|p2a: Iron Treads|97\/100|[from] Stealth Rock\n|\n|-heal|p2a: Iron Treads|100\/100|[from] Grassy Terrain\n|upkeep\n|turn|16\n|\n|t:|1701069302\n|switch|p1a: \u653e\u4e0b\u6b66\u529b\u5750\u4e0b\u559d\u8336|Sinistcha-Masterpiece|100\/100\n|-zpower|p2a: Iron Treads\n|move|p2a: Iron Treads|Subzero Slammer|p1a: \u653e\u4e0b\u6b66\u529b\u5750\u4e0b\u559d\u8336|[zeffect]\n|-supereffective|p1a: \u653e\u4e0b\u6b66\u529b\u5750\u4e0b\u559d\u8336\n|-damage|p1a: \u653e\u4e0b\u6b66\u529b\u5750\u4e0b\u559d\u8336|36\/100\n|\n|-heal|p1a: \u653e\u4e0b\u6b66\u529b\u5750\u4e0b\u559d\u8336|42\/100|[from] Grassy Terrain\n|-heal|p1a: \u653e\u4e0b\u6b66\u529b\u5750\u4e0b\u559d\u8336|48\/100|[from] item: Leftovers\n|upkeep\n|turn|17\n|\n|t:|1701069308\n|move|p2a: Iron Treads|Stealth Rock|p1a: \u653e\u4e0b\u6b66\u529b\u5750\u4e0b\u559d\u8336\n|-sidestart|p1: yanami-test|move: Stealth Rock\n|move|p1a: \u653e\u4e0b\u6b66\u529b\u5750\u4e0b\u559d\u8336|Strength Sap|p2a: Iron Treads\n|-unboost|p2a: Iron Treads|atk|1\n|-heal|p1a: \u653e\u4e0b\u6b66\u529b\u5750\u4e0b\u559d\u8336|100\/100\n|\n|upkeep\n|turn|18\n|\n|t:|1701069316\n|-end|p2a: Iron Treads|Quark Drive|[silent]\n|switch|p2a: Muk|Muk-Alola, F|100\/100\n|-damage|p2a: Muk|88\/100|[from] Stealth Rock\n|move|p1a: \u653e\u4e0b\u6b66\u529b\u5750\u4e0b\u559d\u8336|Shadow Ball|p2a: Muk\n|-resisted|p2a: Muk\n|-damage|p2a: Muk|80\/100\n|\n|-heal|p2a: Muk|86\/100|[from] Grassy Terrain\n|-fieldend|move: Grassy Terrain\n|upkeep\n|turn|19\n|\n|t:|1701069322\n|move|p1a: \u653e\u4e0b\u6b66\u529b\u5750\u4e0b\u559d\u8336|Strength Sap|p2a: Muk\n|-unboost|p2a: Muk|atk|1\n|move|p2a: Muk|Pursuit|p1a: \u653e\u4e0b\u6b66\u529b\u5750\u4e0b\u559d\u8336\n|-supereffective|p1a: \u653e\u4e0b\u6b66\u529b\u5750\u4e0b\u559d\u8336\n|-damage|p1a: \u653e\u4e0b\u6b66\u529b\u5750\u4e0b\u559d\u8336|81\/100\n|-status|p1a: \u653e\u4e0b\u6b66\u529b\u5750\u4e0b\u559d\u8336|psn|[from] ability: Poison Touch|[of] p2a: Muk\n|\n|-heal|p1a: \u653e\u4e0b\u6b66\u529b\u5750\u4e0b\u559d\u8336|87\/100 psn|[from] item: Leftovers\n|-damage|p1a: \u653e\u4e0b\u6b66\u529b\u5750\u4e0b\u559d\u8336|74\/100 psn|[from] psn\n|upkeep\n|turn|20\n|\n|t:|1701069327\n|move|p1a: \u653e\u4e0b\u6b66\u529b\u5750\u4e0b\u559d\u8336|Matcha Gotcha|p2a: Muk\n|-resisted|p2a: Muk\n|-damage|p2a: Muk|77\/100\n|-heal|p1a: \u653e\u4e0b\u6b66\u529b\u5750\u4e0b\u559d\u8336|79\/100 psn|[from] drain|[of] p2a: Muk\n|move|p2a: Muk|Knock Off|p1a: \u653e\u4e0b\u6b66\u529b\u5750\u4e0b\u559d\u8336\n|-supereffective|p1a: \u653e\u4e0b\u6b66\u529b\u5750\u4e0b\u559d\u8336\n|-crit|p1a: \u653e\u4e0b\u6b66\u529b\u5750\u4e0b\u559d\u8336\n|-damage|p1a: \u653e\u4e0b\u6b66\u529b\u5750\u4e0b\u559d\u8336|0 fnt\n|-enditem|p1a: \u653e\u4e0b\u6b66\u529b\u5750\u4e0b\u559d\u8336|Leftovers|[from] move: Knock Off|[of] p2a: Muk\n|faint|p1a: \u653e\u4e0b\u6b66\u529b\u5750\u4e0b\u559d\u8336\n|\n|upkeep\n|\n|t:|1701069334\n|switch|p1a: \u4e16\u754c\u548c\u5e73\u5168\u9760\u4f60|Great Tusk|96\/100\n|-damage|p1a: \u4e16\u754c\u548c\u5e73\u5168\u9760\u4f60|93\/100|[from] Stealth Rock\n|turn|21\n|\n|t:|1701069339\n|switch|p2a: Alomomola|Alomomola, F|66\/100\n|-damage|p2a: Alomomola|53\/100|[from] Stealth Rock\n|move|p1a: \u4e16\u754c\u548c\u5e73\u5168\u9760\u4f60|Rapid Spin|p2a: Alomomola\n|-damage|p2a: Alomomola|40\/100\n|-boost|p1a: \u4e16\u754c\u548c\u5e73\u5168\u9760\u4f60|spe|1\n|-damage|p1a: \u4e16\u754c\u548c\u5e73\u5168\u9760\u4f60|76\/100|[from] item: Rocky Helmet|[of] p2a: Alomomola\n|-sideend|p1: yanami-test|Stealth Rock|[from] move: Rapid Spin|[of] p1a: \u4e16\u754c\u548c\u5e73\u5168\u9760\u4f60\n|\n|upkeep\n|turn|22\n|\n|t:|1701069341\n|move|p1a: \u4e16\u754c\u548c\u5e73\u5168\u9760\u4f60|Earthquake|p2a: Alomomola\n|-damage|p2a: Alomomola|2\/100\n|move|p2a: Alomomola|Wish|p2a: Alomomola\n|\n|upkeep\n|turn|23\n|\n|t:|1701069344\n|move|p2a: Alomomola|Protect|p2a: Alomomola\n|-singleturn|p2a: Alomomola|Protect\n|move|p1a: \u4e16\u754c\u548c\u5e73\u5168\u9760\u4f60|Earthquake|p2a: Alomomola\n|-activate|p2a: Alomomola|move: Protect\n|\n|-heal|p2a: Alomomola|52\/100|[from] move: Wish|[wisher] Alomomola\n|upkeep\n|turn|24\n|\n|t:|1701069347\n|-end|p1a: \u4e16\u754c\u548c\u5e73\u5168\u9760\u4f60|Protosynthesis|[silent]\n|switch|p1a: \u901f\u5ea6\u5728\u4f60\u4e4b\u4e0a|Tapu Koko|100\/100\n|-fieldstart|move: Electric Terrain|[from] ability: Electric Surge|[of] p1a: \u901f\u5ea6\u5728\u4f60\u4e4b\u4e0a\n|move|p2a: Alomomola|Wish|p2a: Alomomola\n|\n|upkeep\n|turn|25\n|\n|t:|1701069352\n|switch|p2a: Muk|Muk-Alola, F|77\/100\n|-damage|p2a: Muk|65\/100|[from] Stealth Rock\n|move|p1a: \u901f\u5ea6\u5728\u4f60\u4e4b\u4e0a|Thunderbolt|p2a: Muk\n|-damage|p2a: Muk|40\/100\n|-status|p2a: Muk|par\n|\n|-heal|p2a: Muk|100\/100 par|[from] move: Wish|[wisher] Alomomola\n|upkeep\n|turn|26\n|\n|t:|1701069355\n|move|p1a: \u901f\u5ea6\u5728\u4f60\u4e4b\u4e0a|Volt Switch|p2a: Muk\n|-crit|p2a: Muk\n|-damage|p2a: Muk|72\/100 par\n|-activate|p1a: \u901f\u5ea6\u5728\u4f60\u4e4b\u4e0a|move: Pursuit\n|move|p2a: Muk|Pursuit|p1a: \u901f\u5ea6\u5728\u4f60\u4e4b\u4e0a|[from]Pursuit\n|-resisted|p1a: \u901f\u5ea6\u5728\u4f60\u4e4b\u4e0a\n|-damage|p1a: \u901f\u5ea6\u5728\u4f60\u4e4b\u4e0a|71\/100\n|\n|t:|1701069362\n|switch|p1a: \u4e16\u754c\u548c\u5e73\u5168\u9760\u4f60|Great Tusk|76\/100|[from] Volt Switch\n|\n|upkeep\n|turn|27\n|\n|t:|1701069366\n|switch|p2a: Alomomola|Alomomola, F|86\/100\n|-damage|p2a: Alomomola|73\/100|[from] Stealth Rock\n|move|p1a: \u4e16\u754c\u548c\u5e73\u5168\u9760\u4f60|Earthquake|p2a: Alomomola\n|-damage|p2a: Alomomola|39\/100\n|\n|upkeep\n|turn|28\n|\n|t:|1701069369\n|move|p1a: \u4e16\u754c\u548c\u5e73\u5168\u9760\u4f60|Earthquake|p2a: Alomomola\n|-crit|p2a: Alomomola\n|-damage|p2a: Alomomola|0 fnt\n|faint|p2a: Alomomola\n|\n|-fieldend|move: Electric Terrain\n|upkeep\n|\n|t:|1701069376\n|switch|p2a: Rillaboom|Rillaboom, M|82\/100\n|-damage|p2a: Rillaboom|69\/100|[from] Stealth Rock\n|-fieldstart|move: Grassy Terrain|[from] ability: Grassy Surge|[of] p2a: Rillaboom\n|turn|29\n|c|\u2606yanami-test|\u518d\u6b21\u89c1\u8bc6\u5230\u4f60\u8fd9\u4e2a\u8f74\n|\n|t:|1701069392\n|-end|p1a: \u4e16\u754c\u548c\u5e73\u5168\u9760\u4f60|Protosynthesis|[silent]\n|switch|p1a: \u901f\u5ea6\u523b\u5728\u540d\u5b57\u91cc|Dragonite, F|91\/100\n|move|p2a: Rillaboom|U-turn|p1a: \u901f\u5ea6\u523b\u5728\u540d\u5b57\u91cc\n|-resisted|p1a: \u901f\u5ea6\u523b\u5728\u540d\u5b57\u91cc\n|-damage|p1a: \u901f\u5ea6\u523b\u5728\u540d\u5b57\u91cc|72\/100\n|\n|t:|1701069395\n|switch|p2a: Iron Treads|Iron Treads|100\/100|[from] U-turn\n|-damage|p2a: Iron Treads|97\/100|[from] Stealth Rock\n|\n|-heal|p2a: Iron Treads|100\/100|[from] Grassy Terrain\n|upkeep\n|turn|30\n|c|\u2606yanami-test|\u4e0a\u6b21\u6284\u4e86\u4e00\u4e0b\u5404\u79cd\u8fde\u8d25\n|\n|t:|1701069409\n|move|p2a: Iron Treads|Rapid Spin|p1a: \u901f\u5ea6\u523b\u5728\u540d\u5b57\u91cc\n|-damage|p1a: \u901f\u5ea6\u523b\u5728\u540d\u5b57\u91cc|59\/100\n|-boost|p2a: Iron Treads|spe|1\n|-sideend|p2: nncc\u6781\u5149|Stealth Rock|[from] move: Rapid Spin|[of] p2a: Iron Treads\n|move|p1a: \u901f\u5ea6\u523b\u5728\u540d\u5b57\u91cc|Earthquake|p2a: Iron Treads\n|-supereffective|p2a: Iron Treads\n|-damage|p2a: Iron Treads|66\/100\n|\n|-heal|p2a: Iron Treads|72\/100|[from] Grassy Terrain\n|upkeep\n|turn|31\n|\n|t:|1701069416\n|move|p2a: Iron Treads|Ice Spinner|p1a: \u901f\u5ea6\u523b\u5728\u540d\u5b57\u91cc\n|-supereffective|p1a: \u901f\u5ea6\u523b\u5728\u540d\u5b57\u91cc\n|-damage|p1a: \u901f\u5ea6\u523b\u5728\u540d\u5b57\u91cc|0 fnt\n|-fieldend|move: Grassy Terrain\n|faint|p1a: \u901f\u5ea6\u523b\u5728\u540d\u5b57\u91cc\n|\n|upkeep\n|inactive|Battle timer is ON: inactive players will automatically lose when time's up. (requested by yanami-test)\n|\n|t:|1701069419\n|switch|p1a: \u4e16\u754c\u548c\u5e73\u5168\u9760\u4f60|Great Tusk|76\/100\n|turn|32\n|\n|t:|1701069424\n|-end|p2a: Iron Treads|Quark Drive|[silent]\n|switch|p2a: Rillaboom|Rillaboom, M|69\/100\n|-fieldstart|move: Grassy Terrain|[from] ability: Grassy Surge|[of] p2a: Rillaboom\n|move|p1a: \u4e16\u754c\u548c\u5e73\u5168\u9760\u4f60|Earthquake|p2a: Rillaboom\n|-resisted|p2a: Rillaboom\n|-damage|p2a: Rillaboom|55\/100\n|\n|-heal|p2a: Rillaboom|61\/100|[from] Grassy Terrain\n|-heal|p1a: \u4e16\u754c\u548c\u5e73\u5168\u9760\u4f60|82\/100|[from] Grassy Terrain\n|upkeep\n|turn|33\n|\n|t:|1701069428\n|move|p2a: Rillaboom|Grassy Glide|p1a: \u4e16\u754c\u548c\u5e73\u5168\u9760\u4f60\n|-supereffective|p1a: \u4e16\u754c\u548c\u5e73\u5168\u9760\u4f60\n|-damage|p1a: \u4e16\u754c\u548c\u5e73\u5168\u9760\u4f60|8\/100\n|move|p1a: \u4e16\u754c\u548c\u5e73\u5168\u9760\u4f60|Ice Spinner|p2a: Rillaboom\n|-supereffective|p2a: Rillaboom\n|-damage|p2a: Rillaboom|0 fnt\n|-fieldend|move: Grassy Terrain\n|faint|p2a: Rillaboom\n|\n|upkeep\n|\n|t:|1701069433\n|switch|p2a: Mew|Mew|100\/100\n|turn|34\n|\n|t:|1701069437\n|-end|p1a: \u4e16\u754c\u548c\u5e73\u5168\u9760\u4f60|Protosynthesis|[silent]\n|switch|p1a: \u901f\u5ea6\u5728\u4f60\u4e4b\u4e0a|Tapu Koko|71\/100\n|-fieldstart|move: Electric Terrain|[from] ability: Electric Surge|[of] p1a: \u901f\u5ea6\u5728\u4f60\u4e4b\u4e0a\n|move|p2a: Mew|Cosmic Power|p2a: Mew\n|-boost|p2a: Mew|def|1\n|-boost|p2a: Mew|spd|1\n|\n|upkeep\n|turn|35\n|\n|t:|1701069440\n|-zpower|p1a: \u901f\u5ea6\u5728\u4f60\u4e4b\u4e0a\n|move|p1a: \u901f\u5ea6\u5728\u4f60\u4e4b\u4e0a|Gigavolt Havoc|p2a: Mew|[zeffect]\n|-damage|p2a: Mew|50\/100\n|move|p2a: Mew|Cosmic Power|p2a: Mew\n|-boost|p2a: Mew|def|1\n|-boost|p2a: Mew|spd|1\n|\n|upkeep\n|turn|36\n|\n|t:|1701069442\n|move|p1a: \u901f\u5ea6\u5728\u4f60\u4e4b\u4e0a|Volt Switch|p2a: Mew\n|-damage|p2a: Mew|35\/100\n|\n|t:|1701069444\n|switch|p1a: \u4ee5\u5f7c\u4e4b\u9053\u8fd8\u65bd\u5f7c\u8eab|Ditto|100\/100|[from] Volt Switch\n|-transform|p1a: \u4ee5\u5f7c\u4e4b\u9053\u8fd8\u65bd\u5f7c\u8eab|p2a: Mew|[from] ability: Imposter\n|move|p2a: Mew|Roost|p2a: Mew\n|-heal|p2a: Mew|85\/100\n|-singleturn|p2a: Mew|move: Roost\n|\n|upkeep\n|turn|37\n|\n|t:|1701069447\n|move|p1a: \u4ee5\u5f7c\u4e4b\u9053\u8fd8\u65bd\u5f7c\u8eab|Stored Power|p2a: Mew\n|-resisted|p2a: Mew\n|-damage|p2a: Mew|77\/100\n|move|p2a: Mew|Cosmic Power|p2a: Mew\n|-boost|p2a: Mew|def|1\n|-boost|p2a: Mew|spd|1\n|\n|upkeep\n|turn|38\n|\n|t:|1701069451\n|move|p1a: \u4ee5\u5f7c\u4e4b\u9053\u8fd8\u65bd\u5f7c\u8eab|Stored Power|p2a: Mew\n|-resisted|p2a: Mew\n|-damage|p2a: Mew|71\/100\n|move|p2a: Mew|Cosmic Power|p2a: Mew\n|-boost|p2a: Mew|def|1\n|-boost|p2a: Mew|spd|1\n|\n|-fieldend|move: Electric Terrain\n|upkeep\n|turn|39\n|\n|t:|1701069453\n|move|p1a: \u4ee5\u5f7c\u4e4b\u9053\u8fd8\u65bd\u5f7c\u8eab|Stored Power|p2a: Mew\n|-resisted|p2a: Mew\n|-damage|p2a: Mew|66\/100\n|move|p2a: Mew|Stored Power|p1a: \u4ee5\u5f7c\u4e4b\u9053\u8fd8\u65bd\u5f7c\u8eab\n|-resisted|p1a: \u4ee5\u5f7c\u4e4b\u9053\u8fd8\u65bd\u5f7c\u8eab\n|-damage|p1a: \u4ee5\u5f7c\u4e4b\u9053\u8fd8\u65bd\u5f7c\u8eab|84\/100\n|\n|upkeep\n|turn|40\n|\n|t:|1701069458\n|move|p1a: \u4ee5\u5f7c\u4e4b\u9053\u8fd8\u65bd\u5f7c\u8eab|Stored Power|p2a: Mew\n|-resisted|p2a: Mew\n|-damage|p2a: Mew|61\/100\n|move|p2a: Mew|Stored Power|p1a: \u4ee5\u5f7c\u4e4b\u9053\u8fd8\u65bd\u5f7c\u8eab\n|-resisted|p1a: \u4ee5\u5f7c\u4e4b\u9053\u8fd8\u65bd\u5f7c\u8eab\n|-damage|p1a: \u4ee5\u5f7c\u4e4b\u9053\u8fd8\u65bd\u5f7c\u8eab|66\/100\n|\n|upkeep\n|turn|41\n|\n|t:|1701069461\n|move|p1a: \u4ee5\u5f7c\u4e4b\u9053\u8fd8\u65bd\u5f7c\u8eab|Stored Power|p2a: Mew\n|-resisted|p2a: Mew\n|-damage|p2a: Mew|55\/100\n|move|p2a: Mew|Roost|p2a: Mew\n|-heal|p2a: Mew|100\/100\n|-singleturn|p2a: Mew|move: Roost\n|\n|upkeep\n|turn|42\n|\n|t:|1701069464\n|switch|p1a: \u4e16\u754c\u548c\u5e73\u5168\u9760\u4f60|Great Tusk|8\/100\n|move|p2a: Mew|Stored Power|p1a: \u4e16\u754c\u548c\u5e73\u5168\u9760\u4f60\n|-supereffective|p1a: \u4e16\u754c\u548c\u5e73\u5168\u9760\u4f60\n|-damage|p1a: \u4e16\u754c\u548c\u5e73\u5168\u9760\u4f60|0 fnt\n|faint|p1a: \u4e16\u754c\u548c\u5e73\u5168\u9760\u4f60\n|-end|p1a: \u4e16\u754c\u548c\u5e73\u5168\u9760\u4f60|Protosynthesis|[silent]\n|\n|upkeep\n|\n|t:|1701069466\n|switch|p1a: \u4ee5\u5f7c\u4e4b\u9053\u8fd8\u65bd\u5f7c\u8eab|Ditto|66\/100\n|-transform|p1a: \u4ee5\u5f7c\u4e4b\u9053\u8fd8\u65bd\u5f7c\u8eab|p2a: Mew|[from] ability: Imposter\n|turn|43\n|\n|t:|1701069469\n|move|p1a: \u4ee5\u5f7c\u4e4b\u9053\u8fd8\u65bd\u5f7c\u8eab|Stored Power|p2a: Mew\n|-resisted|p2a: Mew\n|-damage|p2a: Mew|92\/100\n|move|p2a: Mew|Stored Power|p1a: \u4ee5\u5f7c\u4e4b\u9053\u8fd8\u65bd\u5f7c\u8eab\n|-resisted|p1a: \u4ee5\u5f7c\u4e4b\u9053\u8fd8\u65bd\u5f7c\u8eab\n|-damage|p1a: \u4ee5\u5f7c\u4e4b\u9053\u8fd8\u65bd\u5f7c\u8eab|54\/100\n|\n|upkeep\n|turn|44\n|\n|t:|1701069472\n|switch|p2a: Muk|Muk-Alola, F|72\/100 par\n|move|p1a: \u4ee5\u5f7c\u4e4b\u9053\u8fd8\u65bd\u5f7c\u8eab|Stored Power|p2a: Muk\n|-immune|p2a: Muk\n|\n|upkeep\n|turn|45\n|\n|t:|1701069474\n|-activate|p1a: \u4ee5\u5f7c\u4e4b\u9053\u8fd8\u65bd\u5f7c\u8eab|move: Pursuit\n|cant|p2a: Muk|par\n|switch|p1a: \u901f\u5ea6\u5728\u4f60\u4e4b\u4e0a|Tapu Koko|71\/100\n|-fieldstart|move: Electric Terrain|[from] ability: Electric Surge|[of] p1a: \u901f\u5ea6\u5728\u4f60\u4e4b\u4e0a\n|\n|upkeep\n|turn|46\n|\n|t:|1701069477\n|move|p1a: \u901f\u5ea6\u5728\u4f60\u4e4b\u4e0a|Thunderbolt|p2a: Muk\n|-damage|p2a: Muk|48\/100 par\n|cant|p2a: Muk|par\n|\n|upkeep\n|turn|47\n|\n|t:|1701069481\n|move|p1a: \u901f\u5ea6\u5728\u4f60\u4e4b\u4e0a|Thunderbolt|p2a: Muk\n|-crit|p2a: Muk\n|-damage|p2a: Muk|10\/100 par\n|move|p2a: Muk|Poison Jab|p1a: \u901f\u5ea6\u5728\u4f60\u4e4b\u4e0a\n|-supereffective|p1a: \u901f\u5ea6\u5728\u4f60\u4e4b\u4e0a\n|-damage|p1a: \u901f\u5ea6\u5728\u4f60\u4e4b\u4e0a|0 fnt\n|faint|p1a: \u901f\u5ea6\u5728\u4f60\u4e4b\u4e0a\n|\n|upkeep\n|\n|t:|1701069482\n|switch|p1a: \u4ee5\u5f7c\u4e4b\u9053\u8fd8\u65bd\u5f7c\u8eab|Ditto|54\/100\n|-transform|p1a: \u4ee5\u5f7c\u4e4b\u9053\u8fd8\u65bd\u5f7c\u8eab|p2a: Muk|[from] ability: Imposter\n|turn|48\n|c|\u2606nncc\u6781\u5149|\u8fde\u8d25\u80af\u5b9a\u4e0d\u602a\u6211\n|c|\u2606yanami-test|\u54c8\u54c8\u54c8\n|\n|t:|1701069508\n|move|p1a: \u4ee5\u5f7c\u4e4b\u9053\u8fd8\u65bd\u5f7c\u8eab|Knock Off|p2a: Muk\n|-resisted|p2a: Muk\n|-damage|p2a: Muk|0 fnt\n|-enditem|p2a: Muk|Assault Vest|[from] move: Knock Off|[of] p1a: \u4ee5\u5f7c\u4e4b\u9053\u8fd8\u65bd\u5f7c\u8eab\n|faint|p2a: Muk\n|\n|upkeep\n|\n|t:|1701069511\n|switch|p2a: Iron Treads|Iron Treads|72\/100\n|-activate|p2a: Iron Treads|ability: Quark Drive\n|-start|p2a: Iron Treads|quarkdrivespe\n|turn|49\n|\n|t:|1701069515\n|move|p2a: Iron Treads|Earthquake|p1a: \u4ee5\u5f7c\u4e4b\u9053\u8fd8\u65bd\u5f7c\u8eab\n|-supereffective|p1a: \u4ee5\u5f7c\u4e4b\u9053\u8fd8\u65bd\u5f7c\u8eab\n|-damage|p1a: \u4ee5\u5f7c\u4e4b\u9053\u8fd8\u65bd\u5f7c\u8eab|0 fnt\n|faint|p1a: \u4ee5\u5f7c\u4e4b\u9053\u8fd8\u65bd\u5f7c\u8eab\n|\n|win|nncc\u6781\u5149\n|raw|yanami-test's rating: 1512 &rarr; <strong>1505<\/strong><br \/>(-7 for losing)\n|raw|nncc\u6781\u5149's rating: 1776 &rarr; <strong>1783<\/strong><br \/>(+7 for winning)\n|c|\u2606yanami-test|gg\n|l|\u2606nncc\u6781\u5149\n","uploadtime":1701069532,"views":37,"p1id":"yanamitest","p2id":"nncc","formatid":"gen9nationaldex","rating":1505,"private":0,"password":""}