{"id":"gen9nationaldex-1996528425","p1":"Plutonium PT","p2":"The Kitten Boy","format":"[Gen 9] National Dex","log":"|html|<div class=\"broadcast-blue\"><strong>[Gen 9] National Dex is currently suspecting Sneasler! For information on how to participate check out the <a href=\"https:\/\/www.smogon.com\/forums\/threads\/sv-national-dex-suspect-8-just-dance.3731534\/\">suspect thread<\/a>.<\/strong><\/div>\n|j|\u2606Plutonium PT\n|j|\u2606The Kitten Boy\n|inactive|Battle timer is ON: inactive players will automatically lose when time's up.\n|t:|1700690934\n|gametype|singles\n|player|p1|Plutonium PT|clay|\n|player|p2|The Kitten Boy|kieran-festival|\n|teamsize|p1|6\n|teamsize|p2|6\n|gen|9\n|tier|[Gen 9] National Dex\n|rated|Tournament battle\n|rule|HP Percentage Mod: HP is shown in percentages\n|rule|Endless Battle Clause: Forcing endless battles is banned\n|rule|OHKO Clause: OHKO moves are banned\n|rule|Evasion Clause: Evasion abilities, items, and moves are banned\n|rule|Evasion Abilities Clause: Evasion abilities are banned\n|rule|Evasion Items Clause: Evasion items are banned\n|rule|Evasion Moves Clause: Evasion moves are banned\n|rule|Species Clause: Limit one of each Pok\u00e9mon\n|rule|Sleep Clause Mod: Limit one foe put to sleep\n|clearpoke\n|poke|p1|Garganacl, F|\n|poke|p1|Moltres|\n|poke|p1|Meowscarada, M|\n|poke|p1|Urshifu-*, M|\n|poke|p1|Garchomp, M|\n|poke|p1|Jirachi|\n|poke|p2|Tapu Koko|\n|poke|p2|Iron Valiant|\n|poke|p2|Sneasler, F|\n|poke|p2|Iron Moth|\n|poke|p2|Landorus-Therian, M|\n|poke|p2|Scizor, F|\n|teampreview\n|c|\u2606Plutonium PT|hf!\n|j| astral.kaira\n|j| Azelf_Rod23\n|c|\u2606The Kitten Boy|meow\n|\n|t:|1700690951\n|start\n|switch|p1a: Furry Bait|Urshifu-Rapid-Strike, M|100\/100\n|switch|p2a: N\u00e3o-Bin\u00e1rie|Iron Valiant, shiny|100\/100\n|turn|1\n|\n|t:|1700690961\n|switch|p1a: Titan|Jirachi|100\/100\n|-end|p2a: N\u00e3o-Bin\u00e1rie|Quark Drive|[silent]\n|switch|p2a: Intimidate Gliscor|Landorus-Therian, M, shiny|100\/100\n|-ability|p2a: Intimidate Gliscor|Intimidate|boost\n|-unboost|p1a: Titan|atk|1\n|\n|upkeep\n|turn|2\n|\n|t:|1700690966\n|move|p2a: Intimidate Gliscor|U-turn|p1a: Titan\n|-damage|p1a: Titan|83\/100\n|\n|t:|1700690974\n|switch|p2a: Atack Forretress|Scizor, F, shiny|100\/100|[from] U-turn\n|move|p1a: Titan|U-turn|p2a: Atack Forretress\n|-resisted|p2a: Atack Forretress\n|-damage|p2a: Atack Forretress|96\/100\n|\n|t:|1700690977\n|switch|p1a: Nando's|Moltres|100\/100|[from] U-turn\n|\n|upkeep\n|turn|3\n|j| House m.d fan\n|\n|t:|1700690982\n|switch|p2a: Intimidate Gliscor|Landorus-Therian, M, shiny|100\/100\n|-ability|p2a: Intimidate Gliscor|Intimidate|boost\n|-unboost|p1a: Nando's|atk|1\n|move|p1a: Nando's|U-turn|p2a: Intimidate Gliscor\n|-resisted|p2a: Intimidate Gliscor\n|-damage|p2a: Intimidate Gliscor|96\/100\n|-enditem|p2a: Intimidate Gliscor|Eject Button\n|l| House m.d fan\n|\n|t:|1700690984\n|switch|p2a: PiuPiu|Tapu Koko, shiny|100\/100\n|-fieldstart|move: Electric Terrain|[from] ability: Electric Surge|[of] p2a: PiuPiu\n|\n|upkeep\n|turn|4\n|c| Azelf_Rod23|ess kitten boy parece NPC vei\n|\n|t:|1700690997\n|switch|p1a: Aerodynamic|Garchomp, M|100\/100\n|move|p2a: PiuPiu|U-turn|p1a: Aerodynamic\n|-damage|p1a: Aerodynamic|88\/100\n|-damage|p2a: PiuPiu|88\/100|[from] ability: Rough Skin|[of] p1a: Aerodynamic\n|c|\u2606The Kitten Boy|pq?\n|\n|t:|1700691002\n|switch|p2a: N\u00e3o-Bin\u00e1rie|Iron Valiant, shiny|100\/100|[from] U-turn\n|-activate|p2a: N\u00e3o-Bin\u00e1rie|ability: Quark Drive\n|-start|p2a: N\u00e3o-Bin\u00e1rie|quarkdrivespe\n|\n|upkeep\n|turn|5\n|c| Azelf_Rod23|mas o cara e brabo\n|\n|t:|1700691010\n|switch|p1a: Titan|Jirachi|83\/100\n|move|p2a: N\u00e3o-Bin\u00e1rie|Moonblast|p1a: Titan\n|-resisted|p1a: Titan\n|-damage|p1a: Titan|69\/100\n|\n|-heal|p1a: Titan|75\/100|[from] item: Leftovers\n|upkeep\n|turn|6\n|\n|t:|1700691015\n|-zpower|p2a: N\u00e3o-Bin\u00e1rie\n|move|p2a: N\u00e3o-Bin\u00e1rie|All-Out Pummeling|p1a: Titan|[zeffect]\n|-damage|p1a: Titan|17\/100\n|move|p1a: Titan|U-turn|p2a: N\u00e3o-Bin\u00e1rie\n|-resisted|p2a: N\u00e3o-Bin\u00e1rie\n|-damage|p2a: N\u00e3o-Bin\u00e1rie|96\/100\n|c| Azelf_Rod23|tu fica meow meow meow :3\n|j|+PokeChess\n|inactive|Plutonium PT has 120 seconds left.\n|inactive|Plutonium PT has 90 seconds left.\n|inactive|Plutonium PT has 60 seconds left.\n|j| Catalisador\n|inactive|Plutonium PT has 30 seconds left.\n|\n|t:|1700691137\n|switch|p1a: Nando's|Moltres|100\/100|[from] U-turn\n|\n|upkeep\n|turn|7\n|\n|t:|1700691145\n|move|p2a: N\u00e3o-Bin\u00e1rie|Thunderbolt|p1a: Nando's\n|-supereffective|p1a: Nando's\n|-damage|p1a: Nando's|27\/100\n|move|p1a: Nando's|U-turn|p2a: N\u00e3o-Bin\u00e1rie\n|-resisted|p2a: N\u00e3o-Bin\u00e1rie\n|-damage|p2a: N\u00e3o-Bin\u00e1rie|91\/100\n|\n|t:|1700691149\n|switch|p1a: Titan|Jirachi|17\/100|[from] U-turn\n|\n|-heal|p1a: Titan|23\/100|[from] item: Leftovers\n|upkeep\n|turn|8\n|\n|t:|1700691153\n|move|p1a: Titan|Protect|p1a: Titan\n|-singleturn|p1a: Titan|Protect\n|move|p2a: N\u00e3o-Bin\u00e1rie|Thunderbolt|p1a: Titan\n|-activate|p1a: Titan|move: Protect\n|\n|-heal|p1a: Titan|29\/100|[from] item: Leftovers\n|upkeep\n|turn|9\n|\n|t:|1700691157\n|move|p2a: N\u00e3o-Bin\u00e1rie|Focus Blast|p1a: Titan\n|-damage|p1a: Titan|0 fnt\n|faint|p1a: Titan\n|\n|upkeep\n|inactive|Plutonium PT has 60 seconds left.\n|\n|t:|1700691165\n|switch|p1a: Herba|Meowscarada, M|100\/100\n|turn|10\n|\n|t:|1700691170\n|-terastallize|p1a: Herba|Grass\n|move|p2a: N\u00e3o-Bin\u00e1rie|Moonblast|p1a: Herba\n|-damage|p1a: Herba|28\/100\n|move|p1a: Herba|Flower Trick|p2a: N\u00e3o-Bin\u00e1rie\n|-crit|p2a: N\u00e3o-Bin\u00e1rie\n|-damage|p2a: N\u00e3o-Bin\u00e1rie|0 fnt\n|faint|p2a: N\u00e3o-Bin\u00e1rie\n|-end|p2a: N\u00e3o-Bin\u00e1rie|Quark Drive|[silent]\n|\n|-fieldend|move: Electric Terrain\n|upkeep\n|\n|t:|1700691172\n|switch|p2a: Atack Forretress|Scizor, F, shiny|96\/100\n|turn|11\n|\n|t:|1700691178\n|switch|p1a: Nando's|Moltres|27\/100\n|detailschange|p2a: Atack Forretress|Scizor-Mega, F, shiny\n|-mega|p2a: Atack Forretress|Scizor|Scizorite\n|move|p2a: Atack Forretress|Bullet Punch|p1a: Nando's\n|-resisted|p1a: Nando's\n|-damage|p1a: Nando's|18\/100\n|\n|upkeep\n|turn|12\n|inactive|Plutonium PT has 90 seconds left.\n|\n|t:|1700691185\n|switch|p2a: PiuPiu|Tapu Koko, shiny|88\/100\n|-fieldstart|move: Electric Terrain|[from] ability: Electric Surge|[of] p2a: PiuPiu\n|move|p1a: Nando's|Roost|p1a: Nando's\n|-heal|p1a: Nando's|68\/100\n|-singleturn|p1a: Nando's|move: Roost\n|\n|upkeep\n|turn|13\n|\n|t:|1700691189\n|move|p2a: PiuPiu|Hidden Power|p1a: Nando's\n|-damage|p1a: Nando's|51\/100\n|move|p1a: Nando's|Roost|p1a: Nando's\n|-heal|p1a: Nando's|100\/100\n|-singleturn|p1a: Nando's|move: Roost\n|\n|upkeep\n|turn|14\n|\n|t:|1700691196\n|switch|p1a: Aerodynamic|Garchomp, M|88\/100\n|move|p2a: PiuPiu|Thunderbolt|p1a: Aerodynamic\n|-immune|p1a: Aerodynamic\n|\n|upkeep\n|turn|15\n|\n|t:|1700691202\n|detailschange|p1a: Aerodynamic|Garchomp-Mega, M\n|-mega|p1a: Aerodynamic|Garchomp|Garchompite\n|move|p2a: PiuPiu|Hidden Power|p1a: Aerodynamic\n|-supereffective|p1a: Aerodynamic\n|-damage|p1a: Aerodynamic|47\/100\n|move|p1a: Aerodynamic|Earthquake|p2a: PiuPiu\n|-supereffective|p2a: PiuPiu\n|-damage|p2a: PiuPiu|0 fnt\n|faint|p2a: PiuPiu\n|\n|upkeep\n|\n|t:|1700691210\n|switch|p2a: Hawlucha s\u00f3q bom|Sneasler, F, shiny|100\/100\n|-enditem|p2a: Hawlucha s\u00f3q bom|Electric Seed\n|-boost|p2a: Hawlucha s\u00f3q bom|def|1|[from] item: Electric Seed\n|turn|16\n|inactive|Plutonium PT has 120 seconds left.\n|inactive|Plutonium PT has 90 seconds left.\n|\n|t:|1700691273\n|switch|p1a: Nando's|Moltres|100\/100\n|-terastallize|p2a: Hawlucha s\u00f3q bom|Flying\n|move|p2a: Hawlucha s\u00f3q bom|Swords Dance|p2a: Hawlucha s\u00f3q bom\n|-boost|p2a: Hawlucha s\u00f3q bom|atk|2\n|\n|upkeep\n|turn|17\n|c|\u2606The Kitten Boy|!calc\n|c| The Kitten Boy|\/raw <div class=\"infobox\">Pok&eacute;mon Showdown! damage calculator. (Courtesy of Honko, Austin, &amp; Kris)<br \/>- <a href=\"https:\/\/calc.pokemonshowdown.com\/index.html\">Damage Calculator<\/a><\/div>\n|inactive|The Kitten Boy has 120 seconds left.\n|c|\u2606Plutonium PT|\u00e9 roll\n|\n|t:|1700691326\n|move|p2a: Hawlucha s\u00f3q bom|Dire Claw|p1a: Nando's\n|-crit|p1a: Nando's\n|-damage|p1a: Nando's|9\/100\n|move|p1a: Nando's|Flamethrower|p2a: Hawlucha s\u00f3q bom\n|-damage|p2a: Hawlucha s\u00f3q bom|45\/100\n|\n|upkeep\n|turn|18\n|\n|t:|1700691332\n|move|p2a: Hawlucha s\u00f3q bom|Acrobatics|p1a: Nando's\n|-damage|p1a: Nando's|0 fnt\n|-status|p2a: Hawlucha s\u00f3q bom|brn|[from] ability: Flame Body|[of] p1a: Nando's\n|faint|p1a: Nando's\n|\n|-damage|p2a: Hawlucha s\u00f3q bom|39\/100 brn|[from] brn\n|upkeep\n|\n|t:|1700691348\n|switch|p1a: Pillar|Garganacl, F|100\/100\n|turn|19\n|j| House m.d fan\n|inactive|The Kitten Boy has 120 seconds left.\n|\n|t:|1700691356\n|move|p2a: Hawlucha s\u00f3q bom|Close Combat|p1a: Pillar\n|-supereffective|p1a: Pillar\n|-damage|p1a: Pillar|28\/100\n|-unboost|p2a: Hawlucha s\u00f3q bom|def|1\n|-unboost|p2a: Hawlucha s\u00f3q bom|spd|1\n|move|p1a: Pillar|Salt Cure|p2a: Hawlucha s\u00f3q bom\n|-supereffective|p2a: Hawlucha s\u00f3q bom\n|-damage|p2a: Hawlucha s\u00f3q bom|0 fnt\n|faint|p2a: Hawlucha s\u00f3q bom\n|\n|-heal|p1a: Pillar|34\/100|[from] item: Leftovers\n|-fieldend|move: Electric Terrain\n|upkeep\n|inactive|The Kitten Boy has 120 seconds left.\n|\n|t:|1700691364\n|switch|p2a: No QuiverDance?|Iron Moth, shiny|100\/100\n|turn|20\n|\n|t:|1700691368\n|move|p2a: No QuiverDance?|Energy Ball|p1a: Pillar\n|-supereffective|p1a: Pillar\n|-damage|p1a: Pillar|0 fnt\n|faint|p1a: Pillar\n|\n|upkeep\n|\n|t:|1700691375\n|switch|p1a: Furry Bait|Urshifu-Rapid-Strike, M|100\/100\n|turn|21\n|\n|t:|1700691377\n|move|p1a: Furry Bait|Surging Strikes|p2a: No QuiverDance?\n|-supereffective|p2a: No QuiverDance?\n|-crit|p2a: No QuiverDance?\n|-damage|p2a: No QuiverDance?|33\/100\n|-supereffective|p2a: No QuiverDance?\n|-crit|p2a: No QuiverDance?\n|-damage|p2a: No QuiverDance?|0 fnt\n|faint|p2a: No QuiverDance?\n|-end|p2a: No QuiverDance?|Quark Drive|[silent]\n|-hitcount|p2: No QuiverDance?|2\n|\n|upkeep\n|\n|t:|1700691380\n|switch|p2a: Intimidate Gliscor|Landorus-Therian, M, shiny|96\/100\n|-ability|p2a: Intimidate Gliscor|Intimidate|boost\n|-unboost|p1a: Furry Bait|atk|1\n|turn|22\n|\n|t:|1700691383\n|move|p1a: Furry Bait|Surging Strikes|p2a: Intimidate Gliscor\n|-supereffective|p2a: Intimidate Gliscor\n|-crit|p2a: Intimidate Gliscor\n|-damage|p2a: Intimidate Gliscor|59\/100\n|-supereffective|p2a: Intimidate Gliscor\n|-crit|p2a: Intimidate Gliscor\n|-damage|p2a: Intimidate Gliscor|25\/100\n|-supereffective|p2a: Intimidate Gliscor\n|-crit|p2a: Intimidate Gliscor\n|-damage|p2a: Intimidate Gliscor|0 fnt\n|faint|p2a: Intimidate Gliscor\n|-hitcount|p2: Intimidate Gliscor|3\n|\n|upkeep\n|\n|t:|1700691385\n|switch|p2a: Atack Forretress|Scizor-Mega, F, shiny|96\/100\n|turn|23\n|\n|t:|1700691389\n|move|p1a: Furry Bait|Surging Strikes|p2a: Atack Forretress\n|-crit|p2a: Atack Forretress\n|-damage|p2a: Atack Forretress|84\/100\n|-crit|p2a: Atack Forretress\n|-damage|p2a: Atack Forretress|71\/100\n|-crit|p2a: Atack Forretress\n|-damage|p2a: Atack Forretress|59\/100\n|-hitcount|p2a: Atack Forretress|3\n|move|p2a: Atack Forretress|Swords Dance|p2a: Atack Forretress\n|-boost|p2a: Atack Forretress|atk|2\n|\n|upkeep\n|turn|24\n|\n|t:|1700691395\n|switch|p1a: Aerodynamic|Garchomp-Mega, M|47\/100\n|move|p2a: Atack Forretress|Roost|p2a: Atack Forretress\n|-heal|p2a: Atack Forretress|100\/100\n|-singleturn|p2a: Atack Forretress|move: Roost\n|\n|upkeep\n|turn|25\n|\n|t:|1700691399\n|move|p2a: Atack Forretress|Bullet Punch|p1a: Aerodynamic\n|-damage|p1a: Aerodynamic|7\/100\n|move|p1a: Aerodynamic|Flamethrower|p2a: Atack Forretress\n|-supereffective|p2a: Atack Forretress\n|-damage|p2a: Atack Forretress|18\/100\n|\n|upkeep\n|turn|26\n|\n|t:|1700691403\n|move|p2a: Atack Forretress|Bullet Punch|p1a: Aerodynamic\n|-damage|p1a: Aerodynamic|0 fnt\n|faint|p1a: Aerodynamic\n|\n|upkeep\n|\n|t:|1700691405\n|switch|p1a: Furry Bait|Urshifu-Rapid-Strike, M|100\/100\n|turn|27\n|c|\u2606Plutonium PT|gg\n|\n|t:|1700691408\n|move|p2a: Atack Forretress|Bullet Punch|p1a: Furry Bait\n|-resisted|p1a: Furry Bait\n|-damage|p1a: Furry Bait|72\/100\n|move|p1a: Furry Bait|Surging Strikes|p2a: Atack Forretress\n|-crit|p2a: Atack Forretress\n|-damage|p2a: Atack Forretress|5\/100\n|-crit|p2a: Atack Forretress\n|-damage|p2a: Atack Forretress|0 fnt\n|faint|p2a: Atack Forretress\n|-hitcount|p2: Atack Forretress|2\n|\n|win|Plutonium PT\n|n|\u2606Plutonium PT|plutoniumpt\n|n|\u2606The Kitten Boy|thekittenboy\n|n| astral.kaira|astralkaira\n|n| Azelf_Rod23|azelfrod23\n|n| PokeChess|pokechess\n|n| Catalisador|catalisador\n|n| House m.d fan|housemdfan\n","uploadtime":1700691409,"views":1,"p1id":"plutoniumpt","p2id":"thekittenboy","formatid":"gen9nationaldex","rating":0,"private":0,"password":""}