{"id":"gen9nationaldex-1988361898","p1":"Aziz Le Bledart","p2":"hidin","format":"[Gen 9] National Dex","log":"|j|\u2606Aziz Le Bledart\n|j|\u2606hidin\n|t:|1699714008\n|gametype|singles\n|player|p1|Aziz Le Bledart|erika|\n|player|p2|hidin|#capplixvenomicons|\n|teamsize|p1|6\n|teamsize|p2|6\n|gen|9\n|tier|[Gen 9] National Dex\n|rated|Tournament battle\n|rule|HP Percentage Mod: HP is shown in percentages\n|rule|Endless Battle Clause: Forcing endless battles is banned\n|rule|OHKO Clause: OHKO moves are banned\n|rule|Evasion Clause: Evasion abilities, items, and moves are banned\n|rule|Evasion Abilities Clause: Evasion abilities are banned\n|rule|Evasion Items Clause: Evasion items are banned\n|rule|Evasion Moves Clause: Evasion moves are banned\n|rule|Species Clause: Limit one of each Pok\u00e9mon\n|rule|Sleep Clause Mod: Limit one foe put to sleep\n|rule|2 Ability Clause: Limit 2 of each ability\n|rule|Sleep Moves Clause: Sleep-inducing moves are banned\n|rule|Terastal Clause: You cannot Terastallize\n|clearpoke\n|poke|p1|Gyarados, M|\n|poke|p1|Iron Moth|\n|poke|p1|Corviknight, F|\n|poke|p1|Polteageist|\n|poke|p1|Glimmora, M|\n|poke|p1|Victini|\n|poke|p2|Swampert, M|\n|poke|p2|Garchomp, M|\n|poke|p2|Corviknight, M|\n|poke|p2|Iron Moth|\n|poke|p2|Alakazam, F|\n|poke|p2|Walking Wake|\n|teampreview\n|inactive|Battle timer is ON: inactive players will automatically lose when time's up. (requested by hidin)\n|j| LordBox\n|j| MasterLucarioOG\n|c|\u2606Aziz Le Bledart|glhf\n|c|\u2606hidin|u2\n|\n|t:|1699714016\n|start\n|switch|p1a: Glimmora|Glimmora, M|100\/100\n|switch|p2a: Walking Wake|Walking Wake|100\/100\n|-ability|p2a: Walking Wake|Beads of Ruin\n|turn|1\n|j| Velcroc\n|\n|t:|1699714024\n|move|p1a: Glimmora|Stealth Rock|p2a: Walking Wake\n|-sidestart|p2: hidin|move: Stealth Rock\n|move|p2a: Walking Wake|Flip Turn|p1a: Glimmora\n|-supereffective|p1a: Glimmora\n|-damage|p1a: Glimmora|59\/100\n|\n|t:|1699714035\n|switch|p2a: Corviknight|Corviknight, M|100\/100|[from] Flip Turn\n|-damage|p2a: Corviknight|88\/100|[from] Stealth Rock\n|-ability|p2a: Corviknight|Intimidate|boost\n|-unboost|p1a: Glimmora|atk|1\n|\n|-heal|p2a: Corviknight|94\/100|[from] item: Leftovers\n|upkeep\n|turn|2\n|\n|t:|1699714042\n|move|p1a: Glimmora|Spikes|p2a: Corviknight\n|-sidestart|p2: hidin|Spikes\n|move|p2a: Corviknight|U-turn|p1a: Glimmora\n|-resisted|p1a: Glimmora\n|-damage|p1a: Glimmora|50\/100\n|\n|t:|1699714045\n|switch|p2a: Garchomp|Garchomp, M|100\/100|[from] U-turn\n|-damage|p2a: Garchomp|94\/100|[from] Stealth Rock\n|-damage|p2a: Garchomp|82\/100|[from] Spikes\n|\n|-heal|p2a: Garchomp|88\/100|[from] item: Leftovers\n|upkeep\n|turn|3\n|\n|t:|1699714050\n|move|p1a: Glimmora|Memento|p2a: Garchomp\n|-unboost|p2a: Garchomp|atk|2\n|-unboost|p2a: Garchomp|spa|2\n|faint|p1a: Glimmora\n|move|p2a: Garchomp|Earthquake|p1: Glimmora|[notarget]\n|-fail|p2a: Garchomp\n|\n|-heal|p2a: Garchomp|94\/100|[from] item: Leftovers\n|upkeep\n|\n|t:|1699714066\n|switch|p1a: Polteageist|Polteageist|100\/100\n|-fieldstart|move: Psychic Terrain|[from] ability: Psychic Surge|[of] p1a: Polteageist\n|turn|4\n|\n|t:|1699714069\n|move|p1a: Polteageist|Shell Smash|p1a: Polteageist\n|-unboost|p1a: Polteageist|def|1\n|-unboost|p1a: Polteageist|spd|1\n|-boost|p1a: Polteageist|atk|2\n|-boost|p1a: Polteageist|spa|2\n|-boost|p1a: Polteageist|spe|2\n|move|p2a: Garchomp|Dragon Tail|p1a: Polteageist\n|-damage|p1a: Polteageist|66\/100\n|drag|p1a: Iron Moth|Iron Moth|100\/100\n|\n|-heal|p2a: Garchomp|100\/100|[from] item: Leftovers\n|upkeep\n|turn|5\n|\n|t:|1699714078\n|switch|p1a: Corviknight|Corviknight, F|100\/100\n|switch|p2a: Swampert|Swampert, M|100\/100\n|-damage|p2a: Swampert|94\/100|[from] Stealth Rock\n|-damage|p2a: Swampert|82\/100|[from] Spikes\n|\n|upkeep\n|turn|6\n|j|+zastra\n|j| CuriousStraightGuy\n|\n|t:|1699714087\n|move|p1a: Corviknight|Agility|p1a: Corviknight\n|-boost|p1a: Corviknight|spe|2\n|move|p2a: Swampert|Flip Turn|p1a: Corviknight\n|-damage|p1a: Corviknight|82\/100\n|\n|t:|1699714095\n|switch|p2a: Iron Moth|Iron Moth|100\/100|[from] Flip Turn\n|-weather|DesolateLand|[from] ability: Desolate Land|[of] p2a: Iron Moth\n|\n|-weather|DesolateLand|[upkeep]\n|-heal|p1a: Corviknight|88\/100|[from] item: Leftovers\n|upkeep\n|turn|7\n|\n|t:|1699714097\n|move|p1a: Corviknight|Bulk Up|p1a: Corviknight\n|-boost|p1a: Corviknight|atk|1\n|-boost|p1a: Corviknight|def|1\n|move|p2a: Iron Moth|Discharge|p1a: Corviknight\n|-supereffective|p1a: Corviknight\n|-damage|p1a: Corviknight|32\/100\n|\n|-weather|DesolateLand|[upkeep]\n|-heal|p1a: Corviknight|38\/100|[from] item: Leftovers\n|upkeep\n|turn|8\n|\n|t:|1699714103\n|move|p1a: Corviknight|Roost|p1a: Corviknight\n|-heal|p1a: Corviknight|88\/100\n|-singleturn|p1a: Corviknight|move: Roost\n|move|p2a: Iron Moth|Discharge|p1a: Corviknight\n|-damage|p1a: Corviknight|63\/100\n|\n|-weather|DesolateLand|[upkeep]\n|-heal|p1a: Corviknight|69\/100|[from] item: Leftovers\n|-fieldend|move: Psychic Terrain\n|upkeep\n|turn|9\n|\n|t:|1699714111\n|move|p1a: Corviknight|Power Trip|p2a: Iron Moth\n|-damage|p2a: Iron Moth|44\/100\n|move|p2a: Iron Moth|Discharge|p1a: Corviknight\n|-supereffective|p1a: Corviknight\n|-damage|p1a: Corviknight|12\/100\n|\n|-weather|DesolateLand|[upkeep]\n|-heal|p1a: Corviknight|18\/100|[from] item: Leftovers\n|upkeep\n|turn|10\n|c| CuriousStraightGuy|What is this witchcraft?\n|c| CuriousStraightGuy|Desolate Land Iron Moth\n|c| CuriousStraightGuy|im reporting you hacker\n|\n|t:|1699714125\n|-weather|none\n|switch|p2a: Corviknight|Corviknight, M|94\/100\n|-damage|p2a: Corviknight|82\/100|[from] Stealth Rock\n|-ability|p2a: Corviknight|Intimidate|boost\n|-unboost|p1a: Corviknight|atk|1\n|move|p1a: Corviknight|Power Trip|p2a: Corviknight\n|-damage|p2a: Corviknight|72\/100\n|\n|-heal|p1a: Corviknight|24\/100|[from] item: Leftovers\n|-heal|p2a: Corviknight|78\/100|[from] item: Leftovers\n|upkeep\n|turn|11\n|c| LordBox|im also reporting you hacker\n|\n|t:|1699714130\n|move|p1a: Corviknight|Bulk Up|p1a: Corviknight\n|-boost|p1a: Corviknight|atk|1\n|-boost|p1a: Corviknight|def|1\n|move|p2a: Corviknight|Defog|p1a: Corviknight\n|-unboost|p1a: Corviknight|evasion|1\n|-sideend|p2: hidin|Spikes|[from] move: Defog|[of] p2a: Corviknight\n|-sideend|p2: hidin|Stealth Rock|[from] move: Defog|[of] p2a: Corviknight\n|\n|-heal|p1a: Corviknight|30\/100|[from] item: Leftovers\n|-heal|p2a: Corviknight|84\/100|[from] item: Leftovers\n|upkeep\n|turn|12\n|\n|t:|1699714133\n|move|p1a: Corviknight|Bulk Up|p1a: Corviknight\n|-boost|p1a: Corviknight|atk|1\n|-boost|p1a: Corviknight|def|1\n|move|p2a: Corviknight|U-turn|p1a: Corviknight\n|-resisted|p1a: Corviknight\n|-damage|p1a: Corviknight|29\/100\n|\n|t:|1699714136\n|switch|p2a: Walking Wake|Walking Wake|100\/100|[from] U-turn\n|-ability|p2a: Walking Wake|Beads of Ruin\n|\n|-heal|p1a: Corviknight|35\/100|[from] item: Leftovers\n|upkeep\n|turn|13\n|\n|t:|1699714139\n|move|p2a: Walking Wake|Hydro Pump|p1a: Corviknight\n|-damage|p1a: Corviknight|0 fnt\n|faint|p1a: Corviknight\n|\n|upkeep\n|\n|t:|1699714143\n|switch|p1a: Gyarados|Gyarados, M|100\/100\n|-ability|p1a: Gyarados|Intimidate|boost\n|-unboost|p2a: Walking Wake|atk|1\n|turn|14\n|\n|t:|1699714159\n|switch|p2a: Corviknight|Corviknight, M|84\/100\n|-ability|p2a: Corviknight|Intimidate|boost\n|-unboost|p1a: Gyarados|atk|1\n|switch|p1a: Polteageist|Polteageist|66\/100\n|-fieldstart|move: Psychic Terrain|[from] ability: Psychic Surge|[of] p1a: Polteageist\n|\n|-heal|p2a: Corviknight|90\/100|[from] item: Leftovers\n|upkeep\n|turn|15\n|\n|t:|1699714171\n|move|p1a: Polteageist|Shell Smash|p1a: Polteageist\n|-unboost|p1a: Polteageist|def|1\n|-unboost|p1a: Polteageist|spd|1\n|-boost|p1a: Polteageist|atk|2\n|-boost|p1a: Polteageist|spa|2\n|-boost|p1a: Polteageist|spe|2\n|move|p2a: Corviknight|Roost|p2a: Corviknight\n|-heal|p2a: Corviknight|100\/100\n|-singleturn|p2a: Corviknight|move: Roost\n|\n|upkeep\n|turn|16\n|c|\u2606hidin|WTF\n|c|\u2606hidin|NO\n|c|\u2606hidin|I CLICKED BRAVE BIRd\n|\n|t:|1699714180\n|move|p1a: Polteageist|Shadow Ball|p2a: Corviknight\n|-damage|p2a: Corviknight|14\/100\n|-unboost|p2a: Corviknight|spd|1\n|move|p2a: Corviknight|Brave Bird|p1a: Polteageist\n|-damage|p1a: Polteageist|0 fnt\n|faint|p1a: Polteageist\n|-damage|p2a: Corviknight|0 fnt|[from] Recoil\n|faint|p2a: Corviknight\n|\n|upkeep\n|c| LordBox|lmao\n|c| Velcroc|showdown lag claims hidin la flame\n|\n|t:|1699714195\n|switch|p1a: Gyarados|Gyarados, M|100\/100\n|switch|p2a: Garchomp|Garchomp, M|100\/100\n|-ability|p1a: Gyarados|Intimidate|boost\n|-unboost|p2a: Garchomp|atk|1\n|turn|17\n|\n|t:|1699714197\n|move|p1a: Gyarados|Dragon Dance|p1a: Gyarados\n|-boost|p1a: Gyarados|atk|1\n|-boost|p1a: Gyarados|spe|1\n|move|p2a: Garchomp|Dragon Tail|p1a: Gyarados\n|-damage|p1a: Gyarados|79\/100\n|drag|p1a: Iron Moth|Iron Moth|100\/100\n|\n|upkeep\n|turn|18\n|\n|t:|1699714222\n|switch|p2a: Swampert|Swampert, M|100\/100\n|move|p1a: Iron Moth|Agility|p1a: Iron Moth\n|-boost|p1a: Iron Moth|spe|2\n|\n|-fieldend|move: Psychic Terrain\n|upkeep\n|turn|19\n|\n|t:|1699714227\n|move|p1a: Iron Moth|Energy Ball|p2a: Swampert\n|-supereffective|p2a: Swampert\n|-damage|p2a: Swampert|16\/100\n|move|p2a: Swampert|Stone Edge|p1a: Iron Moth\n|-supereffective|p1a: Iron Moth\n|-crit|p1a: Iron Moth\n|-damage|p1a: Iron Moth|0 fnt\n|faint|p1a: Iron Moth\n|\n|upkeep\n|\n|t:|1699714234\n|switch|p1a: Gyarados|Gyarados, M|79\/100\n|-ability|p1a: Gyarados|Intimidate|boost\n|-unboost|p2a: Swampert|atk|1\n|turn|20\n|\n|t:|1699714241\n|detailschange|p1a: Gyarados|Gyarados-Mega, M\n|-mega|p1a: Gyarados|Gyarados|Gyaradosite\n|-ability|p1a: Gyarados|Mold Breaker\n|move|p1a: Gyarados|Dragon Dance|p1a: Gyarados\n|-boost|p1a: Gyarados|atk|1\n|-boost|p1a: Gyarados|spe|1\n|move|p2a: Swampert|Stone Edge|p1a: Gyarados\n|-damage|p1a: Gyarados|63\/100\n|\n|upkeep\n|turn|21\n|\n|t:|1699714248\n|move|p1a: Gyarados|Dragon Dance|p1a: Gyarados\n|-boost|p1a: Gyarados|atk|1\n|-boost|p1a: Gyarados|spe|1\n|move|p2a: Swampert|Earthquake|p1a: Gyarados\n|-damage|p1a: Gyarados|39\/100\n|\n|upkeep\n|turn|22\n|\n|t:|1699714261\n|move|p1a: Gyarados|Substitute|p1a: Gyarados\n|-start|p1a: Gyarados|Substitute\n|-damage|p1a: Gyarados|14\/100\n|move|p2a: Swampert|Earthquake|p1a: Gyarados\n|-end|p1a: Gyarados|Substitute\n|\n|upkeep\n|turn|23\n|\n|t:|1699714266\n|move|p1a: Gyarados|Waterfall|p2a: Swampert\n|-damage|p2a: Swampert|0 fnt\n|faint|p2a: Swampert\n|\n|upkeep\n|\n|t:|1699714268\n|switch|p2a: Garchomp|Garchomp, M|100\/100\n|turn|24\n|\n|t:|1699714272\n|move|p1a: Gyarados|Waterfall|p2a: Garchomp\n|-damage|p2a: Garchomp|41\/100\n|move|p2a: Garchomp|Earthquake|p1a: Gyarados\n|-damage|p1a: Gyarados|0 fnt\n|faint|p1a: Gyarados\n|\n|-heal|p2a: Garchomp|47\/100|[from] item: Leftovers\n|upkeep\n|\n|t:|1699714276\n|switch|p1a: Victini|Victini|100\/100\n|-ability|p1a: Victini|Beads of Ruin\n|turn|25\n|\n|t:|1699714279\n|-zpower|p1a: Victini\n|move|p1a: Victini|Z-Celebrate|p1a: Victini|[anim]Celebrate\n|-boost|p1a: Victini|atk|1|[zeffect]\n|-boost|p1a: Victini|def|1|[zeffect]\n|-boost|p1a: Victini|spa|1|[zeffect]\n|-boost|p1a: Victini|spd|1|[zeffect]\n|-boost|p1a: Victini|spe|1|[zeffect]\n|-activate|p1a: Victini|move: Celebrate\n|move|p2a: Garchomp|Toxic|p1a: Victini\n|-status|p1a: Victini|tox\n|\n|-heal|p2a: Garchomp|54\/100|[from] item: Leftovers\n|-damage|p1a: Victini|94\/100 tox|[from] psn\n|upkeep\n|turn|26\n|\n|t:|1699714286\n|switch|p2a: Iron Moth|Iron Moth|44\/100\n|-weather|DesolateLand|[from] ability: Desolate Land|[of] p2a: Iron Moth\n|move|p1a: Victini|Stored Power|p2a: Iron Moth\n|-supereffective|p2a: Iron Moth\n|-damage|p2a: Iron Moth|0 fnt\n|faint|p2a: Iron Moth\n|-weather|none\n|\n|-damage|p1a: Victini|82\/100 tox|[from] psn\n|upkeep\n|j| avelxennit\n|\n|t:|1699714290\n|switch|p2a: Alakazam|Alakazam, F|100\/100\n|-fieldstart|move: Psychic Terrain|[from] ability: Psychic Surge|[of] p2a: Alakazam\n|turn|27\n|\n|t:|1699714293\n|move|p1a: Victini|Stored Power|p2a: Alakazam\n|-resisted|p2a: Alakazam\n|-damage|p2a: Alakazam|0 fnt\n|faint|p2a: Alakazam\n|\n|-damage|p1a: Victini|64\/100 tox|[from] psn\n|upkeep\n|\n|t:|1699714297\n|switch|p2a: Walking Wake|Walking Wake|100\/100\n|-ability|p2a: Walking Wake|Beads of Ruin\n|turn|28\n|c| CuriousStraightGuy|for the birds\n|c|\u2606hidin|test\n|c|\u2606hidin|ok\n|c| Velcroc|yep\n|c|\u2606hidin|i thought my wifi was out\n|l|\u2606Aziz Le Bledart\n|inactive|Aziz Le Bledart disconnected and has a minute to reconnect!\n|player|p1|\n|c| Velcroc|wow the lag claimedme\n|c| LordBox|turns out the opponents wifi went out\n|j| SKIPPERGAMEZ\n|c| LordBox|holy lag\n|inactive|Aziz Le Bledart has 30 seconds to reconnect!\n|l| SKIPPERGAMEZ\n|inactive|Aziz Le Bledart has 20 seconds to reconnect!\n|inactive|Aziz Le Bledart has 15 seconds to reconnect!\n|inactive|Aziz Le Bledart has 10 seconds to reconnect!\n|inactive|Aziz Le Bledart has 5 seconds to reconnect!\n|c| Velcroc|unfort\n|c|\u2606hidin|geegeee\n|-message|Aziz Le Bledart lost due to inactivity.\n|\n|win|hidin\n|n|\u2606hidin|hidin\n|n| LordBox|lordbox\n|n| MasterLucarioOG|masterlucarioog\n|n| Velcroc|velcroc\n|n| zastra|zastra\n|n| CuriousStraightGuy|curiousstraightguy\n|n| avelxennit|avelxennit\n","uploadtime":1699714388,"views":9,"p1id":"azizlebledart","p2id":"hidin","formatid":"gen9nationaldex","rating":0,"private":0,"password":""}