{"id":"gen9nationaldex-1994143119","p1":"gargoyle76","p2":"Unwornwolf","format":"[Gen 9] National Dex","log":"|j|\u2606gargoyle76\n|j|\u2606Unwornwolf\n|t:|1700411931\n|gametype|singles\n|player|p1|gargoyle76|beauty-gen4dp|1082\n|player|p2|Unwornwolf|265|1192\n|teamsize|p1|6\n|teamsize|p2|6\n|gen|9\n|tier|[Gen 9] National Dex\n|rated|\n|rule|HP Percentage Mod: HP is shown in percentages\n|rule|Endless Battle Clause: Forcing endless battles is banned\n|rule|OHKO Clause: OHKO moves are banned\n|rule|Evasion Clause: Evasion abilities, items, and moves are banned\n|rule|Evasion Abilities Clause: Evasion abilities are banned\n|rule|Evasion Items Clause: Evasion items are banned\n|rule|Evasion Moves Clause: Evasion moves are banned\n|rule|Species Clause: Limit one of each Pok\u00e9mon\n|rule|Sleep Clause Mod: Limit one foe put to sleep\n|clearpoke\n|poke|p1|Garbodor, M|\n|poke|p1|Sharpedo, M|\n|poke|p1|Alakazam, F|\n|poke|p1|Weavile, F|\n|poke|p1|Toxicroak, F|\n|poke|p1|Leafeon, F|\n|poke|p2|Bibarel, F|\n|poke|p2|Iron Moth|\n|poke|p2|Dhelmise|\n|poke|p2|Kleavor, F|\n|poke|p2|Magnezone|\n|poke|p2|Flygon, F|\n|teampreview\n|\n|t:|1700411957\n|start\n|switch|p1a: gremlin|Weavile, F|100\/100\n|switch|p2a: Iron Moth|Iron Moth|100\/100\n|-ability|p1a: gremlin|Pressure\n|-enditem|p2a: Iron Moth|Booster Energy\n|-activate|p2a: Iron Moth|ability: Quark Drive|[fromitem]\n|-start|p2a: Iron Moth|quarkdrivespe\n|turn|1\n|\n|t:|1700411966\n|move|p1a: gremlin|Fake Out|p2a: Iron Moth\n|-damage|p2a: Iron Moth|81\/100\n|cant|p2a: Iron Moth|flinch\n|\n|upkeep\n|turn|2\n|\n|t:|1700411981\n|switch|p1a: SPOON|Alakazam, F|100\/100\n|move|p2a: Iron Moth|Fiery Dance|p1a: SPOON\n|-damage|p1a: SPOON|44\/100\n|-boost|p2a: Iron Moth|spa|1\n|\n|upkeep\n|turn|3\n|\n|t:|1700411989\n|move|p2a: Iron Moth|Sludge Wave|p1a: SPOON\n|-damage|p1a: SPOON|0 fnt\n|faint|p1a: SPOON\n|\n|upkeep\n|\n|t:|1700411994\n|switch|p1a: Shark|Sharpedo, M|100\/100\n|turn|4\n|\n|t:|1700412000\n|detailschange|p1a: Shark|Sharpedo-Mega, M\n|-mega|p1a: Shark|Sharpedo|Sharpedonite\n|move|p2a: Iron Moth|Energy Ball|p1a: Shark\n|-supereffective|p1a: Shark\n|-damage|p1a: Shark|0 fnt\n|faint|p1a: Shark\n|\n|upkeep\n|\n|t:|1700412007\n|switch|p1a: my trash baby|Garbodor, M|100\/100\n|turn|5\n|\n|t:|1700412012\n|move|p2a: Iron Moth|Fiery Dance|p1a: my trash baby\n|-damage|p1a: my trash baby|53\/100\n|move|p1a: my trash baby|Stomping Tantrum|p2a: Iron Moth\n|-supereffective|p2a: Iron Moth\n|-damage|p2a: Iron Moth|0 fnt\n|faint|p2a: Iron Moth\n|-end|p2a: Iron Moth|Quark Drive|[silent]\n|\n|-heal|p1a: my trash baby|59\/100|[from] item: Leftovers\n|upkeep\n|\n|t:|1700412019\n|switch|p2a: E-killer Arceus|Bibarel, F|100\/100\n|turn|6\n|\n|t:|1700412023\n|move|p2a: E-killer Arceus|Swords Dance|p2a: E-killer Arceus\n|-boost|p2a: E-killer Arceus|atk|4\n|move|p1a: my trash baby|Toxic|p2a: E-killer Arceus\n|-status|p2a: E-killer Arceus|tox\n|\n|-heal|p1a: my trash baby|65\/100|[from] item: Leftovers\n|-damage|p2a: E-killer Arceus|94\/100 tox|[from] psn\n|upkeep\n|turn|7\n|\n|t:|1700412029\n|move|p2a: E-killer Arceus|Double-Edge|p1a: my trash baby\n|-damage|p1a: my trash baby|0 fnt\n|faint|p1a: my trash baby\n|-damage|p2a: E-killer Arceus|69\/100 tox|[from] Recoil\n|\n|-damage|p2a: E-killer Arceus|57\/100 tox|[from] psn\n|upkeep\n|\n|t:|1700412033\n|switch|p1a: gremlin|Weavile, F|100\/100\n|-ability|p1a: gremlin|Pressure\n|turn|8\n|\n|t:|1700412037\n|move|p1a: gremlin|Fake Out|p2a: E-killer Arceus\n|-damage|p2a: E-killer Arceus|32\/100 tox\n|cant|p2a: E-killer Arceus|flinch\n|\n|-damage|p2a: E-killer Arceus|14\/100 tox|[from] psn\n|upkeep\n|turn|9\n|\n|t:|1700412047\n|move|p2a: E-killer Arceus|Quick Attack|p1a: gremlin\n|-damage|p1a: gremlin|15\/100\n|move|p1a: gremlin|Knock Off|p2a: E-killer Arceus\n|-damage|p2a: E-killer Arceus|0 fnt\n|-enditem|p2a: E-killer Arceus|Focus Sash|[from] move: Knock Off|[of] p1a: gremlin\n|faint|p2a: E-killer Arceus\n|\n|upkeep\n|\n|t:|1700412055\n|switch|p2a: Kleavor|Kleavor, F|100\/100\n|turn|10\n|\n|t:|1700412062\n|move|p2a: Kleavor|Stone Axe|p1a: gremlin\n|-supereffective|p1a: gremlin\n|-damage|p1a: gremlin|0 fnt\n|-sidestart|p1: gargoyle76|move: Stealth Rock\n|faint|p1a: gremlin\n|\n|upkeep\n|\n|t:|1700412065\n|switch|p1a: frog|Toxicroak, F|100\/100\n|-damage|p1a: frog|94\/100|[from] Stealth Rock\n|turn|11\n|\n|t:|1700412074\n|switch|p2a: Flygon|Flygon, F|100\/100\n|move|p1a: frog|Low Kick|p2a: Flygon\n|-damage|p2a: Flygon|55\/100\n|\n|-heal|p1a: frog|100\/100|[from] item: Leftovers\n|upkeep\n|turn|12\n|\n|t:|1700412087\n|move|p2a: Flygon|Boomburst|p1a: frog\n|-damage|p1a: frog|48\/100\n|-enditem|p2a: Flygon|Throat Spray\n|-boost|p2a: Flygon|spa|1|[from] item: Throat Spray\n|move|p1a: frog|Low Kick|p2a: Flygon\n|-damage|p2a: Flygon|1\/100\n|\n|-heal|p1a: frog|54\/100|[from] item: Leftovers\n|upkeep\n|turn|13\n|\n|t:|1700412091\n|move|p2a: Flygon|Earth Power|p1a: frog\n|-supereffective|p1a: frog\n|-damage|p1a: frog|0 fnt\n|faint|p1a: frog\n|\n|upkeep\n|\n|t:|1700412094\n|switch|p1a: Leaf|Leafeon, F|100\/100\n|-damage|p1a: Leaf|88\/100|[from] Stealth Rock\n|turn|14\n|\n|t:|1700412103\n|move|p2a: Flygon|Fire Blast|p1a: Leaf\n|-supereffective|p1a: Leaf\n|-damage|p1a: Leaf|0 fnt\n|faint|p1a: Leaf\n|\n|win|Unwornwolf\n|raw|gargoyle76's rating: 1082 &rarr; <strong>1067<\/strong><br \/>(-15 for losing)\n|raw|Unwornwolf's rating: 1192 &rarr; <strong>1209<\/strong><br \/>(+17 for winning)\n|l|\u2606gargoyle76\n","uploadtime":1700412110,"views":16,"p1id":"gargoyle76","p2id":"unwornwolf","formatid":"gen9nationaldex","rating":1067,"private":0,"password":""}