{"id":"gen9nationaldex-1993728044","p1":"Meeeerlinpinpin","p2":"goushijituan","format":"[Gen 9] National Dex","log":"|j|\u2606Meeeerlinpinpin\n|j|\u2606goushijituan\n|t:|1700350195\n|gametype|singles\n|player|p1|Meeeerlinpinpin|whitney|1394\n|player|p2|goushijituan|hiker-gen4|1316\n|teamsize|p1|6\n|teamsize|p2|6\n|gen|9\n|tier|[Gen 9] National Dex\n|rated|\n|rule|HP Percentage Mod: HP is shown in percentages\n|rule|Endless Battle Clause: Forcing endless battles is banned\n|rule|OHKO Clause: OHKO moves are banned\n|rule|Evasion Clause: Evasion abilities, items, and moves are banned\n|rule|Evasion Abilities Clause: Evasion abilities are banned\n|rule|Evasion Items Clause: Evasion items are banned\n|rule|Evasion Moves Clause: Evasion moves are banned\n|rule|Species Clause: Limit one of each Pok\u00e9mon\n|rule|Sleep Clause Mod: Limit one foe put to sleep\n|clearpoke\n|poke|p1|Tapu Koko|\n|poke|p1|Lopunny, F|\n|poke|p1|Iron Valiant|\n|poke|p1|Sneasler, F|\n|poke|p1|Ogerpon-Wellspring, F|\n|poke|p1|Iron Moth|\n|poke|p2|Alomomola, F|\n|poke|p2|Sableye, F|\n|poke|p2|Skeledirge, M|\n|poke|p2|Gliscor, M|\n|poke|p2|Clodsire, M|\n|poke|p2|Blissey, F|\n|teampreview\n|inactive|Battle timer is ON: inactive players will automatically lose when time's up. (requested by Meeeerlinpinpin)\n|\n|t:|1700350201\n|start\n|switch|p1a: Lopunny|Lopunny, F|100\/100\n|switch|p2a: Sableye|Sableye, F|100\/100\n|turn|1\n|\n|t:|1700350204\n|detailschange|p1a: Lopunny|Lopunny-Mega, F\n|-mega|p1a: Lopunny|Lopunny|Lopunnite\n|detailschange|p2a: Sableye|Sableye-Mega, F\n|-mega|p2a: Sableye|Sableye|Sablenite\n|move|p2a: Sableye|Protect|p2a: Sableye\n|-singleturn|p2a: Sableye|Protect\n|move|p1a: Lopunny|Fake Out|p2a: Sableye\n|-activate|p2a: Sableye|move: Protect\n|\n|upkeep\n|turn|2\n|\n|t:|1700350212\n|switch|p2a: Alomomola|Alomomola, F|100\/100\n|move|p1a: Lopunny|U-turn|p2a: Alomomola\n|-crit|p2a: Alomomola\n|-damage|p2a: Alomomola|82\/100\n|-damage|p1a: Lopunny|84\/100|[from] item: Rocky Helmet|[of] p2a: Alomomola\n|\n|t:|1700350218\n|switch|p1a: Ogerpon|Ogerpon-Wellspring, F|100\/100|[from] U-turn\n|\n|upkeep\n|turn|3\n|\n|t:|1700350226\n|move|p1a: Ogerpon|Swords Dance|p1a: Ogerpon\n|-boost|p1a: Ogerpon|atk|2\n|move|p2a: Alomomola|Toxic|p1a: Ogerpon\n|-status|p1a: Ogerpon|tox\n|\n|-damage|p1a: Ogerpon|95\/100 tox|[from] psn\n|upkeep\n|turn|4\n|\n|t:|1700350234\n|move|p2a: Alomomola|Protect|p2a: Alomomola\n|-singleturn|p2a: Alomomola|Protect\n|move|p1a: Ogerpon|Power Whip|p2a: Alomomola\n|-activate|p2a: Alomomola|move: Protect\n|\n|-damage|p1a: Ogerpon|83\/100 tox|[from] psn\n|upkeep\n|turn|5\n|\n|t:|1700350263\n|-terastallize|p2a: Alomomola|Dragon\n|move|p1a: Ogerpon|Power Whip|p2a: Alomomola\n|-resisted|p2a: Alomomola\n|-damage|p2a: Alomomola|45\/100\n|-damage|p1a: Ogerpon|66\/100 tox|[from] item: Rocky Helmet|[of] p2a: Alomomola\n|move|p2a: Alomomola|Wish|p2a: Alomomola\n|\n|-damage|p1a: Ogerpon|48\/100 tox|[from] psn\n|upkeep\n|turn|6\n|c|\u2606Meeeerlinpinpin|ohh man omg stall is so fcking fun xD lmfao lol\n|\n|t:|1700350282\n|move|p2a: Alomomola|Protect|p2a: Alomomola\n|-singleturn|p2a: Alomomola|Protect\n|move|p1a: Ogerpon|Play Rough|p2a: Alomomola\n|-activate|p2a: Alomomola|move: Protect\n|\n|-heal|p2a: Alomomola|95\/100|[from] move: Wish|[wisher] Alomomola\n|-damage|p1a: Ogerpon|24\/100 tox|[from] psn\n|upkeep\n|turn|7\n|\n|t:|1700350289\n|move|p1a: Ogerpon|Play Rough|p2a: Alomomola\n|-supereffective|p2a: Alomomola\n|-damage|p2a: Alomomola|20\/100\n|-damage|p1a: Ogerpon|7\/100 tox|[from] item: Rocky Helmet|[of] p2a: Alomomola\n|move|p2a: Alomomola|Wish|p2a: Alomomola\n|\n|-damage|p1a: Ogerpon|0 fnt|[from] psn\n|faint|p1a: Ogerpon\n|upkeep\n|c|\u2606Meeeerlinpinpin|get a life pls\n|\n|t:|1700350301\n|switch|p1a: Tapu Koko|Tapu Koko|100\/100\n|-fieldstart|move: Electric Terrain|[from] ability: Electric Surge|[of] p1a: Tapu Koko\n|turn|8\n|\n|t:|1700350303\n|move|p2a: Alomomola|Protect|p2a: Alomomola\n|-singleturn|p2a: Alomomola|Protect\n|move|p1a: Tapu Koko|Volt Switch|p2a: Alomomola\n|-activate|p2a: Alomomola|move: Protect\n|\n|-heal|p2a: Alomomola|70\/100|[from] move: Wish|[wisher] Alomomola\n|upkeep\n|turn|9\n|\n|t:|1700350307\n|switch|p2a: Clodsire|Clodsire, M|100\/100\n|move|p1a: Tapu Koko|Volt Switch|p2a: Clodsire\n|-immune|p2a: Clodsire\n|\n|upkeep\n|turn|10\n|\n|t:|1700350310\n|move|p1a: Tapu Koko|U-turn|p2a: Clodsire\n|-resisted|p2a: Clodsire\n|-damage|p2a: Clodsire|92\/100\n|\n|t:|1700350313\n|switch|p1a: Iron Valiant|Iron Valiant|100\/100|[from] U-turn\n|-activate|p1a: Iron Valiant|ability: Quark Drive\n|-start|p1a: Iron Valiant|quarkdrivespe\n|move|p2a: Clodsire|Stealth Rock|p1a: Iron Valiant\n|-sidestart|p1: Meeeerlinpinpin|move: Stealth Rock\n|\n|-heal|p2a: Clodsire|98\/100|[from] item: Leftovers\n|upkeep\n|turn|11\n|\n|t:|1700350321\n|switch|p2a: Alomomola|Alomomola, F, tera:Dragon|100\/100\n|move|p1a: Iron Valiant|Moonblast|p2a: Alomomola\n|-supereffective|p2a: Alomomola\n|-damage|p2a: Alomomola|0 fnt\n|faint|p2a: Alomomola\n|\n|upkeep\n|\n|t:|1700350327\n|switch|p2a: Clodsire|Clodsire, M|98\/100\n|turn|12\n|\n|t:|1700350330\n|-end|p1a: Iron Valiant|Quark Drive|[silent]\n|switch|p1a: Iron Moth|Iron Moth|100\/100\n|-damage|p1a: Iron Moth|76\/100|[from] Stealth Rock\n|-activate|p1a: Iron Moth|ability: Quark Drive\n|-start|p1a: Iron Moth|quarkdrivespa\n|move|p2a: Clodsire|Poison Jab|p1a: Iron Moth\n|-resisted|p1a: Iron Moth\n|-damage|p1a: Iron Moth|56\/100\n|\n|-heal|p2a: Clodsire|100\/100|[from] item: Leftovers\n|-fieldend|move: Electric Terrain\n|-end|p1a: Iron Moth|Quark Drive\n|upkeep\n|turn|13\n|\n|t:|1700350334\n|move|p1a: Iron Moth|Psychic|p2a: Clodsire\n|-supereffective|p2a: Clodsire\n|-damage|p2a: Clodsire|40\/100\n|move|p2a: Clodsire|Earthquake|p1a: Iron Moth\n|-supereffective|p1a: Iron Moth\n|-damage|p1a: Iron Moth|0 fnt\n|faint|p1a: Iron Moth\n|-end|p1a: Iron Moth|Quark Drive|[silent]\n|\n|-heal|p2a: Clodsire|46\/100|[from] item: Leftovers\n|upkeep\n|\n|t:|1700350341\n|switch|p1a: Tapu Koko|Tapu Koko|100\/100\n|-fieldstart|move: Electric Terrain|[from] ability: Electric Surge|[of] p1a: Tapu Koko\n|turn|14\n|\n|t:|1700350347\n|move|p1a: Tapu Koko|Nature's Madness|p2a: Clodsire\n|-damage|p2a: Clodsire|24\/100\n|move|p2a: Clodsire|Recover|p2a: Clodsire\n|-heal|p2a: Clodsire|74\/100\n|\n|-heal|p2a: Clodsire|80\/100|[from] item: Leftovers\n|upkeep\n|turn|15\n|\n|t:|1700350353\n|move|p1a: Tapu Koko|U-turn|p2a: Clodsire\n|-resisted|p2a: Clodsire\n|-damage|p2a: Clodsire|72\/100\n|\n|t:|1700350355\n|switch|p1a: Lopunny|Lopunny-Mega, F|84\/100|[from] U-turn\n|-damage|p1a: Lopunny|78\/100|[from] Stealth Rock\n|move|p2a: Clodsire|Recover|p2a: Clodsire\n|-heal|p2a: Clodsire|100\/100\n|\n|upkeep\n|turn|16\n|\n|t:|1700350359\n|switch|p2a: Gliscor|Gliscor, M|100\/100\n|move|p1a: Lopunny|Fake Out|p2a: Gliscor\n|-damage|p2a: Gliscor|88\/100\n|\n|-status|p2a: Gliscor|tox|[from] item: Toxic Orb\n|upkeep\n|turn|17\n|\n|t:|1700350362\n|move|p1a: Lopunny|U-turn|p2a: Gliscor\n|-resisted|p2a: Gliscor\n|-crit|p2a: Gliscor\n|-damage|p2a: Gliscor|77\/100 tox\n|\n|t:|1700350365\n|switch|p1a: Iron Valiant|Iron Valiant|100\/100|[from] U-turn\n|-damage|p1a: Iron Valiant|94\/100|[from] Stealth Rock\n|-activate|p1a: Iron Valiant|ability: Quark Drive\n|-start|p1a: Iron Valiant|quarkdrivespe\n|move|p2a: Gliscor|Spikes|p1a: Iron Valiant\n|-sidestart|p1: Meeeerlinpinpin|Spikes\n|\n|-heal|p2a: Gliscor|90\/100 tox|[from] ability: Poison Heal\n|upkeep\n|turn|18\n|\n|t:|1700350370\n|switch|p2a: Blissey|Blissey, F|100\/100\n|move|p1a: Iron Valiant|Moonblast|p2a: Blissey\n|-damage|p2a: Blissey|77\/100\n|-unboost|p2a: Blissey|spa|1\n|\n|-fieldend|move: Electric Terrain\n|-end|p1a: Iron Valiant|Quark Drive\n|upkeep\n|turn|19\n|\n|t:|1700350374\n|-end|p1a: Iron Valiant|Quark Drive|[silent]\n|switch|p1a: Tapu Koko|Tapu Koko|100\/100\n|-fieldstart|move: Electric Terrain|[from] ability: Electric Surge|[of] p1a: Tapu Koko\n|move|p2a: Blissey|Toxic|p1a: Tapu Koko\n|-status|p1a: Tapu Koko|tox\n|\n|-damage|p1a: Tapu Koko|94\/100 tox|[from] psn\n|upkeep\n|turn|20\n|\n|t:|1700350378\n|switch|p2a: Clodsire|Clodsire, M|100\/100\n|move|p1a: Tapu Koko|Nature's Madness|p2a: Clodsire\n|-damage|p2a: Clodsire|50\/100\n|\n|-heal|p2a: Clodsire|57\/100|[from] item: Leftovers\n|-damage|p1a: Tapu Koko|82\/100 tox|[from] psn\n|upkeep\n|turn|21\n|\n|t:|1700350380\n|move|p1a: Tapu Koko|U-turn|p2a: Clodsire\n|-resisted|p2a: Clodsire\n|-damage|p2a: Clodsire|49\/100\n|\n|t:|1700350382\n|switch|p1a: Sneasler|Sneasler, F|100\/100|[from] U-turn\n|-damage|p1a: Sneasler|95\/100|[from] Stealth Rock\n|-damage|p1a: Sneasler|82\/100|[from] Spikes\n|-enditem|p1a: Sneasler|Electric Seed\n|-boost|p1a: Sneasler|def|1|[from] item: Electric Seed\n|move|p2a: Clodsire|Recover|p2a: Clodsire\n|-heal|p2a: Clodsire|99\/100\n|\n|-heal|p2a: Clodsire|100\/100|[from] item: Leftovers\n|upkeep\n|turn|22\n|\n|t:|1700350388\n|switch|p2a: Sableye|Sableye-Mega, F|100\/100\n|move|p1a: Sneasler|Swords Dance|p1a: Sneasler\n|-boost|p1a: Sneasler|atk|2\n|\n|upkeep\n|turn|23\n|\n|t:|1700350393\n|-terastallize|p1a: Sneasler|Flying\n|move|p1a: Sneasler|Acrobatics|p2a: Sableye\n|-damage|p2a: Sableye|6\/100\n|move|p2a: Sableye|Will-O-Wisp|p1a: Sneasler\n|-status|p1a: Sneasler|brn\n|\n|-damage|p1a: Sneasler|76\/100 brn|[from] brn\n|-fieldend|move: Electric Terrain\n|upkeep\n|turn|24\n|\n|t:|1700350400\n|move|p2a: Sableye|Protect|p2a: Sableye\n|-singleturn|p2a: Sableye|Protect\n|move|p1a: Sneasler|Acrobatics|p2a: Sableye\n|-activate|p2a: Sableye|move: Protect\n|\n|-damage|p1a: Sneasler|70\/100 brn|[from] brn\n|upkeep\n|turn|25\n|n|!Meeeerlinpinpin|meeeerlinpinpin\n|inactive|Meeeerlinpinpin has 120 seconds left.\n|inactive|Meeeerlinpinpin has 90 seconds left.\n|inactive|Meeeerlinpinpin has 60 seconds left.\n|inactive|Meeeerlinpinpin has 30 seconds left.\n|inactive|Meeeerlinpinpin has 20 seconds left.\n|inactive|Meeeerlinpinpin has 15 seconds left.\n|inactive|Meeeerlinpinpin has 10 seconds left.\n|inactive|Meeeerlinpinpin has 5 seconds left.\n|-message|Meeeerlinpinpin lost due to inactivity.\n|\n|win|goushijituan\n|raw|Meeeerlinpinpin's rating: 1394 &rarr; <strong>1370<\/strong><br \/>(-24 for losing)\n|raw|goushijituan's rating: 1316 &rarr; <strong>1340<\/strong><br \/>(+24 for winning)\n|l|\u2606goushijituan\n","uploadtime":1700350406,"views":25,"p1id":"meeeerlinpinpin","p2id":"goushijituan","formatid":"gen9nationaldex","rating":1340,"private":0,"password":""}