{"id":"gen9nationaldex-2000671550","p1":"Maeby Mitenaut","p2":"ninjaballs","format":"[Gen 9] National Dex","log":"|html|<div class=\"broadcast-blue\"><strong>[Gen 9] National Dex is currently suspecting Sneasler! For information on how to participate check out the <a href=\"https:\/\/www.smogon.com\/forums\/threads\/sv-national-dex-suspect-8-just-dance.3731534\/\">suspect thread<\/a>.<\/strong><\/div>\n|j|\u2606Maeby Mitenaut\n|j|\u2606ninjaballs\n|t:|1701217028\n|gametype|singles\n|player|p1|Maeby Mitenaut|dahlia|1123\n|player|p2|ninjaballs|colress|1026\n|teamsize|p1|6\n|teamsize|p2|6\n|gen|9\n|tier|[Gen 9] National Dex\n|rated|\n|rule|HP Percentage Mod: HP is shown in percentages\n|rule|Endless Battle Clause: Forcing endless battles is banned\n|rule|OHKO Clause: OHKO moves are banned\n|rule|Evasion Clause: Evasion abilities, items, and moves are banned\n|rule|Evasion Abilities Clause: Evasion abilities are banned\n|rule|Evasion Items Clause: Evasion items are banned\n|rule|Evasion Moves Clause: Evasion moves are banned\n|rule|Species Clause: Limit one of each Pok\u00e9mon\n|rule|Sleep Clause Mod: Limit one foe put to sleep\n|clearpoke\n|poke|p1|Raichu-Alola, M|\n|poke|p1|Clodsire, F|\n|poke|p1|Tapu Koko|\n|poke|p1|Arctozolt|\n|poke|p1|Iron Hands|\n|poke|p1|Ninetales-Alola, M|\n|poke|p2|Ninjask, M|\n|poke|p2|Kartana|\n|poke|p2|Rotom-Wash|\n|poke|p2|Zeraora|\n|poke|p2|Alomomola, M|\n|poke|p2|Keldeo-Resolute|\n|teampreview\n|c|\u2606ninjaballs|GET OUTTA HERE THIS AINT MONOTYPE\n|\n|t:|1701217054\n|start\n|switch|p1a: Bluck Buck|Tapu Koko, shiny|100\/100\n|switch|p2a: Mach-8|Zeraora|100\/100\n|-fieldstart|move: Electric Terrain|[from] ability: Electric Surge|[of] p1a: Bluck Buck\n|turn|1\n|c|\u2606Maeby Mitenaut|lol\n|\n|t:|1701217081\n|-terastallize|p2a: Mach-8|Flying\n|move|p2a: Mach-8|Fake Out|p1a: Bluck Buck\n|-damage|p1a: Bluck Buck|87\/100\n|cant|p1a: Bluck Buck|flinch\n|\n|upkeep\n|turn|2\n|\n|t:|1701217100\n|switch|p1a: Ice Spice|Ninetales-Alola, M, shiny|100\/100\n|-weather|Snow|[from] ability: Snow Warning|[of] p1a: Ice Spice\n|move|p2a: Mach-8|Plasma Fists|p1a: Ice Spice\n|-damage|p1a: Ice Spice|65\/100\n|-fieldactivate|move: Ion Deluge\n|-hint|Normal-type moves become Electric-type after using Plasma Fists.\n|\n|-weather|Snow|[upkeep]\n|upkeep\n|turn|3\n|c|\u2606Maeby Mitenaut|whats my mono?\n|c|\u2606ninjaballs|o wait\n|c|\u2606Maeby Mitenaut|oh electric i guess\n|c|\u2606Maeby Mitenaut|i like a good buzz what can i say ;)\n|\n|t:|1701217145\n|move|p2a: Mach-8|Close Combat|p1a: Ice Spice\n|-damage|p1a: Ice Spice|33\/100\n|-unboost|p2a: Mach-8|def|1\n|-unboost|p2a: Mach-8|spd|1\n|move|p1a: Ice Spice|Aurora Veil|p1a: Ice Spice\n|-sidestart|p1: Maeby Mitenaut|move: Aurora Veil\n|\n|-weather|Snow|[upkeep]\n|upkeep\n|turn|4\n|\n|t:|1701217155\n|switch|p1a: Big Pap\u00ed|Iron Hands|100\/100\n|-activate|p1a: Big Pap\u00ed|ability: Quark Drive\n|-start|p1a: Big Pap\u00ed|quarkdriveatk\n|move|p2a: Mach-8|Close Combat|p1a: Big Pap\u00ed\n|-damage|p1a: Big Pap\u00ed|90\/100\n|-unboost|p2a: Mach-8|def|1\n|-unboost|p2a: Mach-8|spd|1\n|\n|-weather|Snow|[upkeep]\n|upkeep\n|turn|5\n|\n|t:|1701217167\n|switch|p2a: Alomomola|Alomomola, M|100\/100\n|move|p1a: Big Pap\u00ed|Thunder Punch|p2a: Alomomola\n|-supereffective|p2a: Alomomola\n|-damage|p2a: Alomomola|0 fnt\n|faint|p2a: Alomomola\n|\n|-weather|Snow|[upkeep]\n|upkeep\n|\n|t:|1701217179\n|switch|p2a: Mach-8|Zeraora, tera:Flying|100\/100\n|turn|6\n|\n|t:|1701217183\n|move|p2a: Mach-8|Fake Out|p1a: Big Pap\u00ed\n|-damage|p1a: Big Pap\u00ed|85\/100\n|cant|p1a: Big Pap\u00ed|flinch\n|\n|-weather|Snow|[upkeep]\n|upkeep\n|turn|7\n|\n|t:|1701217196\n|move|p2a: Mach-8|Acrobatics|p1a: Big Pap\u00ed\n|-damage|p1a: Big Pap\u00ed|77\/100\n|move|p1a: Big Pap\u00ed|Thunder Punch|p2a: Mach-8\n|-immune|p2a: Mach-8|[from] ability: Volt Absorb\n|\n|-weather|Snow|[upkeep]\n|-sideend|p1: Maeby Mitenaut|move: Aurora Veil\n|upkeep\n|turn|8\n|c|\u2606ninjaballs|lol\n|\n|t:|1701217208\n|move|p2a: Mach-8|Plasma Fists|p1a: Big Pap\u00ed\n|-resisted|p1a: Big Pap\u00ed\n|-damage|p1a: Big Pap\u00ed|63\/100\n|-fieldactivate|move: Ion Deluge\n|-hint|Normal-type moves become Electric-type after using Plasma Fists.\n|move|p1a: Big Pap\u00ed|Drain Punch|p2a: Mach-8\n|-resisted|p2a: Mach-8\n|-damage|p2a: Mach-8|46\/100\n|-heal|p1a: Big Pap\u00ed|80\/100|[from] drain|[of] p2a: Mach-8\n|\n|-weather|Snow|[upkeep]\n|-fieldend|move: Electric Terrain\n|-end|p1a: Big Pap\u00ed|Quark Drive\n|upkeep\n|turn|9\n|c|\u2606Maeby Mitenaut|oh yeah lol forgorrr\n|\n|t:|1701217221\n|switch|p2a: Keldeo|Keldeo-Resolute|100\/100\n|move|p1a: Big Pap\u00ed|Fire Punch|p2a: Keldeo\n|-resisted|p2a: Keldeo\n|-damage|p2a: Keldeo|84\/100\n|\n|-weather|none\n|-heal|p2a: Keldeo|90\/100|[from] item: Leftovers\n|upkeep\n|turn|10\n|\n|t:|1701217235\n|switch|p2a: Mach-8|Zeraora, tera:Flying|46\/100\n|move|p1a: Big Pap\u00ed|Fire Punch|p2a: Mach-8\n|-damage|p2a: Mach-8|0 fnt\n|faint|p2a: Mach-8\n|\n|upkeep\n|\n|t:|1701217242\n|switch|p2a: Keldeo|Keldeo-Resolute|90\/100\n|turn|11\n|\n|t:|1701217250\n|move|p2a: Keldeo|Scald|p1a: Big Pap\u00ed\n|-damage|p1a: Big Pap\u00ed|53\/100\n|move|p1a: Big Pap\u00ed|Thunder Punch|p2a: Keldeo\n|-supereffective|p2a: Keldeo\n|-damage|p2a: Keldeo|0 fnt\n|faint|p2a: Keldeo\n|\n|upkeep\n|\n|t:|1701217263\n|switch|p2a: Kartana|Kartana, shiny|100\/100\n|turn|12\n|\n|t:|1701217268\n|move|p2a: Kartana|Leaf Blade|p1a: Big Pap\u00ed\n|-damage|p1a: Big Pap\u00ed|15\/100\n|move|p1a: Big Pap\u00ed|Fire Punch|p2a: Kartana\n|-supereffective|p2a: Kartana\n|-enditem|p2a: Kartana|Focus Sash\n|-damage|p2a: Kartana|1\/100\n|\n|upkeep\n|turn|13\n|\n|t:|1701217280\n|-end|p1a: Big Pap\u00ed|Quark Drive|[silent]\n|switch|p1a: Bluck Buck|Tapu Koko, shiny|87\/100\n|-fieldstart|move: Electric Terrain|[from] ability: Electric Surge|[of] p1a: Bluck Buck\n|move|p2a: Kartana|Leaf Blade|p1a: Bluck Buck\n|-damage|p1a: Bluck Buck|22\/100\n|\n|upkeep\n|turn|14\n|\n|t:|1701217288\n|move|p1a: Bluck Buck|U-turn|p2a: Kartana\n|-damage|p2a: Kartana|0 fnt\n|faint|p2a: Kartana\n|\n|t:|1701217291\n|switch|p1a: Ice Spice|Ninetales-Alola, M, shiny|33\/100|[from] U-turn\n|-weather|Snow|[from] ability: Snow Warning|[of] p1a: Ice Spice\n|\n|-weather|Snow|[upkeep]\n|upkeep\n|\n|t:|1701217296\n|switch|p2a: Ninjask|Ninjask, M|100\/100\n|turn|15\n|\n|t:|1701217303\n|switch|p1a: Gritty|Arctozolt, shiny|100\/100\n|move|p2a: Ninjask|Swords Dance|p2a: Ninjask\n|-boost|p2a: Ninjask|atk|2\n|\n|-weather|Snow|[upkeep]\n|upkeep\n|turn|16\n|\n|t:|1701217312\n|move|p2a: Ninjask|Swords Dance|p2a: Ninjask\n|-boost|p2a: Ninjask|atk|2\n|move|p1a: Gritty|Bolt Beak|p2a: Ninjask\n|-supereffective|p2a: Ninjask\n|-enditem|p2a: Ninjask|Focus Sash\n|-damage|p2a: Ninjask|1\/100\n|\n|-weather|Snow|[upkeep]\n|upkeep\n|turn|17\n|\n|t:|1701217322\n|move|p2a: Ninjask|Acrobatics|p1a: Gritty\n|-resisted|p1a: Gritty\n|-damage|p1a: Gritty|49\/100\n|move|p1a: Gritty|Blizzard|p2a: Ninjask\n|-supereffective|p2a: Ninjask\n|-damage|p2a: Ninjask|0 fnt\n|faint|p2a: Ninjask\n|\n|-weather|Snow|[upkeep]\n|upkeep\n|\n|t:|1701217331\n|switch|p2a: Rotom|Rotom-Wash|100\/100\n|turn|18\n|\n|t:|1701217339\n|switch|p1a: Muddy Buddy|Clodsire, F|100\/100\n|move|p2a: Rotom|Shadow Ball|p1a: Muddy Buddy\n|-damage|p1a: Muddy Buddy|89\/100\n|\n|-weather|Snow|[upkeep]\n|-heal|p1a: Muddy Buddy|95\/100|[from] item: Leftovers\n|upkeep\n|turn|19\n|\n|t:|1701217348\n|move|p2a: Rotom|Shadow Ball|p1a: Muddy Buddy\n|-damage|p1a: Muddy Buddy|84\/100\n|move|p1a: Muddy Buddy|Toxic|p2a: Rotom\n|-status|p2a: Rotom|tox\n|\n|-weather|Snow|[upkeep]\n|-heal|p1a: Muddy Buddy|91\/100|[from] item: Leftovers\n|-damage|p2a: Rotom|94\/100 tox|[from] psn\n|upkeep\n|turn|20\n|c|\u2606Maeby Mitenaut|ggz\n|-message|ninjaballs forfeited.\n|\n|win|Maeby Mitenaut\n|raw|Maeby Mitenaut's rating: 1123 &rarr; <strong>1141<\/strong><br \/>(+18 for winning)\n|raw|ninjaballs's rating: 1026 &rarr; <strong>1016<\/strong><br \/>(-10 for losing)\n|l|\u2606ninjaballs\n|l|\u2606Maeby Mitenaut\n","uploadtime":1701217380,"views":0,"p1id":"maebymitenaut","p2id":"ninjaballs","formatid":"gen9nationaldex","rating":1016,"private":0,"password":""}