{"id":"gen9nationaldex-1988506600","p1":"Hyljys","p2":"ArktikAlice","format":"[Gen 9] National Dex","log":"|j|\u2606Hyljys\n|j|\u2606ArktikAlice\n|t:|1699730261\n|gametype|singles\n|player|p1|Hyljys|acetrainersnow|\n|player|p2|ArktikAlice|265|\n|teamsize|p1|6\n|teamsize|p2|6\n|gen|9\n|tier|[Gen 9] National Dex\n|rule|HP Percentage Mod: HP is shown in percentages\n|rule|Endless Battle Clause: Forcing endless battles is banned\n|rule|OHKO Clause: OHKO moves are banned\n|rule|Evasion Clause: Evasion abilities, items, and moves are banned\n|rule|Evasion Abilities Clause: Evasion abilities are banned\n|rule|Evasion Items Clause: Evasion items are banned\n|rule|Evasion Moves Clause: Evasion moves are banned\n|rule|Species Clause: Limit one of each Pok\u00e9mon\n|rule|Sleep Clause Mod: Limit one foe put to sleep\n|clearpoke\n|poke|p1|Bewear, F|\n|poke|p1|Blissey, F|\n|poke|p1|Maushold-Four|\n|poke|p1|Regigigas|\n|poke|p1|Type: Null|\n|poke|p1|Zorua-Hisui, F|\n|poke|p2|Maushold-Four|\n|poke|p2|Wigglytuff, F|\n|poke|p2|Cyclizar, M|\n|poke|p2|Vigoroth, M|\n|poke|p2|Heliolisk, M|\n|poke|p2|Porygon2|\n|teampreview\n|c|\u2606Hyljys|gl hf\n|j| Kryn\n|j| Juanivia\n|j| CarboKill\n|c|\u2606ArktikAlice|glhf :3\n|j| Swoodle1030\n|c| Juanivia|glhf!\n|c| Kryn|glhf!!\n|c|\u2606ArktikAlice|omg papi juan <3\n|c| Juanivia|:D\n|c| Kryn|regigigas pog\n|\n|t:|1699730319\n|start\n|switch|p1a: Giga Ass|Regigigas|100\/100\n|switch|p2a: Punching Bag|Wigglytuff, F, shiny|100\/100\n|-start|p1a: Giga Ass|ability: Slow Start\n|turn|1\n|c|\u2606ArktikAlice|Didn't expect that\n|\n|t:|1699730333\n|move|p1a: Giga Ass|Toxic|p2a: Punching Bag\n|-status|p2a: Punching Bag|tox\n|move|p2a: Punching Bag|Thunderbolt|p1a: Giga Ass\n|-damage|p1a: Giga Ass|83\/100\n|\n|-heal|p1a: Giga Ass|89\/100|[from] item: Leftovers\n|-damage|p2a: Punching Bag|94\/100 tox|[from] psn\n|upkeep\n|turn|2\n|\n|t:|1699730346\n|move|p1a: Giga Ass|Return|p2a: Punching Bag\n|-damage|p2a: Punching Bag|64\/100 tox\n|-damage|p1a: Giga Ass|73\/100|[from] item: Rocky Helmet|[of] p2a: Punching Bag\n|move|p2a: Punching Bag|Fire Blast|p1a: Giga Ass|[miss]\n|-miss|p2a: Punching Bag|p1a: Giga Ass\n|\n|-heal|p1a: Giga Ass|79\/100|[from] item: Leftovers\n|-damage|p2a: Punching Bag|52\/100 tox|[from] psn\n|upkeep\n|turn|3\n|\n|t:|1699730359\n|move|p1a: Giga Ass|Toxic|p2a: Punching Bag\n|-fail|p2a: Punching Bag|tox\n|move|p2a: Punching Bag|Fire Blast|p1a: Giga Ass\n|-damage|p1a: Giga Ass|58\/100\n|-status|p1a: Giga Ass|brn\n|\n|-heal|p1a: Giga Ass|64\/100 brn|[from] item: Leftovers\n|-damage|p2a: Punching Bag|34\/100 tox|[from] psn\n|-damage|p1a: Giga Ass|58\/100 brn|[from] brn\n|upkeep\n|turn|4\n|\n|t:|1699730370\n|move|p1a: Giga Ass|Rest|p1a: Giga Ass\n|-status|p1a: Giga Ass|slp|[from] move: Rest\n|-heal|p1a: Giga Ass|100\/100 slp|[silent]\n|move|p2a: Punching Bag|Draining Kiss|p1a: Giga Ass\n|-damage|p1a: Giga Ass|87\/100 slp\n|-heal|p2a: Punching Bag|44\/100 tox|[from] drain|[of] p1a: Giga Ass\n|\n|-heal|p1a: Giga Ass|93\/100 slp|[from] item: Leftovers\n|-damage|p2a: Punching Bag|19\/100 tox|[from] psn\n|upkeep\n|turn|5\n|j| imAnthonybroNew\n|\n|t:|1699730380\n|cant|p1a: Giga Ass|slp\n|move|p1a: Giga Ass|Sleep Talk|p1a: Giga Ass\n|move|p1a: Giga Ass|Rest||[from]move: Sleep Talk|[still]\n|-fail|p1a: Giga Ass\n|move|p2a: Punching Bag|Draining Kiss|p1a: Giga Ass\n|-damage|p1a: Giga Ass|79\/100 slp\n|-heal|p2a: Punching Bag|30\/100 tox|[from] drain|[of] p1a: Giga Ass\n|\n|-heal|p1a: Giga Ass|85\/100 slp|[from] item: Leftovers\n|-damage|p2a: Punching Bag|0 fnt|[from] psn\n|faint|p2a: Punching Bag\n|-end|p1a: Giga Ass|Slow Start\n|upkeep\n|c|\u2606ArktikAlice|ah fuck\n|\n|t:|1699730407\n|switch|p2a: Ride that Dog|Cyclizar, M|100\/100\n|turn|6\n|\n|t:|1699730421\n|move|p2a: Ride that Dog|Substitute|p2a: Ride that Dog\n|-start|p2a: Ride that Dog|Substitute\n|-damage|p2a: Ride that Dog|76\/100\n|cant|p1a: Giga Ass|slp\n|move|p1a: Giga Ass|Sleep Talk|p1a: Giga Ass\n|move|p1a: Giga Ass|Return|p2a: Ride that Dog|[from]move: Sleep Talk\n|-end|p2a: Ride that Dog|Substitute\n|\n|-heal|p1a: Giga Ass|91\/100 slp|[from] item: Leftovers\n|upkeep\n|turn|7\n|\n|t:|1699730435\n|move|p2a: Ride that Dog|U-turn|p1a: Giga Ass\n|-damage|p1a: Giga Ass|79\/100 slp\n|\n|t:|1699730440\n|switch|p2a: Drunk Uncle|Vigoroth, M, shiny|100\/100|[from] U-turn\n|-curestatus|p1a: Giga Ass|slp|[msg]\n|move|p1a: Giga Ass|Return|p2a: Drunk Uncle\n|-damage|p2a: Drunk Uncle|63\/100\n|\n|-heal|p1a: Giga Ass|85\/100|[from] item: Leftovers\n|upkeep\n|turn|8\n|\n|t:|1699730454\n|move|p1a: Giga Ass|Return|p2a: Drunk Uncle\n|-damage|p2a: Drunk Uncle|24\/100\n|move|p2a: Drunk Uncle|Rock Slide|p1a: Giga Ass\n|-damage|p1a: Giga Ass|75\/100\n|\n|-heal|p1a: Giga Ass|81\/100|[from] item: Leftovers\n|upkeep\n|turn|9\n|c| Kryn|lmao he's so bulky\n|\n|t:|1699730463\n|move|p1a: Giga Ass|Return|p2a: Drunk Uncle\n|-damage|p2a: Drunk Uncle|0 fnt\n|faint|p2a: Drunk Uncle\n|\n|-heal|p1a: Giga Ass|87\/100|[from] item: Leftovers\n|upkeep\n|c|\u2606ArktikAlice|big god\n|\n|t:|1699730470\n|switch|p2a: Bob|Heliolisk, M|100\/100\n|turn|10\n|c| imAnthonybroNew|I knew someone's ass was gonna bring em\n|c|\u2606ArktikAlice|Giga God\n|\n|t:|1699730477\n|move|p1a: Giga Ass|Return|p2a: Bob\n|-damage|p2a: Bob|9\/100\n|move|p2a: Bob|Grass Knot|p1a: Giga Ass\n|-damage|p1a: Giga Ass|61\/100\n|\n|-heal|p1a: Giga Ass|67\/100|[from] item: Leftovers\n|-heal|p2a: Bob|15\/100|[from] item: Leftovers\n|upkeep\n|turn|11\n|\n|t:|1699730487\n|move|p1a: Giga Ass|Return|p2a: Bob\n|-damage|p2a: Bob|0 fnt\n|faint|p2a: Bob\n|\n|-heal|p1a: Giga Ass|74\/100|[from] item: Leftovers\n|upkeep\n|\n|t:|1699730493\n|switch|p2a: Ride that Dog|Cyclizar, M|100\/100\n|turn|12\n|c|\u2606Hyljys|What not having Slow Start does to a motherfucker\n|\n|t:|1699730501\n|move|p2a: Ride that Dog|Dragon Pulse|p1a: Giga Ass\n|-damage|p1a: Giga Ass|50\/100\n|move|p1a: Giga Ass|Return|p2a: Ride that Dog\n|-damage|p2a: Ride that Dog|2\/100\n|\n|-heal|p1a: Giga Ass|56\/100|[from] item: Leftovers\n|upkeep\n|turn|13\n|\n|t:|1699730509\n|move|p2a: Ride that Dog|Overheat|p1a: Giga Ass\n|-damage|p1a: Giga Ass|30\/100\n|-unboost|p2a: Ride that Dog|spa|2\n|move|p1a: Giga Ass|Return|p2a: Ride that Dog\n|-damage|p2a: Ride that Dog|0 fnt\n|faint|p2a: Ride that Dog\n|\n|-heal|p1a: Giga Ass|36\/100|[from] item: Leftovers\n|upkeep\n|\n|t:|1699730519\n|switch|p2a: Balkans|Maushold-Four|100\/100\n|turn|14\n|c|\u2606ArktikAlice|NotLikeThis\n|\n|t:|1699730525\n|-end|p1a: Giga Ass|Slow Start|[silent]\n|switch|p1a: Victoria|Bewear, F|100\/100\n|move|p2a: Balkans|Population Bomb|p1a: Victoria|[miss]\n|-miss|p2a: Balkans|p1a: Victoria\n|\n|upkeep\n|turn|15\n|c|\u2606Hyljys|oof\n|\n|t:|1699730536\n|move|p2a: Balkans|Play Rough|p1a: Victoria\n|-supereffective|p1a: Victoria\n|-damage|p1a: Victoria|86\/100\n|-damage|p2a: Balkans|84\/100|[from] item: Rocky Helmet|[of] p1a: Victoria\n|move|p1a: Victoria|Return|p2a: Balkans\n|-damage|p2a: Balkans|21\/100\n|\n|upkeep\n|turn|16\n|c| Kryn|unluck\n|c| Kryn|lmao the rocky helmet\n|\n|t:|1699730546\n|move|p2a: Balkans|Aerial Ace|p1a: Victoria\n|-supereffective|p1a: Victoria\n|-damage|p1a: Victoria|72\/100\n|-damage|p2a: Balkans|5\/100|[from] item: Rocky Helmet|[of] p1a: Victoria\n|move|p1a: Victoria|Return|p2a: Balkans\n|-damage|p2a: Balkans|0 fnt\n|faint|p2a: Balkans\n|\n|upkeep\n|\n|t:|1699730554\n|switch|p2a: PS1 Graphics|Porygon2, shiny|100\/100\n|turn|17\n|\n|t:|1699730562\n|move|p1a: Victoria|Toxic|p2a: PS1 Graphics\n|-status|p2a: PS1 Graphics|tox\n|move|p2a: PS1 Graphics|Discharge|p1a: Victoria\n|-damage|p1a: Victoria|47\/100\n|-status|p1a: Victoria|par\n|\n|-damage|p2a: PS1 Graphics|94\/100 tox|[from] psn\n|upkeep\n|turn|18\n|\n|t:|1699730571\n|move|p2a: PS1 Graphics|Discharge|p1a: Victoria\n|-damage|p1a: Victoria|27\/100 par\n|cant|p1a: Victoria|par\n|\n|-damage|p2a: PS1 Graphics|82\/100 tox|[from] psn\n|upkeep\n|turn|19\n|\n|t:|1699730583\n|switch|p1a: Giga Ass|Regigigas|36\/100\n|-start|p1a: Giga Ass|ability: Slow Start\n|move|p2a: PS1 Graphics|Discharge|p1a: Giga Ass\n|-damage|p1a: Giga Ass|19\/100\n|-status|p1a: Giga Ass|par\n|\n|-heal|p1a: Giga Ass|25\/100 par|[from] item: Leftovers\n|-damage|p2a: PS1 Graphics|64\/100 tox|[from] psn\n|upkeep\n|turn|20\n|\n|t:|1699730598\n|move|p2a: PS1 Graphics|Ice Beam|p1a: Giga Ass\n|-damage|p1a: Giga Ass|10\/100 par\n|move|p1a: Giga Ass|Rest|p1a: Giga Ass\n|-status|p1a: Giga Ass|slp|[from] move: Rest\n|-heal|p1a: Giga Ass|100\/100 slp|[silent]\n|\n|-damage|p2a: PS1 Graphics|39\/100 tox|[from] psn\n|upkeep\n|turn|21\n|c|\u2606ArktikAlice|haha welp\n|c|\u2606ArktikAlice|gg\n|\n|t:|1699730609\n|cant|p1a: Giga Ass|slp\n|move|p1a: Giga Ass|Sleep Talk|p1a: Giga Ass\n|move|p1a: Giga Ass|Rest||[from]move: Sleep Talk|[still]\n|-fail|p1a: Giga Ass\n|move|p2a: PS1 Graphics|Ice Beam|p1a: Giga Ass\n|-damage|p1a: Giga Ass|83\/100 slp\n|\n|-heal|p1a: Giga Ass|89\/100 slp|[from] item: Leftovers\n|-damage|p2a: PS1 Graphics|8\/100 tox|[from] psn\n|upkeep\n|turn|22\n|c|\u2606Hyljys|gg\n|\n|t:|1699730618\n|cant|p1a: Giga Ass|slp\n|move|p1a: Giga Ass|Sleep Talk|p1a: Giga Ass\n|move|p1a: Giga Ass|Rest||[from]move: Sleep Talk|[still]\n|-fail|p1a: Giga Ass\n|move|p2a: PS1 Graphics|Ice Beam|p1a: Giga Ass\n|-damage|p1a: Giga Ass|70\/100 slp\n|\n|-heal|p1a: Giga Ass|76\/100 slp|[from] item: Leftovers\n|-damage|p2a: PS1 Graphics|0 fnt|[from] psn\n|faint|p2a: PS1 Graphics\n|\n|win|Hyljys\n|upkeep\n|c| Kryn|gg\n|l| CarboKill\n","uploadtime":1699730624,"views":13,"p1id":"hyljys","p2id":"arktikalice","formatid":"gen9nationaldex","rating":0,"private":0,"password":""}