{"id":"gen9nationaldex-1999146303","p1":"Yosekpo24","p2":"monsterapper","format":"[Gen 9] National Dex","log":"|html|<div class=\"broadcast-blue\"><strong>[Gen 9] National Dex is currently suspecting Sneasler! For information on how to participate check out the <a href=\"https:\/\/www.smogon.com\/forums\/threads\/sv-national-dex-suspect-8-just-dance.3731534\/\">suspect thread<\/a>.<\/strong><\/div>\n|j|\u2606Yosekpo24\n|j|\u2606monsterapper\n|t:|1701038208\n|gametype|singles\n|player|p1|Yosekpo24|2|1348\n|player|p2|monsterapper|veteran|1391\n|teamsize|p1|6\n|teamsize|p2|6\n|gen|9\n|tier|[Gen 9] National Dex\n|rated|\n|rule|HP Percentage Mod: HP is shown in percentages\n|rule|Endless Battle Clause: Forcing endless battles is banned\n|rule|OHKO Clause: OHKO moves are banned\n|rule|Evasion Clause: Evasion abilities, items, and moves are banned\n|rule|Evasion Abilities Clause: Evasion abilities are banned\n|rule|Evasion Items Clause: Evasion items are banned\n|rule|Evasion Moves Clause: Evasion moves are banned\n|rule|Species Clause: Limit one of each Pok\u00e9mon\n|rule|Sleep Clause Mod: Limit one foe put to sleep\n|clearpoke\n|poke|p1|Mimikyu, M|\n|poke|p1|Greninja-*, M|\n|poke|p1|Cinderace, F|\n|poke|p1|Gliscor, M|\n|poke|p1|Sableye, M|\n|poke|p1|Aegislash, M|\n|poke|p2|Lopunny, F|\n|poke|p2|Zoroark-Hisui, F|\n|poke|p2|Blissey, F|\n|poke|p2|Ditto|\n|poke|p2|Staraptor, F|\n|poke|p2|Ursaluna, M|\n|teampreview\n|c|\u2606Yosekpo24|gl\n|c|\u2606monsterapper|u2\n|inactive|Battle timer is ON: inactive players will automatically lose when time's up. (requested by Yosekpo24)\n|\n|t:|1701038228\n|start\n|switch|p1a: Sableye|Sableye, M|100\/100\n|switch|p2a: Miruko|Lopunny, F|100\/100\n|turn|1\n|\n|t:|1701038233\n|detailschange|p2a: Miruko|Lopunny-Mega, F\n|-mega|p2a: Miruko|Lopunny|Lopunnite\n|move|p2a: Miruko|Fake Out|p1a: Sableye\n|-damage|p1a: Sableye|75\/100\n|cant|p1a: Sableye|flinch\n|\n|upkeep\n|turn|2\n|\n|t:|1701038240\n|switch|p2a: Oliver|Ursaluna, M|100\/100\n|move|p1a: Sableye|Will-O-Wisp|p2a: Oliver\n|-status|p2a: Oliver|brn\n|\n|-damage|p2a: Oliver|94\/100 brn|[from] brn\n|upkeep\n|turn|3\n|\n|t:|1701038255\n|switch|p1a: Gliscor|Gliscor, M|100\/100\n|move|p2a: Oliver|Swords Dance|p2a: Oliver\n|-boost|p2a: Oliver|atk|2\n|\n|-damage|p2a: Oliver|88\/100 brn|[from] brn\n|-status|p1a: Gliscor|tox|[from] item: Toxic Orb\n|upkeep\n|turn|4\n|\n|t:|1701038265\n|move|p1a: Gliscor|Earthquake|p2a: Oliver\n|-damage|p2a: Oliver|59\/100 brn\n|move|p2a: Oliver|Facade|p1a: Gliscor\n|-damage|p1a: Gliscor|0 fnt\n|faint|p1a: Gliscor\n|\n|-damage|p2a: Oliver|53\/100 brn|[from] brn\n|upkeep\n|\n|t:|1701038273\n|switch|p1a: Greninja|Greninja, M|100\/100\n|turn|5\n|\n|t:|1701038278\n|switch|p2a: Tamago|Blissey, F|100\/100\n|move|p1a: Greninja|Hydro Pump|p2a: Tamago|[miss]\n|-miss|p1a: Greninja|p2a: Tamago\n|\n|upkeep\n|turn|6\n|\n|t:|1701038285\n|switch|p1a: Aegislash|Aegislash, M|100\/100\n|move|p2a: Tamago|Teleport|p2a: Tamago\n|\n|t:|1701038299\n|switch|p2a: Oliver|Ursaluna, M|53\/100 brn|[from] Teleport\n|\n|-damage|p2a: Oliver|47\/100 brn|[from] brn\n|upkeep\n|turn|7\n|\n|t:|1701038305\n|move|p2a: Oliver|Swords Dance|p2a: Oliver\n|-boost|p2a: Oliver|atk|2\n|-formechange|p1a: Aegislash|Aegislash-Blade||[from] ability: Stance Change\n|move|p1a: Aegislash|Sacred Sword|p2a: Oliver\n|-supereffective|p2a: Oliver\n|-damage|p2a: Oliver|0 fnt\n|faint|p2a: Oliver\n|\n|upkeep\n|\n|t:|1701038318\n|switch|p2a: Miruko|Lopunny-Mega, F|100\/100\n|turn|8\n|\n|t:|1701038322\n|-formechange|p1a: Aegislash|Aegislash||[from] ability: Stance Change\n|move|p1a: Aegislash|King's Shield|p1a: Aegislash\n|-singleturn|p1a: Aegislash|Protect\n|move|p2a: Miruko|Nasty Plot|p2a: Miruko\n|-boost|p2a: Miruko|spa|2\n|\n|upkeep\n|turn|9\n|\n|t:|1701038330\n|switch|p1a: Greninja|Greninja, M|100\/100\n|move|p2a: Miruko|Flamethrower|p1a: Greninja\n|-resisted|p1a: Greninja\n|-damage|p1a: Greninja|49\/100\n|\n|upkeep\n|turn|10\n|\n|t:|1701038344\n|move|p1a: Greninja|Dark Pulse|p2a: Miruko\n|-supereffective|p2a: Miruko\n|-enditem|p2a: Miruko|Focus Sash\n|-damage|p2a: Miruko|1\/100\n|replace|p2a: E621|Zoroark-Hisui, F\n|-end|p2a: E621|Illusion\n|move|p2a: E621|Hyper Voice|p1a: Greninja\n|-damage|p1a: Greninja|0 fnt\n|faint|p1a: Greninja\n|\n|upkeep\n|\n|t:|1701038358\n|switch|p1a: Sableye|Sableye, M|75\/100\n|turn|11\n|\n|t:|1701038365\n|move|p1a: Sableye|Encore|p2a: E621\n|-start|p2a: E621|Encore\n|move|p2a: E621|Hyper Voice|p1a: Sableye\n|-immune|p1a: Sableye\n|\n|upkeep\n|turn|12\n|\n|t:|1701038385\n|switch|p2a: Shang Tsung|Ditto|100\/100\n|-transform|p2a: Shang Tsung|p1a: Sableye|[from] ability: Imposter\n|move|p1a: Sableye|Will-O-Wisp|p2a: Shang Tsung\n|-hint|Since gen 7, Dark is immune to Prankster moves.\n|-immune|p2a: Shang Tsung\n|\n|upkeep\n|turn|13\n|\n|t:|1701038401\n|detailschange|p1a: Sableye|Sableye-Mega, M\n|-mega|p1a: Sableye|Sableye|Sablenite\n|move|p2a: Shang Tsung|Knock Off|p1a: Sableye\n|-damage|p1a: Sableye|59\/100\n|move|p1a: Sableye|Encore|p2a: Shang Tsung\n|-start|p2a: Shang Tsung|Encore\n|\n|upkeep\n|turn|14\n|\n|t:|1701038409\n|move|p2a: Shang Tsung|Knock Off|p1a: Sableye\n|-damage|p1a: Sableye|43\/100\n|move|p1a: Sableye|Will-O-Wisp|p2a: Shang Tsung\n|-status|p2a: Shang Tsung|brn\n|\n|-damage|p2a: Shang Tsung|94\/100 brn|[from] brn\n|upkeep\n|turn|15\n|\n|t:|1701038422\n|switch|p2a: Miruko|Lopunny-Mega, F|100\/100\n|switch|p1a: Cinderace|Cinderace, F|100\/100\n|\n|upkeep\n|turn|16\n|\n|t:|1701038428\n|switch|p1a: Aegislash|Aegislash, M|100\/100\n|move|p2a: Miruko|Fake Out|p1a: Aegislash\n|-resisted|p1a: Aegislash\n|-damage|p1a: Aegislash|92\/100\n|\n|-heal|p1a: Aegislash|98\/100|[from] item: Leftovers\n|upkeep\n|turn|17\n|\n|t:|1701038437\n|switch|p2a: Shang Tsung|Ditto|1\/100\n|move|p1a: Aegislash|King's Shield||[still]\n|-fail|p1a: Aegislash\n|\n|-heal|p1a: Aegislash|100\/100|[from] item: Leftovers\n|upkeep\n|turn|18\n|\n|t:|1701038443\n|switch|p1a: Cinderace|Cinderace, F|100\/100\n|move|p2a: Shang Tsung|Flamethrower|p1a: Cinderace\n|-resisted|p1a: Cinderace\n|-damage|p1a: Cinderace|79\/100\n|\n|upkeep\n|turn|19\n|\n|t:|1701038450\n|switch|p2a: DemonDice|Staraptor, F|100\/100\n|-ability|p2a: DemonDice|Intimidate|boost\n|-unboost|p1a: Cinderace|atk|1\n|move|p1a: Cinderace|Trailblaze|p2a: DemonDice\n|-start|p1a: Cinderace|typechange|Grass|[from] ability: Libero\n|-resisted|p2a: DemonDice\n|-damage|p2a: DemonDice|94\/100\n|-boost|p1a: Cinderace|spe|1\n|\n|upkeep\n|turn|20\n|\n|t:|1701038460\n|switch|p1a: Aegislash|Aegislash, M|100\/100\n|move|p2a: DemonDice|U-turn|p1a: Aegislash\n|-resisted|p1a: Aegislash\n|-damage|p1a: Aegislash|97\/100\n|\n|t:|1701038465\n|switch|p2a: Shang Tsung|Ditto|1\/100|[from] U-turn\n|\n|-heal|p1a: Aegislash|100\/100|[from] item: Leftovers\n|upkeep\n|turn|21\n|\n|t:|1701038471\n|switch|p1a: Cinderace|Cinderace, F|79\/100\n|move|p2a: Shang Tsung|Shadow Ball|p1a: Cinderace\n|-damage|p1a: Cinderace|22\/100\n|\n|upkeep\n|turn|22\n|\n|t:|1701038478\n|switch|p2a: DemonDice|Staraptor, F|94\/100\n|-ability|p2a: DemonDice|Intimidate|boost\n|-unboost|p1a: Cinderace|atk|1\n|move|p1a: Cinderace|Pyro Ball|p2a: DemonDice\n|-damage|p2a: DemonDice|60\/100\n|\n|upkeep\n|turn|23\n|\n|t:|1701038484\n|move|p1a: Cinderace|Pyro Ball|p2a: DemonDice\n|-damage|p2a: DemonDice|29\/100\n|move|p2a: DemonDice|U-turn|p1a: Cinderace\n|-resisted|p1a: Cinderace\n|-damage|p1a: Cinderace|7\/100\n|\n|t:|1701038493\n|switch|p2a: Miruko|Lopunny-Mega, F|100\/100|[from] U-turn\n|\n|upkeep\n|turn|24\n|\n|t:|1701038498\n|move|p2a: Miruko|U-turn|p1a: Cinderace\n|-resisted|p1a: Cinderace\n|-damage|p1a: Cinderace|0 fnt\n|faint|p1a: Cinderace\n|\n|t:|1701038506\n|switch|p2a: Shang Tsung|Ditto|1\/100|[from] U-turn\n|\n|upkeep\n|\n|t:|1701038514\n|switch|p1a: Mimikyu|Mimikyu, M, shiny|100\/100\n|turn|25\n|\n|t:|1701038521\n|switch|p2a: Miruko|Lopunny-Mega, F|100\/100\n|move|p1a: Mimikyu|Play Rough|p2a: Miruko\n|-supereffective|p2a: Miruko\n|-damage|p2a: Miruko|3\/100\n|\n|upkeep\n|turn|26\n|\n|t:|1701038528\n|switch|p1a: Aegislash|Aegislash, M|100\/100\n|move|p2a: Miruko|U-turn|p1a: Aegislash\n|-resisted|p1a: Aegislash\n|-damage|p1a: Aegislash|95\/100\n|\n|t:|1701038534\n|switch|p2a: Shang Tsung|Ditto|1\/100|[from] U-turn\n|\n|-heal|p1a: Aegislash|100\/100|[from] item: Leftovers\n|upkeep\n|turn|27\n|\n|t:|1701038541\n|switch|p1a: Sableye|Sableye-Mega, M|43\/100\n|move|p2a: Shang Tsung|Shadow Ball|p1a: Sableye\n|-damage|p1a: Sableye|11\/100\n|-unboost|p1a: Sableye|spd|1\n|\n|upkeep\n|turn|28\n|\n|t:|1701038548\n|move|p2a: Shang Tsung|Shadow Ball|p1a: Sableye\n|-damage|p1a: Sableye|0 fnt\n|faint|p1a: Sableye\n|\n|upkeep\n|\n|t:|1701038553\n|switch|p1a: Mimikyu|Mimikyu, M, shiny|100\/100\n|turn|29\n|\n|t:|1701038556\n|switch|p2a: DemonDice|Staraptor, F|29\/100\n|-ability|p2a: DemonDice|Intimidate|boost\n|-unboost|p1a: Mimikyu|atk|1\n|move|p1a: Mimikyu|Play Rough|p2a: DemonDice|[miss]\n|-miss|p1a: Mimikyu|p2a: DemonDice\n|\n|upkeep\n|turn|30\n|\n|t:|1701038564\n|move|p1a: Mimikyu|Swords Dance|p1a: Mimikyu\n|-boost|p1a: Mimikyu|atk|2\n|move|p2a: DemonDice|Roost|p2a: DemonDice\n|-heal|p2a: DemonDice|79\/100\n|-singleturn|p2a: DemonDice|move: Roost\n|\n|upkeep\n|turn|31\n|\n|t:|1701038571\n|-zpower|p1a: Mimikyu\n|move|p1a: Mimikyu|Let's Snuggle Forever|p2a: DemonDice|[zeffect]\n|-damage|p2a: DemonDice|0 fnt\n|faint|p2a: DemonDice\n|\n|upkeep\n|\n|t:|1701038580\n|switch|p2a: Miruko|Lopunny-Mega, F|3\/100\n|turn|32\n|\n|t:|1701038583\n|move|p2a: Miruko|Fake Out|p1a: Mimikyu\n|-activate|p1a: Mimikyu|ability: Disguise\n|-damage|p1a: Mimikyu|100\/100\n|detailschange|p1a: Mimikyu|Mimikyu-Busted, M, shiny\n|-damage|p1a: Mimikyu|88\/100|[from] pokemon: Mimikyu-Busted\n|cant|p1a: Mimikyu|flinch\n|\n|upkeep\n|turn|33\n|\n|t:|1701038600\n|move|p2a: Miruko|U-turn|p1a: Mimikyu\n|-resisted|p1a: Mimikyu\n|-damage|p1a: Mimikyu|77\/100\n|\n|t:|1701038605\n|switch|p2a: Tamago|Blissey, F|100\/100|[from] U-turn\n|move|p1a: Mimikyu|Play Rough|p2a: Tamago|[miss]\n|-miss|p1a: Mimikyu|p2a: Tamago\n|\n|upkeep\n|turn|34\n|\n|t:|1701038611\n|move|p1a: Mimikyu|Drain Punch|p2a: Tamago\n|-supereffective|p2a: Tamago\n|-damage|p2a: Tamago|48\/100\n|-heal|p1a: Mimikyu|100\/100|[from] drain|[of] p2a: Tamago\n|move|p2a: Tamago|Toxic|p1a: Mimikyu|[miss]\n|-miss|p2a: Tamago|p1a: Mimikyu\n|\n|upkeep\n|turn|35\n|\n|t:|1701038619\n|move|p1a: Mimikyu|Drain Punch|p2a: Tamago\n|-supereffective|p2a: Tamago\n|-damage|p2a: Tamago|0 fnt\n|faint|p2a: Tamago\n|\n|upkeep\n|\n|t:|1701038629\n|switch|p2a: Shang Tsung|Ditto|94\/100 brn\n|-transform|p2a: Shang Tsung|p1a: Mimikyu|[from] ability: Imposter\n|turn|36\n|\n|t:|1701038640\n|switch|p1a: Aegislash|Aegislash, M|100\/100\n|move|p2a: Shang Tsung|Play Rough|p1a: Aegislash|[miss]\n|-miss|p2a: Shang Tsung|p1a: Aegislash\n|\n|-damage|p2a: Shang Tsung|88\/100 brn|[from] brn\n|upkeep\n|turn|37\n|\n|t:|1701038655\n|switch|p1a: Mimikyu|Mimikyu-Busted, M, shiny|100\/100\n|move|p2a: Shang Tsung|Play Rough|p1a: Mimikyu\n|-damage|p1a: Mimikyu|56\/100\n|\n|-damage|p2a: Shang Tsung|82\/100 brn|[from] brn\n|upkeep\n|turn|38\n|\n|t:|1701038662\n|switch|p1a: Aegislash|Aegislash, M|100\/100\n|move|p2a: Shang Tsung|Play Rough|p1a: Aegislash\n|-resisted|p1a: Aegislash\n|-damage|p1a: Aegislash|90\/100\n|\n|-heal|p1a: Aegislash|96\/100|[from] item: Leftovers\n|-damage|p2a: Shang Tsung|76\/100 brn|[from] brn\n|upkeep\n|turn|39\n|\n|t:|1701038671\n|-formechange|p1a: Aegislash|Aegislash-Blade||[from] ability: Stance Change\n|move|p1a: Aegislash|Shadow Sneak|p2a: Shang Tsung\n|-supereffective|p2a: Shang Tsung\n|-damage|p2a: Shang Tsung|6\/100 brn\n|move|p2a: Shang Tsung|Play Rough|p1a: Aegislash\n|-resisted|p1a: Aegislash\n|-damage|p1a: Aegislash|70\/100\n|\n|-heal|p1a: Aegislash|76\/100|[from] item: Leftovers\n|-damage|p2a: Shang Tsung|0 fnt|[from] brn\n|faint|p2a: Shang Tsung\n|upkeep\n|\n|t:|1701038686\n|switch|p2a: Miruko|Lopunny-Mega, F|1\/100\n|turn|40\n|\n|t:|1701038689\n|switch|p2a: Miruko|Lopunny-Mega, F|3\/100\n|-formechange|p1a: Aegislash|Aegislash||[from] ability: Stance Change\n|move|p1a: Aegislash|King's Shield||[still]\n|-fail|p1a: Aegislash\n|\n|-heal|p1a: Aegislash|82\/100|[from] item: Leftovers\n|upkeep\n|turn|41\n|\n|t:|1701038697\n|switch|p1a: Mimikyu|Mimikyu-Busted, M, shiny|56\/100\n|move|p2a: Miruko|Close Combat|p1a: Mimikyu\n|-resisted|p1a: Mimikyu\n|-damage|p1a: Mimikyu|6\/100\n|-unboost|p2a: Miruko|def|1\n|-unboost|p2a: Miruko|spd|1\n|\n|upkeep\n|turn|42\n|\n|t:|1701038707\n|move|p2a: Miruko|Return|p1a: Mimikyu\n|-damage|p1a: Mimikyu|0 fnt\n|faint|p1a: Mimikyu\n|\n|upkeep\n|c|\u2606Yosekpo24|gg\n|\n|t:|1701038715\n|switch|p1a: Aegislash|Aegislash, M|82\/100\n|turn|43\n|\n|t:|1701038726\n|switch|p2a: Miruko|Lopunny-Mega, F|1\/100\n|move|p1a: Aegislash|King's Shield||[still]\n|-fail|p1a: Aegislash\n|\n|-heal|p1a: Aegislash|88\/100|[from] item: Leftovers\n|upkeep\n|turn|44\n|\n|t:|1701038733\n|switch|p2a: Miruko|Lopunny-Mega, F|3\/100\n|move|p1a: Aegislash|King's Shield||[still]\n|-fail|p1a: Aegislash\n|\n|-heal|p1a: Aegislash|95\/100|[from] item: Leftovers\n|upkeep\n|turn|45\n|\n|t:|1701038739\n|move|p1a: Aegislash|King's Shield|p1a: Aegislash\n|-singleturn|p1a: Aegislash|Protect\n|move|p2a: Miruko|Close Combat|p1a: Aegislash\n|-activate|p1a: Aegislash|move: Protect\n|-unboost|p2a: Miruko|atk|1\n|\n|-heal|p1a: Aegislash|100\/100|[from] item: Leftovers\n|upkeep\n|turn|46\n|\n|t:|1701038753\n|-terastallize|p1a: Aegislash|Fighting\n|move|p2a: Miruko|U-turn|p1a: Aegislash\n|-resisted|p1a: Aegislash\n|-damage|p1a: Aegislash|95\/100\n|\n|t:|1701038757\n|switch|p2a: Miruko|Lopunny-Mega, F|1\/100|[from] U-turn\n|-formechange|p1a: Aegislash|Aegislash-Blade||[from] ability: Stance Change\n|move|p1a: Aegislash|Sacred Sword|p2a: Miruko\n|-immune|p2a: Miruko\n|\n|-heal|p1a: Aegislash|100\/100|[from] item: Leftovers\n|upkeep\n|turn|47\n|\n|t:|1701038768\n|-formechange|p1a: Aegislash|Aegislash||[from] ability: Stance Change\n|move|p1a: Aegislash|King's Shield|p1a: Aegislash\n|-singleturn|p1a: Aegislash|Protect\n|move|p2a: Miruko|Shadow Ball|p1a: Aegislash\n|-activate|p1a: Aegislash|move: Protect\n|\n|upkeep\n|turn|48\n|\n|t:|1701038775\n|move|p2a: Miruko|Shadow Ball|p1a: Aegislash\n|-damage|p1a: Aegislash|69\/100\n|move|p1a: Aegislash|Swords Dance|p1a: Aegislash\n|-boost|p1a: Aegislash|atk|2\n|\n|-heal|p1a: Aegislash|75\/100|[from] item: Leftovers\n|upkeep\n|turn|49\n|\n|t:|1701038784\n|-formechange|p1a: Aegislash|Aegislash-Blade||[from] ability: Stance Change\n|move|p1a: Aegislash|Shadow Sneak|p2a: Miruko\n|-immune|p2a: Miruko\n|move|p2a: Miruko|Hyper Voice|p1a: Aegislash\n|-damage|p1a: Aegislash|0 fnt\n|faint|p1a: Aegislash\n|\n|win|monsterapper\n|raw|Yosekpo24's rating: 1348 &rarr; <strong>1330<\/strong><br \/>(-18 for losing)\n|raw|monsterapper's rating: 1391 &rarr; <strong>1409<\/strong><br \/>(+18 for winning)\n|l|\u2606Yosekpo24\n","uploadtime":1701038797,"views":2,"p1id":"yosekpo24","p2id":"monsterapper","formatid":"gen9nationaldex","rating":1330,"private":0,"password":""}