{"id":"gen9nationaldex-1990395513","p1":"KarmaNightraide","p2":"Jake0904","format":"[Gen 9] National Dex","log":"|j|\u2606KarmaNightraide\n|j|\u2606Jake0904\n|t:|1699966474\n|gametype|singles\n|player|p1|KarmaNightraide|unknown|1142\n|player|p2|Jake0904|shadowtriad|1192\n|teamsize|p1|6\n|teamsize|p2|6\n|gen|9\n|tier|[Gen 9] National Dex\n|rated|\n|rule|HP Percentage Mod: HP is shown in percentages\n|rule|Endless Battle Clause: Forcing endless battles is banned\n|rule|OHKO Clause: OHKO moves are banned\n|rule|Evasion Clause: Evasion abilities, items, and moves are banned\n|rule|Evasion Abilities Clause: Evasion abilities are banned\n|rule|Evasion Items Clause: Evasion items are banned\n|rule|Evasion Moves Clause: Evasion moves are banned\n|rule|Species Clause: Limit one of each Pok\u00e9mon\n|rule|Sleep Clause Mod: Limit one foe put to sleep\n|clearpoke\n|poke|p1|Ceruledge, F|\n|poke|p1|Basculegion-F, F|\n|poke|p1|Mimikyu, M|\n|poke|p1|Gourgeist-*, F|\n|poke|p1|Banette, F|\n|poke|p1|Mismagius, F|\n|poke|p2|Empoleon, M|\n|poke|p2|Infernape, F|\n|poke|p2|Torterra, M|\n|poke|p2|Garchomp, M|\n|poke|p2|Gardevoir, F|\n|poke|p2|Rhyperior, M|\n|teampreview\n|\n|t:|1699966484\n|start\n|switch|p1a: Go to sleep...|Banette, F|100\/100\n|switch|p2a: Set Up|Garchomp, M|100\/100\n|turn|1\n|inactive|Battle timer is ON: inactive players will automatically lose when time's up. (requested by Jake0904)\n|\n|t:|1699966496\n|detailschange|p1a: Go to sleep...|Banette-Mega, F\n|-mega|p1a: Go to sleep...|Banette|Banettite\n|move|p1a: Go to sleep...|Taunt|p2a: Set Up\n|-start|p2a: Set Up|move: Taunt\n|cant|p2a: Set Up|move: Taunt|Stealth Rock\n|\n|upkeep\n|turn|2\n|\n|t:|1699966506\n|switch|p1a: Widowmaker|Ceruledge, F|100\/100\n|move|p2a: Set Up|Dragon Tail|p1a: Widowmaker\n|-damage|p1a: Widowmaker|65\/100\n|-ability|p1a: Widowmaker|Weak Armor|boost\n|-unboost|p1a: Widowmaker|def|1\n|-boost|p1a: Widowmaker|spe|2\n|drag|p1a: Pumpin|Gourgeist-Small, F|100\/100\n|-item|p2a: Set Up|Rocky Helmet|[from] ability: Frisk|[of] p1a: Pumpin|[identify]\n|\n|upkeep\n|turn|3\n|\n|t:|1699966527\n|-zpower|p1a: Pumpin\n|move|p1a: Pumpin|Z-Trick-or-Treat|p2a: Set Up|[anim]Trick-or-Treat\n|-boost|p1a: Pumpin|atk|1|[zeffect]\n|-boost|p1a: Pumpin|def|1|[zeffect]\n|-boost|p1a: Pumpin|spa|1|[zeffect]\n|-boost|p1a: Pumpin|spd|1|[zeffect]\n|-boost|p1a: Pumpin|spe|1|[zeffect]\n|-start|p2a: Set Up|typeadd|Ghost|[from] move: Trick-or-Treat\n|move|p2a: Set Up|Dragon Tail|p1a: Pumpin\n|-damage|p1a: Pumpin|81\/100\n|drag|p1a: Go to sleep...|Banette-Mega, F|100\/100\n|\n|-end|p2a: Set Up|move: Taunt\n|upkeep\n|turn|4\n|\n|t:|1699966544\n|move|p1a: Go to sleep...|Poltergeist|p2a: Set Up\n|-activate|p2a: Set Up|move: Poltergeist|Rocky Helmet\n|-supereffective|p2a: Set Up\n|-damage|p2a: Set Up|0 fnt\n|faint|p2a: Set Up\n|\n|upkeep\n|\n|t:|1699966561\n|switch|p2a: One Punch Man|Infernape, F|100\/100\n|turn|5\n|inactive|KarmaNightraide has 120 seconds left.\n|\n|t:|1699966599\n|move|p2a: One Punch Man|Knock Off|p1a: Go to sleep...\n|-supereffective|p1a: Go to sleep...\n|-damage|p1a: Go to sleep...|30\/100\n|move|p1a: Go to sleep...|Poltergeist|p2a: One Punch Man\n|-activate|p2a: One Punch Man|move: Poltergeist|Focus Sash\n|-enditem|p2a: One Punch Man|Focus Sash\n|-damage|p2a: One Punch Man|1\/100\n|\n|upkeep\n|turn|6\n|\n|t:|1699966620\n|switch|p1a: Lil guy my man|Mimikyu, M|100\/100\n|move|p2a: One Punch Man|Knock Off|p1a: Lil guy my man\n|-activate|p1a: Lil guy my man|ability: Disguise\n|-damage|p1a: Lil guy my man|100\/100\n|-enditem|p1a: Lil guy my man|Life Orb|[from] move: Knock Off|[of] p2a: One Punch Man\n|detailschange|p1a: Lil guy my man|Mimikyu-Busted, M\n|-damage|p1a: Lil guy my man|88\/100|[from] pokemon: Mimikyu-Busted\n|\n|upkeep\n|turn|7\n|\n|t:|1699966635\n|switch|p2a: Hose|Empoleon, M|100\/100\n|move|p1a: Lil guy my man|Shadow Sneak|p2a: Hose\n|-damage|p2a: Hose|82\/100\n|\n|upkeep\n|turn|8\n|inactive|KarmaNightraide has 90 seconds left.\n|\n|t:|1699966654\n|-terastallize|p1a: Lil guy my man|Fighting\n|move|p1a: Lil guy my man|Drain Punch|p2a: Hose\n|-supereffective|p2a: Hose\n|-damage|p2a: Hose|2\/100\n|-heal|p1a: Lil guy my man|100\/100|[from] drain|[of] p2a: Hose\n|move|p2a: Hose|Flash Cannon|p1a: Lil guy my man\n|-damage|p1a: Lil guy my man|50\/100\n|\n|upkeep\n|turn|9\n|inactive|KarmaNightraide has 90 seconds left.\n|\n|t:|1699966674\n|move|p1a: Lil guy my man|Shadow Sneak|p2a: Hose\n|-damage|p2a: Hose|0 fnt\n|faint|p2a: Hose\n|\n|upkeep\n|\n|t:|1699966688\n|switch|p2a: Mother Nature|Torterra, M|100\/100\n|turn|10\n|inactive|KarmaNightraide has 90 seconds left.\n|inactive|KarmaNightraide has 60 seconds left.\n|\n|t:|1699966751\n|move|p1a: Lil guy my man|Drain Punch|p2a: Mother Nature\n|-damage|p2a: Mother Nature|78\/100\n|-heal|p1a: Lil guy my man|65\/100|[from] drain|[of] p2a: Mother Nature\n|move|p2a: Mother Nature|Shell Smash|p2a: Mother Nature\n|-unboost|p2a: Mother Nature|def|1\n|-unboost|p2a: Mother Nature|spd|1\n|-boost|p2a: Mother Nature|atk|2\n|-boost|p2a: Mother Nature|spa|2\n|-boost|p2a: Mother Nature|spe|2\n|-enditem|p2a: Mother Nature|White Herb\n|-clearnegativeboost|p2a: Mother Nature|[silent]\n|\n|upkeep\n|turn|11\n|\n|t:|1699966763\n|move|p1a: Lil guy my man|Shadow Sneak|p2a: Mother Nature\n|-damage|p2a: Mother Nature|65\/100\n|move|p2a: Mother Nature|Earthquake|p1a: Lil guy my man\n|-damage|p1a: Lil guy my man|0 fnt\n|faint|p1a: Lil guy my man\n|\n|upkeep\n|\n|t:|1699966777\n|switch|p1a: Witch|Mismagius, F|100\/100\n|turn|12\n|\n|t:|1699966797\n|move|p1a: Witch|Energy Ball|p2a: Mother Nature\n|-damage|p2a: Mother Nature|41\/100\n|move|p2a: Mother Nature|Wood Hammer|p1a: Witch\n|-enditem|p1a: Witch|Focus Sash\n|-damage|p1a: Witch|1\/100\n|-damage|p2a: Mother Nature|16\/100|[from] Recoil\n|\n|upkeep\n|turn|13\n|\n|t:|1699966807\n|move|p1a: Witch|Energy Ball|p2a: Mother Nature\n|-damage|p2a: Mother Nature|0 fnt\n|faint|p2a: Mother Nature\n|\n|upkeep\n|\n|t:|1699966823\n|switch|p2a: Chad|Rhyperior, M|100\/100\n|turn|14\n|\n|t:|1699966847\n|-terastallize|p2a: Chad|Steel\n|move|p1a: Witch|Energy Ball|p2a: Chad\n|-resisted|p2a: Chad\n|-damage|p2a: Chad|82\/100\n|move|p2a: Chad|Iron Head|p1a: Witch\n|-damage|p1a: Witch|0 fnt\n|faint|p1a: Witch\n|\n|upkeep\n|\n|t:|1699966857\n|switch|p1a: Widowmaker|Ceruledge, F|65\/100\n|turn|15\n|\n|t:|1699966862\n|move|p1a: Widowmaker|Bitter Blade|p2a: Chad\n|-supereffective|p2a: Chad\n|-damage|p2a: Chad|33\/100\n|-heal|p1a: Widowmaker|95\/100|[from] drain|[of] p2a: Chad\n|-enditem|p2a: Chad|Sitrus Berry|[eat]\n|-heal|p2a: Chad|58\/100|[from] item: Sitrus Berry\n|move|p2a: Chad|Earthquake|p1a: Widowmaker\n|-supereffective|p1a: Widowmaker\n|-damage|p1a: Widowmaker|0 fnt\n|faint|p1a: Widowmaker\n|\n|upkeep\n|inactive|KarmaNightraide has 30 seconds left.\n|inactive|KarmaNightraide has 20 seconds left.\n|inactive|KarmaNightraide has 15 seconds left.\n|\n|t:|1699966898\n|switch|p1a: Go to sleep...|Banette-Mega, F|30\/100\n|turn|16\n|inactive|KarmaNightraide has 25 seconds left this turn.\n|inactive|KarmaNightraide has 20 seconds left.\n|\n|t:|1699966911\n|move|p1a: Go to sleep...|Destiny Bond|p1a: Go to sleep...\n|-singlemove|p1a: Go to sleep...|Destiny Bond\n|move|p2a: Chad|Earthquake|p1a: Go to sleep...\n|-damage|p1a: Go to sleep...|0 fnt\n|faint|p1a: Go to sleep...\n|-activate|p1a: Go to sleep...|move: Destiny Bond\n|faint|p2a: Chad\n|\n|upkeep\n|inactive|KarmaNightraide has 30 seconds left this turn.\n|inactive|KarmaNightraide has 20 seconds left.\n|\n|t:|1699966924\n|switch|p1a: Lady Fish|Basculegion-F, F|100\/100\n|switch|p2a: One Punch Man|Infernape, F|1\/100\n|turn|17\n|inactive|KarmaNightraide has 30 seconds left this turn.\n|inactive|KarmaNightraide has 20 seconds left.\n|\n|t:|1699966938\n|move|p2a: One Punch Man|Knock Off|p1a: Lady Fish\n|-supereffective|p1a: Lady Fish\n|-damage|p1a: Lady Fish|15\/100\n|-enditem|p1a: Lady Fish|Focus Sash|[from] move: Knock Off|[of] p2a: One Punch Man\n|move|p1a: Lady Fish|Rain Dance|p1a: Lady Fish\n|-weather|RainDance\n|\n|-weather|RainDance|[upkeep]\n|upkeep\n|turn|18\n|inactive|KarmaNightraide has 30 seconds left this turn.\n|inactive|KarmaNightraide has 20 seconds left.\n|inactive|KarmaNightraide has 15 seconds left.\n|inactive|KarmaNightraide has 10 seconds left.\n|\n|t:|1699966961\n|move|p2a: One Punch Man|Mach Punch|p1a: Lady Fish\n|-immune|p1a: Lady Fish\n|move|p1a: Lady Fish|Ice Beam|p2a: One Punch Man\n|-resisted|p2a: One Punch Man\n|-damage|p2a: One Punch Man|0 fnt\n|faint|p2a: One Punch Man\n|\n|-weather|RainDance|[upkeep]\n|upkeep\n|inactive|KarmaNightraide has 15 seconds left this turn.\n|\n|t:|1699966969\n|switch|p2a: Feminism|Gardevoir, F|100\/100\n|turn|19\n|inactive|KarmaNightraide has 25 seconds left this turn.\n|\n|t:|1699966976\n|detailschange|p2a: Feminism|Gardevoir-Mega, F\n|-mega|p2a: Feminism|Gardevoir|Gardevoirite\n|move|p1a: Lady Fish|Phantom Force||[still]\n|-prepare|p1a: Lady Fish|Phantom Force\n|move|p2a: Feminism|Thunderbolt|p1a: Lady Fish|[miss]\n|-miss|p2a: Feminism|p1a: Lady Fish\n|\n|-weather|RainDance|[upkeep]\n|upkeep\n|turn|20\n|inactive|KarmaNightraide has 30 seconds left.\n|\n|t:|1699966985\n|move|p1a: Lady Fish|Phantom Force|p2a: Feminism|[from]lockedmove\n|-supereffective|p2a: Feminism\n|-damage|p2a: Feminism|16\/100\n|move|p2a: Feminism|Thunderbolt|p1a: Lady Fish\n|-supereffective|p1a: Lady Fish\n|-damage|p1a: Lady Fish|0 fnt\n|faint|p1a: Lady Fish\n|\n|-weather|RainDance|[upkeep]\n|upkeep\n|inactive|KarmaNightraide has 30 seconds left.\n|\n|t:|1699966994\n|switch|p1a: Pumpin|Gourgeist-Small, F|81\/100\n|-item|p2a: Feminism|Gardevoirite|[from] ability: Frisk|[of] p1a: Pumpin|[identify]\n|turn|21\n|\n|t:|1699967005\n|move|p1a: Pumpin|Shadow Sneak|p2a: Feminism\n|-supereffective|p2a: Feminism\n|-damage|p2a: Feminism|0 fnt\n|faint|p2a: Feminism\n|\n|win|KarmaNightraide\n|raw|KarmaNightraide's rating: 1142 &rarr; <strong>1171<\/strong><br \/>(+29 for winning)\n|raw|Jake0904's rating: 1192 &rarr; <strong>1163<\/strong><br \/>(-29 for losing)\n","uploadtime":1699967012,"views":5,"p1id":"karmanightraide","p2id":"jake0904","formatid":"gen9nationaldex","rating":1163,"private":0,"password":""}