{"id":"gen9nationaldex-1998128860","p1":"114514ww","p2":"baigu2","format":"[Gen 9] National Dex","log":"|html|<div class=\"broadcast-blue\"><strong>[Gen 9] National Dex is currently suspecting Sneasler! For information on how to participate check out the <a href=\"https:\/\/www.smogon.com\/forums\/threads\/sv-national-dex-suspect-8-just-dance.3731534\/\">suspect thread<\/a>.<\/strong><\/div>\n|j|\u2606114514ww\n|j|\u2606baigu2\n|t:|1700896646\n|gametype|singles\n|player|p1|114514ww|rosa|1794\n|player|p2|baigu2|265|1820\n|teamsize|p1|6\n|teamsize|p2|6\n|gen|9\n|tier|[Gen 9] National Dex\n|rated|\n|rule|HP Percentage Mod: HP is shown in percentages\n|rule|Endless Battle Clause: Forcing endless battles is banned\n|rule|OHKO Clause: OHKO moves are banned\n|rule|Evasion Clause: Evasion abilities, items, and moves are banned\n|rule|Evasion Abilities Clause: Evasion abilities are banned\n|rule|Evasion Items Clause: Evasion items are banned\n|rule|Evasion Moves Clause: Evasion moves are banned\n|rule|Species Clause: Limit one of each Pok\u00e9mon\n|rule|Sleep Clause Mod: Limit one foe put to sleep\n|clearpoke\n|poke|p1|Dragonite, F|\n|poke|p1|Ninetales-Alola, F|\n|poke|p1|Charizard, F|\n|poke|p1|Iron Treads|\n|poke|p1|Ogerpon-Wellspring, F|\n|poke|p1|Zamazenta-*|\n|poke|p2|Ursaluna, M|\n|poke|p2|Slowking, F|\n|poke|p2|Corviknight, F|\n|poke|p2|Hoopa-Unbound|\n|poke|p2|Dragonite, M|\n|poke|p2|Tapu Koko|\n|teampreview\n|inactive|Battle timer is ON: inactive players will automatically lose when time's up. (requested by 114514ww)\n|\n|t:|1700896659\n|start\n|switch|p1a: Charizard|Charizard, F, shiny|100\/100\n|switch|p2a: Tapu Koko|Tapu Koko|100\/100\n|-fieldstart|move: Electric Terrain|[from] ability: Electric Surge|[of] p2a: Tapu Koko\n|turn|1\n|\n|t:|1700896665\n|switch|p1a: Iron Treads|Iron Treads|100\/100\n|-activate|p1a: Iron Treads|ability: Quark Drive\n|-start|p1a: Iron Treads|quarkdrivedef\n|move|p2a: Tapu Koko|U-turn|p1a: Iron Treads\n|-resisted|p1a: Iron Treads\n|-damage|p1a: Iron Treads|96\/100\n|\n|t:|1700896675\n|switch|p2a: Hoopa|Hoopa-Unbound|100\/100|[from] U-turn\n|\n|-heal|p1a: Iron Treads|100\/100|[from] item: Leftovers\n|upkeep\n|turn|2\n|\n|t:|1700896680\n|-zpower|p2a: Hoopa\n|move|p2a: Hoopa|All-Out Pummeling|p1a: Iron Treads|[zeffect]\n|-supereffective|p1a: Iron Treads\n|-damage|p1a: Iron Treads|0 fnt\n|faint|p1a: Iron Treads\n|-end|p1a: Iron Treads|Quark Drive|[silent]\n|\n|upkeep\n|inactive|114514ww has 120 seconds left.\n|\n|t:|1700896711\n|switch|p1a: Ogerpon|Ogerpon-Wellspring, F|100\/100\n|turn|3\n|\n|t:|1700896719\n|switch|p2a: Corviknight|Corviknight, F|100\/100\n|-ability|p2a: Corviknight|Pressure\n|-terastallize|p1a: Ogerpon|Water\n|detailschange|p1a: Ogerpon|Ogerpon-Wellspring-Tera, F, tera:Water\n|-ability|p1a: Ogerpon|Embody Aspect (Wellspring)|boost\n|-boost|p1a: Ogerpon|spd|1\n|move|p1a: Ogerpon|Ivy Cudgel|p2a: Corviknight|[anim] Ivy Cudgel Water\n|-damage|p2a: Corviknight|57\/100\n|\n|upkeep\n|turn|4\n|\n|t:|1700896728\n|move|p1a: Ogerpon|Taunt|p2a: Corviknight\n|-start|p2a: Corviknight|move: Taunt\n|cant|p2a: Corviknight|move: Taunt|Roost\n|\n|upkeep\n|turn|5\n|\n|t:|1700896732\n|switch|p2a: Dragonite|Dragonite, M|100\/100\n|move|p1a: Ogerpon|Swords Dance|p1a: Ogerpon\n|-boost|p1a: Ogerpon|atk|2\n|\n|-fieldend|move: Electric Terrain\n|upkeep\n|turn|6\n|\n|t:|1700896744\n|-terastallize|p2a: Dragonite|Normal\n|move|p2a: Dragonite|Extreme Speed|p1a: Ogerpon\n|-crit|p1a: Ogerpon\n|-damage|p1a: Ogerpon|0 fnt\n|faint|p1a: Ogerpon\n|\n|upkeep\n|\n|t:|1700896748\n|switch|p1a: Zamazenta|Zamazenta|100\/100\n|-ability|p1a: Zamazenta|Dauntless Shield|boost\n|-boost|p1a: Zamazenta|def|1\n|turn|7\n|\n|t:|1700896754\n|switch|p2a: Tapu Koko|Tapu Koko|100\/100\n|-fieldstart|move: Electric Terrain|[from] ability: Electric Surge|[of] p2a: Tapu Koko\n|move|p1a: Zamazenta|Crunch|p2a: Tapu Koko\n|-resisted|p2a: Tapu Koko\n|-damage|p2a: Tapu Koko|83\/100\n|\n|upkeep\n|turn|8\n|\n|t:|1700896760\n|move|p1a: Zamazenta|Heavy Slam|p2a: Tapu Koko\n|-damage|p2a: Tapu Koko|27\/100\n|move|p2a: Tapu Koko|Dazzling Gleam|p1a: Zamazenta\n|-supereffective|p1a: Zamazenta\n|-damage|p1a: Zamazenta|10\/100\n|\n|upkeep\n|turn|9\n|\n|t:|1700896767\n|switch|p2a: Corviknight|Corviknight, F|57\/100\n|-ability|p2a: Corviknight|Pressure\n|move|p1a: Zamazenta|Heavy Slam|p2a: Corviknight\n|-resisted|p2a: Corviknight\n|-damage|p2a: Corviknight|52\/100\n|-damage|p1a: Zamazenta|0 fnt|[from] item: Rocky Helmet|[of] p2a: Corviknight\n|faint|p1a: Zamazenta\n|\n|upkeep\n|\n|t:|1700896769\n|switch|p1a: Charizard|Charizard, F, shiny|100\/100\n|turn|10\n|-message|114514ww forfeited.\n|\n|win|baigu2\n|raw|114514ww's rating: 1794 &rarr; <strong>1775<\/strong><br \/>(-19 for losing)\n|raw|baigu2's rating: 1820 &rarr; <strong>1839<\/strong><br \/>(+19 for winning)\n|l|\u2606114514ww\n","uploadtime":1700896777,"views":1,"p1id":"114514ww","p2id":"baigu2","formatid":"gen9nationaldex","rating":1775,"private":0,"password":""}