{"id":"gen9nationaldex-1991281564","p1":"Escaliburito","p2":"The Rotom Family","format":"[Gen 9] National Dex","log":"|j|\u2606Escaliburito\n|j|\u203dThe Rotom Family\n|t:|1700063986\n|gametype|singles\n|player|p1|Escaliburito|swimmerf-gen4|1166\n|player|p2|The Rotom Family|pokekid|1206\n|teamsize|p1|6\n|teamsize|p2|6\n|gen|9\n|tier|[Gen 9] National Dex\n|rated|\n|rule|HP Percentage Mod: HP is shown in percentages\n|rule|Endless Battle Clause: Forcing endless battles is banned\n|rule|OHKO Clause: OHKO moves are banned\n|rule|Evasion Clause: Evasion abilities, items, and moves are banned\n|rule|Evasion Abilities Clause: Evasion abilities are banned\n|rule|Evasion Items Clause: Evasion items are banned\n|rule|Evasion Moves Clause: Evasion moves are banned\n|rule|Species Clause: Limit one of each Pok\u00e9mon\n|rule|Sleep Clause Mod: Limit one foe put to sleep\n|clearpoke\n|poke|p1|Sceptile, F|\n|poke|p1|Machamp, F|\n|poke|p1|Landorus-Therian, M|\n|poke|p1|Greninja-*, M|\n|poke|p1|Iron Moth|\n|poke|p1|Dragonite, F|\n|poke|p2|Arctozolt|\n|poke|p2|Arctovish|\n|poke|p2|Ninetales-Alola, F|\n|poke|p2|Aurorus, M|\n|poke|p2|Vanilluxe, M|\n|poke|p2|Beartic, M|\n|teampreview\n|inactive|Battle timer is ON: inactive players will automatically lose when time's up. (requested by The Rotom Family)\n|\n|t:|1700064004\n|start\n|switch|p1a: \u041f\u0443\u0446\u0435\u043b\u0430 \u049b\u0430\u043d\u0448\u044b\u049b|Iron Moth, shiny|100\/100\n|switch|p2a: Ninetales|Ninetales-Alola, F|100\/100\n|-weather|Snow|[from] ability: Snow Warning|[of] p2a: Ninetales\n|-enditem|p1a: \u041f\u0443\u0446\u0435\u043b\u0430 \u049b\u0430\u043d\u0448\u044b\u049b|Booster Energy\n|-activate|p1a: \u041f\u0443\u0446\u0435\u043b\u0430 \u049b\u0430\u043d\u0448\u044b\u049b|ability: Quark Drive|[fromitem]\n|-start|p1a: \u041f\u0443\u0446\u0435\u043b\u0430 \u049b\u0430\u043d\u0448\u044b\u049b|quarkdrivespa\n|turn|1\n|\n|t:|1700064016\n|move|p1a: \u041f\u0443\u0446\u0435\u043b\u0430 \u049b\u0430\u043d\u0448\u044b\u049b|Fiery Dance|p2a: Ninetales\n|-supereffective|p2a: Ninetales\n|-damage|p2a: Ninetales|0 fnt\n|faint|p2a: Ninetales\n|\n|-weather|Snow|[upkeep]\n|upkeep\n|\n|t:|1700064025\n|switch|p2a: Arctozolt|Arctozolt|100\/100\n|turn|2\n|\n|t:|1700064033\n|move|p2a: Arctozolt|Bolt Beak|p1a: \u041f\u0443\u0446\u0435\u043b\u0430 \u049b\u0430\u043d\u0448\u044b\u049b\n|-damage|p1a: \u041f\u0443\u0446\u0435\u043b\u0430 \u049b\u0430\u043d\u0448\u044b\u049b|0 fnt\n|faint|p1a: \u041f\u0443\u0446\u0435\u043b\u0430 \u049b\u0430\u043d\u0448\u044b\u049b\n|-end|p1a: \u041f\u0443\u0446\u0435\u043b\u0430 \u049b\u0430\u043d\u0448\u044b\u049b|Quark Drive|[silent]\n|-damage|p2a: Arctozolt|91\/100|[from] item: Life Orb\n|\n|-weather|Snow|[upkeep]\n|upkeep\n|c|\u2606Escaliburito|wtf\n|c|\u2606Escaliburito|why faster??\n|inactive|Escaliburito has 120 seconds left.\n|\n|t:|1700064065\n|switch|p1a: Beb\u00e9|Sceptile, F|100\/100\n|turn|3\n|\n|t:|1700064072\n|detailschange|p1a: Beb\u00e9|Sceptile-Mega, F\n|-mega|p1a: Beb\u00e9|Sceptile|Sceptilite\n|move|p1a: Beb\u00e9|Focus Blast|p2a: Arctozolt|[miss]\n|-miss|p1a: Beb\u00e9|p2a: Arctozolt\n|move|p2a: Arctozolt|Icicle Crash|p1a: Beb\u00e9\n|-supereffective|p1a: Beb\u00e9\n|-damage|p1a: Beb\u00e9|0 fnt\n|faint|p1a: Beb\u00e9\n|-damage|p2a: Arctozolt|81\/100|[from] item: Life Orb\n|\n|-weather|Snow|[upkeep]\n|upkeep\n|c|\u2606Escaliburito|NICE\n|inactive|Escaliburito has 120 seconds left.\n|\n|t:|1700064090\n|switch|p1a: Maripablichi|Machamp, F, shiny|100\/100\n|turn|4\n|inactive|Escaliburito has 120 seconds left.\n|\n|t:|1700064096\n|move|p2a: Arctozolt|Bolt Beak|p1a: Maripablichi\n|-damage|p1a: Maripablichi|0 fnt\n|faint|p1a: Maripablichi\n|-damage|p2a: Arctozolt|71\/100|[from] item: Life Orb\n|\n|-weather|Snow|[upkeep]\n|upkeep\n|inactive|Escaliburito has 120 seconds left.\n|c|\u2606Escaliburito|wtf is this xdd\n|\n|t:|1700064116\n|switch|p1a: ElRichMc|Greninja, M, shiny|100\/100\n|turn|5\n|\n|t:|1700064131\n|switch|p2a: Arctovish|Arctovish|100\/100\n|move|p1a: ElRichMc|Hydro Pump|p2a: Arctovish\n|-start|p1a: ElRichMc|typechange|Water|[from] ability: Protean\n|-resisted|p2a: Arctovish\n|-damage|p2a: Arctovish|65\/100\n|-damage|p1a: ElRichMc|91\/100|[from] item: Life Orb\n|\n|-weather|Snow|[upkeep]\n|upkeep\n|turn|6\n|\n|t:|1700064156\n|move|p2a: Arctovish|Fishious Rend|p1a: ElRichMc\n|-resisted|p1a: ElRichMc\n|-damage|p1a: ElRichMc|0 fnt\n|faint|p1a: ElRichMc\n|\n|-weather|Snow|[upkeep]\n|upkeep\n|c|\u2606Escaliburito|wtf is your team bro\n|inactive|Escaliburito has 90 seconds left.\n|c|\u2606Escaliburito|explain me pls\n|\n|t:|1700064171\n|switch|p1a: Blaze|Landorus-Therian, M, shiny|100\/100\n|-ability|p1a: Blaze|Intimidate|boost\n|-unboost|p2a: Arctovish|atk|1\n|turn|7\n|inactive|Escaliburito has 90 seconds left.\n|c|\u2606Escaliburito|ur faster idk how and one shot every pokemon\n|\n|t:|1700064198\n|move|p2a: Arctovish|Fishious Rend|p1a: Blaze\n|-supereffective|p1a: Blaze\n|-damage|p1a: Blaze|0 fnt\n|-damage|p2a: Arctovish|49\/100|[from] item: Rocky Helmet|[of] p1a: Blaze\n|faint|p1a: Blaze\n|\n|-weather|Snow|[upkeep]\n|upkeep\n|c|\u2606Escaliburito|BRO\n|c|\u2606Escaliburito|WTF\n|\n|t:|1700064204\n|switch|p1a: Yoshi De Hacendado|Dragonite, F, shiny|100\/100\n|turn|8\n|\n|t:|1700064218\n|move|p2a: Arctovish|Fishious Rend|p1a: Yoshi De Hacendado\n|-resisted|p1a: Yoshi De Hacendado\n|-damage|p1a: Yoshi De Hacendado|84\/100\n|move|p1a: Yoshi De Hacendado|Dual Wingbeat|p2a: Arctovish\n|-damage|p2a: Arctovish|33\/100\n|-crit|p2a: Arctovish\n|-damage|p2a: Arctovish|7\/100\n|-hitcount|p2a: Arctovish|2\n|\n|-weather|none\n|upkeep\n|turn|9\n|\n|t:|1700064225\n|switch|p2a: Vanilluxe|Vanilluxe, M|100\/100\n|-weather|Snow|[from] ability: Snow Warning|[of] p2a: Vanilluxe\n|move|p1a: Yoshi De Hacendado|Extreme Speed|p2a: Vanilluxe\n|-damage|p2a: Vanilluxe|79\/100\n|\n|-weather|Snow|[upkeep]\n|upkeep\n|turn|10\n|\n|t:|1700064246\n|switch|p2a: Aurorus|Aurorus, M|100\/100\n|move|p1a: Yoshi De Hacendado|Outrage|p2a: Aurorus\n|-damage|p2a: Aurorus|44\/100\n|\n|-weather|Snow|[upkeep]\n|upkeep\n|turn|11\n|\n|t:|1700064259\n|move|p2a: Aurorus|Meteor Beam||[still]\n|-prepare|p2a: Aurorus|Meteor Beam\n|-boost|p2a: Aurorus|spa|1\n|-enditem|p2a: Aurorus|Power Herb\n|-anim|p2a: Aurorus|Meteor Beam|p1a: Yoshi De Hacendado\n|-supereffective|p1a: Yoshi De Hacendado\n|-damage|p1a: Yoshi De Hacendado|0 fnt\n|faint|p1a: Yoshi De Hacendado\n|\n|win|The Rotom Family\n|raw|Escaliburito's rating: 1166 &rarr; <strong>1144<\/strong><br \/>(-22 for losing)\n|raw|The Rotom Family's rating: 1206 &rarr; <strong>1228<\/strong><br \/>(+22 for winning)\n|c|\u2606Escaliburito|lol\n|l|\u2606Escaliburito\n","uploadtime":1700064316,"views":5,"p1id":"escaliburito","p2id":"therotomfamily","formatid":"gen9nationaldex","rating":1144,"private":0,"password":""}