{"id":"gen9nationaldex-1989100621","p1":"wmcrazzy","p2":"Flufferide","format":"[Gen 9] National Dex","log":"|j|\u2606wmcrazzy\n|j|\u2606Flufferide\n|t:|1699812218\n|gametype|singles\n|player|p1|wmcrazzy|marnie-masters3|1292\n|player|p2|Flufferide|veteranf|1262\n|teamsize|p1|6\n|teamsize|p2|6\n|gen|9\n|tier|[Gen 9] National Dex\n|rated|\n|rule|HP Percentage Mod: HP is shown in percentages\n|rule|Endless Battle Clause: Forcing endless battles is banned\n|rule|OHKO Clause: OHKO moves are banned\n|rule|Evasion Clause: Evasion abilities, items, and moves are banned\n|rule|Evasion Abilities Clause: Evasion abilities are banned\n|rule|Evasion Items Clause: Evasion items are banned\n|rule|Evasion Moves Clause: Evasion moves are banned\n|rule|Species Clause: Limit one of each Pok\u00e9mon\n|rule|Sleep Clause Mod: Limit one foe put to sleep\n|clearpoke\n|poke|p1|Ferrothorn, F|\n|poke|p1|Pelipper, F|\n|poke|p1|Zapdos|\n|poke|p1|Urshifu-*, M|\n|poke|p1|Great Tusk|\n|poke|p1|Slowking-Galar, M|\n|poke|p2|Raikou|\n|poke|p2|Charizard, F|\n|poke|p2|Great Tusk|\n|poke|p2|Iron Valiant|\n|poke|p2|Porygon-Z|\n|poke|p2|Zapdos|\n|teampreview\n|\n|t:|1699812229\n|start\n|switch|p1a: Ferrothorn|Ferrothorn, F|100\/100\n|switch|p2a: Porygon-Z|Porygon-Z|100\/100\n|turn|1\n|\n|t:|1699812236\n|-terastallize|p2a: Porygon-Z|Ghost\n|move|p2a: Porygon-Z|Shadow Ball|p1a: Ferrothorn\n|-damage|p1a: Ferrothorn|48\/100\n|move|p1a: Ferrothorn|Stealth Rock|p2a: Porygon-Z\n|-sidestart|p2: Flufferide|move: Stealth Rock\n|\n|upkeep\n|turn|2\n|\n|t:|1699812250\n|move|p1a: Ferrothorn|Protect|p1a: Ferrothorn\n|-singleturn|p1a: Ferrothorn|Protect\n|move|p2a: Porygon-Z|Shadow Ball|p1a: Ferrothorn\n|-activate|p1a: Ferrothorn|move: Protect\n|\n|upkeep\n|turn|3\n|\n|t:|1699812256\n|switch|p1a: Slowking|Slowking-Galar, M|100\/100\n|move|p2a: Porygon-Z|Shadow Ball|p1a: Slowking\n|-supereffective|p1a: Slowking\n|-damage|p1a: Slowking|27\/100\n|\n|-heal|p1a: Slowking|33\/100|[from] item: Leftovers\n|upkeep\n|turn|4\n|inactive|Battle timer is ON: inactive players will automatically lose when time's up. (requested by Flufferide)\n|\n|t:|1699812267\n|move|p1a: Slowking|Protect|p1a: Slowking\n|-singleturn|p1a: Slowking|Protect\n|move|p2a: Porygon-Z|Shadow Ball|p1a: Slowking\n|-activate|p1a: Slowking|move: Protect\n|\n|-heal|p1a: Slowking|40\/100|[from] item: Leftovers\n|upkeep\n|turn|5\n|\n|t:|1699812278\n|move|p2a: Porygon-Z|Shadow Ball|p1a: Slowking\n|-supereffective|p1a: Slowking\n|-crit|p1a: Slowking\n|-damage|p1a: Slowking|0 fnt\n|faint|p1a: Slowking\n|\n|upkeep\n|\n|t:|1699812289\n|switch|p1a: Urshifu|Urshifu-Rapid-Strike, M|100\/100\n|turn|6\n|\n|t:|1699812294\n|move|p2a: Porygon-Z|Shadow Ball|p1a: Urshifu\n|-damage|p1a: Urshifu|10\/100\n|move|p1a: Urshifu|Surging Strikes|p2a: Porygon-Z\n|-crit|p2a: Porygon-Z\n|-damage|p2a: Porygon-Z|60\/100\n|-crit|p2a: Porygon-Z\n|-damage|p2a: Porygon-Z|19\/100\n|-crit|p2a: Porygon-Z\n|-damage|p2a: Porygon-Z|0 fnt\n|faint|p2a: Porygon-Z\n|-hitcount|p2: Porygon-Z|3\n|-damage|p1a: Urshifu|0 fnt|[from] item: Life Orb\n|faint|p1a: Urshifu\n|\n|upkeep\n|\n|t:|1699812311\n|switch|p1a: Ferrothorn|Ferrothorn, F|48\/100\n|switch|p2a: Raikou|Raikou|100\/100\n|-damage|p2a: Raikou|88\/100|[from] Stealth Rock\n|turn|7\n|\n|t:|1699812316\n|move|p2a: Raikou|Signal Beam|p1a: Ferrothorn\n|-damage|p1a: Ferrothorn|20\/100\n|-start|p1a: Ferrothorn|confusion\n|-damage|p2a: Raikou|78\/100|[from] item: Life Orb\n|-activate|p1a: Ferrothorn|confusion\n|-damage|p1a: Ferrothorn|14\/100|[from] confusion\n|\n|upkeep\n|turn|8\n|\n|t:|1699812325\n|-end|p1a: Ferrothorn|confusion\n|move|p1a: Ferrothorn|Protect|p1a: Ferrothorn\n|-singleturn|p1a: Ferrothorn|Protect\n|move|p2a: Raikou|Signal Beam|p1a: Ferrothorn\n|-activate|p1a: Ferrothorn|move: Protect\n|\n|upkeep\n|turn|9\n|\n|t:|1699812332\n|move|p2a: Raikou|Signal Beam|p1a: Ferrothorn\n|-damage|p1a: Ferrothorn|0 fnt\n|faint|p1a: Ferrothorn\n|-damage|p2a: Raikou|68\/100|[from] item: Life Orb\n|\n|upkeep\n|\n|t:|1699812338\n|switch|p1a: Great Tusk|Great Tusk|100\/100\n|-enditem|p1a: Great Tusk|Booster Energy\n|-activate|p1a: Great Tusk|ability: Protosynthesis|[fromitem]\n|-start|p1a: Great Tusk|protosynthesisatk\n|turn|10\n|\n|t:|1699812346\n|move|p2a: Raikou|Scald|p1a: Great Tusk\n|-supereffective|p1a: Great Tusk\n|-damage|p1a: Great Tusk|7\/100\n|-damage|p2a: Raikou|58\/100|[from] item: Life Orb\n|move|p1a: Great Tusk|Rapid Spin|p2a: Raikou\n|-damage|p2a: Raikou|25\/100\n|-boost|p1a: Great Tusk|spe|1\n|\n|upkeep\n|turn|11\n|\n|t:|1699812354\n|move|p1a: Great Tusk|Rapid Spin|p2a: Raikou\n|-damage|p2a: Raikou|0 fnt\n|-boost|p1a: Great Tusk|spe|1\n|faint|p2a: Raikou\n|\n|upkeep\n|\n|t:|1699812356\n|switch|p2a: Great Tusk|Great Tusk|100\/100\n|-damage|p2a: Great Tusk|98\/100|[from] Stealth Rock\n|turn|12\n|\n|t:|1699812362\n|move|p1a: Great Tusk|Ice Spinner|p2a: Great Tusk\n|-supereffective|p2a: Great Tusk\n|-damage|p2a: Great Tusk|41\/100\n|move|p2a: Great Tusk|Rapid Spin|p1a: Great Tusk\n|-damage|p1a: Great Tusk|0 fnt\n|-boost|p2a: Great Tusk|spe|1\n|-sideend|p2: Flufferide|Stealth Rock|[from] move: Rapid Spin|[of] p2a: Great Tusk\n|faint|p1a: Great Tusk\n|-end|p1a: Great Tusk|Protosynthesis|[silent]\n|\n|upkeep\n|\n|t:|1699812370\n|switch|p1a: Pelipper|Pelipper, F|100\/100\n|-weather|RainDance|[from] ability: Drizzle|[of] p1a: Pelipper\n|turn|13\n|\n|t:|1699812375\n|move|p2a: Great Tusk|Ice Spinner|p1a: Pelipper\n|-damage|p1a: Pelipper|78\/100\n|move|p1a: Pelipper|Scald|p2a: Great Tusk\n|-supereffective|p2a: Great Tusk\n|-damage|p2a: Great Tusk|0 fnt\n|faint|p2a: Great Tusk\n|-end|p2a: Great Tusk|Protosynthesis|[silent]\n|\n|-weather|RainDance|[upkeep]\n|upkeep\n|\n|t:|1699812388\n|switch|p2a: Iron Valiant|Iron Valiant|100\/100\n|turn|14\n|\n|t:|1699812395\n|move|p2a: Iron Valiant|Thunderbolt|p1a: Pelipper\n|-supereffective|p1a: Pelipper\n|-damage|p1a: Pelipper|0 fnt\n|faint|p1a: Pelipper\n|\n|-weather|RainDance|[upkeep]\n|upkeep\n|\n|t:|1699812399\n|switch|p1a: Zapdos|Zapdos|100\/100\n|turn|15\n|\n|t:|1699812404\n|move|p2a: Iron Valiant|Thunderbolt|p1a: Zapdos\n|-damage|p1a: Zapdos|55\/100\n|move|p1a: Zapdos|Hurricane|p2a: Iron Valiant\n|-supereffective|p2a: Iron Valiant\n|-damage|p2a: Iron Valiant|0 fnt\n|faint|p2a: Iron Valiant\n|-end|p2a: Iron Valiant|Quark Drive|[silent]\n|\n|-weather|RainDance|[upkeep]\n|upkeep\n|\n|t:|1699812419\n|switch|p2a: Charizard|Charizard, F|100\/100\n|turn|16\n|\n|t:|1699812424\n|detailschange|p2a: Charizard|Charizard-Mega-X, F\n|-mega|p2a: Charizard|Charizard|Charizardite X\n|move|p2a: Charizard|Dragon Dance|p2a: Charizard\n|-boost|p2a: Charizard|atk|1\n|-boost|p2a: Charizard|spe|1\n|move|p1a: Zapdos|Roost|p1a: Zapdos\n|-heal|p1a: Zapdos|100\/100\n|-singleturn|p1a: Zapdos|move: Roost\n|\n|-weather|RainDance|[upkeep]\n|upkeep\n|turn|17\n|\n|t:|1699812435\n|move|p2a: Charizard|Dragon Claw|p1a: Zapdos\n|-damage|p1a: Zapdos|14\/100\n|move|p1a: Zapdos|Hurricane|p2a: Charizard\n|-damage|p2a: Charizard|23\/100\n|\n|-weather|RainDance|[upkeep]\n|upkeep\n|turn|18\n|-message|wmcrazzy forfeited.\n|\n|win|Flufferide\n|raw|wmcrazzy's rating: 1292 &rarr; <strong>1265<\/strong><br \/>(-27 for losing)\n|raw|Flufferide's rating: 1262 &rarr; <strong>1289<\/strong><br \/>(+27 for winning)\n|c|\u2606Flufferide|gg\n|l|\u2606wmcrazzy\n","uploadtime":1699812449,"views":4,"p1id":"wmcrazzy","p2id":"flufferide","formatid":"gen9nationaldex","rating":1265,"private":0,"password":""}