{"id":"gen9nationaldex-1993909233","p1":"TesterTLC","p2":"Onlymanever","format":"[Gen 9] National Dex","log":"|j|\u2606TesterTLC\n|j|\u2606Onlymanever\n|t:|1700373728\n|gametype|singles\n|player|p1|TesterTLC|ingo|1123\n|player|p2|Onlymanever|lyra|1114\n|teamsize|p1|6\n|teamsize|p2|6\n|gen|9\n|tier|[Gen 9] National Dex\n|rated|\n|rule|HP Percentage Mod: HP is shown in percentages\n|rule|Endless Battle Clause: Forcing endless battles is banned\n|rule|OHKO Clause: OHKO moves are banned\n|rule|Evasion Clause: Evasion abilities, items, and moves are banned\n|rule|Evasion Abilities Clause: Evasion abilities are banned\n|rule|Evasion Items Clause: Evasion items are banned\n|rule|Evasion Moves Clause: Evasion moves are banned\n|rule|Species Clause: Limit one of each Pok\u00e9mon\n|rule|Sleep Clause Mod: Limit one foe put to sleep\n|clearpoke\n|poke|p1|Shuckle, F|\n|poke|p1|Heatran, M|\n|poke|p1|Rillaboom, F|\n|poke|p1|Xurkitree|\n|poke|p1|Scizor, F|\n|poke|p1|Sneasler, F|\n|poke|p2|Inteleon, F|\n|poke|p2|Leafeon, M|\n|poke|p2|Medicham, F|\n|poke|p2|Staraptor, F|\n|poke|p2|Ceruledge, M|\n|poke|p2|Electivire, F|\n|teampreview\n|inactive|Battle timer is ON: inactive players will automatically lose when time's up. (requested by TesterTLC)\n|inactive|Onlymanever has 120 seconds left.\n|inactive|Onlymanever has 90 seconds left.\n|\n|t:|1700373808\n|start\n|switch|p1a: Shuckle|Shuckle, F|100\/100\n|switch|p2a: Ceruledge|Ceruledge, M|100\/100\n|turn|1\n|\n|t:|1700373815\n|move|p2a: Ceruledge|Bulk Up|p2a: Ceruledge\n|-boost|p2a: Ceruledge|atk|1\n|-boost|p2a: Ceruledge|def|1\n|move|p1a: Shuckle|Sticky Web|p2a: Ceruledge\n|-sidestart|p2: Onlymanever|move: Sticky Web\n|\n|upkeep\n|turn|2\n|\n|t:|1700373821\n|move|p2a: Ceruledge|Bitter Blade|p1a: Shuckle\n|-damage|p1a: Shuckle|56\/100\n|move|p1a: Shuckle|Toxic|p2a: Ceruledge\n|-status|p2a: Ceruledge|tox\n|\n|-heal|p1a: Shuckle|62\/100|[from] item: Leftovers\n|-damage|p2a: Ceruledge|94\/100 tox|[from] psn\n|upkeep\n|turn|3\n|\n|t:|1700373831\n|move|p2a: Ceruledge|Bitter Blade|p1a: Shuckle\n|-damage|p1a: Shuckle|19\/100\n|-heal|p2a: Ceruledge|100\/100 tox|[from] drain|[of] p1a: Shuckle\n|move|p1a: Shuckle|Stealth Rock|p2a: Ceruledge\n|-sidestart|p2: Onlymanever|move: Stealth Rock\n|\n|-heal|p1a: Shuckle|25\/100|[from] item: Leftovers\n|-damage|p2a: Ceruledge|88\/100 tox|[from] psn\n|upkeep\n|turn|4\n|\n|t:|1700373841\n|move|p2a: Ceruledge|Bitter Blade|p1a: Shuckle\n|-damage|p1a: Shuckle|0 fnt\n|-heal|p2a: Ceruledge|98\/100 tox|[from] drain|[of] p1a: Shuckle\n|faint|p1a: Shuckle\n|\n|-heal|p2a: Ceruledge|100\/100 tox|[from] item: Leftovers\n|-damage|p2a: Ceruledge|82\/100 tox|[from] psn\n|upkeep\n|\n|t:|1700373851\n|switch|p1a: Heatran|Heatran, M|100\/100\n|turn|5\n|\n|t:|1700373869\n|-terastallize|p2a: Ceruledge|Grass\n|move|p1a: Heatran|Earth Power|p2a: Ceruledge\n|-resisted|p2a: Ceruledge\n|-damage|p2a: Ceruledge|61\/100 tox\n|move|p2a: Ceruledge|Close Combat|p1a: Heatran\n|-supereffective|p1a: Heatran\n|-damage|p1a: Heatran|0 fnt\n|-unboost|p2a: Ceruledge|def|1\n|-unboost|p2a: Ceruledge|spd|1\n|faint|p1a: Heatran\n|\n|-heal|p2a: Ceruledge|67\/100 tox|[from] item: Leftovers\n|-damage|p2a: Ceruledge|43\/100 tox|[from] psn\n|upkeep\n|\n|t:|1700373883\n|switch|p1a: Rillaboom|Rillaboom, F|100\/100\n|-fieldstart|move: Grassy Terrain|[from] ability: Grassy Surge|[of] p1a: Rillaboom\n|turn|6\n|\n|t:|1700373887\n|move|p1a: Rillaboom|Grassy Glide|p2a: Ceruledge\n|-resisted|p2a: Ceruledge\n|-damage|p2a: Ceruledge|25\/100 tox\n|move|p2a: Ceruledge|Bitter Blade|p1a: Rillaboom\n|-supereffective|p1a: Rillaboom\n|-damage|p1a: Rillaboom|0 fnt\n|-heal|p2a: Ceruledge|91\/100 tox|[from] drain|[of] p1a: Rillaboom\n|faint|p1a: Rillaboom\n|\n|-heal|p2a: Ceruledge|98\/100 tox|[from] Grassy Terrain\n|-heal|p2a: Ceruledge|100\/100 tox|[from] item: Leftovers\n|-damage|p2a: Ceruledge|69\/100 tox|[from] psn\n|upkeep\n|\n|t:|1700373900\n|switch|p1a: Sneasler|Sneasler, F|100\/100\n|-enditem|p1a: Sneasler|Grassy Seed\n|-boost|p1a: Sneasler|def|1|[from] item: Grassy Seed\n|turn|7\n|\n|t:|1700373915\n|move|p2a: Ceruledge|Shadow Sneak|p1a: Sneasler\n|-damage|p1a: Sneasler|65\/100\n|move|p1a: Sneasler|Swords Dance|p1a: Sneasler\n|-boost|p1a: Sneasler|atk|2\n|\n|-heal|p1a: Sneasler|71\/100|[from] Grassy Terrain\n|-heal|p2a: Ceruledge|76\/100 tox|[from] Grassy Terrain\n|-heal|p2a: Ceruledge|82\/100 tox|[from] item: Leftovers\n|-damage|p2a: Ceruledge|45\/100 tox|[from] psn\n|upkeep\n|turn|8\n|\n|t:|1700373927\n|move|p2a: Ceruledge|Shadow Sneak|p1a: Sneasler\n|-damage|p1a: Sneasler|33\/100\n|move|p1a: Sneasler|Dire Claw|p2a: Ceruledge\n|-supereffective|p2a: Ceruledge\n|-damage|p2a: Ceruledge|0 fnt\n|faint|p2a: Ceruledge\n|\n|-heal|p1a: Sneasler|39\/100|[from] Grassy Terrain\n|upkeep\n|\n|t:|1700373940\n|switch|p2a: Staraptor|Staraptor, F|100\/100\n|-damage|p2a: Staraptor|75\/100|[from] Stealth Rock\n|turn|9\n|\n|t:|1700373945\n|move|p1a: Sneasler|Dire Claw|p2a: Staraptor\n|-damage|p2a: Staraptor|0 fnt\n|faint|p2a: Staraptor\n|\n|-heal|p1a: Sneasler|45\/100|[from] Grassy Terrain\n|upkeep\n|\n|t:|1700373959\n|switch|p2a: Medicham|Medicham, F|100\/100\n|-activate|p2a: Medicham|move: Sticky Web\n|-unboost|p2a: Medicham|spe|1\n|-damage|p2a: Medicham|94\/100|[from] Stealth Rock\n|turn|10\n|\n|t:|1700373972\n|move|p1a: Sneasler|Acrobatics|p2a: Medicham\n|-supereffective|p2a: Medicham\n|-damage|p2a: Medicham|0 fnt\n|faint|p2a: Medicham\n|\n|-heal|p1a: Sneasler|51\/100|[from] Grassy Terrain\n|-fieldend|move: Grassy Terrain\n|upkeep\n|\n|t:|1700373985\n|switch|p2a: Inteleon|Inteleon, F|100\/100\n|-activate|p2a: Inteleon|move: Sticky Web\n|-unboost|p2a: Inteleon|spe|1\n|-damage|p2a: Inteleon|88\/100|[from] Stealth Rock\n|turn|11\n|\n|t:|1700373990\n|move|p1a: Sneasler|Close Combat|p2a: Inteleon\n|-damage|p2a: Inteleon|0 fnt\n|-unboost|p1a: Sneasler|def|1\n|-unboost|p1a: Sneasler|spd|1\n|faint|p2a: Inteleon\n|\n|upkeep\n|\n|t:|1700373998\n|switch|p2a: Electivire|Electivire, F|100\/100\n|-activate|p2a: Electivire|move: Sticky Web\n|-unboost|p2a: Electivire|spe|1\n|-damage|p2a: Electivire|88\/100|[from] Stealth Rock\n|turn|12\n|\n|t:|1700374007\n|move|p1a: Sneasler|Dire Claw|p2a: Electivire\n|-damage|p2a: Electivire|0 fnt\n|faint|p2a: Electivire\n|\n|upkeep\n|\n|t:|1700374013\n|switch|p2a: Leafeon|Leafeon, M|100\/100\n|-activate|p2a: Leafeon|move: Sticky Web\n|-unboost|p2a: Leafeon|spe|1\n|-damage|p2a: Leafeon|88\/100|[from] Stealth Rock\n|turn|13\n|\n|t:|1700374018\n|-terastallize|p1a: Sneasler|Flying\n|move|p1a: Sneasler|Acrobatics|p2a: Leafeon\n|-supereffective|p2a: Leafeon\n|-damage|p2a: Leafeon|0 fnt\n|faint|p2a: Leafeon\n|\n|win|TesterTLC\n|raw|TesterTLC's rating: 1123 &rarr; <strong>1147<\/strong><br \/>(+24 for winning)\n|raw|Onlymanever's rating: 1114 &rarr; <strong>1090<\/strong><br \/>(-24 for losing)\n|l|\u2606Onlymanever\n","uploadtime":1700374027,"views":15,"p1id":"testertlc","p2id":"onlymanever","formatid":"gen9nationaldex","rating":1090,"private":0,"password":""}