{"id":"gen9nationaldex-1995330685","p1":"LELELEIOIOIO","p2":"Sirrawrz","format":"[Gen 9] National Dex","log":"|html|<div class=\"broadcast-blue\"><strong>[Gen 9] National Dex is currently suspecting Sneasler! For information on how to participate check out the <a href=\"https:\/\/www.smogon.com\/forums\/threads\/sv-national-dex-suspect-8-just-dance.3731534\/\">suspect thread<\/a>.<\/strong><\/div>\n|j|\u2606LELELEIOIOIO\n|j|\u2606Sirrawrz\n|t:|1700554873\n|gametype|singles\n|player|p1|LELELEIOIOIO|2|1441\n|player|p2|Sirrawrz|emmet|1465\n|teamsize|p1|6\n|teamsize|p2|6\n|gen|9\n|tier|[Gen 9] National Dex\n|rated|\n|rule|HP Percentage Mod: HP is shown in percentages\n|rule|Endless Battle Clause: Forcing endless battles is banned\n|rule|OHKO Clause: OHKO moves are banned\n|rule|Evasion Clause: Evasion abilities, items, and moves are banned\n|rule|Evasion Abilities Clause: Evasion abilities are banned\n|rule|Evasion Items Clause: Evasion items are banned\n|rule|Evasion Moves Clause: Evasion moves are banned\n|rule|Species Clause: Limit one of each Pok\u00e9mon\n|rule|Sleep Clause Mod: Limit one foe put to sleep\n|clearpoke\n|poke|p1|Pelipper, M|\n|poke|p1|Swampert, M|\n|poke|p1|Crawdaunt, M|\n|poke|p1|Ferrothorn, M|\n|poke|p1|Latias, F|\n|poke|p1|Zapdos|\n|poke|p2|Ninetales, M|\n|poke|p2|Venusaur, M|\n|poke|p2|Jolteon, M|\n|poke|p2|Blastoise, F|\n|poke|p2|Rhydon, F|\n|poke|p2|Scyther, F|\n|teampreview\n|\n|t:|1700554883\n|start\n|switch|p1a: Latias|Latias, F|100\/100\n|switch|p2a: Jolteon|Jolteon, M, shiny|100\/100\n|turn|1\n|\n|t:|1700554895\n|-terastallize|p2a: Jolteon|Ice\n|move|p2a: Jolteon|Tera Blast|p1a: Latias|[anim] Tera Blast Ice\n|-supereffective|p1a: Latias\n|-damage|p1a: Latias|44\/100\n|move|p1a: Latias|Calm Mind|p1a: Latias\n|-boost|p1a: Latias|spa|1\n|-boost|p1a: Latias|spd|1\n|\n|-heal|p1a: Latias|50\/100|[from] item: Leftovers\n|-status|p2a: Jolteon|brn|[from] item: Flame Orb\n|upkeep\n|turn|2\n|\n|t:|1700554910\n|move|p2a: Jolteon|Volt Switch|p1a: Latias\n|-resisted|p1a: Latias\n|-damage|p1a: Latias|42\/100\n|\n|t:|1700554911\n|switch|p2a: Blastoise|Blastoise, F, shiny|100\/100|[from] Volt Switch\n|move|p1a: Latias|Roost|p1a: Latias\n|-heal|p1a: Latias|92\/100\n|-singleturn|p1a: Latias|move: Roost\n|\n|-heal|p1a: Latias|98\/100|[from] item: Leftovers\n|upkeep\n|turn|3\n|\n|t:|1700554916\n|move|p1a: Latias|Draco Meteor|p2a: Blastoise\n|-damage|p2a: Blastoise|59\/100\n|-unboost|p1a: Latias|spa|2\n|move|p2a: Blastoise|Dragon Tail|p1a: Latias\n|-supereffective|p1a: Latias\n|-damage|p1a: Latias|73\/100\n|drag|p1a: Ferrothorn|Ferrothorn, M|100\/100\n|\n|upkeep\n|turn|4\n|\n|t:|1700554922\n|switch|p2a: Ninetales|Ninetales, M, shiny|100\/100\n|-weather|SunnyDay|[from] ability: Drought|[of] p2a: Ninetales\n|move|p1a: Ferrothorn|Leech Seed|p2a: Ninetales\n|-start|p2a: Ninetales|move: Leech Seed\n|\n|-weather|SunnyDay|[upkeep]\n|-damage|p2a: Ninetales|88\/100|[from] Leech Seed|[of] p1a: Ferrothorn\n|upkeep\n|turn|5\n|\n|t:|1700554931\n|switch|p2a: Scyther|Scyther, F, shiny|100\/100\n|switch|p1a: Pelipper|Pelipper, M|100\/100\n|-weather|RainDance|[from] ability: Drizzle|[of] p1a: Pelipper\n|\n|-weather|RainDance|[upkeep]\n|upkeep\n|turn|6\n|\n|t:|1700554935\n|move|p2a: Scyther|Dual Wingbeat|p1a: Pelipper\n|-damage|p1a: Pelipper|67\/100\n|-damage|p1a: Pelipper|35\/100\n|-hitcount|p1a: Pelipper|2\n|move|p1a: Pelipper|Hurricane|p2a: Scyther\n|-supereffective|p2a: Scyther\n|-damage|p2a: Scyther|0 fnt\n|faint|p2a: Scyther\n|\n|-weather|RainDance|[upkeep]\n|upkeep\n|\n|t:|1700554941\n|switch|p2a: Ninetales|Ninetales, M, shiny|88\/100\n|-weather|SunnyDay|[from] ability: Drought|[of] p2a: Ninetales\n|turn|7\n|\n|t:|1700554948\n|switch|p2a: Venusaur|Venusaur, M, shiny|100\/100\n|switch|p1a: Zapdos|Zapdos|100\/100\n|\n|-weather|SunnyDay|[upkeep]\n|upkeep\n|turn|8\n|\n|t:|1700554958\n|move|p2a: Venusaur|Weather Ball|p1a: Zapdos\n|-damage|p1a: Zapdos|38\/100\n|-damage|p2a: Venusaur|91\/100|[from] item: Life Orb\n|move|p1a: Zapdos|Volt Switch|p2a: Venusaur\n|-resisted|p2a: Venusaur\n|-damage|p2a: Venusaur|73\/100\n|\n|t:|1700554961\n|switch|p1a: Latias|Latias, F|73\/100|[from] Volt Switch\n|\n|-weather|SunnyDay|[upkeep]\n|-heal|p1a: Latias|79\/100|[from] item: Leftovers\n|upkeep\n|turn|9\n|\n|t:|1700554964\n|move|p2a: Venusaur|Sludge Bomb|p1a: Latias\n|-damage|p1a: Latias|37\/100\n|-status|p1a: Latias|psn\n|-damage|p2a: Venusaur|63\/100|[from] item: Life Orb\n|move|p1a: Latias|Psyshock|p2a: Venusaur\n|-supereffective|p2a: Venusaur\n|-damage|p2a: Venusaur|0 fnt\n|faint|p2a: Venusaur\n|\n|-weather|SunnyDay|[upkeep]\n|-heal|p1a: Latias|43\/100 psn|[from] item: Leftovers\n|-damage|p1a: Latias|31\/100 psn|[from] psn\n|upkeep\n|\n|t:|1700554969\n|switch|p2a: Jolteon|Jolteon, M, shiny, tera:Ice|100\/100 brn\n|turn|10\n|\n|t:|1700554977\n|-terastallize|p1a: Latias|Steel\n|move|p2a: Jolteon|Weather Ball|p1a: Latias\n|-supereffective|p1a: Latias\n|-damage|p1a: Latias|0 fnt\n|faint|p1a: Latias\n|\n|-weather|SunnyDay|[upkeep]\n|-damage|p2a: Jolteon|94\/100 brn|[from] brn\n|upkeep\n|\n|t:|1700554987\n|switch|p1a: Pelipper|Pelipper, M|35\/100\n|-weather|RainDance|[from] ability: Drizzle|[of] p1a: Pelipper\n|turn|11\n|\n|t:|1700554990\n|move|p2a: Jolteon|Weather Ball|p1a: Pelipper\n|-resisted|p1a: Pelipper\n|-crit|p1a: Pelipper\n|-damage|p1a: Pelipper|0 fnt\n|faint|p1a: Pelipper\n|\n|-weather|RainDance|[upkeep]\n|-damage|p2a: Jolteon|88\/100 brn|[from] brn\n|upkeep\n|\n|t:|1700554997\n|switch|p1a: Swampert|Swampert, M|100\/100\n|turn|12\n|\n|t:|1700555000\n|switch|p2a: Blastoise|Blastoise, F, shiny|59\/100\n|detailschange|p1a: Swampert|Swampert-Mega, M\n|-mega|p1a: Swampert|Swampert|Swampertite\n|move|p1a: Swampert|Earthquake|p2a: Blastoise\n|-damage|p2a: Blastoise|23\/100\n|\n|-weather|RainDance|[upkeep]\n|-heal|p2a: Blastoise|29\/100|[from] ability: Rain Dish\n|upkeep\n|turn|13\n|\n|t:|1700555006\n|move|p1a: Swampert|Earthquake|p2a: Blastoise\n|-damage|p2a: Blastoise|0 fnt\n|faint|p2a: Blastoise\n|\n|-weather|RainDance|[upkeep]\n|upkeep\n|\n|t:|1700555009\n|switch|p2a: Ninetales|Ninetales, M, shiny|88\/100\n|-weather|SunnyDay|[from] ability: Drought|[of] p2a: Ninetales\n|turn|14\n|\n|t:|1700555015\n|move|p2a: Ninetales|Solar Beam||[still]\n|-prepare|p2a: Ninetales|Solar Beam\n|-anim|p2a: Ninetales|Solar Beam|p1a: Swampert\n|-supereffective|p1a: Swampert\n|-damage|p1a: Swampert|0 fnt\n|faint|p1a: Swampert\n|\n|-weather|SunnyDay|[upkeep]\n|upkeep\n|\n|t:|1700555017\n|switch|p1a: Zapdos|Zapdos|38\/100\n|turn|15\n|\n|t:|1700555022\n|switch|p2a: Jolteon|Jolteon, M, shiny, tera:Ice|88\/100 brn\n|move|p1a: Zapdos|Roost|p1a: Zapdos\n|-heal|p1a: Zapdos|88\/100\n|-singleturn|p1a: Zapdos|move: Roost\n|\n|-weather|SunnyDay|[upkeep]\n|-damage|p2a: Jolteon|82\/100 brn|[from] brn\n|upkeep\n|turn|16\n|\n|t:|1700555027\n|switch|p1a: Ferrothorn|Ferrothorn, M|100\/100\n|move|p2a: Jolteon|Tera Blast|p1a: Ferrothorn|[anim] Tera Blast Ice\n|-damage|p1a: Ferrothorn|68\/100\n|\n|-weather|SunnyDay|[upkeep]\n|-damage|p2a: Jolteon|75\/100 brn|[from] brn\n|upkeep\n|turn|17\n|\n|t:|1700555030\n|move|p2a: Jolteon|Weather Ball|p1a: Ferrothorn\n|-supereffective|p1a: Ferrothorn\n|-damage|p1a: Ferrothorn|0 fnt\n|faint|p1a: Ferrothorn\n|\n|-weather|SunnyDay|[upkeep]\n|-damage|p2a: Jolteon|69\/100 brn|[from] brn\n|upkeep\n|\n|t:|1700555033\n|switch|p1a: Crawdaunt|Crawdaunt, M|100\/100\n|turn|18\n|\n|t:|1700555040\n|move|p2a: Jolteon|Volt Switch|p1a: Crawdaunt\n|-supereffective|p1a: Crawdaunt\n|-damage|p1a: Crawdaunt|0 fnt\n|faint|p1a: Crawdaunt\n|\n|t:|1700555046\n|switch|p2a: Rhydon|Rhydon, F, shiny|100\/100|[from] Volt Switch\n|\n|-weather|none\n|upkeep\n|\n|t:|1700555048\n|switch|p1a: Zapdos|Zapdos|88\/100\n|turn|19\n|\n|t:|1700555050\n|move|p1a: Zapdos|Hurricane|p2a: Rhydon\n|-resisted|p2a: Rhydon\n|-damage|p2a: Rhydon|85\/100\n|move|p2a: Rhydon|Avalanche|p1a: Zapdos\n|-supereffective|p1a: Zapdos\n|-damage|p1a: Zapdos|31\/100\n|-status|p2a: Rhydon|par|[from] ability: Static|[of] p1a: Zapdos\n|\n|upkeep\n|turn|20\n|\n|t:|1700555054\n|move|p1a: Zapdos|Roost|p1a: Zapdos\n|-heal|p1a: Zapdos|81\/100\n|-singleturn|p1a: Zapdos|move: Roost\n|move|p2a: Rhydon|Earthquake|p1a: Zapdos\n|-supereffective|p1a: Zapdos\n|-damage|p1a: Zapdos|8\/100\n|\n|upkeep\n|turn|21\n|\n|t:|1700555061\n|move|p1a: Zapdos|Roost|p1a: Zapdos\n|-heal|p1a: Zapdos|58\/100\n|-singleturn|p1a: Zapdos|move: Roost\n|move|p2a: Rhydon|Avalanche|p1a: Zapdos\n|-damage|p1a: Zapdos|43\/100\n|\n|upkeep\n|turn|22\n|\n|t:|1700555063\n|move|p1a: Zapdos|Roost|p1a: Zapdos\n|-heal|p1a: Zapdos|93\/100\n|-singleturn|p1a: Zapdos|move: Roost\n|move|p2a: Rhydon|Earthquake|p1a: Zapdos\n|-supereffective|p1a: Zapdos\n|-damage|p1a: Zapdos|20\/100\n|\n|upkeep\n|turn|23\n|\n|t:|1700555070\n|switch|p2a: Ninetales|Ninetales, M, shiny|88\/100\n|-weather|SunnyDay|[from] ability: Drought|[of] p2a: Ninetales\n|move|p1a: Zapdos|Hurricane|p2a: Ninetales|[miss]\n|-miss|p1a: Zapdos|p2a: Ninetales\n|\n|-weather|SunnyDay|[upkeep]\n|upkeep\n|turn|24\n|\n|t:|1700555076\n|move|p2a: Ninetales|Weather Ball|p1a: Zapdos\n|-damage|p1a: Zapdos|0 fnt\n|faint|p1a: Zapdos\n|\n|win|Sirrawrz\n|raw|LELELEIOIOIO's rating: 1441 &rarr; <strong>1422<\/strong><br \/>(-19 for losing)\n|raw|Sirrawrz's rating: 1465 &rarr; <strong>1484<\/strong><br \/>(+19 for winning)\n|l|\u2606LELELEIOIOIO\n","uploadtime":1700555083,"views":2,"p1id":"leleleioioio","p2id":"sirrawrz","formatid":"gen9nationaldex","rating":1422,"private":0,"password":""}