{"id":"gen9nationaldex-1996369100","p1":"Maxer59","p2":"Johnnyjames","format":"[Gen 9] National Dex","log":"|html|<div class=\"broadcast-blue\"><strong>[Gen 9] National Dex is currently suspecting Sneasler! For information on how to participate check out the <a href=\"https:\/\/www.smogon.com\/forums\/threads\/sv-national-dex-suspect-8-just-dance.3731534\/\">suspect thread<\/a>.<\/strong><\/div>\n|j|\u2606Maxer59\n|j|\u2606Johnnyjames\n|t:|1700675455\n|gametype|singles\n|player|p1|Maxer59|lucas|1257\n|player|p2|Johnnyjames|2|1126\n|teamsize|p1|6\n|teamsize|p2|6\n|gen|9\n|tier|[Gen 9] National Dex\n|rated|\n|rule|HP Percentage Mod: HP is shown in percentages\n|rule|Endless Battle Clause: Forcing endless battles is banned\n|rule|OHKO Clause: OHKO moves are banned\n|rule|Evasion Clause: Evasion abilities, items, and moves are banned\n|rule|Evasion Abilities Clause: Evasion abilities are banned\n|rule|Evasion Items Clause: Evasion items are banned\n|rule|Evasion Moves Clause: Evasion moves are banned\n|rule|Species Clause: Limit one of each Pok\u00e9mon\n|rule|Sleep Clause Mod: Limit one foe put to sleep\n|clearpoke\n|poke|p1|Pikachu, F|\n|poke|p1|Gallade, M|\n|poke|p1|Crawdaunt, F|\n|poke|p1|Tornadus-Therian, M|\n|poke|p1|Keldeo-Resolute|\n|poke|p1|Ribombee, M|\n|poke|p2|Dondozo, M|\n|poke|p2|Grimmsnarl, M|\n|poke|p2|Volcarona, M|\n|poke|p2|Ting-Lu|\n|poke|p2|Dragonite, M|\n|poke|p2|Gliscor, F|\n|teampreview\n|inactive|Battle timer is ON: inactive players will automatically lose when time's up. (requested by Maxer59)\n|c|\u2606Johnnyjames|Glhf\n|\n|t:|1700675471\n|start\n|switch|p1a: Ribombee|Ribombee, M|100\/100\n|switch|p2a: Grimmsnarl|Grimmsnarl, M|100\/100\n|turn|1\n|\n|t:|1700675476\n|move|p2a: Grimmsnarl|Light Screen|p2a: Grimmsnarl\n|-sidestart|p2: Johnnyjames|move: Light Screen\n|move|p1a: Ribombee|Moonblast|p2a: Grimmsnarl\n|-supereffective|p2a: Grimmsnarl\n|-damage|p2a: Grimmsnarl|71\/100\n|\n|upkeep\n|turn|2\n|\n|t:|1700675482\n|move|p2a: Grimmsnarl|Reflect|p2a: Grimmsnarl\n|-sidestart|p2: Johnnyjames|Reflect\n|move|p1a: Ribombee|Stun Spore|p2a: Grimmsnarl\n|-status|p2a: Grimmsnarl|par\n|\n|upkeep\n|turn|3\n|\n|t:|1700675487\n|move|p2a: Grimmsnarl|Parting Shot|p1a: Ribombee\n|-unboost|p1a: Ribombee|atk|1\n|-unboost|p1a: Ribombee|spa|1\n|\n|t:|1700675495\n|switch|p2a: Dondozo|Dondozo, M|100\/100|[from] Parting Shot\n|move|p1a: Ribombee|Sticky Web|p2a: Dondozo\n|-sidestart|p2: Johnnyjames|move: Sticky Web\n|\n|upkeep\n|turn|4\n|\n|t:|1700675507\n|switch|p1a: Tornadus|Tornadus-Therian, M|100\/100\n|move|p2a: Dondozo|Curse|p2a: Dondozo\n|-unboost|p2a: Dondozo|spe|1\n|-boost|p2a: Dondozo|atk|1\n|-boost|p2a: Dondozo|def|1\n|\n|upkeep\n|turn|5\n|\n|t:|1700675515\n|move|p1a: Tornadus|Knock Off|p2a: Dondozo\n|-damage|p2a: Dondozo|98\/100\n|-enditem|p2a: Dondozo|Heavy-Duty Boots|[from] move: Knock Off|[of] p1a: Tornadus\n|move|p2a: Dondozo|Curse|p2a: Dondozo\n|-unboost|p2a: Dondozo|spe|1\n|-boost|p2a: Dondozo|atk|1\n|-boost|p2a: Dondozo|def|1\n|\n|upkeep\n|turn|6\n|\n|t:|1700675527\n|move|p1a: Tornadus|U-turn|p2a: Dondozo\n|-damage|p2a: Dondozo|96\/100\n|\n|t:|1700675536\n|switch|p1a: PikaGOD|Pikachu, F|100\/100|[from] U-turn\n|move|p2a: Dondozo|Curse|p2a: Dondozo\n|-unboost|p2a: Dondozo|spe|1\n|-boost|p2a: Dondozo|atk|1\n|-boost|p2a: Dondozo|def|1\n|\n|upkeep\n|turn|7\n|\n|t:|1700675543\n|move|p1a: PikaGOD|Fake Out|p2a: Dondozo\n|-damage|p2a: Dondozo|94\/100\n|cant|p2a: Dondozo|flinch\n|\n|upkeep\n|turn|8\n|\n|t:|1700675548\n|-terastallize|p2a: Dondozo|Fairy\n|move|p1a: PikaGOD|Volt Switch|p2a: Dondozo\n|-damage|p2a: Dondozo|82\/100\n|\n|t:|1700675560\n|switch|p1a: Ribombee|Ribombee, M|100\/100|[from] Volt Switch\n|move|p2a: Dondozo|Liquidation|p1a: Ribombee\n|-enditem|p1a: Ribombee|Focus Sash\n|-damage|p1a: Ribombee|1\/100\n|\n|-sideend|p2: Johnnyjames|move: Light Screen\n|upkeep\n|turn|9\n|\n|t:|1700675571\n|move|p1a: Ribombee|Moonblast|p2a: Dondozo\n|-damage|p2a: Dondozo|45\/100\n|move|p2a: Dondozo|Liquidation|p1a: Ribombee\n|-damage|p1a: Ribombee|0 fnt\n|faint|p1a: Ribombee\n|\n|-sideend|p2: Johnnyjames|Reflect\n|upkeep\n|\n|t:|1700675576\n|switch|p1a: PikaGOD|Pikachu, F|100\/100\n|turn|10\n|\n|t:|1700675582\n|move|p1a: PikaGOD|Fake Out|p2a: Dondozo\n|-damage|p2a: Dondozo|42\/100\n|cant|p2a: Dondozo|flinch\n|\n|upkeep\n|turn|11\n|\n|t:|1700675585\n|move|p1a: PikaGOD|Volt Switch|p2a: Dondozo\n|-damage|p2a: Dondozo|18\/100\n|\n|t:|1700675591\n|switch|p1a: Tornadus|Tornadus-Therian, M|100\/100|[from] Volt Switch\n|move|p2a: Dondozo|Liquidation|p1a: Tornadus\n|-damage|p1a: Tornadus|0 fnt\n|faint|p1a: Tornadus\n|\n|upkeep\n|\n|t:|1700675600\n|switch|p1a: Keldeo|Keldeo-Resolute|100\/100\n|turn|12\n|\n|t:|1700675603\n|move|p1a: Keldeo|Aura Sphere|p2a: Dondozo\n|-resisted|p2a: Dondozo\n|-damage|p2a: Dondozo|0 fnt\n|faint|p2a: Dondozo\n|\n|upkeep\n|\n|t:|1700675613\n|switch|p2a: Grimmsnarl|Grimmsnarl, M|71\/100 par\n|-activate|p2a: Grimmsnarl|move: Sticky Web\n|-unboost|p2a: Grimmsnarl|spe|1\n|turn|13\n|\n|t:|1700675618\n|move|p2a: Grimmsnarl|Reflect|p2a: Grimmsnarl\n|-sidestart|p2: Johnnyjames|Reflect\n|move|p1a: Keldeo|Calm Mind|p1a: Keldeo\n|-boost|p1a: Keldeo|spa|1\n|-boost|p1a: Keldeo|spd|1\n|\n|upkeep\n|turn|14\n|\n|t:|1700675624\n|move|p2a: Grimmsnarl|Light Screen|p2a: Grimmsnarl\n|-sidestart|p2: Johnnyjames|move: Light Screen\n|move|p1a: Keldeo|Calm Mind|p1a: Keldeo\n|-boost|p1a: Keldeo|spa|1\n|-boost|p1a: Keldeo|spd|1\n|\n|upkeep\n|turn|15\n|\n|t:|1700675629\n|cant|p2a: Grimmsnarl|par\n|move|p1a: Keldeo|Calm Mind|p1a: Keldeo\n|-boost|p1a: Keldeo|spa|1\n|-boost|p1a: Keldeo|spd|1\n|\n|upkeep\n|turn|16\n|\n|t:|1700675632\n|move|p2a: Grimmsnarl|Parting Shot|p1a: Keldeo\n|-unboost|p1a: Keldeo|atk|1\n|-unboost|p1a: Keldeo|spa|1\n|\n|t:|1700675643\n|switch|p2a: Ting-Lu|Ting-Lu|100\/100|[from] Parting Shot\n|-activate|p2a: Ting-Lu|move: Sticky Web\n|-unboost|p2a: Ting-Lu|spe|1\n|-ability|p2a: Ting-Lu|Vessel of Ruin\n|move|p1a: Keldeo|Calm Mind|p1a: Keldeo\n|-boost|p1a: Keldeo|spa|1\n|-boost|p1a: Keldeo|spd|1\n|\n|upkeep\n|turn|17\n|\n|t:|1700675649\n|move|p1a: Keldeo|Scald|p2a: Ting-Lu\n|-supereffective|p2a: Ting-Lu\n|-damage|p2a: Ting-Lu|56\/100\n|move|p2a: Ting-Lu|Whirlwind|p1a: Keldeo\n|drag|p1a: PikaGOD|Pikachu, F|100\/100\n|\n|-heal|p2a: Ting-Lu|62\/100|[from] item: Leftovers\n|upkeep\n|turn|18\n|\n|t:|1700675657\n|move|p1a: PikaGOD|Fake Out|p2a: Ting-Lu\n|-damage|p2a: Ting-Lu|57\/100\n|cant|p2a: Ting-Lu|flinch\n|\n|-heal|p2a: Ting-Lu|64\/100|[from] item: Leftovers\n|upkeep\n|turn|19\n|\n|t:|1700675662\n|switch|p1a: Excalibur is ZZZ|Gallade, M|100\/100\n|move|p2a: Ting-Lu|Spikes|p1a: Excalibur is ZZZ\n|-sidestart|p1: Maxer59|Spikes\n|\n|-heal|p2a: Ting-Lu|70\/100|[from] item: Leftovers\n|upkeep\n|turn|20\n|\n|t:|1700675669\n|move|p1a: Excalibur is ZZZ|Sacred Sword|p2a: Ting-Lu\n|-supereffective|p2a: Ting-Lu\n|-damage|p2a: Ting-Lu|29\/100\n|move|p2a: Ting-Lu|Spikes|p1a: Excalibur is ZZZ\n|-sidestart|p1: Maxer59|Spikes\n|\n|-heal|p2a: Ting-Lu|35\/100|[from] item: Leftovers\n|-sideend|p2: Johnnyjames|Reflect\n|upkeep\n|turn|21\n|\n|t:|1700675681\n|switch|p2a: Dragonite|Dragonite, M|100\/100\n|move|p1a: Excalibur is ZZZ|Sacred Sword|p2a: Dragonite\n|-resisted|p2a: Dragonite\n|-damage|p2a: Dragonite|59\/100\n|\n|-sideend|p2: Johnnyjames|move: Light Screen\n|upkeep\n|turn|22\n|\n|t:|1700675692\n|switch|p1a: PikaGOD|Pikachu, F|100\/100\n|-damage|p1a: PikaGOD|84\/100|[from] Spikes\n|move|p2a: Dragonite|Encore||[still]\n|-fail|p2a: Dragonite\n|\n|upkeep\n|turn|23\n|\n|t:|1700675702\n|switch|p2a: Ting-Lu|Ting-Lu|35\/100\n|-activate|p2a: Ting-Lu|move: Sticky Web\n|-unboost|p2a: Ting-Lu|spe|1\n|-ability|p2a: Ting-Lu|Vessel of Ruin\n|move|p1a: PikaGOD|Fake Out|p2a: Ting-Lu\n|-damage|p2a: Ting-Lu|26\/100\n|\n|-heal|p2a: Ting-Lu|32\/100|[from] item: Leftovers\n|upkeep\n|turn|24\n|\n|t:|1700675715\n|switch|p1a: Peak of evolution|Crawdaunt, F|100\/100\n|-damage|p1a: Peak of evolution|84\/100|[from] Spikes\n|move|p2a: Ting-Lu|Spikes|p1a: Peak of evolution\n|-sidestart|p1: Maxer59|Spikes\n|\n|-heal|p2a: Ting-Lu|38\/100|[from] item: Leftovers\n|upkeep\n|turn|25\n|\n|t:|1700675731\n|switch|p2a: Dragonite|Dragonite, M|59\/100\n|move|p1a: Peak of evolution|Crabhammer|p2a: Dragonite\n|-resisted|p2a: Dragonite\n|-damage|p2a: Dragonite|15\/100\n|\n|upkeep\n|turn|26\n|\n|t:|1700675738\n|move|p2a: Dragonite|Extreme Speed|p1a: Peak of evolution\n|-damage|p1a: Peak of evolution|21\/100\n|-damage|p2a: Dragonite|5\/100|[from] item: Life Orb\n|move|p1a: Peak of evolution|Crabhammer|p2a: Dragonite\n|-resisted|p2a: Dragonite\n|-damage|p2a: Dragonite|0 fnt\n|faint|p2a: Dragonite\n|\n|upkeep\n|\n|t:|1700675749\n|switch|p2a: Volcarona|Volcarona, M|100\/100\n|-activate|p2a: Volcarona|move: Sticky Web\n|-unboost|p2a: Volcarona|spe|1\n|turn|27\n|\n|t:|1700675758\n|move|p1a: Peak of evolution|Crabhammer|p2a: Volcarona\n|-supereffective|p2a: Volcarona\n|-damage|p2a: Volcarona|0 fnt\n|faint|p2a: Volcarona\n|\n|upkeep\n|\n|t:|1700675766\n|switch|p2a: Gliscor|Gliscor, F|100\/100\n|turn|28\n|\n|t:|1700675775\n|move|p1a: Peak of evolution|Crabhammer|p2a: Gliscor\n|-supereffective|p2a: Gliscor\n|-damage|p2a: Gliscor|0 fnt\n|faint|p2a: Gliscor\n|\n|upkeep\n|\n|t:|1700675787\n|switch|p2a: Grimmsnarl|Grimmsnarl, M|71\/100 par\n|-activate|p2a: Grimmsnarl|move: Sticky Web\n|-unboost|p2a: Grimmsnarl|spe|1\n|turn|29\n|\n|t:|1700675791\n|move|p1a: Peak of evolution|Crabhammer|p2a: Grimmsnarl\n|-damage|p2a: Grimmsnarl|0 fnt\n|faint|p2a: Grimmsnarl\n|\n|upkeep\n|\n|t:|1700675795\n|switch|p2a: Ting-Lu|Ting-Lu|38\/100\n|-activate|p2a: Ting-Lu|move: Sticky Web\n|-unboost|p2a: Ting-Lu|spe|1\n|-ability|p2a: Ting-Lu|Vessel of Ruin\n|turn|30\n|\n|t:|1700675801\n|move|p1a: Peak of evolution|Crabhammer|p2a: Ting-Lu\n|-supereffective|p2a: Ting-Lu\n|-crit|p2a: Ting-Lu\n|-damage|p2a: Ting-Lu|0 fnt\n|faint|p2a: Ting-Lu\n|\n|win|Maxer59\n|raw|Maxer59's rating: 1257 &rarr; <strong>1273<\/strong><br \/>(+16 for winning)\n|raw|Johnnyjames's rating: 1126 &rarr; <strong>1110<\/strong><br \/>(-16 for losing)\n","uploadtime":1700675805,"views":3,"p1id":"maxer59","p2id":"johnnyjames","formatid":"gen9nationaldex","rating":1110,"private":0,"password":""}