{"id":"gen9nationaldex-1991822255","p1":"Prtbl_Trash","p2":"Arzur23","format":"[Gen 9] National Dex","log":"|j|\u2606Prtbl_Trash\n|j|\u2606Arzur23\n|t:|1700123564\n|gametype|singles\n|player|p1|Prtbl_Trash|rosa|1452\n|player|p2|Arzur23|2|1321\n|teamsize|p1|6\n|teamsize|p2|6\n|gen|9\n|tier|[Gen 9] National Dex\n|rated|\n|rule|HP Percentage Mod: HP is shown in percentages\n|rule|Endless Battle Clause: Forcing endless battles is banned\n|rule|OHKO Clause: OHKO moves are banned\n|rule|Evasion Clause: Evasion abilities, items, and moves are banned\n|rule|Evasion Abilities Clause: Evasion abilities are banned\n|rule|Evasion Items Clause: Evasion items are banned\n|rule|Evasion Moves Clause: Evasion moves are banned\n|rule|Species Clause: Limit one of each Pok\u00e9mon\n|rule|Sleep Clause Mod: Limit one foe put to sleep\n|clearpoke\n|poke|p1|Blastoise, F|\n|poke|p1|Slowking-Galar, M|\n|poke|p1|Gliscor, F|\n|poke|p1|Ferrothorn, F|\n|poke|p1|Skeledirge, F|\n|poke|p1|Haxorus, M|\n|poke|p2|Goodra-Hisui, M|\n|poke|p2|Ceruledge, F|\n|poke|p2|Garganacl, M|\n|poke|p2|Dragonite, F|\n|poke|p2|Ogerpon-Wellspring, F|\n|poke|p2|Ribombee, M|\n|teampreview\n|inactive|Battle timer is ON: inactive players will automatically lose when time's up. (requested by Prtbl_Trash)\n|\n|t:|1700123573\n|start\n|switch|p1a: Ferrothorn|Ferrothorn, F|100\/100\n|switch|p2a: Ribombee|Ribombee, M|100\/100\n|turn|1\n|inactive|Arzur23 has 120 seconds left.\n|\n|t:|1700123604\n|move|p2a: Ribombee|Quiver Dance|p2a: Ribombee\n|-boost|p2a: Ribombee|spa|1\n|-boost|p2a: Ribombee|spd|1\n|-boost|p2a: Ribombee|spe|1\n|move|p1a: Ferrothorn|Leech Seed|p2a: Ribombee\n|-start|p2a: Ribombee|move: Leech Seed\n|\n|-damage|p2a: Ribombee|88\/100|[from] Leech Seed|[of] p1a: Ferrothorn\n|upkeep\n|turn|2\n|\n|t:|1700123615\n|switch|p1a: Slowking|Slowking-Galar, M|100\/100\n|move|p2a: Ribombee|Bug Buzz|p1a: Slowking\n|-damage|p1a: Slowking|64\/100\n|\n|-damage|p2a: Ribombee|76\/100|[from] Leech Seed|[of] p1a: Slowking\n|-heal|p1a: Slowking|72\/100|[silent]\n|upkeep\n|turn|3\n|inactive|Arzur23 has 120 seconds left.\n|\n|t:|1700123631\n|move|p2a: Ribombee|Psychic|p1a: Slowking\n|-damage|p1a: Slowking|47\/100\n|move|p1a: Slowking|Sludge Bomb|p2a: Ribombee\n|-supereffective|p2a: Ribombee\n|-damage|p2a: Ribombee|0 fnt\n|faint|p2a: Ribombee\n|\n|upkeep\n|inactive|Arzur23 has 120 seconds left.\n|\n|t:|1700123643\n|switch|p2a: Ceruledge|Ceruledge, F|100\/100\n|turn|4\n|\n|t:|1700123648\n|switch|p1a: Gliscor|Gliscor, F|100\/100\n|move|p2a: Ceruledge|Shadow Sneak|p1a: Gliscor\n|-damage|p1a: Gliscor|84\/100\n|\n|-status|p1a: Gliscor|tox|[from] item: Toxic Orb\n|upkeep\n|turn|5\n|\n|t:|1700123655\n|switch|p2a: Garganacl|Garganacl, M|100\/100\n|move|p1a: Gliscor|Toxic|p2a: Garganacl\n|-immune|p2a: Garganacl|[from] ability: Purifying Salt\n|\n|-heal|p1a: Gliscor|97\/100 tox|[from] ability: Poison Heal\n|upkeep\n|turn|6\n|\n|t:|1700123660\n|move|p1a: Gliscor|Earthquake|p2a: Garganacl\n|-supereffective|p2a: Garganacl\n|-damage|p2a: Garganacl|63\/100\n|move|p2a: Garganacl|Salt Cure|p1a: Gliscor\n|-damage|p1a: Gliscor|85\/100 tox\n|-start|p1a: Gliscor|Salt Cure\n|\n|-heal|p2a: Garganacl|70\/100|[from] item: Leftovers\n|-heal|p1a: Gliscor|97\/100 tox|[from] ability: Poison Heal\n|-damage|p1a: Gliscor|85\/100 tox|[from] Salt Cure\n|upkeep\n|turn|7\n|\n|t:|1700123668\n|switch|p1a: Blastoise|Blastoise, F|100\/100\n|move|p2a: Garganacl|Iron Defense|p2a: Garganacl\n|-boost|p2a: Garganacl|def|2\n|\n|-heal|p2a: Garganacl|76\/100|[from] item: Leftovers\n|upkeep\n|turn|8\n|\n|t:|1700123677\n|-terastallize|p1a: Blastoise|Dragon\n|move|p1a: Blastoise|Shell Smash|p1a: Blastoise\n|-unboost|p1a: Blastoise|def|1\n|-unboost|p1a: Blastoise|spd|1\n|-boost|p1a: Blastoise|atk|2\n|-boost|p1a: Blastoise|spa|2\n|-boost|p1a: Blastoise|spe|2\n|-enditem|p1a: Blastoise|White Herb\n|-clearnegativeboost|p1a: Blastoise|[silent]\n|move|p2a: Garganacl|Salt Cure|p1a: Blastoise\n|-damage|p1a: Blastoise|85\/100\n|-start|p1a: Blastoise|Salt Cure\n|\n|-heal|p2a: Garganacl|82\/100|[from] item: Leftovers\n|-damage|p1a: Blastoise|73\/100|[from] Salt Cure\n|upkeep\n|turn|9\n|\n|t:|1700123698\n|move|p1a: Blastoise|Aura Sphere|p2a: Garganacl\n|-supereffective|p2a: Garganacl\n|-damage|p2a: Garganacl|0 fnt\n|faint|p2a: Garganacl\n|\n|-damage|p1a: Blastoise|60\/100|[from] Salt Cure\n|upkeep\n|\n|t:|1700123702\n|switch|p2a: Goodra|Goodra-Hisui, M|100\/100\n|turn|10\n|\n|t:|1700123708\n|move|p1a: Blastoise|Aura Sphere|p2a: Goodra\n|-supereffective|p2a: Goodra\n|-damage|p2a: Goodra|46\/100\n|move|p2a: Goodra|Dragon Tail|p1a: Blastoise\n|-supereffective|p1a: Blastoise\n|-damage|p1a: Blastoise|16\/100\n|drag|p1a: Skeledirge|Skeledirge, F|100\/100\n|\n|-heal|p2a: Goodra|52\/100|[from] item: Leftovers\n|upkeep\n|turn|11\n|\n|t:|1700123725\n|switch|p2a: Ogerpon|Ogerpon-Wellspring, F|100\/100\n|move|p1a: Skeledirge|Hex|p2a: Ogerpon\n|-damage|p2a: Ogerpon|71\/100\n|\n|upkeep\n|turn|12\n|\n|t:|1700123730\n|move|p2a: Ogerpon|Ivy Cudgel|p1a: Skeledirge|[anim] Ivy Cudgel Water\n|-supereffective|p1a: Skeledirge\n|-damage|p1a: Skeledirge|1\/100\n|move|p1a: Skeledirge|Will-O-Wisp|p2a: Ogerpon\n|-status|p2a: Ogerpon|brn\n|\n|-damage|p2a: Ogerpon|65\/100 brn|[from] brn\n|upkeep\n|turn|13\n|\n|t:|1700123756\n|switch|p1a: Ferrothorn|Ferrothorn, F|100\/100\n|move|p2a: Ogerpon|Ivy Cudgel|p1a: Ferrothorn|[anim] Ivy Cudgel Water\n|-resisted|p1a: Ferrothorn\n|-damage|p1a: Ferrothorn|91\/100\n|\n|-heal|p1a: Ferrothorn|97\/100|[from] item: Leftovers\n|-damage|p2a: Ogerpon|59\/100 brn|[from] brn\n|upkeep\n|turn|14\n|\n|t:|1700123765\n|move|p2a: Ogerpon|Swords Dance|p2a: Ogerpon\n|-boost|p2a: Ogerpon|atk|2\n|move|p1a: Ferrothorn|Stealth Rock|p2a: Ogerpon\n|-sidestart|p2: Arzur23|move: Stealth Rock\n|\n|-heal|p1a: Ferrothorn|100\/100|[from] item: Leftovers\n|-damage|p2a: Ogerpon|53\/100 brn|[from] brn\n|upkeep\n|turn|15\n|\n|t:|1700123768\n|move|p2a: Ogerpon|Swords Dance|p2a: Ogerpon\n|-boost|p2a: Ogerpon|atk|2\n|move|p1a: Ferrothorn|Power Whip|p2a: Ogerpon\n|-damage|p2a: Ogerpon|1\/100 brn\n|\n|-damage|p2a: Ogerpon|0 fnt|[from] brn\n|faint|p2a: Ogerpon\n|upkeep\n|\n|t:|1700123772\n|switch|p2a: Ceruledge|Ceruledge, F|100\/100\n|-damage|p2a: Ceruledge|76\/100|[from] Stealth Rock\n|turn|16\n|\n|t:|1700123780\n|move|p2a: Ceruledge|Bitter Blade|p1a: Ferrothorn\n|-supereffective|p1a: Ferrothorn\n|-damage|p1a: Ferrothorn|0 fnt\n|-heal|p2a: Ceruledge|100\/100|[from] drain|[of] p1a: Ferrothorn\n|-damage|p2a: Ceruledge|88\/100|[from] ability: Iron Barbs|[of] p1a: Ferrothorn\n|faint|p1a: Ferrothorn\n|\n|upkeep\n|\n|t:|1700123787\n|switch|p1a: Haxorus|Haxorus, M|100\/100\n|-ability|p1a: Haxorus|Mold Breaker\n|turn|17\n|\n|t:|1700123814\n|switch|p2a: Goodra|Goodra-Hisui, M|52\/100\n|-damage|p2a: Goodra|46\/100|[from] Stealth Rock\n|move|p1a: Haxorus|Earthquake|p2a: Goodra\n|-supereffective|p2a: Goodra\n|-damage|p2a: Goodra|0 fnt\n|faint|p2a: Goodra\n|\n|upkeep\n|\n|t:|1700123817\n|switch|p2a: Dragonite|Dragonite, F|100\/100\n|turn|18\n|\n|t:|1700123825\n|switch|p1a: Gliscor|Gliscor, F|85\/100 tox\n|-terastallize|p2a: Dragonite|Normal\n|move|p2a: Dragonite|Dragon Dance|p2a: Dragonite\n|-boost|p2a: Dragonite|atk|1\n|-boost|p2a: Dragonite|spe|1\n|\n|-heal|p1a: Gliscor|97\/100 tox|[from] ability: Poison Heal\n|upkeep\n|turn|19\n|\n|t:|1700123831\n|move|p2a: Dragonite|Dragon Dance|p2a: Dragonite\n|-boost|p2a: Dragonite|atk|1\n|-boost|p2a: Dragonite|spe|1\n|move|p1a: Gliscor|Toxic|p2a: Dragonite\n|-status|p2a: Dragonite|tox\n|\n|-damage|p2a: Dragonite|94\/100 tox|[from] psn\n|-heal|p1a: Gliscor|100\/100 tox|[from] ability: Poison Heal\n|upkeep\n|turn|20\n|\n|t:|1700123834\n|move|p2a: Dragonite|Extreme Speed|p1a: Gliscor\n|-damage|p1a: Gliscor|24\/100 tox\n|move|p1a: Gliscor|Earthquake|p2a: Dragonite\n|-damage|p2a: Dragonite|59\/100 tox\n|\n|-damage|p2a: Dragonite|47\/100 tox|[from] psn\n|-heal|p1a: Gliscor|37\/100 tox|[from] ability: Poison Heal\n|upkeep\n|turn|21\n|\n|t:|1700123842\n|move|p2a: Dragonite|Extreme Speed|p1a: Gliscor\n|-damage|p1a: Gliscor|0 fnt\n|faint|p1a: Gliscor\n|\n|-damage|p2a: Dragonite|28\/100 tox|[from] psn\n|upkeep\n|\n|t:|1700123846\n|switch|p1a: Slowking|Slowking-Galar, M|80\/100\n|turn|22\n|\n|t:|1700123849\n|switch|p1a: Skeledirge|Skeledirge, F|1\/100\n|move|p2a: Dragonite|Roost|p2a: Dragonite\n|-heal|p2a: Dragonite|78\/100 tox\n|\n|-damage|p2a: Dragonite|53\/100 tox|[from] psn\n|upkeep\n|turn|23\n|\n|t:|1700123853\n|move|p2a: Dragonite|Extreme Speed|p1a: Skeledirge\n|-immune|p1a: Skeledirge\n|move|p1a: Skeledirge|Slack Off|p1a: Skeledirge\n|-heal|p1a: Skeledirge|51\/100\n|\n|-damage|p2a: Dragonite|22\/100 tox|[from] psn\n|upkeep\n|turn|24\n|\n|t:|1700123859\n|move|p2a: Dragonite|Earthquake|p1a: Skeledirge\n|-supereffective|p1a: Skeledirge\n|-damage|p1a: Skeledirge|0 fnt\n|faint|p1a: Skeledirge\n|\n|-damage|p2a: Dragonite|0 fnt|[from] psn\n|faint|p2a: Dragonite\n|upkeep\n|\n|t:|1700123866\n|switch|p2a: Ceruledge|Ceruledge, F|88\/100\n|switch|p1a: Haxorus|Haxorus, M|100\/100\n|-ability|p1a: Haxorus|Mold Breaker\n|-damage|p2a: Ceruledge|63\/100|[from] Stealth Rock\n|turn|25\n|\n|t:|1700123873\n|move|p1a: Haxorus|Earthquake|p2a: Ceruledge\n|-supereffective|p2a: Ceruledge\n|-damage|p2a: Ceruledge|0 fnt\n|faint|p2a: Ceruledge\n|\n|win|Prtbl_Trash\n|raw|Prtbl_Trash's rating: 1452 &rarr; <strong>1465<\/strong><br \/>(+13 for winning)\n|raw|Arzur23's rating: 1321 &rarr; <strong>1308<\/strong><br \/>(-13 for losing)\n|l|\u2606Arzur23\n","uploadtime":1700123883,"views":6,"p1id":"prtbltrash","p2id":"arzur23","formatid":"gen9nationaldex","rating":1308,"private":0,"password":""}