{"id":"gen9nationaldex-1999108349","p1":"mannmilk","p2":"Ezbes","format":"[Gen 9] National Dex","log":"|html|<div class=\"broadcast-blue\"><strong>[Gen 9] National Dex is currently suspecting Sneasler! For information on how to participate check out the <a href=\"https:\/\/www.smogon.com\/forums\/threads\/sv-national-dex-suspect-8-just-dance.3731534\/\">suspect thread<\/a>.<\/strong><\/div>\n|j|\u2606mannmilk\n|j|\u2606Ezbes\n|t:|1701034008\n|gametype|singles\n|player|p1|mannmilk|clown|1074\n|player|p2|Ezbes|169|1104\n|teamsize|p1|6\n|teamsize|p2|6\n|gen|9\n|tier|[Gen 9] National Dex\n|rated|\n|rule|HP Percentage Mod: HP is shown in percentages\n|rule|Endless Battle Clause: Forcing endless battles is banned\n|rule|OHKO Clause: OHKO moves are banned\n|rule|Evasion Clause: Evasion abilities, items, and moves are banned\n|rule|Evasion Abilities Clause: Evasion abilities are banned\n|rule|Evasion Items Clause: Evasion items are banned\n|rule|Evasion Moves Clause: Evasion moves are banned\n|rule|Species Clause: Limit one of each Pok\u00e9mon\n|rule|Sleep Clause Mod: Limit one foe put to sleep\n|clearpoke\n|poke|p1|Grafaiai, M|\n|poke|p1|Tapu Bulu|\n|poke|p1|Xurkitree|\n|poke|p1|Gliscor, F|\n|poke|p1|Skeledirge, F|\n|poke|p1|Liepard, M|\n|poke|p2|Xurkitree|\n|poke|p2|Lopunny, M|\n|poke|p2|Ninjask, F|\n|poke|p2|Iron Leaves|\n|poke|p2|Latios, M|\n|poke|p2|Gardevoir, F|\n|teampreview\n|\n|t:|1701034021\n|start\n|switch|p1a: Skeledirge|Skeledirge, F|100\/100\n|switch|p2a: Xurkitree|Xurkitree|100\/100\n|turn|1\n|\n|t:|1701034030\n|move|p2a: Xurkitree|Substitute|p2a: Xurkitree\n|-start|p2a: Xurkitree|Substitute\n|-damage|p2a: Xurkitree|76\/100\n|move|p1a: Skeledirge|Yawn||[still]\n|-fail|p1a: Skeledirge\n|\n|-heal|p2a: Xurkitree|82\/100|[from] item: Leftovers\n|upkeep\n|turn|2\n|\n|t:|1701034038\n|move|p2a: Xurkitree|Tail Glow|p2a: Xurkitree\n|-boost|p2a: Xurkitree|spa|3\n|move|p1a: Skeledirge|Torch Song|p2a: Xurkitree\n|-damage|p2a: Xurkitree|23\/100\n|-boost|p1a: Skeledirge|spa|1\n|\n|-heal|p2a: Xurkitree|29\/100|[from] item: Leftovers\n|upkeep\n|turn|3\n|\n|t:|1701034047\n|move|p2a: Xurkitree|Discharge|p1a: Skeledirge\n|-damage|p1a: Skeledirge|48\/100\n|move|p1a: Skeledirge|Torch Song|p2a: Xurkitree\n|-crit|p2a: Xurkitree\n|-damage|p2a: Xurkitree|0 fnt\n|-boost|p1a: Skeledirge|spa|1\n|faint|p2a: Xurkitree\n|\n|-heal|p1a: Skeledirge|54\/100|[from] item: Leftovers\n|upkeep\n|inactive|Battle timer is ON: inactive players will automatically lose when time's up. (requested by mannmilk)\n|\n|t:|1701034063\n|switch|p2a: Latios|Latios, M|100\/100\n|turn|4\n|\n|t:|1701034067\n|move|p2a: Latios|Simple Beam|p1a: Skeledirge\n|-endability|p1a: Skeledirge|Unaware|[from] move: Simple Beam\n|-ability|p1a: Skeledirge|Simple|[from] move: Simple Beam\n|move|p1a: Skeledirge|Shadow Ball|p2a: Latios\n|-supereffective|p2a: Latios\n|-enditem|p2a: Latios|Focus Sash\n|-damage|p2a: Latios|1\/100\n|\n|-heal|p1a: Skeledirge|60\/100|[from] item: Leftovers\n|upkeep\n|turn|5\n|\n|t:|1701034080\n|switch|p1a: Tapu Bulu|Tapu Bulu, shiny|100\/100\n|-fieldstart|move: Grassy Terrain|[from] ability: Grassy Surge|[of] p1a: Tapu Bulu\n|move|p2a: Latios|Memento|p1a: Tapu Bulu\n|-unboost|p1a: Tapu Bulu|atk|2\n|-unboost|p1a: Tapu Bulu|spa|2\n|faint|p2a: Latios\n|\n|upkeep\n|c|\u2606mannmilk|simple beam...\n|\n|t:|1701034089\n|switch|p2a: Ninjask|Ninjask, F|100\/100\n|turn|6\n|inactive|mannmilk has 120 seconds left.\n|c|\u2606Ezbes|Balls\n|\n|t:|1701034138\n|move|p2a: Ninjask|Substitute|p2a: Ninjask\n|-start|p2a: Ninjask|Substitute\n|-damage|p2a: Ninjask|76\/100\n|move|p1a: Tapu Bulu|Stone Edge|p2a: Ninjask|[miss]\n|-miss|p1a: Tapu Bulu|p2a: Ninjask\n|\n|-ability|p2a: Ninjask|Speed Boost|boost\n|-boost|p2a: Ninjask|spe|1\n|upkeep\n|turn|7\n|c|\u2606Ezbes|I\u2019m pretty sure leech life ohko\n|\n|t:|1701034147\n|move|p2a: Ninjask|Swords Dance|p2a: Ninjask\n|-boost|p2a: Ninjask|atk|2\n|move|p1a: Tapu Bulu|Stone Edge|p2a: Ninjask\n|-supereffective|p2a: Ninjask\n|-end|p2a: Ninjask|Substitute\n|\n|-ability|p2a: Ninjask|Speed Boost|boost\n|-boost|p2a: Ninjask|spe|1\n|upkeep\n|turn|8\n|c|\u2606mannmilk|lol\n|inactive|mannmilk has 120 seconds left.\n|\n|t:|1701034159\n|switch|p1a: Skeledirge|Skeledirge, F|60\/100\n|move|p2a: Ninjask|Dual Wingbeat|p1a: Skeledirge\n|-damage|p1a: Skeledirge|46\/100\n|-damage|p1a: Skeledirge|30\/100\n|-hitcount|p1a: Skeledirge|2\n|\n|-heal|p1a: Skeledirge|36\/100|[from] Grassy Terrain\n|-heal|p1a: Skeledirge|42\/100|[from] item: Leftovers\n|-ability|p2a: Ninjask|Speed Boost|boost\n|-boost|p2a: Ninjask|spe|1\n|upkeep\n|turn|9\n|inactive|mannmilk has 120 seconds left.\n|\n|t:|1701034173\n|move|p2a: Ninjask|Dual Wingbeat|p1a: Skeledirge\n|-damage|p1a: Skeledirge|26\/100\n|-damage|p1a: Skeledirge|11\/100\n|-hitcount|p1a: Skeledirge|2\n|move|p1a: Skeledirge|Torch Song|p2a: Ninjask\n|-supereffective|p2a: Ninjask\n|-damage|p2a: Ninjask|0 fnt\n|-boost|p1a: Skeledirge|spa|1\n|faint|p2a: Ninjask\n|\n|-heal|p1a: Skeledirge|17\/100|[from] Grassy Terrain\n|-heal|p1a: Skeledirge|23\/100|[from] item: Leftovers\n|upkeep\n|c|\u2606Ezbes|:(\n|\n|t:|1701034186\n|switch|p2a: Gardevoir|Gardevoir, F|100\/100\n|-ability|p2a: Gardevoir|Unaware|[from] ability: Trace|[of] p1a: Skeledirge\n|turn|10\n|c|\u2606mannmilk|unaware OP\n|\n|t:|1701034191\n|move|p2a: Gardevoir|Shadow Ball|p1a: Skeledirge\n|-supereffective|p1a: Skeledirge\n|-damage|p1a: Skeledirge|0 fnt\n|faint|p1a: Skeledirge\n|\n|upkeep\n|\n|t:|1701034196\n|switch|p1a: Grafaiai|Grafaiai, M|100\/100\n|turn|11\n|c|\u2606Ezbes|K thx\n|\n|t:|1701034202\n|-terastallize|p1a: Grafaiai|Ground\n|move|p2a: Gardevoir|Substitute|p2a: Gardevoir\n|-start|p2a: Gardevoir|Substitute\n|-damage|p2a: Gardevoir|76\/100\n|move|p1a: Grafaiai|Dig||[still]\n|-prepare|p1a: Grafaiai|Dig\n|\n|-heal|p2a: Gardevoir|82\/100|[from] Grassy Terrain\n|-heal|p2a: Gardevoir|88\/100|[from] item: Leftovers\n|upkeep\n|turn|12\n|\n|t:|1701034211\n|move|p2a: Gardevoir|Calm Mind|p2a: Gardevoir\n|-boost|p2a: Gardevoir|spa|1\n|-boost|p2a: Gardevoir|spd|1\n|move|p1a: Grafaiai|Dig|p2a: Gardevoir|[from]lockedmove\n|-end|p2a: Gardevoir|Substitute\n|\n|-heal|p2a: Gardevoir|94\/100|[from] Grassy Terrain\n|-heal|p2a: Gardevoir|99\/100|[from] item: Leftovers\n|-fieldend|move: Grassy Terrain\n|upkeep\n|turn|13\n|\n|t:|1701034223\n|switch|p2a: Lopunny|Lopunny, M|100\/100\n|move|p1a: Grafaiai|Copycat|p1a: Grafaiai\n|move|p1a: Grafaiai|Dig||[from]move: Copycat|[still]\n|-prepare|p1a: Grafaiai|Dig\n|\n|upkeep\n|turn|14\n|c|\u2606Ezbes|Hehe\n|\n|t:|1701034232\n|detailschange|p2a: Lopunny|Lopunny-Mega, M\n|-mega|p2a: Lopunny|Lopunny|Lopunnite\n|move|p2a: Lopunny|Thunder Wave|p1a: Grafaiai|[miss]\n|-miss|p2a: Lopunny|p1a: Grafaiai\n|move|p1a: Grafaiai|Dig|p2a: Lopunny|[from]lockedmove\n|-damage|p2a: Lopunny|51\/100\n|\n|upkeep\n|turn|15\n|\n|t:|1701034238\n|move|p2a: Lopunny|Fake Out||[still]\n|-hint|Fake Out only works on your first turn out.\n|-fail|p2a: Lopunny\n|move|p1a: Grafaiai|Copycat|p1a: Grafaiai\n|move|p1a: Grafaiai|Fake Out||[from]move: Copycat|[still]\n|-hint|Fake Out only works on your first turn out.\n|-fail|p1a: Grafaiai\n|\n|upkeep\n|turn|16\n|c|\u2606mannmilk|gg\n|c|\u2606mannmilk|o shit\n|\n|t:|1701034250\n|move|p1a: Grafaiai|Swords Dance|p1a: Grafaiai\n|-boost|p1a: Grafaiai|atk|2\n|move|p2a: Lopunny|Drain Punch|p1a: Grafaiai\n|-crit|p1a: Grafaiai\n|-damage|p1a: Grafaiai|17\/100\n|-heal|p2a: Lopunny|100\/100|[from] drain|[of] p1a: Grafaiai\n|\n|-heal|p1a: Grafaiai|24\/100|[from] item: Leftovers\n|upkeep\n|turn|17\n|c|\u2606Ezbes|HEHE\n|\n|t:|1701034263\n|move|p1a: Grafaiai|Copycat|p1a: Grafaiai\n|move|p1a: Grafaiai|Drain Punch|p2a: Lopunny|[from]move: Copycat\n|-supereffective|p2a: Lopunny\n|-damage|p2a: Lopunny|0 fnt\n|-heal|p1a: Grafaiai|65\/100|[from] drain|[of] p2a: Lopunny\n|faint|p2a: Lopunny\n|\n|-heal|p1a: Grafaiai|71\/100|[from] item: Leftovers\n|upkeep\n|c|\u2606Ezbes|Oh\n|c|\u2606mannmilk|lol\n|\n|t:|1701034276\n|switch|p2a: Iron Leaves|Iron Leaves|100\/100\n|turn|18\n|\n|t:|1701034280\n|move|p1a: Grafaiai|Copycat|p1a: Grafaiai\n|move|p1a: Grafaiai|Drain Punch|p2a: Iron Leaves|[from]move: Copycat\n|-resisted|p2a: Iron Leaves\n|-damage|p2a: Iron Leaves|70\/100\n|-heal|p1a: Grafaiai|86\/100|[from] drain|[of] p2a: Iron Leaves\n|-zpower|p2a: Iron Leaves\n|move|p2a: Iron Leaves|Z-Electric Terrain|p2a: Iron Leaves|[anim]Electric Terrain\n|-boost|p2a: Iron Leaves|spe|1|[zeffect]\n|-fieldstart|move: Electric Terrain\n|-activate|p2a: Iron Leaves|ability: Quark Drive\n|-start|p2a: Iron Leaves|quarkdrivespe\n|\n|-heal|p1a: Grafaiai|92\/100|[from] item: Leftovers\n|upkeep\n|turn|19\n|c|\u2606Ezbes|NOO yspeed\n|\n|t:|1701034297\n|move|p2a: Iron Leaves|Psyblade|p1a: Grafaiai\n|-damage|p1a: Grafaiai|4\/100\n|move|p1a: Grafaiai|Dig||[still]\n|-prepare|p1a: Grafaiai|Dig\n|\n|-heal|p1a: Grafaiai|10\/100|[from] item: Leftovers\n|upkeep\n|turn|20\n|c|\u2606mannmilk|gg\n|c|\u2606Ezbes|Miss click\n|c|\u2606mannmilk|welp\n|\n|t:|1701034310\n|move|p2a: Iron Leaves|Electric Terrain||[still]\n|-fail|p2a: Iron Leaves\n|move|p1a: Grafaiai|Dig|p2a: Iron Leaves|[from]lockedmove\n|-resisted|p2a: Iron Leaves\n|-damage|p2a: Iron Leaves|20\/100\n|\n|-heal|p1a: Grafaiai|17\/100|[from] item: Leftovers\n|upkeep\n|turn|21\n|c|\u2606Ezbes|Leaf blade would have ohko\n|\n|t:|1701034330\n|move|p1a: Grafaiai|Copycat|p1a: Grafaiai\n|move|p1a: Grafaiai|Dig||[from]move: Copycat|[still]\n|-prepare|p1a: Grafaiai|Dig\n|move|p2a: Iron Leaves|Leaf Blade|p1a: Grafaiai|[miss]\n|-miss|p2a: Iron Leaves|p1a: Grafaiai\n|\n|-heal|p1a: Grafaiai|23\/100|[from] item: Leftovers\n|upkeep\n|turn|22\n|c|\u2606Ezbes|Gg\n|\n|t:|1701034342\n|move|p2a: Iron Leaves|Electric Terrain||[still]\n|-fail|p2a: Iron Leaves\n|move|p1a: Grafaiai|Dig|p2a: Iron Leaves|[from]lockedmove\n|-resisted|p2a: Iron Leaves\n|-damage|p2a: Iron Leaves|0 fnt\n|faint|p2a: Iron Leaves\n|-end|p2a: Iron Leaves|Quark Drive|[silent]\n|\n|-heal|p1a: Grafaiai|29\/100|[from] item: Leftovers\n|-fieldend|move: Electric Terrain\n|upkeep\n|c|\u2606mannmilk|goof game\n|\n|t:|1701034349\n|switch|p2a: Gardevoir|Gardevoir, F|99\/100\n|-ability|p2a: Gardevoir|Prankster|[from] ability: Trace|[of] p1a: Grafaiai\n|turn|23\n|\n|t:|1701034355\n|move|p2a: Gardevoir|Substitute|p2a: Gardevoir\n|-start|p2a: Gardevoir|Substitute\n|-damage|p2a: Gardevoir|75\/100\n|move|p1a: Grafaiai|Copycat|p1a: Grafaiai\n|move|p1a: Grafaiai|Substitute|p1a: Grafaiai|[from]move: Copycat\n|-start|p1a: Grafaiai|Substitute\n|-damage|p1a: Grafaiai|4\/100\n|\n|-heal|p2a: Gardevoir|81\/100|[from] item: Leftovers\n|-heal|p1a: Grafaiai|10\/100|[from] item: Leftovers\n|upkeep\n|turn|24\n|c|\u2606mannmilk|lol\n|c|\u2606Ezbes|Hehe\n|\n|t:|1701034367\n|move|p2a: Gardevoir|Shadow Ball|p1a: Grafaiai\n|-end|p1a: Grafaiai|Substitute\n|move|p1a: Grafaiai|Dig||[still]\n|-prepare|p1a: Grafaiai|Dig\n|\n|-heal|p2a: Gardevoir|88\/100|[from] item: Leftovers\n|-heal|p1a: Grafaiai|16\/100|[from] item: Leftovers\n|upkeep\n|turn|25\n|\n|t:|1701034376\n|move|p2a: Gardevoir|Calm Mind|p2a: Gardevoir\n|-boost|p2a: Gardevoir|spa|1\n|-boost|p2a: Gardevoir|spd|1\n|move|p1a: Grafaiai|Dig|p2a: Gardevoir|[from]lockedmove\n|-end|p2a: Gardevoir|Substitute\n|\n|-heal|p2a: Gardevoir|94\/100|[from] item: Leftovers\n|-heal|p1a: Grafaiai|22\/100|[from] item: Leftovers\n|upkeep\n|turn|26\n|c|\u2606mannmilk|interesting match\n|\n|t:|1701034384\n|move|p2a: Gardevoir|Calm Mind|p2a: Gardevoir\n|-boost|p2a: Gardevoir|spa|1\n|-boost|p2a: Gardevoir|spd|1\n|move|p1a: Grafaiai|Copycat|p1a: Grafaiai\n|move|p1a: Grafaiai|Calm Mind|p1a: Grafaiai|[from]move: Copycat\n|-boost|p1a: Grafaiai|spa|1\n|-boost|p1a: Grafaiai|spd|1\n|\n|-heal|p2a: Gardevoir|99\/100|[from] item: Leftovers\n|-heal|p1a: Grafaiai|28\/100|[from] item: Leftovers\n|upkeep\n|turn|27\n|\n|t:|1701034393\n|move|p2a: Gardevoir|Substitute|p2a: Gardevoir\n|-start|p2a: Gardevoir|Substitute\n|-damage|p2a: Gardevoir|75\/100\n|move|p1a: Grafaiai|Dig||[still]\n|-prepare|p1a: Grafaiai|Dig\n|\n|-heal|p2a: Gardevoir|81\/100|[from] item: Leftovers\n|-heal|p1a: Grafaiai|34\/100|[from] item: Leftovers\n|upkeep\n|turn|28\n|\n|t:|1701034401\n|move|p2a: Gardevoir|Calm Mind|p2a: Gardevoir\n|-boost|p2a: Gardevoir|spa|1\n|-boost|p2a: Gardevoir|spd|1\n|move|p1a: Grafaiai|Dig|p2a: Gardevoir|[from]lockedmove\n|-end|p2a: Gardevoir|Substitute\n|\n|-heal|p2a: Gardevoir|87\/100|[from] item: Leftovers\n|-heal|p1a: Grafaiai|40\/100|[from] item: Leftovers\n|upkeep\n|turn|29\n|c|\u2606Ezbes|Prankster is weird with gardevoir\n|\n|t:|1701034424\n|move|p2a: Gardevoir|Substitute|p2a: Gardevoir\n|-start|p2a: Gardevoir|Substitute\n|-damage|p2a: Gardevoir|62\/100\n|move|p1a: Grafaiai|Facade|p2a: Gardevoir\n|-end|p2a: Gardevoir|Substitute\n|\n|-heal|p2a: Gardevoir|68\/100|[from] item: Leftovers\n|-heal|p1a: Grafaiai|46\/100|[from] item: Leftovers\n|upkeep\n|turn|30\n|c|\u2606mannmilk|yeah haha\n|\n|t:|1701034433\n|move|p1a: Grafaiai|Copycat|p1a: Grafaiai\n|move|p1a: Grafaiai|Facade|p2a: Gardevoir|[from]move: Copycat\n|-damage|p2a: Gardevoir|0 fnt\n|faint|p2a: Gardevoir\n|\n|win|mannmilk\n|raw|mannmilk's rating: 1074 &rarr; <strong>1105<\/strong><br \/>(+31 for winning)\n|raw|Ezbes's rating: 1104 &rarr; <strong>1077<\/strong><br \/>(-27 for losing)\n|c|\u2606Ezbes|Gg\n|l|\u2606Ezbes\n|c|\u2606mannmilk|gg\n","uploadtime":1701034446,"views":2,"p1id":"mannmilk","p2id":"ezbes","formatid":"gen9nationaldex","rating":1077,"private":0,"password":""}