{"id":"gen9nationaldex-1992925108","p1":"Sletton","p2":"kingkongshuffle","format":"[Gen 9] National Dex","log":"|j|\u2606Sletton\n|j|\u2606kingkongshuffle\n|t:|1700247339\n|gametype|singles\n|player|p1|Sletton|supernerd|1181\n|player|p2|kingkongshuffle|chuck|1139\n|teamsize|p1|6\n|teamsize|p2|6\n|gen|9\n|tier|[Gen 9] National Dex\n|rated|\n|rule|HP Percentage Mod: HP is shown in percentages\n|rule|Endless Battle Clause: Forcing endless battles is banned\n|rule|OHKO Clause: OHKO moves are banned\n|rule|Evasion Clause: Evasion abilities, items, and moves are banned\n|rule|Evasion Abilities Clause: Evasion abilities are banned\n|rule|Evasion Items Clause: Evasion items are banned\n|rule|Evasion Moves Clause: Evasion moves are banned\n|rule|Species Clause: Limit one of each Pok\u00e9mon\n|rule|Sleep Clause Mod: Limit one foe put to sleep\n|clearpoke\n|poke|p1|Ninetales-Alola, F|\n|poke|p1|Braviary-Hisui, M|\n|poke|p1|Serperior, M|\n|poke|p1|Vaporeon, M|\n|poke|p1|Sandaconda, M|\n|poke|p1|Cyclizar, M|\n|poke|p2|Guzzlord|\n|poke|p2|Rampardos, F|\n|poke|p2|Deoxys-Defense|\n|poke|p2|Thundurus-Therian, M|\n|poke|p2|Goodra-Hisui, M|\n|poke|p2|Tapu Koko|\n|teampreview\n|inactive|Battle timer is ON: inactive players will automatically lose when time's up. (requested by kingkongshuffle)\n|\n|t:|1700247348\n|start\n|switch|p1a: Ninetales|Ninetales-Alola, F|100\/100\n|switch|p2a: Deoxys|Deoxys-Defense|100\/100\n|-weather|Snow|[from] ability: Snow Warning|[of] p1a: Ninetales\n|-ability|p2a: Deoxys|Pressure\n|turn|1\n|\n|t:|1700247357\n|move|p1a: Ninetales|Aurora Veil|p1a: Ninetales\n|-sidestart|p1: Sletton|move: Aurora Veil\n|move|p2a: Deoxys|Thunder Wave|p1a: Ninetales\n|-status|p1a: Ninetales|par\n|\n|-weather|Snow|[upkeep]\n|upkeep\n|turn|2\n|\n|t:|1700247376\n|switch|p1a: Braviary|Braviary-Hisui, M, shiny|100\/100\n|move|p2a: Deoxys|Light Screen|p2a: Deoxys\n|-sidestart|p2: kingkongshuffle|move: Light Screen\n|\n|-weather|Snow|[upkeep]\n|upkeep\n|turn|3\n|\n|t:|1700247386\n|move|p2a: Deoxys|Thunder Wave|p1a: Braviary\n|-status|p1a: Braviary|par\n|cant|p1a: Braviary|par\n|\n|-weather|Snow|[upkeep]\n|upkeep\n|turn|4\n|\n|t:|1700247393\n|move|p2a: Deoxys|Stealth Rock|p1a: Braviary\n|-sidestart|p1: Sletton|move: Stealth Rock\n|cant|p1a: Braviary|par\n|\n|-weather|Snow|[upkeep]\n|upkeep\n|turn|5\n|\n|t:|1700247400\n|move|p2a: Deoxys|Reflect|p2a: Deoxys\n|-sidestart|p2: kingkongshuffle|Reflect\n|cant|p1a: Braviary|par\n|\n|-weather|none\n|upkeep\n|turn|6\n|c|\u2606kingkongshuffle|Oof the trip\n|\n|t:|1700247417\n|switch|p2a: Guzzlord|Guzzlord|100\/100\n|move|p1a: Braviary|Shadow Ball|p2a: Guzzlord\n|-resisted|p2a: Guzzlord\n|-damage|p2a: Guzzlord|91\/100\n|\n|-heal|p2a: Guzzlord|98\/100|[from] item: Leftovers\n|upkeep\n|turn|7\n|\n|t:|1700247427\n|switch|p1a: Ninetales|Ninetales-Alola, F|100\/100 par\n|-damage|p1a: Ninetales|76\/100 par|[from] Stealth Rock\n|-weather|Snow|[from] ability: Snow Warning|[of] p1a: Ninetales\n|move|p2a: Guzzlord|Stockpile|p2a: Guzzlord\n|-start|p2a: Guzzlord|stockpile1\n|-boost|p2a: Guzzlord|def|1\n|-boost|p2a: Guzzlord|spd|1\n|\n|-weather|Snow|[upkeep]\n|-heal|p2a: Guzzlord|100\/100|[from] item: Leftovers\n|upkeep\n|turn|8\n|\n|t:|1700247440\n|-terastallize|p2a: Guzzlord|Poison\n|move|p1a: Ninetales|Ice Beam|p2a: Guzzlord\n|-damage|p2a: Guzzlord|93\/100\n|move|p2a: Guzzlord|Stockpile|p2a: Guzzlord\n|-start|p2a: Guzzlord|stockpile2\n|-boost|p2a: Guzzlord|def|1\n|-boost|p2a: Guzzlord|spd|1\n|\n|-weather|Snow|[upkeep]\n|-heal|p2a: Guzzlord|99\/100|[from] item: Leftovers\n|-sideend|p1: Sletton|move: Aurora Veil\n|upkeep\n|turn|9\n|\n|t:|1700247452\n|switch|p1a: Vaporeon|Vaporeon, M|100\/100\n|-damage|p1a: Vaporeon|88\/100|[from] Stealth Rock\n|move|p2a: Guzzlord|Stockpile|p2a: Guzzlord\n|-start|p2a: Guzzlord|stockpile3\n|-boost|p2a: Guzzlord|def|1\n|-boost|p2a: Guzzlord|spd|1\n|\n|-weather|Snow|[upkeep]\n|-heal|p2a: Guzzlord|100\/100|[from] item: Leftovers\n|-sideend|p2: kingkongshuffle|move: Light Screen\n|upkeep\n|turn|10\n|\n|t:|1700247464\n|move|p1a: Vaporeon|Yawn|p2a: Guzzlord\n|-start|p2a: Guzzlord|move: Yawn|[of] p1a: Vaporeon\n|move|p2a: Guzzlord|Dragon Tail|p1a: Vaporeon\n|-damage|p1a: Vaporeon|64\/100\n|drag|p1a: Serperior|Serperior, M|100\/100\n|-damage|p1a: Serperior|88\/100|[from] Stealth Rock\n|\n|-weather|Snow|[upkeep]\n|-heal|p1a: Serperior|94\/100|[from] item: Leftovers\n|upkeep\n|turn|11\n|\n|t:|1700247477\n|switch|p1a: Braviary|Braviary-Hisui, M, shiny|100\/100 par\n|-damage|p1a: Braviary|76\/100 par|[from] Stealth Rock\n|move|p2a: Guzzlord|Substitute|p2a: Guzzlord\n|-start|p2a: Guzzlord|Substitute\n|-damage|p2a: Guzzlord|76\/100\n|\n|-weather|none\n|-heal|p2a: Guzzlord|82\/100|[from] item: Leftovers\n|-end|p2a: Guzzlord|move: Yawn|[silent]\n|-status|p2a: Guzzlord|slp\n|upkeep\n|turn|12\n|\n|t:|1700247490\n|-terastallize|p1a: Braviary|Psychic\n|move|p1a: Braviary|Psychic|p2a: Guzzlord\n|-supereffective|p2a: Guzzlord\n|-end|p2a: Guzzlord|Substitute\n|cant|p2a: Guzzlord|slp\n|\n|-heal|p2a: Guzzlord|88\/100 slp|[from] item: Leftovers\n|-sideend|p2: kingkongshuffle|Reflect\n|upkeep\n|turn|13\n|\n|t:|1700247500\n|switch|p2a: Goodra|Goodra-Hisui, M|100\/100\n|cant|p1a: Braviary|par\n|\n|upkeep\n|turn|14\n|\n|t:|1700247509\n|switch|p1a: Sandaconda|Sandaconda, M, shiny|100\/100\n|-damage|p1a: Sandaconda|94\/100|[from] Stealth Rock\n|move|p2a: Goodra|Dragon Tail|p1a: Sandaconda\n|-damage|p1a: Sandaconda|77\/100\n|drag|p1a: Ninetales|Ninetales-Alola, F|76\/100 par\n|-damage|p1a: Ninetales|51\/100 par|[from] Stealth Rock\n|-weather|Snow|[from] ability: Snow Warning|[of] p1a: Ninetales\n|\n|-weather|Snow|[upkeep]\n|upkeep\n|turn|15\n|\n|t:|1700247526\n|switch|p2a: Tapu Koko|Tapu Koko, shiny|100\/100\n|-fieldstart|move: Electric Terrain|[from] ability: Electric Surge|[of] p2a: Tapu Koko\n|move|p1a: Ninetales|Aurora Veil|p1a: Ninetales\n|-sidestart|p1: Sletton|move: Aurora Veil\n|\n|-weather|Snow|[upkeep]\n|upkeep\n|turn|16\n|\n|t:|1700247542\n|move|p2a: Tapu Koko|Thunderbolt|p1a: Ninetales\n|-damage|p1a: Ninetales|30\/100 par\n|move|p1a: Ninetales|Encore|p2a: Tapu Koko\n|-start|p2a: Tapu Koko|Encore\n|\n|-weather|Snow|[upkeep]\n|upkeep\n|turn|17\n|\n|t:|1700247555\n|switch|p2a: Deoxys|Deoxys-Defense|100\/100\n|-ability|p2a: Deoxys|Pressure\n|switch|p1a: Sandaconda|Sandaconda, M, shiny|77\/100\n|-damage|p1a: Sandaconda|71\/100|[from] Stealth Rock\n|\n|-weather|Snow|[upkeep]\n|upkeep\n|turn|18\n|\n|t:|1700247567\n|move|p2a: Deoxys|Reflect|p2a: Deoxys\n|-sidestart|p2: kingkongshuffle|Reflect\n|move|p1a: Sandaconda|Stealth Rock|p2a: Deoxys\n|-sidestart|p2: kingkongshuffle|move: Stealth Rock\n|\n|-weather|none\n|upkeep\n|turn|19\n|\n|t:|1700247572\n|move|p2a: Deoxys|Light Screen|p2a: Deoxys\n|-sidestart|p2: kingkongshuffle|move: Light Screen\n|move|p1a: Sandaconda|Coil|p1a: Sandaconda\n|-boost|p1a: Sandaconda|atk|1\n|-boost|p1a: Sandaconda|def|1\n|-boost|p1a: Sandaconda|accuracy|1\n|\n|-fieldend|move: Electric Terrain\n|upkeep\n|turn|20\n|\n|t:|1700247581\n|switch|p2a: Thundurus|Thundurus-Therian, M, shiny|100\/100\n|-damage|p2a: Thundurus|75\/100|[from] Stealth Rock\n|move|p1a: Sandaconda|Coil|p1a: Sandaconda\n|-boost|p1a: Sandaconda|atk|1\n|-boost|p1a: Sandaconda|def|1\n|-boost|p1a: Sandaconda|accuracy|1\n|\n|upkeep\n|turn|21\n|\n|t:|1700247595\n|move|p2a: Thundurus|Dark Pulse|p1a: Sandaconda\n|-damage|p1a: Sandaconda|42\/100\n|cant|p1a: Sandaconda|flinch\n|\n|upkeep\n|turn|22\n|\n|t:|1700247601\n|move|p2a: Thundurus|Dark Pulse|p1a: Sandaconda\n|-damage|p1a: Sandaconda|14\/100\n|cant|p1a: Sandaconda|flinch\n|\n|-sideend|p1: Sletton|move: Aurora Veil\n|upkeep\n|turn|23\n|c|\u2606kingkongshuffle|Oof the dub\n|c|\u2606Sletton|the game is not being kind to me\n|\n|t:|1700247621\n|move|p2a: Thundurus|Dark Pulse|p1a: Sandaconda\n|-damage|p1a: Sandaconda|0 fnt\n|faint|p1a: Sandaconda\n|\n|upkeep\n|\n|t:|1700247630\n|switch|p1a: Cyclizar|Cyclizar, M, shiny|100\/100\n|-damage|p1a: Cyclizar|88\/100|[from] Stealth Rock\n|turn|24\n|\n|t:|1700247635\n|move|p1a: Cyclizar|Rapid Spin|p2a: Thundurus\n|-damage|p2a: Thundurus|58\/100\n|-boost|p1a: Cyclizar|spe|1\n|-sideend|p1: Sletton|Stealth Rock|[from] move: Rapid Spin|[of] p1a: Cyclizar\n|move|p2a: Thundurus|Dark Pulse|p1a: Cyclizar\n|-damage|p1a: Cyclizar|38\/100\n|\n|upkeep\n|turn|25\n|\n|t:|1700247648\n|switch|p2a: Tapu Koko|Tapu Koko, shiny|100\/100\n|-fieldstart|move: Electric Terrain|[from] ability: Electric Surge|[of] p2a: Tapu Koko\n|move|p1a: Cyclizar|U-turn|p2a: Tapu Koko\n|-resisted|p2a: Tapu Koko\n|-damage|p2a: Tapu Koko|95\/100\n|\n|t:|1700247659\n|switch|p1a: Serperior|Serperior, M|94\/100|[from] U-turn\n|\n|-heal|p1a: Serperior|100\/100|[from] item: Leftovers\n|-sideend|p2: kingkongshuffle|Reflect\n|upkeep\n|turn|26\n|\n|t:|1700247665\n|move|p1a: Serperior|Substitute|p1a: Serperior\n|-start|p1a: Serperior|Substitute\n|-damage|p1a: Serperior|76\/100\n|move|p2a: Tapu Koko|Roar|p1a: Serperior\n|drag|p1a: Braviary|Braviary-Hisui, M, shiny, tera:Psychic|76\/100 par\n|\n|-sideend|p2: kingkongshuffle|move: Light Screen\n|upkeep\n|turn|27\n|\n|t:|1700247679\n|move|p2a: Tapu Koko|Thunderbolt|p1a: Braviary\n|-damage|p1a: Braviary|35\/100 par\n|move|p1a: Braviary|Psychic|p2a: Tapu Koko\n|-damage|p2a: Tapu Koko|0 fnt\n|faint|p2a: Tapu Koko\n|\n|upkeep\n|\n|t:|1700247694\n|switch|p2a: Deoxys|Deoxys-Defense|100\/100\n|-damage|p2a: Deoxys|88\/100|[from] Stealth Rock\n|-ability|p2a: Deoxys|Pressure\n|turn|28\n|\n|t:|1700247702\n|move|p2a: Deoxys|Stealth Rock|p1a: Braviary\n|-sidestart|p1: Sletton|move: Stealth Rock\n|cant|p1a: Braviary|par\n|\n|upkeep\n|turn|29\n|\n|t:|1700247707\n|move|p2a: Deoxys|Light Screen|p2a: Deoxys\n|-sidestart|p2: kingkongshuffle|move: Light Screen\n|cant|p1a: Braviary|par\n|\n|-fieldend|move: Electric Terrain\n|upkeep\n|turn|30\n|\n|t:|1700247712\n|move|p2a: Deoxys|Reflect|p2a: Deoxys\n|-sidestart|p2: kingkongshuffle|Reflect\n|move|p1a: Braviary|Psychic|p2a: Deoxys\n|-resisted|p2a: Deoxys\n|-damage|p2a: Deoxys|69\/100\n|\n|upkeep\n|turn|31\n|\n|t:|1700247719\n|switch|p2a: Rampardos|Rampardos, F|100\/100\n|-damage|p2a: Rampardos|88\/100|[from] Stealth Rock\n|move|p1a: Braviary|Psychic|p2a: Rampardos\n|-damage|p2a: Rampardos|0 fnt\n|faint|p2a: Rampardos\n|\n|upkeep\n|\n|t:|1700247729\n|switch|p2a: Thundurus|Thundurus-Therian, M, shiny|58\/100\n|-damage|p2a: Thundurus|33\/100|[from] Stealth Rock\n|turn|32\n|\n|t:|1700247739\n|move|p2a: Thundurus|Dark Pulse|p1a: Braviary\n|-supereffective|p1a: Braviary\n|-damage|p1a: Braviary|0 fnt\n|faint|p1a: Braviary\n|\n|upkeep\n|\n|t:|1700247746\n|switch|p1a: Serperior|Serperior, M|76\/100\n|-damage|p1a: Serperior|63\/100|[from] Stealth Rock\n|turn|33\n|\n|t:|1700247758\n|switch|p2a: Guzzlord|Guzzlord, tera:Poison|88\/100 slp\n|-damage|p2a: Guzzlord|75\/100 slp|[from] Stealth Rock\n|move|p1a: Serperior|Leaf Storm|p2a: Guzzlord\n|-resisted|p2a: Guzzlord\n|-crit|p2a: Guzzlord\n|-damage|p2a: Guzzlord|58\/100 slp\n|-boost|p1a: Serperior|spa|2\n|\n|-heal|p1a: Serperior|69\/100|[from] item: Leftovers\n|-heal|p2a: Guzzlord|65\/100 slp|[from] item: Leftovers\n|upkeep\n|turn|34\n|\n|t:|1700247771\n|move|p1a: Serperior|Substitute|p1a: Serperior\n|-start|p1a: Serperior|Substitute\n|-damage|p1a: Serperior|45\/100\n|cant|p2a: Guzzlord|slp\n|\n|-heal|p1a: Serperior|51\/100|[from] item: Leftovers\n|-heal|p2a: Guzzlord|71\/100 slp|[from] item: Leftovers\n|upkeep\n|turn|35\n|\n|t:|1700247780\n|move|p1a: Serperior|Synthesis|p1a: Serperior\n|-heal|p1a: Serperior|100\/100\n|-curestatus|p2a: Guzzlord|slp|[msg]\n|move|p2a: Guzzlord|Stockpile|p2a: Guzzlord\n|-start|p2a: Guzzlord|stockpile1\n|-boost|p2a: Guzzlord|def|1\n|-boost|p2a: Guzzlord|spd|1\n|\n|-heal|p2a: Guzzlord|77\/100|[from] item: Leftovers\n|upkeep\n|turn|36\n|\n|t:|1700247790\n|move|p1a: Serperior|Glare|p2a: Guzzlord\n|-status|p2a: Guzzlord|par\n|cant|p2a: Guzzlord|par\n|\n|-heal|p2a: Guzzlord|83\/100 par|[from] item: Leftovers\n|-sideend|p2: kingkongshuffle|move: Light Screen\n|upkeep\n|turn|37\n|\n|t:|1700247798\n|move|p1a: Serperior|Leaf Storm|p2a: Guzzlord|[miss]\n|-miss|p1a: Serperior|p2a: Guzzlord\n|move|p2a: Guzzlord|Stockpile|p2a: Guzzlord\n|-start|p2a: Guzzlord|stockpile2\n|-boost|p2a: Guzzlord|def|1\n|-boost|p2a: Guzzlord|spd|1\n|\n|-heal|p2a: Guzzlord|89\/100 par|[from] item: Leftovers\n|-sideend|p2: kingkongshuffle|Reflect\n|upkeep\n|turn|38\n|\n|t:|1700247808\n|move|p1a: Serperior|Leaf Storm|p2a: Guzzlord\n|-resisted|p2a: Guzzlord\n|-damage|p2a: Guzzlord|76\/100 par\n|-boost|p1a: Serperior|spa|2\n|cant|p2a: Guzzlord|par\n|\n|-heal|p2a: Guzzlord|82\/100 par|[from] item: Leftovers\n|upkeep\n|turn|39\n|\n|t:|1700247818\n|move|p1a: Serperior|Leaf Storm|p2a: Guzzlord\n|-resisted|p2a: Guzzlord\n|-damage|p2a: Guzzlord|64\/100 par\n|-boost|p1a: Serperior|spa|2\n|move|p2a: Guzzlord|Stockpile|p2a: Guzzlord\n|-start|p2a: Guzzlord|stockpile3\n|-boost|p2a: Guzzlord|def|1\n|-boost|p2a: Guzzlord|spd|1\n|\n|-heal|p2a: Guzzlord|70\/100 par|[from] item: Leftovers\n|upkeep\n|turn|40\n|\n|t:|1700247831\n|move|p1a: Serperior|Leaf Storm|p2a: Guzzlord\n|-resisted|p2a: Guzzlord\n|-damage|p2a: Guzzlord|50\/100 par\n|move|p2a: Guzzlord|Body Press|p1a: Serperior\n|-end|p1a: Serperior|Substitute\n|\n|-heal|p2a: Guzzlord|56\/100 par|[from] item: Leftovers\n|upkeep\n|turn|41\n|\n|t:|1700247842\n|move|p1a: Serperior|Substitute|p1a: Serperior\n|-start|p1a: Serperior|Substitute\n|-damage|p1a: Serperior|76\/100\n|move|p2a: Guzzlord|Body Press|p1a: Serperior\n|-end|p1a: Serperior|Substitute\n|\n|-heal|p1a: Serperior|82\/100|[from] item: Leftovers\n|-heal|p2a: Guzzlord|62\/100 par|[from] item: Leftovers\n|upkeep\n|turn|42\n|\n|t:|1700247853\n|move|p1a: Serperior|Substitute|p1a: Serperior\n|-start|p1a: Serperior|Substitute\n|-damage|p1a: Serperior|57\/100\n|move|p2a: Guzzlord|Body Press|p1a: Serperior\n|-end|p1a: Serperior|Substitute\n|\n|-heal|p1a: Serperior|63\/100|[from] item: Leftovers\n|-heal|p2a: Guzzlord|68\/100 par|[from] item: Leftovers\n|upkeep\n|turn|43\n|\n|t:|1700247863\n|move|p1a: Serperior|Substitute|p1a: Serperior\n|-start|p1a: Serperior|Substitute\n|-damage|p1a: Serperior|38\/100\n|move|p2a: Guzzlord|Body Press|p1a: Serperior\n|-end|p1a: Serperior|Substitute\n|\n|-heal|p1a: Serperior|45\/100|[from] item: Leftovers\n|-heal|p2a: Guzzlord|75\/100 par|[from] item: Leftovers\n|upkeep\n|turn|44\n|\n|t:|1700247872\n|move|p1a: Serperior|Substitute|p1a: Serperior\n|-start|p1a: Serperior|Substitute\n|-damage|p1a: Serperior|20\/100\n|move|p2a: Guzzlord|Body Press|p1a: Serperior\n|-end|p1a: Serperior|Substitute\n|\n|-heal|p1a: Serperior|26\/100|[from] item: Leftovers\n|-heal|p2a: Guzzlord|81\/100 par|[from] item: Leftovers\n|upkeep\n|turn|45\n|\n|t:|1700247882\n|move|p1a: Serperior|Substitute|p1a: Serperior\n|-start|p1a: Serperior|Substitute\n|-damage|p1a: Serperior|1\/100\n|cant|p2a: Guzzlord|par\n|\n|-heal|p1a: Serperior|7\/100|[from] item: Leftovers\n|-heal|p2a: Guzzlord|87\/100 par|[from] item: Leftovers\n|upkeep\n|turn|46\n|\n|t:|1700247891\n|move|p1a: Serperior|Synthesis|p1a: Serperior\n|-heal|p1a: Serperior|57\/100\n|move|p2a: Guzzlord|Body Press|p1a: Serperior\n|-end|p1a: Serperior|Substitute\n|\n|-heal|p1a: Serperior|63\/100|[from] item: Leftovers\n|-heal|p2a: Guzzlord|93\/100 par|[from] item: Leftovers\n|upkeep\n|turn|47\n|\n|t:|1700247902\n|move|p1a: Serperior|Substitute|p1a: Serperior\n|-start|p1a: Serperior|Substitute\n|-damage|p1a: Serperior|39\/100\n|move|p2a: Guzzlord|Body Press|p1a: Serperior\n|-end|p1a: Serperior|Substitute\n|\n|-heal|p1a: Serperior|45\/100|[from] item: Leftovers\n|-heal|p2a: Guzzlord|99\/100 par|[from] item: Leftovers\n|upkeep\n|turn|48\n|\n|t:|1700247911\n|move|p1a: Serperior|Substitute|p1a: Serperior\n|-start|p1a: Serperior|Substitute\n|-damage|p1a: Serperior|20\/100\n|move|p2a: Guzzlord|Body Press|p1a: Serperior\n|-end|p1a: Serperior|Substitute\n|\n|-heal|p1a: Serperior|26\/100|[from] item: Leftovers\n|-heal|p2a: Guzzlord|100\/100 par|[from] item: Leftovers\n|upkeep\n|turn|49\n|\n|t:|1700247921\n|move|p1a: Serperior|Substitute|p1a: Serperior\n|-start|p1a: Serperior|Substitute\n|-damage|p1a: Serperior|1\/100\n|move|p2a: Guzzlord|Body Press|p1a: Serperior\n|-end|p1a: Serperior|Substitute\n|\n|-heal|p1a: Serperior|8\/100|[from] item: Leftovers\n|upkeep\n|turn|50\n|\n|t:|1700247930\n|move|p1a: Serperior|Synthesis|p1a: Serperior\n|-heal|p1a: Serperior|58\/100\n|cant|p2a: Guzzlord|par\n|\n|-heal|p1a: Serperior|64\/100|[from] item: Leftovers\n|upkeep\n|turn|51\n|c|\u2606kingkongshuffle|That is comical\n|\n|t:|1700247944\n|move|p1a: Serperior|Substitute|p1a: Serperior\n|-start|p1a: Serperior|Substitute\n|-damage|p1a: Serperior|39\/100\n|cant|p2a: Guzzlord|par\n|\n|-heal|p1a: Serperior|45\/100|[from] item: Leftovers\n|upkeep\n|turn|52\n|\n|t:|1700247952\n|move|p1a: Serperior|Synthesis|p1a: Serperior\n|-heal|p1a: Serperior|95\/100\n|move|p2a: Guzzlord|Body Press|p1a: Serperior\n|-end|p1a: Serperior|Substitute\n|\n|-heal|p1a: Serperior|100\/100|[from] item: Leftovers\n|upkeep\n|turn|53\n|\n|t:|1700247961\n|move|p1a: Serperior|Substitute|p1a: Serperior\n|-start|p1a: Serperior|Substitute\n|-damage|p1a: Serperior|76\/100\n|move|p2a: Guzzlord|Body Press|p1a: Serperior\n|-end|p1a: Serperior|Substitute\n|\n|-heal|p1a: Serperior|82\/100|[from] item: Leftovers\n|upkeep\n|turn|54\n|\n|t:|1700247969\n|move|p1a: Serperior|Substitute|p1a: Serperior\n|-start|p1a: Serperior|Substitute\n|-damage|p1a: Serperior|57\/100\n|cant|p2a: Guzzlord|par\n|\n|-heal|p1a: Serperior|63\/100|[from] item: Leftovers\n|upkeep\n|turn|55\n|\n|t:|1700247977\n|move|p1a: Serperior|Synthesis|p1a: Serperior\n|-heal|p1a: Serperior|100\/100\n|move|p2a: Guzzlord|Body Press|p1a: Serperior\n|-end|p1a: Serperior|Substitute\n|\n|upkeep\n|turn|56\n|\n|t:|1700247984\n|move|p1a: Serperior|Substitute|p1a: Serperior\n|-start|p1a: Serperior|Substitute\n|-damage|p1a: Serperior|76\/100\n|move|p2a: Guzzlord|Body Press|p1a: Serperior\n|-end|p1a: Serperior|Substitute\n|\n|-heal|p1a: Serperior|82\/100|[from] item: Leftovers\n|upkeep\n|turn|57\n|c|\u2606kingkongshuffle|You're almost out of pp\n|\n|t:|1700248002\n|move|p1a: Serperior|Substitute|p1a: Serperior\n|-start|p1a: Serperior|Substitute\n|-damage|p1a: Serperior|57\/100\n|move|p2a: Guzzlord|Body Press|p1a: Serperior\n|-crit|p1a: Serperior\n|-end|p1a: Serperior|Substitute\n|\n|-heal|p1a: Serperior|63\/100|[from] item: Leftovers\n|upkeep\n|turn|58\n|c|\u2606Sletton|same with yor bp\n|\n|t:|1700248012\n|move|p1a: Serperior|Substitute|p1a: Serperior\n|-start|p1a: Serperior|Substitute\n|-damage|p1a: Serperior|38\/100\n|cant|p2a: Guzzlord|par\n|\n|-heal|p1a: Serperior|45\/100|[from] item: Leftovers\n|upkeep\n|turn|59\n|\n|t:|1700248019\n|move|p1a: Serperior|Glare|p2a: Guzzlord\n|-fail|p2a: Guzzlord|par\n|move|p2a: Guzzlord|Body Press|p1a: Serperior\n|-end|p1a: Serperior|Substitute\n|\n|-heal|p1a: Serperior|51\/100|[from] item: Leftovers\n|upkeep\n|turn|60\n|\n|t:|1700248029\n|move|p1a: Serperior|Synthesis|p1a: Serperior\n|-heal|p1a: Serperior|100\/100\n|move|p2a: Guzzlord|Substitute|p2a: Guzzlord\n|-start|p2a: Guzzlord|Substitute\n|-damage|p2a: Guzzlord|76\/100 par\n|\n|-heal|p2a: Guzzlord|82\/100 par|[from] item: Leftovers\n|upkeep\n|turn|61\n|\n|t:|1700248037\n|move|p1a: Serperior|Leaf Storm|p2a: Guzzlord\n|-resisted|p2a: Guzzlord\n|-activate|p2a: Guzzlord|move: Substitute|[damage]\n|move|p2a: Guzzlord|Dragon Tail|p1a: Serperior|[miss]\n|-miss|p2a: Guzzlord|p1a: Serperior\n|\n|-heal|p2a: Guzzlord|88\/100 par|[from] item: Leftovers\n|upkeep\n|turn|62\n|\n|t:|1700248046\n|move|p1a: Serperior|Leaf Storm|p2a: Guzzlord\n|-resisted|p2a: Guzzlord\n|-end|p2a: Guzzlord|Substitute\n|cant|p2a: Guzzlord|par\n|\n|-heal|p2a: Guzzlord|94\/100 par|[from] item: Leftovers\n|upkeep\n|turn|63\n|\n|t:|1700248054\n|move|p1a: Serperior|Leaf Storm|p2a: Guzzlord\n|-resisted|p2a: Guzzlord\n|-damage|p2a: Guzzlord|75\/100 par\n|cant|p2a: Guzzlord|par\n|\n|-heal|p2a: Guzzlord|81\/100 par|[from] item: Leftovers\n|upkeep\n|turn|64\n|\n|t:|1700248062\n|move|p1a: Serperior|Glare|p2a: Guzzlord\n|-fail|p2a: Guzzlord|par\n|move|p2a: Guzzlord|Substitute|p2a: Guzzlord\n|-start|p2a: Guzzlord|Substitute\n|-damage|p2a: Guzzlord|56\/100 par\n|\n|-heal|p2a: Guzzlord|62\/100 par|[from] item: Leftovers\n|upkeep\n|turn|65\n|\n|t:|1700248070\n|switch|p1a: Ninetales|Ninetales-Alola, F|30\/100 par\n|-damage|p1a: Ninetales|5\/100 par|[from] Stealth Rock\n|-weather|Snow|[from] ability: Snow Warning|[of] p1a: Ninetales\n|move|p2a: Guzzlord|Dragon Tail|p1a: Ninetales\n|-immune|p1a: Ninetales\n|\n|-weather|Snow|[upkeep]\n|-heal|p2a: Guzzlord|69\/100 par|[from] item: Leftovers\n|upkeep\n|turn|66\n|\n|t:|1700248086\n|switch|p2a: Deoxys|Deoxys-Defense|69\/100\n|-damage|p2a: Deoxys|57\/100|[from] Stealth Rock\n|-ability|p2a: Deoxys|Pressure\n|cant|p1a: Ninetales|par\n|\n|-weather|Snow|[upkeep]\n|upkeep\n|turn|67\n|\n|t:|1700248097\n|move|p2a: Deoxys|Light Screen|p2a: Deoxys\n|-sidestart|p2: kingkongshuffle|move: Light Screen\n|move|p1a: Ninetales|Aurora Veil|p1a: Ninetales\n|-sidestart|p1: Sletton|move: Aurora Veil\n|\n|-weather|Snow|[upkeep]\n|upkeep\n|turn|68\n|\n|t:|1700248102\n|move|p2a: Deoxys|Reflect|p2a: Deoxys\n|-sidestart|p2: kingkongshuffle|Reflect\n|move|p1a: Ninetales|Encore|p2a: Deoxys\n|-start|p2a: Deoxys|Encore\n|\n|-weather|Snow|[upkeep]\n|upkeep\n|turn|69\n|\n|t:|1700248111\n|switch|p2a: Goodra|Goodra-Hisui, M|100\/100\n|-damage|p2a: Goodra|94\/100|[from] Stealth Rock\n|switch|p1a: Cyclizar|Cyclizar, M, shiny|71\/100\n|-damage|p1a: Cyclizar|59\/100|[from] Stealth Rock\n|\n|-weather|none\n|upkeep\n|turn|70\n|\n|t:|1700248128\n|move|p1a: Cyclizar|Rapid Spin|p2a: Goodra\n|-resisted|p2a: Goodra\n|-damage|p2a: Goodra|90\/100\n|-boost|p1a: Cyclizar|spe|1\n|-ability|p2a: Goodra|Gooey\n|-unboost|p1a: Cyclizar|spe|1\n|-sideend|p1: Sletton|Stealth Rock|[from] move: Rapid Spin|[of] p1a: Cyclizar\n|move|p2a: Goodra|Chilling Water|p1a: Cyclizar\n|-resisted|p1a: Cyclizar\n|-damage|p1a: Cyclizar|56\/100\n|-unboost|p1a: Cyclizar|atk|1\n|\n|upkeep\n|turn|71\n|\n|t:|1700248139\n|move|p1a: Cyclizar|U-turn|p2a: Goodra\n|-resisted|p2a: Goodra\n|-damage|p2a: Goodra|86\/100\n|-ability|p2a: Goodra|Gooey\n|-unboost|p1a: Cyclizar|spe|1\n|\n|t:|1700248148\n|switch|p1a: Vaporeon|Vaporeon, M|64\/100|[from] U-turn\n|move|p2a: Goodra|Dragon Tail|p1a: Vaporeon\n|-damage|p1a: Vaporeon|52\/100\n|drag|p1a: Cyclizar|Cyclizar, M, shiny|89\/100\n|\n|upkeep\n|turn|72\n|\n|t:|1700248158\n|move|p1a: Cyclizar|Knock Off|p2a: Goodra\n|-damage|p2a: Goodra|73\/100\n|-ability|p2a: Goodra|Gooey\n|-unboost|p1a: Cyclizar|spe|1\n|-enditem|p2a: Goodra|Chesto Berry|[from] move: Knock Off|[of] p1a: Cyclizar\n|move|p2a: Goodra|Chilling Water|p1a: Cyclizar\n|-resisted|p1a: Cyclizar\n|-crit|p1a: Cyclizar\n|-damage|p1a: Cyclizar|78\/100\n|-unboost|p1a: Cyclizar|atk|1\n|\n|upkeep\n|turn|73\n|\n|t:|1700248172\n|move|p1a: Cyclizar|U-turn|p2a: Goodra\n|-resisted|p2a: Goodra\n|-damage|p2a: Goodra|70\/100\n|-ability|p2a: Goodra|Gooey\n|-unboost|p1a: Cyclizar|spe|1\n|\n|t:|1700248177\n|switch|p1a: Vaporeon|Vaporeon, M|52\/100|[from] U-turn\n|move|p2a: Goodra|Chilling Water|p1a: Vaporeon\n|-heal|p1a: Vaporeon|77\/100|[from] ability: Water Absorb|[of] p2a: Goodra\n|\n|upkeep\n|turn|74\n|\n|t:|1700248186\n|move|p1a: Vaporeon|Yawn|p2a: Goodra\n|-start|p2a: Goodra|move: Yawn|[of] p1a: Vaporeon\n|move|p2a: Goodra|Dragon Tail|p1a: Vaporeon|[miss]\n|-miss|p2a: Goodra|p1a: Vaporeon\n|\n|-sideend|p2: kingkongshuffle|move: Light Screen\n|-sideend|p1: Sletton|move: Aurora Veil\n|upkeep\n|turn|75\n|\n|t:|1700248193\n|move|p1a: Vaporeon|Calm Mind|p1a: Vaporeon\n|-boost|p1a: Vaporeon|spa|1\n|-boost|p1a: Vaporeon|spd|1\n|move|p2a: Goodra|Dragon Tail|p1a: Vaporeon\n|-damage|p1a: Vaporeon|53\/100\n|drag|p1a: Ninetales|Ninetales-Alola, F|5\/100 par\n|-weather|Snow|[from] ability: Snow Warning|[of] p1a: Ninetales\n|\n|-weather|Snow|[upkeep]\n|-end|p2a: Goodra|move: Yawn|[silent]\n|-status|p2a: Goodra|slp\n|-sideend|p2: kingkongshuffle|Reflect\n|upkeep\n|turn|76\n|\n|t:|1700248206\n|move|p1a: Ninetales|Aurora Veil|p1a: Ninetales\n|-sidestart|p1: Sletton|move: Aurora Veil\n|cant|p2a: Goodra|slp\n|move|p2a: Goodra|Sleep Talk|p2a: Goodra\n|move|p2a: Goodra|Rest||[from]move: Sleep Talk|[still]\n|-fail|p2a: Goodra\n|\n|-weather|Snow|[upkeep]\n|upkeep\n|turn|77\n|\n|t:|1700248215\n|cant|p1a: Ninetales|par\n|-curestatus|p2a: Goodra|slp|[msg]\n|move|p2a: Goodra|Sleep Talk||[still]\n|-fail|p2a: Goodra\n|\n|-weather|Snow|[upkeep]\n|upkeep\n|turn|78\n|\n|t:|1700248222\n|move|p1a: Ninetales|Ice Beam|p2a: Goodra\n|-crit|p2a: Goodra\n|-damage|p2a: Goodra|45\/100\n|move|p2a: Goodra|Chilling Water|p1a: Ninetales\n|-damage|p1a: Ninetales|0 fnt\n|faint|p1a: Ninetales\n|\n|-weather|Snow|[upkeep]\n|upkeep\n|\n|t:|1700248230\n|switch|p1a: Cyclizar|Cyclizar, M, shiny|100\/100\n|turn|79\n|\n|t:|1700248237\n|move|p1a: Cyclizar|Outrage|p2a: Goodra\n|-damage|p2a: Goodra|2\/100\n|-ability|p2a: Goodra|Gooey\n|-unboost|p1a: Cyclizar|spe|1\n|move|p2a: Goodra|Rest|p2a: Goodra\n|-status|p2a: Goodra|slp|[from] move: Rest\n|-heal|p2a: Goodra|100\/100 slp|[silent]\n|\n|-weather|none\n|upkeep\n|turn|80\n|\n|t:|1700248252\n|move|p1a: Cyclizar|Outrage|p2a: Goodra|[from]lockedmove\n|-damage|p2a: Goodra|55\/100 slp\n|-ability|p2a: Goodra|Gooey\n|-unboost|p1a: Cyclizar|spe|1\n|-start|p1a: Cyclizar|confusion|[fatigue]\n|cant|p2a: Goodra|slp\n|move|p2a: Goodra|Sleep Talk|p2a: Goodra\n|move|p2a: Goodra|Dragon Tail|p1a: Cyclizar|[from]move: Sleep Talk\n|-supereffective|p1a: Cyclizar\n|-damage|p1a: Cyclizar|66\/100\n|drag|p1a: Serperior|Serperior, M|100\/100\n|\n|upkeep\n|turn|81\n|\n|t:|1700248271\n|switch|p1a: Vaporeon|Vaporeon, M|53\/100\n|cant|p2a: Goodra|slp\n|move|p2a: Goodra|Sleep Talk|p2a: Goodra\n|move|p2a: Goodra|Chilling Water|p1a: Vaporeon|[from]move: Sleep Talk\n|-heal|p1a: Vaporeon|77\/100|[from] ability: Water Absorb|[of] p2a: Goodra\n|\n|upkeep\n|turn|82\n|\n|t:|1700248281\n|move|p1a: Vaporeon|Calm Mind|p1a: Vaporeon\n|-boost|p1a: Vaporeon|spa|1\n|-boost|p1a: Vaporeon|spd|1\n|-curestatus|p2a: Goodra|slp|[msg]\n|move|p2a: Goodra|Dragon Tail|p1a: Vaporeon\n|-damage|p1a: Vaporeon|66\/100\n|drag|p1a: Cyclizar|Cyclizar, M, shiny|99\/100\n|\n|upkeep\n|turn|83\n|\n|t:|1700248299\n|move|p1a: Cyclizar|Outrage|p2a: Goodra\n|-damage|p2a: Goodra|6\/100\n|-ability|p2a: Goodra|Gooey\n|-unboost|p1a: Cyclizar|spe|1\n|move|p2a: Goodra|Rest|p2a: Goodra\n|-status|p2a: Goodra|slp|[from] move: Rest\n|-heal|p2a: Goodra|100\/100 slp|[silent]\n|\n|-sideend|p1: Sletton|move: Aurora Veil\n|upkeep\n|turn|84\n|\n|t:|1700248310\n|move|p1a: Cyclizar|Outrage|p2a: Goodra|[from]lockedmove\n|-damage|p2a: Goodra|54\/100 slp\n|-ability|p2a: Goodra|Gooey\n|-unboost|p1a: Cyclizar|spe|1\n|cant|p2a: Goodra|slp\n|move|p2a: Goodra|Sleep Talk|p2a: Goodra\n|move|p2a: Goodra|Chilling Water|p1a: Cyclizar|[from]move: Sleep Talk\n|-resisted|p1a: Cyclizar\n|-damage|p1a: Cyclizar|92\/100\n|-unboost|p1a: Cyclizar|atk|1\n|\n|upkeep\n|turn|85\n|\n|t:|1700248323\n|move|p1a: Cyclizar|Outrage|p2a: Goodra|[from]lockedmove\n|-damage|p2a: Goodra|21\/100 slp\n|-ability|p2a: Goodra|Gooey\n|-unboost|p1a: Cyclizar|spe|1\n|-start|p1a: Cyclizar|confusion|[fatigue]\n|cant|p2a: Goodra|slp\n|move|p2a: Goodra|Sleep Talk|p2a: Goodra\n|move|p2a: Goodra|Dragon Tail|p1a: Cyclizar|[from]move: Sleep Talk\n|-supereffective|p1a: Cyclizar\n|-damage|p1a: Cyclizar|26\/100\n|drag|p1a: Serperior|Serperior, M|100\/100\n|\n|upkeep\n|turn|86\n|\n|t:|1700248344\n|switch|p1a: Vaporeon|Vaporeon, M|66\/100\n|switch|p2a: Deoxys|Deoxys-Defense|57\/100\n|-damage|p2a: Deoxys|44\/100|[from] Stealth Rock\n|-ability|p2a: Deoxys|Pressure\n|\n|upkeep\n|turn|87\n|\n|t:|1700248354\n|move|p2a: Deoxys|Thunder Wave|p1a: Vaporeon\n|-status|p1a: Vaporeon|par\n|move|p1a: Vaporeon|Calm Mind|p1a: Vaporeon\n|-boost|p1a: Vaporeon|spa|1\n|-boost|p1a: Vaporeon|spd|1\n|\n|upkeep\n|turn|88\n|\n|t:|1700248363\n|move|p2a: Deoxys|Light Screen|p2a: Deoxys\n|-sidestart|p2: kingkongshuffle|move: Light Screen\n|move|p1a: Vaporeon|Calm Mind|p1a: Vaporeon\n|-boost|p1a: Vaporeon|spa|1\n|-boost|p1a: Vaporeon|spd|1\n|\n|upkeep\n|turn|89\n|\n|t:|1700248368\n|move|p2a: Deoxys|Stealth Rock|p1a: Vaporeon\n|-sidestart|p1: Sletton|move: Stealth Rock\n|move|p1a: Vaporeon|Calm Mind|p1a: Vaporeon\n|-boost|p1a: Vaporeon|spa|1\n|-boost|p1a: Vaporeon|spd|1\n|\n|upkeep\n|turn|90\n|\n|t:|1700248378\n|switch|p2a: Guzzlord|Guzzlord, tera:Poison|69\/100 par\n|-damage|p2a: Guzzlord|56\/100 par|[from] Stealth Rock\n|move|p1a: Vaporeon|Calm Mind|p1a: Vaporeon\n|-boost|p1a: Vaporeon|spa|1\n|-boost|p1a: Vaporeon|spd|1\n|\n|-heal|p2a: Guzzlord|62\/100 par|[from] item: Leftovers\n|upkeep\n|turn|91\n|\n|t:|1700248389\n|cant|p1a: Vaporeon|par\n|move|p2a: Guzzlord|Dragon Tail|p1a: Vaporeon\n|-crit|p1a: Vaporeon\n|-damage|p1a: Vaporeon|33\/100 par\n|drag|p1a: Serperior|Serperior, M|100\/100\n|-damage|p1a: Serperior|88\/100|[from] Stealth Rock\n|\n|-heal|p1a: Serperior|94\/100|[from] item: Leftovers\n|-heal|p2a: Guzzlord|68\/100 par|[from] item: Leftovers\n|upkeep\n|turn|92\n|\n|t:|1700248401\n|switch|p1a: Cyclizar|Cyclizar, M, shiny|59\/100\n|-damage|p1a: Cyclizar|47\/100|[from] Stealth Rock\n|move|p2a: Guzzlord|Stockpile|p2a: Guzzlord\n|-start|p2a: Guzzlord|stockpile1\n|-boost|p2a: Guzzlord|def|1\n|-boost|p2a: Guzzlord|spd|1\n|\n|-heal|p2a: Guzzlord|75\/100 par|[from] item: Leftovers\n|upkeep\n|turn|93\n|\n|t:|1700248415\n|move|p1a: Cyclizar|Rapid Spin|p2a: Guzzlord\n|-damage|p2a: Guzzlord|65\/100 par\n|-boost|p1a: Cyclizar|spe|1\n|-sideend|p1: Sletton|Stealth Rock|[from] move: Rapid Spin|[of] p1a: Cyclizar\n|move|p2a: Guzzlord|Stockpile|p2a: Guzzlord\n|-start|p2a: Guzzlord|stockpile2\n|-boost|p2a: Guzzlord|def|1\n|-boost|p2a: Guzzlord|spd|1\n|\n|-heal|p2a: Guzzlord|71\/100 par|[from] item: Leftovers\n|upkeep\n|turn|94\n|\n|t:|1700248427\n|move|p1a: Cyclizar|U-turn|p2a: Guzzlord\n|-resisted|p2a: Guzzlord\n|-damage|p2a: Guzzlord|68\/100 par\n|\n|t:|1700248430\n|switch|p1a: Serperior|Serperior, M|94\/100|[from] U-turn\n|cant|p2a: Guzzlord|par\n|\n|-heal|p1a: Serperior|100\/100|[from] item: Leftovers\n|-heal|p2a: Guzzlord|74\/100 par|[from] item: Leftovers\n|upkeep\n|turn|95\n|\n|t:|1700248440\n|move|p1a: Serperior|Glare|p2a: Guzzlord\n|-fail|p2a: Guzzlord|par\n|cant|p2a: Guzzlord|par\n|\n|-heal|p2a: Guzzlord|80\/100 par|[from] item: Leftovers\n|-sideend|p2: kingkongshuffle|move: Light Screen\n|upkeep\n|turn|96\n|\n|t:|1700248448\n|move|p1a: Serperior|Glare|p2a: Guzzlord\n|-fail|p2a: Guzzlord|par\n|cant|p2a: Guzzlord|par\n|\n|-heal|p2a: Guzzlord|86\/100 par|[from] item: Leftovers\n|upkeep\n|turn|97\n|\n|t:|1700248455\n|move|p1a: Serperior|Glare|p2a: Guzzlord\n|-fail|p2a: Guzzlord|par\n|move|p2a: Guzzlord|Substitute|p2a: Guzzlord\n|-start|p2a: Guzzlord|Substitute\n|-damage|p2a: Guzzlord|62\/100 par\n|\n|-heal|p2a: Guzzlord|68\/100 par|[from] item: Leftovers\n|upkeep\n|turn|98\n|inactive|kingkongshuffle has 120 seconds left.\n|\n|t:|1700248465\n|move|p1a: Serperior|Glare||[still]\n|-fail|p1a: Serperior\n|move|p2a: Guzzlord|Dragon Tail|p1a: Serperior\n|-damage|p1a: Serperior|79\/100\n|drag|p1a: Cyclizar|Cyclizar, M, shiny|80\/100\n|\n|-heal|p2a: Guzzlord|74\/100 par|[from] item: Leftovers\n|upkeep\n|turn|99\n|inactive|kingkongshuffle has 120 seconds left.\n|\n|t:|1700248478\n|move|p1a: Cyclizar|U-turn|p2a: Guzzlord\n|-resisted|p2a: Guzzlord\n|-activate|p2a: Guzzlord|move: Substitute|[damage]\n|\n|t:|1700248482\n|switch|p1a: Serperior|Serperior, M|79\/100|[from] U-turn\n|move|p2a: Guzzlord|Body Press|p1a: Serperior\n|-damage|p1a: Serperior|52\/100\n|\n|-heal|p1a: Serperior|59\/100|[from] item: Leftovers\n|-heal|p2a: Guzzlord|80\/100 par|[from] item: Leftovers\n|upkeep\n|turn|100\n|inactive|kingkongshuffle has 120 seconds left.\n|\n|t:|1700248492\n|move|p1a: Serperior|Glare||[still]\n|-fail|p1a: Serperior\n|move|p2a: Guzzlord|Dragon Tail|p1a: Serperior\n|-damage|p1a: Serperior|37\/100\n|drag|p1a: Cyclizar|Cyclizar, M, shiny|100\/100\n|\n|-heal|p2a: Guzzlord|86\/100 par|[from] item: Leftovers\n|upkeep\n|turn|101\n|\n|t:|1700248502\n|move|p1a: Cyclizar|U-turn|p2a: Guzzlord\n|-resisted|p2a: Guzzlord\n|-activate|p2a: Guzzlord|move: Substitute|[damage]\n|\n|t:|1700248505\n|switch|p1a: Serperior|Serperior, M|37\/100|[from] U-turn\n|move|p2a: Guzzlord|Dragon Tail|p1a: Serperior\n|-crit|p1a: Serperior\n|-damage|p1a: Serperior|4\/100\n|drag|p1a: Cyclizar|Cyclizar, M, shiny|100\/100\n|\n|-heal|p2a: Guzzlord|92\/100 par|[from] item: Leftovers\n|upkeep\n|turn|102\n|inactive|kingkongshuffle has 120 seconds left.\n|\n|t:|1700248517\n|move|p1a: Cyclizar|U-turn|p2a: Guzzlord\n|-resisted|p2a: Guzzlord\n|-activate|p2a: Guzzlord|move: Substitute|[damage]\n|\n|t:|1700248520\n|switch|p1a: Vaporeon|Vaporeon, M|33\/100 par|[from] U-turn\n|cant|p2a: Guzzlord|par\n|\n|-heal|p2a: Guzzlord|98\/100 par|[from] item: Leftovers\n|upkeep\n|turn|103\n|inactive|kingkongshuffle has 120 seconds left.\n|\n|t:|1700248530\n|cant|p1a: Vaporeon|par\n|move|p2a: Guzzlord|Dragon Tail|p1a: Vaporeon\n|-damage|p1a: Vaporeon|11\/100 par\n|-enditem|p1a: Vaporeon|Aguav Berry|[eat]\n|-heal|p1a: Vaporeon|45\/100 par|[from] item: Aguav Berry\n|drag|p1a: Cyclizar|Cyclizar, M, shiny|100\/100\n|\n|-heal|p2a: Guzzlord|100\/100 par|[from] item: Leftovers\n|upkeep\n|turn|104\n|inactive|kingkongshuffle has 120 seconds left.\n|\n|t:|1700248541\n|move|p1a: Cyclizar|U-turn|p2a: Guzzlord\n|-resisted|p2a: Guzzlord\n|-activate|p2a: Guzzlord|move: Substitute|[damage]\n|\n|t:|1700248546\n|switch|p1a: Vaporeon|Vaporeon, M|45\/100 par|[from] U-turn\n|move|p2a: Guzzlord|Dragon Tail|p1a: Vaporeon\n|-damage|p1a: Vaporeon|21\/100 par\n|drag|p1a: Serperior|Serperior, M|4\/100\n|\n|-heal|p1a: Serperior|10\/100|[from] item: Leftovers\n|upkeep\n|turn|105\n|inactive|kingkongshuffle has 120 seconds left.\n|\n|t:|1700248557\n|move|p1a: Serperior|Synthesis|p1a: Serperior\n|-heal|p1a: Serperior|60\/100\n|cant|p2a: Guzzlord|par\n|\n|-heal|p1a: Serperior|66\/100|[from] item: Leftovers\n|upkeep\n|turn|106\n|\n|t:|1700248564\n|move|p1a: Serperior|Glare||[still]\n|-fail|p1a: Serperior\n|move|p2a: Guzzlord|Dragon Tail|p1a: Serperior\n|-damage|p1a: Serperior|43\/100\n|drag|p1a: Vaporeon|Vaporeon, M|21\/100 par\n|\n|upkeep\n|turn|107\n|\n|t:|1700248575\n|move|p1a: Vaporeon|Scald|p2a: Guzzlord\n|-end|p2a: Guzzlord|Substitute\n|cant|p2a: Guzzlord|par\n|\n|upkeep\n|turn|108\n|\n|t:|1700248581\n|move|p1a: Vaporeon|Scald|p2a: Guzzlord\n|-damage|p2a: Guzzlord|86\/100 par\n|move|p2a: Guzzlord|Dragon Tail|p1a: Vaporeon\n|-damage|p1a: Vaporeon|0 fnt\n|faint|p1a: Vaporeon\n|-ability|p2a: Guzzlord|Beast Boost|boost\n|-boost|p2a: Guzzlord|atk|1\n|\n|-heal|p2a: Guzzlord|92\/100 par|[from] item: Leftovers\n|upkeep\n|\n|t:|1700248590\n|switch|p1a: Cyclizar|Cyclizar, M, shiny|100\/100\n|turn|109\n|\n|t:|1700248594\n|move|p1a: Cyclizar|Knock Off|p2a: Guzzlord\n|-damage|p2a: Guzzlord|83\/100 par\n|-enditem|p2a: Guzzlord|Leftovers|[from] move: Knock Off|[of] p1a: Cyclizar\n|move|p2a: Guzzlord|Stockpile|p2a: Guzzlord\n|-start|p2a: Guzzlord|stockpile3\n|-boost|p2a: Guzzlord|def|1\n|-boost|p2a: Guzzlord|spd|1\n|\n|upkeep\n|turn|110\n|inactive|kingkongshuffle has 120 seconds left.\n|\n|t:|1700248603\n|move|p1a: Cyclizar|Rapid Spin|p2a: Guzzlord\n|-damage|p2a: Guzzlord|77\/100 par\n|-boost|p1a: Cyclizar|spe|1\n|move|p2a: Guzzlord|Substitute|p2a: Guzzlord\n|-start|p2a: Guzzlord|Substitute\n|-damage|p2a: Guzzlord|52\/100 par\n|\n|upkeep\n|turn|111\n|inactive|kingkongshuffle has 120 seconds left.\n|\n|t:|1700248610\n|move|p1a: Cyclizar|Knock Off|p2a: Guzzlord\n|-activate|p2a: Guzzlord|move: Substitute|[damage]\n|move|p2a: Guzzlord|Dragon Tail|p1a: Cyclizar\n|-supereffective|p1a: Cyclizar\n|-damage|p1a: Cyclizar|2\/100\n|drag|p1a: Serperior|Serperior, M|43\/100\n|\n|-heal|p1a: Serperior|49\/100|[from] item: Leftovers\n|upkeep\n|turn|112\n|inactive|kingkongshuffle has 120 seconds left.\n|\n|t:|1700248621\n|move|p1a: Serperior|Synthesis|p1a: Serperior\n|-heal|p1a: Serperior|99\/100\n|move|p2a: Guzzlord|Dragon Tail|p1a: Serperior\n|-damage|p1a: Serperior|69\/100\n|drag|p1a: Cyclizar|Cyclizar, M, shiny|35\/100\n|\n|upkeep\n|turn|113\n|\n|t:|1700248629\n|move|p1a: Cyclizar|U-turn|p2a: Guzzlord\n|-resisted|p2a: Guzzlord\n|-activate|p2a: Guzzlord|move: Substitute|[damage]\n|\n|t:|1700248634\n|switch|p1a: Serperior|Serperior, M|69\/100|[from] U-turn\n|move|p2a: Guzzlord|Dragon Tail|p1a: Serperior\n|-damage|p1a: Serperior|38\/100\n|drag|p1a: Cyclizar|Cyclizar, M, shiny|68\/100\n|\n|upkeep\n|turn|114\n|inactive|kingkongshuffle has 120 seconds left.\n|\n|t:|1700248643\n|move|p1a: Cyclizar|U-turn|p2a: Guzzlord\n|-resisted|p2a: Guzzlord\n|-activate|p2a: Guzzlord|move: Substitute|[damage]\n|\n|t:|1700248647\n|switch|p1a: Serperior|Serperior, M|38\/100|[from] U-turn\n|move|p2a: Guzzlord|Dragon Tail|p1a: Serperior\n|-damage|p1a: Serperior|4\/100\n|drag|p1a: Cyclizar|Cyclizar, M, shiny|100\/100\n|\n|upkeep\n|turn|115\n|inactive|kingkongshuffle has 120 seconds left.\n|\n|t:|1700248657\n|move|p1a: Cyclizar|U-turn|p2a: Guzzlord\n|-resisted|p2a: Guzzlord\n|-activate|p2a: Guzzlord|move: Substitute|[damage]\n|\n|t:|1700248661\n|switch|p1a: Serperior|Serperior, M|4\/100|[from] U-turn\n|move|p2a: Guzzlord|Dragon Tail|p1a: Serperior\n|-damage|p1a: Serperior|0 fnt\n|faint|p1a: Serperior\n|-ability|p2a: Guzzlord|Beast Boost|boost\n|-boost|p2a: Guzzlord|atk|1\n|\n|upkeep\n|\n|t:|1700248670\n|switch|p1a: Cyclizar|Cyclizar, M, shiny|100\/100\n|turn|116\n|\n|t:|1700248677\n|move|p1a: Cyclizar|Outrage|p2a: Guzzlord\n|-end|p2a: Guzzlord|Substitute\n|move|p2a: Guzzlord|Stockpile||[still]\n|-fail|p2a: Guzzlord\n|\n|upkeep\n|turn|117\n|\n|t:|1700248684\n|move|p1a: Cyclizar|Outrage|p2a: Guzzlord|[from]lockedmove\n|-damage|p2a: Guzzlord|39\/100 par\n|cant|p2a: Guzzlord|par\n|\n|upkeep\n|turn|118\n|\n|t:|1700248689\n|move|p1a: Cyclizar|Outrage|p2a: Guzzlord|[from]lockedmove\n|-damage|p2a: Guzzlord|26\/100 par\n|-start|p1a: Cyclizar|confusion|[fatigue]\n|move|p2a: Guzzlord|Substitute|p2a: Guzzlord\n|-start|p2a: Guzzlord|Substitute\n|-damage|p2a: Guzzlord|1\/100 par\n|\n|upkeep\n|turn|119\n|\n|t:|1700248700\n|-activate|p1a: Cyclizar|confusion\n|move|p1a: Cyclizar|Outrage|p2a: Guzzlord\n|-activate|p2a: Guzzlord|move: Substitute|[damage]\n|move|p2a: Guzzlord|Stockpile||[still]\n|-fail|p2a: Guzzlord\n|\n|upkeep\n|turn|120\n|\n|t:|1700248707\n|-activate|p1a: Cyclizar|confusion\n|move|p1a: Cyclizar|Outrage|p2a: Guzzlord|[from]lockedmove\n|-end|p2a: Guzzlord|Substitute\n|move|p2a: Guzzlord|Stockpile||[still]\n|-fail|p2a: Guzzlord\n|\n|upkeep\n|turn|121\n|\n|t:|1700248713\n|-activate|p1a: Cyclizar|confusion\n|move|p1a: Cyclizar|Outrage|p2a: Guzzlord\n|-crit|p2a: Guzzlord\n|-damage|p2a: Guzzlord|0 fnt\n|faint|p2a: Guzzlord\n|\n|upkeep\n|\n|t:|1700248722\n|switch|p2a: Deoxys|Deoxys-Defense|44\/100\n|-damage|p2a: Deoxys|32\/100|[from] Stealth Rock\n|-ability|p2a: Deoxys|Pressure\n|turn|122\n|\n|t:|1700248728\n|-end|p1a: Cyclizar|confusion\n|move|p1a: Cyclizar|Outrage|p2a: Deoxys|[from]lockedmove\n|-crit|p2a: Deoxys\n|-damage|p2a: Deoxys|0 fnt\n|faint|p2a: Deoxys\n|\n|upkeep\n|\n|t:|1700248737\n|switch|p2a: Thundurus|Thundurus-Therian, M, shiny|33\/100\n|-damage|p2a: Thundurus|8\/100|[from] Stealth Rock\n|turn|123\n|\n|t:|1700248745\n|move|p1a: Cyclizar|Outrage|p2a: Thundurus|[from]lockedmove\n|-damage|p2a: Thundurus|0 fnt\n|faint|p2a: Thundurus\n|-start|p1a: Cyclizar|confusion|[fatigue]\n|\n|upkeep\n|\n|t:|1700248751\n|switch|p2a: Goodra|Goodra-Hisui, M|21\/100 slp\n|-damage|p2a: Goodra|15\/100 slp|[from] Stealth Rock\n|turn|124\n|\n|t:|1700248755\n|-activate|p1a: Cyclizar|confusion\n|move|p1a: Cyclizar|Outrage|p2a: Goodra\n|-damage|p2a: Goodra|0 fnt\n|-ability|p2a: Goodra|Gooey\n|-unboost|p1a: Cyclizar|spe|1\n|faint|p2a: Goodra\n|\n|win|Sletton\n|raw|Sletton's rating: 1181 &rarr; <strong>1203<\/strong><br \/>(+22 for winning)\n|raw|kingkongshuffle's rating: 1139 &rarr; <strong>1117<\/strong><br \/>(-22 for losing)\n|c|\u2606kingkongshuffle|Gg\n|c|\u2606Sletton|ggs\n","uploadtime":1700248769,"views":23,"p1id":"sletton","p2id":"kingkongshuffle","formatid":"gen9nationaldex","rating":1117,"private":0,"password":""}