{"id":"gen9nationaldex-1993443892","p1":"ND9T2 tutiop","p2":"baigu2","format":"[Gen 9] National Dex","log":"|j|\u2606ND9T2 tutiop\n|j|\u2606baigu2\n|t:|1700318640\n|gametype|singles\n|player|p1|ND9T2 tutiop|ingo|1780\n|player|p2|baigu2|dawn|1724\n|teamsize|p1|6\n|teamsize|p2|6\n|gen|9\n|tier|[Gen 9] National Dex\n|rated|\n|rule|HP Percentage Mod: HP is shown in percentages\n|rule|Endless Battle Clause: Forcing endless battles is banned\n|rule|OHKO Clause: OHKO moves are banned\n|rule|Evasion Clause: Evasion abilities, items, and moves are banned\n|rule|Evasion Abilities Clause: Evasion abilities are banned\n|rule|Evasion Items Clause: Evasion items are banned\n|rule|Evasion Moves Clause: Evasion moves are banned\n|rule|Species Clause: Limit one of each Pok\u00e9mon\n|rule|Sleep Clause Mod: Limit one foe put to sleep\n|clearpoke\n|poke|p1|Ursaluna, F|\n|poke|p1|Slowbro, M|\n|poke|p1|Bronzong|\n|poke|p1|Mawile, M|\n|poke|p1|Iron Hands|\n|poke|p1|Cresselia, F|\n|poke|p2|Ursaluna, F|\n|poke|p2|Dragonite, M|\n|poke|p2|Slowking, M|\n|poke|p2|Tapu Koko|\n|poke|p2|Hoopa-Unbound|\n|poke|p2|Great Tusk|\n|teampreview\n|j| EpicGamer069420\n|inactive|Battle timer is ON: inactive players will automatically lose when time's up. (requested by baigu2)\n|inactive|ND9T2 tutiop has 120 seconds left.\n|\n|t:|1700318727\n|start\n|switch|p1a: Cresselia|Cresselia, F|100\/100\n|switch|p2a: Hoopa|Hoopa-Unbound|100\/100\n|turn|1\n|\n|t:|1700318731\n|move|p2a: Hoopa|Nasty Plot|p2a: Hoopa\n|-boost|p2a: Hoopa|spa|2\n|move|p1a: Cresselia|Trick Room|p1a: Cresselia\n|-fieldstart|move: Trick Room|[of] p1a: Cresselia\n|\n|upkeep\n|turn|2\n|\n|t:|1700318735\n|switch|p1a: Mawile|Mawile, M|100\/100\n|-ability|p1a: Mawile|Intimidate|boost\n|-unboost|p2a: Hoopa|atk|1\n|move|p2a: Hoopa|Dark Pulse|p1a: Mawile\n|-resisted|p1a: Mawile\n|-damage|p1a: Mawile|18\/100\n|\n|upkeep\n|turn|3\n|j| cangyue\n|\n|t:|1700318743\n|switch|p2a: Dragonite|Dragonite, M|100\/100\n|detailschange|p1a: Mawile|Mawile-Mega, M\n|-mega|p1a: Mawile|Mawile|Mawilite\n|move|p1a: Mawile|Play Rough|p2a: Dragonite\n|-supereffective|p2a: Dragonite\n|-damage|p2a: Dragonite|14\/100\n|\n|upkeep\n|turn|4\n|\n|t:|1700318749\n|switch|p1a: Bronzong|Bronzong|100\/100\n|move|p2a: Dragonite|Extreme Speed|p1a: Bronzong\n|-resisted|p1a: Bronzong\n|-crit|p1a: Bronzong\n|-damage|p1a: Bronzong|78\/100\n|\n|upkeep\n|turn|5\n|\n|t:|1700318756\n|switch|p2a: Great Tusk|Great Tusk|100\/100\n|move|p1a: Bronzong|Stealth Rock|p2a: Great Tusk\n|-sidestart|p2: baigu2|move: Stealth Rock\n|\n|-fieldend|move: Trick Room\n|upkeep\n|turn|6\n|\n|t:|1700318762\n|move|p2a: Great Tusk|Rapid Spin|p1a: Bronzong\n|-resisted|p1a: Bronzong\n|-damage|p1a: Bronzong|72\/100\n|-boost|p2a: Great Tusk|spe|1\n|-sideend|p2: baigu2|Stealth Rock|[from] move: Rapid Spin|[of] p2a: Great Tusk\n|move|p1a: Bronzong|Toxic|p2a: Great Tusk\n|-status|p2a: Great Tusk|tox\n|\n|-damage|p2a: Great Tusk|94\/100 tox|[from] psn\n|upkeep\n|turn|7\n|\n|t:|1700318767\n|move|p2a: Great Tusk|Stealth Rock|p1a: Bronzong\n|-sidestart|p1: ND9T2 tutiop|move: Stealth Rock\n|move|p1a: Bronzong|Trick Room|p1a: Bronzong\n|-fieldstart|move: Trick Room|[of] p1a: Bronzong\n|\n|-damage|p2a: Great Tusk|82\/100 tox|[from] psn\n|upkeep\n|turn|8\n|\n|t:|1700318771\n|-end|p2a: Great Tusk|Protosynthesis|[silent]\n|switch|p2a: Slowking|Slowking, M|100\/100\n|move|p1a: Bronzong|Stealth Rock|p2a: Slowking\n|-sidestart|p2: baigu2|move: Stealth Rock\n|\n|upkeep\n|turn|9\n|\n|t:|1700318778\n|move|p1a: Bronzong|Toxic|p2a: Slowking\n|-status|p2a: Slowking|tox\n|move|p2a: Slowking|Trick Room|p2a: Slowking\n|-fieldend|move: Trick Room\n|\n|-damage|p2a: Slowking|94\/100 tox|[from] psn\n|upkeep\n|turn|10\n|\n|t:|1700318784\n|move|p2a: Slowking|Scald|p1a: Bronzong\n|-damage|p1a: Bronzong|48\/100\n|move|p1a: Bronzong|Trick Room|p1a: Bronzong\n|-fieldstart|move: Trick Room|[of] p1a: Bronzong\n|\n|-damage|p2a: Slowking|82\/100 tox|[from] psn\n|upkeep\n|turn|11\n|\n|t:|1700318790\n|move|p1a: Bronzong|Stealth Rock||[still]\n|-fail|p1a: Bronzong\n|move|p2a: Slowking|Trick Room|p2a: Slowking\n|-fieldend|move: Trick Room\n|\n|-damage|p2a: Slowking|64\/100 tox|[from] psn\n|upkeep\n|turn|12\n|\n|t:|1700318794\n|move|p2a: Slowking|Scald|p1a: Bronzong\n|-crit|p1a: Bronzong\n|-damage|p1a: Bronzong|10\/100\n|move|p1a: Bronzong|Trick Room|p1a: Bronzong\n|-fieldstart|move: Trick Room|[of] p1a: Bronzong\n|\n|-damage|p2a: Slowking|40\/100 tox|[from] psn\n|upkeep\n|turn|13\n|\n|t:|1700318804\n|move|p2a: Slowking|Teleport|p2a: Slowking\n|\n|t:|1700318811\n|switch|p2a: Tapu Koko|Tapu Koko|100\/100|[from] Teleport\n|-damage|p2a: Tapu Koko|88\/100|[from] Stealth Rock\n|-fieldstart|move: Electric Terrain|[from] ability: Electric Surge|[of] p2a: Tapu Koko\n|move|p1a: Bronzong|Trick Room|p1a: Bronzong\n|-fieldend|move: Trick Room\n|\n|upkeep\n|turn|14\n|\n|t:|1700318818\n|move|p2a: Tapu Koko|U-turn|p1a: Bronzong\n|-crit|p1a: Bronzong\n|-damage|p1a: Bronzong|0 fnt\n|faint|p1a: Bronzong\n|\n|t:|1700318823\n|switch|p2a: Ursaluna|Ursaluna, F|100\/100|[from] U-turn\n|-damage|p2a: Ursaluna|94\/100|[from] Stealth Rock\n|\n|-status|p2a: Ursaluna|brn|[from] item: Flame Orb\n|upkeep\n|\n|t:|1700318828\n|switch|p1a: Slowbro|Slowbro, M|100\/100\n|turn|15\n|\n|t:|1700318836\n|move|p2a: Ursaluna|Facade|p1a: Slowbro\n|-damage|p1a: Slowbro|20\/100\n|move|p1a: Slowbro|Trick Room|p1a: Slowbro\n|-fieldstart|move: Trick Room|[of] p1a: Slowbro\n|\n|-damage|p2a: Ursaluna|88\/100 brn|[from] brn\n|upkeep\n|turn|16\n|\n|t:|1700318844\n|move|p1a: Slowbro|Scald|p2a: Ursaluna\n|-supereffective|p2a: Ursaluna\n|-damage|p2a: Ursaluna|40\/100 brn\n|move|p2a: Ursaluna|Facade|p1a: Slowbro\n|-damage|p1a: Slowbro|0 fnt\n|faint|p1a: Slowbro\n|\n|-damage|p2a: Ursaluna|33\/100 brn|[from] brn\n|upkeep\n|\n|t:|1700318848\n|switch|p1a: Ursaluna|Ursaluna, F|100\/100\n|-damage|p1a: Ursaluna|94\/100|[from] Stealth Rock\n|turn|17\n|\n|t:|1700318861\n|switch|p2a: Dragonite|Dragonite, M|14\/100\n|-damage|p2a: Dragonite|0 fnt|[from] Stealth Rock\n|faint|p2a: Dragonite\n|move|p1a: Ursaluna|Facade|p2: Dragonite|[notarget]\n|-fail|p1a: Ursaluna\n|\n|-fieldend|move: Electric Terrain\n|-status|p1a: Ursaluna|brn|[from] item: Flame Orb\n|upkeep\n|\n|t:|1700318880\n|switch|p2a: Great Tusk|Great Tusk|82\/100 tox\n|turn|18\n|\n|t:|1700318886\n|-terastallize|p1a: Ursaluna|Normal\n|-terastallize|p2a: Great Tusk|Steel\n|move|p1a: Ursaluna|Facade|p2a: Great Tusk\n|-resisted|p2a: Great Tusk\n|-damage|p2a: Great Tusk|26\/100 tox\n|move|p2a: Great Tusk|Headlong Rush|p1a: Ursaluna\n|-damage|p1a: Ursaluna|47\/100 brn\n|-unboost|p2a: Great Tusk|def|1\n|-unboost|p2a: Great Tusk|spd|1\n|\n|-damage|p2a: Great Tusk|19\/100 tox|[from] psn\n|-damage|p1a: Ursaluna|40\/100 brn|[from] brn\n|upkeep\n|turn|19\n|inactive|baigu2 has 120 seconds left.\n|\n|t:|1700318913\n|-end|p2a: Great Tusk|Protosynthesis|[silent]\n|switch|p2a: Hoopa|Hoopa-Unbound|100\/100\n|-damage|p2a: Hoopa|88\/100|[from] Stealth Rock\n|move|p1a: Ursaluna|Facade|p2a: Hoopa\n|-damage|p2a: Hoopa|0 fnt\n|faint|p2a: Hoopa\n|\n|-damage|p1a: Ursaluna|34\/100 brn|[from] brn\n|-fieldend|move: Trick Room\n|upkeep\n|inactive|baigu2 has 120 seconds left.\n|\n|t:|1700318918\n|switch|p2a: Tapu Koko|Tapu Koko|88\/100\n|-damage|p2a: Tapu Koko|76\/100|[from] Stealth Rock\n|-fieldstart|move: Electric Terrain|[from] ability: Electric Surge|[of] p2a: Tapu Koko\n|turn|20\n|inactive|ND9T2 tutiop has 120 seconds left.\n|\n|t:|1700318964\n|move|p2a: Tapu Koko|Dazzling Gleam|p1a: Ursaluna\n|-damage|p1a: Ursaluna|0 fnt\n|faint|p1a: Ursaluna\n|\n|upkeep\n|\n|t:|1700318968\n|switch|p1a: Cresselia|Cresselia, F|100\/100\n|-damage|p1a: Cresselia|88\/100|[from] Stealth Rock\n|turn|21\n|\n|t:|1700318980\n|switch|p2a: Slowking|Slowking, M|73\/100 tox\n|move|p1a: Cresselia|Trick Room|p1a: Cresselia\n|-fieldstart|move: Trick Room|[of] p1a: Cresselia\n|\n|-damage|p2a: Slowking|67\/100 tox|[from] psn\n|upkeep\n|turn|22\n|j| slobadd\n|inactive|ND9T2 tutiop has 120 seconds left.\n|\n|t:|1700319020\n|switch|p1a: Mawile|Mawile-Mega, M|18\/100\n|-damage|p1a: Mawile|12\/100|[from] Stealth Rock\n|move|p2a: Slowking|Trick Room|p2a: Slowking\n|-fieldend|move: Trick Room\n|\n|-damage|p2a: Slowking|55\/100 tox|[from] psn\n|upkeep\n|turn|23\n|\n|t:|1700319028\n|switch|p2a: Great Tusk|Great Tusk, tera:Steel|19\/100 tox\n|move|p1a: Mawile|Thunder Punch|p2a: Great Tusk\n|-damage|p2a: Great Tusk|0 fnt\n|faint|p2a: Great Tusk\n|-end|p2a: Great Tusk|Protosynthesis|[silent]\n|\n|upkeep\n|\n|t:|1700319032\n|switch|p2a: Tapu Koko|Tapu Koko|76\/100\n|-damage|p2a: Tapu Koko|63\/100|[from] Stealth Rock\n|turn|24\n|\n|t:|1700319035\n|move|p1a: Mawile|Sucker Punch|p2a: Tapu Koko\n|-resisted|p2a: Tapu Koko\n|-damage|p2a: Tapu Koko|31\/100\n|move|p2a: Tapu Koko|Volt Switch|p1a: Mawile\n|-damage|p1a: Mawile|0 fnt\n|faint|p1a: Mawile\n|\n|t:|1700319040\n|switch|p2a: Ursaluna|Ursaluna, F|33\/100 brn|[from] Volt Switch\n|-damage|p2a: Ursaluna|27\/100 brn|[from] Stealth Rock\n|\n|-damage|p2a: Ursaluna|21\/100 brn|[from] brn\n|-fieldend|move: Electric Terrain\n|upkeep\n|\n|t:|1700319044\n|switch|p1a: Cresselia|Cresselia, F|88\/100\n|-damage|p1a: Cresselia|76\/100|[from] Stealth Rock\n|turn|25\n|\n|t:|1700319054\n|move|p1a: Cresselia|Moonblast|p2a: Ursaluna\n|-damage|p2a: Ursaluna|7\/100 brn\n|move|p2a: Ursaluna|Facade|p1a: Cresselia\n|-damage|p1a: Cresselia|0 fnt\n|faint|p1a: Cresselia\n|\n|-damage|p2a: Ursaluna|0 fnt|[from] brn\n|faint|p2a: Ursaluna\n|upkeep\n|\n|t:|1700319062\n|switch|p1a: Iron Hands|Iron Hands|100\/100\n|switch|p2a: Tapu Koko|Tapu Koko|31\/100\n|-damage|p2a: Tapu Koko|19\/100|[from] Stealth Rock\n|-fieldstart|move: Electric Terrain|[from] ability: Electric Surge|[of] p2a: Tapu Koko\n|-activate|p1a: Iron Hands|ability: Quark Drive\n|-start|p1a: Iron Hands|quarkdriveatk\n|-damage|p1a: Iron Hands|94\/100|[from] Stealth Rock\n|turn|26\n|\n|t:|1700319068\n|move|p2a: Tapu Koko|Volt Switch|p1a: Iron Hands\n|-resisted|p1a: Iron Hands\n|-damage|p1a: Iron Hands|65\/100\n|\n|t:|1700319070\n|switch|p2a: Slowking|Slowking, M|88\/100 tox|[from] Volt Switch\n|move|p1a: Iron Hands|Ice Punch|p2a: Slowking\n|-resisted|p2a: Slowking\n|-damage|p2a: Slowking|68\/100 tox\n|\n|-damage|p2a: Slowking|62\/100 tox|[from] psn\n|upkeep\n|turn|27\n|\n|t:|1700319073\n|-zpower|p1a: Iron Hands\n|move|p1a: Iron Hands|Gigavolt Havoc|p2a: Slowking|[zeffect]\n|-supereffective|p2a: Slowking\n|-damage|p2a: Slowking|0 fnt\n|faint|p2a: Slowking\n|\n|upkeep\n|\n|t:|1700319076\n|switch|p2a: Tapu Koko|Tapu Koko|19\/100\n|-damage|p2a: Tapu Koko|7\/100|[from] Stealth Rock\n|turn|28\n|\n|t:|1700319079\n|move|p2a: Tapu Koko|Dazzling Gleam|p1a: Iron Hands\n|-supereffective|p1a: Iron Hands\n|-damage|p1a: Iron Hands|0 fnt\n|faint|p1a: Iron Hands\n|-end|p1a: Iron Hands|Quark Drive|[silent]\n|\n|win|baigu2\n|raw|ND9T2 tutiop's rating: 1780 &rarr; <strong>1757<\/strong><br \/>(-23 for losing)\n|raw|baigu2's rating: 1724 &rarr; <strong>1747<\/strong><br \/>(+23 for winning)\n|l| cangyue\n|c|\u2606ND9T2 tutiop|gg\n","uploadtime":1700319083,"views":6,"p1id":"nd9t2tutiop","p2id":"baigu2","formatid":"gen9nationaldex","rating":1747,"private":0,"password":""}