{"id":"gen9nationaldex-1996332334","p1":"Afraidlice","p2":"BanTheMaster","format":"[Gen 9] National Dex","log":"|html|<div class=\"broadcast-blue\"><strong>[Gen 9] National Dex is currently suspecting Sneasler! For information on how to participate check out the <a href=\"https:\/\/www.smogon.com\/forums\/threads\/sv-national-dex-suspect-8-just-dance.3731534\/\">suspect thread<\/a>.<\/strong><\/div>\n|j|\u2606Afraidlice\n|j|\u2606BanTheMaster\n|t:|1700671983\n|gametype|singles\n|player|p1|Afraidlice|sisandbro|1323\n|player|p2|BanTheMaster|ingo|1437\n|teamsize|p1|6\n|teamsize|p2|6\n|gen|9\n|tier|[Gen 9] National Dex\n|rated|\n|rule|HP Percentage Mod: HP is shown in percentages\n|rule|Endless Battle Clause: Forcing endless battles is banned\n|rule|OHKO Clause: OHKO moves are banned\n|rule|Evasion Clause: Evasion abilities, items, and moves are banned\n|rule|Evasion Abilities Clause: Evasion abilities are banned\n|rule|Evasion Items Clause: Evasion items are banned\n|rule|Evasion Moves Clause: Evasion moves are banned\n|rule|Species Clause: Limit one of each Pok\u00e9mon\n|rule|Sleep Clause Mod: Limit one foe put to sleep\n|clearpoke\n|poke|p1|Latias, F|\n|poke|p1|Garganacl, F|\n|poke|p1|Tapu Fini|\n|poke|p1|Gliscor, M|\n|poke|p1|Okidogi, M|\n|poke|p1|Moltres|\n|poke|p2|Ogerpon-Wellspring, F|\n|poke|p2|Shuckle, M|\n|poke|p2|Sandy Shocks|\n|poke|p2|Tapu Fini|\n|poke|p2|Blaziken, M|\n|poke|p2|Ferrothorn, F|\n|teampreview\n|inactive|Battle timer is ON: inactive players will automatically lose when time's up. (requested by Afraidlice)\n|\n|t:|1700672002\n|start\n|switch|p1a: Tapu Fini|Tapu Fini|100\/100\n|switch|p2a: Shuckle|Shuckle, M|100\/100\n|-fieldstart|move: Misty Terrain|[from] ability: Misty Surge|[of] p1a: Tapu Fini\n|turn|1\n|\n|t:|1700672008\n|move|p1a: Tapu Fini|Taunt|p2a: Shuckle\n|-start|p2a: Shuckle|move: Taunt\n|move|p2a: Shuckle|Infestation|p1a: Tapu Fini\n|-resisted|p1a: Tapu Fini\n|-damage|p1a: Tapu Fini|99\/100\n|-activate|p1a: Tapu Fini|move: Infestation|[of] p2a: Shuckle\n|\n|-heal|p1a: Tapu Fini|100\/100|[from] item: Leftovers\n|-damage|p1a: Tapu Fini|88\/100|[from] move: Infestation|[partiallytrapped]\n|upkeep\n|turn|2\n|\n|t:|1700672016\n|move|p1a: Tapu Fini|Scald|p2a: Shuckle\n|-supereffective|p2a: Shuckle\n|-damage|p2a: Shuckle|66\/100\n|move|p2a: Shuckle|Infestation|p1a: Tapu Fini\n|-resisted|p1a: Tapu Fini\n|-damage|p1a: Tapu Fini|87\/100\n|\n|-heal|p1a: Tapu Fini|93\/100|[from] item: Leftovers\n|-heal|p2a: Shuckle|72\/100|[from] item: Leftovers\n|-damage|p1a: Tapu Fini|81\/100|[from] move: Infestation|[partiallytrapped]\n|upkeep\n|turn|3\n|\n|t:|1700672023\n|switch|p2a: Ferrothorn|Ferrothorn, F|100\/100\n|move|p1a: Tapu Fini|Scald|p2a: Ferrothorn\n|-resisted|p2a: Ferrothorn\n|-damage|p2a: Ferrothorn|89\/100\n|\n|-heal|p1a: Tapu Fini|87\/100|[from] item: Leftovers\n|-end|p1a: Tapu Fini|Infestation|[partiallytrapped]|[silent]\n|upkeep\n|turn|4\n|\n|t:|1700672030\n|switch|p1a: Moltres|Moltres|100\/100\n|move|p2a: Ferrothorn|Gyro Ball|p1a: Moltres\n|-resisted|p1a: Moltres\n|-damage|p1a: Moltres|78\/100\n|\n|upkeep\n|turn|5\n|\n|t:|1700672044\n|switch|p2a: Sandy Shocks|Sandy Shocks|100\/100\n|move|p1a: Moltres|U-turn|p2a: Sandy Shocks\n|-damage|p2a: Sandy Shocks|82\/100\n|\n|t:|1700672049\n|switch|p1a: Gliscor|Gliscor, M|100\/100|[from] U-turn\n|\n|-fieldend|Misty Terrain\n|-status|p1a: Gliscor|tox|[from] item: Toxic Orb\n|upkeep\n|turn|6\n|\n|t:|1700672064\n|-end|p2a: Sandy Shocks|Protosynthesis|[silent]\n|switch|p2a: Ferrothorn|Ferrothorn, F|89\/100\n|move|p1a: Gliscor|Earthquake|p2a: Ferrothorn\n|-damage|p2a: Ferrothorn|69\/100\n|\n|upkeep\n|turn|7\n|\n|t:|1700672070\n|switch|p1a: Moltres|Moltres|78\/100\n|move|p2a: Ferrothorn|Stealth Rock|p1a: Moltres\n|-sidestart|p1: Afraidlice|move: Stealth Rock\n|\n|upkeep\n|turn|8\n|\n|t:|1700672075\n|move|p1a: Moltres|Flamethrower|p2a: Ferrothorn\n|-supereffective|p2a: Ferrothorn\n|-damage|p2a: Ferrothorn|0 fnt\n|faint|p2a: Ferrothorn\n|\n|upkeep\n|\n|t:|1700672083\n|switch|p2a: Sandy Shocks|Sandy Shocks|82\/100\n|turn|9\n|\n|t:|1700672088\n|move|p2a: Sandy Shocks|Power Gem|p1a: Moltres\n|-supereffective|p1a: Moltres\n|-damage|p1a: Moltres|7\/100\n|move|p1a: Moltres|U-turn|p2a: Sandy Shocks\n|-damage|p2a: Sandy Shocks|67\/100\n|\n|t:|1700672096\n|switch|p1a: Latias|Latias, F|100\/100|[from] U-turn\n|-damage|p1a: Latias|88\/100|[from] Stealth Rock\n|\n|upkeep\n|turn|10\n|\n|t:|1700672110\n|-end|p2a: Sandy Shocks|Protosynthesis|[silent]\n|switch|p2a: Shuckle|Shuckle, M|72\/100\n|detailschange|p1a: Latias|Latias-Mega, F\n|-mega|p1a: Latias|Latias|Latiasite\n|move|p1a: Latias|Calm Mind|p1a: Latias\n|-boost|p1a: Latias|spa|1\n|-boost|p1a: Latias|spd|1\n|\n|-heal|p2a: Shuckle|78\/100|[from] item: Leftovers\n|upkeep\n|turn|11\n|\n|t:|1700672117\n|move|p1a: Latias|Psyshock|p2a: Shuckle\n|-damage|p2a: Shuckle|48\/100\n|move|p2a: Shuckle|Toxic|p1a: Latias\n|-status|p1a: Latias|tox\n|\n|-heal|p2a: Shuckle|55\/100|[from] item: Leftovers\n|-damage|p1a: Latias|82\/100 tox|[from] psn\n|upkeep\n|turn|12\n|\n|t:|1700672130\n|switch|p1a: Gliscor|Gliscor, M|100\/100 tox\n|-damage|p1a: Gliscor|88\/100 tox|[from] Stealth Rock\n|move|p2a: Shuckle|Shell Smash|p2a: Shuckle\n|-boost|p2a: Shuckle|def|1\n|-boost|p2a: Shuckle|spd|1\n|-unboost|p2a: Shuckle|atk|2\n|-unboost|p2a: Shuckle|spa|2\n|-unboost|p2a: Shuckle|spe|2\n|\n|-heal|p2a: Shuckle|61\/100|[from] item: Leftovers\n|-heal|p1a: Gliscor|100\/100 tox|[from] ability: Poison Heal\n|upkeep\n|turn|13\n|\n|t:|1700672143\n|move|p1a: Gliscor|Spikes|p2a: Shuckle\n|-sidestart|p2: BanTheMaster|Spikes\n|move|p2a: Shuckle|Infestation|p1a: Gliscor\n|-resisted|p1a: Gliscor\n|-damage|p1a: Gliscor|99\/100 tox\n|-activate|p1a: Gliscor|move: Infestation|[of] p2a: Shuckle\n|\n|-heal|p2a: Shuckle|67\/100|[from] item: Leftovers\n|-heal|p1a: Gliscor|100\/100 tox|[from] ability: Poison Heal\n|-damage|p1a: Gliscor|88\/100 tox|[from] move: Infestation|[partiallytrapped]\n|upkeep\n|turn|14\n|\n|t:|1700672161\n|move|p1a: Gliscor|U-turn|p2a: Shuckle\n|-damage|p2a: Shuckle|61\/100\n|\n|t:|1700672163\n|switch|p1a: Moltres|Moltres|7\/100|[from] U-turn\n|move|p2a: Shuckle|Flash|p1a: Moltres\n|-unboost|p1a: Moltres|accuracy|1\n|\n|-heal|p2a: Shuckle|67\/100|[from] item: Leftovers\n|upkeep\n|turn|15\n|\n|t:|1700672171\n|move|p1a: Moltres|Roost|p1a: Moltres\n|-heal|p1a: Moltres|57\/100\n|-singleturn|p1a: Moltres|move: Roost\n|move|p2a: Shuckle|Toxic|p1a: Moltres\n|-status|p1a: Moltres|tox\n|\n|-heal|p2a: Shuckle|73\/100|[from] item: Leftovers\n|-damage|p1a: Moltres|50\/100 tox|[from] psn\n|upkeep\n|turn|16\n|\n|t:|1700672184\n|move|p1a: Moltres|Toxic|p2a: Shuckle\n|-status|p2a: Shuckle|tox\n|move|p2a: Shuckle|Infestation|p1a: Moltres\n|-resisted|p1a: Moltres\n|-damage|p1a: Moltres|50\/100 tox\n|-activate|p1a: Moltres|move: Infestation|[of] p2a: Shuckle\n|\n|-heal|p2a: Shuckle|80\/100 tox|[from] item: Leftovers\n|-damage|p1a: Moltres|38\/100 tox|[from] psn\n|-damage|p2a: Shuckle|73\/100 tox|[from] psn\n|-damage|p1a: Moltres|25\/100 tox|[from] move: Infestation|[partiallytrapped]\n|upkeep\n|turn|17\n|\n|t:|1700672190\n|move|p1a: Moltres|U-turn|p2a: Shuckle\n|-damage|p2a: Shuckle|67\/100 tox\n|\n|t:|1700672192\n|switch|p1a: Gliscor|Gliscor, M|88\/100 tox|[from] U-turn\n|-damage|p1a: Gliscor|75\/100 tox|[from] Stealth Rock\n|move|p2a: Shuckle|Flash|p1a: Gliscor\n|-unboost|p1a: Gliscor|accuracy|1\n|\n|-heal|p2a: Shuckle|73\/100 tox|[from] item: Leftovers\n|-heal|p1a: Gliscor|88\/100 tox|[from] ability: Poison Heal\n|-damage|p2a: Shuckle|61\/100 tox|[from] psn\n|upkeep\n|turn|18\n|\n|t:|1700672202\n|switch|p2a: Sandy Shocks|Sandy Shocks|67\/100\n|-damage|p2a: Sandy Shocks|55\/100|[from] Spikes\n|move|p1a: Gliscor|Spikes|p2a: Sandy Shocks\n|-sidestart|p2: BanTheMaster|Spikes\n|\n|-heal|p1a: Gliscor|100\/100 tox|[from] ability: Poison Heal\n|upkeep\n|turn|19\n|\n|t:|1700672206\n|move|p2a: Sandy Shocks|Power Gem|p1a: Gliscor\n|-damage|p1a: Gliscor|78\/100 tox\n|move|p1a: Gliscor|Earthquake|p2a: Sandy Shocks\n|-supereffective|p2a: Sandy Shocks\n|-damage|p2a: Sandy Shocks|0 fnt\n|faint|p2a: Sandy Shocks\n|-end|p2a: Sandy Shocks|Protosynthesis|[silent]\n|\n|-heal|p1a: Gliscor|91\/100 tox|[from] ability: Poison Heal\n|upkeep\n|\n|t:|1700672215\n|switch|p2a: Ogerpon|Ogerpon-Wellspring, F|100\/100\n|-damage|p2a: Ogerpon|84\/100|[from] Spikes\n|turn|20\n|\n|t:|1700672227\n|-terastallize|p1a: Gliscor|Fairy\n|move|p2a: Ogerpon|Swords Dance|p2a: Ogerpon\n|-boost|p2a: Ogerpon|atk|2\n|move|p1a: Gliscor|U-turn|p2a: Ogerpon\n|-supereffective|p2a: Ogerpon\n|-damage|p2a: Ogerpon|44\/100\n|\n|t:|1700672239\n|switch|p1a: Latias|Latias-Mega, F|82\/100 tox|[from] U-turn\n|-damage|p1a: Latias|70\/100 tox|[from] Stealth Rock\n|\n|-damage|p1a: Latias|64\/100 tox|[from] psn\n|upkeep\n|turn|21\n|\n|t:|1700672249\n|switch|p2a: Shuckle|Shuckle, M|61\/100 tox\n|-damage|p2a: Shuckle|45\/100 tox|[from] Spikes\n|move|p1a: Latias|Psyshock|p2a: Shuckle\n|-damage|p2a: Shuckle|22\/100 tox\n|\n|-heal|p2a: Shuckle|28\/100 tox|[from] item: Leftovers\n|-damage|p1a: Latias|51\/100 tox|[from] psn\n|-damage|p2a: Shuckle|22\/100 tox|[from] psn\n|upkeep\n|turn|22\n|\n|t:|1700672263\n|move|p1a: Latias|Roost|p1a: Latias\n|-heal|p1a: Latias|100\/100 tox\n|-singleturn|p1a: Latias|move: Roost\n|move|p2a: Shuckle|Infestation|p1a: Latias\n|-supereffective|p1a: Latias\n|-damage|p1a: Latias|98\/100 tox\n|-activate|p1a: Latias|move: Infestation|[of] p2a: Shuckle\n|\n|-heal|p2a: Shuckle|28\/100 tox|[from] item: Leftovers\n|-damage|p1a: Latias|80\/100 tox|[from] psn\n|-damage|p2a: Shuckle|16\/100 tox|[from] psn\n|-damage|p1a: Latias|68\/100 tox|[from] move: Infestation|[partiallytrapped]\n|upkeep\n|turn|23\n|\n|t:|1700672268\n|move|p1a: Latias|Psyshock|p2a: Shuckle\n|-damage|p2a: Shuckle|0 fnt\n|faint|p2a: Shuckle\n|\n|-damage|p1a: Latias|43\/100 tox|[from] psn\n|-end|p1a: Latias|Infestation|[partiallytrapped]|[silent]\n|upkeep\n|inactive|BanTheMaster has 120 seconds left.\n|\n|t:|1700672306\n|switch|p2a: Tapu Fini|Tapu Fini|100\/100\n|-damage|p2a: Tapu Fini|84\/100|[from] Spikes\n|-fieldstart|move: Misty Terrain|[from] ability: Misty Surge|[of] p2a: Tapu Fini\n|turn|24\n|\n|t:|1700672319\n|switch|p1a: Garganacl|Garganacl, F|100\/100\n|-damage|p1a: Garganacl|88\/100|[from] Stealth Rock\n|move|p2a: Tapu Fini|Iron Defense|p2a: Tapu Fini\n|-boost|p2a: Tapu Fini|def|2\n|\n|-heal|p2a: Tapu Fini|90\/100|[from] item: Leftovers\n|-heal|p1a: Garganacl|94\/100|[from] item: Leftovers\n|upkeep\n|turn|25\n|\n|t:|1700672329\n|-terastallize|p2a: Tapu Fini|Dragon\n|move|p2a: Tapu Fini|Calm Mind|p2a: Tapu Fini\n|-boost|p2a: Tapu Fini|spa|1\n|-boost|p2a: Tapu Fini|spd|1\n|move|p1a: Garganacl|Salt Cure|p2a: Tapu Fini\n|-damage|p2a: Tapu Fini|84\/100\n|-start|p2a: Tapu Fini|Salt Cure\n|\n|-heal|p2a: Tapu Fini|90\/100|[from] item: Leftovers\n|-heal|p1a: Garganacl|100\/100|[from] item: Leftovers\n|-damage|p2a: Tapu Fini|78\/100|[from] Salt Cure\n|upkeep\n|turn|26\n|\n|t:|1700672336\n|move|p2a: Tapu Fini|Calm Mind|p2a: Tapu Fini\n|-boost|p2a: Tapu Fini|spa|1\n|-boost|p2a: Tapu Fini|spd|1\n|move|p1a: Garganacl|Stealth Rock|p2a: Tapu Fini\n|-sidestart|p2: BanTheMaster|move: Stealth Rock\n|\n|-heal|p2a: Tapu Fini|84\/100|[from] item: Leftovers\n|-damage|p2a: Tapu Fini|71\/100|[from] Salt Cure\n|upkeep\n|turn|27\n|\n|t:|1700672355\n|switch|p1a: Okidogi|Okidogi, M|100\/100\n|-damage|p1a: Okidogi|94\/100|[from] Stealth Rock\n|move|p2a: Tapu Fini|Calm Mind|p2a: Tapu Fini\n|-boost|p2a: Tapu Fini|spa|1\n|-boost|p2a: Tapu Fini|spd|1\n|\n|-heal|p2a: Tapu Fini|77\/100|[from] item: Leftovers\n|-damage|p2a: Tapu Fini|65\/100|[from] Salt Cure\n|upkeep\n|turn|28\n|\n|t:|1700672366\n|move|p1a: Okidogi|Knock Off|p2a: Tapu Fini\n|-damage|p2a: Tapu Fini|48\/100\n|-enditem|p2a: Tapu Fini|Leftovers|[from] move: Knock Off|[of] p1a: Okidogi\n|move|p2a: Tapu Fini|Draining Kiss|p1a: Okidogi\n|-damage|p1a: Okidogi|46\/100\n|-heal|p2a: Tapu Fini|86\/100|[from] drain|[of] p1a: Okidogi\n|\n|-damage|p2a: Tapu Fini|73\/100|[from] Salt Cure\n|-fieldend|Misty Terrain\n|upkeep\n|turn|29\n|\n|t:|1700672378\n|switch|p1a: Moltres|Moltres|25\/100 tox\n|move|p2a: Tapu Fini|Draining Kiss|p1a: Moltres\n|-resisted|p1a: Moltres\n|-damage|p1a: Moltres|10\/100 tox\n|-heal|p2a: Tapu Fini|86\/100|[from] drain|[of] p1a: Moltres\n|-status|p2a: Tapu Fini|brn|[from] ability: Flame Body|[of] p1a: Moltres\n|\n|-damage|p1a: Moltres|3\/100 tox|[from] psn\n|-damage|p2a: Tapu Fini|80\/100 brn|[from] brn\n|-damage|p2a: Tapu Fini|68\/100 brn|[from] Salt Cure\n|upkeep\n|turn|30\n|\n|t:|1700672392\n|move|p1a: Moltres|Roost|p1a: Moltres\n|-heal|p1a: Moltres|53\/100 tox\n|-singleturn|p1a: Moltres|move: Roost\n|move|p2a: Tapu Fini|Iron Defense|p2a: Tapu Fini\n|-boost|p2a: Tapu Fini|def|2\n|\n|-damage|p1a: Moltres|41\/100 tox|[from] psn\n|-damage|p2a: Tapu Fini|62\/100 brn|[from] brn\n|-damage|p2a: Tapu Fini|49\/100 brn|[from] Salt Cure\n|upkeep\n|turn|31\n|\n|t:|1700672399\n|move|p1a: Moltres|Roost|p1a: Moltres\n|-heal|p1a: Moltres|91\/100 tox\n|-singleturn|p1a: Moltres|move: Roost\n|move|p2a: Tapu Fini|Draining Kiss|p1a: Moltres\n|-resisted|p1a: Moltres\n|-damage|p1a: Moltres|75\/100 tox\n|-heal|p2a: Tapu Fini|63\/100 brn|[from] drain|[of] p1a: Moltres\n|\n|-damage|p1a: Moltres|56\/100 tox|[from] psn\n|-damage|p2a: Tapu Fini|57\/100 brn|[from] brn\n|-damage|p2a: Tapu Fini|44\/100 brn|[from] Salt Cure\n|upkeep\n|turn|32\n|\n|t:|1700672420\n|move|p1a: Moltres|Flamethrower|p2a: Tapu Fini\n|-resisted|p2a: Tapu Fini\n|-damage|p2a: Tapu Fini|40\/100 brn\n|move|p2a: Tapu Fini|Calm Mind|p2a: Tapu Fini\n|-boost|p2a: Tapu Fini|spa|1\n|-boost|p2a: Tapu Fini|spd|1\n|\n|-damage|p1a: Moltres|31\/100 tox|[from] psn\n|-damage|p2a: Tapu Fini|34\/100 brn|[from] brn\n|-damage|p2a: Tapu Fini|21\/100 brn|[from] Salt Cure\n|upkeep\n|turn|33\n|\n|t:|1700672428\n|move|p1a: Moltres|U-turn|p2a: Tapu Fini\n|-damage|p2a: Tapu Fini|16\/100 brn\n|\n|t:|1700672434\n|switch|p1a: Garganacl|Garganacl, F|100\/100|[from] U-turn\n|-damage|p1a: Garganacl|88\/100|[from] Stealth Rock\n|move|p2a: Tapu Fini|Draining Kiss|p1a: Garganacl\n|-damage|p1a: Garganacl|55\/100\n|-heal|p2a: Tapu Fini|45\/100 brn|[from] drain|[of] p1a: Garganacl\n|\n|-heal|p1a: Garganacl|62\/100|[from] item: Leftovers\n|-damage|p2a: Tapu Fini|39\/100 brn|[from] brn\n|-damage|p2a: Tapu Fini|27\/100 brn|[from] Salt Cure\n|upkeep\n|turn|34\n|\n|t:|1700672444\n|move|p2a: Tapu Fini|Draining Kiss|p1a: Garganacl\n|-damage|p1a: Garganacl|27\/100\n|-heal|p2a: Tapu Fini|57\/100 brn|[from] drain|[of] p1a: Garganacl\n|move|p1a: Garganacl|Recover|p1a: Garganacl\n|-heal|p1a: Garganacl|77\/100\n|\n|-heal|p1a: Garganacl|83\/100|[from] item: Leftovers\n|-damage|p2a: Tapu Fini|51\/100 brn|[from] brn\n|-damage|p2a: Tapu Fini|38\/100 brn|[from] Salt Cure\n|upkeep\n|turn|35\n|\n|t:|1700672449\n|move|p1a: Garganacl|Protect|p1a: Garganacl\n|-singleturn|p1a: Garganacl|Protect\n|move|p2a: Tapu Fini|Stored Power|p1a: Garganacl\n|-activate|p1a: Garganacl|move: Protect\n|\n|-heal|p1a: Garganacl|90\/100|[from] item: Leftovers\n|-damage|p2a: Tapu Fini|32\/100 brn|[from] brn\n|-damage|p2a: Tapu Fini|20\/100 brn|[from] Salt Cure\n|upkeep\n|turn|36\n|\n|t:|1700672456\n|switch|p1a: Moltres|Moltres|31\/100 tox\n|move|p2a: Tapu Fini|Draining Kiss|p1a: Moltres\n|-resisted|p1a: Moltres\n|-damage|p1a: Moltres|14\/100 tox\n|-heal|p2a: Tapu Fini|34\/100 brn|[from] drain|[of] p1a: Moltres\n|\n|-damage|p1a: Moltres|7\/100 tox|[from] psn\n|-damage|p2a: Tapu Fini|28\/100 brn|[from] brn\n|-damage|p2a: Tapu Fini|16\/100 brn|[from] Salt Cure\n|upkeep\n|turn|37\n|\n|t:|1700672469\n|move|p1a: Moltres|Flamethrower|p2a: Tapu Fini\n|-resisted|p2a: Tapu Fini\n|-crit|p2a: Tapu Fini\n|-damage|p2a: Tapu Fini|0 fnt\n|faint|p2a: Tapu Fini\n|\n|-damage|p1a: Moltres|0 fnt|[from] psn\n|faint|p1a: Moltres\n|upkeep\n|\n|t:|1700672481\n|switch|p1a: Okidogi|Okidogi, M|46\/100\n|switch|p2a: Ogerpon|Ogerpon-Wellspring, F|44\/100\n|-damage|p2a: Ogerpon|27\/100|[from] Spikes\n|-damage|p2a: Ogerpon|15\/100|[from] Stealth Rock\n|-damage|p1a: Okidogi|40\/100|[from] Stealth Rock\n|turn|38\n|\n|t:|1700672487\n|move|p2a: Ogerpon|Ivy Cudgel|p1a: Okidogi|[anim] Ivy Cudgel Water\n|-damage|p1a: Okidogi|0 fnt\n|faint|p1a: Okidogi\n|\n|upkeep\n|\n|t:|1700672491\n|switch|p1a: Tapu Fini|Tapu Fini|87\/100\n|-damage|p1a: Tapu Fini|74\/100|[from] Stealth Rock\n|-fieldstart|move: Misty Terrain|[from] ability: Misty Surge|[of] p1a: Tapu Fini\n|turn|39\n|\n|t:|1700672501\n|move|p2a: Ogerpon|Horn Leech|p1a: Tapu Fini\n|-supereffective|p1a: Tapu Fini\n|-damage|p1a: Tapu Fini|21\/100\n|-heal|p2a: Ogerpon|45\/100|[from] drain|[of] p1a: Tapu Fini\n|move|p1a: Tapu Fini|Taunt|p2a: Ogerpon\n|-start|p2a: Ogerpon|move: Taunt\n|\n|-heal|p1a: Tapu Fini|28\/100|[from] item: Leftovers\n|upkeep\n|turn|40\n|\n|t:|1700672511\n|move|p2a: Ogerpon|Horn Leech|p1a: Tapu Fini\n|-supereffective|p1a: Tapu Fini\n|-damage|p1a: Tapu Fini|0 fnt\n|-heal|p2a: Ogerpon|61\/100|[from] drain|[of] p1a: Tapu Fini\n|faint|p1a: Tapu Fini\n|\n|upkeep\n|\n|t:|1700672514\n|switch|p1a: Gliscor|Gliscor, M, tera:Fairy|91\/100 tox\n|-damage|p1a: Gliscor|78\/100 tox|[from] Stealth Rock\n|turn|41\n|\n|t:|1700672524\n|move|p2a: Ogerpon|Ivy Cudgel|p1a: Gliscor|[anim] Ivy Cudgel Water\n|-damage|p1a: Gliscor|30\/100 tox\n|move|p1a: Gliscor|U-turn|p2a: Ogerpon\n|-supereffective|p2a: Ogerpon\n|-damage|p2a: Ogerpon|21\/100\n|\n|t:|1700672530\n|switch|p1a: Latias|Latias-Mega, F|43\/100 tox|[from] U-turn\n|-damage|p1a: Latias|31\/100 tox|[from] Stealth Rock\n|\n|-damage|p1a: Latias|25\/100 tox|[from] psn\n|upkeep\n|turn|42\n|\n|t:|1700672540\n|move|p2a: Ogerpon|Ivy Cudgel|p1a: Latias|[anim] Ivy Cudgel Water\n|-resisted|p1a: Latias\n|-damage|p1a: Latias|1\/100 tox\n|move|p1a: Latias|Psyshock|p2a: Ogerpon\n|-damage|p2a: Ogerpon|0 fnt\n|faint|p2a: Ogerpon\n|\n|-damage|p1a: Latias|0 fnt|[from] psn\n|faint|p1a: Latias\n|upkeep\n|\n|t:|1700672551\n|switch|p2a: Blaziken|Blaziken, M|100\/100\n|switch|p1a: Garganacl|Garganacl, F|90\/100\n|-damage|p2a: Blaziken|84\/100|[from] Spikes\n|-damage|p2a: Blaziken|72\/100|[from] Stealth Rock\n|-damage|p1a: Garganacl|77\/100|[from] Stealth Rock\n|turn|43\n|\n|t:|1700672557\n|move|p1a: Garganacl|Protect|p1a: Garganacl\n|-singleturn|p1a: Garganacl|Protect\n|move|p2a: Blaziken|Close Combat|p1a: Garganacl\n|-activate|p1a: Garganacl|move: Protect\n|\n|-heal|p1a: Garganacl|83\/100|[from] item: Leftovers\n|-fieldend|Misty Terrain\n|-ability|p2a: Blaziken|Speed Boost|boost\n|-boost|p2a: Blaziken|spe|1\n|upkeep\n|turn|44\n|\n|t:|1700672562\n|move|p2a: Blaziken|Close Combat|p1a: Garganacl\n|-supereffective|p1a: Garganacl\n|-crit|p1a: Garganacl\n|-damage|p1a: Garganacl|0 fnt\n|-unboost|p2a: Blaziken|def|1\n|-unboost|p2a: Blaziken|spd|1\n|faint|p1a: Garganacl\n|-damage|p2a: Blaziken|62\/100|[from] item: Life Orb\n|\n|-ability|p2a: Blaziken|Speed Boost|boost\n|-boost|p2a: Blaziken|spe|1\n|upkeep\n|\n|t:|1700672565\n|switch|p1a: Gliscor|Gliscor, M, tera:Fairy|30\/100 tox\n|-damage|p1a: Gliscor|18\/100 tox|[from] Stealth Rock\n|turn|45\n|\n|t:|1700672575\n|move|p2a: Blaziken|Flare Blitz|p1a: Gliscor\n|-damage|p1a: Gliscor|0 fnt\n|faint|p1a: Gliscor\n|-damage|p2a: Blaziken|55\/100|[from] Recoil\n|-damage|p2a: Blaziken|45\/100|[from] item: Life Orb\n|\n|win|BanTheMaster\n|raw|Afraidlice's rating: 1323 &rarr; <strong>1309<\/strong><br \/>(-14 for losing)\n|raw|BanTheMaster's rating: 1437 &rarr; <strong>1451<\/strong><br \/>(+14 for winning)\n|l|\u2606Afraidlice\n","uploadtime":1700672585,"views":0,"p1id":"afraidlice","p2id":"banthemaster","formatid":"gen9nationaldex","rating":1309,"private":0,"password":""}