{"id":"gen9nationaldex-1999075670","p1":"MunchingPatato","p2":"tobiasnl","format":"[Gen 9] National Dex","log":"|html|<div class=\"broadcast-blue\"><strong>[Gen 9] National Dex is currently suspecting Sneasler! For information on how to participate check out the <a href=\"https:\/\/www.smogon.com\/forums\/threads\/sv-national-dex-suspect-8-just-dance.3731534\/\">suspect thread<\/a>.<\/strong><\/div>\n|j|\u2606MunchingPatato\n|j|\u2606tobiasnl\n|t:|1701030547\n|gametype|singles\n|player|p1|MunchingPatato|preschooler|\n|player|p2|tobiasnl|2|\n|teamsize|p1|6\n|teamsize|p2|6\n|gen|9\n|tier|[Gen 9] National Dex\n|rule|HP Percentage Mod: HP is shown in percentages\n|rule|Endless Battle Clause: Forcing endless battles is banned\n|rule|OHKO Clause: OHKO moves are banned\n|rule|Evasion Clause: Evasion abilities, items, and moves are banned\n|rule|Evasion Abilities Clause: Evasion abilities are banned\n|rule|Evasion Items Clause: Evasion items are banned\n|rule|Evasion Moves Clause: Evasion moves are banned\n|rule|Species Clause: Limit one of each Pok\u00e9mon\n|rule|Sleep Clause Mod: Limit one foe put to sleep\n|clearpoke\n|poke|p1|Ninetales-Alola, F|\n|poke|p1|Cetitan, M|\n|poke|p1|Greninja-*, M|\n|poke|p1|Dragonite, M|\n|poke|p1|Avalugg, M|\n|poke|p1|Clodsire, M|\n|poke|p2|Hawlucha, M|\n|poke|p2|Great Tusk|\n|poke|p2|Lilligant-Hisui, F|\n|poke|p2|Sneasler, F|\n|poke|p2|Iron Valiant|\n|poke|p2|Gallade, M|\n|teampreview\n|\n|t:|1701030577\n|start\n|switch|p1a: Ninetales|Ninetales-Alola, F|100\/100\n|switch|p2a: Hawlucha|Hawlucha, M, shiny|100\/100\n|-weather|Snow|[from] ability: Snow Warning|[of] p1a: Ninetales\n|turn|1\n|\n|t:|1701030584\n|move|p1a: Ninetales|Aurora Veil|p1a: Ninetales\n|-sidestart|p1: MunchingPatato|move: Aurora Veil\n|move|p2a: Hawlucha|Bulk Up|p2a: Hawlucha\n|-boost|p2a: Hawlucha|atk|1\n|-boost|p2a: Hawlucha|def|1\n|\n|-weather|Snow|[upkeep]\n|upkeep\n|turn|2\n|\n|t:|1701030599\n|move|p2a: Hawlucha|Endure|p2a: Hawlucha\n|-singleturn|p2a: Hawlucha|move: Endure\n|move|p1a: Ninetales|Encore|p2a: Hawlucha\n|-start|p2a: Hawlucha|Encore\n|\n|-weather|Snow|[upkeep]\n|upkeep\n|turn|3\n|c|\u2606tobiasnl|thats not good\n|c|\u2606MunchingPatato|LMAO\n|\n|t:|1701030610\n|switch|p1a: Clodsire|Clodsire, M|100\/100\n|switch|p2a: Sneasler|Sneasler, F, shiny|100\/100\n|\n|-weather|Snow|[upkeep]\n|upkeep\n|turn|4\n|c|\u2606tobiasnl|also not good\n|\n|t:|1701030624\n|move|p2a: Sneasler|U-turn|p1a: Clodsire\n|-resisted|p1a: Clodsire\n|-damage|p1a: Clodsire|94\/100\n|\n|t:|1701030629\n|switch|p2a: Gallade|Gallade, M, shiny|100\/100|[from] U-turn\n|move|p1a: Clodsire|Spikes|p2a: Gallade\n|-sidestart|p2: tobiasnl|Spikes\n|\n|-weather|Snow|[upkeep]\n|-heal|p1a: Clodsire|99\/100|[from] item: Leftovers\n|upkeep\n|turn|5\n|\n|t:|1701030635\n|switch|p1a: Avalugg|Avalugg, M|100\/100\n|move|p2a: Gallade|Triple Axel|p1a: Avalugg\n|-resisted|p1a: Avalugg\n|-damage|p1a: Avalugg|99\/100\n|-resisted|p1a: Avalugg\n|-damage|p1a: Avalugg|99\/100\n|-resisted|p1a: Avalugg\n|-damage|p1a: Avalugg|98\/100\n|-hitcount|p1a: Avalugg|3\n|\n|-weather|none\n|upkeep\n|turn|6\n|\n|t:|1701030654\n|switch|p2a: Hawlucha|Hawlucha, M, shiny|100\/100\n|move|p1a: Avalugg|Body Press|p2a: Hawlucha\n|-resisted|p2a: Hawlucha\n|-damage|p2a: Hawlucha|72\/100\n|\n|upkeep\n|turn|7\n|\n|t:|1701030660\n|switch|p1a: Ninetales|Ninetales-Alola, F|100\/100\n|-weather|Snow|[from] ability: Snow Warning|[of] p1a: Ninetales\n|move|p2a: Hawlucha|Bulk Up|p2a: Hawlucha\n|-boost|p2a: Hawlucha|atk|1\n|-boost|p2a: Hawlucha|def|1\n|\n|-weather|Snow|[upkeep]\n|upkeep\n|turn|8\n|\n|t:|1701030698\n|switch|p2a: Sneasler|Sneasler, F, shiny|100\/100\n|-damage|p2a: Sneasler|88\/100|[from] Spikes\n|move|p1a: Ninetales|Encore||[still]\n|-fail|p1a: Ninetales\n|\n|-weather|Snow|[upkeep]\n|-sideend|p1: MunchingPatato|move: Aurora Veil\n|upkeep\n|turn|9\n|\n|t:|1701030710\n|move|p2a: Sneasler|Dire Claw|p1a: Ninetales\n|-supereffective|p1a: Ninetales\n|-damage|p1a: Ninetales|32\/100\n|move|p1a: Ninetales|Aurora Veil|p1a: Ninetales\n|-sidestart|p1: MunchingPatato|move: Aurora Veil\n|\n|-weather|Snow|[upkeep]\n|upkeep\n|turn|10\n|\n|t:|1701030723\n|switch|p1a: Clodsire|Clodsire, M|99\/100\n|move|p2a: Sneasler|Dire Claw|p1a: Clodsire\n|-resisted|p1a: Clodsire\n|-damage|p1a: Clodsire|95\/100\n|\n|-weather|Snow|[upkeep]\n|-heal|p1a: Clodsire|100\/100|[from] item: Leftovers\n|upkeep\n|turn|11\n|\n|t:|1701030732\n|switch|p2a: Lilligant|Lilligant-Hisui, F, shiny|100\/100\n|-damage|p2a: Lilligant|88\/100|[from] Spikes\n|move|p1a: Clodsire|Toxic|p2a: Lilligant\n|-status|p2a: Lilligant|tox\n|\n|-weather|none\n|-heal|p2a: Lilligant|94\/100 tox|[from] item: Leftovers\n|-damage|p2a: Lilligant|88\/100 tox|[from] psn\n|upkeep\n|turn|12\n|\n|t:|1701030743\n|move|p2a: Lilligant|Victory Dance|p2a: Lilligant\n|-boost|p2a: Lilligant|atk|1\n|-boost|p2a: Lilligant|def|1\n|-boost|p2a: Lilligant|spe|1\n|move|p1a: Clodsire|Spikes|p2a: Lilligant\n|-sidestart|p2: tobiasnl|Spikes\n|\n|-heal|p2a: Lilligant|94\/100 tox|[from] item: Leftovers\n|-damage|p2a: Lilligant|82\/100 tox|[from] psn\n|upkeep\n|turn|13\n|\n|t:|1701030752\n|switch|p1a: Avalugg|Avalugg, M|98\/100\n|move|p2a: Lilligant|Victory Dance|p2a: Lilligant\n|-boost|p2a: Lilligant|atk|1\n|-boost|p2a: Lilligant|def|1\n|-boost|p2a: Lilligant|spe|1\n|\n|-heal|p2a: Lilligant|88\/100 tox|[from] item: Leftovers\n|-damage|p2a: Lilligant|70\/100 tox|[from] psn\n|upkeep\n|turn|14\n|\n|t:|1701030765\n|move|p2a: Lilligant|Close Combat|p1a: Avalugg\n|-supereffective|p1a: Avalugg\n|-damage|p1a: Avalugg|47\/100\n|-unboost|p2a: Lilligant|def|1\n|-unboost|p2a: Lilligant|spd|1\n|move|p1a: Avalugg|Avalanche|p2a: Lilligant\n|-supereffective|p2a: Lilligant\n|-damage|p2a: Lilligant|0 fnt\n|faint|p2a: Lilligant\n|\n|upkeep\n|\n|t:|1701030775\n|switch|p2a: Sneasler|Sneasler, F, shiny|88\/100\n|-damage|p2a: Sneasler|72\/100|[from] Spikes\n|turn|15\n|\n|t:|1701030779\n|move|p2a: Sneasler|Close Combat|p1a: Avalugg\n|-supereffective|p1a: Avalugg\n|-damage|p1a: Avalugg|24\/100\n|-unboost|p2a: Sneasler|def|1\n|-unboost|p2a: Sneasler|spd|1\n|move|p1a: Avalugg|Recover|p1a: Avalugg\n|-heal|p1a: Avalugg|74\/100\n|\n|upkeep\n|turn|16\n|c|\u2606tobiasnl|damn thats one tanky guy\n|\n|t:|1701030794\n|move|p2a: Sneasler|Close Combat|p1a: Avalugg\n|-supereffective|p1a: Avalugg\n|-damage|p1a: Avalugg|50\/100\n|-unboost|p2a: Sneasler|def|1\n|-unboost|p2a: Sneasler|spd|1\n|move|p1a: Avalugg|Avalanche|p2a: Sneasler\n|-damage|p2a: Sneasler|0 fnt\n|faint|p2a: Sneasler\n|\n|-sideend|p1: MunchingPatato|move: Aurora Veil\n|upkeep\n|c|\u2606MunchingPatato|choncy ice :D\n|c|\u2606tobiasnl|welp i hoped i would poision it with my ability but no luck\n|\n|t:|1701030814\n|switch|p2a: Hawlucha|Hawlucha, M, shiny|72\/100\n|turn|17\n|\n|t:|1701030820\n|move|p2a: Hawlucha|Bulk Up|p2a: Hawlucha\n|-boost|p2a: Hawlucha|atk|1\n|-boost|p2a: Hawlucha|def|1\n|move|p1a: Avalugg|Avalanche|p2a: Hawlucha\n|-supereffective|p2a: Hawlucha\n|-damage|p2a: Hawlucha|26\/100\n|\n|upkeep\n|turn|18\n|\n|t:|1701030827\n|move|p2a: Hawlucha|Endure|p2a: Hawlucha\n|-singleturn|p2a: Hawlucha|move: Endure\n|move|p1a: Avalugg|Avalanche|p2a: Hawlucha\n|-supereffective|p2a: Hawlucha\n|-activate|p2a: Hawlucha|move: Endure\n|-damage|p2a: Hawlucha|1\/100\n|-enditem|p2a: Hawlucha|Salac Berry|[eat]\n|-boost|p2a: Hawlucha|spe|1|[from] item: Salac Berry\n|\n|upkeep\n|turn|19\n|\n|t:|1701030836\n|move|p2a: Hawlucha|Reversal|p1a: Avalugg\n|-supereffective|p1a: Avalugg\n|-damage|p1a: Avalugg|0 fnt\n|faint|p1a: Avalugg\n|\n|upkeep\n|\n|t:|1701030844\n|switch|p1a: Cetitan|Cetitan, M|100\/100\n|turn|20\n|\n|t:|1701030847\n|move|p1a: Cetitan|Ice Shard|p2a: Hawlucha\n|-supereffective|p2a: Hawlucha\n|-damage|p2a: Hawlucha|0 fnt\n|faint|p2a: Hawlucha\n|\n|upkeep\n|\n|t:|1701030867\n|switch|p2a: Iron Valiant|Iron Valiant, shiny|100\/100\n|-damage|p2a: Iron Valiant|84\/100|[from] Spikes\n|turn|21\n|\n|t:|1701030904\n|switch|p1a: Ninetales|Ninetales-Alola, F|32\/100\n|-weather|Snow|[from] ability: Snow Warning|[of] p1a: Ninetales\n|move|p2a: Iron Valiant|Moonblast|p1a: Ninetales\n|-damage|p1a: Ninetales|0 fnt\n|faint|p1a: Ninetales\n|\n|-weather|Snow|[upkeep]\n|upkeep\n|\n|t:|1701030912\n|switch|p1a: Cetitan|Cetitan, M|100\/100\n|turn|22\n|\n|t:|1701030915\n|move|p1a: Cetitan|Belly Drum|p1a: Cetitan\n|-damage|p1a: Cetitan|50\/100\n|-setboost|p1a: Cetitan|atk|6|[from] move: Belly Drum\n|-enditem|p1a: Cetitan|Sitrus Berry|[eat]\n|-heal|p1a: Cetitan|75\/100|[from] item: Sitrus Berry\n|move|p2a: Iron Valiant|Moonblast|p1a: Cetitan\n|-damage|p1a: Cetitan|0 fnt\n|faint|p1a: Cetitan\n|\n|-weather|Snow|[upkeep]\n|upkeep\n|\n|t:|1701030932\n|switch|p1a: Clodsire|Clodsire, M|100\/100\n|turn|23\n|\n|t:|1701030939\n|-end|p2a: Iron Valiant|Quark Drive|[silent]\n|switch|p2a: Gallade|Gallade, M, shiny|100\/100\n|-damage|p2a: Gallade|84\/100|[from] Spikes\n|move|p1a: Clodsire|Toxic|p2a: Gallade\n|-status|p2a: Gallade|tox\n|\n|-weather|Snow|[upkeep]\n|-damage|p2a: Gallade|78\/100 tox|[from] psn\n|upkeep\n|turn|24\n|\n|t:|1701030961\n|switch|p1a: Greninja|Greninja, M|100\/100\n|move|p2a: Gallade|Psycho Cut|p1a: Greninja\n|-immune|p1a: Greninja\n|\n|-weather|Snow|[upkeep]\n|-damage|p2a: Gallade|65\/100 tox|[from] psn\n|upkeep\n|turn|25\n|\n|t:|1701030977\n|switch|p2a: Great Tusk|Great Tusk, shiny|100\/100\n|move|p1a: Greninja|Scald|p2a: Great Tusk\n|-supereffective|p2a: Great Tusk\n|-damage|p2a: Great Tusk|0 fnt\n|faint|p2a: Great Tusk\n|-end|p2a: Great Tusk|Protosynthesis|[silent]\n|-ability|p1a: Greninja|Battle Bond|boost\n|-boost|p1a: Greninja|atk|1\n|-boost|p1a: Greninja|spa|1\n|-boost|p1a: Greninja|spe|1\n|-activate|p1a: Greninja|ability: Battle Bond\n|\n|-weather|none\n|upkeep\n|\n|t:|1701030989\n|switch|p2a: Iron Valiant|Iron Valiant, shiny|84\/100\n|-damage|p2a: Iron Valiant|67\/100|[from] Spikes\n|turn|26\n|\n|t:|1701031005\n|move|p1a: Greninja|Scald|p2a: Iron Valiant\n|-damage|p2a: Iron Valiant|0 fnt\n|faint|p2a: Iron Valiant\n|-end|p2a: Iron Valiant|Quark Drive|[silent]\n|\n|upkeep\n|\n|t:|1701031010\n|switch|p2a: Gallade|Gallade, M, shiny|65\/100 tox\n|-damage|p2a: Gallade|49\/100 tox|[from] Spikes\n|turn|27\n|\n|t:|1701031021\n|move|p1a: Greninja|Scald|p2a: Gallade\n|-damage|p2a: Gallade|0 fnt\n|faint|p2a: Gallade\n|\n|win|MunchingPatato\n|c|\u2606tobiasnl|ggs\n|c|\u2606MunchingPatato|gg\n","uploadtime":1701031035,"views":16,"p1id":"munchingpatato","p2id":"tobiasnl","formatid":"gen9nationaldex","rating":0,"private":0,"password":""}