{"id":"gen9nationaldex-1989082059","p1":"pigeonmuffdiver","p2":"cazyrah-_-","format":"[Gen 9] National Dex","log":"|j|\u2606pigeonmuffdiver\n|j|\u2606cazyrah-_-\n|t:|1699810202\n|gametype|singles\n|player|p1|pigeonmuffdiver|boarder|1227\n|player|p2|cazyrah-_-|266|1295\n|teamsize|p1|6\n|teamsize|p2|6\n|gen|9\n|tier|[Gen 9] National Dex\n|rated|\n|rule|HP Percentage Mod: HP is shown in percentages\n|rule|Endless Battle Clause: Forcing endless battles is banned\n|rule|OHKO Clause: OHKO moves are banned\n|rule|Evasion Clause: Evasion abilities, items, and moves are banned\n|rule|Evasion Abilities Clause: Evasion abilities are banned\n|rule|Evasion Items Clause: Evasion items are banned\n|rule|Evasion Moves Clause: Evasion moves are banned\n|rule|Species Clause: Limit one of each Pok\u00e9mon\n|rule|Sleep Clause Mod: Limit one foe put to sleep\n|clearpoke\n|poke|p1|Venusaur, F|\n|poke|p1|Samurott-Hisui, F|\n|poke|p1|Ceruledge, M|\n|poke|p1|Corviknight, F|\n|poke|p1|Mamoswine, M|\n|poke|p1|Articuno-Galar|\n|poke|p2|Infernape, M|\n|poke|p2|Weavile, M|\n|poke|p2|Staraptor, F|\n|poke|p2|Magnezone|\n|poke|p2|Gastrodon, M|\n|poke|p2|Garchomp, M|\n|teampreview\n|inactive|Battle timer is ON: inactive players will automatically lose when time's up. (requested by cazyrah-_-)\n|\n|t:|1699810211\n|start\n|switch|p1a: George|Samurott-Hisui, F|100\/100\n|switch|p2a: Infernape|Infernape, M|100\/100\n|turn|1\n|\n|t:|1699810221\n|-terastallize|p1a: George|Ghost\n|move|p2a: Infernape|Close Combat|p1a: George\n|-immune|p1a: George\n|move|p1a: George|Razor Shell|p2a: Infernape\n|-supereffective|p2a: Infernape\n|-damage|p2a: Infernape|0 fnt\n|faint|p2a: Infernape\n|\n|upkeep\n|\n|t:|1699810224\n|switch|p2a: Weavile|Weavile, M|100\/100\n|turn|2\n|\n|t:|1699810234\n|move|p2a: Weavile|Swords Dance|p2a: Weavile\n|-boost|p2a: Weavile|atk|2\n|move|p1a: George|Ceaseless Edge|p2a: Weavile|[miss]\n|-miss|p1a: George|p2a: Weavile\n|\n|upkeep\n|turn|3\n|\n|t:|1699810241\n|move|p2a: Weavile|Knock Off|p1a: George\n|-supereffective|p1a: George\n|-enditem|p1a: George|Focus Sash\n|-damage|p1a: George|1\/100\n|-damage|p2a: Weavile|91\/100|[from] item: Life Orb\n|move|p1a: George|Ceaseless Edge|p2a: Weavile\n|-resisted|p2a: Weavile\n|-damage|p2a: Weavile|54\/100\n|-sidestart|p2: cazyrah-_-|Spikes\n|\n|upkeep\n|turn|4\n|\n|t:|1699810249\n|move|p2a: Weavile|Ice Shard|p1a: George\n|-damage|p1a: George|0 fnt\n|faint|p1a: George\n|-damage|p2a: Weavile|44\/100|[from] item: Life Orb\n|\n|upkeep\n|\n|t:|1699810260\n|switch|p1a: Lester|Ceruledge, M|100\/100\n|turn|5\n|\n|t:|1699810265\n|move|p2a: Weavile|Knock Off|p1a: Lester\n|-supereffective|p1a: Lester\n|-enditem|p1a: Lester|Focus Sash\n|-damage|p1a: Lester|1\/100\n|-ability|p1a: Lester|Weak Armor|boost\n|-unboost|p1a: Lester|def|1\n|-boost|p1a: Lester|spe|2\n|-damage|p2a: Weavile|34\/100|[from] item: Life Orb\n|move|p1a: Lester|Bitter Blade|p2a: Weavile\n|-supereffective|p2a: Weavile\n|-damage|p2a: Weavile|0 fnt\n|-heal|p1a: Lester|17\/100|[from] drain|[of] p2a: Weavile\n|faint|p2a: Weavile\n|\n|upkeep\n|\n|t:|1699810274\n|switch|p2a: Gastrodon|Gastrodon, M|100\/100\n|-damage|p2a: Gastrodon|88\/100|[from] Spikes\n|turn|6\n|\n|t:|1699810286\n|switch|p1a: Debra|Corviknight, F|100\/100\n|-ability|p1a: Debra|Pressure\n|move|p2a: Gastrodon|Scald|p1a: Debra\n|-damage|p1a: Debra|77\/100\n|\n|-heal|p2a: Gastrodon|94\/100|[from] item: Leftovers\n|upkeep\n|turn|7\n|\n|t:|1699810295\n|switch|p2a: Magnezone|Magnezone|100\/100\n|-damage|p2a: Magnezone|88\/100|[from] Spikes\n|move|p1a: Debra|U-turn|p2a: Magnezone\n|-resisted|p2a: Magnezone\n|-damage|p2a: Magnezone|82\/100\n|n|!cazyrah-_-|cazyrah\n|\n|t:|1699810307\n|switch|p1a: Lester|Ceruledge, M|17\/100|[from] U-turn\n|\n|upkeep\n|turn|8\n|\n|t:|1699810315\n|switch|p2a: Garchomp|Garchomp, M|100\/100\n|-damage|p2a: Garchomp|88\/100|[from] Spikes\n|move|p1a: Lester|Bitter Blade|p2a: Garchomp\n|-resisted|p2a: Garchomp\n|-damage|p2a: Garchomp|66\/100\n|-heal|p1a: Lester|30\/100|[from] drain|[of] p2a: Garchomp\n|-damage|p1a: Lester|18\/100|[from] ability: Rough Skin|[of] p2a: Garchomp\n|\n|upkeep\n|turn|9\n|\n|t:|1699810330\n|switch|p1a: Debra|Corviknight, F|77\/100\n|-ability|p1a: Debra|Pressure\n|move|p2a: Garchomp|Swords Dance|p2a: Garchomp\n|-boost|p2a: Garchomp|atk|2\n|\n|upkeep\n|turn|10\n|\n|t:|1699810339\n|move|p2a: Garchomp|Swords Dance|p2a: Garchomp\n|-boost|p2a: Garchomp|atk|2\n|move|p1a: Debra|Brave Bird|p2a: Garchomp\n|-damage|p2a: Garchomp|30\/100\n|-damage|p1a: Debra|65\/100|[from] ability: Rough Skin|[of] p2a: Garchomp\n|-damage|p1a: Debra|54\/100|[from] Recoil\n|\n|upkeep\n|turn|11\n|\n|t:|1699810347\n|-zpower|p2a: Garchomp\n|move|p2a: Garchomp|Continental Crush|p1a: Debra|[zeffect]\n|-damage|p1a: Debra|0 fnt\n|faint|p1a: Debra\n|\n|upkeep\n|\n|t:|1699810358\n|switch|p1a: Kathy|Mamoswine, M|100\/100\n|turn|12\n|\n|t:|1699810363\n|move|p1a: Kathy|Ice Shard|p2a: Garchomp\n|-supereffective|p2a: Garchomp\n|-damage|p2a: Garchomp|0 fnt\n|faint|p2a: Garchomp\n|\n|upkeep\n|\n|t:|1699810364\n|switch|p2a: Gastrodon|Gastrodon, M|94\/100\n|-damage|p2a: Gastrodon|82\/100|[from] Spikes\n|turn|13\n|\n|t:|1699810375\n|switch|p1a: Vivian|Venusaur, F|100\/100\n|move|p2a: Gastrodon|Toxic|p1a: Vivian\n|-immune|p1a: Vivian\n|\n|-heal|p2a: Gastrodon|88\/100|[from] item: Leftovers\n|upkeep\n|turn|14\n|\n|t:|1699810384\n|switch|p2a: Magnezone|Magnezone|82\/100\n|-damage|p2a: Magnezone|69\/100|[from] Spikes\n|detailschange|p1a: Vivian|Venusaur-Mega, F\n|-mega|p1a: Vivian|Venusaur|Venusaurite\n|move|p1a: Vivian|Giga Drain|p2a: Magnezone\n|-resisted|p2a: Magnezone\n|-damage|p2a: Magnezone|51\/100\n|\n|upkeep\n|turn|15\n|\n|t:|1699810393\n|move|p1a: Vivian|Leech Seed|p2a: Magnezone|[miss]\n|-miss|p1a: Vivian|p2a: Magnezone\n|move|p2a: Magnezone|Flash Cannon|p1a: Vivian\n|-damage|p1a: Vivian|71\/100\n|\n|upkeep\n|turn|16\n|\n|t:|1699810400\n|move|p1a: Vivian|Leech Seed|p2a: Magnezone\n|-start|p2a: Magnezone|move: Leech Seed\n|move|p2a: Magnezone|Flash Cannon|p1a: Vivian\n|-damage|p1a: Vivian|44\/100\n|\n|-damage|p2a: Magnezone|38\/100|[from] Leech Seed|[of] p1a: Vivian\n|-heal|p1a: Vivian|54\/100|[silent]\n|upkeep\n|turn|17\n|\n|t:|1699810406\n|switch|p2a: Gastrodon|Gastrodon, M|88\/100\n|-damage|p2a: Gastrodon|75\/100|[from] Spikes\n|move|p1a: Vivian|Giga Drain|p2a: Gastrodon\n|-supereffective|p2a: Gastrodon\n|-damage|p2a: Gastrodon|0 fnt\n|-heal|p1a: Vivian|99\/100|[from] drain|[of] p2a: Gastrodon\n|faint|p2a: Gastrodon\n|\n|upkeep\n|\n|t:|1699810408\n|switch|p2a: Staraptor|Staraptor, F|100\/100\n|turn|18\n|\n|t:|1699810423\n|switch|p1a: Lester|Ceruledge, M|18\/100\n|move|p2a: Staraptor|Brave Bird|p1a: Lester\n|-damage|p1a: Lester|0 fnt\n|faint|p1a: Lester\n|-damage|p2a: Staraptor|95\/100|[from] Recoil\n|\n|upkeep\n|\n|t:|1699810430\n|switch|p1a: Ardie|Articuno-Galar|100\/100\n|turn|19\n|\n|t:|1699810437\n|move|p2a: Staraptor|U-turn|p1a: Ardie\n|-damage|p1a: Ardie|75\/100\n|\n|t:|1699810438\n|switch|p2a: Magnezone|Magnezone|38\/100|[from] U-turn\n|-damage|p2a: Magnezone|26\/100|[from] Spikes\n|move|p1a: Ardie|Agility|p1a: Ardie\n|-boost|p1a: Ardie|spe|2\n|\n|upkeep\n|turn|20\n|-message|cazyrah-_- forfeited.\n|\n|win|pigeonmuffdiver\n|raw|pigeonmuffdiver's rating: 1227 &rarr; <strong>1257<\/strong><br \/>(+30 for winning)\n|raw|cazyrah-_-'s rating: 1295 &rarr; <strong>1265<\/strong><br \/>(-30 for losing)\n","uploadtime":1699810299,"views":5,"p1id":"pigeonmuffdiver","p2id":"cazyrah","formatid":"gen9nationaldex","rating":1257,"private":0,"password":""}