{"id":"gen9nationaldex-1995976112","p1":"bubulangte","p2":"elzy","format":"[Gen 9] National Dex","log":"|html|<div class=\"broadcast-blue\"><strong>[Gen 9] National Dex is currently suspecting Sneasler! For information on how to participate check out the <a href=\"https:\/\/www.smogon.com\/forums\/threads\/sv-national-dex-suspect-8-just-dance.3731534\/\">suspect thread<\/a>.<\/strong><\/div>\n|j|\u2606bubulangte\n|j|\u2606elzy\n|t:|1700624264\n|gametype|singles\n|player|p1|bubulangte|clair|1757\n|player|p2|elzy|backpacker|1874\n|teamsize|p1|6\n|teamsize|p2|6\n|gen|9\n|tier|[Gen 9] National Dex\n|rated|\n|rule|HP Percentage Mod: HP is shown in percentages\n|rule|Endless Battle Clause: Forcing endless battles is banned\n|rule|OHKO Clause: OHKO moves are banned\n|rule|Evasion Clause: Evasion abilities, items, and moves are banned\n|rule|Evasion Abilities Clause: Evasion abilities are banned\n|rule|Evasion Items Clause: Evasion items are banned\n|rule|Evasion Moves Clause: Evasion moves are banned\n|rule|Species Clause: Limit one of each Pok\u00e9mon\n|rule|Sleep Clause Mod: Limit one foe put to sleep\n|clearpoke\n|poke|p1|Weavile, M|\n|poke|p1|Ogerpon-Wellspring, F|\n|poke|p1|Great Tusk|\n|poke|p1|Weezing-Galar, M|\n|poke|p1|Heatran, F|\n|poke|p1|Scizor, M|\n|poke|p2|Alomomola, F|\n|poke|p2|Aggron, M|\n|poke|p2|Muk-Alola, M|\n|poke|p2|Slowking-Galar, M|\n|poke|p2|Goodra, F|\n|poke|p2|Weezing-Galar, M|\n|teampreview\n|inactive|Battle timer is ON: inactive players will automatically lose when time's up. (requested by elzy)\n|inactive|elzy has 120 seconds left.\n|\n|t:|1700624316\n|start\n|switch|p1a: Ogerpon|Ogerpon-Wellspring, F|100\/100\n|switch|p2a: Aggron|Aggron, M|100\/100\n|turn|1\n|\n|t:|1700624333\n|switch|p1a: Scizor|Scizor, M|100\/100\n|detailschange|p2a: Aggron|Aggron-Mega, M\n|-mega|p2a: Aggron|Aggron|Aggronite\n|move|p2a: Aggron|Body Press|p1a: Scizor\n|-damage|p1a: Scizor|48\/100\n|\n|upkeep\n|turn|2\n|\n|t:|1700624349\n|switch|p1a: Great Tusk|Great Tusk|100\/100\n|-enditem|p1a: Great Tusk|Booster Energy\n|-activate|p1a: Great Tusk|ability: Protosynthesis|[fromitem]\n|-start|p1a: Great Tusk|protosynthesisspe\n|move|p2a: Aggron|Stealth Rock|p1a: Great Tusk\n|-sidestart|p1: bubulangte|move: Stealth Rock\n|\n|upkeep\n|turn|3\n|\n|t:|1700624353\n|switch|p2a: Weezing|Weezing-Galar, M|100\/100\n|move|p1a: Great Tusk|Rapid Spin|p2a: Weezing\n|-damage|p2a: Weezing|92\/100\n|-boost|p1a: Great Tusk|spe|1\n|-sideend|p1: bubulangte|Stealth Rock|[from] move: Rapid Spin|[of] p1a: Great Tusk\n|\n|-heal|p2a: Weezing|98\/100|[from] item: Leftovers\n|upkeep\n|turn|4\n|\n|t:|1700624371\n|-end|p1a: Great Tusk|Protosynthesis|[silent]\n|switch|p1a: Heatran|Heatran, F|100\/100\n|move|p2a: Weezing|Strange Steam|p1a: Heatran|[miss]\n|-miss|p2a: Weezing|p1a: Heatran\n|\n|-heal|p2a: Weezing|100\/100|[from] item: Leftovers\n|upkeep\n|turn|5\n|\n|t:|1700624377\n|switch|p2a: Goodra|Goodra, F|100\/100\n|move|p1a: Heatran|Magma Storm|p2a: Goodra\n|-resisted|p2a: Goodra\n|-damage|p2a: Goodra|92\/100\n|-activate|p2a: Goodra|move: Magma Storm|[of] p1a: Heatran\n|\n|-damage|p2a: Goodra|80\/100|[from] move: Magma Storm|[partiallytrapped]\n|upkeep\n|turn|6\n|\n|t:|1700624384\n|move|p2a: Goodra|Hydro Pump|p1a: Heatran\n|-supereffective|p1a: Heatran\n|-damage|p1a: Heatran|59\/100\n|move|p1a: Heatran|Taunt|p2a: Goodra\n|-start|p2a: Goodra|move: Taunt\n|\n|-heal|p1a: Heatran|65\/100|[from] item: Leftovers\n|-damage|p2a: Goodra|68\/100|[from] move: Magma Storm|[partiallytrapped]\n|upkeep\n|turn|7\n|j| tamatou\n|\n|t:|1700624392\n|-terastallize|p1a: Heatran|Grass\n|move|p2a: Goodra|Hydro Pump|p1a: Heatran|[miss]\n|-miss|p2a: Goodra|p1a: Heatran\n|move|p1a: Heatran|Earth Power|p2a: Goodra\n|-damage|p2a: Goodra|56\/100\n|\n|-heal|p1a: Heatran|71\/100|[from] item: Leftovers\n|-damage|p2a: Goodra|44\/100|[from] move: Magma Storm|[partiallytrapped]\n|upkeep\n|turn|8\n|\n|t:|1700624397\n|move|p2a: Goodra|Dragon Pulse|p1a: Heatran\n|-damage|p1a: Heatran|45\/100\n|move|p1a: Heatran|Stealth Rock|p2a: Goodra\n|-sidestart|p2: elzy|move: Stealth Rock\n|\n|-heal|p1a: Heatran|52\/100|[from] item: Leftovers\n|-damage|p2a: Goodra|31\/100|[from] move: Magma Storm|[partiallytrapped]\n|upkeep\n|turn|9\n|\n|t:|1700624403\n|move|p2a: Goodra|Dragon Pulse|p1a: Heatran\n|-damage|p1a: Heatran|26\/100\n|move|p1a: Heatran|Earth Power|p2a: Goodra\n|-damage|p2a: Goodra|21\/100\n|\n|-heal|p1a: Heatran|33\/100|[from] item: Leftovers\n|-end|p2a: Goodra|Magma Storm|[partiallytrapped]\n|-end|p2a: Goodra|move: Taunt\n|upkeep\n|turn|10\n|\n|t:|1700624408\n|switch|p2a: Muk|Muk-Alola, M|100\/100\n|-damage|p2a: Muk|88\/100|[from] Stealth Rock\n|move|p1a: Heatran|Magma Storm|p2a: Muk|[miss]\n|-miss|p1a: Heatran|p2a: Muk\n|\n|-heal|p1a: Heatran|39\/100|[from] item: Leftovers\n|upkeep\n|turn|11\n|\n|t:|1700624414\n|switch|p1a: Scizor|Scizor, M|48\/100\n|move|p2a: Muk|Poison Jab|p1a: Scizor\n|-immune|p1a: Scizor\n|\n|upkeep\n|turn|12\n|\n|t:|1700624428\n|switch|p1a: Ogerpon|Ogerpon-Wellspring, F|100\/100\n|switch|p2a: Alomomola|Alomomola, F|100\/100\n|-damage|p2a: Alomomola|88\/100|[from] Stealth Rock\n|\n|-heal|p2a: Alomomola|94\/100|[from] item: Leftovers\n|upkeep\n|turn|13\n|\n|t:|1700624435\n|move|p1a: Ogerpon|Taunt|p2a: Alomomola\n|-start|p2a: Alomomola|move: Taunt\n|cant|p2a: Alomomola|move: Taunt|Toxic\n|\n|-heal|p2a: Alomomola|100\/100|[from] item: Leftovers\n|upkeep\n|turn|14\n|\n|t:|1700624438\n|switch|p2a: Aggron|Aggron-Mega, M|100\/100\n|-damage|p2a: Aggron|94\/100|[from] Stealth Rock\n|move|p1a: Ogerpon|Swords Dance|p1a: Ogerpon\n|-boost|p1a: Ogerpon|atk|2\n|\n|upkeep\n|turn|15\n|\n|t:|1700624443\n|move|p1a: Ogerpon|Ivy Cudgel|p2a: Aggron|[anim] Ivy Cudgel Water\n|-damage|p2a: Aggron|49\/100\n|move|p2a: Aggron|Metal Burst|p1a: Ogerpon\n|-damage|p1a: Ogerpon|24\/100\n|\n|upkeep\n|turn|16\n|\n|t:|1700624455\n|switch|p1a: Great Tusk|Great Tusk|100\/100\n|move|p2a: Aggron|Body Press|p1a: Great Tusk\n|-crit|p1a: Great Tusk\n|-damage|p1a: Great Tusk|53\/100\n|\n|upkeep\n|turn|17\n|\n|t:|1700624465\n|-end|p1a: Great Tusk|Protosynthesis|[silent]\n|switch|p1a: Heatran|Heatran, F, tera:Grass|39\/100\n|switch|p2a: Alomomola|Alomomola, F|100\/100\n|-damage|p2a: Alomomola|88\/100|[from] Stealth Rock\n|\n|-heal|p1a: Heatran|45\/100|[from] item: Leftovers\n|-heal|p2a: Alomomola|94\/100|[from] item: Leftovers\n|upkeep\n|turn|18\n|\n|t:|1700624470\n|move|p1a: Heatran|Magma Storm|p2a: Alomomola\n|-resisted|p2a: Alomomola\n|-damage|p2a: Alomomola|68\/100\n|-activate|p2a: Alomomola|move: Magma Storm|[of] p1a: Heatran\n|move|p2a: Alomomola|Wish|p2a: Alomomola\n|\n|-heal|p1a: Heatran|51\/100|[from] item: Leftovers\n|-heal|p2a: Alomomola|74\/100|[from] item: Leftovers\n|-damage|p2a: Alomomola|62\/100|[from] move: Magma Storm|[partiallytrapped]\n|upkeep\n|turn|19\n|\n|t:|1700624479\n|move|p1a: Heatran|Taunt|p2a: Alomomola\n|-start|p2a: Alomomola|move: Taunt\n|move|p2a: Alomomola|Flip Turn|p1a: Heatran\n|-resisted|p1a: Heatran\n|-damage|p1a: Heatran|44\/100\n|\n|t:|1700624482\n|switch|p2a: Goodra|Goodra, F|21\/100|[from] Flip Turn\n|-damage|p2a: Goodra|9\/100|[from] Stealth Rock\n|\n|-heal|p2a: Goodra|78\/100|[from] move: Wish|[wisher] Alomomola\n|-heal|p1a: Heatran|50\/100|[from] item: Leftovers\n|upkeep\n|turn|20\n|\n|t:|1700624491\n|switch|p1a: Weavile|Weavile, M|100\/100\n|move|p2a: Goodra|Dragon Pulse|p1a: Weavile\n|-crit|p1a: Weavile\n|-damage|p1a: Weavile|3\/100\n|\n|upkeep\n|turn|21\n|\n|t:|1700624496\n|-activate|p2a: Goodra|move: Pursuit\n|move|p1a: Weavile|Pursuit|p2a: Goodra|[from]Pursuit\n|-damage|p2a: Goodra|14\/100\n|switch|p2a: Alomomola|Alomomola, F|95\/100\n|-damage|p2a: Alomomola|83\/100|[from] Stealth Rock\n|\n|-heal|p2a: Alomomola|89\/100|[from] item: Leftovers\n|upkeep\n|turn|22\n|\n|t:|1700624502\n|switch|p1a: Ogerpon|Ogerpon-Wellspring, F|24\/100\n|move|p2a: Alomomola|Wish|p2a: Alomomola\n|\n|-heal|p2a: Alomomola|95\/100|[from] item: Leftovers\n|upkeep\n|turn|23\n|\n|t:|1700624507\n|switch|p2a: Aggron|Aggron-Mega, M|49\/100\n|-damage|p2a: Aggron|43\/100|[from] Stealth Rock\n|move|p1a: Ogerpon|Horn Leech|p2a: Aggron\n|-resisted|p2a: Aggron\n|-damage|p2a: Aggron|34\/100\n|-heal|p1a: Ogerpon|29\/100|[from] drain|[of] p2a: Aggron\n|\n|-heal|p2a: Aggron|100\/100|[from] move: Wish|[wisher] Alomomola\n|upkeep\n|turn|24\n|l| tamatou\n|j| LordGimmickIII\n|\n|t:|1700624522\n|switch|p1a: Great Tusk|Great Tusk|53\/100\n|move|p2a: Aggron|Body Press|p1a: Great Tusk\n|-damage|p1a: Great Tusk|25\/100\n|\n|upkeep\n|turn|25\n|\n|t:|1700624528\n|switch|p2a: Alomomola|Alomomola, F|100\/100\n|-damage|p2a: Alomomola|88\/100|[from] Stealth Rock\n|move|p1a: Great Tusk|Headlong Rush|p2a: Alomomola\n|-damage|p2a: Alomomola|59\/100\n|-unboost|p1a: Great Tusk|def|1\n|-unboost|p1a: Great Tusk|spd|1\n|\n|-heal|p2a: Alomomola|66\/100|[from] item: Leftovers\n|upkeep\n|turn|26\n|\n|t:|1700624538\n|-end|p1a: Great Tusk|Protosynthesis|[silent]\n|switch|p1a: Scizor|Scizor, M|48\/100\n|move|p2a: Alomomola|Wish|p2a: Alomomola\n|\n|-heal|p2a: Alomomola|72\/100|[from] item: Leftovers\n|upkeep\n|turn|27\n|\n|t:|1700624541\n|move|p1a: Scizor|Swords Dance|p1a: Scizor\n|-boost|p1a: Scizor|atk|2\n|move|p2a: Alomomola|Flip Turn|p1a: Scizor\n|-damage|p1a: Scizor|27\/100\n|\n|t:|1700624546\n|switch|p2a: Goodra|Goodra, F|14\/100|[from] Flip Turn\n|-damage|p2a: Goodra|2\/100|[from] Stealth Rock\n|\n|-heal|p2a: Goodra|71\/100|[from] move: Wish|[wisher] Alomomola\n|upkeep\n|turn|28\n|\n|t:|1700624553\n|switch|p2a: Aggron|Aggron-Mega, M|100\/100\n|-damage|p2a: Aggron|94\/100|[from] Stealth Rock\n|detailschange|p1a: Scizor|Scizor-Mega, M\n|-mega|p1a: Scizor|Scizor|Scizorite\n|move|p1a: Scizor|Bullet Punch|p2a: Aggron\n|-resisted|p2a: Aggron\n|-damage|p2a: Aggron|79\/100\n|\n|upkeep\n|turn|29\n|\n|t:|1700624556\n|move|p1a: Scizor|Close Combat|p2a: Aggron\n|-supereffective|p2a: Aggron\n|-damage|p2a: Aggron|22\/100\n|-unboost|p1a: Scizor|def|1\n|-unboost|p1a: Scizor|spd|1\n|move|p2a: Aggron|Body Press|p1a: Scizor\n|-damage|p1a: Scizor|0 fnt\n|faint|p1a: Scizor\n|\n|upkeep\n|\n|t:|1700624559\n|switch|p1a: Weavile|Weavile, M|3\/100\n|turn|30\n|\n|t:|1700624562\n|move|p1a: Weavile|Pursuit|p2a: Aggron\n|-damage|p2a: Aggron|11\/100\n|move|p2a: Aggron|Body Press|p1a: Weavile\n|-supereffective|p1a: Weavile\n|-damage|p1a: Weavile|0 fnt\n|faint|p1a: Weavile\n|\n|upkeep\n|\n|t:|1700624567\n|switch|p1a: Ogerpon|Ogerpon-Wellspring, F|29\/100\n|turn|31\n|\n|t:|1700624571\n|switch|p2a: Weezing|Weezing-Galar, M|100\/100\n|-damage|p2a: Weezing|88\/100|[from] Stealth Rock\n|move|p1a: Ogerpon|Ivy Cudgel|p2a: Weezing|[anim] Ivy Cudgel Water\n|-damage|p2a: Weezing|51\/100\n|\n|-heal|p2a: Weezing|57\/100|[from] item: Leftovers\n|upkeep\n|turn|32\n|\n|t:|1700624576\n|switch|p1a: Heatran|Heatran, F, tera:Grass|50\/100\n|move|p2a: Weezing|Strange Steam|p1a: Heatran\n|-damage|p1a: Heatran|34\/100\n|\n|-heal|p1a: Heatran|40\/100|[from] item: Leftovers\n|-heal|p2a: Weezing|63\/100|[from] item: Leftovers\n|upkeep\n|turn|33\n|\n|t:|1700624583\n|switch|p1a: Ogerpon|Ogerpon-Wellspring, F|29\/100\n|switch|p2a: Muk|Muk-Alola, M|88\/100\n|-damage|p2a: Muk|76\/100|[from] Stealth Rock\n|\n|upkeep\n|turn|34\n|\n|t:|1700624591\n|switch|p1a: Weezing|Weezing-Galar, M|100\/100\n|move|p2a: Muk|Poison Jab|p1a: Weezing\n|-damage|p1a: Weezing|72\/100\n|\n|-heal|p1a: Weezing|78\/100|[from] item: Leftovers\n|upkeep\n|turn|35\n|\n|t:|1700624599\n|switch|p2a: Slowking|Slowking-Galar, M|100\/100\n|-damage|p2a: Slowking|88\/100|[from] Stealth Rock\n|move|p1a: Weezing|Strange Steam|p2a: Slowking|[miss]\n|-miss|p1a: Weezing|p2a: Slowking\n|\n|-heal|p1a: Weezing|84\/100|[from] item: Leftovers\n|upkeep\n|turn|36\n|\n|t:|1700624607\n|switch|p1a: Heatran|Heatran, F, tera:Grass|40\/100\n|move|p2a: Slowking|Future Sight|p1a: Heatran\n|-start|p2a: Slowking|move: Future Sight\n|\n|-heal|p1a: Heatran|47\/100|[from] item: Leftovers\n|upkeep\n|turn|37\n|\n|t:|1700624610\n|move|p1a: Heatran|Magma Storm|p2a: Slowking\n|-damage|p2a: Slowking|66\/100\n|-activate|p2a: Slowking|move: Magma Storm|[of] p1a: Heatran\n|move|p2a: Slowking|Sludge Bomb|p1a: Heatran\n|-supereffective|p1a: Heatran\n|-damage|p1a: Heatran|0 fnt\n|faint|p1a: Heatran\n|\n|-end|p2a: Slowking|Magma Storm|[partiallytrapped]|[silent]\n|upkeep\n|\n|t:|1700624615\n|switch|p1a: Great Tusk|Great Tusk|25\/100\n|turn|38\n|\n|t:|1700624626\n|switch|p2a: Aggron|Aggron-Mega, M|11\/100\n|-damage|p2a: Aggron|5\/100|[from] Stealth Rock\n|move|p1a: Great Tusk|Head Smash|p2a: Aggron|[miss]\n|-miss|p1a: Great Tusk|p2a: Aggron\n|\n|-end|p1a: Great Tusk|move: Future Sight\n|-supereffective|p1a: Great Tusk\n|-damage|p1a: Great Tusk|0 fnt\n|faint|p1a: Great Tusk\n|-end|p1a: Great Tusk|Protosynthesis|[silent]\n|upkeep\n|\n|t:|1700624635\n|switch|p1a: Ogerpon|Ogerpon-Wellspring, F|29\/100\n|turn|39\n|\n|t:|1700624637\n|move|p1a: Ogerpon|Ivy Cudgel|p2a: Aggron|[anim] Ivy Cudgel Water\n|-damage|p2a: Aggron|0 fnt\n|faint|p2a: Aggron\n|\n|upkeep\n|j| tamatou\n|\n|t:|1700624645\n|switch|p2a: Slowking|Slowking-Galar, M|99\/100\n|-damage|p2a: Slowking|87\/100|[from] Stealth Rock\n|turn|40\n|\n|t:|1700624653\n|-terastallize|p2a: Slowking|Water\n|move|p1a: Ogerpon|Ivy Cudgel|p2a: Slowking|[anim] Ivy Cudgel Water\n|-resisted|p2a: Slowking\n|-damage|p2a: Slowking|55\/100\n|move|p2a: Slowking|Sludge Bomb|p1a: Ogerpon\n|-supereffective|p1a: Ogerpon\n|-crit|p1a: Ogerpon\n|-damage|p1a: Ogerpon|0 fnt\n|faint|p1a: Ogerpon\n|\n|upkeep\n|c|\u2606elzy|Gg\n|l| tamatou\n|j| tamatou\n|l| tamatou\n|inactive|bubulangte has 120 seconds left.\n|inactive|bubulangte has 90 seconds left.\n|inactive|bubulangte has 60 seconds left.\n|inactive|bubulangte has 30 seconds left.\n|inactive|bubulangte has 20 seconds left.\n|inactive|bubulangte has 15 seconds left.\n|inactive|bubulangte has 10 seconds left.\n|inactive|bubulangte has 5 seconds left.\n|-message|bubulangte lost due to inactivity.\n|\n|win|elzy\n|raw|bubulangte's rating: 1757 &rarr; <strong>1743<\/strong><br \/>(-14 for losing)\n|raw|elzy's rating: 1874 &rarr; <strong>1888<\/strong><br \/>(+14 for winning)\n","uploadtime":1700624841,"views":0,"p1id":"bubulangte","p2id":"elzy","formatid":"gen9nationaldex","rating":1743,"private":0,"password":""}