{"id":"gen9nationaldex-1989828088","p1":"SansBadTime16","p2":"konl","format":"[Gen 9] National Dex","log":"|j|\u2606SansBadTime16\n|j|\u2606konl\n|t:|1699899124\n|gametype|singles\n|player|p1|SansBadTime16|brycen|1320\n|player|p2|konl|bugcatcher-gen4dp|1277\n|teamsize|p1|6\n|teamsize|p2|6\n|gen|9\n|tier|[Gen 9] National Dex\n|rated|\n|rule|HP Percentage Mod: HP is shown in percentages\n|rule|Endless Battle Clause: Forcing endless battles is banned\n|rule|OHKO Clause: OHKO moves are banned\n|rule|Evasion Clause: Evasion abilities, items, and moves are banned\n|rule|Evasion Abilities Clause: Evasion abilities are banned\n|rule|Evasion Items Clause: Evasion items are banned\n|rule|Evasion Moves Clause: Evasion moves are banned\n|rule|Species Clause: Limit one of each Pok\u00e9mon\n|rule|Sleep Clause Mod: Limit one foe put to sleep\n|clearpoke\n|poke|p1|Serperior, M|\n|poke|p1|Greninja-*, M|\n|poke|p1|Scizor, F|\n|poke|p1|Skeledirge, M|\n|poke|p1|Cryogonal|\n|poke|p1|Diancie|\n|poke|p2|Heatran, F|\n|poke|p2|Garganacl, F|\n|poke|p2|Mimikyu, F|\n|poke|p2|Garchomp, F|\n|poke|p2|Lapras, F|\n|poke|p2|Ribombee, F|\n|teampreview\n|\n|t:|1699899146\n|start\n|switch|p1a: Diancie|Diancie|100\/100\n|switch|p2a: Heatran|Heatran, F|100\/100\n|turn|1\n|\n|t:|1699899153\n|-terastallize|p2a: Heatran|Fire\n|move|p1a: Diancie|Earth Power|p2a: Heatran\n|-supereffective|p2a: Heatran\n|-damage|p2a: Heatran|59\/100\n|move|p2a: Heatran|Steel Beam|p1a: Diancie\n|-supereffective|p1a: Diancie\n|-damage|p1a: Diancie|0 fnt\n|-damage|p2a: Heatran|9\/100|[from] steelbeam\n|faint|p1a: Diancie\n|\n|-heal|p2a: Heatran|15\/100|[from] item: Leftovers\n|upkeep\n|\n|t:|1699899163\n|switch|p1a: Greninja|Greninja, M|100\/100\n|turn|2\n|\n|t:|1699899169\n|switch|p2a: Lapras|Lapras, F|100\/100\n|move|p1a: Greninja|Dark Pulse|p2a: Lapras\n|-damage|p2a: Lapras|64\/100\n|-damage|p1a: Greninja|91\/100|[from] item: Life Orb\n|\n|-heal|p2a: Lapras|70\/100|[from] item: Leftovers\n|upkeep\n|turn|3\n|\n|t:|1699899174\n|move|p1a: Greninja|Grass Knot|p2a: Lapras\n|-supereffective|p2a: Lapras\n|-damage|p2a: Lapras|0 fnt\n|faint|p2a: Lapras\n|-ability|p1a: Greninja|Battle Bond|boost\n|-boost|p1a: Greninja|atk|1\n|-boost|p1a: Greninja|spa|1\n|-boost|p1a: Greninja|spe|1\n|-activate|p1a: Greninja|ability: Battle Bond\n|-damage|p1a: Greninja|81\/100|[from] item: Life Orb\n|\n|upkeep\n|\n|t:|1699899183\n|switch|p2a: Mimikyu|Mimikyu, F|100\/100\n|turn|4\n|\n|t:|1699899192\n|-terastallize|p1a: Greninja|Grass\n|move|p1a: Greninja|Surf|p2a: Mimikyu\n|-activate|p2a: Mimikyu|ability: Disguise\n|-damage|p2a: Mimikyu|100\/100\n|detailschange|p2a: Mimikyu|Mimikyu-Busted, F\n|-damage|p2a: Mimikyu|88\/100|[from] pokemon: Mimikyu-Busted\n|-damage|p1a: Greninja|71\/100|[from] item: Life Orb\n|move|p2a: Mimikyu|Curse|p1a: Greninja\n|-start|p1a: Greninja|Curse|[of] p2a: Mimikyu\n|-damage|p2a: Mimikyu|38\/100\n|\n|-heal|p2a: Mimikyu|44\/100|[from] item: Leftovers\n|-damage|p1a: Greninja|46\/100|[from] Curse\n|upkeep\n|turn|5\n|\n|t:|1699899208\n|move|p2a: Mimikyu|Shadow Sneak|p1a: Greninja\n|-damage|p1a: Greninja|19\/100\n|move|p1a: Greninja|Surf|p2a: Mimikyu\n|-damage|p2a: Mimikyu|0 fnt\n|faint|p2a: Mimikyu\n|-damage|p1a: Greninja|10\/100|[from] item: Life Orb\n|\n|-damage|p1a: Greninja|0 fnt|[from] Curse\n|faint|p1a: Greninja\n|upkeep\n|\n|t:|1699899216\n|switch|p1a: Scizor|Scizor, F|100\/100\n|switch|p2a: Ribombee|Ribombee, F|100\/100\n|turn|6\n|\n|t:|1699899220\n|move|p1a: Scizor|Bullet Punch|p2a: Ribombee\n|-supereffective|p2a: Ribombee\n|-damage|p2a: Ribombee|0 fnt\n|faint|p2a: Ribombee\n|\n|upkeep\n|\n|t:|1699899228\n|switch|p2a: Garganacl|Garganacl, F|100\/100\n|turn|7\n|\n|t:|1699899232\n|move|p1a: Scizor|Swords Dance|p1a: Scizor\n|-boost|p1a: Scizor|atk|2\n|move|p2a: Garganacl|Fling|p1a: Scizor\n|-damage|p1a: Scizor|92\/100\n|-status|p1a: Scizor|brn\n|-enditem|p2a: Garganacl|Flame Orb|[from] move: Fling\n|\n|-damage|p1a: Scizor|86\/100 brn|[from] brn\n|upkeep\n|turn|8\n|\n|t:|1699899235\n|switch|p2a: Garchomp|Garchomp, F|100\/100\n|move|p1a: Scizor|Close Combat|p2a: Garchomp\n|-damage|p2a: Garchomp|56\/100\n|-unboost|p1a: Scizor|def|1\n|-unboost|p1a: Scizor|spd|1\n|-damage|p1a: Scizor|73\/100 brn|[from] ability: Rough Skin|[of] p2a: Garchomp\n|\n|-heal|p2a: Garchomp|62\/100|[from] item: Leftovers\n|-damage|p1a: Scizor|67\/100 brn|[from] brn\n|upkeep\n|turn|9\n|\n|t:|1699899242\n|move|p1a: Scizor|Bullet Punch|p2a: Garchomp\n|-damage|p2a: Garchomp|29\/100\n|-damage|p1a: Scizor|55\/100 brn|[from] ability: Rough Skin|[of] p2a: Garchomp\n|move|p2a: Garchomp|Swords Dance|p2a: Garchomp\n|-boost|p2a: Garchomp|atk|2\n|\n|-heal|p2a: Garchomp|35\/100|[from] item: Leftovers\n|-damage|p1a: Scizor|49\/100 brn|[from] brn\n|upkeep\n|turn|10\n|\n|t:|1699899250\n|switch|p2a: Heatran|Heatran, F, tera:Fire|15\/100\n|-zpower|p1a: Scizor\n|move|p1a: Scizor|Savage Spin-Out|p2a: Heatran|[zeffect]\n|-resisted|p2a: Heatran\n|-damage|p2a: Heatran|0 fnt\n|faint|p2a: Heatran\n|\n|-damage|p1a: Scizor|43\/100 brn|[from] brn\n|upkeep\n|inactive|Battle timer is ON: inactive players will automatically lose when time's up. (requested by SansBadTime16)\n|\n|t:|1699899257\n|switch|p2a: Garganacl|Garganacl, F|100\/100\n|turn|11\n|\n|t:|1699899259\n|move|p1a: Scizor|Bullet Punch|p2a: Garganacl\n|-supereffective|p2a: Garganacl\n|-damage|p2a: Garganacl|60\/100\n|move|p2a: Garganacl|Salt Cure|p1a: Scizor\n|-damage|p1a: Scizor|18\/100 brn\n|-start|p1a: Scizor|Salt Cure\n|\n|-damage|p1a: Scizor|12\/100 brn|[from] brn\n|-damage|p1a: Scizor|0 fnt|[from] Salt Cure\n|faint|p1a: Scizor\n|upkeep\n|\n|t:|1699899265\n|switch|p1a: Serperior|Serperior, M|100\/100\n|turn|12\n|\n|t:|1699899270\n|move|p1a: Serperior|Substitute|p1a: Serperior\n|-start|p1a: Serperior|Substitute\n|-damage|p1a: Serperior|76\/100\n|move|p2a: Garganacl|Salt Cure|p1a: Serperior\n|-activate|p1a: Serperior|move: Substitute|[damage]\n|\n|-heal|p1a: Serperior|82\/100|[from] item: Leftovers\n|upkeep\n|turn|13\n|\n|t:|1699899274\n|move|p1a: Serperior|Leaf Storm|p2a: Garganacl\n|-supereffective|p2a: Garganacl\n|-damage|p2a: Garganacl|0 fnt\n|-boost|p1a: Serperior|spa|2\n|faint|p2a: Garganacl\n|\n|-heal|p1a: Serperior|88\/100|[from] item: Leftovers\n|upkeep\n|\n|t:|1699899277\n|switch|p2a: Garchomp|Garchomp, F|35\/100\n|turn|14\n|-message|konl forfeited.\n|\n|win|SansBadTime16\n|raw|SansBadTime16's rating: 1320 &rarr; <strong>1338<\/strong><br \/>(+18 for winning)\n|raw|konl's rating: 1277 &rarr; <strong>1255<\/strong><br \/>(-22 for losing)\n|l|\u2606konl\n","uploadtime":1699899293,"views":5,"p1id":"sansbadtime16","p2id":"konl","formatid":"gen9nationaldex","rating":1255,"private":0,"password":""}