{"id":"gen9nationaldex-1991921933","p1":"Anhkiet","p2":"Yuanshen61\u6211\u8981\u73a9\u539f\u795e","format":"[Gen 9] National Dex","log":"|j|\u2606Anhkiet\n|j|\u2606Yuanshen61\u6211\u8981\u73a9\u539f\u795e\n|t:|1700138490\n|gametype|singles\n|player|p1|Anhkiet|169|1588\n|player|p2|Yuanshen61\u6211\u8981\u73a9\u539f\u795e|dawn-contest|1514\n|teamsize|p1|6\n|teamsize|p2|6\n|gen|9\n|tier|[Gen 9] National Dex\n|rated|\n|rule|HP Percentage Mod: HP is shown in percentages\n|rule|Endless Battle Clause: Forcing endless battles is banned\n|rule|OHKO Clause: OHKO moves are banned\n|rule|Evasion Clause: Evasion abilities, items, and moves are banned\n|rule|Evasion Abilities Clause: Evasion abilities are banned\n|rule|Evasion Items Clause: Evasion items are banned\n|rule|Evasion Moves Clause: Evasion moves are banned\n|rule|Species Clause: Limit one of each Pok\u00e9mon\n|rule|Sleep Clause Mod: Limit one foe put to sleep\n|clearpoke\n|poke|p1|Sharpedo, M|\n|poke|p1|Pelipper, M|\n|poke|p1|Serperior, F|\n|poke|p1|Gorebyss, F|\n|poke|p1|Barraskewda, M|\n|poke|p1|Ogerpon-Wellspring, F|\n|poke|p2|Dragonite, M|\n|poke|p2|Rillaboom, M|\n|poke|p2|Sneasler, F|\n|poke|p2|Scizor, F|\n|poke|p2|Moltres|\n|poke|p2|Iron Valiant|\n|teampreview\n|inactive|Battle timer is ON: inactive players will automatically lose when time's up. (requested by Yuanshen61\u6211\u8981\u73a9\u539f\u795e)\n|j| Siyah31\n|l| Siyah31\n|j| oldhotpot\n|\n|t:|1700138519\n|start\n|switch|p1a: Pelipper|Pelipper, M|100\/100\n|switch|p2a: \u7279\u74e6\u6797|Dragonite, M|100\/100\n|-weather|RainDance|[from] ability: Drizzle|[of] p1a: Pelipper\n|turn|1\n|inactive|Anhkiet has 120 seconds left.\n|\n|t:|1700138559\n|move|p2a: \u7279\u74e6\u6797|Dragon Dance|p2a: \u7279\u74e6\u6797\n|-boost|p2a: \u7279\u74e6\u6797|atk|1\n|-boost|p2a: \u7279\u74e6\u6797|spe|1\n|move|p1a: Pelipper|Scald|p2a: \u7279\u74e6\u6797\n|-resisted|p2a: \u7279\u74e6\u6797\n|-damage|p2a: \u7279\u74e6\u6797|87\/100\n|-status|p2a: \u7279\u74e6\u6797|brn\n|\n|-weather|RainDance|[upkeep]\n|-damage|p2a: \u7279\u74e6\u6797|81\/100 brn|[from] brn\n|upkeep\n|turn|2\n|\n|t:|1700138567\n|-zpower|p2a: \u7279\u74e6\u6797\n|move|p2a: \u7279\u74e6\u6797|Devastating Drake|p1a: Pelipper|[zeffect]\n|-damage|p1a: Pelipper|34\/100\n|move|p1a: Pelipper|U-turn|p2a: \u7279\u74e6\u6797\n|-resisted|p2a: \u7279\u74e6\u6797\n|-damage|p2a: \u7279\u74e6\u6797|75\/100 brn\n|inactive|Anhkiet has 120 seconds left.\n|\n|t:|1700138597\n|switch|p1a: Ogerpon|Ogerpon-Wellspring, F|100\/100|[from] U-turn\n|\n|-weather|RainDance|[upkeep]\n|-damage|p2a: \u7279\u74e6\u6797|69\/100 brn|[from] brn\n|upkeep\n|turn|3\n|\n|t:|1700138599\n|move|p2a: \u7279\u74e6\u6797|Dual Wingbeat|p1a: Ogerpon|[miss]\n|-miss|p2a: \u7279\u74e6\u6797|p1a: Ogerpon\n|move|p1a: Ogerpon|Ivy Cudgel|p2a: \u7279\u74e6\u6797|[anim] Ivy Cudgel Water\n|-resisted|p2a: \u7279\u74e6\u6797\n|-crit|p2a: \u7279\u74e6\u6797\n|-damage|p2a: \u7279\u74e6\u6797|0 fnt\n|faint|p2a: \u7279\u74e6\u6797\n|\n|-weather|RainDance|[upkeep]\n|upkeep\n|\n|t:|1700138609\n|switch|p2a: \u5854\u4f0a\u5179\u80b2\u7f57\u65af|Scizor, F|100\/100\n|turn|4\n|inactive|Anhkiet has 120 seconds left.\n|\n|t:|1700138636\n|detailschange|p2a: \u5854\u4f0a\u5179\u80b2\u7f57\u65af|Scizor-Mega, F\n|-mega|p2a: \u5854\u4f0a\u5179\u80b2\u7f57\u65af|Scizor|Scizorite\n|move|p1a: Ogerpon|Ivy Cudgel|p2a: \u5854\u4f0a\u5179\u80b2\u7f57\u65af|[anim] Ivy Cudgel Water\n|-damage|p2a: \u5854\u4f0a\u5179\u80b2\u7f57\u65af|51\/100\n|move|p2a: \u5854\u4f0a\u5179\u80b2\u7f57\u65af|U-turn|p1a: Ogerpon\n|-supereffective|p1a: Ogerpon\n|-damage|p1a: Ogerpon|7\/100\n|\n|t:|1700138642\n|switch|p2a: \u4e30\u9976\u7075\u517d\u00b7\u957f\u53f3|Rillaboom, M|100\/100|[from] U-turn\n|-fieldstart|move: Grassy Terrain|[from] ability: Grassy Surge|[of] p2a: \u4e30\u9976\u7075\u517d\u00b7\u957f\u53f3\n|\n|-weather|RainDance|[upkeep]\n|-heal|p1a: Ogerpon|13\/100|[from] Grassy Terrain\n|upkeep\n|turn|5\n|\n|t:|1700138647\n|switch|p1a: Serperior|Serperior, F|100\/100\n|move|p2a: \u4e30\u9976\u7075\u517d\u00b7\u957f\u53f3|Grassy Glide|p1a: Serperior\n|-resisted|p1a: Serperior\n|-damage|p1a: Serperior|72\/100\n|\n|-weather|RainDance|[upkeep]\n|-heal|p1a: Serperior|78\/100|[from] Grassy Terrain\n|-heal|p1a: Serperior|84\/100|[from] item: Leftovers\n|upkeep\n|turn|6\n|\n|t:|1700138654\n|switch|p2a: \u706b\u6f02\u6d6e\u7075|Moltres|100\/100\n|move|p1a: Serperior|Leaf Storm|p2a: \u706b\u6f02\u6d6e\u7075\n|-resisted|p2a: \u706b\u6f02\u6d6e\u7075\n|-damage|p2a: \u706b\u6f02\u6d6e\u7075|90\/100\n|-boost|p1a: Serperior|spa|2\n|\n|-weather|RainDance|[upkeep]\n|-heal|p1a: Serperior|90\/100|[from] Grassy Terrain\n|-heal|p1a: Serperior|96\/100|[from] item: Leftovers\n|upkeep\n|turn|7\n|\n|t:|1700138662\n|move|p1a: Serperior|Hidden Power|p2a: \u706b\u6f02\u6d6e\u7075\n|-supereffective|p2a: \u706b\u6f02\u6d6e\u7075\n|-damage|p2a: \u706b\u6f02\u6d6e\u7075|28\/100\n|move|p2a: \u706b\u6f02\u6d6e\u7075|U-turn|p1a: Serperior\n|-supereffective|p1a: Serperior\n|-damage|p1a: Serperior|67\/100\n|\n|t:|1700138668\n|switch|p2a: \u5854\u4f0a\u5179\u80b2\u7f57\u65af|Scizor-Mega, F|51\/100|[from] U-turn\n|\n|-weather|RainDance|[upkeep]\n|-heal|p1a: Serperior|73\/100|[from] Grassy Terrain\n|-heal|p1a: Serperior|79\/100|[from] item: Leftovers\n|-heal|p2a: \u5854\u4f0a\u5179\u80b2\u7f57\u65af|57\/100|[from] Grassy Terrain\n|upkeep\n|turn|8\n|\n|t:|1700138681\n|switch|p1a: Pelipper|Pelipper, M|34\/100\n|move|p2a: \u5854\u4f0a\u5179\u80b2\u7f57\u65af|U-turn|p1a: Pelipper\n|-resisted|p1a: Pelipper\n|-damage|p1a: Pelipper|16\/100\n|\n|t:|1700138688\n|switch|p2a: \u4e30\u9976\u7075\u517d\u00b7\u957f\u53f3|Rillaboom, M|100\/100|[from] U-turn\n|\n|-weather|none\n|-fieldend|move: Grassy Terrain\n|upkeep\n|turn|9\n|\n|t:|1700138696\n|switch|p1a: Ogerpon|Ogerpon-Wellspring, F|13\/100\n|move|p2a: \u4e30\u9976\u7075\u517d\u00b7\u957f\u53f3|U-turn|p1a: Ogerpon\n|-supereffective|p1a: Ogerpon\n|-damage|p1a: Ogerpon|0 fnt\n|faint|p1a: Ogerpon\n|\n|t:|1700138702\n|switch|p2a: \u5854\u4f0a\u5179\u80b2\u7f57\u65af|Scizor-Mega, F|57\/100|[from] U-turn\n|\n|upkeep\n|\n|t:|1700138710\n|switch|p1a: Gorebyss|Gorebyss, F|100\/100\n|turn|10\n|\n|t:|1700138720\n|move|p1a: Gorebyss|Surf|p2a: \u5854\u4f0a\u5179\u80b2\u7f57\u65af\n|-damage|p2a: \u5854\u4f0a\u5179\u80b2\u7f57\u65af|13\/100\n|move|p2a: \u5854\u4f0a\u5179\u80b2\u7f57\u65af|U-turn|p1a: Gorebyss\n|-damage|p1a: Gorebyss|57\/100\n|\n|t:|1700138724\n|switch|p2a: \u4e30\u9976\u7075\u517d\u00b7\u957f\u53f3|Rillaboom, M|100\/100|[from] U-turn\n|-fieldstart|move: Grassy Terrain|[from] ability: Grassy Surge|[of] p2a: \u4e30\u9976\u7075\u517d\u00b7\u957f\u53f3\n|\n|-heal|p1a: Gorebyss|63\/100|[from] Grassy Terrain\n|upkeep\n|turn|11\n|\n|t:|1700138729\n|switch|p1a: Pelipper|Pelipper, M|16\/100\n|-weather|RainDance|[from] ability: Drizzle|[of] p1a: Pelipper\n|move|p2a: \u4e30\u9976\u7075\u517d\u00b7\u957f\u53f3|U-turn|p1a: Pelipper\n|-resisted|p1a: Pelipper\n|-damage|p1a: Pelipper|0 fnt\n|faint|p1a: Pelipper\n|\n|t:|1700138732\n|switch|p2a: \u5e0c\u513f\u00b7\u6ca1\u6709\u59d3|Sneasler, F|100\/100|[from] U-turn\n|-enditem|p2a: \u5e0c\u513f\u00b7\u6ca1\u6709\u59d3|Grassy Seed\n|-boost|p2a: \u5e0c\u513f\u00b7\u6ca1\u6709\u59d3|def|1|[from] item: Grassy Seed\n|\n|-weather|RainDance|[upkeep]\n|upkeep\n|\n|t:|1700138738\n|switch|p1a: Barraskewda|Barraskewda, M|100\/100\n|turn|12\n|\n|t:|1700138747\n|move|p1a: Barraskewda|Liquidation|p2a: \u5e0c\u513f\u00b7\u6ca1\u6709\u59d3\n|-damage|p2a: \u5e0c\u513f\u00b7\u6ca1\u6709\u59d3|0 fnt\n|faint|p2a: \u5e0c\u513f\u00b7\u6ca1\u6709\u59d3\n|\n|-weather|RainDance|[upkeep]\n|upkeep\n|\n|t:|1700138751\n|switch|p2a: \u4e30\u9976\u7075\u517d\u00b7\u957f\u53f3|Rillaboom, M|100\/100\n|turn|13\n|\n|t:|1700138763\n|switch|p1a: Sharpedo|Sharpedo, M|100\/100\n|move|p2a: \u4e30\u9976\u7075\u517d\u00b7\u957f\u53f3|U-turn|p1a: Sharpedo\n|-supereffective|p1a: Sharpedo\n|-damage|p1a: Sharpedo|0 fnt\n|faint|p1a: Sharpedo\n|\n|t:|1700138769\n|switch|p2a: \u5854\u4f0a\u5179\u80b2\u7f57\u65af|Scizor-Mega, F|13\/100|[from] U-turn\n|\n|-weather|RainDance|[upkeep]\n|-heal|p2a: \u5854\u4f0a\u5179\u80b2\u7f57\u65af|19\/100|[from] Grassy Terrain\n|upkeep\n|\n|t:|1700138776\n|switch|p1a: Barraskewda|Barraskewda, M|100\/100\n|turn|14\n|\n|t:|1700138784\n|switch|p2a: \u706b\u6f02\u6d6e\u7075|Moltres|28\/100\n|move|p1a: Barraskewda|Liquidation|p2a: \u706b\u6f02\u6d6e\u7075\n|-supereffective|p2a: \u706b\u6f02\u6d6e\u7075\n|-damage|p2a: \u706b\u6f02\u6d6e\u7075|0 fnt\n|-status|p1a: Barraskewda|brn|[from] ability: Flame Body|[of] p2a: \u706b\u6f02\u6d6e\u7075\n|faint|p2a: \u706b\u6f02\u6d6e\u7075\n|\n|-weather|RainDance|[upkeep]\n|-damage|p1a: Barraskewda|94\/100 brn|[from] brn\n|-fieldend|move: Grassy Terrain\n|upkeep\n|\n|t:|1700138791\n|switch|p2a: \u4e30\u9976\u7075\u517d\u00b7\u957f\u53f3|Rillaboom, M|100\/100\n|-fieldstart|move: Grassy Terrain|[from] ability: Grassy Surge|[of] p2a: \u4e30\u9976\u7075\u517d\u00b7\u957f\u53f3\n|turn|15\n|\n|t:|1700138794\n|move|p1a: Barraskewda|Liquidation|p2a: \u4e30\u9976\u7075\u517d\u00b7\u957f\u53f3\n|-resisted|p2a: \u4e30\u9976\u7075\u517d\u00b7\u957f\u53f3\n|-damage|p2a: \u4e30\u9976\u7075\u517d\u00b7\u957f\u53f3|71\/100\n|move|p2a: \u4e30\u9976\u7075\u517d\u00b7\u957f\u53f3|U-turn|p1a: Barraskewda\n|-damage|p1a: Barraskewda|26\/100 brn\n|\n|t:|1700138797\n|switch|p2a: \u5854\u4f0a\u5179\u80b2\u7f57\u65af|Scizor-Mega, F|19\/100|[from] U-turn\n|\n|-weather|RainDance|[upkeep]\n|-heal|p1a: Barraskewda|32\/100 brn|[from] Grassy Terrain\n|-heal|p2a: \u5854\u4f0a\u5179\u80b2\u7f57\u65af|25\/100|[from] Grassy Terrain\n|-damage|p1a: Barraskewda|26\/100 brn|[from] brn\n|upkeep\n|turn|16\n|\n|t:|1700138799\n|move|p2a: \u5854\u4f0a\u5179\u80b2\u7f57\u65af|Bullet Punch|p1a: Barraskewda\n|-resisted|p1a: Barraskewda\n|-damage|p1a: Barraskewda|0 fnt\n|faint|p1a: Barraskewda\n|\n|-weather|RainDance|[upkeep]\n|-heal|p2a: \u5854\u4f0a\u5179\u80b2\u7f57\u65af|31\/100|[from] Grassy Terrain\n|upkeep\n|\n|t:|1700138803\n|switch|p1a: Gorebyss|Gorebyss, F|63\/100\n|turn|17\n|\n|t:|1700138806\n|move|p2a: \u5854\u4f0a\u5179\u80b2\u7f57\u65af|Bullet Punch|p1a: Gorebyss\n|-resisted|p1a: Gorebyss\n|-damage|p1a: Gorebyss|43\/100\n|move|p1a: Gorebyss|Surf|p2a: \u5854\u4f0a\u5179\u80b2\u7f57\u65af\n|-damage|p2a: \u5854\u4f0a\u5179\u80b2\u7f57\u65af|0 fnt\n|faint|p2a: \u5854\u4f0a\u5179\u80b2\u7f57\u65af\n|\n|-weather|RainDance|[upkeep]\n|-heal|p1a: Gorebyss|49\/100|[from] Grassy Terrain\n|upkeep\n|\n|t:|1700138808\n|switch|p2a: \u4e30\u9976\u7075\u517d\u00b7\u957f\u53f3|Rillaboom, M|71\/100\n|turn|18\n|\n|t:|1700138828\n|-terastallize|p1a: Gorebyss|Fairy\n|-terastallize|p2a: \u4e30\u9976\u7075\u517d\u00b7\u957f\u53f3|Grass\n|move|p2a: \u4e30\u9976\u7075\u517d\u00b7\u957f\u53f3|Grassy Glide|p1a: Gorebyss\n|-damage|p1a: Gorebyss|0 fnt\n|faint|p1a: Gorebyss\n|\n|-weather|none\n|-heal|p2a: \u4e30\u9976\u7075\u517d\u00b7\u957f\u53f3|77\/100|[from] Grassy Terrain\n|upkeep\n|\n|t:|1700138834\n|switch|p1a: Serperior|Serperior, F|79\/100\n|turn|19\n|\n|t:|1700138839\n|move|p2a: \u4e30\u9976\u7075\u517d\u00b7\u957f\u53f3|Grassy Glide|p1a: Serperior\n|-resisted|p1a: Serperior\n|-damage|p1a: Serperior|36\/100\n|move|p1a: Serperior|Glare|p2a: \u4e30\u9976\u7075\u517d\u00b7\u957f\u53f3\n|-status|p2a: \u4e30\u9976\u7075\u517d\u00b7\u957f\u53f3|par\n|\n|-heal|p1a: Serperior|42\/100|[from] Grassy Terrain\n|-heal|p1a: Serperior|49\/100|[from] item: Leftovers\n|-heal|p2a: \u4e30\u9976\u7075\u517d\u00b7\u957f\u53f3|83\/100 par|[from] Grassy Terrain\n|-fieldend|move: Grassy Terrain\n|upkeep\n|turn|20\n|\n|t:|1700138844\n|move|p1a: Serperior|Leaf Storm|p2a: \u4e30\u9976\u7075\u517d\u00b7\u957f\u53f3|[miss]\n|-miss|p1a: Serperior|p2a: \u4e30\u9976\u7075\u517d\u00b7\u957f\u53f3\n|cant|p2a: \u4e30\u9976\u7075\u517d\u00b7\u957f\u53f3|par\n|\n|-heal|p1a: Serperior|55\/100|[from] item: Leftovers\n|upkeep\n|turn|21\n|\n|t:|1700138847\n|move|p1a: Serperior|Leaf Storm|p2a: \u4e30\u9976\u7075\u517d\u00b7\u957f\u53f3\n|-resisted|p2a: \u4e30\u9976\u7075\u517d\u00b7\u957f\u53f3\n|-damage|p2a: \u4e30\u9976\u7075\u517d\u00b7\u957f\u53f3|61\/100 par\n|-boost|p1a: Serperior|spa|2\n|move|p2a: \u4e30\u9976\u7075\u517d\u00b7\u957f\u53f3|Grassy Glide|p1a: Serperior\n|-resisted|p1a: Serperior\n|-damage|p1a: Serperior|21\/100\n|\n|-heal|p1a: Serperior|27\/100|[from] item: Leftovers\n|upkeep\n|turn|22\n|\n|t:|1700138851\n|move|p1a: Serperior|Leaf Storm|p2a: \u4e30\u9976\u7075\u517d\u00b7\u957f\u53f3\n|-resisted|p2a: \u4e30\u9976\u7075\u517d\u00b7\u957f\u53f3\n|-damage|p2a: \u4e30\u9976\u7075\u517d\u00b7\u957f\u53f3|15\/100 par\n|-boost|p1a: Serperior|spa|2\n|cant|p2a: \u4e30\u9976\u7075\u517d\u00b7\u957f\u53f3|par\n|\n|-heal|p1a: Serperior|33\/100|[from] item: Leftovers\n|upkeep\n|turn|23\n|\n|t:|1700138866\n|move|p1a: Serperior|Hidden Power|p2a: \u4e30\u9976\u7075\u517d\u00b7\u957f\u53f3\n|-resisted|p2a: \u4e30\u9976\u7075\u517d\u00b7\u957f\u53f3\n|-damage|p2a: \u4e30\u9976\u7075\u517d\u00b7\u957f\u53f3|0 fnt\n|faint|p2a: \u4e30\u9976\u7075\u517d\u00b7\u957f\u53f3\n|\n|-heal|p1a: Serperior|39\/100|[from] item: Leftovers\n|upkeep\n|\n|t:|1700138867\n|switch|p2a: \u4e39\u6052\u00b7\u996e\u6708|Iron Valiant|100\/100\n|-enditem|p2a: \u4e39\u6052\u00b7\u996e\u6708|Booster Energy\n|-activate|p2a: \u4e39\u6052\u00b7\u996e\u6708|ability: Quark Drive|[fromitem]\n|-start|p2a: \u4e39\u6052\u00b7\u996e\u6708|quarkdrivespe\n|turn|24\n|\n|t:|1700138873\n|move|p2a: \u4e39\u6052\u00b7\u996e\u6708|Moonblast|p1a: Serperior\n|-damage|p1a: Serperior|0 fnt\n|faint|p1a: Serperior\n|\n|win|Yuanshen61\u6211\u8981\u73a9\u539f\u795e\n|raw|Anhkiet's rating: 1611 &rarr; <strong>1586<\/strong><br \/>(-25 for losing)\n|raw|Yuanshen61\u6211\u8981\u73a9\u539f\u795e's rating: 1514 &rarr; <strong>1539<\/strong><br \/>(+25 for winning)\n","uploadtime":1700138876,"views":4,"p1id":"anhkiet","p2id":"yuanshen61","formatid":"gen9nationaldex","rating":1539,"private":0,"password":""}