{"id":"gen9nationaldex-1991652733","p1":"gshaogshao","p2":"gglao3","format":"[Gen 9] National Dex","log":"|j|\u2606gshaogshao\n|j|\u2606gglao3\n|t:|1700098740\n|gametype|singles\n|player|p1|gshaogshao|red|1459\n|player|p2|gglao3|170|1532\n|teamsize|p1|6\n|teamsize|p2|6\n|gen|9\n|tier|[Gen 9] National Dex\n|rated|\n|rule|HP Percentage Mod: HP is shown in percentages\n|rule|Endless Battle Clause: Forcing endless battles is banned\n|rule|OHKO Clause: OHKO moves are banned\n|rule|Evasion Clause: Evasion abilities, items, and moves are banned\n|rule|Evasion Abilities Clause: Evasion abilities are banned\n|rule|Evasion Items Clause: Evasion items are banned\n|rule|Evasion Moves Clause: Evasion moves are banned\n|rule|Species Clause: Limit one of each Pok\u00e9mon\n|rule|Sleep Clause Mod: Limit one foe put to sleep\n|clearpoke\n|poke|p1|Charizard, F|\n|poke|p1|Greninja-*, M|\n|poke|p1|Garganacl, M|\n|poke|p1|Rillaboom, M|\n|poke|p1|Zapdos|\n|poke|p1|Landorus-Therian, M|\n|poke|p2|Alomomola, F|\n|poke|p2|Zamazenta-*|\n|poke|p2|Ditto|\n|poke|p2|Victini|\n|poke|p2|Gliscor, F|\n|poke|p2|Goodra-Hisui, F|\n|teampreview\n|inactive|Battle timer is ON: inactive players will automatically lose when time's up. (requested by gglao3)\n|inactive|gshaogshao also wants the timer to be on.\n|\n|t:|1700098749\n|start\n|switch|p1a: Landorus|Landorus-Therian, M|100\/100\n|switch|p2a: Gliscor|Gliscor, F|100\/100\n|-ability|p1a: Landorus|Intimidate|boost\n|-unboost|p2a: Gliscor|atk|1\n|turn|1\n|\n|t:|1700098760\n|move|p1a: Landorus|Knock Off|p2a: Gliscor\n|-damage|p2a: Gliscor|54\/100\n|-enditem|p2a: Gliscor|Toxic Orb|[from] move: Knock Off|[of] p1a: Landorus\n|move|p2a: Gliscor|Toxic|p1a: Landorus\n|-status|p1a: Landorus|tox\n|\n|-damage|p1a: Landorus|95\/100 tox|[from] psn\n|upkeep\n|turn|2\n|\n|t:|1700098772\n|switch|p1a: Zapdos|Zapdos|100\/100\n|move|p2a: Gliscor|Toxic|p1a: Zapdos\n|-status|p1a: Zapdos|tox\n|\n|-damage|p1a: Zapdos|94\/100 tox|[from] psn\n|upkeep\n|turn|3\n|\n|t:|1700098779\n|switch|p2a: Goodra|Goodra-Hisui, F|100\/100\n|-zpower|p1a: Zapdos\n|move|p1a: Zapdos|Supersonic Skystrike|p2a: Goodra|[zeffect]\n|-resisted|p2a: Goodra\n|-damage|p2a: Goodra|83\/100\n|\n|-damage|p1a: Zapdos|82\/100 tox|[from] psn\n|upkeep\n|turn|4\n|\n|t:|1700098790\n|switch|p1a: Landorus|Landorus-Therian, M|95\/100 tox\n|-ability|p1a: Landorus|Intimidate|boost\n|-unboost|p2a: Goodra|atk|1\n|move|p2a: Goodra|Draco Meteor|p1a: Landorus\n|-damage|p1a: Landorus|3\/100 tox\n|-unboost|p2a: Goodra|spa|2\n|\n|-damage|p1a: Landorus|0 fnt|[from] psn\n|faint|p1a: Landorus\n|upkeep\n|\n|t:|1700098802\n|switch|p1a: Charizard|Charizard, F|100\/100\n|turn|5\n|\n|t:|1700098807\n|switch|p2a: Gliscor|Gliscor, F|54\/100\n|move|p1a: Charizard|Dragon Dance|p1a: Charizard\n|-boost|p1a: Charizard|atk|1\n|-boost|p1a: Charizard|spe|1\n|\n|upkeep\n|turn|6\n|\n|t:|1700098813\n|switch|p2a: Alomomola|Alomomola, F|100\/100\n|detailschange|p1a: Charizard|Charizard-Mega-X, F\n|-mega|p1a: Charizard|Charizard|Charizardite X\n|move|p1a: Charizard|Outrage|p2a: Alomomola\n|-damage|p2a: Alomomola|27\/100\n|-damage|p1a: Charizard|84\/100|[from] item: Rocky Helmet|[of] p2a: Alomomola\n|\n|upkeep\n|turn|7\n|\n|t:|1700098823\n|move|p1a: Charizard|Outrage|p2a: Alomomola|[from]lockedmove\n|-damage|p2a: Alomomola|0 fnt\n|-damage|p1a: Charizard|68\/100|[from] item: Rocky Helmet|[of] p2a: Alomomola\n|faint|p2a: Alomomola\n|\n|upkeep\n|\n|t:|1700098826\n|switch|p2a: Ditto|Ditto|100\/100\n|-transform|p2a: Ditto|p1a: Charizard|[from] ability: Imposter\n|turn|8\n|\n|t:|1700098830\n|move|p2a: Ditto|Outrage|p1a: Charizard\n|-supereffective|p1a: Charizard\n|-damage|p1a: Charizard|0 fnt\n|faint|p1a: Charizard\n|\n|upkeep\n|\n|t:|1700098837\n|switch|p1a: Zapdos|Zapdos|82\/100 tox\n|turn|9\n|\n|t:|1700098842\n|move|p2a: Ditto|Outrage|p1a: Zapdos|[from]lockedmove\n|-damage|p1a: Zapdos|0 fnt\n|-status|p2a: Ditto|par|[from] ability: Static|[of] p1a: Zapdos\n|faint|p1a: Zapdos\n|-start|p2a: Ditto|confusion|[fatigue]\n|\n|upkeep\n|\n|t:|1700098849\n|switch|p1a: Greninja|Greninja, M|100\/100\n|turn|10\n|\n|t:|1700098853\n|switch|p2a: Goodra|Goodra-Hisui, F|83\/100\n|-terastallize|p1a: Greninja|Water\n|move|p1a: Greninja|Surf|p2a: Goodra\n|-resisted|p2a: Goodra\n|-damage|p2a: Goodra|67\/100\n|-damage|p1a: Greninja|91\/100|[from] item: Life Orb\n|\n|upkeep\n|turn|11\n|\n|t:|1700098866\n|switch|p1a: Rillaboom|Rillaboom, M|100\/100\n|-fieldstart|move: Grassy Terrain|[from] ability: Grassy Surge|[of] p1a: Rillaboom\n|move|p2a: Goodra|Ice Beam|p1a: Rillaboom\n|-supereffective|p1a: Rillaboom\n|-damage|p1a: Rillaboom|34\/100\n|\n|-heal|p1a: Rillaboom|40\/100|[from] Grassy Terrain\n|-heal|p2a: Goodra|73\/100|[from] Grassy Terrain\n|upkeep\n|turn|12\n|\n|t:|1700098874\n|switch|p2a: Gliscor|Gliscor, F|54\/100\n|move|p1a: Rillaboom|Superpower|p2a: Gliscor\n|-resisted|p2a: Gliscor\n|-damage|p2a: Gliscor|31\/100\n|-unboost|p1a: Rillaboom|atk|1\n|-unboost|p1a: Rillaboom|def|1\n|\n|-heal|p1a: Rillaboom|47\/100|[from] Grassy Terrain\n|upkeep\n|turn|13\n|\n|t:|1700098881\n|move|p1a: Rillaboom|Superpower|p2a: Gliscor\n|-resisted|p2a: Gliscor\n|-damage|p2a: Gliscor|16\/100\n|-unboost|p1a: Rillaboom|atk|1\n|-unboost|p1a: Rillaboom|def|1\n|move|p2a: Gliscor|U-turn|p1a: Rillaboom\n|-supereffective|p1a: Rillaboom\n|-damage|p1a: Rillaboom|0 fnt\n|faint|p1a: Rillaboom\n|\n|t:|1700098891\n|switch|p2a: Victini|Victini|100\/100|[from] U-turn\n|\n|upkeep\n|\n|t:|1700098894\n|switch|p1a: Garganacl|Garganacl, M|100\/100\n|turn|14\n|\n|t:|1700098898\n|move|p2a: Victini|Trick|p1a: Garganacl\n|-activate|p2a: Victini|move: Trick|[of] p1a: Garganacl\n|-item|p1a: Garganacl|Choice Scarf|[from] move: Trick\n|-item|p2a: Victini|Leftovers|[from] move: Trick\n|move|p1a: Garganacl|Iron Defense|p1a: Garganacl\n|-boost|p1a: Garganacl|def|2\n|\n|upkeep\n|turn|15\n|\n|t:|1700098910\n|switch|p2a: Ditto|Ditto|100\/100 par\n|-transform|p2a: Ditto|p1a: Garganacl|[from] ability: Imposter\n|switch|p1a: Greninja|Greninja, M, tera:Water|91\/100\n|\n|-heal|p1a: Greninja|97\/100|[from] Grassy Terrain\n|-fieldend|move: Grassy Terrain\n|upkeep\n|turn|16\n|\n|t:|1700098917\n|switch|p2a: Goodra|Goodra-Hisui, F|73\/100\n|move|p1a: Greninja|Surf|p2a: Goodra\n|-resisted|p2a: Goodra\n|-damage|p2a: Goodra|57\/100\n|-damage|p1a: Greninja|87\/100|[from] item: Life Orb\n|\n|upkeep\n|turn|17\n|\n|t:|1700098924\n|switch|p1a: Garganacl|Garganacl, M|100\/100\n|move|p2a: Goodra|Flash Cannon|p1a: Garganacl\n|-supereffective|p1a: Garganacl\n|-damage|p1a: Garganacl|51\/100\n|\n|upkeep\n|turn|18\n|\n|t:|1700098933\n|switch|p2a: Zamazenta|Zamazenta|100\/100\n|-ability|p2a: Zamazenta|Dauntless Shield|boost\n|-boost|p2a: Zamazenta|def|1\n|move|p1a: Garganacl|Body Press|p2a: Zamazenta\n|-damage|p2a: Zamazenta|86\/100\n|\n|upkeep\n|turn|19\n|\n|t:|1700098939\n|move|p2a: Zamazenta|Close Combat|p1a: Garganacl\n|-supereffective|p1a: Garganacl\n|-damage|p1a: Garganacl|0 fnt\n|-unboost|p2a: Zamazenta|def|1\n|-unboost|p2a: Zamazenta|spd|1\n|faint|p1a: Garganacl\n|\n|upkeep\n|\n|t:|1700098942\n|switch|p1a: Greninja|Greninja, M, tera:Water|87\/100\n|turn|20\n|\n|t:|1700098946\n|switch|p2a: Goodra|Goodra-Hisui, F|57\/100\n|move|p1a: Greninja|Water Shuriken|p2a: Goodra\n|-resisted|p2a: Goodra\n|-damage|p2a: Goodra|54\/100\n|-resisted|p2a: Goodra\n|-damage|p2a: Goodra|51\/100\n|-hitcount|p2a: Goodra|2\n|-damage|p1a: Greninja|77\/100|[from] item: Life Orb\n|\n|upkeep\n|turn|21\n|\n|t:|1700098958\n|move|p1a: Greninja|Ice Beam|p2a: Goodra\n|-damage|p2a: Goodra|37\/100\n|-damage|p1a: Greninja|67\/100|[from] item: Life Orb\n|move|p2a: Goodra|Thunderbolt|p1a: Greninja\n|-supereffective|p1a: Greninja\n|-damage|p1a: Greninja|0 fnt\n|faint|p1a: Greninja\n|\n|win|gglao3\n|raw|gshaogshao's rating: 1459 &rarr; <strong>1443<\/strong><br \/>(-16 for losing)\n|raw|gglao3's rating: 1532 &rarr; <strong>1548<\/strong><br \/>(+16 for winning)\n|l|\u2606gshaogshao\n","uploadtime":1700098971,"views":4,"p1id":"gshaogshao","p2id":"gglao3","formatid":"gen9nationaldex","rating":1443,"private":0,"password":""}