{"id":"gen9nationaldex-1993862109","p1":"I wasn't","p2":"Icefanngs","format":"[Gen 9] National Dex","log":"|j|\u2606I wasn't\n|j|\u2606Icefanngs\n|t:|1700366713\n|gametype|singles\n|player|p1|I wasn't|266|1438\n|player|p2|Icefanngs|170|1349\n|teamsize|p1|6\n|teamsize|p2|6\n|gen|9\n|tier|[Gen 9] National Dex\n|rated|\n|rule|HP Percentage Mod: HP is shown in percentages\n|rule|Endless Battle Clause: Forcing endless battles is banned\n|rule|OHKO Clause: OHKO moves are banned\n|rule|Evasion Clause: Evasion abilities, items, and moves are banned\n|rule|Evasion Abilities Clause: Evasion abilities are banned\n|rule|Evasion Items Clause: Evasion items are banned\n|rule|Evasion Moves Clause: Evasion moves are banned\n|rule|Species Clause: Limit one of each Pok\u00e9mon\n|rule|Sleep Clause Mod: Limit one foe put to sleep\n|clearpoke\n|poke|p1|Alomomola, F|\n|poke|p1|Clodsire, F|\n|poke|p1|Lopunny, M|\n|poke|p1|Tapu Lele|\n|poke|p1|Meowscarada, F|\n|poke|p1|Landorus-Therian, M|\n|poke|p2|Clefable, F|\n|poke|p2|Furret, F|\n|poke|p2|Milotic, F|\n|poke|p2|Roserade, F|\n|poke|p2|Mandibuzz, F|\n|poke|p2|Delphox, F|\n|teampreview\n|inactive|Battle timer is ON: inactive players will automatically lose when time's up. (requested by Icefanngs)\n|\n|t:|1700366742\n|start\n|switch|p1a: Landorus|Landorus-Therian, M|100\/100\n|switch|p2a: Shushi|Milotic, F|100\/100\n|-ability|p1a: Landorus|Intimidate|boost\n|-unboost|p2a: Shushi|atk|1\n|-ability|p2a: Shushi|Competitive|boost\n|-boost|p2a: Shushi|spa|2\n|turn|1\n|\n|t:|1700366767\n|-zpower|p1a: Landorus\n|move|p1a: Landorus|Supersonic Skystrike|p2a: Shushi|[zeffect]\n|-damage|p2a: Shushi|4\/100\n|move|p2a: Shushi|Ice Beam|p1a: Landorus\n|-supereffective|p1a: Landorus\n|-damage|p1a: Landorus|0 fnt\n|faint|p1a: Landorus\n|\n|-heal|p2a: Shushi|10\/100|[from] item: Leftovers\n|upkeep\n|\n|t:|1700366775\n|switch|p1a: Tapu Lele|Tapu Lele|100\/100\n|-fieldstart|move: Psychic Terrain|[from] ability: Psychic Surge|[of] p1a: Tapu Lele\n|turn|2\n|\n|t:|1700366778\n|move|p1a: Tapu Lele|Moonblast|p2a: Shushi\n|-damage|p2a: Shushi|0 fnt\n|faint|p2a: Shushi\n|\n|upkeep\n|inactive|Icefanngs has 120 seconds left.\n|\n|t:|1700366815\n|switch|p2a: Petals|Roserade, F|100\/100\n|turn|3\n|\n|t:|1700366831\n|move|p1a: Tapu Lele|Moonblast|p2a: Petals\n|-resisted|p2a: Petals\n|-damage|p2a: Petals|67\/100\n|move|p2a: Petals|Sludge Bomb|p1a: Tapu Lele\n|-supereffective|p1a: Tapu Lele\n|-damage|p1a: Tapu Lele|0 fnt\n|faint|p1a: Tapu Lele\n|\n|upkeep\n|\n|t:|1700366837\n|switch|p1a: Lopunny|Lopunny, M|100\/100\n|turn|4\n|\n|t:|1700366843\n|switch|p2a: Vulma|Mandibuzz, F|100\/100\n|detailschange|p1a: Lopunny|Lopunny-Mega, M\n|-mega|p1a: Lopunny|Lopunny|Lopunnite\n|move|p1a: Lopunny|U-turn|p2a: Vulma\n|-damage|p2a: Vulma|85\/100\n|-damage|p1a: Lopunny|84\/100|[from] item: Rocky Helmet|[of] p2a: Vulma\n|\n|t:|1700366856\n|switch|p1a: Alomomola|Alomomola, F|100\/100|[from] U-turn\n|\n|upkeep\n|turn|5\n|\n|t:|1700366864\n|move|p1a: Alomomola|Toxic|p2a: Vulma\n|-status|p2a: Vulma|tox\n|move|p2a: Vulma|Whirlwind|p1a: Alomomola\n|drag|p1a: Lopunny|Lopunny-Mega, M|84\/100\n|\n|-damage|p2a: Vulma|79\/100 tox|[from] psn\n|upkeep\n|turn|6\n|\n|t:|1700366882\n|move|p1a: Lopunny|Close Combat|p2a: Vulma\n|-damage|p2a: Vulma|46\/100 tox\n|-unboost|p1a: Lopunny|def|1\n|-unboost|p1a: Lopunny|spd|1\n|-damage|p1a: Lopunny|67\/100|[from] item: Rocky Helmet|[of] p2a: Vulma\n|move|p2a: Vulma|Foul Play|p1a: Lopunny\n|-resisted|p1a: Lopunny\n|-damage|p1a: Lopunny|13\/100\n|\n|-damage|p2a: Vulma|33\/100 tox|[from] psn\n|-fieldend|move: Psychic Terrain\n|upkeep\n|turn|7\n|\n|t:|1700366893\n|move|p1a: Lopunny|Close Combat|p2a: Vulma\n|-damage|p2a: Vulma|0 fnt\n|-unboost|p1a: Lopunny|def|1\n|-unboost|p1a: Lopunny|spd|1\n|-damage|p1a: Lopunny|0 fnt|[from] item: Rocky Helmet|[of] p2a: Vulma\n|faint|p2a: Vulma\n|faint|p1a: Lopunny\n|\n|upkeep\n|\n|t:|1700366918\n|switch|p1a: Meowscarada|Meowscarada, F|100\/100\n|switch|p2a: >:D|Clefable, F|100\/100\n|turn|8\n|\n|t:|1700366948\n|move|p1a: Meowscarada|Flower Trick|p2a: >:D\n|-start|p1a: Meowscarada|typechange|Grass|[from] ability: Protean\n|-crit|p2a: >:D\n|-damage|p2a: >:D|41\/100\n|-damage|p1a: Meowscarada|91\/100|[from] item: Life Orb\n|move|p2a: >:D|Moonblast|p1a: Meowscarada\n|-damage|p1a: Meowscarada|25\/100\n|\n|upkeep\n|turn|9\n|inactive|Icefanngs has 120 seconds left.\n|\n|t:|1700366984\n|move|p1a: Meowscarada|Flower Trick|p2a: >:D\n|-crit|p2a: >:D\n|-damage|p2a: >:D|0 fnt\n|faint|p2a: >:D\n|-damage|p1a: Meowscarada|16\/100|[from] item: Life Orb\n|\n|upkeep\n|inactive|Icefanngs has 90 seconds left.\n|\n|t:|1700367026\n|switch|p2a: Abracadabra|Delphox, F|100\/100\n|turn|10\n|\n|t:|1700367035\n|-terastallize|p2a: Abracadabra|Grass\n|move|p1a: Meowscarada|Knock Off|p2a: Abracadabra\n|-crit|p2a: Abracadabra\n|-damage|p2a: Abracadabra|39\/100\n|-damage|p1a: Meowscarada|6\/100|[from] item: Life Orb\n|move|p2a: Abracadabra|Mystical Fire|p1a: Meowscarada\n|-supereffective|p1a: Meowscarada\n|-damage|p1a: Meowscarada|0 fnt\n|faint|p1a: Meowscarada\n|\n|upkeep\n|\n|t:|1700367043\n|switch|p1a: Clodsire|Clodsire, F|100\/100\n|turn|11\n|\n|t:|1700367048\n|move|p2a: Abracadabra|Psyshock|p1a: Clodsire\n|-supereffective|p1a: Clodsire\n|-damage|p1a: Clodsire|23\/100\n|-item|p2a: Abracadabra|Leftovers|[from] ability: Magician|[of] p1a: Clodsire\n|move|p1a: Clodsire|Toxic|p2a: Abracadabra\n|-status|p2a: Abracadabra|tox\n|\n|-heal|p2a: Abracadabra|45\/100 tox|[from] item: Leftovers\n|-damage|p2a: Abracadabra|39\/100 tox|[from] psn\n|upkeep\n|turn|12\n|inactive|Icefanngs has 90 seconds left.\n|\n|t:|1700367070\n|switch|p1a: Alomomola|Alomomola, F|100\/100\n|move|p2a: Abracadabra|Psyshock|p1a: Alomomola\n|-damage|p1a: Alomomola|79\/100\n|\n|-heal|p2a: Abracadabra|45\/100 tox|[from] item: Leftovers\n|-damage|p2a: Abracadabra|32\/100 tox|[from] psn\n|upkeep\n|turn|13\n|\n|t:|1700367076\n|move|p2a: Abracadabra|Grass Knot|p1a: Alomomola\n|-supereffective|p1a: Alomomola\n|-crit|p1a: Alomomola\n|-damage|p1a: Alomomola|0 fnt\n|faint|p1a: Alomomola\n|\n|-heal|p2a: Abracadabra|39\/100 tox|[from] item: Leftovers\n|-damage|p2a: Abracadabra|20\/100 tox|[from] psn\n|upkeep\n|-message|I wasn't forfeited.\n|\n|win|Icefanngs\n|raw|I wasn&apos;t's rating: 1438 &rarr; <strong>1413<\/strong><br \/>(-25 for losing)\n|raw|Icefanngs's rating: 1349 &rarr; <strong>1374<\/strong><br \/>(+25 for winning)\n|l|\u2606I wasn't\n","uploadtime":1700367092,"views":7,"p1id":"iwasnt","p2id":"icefanngs","formatid":"gen9nationaldex","rating":1374,"private":0,"password":""}