{"id":"gen9nationaldex-2000681974","p1":"AceKing14","p2":"TheStroker","format":"[Gen 9] National Dex","log":"|html|<div class=\"broadcast-blue\"><strong>[Gen 9] National Dex is currently suspecting Sneasler! For information on how to participate check out the <a href=\"https:\/\/www.smogon.com\/forums\/threads\/sv-national-dex-suspect-8-just-dance.3731534\/\">suspect thread<\/a>.<\/strong><\/div>\n|j|\u2606AceKing14\n|j|\u2606TheStroker\n|t:|1701218226\n|gametype|singles\n|player|p1|AceKing14|hilbert-wonderlauncher|1495\n|player|p2|TheStroker|janitor|1653\n|teamsize|p1|6\n|teamsize|p2|6\n|gen|9\n|tier|[Gen 9] National Dex\n|rated|\n|rule|HP Percentage Mod: HP is shown in percentages\n|rule|Endless Battle Clause: Forcing endless battles is banned\n|rule|OHKO Clause: OHKO moves are banned\n|rule|Evasion Clause: Evasion abilities, items, and moves are banned\n|rule|Evasion Abilities Clause: Evasion abilities are banned\n|rule|Evasion Items Clause: Evasion items are banned\n|rule|Evasion Moves Clause: Evasion moves are banned\n|rule|Species Clause: Limit one of each Pok\u00e9mon\n|rule|Sleep Clause Mod: Limit one foe put to sleep\n|clearpoke\n|poke|p1|Grimmsnarl, M|\n|poke|p1|Tapu Lele|\n|poke|p1|Garganacl, M|\n|poke|p1|Volcarona, M|\n|poke|p1|Gyarados, F|\n|poke|p1|Cresselia, F|\n|poke|p2|Meloetta|\n|poke|p2|Weavile, M|\n|poke|p2|Sneasler, M|\n|poke|p2|Goodra-Hisui, M|\n|poke|p2|Heatran, F|\n|poke|p2|Mew|\n|teampreview\n|inactive|Battle timer is ON: inactive players will automatically lose when time's up. (requested by AceKing14)\n|j| less might be more\n|\n|t:|1701218244\n|start\n|switch|p1a: BLACKFLAMEDDEMON|Grimmsnarl, M, shiny|100\/100\n|switch|p2a: Noobler|Sneasler, M|100\/100\n|turn|1\n|\n|t:|1701218251\n|move|p1a: BLACKFLAMEDDEMON|Taunt|p2a: Noobler\n|-start|p2a: Noobler|move: Taunt\n|move|p2a: Noobler|Dire Claw|p1a: BLACKFLAMEDDEMON\n|-supereffective|p1a: BLACKFLAMEDDEMON\n|-damage|p1a: BLACKFLAMEDDEMON|3\/100\n|-status|p1a: BLACKFLAMEDDEMON|psn\n|\n|-damage|p1a: BLACKFLAMEDDEMON|0 fnt|[from] psn\n|faint|p1a: BLACKFLAMEDDEMON\n|upkeep\n|j| Sp1derC1der\n|c|\u2606AceKing14|bruh ok\n|c| less might be more|bruh fr\n|c|\u2606AceKing14|sneas still broken I see\n|\n|t:|1701218269\n|switch|p1a: SEVENTHDEADLYSIN|Gyarados, F, shiny|100\/100\n|-ability|p1a: SEVENTHDEADLYSIN|Intimidate|boost\n|-unboost|p2a: Noobler|atk|1\n|turn|2\n|c|\u2606TheStroker|ayo no cap\n|c|\u2606AceKing14|this is 100% sash\n|c|\u2606AceKing14|no way it aint\n|\n|t:|1701218291\n|switch|p2a: Goob|Goodra-Hisui, M|100\/100\n|move|p1a: SEVENTHDEADLYSIN|Waterfall|p2a: Goob\n|-resisted|p2a: Goob\n|-damage|p2a: Goob|81\/100\n|\n|upkeep\n|turn|3\n|\n|t:|1701218303\n|detailschange|p1a: SEVENTHDEADLYSIN|Gyarados-Mega, F, shiny\n|-mega|p1a: SEVENTHDEADLYSIN|Gyarados|Gyaradosite\n|-ability|p1a: SEVENTHDEADLYSIN|Mold Breaker\n|move|p1a: SEVENTHDEADLYSIN|Dragon Dance|p1a: SEVENTHDEADLYSIN\n|-boost|p1a: SEVENTHDEADLYSIN|atk|1\n|-boost|p1a: SEVENTHDEADLYSIN|spe|1\n|move|p2a: Goob|Dragon Pulse|p1a: SEVENTHDEADLYSIN\n|-damage|p1a: SEVENTHDEADLYSIN|64\/100\n|\n|upkeep\n|turn|4\n|\n|t:|1701218310\n|move|p1a: SEVENTHDEADLYSIN|Crunch|p2a: Goob\n|-damage|p2a: Goob|15\/100\n|-unboost|p2a: Goob|def|1\n|move|p2a: Goob|Dragon Pulse|p1a: SEVENTHDEADLYSIN\n|-damage|p1a: SEVENTHDEADLYSIN|25\/100\n|\n|upkeep\n|turn|5\n|\n|t:|1701218318\n|move|p1a: SEVENTHDEADLYSIN|Waterfall|p2a: Goob\n|-resisted|p2a: Goob\n|-damage|p2a: Goob|0 fnt\n|faint|p2a: Goob\n|\n|upkeep\n|\n|t:|1701218320\n|switch|p2a: Noobler|Sneasler, M|100\/100\n|turn|6\n|\n|t:|1701218322\n|move|p2a: Noobler|U-turn|p1a: SEVENTHDEADLYSIN\n|-supereffective|p1a: SEVENTHDEADLYSIN\n|-damage|p1a: SEVENTHDEADLYSIN|0 fnt\n|faint|p1a: SEVENTHDEADLYSIN\n|l| Sp1derC1der\n|c|\u2606AceKing14|or scarfed\n|\n|t:|1701218330\n|switch|p2a: Name my|Weavile, M|100\/100|[from] U-turn\n|-ability|p2a: Name my|Pressure\n|\n|upkeep\n|\n|t:|1701218339\n|switch|p1a: IFEELNOTHINGATALL|Garganacl, M, shiny|100\/100\n|turn|7\n|c|\u2606AceKing14|do it low kick\n|\n|t:|1701218347\n|move|p2a: Name my|Knock Off|p1a: IFEELNOTHINGATALL\n|-crit|p1a: IFEELNOTHINGATALL\n|-damage|p1a: IFEELNOTHINGATALL|29\/100\n|-enditem|p1a: IFEELNOTHINGATALL|Leftovers|[from] move: Knock Off|[of] p2a: Name my\n|move|p1a: IFEELNOTHINGATALL|Curse|p1a: IFEELNOTHINGATALL\n|-unboost|p1a: IFEELNOTHINGATALL|spe|1\n|-boost|p1a: IFEELNOTHINGATALL|atk|1\n|-boost|p1a: IFEELNOTHINGATALL|def|1\n|\n|upkeep\n|turn|8\n|c|\u2606AceKing14|or crit\n|c|\u2606AceKing14|that works too\n|\n|t:|1701218355\n|move|p2a: Name my|Knock Off|p1a: IFEELNOTHINGATALL\n|-damage|p1a: IFEELNOTHINGATALL|9\/100\n|move|p1a: IFEELNOTHINGATALL|Recover|p1a: IFEELNOTHINGATALL\n|-heal|p1a: IFEELNOTHINGATALL|59\/100\n|\n|upkeep\n|turn|9\n|\n|t:|1701218364\n|switch|p2a: 8 moves|Meloetta|100\/100\n|move|p1a: IFEELNOTHINGATALL|Recover|p1a: IFEELNOTHINGATALL\n|-heal|p1a: IFEELNOTHINGATALL|100\/100\n|\n|upkeep\n|turn|10\n|\n|t:|1701218368\n|-zpower|p2a: 8 moves\n|move|p2a: 8 moves|Z-Celebrate|p2a: 8 moves|[anim]Celebrate\n|-boost|p2a: 8 moves|atk|1|[zeffect]\n|-boost|p2a: 8 moves|def|1|[zeffect]\n|-boost|p2a: 8 moves|spa|1|[zeffect]\n|-boost|p2a: 8 moves|spd|1|[zeffect]\n|-boost|p2a: 8 moves|spe|1|[zeffect]\n|-activate|p2a: 8 moves|move: Celebrate\n|move|p1a: IFEELNOTHINGATALL|Salt Cure|p2a: 8 moves\n|-damage|p2a: 8 moves|84\/100\n|-start|p2a: 8 moves|Salt Cure\n|\n|-damage|p2a: 8 moves|71\/100|[from] Salt Cure\n|upkeep\n|turn|11\n|c|\u2606AceKing14|not this again\n|\n|t:|1701218377\n|switch|p1a: IMONCLOUDNINE|Cresselia, F, shiny|100\/100\n|move|p2a: 8 moves|Psychic|p1a: IMONCLOUDNINE\n|-resisted|p1a: IMONCLOUDNINE\n|-damage|p1a: IMONCLOUDNINE|79\/100\n|\n|-damage|p2a: 8 moves|59\/100|[from] Salt Cure\n|upkeep\n|turn|12\n|\n|t:|1701218381\n|move|p2a: 8 moves|Hyper Voice|p1a: IMONCLOUDNINE\n|-damage|p1a: IMONCLOUDNINE|32\/100\n|move|p1a: IMONCLOUDNINE|Calm Mind|p1a: IMONCLOUDNINE\n|-boost|p1a: IMONCLOUDNINE|spa|1\n|-boost|p1a: IMONCLOUDNINE|spd|1\n|\n|-damage|p2a: 8 moves|47\/100|[from] Salt Cure\n|upkeep\n|turn|13\n|\n|t:|1701218385\n|move|p2a: 8 moves|Hyper Voice|p1a: IMONCLOUDNINE\n|-damage|p1a: IMONCLOUDNINE|0 fnt\n|faint|p1a: IMONCLOUDNINE\n|\n|-damage|p2a: 8 moves|35\/100|[from] Salt Cure\n|upkeep\n|\n|t:|1701218391\n|switch|p1a: MORETHENJUSTADREAM|Tapu Lele, shiny|100\/100\n|-fieldstart|move: Psychic Terrain|[from] ability: Psychic Surge|[of] p1a: MORETHENJUSTADREAM\n|turn|14\n|\n|t:|1701218395\n|move|p2a: 8 moves|Hyper Voice|p1a: MORETHENJUSTADREAM\n|-damage|p1a: MORETHENJUSTADREAM|39\/100\n|move|p1a: MORETHENJUSTADREAM|Draining Kiss|p2a: 8 moves\n|-damage|p2a: 8 moves|22\/100\n|-heal|p1a: MORETHENJUSTADREAM|48\/100|[from] drain|[of] p2a: 8 moves\n|\n|-heal|p1a: MORETHENJUSTADREAM|54\/100|[from] item: Leftovers\n|-damage|p2a: 8 moves|10\/100|[from] Salt Cure\n|upkeep\n|turn|15\n|\n|t:|1701218405\n|switch|p1a: ONLYGETTINGOLDER|Volcarona, M, shiny|100\/100\n|move|p2a: 8 moves|Psychic|p1a: ONLYGETTINGOLDER\n|-damage|p1a: ONLYGETTINGOLDER|3\/100\n|-unboost|p1a: ONLYGETTINGOLDER|spd|1\n|\n|-damage|p2a: 8 moves|0 fnt|[from] Salt Cure\n|faint|p2a: 8 moves\n|upkeep\n|\n|t:|1701218413\n|switch|p2a: Noobler|Sneasler, M|100\/100\n|turn|16\n|c|\u2606AceKing14|calced\n|\n|t:|1701218418\n|move|p2a: Noobler|U-turn|p1a: ONLYGETTINGOLDER\n|-resisted|p1a: ONLYGETTINGOLDER\n|-damage|p1a: ONLYGETTINGOLDER|0 fnt\n|faint|p1a: ONLYGETTINGOLDER\n|\n|t:|1701218421\n|switch|p2a: Name my|Weavile, M|100\/100|[from] U-turn\n|-ability|p2a: Name my|Pressure\n|\n|upkeep\n|\n|t:|1701218423\n|switch|p1a: IFEELNOTHINGATALL|Garganacl, M, shiny|100\/100\n|turn|17\n|\n|t:|1701218427\n|switch|p2a: Noobler|Sneasler, M|100\/100\n|move|p1a: IFEELNOTHINGATALL|Salt Cure|p2a: Noobler\n|-resisted|p2a: Noobler\n|-damage|p2a: Noobler|90\/100\n|-start|p2a: Noobler|Salt Cure\n|\n|-damage|p2a: Noobler|77\/100|[from] Salt Cure\n|upkeep\n|turn|18\n|\n|t:|1701218433\n|move|p2a: Noobler|Switcheroo|p1a: IFEELNOTHINGATALL\n|-activate|p2a: Noobler|move: Trick|[of] p1a: IFEELNOTHINGATALL\n|-item|p1a: IFEELNOTHINGATALL|Choice Scarf|[from] move: Switcheroo\n|-enditem|p2a: Noobler|Choice Scarf|[silent]|[from] move: Switcheroo\n|move|p1a: IFEELNOTHINGATALL|Recover||[still]\n|-fail|p1a: IFEELNOTHINGATALL|heal\n|\n|-damage|p2a: Noobler|65\/100|[from] Salt Cure\n|-fieldend|move: Psychic Terrain\n|upkeep\n|turn|19\n|\n|t:|1701218441\n|switch|p1a: MORETHENJUSTADREAM|Tapu Lele, shiny|54\/100\n|-fieldstart|move: Psychic Terrain|[from] ability: Psychic Surge|[of] p1a: MORETHENJUSTADREAM\n|move|p2a: Noobler|Dire Claw|p1a: MORETHENJUSTADREAM\n|-supereffective|p1a: MORETHENJUSTADREAM\n|-damage|p1a: MORETHENJUSTADREAM|0 fnt\n|faint|p1a: MORETHENJUSTADREAM\n|\n|-damage|p2a: Noobler|53\/100|[from] Salt Cure\n|upkeep\n|c|\u2606AceKing14|I knew I should have clicked eq\n|\n|t:|1701218448\n|switch|p1a: IFEELNOTHINGATALL|Garganacl, M, shiny|100\/100\n|turn|20\n|\n|t:|1701218452\n|move|p2a: Noobler|Close Combat|p1a: IFEELNOTHINGATALL\n|-supereffective|p1a: IFEELNOTHINGATALL\n|-damage|p1a: IFEELNOTHINGATALL|11\/100\n|-unboost|p2a: Noobler|def|1\n|-unboost|p2a: Noobler|spd|1\n|move|p1a: IFEELNOTHINGATALL|Earthquake|p2a: Noobler\n|-supereffective|p2a: Noobler\n|-damage|p2a: Noobler|0 fnt\n|faint|p2a: Noobler\n|\n|upkeep\n|c|\u2606AceKing14|gg\n|-message|AceKing14 forfeited.\n|\n|win|TheStroker\n|raw|AceKing14's rating: 1495 &rarr; <strong>1484<\/strong><br \/>(-11 for losing)\n|raw|TheStroker's rating: 1653 &rarr; <strong>1664<\/strong><br \/>(+11 for winning)\n|l|\u2606AceKing14\n|c|\u2606TheStroker|gee gee\n","uploadtime":1701218465,"views":0,"p1id":"aceking14","p2id":"thestroker","formatid":"gen9nationaldex","rating":1484,"private":0,"password":""}