{"id":"gen9nationaldex-1996426841","p1":"Scornfulbreak80","p2":"Tunderboltz456","format":"[Gen 9] National Dex","log":"|html|<div class=\"broadcast-blue\"><strong>[Gen 9] National Dex is currently suspecting Sneasler! For information on how to participate check out the <a href=\"https:\/\/www.smogon.com\/forums\/threads\/sv-national-dex-suspect-8-just-dance.3731534\/\">suspect thread<\/a>.<\/strong><\/div>\n|j|\u2606Scornfulbreak80\n|j|\u2606Tunderboltz456\n|t:|1700680941\n|gametype|singles\n|player|p1|Scornfulbreak80|cynthia-gen4|1516\n|player|p2|Tunderboltz456|guzma|1597\n|teamsize|p1|6\n|teamsize|p2|6\n|gen|9\n|tier|[Gen 9] National Dex\n|rated|\n|rule|HP Percentage Mod: HP is shown in percentages\n|rule|Endless Battle Clause: Forcing endless battles is banned\n|rule|OHKO Clause: OHKO moves are banned\n|rule|Evasion Clause: Evasion abilities, items, and moves are banned\n|rule|Evasion Abilities Clause: Evasion abilities are banned\n|rule|Evasion Items Clause: Evasion items are banned\n|rule|Evasion Moves Clause: Evasion moves are banned\n|rule|Species Clause: Limit one of each Pok\u00e9mon\n|rule|Sleep Clause Mod: Limit one foe put to sleep\n|clearpoke\n|poke|p1|Blissey, F|\n|poke|p1|Zapdos|\n|poke|p1|Ursaluna, F|\n|poke|p1|Dondozo, M|\n|poke|p1|Serperior, M|\n|poke|p1|Blacephalon|\n|poke|p2|Haxorus, M|\n|poke|p2|Hatterene, F|\n|poke|p2|Aegislash, M|\n|poke|p2|Ogerpon-Cornerstone, F|\n|poke|p2|Urshifu-*, M|\n|poke|p2|Charizard, M|\n|teampreview\n|inactive|Battle timer is ON: inactive players will automatically lose when time's up. (requested by Tunderboltz456)\n|inactive|Scornfulbreak80 also wants the timer to be on.\n|\n|t:|1700680951\n|start\n|switch|p1a: Blacephalon|Blacephalon|100\/100\n|switch|p2a: Charizard|Charizard, M|100\/100\n|turn|1\n|\n|t:|1700680954\n|detailschange|p2a: Charizard|Charizard-Mega-Y, M\n|-mega|p2a: Charizard|Charizard|Charizardite Y\n|-weather|SunnyDay|[from] ability: Drought|[of] p2a: Charizard\n|move|p1a: Blacephalon|Shadow Ball|p2a: Charizard\n|-damage|p2a: Charizard|57\/100\n|-unboost|p2a: Charizard|spd|1\n|move|p2a: Charizard|Air Slash|p1a: Blacephalon\n|-damage|p1a: Blacephalon|18\/100\n|\n|-weather|SunnyDay|[upkeep]\n|upkeep\n|turn|2\n|\n|t:|1700680958\n|move|p1a: Blacephalon|Shadow Ball|p2a: Charizard\n|-damage|p2a: Charizard|0 fnt\n|faint|p2a: Charizard\n|-ability|p1a: Blacephalon|Beast Boost|boost\n|-boost|p1a: Blacephalon|spa|1\n|\n|-weather|SunnyDay|[upkeep]\n|upkeep\n|\n|t:|1700680960\n|switch|p2a: Ogerpon|Ogerpon-Cornerstone, F|100\/100\n|turn|3\n|\n|t:|1700680970\n|switch|p1a: Ursaluna|Ursaluna, F|100\/100\n|move|p2a: Ogerpon|Ivy Cudgel|p1a: Ursaluna|[anim] Ivy Cudgel Rock\n|-resisted|p1a: Ursaluna\n|-damage|p1a: Ursaluna|78\/100\n|\n|-weather|SunnyDay|[upkeep]\n|-status|p1a: Ursaluna|brn|[from] item: Flame Orb\n|upkeep\n|turn|4\n|\n|t:|1700680976\n|move|p2a: Ogerpon|Swords Dance|p2a: Ogerpon\n|-boost|p2a: Ogerpon|atk|2\n|move|p1a: Ursaluna|Facade|p2a: Ogerpon\n|-resisted|p2a: Ogerpon\n|-damage|p2a: Ogerpon|22\/100\n|\n|-weather|SunnyDay|[upkeep]\n|-damage|p1a: Ursaluna|72\/100 brn|[from] brn\n|upkeep\n|turn|5\n|\n|t:|1700680979\n|switch|p1a: Dondozo|Dondozo, M|100\/100\n|move|p2a: Ogerpon|Horn Leech|p1a: Dondozo\n|-supereffective|p1a: Dondozo\n|-damage|p1a: Dondozo|61\/100\n|-heal|p2a: Ogerpon|55\/100|[from] drain|[of] p1a: Dondozo\n|-damage|p2a: Ogerpon|38\/100|[from] item: Rocky Helmet|[of] p1a: Dondozo\n|\n|-weather|none\n|upkeep\n|turn|6\n|\n|t:|1700680983\n|move|p2a: Ogerpon|Horn Leech|p1a: Dondozo\n|-supereffective|p1a: Dondozo\n|-damage|p1a: Dondozo|20\/100\n|-heal|p2a: Ogerpon|72\/100|[from] drain|[of] p1a: Dondozo\n|-damage|p2a: Ogerpon|56\/100|[from] item: Rocky Helmet|[of] p1a: Dondozo\n|move|p1a: Dondozo|Body Press|p2a: Ogerpon\n|-supereffective|p2a: Ogerpon\n|-damage|p2a: Ogerpon|0 fnt\n|faint|p2a: Ogerpon\n|\n|upkeep\n|\n|t:|1700680985\n|switch|p2a: Haxorus|Haxorus, M, shiny|100\/100\n|-ability|p2a: Haxorus|Mold Breaker\n|turn|7\n|\n|t:|1700680990\n|-terastallize|p1a: Dondozo|Fairy\n|move|p2a: Haxorus|Dragon Dance|p2a: Haxorus\n|-boost|p2a: Haxorus|atk|1\n|-boost|p2a: Haxorus|spe|1\n|move|p1a: Dondozo|Rest|p1a: Dondozo\n|-status|p1a: Dondozo|slp|[from] move: Rest\n|-heal|p1a: Dondozo|100\/100 slp|[silent]\n|\n|upkeep\n|turn|8\n|\n|t:|1700680994\n|move|p2a: Haxorus|Dragon Dance|p2a: Haxorus\n|-boost|p2a: Haxorus|atk|1\n|-boost|p2a: Haxorus|spe|1\n|cant|p1a: Dondozo|slp\n|\n|upkeep\n|turn|9\n|\n|t:|1700680996\n|move|p2a: Haxorus|Poison Jab|p1a: Dondozo\n|-supereffective|p1a: Dondozo\n|-damage|p1a: Dondozo|42\/100 slp\n|-damage|p2a: Haxorus|84\/100|[from] item: Rocky Helmet|[of] p1a: Dondozo\n|cant|p1a: Dondozo|slp\n|\n|upkeep\n|turn|10\n|\n|t:|1700680999\n|move|p2a: Haxorus|Poison Jab|p1a: Dondozo\n|-supereffective|p1a: Dondozo\n|-damage|p1a: Dondozo|0 fnt\n|-damage|p2a: Haxorus|68\/100|[from] item: Rocky Helmet|[of] p1a: Dondozo\n|faint|p1a: Dondozo\n|\n|upkeep\n|\n|t:|1700681006\n|switch|p1a: Ursaluna|Ursaluna, F|72\/100 brn\n|turn|11\n|\n|t:|1700681010\n|move|p2a: Haxorus|Close Combat|p1a: Ursaluna\n|-supereffective|p1a: Ursaluna\n|-damage|p1a: Ursaluna|0 fnt\n|-unboost|p2a: Haxorus|def|1\n|-unboost|p2a: Haxorus|spd|1\n|faint|p1a: Ursaluna\n|\n|upkeep\n|c|\u2606Tunderboltz456|Gg\n|\n|t:|1700681016\n|switch|p1a: Zapdos|Zapdos|100\/100\n|turn|12\n|\n|t:|1700681018\n|move|p2a: Haxorus|Outrage|p1a: Zapdos\n|-damage|p1a: Zapdos|0 fnt\n|faint|p1a: Zapdos\n|\n|upkeep\n|\n|t:|1700681028\n|switch|p1a: Serperior|Serperior, M|100\/100\n|turn|13\n|\n|t:|1700681031\n|switch|p1a: Blacephalon|Blacephalon|18\/100\n|move|p2a: Haxorus|Outrage|p1a: Blacephalon|[from]lockedmove\n|-damage|p1a: Blacephalon|0 fnt\n|faint|p1a: Blacephalon\n|\n|upkeep\n|\n|t:|1700681032\n|switch|p1a: Serperior|Serperior, M|100\/100\n|turn|14\n|\n|t:|1700681035\n|switch|p1a: Blissey|Blissey, F|100\/100\n|move|p2a: Haxorus|Outrage|p1a: Blissey|[from]lockedmove\n|-damage|p1a: Blissey|0 fnt\n|faint|p1a: Blissey\n|-start|p2a: Haxorus|confusion|[fatigue]\n|-enditem|p2a: Haxorus|Lum Berry|[eat]\n|-end|p2a: Haxorus|confusion\n|\n|upkeep\n|\n|t:|1700681037\n|switch|p1a: Serperior|Serperior, M|100\/100\n|turn|15\n|\n|t:|1700681039\n|move|p2a: Haxorus|Outrage|p1a: Serperior\n|-damage|p1a: Serperior|0 fnt\n|faint|p1a: Serperior\n|\n|win|Tunderboltz456\n|raw|Scornfulbreak80's rating: 1516 &rarr; <strong>1501<\/strong><br \/>(-15 for losing)\n|raw|Tunderboltz456's rating: 1597 &rarr; <strong>1612<\/strong><br \/>(+15 for winning)\n|l|\u2606Scornfulbreak80\n|l|\u2606Tunderboltz456\n|j|\u2606Tunderboltz456\n|player|p2|Tunderboltz456|guzma\n","uploadtime":1700681049,"views":5,"p1id":"scornfulbreak80","p2id":"tunderboltz456","formatid":"gen9nationaldex","rating":1501,"private":0,"password":""}