{"id":"gen9nationaldex-1997959037","p1":"Maeby Mitenaut","p2":"KingOrangeZz","format":"[Gen 9] National Dex","log":"|html|<div class=\"broadcast-blue\"><strong>[Gen 9] National Dex is currently suspecting Sneasler! For information on how to participate check out the <a href=\"https:\/\/www.smogon.com\/forums\/threads\/sv-national-dex-suspect-8-just-dance.3731534\/\">suspect thread<\/a>.<\/strong><\/div>\n|j|\u2606Maeby Mitenaut\n|j|\u2606KingOrangeZz\n|t:|1700872263\n|gametype|singles\n|player|p1|Maeby Mitenaut|dahlia|1094\n|player|p2|KingOrangeZz|n|1158\n|teamsize|p1|6\n|teamsize|p2|6\n|gen|9\n|tier|[Gen 9] National Dex\n|rated|\n|rule|HP Percentage Mod: HP is shown in percentages\n|rule|Endless Battle Clause: Forcing endless battles is banned\n|rule|OHKO Clause: OHKO moves are banned\n|rule|Evasion Clause: Evasion abilities, items, and moves are banned\n|rule|Evasion Abilities Clause: Evasion abilities are banned\n|rule|Evasion Items Clause: Evasion items are banned\n|rule|Evasion Moves Clause: Evasion moves are banned\n|rule|Species Clause: Limit one of each Pok\u00e9mon\n|rule|Sleep Clause Mod: Limit one foe put to sleep\n|clearpoke\n|poke|p1|Raichu-Alola, F|\n|poke|p1|Clodsire, F|\n|poke|p1|Tapu Koko|\n|poke|p1|Arctozolt|\n|poke|p1|Iron Hands|\n|poke|p1|Ninetales-Alola, F|\n|poke|p2|Ferrothorn, M|\n|poke|p2|Galvantula, M|\n|poke|p2|Mimikyu, F|\n|poke|p2|Ninetales, M|\n|poke|p2|Glimmora, M|\n|poke|p2|Samurott-Hisui, M|\n|teampreview\n|c|\u2606KingOrangeZz|Glhf\n|inactive|Battle timer is ON: inactive players will automatically lose when time's up. (requested by KingOrangeZz)\n|inactive|Maeby Mitenaut has 120 seconds left.\n|c|\u2606Maeby Mitenaut|you too! <33\n|\n|t:|1700872389\n|start\n|switch|p1a: Ice Spice|Ninetales-Alola, F, shiny|100\/100\n|switch|p2a: Galvantula|Galvantula, M|100\/100\n|-weather|Snow|[from] ability: Snow Warning|[of] p1a: Ice Spice\n|turn|1\n|\n|t:|1700872396\n|switch|p1a: Bluck Buck|Tapu Koko, shiny|100\/100\n|-fieldstart|move: Electric Terrain|[from] ability: Electric Surge|[of] p1a: Bluck Buck\n|move|p2a: Galvantula|Thunder Wave|p1a: Bluck Buck\n|-immune|p1a: Bluck Buck\n|\n|-weather|Snow|[upkeep]\n|upkeep\n|turn|2\n|\n|t:|1700872403\n|move|p1a: Bluck Buck|Taunt|p2a: Galvantula\n|-start|p2a: Galvantula|move: Taunt\n|cant|p2a: Galvantula|move: Taunt|Sticky Web\n|\n|-weather|Snow|[upkeep]\n|upkeep\n|turn|3\n|\n|t:|1700872412\n|switch|p2a: Ferrothorn|Ferrothorn, M|100\/100\n|move|p1a: Bluck Buck|U-turn|p2a: Ferrothorn\n|-damage|p2a: Ferrothorn|87\/100\n|-damage|p1a: Bluck Buck|88\/100|[from] ability: Iron Barbs|[of] p2a: Ferrothorn\n|-damage|p1a: Bluck Buck|71\/100|[from] item: Rocky Helmet|[of] p2a: Ferrothorn\n|\n|t:|1700872419\n|switch|p1a: Big Pap\u00ed|Iron Hands|100\/100|[from] U-turn\n|-activate|p1a: Big Pap\u00ed|ability: Quark Drive\n|-start|p1a: Big Pap\u00ed|quarkdriveatk\n|\n|-weather|Snow|[upkeep]\n|upkeep\n|turn|4\n|\n|t:|1700872430\n|-terastallize|p2a: Ferrothorn|Grass\n|move|p1a: Big Pap\u00ed|Fire Punch|p2a: Ferrothorn\n|-supereffective|p2a: Ferrothorn\n|-damage|p2a: Ferrothorn|29\/100\n|-damage|p1a: Big Pap\u00ed|88\/100|[from] ability: Iron Barbs|[of] p2a: Ferrothorn\n|-damage|p1a: Big Pap\u00ed|71\/100|[from] item: Rocky Helmet|[of] p2a: Ferrothorn\n|move|p2a: Ferrothorn|Leech Seed|p1a: Big Pap\u00ed|[miss]\n|-miss|p2a: Ferrothorn|p1a: Big Pap\u00ed\n|\n|-weather|Snow|[upkeep]\n|upkeep\n|turn|5\n|\n|t:|1700872440\n|switch|p2a: Ninetales|Ninetales, M|100\/100\n|-item|p2a: Ninetales|Air Balloon\n|move|p1a: Big Pap\u00ed|Fire Punch|p2a: Ninetales\n|-start|p2a: Ninetales|ability: Flash Fire\n|\n|-weather|Snow|[upkeep]\n|upkeep\n|turn|6\n|\n|t:|1700872448\n|move|p2a: Ninetales|Flamethrower|p1a: Big Pap\u00ed\n|-damage|p1a: Big Pap\u00ed|38\/100\n|move|p1a: Big Pap\u00ed|Drain Punch|p2a: Ninetales\n|-damage|p2a: Ninetales|7\/100\n|-heal|p1a: Big Pap\u00ed|64\/100|[from] drain|[of] p2a: Ninetales\n|-enditem|p2a: Ninetales|Air Balloon\n|\n|-weather|Snow|[upkeep]\n|upkeep\n|turn|7\n|\n|t:|1700872457\n|move|p2a: Ninetales|Flamethrower|p1a: Big Pap\u00ed\n|-damage|p1a: Big Pap\u00ed|34\/100\n|move|p1a: Big Pap\u00ed|Thunder Punch|p2a: Ninetales\n|-damage|p2a: Ninetales|0 fnt\n|faint|p2a: Ninetales\n|\n|-weather|Snow|[upkeep]\n|upkeep\n|\n|t:|1700872462\n|switch|p2a: Galvantula|Galvantula, M|100\/100\n|turn|8\n|\n|t:|1700872472\n|move|p2a: Galvantula|Sticky Web|p1a: Big Pap\u00ed\n|-sidestart|p1: Maeby Mitenaut|move: Sticky Web\n|move|p1a: Big Pap\u00ed|Fire Punch|p2a: Galvantula\n|-supereffective|p2a: Galvantula\n|-enditem|p2a: Galvantula|Focus Sash\n|-damage|p2a: Galvantula|1\/100\n|\n|-weather|none\n|-fieldend|move: Electric Terrain\n|-end|p1a: Big Pap\u00ed|Quark Drive\n|upkeep\n|turn|9\n|\n|t:|1700872489\n|move|p2a: Galvantula|Bug Buzz|p1a: Big Pap\u00ed\n|-resisted|p1a: Big Pap\u00ed\n|-damage|p1a: Big Pap\u00ed|23\/100\n|move|p1a: Big Pap\u00ed|Fire Punch|p2a: Galvantula\n|-supereffective|p2a: Galvantula\n|-damage|p2a: Galvantula|0 fnt\n|faint|p2a: Galvantula\n|\n|upkeep\n|\n|t:|1700872495\n|switch|p2a: Glimmora|Glimmora, M|100\/100\n|-item|p2a: Glimmora|Air Balloon\n|turn|10\n|\n|t:|1700872521\n|switch|p2a: Mimikyu|Mimikyu, F, shiny|100\/100\n|move|p1a: Big Pap\u00ed|Drain Punch|p2a: Mimikyu\n|-immune|p2a: Mimikyu\n|\n|upkeep\n|turn|11\n|\n|t:|1700872527\n|-zpower|p2a: Mimikyu\n|move|p2a: Mimikyu|Z-Splash|p2a: Mimikyu|[anim]Splash\n|-boost|p2a: Mimikyu|atk|3|[zeffect]\n|-nothing\n|move|p1a: Big Pap\u00ed|Earthquake|p2a: Mimikyu\n|-activate|p2a: Mimikyu|ability: Disguise\n|-damage|p2a: Mimikyu|100\/100\n|detailschange|p2a: Mimikyu|Mimikyu-Busted, F, shiny\n|-damage|p2a: Mimikyu|88\/100|[from] pokemon: Mimikyu-Busted\n|\n|upkeep\n|turn|12\n|\n|t:|1700872540\n|move|p2a: Mimikyu|Play Rough|p1a: Big Pap\u00ed\n|-supereffective|p1a: Big Pap\u00ed\n|-damage|p1a: Big Pap\u00ed|0 fnt\n|faint|p1a: Big Pap\u00ed\n|-end|p1a: Big Pap\u00ed|Quark Drive|[silent]\n|\n|upkeep\n|\n|t:|1700872545\n|switch|p1a: Muddy Buddy|Clodsire, F|100\/100\n|-activate|p1a: Muddy Buddy|move: Sticky Web\n|-unboost|p1a: Muddy Buddy|spe|1\n|turn|13\n|\n|t:|1700872549\n|move|p2a: Mimikyu|Drain Punch|p1a: Muddy Buddy\n|-resisted|p1a: Muddy Buddy\n|-damage|p1a: Muddy Buddy|89\/100\n|-heal|p2a: Mimikyu|99\/100|[from] drain|[of] p1a: Muddy Buddy\n|move|p1a: Muddy Buddy|Toxic|p2a: Mimikyu\n|-status|p2a: Mimikyu|tox\n|\n|-heal|p1a: Muddy Buddy|95\/100|[from] item: Leftovers\n|-damage|p2a: Mimikyu|93\/100 tox|[from] psn\n|upkeep\n|turn|14\n|\n|t:|1700872559\n|switch|p2a: Ferrothorn|Ferrothorn, M, tera:Grass|29\/100\n|move|p1a: Muddy Buddy|Stockpile|p1a: Muddy Buddy\n|-start|p1a: Muddy Buddy|stockpile1\n|-boost|p1a: Muddy Buddy|def|1\n|-boost|p1a: Muddy Buddy|spd|1\n|\n|-heal|p1a: Muddy Buddy|100\/100|[from] item: Leftovers\n|upkeep\n|turn|15\n|\n|t:|1700872570\n|-terastallize|p1a: Muddy Buddy|Flying\n|move|p2a: Ferrothorn|Leech Seed|p1a: Muddy Buddy\n|-start|p1a: Muddy Buddy|move: Leech Seed\n|move|p1a: Muddy Buddy|Toxic|p2a: Ferrothorn\n|-status|p2a: Ferrothorn|tox\n|\n|-damage|p1a: Muddy Buddy|88\/100|[from] Leech Seed|[of] p2a: Ferrothorn\n|-heal|p2a: Ferrothorn|49\/100 tox|[silent]\n|-damage|p2a: Ferrothorn|43\/100 tox|[from] psn\n|upkeep\n|turn|16\n|\n|t:|1700872580\n|move|p2a: Ferrothorn|Knock Off|p1a: Muddy Buddy\n|-damage|p1a: Muddy Buddy|73\/100\n|-enditem|p1a: Muddy Buddy|Leftovers|[from] move: Knock Off|[of] p2a: Ferrothorn\n|move|p1a: Muddy Buddy|Stockpile|p1a: Muddy Buddy\n|-start|p1a: Muddy Buddy|stockpile2\n|-boost|p1a: Muddy Buddy|def|1\n|-boost|p1a: Muddy Buddy|spd|1\n|\n|-damage|p1a: Muddy Buddy|61\/100|[from] Leech Seed|[of] p2a: Ferrothorn\n|-heal|p2a: Ferrothorn|63\/100 tox|[silent]\n|-damage|p2a: Ferrothorn|50\/100 tox|[from] psn\n|upkeep\n|turn|17\n|\n|t:|1700872595\n|move|p2a: Ferrothorn|Stealth Rock|p1a: Muddy Buddy\n|-sidestart|p1: Maeby Mitenaut|move: Stealth Rock\n|move|p1a: Muddy Buddy|Stockpile|p1a: Muddy Buddy\n|-start|p1a: Muddy Buddy|stockpile3\n|-boost|p1a: Muddy Buddy|def|1\n|-boost|p1a: Muddy Buddy|spd|1\n|\n|-damage|p1a: Muddy Buddy|48\/100|[from] Leech Seed|[of] p2a: Ferrothorn\n|-heal|p2a: Ferrothorn|70\/100 tox|[silent]\n|-damage|p2a: Ferrothorn|52\/100 tox|[from] psn\n|upkeep\n|turn|18\n|\n|t:|1700872606\n|switch|p2a: Glimmora|Glimmora, M|100\/100\n|-item|p2a: Glimmora|Air Balloon\n|move|p1a: Muddy Buddy|Recover|p1a: Muddy Buddy\n|-heal|p1a: Muddy Buddy|98\/100\n|\n|-damage|p1a: Muddy Buddy|86\/100|[from] Leech Seed|[of] p2a: Glimmora\n|upkeep\n|turn|19\n|\n|t:|1700872616\n|move|p2a: Glimmora|Mortal Spin|p1a: Muddy Buddy\n|-damage|p1a: Muddy Buddy|83\/100\n|-status|p1a: Muddy Buddy|psn\n|move|p1a: Muddy Buddy|Body Press|p2a: Glimmora\n|-damage|p2a: Glimmora|72\/100\n|-activate|p2a: Glimmora|ability: Toxic Debris\n|-sidestart|p1: Maeby Mitenaut|move: Toxic Spikes\n|-enditem|p2a: Glimmora|Air Balloon\n|\n|-damage|p1a: Muddy Buddy|70\/100 psn|[from] Leech Seed|[of] p2a: Glimmora\n|-heal|p2a: Glimmora|91\/100|[silent]\n|-damage|p1a: Muddy Buddy|58\/100 psn|[from] psn\n|upkeep\n|turn|20\n|\n|t:|1700872628\n|move|p2a: Glimmora|Spikes|p1a: Muddy Buddy\n|-sidestart|p1: Maeby Mitenaut|Spikes\n|move|p1a: Muddy Buddy|Body Press|p2a: Glimmora\n|-damage|p2a: Glimmora|67\/100\n|-activate|p2a: Glimmora|ability: Toxic Debris\n|-sidestart|p1: Maeby Mitenaut|move: Toxic Spikes\n|\n|-damage|p1a: Muddy Buddy|45\/100 psn|[from] Leech Seed|[of] p2a: Glimmora\n|-heal|p2a: Glimmora|86\/100|[silent]\n|-damage|p1a: Muddy Buddy|33\/100 psn|[from] psn\n|upkeep\n|turn|21\n|\n|t:|1700872639\n|move|p2a: Glimmora|Spikes|p1a: Muddy Buddy\n|-sidestart|p1: Maeby Mitenaut|Spikes\n|move|p1a: Muddy Buddy|Recover|p1a: Muddy Buddy\n|-heal|p1a: Muddy Buddy|83\/100 psn\n|\n|-damage|p1a: Muddy Buddy|70\/100 psn|[from] Leech Seed|[of] p2a: Glimmora\n|-heal|p2a: Glimmora|100\/100|[silent]\n|-damage|p1a: Muddy Buddy|58\/100 psn|[from] psn\n|upkeep\n|turn|22\n|\n|t:|1700872647\n|move|p2a: Glimmora|Spikes|p1a: Muddy Buddy\n|-sidestart|p1: Maeby Mitenaut|Spikes\n|move|p1a: Muddy Buddy|Recover|p1a: Muddy Buddy\n|-heal|p1a: Muddy Buddy|100\/100 psn\n|\n|-damage|p1a: Muddy Buddy|88\/100 psn|[from] Leech Seed|[of] p2a: Glimmora\n|-damage|p1a: Muddy Buddy|75\/100 psn|[from] psn\n|upkeep\n|turn|23\n|\n|t:|1700872658\n|switch|p2a: Ferrothorn|Ferrothorn, M, tera:Grass|52\/100 tox\n|switch|p1a: Ice Spice|Ninetales-Alola, F, shiny|100\/100\n|-activate|p1a: Ice Spice|move: Sticky Web\n|-unboost|p1a: Ice Spice|spe|1\n|-damage|p1a: Ice Spice|76\/100|[from] Stealth Rock\n|-status|p1a: Ice Spice|tox\n|-damage|p1a: Ice Spice|51\/100 tox|[from] Spikes\n|-weather|Snow|[from] ability: Snow Warning|[of] p1a: Ice Spice\n|\n|-weather|Snow|[upkeep]\n|-damage|p1a: Ice Spice|44\/100 tox|[from] psn\n|-damage|p2a: Ferrothorn|45\/100 tox|[from] psn\n|upkeep\n|turn|24\n|\n|t:|1700872673\n|switch|p1a: Bluck Buck|Tapu Koko, shiny|71\/100\n|-activate|p1a: Bluck Buck|move: Sticky Web\n|-unboost|p1a: Bluck Buck|spe|1\n|-damage|p1a: Bluck Buck|59\/100|[from] Stealth Rock\n|-status|p1a: Bluck Buck|tox\n|-damage|p1a: Bluck Buck|34\/100 tox|[from] Spikes\n|-fieldstart|move: Electric Terrain|[from] ability: Electric Surge|[of] p1a: Bluck Buck\n|move|p2a: Ferrothorn|Leech Seed|p1a: Bluck Buck\n|-start|p1a: Bluck Buck|move: Leech Seed\n|\n|-weather|Snow|[upkeep]\n|-damage|p1a: Bluck Buck|21\/100 tox|[from] Leech Seed|[of] p2a: Ferrothorn\n|-heal|p2a: Ferrothorn|60\/100 tox|[silent]\n|-damage|p1a: Bluck Buck|15\/100 tox|[from] psn\n|-damage|p2a: Ferrothorn|48\/100 tox|[from] psn\n|upkeep\n|turn|25\n|\n|t:|1700872690\n|switch|p2a: Glimmora|Glimmora, M|100\/100\n|move|p1a: Bluck Buck|Taunt|p2a: Glimmora\n|-start|p2a: Glimmora|move: Taunt\n|\n|-weather|Snow|[upkeep]\n|-damage|p1a: Bluck Buck|3\/100 tox|[from] Leech Seed|[of] p2a: Glimmora\n|-damage|p1a: Bluck Buck|0 fnt|[from] psn\n|faint|p1a: Bluck Buck\n|upkeep\n|\n|t:|1700872699\n|switch|p1a: Muddy Buddy|Clodsire, F, tera:Flying|75\/100 psn\n|-damage|p1a: Muddy Buddy|50\/100 psn|[from] Stealth Rock\n|turn|26\n|c|\u2606Maeby Mitenaut|noooo he doesnt pick up the toxic spikes cuz hes tera flyinggg\n|c|\u2606Maeby Mitenaut|issa wrap\n|c|\u2606Maeby Mitenaut|ggz\n|inactive|Maeby Mitenaut has 120 seconds left.\n|\n|t:|1700872727\n|switch|p2a: Ferrothorn|Ferrothorn, M, tera:Grass|48\/100 tox\n|switch|p1a: Gritty|Arctozolt, shiny|100\/100\n|-activate|p1a: Gritty|move: Sticky Web\n|-unboost|p1a: Gritty|spe|1\n|-damage|p1a: Gritty|76\/100|[from] Stealth Rock\n|-status|p1a: Gritty|tox\n|-damage|p1a: Gritty|51\/100 tox|[from] Spikes\n|\n|-weather|Snow|[upkeep]\n|-damage|p1a: Gritty|45\/100 tox|[from] psn\n|-damage|p2a: Ferrothorn|42\/100 tox|[from] psn\n|upkeep\n|turn|27\n|c|\u2606KingOrangeZz|Ive had it happem to me too\n|inactive|Maeby Mitenaut has 120 seconds left.\n|c|\u2606KingOrangeZz|My glimmora is tery fly top\n|c|\u2606Maeby Mitenaut|i reallllyyy need a clearer, calling ice spinner heavy boots dragonite back to the fold\n|inactive|KingOrangeZz has 120 seconds left.\n|c|\u2606Maeby Mitenaut|yeahhh your team is v well rounded i dig it\n|inactive|Maeby Mitenaut has 90 seconds left.\n|\n|t:|1700872771\n|move|p1a: Gritty|Blizzard|p2a: Ferrothorn\n|-supereffective|p2a: Ferrothorn\n|-damage|p2a: Ferrothorn|0 fnt\n|faint|p2a: Ferrothorn\n|\n|-weather|Snow|[upkeep]\n|-damage|p1a: Gritty|33\/100 tox|[from] psn\n|upkeep\n|inactive|KingOrangeZz has 120 seconds left.\n|c|\u2606KingOrangeZz|Yours to especially for a near enough mono\n|\n|t:|1700872787\n|switch|p2a: Samurott|Samurott-Hisui, M|100\/100\n|turn|28\n|\n|t:|1700872791\n|move|p1a: Gritty|Bolt Beak|p2a: Samurott\n|-supereffective|p2a: Samurott\n|-damage|p2a: Samurott|0 fnt\n|faint|p2a: Samurott\n|\n|-weather|Snow|[upkeep]\n|-damage|p1a: Gritty|15\/100 tox|[from] psn\n|upkeep\n|-enditem|p1a: Gritty|Aguav Berry|[eat]\n|-heal|p1a: Gritty|48\/100 tox|[from] item: Aguav Berry\n|inactive|KingOrangeZz has 120 seconds left.\n|\n|t:|1700872800\n|switch|p2a: Mimikyu|Mimikyu-Busted, F, shiny|93\/100 tox\n|turn|29\n|\n|t:|1700872805\n|move|p2a: Mimikyu|Drain Punch|p1a: Gritty\n|-supereffective|p1a: Gritty\n|-damage|p1a: Gritty|14\/100 tox\n|-heal|p2a: Mimikyu|100\/100 tox|[from] drain|[of] p1a: Gritty\n|move|p1a: Gritty|Bolt Beak|p2a: Mimikyu\n|-damage|p2a: Mimikyu|19\/100 tox\n|\n|-weather|Snow|[upkeep]\n|-damage|p2a: Mimikyu|13\/100 tox|[from] psn\n|-damage|p1a: Gritty|0 fnt|[from] psn\n|faint|p1a: Gritty\n|upkeep\n|inactive|Maeby Mitenaut has 120 seconds left.\n|\n|t:|1700872816\n|switch|p1a: Ice Spice|Ninetales-Alola, F, shiny|44\/100 tox\n|-activate|p1a: Ice Spice|move: Sticky Web\n|-unboost|p1a: Ice Spice|spe|1\n|-damage|p1a: Ice Spice|19\/100 tox|[from] Stealth Rock\n|-damage|p1a: Ice Spice|0 fnt|[from] Spikes\n|faint|p1a: Ice Spice\n|\n|t:|1700872824\n|switch|p1a: Aloha Broha|Raichu-Alola, F, shiny|100\/100\n|-activate|p1a: Aloha Broha|move: Sticky Web\n|-unboost|p1a: Aloha Broha|spe|1\n|-damage|p1a: Aloha Broha|88\/100|[from] Stealth Rock\n|-status|p1a: Aloha Broha|tox\n|-damage|p1a: Aloha Broha|63\/100 tox|[from] Spikes\n|turn|30\n|inactive|Maeby Mitenaut has 120 seconds left.\n|c|\u2606Maeby Mitenaut|lol pulling out 9tails just to watch her die is grusome\n|\n|t:|1700872845\n|move|p1a: Aloha Broha|Surf|p2a: Mimikyu\n|-damage|p2a: Mimikyu|0 fnt\n|faint|p2a: Mimikyu\n|\n|-weather|none\n|-damage|p1a: Aloha Broha|57\/100 tox|[from] psn\n|upkeep\n|\n|t:|1700872853\n|switch|p2a: Glimmora|Glimmora, M|100\/100\n|turn|31\n|\n|t:|1700872857\n|-zpower|p1a: Aloha Broha\n|move|p1a: Aloha Broha|Stoked Sparksurfer|p2a: Glimmora|[zeffect]\n|-damage|p2a: Glimmora|0 fnt\n|faint|p2a: Glimmora\n|\n|win|Maeby Mitenaut\n|raw|Maeby Mitenaut's rating: 1094 &rarr; <strong>1125<\/strong><br \/>(+31 for winning)\n|raw|KingOrangeZz's rating: 1158 &rarr; <strong>1128<\/strong><br \/>(-30 for losing)\n|c|\u2606KingOrangeZz|Ggwp\n|c|\u2606Maeby Mitenaut|thanks you too!\n","uploadtime":1700872874,"views":6,"p1id":"maebymitenaut","p2id":"kingorangezz","formatid":"gen9nationaldex","rating":1125,"private":0,"password":""}