{"id":"gen9nationaldex-1988917391","p1":"Doulgass","p2":"Bill-iever2","format":"[Gen 9] National Dex","log":"|j|\u2606Doulgass\n|j|\u2606Bill-iever2\n|t:|1699787409\n|gametype|singles\n|player|p1|Doulgass|veteran|1189\n|player|p2|Bill-iever2|linebacker|1105\n|teamsize|p1|6\n|teamsize|p2|6\n|gen|9\n|tier|[Gen 9] National Dex\n|rated|\n|rule|HP Percentage Mod: HP is shown in percentages\n|rule|Endless Battle Clause: Forcing endless battles is banned\n|rule|OHKO Clause: OHKO moves are banned\n|rule|Evasion Clause: Evasion abilities, items, and moves are banned\n|rule|Evasion Abilities Clause: Evasion abilities are banned\n|rule|Evasion Items Clause: Evasion items are banned\n|rule|Evasion Moves Clause: Evasion moves are banned\n|rule|Species Clause: Limit one of each Pok\u00e9mon\n|rule|Sleep Clause Mod: Limit one foe put to sleep\n|clearpoke\n|poke|p1|Zeraora|\n|poke|p1|Banette, F|\n|poke|p1|Moltres|\n|poke|p1|Samurott-Hisui, M|\n|poke|p1|Great Tusk|\n|poke|p1|Kyurem|\n|poke|p2|Perrserker, F|\n|poke|p2|Araquanid, M|\n|poke|p2|Silvally-*|\n|poke|p2|Maushold-Four|\n|poke|p2|Charizard, F|\n|poke|p2|Tapu Koko|\n|teampreview\n|inactive|Battle timer is ON: inactive players will automatically lose when time's up. (requested by Bill-iever2)\n|\n|t:|1699787415\n|start\n|switch|p1a: Banette|Banette, F|100\/100\n|switch|p2a: Maushold|Maushold-Four, shiny|100\/100\n|turn|1\n|\n|t:|1699787422\n|detailschange|p1a: Banette|Banette-Mega, F\n|-mega|p1a: Banette|Banette|Banettite\n|move|p1a: Banette|Will-O-Wisp|p2a: Maushold\n|-status|p2a: Maushold|brn\n|move|p2a: Maushold|Tidy Up|p2a: Maushold\n|-boost|p2a: Maushold|atk|1\n|-boost|p2a: Maushold|spe|1\n|\n|-damage|p2a: Maushold|94\/100 brn|[from] brn\n|upkeep\n|turn|2\n|\n|t:|1699787433\n|move|p2a: Maushold|Tidy Up|p2a: Maushold\n|-boost|p2a: Maushold|atk|1\n|-boost|p2a: Maushold|spe|1\n|move|p1a: Banette|Knock Off|p2a: Maushold\n|-damage|p2a: Maushold|21\/100 brn\n|-enditem|p2a: Maushold|Wide Lens|[from] move: Knock Off|[of] p1a: Banette\n|\n|-damage|p2a: Maushold|15\/100 brn|[from] brn\n|upkeep\n|turn|3\n|c|\u2606Bill-iever2|OW\n|c|\u2606Bill-iever2|FUCK\n|c|\u2606Bill-iever2|WHY\n|\n|t:|1699787445\n|switch|p1a: Great Tusk|Great Tusk|100\/100\n|-enditem|p1a: Great Tusk|Booster Energy\n|-activate|p1a: Great Tusk|ability: Protosynthesis|[fromitem]\n|-start|p1a: Great Tusk|protosynthesisatk\n|move|p2a: Maushold|Bite|p1a: Great Tusk\n|-resisted|p1a: Great Tusk\n|-damage|p1a: Great Tusk|93\/100\n|\n|-damage|p2a: Maushold|8\/100 brn|[from] brn\n|upkeep\n|turn|4\n|\n|t:|1699787449\n|move|p2a: Maushold|Bullet Seed|p1a: Great Tusk\n|-supereffective|p1a: Great Tusk\n|-damage|p1a: Great Tusk|79\/100\n|-supereffective|p1a: Great Tusk\n|-damage|p1a: Great Tusk|67\/100\n|-supereffective|p1a: Great Tusk\n|-damage|p1a: Great Tusk|54\/100\n|-hitcount|p1a: Great Tusk|3\n|move|p1a: Great Tusk|Rapid Spin|p2a: Maushold\n|-damage|p2a: Maushold|0 fnt\n|-boost|p1a: Great Tusk|spe|1\n|faint|p2a: Maushold\n|\n|upkeep\n|\n|t:|1699787461\n|switch|p2a: Tapu Koko|Tapu Koko, shiny|100\/100\n|-fieldstart|move: Electric Terrain|[from] ability: Electric Surge|[of] p2a: Tapu Koko\n|turn|5\n|\n|t:|1699787463\n|move|p1a: Great Tusk|Headlong Rush|p2a: Tapu Koko\n|-supereffective|p2a: Tapu Koko\n|-damage|p2a: Tapu Koko|0 fnt\n|-unboost|p1a: Great Tusk|def|1\n|-unboost|p1a: Great Tusk|spd|1\n|faint|p2a: Tapu Koko\n|\n|upkeep\n|\n|t:|1699787475\n|switch|p2a: Silvally|Silvally, shiny|100\/100\n|turn|6\n|\n|t:|1699787478\n|move|p2a: Silvally|Psychic Fangs|p1a: Great Tusk\n|-supereffective|p1a: Great Tusk\n|-damage|p1a: Great Tusk|0 fnt\n|faint|p1a: Great Tusk\n|-end|p1a: Great Tusk|Protosynthesis|[silent]\n|\n|upkeep\n|\n|t:|1699787484\n|switch|p1a: Moltres|Moltres|100\/100\n|turn|7\n|\n|t:|1699787489\n|move|p2a: Silvally|Psychic Fangs|p1a: Moltres\n|-crit|p1a: Moltres\n|-damage|p1a: Moltres|74\/100\n|move|p1a: Moltres|Hurricane|p2a: Silvally\n|-damage|p2a: Silvally|52\/100\n|-start|p2a: Silvally|confusion\n|\n|upkeep\n|turn|8\n|\n|t:|1699787493\n|switch|p2a: Charizard|Charizard, F, shiny|100\/100\n|move|p1a: Moltres|Roost|p1a: Moltres\n|-heal|p1a: Moltres|100\/100\n|-singleturn|p1a: Moltres|move: Roost\n|\n|upkeep\n|turn|9\n|\n|t:|1699787498\n|move|p2a: Charizard|Air Slash|p1a: Moltres\n|-damage|p1a: Moltres|66\/100\n|cant|p1a: Moltres|flinch\n|\n|-fieldend|move: Electric Terrain\n|upkeep\n|turn|10\n|\n|t:|1699787502\n|move|p2a: Charizard|Air Slash|p1a: Moltres\n|-damage|p1a: Moltres|34\/100\n|move|p1a: Moltres|Hurricane|p2a: Charizard\n|-damage|p2a: Charizard|37\/100\n|\n|upkeep\n|turn|11\n|\n|t:|1699787507\n|move|p2a: Charizard|Air Slash|p1a: Moltres\n|-damage|p1a: Moltres|0 fnt\n|faint|p1a: Moltres\n|\n|upkeep\n|\n|t:|1699787510\n|switch|p1a: Samurott|Samurott-Hisui, M|100\/100\n|turn|12\n|\n|t:|1699787518\n|detailschange|p2a: Charizard|Charizard-Mega-Y, F, shiny\n|-mega|p2a: Charizard|Charizard|Charizardite Y\n|-weather|SunnyDay|[from] ability: Drought|[of] p2a: Charizard\n|move|p2a: Charizard|Air Slash|p1a: Samurott\n|-damage|p1a: Samurott|28\/100\n|move|p1a: Samurott|Ceaseless Edge|p2a: Charizard\n|-damage|p2a: Charizard|0 fnt\n|-sidestart|p2: Bill-iever2|Spikes\n|faint|p2a: Charizard\n|-damage|p1a: Samurott|18\/100|[from] item: Life Orb\n|\n|-weather|SunnyDay|[upkeep]\n|upkeep\n|\n|t:|1699787531\n|switch|p2a: Araquanid|Araquanid, M, shiny|100\/100\n|-damage|p2a: Araquanid|88\/100|[from] Spikes\n|turn|13\n|\n|t:|1699787534\n|move|p1a: Samurott|Ceaseless Edge|p2a: Araquanid\n|-damage|p2a: Araquanid|20\/100\n|-sidestart|p2: Bill-iever2|Spikes\n|-damage|p1a: Samurott|8\/100|[from] item: Life Orb\n|move|p2a: Araquanid|Sticky Web|p1a: Samurott\n|-sidestart|p1: Doulgass|move: Sticky Web\n|\n|-weather|SunnyDay|[upkeep]\n|upkeep\n|turn|14\n|\n|t:|1699787538\n|move|p1a: Samurott|Ceaseless Edge|p2a: Araquanid\n|-damage|p2a: Araquanid|0 fnt\n|-sidestart|p2: Bill-iever2|Spikes\n|faint|p2a: Araquanid\n|-damage|p1a: Samurott|0 fnt|[from] item: Life Orb\n|faint|p1a: Samurott\n|\n|-weather|SunnyDay|[upkeep]\n|upkeep\n|\n|t:|1699787545\n|switch|p1a: Banette|Banette-Mega, F|100\/100\n|switch|p2a: Silvally|Silvally, shiny|52\/100\n|-damage|p2a: Silvally|27\/100|[from] Spikes\n|-activate|p1a: Banette|move: Sticky Web\n|-unboost|p1a: Banette|spe|1\n|turn|15\n|\n|t:|1699787549\n|move|p2a: Silvally|Crunch|p1a: Banette\n|-supereffective|p1a: Banette\n|-damage|p1a: Banette|42\/100\n|move|p1a: Banette|Knock Off|p2a: Silvally\n|-damage|p2a: Silvally|0 fnt\n|-enditem|p2a: Silvally|Choice Scarf|[from] move: Knock Off|[of] p1a: Banette\n|faint|p2a: Silvally\n|\n|-weather|SunnyDay|[upkeep]\n|upkeep\n|\n|t:|1699787552\n|switch|p2a: Perrserker|Perrserker, F, shiny|100\/100\n|-damage|p2a: Perrserker|75\/100|[from] Spikes\n|turn|16\n|\n|t:|1699787566\n|move|p1a: Banette|Destiny Bond|p1a: Banette\n|-singlemove|p1a: Banette|Destiny Bond\n|move|p2a: Perrserker|Play Rough|p1a: Banette\n|-damage|p1a: Banette|0 fnt\n|faint|p1a: Banette\n|-activate|p1a: Banette|move: Destiny Bond\n|faint|p2a: Perrserker\n|\n|win|Doulgass\n|raw|Doulgass's rating: 1189 &rarr; <strong>1208<\/strong><br \/>(+19 for winning)\n|raw|Bill-iever2's rating: 1105 &rarr; <strong>1086<\/strong><br \/>(-19 for losing)\n|c|\u2606Bill-iever2|Fuck\n|c|\u2606Doulgass|Gg\n|c|\u2606Bill-iever2|Why\n|c|\u2606Bill-iever2|No gg\n|c|\u2606Doulgass|Yep gg\n|c|\u2606Bill-iever2|No\n|c|\u2606Doulgass|Why not\n|c|\u2606Bill-iever2|Why destiny bond\n|c|\u2606Bill-iever2|It's overpowered\n|c|\u2606Doulgass|The real question is why wouldn't i\n|c|\u2606Bill-iever2|Its a 1v1\n|c|\u2606Bill-iever2|1v3*\n|c|\u2606Doulgass|Exactly\n|c|\u2606Bill-iever2|Nvm\n|c|\u2606Bill-iever2|No gg\n|c|\u2606Doulgass|No i get your point\n|c|\u2606Bill-iever2|Good\n|c|\u2606Bill-iever2|Gg\n|c|\u2606Doulgass|I dont agree\n|c|\u2606Doulgass|With your point\n|c|\u2606Doulgass|But i get ut\n|c|\u2606Doulgass|It*\n|c|\u2606Bill-iever2|Eat the last three letters of your name\n|c|\u2606Bill-iever2|Jk\n|c|\u2606Doulgass|:(\n|c|\u2606Bill-iever2|Ggs\n|c|\u2606Doulgass|Ggs\n|l|\u2606Bill-iever2\n|l|\u2606Doulgass\n|j|\u2606Doulgass\n|player|p1|Doulgass|veteran\n|l|\u2606Doulgass\n|player|p1|\n|j|\u2606Doulgass\n|player|p1|Doulgass|veteran\n","uploadtime":1699787720,"views":4,"p1id":"doulgass","p2id":"billiever2","formatid":"gen9nationaldex","rating":1086,"private":0,"password":""}