{"id":"gen9nationaldex-1996953463","p1":"ShriveledMonkey","p2":"draco cula","format":"[Gen 9] National Dex","log":"|html|<div class=\"broadcast-blue\"><strong>[Gen 9] National Dex is currently suspecting Sneasler! For information on how to participate check out the <a href=\"https:\/\/www.smogon.com\/forums\/threads\/sv-national-dex-suspect-8-just-dance.3731534\/\">suspect thread<\/a>.<\/strong><\/div>\n|j|\u2606ShriveledMonkey\n|j|\u2606draco cula\n|t:|1700749057\n|gametype|singles\n|player|p1|ShriveledMonkey|169|1090\n|player|p2|draco cula|blue|1024\n|teamsize|p1|6\n|teamsize|p2|6\n|gen|9\n|tier|[Gen 9] National Dex\n|rated|\n|rule|HP Percentage Mod: HP is shown in percentages\n|rule|Endless Battle Clause: Forcing endless battles is banned\n|rule|OHKO Clause: OHKO moves are banned\n|rule|Evasion Clause: Evasion abilities, items, and moves are banned\n|rule|Evasion Abilities Clause: Evasion abilities are banned\n|rule|Evasion Items Clause: Evasion items are banned\n|rule|Evasion Moves Clause: Evasion moves are banned\n|rule|Species Clause: Limit one of each Pok\u00e9mon\n|rule|Sleep Clause Mod: Limit one foe put to sleep\n|clearpoke\n|poke|p1|Coalossal, F|\n|poke|p1|Sudowoodo, F|\n|poke|p1|Cinderace, F|\n|poke|p1|Mantine, F|\n|poke|p1|Bewear, M|\n|poke|p1|Flamigo, F|\n|poke|p2|Charizard, M|\n|poke|p2|Sirfetch\u2019d, F|\n|poke|p2|Meowscarada, F|\n|poke|p2|Garchomp, M|\n|poke|p2|Xurkitree|\n|poke|p2|Corviknight, F|\n|teampreview\n|inactive|Battle timer is ON: inactive players will automatically lose when time's up. (requested by draco cula)\n|\n|t:|1700749076\n|start\n|switch|p1a: Mantine|Mantine, F|100\/100\n|switch|p2a: Garchomp|Garchomp, M|100\/100\n|turn|1\n|\n|t:|1700749084\n|switch|p2a: Meowscarada|Meowscarada, F|100\/100\n|move|p1a: Mantine|Toxic|p2a: Meowscarada\n|-status|p2a: Meowscarada|tox\n|\n|-damage|p2a: Meowscarada|94\/100 tox|[from] psn\n|upkeep\n|turn|2\n|\n|t:|1700749093\n|move|p2a: Meowscarada|Leech Seed|p1a: Mantine\n|-start|p2a: Meowscarada|typechange|Grass|[from] ability: Protean\n|-start|p1a: Mantine|move: Leech Seed\n|move|p1a: Mantine|Hurricane|p2a: Meowscarada\n|-supereffective|p2a: Meowscarada\n|-damage|p2a: Meowscarada|10\/100 tox\n|-start|p2a: Meowscarada|confusion\n|\n|-damage|p1a: Mantine|88\/100|[from] Leech Seed|[of] p2a: Meowscarada\n|-heal|p2a: Meowscarada|24\/100 tox|[silent]\n|-damage|p2a: Meowscarada|12\/100 tox|[from] psn\n|upkeep\n|turn|3\n|\n|t:|1700749108\n|-activate|p2a: Meowscarada|confusion\n|move|p2a: Meowscarada|Protect|p2a: Meowscarada\n|-singleturn|p2a: Meowscarada|Protect\n|move|p1a: Mantine|Scald|p2a: Meowscarada\n|-activate|p2a: Meowscarada|move: Protect\n|\n|-damage|p1a: Mantine|76\/100|[from] Leech Seed|[of] p2a: Meowscarada\n|-heal|p2a: Meowscarada|27\/100 tox|[silent]\n|-damage|p2a: Meowscarada|9\/100 tox|[from] psn\n|upkeep\n|turn|4\n|\n|t:|1700749119\n|-activate|p2a: Meowscarada|confusion\n|move|p2a: Meowscarada|Sucker Punch|p1a: Mantine\n|-damage|p1a: Mantine|56\/100\n|move|p1a: Mantine|Scald|p2a: Meowscarada\n|-resisted|p2a: Meowscarada\n|-damage|p2a: Meowscarada|0 fnt\n|faint|p2a: Meowscarada\n|\n|upkeep\n|\n|t:|1700749126\n|switch|p2a: Corviknight|Corviknight, F|100\/100\n|-ability|p2a: Corviknight|Pressure\n|turn|5\n|\n|t:|1700749132\n|move|p1a: Mantine|Scald|p2a: Corviknight\n|-damage|p2a: Corviknight|75\/100\n|move|p2a: Corviknight|Iron Defense|p2a: Corviknight\n|-boost|p2a: Corviknight|def|2\n|\n|-heal|p2a: Corviknight|82\/100|[from] item: Leftovers\n|-damage|p1a: Mantine|44\/100|[from] Leech Seed|[of] p2a: Corviknight\n|-heal|p2a: Corviknight|94\/100|[silent]\n|upkeep\n|turn|6\n|\n|t:|1700749141\n|move|p1a: Mantine|Roost|p1a: Mantine\n|-heal|p1a: Mantine|94\/100\n|-singleturn|p1a: Mantine|move: Roost\n|move|p2a: Corviknight|Iron Defense|p2a: Corviknight\n|-boost|p2a: Corviknight|def|2\n|\n|-heal|p2a: Corviknight|100\/100|[from] item: Leftovers\n|-damage|p1a: Mantine|82\/100|[from] Leech Seed|[of] p2a: Corviknight\n|upkeep\n|turn|7\n|\n|t:|1700749150\n|move|p1a: Mantine|Scald|p2a: Corviknight\n|-damage|p2a: Corviknight|75\/100\n|-status|p2a: Corviknight|brn\n|move|p2a: Corviknight|Iron Defense|p2a: Corviknight\n|-boost|p2a: Corviknight|def|2\n|\n|-heal|p2a: Corviknight|82\/100 brn|[from] item: Leftovers\n|-damage|p1a: Mantine|69\/100|[from] Leech Seed|[of] p2a: Corviknight\n|-heal|p2a: Corviknight|94\/100 brn|[silent]\n|-damage|p2a: Corviknight|88\/100 brn|[from] brn\n|upkeep\n|turn|8\n|\n|t:|1700749167\n|switch|p1a: Cinderace|Cinderace, F|100\/100\n|switch|p2a: Xurkitree|Xurkitree|100\/100\n|\n|upkeep\n|turn|9\n|\n|t:|1700749184\n|move|p1a: Cinderace|Pyro Ball|p2a: Xurkitree\n|-damage|p2a: Xurkitree|25\/100\n|move|p2a: Xurkitree|Thunder Wave|p1a: Cinderace\n|-status|p1a: Cinderace|par\n|\n|-heal|p2a: Xurkitree|31\/100|[from] item: Leftovers\n|upkeep\n|turn|10\n|\n|t:|1700749193\n|move|p2a: Xurkitree|Thunderbolt|p1a: Cinderace\n|-damage|p1a: Cinderace|18\/100 par\n|move|p1a: Cinderace|Pyro Ball|p2a: Xurkitree\n|-damage|p2a: Xurkitree|0 fnt\n|faint|p2a: Xurkitree\n|\n|upkeep\n|\n|t:|1700749202\n|switch|p2a: Garchomp|Garchomp, M|100\/100\n|turn|11\n|\n|t:|1700749205\n|move|p2a: Garchomp|Swords Dance|p2a: Garchomp\n|-boost|p2a: Garchomp|atk|2\n|move|p1a: Cinderace|U-turn|p2a: Garchomp\n|-start|p1a: Cinderace|typechange|Bug|[from] ability: Libero\n|-damage|p2a: Garchomp|71\/100\n|-damage|p1a: Cinderace|6\/100 par|[from] ability: Rough Skin|[of] p2a: Garchomp\n|\n|t:|1700749213\n|switch|p1a: Bewear|Bewear, M|100\/100|[from] U-turn\n|\n|upkeep\n|turn|12\n|\n|t:|1700749221\n|-terastallize|p1a: Bewear|Ice\n|move|p2a: Garchomp|Outrage|p1a: Bewear\n|-damage|p1a: Bewear|51\/100\n|move|p1a: Bewear|Ice Punch|p2a: Garchomp\n|-supereffective|p2a: Garchomp\n|-damage|p2a: Garchomp|0 fnt\n|-damage|p1a: Bewear|39\/100|[from] ability: Rough Skin|[of] p2a: Garchomp\n|faint|p2a: Garchomp\n|\n|upkeep\n|\n|t:|1700749231\n|switch|p2a: Charizard|Charizard, M|100\/100\n|turn|13\n|\n|t:|1700749237\n|detailschange|p2a: Charizard|Charizard-Mega-X, M\n|-mega|p2a: Charizard|Charizard|Charizardite X\n|move|p2a: Charizard|Fire Blast|p1a: Bewear\n|-supereffective|p1a: Bewear\n|-damage|p1a: Bewear|0 fnt\n|faint|p1a: Bewear\n|\n|upkeep\n|\n|t:|1700749249\n|switch|p1a: Coalossal|Coalossal, F|100\/100\n|turn|14\n|\n|t:|1700749257\n|switch|p2a: Corviknight|Corviknight, F|88\/100 brn\n|-ability|p2a: Corviknight|Pressure\n|move|p1a: Coalossal|Rock Blast|p2a: Corviknight\n|-damage|p2a: Corviknight|82\/100 brn\n|-damage|p2a: Corviknight|76\/100 brn\n|-damage|p2a: Corviknight|71\/100 brn\n|-hitcount|p2a: Corviknight|3\n|\n|-heal|p2a: Corviknight|77\/100 brn|[from] item: Leftovers\n|-damage|p2a: Corviknight|71\/100 brn|[from] brn\n|upkeep\n|turn|15\n|\n|t:|1700749269\n|move|p2a: Corviknight|Iron Defense|p2a: Corviknight\n|-boost|p2a: Corviknight|def|2\n|move|p1a: Coalossal|Stealth Rock|p2a: Corviknight\n|-sidestart|p2: draco cula|move: Stealth Rock\n|\n|-heal|p2a: Corviknight|77\/100 brn|[from] item: Leftovers\n|-damage|p2a: Corviknight|71\/100 brn|[from] brn\n|upkeep\n|turn|16\n|\n|t:|1700749277\n|move|p2a: Corviknight|Defog|p1a: Coalossal\n|-unboost|p1a: Coalossal|evasion|1\n|-sideend|p2: draco cula|Stealth Rock|[from] move: Defog|[of] p2a: Corviknight\n|move|p1a: Coalossal|Spikes|p2a: Corviknight\n|-sidestart|p2: draco cula|Spikes\n|\n|-heal|p2a: Corviknight|77\/100 brn|[from] item: Leftovers\n|-damage|p2a: Corviknight|71\/100 brn|[from] brn\n|upkeep\n|turn|17\n|\n|t:|1700749288\n|switch|p1a: Cinderace|Cinderace, F|6\/100 par\n|move|p2a: Corviknight|Defog|p1a: Cinderace\n|-unboost|p1a: Cinderace|evasion|1\n|-sideend|p2: draco cula|Spikes|[from] move: Defog|[of] p2a: Corviknight\n|\n|-heal|p2a: Corviknight|77\/100 brn|[from] item: Leftovers\n|-damage|p2a: Corviknight|71\/100 brn|[from] brn\n|upkeep\n|turn|18\n|\n|t:|1700749298\n|move|p2a: Corviknight|Iron Head|p1a: Cinderace\n|-resisted|p1a: Cinderace\n|-damage|p1a: Cinderace|0 fnt\n|faint|p1a: Cinderace\n|\n|-heal|p2a: Corviknight|77\/100 brn|[from] item: Leftovers\n|-damage|p2a: Corviknight|71\/100 brn|[from] brn\n|upkeep\n|\n|t:|1700749305\n|switch|p1a: Mantine|Mantine, F|69\/100\n|turn|19\n|\n|t:|1700749311\n|move|p1a: Mantine|Scald|p2a: Corviknight\n|-damage|p2a: Corviknight|48\/100 brn\n|move|p2a: Corviknight|Brave Bird|p1a: Mantine\n|-damage|p1a: Mantine|50\/100\n|-damage|p2a: Corviknight|41\/100 brn|[from] Recoil\n|\n|-heal|p2a: Corviknight|47\/100 brn|[from] item: Leftovers\n|-damage|p2a: Corviknight|41\/100 brn|[from] brn\n|upkeep\n|turn|20\n|\n|t:|1700749321\n|move|p1a: Mantine|Roost|p1a: Mantine\n|-heal|p1a: Mantine|99\/100\n|-singleturn|p1a: Mantine|move: Roost\n|move|p2a: Corviknight|Brave Bird|p1a: Mantine\n|-damage|p1a: Mantine|81\/100\n|-damage|p2a: Corviknight|35\/100 brn|[from] Recoil\n|\n|-heal|p2a: Corviknight|41\/100 brn|[from] item: Leftovers\n|-damage|p2a: Corviknight|35\/100 brn|[from] brn\n|upkeep\n|turn|21\n|\n|t:|1700749333\n|move|p1a: Mantine|Scald|p2a: Corviknight\n|-damage|p2a: Corviknight|13\/100 brn\n|move|p2a: Corviknight|Brave Bird|p1a: Mantine\n|-damage|p1a: Mantine|60\/100\n|-damage|p2a: Corviknight|6\/100 brn|[from] Recoil\n|\n|-heal|p2a: Corviknight|13\/100 brn|[from] item: Leftovers\n|-damage|p2a: Corviknight|6\/100 brn|[from] brn\n|upkeep\n|turn|22\n|\n|t:|1700749344\n|move|p1a: Mantine|Scald|p2a: Corviknight\n|-damage|p2a: Corviknight|0 fnt\n|faint|p2a: Corviknight\n|\n|upkeep\n|\n|t:|1700749351\n|switch|p2a: Charizard|Charizard-Mega-X, M|100\/100\n|turn|23\n|\n|t:|1700749355\n|move|p2a: Charizard|Thunder Punch|p1a: Mantine\n|-supereffective|p1a: Mantine\n|-damage|p1a: Mantine|0 fnt\n|faint|p1a: Mantine\n|\n|upkeep\n|\n|t:|1700749361\n|switch|p1a: Coalossal|Coalossal, F|100\/100\n|turn|24\n|\n|t:|1700749373\n|switch|p2a: Sirfetch\u2019d|Sirfetch\u2019d, F|100\/100\n|move|p1a: Coalossal|Spikes|p2a: Sirfetch\u2019d\n|-sidestart|p2: draco cula|Spikes\n|\n|upkeep\n|turn|25\n|\n|t:|1700749383\n|move|p2a: Sirfetch\u2019d|Close Combat|p1a: Coalossal\n|-supereffective|p1a: Coalossal\n|-damage|p1a: Coalossal|16\/100\n|-unboost|p2a: Sirfetch\u2019d|def|1\n|-unboost|p2a: Sirfetch\u2019d|spd|1\n|-status|p2a: Sirfetch\u2019d|brn|[from] ability: Flame Body|[of] p1a: Coalossal\n|move|p1a: Coalossal|Stealth Rock|p2a: Sirfetch\u2019d\n|-sidestart|p2: draco cula|move: Stealth Rock\n|\n|-damage|p2a: Sirfetch\u2019d|94\/100 brn|[from] brn\n|upkeep\n|turn|26\n|\n|t:|1700749394\n|move|p2a: Sirfetch\u2019d|Close Combat|p1a: Coalossal\n|-supereffective|p1a: Coalossal\n|-crit|p1a: Coalossal\n|-damage|p1a: Coalossal|0 fnt\n|-unboost|p2a: Sirfetch\u2019d|def|1\n|-unboost|p2a: Sirfetch\u2019d|spd|1\n|faint|p1a: Coalossal\n|\n|-damage|p2a: Sirfetch\u2019d|88\/100 brn|[from] brn\n|upkeep\n|\n|t:|1700749402\n|switch|p1a: Flamigo|Flamigo, F|100\/100\n|turn|27\n|\n|t:|1700749409\n|-terastallize|p2a: Sirfetch\u2019d|Steel\n|move|p1a: Flamigo|Brave Bird|p2a: Sirfetch\u2019d\n|-resisted|p2a: Sirfetch\u2019d\n|-damage|p2a: Sirfetch\u2019d|2\/100 brn\n|-damage|p1a: Flamigo|75\/100|[from] Recoil\n|-damage|p1a: Flamigo|65\/100|[from] item: Life Orb\n|move|p2a: Sirfetch\u2019d|Brave Bird|p1a: Flamigo\n|-supereffective|p1a: Flamigo\n|-crit|p1a: Flamigo\n|-damage|p1a: Flamigo|0 fnt\n|faint|p1a: Flamigo\n|-damage|p2a: Sirfetch\u2019d|0 fnt|[from] Recoil\n|faint|p2a: Sirfetch\u2019d\n|\n|upkeep\n|\n|t:|1700749423\n|switch|p1a: Sudowoodo|Sudowoodo, F|100\/100\n|switch|p2a: Charizard|Charizard-Mega-X, M|100\/100\n|-damage|p2a: Charizard|88\/100|[from] Spikes\n|-damage|p2a: Charizard|63\/100|[from] Stealth Rock\n|turn|28\n|\n|t:|1700749432\n|move|p2a: Charizard|Dragon Claw|p1a: Sudowoodo\n|-damage|p1a: Sudowoodo|59\/100\n|move|p1a: Sudowoodo|Head Smash|p2a: Charizard\n|-supereffective|p2a: Charizard\n|-damage|p2a: Charizard|0 fnt\n|faint|p2a: Charizard\n|\n|win|ShriveledMonkey\n|raw|ShriveledMonkey's rating: 1090 &rarr; <strong>1112<\/strong><br \/>(+22 for winning)\n|raw|draco cula's rating: 1024 &rarr; <strong>1013<\/strong><br \/>(-11 for losing)\n","uploadtime":1700749441,"views":0,"p1id":"shriveledmonkey","p2id":"dracocula","formatid":"gen9nationaldex","rating":1013,"private":0,"password":""}