{"id":"gen9nationaldex-1999206228","p1":"universe1pxh","p2":"puddingss","format":"[Gen 9] National Dex","log":"|html|<div class=\"broadcast-blue\"><strong>[Gen 9] National Dex is currently suspecting Sneasler! For information on how to participate check out the <a href=\"https:\/\/www.smogon.com\/forums\/threads\/sv-national-dex-suspect-8-just-dance.3731534\/\">suspect thread<\/a>.<\/strong><\/div>\n|j|\u2606universe1pxh\n|j|\u2606puddingss\n|t:|1701045332\n|gametype|singles\n|player|p1|universe1pxh|iris-gen5bw2|1477\n|player|p2|puddingss|steven|1527\n|teamsize|p1|6\n|teamsize|p2|6\n|gen|9\n|tier|[Gen 9] National Dex\n|rated|\n|rule|HP Percentage Mod: HP is shown in percentages\n|rule|Endless Battle Clause: Forcing endless battles is banned\n|rule|OHKO Clause: OHKO moves are banned\n|rule|Evasion Clause: Evasion abilities, items, and moves are banned\n|rule|Evasion Abilities Clause: Evasion abilities are banned\n|rule|Evasion Items Clause: Evasion items are banned\n|rule|Evasion Moves Clause: Evasion moves are banned\n|rule|Species Clause: Limit one of each Pok\u00e9mon\n|rule|Sleep Clause Mod: Limit one foe put to sleep\n|clearpoke\n|poke|p1|Kricketune, M|\n|poke|p1|Tsareena, F|\n|poke|p1|Gardevoir, M|\n|poke|p1|Garchomp, F|\n|poke|p1|Blissey, F|\n|poke|p1|Hypno, F|\n|poke|p2|Grimmsnarl, M|\n|poke|p2|Mew|\n|poke|p2|Excadrill, F|\n|poke|p2|Kommo-o, F|\n|poke|p2|Iron Valiant|\n|poke|p2|Gyarados, M|\n|teampreview\n|inactive|Battle timer is ON: inactive players will automatically lose when time's up. (requested by puddingss)\n|\n|t:|1701045340\n|start\n|switch|p1a: \u97f3\u7bb1\u87c0\u4fa0|Kricketune, M|100\/100\n|switch|p2a: Excadrill|Excadrill, F|100\/100\n|-ability|p2a: Excadrill|Mold Breaker\n|turn|1\n|\n|t:|1701045350\n|move|p2a: Excadrill|Rapid Spin|p1a: \u97f3\u7bb1\u87c0\u4fa0\n|-damage|p1a: \u97f3\u7bb1\u87c0\u4fa0|66\/100\n|-boost|p2a: Excadrill|spe|1\n|move|p1a: \u97f3\u7bb1\u87c0\u4fa0|Knock Off|p2a: Excadrill\n|-crit|p2a: Excadrill\n|-damage|p2a: Excadrill|42\/100\n|-enditem|p2a: Excadrill|Focus Sash|[from] move: Knock Off|[of] p1a: \u97f3\u7bb1\u87c0\u4fa0\n|\n|upkeep\n|turn|2\n|\n|t:|1701045366\n|move|p2a: Excadrill|Stealth Rock|p1a: \u97f3\u7bb1\u87c0\u4fa0\n|-sidestart|p1: universe1pxh|move: Stealth Rock\n|move|p1a: \u97f3\u7bb1\u87c0\u4fa0|Sticky Web|p2a: Excadrill\n|-sidestart|p2: puddingss|move: Sticky Web\n|\n|upkeep\n|turn|3\n|\n|t:|1701045377\n|move|p2a: Excadrill|Rapid Spin|p1a: \u97f3\u7bb1\u87c0\u4fa0\n|-damage|p1a: \u97f3\u7bb1\u87c0\u4fa0|31\/100\n|-boost|p2a: Excadrill|spe|1\n|-sideend|p2: puddingss|Sticky Web|[from] move: Rapid Spin|[of] p2a: Excadrill\n|move|p1a: \u97f3\u7bb1\u87c0\u4fa0|Knock Off|p2a: Excadrill\n|-damage|p2a: Excadrill|13\/100\n|\n|upkeep\n|turn|4\n|\n|t:|1701045385\n|move|p2a: Excadrill|Rock Tomb|p1a: \u97f3\u7bb1\u87c0\u4fa0|[miss]\n|-miss|p2a: Excadrill|p1a: \u97f3\u7bb1\u87c0\u4fa0\n|move|p1a: \u97f3\u7bb1\u87c0\u4fa0|Knock Off|p2a: Excadrill\n|-damage|p2a: Excadrill|0 fnt\n|faint|p2a: Excadrill\n|\n|upkeep\n|c|\u2606puddingss|\u97f3\u7bb1\u87c0\u80fd\u505a\u4ec0\u4e48\n|\n|t:|1701045398\n|switch|p2a: Kommo-o|Kommo-o, F|100\/100\n|turn|5\n|\n|t:|1701045402\n|move|p2a: Kommo-o|Clangorous Soul|p2a: Kommo-o\n|-boost|p2a: Kommo-o|atk|1\n|-boost|p2a: Kommo-o|def|1\n|-boost|p2a: Kommo-o|spa|1\n|-boost|p2a: Kommo-o|spd|1\n|-boost|p2a: Kommo-o|spe|1\n|-damage|p2a: Kommo-o|68\/100\n|-enditem|p2a: Kommo-o|Throat Spray\n|-boost|p2a: Kommo-o|spa|1|[from] item: Throat Spray\n|move|p1a: \u97f3\u7bb1\u87c0\u4fa0|Endeavor|p2a: Kommo-o\n|-damage|p2a: Kommo-o|31\/100\n|\n|upkeep\n|turn|6\n|\n|t:|1701045407\n|move|p2a: Kommo-o|Boomburst|p1a: \u97f3\u7bb1\u87c0\u4fa0\n|-damage|p1a: \u97f3\u7bb1\u87c0\u4fa0|0 fnt\n|faint|p1a: \u97f3\u7bb1\u87c0\u4fa0\n|\n|upkeep\n|\n|t:|1701045412\n|switch|p1a: \u5e78\u798f\u86cb\u8001\u5e08|Blissey, F|100\/100\n|turn|7\n|\n|t:|1701045420\n|move|p2a: Kommo-o|Drain Punch|p1a: \u5e78\u798f\u86cb\u8001\u5e08\n|-supereffective|p1a: \u5e78\u798f\u86cb\u8001\u5e08\n|-crit|p1a: \u5e78\u798f\u86cb\u8001\u5e08\n|-damage|p1a: \u5e78\u798f\u86cb\u8001\u5e08|8\/100\n|-heal|p2a: Kommo-o|100\/100|[from] drain|[of] p1a: \u5e78\u798f\u86cb\u8001\u5e08\n|move|p1a: \u5e78\u798f\u86cb\u8001\u5e08|Seismic Toss|p2a: Kommo-o\n|-damage|p2a: Kommo-o|66\/100\n|\n|upkeep\n|turn|8\n|\n|t:|1701045437\n|switch|p1a: \u5f15\u68a6\u8c98\u4eba\u6821\u957f|Hypno, F|100\/100\n|-damage|p1a: \u5f15\u68a6\u8c98\u4eba\u6821\u957f|88\/100|[from] Stealth Rock\n|move|p2a: Kommo-o|Drain Punch|p1a: \u5f15\u68a6\u8c98\u4eba\u6821\u957f\n|-resisted|p1a: \u5f15\u68a6\u8c98\u4eba\u6821\u957f\n|-damage|p1a: \u5f15\u68a6\u8c98\u4eba\u6821\u957f|73\/100\n|-heal|p2a: Kommo-o|75\/100|[from] drain|[of] p1a: \u5f15\u68a6\u8c98\u4eba\u6821\u957f\n|-enditem|p1a: \u5f15\u68a6\u8c98\u4eba\u6821\u957f|Red Card|[of] p2a: Kommo-o\n|drag|p2a: Iron Valiant|Iron Valiant|100\/100\n|-enditem|p2a: Iron Valiant|Booster Energy\n|-activate|p2a: Iron Valiant|ability: Quark Drive|[fromitem]\n|-start|p2a: Iron Valiant|quarkdrivespe\n|\n|upkeep\n|turn|9\n|c|\u2606puddingss|\u518d\u8fdb\u5316\u4e00\u6bb5\u518d\u6765\u5427\n|\n|t:|1701045449\n|move|p2a: Iron Valiant|Shadow Ball|p1a: \u5f15\u68a6\u8c98\u4eba\u6821\u957f\n|-supereffective|p1a: \u5f15\u68a6\u8c98\u4eba\u6821\u957f\n|-damage|p1a: \u5f15\u68a6\u8c98\u4eba\u6821\u957f|32\/100\n|move|p1a: \u5f15\u68a6\u8c98\u4eba\u6821\u957f|Light Screen|p1a: \u5f15\u68a6\u8c98\u4eba\u6821\u957f\n|-sidestart|p1: universe1pxh|move: Light Screen\n|\n|upkeep\n|turn|10\n|\n|t:|1701045454\n|move|p2a: Iron Valiant|Encore|p1a: \u5f15\u68a6\u8c98\u4eba\u6821\u957f\n|-start|p1a: \u5f15\u68a6\u8c98\u4eba\u6821\u957f|Encore\n|move|p1a: \u5f15\u68a6\u8c98\u4eba\u6821\u957f|Light Screen||[still]\n|-fail|p1a: \u5f15\u68a6\u8c98\u4eba\u6821\u957f\n|\n|upkeep\n|turn|11\n|\n|t:|1701045469\n|switch|p1a: \u5e78\u798f\u86cb\u8001\u5e08|Blissey, F|8\/100\n|move|p2a: Iron Valiant|Moonblast|p1a: \u5e78\u798f\u86cb\u8001\u5e08\n|-damage|p1a: \u5e78\u798f\u86cb\u8001\u5e08|0 fnt\n|faint|p1a: \u5e78\u798f\u86cb\u8001\u5e08\n|\n|upkeep\n|\n|t:|1701045472\n|switch|p1a: \u62c9\u62c9|Gardevoir, M|100\/100\n|-damage|p1a: \u62c9\u62c9|88\/100|[from] Stealth Rock\n|turn|12\n|\n|t:|1701045478\n|-terastallize|p1a: \u62c9\u62c9|Fairy\n|move|p2a: Iron Valiant|Shadow Ball|p1a: \u62c9\u62c9\n|-damage|p1a: \u62c9\u62c9|75\/100\n|move|p1a: \u62c9\u62c9|Moonblast|p2a: Iron Valiant\n|-supereffective|p2a: Iron Valiant\n|-damage|p2a: Iron Valiant|0 fnt\n|faint|p2a: Iron Valiant\n|-end|p2a: Iron Valiant|Quark Drive|[silent]\n|\n|upkeep\n|\n|t:|1701045487\n|switch|p2a: Grimmsnarl|Grimmsnarl, M, shiny|100\/100\n|-ability|p1a: \u62c9\u62c9|Prankster|[from] ability: Trace|[of] p2a: Grimmsnarl\n|turn|13\n|\n|t:|1701045491\n|move|p2a: Grimmsnarl|Light Screen|p2a: Grimmsnarl\n|-sidestart|p2: puddingss|move: Light Screen\n|move|p1a: \u62c9\u62c9|Moonblast|p2a: Grimmsnarl\n|-supereffective|p2a: Grimmsnarl\n|-damage|p2a: Grimmsnarl|38\/100\n|\n|-sideend|p1: universe1pxh|move: Light Screen\n|upkeep\n|turn|14\n|\n|t:|1701045493\n|move|p2a: Grimmsnarl|Taunt|p1a: \u62c9\u62c9\n|-start|p1a: \u62c9\u62c9|move: Taunt\n|move|p1a: \u62c9\u62c9|Moonblast|p2a: Grimmsnarl\n|-supereffective|p2a: Grimmsnarl\n|-damage|p2a: Grimmsnarl|0 fnt\n|faint|p2a: Grimmsnarl\n|\n|upkeep\n|\n|t:|1701045495\n|switch|p2a: Mew|Mew|100\/100\n|turn|15\n|\n|t:|1701045499\n|switch|p1a: \u5f15\u68a6\u8c98\u4eba\u6821\u957f|Hypno, F|32\/100\n|-damage|p1a: \u5f15\u68a6\u8c98\u4eba\u6821\u957f|20\/100|[from] Stealth Rock\n|-terastallize|p2a: Mew|Poison\n|move|p2a: Mew|Cosmic Power|p2a: Mew\n|-boost|p2a: Mew|def|1\n|-boost|p2a: Mew|spd|1\n|\n|upkeep\n|turn|16\n|\n|t:|1701045506\n|move|p2a: Mew|Stored Power|p1a: \u5f15\u68a6\u8c98\u4eba\u6821\u957f\n|-resisted|p1a: \u5f15\u68a6\u8c98\u4eba\u6821\u957f\n|-damage|p1a: \u5f15\u68a6\u8c98\u4eba\u6821\u957f|11\/100\n|move|p1a: \u5f15\u68a6\u8c98\u4eba\u6821\u957f|Light Screen|p1a: \u5f15\u68a6\u8c98\u4eba\u6821\u957f\n|-sidestart|p1: universe1pxh|move: Light Screen\n|\n|upkeep\n|turn|17\n|\n|t:|1701045510\n|move|p2a: Mew|Cosmic Power|p2a: Mew\n|-boost|p2a: Mew|def|1\n|-boost|p2a: Mew|spd|1\n|move|p1a: \u5f15\u68a6\u8c98\u4eba\u6821\u957f|Teleport|p1a: \u5f15\u68a6\u8c98\u4eba\u6821\u957f\n|\n|t:|1701045512\n|switch|p1a: \u5730\u9f99|Garchomp, F|100\/100|[from] Teleport\n|-damage|p1a: \u5730\u9f99|94\/100|[from] Stealth Rock\n|\n|upkeep\n|turn|18\n|\n|t:|1701045515\n|move|p1a: \u5730\u9f99|Earthquake|p2a: Mew\n|-supereffective|p2a: Mew\n|-damage|p2a: Mew|64\/100\n|move|p2a: Mew|Cosmic Power|p2a: Mew\n|-boost|p2a: Mew|def|1\n|-boost|p2a: Mew|spd|1\n|\n|-heal|p2a: Mew|70\/100|[from] item: Leftovers\n|upkeep\n|turn|19\n|\n|t:|1701045519\n|move|p1a: \u5730\u9f99|Swords Dance|p1a: \u5730\u9f99\n|-boost|p1a: \u5730\u9f99|atk|2\n|move|p2a: Mew|Cosmic Power|p2a: Mew\n|-boost|p2a: Mew|def|1\n|-boost|p2a: Mew|spd|1\n|\n|-heal|p2a: Mew|77\/100|[from] item: Leftovers\n|upkeep\n|turn|20\n|\n|t:|1701045521\n|move|p1a: \u5730\u9f99|Earthquake|p2a: Mew\n|-supereffective|p2a: Mew\n|-damage|p2a: Mew|29\/100\n|move|p2a: Mew|Stored Power|p1a: \u5730\u9f99\n|-damage|p1a: \u5730\u9f99|61\/100\n|\n|-heal|p2a: Mew|35\/100|[from] item: Leftovers\n|-sideend|p2: puddingss|move: Light Screen\n|-sideend|p1: universe1pxh|move: Light Screen\n|upkeep\n|turn|21\n|\n|t:|1701045528\n|move|p1a: \u5730\u9f99|Earthquake|p2a: Mew\n|-supereffective|p2a: Mew\n|-damage|p2a: Mew|0 fnt\n|faint|p2a: Mew\n|\n|upkeep\n|\n|t:|1701045532\n|switch|p2a: Gyarados|Gyarados, M, shiny|100\/100\n|-ability|p2a: Gyarados|Intimidate|boost\n|-unboost|p1a: \u5730\u9f99|atk|1\n|turn|22\n|\n|t:|1701045537\n|move|p1a: \u5730\u9f99|Scale Shot|p2a: Gyarados\n|-damage|p2a: Gyarados|78\/100\n|-damage|p2a: Gyarados|54\/100\n|-damage|p2a: Gyarados|30\/100\n|-damage|p2a: Gyarados|7\/100\n|-damage|p2a: Gyarados|0 fnt\n|faint|p2a: Gyarados\n|-hitcount|p2: Gyarados|5\n|-unboost|p1a: \u5730\u9f99|def|1\n|-boost|p1a: \u5730\u9f99|spe|1\n|\n|upkeep\n|\n|t:|1701045540\n|switch|p2a: Kommo-o|Kommo-o, F|75\/100\n|turn|23\n|\n|t:|1701045543\n|move|p1a: \u5730\u9f99|Scale Shot|p2a: Kommo-o\n|-supereffective|p2a: Kommo-o\n|-damage|p2a: Kommo-o|36\/100\n|-supereffective|p2a: Kommo-o\n|-damage|p2a: Kommo-o|0 fnt\n|faint|p2a: Kommo-o\n|-hitcount|p2: Kommo-o|2\n|\n|win|universe1pxh\n|raw|universe1pxh's rating: 1477 &rarr; <strong>1500<\/strong><br \/>(+23 for winning)\n|raw|puddingss's rating: 1527 &rarr; <strong>1504<\/strong><br \/>(-23 for losing)\n|c|\u2606universe1pxh|\u97f3\u7bb1\u87c0nb\n|c|\u2606puddingss|\u53ef\u6076\u8fd9\u5c31\u662f\u5730\u9f99\u5417\n|c|\u2606universe1pxh|\u4f60\u770b\u5f97\u51fa\u4e3b\u9898\u5417\n|c|\u2606universe1pxh|\u521a\u7ec4\u7684\n|c|\u2606universe1pxh|\u300a\u6211\u7684\u7236\u4eb2\u97f3\u7bb1\u87c0\u300b\n","uploadtime":1701045600,"views":10,"p1id":"universe1pxh","p2id":"puddingss","formatid":"gen9nationaldex","rating":1500,"private":0,"password":""}