{"id":"gen9nationaldex-1988628678","p1":"jdkgbdj","p2":"BaronTPDPurgestein","format":"[Gen 9] National Dex","log":"|j|\u2606jdkgbdj\n|j|\u2606BaronTPDPurgestein\n|t:|1699743756\n|gametype|singles\n|player|p1|jdkgbdj|265|1133\n|player|p2|BaronTPDPurgestein|artist|1112\n|teamsize|p1|6\n|teamsize|p2|6\n|gen|9\n|tier|[Gen 9] National Dex\n|rated|\n|rule|HP Percentage Mod: HP is shown in percentages\n|rule|Endless Battle Clause: Forcing endless battles is banned\n|rule|OHKO Clause: OHKO moves are banned\n|rule|Evasion Clause: Evasion abilities, items, and moves are banned\n|rule|Evasion Abilities Clause: Evasion abilities are banned\n|rule|Evasion Items Clause: Evasion items are banned\n|rule|Evasion Moves Clause: Evasion moves are banned\n|rule|Species Clause: Limit one of each Pok\u00e9mon\n|rule|Sleep Clause Mod: Limit one foe put to sleep\n|clearpoke\n|poke|p1|Skeledirge, F|\n|poke|p1|Ting-Lu|\n|poke|p1|Azumarill, F|\n|poke|p1|Ferrothorn, M|\n|poke|p1|Mew|\n|poke|p1|Buzzwole|\n|poke|p2|Beedrill, F|\n|poke|p2|Sneasler, M|\n|poke|p2|Munkidori, M|\n|poke|p2|Nidoking, M|\n|poke|p2|Glimmora, F|\n|poke|p2|Muk-Alola, F|\n|teampreview\n|\n|t:|1699743762\n|start\n|switch|p1a: Mew|Mew|100\/100\n|switch|p2a: Neko Von Purger|Nidoking, M, shiny|100\/100\n|turn|1\n|\n|t:|1699743779\n|move|p2a: Neko Von Purger|Earth Power|p1a: Mew\n|-damage|p1a: Mew|63\/100\n|move|p1a: Mew|Psychic|p2a: Neko Von Purger\n|-supereffective|p2a: Neko Von Purger\n|-damage|p2a: Neko Von Purger|0 fnt\n|faint|p2a: Neko Von Purger\n|\n|-heal|p1a: Mew|69\/100|[from] item: Leftovers\n|upkeep\n|\n|t:|1699743792\n|switch|p2a: PurgeCarrier|Sneasler, M, shiny|100\/100\n|turn|2\n|\n|t:|1699743799\n|move|p2a: PurgeCarrier|Fake Out|p1a: Mew\n|-damage|p1a: Mew|55\/100\n|-damage|p2a: PurgeCarrier|91\/100|[from] item: Life Orb\n|cant|p1a: Mew|flinch\n|\n|-heal|p1a: Mew|62\/100|[from] item: Leftovers\n|upkeep\n|turn|3\n|\n|t:|1699743808\n|-terastallize|p2a: PurgeCarrier|Dark\n|move|p2a: PurgeCarrier|Night Slash|p1a: Mew\n|-supereffective|p1a: Mew\n|-damage|p1a: Mew|0 fnt\n|faint|p1a: Mew\n|-damage|p2a: PurgeCarrier|81\/100|[from] item: Life Orb\n|\n|upkeep\n|\n|t:|1699743816\n|switch|p1a: Ferrothorn|Ferrothorn, M|100\/100\n|turn|4\n|\n|t:|1699743823\n|move|p2a: PurgeCarrier|Close Combat|p1a: Ferrothorn\n|-supereffective|p1a: Ferrothorn\n|-damage|p1a: Ferrothorn|0 fnt\n|-unboost|p2a: PurgeCarrier|def|1\n|-unboost|p2a: PurgeCarrier|spd|1\n|-damage|p2a: PurgeCarrier|68\/100|[from] ability: Iron Barbs|[of] p1a: Ferrothorn\n|-damage|p2a: PurgeCarrier|52\/100|[from] item: Rocky Helmet|[of] p1a: Ferrothorn\n|faint|p1a: Ferrothorn\n|-damage|p2a: PurgeCarrier|42\/100|[from] item: Life Orb\n|\n|upkeep\n|\n|t:|1699743837\n|switch|p1a: Buzzwole|Buzzwole|100\/100\n|turn|5\n|\n|t:|1699743852\n|move|p2a: PurgeCarrier|Dire Claw|p1a: Buzzwole\n|-damage|p1a: Buzzwole|66\/100\n|-status|p1a: Buzzwole|psn\n|-enditem|p1a: Buzzwole|Lum Berry|[eat]\n|-curestatus|p1a: Buzzwole|psn|[msg]\n|-damage|p2a: PurgeCarrier|32\/100|[from] item: Life Orb\n|move|p1a: Buzzwole|Leech Life|p2a: PurgeCarrier\n|-supereffective|p2a: PurgeCarrier\n|-damage|p2a: PurgeCarrier|0 fnt\n|-heal|p1a: Buzzwole|77\/100|[from] drain|[of] p2a: PurgeCarrier\n|faint|p2a: PurgeCarrier\n|-ability|p1a: Buzzwole|Beast Boost|boost\n|-boost|p1a: Buzzwole|atk|1\n|\n|upkeep\n|\n|t:|1699743865\n|switch|p2a: SimpVonPurge|Munkidori, M|100\/100\n|turn|6\n|\n|t:|1699743875\n|move|p2a: SimpVonPurge|Sludge Bomb|p1a: Buzzwole\n|-damage|p1a: Buzzwole|6\/100\n|move|p1a: Buzzwole|Leech Life|p2a: SimpVonPurge\n|-damage|p2a: SimpVonPurge|6\/100\n|-heal|p1a: Buzzwole|41\/100|[from] drain|[of] p2a: SimpVonPurge\n|\n|upkeep\n|turn|7\n|\n|t:|1699743887\n|switch|p1a: Ting-Lu|Ting-Lu|100\/100\n|-ability|p1a: Ting-Lu|Vessel of Ruin\n|move|p2a: SimpVonPurge|Sludge Bomb|p1a: Ting-Lu\n|-resisted|p1a: Ting-Lu\n|-damage|p1a: Ting-Lu|86\/100\n|\n|-heal|p1a: Ting-Lu|92\/100|[from] item: Leftovers\n|upkeep\n|turn|8\n|\n|t:|1699743900\n|move|p2a: SimpVonPurge|Sludge Bomb|p1a: Ting-Lu\n|-resisted|p1a: Ting-Lu\n|-damage|p1a: Ting-Lu|76\/100\n|move|p1a: Ting-Lu|Spikes|p2a: SimpVonPurge\n|-sidestart|p2: BaronTPDPurgestein|Spikes\n|\n|-heal|p1a: Ting-Lu|83\/100|[from] item: Leftovers\n|upkeep\n|turn|9\n|\n|t:|1699743911\n|move|p2a: SimpVonPurge|Sludge Bomb|p1a: Ting-Lu\n|-resisted|p1a: Ting-Lu\n|-damage|p1a: Ting-Lu|66\/100\n|move|p1a: Ting-Lu|Stealth Rock|p2a: SimpVonPurge\n|-sidestart|p2: BaronTPDPurgestein|move: Stealth Rock\n|\n|-heal|p1a: Ting-Lu|72\/100|[from] item: Leftovers\n|upkeep\n|turn|10\n|\n|t:|1699743921\n|move|p2a: SimpVonPurge|Sludge Bomb|p1a: Ting-Lu\n|-resisted|p1a: Ting-Lu\n|-damage|p1a: Ting-Lu|57\/100\n|-status|p1a: Ting-Lu|psn\n|move|p1a: Ting-Lu|Throat Chop|p2a: SimpVonPurge\n|-supereffective|p2a: SimpVonPurge\n|-damage|p2a: SimpVonPurge|0 fnt\n|faint|p2a: SimpVonPurge\n|\n|-heal|p1a: Ting-Lu|64\/100 psn|[from] item: Leftovers\n|-damage|p1a: Ting-Lu|51\/100 psn|[from] psn\n|upkeep\n|\n|t:|1699743930\n|switch|p2a: GlimicPurge|Glimmora, F|100\/100\n|-damage|p2a: GlimicPurge|88\/100|[from] Stealth Rock\n|-item|p2a: GlimicPurge|Air Balloon\n|turn|11\n|\n|t:|1699743939\n|move|p2a: GlimicPurge|Stealth Rock|p1a: Ting-Lu\n|-sidestart|p1: jdkgbdj|move: Stealth Rock\n|move|p1a: Ting-Lu|Earthquake|p2a: GlimicPurge\n|-immune|p2a: GlimicPurge\n|\n|-heal|p1a: Ting-Lu|57\/100 psn|[from] item: Leftovers\n|-damage|p1a: Ting-Lu|45\/100 psn|[from] psn\n|upkeep\n|turn|12\n|inactive|Battle timer is ON: inactive players will automatically lose when time's up. (requested by BaronTPDPurgestein)\n|\n|t:|1699743950\n|move|p2a: GlimicPurge|Mortal Spin|p1a: Ting-Lu\n|-resisted|p1a: Ting-Lu\n|-damage|p1a: Ting-Lu|43\/100 psn\n|-sideend|p2: BaronTPDPurgestein|Spikes|[from] move: Mortal Spin|[of] p2a: GlimicPurge\n|-sideend|p2: BaronTPDPurgestein|Stealth Rock|[from] move: Mortal Spin|[of] p2a: GlimicPurge\n|move|p1a: Ting-Lu|Throat Chop|p2a: GlimicPurge\n|-damage|p2a: GlimicPurge|46\/100\n|-start|p2a: GlimicPurge|Throat Chop|[silent]\n|-activate|p2a: GlimicPurge|ability: Toxic Debris\n|-sidestart|p1: jdkgbdj|move: Toxic Spikes\n|-enditem|p2a: GlimicPurge|Air Balloon\n|\n|-heal|p1a: Ting-Lu|50\/100 psn|[from] item: Leftovers\n|-damage|p1a: Ting-Lu|37\/100 psn|[from] psn\n|upkeep\n|turn|13\n|\n|t:|1699743964\n|move|p2a: GlimicPurge|Spiky Shield|p2a: GlimicPurge\n|-singleturn|p2a: GlimicPurge|move: Protect\n|move|p1a: Ting-Lu|Throat Chop|p2a: GlimicPurge\n|-activate|p2a: GlimicPurge|move: Protect\n|-damage|p1a: Ting-Lu|25\/100 psn|[from] Spiky Shield|[of] p2a: GlimicPurge\n|\n|-heal|p1a: Ting-Lu|31\/100 psn|[from] item: Leftovers\n|-damage|p1a: Ting-Lu|18\/100 psn|[from] psn\n|-end|p2a: GlimicPurge|Throat Chop|[silent]\n|upkeep\n|turn|14\n|\n|t:|1699743974\n|move|p2a: GlimicPurge|Dazzling Gleam|p1a: Ting-Lu\n|-supereffective|p1a: Ting-Lu\n|-damage|p1a: Ting-Lu|0 fnt\n|faint|p1a: Ting-Lu\n|\n|upkeep\n|\n|t:|1699743999\n|switch|p1a: Skeledirge|Skeledirge, F|100\/100\n|-damage|p1a: Skeledirge|76\/100|[from] Stealth Rock\n|-status|p1a: Skeledirge|psn\n|turn|15\n|\n|t:|1699744005\n|move|p2a: GlimicPurge|Spiky Shield|p2a: GlimicPurge\n|-singleturn|p2a: GlimicPurge|move: Protect\n|move|p1a: Skeledirge|Torch Song|p2a: GlimicPurge\n|-activate|p2a: GlimicPurge|move: Protect\n|\n|-heal|p1a: Skeledirge|82\/100 psn|[from] item: Leftovers\n|-damage|p1a: Skeledirge|69\/100 psn|[from] psn\n|upkeep\n|turn|16\n|\n|t:|1699744015\n|move|p2a: GlimicPurge|Dazzling Gleam|p1a: Skeledirge\n|-resisted|p1a: Skeledirge\n|-damage|p1a: Skeledirge|55\/100 psn\n|move|p1a: Skeledirge|Torch Song|p2a: GlimicPurge\n|-resisted|p2a: GlimicPurge\n|-damage|p2a: GlimicPurge|25\/100\n|-boost|p1a: Skeledirge|spa|1\n|\n|-heal|p1a: Skeledirge|62\/100 psn|[from] item: Leftovers\n|-damage|p1a: Skeledirge|49\/100 psn|[from] psn\n|upkeep\n|turn|17\n|\n|t:|1699744027\n|move|p2a: GlimicPurge|Spiky Shield|p2a: GlimicPurge\n|-singleturn|p2a: GlimicPurge|move: Protect\n|move|p1a: Skeledirge|Roar|p2a: GlimicPurge\n|drag|p2a: TropicalPurge|Muk-Alola, F, shiny|100\/100\n|\n|-heal|p1a: Skeledirge|55\/100 psn|[from] item: Leftovers\n|-damage|p1a: Skeledirge|43\/100 psn|[from] psn\n|upkeep\n|turn|18\n|\n|t:|1699744037\n|move|p1a: Skeledirge|Earth Power|p2a: TropicalPurge\n|-supereffective|p2a: TropicalPurge\n|-damage|p2a: TropicalPurge|32\/100\n|move|p2a: TropicalPurge|Knock Off|p1a: Skeledirge\n|-supereffective|p1a: Skeledirge\n|-damage|p1a: Skeledirge|0 fnt\n|-enditem|p1a: Skeledirge|Leftovers|[from] move: Knock Off|[of] p2a: TropicalPurge\n|faint|p1a: Skeledirge\n|\n|upkeep\n|\n|t:|1699744046\n|switch|p1a: Buzzwole|Buzzwole|41\/100\n|-damage|p1a: Buzzwole|29\/100|[from] Stealth Rock\n|-status|p1a: Buzzwole|psn\n|turn|19\n|\n|t:|1699744052\n|move|p2a: TropicalPurge|Protect|p2a: TropicalPurge\n|-singleturn|p2a: TropicalPurge|Protect\n|move|p1a: Buzzwole|Leech Life|p2a: TropicalPurge\n|-activate|p2a: TropicalPurge|move: Protect\n|\n|-damage|p1a: Buzzwole|17\/100 psn|[from] psn\n|upkeep\n|turn|20\n|\n|t:|1699744061\n|move|p2a: TropicalPurge|Shadow Sneak|p1a: Buzzwole\n|-damage|p1a: Buzzwole|9\/100 psn\n|move|p1a: Buzzwole|Leech Life|p2a: TropicalPurge\n|-damage|p2a: TropicalPurge|0 fnt\n|-heal|p1a: Buzzwole|23\/100 psn|[from] drain|[of] p2a: TropicalPurge\n|-damage|p1a: Buzzwole|7\/100 psn|[from] item: Rocky Helmet|[of] p2a: TropicalPurge\n|faint|p2a: TropicalPurge\n|-ability|p1a: Buzzwole|Beast Boost|boost\n|-boost|p1a: Buzzwole|atk|1\n|\n|-damage|p1a: Buzzwole|0 fnt|[from] psn\n|faint|p1a: Buzzwole\n|upkeep\n|inactive|jdkgbdj has 120 seconds left.\n|\n|t:|1699744105\n|switch|p1a: Azumarill|Azumarill, F|100\/100\n|switch|p2a: BeePurging|Beedrill, F|100\/100\n|-damage|p1a: Azumarill|88\/100|[from] Stealth Rock\n|-status|p1a: Azumarill|psn\n|turn|21\n|\n|t:|1699744120\n|detailschange|p2a: BeePurging|Beedrill-Mega, F\n|-mega|p2a: BeePurging|Beedrill|Beedrillite\n|-terastallize|p1a: Azumarill|Water\n|move|p1a: Azumarill|Aqua Jet|p2a: BeePurging\n|-damage|p2a: BeePurging|14\/100\n|move|p2a: BeePurging|Poison Jab|p1a: Azumarill\n|-damage|p1a: Azumarill|26\/100 psn\n|\n|-heal|p1a: Azumarill|32\/100 psn|[from] item: Leftovers\n|-damage|p1a: Azumarill|20\/100 psn|[from] psn\n|upkeep\n|turn|22\n|\n|t:|1699744133\n|move|p1a: Azumarill|Aqua Jet|p2a: BeePurging\n|-damage|p2a: BeePurging|0 fnt\n|faint|p2a: BeePurging\n|\n|-heal|p1a: Azumarill|26\/100 psn|[from] item: Leftovers\n|-damage|p1a: Azumarill|13\/100 psn|[from] psn\n|upkeep\n|\n|t:|1699744136\n|switch|p2a: GlimicPurge|Glimmora, F|25\/100\n|turn|23\n|inactive|jdkgbdj has 120 seconds left.\n|\n|t:|1699744147\n|move|p2a: GlimicPurge|Spiky Shield|p2a: GlimicPurge\n|-singleturn|p2a: GlimicPurge|move: Protect\n|move|p1a: Azumarill|Belly Drum||[still]\n|-fail|p1a: Azumarill\n|\n|-heal|p1a: Azumarill|20\/100 psn|[from] item: Leftovers\n|-damage|p1a: Azumarill|7\/100 psn|[from] psn\n|upkeep\n|turn|24\n|inactive|jdkgbdj has 120 seconds left.\n|\n|t:|1699744156\n|move|p2a: GlimicPurge|Spiky Shield||[still]\n|-fail|p2a: GlimicPurge\n|move|p1a: Azumarill|Aqua Jet|p2a: GlimicPurge\n|-supereffective|p2a: GlimicPurge\n|-damage|p2a: GlimicPurge|0 fnt\n|-activate|p2a: GlimicPurge|ability: Toxic Debris\n|-sidestart|p1: jdkgbdj|move: Toxic Spikes\n|faint|p2a: GlimicPurge\n|\n|win|jdkgbdj\n|raw|jdkgbdj's rating: 1133 &rarr; <strong>1158<\/strong><br \/>(+25 for winning)\n|raw|BaronTPDPurgestein's rating: 1131 &rarr; <strong>1106<\/strong><br \/>(-25 for losing)\n|l|\u2606BaronTPDPurgestein\n","uploadtime":1699744174,"views":4,"p1id":"jdkgbdj","p2id":"barontpdpurgestein","formatid":"gen9nationaldex","rating":1106,"private":0,"password":""}