{"id":"gen9nationaldex-1995416011","p1":"biezouhaoma","p2":"EpicGamer069420","format":"[Gen 9] National Dex","log":"|html|<div class=\"broadcast-blue\"><strong>[Gen 9] National Dex is currently suspecting Sneasler! For information on how to participate check out the <a href=\"https:\/\/www.smogon.com\/forums\/threads\/sv-national-dex-suspect-8-just-dance.3731534\/\">suspect thread<\/a>.<\/strong><\/div>\n|j|\u203dbiezouhaoma\n|j|\u2606EpicGamer069420\n|t:|1700567899\n|gametype|singles\n|player|p1|biezouhaoma|bugcatcher-gen4dp|1641\n|player|p2|EpicGamer069420|lucas|1665\n|teamsize|p1|6\n|teamsize|p2|6\n|gen|9\n|tier|[Gen 9] National Dex\n|rated|\n|rule|HP Percentage Mod: HP is shown in percentages\n|rule|Endless Battle Clause: Forcing endless battles is banned\n|rule|OHKO Clause: OHKO moves are banned\n|rule|Evasion Clause: Evasion abilities, items, and moves are banned\n|rule|Evasion Abilities Clause: Evasion abilities are banned\n|rule|Evasion Items Clause: Evasion items are banned\n|rule|Evasion Moves Clause: Evasion moves are banned\n|rule|Species Clause: Limit one of each Pok\u00e9mon\n|rule|Sleep Clause Mod: Limit one foe put to sleep\n|clearpoke\n|poke|p1|Pelipper, F|\n|poke|p1|Barraskewda, F|\n|poke|p1|Garganacl, F|\n|poke|p1|Scizor, F|\n|poke|p1|Volcanion|\n|poke|p1|Iron Treads|\n|poke|p2|Tapu Lele|\n|poke|p2|Polteageist|\n|poke|p2|Lopunny, F|\n|poke|p2|Gliscor, F|\n|poke|p2|Skeledirge, M|\n|poke|p2|Hoopa-Unbound|\n|teampreview\n|inactive|Battle timer is ON: inactive players will automatically lose when time's up. (requested by biezouhaoma)\n|inactive|EpicGamer069420 also wants the timer to be on.\n|\n|t:|1700567909\n|start\n|switch|p1a: Scizor|Scizor, F|100\/100\n|switch|p2a: Tapu Lele|Tapu Lele|100\/100\n|-fieldstart|move: Psychic Terrain|[from] ability: Psychic Surge|[of] p2a: Tapu Lele\n|turn|1\n|\n|t:|1700567914\n|switch|p2a: Gliscor|Gliscor, F|100\/100\n|detailschange|p1a: Scizor|Scizor-Mega, F\n|-mega|p1a: Scizor|Scizor|Scizorite\n|move|p1a: Scizor|U-turn|p2a: Gliscor\n|-resisted|p2a: Gliscor\n|-crit|p2a: Gliscor\n|-damage|p2a: Gliscor|78\/100\n|\n|t:|1700567917\n|switch|p1a: Iron Treads|Iron Treads|100\/100|[from] U-turn\n|\n|-status|p2a: Gliscor|tox|[from] item: Toxic Orb\n|upkeep\n|turn|2\n|\n|t:|1700567924\n|switch|p2a: Skeledirge|Skeledirge, M|100\/100\n|move|p1a: Iron Treads|Stealth Rock|p2a: Skeledirge\n|-sidestart|p2: EpicGamer069420|move: Stealth Rock\n|\n|upkeep\n|turn|3\n|\n|t:|1700567927\n|move|p1a: Iron Treads|Earthquake|p2a: Skeledirge\n|-supereffective|p2a: Skeledirge\n|-damage|p2a: Skeledirge|51\/100\n|move|p2a: Skeledirge|Will-O-Wisp|p1a: Iron Treads\n|-status|p1a: Iron Treads|brn\n|\n|-damage|p1a: Iron Treads|94\/100 brn|[from] brn\n|upkeep\n|turn|4\n|\n|t:|1700567931\n|-end|p1a: Iron Treads|Quark Drive|[silent]\n|switch|p1a: Pelipper|Pelipper, F|100\/100\n|-weather|RainDance|[from] ability: Drizzle|[of] p1a: Pelipper\n|move|p2a: Skeledirge|Slack Off|p2a: Skeledirge\n|-heal|p2a: Skeledirge|100\/100\n|\n|-weather|RainDance|[upkeep]\n|upkeep\n|turn|5\n|\n|t:|1700567936\n|switch|p2a: Hoopa|Hoopa-Unbound|100\/100\n|-damage|p2a: Hoopa|88\/100|[from] Stealth Rock\n|move|p1a: Pelipper|U-turn|p2a: Hoopa\n|-supereffective|p2a: Hoopa\n|-damage|p2a: Hoopa|20\/100\n|\n|t:|1700567941\n|switch|p1a: Barraskewda|Barraskewda, F|100\/100|[from] U-turn\n|\n|-weather|RainDance|[upkeep]\n|-fieldend|move: Psychic Terrain\n|upkeep\n|turn|6\n|\n|t:|1700567946\n|move|p1a: Barraskewda|Flip Turn|p2a: Hoopa\n|-damage|p2a: Hoopa|0 fnt\n|faint|p2a: Hoopa\n|\n|t:|1700567960\n|switch|p1a: Scizor|Scizor-Mega, F|100\/100|[from] Flip Turn\n|\n|-weather|RainDance|[upkeep]\n|upkeep\n|\n|t:|1700567964\n|switch|p2a: Gliscor|Gliscor, F|78\/100 tox\n|-damage|p2a: Gliscor|66\/100 tox|[from] Stealth Rock\n|turn|7\n|\n|t:|1700567967\n|-terastallize|p2a: Gliscor|Water\n|move|p2a: Gliscor|Defog|p1a: Scizor\n|-unboost|p1a: Scizor|evasion|1\n|-sideend|p2: EpicGamer069420|Stealth Rock|[from] move: Defog|[of] p2a: Gliscor\n|move|p1a: Scizor|U-turn|p2a: Gliscor\n|-damage|p2a: Gliscor|38\/100 tox\n|\n|t:|1700567972\n|switch|p1a: Barraskewda|Barraskewda, F|100\/100|[from] U-turn\n|\n|-weather|RainDance|[upkeep]\n|-heal|p2a: Gliscor|50\/100 tox|[from] ability: Poison Heal\n|upkeep\n|turn|8\n|\n|t:|1700567983\n|move|p1a: Barraskewda|Flip Turn|p2a: Gliscor\n|-resisted|p2a: Gliscor\n|-damage|p2a: Gliscor|21\/100 tox\n|\n|t:|1700567985\n|switch|p1a: Iron Treads|Iron Treads|94\/100 brn|[from] Flip Turn\n|move|p2a: Gliscor|Roost|p2a: Gliscor\n|-heal|p2a: Gliscor|71\/100 tox\n|\n|-weather|RainDance|[upkeep]\n|-heal|p2a: Gliscor|84\/100 tox|[from] ability: Poison Heal\n|-damage|p1a: Iron Treads|88\/100 brn|[from] brn\n|upkeep\n|turn|9\n|\n|t:|1700567994\n|move|p1a: Iron Treads|Stealth Rock|p2a: Gliscor\n|-sidestart|p2: EpicGamer069420|move: Stealth Rock\n|move|p2a: Gliscor|Knock Off|p1a: Iron Treads\n|-damage|p1a: Iron Treads|75\/100 brn\n|\n|-weather|RainDance|[upkeep]\n|-heal|p2a: Gliscor|96\/100 tox|[from] ability: Poison Heal\n|-damage|p1a: Iron Treads|69\/100 brn|[from] brn\n|upkeep\n|turn|10\n|\n|t:|1700568009\n|-end|p1a: Iron Treads|Quark Drive|[silent]\n|switch|p1a: Volcanion|Volcanion|100\/100\n|move|p2a: Gliscor|Defog|p1a: Volcanion\n|-unboost|p1a: Volcanion|evasion|1\n|-sideend|p2: EpicGamer069420|Stealth Rock|[from] move: Defog|[of] p2a: Gliscor\n|\n|-weather|RainDance|[upkeep]\n|-heal|p2a: Gliscor|100\/100 tox|[from] ability: Poison Heal\n|upkeep\n|turn|11\n|\n|t:|1700568014\n|-terastallize|p1a: Volcanion|Water\n|move|p2a: Gliscor|Toxic|p1a: Volcanion\n|-status|p1a: Volcanion|tox\n|move|p1a: Volcanion|Steam Eruption|p2a: Gliscor\n|-resisted|p2a: Gliscor\n|-damage|p2a: Gliscor|9\/100 tox\n|\n|-weather|none\n|-heal|p2a: Gliscor|22\/100 tox|[from] ability: Poison Heal\n|-damage|p1a: Volcanion|95\/100 tox|[from] psn\n|upkeep\n|turn|12\n|\n|t:|1700568024\n|switch|p1a: Pelipper|Pelipper, F|100\/100\n|-weather|RainDance|[from] ability: Drizzle|[of] p1a: Pelipper\n|move|p2a: Gliscor|Roost|p2a: Gliscor\n|-heal|p2a: Gliscor|72\/100 tox\n|\n|-weather|RainDance|[upkeep]\n|-heal|p2a: Gliscor|84\/100 tox|[from] ability: Poison Heal\n|upkeep\n|turn|13\n|\n|t:|1700568028\n|move|p2a: Gliscor|Knock Off|p1a: Pelipper\n|-damage|p1a: Pelipper|85\/100\n|-enditem|p1a: Pelipper|Damp Rock|[from] move: Knock Off|[of] p2a: Gliscor\n|move|p1a: Pelipper|U-turn|p2a: Gliscor\n|-damage|p2a: Gliscor|77\/100 tox\n|\n|t:|1700568030\n|switch|p1a: Garganacl|Garganacl, F|100\/100|[from] U-turn\n|\n|-weather|RainDance|[upkeep]\n|-heal|p2a: Gliscor|89\/100 tox|[from] ability: Poison Heal\n|upkeep\n|turn|14\n|\n|t:|1700568040\n|switch|p2a: Tapu Lele|Tapu Lele|100\/100\n|-fieldstart|move: Psychic Terrain|[from] ability: Psychic Surge|[of] p2a: Tapu Lele\n|move|p1a: Garganacl|Salt Cure|p2a: Tapu Lele\n|-damage|p2a: Tapu Lele|81\/100\n|-start|p2a: Tapu Lele|Salt Cure\n|\n|-weather|RainDance|[upkeep]\n|-damage|p2a: Tapu Lele|68\/100|[from] Salt Cure\n|upkeep\n|turn|15\n|\n|t:|1700568050\n|switch|p2a: Polteageist|Polteageist|100\/100\n|move|p1a: Garganacl|Protect||[still]\n|-fail|p1a: Garganacl\n|\n|-weather|RainDance|[upkeep]\n|upkeep\n|turn|16\n|\n|t:|1700568065\n|move|p2a: Polteageist|Shell Smash|p2a: Polteageist\n|-unboost|p2a: Polteageist|def|1\n|-unboost|p2a: Polteageist|spd|1\n|-boost|p2a: Polteageist|atk|2\n|-boost|p2a: Polteageist|spa|2\n|-boost|p2a: Polteageist|spe|2\n|move|p1a: Garganacl|Salt Cure|p2a: Polteageist\n|-damage|p2a: Polteageist|61\/100\n|-start|p2a: Polteageist|Salt Cure\n|\n|-weather|RainDance|[upkeep]\n|-damage|p2a: Polteageist|49\/100|[from] Salt Cure\n|upkeep\n|turn|17\n|\n|t:|1700568074\n|move|p2a: Polteageist|Shell Smash|p2a: Polteageist\n|-unboost|p2a: Polteageist|def|1\n|-unboost|p2a: Polteageist|spd|1\n|-boost|p2a: Polteageist|atk|2\n|-boost|p2a: Polteageist|spa|2\n|-boost|p2a: Polteageist|spe|2\n|move|p1a: Garganacl|Salt Cure|p2a: Polteageist\n|-damage|p2a: Polteageist|0 fnt\n|-start|p1a: Garganacl|Disable|Salt Cure|[from] ability: Cursed Body|[of] p2a: Polteageist\n|faint|p2a: Polteageist\n|\n|-weather|RainDance|[upkeep]\n|upkeep\n|j| eguipengxia\n|\n|t:|1700568082\n|switch|p2a: Lopunny|Lopunny, F|100\/100\n|turn|18\n|\n|t:|1700568087\n|detailschange|p2a: Lopunny|Lopunny-Mega, F\n|-mega|p2a: Lopunny|Lopunny|Lopunnite\n|move|p1a: Garganacl|Protect|p1a: Garganacl\n|-singleturn|p1a: Garganacl|Protect\n|move|p2a: Lopunny|Close Combat|p1a: Garganacl\n|-activate|p1a: Garganacl|move: Protect\n|\n|-weather|RainDance|[upkeep]\n|-fieldend|move: Psychic Terrain\n|upkeep\n|turn|19\n|\n|t:|1700568095\n|switch|p1a: Pelipper|Pelipper, F|85\/100\n|move|p2a: Lopunny|Close Combat|p1a: Pelipper\n|-resisted|p1a: Pelipper\n|-damage|p1a: Pelipper|63\/100\n|-unboost|p2a: Lopunny|def|1\n|-unboost|p2a: Lopunny|spd|1\n|\n|-weather|none\n|upkeep\n|turn|20\n|\n|t:|1700568100\n|switch|p1a: Iron Treads|Iron Treads|69\/100 brn\n|move|p2a: Lopunny|U-turn|p1a: Iron Treads\n|-resisted|p1a: Iron Treads\n|-damage|p1a: Iron Treads|58\/100 brn\n|l| eguipengxia\n|\n|t:|1700568105\n|switch|p2a: Tapu Lele|Tapu Lele|68\/100|[from] U-turn\n|-fieldstart|move: Psychic Terrain|[from] ability: Psychic Surge|[of] p2a: Tapu Lele\n|\n|-damage|p1a: Iron Treads|52\/100 brn|[from] brn\n|upkeep\n|turn|21\n|\n|t:|1700568112\n|switch|p2a: Lopunny|Lopunny-Mega, F|100\/100\n|move|p1a: Iron Treads|Stealth Rock|p2a: Lopunny\n|-sidestart|p2: EpicGamer069420|move: Stealth Rock\n|\n|-damage|p1a: Iron Treads|46\/100 brn|[from] brn\n|upkeep\n|turn|22\n|\n|t:|1700568118\n|move|p2a: Lopunny|Ice Punch|p1a: Iron Treads\n|-damage|p1a: Iron Treads|24\/100 brn\n|move|p1a: Iron Treads|Earthquake|p2a: Lopunny\n|-damage|p2a: Lopunny|72\/100\n|\n|-damage|p1a: Iron Treads|18\/100 brn|[from] brn\n|upkeep\n|turn|23\n|\n|t:|1700568121\n|move|p2a: Lopunny|Ice Punch|p1a: Iron Treads\n|-damage|p1a: Iron Treads|0 fnt\n|faint|p1a: Iron Treads\n|-end|p1a: Iron Treads|Quark Drive|[silent]\n|\n|upkeep\n|\n|t:|1700568124\n|switch|p1a: Pelipper|Pelipper, F|63\/100\n|-weather|RainDance|[from] ability: Drizzle|[of] p1a: Pelipper\n|turn|24\n|\n|t:|1700568126\n|move|p2a: Lopunny|Ice Punch|p1a: Pelipper\n|-damage|p1a: Pelipper|43\/100\n|move|p1a: Pelipper|U-turn|p2a: Lopunny\n|-resisted|p2a: Lopunny\n|-damage|p2a: Lopunny|66\/100\n|\n|t:|1700568130\n|switch|p1a: Barraskewda|Barraskewda, F|100\/100|[from] U-turn\n|\n|-weather|RainDance|[upkeep]\n|-fieldend|move: Psychic Terrain\n|upkeep\n|turn|25\n|\n|t:|1700568133\n|switch|p2a: Gliscor|Gliscor, F, tera:Water|89\/100 tox\n|-damage|p2a: Gliscor|77\/100 tox|[from] Stealth Rock\n|move|p1a: Barraskewda|Flip Turn|p2a: Gliscor\n|-resisted|p2a: Gliscor\n|-damage|p2a: Gliscor|46\/100 tox\n|\n|t:|1700568136\n|switch|p1a: Volcanion|Volcanion, tera:Water|95\/100 tox|[from] Flip Turn\n|\n|-weather|RainDance|[upkeep]\n|-heal|p2a: Gliscor|59\/100 tox|[from] ability: Poison Heal\n|-damage|p1a: Volcanion|89\/100 tox|[from] psn\n|upkeep\n|turn|26\n|\n|t:|1700568140\n|move|p2a: Gliscor|Roost|p2a: Gliscor\n|-heal|p2a: Gliscor|100\/100 tox\n|move|p1a: Volcanion|Steam Eruption|p2a: Gliscor\n|-resisted|p2a: Gliscor\n|-damage|p2a: Gliscor|16\/100 tox\n|\n|-weather|RainDance|[upkeep]\n|-heal|p2a: Gliscor|28\/100 tox|[from] ability: Poison Heal\n|-damage|p1a: Volcanion|77\/100 tox|[from] psn\n|upkeep\n|turn|27\n|\n|t:|1700568144\n|switch|p1a: Garganacl|Garganacl, F|100\/100\n|move|p2a: Gliscor|Roost|p2a: Gliscor\n|-heal|p2a: Gliscor|78\/100 tox\n|\n|-weather|RainDance|[upkeep]\n|-heal|p2a: Gliscor|90\/100 tox|[from] ability: Poison Heal\n|upkeep\n|turn|28\n|\n|t:|1700568146\n|move|p2a: Gliscor|Knock Off|p1a: Garganacl\n|-damage|p1a: Garganacl|87\/100\n|-enditem|p1a: Garganacl|Leftovers|[from] move: Knock Off|[of] p2a: Gliscor\n|move|p1a: Garganacl|Salt Cure|p2a: Gliscor\n|-damage|p2a: Gliscor|79\/100 tox\n|-start|p2a: Gliscor|Salt Cure\n|\n|-weather|none\n|-heal|p2a: Gliscor|92\/100 tox|[from] ability: Poison Heal\n|-damage|p2a: Gliscor|67\/100 tox|[from] Salt Cure\n|upkeep\n|turn|29\n|\n|t:|1700568151\n|move|p2a: Gliscor|Defog|p1a: Garganacl\n|-unboost|p1a: Garganacl|evasion|1\n|-sideend|p2: EpicGamer069420|Stealth Rock|[from] move: Defog|[of] p2a: Gliscor\n|move|p1a: Garganacl|Salt Cure|p2a: Gliscor\n|-damage|p2a: Gliscor|57\/100 tox\n|\n|-heal|p2a: Gliscor|69\/100 tox|[from] ability: Poison Heal\n|-damage|p2a: Gliscor|44\/100 tox|[from] Salt Cure\n|upkeep\n|turn|30\n|\n|t:|1700568154\n|move|p2a: Gliscor|Roost|p2a: Gliscor\n|-heal|p2a: Gliscor|94\/100 tox\n|move|p1a: Garganacl|Salt Cure|p2a: Gliscor\n|-damage|p2a: Gliscor|82\/100 tox\n|\n|-heal|p2a: Gliscor|95\/100 tox|[from] ability: Poison Heal\n|-damage|p2a: Gliscor|70\/100 tox|[from] Salt Cure\n|upkeep\n|turn|31\n|\n|t:|1700568157\n|switch|p2a: Lopunny|Lopunny-Mega, F|66\/100\n|move|p1a: Garganacl|Salt Cure|p2a: Lopunny\n|-resisted|p2a: Lopunny\n|-damage|p2a: Lopunny|56\/100\n|-start|p2a: Lopunny|Salt Cure\n|\n|-damage|p2a: Lopunny|44\/100|[from] Salt Cure\n|upkeep\n|turn|32\n|\n|t:|1700568160\n|switch|p1a: Pelipper|Pelipper, F|43\/100\n|-weather|RainDance|[from] ability: Drizzle|[of] p1a: Pelipper\n|move|p2a: Lopunny|U-turn|p1a: Pelipper\n|-resisted|p1a: Pelipper\n|-damage|p1a: Pelipper|33\/100\n|\n|t:|1700568168\n|switch|p2a: Tapu Lele|Tapu Lele|68\/100|[from] U-turn\n|-fieldstart|move: Psychic Terrain|[from] ability: Psychic Surge|[of] p2a: Tapu Lele\n|\n|-weather|RainDance|[upkeep]\n|upkeep\n|turn|33\n|\n|t:|1700568175\n|switch|p1a: Scizor|Scizor-Mega, F|100\/100\n|move|p2a: Tapu Lele|Focus Blast|p1a: Scizor|[miss]\n|-miss|p2a: Tapu Lele|p1a: Scizor\n|\n|-weather|RainDance|[upkeep]\n|upkeep\n|turn|34\n|\n|t:|1700568179\n|switch|p2a: Skeledirge|Skeledirge, M|100\/100\n|move|p1a: Scizor|U-turn|p2a: Skeledirge\n|-resisted|p2a: Skeledirge\n|-damage|p2a: Skeledirge|96\/100\n|\n|t:|1700568182\n|switch|p1a: Volcanion|Volcanion, tera:Water|77\/100 tox|[from] U-turn\n|\n|-weather|RainDance|[upkeep]\n|-damage|p1a: Volcanion|71\/100 tox|[from] psn\n|upkeep\n|turn|35\n|c|\u2606EpicGamer069420|ahhhhhh that miss fucking sucks\n|inactive|EpicGamer069420 has 120 seconds left.\n|\n|t:|1700568240\n|move|p1a: Volcanion|Steam Eruption|p2a: Skeledirge\n|-supereffective|p2a: Skeledirge\n|-damage|p2a: Skeledirge|0 fnt\n|faint|p2a: Skeledirge\n|\n|-weather|RainDance|[upkeep]\n|-damage|p1a: Volcanion|59\/100 tox|[from] psn\n|upkeep\n|\n|t:|1700568249\n|switch|p2a: Lopunny|Lopunny-Mega, F|44\/100\n|turn|36\n|\n|t:|1700568255\n|move|p2a: Lopunny|Close Combat|p1a: Volcanion\n|-damage|p1a: Volcanion|0 fnt\n|-unboost|p2a: Lopunny|def|1\n|-unboost|p2a: Lopunny|spd|1\n|faint|p1a: Volcanion\n|\n|-weather|none\n|-fieldend|move: Psychic Terrain\n|upkeep\n|\n|t:|1700568263\n|switch|p1a: Scizor|Scizor-Mega, F|100\/100\n|turn|37\n|\n|t:|1700568277\n|switch|p2a: Gliscor|Gliscor, F, tera:Water|70\/100 tox\n|move|p1a: Scizor|U-turn|p2a: Gliscor\n|-damage|p2a: Gliscor|42\/100 tox\n|j| RenzoTheDestroyer\n|\n|t:|1700568280\n|switch|p1a: Garganacl|Garganacl, F|87\/100|[from] U-turn\n|\n|-heal|p2a: Gliscor|55\/100 tox|[from] ability: Poison Heal\n|upkeep\n|turn|38\n|inactive|EpicGamer069420 has 120 seconds left.\n|\n|t:|1700568291\n|move|p2a: Gliscor|Roost|p2a: Gliscor\n|-heal|p2a: Gliscor|100\/100 tox\n|move|p1a: Garganacl|Salt Cure|p2a: Gliscor\n|-damage|p2a: Gliscor|89\/100 tox\n|-start|p2a: Gliscor|Salt Cure\n|\n|-heal|p2a: Gliscor|100\/100 tox|[from] ability: Poison Heal\n|-damage|p2a: Gliscor|76\/100 tox|[from] Salt Cure\n|upkeep\n|turn|39\n|\n|t:|1700568295\n|switch|p2a: Lopunny|Lopunny-Mega, F|44\/100\n|move|p1a: Garganacl|Salt Cure|p2a: Lopunny\n|-resisted|p2a: Lopunny\n|-damage|p2a: Lopunny|35\/100\n|-start|p2a: Lopunny|Salt Cure\n|\n|-damage|p2a: Lopunny|23\/100|[from] Salt Cure\n|upkeep\n|turn|40\n|\n|t:|1700568300\n|move|p1a: Garganacl|Protect|p1a: Garganacl\n|-singleturn|p1a: Garganacl|Protect\n|move|p2a: Lopunny|U-turn|p1a: Garganacl\n|-activate|p1a: Garganacl|move: Protect\n|\n|-damage|p2a: Lopunny|10\/100|[from] Salt Cure\n|upkeep\n|turn|41\n|\n|t:|1700568309\n|switch|p2a: Tapu Lele|Tapu Lele|68\/100\n|-fieldstart|move: Psychic Terrain|[from] ability: Psychic Surge|[of] p2a: Tapu Lele\n|move|p1a: Garganacl|Protect||[still]\n|-fail|p1a: Garganacl\n|\n|upkeep\n|turn|42\n|\n|t:|1700568319\n|switch|p1a: Pelipper|Pelipper, F|33\/100\n|-weather|RainDance|[from] ability: Drizzle|[of] p1a: Pelipper\n|move|p2a: Tapu Lele|Focus Blast|p1a: Pelipper\n|-resisted|p1a: Pelipper\n|-damage|p1a: Pelipper|0 fnt\n|faint|p1a: Pelipper\n|\n|-weather|RainDance|[upkeep]\n|upkeep\n|\n|t:|1700568321\n|switch|p1a: Barraskewda|Barraskewda, F|100\/100\n|turn|43\n|\n|t:|1700568325\n|switch|p2a: Gliscor|Gliscor, F, tera:Water|76\/100 tox\n|move|p1a: Barraskewda|Flip Turn|p2a: Gliscor\n|-resisted|p2a: Gliscor\n|-damage|p2a: Gliscor|47\/100 tox\n|\n|t:|1700568329\n|switch|p1a: Garganacl|Garganacl, F|87\/100|[from] Flip Turn\n|\n|-weather|RainDance|[upkeep]\n|-heal|p2a: Gliscor|59\/100 tox|[from] ability: Poison Heal\n|upkeep\n|turn|44\n|\n|t:|1700568334\n|switch|p2a: Lopunny|Lopunny-Mega, F|10\/100\n|move|p1a: Garganacl|Salt Cure|p2a: Lopunny\n|-resisted|p2a: Lopunny\n|-damage|p2a: Lopunny|0 fnt\n|faint|p2a: Lopunny\n|\n|-weather|RainDance|[upkeep]\n|upkeep\n|\n|t:|1700568335\n|switch|p2a: Tapu Lele|Tapu Lele|68\/100\n|turn|45\n|\n|t:|1700568339\n|move|p1a: Garganacl|Protect|p1a: Garganacl\n|-singleturn|p1a: Garganacl|Protect\n|move|p2a: Tapu Lele|Focus Blast|p1a: Garganacl\n|-activate|p1a: Garganacl|move: Protect\n|\n|-weather|RainDance|[upkeep]\n|-fieldend|move: Psychic Terrain\n|upkeep\n|turn|46\n|\n|t:|1700568354\n|switch|p1a: Scizor|Scizor-Mega, F|100\/100\n|move|p2a: Tapu Lele|Focus Blast|p1a: Scizor\n|-damage|p1a: Scizor|60\/100\n|\n|-weather|none\n|upkeep\n|turn|47\n|\n|t:|1700568358\n|switch|p2a: Gliscor|Gliscor, F, tera:Water|59\/100 tox\n|move|p1a: Scizor|U-turn|p2a: Gliscor\n|-damage|p2a: Gliscor|32\/100 tox\n|\n|t:|1700568363\n|switch|p1a: Garganacl|Garganacl, F|87\/100|[from] U-turn\n|\n|-heal|p2a: Gliscor|44\/100 tox|[from] ability: Poison Heal\n|upkeep\n|turn|48\n|\n|t:|1700568367\n|move|p2a: Gliscor|Roost|p2a: Gliscor\n|-heal|p2a: Gliscor|94\/100 tox\n|move|p1a: Garganacl|Salt Cure|p2a: Gliscor\n|-damage|p2a: Gliscor|84\/100 tox\n|-start|p2a: Gliscor|Salt Cure\n|\n|-heal|p2a: Gliscor|96\/100 tox|[from] ability: Poison Heal\n|-damage|p2a: Gliscor|71\/100 tox|[from] Salt Cure\n|upkeep\n|turn|49\n|\n|t:|1700568377\n|move|p2a: Gliscor|Knock Off|p1a: Garganacl\n|-damage|p1a: Garganacl|77\/100\n|move|p1a: Garganacl|Salt Cure|p2a: Gliscor\n|-damage|p2a: Gliscor|60\/100 tox\n|\n|-heal|p2a: Gliscor|73\/100 tox|[from] ability: Poison Heal\n|-damage|p2a: Gliscor|48\/100 tox|[from] Salt Cure\n|upkeep\n|turn|50\n|\n|t:|1700568384\n|switch|p2a: Tapu Lele|Tapu Lele|68\/100\n|-fieldstart|move: Psychic Terrain|[from] ability: Psychic Surge|[of] p2a: Tapu Lele\n|move|p1a: Garganacl|Salt Cure|p2a: Tapu Lele\n|-damage|p2a: Tapu Lele|49\/100\n|-start|p2a: Tapu Lele|Salt Cure\n|\n|-damage|p2a: Tapu Lele|36\/100|[from] Salt Cure\n|upkeep\n|turn|51\n|\n|t:|1700568388\n|move|p1a: Garganacl|Protect|p1a: Garganacl\n|-singleturn|p1a: Garganacl|Protect\n|move|p2a: Tapu Lele|Focus Blast|p1a: Garganacl\n|-activate|p1a: Garganacl|move: Protect\n|\n|-damage|p2a: Tapu Lele|24\/100|[from] Salt Cure\n|upkeep\n|turn|52\n|\n|t:|1700568393\n|switch|p1a: Scizor|Scizor-Mega, F|60\/100\n|move|p2a: Tapu Lele|Focus Blast|p1a: Scizor|[miss]\n|-miss|p2a: Tapu Lele|p1a: Scizor\n|\n|-damage|p2a: Tapu Lele|12\/100|[from] Salt Cure\n|upkeep\n|turn|53\n|-message|EpicGamer069420 forfeited.\n|\n|win|biezouhaoma\n|raw|biezouhaoma's rating: 1641 &rarr; <strong>1662<\/strong><br \/>(+21 for winning)\n|raw|EpicGamer069420's rating: 1665 &rarr; <strong>1644<\/strong><br \/>(-21 for losing)\n|l|\u2606EpicGamer069420\n","uploadtime":1700568203,"views":0,"p1id":"biezouhaoma","p2id":"epicgamer069420","formatid":"gen9nationaldex","rating":1644,"private":0,"password":""}