{"id":"gen9nationaldex-2000683302","p1":"andrewtb491","p2":"scummy bag","format":"[Gen 9] National Dex","log":"|html|<div class=\"broadcast-blue\"><strong>[Gen 9] National Dex is currently suspecting Sneasler! For information on how to participate check out the <a href=\"https:\/\/www.smogon.com\/forums\/threads\/sv-national-dex-suspect-8-just-dance.3731534\/\">suspect thread<\/a>.<\/strong><\/div>\n|j|\u2606andrewtb491\n|j|\u2606scummy bag\n|t:|1701218376\n|gametype|singles\n|player|p1|andrewtb491|266|1303\n|player|p2|scummy bag|bede-masters|1252\n|teamsize|p1|6\n|teamsize|p2|6\n|gen|9\n|tier|[Gen 9] National Dex\n|rated|\n|rule|HP Percentage Mod: HP is shown in percentages\n|rule|Endless Battle Clause: Forcing endless battles is banned\n|rule|OHKO Clause: OHKO moves are banned\n|rule|Evasion Clause: Evasion abilities, items, and moves are banned\n|rule|Evasion Abilities Clause: Evasion abilities are banned\n|rule|Evasion Items Clause: Evasion items are banned\n|rule|Evasion Moves Clause: Evasion moves are banned\n|rule|Species Clause: Limit one of each Pok\u00e9mon\n|rule|Sleep Clause Mod: Limit one foe put to sleep\n|clearpoke\n|poke|p1|Cinderace, M|\n|poke|p1|Dragonite, F|\n|poke|p1|Serperior, M|\n|poke|p1|Slowking-Galar, M|\n|poke|p1|Tapu Fini|\n|poke|p1|Gliscor, F|\n|poke|p2|Greninja-*, F|\n|poke|p2|Sneasler, F|\n|poke|p2|Iron Hands|\n|poke|p2|Charizard, F|\n|poke|p2|Serperior, F|\n|poke|p2|Hoopa-Unbound|\n|teampreview\n|\n|t:|1701218383\n|start\n|switch|p1a: Gliscor|Gliscor, F|100\/100\n|switch|p2a: Hoopa|Hoopa-Unbound|100\/100\n|turn|1\n|c|\u2606scummy bag|glhf\n|\n|t:|1701218390\n|move|p1a: Gliscor|Protect|p1a: Gliscor\n|-singleturn|p1a: Gliscor|Protect\n|move|p2a: Hoopa|Dark Pulse|p1a: Gliscor\n|-activate|p1a: Gliscor|move: Protect\n|\n|-status|p1a: Gliscor|tox|[from] item: Toxic Orb\n|upkeep\n|turn|2\n|\n|t:|1701218398\n|move|p2a: Hoopa|Dark Pulse|p1a: Gliscor\n|-damage|p1a: Gliscor|43\/100 tox\n|move|p1a: Gliscor|Toxic|p2a: Hoopa\n|-status|p2a: Hoopa|tox\n|\n|-damage|p2a: Hoopa|95\/100 tox|[from] psn\n|-heal|p1a: Gliscor|55\/100 tox|[from] ability: Poison Heal\n|upkeep\n|turn|3\n|\n|t:|1701218407\n|move|p1a: Gliscor|Protect|p1a: Gliscor\n|-singleturn|p1a: Gliscor|Protect\n|move|p2a: Hoopa|Dark Pulse|p1a: Gliscor\n|-activate|p1a: Gliscor|move: Protect\n|\n|-damage|p2a: Hoopa|83\/100 tox|[from] psn\n|-heal|p1a: Gliscor|68\/100 tox|[from] ability: Poison Heal\n|upkeep\n|turn|4\n|\n|t:|1701218417\n|switch|p1a: Cinderace|Cinderace, M|100\/100\n|move|p2a: Hoopa|Dark Pulse|p1a: Cinderace\n|-damage|p1a: Cinderace|31\/100\n|\n|-damage|p2a: Hoopa|65\/100 tox|[from] psn\n|upkeep\n|turn|5\n|\n|t:|1701218424\n|move|p1a: Cinderace|U-turn|p2a: Hoopa\n|-start|p1a: Cinderace|typechange|Bug|[from] ability: Libero\n|-supereffective|p2a: Hoopa\n|-damage|p2a: Hoopa|0 fnt\n|faint|p2a: Hoopa\n|\n|t:|1701218433\n|switch|p1a: Slowking|Slowking-Galar, M|100\/100|[from] U-turn\n|\n|upkeep\n|\n|t:|1701218442\n|switch|p2a: Greninja|Greninja, F|100\/100\n|turn|6\n|\n|t:|1701218452\n|-zpower|p2a: Greninja\n|move|p2a: Greninja|Z-Happy Hour|p2a: Greninja|[anim]Happy Hour\n|-boost|p2a: Greninja|atk|1|[zeffect]\n|-boost|p2a: Greninja|def|1|[zeffect]\n|-boost|p2a: Greninja|spa|1|[zeffect]\n|-boost|p2a: Greninja|spd|1|[zeffect]\n|-boost|p2a: Greninja|spe|1|[zeffect]\n|move|p1a: Slowking|Thunder Wave|p2a: Greninja|[miss]\n|-miss|p1a: Slowking|p2a: Greninja\n|\n|upkeep\n|turn|7\n|\n|t:|1701218472\n|switch|p1a: Tapu Fini|Tapu Fini|100\/100\n|move|p2a: Greninja|Dark Pulse|p1a: Tapu Fini\n|-resisted|p1a: Tapu Fini\n|-damage|p1a: Tapu Fini|76\/100\n|\n|-heal|p1a: Tapu Fini|82\/100|[from] item: Leftovers\n|upkeep\n|turn|8\n|\n|t:|1701218490\n|move|p2a: Greninja|Dark Pulse|p1a: Tapu Fini\n|-resisted|p1a: Tapu Fini\n|-damage|p1a: Tapu Fini|55\/100\n|move|p1a: Tapu Fini|Calm Mind|p1a: Tapu Fini\n|-boost|p1a: Tapu Fini|spa|1\n|-boost|p1a: Tapu Fini|spd|1\n|\n|-heal|p1a: Tapu Fini|61\/100|[from] item: Leftovers\n|upkeep\n|turn|9\n|\n|t:|1701218498\n|move|p2a: Greninja|Dark Pulse|p1a: Tapu Fini\n|-resisted|p1a: Tapu Fini\n|-damage|p1a: Tapu Fini|45\/100\n|move|p1a: Tapu Fini|Draining Kiss|p2a: Greninja\n|-supereffective|p2a: Greninja\n|-damage|p2a: Greninja|44\/100\n|-heal|p1a: Tapu Fini|88\/100|[from] drain|[of] p2a: Greninja\n|\n|-heal|p1a: Tapu Fini|94\/100|[from] item: Leftovers\n|upkeep\n|turn|10\n|\n|t:|1701218507\n|move|p2a: Greninja|Dark Pulse|p1a: Tapu Fini\n|-resisted|p1a: Tapu Fini\n|-damage|p1a: Tapu Fini|78\/100\n|move|p1a: Tapu Fini|Draining Kiss|p2a: Greninja\n|-supereffective|p2a: Greninja\n|-damage|p2a: Greninja|0 fnt\n|-heal|p1a: Tapu Fini|100\/100|[from] drain|[of] p2a: Greninja\n|faint|p2a: Greninja\n|\n|upkeep\n|\n|t:|1701218510\n|switch|p2a: Sneasler|Sneasler, F|100\/100\n|turn|11\n|\n|t:|1701218520\n|switch|p1a: Slowking|Slowking-Galar, M|100\/100\n|move|p2a: Sneasler|Dire Claw|p1a: Slowking\n|-resisted|p1a: Slowking\n|-damage|p1a: Slowking|78\/100\n|-status|p1a: Slowking|slp\n|\n|-heal|p1a: Slowking|84\/100 slp|[from] item: Black Sludge\n|upkeep\n|turn|12\n|\n|t:|1701218530\n|switch|p1a: Gliscor|Gliscor, F|68\/100 tox\n|move|p2a: Sneasler|Swords Dance|p2a: Sneasler\n|-boost|p2a: Sneasler|atk|2\n|\n|-heal|p1a: Gliscor|80\/100 tox|[from] ability: Poison Heal\n|upkeep\n|turn|13\n|\n|t:|1701218539\n|move|p2a: Sneasler|Close Combat|p1a: Gliscor\n|-resisted|p1a: Gliscor\n|-damage|p1a: Gliscor|37\/100 tox\n|-unboost|p2a: Sneasler|def|1\n|-unboost|p2a: Sneasler|spd|1\n|-enditem|p2a: Sneasler|White Herb\n|-clearnegativeboost|p2a: Sneasler|[silent]\n|move|p1a: Gliscor|Toxic|p2a: Sneasler|[miss]\n|-miss|p1a: Gliscor|p2a: Sneasler\n|\n|-heal|p1a: Gliscor|49\/100 tox|[from] ability: Poison Heal\n|upkeep\n|turn|14\n|\n|t:|1701218549\n|move|p1a: Gliscor|Protect|p1a: Gliscor\n|-singleturn|p1a: Gliscor|Protect\n|move|p2a: Sneasler|Acrobatics|p1a: Gliscor\n|-activate|p1a: Gliscor|move: Protect\n|\n|-heal|p1a: Gliscor|62\/100 tox|[from] ability: Poison Heal\n|upkeep\n|turn|15\n|\n|t:|1701218559\n|move|p2a: Sneasler|Acrobatics|p1a: Gliscor\n|-damage|p1a: Gliscor|8\/100 tox\n|move|p1a: Gliscor|Earthquake|p2a: Sneasler\n|-supereffective|p2a: Sneasler\n|-damage|p2a: Sneasler|0 fnt\n|faint|p2a: Sneasler\n|\n|-heal|p1a: Gliscor|21\/100 tox|[from] ability: Poison Heal\n|upkeep\n|\n|t:|1701218564\n|switch|p2a: Serperior|Serperior, F|100\/100\n|turn|16\n|\n|t:|1701218570\n|move|p1a: Gliscor|Protect|p1a: Gliscor\n|-singleturn|p1a: Gliscor|Protect\n|move|p2a: Serperior|Leaf Storm|p1a: Gliscor\n|-activate|p1a: Gliscor|move: Protect\n|\n|-heal|p1a: Gliscor|33\/100 tox|[from] ability: Poison Heal\n|upkeep\n|turn|17\n|j| 0ther_S1de\n|c| 0ther_S1de|yo\n|\n|t:|1701218611\n|switch|p1a: Slowking|Slowking-Galar, M|100\/100 slp\n|move|p2a: Serperior|Leaf Storm|p1a: Slowking\n|-resisted|p1a: Slowking\n|-damage|p1a: Slowking|75\/100 slp\n|-boost|p2a: Serperior|spa|2\n|-damage|p2a: Serperior|91\/100|[from] item: Life Orb\n|\n|-heal|p1a: Slowking|81\/100 slp|[from] item: Black Sludge\n|upkeep\n|turn|18\n|c|\u2606scummy bag|sup\n|\n|t:|1701218623\n|move|p2a: Serperior|Dragon Pulse|p1a: Slowking\n|-damage|p1a: Slowking|40\/100 slp\n|-damage|p2a: Serperior|81\/100|[from] item: Life Orb\n|cant|p1a: Slowking|slp\n|\n|-heal|p1a: Slowking|46\/100 slp|[from] item: Black Sludge\n|upkeep\n|turn|19\n|\n|t:|1701218631\n|move|p2a: Serperior|Dragon Pulse|p1a: Slowking\n|-damage|p1a: Slowking|4\/100 slp\n|-damage|p2a: Serperior|71\/100|[from] item: Life Orb\n|-curestatus|p1a: Slowking|slp|[msg]\n|move|p1a: Slowking|Sludge Bomb|p2a: Serperior\n|-supereffective|p2a: Serperior\n|-damage|p2a: Serperior|0 fnt\n|faint|p2a: Serperior\n|\n|-heal|p1a: Slowking|10\/100|[from] item: Black Sludge\n|upkeep\n|\n|t:|1701218636\n|switch|p2a: Charizard|Charizard, F, shiny|100\/100\n|turn|20\n|c| 0ther_S1de|bro just leaf storm again\n|c| 0ther_S1de|it will do more\n|c|\u2606scummy bag|u was bored\n|\n|t:|1701218650\n|move|p2a: Charizard|Ancient Power|p1a: Slowking\n|-damage|p1a: Slowking|0 fnt\n|faint|p1a: Slowking\n|\n|upkeep\n|c| 0ther_S1de|lmao\n|c|\u2606scummy bag|plus i dont like espeed\n|c|\u2606scummy bag|i was bored\n|\n|t:|1701218682\n|switch|p1a: Tapu Fini|Tapu Fini|100\/100\n|turn|21\n|c|\u2606scummy bag|im sick cant see the board\n|\n|t:|1701218690\n|detailschange|p2a: Charizard|Charizard-Mega-Y, F, shiny\n|-mega|p2a: Charizard|Charizard|Charizardite Y\n|-weather|SunnyDay|[from] ability: Drought|[of] p2a: Charizard\n|move|p2a: Charizard|Solar Beam||[still]\n|-prepare|p2a: Charizard|Solar Beam\n|-anim|p2a: Charizard|Solar Beam|p1a: Tapu Fini\n|-supereffective|p1a: Tapu Fini\n|-damage|p1a: Tapu Fini|4\/100\n|move|p1a: Tapu Fini|Calm Mind|p1a: Tapu Fini\n|-boost|p1a: Tapu Fini|spa|1\n|-boost|p1a: Tapu Fini|spd|1\n|\n|-weather|SunnyDay|[upkeep]\n|-heal|p1a: Tapu Fini|10\/100|[from] item: Leftovers\n|upkeep\n|turn|22\n|\n|t:|1701218706\n|move|p2a: Charizard|Ancient Power|p1a: Tapu Fini\n|-damage|p1a: Tapu Fini|0 fnt\n|-boost|p2a: Charizard|atk|1\n|-boost|p2a: Charizard|def|1\n|-boost|p2a: Charizard|spa|1\n|-boost|p2a: Charizard|spd|1\n|-boost|p2a: Charizard|spe|1\n|faint|p1a: Tapu Fini\n|\n|-weather|SunnyDay|[upkeep]\n|upkeep\n|\n|t:|1701218715\n|switch|p1a: Dragonite|Dragonite, F|100\/100\n|turn|23\n|\n|t:|1701218723\n|-terastallize|p1a: Dragonite|Normal\n|move|p2a: Charizard|Ancient Power|p1a: Dragonite\n|-damage|p1a: Dragonite|81\/100\n|-boost|p2a: Charizard|atk|1\n|-boost|p2a: Charizard|def|1\n|-boost|p2a: Charizard|spa|1\n|-boost|p2a: Charizard|spd|1\n|-boost|p2a: Charizard|spe|1\n|move|p1a: Dragonite|Dragon Dance|p1a: Dragonite\n|-boost|p1a: Dragonite|atk|1\n|-boost|p1a: Dragonite|spe|1\n|\n|-weather|SunnyDay|[upkeep]\n|upkeep\n|turn|24\n|c|\u2606scummy bag|the espeed\n|\n|t:|1701218733\n|move|p1a: Dragonite|Extreme Speed|p2a: Charizard\n|-damage|p2a: Charizard|50\/100\n|move|p2a: Charizard|Flamethrower|p1a: Dragonite\n|-damage|p1a: Dragonite|0 fnt\n|faint|p1a: Dragonite\n|\n|-weather|SunnyDay|[upkeep]\n|upkeep\n|c|\u2606scummy bag|lol\n|\n|t:|1701218744\n|switch|p1a: Serperior|Serperior, M|100\/100\n|turn|25\n|\n|t:|1701218748\n|move|p2a: Charizard|Flamethrower|p1a: Serperior\n|-supereffective|p1a: Serperior\n|-damage|p1a: Serperior|0 fnt\n|faint|p1a: Serperior\n|\n|-weather|none\n|upkeep\n|\n|t:|1701218754\n|switch|p1a: Gliscor|Gliscor, F|33\/100 tox\n|turn|26\n|\n|t:|1701218761\n|move|p1a: Gliscor|Protect|p1a: Gliscor\n|-singleturn|p1a: Gliscor|Protect\n|move|p2a: Charizard|Flamethrower|p1a: Gliscor\n|-activate|p1a: Gliscor|move: Protect\n|\n|-heal|p1a: Gliscor|45\/100 tox|[from] ability: Poison Heal\n|upkeep\n|turn|27\n|\n|t:|1701218768\n|move|p2a: Charizard|Flamethrower|p1a: Gliscor\n|-damage|p1a: Gliscor|0 fnt\n|faint|p1a: Gliscor\n|\n|upkeep\n|c|\u2606scummy bag|this charizard funny funny\n|\n|t:|1701218773\n|switch|p1a: Cinderace|Cinderace, M|31\/100\n|turn|28\n|\n|t:|1701218776\n|move|p2a: Charizard|Flamethrower|p1a: Cinderace\n|-resisted|p1a: Cinderace\n|-damage|p1a: Cinderace|0 fnt\n|faint|p1a: Cinderace\n|\n|win|scummy bag\n|raw|andrewtb491's rating: 1303 &rarr; <strong>1280<\/strong><br \/>(-23 for losing)\n|raw|scummy bag's rating: 1252 &rarr; <strong>1281<\/strong><br \/>(+29 for winning)\n|c|\u2606scummy bag|ggwp\n|c|\u2606scummy bag|who needs leaf storm\n","uploadtime":1701218793,"views":0,"p1id":"andrewtb491","p2id":"scummybag","formatid":"gen9nationaldex","rating":1280,"private":0,"password":""}