{"id":"gen9nationaldex-1994163092","p1":"galajan8989","p2":"blancasofia","format":"[Gen 9] National Dex","log":"|j|\u2606galajan8989\n|j|\u2606blancasofia\n|t:|1700414182\n|gametype|singles\n|player|p1|galajan8989|giovanni|\n|player|p2|blancasofia|acetrainerf|\n|teamsize|p1|6\n|teamsize|p2|6\n|gen|9\n|tier|[Gen 9] National Dex\n|rule|HP Percentage Mod: HP is shown in percentages\n|rule|Endless Battle Clause: Forcing endless battles is banned\n|rule|OHKO Clause: OHKO moves are banned\n|rule|Evasion Clause: Evasion abilities, items, and moves are banned\n|rule|Evasion Abilities Clause: Evasion abilities are banned\n|rule|Evasion Items Clause: Evasion items are banned\n|rule|Evasion Moves Clause: Evasion moves are banned\n|rule|Species Clause: Limit one of each Pok\u00e9mon\n|rule|Sleep Clause Mod: Limit one foe put to sleep\n|clearpoke\n|poke|p1|Talonflame, F|\n|poke|p1|Umbreon, F|\n|poke|p1|Crawdaunt, M|\n|poke|p1|Iron Valiant|\n|poke|p1|Gardevoir, M|\n|poke|p1|Quagsire, M|\n|poke|p2|Zebstrika, M|\n|poke|p2|Lapras, F|\n|poke|p2|Duraludon, M|\n|poke|p2|Incineroar, M|\n|poke|p2|Scolipede, M|\n|poke|p2|Metagross|\n|teampreview\n|c|\u2606galajan8989|Glhf\n|\n|t:|1700414208\n|start\n|switch|p1a: Quagsire|Quagsire, M|100\/100\n|switch|p2a: Kurohyou|Incineroar, M|100\/100\n|-ability|p2a: Kurohyou|Intimidate|boost\n|-unboost|p1a: Quagsire|atk|1\n|turn|1\n|\n|t:|1700414214\n|move|p2a: Kurohyou|Fake Out|p1a: Quagsire\n|-damage|p1a: Quagsire|93\/100\n|cant|p1a: Quagsire|flinch\n|\n|-heal|p1a: Quagsire|99\/100|[from] item: Leftovers\n|upkeep\n|turn|2\n|\n|t:|1700414221\n|move|p2a: Kurohyou|Parting Shot|p1a: Quagsire\n|-unboost|p1a: Quagsire|atk|1\n|-unboost|p1a: Quagsire|spa|1\n|\n|t:|1700414227\n|switch|p2a: Mizu|Lapras, F|100\/100|[from] Parting Shot\n|move|p1a: Quagsire|Toxic|p2a: Mizu\n|-status|p2a: Mizu|tox\n|\n|-heal|p1a: Quagsire|100\/100|[from] item: Leftovers\n|-damage|p2a: Mizu|94\/100 tox|[from] psn\n|upkeep\n|turn|3\n|\n|t:|1700414237\n|switch|p1a: Umbreon|Umbreon, F|100\/100\n|move|p2a: Mizu|Freeze-Dry|p1a: Umbreon\n|-damage|p1a: Umbreon|86\/100\n|\n|-heal|p1a: Umbreon|92\/100|[from] item: Leftovers\n|-damage|p2a: Mizu|82\/100 tox|[from] psn\n|upkeep\n|turn|4\n|\n|t:|1700414245\n|switch|p2a: Dokumushi|Scolipede, M|100\/100\n|move|p1a: Umbreon|Protect||[still]\n|-fail|p1a: Umbreon\n|\n|-heal|p1a: Umbreon|98\/100|[from] item: Leftovers\n|upkeep\n|turn|5\n|\n|t:|1700414253\n|move|p2a: Dokumushi|Swords Dance|p2a: Dokumushi\n|-boost|p2a: Dokumushi|atk|2\n|move|p1a: Umbreon|Foul Play|p2a: Dokumushi\n|-damage|p2a: Dokumushi|0 fnt\n|faint|p2a: Dokumushi\n|\n|-heal|p1a: Umbreon|100\/100|[from] item: Leftovers\n|upkeep\n|\n|t:|1700414263\n|switch|p2a: Ludon|Duraludon, M|100\/100\n|turn|6\n|\n|t:|1700414286\n|switch|p1a: Quagsire|Quagsire, M|100\/100\n|move|p2a: Ludon|Body Press|p1a: Quagsire\n|-damage|p1a: Quagsire|85\/100\n|\n|-heal|p1a: Quagsire|91\/100|[from] item: Leftovers\n|upkeep\n|turn|7\n|\n|t:|1700414295\n|switch|p2a: K\u014dtetsu|Metagross|100\/100\n|move|p1a: Quagsire|Earthquake|p2a: K\u014dtetsu\n|-supereffective|p2a: K\u014dtetsu\n|-damage|p2a: K\u014dtetsu|49\/100\n|\n|-heal|p1a: Quagsire|97\/100|[from] item: Leftovers\n|upkeep\n|turn|8\n|\n|t:|1700414300\n|move|p2a: K\u014dtetsu|Zen Headbutt|p1a: Quagsire\n|-damage|p1a: Quagsire|48\/100\n|move|p1a: Quagsire|Earthquake|p2a: K\u014dtetsu\n|-supereffective|p2a: K\u014dtetsu\n|-damage|p2a: K\u014dtetsu|0 fnt\n|faint|p2a: K\u014dtetsu\n|\n|-heal|p1a: Quagsire|54\/100|[from] item: Leftovers\n|upkeep\n|\n|t:|1700414309\n|switch|p2a: Denki|Zebstrika, M|100\/100\n|turn|9\n|\n|t:|1700414312\n|move|p2a: Denki|Hidden Power|p1a: Quagsire\n|-supereffective|p1a: Quagsire\n|-damage|p1a: Quagsire|0 fnt\n|faint|p1a: Quagsire\n|-damage|p2a: Denki|91\/100|[from] item: Life Orb\n|\n|upkeep\n|\n|t:|1700414320\n|switch|p1a: Umbreon|Umbreon, F|100\/100\n|turn|10\n|\n|t:|1700414326\n|move|p2a: Denki|Thunderbolt|p1a: Umbreon\n|-damage|p1a: Umbreon|78\/100\n|-damage|p2a: Denki|81\/100|[from] item: Life Orb\n|move|p1a: Umbreon|Toxic|p2a: Denki\n|-status|p2a: Denki|tox\n|\n|-heal|p1a: Umbreon|85\/100|[from] item: Leftovers\n|-damage|p2a: Denki|74\/100 tox|[from] psn\n|upkeep\n|turn|11\n|\n|t:|1700414342\n|move|p1a: Umbreon|Protect|p1a: Umbreon\n|-singleturn|p1a: Umbreon|Protect\n|move|p2a: Denki|Volt Switch|p1a: Umbreon\n|-activate|p1a: Umbreon|move: Protect\n|\n|-heal|p1a: Umbreon|91\/100|[from] item: Leftovers\n|-damage|p2a: Denki|62\/100 tox|[from] psn\n|upkeep\n|turn|12\n|\n|t:|1700414349\n|switch|p2a: Ludon|Duraludon, M|100\/100\n|move|p1a: Umbreon|Protect||[still]\n|-fail|p1a: Umbreon\n|\n|-heal|p1a: Umbreon|97\/100|[from] item: Leftovers\n|upkeep\n|turn|13\n|\n|t:|1700414360\n|move|p2a: Ludon|Flash Cannon|p1a: Umbreon\n|-damage|p1a: Umbreon|72\/100\n|move|p1a: Umbreon|Foul Play|p2a: Ludon\n|-damage|p2a: Ludon|67\/100\n|\n|-heal|p1a: Umbreon|78\/100|[from] item: Leftovers\n|upkeep\n|turn|14\n|\n|t:|1700414365\n|move|p2a: Ludon|Body Press|p1a: Umbreon\n|-supereffective|p1a: Umbreon\n|-damage|p1a: Umbreon|41\/100\n|move|p1a: Umbreon|Wish|p1a: Umbreon\n|\n|-heal|p1a: Umbreon|47\/100|[from] item: Leftovers\n|upkeep\n|turn|15\n|\n|t:|1700414372\n|move|p2a: Ludon|Body Press|p1a: Umbreon\n|-supereffective|p1a: Umbreon\n|-damage|p1a: Umbreon|7\/100\n|move|p1a: Umbreon|Foul Play|p2a: Ludon\n|-damage|p2a: Ludon|39\/100\n|\n|-heal|p1a: Umbreon|57\/100|[from] move: Wish|[wisher] Umbreon\n|-heal|p1a: Umbreon|63\/100|[from] item: Leftovers\n|upkeep\n|turn|16\n|\n|t:|1700414378\n|move|p1a: Umbreon|Protect|p1a: Umbreon\n|-singleturn|p1a: Umbreon|Protect\n|move|p2a: Ludon|Body Press|p1a: Umbreon\n|-activate|p1a: Umbreon|move: Protect\n|\n|-heal|p1a: Umbreon|69\/100|[from] item: Leftovers\n|upkeep\n|turn|17\n|\n|t:|1700414388\n|move|p2a: Ludon|Body Press|p1a: Umbreon\n|-supereffective|p1a: Umbreon\n|-damage|p1a: Umbreon|32\/100\n|move|p1a: Umbreon|Wish|p1a: Umbreon\n|\n|-heal|p1a: Umbreon|38\/100|[from] item: Leftovers\n|upkeep\n|turn|18\n|\n|t:|1700414403\n|switch|p2a: Mizu|Lapras, F|82\/100 tox\n|move|p1a: Umbreon|Protect||[still]\n|-fail|p1a: Umbreon\n|\n|-heal|p1a: Umbreon|88\/100|[from] move: Wish|[wisher] Umbreon\n|-heal|p1a: Umbreon|94\/100|[from] item: Leftovers\n|-damage|p2a: Mizu|75\/100 tox|[from] psn\n|upkeep\n|turn|19\n|\n|t:|1700414412\n|move|p1a: Umbreon|Protect|p1a: Umbreon\n|-singleturn|p1a: Umbreon|Protect\n|move|p2a: Mizu|Sparkling Aria|p1a: Umbreon\n|-activate|p1a: Umbreon|move: Protect\n|\n|-heal|p1a: Umbreon|100\/100|[from] item: Leftovers\n|-damage|p2a: Mizu|63\/100 tox|[from] psn\n|upkeep\n|turn|20\n|\n|t:|1700414421\n|move|p1a: Umbreon|Foul Play|p2a: Mizu\n|-damage|p2a: Mizu|39\/100 tox\n|move|p2a: Mizu|Sparkling Aria|p1a: Umbreon\n|-damage|p1a: Umbreon|80\/100\n|\n|-heal|p1a: Umbreon|86\/100|[from] item: Leftovers\n|-damage|p2a: Mizu|20\/100 tox|[from] psn\n|upkeep\n|turn|21\n|\n|t:|1700414428\n|move|p1a: Umbreon|Protect|p1a: Umbreon\n|-singleturn|p1a: Umbreon|Protect\n|move|p2a: Mizu|Ice Shard|p1a: Umbreon\n|-activate|p1a: Umbreon|move: Protect\n|\n|-heal|p1a: Umbreon|92\/100|[from] item: Leftovers\n|-damage|p2a: Mizu|0 fnt|[from] psn\n|faint|p2a: Mizu\n|upkeep\n|\n|t:|1700414433\n|switch|p2a: Kurohyou|Incineroar, M|100\/100\n|-ability|p2a: Kurohyou|Intimidate|boost\n|-fail|p1a: Umbreon|unboost|Attack|[from] ability: Inner Focus|[of] p1a: Umbreon\n|turn|22\n|\n|t:|1700414438\n|move|p2a: Kurohyou|Fake Out|p1a: Umbreon\n|-damage|p1a: Umbreon|84\/100\n|move|p1a: Umbreon|Toxic|p2a: Kurohyou|[miss]\n|-miss|p1a: Umbreon|p2a: Kurohyou\n|\n|-heal|p1a: Umbreon|90\/100|[from] item: Leftovers\n|upkeep\n|turn|23\n|\n|t:|1700414456\n|move|p2a: Kurohyou|Parting Shot|p1a: Umbreon\n|-unboost|p1a: Umbreon|atk|1\n|-unboost|p1a: Umbreon|spa|1\n|\n|t:|1700414469\n|switch|p2a: Ludon|Duraludon, M|39\/100|[from] Parting Shot\n|move|p1a: Umbreon|Wish|p1a: Umbreon\n|\n|-heal|p1a: Umbreon|96\/100|[from] item: Leftovers\n|upkeep\n|turn|24\n|\n|t:|1700414475\n|move|p2a: Ludon|Body Press|p1a: Umbreon\n|-supereffective|p1a: Umbreon\n|-damage|p1a: Umbreon|54\/100\n|move|p1a: Umbreon|Foul Play|p2a: Ludon\n|-damage|p2a: Ludon|10\/100\n|\n|-heal|p1a: Umbreon|100\/100|[from] move: Wish|[wisher] Umbreon\n|upkeep\n|turn|25\n|\n|t:|1700414481\n|switch|p2a: Kurohyou|Incineroar, M|100\/100\n|-ability|p2a: Kurohyou|Intimidate|boost\n|-fail|p1a: Umbreon|unboost|Attack|[from] ability: Inner Focus|[of] p1a: Umbreon\n|move|p1a: Umbreon|Foul Play|p2a: Kurohyou\n|-resisted|p2a: Kurohyou\n|-damage|p2a: Kurohyou|84\/100\n|\n|upkeep\n|turn|26\n|\n|t:|1700414486\n|switch|p1a: Crawdaunt|Crawdaunt, M|100\/100\n|move|p2a: Kurohyou|Fake Out|p1a: Crawdaunt\n|-crit|p1a: Crawdaunt\n|-damage|p1a: Crawdaunt|77\/100\n|\n|upkeep\n|turn|27\n|\n|t:|1700414499\n|switch|p2a: Denki|Zebstrika, M|62\/100 tox\n|-zpower|p1a: Crawdaunt\n|move|p1a: Crawdaunt|Hydro Vortex|p2a: Denki|[zeffect]\n|-damage|p2a: Denki|0 fnt\n|faint|p2a: Denki\n|\n|upkeep\n|\n|t:|1700414505\n|switch|p2a: Ludon|Duraludon, M|10\/100\n|turn|28\n|\n|t:|1700414509\n|move|p1a: Crawdaunt|Aqua Jet|p2a: Ludon\n|-resisted|p2a: Ludon\n|-damage|p2a: Ludon|0 fnt\n|faint|p2a: Ludon\n|\n|upkeep\n|\n|t:|1700414513\n|switch|p2a: Kurohyou|Incineroar, M|84\/100\n|-ability|p2a: Kurohyou|Intimidate|boost\n|-unboost|p1a: Crawdaunt|atk|1\n|turn|29\n|\n|t:|1700414517\n|move|p2a: Kurohyou|Fake Out|p1a: Crawdaunt\n|-damage|p1a: Crawdaunt|62\/100\n|cant|p1a: Crawdaunt|flinch\n|\n|upkeep\n|turn|30\n|\n|t:|1700414522\n|move|p1a: Crawdaunt|Aqua Jet|p2a: Kurohyou\n|-supereffective|p2a: Kurohyou\n|-damage|p2a: Kurohyou|52\/100\n|move|p2a: Kurohyou|Snarl|p1a: Crawdaunt\n|-resisted|p1a: Crawdaunt\n|-damage|p1a: Crawdaunt|47\/100\n|-unboost|p1a: Crawdaunt|spa|1\n|\n|upkeep\n|turn|31\n|\n|t:|1700414529\n|move|p1a: Crawdaunt|Crabhammer|p2a: Kurohyou\n|-supereffective|p2a: Kurohyou\n|-damage|p2a: Kurohyou|0 fnt\n|faint|p2a: Kurohyou\n|\n|win|galajan8989\n|c|\u2606galajan8989|Gg\n|c|\u2606galajan8989|A por la siguiente\n","uploadtime":1700414548,"views":12,"p1id":"galajan8989","p2id":"blancasofia","formatid":"gen9nationaldex","rating":0,"private":0,"password":""}