{"id":"gen9nationaldex-1997963120","p1":"ShuoHe8","p2":"QIxhQI","format":"[Gen 9] National Dex","log":"|html|<div class=\"broadcast-blue\"><strong>[Gen 9] National Dex is currently suspecting Sneasler! For information on how to participate check out the <a href=\"https:\/\/www.smogon.com\/forums\/threads\/sv-national-dex-suspect-8-just-dance.3731534\/\">suspect thread<\/a>.<\/strong><\/div>\n|j|\u2606ShuoHe8\n|j|\u2606QIxhQI\n|t:|1700872756\n|gametype|singles\n|player|p1|ShuoHe8|lillie-z|1522\n|player|p2|QIxhQI|1|1560\n|teamsize|p1|6\n|teamsize|p2|6\n|gen|9\n|tier|[Gen 9] National Dex\n|rated|\n|rule|HP Percentage Mod: HP is shown in percentages\n|rule|Endless Battle Clause: Forcing endless battles is banned\n|rule|OHKO Clause: OHKO moves are banned\n|rule|Evasion Clause: Evasion abilities, items, and moves are banned\n|rule|Evasion Abilities Clause: Evasion abilities are banned\n|rule|Evasion Items Clause: Evasion items are banned\n|rule|Evasion Moves Clause: Evasion moves are banned\n|rule|Species Clause: Limit one of each Pok\u00e9mon\n|rule|Sleep Clause Mod: Limit one foe put to sleep\n|clearpoke\n|poke|p1|Klawf, M|\n|poke|p1|Lokix, M|\n|poke|p1|Tatsugiri, M|\n|poke|p1|Thundurus, M|\n|poke|p1|Ampharos, M|\n|poke|p1|Torterra, M|\n|poke|p2|Mawile, M|\n|poke|p2|Marowak-Alola, F|\n|poke|p2|Hatterene, F|\n|poke|p2|Cresselia, F|\n|poke|p2|Porygon2|\n|poke|p2|Ursaluna, M|\n|teampreview\n|inactive|Battle timer is ON: inactive players will automatically lose when time's up. (requested by QIxhQI)\n|\n|t:|1700872780\n|start\n|switch|p1a: Ampharos|Ampharos, M|100\/100\n|switch|p2a: Hatterene|Hatterene, F|100\/100\n|turn|1\n|\n|t:|1700872791\n|move|p1a: Ampharos|Thunderbolt|p2a: Hatterene\n|-crit|p2a: Hatterene\n|-damage|p2a: Hatterene|23\/100\n|move|p2a: Hatterene|Trick Room|p2a: Hatterene\n|-fieldstart|move: Trick Room|[of] p2a: Hatterene\n|\n|upkeep\n|turn|2\n|\n|t:|1700872798\n|move|p2a: Hatterene|Misty Explosion|p1a: Ampharos\n|-damage|p1a: Ampharos|45\/100\n|faint|p2a: Hatterene\n|move|p1a: Ampharos|Volt Switch|p2: Hatterene|[notarget]\n|-fail|p1a: Ampharos\n|\n|upkeep\n|\n|t:|1700872809\n|switch|p2a: Marowak|Marowak-Alola, F|100\/100\n|turn|3\n|\n|t:|1700872817\n|switch|p1a: Thundurus|Thundurus, M|100\/100\n|move|p2a: Marowak|Poltergeist|p1a: Thundurus\n|-activate|p1a: Thundurus|move: Poltergeist|Adrenaline Orb\n|-damage|p1a: Thundurus|0 fnt\n|faint|p1a: Thundurus\n|\n|upkeep\n|\n|t:|1700872825\n|switch|p1a: Lokix|Lokix, M, shiny|100\/100\n|turn|4\n|\n|t:|1700872831\n|-terastallize|p1a: Lokix|Dark\n|move|p1a: Lokix|Sucker Punch|p2a: Marowak\n|-supereffective|p2a: Marowak\n|-damage|p2a: Marowak|0 fnt\n|faint|p2a: Marowak\n|-damage|p1a: Lokix|91\/100|[from] item: Life Orb\n|\n|upkeep\n|\n|t:|1700872836\n|switch|p2a: Mawile|Mawile, M|100\/100\n|-ability|p2a: Mawile|Intimidate|boost\n|-unboost|p1a: Lokix|atk|1\n|turn|5\n|\n|t:|1700872842\n|switch|p1a: Ampharos|Ampharos, M|45\/100\n|detailschange|p2a: Mawile|Mawile-Mega, M\n|-mega|p2a: Mawile|Mawile|Mawilite\n|move|p2a: Mawile|Play Rough|p1a: Ampharos\n|-damage|p1a: Ampharos|0 fnt\n|faint|p1a: Ampharos\n|\n|-fieldend|move: Trick Room\n|upkeep\n|\n|t:|1700872852\n|switch|p1a: Torterra|Torterra, M, shiny|100\/100\n|turn|6\n|\n|t:|1700872859\n|switch|p2a: Cresselia|Cresselia, F|100\/100\n|move|p1a: Torterra|Shell Smash|p1a: Torterra\n|-unboost|p1a: Torterra|def|1\n|-unboost|p1a: Torterra|spd|1\n|-boost|p1a: Torterra|atk|2\n|-boost|p1a: Torterra|spa|2\n|-boost|p1a: Torterra|spe|2\n|\n|upkeep\n|turn|7\n|\n|t:|1700872872\n|move|p1a: Torterra|Seed Bomb|p2a: Cresselia\n|-damage|p2a: Cresselia|60\/100\n|move|p2a: Cresselia|Trick Room|p2a: Cresselia\n|-fieldstart|move: Trick Room|[of] p2a: Cresselia\n|\n|upkeep\n|turn|8\n|\n|t:|1700872879\n|move|p2a: Cresselia|Ice Beam|p1a: Torterra\n|-supereffective|p1a: Torterra\n|-damage|p1a: Torterra|0 fnt\n|faint|p1a: Torterra\n|\n|upkeep\n|\n|t:|1700872884\n|switch|p1a: Lokix|Lokix, M, shiny, tera:Dark|91\/100\n|turn|9\n|\n|t:|1700872888\n|move|p1a: Lokix|First Impression|p2a: Cresselia\n|-supereffective|p2a: Cresselia\n|-damage|p2a: Cresselia|5\/100\n|-damage|p1a: Lokix|81\/100|[from] item: Life Orb\n|move|p2a: Cresselia|Lunar Dance|p2a: Cresselia\n|faint|p2a: Cresselia\n|\n|upkeep\n|\n|t:|1700872898\n|switch|p2a: Mawile|Mawile-Mega, M|100\/100\n|-heal|p2a: Mawile|100\/100|[from] move: Lunar Dance\n|turn|10\n|\n|t:|1700872907\n|switch|p1a: Tatsugiri|Tatsugiri, M, shiny|100\/100\n|move|p2a: Mawile|Play Rough|p1a: Tatsugiri\n|-supereffective|p1a: Tatsugiri\n|-damage|p1a: Tatsugiri|0 fnt\n|faint|p1a: Tatsugiri\n|\n|upkeep\n|\n|t:|1700872911\n|switch|p1a: Klawf|Klawf, M, shiny|100\/100\n|turn|11\n|\n|t:|1700872915\n|move|p2a: Mawile|Play Rough|p1a: Klawf\n|-damage|p1a: Klawf|13\/100\n|-ability|p1a: Klawf|Anger Shell|boost\n|-boost|p1a: Klawf|atk|1\n|-boost|p1a: Klawf|spa|1\n|-boost|p1a: Klawf|spe|1\n|-unboost|p1a: Klawf|def|1\n|-unboost|p1a: Klawf|spd|1\n|move|p1a: Klawf|High Horsepower|p2a: Mawile\n|-supereffective|p2a: Mawile\n|-damage|p2a: Mawile|23\/100\n|\n|-fieldend|move: Trick Room\n|upkeep\n|turn|12\n|\n|t:|1700872924\n|move|p2a: Mawile|Sucker Punch||[still]\n|-fail|p2a: Mawile\n|move|p1a: Klawf|Swords Dance|p1a: Klawf\n|-boost|p1a: Klawf|atk|2\n|\n|upkeep\n|turn|13\n|\n|t:|1700872931\n|move|p2a: Mawile|Sucker Punch|p1a: Klawf\n|-damage|p1a: Klawf|0 fnt\n|faint|p1a: Klawf\n|\n|upkeep\n|\n|t:|1700872933\n|switch|p1a: Lokix|Lokix, M, shiny, tera:Dark|81\/100\n|turn|14\n|\n|t:|1700872936\n|switch|p2a: Porygon2|Porygon2|100\/100\n|-ability|p2a: Porygon2|Tinted Lens|[from] ability: Trace|[of] p1a: Lokix\n|move|p1a: Lokix|First Impression|p2a: Porygon2\n|-damage|p2a: Porygon2|73\/100\n|-damage|p1a: Lokix|71\/100|[from] item: Life Orb\n|\n|upkeep\n|turn|15\n|\n|t:|1700872945\n|move|p1a: Lokix|Leech Life|p2a: Porygon2\n|-crit|p2a: Porygon2\n|-damage|p2a: Porygon2|32\/100\n|-heal|p1a: Lokix|98\/100|[from] drain|[of] p2a: Porygon2\n|-damage|p1a: Lokix|88\/100|[from] item: Life Orb\n|move|p2a: Porygon2|Trick Room|p2a: Porygon2\n|-fieldstart|move: Trick Room|[of] p2a: Porygon2\n|\n|upkeep\n|turn|16\n|\n|t:|1700872954\n|move|p1a: Lokix|Leech Life|p2a: Porygon2\n|-damage|p2a: Porygon2|5\/100\n|-heal|p1a: Lokix|100\/100|[from] drain|[of] p2a: Porygon2\n|-damage|p1a: Lokix|91\/100|[from] item: Life Orb\n|move|p2a: Porygon2|Teleport|p2a: Porygon2\n|\n|t:|1700872960\n|switch|p2a: Ursaluna|Ursaluna, M|100\/100|[from] Teleport\n|\n|-status|p2a: Ursaluna|brn|[from] item: Flame Orb\n|upkeep\n|turn|17\n|\n|t:|1700872965\n|move|p1a: Lokix|Sucker Punch|p2a: Ursaluna\n|-crit|p2a: Ursaluna\n|-damage|p2a: Ursaluna|37\/100 brn\n|-damage|p1a: Lokix|81\/100|[from] item: Life Orb\n|move|p2a: Ursaluna|Facade|p1a: Lokix\n|-damage|p1a: Lokix|0 fnt\n|faint|p1a: Lokix\n|\n|win|QIxhQI\n|raw|ShuoHe8's rating: 1522 &rarr; <strong>1504<\/strong><br \/>(-18 for losing)\n|raw|QIxhQI's rating: 1560 &rarr; <strong>1578<\/strong><br \/>(+18 for winning)\n|l|\u2606ShuoHe8\n","uploadtime":1700872972,"views":1,"p1id":"shuohe8","p2id":"qixhqi","formatid":"gen9nationaldex","rating":1504,"private":0,"password":""}