{"id":"gen9nationaldex-2000249151","p1":"Bean shaped man","p2":"Dove6","format":"[Gen 9] National Dex","log":"|html|<div class=\"broadcast-blue\"><strong>[Gen 9] National Dex is currently suspecting Sneasler! For information on how to participate check out the <a href=\"https:\/\/www.smogon.com\/forums\/threads\/sv-national-dex-suspect-8-just-dance.3731534\/\">suspect thread<\/a>.<\/strong><\/div>\n|j|\u2606Bean shaped man\n|j|\u2606Dove6\n|t:|1701177420\n|gametype|singles\n|player|p1|Bean shaped man|giovanni|1671\n|player|p2|Dove6|volkner|1685\n|teamsize|p1|6\n|teamsize|p2|6\n|gen|9\n|tier|[Gen 9] National Dex\n|rated|\n|rule|HP Percentage Mod: HP is shown in percentages\n|rule|Endless Battle Clause: Forcing endless battles is banned\n|rule|OHKO Clause: OHKO moves are banned\n|rule|Evasion Clause: Evasion abilities, items, and moves are banned\n|rule|Evasion Abilities Clause: Evasion abilities are banned\n|rule|Evasion Items Clause: Evasion items are banned\n|rule|Evasion Moves Clause: Evasion moves are banned\n|rule|Species Clause: Limit one of each Pok\u00e9mon\n|rule|Sleep Clause Mod: Limit one foe put to sleep\n|clearpoke\n|poke|p1|Lopunny, M|\n|poke|p1|Garganacl, F|\n|poke|p1|Kartana|\n|poke|p1|Moltres|\n|poke|p1|Garchomp, F|\n|poke|p1|Sinistcha|\n|poke|p2|Gliscor, M|\n|poke|p2|Alomomola, F|\n|poke|p2|Aegislash, M|\n|poke|p2|Garganacl, M|\n|poke|p2|Scizor, M|\n|poke|p2|Skeledirge, F|\n|teampreview\n|inactive|Battle timer is ON: inactive players will automatically lose when time's up. (requested by Dove6)\n|\n|t:|1701177442\n|start\n|switch|p1a: Kartana|Kartana|100\/100\n|switch|p2a: Gliscor|Gliscor, M, shiny|100\/100\n|turn|1\n|\n|t:|1701177453\n|move|p2a: Gliscor|Protect|p2a: Gliscor\n|-singleturn|p2a: Gliscor|Protect\n|move|p1a: Kartana|Knock Off|p2a: Gliscor\n|-activate|p2a: Gliscor|move: Protect\n|\n|-status|p2a: Gliscor|tox|[from] item: Toxic Orb\n|upkeep\n|turn|2\n|\n|t:|1701177462\n|switch|p1a: Garchomp|Garchomp, F|100\/100\n|move|p2a: Gliscor|Spikes|p1a: Garchomp\n|-sidestart|p1: Bean shaped man|Spikes\n|\n|upkeep\n|turn|3\n|\n|t:|1701177470\n|switch|p2a: Alomomola|Alomomola, F|100\/100\n|move|p1a: Garchomp|Spikes|p2a: Alomomola\n|-sidestart|p2: Dove6|Spikes\n|\n|upkeep\n|turn|4\n|\n|t:|1701177477\n|move|p1a: Garchomp|Toxic|p2a: Alomomola\n|-status|p2a: Alomomola|tox\n|move|p2a: Alomomola|Flip Turn|p1a: Garchomp\n|-damage|p1a: Garchomp|88\/100\n|-damage|p2a: Alomomola|88\/100 tox|[from] ability: Rough Skin|[of] p1a: Garchomp\n|-damage|p2a: Alomomola|71\/100 tox|[from] item: Rocky Helmet|[of] p1a: Garchomp\n|\n|t:|1701177490\n|switch|p2a: Aegislash|Aegislash, M, shiny|100\/100|[from] Flip Turn\n|-damage|p2a: Aegislash|88\/100|[from] Spikes\n|\n|-heal|p2a: Aegislash|94\/100|[from] item: Leftovers\n|upkeep\n|turn|5\n|\n|t:|1701177495\n|move|p1a: Garchomp|Earthquake|p2a: Aegislash\n|-supereffective|p2a: Aegislash\n|-damage|p2a: Aegislash|28\/100\n|move|p2a: Aegislash|Substitute|p2a: Aegislash\n|-start|p2a: Aegislash|Substitute\n|-damage|p2a: Aegislash|3\/100\n|\n|-heal|p2a: Aegislash|9\/100|[from] item: Leftovers\n|upkeep\n|turn|6\n|\n|t:|1701177503\n|move|p1a: Garchomp|Earthquake|p2a: Aegislash\n|-supereffective|p2a: Aegislash\n|-end|p2a: Aegislash|Substitute\n|-formechange|p2a: Aegislash|Aegislash-Blade||[from] ability: Stance Change\n|move|p2a: Aegislash|Shadow Ball|p1a: Garchomp\n|-damage|p1a: Garchomp|49\/100\n|\n|-heal|p2a: Aegislash|15\/100|[from] item: Leftovers\n|upkeep\n|turn|7\n|\n|t:|1701177516\n|move|p1a: Garchomp|Spikes|p2a: Aegislash\n|-sidestart|p2: Dove6|Spikes\n|move|p2a: Aegislash|Shadow Ball|p1a: Garchomp\n|-damage|p1a: Garchomp|6\/100\n|-unboost|p1a: Garchomp|spd|1\n|\n|-heal|p2a: Aegislash|21\/100|[from] item: Leftovers\n|upkeep\n|turn|8\n|\n|t:|1701177526\n|switch|p2a: Gliscor|Gliscor, M, shiny|100\/100 tox\n|move|p1a: Garchomp|Earthquake|p2a: Gliscor\n|-immune|p2a: Gliscor\n|\n|upkeep\n|turn|9\n|\n|t:|1701177531\n|move|p1a: Garchomp|Spikes|p2a: Gliscor\n|-sidestart|p2: Dove6|Spikes\n|move|p2a: Gliscor|U-turn|p1a: Garchomp\n|-damage|p1a: Garchomp|0 fnt\n|-damage|p2a: Gliscor|88\/100 tox|[from] ability: Rough Skin|[of] p1a: Garchomp\n|-damage|p2a: Gliscor|72\/100 tox|[from] item: Rocky Helmet|[of] p1a: Garchomp\n|faint|p1a: Garchomp\n|j| Elden Lord Monaka\n|\n|t:|1701177547\n|switch|p2a: Skeledirge|Skeledirge, F|100\/100|[from] U-turn\n|\n|upkeep\n|\n|t:|1701177554\n|switch|p1a: Garganacl|Garganacl, F|100\/100\n|-damage|p1a: Garganacl|88\/100|[from] Spikes\n|turn|10\n|\n|t:|1701177560\n|switch|p2a: Garganacl|Garganacl, M, shiny|100\/100\n|move|p1a: Garganacl|Salt Cure|p2a: Garganacl\n|-damage|p2a: Garganacl|92\/100\n|-start|p2a: Garganacl|Salt Cure\n|\n|-heal|p1a: Garganacl|94\/100|[from] item: Leftovers\n|-damage|p2a: Garganacl|80\/100|[from] Salt Cure\n|upkeep\n|turn|11\n|\n|t:|1701177565\n|move|p1a: Garganacl|Stealth Rock|p2a: Garganacl\n|-sidestart|p2: Dove6|move: Stealth Rock\n|move|p2a: Garganacl|Salt Cure|p1a: Garganacl\n|-damage|p1a: Garganacl|85\/100\n|-start|p1a: Garganacl|Salt Cure\n|\n|-heal|p1a: Garganacl|91\/100|[from] item: Leftovers\n|-damage|p2a: Garganacl|68\/100|[from] Salt Cure\n|-damage|p1a: Garganacl|79\/100|[from] Salt Cure\n|upkeep\n|turn|12\n|\n|t:|1701177568\n|switch|p1a: Sinistcha|Sinistcha|100\/100\n|-damage|p1a: Sinistcha|88\/100|[from] Spikes\n|move|p2a: Garganacl|Stealth Rock|p1a: Sinistcha\n|-sidestart|p1: Bean shaped man|move: Stealth Rock\n|\n|-heal|p1a: Sinistcha|94\/100|[from] item: Leftovers\n|-damage|p2a: Garganacl|55\/100|[from] Salt Cure\n|upkeep\n|turn|13\n|\n|t:|1701177577\n|switch|p2a: Scizor|Scizor, M|100\/100\n|-damage|p2a: Scizor|75\/100|[from] Spikes\n|-damage|p2a: Scizor|63\/100|[from] Stealth Rock\n|move|p1a: Sinistcha|Matcha Gotcha|p2a: Scizor\n|-resisted|p2a: Scizor\n|-damage|p2a: Scizor|57\/100\n|-heal|p1a: Sinistcha|97\/100|[from] drain|[of] p2a: Scizor\n|\n|-heal|p1a: Sinistcha|100\/100|[from] item: Leftovers\n|upkeep\n|turn|14\n|l| Elden Lord Monaka\n|\n|t:|1701177585\n|switch|p1a: Moltres|Moltres|100\/100\n|detailschange|p2a: Scizor|Scizor-Mega, M\n|-mega|p2a: Scizor|Scizor|Scizorite\n|move|p2a: Scizor|Knock Off|p1a: Moltres\n|-damage|p1a: Moltres|73\/100\n|-status|p2a: Scizor|brn|[from] ability: Flame Body|[of] p1a: Moltres\n|-enditem|p1a: Moltres|Heavy-Duty Boots|[from] move: Knock Off|[of] p2a: Scizor\n|\n|-damage|p2a: Scizor|50\/100 brn|[from] brn\n|upkeep\n|turn|15\n|j| xuxiansheng\n|\n|t:|1701177595\n|switch|p2a: Garganacl|Garganacl, M, shiny|55\/100\n|move|p1a: Moltres|U-turn|p2a: Garganacl\n|-damage|p2a: Garganacl|45\/100\n|\n|t:|1701177609\n|switch|p1a: Kartana|Kartana|100\/100|[from] U-turn\n|-damage|p1a: Kartana|88\/100|[from] Spikes\n|-damage|p1a: Kartana|82\/100|[from] Stealth Rock\n|\n|upkeep\n|turn|16\n|\n|t:|1701177617\n|switch|p2a: Skeledirge|Skeledirge, F|100\/100\n|-terastallize|p1a: Kartana|Dark\n|move|p1a: Kartana|Knock Off|p2a: Skeledirge\n|-supereffective|p2a: Skeledirge\n|-damage|p2a: Skeledirge|0 fnt\n|-enditem|p2a: Skeledirge|Heavy-Duty Boots|[from] move: Knock Off|[of] p1a: Kartana\n|faint|p2a: Skeledirge\n|-ability|p1a: Kartana|Beast Boost|boost\n|-boost|p1a: Kartana|atk|1\n|\n|upkeep\n|\n|t:|1701177625\n|switch|p2a: Alomomola|Alomomola, F|100\/100 tox\n|turn|17\n|\n|t:|1701177629\n|move|p1a: Kartana|Knock Off|p2a: Alomomola\n|-damage|p2a: Alomomola|44\/100 tox\n|-enditem|p2a: Alomomola|Heavy-Duty Boots|[from] move: Knock Off|[of] p1a: Kartana\n|move|p2a: Alomomola|Wish|p2a: Alomomola\n|\n|-damage|p2a: Alomomola|38\/100 tox|[from] psn\n|upkeep\n|turn|18\n|\n|t:|1701177634\n|move|p1a: Kartana|Knock Off|p2a: Alomomola\n|-damage|p2a: Alomomola|3\/100 tox\n|move|p2a: Alomomola|Toxic|p1a: Kartana\n|-status|p1a: Kartana|tox\n|\n|-heal|p2a: Alomomola|53\/100 tox|[from] move: Wish|[wisher] Alomomola\n|-damage|p1a: Kartana|76\/100 tox|[from] psn\n|-damage|p2a: Alomomola|40\/100 tox|[from] psn\n|upkeep\n|turn|19\n|\n|t:|1701177639\n|move|p2a: Alomomola|Protect|p2a: Alomomola\n|-singleturn|p2a: Alomomola|Protect\n|move|p1a: Kartana|Knock Off|p2a: Alomomola\n|-activate|p2a: Alomomola|move: Protect\n|\n|-damage|p1a: Kartana|63\/100 tox|[from] psn\n|-damage|p2a: Alomomola|22\/100 tox|[from] psn\n|upkeep\n|turn|20\n|\n|t:|1701177644\n|move|p1a: Kartana|Knock Off|p2a: Alomomola\n|-damage|p2a: Alomomola|0 fnt\n|faint|p2a: Alomomola\n|-ability|p1a: Kartana|Beast Boost|boost\n|-boost|p1a: Kartana|atk|1\n|\n|-damage|p1a: Kartana|45\/100 tox|[from] psn\n|upkeep\n|\n|t:|1701177647\n|switch|p2a: Scizor|Scizor-Mega, M|50\/100 brn\n|-damage|p2a: Scizor|25\/100 brn|[from] Spikes\n|-damage|p2a: Scizor|13\/100 brn|[from] Stealth Rock\n|turn|21\n|\n|t:|1701177651\n|move|p2a: Scizor|Bullet Punch|p1a: Kartana\n|-crit|p1a: Kartana\n|-damage|p1a: Kartana|24\/100 tox\n|move|p1a: Kartana|Knock Off|p2a: Scizor\n|-damage|p2a: Scizor|0 fnt\n|faint|p2a: Scizor\n|-ability|p1a: Kartana|Beast Boost|boost\n|-boost|p1a: Kartana|atk|1\n|\n|-damage|p1a: Kartana|0 fnt|[from] psn\n|faint|p1a: Kartana\n|upkeep\n|\n|t:|1701177666\n|switch|p1a: Sinistcha|Sinistcha|100\/100\n|switch|p2a: Gliscor|Gliscor, M, shiny|72\/100 tox\n|-damage|p2a: Gliscor|59\/100 tox|[from] Stealth Rock\n|-damage|p1a: Sinistcha|88\/100|[from] Spikes\n|-damage|p1a: Sinistcha|76\/100|[from] Stealth Rock\n|turn|22\n|\n|t:|1701177674\n|move|p2a: Gliscor|U-turn|p1a: Sinistcha\n|-damage|p1a: Sinistcha|64\/100\n|\n|t:|1701177680\n|switch|p2a: Aegislash|Aegislash, M, shiny|21\/100|[from] U-turn\n|-damage|p2a: Aegislash|0 fnt|[from] Spikes\n|faint|p2a: Aegislash\n|move|p1a: Sinistcha|Calm Mind|p1a: Sinistcha\n|-boost|p1a: Sinistcha|spa|1\n|-boost|p1a: Sinistcha|spd|1\n|\n|-heal|p1a: Sinistcha|70\/100|[from] item: Leftovers\n|upkeep\n|\n|t:|1701177687\n|switch|p2a: Garganacl|Garganacl, M, shiny|45\/100\n|turn|23\n|\n|t:|1701177692\n|-terastallize|p2a: Garganacl|Ghost\n|move|p1a: Sinistcha|Matcha Gotcha|p2a: Garganacl\n|-damage|p2a: Garganacl|7\/100\n|-heal|p1a: Sinistcha|92\/100|[from] drain|[of] p2a: Garganacl\n|move|p2a: Garganacl|Recover|p2a: Garganacl\n|-heal|p2a: Garganacl|57\/100\n|\n|-heal|p1a: Sinistcha|98\/100|[from] item: Leftovers\n|upkeep\n|turn|24\n|\n|t:|1701177699\n|move|p1a: Sinistcha|Calm Mind|p1a: Sinistcha\n|-boost|p1a: Sinistcha|spa|1\n|-boost|p1a: Sinistcha|spd|1\n|move|p2a: Garganacl|Salt Cure|p1a: Sinistcha\n|-damage|p1a: Sinistcha|88\/100\n|-start|p1a: Sinistcha|Salt Cure\n|\n|-heal|p1a: Sinistcha|94\/100|[from] item: Leftovers\n|-damage|p1a: Sinistcha|81\/100|[from] Salt Cure\n|upkeep\n|turn|25\n|\n|t:|1701177708\n|move|p1a: Sinistcha|Matcha Gotcha|p2a: Garganacl\n|-damage|p2a: Garganacl|15\/100\n|-heal|p1a: Sinistcha|100\/100|[from] drain|[of] p2a: Garganacl\n|move|p2a: Garganacl|Salt Cure|p1a: Sinistcha\n|-damage|p1a: Sinistcha|90\/100\n|\n|-heal|p1a: Sinistcha|96\/100|[from] item: Leftovers\n|-damage|p1a: Sinistcha|84\/100|[from] Salt Cure\n|upkeep\n|turn|26\n|-message|Dove6 forfeited.\n|\n|win|Bean shaped man\n|raw|Bean shaped man's rating: 1671 &rarr; <strong>1692<\/strong><br \/>(+21 for winning)\n|raw|Dove6's rating: 1685 &rarr; <strong>1664<\/strong><br \/>(-21 for losing)\n|l|\u2606Dove6\n","uploadtime":1701177730,"views":28,"p1id":"beanshapedman","p2id":"dove6","formatid":"gen9nationaldex","rating":1664,"private":0,"password":""}