{"id":"gen9nationaldex-1989219159","p1":"Kuzwa","p2":"Barnut","format":"[Gen 9] National Dex","log":"|j|\u2606Kuzwa\n|j|\u2606Barnut\n|t:|1699824701\n|gametype|singles\n|player|p1|Kuzwa|parasollady|1350\n|player|p2|Barnut|266|1306\n|teamsize|p1|6\n|teamsize|p2|6\n|gen|9\n|tier|[Gen 9] National Dex\n|rated|\n|rule|HP Percentage Mod: HP is shown in percentages\n|rule|Endless Battle Clause: Forcing endless battles is banned\n|rule|OHKO Clause: OHKO moves are banned\n|rule|Evasion Clause: Evasion abilities, items, and moves are banned\n|rule|Evasion Abilities Clause: Evasion abilities are banned\n|rule|Evasion Items Clause: Evasion items are banned\n|rule|Evasion Moves Clause: Evasion moves are banned\n|rule|Species Clause: Limit one of each Pok\u00e9mon\n|rule|Sleep Clause Mod: Limit one foe put to sleep\n|clearpoke\n|poke|p1|Gallade, M|\n|poke|p1|Garchomp, M|\n|poke|p1|Kartana|\n|poke|p1|Scizor, M|\n|poke|p1|Weavile, M|\n|poke|p1|Quaquaval, M|\n|poke|p2|Pelipper, M|\n|poke|p2|Basculegion-F, F|\n|poke|p2|Buzzwole|\n|poke|p2|Dragonite, M|\n|poke|p2|Swampert, M|\n|poke|p2|Bisharp, F|\n|teampreview\n|\n|t:|1699824710\n|start\n|switch|p1a: Makoto Yuki|Kartana, shiny|100\/100\n|switch|p2a: Pelipper|Pelipper, M|100\/100\n|-weather|RainDance|[from] ability: Drizzle|[of] p2a: Pelipper\n|turn|1\n|inactive|Battle timer is ON: inactive players will automatically lose when time's up. (requested by Kuzwa)\n|\n|t:|1699824773\n|move|p1a: Makoto Yuki|Leaf Blade|p2a: Pelipper\n|-damage|p2a: Pelipper|58\/100\n|move|p2a: Pelipper|U-turn|p1a: Makoto Yuki\n|-damage|p1a: Makoto Yuki|91\/100\n|\n|t:|1699824798\n|switch|p2a: Dragonite|Dragonite, M|100\/100|[from] U-turn\n|\n|-weather|RainDance|[upkeep]\n|upkeep\n|turn|2\n|\n|t:|1699824801\n|move|p1a: Makoto Yuki|Smart Strike|p2a: Dragonite\n|-damage|p2a: Dragonite|79\/100\n|move|p2a: Dragonite|Hurricane|p1a: Makoto Yuki\n|-damage|p1a: Makoto Yuki|0 fnt\n|faint|p1a: Makoto Yuki\n|\n|-weather|RainDance|[upkeep]\n|upkeep\n|\n|t:|1699824805\n|switch|p1a: Junpei Iori|Weavile, M, shiny|100\/100\n|turn|3\n|\n|t:|1699824810\n|switch|p2a: Buzzwole|Buzzwole|100\/100\n|move|p1a: Junpei Iori|Ice Spinner|p2a: Buzzwole\n|-damage|p2a: Buzzwole|80\/100\n|\n|-weather|RainDance|[upkeep]\n|-heal|p2a: Buzzwole|86\/100|[from] item: Leftovers\n|upkeep\n|turn|4\n|\n|t:|1699824817\n|move|p1a: Junpei Iori|Psycho Cut|p2a: Buzzwole\n|-supereffective|p2a: Buzzwole\n|-crit|p2a: Buzzwole\n|-damage|p2a: Buzzwole|47\/100\n|move|p2a: Buzzwole|Bulk Up|p2a: Buzzwole\n|-boost|p2a: Buzzwole|atk|1\n|-boost|p2a: Buzzwole|def|1\n|\n|-weather|RainDance|[upkeep]\n|-heal|p2a: Buzzwole|53\/100|[from] item: Leftovers\n|upkeep\n|turn|5\n|\n|t:|1699824820\n|move|p1a: Junpei Iori|Swords Dance|p1a: Junpei Iori\n|-boost|p1a: Junpei Iori|atk|2\n|move|p2a: Buzzwole|Roost|p2a: Buzzwole\n|-heal|p2a: Buzzwole|100\/100\n|-singleturn|p2a: Buzzwole|move: Roost\n|\n|-weather|RainDance|[upkeep]\n|upkeep\n|turn|6\n|\n|t:|1699824824\n|-terastallize|p1a: Junpei Iori|Ghost\n|move|p1a: Junpei Iori|Swords Dance|p1a: Junpei Iori\n|-boost|p1a: Junpei Iori|atk|2\n|move|p2a: Buzzwole|Drain Punch|p1a: Junpei Iori\n|-immune|p1a: Junpei Iori\n|\n|-weather|RainDance|[upkeep]\n|upkeep\n|turn|7\n|\n|t:|1699824836\n|move|p1a: Junpei Iori|Psycho Cut|p2a: Buzzwole\n|-supereffective|p2a: Buzzwole\n|-damage|p2a: Buzzwole|51\/100\n|move|p2a: Buzzwole|Ice Punch|p1a: Junpei Iori\n|-damage|p1a: Junpei Iori|46\/100\n|\n|-weather|RainDance|[upkeep]\n|-heal|p2a: Buzzwole|57\/100|[from] item: Leftovers\n|upkeep\n|turn|8\n|\n|t:|1699824840\n|move|p1a: Junpei Iori|Psycho Cut|p2a: Buzzwole\n|-supereffective|p2a: Buzzwole\n|-crit|p2a: Buzzwole\n|-damage|p2a: Buzzwole|0 fnt\n|faint|p2a: Buzzwole\n|\n|-weather|none\n|upkeep\n|\n|t:|1699824844\n|switch|p2a: Bisharp|Bisharp, F|100\/100\n|turn|9\n|\n|t:|1699824849\n|move|p2a: Bisharp|Sucker Punch||[still]\n|-fail|p2a: Bisharp\n|move|p1a: Junpei Iori|Swords Dance|p1a: Junpei Iori\n|-boost|p1a: Junpei Iori|atk|2\n|\n|upkeep\n|turn|10\n|\n|t:|1699824852\n|move|p2a: Bisharp|Sucker Punch||[still]\n|-fail|p2a: Bisharp\n|move|p1a: Junpei Iori|Swords Dance|p1a: Junpei Iori\n|-boost|p1a: Junpei Iori|atk|0\n|\n|upkeep\n|turn|11\n|\n|t:|1699824855\n|move|p2a: Bisharp|Sucker Punch|p1a: Junpei Iori\n|-supereffective|p1a: Junpei Iori\n|-damage|p1a: Junpei Iori|0 fnt\n|faint|p1a: Junpei Iori\n|\n|upkeep\n|\n|t:|1699824857\n|switch|p1a: ???|Quaquaval, M|100\/100\n|turn|12\n|\n|t:|1699824871\n|switch|p2a: Basculegion|Basculegion-F, F|100\/100\n|move|p1a: ???|Aqua Step|p2a: Basculegion\n|-resisted|p2a: Basculegion\n|-damage|p2a: Basculegion|77\/100\n|-boost|p1a: ???|spe|1\n|\n|upkeep\n|turn|13\n|\n|t:|1699824878\n|move|p1a: ???|Aqua Step|p2a: Basculegion\n|-resisted|p2a: Basculegion\n|-damage|p2a: Basculegion|50\/100\n|-boost|p1a: ???|spe|1\n|move|p2a: Basculegion|Surf|p1a: ???\n|-resisted|p1a: ???\n|-damage|p1a: ???|53\/100\n|\n|upkeep\n|turn|14\n|\n|t:|1699824884\n|switch|p2a: Dragonite|Dragonite, M|79\/100\n|move|p1a: ???|Aqua Step|p2a: Dragonite\n|-resisted|p2a: Dragonite\n|-damage|p2a: Dragonite|61\/100\n|-boost|p1a: ???|spe|1\n|\n|upkeep\n|turn|15\n|\n|t:|1699824887\n|switch|p2a: Pelipper|Pelipper, M|58\/100\n|-weather|RainDance|[from] ability: Drizzle|[of] p2a: Pelipper\n|move|p1a: ???|Ice Spinner|p2a: Pelipper\n|-damage|p2a: Pelipper|40\/100\n|\n|-weather|RainDance|[upkeep]\n|upkeep\n|turn|16\n|\n|t:|1699824890\n|move|p1a: ???|Aqua Step|p2a: Pelipper\n|-resisted|p2a: Pelipper\n|-damage|p2a: Pelipper|18\/100\n|-boost|p1a: ???|spe|1\n|move|p2a: Pelipper|U-turn|p1a: ???\n|-resisted|p1a: ???\n|-damage|p1a: ???|48\/100\n|\n|t:|1699824893\n|switch|p2a: Basculegion|Basculegion-F, F|50\/100|[from] U-turn\n|\n|-weather|RainDance|[upkeep]\n|upkeep\n|turn|17\n|\n|t:|1699824898\n|-zpower|p1a: ???\n|move|p1a: ???|Subzero Slammer|p2a: Basculegion|[zeffect]\n|-resisted|p2a: Basculegion\n|-damage|p2a: Basculegion|18\/100\n|move|p2a: Basculegion|Surf|p1a: ???\n|-resisted|p1a: ???\n|-damage|p1a: ???|0 fnt\n|faint|p1a: ???\n|\n|-weather|RainDance|[upkeep]\n|upkeep\n|\n|t:|1699824905\n|switch|p1a: Ken Amada|Scizor, M|100\/100\n|turn|18\n|inactive|Barnut has 120 seconds left.\n|\n|t:|1699824956\n|move|p2a: Basculegion|Surf|p1a: Ken Amada\n|-damage|p1a: Ken Amada|0 fnt\n|faint|p1a: Ken Amada\n|\n|-weather|RainDance|[upkeep]\n|upkeep\n|\n|t:|1699824966\n|switch|p1a: Akihiko Sanada|Garchomp, M|100\/100\n|turn|19\n|\n|t:|1699824985\n|move|p2a: Basculegion|Surf|p1a: Akihiko Sanada\n|-enditem|p1a: Akihiko Sanada|Focus Sash\n|-damage|p1a: Akihiko Sanada|1\/100\n|move|p1a: Akihiko Sanada|Earthquake|p2a: Basculegion\n|-crit|p2a: Basculegion\n|-damage|p2a: Basculegion|0 fnt\n|faint|p2a: Basculegion\n|\n|-weather|RainDance|[upkeep]\n|upkeep\n|\n|t:|1699824989\n|switch|p2a: Swampert|Swampert, M|100\/100\n|turn|20\n|\n|t:|1699824991\n|detailschange|p2a: Swampert|Swampert-Mega, M\n|-mega|p2a: Swampert|Swampert|Swampertite\n|move|p2a: Swampert|Flip Turn|p1a: Akihiko Sanada\n|-damage|p1a: Akihiko Sanada|0 fnt\n|-damage|p2a: Swampert|88\/100|[from] ability: Rough Skin|[of] p1a: Akihiko Sanada\n|faint|p1a: Akihiko Sanada\n|inactive|Barnut has 90 seconds left.\n|l|\u2606Barnut\n|inactive|Barnut disconnected and has a minute to reconnect!\n|player|p2|\n|inactive|Barnut has 30 seconds to reconnect!\n|inactive|Barnut has 20 seconds to reconnect!\n|inactive|Barnut has 15 seconds to reconnect!\n|inactive|Barnut has 10 seconds to reconnect!\n|inactive|Barnut has 5 seconds to reconnect!\n|-message|Barnut lost due to inactivity.\n|\n|win|Kuzwa\n|inactive|Barnut has 25 seconds left this turn.\n|raw|Kuzwa's rating: 1350 &rarr; <strong>1367<\/strong><br \/>(+17 for winning)\n|raw|Barnut's rating: 1306 &rarr; <strong>1289<\/strong><br \/>(-17 for losing)\n","uploadtime":1699825097,"views":4,"p1id":"kuzwa","p2id":"barnut","formatid":"gen9nationaldex","rating":1289,"private":0,"password":""}