{"id":"gen9nationaldex-1995541712","p1":"OverlordTaco","p2":"mariousHex","format":"[Gen 9] National Dex","log":"|html|<div class=\"broadcast-blue\"><strong>[Gen 9] National Dex is currently suspecting Sneasler! For information on how to participate check out the <a href=\"https:\/\/www.smogon.com\/forums\/threads\/sv-national-dex-suspect-8-just-dance.3731534\/\">suspect thread<\/a>.<\/strong><\/div>\n|j|\u2606OverlordTaco\n|j|\u2606mariousHex\n|t:|1700581289\n|gametype|singles\n|player|p1|OverlordTaco|iris-gen5bw2|1656\n|player|p2|mariousHex|lillie-masters|1656\n|teamsize|p1|6\n|teamsize|p2|6\n|gen|9\n|tier|[Gen 9] National Dex\n|rated|\n|rule|HP Percentage Mod: HP is shown in percentages\n|rule|Endless Battle Clause: Forcing endless battles is banned\n|rule|OHKO Clause: OHKO moves are banned\n|rule|Evasion Clause: Evasion abilities, items, and moves are banned\n|rule|Evasion Abilities Clause: Evasion abilities are banned\n|rule|Evasion Items Clause: Evasion items are banned\n|rule|Evasion Moves Clause: Evasion moves are banned\n|rule|Species Clause: Limit one of each Pok\u00e9mon\n|rule|Sleep Clause Mod: Limit one foe put to sleep\n|clearpoke\n|poke|p1|Tapu Koko|\n|poke|p1|Iron Leaves|\n|poke|p1|Reuniclus, M|\n|poke|p1|Glimmora, F|\n|poke|p1|Zapdos|\n|poke|p1|Iron Valiant|\n|poke|p2|Gliscor, M|\n|poke|p2|Great Tusk|\n|poke|p2|Scizor, M|\n|poke|p2|Greninja-*, M|\n|poke|p2|Zapdos|\n|poke|p2|Heatran, M|\n|teampreview\n|j| carlinss\n|\n|t:|1700581327\n|start\n|switch|p1a: Tapu Koko|Tapu Koko|100\/100\n|switch|p2a: Great Tusk|Great Tusk|100\/100\n|-fieldstart|move: Electric Terrain|[from] ability: Electric Surge|[of] p1a: Tapu Koko\n|-enditem|p2a: Great Tusk|Booster Energy\n|-activate|p2a: Great Tusk|ability: Protosynthesis|[fromitem]\n|-start|p2a: Great Tusk|protosynthesisatk\n|turn|1\n|\n|t:|1700581339\n|-end|p2a: Great Tusk|Protosynthesis|[silent]\n|switch|p2a: Gliscor|Gliscor, M|100\/100\n|move|p1a: Tapu Koko|Dazzling Gleam|p2a: Gliscor\n|-damage|p2a: Gliscor|62\/100\n|\n|-status|p2a: Gliscor|tox|[from] item: Toxic Orb\n|upkeep\n|turn|2\n|\n|t:|1700581350\n|switch|p1a: Zapdos|Zapdos|100\/100\n|move|p2a: Gliscor|Stealth Rock|p1a: Zapdos\n|-sidestart|p1: OverlordTaco|move: Stealth Rock\n|\n|-heal|p2a: Gliscor|74\/100 tox|[from] ability: Poison Heal\n|upkeep\n|turn|3\n|\n|t:|1700581355\n|move|p1a: Zapdos|Hurricane|p2a: Gliscor\n|-damage|p2a: Gliscor|24\/100 tox\n|-start|p2a: Gliscor|confusion\n|-activate|p2a: Gliscor|confusion\n|move|p2a: Gliscor|Toxic|p1a: Zapdos\n|-status|p1a: Zapdos|tox\n|\n|-damage|p1a: Zapdos|95\/100 tox|[from] psn\n|-heal|p2a: Gliscor|36\/100 tox|[from] ability: Poison Heal\n|upkeep\n|turn|4\n|\n|t:|1700581363\n|-end|p2a: Gliscor|confusion\n|move|p2a: Gliscor|Protect|p2a: Gliscor\n|-singleturn|p2a: Gliscor|Protect\n|move|p1a: Zapdos|Heat Wave|p2a: Gliscor\n|-activate|p2a: Gliscor|move: Protect\n|\n|-heal|p1a: Zapdos|100\/100 tox|[from] item: Leftovers\n|-damage|p1a: Zapdos|89\/100 tox|[from] psn\n|-heal|p2a: Gliscor|49\/100 tox|[from] ability: Poison Heal\n|upkeep\n|turn|5\n|inactive|Battle timer is ON: inactive players will automatically lose when time's up. (requested by OverlordTaco)\n|\n|t:|1700581379\n|switch|p2a: Heatran|Heatran, M|100\/100\n|move|p1a: Zapdos|Hurricane|p2a: Heatran|[miss]\n|-miss|p1a: Zapdos|p2a: Heatran\n|\n|-heal|p1a: Zapdos|95\/100 tox|[from] item: Leftovers\n|-damage|p1a: Zapdos|77\/100 tox|[from] psn\n|-fieldend|move: Electric Terrain\n|upkeep\n|turn|6\n|\n|t:|1700581391\n|switch|p1a: Glimmora|Glimmora, F|100\/100\n|-damage|p1a: Glimmora|88\/100|[from] Stealth Rock\n|move|p2a: Heatran|Magma Storm|p1a: Glimmora\n|-resisted|p1a: Glimmora\n|-damage|p1a: Glimmora|61\/100\n|-activate|p1a: Glimmora|move: Magma Storm|[of] p2a: Heatran\n|\n|-damage|p1a: Glimmora|49\/100|[from] move: Magma Storm|[partiallytrapped]\n|upkeep\n|turn|7\n|\n|t:|1700581403\n|move|p1a: Glimmora|Stealth Rock|p2a: Heatran\n|-sidestart|p2: mariousHex|move: Stealth Rock\n|move|p2a: Heatran|Earth Power|p1a: Glimmora\n|-supereffective|p1a: Glimmora\n|-damage|p1a: Glimmora|0 fnt\n|faint|p1a: Glimmora\n|\n|upkeep\n|\n|t:|1700581412\n|switch|p1a: Tapu Koko|Tapu Koko|100\/100\n|-damage|p1a: Tapu Koko|88\/100|[from] Stealth Rock\n|-fieldstart|move: Electric Terrain|[from] ability: Electric Surge|[of] p1a: Tapu Koko\n|turn|8\n|\n|t:|1700581420\n|-terastallize|p1a: Tapu Koko|Electric\n|move|p1a: Tapu Koko|Thunderbolt|p2a: Heatran\n|-damage|p2a: Heatran|37\/100\n|move|p2a: Heatran|Magma Storm|p1a: Tapu Koko\n|-damage|p1a: Tapu Koko|22\/100\n|-activate|p1a: Tapu Koko|move: Magma Storm|[of] p2a: Heatran\n|\n|-heal|p2a: Heatran|43\/100|[from] item: Leftovers\n|-damage|p1a: Tapu Koko|9\/100|[from] move: Magma Storm|[partiallytrapped]\n|upkeep\n|turn|9\n|inactive|mariousHex has 120 seconds left.\n|\n|t:|1700581456\n|move|p1a: Tapu Koko|Thunderbolt|p2a: Heatran\n|-damage|p2a: Heatran|0 fnt\n|faint|p2a: Heatran\n|\n|-end|p1a: Tapu Koko|Magma Storm|[partiallytrapped]|[silent]\n|upkeep\n|\n|t:|1700581458\n|switch|p2a: Scizor|Scizor, M|100\/100\n|-damage|p2a: Scizor|88\/100|[from] Stealth Rock\n|turn|10\n|\n|t:|1700581462\n|detailschange|p2a: Scizor|Scizor-Mega, M\n|-mega|p2a: Scizor|Scizor|Scizorite\n|move|p1a: Tapu Koko|Thunderbolt|p2a: Scizor\n|-damage|p2a: Scizor|18\/100\n|move|p2a: Scizor|Knock Off|p1a: Tapu Koko\n|-damage|p1a: Tapu Koko|0 fnt\n|-enditem|p1a: Tapu Koko|Choice Specs|[from] move: Knock Off|[of] p2a: Scizor\n|faint|p1a: Tapu Koko\n|\n|upkeep\n|\n|t:|1700581466\n|switch|p1a: Zapdos|Zapdos|77\/100 tox\n|-damage|p1a: Zapdos|52\/100 tox|[from] Stealth Rock\n|turn|11\n|j| xsk123\n|\n|t:|1700581473\n|move|p1a: Zapdos|Hurricane|p2a: Scizor\n|-damage|p2a: Scizor|0 fnt\n|faint|p2a: Scizor\n|\n|-heal|p1a: Zapdos|58\/100 tox|[from] item: Leftovers\n|-damage|p1a: Zapdos|52\/100 tox|[from] psn\n|upkeep\n|\n|t:|1700581477\n|switch|p2a: Greninja|Greninja, M|100\/100\n|-damage|p2a: Greninja|88\/100|[from] Stealth Rock\n|turn|12\n|\n|t:|1700581491\n|move|p2a: Greninja|Dark Pulse|p1a: Zapdos\n|-damage|p1a: Zapdos|0 fnt\n|faint|p1a: Zapdos\n|-ability|p2a: Greninja|Battle Bond|boost\n|-boost|p2a: Greninja|atk|1\n|-boost|p2a: Greninja|spa|1\n|-boost|p2a: Greninja|spe|1\n|-activate|p2a: Greninja|ability: Battle Bond\n|\n|-fieldend|move: Electric Terrain\n|upkeep\n|j| elvisma\n|\n|t:|1700581496\n|switch|p1a: Iron Valiant|Iron Valiant|100\/100\n|-damage|p1a: Iron Valiant|94\/100|[from] Stealth Rock\n|-enditem|p1a: Iron Valiant|Booster Energy\n|-activate|p1a: Iron Valiant|ability: Quark Drive|[fromitem]\n|-start|p1a: Iron Valiant|quarkdrivespe\n|turn|13\n|\n|t:|1700581521\n|switch|p2a: Great Tusk|Great Tusk|100\/100\n|-damage|p2a: Great Tusk|98\/100|[from] Stealth Rock\n|move|p1a: Iron Valiant|Spirit Break|p2a: Great Tusk\n|-supereffective|p2a: Great Tusk\n|-damage|p2a: Great Tusk|42\/100\n|-unboost|p2a: Great Tusk|spa|1\n|\n|upkeep\n|turn|14\n|\n|t:|1700581528\n|move|p1a: Iron Valiant|Spirit Break|p2a: Great Tusk\n|-supereffective|p2a: Great Tusk\n|-damage|p2a: Great Tusk|0 fnt\n|faint|p2a: Great Tusk\n|-end|p2a: Great Tusk|Protosynthesis|[silent]\n|\n|upkeep\n|j| aaaapeng\n|\n|t:|1700581532\n|switch|p2a: Zapdos|Zapdos|100\/100\n|turn|15\n|\n|t:|1700581545\n|-end|p1a: Iron Valiant|Quark Drive|[silent]\n|switch|p1a: Iron Leaves|Iron Leaves|100\/100\n|-damage|p1a: Iron Leaves|88\/100|[from] Stealth Rock\n|-enditem|p1a: Iron Leaves|Booster Energy\n|-activate|p1a: Iron Leaves|ability: Quark Drive|[fromitem]\n|-start|p1a: Iron Leaves|quarkdriveatk\n|move|p2a: Zapdos|Hurricane|p1a: Iron Leaves|[miss]\n|-miss|p2a: Zapdos|p1a: Iron Leaves\n|\n|upkeep\n|turn|16\n|\n|t:|1700581552\n|move|p1a: Iron Leaves|Psyblade|p2a: Zapdos\n|-damage|p2a: Zapdos|63\/100\n|move|p2a: Zapdos|Hurricane|p1a: Iron Leaves|[miss]\n|-miss|p2a: Zapdos|p1a: Iron Leaves\n|\n|upkeep\n|turn|17\n|\n|t:|1700581555\n|move|p1a: Iron Leaves|Psyblade|p2a: Zapdos\n|-damage|p2a: Zapdos|24\/100\n|move|p2a: Zapdos|Hurricane|p1a: Iron Leaves\n|-supereffective|p1a: Iron Leaves\n|-damage|p1a: Iron Leaves|0 fnt\n|faint|p1a: Iron Leaves\n|-end|p1a: Iron Leaves|Quark Drive|[silent]\n|\n|upkeep\n|\n|t:|1700581559\n|switch|p1a: Iron Valiant|Iron Valiant|94\/100\n|-damage|p1a: Iron Valiant|88\/100|[from] Stealth Rock\n|turn|18\n|\n|t:|1700581563\n|move|p1a: Iron Valiant|Spirit Break|p2a: Zapdos\n|-damage|p2a: Zapdos|0 fnt\n|faint|p2a: Zapdos\n|\n|upkeep\n|\n|t:|1700581565\n|switch|p2a: Gliscor|Gliscor, M|49\/100 tox\n|-damage|p2a: Gliscor|36\/100 tox|[from] Stealth Rock\n|turn|19\n|\n|t:|1700581568\n|move|p2a: Gliscor|Protect|p2a: Gliscor\n|-singleturn|p2a: Gliscor|Protect\n|move|p1a: Iron Valiant|Spirit Break|p2a: Gliscor\n|-activate|p2a: Gliscor|move: Protect\n|\n|-heal|p2a: Gliscor|49\/100 tox|[from] ability: Poison Heal\n|upkeep\n|turn|20\n|\n|t:|1700581575\n|-end|p1a: Iron Valiant|Quark Drive|[silent]\n|switch|p1a: Reuniclus|Reuniclus, M|100\/100\n|move|p2a: Gliscor|Toxic|p1a: Reuniclus|[miss]\n|-miss|p2a: Gliscor|p1a: Reuniclus\n|\n|-heal|p2a: Gliscor|61\/100 tox|[from] ability: Poison Heal\n|upkeep\n|turn|21\n|\n|t:|1700581582\n|switch|p2a: Greninja|Greninja, M|88\/100\n|-damage|p2a: Greninja|76\/100|[from] Stealth Rock\n|move|p1a: Reuniclus|Calm Mind|p1a: Reuniclus\n|-boost|p1a: Reuniclus|spa|1\n|-boost|p1a: Reuniclus|spd|1\n|\n|upkeep\n|turn|22\n|\n|t:|1700581599\n|move|p2a: Greninja|Switcheroo|p1a: Reuniclus\n|-activate|p2a: Greninja|move: Trick|[of] p1a: Reuniclus\n|-item|p1a: Reuniclus|Choice Specs|[from] move: Switcheroo\n|-item|p2a: Greninja|Leftovers|[from] move: Switcheroo\n|move|p1a: Reuniclus|Calm Mind|p1a: Reuniclus\n|-boost|p1a: Reuniclus|spa|1\n|-boost|p1a: Reuniclus|spd|1\n|\n|-heal|p2a: Greninja|82\/100|[from] item: Leftovers\n|upkeep\n|turn|23\n|\n|t:|1700581608\n|move|p2a: Greninja|Hydro Pump|p1a: Reuniclus|[miss]\n|-miss|p2a: Greninja|p1a: Reuniclus\n|move|p1a: Reuniclus|Calm Mind|p1a: Reuniclus\n|-boost|p1a: Reuniclus|spa|1\n|-boost|p1a: Reuniclus|spd|1\n|\n|-heal|p2a: Greninja|88\/100|[from] item: Leftovers\n|upkeep\n|turn|24\n|\n|t:|1700581617\n|move|p2a: Greninja|Dark Pulse|p1a: Reuniclus\n|-supereffective|p1a: Reuniclus\n|-damage|p1a: Reuniclus|77\/100\n|move|p1a: Reuniclus|Calm Mind|p1a: Reuniclus\n|-boost|p1a: Reuniclus|spa|1\n|-boost|p1a: Reuniclus|spd|1\n|\n|-heal|p2a: Greninja|94\/100|[from] item: Leftovers\n|upkeep\n|turn|25\n|\n|t:|1700581621\n|move|p2a: Greninja|Dark Pulse|p1a: Reuniclus\n|-supereffective|p1a: Reuniclus\n|-damage|p1a: Reuniclus|55\/100\n|cant|p1a: Reuniclus|flinch\n|\n|-heal|p2a: Greninja|99\/100|[from] item: Leftovers\n|upkeep\n|turn|26\n|\n|t:|1700581624\n|move|p2a: Greninja|Dark Pulse|p1a: Reuniclus\n|-supereffective|p1a: Reuniclus\n|-damage|p1a: Reuniclus|33\/100\n|move|p1a: Reuniclus|Calm Mind|p1a: Reuniclus\n|-boost|p1a: Reuniclus|spa|1\n|-boost|p1a: Reuniclus|spd|1\n|\n|-heal|p2a: Greninja|100\/100|[from] item: Leftovers\n|upkeep\n|turn|27\n|\n|t:|1700581628\n|move|p2a: Greninja|Hydro Pump|p1a: Reuniclus\n|-damage|p1a: Reuniclus|21\/100\n|move|p1a: Reuniclus|Calm Mind|p1a: Reuniclus\n|-boost|p1a: Reuniclus|spa|1\n|-boost|p1a: Reuniclus|spd|1\n|\n|upkeep\n|turn|28\n|l| elvisma\n|\n|t:|1700581634\n|move|p2a: Greninja|Dark Pulse|p1a: Reuniclus\n|-supereffective|p1a: Reuniclus\n|-crit|p1a: Reuniclus\n|-damage|p1a: Reuniclus|0 fnt\n|faint|p1a: Reuniclus\n|\n|upkeep\n|\n|t:|1700581635\n|switch|p1a: Iron Valiant|Iron Valiant|88\/100\n|-damage|p1a: Iron Valiant|82\/100|[from] Stealth Rock\n|turn|29\n|j| elvisma\n|\n|t:|1700581655\n|-terastallize|p2a: Greninja|Water\n|move|p2a: Greninja|Water Shuriken|p1a: Iron Valiant\n|-damage|p1a: Iron Valiant|67\/100\n|-damage|p1a: Iron Valiant|49\/100\n|-hitcount|p1a: Iron Valiant|2\n|move|p1a: Iron Valiant|Spirit Break|p2a: Greninja\n|-damage|p2a: Greninja|31\/100\n|-unboost|p2a: Greninja|spa|1\n|\n|-heal|p2a: Greninja|37\/100|[from] item: Leftovers\n|upkeep\n|turn|30\n|\n|t:|1700581663\n|move|p2a: Greninja|Water Shuriken|p1a: Iron Valiant\n|-damage|p1a: Iron Valiant|39\/100\n|-damage|p1a: Iron Valiant|27\/100\n|-crit|p1a: Iron Valiant\n|-damage|p1a: Iron Valiant|3\/100\n|-damage|p1a: Iron Valiant|0 fnt\n|faint|p1a: Iron Valiant\n|-end|p1a: Iron Valiant|Quark Drive|[silent]\n|-hitcount|p1: Iron Valiant|4\n|\n|win|mariousHex\n|raw|OverlordTaco's rating: 1656 &rarr; <strong>1636<\/strong><br \/>(-20 for losing)\n|raw|mariousHex's rating: 1656 &rarr; <strong>1676<\/strong><br \/>(+20 for winning)\n|l| elvisma\n|l|\u2606OverlordTaco\n|l|\u2606mariousHex\n|l| carlinss\n","uploadtime":1700581813,"views":0,"p1id":"overlordtaco","p2id":"marioushex","formatid":"gen9nationaldex","rating":1636,"private":0,"password":""}