{"id":"gen9nationaldex-1997236210","p1":"Thatay","p2":"noobmaster9817","format":"[Gen 9] National Dex","log":"|html|<div class=\"broadcast-blue\"><strong>[Gen 9] National Dex is currently suspecting Sneasler! For information on how to participate check out the <a href=\"https:\/\/www.smogon.com\/forums\/threads\/sv-national-dex-suspect-8-just-dance.3731534\/\">suspect thread<\/a>.<\/strong><\/div>\n|j|\u203dThatay\n|j|\u2606noobmaster9817\n|t:|1700778797\n|gametype|singles\n|player|p1|Thatay|170|1061\n|player|p2|noobmaster9817|policeman-gen4|1180\n|teamsize|p1|6\n|teamsize|p2|6\n|gen|9\n|tier|[Gen 9] National Dex\n|rated|\n|rule|HP Percentage Mod: HP is shown in percentages\n|rule|Endless Battle Clause: Forcing endless battles is banned\n|rule|OHKO Clause: OHKO moves are banned\n|rule|Evasion Clause: Evasion abilities, items, and moves are banned\n|rule|Evasion Abilities Clause: Evasion abilities are banned\n|rule|Evasion Items Clause: Evasion items are banned\n|rule|Evasion Moves Clause: Evasion moves are banned\n|rule|Species Clause: Limit one of each Pok\u00e9mon\n|rule|Sleep Clause Mod: Limit one foe put to sleep\n|clearpoke\n|poke|p1|Charizard, F|\n|poke|p1|Ninetales, M|\n|poke|p1|Shuckle, F|\n|poke|p1|Ferrothorn, F|\n|poke|p1|Gliscor, M|\n|poke|p1|Victreebel, M|\n|poke|p2|Gyarados, F|\n|poke|p2|Zamazenta-*|\n|poke|p2|Aegislash, F|\n|poke|p2|Gliscor, F|\n|poke|p2|Terrakion|\n|poke|p2|Tornadus-Therian, M|\n|teampreview\n|inactive|Battle timer is ON: inactive players will automatically lose when time's up. (requested by noobmaster9817)\n|\n|t:|1700778805\n|start\n|switch|p1a: Shuckle|Shuckle, F|100\/100\n|switch|p2a: Terrakion|Terrakion, shiny|100\/100\n|turn|1\n|\n|t:|1700778810\n|move|p2a: Terrakion|Swords Dance|p2a: Terrakion\n|-boost|p2a: Terrakion|atk|2\n|move|p1a: Shuckle|Toxic|p2a: Terrakion\n|-status|p2a: Terrakion|tox\n|\n|-damage|p2a: Terrakion|94\/100 tox|[from] psn\n|upkeep\n|turn|2\n|\n|t:|1700778816\n|move|p2a: Terrakion|Stone Edge|p1a: Shuckle\n|-supereffective|p1a: Shuckle\n|-damage|p1a: Shuckle|0 fnt\n|faint|p1a: Shuckle\n|-damage|p2a: Terrakion|84\/100 tox|[from] item: Life Orb\n|\n|-damage|p2a: Terrakion|72\/100 tox|[from] psn\n|upkeep\n|\n|t:|1700778823\n|switch|p1a: Ninetales|Ninetales, M|100\/100\n|-weather|SunnyDay|[from] ability: Drought|[of] p1a: Ninetales\n|turn|3\n|\n|t:|1700778828\n|move|p2a: Terrakion|Stone Edge|p1a: Ninetales|[miss]\n|-miss|p2a: Terrakion|p1a: Ninetales\n|move|p1a: Ninetales|Energy Ball|p2a: Terrakion\n|-supereffective|p2a: Terrakion\n|-damage|p2a: Terrakion|24\/100 tox\n|\n|-weather|SunnyDay|[upkeep]\n|-damage|p2a: Terrakion|5\/100 tox|[from] psn\n|upkeep\n|turn|4\n|\n|t:|1700778834\n|move|p2a: Terrakion|Stone Edge|p1a: Ninetales\n|-supereffective|p1a: Ninetales\n|-enditem|p1a: Ninetales|Focus Sash\n|-damage|p1a: Ninetales|1\/100\n|-damage|p2a: Terrakion|0 fnt|[from] item: Life Orb\n|faint|p2a: Terrakion\n|move|p1a: Ninetales|Energy Ball|p2: Terrakion|[notarget]\n|-fail|p1a: Ninetales\n|\n|-weather|SunnyDay|[upkeep]\n|upkeep\n|\n|t:|1700778843\n|switch|p2a: Tornadus|Tornadus-Therian, M, shiny|100\/100\n|turn|5\n|\n|t:|1700778850\n|move|p2a: Tornadus|U-turn|p1a: Ninetales\n|-resisted|p1a: Ninetales\n|-damage|p1a: Ninetales|0 fnt\n|faint|p1a: Ninetales\n|\n|t:|1700778854\n|switch|p2a: Gyarados|Gyarados, F, shiny|100\/100|[from] U-turn\n|\n|-weather|SunnyDay|[upkeep]\n|upkeep\n|\n|t:|1700778865\n|switch|p1a: Victreebel|Victreebel, M|100\/100\n|turn|6\n|\n|t:|1700778881\n|detailschange|p2a: Gyarados|Gyarados-Mega, F, shiny\n|-mega|p2a: Gyarados|Gyarados|Gyaradosite\n|-ability|p2a: Gyarados|Mold Breaker\n|move|p1a: Victreebel|Solar Beam||[still]\n|-prepare|p1a: Victreebel|Solar Beam\n|-anim|p1a: Victreebel|Solar Beam|p2a: Gyarados\n|-supereffective|p2a: Gyarados\n|-damage|p2a: Gyarados|6\/100\n|move|p2a: Gyarados|Crunch|p1a: Victreebel\n|-damage|p1a: Victreebel|18\/100\n|-unboost|p1a: Victreebel|def|1\n|\n|-weather|SunnyDay|[upkeep]\n|-heal|p1a: Victreebel|24\/100|[from] item: Leftovers\n|upkeep\n|turn|7\n|\n|t:|1700778895\n|switch|p2a: Tornadus|Tornadus-Therian, M, shiny|100\/100\n|move|p1a: Victreebel|Solar Beam||[still]\n|-prepare|p1a: Victreebel|Solar Beam\n|-anim|p1a: Victreebel|Solar Beam|p2a: Tornadus\n|-resisted|p2a: Tornadus\n|-damage|p2a: Tornadus|80\/100\n|\n|-weather|none\n|-heal|p1a: Victreebel|30\/100|[from] item: Leftovers\n|upkeep\n|turn|8\n|\n|t:|1700778905\n|move|p2a: Tornadus|U-turn|p1a: Victreebel\n|-damage|p1a: Victreebel|0 fnt\n|faint|p1a: Victreebel\n|\n|t:|1700778915\n|switch|p2a: Zamazenta|Zamazenta, shiny|100\/100|[from] U-turn\n|-ability|p2a: Zamazenta|Dauntless Shield|boost\n|-boost|p2a: Zamazenta|def|1\n|\n|upkeep\n|\n|t:|1700778924\n|switch|p1a: Gliscor|Gliscor, M|100\/100\n|turn|9\n|\n|t:|1700778931\n|move|p2a: Zamazenta|Howl|p2a: Zamazenta\n|-boost|p2a: Zamazenta|atk|1\n|move|p1a: Gliscor|Acrobatics|p2a: Zamazenta\n|-supereffective|p2a: Zamazenta\n|-damage|p2a: Zamazenta|70\/100\n|\n|-status|p1a: Gliscor|tox|[from] item: Toxic Orb\n|upkeep\n|turn|10\n|\n|t:|1700778940\n|-terastallize|p1a: Gliscor|Ground\n|move|p2a: Zamazenta|Ice Fang|p1a: Gliscor\n|-supereffective|p1a: Gliscor\n|-damage|p1a: Gliscor|41\/100 tox\n|move|p1a: Gliscor|Earthquake|p2a: Zamazenta\n|-damage|p2a: Zamazenta|38\/100\n|\n|-heal|p1a: Gliscor|53\/100 tox|[from] ability: Poison Heal\n|upkeep\n|turn|11\n|\n|t:|1700778950\n|move|p2a: Zamazenta|Ice Fang|p1a: Gliscor\n|-supereffective|p1a: Gliscor\n|-damage|p1a: Gliscor|0 fnt\n|faint|p1a: Gliscor\n|\n|upkeep\n|\n|t:|1700778955\n|switch|p1a: Charizard|Charizard, F|100\/100\n|turn|12\n|\n|t:|1700778964\n|-zpower|p2a: Zamazenta\n|move|p2a: Zamazenta|Gigavolt Havoc|p1a: Charizard|[zeffect]\n|-supereffective|p1a: Charizard\n|-damage|p1a: Charizard|0 fnt\n|faint|p1a: Charizard\n|\n|upkeep\n|\n|t:|1700778968\n|switch|p1a: Ferrothorn|Ferrothorn, F|100\/100\n|turn|13\n|\n|t:|1700778972\n|move|p2a: Zamazenta|Close Combat|p1a: Ferrothorn\n|-supereffective|p1a: Ferrothorn\n|-damage|p1a: Ferrothorn|0 fnt\n|-unboost|p2a: Zamazenta|def|1\n|-unboost|p2a: Zamazenta|spd|1\n|-damage|p2a: Zamazenta|26\/100|[from] ability: Iron Barbs|[of] p1a: Ferrothorn\n|-damage|p2a: Zamazenta|9\/100|[from] item: Rocky Helmet|[of] p1a: Ferrothorn\n|faint|p1a: Ferrothorn\n|\n|win|noobmaster9817\n|raw|Thatay's rating: 1061 &rarr; <strong>1048<\/strong><br \/>(-13 for losing)\n|raw|noobmaster9817's rating: 1180 &rarr; <strong>1197<\/strong><br \/>(+17 for winning)\n","uploadtime":1700778978,"views":3,"p1id":"thatay","p2id":"noobmaster9817","formatid":"gen9nationaldex","rating":1048,"private":0,"password":""}