{"id":"gen9nationaldex-1992866022","p1":"WOAINI2024","p2":"testing a funni3","format":"[Gen 9] National Dex","log":"|j|\u2606WOAINI2024\n|j|\u2606testing a funni3\n|t:|1700242212\n|gametype|singles\n|player|p1|WOAINI2024|volkner|1522\n|player|p2|testing a funni3|unknownf|1461\n|teamsize|p1|6\n|teamsize|p2|6\n|gen|9\n|tier|[Gen 9] National Dex\n|rated|\n|rule|HP Percentage Mod: HP is shown in percentages\n|rule|Endless Battle Clause: Forcing endless battles is banned\n|rule|OHKO Clause: OHKO moves are banned\n|rule|Evasion Clause: Evasion abilities, items, and moves are banned\n|rule|Evasion Abilities Clause: Evasion abilities are banned\n|rule|Evasion Items Clause: Evasion items are banned\n|rule|Evasion Moves Clause: Evasion moves are banned\n|rule|Species Clause: Limit one of each Pok\u00e9mon\n|rule|Sleep Clause Mod: Limit one foe put to sleep\n|clearpoke\n|poke|p1|Ogerpon-Cornerstone, F|\n|poke|p1|Iron Valiant|\n|poke|p1|Moltres|\n|poke|p1|Toxapex, F|\n|poke|p1|Scizor, F|\n|poke|p1|Landorus-Therian, M|\n|poke|p2|Latios, M|\n|poke|p2|Buzzwole|\n|poke|p2|Gliscor, F|\n|poke|p2|Weavile, F|\n|poke|p2|Heatran, M|\n|poke|p2|Ogerpon-Wellspring, F|\n|teampreview\n|inactive|Battle timer is ON: inactive players will automatically lose when time's up. (requested by WOAINI2024)\n|\n|t:|1700242222\n|start\n|switch|p1a: Landorus|Landorus-Therian, M|100\/100\n|switch|p2a: Weavile|Weavile, F|100\/100\n|-ability|p2a: Weavile|Pressure\n|-ability|p1a: Landorus|Intimidate|boost\n|-unboost|p2a: Weavile|atk|1\n|turn|1\n|\n|t:|1700242234\n|switch|p1a: Moltres|Moltres|100\/100\n|move|p2a: Weavile|Triple Axel|p1a: Moltres|[miss]\n|-miss|p2a: Weavile|p1a: Moltres\n|\n|upkeep\n|turn|2\n|\n|t:|1700242240\n|switch|p2a: Heatran|Heatran, M|100\/100\n|move|p1a: Moltres|U-turn|p2a: Heatran\n|-resisted|p2a: Heatran\n|-damage|p2a: Heatran|98\/100\n|\n|t:|1700242248\n|switch|p1a: Landorus|Landorus-Therian, M|100\/100|[from] U-turn\n|-ability|p1a: Landorus|Intimidate|boost\n|-unboost|p2a: Heatran|atk|1\n|\n|-heal|p2a: Heatran|100\/100|[from] item: Leftovers\n|upkeep\n|turn|3\n|\n|t:|1700242256\n|switch|p2a: Buzzwole|Buzzwole|100\/100\n|move|p1a: Landorus|U-turn|p2a: Buzzwole\n|-resisted|p2a: Buzzwole\n|-damage|p2a: Buzzwole|94\/100\n|\n|t:|1700242262\n|switch|p1a: Moltres|Moltres|100\/100|[from] U-turn\n|\n|upkeep\n|turn|4\n|\n|t:|1700242274\n|switch|p2a: Gliscor|Gliscor, F|100\/100\n|move|p1a: Moltres|U-turn|p2a: Gliscor\n|-resisted|p2a: Gliscor\n|-damage|p2a: Gliscor|94\/100\n|\n|t:|1700242285\n|switch|p1a: Iron Valiant|Iron Valiant|100\/100|[from] U-turn\n|-enditem|p1a: Iron Valiant|Booster Energy\n|-activate|p1a: Iron Valiant|ability: Quark Drive|[fromitem]\n|-start|p1a: Iron Valiant|quarkdrivespe\n|\n|-status|p2a: Gliscor|tox|[from] item: Toxic Orb\n|upkeep\n|turn|5\n|\n|t:|1700242293\n|move|p1a: Iron Valiant|Swords Dance|p1a: Iron Valiant\n|-boost|p1a: Iron Valiant|atk|2\n|move|p2a: Gliscor|Toxic|p1a: Iron Valiant\n|-status|p1a: Iron Valiant|tox\n|\n|-damage|p1a: Iron Valiant|94\/100 tox|[from] psn\n|-heal|p2a: Gliscor|100\/100 tox|[from] ability: Poison Heal\n|upkeep\n|turn|6\n|\n|t:|1700242303\n|move|p1a: Iron Valiant|Spirit Break|p2a: Gliscor\n|-damage|p2a: Gliscor|39\/100 tox\n|-unboost|p2a: Gliscor|spa|1\n|move|p2a: Gliscor|Earthquake|p1a: Iron Valiant\n|-damage|p1a: Iron Valiant|54\/100 tox\n|\n|-damage|p1a: Iron Valiant|41\/100 tox|[from] psn\n|-heal|p2a: Gliscor|51\/100 tox|[from] ability: Poison Heal\n|upkeep\n|turn|7\n|\n|t:|1700242314\n|move|p1a: Iron Valiant|Spirit Break|p2a: Gliscor\n|-damage|p2a: Gliscor|0 fnt\n|faint|p2a: Gliscor\n|\n|-damage|p1a: Iron Valiant|23\/100 tox|[from] psn\n|upkeep\n|\n|t:|1700242318\n|switch|p2a: Weavile|Weavile, F|100\/100\n|-ability|p2a: Weavile|Pressure\n|turn|8\n|\n|t:|1700242326\n|move|p2a: Weavile|Ice Shard|p1a: Iron Valiant\n|-damage|p1a: Iron Valiant|0 fnt\n|faint|p1a: Iron Valiant\n|-end|p1a: Iron Valiant|Quark Drive|[silent]\n|\n|upkeep\n|\n|t:|1700242332\n|switch|p1a: Scizor|Scizor, F|100\/100\n|turn|9\n|\n|t:|1700242337\n|switch|p2a: Buzzwole|Buzzwole|94\/100\n|detailschange|p1a: Scizor|Scizor-Mega, F\n|-mega|p1a: Scizor|Scizor|Scizorite\n|move|p1a: Scizor|U-turn|p2a: Buzzwole\n|-resisted|p2a: Buzzwole\n|-damage|p2a: Buzzwole|83\/100\n|\n|t:|1700242345\n|switch|p1a: Moltres|Moltres|100\/100|[from] U-turn\n|\n|upkeep\n|turn|10\n|\n|t:|1700242355\n|-terastallize|p2a: Buzzwole|Water\n|move|p1a: Moltres|Flamethrower|p2a: Buzzwole\n|-resisted|p2a: Buzzwole\n|-damage|p2a: Buzzwole|57\/100\n|move|p2a: Buzzwole|Bulk Up|p2a: Buzzwole\n|-boost|p2a: Buzzwole|atk|1\n|-boost|p2a: Buzzwole|def|1\n|\n|upkeep\n|turn|11\n|\n|t:|1700242364\n|move|p1a: Moltres|U-turn|p2a: Buzzwole\n|-damage|p2a: Buzzwole|52\/100\n|\n|t:|1700242367\n|switch|p1a: Toxapex|Toxapex, F|100\/100|[from] U-turn\n|move|p2a: Buzzwole|Bulk Up|p2a: Buzzwole\n|-boost|p2a: Buzzwole|atk|1\n|-boost|p2a: Buzzwole|def|1\n|\n|upkeep\n|turn|12\n|\n|t:|1700242376\n|switch|p2a: Heatran|Heatran, M|100\/100\n|move|p1a: Toxapex|Toxic|p2a: Heatran\n|-immune|p2a: Heatran\n|\n|upkeep\n|turn|13\n|\n|t:|1700242385\n|switch|p1a: Moltres|Moltres|100\/100\n|move|p2a: Heatran|Magma Storm|p1a: Moltres\n|-resisted|p1a: Moltres\n|-damage|p1a: Moltres|79\/100\n|-activate|p1a: Moltres|move: Magma Storm|[of] p2a: Heatran\n|\n|-damage|p1a: Moltres|67\/100|[from] move: Magma Storm|[partiallytrapped]\n|upkeep\n|turn|14\n|\n|t:|1700242394\n|move|p1a: Moltres|U-turn|p2a: Heatran\n|-resisted|p2a: Heatran\n|-damage|p2a: Heatran|98\/100\n|\n|t:|1700242397\n|switch|p1a: Landorus|Landorus-Therian, M|100\/100|[from] U-turn\n|-ability|p1a: Landorus|Intimidate|boost\n|-unboost|p2a: Heatran|atk|1\n|move|p2a: Heatran|Stealth Rock|p1a: Landorus\n|-sidestart|p1: WOAINI2024|move: Stealth Rock\n|\n|-heal|p2a: Heatran|100\/100|[from] item: Leftovers\n|upkeep\n|turn|15\n|\n|t:|1700242412\n|switch|p2a: Buzzwole|Buzzwole, tera:Water|52\/100\n|move|p1a: Landorus|Stealth Rock|p2a: Buzzwole\n|-sidestart|p2: testing a funni3|move: Stealth Rock\n|\n|upkeep\n|turn|16\n|\n|t:|1700242419\n|move|p1a: Landorus|U-turn|p2a: Buzzwole\n|-damage|p2a: Buzzwole|38\/100\n|\n|t:|1700242425\n|switch|p1a: Toxapex|Toxapex, F|100\/100|[from] U-turn\n|-damage|p1a: Toxapex|88\/100|[from] Stealth Rock\n|move|p2a: Buzzwole|Roost|p2a: Buzzwole\n|-heal|p2a: Buzzwole|88\/100\n|\n|-heal|p1a: Toxapex|94\/100|[from] item: Leftovers\n|upkeep\n|turn|17\n|\n|t:|1700242436\n|switch|p2a: Heatran|Heatran, M|100\/100\n|-damage|p2a: Heatran|88\/100|[from] Stealth Rock\n|switch|p1a: Landorus|Landorus-Therian, M|100\/100\n|-damage|p1a: Landorus|88\/100|[from] Stealth Rock\n|-ability|p1a: Landorus|Intimidate|boost\n|-unboost|p2a: Heatran|atk|1\n|\n|-heal|p2a: Heatran|94\/100|[from] item: Leftovers\n|upkeep\n|turn|18\n|\n|t:|1700242450\n|move|p1a: Landorus|Earthquake|p2a: Heatran\n|-supereffective|p2a: Heatran\n|-damage|p2a: Heatran|0 fnt\n|faint|p2a: Heatran\n|\n|upkeep\n|\n|t:|1700242453\n|switch|p2a: Ogerpon|Ogerpon-Wellspring, F|100\/100\n|-damage|p2a: Ogerpon|88\/100|[from] Stealth Rock\n|turn|19\n|\n|t:|1700242460\n|switch|p1a: Toxapex|Toxapex, F|100\/100\n|-damage|p1a: Toxapex|88\/100|[from] Stealth Rock\n|move|p2a: Ogerpon|Ivy Cudgel|p1a: Toxapex|[anim] Ivy Cudgel Water\n|-resisted|p1a: Toxapex\n|-damage|p1a: Toxapex|66\/100\n|\n|-heal|p1a: Toxapex|73\/100|[from] item: Leftovers\n|upkeep\n|turn|20\n|\n|t:|1700242470\n|move|p2a: Ogerpon|Swords Dance|p2a: Ogerpon\n|-boost|p2a: Ogerpon|atk|2\n|move|p1a: Toxapex|Toxic|p2a: Ogerpon\n|-status|p2a: Ogerpon|tox\n|\n|-heal|p1a: Toxapex|79\/100|[from] item: Leftovers\n|-damage|p2a: Ogerpon|82\/100 tox|[from] psn\n|upkeep\n|turn|21\n|\n|t:|1700242482\n|move|p2a: Ogerpon|Power Whip|p1a: Toxapex\n|-damage|p1a: Toxapex|0 fnt\n|faint|p1a: Toxapex\n|\n|-damage|p2a: Ogerpon|70\/100 tox|[from] psn\n|upkeep\n|\n|t:|1700242494\n|switch|p1a: Ogerpon|Ogerpon-Cornerstone, F|100\/100\n|-damage|p1a: Ogerpon|88\/100|[from] Stealth Rock\n|turn|22\n|\n|t:|1700242500\n|move|p2a: Ogerpon|Ivy Cudgel|p1a: Ogerpon|[anim] Ivy Cudgel Water\n|-crit|p1a: Ogerpon\n|-damage|p1a: Ogerpon|0 fnt\n|faint|p1a: Ogerpon\n|\n|-damage|p2a: Ogerpon|52\/100 tox|[from] psn\n|upkeep\n|-message|WOAINI2024 forfeited.\n|\n|win|testing a funni3\n|raw|WOAINI2024's rating: 1522 &rarr; <strong>1499<\/strong><br \/>(-23 for losing)\n|raw|testing a funni3's rating: 1461 &rarr; <strong>1484<\/strong><br \/>(+23 for winning)\n|l|\u2606WOAINI2024\n","uploadtime":1700242512,"views":11,"p1id":"woaini2024","p2id":"testingafunni3","formatid":"gen9nationaldex","rating":1484,"private":0,"password":""}