{"id":"gen9nationaldex-1998073809","p1":"Glonxxu","p2":"PBBTT","format":"[Gen 9] National Dex","log":"|html|<div class=\"broadcast-blue\"><strong>[Gen 9] National Dex is currently suspecting Sneasler! For information on how to participate check out the <a href=\"https:\/\/www.smogon.com\/forums\/threads\/sv-national-dex-suspect-8-just-dance.3731534\/\">suspect thread<\/a>.<\/strong><\/div>\n|j|\u2606Glonxxu\n|j|\u2606PBBTT\n|t:|1700887139\n|gametype|singles\n|player|p1|Glonxxu|candice|1246\n|player|p2|PBBTT|gentleman-gen4|1143\n|teamsize|p1|6\n|teamsize|p2|6\n|gen|9\n|tier|[Gen 9] National Dex\n|rated|\n|rule|HP Percentage Mod: HP is shown in percentages\n|rule|Endless Battle Clause: Forcing endless battles is banned\n|rule|OHKO Clause: OHKO moves are banned\n|rule|Evasion Clause: Evasion abilities, items, and moves are banned\n|rule|Evasion Abilities Clause: Evasion abilities are banned\n|rule|Evasion Items Clause: Evasion items are banned\n|rule|Evasion Moves Clause: Evasion moves are banned\n|rule|Species Clause: Limit one of each Pok\u00e9mon\n|rule|Sleep Clause Mod: Limit one foe put to sleep\n|clearpoke\n|poke|p1|Ninetales-Alola, F|\n|poke|p1|Arctozolt|\n|poke|p1|Weavile, M|\n|poke|p1|Froslass, F|\n|poke|p1|Lapras, M|\n|poke|p1|Frosmoth, M|\n|poke|p2|Aerodactyl, F|\n|poke|p2|Rotom-Wash|\n|poke|p2|Jirachi|\n|poke|p2|Serperior, M|\n|poke|p2|Garchomp, M|\n|poke|p2|Grimmsnarl, M|\n|teampreview\n|inactive|Battle timer is ON: inactive players will automatically lose when time's up. (requested by PBBTT)\n|\n|t:|1700887148\n|start\n|switch|p1a: Ninetales|Ninetales-Alola, F|100\/100\n|switch|p2a: Grimmsnarl|Grimmsnarl, M|100\/100\n|-weather|Snow|[from] ability: Snow Warning|[of] p1a: Ninetales\n|turn|1\n|\n|t:|1700887158\n|move|p2a: Grimmsnarl|Taunt|p1a: Ninetales\n|-start|p1a: Ninetales|move: Taunt\n|move|p1a: Ninetales|Moonblast|p2a: Grimmsnarl\n|-supereffective|p2a: Grimmsnarl\n|-damage|p2a: Grimmsnarl|12\/100\n|\n|-weather|Snow|[upkeep]\n|upkeep\n|turn|2\n|\n|t:|1700887165\n|move|p2a: Grimmsnarl|Light Screen|p2a: Grimmsnarl\n|-sidestart|p2: PBBTT|move: Light Screen\n|move|p1a: Ninetales|Moonblast|p2a: Grimmsnarl\n|-supereffective|p2a: Grimmsnarl\n|-damage|p2a: Grimmsnarl|0 fnt\n|faint|p2a: Grimmsnarl\n|\n|-weather|Snow|[upkeep]\n|upkeep\n|\n|t:|1700887167\n|switch|p2a: Jirachi|Jirachi|100\/100\n|turn|3\n|\n|t:|1700887177\n|switch|p1a: Froslass|Froslass, F|100\/100\n|move|p2a: Jirachi|Iron Head|p1a: Froslass\n|-supereffective|p1a: Froslass\n|-damage|p1a: Froslass|54\/100\n|-start|p2a: Jirachi|Disable|Iron Head|[from] ability: Cursed Body|[of] p1a: Froslass\n|\n|-weather|Snow|[upkeep]\n|upkeep\n|turn|4\n|\n|t:|1700887186\n|switch|p2a: Garchomp|Garchomp, M|100\/100\n|move|p1a: Froslass|Aurora Veil|p1a: Froslass\n|-sidestart|p1: Glonxxu|move: Aurora Veil\n|\n|-weather|Snow|[upkeep]\n|upkeep\n|turn|5\n|\n|t:|1700887194\n|switch|p1a: Ninetales|Ninetales-Alola, F|100\/100\n|move|p2a: Garchomp|Stealth Rock|p1a: Ninetales\n|-sidestart|p1: Glonxxu|move: Stealth Rock\n|\n|-weather|Snow|[upkeep]\n|upkeep\n|turn|6\n|\n|t:|1700887200\n|move|p2a: Garchomp|Stone Edge|p1a: Ninetales\n|-supereffective|p1a: Ninetales\n|-damage|p1a: Ninetales|53\/100\n|-damage|p2a: Garchomp|91\/100|[from] item: Life Orb\n|move|p1a: Ninetales|Blizzard|p2a: Garchomp\n|-supereffective|p2a: Garchomp\n|-damage|p2a: Garchomp|0 fnt\n|faint|p2a: Garchomp\n|\n|-weather|Snow|[upkeep]\n|upkeep\n|\n|t:|1700887204\n|switch|p2a: Jirachi|Jirachi|100\/100\n|turn|7\n|\n|t:|1700887214\n|switch|p1a: Frosmoth|Frosmoth, M|100\/100\n|-damage|p1a: Frosmoth|51\/100|[from] Stealth Rock\n|-terastallize|p2a: Jirachi|Steel\n|move|p2a: Jirachi|Iron Head|p1a: Frosmoth\n|-supereffective|p1a: Frosmoth\n|-damage|p1a: Frosmoth|8\/100\n|\n|-weather|Snow|[upkeep]\n|upkeep\n|turn|8\n|\n|t:|1700887234\n|switch|p1a: Lapras|Lapras, M|100\/100\n|-damage|p1a: Lapras|75\/100|[from] Stealth Rock\n|move|p2a: Jirachi|Iron Head|p1a: Lapras\n|-damage|p1a: Lapras|65\/100\n|\n|-weather|none\n|-heal|p1a: Lapras|71\/100|[from] item: Leftovers\n|-sideend|p1: Glonxxu|move: Aurora Veil\n|upkeep\n|turn|9\n|\n|t:|1700887246\n|move|p2a: Jirachi|Iron Head|p1a: Lapras\n|-damage|p1a: Lapras|40\/100\n|cant|p1a: Lapras|flinch\n|\n|-heal|p1a: Lapras|47\/100|[from] item: Leftovers\n|-sideend|p2: PBBTT|move: Light Screen\n|upkeep\n|turn|10\n|\n|t:|1700887252\n|move|p2a: Jirachi|Iron Head|p1a: Lapras\n|-damage|p1a: Lapras|17\/100\n|cant|p1a: Lapras|flinch\n|\n|-heal|p1a: Lapras|24\/100|[from] item: Leftovers\n|upkeep\n|turn|11\n|\n|t:|1700887270\n|move|p1a: Lapras|Ice Shard|p2a: Jirachi\n|-resisted|p2a: Jirachi\n|-damage|p2a: Jirachi|94\/100\n|move|p2a: Jirachi|Iron Head|p1a: Lapras\n|-damage|p1a: Lapras|0 fnt\n|faint|p1a: Lapras\n|\n|-heal|p2a: Jirachi|99\/100|[from] item: Leftovers\n|upkeep\n|\n|t:|1700887278\n|switch|p1a: Ninetales|Ninetales-Alola, F|53\/100\n|-damage|p1a: Ninetales|28\/100|[from] Stealth Rock\n|-weather|Snow|[from] ability: Snow Warning|[of] p1a: Ninetales\n|turn|12\n|\n|t:|1700887295\n|move|p1a: Ninetales|Hidden Power|p2a: Jirachi\n|-supereffective|p2a: Jirachi\n|-damage|p2a: Jirachi|75\/100\n|move|p2a: Jirachi|Iron Head|p1a: Ninetales\n|-supereffective|p1a: Ninetales\n|-damage|p1a: Ninetales|0 fnt\n|faint|p1a: Ninetales\n|\n|-weather|Snow|[upkeep]\n|-heal|p2a: Jirachi|82\/100|[from] item: Leftovers\n|upkeep\n|inactive|Glonxxu has 120 seconds left.\n|\n|t:|1700887309\n|switch|p1a: Arctozolt|Arctozolt|100\/100\n|-damage|p1a: Arctozolt|76\/100|[from] Stealth Rock\n|turn|13\n|\n|t:|1700887317\n|-terastallize|p1a: Arctozolt|Electric\n|move|p1a: Arctozolt|Bolt Beak|p2a: Jirachi\n|-damage|p2a: Jirachi|0 fnt\n|faint|p2a: Jirachi\n|-damage|p1a: Arctozolt|66\/100|[from] item: Life Orb\n|\n|-weather|Snow|[upkeep]\n|upkeep\n|\n|t:|1700887322\n|switch|p2a: Aerodactyl|Aerodactyl, F|100\/100\n|turn|14\n|\n|t:|1700887329\n|switch|p2a: Rotom|Rotom-Wash|100\/100\n|move|p1a: Arctozolt|Bolt Beak|p2a: Rotom\n|-damage|p2a: Rotom|0 fnt\n|faint|p2a: Rotom\n|-damage|p1a: Arctozolt|56\/100|[from] item: Life Orb\n|\n|-weather|Snow|[upkeep]\n|upkeep\n|\n|t:|1700887332\n|switch|p2a: Serperior|Serperior, M|100\/100\n|turn|15\n|\n|t:|1700887341\n|move|p1a: Arctozolt|Blizzard|p2a: Serperior\n|-supereffective|p2a: Serperior\n|-damage|p2a: Serperior|5\/100\n|-damage|p1a: Arctozolt|46\/100|[from] item: Life Orb\n|move|p2a: Serperior|Glare|p1a: Arctozolt\n|-immune|p1a: Arctozolt\n|\n|-weather|Snow|[upkeep]\n|-heal|p2a: Serperior|11\/100|[from] item: Leftovers\n|upkeep\n|turn|16\n|\n|t:|1700887359\n|move|p1a: Arctozolt|Bolt Beak|p2a: Serperior\n|-resisted|p2a: Serperior\n|-damage|p2a: Serperior|0 fnt\n|faint|p2a: Serperior\n|-damage|p1a: Arctozolt|36\/100|[from] item: Life Orb\n|\n|-weather|Snow|[upkeep]\n|upkeep\n|\n|t:|1700887363\n|switch|p2a: Aerodactyl|Aerodactyl, F|100\/100\n|turn|17\n|\n|t:|1700887366\n|detailschange|p2a: Aerodactyl|Aerodactyl-Mega, F\n|-mega|p2a: Aerodactyl|Aerodactyl|Aerodactylite\n|move|p1a: Arctozolt|Bolt Beak|p2a: Aerodactyl\n|-supereffective|p2a: Aerodactyl\n|-damage|p2a: Aerodactyl|0 fnt\n|faint|p2a: Aerodactyl\n|-damage|p1a: Arctozolt|26\/100|[from] item: Life Orb\n|\n|win|Glonxxu\n|raw|Glonxxu's rating: 1246 &rarr; <strong>1264<\/strong><br \/>(+18 for winning)\n|raw|PBBTT's rating: 1143 &rarr; <strong>1125<\/strong><br \/>(-18 for losing)\n|l|\u2606PBBTT\n|c|\u2606Glonxxu|gg\n","uploadtime":1700887382,"views":1,"p1id":"glonxxu","p2id":"pbbtt","formatid":"gen9nationaldex","rating":1125,"private":0,"password":""}