{"id":"gen9nationaldex-1990555614","p1":"Misterio980","p2":"loch2009","format":"[Gen 9] National Dex","log":"|j|\u2606Misterio980\n|j|\u2606loch2009\n|t:|1699981095\n|gametype|singles\n|player|p1|Misterio980|ethan|1177\n|player|p2|loch2009|lance|1218\n|teamsize|p1|6\n|teamsize|p2|6\n|gen|9\n|tier|[Gen 9] National Dex\n|rated|\n|rule|HP Percentage Mod: HP is shown in percentages\n|rule|Endless Battle Clause: Forcing endless battles is banned\n|rule|OHKO Clause: OHKO moves are banned\n|rule|Evasion Clause: Evasion abilities, items, and moves are banned\n|rule|Evasion Abilities Clause: Evasion abilities are banned\n|rule|Evasion Items Clause: Evasion items are banned\n|rule|Evasion Moves Clause: Evasion moves are banned\n|rule|Species Clause: Limit one of each Pok\u00e9mon\n|rule|Sleep Clause Mod: Limit one foe put to sleep\n|clearpoke\n|poke|p1|Leavanny, F|\n|poke|p1|Kommo-o, M|\n|poke|p1|Skeledirge, M|\n|poke|p1|Quagsire, M|\n|poke|p1|Corviknight, M|\n|poke|p1|Grimmsnarl, M|\n|poke|p2|Pincurchin, F|\n|poke|p2|Banette, F|\n|poke|p2|Kyurem|\n|poke|p2|Espeon, M|\n|poke|p2|Inteleon, M|\n|poke|p2|Tapu Lele|\n|teampreview\n|c|\u2606loch2009|have fun\n|\n|t:|1699981119\n|start\n|switch|p1a: Leavanny|Leavanny, F|100\/100\n|switch|p2a: Espeon|Espeon, M|100\/100\n|turn|1\n|\n|t:|1699981126\n|move|p2a: Espeon|Substitute|p2a: Espeon\n|-start|p2a: Espeon|Substitute\n|-damage|p2a: Espeon|76\/100\n|move|p1a: Leavanny|Sticky Web|p2a: Espeon\n|move|p2a: Espeon|Sticky Web|p1a: Leavanny|[from]ability: Magic Bounce\n|-sidestart|p1: Misterio980|move: Sticky Web\n|\n|upkeep\n|turn|2\n|\n|t:|1699981136\n|-zpower|p2a: Espeon\n|move|p2a: Espeon|Z-Celebrate|p2a: Espeon|[anim]Celebrate\n|-boost|p2a: Espeon|atk|1|[zeffect]\n|-boost|p2a: Espeon|def|1|[zeffect]\n|-boost|p2a: Espeon|spa|1|[zeffect]\n|-boost|p2a: Espeon|spd|1|[zeffect]\n|-boost|p2a: Espeon|spe|1|[zeffect]\n|-activate|p2a: Espeon|move: Celebrate\n|move|p1a: Leavanny|Knock Off|p2a: Espeon\n|-supereffective|p2a: Espeon\n|-end|p2a: Espeon|Substitute\n|\n|upkeep\n|turn|3\n|c|\u2606loch2009|haha\n|c|\u2606loch2009|sniper\n|\n|t:|1699981150\n|move|p2a: Espeon|Stored Power|p1a: Leavanny\n|-enditem|p1a: Leavanny|Focus Sash\n|-damage|p1a: Leavanny|1\/100\n|move|p1a: Leavanny|Bug Bite|p2a: Espeon\n|-supereffective|p2a: Espeon\n|-damage|p2a: Espeon|14\/100\n|\n|upkeep\n|turn|4\n|c|\u2606loch2009|man\n|\n|t:|1699981161\n|move|p2a: Espeon|Stored Power|p1a: Leavanny\n|-damage|p1a: Leavanny|0 fnt\n|faint|p1a: Leavanny\n|\n|upkeep\n|\n|t:|1699981167\n|switch|p1a: Quagsire|Quagsire, M|100\/100\n|-activate|p1a: Quagsire|move: Sticky Web\n|-unboost|p1a: Quagsire|spe|1\n|turn|5\n|\n|t:|1699981176\n|move|p2a: Espeon|Stored Power|p1a: Quagsire\n|-damage|p1a: Quagsire|43\/100\n|move|p1a: Quagsire|Liquidation|p2a: Espeon\n|-damage|p2a: Espeon|0 fnt\n|faint|p2a: Espeon\n|\n|-heal|p1a: Quagsire|49\/100|[from] item: Leftovers\n|upkeep\n|c|\u2606loch2009|a\n|\n|t:|1699981190\n|switch|p2a: Kyurem|Kyurem|100\/100\n|-ability|p2a: Kyurem|Pressure\n|turn|6\n|\n|t:|1699981196\n|move|p2a: Kyurem|Substitute|p2a: Kyurem\n|-start|p2a: Kyurem|Substitute\n|-damage|p2a: Kyurem|76\/100\n|move|p1a: Quagsire|Recover|p1a: Quagsire\n|-heal|p1a: Quagsire|99\/100\n|\n|-heal|p2a: Kyurem|82\/100|[from] item: Leftovers\n|-heal|p1a: Quagsire|100\/100|[from] item: Leftovers\n|upkeep\n|turn|7\n|\n|t:|1699981205\n|move|p2a: Kyurem|Freeze-Dry|p1a: Quagsire\n|-supereffective|p1a: Quagsire\n|-damage|p1a: Quagsire|0 fnt\n|faint|p1a: Quagsire\n|\n|-heal|p2a: Kyurem|88\/100|[from] item: Leftovers\n|upkeep\n|\n|t:|1699981209\n|switch|p1a: Corviknight|Corviknight, M|100\/100\n|turn|8\n|\n|t:|1699981216\n|move|p2a: Kyurem|Freeze-Dry|p1a: Corviknight\n|-damage|p1a: Corviknight|80\/100\n|move|p1a: Corviknight|Iron Head|p2a: Kyurem\n|-supereffective|p2a: Kyurem\n|-end|p2a: Kyurem|Substitute\n|\n|-heal|p2a: Kyurem|94\/100|[from] item: Leftovers\n|upkeep\n|turn|9\n|\n|t:|1699981237\n|switch|p2a: Pincurchin|Pincurchin, F|100\/100\n|-fieldstart|move: Electric Terrain|[from] ability: Electric Surge|[of] p2a: Pincurchin\n|move|p1a: Corviknight|Iron Head|p2a: Pincurchin\n|-resisted|p2a: Pincurchin\n|-damage|p2a: Pincurchin|86\/100\n|\n|upkeep\n|turn|10\n|\n|t:|1699981242\n|move|p1a: Corviknight|Iron Head|p2a: Pincurchin\n|-resisted|p2a: Pincurchin\n|-damage|p2a: Pincurchin|71\/100\n|move|p2a: Pincurchin|Spikes|p1a: Corviknight\n|-sidestart|p1: Misterio980|Spikes\n|\n|upkeep\n|turn|11\n|c|\u2606loch2009|im spiky\n|\n|t:|1699981249\n|move|p1a: Corviknight|Body Slam|p2a: Pincurchin\n|-damage|p2a: Pincurchin|51\/100\n|move|p2a: Pincurchin|Spikes|p1a: Corviknight\n|-sidestart|p1: Misterio980|Spikes\n|\n|upkeep\n|turn|12\n|\n|t:|1699981257\n|move|p1a: Corviknight|Body Slam|p2a: Pincurchin\n|-damage|p2a: Pincurchin|29\/100\n|move|p2a: Pincurchin|Spikes|p1a: Corviknight\n|-sidestart|p1: Misterio980|Spikes\n|\n|upkeep\n|turn|13\n|c|\u2606loch2009|spikes\n|\n|t:|1699981263\n|move|p1a: Corviknight|Body Slam|p2a: Pincurchin\n|-damage|p2a: Pincurchin|10\/100\n|move|p2a: Pincurchin|Toxic Spikes|p1a: Corviknight\n|-sidestart|p1: Misterio980|move: Toxic Spikes\n|\n|upkeep\n|turn|14\n|c|\u2606loch2009|toxic spikes?\n|\n|t:|1699981271\n|move|p1a: Corviknight|Body Slam|p2a: Pincurchin\n|-damage|p2a: Pincurchin|0 fnt\n|faint|p2a: Pincurchin\n|\n|upkeep\n|\n|t:|1699981281\n|switch|p2a: Banette|Banette, F|100\/100\n|-item|p1a: Corviknight|Assault Vest|[from] ability: Frisk|[of] p2a: Banette|[identify]\n|turn|15\n|\n|t:|1699981291\n|detailschange|p2a: Banette|Banette-Mega, F\n|-mega|p2a: Banette|Banette|Banettite\n|move|p2a: Banette|Poltergeist|p1a: Corviknight\n|-activate|p1a: Corviknight|move: Poltergeist|Assault Vest\n|-damage|p1a: Corviknight|19\/100\n|move|p1a: Corviknight|Drill Peck|p2a: Banette\n|-damage|p2a: Banette|67\/100\n|\n|upkeep\n|turn|16\n|\n|t:|1699981300\n|move|p2a: Banette|Shadow Sneak|p1a: Corviknight\n|-damage|p1a: Corviknight|0 fnt\n|faint|p1a: Corviknight\n|\n|-fieldend|move: Electric Terrain\n|upkeep\n|\n|t:|1699981312\n|switch|p1a: Grimmsnarl|Grimmsnarl, M|100\/100\n|-activate|p1a: Grimmsnarl|move: Sticky Web\n|-unboost|p1a: Grimmsnarl|spe|1\n|-damage|p1a: Grimmsnarl|76\/100|[from] Spikes\n|-status|p1a: Grimmsnarl|psn\n|turn|17\n|\n|t:|1699981333\n|move|p2a: Banette|Destiny Bond|p2a: Banette\n|-singlemove|p2a: Banette|Destiny Bond\n|move|p1a: Grimmsnarl|Trick||[still]\n|-fail|p1a: Grimmsnarl\n|\n|-damage|p1a: Grimmsnarl|63\/100 psn|[from] psn\n|upkeep\n|turn|18\n|\n|t:|1699981343\n|move|p1a: Grimmsnarl|Trick||[still]\n|-fail|p1a: Grimmsnarl\n|move|p2a: Banette|Poltergeist|p1a: Grimmsnarl\n|-activate|p1a: Grimmsnarl|move: Poltergeist|Choice Specs\n|-resisted|p1a: Grimmsnarl\n|-damage|p1a: Grimmsnarl|16\/100 psn\n|\n|-damage|p1a: Grimmsnarl|4\/100 psn|[from] psn\n|upkeep\n|turn|19\n|\n|t:|1699981356\n|move|p2a: Banette|Shadow Sneak|p1a: Grimmsnarl\n|-resisted|p1a: Grimmsnarl\n|-damage|p1a: Grimmsnarl|0 fnt\n|faint|p1a: Grimmsnarl\n|\n|upkeep\n|\n|t:|1699981361\n|switch|p1a: Kommo-o|Kommo-o, M|100\/100\n|-activate|p1a: Kommo-o|move: Sticky Web\n|-unboost|p1a: Kommo-o|spe|1\n|-damage|p1a: Kommo-o|76\/100|[from] Spikes\n|-status|p1a: Kommo-o|psn\n|turn|20\n|\n|t:|1699981371\n|move|p2a: Banette|Destiny Bond|p2a: Banette\n|-singlemove|p2a: Banette|Destiny Bond\n|move|p1a: Kommo-o|Clangorous Soul|p1a: Kommo-o\n|-boost|p1a: Kommo-o|atk|1\n|-boost|p1a: Kommo-o|def|1\n|-boost|p1a: Kommo-o|spa|1\n|-boost|p1a: Kommo-o|spd|1\n|-boost|p1a: Kommo-o|spe|1\n|-damage|p1a: Kommo-o|43\/100 psn\n|\n|-damage|p1a: Kommo-o|30\/100 psn|[from] psn\n|upkeep\n|turn|21\n|\n|t:|1699981386\n|-terastallize|p1a: Kommo-o|Steel\n|move|p2a: Banette|Sucker Punch|p1a: Kommo-o\n|-damage|p1a: Kommo-o|9\/100 psn\n|move|p1a: Kommo-o|Earthquake|p2a: Banette\n|-damage|p2a: Banette|0 fnt\n|faint|p2a: Banette\n|-damage|p1a: Kommo-o|0 fnt|[from] item: Life Orb\n|faint|p1a: Kommo-o\n|\n|upkeep\n|\n|t:|1699981398\n|switch|p1a: Skeledirge|Skeledirge, M|100\/100\n|switch|p2a: Inteleon|Inteleon, M|100\/100\n|-activate|p1a: Skeledirge|move: Sticky Web\n|-unboost|p1a: Skeledirge|spe|1\n|-damage|p1a: Skeledirge|76\/100|[from] Spikes\n|-status|p1a: Skeledirge|psn\n|turn|22\n|c|\u2606loch2009|gg\n|\n|t:|1699981409\n|move|p2a: Inteleon|Snipe Shot|p1a: Skeledirge\n|-supereffective|p1a: Skeledirge\n|-damage|p1a: Skeledirge|5\/100 psn\n|move|p1a: Skeledirge|Slack Off|p1a: Skeledirge\n|-heal|p1a: Skeledirge|55\/100 psn\n|\n|-damage|p1a: Skeledirge|42\/100 psn|[from] psn\n|upkeep\n|turn|23\n|\n|t:|1699981418\n|move|p2a: Inteleon|Snipe Shot|p1a: Skeledirge\n|-supereffective|p1a: Skeledirge\n|-damage|p1a: Skeledirge|0 fnt\n|faint|p1a: Skeledirge\n|\n|win|loch2009\n|raw|Misterio980's rating: 1177 &rarr; <strong>1155<\/strong><br \/>(-22 for losing)\n|raw|loch2009's rating: 1218 &rarr; <strong>1240<\/strong><br \/>(+22 for winning)\n|l|\u2606Misterio980\n|c|\u2606loch2009|gg\n","uploadtime":1699981424,"views":4,"p1id":"misterio980","p2id":"loch2009","formatid":"gen9nationaldex","rating":1155,"private":0,"password":""}