{"id":"gen9nationaldex-1996737630","p1":"AchatesOmni","p2":"GHollow","format":"[Gen 9] National Dex","log":"|html|<div class=\"broadcast-blue\"><strong>[Gen 9] National Dex is currently suspecting Sneasler! For information on how to participate check out the <a href=\"https:\/\/www.smogon.com\/forums\/threads\/sv-national-dex-suspect-8-just-dance.3731534\/\">suspect thread<\/a>.<\/strong><\/div>\n|j|\u2606AchatesOmni\n|j|\u2606GHollow\n|t:|1700716855\n|gametype|singles\n|player|p1|AchatesOmni|102|1093\n|player|p2|GHollow|shadowtriad|1095\n|teamsize|p1|6\n|teamsize|p2|6\n|gen|9\n|tier|[Gen 9] National Dex\n|rated|\n|rule|HP Percentage Mod: HP is shown in percentages\n|rule|Endless Battle Clause: Forcing endless battles is banned\n|rule|OHKO Clause: OHKO moves are banned\n|rule|Evasion Clause: Evasion abilities, items, and moves are banned\n|rule|Evasion Abilities Clause: Evasion abilities are banned\n|rule|Evasion Items Clause: Evasion items are banned\n|rule|Evasion Moves Clause: Evasion moves are banned\n|rule|Species Clause: Limit one of each Pok\u00e9mon\n|rule|Sleep Clause Mod: Limit one foe put to sleep\n|clearpoke\n|poke|p1|Scolipede, M|\n|poke|p1|Jellicent, F|\n|poke|p1|Magcargo, F|\n|poke|p1|Cradily, M|\n|poke|p1|Donphan, M|\n|poke|p1|Primeape, F|\n|poke|p2|Pelipper, F|\n|poke|p2|Gyarados, M|\n|poke|p2|Golisopod, F|\n|poke|p2|Kingler, M|\n|poke|p2|Garchomp, M|\n|poke|p2|Samurott-Hisui, M|\n|teampreview\n|\n|t:|1700716863\n|start\n|switch|p1a: Cradily|Cradily, M|100\/100\n|switch|p2a: Pelipper|Pelipper, F|100\/100\n|-weather|RainDance|[from] ability: Drizzle|[of] p2a: Pelipper\n|turn|1\n|\n|t:|1700716871\n|move|p2a: Pelipper|U-turn|p1a: Cradily\n|-supereffective|p1a: Cradily\n|-damage|p1a: Cradily|87\/100\n|\n|t:|1700716874\n|switch|p2a: Samurott|Samurott-Hisui, M|100\/100|[from] U-turn\n|move|p1a: Cradily|Wrap|p2a: Samurott\n|-damage|p2a: Samurott|97\/100\n|-activate|p2a: Samurott|move: Wrap|[of] p1a: Cradily\n|\n|-weather|RainDance|[upkeep]\n|-damage|p2a: Samurott|85\/100|[from] move: Wrap|[partiallytrapped]\n|upkeep\n|turn|2\n|\n|t:|1700716882\n|move|p2a: Samurott|Sacred Sword|p1a: Cradily\n|-supereffective|p1a: Cradily\n|-damage|p1a: Cradily|23\/100\n|move|p1a: Cradily|Leech Seed|p2a: Samurott\n|-start|p2a: Samurott|move: Leech Seed\n|\n|-weather|RainDance|[upkeep]\n|-damage|p2a: Samurott|72\/100|[from] Leech Seed|[of] p1a: Cradily\n|-heal|p1a: Cradily|37\/100|[silent]\n|-damage|p2a: Samurott|60\/100|[from] move: Wrap|[partiallytrapped]\n|upkeep\n|turn|3\n|\n|t:|1700716890\n|-terastallize|p1a: Cradily|Ghost\n|move|p2a: Samurott|Sacred Sword|p1a: Cradily\n|-immune|p1a: Cradily\n|move|p1a: Cradily|Synthesis|p1a: Cradily\n|-heal|p1a: Cradily|62\/100\n|\n|-weather|RainDance|[upkeep]\n|-damage|p2a: Samurott|47\/100|[from] Leech Seed|[of] p1a: Cradily\n|-heal|p1a: Cradily|75\/100|[silent]\n|-damage|p2a: Samurott|35\/100|[from] move: Wrap|[partiallytrapped]\n|upkeep\n|turn|4\n|\n|t:|1700716901\n|move|p2a: Samurott|Sacred Sword|p1a: Cradily\n|-immune|p1a: Cradily\n|move|p1a: Cradily|Synthesis|p1a: Cradily\n|-heal|p1a: Cradily|100\/100\n|\n|-weather|RainDance|[upkeep]\n|-damage|p2a: Samurott|22\/100|[from] Leech Seed|[of] p1a: Cradily\n|-damage|p2a: Samurott|10\/100|[from] move: Wrap|[partiallytrapped]\n|upkeep\n|turn|5\n|\n|t:|1700716910\n|move|p2a: Samurott|Sacred Sword|p1a: Cradily\n|-immune|p1a: Cradily\n|move|p1a: Cradily|Wrap|p2a: Samurott\n|-damage|p2a: Samurott|6\/100\n|\n|-weather|RainDance|[upkeep]\n|-damage|p2a: Samurott|0 fnt|[from] Leech Seed|[of] p1a: Cradily\n|faint|p2a: Samurott\n|upkeep\n|\n|t:|1700716919\n|switch|p2a: Gyarados|Gyarados, M, shiny|100\/100\n|-ability|p2a: Gyarados|Intimidate|boost\n|-unboost|p1a: Cradily|atk|1\n|turn|6\n|\n|t:|1700716929\n|detailschange|p2a: Gyarados|Gyarados-Mega, M, shiny\n|-mega|p2a: Gyarados|Gyarados|Gyaradosite\n|-ability|p2a: Gyarados|Mold Breaker\n|move|p2a: Gyarados|Dragon Dance|p2a: Gyarados\n|-boost|p2a: Gyarados|atk|1\n|-boost|p2a: Gyarados|spe|1\n|move|p1a: Cradily|Leech Seed|p2a: Gyarados\n|-start|p2a: Gyarados|move: Leech Seed\n|\n|-weather|RainDance|[upkeep]\n|-damage|p2a: Gyarados|88\/100|[from] Leech Seed|[of] p1a: Cradily\n|upkeep\n|turn|7\n|j| Hiza Ketchum\n|\n|t:|1700716944\n|switch|p1a: Scolipede|Scolipede, M|100\/100\n|move|p2a: Gyarados|Crunch|p1a: Scolipede\n|-damage|p1a: Scolipede|18\/100\n|\n|-weather|RainDance|[upkeep]\n|-damage|p2a: Gyarados|76\/100|[from] Leech Seed|[of] p1a: Scolipede\n|-heal|p1a: Scolipede|31\/100|[silent]\n|upkeep\n|turn|8\n|\n|t:|1700716954\n|switch|p1a: Jellicent|Jellicent, F|100\/100\n|move|p2a: Gyarados|Crunch|p1a: Jellicent\n|-supereffective|p1a: Jellicent\n|-damage|p1a: Jellicent|0 fnt\n|-damage|p2a: Gyarados|59\/100|[from] item: Rocky Helmet|[of] p1a: Jellicent\n|faint|p1a: Jellicent\n|\n|-weather|none\n|upkeep\n|\n|t:|1700716966\n|switch|p1a: Scolipede|Scolipede, M|31\/100\n|turn|9\n|\n|t:|1700716970\n|move|p1a: Scolipede|Endure|p1a: Scolipede\n|-singleturn|p1a: Scolipede|move: Endure\n|move|p2a: Gyarados|Crunch|p1a: Scolipede\n|-activate|p1a: Scolipede|move: Endure\n|-damage|p1a: Scolipede|1\/100\n|\n|-damage|p2a: Gyarados|47\/100|[from] Leech Seed|[of] p1a: Scolipede\n|-heal|p1a: Scolipede|13\/100|[silent]\n|-ability|p1a: Scolipede|Speed Boost|boost\n|-boost|p1a: Scolipede|spe|1\n|upkeep\n|turn|10\n|\n|t:|1700716980\n|switch|p2a: Golisopod|Golisopod, F|100\/100\n|move|p1a: Scolipede|Megahorn|p2a: Golisopod\n|-damage|p2a: Golisopod|69\/100\n|\n|-ability|p1a: Scolipede|Speed Boost|boost\n|-boost|p1a: Scolipede|spe|1\n|upkeep\n|turn|11\n|\n|t:|1700716987\n|move|p1a: Scolipede|Endure|p1a: Scolipede\n|-singleturn|p1a: Scolipede|move: Endure\n|move|p2a: Golisopod|First Impression|p1a: Scolipede\n|-resisted|p1a: Scolipede\n|-activate|p1a: Scolipede|move: Endure\n|-damage|p1a: Scolipede|1\/100\n|\n|-ability|p1a: Scolipede|Speed Boost|boost\n|-boost|p1a: Scolipede|spe|1\n|upkeep\n|turn|12\n|\n|t:|1700716999\n|move|p1a: Scolipede|Poison Jab|p2a: Golisopod\n|-damage|p2a: Golisopod|49\/100\n|-activate|p2a: Golisopod|ability: Emergency Exit\n|\n|t:|1700717008\n|switch|p2a: Pelipper|Pelipper, F|100\/100\n|-weather|RainDance|[from] ability: Drizzle|[of] p2a: Pelipper\n|\n|-weather|RainDance|[upkeep]\n|-ability|p1a: Scolipede|Speed Boost|boost\n|-boost|p1a: Scolipede|spe|1\n|upkeep\n|turn|13\n|\n|t:|1700717017\n|switch|p1a: Cradily|Cradily, M, tera:Ghost|100\/100\n|move|p2a: Pelipper|Scald|p1a: Cradily\n|-ability|p1a: Cradily|Storm Drain|boost\n|-boost|p1a: Cradily|spa|1\n|\n|-weather|RainDance|[upkeep]\n|upkeep\n|turn|14\n|\n|t:|1700717026\n|switch|p2a: Gyarados|Gyarados-Mega, M, shiny|47\/100\n|-ability|p2a: Gyarados|Mold Breaker\n|move|p1a: Cradily|Leech Seed|p2a: Gyarados\n|-start|p2a: Gyarados|move: Leech Seed\n|\n|-weather|RainDance|[upkeep]\n|-damage|p2a: Gyarados|34\/100|[from] Leech Seed|[of] p1a: Cradily\n|upkeep\n|turn|15\n|\n|t:|1700717040\n|switch|p1a: Primeape|Primeape, F|100\/100\n|move|p2a: Gyarados|Crunch|p1a: Primeape\n|-resisted|p1a: Primeape\n|-damage|p1a: Primeape|48\/100\n|\n|-weather|RainDance|[upkeep]\n|-damage|p2a: Gyarados|22\/100|[from] Leech Seed|[of] p1a: Primeape\n|-heal|p1a: Primeape|63\/100|[silent]\n|upkeep\n|turn|16\n|\n|t:|1700717051\n|switch|p2a: Pelipper|Pelipper, F|100\/100\n|move|p1a: Primeape|Reversal|p2a: Pelipper\n|-resisted|p2a: Pelipper\n|-damage|p2a: Pelipper|93\/100\n|\n|-weather|RainDance|[upkeep]\n|upkeep\n|turn|17\n|\n|t:|1700717060\n|move|p1a: Primeape|Endure|p1a: Primeape\n|-singleturn|p1a: Primeape|move: Endure\n|move|p2a: Pelipper|Hurricane|p1a: Primeape\n|-supereffective|p1a: Primeape\n|-activate|p1a: Primeape|move: Endure\n|-damage|p1a: Primeape|1\/100\n|-enditem|p1a: Primeape|Salac Berry|[eat]\n|-boost|p1a: Primeape|spe|1|[from] item: Salac Berry\n|\n|-weather|RainDance|[upkeep]\n|upkeep\n|turn|18\n|\n|t:|1700717073\n|move|p1a: Primeape|Reversal|p2a: Pelipper\n|-resisted|p2a: Pelipper\n|-damage|p2a: Pelipper|56\/100\n|move|p2a: Pelipper|Hurricane|p1a: Primeape\n|-supereffective|p1a: Primeape\n|-damage|p1a: Primeape|0 fnt\n|faint|p1a: Primeape\n|\n|-weather|RainDance|[upkeep]\n|upkeep\n|\n|t:|1700717086\n|switch|p1a: Cradily|Cradily, M, tera:Ghost|100\/100\n|turn|19\n|\n|t:|1700717101\n|move|p2a: Pelipper|Roost|p2a: Pelipper\n|-heal|p2a: Pelipper|100\/100\n|-singleturn|p2a: Pelipper|move: Roost\n|move|p1a: Cradily|Leech Seed|p2a: Pelipper|[miss]\n|-miss|p1a: Cradily|p2a: Pelipper\n|\n|-weather|none\n|upkeep\n|turn|20\n|\n|t:|1700717108\n|switch|p2a: Gyarados|Gyarados-Mega, M, shiny|22\/100\n|-ability|p2a: Gyarados|Mold Breaker\n|move|p1a: Cradily|Leech Seed|p2a: Gyarados\n|-start|p2a: Gyarados|move: Leech Seed\n|\n|-damage|p2a: Gyarados|10\/100|[from] Leech Seed|[of] p1a: Cradily\n|upkeep\n|turn|21\n|\n|t:|1700717118\n|move|p2a: Gyarados|Crunch|p1a: Cradily\n|-supereffective|p1a: Cradily\n|-damage|p1a: Cradily|27\/100\n|move|p1a: Cradily|Synthesis|p1a: Cradily\n|-heal|p1a: Cradily|77\/100\n|\n|-damage|p2a: Gyarados|0 fnt|[from] Leech Seed|[of] p1a: Cradily\n|-heal|p1a: Cradily|87\/100|[silent]\n|faint|p2a: Gyarados\n|upkeep\n|\n|t:|1700717127\n|switch|p2a: Garchomp|Garchomp, M|100\/100\n|turn|22\n|\n|t:|1700717134\n|move|p2a: Garchomp|Swords Dance|p2a: Garchomp\n|-boost|p2a: Garchomp|atk|2\n|move|p1a: Cradily|Curse|p2a: Garchomp\n|-start|p2a: Garchomp|Curse|[of] p1a: Cradily\n|-damage|p1a: Cradily|37\/100\n|\n|-damage|p2a: Garchomp|76\/100|[from] Curse\n|upkeep\n|turn|23\n|\n|t:|1700717142\n|switch|p1a: Magcargo|Magcargo, F|100\/100\n|move|p2a: Garchomp|Earthquake|p1a: Magcargo\n|-supereffective|p1a: Magcargo\n|-damage|p1a: Magcargo|0 fnt\n|faint|p1a: Magcargo\n|\n|-damage|p2a: Garchomp|51\/100|[from] Curse\n|upkeep\n|\n|t:|1700717148\n|switch|p1a: Donphan|Donphan, M|100\/100\n|turn|24\n|\n|t:|1700717152\n|-terastallize|p2a: Garchomp|Water\n|move|p1a: Donphan|Ice Shard|p2a: Garchomp\n|-resisted|p2a: Garchomp\n|-damage|p2a: Garchomp|43\/100\n|move|p2a: Garchomp|Liquidation|p1a: Donphan\n|-supereffective|p1a: Donphan\n|-ability|p1a: Donphan|Sturdy\n|-damage|p1a: Donphan|1\/100\n|-unboost|p1a: Donphan|def|1\n|\n|-damage|p2a: Garchomp|18\/100|[from] Curse\n|upkeep\n|turn|25\n|\n|t:|1700717173\n|switch|p2a: Golisopod|Golisopod, F|49\/100\n|switch|p1a: Cradily|Cradily, M, tera:Ghost|37\/100\n|\n|upkeep\n|turn|26\n|\n|t:|1700717180\n|move|p2a: Golisopod|Knock Off|p1a: Cradily\n|-supereffective|p1a: Cradily\n|-damage|p1a: Cradily|0 fnt\n|-enditem|p1a: Cradily|Big Root|[from] move: Knock Off|[of] p2a: Golisopod\n|faint|p1a: Cradily\n|\n|upkeep\n|\n|t:|1700717187\n|switch|p1a: Donphan|Donphan, M|1\/100\n|turn|27\n|l| Hiza Ketchum\n|\n|t:|1700717194\n|move|p1a: Donphan|Earthquake|p2a: Golisopod\n|-resisted|p2a: Golisopod\n|-damage|p2a: Golisopod|30\/100\n|move|p2a: Golisopod|Liquidation|p1a: Donphan\n|-supereffective|p1a: Donphan\n|-damage|p1a: Donphan|0 fnt\n|faint|p1a: Donphan\n|\n|upkeep\n|\n|t:|1700717200\n|switch|p1a: Scolipede|Scolipede, M|1\/100\n|turn|28\n|\n|t:|1700717207\n|move|p1a: Scolipede|Endure|p1a: Scolipede\n|-singleturn|p1a: Scolipede|move: Endure\n|-zpower|p2a: Golisopod\n|move|p2a: Golisopod|Hydro Vortex|p1a: Scolipede|[zeffect]\n|-activate|p1a: Scolipede|move: Endure\n|-damage|p1a: Scolipede|1\/100\n|\n|-ability|p1a: Scolipede|Speed Boost|boost\n|-boost|p1a: Scolipede|spe|1\n|upkeep\n|turn|29\n|\n|t:|1700717218\n|move|p1a: Scolipede|Poison Jab|p2a: Golisopod\n|-damage|p2a: Golisopod|7\/100\n|move|p2a: Golisopod|Liquidation|p1a: Scolipede\n|-damage|p1a: Scolipede|0 fnt\n|faint|p1a: Scolipede\n|\n|win|GHollow\n|raw|AchatesOmni's rating: 1093 &rarr; <strong>1069<\/strong><br \/>(-24 for losing)\n|raw|GHollow's rating: 1095 &rarr; <strong>1121<\/strong><br \/>(+26 for winning)\n|c|\u2606GHollow|gg\n|c|\u2606AchatesOmni|Gg\n|l|\u2606AchatesOmni\n","uploadtime":1700717244,"views":2,"p1id":"achatesomni","p2id":"ghollow","formatid":"gen9nationaldex","rating":1069,"private":0,"password":""}