{"id":"gen9nationaldex-1992869361","p1":"Djdjehrbtyvub","p2":"Eduardo zendejas","format":"[Gen 9] National Dex","log":"|j|\u2606Djdjehrbtyvub\n|j|\u2606Eduardo zendejas\n|t:|1700242501\n|gametype|singles\n|player|p1|Djdjehrbtyvub|giovanni|1175\n|player|p2|Eduardo zendejas|benga|1197\n|teamsize|p1|6\n|teamsize|p2|6\n|gen|9\n|tier|[Gen 9] National Dex\n|rated|\n|rule|HP Percentage Mod: HP is shown in percentages\n|rule|Endless Battle Clause: Forcing endless battles is banned\n|rule|OHKO Clause: OHKO moves are banned\n|rule|Evasion Clause: Evasion abilities, items, and moves are banned\n|rule|Evasion Abilities Clause: Evasion abilities are banned\n|rule|Evasion Items Clause: Evasion items are banned\n|rule|Evasion Moves Clause: Evasion moves are banned\n|rule|Species Clause: Limit one of each Pok\u00e9mon\n|rule|Sleep Clause Mod: Limit one foe put to sleep\n|clearpoke\n|poke|p1|Aegislash, M|\n|poke|p1|Diancie|\n|poke|p1|Rillaboom, M|\n|poke|p1|Alomomola, M|\n|poke|p1|Gliscor, F|\n|poke|p1|Iron Moth|\n|poke|p2|Moltres|\n|poke|p2|Landorus-Therian, M|\n|poke|p2|Tapu Fini|\n|poke|p2|Camerupt, M|\n|poke|p2|Kommo-o, F|\n|poke|p2|Scizor, M|\n|teampreview\n|inactive|Battle timer is ON: inactive players will automatically lose when time's up. (requested by Eduardo zendejas)\n|\n|t:|1700242516\n|start\n|switch|p1a: Alomomola|Alomomola, M|100\/100\n|switch|p2a: Camerupt|Camerupt, M|100\/100\n|turn|1\n|\n|t:|1700242530\n|switch|p2a: Kommo-o|Kommo-o, F|100\/100\n|move|p1a: Alomomola|Flip Turn|p2a: Kommo-o\n|-resisted|p2a: Kommo-o\n|-damage|p2a: Kommo-o|92\/100\n|\n|t:|1700242533\n|switch|p1a: Diancie|Diancie|100\/100|[from] Flip Turn\n|\n|upkeep\n|turn|2\n|\n|t:|1700242547\n|switch|p2a: Scizor|Scizor, M|100\/100\n|detailschange|p1a: Diancie|Diancie-Mega\n|-mega|p1a: Diancie|Diancie|Diancite\n|move|p1a: Diancie|Mystical Fire|p2a: Scizor\n|-supereffective|p2a: Scizor\n|-damage|p2a: Scizor|0 fnt\n|faint|p2a: Scizor\n|\n|upkeep\n|\n|t:|1700242556\n|switch|p2a: Landorus|Landorus-Therian, M|100\/100\n|-ability|p2a: Landorus|Intimidate|boost\n|-unboost|p1a: Diancie|atk|1\n|turn|3\n|\n|t:|1700242570\n|switch|p1a: Gliscor|Gliscor, F|100\/100\n|move|p2a: Landorus|Hidden Power|p1a: Gliscor\n|-supereffective|p1a: Gliscor\n|-damage|p1a: Gliscor|15\/100\n|-damage|p2a: Landorus|91\/100|[from] item: Life Orb\n|\n|-status|p1a: Gliscor|tox|[from] item: Toxic Orb\n|upkeep\n|turn|4\n|\n|t:|1700242575\n|move|p1a: Gliscor|Protect|p1a: Gliscor\n|-singleturn|p1a: Gliscor|Protect\n|move|p2a: Landorus|Rock Slide|p1a: Gliscor\n|-activate|p1a: Gliscor|move: Protect\n|\n|-heal|p1a: Gliscor|28\/100 tox|[from] ability: Poison Heal\n|upkeep\n|turn|5\n|\n|t:|1700242578\n|switch|p1a: Alomomola|Alomomola, M|100\/100\n|move|p2a: Landorus|Hidden Power|p1a: Alomomola\n|-resisted|p1a: Alomomola\n|-damage|p1a: Alomomola|89\/100\n|-damage|p2a: Landorus|81\/100|[from] item: Life Orb\n|\n|upkeep\n|turn|6\n|\n|t:|1700242591\n|switch|p2a: Tapu Fini|Tapu Fini|100\/100\n|-fieldstart|move: Misty Terrain|[from] ability: Misty Surge|[of] p2a: Tapu Fini\n|move|p1a: Alomomola|Flip Turn|p2a: Tapu Fini\n|-resisted|p2a: Tapu Fini\n|-damage|p2a: Tapu Fini|94\/100\n|\n|t:|1700242594\n|switch|p1a: Gliscor|Gliscor, F|28\/100 tox|[from] Flip Turn\n|\n|-heal|p1a: Gliscor|40\/100 tox|[from] ability: Poison Heal\n|upkeep\n|turn|7\n|\n|t:|1700242602\n|move|p1a: Gliscor|Protect|p1a: Gliscor\n|-singleturn|p1a: Gliscor|Protect\n|move|p2a: Tapu Fini|Moonblast|p1a: Gliscor\n|-activate|p1a: Gliscor|move: Protect\n|\n|-heal|p1a: Gliscor|52\/100 tox|[from] ability: Poison Heal\n|upkeep\n|turn|8\n|\n|t:|1700242606\n|switch|p1a: Aegislash|Aegislash, M|100\/100\n|move|p2a: Tapu Fini|Surf|p1a: Aegislash\n|-damage|p1a: Aegislash|56\/100\n|-damage|p2a: Tapu Fini|84\/100|[from] item: Life Orb\n|\n|upkeep\n|turn|9\n|\n|t:|1700242616\n|-terastallize|p2a: Tapu Fini|Water\n|move|p2a: Tapu Fini|Surf|p1a: Aegislash\n|-damage|p1a: Aegislash|0 fnt\n|faint|p1a: Aegislash\n|-damage|p2a: Tapu Fini|74\/100|[from] item: Life Orb\n|\n|upkeep\n|\n|t:|1700242619\n|switch|p1a: Rillaboom|Rillaboom, M|100\/100\n|-fieldstart|move: Grassy Terrain|[from] ability: Grassy Surge|[of] p1a: Rillaboom\n|turn|10\n|\n|t:|1700242627\n|switch|p1a: Diancie|Diancie-Mega|100\/100\n|switch|p2a: Moltres|Moltres|100\/100\n|\n|upkeep\n|turn|11\n|\n|t:|1700242632\n|switch|p2a: Camerupt|Camerupt, M|100\/100\n|move|p1a: Diancie|Diamond Storm|p2a: Camerupt\n|-damage|p2a: Camerupt|31\/100\n|\n|-heal|p2a: Camerupt|38\/100|[from] Grassy Terrain\n|upkeep\n|turn|12\n|\n|t:|1700242641\n|switch|p2a: Tapu Fini|Tapu Fini, tera:Water|74\/100\n|-fieldstart|move: Misty Terrain|[from] ability: Misty Surge|[of] p2a: Tapu Fini\n|move|p1a: Diancie|Diamond Storm|p2a: Tapu Fini\n|-damage|p2a: Tapu Fini|35\/100\n|\n|upkeep\n|turn|13\n|\n|t:|1700242648\n|move|p1a: Diancie|Moonblast|p2a: Tapu Fini\n|-damage|p2a: Tapu Fini|0 fnt\n|faint|p2a: Tapu Fini\n|\n|upkeep\n|\n|t:|1700242652\n|switch|p2a: Landorus|Landorus-Therian, M|81\/100\n|-ability|p2a: Landorus|Intimidate|boost\n|-unboost|p1a: Diancie|atk|1\n|turn|14\n|\n|t:|1700242660\n|switch|p1a: Alomomola|Alomomola, M|100\/100\n|move|p2a: Landorus|Earthquake|p1a: Alomomola\n|-damage|p1a: Alomomola|60\/100\n|-damage|p2a: Landorus|71\/100|[from] item: Life Orb\n|\n|upkeep\n|turn|15\n|-message|Eduardo zendejas forfeited.\n|\n|win|Djdjehrbtyvub\n|raw|Djdjehrbtyvub's rating: 1175 &rarr; <strong>1202<\/strong><br \/>(+27 for winning)\n|raw|Eduardo zendejas's rating: 1197 &rarr; <strong>1170<\/strong><br \/>(-27 for losing)\n|l|\u2606Eduardo zendejas\n","uploadtime":1700242683,"views":13,"p1id":"djdjehrbtyvub","p2id":"eduardozendejas","formatid":"gen9nationaldex","rating":1170,"private":0,"password":""}