{"id":"gen9nationaldex-1999646357","p1":"Gen8Genesect","p2":"Floppyyyyyy","format":"[Gen 9] National Dex","log":"|html|<div class=\"broadcast-blue\"><strong>[Gen 9] National Dex is currently suspecting Sneasler! For information on how to participate check out the <a href=\"https:\/\/www.smogon.com\/forums\/threads\/sv-national-dex-suspect-8-just-dance.3731534\/\">suspect thread<\/a>.<\/strong><\/div>\n|j|\u203dGen8Genesect\n|j|\u2606Floppyyyyyy\n|t:|1701104221\n|gametype|singles\n|player|p1|Gen8Genesect|266|1000\n|player|p2|Floppyyyyyy|unknown|1027\n|teamsize|p1|6\n|teamsize|p2|6\n|gen|9\n|tier|[Gen 9] National Dex\n|rated|\n|rule|HP Percentage Mod: HP is shown in percentages\n|rule|Endless Battle Clause: Forcing endless battles is banned\n|rule|OHKO Clause: OHKO moves are banned\n|rule|Evasion Clause: Evasion abilities, items, and moves are banned\n|rule|Evasion Abilities Clause: Evasion abilities are banned\n|rule|Evasion Items Clause: Evasion items are banned\n|rule|Evasion Moves Clause: Evasion moves are banned\n|rule|Species Clause: Limit one of each Pok\u00e9mon\n|rule|Sleep Clause Mod: Limit one foe put to sleep\n|clearpoke\n|poke|p1|Lopunny, F|\n|poke|p1|Landorus-Therian, M|\n|poke|p1|Volcarona, F|\n|poke|p1|Dragonite, F|\n|poke|p1|Tapu Koko|\n|poke|p1|Hawlucha, M|\n|poke|p2|Clamperl, M|\n|poke|p2|Togedemaru, L1, M|\n|poke|p2|Magnemite, L1|\n|poke|p2|Cottonee, L1, M|\n|poke|p2|Treecko, L1, M|\n|poke|p2|Voltorb-Hisui, L41|\n|teampreview\n|\n|t:|1701104228\n|start\n|switch|p1a: Landorus|Landorus-Therian, M|100\/100\n|switch|p2a: Just a Clam|Clamperl, M|100\/100\n|-ability|p1a: Landorus|Intimidate|boost\n|-unboost|p2a: Just a Clam|atk|1\n|-ability|p2a: Just a Clam|Rattled|boost\n|-boost|p2a: Just a Clam|spe|1\n|turn|1\n|c|\u2606Floppyyyyyy|spare my clam..\n|\n|t:|1701104237\n|-terastallize|p2a: Just a Clam|Steel\n|move|p1a: Landorus|Stealth Rock|p2a: Just a Clam\n|-sidestart|p2: Floppyyyyyy|move: Stealth Rock\n|move|p2a: Just a Clam|Shell Smash|p2a: Just a Clam\n|-unboost|p2a: Just a Clam|def|1\n|-unboost|p2a: Just a Clam|spd|1\n|-boost|p2a: Just a Clam|atk|2\n|-boost|p2a: Just a Clam|spa|2\n|-boost|p2a: Just a Clam|spe|2\n|\n|upkeep\n|turn|2\n|\n|t:|1701104255\n|move|p2a: Just a Clam|Ice Beam|p1a: Landorus\n|-supereffective|p1a: Landorus\n|-damage|p1a: Landorus|0 fnt\n|faint|p1a: Landorus\n|\n|upkeep\n|\n|t:|1701104270\n|switch|p1a: Lopunny|Lopunny, F|100\/100\n|turn|3\n|\n|t:|1701104275\n|move|p1a: Lopunny|Fake Out|p2a: Just a Clam\n|-resisted|p2a: Just a Clam\n|-damage|p2a: Just a Clam|79\/100\n|cant|p2a: Just a Clam|flinch\n|\n|upkeep\n|turn|4\n|\n|t:|1701104282\n|move|p2a: Just a Clam|Ice Beam|p1a: Lopunny\n|-damage|p1a: Lopunny|0 fnt\n|faint|p1a: Lopunny\n|\n|upkeep\n|\n|t:|1701104287\n|switch|p1a: Tapu Koko|Tapu Koko|100\/100\n|-fieldstart|move: Electric Terrain|[from] ability: Electric Surge|[of] p1a: Tapu Koko\n|turn|5\n|\n|t:|1701104296\n|move|p2a: Just a Clam|Ice Beam|p1a: Tapu Koko\n|-damage|p1a: Tapu Koko|0 fnt\n|faint|p1a: Tapu Koko\n|\n|upkeep\n|\n|t:|1701104302\n|switch|p1a: Hawlucha|Hawlucha, M|100\/100\n|-enditem|p1a: Hawlucha|Electric Seed\n|-boost|p1a: Hawlucha|def|1|[from] item: Electric Seed\n|turn|6\n|\n|t:|1701104312\n|-terastallize|p1a: Hawlucha|Fighting\n|move|p1a: Hawlucha|Close Combat|p2a: Just a Clam\n|-supereffective|p2a: Just a Clam\n|-damage|p2a: Just a Clam|0 fnt\n|-unboost|p1a: Hawlucha|def|1\n|-unboost|p1a: Hawlucha|spd|1\n|faint|p2a: Just a Clam\n|\n|upkeep\n|\n|t:|1701104322\n|switch|p2a: spikebait1|Togedemaru, L1, M|100\/100\n|-damage|p2a: spikebait1|92\/100|[from] Stealth Rock\n|turn|7\n|\n|t:|1701104328\n|move|p2a: spikebait1|Fake Out|p1a: Hawlucha\n|-damage|p1a: Hawlucha|99\/100\n|-heal|p2a: spikebait1|100\/100|[from] item: Shell Bell|[of] p1a: Hawlucha\n|cant|p1a: Hawlucha|flinch\n|\n|upkeep\n|turn|8\n|\n|t:|1701104340\n|move|p1a: Hawlucha|Close Combat|p2a: spikebait1\n|-supereffective|p2a: spikebait1\n|-ability|p2a: spikebait1|Sturdy\n|-damage|p2a: spikebait1|9\/100\n|-unboost|p1a: Hawlucha|def|1\n|-unboost|p1a: Hawlucha|spd|1\n|move|p2a: spikebait1|Endeavor|p1a: Hawlucha\n|-damage|p1a: Hawlucha|1\/100\n|-heal|p2a: spikebait1|100\/100|[from] item: Shell Bell|[of] p1a: Hawlucha\n|\n|upkeep\n|turn|9\n|\n|t:|1701104351\n|move|p2a: spikebait1|Spiky Shield|p2a: spikebait1\n|-singleturn|p2a: spikebait1|move: Protect\n|move|p1a: Hawlucha|Drain Punch|p2a: spikebait1\n|-activate|p2a: spikebait1|move: Protect\n|-damage|p1a: Hawlucha|0 fnt|[from] Spiky Shield|[of] p2a: spikebait1\n|faint|p1a: Hawlucha\n|\n|-fieldend|move: Electric Terrain\n|upkeep\n|\n|t:|1701104364\n|switch|p1a: Volcarona|Volcarona, F|100\/100\n|turn|10\n|\n|t:|1701104371\n|move|p1a: Volcarona|Substitute|p1a: Volcarona\n|-start|p1a: Volcarona|Substitute\n|-damage|p1a: Volcarona|76\/100\n|move|p2a: spikebait1|Endeavor|p1a: Volcarona\n|-end|p1a: Volcarona|Substitute\n|\n|upkeep\n|turn|11\n|\n|t:|1701104380\n|move|p1a: Volcarona|Flamethrower|p2a: spikebait1\n|-supereffective|p2a: spikebait1\n|-ability|p2a: spikebait1|Sturdy\n|-damage|p2a: spikebait1|9\/100\n|move|p2a: spikebait1|Endeavor|p1a: Volcarona\n|-damage|p1a: Volcarona|1\/100\n|-heal|p2a: spikebait1|100\/100|[from] item: Shell Bell|[of] p1a: Volcarona\n|\n|upkeep\n|turn|12\n|\n|t:|1701104392\n|move|p1a: Volcarona|Flamethrower|p2a: spikebait1\n|-supereffective|p2a: spikebait1\n|-ability|p2a: spikebait1|Sturdy\n|-damage|p2a: spikebait1|9\/100\n|move|p2a: spikebait1|Frustration|p1a: Volcarona\n|-damage|p1a: Volcarona|0 fnt\n|faint|p1a: Volcarona\n|-heal|p2a: spikebait1|17\/100|[from] item: Shell Bell|[of] p1: Volcarona\n|\n|upkeep\n|-message|Gen8Genesect forfeited.\n|\n|win|Floppyyyyyy\n|raw|Gen8Genesect's rating: 1000 &rarr; <strong>1000<\/strong><br \/>(+0 for losing)\n|raw|Floppyyyyyy's rating: 1027 &rarr; <strong>1060<\/strong><br \/>(+33 for winning)\n|l|\u203dGen8Genesect\n","uploadtime":1701104405,"views":2,"p1id":"gen8genesect","p2id":"floppyyyyyy","formatid":"gen9nationaldex","rating":1000,"private":0,"password":""}