{"id":"gen9nationaldex-1993035085","p1":"mannmilk","p2":"lucaswhitre","format":"[Gen 9] National Dex","log":"|j|\u2606mannmilk\n|j|\u2606lucaswhitre\n|t:|1700257658\n|gametype|singles\n|player|p1|mannmilk|clown|1193\n|player|p2|lucaswhitre|beni-ninja|1176\n|teamsize|p1|6\n|teamsize|p2|6\n|gen|9\n|tier|[Gen 9] National Dex\n|rated|\n|rule|HP Percentage Mod: HP is shown in percentages\n|rule|Endless Battle Clause: Forcing endless battles is banned\n|rule|OHKO Clause: OHKO moves are banned\n|rule|Evasion Clause: Evasion abilities, items, and moves are banned\n|rule|Evasion Abilities Clause: Evasion abilities are banned\n|rule|Evasion Items Clause: Evasion items are banned\n|rule|Evasion Moves Clause: Evasion moves are banned\n|rule|Species Clause: Limit one of each Pok\u00e9mon\n|rule|Sleep Clause Mod: Limit one foe put to sleep\n|clearpoke\n|poke|p1|Togekiss, F|\n|poke|p1|Dusknoir, M|\n|poke|p1|Hoopa-Unbound|\n|poke|p1|Banette, M|\n|poke|p1|Rabsca, M|\n|poke|p1|Lickilicky, M|\n|poke|p2|Heracross, F|\n|poke|p2|Krookodile, M|\n|poke|p2|Espeon, M|\n|poke|p2|Kleavor, M|\n|poke|p2|Ceruledge, F|\n|poke|p2|Meowscarada, M|\n|teampreview\n|\n|t:|1700257667\n|start\n|switch|p1a: \ud83d\ude02\ud83d\ude02\ud83d\ude02|Dusknoir, M|100\/100\n|switch|p2a: Kleavor|Kleavor, M|100\/100\n|-item|p2a: Kleavor|Choice Scarf|[from] ability: Frisk|[of] p1a: \ud83d\ude02\ud83d\ude02\ud83d\ude02|[identify]\n|turn|1\n|\n|t:|1700257676\n|-terastallize|p1a: \ud83d\ude02\ud83d\ude02\ud83d\ude02|Fighting\n|move|p2a: Kleavor|Stone Axe|p1a: \ud83d\ude02\ud83d\ude02\ud83d\ude02\n|-resisted|p1a: \ud83d\ude02\ud83d\ude02\ud83d\ude02\n|-damage|p1a: \ud83d\ude02\ud83d\ude02\ud83d\ude02|75\/100\n|-sidestart|p1: mannmilk|move: Stealth Rock\n|move|p1a: \ud83d\ude02\ud83d\ude02\ud83d\ude02|Trick Room|p1a: \ud83d\ude02\ud83d\ude02\ud83d\ude02\n|-fieldstart|move: Trick Room|[of] p1a: \ud83d\ude02\ud83d\ude02\ud83d\ude02\n|\n|upkeep\n|turn|2\n|\n|t:|1700257682\n|move|p1a: \ud83d\ude02\ud83d\ude02\ud83d\ude02|Power-Up Punch|p2a: Kleavor\n|-damage|p2a: Kleavor|56\/100\n|-boost|p1a: \ud83d\ude02\ud83d\ude02\ud83d\ude02|atk|1\n|-damage|p1a: \ud83d\ude02\ud83d\ude02\ud83d\ude02|65\/100|[from] item: Life Orb\n|move|p2a: Kleavor|Stone Axe|p1a: \ud83d\ude02\ud83d\ude02\ud83d\ude02\n|-resisted|p1a: \ud83d\ude02\ud83d\ude02\ud83d\ude02\n|-damage|p1a: \ud83d\ude02\ud83d\ude02\ud83d\ude02|39\/100\n|\n|upkeep\n|turn|3\n|\n|t:|1700257688\n|move|p1a: \ud83d\ude02\ud83d\ude02\ud83d\ude02|Power-Up Punch|p2a: Kleavor\n|-damage|p2a: Kleavor|0 fnt\n|-boost|p1a: \ud83d\ude02\ud83d\ude02\ud83d\ude02|atk|1\n|faint|p2a: Kleavor\n|-damage|p1a: \ud83d\ude02\ud83d\ude02\ud83d\ude02|29\/100|[from] item: Life Orb\n|\n|upkeep\n|inactive|Battle timer is ON: inactive players will automatically lose when time's up. (requested by mannmilk)\n|\n|t:|1700257699\n|switch|p2a: Ceruledge|Ceruledge, F|100\/100\n|turn|4\n|\n|t:|1700257707\n|move|p1a: \ud83d\ude02\ud83d\ude02\ud83d\ude02|Poltergeist|p2a: Ceruledge\n|-activate|p2a: Ceruledge|move: Poltergeist|Heavy-Duty Boots\n|-supereffective|p2a: Ceruledge\n|-damage|p2a: Ceruledge|0 fnt\n|faint|p2a: Ceruledge\n|-damage|p1a: \ud83d\ude02\ud83d\ude02\ud83d\ude02|19\/100|[from] item: Life Orb\n|\n|upkeep\n|\n|t:|1700257711\n|switch|p2a: Meowscarada|Meowscarada, M|100\/100\n|turn|5\n|\n|t:|1700257714\n|move|p2a: Meowscarada|Sucker Punch||[still]\n|-fail|p2a: Meowscarada\n|move|p1a: \ud83d\ude02\ud83d\ude02\ud83d\ude02|Pain Split|p2a: Meowscarada\n|-sethp|p2a: Meowscarada|57\/100|[from] move: Pain Split|[silent]\n|-sethp|p1a: \ud83d\ude02\ud83d\ude02\ud83d\ude02|73\/100|[from] move: Pain Split\n|\n|-fieldend|move: Trick Room\n|upkeep\n|turn|6\n|c|\u2606mannmilk|\ud83d\ude02\ud83d\ude02\ud83d\ude02\n|\n|t:|1700257722\n|move|p2a: Meowscarada|Flower Trick|p1a: \ud83d\ude02\ud83d\ude02\ud83d\ude02\n|-start|p2a: Meowscarada|typechange|Grass|[from] ability: Protean\n|-crit|p1a: \ud83d\ude02\ud83d\ude02\ud83d\ude02\n|-damage|p1a: \ud83d\ude02\ud83d\ude02\ud83d\ude02|18\/100\n|move|p1a: \ud83d\ude02\ud83d\ude02\ud83d\ude02|Trick Room|p1a: \ud83d\ude02\ud83d\ude02\ud83d\ude02\n|-fieldstart|move: Trick Room|[of] p1a: \ud83d\ude02\ud83d\ude02\ud83d\ude02\n|\n|upkeep\n|turn|7\n|\n|t:|1700257729\n|move|p1a: \ud83d\ude02\ud83d\ude02\ud83d\ude02|Poltergeist|p2a: Meowscarada\n|-activate|p2a: Meowscarada|move: Poltergeist|Heavy-Duty Boots\n|-damage|p2a: Meowscarada|0 fnt\n|faint|p2a: Meowscarada\n|-damage|p1a: \ud83d\ude02\ud83d\ude02\ud83d\ude02|8\/100|[from] item: Life Orb\n|\n|upkeep\n|c|\u2606mannmilk|one dusknoir\n|\n|t:|1700257737\n|switch|p2a: Heracross|Heracross, F|100\/100\n|turn|8\n|\n|t:|1700257747\n|detailschange|p2a: Heracross|Heracross-Mega, F\n|-mega|p2a: Heracross|Heracross|Heracronite\n|move|p1a: \ud83d\ude02\ud83d\ude02\ud83d\ude02|Poltergeist|p2a: Heracross\n|-activate|p2a: Heracross|move: Poltergeist|Heracronite\n|-damage|p2a: Heracross|0 fnt\n|faint|p2a: Heracross\n|-damage|p1a: \ud83d\ude02\ud83d\ude02\ud83d\ude02|0 fnt|[from] item: Life Orb\n|faint|p1a: \ud83d\ude02\ud83d\ude02\ud83d\ude02\n|\n|upkeep\n|\n|t:|1700257755\n|switch|p1a: DOOMSDAY|Lickilicky, M, shiny|100\/100\n|switch|p2a: Krookodile|Krookodile, M|100\/100\n|-damage|p1a: DOOMSDAY|88\/100|[from] Stealth Rock\n|-ability|p1a: DOOMSDAY|Cloud Nine\n|turn|9\n|\n|t:|1700257759\n|move|p1a: DOOMSDAY|Explosion|p2a: Krookodile\n|-damage|p2a: Krookodile|0 fnt\n|faint|p1a: DOOMSDAY\n|faint|p2a: Krookodile\n|\n|upkeep\n|\n|t:|1700257762\n|switch|p1a: pooplover69|Banette, M|100\/100\n|switch|p2a: Espeon|Espeon, M|100\/100\n|-damage|p1a: pooplover69|88\/100|[from] Stealth Rock\n|-item|p2a: Espeon|Choice Specs|[from] ability: Frisk|[of] p1a: pooplover69|[identify]\n|turn|10\n|\n|t:|1700257771\n|detailschange|p1a: pooplover69|Banette-Mega, M\n|-mega|p1a: pooplover69|Banette|Banettite\n|move|p1a: pooplover69|Shadow Claw|p2a: Espeon\n|-supereffective|p2a: Espeon\n|-damage|p2a: Espeon|0 fnt\n|faint|p2a: Espeon\n|\n|win|mannmilk\n|raw|mannmilk's rating: 1193 &rarr; <strong>1217<\/strong><br \/>(+24 for winning)\n|raw|lucaswhitre's rating: 1176 &rarr; <strong>1152<\/strong><br \/>(-24 for losing)\n|l|\u2606lucaswhitre\n","uploadtime":1700257780,"views":18,"p1id":"mannmilk","p2id":"lucaswhitre","formatid":"gen9nationaldex","rating":1152,"private":0,"password":""}