{"id":"gen9nationaldex-1994515340","p1":"zhiyue","p2":"Richie2016","format":"[Gen 9] National Dex","log":"|j|\u2606zhiyue\n|j|\u2606Richie2016\n|t:|1700453206\n|gametype|singles\n|player|p1|zhiyue|ghetsis-gen5bw|1317\n|player|p2|Richie2016|cynthia|1317\n|teamsize|p1|6\n|teamsize|p2|6\n|gen|9\n|tier|[Gen 9] National Dex\n|rated|\n|rule|HP Percentage Mod: HP is shown in percentages\n|rule|Endless Battle Clause: Forcing endless battles is banned\n|rule|OHKO Clause: OHKO moves are banned\n|rule|Evasion Clause: Evasion abilities, items, and moves are banned\n|rule|Evasion Abilities Clause: Evasion abilities are banned\n|rule|Evasion Items Clause: Evasion items are banned\n|rule|Evasion Moves Clause: Evasion moves are banned\n|rule|Species Clause: Limit one of each Pok\u00e9mon\n|rule|Sleep Clause Mod: Limit one foe put to sleep\n|clearpoke\n|poke|p1|Banette, F|\n|poke|p1|Moltres|\n|poke|p1|Urshifu-*, M|\n|poke|p1|Ferrothorn, M|\n|poke|p1|Kommo-o, F|\n|poke|p1|Slowking-Galar, F|\n|poke|p2|Lopunny, F|\n|poke|p2|Alomomola, F|\n|poke|p2|Moltres|\n|poke|p2|Ferrothorn, F|\n|poke|p2|Gliscor, F|\n|poke|p2|Hoopa-Unbound|\n|teampreview\n|\n|t:|1700453238\n|start\n|switch|p1a: Slowking|Slowking-Galar, F|100\/100\n|switch|p2a: Lopunny|Lopunny, F, shiny|100\/100\n|turn|1\n|inactive|Battle timer is ON: inactive players will automatically lose when time's up. (requested by Richie2016)\n|\n|t:|1700453251\n|switch|p2a: Moltres|Moltres|100\/100\n|switch|p1a: Moltres|Moltres|100\/100\n|\n|upkeep\n|turn|2\n|\n|t:|1700453269\n|move|p2a: Moltres|Mystical Fire|p1a: Moltres\n|-resisted|p1a: Moltres\n|-damage|p1a: Moltres|85\/100\n|-unboost|p1a: Moltres|spa|1\n|move|p1a: Moltres|Fire Blast|p2a: Moltres\n|-resisted|p2a: Moltres\n|-damage|p2a: Moltres|85\/100\n|\n|upkeep\n|turn|3\n|\n|t:|1700453279\n|switch|p1a: Kommo-o|Kommo-o, F|100\/100\n|move|p2a: Moltres|Mystical Fire|p1a: Kommo-o\n|-resisted|p1a: Kommo-o\n|-damage|p1a: Kommo-o|82\/100\n|-unboost|p1a: Kommo-o|spa|1\n|\n|upkeep\n|turn|4\n|\n|t:|1700453287\n|switch|p1a: Urshifu|Urshifu-Rapid-Strike, M|100\/100\n|move|p2a: Moltres|Hurricane|p1a: Urshifu|[miss]\n|-miss|p2a: Moltres|p1a: Urshifu\n|\n|upkeep\n|turn|5\n|\n|t:|1700453299\n|switch|p2a: Alomomola|Alomomola, F|100\/100\n|move|p1a: Urshifu|Close Combat|p2a: Alomomola\n|-damage|p2a: Alomomola|43\/100\n|-unboost|p1a: Urshifu|def|1\n|-unboost|p1a: Urshifu|spd|1\n|\n|upkeep\n|turn|6\n|\n|t:|1700453310\n|switch|p2a: Moltres|Moltres|85\/100\n|move|p1a: Urshifu|Close Combat|p2a: Moltres\n|-resisted|p2a: Moltres\n|-damage|p2a: Moltres|50\/100\n|-unboost|p1a: Urshifu|def|1\n|-unboost|p1a: Urshifu|spd|1\n|-status|p1a: Urshifu|brn|[from] ability: Flame Body|[of] p2a: Moltres\n|\n|-damage|p1a: Urshifu|94\/100 brn|[from] brn\n|upkeep\n|turn|7\n|\n|t:|1700453319\n|switch|p1a: Kommo-o|Kommo-o, F|82\/100\n|move|p2a: Moltres|Roost|p2a: Moltres\n|-heal|p2a: Moltres|99\/100\n|-singleturn|p2a: Moltres|move: Roost\n|\n|upkeep\n|turn|8\n|\n|t:|1700453324\n|-zpower|p1a: Kommo-o\n|move|p1a: Kommo-o|Clangorous Soulblaze|p2a: Moltres|[zeffect]\n|-damage|p2a: Moltres|11\/100\n|-boost|p1a: Kommo-o|atk|1\n|-boost|p1a: Kommo-o|def|1\n|-boost|p1a: Kommo-o|spa|1\n|-boost|p1a: Kommo-o|spd|1\n|-boost|p1a: Kommo-o|spe|1\n|move|p2a: Moltres|Hurricane|p1a: Kommo-o\n|-supereffective|p1a: Kommo-o\n|-damage|p1a: Kommo-o|16\/100\n|\n|upkeep\n|turn|9\n|\n|t:|1700453344\n|move|p1a: Kommo-o|Aura Sphere|p2a: Moltres\n|-resisted|p2a: Moltres\n|-damage|p2a: Moltres|0 fnt\n|faint|p2a: Moltres\n|\n|upkeep\n|\n|t:|1700453347\n|switch|p2a: Lopunny|Lopunny, F, shiny|100\/100\n|turn|10\n|\n|t:|1700453354\n|move|p2a: Lopunny|Fake Out|p1a: Kommo-o\n|-damage|p1a: Kommo-o|6\/100\n|cant|p1a: Kommo-o|flinch\n|\n|upkeep\n|turn|11\n|\n|t:|1700453373\n|switch|p2a: Gliscor|Gliscor, F, shiny|100\/100\n|move|p1a: Kommo-o|Aura Sphere|p2a: Gliscor\n|-resisted|p2a: Gliscor\n|-damage|p2a: Gliscor|79\/100\n|\n|-status|p2a: Gliscor|tox|[from] item: Toxic Orb\n|upkeep\n|turn|12\n|\n|t:|1700453382\n|move|p1a: Kommo-o|Clanging Scales|p2a: Gliscor\n|-crit|p2a: Gliscor\n|-damage|p2a: Gliscor|0 fnt\n|faint|p2a: Gliscor\n|-unboost|p1a: Kommo-o|def|1\n|\n|upkeep\n|\n|t:|1700453387\n|switch|p2a: Lopunny|Lopunny, F, shiny|100\/100\n|turn|13\n|\n|t:|1700453404\n|switch|p1a: Moltres|Moltres|85\/100\n|move|p2a: Lopunny|Fake Out|p1a: Moltres\n|-damage|p1a: Moltres|75\/100\n|\n|upkeep\n|turn|14\n|\n|t:|1700453414\n|switch|p2a: Alomomola|Alomomola, F|77\/100\n|move|p1a: Moltres|Roost|p1a: Moltres\n|-heal|p1a: Moltres|100\/100\n|-singleturn|p1a: Moltres|move: Roost\n|\n|upkeep\n|turn|15\n|\n|t:|1700453423\n|switch|p1a: Urshifu|Urshifu-Rapid-Strike, M|94\/100 brn\n|move|p2a: Alomomola|Toxic||[still]\n|-fail|p2a: Alomomola\n|\n|-damage|p1a: Urshifu|88\/100 brn|[from] brn\n|upkeep\n|turn|16\n|\n|t:|1700453431\n|move|p1a: Urshifu|Thunder Punch|p2a: Alomomola\n|-supereffective|p2a: Alomomola\n|-crit|p2a: Alomomola\n|-damage|p2a: Alomomola|43\/100\n|move|p2a: Alomomola|Wish|p2a: Alomomola\n|\n|-damage|p1a: Urshifu|82\/100 brn|[from] brn\n|upkeep\n|turn|17\n|\n|t:|1700453443\n|switch|p1a: Ferrothorn|Ferrothorn, M|100\/100\n|switch|p2a: Hoopa|Hoopa-Unbound|100\/100\n|\n|upkeep\n|turn|18\n|\n|t:|1700453464\n|move|p2a: Hoopa|Hyperspace Fury|p1a: Ferrothorn\n|-damage|p1a: Ferrothorn|42\/100\n|-unboost|p2a: Hoopa|def|1\n|move|p1a: Ferrothorn|Power Whip|p2a: Hoopa\n|-damage|p2a: Hoopa|4\/100\n|\n|-heal|p1a: Ferrothorn|48\/100|[from] item: Leftovers\n|upkeep\n|turn|19\n|inactive|zhiyue has 120 seconds left.\n|\n|t:|1700453504\n|switch|p1a: Kommo-o|Kommo-o, F|6\/100\n|move|p2a: Hoopa|Hyperspace Fury|p1a: Kommo-o\n|-resisted|p1a: Kommo-o\n|-damage|p1a: Kommo-o|0 fnt\n|-unboost|p2a: Hoopa|def|1\n|faint|p1a: Kommo-o\n|\n|upkeep\n|\n|t:|1700453508\n|switch|p1a: Urshifu|Urshifu-Rapid-Strike, M|82\/100 brn\n|turn|20\n|\n|t:|1700453517\n|switch|p2a: Alomomola|Alomomola, F|76\/100\n|move|p1a: Urshifu|Aqua Jet|p2a: Alomomola\n|-resisted|p2a: Alomomola\n|-damage|p2a: Alomomola|71\/100\n|\n|-damage|p1a: Urshifu|76\/100 brn|[from] brn\n|upkeep\n|turn|21\n|\n|t:|1700453522\n|switch|p1a: Ferrothorn|Ferrothorn, M|48\/100\n|move|p2a: Alomomola|Wish|p2a: Alomomola\n|\n|-heal|p1a: Ferrothorn|54\/100|[from] item: Leftovers\n|upkeep\n|turn|22\n|\n|t:|1700453533\n|move|p2a: Alomomola|Flip Turn|p1a: Ferrothorn\n|-resisted|p1a: Ferrothorn\n|-damage|p1a: Ferrothorn|49\/100\n|-damage|p2a: Alomomola|59\/100|[from] ability: Iron Barbs|[of] p1a: Ferrothorn\n|\n|t:|1700453544\n|switch|p2a: Lopunny|Lopunny, F, shiny|100\/100|[from] Flip Turn\n|move|p1a: Ferrothorn|Leech Seed|p2a: Lopunny\n|-start|p2a: Lopunny|move: Leech Seed\n|\n|-heal|p1a: Ferrothorn|55\/100|[from] item: Leftovers\n|-damage|p2a: Lopunny|88\/100|[from] Leech Seed|[of] p1a: Ferrothorn\n|-heal|p1a: Ferrothorn|65\/100|[silent]\n|upkeep\n|turn|23\n|\n|t:|1700453557\n|switch|p2a: Alomomola|Alomomola, F|92\/100\n|move|p1a: Ferrothorn|Protect||[still]\n|-fail|p1a: Ferrothorn\n|\n|-heal|p1a: Ferrothorn|71\/100|[from] item: Leftovers\n|upkeep\n|turn|24\n|\n|t:|1700453567\n|move|p2a: Alomomola|Wish|p2a: Alomomola\n|move|p1a: Ferrothorn|Leech Seed|p2a: Alomomola\n|-start|p2a: Alomomola|move: Leech Seed\n|\n|-heal|p1a: Ferrothorn|77\/100|[from] item: Leftovers\n|-damage|p2a: Alomomola|80\/100|[from] Leech Seed|[of] p1a: Ferrothorn\n|-heal|p1a: Ferrothorn|94\/100|[silent]\n|upkeep\n|turn|25\n|\n|t:|1700453576\n|switch|p2a: Lopunny|Lopunny, F, shiny|88\/100\n|move|p1a: Ferrothorn|Power Whip|p2a: Lopunny\n|-damage|p2a: Lopunny|29\/100\n|\n|-heal|p2a: Lopunny|100\/100|[from] move: Wish|[wisher] Alomomola\n|-heal|p1a: Ferrothorn|99\/100|[from] item: Leftovers\n|upkeep\n|turn|26\n|\n|t:|1700453586\n|switch|p1a: Moltres|Moltres|100\/100\n|detailschange|p2a: Lopunny|Lopunny-Mega, F, shiny\n|-mega|p2a: Lopunny|Lopunny|Lopunnite\n|move|p2a: Lopunny|Close Combat|p1a: Moltres\n|-resisted|p1a: Moltres\n|-damage|p1a: Moltres|78\/100\n|-unboost|p2a: Lopunny|def|1\n|-unboost|p2a: Lopunny|spd|1\n|-status|p2a: Lopunny|brn|[from] ability: Flame Body|[of] p1a: Moltres\n|\n|-damage|p2a: Lopunny|95\/100 brn|[from] brn\n|upkeep\n|turn|27\n|\n|t:|1700453592\n|switch|p2a: Alomomola|Alomomola, F|100\/100\n|move|p1a: Moltres|Hidden Power|p2a: Alomomola\n|-supereffective|p2a: Alomomola\n|-damage|p2a: Alomomola|71\/100\n|\n|upkeep\n|turn|28\n|\n|t:|1700453602\n|switch|p1a: Ferrothorn|Ferrothorn, M|99\/100\n|move|p2a: Alomomola|Wish|p2a: Alomomola\n|\n|-heal|p1a: Ferrothorn|100\/100|[from] item: Leftovers\n|upkeep\n|turn|29\n|\n|t:|1700453608\n|switch|p2a: Hoopa|Hoopa-Unbound|4\/100\n|move|p1a: Ferrothorn|Stealth Rock|p2a: Hoopa\n|-sidestart|p2: Richie2016|move: Stealth Rock\n|\n|-heal|p2a: Hoopa|82\/100|[from] move: Wish|[wisher] Alomomola\n|upkeep\n|turn|30\n|\n|t:|1700453617\n|move|p2a: Hoopa|Drain Punch|p1a: Ferrothorn\n|-supereffective|p1a: Ferrothorn\n|-damage|p1a: Ferrothorn|45\/100\n|-heal|p2a: Hoopa|100\/100|[from] drain|[of] p1a: Ferrothorn\n|-damage|p2a: Hoopa|88\/100|[from] ability: Iron Barbs|[of] p1a: Ferrothorn\n|move|p1a: Ferrothorn|Power Whip|p2a: Hoopa|[miss]\n|-miss|p1a: Ferrothorn|p2a: Hoopa\n|\n|-heal|p1a: Ferrothorn|52\/100|[from] item: Leftovers\n|upkeep\n|turn|31\n|\n|t:|1700453633\n|switch|p2a: Alomomola|Alomomola, F|100\/100\n|switch|p1a: Slowking|Slowking-Galar, F|100\/100\n|\n|upkeep\n|turn|32\n|\n|t:|1700453650\n|move|p2a: Alomomola|Wish|p2a: Alomomola\n|move|p1a: Slowking|Shadow Ball|p2a: Alomomola\n|-damage|p2a: Alomomola|82\/100\n|\n|upkeep\n|turn|33\n|\n|t:|1700453665\n|switch|p1a: Ferrothorn|Ferrothorn, M|52\/100\n|move|p2a: Alomomola|Flip Turn|p1a: Ferrothorn\n|-resisted|p1a: Ferrothorn\n|-damage|p1a: Ferrothorn|47\/100\n|-damage|p2a: Alomomola|70\/100|[from] ability: Iron Barbs|[of] p1a: Ferrothorn\n|\n|t:|1700453672\n|switch|p2a: Hoopa|Hoopa-Unbound|88\/100|[from] Flip Turn\n|-damage|p2a: Hoopa|76\/100|[from] Stealth Rock\n|\n|-heal|p2a: Hoopa|100\/100|[from] move: Wish|[wisher] Alomomola\n|-heal|p1a: Ferrothorn|53\/100|[from] item: Leftovers\n|upkeep\n|turn|34\n|\n|t:|1700453682\n|switch|p1a: Moltres|Moltres|78\/100\n|move|p2a: Hoopa|Hyperspace Fury|p1a: Moltres\n|-damage|p1a: Moltres|3\/100\n|-unboost|p2a: Hoopa|def|1\n|\n|upkeep\n|turn|35\n|\n|t:|1700453693\n|switch|p2a: Lopunny|Lopunny-Mega, F, shiny|95\/100 brn\n|-damage|p2a: Lopunny|89\/100 brn|[from] Stealth Rock\n|move|p1a: Moltres|Roost|p1a: Moltres\n|-heal|p1a: Moltres|53\/100\n|-singleturn|p1a: Moltres|move: Roost\n|\n|-damage|p2a: Lopunny|83\/100 brn|[from] brn\n|upkeep\n|turn|36\n|\n|t:|1700453700\n|move|p2a: Lopunny|Fake Out|p1a: Moltres\n|-damage|p1a: Moltres|46\/100\n|cant|p1a: Moltres|flinch\n|\n|-damage|p2a: Lopunny|77\/100 brn|[from] brn\n|upkeep\n|turn|37\n|\n|t:|1700453708\n|switch|p2a: Alomomola|Alomomola, F|100\/100\n|move|p1a: Moltres|Roost|p1a: Moltres\n|-heal|p1a: Moltres|96\/100\n|-singleturn|p1a: Moltres|move: Roost\n|\n|upkeep\n|turn|38\n|\n|t:|1700453723\n|switch|p1a: Banette|Banette, F|100\/100\n|move|p2a: Alomomola|Toxic|p1a: Banette\n|-status|p1a: Banette|tox\n|\n|-damage|p1a: Banette|95\/100 tox|[from] psn\n|upkeep\n|turn|39\n|\n|t:|1700453731\n|switch|p2a: Ferrothorn|Ferrothorn, F, shiny|100\/100\n|-damage|p2a: Ferrothorn|94\/100|[from] Stealth Rock\n|detailschange|p1a: Banette|Banette-Mega, F\n|-mega|p1a: Banette|Banette|Banettite\n|move|p1a: Banette|Thunder Wave|p2a: Ferrothorn\n|-status|p2a: Ferrothorn|par\n|\n|-heal|p2a: Ferrothorn|100\/100 par|[from] item: Leftovers\n|-damage|p1a: Banette|83\/100 tox|[from] psn\n|upkeep\n|turn|40\n|\n|t:|1700453743\n|switch|p1a: Moltres|Moltres|96\/100\n|move|p2a: Ferrothorn|Leech Seed|p1a: Moltres\n|-start|p1a: Moltres|move: Leech Seed\n|\n|-damage|p1a: Moltres|83\/100|[from] Leech Seed|[of] p2a: Ferrothorn\n|upkeep\n|turn|41\n|\n|t:|1700453766\n|switch|p2a: Alomomola|Alomomola, F|100\/100\n|move|p1a: Moltres|Roost|p1a: Moltres\n|-heal|p1a: Moltres|100\/100\n|-singleturn|p1a: Moltres|move: Roost\n|\n|-damage|p1a: Moltres|88\/100|[from] Leech Seed|[of] p2a: Alomomola\n|upkeep\n|turn|42\n|\n|t:|1700453776\n|switch|p1a: Ferrothorn|Ferrothorn, M|53\/100\n|move|p2a: Alomomola|Wish|p2a: Alomomola\n|\n|-heal|p1a: Ferrothorn|59\/100|[from] item: Leftovers\n|upkeep\n|turn|43\n|\n|t:|1700453797\n|switch|p2a: Hoopa|Hoopa-Unbound|100\/100\n|-damage|p2a: Hoopa|88\/100|[from] Stealth Rock\n|move|p1a: Ferrothorn|Power Whip|p2a: Hoopa\n|-damage|p2a: Hoopa|20\/100\n|\n|-heal|p2a: Hoopa|99\/100|[from] move: Wish|[wisher] Alomomola\n|-heal|p1a: Ferrothorn|65\/100|[from] item: Leftovers\n|upkeep\n|turn|44\n|\n|t:|1700453808\n|-terastallize|p2a: Hoopa|Dark\n|move|p2a: Hoopa|Hyperspace Fury|p1a: Ferrothorn\n|-damage|p1a: Ferrothorn|0 fnt\n|-unboost|p2a: Hoopa|def|1\n|faint|p1a: Ferrothorn\n|\n|upkeep\n|inactive|zhiyue has 120 seconds left.\n|\n|t:|1700453819\n|switch|p1a: Urshifu|Urshifu-Rapid-Strike, M|76\/100 brn\n|turn|45\n|\n|t:|1700453824\n|switch|p2a: Alomomola|Alomomola, F|100\/100\n|-terastallize|p1a: Urshifu|Water\n|move|p1a: Urshifu|Surging Strikes|p2a: Alomomola\n|-resisted|p2a: Alomomola\n|-crit|p2a: Alomomola\n|-damage|p2a: Alomomola|95\/100\n|-resisted|p2a: Alomomola\n|-crit|p2a: Alomomola\n|-damage|p2a: Alomomola|89\/100\n|-resisted|p2a: Alomomola\n|-crit|p2a: Alomomola\n|-damage|p2a: Alomomola|84\/100\n|-hitcount|p2a: Alomomola|3\n|\n|-damage|p1a: Urshifu|70\/100 brn|[from] brn\n|upkeep\n|turn|46\n|-message|zhiyue forfeited.\n|\n|win|Richie2016\n|raw|zhiyue's rating: 1317 &rarr; <strong>1297<\/strong><br \/>(-20 for losing)\n|raw|Richie2016's rating: 1317 &rarr; <strong>1337<\/strong><br \/>(+20 for winning)\n|l|\u2606zhiyue\n","uploadtime":1700453836,"views":4,"p1id":"zhiyue","p2id":"richie2016","formatid":"gen9nationaldex","rating":1297,"private":0,"password":""}