{"id":"gen9nationaldex-1997833205","p1":"David07xd","p2":"elPyro","format":"[Gen 9] National Dex","log":"|html|<div class=\"broadcast-blue\"><strong>[Gen 9] National Dex is currently suspecting Sneasler! For information on how to participate check out the <a href=\"https:\/\/www.smogon.com\/forums\/threads\/sv-national-dex-suspect-8-just-dance.3731534\/\">suspect thread<\/a>.<\/strong><\/div>\n|j|\u2606David07xd\n|j|\u2606elPyro\n|t:|1700857648\n|gametype|singles\n|player|p1|David07xd|265|\n|player|p2|elPyro|ingo|\n|teamsize|p1|6\n|teamsize|p2|6\n|gen|9\n|tier|[Gen 9] National Dex\n|rule|HP Percentage Mod: HP is shown in percentages\n|rule|Endless Battle Clause: Forcing endless battles is banned\n|rule|OHKO Clause: OHKO moves are banned\n|rule|Evasion Clause: Evasion abilities, items, and moves are banned\n|rule|Evasion Abilities Clause: Evasion abilities are banned\n|rule|Evasion Items Clause: Evasion items are banned\n|rule|Evasion Moves Clause: Evasion moves are banned\n|rule|Species Clause: Limit one of each Pok\u00e9mon\n|rule|Sleep Clause Mod: Limit one foe put to sleep\n|clearpoke\n|poke|p1|Landorus-Therian, M|\n|poke|p1|Gyarados, M|\n|poke|p1|Volcarona, M|\n|poke|p1|Hatterene, F|\n|poke|p1|Ferrothorn, F|\n|poke|p1|Rotom-Wash|\n|poke|p2|Mawile, F|\n|poke|p2|Rillaboom, M|\n|poke|p2|Heatran, M|\n|poke|p2|Zapdos|\n|poke|p2|Hatterene, F|\n|poke|p2|Kartana|\n|teampreview\n|\n|t:|1700857663\n|start\n|switch|p1a: Gyarados|Gyarados, M|100\/100\n|switch|p2a: Hatterene|Hatterene, F|100\/100\n|-ability|p1a: Gyarados|Intimidate|boost\n|-unboost|p2a: Hatterene|atk|1\n|turn|1\n|\n|t:|1700857680\n|switch|p1a: Hatterene|Hatterene, F|100\/100\n|move|p2a: Hatterene|Draining Kiss|p1a: Hatterene\n|-damage|p1a: Hatterene|78\/100\n|\n|-heal|p1a: Hatterene|84\/100|[from] item: Leftovers\n|upkeep\n|turn|2\n|\n|t:|1700857698\n|switch|p2a: Zapdos|Zapdos|100\/100\n|move|p1a: Hatterene|Calm Mind|p1a: Hatterene\n|-boost|p1a: Hatterene|spa|1\n|-boost|p1a: Hatterene|spd|1\n|\n|-heal|p1a: Hatterene|90\/100|[from] item: Leftovers\n|upkeep\n|turn|3\n|\n|t:|1700857710\n|move|p2a: Zapdos|Volt Switch|p1a: Hatterene\n|-damage|p1a: Hatterene|71\/100\n|\n|t:|1700857713\n|switch|p2a: Mawile|Mawile, F|100\/100|[from] Volt Switch\n|-ability|p2a: Mawile|Intimidate|boost\n|-unboost|p1a: Hatterene|atk|1\n|move|p1a: Hatterene|Psyshock|p2a: Mawile\n|-resisted|p2a: Mawile\n|-damage|p2a: Mawile|46\/100\n|\n|-heal|p1a: Hatterene|77\/100|[from] item: Leftovers\n|upkeep\n|turn|4\n|\n|t:|1700857724\n|detailschange|p2a: Mawile|Mawile-Mega, F\n|-mega|p2a: Mawile|Mawile|Mawilite\n|move|p2a: Mawile|Knock Off|p1a: Hatterene\n|-damage|p1a: Hatterene|9\/100\n|-enditem|p1a: Hatterene|Leftovers|[from] move: Knock Off|[of] p2a: Mawile\n|move|p1a: Hatterene|Mystical Fire|p2a: Mawile\n|-supereffective|p2a: Mawile\n|-damage|p2a: Mawile|0 fnt\n|faint|p2a: Mawile\n|\n|upkeep\n|\n|t:|1700857741\n|switch|p2a: Kartana|Kartana|100\/100\n|turn|5\n|\n|t:|1700857748\n|move|p2a: Kartana|Knock Off|p1a: Hatterene\n|-damage|p1a: Hatterene|0 fnt\n|faint|p1a: Hatterene\n|-ability|p2a: Kartana|Beast Boost|boost\n|-boost|p2a: Kartana|atk|1\n|\n|upkeep\n|\n|t:|1700857769\n|switch|p1a: Rotom|Rotom-Wash|100\/100\n|turn|6\n|\n|t:|1700857794\n|move|p2a: Kartana|Knock Off|p1a: Rotom\n|-damage|p1a: Rotom|15\/100\n|-enditem|p1a: Rotom|Leftovers|[from] move: Knock Off|[of] p2a: Kartana\n|move|p1a: Rotom|Volt Switch|p2a: Kartana\n|-resisted|p2a: Kartana\n|-damage|p2a: Kartana|51\/100\n|\n|t:|1700857802\n|switch|p1a: Volcarona|Volcarona, M|100\/100|[from] Volt Switch\n|\n|upkeep\n|turn|7\n|\n|t:|1700857808\n|move|p2a: Kartana|Knock Off|p1a: Volcarona\n|-damage|p1a: Volcarona|0 fnt\n|-enditem|p1a: Volcarona|Heavy-Duty Boots|[from] move: Knock Off|[of] p2a: Kartana\n|faint|p1a: Volcarona\n|-ability|p2a: Kartana|Beast Boost|boost\n|-boost|p2a: Kartana|atk|1\n|\n|upkeep\n|\n|t:|1700857814\n|switch|p1a: Gyarados|Gyarados, M|100\/100\n|-ability|p1a: Gyarados|Intimidate|boost\n|-unboost|p2a: Kartana|atk|1\n|turn|8\n|\n|t:|1700857821\n|switch|p2a: Zapdos|Zapdos|100\/100\n|detailschange|p1a: Gyarados|Gyarados-Mega, M\n|-mega|p1a: Gyarados|Gyarados|Gyaradosite\n|-ability|p1a: Gyarados|Mold Breaker\n|move|p1a: Gyarados|Waterfall|p2a: Zapdos\n|-damage|p2a: Zapdos|60\/100\n|-status|p1a: Gyarados|par|[from] ability: Static|[of] p2a: Zapdos\n|\n|upkeep\n|turn|9\n|\n|t:|1700857831\n|move|p2a: Zapdos|Roost|p2a: Zapdos\n|-heal|p2a: Zapdos|100\/100\n|-singleturn|p2a: Zapdos|move: Roost\n|move|p1a: Gyarados|Crunch|p2a: Zapdos\n|-damage|p2a: Zapdos|59\/100\n|\n|upkeep\n|turn|10\n|\n|t:|1700857840\n|switch|p1a: Landorus|Landorus-Therian, M|100\/100\n|-ability|p1a: Landorus|Intimidate|boost\n|-unboost|p2a: Zapdos|atk|1\n|move|p2a: Zapdos|Volt Switch|p1a: Landorus\n|-immune|p1a: Landorus\n|\n|upkeep\n|turn|11\n|\n|t:|1700857848\n|switch|p2a: Rillaboom|Rillaboom, M|100\/100\n|-fieldstart|move: Grassy Terrain|[from] ability: Grassy Surge|[of] p2a: Rillaboom\n|move|p1a: Landorus|Toxic|p2a: Rillaboom\n|-status|p2a: Rillaboom|tox\n|\n|-damage|p2a: Rillaboom|94\/100 tox|[from] psn\n|upkeep\n|turn|12\n|\n|t:|1700857861\n|switch|p1a: Rotom|Rotom-Wash|15\/100\n|move|p2a: Rillaboom|Swords Dance|p2a: Rillaboom\n|-boost|p2a: Rillaboom|atk|2\n|\n|-heal|p2a: Rillaboom|100\/100 tox|[from] Grassy Terrain\n|-damage|p2a: Rillaboom|88\/100 tox|[from] psn\n|upkeep\n|turn|13\n|\n|t:|1700857871\n|move|p2a: Rillaboom|Grassy Glide|p1a: Rotom\n|-supereffective|p1a: Rotom\n|-damage|p1a: Rotom|0 fnt\n|faint|p1a: Rotom\n|-damage|p2a: Rillaboom|78\/100 tox|[from] item: Life Orb\n|\n|-heal|p2a: Rillaboom|84\/100 tox|[from] Grassy Terrain\n|-damage|p2a: Rillaboom|66\/100 tox|[from] psn\n|upkeep\n|\n|t:|1700857882\n|switch|p1a: Ferrothorn|Ferrothorn, F|100\/100\n|turn|14\n|\n|t:|1700857887\n|move|p2a: Rillaboom|Superpower|p1a: Ferrothorn\n|-supereffective|p1a: Ferrothorn\n|-damage|p1a: Ferrothorn|0 fnt\n|-unboost|p2a: Rillaboom|atk|1\n|-unboost|p2a: Rillaboom|def|1\n|-damage|p2a: Rillaboom|53\/100 tox|[from] ability: Iron Barbs|[of] p1a: Ferrothorn\n|-damage|p2a: Rillaboom|37\/100 tox|[from] item: Rocky Helmet|[of] p1a: Ferrothorn\n|faint|p1a: Ferrothorn\n|-damage|p2a: Rillaboom|27\/100 tox|[from] item: Life Orb\n|\n|-heal|p2a: Rillaboom|33\/100 tox|[from] Grassy Terrain\n|-damage|p2a: Rillaboom|8\/100 tox|[from] psn\n|upkeep\n|\n|t:|1700857901\n|switch|p1a: Gyarados|Gyarados-Mega, M|100\/100 par\n|-ability|p1a: Gyarados|Mold Breaker\n|turn|15\n|\n|t:|1700857919\n|move|p2a: Rillaboom|Grassy Glide|p1a: Gyarados\n|-supereffective|p1a: Gyarados\n|-damage|p1a: Gyarados|0 fnt\n|faint|p1a: Gyarados\n|-damage|p2a: Rillaboom|0 fnt|[from] item: Life Orb\n|faint|p2a: Rillaboom\n|\n|-fieldend|move: Grassy Terrain\n|upkeep\n|\n|t:|1700857929\n|switch|p1a: Landorus|Landorus-Therian, M|100\/100\n|switch|p2a: Kartana|Kartana|51\/100\n|-ability|p1a: Landorus|Intimidate|boost\n|-unboost|p2a: Kartana|atk|1\n|turn|16\n|\n|t:|1700857938\n|switch|p2a: Hatterene|Hatterene, F|100\/100\n|move|p1a: Landorus|Stone Edge|p2a: Hatterene|[miss]\n|-miss|p1a: Landorus|p2a: Hatterene\n|\n|upkeep\n|turn|17\n|\n|t:|1700857949\n|move|p1a: Landorus|Earthquake|p2a: Hatterene\n|-damage|p2a: Hatterene|56\/100\n|move|p2a: Hatterene|Draining Kiss|p1a: Landorus\n|-damage|p1a: Landorus|70\/100\n|-heal|p2a: Hatterene|78\/100|[from] drain|[of] p1a: Landorus\n|\n|-heal|p1a: Landorus|76\/100|[from] item: Leftovers\n|upkeep\n|turn|18\n|\n|t:|1700857958\n|move|p1a: Landorus|Earthquake|p2a: Hatterene\n|-damage|p2a: Hatterene|34\/100\n|move|p2a: Hatterene|Calm Mind|p2a: Hatterene\n|-boost|p2a: Hatterene|spa|1\n|-boost|p2a: Hatterene|spd|1\n|\n|-heal|p1a: Landorus|82\/100|[from] item: Leftovers\n|upkeep\n|turn|19\n|\n|t:|1700857965\n|move|p1a: Landorus|Earthquake|p2a: Hatterene\n|-damage|p2a: Hatterene|0 fnt\n|faint|p2a: Hatterene\n|\n|-heal|p1a: Landorus|88\/100|[from] item: Leftovers\n|upkeep\n|\n|t:|1700857973\n|switch|p2a: Heatran|Heatran, M|100\/100\n|turn|20\n|\n|t:|1700857982\n|-terastallize|p2a: Heatran|Grass\n|move|p1a: Landorus|Earthquake|p2a: Heatran\n|-resisted|p2a: Heatran\n|-damage|p2a: Heatran|78\/100\n|move|p2a: Heatran|Taunt|p1a: Landorus\n|-start|p1a: Landorus|move: Taunt\n|\n|-heal|p1a: Landorus|94\/100|[from] item: Leftovers\n|-heal|p2a: Heatran|85\/100|[from] item: Leftovers\n|upkeep\n|turn|21\n|\n|t:|1700857993\n|move|p1a: Landorus|Stone Edge|p2a: Heatran\n|-damage|p2a: Heatran|55\/100\n|move|p2a: Heatran|Magma Storm|p1a: Landorus\n|-damage|p1a: Landorus|38\/100\n|-activate|p1a: Landorus|move: Magma Storm|[of] p2a: Heatran\n|\n|-heal|p1a: Landorus|44\/100|[from] item: Leftovers\n|-heal|p2a: Heatran|61\/100|[from] item: Leftovers\n|-damage|p1a: Landorus|32\/100|[from] move: Magma Storm|[partiallytrapped]\n|upkeep\n|turn|22\n|\n|t:|1700858003\n|move|p1a: Landorus|Earthquake|p2a: Heatran\n|-resisted|p2a: Heatran\n|-damage|p2a: Heatran|39\/100\n|move|p2a: Heatran|Magma Storm|p1a: Landorus\n|-damage|p1a: Landorus|0 fnt\n|faint|p1a: Landorus\n|\n|win|elPyro\n","uploadtime":1700858012,"views":25,"p1id":"david07xd","p2id":"elpyro","formatid":"gen9nationaldex","rating":0,"private":0,"password":""}