{"id":"gen9nationaldex-1989508503","p1":"Areasonablesquid","p2":"gock glocker","format":"[Gen 9] National Dex","log":"|j|\u2606Areasonablesquid\n|j|\u2606gock glocker\n|t:|1699862734\n|gametype|singles\n|player|p1|Areasonablesquid|plasmagruntf-gen5bw|1331\n|player|p2|gock glocker|acerola-masters|1486\n|teamsize|p1|6\n|teamsize|p2|6\n|gen|9\n|tier|[Gen 9] National Dex\n|rated|\n|rule|HP Percentage Mod: HP is shown in percentages\n|rule|Endless Battle Clause: Forcing endless battles is banned\n|rule|OHKO Clause: OHKO moves are banned\n|rule|Evasion Clause: Evasion abilities, items, and moves are banned\n|rule|Evasion Abilities Clause: Evasion abilities are banned\n|rule|Evasion Items Clause: Evasion items are banned\n|rule|Evasion Moves Clause: Evasion moves are banned\n|rule|Species Clause: Limit one of each Pok\u00e9mon\n|rule|Sleep Clause Mod: Limit one foe put to sleep\n|clearpoke\n|poke|p1|Gliscor, F|\n|poke|p1|Zamazenta-*|\n|poke|p1|Heatran, M|\n|poke|p1|Toxapex, F|\n|poke|p1|Ferrothorn, F|\n|poke|p1|Lopunny, F|\n|poke|p2|Heracross, F|\n|poke|p2|Ribombee, F|\n|poke|p2|Tapu Lele|\n|poke|p2|Blaziken, F|\n|poke|p2|Serperior, M|\n|poke|p2|Blacephalon|\n|teampreview\n|inactive|Battle timer is ON: inactive players will automatically lose when time's up. (requested by gock glocker)\n|\n|t:|1699862750\n|start\n|switch|p1a: chandelier|Ferrothorn, F|100\/100\n|switch|p2a: Ribombee|Ribombee, F|100\/100\n|turn|1\n|\n|t:|1699862753\n|move|p2a: Ribombee|Sticky Web|p1a: chandelier\n|-sidestart|p1: Areasonablesquid|move: Sticky Web\n|move|p1a: chandelier|Stealth Rock|p2a: Ribombee\n|-sidestart|p2: gock glocker|move: Stealth Rock\n|\n|upkeep\n|turn|2\n|\n|t:|1699862756\n|move|p2a: Ribombee|U-turn|p1a: chandelier\n|-damage|p1a: chandelier|92\/100\n|-damage|p2a: Ribombee|88\/100|[from] ability: Iron Barbs|[of] p1a: chandelier\n|\n|t:|1699862764\n|switch|p2a: Blaziken|Blaziken, F|100\/100|[from] U-turn\n|-damage|p2a: Blaziken|88\/100|[from] Stealth Rock\n|move|p1a: chandelier|Spikes|p2a: Blaziken\n|-sidestart|p2: gock glocker|Spikes\n|\n|-heal|p1a: chandelier|98\/100|[from] item: Leftovers\n|upkeep\n|turn|3\n|\n|t:|1699862769\n|move|p2a: Blaziken|Swords Dance|p2a: Blaziken\n|-boost|p2a: Blaziken|atk|2\n|move|p1a: chandelier|Leech Seed|p2a: Blaziken\n|-start|p2a: Blaziken|move: Leech Seed\n|\n|-heal|p1a: chandelier|100\/100|[from] item: Leftovers\n|-damage|p2a: Blaziken|76\/100|[from] Leech Seed|[of] p1a: chandelier\n|-ability|p2a: Blaziken|Speed Boost|boost\n|-boost|p2a: Blaziken|spe|1\n|upkeep\n|turn|4\n|\n|t:|1699862776\n|switch|p1a: rat bastard|Toxapex, F|100\/100\n|-activate|p1a: rat bastard|move: Sticky Web\n|-unboost|p1a: rat bastard|spe|1\n|move|p2a: Blaziken|Swords Dance|p2a: Blaziken\n|-boost|p2a: Blaziken|atk|2\n|\n|-damage|p2a: Blaziken|64\/100|[from] Leech Seed|[of] p1a: rat bastard\n|-ability|p2a: Blaziken|Speed Boost|boost\n|-boost|p2a: Blaziken|spe|1\n|upkeep\n|turn|5\n|\n|t:|1699862784\n|-zpower|p2a: Blaziken\n|move|p2a: Blaziken|Inferno Overdrive|p1a: rat bastard|[zeffect]\n|-resisted|p1a: rat bastard\n|-damage|p1a: rat bastard|0 fnt\n|faint|p1a: rat bastard\n|\n|-ability|p2a: Blaziken|Speed Boost|boost\n|-boost|p2a: Blaziken|spe|1\n|upkeep\n|\n|t:|1699862790\n|switch|p1a: jackrabbit|Lopunny, F|100\/100\n|-activate|p1a: jackrabbit|move: Sticky Web\n|-unboost|p1a: jackrabbit|spe|1\n|turn|6\n|c|\u2606gock glocker|oh na\n|\n|t:|1699862795\n|detailschange|p1a: jackrabbit|Lopunny-Mega, F\n|-mega|p1a: jackrabbit|Lopunny|Lopunnite\n|move|p2a: Blaziken|Protect|p2a: Blaziken\n|-singleturn|p2a: Blaziken|Protect\n|move|p1a: jackrabbit|Fake Out|p2a: Blaziken\n|-activate|p2a: Blaziken|move: Protect\n|\n|-damage|p2a: Blaziken|51\/100|[from] Leech Seed|[of] p1a: jackrabbit\n|-ability|p2a: Blaziken|Speed Boost|boost\n|-boost|p2a: Blaziken|spe|1\n|upkeep\n|turn|7\n|\n|t:|1699862799\n|move|p1a: jackrabbit|Quick Attack|p2a: Blaziken\n|-damage|p2a: Blaziken|16\/100\n|move|p2a: Blaziken|Close Combat|p1a: jackrabbit\n|-supereffective|p1a: jackrabbit\n|-damage|p1a: jackrabbit|0 fnt\n|-unboost|p2a: Blaziken|def|1\n|-unboost|p2a: Blaziken|spd|1\n|faint|p1a: jackrabbit\n|\n|-ability|p2a: Blaziken|Speed Boost|boost\n|-boost|p2a: Blaziken|spe|1\n|upkeep\n|-message|Areasonablesquid forfeited.\n|\n|win|gock glocker\n|raw|Areasonablesquid's rating: 1331 &rarr; <strong>1319<\/strong><br \/>(-12 for losing)\n|raw|gock glocker's rating: 1486 &rarr; <strong>1498<\/strong><br \/>(+12 for winning)\n|l|\u2606Areasonablesquid\n","uploadtime":1699862809,"views":4,"p1id":"areasonablesquid","p2id":"gockglocker","formatid":"gen9nationaldex","rating":1319,"private":0,"password":""}