{"id":"gen9nationaldex-1996769460","p1":"Inteletom","p2":"zhishixuebao279","format":"[Gen 9] National Dex","log":"|html|<div class=\"broadcast-blue\"><strong>[Gen 9] National Dex is currently suspecting Sneasler! For information on how to participate check out the <a href=\"https:\/\/www.smogon.com\/forums\/threads\/sv-national-dex-suspect-8-just-dance.3731534\/\">suspect thread<\/a>.<\/strong><\/div>\n|j|\u2606Inteletom\n|j|\u2606zhishixuebao279\n|t:|1700722219\n|gametype|singles\n|player|p1|Inteletom|biker-gen4|1079\n|player|p2|zhishixuebao279|169|1038\n|teamsize|p1|6\n|teamsize|p2|6\n|gen|9\n|tier|[Gen 9] National Dex\n|rated|\n|rule|HP Percentage Mod: HP is shown in percentages\n|rule|Endless Battle Clause: Forcing endless battles is banned\n|rule|OHKO Clause: OHKO moves are banned\n|rule|Evasion Clause: Evasion abilities, items, and moves are banned\n|rule|Evasion Abilities Clause: Evasion abilities are banned\n|rule|Evasion Items Clause: Evasion items are banned\n|rule|Evasion Moves Clause: Evasion moves are banned\n|rule|Species Clause: Limit one of each Pok\u00e9mon\n|rule|Sleep Clause Mod: Limit one foe put to sleep\n|clearpoke\n|poke|p1|Greninja-*, M|\n|poke|p1|Scizor, M|\n|poke|p1|Hydreigon, F|\n|poke|p1|Hawlucha, M|\n|poke|p1|Umbreon, F|\n|poke|p1|Centiskorch, M|\n|poke|p2|Toxapex, F|\n|poke|p2|Mawile, F|\n|poke|p2|Cresselia, F|\n|poke|p2|Aegislash, M|\n|poke|p2|Chandelure, F|\n|poke|p2|Misdreavus, F|\n|teampreview\n|inactive|Battle timer is ON: inactive players will automatically lose when time's up. (requested by zhishixuebao279)\n|\n|t:|1700722233\n|start\n|switch|p1a: Hydreigon|Hydreigon, F|100\/100\n|switch|p2a: \u53cc\u9a6c\u5c3e\u7f8e\u5c11\u5973|Mawile, F|100\/100\n|-ability|p2a: \u53cc\u9a6c\u5c3e\u7f8e\u5c11\u5973|Intimidate|boost\n|-unboost|p1a: Hydreigon|atk|1\n|turn|1\n|\n|t:|1700722240\n|switch|p1a: Centiskorch|Centiskorch, M|100\/100\n|detailschange|p2a: \u53cc\u9a6c\u5c3e\u7f8e\u5c11\u5973|Mawile-Mega, F\n|-mega|p2a: \u53cc\u9a6c\u5c3e\u7f8e\u5c11\u5973|Mawile|Mawilite\n|move|p2a: \u53cc\u9a6c\u5c3e\u7f8e\u5c11\u5973|Swords Dance|p2a: \u53cc\u9a6c\u5c3e\u7f8e\u5c11\u5973\n|-boost|p2a: \u53cc\u9a6c\u5c3e\u7f8e\u5c11\u5973|atk|2\n|\n|upkeep\n|turn|2\n|\n|t:|1700722248\n|move|p1a: Centiskorch|Fire Lash|p2a: \u53cc\u9a6c\u5c3e\u7f8e\u5c11\u5973\n|-supereffective|p2a: \u53cc\u9a6c\u5c3e\u7f8e\u5c11\u5973\n|-damage|p2a: \u53cc\u9a6c\u5c3e\u7f8e\u5c11\u5973|39\/100\n|-unboost|p2a: \u53cc\u9a6c\u5c3e\u7f8e\u5c11\u5973|def|1\n|move|p2a: \u53cc\u9a6c\u5c3e\u7f8e\u5c11\u5973|Swords Dance|p2a: \u53cc\u9a6c\u5c3e\u7f8e\u5c11\u5973\n|-boost|p2a: \u53cc\u9a6c\u5c3e\u7f8e\u5c11\u5973|atk|2\n|\n|upkeep\n|turn|3\n|\n|t:|1700722256\n|move|p2a: \u53cc\u9a6c\u5c3e\u7f8e\u5c11\u5973|Sucker Punch|p1a: Centiskorch\n|-damage|p1a: Centiskorch|0 fnt\n|faint|p1a: Centiskorch\n|\n|upkeep\n|\n|t:|1700722261\n|switch|p1a: Greninja|Greninja, M|100\/100\n|turn|4\n|\n|t:|1700722269\n|switch|p2a: \u96cc\u5c0f\u9b3c\u841d\u8389|Toxapex, F|100\/100\n|move|p1a: Greninja|Water Shuriken|p2a: \u96cc\u5c0f\u9b3c\u841d\u8389\n|-resisted|p2a: \u96cc\u5c0f\u9b3c\u841d\u8389\n|-damage|p2a: \u96cc\u5c0f\u9b3c\u841d\u8389|99\/100\n|-resisted|p2a: \u96cc\u5c0f\u9b3c\u841d\u8389\n|-damage|p2a: \u96cc\u5c0f\u9b3c\u841d\u8389|97\/100\n|-resisted|p2a: \u96cc\u5c0f\u9b3c\u841d\u8389\n|-damage|p2a: \u96cc\u5c0f\u9b3c\u841d\u8389|95\/100\n|-resisted|p2a: \u96cc\u5c0f\u9b3c\u841d\u8389\n|-damage|p2a: \u96cc\u5c0f\u9b3c\u841d\u8389|93\/100\n|-hitcount|p2a: \u96cc\u5c0f\u9b3c\u841d\u8389|4\n|\n|-heal|p2a: \u96cc\u5c0f\u9b3c\u841d\u8389|99\/100|[from] item: Leftovers\n|upkeep\n|turn|5\n|\n|t:|1700722284\n|move|p1a: Greninja|Night Slash|p2a: \u96cc\u5c0f\u9b3c\u841d\u8389\n|-damage|p2a: \u96cc\u5c0f\u9b3c\u841d\u8389|77\/100\n|move|p2a: \u96cc\u5c0f\u9b3c\u841d\u8389|Toxic|p1a: Greninja\n|-status|p1a: Greninja|tox\n|\n|-heal|p2a: \u96cc\u5c0f\u9b3c\u841d\u8389|83\/100|[from] item: Leftovers\n|-damage|p1a: Greninja|95\/100 tox|[from] psn\n|upkeep\n|turn|6\n|\n|t:|1700722297\n|switch|p1a: Scizor|Scizor, M|100\/100\n|move|p2a: \u96cc\u5c0f\u9b3c\u841d\u8389|Baneful Bunker||[still]\n|-fail|p2a: \u96cc\u5c0f\u9b3c\u841d\u8389\n|\n|-heal|p2a: \u96cc\u5c0f\u9b3c\u841d\u8389|90\/100|[from] item: Leftovers\n|upkeep\n|turn|7\n|\n|t:|1700722305\n|detailschange|p1a: Scizor|Scizor-Mega, M\n|-mega|p1a: Scizor|Scizor|Scizorite\n|move|p1a: Scizor|Bullet Punch|p2a: \u96cc\u5c0f\u9b3c\u841d\u8389\n|-resisted|p2a: \u96cc\u5c0f\u9b3c\u841d\u8389\n|-damage|p2a: \u96cc\u5c0f\u9b3c\u841d\u8389|74\/100\n|move|p2a: \u96cc\u5c0f\u9b3c\u841d\u8389|Haze|p2a: \u96cc\u5c0f\u9b3c\u841d\u8389\n|-clearallboost\n|\n|-heal|p2a: \u96cc\u5c0f\u9b3c\u841d\u8389|80\/100|[from] item: Leftovers\n|upkeep\n|turn|8\n|\n|t:|1700722315\n|move|p2a: \u96cc\u5c0f\u9b3c\u841d\u8389|Baneful Bunker|p2a: \u96cc\u5c0f\u9b3c\u841d\u8389\n|-singleturn|p2a: \u96cc\u5c0f\u9b3c\u841d\u8389|move: Protect\n|move|p1a: Scizor|Aerial Ace|p2a: \u96cc\u5c0f\u9b3c\u841d\u8389\n|-activate|p2a: \u96cc\u5c0f\u9b3c\u841d\u8389|move: Protect\n|\n|-heal|p2a: \u96cc\u5c0f\u9b3c\u841d\u8389|86\/100|[from] item: Leftovers\n|upkeep\n|turn|9\n|\n|t:|1700722325\n|switch|p2a: \u53ef\u653b\u53ef\u53d7\u5c0f\u7537\u5a18|Aegislash, M|100\/100\n|move|p1a: Scizor|Aerial Ace|p2a: \u53ef\u653b\u53ef\u53d7\u5c0f\u7537\u5a18\n|-resisted|p2a: \u53ef\u653b\u53ef\u53d7\u5c0f\u7537\u5a18\n|-damage|p2a: \u53ef\u653b\u53ef\u53d7\u5c0f\u7537\u5a18|89\/100\n|\n|-heal|p2a: \u53ef\u653b\u53ef\u53d7\u5c0f\u7537\u5a18|96\/100|[from] item: Leftovers\n|upkeep\n|turn|10\n|\n|t:|1700722333\n|switch|p1a: Hydreigon|Hydreigon, F|100\/100\n|move|p2a: \u53ef\u653b\u53ef\u53d7\u5c0f\u7537\u5a18|King's Shield||[still]\n|-fail|p2a: \u53ef\u653b\u53ef\u53d7\u5c0f\u7537\u5a18\n|\n|-heal|p2a: \u53ef\u653b\u53ef\u53d7\u5c0f\u7537\u5a18|100\/100|[from] item: Leftovers\n|upkeep\n|turn|11\n|\n|t:|1700722342\n|move|p2a: \u53ef\u653b\u53ef\u53d7\u5c0f\u7537\u5a18|King's Shield|p2a: \u53ef\u653b\u53ef\u53d7\u5c0f\u7537\u5a18\n|-singleturn|p2a: \u53ef\u653b\u53ef\u53d7\u5c0f\u7537\u5a18|Protect\n|move|p1a: Hydreigon|Dark Pulse|p2a: \u53ef\u653b\u53ef\u53d7\u5c0f\u7537\u5a18\n|-activate|p2a: \u53ef\u653b\u53ef\u53d7\u5c0f\u7537\u5a18|move: Protect\n|\n|upkeep\n|turn|12\n|\n|t:|1700722348\n|move|p1a: Hydreigon|Dark Pulse|p2a: \u53ef\u653b\u53ef\u53d7\u5c0f\u7537\u5a18\n|-supereffective|p2a: \u53ef\u653b\u53ef\u53d7\u5c0f\u7537\u5a18\n|-damage|p2a: \u53ef\u653b\u53ef\u53d7\u5c0f\u7537\u5a18|30\/100\n|move|p2a: \u53ef\u653b\u53ef\u53d7\u5c0f\u7537\u5a18|Substitute|p2a: \u53ef\u653b\u53ef\u53d7\u5c0f\u7537\u5a18\n|-start|p2a: \u53ef\u653b\u53ef\u53d7\u5c0f\u7537\u5a18|Substitute\n|-damage|p2a: \u53ef\u653b\u53ef\u53d7\u5c0f\u7537\u5a18|5\/100\n|\n|-heal|p2a: \u53ef\u653b\u53ef\u53d7\u5c0f\u7537\u5a18|11\/100|[from] item: Leftovers\n|upkeep\n|turn|13\n|\n|t:|1700722355\n|move|p2a: \u53ef\u653b\u53ef\u53d7\u5c0f\u7537\u5a18|King's Shield|p2a: \u53ef\u653b\u53ef\u53d7\u5c0f\u7537\u5a18\n|-singleturn|p2a: \u53ef\u653b\u53ef\u53d7\u5c0f\u7537\u5a18|Protect\n|move|p1a: Hydreigon|Dark Pulse|p2a: \u53ef\u653b\u53ef\u53d7\u5c0f\u7537\u5a18\n|-activate|p2a: \u53ef\u653b\u53ef\u53d7\u5c0f\u7537\u5a18|move: Protect\n|\n|-heal|p2a: \u53ef\u653b\u53ef\u53d7\u5c0f\u7537\u5a18|17\/100|[from] item: Leftovers\n|upkeep\n|turn|14\n|\n|t:|1700722363\n|move|p1a: Hydreigon|Dark Pulse|p2a: \u53ef\u653b\u53ef\u53d7\u5c0f\u7537\u5a18\n|-supereffective|p2a: \u53ef\u653b\u53ef\u53d7\u5c0f\u7537\u5a18\n|-end|p2a: \u53ef\u653b\u53ef\u53d7\u5c0f\u7537\u5a18|Substitute\n|-formechange|p2a: \u53ef\u653b\u53ef\u53d7\u5c0f\u7537\u5a18|Aegislash-Blade||[from] ability: Stance Change\n|move|p2a: \u53ef\u653b\u53ef\u53d7\u5c0f\u7537\u5a18|Sacred Sword|p1a: Hydreigon\n|-supereffective|p1a: Hydreigon\n|-damage|p1a: Hydreigon|50\/100\n|\n|-heal|p2a: \u53ef\u653b\u53ef\u53d7\u5c0f\u7537\u5a18|23\/100|[from] item: Leftovers\n|upkeep\n|turn|15\n|\n|t:|1700722373\n|-formechange|p2a: \u53ef\u653b\u53ef\u53d7\u5c0f\u7537\u5a18|Aegislash||[from] ability: Stance Change\n|move|p2a: \u53ef\u653b\u53ef\u53d7\u5c0f\u7537\u5a18|King's Shield|p2a: \u53ef\u653b\u53ef\u53d7\u5c0f\u7537\u5a18\n|-singleturn|p2a: \u53ef\u653b\u53ef\u53d7\u5c0f\u7537\u5a18|Protect\n|move|p1a: Hydreigon|Roost|p1a: Hydreigon\n|-heal|p1a: Hydreigon|100\/100\n|-singleturn|p1a: Hydreigon|move: Roost\n|\n|-heal|p2a: \u53ef\u653b\u53ef\u53d7\u5c0f\u7537\u5a18|29\/100|[from] item: Leftovers\n|upkeep\n|turn|16\n|\n|t:|1700722389\n|switch|p2a: \u9ad8\u8d35\u4f18\u96c5\u5927\u5c0f\u59d0|Chandelure, F|100\/100\n|move|p1a: Hydreigon|Dark Pulse|p2a: \u9ad8\u8d35\u4f18\u96c5\u5927\u5c0f\u59d0\n|-supereffective|p2a: \u9ad8\u8d35\u4f18\u96c5\u5927\u5c0f\u59d0\n|-damage|p2a: \u9ad8\u8d35\u4f18\u96c5\u5927\u5c0f\u59d0|0 fnt\n|faint|p2a: \u9ad8\u8d35\u4f18\u96c5\u5927\u5c0f\u59d0\n|\n|upkeep\n|\n|t:|1700722394\n|switch|p2a: \u96cc\u5c0f\u9b3c\u841d\u8389|Toxapex, F|100\/100\n|turn|17\n|\n|t:|1700722400\n|switch|p2a: \u90bb\u5bb6\u6e29\u67d4\u5927\u59d0\u59d0|Cresselia, F|100\/100\n|-zpower|p1a: Hydreigon\n|move|p1a: Hydreigon|Devastating Drake|p2a: \u90bb\u5bb6\u6e29\u67d4\u5927\u59d0\u59d0|[zeffect]\n|-damage|p2a: \u90bb\u5bb6\u6e29\u67d4\u5927\u59d0\u59d0|41\/100\n|\n|upkeep\n|turn|18\n|\n|t:|1700722411\n|switch|p2a: \u96cc\u5c0f\u9b3c\u841d\u8389|Toxapex, F|100\/100\n|move|p1a: Hydreigon|Dark Pulse|p2a: \u96cc\u5c0f\u9b3c\u841d\u8389\n|-damage|p2a: \u96cc\u5c0f\u9b3c\u841d\u8389|73\/100\n|\n|-heal|p2a: \u96cc\u5c0f\u9b3c\u841d\u8389|79\/100|[from] item: Leftovers\n|upkeep\n|turn|19\n|\n|t:|1700722418\n|move|p1a: Hydreigon|Dragon Pulse|p2a: \u96cc\u5c0f\u9b3c\u841d\u8389\n|-crit|p2a: \u96cc\u5c0f\u9b3c\u841d\u8389\n|-damage|p2a: \u96cc\u5c0f\u9b3c\u841d\u8389|34\/100\n|move|p2a: \u96cc\u5c0f\u9b3c\u841d\u8389|Toxic|p1a: Hydreigon\n|-status|p1a: Hydreigon|tox\n|\n|-heal|p2a: \u96cc\u5c0f\u9b3c\u841d\u8389|41\/100|[from] item: Leftovers\n|-damage|p1a: Hydreigon|94\/100 tox|[from] psn\n|upkeep\n|turn|20\n|\n|t:|1700722426\n|move|p2a: \u96cc\u5c0f\u9b3c\u841d\u8389|Baneful Bunker|p2a: \u96cc\u5c0f\u9b3c\u841d\u8389\n|-singleturn|p2a: \u96cc\u5c0f\u9b3c\u841d\u8389|move: Protect\n|move|p1a: Hydreigon|Roost|p1a: Hydreigon\n|-heal|p1a: Hydreigon|100\/100 tox\n|-singleturn|p1a: Hydreigon|move: Roost\n|\n|-heal|p2a: \u96cc\u5c0f\u9b3c\u841d\u8389|47\/100|[from] item: Leftovers\n|-damage|p1a: Hydreigon|88\/100 tox|[from] psn\n|upkeep\n|turn|21\n|\n|t:|1700722434\n|move|p1a: Hydreigon|Dark Pulse|p2a: \u96cc\u5c0f\u9b3c\u841d\u8389\n|-damage|p2a: \u96cc\u5c0f\u9b3c\u841d\u8389|17\/100\n|move|p2a: \u96cc\u5c0f\u9b3c\u841d\u8389|Recover|p2a: \u96cc\u5c0f\u9b3c\u841d\u8389\n|-heal|p2a: \u96cc\u5c0f\u9b3c\u841d\u8389|67\/100\n|\n|-heal|p2a: \u96cc\u5c0f\u9b3c\u841d\u8389|73\/100|[from] item: Leftovers\n|-damage|p1a: Hydreigon|70\/100 tox|[from] psn\n|upkeep\n|turn|22\n|\n|t:|1700722445\n|move|p1a: Hydreigon|Roost|p1a: Hydreigon\n|-heal|p1a: Hydreigon|100\/100 tox\n|-singleturn|p1a: Hydreigon|move: Roost\n|move|p2a: \u96cc\u5c0f\u9b3c\u841d\u8389|Toxic|p1a: Hydreigon\n|-fail|p1a: Hydreigon|tox\n|\n|-heal|p2a: \u96cc\u5c0f\u9b3c\u841d\u8389|79\/100|[from] item: Leftovers\n|-damage|p1a: Hydreigon|76\/100 tox|[from] psn\n|upkeep\n|turn|23\n|\n|t:|1700722452\n|move|p1a: Hydreigon|Roost|p1a: Hydreigon\n|-heal|p1a: Hydreigon|100\/100 tox\n|-singleturn|p1a: Hydreigon|move: Roost\n|move|p2a: \u96cc\u5c0f\u9b3c\u841d\u8389|Recover|p2a: \u96cc\u5c0f\u9b3c\u841d\u8389\n|-heal|p2a: \u96cc\u5c0f\u9b3c\u841d\u8389|100\/100\n|\n|-damage|p1a: Hydreigon|70\/100 tox|[from] psn\n|upkeep\n|turn|24\n|\n|t:|1700722460\n|move|p1a: Hydreigon|Dragon Pulse|p2a: \u96cc\u5c0f\u9b3c\u841d\u8389\n|-damage|p2a: \u96cc\u5c0f\u9b3c\u841d\u8389|73\/100\n|move|p2a: \u96cc\u5c0f\u9b3c\u841d\u8389|Haze|p2a: \u96cc\u5c0f\u9b3c\u841d\u8389\n|-clearallboost\n|\n|-heal|p2a: \u96cc\u5c0f\u9b3c\u841d\u8389|79\/100|[from] item: Leftovers\n|-damage|p1a: Hydreigon|32\/100 tox|[from] psn\n|upkeep\n|turn|25\n|-message|Inteletom forfeited.\n|\n|win|zhishixuebao279\n|raw|Inteletom's rating: 1079 &rarr; <strong>1055<\/strong><br \/>(-24 for losing)\n|raw|zhishixuebao279's rating: 1038 &rarr; <strong>1076<\/strong><br \/>(+38 for winning)\n|l|\u2606Inteletom\n","uploadtime":1700722472,"views":1,"p1id":"inteletom","p2id":"zhishixuebao279","formatid":"gen9nationaldex","rating":1055,"private":0,"password":""}