{"id":"gen9nationaldex-1990905142","p1":"Goha","p2":"FlyingSudowoodo","format":"[Gen 9] National Dex","log":"|j|\u2606Goha\n|j|\u2606FlyingSudowoodo\n|t:|1700013526\n|gametype|singles\n|player|p1|Goha|clerk|1459\n|player|p2|FlyingSudowoodo|cheren|1451\n|teamsize|p1|6\n|teamsize|p2|6\n|gen|9\n|tier|[Gen 9] National Dex\n|rated|\n|rule|HP Percentage Mod: HP is shown in percentages\n|rule|Endless Battle Clause: Forcing endless battles is banned\n|rule|OHKO Clause: OHKO moves are banned\n|rule|Evasion Clause: Evasion abilities, items, and moves are banned\n|rule|Evasion Abilities Clause: Evasion abilities are banned\n|rule|Evasion Items Clause: Evasion items are banned\n|rule|Evasion Moves Clause: Evasion moves are banned\n|rule|Species Clause: Limit one of each Pok\u00e9mon\n|rule|Sleep Clause Mod: Limit one foe put to sleep\n|clearpoke\n|poke|p1|Venusaur, M|\n|poke|p1|Pelipper, M|\n|poke|p1|Urshifu-*, F|\n|poke|p1|Volcarona, M|\n|poke|p1|Basculegion, M|\n|poke|p1|Kingdra, F|\n|poke|p2|Banette, F|\n|poke|p2|Alomomola, M|\n|poke|p2|Clodsire, F|\n|poke|p2|Glimmora, M|\n|poke|p2|Tapu Lele|\n|poke|p2|Hawlucha, M|\n|teampreview\n|inactive|Battle timer is ON: inactive players will automatically lose when time's up. (requested by Goha)\n|\n|t:|1700013539\n|start\n|switch|p1a: Pelipper|Pelipper, M|100\/100\n|switch|p2a: Clodsire|Clodsire, F|100\/100\n|-weather|RainDance|[from] ability: Drizzle|[of] p1a: Pelipper\n|turn|1\n|\n|t:|1700013545\n|switch|p1a: Venusaur|Venusaur, M|100\/100\n|move|p2a: Clodsire|Stealth Rock|p1a: Venusaur\n|-sidestart|p1: Goha|move: Stealth Rock\n|\n|-weather|RainDance|[upkeep]\n|upkeep\n|turn|2\n|\n|t:|1700013567\n|switch|p2a: Banette|Banette, F|100\/100\n|detailschange|p1a: Venusaur|Venusaur-Mega, M\n|-mega|p1a: Venusaur|Venusaur|Venusaurite\n|move|p1a: Venusaur|Leech Seed|p2a: Banette\n|-start|p2a: Banette|move: Leech Seed\n|\n|-weather|RainDance|[upkeep]\n|-damage|p2a: Banette|88\/100|[from] Leech Seed|[of] p1a: Venusaur\n|upkeep\n|turn|3\n|\n|t:|1700013576\n|detailschange|p2a: Banette|Banette-Mega, F\n|-mega|p2a: Banette|Banette|Banettite\n|move|p1a: Venusaur|Weather Ball|p2a: Banette\n|-damage|p2a: Banette|2\/100\n|move|p2a: Banette|Poltergeist|p1a: Venusaur|[miss]\n|-miss|p2a: Banette|p1a: Venusaur\n|\n|-weather|RainDance|[upkeep]\n|-damage|p2a: Banette|0 fnt|[from] Leech Seed|[of] p1a: Venusaur\n|faint|p2a: Banette\n|upkeep\n|\n|t:|1700013589\n|switch|p2a: Tapu Lele|Tapu Lele|100\/100\n|-fieldstart|move: Psychic Terrain|[from] ability: Psychic Surge|[of] p2a: Tapu Lele\n|turn|4\n|\n|t:|1700013597\n|-terastallize|p2a: Tapu Lele|Psychic\n|move|p2a: Tapu Lele|Psychic|p1a: Venusaur\n|-supereffective|p1a: Venusaur\n|-damage|p1a: Venusaur|0 fnt\n|faint|p1a: Venusaur\n|\n|-weather|RainDance|[upkeep]\n|upkeep\n|\n|t:|1700013600\n|switch|p1a: Basculegion|Basculegion, M|100\/100\n|-damage|p1a: Basculegion|88\/100|[from] Stealth Rock\n|turn|5\n|\n|t:|1700013610\n|switch|p2a: Alomomola|Alomomola, M|100\/100\n|move|p1a: Basculegion|Wave Crash|p2a: Alomomola\n|-resisted|p2a: Alomomola\n|-damage|p2a: Alomomola|62\/100\n|-damage|p1a: Basculegion|72\/100|[from] Recoil\n|\n|-weather|RainDance|[upkeep]\n|upkeep\n|turn|6\n|\n|t:|1700013618\n|switch|p1a: Kingdra|Kingdra, F|100\/100\n|-damage|p1a: Kingdra|88\/100|[from] Stealth Rock\n|move|p2a: Alomomola|Protect||[still]\n|-fail|p2a: Alomomola\n|\n|-weather|RainDance|[upkeep]\n|upkeep\n|turn|7\n|\n|t:|1700013624\n|move|p2a: Alomomola|Protect|p2a: Alomomola\n|-singleturn|p2a: Alomomola|Protect\n|move|p1a: Kingdra|Draco Meteor|p2a: Alomomola\n|-activate|p2a: Alomomola|move: Protect\n|\n|-weather|RainDance|[upkeep]\n|upkeep\n|turn|8\n|\n|t:|1700013631\n|switch|p2a: Tapu Lele|Tapu Lele, tera:Psychic|100\/100\n|move|p1a: Kingdra|Draco Meteor|p2a: Tapu Lele\n|-damage|p2a: Tapu Lele|42\/100\n|-unboost|p1a: Kingdra|spa|2\n|-damage|p1a: Kingdra|78\/100|[from] item: Life Orb\n|\n|-weather|none\n|-fieldend|move: Psychic Terrain\n|upkeep\n|turn|9\n|\n|t:|1700013640\n|switch|p1a: Pelipper|Pelipper, M|100\/100\n|-damage|p1a: Pelipper|76\/100|[from] Stealth Rock\n|-weather|RainDance|[from] ability: Drizzle|[of] p1a: Pelipper\n|move|p2a: Tapu Lele|Psychic|p1a: Pelipper\n|-damage|p1a: Pelipper|0 fnt\n|faint|p1a: Pelipper\n|\n|-weather|RainDance|[upkeep]\n|upkeep\n|\n|t:|1700013646\n|switch|p1a: Kingdra|Kingdra, F|78\/100\n|-damage|p1a: Kingdra|66\/100|[from] Stealth Rock\n|turn|10\n|\n|t:|1700013653\n|switch|p2a: Alomomola|Alomomola, M|95\/100\n|move|p1a: Kingdra|Waterfall|p2a: Alomomola\n|-resisted|p2a: Alomomola\n|-damage|p2a: Alomomola|75\/100\n|-damage|p1a: Kingdra|56\/100|[from] item: Life Orb\n|\n|-weather|RainDance|[upkeep]\n|upkeep\n|turn|11\n|\n|t:|1700013661\n|move|p1a: Kingdra|Draco Meteor|p2a: Alomomola\n|-damage|p2a: Alomomola|23\/100\n|-unboost|p1a: Kingdra|spa|2\n|-damage|p1a: Kingdra|46\/100|[from] item: Life Orb\n|move|p2a: Alomomola|Toxic|p1a: Kingdra|[miss]\n|-miss|p2a: Alomomola|p1a: Kingdra\n|\n|-weather|RainDance|[upkeep]\n|upkeep\n|turn|12\n|\n|t:|1700013669\n|move|p2a: Alomomola|Protect|p2a: Alomomola\n|-singleturn|p2a: Alomomola|Protect\n|move|p1a: Kingdra|Outrage|p2a: Alomomola\n|-activate|p2a: Alomomola|move: Protect\n|\n|-weather|RainDance|[upkeep]\n|upkeep\n|turn|13\n|\n|t:|1700013676\n|switch|p2a: Glimmora|Glimmora, M|100\/100\n|-item|p2a: Glimmora|Air Balloon\n|move|p1a: Kingdra|Outrage|p2a: Glimmora\n|-damage|p2a: Glimmora|10\/100\n|-activate|p2a: Glimmora|ability: Toxic Debris\n|-sidestart|p1: Goha|move: Toxic Spikes\n|-enditem|p2a: Glimmora|Air Balloon\n|-damage|p1a: Kingdra|36\/100|[from] item: Life Orb\n|\n|-weather|RainDance|[upkeep]\n|upkeep\n|turn|14\n|\n|t:|1700013687\n|move|p2a: Glimmora|Spiky Shield|p2a: Glimmora\n|-singleturn|p2a: Glimmora|move: Protect\n|move|p1a: Kingdra|Outrage|p2a: Glimmora|[from]lockedmove\n|-activate|p2a: Glimmora|move: Protect\n|-damage|p1a: Kingdra|24\/100|[from] Spiky Shield|[of] p2a: Glimmora\n|\n|-weather|RainDance|[upkeep]\n|upkeep\n|turn|15\n|\n|t:|1700013696\n|switch|p2a: Clodsire|Clodsire, F|100\/100\n|move|p1a: Kingdra|Waterfall|p2a: Clodsire\n|-supereffective|p2a: Clodsire\n|-damage|p2a: Clodsire|0 fnt\n|faint|p2a: Clodsire\n|-damage|p1a: Kingdra|14\/100|[from] item: Life Orb\n|\n|-weather|RainDance|[upkeep]\n|upkeep\n|\n|t:|1700013709\n|switch|p2a: Alomomola|Alomomola, M|56\/100\n|turn|16\n|\n|t:|1700013712\n|move|p2a: Alomomola|Protect|p2a: Alomomola\n|-singleturn|p2a: Alomomola|Protect\n|move|p1a: Kingdra|Outrage|p2a: Alomomola\n|-activate|p2a: Alomomola|move: Protect\n|\n|-weather|none\n|upkeep\n|turn|17\n|\n|t:|1700013718\n|switch|p2a: Glimmora|Glimmora, M|10\/100\n|move|p1a: Kingdra|Outrage|p2a: Glimmora\n|-damage|p2a: Glimmora|0 fnt\n|-activate|p2a: Glimmora|ability: Toxic Debris\n|-sidestart|p1: Goha|move: Toxic Spikes\n|faint|p2a: Glimmora\n|-damage|p1a: Kingdra|4\/100|[from] item: Life Orb\n|\n|upkeep\n|\n|t:|1700013727\n|switch|p2a: Tapu Lele|Tapu Lele, tera:Psychic|42\/100\n|-fieldstart|move: Psychic Terrain|[from] ability: Psychic Surge|[of] p2a: Tapu Lele\n|turn|18\n|\n|t:|1700013732\n|move|p2a: Tapu Lele|Psychic|p1a: Kingdra\n|-damage|p1a: Kingdra|0 fnt\n|faint|p1a: Kingdra\n|\n|upkeep\n|\n|t:|1700013735\n|switch|p1a: Urshifu|Urshifu-Rapid-Strike, F|100\/100\n|-damage|p1a: Urshifu|94\/100|[from] Stealth Rock\n|-status|p1a: Urshifu|tox\n|turn|19\n|\n|t:|1700013743\n|switch|p2a: Alomomola|Alomomola, M|89\/100\n|move|p1a: Urshifu|Surging Strikes|p2a: Alomomola\n|-resisted|p2a: Alomomola\n|-crit|p2a: Alomomola\n|-damage|p2a: Alomomola|84\/100\n|-resisted|p2a: Alomomola\n|-crit|p2a: Alomomola\n|-damage|p2a: Alomomola|78\/100\n|-resisted|p2a: Alomomola\n|-crit|p2a: Alomomola\n|-damage|p2a: Alomomola|72\/100\n|-hitcount|p2a: Alomomola|3\n|\n|-damage|p1a: Urshifu|88\/100 tox|[from] psn\n|upkeep\n|turn|20\n|\n|t:|1700013754\n|switch|p1a: Basculegion|Basculegion, M|72\/100\n|-damage|p1a: Basculegion|60\/100|[from] Stealth Rock\n|-status|p1a: Basculegion|tox\n|move|p2a: Alomomola|Wish|p2a: Alomomola\n|\n|-damage|p1a: Basculegion|54\/100 tox|[from] psn\n|upkeep\n|turn|21\n|\n|t:|1700013765\n|move|p1a: Basculegion|Head Smash|p2a: Alomomola\n|-damage|p2a: Alomomola|21\/100\n|-damage|p1a: Basculegion|23\/100 tox|[from] Recoil\n|move|p2a: Alomomola|Flip Turn|p1a: Basculegion\n|-resisted|p1a: Basculegion\n|-damage|p1a: Basculegion|12\/100 tox\n|\n|t:|1700013772\n|switch|p2a: Tapu Lele|Tapu Lele, tera:Psychic|42\/100|[from] Flip Turn\n|\n|-heal|p2a: Tapu Lele|100\/100|[from] move: Wish|[wisher] Alomomola\n|-damage|p1a: Basculegion|0 fnt|[from] psn\n|faint|p1a: Basculegion\n|upkeep\n|\n|t:|1700013775\n|switch|p1a: Urshifu|Urshifu-Rapid-Strike, F|88\/100 tox\n|-damage|p1a: Urshifu|82\/100 tox|[from] Stealth Rock\n|turn|22\n|\n|t:|1700013782\n|switch|p2a: Alomomola|Alomomola, M|55\/100\n|move|p1a: Urshifu|Surging Strikes|p2a: Alomomola\n|-resisted|p2a: Alomomola\n|-crit|p2a: Alomomola\n|-damage|p2a: Alomomola|48\/100\n|-resisted|p2a: Alomomola\n|-crit|p2a: Alomomola\n|-damage|p2a: Alomomola|42\/100\n|-resisted|p2a: Alomomola\n|-crit|p2a: Alomomola\n|-damage|p2a: Alomomola|35\/100\n|-hitcount|p2a: Alomomola|3\n|\n|-damage|p1a: Urshifu|76\/100 tox|[from] psn\n|-fieldend|move: Psychic Terrain\n|upkeep\n|turn|23\n|\n|t:|1700013793\n|move|p1a: Urshifu|Surging Strikes|p2a: Alomomola\n|-resisted|p2a: Alomomola\n|-crit|p2a: Alomomola\n|-damage|p2a: Alomomola|29\/100\n|-resisted|p2a: Alomomola\n|-crit|p2a: Alomomola\n|-damage|p2a: Alomomola|23\/100\n|-resisted|p2a: Alomomola\n|-crit|p2a: Alomomola\n|-damage|p2a: Alomomola|17\/100\n|-hitcount|p2a: Alomomola|3\n|move|p2a: Alomomola|Wish|p2a: Alomomola\n|\n|-damage|p1a: Urshifu|64\/100 tox|[from] psn\n|upkeep\n|turn|24\n|\n|t:|1700013810\n|switch|p2a: Tapu Lele|Tapu Lele, tera:Psychic|100\/100\n|-fieldstart|move: Psychic Terrain|[from] ability: Psychic Surge|[of] p2a: Tapu Lele\n|move|p1a: Urshifu|Surging Strikes|p2a: Tapu Lele\n|-crit|p2a: Tapu Lele\n|-damage|p2a: Tapu Lele|70\/100\n|-crit|p2a: Tapu Lele\n|-damage|p2a: Tapu Lele|39\/100\n|-crit|p2a: Tapu Lele\n|-damage|p2a: Tapu Lele|9\/100\n|-hitcount|p2a: Tapu Lele|3\n|\n|-heal|p2a: Tapu Lele|93\/100|[from] move: Wish|[wisher] Alomomola\n|-damage|p1a: Urshifu|45\/100 tox|[from] psn\n|upkeep\n|turn|25\n|\n|t:|1700013824\n|move|p1a: Urshifu|Surging Strikes|p2a: Tapu Lele\n|-crit|p2a: Tapu Lele\n|-damage|p2a: Tapu Lele|62\/100\n|-crit|p2a: Tapu Lele\n|-damage|p2a: Tapu Lele|32\/100\n|-crit|p2a: Tapu Lele\n|-damage|p2a: Tapu Lele|1\/100\n|-hitcount|p2a: Tapu Lele|3\n|move|p2a: Tapu Lele|Psychic|p1a: Urshifu\n|-supereffective|p1a: Urshifu\n|-damage|p1a: Urshifu|0 fnt\n|faint|p1a: Urshifu\n|\n|upkeep\n|\n|t:|1700013829\n|switch|p1a: Volcarona|Volcarona, M|100\/100\n|turn|26\n|\n|t:|1700013835\n|move|p2a: Tapu Lele|Psychic|p1a: Volcarona\n|-damage|p1a: Volcarona|22\/100\n|-unboost|p1a: Volcarona|spd|1\n|move|p1a: Volcarona|Quiver Dance|p1a: Volcarona\n|-boost|p1a: Volcarona|spa|1\n|-boost|p1a: Volcarona|spd|1\n|-boost|p1a: Volcarona|spe|1\n|\n|upkeep\n|turn|27\n|\n|t:|1700013843\n|move|p2a: Tapu Lele|Psychic|p1a: Volcarona\n|-damage|p1a: Volcarona|0 fnt\n|faint|p1a: Volcarona\n|\n|win|FlyingSudowoodo\n|raw|Goha's rating: 1459 &rarr; <strong>1439<\/strong><br \/>(-20 for losing)\n|raw|FlyingSudowoodo's rating: 1451 &rarr; <strong>1471<\/strong><br \/>(+20 for winning)\n|l|\u2606Goha\n","uploadtime":1700013849,"views":4,"p1id":"goha","p2id":"flyingsudowoodo","formatid":"gen9nationaldex","rating":1439,"private":0,"password":""}