{"id":"gen9nationaldex-1998294007","p1":"Imarandomguyhi","p2":"a903608420","format":"[Gen 9] National Dex","log":"|html|<div class=\"broadcast-blue\"><strong>[Gen 9] National Dex is currently suspecting Sneasler! For information on how to participate check out the <a href=\"https:\/\/www.smogon.com\/forums\/threads\/sv-national-dex-suspect-8-just-dance.3731534\/\">suspect thread<\/a>.<\/strong><\/div>\n|j|\u2606Imarandomguyhi\n|j|\u2606a903608420\n|t:|1700925832\n|gametype|singles\n|player|p1|Imarandomguyhi|pokemonranger-gen4|1154\n|player|p2|a903608420|169|1115\n|teamsize|p1|6\n|teamsize|p2|6\n|gen|9\n|tier|[Gen 9] National Dex\n|rated|\n|rule|HP Percentage Mod: HP is shown in percentages\n|rule|Endless Battle Clause: Forcing endless battles is banned\n|rule|OHKO Clause: OHKO moves are banned\n|rule|Evasion Clause: Evasion abilities, items, and moves are banned\n|rule|Evasion Abilities Clause: Evasion abilities are banned\n|rule|Evasion Items Clause: Evasion items are banned\n|rule|Evasion Moves Clause: Evasion moves are banned\n|rule|Species Clause: Limit one of each Pok\u00e9mon\n|rule|Sleep Clause Mod: Limit one foe put to sleep\n|clearpoke\n|poke|p1|Grimmsnarl, M|\n|poke|p1|Aegislash, M|\n|poke|p1|Seismitoad, M|\n|poke|p1|Infernape, M|\n|poke|p1|Togekiss, F|\n|poke|p1|Goodra-Hisui, M|\n|poke|p2|Charizard, M|\n|poke|p2|Venusaur, M|\n|poke|p2|Darmanitan, M|\n|poke|p2|Torkoal, M|\n|poke|p2|Great Tusk|\n|poke|p2|Hatterene, F|\n|teampreview\n|inactive|Battle timer is ON: inactive players will automatically lose when time's up. (requested by a903608420)\n|\n|t:|1700925845\n|start\n|switch|p1a: Grimmsnarl|Grimmsnarl, M|100\/100\n|switch|p2a: Charizard|Charizard, M|100\/100\n|turn|1\n|\n|t:|1700925852\n|detailschange|p2a: Charizard|Charizard-Mega-Y, M\n|-mega|p2a: Charizard|Charizard|Charizardite Y\n|-weather|SunnyDay|[from] ability: Drought|[of] p2a: Charizard\n|move|p1a: Grimmsnarl|Thunder Wave|p2a: Charizard\n|-status|p2a: Charizard|par\n|move|p2a: Charizard|Weather Ball|p1a: Grimmsnarl\n|-damage|p1a: Grimmsnarl|29\/100\n|\n|-weather|SunnyDay|[upkeep]\n|upkeep\n|turn|2\n|\n|t:|1700925863\n|move|p1a: Grimmsnarl|Reflect|p1a: Grimmsnarl\n|-sidestart|p1: Imarandomguyhi|Reflect\n|move|p2a: Charizard|Weather Ball|p1a: Grimmsnarl\n|-damage|p1a: Grimmsnarl|0 fnt\n|faint|p1a: Grimmsnarl\n|\n|-weather|SunnyDay|[upkeep]\n|upkeep\n|\n|t:|1700925869\n|switch|p1a: Togekiss|Togekiss, F|100\/100\n|turn|3\n|\n|t:|1700925874\n|move|p1a: Togekiss|Air Slash|p2a: Charizard\n|-damage|p2a: Charizard|60\/100 par\n|cant|p2a: Charizard|flinch\n|\n|-weather|SunnyDay|[upkeep]\n|upkeep\n|turn|4\n|\n|t:|1700925881\n|move|p1a: Togekiss|Ancient Power|p2a: Charizard\n|-supereffective|p2a: Charizard\n|-damage|p2a: Charizard|0 fnt\n|faint|p2a: Charizard\n|\n|-weather|SunnyDay|[upkeep]\n|upkeep\n|\n|t:|1700925887\n|switch|p2a: Darmanitan|Darmanitan, M|100\/100\n|turn|5\n|\n|t:|1700925895\n|switch|p1a: Seismitoad|Seismitoad, M|100\/100\n|move|p2a: Darmanitan|Rock Slide|p1a: Seismitoad\n|-resisted|p1a: Seismitoad\n|-crit|p1a: Seismitoad\n|-damage|p1a: Seismitoad|79\/100\n|\n|-weather|none\n|-heal|p1a: Seismitoad|85\/100|[from] item: Leftovers\n|upkeep\n|turn|6\n|\n|t:|1700925905\n|switch|p2a: Torkoal|Torkoal, M|100\/100\n|-weather|SunnyDay|[from] ability: Drought|[of] p2a: Torkoal\n|move|p1a: Seismitoad|Stealth Rock|p2a: Torkoal\n|-sidestart|p2: a903608420|move: Stealth Rock\n|\n|-weather|SunnyDay|[upkeep]\n|-heal|p1a: Seismitoad|91\/100|[from] item: Leftovers\n|upkeep\n|turn|7\n|\n|t:|1700925919\n|-terastallize|p2a: Torkoal|Water\n|move|p1a: Seismitoad|Earthquake|p2a: Torkoal\n|-damage|p2a: Torkoal|84\/100\n|move|p2a: Torkoal|Toxic|p1a: Seismitoad\n|-status|p1a: Seismitoad|tox\n|\n|-weather|SunnyDay|[upkeep]\n|-heal|p1a: Seismitoad|97\/100 tox|[from] item: Leftovers\n|-damage|p1a: Seismitoad|91\/100 tox|[from] psn\n|upkeep\n|turn|8\n|\n|t:|1700925930\n|switch|p2a: Great Tusk|Great Tusk|100\/100\n|-damage|p2a: Great Tusk|98\/100|[from] Stealth Rock\n|-activate|p2a: Great Tusk|ability: Protosynthesis\n|-start|p2a: Great Tusk|protosynthesisatk\n|move|p1a: Seismitoad|Toxic|p2a: Great Tusk\n|-status|p2a: Great Tusk|tox\n|\n|-weather|SunnyDay|[upkeep]\n|-heal|p1a: Seismitoad|97\/100 tox|[from] item: Leftovers\n|-damage|p2a: Great Tusk|91\/100 tox|[from] psn\n|-damage|p1a: Seismitoad|85\/100 tox|[from] psn\n|upkeep\n|turn|9\n|inactive|Imarandomguyhi has 120 seconds left.\n|inactive|Imarandomguyhi has 90 seconds left.\n|\n|t:|1700925991\n|move|p2a: Great Tusk|Earthquake|p1a: Seismitoad\n|-damage|p1a: Seismitoad|52\/100 tox\n|move|p1a: Seismitoad|Knock Off|p2a: Great Tusk\n|-resisted|p2a: Great Tusk\n|-damage|p2a: Great Tusk|86\/100 tox\n|\n|-weather|SunnyDay|[upkeep]\n|-heal|p1a: Seismitoad|58\/100 tox|[from] item: Leftovers\n|-damage|p2a: Great Tusk|73\/100 tox|[from] psn\n|-damage|p1a: Seismitoad|40\/100 tox|[from] psn\n|-sideend|p1: Imarandomguyhi|Reflect\n|upkeep\n|turn|10\n|\n|t:|1700926002\n|move|p2a: Great Tusk|Rapid Spin|p1a: Seismitoad\n|-damage|p1a: Seismitoad|18\/100 tox\n|-boost|p2a: Great Tusk|spe|1\n|-sideend|p2: a903608420|Stealth Rock|[from] move: Rapid Spin|[of] p2a: Great Tusk\n|move|p1a: Seismitoad|Earthquake|p2a: Great Tusk\n|-damage|p2a: Great Tusk|48\/100 tox\n|\n|-weather|SunnyDay|[upkeep]\n|-heal|p1a: Seismitoad|24\/100 tox|[from] item: Leftovers\n|-damage|p2a: Great Tusk|29\/100 tox|[from] psn\n|-damage|p1a: Seismitoad|0 fnt|[from] psn\n|faint|p1a: Seismitoad\n|upkeep\n|\n|t:|1700926011\n|switch|p1a: Aegislash|Aegislash, M|100\/100\n|turn|11\n|\n|t:|1700926017\n|move|p1a: Aegislash|King's Shield|p1a: Aegislash\n|-singleturn|p1a: Aegislash|Protect\n|move|p2a: Great Tusk|Earthquake|p1a: Aegislash\n|-activate|p1a: Aegislash|move: Protect\n|\n|-weather|SunnyDay|[upkeep]\n|-damage|p2a: Great Tusk|5\/100 tox|[from] psn\n|upkeep\n|turn|12\n|\n|t:|1700926029\n|-formechange|p1a: Aegislash|Aegislash-Blade||[from] ability: Stance Change\n|move|p1a: Aegislash|Shadow Sneak|p2a: Great Tusk\n|-damage|p2a: Great Tusk|0 fnt\n|faint|p2a: Great Tusk\n|-end|p2a: Great Tusk|Protosynthesis|[silent]\n|\n|-weather|SunnyDay|[upkeep]\n|upkeep\n|\n|t:|1700926038\n|switch|p2a: Darmanitan|Darmanitan, M|100\/100\n|turn|13\n|inactive|Imarandomguyhi has 120 seconds left.\n|\n|t:|1700926049\n|switch|p2a: Hatterene|Hatterene, F|100\/100\n|-formechange|p1a: Aegislash|Aegislash||[from] ability: Stance Change\n|move|p1a: Aegislash|King's Shield||[still]\n|-fail|p1a: Aegislash\n|\n|-weather|none\n|upkeep\n|turn|14\n|\n|t:|1700926057\n|-formechange|p1a: Aegislash|Aegislash-Blade||[from] ability: Stance Change\n|move|p1a: Aegislash|Iron Head|p2a: Hatterene\n|-supereffective|p2a: Hatterene\n|-crit|p2a: Hatterene\n|-damage|p2a: Hatterene|0 fnt\n|faint|p2a: Hatterene\n|\n|upkeep\n|\n|t:|1700926066\n|switch|p2a: Torkoal|Torkoal, M, tera:Water|84\/100\n|-weather|SunnyDay|[from] ability: Drought|[of] p2a: Torkoal\n|turn|15\n|\n|t:|1700926071\n|switch|p2a: Darmanitan|Darmanitan, M|100\/100\n|-formechange|p1a: Aegislash|Aegislash||[from] ability: Stance Change\n|move|p1a: Aegislash|King's Shield||[still]\n|-fail|p1a: Aegislash\n|\n|-weather|SunnyDay|[upkeep]\n|upkeep\n|turn|16\n|\n|t:|1700926081\n|move|p1a: Aegislash|King's Shield|p1a: Aegislash\n|-singleturn|p1a: Aegislash|Protect\n|move|p2a: Darmanitan|Flare Blitz|p1a: Aegislash\n|-activate|p1a: Aegislash|move: Protect\n|-unboost|p2a: Darmanitan|atk|1\n|\n|-weather|SunnyDay|[upkeep]\n|upkeep\n|turn|17\n|\n|t:|1700926092\n|move|p2a: Darmanitan|Flare Blitz|p1a: Aegislash\n|-supereffective|p1a: Aegislash\n|-damage|p1a: Aegislash|0 fnt\n|faint|p1a: Aegislash\n|-damage|p2a: Darmanitan|70\/100|[from] Recoil\n|\n|-weather|SunnyDay|[upkeep]\n|upkeep\n|\n|t:|1700926118\n|switch|p1a: Goodra|Goodra-Hisui, M|100\/100\n|turn|18\n|\n|t:|1700926125\n|move|p2a: Darmanitan|Flare Blitz|p1a: Goodra\n|-damage|p1a: Goodra|25\/100\n|-damage|p2a: Darmanitan|44\/100|[from] Recoil\n|move|p1a: Goodra|Acid Armor|p1a: Goodra\n|-boost|p1a: Goodra|def|2\n|\n|-weather|SunnyDay|[upkeep]\n|-heal|p1a: Goodra|32\/100|[from] item: Leftovers\n|upkeep\n|turn|19\n|\n|t:|1700926134\n|move|p2a: Darmanitan|Flare Blitz|p1a: Goodra\n|-damage|p1a: Goodra|0 fnt\n|faint|p1a: Goodra\n|-damage|p2a: Darmanitan|34\/100|[from] Recoil\n|\n|-weather|SunnyDay|[upkeep]\n|upkeep\n|\n|t:|1700926138\n|switch|p1a: Infernape|Infernape, M|100\/100\n|turn|20\n|\n|t:|1700926143\n|move|p2a: Darmanitan|Flare Blitz|p1a: Infernape\n|-resisted|p1a: Infernape\n|-damage|p1a: Infernape|30\/100\n|-damage|p2a: Darmanitan|14\/100|[from] Recoil\n|move|p1a: Infernape|Drain Punch|p2a: Darmanitan\n|-damage|p2a: Darmanitan|0 fnt\n|-heal|p1a: Infernape|38\/100|[from] drain|[of] p2a: Darmanitan\n|faint|p2a: Darmanitan\n|-damage|p1a: Infernape|28\/100|[from] item: Life Orb\n|\n|-weather|SunnyDay|[upkeep]\n|upkeep\n|\n|t:|1700926156\n|switch|p2a: Venusaur|Venusaur, M|100\/100\n|turn|21\n|\n|t:|1700926159\n|move|p2a: Venusaur|Earthquake|p1a: Infernape\n|-supereffective|p1a: Infernape\n|-damage|p1a: Infernape|0 fnt\n|faint|p1a: Infernape\n|\n|-weather|SunnyDay|[upkeep]\n|upkeep\n|\n|t:|1700926162\n|switch|p1a: Togekiss|Togekiss, F|100\/100\n|turn|22\n|\n|t:|1700926168\n|-terastallize|p1a: Togekiss|Steel\n|move|p2a: Venusaur|Giga Drain|p1a: Togekiss\n|-resisted|p1a: Togekiss\n|-damage|p1a: Togekiss|84\/100\n|move|p1a: Togekiss|Nasty Plot|p1a: Togekiss\n|-boost|p1a: Togekiss|spa|2\n|\n|-weather|none\n|upkeep\n|turn|23\n|\n|t:|1700926179\n|switch|p2a: Torkoal|Torkoal, M, tera:Water|84\/100\n|-weather|SunnyDay|[from] ability: Drought|[of] p2a: Torkoal\n|move|p1a: Togekiss|Air Slash|p2a: Torkoal\n|-damage|p2a: Torkoal|0 fnt\n|faint|p2a: Torkoal\n|\n|-weather|SunnyDay|[upkeep]\n|upkeep\n|\n|t:|1700926189\n|switch|p2a: Venusaur|Venusaur, M|100\/100\n|turn|24\n|\n|t:|1700926196\n|move|p2a: Venusaur|Weather Ball|p1a: Togekiss\n|-supereffective|p1a: Togekiss\n|-damage|p1a: Togekiss|0 fnt\n|faint|p1a: Togekiss\n|\n|win|a903608420\n|raw|Imarandomguyhi's rating: 1154 &rarr; <strong>1126<\/strong><br \/>(-28 for losing)\n|raw|a903608420's rating: 1115 &rarr; <strong>1143<\/strong><br \/>(+28 for winning)\n|l|\u2606Imarandomguyhi\n","uploadtime":1700926204,"views":0,"p1id":"imarandomguyhi","p2id":"a903608420","formatid":"gen9nationaldex","rating":1126,"private":0,"password":""}