{"id":"gen9nationaldex-1991602703","p1":"Kingchillalot","p2":"Azu_CriticalXD","format":"[Gen 9] National Dex","log":"|j|\u2606Kingchillalot\n|j|\u2606Azu_CriticalXD\n|t:|1700093066\n|gametype|singles\n|player|p1|Kingchillalot|169|1235\n|player|p2|Azu_CriticalXD|ltsurge|1136\n|teamsize|p1|6\n|teamsize|p2|6\n|gen|9\n|tier|[Gen 9] National Dex\n|rated|\n|rule|HP Percentage Mod: HP is shown in percentages\n|rule|Endless Battle Clause: Forcing endless battles is banned\n|rule|OHKO Clause: OHKO moves are banned\n|rule|Evasion Clause: Evasion abilities, items, and moves are banned\n|rule|Evasion Abilities Clause: Evasion abilities are banned\n|rule|Evasion Items Clause: Evasion items are banned\n|rule|Evasion Moves Clause: Evasion moves are banned\n|rule|Species Clause: Limit one of each Pok\u00e9mon\n|rule|Sleep Clause Mod: Limit one foe put to sleep\n|clearpoke\n|poke|p1|Ferrothorn, M|\n|poke|p1|Glimmora, F|\n|poke|p1|Weavile, M|\n|poke|p1|Landorus-Therian, M|\n|poke|p1|Rotom-Wash|\n|poke|p1|Volcarona, M|\n|poke|p2|Lopunny, F|\n|poke|p2|Zoroark-Hisui, M|\n|poke|p2|Ursaluna, F|\n|poke|p2|Chansey, F|\n|poke|p2|Maushold-Four|\n|poke|p2|Regigigas|\n|teampreview\n|inactive|Battle timer is ON: inactive players will automatically lose when time's up. (requested by Kingchillalot)\n|\n|t:|1700093088\n|start\n|switch|p1a: Landorus|Landorus-Therian, M|100\/100\n|switch|p2a: Rossy|Lopunny, F, shiny|100\/100\n|-ability|p1a: Landorus|Intimidate|boost\n|-unboost|p2a: Rossy|atk|1\n|turn|1\n|\n|t:|1700093112\n|switch|p1a: Ferrothorn|Ferrothorn, M|100\/100\n|detailschange|p2a: Rossy|Lopunny-Mega, F, shiny\n|-mega|p2a: Rossy|Lopunny|Lopunnite\n|move|p2a: Rossy|Fake Out|p1a: Ferrothorn\n|-resisted|p1a: Ferrothorn\n|-damage|p1a: Ferrothorn|97\/100\n|-damage|p2a: Rossy|88\/100|[from] ability: Iron Barbs|[of] p1a: Ferrothorn\n|-damage|p2a: Rossy|72\/100|[from] item: Rocky Helmet|[of] p1a: Ferrothorn\n|\n|upkeep\n|turn|2\n|\n|t:|1700093138\n|switch|p2a: Mecha|Regigigas, shiny|100\/100\n|-start|p2a: Mecha|ability: Slow Start\n|switch|p1a: Landorus|Landorus-Therian, M|100\/100\n|-ability|p1a: Landorus|Intimidate|boost\n|-unboost|p2a: Mecha|atk|1\n|\n|upkeep\n|turn|3\n|\n|t:|1700093152\n|move|p1a: Landorus|Stealth Rock|p2a: Mecha\n|-sidestart|p2: Azu_CriticalXD|move: Stealth Rock\n|move|p2a: Mecha|Avalanche|p1a: Landorus\n|-supereffective|p1a: Landorus\n|-damage|p1a: Landorus|75\/100\n|\n|-heal|p1a: Landorus|81\/100|[from] item: Leftovers\n|upkeep\n|turn|4\n|\n|t:|1700093163\n|move|p1a: Landorus|U-turn|p2a: Mecha\n|-damage|p2a: Mecha|84\/100\n|\n|t:|1700093170\n|switch|p1a: Volcarona|Volcarona, M|100\/100|[from] U-turn\n|move|p2a: Mecha|Thunder Wave|p1a: Volcarona\n|-status|p1a: Volcarona|par\n|\n|-heal|p2a: Mecha|90\/100|[from] item: Leftovers\n|upkeep\n|turn|5\n|\n|t:|1700093186\n|-end|p2a: Mecha|Slow Start|[silent]\n|switch|p2a: Chachan|Chansey, F, shiny|100\/100\n|-damage|p2a: Chachan|88\/100|[from] Stealth Rock\n|move|p1a: Volcarona|Quiver Dance|p1a: Volcarona\n|-boost|p1a: Volcarona|spa|1\n|-boost|p1a: Volcarona|spd|1\n|-boost|p1a: Volcarona|spe|1\n|\n|upkeep\n|turn|6\n|\n|t:|1700093200\n|move|p1a: Volcarona|Fiery Dance|p2a: Chachan\n|-damage|p2a: Chachan|66\/100\n|move|p2a: Chachan|Wish|p2a: Chachan\n|\n|upkeep\n|turn|7\n|\n|t:|1700093207\n|move|p1a: Volcarona|Fiery Dance|p2a: Chachan\n|-damage|p2a: Chachan|44\/100\n|move|p2a: Chachan|Seismic Toss|p1a: Volcarona\n|-damage|p1a: Volcarona|68\/100 par\n|-status|p2a: Chachan|brn|[from] ability: Flame Body|[of] p1a: Volcarona\n|\n|-heal|p2a: Chachan|94\/100 brn|[from] move: Wish|[wisher] Chachan\n|-damage|p2a: Chachan|88\/100 brn|[from] brn\n|upkeep\n|turn|8\n|\n|t:|1700093223\n|move|p1a: Volcarona|Quiver Dance|p1a: Volcarona\n|-boost|p1a: Volcarona|spa|1\n|-boost|p1a: Volcarona|spd|1\n|-boost|p1a: Volcarona|spe|1\n|move|p2a: Chachan|Wish|p2a: Chachan\n|\n|-damage|p2a: Chachan|82\/100 brn|[from] brn\n|upkeep\n|turn|9\n|\n|t:|1700093236\n|switch|p1a: Ferrothorn|Ferrothorn, M|97\/100\n|move|p2a: Chachan|Stealth Rock|p1a: Ferrothorn\n|-sidestart|p1: Kingchillalot|move: Stealth Rock\n|\n|-heal|p2a: Chachan|100\/100 brn|[from] move: Wish|[wisher] Chachan\n|-damage|p2a: Chachan|94\/100 brn|[from] brn\n|upkeep\n|turn|10\n|\n|t:|1700093249\n|-curestatus|p2a: Chachan|brn|[from] ability: Natural Cure\n|switch|p2a: Fancie|Ursaluna, F, shiny|100\/100\n|-damage|p2a: Fancie|94\/100|[from] Stealth Rock\n|move|p1a: Ferrothorn|Leech Seed|p2a: Fancie\n|-start|p2a: Fancie|move: Leech Seed\n|\n|-damage|p2a: Fancie|82\/100|[from] Leech Seed|[of] p1a: Ferrothorn\n|-heal|p1a: Ferrothorn|100\/100|[silent]\n|-status|p2a: Fancie|brn|[from] item: Flame Orb\n|upkeep\n|turn|11\n|\n|t:|1700093264\n|switch|p2a: Nightmares|Maushold-Four, shiny|100\/100\n|-damage|p2a: Nightmares|88\/100|[from] Stealth Rock\n|move|p1a: Ferrothorn|Power Whip|p2a: Nightmares\n|-damage|p2a: Nightmares|22\/100\n|\n|upkeep\n|turn|12\n|inactive|Kingchillalot has 120 seconds left.\n|\n|t:|1700093299\n|move|p2a: Nightmares|Tidy Up|p2a: Nightmares\n|-sideend|p2: Azu_CriticalXD|Stealth Rock\n|-sideend|p1: Kingchillalot|Stealth Rock\n|-activate|p2a: Nightmares|move: Tidy Up\n|-boost|p2a: Nightmares|atk|1\n|-boost|p2a: Nightmares|spe|1\n|move|p1a: Ferrothorn|Power Whip|p2a: Nightmares|[miss]\n|-miss|p1a: Ferrothorn|p2a: Nightmares\n|\n|upkeep\n|turn|13\n|inactive|Kingchillalot has 120 seconds left.\n|inactive|Azu_CriticalXD has 120 seconds left.\n|\n|t:|1700093330\n|move|p2a: Nightmares|Bite|p1a: Ferrothorn\n|-damage|p1a: Ferrothorn|82\/100\n|-damage|p2a: Nightmares|10\/100|[from] ability: Iron Barbs|[of] p1a: Ferrothorn\n|-damage|p2a: Nightmares|0 fnt|[from] item: Rocky Helmet|[of] p1a: Ferrothorn\n|faint|p2a: Nightmares\n|move|p1a: Ferrothorn|Power Whip|p2: Nightmares|[notarget]\n|-fail|p1a: Ferrothorn\n|\n|upkeep\n|inactive|Azu_CriticalXD has 120 seconds left.\n|\n|t:|1700093338\n|switch|p2a: Rossy|Lopunny-Mega, F, shiny|100\/100\n|turn|14\n|inactive|Kingchillalot has 90 seconds left.\n|\n|t:|1700093369\n|move|p2a: Rossy|Nasty Plot|p2a: Rossy\n|-boost|p2a: Rossy|spa|2\n|move|p1a: Ferrothorn|Leech Seed|p2a: Rossy\n|-start|p2a: Rossy|move: Leech Seed\n|\n|-damage|p2a: Rossy|88\/100|[from] Leech Seed|[of] p1a: Ferrothorn\n|-heal|p1a: Ferrothorn|91\/100|[silent]\n|upkeep\n|turn|15\n|inactive|Kingchillalot has 90 seconds left.\n|\n|t:|1700093386\n|move|p2a: Rossy|Flamethrower|p1a: Ferrothorn\n|-supereffective|p1a: Ferrothorn\n|-damage|p1a: Ferrothorn|0 fnt\n|faint|p1a: Ferrothorn\n|\n|upkeep\n|\n|t:|1700093414\n|switch|p1a: Weavile|Weavile, M|100\/100\n|-ability|p1a: Weavile|Pressure\n|turn|16\n|l|\u2606Azu_CriticalXD\n|inactive|Azu_CriticalXD disconnected and has a minute to reconnect!\n|player|p2|\n|j|\u2606Azu_CriticalXD\n|inactive|Azu_CriticalXD reconnected and has 140 seconds left.\n|player|p2|Azu_CriticalXD|ltsurge\n|\n|t:|1700093438\n|switch|p2a: Mecha|Regigigas, shiny|90\/100\n|-start|p2a: Mecha|ability: Slow Start\n|move|p1a: Weavile|Fake Out|p2a: Mecha\n|-damage|p2a: Mecha|81\/100\n|\n|-heal|p2a: Mecha|87\/100|[from] item: Leftovers\n|upkeep\n|turn|17\n|inactive|Kingchillalot has 60 seconds left.\n|inactive|Azu_CriticalXD has 120 seconds left.\n|\n|t:|1700093467\n|move|p1a: Weavile|Knock Off|p2a: Mecha\n|-damage|p2a: Mecha|52\/100\n|-enditem|p2a: Mecha|Leftovers|[from] move: Knock Off|[of] p1a: Weavile\n|move|p2a: Mecha|Power-Up Punch|p1a: Weavile\n|-supereffective|p1a: Weavile\n|-damage|p1a: Weavile|41\/100\n|-boost|p2a: Mecha|atk|1\n|\n|upkeep\n|turn|18\n|inactive|Kingchillalot has 60 seconds left.\n|inactive|Azu_CriticalXD has 120 seconds left.\n|\n|t:|1700093480\n|switch|p1a: Landorus|Landorus-Therian, M|81\/100\n|-ability|p1a: Landorus|Intimidate|boost\n|-unboost|p2a: Mecha|atk|1\n|move|p2a: Mecha|Protect||[still]\n|-fail|p2a: Mecha\n|\n|-heal|p1a: Landorus|87\/100|[from] item: Leftovers\n|upkeep\n|turn|19\n|inactive|Kingchillalot has 60 seconds left.\n|inactive|Azu_CriticalXD has 120 seconds left.\n|\n|t:|1700093503\n|move|p1a: Landorus|Earthquake|p2a: Mecha\n|-damage|p2a: Mecha|21\/100\n|move|p2a: Mecha|Avalanche|p1a: Landorus\n|-supereffective|p1a: Landorus\n|-damage|p1a: Landorus|7\/100\n|\n|-heal|p1a: Landorus|13\/100|[from] item: Leftovers\n|upkeep\n|turn|20\n|inactive|Kingchillalot has 60 seconds left.\n|\n|t:|1700093521\n|move|p2a: Mecha|Protect|p2a: Mecha\n|-singleturn|p2a: Mecha|Protect\n|move|p1a: Landorus|U-turn|p2a: Mecha\n|-activate|p2a: Mecha|move: Protect\n|\n|-heal|p1a: Landorus|19\/100|[from] item: Leftovers\n|-end|p2a: Mecha|Slow Start\n|upkeep\n|turn|21\n|\n|t:|1700093534\n|switch|p1a: Rotom|Rotom-Wash|100\/100\n|move|p2a: Mecha|Avalanche|p1a: Rotom\n|-resisted|p1a: Rotom\n|-damage|p1a: Rotom|87\/100\n|\n|-heal|p1a: Rotom|93\/100|[from] item: Leftovers\n|upkeep\n|turn|22\n|\n|t:|1700093554\n|move|p2a: Mecha|Protect|p2a: Mecha\n|-singleturn|p2a: Mecha|Protect\n|move|p1a: Rotom|Thunderbolt|p2a: Mecha\n|-activate|p2a: Mecha|move: Protect\n|\n|-heal|p1a: Rotom|99\/100|[from] item: Leftovers\n|upkeep\n|turn|23\n|\n|t:|1700093568\n|move|p2a: Mecha|Power-Up Punch|p1a: Rotom\n|-damage|p1a: Rotom|80\/100\n|-boost|p2a: Mecha|atk|1\n|move|p1a: Rotom|Thunderbolt|p2a: Mecha\n|-damage|p2a: Mecha|0 fnt\n|faint|p2a: Mecha\n|-end|p2a: Mecha|Slow Start|[silent]\n|\n|-heal|p1a: Rotom|86\/100|[from] item: Leftovers\n|upkeep\n|\n|t:|1700093579\n|switch|p2a: Chachan|Chansey, F, shiny|94\/100\n|turn|24\n|inactive|Kingchillalot has 60 seconds left.\n|\n|t:|1700093589\n|move|p1a: Rotom|Volt Switch|p2a: Chachan\n|-damage|p2a: Chachan|84\/100\n|inactive|Kingchillalot has 60 seconds left.\n|\n|t:|1700093599\n|switch|p1a: Landorus|Landorus-Therian, M|19\/100|[from] Volt Switch\n|-ability|p1a: Landorus|Intimidate|boost\n|-unboost|p2a: Chachan|atk|1\n|move|p2a: Chachan|Seismic Toss|p1a: Landorus\n|-damage|p1a: Landorus|0 fnt\n|faint|p1a: Landorus\n|\n|upkeep\n|inactive|Kingchillalot has 60 seconds left.\n|\n|t:|1700093612\n|switch|p1a: Weavile|Weavile, M|41\/100\n|-ability|p1a: Weavile|Pressure\n|turn|25\n|inactive|Kingchillalot has 60 seconds left.\n|inactive|Azu_CriticalXD has 120 seconds left.\n|\n|t:|1700093631\n|switch|p2a: Fancie|Ursaluna, F, shiny|82\/100 brn\n|move|p1a: Weavile|Fake Out|p2a: Fancie\n|-damage|p2a: Fancie|73\/100 brn\n|\n|-damage|p2a: Fancie|67\/100 brn|[from] brn\n|upkeep\n|turn|26\n|inactive|Kingchillalot has 60 seconds left.\n|\n|t:|1700093652\n|switch|p2a: Rossy|Lopunny-Mega, F, shiny|88\/100\n|move|p1a: Weavile|Icicle Crash|p2a: Rossy\n|-damage|p2a: Rossy|1\/100\n|replace|p2a: Zero|Zoroark-Hisui, M, shiny\n|-end|p2a: Zero|Illusion\n|\n|upkeep\n|turn|27\n|\n|t:|1700093660\n|move|p1a: Weavile|Ice Shard|p2a: Zero\n|-damage|p2a: Zero|0 fnt\n|faint|p2a: Zero\n|\n|upkeep\n|\n|t:|1700093664\n|switch|p2a: Rossy|Lopunny-Mega, F, shiny|72\/100\n|turn|28\n|inactive|Kingchillalot has 60 seconds left.\n|inactive|Azu_CriticalXD has 120 seconds left.\n|\n|t:|1700093678\n|switch|p1a: Rotom|Rotom-Wash|86\/100\n|move|p2a: Rossy|Frustration|p1a: Rotom\n|-damage|p1a: Rotom|23\/100\n|\n|-heal|p1a: Rotom|29\/100|[from] item: Leftovers\n|upkeep\n|turn|29\n|\n|t:|1700093687\n|switch|p2a: Fancie|Ursaluna, F, shiny|67\/100 brn\n|move|p1a: Rotom|Will-O-Wisp|p2a: Fancie\n|-fail|p2a: Fancie|brn\n|\n|-heal|p1a: Rotom|35\/100|[from] item: Leftovers\n|-damage|p2a: Fancie|61\/100 brn|[from] brn\n|upkeep\n|turn|30\n|\n|t:|1700093697\n|switch|p2a: Chachan|Chansey, F, shiny|84\/100\n|move|p1a: Rotom|Hydro Pump|p2a: Chachan|[miss]\n|-miss|p1a: Rotom|p2a: Chachan\n|\n|-heal|p1a: Rotom|41\/100|[from] item: Leftovers\n|upkeep\n|turn|31\n|\n|t:|1700093708\n|move|p1a: Rotom|Hydro Pump|p2a: Chachan\n|-damage|p2a: Chachan|68\/100\n|move|p2a: Chachan|Stealth Rock|p1a: Rotom\n|-sidestart|p1: Kingchillalot|move: Stealth Rock\n|\n|-heal|p1a: Rotom|48\/100|[from] item: Leftovers\n|upkeep\n|turn|32\n|\n|t:|1700093715\n|move|p1a: Rotom|Volt Switch|p2a: Chachan\n|-damage|p2a: Chachan|57\/100\n|\n|t:|1700093719\n|switch|p1a: Weavile|Weavile, M|41\/100|[from] Volt Switch\n|-damage|p1a: Weavile|16\/100|[from] Stealth Rock\n|-ability|p1a: Weavile|Pressure\n|move|p2a: Chachan|Seismic Toss|p1a: Weavile\n|-damage|p1a: Weavile|0 fnt\n|faint|p1a: Weavile\n|\n|upkeep\n|-message|Kingchillalot forfeited.\n|\n|win|Azu_CriticalXD\n|raw|Kingchillalot's rating: 1235 &rarr; <strong>1203<\/strong><br \/>(-32 for losing)\n|raw|Azu_CriticalXD's rating: 1136 &rarr; <strong>1168<\/strong><br \/>(+32 for winning)\n|l|\u2606Kingchillalot\n","uploadtime":1700093766,"views":3,"p1id":"kingchillalot","p2id":"azucriticalxd","formatid":"gen9nationaldex","rating":1168,"private":0,"password":""}