{"id":"gen9nationaldex-1997269672","p1":"ruarua3","p2":"vheneko","format":"[Gen 9] National Dex","log":"|html|<div class=\"broadcast-blue\"><strong>[Gen 9] National Dex is currently suspecting Sneasler! For information on how to participate check out the <a href=\"https:\/\/www.smogon.com\/forums\/threads\/sv-national-dex-suspect-8-just-dance.3731534\/\">suspect thread<\/a>.<\/strong><\/div>\n|j|\u2606ruarua3\n|j|\u2606vheneko\n|t:|1700782735\n|gametype|singles\n|player|p1|ruarua3|102|1248\n|player|p2|vheneko|depotagent|1269\n|teamsize|p1|6\n|teamsize|p2|6\n|gen|9\n|tier|[Gen 9] National Dex\n|rated|\n|rule|HP Percentage Mod: HP is shown in percentages\n|rule|Endless Battle Clause: Forcing endless battles is banned\n|rule|OHKO Clause: OHKO moves are banned\n|rule|Evasion Clause: Evasion abilities, items, and moves are banned\n|rule|Evasion Abilities Clause: Evasion abilities are banned\n|rule|Evasion Items Clause: Evasion items are banned\n|rule|Evasion Moves Clause: Evasion moves are banned\n|rule|Species Clause: Limit one of each Pok\u00e9mon\n|rule|Sleep Clause Mod: Limit one foe put to sleep\n|clearpoke\n|poke|p1|Alomomola, F|\n|poke|p1|Corviknight, M|\n|poke|p1|Clodsire, M|\n|poke|p1|Skeledirge, F|\n|poke|p1|Ting-Lu|\n|poke|p1|Sableye, F|\n|poke|p2|Nihilego|\n|poke|p2|Iron Valiant|\n|poke|p2|Trevenant, M|\n|poke|p2|Bastiodon, F|\n|poke|p2|Polteageist-Antique|\n|poke|p2|Arcanine-Hisui, F|\n|teampreview\n|\n|t:|1700782745\n|start\n|switch|p1a: Sableye|Sableye, F|100\/100\n|switch|p2a: Polteageist|Polteageist-Antique|100\/100\n|turn|1\n|\n|t:|1700782762\n|switch|p1a: Skeledirge|Skeledirge, F|100\/100\n|move|p2a: Polteageist|Shell Smash|p2a: Polteageist\n|-unboost|p2a: Polteageist|def|1\n|-unboost|p2a: Polteageist|spd|1\n|-boost|p2a: Polteageist|atk|2\n|-boost|p2a: Polteageist|spa|2\n|-boost|p2a: Polteageist|spe|2\n|\n|upkeep\n|turn|2\n|\n|t:|1700782773\n|-terastallize|p1a: Skeledirge|Fairy\n|move|p2a: Polteageist|Shell Smash|p2a: Polteageist\n|-unboost|p2a: Polteageist|def|1\n|-unboost|p2a: Polteageist|spd|1\n|-boost|p2a: Polteageist|atk|2\n|-boost|p2a: Polteageist|spa|2\n|-boost|p2a: Polteageist|spe|2\n|move|p1a: Skeledirge|Torch Song|p2a: Polteageist\n|-damage|p2a: Polteageist|65\/100\n|-boost|p1a: Skeledirge|spa|1\n|\n|upkeep\n|turn|3\n|\n|t:|1700782786\n|move|p2a: Polteageist|Stored Power|p1a: Skeledirge\n|-damage|p1a: Skeledirge|34\/100\n|move|p1a: Skeledirge|Torch Song|p2a: Polteageist\n|-damage|p2a: Polteageist|8\/100\n|-boost|p1a: Skeledirge|spa|1\n|\n|upkeep\n|turn|4\n|\n|t:|1700782795\n|move|p1a: Skeledirge|Protect|p1a: Skeledirge\n|-singleturn|p1a: Skeledirge|Protect\n|move|p2a: Polteageist|Stored Power|p1a: Skeledirge\n|-activate|p1a: Skeledirge|move: Protect\n|\n|upkeep\n|turn|5\n|\n|t:|1700782815\n|move|p2a: Polteageist|Stored Power|p1a: Skeledirge\n|-damage|p1a: Skeledirge|0 fnt\n|faint|p1a: Skeledirge\n|\n|upkeep\n|\n|t:|1700782819\n|switch|p1a: Sableye|Sableye, F|100\/100\n|turn|6\n|\n|t:|1700782825\n|move|p1a: Sableye|Will-O-Wisp|p2a: Polteageist\n|-status|p2a: Polteageist|brn\n|move|p2a: Polteageist|Shadow Ball|p1a: Sableye\n|-damage|p1a: Sableye|0 fnt\n|faint|p1a: Sableye\n|\n|-damage|p2a: Polteageist|2\/100 brn|[from] brn\n|upkeep\n|\n|t:|1700782839\n|switch|p1a: Alomomola|Alomomola, F|100\/100\n|turn|7\n|\n|t:|1700782844\n|switch|p1a: Ting-Lu|Ting-Lu|100\/100\n|-ability|p1a: Ting-Lu|Vessel of Ruin\n|move|p2a: Polteageist|Giga Drain|p1a: Ting-Lu\n|-supereffective|p1a: Ting-Lu\n|-damage|p1a: Ting-Lu|30\/100\n|-heal|p2a: Polteageist|71\/100 brn|[from] drain|[of] p1a: Ting-Lu\n|\n|-heal|p1a: Ting-Lu|37\/100|[from] item: Leftovers\n|-damage|p2a: Polteageist|65\/100 brn|[from] brn\n|upkeep\n|turn|8\n|-message|ruarua3 forfeited.\n|\n|win|vheneko\n|raw|ruarua3's rating: 1248 &rarr; <strong>1225<\/strong><br \/>(-23 for losing)\n|raw|vheneko's rating: 1269 &rarr; <strong>1292<\/strong><br \/>(+23 for winning)\n|l|\u2606ruarua3\n","uploadtime":1700782969,"views":4,"p1id":"ruarua3","p2id":"vheneko","formatid":"gen9nationaldex","rating":1225,"private":0,"password":""}