{"id":"gen9nationaldex-1998783747","p1":"psng","p2":"tuenhi","format":"[Gen 9] National Dex","log":"|html|<div class=\"broadcast-blue\"><strong>[Gen 9] National Dex is currently suspecting Sneasler! For information on how to participate check out the <a href=\"https:\/\/www.smogon.com\/forums\/threads\/sv-national-dex-suspect-8-just-dance.3731534\/\">suspect thread<\/a>.<\/strong><\/div>\n|j|\u2606psng\n|j|\u2606tuenhi\n|t:|1700990070\n|gametype|singles\n|player|p1|psng|wallace|1483\n|player|p2|tuenhi|bruno|1568\n|teamsize|p1|6\n|teamsize|p2|6\n|gen|9\n|tier|[Gen 9] National Dex\n|rated|\n|rule|HP Percentage Mod: HP is shown in percentages\n|rule|Endless Battle Clause: Forcing endless battles is banned\n|rule|OHKO Clause: OHKO moves are banned\n|rule|Evasion Clause: Evasion abilities, items, and moves are banned\n|rule|Evasion Abilities Clause: Evasion abilities are banned\n|rule|Evasion Items Clause: Evasion items are banned\n|rule|Evasion Moves Clause: Evasion moves are banned\n|rule|Species Clause: Limit one of each Pok\u00e9mon\n|rule|Sleep Clause Mod: Limit one foe put to sleep\n|clearpoke\n|poke|p1|Pelipper, F|\n|poke|p1|Tapu Lele|\n|poke|p1|Swampert, F|\n|poke|p1|Greninja-*, M|\n|poke|p1|Zapdos|\n|poke|p1|Ferrothorn, M|\n|poke|p2|Cinderace, F|\n|poke|p2|Lapras, M|\n|poke|p2|Zapdos|\n|poke|p2|Skarmory, M|\n|poke|p2|Tyranitar, M|\n|poke|p2|Slowking-Galar, F|\n|teampreview\n|inactive|Battle timer is ON: inactive players will automatically lose when time's up. (requested by psng)\n|\n|t:|1700990094\n|start\n|switch|p1a: Swampert|Swampert, F, shiny|100\/100\n|switch|p2a: Zapdos|Zapdos|100\/100\n|turn|1\n|\n|t:|1700990112\n|switch|p2a: Skarmory|Skarmory, M|100\/100\n|detailschange|p1a: Swampert|Swampert-Mega, F, shiny\n|-mega|p1a: Swampert|Swampert|Swampertite\n|move|p1a: Swampert|Flip Turn|p2a: Skarmory\n|-crit|p2a: Skarmory\n|-damage|p2a: Skarmory|66\/100\n|-damage|p1a: Swampert|84\/100|[from] item: Rocky Helmet|[of] p2a: Skarmory\n|\n|t:|1700990124\n|switch|p1a: Pelipper|Pelipper, F, shiny|100\/100|[from] Flip Turn\n|-weather|RainDance|[from] ability: Drizzle|[of] p1a: Pelipper\n|\n|-weather|RainDance|[upkeep]\n|upkeep\n|turn|2\n|\n|t:|1700990132\n|switch|p2a: Lapras|Lapras, M|100\/100\n|switch|p1a: Swampert|Swampert-Mega, F, shiny|84\/100\n|\n|-weather|RainDance|[upkeep]\n|upkeep\n|turn|3\n|\n|t:|1700990140\n|switch|p1a: Ferrothorn|Ferrothorn, M, shiny|100\/100\n|move|p2a: Lapras|Whirlpool|p1a: Ferrothorn|[miss]\n|-miss|p2a: Lapras|p1a: Ferrothorn\n|\n|-weather|RainDance|[upkeep]\n|upkeep\n|turn|4\n|\n|t:|1700990148\n|move|p2a: Lapras|Whirlpool|p1a: Ferrothorn\n|-resisted|p1a: Ferrothorn\n|-damage|p1a: Ferrothorn|96\/100\n|-activate|p1a: Ferrothorn|move: Whirlpool|[of] p2a: Lapras\n|move|p1a: Ferrothorn|Leech Seed|p2a: Lapras\n|-start|p2a: Lapras|move: Leech Seed\n|\n|-weather|RainDance|[upkeep]\n|-heal|p1a: Ferrothorn|100\/100|[from] item: Leftovers\n|-damage|p2a: Lapras|88\/100|[from] Leech Seed|[of] p1a: Ferrothorn\n|-damage|p1a: Ferrothorn|88\/100|[from] move: Whirlpool|[partiallytrapped]\n|upkeep\n|turn|5\n|\n|t:|1700990159\n|move|p2a: Lapras|Perish Song|p2a: Lapras\n|-start|p1a: Ferrothorn|perish3|[silent]\n|-start|p2a: Lapras|perish3|[silent]\n|-fieldactivate|move: Perish Song\n|move|p1a: Ferrothorn|Leech Seed||[still]\n|-fail|p1a: Ferrothorn\n|\n|-weather|RainDance|[upkeep]\n|-heal|p2a: Lapras|94\/100|[from] item: Leftovers\n|-heal|p1a: Ferrothorn|94\/100|[from] item: Leftovers\n|-damage|p2a: Lapras|82\/100|[from] Leech Seed|[of] p1a: Ferrothorn\n|-heal|p1a: Ferrothorn|100\/100|[silent]\n|-damage|p1a: Ferrothorn|88\/100|[from] move: Whirlpool|[partiallytrapped]\n|-start|p2a: Lapras|perish3\n|-start|p1a: Ferrothorn|perish3\n|upkeep\n|turn|6\n|\n|t:|1700990172\n|move|p2a: Lapras|Protect|p2a: Lapras\n|-singleturn|p2a: Lapras|Protect\n|move|p1a: Ferrothorn|Stealth Rock|p2a: Lapras\n|-sidestart|p2: tuenhi|move: Stealth Rock\n|\n|-weather|RainDance|[upkeep]\n|-heal|p2a: Lapras|88\/100|[from] item: Leftovers\n|-heal|p1a: Ferrothorn|94\/100|[from] item: Leftovers\n|-damage|p2a: Lapras|75\/100|[from] Leech Seed|[of] p1a: Ferrothorn\n|-heal|p1a: Ferrothorn|100\/100|[silent]\n|-damage|p1a: Ferrothorn|88\/100|[from] move: Whirlpool|[partiallytrapped]\n|-start|p2a: Lapras|perish2\n|-start|p1a: Ferrothorn|perish2\n|upkeep\n|turn|7\n|\n|t:|1700990189\n|move|p2a: Lapras|Whirlpool|p1a: Ferrothorn\n|-resisted|p1a: Ferrothorn\n|-damage|p1a: Ferrothorn|83\/100\n|move|p1a: Ferrothorn|Gyro Ball|p2a: Lapras\n|-damage|p2a: Lapras|47\/100\n|\n|-weather|RainDance|[upkeep]\n|-heal|p2a: Lapras|53\/100|[from] item: Leftovers\n|-heal|p1a: Ferrothorn|89\/100|[from] item: Leftovers\n|-damage|p2a: Lapras|41\/100|[from] Leech Seed|[of] p1a: Ferrothorn\n|-heal|p1a: Ferrothorn|100\/100|[silent]\n|-damage|p1a: Ferrothorn|88\/100|[from] move: Whirlpool|[partiallytrapped]\n|-start|p2a: Lapras|perish1\n|-start|p1a: Ferrothorn|perish1\n|upkeep\n|turn|8\n|\n|t:|1700990206\n|switch|p2a: Slowking|Slowking-Galar, F|100\/100\n|-damage|p2a: Slowking|88\/100|[from] Stealth Rock\n|move|p1a: Ferrothorn|Leech Seed|p2a: Slowking\n|-start|p2a: Slowking|move: Leech Seed\n|\n|-weather|none\n|-heal|p2a: Slowking|94\/100|[from] item: Black Sludge\n|-heal|p1a: Ferrothorn|94\/100|[from] item: Leftovers\n|-damage|p2a: Slowking|82\/100|[from] Leech Seed|[of] p1a: Ferrothorn\n|-heal|p1a: Ferrothorn|100\/100|[silent]\n|-end|p1a: Ferrothorn|Whirlpool|[partiallytrapped]\n|-start|p1a: Ferrothorn|perish0\n|upkeep\n|faint|p1a: Ferrothorn\n|\n|t:|1700990215\n|switch|p1a: Swampert|Swampert-Mega, F, shiny|84\/100\n|turn|9\n|\n|t:|1700990234\n|switch|p2a: Skarmory|Skarmory, M|66\/100\n|-damage|p2a: Skarmory|54\/100|[from] Stealth Rock\n|move|p1a: Swampert|Liquidation|p2a: Skarmory\n|-damage|p2a: Skarmory|21\/100\n|-damage|p1a: Swampert|68\/100|[from] item: Rocky Helmet|[of] p2a: Skarmory\n|\n|upkeep\n|turn|10\n|inactive|tuenhi has 120 seconds left.\n|\n|t:|1700990263\n|switch|p1a: Pelipper|Pelipper, F, shiny|100\/100\n|-weather|RainDance|[from] ability: Drizzle|[of] p1a: Pelipper\n|switch|p2a: Lapras|Lapras, M|41\/100\n|-damage|p2a: Lapras|16\/100|[from] Stealth Rock\n|\n|-weather|RainDance|[upkeep]\n|-heal|p2a: Lapras|22\/100|[from] item: Leftovers\n|upkeep\n|turn|11\n|inactive|tuenhi has 120 seconds left.\n|\n|t:|1700990283\n|move|p2a: Lapras|Rest|p2a: Lapras\n|-status|p2a: Lapras|slp|[from] move: Rest\n|-heal|p2a: Lapras|100\/100 slp|[silent]\n|move|p1a: Pelipper|U-turn|p2a: Lapras\n|-damage|p2a: Lapras|92\/100 slp\n|\n|t:|1700990303\n|switch|p1a: Swampert|Swampert-Mega, F, shiny|68\/100|[from] U-turn\n|\n|-weather|RainDance|[upkeep]\n|-heal|p2a: Lapras|98\/100 slp|[from] item: Leftovers\n|upkeep\n|turn|12\n|inactive|tuenhi has 120 seconds left.\n|\n|t:|1700990314\n|move|p1a: Swampert|Earthquake|p2a: Lapras\n|-damage|p2a: Lapras|43\/100 slp\n|cant|p2a: Lapras|slp\n|\n|-weather|RainDance|[upkeep]\n|-heal|p2a: Lapras|50\/100 slp|[from] item: Leftovers\n|upkeep\n|turn|13\n|inactive|tuenhi has 120 seconds left.\n|\n|t:|1700990330\n|switch|p2a: Zapdos|Zapdos|100\/100\n|move|p1a: Swampert|Liquidation|p2a: Zapdos\n|-damage|p2a: Zapdos|0 fnt\n|faint|p2a: Zapdos\n|\n|-weather|RainDance|[upkeep]\n|upkeep\n|inactive|tuenhi has 90 seconds left.\n|\n|t:|1700990357\n|switch|p2a: Skarmory|Skarmory, M|21\/100\n|-damage|p2a: Skarmory|9\/100|[from] Stealth Rock\n|turn|14\n|\n|t:|1700990371\n|move|p1a: Swampert|Flip Turn|p2a: Skarmory\n|-damage|p2a: Skarmory|0 fnt\n|-damage|p1a: Swampert|51\/100|[from] item: Rocky Helmet|[of] p2a: Skarmory\n|faint|p2a: Skarmory\n|\n|t:|1700990382\n|switch|p1a: Tapu Lele|Tapu Lele, shiny|100\/100|[from] Flip Turn\n|-fieldstart|move: Psychic Terrain|[from] ability: Psychic Surge|[of] p1a: Tapu Lele\n|\n|-weather|RainDance|[upkeep]\n|upkeep\n|\n|t:|1700990389\n|switch|p2a: Tyranitar|Tyranitar, M|100\/100\n|-damage|p2a: Tyranitar|88\/100|[from] Stealth Rock\n|-weather|Sandstorm|[from] ability: Sand Stream|[of] p2a: Tyranitar\n|turn|15\n|\n|t:|1700990395\n|detailschange|p2a: Tyranitar|Tyranitar-Mega, M\n|-mega|p2a: Tyranitar|Tyranitar|Tyranitarite\n|move|p1a: Tapu Lele|Moonblast|p2a: Tyranitar\n|-supereffective|p2a: Tyranitar\n|-damage|p2a: Tyranitar|47\/100\n|move|p2a: Tyranitar|Pursuit|p1a: Tapu Lele\n|-damage|p1a: Tapu Lele|64\/100\n|\n|-weather|Sandstorm|[upkeep]\n|-damage|p1a: Tapu Lele|58\/100|[from] Sandstorm\n|upkeep\n|turn|16\n|\n|t:|1700990412\n|move|p1a: Tapu Lele|Moonblast|p2a: Tyranitar\n|-supereffective|p2a: Tyranitar\n|-damage|p2a: Tyranitar|2\/100\n|move|p2a: Tyranitar|Stone Edge|p1a: Tapu Lele\n|-damage|p1a: Tapu Lele|0 fnt\n|faint|p1a: Tapu Lele\n|\n|-weather|Sandstorm|[upkeep]\n|upkeep\n|\n|t:|1700990418\n|switch|p1a: Pelipper|Pelipper, F, shiny|100\/100\n|-weather|RainDance|[from] ability: Drizzle|[of] p1a: Pelipper\n|turn|17\n|\n|t:|1700990425\n|move|p2a: Tyranitar|Stone Edge|p1a: Pelipper\n|-supereffective|p1a: Pelipper\n|-damage|p1a: Pelipper|0 fnt\n|faint|p1a: Pelipper\n|\n|-weather|RainDance|[upkeep]\n|upkeep\n|\n|t:|1700990430\n|switch|p1a: Greninja|Greninja, M|100\/100\n|turn|18\n|\n|t:|1700990436\n|move|p1a: Greninja|Dark Pulse|p2a: Tyranitar\n|-resisted|p2a: Tyranitar\n|-damage|p2a: Tyranitar|0 fnt\n|faint|p2a: Tyranitar\n|-ability|p1a: Greninja|Battle Bond|boost\n|-boost|p1a: Greninja|atk|1\n|-boost|p1a: Greninja|spa|1\n|-boost|p1a: Greninja|spe|1\n|-activate|p1a: Greninja|ability: Battle Bond\n|-damage|p1a: Greninja|91\/100|[from] item: Life Orb\n|\n|-weather|RainDance|[upkeep]\n|-fieldend|move: Psychic Terrain\n|upkeep\n|inactive|tuenhi has 120 seconds left.\n|\n|t:|1700990450\n|switch|p2a: Slowking|Slowking-Galar, F|100\/100\n|-damage|p2a: Slowking|88\/100|[from] Stealth Rock\n|turn|19\n|inactive|tuenhi has 120 seconds left.\n|\n|t:|1700990465\n|-terastallize|p2a: Slowking|Poison\n|move|p1a: Greninja|Dark Pulse|p2a: Slowking\n|-damage|p2a: Slowking|39\/100\n|-damage|p1a: Greninja|81\/100|[from] item: Life Orb\n|cant|p2a: Slowking|flinch\n|\n|-weather|RainDance|[upkeep]\n|-heal|p2a: Slowking|45\/100|[from] item: Black Sludge\n|upkeep\n|turn|20\n|inactive|tuenhi has 120 seconds left.\n|\n|t:|1700990491\n|move|p1a: Greninja|Dark Pulse|p2a: Slowking\n|-damage|p2a: Slowking|0 fnt\n|faint|p2a: Slowking\n|-damage|p1a: Greninja|71\/100|[from] item: Life Orb\n|\n|-weather|RainDance|[upkeep]\n|upkeep\n|\n|t:|1700990503\n|switch|p2a: Lapras|Lapras, M|50\/100 slp\n|-damage|p2a: Lapras|25\/100 slp|[from] Stealth Rock\n|turn|21\n|\n|t:|1700990509\n|move|p1a: Greninja|Dark Pulse|p2a: Lapras\n|-damage|p2a: Lapras|0 fnt\n|faint|p2a: Lapras\n|-damage|p1a: Greninja|61\/100|[from] item: Life Orb\n|\n|-weather|RainDance|[upkeep]\n|upkeep\n|-message|tuenhi forfeited.\n|\n|win|psng\n|raw|psng's rating: 1483 &rarr; <strong>1508<\/strong><br \/>(+25 for winning)\n|raw|tuenhi's rating: 1568 &rarr; <strong>1543<\/strong><br \/>(-25 for losing)\n|l|\u2606tuenhi\n","uploadtime":1700990520,"views":1,"p1id":"psng","p2id":"tuenhi","formatid":"gen9nationaldex","rating":1508,"private":0,"password":""}