{"id":"gen9nationaldex-1991929307","p1":"pheromosa's wig","p2":"devious fearvg","format":"[Gen 9] National Dex","log":"|j|\u2606pheromosa's wig\n|j|\u2606devious fearvg\n|t:|1700139368\n|gametype|singles\n|player|p1|pheromosa's wig|tulip|\n|player|p2|devious fearvg|alec-anime|\n|teamsize|p1|6\n|teamsize|p2|6\n|gen|9\n|tier|[Gen 9] National Dex\n|rule|HP Percentage Mod: HP is shown in percentages\n|rule|Endless Battle Clause: Forcing endless battles is banned\n|rule|OHKO Clause: OHKO moves are banned\n|rule|Evasion Clause: Evasion abilities, items, and moves are banned\n|rule|Evasion Abilities Clause: Evasion abilities are banned\n|rule|Evasion Items Clause: Evasion items are banned\n|rule|Evasion Moves Clause: Evasion moves are banned\n|rule|Species Clause: Limit one of each Pok\u00e9mon\n|rule|Sleep Clause Mod: Limit one foe put to sleep\n|clearpoke\n|poke|p1|Xatu, F|\n|poke|p1|Victini|\n|poke|p1|Skarmory, F|\n|poke|p1|Sinistcha|\n|poke|p1|Decidueye-Hisui, M|\n|poke|p1|Meloetta|\n|poke|p2|Manaphy|\n|poke|p2|Skeledirge, M|\n|poke|p2|Iron Treads|\n|poke|p2|Pidgeot, F|\n|poke|p2|Gallade, M|\n|poke|p2|Sableye, F|\n|teampreview\n|c|\u2606pheromosa's wig|gotta do smth rq\n|c|\u2606devious fearvg|oke\n|c|\u2606pheromosa's wig|gimme a sec and ill\n|c|\u2606pheromosa's wig|click smth\n|c|\u2606devious fearvg|ye take your time\n|c|\u2606devious fearvg|am not in a rush\n|c|\u2606pheromosa's wig|back\n|\n|t:|1700139501\n|start\n|switch|p1a: zazatu|Xatu, F, shiny|100\/100\n|switch|p2a: Iron Treads|Iron Treads|100\/100\n|turn|1\n|\n|t:|1700139516\n|move|p2a: Iron Treads|Knock Off|p1a: zazatu\n|-supereffective|p1a: zazatu\n|-damage|p1a: zazatu|40\/100\n|-enditem|p1a: zazatu|Light Clay|[from] move: Knock Off|[of] p2a: Iron Treads\n|move|p1a: zazatu|Reflect|p1a: zazatu\n|-sidestart|p1: pheromosa's wig|Reflect\n|\n|upkeep\n|turn|2\n|\n|t:|1700139525\n|move|p2a: Iron Treads|Volt Switch|p1a: zazatu\n|-supereffective|p1a: zazatu\n|-damage|p1a: zazatu|0 fnt\n|faint|p1a: zazatu\n|\n|t:|1700139565\n|-end|p2a: Iron Treads|Quark Drive|[silent]\n|switch|p2a: Manaphy|Manaphy|100\/100|[from] Volt Switch\n|\n|upkeep\n|\n|t:|1700139579\n|switch|p1a: TAYLOR SWIFT \ud83d\ude31|Meloetta|100\/100\n|turn|3\n|\n|t:|1700139595\n|move|p2a: Manaphy|Flip Turn|p1a: TAYLOR SWIFT \ud83d\ude31\n|-damage|p1a: TAYLOR SWIFT \ud83d\ude31|92\/100\n|\n|t:|1700139599\n|switch|p2a: Iron Treads|Iron Treads|100\/100|[from] Flip Turn\n|move|p1a: TAYLOR SWIFT \ud83d\ude31|Shadow Ball|p2a: Iron Treads\n|-damage|p2a: Iron Treads|71\/100\n|-unboost|p2a: Iron Treads|spd|1\n|\n|upkeep\n|turn|4\n|\n|t:|1700139607\n|move|p2a: Iron Treads|Knock Off|p1a: TAYLOR SWIFT \ud83d\ude31\n|-supereffective|p1a: TAYLOR SWIFT \ud83d\ude31\n|-damage|p1a: TAYLOR SWIFT \ud83d\ude31|66\/100\n|-enditem|p1a: TAYLOR SWIFT \ud83d\ude31|Assault Vest|[from] move: Knock Off|[of] p2a: Iron Treads\n|move|p1a: TAYLOR SWIFT \ud83d\ude31|Shadow Ball|p2a: Iron Treads\n|-damage|p2a: Iron Treads|29\/100\n|-unboost|p2a: Iron Treads|spd|1\n|\n|upkeep\n|turn|5\n|\n|t:|1700139620\n|move|p2a: Iron Treads|Volt Switch|p1a: TAYLOR SWIFT \ud83d\ude31\n|-damage|p1a: TAYLOR SWIFT \ud83d\ude31|52\/100\n|\n|t:|1700139627\n|-end|p2a: Iron Treads|Quark Drive|[silent]\n|switch|p2a: Manaphy|Manaphy|100\/100|[from] Volt Switch\n|move|p1a: TAYLOR SWIFT \ud83d\ude31|Shadow Ball|p2a: Manaphy\n|-damage|p2a: Manaphy|77\/100\n|-unboost|p2a: Manaphy|spd|1\n|\n|-heal|p2a: Manaphy|83\/100|[from] item: Leftovers\n|-sideend|p1: pheromosa's wig|Reflect\n|upkeep\n|turn|6\n|\n|t:|1700139639\n|move|p2a: Manaphy|Flip Turn|p1a: TAYLOR SWIFT \ud83d\ude31\n|-damage|p1a: TAYLOR SWIFT \ud83d\ude31|33\/100\n|\n|t:|1700139643\n|switch|p2a: Pidgeot|Pidgeot, F|100\/100|[from] Flip Turn\n|move|p1a: TAYLOR SWIFT \ud83d\ude31|Psychic|p2a: Pidgeot\n|-damage|p2a: Pidgeot|27\/100\n|\n|upkeep\n|turn|7\n|\n|t:|1700139660\n|switch|p2a: Manaphy|Manaphy|83\/100\n|move|p1a: TAYLOR SWIFT \ud83d\ude31|Dazzling Gleam|p2a: Manaphy\n|-damage|p2a: Manaphy|57\/100\n|\n|-heal|p2a: Manaphy|63\/100|[from] item: Leftovers\n|upkeep\n|turn|8\n|\n|t:|1700139674\n|move|p2a: Manaphy|Scald|p1a: TAYLOR SWIFT \ud83d\ude31\n|-damage|p1a: TAYLOR SWIFT \ud83d\ude31|10\/100\n|move|p1a: TAYLOR SWIFT \ud83d\ude31|Dazzling Gleam|p2a: Manaphy\n|-damage|p2a: Manaphy|38\/100\n|\n|-heal|p2a: Manaphy|45\/100|[from] item: Leftovers\n|upkeep\n|turn|9\n|\n|t:|1700139683\n|switch|p1a: satanic ritual|Sinistcha, shiny|100\/100\n|move|p2a: Manaphy|Flip Turn|p1a: satanic ritual\n|-resisted|p1a: satanic ritual\n|-damage|p1a: satanic ritual|91\/100\n|\n|t:|1700139693\n|switch|p2a: Pidgeot|Pidgeot, F|27\/100|[from] Flip Turn\n|\n|-heal|p1a: satanic ritual|97\/100|[from] item: Leftovers\n|upkeep\n|turn|10\n|\n|t:|1700139708\n|switch|p1a: toenail infection|Skarmory, F, shiny|100\/100\n|detailschange|p2a: Pidgeot|Pidgeot-Mega, F\n|-mega|p2a: Pidgeot|Pidgeot|Pidgeotite\n|move|p2a: Pidgeot|Hurricane|p1a: toenail infection\n|-resisted|p1a: toenail infection\n|-damage|p1a: toenail infection|69\/100\n|\n|upkeep\n|turn|11\n|\n|t:|1700139717\n|move|p2a: Pidgeot|Roost|p2a: Pidgeot\n|-heal|p2a: Pidgeot|77\/100\n|-singleturn|p2a: Pidgeot|move: Roost\n|move|p1a: toenail infection|Roost|p1a: toenail infection\n|-heal|p1a: toenail infection|100\/100\n|-singleturn|p1a: toenail infection|move: Roost\n|\n|upkeep\n|turn|12\n|\n|t:|1700139724\n|move|p2a: Pidgeot|Heat Wave|p1a: toenail infection\n|-supereffective|p1a: toenail infection\n|-damage|p1a: toenail infection|27\/100\n|move|p1a: toenail infection|Body Press|p2a: Pidgeot\n|-damage|p2a: Pidgeot|43\/100\n|\n|upkeep\n|turn|13\n|\n|t:|1700139766\n|switch|p1a: TAYLOR SWIFT \ud83d\ude31|Meloetta|10\/100\n|move|p2a: Pidgeot|Hurricane|p1a: TAYLOR SWIFT \ud83d\ude31\n|-damage|p1a: TAYLOR SWIFT \ud83d\ude31|0 fnt\n|faint|p1a: TAYLOR SWIFT \ud83d\ude31\n|\n|upkeep\n|\n|t:|1700139778\n|switch|p1a: satanic ritual|Sinistcha, shiny|97\/100\n|turn|14\n|\n|t:|1700139833\n|-terastallize|p1a: satanic ritual|Water\n|move|p2a: Pidgeot|U-turn|p1a: satanic ritual\n|-damage|p1a: satanic ritual|84\/100\n|\n|t:|1700139846\n|switch|p2a: Skeledirge|Skeledirge, M|100\/100|[from] U-turn\n|move|p1a: satanic ritual|Calm Mind|p1a: satanic ritual\n|-boost|p1a: satanic ritual|spa|1\n|-boost|p1a: satanic ritual|spd|1\n|\n|-heal|p1a: satanic ritual|90\/100|[from] item: Leftovers\n|upkeep\n|turn|15\n|\n|t:|1700139854\n|move|p2a: Skeledirge|Yawn|p1a: satanic ritual\n|-start|p1a: satanic ritual|move: Yawn|[of] p2a: Skeledirge\n|move|p1a: satanic ritual|Shadow Ball|p2a: Skeledirge\n|-supereffective|p2a: Skeledirge\n|-damage|p2a: Skeledirge|29\/100\n|\n|-heal|p1a: satanic ritual|96\/100|[from] item: Leftovers\n|upkeep\n|turn|16\n|\n|t:|1700139890\n|switch|p2a: Iron Treads|Iron Treads|29\/100\n|switch|p1a: thicktini \ud83d\ude0d|Victini|100\/100\n|\n|upkeep\n|turn|17\n|\n|t:|1700139902\n|switch|p1a: ROSE TOY \ud83c\udf39|Decidueye-Hisui, M|100\/100\n|move|p2a: Iron Treads|Knock Off|p1a: ROSE TOY \ud83c\udf39\n|-resisted|p1a: ROSE TOY \ud83c\udf39\n|-damage|p1a: ROSE TOY \ud83c\udf39|86\/100\n|-enditem|p1a: ROSE TOY \ud83c\udf39|Expert Belt|[from] move: Knock Off|[of] p2a: Iron Treads\n|\n|upkeep\n|turn|18\n|\n|t:|1700139934\n|move|p2a: Iron Treads|Ice Spinner|p1a: ROSE TOY \ud83c\udf39\n|-supereffective|p1a: ROSE TOY \ud83c\udf39\n|-damage|p1a: ROSE TOY \ud83c\udf39|38\/100\n|move|p1a: ROSE TOY \ud83c\udf39|Triple Arrows|p2a: Iron Treads\n|-supereffective|p2a: Iron Treads\n|-damage|p2a: Iron Treads|0 fnt\n|faint|p2a: Iron Treads\n|-end|p2a: Iron Treads|Quark Drive|[silent]\n|\n|upkeep\n|\n|t:|1700139959\n|switch|p2a: Gallade|Gallade, M|100\/100\n|turn|19\n|\n|t:|1700139983\n|switch|p1a: toenail infection|Skarmory, F, shiny|27\/100\n|move|p2a: Gallade|Sacred Sword|p1a: toenail infection\n|-damage|p1a: toenail infection|0 fnt\n|-damage|p2a: Gallade|84\/100|[from] item: Rocky Helmet|[of] p1a: toenail infection\n|faint|p1a: toenail infection\n|\n|upkeep\n|\n|t:|1700139995\n|switch|p1a: thicktini \ud83d\ude0d|Victini|100\/100\n|turn|20\n|\n|t:|1700140014\n|switch|p2a: Sableye|Sableye, F|100\/100\n|move|p1a: thicktini \ud83d\ude0d|Bolt Strike|p2a: Sableye\n|-damage|p2a: Sableye|29\/100\n|\n|upkeep\n|turn|21\n|\n|t:|1700140025\n|move|p2a: Sableye|Toxic|p1a: thicktini \ud83d\ude0d\n|-status|p1a: thicktini \ud83d\ude0d|tox\n|move|p1a: thicktini \ud83d\ude0d|Bolt Strike|p2a: Sableye\n|-damage|p2a: Sableye|0 fnt\n|faint|p2a: Sableye\n|\n|-damage|p1a: thicktini \ud83d\ude0d|94\/100 tox|[from] psn\n|upkeep\n|\n|t:|1700140104\n|switch|p2a: Manaphy|Manaphy|45\/100\n|turn|22\n|\n|t:|1700140116\n|switch|p1a: ROSE TOY \ud83c\udf39|Decidueye-Hisui, M|38\/100\n|-terastallize|p2a: Manaphy|Grass\n|move|p2a: Manaphy|Flip Turn|p1a: ROSE TOY \ud83c\udf39\n|-resisted|p1a: ROSE TOY \ud83c\udf39\n|-damage|p1a: ROSE TOY \ud83c\udf39|28\/100\n|\n|t:|1700140138\n|switch|p2a: Gallade|Gallade, M|84\/100|[from] Flip Turn\n|\n|upkeep\n|turn|23\n|\n|t:|1700140150\n|move|p1a: ROSE TOY \ud83c\udf39|Sucker Punch|p2a: Gallade\n|-crit|p2a: Gallade\n|-damage|p2a: Gallade|22\/100\n|move|p2a: Gallade|Sacred Sword|p1a: ROSE TOY \ud83c\udf39\n|-damage|p1a: ROSE TOY \ud83c\udf39|0 fnt\n|faint|p1a: ROSE TOY \ud83c\udf39\n|\n|upkeep\n|\n|t:|1700140158\n|switch|p1a: thicktini \ud83d\ude0d|Victini|94\/100 tox\n|turn|24\n|\n|t:|1700140166\n|switch|p2a: Manaphy|Manaphy, tera:Grass|45\/100\n|move|p1a: thicktini \ud83d\ude0d|V-create|p2a: Manaphy\n|-supereffective|p2a: Manaphy\n|-crit|p2a: Manaphy\n|-damage|p2a: Manaphy|0 fnt\n|-unboost|p1a: thicktini \ud83d\ude0d|spe|1\n|-unboost|p1a: thicktini \ud83d\ude0d|def|1\n|-unboost|p1a: thicktini \ud83d\ude0d|spd|1\n|faint|p2a: Manaphy\n|\n|-damage|p1a: thicktini \ud83d\ude0d|88\/100 tox|[from] psn\n|upkeep\n|\n|t:|1700140185\n|switch|p2a: Pidgeot|Pidgeot-Mega, F|43\/100\n|turn|25\n|\n|t:|1700140192\n|switch|p1a: satanic ritual|Sinistcha, shiny, tera:Water|96\/100\n|move|p2a: Pidgeot|Hurricane|p1a: satanic ritual\n|-damage|p1a: satanic ritual|23\/100\n|\n|-heal|p1a: satanic ritual|29\/100|[from] item: Leftovers\n|upkeep\n|turn|26\n|\n|t:|1700140200\n|move|p2a: Pidgeot|Hurricane|p1a: satanic ritual\n|-damage|p1a: satanic ritual|0 fnt\n|faint|p1a: satanic ritual\n|\n|upkeep\n|\n|t:|1700140205\n|switch|p1a: thicktini \ud83d\ude0d|Victini|88\/100 tox\n|turn|27\n|c|\u2606pheromosa's wig|gg lol\n|\n|t:|1700140212\n|move|p2a: Pidgeot|Hurricane|p1a: thicktini \ud83d\ude0d\n|-damage|p1a: thicktini \ud83d\ude0d|25\/100 tox\n|-start|p1a: thicktini \ud83d\ude0d|confusion\n|-activate|p1a: thicktini \ud83d\ude0d|confusion\n|-damage|p1a: thicktini \ud83d\ude0d|13\/100 tox|[from] confusion\n|\n|-damage|p1a: thicktini \ud83d\ude0d|7\/100 tox|[from] psn\n|upkeep\n|turn|28\n|c|\u2606devious fearvg|ggs pea\n|c|\u2606pheromosa's wig|love this game LMAO\n|\n|t:|1700140223\n|move|p2a: Pidgeot|Hurricane|p1a: thicktini \ud83d\ude0d\n|-damage|p1a: thicktini \ud83d\ude0d|0 fnt\n|faint|p1a: thicktini \ud83d\ude0d\n|\n|win|devious fearvg\n|c|\u2606pheromosa's wig|good luck in the tourney from here !!\n|c|\u2606devious fearvg|ngl I feel like I robbed u first round\n|c|\u2606devious fearvg|thanks pea\n|c|\u2606pheromosa's wig|yw\n|c|\u2606devious fearvg|am facing denz next\n|l|\u2606pheromosa's wig\n","uploadtime":1700140283,"views":5,"p1id":"pheromosaswig","p2id":"deviousfearvg","formatid":"gen9nationaldex","rating":0,"private":0,"password":""}