{"id":"gen9nationaldex-1989542931","p1":"BanZui","p2":"Tentacultistry","format":"[Gen 9] National Dex","log":"|j|\u2606BanZui\n|j|\u2606Tentacultistry\n|t:|1699868579\n|gametype|singles\n|player|p1|BanZui|may-contest|1338\n|player|p2|Tentacultistry|elesa-masters2|1419\n|teamsize|p1|6\n|teamsize|p2|6\n|gen|9\n|tier|[Gen 9] National Dex\n|rated|\n|rule|HP Percentage Mod: HP is shown in percentages\n|rule|Endless Battle Clause: Forcing endless battles is banned\n|rule|OHKO Clause: OHKO moves are banned\n|rule|Evasion Clause: Evasion abilities, items, and moves are banned\n|rule|Evasion Abilities Clause: Evasion abilities are banned\n|rule|Evasion Items Clause: Evasion items are banned\n|rule|Evasion Moves Clause: Evasion moves are banned\n|rule|Species Clause: Limit one of each Pok\u00e9mon\n|rule|Sleep Clause Mod: Limit one foe put to sleep\n|clearpoke\n|poke|p1|Venusaur, F|\n|poke|p1|Infernape, M|\n|poke|p1|Vikavolt, M|\n|poke|p1|Iron Valiant|\n|poke|p1|Slowbro, F|\n|poke|p1|Clodsire, M|\n|poke|p2|Tapu Koko|\n|poke|p2|Iron Valiant|\n|poke|p2|Iron Hands|\n|poke|p2|Xurkitree|\n|poke|p2|Iron Treads|\n|poke|p2|Iron Jugulis|\n|teampreview\n|inactive|Battle timer is ON: inactive players will automatically lose when time's up. (requested by BanZui)\n|\n|t:|1699868596\n|start\n|switch|p1a: \u94f6\u8272\u6218\u8f66|Vikavolt, M, shiny|100\/100\n|switch|p2a: Rita|Tapu Koko|100\/100\n|-fieldstart|move: Electric Terrain|[from] ability: Electric Surge|[of] p2a: Rita\n|turn|1\n|\n|t:|1699868603\n|move|p2a: Rita|U-turn|p1a: \u94f6\u8272\u6218\u8f66\n|-damage|p1a: \u94f6\u8272\u6218\u8f66|73\/100\n|\n|t:|1699868605\n|switch|p2a: Short King|Iron Treads|100\/100|[from] U-turn\n|-activate|p2a: Short King|ability: Quark Drive\n|-start|p2a: Short King|quarkdrivespe\n|move|p1a: \u94f6\u8272\u6218\u8f66|Sticky Web|p2a: Short King\n|-sidestart|p2: Tentacultistry|move: Sticky Web\n|\n|upkeep\n|turn|2\n|\n|t:|1699868622\n|-terastallize|p1a: \u94f6\u8272\u6218\u8f66|Fire\n|move|p2a: Short King|Wild Charge|p1a: \u94f6\u8272\u6218\u8f66\n|-damage|p1a: \u94f6\u8272\u6218\u8f66|23\/100\n|-damage|p2a: Short King|89\/100|[from] Recoil\n|move|p1a: \u94f6\u8272\u6218\u8f66|Tera Blast|p2a: Short King|[anim] Tera Blast Fire\n|-supereffective|p2a: Short King\n|-damage|p2a: Short King|0 fnt\n|faint|p2a: Short King\n|-end|p2a: Short King|Quark Drive|[silent]\n|\n|upkeep\n|\n|t:|1699868632\n|switch|p2a: Jimothy cool|Iron Jugulis|100\/100\n|-activate|p2a: Jimothy cool|ability: Quark Drive\n|-start|p2a: Jimothy cool|quarkdrivespe\n|turn|3\n|\n|t:|1699868639\n|move|p2a: Jimothy cool|Air Slash|p1a: \u94f6\u8272\u6218\u8f66\n|-damage|p1a: \u94f6\u8272\u6218\u8f66|0 fnt\n|faint|p1a: \u94f6\u8272\u6218\u8f66\n|-damage|p2a: Jimothy cool|91\/100|[from] item: Life Orb\n|\n|upkeep\n|\n|t:|1699868655\n|switch|p1a: \u767d\u91d1\u4e4b\u661f|Iron Valiant, shiny|100\/100\n|-activate|p1a: \u767d\u91d1\u4e4b\u661f|ability: Quark Drive\n|-start|p1a: \u767d\u91d1\u4e4b\u661f|quarkdrivespe\n|turn|4\n|\n|t:|1699868666\n|-terastallize|p2a: Jimothy cool|Grass\n|move|p1a: \u767d\u91d1\u4e4b\u661f|Spirit Break|p2a: Jimothy cool\n|-damage|p2a: Jimothy cool|44\/100\n|-unboost|p2a: Jimothy cool|spa|1\n|move|p2a: Jimothy cool|Air Slash|p1a: \u767d\u91d1\u4e4b\u661f\n|-supereffective|p1a: \u767d\u91d1\u4e4b\u661f\n|-damage|p1a: \u767d\u91d1\u4e4b\u661f|0 fnt\n|faint|p1a: \u767d\u91d1\u4e4b\u661f\n|-end|p1a: \u767d\u91d1\u4e4b\u661f|Quark Drive|[silent]\n|-damage|p2a: Jimothy cool|35\/100|[from] item: Life Orb\n|\n|upkeep\n|\n|t:|1699868690\n|switch|p1a: \u611a\u8005|Clodsire, M, shiny|100\/100\n|turn|5\n|\n|t:|1699868695\n|-end|p2a: Jimothy cool|Quark Drive|[silent]\n|switch|p2a: Wide Stance Craig|Iron Hands|100\/100\n|-activate|p2a: Wide Stance Craig|move: Sticky Web\n|-unboost|p2a: Wide Stance Craig|spe|1\n|-activate|p2a: Wide Stance Craig|ability: Quark Drive\n|-start|p2a: Wide Stance Craig|quarkdriveatk\n|move|p1a: \u611a\u8005|Stealth Rock|p2a: Wide Stance Craig\n|-sidestart|p2: Tentacultistry|move: Stealth Rock\n|\n|upkeep\n|turn|6\n|\n|t:|1699868701\n|move|p2a: Wide Stance Craig|Ice Punch|p1a: \u611a\u8005\n|-supereffective|p1a: \u611a\u8005\n|-damage|p1a: \u611a\u8005|39\/100\n|move|p1a: \u611a\u8005|Toxic|p2a: Wide Stance Craig\n|-status|p2a: Wide Stance Craig|tox\n|\n|-heal|p1a: \u611a\u8005|45\/100|[from] item: Leftovers\n|-damage|p2a: Wide Stance Craig|94\/100 tox|[from] psn\n|upkeep\n|turn|7\n|\n|t:|1699868707\n|switch|p1a: \u7d2b\u8272\u9690\u8005|Slowbro, F, shiny|100\/100\n|move|p2a: Wide Stance Craig|Drain Punch|p1a: \u7d2b\u8272\u9690\u8005\n|-resisted|p1a: \u7d2b\u8272\u9690\u8005\n|-damage|p1a: \u7d2b\u8272\u9690\u8005|87\/100\n|-heal|p2a: Wide Stance Craig|99\/100 tox|[from] drain|[of] p1a: \u7d2b\u8272\u9690\u8005\n|\n|-damage|p2a: Wide Stance Craig|87\/100 tox|[from] psn\n|upkeep\n|turn|8\n|\n|t:|1699868711\n|move|p2a: Wide Stance Craig|Wild Charge|p1a: \u7d2b\u8272\u9690\u8005\n|-supereffective|p1a: \u7d2b\u8272\u9690\u8005\n|-damage|p1a: \u7d2b\u8272\u9690\u8005|5\/100\n|-damage|p2a: Wide Stance Craig|71\/100 tox|[from] Recoil\n|move|p1a: \u7d2b\u8272\u9690\u8005|Future Sight|p2a: Wide Stance Craig\n|-start|p1a: \u7d2b\u8272\u9690\u8005|move: Future Sight\n|\n|-damage|p2a: Wide Stance Craig|52\/100 tox|[from] psn\n|-fieldend|move: Electric Terrain\n|-end|p2a: Wide Stance Craig|Quark Drive\n|upkeep\n|turn|9\n|\n|t:|1699868724\n|switch|p1a: \u611a\u8005|Clodsire, M, shiny|45\/100\n|move|p2a: Wide Stance Craig|Ice Punch|p1a: \u611a\u8005\n|-supereffective|p1a: \u611a\u8005\n|-damage|p1a: \u611a\u8005|0 fnt\n|faint|p1a: \u611a\u8005\n|\n|-damage|p2a: Wide Stance Craig|27\/100 tox|[from] psn\n|upkeep\n|\n|t:|1699868732\n|switch|p1a: \u7ea2\u8272\u9b54\u672f\u5e08|Infernape, M, shiny|100\/100\n|turn|10\n|\n|t:|1699868746\n|move|p1a: \u7ea2\u8272\u9b54\u672f\u5e08|Raging Fury|p2a: Wide Stance Craig\n|-damage|p2a: Wide Stance Craig|0 fnt\n|faint|p2a: Wide Stance Craig\n|-end|p2a: Wide Stance Craig|Quark Drive|[silent]\n|\n|-hint|Future Sight did not hit because the target is fainted.\n|upkeep\n|\n|t:|1699868758\n|switch|p2a: Rita|Tapu Koko|100\/100\n|-activate|p2a: Rita|move: Sticky Web\n|-unboost|p2a: Rita|spe|1\n|-damage|p2a: Rita|88\/100|[from] Stealth Rock\n|-fieldstart|move: Electric Terrain|[from] ability: Electric Surge|[of] p2a: Rita\n|turn|11\n|\n|t:|1699868760\n|move|p1a: \u7ea2\u8272\u9b54\u672f\u5e08|Raging Fury|p2a: Rita|[from]lockedmove\n|-damage|p2a: Rita|0 fnt\n|faint|p2a: Rita\n|\n|upkeep\n|\n|t:|1699868765\n|switch|p2a: Klein|Iron Valiant|100\/100\n|-activate|p2a: Klein|move: Sticky Web\n|-unboost|p2a: Klein|spe|1\n|-damage|p2a: Klein|94\/100|[from] Stealth Rock\n|-activate|p2a: Klein|ability: Quark Drive\n|-start|p2a: Klein|quarkdrivespa\n|turn|12\n|\n|t:|1699868768\n|move|p1a: \u7ea2\u8272\u9b54\u672f\u5e08|Raging Fury|p2a: Klein|[from]lockedmove\n|-crit|p2a: Klein\n|-damage|p2a: Klein|0 fnt\n|faint|p2a: Klein\n|-end|p2a: Klein|Quark Drive|[silent]\n|-start|p1a: \u7ea2\u8272\u9b54\u672f\u5e08|confusion|[fatigue]\n|\n|upkeep\n|\n|t:|1699868776\n|switch|p2a: Fairy Lights|Xurkitree|100\/100\n|-activate|p2a: Fairy Lights|move: Sticky Web\n|-unboost|p2a: Fairy Lights|spe|1\n|-damage|p2a: Fairy Lights|88\/100|[from] Stealth Rock\n|turn|13\n|\n|t:|1699868782\n|-activate|p1a: \u7ea2\u8272\u9b54\u672f\u5e08|confusion\n|move|p1a: \u7ea2\u8272\u9b54\u672f\u5e08|Raging Fury|p2a: Fairy Lights\n|-damage|p2a: Fairy Lights|0 fnt\n|faint|p2a: Fairy Lights\n|\n|upkeep\n|\n|t:|1699868787\n|switch|p2a: Jimothy cool|Iron Jugulis, tera:Grass|35\/100\n|-activate|p2a: Jimothy cool|move: Sticky Web\n|-unboost|p2a: Jimothy cool|spe|1\n|-damage|p2a: Jimothy cool|22\/100|[from] Stealth Rock\n|-activate|p2a: Jimothy cool|ability: Quark Drive\n|-start|p2a: Jimothy cool|quarkdrivespa\n|turn|14\n|\n|t:|1699868791\n|-activate|p1a: \u7ea2\u8272\u9b54\u672f\u5e08|confusion\n|move|p1a: \u7ea2\u8272\u9b54\u672f\u5e08|Raging Fury|p2a: Jimothy cool|[from]lockedmove\n|-supereffective|p2a: Jimothy cool\n|-damage|p2a: Jimothy cool|0 fnt\n|faint|p2a: Jimothy cool\n|-end|p2a: Jimothy cool|Quark Drive|[silent]\n|\n|win|BanZui\n|raw|BanZui's rating: 1338 &rarr; <strong>1363<\/strong><br \/>(+25 for winning)\n|raw|Tentacultistry's rating: 1419 &rarr; <strong>1394<\/strong><br \/>(-25 for losing)\n","uploadtime":1699868984,"views":13,"p1id":"banzui","p2id":"tentacultistry","formatid":"gen9nationaldex","rating":1363,"private":0,"password":""}