{"id":"gen9nationaldex-1993174048","p1":"ItsPookinTime","p2":"zkayani","format":"[Gen 9] National Dex","log":"|j|\u2606ItsPookinTime\n|j|\u2606zkayani\n|t:|1700273825\n|gametype|singles\n|player|p1|ItsPookinTime|byron|\n|player|p2|zkayani|265|\n|teamsize|p1|6\n|teamsize|p2|6\n|gen|9\n|tier|[Gen 9] National Dex\n|rule|HP Percentage Mod: HP is shown in percentages\n|rule|Endless Battle Clause: Forcing endless battles is banned\n|rule|OHKO Clause: OHKO moves are banned\n|rule|Evasion Clause: Evasion abilities, items, and moves are banned\n|rule|Evasion Abilities Clause: Evasion abilities are banned\n|rule|Evasion Items Clause: Evasion items are banned\n|rule|Evasion Moves Clause: Evasion moves are banned\n|rule|Species Clause: Limit one of each Pok\u00e9mon\n|rule|Sleep Clause Mod: Limit one foe put to sleep\n|clearpoke\n|poke|p1|Serperior, M|\n|poke|p1|Braviary-Hisui, M|\n|poke|p1|Kingdra, M|\n|poke|p1|Obstagoon, M|\n|poke|p1|Copperajah, M|\n|poke|p1|Electrode-Hisui|\n|poke|p2|Aerodactyl, F|\n|poke|p2|Mantine, F|\n|poke|p2|Donphan, F|\n|poke|p2|Kadabra, M|\n|poke|p2|Gallade, M|\n|poke|p2|Persian-Alola, M|\n|teampreview\n|\n|t:|1700273837\n|start\n|switch|p1a: Kingdra|Kingdra, M|100\/100\n|switch|p2a: Aerodactyl|Aerodactyl, F|100\/100\n|turn|1\n|\n|t:|1700273857\n|move|p2a: Aerodactyl|Dual Wingbeat|p1a: Kingdra\n|-damage|p1a: Kingdra|79\/100\n|-damage|p1a: Kingdra|61\/100\n|-hitcount|p1a: Kingdra|2\n|move|p1a: Kingdra|Ice Beam|p2a: Aerodactyl\n|-supereffective|p2a: Aerodactyl\n|-damage|p2a: Aerodactyl|52\/100\n|\n|-heal|p1a: Kingdra|67\/100|[from] item: Leftovers\n|upkeep\n|turn|2\n|\n|t:|1700273868\n|detailschange|p2a: Aerodactyl|Aerodactyl-Mega, F\n|-mega|p2a: Aerodactyl|Aerodactyl|Aerodactylite\n|move|p2a: Aerodactyl|Dual Wingbeat|p1a: Kingdra\n|-crit|p1a: Kingdra\n|-damage|p1a: Kingdra|18\/100\n|-damage|p1a: Kingdra|0 fnt\n|faint|p1a: Kingdra\n|-hitcount|p1: Kingdra|2\n|\n|upkeep\n|\n|t:|1700273892\n|switch|p1a: Copperajah|Copperajah, M|100\/100\n|turn|3\n|\n|t:|1700273916\n|switch|p2a: Gallade|Gallade, M|100\/100\n|move|p1a: Copperajah|Heavy Slam|p2a: Gallade\n|-damage|p2a: Gallade|0 fnt\n|faint|p2a: Gallade\n|\n|upkeep\n|\n|t:|1700273939\n|switch|p2a: Kadabra|Kadabra, M|100\/100\n|turn|4\n|\n|t:|1700273952\n|move|p2a: Kadabra|Shadow Ball|p1a: Copperajah\n|-damage|p1a: Copperajah|82\/100\n|move|p1a: Copperajah|Knock Off|p2a: Kadabra\n|-supereffective|p2a: Kadabra\n|-enditem|p2a: Kadabra|Focus Sash\n|-damage|p2a: Kadabra|1\/100\n|\n|upkeep\n|turn|5\n|\n|t:|1700273984\n|switch|p2a: Donphan|Donphan, F|100\/100\n|move|p1a: Copperajah|Heavy Slam|p2a: Donphan\n|-damage|p2a: Donphan|52\/100\n|\n|-heal|p2a: Donphan|58\/100|[from] item: Leftovers\n|upkeep\n|turn|6\n|\n|t:|1700273994\n|switch|p1a: Serperior|Serperior, M|100\/100\n|move|p2a: Donphan|Earthquake|p1a: Serperior\n|-resisted|p1a: Serperior\n|-damage|p1a: Serperior|64\/100\n|\n|-heal|p2a: Donphan|65\/100|[from] item: Leftovers\n|upkeep\n|turn|7\n|\n|t:|1700274012\n|switch|p2a: Aerodactyl|Aerodactyl-Mega, F|52\/100\n|move|p1a: Serperior|Leaf Storm|p2a: Aerodactyl\n|-damage|p2a: Aerodactyl|5\/100\n|-boost|p1a: Serperior|spa|2\n|\n|upkeep\n|turn|8\n|\n|t:|1700274023\n|move|p2a: Aerodactyl|Dual Wingbeat|p1a: Serperior|[miss]\n|-miss|p2a: Aerodactyl|p1a: Serperior\n|move|p1a: Serperior|Substitute|p1a: Serperior\n|-start|p1a: Serperior|Substitute\n|-damage|p1a: Serperior|40\/100\n|\n|upkeep\n|turn|9\n|\n|t:|1700274036\n|move|p2a: Aerodactyl|Dual Wingbeat|p1a: Serperior\n|-supereffective|p1a: Serperior\n|-end|p1a: Serperior|Substitute\n|-supereffective|p1a: Serperior\n|-damage|p1a: Serperior|0 fnt\n|faint|p1a: Serperior\n|-hitcount|p1: Serperior|2\n|\n|upkeep\n|\n|t:|1700274043\n|switch|p1a: Electrode|Electrode-Hisui|100\/100\n|turn|10\n|\n|t:|1700274059\n|switch|p2a: Donphan|Donphan, F|65\/100\n|move|p1a: Electrode|Volt Switch|p2a: Donphan\n|-immune|p2a: Donphan\n|\n|-heal|p2a: Donphan|71\/100|[from] item: Leftovers\n|upkeep\n|turn|11\n|\n|t:|1700274073\n|move|p1a: Electrode|Leech Seed|p2a: Donphan\n|-start|p2a: Donphan|move: Leech Seed\n|move|p2a: Donphan|Earthquake|p1a: Electrode\n|-damage|p1a: Electrode|21\/100\n|\n|-heal|p2a: Donphan|77\/100|[from] item: Leftovers\n|-damage|p2a: Donphan|65\/100|[from] Leech Seed|[of] p1a: Electrode\n|-heal|p1a: Electrode|35\/100|[silent]\n|upkeep\n|turn|12\n|\n|t:|1700274083\n|switch|p1a: Braviary|Braviary-Hisui, M|100\/100\n|move|p2a: Donphan|Earthquake|p1a: Braviary\n|-immune|p1a: Braviary\n|\n|-heal|p2a: Donphan|71\/100|[from] item: Leftovers\n|-damage|p2a: Donphan|58\/100|[from] Leech Seed|[of] p1a: Braviary\n|upkeep\n|turn|13\n|\n|t:|1700274111\n|switch|p2a: Aerodactyl|Aerodactyl-Mega, F|5\/100\n|move|p1a: Braviary|Calm Mind|p1a: Braviary\n|-boost|p1a: Braviary|spa|1\n|-boost|p1a: Braviary|spd|1\n|\n|upkeep\n|turn|14\n|\n|t:|1700274120\n|move|p2a: Aerodactyl|Stone Edge|p1a: Braviary\n|-supereffective|p1a: Braviary\n|-crit|p1a: Braviary\n|-damage|p1a: Braviary|0 fnt\n|faint|p1a: Braviary\n|\n|upkeep\n|\n|t:|1700274131\n|switch|p1a: Electrode|Electrode-Hisui|35\/100\n|turn|15\n|\n|t:|1700274139\n|move|p1a: Electrode|Leech Seed|p2a: Aerodactyl|[miss]\n|-miss|p1a: Electrode|p2a: Aerodactyl\n|move|p2a: Aerodactyl|Stone Edge|p1a: Electrode\n|-damage|p1a: Electrode|0 fnt\n|faint|p1a: Electrode\n|\n|upkeep\n|\n|t:|1700274145\n|switch|p1a: Obstagoon|Obstagoon, M|100\/100\n|turn|16\n|\n|t:|1700274179\n|move|p2a: Aerodactyl|Dual Wingbeat|p1a: Obstagoon|[miss]\n|-miss|p2a: Aerodactyl|p1a: Obstagoon\n|move|p1a: Obstagoon|Brick Break|p2a: Aerodactyl\n|-damage|p2a: Aerodactyl|0 fnt\n|faint|p2a: Aerodactyl\n|\n|-status|p1a: Obstagoon|brn|[from] item: Flame Orb\n|upkeep\n|\n|t:|1700274191\n|switch|p2a: Donphan|Donphan, F|58\/100\n|turn|17\n|\n|t:|1700274196\n|move|p1a: Obstagoon|Facade|p2a: Donphan\n|-damage|p2a: Donphan|0 fnt\n|faint|p2a: Donphan\n|\n|-damage|p1a: Obstagoon|94\/100 brn|[from] brn\n|upkeep\n|\n|t:|1700274211\n|switch|p2a: Persian|Persian-Alola, M|100\/100\n|turn|18\n|\n|t:|1700274215\n|move|p2a: Persian|U-turn|p1a: Obstagoon\n|-supereffective|p1a: Obstagoon\n|-damage|p1a: Obstagoon|74\/100 brn\n|\n|t:|1700274222\n|switch|p2a: Mantine|Mantine, F|100\/100|[from] U-turn\n|move|p1a: Obstagoon|Facade|p2a: Mantine\n|-damage|p2a: Mantine|24\/100\n|\n|-damage|p1a: Obstagoon|68\/100 brn|[from] brn\n|upkeep\n|turn|19\n|\n|t:|1700274243\n|move|p1a: Obstagoon|Facade|p2a: Mantine\n|-damage|p2a: Mantine|0 fnt\n|faint|p2a: Mantine\n|\n|-damage|p1a: Obstagoon|62\/100 brn|[from] brn\n|upkeep\n|\n|t:|1700274253\n|switch|p2a: Persian|Persian-Alola, M|100\/100\n|turn|20\n|\n|t:|1700274256\n|move|p2a: Persian|U-turn|p1a: Obstagoon\n|-supereffective|p1a: Obstagoon\n|-damage|p1a: Obstagoon|44\/100 brn\n|\n|t:|1700274260\n|switch|p2a: Kadabra|Kadabra, M|1\/100|[from] U-turn\n|move|p1a: Obstagoon|Facade|p2a: Kadabra\n|-damage|p2a: Kadabra|0 fnt\n|faint|p2a: Kadabra\n|\n|-damage|p1a: Obstagoon|38\/100 brn|[from] brn\n|upkeep\n|\n|t:|1700274268\n|switch|p2a: Persian|Persian-Alola, M|100\/100\n|turn|21\n|\n|t:|1700274271\n|move|p2a: Persian|Dark Pulse|p1a: Obstagoon\n|-resisted|p1a: Obstagoon\n|-damage|p1a: Obstagoon|19\/100 brn\n|cant|p1a: Obstagoon|flinch\n|\n|-damage|p1a: Obstagoon|13\/100 brn|[from] brn\n|upkeep\n|turn|22\n|\n|t:|1700274279\n|move|p2a: Persian|Dark Pulse|p1a: Obstagoon\n|-resisted|p1a: Obstagoon\n|-damage|p1a: Obstagoon|0 fnt\n|faint|p1a: Obstagoon\n|\n|upkeep\n|\n|t:|1700274283\n|switch|p1a: Copperajah|Copperajah, M|82\/100\n|turn|23\n|\n|t:|1700274297\n|move|p2a: Persian|Dark Pulse|p1a: Copperajah\n|-damage|p1a: Copperajah|60\/100\n|move|p1a: Copperajah|Heavy Slam|p2a: Persian\n|-damage|p2a: Persian|31\/100\n|\n|-heal|p2a: Persian|37\/100|[from] item: Leftovers\n|upkeep\n|turn|24\n|\n|t:|1700274305\n|move|p2a: Persian|Dark Pulse|p1a: Copperajah\n|-damage|p1a: Copperajah|39\/100\n|move|p1a: Copperajah|Heavy Slam|p2a: Persian\n|-damage|p2a: Persian|0 fnt\n|faint|p2a: Persian\n|\n|win|ItsPookinTime\n","uploadtime":1700274315,"views":22,"p1id":"itspookintime","p2id":"zkayani","formatid":"gen9nationaldex","rating":0,"private":0,"password":""}