{"id":"gen9nationaldex-1993682147","p1":"CuriousStraightGuy","p2":"LykosWendigo00","format":"[Gen 9] National Dex","log":"|j|\u2606CuriousStraightGuy\n|j|\u2606LykosWendigo00\n|t:|1700345039\n|gametype|singles\n|player|p1|CuriousStraightGuy|blue|1400\n|player|p2|LykosWendigo00|n|1429\n|teamsize|p1|6\n|teamsize|p2|6\n|gen|9\n|tier|[Gen 9] National Dex\n|rated|\n|rule|HP Percentage Mod: HP is shown in percentages\n|rule|Endless Battle Clause: Forcing endless battles is banned\n|rule|OHKO Clause: OHKO moves are banned\n|rule|Evasion Clause: Evasion abilities, items, and moves are banned\n|rule|Evasion Abilities Clause: Evasion abilities are banned\n|rule|Evasion Items Clause: Evasion items are banned\n|rule|Evasion Moves Clause: Evasion moves are banned\n|rule|Species Clause: Limit one of each Pok\u00e9mon\n|rule|Sleep Clause Mod: Limit one foe put to sleep\n|clearpoke\n|poke|p1|Tapu Lele|\n|poke|p1|Starmie|\n|poke|p1|Gliscor, M|\n|poke|p1|Aggron, F|\n|poke|p1|Blissey, F|\n|poke|p1|Iron Valiant|\n|poke|p2|Absol, F|\n|poke|p2|Iron Valiant|\n|poke|p2|Corviknight, F|\n|poke|p2|Garganacl, M|\n|poke|p2|Volcarona, F|\n|poke|p2|Garchomp, M|\n|teampreview\n|inactive|Battle timer is ON: inactive players will automatically lose when time's up. (requested by LykosWendigo00)\n|\n|t:|1700345049\n|start\n|switch|p1a: WHY!?|Aggron, F|100\/100\n|switch|p2a: The Fall of Troy|Absol, F|100\/100\n|turn|1\n|\n|t:|1700345053\n|detailschange|p2a: The Fall of Troy|Absol-Mega, F\n|-mega|p2a: The Fall of Troy|Absol|Absolite\n|detailschange|p1a: WHY!?|Aggron-Mega, F\n|-mega|p1a: WHY!?|Aggron|Aggronite\n|move|p2a: The Fall of Troy|Close Combat|p1a: WHY!?\n|-supereffective|p1a: WHY!?\n|-damage|p1a: WHY!?|72\/100\n|-unboost|p2a: The Fall of Troy|def|1\n|-unboost|p2a: The Fall of Troy|spd|1\n|move|p1a: WHY!?|Body Press|p2a: The Fall of Troy\n|-supereffective|p2a: The Fall of Troy\n|-damage|p2a: The Fall of Troy|0 fnt\n|faint|p2a: The Fall of Troy\n|\n|upkeep\n|\n|t:|1700345067\n|switch|p2a: Omerta|Iron Valiant|100\/100\n|turn|2\n|c|\u2606CuriousStraightGuy|bulky aint it\n|\n|t:|1700345071\n|move|p2a: Omerta|Close Combat|p1a: WHY!?\n|-supereffective|p1a: WHY!?\n|-damage|p1a: WHY!?|36\/100\n|-unboost|p2a: Omerta|def|1\n|-unboost|p2a: Omerta|spd|1\n|move|p1a: WHY!?|Heavy Slam|p2a: Omerta\n|-supereffective|p2a: Omerta\n|-damage|p2a: Omerta|0 fnt\n|faint|p2a: Omerta\n|-end|p2a: Omerta|Quark Drive|[silent]\n|\n|upkeep\n|\n|t:|1700345076\n|switch|p2a: Death|Volcarona, F|100\/100\n|turn|3\n|\n|t:|1700345080\n|switch|p1a: Egg Woman ()|Blissey, F|100\/100\n|move|p2a: Death|Fiery Dance|p1a: Egg Woman ()\n|-damage|p1a: Egg Woman ()|83\/100\n|\n|upkeep\n|turn|4\n|\n|t:|1700345084\n|switch|p2a: SikTh|Corviknight, F|100\/100\n|-ability|p2a: SikTh|Pressure\n|move|p1a: Egg Woman ()|Toxic|p2a: SikTh\n|-immune|p2a: SikTh\n|\n|upkeep\n|turn|5\n|\n|t:|1700345092\n|move|p2a: SikTh|U-turn|p1a: Egg Woman ()\n|-damage|p1a: Egg Woman ()|70\/100\n|\n|t:|1700345096\n|switch|p2a: Deftones|Garganacl, M|100\/100|[from] U-turn\n|move|p1a: Egg Woman ()|Wish|p1a: Egg Woman ()\n|\n|upkeep\n|turn|6\n|\n|t:|1700345102\n|switch|p1a: BEYONCE|Starmie|100\/100\n|move|p2a: Deftones|Iron Defense|p2a: Deftones\n|-boost|p2a: Deftones|def|2\n|\n|upkeep\n|turn|7\n|\n|t:|1700345110\n|-terastallize|p2a: Deftones|Water\n|move|p1a: BEYONCE|Trick|p2a: Deftones\n|-activate|p1a: BEYONCE|move: Trick|[of] p2a: Deftones\n|-item|p2a: Deftones|Choice Specs|[from] move: Trick\n|-item|p1a: BEYONCE|Leftovers|[from] move: Trick\n|move|p2a: Deftones|Salt Cure|p1a: BEYONCE\n|-damage|p1a: BEYONCE|79\/100\n|-start|p1a: BEYONCE|Salt Cure\n|\n|-heal|p1a: BEYONCE|86\/100|[from] item: Leftovers\n|-damage|p1a: BEYONCE|61\/100|[from] Salt Cure\n|upkeep\n|turn|8\n|c|\u2606LykosWendigo00|ggs\n|-message|LykosWendigo00 forfeited.\n|\n|win|CuriousStraightGuy\n|raw|CuriousStraightGuy's rating: 1400 &rarr; <strong>1422<\/strong><br \/>(+22 for winning)\n|raw|LykosWendigo00's rating: 1429 &rarr; <strong>1407<\/strong><br \/>(-22 for losing)\n|l|\u2606LykosWendigo00\n|c|\u2606CuriousStraightGuy|yeah fuck garganacl\n","uploadtime":1700345132,"views":12,"p1id":"curiousstraightguy","p2id":"lykoswendigo00","formatid":"gen9nationaldex","rating":1407,"private":0,"password":""}