{"id":"gen9nationaldex-1998581951","p1":"Myrgetabrakke","p2":"plebVT","format":"[Gen 9] National Dex","log":"|html|<div class=\"broadcast-blue\"><strong>[Gen 9] National Dex is currently suspecting Sneasler! For information on how to participate check out the <a href=\"https:\/\/www.smogon.com\/forums\/threads\/sv-national-dex-suspect-8-just-dance.3731534\/\">suspect thread<\/a>.<\/strong><\/div>\n|j|\u2606Myrgetabrakke\n|j|\u2606plebVT\n|t:|1700959103\n|gametype|singles\n|player|p1|Myrgetabrakke|cynthia|\n|player|p2|plebVT|steven|\n|teamsize|p1|6\n|teamsize|p2|6\n|gen|9\n|tier|[Gen 9] National Dex\n|rule|HP Percentage Mod: HP is shown in percentages\n|rule|Endless Battle Clause: Forcing endless battles is banned\n|rule|OHKO Clause: OHKO moves are banned\n|rule|Evasion Clause: Evasion abilities, items, and moves are banned\n|rule|Evasion Abilities Clause: Evasion abilities are banned\n|rule|Evasion Items Clause: Evasion items are banned\n|rule|Evasion Moves Clause: Evasion moves are banned\n|rule|Species Clause: Limit one of each Pok\u00e9mon\n|rule|Sleep Clause Mod: Limit one foe put to sleep\n|clearpoke\n|poke|p1|Shuckle, M|\n|poke|p1|Tyranitar, F|\n|poke|p1|Cradily, M|\n|poke|p1|Glimmora, F|\n|poke|p1|Arcanine-Hisui, F|\n|poke|p1|Garganacl, M|\n|poke|p2|Tinkaton, F|\n|poke|p2|Corviknight, F|\n|poke|p2|Iron Treads|\n|poke|p2|Bronzong|\n|poke|p2|Bisharp, M|\n|poke|p2|Empoleon, F|\n|teampreview\n|\n|t:|1700959141\n|start\n|switch|p1a: the noodler|Shuckle, M|100\/100\n|switch|p2a: Bronzong|Bronzong|100\/100\n|turn|1\n|\n|t:|1700959151\n|move|p2a: Bronzong|Reflect|p2a: Bronzong\n|-sidestart|p2: plebVT|Reflect\n|move|p1a: the noodler|Sticky Web|p2a: Bronzong\n|-sidestart|p2: plebVT|move: Sticky Web\n|\n|upkeep\n|turn|2\n|\n|t:|1700959157\n|move|p2a: Bronzong|Gyro Ball|p1a: the noodler\n|-supereffective|p1a: the noodler\n|-damage|p1a: the noodler|93\/100\n|move|p1a: the noodler|Stealth Rock|p2a: Bronzong\n|-sidestart|p2: plebVT|move: Stealth Rock\n|\n|-heal|p1a: the noodler|99\/100|[from] item: Leftovers\n|upkeep\n|turn|3\n|\n|t:|1700959166\n|move|p2a: Bronzong|Light Screen|p2a: Bronzong\n|-sidestart|p2: plebVT|move: Light Screen\n|move|p1a: the noodler|Infestation|p2a: Bronzong\n|-damage|p2a: Bronzong|99\/100\n|-activate|p2a: Bronzong|move: Infestation|[of] p1a: the noodler\n|\n|-heal|p1a: the noodler|100\/100|[from] item: Leftovers\n|-damage|p2a: Bronzong|87\/100|[from] move: Infestation|[partiallytrapped]\n|upkeep\n|turn|4\n|\n|t:|1700959184\n|move|p2a: Bronzong|Gyro Ball|p1a: the noodler\n|-supereffective|p1a: the noodler\n|-damage|p1a: the noodler|93\/100\n|move|p1a: the noodler|Infestation|p2a: Bronzong\n|-damage|p2a: Bronzong|87\/100\n|\n|-heal|p1a: the noodler|99\/100|[from] item: Leftovers\n|-damage|p2a: Bronzong|74\/100|[from] move: Infestation|[partiallytrapped]\n|upkeep\n|turn|5\n|\n|t:|1700959200\n|move|p2a: Bronzong|Zen Headbutt|p1a: the noodler\n|-damage|p1a: the noodler|87\/100\n|move|p1a: the noodler|Infestation|p2a: Bronzong\n|-damage|p2a: Bronzong|74\/100\n|\n|-heal|p1a: the noodler|93\/100|[from] item: Leftovers\n|-damage|p2a: Bronzong|61\/100|[from] move: Infestation|[partiallytrapped]\n|upkeep\n|turn|6\n|\n|t:|1700959208\n|move|p2a: Bronzong|Zen Headbutt|p1a: the noodler\n|-damage|p1a: the noodler|79\/100\n|move|p1a: the noodler|Infestation|p2a: Bronzong\n|-damage|p2a: Bronzong|61\/100\n|\n|-heal|p1a: the noodler|85\/100|[from] item: Leftovers\n|-damage|p2a: Bronzong|48\/100|[from] move: Infestation|[partiallytrapped]\n|upkeep\n|turn|7\n|\n|t:|1700959220\n|move|p2a: Bronzong|Zen Headbutt|p1a: the noodler\n|-damage|p1a: the noodler|72\/100\n|move|p1a: the noodler|Infestation|p2a: Bronzong\n|-damage|p2a: Bronzong|48\/100\n|\n|-heal|p1a: the noodler|78\/100|[from] item: Leftovers\n|-end|p2a: Bronzong|Infestation|[partiallytrapped]\n|upkeep\n|turn|8\n|\n|t:|1700959229\n|move|p2a: Bronzong|Zen Headbutt|p1a: the noodler\n|-crit|p1a: the noodler\n|-damage|p1a: the noodler|57\/100\n|move|p1a: the noodler|Infestation|p2a: Bronzong\n|-damage|p2a: Bronzong|47\/100\n|-activate|p2a: Bronzong|move: Infestation|[of] p1a: the noodler\n|\n|-heal|p1a: the noodler|63\/100|[from] item: Leftovers\n|-damage|p2a: Bronzong|35\/100|[from] move: Infestation|[partiallytrapped]\n|-sideend|p2: plebVT|Reflect\n|upkeep\n|turn|9\n|\n|t:|1700959241\n|move|p2a: Bronzong|Reflect|p2a: Bronzong\n|-sidestart|p2: plebVT|Reflect\n|move|p1a: the noodler|Infestation|p2a: Bronzong\n|-damage|p2a: Bronzong|34\/100\n|\n|-heal|p1a: the noodler|69\/100|[from] item: Leftovers\n|-damage|p2a: Bronzong|22\/100|[from] move: Infestation|[partiallytrapped]\n|upkeep\n|turn|10\n|\n|t:|1700959253\n|move|p2a: Bronzong|Zen Headbutt|p1a: the noodler\n|-damage|p1a: the noodler|55\/100\n|move|p1a: the noodler|Infestation|p2a: Bronzong\n|-damage|p2a: Bronzong|21\/100\n|\n|-heal|p1a: the noodler|62\/100|[from] item: Leftovers\n|-damage|p2a: Bronzong|9\/100|[from] move: Infestation|[partiallytrapped]\n|-sideend|p2: plebVT|move: Light Screen\n|upkeep\n|turn|11\n|\n|t:|1700959266\n|move|p2a: Bronzong|Zen Headbutt|p1a: the noodler\n|-damage|p1a: the noodler|47\/100\n|move|p1a: the noodler|Infestation|p2a: Bronzong\n|-damage|p2a: Bronzong|8\/100\n|\n|-heal|p1a: the noodler|53\/100|[from] item: Leftovers\n|-damage|p2a: Bronzong|0 fnt|[from] move: Infestation|[partiallytrapped]\n|faint|p2a: Bronzong\n|upkeep\n|\n|t:|1700959280\n|switch|p2a: Empoleon|Empoleon, F|100\/100\n|-activate|p2a: Empoleon|move: Sticky Web\n|-unboost|p2a: Empoleon|spe|1\n|-ability|p2a: Empoleon|Competitive|boost\n|-boost|p2a: Empoleon|spa|2\n|-damage|p2a: Empoleon|94\/100|[from] Stealth Rock\n|turn|12\n|\n|t:|1700959288\n|switch|p1a: soggy meganium|Cradily, M|100\/100\n|move|p2a: Empoleon|Scald|p1a: soggy meganium\n|-ability|p1a: soggy meganium|Storm Drain|boost\n|-boost|p1a: soggy meganium|spa|1\n|\n|upkeep\n|turn|13\n|\n|t:|1700959303\n|-terastallize|p2a: Empoleon|Fire\n|move|p1a: soggy meganium|Leech Seed|p2a: Empoleon\n|-start|p2a: Empoleon|move: Leech Seed\n|move|p2a: Empoleon|Tera Blast|p1a: soggy meganium|[anim] Tera Blast Fire\n|-damage|p1a: soggy meganium|48\/100\n|\n|-heal|p1a: soggy meganium|54\/100|[from] item: Leftovers\n|-damage|p2a: Empoleon|82\/100|[from] Leech Seed|[of] p1a: soggy meganium\n|-heal|p1a: soggy meganium|66\/100|[silent]\n|upkeep\n|turn|14\n|\n|t:|1700959321\n|switch|p2a: Corviknight|Corviknight, F|100\/100\n|-damage|p2a: Corviknight|88\/100|[from] Stealth Rock\n|-ability|p2a: Corviknight|Pressure\n|move|p1a: soggy meganium|Sandstorm|p1a: soggy meganium\n|-weather|Sandstorm\n|\n|-weather|Sandstorm|[upkeep]\n|-heal|p1a: soggy meganium|72\/100|[from] item: Leftovers\n|upkeep\n|turn|15\n|\n|t:|1700959337\n|switch|p1a: BIG GUY|Garganacl, M|100\/100\n|move|p2a: Corviknight|U-turn|p1a: BIG GUY\n|-damage|p1a: BIG GUY|94\/100\n|-damage|p2a: Corviknight|72\/100|[from] item: Rocky Helmet|[of] p1a: BIG GUY\n|\n|t:|1700959350\n|switch|p2a: Iron Treads|Iron Treads|100\/100|[from] U-turn\n|\n|-weather|Sandstorm|[upkeep]\n|upkeep\n|turn|16\n|\n|t:|1700959357\n|-terastallize|p1a: BIG GUY|Water\n|move|p2a: Iron Treads|Earthquake|p1a: BIG GUY\n|-damage|p1a: BIG GUY|66\/100\n|move|p1a: BIG GUY|Salt Cure|p2a: Iron Treads\n|-resisted|p2a: Iron Treads\n|-damage|p2a: Iron Treads|99\/100\n|-start|p2a: Iron Treads|Salt Cure\n|\n|-weather|Sandstorm|[upkeep]\n|-damage|p1a: BIG GUY|60\/100|[from] Sandstorm\n|-damage|p2a: Iron Treads|74\/100|[from] Salt Cure\n|-sideend|p2: plebVT|Reflect\n|upkeep\n|turn|17\n|\n|t:|1700959387\n|-end|p2a: Iron Treads|Quark Drive|[silent]\n|switch|p2a: Corviknight|Corviknight, F|72\/100\n|-damage|p2a: Corviknight|59\/100|[from] Stealth Rock\n|-ability|p2a: Corviknight|Pressure\n|move|p1a: BIG GUY|Recover|p1a: BIG GUY\n|-heal|p1a: BIG GUY|100\/100\n|\n|-weather|Sandstorm|[upkeep]\n|-damage|p1a: BIG GUY|94\/100|[from] Sandstorm\n|upkeep\n|turn|18\n|\n|t:|1700959397\n|move|p2a: Corviknight|Defog|p1a: BIG GUY\n|-unboost|p1a: BIG GUY|evasion|1\n|-sideend|p2: plebVT|Stealth Rock|[from] move: Defog|[of] p2a: Corviknight\n|-sideend|p2: plebVT|Sticky Web|[from] move: Defog|[of] p2a: Corviknight\n|move|p1a: BIG GUY|Salt Cure|p2a: Corviknight\n|-damage|p2a: Corviknight|51\/100\n|-start|p2a: Corviknight|Salt Cure\n|\n|-weather|none\n|-damage|p2a: Corviknight|26\/100|[from] Salt Cure\n|upkeep\n|turn|19\n|\n|t:|1700959407\n|move|p2a: Corviknight|U-turn|p1a: BIG GUY\n|-damage|p1a: BIG GUY|87\/100\n|-damage|p2a: Corviknight|10\/100|[from] item: Rocky Helmet|[of] p1a: BIG GUY\n|\n|t:|1700959418\n|switch|p2a: Bisharp|Bisharp, M, shiny|100\/100|[from] U-turn\n|move|p1a: BIG GUY|Salt Cure|p2a: Bisharp\n|-resisted|p2a: Bisharp\n|-damage|p2a: Bisharp|96\/100\n|-start|p2a: Bisharp|Salt Cure\n|\n|-damage|p2a: Bisharp|71\/100|[from] Salt Cure\n|upkeep\n|turn|20\n|\n|t:|1700959458\n|move|p2a: Bisharp|Sucker Punch|p1a: BIG GUY\n|-damage|p1a: BIG GUY|71\/100\n|-damage|p2a: Bisharp|54\/100|[from] item: Rocky Helmet|[of] p1a: BIG GUY\n|move|p1a: BIG GUY|Body Press|p2a: Bisharp\n|-supereffective|p2a: Bisharp\n|-damage|p2a: Bisharp|0 fnt\n|faint|p2a: Bisharp\n|\n|upkeep\n|\n|t:|1700959475\n|switch|p2a: Corviknight|Corviknight, F|10\/100\n|-ability|p2a: Corviknight|Pressure\n|turn|21\n|\n|t:|1700959484\n|move|p2a: Corviknight|U-turn|p1a: BIG GUY\n|-damage|p1a: BIG GUY|63\/100\n|-damage|p2a: Corviknight|0 fnt|[from] item: Rocky Helmet|[of] p1a: BIG GUY\n|faint|p2a: Corviknight\n|move|p1a: BIG GUY|Recover|p1a: BIG GUY\n|-heal|p1a: BIG GUY|100\/100\n|\n|upkeep\n|\n|t:|1700959493\n|switch|p2a: Tinkaton|Tinkaton, F|100\/100\n|-ability|p2a: Tinkaton|Mold Breaker\n|turn|22\n|\n|t:|1700959498\n|move|p2a: Tinkaton|Thunder Wave|p1a: BIG GUY\n|-status|p1a: BIG GUY|par\n|move|p1a: BIG GUY|Salt Cure|p2a: Tinkaton\n|-resisted|p2a: Tinkaton\n|-damage|p2a: Tinkaton|93\/100\n|-start|p2a: Tinkaton|Salt Cure\n|\n|-heal|p2a: Tinkaton|99\/100|[from] item: Leftovers\n|-damage|p2a: Tinkaton|74\/100|[from] Salt Cure\n|upkeep\n|turn|23\n|\n|t:|1700959524\n|move|p2a: Tinkaton|Play Rough|p1a: BIG GUY\n|-damage|p1a: BIG GUY|86\/100 par\n|-damage|p2a: Tinkaton|58\/100|[from] item: Rocky Helmet|[of] p1a: BIG GUY\n|move|p1a: BIG GUY|Salt Cure|p2a: Tinkaton\n|-resisted|p2a: Tinkaton\n|-damage|p2a: Tinkaton|50\/100\n|\n|-heal|p2a: Tinkaton|56\/100|[from] item: Leftovers\n|-damage|p2a: Tinkaton|31\/100|[from] Salt Cure\n|upkeep\n|turn|24\n|\n|t:|1700959558\n|move|p1a: BIG GUY|Protect|p1a: BIG GUY\n|-singleturn|p1a: BIG GUY|Protect\n|move|p2a: Tinkaton|Play Rough|p1a: BIG GUY\n|-activate|p1a: BIG GUY|move: Protect\n|\n|-heal|p2a: Tinkaton|37\/100|[from] item: Leftovers\n|-damage|p2a: Tinkaton|13\/100|[from] Salt Cure\n|upkeep\n|turn|25\n|\n|t:|1700959571\n|move|p2a: Tinkaton|Play Rough|p1a: BIG GUY\n|-damage|p1a: BIG GUY|71\/100 par\n|-damage|p2a: Tinkaton|0 fnt|[from] item: Rocky Helmet|[of] p1a: BIG GUY\n|faint|p2a: Tinkaton\n|move|p1a: BIG GUY|Salt Cure|p2: Tinkaton|[notarget]\n|-fail|p1a: BIG GUY\n|\n|upkeep\n|\n|t:|1700959582\n|switch|p2a: Iron Treads|Iron Treads|74\/100\n|turn|26\n|\n|t:|1700959595\n|move|p2a: Iron Treads|Earthquake|p1a: BIG GUY\n|-damage|p1a: BIG GUY|45\/100 par\n|move|p1a: BIG GUY|Salt Cure|p2a: Iron Treads\n|-resisted|p2a: Iron Treads\n|-damage|p2a: Iron Treads|71\/100\n|-start|p2a: Iron Treads|Salt Cure\n|\n|-damage|p2a: Iron Treads|46\/100|[from] Salt Cure\n|upkeep\n|turn|27\n|\n|t:|1700959605\n|move|p2a: Iron Treads|Earthquake|p1a: BIG GUY\n|-damage|p1a: BIG GUY|19\/100 par\n|move|p1a: BIG GUY|Recover|p1a: BIG GUY\n|-heal|p1a: BIG GUY|69\/100 par\n|\n|-damage|p2a: Iron Treads|21\/100|[from] Salt Cure\n|upkeep\n|turn|28\n|\n|t:|1700959616\n|cant|p1a: BIG GUY|par\n|move|p2a: Iron Treads|Earthquake|p1a: BIG GUY\n|-damage|p1a: BIG GUY|42\/100 par\n|\n|-damage|p2a: Iron Treads|0 fnt|[from] Salt Cure\n|faint|p2a: Iron Treads\n|-end|p2a: Iron Treads|Quark Drive|[silent]\n|upkeep\n|\n|t:|1700959622\n|switch|p2a: Empoleon|Empoleon, F, tera:Fire|82\/100\n|turn|29\n|\n|t:|1700959634\n|move|p2a: Empoleon|Scald|p1a: BIG GUY\n|-resisted|p1a: BIG GUY\n|-damage|p1a: BIG GUY|21\/100 par\n|move|p1a: BIG GUY|Salt Cure|p2a: Empoleon\n|-supereffective|p2a: Empoleon\n|-damage|p2a: Empoleon|55\/100\n|-start|p2a: Empoleon|Salt Cure\n|\n|-damage|p2a: Empoleon|42\/100|[from] Salt Cure\n|upkeep\n|turn|30\n|\n|t:|1700959645\n|cant|p1a: BIG GUY|par\n|move|p2a: Empoleon|Scald|p1a: BIG GUY\n|-resisted|p1a: BIG GUY\n|-damage|p1a: BIG GUY|2\/100 par\n|\n|-damage|p2a: Empoleon|30\/100|[from] Salt Cure\n|upkeep\n|turn|31\n|\n|t:|1700959652\n|move|p1a: BIG GUY|Protect|p1a: BIG GUY\n|-singleturn|p1a: BIG GUY|Protect\n|move|p2a: Empoleon|Aqua Jet|p1a: BIG GUY\n|-activate|p1a: BIG GUY|move: Protect\n|\n|-damage|p2a: Empoleon|17\/100|[from] Salt Cure\n|upkeep\n|turn|32\n|\n|t:|1700959660\n|switch|p1a: soggy meganium|Cradily, M|72\/100\n|move|p2a: Empoleon|Aqua Jet|p1a: soggy meganium\n|-ability|p1a: soggy meganium|Storm Drain|boost\n|-boost|p1a: soggy meganium|spa|1\n|\n|-heal|p1a: soggy meganium|78\/100|[from] item: Leftovers\n|-damage|p2a: Empoleon|5\/100|[from] Salt Cure\n|upkeep\n|turn|33\n|\n|t:|1700959673\n|move|p2a: Empoleon|Tera Blast|p1a: soggy meganium|[anim] Tera Blast Fire\n|-damage|p1a: soggy meganium|52\/100\n|move|p1a: soggy meganium|Energy Ball|p2a: Empoleon\n|-resisted|p2a: Empoleon\n|-damage|p2a: Empoleon|0 fnt\n|faint|p2a: Empoleon\n|\n|win|Myrgetabrakke\n|l|\u2606plebVT\n","uploadtime":1700959683,"views":2,"p1id":"myrgetabrakke","p2id":"plebvt","formatid":"gen9nationaldex","rating":0,"private":0,"password":""}