{"id":"gen9nationaldex-1994760912","p1":"QSR-ZY","p2":"DredgeKing","format":"[Gen 9] National Dex","log":"|html|<div class=\"broadcast-blue\"><strong>[Gen 9] National Dex is currently suspecting Sneasler! For information on how to participate check out the <a href=\"https:\/\/www.smogon.com\/forums\/threads\/sv-national-dex-suspect-8-just-dance.3731534\/\">suspect thread<\/a>.<\/strong><\/div>\n|j|\u2606QSR-ZY\n|j|\u2606DredgeKing\n|t:|1700490091\n|gametype|singles\n|player|p1|QSR-ZY|cynthia-gen4|1132\n|player|p2|DredgeKing|harlequin|1185\n|teamsize|p1|6\n|teamsize|p2|6\n|gen|9\n|tier|[Gen 9] National Dex\n|rated|\n|rule|HP Percentage Mod: HP is shown in percentages\n|rule|Endless Battle Clause: Forcing endless battles is banned\n|rule|OHKO Clause: OHKO moves are banned\n|rule|Evasion Clause: Evasion abilities, items, and moves are banned\n|rule|Evasion Abilities Clause: Evasion abilities are banned\n|rule|Evasion Items Clause: Evasion items are banned\n|rule|Evasion Moves Clause: Evasion moves are banned\n|rule|Species Clause: Limit one of each Pok\u00e9mon\n|rule|Sleep Clause Mod: Limit one foe put to sleep\n|clearpoke\n|poke|p1|Spiritomb, M|\n|poke|p1|Gastrodon, F|\n|poke|p1|Milotic, F|\n|poke|p1|Togekiss, F|\n|poke|p1|Garchomp, M|\n|poke|p1|Lucario, M|\n|poke|p2|Pyukumuku, F|\n|poke|p2|Blaziken, M|\n|poke|p2|Sharpedo, F|\n|poke|p2|Klefki, F|\n|poke|p2|Nidoking, M|\n|poke|p2|Sableye, F|\n|teampreview\n|\n|t:|1700490095\n|start\n|switch|p1a: Spiritomb|Spiritomb, M|100\/100\n|switch|p2a: Where are they?!|Klefki, F|100\/100\n|turn|1\n|inactive|Battle timer is ON: inactive players will automatically lose when time's up. (requested by DredgeKing)\n|\n|t:|1700490110\n|move|p2a: Where are they?!|Light Screen|p2a: Where are they?!\n|-sidestart|p2: DredgeKing|move: Light Screen\n|move|p1a: Spiritomb|Poltergeist|p2a: Where are they?!|[miss]\n|-miss|p1a: Spiritomb|p2a: Where are they?!\n|\n|upkeep\n|turn|2\n|\n|t:|1700490134\n|switch|p2a: Saiyan|Blaziken, M|100\/100\n|-item|p2a: Saiyan|Air Balloon\n|switch|p1a: Lucario|Lucario, M|100\/100\n|\n|upkeep\n|turn|3\n|\n|t:|1700490145\n|-terastallize|p1a: Lucario|Normal\n|move|p1a: Lucario|Extreme Speed|p2a: Saiyan\n|-damage|p2a: Saiyan|15\/100\n|-enditem|p2a: Saiyan|Air Balloon\n|move|p2a: Saiyan|Swords Dance|p2a: Saiyan\n|-boost|p2a: Saiyan|atk|2\n|\n|-ability|p2a: Saiyan|Speed Boost|boost\n|-boost|p2a: Saiyan|spe|1\n|upkeep\n|turn|4\n|\n|t:|1700490158\n|move|p1a: Lucario|Extreme Speed|p2a: Saiyan\n|-damage|p2a: Saiyan|0 fnt\n|faint|p2a: Saiyan\n|\n|upkeep\n|\n|t:|1700490165\n|switch|p2a: Take that!|Pyukumuku, F|100\/100\n|turn|5\n|\n|t:|1700490168\n|move|p1a: Lucario|Extreme Speed|p2a: Take that!\n|-damage|p2a: Take that!|46\/100\n|-enditem|p2a: Take that!|Red Card|[of] p1a: Lucario\n|drag|p1a: Togekiss|Togekiss, F|100\/100\n|move|p2a: Take that!|Counter|p1a: Togekiss\n|-damage|p1a: Togekiss|9\/100\n|\n|-sideend|p2: DredgeKing|move: Light Screen\n|upkeep\n|turn|6\n|\n|t:|1700490179\n|move|p1a: Togekiss|Air Slash|p2a: Take that!\n|-crit|p2a: Take that!\n|-damage|p2a: Take that!|4\/100\n|cant|p2a: Take that!|flinch\n|\n|upkeep\n|turn|7\n|\n|t:|1700490188\n|move|p1a: Togekiss|Tailwind|p1a: Togekiss\n|-sidestart|p1: QSR-ZY|move: Tailwind\n|move|p2a: Take that!|Recover|p2a: Take that!\n|-heal|p2a: Take that!|54\/100\n|\n|upkeep\n|turn|8\n|\n|t:|1700490197\n|move|p1a: Togekiss|Air Slash|p2a: Take that!\n|-damage|p2a: Take that!|28\/100\n|move|p2a: Take that!|Mirror Coat|p1a: Togekiss\n|-damage|p1a: Togekiss|0 fnt\n|faint|p1a: Togekiss\n|\n|upkeep\n|\n|t:|1700490204\n|switch|p1a: Lucario|Lucario, M, tera:Normal|100\/100\n|turn|9\n|\n|t:|1700490207\n|switch|p2a: Shadow|Sableye, F|100\/100\n|move|p1a: Lucario|Extreme Speed|p2a: Shadow\n|-immune|p2a: Shadow\n|\n|upkeep\n|turn|10\n|\n|t:|1700490217\n|switch|p1a: Spiritomb|Spiritomb, M|100\/100\n|switch|p2a: Take that!|Pyukumuku, F|28\/100\n|\n|-sideend|p1: QSR-ZY|move: Tailwind\n|upkeep\n|turn|11\n|\n|t:|1700490227\n|move|p1a: Spiritomb|Will-O-Wisp|p2a: Take that!\n|-status|p2a: Take that!|brn\n|move|p2a: Take that!|Pain Split|p1a: Spiritomb\n|-sethp|p1a: Spiritomb|65\/100|[from] move: Pain Split|[silent]\n|-sethp|p2a: Take that!|63\/100 brn|[from] move: Pain Split\n|\n|-damage|p2a: Take that!|57\/100 brn|[from] brn\n|upkeep\n|turn|12\n|\n|t:|1700490237\n|move|p1a: Spiritomb|Poltergeist||[still]\n|-fail|p1a: Spiritomb\n|move|p2a: Take that!|Recover|p2a: Take that!\n|-heal|p2a: Take that!|100\/100 brn\n|\n|-damage|p2a: Take that!|94\/100 brn|[from] brn\n|upkeep\n|turn|13\n|\n|t:|1700490247\n|switch|p1a: Garchomp|Garchomp, M, shiny|100\/100\n|switch|p2a: Berserker|Nidoking, M|100\/100\n|\n|upkeep\n|turn|14\n|\n|t:|1700490257\n|-terastallize|p2a: Berserker|Flying\n|move|p1a: Garchomp|Earthquake|p2a: Berserker\n|-immune|p2a: Berserker\n|move|p2a: Berserker|Ice Beam|p1a: Garchomp\n|-supereffective|p1a: Garchomp\n|-damage|p1a: Garchomp|0 fnt\n|faint|p1a: Garchomp\n|\n|upkeep\n|\n|t:|1700490277\n|switch|p1a: Milotic|Milotic, F|100\/100\n|turn|15\n|\n|t:|1700490283\n|move|p2a: Berserker|Sludge Wave|p1a: Milotic\n|-damage|p1a: Milotic|65\/100\n|move|p1a: Milotic|Toxic|p2a: Berserker\n|-status|p2a: Berserker|tox\n|\n|-heal|p1a: Milotic|72\/100|[from] item: Leftovers\n|-damage|p2a: Berserker|94\/100 tox|[from] psn\n|upkeep\n|turn|16\n|\n|t:|1700490292\n|move|p2a: Berserker|Sludge Wave|p1a: Milotic\n|-damage|p1a: Milotic|39\/100\n|move|p1a: Milotic|Bind|p2a: Berserker\n|-damage|p2a: Berserker|91\/100 tox\n|-activate|p2a: Berserker|move: Bind|[of] p1a: Milotic\n|\n|-heal|p1a: Milotic|45\/100|[from] item: Leftovers\n|-damage|p2a: Berserker|78\/100 tox|[from] psn\n|-damage|p2a: Berserker|66\/100 tox|[from] move: Bind|[partiallytrapped]\n|upkeep\n|turn|17\n|\n|t:|1700490305\n|move|p2a: Berserker|Sludge Wave|p1a: Milotic\n|-damage|p1a: Milotic|9\/100\n|move|p1a: Milotic|Recover|p1a: Milotic\n|-heal|p1a: Milotic|59\/100\n|\n|-heal|p1a: Milotic|65\/100|[from] item: Leftovers\n|-damage|p2a: Berserker|47\/100 tox|[from] psn\n|-damage|p2a: Berserker|35\/100 tox|[from] move: Bind|[partiallytrapped]\n|upkeep\n|turn|18\n|\n|t:|1700490318\n|move|p1a: Milotic|Protect|p1a: Milotic\n|-singleturn|p1a: Milotic|Protect\n|move|p2a: Berserker|Sludge Wave|p1a: Milotic\n|-activate|p1a: Milotic|move: Protect\n|\n|-heal|p1a: Milotic|72\/100|[from] item: Leftovers\n|-damage|p2a: Berserker|10\/100 tox|[from] psn\n|-damage|p2a: Berserker|0 fnt|[from] move: Bind|[partiallytrapped]\n|faint|p2a: Berserker\n|upkeep\n|\n|t:|1700490331\n|switch|p2a: Where are they?!|Klefki, F|100\/100\n|turn|19\n|\n|t:|1700490340\n|switch|p1a: Lucario|Lucario, M, tera:Normal|100\/100\n|move|p2a: Where are they?!|Switcheroo|p1a: Lucario\n|-activate|p2a: Where are they?!|move: Trick|[of] p1a: Lucario\n|-item|p1a: Lucario|Choice Specs|[from] move: Switcheroo\n|-item|p2a: Where are they?!|Choice Band|[from] move: Switcheroo\n|\n|upkeep\n|turn|20\n|\n|t:|1700490354\n|move|p1a: Lucario|Extreme Speed|p2a: Where are they?!\n|-resisted|p2a: Where are they?!\n|-crit|p2a: Where are they?!\n|-damage|p2a: Where are they?!|64\/100\n|move|p2a: Where are they?!|Reflect|p2a: Where are they?!\n|-sidestart|p2: DredgeKing|Reflect\n|\n|upkeep\n|turn|21\n|\n|t:|1700490362\n|switch|p2a: Shadow|Sableye, F|100\/100\n|move|p1a: Lucario|Extreme Speed|p2a: Shadow\n|-immune|p2a: Shadow\n|\n|upkeep\n|turn|22\n|\n|t:|1700490369\n|switch|p1a: Milotic|Milotic, F|72\/100\n|switch|p2a: Zheng Shi Sao|Sharpedo, F, shiny|100\/100\n|\n|-heal|p1a: Milotic|78\/100|[from] item: Leftovers\n|upkeep\n|turn|23\n|\n|t:|1700490380\n|detailschange|p2a: Zheng Shi Sao|Sharpedo-Mega, F, shiny\n|-mega|p2a: Zheng Shi Sao|Sharpedo|Sharpedonite\n|move|p2a: Zheng Shi Sao|Crunch|p1a: Milotic\n|-damage|p1a: Milotic|10\/100\n|move|p1a: Milotic|Toxic|p2a: Zheng Shi Sao|[miss]\n|-miss|p1a: Milotic|p2a: Zheng Shi Sao\n|\n|-heal|p1a: Milotic|16\/100|[from] item: Leftovers\n|upkeep\n|turn|24\n|\n|t:|1700490394\n|switch|p1a: Gastrodon|Gastrodon, F|100\/100\n|move|p2a: Zheng Shi Sao|Liquidation|p1a: Gastrodon\n|-ability|p1a: Gastrodon|Storm Drain|boost\n|-boost|p1a: Gastrodon|spa|1\n|\n|-sideend|p2: DredgeKing|Reflect\n|upkeep\n|turn|25\n|\n|t:|1700490406\n|move|p2a: Zheng Shi Sao|Crunch|p1a: Gastrodon\n|-damage|p1a: Gastrodon|32\/100\n|move|p1a: Gastrodon|Stealth Rock|p2a: Zheng Shi Sao\n|-sidestart|p2: DredgeKing|move: Stealth Rock\n|\n|upkeep\n|turn|26\n|\n|t:|1700490415\n|move|p2a: Zheng Shi Sao|Crunch|p1a: Gastrodon\n|-damage|p1a: Gastrodon|0 fnt\n|faint|p1a: Gastrodon\n|\n|upkeep\n|\n|t:|1700490420\n|switch|p1a: Lucario|Lucario, M, tera:Normal|100\/100\n|turn|27\n|\n|t:|1700490437\n|move|p2a: Zheng Shi Sao|Protect|p2a: Zheng Shi Sao\n|-singleturn|p2a: Zheng Shi Sao|Protect\n|move|p1a: Lucario|Close Combat|p2a: Zheng Shi Sao\n|-activate|p2a: Zheng Shi Sao|move: Protect\n|\n|upkeep\n|turn|28\n|\n|t:|1700490448\n|switch|p2a: Where are they?!|Klefki, F|64\/100\n|-damage|p2a: Where are they?!|58\/100|[from] Stealth Rock\n|switch|p1a: Spiritomb|Spiritomb, M|65\/100\n|\n|upkeep\n|turn|29\n|\n|t:|1700490462\n|switch|p2a: Take that!|Pyukumuku, F|94\/100 brn\n|-damage|p2a: Take that!|82\/100 brn|[from] Stealth Rock\n|move|p1a: Spiritomb|Poltergeist||[still]\n|-fail|p1a: Spiritomb\n|\n|-damage|p2a: Take that!|76\/100 brn|[from] brn\n|upkeep\n|turn|30\n|\n|t:|1700490472\n|switch|p1a: Lucario|Lucario, M, tera:Normal|100\/100\n|switch|p2a: Zheng Shi Sao|Sharpedo-Mega, F, shiny|100\/100\n|-damage|p2a: Zheng Shi Sao|88\/100|[from] Stealth Rock\n|\n|upkeep\n|turn|31\n|\n|t:|1700490480\n|move|p2a: Zheng Shi Sao|Protect|p2a: Zheng Shi Sao\n|-singleturn|p2a: Zheng Shi Sao|Protect\n|move|p1a: Lucario|Earthquake|p2a: Zheng Shi Sao\n|-activate|p2a: Zheng Shi Sao|move: Protect\n|\n|upkeep\n|turn|32\n|\n|t:|1700490490\n|switch|p2a: Where are they?!|Klefki, F|58\/100\n|-damage|p2a: Where are they?!|52\/100|[from] Stealth Rock\n|move|p1a: Lucario|Earthquake|p2a: Where are they?!\n|-supereffective|p2a: Where are they?!\n|-damage|p2a: Where are they?!|0 fnt\n|faint|p2a: Where are they?!\n|\n|upkeep\n|\n|t:|1700490501\n|switch|p2a: Shadow|Sableye, F|100\/100\n|-damage|p2a: Shadow|88\/100|[from] Stealth Rock\n|turn|33\n|\n|t:|1700490506\n|move|p1a: Lucario|Earthquake|p2a: Shadow\n|-damage|p2a: Shadow|39\/100\n|move|p2a: Shadow|Metal Burst|p1a: Lucario\n|-damage|p1a: Lucario|36\/100\n|\n|upkeep\n|turn|34\n|\n|t:|1700490513\n|move|p2a: Shadow|Sucker Punch|p1a: Lucario\n|-damage|p1a: Lucario|0 fnt\n|faint|p1a: Lucario\n|\n|upkeep\n|\n|t:|1700490520\n|switch|p1a: Spiritomb|Spiritomb, M|65\/100\n|turn|35\n|\n|t:|1700490532\n|move|p2a: Shadow|Sucker Punch|p1a: Spiritomb\n|-damage|p1a: Spiritomb|42\/100\n|-damage|p2a: Shadow|23\/100|[from] item: Rocky Helmet|[of] p1a: Spiritomb\n|move|p1a: Spiritomb|Poltergeist|p2a: Shadow\n|-activate|p2a: Shadow|move: Poltergeist|Focus Sash\n|-damage|p2a: Shadow|0 fnt\n|faint|p2a: Shadow\n|\n|upkeep\n|\n|t:|1700490543\n|switch|p2a: Zheng Shi Sao|Sharpedo-Mega, F, shiny|88\/100\n|-damage|p2a: Zheng Shi Sao|76\/100|[from] Stealth Rock\n|turn|36\n|\n|t:|1700490549\n|move|p2a: Zheng Shi Sao|Crunch|p1a: Spiritomb\n|-damage|p1a: Spiritomb|0 fnt\n|-damage|p2a: Zheng Shi Sao|59\/100|[from] item: Rocky Helmet|[of] p1a: Spiritomb\n|faint|p1a: Spiritomb\n|\n|upkeep\n|\n|t:|1700490554\n|switch|p1a: Milotic|Milotic, F|16\/100\n|turn|37\n|\n|t:|1700490559\n|move|p2a: Zheng Shi Sao|Crunch|p1a: Milotic\n|-damage|p1a: Milotic|0 fnt\n|faint|p1a: Milotic\n|\n|win|DredgeKing\n|raw|QSR-ZY's rating: 1132 &rarr; <strong>1111<\/strong><br \/>(-21 for losing)\n|raw|DredgeKing's rating: 1185 &rarr; <strong>1206<\/strong><br \/>(+21 for winning)\n|l|\u2606QSR-ZY\n","uploadtime":1700490594,"views":2,"p1id":"qsrzy","p2id":"dredgeking","formatid":"gen9nationaldex","rating":1111,"private":0,"password":""}