{"id":"gen9nationaldex-1990834324","p1":"Salrahnz","p2":"drifting dance","format":"[Gen 9] National Dex","log":"|j|\u2606Salrahnz\n|j|\u2606drifting dance\n|t:|1700005681\n|gametype|singles\n|player|p1|Salrahnz|giovanni|1168\n|player|p2|drifting dance|raihan|1274\n|teamsize|p1|6\n|teamsize|p2|6\n|gen|9\n|tier|[Gen 9] National Dex\n|rated|\n|rule|HP Percentage Mod: HP is shown in percentages\n|rule|Endless Battle Clause: Forcing endless battles is banned\n|rule|OHKO Clause: OHKO moves are banned\n|rule|Evasion Clause: Evasion abilities, items, and moves are banned\n|rule|Evasion Abilities Clause: Evasion abilities are banned\n|rule|Evasion Items Clause: Evasion items are banned\n|rule|Evasion Moves Clause: Evasion moves are banned\n|rule|Species Clause: Limit one of each Pok\u00e9mon\n|rule|Sleep Clause Mod: Limit one foe put to sleep\n|clearpoke\n|poke|p1|Torterra, M|\n|poke|p1|Pawmot, F|\n|poke|p1|Gyarados, F|\n|poke|p1|Gliscor, M|\n|poke|p1|Great Tusk|\n|poke|p1|Xurkitree|\n|poke|p2|Tapu Koko|\n|poke|p2|Iron Valiant|\n|poke|p2|Sneasler, M|\n|poke|p2|Iron Moth|\n|poke|p2|Greninja-*, M|\n|poke|p2|Scizor, M|\n|teampreview\n|inactive|Battle timer is ON: inactive players will automatically lose when time's up. (requested by Salrahnz)\n|\n|t:|1700005688\n|start\n|switch|p1a: Torterra|Torterra, M|100\/100\n|switch|p2a: valcon|Tapu Koko, shiny|100\/100\n|-fieldstart|move: Electric Terrain|[from] ability: Electric Surge|[of] p2a: valcon\n|turn|1\n|\n|t:|1700005692\n|move|p2a: valcon|Hidden Power|p1a: Torterra\n|-supereffective|p1a: Torterra\n|-damage|p1a: Torterra|10\/100\n|move|p1a: Torterra|Shell Smash|p1a: Torterra\n|-unboost|p1a: Torterra|def|1\n|-unboost|p1a: Torterra|spd|1\n|-boost|p1a: Torterra|atk|2\n|-boost|p1a: Torterra|spa|2\n|-boost|p1a: Torterra|spe|2\n|\n|upkeep\n|turn|2\n|\n|t:|1700005698\n|switch|p2a: Way2Ev1L|Scizor, M, shiny|100\/100\n|-terastallize|p1a: Torterra|Rock\n|move|p1a: Torterra|Rock Blast|p2a: Way2Ev1L\n|-damage|p2a: Way2Ev1L|71\/100\n|-crit|p2a: Way2Ev1L\n|-damage|p2a: Way2Ev1L|28\/100\n|-damage|p2a: Way2Ev1L|0 fnt\n|faint|p2a: Way2Ev1L\n|-hitcount|p2: Way2Ev1L|3\n|\n|upkeep\n|c|\u2606drifting dance|wat\n|\n|t:|1700005703\n|switch|p2a: poli-ninja|Greninja, M|100\/100\n|turn|3\n|\n|t:|1700005712\n|move|p2a: poli-ninja|Water Shuriken|p1a: Torterra\n|-supereffective|p1a: Torterra\n|-damage|p1a: Torterra|0 fnt\n|faint|p1a: Torterra\n|-ability|p2a: poli-ninja|Battle Bond|boost\n|-boost|p2a: poli-ninja|atk|1\n|-boost|p2a: poli-ninja|spa|1\n|-boost|p2a: poli-ninja|spe|1\n|-activate|p2a: poli-ninja|ability: Battle Bond\n|-hitcount|p1: Torterra|1\n|-damage|p2a: poli-ninja|91\/100|[from] item: Life Orb\n|\n|upkeep\n|\n|t:|1700005727\n|switch|p1a: Pawmot|Pawmot, F|100\/100\n|turn|4\n|\n|t:|1700005738\n|-terastallize|p2a: poli-ninja|Water\n|move|p2a: poli-ninja|Surf|p1a: Pawmot\n|-damage|p1a: Pawmot|0 fnt\n|faint|p1a: Pawmot\n|-damage|p2a: poli-ninja|81\/100|[from] item: Life Orb\n|\n|upkeep\n|\n|t:|1700005760\n|switch|p1a: Xurkitree|Xurkitree|100\/100\n|turn|5\n|\n|t:|1700005770\n|move|p2a: poli-ninja|Surf|p1a: Xurkitree\n|-damage|p1a: Xurkitree|0 fnt\n|faint|p1a: Xurkitree\n|-damage|p2a: poli-ninja|71\/100|[from] item: Life Orb\n|\n|upkeep\n|c|\u2606drifting dance|poliwrath\n|\n|t:|1700005781\n|switch|p1a: Gyarados|Gyarados, F|100\/100\n|-ability|p1a: Gyarados|Intimidate|boost\n|-unboost|p2a: poli-ninja|atk|1\n|turn|6\n|\n|t:|1700005791\n|move|p2a: poli-ninja|Dark Pulse|p1a: Gyarados\n|-damage|p1a: Gyarados|23\/100\n|-damage|p2a: poli-ninja|61\/100|[from] item: Life Orb\n|cant|p1a: Gyarados|flinch\n|\n|upkeep\n|turn|7\n|c|\u2606drifting dance|nice\n|inactive|Salrahnz has 120 seconds left.\n|inactive|Salrahnz has 90 seconds left.\n|inactive|Salrahnz has 60 seconds left.\n|inactive|Salrahnz has 30 seconds left.\n|\n|t:|1700005917\n|move|p2a: poli-ninja|Dark Pulse|p1a: Gyarados\n|-damage|p1a: Gyarados|0 fnt\n|faint|p1a: Gyarados\n|-damage|p2a: poli-ninja|51\/100|[from] item: Life Orb\n|\n|upkeep\n|inactive|Salrahnz has 30 seconds left this turn.\n|-message|Salrahnz forfeited.\n|\n|win|drifting dance\n|inactive|Salrahnz has 30 seconds left this turn.\n|raw|Salrahnz's rating: 1168 &rarr; <strong>1150<\/strong><br \/>(-18 for losing)\n|raw|drifting dance's rating: 1274 &rarr; <strong>1292<\/strong><br \/>(+18 for winning)\n|l|\u2606Salrahnz\n","uploadtime":1700005929,"views":4,"p1id":"salrahnz","p2id":"driftingdance","formatid":"gen9nationaldex","rating":1150,"private":0,"password":""}