{"id":"gen9nationaldex-2000178093","p1":"Ackesh","p2":"xuxiansheng","format":"[Gen 9] National Dex","log":"|html|<div class=\"broadcast-blue\"><strong>[Gen 9] National Dex is currently suspecting Sneasler! For information on how to participate check out the <a href=\"https:\/\/www.smogon.com\/forums\/threads\/sv-national-dex-suspect-8-just-dance.3731534\/\">suspect thread<\/a>.<\/strong><\/div>\n|j|\u2606Ackesh\n|j|\u2606xuxiansheng\n|t:|1701167927\n|gametype|singles\n|player|p1|Ackesh|silver|1732\n|player|p2|xuxiansheng|mira|1617\n|teamsize|p1|6\n|teamsize|p2|6\n|gen|9\n|tier|[Gen 9] National Dex\n|rated|\n|rule|HP Percentage Mod: HP is shown in percentages\n|rule|Endless Battle Clause: Forcing endless battles is banned\n|rule|OHKO Clause: OHKO moves are banned\n|rule|Evasion Clause: Evasion abilities, items, and moves are banned\n|rule|Evasion Abilities Clause: Evasion abilities are banned\n|rule|Evasion Items Clause: Evasion items are banned\n|rule|Evasion Moves Clause: Evasion moves are banned\n|rule|Species Clause: Limit one of each Pok\u00e9mon\n|rule|Sleep Clause Mod: Limit one foe put to sleep\n|clearpoke\n|poke|p1|Venusaur, M|\n|poke|p1|Kyurem|\n|poke|p1|Torkoal, F|\n|poke|p1|Landorus-Therian, M|\n|poke|p1|Heatran, M|\n|poke|p1|Victini|\n|poke|p2|Aegislash, M|\n|poke|p2|Garchomp, F|\n|poke|p2|Landorus-Therian, M|\n|poke|p2|Tapu Lele|\n|poke|p2|Urshifu-*, F|\n|poke|p2|Dragonite, M|\n|teampreview\n|inactive|Battle timer is ON: inactive players will automatically lose when time's up. (requested by xuxiansheng)\n|\n|t:|1701167948\n|start\n|switch|p1a: Torkoal|Torkoal, F|100\/100\n|switch|p2a: \u731c\u731c\u6211\u662f\u4ec0\u4e48\u914d\u7f6e|Garchomp, F|100\/100\n|-weather|SunnyDay|[from] ability: Drought|[of] p1a: Torkoal\n|turn|1\n|\n|t:|1701167953\n|move|p2a: \u731c\u731c\u6211\u662f\u4ec0\u4e48\u914d\u7f6e|Stealth Rock|p1a: Torkoal\n|-sidestart|p1: Ackesh|move: Stealth Rock\n|move|p1a: Torkoal|Yawn|p2a: \u731c\u731c\u6211\u662f\u4ec0\u4e48\u914d\u7f6e\n|-start|p2a: \u731c\u731c\u6211\u662f\u4ec0\u4e48\u914d\u7f6e|move: Yawn|[of] p1a: Torkoal\n|\n|-weather|SunnyDay|[upkeep]\n|upkeep\n|turn|2\n|\n|t:|1701167960\n|switch|p2a: \u5927\u72c3\u62c9\u662f\u4ec0\u4e48\u4e1c\u897f|Aegislash, M|100\/100\n|move|p1a: Torkoal|Stealth Rock|p2a: \u5927\u72c3\u62c9\u662f\u4ec0\u4e48\u4e1c\u897f\n|-sidestart|p2: xuxiansheng|move: Stealth Rock\n|\n|-weather|SunnyDay|[upkeep]\n|upkeep\n|turn|3\n|\n|t:|1701167967\n|switch|p2a: \u866b\u738b|Landorus-Therian, M|100\/100\n|-damage|p2a: \u866b\u738b|88\/100|[from] Stealth Rock\n|-ability|p2a: \u866b\u738b|Intimidate|boost\n|-unboost|p1a: Torkoal|atk|1\n|switch|p1a: Landorus|Landorus-Therian, M|100\/100\n|-damage|p1a: Landorus|88\/100|[from] Stealth Rock\n|-ability|p1a: Landorus|Intimidate|boost\n|-unboost|p2a: \u866b\u738b|atk|1\n|\n|-weather|SunnyDay|[upkeep]\n|-heal|p2a: \u866b\u738b|94\/100|[from] item: Leftovers\n|upkeep\n|turn|4\n|\n|t:|1701167976\n|move|p1a: Landorus|Smack Down|p2a: \u866b\u738b\n|-damage|p2a: \u866b\u738b|78\/100\n|-start|p2a: \u866b\u738b|Smack Down\n|move|p2a: \u866b\u738b|Knock Off|p1a: Landorus\n|-damage|p1a: Landorus|67\/100\n|-enditem|p1a: Landorus|Soft Sand|[from] move: Knock Off|[of] p2a: \u866b\u738b\n|\n|-weather|SunnyDay|[upkeep]\n|-heal|p2a: \u866b\u738b|84\/100|[from] item: Leftovers\n|upkeep\n|turn|5\n|\n|t:|1701167985\n|switch|p2a: \u731c\u731c\u6211\u662f\u4ec0\u4e48\u914d\u7f6e|Garchomp, F|100\/100\n|-damage|p2a: \u731c\u731c\u6211\u662f\u4ec0\u4e48\u914d\u7f6e|94\/100|[from] Stealth Rock\n|move|p1a: Landorus|U-turn|p2a: \u731c\u731c\u6211\u662f\u4ec0\u4e48\u914d\u7f6e\n|-damage|p2a: \u731c\u731c\u6211\u662f\u4ec0\u4e48\u914d\u7f6e|81\/100\n|-damage|p1a: Landorus|55\/100|[from] ability: Rough Skin|[of] p2a: \u731c\u731c\u6211\u662f\u4ec0\u4e48\u914d\u7f6e\n|-damage|p1a: Landorus|38\/100|[from] item: Rocky Helmet|[of] p2a: \u731c\u731c\u6211\u662f\u4ec0\u4e48\u914d\u7f6e\n|\n|t:|1701167989\n|switch|p1a: Kyurem|Kyurem|100\/100|[from] U-turn\n|-damage|p1a: Kyurem|76\/100|[from] Stealth Rock\n|-ability|p1a: Kyurem|Pressure\n|\n|-weather|SunnyDay|[upkeep]\n|upkeep\n|turn|6\n|\n|t:|1701167996\n|switch|p2a: \u5927\u72c3\u62c9\u662f\u4ec0\u4e48\u4e1c\u897f|Aegislash, M|100\/100\n|-damage|p2a: \u5927\u72c3\u62c9\u662f\u4ec0\u4e48\u4e1c\u897f|94\/100|[from] Stealth Rock\n|move|p1a: Kyurem|Freeze-Dry|p2a: \u5927\u72c3\u62c9\u662f\u4ec0\u4e48\u4e1c\u897f\n|-resisted|p2a: \u5927\u72c3\u62c9\u662f\u4ec0\u4e48\u4e1c\u897f\n|-damage|p2a: \u5927\u72c3\u62c9\u662f\u4ec0\u4e48\u4e1c\u897f|80\/100\n|-damage|p1a: Kyurem|66\/100|[from] item: Life Orb\n|\n|-weather|SunnyDay|[upkeep]\n|-heal|p2a: \u5927\u72c3\u62c9\u662f\u4ec0\u4e48\u4e1c\u897f|86\/100|[from] item: Leftovers\n|upkeep\n|turn|7\n|\n|t:|1701168003\n|switch|p2a: \u731c\u731c\u6211\u662f\u4ec0\u4e48\u914d\u7f6e|Garchomp, F|81\/100\n|-damage|p2a: \u731c\u731c\u6211\u662f\u4ec0\u4e48\u914d\u7f6e|75\/100|[from] Stealth Rock\n|move|p1a: Kyurem|Earth Power|p2a: \u731c\u731c\u6211\u662f\u4ec0\u4e48\u914d\u7f6e\n|-damage|p2a: \u731c\u731c\u6211\u662f\u4ec0\u4e48\u914d\u7f6e|39\/100\n|-damage|p1a: Kyurem|56\/100|[from] item: Life Orb\n|\n|-weather|SunnyDay|[upkeep]\n|upkeep\n|turn|8\n|\n|t:|1701168015\n|switch|p2a: \u5927\u72c3\u62c9\u662f\u4ec0\u4e48\u4e1c\u897f|Aegislash, M|86\/100\n|-damage|p2a: \u5927\u72c3\u62c9\u662f\u4ec0\u4e48\u4e1c\u897f|80\/100|[from] Stealth Rock\n|move|p1a: Kyurem|Roost|p1a: Kyurem\n|-heal|p1a: Kyurem|100\/100\n|-singleturn|p1a: Kyurem|move: Roost\n|\n|-weather|none\n|-heal|p2a: \u5927\u72c3\u62c9\u662f\u4ec0\u4e48\u4e1c\u897f|86\/100|[from] item: Leftovers\n|upkeep\n|turn|9\n|\n|t:|1701168028\n|switch|p1a: Landorus|Landorus-Therian, M|38\/100\n|-damage|p1a: Landorus|26\/100|[from] Stealth Rock\n|-ability|p1a: Landorus|Intimidate|boost\n|-unboost|p2a: \u5927\u72c3\u62c9\u662f\u4ec0\u4e48\u4e1c\u897f|atk|1\n|move|p2a: \u5927\u72c3\u62c9\u662f\u4ec0\u4e48\u4e1c\u897f|King's Shield||[still]\n|-fail|p2a: \u5927\u72c3\u62c9\u662f\u4ec0\u4e48\u4e1c\u897f\n|\n|-heal|p2a: \u5927\u72c3\u62c9\u662f\u4ec0\u4e48\u4e1c\u897f|92\/100|[from] item: Leftovers\n|upkeep\n|turn|10\n|\n|t:|1701168037\n|switch|p2a: \u866b\u738b|Landorus-Therian, M|84\/100\n|-damage|p2a: \u866b\u738b|72\/100|[from] Stealth Rock\n|-ability|p2a: \u866b\u738b|Intimidate|boost\n|-unboost|p1a: Landorus|atk|1\n|move|p1a: Landorus|Earthquake|p2a: \u866b\u738b\n|-immune|p2a: \u866b\u738b\n|\n|-heal|p2a: \u866b\u738b|78\/100|[from] item: Leftovers\n|upkeep\n|turn|11\n|\n|t:|1701168043\n|move|p1a: Landorus|Defog|p2a: \u866b\u738b\n|-unboost|p2a: \u866b\u738b|evasion|1\n|-sideend|p2: xuxiansheng|Stealth Rock|[from] move: Defog|[of] p1a: Landorus\n|-sideend|p1: Ackesh|Stealth Rock|[from] move: Defog|[of] p1a: Landorus\n|move|p2a: \u866b\u738b|Knock Off|p1a: Landorus\n|-damage|p1a: Landorus|4\/100\n|\n|-heal|p2a: \u866b\u738b|84\/100|[from] item: Leftovers\n|upkeep\n|turn|12\n|\n|t:|1701168052\n|move|p1a: Landorus|U-turn|p2a: \u866b\u738b\n|-resisted|p2a: \u866b\u738b\n|-damage|p2a: \u866b\u738b|76\/100\n|\n|t:|1701168054\n|switch|p1a: Torkoal|Torkoal, F|100\/100|[from] U-turn\n|-weather|SunnyDay|[from] ability: Drought|[of] p1a: Torkoal\n|move|p2a: \u866b\u738b|U-turn|p1a: Torkoal\n|-resisted|p1a: Torkoal\n|-damage|p1a: Torkoal|94\/100\n|\n|t:|1701168060\n|switch|p2a: \u731c\u731c\u6211\u662f\u4ec0\u4e48\u914d\u7f6e|Garchomp, F|39\/100|[from] U-turn\n|\n|-weather|SunnyDay|[upkeep]\n|upkeep\n|turn|13\n|\n|t:|1701168063\n|move|p2a: \u731c\u731c\u6211\u662f\u4ec0\u4e48\u914d\u7f6e|Stealth Rock|p1a: Torkoal\n|-sidestart|p1: Ackesh|move: Stealth Rock\n|move|p1a: Torkoal|Yawn|p2a: \u731c\u731c\u6211\u662f\u4ec0\u4e48\u914d\u7f6e\n|-start|p2a: \u731c\u731c\u6211\u662f\u4ec0\u4e48\u914d\u7f6e|move: Yawn|[of] p1a: Torkoal\n|\n|-weather|SunnyDay|[upkeep]\n|upkeep\n|turn|14\n|\n|t:|1701168069\n|switch|p2a: \u866b\u738b|Landorus-Therian, M|76\/100\n|-ability|p2a: \u866b\u738b|Intimidate|boost\n|-unboost|p1a: Torkoal|atk|1\n|move|p1a: Torkoal|Flamethrower|p2a: \u866b\u738b\n|-damage|p2a: \u866b\u738b|43\/100\n|\n|-weather|SunnyDay|[upkeep]\n|-heal|p2a: \u866b\u738b|49\/100|[from] item: Leftovers\n|upkeep\n|turn|15\n|\n|t:|1701168077\n|move|p2a: \u866b\u738b|Earthquake|p1a: Torkoal\n|-supereffective|p1a: Torkoal\n|-damage|p1a: Torkoal|36\/100\n|move|p1a: Torkoal|Rapid Spin|p2a: \u866b\u738b\n|-damage|p2a: \u866b\u738b|42\/100\n|-boost|p1a: Torkoal|spe|1\n|-sideend|p1: Ackesh|Stealth Rock|[from] move: Rapid Spin|[of] p1a: Torkoal\n|\n|-weather|SunnyDay|[upkeep]\n|-heal|p2a: \u866b\u738b|48\/100|[from] item: Leftovers\n|upkeep\n|turn|16\n|j| UnoSuerte\n|\n|t:|1701168083\n|switch|p1a: Landorus|Landorus-Therian, M|4\/100\n|-ability|p1a: Landorus|Intimidate|boost\n|-unboost|p2a: \u866b\u738b|atk|1\n|move|p2a: \u866b\u738b|Earthquake|p1a: Landorus\n|-immune|p1a: Landorus\n|\n|-weather|SunnyDay|[upkeep]\n|-heal|p2a: \u866b\u738b|54\/100|[from] item: Leftovers\n|upkeep\n|turn|17\n|l| UnoSuerte\n|\n|t:|1701168090\n|move|p1a: Landorus|U-turn|p2a: \u866b\u738b\n|-resisted|p2a: \u866b\u738b\n|-crit|p2a: \u866b\u738b\n|-damage|p2a: \u866b\u738b|37\/100\n|\n|t:|1701168091\n|switch|p1a: Kyurem|Kyurem|100\/100|[from] U-turn\n|-ability|p1a: Kyurem|Pressure\n|move|p2a: \u866b\u738b|U-turn|p1a: Kyurem\n|-damage|p1a: Kyurem|86\/100\n|\n|t:|1701168112\n|switch|p2a: \u5927\u72c3\u62c9\u662f\u4ec0\u4e48\u4e1c\u897f|Aegislash, M|92\/100|[from] U-turn\n|\n|-weather|SunnyDay|[upkeep]\n|-heal|p2a: \u5927\u72c3\u62c9\u662f\u4ec0\u4e48\u4e1c\u897f|98\/100|[from] item: Leftovers\n|upkeep\n|turn|18\n|inactive|xuxiansheng has 120 seconds left.\n|\n|t:|1701168142\n|move|p1a: Kyurem|Earth Power|p2a: \u5927\u72c3\u62c9\u662f\u4ec0\u4e48\u4e1c\u897f\n|-supereffective|p2a: \u5927\u72c3\u62c9\u662f\u4ec0\u4e48\u4e1c\u897f\n|-damage|p2a: \u5927\u72c3\u62c9\u662f\u4ec0\u4e48\u4e1c\u897f|47\/100\n|-damage|p1a: Kyurem|76\/100|[from] item: Life Orb\n|-formechange|p2a: \u5927\u72c3\u62c9\u662f\u4ec0\u4e48\u4e1c\u897f|Aegislash-Blade||[from] ability: Stance Change\n|move|p2a: \u5927\u72c3\u62c9\u662f\u4ec0\u4e48\u4e1c\u897f|Flash Cannon|p1a: Kyurem\n|-supereffective|p1a: Kyurem\n|-damage|p1a: Kyurem|4\/100\n|-unboost|p1a: Kyurem|spd|1\n|\n|-weather|SunnyDay|[upkeep]\n|-heal|p2a: \u5927\u72c3\u62c9\u662f\u4ec0\u4e48\u4e1c\u897f|54\/100|[from] item: Leftovers\n|upkeep\n|turn|19\n|inactive|xuxiansheng has 120 seconds left.\n|\n|t:|1701168154\n|switch|p1a: Landorus|Landorus-Therian, M|4\/100\n|-ability|p1a: Landorus|Intimidate|boost\n|-unboost|p2a: \u5927\u72c3\u62c9\u662f\u4ec0\u4e48\u4e1c\u897f|atk|1\n|-formechange|p2a: \u5927\u72c3\u62c9\u662f\u4ec0\u4e48\u4e1c\u897f|Aegislash||[from] ability: Stance Change\n|move|p2a: \u5927\u72c3\u62c9\u662f\u4ec0\u4e48\u4e1c\u897f|King's Shield||[still]\n|-fail|p2a: \u5927\u72c3\u62c9\u662f\u4ec0\u4e48\u4e1c\u897f\n|\n|-weather|none\n|-heal|p2a: \u5927\u72c3\u62c9\u662f\u4ec0\u4e48\u4e1c\u897f|60\/100|[from] item: Leftovers\n|upkeep\n|turn|20\n|inactive|xuxiansheng has 120 seconds left.\n|\n|t:|1701168163\n|switch|p2a: \u866b\u738b|Landorus-Therian, M|37\/100\n|-ability|p2a: \u866b\u738b|Intimidate|boost\n|-unboost|p1a: Landorus|atk|1\n|move|p1a: Landorus|U-turn|p2a: \u866b\u738b\n|-resisted|p2a: \u866b\u738b\n|-crit|p2a: \u866b\u738b\n|-damage|p2a: \u866b\u738b|19\/100\n|\n|t:|1701168165\n|switch|p1a: Kyurem|Kyurem|4\/100|[from] U-turn\n|-ability|p1a: Kyurem|Pressure\n|\n|-heal|p2a: \u866b\u738b|25\/100|[from] item: Leftovers\n|upkeep\n|turn|21\n|\n|t:|1701168174\n|switch|p2a: \u522b\u62cd\u843d\u6211|Tapu Lele|100\/100\n|-fieldstart|move: Psychic Terrain|[from] ability: Psychic Surge|[of] p2a: \u522b\u62cd\u843d\u6211\n|move|p1a: Kyurem|Roost|p1a: Kyurem\n|-heal|p1a: Kyurem|54\/100\n|-singleturn|p1a: Kyurem|move: Roost\n|\n|upkeep\n|turn|22\n|inactive|xuxiansheng has 120 seconds left.\n|\n|t:|1701168194\n|switch|p2a: \u5927\u72c3\u62c9\u662f\u4ec0\u4e48\u4e1c\u897f|Aegislash, M|60\/100\n|switch|p1a: Landorus|Landorus-Therian, M|4\/100\n|-ability|p1a: Landorus|Intimidate|boost\n|-unboost|p2a: \u5927\u72c3\u62c9\u662f\u4ec0\u4e48\u4e1c\u897f|atk|1\n|\n|-heal|p2a: \u5927\u72c3\u62c9\u662f\u4ec0\u4e48\u4e1c\u897f|66\/100|[from] item: Leftovers\n|upkeep\n|turn|23\n|inactive|xuxiansheng has 120 seconds left.\n|\n|t:|1701168209\n|switch|p2a: \u731c\u731c\u6211\u662f\u4ec0\u4e48\u914d\u7f6e|Garchomp, F|39\/100\n|move|p1a: Landorus|Earthquake|p2a: \u731c\u731c\u6211\u662f\u4ec0\u4e48\u914d\u7f6e\n|-damage|p2a: \u731c\u731c\u6211\u662f\u4ec0\u4e48\u914d\u7f6e|11\/100\n|\n|upkeep\n|turn|24\n|inactive|xuxiansheng has 120 seconds left.\n|\n|t:|1701168219\n|switch|p2a: \u866b\u738b|Landorus-Therian, M|25\/100\n|-ability|p2a: \u866b\u738b|Intimidate|boost\n|-unboost|p1a: Landorus|atk|1\n|move|p1a: Landorus|U-turn|p2a: \u866b\u738b\n|-resisted|p2a: \u866b\u738b\n|-damage|p2a: \u866b\u738b|18\/100\n|\n|t:|1701168224\n|switch|p1a: Kyurem|Kyurem|54\/100|[from] U-turn\n|-ability|p1a: Kyurem|Pressure\n|\n|-heal|p2a: \u866b\u738b|24\/100|[from] item: Leftovers\n|upkeep\n|turn|25\n|j| Neutralist\n|\n|t:|1701168237\n|move|p1a: Kyurem|Roost|p1a: Kyurem\n|-heal|p1a: Kyurem|100\/100\n|-singleturn|p1a: Kyurem|move: Roost\n|move|p2a: \u866b\u738b|U-turn|p1a: Kyurem\n|-damage|p1a: Kyurem|80\/100\n|\n|t:|1701168242\n|switch|p2a: \u5927\u72c3\u62c9\u662f\u4ec0\u4e48\u4e1c\u897f|Aegislash, M|66\/100|[from] U-turn\n|\n|-heal|p2a: \u5927\u72c3\u62c9\u662f\u4ec0\u4e48\u4e1c\u897f|72\/100|[from] item: Leftovers\n|-fieldend|move: Psychic Terrain\n|upkeep\n|turn|26\n|\n|t:|1701168251\n|switch|p1a: Heatran|Heatran, M|100\/100\n|-formechange|p2a: \u5927\u72c3\u62c9\u662f\u4ec0\u4e48\u4e1c\u897f|Aegislash-Blade||[from] ability: Stance Change\n|move|p2a: \u5927\u72c3\u62c9\u662f\u4ec0\u4e48\u4e1c\u897f|Flash Cannon|p1a: Heatran\n|-resisted|p1a: Heatran\n|-damage|p1a: Heatran|91\/100\n|\n|-heal|p2a: \u5927\u72c3\u62c9\u662f\u4ec0\u4e48\u4e1c\u897f|78\/100|[from] item: Leftovers\n|upkeep\n|turn|27\n|j| hainiumm\n|\n|t:|1701168265\n|switch|p2a: \u866b\u738b|Landorus-Therian, M|24\/100\n|-ability|p2a: \u866b\u738b|Intimidate|boost\n|-unboost|p1a: Heatran|atk|1\n|move|p1a: Heatran|Flamethrower|p2a: \u866b\u738b\n|-damage|p2a: \u866b\u738b|0 fnt\n|faint|p2a: \u866b\u738b\n|\n|upkeep\n|\n|t:|1701168267\n|switch|p2a: \u731c\u731c\u6211\u662f\u4ec0\u4e48\u914d\u7f6e|Garchomp, F|11\/100\n|turn|28\n|\n|t:|1701168270\n|move|p1a: Heatran|Flamethrower|p2a: \u731c\u731c\u6211\u662f\u4ec0\u4e48\u914d\u7f6e\n|-resisted|p2a: \u731c\u731c\u6211\u662f\u4ec0\u4e48\u914d\u7f6e\n|-damage|p2a: \u731c\u731c\u6211\u662f\u4ec0\u4e48\u914d\u7f6e|0 fnt\n|faint|p2a: \u731c\u731c\u6211\u662f\u4ec0\u4e48\u914d\u7f6e\n|\n|upkeep\n|\n|t:|1701168284\n|switch|p2a: Dragonite|Dragonite, M|100\/100\n|turn|29\n|c| Neutralist|naur\n|\n|t:|1701168303\n|switch|p2a: Urshifu|Urshifu-Rapid-Strike, F|100\/100\n|switch|p1a: Victini|Victini|100\/100\n|\n|upkeep\n|turn|30\n|\n|t:|1701168318\n|move|p1a: Victini|U-turn|p2a: Urshifu\n|-resisted|p2a: Urshifu\n|-damage|p2a: Urshifu|91\/100\n|\n|t:|1701168320\n|switch|p1a: Landorus|Landorus-Therian, M|4\/100|[from] U-turn\n|-ability|p1a: Landorus|Intimidate|boost\n|-unboost|p2a: Urshifu|atk|1\n|move|p2a: Urshifu|Surging Strikes|p1a: Landorus\n|-supereffective|p1a: Landorus\n|-crit|p1a: Landorus\n|-damage|p1a: Landorus|0 fnt\n|faint|p1a: Landorus\n|-hitcount|p1: Landorus|1\n|\n|upkeep\n|\n|t:|1701168322\n|switch|p1a: Torkoal|Torkoal, F|36\/100\n|-weather|SunnyDay|[from] ability: Drought|[of] p1a: Torkoal\n|turn|31\n|\n|t:|1701168329\n|-terastallize|p1a: Torkoal|Grass\n|move|p2a: Urshifu|Surging Strikes|p1a: Torkoal\n|-resisted|p1a: Torkoal\n|-crit|p1a: Torkoal\n|-damage|p1a: Torkoal|33\/100\n|-resisted|p1a: Torkoal\n|-crit|p1a: Torkoal\n|-damage|p1a: Torkoal|30\/100\n|-resisted|p1a: Torkoal\n|-crit|p1a: Torkoal\n|-damage|p1a: Torkoal|26\/100\n|-hitcount|p1a: Torkoal|3\n|move|p1a: Torkoal|Stealth Rock|p2a: Urshifu\n|-sidestart|p2: xuxiansheng|move: Stealth Rock\n|\n|-weather|SunnyDay|[upkeep]\n|upkeep\n|turn|32\n|\n|t:|1701168350\n|move|p2a: Urshifu|Drain Punch|p1a: Torkoal\n|-damage|p1a: Torkoal|9\/100\n|-heal|p2a: Urshifu|99\/100|[from] drain|[of] p1a: Torkoal\n|move|p1a: Torkoal|Yawn|p2a: Urshifu\n|-start|p2a: Urshifu|move: Yawn|[of] p1a: Torkoal\n|\n|-weather|SunnyDay|[upkeep]\n|upkeep\n|turn|33\n|inactive|xuxiansheng has 120 seconds left.\n|\n|t:|1701168373\n|switch|p2a: \u5927\u72c3\u62c9\u662f\u4ec0\u4e48\u4e1c\u897f|Aegislash, M|78\/100\n|-damage|p2a: \u5927\u72c3\u62c9\u662f\u4ec0\u4e48\u4e1c\u897f|72\/100|[from] Stealth Rock\n|switch|p1a: Kyurem|Kyurem|80\/100\n|-ability|p1a: Kyurem|Pressure\n|\n|-weather|SunnyDay|[upkeep]\n|-heal|p2a: \u5927\u72c3\u62c9\u662f\u4ec0\u4e48\u4e1c\u897f|78\/100|[from] item: Leftovers\n|upkeep\n|turn|34\n|inactive|xuxiansheng has 120 seconds left.\n|\n|t:|1701168387\n|switch|p1a: Heatran|Heatran, M|91\/100\n|-formechange|p2a: \u5927\u72c3\u62c9\u662f\u4ec0\u4e48\u4e1c\u897f|Aegislash-Blade||[from] ability: Stance Change\n|move|p2a: \u5927\u72c3\u62c9\u662f\u4ec0\u4e48\u4e1c\u897f|Flash Cannon|p1a: Heatran\n|-resisted|p1a: Heatran\n|-damage|p1a: Heatran|83\/100\n|\n|-weather|SunnyDay|[upkeep]\n|-heal|p2a: \u5927\u72c3\u62c9\u662f\u4ec0\u4e48\u4e1c\u897f|84\/100|[from] item: Leftovers\n|upkeep\n|turn|35\n|\n|t:|1701168395\n|-formechange|p2a: \u5927\u72c3\u62c9\u662f\u4ec0\u4e48\u4e1c\u897f|Aegislash||[from] ability: Stance Change\n|move|p2a: \u5927\u72c3\u62c9\u662f\u4ec0\u4e48\u4e1c\u897f|King's Shield|p2a: \u5927\u72c3\u62c9\u662f\u4ec0\u4e48\u4e1c\u897f\n|-singleturn|p2a: \u5927\u72c3\u62c9\u662f\u4ec0\u4e48\u4e1c\u897f|Protect\n|move|p1a: Heatran|Flamethrower|p2a: \u5927\u72c3\u62c9\u662f\u4ec0\u4e48\u4e1c\u897f\n|-activate|p2a: \u5927\u72c3\u62c9\u662f\u4ec0\u4e48\u4e1c\u897f|move: Protect\n|\n|-weather|SunnyDay|[upkeep]\n|-heal|p2a: \u5927\u72c3\u62c9\u662f\u4ec0\u4e48\u4e1c\u897f|91\/100|[from] item: Leftovers\n|upkeep\n|turn|36\n|inactive|xuxiansheng has 120 seconds left.\n|\n|t:|1701168429\n|-terastallize|p2a: \u5927\u72c3\u62c9\u662f\u4ec0\u4e48\u4e1c\u897f|Dark\n|move|p1a: Heatran|Flamethrower|p2a: \u5927\u72c3\u62c9\u662f\u4ec0\u4e48\u4e1c\u897f\n|-damage|p2a: \u5927\u72c3\u62c9\u662f\u4ec0\u4e48\u4e1c\u897f|16\/100\n|-formechange|p2a: \u5927\u72c3\u62c9\u662f\u4ec0\u4e48\u4e1c\u897f|Aegislash-Blade||[from] ability: Stance Change\n|move|p2a: \u5927\u72c3\u62c9\u662f\u4ec0\u4e48\u4e1c\u897f|Shadow Ball|p1a: Heatran\n|-crit|p1a: Heatran\n|-damage|p1a: Heatran|25\/100\n|\n|-weather|SunnyDay|[upkeep]\n|-heal|p2a: \u5927\u72c3\u62c9\u662f\u4ec0\u4e48\u4e1c\u897f|22\/100|[from] item: Leftovers\n|upkeep\n|turn|37\n|\n|t:|1701168440\n|-formechange|p2a: \u5927\u72c3\u62c9\u662f\u4ec0\u4e48\u4e1c\u897f|Aegislash||[from] ability: Stance Change\n|move|p2a: \u5927\u72c3\u62c9\u662f\u4ec0\u4e48\u4e1c\u897f|King's Shield|p2a: \u5927\u72c3\u62c9\u662f\u4ec0\u4e48\u4e1c\u897f\n|-singleturn|p2a: \u5927\u72c3\u62c9\u662f\u4ec0\u4e48\u4e1c\u897f|Protect\n|move|p1a: Heatran|Flamethrower|p2a: \u5927\u72c3\u62c9\u662f\u4ec0\u4e48\u4e1c\u897f\n|-activate|p2a: \u5927\u72c3\u62c9\u662f\u4ec0\u4e48\u4e1c\u897f|move: Protect\n|\n|-weather|SunnyDay|[upkeep]\n|-heal|p2a: \u5927\u72c3\u62c9\u662f\u4ec0\u4e48\u4e1c\u897f|29\/100|[from] item: Leftovers\n|upkeep\n|turn|38\n|\n|t:|1701168455\n|move|p1a: Heatran|Flamethrower|p2a: \u5927\u72c3\u62c9\u662f\u4ec0\u4e48\u4e1c\u897f\n|-damage|p2a: \u5927\u72c3\u62c9\u662f\u4ec0\u4e48\u4e1c\u897f|0 fnt\n|faint|p2a: \u5927\u72c3\u62c9\u662f\u4ec0\u4e48\u4e1c\u897f\n|\n|-weather|none\n|upkeep\n|\n|t:|1701168465\n|switch|p2a: \u522b\u62cd\u843d\u6211|Tapu Lele|100\/100\n|-damage|p2a: \u522b\u62cd\u843d\u6211|88\/100|[from] Stealth Rock\n|-fieldstart|move: Psychic Terrain|[from] ability: Psychic Surge|[of] p2a: \u522b\u62cd\u843d\u6211\n|turn|39\n|\n|t:|1701168477\n|move|p2a: \u522b\u62cd\u843d\u6211|Psychic|p1a: Heatran\n|-resisted|p1a: Heatran\n|-damage|p1a: Heatran|0 fnt\n|faint|p1a: Heatran\n|\n|upkeep\n|\n|t:|1701168479\n|switch|p1a: Victini|Victini|100\/100\n|turn|40\n|\n|t:|1701168489\n|move|p1a: Victini|Bolt Strike|p2a: \u522b\u62cd\u843d\u6211\n|-damage|p2a: \u522b\u62cd\u843d\u6211|30\/100\n|move|p2a: \u522b\u62cd\u843d\u6211|Psychic|p1a: Victini\n|-resisted|p1a: Victini\n|-damage|p1a: Victini|70\/100\n|\n|upkeep\n|turn|41\n|\n|t:|1701168500\n|move|p1a: Victini|Bolt Strike|p2a: \u522b\u62cd\u843d\u6211\n|-damage|p2a: \u522b\u62cd\u843d\u6211|0 fnt\n|faint|p2a: \u522b\u62cd\u843d\u6211\n|\n|upkeep\n|\n|t:|1701168504\n|switch|p2a: Dragonite|Dragonite, M|100\/100\n|-damage|p2a: Dragonite|76\/100|[from] Stealth Rock\n|turn|42\n|\n|t:|1701168510\n|move|p1a: Victini|Bolt Strike|p2a: Dragonite\n|-damage|p2a: Dragonite|35\/100\n|move|p2a: Dragonite|Earthquake|p1a: Victini\n|-supereffective|p1a: Victini\n|-damage|p1a: Victini|0 fnt\n|faint|p1a: Victini\n|\n|upkeep\n|\n|t:|1701168514\n|switch|p1a: Kyurem|Kyurem|80\/100\n|-ability|p1a: Kyurem|Pressure\n|turn|43\n|\n|t:|1701168518\n|move|p1a: Kyurem|Freeze-Dry|p2a: Dragonite\n|-supereffective|p2a: Dragonite\n|-damage|p2a: Dragonite|0 fnt\n|faint|p2a: Dragonite\n|-damage|p1a: Kyurem|70\/100|[from] item: Life Orb\n|\n|-fieldend|move: Psychic Terrain\n|upkeep\n|\n|t:|1701168519\n|switch|p2a: Urshifu|Urshifu-Rapid-Strike, F|99\/100\n|-damage|p2a: Urshifu|93\/100|[from] Stealth Rock\n|turn|44\n|\n|t:|1701168523\n|switch|p1a: Torkoal|Torkoal, F, tera:Grass|9\/100\n|-weather|SunnyDay|[from] ability: Drought|[of] p1a: Torkoal\n|move|p2a: Urshifu|Drain Punch|p1a: Torkoal\n|-damage|p1a: Torkoal|0 fnt\n|-heal|p2a: Urshifu|98\/100|[from] drain|[of] p1a: Torkoal\n|faint|p1a: Torkoal\n|\n|-weather|SunnyDay|[upkeep]\n|upkeep\n|c|\u2606Ackesh|GG\n|-message|xuxiansheng forfeited.\n|\n|win|Ackesh\n|raw|Ackesh's rating: 1732 &rarr; <strong>1746<\/strong><br \/>(+14 for winning)\n|raw|xuxiansheng's rating: 1617 &rarr; <strong>1603<\/strong><br \/>(-14 for losing)\n|l|\u2606xuxiansheng\n|l| Neutralist\n","uploadtime":1701168530,"views":1,"p1id":"ackesh","p2id":"xuxiansheng","formatid":"gen9nationaldex","rating":1603,"private":0,"password":""}