{"id":"gen9nationaldex-1992680974","p1":"NotMikeO","p2":"notecameron","format":"[Gen 9] National Dex","log":"|j|\u2606NotMikeO\n|j|\u2606notecameron\n|t:|1700224542\n|gametype|singles\n|player|p1|NotMikeO|170|\n|player|p2|notecameron|1|\n|teamsize|p1|6\n|teamsize|p2|6\n|gen|9\n|tier|[Gen 9] National Dex\n|rule|HP Percentage Mod: HP is shown in percentages\n|rule|Endless Battle Clause: Forcing endless battles is banned\n|rule|OHKO Clause: OHKO moves are banned\n|rule|Evasion Clause: Evasion abilities, items, and moves are banned\n|rule|Evasion Abilities Clause: Evasion abilities are banned\n|rule|Evasion Items Clause: Evasion items are banned\n|rule|Evasion Moves Clause: Evasion moves are banned\n|rule|Species Clause: Limit one of each Pok\u00e9mon\n|rule|Sleep Clause Mod: Limit one foe put to sleep\n|clearpoke\n|poke|p1|Dragonite, F|\n|poke|p1|Exeggutor, F|\n|poke|p1|Kabutops, M|\n|poke|p1|Feraligatr, F|\n|poke|p1|Electrode|\n|poke|p1|Flareon, M|\n|poke|p2|Lanturn, F|\n|poke|p2|Slowbro, F|\n|poke|p2|Moltres|\n|poke|p2|Scyther, M|\n|poke|p2|Hitmonchan, M|\n|poke|p2|Tauros, M|\n|teampreview\n|\n|t:|1700224562\n|start\n|switch|p1a: Bzzzzzzzzz|Electrode|100\/100\n|switch|p2a: Hittyguy|Hitmonchan, M|100\/100\n|turn|1\n|\n|t:|1700224594\n|move|p1a: Bzzzzzzzzz|Rain Dance|p1a: Bzzzzzzzzz\n|-weather|RainDance\n|move|p2a: Hittyguy|Drain Punch|p1a: Bzzzzzzzzz\n|-damage|p1a: Bzzzzzzzzz|6\/100\n|\n|-weather|RainDance|[upkeep]\n|upkeep\n|turn|2\n|\n|t:|1700224604\n|move|p2a: Hittyguy|Mach Punch|p1a: Bzzzzzzzzz\n|-damage|p1a: Bzzzzzzzzz|0 fnt\n|faint|p1a: Bzzzzzzzzz\n|\n|-weather|RainDance|[upkeep]\n|upkeep\n|\n|t:|1700224610\n|switch|p1a: Grrbutops|Kabutops, M|100\/100\n|turn|3\n|\n|t:|1700224619\n|switch|p2a: I've got Brooovid|Slowbro, F|100\/100\n|move|p1a: Grrbutops|Swords Dance|p1a: Grrbutops\n|-boost|p1a: Grrbutops|atk|2\n|\n|-weather|RainDance|[upkeep]\n|upkeep\n|turn|4\n|\n|t:|1700224661\n|move|p1a: Grrbutops|Rock Slide|p2a: I've got Brooovid|[miss]\n|-miss|p1a: Grrbutops|p2a: I've got Brooovid\n|move|p2a: I've got Brooovid|Toxic|p1a: Grrbutops\n|-status|p1a: Grrbutops|tox\n|\n|-weather|RainDance|[upkeep]\n|-damage|p1a: Grrbutops|94\/100 tox|[from] psn\n|upkeep\n|turn|5\n|\n|t:|1700224682\n|move|p1a: Grrbutops|Rock Slide|p2a: I've got Brooovid\n|-damage|p2a: I've got Brooovid|58\/100\n|move|p2a: I've got Brooovid|Psyshock|p1a: Grrbutops\n|-damage|p1a: Grrbutops|62\/100 tox\n|\n|-weather|none\n|-heal|p2a: I've got Brooovid|64\/100|[from] item: Leftovers\n|-damage|p1a: Grrbutops|50\/100 tox|[from] psn\n|upkeep\n|turn|6\n|\n|t:|1700224704\n|move|p1a: Grrbutops|Rock Slide|p2a: I've got Brooovid\n|-damage|p2a: I've got Brooovid|15\/100\n|move|p2a: I've got Brooovid|Teleport|p2a: I've got Brooovid\n|\n|t:|1700224717\n|switch|p2a: Hittyguy|Hitmonchan, M|100\/100|[from] Teleport\n|\n|-damage|p1a: Grrbutops|31\/100 tox|[from] psn\n|upkeep\n|turn|7\n|\n|t:|1700224763\n|move|p2a: Hittyguy|Mach Punch|p1a: Grrbutops\n|-supereffective|p1a: Grrbutops\n|-damage|p1a: Grrbutops|0 fnt\n|faint|p1a: Grrbutops\n|\n|upkeep\n|\n|t:|1700224783\n|switch|p1a: Big Bob|Dragonite, F|100\/100\n|turn|8\n|inactive|Battle timer is ON: inactive players will automatically lose when time's up. (requested by NotMikeO)\n|\n|t:|1700224847\n|switch|p2a: I've got Brooovid|Slowbro, F|49\/100\n|move|p1a: Big Bob|Dragon Dance|p1a: Big Bob\n|-boost|p1a: Big Bob|atk|1\n|-boost|p1a: Big Bob|spe|1\n|\n|-heal|p2a: I've got Brooovid|55\/100|[from] item: Leftovers\n|upkeep\n|turn|9\n|\n|t:|1700224856\n|move|p1a: Big Bob|Dual Wingbeat|p2a: I've got Brooovid\n|-damage|p2a: I've got Brooovid|33\/100\n|-damage|p2a: I've got Brooovid|14\/100\n|-hitcount|p2a: I've got Brooovid|2\n|move|p2a: I've got Brooovid|Toxic|p1a: Big Bob\n|-status|p1a: Big Bob|tox\n|\n|-heal|p2a: I've got Brooovid|20\/100|[from] item: Leftovers\n|-damage|p1a: Big Bob|94\/100 tox|[from] psn\n|upkeep\n|turn|10\n|inactive|notecameron has 270 seconds left.\n|\n|t:|1700224899\n|switch|p2a: Hittyguy|Hitmonchan, M|100\/100\n|move|p1a: Big Bob|Dual Wingbeat|p2a: Hittyguy\n|-supereffective|p2a: Hittyguy\n|-damage|p2a: Hittyguy|0 fnt\n|faint|p2a: Hittyguy\n|-hitcount|p2: Hittyguy|1\n|\n|-damage|p1a: Big Bob|82\/100 tox|[from] psn\n|upkeep\n|\n|t:|1700224909\n|switch|p2a: I've got Brooovid|Slowbro, F|53\/100\n|turn|11\n|\n|t:|1700224916\n|move|p1a: Big Bob|Dual Wingbeat|p2a: I've got Brooovid\n|-damage|p2a: I've got Brooovid|33\/100\n|-damage|p2a: I've got Brooovid|12\/100\n|-hitcount|p2a: I've got Brooovid|2\n|move|p2a: I've got Brooovid|Teleport|p2a: I've got Brooovid\n|inactive|notecameron has 270 seconds left.\n|\n|t:|1700224930\n|switch|p2a: Bulby Bill|Lanturn, F|100\/100|[from] Teleport\n|\n|-damage|p1a: Big Bob|63\/100 tox|[from] psn\n|upkeep\n|turn|12\n|inactive|notecameron has 270 seconds left.\n|inactive|notecameron has 240 seconds left.\n|\n|t:|1700224966\n|switch|p2a: Snippy|Scyther, M|100\/100\n|move|p1a: Big Bob|Earthquake|p2a: Snippy\n|-immune|p2a: Snippy\n|\n|-damage|p1a: Big Bob|39\/100 tox|[from] psn\n|upkeep\n|turn|13\n|inactive|notecameron has 240 seconds left.\n|\n|t:|1700224984\n|switch|p1a: Flareon|Flareon, M|100\/100\n|switch|p2a: I've got Brooovid|Slowbro, F|46\/100\n|\n|-heal|p2a: I've got Brooovid|52\/100|[from] item: Leftovers\n|-status|p1a: Flareon|tox|[from] item: Toxic Orb\n|upkeep\n|turn|14\n|inactive|notecameron has 240 seconds left.\n|\n|t:|1700225003\n|move|p1a: Flareon|Facade|p2a: I've got Brooovid\n|-crit|p2a: I've got Brooovid\n|-damage|p2a: I've got Brooovid|0 fnt\n|faint|p2a: I've got Brooovid\n|\n|-damage|p1a: Flareon|94\/100 tox|[from] psn\n|upkeep\n|\n|t:|1700225026\n|switch|p2a: Bulby Bill|Lanturn, F|100\/100\n|turn|15\n|\n|t:|1700225045\n|move|p2a: Bulby Bill|Scald|p1a: Flareon\n|-supereffective|p1a: Flareon\n|-crit|p1a: Flareon\n|-damage|p1a: Flareon|9\/100 tox\n|move|p1a: Flareon|Facade|p2a: Bulby Bill\n|-damage|p2a: Bulby Bill|4\/100\n|\n|-heal|p2a: Bulby Bill|10\/100|[from] item: Leftovers\n|-damage|p1a: Flareon|0 fnt|[from] psn\n|faint|p1a: Flareon\n|upkeep\n|\n|t:|1700225058\n|switch|p1a: Bouncer Gatr|Feraligatr, F|100\/100\n|turn|16\n|\n|t:|1700225066\n|move|p1a: Bouncer Gatr|Dragon Dance|p1a: Bouncer Gatr\n|-boost|p1a: Bouncer Gatr|atk|1\n|-boost|p1a: Bouncer Gatr|spe|1\n|move|p2a: Bulby Bill|Volt Switch|p1a: Bouncer Gatr\n|-supereffective|p1a: Bouncer Gatr\n|-damage|p1a: Bouncer Gatr|34\/100\n|inactive|notecameron has 210 seconds left.\n|\n|t:|1700225097\n|switch|p2a: Mr Bull|Tauros, M|100\/100|[from] Volt Switch\n|\n|upkeep\n|turn|17\n|\n|t:|1700225106\n|move|p1a: Bouncer Gatr|Superpower|p2a: Mr Bull\n|-supereffective|p2a: Mr Bull\n|-damage|p2a: Mr Bull|0 fnt\n|-unboost|p1a: Bouncer Gatr|atk|1\n|-unboost|p1a: Bouncer Gatr|def|1\n|faint|p2a: Mr Bull\n|-damage|p1a: Bouncer Gatr|24\/100|[from] item: Life Orb\n|\n|upkeep\n|\n|t:|1700225115\n|switch|p2a: Bulby Bill|Lanturn, F|10\/100\n|turn|18\n|\n|t:|1700225127\n|move|p1a: Bouncer Gatr|Ice Punch|p2a: Bulby Bill\n|-resisted|p2a: Bulby Bill\n|-damage|p2a: Bulby Bill|0 fnt\n|faint|p2a: Bulby Bill\n|\n|upkeep\n|inactive|notecameron has 210 seconds left.\n|\n|t:|1700225140\n|switch|p2a: Snippy|Scyther, M|100\/100\n|turn|19\n|c|\u2606NotMikeO|!data life orb\n|raw|<ul class=\"utilichart\"><li class=\"result\"><span class=\"col itemiconcol\"><psicon item=\"lifeorb\"><\/span> <span class=\"col namecol\"><a href=\"https:\/\/dex.pokemonshowdown.com\/items\/lifeorb\">Life Orb<\/a><\/span> <span class=\"col itemdesccol\">Holder's attacks do 1.3x damage, and it loses 1\/10 its max HP after the attack.<\/span> <\/li><li style=\"clear:both\"><\/li><\/ul>\n\n|inactive|notecameron has 210 seconds left.\n|inactive|NotMikeO has 270 seconds left.\n|\n|t:|1700225177\n|move|p1a: Bouncer Gatr|Ice Punch|p2a: Snippy\n|-supereffective|p2a: Snippy\n|-damage|p2a: Snippy|0 fnt\n|faint|p2a: Snippy\n|\n|upkeep\n|\n|t:|1700225181\n|switch|p2a: Hot Chicken|Moltres|100\/100\n|-ability|p2a: Hot Chicken|Pressure\n|turn|20\n|\n|t:|1700225190\n|move|p1a: Bouncer Gatr|Waterfall|p2a: Hot Chicken\n|-supereffective|p2a: Hot Chicken\n|-damage|p2a: Hot Chicken|0 fnt\n|faint|p2a: Hot Chicken\n|\n|win|NotMikeO\n","uploadtime":1700225198,"views":22,"p1id":"notmikeo","p2id":"notecameron","formatid":"gen9nationaldex","rating":0,"private":0,"password":""}