{"id":"gen9nationaldex-1995687795","p1":"Dark Umbreon 08","p2":"bostonterriersrule","format":"[Gen 9] National Dex","log":"|html|<div class=\"broadcast-blue\"><strong>[Gen 9] National Dex is currently suspecting Sneasler! For information on how to participate check out the <a href=\"https:\/\/www.smogon.com\/forums\/threads\/sv-national-dex-suspect-8-just-dance.3731534\/\">suspect thread<\/a>.<\/strong><\/div>\n|j|\u2606Dark Umbreon 08\n|j|\u2606bostonterriersrule\n|t:|1700594028\n|gametype|singles\n|player|p1|Dark Umbreon 08|lass-gen4dp|1110\n|player|p2|bostonterriersrule|265|1081\n|teamsize|p1|6\n|teamsize|p2|6\n|gen|9\n|tier|[Gen 9] National Dex\n|rated|\n|rule|HP Percentage Mod: HP is shown in percentages\n|rule|Endless Battle Clause: Forcing endless battles is banned\n|rule|OHKO Clause: OHKO moves are banned\n|rule|Evasion Clause: Evasion abilities, items, and moves are banned\n|rule|Evasion Abilities Clause: Evasion abilities are banned\n|rule|Evasion Items Clause: Evasion items are banned\n|rule|Evasion Moves Clause: Evasion moves are banned\n|rule|Species Clause: Limit one of each Pok\u00e9mon\n|rule|Sleep Clause Mod: Limit one foe put to sleep\n|clearpoke\n|poke|p1|Tapu Lele|\n|poke|p1|Tyrantrum, M|\n|poke|p1|Heatran, M|\n|poke|p1|Crawdaunt, F|\n|poke|p1|Charizard, M|\n|poke|p1|Slowking-Galar, F|\n|poke|p2|Hydreigon, F|\n|poke|p2|Bellibolt, F|\n|poke|p2|Slowking-Galar, M|\n|poke|p2|Clodsire, F|\n|poke|p2|Aggron, M|\n|poke|p2|Corviknight, F|\n|teampreview\n|inactive|Battle timer is ON: inactive players will automatically lose when time's up. (requested by Dark Umbreon 08)\n|\n|t:|1700594036\n|start\n|switch|p1a: Tapu Lele|Tapu Lele|100\/100\n|switch|p2a: queen :)|Clodsire, F|100\/100\n|-fieldstart|move: Psychic Terrain|[from] ability: Psychic Surge|[of] p1a: Tapu Lele\n|turn|1\n|\n|t:|1700594045\n|-terastallize|p2a: queen :)|Psychic\n|move|p1a: Tapu Lele|Calm Mind|p1a: Tapu Lele\n|-boost|p1a: Tapu Lele|spa|1\n|-boost|p1a: Tapu Lele|spd|1\n|move|p2a: queen :)|Poison Jab|p1a: Tapu Lele\n|-supereffective|p1a: Tapu Lele\n|-damage|p1a: Tapu Lele|0 fnt\n|faint|p1a: Tapu Lele\n|\n|upkeep\n|\n|t:|1700594053\n|switch|p1a: Crawdaunt|Crawdaunt, F|100\/100\n|turn|2\n|\n|t:|1700594062\n|switch|p2a: Bellibolt|Bellibolt, F|100\/100\n|move|p1a: Crawdaunt|Knock Off|p2a: Bellibolt\n|-damage|p2a: Bellibolt|47\/100\n|-enditem|p2a: Bellibolt|Focus Sash|[from] move: Knock Off|[of] p1a: Crawdaunt\n|-damage|p1a: Crawdaunt|90\/100|[from] item: Life Orb\n|\n|upkeep\n|turn|3\n|\n|t:|1700594072\n|switch|p1a: Tyrantrum|Tyrantrum, M|100\/100\n|move|p2a: Bellibolt|Discharge|p1a: Tyrantrum\n|-resisted|p1a: Tyrantrum\n|-damage|p1a: Tyrantrum|78\/100\n|\n|upkeep\n|turn|4\n|\n|t:|1700594099\n|switch|p2a: queen :)|Clodsire, F, tera:Psychic|100\/100\n|move|p1a: Tyrantrum|Dragon Dance|p1a: Tyrantrum\n|-boost|p1a: Tyrantrum|atk|1\n|-boost|p1a: Tyrantrum|spe|1\n|\n|upkeep\n|turn|5\n|\n|t:|1700594107\n|move|p1a: Tyrantrum|Head Smash|p2a: queen :)\n|-damage|p2a: queen :)|0 fnt\n|faint|p2a: queen :)\n|-damage|p1a: Tyrantrum|68\/100|[from] item: Life Orb\n|\n|-fieldend|move: Psychic Terrain\n|upkeep\n|\n|t:|1700594121\n|switch|p2a: Aggron|Aggron, M|100\/100\n|turn|6\n|\n|t:|1700594124\n|move|p1a: Tyrantrum|Crunch|p2a: Aggron\n|-damage|p2a: Aggron|66\/100\n|-damage|p1a: Tyrantrum|58\/100|[from] item: Life Orb\n|move|p2a: Aggron|Earth Power|p1a: Tyrantrum\n|-supereffective|p1a: Tyrantrum\n|-damage|p1a: Tyrantrum|0 fnt\n|faint|p1a: Tyrantrum\n|\n|upkeep\n|\n|t:|1700594134\n|switch|p1a: Charizard|Charizard, M|100\/100\n|turn|7\n|\n|t:|1700594144\n|detailschange|p1a: Charizard|Charizard-Mega-X, M\n|-mega|p1a: Charizard|Charizard|Charizardite X\n|move|p1a: Charizard|Earthquake|p2a: Aggron\n|-supereffective|p2a: Aggron\n|-damage|p2a: Aggron|0 fnt\n|faint|p2a: Aggron\n|\n|upkeep\n|\n|t:|1700594150\n|switch|p2a: Corviknight|Corviknight, F|100\/100\n|-ability|p2a: Corviknight|Pressure\n|turn|8\n|\n|t:|1700594155\n|move|p1a: Charizard|Swords Dance|p1a: Charizard\n|-boost|p1a: Charizard|atk|2\n|move|p2a: Corviknight|Brave Bird|p1a: Charizard\n|-damage|p1a: Charizard|46\/100\n|-damage|p2a: Corviknight|87\/100|[from] Recoil\n|\n|upkeep\n|turn|9\n|\n|t:|1700594161\n|move|p1a: Charizard|Fire Punch|p2a: Corviknight\n|-supereffective|p2a: Corviknight\n|-damage|p2a: Corviknight|0 fnt\n|faint|p2a: Corviknight\n|\n|upkeep\n|\n|t:|1700594170\n|switch|p2a: Hydreigon|Hydreigon, F|100\/100\n|turn|10\n|\n|t:|1700594174\n|move|p1a: Charizard|Scale Shot|p2a: Hydreigon\n|-supereffective|p2a: Hydreigon\n|-damage|p2a: Hydreigon|33\/100\n|-supereffective|p2a: Hydreigon\n|-damage|p2a: Hydreigon|0 fnt\n|faint|p2a: Hydreigon\n|-hitcount|p2: Hydreigon|2\n|-unboost|p1a: Charizard|def|1\n|-boost|p1a: Charizard|spe|1\n|\n|upkeep\n|\n|t:|1700594182\n|switch|p2a: Slowking|Slowking-Galar, M|100\/100\n|turn|11\n|\n|t:|1700594188\n|move|p1a: Charizard|Earthquake|p2a: Slowking\n|-supereffective|p2a: Slowking\n|-damage|p2a: Slowking|0 fnt\n|faint|p2a: Slowking\n|\n|upkeep\n|\n|t:|1700594193\n|switch|p2a: Bellibolt|Bellibolt, F|47\/100\n|turn|12\n|\n|t:|1700594200\n|move|p1a: Charizard|Earthquake|p2a: Bellibolt\n|-supereffective|p2a: Bellibolt\n|-damage|p2a: Bellibolt|0 fnt\n|faint|p2a: Bellibolt\n|\n|win|Dark Umbreon 08\n|raw|Dark Umbreon 08's rating: 1094 &rarr; <strong>1119<\/strong><br \/>(+25 for winning)\n|raw|bostonterriersrule's rating: 1081 &rarr; <strong>1060<\/strong><br \/>(-21 for losing)\n|c|\u2606bostonterriersrule|gg\n|c|\u2606Dark Umbreon 08|Gg\n|l|\u2606bostonterriersrule\n","uploadtime":1700594241,"views":0,"p1id":"darkumbreon08","p2id":"bostonterriersrule","formatid":"gen9nationaldex","rating":1060,"private":0,"password":""}