{"id":"gen9nationaldex-1993226283","p1":"wwaaa","p2":"hyh666\u4e01\u771fpromax","format":"[Gen 9] National Dex","log":"|j|\u2606wwaaa\n|j|\u2606hyh666\u4e01\u771fpromax\n|t:|1700280666\n|gametype|singles\n|player|p1|wwaaa|lillie-masters|1737\n|player|p2|hyh666\u4e01\u771fpromax|iono|1669\n|teamsize|p1|6\n|teamsize|p2|6\n|gen|9\n|tier|[Gen 9] National Dex\n|rated|\n|rule|HP Percentage Mod: HP is shown in percentages\n|rule|Endless Battle Clause: Forcing endless battles is banned\n|rule|OHKO Clause: OHKO moves are banned\n|rule|Evasion Clause: Evasion abilities, items, and moves are banned\n|rule|Evasion Abilities Clause: Evasion abilities are banned\n|rule|Evasion Items Clause: Evasion items are banned\n|rule|Evasion Moves Clause: Evasion moves are banned\n|rule|Species Clause: Limit one of each Pok\u00e9mon\n|rule|Sleep Clause Mod: Limit one foe put to sleep\n|clearpoke\n|poke|p1|Weavile, F|\n|poke|p1|Zamazenta-*|\n|poke|p1|Banette, F|\n|poke|p1|Dragonite, F|\n|poke|p1|Slowking-Galar, F|\n|poke|p1|Ferrothorn, F|\n|poke|p2|Aerodactyl, M|\n|poke|p2|Alomomola, F|\n|poke|p2|Garchomp, F|\n|poke|p2|Iron Treads|\n|poke|p2|Hydreigon, F|\n|poke|p2|Tapu Lele|\n|teampreview\n|inactive|Battle timer is ON: inactive players will automatically lose when time's up. (requested by wwaaa)\n|\n|t:|1700280695\n|start\n|switch|p1a: Ferrothorn|Ferrothorn, F|100\/100\n|switch|p2a: Hydreigon|Hydreigon, F|100\/100\n|turn|1\n|\n|t:|1700280707\n|switch|p1a: Dragonite|Dragonite, F|100\/100\n|move|p2a: Hydreigon|Substitute|p2a: Hydreigon\n|-start|p2a: Hydreigon|Substitute\n|-damage|p2a: Hydreigon|76\/100\n|\n|-heal|p2a: Hydreigon|82\/100|[from] item: Leftovers\n|upkeep\n|turn|2\n|\n|t:|1700280712\n|move|p1a: Dragonite|Extreme Speed|p2a: Hydreigon\n|-end|p2a: Hydreigon|Substitute\n|move|p2a: Hydreigon|Dark Pulse|p1a: Dragonite\n|-damage|p1a: Dragonite|79\/100\n|\n|-heal|p2a: Hydreigon|88\/100|[from] item: Leftovers\n|upkeep\n|turn|3\n|\n|t:|1700280725\n|switch|p2a: Garchomp|Garchomp, F|100\/100\n|switch|p1a: Ferrothorn|Ferrothorn, F|100\/100\n|\n|upkeep\n|turn|4\n|\n|t:|1700280730\n|move|p2a: Garchomp|Stealth Rock|p1a: Ferrothorn\n|-sidestart|p1: wwaaa|move: Stealth Rock\n|move|p1a: Ferrothorn|Stealth Rock|p2a: Garchomp\n|-sidestart|p2: hyh666\u4e01\u771fpromax|move: Stealth Rock\n|\n|upkeep\n|turn|5\n|\n|t:|1700280735\n|move|p2a: Garchomp|Spikes|p1a: Ferrothorn\n|-sidestart|p1: wwaaa|Spikes\n|move|p1a: Ferrothorn|Leech Seed|p2a: Garchomp\n|-start|p2a: Garchomp|move: Leech Seed\n|\n|-damage|p2a: Garchomp|88\/100|[from] Leech Seed|[of] p1a: Ferrothorn\n|upkeep\n|turn|6\n|\n|t:|1700280741\n|switch|p1a: Weavile|Weavile, F|100\/100\n|-ability|p1a: Weavile|Pressure\n|move|p2a: Garchomp|Spikes|p1a: Weavile\n|-sidestart|p1: wwaaa|Spikes\n|\n|-damage|p2a: Garchomp|76\/100|[from] Leech Seed|[of] p1a: Weavile\n|upkeep\n|turn|7\n|\n|t:|1700280751\n|switch|p2a: Alomomola|Alomomola, F|100\/100\n|move|p1a: Weavile|Knock Off|p2a: Alomomola\n|-damage|p2a: Alomomola|67\/100\n|-enditem|p2a: Alomomola|Heavy-Duty Boots|[from] move: Knock Off|[of] p1a: Weavile\n|\n|upkeep\n|turn|8\n|\n|t:|1700280762\n|switch|p1a: Slowking|Slowking-Galar, F|100\/100\n|move|p2a: Alomomola|Flip Turn|p1a: Slowking\n|-damage|p1a: Slowking|83\/100\n|\n|t:|1700280774\n|switch|p2a: Garchomp|Garchomp, F|76\/100|[from] Flip Turn\n|-damage|p2a: Garchomp|69\/100|[from] Stealth Rock\n|\n|upkeep\n|turn|9\n|\n|t:|1700280779\n|switch|p1a: Ferrothorn|Ferrothorn, F|100\/100\n|-damage|p1a: Ferrothorn|94\/100|[from] Stealth Rock\n|-damage|p1a: Ferrothorn|78\/100|[from] Spikes\n|move|p2a: Garchomp|Earthquake|p1a: Ferrothorn\n|-damage|p1a: Ferrothorn|47\/100\n|\n|-heal|p1a: Ferrothorn|53\/100|[from] item: Leftovers\n|upkeep\n|turn|10\n|\n|t:|1700280801\n|switch|p1a: Weavile|Weavile, F|100\/100\n|-ability|p1a: Weavile|Pressure\n|move|p2a: Garchomp|Earthquake|p1a: Weavile\n|-damage|p1a: Weavile|27\/100\n|\n|upkeep\n|turn|11\n|\n|t:|1700280823\n|-terastallize|p2a: Garchomp|Ghost\n|move|p1a: Weavile|Triple Axel|p2a: Garchomp\n|-damage|p2a: Garchomp|64\/100\n|-damage|p1a: Weavile|14\/100|[from] ability: Rough Skin|[of] p2a: Garchomp\n|-damage|p1a: Weavile|0 fnt|[from] item: Rocky Helmet|[of] p2a: Garchomp\n|faint|p1a: Weavile\n|-hitcount|p2a: Garchomp|1\n|move|p2a: Garchomp|Spikes|p1: Weavile\n|-sidestart|p1: wwaaa|Spikes\n|\n|upkeep\n|\n|t:|1700280838\n|switch|p1a: Banette|Banette, F|100\/100\n|-damage|p1a: Banette|88\/100|[from] Stealth Rock\n|-damage|p1a: Banette|63\/100|[from] Spikes\n|-item|p2a: Garchomp|Rocky Helmet|[from] ability: Frisk|[of] p1a: Banette|[identify]\n|turn|12\n|\n|t:|1700280851\n|switch|p2a: Hydreigon|Hydreigon, F|88\/100\n|-damage|p2a: Hydreigon|76\/100|[from] Stealth Rock\n|detailschange|p1a: Banette|Banette-Mega, F\n|-mega|p1a: Banette|Banette|Banettite\n|move|p1a: Banette|Encore|p2a: Hydreigon\n|-hint|Since gen 7, Dark is immune to Prankster moves.\n|-immune|p2a: Hydreigon\n|\n|-heal|p2a: Hydreigon|82\/100|[from] item: Leftovers\n|upkeep\n|turn|13\n|\n|t:|1700280859\n|switch|p1a: Ferrothorn|Ferrothorn, F|53\/100\n|-damage|p1a: Ferrothorn|47\/100|[from] Stealth Rock\n|-damage|p1a: Ferrothorn|22\/100|[from] Spikes\n|move|p2a: Hydreigon|Dark Pulse|p1a: Ferrothorn\n|-damage|p1a: Ferrothorn|0 fnt\n|faint|p1a: Ferrothorn\n|\n|-heal|p2a: Hydreigon|88\/100|[from] item: Leftovers\n|upkeep\n|inactive|wwaaa has 120 seconds left.\n|\n|t:|1700280889\n|switch|p1a: Zamazenta|Zamazenta|100\/100\n|-damage|p1a: Zamazenta|94\/100|[from] Stealth Rock\n|-damage|p1a: Zamazenta|69\/100|[from] Spikes\n|-ability|p1a: Zamazenta|Dauntless Shield|boost\n|-boost|p1a: Zamazenta|def|1\n|turn|14\n|inactive|wwaaa has 90 seconds left.\n|\n|t:|1700280916\n|switch|p1a: Banette|Banette-Mega, F|63\/100\n|-damage|p1a: Banette|51\/100|[from] Stealth Rock\n|-damage|p1a: Banette|26\/100|[from] Spikes\n|switch|p2a: Iron Treads|Iron Treads|100\/100\n|-damage|p2a: Iron Treads|98\/100|[from] Stealth Rock\n|\n|upkeep\n|turn|15\n|\n|t:|1700280924\n|move|p1a: Banette|Destiny Bond|p1a: Banette\n|-singlemove|p1a: Banette|Destiny Bond\n|move|p2a: Iron Treads|Earthquake|p1a: Banette\n|-damage|p1a: Banette|0 fnt\n|faint|p1a: Banette\n|-activate|p1a: Banette|move: Destiny Bond\n|faint|p2a: Iron Treads\n|-end|p2a: Iron Treads|Quark Drive|[silent]\n|\n|upkeep\n|\n|t:|1700280931\n|switch|p2a: Tapu Lele|Tapu Lele|100\/100\n|switch|p1a: Slowking|Slowking-Galar, F|100\/100\n|-damage|p2a: Tapu Lele|88\/100|[from] Stealth Rock\n|-fieldstart|move: Psychic Terrain|[from] ability: Psychic Surge|[of] p2a: Tapu Lele\n|turn|16\n|j| Bagpipie\n|\n|t:|1700280950\n|switch|p2a: Alomomola|Alomomola, F|100\/100\n|-damage|p2a: Alomomola|88\/100|[from] Stealth Rock\n|move|p1a: Slowking|Toxic Spikes|p2a: Alomomola\n|-sidestart|p2: hyh666\u4e01\u771fpromax|move: Toxic Spikes\n|\n|upkeep\n|turn|17\n|\n|t:|1700280960\n|move|p2a: Alomomola|Wish|p2a: Alomomola\n|move|p1a: Slowking|Toxic Spikes|p2a: Alomomola\n|-sidestart|p2: hyh666\u4e01\u771fpromax|move: Toxic Spikes\n|\n|upkeep\n|turn|18\n|l| Bagpipie\n|\n|t:|1700280967\n|move|p2a: Alomomola|Flip Turn|p1a: Slowking\n|-damage|p1a: Slowking|82\/100\n|\n|t:|1700280972\n|switch|p2a: Garchomp|Garchomp, F, tera:Ghost|64\/100|[from] Flip Turn\n|-damage|p2a: Garchomp|51\/100|[from] Stealth Rock\n|-status|p2a: Garchomp|tox\n|move|p1a: Slowking|Future Sight|p2a: Garchomp\n|-start|p1a: Slowking|move: Future Sight\n|\n|-heal|p2a: Garchomp|100\/100 tox|[from] move: Wish|[wisher] Alomomola\n|-damage|p2a: Garchomp|94\/100 tox|[from] psn\n|upkeep\n|turn|19\n|\n|t:|1700280979\n|move|p2a: Garchomp|Earthquake|p1a: Slowking\n|-supereffective|p1a: Slowking\n|-damage|p1a: Slowking|0 fnt\n|faint|p1a: Slowking\n|\n|-damage|p2a: Garchomp|82\/100 tox|[from] psn\n|upkeep\n|inactive|wwaaa has 120 seconds left.\n|\n|t:|1700281004\n|switch|p1a: Zamazenta|Zamazenta|69\/100\n|-damage|p1a: Zamazenta|63\/100|[from] Stealth Rock\n|-damage|p1a: Zamazenta|38\/100|[from] Spikes\n|turn|20\n|\n|t:|1700281011\n|move|p1a: Zamazenta|Iron Defense|p1a: Zamazenta\n|-boost|p1a: Zamazenta|def|2\n|move|p2a: Garchomp|Earthquake|p1a: Zamazenta\n|-damage|p1a: Zamazenta|21\/100\n|\n|-end|p2a: Garchomp|move: Future Sight\n|-damage|p2a: Garchomp|25\/100 tox\n|-damage|p2a: Garchomp|6\/100 tox|[from] psn\n|-fieldend|move: Psychic Terrain\n|upkeep\n|turn|21\n|\n|t:|1700281022\n|move|p1a: Zamazenta|Rest|p1a: Zamazenta\n|-status|p1a: Zamazenta|slp|[from] move: Rest\n|-heal|p1a: Zamazenta|100\/100 slp|[silent]\n|-enditem|p1a: Zamazenta|Chesto Berry|[eat]\n|-curestatus|p1a: Zamazenta|slp|[msg]\n|move|p2a: Garchomp|Earthquake|p1a: Zamazenta\n|-damage|p1a: Zamazenta|84\/100\n|\n|-damage|p2a: Garchomp|0 fnt|[from] psn\n|faint|p2a: Garchomp\n|upkeep\n|\n|t:|1700281049\n|switch|p2a: Tapu Lele|Tapu Lele|88\/100\n|-damage|p2a: Tapu Lele|76\/100|[from] Stealth Rock\n|-status|p2a: Tapu Lele|tox\n|-fieldstart|move: Psychic Terrain|[from] ability: Psychic Surge|[of] p2a: Tapu Lele\n|turn|22\n|\n|t:|1700281054\n|-terastallize|p1a: Zamazenta|Steel\n|move|p2a: Tapu Lele|Psychic|p1a: Zamazenta\n|-resisted|p1a: Zamazenta\n|-damage|p1a: Zamazenta|58\/100\n|move|p1a: Zamazenta|Heavy Slam|p2a: Tapu Lele\n|-supereffective|p2a: Tapu Lele\n|-damage|p2a: Tapu Lele|0 fnt\n|faint|p2a: Tapu Lele\n|\n|upkeep\n|\n|t:|1700281065\n|switch|p2a: Alomomola|Alomomola, F|100\/100\n|-damage|p2a: Alomomola|88\/100|[from] Stealth Rock\n|-status|p2a: Alomomola|tox\n|turn|23\n|\n|t:|1700281070\n|move|p1a: Zamazenta|Iron Defense|p1a: Zamazenta\n|-boost|p1a: Zamazenta|def|2\n|move|p2a: Alomomola|Toxic|p1a: Zamazenta\n|-immune|p1a: Zamazenta\n|\n|-damage|p2a: Alomomola|82\/100 tox|[from] psn\n|upkeep\n|turn|24\n|-message|hyh666\u4e01\u771fpromax forfeited.\n|\n|win|wwaaa\n|raw|wwaaa's rating: 1737 &rarr; <strong>1753<\/strong><br \/>(+16 for winning)\n|raw|hyh666\u4e01\u771fpromax's rating: 1669 &rarr; <strong>1653<\/strong><br \/>(-16 for losing)\n|l|\u2606hyh666\u4e01\u771fpromax\n","uploadtime":1700281080,"views":6,"p1id":"wwaaa","p2id":"hyh666promax","formatid":"gen9nationaldex","rating":1653,"private":0,"password":""}