{"id":"gen9nationaldex-1990545692","p1":"Sivilea","p2":"Alabast23t","format":"[Gen 9] National Dex","log":"|j|\u2606Sivilea\n|j|\u2606Alabast23t\n|t:|1699980297\n|gametype|singles\n|player|p1|Sivilea|cheryl|1079\n|player|p2|Alabast23t|pokemonrangerf|1190\n|teamsize|p1|6\n|teamsize|p2|6\n|gen|9\n|tier|[Gen 9] National Dex\n|rated|\n|rule|HP Percentage Mod: HP is shown in percentages\n|rule|Endless Battle Clause: Forcing endless battles is banned\n|rule|OHKO Clause: OHKO moves are banned\n|rule|Evasion Clause: Evasion abilities, items, and moves are banned\n|rule|Evasion Abilities Clause: Evasion abilities are banned\n|rule|Evasion Items Clause: Evasion items are banned\n|rule|Evasion Moves Clause: Evasion moves are banned\n|rule|Species Clause: Limit one of each Pok\u00e9mon\n|rule|Sleep Clause Mod: Limit one foe put to sleep\n|clearpoke\n|poke|p1|Scizor, M|\n|poke|p1|Garchomp, F|\n|poke|p1|Raikou|\n|poke|p1|Primarina, M|\n|poke|p1|Staraptor, F|\n|poke|p1|Arcanine, F|\n|poke|p2|Cofagrigus, F|\n|poke|p2|Archeops, M|\n|poke|p2|Dhelmise|\n|poke|p2|Basculegion, M|\n|poke|p2|Gardevoir, F|\n|poke|p2|Magnezone|\n|teampreview\n|\n|t:|1699980312\n|start\n|switch|p1a: Garchomp|Garchomp, F|100\/100\n|switch|p2a: Dhelmise|Dhelmise|100\/100\n|turn|1\n|\n|t:|1699980320\n|switch|p1a: Arcanine|Arcanine, F|100\/100\n|-ability|p1a: Arcanine|Intimidate|boost\n|-unboost|p2a: Dhelmise|atk|1\n|move|p2a: Dhelmise|Power Whip|p1a: Arcanine|[miss]\n|-miss|p2a: Dhelmise|p1a: Arcanine\n|\n|upkeep\n|turn|2\n|\n|t:|1699980326\n|switch|p2a: Cofagrigus|Cofagrigus, F|100\/100\n|move|p1a: Arcanine|Teleport|p1a: Arcanine\n|\n|t:|1699980334\n|switch|p1a: Primarina|Primarina, M|100\/100|[from] Teleport\n|\n|upkeep\n|turn|3\n|\n|t:|1699980342\n|move|p1a: Primarina|Moonblast|p2a: Cofagrigus\n|-damage|p2a: Cofagrigus|62\/100\n|move|p2a: Cofagrigus|Will-O-Wisp|p1a: Primarina\n|-status|p1a: Primarina|brn\n|\n|-heal|p2a: Cofagrigus|68\/100|[from] item: Leftovers\n|-damage|p1a: Primarina|94\/100 brn|[from] brn\n|upkeep\n|turn|4\n|\n|t:|1699980349\n|move|p1a: Primarina|Moonblast|p2a: Cofagrigus\n|-damage|p2a: Cofagrigus|32\/100\n|-unboost|p2a: Cofagrigus|spa|1\n|move|p2a: Cofagrigus|Hex|p1a: Primarina\n|-damage|p1a: Primarina|80\/100 brn\n|\n|-heal|p2a: Cofagrigus|38\/100|[from] item: Leftovers\n|-damage|p1a: Primarina|74\/100 brn|[from] brn\n|upkeep\n|turn|5\n|\n|t:|1699980362\n|switch|p1a: Arcanine|Arcanine, F|100\/100\n|-ability|p1a: Arcanine|Intimidate|boost\n|-unboost|p2a: Cofagrigus|atk|1\n|switch|p2a: Magnezone|Magnezone|100\/100\n|\n|upkeep\n|turn|6\n|\n|t:|1699980380\n|-terastallize|p2a: Magnezone|Electric\n|move|p1a: Arcanine|Flare Blitz|p2a: Magnezone\n|-damage|p2a: Magnezone|49\/100\n|-damage|p1a: Arcanine|82\/100|[from] Recoil\n|move|p2a: Magnezone|Thunderbolt|p1a: Arcanine\n|-damage|p1a: Arcanine|0 fnt\n|faint|p1a: Arcanine\n|\n|upkeep\n|\n|t:|1699980388\n|switch|p1a: Garchomp|Garchomp, F|100\/100\n|turn|7\n|\n|t:|1699980394\n|switch|p2a: Archeops|Archeops, M|100\/100\n|move|p1a: Garchomp|Hone Claws|p1a: Garchomp\n|-boost|p1a: Garchomp|atk|1\n|-boost|p1a: Garchomp|accuracy|1\n|\n|upkeep\n|turn|8\n|\n|t:|1699980400\n|move|p2a: Archeops|Outrage|p1a: Garchomp\n|-supereffective|p1a: Garchomp\n|-damage|p1a: Garchomp|0 fnt\n|-damage|p2a: Archeops|88\/100|[from] ability: Rough Skin|[of] p1a: Garchomp\n|faint|p1a: Garchomp\n|\n|upkeep\n|\n|t:|1699980405\n|switch|p1a: Primarina|Primarina, M|74\/100 brn\n|turn|9\n|\n|t:|1699980409\n|move|p2a: Archeops|Outrage|p1a: Primarina|[from]lockedmove\n|-immune|p1a: Primarina\n|-start|p2a: Archeops|confusion|[fatigue]\n|move|p1a: Primarina|Ice Beam|p2a: Archeops\n|-supereffective|p2a: Archeops\n|-damage|p2a: Archeops|0 fnt\n|faint|p2a: Archeops\n|\n|-damage|p1a: Primarina|68\/100 brn|[from] brn\n|upkeep\n|\n|t:|1699980414\n|switch|p2a: Magnezone|Magnezone, tera:Electric|49\/100\n|turn|10\n|\n|t:|1699980423\n|switch|p1a: Scizor|Scizor, M|100\/100\n|move|p2a: Magnezone|Volt Switch|p1a: Scizor\n|-damage|p1a: Scizor|0 fnt\n|faint|p1a: Scizor\n|\n|t:|1699980430\n|switch|p2a: Dhelmise|Dhelmise|100\/100|[from] Volt Switch\n|\n|upkeep\n|\n|t:|1699980433\n|switch|p1a: Staraptor|Staraptor, F|100\/100\n|turn|11\n|\n|t:|1699980438\n|move|p1a: Staraptor|Brave Bird|p2a: Dhelmise\n|-supereffective|p2a: Dhelmise\n|-damage|p2a: Dhelmise|0 fnt\n|faint|p2a: Dhelmise\n|-damage|p1a: Staraptor|64\/100|[from] Recoil\n|\n|upkeep\n|\n|t:|1699980447\n|switch|p2a: Cofagrigus|Cofagrigus, F|38\/100\n|turn|12\n|\n|t:|1699980450\n|move|p1a: Staraptor|Brave Bird|p2a: Cofagrigus\n|-damage|p2a: Cofagrigus|0 fnt\n|-activate|p2a: Cofagrigus|ability: Mummy|Reckless|[of] p1a: Staraptor\n|faint|p2a: Cofagrigus\n|-damage|p1a: Staraptor|51\/100|[from] Recoil\n|\n|upkeep\n|\n|t:|1699980460\n|switch|p2a: Magnezone|Magnezone, tera:Electric|49\/100\n|turn|13\n|\n|t:|1699980468\n|switch|p1a: Raikou|Raikou|100\/100\n|move|p2a: Magnezone|Volt Switch|p1a: Raikou\n|-resisted|p1a: Raikou\n|-damage|p1a: Raikou|48\/100\n|\n|t:|1699980472\n|switch|p2a: Gardevoir|Gardevoir, F|100\/100|[from] Volt Switch\n|-ability|p2a: Gardevoir|Inner Focus|[from] ability: Trace|[of] p1a: Raikou\n|\n|-heal|p1a: Raikou|55\/100|[from] item: Leftovers\n|upkeep\n|turn|14\n|\n|t:|1699980484\n|detailschange|p2a: Gardevoir|Gardevoir-Mega, F\n|-mega|p2a: Gardevoir|Gardevoir|Gardevoirite\n|move|p1a: Raikou|Thunder Wave|p2a: Gardevoir\n|-status|p2a: Gardevoir|par\n|move|p2a: Gardevoir|Psyshock|p1a: Raikou\n|-damage|p1a: Raikou|0 fnt\n|faint|p1a: Raikou\n|\n|upkeep\n|\n|t:|1699980494\n|switch|p1a: Staraptor|Staraptor, F|51\/100\n|turn|15\n|\n|t:|1699980499\n|move|p1a: Staraptor|Brave Bird|p2a: Gardevoir\n|-damage|p2a: Gardevoir|1\/100 par\n|-damage|p1a: Staraptor|15\/100|[from] Recoil\n|-enditem|p1a: Staraptor|Sitrus Berry|[eat]\n|-heal|p1a: Staraptor|40\/100|[from] item: Sitrus Berry\n|move|p2a: Gardevoir|Hyper Voice|p1a: Staraptor\n|-damage|p1a: Staraptor|0 fnt\n|faint|p1a: Staraptor\n|\n|upkeep\n|\n|t:|1699980506\n|switch|p1a: Primarina|Primarina, M|68\/100 brn\n|turn|16\n|\n|t:|1699980508\n|move|p1a: Primarina|Moonblast|p2a: Gardevoir\n|-damage|p2a: Gardevoir|0 fnt\n|faint|p2a: Gardevoir\n|\n|-damage|p1a: Primarina|61\/100 brn|[from] brn\n|upkeep\n|\n|t:|1699980513\n|switch|p2a: Magnezone|Magnezone, tera:Electric|49\/100\n|turn|17\n|\n|t:|1699980518\n|move|p2a: Magnezone|Thunderbolt|p1a: Primarina\n|-supereffective|p1a: Primarina\n|-damage|p1a: Primarina|0 fnt\n|faint|p1a: Primarina\n|\n|win|Alabast23t\n|raw|Sivilea's rating: 1079 &rarr; <strong>1064<\/strong><br \/>(-15 for losing)\n|raw|Alabast23t's rating: 1190 &rarr; <strong>1207<\/strong><br \/>(+17 for winning)\n|c|\u2606Sivilea|gg\n|c|\u2606Alabast23t|gg\n|l|\u2606Alabast23t\n","uploadtime":1699980527,"views":5,"p1id":"sivilea","p2id":"alabast23t","formatid":"gen9nationaldex","rating":1064,"private":0,"password":""}