{"id":"gen9nationaldex-2000651742","p1":"TyroneTheCreator18","p2":"Hysuto","format":"[Gen 9] National Dex","log":"|html|<div class=\"broadcast-blue\"><strong>[Gen 9] National Dex is currently suspecting Sneasler! For information on how to participate check out the <a href=\"https:\/\/www.smogon.com\/forums\/threads\/sv-national-dex-suspect-8-just-dance.3731534\/\">suspect thread<\/a>.<\/strong><\/div>\n|j|\u2606TyroneTheCreator18\n|j|\u2606Hysuto\n|t:|1701214733\n|gametype|singles\n|player|p1|TyroneTheCreator18|hoopster|1493\n|player|p2|Hysuto|burglar|1502\n|teamsize|p1|6\n|teamsize|p2|6\n|gen|9\n|tier|[Gen 9] National Dex\n|rated|\n|rule|HP Percentage Mod: HP is shown in percentages\n|rule|Endless Battle Clause: Forcing endless battles is banned\n|rule|OHKO Clause: OHKO moves are banned\n|rule|Evasion Clause: Evasion abilities, items, and moves are banned\n|rule|Evasion Abilities Clause: Evasion abilities are banned\n|rule|Evasion Items Clause: Evasion items are banned\n|rule|Evasion Moves Clause: Evasion moves are banned\n|rule|Species Clause: Limit one of each Pok\u00e9mon\n|rule|Sleep Clause Mod: Limit one foe put to sleep\n|clearpoke\n|poke|p1|Porygon2|\n|poke|p1|Gliscor, F|\n|poke|p1|Beedrill, M|\n|poke|p1|Rotom-Wash|\n|poke|p1|Weavile, F|\n|poke|p1|Iron Treads|\n|poke|p2|Garganacl, F|\n|poke|p2|Moltres|\n|poke|p2|Scream Tail|\n|poke|p2|Alomomola, M|\n|poke|p2|Aggron, F|\n|poke|p2|Rillaboom, M|\n|teampreview\n|inactive|Battle timer is ON: inactive players will automatically lose when time's up. (requested by Hysuto)\n|inactive|TyroneTheCreator18 also wants the timer to be on.\n|\n|t:|1701214752\n|start\n|switch|p1a: Stepsis?|Rotom-Wash|100\/100\n|switch|p2a: Moltres|Moltres|100\/100\n|turn|1\n|\n|t:|1701214758\n|move|p1a: Stepsis?|Volt Switch|p2a: Moltres\n|-supereffective|p2a: Moltres\n|-damage|p2a: Moltres|21\/100\n|\n|t:|1701214767\n|switch|p1a: Sitting Duck|Porygon2|100\/100|[from] Volt Switch\n|-ability|p1a: Sitting Duck|Flame Body|[from] ability: Trace|[of] p2a: Moltres\n|move|p2a: Moltres|Roost|p2a: Moltres\n|-heal|p2a: Moltres|71\/100\n|-singleturn|p2a: Moltres|move: Roost\n|\n|upkeep\n|turn|2\n|\n|t:|1701214775\n|switch|p2a: Alomomola|Alomomola, M|100\/100\n|move|p1a: Sitting Duck|Toxic|p2a: Alomomola\n|-status|p2a: Alomomola|tox\n|\n|-damage|p2a: Alomomola|94\/100 tox|[from] psn\n|upkeep\n|turn|3\n|\n|t:|1701214782\n|move|p2a: Alomomola|Toxic|p1a: Sitting Duck\n|-status|p1a: Sitting Duck|tox\n|move|p1a: Sitting Duck|Teleport|p1a: Sitting Duck\n|\n|t:|1701214789\n|switch|p1a: Stepsis?|Rotom-Wash|100\/100|[from] Teleport\n|\n|-damage|p2a: Alomomola|82\/100 tox|[from] psn\n|upkeep\n|turn|4\n|c|\u2606Hysuto|Good enough trade for me\n|\n|t:|1701214797\n|switch|p2a: Rillaboom|Rillaboom, M|100\/100\n|-fieldstart|move: Grassy Terrain|[from] ability: Grassy Surge|[of] p2a: Rillaboom\n|move|p1a: Stepsis?|Volt Switch|p2a: Rillaboom\n|-resisted|p2a: Rillaboom\n|-damage|p2a: Rillaboom|68\/100\n|\n|t:|1701214801\n|switch|p1a: BEE-GONE|Beedrill, M|100\/100|[from] Volt Switch\n|\n|-heal|p2a: Rillaboom|74\/100|[from] Grassy Terrain\n|upkeep\n|turn|5\n|\n|t:|1701214805\n|switch|p2a: Moltres|Moltres|71\/100\n|detailschange|p1a: BEE-GONE|Beedrill-Mega, M\n|-mega|p1a: BEE-GONE|Beedrill|Beedrillite\n|move|p1a: BEE-GONE|Poison Jab|p2a: Moltres\n|-damage|p2a: Moltres|24\/100\n|\n|upkeep\n|turn|6\n|\n|t:|1701214812\n|switch|p2a: Aggron|Aggron, F|100\/100\n|move|p1a: BEE-GONE|Poison Jab|p2a: Aggron\n|-immune|p2a: Aggron\n|\n|upkeep\n|turn|7\n|\n|t:|1701214821\n|detailschange|p2a: Aggron|Aggron-Mega, F\n|-mega|p2a: Aggron|Aggron|Aggronite\n|move|p1a: BEE-GONE|Drill Run|p2a: Aggron\n|-supereffective|p2a: Aggron\n|-damage|p2a: Aggron|83\/100\n|move|p2a: Aggron|Toxic|p1a: BEE-GONE\n|-immune|p1a: BEE-GONE\n|\n|-heal|p2a: Aggron|89\/100|[from] Grassy Terrain\n|upkeep\n|turn|8\n|c|\u2606TyroneTheCreator18|Same\n|c|\u2606TyroneTheCreator18|didnt feel like dealing with the wish passing tomfoolwey\n|c|\u2606TyroneTheCreator18|Tomfoolery*\n|\n|t:|1701214848\n|switch|p1a: Stepsis?|Rotom-Wash|100\/100\n|move|p2a: Aggron|Iron Defense|p2a: Aggron\n|-boost|p2a: Aggron|def|2\n|\n|-heal|p2a: Aggron|95\/100|[from] Grassy Terrain\n|-fieldend|move: Grassy Terrain\n|upkeep\n|turn|9\n|\n|t:|1701214857\n|move|p1a: Stepsis?|Hydro Pump|p2a: Aggron\n|-damage|p2a: Aggron|6\/100\n|move|p2a: Aggron|Body Press|p1a: Stepsis?\n|-damage|p1a: Stepsis?|0 fnt\n|faint|p1a: Stepsis?\n|\n|upkeep\n|c|\u2606Hysuto|Perfecto\n|c|\u2606Hysuto|Max hp for the win\n|inactive|TyroneTheCreator18 has 120 seconds left.\n|\n|t:|1701214877\n|switch|p1a: BEE-GONE|Beedrill-Mega, M|100\/100\n|turn|10\n|\n|t:|1701214892\n|switch|p2a: Garganacl|Garganacl, F|100\/100\n|move|p1a: BEE-GONE|Drill Run|p2a: Garganacl\n|-supereffective|p2a: Garganacl\n|-crit|p2a: Garganacl\n|-damage|p2a: Garganacl|38\/100\n|\n|upkeep\n|turn|11\n|\n|t:|1701214898\n|switch|p2a: Rillaboom|Rillaboom, M|74\/100\n|-fieldstart|move: Grassy Terrain|[from] ability: Grassy Surge|[of] p2a: Rillaboom\n|move|p1a: BEE-GONE|Poison Jab|p2a: Rillaboom\n|-supereffective|p2a: Rillaboom\n|-damage|p2a: Rillaboom|0 fnt\n|faint|p2a: Rillaboom\n|\n|upkeep\n|\n|t:|1701214902\n|switch|p2a: Alomomola|Alomomola, M|100\/100 tox\n|turn|12\n|c|\u2606TyroneTheCreator18|W\n|\n|t:|1701214912\n|move|p1a: BEE-GONE|X-Scissor|p2a: Alomomola\n|-damage|p2a: Alomomola|56\/100 tox\n|move|p2a: Alomomola|Wish|p2a: Alomomola\n|\n|-heal|p2a: Alomomola|62\/100 tox|[from] Grassy Terrain\n|-damage|p2a: Alomomola|56\/100 tox|[from] psn\n|upkeep\n|turn|13\n|\n|t:|1701214918\n|switch|p1a: Battington|Gliscor, F|100\/100\n|move|p2a: Alomomola|Flip Turn|p1a: Battington\n|-supereffective|p1a: Battington\n|-damage|p1a: Battington|81\/100\n|\n|t:|1701214922\n|switch|p2a: Aggron|Aggron-Mega, F|6\/100|[from] Flip Turn\n|\n|-heal|p2a: Aggron|84\/100|[from] move: Wish|[wisher] Alomomola\n|-heal|p2a: Aggron|90\/100|[from] Grassy Terrain\n|-status|p1a: Battington|tox|[from] item: Toxic Orb\n|upkeep\n|turn|14\n|c|\u2606TyroneTheCreator18|Oh what the fu-\n|c|\u2606Hysuto|You mean for me?\n|\n|t:|1701214937\n|move|p1a: Battington|Earthquake|p2a: Aggron\n|-supereffective|p2a: Aggron\n|-damage|p2a: Aggron|80\/100\n|move|p2a: Aggron|Iron Defense|p2a: Aggron\n|-boost|p2a: Aggron|def|2\n|\n|-heal|p2a: Aggron|87\/100|[from] Grassy Terrain\n|-heal|p1a: Battington|94\/100 tox|[from] ability: Poison Heal\n|upkeep\n|turn|15\n|c|\u2606TyroneTheCreator18|I see why the Mola exists now\n|c|\u2606Hysuto|Agron go clane this dub\n|inactive|TyroneTheCreator18 has 120 seconds left.\n|\n|t:|1701214972\n|move|p1a: Battington|Earthquake|p2a: Aggron\n|-supereffective|p2a: Aggron\n|-crit|p2a: Aggron\n|-damage|p2a: Aggron|72\/100\n|move|p2a: Aggron|Body Press|p1a: Battington\n|-resisted|p1a: Battington\n|-damage|p1a: Battington|62\/100 tox\n|\n|-heal|p2a: Aggron|78\/100|[from] Grassy Terrain\n|-heal|p1a: Battington|75\/100 tox|[from] ability: Poison Heal\n|-fieldend|move: Grassy Terrain\n|upkeep\n|turn|16\n|c|\u2606Hysuto|Claim lmao\n|c|\u2606TyroneTheCreator18|Stall wars tiem\n|\n|t:|1701214990\n|move|p1a: Battington|Earthquake|p2a: Aggron\n|-supereffective|p2a: Aggron\n|-damage|p2a: Aggron|67\/100\n|move|p2a: Aggron|Iron Defense|p2a: Aggron\n|-boost|p2a: Aggron|def|2\n|\n|-heal|p1a: Battington|87\/100 tox|[from] ability: Poison Heal\n|upkeep\n|turn|17\n|\n|t:|1701214993\n|move|p1a: Battington|Earthquake|p2a: Aggron\n|-supereffective|p2a: Aggron\n|-damage|p2a: Aggron|61\/100\n|move|p2a: Aggron|Iron Defense|p2a: Aggron\n|-boost|p2a: Aggron|def|2\n|\n|-heal|p1a: Battington|99\/100 tox|[from] ability: Poison Heal\n|upkeep\n|turn|18\n|\n|t:|1701214995\n|move|p1a: Battington|Earthquake|p2a: Aggron\n|-supereffective|p2a: Aggron\n|-damage|p2a: Aggron|57\/100\n|move|p2a: Aggron|Body Press|p1a: Battington\n|-resisted|p1a: Battington\n|-damage|p1a: Battington|39\/100 tox\n|\n|-heal|p1a: Battington|52\/100 tox|[from] ability: Poison Heal\n|upkeep\n|turn|19\n|\n|t:|1701214998\n|move|p1a: Battington|Roost|p1a: Battington\n|-heal|p1a: Battington|100\/100 tox\n|-singleturn|p1a: Battington|move: Roost\n|move|p2a: Aggron|Body Press|p1a: Battington\n|-damage|p1a: Battington|0 fnt\n|faint|p1a: Battington\n|\n|upkeep\n|c|\u2606TyroneTheCreator18|Nvm \ud83d\udc80\n|\n|t:|1701215012\n|switch|p1a: Iron Treadulous|Iron Treads|100\/100\n|-enditem|p1a: Iron Treadulous|Booster Energy\n|-activate|p1a: Iron Treadulous|ability: Quark Drive|[fromitem]\n|-start|p1a: Iron Treadulous|quarkdrivespe\n|turn|20\n|c|\u2606Hysuto|Sorry bruh but agron always wins that\n|\n|t:|1701215020\n|-terastallize|p1a: Iron Treadulous|Fairy\n|move|p1a: Iron Treadulous|Earthquake|p2a: Aggron\n|-supereffective|p2a: Aggron\n|-damage|p2a: Aggron|50\/100\n|move|p2a: Aggron|Body Press|p1a: Iron Treadulous\n|-resisted|p1a: Iron Treadulous\n|-damage|p1a: Iron Treadulous|20\/100\n|\n|upkeep\n|turn|21\n|\n|t:|1701215025\n|move|p1a: Iron Treadulous|Earthquake|p2a: Aggron\n|-supereffective|p2a: Aggron\n|-damage|p2a: Aggron|43\/100\n|move|p2a: Aggron|Heavy Slam|p1a: Iron Treadulous\n|-supereffective|p1a: Iron Treadulous\n|-damage|p1a: Iron Treadulous|0 fnt\n|faint|p1a: Iron Treadulous\n|-end|p1a: Iron Treadulous|Quark Drive|[silent]\n|\n|upkeep\n|\n|t:|1701215028\n|switch|p1a: Sitting Duck|Porygon2|100\/100 tox\n|-ability|p1a: Sitting Duck|Filter|[from] ability: Trace|[of] p2a: Aggron\n|turn|22\n|\n|t:|1701215032\n|switch|p2a: Moltres|Moltres|24\/100\n|move|p1a: Sitting Duck|Ice Beam|p2a: Moltres\n|-damage|p2a: Moltres|3\/100\n|\n|-damage|p1a: Sitting Duck|94\/100 tox|[from] psn\n|upkeep\n|turn|23\n|\n|t:|1701215038\n|move|p2a: Moltres|Roost|p2a: Moltres\n|-heal|p2a: Moltres|53\/100\n|-singleturn|p2a: Moltres|move: Roost\n|move|p1a: Sitting Duck|Ice Beam|p2a: Moltres\n|-resisted|p2a: Moltres\n|-damage|p2a: Moltres|44\/100\n|\n|-damage|p1a: Sitting Duck|82\/100 tox|[from] psn\n|upkeep\n|turn|24\n|c|\u2606TyroneTheCreator18|Winning in style I see\n|\n|t:|1701215050\n|switch|p2a: Alomomola|Alomomola, M|90\/100 tox\n|move|p1a: Sitting Duck|Toxic|p2a: Alomomola\n|-fail|p2a: Alomomola|tox\n|\n|-damage|p2a: Alomomola|83\/100 tox|[from] psn\n|-damage|p1a: Sitting Duck|64\/100 tox|[from] psn\n|upkeep\n|turn|25\n|\n|t:|1701215053\n|move|p2a: Alomomola|Wish|p2a: Alomomola\n|move|p1a: Sitting Duck|Teleport|p1a: Sitting Duck\n|\n|t:|1701215062\n|switch|p1a: BEE-GONE|Beedrill-Mega, M|100\/100|[from] Teleport\n|\n|-damage|p2a: Alomomola|71\/100 tox|[from] psn\n|upkeep\n|turn|26\n|c|\u2606Hysuto|Time to get him back up to full\n|\n|t:|1701215069\n|move|p1a: BEE-GONE|Drill Run|p2a: Alomomola\n|-damage|p2a: Alomomola|49\/100 tox\n|move|p2a: Alomomola|Flip Turn|p1a: BEE-GONE\n|-damage|p1a: BEE-GONE|62\/100\n|\n|t:|1701215074\n|switch|p2a: Aggron|Aggron-Mega, F|43\/100|[from] Flip Turn\n|\n|-heal|p2a: Aggron|100\/100|[from] move: Wish|[wisher] Alomomola\n|upkeep\n|turn|27\n|\n|t:|1701215077\n|move|p1a: BEE-GONE|Drill Run|p2a: Aggron\n|-supereffective|p2a: Aggron\n|-damage|p2a: Aggron|84\/100\n|move|p2a: Aggron|Iron Defense|p2a: Aggron\n|-boost|p2a: Aggron|def|2\n|\n|upkeep\n|turn|28\n|\n|t:|1701215082\n|move|p1a: BEE-GONE|Drill Run|p2a: Aggron\n|-supereffective|p2a: Aggron\n|-crit|p2a: Aggron\n|-damage|p2a: Aggron|59\/100\n|move|p2a: Aggron|Heavy Slam|p1a: BEE-GONE\n|-damage|p1a: BEE-GONE|0 fnt\n|faint|p1a: BEE-GONE\n|\n|upkeep\n|\n|t:|1701215087\n|switch|p1a: Sitting Duck|Porygon2|64\/100 tox\n|-ability|p1a: Sitting Duck|Filter|[from] ability: Trace|[of] p2a: Aggron\n|turn|29\n|c|\u2606Hysuto|27 on a crit is crazy\n|\n|t:|1701215098\n|switch|p2a: Alomomola|Alomomola, M|83\/100 tox\n|move|p1a: Sitting Duck|Ice Beam|p2a: Alomomola\n|-resisted|p2a: Alomomola\n|-damage|p2a: Alomomola|74\/100 tox\n|\n|-damage|p2a: Alomomola|68\/100 tox|[from] psn\n|-damage|p1a: Sitting Duck|57\/100 tox|[from] psn\n|upkeep\n|turn|30\n|\n|t:|1701215105\n|move|p2a: Alomomola|Toxic|p1a: Sitting Duck\n|-fail|p1a: Sitting Duck|tox\n|move|p1a: Sitting Duck|Ice Beam|p2a: Alomomola\n|-resisted|p2a: Alomomola\n|-damage|p2a: Alomomola|60\/100 tox\n|\n|-damage|p2a: Alomomola|48\/100 tox|[from] psn\n|-damage|p1a: Sitting Duck|45\/100 tox|[from] psn\n|upkeep\n|turn|31\n|\n|t:|1701215109\n|move|p2a: Alomomola|Wish|p2a: Alomomola\n|move|p1a: Sitting Duck|Recover|p1a: Sitting Duck\n|-heal|p1a: Sitting Duck|95\/100 tox\n|\n|-damage|p2a: Alomomola|29\/100 tox|[from] psn\n|-damage|p1a: Sitting Duck|77\/100 tox|[from] psn\n|upkeep\n|turn|32\n|\n|t:|1701215113\n|move|p2a: Alomomola|Protect|p2a: Alomomola\n|-singleturn|p2a: Alomomola|Protect\n|move|p1a: Sitting Duck|Ice Beam|p2a: Alomomola\n|-activate|p2a: Alomomola|move: Protect\n|\n|-heal|p2a: Alomomola|79\/100 tox|[from] move: Wish|[wisher] Alomomola\n|-damage|p2a: Alomomola|55\/100 tox|[from] psn\n|-damage|p1a: Sitting Duck|52\/100 tox|[from] psn\n|upkeep\n|turn|33\n|c|\u2606TyroneTheCreator18|Welp ggs\n|c|\u2606TyroneTheCreator18|was fun losing to one of the cooler megas tho\n|\n|t:|1701215125\n|switch|p2a: Garganacl|Garganacl, F|38\/100\n|move|p1a: Sitting Duck|Ice Beam|p2a: Garganacl\n|-damage|p2a: Garganacl|24\/100\n|\n|-damage|p1a: Sitting Duck|21\/100 tox|[from] psn\n|upkeep\n|turn|34\n|\n|t:|1701215131\n|move|p1a: Sitting Duck|Ice Beam|p2a: Garganacl\n|-damage|p2a: Garganacl|11\/100\n|move|p2a: Garganacl|Recover|p2a: Garganacl\n|-heal|p2a: Garganacl|61\/100\n|\n|-damage|p1a: Sitting Duck|0 fnt|[from] psn\n|faint|p1a: Sitting Duck\n|upkeep\n|\n|t:|1701215134\n|switch|p1a: Every 13 Yr Old|Weavile, F|100\/100\n|-ability|p1a: Every 13 Yr Old|Pressure\n|turn|35\n|c|\u2606Hysuto|Yeah it puts in work\n|\n|t:|1701215142\n|move|p1a: Every 13 Yr Old|Knock Off|p2a: Garganacl\n|-damage|p2a: Garganacl|16\/100\n|-enditem|p2a: Garganacl|Covert Cloak|[from] move: Knock Off|[of] p1a: Every 13 Yr Old\n|move|p2a: Garganacl|Salt Cure|p1a: Every 13 Yr Old\n|-supereffective|p1a: Every 13 Yr Old\n|-damage|p1a: Every 13 Yr Old|51\/100\n|-start|p1a: Every 13 Yr Old|Salt Cure\n|\n|-damage|p1a: Every 13 Yr Old|39\/100|[from] Salt Cure\n|upkeep\n|turn|36\n|\n|t:|1701215149\n|switch|p2a: Alomomola|Alomomola, M|88\/100 tox\n|move|p1a: Every 13 Yr Old|Knock Off|p2a: Alomomola\n|-damage|p2a: Alomomola|33\/100 tox\n|-enditem|p2a: Alomomola|Covert Cloak|[from] move: Knock Off|[of] p1a: Every 13 Yr Old\n|\n|-damage|p2a: Alomomola|27\/100 tox|[from] psn\n|-damage|p1a: Every 13 Yr Old|26\/100|[from] Salt Cure\n|upkeep\n|turn|37\n|\n|t:|1701215158\n|move|p1a: Every 13 Yr Old|Knock Off|p2a: Alomomola\n|-damage|p2a: Alomomola|0 fnt\n|faint|p2a: Alomomola\n|\n|-damage|p1a: Every 13 Yr Old|14\/100|[from] Salt Cure\n|upkeep\n|c|\u2606Hysuto|Banded?\n|\n|t:|1701215167\n|switch|p2a: Scream Tail|Scream Tail|100\/100\n|-enditem|p2a: Scream Tail|Booster Energy\n|-activate|p2a: Scream Tail|ability: Protosynthesis|[fromitem]\n|-start|p2a: Scream Tail|protosynthesisdef\n|turn|38\n|c|\u2606TyroneTheCreator18|Ye\n|\n|t:|1701215173\n|move|p1a: Every 13 Yr Old|Knock Off|p2a: Scream Tail\n|-damage|p2a: Scream Tail|79\/100\n|move|p2a: Scream Tail|Calm Mind|p2a: Scream Tail\n|-boost|p2a: Scream Tail|spa|1\n|-boost|p2a: Scream Tail|spd|1\n|\n|-damage|p1a: Every 13 Yr Old|2\/100|[from] Salt Cure\n|upkeep\n|turn|39\n|\n|t:|1701215179\n|move|p1a: Every 13 Yr Old|Knock Off|p2a: Scream Tail\n|-damage|p2a: Scream Tail|56\/100\n|move|p2a: Scream Tail|Calm Mind|p2a: Scream Tail\n|-boost|p2a: Scream Tail|spa|1\n|-boost|p2a: Scream Tail|spd|1\n|\n|-damage|p1a: Every 13 Yr Old|0 fnt|[from] Salt Cure\n|faint|p1a: Every 13 Yr Old\n|\n|win|Hysuto\n|upkeep\n|raw|TyroneTheCreator18's rating: 1493 &rarr; <strong>1474<\/strong><br \/>(-19 for losing)\n|raw|Hysuto's rating: 1502 &rarr; <strong>1521<\/strong><br \/>(+19 for winning)\n|c|\u2606Hysuto|Ggwp love the team\n|c|\u2606TyroneTheCreator18|You too\n|c|\u2606TyroneTheCreator18|Ggs\n|l|\u2606TyroneTheCreator18\n|c|\u2606Hysuto|Have a wonderful day\n","uploadtime":1701215205,"views":0,"p1id":"tyronethecreator18","p2id":"hysuto","formatid":"gen9nationaldex","rating":1474,"private":0,"password":""}