{"id":"gen9nationaldex-1994461011","p1":"keahi","p2":"Snakeman24","format":"[Gen 9] National Dex","log":"|j|\u2606keahi\n|j|\u2606Snakeman24\n|t:|1700446540\n|gametype|singles\n|player|p1|keahi|266|1652\n|player|p2|Snakeman24|steven|1540\n|teamsize|p1|6\n|teamsize|p2|6\n|gen|9\n|tier|[Gen 9] National Dex\n|rated|\n|rule|HP Percentage Mod: HP is shown in percentages\n|rule|Endless Battle Clause: Forcing endless battles is banned\n|rule|OHKO Clause: OHKO moves are banned\n|rule|Evasion Clause: Evasion abilities, items, and moves are banned\n|rule|Evasion Abilities Clause: Evasion abilities are banned\n|rule|Evasion Items Clause: Evasion items are banned\n|rule|Evasion Moves Clause: Evasion moves are banned\n|rule|Species Clause: Limit one of each Pok\u00e9mon\n|rule|Sleep Clause Mod: Limit one foe put to sleep\n|clearpoke\n|poke|p1|Iron Hands|\n|poke|p1|Volcarona, M|\n|poke|p1|Ferrothorn, M|\n|poke|p1|Tapu Lele|\n|poke|p1|Gliscor, M|\n|poke|p1|Samurott-Hisui, M|\n|poke|p2|Pinsir, M|\n|poke|p2|Chansey, F|\n|poke|p2|Skarmory, F|\n|poke|p2|Hoopa-Unbound|\n|poke|p2|Greninja-*, F|\n|poke|p2|Dondozo, F|\n|teampreview\n|\n|t:|1700446550\n|start\n|switch|p1a: Samurott|Samurott-Hisui, M|100\/100\n|switch|p2a: Greninja|Greninja, F|100\/100\n|turn|1\n|\n|t:|1700446559\n|move|p2a: Greninja|U-turn|p1a: Samurott\n|-start|p2a: Greninja|typechange|Bug|[from] ability: Protean\n|-supereffective|p1a: Samurott\n|-damage|p1a: Samurott|35\/100\n|\n|t:|1700446565\n|switch|p2a: Skarmory|Skarmory, F|100\/100|[from] U-turn\n|move|p1a: Samurott|Ceaseless Edge|p2a: Skarmory\n|-damage|p2a: Skarmory|76\/100\n|-sidestart|p2: Snakeman24|Spikes\n|\n|upkeep\n|turn|2\n|\n|t:|1700446575\n|move|p1a: Samurott|Razor Shell|p2a: Skarmory\n|-damage|p2a: Skarmory|46\/100\n|move|p2a: Skarmory|Stealth Rock|p1a: Samurott\n|-sidestart|p1: keahi|move: Stealth Rock\n|\n|upkeep\n|turn|3\n|\n|t:|1700446582\n|move|p1a: Samurott|Knock Off|p2a: Skarmory\n|-damage|p2a: Skarmory|20\/100\n|-enditem|p2a: Skarmory|Rocky Helmet|[from] move: Knock Off|[of] p1a: Samurott\n|move|p2a: Skarmory|Roost|p2a: Skarmory\n|-heal|p2a: Skarmory|70\/100\n|-singleturn|p2a: Skarmory|move: Roost\n|\n|upkeep\n|turn|4\n|\n|t:|1700446590\n|move|p1a: Samurott|Ceaseless Edge|p2a: Skarmory\n|-damage|p2a: Skarmory|45\/100\n|-sidestart|p2: Snakeman24|Spikes\n|move|p2a: Skarmory|Roost|p2a: Skarmory\n|-heal|p2a: Skarmory|95\/100\n|-singleturn|p2a: Skarmory|move: Roost\n|\n|upkeep\n|turn|5\n|\n|t:|1700446602\n|move|p1a: Samurott|Ceaseless Edge|p2a: Skarmory\n|-damage|p2a: Skarmory|66\/100\n|-sidestart|p2: Snakeman24|Spikes\n|move|p2a: Skarmory|Defog|p1a: Samurott\n|-unboost|p1a: Samurott|evasion|1\n|-sideend|p1: keahi|Stealth Rock|[from] move: Defog|[of] p2a: Skarmory\n|-sideend|p2: Snakeman24|Spikes|[from] move: Defog|[of] p2a: Skarmory\n|\n|upkeep\n|turn|6\n|\n|t:|1700446617\n|move|p1a: Samurott|Sacred Sword|p2a: Skarmory\n|-damage|p2a: Skarmory|44\/100\n|move|p2a: Skarmory|Stealth Rock|p1a: Samurott\n|-sidestart|p1: keahi|move: Stealth Rock\n|\n|upkeep\n|turn|7\n|\n|t:|1700446624\n|move|p1a: Samurott|Ceaseless Edge|p2a: Skarmory\n|-damage|p2a: Skarmory|17\/100\n|-sidestart|p2: Snakeman24|Spikes\n|move|p2a: Skarmory|Roost|p2a: Skarmory\n|-heal|p2a: Skarmory|67\/100\n|-singleturn|p2a: Skarmory|move: Roost\n|\n|upkeep\n|turn|8\n|\n|t:|1700446656\n|move|p1a: Samurott|Razor Shell|p2a: Skarmory\n|-damage|p2a: Skarmory|39\/100\n|move|p2a: Skarmory|Roost|p2a: Skarmory\n|-heal|p2a: Skarmory|89\/100\n|-singleturn|p2a: Skarmory|move: Roost\n|\n|upkeep\n|turn|9\n|\n|t:|1700446667\n|move|p1a: Samurott|Ceaseless Edge|p2a: Skarmory\n|-damage|p2a: Skarmory|65\/100\n|-sidestart|p2: Snakeman24|Spikes\n|move|p2a: Skarmory|Whirlwind|p1a: Samurott\n|drag|p1a: Gliscor|Gliscor, M|100\/100\n|-damage|p1a: Gliscor|88\/100|[from] Stealth Rock\n|\n|-status|p1a: Gliscor|tox|[from] item: Toxic Orb\n|upkeep\n|turn|10\n|\n|t:|1700446708\n|switch|p1a: Volcarona|Volcarona, M|100\/100\n|move|p2a: Skarmory|Roost|p2a: Skarmory\n|-heal|p2a: Skarmory|100\/100\n|-singleturn|p2a: Skarmory|move: Roost\n|\n|upkeep\n|turn|11\n|\n|t:|1700446716\n|switch|p1a: Samurott|Samurott-Hisui, M|35\/100\n|-damage|p1a: Samurott|23\/100|[from] Stealth Rock\n|move|p2a: Skarmory|Whirlwind|p1a: Samurott\n|drag|p1a: Tapu Lele|Tapu Lele|100\/100\n|-damage|p1a: Tapu Lele|88\/100|[from] Stealth Rock\n|-fieldstart|move: Psychic Terrain|[from] ability: Psychic Surge|[of] p1a: Tapu Lele\n|\n|upkeep\n|turn|12\n|\n|t:|1700446727\n|move|p1a: Tapu Lele|Thunderbolt|p2a: Skarmory\n|-supereffective|p2a: Skarmory\n|-damage|p2a: Skarmory|21\/100\n|move|p2a: Skarmory|Whirlwind|p1a: Tapu Lele\n|drag|p1a: Samurott|Samurott-Hisui, M|23\/100\n|-damage|p1a: Samurott|10\/100|[from] Stealth Rock\n|\n|upkeep\n|turn|13\n|\n|t:|1700446755\n|move|p1a: Samurott|Ceaseless Edge|p2a: Skarmory|[miss]\n|-miss|p1a: Samurott|p2a: Skarmory\n|move|p2a: Skarmory|Roost|p2a: Skarmory\n|-heal|p2a: Skarmory|71\/100\n|-singleturn|p2a: Skarmory|move: Roost\n|\n|upkeep\n|turn|14\n|\n|t:|1700446764\n|move|p1a: Samurott|Razor Shell|p2a: Skarmory\n|-damage|p2a: Skarmory|40\/100\n|move|p2a: Skarmory|Defog|p1a: Samurott\n|-unboost|p1a: Samurott|evasion|1\n|-sideend|p1: keahi|Stealth Rock|[from] move: Defog|[of] p2a: Skarmory\n|-sideend|p2: Snakeman24|Spikes|[from] move: Defog|[of] p2a: Skarmory\n|-fieldend|move: Psychic Terrain\n|\n|upkeep\n|turn|15\n|\n|t:|1700446772\n|move|p1a: Samurott|Razor Shell|p2a: Skarmory\n|-damage|p2a: Skarmory|12\/100\n|-unboost|p2a: Skarmory|def|1\n|move|p2a: Skarmory|Roost|p2a: Skarmory\n|-heal|p2a: Skarmory|62\/100\n|-singleturn|p2a: Skarmory|move: Roost\n|\n|upkeep\n|turn|16\n|\n|t:|1700446785\n|switch|p2a: Dondozo|Dondozo, F|100\/100\n|move|p1a: Samurott|Ceaseless Edge|p2a: Dondozo|[miss]\n|-miss|p1a: Samurott|p2a: Dondozo\n|\n|upkeep\n|turn|17\n|\n|t:|1700446792\n|move|p1a: Samurott|Ceaseless Edge|p2a: Dondozo\n|-damage|p2a: Dondozo|79\/100\n|-sidestart|p2: Snakeman24|Spikes\n|move|p2a: Dondozo|Curse|p2a: Dondozo\n|-unboost|p2a: Dondozo|spe|1\n|-boost|p2a: Dondozo|atk|1\n|-boost|p2a: Dondozo|def|1\n|\n|-heal|p2a: Dondozo|85\/100|[from] item: Leftovers\n|upkeep\n|turn|18\n|\n|t:|1700446805\n|move|p1a: Samurott|Knock Off|p2a: Dondozo\n|-damage|p2a: Dondozo|73\/100\n|-enditem|p2a: Dondozo|Leftovers|[from] move: Knock Off|[of] p1a: Samurott\n|move|p2a: Dondozo|Body Press|p1a: Samurott\n|-supereffective|p1a: Samurott\n|-damage|p1a: Samurott|0 fnt\n|faint|p1a: Samurott\n|\n|upkeep\n|\n|t:|1700446820\n|switch|p1a: Ferrothorn|Ferrothorn, M|100\/100\n|turn|19\n|\n|t:|1700446828\n|move|p1a: Ferrothorn|Leech Seed|p2a: Dondozo\n|-start|p2a: Dondozo|move: Leech Seed\n|move|p2a: Dondozo|Curse|p2a: Dondozo\n|-unboost|p2a: Dondozo|spe|1\n|-boost|p2a: Dondozo|atk|1\n|-boost|p2a: Dondozo|def|1\n|\n|-damage|p2a: Dondozo|60\/100|[from] Leech Seed|[of] p1a: Ferrothorn\n|upkeep\n|turn|20\n|\n|t:|1700446839\n|move|p1a: Ferrothorn|Stealth Rock|p2a: Dondozo\n|-sidestart|p2: Snakeman24|move: Stealth Rock\n|move|p2a: Dondozo|Body Press|p1a: Ferrothorn\n|-supereffective|p1a: Ferrothorn\n|-damage|p1a: Ferrothorn|24\/100\n|-damage|p2a: Dondozo|48\/100|[from] ability: Iron Barbs|[of] p1a: Ferrothorn\n|\n|-heal|p1a: Ferrothorn|31\/100|[from] item: Leftovers\n|-damage|p2a: Dondozo|35\/100|[from] Leech Seed|[of] p1a: Ferrothorn\n|-heal|p1a: Ferrothorn|49\/100|[silent]\n|upkeep\n|turn|21\n|\n|t:|1700446850\n|move|p1a: Ferrothorn|Thunder Wave|p2a: Dondozo|[miss]\n|-miss|p1a: Ferrothorn|p2a: Dondozo\n|move|p2a: Dondozo|Body Press|p1a: Ferrothorn\n|-supereffective|p1a: Ferrothorn\n|-damage|p1a: Ferrothorn|0 fnt\n|-damage|p2a: Dondozo|23\/100|[from] ability: Iron Barbs|[of] p1a: Ferrothorn\n|faint|p1a: Ferrothorn\n|\n|upkeep\n|\n|t:|1700446863\n|switch|p1a: Tapu Lele|Tapu Lele|88\/100\n|-fieldstart|move: Psychic Terrain|[from] ability: Psychic Surge|[of] p1a: Tapu Lele\n|turn|22\n|\n|t:|1700446874\n|switch|p2a: Chansey|Chansey, F|100\/100\n|-damage|p2a: Chansey|88\/100|[from] Spikes\n|-damage|p2a: Chansey|75\/100|[from] Stealth Rock\n|move|p1a: Tapu Lele|Moonblast|p2a: Chansey\n|-damage|p2a: Chansey|60\/100\n|-unboost|p2a: Chansey|spa|1\n|\n|upkeep\n|turn|23\n|\n|t:|1700446885\n|switch|p1a: Iron Hands|Iron Hands|100\/100\n|move|p2a: Chansey|Teleport|p2a: Chansey\n|\n|t:|1700446920\n|switch|p2a: Skarmory|Skarmory, F|62\/100|[from] Teleport\n|-damage|p2a: Skarmory|50\/100|[from] Stealth Rock\n|\n|upkeep\n|turn|24\n|\n|t:|1700446926\n|move|p2a: Skarmory|Roost|p2a: Skarmory\n|-heal|p2a: Skarmory|99\/100\n|-singleturn|p2a: Skarmory|move: Roost\n|move|p1a: Iron Hands|Swords Dance|p1a: Iron Hands\n|-boost|p1a: Iron Hands|atk|2\n|\n|upkeep\n|turn|25\n|\n|t:|1700446934\n|move|p1a: Iron Hands|Thunder Punch|p2a: Skarmory\n|-supereffective|p2a: Skarmory\n|-damage|p2a: Skarmory|15\/100\n|move|p2a: Skarmory|Whirlwind|p1a: Iron Hands\n|-end|p1a: Iron Hands|Quark Drive|[silent]\n|drag|p1a: Gliscor|Gliscor, M|88\/100 tox\n|\n|-heal|p1a: Gliscor|100\/100 tox|[from] ability: Poison Heal\n|upkeep\n|turn|26\n|\n|t:|1700446944\n|switch|p1a: Volcarona|Volcarona, M|100\/100\n|move|p2a: Skarmory|Defog|p1a: Volcarona\n|-unboost|p1a: Volcarona|evasion|1\n|-sideend|p2: Snakeman24|Spikes|[from] move: Defog|[of] p2a: Skarmory\n|-sideend|p2: Snakeman24|Stealth Rock|[from] move: Defog|[of] p2a: Skarmory\n|-fieldend|move: Psychic Terrain\n|\n|upkeep\n|turn|27\n|\n|t:|1700446958\n|move|p1a: Volcarona|Quiver Dance|p1a: Volcarona\n|-boost|p1a: Volcarona|spa|1\n|-boost|p1a: Volcarona|spd|1\n|-boost|p1a: Volcarona|spe|1\n|move|p2a: Skarmory|Stealth Rock|p1a: Volcarona\n|-sidestart|p1: keahi|move: Stealth Rock\n|\n|upkeep\n|turn|28\n|\n|t:|1700446966\n|move|p1a: Volcarona|Flamethrower|p2a: Skarmory\n|-supereffective|p2a: Skarmory\n|-damage|p2a: Skarmory|0 fnt\n|faint|p2a: Skarmory\n|\n|upkeep\n|\n|t:|1700446974\n|switch|p2a: Chansey|Chansey, F|60\/100\n|turn|29\n|\n|t:|1700446983\n|move|p1a: Volcarona|Quiver Dance|p1a: Volcarona\n|-boost|p1a: Volcarona|spa|1\n|-boost|p1a: Volcarona|spd|1\n|-boost|p1a: Volcarona|spe|1\n|move|p2a: Chansey|Soft-Boiled|p2a: Chansey\n|-heal|p2a: Chansey|100\/100\n|\n|upkeep\n|turn|30\n|\n|t:|1700446991\n|move|p1a: Volcarona|Bug Buzz|p2a: Chansey\n|-damage|p2a: Chansey|72\/100\n|move|p2a: Chansey|Thunder Wave|p1a: Volcarona\n|-status|p1a: Volcarona|par\n|\n|upkeep\n|turn|31\n|\n|t:|1700447005\n|cant|p1a: Volcarona|par\n|move|p2a: Chansey|Seismic Toss|p1a: Volcarona\n|-damage|p1a: Volcarona|68\/100 par\n|\n|upkeep\n|turn|32\n|\n|t:|1700447011\n|switch|p1a: Iron Hands|Iron Hands|100\/100\n|-damage|p1a: Iron Hands|94\/100|[from] Stealth Rock\n|move|p2a: Chansey|Seismic Toss|p1a: Iron Hands\n|-damage|p1a: Iron Hands|75\/100\n|\n|-heal|p1a: Iron Hands|81\/100|[from] item: Leftovers\n|upkeep\n|turn|33\n|\n|t:|1700447022\n|move|p1a: Iron Hands|Swords Dance|p1a: Iron Hands\n|-boost|p1a: Iron Hands|atk|2\n|move|p2a: Chansey|Teleport|p2a: Chansey\n|\n|t:|1700447039\n|switch|p2a: Pinsir|Pinsir, M|100\/100|[from] Teleport\n|\n|-heal|p1a: Iron Hands|87\/100|[from] item: Leftovers\n|upkeep\n|turn|34\n|\n|t:|1700447052\n|detailschange|p2a: Pinsir|Pinsir-Mega, M\n|-mega|p2a: Pinsir|Pinsir|Pinsirite\n|move|p2a: Pinsir|Frustration|p1a: Iron Hands\n|-damage|p1a: Iron Hands|39\/100\n|move|p1a: Iron Hands|Thunder Punch|p2a: Pinsir\n|-supereffective|p2a: Pinsir\n|-damage|p2a: Pinsir|0 fnt\n|faint|p2a: Pinsir\n|\n|-heal|p1a: Iron Hands|45\/100|[from] item: Leftovers\n|upkeep\n|\n|t:|1700447066\n|switch|p2a: Hoopa|Hoopa-Unbound|100\/100\n|turn|35\n|\n|t:|1700447071\n|-terastallize|p1a: Iron Hands|Water\n|move|p2a: Hoopa|Zen Headbutt|p1a: Iron Hands\n|-damage|p1a: Iron Hands|0 fnt\n|faint|p1a: Iron Hands\n|-end|p1a: Iron Hands|Quark Drive|[silent]\n|\n|upkeep\n|\n|t:|1700447077\n|switch|p1a: Tapu Lele|Tapu Lele|88\/100\n|-damage|p1a: Tapu Lele|76\/100|[from] Stealth Rock\n|-fieldstart|move: Psychic Terrain|[from] ability: Psychic Surge|[of] p1a: Tapu Lele\n|turn|36\n|\n|t:|1700447088\n|switch|p2a: Chansey|Chansey, F|72\/100\n|move|p1a: Tapu Lele|Moonblast|p2a: Chansey\n|-damage|p2a: Chansey|56\/100\n|-unboost|p2a: Chansey|spa|1\n|\n|upkeep\n|turn|37\n|\n|t:|1700447098\n|switch|p1a: Gliscor|Gliscor, M|100\/100 tox\n|-damage|p1a: Gliscor|88\/100 tox|[from] Stealth Rock\n|move|p2a: Chansey|Thunder Wave|p1a: Gliscor\n|-immune|p1a: Gliscor\n|\n|-heal|p1a: Gliscor|100\/100 tox|[from] ability: Poison Heal\n|upkeep\n|turn|38\n|\n|t:|1700447125\n|move|p1a: Gliscor|Defog|p2a: Chansey\n|-unboost|p2a: Chansey|evasion|1\n|-sideend|p1: keahi|Stealth Rock|[from] move: Defog|[of] p1a: Gliscor\n|-fieldend|move: Psychic Terrain\n|move|p2a: Chansey|Teleport|p2a: Chansey\n|\n|t:|1700447134\n|switch|p2a: Greninja|Greninja, F|100\/100|[from] Teleport\n|\n|upkeep\n|turn|39\n|\n|t:|1700447182\n|switch|p1a: Volcarona|Volcarona, M|68\/100 par\n|-terastallize|p2a: Greninja|Water\n|move|p2a: Greninja|Surf|p1a: Volcarona\n|-supereffective|p1a: Volcarona\n|-damage|p1a: Volcarona|0 fnt\n|faint|p1a: Volcarona\n|\n|upkeep\n|\n|t:|1700447185\n|switch|p1a: Tapu Lele|Tapu Lele|76\/100\n|-fieldstart|move: Psychic Terrain|[from] ability: Psychic Surge|[of] p1a: Tapu Lele\n|turn|40\n|\n|t:|1700447199\n|switch|p2a: Chansey|Chansey, F|56\/100\n|move|p1a: Tapu Lele|Psychic|p2a: Chansey\n|-damage|p2a: Chansey|38\/100\n|-unboost|p2a: Chansey|spd|1\n|\n|upkeep\n|turn|41\n|\n|t:|1700447208\n|move|p1a: Tapu Lele|Psychic|p2a: Chansey\n|-damage|p2a: Chansey|8\/100\n|move|p2a: Chansey|Soft-Boiled|p2a: Chansey\n|-heal|p2a: Chansey|58\/100\n|\n|upkeep\n|turn|42\n|\n|t:|1700447218\n|switch|p1a: Gliscor|Gliscor, M|100\/100 tox\n|move|p2a: Chansey|Seismic Toss|p1a: Gliscor\n|-damage|p1a: Gliscor|72\/100 tox\n|\n|-heal|p1a: Gliscor|85\/100 tox|[from] ability: Poison Heal\n|upkeep\n|turn|43\n|\n|t:|1700447227\n|move|p1a: Gliscor|Earthquake|p2a: Chansey\n|-damage|p2a: Chansey|35\/100\n|move|p2a: Chansey|Soft-Boiled|p2a: Chansey\n|-heal|p2a: Chansey|85\/100\n|\n|-heal|p1a: Gliscor|97\/100 tox|[from] ability: Poison Heal\n|upkeep\n|turn|44\n|\n|t:|1700447237\n|move|p1a: Gliscor|Toxic|p2a: Chansey|[miss]\n|-miss|p1a: Gliscor|p2a: Chansey\n|move|p2a: Chansey|Teleport|p2a: Chansey\n|\n|t:|1700447244\n|switch|p2a: Greninja|Greninja, F, tera:Water|100\/100|[from] Teleport\n|\n|-heal|p1a: Gliscor|100\/100 tox|[from] ability: Poison Heal\n|-fieldend|move: Psychic Terrain\n|upkeep\n|turn|45\n|\n|t:|1700447304\n|switch|p1a: Tapu Lele|Tapu Lele|76\/100\n|-fieldstart|move: Psychic Terrain|[from] ability: Psychic Surge|[of] p1a: Tapu Lele\n|move|p2a: Greninja|Surf|p1a: Tapu Lele\n|-damage|p1a: Tapu Lele|19\/100\n|\n|upkeep\n|turn|46\n|-message|keahi forfeited.\n|\n|win|Snakeman24\n|raw|keahi's rating: 1652 &rarr; <strong>1626<\/strong><br \/>(-26 for losing)\n|raw|Snakeman24's rating: 1540 &rarr; <strong>1566<\/strong><br \/>(+26 for winning)\n|l|\u2606keahi\n","uploadtime":1700447320,"views":14,"p1id":"keahi","p2id":"snakeman24","formatid":"gen9nationaldex","rating":1566,"private":0,"password":""}