{"id":"gen9nationaldex-1990168962","p1":"Toxic Ariados","p2":"phantomclaw8888","format":"[Gen 9] National Dex","log":"|j|\u2606Toxic Ariados\n|j|\u2606phantomclaw8888\n|t:|1699932250\n|gametype|singles\n|player|p1|Toxic Ariados|lucas|1745\n|player|p2|phantomclaw8888|red|1567\n|teamsize|p1|6\n|teamsize|p2|6\n|gen|9\n|tier|[Gen 9] National Dex\n|rated|\n|rule|HP Percentage Mod: HP is shown in percentages\n|rule|Endless Battle Clause: Forcing endless battles is banned\n|rule|OHKO Clause: OHKO moves are banned\n|rule|Evasion Clause: Evasion abilities, items, and moves are banned\n|rule|Evasion Abilities Clause: Evasion abilities are banned\n|rule|Evasion Items Clause: Evasion items are banned\n|rule|Evasion Moves Clause: Evasion moves are banned\n|rule|Species Clause: Limit one of each Pok\u00e9mon\n|rule|Sleep Clause Mod: Limit one foe put to sleep\n|clearpoke\n|poke|p1|Grimmsnarl, M|\n|poke|p1|Okidogi, M|\n|poke|p1|Volcarona, F|\n|poke|p1|Great Tusk|\n|poke|p1|Ogerpon-Cornerstone, F|\n|poke|p1|Jirachi|\n|poke|p2|Charizard, M|\n|poke|p2|Great Tusk|\n|poke|p2|Tyranitar, F|\n|poke|p2|Tapu Fini|\n|poke|p2|Serperior, M|\n|poke|p2|Sneasler, F|\n|teampreview\n|\n|t:|1699932269\n|start\n|switch|p1a: Ogerpon|Ogerpon-Cornerstone, F|100\/100\n|switch|p2a: Tapu Fini|Tapu Fini|100\/100\n|-fieldstart|move: Misty Terrain|[from] ability: Misty Surge|[of] p2a: Tapu Fini\n|turn|1\n|\n|t:|1699932284\n|switch|p2a: Great Tusk|Great Tusk|100\/100\n|move|p1a: Ogerpon|Swords Dance|p1a: Ogerpon\n|-boost|p1a: Ogerpon|atk|2\n|\n|upkeep\n|turn|2\n|\n|t:|1699932300\n|move|p1a: Ogerpon|Swords Dance|p1a: Ogerpon\n|-boost|p1a: Ogerpon|atk|2\n|move|p2a: Great Tusk|Rapid Spin|p1a: Ogerpon\n|-resisted|p1a: Ogerpon\n|-damage|p1a: Ogerpon|92\/100\n|-boost|p2a: Great Tusk|spe|1\n|\n|upkeep\n|turn|3\n|\n|t:|1699932316\n|switch|p1a: Diablo|Grimmsnarl, M|100\/100\n|move|p2a: Great Tusk|Ice Spinner|p1a: Diablo\n|-damage|p1a: Diablo|76\/100\n|-fieldend|Misty Terrain\n|\n|upkeep\n|turn|4\n|\n|t:|1699932322\n|move|p1a: Diablo|Reflect|p1a: Diablo\n|-sidestart|p1: Toxic Ariados|Reflect\n|move|p2a: Great Tusk|Stealth Rock|p1a: Diablo\n|-sidestart|p1: Toxic Ariados|move: Stealth Rock\n|\n|upkeep\n|turn|5\n|j| serving up heat\n|j| ndtester2\n|j| YJLF2\n|\n|t:|1699932334\n|-end|p2a: Great Tusk|Protosynthesis|[silent]\n|switch|p2a: Tapu Fini|Tapu Fini|100\/100\n|-fieldstart|move: Misty Terrain|[from] ability: Misty Surge|[of] p2a: Tapu Fini\n|switch|p1a: Ogerpon|Ogerpon-Cornerstone, F|92\/100\n|-damage|p1a: Ogerpon|80\/100|[from] Stealth Rock\n|\n|upkeep\n|turn|6\n|c|\u2606Toxic Ariados|how dare you bluff cc\n|\n|t:|1699932345\n|switch|p2a: Serperior|Serperior, M|100\/100\n|move|p1a: Ogerpon|Swords Dance|p1a: Ogerpon\n|-boost|p1a: Ogerpon|atk|2\n|\n|upkeep\n|turn|7\n|\n|t:|1699932351\n|switch|p2a: Great Tusk|Great Tusk|100\/100\n|move|p1a: Ogerpon|Ivy Cudgel|p2a: Great Tusk\n|-resisted|p2a: Great Tusk\n|-damage|p2a: Great Tusk|87\/100\n|\n|upkeep\n|turn|8\n|\n|t:|1699932377\n|move|p1a: Ogerpon|Horn Leech|p2a: Great Tusk\n|-supereffective|p2a: Great Tusk\n|-damage|p2a: Great Tusk|0 fnt\n|-heal|p1a: Ogerpon|100\/100|[from] drain|[of] p2a: Great Tusk\n|-damage|p1a: Ogerpon|84\/100|[from] item: Rocky Helmet|[of] p2a: Great Tusk\n|faint|p2a: Great Tusk\n|-end|p2a: Great Tusk|Protosynthesis|[silent]\n|\n|upkeep\n|\n|t:|1699932390\n|switch|p2a: Serperior|Serperior, M|100\/100\n|turn|9\n|\n|t:|1699932394\n|move|p2a: Serperior|Leaf Storm|p1a: Ogerpon\n|-damage|p1a: Ogerpon|35\/100\n|-boost|p2a: Serperior|spa|2\n|move|p1a: Ogerpon|Ivy Cudgel|p2a: Serperior\n|-damage|p2a: Serperior|0 fnt\n|faint|p2a: Serperior\n|\n|-fieldend|Misty Terrain\n|upkeep\n|\n|t:|1699932402\n|switch|p2a: Tapu Fini|Tapu Fini|100\/100\n|-fieldstart|move: Misty Terrain|[from] ability: Misty Surge|[of] p2a: Tapu Fini\n|turn|10\n|\n|t:|1699932409\n|switch|p2a: Sneasler|Sneasler, F|100\/100\n|-enditem|p2a: Sneasler|Misty Seed\n|-boost|p2a: Sneasler|spd|1|[from] item: Misty Seed\n|move|p1a: Ogerpon|Stomping Tantrum|p2a: Sneasler\n|-supereffective|p2a: Sneasler\n|-damage|p2a: Sneasler|0 fnt\n|faint|p2a: Sneasler\n|\n|upkeep\n|c|\u2606phantomclaw8888|good read\n|-message|phantomclaw8888 forfeited.\n|\n|win|Toxic Ariados\n|raw|Toxic Ariados's rating: 1745 &rarr; <strong>1756<\/strong><br \/>(+11 for winning)\n|raw|phantomclaw8888's rating: 1567 &rarr; <strong>1556<\/strong><br \/>(-11 for losing)\n|l|\u2606phantomclaw8888\n|c|\u2606Toxic Ariados|thanks\n|l| YJLF2\n|c| serving up heat|great read\n|l| ndtester2\n|l| serving up heat\n|j| Kybushi+\n|c| Kybushi+|grabadiibu\n|l| Kybushi+\n|j| Ghowex\n|l| Ghowex\n","uploadtime":1699932426,"views":6,"p1id":"toxicariados","p2id":"phantomclaw8888","formatid":"gen9nationaldex","rating":1556,"private":0,"password":""}