{"id":"gen9nationaldex-1987139067","p1":"merkean","p2":"Kum\"Log out\"","format":"[Gen 9] National Dex","log":"|j|\u2606merkean\n|j|\u2606Kum\"Log out\"\n|t:|1699559296\n|gametype|singles\n|player|p1|merkean|dawn|1000\n|player|p2|Kum\"Log out\"|265|1016\n|teamsize|p1|6\n|teamsize|p2|6\n|gen|9\n|tier|[Gen 9] National Dex\n|rated|\n|rule|HP Percentage Mod: HP is shown in percentages\n|rule|Endless Battle Clause: Forcing endless battles is banned\n|rule|OHKO Clause: OHKO moves are banned\n|rule|Evasion Clause: Evasion abilities, items, and moves are banned\n|rule|Evasion Abilities Clause: Evasion abilities are banned\n|rule|Evasion Items Clause: Evasion items are banned\n|rule|Evasion Moves Clause: Evasion moves are banned\n|rule|Species Clause: Limit one of each Pok\u00e9mon\n|rule|Sleep Clause Mod: Limit one foe put to sleep\n|clearpoke\n|poke|p1|Hoopa-Unbound|\n|poke|p1|Azelf|\n|poke|p1|Terrakion|\n|poke|p1|Zapdos|\n|poke|p1|Registeel|\n|poke|p1|Entei|\n|poke|p2|Serperior, M|\n|poke|p2|Great Tusk|\n|poke|p2|Gliscor, M|\n|poke|p2|Sableye, F|\n|poke|p2|Baxcalibur, F|\n|poke|p2|Ribombee, M|\n|teampreview\n|inactive|Battle timer is ON: inactive players will automatically lose when time's up. (requested by merkean)\n|\n|t:|1699559311\n|start\n|switch|p1a: Zapdos|Zapdos|100\/100\n|switch|p2a: Ribombee|Ribombee, M|100\/100\n|turn|1\n|\n|t:|1699559318\n|move|p2a: Ribombee|Sticky Web|p1a: Zapdos\n|-sidestart|p1: merkean|move: Sticky Web\n|move|p1a: Zapdos|Heat Wave|p2a: Ribombee\n|-supereffective|p2a: Ribombee\n|-enditem|p2a: Ribombee|Focus Sash\n|-damage|p2a: Ribombee|1\/100\n|\n|upkeep\n|turn|2\n|\n|t:|1699559325\n|move|p2a: Ribombee|Tailwind|p2a: Ribombee\n|-sidestart|p2: Kum\"Log out\"|move: Tailwind\n|move|p1a: Zapdos|Defog|p2a: Ribombee\n|-unboost|p2a: Ribombee|evasion|1\n|-sideend|p1: merkean|Sticky Web|[from] move: Defog|[of] p1a: Zapdos\n|\n|upkeep\n|turn|3\n|\n|t:|1699559334\n|switch|p1a: Registeel|Registeel|100\/100\n|move|p2a: Ribombee|Sticky Web|p1a: Registeel\n|-sidestart|p1: merkean|move: Sticky Web\n|\n|upkeep\n|turn|4\n|\n|t:|1699559344\n|switch|p2a: Sableye|Sableye, F|100\/100\n|switch|p1a: Zapdos|Zapdos|100\/100\n|\n|upkeep\n|turn|5\n|\n|t:|1699559352\n|detailschange|p2a: Sableye|Sableye-Mega, F\n|-mega|p2a: Sableye|Sableye|Sablenite\n|move|p2a: Sableye|Protect|p2a: Sableye\n|-singleturn|p2a: Sableye|Protect\n|move|p1a: Zapdos|Defog|p2a: Sableye\n|-activate|p2a: Sableye|move: Protect\n|\n|-sideend|p2: Kum\"Log out\"|move: Tailwind\n|upkeep\n|turn|6\n|\n|t:|1699559364\n|switch|p2a: Serperior|Serperior, M|100\/100\n|move|p1a: Zapdos|Defog|p2a: Serperior\n|-boost|p2a: Serperior|evasion|1\n|-sideend|p1: merkean|Sticky Web|[from] move: Defog|[of] p1a: Zapdos\n|\n|upkeep\n|turn|7\n|\n|t:|1699559371\n|move|p2a: Serperior|Glare|p1a: Zapdos\n|-immune|p1a: Zapdos\n|move|p1a: Zapdos|Volt Switch|p2a: Serperior\n|-resisted|p2a: Serperior\n|-damage|p2a: Serperior|79\/100\n|\n|t:|1699559386\n|switch|p1a: Registeel|Registeel|100\/100|[from] Volt Switch\n|\n|upkeep\n|turn|8\n|\n|t:|1699559395\n|switch|p2a: Sableye|Sableye-Mega, F|100\/100\n|switch|p1a: Zapdos|Zapdos|100\/100\n|\n|upkeep\n|turn|9\n|\n|t:|1699559401\n|move|p1a: Zapdos|Volt Switch|p2a: Sableye\n|-damage|p2a: Sableye|68\/100\n|\n|t:|1699559404\n|switch|p1a: Azelf|Azelf|100\/100|[from] Volt Switch\n|move|p2a: Sableye|Will-O-Wisp|p1a: Azelf\n|-status|p1a: Azelf|brn\n|\n|-damage|p1a: Azelf|94\/100 brn|[from] brn\n|upkeep\n|turn|10\n|\n|t:|1699559413\n|move|p1a: Azelf|Dazzling Gleam|p2a: Sableye\n|-supereffective|p2a: Sableye\n|-damage|p2a: Sableye|0 fnt\n|faint|p2a: Sableye\n|\n|-damage|p1a: Azelf|88\/100 brn|[from] brn\n|upkeep\n|\n|t:|1699559421\n|switch|p2a: Ribombee|Ribombee, M|1\/100\n|turn|11\n|\n|t:|1699559425\n|switch|p1a: Zapdos|Zapdos|100\/100\n|move|p2a: Ribombee|Sticky Web|p1a: Zapdos\n|-sidestart|p1: merkean|move: Sticky Web\n|\n|upkeep\n|turn|12\n|\n|t:|1699559431\n|move|p2a: Ribombee|Sticky Web||[still]\n|-fail|p2a: Ribombee\n|move|p1a: Zapdos|Defog|p2a: Ribombee\n|-unboost|p2a: Ribombee|evasion|1\n|-sideend|p1: merkean|Sticky Web|[from] move: Defog|[of] p1a: Zapdos\n|\n|upkeep\n|turn|13\n|\n|t:|1699559438\n|move|p2a: Ribombee|Sticky Web|p1a: Zapdos\n|-sidestart|p1: merkean|move: Sticky Web\n|move|p1a: Zapdos|Defog|p2a: Ribombee\n|-unboost|p2a: Ribombee|evasion|1\n|-sideend|p1: merkean|Sticky Web|[from] move: Defog|[of] p1a: Zapdos\n|\n|upkeep\n|turn|14\n|\n|t:|1699559444\n|move|p2a: Ribombee|Sticky Web|p1a: Zapdos\n|-sidestart|p1: merkean|move: Sticky Web\n|move|p1a: Zapdos|Defog|p2a: Ribombee\n|-unboost|p2a: Ribombee|evasion|1\n|-sideend|p1: merkean|Sticky Web|[from] move: Defog|[of] p1a: Zapdos\n|\n|upkeep\n|turn|15\n|\n|t:|1699559450\n|move|p2a: Ribombee|Sticky Web|p1a: Zapdos\n|-sidestart|p1: merkean|move: Sticky Web\n|move|p1a: Zapdos|Defog|p2a: Ribombee\n|-unboost|p2a: Ribombee|evasion|1\n|-sideend|p1: merkean|Sticky Web|[from] move: Defog|[of] p1a: Zapdos\n|\n|upkeep\n|turn|16\n|\n|t:|1699559456\n|move|p2a: Ribombee|Sticky Web|p1a: Zapdos\n|-sidestart|p1: merkean|move: Sticky Web\n|move|p1a: Zapdos|Heat Wave|p2a: Ribombee\n|-supereffective|p2a: Ribombee\n|-damage|p2a: Ribombee|0 fnt\n|faint|p2a: Ribombee\n|\n|upkeep\n|\n|t:|1699559463\n|switch|p2a: A Monster|Baxcalibur, F|100\/100\n|turn|17\n|\n|t:|1699559467\n|-terastallize|p2a: A Monster|Dragon\n|move|p1a: Zapdos|Defog|p2a: A Monster\n|-unboost|p2a: A Monster|evasion|1\n|-sideend|p1: merkean|Sticky Web|[from] move: Defog|[of] p1a: Zapdos\n|move|p2a: A Monster|Glaive Rush|p1a: Zapdos\n|-damage|p1a: Zapdos|0 fnt\n|-singlemove|p2a: A Monster|Glaive Rush|[silent]\n|-status|p2a: A Monster|par|[from] ability: Static|[of] p1a: Zapdos\n|faint|p1a: Zapdos\n|\n|upkeep\n|\n|t:|1699559478\n|switch|p1a: Azelf|Azelf|88\/100 brn\n|turn|18\n|\n|t:|1699559481\n|-terastallize|p1a: Azelf|Fairy\n|move|p1a: Azelf|Dazzling Gleam|p2a: A Monster\n|-supereffective|p2a: A Monster\n|-damage|p2a: A Monster|0 fnt\n|faint|p2a: A Monster\n|\n|-damage|p1a: Azelf|82\/100 brn|[from] brn\n|upkeep\n|\n|t:|1699559490\n|switch|p2a: Serperior|Serperior, M|79\/100\n|turn|19\n|\n|t:|1699559494\n|move|p2a: Serperior|Leaf Storm|p1a: Azelf\n|-damage|p1a: Azelf|0 fnt\n|-boost|p2a: Serperior|spa|2\n|faint|p1a: Azelf\n|\n|upkeep\n|\n|t:|1699559501\n|switch|p1a: Registeel|Registeel|100\/100\n|turn|20\n|\n|t:|1699559507\n|switch|p2a: Great Tusk|Great Tusk|100\/100\n|-enditem|p2a: Great Tusk|Booster Energy\n|-activate|p2a: Great Tusk|ability: Protosynthesis|[fromitem]\n|-start|p2a: Great Tusk|protosynthesisatk\n|move|p1a: Registeel|Toxic|p2a: Great Tusk\n|-status|p2a: Great Tusk|tox\n|\n|-damage|p2a: Great Tusk|94\/100 tox|[from] psn\n|upkeep\n|turn|21\n|\n|t:|1699559520\n|move|p2a: Great Tusk|Headlong Rush|p1a: Registeel\n|-supereffective|p1a: Registeel\n|-damage|p1a: Registeel|0 fnt\n|-unboost|p2a: Great Tusk|def|1\n|-unboost|p2a: Great Tusk|spd|1\n|faint|p1a: Registeel\n|\n|-damage|p2a: Great Tusk|82\/100 tox|[from] psn\n|upkeep\n|\n|t:|1699559524\n|switch|p1a: Terrakion|Terrakion|100\/100\n|turn|22\n|\n|t:|1699559532\n|move|p1a: Terrakion|Close Combat|p2a: Great Tusk\n|-damage|p2a: Great Tusk|18\/100 tox\n|-unboost|p1a: Terrakion|def|1\n|-unboost|p1a: Terrakion|spd|1\n|move|p2a: Great Tusk|Headlong Rush|p1a: Terrakion\n|-supereffective|p1a: Terrakion\n|-damage|p1a: Terrakion|0 fnt\n|-unboost|p2a: Great Tusk|def|1\n|-unboost|p2a: Great Tusk|spd|1\n|faint|p1a: Terrakion\n|\n|-damage|p2a: Great Tusk|0 fnt|[from] psn\n|faint|p2a: Great Tusk\n|-end|p2a: Great Tusk|Protosynthesis|[silent]\n|upkeep\n|\n|t:|1699559547\n|switch|p1a: Hoopa|Hoopa-Unbound|100\/100\n|switch|p2a: Gliscor|Gliscor, M|100\/100\n|turn|23\n|\n|t:|1699559554\n|switch|p2a: Serperior|Serperior, M|79\/100\n|move|p1a: Hoopa|Hyperspace Fury|p2a: Serperior\n|-damage|p2a: Serperior|2\/100\n|-unboost|p1a: Hoopa|def|1\n|\n|upkeep\n|turn|24\n|\n|t:|1699559568\n|switch|p1a: Entei|Entei|100\/100\n|move|p2a: Serperior|Glare|p1a: Entei\n|-status|p1a: Entei|par\n|\n|upkeep\n|turn|25\n|\n|t:|1699559574\n|switch|p2a: Gliscor|Gliscor, M|100\/100\n|cant|p1a: Entei|par\n|\n|-status|p2a: Gliscor|tox|[from] item: Toxic Orb\n|upkeep\n|turn|26\n|\n|t:|1699559589\n|move|p2a: Gliscor|Stealth Rock|p1a: Entei\n|-sidestart|p1: merkean|move: Stealth Rock\n|cant|p1a: Entei|par\n|\n|upkeep\n|turn|27\n|\n|t:|1699559595\n|move|p2a: Gliscor|Earthquake|p1a: Entei\n|-supereffective|p1a: Entei\n|-damage|p1a: Entei|37\/100 par\n|move|p1a: Entei|Flare Blitz|p2a: Gliscor\n|-damage|p2a: Gliscor|53\/100 tox\n|-damage|p1a: Entei|22\/100 par|[from] Recoil\n|\n|-heal|p2a: Gliscor|66\/100 tox|[from] ability: Poison Heal\n|upkeep\n|turn|28\n|\n|t:|1699559605\n|move|p2a: Gliscor|Protect|p2a: Gliscor\n|-singleturn|p2a: Gliscor|Protect\n|move|p1a: Entei|Flare Blitz|p2a: Gliscor\n|-activate|p2a: Gliscor|move: Protect\n|\n|-heal|p2a: Gliscor|78\/100 tox|[from] ability: Poison Heal\n|upkeep\n|turn|29\n|\n|t:|1699559614\n|move|p2a: Gliscor|Earthquake|p1a: Entei\n|-supereffective|p1a: Entei\n|-damage|p1a: Entei|0 fnt\n|faint|p1a: Entei\n|\n|-heal|p2a: Gliscor|91\/100 tox|[from] ability: Poison Heal\n|upkeep\n|\n|t:|1699559616\n|switch|p1a: Hoopa|Hoopa-Unbound|100\/100\n|-damage|p1a: Hoopa|88\/100|[from] Stealth Rock\n|turn|30\n|\n|t:|1699559624\n|move|p2a: Gliscor|Earthquake|p1a: Hoopa\n|-damage|p1a: Hoopa|40\/100\n|move|p1a: Hoopa|Zen Headbutt|p2a: Gliscor\n|-damage|p2a: Gliscor|60\/100 tox\n|\n|-heal|p2a: Gliscor|73\/100 tox|[from] ability: Poison Heal\n|upkeep\n|turn|31\n|\n|t:|1699559633\n|move|p2a: Gliscor|Earthquake|p1a: Hoopa\n|-damage|p1a: Hoopa|0 fnt\n|faint|p1a: Hoopa\n|\n|win|Kum\"Log out\"\n|raw|merkean's rating: 1000 &rarr; <strong>1000<\/strong><br \/>(+0 for losing)\n|raw|Kum&quot;Log out&quot;'s rating: 1016 &rarr; <strong>1052<\/strong><br \/>(+36 for winning)\n","uploadtime":1699559640,"views":5,"p1id":"merkean","p2id":"kumlogout","formatid":"gen9nationaldex","rating":1000,"private":0,"password":""}