{"id":"gen9nationaldex-1989399627","p1":"zqtp","p2":"josh_bullet","format":"[Gen 9] National Dex","log":"|j|\u2606zqtp\n|j|\u2606josh_bullet\n|t:|1699845344\n|gametype|singles\n|player|p1|zqtp|leon|1422\n|player|p2|josh_bullet|n|1572\n|teamsize|p1|6\n|teamsize|p2|6\n|gen|9\n|tier|[Gen 9] National Dex\n|rated|\n|rule|HP Percentage Mod: HP is shown in percentages\n|rule|Endless Battle Clause: Forcing endless battles is banned\n|rule|OHKO Clause: OHKO moves are banned\n|rule|Evasion Clause: Evasion abilities, items, and moves are banned\n|rule|Evasion Abilities Clause: Evasion abilities are banned\n|rule|Evasion Items Clause: Evasion items are banned\n|rule|Evasion Moves Clause: Evasion moves are banned\n|rule|Species Clause: Limit one of each Pok\u00e9mon\n|rule|Sleep Clause Mod: Limit one foe put to sleep\n|clearpoke\n|poke|p1|Ribombee, M|\n|poke|p1|Landorus-Therian, M|\n|poke|p1|Pelipper, F|\n|poke|p1|Urshifu-*, M|\n|poke|p1|Zapdos|\n|poke|p1|Barraskewda, F|\n|poke|p2|Scizor, F|\n|poke|p2|Tapu Koko|\n|poke|p2|Glimmora, M|\n|poke|p2|Aegislash, F|\n|poke|p2|Landorus-Therian, M|\n|poke|p2|Heatran, M|\n|teampreview\n|inactive|Battle timer is ON: inactive players will automatically lose when time's up. (requested by zqtp)\n|c|\u2606zqtp|rain webs finna pop off\n|c|\u2606josh_bullet|ok\n|c|\u2606zqtp|this is my first test\n|c|\u2606josh_bullet|ok\n|inactive|zqtp has 120 seconds left.\n|inactive|zqtp has 90 seconds left.\n|\n|t:|1699845416\n|start\n|switch|p1a: Landorus|Landorus-Therian, M|100\/100\n|switch|p2a: Tapu Koko|Tapu Koko|100\/100\n|-fieldstart|move: Electric Terrain|[from] ability: Electric Surge|[of] p2a: Tapu Koko\n|-ability|p1a: Landorus|Intimidate|boost\n|-unboost|p2a: Tapu Koko|atk|1\n|turn|1\n|\n|t:|1699845441\n|switch|p2a: Glimmora|Glimmora, M|100\/100\n|move|p1a: Landorus|Psychic|p2a: Glimmora\n|-supereffective|p2a: Glimmora\n|-enditem|p2a: Glimmora|Focus Sash\n|-damage|p2a: Glimmora|1\/100\n|\n|upkeep\n|turn|2\n|\n|t:|1699845454\n|switch|p2a: Scizor|Scizor, F|100\/100\n|switch|p1a: Pelipper|Pelipper, F|100\/100\n|-weather|RainDance|[from] ability: Drizzle|[of] p1a: Pelipper\n|\n|-weather|RainDance|[upkeep]\n|upkeep\n|turn|3\n|\n|t:|1699845465\n|switch|p2a: Tapu Koko|Tapu Koko|100\/100\n|move|p1a: Pelipper|U-turn|p2a: Tapu Koko\n|-resisted|p2a: Tapu Koko\n|-damage|p2a: Tapu Koko|96\/100\n|\n|t:|1699845467\n|switch|p1a: Ribombee|Ribombee, M|100\/100|[from] U-turn\n|\n|-weather|RainDance|[upkeep]\n|upkeep\n|turn|4\n|\n|t:|1699845473\n|move|p2a: Tapu Koko|Taunt|p1a: Ribombee\n|-start|p1a: Ribombee|move: Taunt\n|cant|p1a: Ribombee|move: Taunt|Sticky Web\n|\n|-weather|RainDance|[upkeep]\n|upkeep\n|turn|5\n|\n|t:|1699845479\n|switch|p1a: Landorus|Landorus-Therian, M|100\/100\n|-ability|p1a: Landorus|Intimidate|boost\n|-unboost|p2a: Tapu Koko|atk|1\n|move|p2a: Tapu Koko|Light Screen|p2a: Tapu Koko\n|-sidestart|p2: josh_bullet|move: Light Screen\n|\n|-weather|RainDance|[upkeep]\n|-fieldend|move: Electric Terrain\n|upkeep\n|turn|6\n|\n|t:|1699845489\n|move|p2a: Tapu Koko|Reflect|p2a: Tapu Koko\n|-sidestart|p2: josh_bullet|Reflect\n|move|p1a: Landorus|Weather Ball|p2a: Tapu Koko\n|-damage|p2a: Tapu Koko|55\/100\n|\n|-weather|RainDance|[upkeep]\n|upkeep\n|turn|7\n|\n|t:|1699845498\n|switch|p2a: Scizor|Scizor, F|100\/100\n|move|p1a: Landorus|Weather Ball|p2a: Scizor\n|-damage|p2a: Scizor|56\/100\n|\n|-weather|RainDance|[upkeep]\n|upkeep\n|turn|8\n|inactive|josh_bullet has 120 seconds left.\n|\n|t:|1699845533\n|switch|p2a: Aegislash|Aegislash, F|100\/100\n|move|p1a: Landorus|Weather Ball|p2a: Aegislash\n|-damage|p2a: Aegislash|73\/100\n|\n|-weather|RainDance|[upkeep]\n|upkeep\n|turn|9\n|inactive|josh_bullet has 120 seconds left.\n|\n|t:|1699845546\n|move|p1a: Landorus|Weather Ball|p2a: Aegislash\n|-damage|p2a: Aegislash|46\/100\n|-formechange|p2a: Aegislash|Aegislash-Blade||[from] ability: Stance Change\n|move|p2a: Aegislash|Iron Head|p1a: Landorus\n|-damage|p1a: Landorus|40\/100\n|\n|-weather|none\n|upkeep\n|turn|10\n|inactive|josh_bullet has 120 seconds left.\n|\n|t:|1699845572\n|switch|p1a: Pelipper|Pelipper, F|100\/100\n|-weather|RainDance|[from] ability: Drizzle|[of] p1a: Pelipper\n|switch|p2a: Tapu Koko|Tapu Koko|55\/100\n|-fieldstart|move: Electric Terrain|[from] ability: Electric Surge|[of] p2a: Tapu Koko\n|\n|-weather|RainDance|[upkeep]\n|upkeep\n|turn|11\n|inactive|josh_bullet has 90 seconds left.\n|\n|t:|1699845593\n|-terastallize|p1a: Pelipper|Ground\n|move|p2a: Tapu Koko|U-turn|p1a: Pelipper\n|-damage|p1a: Pelipper|87\/100\n|\n|t:|1699845597\n|switch|p2a: Landorus|Landorus-Therian, M|100\/100|[from] U-turn\n|-ability|p2a: Landorus|Intimidate|boost\n|-unboost|p1a: Pelipper|atk|1\n|move|p1a: Pelipper|U-turn|p2a: Landorus\n|-resisted|p2a: Landorus\n|-damage|p2a: Landorus|99\/100\n|\n|t:|1699845607\n|switch|p1a: Urshifu|Urshifu-Rapid-Strike, M|100\/100|[from] U-turn\n|\n|-weather|RainDance|[upkeep]\n|upkeep\n|turn|12\n|\n|t:|1699845623\n|-terastallize|p2a: Landorus|Water\n|move|p1a: Urshifu|Surging Strikes|p2a: Landorus\n|-resisted|p2a: Landorus\n|-crit|p2a: Landorus\n|-damage|p2a: Landorus|78\/100\n|-resisted|p2a: Landorus\n|-crit|p2a: Landorus\n|-damage|p2a: Landorus|59\/100\n|-resisted|p2a: Landorus\n|-crit|p2a: Landorus\n|-damage|p2a: Landorus|40\/100\n|-hitcount|p2a: Landorus|3\n|move|p2a: Landorus|Knock Off|p1a: Urshifu\n|-resisted|p1a: Urshifu\n|-damage|p1a: Urshifu|83\/100\n|-enditem|p1a: Urshifu|Punching Glove|[from] move: Knock Off|[of] p2a: Landorus\n|\n|-weather|RainDance|[upkeep]\n|-sideend|p2: josh_bullet|move: Light Screen\n|upkeep\n|turn|13\n|inactive|josh_bullet has 90 seconds left.\n|\n|t:|1699845645\n|switch|p2a: Glimmora|Glimmora, M|1\/100\n|move|p1a: Urshifu|Surging Strikes|p2a: Glimmora\n|-supereffective|p2a: Glimmora\n|-crit|p2a: Glimmora\n|-damage|p2a: Glimmora|0 fnt\n|-activate|p2a: Glimmora|ability: Toxic Debris\n|-sidestart|p1: zqtp|move: Toxic Spikes\n|faint|p2a: Glimmora\n|-hitcount|p2: Glimmora|1\n|\n|-weather|RainDance|[upkeep]\n|-sideend|p2: josh_bullet|Reflect\n|upkeep\n|inactive|josh_bullet has 90 seconds left.\n|\n|t:|1699845655\n|switch|p2a: Tapu Koko|Tapu Koko|55\/100\n|turn|14\n|c|\u2606zqtp|what do u thnk\n|c|\u2606josh_bullet|not bad\n|inactive|josh_bullet has 90 seconds left.\n|c|\u2606josh_bullet|I like it so far\n|c|\u2606zqtp|so do i\n|\n|t:|1699845677\n|move|p2a: Tapu Koko|Reflect|p2a: Tapu Koko\n|-sidestart|p2: josh_bullet|Reflect\n|move|p1a: Urshifu|Surging Strikes|p2a: Tapu Koko\n|-crit|p2a: Tapu Koko\n|-damage|p2a: Tapu Koko|22\/100\n|-crit|p2a: Tapu Koko\n|-damage|p2a: Tapu Koko|0 fnt\n|faint|p2a: Tapu Koko\n|-hitcount|p2: Tapu Koko|2\n|\n|-weather|RainDance|[upkeep]\n|-fieldend|move: Electric Terrain\n|upkeep\n|\n|t:|1699845687\n|switch|p2a: Scizor|Scizor, F|56\/100\n|turn|15\n|c|\u2606zqtp|what was that\n|c|\u2606zqtp|why was screens koko slow?\n|\n|t:|1699845701\n|move|p1a: Urshifu|Swords Dance|p1a: Urshifu\n|-boost|p1a: Urshifu|atk|2\n|move|p2a: Scizor|Focus Energy|p2a: Scizor\n|-start|p2a: Scizor|move: Focus Energy\n|\n|-weather|RainDance|[upkeep]\n|upkeep\n|turn|16\n|c|\u2606josh_bullet|was it?\n|inactive|josh_bullet has 90 seconds left.\n|c|\u2606zqtp|!learn koko, teleport\n|c| zqtp|\/raw <div class=\"infobox\">In [Gen 9] National Dex, Tapu Koko <span class=\"message-learn-cannotlearn\">can't<\/span> learn Teleport<\/div>\n|\n|t:|1699845729\n|move|p2a: Scizor|Bullet Punch|p1a: Urshifu\n|-resisted|p1a: Urshifu\n|-crit|p1a: Urshifu\n|-damage|p1a: Urshifu|56\/100\n|move|p1a: Urshifu|Surging Strikes|p2a: Scizor\n|-crit|p2a: Scizor\n|-damage|p2a: Scizor|0 fnt\n|faint|p2a: Scizor\n|-hitcount|p2: Scizor|1\n|\n|-weather|RainDance|[upkeep]\n|upkeep\n|inactive|josh_bullet has 60 seconds left.\n|\n|t:|1699845749\n|switch|p2a: Aegislash|Aegislash, F|46\/100\n|turn|17\n|c|\u2606zqtp|ye i think it was\n|c|\u2606zqtp|slow\n|c|\u2606josh_bullet|394\n|c|\u2606josh_bullet|speed\n|c|\u2606josh_bullet|max speed\n|inactive|zqtp has 120 seconds left.\n|inactive|zqtp has 90 seconds left.\n|c|\u2606zqtp|what move was it?\n|\n|t:|1699845816\n|move|p1a: Urshifu|Surging Strikes|p2a: Aegislash\n|-crit|p2a: Aegislash\n|-damage|p2a: Aegislash|3\/100\n|-crit|p2a: Aegislash\n|-damage|p2a: Aegislash|0 fnt\n|faint|p2a: Aegislash\n|-hitcount|p2: Aegislash|2\n|\n|-weather|none\n|upkeep\n|inactive|josh_bullet has 60 seconds left.\n|\n|t:|1699845830\n|switch|p2a: Heatran|Heatran, M|100\/100\n|turn|18\n|c|\u2606zqtp|oh wait\n|c|\u2606zqtp|im so dumb\n|inactive|josh_bullet has 60 seconds left.\n|\n|t:|1699845844\n|move|p2a: Heatran|Eruption|p1a: Urshifu\n|-resisted|p1a: Urshifu\n|-damage|p1a: Urshifu|0 fnt\n|faint|p1a: Urshifu\n|\n|upkeep\n|c|\u2606zqtp|koko went before i did\n|\n|t:|1699845850\n|switch|p1a: Pelipper|Pelipper, F, tera:Ground|87\/100\n|-status|p1a: Pelipper|psn\n|-weather|RainDance|[from] ability: Drizzle|[of] p1a: Pelipper\n|turn|19\n|\n|t:|1699845855\n|move|p2a: Heatran|Eruption|p1a: Pelipper\n|-damage|p1a: Pelipper|29\/100 psn\n|move|p1a: Pelipper|U-turn|p2a: Heatran\n|-resisted|p2a: Heatran\n|-damage|p2a: Heatran|99\/100\n|c|\u2606josh_bullet|correct\n|\n|t:|1699845867\n|switch|p1a: Barraskewda|Barraskewda, F|100\/100|[from] U-turn\n|-status|p1a: Barraskewda|psn\n|\n|-weather|RainDance|[upkeep]\n|-damage|p1a: Barraskewda|88\/100 psn|[from] psn\n|upkeep\n|turn|20\n|c|\u2606zqtp|its late\n|inactive|zqtp has 90 seconds left.\n|\n|t:|1699845885\n|move|p1a: Barraskewda|Flip Turn|p2a: Heatran\n|-supereffective|p2a: Heatran\n|-damage|p2a: Heatran|27\/100\n|\n|t:|1699845889\n|switch|p1a: Pelipper|Pelipper, F, tera:Ground|29\/100 psn|[from] Flip Turn\n|move|p2a: Heatran|Eruption|p1a: Pelipper\n|-damage|p1a: Pelipper|13\/100 psn\n|\n|-weather|RainDance|[upkeep]\n|-damage|p1a: Pelipper|0 fnt|[from] psn\n|faint|p1a: Pelipper\n|upkeep\n|\n|t:|1699845896\n|switch|p1a: Barraskewda|Barraskewda, F|88\/100 psn\n|turn|21\n|\n|t:|1699845901\n|move|p1a: Barraskewda|Flip Turn|p2a: Heatran\n|-supereffective|p2a: Heatran\n|-damage|p2a: Heatran|0 fnt\n|faint|p2a: Heatran\n|\n|t:|1699845906\n|switch|p1a: Zapdos|Zapdos|100\/100|[from] Flip Turn\n|\n|-weather|RainDance|[upkeep]\n|-sideend|p2: josh_bullet|Reflect\n|upkeep\n|\n|t:|1699845910\n|switch|p2a: Landorus|Landorus-Therian, M, tera:Water|40\/100\n|-ability|p2a: Landorus|Intimidate|boost\n|-unboost|p1a: Zapdos|atk|1\n|turn|22\n|c|\u2606zqtp|gg\n|\n|t:|1699845916\n|move|p2a: Landorus|Knock Off|p1a: Zapdos\n|-damage|p1a: Zapdos|60\/100\n|-enditem|p1a: Zapdos|Heavy-Duty Boots|[from] move: Knock Off|[of] p2a: Landorus\n|move|p1a: Zapdos|Thunder|p2a: Landorus\n|-supereffective|p2a: Landorus\n|-crit|p2a: Landorus\n|-damage|p2a: Landorus|0 fnt\n|faint|p2a: Landorus\n|\n|win|zqtp\n|raw|zqtp's rating: 1422 &rarr; <strong>1450<\/strong><br \/>(+28 for winning)\n|raw|josh_bullet's rating: 1572 &rarr; <strong>1544<\/strong><br \/>(-28 for losing)\n|c|\u2606josh_bullet|gg\n|l|\u2606josh_bullet\n","uploadtime":1699845929,"views":4,"p1id":"zqtp","p2id":"joshbullet","formatid":"gen9nationaldex","rating":1450,"private":0,"password":""}