{"id":"gen9nationaldex-1997419399","p1":"F Boogie","p2":"Hylett","format":"[Gen 9] National Dex","log":"|html|<div class=\"broadcast-blue\"><strong>[Gen 9] National Dex is currently suspecting Sneasler! For information on how to participate check out the <a href=\"https:\/\/www.smogon.com\/forums\/threads\/sv-national-dex-suspect-8-just-dance.3731534\/\">suspect thread<\/a>.<\/strong><\/div>\n|j|\u2606F Boogie\n|j|\u2606Hylett\n|t:|1700802164\n|gametype|singles\n|player|p1|F Boogie|veteran-gen4|1142\n|player|p2|Hylett|skyla|1203\n|teamsize|p1|6\n|teamsize|p2|6\n|gen|9\n|tier|[Gen 9] National Dex\n|rated|\n|rule|HP Percentage Mod: HP is shown in percentages\n|rule|Endless Battle Clause: Forcing endless battles is banned\n|rule|OHKO Clause: OHKO moves are banned\n|rule|Evasion Clause: Evasion abilities, items, and moves are banned\n|rule|Evasion Abilities Clause: Evasion abilities are banned\n|rule|Evasion Items Clause: Evasion items are banned\n|rule|Evasion Moves Clause: Evasion moves are banned\n|rule|Species Clause: Limit one of each Pok\u00e9mon\n|rule|Sleep Clause Mod: Limit one foe put to sleep\n|clearpoke\n|poke|p1|Beedrill, M|\n|poke|p1|Electrode-Hisui|\n|poke|p1|Hitmonlee, M|\n|poke|p1|Dachsbun, M|\n|poke|p1|Sliggoo-Hisui, M|\n|poke|p1|Cramorant, F|\n|poke|p2|Buzzwole|\n|poke|p2|Tapu Fini|\n|poke|p2|Aegislash, F|\n|poke|p2|Hippowdon, F|\n|poke|p2|Gardevoir, F|\n|poke|p2|Lilligant-Hisui, F|\n|teampreview\n|c|\u2606F Boogie|gl hf\n|inactive|Battle timer is ON: inactive players will automatically lose when time's up. (requested by Hylett)\n|c|\u2606Hylett|glhf\n|\n|t:|1700802184\n|start\n|switch|p1a: ACK|Cramorant, F, shiny|100\/100\n|switch|p2a: Hippowdon|Hippowdon, F|100\/100\n|-weather|Sandstorm|[from] ability: Sand Stream|[of] p2a: Hippowdon\n|turn|1\n|\n|t:|1700802192\n|switch|p2a: Tapu Fini|Tapu Fini, shiny|100\/100\n|-fieldstart|move: Misty Terrain|[from] ability: Misty Surge|[of] p2a: Tapu Fini\n|move|p1a: ACK|Surf|p2a: Tapu Fini\n|-formechange|p1a: ACK|Cramorant-Gulping|\n|-resisted|p2a: Tapu Fini\n|-damage|p2a: Tapu Fini|90\/100\n|\n|-weather|Sandstorm|[upkeep]\n|-damage|p2a: Tapu Fini|84\/100|[from] Sandstorm\n|-damage|p1a: ACK|94\/100|[from] Sandstorm\n|upkeep\n|turn|2\n|\n|t:|1700802203\n|move|p2a: Tapu Fini|Trick|p1a: ACK\n|-activate|p2a: Tapu Fini|move: Trick|[of] p1a: ACK\n|-item|p1a: ACK|Choice Scarf|[from] move: Trick\n|-item|p2a: Tapu Fini|Heavy-Duty Boots|[from] move: Trick\n|move|p1a: ACK|Brave Bird|p2a: Tapu Fini\n|-damage|p2a: Tapu Fini|55\/100\n|-damage|p1a: ACK|83\/100|[from] Recoil\n|\n|-weather|Sandstorm|[upkeep]\n|-damage|p1a: ACK|77\/100|[from] Sandstorm\n|-damage|p2a: Tapu Fini|49\/100|[from] Sandstorm\n|upkeep\n|turn|3\n|\n|t:|1700802217\n|switch|p2a: Hippowdon|Hippowdon, F|100\/100\n|move|p1a: ACK|Brave Bird|p2a: Hippowdon\n|-damage|p2a: Hippowdon|80\/100\n|-damage|p1a: ACK|67\/100|[from] Recoil\n|\n|-weather|Sandstorm|[upkeep]\n|-damage|p1a: ACK|61\/100|[from] Sandstorm\n|upkeep\n|turn|4\n|\n|t:|1700802220\n|move|p1a: ACK|Brave Bird|p2a: Hippowdon\n|-damage|p2a: Hippowdon|62\/100\n|-damage|p1a: ACK|51\/100|[from] Recoil\n|move|p2a: Hippowdon|Stealth Rock|p1a: ACK\n|-sidestart|p1: F Boogie|move: Stealth Rock\n|\n|-weather|Sandstorm|[upkeep]\n|-damage|p1a: ACK|45\/100|[from] Sandstorm\n|upkeep\n|turn|5\n|\n|t:|1700802226\n|move|p1a: ACK|Brave Bird|p2a: Hippowdon\n|-damage|p2a: Hippowdon|44\/100\n|-damage|p1a: ACK|37\/100|[from] Recoil\n|move|p2a: Hippowdon|Slack Off|p2a: Hippowdon\n|-heal|p2a: Hippowdon|94\/100\n|\n|-weather|none\n|-fieldend|Misty Terrain\n|upkeep\n|turn|6\n|\n|t:|1700802236\n|switch|p1a: Jim|Beedrill, M|100\/100\n|move|p2a: Hippowdon|Slack Off|p2a: Hippowdon\n|-heal|p2a: Hippowdon|100\/100\n|\n|upkeep\n|turn|7\n|\n|t:|1700802240\n|move|p1a: Jim|Toxic Spikes|p2a: Hippowdon\n|-sidestart|p2: Hylett|move: Toxic Spikes\n|move|p2a: Hippowdon|Earthquake|p1a: Jim\n|-damage|p1a: Jim|0 fnt\n|faint|p1a: Jim\n|\n|upkeep\n|\n|t:|1700802246\n|switch|p1a: Chun|Hitmonlee, M|100\/100\n|-damage|p1a: Chun|94\/100|[from] Stealth Rock\n|turn|8\n|\n|t:|1700802253\n|move|p1a: Chun|Curse|p1a: Chun\n|-unboost|p1a: Chun|spe|1\n|-boost|p1a: Chun|atk|1\n|-boost|p1a: Chun|def|1\n|-enditem|p1a: Chun|White Herb\n|-clearnegativeboost|p1a: Chun|[silent]\n|move|p2a: Hippowdon|Whirlwind|p1a: Chun\n|drag|p1a: TuSiRo|Sliggoo-Hisui, M, shiny|100\/100\n|-damage|p1a: TuSiRo|95\/100|[from] Stealth Rock\n|\n|upkeep\n|turn|9\n|\n|t:|1700802259\n|move|p2a: Hippowdon|Earthquake|p1a: TuSiRo\n|-supereffective|p1a: TuSiRo\n|-damage|p1a: TuSiRo|34\/100\n|move|p1a: TuSiRo|Toxic|p2a: Hippowdon\n|-status|p2a: Hippowdon|tox\n|\n|-damage|p2a: Hippowdon|94\/100 tox|[from] psn\n|upkeep\n|turn|10\n|\n|t:|1700802265\n|switch|p1a: Peeta|Dachsbun, M, shiny|100\/100\n|-damage|p1a: Peeta|88\/100|[from] Stealth Rock\n|move|p2a: Hippowdon|Earthquake|p1a: Peeta\n|-damage|p1a: Peeta|39\/100\n|\n|-heal|p1a: Peeta|45\/100|[from] item: Leftovers\n|-damage|p2a: Hippowdon|82\/100 tox|[from] psn\n|upkeep\n|turn|11\n|\n|t:|1700802275\n|move|p1a: Peeta|Wish|p1a: Peeta\n|move|p2a: Hippowdon|Whirlwind|p1a: Peeta\n|drag|p1a: BlackBalled|Electrode-Hisui, shiny|100\/100\n|-damage|p1a: BlackBalled|88\/100|[from] Stealth Rock\n|\n|-heal|p1a: BlackBalled|94\/100|[from] item: Leftovers\n|-damage|p2a: Hippowdon|63\/100 tox|[from] psn\n|upkeep\n|turn|12\n|\n|t:|1700802283\n|move|p1a: BlackBalled|Leech Seed|p2a: Hippowdon\n|-start|p2a: Hippowdon|move: Leech Seed\n|move|p2a: Hippowdon|Earthquake|p1a: BlackBalled\n|-damage|p1a: BlackBalled|42\/100\n|\n|-heal|p1a: BlackBalled|81\/100|[from] move: Wish|[wisher] Peeta\n|-heal|p1a: BlackBalled|87\/100|[from] item: Leftovers\n|-damage|p2a: Hippowdon|51\/100 tox|[from] Leech Seed|[of] p1a: BlackBalled\n|-heal|p1a: BlackBalled|100\/100|[silent]\n|-damage|p2a: Hippowdon|26\/100 tox|[from] psn\n|upkeep\n|turn|13\n|\n|t:|1700802295\n|move|p1a: BlackBalled|Protect|p1a: BlackBalled\n|-singleturn|p1a: BlackBalled|Protect\n|move|p2a: Hippowdon|Slack Off|p2a: Hippowdon\n|-heal|p2a: Hippowdon|76\/100 tox\n|\n|-damage|p2a: Hippowdon|64\/100 tox|[from] Leech Seed|[of] p1a: BlackBalled\n|-damage|p2a: Hippowdon|33\/100 tox|[from] psn\n|upkeep\n|turn|14\n|\n|t:|1700802308\n|move|p1a: BlackBalled|Substitute|p1a: BlackBalled\n|-start|p1a: BlackBalled|Substitute\n|-damage|p1a: BlackBalled|76\/100\n|move|p2a: Hippowdon|Whirlwind|p1a: BlackBalled\n|drag|p1a: ACK|Cramorant, F, shiny|37\/100\n|-damage|p1a: ACK|12\/100|[from] Stealth Rock\n|\n|-damage|p2a: Hippowdon|20\/100 tox|[from] Leech Seed|[of] p1a: ACK\n|-heal|p1a: ACK|30\/100|[silent]\n|-damage|p2a: Hippowdon|0 fnt|[from] psn\n|faint|p2a: Hippowdon\n|upkeep\n|\n|t:|1700802337\n|switch|p2a: Tapu Fini|Tapu Fini, shiny|49\/100\n|-fieldstart|move: Misty Terrain|[from] ability: Misty Surge|[of] p2a: Tapu Fini\n|turn|15\n|\n|t:|1700802345\n|move|p1a: ACK|Defog|p2a: Tapu Fini\n|-unboost|p2a: Tapu Fini|evasion|1\n|-sideend|p2: Hylett|Toxic Spikes|[from] move: Defog|[of] p1a: ACK\n|-sideend|p1: F Boogie|Stealth Rock|[from] move: Defog|[of] p1a: ACK\n|-fieldend|Misty Terrain\n|move|p2a: Tapu Fini|Defog|p1a: ACK\n|-unboost|p1a: ACK|evasion|1\n|\n|upkeep\n|turn|16\n|c|\u2606F Boogie|lmaooo\n|\n|t:|1700802358\n|switch|p1a: TuSiRo|Sliggoo-Hisui, M, shiny|34\/100\n|move|p2a: Tapu Fini|Moonblast|p1a: TuSiRo\n|-damage|p1a: TuSiRo|18\/100\n|\n|upkeep\n|turn|17\n|\n|t:|1700802364\n|move|p2a: Tapu Fini|Moonblast|p1a: TuSiRo\n|-damage|p1a: TuSiRo|3\/100\n|move|p1a: TuSiRo|Life Dew|p1a: TuSiRo\n|-heal|p1a: TuSiRo|28\/100\n|\n|upkeep\n|turn|18\n|\n|t:|1700802394\n|switch|p2a: Aegislash|Aegislash, F|100\/100\n|move|p1a: TuSiRo|Life Dew|p1a: TuSiRo\n|-heal|p1a: TuSiRo|53\/100\n|\n|upkeep\n|turn|19\n|\n|t:|1700802403\n|switch|p1a: Peeta|Dachsbun, M, shiny|45\/100\n|-formechange|p2a: Aegislash|Aegislash-Blade||[from] ability: Stance Change\n|move|p2a: Aegislash|Close Combat|p1a: Peeta\n|-resisted|p1a: Peeta\n|-damage|p1a: Peeta|24\/100\n|-unboost|p2a: Aegislash|def|1\n|-unboost|p2a: Aegislash|spd|1\n|\n|-heal|p1a: Peeta|30\/100|[from] item: Leftovers\n|upkeep\n|turn|20\n|inactive|Hylett has 120 seconds left.\n|\n|t:|1700802435\n|move|p1a: Peeta|Wish|p1a: Peeta\n|move|p2a: Aegislash|Flash Cannon|p1a: Peeta\n|-supereffective|p1a: Peeta\n|-damage|p1a: Peeta|0 fnt\n|faint|p1a: Peeta\n|\n|upkeep\n|\n|t:|1700802442\n|switch|p1a: BlackBalled|Electrode-Hisui, shiny|76\/100\n|turn|21\n|inactive|Hylett has 120 seconds left.\n|\n|t:|1700802462\n|move|p1a: BlackBalled|Substitute|p1a: BlackBalled\n|-start|p1a: BlackBalled|Substitute\n|-damage|p1a: BlackBalled|51\/100\n|move|p2a: Aegislash|Close Combat|p1a: BlackBalled\n|-end|p1a: BlackBalled|Substitute\n|-unboost|p2a: Aegislash|def|1\n|-unboost|p2a: Aegislash|spd|1\n|\n|-heal|p1a: BlackBalled|90\/100|[from] move: Wish|[wisher] Peeta\n|-heal|p1a: BlackBalled|96\/100|[from] item: Leftovers\n|upkeep\n|turn|22\n|\n|t:|1700802471\n|switch|p2a: Tapu Fini|Tapu Fini, shiny|49\/100\n|-fieldstart|move: Misty Terrain|[from] ability: Misty Surge|[of] p2a: Tapu Fini\n|move|p1a: BlackBalled|Substitute|p1a: BlackBalled\n|-start|p1a: BlackBalled|Substitute\n|-damage|p1a: BlackBalled|72\/100\n|\n|-heal|p1a: BlackBalled|78\/100|[from] item: Leftovers\n|upkeep\n|turn|23\n|\n|t:|1700802475\n|move|p1a: BlackBalled|Discharge|p2a: Tapu Fini\n|-supereffective|p2a: Tapu Fini\n|-damage|p2a: Tapu Fini|10\/100\n|move|p2a: Tapu Fini|Moonblast|p1a: BlackBalled\n|-end|p1a: BlackBalled|Substitute\n|\n|-heal|p1a: BlackBalled|84\/100|[from] item: Leftovers\n|upkeep\n|turn|24\n|\n|t:|1700802488\n|move|p1a: BlackBalled|Protect|p1a: BlackBalled\n|-singleturn|p1a: BlackBalled|Protect\n|move|p2a: Tapu Fini|Moonblast|p1a: BlackBalled\n|-activate|p1a: BlackBalled|move: Protect\n|\n|-heal|p1a: BlackBalled|90\/100|[from] item: Leftovers\n|upkeep\n|turn|25\n|\n|t:|1700802492\n|move|p1a: BlackBalled|Substitute|p1a: BlackBalled\n|-start|p1a: BlackBalled|Substitute\n|-damage|p1a: BlackBalled|66\/100\n|move|p2a: Tapu Fini|Moonblast|p1a: BlackBalled\n|-end|p1a: BlackBalled|Substitute\n|\n|-heal|p1a: BlackBalled|72\/100|[from] item: Leftovers\n|upkeep\n|turn|26\n|\n|t:|1700802495\n|move|p1a: BlackBalled|Protect|p1a: BlackBalled\n|-singleturn|p1a: BlackBalled|Protect\n|move|p2a: Tapu Fini|Moonblast|p1a: BlackBalled\n|-activate|p1a: BlackBalled|move: Protect\n|\n|-heal|p1a: BlackBalled|78\/100|[from] item: Leftovers\n|-fieldend|Misty Terrain\n|upkeep\n|turn|27\n|\n|t:|1700802498\n|move|p1a: BlackBalled|Discharge|p2a: Tapu Fini\n|-supereffective|p2a: Tapu Fini\n|-damage|p2a: Tapu Fini|0 fnt\n|faint|p2a: Tapu Fini\n|\n|-heal|p1a: BlackBalled|84\/100|[from] item: Leftovers\n|upkeep\n|\n|t:|1700802519\n|switch|p2a: Gardevoir|Gardevoir, F, shiny|100\/100\n|-ability|p2a: Gardevoir|Soundproof|[from] ability: Trace|[of] p1a: BlackBalled\n|turn|28\n|\n|t:|1700802528\n|detailschange|p2a: Gardevoir|Gardevoir-Mega, F, shiny\n|-mega|p2a: Gardevoir|Gardevoir|Gardevoirite\n|move|p1a: BlackBalled|Protect|p1a: BlackBalled\n|-singleturn|p1a: BlackBalled|Protect\n|move|p2a: Gardevoir|Calm Mind|p2a: Gardevoir\n|-boost|p2a: Gardevoir|spa|1\n|-boost|p2a: Gardevoir|spd|1\n|\n|-heal|p1a: BlackBalled|90\/100|[from] item: Leftovers\n|upkeep\n|turn|29\n|\n|t:|1700802535\n|move|p1a: BlackBalled|Leech Seed|p2a: Gardevoir|[miss]\n|-miss|p1a: BlackBalled|p2a: Gardevoir\n|move|p2a: Gardevoir|Hyper Voice|p1a: BlackBalled\n|-immune|p1a: BlackBalled|[from] ability: Soundproof\n|\n|-heal|p1a: BlackBalled|96\/100|[from] item: Leftovers\n|upkeep\n|turn|30\n|\n|t:|1700802542\n|move|p1a: BlackBalled|Leech Seed|p2a: Gardevoir\n|-start|p2a: Gardevoir|move: Leech Seed\n|move|p2a: Gardevoir|Calm Mind|p2a: Gardevoir\n|-boost|p2a: Gardevoir|spa|1\n|-boost|p2a: Gardevoir|spd|1\n|\n|-heal|p1a: BlackBalled|100\/100|[from] item: Leftovers\n|-damage|p2a: Gardevoir|88\/100|[from] Leech Seed|[of] p1a: BlackBalled\n|upkeep\n|turn|31\n|\n|t:|1700802546\n|move|p1a: BlackBalled|Substitute|p1a: BlackBalled\n|-start|p1a: BlackBalled|Substitute\n|-damage|p1a: BlackBalled|76\/100\n|move|p2a: Gardevoir|Mystical Fire|p1a: BlackBalled\n|-supereffective|p1a: BlackBalled\n|-end|p1a: BlackBalled|Substitute\n|\n|-heal|p1a: BlackBalled|82\/100|[from] item: Leftovers\n|-damage|p2a: Gardevoir|76\/100|[from] Leech Seed|[of] p1a: BlackBalled\n|-heal|p1a: BlackBalled|92\/100|[silent]\n|upkeep\n|turn|32\n|\n|t:|1700802548\n|move|p1a: BlackBalled|Substitute|p1a: BlackBalled\n|-start|p1a: BlackBalled|Substitute\n|-damage|p1a: BlackBalled|68\/100\n|move|p2a: Gardevoir|Mystical Fire|p1a: BlackBalled\n|-supereffective|p1a: BlackBalled\n|-end|p1a: BlackBalled|Substitute\n|\n|-heal|p1a: BlackBalled|74\/100|[from] item: Leftovers\n|-damage|p2a: Gardevoir|64\/100|[from] Leech Seed|[of] p1a: BlackBalled\n|-heal|p1a: BlackBalled|84\/100|[silent]\n|upkeep\n|turn|33\n|\n|t:|1700802552\n|move|p1a: BlackBalled|Protect|p1a: BlackBalled\n|-singleturn|p1a: BlackBalled|Protect\n|move|p2a: Gardevoir|Mystical Fire|p1a: BlackBalled\n|-activate|p1a: BlackBalled|move: Protect\n|\n|-heal|p1a: BlackBalled|91\/100|[from] item: Leftovers\n|-damage|p2a: Gardevoir|51\/100|[from] Leech Seed|[of] p1a: BlackBalled\n|-heal|p1a: BlackBalled|100\/100|[silent]\n|upkeep\n|turn|34\n|\n|t:|1700802558\n|switch|p2a: Lilligant|Lilligant-Hisui, F|100\/100\n|move|p1a: BlackBalled|Substitute|p1a: BlackBalled\n|-start|p1a: BlackBalled|Substitute\n|-damage|p1a: BlackBalled|76\/100\n|\n|-heal|p1a: BlackBalled|82\/100|[from] item: Leftovers\n|upkeep\n|turn|35\n|\n|t:|1700802561\n|move|p1a: BlackBalled|Discharge|p2a: Lilligant\n|-resisted|p2a: Lilligant\n|-damage|p2a: Lilligant|83\/100\n|-status|p2a: Lilligant|par\n|move|p2a: Lilligant|Victory Dance|p2a: Lilligant\n|-boost|p2a: Lilligant|atk|1\n|-boost|p2a: Lilligant|def|1\n|-boost|p2a: Lilligant|spe|1\n|\n|-heal|p1a: BlackBalled|88\/100|[from] item: Leftovers\n|upkeep\n|turn|36\n|\n|t:|1700802565\n|move|p1a: BlackBalled|Discharge|p2a: Lilligant\n|-resisted|p2a: Lilligant\n|-damage|p2a: Lilligant|65\/100 par\n|cant|p2a: Lilligant|par\n|\n|-heal|p1a: BlackBalled|94\/100|[from] item: Leftovers\n|upkeep\n|turn|37\n|\n|t:|1700802569\n|move|p1a: BlackBalled|Discharge|p2a: Lilligant\n|-resisted|p2a: Lilligant\n|-damage|p2a: Lilligant|45\/100 par\n|move|p2a: Lilligant|Leaf Blade|p1a: BlackBalled\n|-resisted|p1a: BlackBalled\n|-end|p1a: BlackBalled|Substitute\n|\n|-heal|p1a: BlackBalled|100\/100|[from] item: Leftovers\n|upkeep\n|turn|38\n|\n|t:|1700802572\n|move|p1a: BlackBalled|Substitute|p1a: BlackBalled\n|-start|p1a: BlackBalled|Substitute\n|-damage|p1a: BlackBalled|76\/100\n|move|p2a: Lilligant|Close Combat|p1a: BlackBalled\n|-end|p1a: BlackBalled|Substitute\n|-unboost|p2a: Lilligant|def|1\n|-unboost|p2a: Lilligant|spd|1\n|\n|-heal|p1a: BlackBalled|82\/100|[from] item: Leftovers\n|upkeep\n|turn|39\n|\n|t:|1700802576\n|move|p1a: BlackBalled|Substitute|p1a: BlackBalled\n|-start|p1a: BlackBalled|Substitute\n|-damage|p1a: BlackBalled|57\/100\n|cant|p2a: Lilligant|par\n|\n|-heal|p1a: BlackBalled|63\/100|[from] item: Leftovers\n|upkeep\n|turn|40\n|c|\u2606Hylett|bro\n|\n|t:|1700802582\n|move|p1a: BlackBalled|Discharge|p2a: Lilligant\n|-resisted|p2a: Lilligant\n|-damage|p2a: Lilligant|15\/100 par\n|cant|p2a: Lilligant|par\n|\n|-heal|p1a: BlackBalled|70\/100|[from] item: Leftovers\n|upkeep\n|turn|41\n|\n|t:|1700802586\n|move|p1a: BlackBalled|Discharge|p2a: Lilligant\n|-resisted|p2a: Lilligant\n|-damage|p2a: Lilligant|0 fnt\n|faint|p2a: Lilligant\n|\n|-heal|p1a: BlackBalled|76\/100|[from] item: Leftovers\n|upkeep\n|inactive|Hylett has 120 seconds left.\n|\n|t:|1700802617\n|switch|p2a: Aegislash|Aegislash, F|100\/100\n|turn|42\n|\n|t:|1700802621\n|move|p1a: BlackBalled|Leech Seed|p2a: Aegislash\n|-start|p2a: Aegislash|move: Leech Seed\n|-formechange|p2a: Aegislash|Aegislash-Blade||[from] ability: Stance Change\n|move|p2a: Aegislash|Flash Cannon|p1a: BlackBalled\n|-resisted|p1a: BlackBalled\n|-crit|p1a: BlackBalled\n|-end|p1a: BlackBalled|Substitute\n|\n|-heal|p1a: BlackBalled|82\/100|[from] item: Leftovers\n|-damage|p2a: Aegislash|88\/100|[from] Leech Seed|[of] p1a: BlackBalled\n|-heal|p1a: BlackBalled|94\/100|[silent]\n|upkeep\n|turn|43\n|\n|t:|1700802633\n|switch|p2a: Gardevoir|Gardevoir-Mega, F, shiny|51\/100\n|move|p1a: BlackBalled|Substitute|p1a: BlackBalled\n|-start|p1a: BlackBalled|Substitute\n|-damage|p1a: BlackBalled|69\/100\n|\n|-heal|p1a: BlackBalled|75\/100|[from] item: Leftovers\n|upkeep\n|turn|44\n|\n|t:|1700802637\n|move|p1a: BlackBalled|Discharge|p2a: Gardevoir\n|-damage|p2a: Gardevoir|26\/100\n|-status|p2a: Gardevoir|par\n|move|p2a: Gardevoir|Mystical Fire|p1a: BlackBalled\n|-supereffective|p1a: BlackBalled\n|-end|p1a: BlackBalled|Substitute\n|\n|-heal|p1a: BlackBalled|82\/100|[from] item: Leftovers\n|upkeep\n|turn|45\n|\n|t:|1700802645\n|switch|p2a: Aegislash|Aegislash, F|88\/100\n|move|p1a: BlackBalled|Substitute|p1a: BlackBalled\n|-start|p1a: BlackBalled|Substitute\n|-damage|p1a: BlackBalled|57\/100\n|\n|-heal|p1a: BlackBalled|63\/100|[from] item: Leftovers\n|-heal|p2a: Aegislash|94\/100|[from] item: Leftovers\n|upkeep\n|turn|46\n|\n|t:|1700802648\n|move|p2a: Aegislash|King's Shield|p2a: Aegislash\n|-singleturn|p2a: Aegislash|Protect\n|move|p1a: BlackBalled|Leech Seed|p2a: Aegislash\n|-start|p2a: Aegislash|move: Leech Seed\n|\n|-heal|p1a: BlackBalled|69\/100|[from] item: Leftovers\n|-heal|p2a: Aegislash|99\/100|[from] item: Leftovers\n|-damage|p2a: Aegislash|88\/100|[from] Leech Seed|[of] p1a: BlackBalled\n|-heal|p1a: BlackBalled|81\/100|[silent]\n|upkeep\n|turn|47\n|\n|t:|1700802655\n|move|p1a: BlackBalled|Protect|p1a: BlackBalled\n|-singleturn|p1a: BlackBalled|Protect\n|-formechange|p2a: Aegislash|Aegislash-Blade||[from] ability: Stance Change\n|move|p2a: Aegislash|Close Combat|p1a: BlackBalled\n|-activate|p1a: BlackBalled|move: Protect\n|\n|-heal|p1a: BlackBalled|87\/100|[from] item: Leftovers\n|-heal|p2a: Aegislash|94\/100|[from] item: Leftovers\n|-damage|p2a: Aegislash|82\/100|[from] Leech Seed|[of] p1a: BlackBalled\n|-heal|p1a: BlackBalled|99\/100|[silent]\n|upkeep\n|turn|48\n|c|\u2606Hylett|tf\n|\n|t:|1700802663\n|move|p1a: BlackBalled|Discharge|p2a: Aegislash\n|-damage|p2a: Aegislash|37\/100\n|-status|p2a: Aegislash|par\n|move|p2a: Aegislash|Close Combat|p1a: BlackBalled\n|-end|p1a: BlackBalled|Substitute\n|-unboost|p2a: Aegislash|def|1\n|-unboost|p2a: Aegislash|spd|1\n|\n|-heal|p1a: BlackBalled|100\/100|[from] item: Leftovers\n|-heal|p2a: Aegislash|43\/100 par|[from] item: Leftovers\n|-damage|p2a: Aegislash|31\/100 par|[from] Leech Seed|[of] p1a: BlackBalled\n|upkeep\n|turn|49\n|\n|t:|1700802668\n|move|p1a: BlackBalled|Discharge|p2a: Aegislash\n|-damage|p2a: Aegislash|0 fnt\n|faint|p2a: Aegislash\n|\n|upkeep\n|\n|t:|1700802670\n|switch|p2a: Buzzwole|Buzzwole|100\/100\n|turn|50\n|\n|t:|1700802673\n|move|p1a: BlackBalled|Substitute|p1a: BlackBalled\n|-start|p1a: BlackBalled|Substitute\n|-damage|p1a: BlackBalled|76\/100\n|move|p2a: Buzzwole|Poison Jab|p1a: BlackBalled\n|-supereffective|p1a: BlackBalled\n|-end|p1a: BlackBalled|Substitute\n|\n|-heal|p1a: BlackBalled|82\/100|[from] item: Leftovers\n|upkeep\n|turn|51\n|\n|t:|1700802676\n|switch|p1a: TuSiRo|Sliggoo-Hisui, M, shiny|53\/100\n|move|p2a: Buzzwole|Poison Jab|p1a: TuSiRo\n|-immune|p1a: TuSiRo\n|\n|upkeep\n|turn|52\n|\n|t:|1700802680\n|move|p2a: Buzzwole|Bulk Up|p2a: Buzzwole\n|-boost|p2a: Buzzwole|atk|1\n|-boost|p2a: Buzzwole|def|1\n|move|p1a: TuSiRo|Curse|p1a: TuSiRo\n|-unboost|p1a: TuSiRo|spe|1\n|-boost|p1a: TuSiRo|atk|1\n|-boost|p1a: TuSiRo|def|1\n|\n|upkeep\n|turn|53\n|\n|t:|1700802684\n|move|p2a: Buzzwole|Close Combat|p1a: TuSiRo\n|-supereffective|p1a: TuSiRo\n|-damage|p1a: TuSiRo|0 fnt\n|-unboost|p2a: Buzzwole|def|1\n|-unboost|p2a: Buzzwole|spd|1\n|faint|p1a: TuSiRo\n|-ability|p2a: Buzzwole|Beast Boost|boost\n|-boost|p2a: Buzzwole|def|1\n|\n|upkeep\n|\n|t:|1700802690\n|switch|p1a: Chun|Hitmonlee, M|94\/100\n|turn|54\n|\n|t:|1700802695\n|move|p1a: Chun|Knock Off|p2a: Buzzwole\n|-resisted|p2a: Buzzwole\n|-damage|p2a: Buzzwole|95\/100\n|-enditem|p2a: Buzzwole|Heavy-Duty Boots|[from] move: Knock Off|[of] p1a: Chun\n|move|p2a: Buzzwole|Close Combat|p1a: Chun\n|-damage|p1a: Chun|0 fnt\n|-unboost|p2a: Buzzwole|def|1\n|-unboost|p2a: Buzzwole|spd|1\n|faint|p1a: Chun\n|-ability|p2a: Buzzwole|Beast Boost|boost\n|-boost|p2a: Buzzwole|def|1\n|\n|upkeep\n|\n|t:|1700802705\n|switch|p1a: ACK|Cramorant, F, shiny|30\/100\n|turn|55\n|\n|t:|1700802732\n|-terastallize|p2a: Buzzwole|Poison\n|move|p1a: ACK|Surf|p2a: Buzzwole\n|-formechange|p1a: ACK|Cramorant-Gorging|\n|-damage|p2a: Buzzwole|34\/100\n|move|p2a: Buzzwole|Bulk Up|p2a: Buzzwole\n|-boost|p2a: Buzzwole|atk|1\n|-boost|p2a: Buzzwole|def|1\n|\n|upkeep\n|turn|56\n|c|\u2606F Boogie|gg\n|c|\u2606Hylett|FCK YOU\n|\n|t:|1700802761\n|move|p1a: ACK|Surf|p2a: Buzzwole\n|-damage|p2a: Buzzwole|0 fnt\n|faint|p2a: Buzzwole\n|\n|upkeep\n|c|\u2606F Boogie|lmao\n|\n|t:|1700802763\n|switch|p2a: Gardevoir|Gardevoir-Mega, F, shiny|26\/100 par\n|turn|57\n|\n|t:|1700802766\n|move|p1a: ACK|Surf|p2a: Gardevoir\n|-damage|p2a: Gardevoir|2\/100 par\n|cant|p2a: Gardevoir|par\n|\n|upkeep\n|turn|58\n|-message|Hylett forfeited.\n|\n|win|F Boogie\n|raw|F Boogie's rating: 1142 &rarr; <strong>1171<\/strong><br \/>(+29 for winning)\n|raw|Hylett's rating: 1203 &rarr; <strong>1174<\/strong><br \/>(-29 for losing)\n|l|\u2606Hylett\n","uploadtime":1700802760,"views":3,"p1id":"fboogie","p2id":"hylett","formatid":"gen9nationaldex","rating":1171,"private":0,"password":""}