{"id":"gen9nationaldex-1987814005","p1":"GhostsnGhlss","p2":"Eliiiiiiiiiiiiza","format":"[Gen 9] National Dex","log":"|j|\u2606GhostsnGhlss\n|j|\u2606Eliiiiiiiiiiiiza\n|t:|1699639278\n|gametype|singles\n|player|p1|GhostsnGhlss|caitlin|1050\n|player|p2|Eliiiiiiiiiiiiza|unknownf|1014\n|teamsize|p1|6\n|teamsize|p2|6\n|gen|9\n|tier|[Gen 9] National Dex\n|rated|\n|rule|HP Percentage Mod: HP is shown in percentages\n|rule|Endless Battle Clause: Forcing endless battles is banned\n|rule|OHKO Clause: OHKO moves are banned\n|rule|Evasion Clause: Evasion abilities, items, and moves are banned\n|rule|Evasion Abilities Clause: Evasion abilities are banned\n|rule|Evasion Items Clause: Evasion items are banned\n|rule|Evasion Moves Clause: Evasion moves are banned\n|rule|Species Clause: Limit one of each Pok\u00e9mon\n|rule|Sleep Clause Mod: Limit one foe put to sleep\n|clearpoke\n|poke|p1|Rillaboom, M|\n|poke|p1|Gliscor, M|\n|poke|p1|Sneasler, M|\n|poke|p1|Tapu Fini|\n|poke|p1|Turtonator, M|\n|poke|p1|Diancie|\n|poke|p2|Lopunny, F|\n|poke|p2|Gardevoir, F|\n|poke|p2|Vaporeon, F|\n|poke|p2|Meowscarada, M|\n|poke|p2|Braixen, M|\n|poke|p2|Enamorus, F|\n|teampreview\n|inactive|Battle timer is ON: inactive players will automatically lose when time's up. (requested by Eliiiiiiiiiiiiza)\n|inactive|GhostsnGhlss also wants the timer to be on.\n|\n|t:|1699639290\n|start\n|switch|p1a: Mold|Rillaboom, M|100\/100\n|switch|p2a: Meowscarada|Meowscarada, M|100\/100\n|-fieldstart|move: Grassy Terrain|[from] ability: Grassy Surge|[of] p1a: Mold\n|-enditem|p1a: Mold|Grassy Seed\n|-boost|p1a: Mold|def|1|[from] item: Grassy Seed\n|turn|1\n|\n|t:|1699639300\n|move|p1a: Mold|Grassy Glide|p2a: Meowscarada\n|-resisted|p2a: Meowscarada\n|-damage|p2a: Meowscarada|74\/100\n|move|p2a: Meowscarada|U-turn|p1a: Mold\n|-supereffective|p1a: Mold\n|-damage|p1a: Mold|71\/100\n|\n|t:|1699639312\n|switch|p2a: Braixen|Braixen, M|100\/100|[from] U-turn\n|\n|-heal|p1a: Mold|77\/100|[from] Grassy Terrain\n|upkeep\n|turn|2\n|\n|t:|1699639322\n|move|p1a: Mold|Superpower|p2a: Braixen\n|-damage|p2a: Braixen|40\/100\n|-unboost|p1a: Mold|atk|1\n|-unboost|p1a: Mold|def|1\n|move|p2a: Braixen|Flamethrower|p1a: Mold\n|-supereffective|p1a: Mold\n|-damage|p1a: Mold|0 fnt\n|faint|p1a: Mold\n|\n|-heal|p2a: Braixen|47\/100|[from] Grassy Terrain\n|upkeep\n|\n|t:|1699639327\n|switch|p1a: Pac-Man|Tapu Fini|100\/100\n|-fieldstart|move: Misty Terrain|[from] ability: Misty Surge|[of] p1a: Pac-Man\n|turn|3\n|\n|t:|1699639336\n|move|p2a: Braixen|Substitute|p2a: Braixen\n|-start|p2a: Braixen|Substitute\n|-damage|p2a: Braixen|22\/100\n|move|p1a: Pac-Man|Waterfall|p2a: Braixen\n|-supereffective|p2a: Braixen\n|-end|p2a: Braixen|Substitute\n|\n|upkeep\n|turn|4\n|\n|t:|1699639343\n|move|p2a: Braixen|Psychic|p1a: Pac-Man\n|-damage|p1a: Pac-Man|87\/100\n|move|p1a: Pac-Man|Substitute|p1a: Pac-Man\n|-start|p1a: Pac-Man|Substitute\n|-damage|p1a: Pac-Man|62\/100\n|\n|upkeep\n|turn|5\n|\n|t:|1699639354\n|switch|p2a: Enamorus|Enamorus, F|100\/100\n|move|p1a: Pac-Man|Waterfall|p2a: Enamorus\n|-damage|p2a: Enamorus|64\/100\n|\n|upkeep\n|turn|6\n|\n|t:|1699639364\n|move|p2a: Enamorus|Moonblast|p1a: Pac-Man\n|-end|p1a: Pac-Man|Substitute\n|move|p1a: Pac-Man|Draining Kiss|p2a: Enamorus\n|-damage|p2a: Enamorus|39\/100\n|-heal|p1a: Pac-Man|78\/100|[from] drain|[of] p2a: Enamorus\n|\n|upkeep\n|turn|7\n|\n|t:|1699639371\n|move|p2a: Enamorus|Moonblast|p1a: Pac-Man\n|-damage|p1a: Pac-Man|35\/100\n|move|p1a: Pac-Man|Substitute|p1a: Pac-Man\n|-start|p1a: Pac-Man|Substitute\n|-damage|p1a: Pac-Man|10\/100\n|\n|-fieldend|Misty Terrain\n|upkeep\n|turn|8\n|\n|t:|1699639378\n|move|p2a: Enamorus|Moonblast|p1a: Pac-Man\n|-end|p1a: Pac-Man|Substitute\n|move|p1a: Pac-Man|Draining Kiss|p2a: Enamorus\n|-damage|p2a: Enamorus|15\/100\n|-heal|p1a: Pac-Man|26\/100|[from] drain|[of] p2a: Enamorus\n|\n|upkeep\n|turn|9\n|\n|t:|1699639393\n|switch|p1a: Diancie|Diancie|100\/100\n|move|p2a: Enamorus|Moonblast|p1a: Diancie\n|-damage|p1a: Diancie|24\/100\n|\n|upkeep\n|turn|10\n|\n|t:|1699639399\n|detailschange|p1a: Diancie|Diancie-Mega\n|-mega|p1a: Diancie|Diancie|Diancite\n|move|p1a: Diancie|Draining Kiss|p2a: Enamorus\n|-damage|p2a: Enamorus|0 fnt\n|-heal|p1a: Diancie|37\/100|[from] drain|[of] p2a: Enamorus\n|faint|p2a: Enamorus\n|\n|upkeep\n|\n|t:|1699639407\n|switch|p2a: Lopunny|Lopunny, F|100\/100\n|turn|11\n|\n|t:|1699639413\n|detailschange|p2a: Lopunny|Lopunny-Mega, F\n|-mega|p2a: Lopunny|Lopunny|Lopunnite\n|move|p2a: Lopunny|Fake Out|p1a: Diancie\n|-resisted|p1a: Diancie\n|-damage|p1a: Diancie|22\/100\n|cant|p1a: Diancie|flinch\n|\n|upkeep\n|turn|12\n|\n|t:|1699639420\n|move|p2a: Lopunny|Close Combat|p1a: Diancie\n|-damage|p1a: Diancie|0 fnt\n|-unboost|p2a: Lopunny|def|1\n|-unboost|p2a: Lopunny|spd|1\n|faint|p1a: Diancie\n|\n|upkeep\n|\n|t:|1699639430\n|switch|p1a: O we're halfway|Gliscor, M, shiny|100\/100\n|turn|13\n|\n|t:|1699639438\n|move|p2a: Lopunny|U-turn|p1a: O we're halfway\n|-resisted|p1a: O we're halfway\n|-damage|p1a: O we're halfway|93\/100\n|\n|t:|1699639441\n|switch|p2a: Vaporeon|Vaporeon, F|100\/100|[from] U-turn\n|move|p1a: O we're halfway|Substitute|p1a: O we're halfway\n|-start|p1a: O we're halfway|Substitute\n|-damage|p1a: O we're halfway|68\/100\n|\n|-status|p1a: O we're halfway|tox|[from] item: Toxic Orb\n|upkeep\n|turn|14\n|\n|t:|1699639449\n|move|p1a: O we're halfway|Ice Fang|p2a: Vaporeon\n|-resisted|p2a: Vaporeon\n|-damage|p2a: Vaporeon|95\/100\n|move|p2a: Vaporeon|Scald|p1a: O we're halfway\n|-supereffective|p1a: O we're halfway\n|-end|p1a: O we're halfway|Substitute\n|\n|-heal|p2a: Vaporeon|100\/100|[from] item: Leftovers\n|-heal|p1a: O we're halfway|81\/100 tox|[from] ability: Poison Heal\n|upkeep\n|turn|15\n|\n|t:|1699639456\n|move|p1a: O we're halfway|Substitute|p1a: O we're halfway\n|-start|p1a: O we're halfway|Substitute\n|-damage|p1a: O we're halfway|56\/100 tox\n|move|p2a: Vaporeon|Scald|p1a: O we're halfway\n|-supereffective|p1a: O we're halfway\n|-end|p1a: O we're halfway|Substitute\n|\n|-heal|p1a: O we're halfway|68\/100 tox|[from] ability: Poison Heal\n|upkeep\n|turn|16\n|\n|t:|1699639460\n|move|p1a: O we're halfway|Toxic|p2a: Vaporeon\n|-status|p2a: Vaporeon|tox\n|move|p2a: Vaporeon|Scald|p1a: O we're halfway\n|-supereffective|p1a: O we're halfway\n|-damage|p1a: O we're halfway|0 fnt\n|faint|p1a: O we're halfway\n|\n|-damage|p2a: Vaporeon|94\/100 tox|[from] psn\n|upkeep\n|\n|t:|1699639467\n|switch|p1a: Living for funsies|Sneasler, M|100\/100\n|turn|17\n|\n|t:|1699639473\n|move|p2a: Vaporeon|Wish|p2a: Vaporeon\n|move|p1a: Living for funsies|Counter||[still]\n|-fail|p1a: Living for funsies\n|\n|-heal|p2a: Vaporeon|100\/100 tox|[from] item: Leftovers\n|-damage|p2a: Vaporeon|88\/100 tox|[from] psn\n|upkeep\n|turn|18\n|\n|t:|1699639481\n|switch|p2a: Braixen|Braixen, M|22\/100\n|move|p1a: Living for funsies|Protect||[still]\n|-fail|p1a: Living for funsies\n|\n|-heal|p2a: Braixen|100\/100|[from] move: Wish|[wisher] Vaporeon\n|upkeep\n|turn|19\n|\n|t:|1699639486\n|move|p1a: Living for funsies|Toxic Spikes|p2a: Braixen\n|-sidestart|p2: Eliiiiiiiiiiiiza|move: Toxic Spikes\n|move|p2a: Braixen|Psychic|p1a: Living for funsies\n|-supereffective|p1a: Living for funsies\n|-damage|p1a: Living for funsies|0 fnt\n|faint|p1a: Living for funsies\n|\n|upkeep\n|\n|t:|1699639490\n|switch|p1a: Pac-Man|Tapu Fini|26\/100\n|-fieldstart|move: Misty Terrain|[from] ability: Misty Surge|[of] p1a: Pac-Man\n|turn|20\n|\n|t:|1699639497\n|move|p2a: Braixen|Psychic|p1a: Pac-Man\n|-crit|p1a: Pac-Man\n|-damage|p1a: Pac-Man|3\/100\n|-unboost|p1a: Pac-Man|spd|1\n|move|p1a: Pac-Man|Waterfall|p2a: Braixen\n|-supereffective|p2a: Braixen\n|-damage|p2a: Braixen|44\/100\n|\n|upkeep\n|turn|21\n|\n|t:|1699639506\n|move|p2a: Braixen|Psychic|p1a: Pac-Man\n|-damage|p1a: Pac-Man|0 fnt\n|faint|p1a: Pac-Man\n|\n|upkeep\n|\n|t:|1699639508\n|switch|p1a: forbidden cheese|Turtonator, M|100\/100\n|turn|22\n|\n|t:|1699639513\n|move|p2a: Braixen|Substitute|p2a: Braixen\n|-start|p2a: Braixen|Substitute\n|-damage|p2a: Braixen|19\/100\n|move|p1a: forbidden cheese|Draco Meteor|p2a: Braixen\n|-end|p2a: Braixen|Substitute\n|-unboost|p1a: forbidden cheese|spa|2\n|\n|upkeep\n|turn|23\n|\n|t:|1699639519\n|move|p2a: Braixen|Psychic|p1a: forbidden cheese\n|-damage|p1a: forbidden cheese|60\/100\n|move|p1a: forbidden cheese|Earthquake|p2a: Braixen\n|-supereffective|p2a: Braixen\n|-damage|p2a: Braixen|0 fnt\n|faint|p2a: Braixen\n|\n|upkeep\n|\n|t:|1699639530\n|switch|p2a: Lopunny|Lopunny-Mega, F|100\/100\n|turn|24\n|\n|t:|1699639535\n|move|p2a: Lopunny|Fake Out|p1a: forbidden cheese\n|-damage|p1a: forbidden cheese|36\/100\n|cant|p1a: forbidden cheese|flinch\n|\n|-fieldend|Misty Terrain\n|upkeep\n|turn|25\n|\n|t:|1699639541\n|move|p2a: Lopunny|Frustration|p1a: forbidden cheese\n|-damage|p1a: forbidden cheese|0 fnt\n|faint|p1a: forbidden cheese\n|\n|win|Eliiiiiiiiiiiiza\n|raw|GhostsnGhlss's rating: 1050 &rarr; <strong>1031<\/strong><br \/>(-19 for losing)\n|raw|Eliiiiiiiiiiiiza's rating: 1014 &rarr; <strong>1056<\/strong><br \/>(+42 for winning)\n|l|\u2606GhostsnGhlss\n","uploadtime":1699639550,"views":4,"p1id":"ghostsnghlss","p2id":"eliiiiiiiiiiiiza","formatid":"gen9nationaldex","rating":1031,"private":0,"password":""}