{"id":"gen9nationaldex-1996384231","p1":"feed store","p2":"7yu1eqjasmn","format":"[Gen 9] National Dex","log":"|html|<div class=\"broadcast-blue\"><strong>[Gen 9] National Dex is currently suspecting Sneasler! For information on how to participate check out the <a href=\"https:\/\/www.smogon.com\/forums\/threads\/sv-national-dex-suspect-8-just-dance.3731534\/\">suspect thread<\/a>.<\/strong><\/div>\n|j|\u2606feed store\n|j|\u26067yu1eqjasmn\n|t:|1700676904\n|gametype|singles\n|player|p1|feed store|clay|1188\n|player|p2|7yu1eqjasmn|unknown|1118\n|teamsize|p1|6\n|teamsize|p2|6\n|gen|9\n|tier|[Gen 9] National Dex\n|rated|\n|rule|HP Percentage Mod: HP is shown in percentages\n|rule|Endless Battle Clause: Forcing endless battles is banned\n|rule|OHKO Clause: OHKO moves are banned\n|rule|Evasion Clause: Evasion abilities, items, and moves are banned\n|rule|Evasion Abilities Clause: Evasion abilities are banned\n|rule|Evasion Items Clause: Evasion items are banned\n|rule|Evasion Moves Clause: Evasion moves are banned\n|rule|Species Clause: Limit one of each Pok\u00e9mon\n|rule|Sleep Clause Mod: Limit one foe put to sleep\n|clearpoke\n|poke|p1|Zoroark-Hisui, M|\n|poke|p1|Nidoking, M|\n|poke|p1|Sinistcha|\n|poke|p1|Cobalion|\n|poke|p1|Rapidash-Galar, M|\n|poke|p1|Krookodile, M|\n|poke|p2|Kleavor, M|\n|poke|p2|Serperior, F|\n|poke|p2|Tyranitar, M|\n|poke|p2|Tornadus-Therian, M|\n|poke|p2|Iron Leaves|\n|poke|p2|Ninjask, M|\n|teampreview\n|inactive|Battle timer is ON: inactive players will automatically lose when time's up. (requested by 7yu1eqjasmn)\n|j| Lonsol\n|j| kung fu pokechu\n|\n|t:|1700676922\n|start\n|switch|p1a: Krokodil|Krookodile, M|100\/100\n|switch|p2a: Kleavor|Kleavor, M|100\/100\n|turn|1\n|\n|t:|1700676929\n|move|p1a: Krokodil|Hone Claws|p1a: Krokodil\n|-boost|p1a: Krokodil|atk|1\n|-boost|p1a: Krokodil|accuracy|1\n|move|p2a: Kleavor|Tailwind|p2a: Kleavor\n|-sidestart|p2: 7yu1eqjasmn|move: Tailwind\n|\n|upkeep\n|turn|2\n|j| 5cat\n|\n|t:|1700676939\n|move|p2a: Kleavor|Swords Dance|p2a: Kleavor\n|-boost|p2a: Kleavor|atk|2\n|move|p1a: Krokodil|Scale Shot|p2a: Kleavor\n|-damage|p2a: Kleavor|84\/100\n|-damage|p2a: Kleavor|68\/100\n|-damage|p2a: Kleavor|52\/100\n|-damage|p2a: Kleavor|36\/100\n|-damage|p2a: Kleavor|19\/100\n|-hitcount|p2a: Kleavor|5\n|-unboost|p1a: Krokodil|def|1\n|-boost|p1a: Krokodil|spe|1\n|\n|upkeep\n|turn|3\n|\n|t:|1700676951\n|move|p2a: Kleavor|Stone Axe|p1a: Krokodil\n|-resisted|p1a: Krokodil\n|-damage|p1a: Krokodil|1\/100\n|-sidestart|p1: feed store|move: Stealth Rock\n|move|p1a: Krokodil|Scale Shot|p2a: Kleavor\n|-crit|p2a: Kleavor\n|-damage|p2a: Kleavor|0 fnt\n|faint|p2a: Kleavor\n|-ability|p1a: Krokodil|Moxie|boost\n|-boost|p1a: Krokodil|atk|1\n|-hitcount|p2: Kleavor|1\n|-unboost|p1a: Krokodil|def|1\n|-boost|p1a: Krokodil|spe|1\n|\n|upkeep\n|j| less might be more\n|\n|t:|1700676969\n|switch|p2a: Serperior|Serperior, F|100\/100\n|turn|4\n|\n|t:|1700676977\n|move|p2a: Serperior|Leaf Storm|p1a: Krokodil\n|-supereffective|p1a: Krokodil\n|-damage|p1a: Krokodil|0 fnt\n|-boost|p2a: Serperior|spa|2\n|faint|p1a: Krokodil\n|\n|-sideend|p2: 7yu1eqjasmn|move: Tailwind\n|upkeep\n|\n|t:|1700676981\n|switch|p1a: shellphone|Sinistcha, shiny|100\/100\n|-damage|p1a: shellphone|88\/100|[from] Stealth Rock\n|turn|5\n|\n|t:|1700676992\n|move|p2a: Serperior|Leaf Storm|p1a: shellphone|[miss]\n|-miss|p2a: Serperior|p1a: shellphone\n|move|p1a: shellphone|Matcha Gotcha|p2a: Serperior\n|-resisted|p2a: Serperior\n|-damage|p2a: Serperior|81\/100\n|-heal|p1a: shellphone|96\/100|[from] drain|[of] p2a: Serperior\n|\n|-heal|p1a: shellphone|100\/100|[from] item: Leftovers\n|upkeep\n|turn|6\n|\n|t:|1700677003\n|move|p2a: Serperior|Leaf Storm|p1a: shellphone\n|-resisted|p1a: shellphone\n|-damage|p1a: shellphone|19\/100\n|-boost|p2a: Serperior|spa|2\n|move|p1a: shellphone|Calm Mind|p1a: shellphone\n|-boost|p1a: shellphone|spa|1\n|-boost|p1a: shellphone|spd|1\n|\n|-heal|p1a: shellphone|25\/100|[from] item: Leftovers\n|upkeep\n|turn|7\n|\n|t:|1700677012\n|move|p2a: Serperior|Leaf Storm|p1a: shellphone\n|-resisted|p1a: shellphone\n|-damage|p1a: shellphone|0 fnt\n|-boost|p2a: Serperior|spa|2\n|faint|p1a: shellphone\n|\n|upkeep\n|\n|t:|1700677020\n|switch|p1a: Cobson|Cobalion|100\/100\n|-damage|p1a: Cobson|97\/100|[from] Stealth Rock\n|turn|8\n|\n|t:|1700677026\n|move|p2a: Serperior|Leaf Storm|p1a: Cobson\n|-resisted|p1a: Cobson\n|-damage|p1a: Cobson|0 fnt\n|faint|p1a: Cobson\n|\n|upkeep\n|\n|t:|1700677030\n|switch|p1a: Need a King?|Nidoking, M|100\/100\n|-damage|p1a: Need a King?|95\/100|[from] Stealth Rock\n|turn|9\n|\n|t:|1700677034\n|move|p2a: Serperior|Leaf Storm|p1a: Need a King?\n|-damage|p1a: Need a King?|0 fnt\n|faint|p1a: Need a King?\n|\n|upkeep\n|\n|t:|1700677052\n|switch|p1a: Rapid Ash|Rapidash-Galar, M|100\/100\n|-damage|p1a: Rapid Ash|88\/100|[from] Stealth Rock\n|turn|10\n|\n|t:|1700677055\n|move|p2a: Serperior|Leaf Storm|p1a: Rapid Ash\n|-damage|p1a: Rapid Ash|0 fnt\n|replace|p1a: 7\ud83d\udd34Up|Zoroark-Hisui, M\n|-end|p1a: 7\ud83d\udd34Up|Illusion\n|faint|p1a: 7\ud83d\udd34Up\n|\n|upkeep\n|\n|t:|1700677057\n|switch|p1a: Rapid Ash|Rapidash-Galar, M|100\/100\n|-damage|p1a: Rapid Ash|88\/100|[from] Stealth Rock\n|turn|11\n|\n|t:|1700677059\n|move|p2a: Serperior|Leaf Storm|p1a: Rapid Ash\n|-damage|p1a: Rapid Ash|0 fnt\n|faint|p1a: Rapid Ash\n|\n|win|7yu1eqjasmn\n|raw|feed store's rating: 1188 &rarr; <strong>1158<\/strong><br \/>(-30 for losing)\n|raw|7yu1eqjasmn's rating: 1118 &rarr; <strong>1148<\/strong><br \/>(+30 for winning)\n","uploadtime":1700677073,"views":1,"p1id":"feedstore","p2id":"7yu1eqjasmn","formatid":"gen9nationaldex","rating":1148,"private":0,"password":""}