{"id":"gen9nationaldex-1988683195","p1":"FMTICOYD","p2":"female charizard","format":"[Gen 9] National Dex","log":"|j|\u2606FMTICOYD\n|j|\u2606female charizard\n|t:|1699750186\n|gametype|singles\n|player|p1|FMTICOYD|lady|1061\n|player|p2|female charizard|170|1141\n|teamsize|p1|6\n|teamsize|p2|6\n|gen|9\n|tier|[Gen 9] National Dex\n|rated|\n|rule|HP Percentage Mod: HP is shown in percentages\n|rule|Endless Battle Clause: Forcing endless battles is banned\n|rule|OHKO Clause: OHKO moves are banned\n|rule|Evasion Clause: Evasion abilities, items, and moves are banned\n|rule|Evasion Abilities Clause: Evasion abilities are banned\n|rule|Evasion Items Clause: Evasion items are banned\n|rule|Evasion Moves Clause: Evasion moves are banned\n|rule|Species Clause: Limit one of each Pok\u00e9mon\n|rule|Sleep Clause Mod: Limit one foe put to sleep\n|clearpoke\n|poke|p1|Alomomola, F|\n|poke|p1|Aegislash, M|\n|poke|p1|Grimmsnarl, M|\n|poke|p1|Toxapex, M|\n|poke|p1|Hatterene, F|\n|poke|p1|Nihilego|\n|poke|p2|Maushold|\n|poke|p2|Stakataka|\n|poke|p2|Enamorus, F|\n|poke|p2|Ditto|\n|poke|p2|Linoone, F|\n|poke|p2|Swalot, M|\n|teampreview\n|inactive|Battle timer is ON: inactive players will automatically lose when time's up. (requested by FMTICOYD)\n|\n|t:|1699750210\n|start\n|switch|p1a: Grimmsnarl|Grimmsnarl, M|100\/100\n|switch|p2a: i art thou|Ditto|100\/100\n|-transform|p2a: i art thou|p1a: Grimmsnarl|[from] ability: Imposter\n|turn|1\n|\n|t:|1699750218\n|move|p2a: i art thou|Reflect|p2a: i art thou\n|-sidestart|p2: female charizard|Reflect\n|move|p1a: Grimmsnarl|Light Screen|p1a: Grimmsnarl\n|-sidestart|p1: FMTICOYD|move: Light Screen\n|\n|upkeep\n|turn|2\n|j| kung fu pokechu\n|\n|t:|1699750224\n|switch|p2a: eat the bugs|Swalot, M|100\/100\n|move|p1a: Grimmsnarl|Reflect|p1a: Grimmsnarl\n|-sidestart|p1: FMTICOYD|Reflect\n|\n|upkeep\n|turn|3\n|\n|t:|1699750230\n|move|p1a: Grimmsnarl|Parting Shot|p2a: eat the bugs\n|-unboost|p2a: eat the bugs|atk|1\n|-unboost|p2a: eat the bugs|spa|1\n|l|\u2606female charizard\n|inactive|female charizard disconnected and has a minute to reconnect!\n|player|p2|\n|\n|t:|1699750234\n|switch|p1a: Hatterene|Hatterene, F|100\/100|[from] Parting Shot\n|move|p2a: eat the bugs|Infestation|p1a: Hatterene\n|-damage|p1a: Hatterene|99\/100\n|-activate|p1a: Hatterene|move: Infestation|[of] p2a: eat the bugs\n|\n|-damage|p1a: Hatterene|87\/100|[from] move: Infestation|[partiallytrapped]\n|upkeep\n|turn|4\n|j|\u2606female charizard\n|inactive|female charizard reconnected and has 145 seconds left.\n|player|p2|female charizard|170\n|\n|t:|1699750248\n|switch|p2a: i art thou|Ditto|100\/100\n|-transform|p2a: i art thou|p1a: Hatterene|[from] ability: Imposter\n|move|p1a: Hatterene|Trick Room|p1a: Hatterene\n|-fieldstart|move: Trick Room|[of] p1a: Hatterene\n|\n|-end|p1a: Hatterene|Infestation|[partiallytrapped]|[silent]\n|upkeep\n|turn|5\n|\n|t:|1699750266\n|move|p1a: Hatterene|Psychic Terrain|p1a: Hatterene\n|-fieldstart|move: Psychic Terrain\n|-enditem|p1a: Hatterene|Psychic Seed\n|-boost|p1a: Hatterene|spd|1|[from] item: Psychic Seed\n|move|p2a: i art thou|Mystical Fire|p1a: Hatterene\n|-damage|p1a: Hatterene|76\/100\n|-unboost|p1a: Hatterene|spa|1\n|\n|-sideend|p2: female charizard|Reflect\n|upkeep\n|turn|6\n|\n|t:|1699750275\n|move|p1a: Hatterene|Mystical Fire|p2a: i art thou\n|-damage|p2a: i art thou|80\/100\n|-unboost|p2a: i art thou|spa|1\n|move|p2a: i art thou|Mystical Fire|p1a: Hatterene\n|-crit|p1a: Hatterene\n|-damage|p1a: Hatterene|32\/100\n|-unboost|p1a: Hatterene|spa|1\n|\n|upkeep\n|turn|7\n|\n|t:|1699750284\n|move|p1a: Hatterene|Expanding Force|p2a: i art thou\n|-resisted|p2a: i art thou\n|-damage|p2a: i art thou|53\/100\n|move|p2a: i art thou|Mystical Fire|p1a: Hatterene\n|-damage|p1a: Hatterene|24\/100\n|-unboost|p1a: Hatterene|spa|1\n|\n|upkeep\n|turn|8\n|\n|t:|1699750293\n|move|p1a: Hatterene|Mystical Fire|p2a: i art thou\n|-damage|p2a: i art thou|40\/100\n|-unboost|p2a: i art thou|spa|1\n|move|p2a: i art thou|Mystical Fire|p1a: Hatterene\n|-damage|p1a: Hatterene|18\/100\n|-unboost|p1a: Hatterene|spa|1\n|\n|-sideend|p1: FMTICOYD|move: Light Screen\n|-fieldend|move: Trick Room\n|upkeep\n|turn|9\n|\n|t:|1699750303\n|move|p2a: i art thou|Mystical Fire|p1a: Hatterene\n|-damage|p1a: Hatterene|9\/100\n|-unboost|p1a: Hatterene|spa|1\n|move|p1a: Hatterene|Mystical Fire|p2a: i art thou\n|-damage|p2a: i art thou|30\/100\n|-unboost|p2a: i art thou|spa|1\n|\n|-sideend|p1: FMTICOYD|Reflect\n|-fieldend|move: Psychic Terrain\n|upkeep\n|turn|10\n|\n|t:|1699750314\n|-activate|p2a: i art thou|move: Struggle\n|move|p2a: i art thou|Struggle|p1a: Hatterene\n|-damage|p1a: Hatterene|0 fnt\n|faint|p1a: Hatterene\n|-damage|p2a: i art thou|5\/100|[from] recoil\n|\n|upkeep\n|\n|t:|1699750321\n|switch|p1a: Grimmsnarl|Grimmsnarl, M|100\/100\n|turn|11\n|\n|t:|1699750328\n|switch|p2a: eat the bugs|Swalot, M|100\/100\n|move|p1a: Grimmsnarl|Light Screen|p1a: Grimmsnarl\n|-sidestart|p1: FMTICOYD|move: Light Screen\n|\n|upkeep\n|turn|12\n|\n|t:|1699750333\n|move|p1a: Grimmsnarl|Reflect|p1a: Grimmsnarl\n|-sidestart|p1: FMTICOYD|Reflect\n|move|p2a: eat the bugs|Toxic|p1a: Grimmsnarl\n|-status|p1a: Grimmsnarl|tox\n|\n|-damage|p1a: Grimmsnarl|94\/100 tox|[from] psn\n|upkeep\n|turn|13\n|\n|t:|1699750344\n|move|p1a: Grimmsnarl|Parting Shot|p2a: eat the bugs\n|-unboost|p2a: eat the bugs|atk|1\n|-unboost|p2a: eat the bugs|spa|1\n|\n|t:|1699750348\n|switch|p1a: Nihilego|Nihilego|100\/100|[from] Parting Shot\n|move|p2a: eat the bugs|Toxic|p1a: Nihilego\n|-immune|p1a: Nihilego\n|\n|upkeep\n|turn|14\n|\n|t:|1699750356\n|move|p1a: Nihilego|Meteor Beam||[still]\n|-prepare|p1a: Nihilego|Meteor Beam\n|-boost|p1a: Nihilego|spa|1\n|move|p2a: eat the bugs|Amnesia|p2a: eat the bugs\n|-boost|p2a: eat the bugs|spd|2\n|\n|upkeep\n|turn|15\n|\n|t:|1699750363\n|move|p1a: Nihilego|Meteor Beam|p2a: eat the bugs|[from]lockedmove\n|-damage|p2a: eat the bugs|69\/100\n|move|p2a: eat the bugs|Amnesia|p2a: eat the bugs\n|-boost|p2a: eat the bugs|spd|2\n|\n|upkeep\n|turn|16\n|\n|t:|1699750371\n|move|p1a: Nihilego|Psychic|p2a: eat the bugs\n|-supereffective|p2a: eat the bugs\n|-damage|p2a: eat the bugs|49\/100\n|move|p2a: eat the bugs|Infestation|p1a: Nihilego\n|-resisted|p1a: Nihilego\n|-damage|p1a: Nihilego|99\/100\n|-activate|p1a: Nihilego|move: Infestation|[of] p2a: eat the bugs\n|\n|-heal|p1a: Nihilego|100\/100|[from] item: Leftovers\n|-damage|p1a: Nihilego|88\/100|[from] move: Infestation|[partiallytrapped]\n|upkeep\n|turn|17\n|\n|t:|1699750381\n|move|p1a: Nihilego|Meteor Beam||[still]\n|-prepare|p1a: Nihilego|Meteor Beam\n|-boost|p1a: Nihilego|spa|1\n|move|p2a: eat the bugs|Amnesia|p2a: eat the bugs\n|-boost|p2a: eat the bugs|spd|2\n|\n|-heal|p1a: Nihilego|94\/100|[from] item: Leftovers\n|-damage|p1a: Nihilego|82\/100|[from] move: Infestation|[partiallytrapped]\n|upkeep\n|turn|18\n|\n|t:|1699750390\n|move|p1a: Nihilego|Meteor Beam|p2a: eat the bugs|[from]lockedmove\n|-damage|p2a: eat the bugs|27\/100\n|move|p2a: eat the bugs|Rest|p2a: eat the bugs\n|-status|p2a: eat the bugs|slp|[from] move: Rest\n|-heal|p2a: eat the bugs|100\/100 slp|[silent]\n|\n|-heal|p1a: Nihilego|88\/100|[from] item: Leftovers\n|-damage|p1a: Nihilego|76\/100|[from] move: Infestation|[partiallytrapped]\n|-sideend|p1: FMTICOYD|move: Light Screen\n|upkeep\n|turn|19\n|\n|t:|1699750408\n|move|p1a: Nihilego|Meteor Beam||[still]\n|-prepare|p1a: Nihilego|Meteor Beam\n|-boost|p1a: Nihilego|spa|1\n|cant|p2a: eat the bugs|slp\n|\n|-heal|p1a: Nihilego|82\/100|[from] item: Leftovers\n|-damage|p1a: Nihilego|70\/100|[from] move: Infestation|[partiallytrapped]\n|-sideend|p1: FMTICOYD|Reflect\n|upkeep\n|turn|20\n|\n|t:|1699750417\n|move|p1a: Nihilego|Meteor Beam|p2a: eat the bugs|[from]lockedmove\n|-damage|p2a: eat the bugs|73\/100 slp\n|cant|p2a: eat the bugs|slp\n|\n|-heal|p1a: Nihilego|76\/100|[from] item: Leftovers\n|-damage|p1a: Nihilego|64\/100|[from] move: Infestation|[partiallytrapped]\n|upkeep\n|turn|21\n|\n|t:|1699750426\n|move|p1a: Nihilego|Meteor Beam||[still]\n|-prepare|p1a: Nihilego|Meteor Beam\n|-boost|p1a: Nihilego|spa|1\n|-curestatus|p2a: eat the bugs|slp|[msg]\n|move|p2a: eat the bugs|Infestation|p1a: Nihilego\n|-resisted|p1a: Nihilego\n|-damage|p1a: Nihilego|63\/100\n|\n|-heal|p1a: Nihilego|69\/100|[from] item: Leftovers\n|-damage|p1a: Nihilego|57\/100|[from] move: Infestation|[partiallytrapped]\n|upkeep\n|turn|22\n|\n|t:|1699750436\n|move|p1a: Nihilego|Meteor Beam|p2a: eat the bugs|[from]lockedmove\n|-damage|p2a: eat the bugs|40\/100\n|move|p2a: eat the bugs|Rest|p2a: eat the bugs\n|-status|p2a: eat the bugs|slp|[from] move: Rest\n|-heal|p2a: eat the bugs|100\/100 slp|[silent]\n|\n|-heal|p1a: Nihilego|63\/100|[from] item: Leftovers\n|-damage|p1a: Nihilego|51\/100|[from] move: Infestation|[partiallytrapped]\n|upkeep\n|turn|23\n|\n|t:|1699750447\n|move|p1a: Nihilego|Meteor Beam||[still]\n|-prepare|p1a: Nihilego|Meteor Beam\n|-boost|p1a: Nihilego|spa|1\n|cant|p2a: eat the bugs|slp\n|\n|-heal|p1a: Nihilego|57\/100|[from] item: Leftovers\n|-end|p1a: Nihilego|Infestation|[partiallytrapped]\n|upkeep\n|turn|24\n|\n|t:|1699750455\n|move|p1a: Nihilego|Meteor Beam|p2a: eat the bugs|[from]lockedmove|[miss]\n|-miss|p1a: Nihilego|p2a: eat the bugs\n|cant|p2a: eat the bugs|slp\n|\n|-heal|p1a: Nihilego|63\/100|[from] item: Leftovers\n|upkeep\n|turn|25\n|\n|t:|1699750462\n|switch|p2a: i art thou|Ditto|5\/100\n|-transform|p2a: i art thou|p1a: Nihilego|[from] ability: Imposter\n|move|p1a: Nihilego|Meteor Beam||[still]\n|-prepare|p1a: Nihilego|Meteor Beam\n|-boost|p1a: Nihilego|spa|1\n|\n|-heal|p1a: Nihilego|69\/100|[from] item: Leftovers\n|upkeep\n|turn|26\n|\n|t:|1699750474\n|move|p2a: i art thou|Venoshock|p1a: Nihilego\n|-resisted|p1a: Nihilego\n|-damage|p1a: Nihilego|48\/100\n|move|p1a: Nihilego|Meteor Beam|p2a: i art thou|[from]lockedmove\n|-damage|p2a: i art thou|0 fnt\n|faint|p2a: i art thou\n|\n|-heal|p1a: Nihilego|55\/100|[from] item: Leftovers\n|upkeep\n|\n|t:|1699750486\n|switch|p2a: so attractive....|Enamorus, F|100\/100\n|turn|27\n|\n|t:|1699750492\n|move|p2a: so attractive....|Earth Power|p1a: Nihilego\n|-supereffective|p1a: Nihilego\n|-damage|p1a: Nihilego|0 fnt\n|faint|p1a: Nihilego\n|\n|upkeep\n|\n|t:|1699750498\n|switch|p1a: Alomomola|Alomomola, F|100\/100\n|turn|28\n|\n|t:|1699750506\n|move|p2a: so attractive....|Calm Mind|p2a: so attractive....\n|-boost|p2a: so attractive....|spa|1\n|-boost|p2a: so attractive....|spd|1\n|move|p1a: Alomomola|Aqua Ring|p1a: Alomomola\n|-start|p1a: Alomomola|Aqua Ring\n|\n|upkeep\n|turn|29\n|\n|t:|1699750513\n|move|p2a: so attractive....|Moonblast|p1a: Alomomola\n|-crit|p1a: Alomomola\n|-damage|p1a: Alomomola|0 fnt\n|faint|p1a: Alomomola\n|\n|upkeep\n|\n|t:|1699750522\n|switch|p1a: Grimmsnarl|Grimmsnarl, M|94\/100 tox\n|turn|30\n|\n|t:|1699750527\n|move|p1a: Grimmsnarl|Light Screen|p1a: Grimmsnarl\n|-sidestart|p1: FMTICOYD|move: Light Screen\n|move|p2a: so attractive....|Calm Mind|p2a: so attractive....\n|-boost|p2a: so attractive....|spa|1\n|-boost|p2a: so attractive....|spd|1\n|\n|-damage|p1a: Grimmsnarl|88\/100 tox|[from] psn\n|upkeep\n|turn|31\n|\n|t:|1699750535\n|move|p1a: Grimmsnarl|Reflect|p1a: Grimmsnarl\n|-sidestart|p1: FMTICOYD|Reflect\n|move|p2a: so attractive....|Moonblast|p1a: Grimmsnarl\n|-supereffective|p1a: Grimmsnarl\n|-damage|p1a: Grimmsnarl|8\/100 tox\n|\n|-damage|p1a: Grimmsnarl|0 fnt|[from] psn\n|faint|p1a: Grimmsnarl\n|upkeep\n|\n|t:|1699750549\n|switch|p1a: Aegislash|Aegislash, M|100\/100\n|turn|32\n|\n|t:|1699750554\n|-terastallize|p2a: so attractive....|Fire\n|move|p2a: so attractive....|Mystical Fire|p1a: Aegislash\n|-supereffective|p1a: Aegislash\n|-damage|p1a: Aegislash|45\/100\n|-unboost|p1a: Aegislash|spa|1\n|move|p1a: Aegislash|Swords Dance|p1a: Aegislash\n|-boost|p1a: Aegislash|atk|2\n|\n|upkeep\n|turn|33\n|\n|t:|1699750566\n|move|p1a: Aegislash|King's Shield|p1a: Aegislash\n|-singleturn|p1a: Aegislash|Protect\n|move|p2a: so attractive....|Mystical Fire|p1a: Aegislash\n|-activate|p1a: Aegislash|move: Protect\n|\n|upkeep\n|turn|34\n|\n|t:|1699750572\n|-formechange|p1a: Aegislash|Aegislash-Blade||[from] ability: Stance Change\n|move|p1a: Aegislash|Shadow Sneak|p2a: so attractive....\n|-damage|p2a: so attractive....|35\/100\n|move|p2a: so attractive....|Mystical Fire|p1a: Aegislash\n|-supereffective|p1a: Aegislash\n|-damage|p1a: Aegislash|0 fnt\n|faint|p1a: Aegislash\n|\n|-heal|p2a: so attractive....|41\/100|[from] item: Leftovers\n|upkeep\n|-message|FMTICOYD forfeited.\n|\n|win|female charizard\n|raw|FMTICOYD's rating: 1061 &rarr; <strong>1046<\/strong><br \/>(-15 for losing)\n|raw|female charizard's rating: 1141 &rarr; <strong>1160<\/strong><br \/>(+19 for winning)\n|l|\u2606FMTICOYD\n","uploadtime":1699750590,"views":5,"p1id":"fmticoyd","p2id":"femalecharizard","formatid":"gen9nationaldex","rating":1046,"private":0,"password":""}