{"id":"gen9nationaldex-1990166083","p1":"zohreh","p2":"v587","format":"[Gen 9] National Dex","log":"|j|\u2606zohreh\n|j|\u2606v587\n|t:|1699931896\n|gametype|singles\n|player|p1|zohreh|265|1528\n|player|p2|v587|dawn|1411\n|teamsize|p1|6\n|teamsize|p2|6\n|gen|9\n|tier|[Gen 9] National Dex\n|rated|\n|rule|HP Percentage Mod: HP is shown in percentages\n|rule|Endless Battle Clause: Forcing endless battles is banned\n|rule|OHKO Clause: OHKO moves are banned\n|rule|Evasion Clause: Evasion abilities, items, and moves are banned\n|rule|Evasion Abilities Clause: Evasion abilities are banned\n|rule|Evasion Items Clause: Evasion items are banned\n|rule|Evasion Moves Clause: Evasion moves are banned\n|rule|Species Clause: Limit one of each Pok\u00e9mon\n|rule|Sleep Clause Mod: Limit one foe put to sleep\n|clearpoke\n|poke|p1|Sharpedo, M|\n|poke|p1|Ditto|\n|poke|p1|Victini|\n|poke|p1|Moltres|\n|poke|p1|Blaziken, M|\n|poke|p1|Dragonite, M|\n|poke|p2|Clodsire, F|\n|poke|p2|Runerigus, M|\n|poke|p2|Camerupt, F|\n|poke|p2|Claydol|\n|poke|p2|Gastrodon, F|\n|poke|p2|Golurk|\n|teampreview\n|inactive|Battle timer is ON: inactive players will automatically lose when time's up. (requested by zohreh)\n|\n|t:|1699931918\n|start\n|switch|p1a: Sharpedo|Sharpedo, M|100\/100\n|switch|p2a: Runerigus|Runerigus, M|100\/100\n|turn|1\n|\n|t:|1699931929\n|detailschange|p1a: Sharpedo|Sharpedo-Mega, M\n|-mega|p1a: Sharpedo|Sharpedo|Sharpedonite\n|move|p1a: Sharpedo|Crunch|p2a: Runerigus\n|-supereffective|p2a: Runerigus\n|-damage|p2a: Runerigus|17\/100\n|-activate|p2a: Runerigus|ability: Wandering Spirit|Strong Jaw|Wandering Spirit|[of] p1a: Sharpedo\n|move|p2a: Runerigus|Trick Room|p2a: Runerigus\n|-fieldstart|move: Trick Room|[of] p2a: Runerigus\n|\n|upkeep\n|turn|2\n|\n|t:|1699931938\n|move|p1a: Sharpedo|Protect|p1a: Sharpedo\n|-singleturn|p1a: Sharpedo|Protect\n|move|p2a: Runerigus|Body Press|p1a: Sharpedo\n|-activate|p1a: Sharpedo|move: Protect\n|\n|upkeep\n|turn|3\n|\n|t:|1699931947\n|switch|p1a: Moltres|Moltres, shiny|100\/100\n|move|p2a: Runerigus|Body Press|p1a: Moltres\n|-resisted|p1a: Moltres\n|-damage|p1a: Moltres|88\/100\n|\n|upkeep\n|turn|4\n|\n|t:|1699931957\n|switch|p2a: Gastrodon|Gastrodon, F|100\/100\n|move|p1a: Moltres|U-turn|p2a: Gastrodon\n|-damage|p2a: Gastrodon|90\/100\n|\n|t:|1699931964\n|switch|p1a: Ditto|Ditto, shiny|100\/100|[from] U-turn\n|-transform|p1a: Ditto|p2a: Gastrodon|[from] ability: Imposter\n|\n|upkeep\n|turn|5\n|\n|t:|1699931975\n|move|p2a: Gastrodon|Stealth Rock|p1a: Ditto\n|-sidestart|p1: zohreh|move: Stealth Rock\n|move|p1a: Ditto|Stealth Rock|p2a: Gastrodon\n|-sidestart|p2: v587|move: Stealth Rock\n|\n|-fieldend|move: Trick Room\n|upkeep\n|turn|6\n|\n|t:|1699931987\n|switch|p1a: Moltres|Moltres, shiny|88\/100\n|move|p2a: Gastrodon|Toxic|p1a: Moltres\n|-status|p1a: Moltres|tox\n|\n|-damage|p1a: Moltres|82\/100 tox|[from] psn\n|upkeep\n|turn|7\n|\n|t:|1699932002\n|move|p1a: Moltres|U-turn|p2a: Gastrodon\n|-damage|p2a: Gastrodon|80\/100\n|\n|t:|1699932007\n|switch|p1a: Victini|Victini|100\/100|[from] U-turn\n|-damage|p1a: Victini|76\/100|[from] Stealth Rock\n|move|p2a: Gastrodon|Toxic|p1a: Victini\n|-status|p1a: Victini|tox\n|\n|-damage|p1a: Victini|70\/100 tox|[from] psn\n|upkeep\n|turn|8\n|\n|t:|1699932022\n|switch|p2a: Claydol|Claydol|100\/100\n|-damage|p2a: Claydol|94\/100|[from] Stealth Rock\n|-zpower|p1a: Victini\n|move|p1a: Victini|Z-Celebrate|p1a: Victini|[anim]Celebrate\n|-boost|p1a: Victini|atk|1|[zeffect]\n|-boost|p1a: Victini|def|1|[zeffect]\n|-boost|p1a: Victini|spa|1|[zeffect]\n|-boost|p1a: Victini|spd|1|[zeffect]\n|-boost|p1a: Victini|spe|1|[zeffect]\n|-activate|p1a: Victini|move: Celebrate\n|\n|-damage|p1a: Victini|57\/100 tox|[from] psn\n|upkeep\n|turn|9\n|\n|t:|1699932032\n|switch|p2a: Clodsire|Clodsire, F|100\/100\n|-damage|p2a: Clodsire|94\/100|[from] Stealth Rock\n|move|p1a: Victini|Stored Power|p2a: Clodsire\n|-supereffective|p2a: Clodsire\n|-damage|p2a: Clodsire|36\/100\n|\n|-heal|p2a: Clodsire|42\/100|[from] item: Leftovers\n|-damage|p1a: Victini|39\/100 tox|[from] psn\n|upkeep\n|turn|10\n|\n|t:|1699932050\n|-terastallize|p2a: Clodsire|Flying\n|move|p1a: Victini|Stored Power|p2a: Clodsire\n|-damage|p2a: Clodsire|12\/100\n|move|p2a: Clodsire|Recover|p2a: Clodsire\n|-heal|p2a: Clodsire|62\/100\n|\n|-heal|p2a: Clodsire|68\/100|[from] item: Leftovers\n|-damage|p1a: Victini|14\/100 tox|[from] psn\n|upkeep\n|turn|11\n|\n|t:|1699932056\n|move|p1a: Victini|Searing Shot|p2a: Clodsire\n|-damage|p2a: Clodsire|44\/100\n|move|p2a: Clodsire|Recover|p2a: Clodsire\n|-heal|p2a: Clodsire|94\/100\n|\n|-heal|p2a: Clodsire|100\/100|[from] item: Leftovers\n|-damage|p1a: Victini|0 fnt|[from] psn\n|faint|p1a: Victini\n|upkeep\n|\n|t:|1699932061\n|switch|p1a: Ditto|Ditto, shiny|100\/100\n|-damage|p1a: Ditto|88\/100|[from] Stealth Rock\n|-transform|p1a: Ditto|p2a: Clodsire|[from] ability: Imposter\n|-start|p1a: Ditto|typechange|Poison\/Ground|[silent]\n|turn|12\n|\n|t:|1699932072\n|move|p1a: Ditto|Toxic|p2a: Clodsire\n|-status|p2a: Clodsire|tox\n|move|p2a: Clodsire|Earthquake|p1a: Ditto\n|-supereffective|p1a: Ditto\n|-damage|p1a: Ditto|0 fnt\n|faint|p1a: Ditto\n|\n|-damage|p2a: Clodsire|94\/100 tox|[from] psn\n|upkeep\n|\n|t:|1699932079\n|switch|p1a: Moltres|Moltres, shiny|82\/100 tox\n|turn|13\n|\n|t:|1699932092\n|switch|p2a: Gastrodon|Gastrodon, F|80\/100\n|move|p1a: Moltres|Fire Blast|p2a: Gastrodon\n|-resisted|p2a: Gastrodon\n|-damage|p2a: Gastrodon|58\/100\n|\n|-damage|p1a: Moltres|76\/100 tox|[from] psn\n|upkeep\n|turn|14\n|\n|t:|1699932102\n|move|p1a: Moltres|Scorching Sands|p2a: Gastrodon\n|-damage|p2a: Gastrodon|40\/100\n|move|p2a: Gastrodon|Recover|p2a: Gastrodon\n|-heal|p2a: Gastrodon|90\/100\n|\n|-damage|p1a: Moltres|64\/100 tox|[from] psn\n|upkeep\n|turn|15\n|\n|t:|1699932108\n|move|p1a: Moltres|U-turn|p2a: Gastrodon\n|-damage|p2a: Gastrodon|79\/100\n|\n|t:|1699932126\n|switch|p1a: Sharpedo|Sharpedo-Mega, M|100\/100|[from] U-turn\n|-damage|p1a: Sharpedo|88\/100|[from] Stealth Rock\n|move|p2a: Gastrodon|Scald|p1a: Sharpedo\n|-resisted|p1a: Sharpedo\n|-damage|p1a: Sharpedo|65\/100\n|\n|upkeep\n|turn|16\n|\n|t:|1699932143\n|switch|p2a: Runerigus|Runerigus, M|17\/100\n|-damage|p2a: Runerigus|11\/100|[from] Stealth Rock\n|move|p1a: Sharpedo|Crunch|p2a: Runerigus\n|-supereffective|p2a: Runerigus\n|-damage|p2a: Runerigus|0 fnt\n|-activate|p2a: Runerigus|ability: Wandering Spirit|Strong Jaw|Wandering Spirit|[of] p1a: Sharpedo\n|faint|p2a: Runerigus\n|\n|upkeep\n|\n|t:|1699932155\n|switch|p2a: Claydol|Claydol|94\/100\n|-damage|p2a: Claydol|88\/100|[from] Stealth Rock\n|turn|17\n|\n|t:|1699932160\n|move|p1a: Sharpedo|Crunch|p2a: Claydol\n|-supereffective|p2a: Claydol\n|-damage|p2a: Claydol|12\/100\n|-damage|p1a: Sharpedo|48\/100|[from] item: Rocky Helmet|[of] p2a: Claydol\n|move|p2a: Claydol|Trick Room|p2a: Claydol\n|-fieldstart|move: Trick Room|[of] p2a: Claydol\n|\n|upkeep\n|turn|18\n|\n|t:|1699932165\n|move|p1a: Sharpedo|Protect|p1a: Sharpedo\n|-singleturn|p1a: Sharpedo|Protect\n|move|p2a: Claydol|Rapid Spin|p1a: Sharpedo\n|-activate|p1a: Sharpedo|move: Protect\n|\n|upkeep\n|turn|19\n|\n|t:|1699932168\n|switch|p1a: Moltres|Moltres, shiny|64\/100 tox\n|move|p2a: Claydol|Rapid Spin|p1a: Moltres\n|-damage|p1a: Moltres|58\/100 tox\n|-boost|p2a: Claydol|spe|1\n|-sideend|p2: v587|Stealth Rock|[from] move: Rapid Spin|[of] p2a: Claydol\n|\n|-damage|p1a: Moltres|52\/100 tox|[from] psn\n|upkeep\n|turn|20\n|\n|t:|1699932173\n|switch|p2a: Camerupt|Camerupt, F|100\/100\n|move|p1a: Moltres|Morning Sun|p1a: Moltres\n|-heal|p1a: Moltres|100\/100 tox\n|\n|-damage|p1a: Moltres|88\/100 tox|[from] psn\n|upkeep\n|turn|21\n|\n|t:|1699932181\n|detailschange|p2a: Camerupt|Camerupt-Mega, F\n|-mega|p2a: Camerupt|Camerupt|Cameruptite\n|move|p2a: Camerupt|Ancient Power|p1a: Moltres\n|-supereffective|p1a: Moltres\n|-damage|p1a: Moltres|0 fnt\n|faint|p1a: Moltres\n|\n|-fieldend|move: Trick Room\n|upkeep\n|\n|t:|1699932190\n|switch|p1a: Sharpedo|Sharpedo-Mega, M|48\/100\n|-damage|p1a: Sharpedo|36\/100|[from] Stealth Rock\n|turn|22\n|\n|t:|1699932201\n|switch|p2a: Claydol|Claydol|12\/100\n|move|p1a: Sharpedo|Crunch|p2a: Claydol\n|-supereffective|p2a: Claydol\n|-damage|p2a: Claydol|0 fnt\n|-damage|p1a: Sharpedo|19\/100|[from] item: Rocky Helmet|[of] p2a: Claydol\n|faint|p2a: Claydol\n|\n|upkeep\n|\n|t:|1699932215\n|switch|p2a: Gastrodon|Gastrodon, F|79\/100\n|turn|23\n|\n|t:|1699932221\n|move|p1a: Sharpedo|Crunch|p2a: Gastrodon\n|-damage|p2a: Gastrodon|28\/100\n|move|p2a: Gastrodon|Scald|p1a: Sharpedo\n|-resisted|p1a: Sharpedo\n|-damage|p1a: Sharpedo|0 fnt\n|faint|p1a: Sharpedo\n|\n|upkeep\n|\n|t:|1699932227\n|switch|p1a: Blaziken|Blaziken, M|100\/100\n|-damage|p1a: Blaziken|88\/100|[from] Stealth Rock\n|turn|24\n|\n|t:|1699932232\n|switch|p2a: Clodsire|Clodsire, F, tera:Flying|94\/100 tox\n|move|p1a: Blaziken|Focus Energy|p1a: Blaziken\n|-start|p1a: Blaziken|move: Focus Energy\n|\n|-heal|p2a: Clodsire|100\/100 tox|[from] item: Leftovers\n|-damage|p2a: Clodsire|94\/100 tox|[from] psn\n|-ability|p1a: Blaziken|Speed Boost|boost\n|-boost|p1a: Blaziken|spe|1\n|upkeep\n|turn|25\n|\n|t:|1699932244\n|-terastallize|p1a: Blaziken|Fire\n|move|p1a: Blaziken|Overheat|p2a: Clodsire\n|-crit|p2a: Clodsire\n|-damage|p2a: Clodsire|18\/100 tox\n|-unboost|p1a: Blaziken|spa|2\n|move|p2a: Clodsire|Earthquake|p1a: Blaziken\n|-supereffective|p1a: Blaziken\n|-damage|p1a: Blaziken|0 fnt\n|faint|p1a: Blaziken\n|\n|-heal|p2a: Clodsire|24\/100 tox|[from] item: Leftovers\n|-damage|p2a: Clodsire|12\/100 tox|[from] psn\n|upkeep\n|\n|t:|1699932248\n|switch|p1a: Dragonite|Dragonite, M|100\/100\n|turn|26\n|\n|t:|1699932259\n|move|p1a: Dragonite|Extreme Speed|p2a: Clodsire\n|-damage|p2a: Clodsire|0 fnt\n|faint|p2a: Clodsire\n|\n|upkeep\n|\n|t:|1699932267\n|switch|p2a: Golurk|Golurk|100\/100\n|turn|27\n|\n|t:|1699932273\n|move|p1a: Dragonite|Curse|p1a: Dragonite\n|-unboost|p1a: Dragonite|spe|1\n|-boost|p1a: Dragonite|atk|1\n|-boost|p1a: Dragonite|def|1\n|move|p2a: Golurk|Dynamic Punch|p1a: Dragonite\n|-resisted|p1a: Dragonite\n|-damage|p1a: Dragonite|94\/100\n|-start|p1a: Dragonite|confusion\n|\n|upkeep\n|turn|28\n|\n|t:|1699932279\n|move|p2a: Golurk|Poltergeist|p1a: Dragonite\n|-activate|p1a: Dragonite|move: Poltergeist|Heavy-Duty Boots\n|-damage|p1a: Dragonite|52\/100\n|-activate|p1a: Dragonite|confusion\n|move|p1a: Dragonite|Curse|p1a: Dragonite\n|-unboost|p1a: Dragonite|spe|1\n|-boost|p1a: Dragonite|atk|1\n|-boost|p1a: Dragonite|def|1\n|\n|upkeep\n|turn|29\n|\n|t:|1699932289\n|move|p2a: Golurk|Stone Edge|p1a: Dragonite\n|-supereffective|p1a: Dragonite\n|-damage|p1a: Dragonite|14\/100\n|-end|p1a: Dragonite|confusion\n|move|p1a: Dragonite|Roost|p1a: Dragonite\n|-heal|p1a: Dragonite|64\/100\n|-singleturn|p1a: Dragonite|move: Roost\n|\n|upkeep\n|turn|30\n|\n|t:|1699932296\n|move|p2a: Golurk|Dynamic Punch|p1a: Dragonite\n|-resisted|p1a: Dragonite\n|-damage|p1a: Dragonite|55\/100\n|-start|p1a: Dragonite|confusion\n|-activate|p1a: Dragonite|confusion\n|move|p1a: Dragonite|Roost|p1a: Dragonite\n|-heal|p1a: Dragonite|100\/100\n|-singleturn|p1a: Dragonite|move: Roost\n|\n|upkeep\n|turn|31\n|\n|t:|1699932304\n|move|p2a: Golurk|Stone Edge|p1a: Dragonite\n|-supereffective|p1a: Dragonite\n|-damage|p1a: Dragonite|81\/100\n|-activate|p1a: Dragonite|confusion\n|-damage|p1a: Dragonite|65\/100|[from] confusion\n|\n|upkeep\n|turn|32\n|\n|t:|1699932313\n|move|p2a: Golurk|Stone Edge|p1a: Dragonite\n|-supereffective|p1a: Dragonite\n|-damage|p1a: Dragonite|28\/100\n|-end|p1a: Dragonite|confusion\n|move|p1a: Dragonite|Roost|p1a: Dragonite\n|-heal|p1a: Dragonite|78\/100\n|-singleturn|p1a: Dragonite|move: Roost\n|\n|upkeep\n|turn|33\n|\n|t:|1699932319\n|move|p2a: Golurk|Dynamic Punch|p1a: Dragonite\n|-resisted|p1a: Dragonite\n|-damage|p1a: Dragonite|69\/100\n|-start|p1a: Dragonite|confusion\n|-activate|p1a: Dragonite|confusion\n|-damage|p1a: Dragonite|53\/100|[from] confusion\n|\n|upkeep\n|turn|34\n|\n|t:|1699932324\n|move|p2a: Golurk|Stone Edge|p1a: Dragonite\n|-supereffective|p1a: Dragonite\n|-damage|p1a: Dragonite|13\/100\n|-activate|p1a: Dragonite|confusion\n|-damage|p1a: Dragonite|0 fnt|[from] confusion\n|faint|p1a: Dragonite\n|\n|win|v587\n|raw|zohreh's rating: 1528 &rarr; <strong>1502<\/strong><br \/>(-26 for losing)\n|raw|v587's rating: 1411 &rarr; <strong>1437<\/strong><br \/>(+26 for winning)\n|l|\u2606zohreh\n","uploadtime":1699932356,"views":5,"p1id":"zohreh","p2id":"v587","formatid":"gen9nationaldex","rating":1437,"private":0,"password":""}