{"id":"gen9nationaldex-1994344646","p1":"Felypekkkk","p2":"Ezael_Stormblood","format":"[Gen 9] National Dex","log":"|j|\u2606Felypekkkk\n|j|\u2606Ezael_Stormblood\n|t:|1700433361\n|gametype|singles\n|player|p1|Felypekkkk|266|1048\n|player|p2|Ezael_Stormblood|hiker-gen4|1154\n|teamsize|p1|6\n|teamsize|p2|6\n|gen|9\n|tier|[Gen 9] National Dex\n|rated|\n|rule|HP Percentage Mod: HP is shown in percentages\n|rule|Endless Battle Clause: Forcing endless battles is banned\n|rule|OHKO Clause: OHKO moves are banned\n|rule|Evasion Clause: Evasion abilities, items, and moves are banned\n|rule|Evasion Abilities Clause: Evasion abilities are banned\n|rule|Evasion Items Clause: Evasion items are banned\n|rule|Evasion Moves Clause: Evasion moves are banned\n|rule|Species Clause: Limit one of each Pok\u00e9mon\n|rule|Sleep Clause Mod: Limit one foe put to sleep\n|clearpoke\n|poke|p1|Charizard, M|\n|poke|p1|Greninja-*, M|\n|poke|p1|Decidueye, F|\n|poke|p1|Dragonite, M|\n|poke|p1|Lucario, F|\n|poke|p1|Umbreon, M|\n|poke|p2|Spiritomb, F|\n|poke|p2|Porygon-Z|\n|poke|p2|Togekiss, F|\n|poke|p2|Lucario, F|\n|poke|p2|Milotic, F|\n|poke|p2|Garchomp, M|\n|teampreview\n|\n|t:|1700433375\n|start\n|switch|p1a: Umbreon|Umbreon, M, shiny|100\/100\n|switch|p2a: Spiritomb|Spiritomb, F|100\/100\n|turn|1\n|\n|t:|1700433389\n|move|p1a: Umbreon|Substitute|p1a: Umbreon\n|-start|p1a: Umbreon|Substitute\n|-damage|p1a: Umbreon|76\/100\n|move|p2a: Spiritomb|Will-O-Wisp|p1a: Umbreon|[miss]\n|-miss|p2a: Spiritomb|p1a: Umbreon\n|\n|-heal|p1a: Umbreon|82\/100|[from] item: Leftovers\n|upkeep\n|turn|2\n|\n|t:|1700433404\n|move|p1a: Umbreon|Zap Cannon|p2a: Spiritomb|[miss]\n|-miss|p1a: Umbreon|p2a: Spiritomb\n|move|p2a: Spiritomb|Dark Pulse|p1a: Umbreon\n|-resisted|p1a: Umbreon\n|-damage|p1a: Umbreon|68\/100\n|\n|-heal|p1a: Umbreon|75\/100|[from] item: Leftovers\n|upkeep\n|turn|3\n|\n|t:|1700433417\n|move|p2a: Spiritomb|Sucker Punch|p1a: Umbreon\n|-resisted|p1a: Umbreon\n|-damage|p1a: Umbreon|65\/100\n|move|p1a: Umbreon|Crunch|p2a: Spiritomb\n|-damage|p2a: Spiritomb|73\/100\n|\n|-heal|p1a: Umbreon|71\/100|[from] item: Leftovers\n|upkeep\n|turn|4\n|\n|t:|1700433427\n|switch|p2a: Togekiss|Togekiss, F|100\/100\n|move|p1a: Umbreon|Crunch|p2a: Togekiss\n|-resisted|p2a: Togekiss\n|-damage|p2a: Togekiss|89\/100\n|\n|-heal|p2a: Togekiss|95\/100|[from] item: Leftovers\n|-heal|p1a: Umbreon|78\/100|[from] item: Leftovers\n|upkeep\n|turn|5\n|\n|t:|1700433438\n|move|p2a: Togekiss|Dazzling Gleam|p1a: Umbreon\n|-supereffective|p1a: Umbreon\n|-end|p1a: Umbreon|Substitute\n|move|p1a: Umbreon|Iron Tail|p2a: Togekiss|[miss]\n|-miss|p1a: Umbreon|p2a: Togekiss\n|\n|-heal|p2a: Togekiss|100\/100|[from] item: Leftovers\n|-heal|p1a: Umbreon|84\/100|[from] item: Leftovers\n|upkeep\n|turn|6\n|\n|t:|1700433450\n|move|p2a: Togekiss|Dazzling Gleam|p1a: Umbreon\n|-supereffective|p1a: Umbreon\n|-damage|p1a: Umbreon|31\/100\n|move|p1a: Umbreon|Substitute|p1a: Umbreon\n|-start|p1a: Umbreon|Substitute\n|-damage|p1a: Umbreon|6\/100\n|\n|-heal|p1a: Umbreon|13\/100|[from] item: Leftovers\n|upkeep\n|turn|7\n|\n|t:|1700433460\n|move|p2a: Togekiss|Dazzling Gleam|p1a: Umbreon\n|-supereffective|p1a: Umbreon\n|-end|p1a: Umbreon|Substitute\n|move|p1a: Umbreon|Iron Tail|p2a: Togekiss|[miss]\n|-miss|p1a: Umbreon|p2a: Togekiss\n|\n|-heal|p1a: Umbreon|19\/100|[from] item: Leftovers\n|upkeep\n|turn|8\n|\n|t:|1700433470\n|move|p2a: Togekiss|Dazzling Gleam|p1a: Umbreon\n|-supereffective|p1a: Umbreon\n|-damage|p1a: Umbreon|0 fnt\n|faint|p1a: Umbreon\n|\n|upkeep\n|l|\u2606Felypekkkk\n|player|p1|\n|j|\u2606Felypekkkk\n|player|p1|Felypekkkk|266\n|\n|t:|1700433513\n|switch|p1a: Lucario|Lucario, F, shiny|100\/100\n|turn|9\n|inactive|Battle timer is ON: inactive players will automatically lose when time's up. (requested by Felypekkkk)\n|\n|t:|1700433545\n|move|p2a: Togekiss|Air Slash|p1a: Lucario\n|-damage|p1a: Lucario|54\/100\n|cant|p1a: Lucario|flinch\n|-ability|p1a: Lucario|Steadfast|boost\n|-boost|p1a: Lucario|spe|1\n|\n|-heal|p1a: Lucario|60\/100|[from] item: Leftovers\n|upkeep\n|turn|10\n|\n|t:|1700433559\n|move|p1a: Lucario|Substitute|p1a: Lucario\n|-start|p1a: Lucario|Substitute\n|-damage|p1a: Lucario|35\/100\n|move|p2a: Togekiss|Air Slash|p1a: Lucario\n|-end|p1a: Lucario|Substitute\n|\n|-heal|p1a: Lucario|41\/100|[from] item: Leftovers\n|upkeep\n|turn|11\n|\n|t:|1700433569\n|move|p1a: Lucario|Protect|p1a: Lucario\n|-singleturn|p1a: Lucario|Protect\n|move|p2a: Togekiss|Air Slash|p1a: Lucario\n|-activate|p1a: Lucario|move: Protect\n|\n|-heal|p1a: Lucario|47\/100|[from] item: Leftovers\n|upkeep\n|turn|12\n|\n|t:|1700433578\n|move|p1a: Lucario|Swords Dance|p1a: Lucario\n|-boost|p1a: Lucario|atk|2\n|move|p2a: Togekiss|Air Slash|p1a: Lucario\n|-damage|p1a: Lucario|4\/100\n|\n|-heal|p1a: Lucario|10\/100|[from] item: Leftovers\n|upkeep\n|turn|13\n|\n|t:|1700433589\n|move|p1a: Lucario|Close Combat|p2a: Togekiss\n|-resisted|p2a: Togekiss\n|-damage|p2a: Togekiss|74\/100\n|-unboost|p1a: Lucario|def|1\n|-unboost|p1a: Lucario|spd|1\n|move|p2a: Togekiss|Air Slash|p1a: Lucario\n|-damage|p1a: Lucario|0 fnt\n|faint|p1a: Lucario\n|\n|-heal|p2a: Togekiss|80\/100|[from] item: Leftovers\n|upkeep\n|c|\u2606Ezael_Stormblood|!weak togekiss\n|c| Ezael_Stormblood|\/raw <div class=\"infobox\">Togekiss (ignoring abilities):<br \/><span class=\"message-effect-weak\">Weaknesses<\/span>: Electric, Ice, Poison, Rock, Steel<br \/><span class=\"message-effect-resist\">Resistances<\/span>: <b>Bug<\/b>, Dark, <b>Fighting<\/b>, Grass<br \/><span class=\"message-effect-immune\">Immunities<\/span>: Dragon, Ground<\/div>\n|\n|t:|1700433606\n|switch|p1a: Greninja|Greninja, M, shiny|100\/100\n|turn|14\n|\n|t:|1700433613\n|move|p1a: Greninja|Swords Dance|p1a: Greninja\n|-boost|p1a: Greninja|atk|2\n|move|p2a: Togekiss|Dazzling Gleam|p1a: Greninja\n|-supereffective|p1a: Greninja\n|-damage|p1a: Greninja|0 fnt\n|faint|p1a: Greninja\n|\n|-heal|p2a: Togekiss|86\/100|[from] item: Leftovers\n|upkeep\n|\n|t:|1700433624\n|switch|p1a: Charizard|Charizard, M, shiny|100\/100\n|turn|15\n|\n|t:|1700433629\n|move|p2a: Togekiss|Air Slash|p1a: Charizard\n|-damage|p1a: Charizard|57\/100\n|cant|p1a: Charizard|flinch\n|\n|-heal|p2a: Togekiss|92\/100|[from] item: Leftovers\n|-heal|p1a: Charizard|63\/100|[from] item: Leftovers\n|upkeep\n|turn|16\n|\n|t:|1700433637\n|move|p1a: Charizard|Protect|p1a: Charizard\n|-singleturn|p1a: Charizard|Protect\n|move|p2a: Togekiss|Air Slash|p1a: Charizard\n|-activate|p1a: Charizard|move: Protect\n|\n|-heal|p2a: Togekiss|98\/100|[from] item: Leftovers\n|-heal|p1a: Charizard|69\/100|[from] item: Leftovers\n|upkeep\n|turn|17\n|\n|t:|1700433647\n|move|p2a: Togekiss|Air Slash|p1a: Charizard\n|-damage|p1a: Charizard|27\/100\n|cant|p1a: Charizard|flinch\n|\n|-heal|p2a: Togekiss|100\/100|[from] item: Leftovers\n|-heal|p1a: Charizard|33\/100|[from] item: Leftovers\n|upkeep\n|turn|18\n|\n|t:|1700433655\n|move|p2a: Togekiss|Air Slash|p1a: Charizard\n|-damage|p1a: Charizard|0 fnt\n|faint|p1a: Charizard\n|\n|upkeep\n|\n|t:|1700433660\n|switch|p1a: Dragonite|Dragonite, M|100\/100\n|turn|19\n|\n|t:|1700433667\n|move|p2a: Togekiss|Dazzling Gleam|p1a: Dragonite\n|-supereffective|p1a: Dragonite\n|-damage|p1a: Dragonite|33\/100\n|move|p1a: Dragonite|Dragon Dance|p1a: Dragonite\n|-boost|p1a: Dragonite|atk|1\n|-boost|p1a: Dragonite|spe|1\n|\n|-heal|p1a: Dragonite|39\/100|[from] item: Leftovers\n|upkeep\n|turn|20\n|\n|t:|1700433678\n|-terastallize|p2a: Togekiss|Fairy\n|move|p1a: Dragonite|Thunder|p2a: Togekiss\n|-damage|p2a: Togekiss|75\/100\n|move|p2a: Togekiss|Dazzling Gleam|p1a: Dragonite\n|-supereffective|p1a: Dragonite\n|-damage|p1a: Dragonite|0 fnt\n|faint|p1a: Dragonite\n|\n|-heal|p2a: Togekiss|81\/100|[from] item: Leftovers\n|upkeep\n|\n|t:|1700433690\n|switch|p1a: Decidueye|Decidueye, F, shiny|100\/100\n|turn|21\n|\n|t:|1700433694\n|move|p2a: Togekiss|Air Slash|p1a: Decidueye\n|-supereffective|p1a: Decidueye\n|-damage|p1a: Decidueye|36\/100\n|cant|p1a: Decidueye|flinch\n|\n|-heal|p2a: Togekiss|87\/100|[from] item: Leftovers\n|-heal|p1a: Decidueye|42\/100|[from] item: Leftovers\n|upkeep\n|turn|22\n|\n|t:|1700433705\n|move|p2a: Togekiss|Air Slash|p1a: Decidueye\n|-supereffective|p1a: Decidueye\n|-damage|p1a: Decidueye|0 fnt\n|faint|p1a: Decidueye\n|\n|win|Ezael_Stormblood\n|raw|Felypekkkk's rating: 1048 &rarr; <strong>1036<\/strong><br \/>(-12 for losing)\n|raw|Ezael_Stormblood's rating: 1154 &rarr; <strong>1172<\/strong><br \/>(+18 for winning)\n|c|\u2606Ezael_Stormblood|ggs\n","uploadtime":1700433714,"views":5,"p1id":"felypekkkk","p2id":"ezaelstormblood","formatid":"gen9nationaldex","rating":1036,"private":0,"password":""}