{"id":"gen9nationaldex-1989252735","p1":"elzy","p2":"Toxic Ariados","format":"[Gen 9] National Dex","log":"|j|\u2606elzy\n|j|\u2606Toxic Ariados\n|inactive|Battle timer is ON: inactive players will automatically lose when time's up.\n|t:|1699828287\n|gametype|singles\n|player|p1|elzy|backpacker|\n|player|p2|Toxic Ariados|lucas|\n|teamsize|p1|6\n|teamsize|p2|6\n|gen|9\n|tier|[Gen 9] National Dex\n|rated|Tournament battle\n|rule|HP Percentage Mod: HP is shown in percentages\n|rule|Endless Battle Clause: Forcing endless battles is banned\n|rule|OHKO Clause: OHKO moves are banned\n|rule|Evasion Clause: Evasion abilities, items, and moves are banned\n|rule|Evasion Abilities Clause: Evasion abilities are banned\n|rule|Evasion Items Clause: Evasion items are banned\n|rule|Evasion Moves Clause: Evasion moves are banned\n|rule|Species Clause: Limit one of each Pok\u00e9mon\n|rule|Sleep Clause Mod: Limit one foe put to sleep\n|clearpoke\n|poke|p1|Alomomola, M|\n|poke|p1|Aggron, F|\n|poke|p1|Muk-Alola, F|\n|poke|p1|Slowking-Galar, M|\n|poke|p1|Goodra, F|\n|poke|p1|Weezing-Galar, M|\n|poke|p2|Grimmsnarl, M|\n|poke|p2|Okidogi, M|\n|poke|p2|Volcarona, F|\n|poke|p2|Great Tusk|\n|poke|p2|Ogerpon-Cornerstone, F|\n|poke|p2|Jirachi|\n|teampreview\n|inactive|elzy also wants the timer to be on.\n|j| asoespresso\n|inactive|elzy has 120 seconds left.\n|inactive|elzy has 90 seconds left.\n|j| gowae\n|\n|t:|1699828374\n|start\n|switch|p1a: Aggron|Aggron, F|100\/100\n|switch|p2a: Diablo|Grimmsnarl, M|100\/100\n|turn|1\n|\n|t:|1699828394\n|detailschange|p1a: Aggron|Aggron-Mega, F\n|-mega|p1a: Aggron|Aggron|Aggronite\n|move|p2a: Diablo|Reflect|p2a: Diablo\n|-sidestart|p2: Toxic Ariados|Reflect\n|move|p1a: Aggron|Heavy Slam|p2a: Diablo\n|-supereffective|p2a: Diablo\n|-damage|p2a: Diablo|39\/100\n|\n|upkeep\n|turn|2\n|\n|t:|1699828398\n|switch|p2a: Solstice|Volcarona, F|100\/100\n|move|p1a: Aggron|Stealth Rock|p2a: Solstice\n|-sidestart|p2: Toxic Ariados|move: Stealth Rock\n|\n|upkeep\n|turn|3\n|\n|t:|1699828406\n|switch|p2a: Wrath|Okidogi, M|100\/100\n|-damage|p2a: Wrath|94\/100|[from] Stealth Rock\n|switch|p1a: Alomomola|Alomomola, M|100\/100\n|\n|upkeep\n|turn|4\n|\n|t:|1699828411\n|move|p1a: Alomomola|Protect|p1a: Alomomola\n|-singleturn|p1a: Alomomola|Protect\n|move|p2a: Wrath|Knock Off|p1a: Alomomola\n|-activate|p1a: Alomomola|move: Protect\n|\n|upkeep\n|turn|5\n|\n|t:|1699828416\n|switch|p1a: Weezing|Weezing-Galar, M|100\/100\n|move|p2a: Wrath|Knock Off|p1a: Weezing\n|-resisted|p1a: Weezing\n|-damage|p1a: Weezing|90\/100\n|-enditem|p1a: Weezing|Leftovers|[from] move: Knock Off|[of] p2a: Wrath\n|\n|upkeep\n|turn|6\n|\n|t:|1699828422\n|switch|p2a: Solstice|Volcarona, F|100\/100\n|move|p1a: Weezing|Will-O-Wisp|p2a: Solstice\n|-immune|p2a: Solstice\n|\n|upkeep\n|turn|7\n|\n|t:|1699828427\n|switch|p1a: Slowking|Slowking-Galar, M|100\/100\n|move|p2a: Solstice|Fiery Dance|p1a: Slowking\n|-damage|p1a: Slowking|76\/100\n|\n|upkeep\n|turn|8\n|\n|t:|1699828430\n|move|p2a: Solstice|Fiery Dance|p1a: Slowking\n|-damage|p1a: Slowking|51\/100\n|move|p1a: Slowking|Future Sight|p2a: Solstice\n|-start|p1a: Slowking|move: Future Sight\n|\n|-sideend|p2: Toxic Ariados|Reflect\n|upkeep\n|turn|9\n|\n|t:|1699828435\n|switch|p2a: Wrath|Okidogi, M|94\/100\n|-damage|p2a: Wrath|88\/100|[from] Stealth Rock\n|move|p1a: Slowking|Hydro Pump|p2a: Wrath|[miss]\n|-miss|p1a: Slowking|p2a: Wrath\n|\n|upkeep\n|turn|10\n|\n|t:|1699828441\n|switch|p1a: Aggron|Aggron-Mega, F|100\/100\n|-terastallize|p2a: Wrath|Dark\n|move|p2a: Wrath|Knock Off|p1a: Aggron\n|-damage|p1a: Aggron|88\/100\n|\n|-end|p2a: Wrath|move: Future Sight\n|-immune|p2a: Wrath\n|upkeep\n|turn|11\n|\n|t:|1699828448\n|move|p2a: Wrath|Bulk Up|p2a: Wrath\n|-boost|p2a: Wrath|atk|1\n|-boost|p2a: Wrath|def|1\n|move|p1a: Aggron|Body Press|p2a: Wrath\n|-supereffective|p2a: Wrath\n|-damage|p2a: Wrath|38\/100\n|-enditem|p2a: Wrath|Weakness Policy\n|-boost|p2a: Wrath|atk|2|[from] item: Weakness Policy\n|-boost|p2a: Wrath|spa|2|[from] item: Weakness Policy\n|\n|upkeep\n|turn|12\n|\n|t:|1699828451\n|move|p2a: Wrath|Drain Punch|p1a: Aggron\n|-supereffective|p1a: Aggron\n|-damage|p1a: Aggron|38\/100\n|-heal|p2a: Wrath|60\/100|[from] drain|[of] p1a: Aggron\n|move|p1a: Aggron|Metal Burst|p2a: Wrath\n|-damage|p2a: Wrath|0 fnt\n|faint|p2a: Wrath\n|\n|upkeep\n|c|\u2606Toxic Ariados|oh god\n|c|\u2606Toxic Ariados|thats a nasty trick\n|\n|t:|1699828474\n|switch|p2a: Solstice|Volcarona, F|100\/100\n|turn|13\n|\n|t:|1699828477\n|switch|p1a: Alomomola|Alomomola, M|100\/100\n|move|p2a: Solstice|Fiery Dance|p1a: Alomomola\n|-resisted|p1a: Alomomola\n|-damage|p1a: Alomomola|72\/100\n|\n|-heal|p1a: Alomomola|78\/100|[from] item: Leftovers\n|upkeep\n|turn|14\n|\n|t:|1699828481\n|move|p2a: Solstice|Quiver Dance|p2a: Solstice\n|-boost|p2a: Solstice|spa|1\n|-boost|p2a: Solstice|spd|1\n|-boost|p2a: Solstice|spe|1\n|move|p1a: Alomomola|Wish|p1a: Alomomola\n|\n|-heal|p1a: Alomomola|84\/100|[from] item: Leftovers\n|upkeep\n|turn|15\n|j| YJLF2\n|\n|t:|1699828485\n|switch|p1a: Muk|Muk-Alola, F|100\/100\n|move|p2a: Solstice|Fiery Dance|p1a: Muk\n|-damage|p1a: Muk|62\/100\n|\n|-heal|p1a: Muk|100\/100|[from] move: Wish|[wisher] Alomomola\n|upkeep\n|turn|16\n|j| moniika\n|\n|t:|1699828491\n|switch|p2a: Bedrock|Great Tusk|100\/100\n|move|p1a: Muk|Knock Off|p2a: Bedrock\n|-resisted|p2a: Bedrock\n|-damage|p2a: Bedrock|82\/100\n|-enditem|p2a: Bedrock|Heavy-Duty Boots|[from] move: Knock Off|[of] p1a: Muk\n|\n|upkeep\n|turn|17\n|\n|t:|1699828497\n|switch|p1a: Alomomola|Alomomola, M|100\/100\n|move|p2a: Bedrock|Rapid Spin|p1a: Alomomola\n|-damage|p1a: Alomomola|91\/100\n|-boost|p2a: Bedrock|spe|1\n|-sideend|p2: Toxic Ariados|Stealth Rock|[from] move: Rapid Spin|[of] p2a: Bedrock\n|\n|-heal|p1a: Alomomola|97\/100|[from] item: Leftovers\n|upkeep\n|turn|18\n|\n|t:|1699828501\n|-end|p2a: Bedrock|Protosynthesis|[silent]\n|switch|p2a: Diablo|Grimmsnarl, M|39\/100\n|move|p1a: Alomomola|Wish|p1a: Alomomola\n|\n|-heal|p1a: Alomomola|100\/100|[from] item: Leftovers\n|upkeep\n|turn|19\n|\n|t:|1699828504\n|move|p2a: Diablo|Reflect|p2a: Diablo\n|-sidestart|p2: Toxic Ariados|Reflect\n|move|p1a: Alomomola|Flip Turn|p2a: Diablo\n|-damage|p2a: Diablo|29\/100\n|\n|t:|1699828506\n|switch|p1a: Aggron|Aggron-Mega, F|38\/100|[from] Flip Turn\n|\n|-heal|p1a: Aggron|100\/100|[from] move: Wish|[wisher] Alomomola\n|upkeep\n|turn|20\n|\n|t:|1699828508\n|switch|p2a: Solstice|Volcarona, F|100\/100\n|move|p1a: Aggron|Heavy Slam|p2a: Solstice\n|-resisted|p2a: Solstice\n|-damage|p2a: Solstice|81\/100\n|\n|upkeep\n|turn|21\n|\n|t:|1699828513\n|switch|p1a: Alomomola|Alomomola, M|100\/100\n|move|p2a: Solstice|Fiery Dance|p1a: Alomomola\n|-resisted|p1a: Alomomola\n|-damage|p1a: Alomomola|74\/100\n|-boost|p2a: Solstice|spa|1\n|\n|-heal|p1a: Alomomola|80\/100|[from] item: Leftovers\n|upkeep\n|turn|22\n|\n|t:|1699828520\n|switch|p1a: Goodra|Goodra, F|100\/100\n|move|p2a: Solstice|Giga Drain|p1a: Goodra\n|-ability|p1a: Goodra|Sap Sipper|boost\n|-boost|p1a: Goodra|atk|1\n|\n|upkeep\n|turn|23\n|\n|t:|1699828525\n|switch|p2a: Diablo|Grimmsnarl, M|29\/100\n|move|p1a: Goodra|Hydro Pump|p2a: Diablo\n|-damage|p2a: Diablo|1\/100\n|\n|upkeep\n|turn|24\n|\n|t:|1699828530\n|switch|p1a: Aggron|Aggron-Mega, F|100\/100\n|move|p2a: Diablo|Light Screen|p2a: Diablo\n|-sidestart|p2: Toxic Ariados|move: Light Screen\n|\n|upkeep\n|turn|25\n|\n|t:|1699828533\n|move|p2a: Diablo|Taunt|p1a: Aggron\n|-start|p1a: Aggron|move: Taunt\n|cant|p1a: Aggron|move: Taunt|Stealth Rock\n|\n|upkeep\n|turn|26\n|\n|t:|1699828538\n|switch|p2a: Solstice|Volcarona, F|81\/100\n|switch|p1a: Muk|Muk-Alola, F|100\/100\n|\n|-sideend|p2: Toxic Ariados|Reflect\n|upkeep\n|turn|27\n|\n|t:|1699828542\n|move|p2a: Solstice|Fiery Dance|p1a: Muk\n|-damage|p1a: Muk|73\/100\n|move|p1a: Muk|Knock Off|p2a: Solstice\n|-damage|p2a: Solstice|19\/100\n|-status|p1a: Muk|brn|[from] ability: Flame Body|[of] p2a: Solstice\n|-enditem|p2a: Solstice|Heavy-Duty Boots|[from] move: Knock Off|[of] p1a: Muk\n|\n|-damage|p1a: Muk|67\/100 brn|[from] brn\n|upkeep\n|turn|28\n|\n|t:|1699828547\n|switch|p2a: Bedrock|Great Tusk|82\/100\n|move|p1a: Muk|Explosion|p2a: Bedrock\n|-damage|p2a: Bedrock|52\/100\n|faint|p1a: Muk\n|\n|upkeep\n|\n|t:|1699828552\n|switch|p1a: Weezing|Weezing-Galar, M|90\/100\n|turn|29\n|\n|t:|1699828556\n|-end|p2a: Bedrock|Protosynthesis|[silent]\n|switch|p2a: Solstice|Volcarona, F|19\/100\n|move|p1a: Weezing|Strange Steam|p2a: Solstice\n|-resisted|p2a: Solstice\n|-damage|p2a: Solstice|12\/100\n|-start|p2a: Solstice|confusion\n|\n|upkeep\n|turn|30\n|\n|t:|1699828560\n|switch|p1a: Goodra|Goodra, F|100\/100\n|-activate|p2a: Solstice|confusion\n|move|p2a: Solstice|Fiery Dance|p1a: Goodra\n|-resisted|p1a: Goodra\n|-damage|p1a: Goodra|91\/100\n|\n|upkeep\n|turn|31\n|\n|t:|1699828568\n|-activate|p2a: Solstice|confusion\n|move|p2a: Solstice|Fiery Dance|p1a: Goodra\n|-resisted|p1a: Goodra\n|-damage|p1a: Goodra|82\/100\n|-boost|p2a: Solstice|spa|1\n|move|p1a: Goodra|Flamethrower|p2a: Solstice\n|-damage|p2a: Solstice|0 fnt\n|faint|p2a: Solstice\n|\n|-sideend|p2: Toxic Ariados|move: Light Screen\n|upkeep\n|\n|t:|1699828574\n|switch|p2a: Diablo|Grimmsnarl, M|1\/100\n|turn|32\n|\n|t:|1699828579\n|move|p2a: Diablo|Reflect|p2a: Diablo\n|-sidestart|p2: Toxic Ariados|Reflect\n|move|p1a: Goodra|Flamethrower|p2a: Diablo\n|-damage|p2a: Diablo|0 fnt\n|faint|p2a: Diablo\n|\n|upkeep\n|\n|t:|1699828581\n|switch|p2a: Ogerpon|Ogerpon-Cornerstone, F|100\/100\n|turn|33\n|\n|t:|1699828588\n|move|p2a: Ogerpon|Swords Dance|p2a: Ogerpon\n|-boost|p2a: Ogerpon|atk|2\n|move|p1a: Goodra|Dragon Pulse|p2a: Ogerpon\n|-damage|p2a: Ogerpon|46\/100\n|\n|upkeep\n|turn|34\n|\n|t:|1699828592\n|switch|p1a: Aggron|Aggron-Mega, F|100\/100\n|move|p2a: Ogerpon|Ivy Cudgel|p1a: Aggron\n|-resisted|p1a: Aggron\n|-crit|p1a: Aggron\n|-damage|p1a: Aggron|68\/100\n|\n|upkeep\n|turn|35\n|\n|t:|1699828598\n|move|p2a: Ogerpon|Stomping Tantrum|p1a: Aggron\n|-supereffective|p1a: Aggron\n|-damage|p1a: Aggron|33\/100\n|move|p1a: Aggron|Body Press|p2a: Ogerpon\n|-supereffective|p2a: Ogerpon\n|-damage|p2a: Ogerpon|0 fnt\n|faint|p2a: Ogerpon\n|\n|upkeep\n|\n|t:|1699828608\n|switch|p2a: Stardust|Jirachi, shiny|100\/100\n|turn|36\n|\n|t:|1699828610\n|switch|p1a: Slowking|Slowking-Galar, M|84\/100\n|-zpower|p2a: Stardust\n|move|p2a: Stardust|Z-Happy Hour|p2a: Stardust|[anim]Happy Hour\n|-boost|p2a: Stardust|atk|1|[zeffect]\n|-boost|p2a: Stardust|def|1|[zeffect]\n|-boost|p2a: Stardust|spa|1|[zeffect]\n|-boost|p2a: Stardust|spd|1|[zeffect]\n|-boost|p2a: Stardust|spe|1|[zeffect]\n|\n|upkeep\n|turn|37\n|\n|t:|1699828614\n|-terastallize|p1a: Slowking|Water\n|move|p2a: Stardust|Iron Head|p1a: Slowking\n|-resisted|p1a: Slowking\n|-damage|p1a: Slowking|62\/100\n|move|p1a: Slowking|Flamethrower|p2a: Stardust\n|-supereffective|p2a: Stardust\n|-damage|p2a: Stardust|51\/100\n|\n|upkeep\n|turn|38\n|\n|t:|1699828623\n|move|p2a: Stardust|Calm Mind|p2a: Stardust\n|-boost|p2a: Stardust|spa|1\n|-boost|p2a: Stardust|spd|1\n|move|p1a: Slowking|Flamethrower|p2a: Stardust\n|-supereffective|p2a: Stardust\n|-damage|p2a: Stardust|15\/100\n|\n|upkeep\n|turn|39\n|j| XXMurdrXX\n|c| asoespresso|bro\n|inactive|Toxic Ariados has 120 seconds left.\n|c| asoespresso|what is this rachi set\n|c| moniika|let him cook\n|c| asoespresso|no\n|c| asoespresso|the house burned down\n|c| moniika|blows his ass up with sp\n|c| asoespresso|u killed 10 people\n|c| moniika|trust me\n|\n|t:|1699828682\n|switch|p1a: Aggron|Aggron-Mega, F|33\/100\n|move|p2a: Stardust|Stored Power|p1a: Aggron\n|-resisted|p1a: Aggron\n|-crit|p1a: Aggron\n|-damage|p1a: Aggron|0 fnt\n|faint|p1a: Aggron\n|\n|-sideend|p2: Toxic Ariados|Reflect\n|upkeep\n|\n|t:|1699828687\n|switch|p1a: Slowking|Slowking-Galar, M, tera:Water|95\/100\n|turn|40\n|c|\u2606Toxic Ariados|i feel like its not av\n|c| moniika|just dodge the hydropump\n|c|\u2606Toxic Ariados|volca did too much\n|inactive|Toxic Ariados has 90 seconds left.\n|c| moniika|just dodge the flamethrower\n|\n|t:|1699828723\n|move|p2a: Stardust|Iron Head|p1a: Slowking\n|-resisted|p1a: Slowking\n|-damage|p1a: Slowking|72\/100\n|move|p1a: Slowking|Flamethrower|p2a: Stardust\n|-supereffective|p2a: Stardust\n|-damage|p2a: Stardust|0 fnt\n|faint|p2a: Stardust\n|\n|upkeep\n|c| moniika|just crit\n|\n|t:|1699828726\n|switch|p2a: Bedrock|Great Tusk|52\/100\n|turn|41\n|\n|t:|1699828728\n|switch|p1a: Weezing|Weezing-Galar, M|90\/100\n|move|p2a: Bedrock|Headlong Rush|p1a: Weezing\n|-immune|p1a: Weezing|[from] ability: Levitate\n|\n|upkeep\n|turn|42\n|c|\u2606Toxic Ariados|dang\n|c|\u2606Toxic Ariados|gg\n|\n|t:|1699828731\n|move|p2a: Bedrock|Ice Spinner|p1a: Weezing\n|-damage|p1a: Weezing|74\/100\n|move|p1a: Weezing|Strange Steam|p2a: Bedrock\n|-supereffective|p2a: Bedrock\n|-damage|p2a: Bedrock|0 fnt\n|faint|p2a: Bedrock\n|-end|p2a: Bedrock|Protosynthesis|[silent]\n|\n|win|elzy\n|n|\u2606elzy|elzy\n|n|\u2606Toxic Ariados|toxicariados\n|n| asoespresso|asoespresso\n|n| gowae|gowae\n|n| YJLF2|yjlf2\n|n| moniika|moniika\n|n| XXMurdrXX|xxmurdrxx\n","uploadtime":1699828732,"views":4,"p1id":"elzy","p2id":"toxicariados","formatid":"gen9nationaldex","rating":0,"private":0,"password":""}