{"id":"gen9nationaldex-1994875384","p1":"Glockto16","p2":"Neitor el 08","format":"[Gen 9] National Dex","log":"|html|<div class=\"broadcast-blue\"><strong>[Gen 9] National Dex is currently suspecting Sneasler! For information on how to participate check out the <a href=\"https:\/\/www.smogon.com\/forums\/threads\/sv-national-dex-suspect-8-just-dance.3731534\/\">suspect thread<\/a>.<\/strong><\/div>\n|j|\u2606Glockto16\n|j|\u2606Neitor el 08\n|t:|1700500769\n|gametype|singles\n|player|p1|Glockto16|hilda-wonderlauncher|1246\n|player|p2|Neitor el 08|red|1299\n|teamsize|p1|6\n|teamsize|p2|6\n|gen|9\n|tier|[Gen 9] National Dex\n|rated|\n|rule|HP Percentage Mod: HP is shown in percentages\n|rule|Endless Battle Clause: Forcing endless battles is banned\n|rule|OHKO Clause: OHKO moves are banned\n|rule|Evasion Clause: Evasion abilities, items, and moves are banned\n|rule|Evasion Abilities Clause: Evasion abilities are banned\n|rule|Evasion Items Clause: Evasion items are banned\n|rule|Evasion Moves Clause: Evasion moves are banned\n|rule|Species Clause: Limit one of each Pok\u00e9mon\n|rule|Sleep Clause Mod: Limit one foe put to sleep\n|clearpoke\n|poke|p1|Iron Moth|\n|poke|p1|Volcarona, M|\n|poke|p1|Slither Wing|\n|poke|p1|Sandy Shocks|\n|poke|p1|Zapdos|\n|poke|p1|Iron Valiant|\n|poke|p2|Qwilfish-Hisui, F|\n|poke|p2|Typhlosion-Hisui, M|\n|poke|p2|Scizor, M|\n|poke|p2|Ursaluna, F|\n|poke|p2|Enamorus, F|\n|poke|p2|Avalugg-Hisui, M|\n|teampreview\n|\n|t:|1700500791\n|start\n|switch|p1a: Sandy Shocks|Sandy Shocks|100\/100\n|switch|p2a: Q no te de?|Qwilfish-Hisui, F|100\/100\n|-ability|p2a: Q no te de?|Intimidate|boost\n|-unboost|p1a: Sandy Shocks|atk|1\n|turn|1\n|\n|t:|1700500807\n|move|p1a: Sandy Shocks|Stealth Rock|p2a: Q no te de?\n|-sidestart|p2: Neitor el 08|move: Stealth Rock\n|move|p2a: Q no te de?|Toxic Spikes|p1a: Sandy Shocks\n|-sidestart|p1: Glockto16|move: Toxic Spikes\n|\n|upkeep\n|turn|2\n|\n|t:|1700500817\n|move|p1a: Sandy Shocks|Earth Power|p2a: Q no te de?\n|-supereffective|p2a: Q no te de?\n|-damage|p2a: Q no te de?|39\/100\n|move|p2a: Q no te de?|Toxic Spikes|p1a: Sandy Shocks\n|-sidestart|p1: Glockto16|move: Toxic Spikes\n|\n|upkeep\n|turn|3\n|inactive|Battle timer is ON: inactive players will automatically lose when time's up. (requested by Neitor el 08)\n|\n|t:|1700500824\n|move|p2a: Q no te de?|Aqua Jet|p1a: Sandy Shocks\n|-supereffective|p1a: Sandy Shocks\n|-damage|p1a: Sandy Shocks|82\/100\n|move|p1a: Sandy Shocks|Earth Power|p2a: Q no te de?\n|-supereffective|p2a: Q no te de?\n|-damage|p2a: Q no te de?|0 fnt\n|faint|p2a: Q no te de?\n|\n|-heal|p1a: Sandy Shocks|88\/100|[from] item: Leftovers\n|upkeep\n|\n|t:|1700500847\n|switch|p2a: Cogeortos|Ursaluna, F|100\/100\n|-damage|p2a: Cogeortos|94\/100|[from] Stealth Rock\n|turn|4\n|inactive|Glockto16 has 120 seconds left.\n|\n|t:|1700500892\n|-end|p1a: Sandy Shocks|Protosynthesis|[silent]\n|switch|p1a: Iron Valiant|Iron Valiant|100\/100\n|-status|p1a: Iron Valiant|tox\n|-enditem|p1a: Iron Valiant|Booster Energy\n|-activate|p1a: Iron Valiant|ability: Quark Drive|[fromitem]\n|-start|p1a: Iron Valiant|quarkdrivespe\n|move|p2a: Cogeortos|Facade|p1a: Iron Valiant\n|-damage|p1a: Iron Valiant|47\/100 tox\n|\n|-damage|p1a: Iron Valiant|41\/100 tox|[from] psn\n|-status|p2a: Cogeortos|brn|[from] item: Flame Orb\n|upkeep\n|turn|5\n|\n|t:|1700500906\n|move|p1a: Iron Valiant|Close Combat|p2a: Cogeortos\n|-supereffective|p2a: Cogeortos\n|-damage|p2a: Cogeortos|11\/100 brn\n|-unboost|p1a: Iron Valiant|def|1\n|-unboost|p1a: Iron Valiant|spd|1\n|move|p2a: Cogeortos|Facade|p1a: Iron Valiant\n|-damage|p1a: Iron Valiant|0 fnt\n|faint|p1a: Iron Valiant\n|-end|p1a: Iron Valiant|Quark Drive|[silent]\n|\n|-damage|p2a: Cogeortos|5\/100 brn|[from] brn\n|upkeep\n|\n|t:|1700500922\n|switch|p1a: Zapdos|Zapdos|100\/100\n|-ability|p1a: Zapdos|Pressure\n|turn|6\n|\n|t:|1700500927\n|move|p1a: Zapdos|Defog|p2a: Cogeortos\n|-unboost|p2a: Cogeortos|evasion|1\n|-sideend|p2: Neitor el 08|Stealth Rock|[from] move: Defog|[of] p1a: Zapdos\n|-sideend|p1: Glockto16|Toxic Spikes|[from] move: Defog|[of] p1a: Zapdos\n|move|p2a: Cogeortos|Facade|p1a: Zapdos\n|-crit|p1a: Zapdos\n|-damage|p1a: Zapdos|0 fnt\n|faint|p1a: Zapdos\n|\n|-damage|p2a: Cogeortos|0 fnt|[from] brn\n|faint|p2a: Cogeortos\n|upkeep\n|\n|t:|1700500948\n|switch|p1a: Slither Wing|Slither Wing|100\/100\n|switch|p2a: Cupido|Enamorus, F|100\/100\n|turn|7\n|\n|t:|1700500958\n|-terastallize|p1a: Slither Wing|Bug\n|move|p1a: Slither Wing|First Impression|p2a: Cupido\n|-resisted|p2a: Cupido\n|-damage|p2a: Cupido|59\/100\n|-damage|p1a: Slither Wing|91\/100|[from] item: Life Orb\n|move|p2a: Cupido|Earth Power|p1a: Slither Wing\n|-resisted|p1a: Slither Wing\n|-damage|p1a: Slither Wing|74\/100\n|\n|upkeep\n|turn|8\n|\n|t:|1700500972\n|move|p2a: Cupido|Mystical Fire|p1a: Slither Wing\n|-supereffective|p1a: Slither Wing\n|-damage|p1a: Slither Wing|11\/100\n|-unboost|p1a: Slither Wing|spa|1\n|move|p1a: Slither Wing|U-turn|p2a: Cupido\n|-resisted|p2a: Cupido\n|-damage|p2a: Cupido|30\/100\n|-damage|p1a: Slither Wing|1\/100|[from] item: Life Orb\n|\n|t:|1700500986\n|-end|p1a: Slither Wing|Protosynthesis|[silent]\n|switch|p1a: Iron Moth|Iron Moth|100\/100|[from] U-turn\n|-enditem|p1a: Iron Moth|Booster Energy\n|-activate|p1a: Iron Moth|ability: Quark Drive|[fromitem]\n|-start|p1a: Iron Moth|quarkdrivespe\n|\n|upkeep\n|turn|9\n|\n|t:|1700500996\n|move|p1a: Iron Moth|Sludge Wave|p2a: Cupido\n|-supereffective|p2a: Cupido\n|-damage|p2a: Cupido|0 fnt\n|faint|p2a: Cupido\n|\n|upkeep\n|inactive|Neitor el 08 has 120 seconds left.\n|\n|t:|1700501040\n|switch|p2a: Fumao|Typhlosion-Hisui, M|100\/100\n|turn|10\n|\n|t:|1700501047\n|move|p1a: Iron Moth|Sludge Wave|p2a: Fumao\n|-resisted|p2a: Fumao\n|-damage|p2a: Fumao|67\/100\n|move|p2a: Fumao|Extrasensory|p1a: Iron Moth\n|-supereffective|p1a: Iron Moth\n|-crit|p1a: Iron Moth\n|-damage|p1a: Iron Moth|27\/100\n|\n|upkeep\n|turn|11\n|inactive|Glockto16 has 120 seconds left.\n|\n|t:|1700501064\n|move|p1a: Iron Moth|Sludge Wave|p2a: Fumao\n|-resisted|p2a: Fumao\n|-damage|p2a: Fumao|36\/100\n|move|p2a: Fumao|Extrasensory|p1a: Iron Moth\n|-supereffective|p1a: Iron Moth\n|-damage|p1a: Iron Moth|0 fnt\n|faint|p1a: Iron Moth\n|-end|p1a: Iron Moth|Quark Drive|[silent]\n|\n|upkeep\n|\n|t:|1700501072\n|switch|p1a: Sandy Shocks|Sandy Shocks|88\/100\n|turn|12\n|\n|t:|1700501092\n|move|p2a: Fumao|Extrasensory|p1a: Sandy Shocks\n|-crit|p1a: Sandy Shocks\n|-damage|p1a: Sandy Shocks|37\/100\n|cant|p1a: Sandy Shocks|flinch\n|\n|-heal|p1a: Sandy Shocks|44\/100|[from] item: Leftovers\n|upkeep\n|turn|13\n|inactive|Glockto16 has 120 seconds left.\n|inactive|Neitor el 08 has 120 seconds left.\n|\n|t:|1700501107\n|move|p2a: Fumao|Extrasensory|p1a: Sandy Shocks\n|-damage|p1a: Sandy Shocks|11\/100\n|move|p1a: Sandy Shocks|Earth Power|p2a: Fumao\n|-supereffective|p2a: Fumao\n|-damage|p2a: Fumao|0 fnt\n|faint|p2a: Fumao\n|\n|-heal|p1a: Sandy Shocks|17\/100|[from] item: Leftovers\n|upkeep\n|inactive|Neitor el 08 has 120 seconds left.\n|\n|t:|1700501126\n|switch|p2a: Choca esos 5|Scizor, M|100\/100\n|turn|14\n|\n|t:|1700501131\n|move|p1a: Sandy Shocks|Thunderbolt|p2a: Choca esos 5\n|-damage|p2a: Choca esos 5|44\/100\n|move|p2a: Choca esos 5|Swords Dance|p2a: Choca esos 5\n|-boost|p2a: Choca esos 5|atk|2\n|\n|-heal|p1a: Sandy Shocks|23\/100|[from] item: Leftovers\n|upkeep\n|turn|15\n|inactive|Neitor el 08 has 120 seconds left.\n|\n|t:|1700501162\n|detailschange|p2a: Choca esos 5|Scizor-Mega, M\n|-mega|p2a: Choca esos 5|Scizor|Scizorite\n|move|p2a: Choca esos 5|Bullet Punch|p1a: Sandy Shocks\n|-resisted|p1a: Sandy Shocks\n|-damage|p1a: Sandy Shocks|0 fnt\n|faint|p1a: Sandy Shocks\n|-end|p1a: Sandy Shocks|Protosynthesis|[silent]\n|\n|upkeep\n|\n|t:|1700501170\n|switch|p1a: Volcarona|Volcarona, M|100\/100\n|turn|16\n|\n|t:|1700501187\n|move|p2a: Choca esos 5|Bullet Punch|p1a: Volcarona\n|-resisted|p1a: Volcarona\n|-damage|p1a: Volcarona|46\/100\n|move|p1a: Volcarona|Fiery Dance|p2a: Choca esos 5\n|-supereffective|p2a: Choca esos 5\n|-damage|p2a: Choca esos 5|0 fnt\n|-boost|p1a: Volcarona|spa|1\n|faint|p2a: Choca esos 5\n|\n|upkeep\n|inactive|Neitor el 08 has 90 seconds left.\n|\n|t:|1700501206\n|switch|p2a: Avalug de detalles|Avalugg-Hisui, M|100\/100\n|turn|17\n|\n|t:|1700501213\n|move|p1a: Volcarona|Fiery Dance|p2a: Avalug de detalles\n|-ability|p2a: Avalug de detalles|Sturdy\n|-damage|p2a: Avalug de detalles|1\/100\n|move|p2a: Avalug de detalles|Body Press|p1a: Volcarona\n|-resisted|p1a: Volcarona\n|-damage|p1a: Volcarona|13\/100\n|\n|upkeep\n|turn|18\n|-message|Neitor el 08 forfeited.\n|\n|win|Glockto16\n|raw|Glockto16's rating: 1246 &rarr; <strong>1275<\/strong><br \/>(+29 for winning)\n|raw|Neitor el 08's rating: 1299 &rarr; <strong>1270<\/strong><br \/>(-29 for losing)\n|l|\u2606Neitor el 08\n","uploadtime":1700501229,"views":6,"p1id":"glockto16","p2id":"neitorel08","formatid":"gen9nationaldex","rating":1270,"private":0,"password":""}