{"id":"gen9nationaldex-1998005804","p1":"cowmanderjbbwn","p2":"Busboi2468","format":"[Gen 9] National Dex","log":"|html|<div class=\"broadcast-blue\"><strong>[Gen 9] National Dex is currently suspecting Sneasler! For information on how to participate check out the <a href=\"https:\/\/www.smogon.com\/forums\/threads\/sv-national-dex-suspect-8-just-dance.3731534\/\">suspect thread<\/a>.<\/strong><\/div>\n|j|\u2606cowmanderjbbwn\n|j|\u2606Busboi2468\n|t:|1700878029\n|gametype|singles\n|player|p1|cowmanderjbbwn|janitor|1099\n|player|p2|Busboi2468|101|1159\n|teamsize|p1|6\n|teamsize|p2|6\n|gen|9\n|tier|[Gen 9] National Dex\n|rated|\n|rule|HP Percentage Mod: HP is shown in percentages\n|rule|Endless Battle Clause: Forcing endless battles is banned\n|rule|OHKO Clause: OHKO moves are banned\n|rule|Evasion Clause: Evasion abilities, items, and moves are banned\n|rule|Evasion Abilities Clause: Evasion abilities are banned\n|rule|Evasion Items Clause: Evasion items are banned\n|rule|Evasion Moves Clause: Evasion moves are banned\n|rule|Species Clause: Limit one of each Pok\u00e9mon\n|rule|Sleep Clause Mod: Limit one foe put to sleep\n|clearpoke\n|poke|p1|Poliwrath, M|\n|poke|p1|Politoed, M|\n|poke|p1|Seismitoad, M|\n|poke|p1|Greninja-*, M|\n|poke|p1|Toxicroak, F|\n|poke|p1|Bellibolt, M|\n|poke|p2|Gliscor, M|\n|poke|p2|Ninetales-Alola, F|\n|poke|p2|Rotom-Wash|\n|poke|p2|Glimmora, F|\n|poke|p2|Volcarona, F|\n|poke|p2|Lopunny, M|\n|teampreview\n|\n|t:|1700878043\n|start\n|switch|p1a: The Big guy|Seismitoad, M|100\/100\n|switch|p2a: Ninetales|Ninetales-Alola, F|100\/100\n|-weather|Snow|[from] ability: Snow Warning|[of] p2a: Ninetales\n|turn|1\n|\n|t:|1700878056\n|move|p2a: Ninetales|Aurora Veil|p2a: Ninetales\n|-sidestart|p2: Busboi2468|move: Aurora Veil\n|move|p1a: The Big guy|Stealth Rock|p2a: Ninetales\n|-sidestart|p2: Busboi2468|move: Stealth Rock\n|\n|-weather|Snow|[upkeep]\n|upkeep\n|turn|2\n|\n|t:|1700878062\n|move|p2a: Ninetales|Freeze-Dry|p1a: The Big guy\n|-supereffective|p1a: The Big guy\n|-damage|p1a: The Big guy|0 fnt\n|faint|p1a: The Big guy\n|\n|-weather|Snow|[upkeep]\n|upkeep\n|\n|t:|1700878066\n|switch|p1a: The Frogalist|Politoed, M|100\/100\n|-weather|RainDance|[from] ability: Drizzle|[of] p1a: The Frogalist\n|turn|3\n|\n|t:|1700878072\n|move|p2a: Ninetales|Freeze-Dry|p1a: The Frogalist\n|-supereffective|p1a: The Frogalist\n|-damage|p1a: The Frogalist|54\/100\n|move|p1a: The Frogalist|Whirlpool|p2a: Ninetales\n|-damage|p2a: Ninetales|91\/100\n|-activate|p2a: Ninetales|move: Whirlpool|[of] p1a: The Frogalist\n|\n|-weather|RainDance|[upkeep]\n|-damage|p2a: Ninetales|79\/100|[from] move: Whirlpool|[partiallytrapped]\n|upkeep\n|turn|4\n|\n|t:|1700878092\n|move|p1a: The Frogalist|Protect|p1a: The Frogalist\n|-singleturn|p1a: The Frogalist|Protect\n|move|p2a: Ninetales|Freeze-Dry|p1a: The Frogalist\n|-activate|p1a: The Frogalist|move: Protect\n|\n|-weather|RainDance|[upkeep]\n|-damage|p2a: Ninetales|67\/100|[from] move: Whirlpool|[partiallytrapped]\n|upkeep\n|turn|5\n|\n|t:|1700878102\n|switch|p1a: The Rotound|Bellibolt, M|100\/100\n|move|p2a: Ninetales|Freeze-Dry|p1a: The Rotound\n|-damage|p1a: The Rotound|89\/100\n|-start|p1a: The Rotound|Charge|Freeze-Dry|[from] ability: Electromorphosis\n|\n|-weather|RainDance|[upkeep]\n|-end|p2a: Ninetales|Whirlpool|[partiallytrapped]|[silent]\n|upkeep\n|turn|6\n|inactive|Battle timer is ON: inactive players will automatically lose when time's up. (requested by cowmanderjbbwn)\n|\n|t:|1700878234\n|switch|p2a: Rotom|Rotom-Wash|100\/100\n|-damage|p2a: Rotom|88\/100|[from] Stealth Rock\n|move|p1a: The Rotound|Acid Spray|p2a: Rotom\n|-damage|p2a: Rotom|85\/100\n|-unboost|p2a: Rotom|spd|2\n|\n|-weather|RainDance|[upkeep]\n|upkeep\n|turn|7\n|\n|t:|1700878255\n|switch|p2a: Glimmora|Glimmora, F|100\/100\n|-damage|p2a: Glimmora|88\/100|[from] Stealth Rock\n|move|p1a: The Rotound|Thunder|p2a: Glimmora\n|-crit|p2a: Glimmora\n|-damage|p2a: Glimmora|0 fnt\n|faint|p2a: Glimmora\n|-end|p1a: The Rotound|Charge|[silent]\n|\n|-weather|RainDance|[upkeep]\n|upkeep\n|inactive|Busboi2468 has 120 seconds left.\n|\n|t:|1700878277\n|switch|p2a: Ninetales|Ninetales-Alola, F|67\/100\n|-damage|p2a: Ninetales|42\/100|[from] Stealth Rock\n|-weather|Snow|[from] ability: Snow Warning|[of] p2a: Ninetales\n|turn|8\n|inactive|Busboi2468 has 120 seconds left.\n|\n|t:|1700878305\n|switch|p1a: The Frogalist|Politoed, M|54\/100\n|-weather|RainDance|[from] ability: Drizzle|[of] p1a: The Frogalist\n|-terastallize|p2a: Ninetales|Ground\n|move|p2a: Ninetales|Blizzard|p1a: The Frogalist\n|-resisted|p1a: The Frogalist\n|-damage|p1a: The Frogalist|36\/100\n|\n|-weather|RainDance|[upkeep]\n|-sideend|p2: Busboi2468|move: Aurora Veil\n|upkeep\n|turn|9\n|\n|t:|1700878321\n|move|p1a: The Frogalist|Protect|p1a: The Frogalist\n|-singleturn|p1a: The Frogalist|Protect\n|move|p2a: Ninetales|Freeze-Dry|p1a: The Frogalist\n|-activate|p1a: The Frogalist|move: Protect\n|\n|-weather|RainDance|[upkeep]\n|upkeep\n|turn|10\n|\n|t:|1700878331\n|switch|p1a: The Stabby|Toxicroak, F|100\/100\n|move|p2a: Ninetales|Freeze-Dry|p1a: The Stabby\n|-crit|p1a: The Stabby\n|-damage|p1a: The Stabby|45\/100\n|\n|-weather|RainDance|[upkeep]\n|-heal|p1a: The Stabby|57\/100|[from] ability: Dry Skin\n|upkeep\n|turn|11\n|\n|t:|1700878350\n|switch|p2a: Gliscor|Gliscor, M|100\/100\n|-damage|p2a: Gliscor|88\/100|[from] Stealth Rock\n|move|p1a: The Stabby|Close Combat|p2a: Gliscor\n|-resisted|p2a: Gliscor\n|-damage|p2a: Gliscor|65\/100\n|-unboost|p1a: The Stabby|def|1\n|-unboost|p1a: The Stabby|spd|1\n|\n|-weather|RainDance|[upkeep]\n|-heal|p1a: The Stabby|69\/100|[from] ability: Dry Skin\n|-status|p2a: Gliscor|tox|[from] item: Toxic Orb\n|upkeep\n|turn|12\n|inactive|Busboi2468 has 90 seconds left.\n|\n|t:|1700878379\n|switch|p1a: The OG|Poliwrath, M|100\/100\n|move|p2a: Gliscor|Earthquake|p1a: The OG\n|-damage|p1a: The OG|78\/100\n|\n|-weather|RainDance|[upkeep]\n|-heal|p1a: The OG|84\/100|[from] item: Leftovers\n|-heal|p2a: Gliscor|78\/100 tox|[from] ability: Poison Heal\n|upkeep\n|turn|13\n|inactive|Busboi2468 has 90 seconds left.\n|\n|t:|1700878395\n|switch|p2a: Rotom|Rotom-Wash|85\/100\n|-damage|p2a: Rotom|72\/100|[from] Stealth Rock\n|move|p1a: The OG|Scald|p2a: Rotom\n|-resisted|p2a: Rotom\n|-damage|p2a: Rotom|60\/100\n|\n|-weather|RainDance|[upkeep]\n|-heal|p1a: The OG|90\/100|[from] item: Leftovers\n|upkeep\n|turn|14\n|inactive|Busboi2468 has 90 seconds left.\n|\n|t:|1700878406\n|move|p2a: Rotom|Volt Switch|p1a: The OG\n|-supereffective|p1a: The OG\n|-damage|p1a: The OG|43\/100\n|\n|t:|1700878412\n|switch|p2a: Lopunny|Lopunny, M|100\/100|[from] Volt Switch\n|-damage|p2a: Lopunny|88\/100|[from] Stealth Rock\n|move|p1a: The OG|Toxic|p2a: Lopunny\n|-status|p2a: Lopunny|tox\n|\n|-weather|RainDance|[upkeep]\n|-heal|p1a: The OG|50\/100|[from] item: Leftovers\n|-damage|p2a: Lopunny|82\/100 tox|[from] psn\n|upkeep\n|turn|15\n|inactive|Busboi2468 has 90 seconds left.\n|\n|t:|1700878427\n|detailschange|p2a: Lopunny|Lopunny-Mega, M\n|-mega|p2a: Lopunny|Lopunny|Lopunnite\n|move|p2a: Lopunny|Fake Out|p1a: The OG\n|-damage|p1a: The OG|35\/100\n|cant|p1a: The OG|flinch\n|\n|-weather|none\n|-heal|p1a: The OG|41\/100|[from] item: Leftovers\n|-damage|p2a: Lopunny|71\/100 tox|[from] psn\n|upkeep\n|turn|16\n|inactive|Busboi2468 has 90 seconds left.\n|\n|t:|1700878443\n|switch|p2a: Rotom|Rotom-Wash|60\/100\n|-damage|p2a: Rotom|48\/100|[from] Stealth Rock\n|move|p1a: The OG|Vacuum Wave|p2a: Rotom\n|-damage|p2a: Rotom|40\/100\n|\n|-heal|p1a: The OG|47\/100|[from] item: Leftovers\n|upkeep\n|turn|17\n|\n|t:|1700878466\n|move|p2a: Rotom|Volt Switch|p1a: The OG\n|-supereffective|p1a: The OG\n|-damage|p1a: The OG|2\/100\n|\n|t:|1700878481\n|switch|p2a: Lopunny|Lopunny-Mega, M|71\/100 tox|[from] Volt Switch\n|-damage|p2a: Lopunny|65\/100 tox|[from] Stealth Rock\n|move|p1a: The OG|Toxic|p2a: Lopunny\n|-fail|p2a: Lopunny|tox\n|\n|-heal|p1a: The OG|8\/100|[from] item: Leftovers\n|-damage|p2a: Lopunny|59\/100 tox|[from] psn\n|upkeep\n|turn|18\n|\n|t:|1700878493\n|move|p2a: Lopunny|Fake Out|p1a: The OG\n|-damage|p1a: The OG|0 fnt\n|faint|p1a: The OG\n|\n|-damage|p2a: Lopunny|47\/100 tox|[from] psn\n|upkeep\n|\n|t:|1700878499\n|switch|p1a: The Stabby|Toxicroak, F|69\/100\n|turn|19\n|\n|t:|1700878511\n|switch|p2a: Gliscor|Gliscor, M|78\/100 tox\n|-damage|p2a: Gliscor|65\/100 tox|[from] Stealth Rock\n|move|p1a: The Stabby|Swords Dance|p1a: The Stabby\n|-boost|p1a: The Stabby|atk|2\n|\n|-heal|p2a: Gliscor|78\/100 tox|[from] ability: Poison Heal\n|upkeep\n|turn|20\n|\n|t:|1700878524\n|move|p2a: Gliscor|Fling|p1a: The Stabby\n|-resisted|p1a: The Stabby\n|-damage|p1a: The Stabby|65\/100\n|-enditem|p2a: Gliscor|Toxic Orb|[from] move: Fling\n|move|p1a: The Stabby|Close Combat|p2a: Gliscor\n|-resisted|p2a: Gliscor\n|-damage|p2a: Gliscor|32\/100 tox\n|-unboost|p1a: The Stabby|def|1\n|-unboost|p1a: The Stabby|spd|1\n|\n|-heal|p2a: Gliscor|45\/100 tox|[from] ability: Poison Heal\n|upkeep\n|turn|21\n|\n|t:|1700878531\n|move|p2a: Gliscor|Acrobatics|p1a: The Stabby\n|-supereffective|p1a: The Stabby\n|-damage|p1a: The Stabby|0 fnt\n|faint|p1a: The Stabby\n|\n|-heal|p2a: Gliscor|57\/100 tox|[from] ability: Poison Heal\n|upkeep\n|\n|t:|1700878544\n|switch|p1a: The Frogalist|Politoed, M|36\/100\n|-weather|RainDance|[from] ability: Drizzle|[of] p1a: The Frogalist\n|turn|22\n|\n|t:|1700878550\n|move|p2a: Gliscor|Acrobatics|p1a: The Frogalist\n|-damage|p1a: The Frogalist|4\/100\n|move|p1a: The Frogalist|Scald|p2a: Gliscor\n|-supereffective|p2a: Gliscor\n|-damage|p2a: Gliscor|0 fnt\n|faint|p2a: Gliscor\n|\n|-weather|RainDance|[upkeep]\n|upkeep\n|inactive|Busboi2468 has 90 seconds left.\n|\n|t:|1700878563\n|switch|p2a: Ninetales|Ninetales-Alola, F, tera:Ground|42\/100\n|-damage|p2a: Ninetales|36\/100|[from] Stealth Rock\n|-weather|Snow|[from] ability: Snow Warning|[of] p2a: Ninetales\n|turn|23\n|c|\u2606cowmanderjbbwn|oh\n|inactive|Busboi2468 has 90 seconds left.\n|\n|t:|1700878579\n|switch|p1a: The Rotound|Bellibolt, M|89\/100\n|move|p2a: Ninetales|Freeze-Dry|p1a: The Rotound\n|-damage|p1a: The Rotound|77\/100\n|-start|p1a: The Rotound|Charge|Freeze-Dry|[from] ability: Electromorphosis\n|\n|-weather|Snow|[upkeep]\n|upkeep\n|turn|24\n|\n|t:|1700878588\n|move|p2a: Ninetales|Aurora Veil|p2a: Ninetales\n|-sidestart|p2: Busboi2468|move: Aurora Veil\n|move|p1a: The Rotound|Weather Ball|p2a: Ninetales\n|-supereffective|p2a: Ninetales\n|-damage|p2a: Ninetales|9\/100\n|\n|-weather|Snow|[upkeep]\n|upkeep\n|turn|25\n|c|\u2606cowmanderjbbwn|the veil\n|\n|t:|1700878612\n|switch|p2a: Volcarona|Volcarona, F|100\/100\n|-damage|p2a: Volcarona|50\/100|[from] Stealth Rock\n|switch|p1a: The Frogalist|Politoed, M|4\/100\n|-weather|RainDance|[from] ability: Drizzle|[of] p1a: The Frogalist\n|\n|-weather|RainDance|[upkeep]\n|upkeep\n|turn|26\n|\n|t:|1700878624\n|move|p2a: Volcarona|Giga Drain|p1a: The Frogalist\n|-supereffective|p1a: The Frogalist\n|-damage|p1a: The Frogalist|0 fnt\n|-heal|p2a: Volcarona|53\/100|[from] drain|[of] p1a: The Frogalist\n|faint|p1a: The Frogalist\n|-damage|p2a: Volcarona|43\/100|[from] item: Life Orb\n|\n|-weather|RainDance|[upkeep]\n|upkeep\n|\n|t:|1700878627\n|switch|p1a: The Rotound|Bellibolt, M|77\/100\n|turn|27\n|\n|t:|1700878648\n|move|p2a: Volcarona|Quiver Dance|p2a: Volcarona\n|-boost|p2a: Volcarona|spa|1\n|-boost|p2a: Volcarona|spd|1\n|-boost|p2a: Volcarona|spe|1\n|move|p1a: The Rotound|Acid Spray|p2a: Volcarona\n|-damage|p2a: Volcarona|39\/100\n|-unboost|p2a: Volcarona|spd|2\n|\n|-weather|RainDance|[upkeep]\n|upkeep\n|turn|28\n|\n|t:|1700878660\n|move|p2a: Volcarona|Quiver Dance|p2a: Volcarona\n|-boost|p2a: Volcarona|spa|1\n|-boost|p2a: Volcarona|spd|1\n|-boost|p2a: Volcarona|spe|1\n|move|p1a: The Rotound|Acid Spray|p2a: Volcarona\n|-damage|p2a: Volcarona|34\/100\n|-unboost|p2a: Volcarona|spd|2\n|\n|-weather|RainDance|[upkeep]\n|upkeep\n|turn|29\n|inactive|Busboi2468 has 90 seconds left.\n|inactive|Busboi2468 has 60 seconds left.\n|\n|t:|1700878709\n|-terastallize|p1a: The Rotound|Grass\n|move|p2a: Volcarona|Giga Drain|p1a: The Rotound\n|-resisted|p1a: The Rotound\n|-damage|p1a: The Rotound|62\/100\n|-heal|p2a: Volcarona|44\/100|[from] drain|[of] p1a: The Rotound\n|-start|p1a: The Rotound|Charge|Giga Drain|[from] ability: Electromorphosis\n|-damage|p2a: Volcarona|34\/100|[from] item: Life Orb\n|move|p1a: The Rotound|Parabolic Charge|p2a: Volcarona\n|-damage|p2a: Volcarona|0 fnt\n|-heal|p1a: The Rotound|75\/100|[from] drain|[of] p2a: Volcarona\n|faint|p2a: Volcarona\n|-end|p1a: The Rotound|Charge|[silent]\n|\n|-weather|RainDance|[upkeep]\n|upkeep\n|inactive|Busboi2468 has 60 seconds left.\n|\n|t:|1700878728\n|switch|p2a: Lopunny|Lopunny-Mega, M|47\/100 tox\n|-damage|p2a: Lopunny|41\/100 tox|[from] Stealth Rock\n|turn|30\n|\n|t:|1700878749\n|move|p2a: Lopunny|Fake Out|p1a: The Rotound\n|-damage|p1a: The Rotound|55\/100\n|-start|p1a: The Rotound|Charge|Fake Out|[from] ability: Electromorphosis\n|cant|p1a: The Rotound|flinch\n|-end|p1a: The Rotound|Charge|[silent]\n|\n|-weather|RainDance|[upkeep]\n|-damage|p2a: Lopunny|35\/100 tox|[from] psn\n|upkeep\n|turn|31\n|\n|t:|1700878758\n|move|p2a: Lopunny|Ice Punch|p1a: The Rotound\n|-supereffective|p1a: The Rotound\n|-damage|p1a: The Rotound|10\/100\n|-start|p1a: The Rotound|Charge|Ice Punch|[from] ability: Electromorphosis\n|move|p1a: The Rotound|Parabolic Charge|p2a: Lopunny\n|-damage|p2a: Lopunny|3\/100 tox\n|-heal|p1a: The Rotound|20\/100|[from] drain|[of] p2a: Lopunny\n|-end|p1a: The Rotound|Charge|[silent]\n|\n|-weather|RainDance|[upkeep]\n|-damage|p2a: Lopunny|0 fnt|[from] psn\n|faint|p2a: Lopunny\n|-sideend|p2: Busboi2468|move: Aurora Veil\n|upkeep\n|\n|t:|1700878771\n|switch|p2a: Ninetales|Ninetales-Alola, F, tera:Ground|9\/100\n|-damage|p2a: Ninetales|3\/100|[from] Stealth Rock\n|-weather|Snow|[from] ability: Snow Warning|[of] p2a: Ninetales\n|turn|32\n|c|\u2606cowmanderjbbwn|oh im dead\n|c|\u2606cowmanderjbbwn|it lived the rocks\n|inactive|Busboi2468 has 30 seconds left.\n|\n|t:|1700878800\n|move|p2a: Ninetales|Blizzard|p1a: The Rotound\n|-supereffective|p1a: The Rotound\n|-crit|p1a: The Rotound\n|-damage|p1a: The Rotound|0 fnt\n|faint|p1a: The Rotound\n|\n|-weather|Snow|[upkeep]\n|upkeep\n|inactive|Busboi2468 has 30 seconds left this turn.\n|c|\u2606cowmanderjbbwn|what\n|c|\u2606cowmanderjbbwn|if u setup veil tho\n|\n|t:|1700878816\n|switch|p1a: The Weeb|Greninja, M|100\/100\n|turn|33\n|inactive|Busboi2468 has 30 seconds left.\n|\n|t:|1700878835\n|move|p1a: The Weeb|Water Shuriken|p2a: Ninetales\n|-supereffective|p2a: Ninetales\n|-damage|p2a: Ninetales|0 fnt\n|faint|p2a: Ninetales\n|-ability|p1a: The Weeb|Battle Bond|boost\n|-boost|p1a: The Weeb|atk|1\n|-boost|p1a: The Weeb|spa|1\n|-boost|p1a: The Weeb|spe|1\n|-activate|p1a: The Weeb|ability: Battle Bond\n|-hitcount|p2: Ninetales|1\n|\n|-weather|Snow|[upkeep]\n|upkeep\n|inactive|Busboi2468 has 30 seconds left this turn.\n|inactive|Busboi2468 has 20 seconds left.\n|\n|t:|1700878846\n|switch|p2a: Rotom|Rotom-Wash|40\/100\n|-damage|p2a: Rotom|27\/100|[from] Stealth Rock\n|turn|34\n|inactive|Busboi2468 has 30 seconds left this turn.\n|inactive|Busboi2468 has 20 seconds left.\n|\n|t:|1700878858\n|move|p1a: The Weeb|Dark Pulse|p2a: Rotom\n|-damage|p2a: Rotom|0 fnt\n|faint|p2a: Rotom\n|\n|win|cowmanderjbbwn\n|inactive|Busboi2468 has 25 seconds left this turn.\n|raw|cowmanderjbbwn's rating: 1099 &rarr; <strong>1128<\/strong><br \/>(+29 for winning)\n|raw|Busboi2468's rating: 1159 &rarr; <strong>1130<\/strong><br \/>(-29 for losing)\n|l|\u2606Busboi2468\n|c|\u2606cowmanderjbbwn|i woudlve lost if u setup veil\n","uploadtime":1700878886,"views":4,"p1id":"cowmanderjbbwn","p2id":"busboi2468","formatid":"gen9nationaldex","rating":1128,"private":0,"password":""}