{"id":"gen9nationaldex-1994933764","p1":"nanabuon","p2":"Rankuroi","format":"[Gen 9] National Dex","log":"|html|<div class=\"broadcast-blue\"><strong>[Gen 9] National Dex is currently suspecting Sneasler! For information on how to participate check out the <a href=\"https:\/\/www.smogon.com\/forums\/threads\/sv-national-dex-suspect-8-just-dance.3731534\/\">suspect thread<\/a>.<\/strong><\/div>\n|j|\u2606nanabuon\n|j|\u2606Rankuroi\n|t:|1700505951\n|gametype|singles\n|player|p1|nanabuon|bruno|1239\n|player|p2|Rankuroi|erika|1339\n|teamsize|p1|6\n|teamsize|p2|6\n|gen|9\n|tier|[Gen 9] National Dex\n|rated|\n|rule|HP Percentage Mod: HP is shown in percentages\n|rule|Endless Battle Clause: Forcing endless battles is banned\n|rule|OHKO Clause: OHKO moves are banned\n|rule|Evasion Clause: Evasion abilities, items, and moves are banned\n|rule|Evasion Abilities Clause: Evasion abilities are banned\n|rule|Evasion Items Clause: Evasion items are banned\n|rule|Evasion Moves Clause: Evasion moves are banned\n|rule|Species Clause: Limit one of each Pok\u00e9mon\n|rule|Sleep Clause Mod: Limit one foe put to sleep\n|clearpoke\n|poke|p1|Dondozo, F|\n|poke|p1|Gastrodon, M|\n|poke|p1|Slowbro, M|\n|poke|p1|Blissey, F|\n|poke|p1|Tapu Koko|\n|poke|p1|Cinderace, M|\n|poke|p2|Victreebel, M|\n|poke|p2|Torkoal, M|\n|poke|p2|Seaking, F|\n|poke|p2|Octillery, M|\n|poke|p2|Spiritomb, M|\n|poke|p2|Sunflora, F|\n|teampreview\n|inactive|Battle timer is ON: inactive players will automatically lose when time's up. (requested by Rankuroi)\n|\n|t:|1700505965\n|start\n|switch|p1a: Tapu Koko|Tapu Koko|100\/100\n|switch|p2a: Sunflora|Sunflora, F, shiny|100\/100\n|-fieldstart|move: Electric Terrain|[from] ability: Electric Surge|[of] p1a: Tapu Koko\n|turn|1\n|\n|t:|1700505973\n|move|p1a: Tapu Koko|Volt Switch|p2a: Sunflora\n|-resisted|p2a: Sunflora\n|-crit|p2a: Sunflora\n|-damage|p2a: Sunflora|73\/100\n|\n|t:|1700505977\n|switch|p1a: Cinderace|Cinderace, M|100\/100|[from] Volt Switch\n|move|p2a: Sunflora|Earth Power|p1a: Cinderace\n|-supereffective|p1a: Cinderace\n|-damage|p1a: Cinderace|17\/100\n|\n|upkeep\n|turn|2\n|\n|t:|1700505986\n|switch|p2a: Octillery|Octillery, M|100\/100\n|move|p1a: Cinderace|Pyro Ball|p2a: Octillery\n|-resisted|p2a: Octillery\n|-damage|p2a: Octillery|53\/100\n|\n|upkeep\n|turn|3\n|\n|t:|1700505994\n|switch|p1a: Gastrodon|Gastrodon, M|100\/100\n|move|p2a: Octillery|Sludge Wave|p1a: Gastrodon\n|-resisted|p1a: Gastrodon\n|-damage|p1a: Gastrodon|86\/100\n|\n|-heal|p1a: Gastrodon|92\/100|[from] item: Leftovers\n|upkeep\n|turn|4\n|\n|t:|1700506006\n|switch|p2a: Torkoal|Torkoal, M, shiny|100\/100\n|-weather|SunnyDay|[from] ability: Drought|[of] p2a: Torkoal\n|move|p1a: Gastrodon|Earth Power|p2a: Torkoal\n|-supereffective|p2a: Torkoal\n|-damage|p2a: Torkoal|13\/100\n|\n|-weather|SunnyDay|[upkeep]\n|-heal|p1a: Gastrodon|98\/100|[from] item: Leftovers\n|upkeep\n|turn|5\n|\n|t:|1700506020\n|switch|p2a: Sunflora|Sunflora, F, shiny|73\/100\n|move|p1a: Gastrodon|Earth Power|p2a: Sunflora\n|-resisted|p2a: Sunflora\n|-damage|p2a: Sunflora|56\/100\n|\n|-weather|SunnyDay|[upkeep]\n|-damage|p2a: Sunflora|44\/100|[from] ability: Solar Power|[of] p2a: Sunflora\n|-heal|p1a: Gastrodon|100\/100|[from] item: Leftovers\n|-fieldend|move: Electric Terrain\n|upkeep\n|turn|6\n|\n|t:|1700506030\n|switch|p1a: Blissey|Blissey, F|100\/100\n|move|p2a: Sunflora|Giga Drain|p1a: Blissey\n|-damage|p1a: Blissey|84\/100\n|-heal|p2a: Sunflora|64\/100|[from] drain|[of] p1a: Blissey\n|\n|-weather|SunnyDay|[upkeep]\n|-damage|p2a: Sunflora|51\/100|[from] ability: Solar Power|[of] p2a: Sunflora\n|-heal|p1a: Blissey|91\/100|[from] item: Leftovers\n|upkeep\n|turn|7\n|\n|t:|1700506043\n|switch|p2a: Octillery|Octillery, M|53\/100\n|move|p1a: Blissey|Toxic|p2a: Octillery\n|-status|p2a: Octillery|tox\n|\n|-weather|SunnyDay|[upkeep]\n|-heal|p1a: Blissey|97\/100|[from] item: Leftovers\n|-damage|p2a: Octillery|46\/100 tox|[from] psn\n|upkeep\n|turn|8\n|\n|t:|1700506057\n|switch|p1a: Gastrodon|Gastrodon, M|100\/100\n|move|p2a: Octillery|Flamethrower|p1a: Gastrodon\n|-resisted|p1a: Gastrodon\n|-damage|p1a: Gastrodon|81\/100\n|\n|-weather|SunnyDay|[upkeep]\n|-heal|p1a: Gastrodon|87\/100|[from] item: Leftovers\n|-damage|p2a: Octillery|34\/100 tox|[from] psn\n|upkeep\n|turn|9\n|\n|t:|1700506075\n|move|p2a: Octillery|Ice Beam|p1a: Gastrodon\n|-damage|p1a: Gastrodon|61\/100\n|move|p1a: Gastrodon|Scald|p2a: Octillery\n|-resisted|p2a: Octillery\n|-damage|p2a: Octillery|25\/100 tox\n|\n|-weather|SunnyDay|[upkeep]\n|-heal|p1a: Gastrodon|67\/100|[from] item: Leftovers\n|-damage|p2a: Octillery|6\/100 tox|[from] psn\n|upkeep\n|turn|10\n|\n|t:|1700506089\n|move|p2a: Octillery|Ice Beam|p1a: Gastrodon\n|-damage|p1a: Gastrodon|41\/100\n|move|p1a: Gastrodon|Ice Beam|p2a: Octillery\n|-resisted|p2a: Octillery\n|-crit|p2a: Octillery\n|-damage|p2a: Octillery|0 fnt\n|faint|p2a: Octillery\n|\n|-weather|SunnyDay|[upkeep]\n|-heal|p1a: Gastrodon|47\/100|[from] item: Leftovers\n|upkeep\n|\n|t:|1700506100\n|switch|p2a: Sunflora|Sunflora, F, shiny|51\/100\n|turn|11\n|\n|t:|1700506104\n|switch|p1a: Blissey|Blissey, F|97\/100\n|move|p2a: Sunflora|Giga Drain|p1a: Blissey\n|-damage|p1a: Blissey|81\/100\n|-heal|p2a: Sunflora|71\/100|[from] drain|[of] p1a: Blissey\n|\n|-weather|none\n|-heal|p1a: Blissey|87\/100|[from] item: Leftovers\n|upkeep\n|turn|12\n|\n|t:|1700506116\n|switch|p2a: Torkoal|Torkoal, M, shiny|13\/100\n|-weather|SunnyDay|[from] ability: Drought|[of] p2a: Torkoal\n|move|p1a: Blissey|Toxic|p2a: Torkoal\n|-status|p2a: Torkoal|tox\n|\n|-weather|SunnyDay|[upkeep]\n|-heal|p1a: Blissey|93\/100|[from] item: Leftovers\n|-damage|p2a: Torkoal|7\/100 tox|[from] psn\n|upkeep\n|turn|13\n|\n|t:|1700506127\n|switch|p2a: Victreebel|Victreebel, M, shiny|100\/100\n|move|p1a: Blissey|Seismic Toss|p2a: Victreebel\n|-damage|p2a: Victreebel|67\/100\n|\n|-weather|SunnyDay|[upkeep]\n|-heal|p1a: Blissey|99\/100|[from] item: Leftovers\n|upkeep\n|turn|14\n|\n|t:|1700506141\n|switch|p1a: Slowbro|Slowbro, M|100\/100\n|move|p2a: Victreebel|Growth|p2a: Victreebel\n|-boost|p2a: Victreebel|atk|2\n|-boost|p2a: Victreebel|spa|2\n|\n|-weather|SunnyDay|[upkeep]\n|upkeep\n|turn|15\n|\n|t:|1700506157\n|move|p2a: Victreebel|Giga Drain|p1a: Slowbro\n|-supereffective|p1a: Slowbro\n|-damage|p1a: Slowbro|0 fnt\n|-heal|p2a: Victreebel|100\/100|[from] drain|[of] p1a: Slowbro\n|faint|p1a: Slowbro\n|\n|-weather|SunnyDay|[upkeep]\n|upkeep\n|\n|t:|1700506167\n|switch|p1a: Cinderace|Cinderace, M|17\/100\n|turn|16\n|\n|t:|1700506179\n|switch|p1a: Gastrodon|Gastrodon, M|47\/100\n|move|p2a: Victreebel|Giga Drain|p1a: Gastrodon\n|-supereffective|p1a: Gastrodon\n|-damage|p1a: Gastrodon|0 fnt\n|faint|p1a: Gastrodon\n|\n|-weather|SunnyDay|[upkeep]\n|upkeep\n|\n|t:|1700506194\n|switch|p1a: Blissey|Blissey, F|99\/100\n|turn|17\n|\n|t:|1700506199\n|move|p2a: Victreebel|Growth|p2a: Victreebel\n|-boost|p2a: Victreebel|atk|2\n|-boost|p2a: Victreebel|spa|2\n|move|p1a: Blissey|Seismic Toss|p2a: Victreebel\n|-damage|p2a: Victreebel|67\/100\n|\n|-weather|SunnyDay|[upkeep]\n|-heal|p1a: Blissey|100\/100|[from] item: Leftovers\n|upkeep\n|turn|18\n|\n|t:|1700506208\n|move|p2a: Victreebel|Growth|p2a: Victreebel\n|-boost|p2a: Victreebel|atk|2\n|-boost|p2a: Victreebel|spa|2\n|move|p1a: Blissey|Seismic Toss|p2a: Victreebel\n|-damage|p2a: Victreebel|34\/100\n|\n|-weather|SunnyDay|[upkeep]\n|upkeep\n|turn|19\n|\n|t:|1700506217\n|move|p2a: Victreebel|Giga Drain|p1a: Blissey\n|-damage|p1a: Blissey|61\/100\n|-heal|p2a: Victreebel|81\/100|[from] drain|[of] p1a: Blissey\n|move|p1a: Blissey|Seismic Toss|p2a: Victreebel\n|-damage|p2a: Victreebel|47\/100\n|\n|-weather|none\n|-heal|p1a: Blissey|67\/100|[from] item: Leftovers\n|upkeep\n|turn|20\n|\n|t:|1700506237\n|move|p2a: Victreebel|Giga Drain|p1a: Blissey\n|-damage|p1a: Blissey|24\/100\n|-heal|p2a: Victreebel|99\/100|[from] drain|[of] p1a: Blissey\n|move|p1a: Blissey|Seismic Toss|p2a: Victreebel\n|-damage|p2a: Victreebel|66\/100\n|\n|-heal|p1a: Blissey|30\/100|[from] item: Leftovers\n|upkeep\n|turn|21\n|\n|t:|1700506247\n|move|p2a: Victreebel|Giga Drain|p1a: Blissey\n|-damage|p1a: Blissey|0 fnt\n|-heal|p2a: Victreebel|100\/100|[from] drain|[of] p1a: Blissey\n|faint|p1a: Blissey\n|\n|upkeep\n|\n|t:|1700506253\n|switch|p1a: Cinderace|Cinderace, M|17\/100\n|turn|22\n|\n|t:|1700506257\n|-terastallize|p2a: Victreebel|Fire\n|move|p1a: Cinderace|Pyro Ball|p2a: Victreebel\n|-resisted|p2a: Victreebel\n|-damage|p2a: Victreebel|32\/100\n|move|p2a: Victreebel|Giga Drain|p1a: Cinderace\n|-resisted|p1a: Cinderace\n|-damage|p1a: Cinderace|0 fnt\n|-heal|p2a: Victreebel|40\/100|[from] drain|[of] p1a: Cinderace\n|faint|p1a: Cinderace\n|\n|upkeep\n|\n|t:|1700506268\n|switch|p1a: Tapu Koko|Tapu Koko|100\/100\n|-fieldstart|move: Electric Terrain|[from] ability: Electric Surge|[of] p1a: Tapu Koko\n|turn|23\n|\n|t:|1700506274\n|switch|p2a: Seaking|Seaking, F|100\/100\n|move|p1a: Tapu Koko|Thunderbolt|p2a: Seaking\n|-ability|p2a: Seaking|Lightning Rod|boost\n|-boost|p2a: Seaking|spa|1\n|\n|upkeep\n|turn|24\n|\n|t:|1700506281\n|switch|p1a: Dondozo|Dondozo, F|100\/100\n|move|p2a: Seaking|Drill Run|p1a: Dondozo\n|-damage|p1a: Dondozo|87\/100\n|-damage|p2a: Seaking|91\/100|[from] item: Life Orb\n|\n|-heal|p1a: Dondozo|94\/100|[from] item: Leftovers\n|upkeep\n|turn|25\n|\n|t:|1700506291\n|switch|p2a: Torkoal|Torkoal, M, shiny|7\/100 tox\n|-weather|SunnyDay|[from] ability: Drought|[of] p2a: Torkoal\n|move|p1a: Dondozo|Curse|p1a: Dondozo\n|-unboost|p1a: Dondozo|spe|1\n|-boost|p1a: Dondozo|atk|1\n|-boost|p1a: Dondozo|def|1\n|\n|-weather|SunnyDay|[upkeep]\n|-heal|p1a: Dondozo|99\/100|[from] item: Leftovers\n|-damage|p2a: Torkoal|1\/100 tox|[from] psn\n|upkeep\n|turn|26\n|\n|t:|1700506305\n|switch|p2a: Sunflora|Sunflora, F, shiny|71\/100\n|move|p1a: Dondozo|Curse|p1a: Dondozo\n|-unboost|p1a: Dondozo|spe|1\n|-boost|p1a: Dondozo|atk|1\n|-boost|p1a: Dondozo|def|1\n|\n|-weather|SunnyDay|[upkeep]\n|-damage|p2a: Sunflora|58\/100|[from] ability: Solar Power|[of] p2a: Sunflora\n|-heal|p1a: Dondozo|100\/100|[from] item: Leftovers\n|upkeep\n|turn|27\n|\n|t:|1700506323\n|move|p2a: Sunflora|Giga Drain|p1a: Dondozo\n|-supereffective|p1a: Dondozo\n|-damage|p1a: Dondozo|0 fnt\n|-heal|p2a: Sunflora|100\/100|[from] drain|[of] p1a: Dondozo\n|faint|p1a: Dondozo\n|\n|-weather|SunnyDay|[upkeep]\n|-damage|p2a: Sunflora|88\/100|[from] ability: Solar Power|[of] p2a: Sunflora\n|-fieldend|move: Electric Terrain\n|upkeep\n|-message|nanabuon forfeited.\n|\n|win|Rankuroi\n|raw|nanabuon's rating: 1239 &rarr; <strong>1221<\/strong><br \/>(-18 for losing)\n|raw|Rankuroi's rating: 1339 &rarr; <strong>1353<\/strong><br \/>(+14 for winning)\n|l|\u2606nanabuon\n","uploadtime":1700506347,"views":3,"p1id":"nanabuon","p2id":"rankuroi","formatid":"gen9nationaldex","rating":1221,"private":0,"password":""}