{"id":"gen9nationaldex-2000250846","p1":"InsBAPlayer","p2":"foxbee","format":"[Gen 9] National Dex","log":"|html|<div class=\"broadcast-blue\"><strong>[Gen 9] National Dex is currently suspecting Sneasler! For information on how to participate check out the <a href=\"https:\/\/www.smogon.com\/forums\/threads\/sv-national-dex-suspect-8-just-dance.3731534\/\">suspect thread<\/a>.<\/strong><\/div>\n|j|\u2606InsBAPlayer\n|j|\u2606foxbee\n|t:|1701177615\n|gametype|singles\n|player|p1|InsBAPlayer|bugsy|1377\n|player|p2|foxbee|1|1348\n|teamsize|p1|6\n|teamsize|p2|6\n|gen|9\n|tier|[Gen 9] National Dex\n|rated|\n|rule|HP Percentage Mod: HP is shown in percentages\n|rule|Endless Battle Clause: Forcing endless battles is banned\n|rule|OHKO Clause: OHKO moves are banned\n|rule|Evasion Clause: Evasion abilities, items, and moves are banned\n|rule|Evasion Abilities Clause: Evasion abilities are banned\n|rule|Evasion Items Clause: Evasion items are banned\n|rule|Evasion Moves Clause: Evasion moves are banned\n|rule|Species Clause: Limit one of each Pok\u00e9mon\n|rule|Sleep Clause Mod: Limit one foe put to sleep\n|clearpoke\n|poke|p1|Beedrill, M|\n|poke|p1|Ribombee, M|\n|poke|p1|Scizor, F|\n|poke|p1|Forretress, F|\n|poke|p1|Lokix, M|\n|poke|p1|Volcarona, M|\n|poke|p2|Alomomola, M|\n|poke|p2|Garganacl, M|\n|poke|p2|Amoonguss, M|\n|poke|p2|Charizard, F|\n|poke|p2|Hoopa-Unbound|\n|poke|p2|Clodsire, M|\n|teampreview\n|inactive|Battle timer is ON: inactive players will automatically lose when time's up. (requested by InsBAPlayer)\n|\n|t:|1701177633\n|start\n|switch|p1a: Ribombee|Ribombee, M|100\/100\n|switch|p2a: Garganacl|Garganacl, M|100\/100\n|turn|1\n|\n|t:|1701177635\n|move|p1a: Ribombee|Trick|p2a: Garganacl\n|-activate|p1a: Ribombee|move: Trick|[of] p2a: Garganacl\n|-item|p2a: Garganacl|Choice Specs|[from] move: Trick\n|-item|p1a: Ribombee|Leftovers|[from] move: Trick\n|move|p2a: Garganacl|Iron Defense|p2a: Garganacl\n|-boost|p2a: Garganacl|def|2\n|\n|upkeep\n|turn|2\n|c|\u2606foxbee|fuck\n|c|\u2606foxbee|wp\n|\n|t:|1701177648\n|switch|p2a: Clodsire|Clodsire, M|100\/100\n|move|p1a: Ribombee|Sticky Web|p2a: Clodsire\n|-sidestart|p2: foxbee|move: Sticky Web\n|\n|upkeep\n|turn|3\n|c|\u2606InsBAPlayer|Well\n|inactive|InsBAPlayer has 120 seconds left.\n|c|\u2606foxbee|i did not expect\n|c|\u2606InsBAPlayer|U know I have been suffered by Garganacl for a long time\n|inactive|InsBAPlayer has 90 seconds left.\n|\n|t:|1701177719\n|switch|p1a: Scizor|Scizor, F|100\/100\n|move|p2a: Clodsire|Stealth Rock|p1a: Scizor\n|-sidestart|p1: InsBAPlayer|move: Stealth Rock\n|\n|upkeep\n|turn|4\n|c|\u2606foxbee|i need a gholdengo\n|c|\u2606foxbee|rip the brother\n|c|\u2606foxbee|cant beliebve he got banned\n|c|\u2606foxbee|now im playing stal garabge lol\n|\n|t:|1701177736\n|switch|p2a: Charizard|Charizard, F|100\/100\n|move|p1a: Scizor|Swords Dance|p1a: Scizor\n|-boost|p1a: Scizor|atk|2\n|\n|upkeep\n|turn|5\n|\n|t:|1701177740\n|detailschange|p2a: Charizard|Charizard-Mega-Y, F\n|-mega|p2a: Charizard|Charizard|Charizardite Y\n|-weather|SunnyDay|[from] ability: Drought|[of] p2a: Charizard\n|-terastallize|p1a: Scizor|Steel\n|move|p1a: Scizor|Bullet Punch|p2a: Charizard\n|-resisted|p2a: Charizard\n|-damage|p2a: Charizard|21\/100\n|move|p2a: Charizard|Flamethrower|p1a: Scizor\n|-supereffective|p1a: Scizor\n|-damage|p1a: Scizor|0 fnt\n|faint|p1a: Scizor\n|\n|-weather|SunnyDay|[upkeep]\n|upkeep\n|c|\u2606foxbee|nice bug team tho\n|inactive|InsBAPlayer has 90 seconds left.\n|c|\u2606foxbee|very based\n|\n|t:|1701177754\n|switch|p1a: Lokix|Lokix, M|100\/100\n|-damage|p1a: Lokix|76\/100|[from] Stealth Rock\n|turn|6\n|\n|t:|1701177759\n|switch|p2a: Amoonguss|Amoonguss, M|100\/100\n|-activate|p2a: Amoonguss|move: Sticky Web\n|-unboost|p2a: Amoonguss|spe|1\n|move|p1a: Lokix|Sucker Punch||[still]\n|-fail|p1a: Lokix\n|\n|-weather|SunnyDay|[upkeep]\n|upkeep\n|turn|7\n|\n|t:|1701177764\n|move|p1a: Lokix|U-turn|p2a: Amoonguss\n|-damage|p2a: Amoonguss|71\/100\n|-damage|p1a: Lokix|59\/100|[from] item: Rocky Helmet|[of] p2a: Amoonguss\n|-damage|p1a: Lokix|49\/100|[from] item: Life Orb\n|\n|t:|1701177767\n|switch|p1a: Ribombee|Ribombee, M|100\/100|[from] U-turn\n|-damage|p1a: Ribombee|76\/100|[from] Stealth Rock\n|move|p2a: Amoonguss|Spore|p1a: Ribombee\n|-status|p1a: Ribombee|slp|[from] move: Spore\n|\n|-weather|SunnyDay|[upkeep]\n|-heal|p1a: Ribombee|82\/100 slp|[from] item: Leftovers\n|upkeep\n|turn|8\n|inactive|InsBAPlayer has 120 seconds left.\n|\n|t:|1701177780\n|switch|p1a: Forretress|Forretress, F|100\/100\n|-damage|p1a: Forretress|88\/100|[from] Stealth Rock\n|switch|p2a: Charizard|Charizard-Mega-Y, F|21\/100\n|\n|-weather|SunnyDay|[upkeep]\n|upkeep\n|turn|9\n|\n|t:|1701177784\n|move|p2a: Charizard|Flamethrower|p1a: Forretress\n|-supereffective|p1a: Forretress\n|-damage|p1a: Forretress|0 fnt\n|faint|p1a: Forretress\n|\n|-weather|none\n|upkeep\n|\n|t:|1701177788\n|switch|p1a: Lokix|Lokix, M|49\/100\n|-damage|p1a: Lokix|25\/100|[from] Stealth Rock\n|turn|10\n|\n|t:|1701177791\n|switch|p2a: Amoonguss|Amoonguss, M|100\/100\n|-activate|p2a: Amoonguss|move: Sticky Web\n|-unboost|p2a: Amoonguss|spe|1\n|move|p1a: Lokix|Sucker Punch||[still]\n|-fail|p1a: Lokix\n|\n|upkeep\n|turn|11\n|\n|t:|1701177808\n|switch|p2a: Alomomola|Alomomola, M|100\/100\n|-activate|p2a: Alomomola|move: Sticky Web\n|-unboost|p2a: Alomomola|spe|1\n|move|p1a: Lokix|Leech Life|p2a: Alomomola\n|-damage|p2a: Alomomola|76\/100\n|-heal|p1a: Lokix|48\/100|[from] drain|[of] p2a: Alomomola\n|-damage|p1a: Lokix|38\/100|[from] item: Life Orb\n|\n|-heal|p2a: Alomomola|82\/100|[from] item: Leftovers\n|upkeep\n|turn|12\n|\n|t:|1701177817\n|move|p1a: Lokix|Swords Dance|p1a: Lokix\n|-boost|p1a: Lokix|atk|2\n|move|p2a: Alomomola|Toxic|p1a: Lokix\n|-status|p1a: Lokix|tox\n|\n|-heal|p2a: Alomomola|88\/100|[from] item: Leftovers\n|-damage|p1a: Lokix|32\/100 tox|[from] psn\n|upkeep\n|turn|13\n|\n|t:|1701177821\n|move|p2a: Alomomola|Protect|p2a: Alomomola\n|-singleturn|p2a: Alomomola|Protect\n|move|p1a: Lokix|Swords Dance|p1a: Lokix\n|-boost|p1a: Lokix|atk|2\n|\n|-heal|p2a: Alomomola|94\/100|[from] item: Leftovers\n|-damage|p1a: Lokix|20\/100 tox|[from] psn\n|upkeep\n|turn|14\n|c|\u2606foxbee|oog\n|\n|t:|1701177827\n|move|p1a: Lokix|Leech Life|p2a: Alomomola\n|-damage|p2a: Alomomola|17\/100\n|-heal|p1a: Lokix|93\/100 tox|[from] drain|[of] p2a: Alomomola\n|-damage|p1a: Lokix|83\/100 tox|[from] item: Life Orb\n|move|p2a: Alomomola|Wish|p2a: Alomomola\n|\n|-heal|p2a: Alomomola|23\/100|[from] item: Leftovers\n|-damage|p1a: Lokix|65\/100 tox|[from] psn\n|upkeep\n|turn|15\n|\n|t:|1701177832\n|move|p2a: Alomomola|Protect|p2a: Alomomola\n|-singleturn|p2a: Alomomola|Protect\n|move|p1a: Lokix|Swords Dance|p1a: Lokix\n|-boost|p1a: Lokix|atk|2\n|\n|-heal|p2a: Alomomola|73\/100|[from] move: Wish|[wisher] Alomomola\n|-heal|p2a: Alomomola|80\/100|[from] item: Leftovers\n|-damage|p1a: Lokix|41\/100 tox|[from] psn\n|upkeep\n|turn|16\n|\n|t:|1701177838\n|-terastallize|p2a: Alomomola|Poison\n|move|p1a: Lokix|Leech Life|p2a: Alomomola\n|-resisted|p2a: Alomomola\n|-damage|p2a: Alomomola|0 fnt\n|-heal|p1a: Lokix|100\/100 tox|[from] drain|[of] p2a: Alomomola\n|faint|p2a: Alomomola\n|-damage|p1a: Lokix|91\/100 tox|[from] item: Life Orb\n|\n|-damage|p1a: Lokix|61\/100 tox|[from] psn\n|upkeep\n|c|\u2606foxbee|oh\n|c|\u2606foxbee|tinted lens lol\n|c|\u2606foxbee|oops\n|inactive|foxbee has 120 seconds left.\n|\n|t:|1701177870\n|switch|p2a: Clodsire|Clodsire, M|100\/100\n|-activate|p2a: Clodsire|move: Sticky Web\n|-unboost|p2a: Clodsire|spe|1\n|turn|17\n|\n|t:|1701177873\n|move|p1a: Lokix|Leech Life|p2a: Clodsire\n|-resisted|p2a: Clodsire\n|-damage|p2a: Clodsire|43\/100\n|-heal|p1a: Lokix|100\/100 tox|[from] drain|[of] p2a: Clodsire\n|-damage|p1a: Lokix|91\/100 tox|[from] item: Life Orb\n|move|p2a: Clodsire|Earthquake|p1a: Lokix\n|-resisted|p1a: Lokix\n|-damage|p1a: Lokix|70\/100 tox\n|\n|-heal|p2a: Clodsire|50\/100|[from] item: Leftovers\n|-damage|p1a: Lokix|34\/100 tox|[from] psn\n|upkeep\n|turn|18\n|\n|t:|1701177887\n|move|p1a: Lokix|Leech Life|p2a: Clodsire\n|-resisted|p2a: Clodsire\n|-damage|p2a: Clodsire|0 fnt\n|-heal|p1a: Lokix|74\/100 tox|[from] drain|[of] p2a: Clodsire\n|faint|p2a: Clodsire\n|-damage|p1a: Lokix|64\/100 tox|[from] item: Life Orb\n|\n|-damage|p1a: Lokix|22\/100 tox|[from] psn\n|upkeep\n|\n|t:|1701177888\n|switch|p2a: Amoonguss|Amoonguss, M|100\/100\n|-activate|p2a: Amoonguss|move: Sticky Web\n|-unboost|p2a: Amoonguss|spe|1\n|turn|19\n|\n|t:|1701177891\n|move|p1a: Lokix|Leech Life|p2a: Amoonguss\n|-damage|p2a: Amoonguss|0 fnt\n|-heal|p1a: Lokix|99\/100 tox|[from] drain|[of] p2a: Amoonguss\n|-damage|p1a: Lokix|82\/100 tox|[from] item: Rocky Helmet|[of] p2a: Amoonguss\n|faint|p2a: Amoonguss\n|-damage|p1a: Lokix|72\/100 tox|[from] item: Life Orb\n|\n|-damage|p1a: Lokix|24\/100 tox|[from] psn\n|upkeep\n|\n|t:|1701177895\n|switch|p2a: Charizard|Charizard-Mega-Y, F|21\/100\n|-weather|SunnyDay|[from] ability: Drought|[of] p2a: Charizard\n|turn|20\n|\n|t:|1701177901\n|move|p1a: Lokix|Sucker Punch|p2a: Charizard\n|-damage|p2a: Charizard|0 fnt\n|faint|p2a: Charizard\n|-damage|p1a: Lokix|14\/100 tox|[from] item: Life Orb\n|\n|-weather|SunnyDay|[upkeep]\n|-damage|p1a: Lokix|0 fnt|[from] psn\n|faint|p1a: Lokix\n|upkeep\n|\n|t:|1701177908\n|switch|p2a: Garganacl|Garganacl, M|100\/100\n|switch|p1a: Beedrill|Beedrill, M|100\/100\n|-damage|p1a: Beedrill|76\/100|[from] Stealth Rock\n|-activate|p2a: Garganacl|move: Sticky Web\n|-unboost|p2a: Garganacl|spe|1\n|turn|21\n|\n|t:|1701177915\n|detailschange|p1a: Beedrill|Beedrill-Mega, M\n|-mega|p1a: Beedrill|Beedrill|Beedrillite\n|move|p1a: Beedrill|U-turn|p2a: Garganacl\n|-damage|p2a: Garganacl|62\/100\n|\n|t:|1701177920\n|switch|p1a: Ribombee|Ribombee, M|82\/100 slp|[from] U-turn\n|-damage|p1a: Ribombee|57\/100 slp|[from] Stealth Rock\n|move|p2a: Garganacl|Salt Cure|p1a: Ribombee\n|-supereffective|p1a: Ribombee\n|-damage|p1a: Ribombee|0 fnt\n|faint|p1a: Ribombee\n|\n|-weather|SunnyDay|[upkeep]\n|upkeep\n|\n|t:|1701177930\n|switch|p1a: Volcarona|Volcarona, M|100\/100\n|turn|22\n|\n|t:|1701177934\n|move|p1a: Volcarona|Giga Drain|p2a: Garganacl\n|-supereffective|p2a: Garganacl\n|-damage|p2a: Garganacl|24\/100\n|move|p2a: Garganacl|Salt Cure|p1a: Volcarona\n|-supereffective|p1a: Volcarona\n|-damage|p1a: Volcarona|16\/100\n|-start|p1a: Volcarona|Salt Cure\n|\n|-weather|SunnyDay|[upkeep]\n|-damage|p1a: Volcarona|3\/100|[from] Salt Cure\n|upkeep\n|turn|23\n|c|\u2606foxbee|specs garg op\n|\n|t:|1701177948\n|switch|p2a: Hoopa|Hoopa-Unbound|100\/100\n|-activate|p2a: Hoopa|move: Sticky Web\n|-unboost|p2a: Hoopa|spe|1\n|move|p1a: Volcarona|Giga Drain|p2a: Hoopa\n|-damage|p2a: Hoopa|74\/100\n|-heal|p1a: Volcarona|16\/100|[from] drain|[of] p2a: Hoopa\n|\n|-weather|SunnyDay|[upkeep]\n|-damage|p1a: Volcarona|4\/100|[from] Salt Cure\n|upkeep\n|turn|24\n|\n|t:|1701177959\n|move|p1a: Volcarona|Fiery Dance|p2a: Hoopa\n|-damage|p2a: Hoopa|17\/100\n|-boost|p1a: Volcarona|spa|1\n|move|p2a: Hoopa|Hyperspace Fury|p1a: Volcarona\n|-damage|p1a: Volcarona|0 fnt\n|-unboost|p2a: Hoopa|def|1\n|faint|p1a: Volcarona\n|\n|-weather|none\n|upkeep\n|\n|t:|1701177962\n|switch|p1a: Beedrill|Beedrill-Mega, M|76\/100\n|-damage|p1a: Beedrill|51\/100|[from] Stealth Rock\n|turn|25\n|c|\u2606foxbee|are u drill run\n|\n|t:|1701177965\n|switch|p2a: Garganacl|Garganacl, M|24\/100\n|-activate|p2a: Garganacl|move: Sticky Web\n|-unboost|p2a: Garganacl|spe|1\n|move|p1a: Beedrill|Fell Stinger|p2a: Garganacl\n|-damage|p2a: Garganacl|0 fnt\n|faint|p2a: Garganacl\n|-boost|p1a: Beedrill|atk|3\n|\n|upkeep\n|c|\u2606foxbee|damn\n|c|\u2606foxbee|basded\n|c|\u2606foxbee|gg\n|-message|foxbee forfeited.\n|\n|win|InsBAPlayer\n|raw|InsBAPlayer's rating: 1377 &rarr; <strong>1395<\/strong><br \/>(+18 for winning)\n|raw|foxbee's rating: 1348 &rarr; <strong>1330<\/strong><br \/>(-18 for losing)\n|l|\u2606foxbee\n","uploadtime":1701178275,"views":4,"p1id":"insbaplayer","p2id":"foxbee","formatid":"gen9nationaldex","rating":1330,"private":0,"password":""}