{"id":"gen9nationaldex-1999050956","p1":"Bidooforne","p2":"Th3K1ng123","format":"[Gen 9] National Dex","log":"|html|<div class=\"broadcast-blue\"><strong>[Gen 9] National Dex is currently suspecting Sneasler! For information on how to participate check out the <a href=\"https:\/\/www.smogon.com\/forums\/threads\/sv-national-dex-suspect-8-just-dance.3731534\/\">suspect thread<\/a>.<\/strong><\/div>\n|j|\u2606Bidooforne\n|j|\u2606Th3K1ng123\n|t:|1701027882\n|gametype|singles\n|player|p1|Bidooforne|n|1372\n|player|p2|Th3K1ng123|turo|1312\n|teamsize|p1|6\n|teamsize|p2|6\n|gen|9\n|tier|[Gen 9] National Dex\n|rated|\n|rule|HP Percentage Mod: HP is shown in percentages\n|rule|Endless Battle Clause: Forcing endless battles is banned\n|rule|OHKO Clause: OHKO moves are banned\n|rule|Evasion Clause: Evasion abilities, items, and moves are banned\n|rule|Evasion Abilities Clause: Evasion abilities are banned\n|rule|Evasion Items Clause: Evasion items are banned\n|rule|Evasion Moves Clause: Evasion moves are banned\n|rule|Species Clause: Limit one of each Pok\u00e9mon\n|rule|Sleep Clause Mod: Limit one foe put to sleep\n|clearpoke\n|poke|p1|Slowbro-Galar, M|\n|poke|p1|Ninetales-Alola, F|\n|poke|p1|Ogerpon-Wellspring, F|\n|poke|p1|Hoopa-Unbound|\n|poke|p1|Kartana|\n|poke|p1|Moltres|\n|poke|p2|Tyranitar, M|\n|poke|p2|Hippowdon, F|\n|poke|p2|Excadrill, M|\n|poke|p2|Dracozolt|\n|poke|p2|Sandaconda, M|\n|poke|p2|Diancie|\n|teampreview\n|inactive|Battle timer is ON: inactive players will automatically lose when time's up. (requested by Th3K1ng123)\n|\n|t:|1701027903\n|start\n|switch|p1a: Ogerpon|Ogerpon-Wellspring, F|100\/100\n|switch|p2a: Pokezilla|Tyranitar, M, shiny|100\/100\n|-weather|Sandstorm|[from] ability: Sand Stream|[of] p2a: Pokezilla\n|turn|1\n|\n|t:|1701027920\n|move|p1a: Ogerpon|Swords Dance|p1a: Ogerpon\n|-boost|p1a: Ogerpon|atk|2\n|move|p2a: Pokezilla|Thunder Wave|p1a: Ogerpon\n|-status|p1a: Ogerpon|par\n|\n|-weather|Sandstorm|[upkeep]\n|-damage|p1a: Ogerpon|95\/100 par|[from] Sandstorm\n|upkeep\n|turn|2\n|\n|t:|1701027930\n|switch|p2a: Thunderthighs|Dracozolt, shiny|100\/100\n|move|p1a: Ogerpon|Ivy Cudgel|p2a: Thunderthighs|[anim] Ivy Cudgel Water\n|-resisted|p2a: Thunderthighs\n|-crit|p2a: Thunderthighs\n|-damage|p2a: Thunderthighs|0 fnt\n|faint|p2a: Thunderthighs\n|\n|-weather|Sandstorm|[upkeep]\n|-damage|p1a: Ogerpon|89\/100 par|[from] Sandstorm\n|upkeep\n|\n|t:|1701027940\n|switch|p2a: Damage|Excadrill, M, shiny|100\/100\n|turn|3\n|\n|t:|1701027943\n|move|p2a: Damage|Poison Jab|p1a: Ogerpon\n|-supereffective|p1a: Ogerpon\n|-damage|p1a: Ogerpon|0 fnt\n|faint|p1a: Ogerpon\n|\n|-weather|Sandstorm|[upkeep]\n|upkeep\n|\n|t:|1701027951\n|switch|p1a: Moltres|Moltres|100\/100\n|-ability|p1a: Moltres|Pressure\n|turn|4\n|\n|t:|1701027955\n|switch|p2a: Pokezilla|Tyranitar, M, shiny|100\/100\n|move|p1a: Moltres|U-turn|p2a: Pokezilla\n|-supereffective|p2a: Pokezilla\n|-damage|p2a: Pokezilla|81\/100\n|\n|t:|1701027973\n|switch|p1a: Kartana|Kartana|100\/100|[from] U-turn\n|\n|-weather|Sandstorm|[upkeep]\n|upkeep\n|turn|5\n|\n|t:|1701027988\n|move|p1a: Kartana|Sacred Sword|p2a: Pokezilla\n|-supereffective|p2a: Pokezilla\n|-crit|p2a: Pokezilla\n|-damage|p2a: Pokezilla|0 fnt\n|faint|p2a: Pokezilla\n|-ability|p1a: Kartana|Beast Boost|boost\n|-boost|p1a: Kartana|atk|1\n|\n|-weather|Sandstorm|[upkeep]\n|upkeep\n|\n|t:|1701028000\n|switch|p2a: Queen|Diancie, shiny|100\/100\n|turn|6\n|\n|t:|1701028029\n|detailschange|p2a: Queen|Diancie-Mega, shiny\n|-mega|p2a: Queen|Diancie|Diancite\n|move|p2a: Queen|Mystical Fire|p1a: Kartana\n|-supereffective|p1a: Kartana\n|-damage|p1a: Kartana|0 fnt\n|faint|p1a: Kartana\n|\n|-weather|Sandstorm|[upkeep]\n|upkeep\n|\n|t:|1701028037\n|switch|p1a: Hoopa|Hoopa-Unbound|100\/100\n|turn|7\n|\n|t:|1701028043\n|-terastallize|p1a: Hoopa|Dark\n|move|p2a: Queen|Moonblast|p1a: Hoopa\n|-supereffective|p1a: Hoopa\n|-damage|p1a: Hoopa|3\/100\n|-unboost|p1a: Hoopa|spa|1\n|move|p1a: Hoopa|Hyperspace Fury|p2a: Queen\n|-resisted|p2a: Queen\n|-damage|p2a: Queen|13\/100\n|-unboost|p1a: Hoopa|def|1\n|\n|-weather|Sandstorm|[upkeep]\n|-damage|p1a: Hoopa|0 fnt|[from] Sandstorm\n|faint|p1a: Hoopa\n|upkeep\n|inactive|Bidooforne has 120 seconds left.\n|\n|t:|1701028066\n|switch|p1a: Moltres|Moltres|100\/100\n|-ability|p1a: Moltres|Pressure\n|turn|8\n|inactive|Bidooforne has 120 seconds left.\n|-message|Bidooforne forfeited.\n|\n|win|Th3K1ng123\n|raw|Bidooforne's rating: 1372 &rarr; <strong>1349<\/strong><br \/>(-23 for losing)\n|raw|Th3K1ng123's rating: 1312 &rarr; <strong>1335<\/strong><br \/>(+23 for winning)\n|l|\u2606Bidooforne\n","uploadtime":1701028078,"views":1,"p1id":"bidooforne","p2id":"th3k1ng123","formatid":"gen9nationaldex","rating":1335,"private":0,"password":""}