{"id":"gen9nationaldex-1998703267","p1":"yugontianyi","p2":"ChaosEmperor96","format":"[Gen 9] National Dex","log":"|html|<div class=\"broadcast-blue\"><strong>[Gen 9] National Dex is currently suspecting Sneasler! For information on how to participate check out the <a href=\"https:\/\/www.smogon.com\/forums\/threads\/sv-national-dex-suspect-8-just-dance.3731534\/\">suspect thread<\/a>.<\/strong><\/div>\n|j|\u2606yugontianyi\n|j|\u2606ChaosEmperor96\n|t:|1700974909\n|gametype|singles\n|player|p1|yugontianyi|giovanni|1193\n|player|p2|ChaosEmperor96|marshal|1171\n|teamsize|p1|6\n|teamsize|p2|6\n|gen|9\n|tier|[Gen 9] National Dex\n|rated|\n|rule|HP Percentage Mod: HP is shown in percentages\n|rule|Endless Battle Clause: Forcing endless battles is banned\n|rule|OHKO Clause: OHKO moves are banned\n|rule|Evasion Clause: Evasion abilities, items, and moves are banned\n|rule|Evasion Abilities Clause: Evasion abilities are banned\n|rule|Evasion Items Clause: Evasion items are banned\n|rule|Evasion Moves Clause: Evasion moves are banned\n|rule|Species Clause: Limit one of each Pok\u00e9mon\n|rule|Sleep Clause Mod: Limit one foe put to sleep\n|clearpoke\n|poke|p1|Haxorus, M|\n|poke|p1|Exeggutor-Alola, M|\n|poke|p1|Hydreigon, F|\n|poke|p1|Dragalge, M|\n|poke|p1|Turtonator, M|\n|poke|p1|Fraxure, M|\n|poke|p2|Emboar, M|\n|poke|p2|Haxorus, M|\n|poke|p2|Excadrill, M|\n|poke|p2|Galvantula, M|\n|poke|p2|Mandibuzz, F|\n|poke|p2|Vanilluxe, M|\n|teampreview\n|inactive|Battle timer is ON: inactive players will automatically lose when time's up. (requested by yugontianyi)\n|\n|t:|1700974916\n|start\n|switch|p1a: Exeggutor|Exeggutor-Alola, M|100\/100\n|switch|p2a: Vanilluxe|Vanilluxe, M, shiny|100\/100\n|-item|p2a: Vanilluxe|Weakness Policy|[from] ability: Frisk|[of] p1a: Exeggutor|[identify]\n|turn|1\n|\n|t:|1700974923\n|move|p2a: Vanilluxe|Ice Beam|p1a: Exeggutor\n|-supereffective|p1a: Exeggutor\n|-enditem|p1a: Exeggutor|Focus Sash\n|-damage|p1a: Exeggutor|1\/100\n|-status|p1a: Exeggutor|frz\n|cant|p1a: Exeggutor|frz\n|\n|upkeep\n|turn|2\n|\n|t:|1700974947\n|move|p2a: Vanilluxe|Ice Beam|p1a: Exeggutor\n|-supereffective|p1a: Exeggutor\n|-damage|p1a: Exeggutor|0 fnt\n|faint|p1a: Exeggutor\n|\n|upkeep\n|\n|t:|1700974954\n|switch|p1a: Turtonator|Turtonator, M|100\/100\n|turn|3\n|\n|t:|1700974958\n|switch|p2a: Mandibuzz|Mandibuzz, F, shiny|100\/100\n|move|p1a: Turtonator|Heat Wave|p2a: Mandibuzz\n|-damage|p2a: Mandibuzz|71\/100\n|\n|upkeep\n|turn|4\n|\n|t:|1700974964\n|move|p2a: Mandibuzz|Toxic|p1a: Turtonator\n|-status|p1a: Turtonator|tox\n|move|p1a: Turtonator|Draco Meteor|p2a: Mandibuzz\n|-damage|p2a: Mandibuzz|31\/100\n|-unboost|p1a: Turtonator|spa|2\n|\n|-damage|p1a: Turtonator|95\/100 tox|[from] psn\n|upkeep\n|turn|5\n|\n|t:|1700974974\n|switch|p1a: Dragalge|Dragalge, M|100\/100\n|move|p2a: Mandibuzz|U-turn|p1a: Dragalge\n|-resisted|p1a: Dragalge\n|-damage|p1a: Dragalge|93\/100\n|\n|t:|1700974979\n|switch|p2a: Excadrill|Excadrill, M, shiny|100\/100|[from] U-turn\n|\n|upkeep\n|turn|6\n|\n|t:|1700974988\n|-terastallize|p1a: Dragalge|Water\n|move|p2a: Excadrill|Rapid Spin|p1a: Dragalge\n|-damage|p1a: Dragalge|69\/100\n|-boost|p2a: Excadrill|spe|1\n|move|p1a: Dragalge|Hydro Pump|p2a: Excadrill\n|-supereffective|p2a: Excadrill\n|-enditem|p2a: Excadrill|Focus Sash\n|-damage|p2a: Excadrill|1\/100\n|\n|upkeep\n|turn|7\n|\n|t:|1700974999\n|-terastallize|p2a: Excadrill|Ground\n|move|p2a: Excadrill|Earthquake|p1a: Dragalge\n|-damage|p1a: Dragalge|0 fnt\n|faint|p1a: Dragalge\n|\n|upkeep\n|\n|t:|1700975004\n|switch|p1a: Hydreigon|Hydreigon, F|100\/100\n|turn|8\n|\n|t:|1700975008\n|move|p1a: Hydreigon|Dark Pulse|p2a: Excadrill\n|-damage|p2a: Excadrill|0 fnt\n|faint|p2a: Excadrill\n|\n|upkeep\n|\n|t:|1700975014\n|switch|p2a: Vanilluxe|Vanilluxe, M, shiny|100\/100\n|turn|9\n|\n|t:|1700975029\n|move|p1a: Hydreigon|Dark Pulse|p2a: Vanilluxe\n|-damage|p2a: Vanilluxe|42\/100\n|move|p2a: Vanilluxe|Ice Beam|p1a: Hydreigon\n|-supereffective|p1a: Hydreigon\n|-damage|p1a: Hydreigon|0 fnt\n|faint|p1a: Hydreigon\n|\n|upkeep\n|\n|t:|1700975033\n|switch|p1a: Fraxure|Fraxure, M|100\/100\n|-ability|p1a: Fraxure|Mold Breaker\n|turn|10\n|\n|t:|1700975041\n|move|p2a: Vanilluxe|Ice Beam|p1a: Fraxure\n|-supereffective|p1a: Fraxure\n|-damage|p1a: Fraxure|0 fnt\n|faint|p1a: Fraxure\n|\n|upkeep\n|\n|t:|1700975043\n|switch|p1a: Turtonator|Turtonator, M|95\/100 tox\n|turn|11\n|\n|t:|1700975048\n|move|p2a: Vanilluxe|Ice Beam|p1a: Turtonator\n|-damage|p1a: Turtonator|38\/100 tox\n|move|p1a: Turtonator|Heat Wave|p2a: Vanilluxe\n|-supereffective|p2a: Vanilluxe\n|-damage|p2a: Vanilluxe|0 fnt\n|faint|p2a: Vanilluxe\n|\n|-damage|p1a: Turtonator|32\/100 tox|[from] psn\n|upkeep\n|\n|t:|1700975059\n|switch|p2a: Mandibuzz|Mandibuzz, F, shiny|31\/100\n|turn|12\n|\n|t:|1700975064\n|move|p2a: Mandibuzz|Foul Play|p1a: Turtonator\n|-damage|p1a: Turtonator|15\/100 tox\n|-damage|p2a: Mandibuzz|15\/100|[from] item: Rocky Helmet|[of] p1a: Turtonator\n|move|p1a: Turtonator|Draco Meteor|p2a: Mandibuzz\n|-damage|p2a: Mandibuzz|0 fnt\n|-unboost|p1a: Turtonator|spa|2\n|faint|p2a: Mandibuzz\n|\n|-damage|p1a: Turtonator|3\/100 tox|[from] psn\n|upkeep\n|\n|t:|1700975076\n|switch|p2a: Galvantula|Galvantula, M, shiny|100\/100\n|turn|13\n|\n|t:|1700975079\n|move|p2a: Galvantula|Thunderbolt|p1a: Turtonator\n|-resisted|p1a: Turtonator\n|-damage|p1a: Turtonator|0 fnt\n|faint|p1a: Turtonator\n|\n|upkeep\n|\n|t:|1700975081\n|switch|p1a: \u6c38\u4e0d\u8a00\u8d25|Haxorus, M|100\/100\n|-ability|p1a: \u6c38\u4e0d\u8a00\u8d25|Mold Breaker\n|turn|14\n|\n|t:|1700975087\n|move|p2a: Galvantula|Bug Buzz|p1a: \u6c38\u4e0d\u8a00\u8d25\n|-damage|p1a: \u6c38\u4e0d\u8a00\u8d25|45\/100\n|move|p1a: \u6c38\u4e0d\u8a00\u8d25|Dragon Dance|p1a: \u6c38\u4e0d\u8a00\u8d25\n|-boost|p1a: \u6c38\u4e0d\u8a00\u8d25|atk|1\n|-boost|p1a: \u6c38\u4e0d\u8a00\u8d25|spe|1\n|\n|upkeep\n|turn|15\n|\n|t:|1700975094\n|move|p1a: \u6c38\u4e0d\u8a00\u8d25|Dragon Claw|p2a: Galvantula\n|-enditem|p2a: Galvantula|Focus Sash\n|-damage|p2a: Galvantula|1\/100\n|move|p2a: Galvantula|Bug Buzz|p1a: \u6c38\u4e0d\u8a00\u8d25\n|-damage|p1a: \u6c38\u4e0d\u8a00\u8d25|0 fnt\n|faint|p1a: \u6c38\u4e0d\u8a00\u8d25\n|\n|win|ChaosEmperor96\n|raw|yugontianyi's rating: 1193 &rarr; <strong>1166<\/strong><br \/>(-27 for losing)\n|raw|ChaosEmperor96's rating: 1171 &rarr; <strong>1198<\/strong><br \/>(+27 for winning)\n|l|\u2606yugontianyi\n|c|\u2606ChaosEmperor96|Gg\n","uploadtime":1700975109,"views":2,"p1id":"yugontianyi","p2id":"chaosemperor96","formatid":"gen9nationaldex","rating":1166,"private":0,"password":""}