{"id":"gen9nationaldex-1993934211","p1":"10greg","p2":"daybreak wave2","format":"[Gen 9] National Dex","log":"|j|\u260610greg\n|j|\u2606daybreak wave2\n|t:|1700378133\n|gametype|singles\n|player|p1|10greg|ethan|1388\n|player|p2|daybreak wave2|lillie-masters2|1474\n|teamsize|p1|6\n|teamsize|p2|6\n|gen|9\n|tier|[Gen 9] National Dex\n|rated|\n|rule|HP Percentage Mod: HP is shown in percentages\n|rule|Endless Battle Clause: Forcing endless battles is banned\n|rule|OHKO Clause: OHKO moves are banned\n|rule|Evasion Clause: Evasion abilities, items, and moves are banned\n|rule|Evasion Abilities Clause: Evasion abilities are banned\n|rule|Evasion Items Clause: Evasion items are banned\n|rule|Evasion Moves Clause: Evasion moves are banned\n|rule|Species Clause: Limit one of each Pok\u00e9mon\n|rule|Sleep Clause Mod: Limit one foe put to sleep\n|clearpoke\n|poke|p1|Great Tusk|\n|poke|p1|Diancie|\n|poke|p1|Kartana|\n|poke|p1|Ferrothorn, F|\n|poke|p1|Garganacl, F|\n|poke|p1|Toxapex, F|\n|poke|p2|Pinsir, M|\n|poke|p2|Aegislash, F|\n|poke|p2|Ogerpon-Wellspring, F|\n|poke|p2|Moltres|\n|poke|p2|Electrode-Hisui|\n|poke|p2|Clodsire, F|\n|teampreview\n|\n|t:|1700378145\n|start\n|switch|p1a: Diancie|Diancie|100\/100\n|switch|p2a: \u6d1b\u6258\u59c6-\u5207\u5272|Electrode-Hisui|100\/100\n|turn|1\n|\n|t:|1700378158\n|switch|p1a: Ferrothorn|Ferrothorn, F|100\/100\n|move|p2a: \u6d1b\u6258\u59c6-\u5207\u5272|Leaf Storm|p1a: Ferrothorn\n|-resisted|p1a: Ferrothorn\n|-damage|p1a: Ferrothorn|86\/100\n|-unboost|p2a: \u6d1b\u6258\u59c6-\u5207\u5272|spa|2\n|\n|-heal|p1a: Ferrothorn|92\/100|[from] item: Leftovers\n|upkeep\n|turn|2\n|\n|t:|1700378166\n|switch|p2a: \u70c8\u7bad\u9e70|Moltres|100\/100\n|move|p1a: Ferrothorn|Stealth Rock|p2a: \u70c8\u7bad\u9e70\n|-sidestart|p2: daybreak wave2|move: Stealth Rock\n|\n|-heal|p1a: Ferrothorn|98\/100|[from] item: Leftovers\n|upkeep\n|turn|3\n|\n|t:|1700378172\n|switch|p1a: Garganacl|Garganacl, F|100\/100\n|move|p2a: \u70c8\u7bad\u9e70|Defog|p1a: Garganacl\n|-unboost|p1a: Garganacl|evasion|1\n|-sideend|p2: daybreak wave2|Stealth Rock|[from] move: Defog|[of] p2a: \u70c8\u7bad\u9e70\n|\n|upkeep\n|turn|4\n|\n|t:|1700378178\n|move|p2a: \u70c8\u7bad\u9e70|U-turn|p1a: Garganacl\n|-damage|p1a: Garganacl|90\/100\n|\n|t:|1700378186\n|switch|p2a: \u6d1b\u6258\u59c6-\u5207\u5272|Electrode-Hisui|100\/100|[from] U-turn\n|move|p1a: Garganacl|Salt Cure|p2a: \u6d1b\u6258\u59c6-\u5207\u5272\n|-damage|p2a: \u6d1b\u6258\u59c6-\u5207\u5272|76\/100\n|-start|p2a: \u6d1b\u6258\u59c6-\u5207\u5272|Salt Cure\n|\n|-heal|p1a: Garganacl|96\/100|[from] item: Leftovers\n|-damage|p2a: \u6d1b\u6258\u59c6-\u5207\u5272|64\/100|[from] Salt Cure\n|upkeep\n|turn|5\n|\n|t:|1700378198\n|switch|p1a: Ferrothorn|Ferrothorn, F|98\/100\n|move|p2a: \u6d1b\u6258\u59c6-\u5207\u5272|Volt Switch|p1a: Ferrothorn\n|-resisted|p1a: Ferrothorn\n|-damage|p1a: Ferrothorn|83\/100\n|\n|t:|1700378203\n|switch|p2a: \u70c8\u7bad\u9e70|Moltres|100\/100|[from] Volt Switch\n|\n|-heal|p1a: Ferrothorn|89\/100|[from] item: Leftovers\n|upkeep\n|turn|6\n|\n|t:|1700378211\n|switch|p1a: Garganacl|Garganacl, F|96\/100\n|move|p2a: \u70c8\u7bad\u9e70|U-turn|p1a: Garganacl\n|-damage|p1a: Garganacl|86\/100\n|\n|t:|1700378233\n|switch|p2a: \u571f~\u2191\u738b|Clodsire, F|100\/100|[from] U-turn\n|\n|-heal|p1a: Garganacl|92\/100|[from] item: Leftovers\n|upkeep\n|turn|7\n|\n|t:|1700378243\n|move|p1a: Garganacl|Salt Cure|p2a: \u571f~\u2191\u738b\n|-resisted|p2a: \u571f~\u2191\u738b\n|-damage|p2a: \u571f~\u2191\u738b|93\/100\n|-start|p2a: \u571f~\u2191\u738b|Salt Cure\n|move|p2a: \u571f~\u2191\u738b|Stealth Rock|p1a: Garganacl\n|-sidestart|p1: 10greg|move: Stealth Rock\n|\n|-heal|p1a: Garganacl|99\/100|[from] item: Leftovers\n|-damage|p2a: \u571f~\u2191\u738b|80\/100|[from] Salt Cure\n|upkeep\n|turn|8\n|\n|t:|1700378256\n|switch|p1a: Ferrothorn|Ferrothorn, F|89\/100\n|-damage|p1a: Ferrothorn|83\/100|[from] Stealth Rock\n|move|p2a: \u571f~\u2191\u738b|Earthquake|p1a: Ferrothorn\n|-damage|p1a: Ferrothorn|67\/100\n|\n|-heal|p1a: Ferrothorn|74\/100|[from] item: Leftovers\n|-damage|p2a: \u571f~\u2191\u738b|68\/100|[from] Salt Cure\n|upkeep\n|turn|9\n|\n|t:|1700378279\n|switch|p2a: \u70c8\u7bad\u9e70|Moltres|100\/100\n|move|p1a: Ferrothorn|Stealth Rock|p2a: \u70c8\u7bad\u9e70\n|-sidestart|p2: daybreak wave2|move: Stealth Rock\n|\n|-heal|p1a: Ferrothorn|80\/100|[from] item: Leftovers\n|upkeep\n|turn|10\n|\n|t:|1700378286\n|move|p2a: \u70c8\u7bad\u9e70|Flamethrower|p1a: Ferrothorn\n|-supereffective|p1a: Ferrothorn\n|-crit|p1a: Ferrothorn\n|-damage|p1a: Ferrothorn|0 fnt\n|faint|p1a: Ferrothorn\n|\n|upkeep\n|\n|t:|1700378291\n|switch|p1a: Diancie|Diancie|100\/100\n|-damage|p1a: Diancie|88\/100|[from] Stealth Rock\n|turn|11\n|\n|t:|1700378308\n|switch|p2a: \u585e\u8c6a\u5bcc|Aegislash, F, shiny|100\/100\n|-damage|p2a: \u585e\u8c6a\u5bcc|94\/100|[from] Stealth Rock\n|detailschange|p1a: Diancie|Diancie-Mega\n|-mega|p1a: Diancie|Diancie|Diancite\n|move|p1a: Diancie|Moonblast|p2a: \u585e\u8c6a\u5bcc\n|-resisted|p2a: \u585e\u8c6a\u5bcc\n|-damage|p2a: \u585e\u8c6a\u5bcc|72\/100\n|\n|upkeep\n|turn|12\n|\n|t:|1700378315\n|move|p1a: Diancie|Mystical Fire|p2a: \u585e\u8c6a\u5bcc\n|-supereffective|p2a: \u585e\u8c6a\u5bcc\n|-damage|p2a: \u585e\u8c6a\u5bcc|27\/100\n|-unboost|p2a: \u585e\u8c6a\u5bcc|spa|1\n|-zpower|p2a: \u585e\u8c6a\u5bcc\n|-formechange|p2a: \u585e\u8c6a\u5bcc|Aegislash-Blade||[from] ability: Stance Change\n|move|p2a: \u585e\u8c6a\u5bcc|Never-Ending Nightmare|p1a: Diancie|[zeffect]\n|-damage|p1a: Diancie|0 fnt\n|faint|p1a: Diancie\n|\n|upkeep\n|\n|t:|1700378322\n|switch|p1a: Kartana|Kartana|100\/100\n|-damage|p1a: Kartana|94\/100|[from] Stealth Rock\n|turn|13\n|\n|t:|1700378330\n|switch|p2a: \u70c8\u7bad\u9e70|Moltres|100\/100\n|move|p1a: Kartana|Knock Off|p2a: \u70c8\u7bad\u9e70\n|-damage|p2a: \u70c8\u7bad\u9e70|70\/100\n|-status|p1a: Kartana|brn|[from] ability: Flame Body|[of] p2a: \u70c8\u7bad\u9e70\n|-enditem|p2a: \u70c8\u7bad\u9e70|Heavy-Duty Boots|[from] move: Knock Off|[of] p1a: Kartana\n|\n|-damage|p1a: Kartana|88\/100 brn|[from] brn\n|upkeep\n|turn|14\n|\n|t:|1700378336\n|switch|p1a: Garganacl|Garganacl, F|99\/100\n|-damage|p1a: Garganacl|86\/100|[from] Stealth Rock\n|move|p2a: \u70c8\u7bad\u9e70|Defog|p1a: Garganacl\n|-unboost|p1a: Garganacl|evasion|1\n|-sideend|p1: 10greg|Stealth Rock|[from] move: Defog|[of] p2a: \u70c8\u7bad\u9e70\n|-sideend|p2: daybreak wave2|Stealth Rock|[from] move: Defog|[of] p2a: \u70c8\u7bad\u9e70\n|\n|-heal|p1a: Garganacl|92\/100|[from] item: Leftovers\n|upkeep\n|turn|15\n|\n|t:|1700378344\n|move|p2a: \u70c8\u7bad\u9e70|U-turn|p1a: Garganacl\n|-crit|p1a: Garganacl\n|-damage|p1a: Garganacl|77\/100\n|\n|t:|1700378346\n|switch|p2a: \u6d1b\u6258\u59c6-\u5207\u5272|Electrode-Hisui|64\/100|[from] U-turn\n|move|p1a: Garganacl|Salt Cure|p2a: \u6d1b\u6258\u59c6-\u5207\u5272\n|-damage|p2a: \u6d1b\u6258\u59c6-\u5207\u5272|40\/100\n|-start|p2a: \u6d1b\u6258\u59c6-\u5207\u5272|Salt Cure\n|\n|-heal|p1a: Garganacl|83\/100|[from] item: Leftovers\n|-damage|p2a: \u6d1b\u6258\u59c6-\u5207\u5272|27\/100|[from] Salt Cure\n|upkeep\n|turn|16\n|\n|t:|1700378355\n|switch|p1a: Kartana|Kartana|88\/100 brn\n|move|p2a: \u6d1b\u6258\u59c6-\u5207\u5272|Leaf Storm|p1a: Kartana\n|-resisted|p1a: Kartana\n|-damage|p1a: Kartana|35\/100 brn\n|-unboost|p2a: \u6d1b\u6258\u59c6-\u5207\u5272|spa|2\n|\n|-damage|p1a: Kartana|29\/100 brn|[from] brn\n|-damage|p2a: \u6d1b\u6258\u59c6-\u5207\u5272|15\/100|[from] Salt Cure\n|upkeep\n|turn|17\n|\n|t:|1700378363\n|switch|p2a: \u70c8\u7bad\u9e70|Moltres|70\/100\n|move|p1a: Kartana|Knock Off|p2a: \u70c8\u7bad\u9e70\n|-damage|p2a: \u70c8\u7bad\u9e70|60\/100\n|\n|-damage|p1a: Kartana|23\/100 brn|[from] brn\n|upkeep\n|turn|18\n|\n|t:|1700378373\n|move|p1a: Kartana|Knock Off|p2a: \u70c8\u7bad\u9e70\n|-damage|p2a: \u70c8\u7bad\u9e70|50\/100\n|move|p2a: \u70c8\u7bad\u9e70|U-turn|p1a: Kartana\n|-damage|p1a: Kartana|8\/100 brn\n|\n|t:|1700378379\n|switch|p2a: \u7532\u54e5|Pinsir, M, shiny|100\/100|[from] U-turn\n|\n|-damage|p1a: Kartana|2\/100 brn|[from] brn\n|upkeep\n|turn|19\n|\n|t:|1700378386\n|switch|p1a: Toxapex|Toxapex, F|100\/100\n|move|p2a: \u7532\u54e5|Quick Attack|p1a: Toxapex\n|-damage|p1a: Toxapex|91\/100\n|\n|upkeep\n|turn|20\n|\n|t:|1700378396\n|detailschange|p2a: \u7532\u54e5|Pinsir-Mega, M, shiny\n|-mega|p2a: \u7532\u54e5|Pinsir|Pinsirite\n|move|p2a: \u7532\u54e5|Earthquake|p1a: Toxapex\n|-supereffective|p1a: Toxapex\n|-damage|p1a: Toxapex|44\/100\n|move|p1a: Toxapex|Scald|p2a: \u7532\u54e5\n|-damage|p2a: \u7532\u54e5|76\/100\n|\n|upkeep\n|turn|21\n|\n|t:|1700378404\n|switch|p1a: Kartana|Kartana|2\/100 brn\n|move|p2a: \u7532\u54e5|Swords Dance|p2a: \u7532\u54e5\n|-boost|p2a: \u7532\u54e5|atk|2\n|\n|-damage|p1a: Kartana|0 fnt|[from] brn\n|faint|p1a: Kartana\n|upkeep\n|\n|t:|1700378410\n|switch|p1a: Garganacl|Garganacl, F|83\/100\n|turn|22\n|\n|t:|1700378420\n|-terastallize|p1a: Garganacl|Water\n|move|p2a: \u7532\u54e5|Earthquake|p1a: Garganacl\n|-damage|p1a: Garganacl|28\/100\n|move|p1a: Garganacl|Recover|p1a: Garganacl\n|-heal|p1a: Garganacl|78\/100\n|\n|-heal|p1a: Garganacl|84\/100|[from] item: Leftovers\n|upkeep\n|turn|23\n|\n|t:|1700378429\n|move|p2a: \u7532\u54e5|Return|p1a: Garganacl\n|-crit|p1a: Garganacl\n|-damage|p1a: Garganacl|0 fnt\n|faint|p1a: Garganacl\n|\n|upkeep\n|\n|t:|1700378434\n|switch|p1a: Great Tusk|Great Tusk|100\/100\n|turn|24\n|\n|t:|1700378440\n|move|p2a: \u7532\u54e5|Return|p1a: Great Tusk\n|-supereffective|p1a: Great Tusk\n|-damage|p1a: Great Tusk|0 fnt\n|faint|p1a: Great Tusk\n|-end|p1a: Great Tusk|Protosynthesis|[silent]\n|\n|upkeep\n|\n|t:|1700378446\n|switch|p1a: Toxapex|Toxapex, F|77\/100\n|turn|25\n|\n|t:|1700378451\n|move|p2a: \u7532\u54e5|Earthquake|p1a: Toxapex\n|-supereffective|p1a: Toxapex\n|-damage|p1a: Toxapex|0 fnt\n|faint|p1a: Toxapex\n|\n|win|daybreak wave2\n|raw|10greg's rating: 1388 &rarr; <strong>1373<\/strong><br \/>(-15 for losing)\n|raw|daybreak wave2's rating: 1474 &rarr; <strong>1489<\/strong><br \/>(+15 for winning)\n|c|\u260610greg|gg wp\n|l|\u260610greg\n","uploadtime":1700378458,"views":7,"p1id":"10greg","p2id":"daybreakwave2","formatid":"gen9nationaldex","rating":1373,"private":0,"password":""}