{"id":"gen9nationaldex-1989415977","p1":"Mr. Boomble","p2":"a903608420","format":"[Gen 9] National Dex","log":"|j|\u2606Mr. Boomble\n|j|\u2606a903608420\n|t:|1699847392\n|gametype|singles\n|player|p1|Mr. Boomble|gentleman-gen4|1162\n|player|p2|a903608420|169|1251\n|teamsize|p1|6\n|teamsize|p2|6\n|gen|9\n|tier|[Gen 9] National Dex\n|rated|\n|rule|HP Percentage Mod: HP is shown in percentages\n|rule|Endless Battle Clause: Forcing endless battles is banned\n|rule|OHKO Clause: OHKO moves are banned\n|rule|Evasion Clause: Evasion abilities, items, and moves are banned\n|rule|Evasion Abilities Clause: Evasion abilities are banned\n|rule|Evasion Items Clause: Evasion items are banned\n|rule|Evasion Moves Clause: Evasion moves are banned\n|rule|Species Clause: Limit one of each Pok\u00e9mon\n|rule|Sleep Clause Mod: Limit one foe put to sleep\n|clearpoke\n|poke|p1|Sceptile, M|\n|poke|p1|Azumarill, F|\n|poke|p1|Gliscor, M|\n|poke|p1|Toxicroak, M|\n|poke|p1|Aegislash, M|\n|poke|p1|Volcarona, F|\n|poke|p2|Charizard, M|\n|poke|p2|Venusaur, M|\n|poke|p2|Darmanitan, F|\n|poke|p2|Torkoal, M|\n|poke|p2|Great Tusk|\n|poke|p2|Hatterene, F|\n|teampreview\n|\n|t:|1699847405\n|start\n|switch|p1a: Azumarill|Azumarill, F|100\/100\n|switch|p2a: Charizard|Charizard, M|100\/100\n|turn|1\n|inactive|Battle timer is ON: inactive players will automatically lose when time's up. (requested by a903608420)\n|\n|t:|1699847414\n|detailschange|p2a: Charizard|Charizard-Mega-Y, M\n|-mega|p2a: Charizard|Charizard|Charizardite Y\n|-weather|SunnyDay|[from] ability: Drought|[of] p2a: Charizard\n|move|p1a: Azumarill|Aqua Jet|p2a: Charizard\n|-supereffective|p2a: Charizard\n|-damage|p2a: Charizard|68\/100\n|move|p2a: Charizard|Solar Beam||[still]\n|-prepare|p2a: Charizard|Solar Beam\n|-anim|p2a: Charizard|Solar Beam|p1a: Azumarill\n|-supereffective|p1a: Azumarill\n|-damage|p1a: Azumarill|23\/100\n|\n|-weather|SunnyDay|[upkeep]\n|upkeep\n|turn|2\n|\n|t:|1699847433\n|move|p1a: Azumarill|Aqua Jet|p2a: Charizard\n|-supereffective|p2a: Charizard\n|-damage|p2a: Charizard|32\/100\n|move|p2a: Charizard|Solar Beam||[still]\n|-prepare|p2a: Charizard|Solar Beam\n|-anim|p2a: Charizard|Solar Beam|p1a: Azumarill\n|-supereffective|p1a: Azumarill\n|-damage|p1a: Azumarill|0 fnt\n|faint|p1a: Azumarill\n|\n|-weather|SunnyDay|[upkeep]\n|upkeep\n|\n|t:|1699847447\n|switch|p1a: Gex|Sceptile, M|100\/100\n|turn|3\n|\n|t:|1699847453\n|detailschange|p1a: Gex|Sceptile-Mega, M\n|-mega|p1a: Gex|Sceptile|Sceptilite\n|move|p1a: Gex|Dragon Claw|p2a: Charizard\n|-damage|p2a: Charizard|0 fnt\n|faint|p2a: Charizard\n|\n|-weather|SunnyDay|[upkeep]\n|upkeep\n|\n|t:|1699847462\n|switch|p2a: Darmanitan|Darmanitan, F|100\/100\n|turn|4\n|\n|t:|1699847469\n|move|p2a: Darmanitan|Flare Blitz|p1a: Gex\n|-damage|p1a: Gex|0 fnt\n|faint|p1a: Gex\n|-damage|p2a: Darmanitan|74\/100|[from] Recoil\n|\n|-weather|SunnyDay|[upkeep]\n|upkeep\n|c|\u2606Mr. Boomble|um ok\n|\n|t:|1699847497\n|switch|p1a: Volcarona|Volcarona, F|100\/100\n|turn|5\n|\n|t:|1699847506\n|switch|p2a: Great Tusk|Great Tusk|100\/100\n|-activate|p2a: Great Tusk|ability: Protosynthesis\n|-start|p2a: Great Tusk|protosynthesisatk\n|move|p1a: Volcarona|Quiver Dance|p1a: Volcarona\n|-boost|p1a: Volcarona|spa|1\n|-boost|p1a: Volcarona|spd|1\n|-boost|p1a: Volcarona|spe|1\n|\n|-weather|none\n|-end|p2a: Great Tusk|Protosynthesis\n|upkeep\n|turn|6\n|\n|t:|1699847529\n|-end|p2a: Great Tusk|Protosynthesis|[silent]\n|switch|p2a: Hatterene|Hatterene, F|100\/100\n|move|p1a: Volcarona|Psychic|p2a: Hatterene\n|-resisted|p2a: Hatterene\n|-damage|p2a: Hatterene|74\/100\n|-enditem|p2a: Hatterene|Eject Button\n|\n|t:|1699847535\n|switch|p2a: Torkoal|Torkoal, M|100\/100\n|-weather|SunnyDay|[from] ability: Drought|[of] p2a: Torkoal\n|\n|-weather|SunnyDay|[upkeep]\n|upkeep\n|turn|7\n|\n|t:|1699847544\n|move|p1a: Volcarona|Quiver Dance|p1a: Volcarona\n|-boost|p1a: Volcarona|spa|1\n|-boost|p1a: Volcarona|spd|1\n|-boost|p1a: Volcarona|spe|1\n|move|p2a: Torkoal|Yawn|p1a: Volcarona\n|-start|p1a: Volcarona|move: Yawn|[of] p2a: Torkoal\n|\n|-weather|SunnyDay|[upkeep]\n|upkeep\n|turn|8\n|\n|t:|1699847563\n|switch|p1a: Gliscor|Gliscor, M|100\/100\n|move|p2a: Torkoal|Stealth Rock|p1a: Gliscor\n|-sidestart|p1: Mr. Boomble|move: Stealth Rock\n|\n|-weather|SunnyDay|[upkeep]\n|-status|p1a: Gliscor|tox|[from] item: Toxic Orb\n|upkeep\n|turn|9\n|\n|t:|1699847574\n|switch|p2a: Venusaur|Venusaur, M|100\/100\n|move|p1a: Gliscor|Substitute|p1a: Gliscor\n|-start|p1a: Gliscor|Substitute\n|-damage|p1a: Gliscor|75\/100 tox\n|\n|-weather|SunnyDay|[upkeep]\n|-heal|p1a: Gliscor|88\/100 tox|[from] ability: Poison Heal\n|upkeep\n|turn|10\n|\n|t:|1699847586\n|move|p1a: Gliscor|Earthquake|p2a: Venusaur\n|-damage|p2a: Venusaur|56\/100\n|move|p2a: Venusaur|Growth|p2a: Venusaur\n|-boost|p2a: Venusaur|atk|2\n|-boost|p2a: Venusaur|spa|2\n|\n|-weather|SunnyDay|[upkeep]\n|-heal|p1a: Gliscor|99\/100 tox|[from] ability: Poison Heal\n|upkeep\n|turn|11\n|\n|t:|1699847596\n|move|p1a: Gliscor|Earthquake|p2a: Venusaur\n|-damage|p2a: Venusaur|15\/100\n|move|p2a: Venusaur|Giga Drain|p1a: Gliscor\n|-end|p1a: Gliscor|Substitute\n|-heal|p2a: Venusaur|28\/100|[from] drain|[of] p1a: Gliscor\n|\n|-weather|SunnyDay|[upkeep]\n|-heal|p1a: Gliscor|100\/100 tox|[from] ability: Poison Heal\n|upkeep\n|turn|12\n|\n|t:|1699847607\n|move|p1a: Gliscor|Earthquake|p2a: Venusaur\n|-damage|p2a: Venusaur|0 fnt\n|faint|p2a: Venusaur\n|\n|-weather|SunnyDay|[upkeep]\n|upkeep\n|\n|t:|1699847616\n|switch|p2a: Darmanitan|Darmanitan, F|74\/100\n|turn|13\n|\n|t:|1699847623\n|-terastallize|p2a: Darmanitan|Fire\n|move|p2a: Darmanitan|Flare Blitz|p1a: Gliscor\n|-damage|p1a: Gliscor|0 fnt\n|faint|p1a: Gliscor\n|-damage|p2a: Darmanitan|47\/100|[from] Recoil\n|\n|-weather|none\n|upkeep\n|c|\u2606Mr. Boomble|what exactly does flare blitz do?\n|\n|t:|1699847636\n|switch|p1a: Volcarona|Volcarona, F|100\/100\n|-damage|p1a: Volcarona|50\/100|[from] Stealth Rock\n|turn|14\n|\n|t:|1699847645\n|move|p2a: Darmanitan|Flare Blitz|p1a: Volcarona\n|-damage|p1a: Volcarona|0 fnt\n|faint|p1a: Volcarona\n|-damage|p2a: Darmanitan|29\/100|[from] Recoil\n|\n|upkeep\n|\n|t:|1699847650\n|switch|p1a: Aegislash|Aegislash, M|100\/100\n|-damage|p1a: Aegislash|94\/100|[from] Stealth Rock\n|turn|15\n|\n|t:|1699847654\n|move|p1a: Aegislash|King's Shield|p1a: Aegislash\n|-singleturn|p1a: Aegislash|Protect\n|move|p2a: Darmanitan|Flare Blitz|p1a: Aegislash\n|-activate|p1a: Aegislash|move: Protect\n|-unboost|p2a: Darmanitan|atk|1\n|\n|-heal|p1a: Aegislash|100\/100|[from] item: Leftovers\n|upkeep\n|turn|16\n|\n|t:|1699847664\n|switch|p2a: Torkoal|Torkoal, M|100\/100\n|-weather|SunnyDay|[from] ability: Drought|[of] p2a: Torkoal\n|-formechange|p1a: Aegislash|Aegislash-Blade||[from] ability: Stance Change\n|move|p1a: Aegislash|Shadow Sneak|p2a: Torkoal\n|-damage|p2a: Torkoal|87\/100\n|\n|-weather|SunnyDay|[upkeep]\n|upkeep\n|turn|17\n|\n|t:|1699847675\n|-formechange|p1a: Aegislash|Aegislash||[from] ability: Stance Change\n|move|p1a: Aegislash|King's Shield|p1a: Aegislash\n|-singleturn|p1a: Aegislash|Protect\n|move|p2a: Torkoal|Yawn|p1a: Aegislash\n|-start|p1a: Aegislash|move: Yawn|[of] p2a: Torkoal\n|\n|-weather|SunnyDay|[upkeep]\n|upkeep\n|turn|18\n|\n|t:|1699847684\n|switch|p1a: Toxicroak|Toxicroak, M|100\/100\n|-damage|p1a: Toxicroak|94\/100|[from] Stealth Rock\n|move|p2a: Torkoal|Body Press|p1a: Toxicroak\n|-resisted|p1a: Toxicroak\n|-damage|p1a: Toxicroak|68\/100\n|\n|-weather|SunnyDay|[upkeep]\n|upkeep\n|turn|19\n|\n|t:|1699847701\n|switch|p2a: Great Tusk|Great Tusk|100\/100\n|-activate|p2a: Great Tusk|ability: Protosynthesis\n|-start|p2a: Great Tusk|protosynthesisatk\n|move|p1a: Toxicroak|Cross Chop|p2a: Great Tusk\n|-damage|p2a: Great Tusk|67\/100\n|-status|p2a: Great Tusk|psn|[from] ability: Poison Touch|[of] p1a: Toxicroak\n|\n|-weather|SunnyDay|[upkeep]\n|-damage|p2a: Great Tusk|55\/100 psn|[from] psn\n|upkeep\n|turn|20\n|\n|t:|1699847723\n|move|p1a: Toxicroak|Cross Chop|p2a: Great Tusk\n|-damage|p2a: Great Tusk|22\/100 psn\n|-zpower|p2a: Great Tusk\n|move|p2a: Great Tusk|Subzero Slammer|p1a: Toxicroak|[zeffect]\n|-damage|p1a: Toxicroak|0 fnt\n|faint|p1a: Toxicroak\n|\n|-weather|SunnyDay|[upkeep]\n|-damage|p2a: Great Tusk|10\/100 psn|[from] psn\n|upkeep\n|\n|t:|1699847732\n|switch|p1a: Aegislash|Aegislash, M|100\/100\n|-damage|p1a: Aegislash|94\/100|[from] Stealth Rock\n|turn|21\n|\n|t:|1699847738\n|-formechange|p1a: Aegislash|Aegislash-Blade||[from] ability: Stance Change\n|move|p1a: Aegislash|Shadow Sneak|p2a: Great Tusk\n|-damage|p2a: Great Tusk|0 fnt\n|faint|p2a: Great Tusk\n|-end|p2a: Great Tusk|Protosynthesis|[silent]\n|\n|-weather|SunnyDay|[upkeep]\n|-heal|p1a: Aegislash|100\/100|[from] item: Leftovers\n|upkeep\n|\n|t:|1699847747\n|switch|p2a: Darmanitan|Darmanitan, F, tera:Fire|29\/100\n|turn|22\n|\n|t:|1699847751\n|move|p1a: Aegislash|Shadow Sneak|p2a: Darmanitan\n|-damage|p2a: Darmanitan|0 fnt\n|faint|p2a: Darmanitan\n|\n|-weather|SunnyDay|[upkeep]\n|upkeep\n|\n|t:|1699847756\n|switch|p2a: Torkoal|Torkoal, M|87\/100\n|turn|23\n|\n|t:|1699847761\n|-formechange|p1a: Aegislash|Aegislash||[from] ability: Stance Change\n|move|p1a: Aegislash|King's Shield|p1a: Aegislash\n|-singleturn|p1a: Aegislash|Protect\n|move|p2a: Torkoal|Yawn|p1a: Aegislash\n|-start|p1a: Aegislash|move: Yawn|[of] p2a: Torkoal\n|\n|-weather|none\n|upkeep\n|turn|24\n|\n|t:|1699847777\n|switch|p2a: Hatterene|Hatterene, F|74\/100\n|-terastallize|p1a: Aegislash|Steel\n|-formechange|p1a: Aegislash|Aegislash-Blade||[from] ability: Stance Change\n|move|p1a: Aegislash|Sacred Sword|p2a: Hatterene\n|-resisted|p2a: Hatterene\n|-damage|p2a: Hatterene|64\/100\n|\n|-end|p1a: Aegislash|move: Yawn|[silent]\n|-status|p1a: Aegislash|slp\n|upkeep\n|turn|25\n|\n|t:|1699847791\n|cant|p1a: Aegislash|slp\n|move|p2a: Hatterene|Psychic|p1a: Aegislash\n|-resisted|p1a: Aegislash\n|-damage|p1a: Aegislash|51\/100 slp\n|\n|-heal|p1a: Aegislash|58\/100 slp|[from] item: Leftovers\n|upkeep\n|turn|26\n|\n|t:|1699847799\n|-curestatus|p1a: Aegislash|slp|[msg]\n|move|p1a: Aegislash|Iron Head|p2a: Hatterene\n|-supereffective|p2a: Hatterene\n|-damage|p2a: Hatterene|0 fnt\n|faint|p2a: Hatterene\n|\n|-heal|p1a: Aegislash|64\/100|[from] item: Leftovers\n|upkeep\n|\n|t:|1699847808\n|switch|p2a: Torkoal|Torkoal, M|87\/100\n|-weather|SunnyDay|[from] ability: Drought|[of] p2a: Torkoal\n|turn|27\n|\n|t:|1699847815\n|move|p1a: Aegislash|Sacred Sword|p2a: Torkoal\n|-damage|p2a: Torkoal|65\/100\n|move|p2a: Torkoal|Body Press|p1a: Aegislash\n|-supereffective|p1a: Aegislash\n|-damage|p1a: Aegislash|0 fnt\n|faint|p1a: Aegislash\n|\n|win|a903608420\n|raw|Mr. Boomble's rating: 1162 &rarr; <strong>1143<\/strong><br \/>(-19 for losing)\n|raw|a903608420's rating: 1251 &rarr; <strong>1270<\/strong><br \/>(+19 for winning)\n|c|\u2606Mr. Boomble|gg\n|c|\u2606a903608420|gg\n","uploadtime":1699847840,"views":4,"p1id":"mrboomble","p2id":"a903608420","formatid":"gen9nationaldex","rating":1143,"private":0,"password":""}