{"id":"gen9nationaldex-1988013778","p1":"Xoviet Yunion","p2":"predator30","format":"[Gen 9] National Dex","log":"|j|\u2606Xoviet Yunion\n|j|\u2606predator30\n|t:|1699659203\n|gametype|singles\n|player|p1|Xoviet Yunion|shauntal|\n|player|p2|predator30|cynthia|\n|teamsize|p1|6\n|teamsize|p2|6\n|gen|9\n|tier|[Gen 9] National Dex\n|rule|HP Percentage Mod: HP is shown in percentages\n|rule|Endless Battle Clause: Forcing endless battles is banned\n|rule|OHKO Clause: OHKO moves are banned\n|rule|Evasion Clause: Evasion abilities, items, and moves are banned\n|rule|Evasion Abilities Clause: Evasion abilities are banned\n|rule|Evasion Items Clause: Evasion items are banned\n|rule|Evasion Moves Clause: Evasion moves are banned\n|rule|Species Clause: Limit one of each Pok\u00e9mon\n|rule|Sleep Clause Mod: Limit one foe put to sleep\n|clearpoke\n|poke|p1|Scrafty, F|\n|poke|p1|Lilligant-Hisui, F|\n|poke|p1|Zamazenta-*|\n|poke|p1|Sneasler, F|\n|poke|p1|Hawlucha, F|\n|poke|p1|Iron Hands|\n|poke|p2|Cosmoem|\n|poke|p2|Magikarp, F|\n|poke|p2|Tapu Fini|\n|poke|p2|Scizor, M|\n|poke|p2|Zygarde-10%|\n|poke|p2|Latias, F|\n|teampreview\n|j| Pex Hater\n|c|\u2606predator30|ok\n|c|\u2606predator30|iron hands lead incoming\n|\n|t:|1699659237\n|start\n|switch|p1a: Annihilape\u200b|Sneasler, F|100\/100\n|switch|p2a: Zygarde|Zygarde-10%|100\/100\n|-ability|p2a: Zygarde|Aura Break\n|turn|1\n|c|\u2606predator30|WHAT\n|c|\u2606predator30|HOW\n|c| Pex Hater|it was annihilape\n|c| Pex Hater|actually\n|c|\u2606predator30|i can usually predict leads\n|c|\u2606predator30|smh\n|\n|t:|1699659278\n|switch|p2a: Cosmoem|Cosmoem|100\/100\n|move|p1a: Annihilape\u200b|U-turn|p2a: Cosmoem\n|-supereffective|p2a: Cosmoem\n|-damage|p2a: Cosmoem|52\/100\n|-damage|p1a: Annihilape\u200b|84\/100|[from] item: Rocky Helmet|[of] p2a: Cosmoem\n|\n|t:|1699659286\n|switch|p1a: Annihil\u200b\u200b\u200bape|Lilligant-Hisui, F, shiny|100\/100|[from] U-turn\n|\n|upkeep\n|turn|2\n|\n|t:|1699659292\n|move|p1a: Annihil\u200b\u200b\u200bape|Victory Dance|p1a: Annihil\u200b\u200b\u200bape\n|-boost|p1a: Annihil\u200b\u200b\u200bape|atk|1\n|-boost|p1a: Annihil\u200b\u200b\u200bape|def|1\n|-boost|p1a: Annihil\u200b\u200b\u200bape|spe|1\n|move|p2a: Cosmoem|Teleport|p2a: Cosmoem\n|\n|t:|1699659299\n|switch|p2a: Scizor|Scizor, M|100\/100|[from] Teleport\n|\n|upkeep\n|turn|3\n|\n|t:|1699659303\n|move|p2a: Scizor|Bullet Punch|p1a: Annihil\u200b\u200b\u200bape\n|-damage|p1a: Annihil\u200b\u200b\u200bape|49\/100\n|move|p1a: Annihil\u200b\u200b\u200bape|Close Combat|p2a: Scizor\n|-damage|p2a: Scizor|0 fnt\n|-unboost|p1a: Annihil\u200b\u200b\u200bape|def|1\n|-unboost|p1a: Annihil\u200b\u200b\u200bape|spd|1\n|faint|p2a: Scizor\n|\n|upkeep\n|\n|t:|1699659311\n|switch|p2a: Latias|Latias, F|100\/100\n|turn|4\n|\n|t:|1699659318\n|switch|p1a: Annihilap|Scrafty, F|100\/100\n|switch|p2a: Cosmoem|Cosmoem|52\/100\n|\n|upkeep\n|turn|5\n|\n|t:|1699659330\n|move|p1a: Annihilap|Knock Off|p2a: Cosmoem\n|-supereffective|p2a: Cosmoem\n|-damage|p2a: Cosmoem|7\/100\n|-damage|p1a: Annihilap|84\/100|[from] item: Rocky Helmet|[of] p2a: Cosmoem\n|-enditem|p2a: Cosmoem|Rocky Helmet|[from] move: Knock Off|[of] p1a: Annihilap\n|move|p2a: Cosmoem|Teleport|p2a: Cosmoem\n|\n|t:|1699659332\n|switch|p2a: Zygarde|Zygarde-10%|100\/100|[from] Teleport\n|-ability|p2a: Zygarde|Aura Break\n|\n|-heal|p1a: Annihilap|90\/100|[from] item: Leftovers\n|upkeep\n|turn|6\n|\n|t:|1699659337\n|move|p1a: Annihilap|Protect|p1a: Annihilap\n|-singleturn|p1a: Annihilap|Protect\n|move|p2a: Zygarde|Outrage|p1a: Annihilap\n|-activate|p1a: Annihilap|move: Protect\n|\n|-heal|p1a: Annihilap|96\/100|[from] item: Leftovers\n|upkeep\n|turn|7\n|c|\u2606predator30|cmon\n|\n|t:|1699659354\n|switch|p1a: Annihil\u200b\u200b\u200bape|Lilligant-Hisui, F, shiny|49\/100\n|move|p2a: Zygarde|Outrage|p1a: Annihil\u200b\u200b\u200bape\n|-damage|p1a: Annihil\u200b\u200b\u200bape|0 fnt\n|faint|p1a: Annihil\u200b\u200b\u200bape\n|\n|upkeep\n|c|\u2606predator30|bring in the lillignat\n|c|\u2606predator30|o\n|\n|t:|1699659373\n|switch|p1a: Annihilape\u200b|Sneasler, F|84\/100\n|turn|8\n|\n|t:|1699659377\n|move|p1a: Annihilape\u200b|Close Combat|p2a: Zygarde\n|-damage|p2a: Zygarde|0 fnt\n|-unboost|p1a: Annihilape\u200b|def|1\n|-unboost|p1a: Annihilape\u200b|spd|1\n|faint|p2a: Zygarde\n|\n|upkeep\n|\n|t:|1699659379\n|switch|p2a: Latias|Latias, F|100\/100\n|turn|9\n|\n|t:|1699659381\n|switch|p1a: Annihilap|Scrafty, F|96\/100\n|switch|p2a: Tapu Fini|Tapu Fini|100\/100\n|-fieldstart|move: Misty Terrain|[from] ability: Misty Surge|[of] p2a: Tapu Fini\n|\n|-heal|p1a: Annihilap|100\/100|[from] item: Leftovers\n|upkeep\n|turn|10\n|\n|t:|1699659392\n|switch|p1a: Annihilape\u200b|Sneasler, F|84\/100\n|move|p2a: Tapu Fini|Surf|p1a: Annihilape\u200b\n|-damage|p1a: Annihilape\u200b|40\/100\n|\n|upkeep\n|turn|11\n|\n|t:|1699659400\n|switch|p2a: Cosmoem|Cosmoem|7\/100\n|move|p1a: Annihilape\u200b|Dire Claw|p2a: Cosmoem\n|-damage|p2a: Cosmoem|0 fnt\n|faint|p2a: Cosmoem\n|\n|upkeep\n|\n|t:|1699659402\n|switch|p2a: Latias|Latias, F|100\/100\n|turn|12\n|\n|t:|1699659419\n|switch|p1a: Annihilap|Scrafty, F|100\/100\n|detailschange|p2a: Latias|Latias-Mega, F\n|-mega|p2a: Latias|Latias|Latiasite\n|move|p2a: Latias|Ice Beam|p1a: Annihilap\n|-damage|p1a: Annihilap|83\/100\n|\n|-heal|p1a: Annihilap|89\/100|[from] item: Leftovers\n|upkeep\n|turn|13\n|\n|t:|1699659426\n|move|p2a: Latias|Calm Mind|p2a: Latias\n|-boost|p2a: Latias|spa|1\n|-boost|p2a: Latias|spd|1\n|move|p1a: Annihilap|Knock Off|p2a: Latias\n|-supereffective|p2a: Latias\n|-damage|p2a: Latias|69\/100\n|\n|-heal|p1a: Annihilap|95\/100|[from] item: Leftovers\n|-fieldend|Misty Terrain\n|upkeep\n|turn|14\n|\n|t:|1699659429\n|move|p2a: Latias|Roost|p2a: Latias\n|-heal|p2a: Latias|100\/100\n|-singleturn|p2a: Latias|move: Roost\n|move|p1a: Annihilap|Toxic|p2a: Latias\n|-status|p2a: Latias|tox\n|\n|-heal|p1a: Annihilap|100\/100|[from] item: Leftovers\n|-damage|p2a: Latias|94\/100 tox|[from] psn\n|upkeep\n|turn|15\n|\n|t:|1699659433\n|switch|p2a: Tapu Fini|Tapu Fini|100\/100\n|-fieldstart|move: Misty Terrain|[from] ability: Misty Surge|[of] p2a: Tapu Fini\n|move|p1a: Annihilap|Knock Off|p2a: Tapu Fini\n|-resisted|p2a: Tapu Fini\n|-damage|p2a: Tapu Fini|90\/100\n|-enditem|p2a: Tapu Fini|Leftovers|[from] move: Knock Off|[of] p1a: Annihilap\n|\n|upkeep\n|turn|16\n|\n|t:|1699659438\n|switch|p1a: Annihilape\u200b\u200b\u200b|Iron Hands|100\/100\n|move|p2a: Tapu Fini|Calm Mind|p2a: Tapu Fini\n|-boost|p2a: Tapu Fini|spa|1\n|-boost|p2a: Tapu Fini|spd|1\n|\n|upkeep\n|turn|17\n|\n|t:|1699659441\n|move|p2a: Tapu Fini|Draining Kiss|p1a: Annihilape\u200b\u200b\u200b\n|-supereffective|p1a: Annihilape\u200b\u200b\u200b\n|-damage|p1a: Annihilape\u200b\u200b\u200b|55\/100\n|-heal|p2a: Tapu Fini|100\/100|[from] drain|[of] p1a: Annihilape\u200b\u200b\u200b\n|move|p1a: Annihilape\u200b\u200b\u200b|Wild Charge|p2a: Tapu Fini\n|-supereffective|p2a: Tapu Fini\n|-damage|p2a: Tapu Fini|0 fnt\n|faint|p2a: Tapu Fini\n|-damage|p1a: Annihilape\u200b\u200b\u200b|36\/100|[from] Recoil\n|\n|upkeep\n|c|\u2606predator30|how di that live\n|c|\u2606predator30|oof\n|\n|t:|1699659447\n|switch|p2a: Latias|Latias-Mega, F|94\/100 tox\n|turn|18\n|\n|t:|1699659453\n|switch|p2a: Magikarp|Magikarp, F|100\/100\n|-end|p1a: Annihilape\u200b\u200b\u200b|Quark Drive|[silent]\n|switch|p1a: Annihilap|Scrafty, F|100\/100\n|\n|upkeep\n|turn|19\n|\n|t:|1699659456\n|move|p2a: Magikarp|Bounce||[still]\n|-prepare|p2a: Magikarp|Bounce\n|move|p1a: Annihilap|Knock Off|p2a: Magikarp|[miss]\n|-miss|p1a: Annihilap|p2a: Magikarp\n|\n|-fieldend|Misty Terrain\n|upkeep\n|turn|20\n|\n|t:|1699659458\n|move|p1a: Annihilap|Protect|p1a: Annihilap\n|-singleturn|p1a: Annihilap|Protect\n|move|p2a: Magikarp|Bounce|p1a: Annihilap|[from]lockedmove\n|-activate|p1a: Annihilap|move: Protect\n|\n|upkeep\n|turn|21\n|\n|t:|1699659459\n|move|p2a: Magikarp|Bounce||[still]\n|-prepare|p2a: Magikarp|Bounce\n|move|p1a: Annihilap|Knock Off|p2a: Magikarp|[miss]\n|-miss|p1a: Annihilap|p2a: Magikarp\n|\n|upkeep\n|turn|22\n|\n|t:|1699659461\n|move|p1a: Annihilap|Protect|p1a: Annihilap\n|-singleturn|p1a: Annihilap|Protect\n|move|p2a: Magikarp|Bounce|p1a: Annihilap|[from]lockedmove\n|-activate|p1a: Annihilap|move: Protect\n|\n|upkeep\n|turn|23\n|\n|t:|1699659463\n|move|p2a: Magikarp|Bounce||[still]\n|-prepare|p2a: Magikarp|Bounce\n|move|p1a: Annihilap|Knock Off|p2a: Magikarp|[miss]\n|-miss|p1a: Annihilap|p2a: Magikarp\n|\n|upkeep\n|turn|24\n|\n|t:|1699659465\n|move|p1a: Annihilap|Protect|p1a: Annihilap\n|-singleturn|p1a: Annihilap|Protect\n|move|p2a: Magikarp|Bounce|p1a: Annihilap|[from]lockedmove\n|-activate|p1a: Annihilap|move: Protect\n|\n|upkeep\n|turn|25\n|\n|t:|1699659466\n|move|p2a: Magikarp|Bounce||[still]\n|-prepare|p2a: Magikarp|Bounce\n|move|p1a: Annihilap|Knock Off|p2a: Magikarp|[miss]\n|-miss|p1a: Annihilap|p2a: Magikarp\n|\n|upkeep\n|turn|26\n|\n|t:|1699659468\n|move|p1a: Annihilap|Protect|p1a: Annihilap\n|-singleturn|p1a: Annihilap|Protect\n|move|p2a: Magikarp|Bounce|p1a: Annihilap|[from]lockedmove\n|-activate|p1a: Annihilap|move: Protect\n|\n|upkeep\n|turn|27\n|c| Pex Hater|thank you pred, i learned a lot this game\n|\n|t:|1699659469\n|move|p2a: Magikarp|Bounce||[still]\n|-prepare|p2a: Magikarp|Bounce\n|move|p1a: Annihilap|Knock Off|p2a: Magikarp|[miss]\n|-miss|p1a: Annihilap|p2a: Magikarp\n|\n|upkeep\n|turn|28\n|\n|t:|1699659470\n|move|p1a: Annihilap|Protect|p1a: Annihilap\n|-singleturn|p1a: Annihilap|Protect\n|move|p2a: Magikarp|Bounce|p1a: Annihilap|[from]lockedmove\n|-activate|p1a: Annihilap|move: Protect\n|\n|upkeep\n|turn|29\n|\n|t:|1699659471\n|move|p2a: Magikarp|Bounce||[still]\n|-prepare|p2a: Magikarp|Bounce\n|move|p1a: Annihilap|Knock Off|p2a: Magikarp|[miss]\n|-miss|p1a: Annihilap|p2a: Magikarp\n|\n|upkeep\n|turn|30\n|\n|t:|1699659473\n|move|p1a: Annihilap|Protect|p1a: Annihilap\n|-singleturn|p1a: Annihilap|Protect\n|move|p2a: Magikarp|Bounce|p1a: Annihilap|[from]lockedmove\n|-activate|p1a: Annihilap|move: Protect\n|\n|upkeep\n|turn|31\n|\n|t:|1699659474\n|move|p2a: Magikarp|Bounce||[still]\n|-prepare|p2a: Magikarp|Bounce\n|move|p1a: Annihilap|Knock Off|p2a: Magikarp|[miss]\n|-miss|p1a: Annihilap|p2a: Magikarp\n|\n|upkeep\n|turn|32\n|\n|t:|1699659476\n|move|p1a: Annihilap|Protect|p1a: Annihilap\n|-singleturn|p1a: Annihilap|Protect\n|move|p2a: Magikarp|Bounce|p1a: Annihilap|[from]lockedmove\n|-activate|p1a: Annihilap|move: Protect\n|\n|upkeep\n|turn|33\n|\n|t:|1699659477\n|move|p2a: Magikarp|Bounce||[still]\n|-prepare|p2a: Magikarp|Bounce\n|move|p1a: Annihilap|Knock Off|p2a: Magikarp|[miss]\n|-miss|p1a: Annihilap|p2a: Magikarp\n|\n|upkeep\n|turn|34\n|\n|t:|1699659479\n|move|p1a: Annihilap|Protect|p1a: Annihilap\n|-singleturn|p1a: Annihilap|Protect\n|move|p2a: Magikarp|Bounce|p1a: Annihilap|[from]lockedmove\n|-activate|p1a: Annihilap|move: Protect\n|\n|upkeep\n|turn|35\n|\n|t:|1699659480\n|-activate|p2a: Magikarp|move: Struggle\n|move|p2a: Magikarp|Struggle|p1a: Annihilap\n|-damage|p1a: Annihilap|98\/100\n|-damage|p2a: Magikarp|76\/100|[from] recoil\n|move|p1a: Annihilap|Knock Off|p2a: Magikarp\n|-damage|p2a: Magikarp|0 fnt\n|-enditem|p2a: Magikarp|Choice Scarf|[from] move: Knock Off|[of] p1a: Annihilap\n|faint|p2a: Magikarp\n|\n|-heal|p1a: Annihilap|100\/100|[from] item: Leftovers\n|upkeep\n|\n|t:|1699659482\n|switch|p2a: Latias|Latias-Mega, F|94\/100 tox\n|turn|36\n|\n|t:|1699659487\n|move|p2a: Latias|Calm Mind|p2a: Latias\n|-boost|p2a: Latias|spa|1\n|-boost|p2a: Latias|spd|1\n|move|p1a: Annihilap|Knock Off|p2a: Latias\n|-supereffective|p2a: Latias\n|-damage|p2a: Latias|62\/100 tox\n|\n|-damage|p2a: Latias|56\/100 tox|[from] psn\n|upkeep\n|turn|37\n|\n|t:|1699659490\n|move|p2a: Latias|Ice Beam|p1a: Annihilap\n|-damage|p1a: Annihilap|73\/100\n|-status|p1a: Annihilap|frz\n|cant|p1a: Annihilap|frz\n|\n|-activate|p1a: Annihilap|ability: Shed Skin\n|-curestatus|p1a: Annihilap|frz|[msg]\n|-heal|p1a: Annihilap|79\/100|[from] item: Leftovers\n|-damage|p2a: Latias|44\/100 tox|[from] psn\n|upkeep\n|turn|38\n|\n|t:|1699659492\n|move|p2a: Latias|Roost|p2a: Latias\n|-heal|p2a: Latias|94\/100 tox\n|-singleturn|p2a: Latias|move: Roost\n|move|p1a: Annihilap|Knock Off|p2a: Latias\n|-supereffective|p2a: Latias\n|-damage|p2a: Latias|63\/100 tox\n|\n|-heal|p1a: Annihilap|85\/100|[from] item: Leftovers\n|-damage|p2a: Latias|45\/100 tox|[from] psn\n|upkeep\n|turn|39\n|c|\u2606predator30|what the hell is that kuck\n|c|\u2606predator30|lmao\n|\n|t:|1699659497\n|move|p2a: Latias|Ice Beam|p1a: Annihilap\n|-damage|p1a: Annihilap|57\/100\n|move|p1a: Annihilap|Knock Off|p2a: Latias\n|-supereffective|p2a: Latias\n|-damage|p2a: Latias|13\/100 tox\n|\n|-heal|p1a: Annihilap|63\/100|[from] item: Leftovers\n|-damage|p2a: Latias|0 fnt|[from] psn\n|faint|p2a: Latias\n|\n|win|Xoviet Yunion\n|upkeep\n","uploadtime":1699659500,"views":27,"p1id":"xovietyunion","p2id":"predator30","formatid":"gen9nationaldex","rating":0,"private":0,"password":""}