{"id":"gen9nationaldex-1992786112","p1":"dgosilva","p2":"grass knot zygarde","format":"[Gen 9] National Dex","log":"|j|\u2606dgosilva\n|j|\u2606grass knot zygarde\n|t:|1700235317\n|gametype|singles\n|player|p1|dgosilva|265|1456\n|player|p2|grass knot zygarde|dawn|1654\n|teamsize|p1|6\n|teamsize|p2|6\n|gen|9\n|tier|[Gen 9] National Dex\n|rated|\n|rule|HP Percentage Mod: HP is shown in percentages\n|rule|Endless Battle Clause: Forcing endless battles is banned\n|rule|OHKO Clause: OHKO moves are banned\n|rule|Evasion Clause: Evasion abilities, items, and moves are banned\n|rule|Evasion Abilities Clause: Evasion abilities are banned\n|rule|Evasion Items Clause: Evasion items are banned\n|rule|Evasion Moves Clause: Evasion moves are banned\n|rule|Species Clause: Limit one of each Pok\u00e9mon\n|rule|Sleep Clause Mod: Limit one foe put to sleep\n|clearpoke\n|poke|p1|Venusaur, F|\n|poke|p1|Umbreon, F|\n|poke|p1|Arcanine-Hisui, M|\n|poke|p1|Kingdra, F|\n|poke|p1|Ninetales-Alola, F|\n|poke|p1|Weezing-Galar, F|\n|poke|p2|Tapu Lele|\n|poke|p2|Sneasler, M|\n|poke|p2|Alomomola, F|\n|poke|p2|Gliscor, F|\n|poke|p2|Kartana|\n|poke|p2|Slowking-Galar, M|\n|teampreview\n|inactive|Battle timer is ON: inactive players will automatically lose when time's up. (requested by grass knot zygarde)\n|\n|t:|1700235342\n|start\n|switch|p1a: Bulba Fett|Venusaur, F|100\/100\n|switch|p2a: guy|Slowking-Galar, M, shiny|100\/100\n|turn|1\n|j| iliveinohiorizz\n|\n|t:|1700235363\n|detailschange|p1a: Bulba Fett|Venusaur-Mega, F\n|-mega|p1a: Bulba Fett|Venusaur|Venusaurite\n|move|p1a: Bulba Fett|Leech Seed|p2a: guy\n|-start|p2a: guy|move: Leech Seed\n|move|p2a: guy|Future Sight|p1a: Bulba Fett\n|-start|p2a: guy|move: Future Sight\n|\n|-damage|p2a: guy|88\/100|[from] Leech Seed|[of] p1a: Bulba Fett\n|upkeep\n|turn|2\n|\n|t:|1700235380\n|switch|p1a: My old friend|Umbreon, F|100\/100\n|move|p2a: guy|Chilly Reception|p2a: guy\n|-weather|Snow\n|\n|t:|1700235383\n|switch|p2a: permanent scars|Tapu Lele, shiny|100\/100|[from] Chilly Reception\n|-fieldstart|move: Psychic Terrain|[from] ability: Psychic Surge|[of] p2a: permanent scars\n|\n|-weather|Snow|[upkeep]\n|upkeep\n|turn|3\n|\n|t:|1700235391\n|move|p2a: permanent scars|Moonblast|p1a: My old friend\n|-supereffective|p1a: My old friend\n|-damage|p1a: My old friend|36\/100\n|move|p1a: My old friend|Toxic|p2a: permanent scars\n|-status|p2a: permanent scars|tox\n|\n|-weather|Snow|[upkeep]\n|-end|p1a: My old friend|move: Future Sight\n|-immune|p1a: My old friend\n|-heal|p1a: My old friend|42\/100|[from] item: Leftovers\n|-damage|p2a: permanent scars|94\/100 tox|[from] psn\n|upkeep\n|turn|4\n|\n|t:|1700235405\n|switch|p2a: flying whales|Sneasler, M, shiny|100\/100\n|-enditem|p2a: flying whales|Psychic Seed\n|-boost|p2a: flying whales|spd|1|[from] item: Psychic Seed\n|move|p1a: My old friend|Protect||[still]\n|-fail|p1a: My old friend\n|\n|-weather|Snow|[upkeep]\n|-heal|p1a: My old friend|48\/100|[from] item: Leftovers\n|upkeep\n|turn|5\n|\n|t:|1700235425\n|switch|p1a: Sir Farts'alot|Weezing-Galar, F|100\/100\n|move|p2a: flying whales|Swords Dance|p2a: flying whales\n|-boost|p2a: flying whales|atk|2\n|\n|-weather|Snow|[upkeep]\n|upkeep\n|turn|6\n|\n|t:|1700235433\n|move|p2a: flying whales|Gunk Shot|p1a: Sir Farts'alot\n|-damage|p1a: Sir Farts'alot|0 fnt\n|faint|p1a: Sir Farts'alot\n|\n|-weather|none\n|-fieldend|move: Psychic Terrain\n|upkeep\n|inactive|dgosilva has 120 seconds left.\n|\n|t:|1700235469\n|switch|p1a: Mononoke|Ninetales-Alola, F|100\/100\n|-weather|Snow|[from] ability: Snow Warning|[of] p1a: Mononoke\n|turn|7\n|\n|t:|1700235489\n|-terastallize|p1a: Mononoke|Steel\n|move|p2a: flying whales|Close Combat|p1a: Mononoke\n|-supereffective|p1a: Mononoke\n|-damage|p1a: Mononoke|0 fnt\n|-unboost|p2a: flying whales|def|1\n|-unboost|p2a: flying whales|spd|1\n|faint|p1a: Mononoke\n|\n|-weather|Snow|[upkeep]\n|upkeep\n|c| iliveinohiorizz|it's over.\n|\n|t:|1700235499\n|switch|p1a: My old friend|Umbreon, F|48\/100\n|turn|8\n|c|\u2606grass knot zygarde|this aintttt it\n|\n|t:|1700235509\n|-terastallize|p2a: flying whales|Flying\n|move|p2a: flying whales|Acrobatics|p1a: My old friend\n|-crit|p1a: My old friend\n|-damage|p1a: My old friend|0 fnt\n|faint|p1a: My old friend\n|\n|-weather|Snow|[upkeep]\n|upkeep\n|\n|t:|1700235516\n|switch|p1a: King|Arcanine-Hisui, M|100\/100\n|turn|9\n|\n|t:|1700235522\n|move|p1a: King|Extreme Speed|p2a: flying whales\n|-damage|p2a: flying whales|13\/100\n|-damage|p1a: King|91\/100|[from] item: Life Orb\n|move|p2a: flying whales|Close Combat|p1a: King\n|-supereffective|p1a: King\n|-crit|p1a: King\n|-damage|p1a: King|0 fnt\n|-unboost|p2a: flying whales|def|1\n|-unboost|p2a: flying whales|spd|1\n|faint|p1a: King\n|\n|-weather|Snow|[upkeep]\n|upkeep\n|-message|dgosilva forfeited.\n|\n|win|grass knot zygarde\n|raw|dgosilva's rating: 1456 &rarr; <strong>1446<\/strong><br \/>(-10 for losing)\n|raw|grass knot zygarde's rating: 1654 &rarr; <strong>1664<\/strong><br \/>(+10 for winning)\n|l|\u2606dgosilva\n","uploadtime":1700235538,"views":8,"p1id":"dgosilva","p2id":"grassknotzygarde","formatid":"gen9nationaldex","rating":1446,"private":0,"password":""}