{"id":"gen9nationaldex-1987907695","p1":"DrawnOutDread","p2":"AncientFr33z","format":"[Gen 9] National Dex","log":"|j|\u2606DrawnOutDread\n|j|\u2606AncientFr33z\n|t:|1699648018\n|gametype|singles\n|player|p1|DrawnOutDread|101|1208\n|player|p2|AncientFr33z|gentleman-gen4|1296\n|teamsize|p1|6\n|teamsize|p2|6\n|gen|9\n|tier|[Gen 9] National Dex\n|rated|\n|rule|HP Percentage Mod: HP is shown in percentages\n|rule|Endless Battle Clause: Forcing endless battles is banned\n|rule|OHKO Clause: OHKO moves are banned\n|rule|Evasion Clause: Evasion abilities, items, and moves are banned\n|rule|Evasion Abilities Clause: Evasion abilities are banned\n|rule|Evasion Items Clause: Evasion items are banned\n|rule|Evasion Moves Clause: Evasion moves are banned\n|rule|Species Clause: Limit one of each Pok\u00e9mon\n|rule|Sleep Clause Mod: Limit one foe put to sleep\n|clearpoke\n|poke|p1|Tapu Koko|\n|poke|p1|Hawlucha, M|\n|poke|p1|Iron Moth|\n|poke|p1|Latios, M|\n|poke|p1|Celesteela|\n|poke|p1|Toxapex, M|\n|poke|p2|Ninetales-Alola, M|\n|poke|p2|Dragonite, M|\n|poke|p2|Gyarados, M|\n|poke|p2|Skeledirge, M|\n|poke|p2|Alakazam, F|\n|poke|p2|Corviknight, F|\n|teampreview\n|inactive|Battle timer is ON: inactive players will automatically lose when time's up. (requested by AncientFr33z)\n|\n|t:|1699648043\n|start\n|switch|p1a: Iron Moth|Iron Moth|100\/100\n|switch|p2a: Ninetales|Ninetales-Alola, M|100\/100\n|-weather|Snow|[from] ability: Snow Warning|[of] p2a: Ninetales\n|turn|1\n|\n|t:|1699648054\n|move|p1a: Iron Moth|Fiery Dance|p2a: Ninetales\n|-supereffective|p2a: Ninetales\n|-damage|p2a: Ninetales|0 fnt\n|faint|p2a: Ninetales\n|\n|-weather|Snow|[upkeep]\n|upkeep\n|\n|t:|1699648059\n|switch|p2a: Gyarados|Gyarados, M|100\/100\n|turn|2\n|\n|t:|1699648063\n|-end|p1a: Iron Moth|Quark Drive|[silent]\n|switch|p1a: Tapu Koko|Tapu Koko, shiny|100\/100\n|-fieldstart|move: Electric Terrain|[from] ability: Electric Surge|[of] p1a: Tapu Koko\n|move|p2a: Gyarados|Dragon Dance|p2a: Gyarados\n|-boost|p2a: Gyarados|atk|1\n|-boost|p2a: Gyarados|spe|1\n|\n|-weather|Snow|[upkeep]\n|upkeep\n|turn|3\n|\n|t:|1699648072\n|move|p1a: Tapu Koko|Thunderbolt|p2a: Gyarados\n|-supereffective|p2a: Gyarados\n|-damage|p2a: Gyarados|0 fnt\n|faint|p2a: Gyarados\n|\n|-weather|Snow|[upkeep]\n|upkeep\n|\n|t:|1699648077\n|switch|p2a: Dragonite|Dragonite, M|100\/100\n|turn|4\n|\n|t:|1699648080\n|move|p1a: Tapu Koko|Dazzling Gleam|p2a: Dragonite\n|-supereffective|p2a: Dragonite\n|-damage|p2a: Dragonite|70\/100\n|move|p2a: Dragonite|Earthquake|p1a: Tapu Koko\n|-supereffective|p1a: Tapu Koko\n|-damage|p1a: Tapu Koko|0 fnt\n|faint|p1a: Tapu Koko\n|\n|-weather|Snow|[upkeep]\n|-heal|p2a: Dragonite|77\/100|[from] item: Leftovers\n|upkeep\n|\n|t:|1699648088\n|switch|p1a: Hawlucha|Hawlucha, M|100\/100\n|-enditem|p1a: Hawlucha|Electric Seed\n|-boost|p1a: Hawlucha|def|1|[from] item: Electric Seed\n|turn|5\n|\n|t:|1699648093\n|move|p1a: Hawlucha|Swords Dance|p1a: Hawlucha\n|-boost|p1a: Hawlucha|atk|2\n|move|p2a: Dragonite|Dual Wingbeat|p1a: Hawlucha\n|-supereffective|p1a: Hawlucha\n|-damage|p1a: Hawlucha|59\/100\n|-supereffective|p1a: Hawlucha\n|-damage|p1a: Hawlucha|16\/100\n|-hitcount|p1a: Hawlucha|2\n|\n|-weather|none\n|-heal|p2a: Dragonite|83\/100|[from] item: Leftovers\n|upkeep\n|turn|6\n|\n|t:|1699648105\n|switch|p2a: Skeledirge|Skeledirge, M|100\/100\n|move|p1a: Hawlucha|Acrobatics|p2a: Skeledirge\n|-damage|p2a: Skeledirge|71\/100\n|\n|-heal|p2a: Skeledirge|77\/100|[from] item: Leftovers\n|upkeep\n|turn|7\n|\n|t:|1699648127\n|switch|p1a: Toxapex|Toxapex, M|100\/100\n|move|p2a: Skeledirge|Will-O-Wisp|p1a: Toxapex\n|-status|p1a: Toxapex|brn\n|\n|-heal|p2a: Skeledirge|84\/100|[from] item: Leftovers\n|-damage|p1a: Toxapex|94\/100 brn|[from] brn\n|upkeep\n|turn|8\n|\n|t:|1699648134\n|move|p2a: Skeledirge|Hex|p1a: Toxapex\n|-damage|p1a: Toxapex|62\/100 brn\n|move|p1a: Toxapex|Toxic|p2a: Skeledirge\n|-status|p2a: Skeledirge|tox\n|\n|-heal|p2a: Skeledirge|90\/100 tox|[from] item: Leftovers\n|-heal|p1a: Toxapex|69\/100 brn|[from] item: Black Sludge\n|-damage|p2a: Skeledirge|84\/100 tox|[from] psn\n|-damage|p1a: Toxapex|62\/100 brn|[from] brn\n|upkeep\n|turn|9\n|\n|t:|1699648144\n|switch|p2a: Alakazam|Alakazam, F|100\/100\n|move|p1a: Toxapex|Scald|p2a: Alakazam\n|-damage|p2a: Alakazam|77\/100\n|\n|-heal|p1a: Toxapex|69\/100 brn|[from] item: Black Sludge\n|-damage|p1a: Toxapex|62\/100 brn|[from] brn\n|-fieldend|move: Electric Terrain\n|upkeep\n|turn|10\n|\n|t:|1699648156\n|switch|p1a: Latios|Latios, M|100\/100\n|move|p2a: Alakazam|Psychic|p1a: Latios\n|-resisted|p1a: Latios\n|-damage|p1a: Latios|58\/100\n|\n|upkeep\n|turn|11\n|\n|t:|1699648164\n|switch|p2a: Skeledirge|Skeledirge, M|84\/100 tox\n|detailschange|p1a: Latios|Latios-Mega, M\n|-mega|p1a: Latios|Latios|Latiosite\n|move|p1a: Latios|Ice Beam|p2a: Skeledirge\n|-resisted|p2a: Skeledirge\n|-damage|p2a: Skeledirge|65\/100 tox\n|\n|-heal|p2a: Skeledirge|71\/100 tox|[from] item: Leftovers\n|-damage|p2a: Skeledirge|65\/100 tox|[from] psn\n|upkeep\n|turn|12\n|\n|t:|1699648175\n|switch|p1a: Toxapex|Toxapex, M|96\/100 brn\n|move|p2a: Skeledirge|Will-O-Wisp|p1a: Toxapex\n|-fail|p1a: Toxapex|brn\n|\n|-heal|p2a: Skeledirge|71\/100 tox|[from] item: Leftovers\n|-heal|p1a: Toxapex|100\/100 brn|[from] item: Black Sludge\n|-damage|p2a: Skeledirge|59\/100 tox|[from] psn\n|-damage|p1a: Toxapex|94\/100 brn|[from] brn\n|upkeep\n|turn|13\n|\n|t:|1699648187\n|move|p2a: Skeledirge|Slack Off|p2a: Skeledirge\n|-heal|p2a: Skeledirge|100\/100 tox\n|move|p1a: Toxapex|Scald|p2a: Skeledirge\n|-supereffective|p2a: Skeledirge\n|-damage|p2a: Skeledirge|66\/100 tox\n|\n|-heal|p2a: Skeledirge|72\/100 tox|[from] item: Leftovers\n|-heal|p1a: Toxapex|100\/100 brn|[from] item: Black Sludge\n|-damage|p2a: Skeledirge|53\/100 tox|[from] psn\n|-damage|p1a: Toxapex|94\/100 brn|[from] brn\n|upkeep\n|turn|14\n|\n|t:|1699648197\n|switch|p2a: Alakazam|Alakazam, F|77\/100\n|move|p1a: Toxapex|Scald|p2a: Alakazam\n|-damage|p2a: Alakazam|53\/100\n|\n|-heal|p1a: Toxapex|100\/100 brn|[from] item: Black Sludge\n|-damage|p1a: Toxapex|94\/100 brn|[from] brn\n|upkeep\n|turn|15\n|\n|t:|1699648211\n|switch|p1a: Celesteela|Celesteela|100\/100\n|move|p2a: Alakazam|Psychic|p1a: Celesteela\n|-resisted|p1a: Celesteela\n|-damage|p1a: Celesteela|64\/100\n|\n|-heal|p1a: Celesteela|70\/100|[from] item: Leftovers\n|upkeep\n|turn|16\n|\n|t:|1699648220\n|switch|p2a: Corviknight|Corviknight, F|100\/100\n|-ability|p2a: Corviknight|Pressure\n|move|p1a: Celesteela|Toxic|p2a: Corviknight\n|-immune|p2a: Corviknight\n|\n|-heal|p1a: Celesteela|76\/100|[from] item: Leftovers\n|upkeep\n|turn|17\n|\n|t:|1699648228\n|move|p2a: Corviknight|Bulk Up|p2a: Corviknight\n|-boost|p2a: Corviknight|atk|1\n|-boost|p2a: Corviknight|def|1\n|move|p1a: Celesteela|Flamethrower|p2a: Corviknight\n|-supereffective|p2a: Corviknight\n|-damage|p2a: Corviknight|51\/100\n|\n|-heal|p2a: Corviknight|57\/100|[from] item: Leftovers\n|-heal|p1a: Celesteela|82\/100|[from] item: Leftovers\n|upkeep\n|turn|18\n|\n|t:|1699648242\n|switch|p2a: Skeledirge|Skeledirge, M|53\/100 tox\n|move|p1a: Celesteela|Flamethrower|p2a: Skeledirge\n|-resisted|p2a: Skeledirge\n|-damage|p2a: Skeledirge|42\/100 tox\n|\n|-heal|p2a: Skeledirge|49\/100 tox|[from] item: Leftovers\n|-heal|p1a: Celesteela|88\/100|[from] item: Leftovers\n|-damage|p2a: Skeledirge|42\/100 tox|[from] psn\n|upkeep\n|turn|19\n|\n|t:|1699648255\n|move|p2a: Skeledirge|Slack Off|p2a: Skeledirge\n|-heal|p2a: Skeledirge|92\/100 tox\n|move|p1a: Celesteela|Heavy Slam|p2a: Skeledirge\n|-resisted|p2a: Skeledirge\n|-damage|p2a: Skeledirge|85\/100 tox\n|\n|-heal|p2a: Skeledirge|91\/100 tox|[from] item: Leftovers\n|-heal|p1a: Celesteela|94\/100|[from] item: Leftovers\n|-damage|p2a: Skeledirge|79\/100 tox|[from] psn\n|upkeep\n|turn|20\n|\n|t:|1699648265\n|switch|p1a: Toxapex|Toxapex, M|100\/100 brn\n|move|p2a: Skeledirge|Hex|p1a: Toxapex\n|-damage|p1a: Toxapex|66\/100 brn\n|\n|-heal|p2a: Skeledirge|85\/100 tox|[from] item: Leftovers\n|-heal|p1a: Toxapex|72\/100 brn|[from] item: Black Sludge\n|-damage|p2a: Skeledirge|67\/100 tox|[from] psn\n|-damage|p1a: Toxapex|66\/100 brn|[from] brn\n|upkeep\n|turn|21\n|\n|t:|1699648276\n|switch|p2a: Alakazam|Alakazam, F|53\/100\n|move|p1a: Toxapex|Scald|p2a: Alakazam\n|-damage|p2a: Alakazam|31\/100\n|-status|p2a: Alakazam|brn\n|\n|-heal|p1a: Toxapex|72\/100 brn|[from] item: Black Sludge\n|-damage|p1a: Toxapex|66\/100 brn|[from] brn\n|upkeep\n|turn|22\n|\n|t:|1699648287\n|move|p1a: Toxapex|Baneful Bunker|p1a: Toxapex\n|-singleturn|p1a: Toxapex|move: Protect\n|move|p2a: Alakazam|Psychic|p1a: Toxapex\n|-activate|p1a: Toxapex|move: Protect\n|\n|-heal|p1a: Toxapex|72\/100 brn|[from] item: Black Sludge\n|-damage|p1a: Toxapex|66\/100 brn|[from] brn\n|upkeep\n|turn|23\n|\n|t:|1699648298\n|switch|p2a: Skeledirge|Skeledirge, M|67\/100 tox\n|switch|p1a: Celesteela|Celesteela|94\/100\n|\n|-heal|p2a: Skeledirge|73\/100 tox|[from] item: Leftovers\n|-heal|p1a: Celesteela|100\/100|[from] item: Leftovers\n|-damage|p2a: Skeledirge|67\/100 tox|[from] psn\n|upkeep\n|turn|24\n|\n|t:|1699648308\n|move|p2a: Skeledirge|Torch Song|p1a: Celesteela\n|-supereffective|p1a: Celesteela\n|-damage|p1a: Celesteela|49\/100\n|-boost|p2a: Skeledirge|spa|1\n|move|p1a: Celesteela|Earthquake|p2a: Skeledirge\n|-supereffective|p2a: Skeledirge\n|-damage|p2a: Skeledirge|36\/100 tox\n|\n|-heal|p2a: Skeledirge|42\/100 tox|[from] item: Leftovers\n|-heal|p1a: Celesteela|55\/100|[from] item: Leftovers\n|-damage|p2a: Skeledirge|30\/100 tox|[from] psn\n|upkeep\n|turn|25\n|\n|t:|1699648319\n|switch|p1a: Toxapex|Toxapex, M|99\/100 brn\n|move|p2a: Skeledirge|Slack Off|p2a: Skeledirge\n|-heal|p2a: Skeledirge|80\/100 tox\n|\n|-heal|p2a: Skeledirge|86\/100 tox|[from] item: Leftovers\n|-heal|p1a: Toxapex|100\/100 brn|[from] item: Black Sludge\n|-damage|p2a: Skeledirge|68\/100 tox|[from] psn\n|-damage|p1a: Toxapex|94\/100 brn|[from] brn\n|upkeep\n|turn|26\n|\n|t:|1699648329\n|move|p2a: Skeledirge|Hex|p1a: Toxapex\n|-damage|p1a: Toxapex|45\/100 brn\n|move|p1a: Toxapex|Scald|p2a: Skeledirge\n|-supereffective|p2a: Skeledirge\n|-damage|p2a: Skeledirge|35\/100 tox\n|\n|-heal|p2a: Skeledirge|41\/100 tox|[from] item: Leftovers\n|-heal|p1a: Toxapex|51\/100 brn|[from] item: Black Sludge\n|-damage|p2a: Skeledirge|17\/100 tox|[from] psn\n|-damage|p1a: Toxapex|45\/100 brn|[from] brn\n|upkeep\n|turn|27\n|\n|t:|1699648341\n|switch|p2a: Dragonite|Dragonite, M|83\/100\n|move|p1a: Toxapex|Scald|p2a: Dragonite\n|-resisted|p2a: Dragonite\n|-damage|p2a: Dragonite|74\/100\n|\n|-heal|p2a: Dragonite|80\/100|[from] item: Leftovers\n|-heal|p1a: Toxapex|51\/100 brn|[from] item: Black Sludge\n|-damage|p1a: Toxapex|45\/100 brn|[from] brn\n|upkeep\n|turn|28\n|\n|t:|1699648352\n|move|p1a: Toxapex|Baneful Bunker|p1a: Toxapex\n|-singleturn|p1a: Toxapex|move: Protect\n|move|p2a: Dragonite|Dragon Dance|p2a: Dragonite\n|-boost|p2a: Dragonite|atk|1\n|-boost|p2a: Dragonite|spe|1\n|\n|-heal|p2a: Dragonite|87\/100|[from] item: Leftovers\n|-heal|p1a: Toxapex|51\/100 brn|[from] item: Black Sludge\n|-damage|p1a: Toxapex|45\/100 brn|[from] brn\n|upkeep\n|turn|29\n|\n|t:|1699648366\n|move|p2a: Dragonite|Dual Wingbeat|p1a: Toxapex\n|-damage|p1a: Toxapex|18\/100 brn\n|-damage|p1a: Toxapex|0 fnt\n|faint|p1a: Toxapex\n|-hitcount|p1: Toxapex|2\n|\n|-heal|p2a: Dragonite|93\/100|[from] item: Leftovers\n|upkeep\n|\n|t:|1699648382\n|switch|p1a: Iron Moth|Iron Moth|100\/100\n|turn|30\n|\n|t:|1699648389\n|move|p1a: Iron Moth|Dazzling Gleam|p2a: Dragonite\n|-supereffective|p2a: Dragonite\n|-crit|p2a: Dragonite\n|-damage|p2a: Dragonite|0 fnt\n|faint|p2a: Dragonite\n|\n|upkeep\n|\n|t:|1699648392\n|switch|p2a: Alakazam|Alakazam, F|31\/100 brn\n|turn|31\n|-message|AncientFr33z forfeited.\n|\n|win|DrawnOutDread\n|raw|DrawnOutDread's rating: 1208 &rarr; <strong>1239<\/strong><br \/>(+31 for winning)\n|raw|AncientFr33z's rating: 1296 &rarr; <strong>1265<\/strong><br \/>(-31 for losing)\n|l|\u2606AncientFr33z\n","uploadtime":1699648402,"views":4,"p1id":"drawnoutdread","p2id":"ancientfr33z","formatid":"gen9nationaldex","rating":1239,"private":0,"password":""}