{"id":"gen9nationaldex-1998002822","p1":"NDSNEZyedropwhen","p2":"sanzimkkbr","format":"[Gen 9] National Dex","log":"|html|<div class=\"broadcast-blue\"><strong>[Gen 9] National Dex is currently suspecting Sneasler! For information on how to participate check out the <a href=\"https:\/\/www.smogon.com\/forums\/threads\/sv-national-dex-suspect-8-just-dance.3731534\/\">suspect thread<\/a>.<\/strong><\/div>\n|j|\u2606NDSNEZyedropwhen\n|j|\u2606sanzimkkbr\n|t:|1700877645\n|gametype|singles\n|player|p1|NDSNEZyedropwhen|adaman|1200\n|player|p2|sanzimkkbr|170|1177\n|teamsize|p1|6\n|teamsize|p2|6\n|gen|9\n|tier|[Gen 9] National Dex\n|rated|\n|rule|HP Percentage Mod: HP is shown in percentages\n|rule|Endless Battle Clause: Forcing endless battles is banned\n|rule|OHKO Clause: OHKO moves are banned\n|rule|Evasion Clause: Evasion abilities, items, and moves are banned\n|rule|Evasion Abilities Clause: Evasion abilities are banned\n|rule|Evasion Items Clause: Evasion items are banned\n|rule|Evasion Moves Clause: Evasion moves are banned\n|rule|Species Clause: Limit one of each Pok\u00e9mon\n|rule|Sleep Clause Mod: Limit one foe put to sleep\n|clearpoke\n|poke|p1|Toxapex, F|\n|poke|p1|Dondozo, M|\n|poke|p1|Gliscor, F|\n|poke|p1|Blissey, F|\n|poke|p1|Corviknight, M|\n|poke|p1|Tyranitar, M|\n|poke|p2|Grimmsnarl, M|\n|poke|p2|Scizor, M|\n|poke|p2|Tapu Koko|\n|poke|p2|Hitmonlee, M|\n|poke|p2|Tornadus-Therian, M|\n|poke|p2|Kommo-o, M|\n|teampreview\n|\n|t:|1700877660\n|start\n|switch|p1a: Gliscor|Gliscor, F|100\/100\n|switch|p2a: Grimmsnarl|Grimmsnarl, M|100\/100\n|turn|1\n|\n|t:|1700877669\n|move|p2a: Grimmsnarl|Taunt|p1a: Gliscor\n|-start|p1a: Gliscor|move: Taunt\n|cant|p1a: Gliscor|move: Taunt|Toxic\n|\n|-status|p1a: Gliscor|tox|[from] item: Toxic Orb\n|upkeep\n|turn|2\n|\n|t:|1700877675\n|switch|p1a: Corviknight|Corviknight, M|100\/100\n|-ability|p1a: Corviknight|Pressure\n|move|p2a: Grimmsnarl|Reflect|p2a: Grimmsnarl\n|-sidestart|p2: sanzimkkbr|Reflect\n|\n|upkeep\n|turn|3\n|\n|t:|1700877681\n|switch|p1a: Gliscor|Gliscor, F|100\/100 tox\n|move|p2a: Grimmsnarl|Light Screen|p2a: Grimmsnarl\n|-sidestart|p2: sanzimkkbr|move: Light Screen\n|\n|upkeep\n|turn|4\n|\n|t:|1700877698\n|move|p2a: Grimmsnarl|Taunt|p1a: Gliscor\n|-start|p1a: Gliscor|move: Taunt\n|move|p1a: Gliscor|Earthquake|p2a: Grimmsnarl\n|-damage|p2a: Grimmsnarl|80\/100\n|\n|upkeep\n|turn|5\n|\n|t:|1700877704\n|switch|p1a: Corviknight|Corviknight, M|100\/100\n|-ability|p1a: Corviknight|Pressure\n|move|p2a: Grimmsnarl|Parting Shot|p1a: Corviknight\n|-unboost|p1a: Corviknight|atk|1\n|-unboost|p1a: Corviknight|spa|1\n|\n|t:|1700877716\n|switch|p2a: Kommo-o|Kommo-o, M|100\/100|[from] Parting Shot\n|\n|upkeep\n|turn|6\n|\n|t:|1700877738\n|switch|p1a: Gliscor|Gliscor, F|100\/100 tox\n|move|p2a: Kommo-o|Clangorous Soul|p2a: Kommo-o\n|-boost|p2a: Kommo-o|atk|1\n|-boost|p2a: Kommo-o|def|1\n|-boost|p2a: Kommo-o|spa|1\n|-boost|p2a: Kommo-o|spd|1\n|-boost|p2a: Kommo-o|spe|1\n|-damage|p2a: Kommo-o|68\/100\n|-enditem|p2a: Kommo-o|Throat Spray\n|-boost|p2a: Kommo-o|spa|1|[from] item: Throat Spray\n|\n|upkeep\n|turn|7\n|\n|t:|1700877754\n|switch|p1a: Blissey|Blissey, F|100\/100\n|-terastallize|p2a: Kommo-o|Normal\n|move|p2a: Kommo-o|Boomburst|p1a: Blissey\n|-damage|p1a: Blissey|67\/100\n|\n|upkeep\n|turn|8\n|\n|t:|1700877761\n|move|p2a: Kommo-o|Aura Sphere|p1a: Blissey\n|-supereffective|p1a: Blissey\n|-damage|p1a: Blissey|27\/100\n|move|p1a: Blissey|Calm Mind|p1a: Blissey\n|-boost|p1a: Blissey|spa|1\n|-boost|p1a: Blissey|spd|1\n|\n|upkeep\n|turn|9\n|\n|t:|1700877767\n|move|p2a: Kommo-o|Aura Sphere|p1a: Blissey\n|-supereffective|p1a: Blissey\n|-damage|p1a: Blissey|0 fnt\n|faint|p1a: Blissey\n|\n|-sideend|p2: sanzimkkbr|Reflect\n|upkeep\n|\n|t:|1700877780\n|switch|p1a: Dondozo|Dondozo, M|100\/100\n|turn|10\n|\n|t:|1700877792\n|move|p2a: Kommo-o|Clangorous Soul|p2a: Kommo-o\n|-boost|p2a: Kommo-o|atk|1\n|-boost|p2a: Kommo-o|def|1\n|-boost|p2a: Kommo-o|spa|1\n|-boost|p2a: Kommo-o|spd|1\n|-boost|p2a: Kommo-o|spe|1\n|-damage|p2a: Kommo-o|35\/100\n|move|p1a: Dondozo|Body Press|p2a: Kommo-o\n|-supereffective|p2a: Kommo-o\n|-damage|p2a: Kommo-o|0 fnt\n|faint|p2a: Kommo-o\n|\n|-sideend|p2: sanzimkkbr|move: Light Screen\n|upkeep\n|\n|t:|1700877810\n|switch|p2a: Tapu Koko|Tapu Koko|100\/100\n|-fieldstart|move: Electric Terrain|[from] ability: Electric Surge|[of] p2a: Tapu Koko\n|turn|11\n|\n|t:|1700877827\n|switch|p1a: Gliscor|Gliscor, F|100\/100 tox\n|move|p2a: Tapu Koko|Volt Switch|p1a: Gliscor\n|-immune|p1a: Gliscor\n|\n|upkeep\n|turn|12\n|\n|t:|1700877837\n|switch|p2a: Grimmsnarl|Grimmsnarl, M|80\/100\n|move|p1a: Gliscor|Toxic|p2a: Grimmsnarl\n|-status|p2a: Grimmsnarl|tox\n|\n|-damage|p2a: Grimmsnarl|74\/100 tox|[from] psn\n|upkeep\n|turn|13\n|\n|t:|1700877847\n|move|p2a: Grimmsnarl|Taunt|p1a: Gliscor\n|-start|p1a: Gliscor|move: Taunt\n|move|p1a: Gliscor|Earthquake|p2a: Grimmsnarl\n|-damage|p2a: Grimmsnarl|32\/100 tox\n|\n|-damage|p2a: Grimmsnarl|20\/100 tox|[from] psn\n|upkeep\n|turn|14\n|\n|t:|1700877861\n|move|p2a: Grimmsnarl|Reflect|p2a: Grimmsnarl\n|-sidestart|p2: sanzimkkbr|Reflect\n|move|p1a: Gliscor|Earthquake|p2a: Grimmsnarl\n|-damage|p2a: Grimmsnarl|0 fnt\n|faint|p2a: Grimmsnarl\n|\n|upkeep\n|\n|t:|1700877872\n|switch|p2a: Tapu Koko|Tapu Koko|100\/100\n|turn|15\n|\n|t:|1700877876\n|switch|p1a: Toxapex|Toxapex, F|100\/100\n|move|p2a: Tapu Koko|Hidden Power|p1a: Toxapex\n|-resisted|p1a: Toxapex\n|-damage|p1a: Toxapex|90\/100\n|\n|-fieldend|move: Electric Terrain\n|upkeep\n|turn|16\n|\n|t:|1700877888\n|switch|p2a: Scizor|Scizor, M|100\/100\n|switch|p1a: Gliscor|Gliscor, F|100\/100 tox\n|\n|upkeep\n|turn|17\n|\n|t:|1700877898\n|switch|p1a: Dondozo|Dondozo, M|100\/100\n|detailschange|p2a: Scizor|Scizor-Mega, M\n|-mega|p2a: Scizor|Scizor|Scizorite\n|move|p2a: Scizor|Swords Dance|p2a: Scizor\n|-boost|p2a: Scizor|atk|2\n|\n|upkeep\n|turn|18\n|\n|t:|1700877905\n|move|p2a: Scizor|Swords Dance|p2a: Scizor\n|-boost|p2a: Scizor|atk|2\n|move|p1a: Dondozo|Curse|p1a: Dondozo\n|-unboost|p1a: Dondozo|spe|1\n|-boost|p1a: Dondozo|atk|1\n|-boost|p1a: Dondozo|def|1\n|\n|upkeep\n|turn|19\n|\n|t:|1700877912\n|move|p2a: Scizor|Swords Dance|p2a: Scizor\n|-boost|p2a: Scizor|atk|2\n|move|p1a: Dondozo|Curse|p1a: Dondozo\n|-unboost|p1a: Dondozo|spe|1\n|-boost|p1a: Dondozo|atk|1\n|-boost|p1a: Dondozo|def|1\n|\n|upkeep\n|turn|20\n|\n|t:|1700877920\n|move|p2a: Scizor|Bug Bite|p1a: Dondozo\n|-damage|p1a: Dondozo|88\/100\n|move|p1a: Dondozo|Curse|p1a: Dondozo\n|-unboost|p1a: Dondozo|spe|1\n|-boost|p1a: Dondozo|atk|1\n|-boost|p1a: Dondozo|def|1\n|\n|upkeep\n|turn|21\n|\n|t:|1700877930\n|move|p2a: Scizor|Bug Bite|p1a: Dondozo\n|-damage|p1a: Dondozo|77\/100\n|move|p1a: Dondozo|Body Press|p2a: Scizor\n|-damage|p2a: Scizor|75\/100\n|\n|-sideend|p2: sanzimkkbr|Reflect\n|upkeep\n|turn|22\n|\n|t:|1700877937\n|move|p2a: Scizor|Bug Bite|p1a: Dondozo\n|-damage|p1a: Dondozo|67\/100\n|move|p1a: Dondozo|Body Press|p2a: Scizor\n|-damage|p2a: Scizor|25\/100\n|\n|upkeep\n|turn|23\n|\n|t:|1700877943\n|move|p2a: Scizor|Bug Bite|p1a: Dondozo\n|-damage|p1a: Dondozo|57\/100\n|move|p1a: Dondozo|Body Press|p2a: Scizor\n|-damage|p2a: Scizor|0 fnt\n|faint|p2a: Scizor\n|\n|upkeep\n|\n|t:|1700877950\n|switch|p2a: Tapu Koko|Tapu Koko|100\/100\n|-fieldstart|move: Electric Terrain|[from] ability: Electric Surge|[of] p2a: Tapu Koko\n|turn|24\n|\n|t:|1700877957\n|switch|p1a: Tyranitar|Tyranitar, M|100\/100\n|-weather|Sandstorm|[from] ability: Sand Stream|[of] p1a: Tyranitar\n|move|p2a: Tapu Koko|Dazzling Gleam|p1a: Tyranitar\n|-supereffective|p1a: Tyranitar\n|-damage|p1a: Tyranitar|54\/100\n|\n|-weather|Sandstorm|[upkeep]\n|-damage|p2a: Tapu Koko|94\/100|[from] Sandstorm\n|upkeep\n|turn|25\n|\n|t:|1700877967\n|switch|p2a: Hitmonlee|Hitmonlee, M|100\/100\n|-enditem|p2a: Hitmonlee|Electric Seed\n|-boost|p2a: Hitmonlee|def|1|[from] item: Electric Seed\n|switch|p1a: Toxapex|Toxapex, F|100\/100\n|\n|-weather|Sandstorm|[upkeep]\n|-damage|p2a: Hitmonlee|94\/100|[from] Sandstorm\n|-damage|p1a: Toxapex|95\/100|[from] Sandstorm\n|upkeep\n|turn|26\n|\n|t:|1700877979\n|move|p2a: Hitmonlee|Fake Out|p1a: Toxapex\n|-damage|p1a: Toxapex|85\/100\n|cant|p1a: Toxapex|flinch\n|\n|-weather|Sandstorm|[upkeep]\n|-damage|p2a: Hitmonlee|88\/100|[from] Sandstorm\n|-damage|p1a: Toxapex|79\/100|[from] Sandstorm\n|upkeep\n|turn|27\n|\n|t:|1700877986\n|move|p2a: Hitmonlee|Knock Off|p1a: Toxapex\n|-crit|p1a: Toxapex\n|-damage|p1a: Toxapex|43\/100\n|-enditem|p1a: Toxapex|Heavy-Duty Boots|[from] move: Knock Off|[of] p2a: Hitmonlee\n|move|p1a: Toxapex|Toxic|p2a: Hitmonlee\n|-status|p2a: Hitmonlee|tox\n|\n|-weather|Sandstorm|[upkeep]\n|-damage|p2a: Hitmonlee|82\/100 tox|[from] Sandstorm\n|-damage|p1a: Toxapex|37\/100|[from] Sandstorm\n|-damage|p2a: Hitmonlee|76\/100 tox|[from] psn\n|upkeep\n|turn|28\n|\n|t:|1700877996\n|move|p2a: Hitmonlee|Bulk Up|p2a: Hitmonlee\n|-boost|p2a: Hitmonlee|atk|1\n|-boost|p2a: Hitmonlee|def|1\n|move|p1a: Toxapex|Recover|p1a: Toxapex\n|-heal|p1a: Toxapex|87\/100\n|\n|-weather|none\n|-damage|p2a: Hitmonlee|63\/100 tox|[from] psn\n|-fieldend|move: Electric Terrain\n|upkeep\n|turn|29\n|\n|t:|1700878010\n|switch|p1a: Gliscor|Gliscor, F|100\/100 tox\n|move|p2a: Hitmonlee|Knock Off|p1a: Gliscor\n|-damage|p1a: Gliscor|66\/100 tox\n|-enditem|p1a: Gliscor|Toxic Orb|[from] move: Knock Off|[of] p2a: Hitmonlee\n|\n|-damage|p2a: Hitmonlee|44\/100 tox|[from] psn\n|-heal|p1a: Gliscor|78\/100 tox|[from] ability: Poison Heal\n|upkeep\n|turn|30\n|-message|sanzimkkbr forfeited.\n|\n|win|NDSNEZyedropwhen\n|raw|NDSNEZyedropwhen's rating: 1221 &rarr; <strong>1243<\/strong><br \/>(+22 for winning)\n|raw|sanzimkkbr's rating: 1177 &rarr; <strong>1155<\/strong><br \/>(-22 for losing)\n|l|\u2606sanzimkkbr\n|j| jkljlkh\n","uploadtime":1700878035,"views":5,"p1id":"ndsnezyedropwhen","p2id":"sanzimkkbr","formatid":"gen9nationaldex","rating":1155,"private":0,"password":""}