{"id":"gen9nationaldex-1990210756","p1":"Kuzwa","p2":"CapNTyreezy","format":"[Gen 9] National Dex","log":"|j|\u2606Kuzwa\n|j|\u2606CapNTyreezy\n|t:|1699937947\n|gametype|singles\n|player|p1|Kuzwa|parasollady|1379\n|player|p2|CapNTyreezy|ethan|1292\n|teamsize|p1|6\n|teamsize|p2|6\n|gen|9\n|tier|[Gen 9] National Dex\n|rated|\n|rule|HP Percentage Mod: HP is shown in percentages\n|rule|Endless Battle Clause: Forcing endless battles is banned\n|rule|OHKO Clause: OHKO moves are banned\n|rule|Evasion Clause: Evasion abilities, items, and moves are banned\n|rule|Evasion Abilities Clause: Evasion abilities are banned\n|rule|Evasion Items Clause: Evasion items are banned\n|rule|Evasion Moves Clause: Evasion moves are banned\n|rule|Species Clause: Limit one of each Pok\u00e9mon\n|rule|Sleep Clause Mod: Limit one foe put to sleep\n|clearpoke\n|poke|p1|Gallade, M|\n|poke|p1|Kartana|\n|poke|p1|Weavile, M|\n|poke|p1|Ogerpon-Wellspring, F|\n|poke|p1|Zeraora|\n|poke|p1|Glimmora, M|\n|poke|p2|Ferrothorn, M|\n|poke|p2|Toxapex, M|\n|poke|p2|Magnezone|\n|poke|p2|Rotom-Wash|\n|poke|p2|Clefable, F|\n|poke|p2|Blastoise, F|\n|teampreview\n|inactive|Battle timer is ON: inactive players will automatically lose when time's up. (requested by Kuzwa)\n|\n|t:|1699937989\n|start\n|switch|p1a: thing|Glimmora, M|100\/100\n|switch|p2a: Magnezone|Magnezone|100\/100\n|-item|p1a: thing|Air Balloon\n|turn|1\n|\n|t:|1699937995\n|move|p1a: thing|Earth Power|p2a: Magnezone\n|-supereffective|p2a: Magnezone\n|-ability|p2a: Magnezone|Sturdy\n|-damage|p2a: Magnezone|1\/100\n|move|p2a: Magnezone|Flash Cannon|p1a: thing\n|-supereffective|p1a: thing\n|-damage|p1a: thing|0 fnt\n|-enditem|p1a: thing|Air Balloon\n|faint|p1a: thing\n|\n|-heal|p2a: Magnezone|7\/100|[from] item: Leftovers\n|upkeep\n|\n|t:|1699938005\n|switch|p1a: Makoto Yuki|Kartana, shiny|100\/100\n|turn|2\n|\n|t:|1699938009\n|move|p1a: Makoto Yuki|Sacred Sword|p2a: Magnezone\n|-supereffective|p2a: Magnezone\n|-damage|p2a: Magnezone|0 fnt\n|faint|p2a: Magnezone\n|-ability|p1a: Makoto Yuki|Beast Boost|boost\n|-boost|p1a: Makoto Yuki|atk|1\n|\n|upkeep\n|\n|t:|1699938016\n|switch|p2a: Ferrothorn|Ferrothorn, M|100\/100\n|turn|3\n|\n|t:|1699938019\n|move|p1a: Makoto Yuki|Swords Dance|p1a: Makoto Yuki\n|-boost|p1a: Makoto Yuki|atk|2\n|move|p2a: Ferrothorn|Iron Defense|p2a: Ferrothorn\n|-boost|p2a: Ferrothorn|def|2\n|\n|upkeep\n|turn|4\n|\n|t:|1699938022\n|move|p1a: Makoto Yuki|Sacred Sword|p2a: Ferrothorn\n|-supereffective|p2a: Ferrothorn\n|-damage|p2a: Ferrothorn|0 fnt\n|-damage|p1a: Makoto Yuki|88\/100|[from] ability: Iron Barbs|[of] p2a: Ferrothorn\n|-damage|p1a: Makoto Yuki|72\/100|[from] item: Rocky Helmet|[of] p2a: Ferrothorn\n|faint|p2a: Ferrothorn\n|-ability|p1a: Makoto Yuki|Beast Boost|boost\n|-boost|p1a: Makoto Yuki|atk|1\n|\n|upkeep\n|\n|t:|1699938025\n|switch|p2a: Rotom|Rotom-Wash|100\/100\n|turn|5\n|\n|t:|1699938029\n|move|p1a: Makoto Yuki|Leaf Blade|p2a: Rotom\n|-supereffective|p2a: Rotom\n|-crit|p2a: Rotom\n|-damage|p2a: Rotom|0 fnt\n|faint|p2a: Rotom\n|-ability|p1a: Makoto Yuki|Beast Boost|boost\n|-boost|p1a: Makoto Yuki|atk|1\n|\n|upkeep\n|\n|t:|1699938031\n|switch|p2a: Toxapex|Toxapex, M|100\/100\n|turn|6\n|\n|t:|1699938034\n|move|p2a: Toxapex|Baneful Bunker|p2a: Toxapex\n|-singleturn|p2a: Toxapex|move: Protect\n|move|p1a: Makoto Yuki|Smart Strike|p2a: Toxapex\n|-activate|p2a: Toxapex|move: Protect\n|\n|upkeep\n|turn|7\n|\n|t:|1699938039\n|move|p1a: Makoto Yuki|Leaf Blade|p2a: Toxapex\n|-damage|p2a: Toxapex|0 fnt\n|faint|p2a: Toxapex\n|-ability|p1a: Makoto Yuki|Beast Boost|boost\n|-boost|p1a: Makoto Yuki|atk|1\n|\n|upkeep\n|\n|t:|1699938044\n|switch|p2a: Blastoise|Blastoise, F|100\/100\n|turn|8\n|\n|t:|1699938047\n|move|p1a: Makoto Yuki|Leaf Blade|p2a: Blastoise\n|-supereffective|p2a: Blastoise\n|-damage|p2a: Blastoise|0 fnt\n|faint|p2a: Blastoise\n|\n|upkeep\n|\n|t:|1699938048\n|switch|p2a: Clefable|Clefable, F|100\/100\n|turn|9\n|\n|t:|1699938049\n|move|p1a: Makoto Yuki|Smart Strike|p2a: Clefable\n|-supereffective|p2a: Clefable\n|-damage|p2a: Clefable|3\/100\n|move|p2a: Clefable|Calm Mind|p2a: Clefable\n|-boost|p2a: Clefable|spa|1\n|-boost|p2a: Clefable|spd|1\n|\n|-heal|p2a: Clefable|9\/100|[from] item: Leftovers\n|upkeep\n|turn|10\n|\n|t:|1699938052\n|-terastallize|p2a: Clefable|Fairy\n|move|p1a: Makoto Yuki|Smart Strike|p2a: Clefable\n|-supereffective|p2a: Clefable\n|-damage|p2a: Clefable|0 fnt\n|faint|p2a: Clefable\n|\n|win|Kuzwa\n|raw|Kuzwa's rating: 1379 &rarr; <strong>1394<\/strong><br \/>(+15 for winning)\n|raw|CapNTyreezy's rating: 1292 &rarr; <strong>1273<\/strong><br \/>(-19 for losing)\n|l|\u2606CapNTyreezy\n","uploadtime":1699938059,"views":5,"p1id":"kuzwa","p2id":"capntyreezy","formatid":"gen9nationaldex","rating":1273,"private":0,"password":""}