{"id":"gen9nationaldex-1991194859","p1":"Sirrawrz","p2":"nome777","format":"[Gen 9] National Dex","log":"|j|\u2606Sirrawrz\n|j|\u2606nome777\n|t:|1700055861\n|gametype|singles\n|player|p1|Sirrawrz|emmet|1452\n|player|p2|nome777|backpacker|1347\n|teamsize|p1|6\n|teamsize|p2|6\n|gen|9\n|tier|[Gen 9] National Dex\n|rated|\n|rule|HP Percentage Mod: HP is shown in percentages\n|rule|Endless Battle Clause: Forcing endless battles is banned\n|rule|OHKO Clause: OHKO moves are banned\n|rule|Evasion Clause: Evasion abilities, items, and moves are banned\n|rule|Evasion Abilities Clause: Evasion abilities are banned\n|rule|Evasion Items Clause: Evasion items are banned\n|rule|Evasion Moves Clause: Evasion moves are banned\n|rule|Species Clause: Limit one of each Pok\u00e9mon\n|rule|Sleep Clause Mod: Limit one foe put to sleep\n|clearpoke\n|poke|p1|Ninetales, M|\n|poke|p1|Venusaur, M|\n|poke|p1|Jolteon, F|\n|poke|p1|Blastoise, F|\n|poke|p1|Rhydon, M|\n|poke|p1|Dragonite, F|\n|poke|p2|Tapu Lele|\n|poke|p2|Ninetales-Alola, F|\n|poke|p2|Urshifu-*, M|\n|poke|p2|Volcarona, M|\n|poke|p2|Maushold-Four|\n|poke|p2|Sneasler, F|\n|teampreview\n|c|\u2606nome777|Cool gen 1 team\n|c|\u2606nome777|Glhf\n|\n|t:|1700055885\n|start\n|switch|p1a: Blastoise|Blastoise, F, shiny|100\/100\n|switch|p2a: Ninetales|Ninetales-Alola, F|100\/100\n|-weather|Snow|[from] ability: Snow Warning|[of] p2a: Ninetales\n|turn|1\n|c|\u2606Sirrawrz|unburden and AV\n|c|\u2606Sirrawrz|Dx Glh\n|c|\u2606Sirrawrz|and ty\n|inactive|Battle timer is ON: inactive players will automatically lose when time's up. (requested by nome777)\n|\n|t:|1700055896\n|switch|p2a: Tapu Lele|Tapu Lele|100\/100\n|-fieldstart|move: Psychic Terrain|[from] ability: Psychic Surge|[of] p2a: Tapu Lele\n|switch|p1a: Ninetales|Ninetales, M, shiny|100\/100\n|-weather|SunnyDay|[from] ability: Drought|[of] p1a: Ninetales\n|\n|-weather|SunnyDay|[upkeep]\n|upkeep\n|turn|2\n|\n|t:|1700055912\n|switch|p1a: Blastoise|Blastoise, F, shiny|100\/100\n|move|p2a: Tapu Lele|Calm Mind|p2a: Tapu Lele\n|-boost|p2a: Tapu Lele|spa|1\n|-boost|p2a: Tapu Lele|spd|1\n|\n|-weather|SunnyDay|[upkeep]\n|upkeep\n|turn|3\n|\n|t:|1700055917\n|move|p2a: Tapu Lele|Psyshock|p1a: Blastoise\n|-damage|p1a: Blastoise|48\/100\n|move|p1a: Blastoise|Flip Turn|p2a: Tapu Lele\n|-damage|p2a: Tapu Lele|88\/100\n|\n|t:|1700055923\n|switch|p1a: Venusaur|Venusaur, M, shiny|100\/100|[from] Flip Turn\n|\n|-weather|SunnyDay|[upkeep]\n|upkeep\n|turn|4\n|\n|t:|1700055928\n|move|p1a: Venusaur|Sludge Bomb|p2a: Tapu Lele\n|-supereffective|p2a: Tapu Lele\n|-damage|p2a: Tapu Lele|9\/100\n|-status|p2a: Tapu Lele|psn\n|-damage|p1a: Venusaur|91\/100|[from] item: Life Orb\n|move|p2a: Tapu Lele|Hidden Power|p1a: Venusaur\n|-supereffective|p1a: Venusaur\n|-damage|p1a: Venusaur|0 fnt\n|faint|p1a: Venusaur\n|\n|-weather|SunnyDay|[upkeep]\n|-damage|p2a: Tapu Lele|0 fnt|[from] psn\n|faint|p2a: Tapu Lele\n|upkeep\n|\n|t:|1700055935\n|switch|p2a: Sneasler|Sneasler, F|100\/100\n|switch|p1a: Jolteon|Jolteon, F, shiny|100\/100\n|-enditem|p2a: Sneasler|Psychic Seed\n|-boost|p2a: Sneasler|spd|1|[from] item: Psychic Seed\n|turn|5\n|\n|t:|1700055950\n|switch|p1a: Dragonite|Dragonite, F, shiny|100\/100\n|move|p2a: Sneasler|Swords Dance|p2a: Sneasler\n|-boost|p2a: Sneasler|atk|2\n|\n|-weather|none\n|upkeep\n|turn|6\n|\n|t:|1700055961\n|move|p2a: Sneasler|Dire Claw|p1a: Dragonite\n|-damage|p1a: Dragonite|57\/100\n|-status|p1a: Dragonite|slp\n|cant|p1a: Dragonite|slp\n|\n|-heal|p1a: Dragonite|63\/100 slp|[from] item: Leftovers\n|upkeep\n|turn|7\n|c|\u2606Sirrawrz|so rude\n|\n|t:|1700055972\n|move|p2a: Sneasler|Swords Dance|p2a: Sneasler\n|-boost|p2a: Sneasler|atk|2\n|-curestatus|p1a: Dragonite|slp|[msg]\n|move|p1a: Dragonite|Earthquake|p2a: Sneasler\n|-supereffective|p2a: Sneasler\n|-damage|p2a: Sneasler|0 fnt\n|faint|p2a: Sneasler\n|\n|-heal|p1a: Dragonite|69\/100|[from] item: Leftovers\n|upkeep\n|c|\u2606Sirrawrz|evened out ty\n|c|\u2606Sirrawrz|lol\n|\n|t:|1700055982\n|switch|p2a: Maushold|Maushold-Four|100\/100\n|turn|8\n|\n|t:|1700055992\n|switch|p1a: Rhydon|Rhydon, M, shiny|100\/100\n|move|p2a: Maushold|Substitute|p2a: Maushold\n|-start|p2a: Maushold|Substitute\n|-damage|p2a: Maushold|76\/100\n|\n|-fieldend|move: Psychic Terrain\n|upkeep\n|turn|9\n|\n|t:|1700055999\n|-terastallize|p1a: Rhydon|Ghost\n|move|p2a: Maushold|Population Bomb|p1a: Rhydon\n|-immune|p1a: Rhydon\n|move|p1a: Rhydon|Earthquake|p2a: Maushold\n|-end|p2a: Maushold|Substitute\n|\n|upkeep\n|turn|10\n|\n|t:|1700056003\n|move|p2a: Maushold|Tidy Up|p2a: Maushold\n|-boost|p2a: Maushold|atk|1\n|-boost|p2a: Maushold|spe|1\n|move|p1a: Rhydon|Earthquake|p2a: Maushold\n|-damage|p2a: Maushold|0 fnt\n|faint|p2a: Maushold\n|\n|upkeep\n|\n|t:|1700056009\n|switch|p2a: Ninetales|Ninetales-Alola, F|100\/100\n|-weather|Snow|[from] ability: Snow Warning|[of] p2a: Ninetales\n|turn|11\n|\n|t:|1700056016\n|switch|p1a: Ninetales|Ninetales, M, shiny|100\/100\n|-weather|SunnyDay|[from] ability: Drought|[of] p1a: Ninetales\n|move|p2a: Ninetales|Hypnosis|p1a: Ninetales\n|-status|p1a: Ninetales|slp|[from] move: Hypnosis\n|\n|-weather|SunnyDay|[upkeep]\n|upkeep\n|turn|12\n|\n|t:|1700056022\n|switch|p1a: Jolteon|Jolteon, F, shiny|100\/100\n|switch|p2a: Urshifu|Urshifu-Rapid-Strike, M|100\/100\n|\n|-weather|SunnyDay|[upkeep]\n|-status|p1a: Jolteon|brn|[from] item: Flame Orb\n|upkeep\n|turn|13\n|\n|t:|1700056033\n|switch|p2a: Ninetales|Ninetales-Alola, F|100\/100\n|-weather|Snow|[from] ability: Snow Warning|[of] p2a: Ninetales\n|move|p1a: Jolteon|Volt Switch|p2a: Ninetales\n|-damage|p2a: Ninetales|68\/100\n|\n|t:|1700056036\n|switch|p1a: Ninetales|Ninetales, M, shiny|100\/100 slp|[from] Volt Switch\n|-weather|SunnyDay|[from] ability: Drought|[of] p1a: Ninetales\n|\n|-weather|SunnyDay|[upkeep]\n|upkeep\n|turn|14\n|\n|t:|1700056044\n|switch|p1a: Jolteon|Jolteon, F, shiny|100\/100 brn\n|switch|p2a: Urshifu|Urshifu-Rapid-Strike, M|100\/100\n|\n|-weather|SunnyDay|[upkeep]\n|-damage|p1a: Jolteon|94\/100 brn|[from] brn\n|upkeep\n|turn|15\n|\n|t:|1700056049\n|switch|p2a: Volcarona|Volcarona, M|100\/100\n|move|p1a: Jolteon|Volt Switch|p2a: Volcarona\n|-damage|p2a: Volcarona|68\/100\n|\n|t:|1700056055\n|switch|p1a: Dragonite|Dragonite, F, shiny|69\/100|[from] Volt Switch\n|\n|-weather|SunnyDay|[upkeep]\n|-heal|p1a: Dragonite|76\/100|[from] item: Leftovers\n|upkeep\n|turn|16\n|\n|t:|1700056063\n|switch|p2a: Ninetales|Ninetales-Alola, F|68\/100\n|-weather|Snow|[from] ability: Snow Warning|[of] p2a: Ninetales\n|move|p1a: Dragonite|Earthquake|p2a: Ninetales\n|-damage|p2a: Ninetales|34\/100\n|\n|-weather|Snow|[upkeep]\n|-heal|p1a: Dragonite|82\/100|[from] item: Leftovers\n|upkeep\n|turn|17\n|\n|t:|1700056077\n|switch|p2a: Urshifu|Urshifu-Rapid-Strike, M|100\/100\n|switch|p1a: Ninetales|Ninetales, M, shiny|100\/100 slp\n|-weather|SunnyDay|[from] ability: Drought|[of] p1a: Ninetales\n|\n|-weather|SunnyDay|[upkeep]\n|upkeep\n|turn|18\n|\n|t:|1700056087\n|switch|p1a: Blastoise|Blastoise, F, shiny|48\/100\n|move|p2a: Urshifu|Surging Strikes|p1a: Blastoise\n|-resisted|p1a: Blastoise\n|-crit|p1a: Blastoise\n|-damage|p1a: Blastoise|44\/100\n|-resisted|p1a: Blastoise\n|-crit|p1a: Blastoise\n|-damage|p1a: Blastoise|41\/100\n|-resisted|p1a: Blastoise\n|-crit|p1a: Blastoise\n|-damage|p1a: Blastoise|38\/100\n|-hitcount|p1a: Blastoise|3\n|\n|-weather|SunnyDay|[upkeep]\n|upkeep\n|turn|19\n|\n|t:|1700056097\n|switch|p2a: Ninetales|Ninetales-Alola, F|34\/100\n|-weather|Snow|[from] ability: Snow Warning|[of] p2a: Ninetales\n|move|p1a: Blastoise|Flip Turn|p2a: Ninetales\n|-damage|p2a: Ninetales|20\/100\n|\n|t:|1700056101\n|switch|p1a: Jolteon|Jolteon, F, shiny|94\/100 brn|[from] Flip Turn\n|\n|-weather|Snow|[upkeep]\n|-damage|p1a: Jolteon|88\/100 brn|[from] brn\n|upkeep\n|turn|20\n|\n|t:|1700056108\n|switch|p2a: Volcarona|Volcarona, M|68\/100\n|move|p1a: Jolteon|Volt Switch|p2a: Volcarona\n|-damage|p2a: Volcarona|33\/100\n|\n|t:|1700056110\n|switch|p1a: Ninetales|Ninetales, M, shiny|100\/100 slp|[from] Volt Switch\n|-weather|SunnyDay|[from] ability: Drought|[of] p1a: Ninetales\n|\n|-weather|SunnyDay|[upkeep]\n|upkeep\n|turn|21\n|\n|t:|1700056117\n|switch|p1a: Dragonite|Dragonite, F, shiny|82\/100\n|move|p2a: Volcarona|Quiver Dance|p2a: Volcarona\n|-boost|p2a: Volcarona|spa|1\n|-boost|p2a: Volcarona|spd|1\n|-boost|p2a: Volcarona|spe|1\n|\n|-weather|SunnyDay|[upkeep]\n|-heal|p1a: Dragonite|88\/100|[from] item: Leftovers\n|upkeep\n|turn|22\n|\n|t:|1700056126\n|move|p1a: Dragonite|Extreme Speed|p2a: Volcarona\n|-damage|p2a: Volcarona|0 fnt\n|faint|p2a: Volcarona\n|\n|-weather|SunnyDay|[upkeep]\n|-heal|p1a: Dragonite|94\/100|[from] item: Leftovers\n|upkeep\n|\n|t:|1700056137\n|switch|p2a: Urshifu|Urshifu-Rapid-Strike, M|100\/100\n|turn|23\n|\n|t:|1700056140\n|switch|p1a: Blastoise|Blastoise, F, shiny|38\/100\n|move|p2a: Urshifu|Rock Slide|p1a: Blastoise\n|-damage|p1a: Blastoise|18\/100\n|\n|-weather|SunnyDay|[upkeep]\n|upkeep\n|turn|24\n|\n|t:|1700056146\n|move|p2a: Urshifu|Rock Slide|p1a: Blastoise\n|-damage|p1a: Blastoise|0 fnt\n|faint|p1a: Blastoise\n|\n|-weather|none\n|upkeep\n|\n|t:|1700056148\n|switch|p1a: Jolteon|Jolteon, F, shiny|88\/100 brn\n|turn|25\n|\n|t:|1700056155\n|move|p1a: Jolteon|Volt Switch|p2a: Urshifu\n|-supereffective|p2a: Urshifu\n|-damage|p2a: Urshifu|0 fnt\n|faint|p2a: Urshifu\n|\n|t:|1700056158\n|switch|p1a: Dragonite|Dragonite, F, shiny|94\/100|[from] Volt Switch\n|\n|-heal|p1a: Dragonite|100\/100|[from] item: Leftovers\n|upkeep\n|c|\u2606nome777|Gg\n|c|\u2606Sirrawrz|gg\n|-message|nome777 forfeited.\n|\n|win|Sirrawrz\n|raw|Sirrawrz's rating: 1452 &rarr; <strong>1466<\/strong><br \/>(+14 for winning)\n|raw|nome777's rating: 1347 &rarr; <strong>1333<\/strong><br \/>(-14 for losing)\n|l|\u2606nome777\n","uploadtime":1700056189,"views":5,"p1id":"sirrawrz","p2id":"nome777","formatid":"gen9nationaldex","rating":1333,"private":0,"password":""}