{"id":"gen9nationaldex-1987301553","p1":"RogoTjeFrog","p2":"not_kastadiva","format":"[Gen 9] National Dex","log":"|j|\u2606RogoTjeFrog\n|j|\u2606not_kastadiva\n|t:|1699575013\n|gametype|singles\n|player|p1|RogoTjeFrog|266|1324\n|player|p2|not_kastadiva|169|1353\n|teamsize|p1|6\n|teamsize|p2|6\n|gen|9\n|tier|[Gen 9] National Dex\n|rated|\n|rule|HP Percentage Mod: HP is shown in percentages\n|rule|Endless Battle Clause: Forcing endless battles is banned\n|rule|OHKO Clause: OHKO moves are banned\n|rule|Evasion Clause: Evasion abilities, items, and moves are banned\n|rule|Evasion Abilities Clause: Evasion abilities are banned\n|rule|Evasion Items Clause: Evasion items are banned\n|rule|Evasion Moves Clause: Evasion moves are banned\n|rule|Species Clause: Limit one of each Pok\u00e9mon\n|rule|Sleep Clause Mod: Limit one foe put to sleep\n|clearpoke\n|poke|p1|Armarouge, F|\n|poke|p1|Great Tusk|\n|poke|p1|Tapu Lele|\n|poke|p1|Sneasler, F|\n|poke|p1|Samurott-Hisui, M|\n|poke|p1|Urshifu-*, M|\n|poke|p2|Hatterene, F|\n|poke|p2|Stakataka|\n|poke|p2|Marowak-Alola, F|\n|poke|p2|Sinistcha|\n|poke|p2|Crawdaunt, F|\n|poke|p2|Slowbro-Galar, F|\n|teampreview\n|\n|t:|1699575057\n|start\n|switch|p1a: Armarouge|Armarouge, F|100\/100\n|switch|p2a: Hatterene|Hatterene, F|100\/100\n|turn|1\n|inactive|Battle timer is ON: inactive players will automatically lose when time's up. (requested by not_kastadiva)\n|\n|t:|1699575086\n|move|p1a: Armarouge|Armor Cannon|p2a: Hatterene\n|-damage|p2a: Hatterene|42\/100\n|-unboost|p1a: Armarouge|def|1\n|-unboost|p1a: Armarouge|spd|1\n|move|p2a: Hatterene|Trick|p1a: Armarouge\n|-activate|p2a: Hatterene|move: Trick|[of] p1a: Armarouge\n|-item|p1a: Armarouge|Choice Scarf|[from] move: Trick\n|-item|p2a: Hatterene|Focus Sash|[from] move: Trick\n|\n|upkeep\n|turn|2\n|\n|t:|1699575096\n|switch|p2a: Marowak|Marowak-Alola, F|100\/100\n|move|p1a: Armarouge|Armor Cannon|p2a: Marowak\n|-resisted|p2a: Marowak\n|-damage|p2a: Marowak|58\/100\n|-unboost|p1a: Armarouge|def|1\n|-unboost|p1a: Armarouge|spd|1\n|\n|upkeep\n|turn|3\n|\n|t:|1699575106\n|switch|p1a: Tapu Lele|Tapu Lele|100\/100\n|-fieldstart|move: Psychic Terrain|[from] ability: Psychic Surge|[of] p1a: Tapu Lele\n|move|p2a: Marowak|Low Kick|p1a: Tapu Lele\n|-resisted|p1a: Tapu Lele\n|-damage|p1a: Tapu Lele|92\/100\n|\n|upkeep\n|turn|4\n|\n|t:|1699575112\n|-zpower|p1a: Tapu Lele\n|move|p1a: Tapu Lele|Twinkle Tackle|p2a: Marowak|[zeffect]\n|-resisted|p2a: Marowak\n|-damage|p2a: Marowak|5\/100\n|move|p2a: Marowak|Shadow Bone|p1a: Tapu Lele\n|-supereffective|p1a: Tapu Lele\n|-damage|p1a: Tapu Lele|0 fnt\n|faint|p1a: Tapu Lele\n|\n|upkeep\n|c|\u2606not_kastadiva|Strange switches\n|\n|t:|1699575116\n|switch|p1a: Sneasler|Sneasler, F|100\/100\n|-enditem|p1a: Sneasler|Psychic Seed\n|-boost|p1a: Sneasler|spd|1|[from] item: Psychic Seed\n|turn|5\n|\n|t:|1699575128\n|move|p1a: Sneasler|Dire Claw|p2a: Marowak\n|-resisted|p2a: Marowak\n|-damage|p2a: Marowak|0 fnt\n|faint|p2a: Marowak\n|\n|upkeep\n|c|\u2606RogoTjeFrog|?\n|c|\u2606RogoTjeFrog|wdym\n|inactive|not_kastadiva has 120 seconds left.\n|c|\u2606not_kastadiva|I am ghost and you switch psychic to psychic\n|c|\u2606not_kastadiva|very strange\n|inactive|not_kastadiva has 90 seconds left.\n|c|\u2606RogoTjeFrog|nah\n|\n|t:|1699575196\n|switch|p2a: Sinistcha|Sinistcha|100\/100\n|turn|6\n|c|\u2606RogoTjeFrog|XD\n|\n|t:|1699575210\n|-terastallize|p1a: Sneasler|Flying\n|move|p1a: Sneasler|Acrobatics|p2a: Sinistcha\n|-supereffective|p2a: Sinistcha\n|-damage|p2a: Sinistcha|18\/100\n|-damage|p1a: Sneasler|84\/100|[from] item: Rocky Helmet|[of] p2a: Sinistcha\n|move|p2a: Sinistcha|Trick Room|p2a: Sinistcha\n|-fieldstart|move: Trick Room|[of] p2a: Sinistcha\n|\n|upkeep\n|turn|7\n|c|\u2606not_kastadiva|Hahahahha\n|c|\u2606not_kastadiva|Noob\n|inactive|not_kastadiva has 90 seconds left.\n|\n|t:|1699575229\n|move|p2a: Sinistcha|Strength Sap|p1a: Sneasler\n|-unboost|p1a: Sneasler|atk|1\n|-heal|p2a: Sinistcha|100\/100\n|move|p1a: Sneasler|Acrobatics|p2a: Sinistcha\n|-supereffective|p2a: Sinistcha\n|-damage|p2a: Sinistcha|43\/100\n|-damage|p1a: Sneasler|67\/100|[from] item: Rocky Helmet|[of] p2a: Sinistcha\n|\n|-fieldend|move: Psychic Terrain\n|upkeep\n|turn|8\n|\n|t:|1699575240\n|move|p2a: Sinistcha|Strength Sap|p1a: Sneasler\n|-unboost|p1a: Sneasler|atk|1\n|-heal|p2a: Sinistcha|100\/100\n|move|p1a: Sneasler|Acrobatics|p2a: Sinistcha\n|-supereffective|p2a: Sinistcha\n|-damage|p2a: Sinistcha|57\/100\n|-damage|p1a: Sneasler|51\/100|[from] item: Rocky Helmet|[of] p2a: Sinistcha\n|\n|upkeep\n|turn|9\n|\n|t:|1699575255\n|switch|p1a: Armarouge|Armarouge, F|100\/100\n|move|p2a: Sinistcha|Strength Sap|p1a: Armarouge\n|-unboost|p1a: Armarouge|atk|1\n|-heal|p2a: Sinistcha|90\/100\n|\n|upkeep\n|turn|10\n|inactive|not_kastadiva has 90 seconds left.\n|\n|t:|1699575276\n|move|p2a: Sinistcha|Matcha Gotcha|p1a: Armarouge\n|-resisted|p1a: Armarouge\n|-damage|p1a: Armarouge|79\/100\n|-heal|p2a: Sinistcha|99\/100|[from] drain|[of] p1a: Armarouge\n|move|p1a: Armarouge|Armor Cannon|p2a: Sinistcha\n|-supereffective|p2a: Sinistcha\n|-damage|p2a: Sinistcha|22\/100\n|-unboost|p1a: Armarouge|def|1\n|-unboost|p1a: Armarouge|spd|1\n|\n|-fieldend|move: Trick Room\n|upkeep\n|turn|11\n|inactive|not_kastadiva has 90 seconds left.\n|\n|t:|1699575283\n|switch|p2a: Crawdaunt|Crawdaunt, F|100\/100\n|move|p1a: Armarouge|Armor Cannon|p2a: Crawdaunt\n|-resisted|p2a: Crawdaunt\n|-crit|p2a: Crawdaunt\n|-damage|p2a: Crawdaunt|21\/100\n|-unboost|p1a: Armarouge|def|1\n|-unboost|p1a: Armarouge|spd|1\n|\n|upkeep\n|turn|12\n|\n|t:|1699575289\n|move|p2a: Crawdaunt|Aqua Jet|p1a: Armarouge\n|-supereffective|p1a: Armarouge\n|-damage|p1a: Armarouge|0 fnt\n|faint|p1a: Armarouge\n|-damage|p2a: Crawdaunt|11\/100|[from] item: Life Orb\n|\n|upkeep\n|\n|t:|1699575297\n|switch|p1a: Sneasler|Sneasler, F, tera:Flying|51\/100\n|turn|13\n|inactive|not_kastadiva has 90 seconds left.\n|\n|t:|1699575322\n|move|p2a: Crawdaunt|Aqua Jet|p1a: Sneasler\n|-damage|p1a: Sneasler|0 fnt\n|faint|p1a: Sneasler\n|-damage|p2a: Crawdaunt|1\/100|[from] item: Life Orb\n|\n|upkeep\n|\n|t:|1699575334\n|switch|p1a: Samurott|Samurott-Hisui, M|100\/100\n|turn|14\n|\n|t:|1699575343\n|move|p1a: Samurott|Aqua Jet|p2a: Crawdaunt\n|-resisted|p2a: Crawdaunt\n|-damage|p2a: Crawdaunt|0 fnt\n|faint|p2a: Crawdaunt\n|\n|upkeep\n|inactive|not_kastadiva has 90 seconds left.\n|inactive|not_kastadiva has 60 seconds left.\n|\n|t:|1699575384\n|switch|p2a: Stakataka|Stakataka|100\/100\n|turn|15\n|\n|t:|1699575394\n|-terastallize|p2a: Stakataka|Psychic\n|move|p1a: Samurott|Sacred Sword|p2a: Stakataka\n|-resisted|p2a: Stakataka\n|-damage|p2a: Stakataka|88\/100\n|move|p2a: Stakataka|Trick Room|p2a: Stakataka\n|-fieldstart|move: Trick Room|[of] p2a: Stakataka\n|\n|upkeep\n|turn|16\n|\n|t:|1699575400\n|switch|p2a: Hatterene|Hatterene, F|42\/100\n|move|p1a: Samurott|Ceaseless Edge|p2a: Hatterene\n|-damage|p2a: Hatterene|0 fnt\n|-sidestart|p2: not_kastadiva|Spikes\n|faint|p2a: Hatterene\n|\n|upkeep\n|\n|t:|1699575408\n|switch|p2a: Slowbro|Slowbro-Galar, F|100\/100\n|-damage|p2a: Slowbro|88\/100|[from] Spikes\n|turn|17\n|\n|t:|1699575417\n|move|p2a: Slowbro|Drain Punch|p1a: Samurott\n|-supereffective|p1a: Samurott\n|-damage|p1a: Samurott|39\/100\n|-heal|p2a: Slowbro|100\/100|[from] drain|[of] p1a: Samurott\n|move|p1a: Samurott|Ceaseless Edge|p2a: Slowbro\n|-supereffective|p2a: Slowbro\n|-damage|p2a: Slowbro|26\/100\n|-sidestart|p2: not_kastadiva|Spikes\n|-enditem|p2a: Slowbro|Sitrus Berry|[eat]\n|-heal|p2a: Slowbro|51\/100|[from] item: Sitrus Berry\n|\n|upkeep\n|turn|18\n|inactive|not_kastadiva has 90 seconds left.\n|inactive|not_kastadiva has 60 seconds left.\n|\n|t:|1699575458\n|switch|p1a: Urshifu|Urshifu-Rapid-Strike, M|100\/100\n|move|p2a: Slowbro|Drain Punch|p1a: Urshifu\n|-damage|p1a: Urshifu|79\/100\n|-heal|p2a: Slowbro|60\/100|[from] drain|[of] p1a: Urshifu\n|\n|upkeep\n|turn|19\n|\n|t:|1699575467\n|move|p2a: Slowbro|Shell Side Arm|p1a: Urshifu|[anim] Shell Side Arm Special\n|-damage|p1a: Urshifu|30\/100\n|-hint|Special Shell Side Arm\n|move|p1a: Urshifu|Surging Strikes|p2a: Slowbro\n|-crit|p2a: Slowbro\n|-damage|p2a: Slowbro|35\/100\n|-crit|p2a: Slowbro\n|-damage|p2a: Slowbro|7\/100\n|-crit|p2a: Slowbro\n|-damage|p2a: Slowbro|0 fnt\n|faint|p2a: Slowbro\n|-hitcount|p2: Slowbro|3\n|\n|-fieldend|move: Trick Room\n|upkeep\n|\n|t:|1699575472\n|switch|p2a: Sinistcha|Sinistcha|22\/100\n|-damage|p2a: Sinistcha|6\/100|[from] Spikes\n|turn|20\n|\n|t:|1699575477\n|move|p1a: Urshifu|Surging Strikes|p2a: Sinistcha\n|-resisted|p2a: Sinistcha\n|-crit|p2a: Sinistcha\n|-damage|p2a: Sinistcha|0 fnt\n|-damage|p1a: Urshifu|13\/100|[from] item: Rocky Helmet|[of] p2a: Sinistcha\n|faint|p2a: Sinistcha\n|-hitcount|p2: Sinistcha|1\n|\n|upkeep\n|\n|t:|1699575479\n|switch|p2a: Stakataka|Stakataka, tera:Psychic|88\/100\n|-damage|p2a: Stakataka|72\/100|[from] Spikes\n|turn|21\n|c|\u2606RogoTjeFrog|xdd noob\n|\n|t:|1699575486\n|move|p1a: Urshifu|Surging Strikes|p2a: Stakataka\n|-crit|p2a: Stakataka\n|-damage|p2a: Stakataka|52\/100\n|-crit|p2a: Stakataka\n|-damage|p2a: Stakataka|33\/100\n|-crit|p2a: Stakataka\n|-damage|p2a: Stakataka|15\/100\n|-hitcount|p2a: Stakataka|3\n|move|p2a: Stakataka|Trick Room|p2a: Stakataka\n|-fieldstart|move: Trick Room|[of] p2a: Stakataka\n|\n|upkeep\n|turn|22\n|\n|t:|1699575489\n|move|p2a: Stakataka|Gyro Ball|p1a: Urshifu\n|-resisted|p1a: Urshifu\n|-damage|p1a: Urshifu|0 fnt\n|faint|p1a: Urshifu\n|-ability|p2a: Stakataka|Beast Boost|boost\n|-boost|p2a: Stakataka|atk|1\n|\n|upkeep\n|\n|t:|1699575492\n|switch|p1a: Samurott|Samurott-Hisui, M|39\/100\n|turn|23\n|\n|t:|1699575494\n|move|p1a: Samurott|Aqua Jet|p2a: Stakataka\n|-damage|p2a: Stakataka|4\/100\n|move|p2a: Stakataka|Gyro Ball|p1a: Samurott\n|-resisted|p1a: Samurott\n|-damage|p1a: Samurott|0 fnt\n|faint|p1a: Samurott\n|-ability|p2a: Stakataka|Beast Boost|boost\n|-boost|p2a: Stakataka|atk|1\n|\n|upkeep\n|\n|t:|1699575497\n|switch|p1a: Great Tusk|Great Tusk|100\/100\n|-enditem|p1a: Great Tusk|Booster Energy\n|-activate|p1a: Great Tusk|ability: Protosynthesis|[fromitem]\n|-start|p1a: Great Tusk|protosynthesisspe\n|turn|24\n|c|\u2606not_kastadiva|Hahahahah gg\n|\n|t:|1699575501\n|move|p2a: Stakataka|Zen Headbutt|p1a: Great Tusk|[miss]\n|-miss|p2a: Stakataka|p1a: Great Tusk\n|move|p1a: Great Tusk|Headlong Rush|p2a: Stakataka\n|-damage|p2a: Stakataka|0 fnt\n|-unboost|p1a: Great Tusk|def|1\n|-unboost|p1a: Great Tusk|spd|1\n|faint|p2a: Stakataka\n|\n|win|RogoTjeFrog\n|raw|RogoTjeFrog's rating: 1324 &rarr; <strong>1347<\/strong><br \/>(+23 for winning)\n|raw|not_kastadiva's rating: 1376 &rarr; <strong>1353<\/strong><br \/>(-23 for losing)\n|c|\u2606RogoTjeFrog|gg\n|c|\u2606RogoTjeFrog|ez\n|c|\u2606not_kastadiva|Noo\n|c|\u2606RogoTjeFrog|bitch\n|c|\u2606RogoTjeFrog|suck\n|n|!not_kastadiva|notkastadiva\n|l|!not_kastadiva\n","uploadtime":1699575511,"views":15,"p1id":"rogotjefrog","p2id":"notkastadiva","formatid":"gen9nationaldex","rating":1347,"private":0,"password":""}