{"id":"gen9nationaldex-1995489927","p1":"Matt0919","p2":"RoadPizza","format":"[Gen 9] National Dex","log":"|html|<div class=\"broadcast-blue\"><strong>[Gen 9] National Dex is currently suspecting Sneasler! For information on how to participate check out the <a href=\"https:\/\/www.smogon.com\/forums\/threads\/sv-national-dex-suspect-8-just-dance.3731534\/\">suspect thread<\/a>.<\/strong><\/div>\n|j|\u2606Matt0919\n|j|\u2606RoadPizza\n|t:|1700576457\n|gametype|singles\n|player|p1|Matt0919|wallace|1290\n|player|p2|RoadPizza|gambler|1312\n|teamsize|p1|6\n|teamsize|p2|6\n|gen|9\n|tier|[Gen 9] National Dex\n|rated|\n|rule|HP Percentage Mod: HP is shown in percentages\n|rule|Endless Battle Clause: Forcing endless battles is banned\n|rule|OHKO Clause: OHKO moves are banned\n|rule|Evasion Clause: Evasion abilities, items, and moves are banned\n|rule|Evasion Abilities Clause: Evasion abilities are banned\n|rule|Evasion Items Clause: Evasion items are banned\n|rule|Evasion Moves Clause: Evasion moves are banned\n|rule|Species Clause: Limit one of each Pok\u00e9mon\n|rule|Sleep Clause Mod: Limit one foe put to sleep\n|clearpoke\n|poke|p1|Azumarill, F|\n|poke|p1|Swampert, M|\n|poke|p1|Basculegion, M|\n|poke|p1|Zapdos|\n|poke|p1|Corviknight, M|\n|poke|p1|Pelipper, F|\n|poke|p2|Hatterene, F|\n|poke|p2|Scizor, F|\n|poke|p2|Typhlosion, M|\n|poke|p2|Landorus-Therian, M|\n|poke|p2|Ogerpon-Wellspring, F|\n|poke|p2|Glimmora, F|\n|teampreview\n|inactive|Battle timer is ON: inactive players will automatically lose when time's up. (requested by RoadPizza)\n|l|\u2606RoadPizza\n|inactive|RoadPizza disconnected and has a minute to reconnect!\n|player|p2|\n|j|\u2606RoadPizza\n|inactive|RoadPizza reconnected and has 120 seconds left.\n|player|p2|RoadPizza|gambler\n|\n|t:|1700576505\n|start\n|switch|p1a: Pelipper|Pelipper, F|100\/100\n|switch|p2a: Landorus|Landorus-Therian, M|100\/100\n|-ability|p2a: Landorus|Intimidate|boost\n|-unboost|p1a: Pelipper|atk|1\n|-weather|RainDance|[from] ability: Drizzle|[of] p1a: Pelipper\n|turn|1\n|\n|t:|1700576513\n|move|p2a: Landorus|Knock Off|p1a: Pelipper\n|-crit|p1a: Pelipper\n|-damage|p1a: Pelipper|60\/100\n|-enditem|p1a: Pelipper|Damp Rock|[from] move: Knock Off|[of] p2a: Landorus\n|move|p1a: Pelipper|U-turn|p2a: Landorus\n|-resisted|p2a: Landorus\n|-damage|p2a: Landorus|97\/100\n|\n|t:|1700576524\n|switch|p1a: Swampert|Swampert, M|100\/100|[from] U-turn\n|\n|-weather|RainDance|[upkeep]\n|-heal|p2a: Landorus|100\/100|[from] item: Leftovers\n|upkeep\n|turn|2\n|\n|t:|1700576536\n|switch|p2a: Typhlosion|Typhlosion, M|100\/100\n|detailschange|p1a: Swampert|Swampert-Mega, M\n|-mega|p1a: Swampert|Swampert|Swampertite\n|move|p1a: Swampert|Ice Punch|p2a: Typhlosion\n|-resisted|p2a: Typhlosion\n|-damage|p2a: Typhlosion|80\/100\n|\n|-weather|RainDance|[upkeep]\n|upkeep\n|turn|3\n|\n|t:|1700576546\n|switch|p2a: Ogerpon|Ogerpon-Wellspring, F|100\/100\n|move|p1a: Swampert|Waterfall|p2a: Ogerpon\n|-immune|p2a: Ogerpon|[from] ability: Water Absorb\n|\n|-weather|RainDance|[upkeep]\n|upkeep\n|turn|4\n|\n|t:|1700576554\n|switch|p1a: Zapdos|Zapdos|100\/100\n|move|p2a: Ogerpon|Horn Leech|p1a: Zapdos\n|-resisted|p1a: Zapdos\n|-damage|p1a: Zapdos|78\/100\n|-status|p2a: Ogerpon|par|[from] ability: Static|[of] p1a: Zapdos\n|\n|-weather|RainDance|[upkeep]\n|upkeep\n|turn|5\n|\n|t:|1700576564\n|switch|p2a: Landorus|Landorus-Therian, M|100\/100\n|-ability|p2a: Landorus|Intimidate|boost\n|-unboost|p1a: Zapdos|atk|1\n|move|p1a: Zapdos|Hurricane|p2a: Landorus\n|-damage|p2a: Landorus|39\/100\n|-start|p2a: Landorus|confusion\n|\n|-weather|RainDance|[upkeep]\n|-heal|p2a: Landorus|45\/100|[from] item: Leftovers\n|upkeep\n|turn|6\n|\n|t:|1700576574\n|-activate|p2a: Landorus|confusion\n|move|p2a: Landorus|Stealth Rock|p1a: Zapdos\n|-sidestart|p1: Matt0919|move: Stealth Rock\n|move|p1a: Zapdos|Hurricane|p2a: Landorus\n|-damage|p2a: Landorus|0 fnt\n|faint|p2a: Landorus\n|\n|-weather|RainDance|[upkeep]\n|upkeep\n|\n|t:|1700576590\n|switch|p2a: Typhlosion|Typhlosion, M|80\/100\n|turn|7\n|\n|t:|1700576599\n|switch|p1a: Basculegion|Basculegion, M|100\/100\n|-damage|p1a: Basculegion|88\/100|[from] Stealth Rock\n|move|p2a: Typhlosion|Extrasensory|p1a: Basculegion\n|-damage|p1a: Basculegion|68\/100\n|\n|-weather|RainDance|[upkeep]\n|upkeep\n|turn|8\n|\n|t:|1700576608\n|switch|p2a: Scizor|Scizor, F|100\/100\n|move|p1a: Basculegion|Psychic Fangs|p2a: Scizor\n|-resisted|p2a: Scizor\n|-damage|p2a: Scizor|88\/100\n|\n|-weather|none\n|upkeep\n|turn|9\n|\n|t:|1700576619\n|switch|p1a: Pelipper|Pelipper, F|60\/100\n|-damage|p1a: Pelipper|35\/100|[from] Stealth Rock\n|-weather|RainDance|[from] ability: Drizzle|[of] p1a: Pelipper\n|detailschange|p2a: Scizor|Scizor-Mega, F\n|-mega|p2a: Scizor|Scizor|Scizorite\n|move|p2a: Scizor|Swords Dance|p2a: Scizor\n|-boost|p2a: Scizor|atk|2\n|\n|-weather|RainDance|[upkeep]\n|upkeep\n|turn|10\n|\n|t:|1700576629\n|move|p2a: Scizor|Bullet Punch|p1a: Pelipper\n|-resisted|p1a: Pelipper\n|-damage|p1a: Pelipper|9\/100\n|move|p1a: Pelipper|Hurricane|p2a: Scizor\n|-damage|p2a: Scizor|61\/100\n|-start|p2a: Scizor|confusion\n|\n|-weather|RainDance|[upkeep]\n|upkeep\n|turn|11\n|\n|t:|1700576637\n|-activate|p2a: Scizor|confusion\n|-damage|p2a: Scizor|41\/100|[from] confusion\n|move|p1a: Pelipper|Hurricane|p2a: Scizor\n|-damage|p2a: Scizor|16\/100\n|\n|-weather|RainDance|[upkeep]\n|upkeep\n|turn|12\n|\n|t:|1700576643\n|-activate|p2a: Scizor|confusion\n|move|p2a: Scizor|Bullet Punch|p1a: Pelipper\n|-resisted|p1a: Pelipper\n|-damage|p1a: Pelipper|0 fnt\n|faint|p1a: Pelipper\n|\n|-weather|RainDance|[upkeep]\n|upkeep\n|\n|t:|1700576652\n|switch|p1a: Azumarill|Azumarill, F|100\/100\n|-damage|p1a: Azumarill|88\/100|[from] Stealth Rock\n|turn|13\n|\n|t:|1700576662\n|-terastallize|p1a: Azumarill|Steel\n|-activate|p2a: Scizor|confusion\n|-damage|p2a: Scizor|0 fnt|[from] confusion\n|faint|p2a: Scizor\n|move|p1a: Azumarill|Aqua Jet|p2: Scizor|[notarget]\n|-fail|p1a: Azumarill\n|\n|-weather|none\n|upkeep\n|\n|t:|1700576682\n|switch|p2a: Typhlosion|Typhlosion, M|80\/100\n|turn|14\n|\n|t:|1700576688\n|move|p2a: Typhlosion|Burn Up|p1a: Azumarill\n|-supereffective|p1a: Azumarill\n|-damage|p1a: Azumarill|0 fnt\n|-start|p2a: Typhlosion|typechange|???|[from] move: Burn Up\n|faint|p1a: Azumarill\n|\n|upkeep\n|\n|t:|1700576700\n|switch|p1a: Swampert|Swampert-Mega, M|100\/100\n|-damage|p1a: Swampert|94\/100|[from] Stealth Rock\n|turn|15\n|\n|t:|1700576712\n|switch|p2a: Hatterene|Hatterene, F|100\/100\n|move|p1a: Swampert|Earthquake|p2a: Hatterene\n|-damage|p2a: Hatterene|56\/100\n|\n|-heal|p2a: Hatterene|62\/100|[from] item: Leftovers\n|upkeep\n|turn|16\n|\n|t:|1700576719\n|move|p1a: Swampert|Earthquake|p2a: Hatterene\n|-damage|p2a: Hatterene|16\/100\n|move|p2a: Hatterene|Psyshock|p1a: Swampert\n|-damage|p1a: Swampert|66\/100\n|\n|-heal|p2a: Hatterene|22\/100|[from] item: Leftovers\n|upkeep\n|turn|17\n|\n|t:|1700576726\n|move|p1a: Swampert|Earthquake|p2a: Hatterene\n|-damage|p2a: Hatterene|0 fnt\n|faint|p2a: Hatterene\n|\n|upkeep\n|\n|t:|1700576731\n|switch|p2a: Ogerpon|Ogerpon-Wellspring, F|100\/100 par\n|turn|18\n|\n|t:|1700576743\n|switch|p1a: Corviknight|Corviknight, M|100\/100\n|-damage|p1a: Corviknight|88\/100|[from] Stealth Rock\n|cant|p2a: Ogerpon|par\n|\n|-heal|p1a: Corviknight|94\/100|[from] item: Leftovers\n|upkeep\n|turn|19\n|\n|t:|1700576753\n|switch|p2a: Glimmora|Glimmora, F|100\/100\n|move|p1a: Corviknight|Brave Bird|p2a: Glimmora\n|-resisted|p2a: Glimmora\n|-crit|p2a: Glimmora\n|-damage|p2a: Glimmora|69\/100\n|-activate|p2a: Glimmora|ability: Toxic Debris\n|-sidestart|p1: Matt0919|move: Toxic Spikes\n|-damage|p1a: Corviknight|85\/100|[from] Recoil\n|\n|-heal|p2a: Glimmora|75\/100|[from] item: Black Sludge\n|-heal|p1a: Corviknight|92\/100|[from] item: Leftovers\n|upkeep\n|turn|20\n|\n|t:|1700576765\n|move|p2a: Glimmora|Spikes|p1a: Corviknight\n|-sidestart|p1: Matt0919|Spikes\n|move|p1a: Corviknight|Bulk Up|p1a: Corviknight\n|-boost|p1a: Corviknight|atk|1\n|-boost|p1a: Corviknight|def|1\n|\n|-heal|p2a: Glimmora|81\/100|[from] item: Black Sludge\n|-heal|p1a: Corviknight|98\/100|[from] item: Leftovers\n|upkeep\n|turn|21\n|\n|t:|1700576774\n|move|p2a: Glimmora|Spikes|p1a: Corviknight\n|-sidestart|p1: Matt0919|Spikes\n|move|p1a: Corviknight|Bulk Up|p1a: Corviknight\n|-boost|p1a: Corviknight|atk|1\n|-boost|p1a: Corviknight|def|1\n|\n|-heal|p2a: Glimmora|87\/100|[from] item: Black Sludge\n|-heal|p1a: Corviknight|100\/100|[from] item: Leftovers\n|upkeep\n|turn|22\n|\n|t:|1700576784\n|move|p2a: Glimmora|Spikes|p1a: Corviknight\n|-sidestart|p1: Matt0919|Spikes\n|move|p1a: Corviknight|Brave Bird|p2a: Glimmora\n|-resisted|p2a: Glimmora\n|-damage|p2a: Glimmora|42\/100\n|-activate|p2a: Glimmora|ability: Toxic Debris\n|-sidestart|p1: Matt0919|move: Toxic Spikes\n|-damage|p1a: Corviknight|88\/100|[from] Recoil\n|\n|-heal|p2a: Glimmora|48\/100|[from] item: Black Sludge\n|-heal|p1a: Corviknight|94\/100|[from] item: Leftovers\n|upkeep\n|turn|23\n|\n|t:|1700576797\n|move|p2a: Glimmora|Sludge Wave|p1a: Corviknight\n|-immune|p1a: Corviknight\n|move|p1a: Corviknight|Brave Bird|p2a: Glimmora\n|-resisted|p2a: Glimmora\n|-damage|p2a: Glimmora|5\/100\n|-damage|p1a: Corviknight|81\/100|[from] Recoil\n|\n|-heal|p2a: Glimmora|11\/100|[from] item: Black Sludge\n|-heal|p1a: Corviknight|88\/100|[from] item: Leftovers\n|upkeep\n|turn|24\n|\n|t:|1700576807\n|move|p2a: Glimmora|Sludge Wave|p1a: Corviknight\n|-immune|p1a: Corviknight\n|move|p1a: Corviknight|Brave Bird|p2a: Glimmora\n|-resisted|p2a: Glimmora\n|-damage|p2a: Glimmora|0 fnt\n|faint|p2a: Glimmora\n|-damage|p1a: Corviknight|85\/100|[from] Recoil\n|\n|-heal|p1a: Corviknight|91\/100|[from] item: Leftovers\n|upkeep\n|\n|t:|1700576813\n|switch|p2a: Typhlosion|Typhlosion, M|80\/100\n|turn|25\n|\n|t:|1700576842\n|-terastallize|p2a: Typhlosion|Fire\n|move|p2a: Typhlosion|Burn Up|p1a: Corviknight\n|-supereffective|p1a: Corviknight\n|-damage|p1a: Corviknight|0 fnt\n|-start|p2a: Typhlosion|typechange|Fire|[from] move: Burn Up\n|faint|p1a: Corviknight\n|\n|upkeep\n|\n|t:|1700576852\n|switch|p1a: Basculegion|Basculegion, M|68\/100\n|-damage|p1a: Basculegion|56\/100|[from] Stealth Rock\n|-status|p1a: Basculegion|tox\n|-damage|p1a: Basculegion|31\/100 tox|[from] Spikes\n|turn|26\n|l|\u2606RoadPizza\n|inactive|RoadPizza disconnected and has a minute to reconnect!\n|player|p2|\n|j|\u2606RoadPizza\n|inactive|RoadPizza reconnected and has 125 seconds left.\n|player|p2|RoadPizza|gambler\n|inactive|RoadPizza has 120 seconds left.\n|inactive|Matt0919 has 120 seconds left.\n|\n|t:|1700576887\n|move|p2a: Typhlosion|Burn Up|p1a: Basculegion\n|-resisted|p1a: Basculegion\n|-damage|p1a: Basculegion|0 fnt\n|-start|p2a: Typhlosion|typechange|Fire|[from] move: Burn Up\n|faint|p1a: Basculegion\n|\n|upkeep\n|\n|t:|1700576893\n|switch|p1a: Swampert|Swampert-Mega, M|66\/100\n|-damage|p1a: Swampert|60\/100|[from] Stealth Rock\n|-status|p1a: Swampert|tox\n|-damage|p1a: Swampert|35\/100 tox|[from] Spikes\n|turn|27\n|inactive|Matt0919 has 120 seconds left.\n|inactive|RoadPizza has 120 seconds left.\n|\n|t:|1700576902\n|switch|p2a: Ogerpon|Ogerpon-Wellspring, F|100\/100 par\n|move|p1a: Swampert|Ice Punch|p2a: Ogerpon\n|-damage|p2a: Ogerpon|65\/100 par\n|\n|-damage|p1a: Swampert|29\/100 tox|[from] psn\n|upkeep\n|turn|28\n|\n|t:|1700576911\n|move|p1a: Swampert|Ice Punch|p2a: Ogerpon\n|-damage|p2a: Ogerpon|26\/100 par\n|cant|p2a: Ogerpon|par\n|\n|-damage|p1a: Swampert|16\/100 tox|[from] psn\n|upkeep\n|turn|29\n|\n|t:|1700576919\n|move|p1a: Swampert|Ice Punch|p2a: Ogerpon\n|-damage|p2a: Ogerpon|0 fnt\n|faint|p2a: Ogerpon\n|\n|-damage|p1a: Swampert|0 fnt|[from] psn\n|faint|p1a: Swampert\n|upkeep\n|\n|t:|1700576925\n|switch|p2a: Typhlosion|Typhlosion, M, tera:Fire|80\/100\n|switch|p1a: Zapdos|Zapdos|78\/100\n|-damage|p1a: Zapdos|53\/100|[from] Stealth Rock\n|turn|30\n|\n|t:|1700576936\n|move|p2a: Typhlosion|Burn Up|p1a: Zapdos\n|-damage|p1a: Zapdos|0 fnt\n|-start|p2a: Typhlosion|typechange|Fire|[from] move: Burn Up\n|faint|p1a: Zapdos\n|\n|win|RoadPizza\n|raw|Matt0919's rating: 1290 &rarr; <strong>1267<\/strong><br \/>(-23 for losing)\n|raw|RoadPizza's rating: 1312 &rarr; <strong>1331<\/strong><br \/>(+19 for winning)\n|c|\u2606Matt0919|GG\n|l|\u2606Matt0919\n|l|\u2606RoadPizza\n|j|\u2606RoadPizza\n|player|p2|RoadPizza|gambler\n","uploadtime":1700576988,"views":9,"p1id":"matt0919","p2id":"roadpizza","formatid":"gen9nationaldex","rating":1267,"private":0,"password":""}