{"id":"gen9nationaldex-1987589804","p1":"GeneralArthur","p2":"DJRRRR","format":"[Gen 9] National Dex","log":"|j|\u2606GeneralArthur\n|j|\u2606DJRRRR\n|t:|1699616459\n|gametype|singles\n|player|p1|GeneralArthur|ltsurge|1285\n|player|p2|DJRRRR|2|1270\n|teamsize|p1|6\n|teamsize|p2|6\n|gen|9\n|tier|[Gen 9] National Dex\n|rated|\n|rule|HP Percentage Mod: HP is shown in percentages\n|rule|Endless Battle Clause: Forcing endless battles is banned\n|rule|OHKO Clause: OHKO moves are banned\n|rule|Evasion Clause: Evasion abilities, items, and moves are banned\n|rule|Evasion Abilities Clause: Evasion abilities are banned\n|rule|Evasion Items Clause: Evasion items are banned\n|rule|Evasion Moves Clause: Evasion moves are banned\n|rule|Species Clause: Limit one of each Pok\u00e9mon\n|rule|Sleep Clause Mod: Limit one foe put to sleep\n|clearpoke\n|poke|p1|Slowking-Galar, M|\n|poke|p1|Alomomola, M|\n|poke|p1|Charizard, M|\n|poke|p1|Ogerpon-Cornerstone, F|\n|poke|p1|Garganacl, F|\n|poke|p1|Hatterene, F|\n|poke|p2|Tapu Koko|\n|poke|p2|Iron Valiant|\n|poke|p2|Dragonite, M|\n|poke|p2|Glimmora, F|\n|poke|p2|Ursaluna, M|\n|poke|p2|Diancie|\n|teampreview\n|inactive|Battle timer is ON: inactive players will automatically lose when time's up. (requested by GeneralArthur)\n|\n|t:|1699616513\n|start\n|switch|p1a: Hatterene|Hatterene, F|100\/100\n|switch|p2a: Tapu Koko|Tapu Koko|100\/100\n|-fieldstart|move: Electric Terrain|[from] ability: Electric Surge|[of] p2a: Tapu Koko\n|turn|1\n|\n|t:|1699616527\n|-terastallize|p2a: Tapu Koko|Electric\n|move|p2a: Tapu Koko|Volt Switch|p1a: Hatterene\n|-damage|p1a: Hatterene|25\/100\n|\n|t:|1699616537\n|switch|p2a: Diancie|Diancie|100\/100|[from] Volt Switch\n|move|p1a: Hatterene|Calm Mind|p1a: Hatterene\n|-boost|p1a: Hatterene|spa|1\n|-boost|p1a: Hatterene|spd|1\n|\n|-heal|p1a: Hatterene|31\/100|[from] item: Leftovers\n|upkeep\n|turn|2\n|\n|t:|1699616544\n|detailschange|p2a: Diancie|Diancie-Mega\n|-mega|p2a: Diancie|Diancie|Diancite\n|move|p2a: Diancie|Diamond Storm|p1a: Hatterene\n|-damage|p1a: Hatterene|0 fnt\n|faint|p1a: Hatterene\n|\n|upkeep\n|\n|t:|1699616564\n|switch|p1a: Garganacl|Garganacl, F|100\/100\n|turn|3\n|\n|t:|1699616570\n|switch|p2a: Ursaluna|Ursaluna, M|100\/100\n|move|p1a: Garganacl|Salt Cure|p2a: Ursaluna\n|-resisted|p2a: Ursaluna\n|-damage|p2a: Ursaluna|95\/100\n|-start|p2a: Ursaluna|Salt Cure\n|\n|-damage|p2a: Ursaluna|83\/100|[from] Salt Cure\n|-status|p2a: Ursaluna|brn|[from] item: Flame Orb\n|upkeep\n|turn|4\n|\n|t:|1699616574\n|move|p2a: Ursaluna|Swords Dance|p2a: Ursaluna\n|-boost|p2a: Ursaluna|atk|2\n|move|p1a: Garganacl|Stealth Rock|p2a: Ursaluna\n|-sidestart|p2: DJRRRR|move: Stealth Rock\n|\n|-damage|p2a: Ursaluna|76\/100 brn|[from] brn\n|-damage|p2a: Ursaluna|64\/100 brn|[from] Salt Cure\n|upkeep\n|turn|5\n|\n|t:|1699616581\n|switch|p2a: Iron Valiant|Iron Valiant|100\/100\n|-damage|p2a: Iron Valiant|94\/100|[from] Stealth Rock\n|-activate|p2a: Iron Valiant|ability: Quark Drive\n|-start|p2a: Iron Valiant|quarkdrivespe\n|-terastallize|p1a: Garganacl|Ghost\n|move|p1a: Garganacl|Body Press|p2a: Iron Valiant\n|-resisted|p2a: Iron Valiant\n|-damage|p2a: Iron Valiant|76\/100\n|\n|-fieldend|move: Electric Terrain\n|-end|p2a: Iron Valiant|Quark Drive\n|upkeep\n|turn|6\n|\n|t:|1699616604\n|-end|p2a: Iron Valiant|Quark Drive|[silent]\n|switch|p2a: Ursaluna|Ursaluna, M|64\/100 brn\n|-damage|p2a: Ursaluna|58\/100 brn|[from] Stealth Rock\n|move|p1a: Garganacl|Salt Cure|p2a: Ursaluna\n|-resisted|p2a: Ursaluna\n|-damage|p2a: Ursaluna|53\/100 brn\n|-start|p2a: Ursaluna|Salt Cure\n|\n|-damage|p2a: Ursaluna|46\/100 brn|[from] brn\n|-damage|p2a: Ursaluna|34\/100 brn|[from] Salt Cure\n|upkeep\n|turn|7\n|\n|t:|1699616612\n|move|p2a: Ursaluna|Headlong Rush|p1a: Garganacl\n|-damage|p1a: Garganacl|46\/100\n|-unboost|p2a: Ursaluna|def|1\n|-unboost|p2a: Ursaluna|spd|1\n|move|p1a: Garganacl|Body Press|p2a: Ursaluna\n|-supereffective|p2a: Ursaluna\n|-damage|p2a: Ursaluna|0 fnt\n|faint|p2a: Ursaluna\n|\n|-heal|p1a: Garganacl|52\/100|[from] item: Leftovers\n|upkeep\n|\n|t:|1699616621\n|switch|p2a: Tapu Koko|Tapu Koko, tera:Electric|100\/100\n|-damage|p2a: Tapu Koko|88\/100|[from] Stealth Rock\n|-fieldstart|move: Electric Terrain|[from] ability: Electric Surge|[of] p2a: Tapu Koko\n|turn|8\n|\n|t:|1699616628\n|switch|p1a: Slowking|Slowking-Galar, M|100\/100\n|move|p2a: Tapu Koko|Volt Switch|p1a: Slowking\n|-damage|p1a: Slowking|42\/100\n|\n|t:|1699616637\n|switch|p2a: Diancie|Diancie-Mega|100\/100|[from] Volt Switch\n|-damage|p2a: Diancie|88\/100|[from] Stealth Rock\n|\n|-heal|p1a: Slowking|48\/100|[from] item: Black Sludge\n|upkeep\n|turn|9\n|\n|t:|1699616647\n|switch|p1a: Alomomola|Alomomola, M|100\/100\n|move|p2a: Diancie|Earth Power|p1a: Alomomola\n|-damage|p1a: Alomomola|59\/100\n|\n|upkeep\n|turn|10\n|\n|t:|1699616656\n|switch|p2a: Glimmora|Glimmora, F|100\/100\n|-damage|p2a: Glimmora|88\/100|[from] Stealth Rock\n|move|p1a: Alomomola|Wish|p1a: Alomomola\n|\n|upkeep\n|turn|11\n|\n|t:|1699616663\n|move|p2a: Glimmora|Spiky Shield|p2a: Glimmora\n|-singleturn|p2a: Glimmora|move: Protect\n|move|p1a: Alomomola|Flip Turn|p2a: Glimmora\n|-activate|p2a: Glimmora|move: Protect\n|-damage|p1a: Alomomola|47\/100|[from] Spiky Shield|[of] p2a: Glimmora\n|\n|-heal|p1a: Alomomola|97\/100|[from] move: Wish|[wisher] Alomomola\n|upkeep\n|turn|12\n|\n|t:|1699616672\n|move|p2a: Glimmora|Stealth Rock|p1a: Alomomola\n|-sidestart|p1: GeneralArthur|move: Stealth Rock\n|move|p1a: Alomomola|Wish|p1a: Alomomola\n|\n|-fieldend|move: Electric Terrain\n|upkeep\n|turn|13\n|\n|t:|1699616696\n|move|p2a: Glimmora|Spiky Shield|p2a: Glimmora\n|-singleturn|p2a: Glimmora|move: Protect\n|move|p1a: Alomomola|Flip Turn|p2a: Glimmora\n|-activate|p2a: Glimmora|move: Protect\n|-damage|p1a: Alomomola|85\/100|[from] Spiky Shield|[of] p2a: Glimmora\n|\n|-heal|p1a: Alomomola|100\/100|[from] move: Wish|[wisher] Alomomola\n|upkeep\n|turn|14\n|\n|t:|1699616705\n|move|p2a: Glimmora|Energy Ball|p1a: Alomomola\n|-supereffective|p1a: Alomomola\n|-damage|p1a: Alomomola|29\/100\n|move|p1a: Alomomola|Flip Turn|p2a: Glimmora\n|-supereffective|p2a: Glimmora\n|-damage|p2a: Glimmora|49\/100\n|-activate|p2a: Glimmora|ability: Toxic Debris\n|-sidestart|p1: GeneralArthur|move: Toxic Spikes\n|\n|t:|1699616711\n|switch|p1a: Slowking|Slowking-Galar, M|81\/100|[from] Flip Turn\n|-damage|p1a: Slowking|69\/100|[from] Stealth Rock\n|-sideend|p1: GeneralArthur|move: Toxic Spikes|[of] p1a: Slowking\n|\n|-heal|p1a: Slowking|75\/100|[from] item: Black Sludge\n|upkeep\n|turn|15\n|\n|t:|1699616724\n|switch|p2a: Tapu Koko|Tapu Koko, tera:Electric|88\/100\n|-damage|p2a: Tapu Koko|76\/100|[from] Stealth Rock\n|-fieldstart|move: Electric Terrain|[from] ability: Electric Surge|[of] p2a: Tapu Koko\n|move|p1a: Slowking|Future Sight|p2a: Tapu Koko\n|-start|p1a: Slowking|move: Future Sight\n|\n|-heal|p1a: Slowking|81\/100|[from] item: Black Sludge\n|upkeep\n|turn|16\n|\n|t:|1699616732\n|move|p2a: Tapu Koko|Thunder|p1a: Slowking\n|-damage|p1a: Slowking|0 fnt\n|faint|p1a: Slowking\n|\n|upkeep\n|\n|t:|1699616750\n|switch|p1a: Ogerpon|Ogerpon-Cornerstone, F|100\/100\n|-damage|p1a: Ogerpon|88\/100|[from] Stealth Rock\n|turn|17\n|\n|t:|1699616763\n|switch|p2a: Glimmora|Glimmora, F|49\/100\n|-damage|p2a: Glimmora|37\/100|[from] Stealth Rock\n|move|p1a: Ogerpon|Trailblaze|p2a: Glimmora\n|-damage|p2a: Glimmora|0 fnt\n|-boost|p1a: Ogerpon|spe|1\n|-activate|p2a: Glimmora|ability: Toxic Debris\n|-sidestart|p1: GeneralArthur|move: Toxic Spikes\n|faint|p2a: Glimmora\n|\n|-hint|Future Sight did not hit because the target is fainted.\n|upkeep\n|\n|t:|1699616777\n|switch|p2a: Iron Valiant|Iron Valiant|76\/100\n|-damage|p2a: Iron Valiant|70\/100|[from] Stealth Rock\n|-activate|p2a: Iron Valiant|ability: Quark Drive\n|-start|p2a: Iron Valiant|quarkdrivespe\n|turn|18\n|\n|t:|1699616787\n|move|p2a: Iron Valiant|Swords Dance|p2a: Iron Valiant\n|-boost|p2a: Iron Valiant|atk|2\n|move|p1a: Ogerpon|Ivy Cudgel|p2a: Iron Valiant\n|-resisted|p2a: Iron Valiant\n|-damage|p2a: Iron Valiant|34\/100\n|\n|upkeep\n|turn|19\n|\n|t:|1699616794\n|move|p2a: Iron Valiant|Spirit Break|p1a: Ogerpon\n|-damage|p1a: Ogerpon|0 fnt\n|faint|p1a: Ogerpon\n|-damage|p2a: Iron Valiant|25\/100|[from] item: Life Orb\n|\n|-fieldend|move: Electric Terrain\n|-end|p2a: Iron Valiant|Quark Drive\n|upkeep\n|-message|GeneralArthur forfeited.\n|\n|win|DJRRRR\n|raw|GeneralArthur's rating: 1285 &rarr; <strong>1257<\/strong><br \/>(-28 for losing)\n|raw|DJRRRR's rating: 1244 &rarr; <strong>1272<\/strong><br \/>(+28 for winning)\n|l|\u2606GeneralArthur\n","uploadtime":1699616807,"views":6,"p1id":"generalarthur","p2id":"djrrrr","formatid":"gen9nationaldex","rating":1257,"private":0,"password":""}