{"id":"gen9nationaldex-1996269703","p1":"pitiman","p2":"Gamer00ooO","format":"[Gen 9] National Dex","log":"|html|<div class=\"broadcast-blue\"><strong>[Gen 9] National Dex is currently suspecting Sneasler! For information on how to participate check out the <a href=\"https:\/\/www.smogon.com\/forums\/threads\/sv-national-dex-suspect-8-just-dance.3731534\/\">suspect thread<\/a>.<\/strong><\/div>\n|j|\u2606pitiman\n|j|\u2606Gamer00ooO\n|t:|1700665967\n|gametype|singles\n|player|p1|pitiman|cheren-gen5bw2|\n|player|p2|Gamer00ooO|hilbert|\n|teamsize|p1|6\n|teamsize|p2|6\n|gen|9\n|tier|[Gen 9] National Dex\n|rule|HP Percentage Mod: HP is shown in percentages\n|rule|Endless Battle Clause: Forcing endless battles is banned\n|rule|OHKO Clause: OHKO moves are banned\n|rule|Evasion Clause: Evasion abilities, items, and moves are banned\n|rule|Evasion Abilities Clause: Evasion abilities are banned\n|rule|Evasion Items Clause: Evasion items are banned\n|rule|Evasion Moves Clause: Evasion moves are banned\n|rule|Species Clause: Limit one of each Pok\u00e9mon\n|rule|Sleep Clause Mod: Limit one foe put to sleep\n|clearpoke\n|poke|p1|Scizor, M|\n|poke|p1|Alomomola, M|\n|poke|p1|Gliscor, M|\n|poke|p1|Chansey, F|\n|poke|p1|Latios, M|\n|poke|p1|Xurkitree|\n|poke|p2|Iron Valiant|\n|poke|p2|Weezing-Galar, M|\n|poke|p2|Diancie|\n|poke|p2|Gliscor, F|\n|poke|p2|Gardevoir, F|\n|poke|p2|Klefki, F|\n|teampreview\n|\n|t:|1700665979\n|start\n|switch|p1a: Gliscor|Gliscor, M|100\/100\n|switch|p2a: Llaveros|Klefki, F|100\/100\n|turn|1\n|\n|t:|1700665992\n|move|p2a: Llaveros|Reflect|p2a: Llaveros\n|-sidestart|p2: Gamer00ooO|Reflect\n|move|p1a: Gliscor|Earthquake|p2a: Llaveros\n|-supereffective|p2a: Llaveros\n|-damage|p2a: Llaveros|72\/100\n|\n|-status|p1a: Gliscor|tox|[from] item: Toxic Orb\n|upkeep\n|turn|2\n|\n|t:|1700665996\n|switch|p2a: Scorp corp|Gliscor, F|100\/100\n|move|p1a: Gliscor|Defog|p2a: Scorp corp\n|-unboost|p2a: Scorp corp|evasion|1\n|-sideend|p2: Gamer00ooO|Reflect\n|\n|-status|p2a: Scorp corp|tox|[from] item: Toxic Orb\n|upkeep\n|turn|3\n|j| Void280\n|\n|t:|1700666002\n|switch|p1a: Scizor|Scizor, M|100\/100\n|move|p2a: Scorp corp|Swords Dance|p2a: Scorp corp\n|-boost|p2a: Scorp corp|atk|2\n|\n|upkeep\n|turn|4\n|\n|t:|1700666009\n|detailschange|p1a: Scizor|Scizor-Mega, M\n|-mega|p1a: Scizor|Scizor|Scizorite\n|move|p2a: Scorp corp|Earthquake|p1a: Scizor\n|-damage|p1a: Scizor|38\/100\n|move|p1a: Scizor|Swords Dance|p1a: Scizor\n|-boost|p1a: Scizor|atk|2\n|\n|upkeep\n|turn|5\n|j| Sylveon(404)\n|\n|t:|1700666047\n|switch|p1a: Latios|Latios, M|100\/100\n|move|p2a: Scorp corp|Earthquake|p1a: Latios\n|-immune|p1a: Latios|[from] ability: Levitate\n|\n|upkeep\n|turn|6\n|\n|t:|1700666052\n|-terastallize|p1a: Latios|Dragon\n|move|p1a: Latios|Draco Meteor|p2a: Scorp corp\n|-damage|p2a: Scorp corp|0 fnt\n|-unboost|p1a: Latios|spa|2\n|faint|p2a: Scorp corp\n|-damage|p1a: Latios|91\/100|[from] item: Life Orb\n|\n|upkeep\n|\n|t:|1700666058\n|switch|p2a: Eco Eco|Gardevoir, F|100\/100\n|-ability|p2a: Eco Eco|Levitate|[from] ability: Trace|[of] p1a: Latios\n|turn|7\n|j| WSoldat\n|c|\u2606Gamer00ooO|Critico\n|c|\u2606pitiman|cual critico?\n|\n|t:|1700666090\n|detailschange|p2a: Eco Eco|Gardevoir-Mega, F\n|-mega|p2a: Eco Eco|Gardevoir|Gardevoirite\n|move|p1a: Latios|Mystical Fire|p2a: Eco Eco\n|-damage|p2a: Eco Eco|85\/100\n|-unboost|p2a: Eco Eco|spa|1\n|-damage|p1a: Latios|81\/100|[from] item: Life Orb\n|move|p2a: Eco Eco|Hyper Voice|p1a: Latios\n|-supereffective|p1a: Latios\n|-damage|p1a: Latios|0 fnt\n|faint|p1a: Latios\n|\n|upkeep\n|\n|t:|1700666098\n|switch|p1a: Scizor|Scizor-Mega, M|38\/100\n|turn|8\n|c|\u2606Gamer00ooO|El cometa drag\u00f3n\n|c|\u2606pitiman|no fue\n|c| Sylveon(404)|no fue critico\n|\n|t:|1700666111\n|move|p1a: Scizor|Bullet Punch|p2a: Eco Eco\n|-supereffective|p2a: Eco Eco\n|-damage|p2a: Eco Eco|0 fnt\n|faint|p2a: Eco Eco\n|\n|upkeep\n|\n|t:|1700666121\n|switch|p2a: Steven|Diancie|100\/100\n|turn|9\n|c| WSoldat|Que le den moxie a scizor\n|c| WSoldat|Ndeah\n|c| Sylveon(404)|XD\n|\n|t:|1700666129\n|-terastallize|p2a: Steven|Electric\n|move|p1a: Scizor|Bullet Punch|p2a: Steven\n|-resisted|p2a: Steven\n|-damage|p2a: Steven|85\/100\n|move|p2a: Steven|Body Press|p1a: Scizor\n|-damage|p1a: Scizor|14\/100\n|\n|-heal|p2a: Steven|91\/100|[from] item: Leftovers\n|upkeep\n|turn|10\n|c|\u2606pitiman|ah\n|\n|t:|1700666149\n|switch|p1a: Alomomola|Alomomola, M|100\/100\n|move|p2a: Steven|Diamond Storm|p1a: Alomomola\n|-damage|p1a: Alomomola|82\/100\n|-boost|p2a: Steven|def|2\n|\n|-heal|p1a: Alomomola|89\/100|[from] item: Leftovers\n|-heal|p2a: Steven|98\/100|[from] item: Leftovers\n|upkeep\n|turn|11\n|\n|t:|1700666157\n|move|p1a: Alomomola|Toxic|p2a: Steven\n|-status|p2a: Steven|tox\n|move|p2a: Steven|Diamond Storm|p1a: Alomomola\n|-damage|p1a: Alomomola|71\/100\n|-boost|p2a: Steven|def|2\n|\n|-heal|p1a: Alomomola|77\/100|[from] item: Leftovers\n|-heal|p2a: Steven|100\/100 tox|[from] item: Leftovers\n|-damage|p2a: Steven|94\/100 tox|[from] psn\n|upkeep\n|turn|12\n|\n|t:|1700666163\n|move|p1a: Alomomola|Wish|p1a: Alomomola\n|move|p2a: Steven|Body Press|p1a: Alomomola\n|-damage|p1a: Alomomola|27\/100\n|\n|-heal|p1a: Alomomola|33\/100|[from] item: Leftovers\n|-heal|p2a: Steven|100\/100 tox|[from] item: Leftovers\n|-damage|p2a: Steven|88\/100 tox|[from] psn\n|upkeep\n|turn|13\n|\n|t:|1700666174\n|move|p1a: Alomomola|Protect|p1a: Alomomola\n|-singleturn|p1a: Alomomola|Protect\n|move|p2a: Steven|Body Press|p1a: Alomomola\n|-activate|p1a: Alomomola|move: Protect\n|\n|-heal|p1a: Alomomola|83\/100|[from] move: Wish|[wisher] Alomomola\n|-heal|p1a: Alomomola|89\/100|[from] item: Leftovers\n|-heal|p2a: Steven|94\/100 tox|[from] item: Leftovers\n|-damage|p2a: Steven|76\/100 tox|[from] psn\n|upkeep\n|turn|14\n|\n|t:|1700666181\n|move|p1a: Alomomola|Wish|p1a: Alomomola\n|move|p2a: Steven|Iron Defense|p2a: Steven\n|-boost|p2a: Steven|def|2\n|\n|-heal|p1a: Alomomola|96\/100|[from] item: Leftovers\n|-heal|p2a: Steven|82\/100 tox|[from] item: Leftovers\n|-damage|p2a: Steven|58\/100 tox|[from] psn\n|upkeep\n|turn|15\n|\n|t:|1700666194\n|switch|p1a: Gliscor|Gliscor, M|100\/100 tox\n|move|p2a: Steven|Body Press|p1a: Gliscor\n|-resisted|p1a: Gliscor\n|-damage|p1a: Gliscor|61\/100 tox\n|\n|-heal|p1a: Gliscor|100\/100 tox|[from] move: Wish|[wisher] Alomomola\n|-heal|p2a: Steven|64\/100 tox|[from] item: Leftovers\n|-damage|p2a: Steven|33\/100 tox|[from] psn\n|upkeep\n|turn|16\n|\n|t:|1700666211\n|move|p1a: Gliscor|Stealth Rock|p2a: Steven\n|-sidestart|p2: Gamer00ooO|move: Stealth Rock\n|move|p2a: Steven|Body Press|p1a: Gliscor\n|-resisted|p1a: Gliscor\n|-damage|p1a: Gliscor|62\/100 tox\n|\n|-heal|p2a: Steven|39\/100 tox|[from] item: Leftovers\n|-heal|p1a: Gliscor|74\/100 tox|[from] ability: Poison Heal\n|-damage|p2a: Steven|2\/100 tox|[from] psn\n|upkeep\n|turn|17\n|\n|t:|1700666220\n|move|p1a: Gliscor|Roost|p1a: Gliscor\n|-heal|p1a: Gliscor|100\/100 tox\n|-singleturn|p1a: Gliscor|move: Roost\n|move|p2a: Steven|Body Press|p1a: Gliscor\n|-damage|p1a: Gliscor|20\/100 tox\n|\n|-heal|p2a: Steven|8\/100 tox|[from] item: Leftovers\n|-heal|p1a: Gliscor|32\/100 tox|[from] ability: Poison Heal\n|-damage|p2a: Steven|0 fnt|[from] psn\n|faint|p2a: Steven\n|upkeep\n|\n|t:|1700666224\n|switch|p2a: Patriota de hierro|Iron Valiant|100\/100\n|-damage|p2a: Patriota de hierro|94\/100|[from] Stealth Rock\n|turn|18\n|c| Sylveon(404)|denle regenerator a corvi XD\n|\n|t:|1700666233\n|move|p2a: Patriota de hierro|Moonblast|p1a: Gliscor\n|-damage|p1a: Gliscor|0 fnt\n|faint|p1a: Gliscor\n|\n|upkeep\n|\n|t:|1700666240\n|switch|p1a: Scizor|Scizor-Mega, M|14\/100\n|turn|19\n|\n|t:|1700666249\n|move|p1a: Scizor|Bullet Punch|p2a: Patriota de hierro\n|-supereffective|p2a: Patriota de hierro\n|-damage|p2a: Patriota de hierro|0 fnt\n|faint|p2a: Patriota de hierro\n|-end|p2a: Patriota de hierro|Quark Drive|[silent]\n|\n|upkeep\n|\n|t:|1700666252\n|switch|p2a: Llaveros|Klefki, F|72\/100\n|-damage|p2a: Llaveros|66\/100|[from] Stealth Rock\n|turn|20\n|\n|t:|1700666257\n|switch|p1a: Xurkitree|Xurkitree|100\/100\n|move|p2a: Llaveros|Defog|p1a: Xurkitree\n|-unboost|p1a: Xurkitree|evasion|1\n|-sideend|p2: Gamer00ooO|Stealth Rock|[from] move: Defog|[of] p2a: Llaveros\n|\n|upkeep\n|turn|21\n|\n|t:|1700666263\n|switch|p2a: Sr de carb\u00f3n|Weezing-Galar, M|100\/100\n|-fieldstart|move: Misty Terrain|[from] ability: Misty Surge|[of] p2a: Sr de carb\u00f3n\n|move|p1a: Xurkitree|Thunderbolt|p2a: Sr de carb\u00f3n\n|-damage|p2a: Sr de carb\u00f3n|44\/100\n|\n|upkeep\n|turn|22\n|\n|t:|1700666272\n|move|p1a: Xurkitree|Thunderbolt|p2a: Sr de carb\u00f3n\n|-damage|p2a: Sr de carb\u00f3n|0 fnt\n|faint|p2a: Sr de carb\u00f3n\n|-ability|p1a: Xurkitree|Beast Boost|boost\n|-boost|p1a: Xurkitree|spa|1\n|\n|upkeep\n|\n|t:|1700666274\n|switch|p2a: Llaveros|Klefki, F|66\/100\n|turn|23\n|\n|t:|1700666276\n|move|p2a: Llaveros|Light Screen|p2a: Llaveros\n|-sidestart|p2: Gamer00ooO|move: Light Screen\n|move|p1a: Xurkitree|Thunderbolt|p2a: Llaveros\n|-damage|p2a: Llaveros|23\/100\n|\n|upkeep\n|turn|24\n|c|\u2606Gamer00ooO|Ya ganaste\n|\n|t:|1700666291\n|move|p2a: Llaveros|Reflect|p2a: Llaveros\n|-sidestart|p2: Gamer00ooO|Reflect\n|move|p1a: Xurkitree|Thunderbolt|p2a: Llaveros\n|-damage|p2a: Llaveros|0 fnt\n|faint|p2a: Llaveros\n|\n|win|pitiman\n|c|\u2606pitiman|gg\n|c|\u2606Gamer00ooO|Gg\n|l| Sylveon(404)\n","uploadtime":1700666299,"views":5,"p1id":"pitiman","p2id":"gamer00ooo","formatid":"gen9nationaldex","rating":0,"private":0,"password":""}