{"id":"gen9nationaldex-1988092516","p1":"abigolname","p2":"Arlo Ghost","format":"[Gen 9] National Dex","log":"|j|\u2606abigolname\n|j|\u2606Arlo Ghost\n|t:|1699668595\n|gametype|singles\n|player|p1|abigolname|1|1402\n|player|p2|Arlo Ghost|mars|1462\n|teamsize|p1|6\n|teamsize|p2|6\n|gen|9\n|tier|[Gen 9] National Dex\n|rated|\n|rule|HP Percentage Mod: HP is shown in percentages\n|rule|Endless Battle Clause: Forcing endless battles is banned\n|rule|OHKO Clause: OHKO moves are banned\n|rule|Evasion Clause: Evasion abilities, items, and moves are banned\n|rule|Evasion Abilities Clause: Evasion abilities are banned\n|rule|Evasion Items Clause: Evasion items are banned\n|rule|Evasion Moves Clause: Evasion moves are banned\n|rule|Species Clause: Limit one of each Pok\u00e9mon\n|rule|Sleep Clause Mod: Limit one foe put to sleep\n|clearpoke\n|poke|p1|Vikavolt, F|\n|poke|p1|Great Tusk|\n|poke|p1|Kommo-o, M|\n|poke|p1|Iron Moth|\n|poke|p1|Zoroark-Hisui, F|\n|poke|p1|Milotic, M|\n|poke|p2|Mandibuzz, F|\n|poke|p2|Greninja-*, M|\n|poke|p2|Tyranitar, M|\n|poke|p2|Muk-Alola, M|\n|poke|p2|Grimmsnarl, M|\n|poke|p2|Hydreigon, M|\n|teampreview\n|\n|t:|1699668608\n|start\n|switch|p1a: Vicodi\u00f1o|Vikavolt, F|100\/100\n|switch|p2a: Sherkemo|Grimmsnarl, M|100\/100\n|turn|1\n|\n|t:|1699668615\n|move|p2a: Sherkemo|Light Screen|p2a: Sherkemo\n|-sidestart|p2: Arlo Ghost|move: Light Screen\n|move|p1a: Vicodi\u00f1o|Bug Buzz|p2a: Sherkemo\n|-damage|p2a: Sherkemo|77\/100\n|\n|upkeep\n|turn|2\n|\n|t:|1699668619\n|move|p2a: Sherkemo|Reflect|p2a: Sherkemo\n|-sidestart|p2: Arlo Ghost|Reflect\n|move|p1a: Vicodi\u00f1o|Sticky Web|p2a: Sherkemo\n|-sidestart|p2: Arlo Ghost|move: Sticky Web\n|\n|upkeep\n|turn|3\n|\n|t:|1699668623\n|move|p2a: Sherkemo|Spirit Break|p1a: Vicodi\u00f1o\n|-damage|p1a: Vicodi\u00f1o|70\/100\n|-unboost|p1a: Vicodi\u00f1o|spa|1\n|move|p1a: Vicodi\u00f1o|Volt Switch|p2a: Sherkemo\n|-damage|p2a: Sherkemo|66\/100\n|\n|t:|1699668628\n|switch|p1a: Milotic|Milotic, M|100\/100|[from] Volt Switch\n|\n|upkeep\n|turn|4\n|\n|t:|1699668632\n|move|p2a: Sherkemo|Parting Shot|p1a: Milotic\n|-unboost|p1a: Milotic|atk|1\n|-ability|p1a: Milotic|Competitive|boost\n|-boost|p1a: Milotic|spa|2\n|-unboost|p1a: Milotic|spa|1\n|-ability|p1a: Milotic|Competitive|boost\n|-boost|p1a: Milotic|spa|2\n|\n|t:|1699668634\n|switch|p2a: Hydrarlo|Hydreigon, M|100\/100|[from] Parting Shot\n|move|p1a: Milotic|Coil|p1a: Milotic\n|-boost|p1a: Milotic|atk|1\n|-boost|p1a: Milotic|def|1\n|-boost|p1a: Milotic|accuracy|1\n|\n|upkeep\n|turn|5\n|\n|t:|1699668640\n|move|p2a: Hydrarlo|Substitute|p2a: Hydrarlo\n|-start|p2a: Hydrarlo|Substitute\n|-damage|p2a: Hydrarlo|76\/100\n|move|p1a: Milotic|Ice Beam|p2a: Hydrarlo\n|-supereffective|p2a: Hydrarlo\n|-end|p2a: Hydrarlo|Substitute\n|\n|-heal|p2a: Hydrarlo|82\/100|[from] item: Leftovers\n|upkeep\n|turn|6\n|\n|t:|1699668647\n|-terastallize|p2a: Hydrarlo|Steel\n|move|p2a: Hydrarlo|Substitute|p2a: Hydrarlo\n|-start|p2a: Hydrarlo|Substitute\n|-damage|p2a: Hydrarlo|57\/100\n|move|p1a: Milotic|Ice Beam|p2a: Hydrarlo\n|-resisted|p2a: Hydrarlo\n|-activate|p2a: Hydrarlo|move: Substitute|[damage]\n|\n|-heal|p2a: Hydrarlo|63\/100|[from] item: Leftovers\n|upkeep\n|turn|7\n|\n|t:|1699668649\n|move|p2a: Hydrarlo|Nasty Plot|p2a: Hydrarlo\n|-boost|p2a: Hydrarlo|spa|2\n|move|p1a: Milotic|Scald|p2a: Hydrarlo\n|-end|p2a: Hydrarlo|Substitute\n|\n|-heal|p2a: Hydrarlo|69\/100|[from] item: Leftovers\n|upkeep\n|turn|8\n|\n|t:|1699668652\n|move|p2a: Hydrarlo|Dark Pulse|p1a: Milotic\n|-damage|p1a: Milotic|46\/100\n|move|p1a: Milotic|Scald|p2a: Hydrarlo\n|-damage|p2a: Hydrarlo|25\/100\n|\n|-heal|p2a: Hydrarlo|31\/100|[from] item: Leftovers\n|-heal|p1a: Milotic|53\/100|[from] item: Leftovers\n|-sideend|p2: Arlo Ghost|move: Light Screen\n|upkeep\n|turn|9\n|\n|t:|1699668663\n|move|p2a: Hydrarlo|Dark Pulse|p1a: Milotic\n|-damage|p1a: Milotic|2\/100\n|move|p1a: Milotic|Scald|p2a: Hydrarlo\n|-damage|p2a: Hydrarlo|0 fnt\n|faint|p2a: Hydrarlo\n|\n|-heal|p1a: Milotic|8\/100|[from] item: Leftovers\n|-sideend|p2: Arlo Ghost|Reflect\n|upkeep\n|\n|t:|1699668668\n|switch|p2a: Marijuano|Muk-Alola, M|100\/100\n|-activate|p2a: Marijuano|move: Sticky Web\n|-unboost|p2a: Marijuano|spe|1\n|turn|10\n|\n|t:|1699668670\n|move|p2a: Marijuano|Shadow Sneak|p1a: Milotic\n|-damage|p1a: Milotic|3\/100\n|-status|p1a: Milotic|psn|[from] ability: Poison Touch|[of] p2a: Marijuano\n|move|p1a: Milotic|Recover|p1a: Milotic\n|-heal|p1a: Milotic|53\/100 psn\n|\n|-heal|p1a: Milotic|59\/100 psn|[from] item: Leftovers\n|-damage|p1a: Milotic|46\/100 psn|[from] psn\n|upkeep\n|turn|11\n|\n|t:|1699668674\n|switch|p2a: Sherkemo|Grimmsnarl, M|66\/100\n|-activate|p2a: Sherkemo|move: Sticky Web\n|-unboost|p2a: Sherkemo|spe|1\n|move|p1a: Milotic|Recover|p1a: Milotic\n|-heal|p1a: Milotic|96\/100 psn\n|\n|-heal|p1a: Milotic|100\/100 psn|[from] item: Leftovers\n|-damage|p1a: Milotic|88\/100 psn|[from] psn\n|upkeep\n|turn|12\n|\n|t:|1699668676\n|move|p2a: Sherkemo|Light Screen|p2a: Sherkemo\n|-sidestart|p2: Arlo Ghost|move: Light Screen\n|move|p1a: Milotic|Scald|p2a: Sherkemo\n|-crit|p2a: Sherkemo\n|-damage|p2a: Sherkemo|0 fnt\n|faint|p2a: Sherkemo\n|\n|-heal|p1a: Milotic|94\/100 psn|[from] item: Leftovers\n|-damage|p1a: Milotic|82\/100 psn|[from] psn\n|upkeep\n|\n|t:|1699668681\n|switch|p2a: Marijuano|Muk-Alola, M|100\/100\n|-activate|p2a: Marijuano|move: Sticky Web\n|-unboost|p2a: Marijuano|spe|1\n|turn|13\n|\n|t:|1699668682\n|move|p1a: Milotic|Scald|p2a: Marijuano\n|-damage|p2a: Marijuano|84\/100\n|-status|p2a: Marijuano|brn\n|move|p2a: Marijuano|Knock Off|p1a: Milotic\n|-damage|p1a: Milotic|71\/100 psn\n|-enditem|p1a: Milotic|Leftovers|[from] move: Knock Off|[of] p2a: Marijuano\n|\n|-damage|p1a: Milotic|59\/100 psn|[from] psn\n|-damage|p2a: Marijuano|78\/100 brn|[from] brn\n|upkeep\n|turn|14\n|\n|t:|1699668689\n|switch|p2a: El Cumbia Ninja|Greninja, M|100\/100\n|-activate|p2a: El Cumbia Ninja|move: Sticky Web\n|-unboost|p2a: El Cumbia Ninja|spe|1\n|move|p1a: Milotic|Recover|p1a: Milotic\n|-heal|p1a: Milotic|100\/100 psn\n|\n|-damage|p1a: Milotic|88\/100 psn|[from] psn\n|upkeep\n|turn|15\n|\n|t:|1699668691\n|move|p2a: El Cumbia Ninja|Gunk Shot|p1a: Milotic\n|-start|p2a: El Cumbia Ninja|typechange|Poison|[from] ability: Protean\n|-damage|p1a: Milotic|63\/100 psn\n|move|p1a: Milotic|Scald|p2a: El Cumbia Ninja\n|-damage|p2a: El Cumbia Ninja|34\/100\n|\n|-damage|p1a: Milotic|50\/100 psn|[from] psn\n|upkeep\n|turn|16\n|\n|t:|1699668695\n|move|p2a: El Cumbia Ninja|Gunk Shot|p1a: Milotic\n|-damage|p1a: Milotic|25\/100 psn\n|move|p1a: Milotic|Scald|p2a: El Cumbia Ninja\n|-damage|p2a: El Cumbia Ninja|0 fnt\n|faint|p2a: El Cumbia Ninja\n|\n|-damage|p1a: Milotic|13\/100 psn|[from] psn\n|upkeep\n|\n|t:|1699668701\n|switch|p2a: Rockzilla|Tyranitar, M, shiny|100\/100\n|-activate|p2a: Rockzilla|move: Sticky Web\n|-unboost|p2a: Rockzilla|spe|1\n|-weather|Sandstorm|[from] ability: Sand Stream|[of] p2a: Rockzilla\n|turn|17\n|\n|t:|1699668704\n|detailschange|p2a: Rockzilla|Tyranitar-Mega, M, shiny\n|-mega|p2a: Rockzilla|Tyranitar|Tyranitarite\n|move|p1a: Milotic|Scald|p2a: Rockzilla\n|-supereffective|p2a: Rockzilla\n|-damage|p2a: Rockzilla|63\/100\n|-status|p2a: Rockzilla|brn\n|move|p2a: Rockzilla|Dragon Dance|p2a: Rockzilla\n|-boost|p2a: Rockzilla|atk|1\n|-boost|p2a: Rockzilla|spe|1\n|\n|-weather|Sandstorm|[upkeep]\n|-damage|p1a: Milotic|7\/100 psn|[from] Sandstorm\n|-damage|p1a: Milotic|0 fnt|[from] psn\n|faint|p1a: Milotic\n|-damage|p2a: Rockzilla|57\/100 brn|[from] brn\n|upkeep\n|\n|t:|1699668712\n|switch|p1a: Tony Komo|Kommo-o, M|100\/100\n|turn|18\n|\n|t:|1699668718\n|move|p1a: Tony Komo|Drain Punch|p2a: Rockzilla\n|-supereffective|p2a: Rockzilla\n|-damage|p2a: Rockzilla|0 fnt\n|faint|p2a: Rockzilla\n|\n|-weather|Sandstorm|[upkeep]\n|-damage|p1a: Tony Komo|94\/100|[from] Sandstorm\n|-heal|p1a: Tony Komo|100\/100|[from] item: Leftovers\n|upkeep\n|\n|t:|1699668720\n|switch|p2a: Winona|Mandibuzz, F|100\/100\n|turn|19\n|\n|t:|1699668723\n|move|p1a: Tony Komo|Substitute|p1a: Tony Komo\n|-start|p1a: Tony Komo|Substitute\n|-damage|p1a: Tony Komo|76\/100\n|move|p2a: Winona|Roost||[still]\n|-fail|p2a: Winona|heal\n|\n|-weather|Sandstorm|[upkeep]\n|-damage|p1a: Tony Komo|70\/100|[from] Sandstorm\n|-heal|p1a: Tony Komo|76\/100|[from] item: Leftovers\n|-sideend|p2: Arlo Ghost|move: Light Screen\n|upkeep\n|turn|20\n|-message|Arlo Ghost forfeited.\n|\n|win|abigolname\n|raw|abigolname's rating: 1402 &rarr; <strong>1425<\/strong><br \/>(+23 for winning)\n|raw|Arlo Ghost's rating: 1462 &rarr; <strong>1439<\/strong><br \/>(-23 for losing)\n|l|\u2606Arlo Ghost\n","uploadtime":1699668729,"views":8,"p1id":"abigolname","p2id":"arloghost","formatid":"gen9nationaldex","rating":1425,"private":0,"password":""}