{"id":"gen9nationaldex-1995240058","p1":"LinChess","p2":"FlyingSudowoodo","format":"[Gen 9] National Dex","log":"|html|<div class=\"broadcast-blue\"><strong>[Gen 9] National Dex is currently suspecting Sneasler! For information on how to participate check out the <a href=\"https:\/\/www.smogon.com\/forums\/threads\/sv-national-dex-suspect-8-just-dance.3731534\/\">suspect thread<\/a>.<\/strong><\/div>\n|j|\u2606LinChess\n|j|\u2606FlyingSudowoodo\n|t:|1700538728\n|gametype|singles\n|player|p1|LinChess|wallace|1376\n|player|p2|FlyingSudowoodo|brock|1402\n|teamsize|p1|6\n|teamsize|p2|6\n|gen|9\n|tier|[Gen 9] National Dex\n|rated|\n|rule|HP Percentage Mod: HP is shown in percentages\n|rule|Endless Battle Clause: Forcing endless battles is banned\n|rule|OHKO Clause: OHKO moves are banned\n|rule|Evasion Clause: Evasion abilities, items, and moves are banned\n|rule|Evasion Abilities Clause: Evasion abilities are banned\n|rule|Evasion Items Clause: Evasion items are banned\n|rule|Evasion Moves Clause: Evasion moves are banned\n|rule|Species Clause: Limit one of each Pok\u00e9mon\n|rule|Sleep Clause Mod: Limit one foe put to sleep\n|clearpoke\n|poke|p1|Charizard, M|\n|poke|p1|Heatran, M|\n|poke|p1|Great Tusk|\n|poke|p1|Kommo-o, F|\n|poke|p1|Ferrothorn, M|\n|poke|p1|Serperior, F|\n|poke|p2|Garganacl, F|\n|poke|p2|Diancie|\n|poke|p2|Glimmora, F|\n|poke|p2|Ogerpon-Cornerstone, F|\n|poke|p2|Golem-Alola, F|\n|poke|p2|Tyranitar, M|\n|teampreview\n|inactive|Battle timer is ON: inactive players will automatically lose when time's up. (requested by FlyingSudowoodo)\n|\n|t:|1700538760\n|start\n|switch|p1a: Ferrothorn|Ferrothorn, M|100\/100\n|switch|p2a: Diancie|Diancie|100\/100\n|turn|1\n|\n|t:|1700538766\n|detailschange|p2a: Diancie|Diancie-Mega\n|-mega|p2a: Diancie|Diancie|Diancite\n|move|p2a: Diancie|Mystical Fire|p1a: Ferrothorn\n|-supereffective|p1a: Ferrothorn\n|-damage|p1a: Ferrothorn|20\/100\n|-unboost|p1a: Ferrothorn|spa|1\n|move|p1a: Ferrothorn|Gyro Ball|p2a: Diancie\n|-supereffective|p2a: Diancie\n|-damage|p2a: Diancie|0 fnt\n|faint|p2a: Diancie\n|\n|-heal|p1a: Ferrothorn|26\/100|[from] item: Leftovers\n|upkeep\n|\n|t:|1700538783\n|switch|p2a: Tyranitar|Tyranitar, M|100\/100\n|-weather|Sandstorm|[from] ability: Sand Stream|[of] p2a: Tyranitar\n|turn|2\n|\n|t:|1700538793\n|move|p2a: Tyranitar|Knock Off|p1a: Ferrothorn\n|-damage|p1a: Ferrothorn|0 fnt\n|-damage|p2a: Tyranitar|88\/100|[from] ability: Iron Barbs|[of] p1a: Ferrothorn\n|-enditem|p1a: Ferrothorn|Leftovers|[from] move: Knock Off|[of] p2a: Tyranitar\n|faint|p1a: Ferrothorn\n|\n|-weather|Sandstorm|[upkeep]\n|upkeep\n|\n|t:|1700538805\n|switch|p1a: Kommo-o|Kommo-o, F, shiny|100\/100\n|turn|3\n|\n|t:|1700538816\n|switch|p2a: Glimmora|Glimmora, F|100\/100\n|-item|p2a: Glimmora|Air Balloon\n|-zpower|p1a: Kommo-o\n|move|p1a: Kommo-o|Clangorous Soulblaze|p2a: Glimmora|[zeffect]\n|-damage|p2a: Glimmora|31\/100\n|-enditem|p2a: Glimmora|Air Balloon\n|-boost|p1a: Kommo-o|atk|1\n|-boost|p1a: Kommo-o|def|1\n|-boost|p1a: Kommo-o|spa|1\n|-boost|p1a: Kommo-o|spd|1\n|-boost|p1a: Kommo-o|spe|1\n|\n|-weather|Sandstorm|[upkeep]\n|-damage|p1a: Kommo-o|95\/100|[from] Sandstorm\n|upkeep\n|turn|4\n|\n|t:|1700538836\n|move|p1a: Kommo-o|Drain Punch|p2a: Glimmora\n|-damage|p2a: Glimmora|0 fnt\n|-heal|p1a: Kommo-o|100\/100|[from] drain|[of] p2a: Glimmora\n|-activate|p2a: Glimmora|ability: Toxic Debris\n|-sidestart|p1: LinChess|move: Toxic Spikes\n|faint|p2a: Glimmora\n|\n|-weather|Sandstorm|[upkeep]\n|-damage|p1a: Kommo-o|95\/100|[from] Sandstorm\n|upkeep\n|\n|t:|1700538847\n|switch|p2a: Golem|Golem-Alola, F|100\/100\n|turn|5\n|\n|t:|1700538852\n|move|p1a: Kommo-o|Drain Punch|p2a: Golem\n|-supereffective|p2a: Golem\n|-damage|p2a: Golem|29\/100\n|-heal|p1a: Kommo-o|100\/100|[from] drain|[of] p2a: Golem\n|move|p2a: Golem|Return|p1a: Kommo-o\n|-resisted|p1a: Kommo-o\n|-damage|p1a: Kommo-o|81\/100\n|\n|-weather|Sandstorm|[upkeep]\n|-damage|p1a: Kommo-o|75\/100|[from] Sandstorm\n|upkeep\n|turn|6\n|\n|t:|1700538862\n|move|p2a: Golem|Endure|p2a: Golem\n|-singleturn|p2a: Golem|move: Endure\n|move|p1a: Kommo-o|Drain Punch|p2a: Golem\n|-supereffective|p2a: Golem\n|-activate|p2a: Golem|move: Endure\n|-damage|p2a: Golem|1\/100\n|-heal|p1a: Kommo-o|89\/100|[from] drain|[of] p2a: Golem\n|\n|-weather|none\n|upkeep\n|turn|7\n|-enditem|p2a: Golem|Custap Berry|[eat]\n|-activate|p2a: Golem|item: Custap Berry|[consumed]\n|\n|t:|1700538872\n|move|p2a: Golem|Explosion|p1a: Kommo-o\n|-resisted|p1a: Kommo-o\n|-damage|p1a: Kommo-o|44\/100\n|faint|p2a: Golem\n|move|p1a: Kommo-o|Drain Punch|p2: Golem|[notarget]\n|-fail|p1a: Kommo-o\n|\n|upkeep\n|\n|t:|1700538881\n|switch|p2a: Garganacl|Garganacl, F|100\/100\n|turn|8\n|\n|t:|1700538887\n|-terastallize|p2a: Garganacl|Ghost\n|move|p1a: Kommo-o|Drain Punch|p2a: Garganacl\n|-immune|p2a: Garganacl\n|move|p2a: Garganacl|Salt Cure|p1a: Kommo-o\n|-resisted|p1a: Kommo-o\n|-damage|p1a: Kommo-o|40\/100\n|-start|p1a: Kommo-o|Salt Cure\n|\n|-damage|p1a: Kommo-o|28\/100|[from] Salt Cure\n|upkeep\n|turn|9\n|\n|t:|1700538898\n|move|p2a: Garganacl|Protect|p2a: Garganacl\n|-singleturn|p2a: Garganacl|Protect\n|move|p1a: Kommo-o|Taunt|p2a: Garganacl\n|-activate|p2a: Garganacl|move: Protect\n|\n|-damage|p1a: Kommo-o|15\/100|[from] Salt Cure\n|upkeep\n|turn|10\n|\n|t:|1700538908\n|switch|p2a: Tyranitar|Tyranitar, M|88\/100\n|-weather|Sandstorm|[from] ability: Sand Stream|[of] p2a: Tyranitar\n|move|p1a: Kommo-o|Taunt|p2a: Tyranitar\n|-start|p2a: Tyranitar|move: Taunt\n|\n|-weather|Sandstorm|[upkeep]\n|-damage|p1a: Kommo-o|9\/100|[from] Sandstorm\n|-damage|p1a: Kommo-o|0 fnt|[from] Salt Cure\n|faint|p1a: Kommo-o\n|upkeep\n|\n|t:|1700538914\n|switch|p1a: Great Tusk|Great Tusk|100\/100\n|-status|p1a: Great Tusk|psn\n|turn|11\n|\n|t:|1700538923\n|move|p1a: Great Tusk|Knock Off|p2a: Tyranitar\n|-resisted|p2a: Tyranitar\n|-crit|p2a: Tyranitar\n|-damage|p2a: Tyranitar|72\/100\n|-enditem|p2a: Tyranitar|Assault Vest|[from] move: Knock Off|[of] p1a: Great Tusk\n|move|p2a: Tyranitar|Knock Off|p1a: Great Tusk\n|-resisted|p1a: Great Tusk\n|-damage|p1a: Great Tusk|83\/100 psn\n|-enditem|p1a: Great Tusk|Leftovers|[from] move: Knock Off|[of] p2a: Tyranitar\n|\n|-weather|Sandstorm|[upkeep]\n|-damage|p1a: Great Tusk|70\/100 psn|[from] psn\n|upkeep\n|turn|12\n|\n|t:|1700538934\n|switch|p2a: Garganacl|Garganacl, F, tera:Ghost|100\/100\n|move|p1a: Great Tusk|Rapid Spin|p2a: Garganacl\n|-immune|p2a: Garganacl\n|\n|-weather|Sandstorm|[upkeep]\n|-damage|p2a: Garganacl|94\/100|[from] Sandstorm\n|-heal|p2a: Garganacl|100\/100|[from] item: Leftovers\n|-damage|p1a: Great Tusk|58\/100 psn|[from] psn\n|upkeep\n|turn|13\n|\n|t:|1700538943\n|move|p2a: Garganacl|Protect|p2a: Garganacl\n|-singleturn|p2a: Garganacl|Protect\n|move|p1a: Great Tusk|Knock Off|p2a: Garganacl\n|-activate|p2a: Garganacl|move: Protect\n|\n|-weather|Sandstorm|[upkeep]\n|-damage|p2a: Garganacl|94\/100|[from] Sandstorm\n|-heal|p2a: Garganacl|100\/100|[from] item: Leftovers\n|-damage|p1a: Great Tusk|46\/100 psn|[from] psn\n|upkeep\n|turn|14\n|\n|t:|1700538952\n|switch|p2a: Ogerpon|Ogerpon-Cornerstone, F|100\/100\n|move|p1a: Great Tusk|Knock Off|p2a: Ogerpon\n|-damage|p2a: Ogerpon|75\/100\n|\n|-weather|none\n|-damage|p1a: Great Tusk|33\/100 psn|[from] psn\n|upkeep\n|turn|15\n|\n|t:|1700538961\n|move|p2a: Ogerpon|Horn Leech|p1a: Great Tusk\n|-supereffective|p1a: Great Tusk\n|-damage|p1a: Great Tusk|0 fnt\n|-heal|p2a: Ogerpon|97\/100|[from] drain|[of] p1a: Great Tusk\n|faint|p1a: Great Tusk\n|-end|p1a: Great Tusk|Protosynthesis|[silent]\n|\n|upkeep\n|\n|t:|1700538965\n|switch|p1a: Heatran|Heatran, M|100\/100\n|turn|16\n|\n|t:|1700538970\n|switch|p2a: Tyranitar|Tyranitar, M|72\/100\n|-weather|Sandstorm|[from] ability: Sand Stream|[of] p2a: Tyranitar\n|-terastallize|p1a: Heatran|Fire\n|move|p1a: Heatran|Eruption|p2a: Tyranitar\n|-resisted|p2a: Tyranitar\n|-damage|p2a: Tyranitar|43\/100\n|\n|-weather|Sandstorm|[upkeep]\n|-damage|p1a: Heatran|94\/100|[from] Sandstorm\n|upkeep\n|turn|17\n|\n|t:|1700538983\n|switch|p1a: Serperior|Serperior, F, shiny|100\/100\n|-status|p1a: Serperior|psn\n|move|p2a: Tyranitar|Stone Edge|p1a: Serperior\n|-crit|p1a: Serperior\n|-damage|p1a: Serperior|0 fnt\n|faint|p1a: Serperior\n|\n|-weather|Sandstorm|[upkeep]\n|upkeep\n|\n|t:|1700538990\n|switch|p1a: Charizard|Charizard, M, shiny|100\/100\n|turn|18\n|\n|t:|1700538995\n|switch|p2a: Garganacl|Garganacl, F, tera:Ghost|100\/100\n|detailschange|p1a: Charizard|Charizard-Mega-Y, M, shiny\n|-mega|p1a: Charizard|Charizard|Charizardite Y\n|-weather|SunnyDay|[from] ability: Drought|[of] p1a: Charizard\n|move|p1a: Charizard|Solar Beam||[still]\n|-prepare|p1a: Charizard|Solar Beam\n|-anim|p1a: Charizard|Solar Beam|p2a: Garganacl\n|-damage|p2a: Garganacl|70\/100\n|\n|-weather|SunnyDay|[upkeep]\n|-heal|p2a: Garganacl|76\/100|[from] item: Leftovers\n|upkeep\n|turn|19\n|\n|t:|1700539006\n|move|p1a: Charizard|Weather Ball|p2a: Garganacl\n|-damage|p2a: Garganacl|14\/100\n|move|p2a: Garganacl|Salt Cure|p1a: Charizard\n|-supereffective|p1a: Charizard\n|-damage|p1a: Charizard|22\/100\n|-start|p1a: Charizard|Salt Cure\n|\n|-weather|SunnyDay|[upkeep]\n|-heal|p2a: Garganacl|20\/100|[from] item: Leftovers\n|-damage|p1a: Charizard|10\/100|[from] Salt Cure\n|upkeep\n|turn|20\n|\n|t:|1700539017\n|switch|p1a: Heatran|Heatran, M, tera:Fire|94\/100\n|-status|p1a: Heatran|psn\n|move|p2a: Garganacl|Recover|p2a: Garganacl\n|-heal|p2a: Garganacl|70\/100\n|\n|-weather|SunnyDay|[upkeep]\n|-heal|p2a: Garganacl|76\/100|[from] item: Leftovers\n|-damage|p1a: Heatran|82\/100 psn|[from] psn\n|upkeep\n|turn|21\n|\n|t:|1700539025\n|switch|p2a: Tyranitar|Tyranitar, M|43\/100\n|-weather|Sandstorm|[from] ability: Sand Stream|[of] p2a: Tyranitar\n|move|p1a: Heatran|Eruption|p2a: Tyranitar\n|-resisted|p2a: Tyranitar\n|-damage|p2a: Tyranitar|20\/100\n|\n|-weather|Sandstorm|[upkeep]\n|-damage|p1a: Heatran|76\/100 psn|[from] Sandstorm\n|-damage|p1a: Heatran|63\/100 psn|[from] psn\n|upkeep\n|turn|22\n|\n|t:|1700539035\n|move|p1a: Heatran|Eruption|p2a: Tyranitar\n|-resisted|p2a: Tyranitar\n|-damage|p2a: Tyranitar|1\/100\n|move|p2a: Tyranitar|Pursuit|p1a: Heatran\n|-damage|p1a: Heatran|41\/100 psn\n|\n|-weather|Sandstorm|[upkeep]\n|-damage|p1a: Heatran|35\/100 psn|[from] Sandstorm\n|-damage|p1a: Heatran|23\/100 psn|[from] psn\n|upkeep\n|turn|23\n|\n|t:|1700539052\n|switch|p2a: Garganacl|Garganacl, F, tera:Ghost|76\/100\n|move|p1a: Heatran|Eruption|p2a: Garganacl\n|-damage|p2a: Garganacl|62\/100\n|\n|-weather|Sandstorm|[upkeep]\n|-damage|p1a: Heatran|17\/100 psn|[from] Sandstorm\n|-damage|p2a: Garganacl|56\/100|[from] Sandstorm\n|-heal|p2a: Garganacl|62\/100|[from] item: Leftovers\n|-damage|p1a: Heatran|4\/100 psn|[from] psn\n|upkeep\n|turn|24\n|-message|LinChess forfeited.\n|\n|win|FlyingSudowoodo\n|raw|LinChess's rating: 1376 &rarr; <strong>1357<\/strong><br \/>(-19 for losing)\n|raw|FlyingSudowoodo's rating: 1402 &rarr; <strong>1421<\/strong><br \/>(+19 for winning)\n|l|\u2606LinChess\n","uploadtime":1700539065,"views":2,"p1id":"linchess","p2id":"flyingsudowoodo","formatid":"gen9nationaldex","rating":1357,"private":0,"password":""}