{"id":"gen9nationaldex-1993909348","p1":"liloxi","p2":"bu wei chen chen","format":"[Gen 9] National Dex","log":"|j|\u2606liloxi\n|j|\u2606bu wei chen chen\n|t:|1700373748\n|gametype|singles\n|player|p1|liloxi|2|1452\n|player|p2|bu wei chen chen|dawn|1408\n|teamsize|p1|6\n|teamsize|p2|6\n|gen|9\n|tier|[Gen 9] National Dex\n|rated|\n|rule|HP Percentage Mod: HP is shown in percentages\n|rule|Endless Battle Clause: Forcing endless battles is banned\n|rule|OHKO Clause: OHKO moves are banned\n|rule|Evasion Clause: Evasion abilities, items, and moves are banned\n|rule|Evasion Abilities Clause: Evasion abilities are banned\n|rule|Evasion Items Clause: Evasion items are banned\n|rule|Evasion Moves Clause: Evasion moves are banned\n|rule|Species Clause: Limit one of each Pok\u00e9mon\n|rule|Sleep Clause Mod: Limit one foe put to sleep\n|clearpoke\n|poke|p1|Pelipper, F|\n|poke|p1|Swampert, M|\n|poke|p1|Barraskewda, M|\n|poke|p1|Ting-Lu|\n|poke|p1|Moltres|\n|poke|p1|Tapu Lele|\n|poke|p2|Nihilego|\n|poke|p2|Mimikyu, M|\n|poke|p2|Sharpedo, F|\n|poke|p2|Dragonite, M|\n|poke|p2|Ting-Lu|\n|poke|p2|Moltres|\n|teampreview\n|inactive|Battle timer is ON: inactive players will automatically lose when time's up. (requested by bu wei chen chen)\n|\n|t:|1700373762\n|start\n|switch|p1a: Ting-Lu|Ting-Lu|100\/100\n|switch|p2a: Nihilego|Nihilego, shiny|100\/100\n|-ability|p1a: Ting-Lu|Vessel of Ruin\n|turn|1\n|\n|t:|1700373778\n|move|p2a: Nihilego|Grass Knot|p1a: Ting-Lu\n|-supereffective|p1a: Ting-Lu\n|-damage|p1a: Ting-Lu|67\/100\n|move|p1a: Ting-Lu|Earthquake|p2a: Nihilego\n|-supereffective|p2a: Nihilego\n|-damage|p2a: Nihilego|0 fnt\n|faint|p2a: Nihilego\n|\n|-heal|p1a: Ting-Lu|73\/100|[from] item: Leftovers\n|upkeep\n|\n|t:|1700373791\n|switch|p2a: Sharpedo|Sharpedo, F|100\/100\n|turn|2\n|c|\u2606bu wei chen chen|wow\n|\n|t:|1700373804\n|move|p2a: Sharpedo|Liquidation|p1a: Ting-Lu\n|-supereffective|p1a: Ting-Lu\n|-damage|p1a: Ting-Lu|24\/100\n|-unboost|p1a: Ting-Lu|def|1\n|move|p1a: Ting-Lu|Stealth Rock|p2a: Sharpedo\n|-sidestart|p2: bu wei chen chen|move: Stealth Rock\n|\n|-heal|p1a: Ting-Lu|31\/100|[from] item: Leftovers\n|-ability|p2a: Sharpedo|Speed Boost|boost\n|-boost|p2a: Sharpedo|spe|1\n|upkeep\n|turn|3\n|\n|t:|1700373815\n|switch|p1a: Moltres|Moltres|100\/100\n|move|p2a: Sharpedo|Liquidation|p1a: Moltres\n|-supereffective|p1a: Moltres\n|-damage|p1a: Moltres|43\/100\n|\n|-ability|p2a: Sharpedo|Speed Boost|boost\n|-boost|p2a: Sharpedo|spe|1\n|upkeep\n|turn|4\n|\n|t:|1700373826\n|-terastallize|p1a: Moltres|Grass\n|move|p2a: Sharpedo|Liquidation|p1a: Moltres\n|-resisted|p1a: Moltres\n|-damage|p1a: Moltres|28\/100\n|move|p1a: Moltres|Roost|p1a: Moltres\n|-heal|p1a: Moltres|78\/100\n|\n|-ability|p2a: Sharpedo|Speed Boost|boost\n|-boost|p2a: Sharpedo|spe|1\n|upkeep\n|turn|5\n|\n|t:|1700373835\n|move|p2a: Sharpedo|Crunch|p1a: Moltres\n|-damage|p1a: Moltres|50\/100\n|move|p1a: Moltres|Roost|p1a: Moltres\n|-heal|p1a: Moltres|100\/100\n|\n|-ability|p2a: Sharpedo|Speed Boost|boost\n|-boost|p2a: Sharpedo|spe|1\n|upkeep\n|turn|6\n|\n|t:|1700373839\n|move|p2a: Sharpedo|Crunch|p1a: Moltres\n|-damage|p1a: Moltres|71\/100\n|-unboost|p1a: Moltres|def|1\n|move|p1a: Moltres|Hurricane|p2a: Sharpedo\n|-damage|p2a: Sharpedo|0 fnt\n|faint|p2a: Sharpedo\n|\n|upkeep\n|\n|t:|1700373869\n|switch|p2a: Ting-Lu|Ting-Lu|100\/100\n|-damage|p2a: Ting-Lu|94\/100|[from] Stealth Rock\n|-ability|p2a: Ting-Lu|Vessel of Ruin\n|turn|7\n|\n|t:|1700373875\n|move|p1a: Moltres|U-turn|p2a: Ting-Lu\n|-supereffective|p2a: Ting-Lu\n|-damage|p2a: Ting-Lu|79\/100\n|\n|t:|1700373877\n|switch|p1a: Tapu Lele|Tapu Lele|100\/100|[from] U-turn\n|-fieldstart|move: Psychic Terrain|[from] ability: Psychic Surge|[of] p1a: Tapu Lele\n|move|p2a: Ting-Lu|Stealth Rock|p1a: Tapu Lele\n|-sidestart|p1: liloxi|move: Stealth Rock\n|\n|-heal|p2a: Ting-Lu|86\/100|[from] item: Leftovers\n|upkeep\n|turn|8\n|inactive|bu wei chen chen has 120 seconds left.\n|\n|t:|1700373917\n|-terastallize|p2a: Ting-Lu|Poison\n|move|p1a: Tapu Lele|Moonblast|p2a: Ting-Lu\n|-resisted|p2a: Ting-Lu\n|-damage|p2a: Ting-Lu|76\/100\n|move|p2a: Ting-Lu|Ruination|p1a: Tapu Lele|[miss]\n|-miss|p2a: Ting-Lu|p1a: Tapu Lele\n|\n|-heal|p2a: Ting-Lu|83\/100|[from] item: Leftovers\n|upkeep\n|turn|9\n|c|\u2606liloxi|\uff1f\n|\n|t:|1700373931\n|move|p1a: Tapu Lele|Future Sight|p2a: Ting-Lu\n|-start|p1a: Tapu Lele|move: Future Sight\n|move|p2a: Ting-Lu|Ruination|p1a: Tapu Lele\n|-damage|p1a: Tapu Lele|51\/100\n|\n|-heal|p2a: Ting-Lu|89\/100|[from] item: Leftovers\n|upkeep\n|turn|10\n|c|\u2606bu wei chen chen|gg\n|c|\u2606bu wei chen chen|I fail\n|c|\u2606liloxi|goodgame\n|\n|t:|1700373954\n|move|p1a: Tapu Lele|Psychic|p2a: Ting-Lu\n|-supereffective|p2a: Ting-Lu\n|-damage|p2a: Ting-Lu|40\/100\n|move|p2a: Ting-Lu|Earthquake|p1a: Tapu Lele\n|-damage|p1a: Tapu Lele|0 fnt\n|faint|p1a: Tapu Lele\n|\n|-heal|p2a: Ting-Lu|46\/100|[from] item: Leftovers\n|upkeep\n|c|\u2606bu wei chen chen|good luck\n|\n|t:|1700373968\n|switch|p1a: Moltres|Moltres, tera:Grass|71\/100\n|turn|11\n|\n|t:|1700373974\n|move|p1a: Moltres|Roost|p1a: Moltres\n|-heal|p1a: Moltres|100\/100\n|move|p2a: Ting-Lu|Whirlwind|p1a: Moltres\n|drag|p1a: Barraskewda|Barraskewda, M|100\/100\n|-damage|p1a: Barraskewda|88\/100|[from] Stealth Rock\n|\n|-end|p2a: Ting-Lu|move: Future Sight\n|-supereffective|p2a: Ting-Lu\n|-damage|p2a: Ting-Lu|0 fnt\n|faint|p2a: Ting-Lu\n|-fieldend|move: Psychic Terrain\n|upkeep\n|inactive|bu wei chen chen has 120 seconds left.\n|\n|t:|1700373994\n|switch|p2a: Dragonite|Dragonite, M|100\/100\n|-damage|p2a: Dragonite|76\/100|[from] Stealth Rock\n|turn|12\n|\n|t:|1700374002\n|move|p1a: Barraskewda|Flip Turn|p2a: Dragonite\n|-resisted|p2a: Dragonite\n|-damage|p2a: Dragonite|48\/100\n|\n|t:|1700374004\n|switch|p1a: Swampert|Swampert, M|100\/100|[from] Flip Turn\n|-damage|p1a: Swampert|94\/100|[from] Stealth Rock\n|-zpower|p2a: Dragonite\n|move|p2a: Dragonite|Supersonic Skystrike|p1a: Swampert|[zeffect]\n|-damage|p1a: Swampert|0 fnt\n|faint|p1a: Swampert\n|\n|upkeep\n|\n|t:|1700374009\n|switch|p1a: Barraskewda|Barraskewda, M|88\/100\n|-damage|p1a: Barraskewda|76\/100|[from] Stealth Rock\n|turn|13\n|\n|t:|1700374017\n|move|p2a: Dragonite|Extreme Speed|p1a: Barraskewda\n|-damage|p1a: Barraskewda|20\/100\n|move|p1a: Barraskewda|Flip Turn|p2a: Dragonite\n|-resisted|p2a: Dragonite\n|-damage|p2a: Dragonite|20\/100\n|\n|t:|1700374023\n|switch|p1a: Pelipper|Pelipper, F|100\/100|[from] Flip Turn\n|-damage|p1a: Pelipper|76\/100|[from] Stealth Rock\n|-weather|RainDance|[from] ability: Drizzle|[of] p1a: Pelipper\n|\n|-weather|RainDance|[upkeep]\n|upkeep\n|turn|14\n|\n|t:|1700374034\n|move|p2a: Dragonite|Dragon Dance|p2a: Dragonite\n|-boost|p2a: Dragonite|atk|1\n|-boost|p2a: Dragonite|spe|1\n|move|p1a: Pelipper|Scald|p2a: Dragonite\n|-resisted|p2a: Dragonite\n|-damage|p2a: Dragonite|1\/100\n|-status|p2a: Dragonite|brn\n|\n|-weather|RainDance|[upkeep]\n|-damage|p2a: Dragonite|0 fnt|[from] brn\n|faint|p2a: Dragonite\n|upkeep\n|\n|t:|1700374039\n|switch|p2a: Mimikyu|Mimikyu, M|100\/100\n|-damage|p2a: Mimikyu|88\/100|[from] Stealth Rock\n|turn|15\n|\n|t:|1700374048\n|move|p2a: Mimikyu|Swords Dance|p2a: Mimikyu\n|-boost|p2a: Mimikyu|atk|2\n|move|p1a: Pelipper|U-turn|p2a: Mimikyu\n|-activate|p2a: Mimikyu|ability: Disguise\n|-damage|p2a: Mimikyu|88\/100\n|detailschange|p2a: Mimikyu|Mimikyu-Busted, M\n|-damage|p2a: Mimikyu|76\/100|[from] pokemon: Mimikyu-Busted\n|\n|t:|1700374052\n|switch|p1a: Ting-Lu|Ting-Lu|31\/100|[from] U-turn\n|-damage|p1a: Ting-Lu|24\/100|[from] Stealth Rock\n|-ability|p1a: Ting-Lu|Vessel of Ruin\n|\n|-weather|RainDance|[upkeep]\n|-heal|p1a: Ting-Lu|31\/100|[from] item: Leftovers\n|upkeep\n|turn|16\n|\n|t:|1700374064\n|move|p2a: Mimikyu|Play Rough|p1a: Ting-Lu\n|-supereffective|p1a: Ting-Lu\n|-damage|p1a: Ting-Lu|0 fnt\n|faint|p1a: Ting-Lu\n|-damage|p2a: Mimikyu|66\/100|[from] item: Life Orb\n|\n|-weather|RainDance|[upkeep]\n|upkeep\n|\n|t:|1700374068\n|switch|p1a: Moltres|Moltres, tera:Grass|100\/100\n|turn|17\n|\n|t:|1700374075\n|move|p2a: Mimikyu|Play Rough|p1a: Moltres\n|-damage|p1a: Moltres|36\/100\n|-status|p2a: Mimikyu|brn|[from] ability: Flame Body|[of] p1a: Moltres\n|-damage|p2a: Mimikyu|56\/100 brn|[from] item: Life Orb\n|move|p1a: Moltres|Hurricane|p2a: Mimikyu\n|-damage|p2a: Mimikyu|1\/100 brn\n|-start|p2a: Mimikyu|confusion\n|\n|-weather|RainDance|[upkeep]\n|-damage|p2a: Mimikyu|0 fnt|[from] brn\n|faint|p2a: Mimikyu\n|upkeep\n|\n|t:|1700374082\n|switch|p2a: Moltres|Moltres|100\/100\n|turn|18\n|\n|t:|1700374091\n|move|p1a: Moltres|Hurricane|p2a: Moltres\n|-damage|p2a: Moltres|52\/100\n|-start|p2a: Moltres|confusion\n|-activate|p2a: Moltres|confusion\n|move|p2a: Moltres|Mystical Fire|p1a: Moltres\n|-supereffective|p1a: Moltres\n|-damage|p1a: Moltres|2\/100\n|-unboost|p1a: Moltres|spa|1\n|\n|-weather|RainDance|[upkeep]\n|upkeep\n|turn|19\n|\n|t:|1700374097\n|move|p1a: Moltres|Hurricane|p2a: Moltres\n|-damage|p2a: Moltres|21\/100\n|-activate|p2a: Moltres|confusion\n|-damage|p2a: Moltres|16\/100|[from] confusion\n|\n|-weather|RainDance|[upkeep]\n|upkeep\n|turn|20\n|\n|t:|1700374102\n|move|p1a: Moltres|Hurricane|p2a: Moltres\n|-damage|p2a: Moltres|0 fnt\n|faint|p2a: Moltres\n|\n|win|liloxi\n|raw|liloxi's rating: 1452 &rarr; <strong>1469<\/strong><br \/>(+17 for winning)\n|raw|bu wei chen chen's rating: 1408 &rarr; <strong>1391<\/strong><br \/>(-17 for losing)\n|l|\u2606liloxi\n|c|\u2606bu wei chen chen|gg\n","uploadtime":1700374112,"views":11,"p1id":"liloxi","p2id":"buweichenchen","formatid":"gen9nationaldex","rating":1391,"private":0,"password":""}