{"id":"gen9nationaldex-1996741887","p1":"blizzard og 12","p2":"mujiangge","format":"[Gen 9] National Dex","log":"|html|<div class=\"broadcast-blue\"><strong>[Gen 9] National Dex is currently suspecting Sneasler! For information on how to participate check out the <a href=\"https:\/\/www.smogon.com\/forums\/threads\/sv-national-dex-suspect-8-just-dance.3731534\/\">suspect thread<\/a>.<\/strong><\/div>\n|j|\u2606blizzard og 12\n|j|\u2606mujiangge\n|t:|1700717525\n|gametype|singles\n|player|p1|blizzard og 12|2|1174\n|player|p2|mujiangge|clair|1190\n|teamsize|p1|6\n|teamsize|p2|6\n|gen|9\n|tier|[Gen 9] National Dex\n|rated|\n|rule|HP Percentage Mod: HP is shown in percentages\n|rule|Endless Battle Clause: Forcing endless battles is banned\n|rule|OHKO Clause: OHKO moves are banned\n|rule|Evasion Clause: Evasion abilities, items, and moves are banned\n|rule|Evasion Abilities Clause: Evasion abilities are banned\n|rule|Evasion Items Clause: Evasion items are banned\n|rule|Evasion Moves Clause: Evasion moves are banned\n|rule|Species Clause: Limit one of each Pok\u00e9mon\n|rule|Sleep Clause Mod: Limit one foe put to sleep\n|clearpoke\n|poke|p1|Grimmsnarl, M|\n|poke|p1|Feraligatr, F|\n|poke|p1|Glimmora, F|\n|poke|p1|Charizard, M|\n|poke|p1|Kartana|\n|poke|p1|Kommo-o, F|\n|poke|p2|Dracozolt|\n|poke|p2|Scizor, M|\n|poke|p2|Heatran, M|\n|poke|p2|Tyranitar, F|\n|poke|p2|Rillaboom, F|\n|poke|p2|Tornadus-Therian, M|\n|teampreview\n|inactive|Battle timer is ON: inactive players will automatically lose when time's up. (requested by blizzard og 12)\n|\n|t:|1700717541\n|start\n|switch|p1a: Glimmora|Glimmora, F|100\/100\n|switch|p2a: Tyranitar|Tyranitar, F|100\/100\n|-weather|Sandstorm|[from] ability: Sand Stream|[of] p2a: Tyranitar\n|turn|1\n|\n|t:|1700717551\n|move|p1a: Glimmora|Stealth Rock|p2a: Tyranitar\n|-sidestart|p2: mujiangge|move: Stealth Rock\n|move|p2a: Tyranitar|Earth Power|p1a: Glimmora\n|-supereffective|p1a: Glimmora\n|-enditem|p1a: Glimmora|Focus Sash\n|-damage|p1a: Glimmora|1\/100\n|\n|-weather|Sandstorm|[upkeep]\n|upkeep\n|turn|2\n|\n|t:|1700717565\n|move|p1a: Glimmora|Spikes|p2a: Tyranitar\n|-sidestart|p2: mujiangge|Spikes\n|move|p2a: Tyranitar|Stealth Rock|p1a: Glimmora\n|-sidestart|p1: blizzard og 12|move: Stealth Rock\n|\n|-weather|Sandstorm|[upkeep]\n|upkeep\n|turn|3\n|\n|t:|1700717574\n|move|p1a: Glimmora|Spikes|p2a: Tyranitar\n|-sidestart|p2: mujiangge|Spikes\n|move|p2a: Tyranitar|Thunderbolt|p1a: Glimmora\n|-damage|p1a: Glimmora|0 fnt\n|faint|p1a: Glimmora\n|\n|-weather|Sandstorm|[upkeep]\n|upkeep\n|\n|t:|1700717580\n|switch|p1a: Feraligatr|Feraligatr, F|100\/100\n|-damage|p1a: Feraligatr|88\/100|[from] Stealth Rock\n|turn|4\n|\n|t:|1700717591\n|switch|p2a: Rillaboom|Rillaboom, F|100\/100\n|-damage|p2a: Rillaboom|88\/100|[from] Stealth Rock\n|-damage|p2a: Rillaboom|72\/100|[from] Spikes\n|-fieldstart|move: Grassy Terrain|[from] ability: Grassy Surge|[of] p2a: Rillaboom\n|move|p1a: Feraligatr|Dragon Dance|p1a: Feraligatr\n|-boost|p1a: Feraligatr|atk|1\n|-boost|p1a: Feraligatr|spe|1\n|\n|-weather|Sandstorm|[upkeep]\n|-damage|p1a: Feraligatr|82\/100|[from] Sandstorm\n|-damage|p2a: Rillaboom|65\/100|[from] Sandstorm\n|-heal|p1a: Feraligatr|88\/100|[from] Grassy Terrain\n|-heal|p2a: Rillaboom|72\/100|[from] Grassy Terrain\n|-heal|p2a: Rillaboom|78\/100|[from] item: Leftovers\n|upkeep\n|turn|5\n|\n|t:|1700717611\n|switch|p1a: Kartana|Kartana|100\/100\n|-damage|p1a: Kartana|94\/100|[from] Stealth Rock\n|move|p2a: Rillaboom|Grassy Glide|p1a: Kartana\n|-resisted|p1a: Kartana\n|-damage|p1a: Kartana|87\/100\n|\n|-weather|none\n|-heal|p1a: Kartana|93\/100|[from] Grassy Terrain\n|-heal|p2a: Rillaboom|84\/100|[from] Grassy Terrain\n|-heal|p2a: Rillaboom|90\/100|[from] item: Leftovers\n|upkeep\n|turn|6\n|\n|t:|1700717630\n|switch|p2a: Tornadus|Tornadus-Therian, M|100\/100\n|-damage|p2a: Tornadus|75\/100|[from] Stealth Rock\n|move|p1a: Kartana|Swords Dance|p1a: Kartana\n|-boost|p1a: Kartana|atk|2\n|\n|-heal|p1a: Kartana|99\/100|[from] Grassy Terrain\n|upkeep\n|turn|7\n|inactive|mujiangge has 120 seconds left.\n|\n|t:|1700717652\n|move|p1a: Kartana|Giga Impact|p2a: Tornadus|[miss]\n|-miss|p1a: Kartana|p2a: Tornadus\n|move|p2a: Tornadus|Hurricane|p1a: Kartana|[miss]\n|-miss|p2a: Tornadus|p1a: Kartana\n|\n|-heal|p1a: Kartana|100\/100|[from] Grassy Terrain\n|upkeep\n|turn|8\n|inactive|mujiangge has 120 seconds left.\n|inactive|mujiangge has 90 seconds left.\n|\n|t:|1700717693\n|move|p1a: Kartana|Giga Impact|p2a: Tornadus|[miss]\n|-miss|p1a: Kartana|p2a: Tornadus\n|move|p2a: Tornadus|Tailwind|p2a: Tornadus\n|-sidestart|p2: mujiangge|move: Tailwind\n|\n|-fieldend|move: Grassy Terrain\n|upkeep\n|turn|9\n|c|\u2606blizzard og 12|bro\n|inactive|mujiangge has 90 seconds left.\n|\n|t:|1700717705\n|move|p2a: Tornadus|Hurricane|p1a: Kartana\n|-damage|p1a: Kartana|0 fnt\n|faint|p1a: Kartana\n|\n|upkeep\n|\n|t:|1700717712\n|switch|p1a: Grimmsnarl|Grimmsnarl, M|100\/100\n|-damage|p1a: Grimmsnarl|88\/100|[from] Stealth Rock\n|turn|10\n|\n|t:|1700717719\n|move|p1a: Grimmsnarl|Light Screen|p1a: Grimmsnarl\n|-sidestart|p1: blizzard og 12|move: Light Screen\n|move|p2a: Tornadus|Defog|p1a: Grimmsnarl\n|-unboost|p1a: Grimmsnarl|evasion|1\n|-sideend|p1: blizzard og 12|move: Light Screen\n|-sideend|p1: blizzard og 12|Stealth Rock|[from] move: Defog|[of] p2a: Tornadus\n|-sideend|p2: mujiangge|Spikes|[from] move: Defog|[of] p2a: Tornadus\n|-sideend|p2: mujiangge|Stealth Rock|[from] move: Defog|[of] p2a: Tornadus\n|\n|upkeep\n|turn|11\n|\n|t:|1700717730\n|move|p1a: Grimmsnarl|Taunt|p2a: Tornadus\n|-start|p2a: Tornadus|move: Taunt\n|-zpower|p2a: Tornadus\n|move|p2a: Tornadus|Supersonic Skystrike|p1a: Grimmsnarl|[zeffect]\n|-crit|p1a: Grimmsnarl\n|-damage|p1a: Grimmsnarl|14\/100\n|\n|-sideend|p2: mujiangge|move: Tailwind\n|upkeep\n|turn|12\n|\n|t:|1700717746\n|move|p1a: Grimmsnarl|Light Screen|p1a: Grimmsnarl\n|-sidestart|p1: blizzard og 12|move: Light Screen\n|move|p2a: Tornadus|U-turn|p1a: Grimmsnarl\n|-damage|p1a: Grimmsnarl|0 fnt\n|faint|p1a: Grimmsnarl\n|\n|t:|1700717754\n|switch|p2a: Tyranitar|Tyranitar, F|100\/100|[from] U-turn\n|-weather|Sandstorm|[from] ability: Sand Stream|[of] p2a: Tyranitar\n|\n|-weather|Sandstorm|[upkeep]\n|upkeep\n|\n|t:|1700717761\n|switch|p1a: Charizard|Charizard, M|100\/100\n|turn|13\n|\n|t:|1700717767\n|detailschange|p1a: Charizard|Charizard-Mega-X, M\n|-mega|p1a: Charizard|Charizard|Charizardite X\n|move|p1a: Charizard|Belly Drum|p1a: Charizard\n|-damage|p1a: Charizard|51\/100\n|-setboost|p1a: Charizard|atk|6|[from] move: Belly Drum\n|move|p2a: Tyranitar|Thunderbolt|p1a: Charizard\n|-resisted|p1a: Charizard\n|-damage|p1a: Charizard|42\/100\n|\n|-weather|Sandstorm|[upkeep]\n|-damage|p1a: Charizard|36\/100|[from] Sandstorm\n|upkeep\n|turn|14\n|inactive|blizzard og 12 has 120 seconds left.\n|\n|t:|1700717800\n|move|p1a: Charizard|Earthquake|p2a: Tyranitar\n|-supereffective|p2a: Tyranitar\n|-damage|p2a: Tyranitar|0 fnt\n|faint|p2a: Tyranitar\n|\n|-weather|Sandstorm|[upkeep]\n|-damage|p1a: Charizard|30\/100|[from] Sandstorm\n|upkeep\n|\n|t:|1700717806\n|switch|p2a: Dracozolt|Dracozolt|100\/100\n|turn|15\n|\n|t:|1700717816\n|move|p2a: Dracozolt|Earthquake|p1a: Charizard\n|-supereffective|p1a: Charizard\n|-damage|p1a: Charizard|0 fnt\n|faint|p1a: Charizard\n|\n|-weather|Sandstorm|[upkeep]\n|upkeep\n|\n|t:|1700717821\n|switch|p1a: Kommo-o|Kommo-o, F|100\/100\n|turn|16\n|\n|t:|1700717827\n|move|p2a: Dracozolt|Dragon Claw|p1a: Kommo-o\n|-supereffective|p1a: Kommo-o\n|-damage|p1a: Kommo-o|30\/100\n|move|p1a: Kommo-o|Clangorous Soul||[still]\n|-fail|p1a: Kommo-o\n|\n|-weather|none\n|upkeep\n|turn|17\n|inactive|blizzard og 12 has 120 seconds left.\n|-message|blizzard og 12 forfeited.\n|\n|win|mujiangge\n|raw|blizzard og 12's rating: 1174 &rarr; <strong>1150<\/strong><br \/>(-24 for losing)\n|raw|mujiangge's rating: 1190 &rarr; <strong>1214<\/strong><br \/>(+24 for winning)\n|l|\u2606blizzard og 12\n","uploadtime":1700717865,"views":5,"p1id":"blizzardog12","p2id":"mujiangge","formatid":"gen9nationaldex","rating":1150,"private":0,"password":""}