{"id":"gen9nationaldex-1993323499","p1":"XiaoMoGu","p2":"screamble","format":"[Gen 9] National Dex","log":"|j|\u2606XiaoMoGu\n|j|\u2606screamble\n|t:|1700298305\n|gametype|singles\n|player|p1|XiaoMoGu|preschooler|1354\n|player|p2|screamble|cynthia-gen4|1372\n|teamsize|p1|6\n|teamsize|p2|6\n|gen|9\n|tier|[Gen 9] National Dex\n|rated|\n|rule|HP Percentage Mod: HP is shown in percentages\n|rule|Endless Battle Clause: Forcing endless battles is banned\n|rule|OHKO Clause: OHKO moves are banned\n|rule|Evasion Clause: Evasion abilities, items, and moves are banned\n|rule|Evasion Abilities Clause: Evasion abilities are banned\n|rule|Evasion Items Clause: Evasion items are banned\n|rule|Evasion Moves Clause: Evasion moves are banned\n|rule|Species Clause: Limit one of each Pok\u00e9mon\n|rule|Sleep Clause Mod: Limit one foe put to sleep\n|clearpoke\n|poke|p1|Lopunny, F|\n|poke|p1|Garchomp, F|\n|poke|p1|Ogerpon-Wellspring, F|\n|poke|p1|Rillaboom, M|\n|poke|p1|Rotom-Wash|\n|poke|p1|Heatran, M|\n|poke|p2|Muk-Alola, F|\n|poke|p2|Alomomola, M|\n|poke|p2|Gliscor, M|\n|poke|p2|Zoroark-Hisui, F|\n|poke|p2|Zapdos|\n|poke|p2|Dragonite, M|\n|teampreview\n|\n|t:|1700298332\n|start\n|switch|p1a: Lopunny|Lopunny, F, shiny|100\/100\n|switch|p2a: Zapdos|Zapdos, shiny|100\/100\n|turn|1\n|\n|t:|1700298339\n|detailschange|p1a: Lopunny|Lopunny-Mega, F, shiny\n|-mega|p1a: Lopunny|Lopunny|Lopunnite\n|move|p1a: Lopunny|Fake Out|p2a: Zapdos\n|-damage|p2a: Zapdos|84\/100\n|cant|p2a: Zapdos|flinch\n|\n|upkeep\n|turn|2\n|\n|t:|1700298346\n|switch|p1a: Heatran|Heatran, M|100\/100\n|move|p2a: Zapdos|Hurricane|p1a: Heatran\n|-resisted|p1a: Heatran\n|-damage|p1a: Heatran|86\/100\n|-start|p1a: Heatran|confusion\n|\n|-heal|p1a: Heatran|92\/100|[from] item: Leftovers\n|upkeep\n|turn|3\n|inactive|Battle timer is ON: inactive players will automatically lose when time's up. (requested by screamble)\n|\n|t:|1700298355\n|move|p2a: Zapdos|Volt Switch|p1a: Heatran\n|-damage|p1a: Heatran|75\/100\n|\n|t:|1700298362\n|switch|p2a: Muk|Muk-Alola, F|100\/100|[from] Volt Switch\n|-activate|p1a: Heatran|confusion\n|-damage|p1a: Heatran|70\/100|[from] confusion\n|\n|-heal|p1a: Heatran|76\/100|[from] item: Leftovers\n|upkeep\n|turn|4\n|\n|t:|1700298381\n|switch|p1a: Rillaboom|Rillaboom, M|100\/100\n|-fieldstart|move: Grassy Terrain|[from] ability: Grassy Surge|[of] p1a: Rillaboom\n|move|p2a: Muk|Knock Off|p1a: Rillaboom\n|-damage|p1a: Rillaboom|49\/100\n|-status|p1a: Rillaboom|psn|[from] ability: Poison Touch|[of] p2a: Muk\n|-enditem|p1a: Rillaboom|Choice Band|[from] move: Knock Off|[of] p2a: Muk\n|\n|-heal|p1a: Rillaboom|55\/100 psn|[from] Grassy Terrain\n|-damage|p1a: Rillaboom|42\/100 psn|[from] psn\n|upkeep\n|turn|5\n|\n|t:|1700298396\n|move|p1a: Rillaboom|U-turn|p2a: Muk\n|-damage|p2a: Muk|70\/100\n|\n|t:|1700298405\n|switch|p1a: Rotom|Rotom-Wash, shiny|100\/100|[from] U-turn\n|move|p2a: Muk|Poison Jab|p1a: Rotom\n|-damage|p1a: Rotom|71\/100\n|\n|-heal|p1a: Rotom|77\/100|[from] item: Leftovers\n|-heal|p2a: Muk|76\/100|[from] Grassy Terrain\n|upkeep\n|turn|6\n|\n|t:|1700298420\n|move|p1a: Rotom|Volt Switch|p2a: Muk\n|-damage|p2a: Muk|62\/100\n|\n|t:|1700298424\n|switch|p1a: Garchomp|Garchomp, F|100\/100|[from] Volt Switch\n|move|p2a: Muk|Knock Off|p1a: Garchomp\n|-damage|p1a: Garchomp|69\/100\n|-damage|p2a: Muk|49\/100|[from] ability: Rough Skin|[of] p1a: Garchomp\n|\n|-heal|p1a: Garchomp|75\/100|[from] Grassy Terrain\n|-heal|p2a: Muk|56\/100|[from] Grassy Terrain\n|upkeep\n|turn|7\n|\n|t:|1700298448\n|switch|p2a: Gliscor|Gliscor, M, shiny|100\/100\n|move|p1a: Garchomp|Draco Meteor|p2a: Gliscor\n|-damage|p2a: Gliscor|36\/100\n|-unboost|p1a: Garchomp|spa|2\n|\n|-heal|p1a: Garchomp|81\/100|[from] Grassy Terrain\n|-status|p2a: Gliscor|tox|[from] item: Toxic Orb\n|upkeep\n|turn|8\n|\n|t:|1700298460\n|switch|p1a: Ogerpon|Ogerpon-Wellspring, F|100\/100\n|move|p2a: Gliscor|Roost|p2a: Gliscor\n|-heal|p2a: Gliscor|86\/100 tox\n|-singleturn|p2a: Gliscor|move: Roost\n|\n|-heal|p2a: Gliscor|92\/100 tox|[from] Grassy Terrain\n|-heal|p2a: Gliscor|100\/100 tox|[from] ability: Poison Heal\n|-fieldend|move: Grassy Terrain\n|upkeep\n|turn|9\n|\n|t:|1700298472\n|-terastallize|p2a: Gliscor|Water\n|move|p1a: Ogerpon|Swords Dance|p1a: Ogerpon\n|-boost|p1a: Ogerpon|atk|2\n|move|p2a: Gliscor|Toxic|p1a: Ogerpon\n|-status|p1a: Ogerpon|tox\n|\n|-damage|p1a: Ogerpon|95\/100 tox|[from] psn\n|upkeep\n|turn|10\n|\n|t:|1700298484\n|switch|p2a: Zapdos|Zapdos, shiny|84\/100\n|move|p1a: Ogerpon|Trailblaze|p2a: Zapdos\n|-resisted|p2a: Zapdos\n|-damage|p2a: Zapdos|63\/100\n|-boost|p1a: Ogerpon|spe|1\n|\n|-damage|p1a: Ogerpon|83\/100 tox|[from] psn\n|upkeep\n|turn|11\n|\n|t:|1700298493\n|move|p1a: Ogerpon|Ivy Cudgel|p2a: Zapdos|[anim] Ivy Cudgel Water\n|-damage|p2a: Zapdos|0 fnt\n|faint|p2a: Zapdos\n|\n|-damage|p1a: Ogerpon|65\/100 tox|[from] psn\n|upkeep\n|\n|t:|1700298498\n|switch|p2a: Dragonite|Dragonite, M|100\/100\n|turn|12\n|\n|t:|1700298505\n|-terastallize|p1a: Ogerpon|Water\n|detailschange|p1a: Ogerpon|Ogerpon-Wellspring-Tera, F, tera:Water\n|-ability|p1a: Ogerpon|Embody Aspect (Wellspring)|boost\n|-boost|p1a: Ogerpon|spd|1\n|move|p2a: Dragonite|Extreme Speed|p1a: Ogerpon\n|-damage|p1a: Ogerpon|26\/100 tox\n|move|p1a: Ogerpon|Ivy Cudgel|p2a: Dragonite|[anim] Ivy Cudgel Water\n|-resisted|p2a: Dragonite\n|-damage|p2a: Dragonite|58\/100\n|\n|-damage|p1a: Ogerpon|2\/100 tox|[from] psn\n|upkeep\n|turn|13\n|\n|t:|1700298520\n|switch|p1a: Heatran|Heatran, M|76\/100\n|move|p2a: Dragonite|Extreme Speed|p1a: Heatran\n|-resisted|p1a: Heatran\n|-crit|p1a: Heatran\n|-damage|p1a: Heatran|57\/100\n|\n|-heal|p1a: Heatran|63\/100|[from] item: Leftovers\n|upkeep\n|turn|14\n|\n|t:|1700298529\n|switch|p1a: Rillaboom|Rillaboom, M|42\/100 psn\n|-fieldstart|move: Grassy Terrain|[from] ability: Grassy Surge|[of] p1a: Rillaboom\n|move|p2a: Dragonite|Roost|p2a: Dragonite\n|-heal|p2a: Dragonite|100\/100\n|-singleturn|p2a: Dragonite|move: Roost\n|\n|-heal|p1a: Rillaboom|49\/100 psn|[from] Grassy Terrain\n|-damage|p1a: Rillaboom|36\/100 psn|[from] psn\n|upkeep\n|turn|15\n|\n|t:|1700298543\n|move|p1a: Rillaboom|U-turn|p2a: Dragonite\n|-resisted|p2a: Dragonite\n|-damage|p2a: Dragonite|94\/100\n|\n|t:|1700298546\n|switch|p1a: Rotom|Rotom-Wash, shiny|77\/100|[from] U-turn\n|move|p2a: Dragonite|Dragon Dance|p2a: Dragonite\n|-boost|p2a: Dragonite|atk|1\n|-boost|p2a: Dragonite|spe|1\n|\n|-heal|p1a: Rotom|83\/100|[from] item: Leftovers\n|upkeep\n|turn|16\n|\n|t:|1700298564\n|move|p2a: Dragonite|Dragon Dance|p2a: Dragonite\n|-boost|p2a: Dragonite|atk|1\n|-boost|p2a: Dragonite|spe|1\n|move|p1a: Rotom|Pain Split|p2a: Dragonite\n|-sethp|p2a: Dragonite|86\/100|[from] move: Pain Split|[silent]\n|-sethp|p1a: Rotom|92\/100|[from] move: Pain Split\n|\n|-heal|p1a: Rotom|98\/100|[from] item: Leftovers\n|upkeep\n|turn|17\n|\n|t:|1700298572\n|move|p2a: Dragonite|Dragon Dance|p2a: Dragonite\n|-boost|p2a: Dragonite|atk|1\n|-boost|p2a: Dragonite|spe|1\n|move|p1a: Rotom|Volt Switch|p2a: Dragonite\n|-damage|p2a: Dragonite|57\/100\n|\n|t:|1700298578\n|switch|p1a: Lopunny|Lopunny-Mega, F, shiny|100\/100|[from] Volt Switch\n|\n|upkeep\n|turn|18\n|\n|t:|1700298583\n|move|p1a: Lopunny|Fake Out|p2a: Dragonite\n|-damage|p2a: Dragonite|33\/100\n|cant|p2a: Dragonite|flinch\n|\n|-fieldend|move: Grassy Terrain\n|upkeep\n|turn|19\n|\n|t:|1700298596\n|switch|p1a: Ogerpon|Ogerpon-Wellspring-Tera, F, tera:Water|2\/100 tox\n|-ability|p1a: Ogerpon|Embody Aspect (Wellspring)|boost\n|-boost|p1a: Ogerpon|spd|1\n|move|p2a: Dragonite|Roost|p2a: Dragonite\n|-heal|p2a: Dragonite|83\/100\n|-singleturn|p2a: Dragonite|move: Roost\n|\n|-damage|p1a: Ogerpon|0 fnt|[from] psn\n|faint|p1a: Ogerpon\n|upkeep\n|\n|t:|1700298607\n|switch|p1a: Lopunny|Lopunny-Mega, F, shiny|100\/100\n|turn|20\n|\n|t:|1700298611\n|move|p1a: Lopunny|Fake Out|p2a: Dragonite\n|-damage|p2a: Dragonite|59\/100\n|cant|p2a: Dragonite|flinch\n|\n|upkeep\n|turn|21\n|\n|t:|1700298616\n|move|p2a: Dragonite|Extreme Speed|p1a: Lopunny\n|-damage|p1a: Lopunny|0 fnt\n|faint|p1a: Lopunny\n|\n|upkeep\n|\n|t:|1700298621\n|switch|p1a: Heatran|Heatran, M|63\/100\n|turn|22\n|\n|t:|1700298626\n|move|p2a: Dragonite|Roost|p2a: Dragonite\n|-heal|p2a: Dragonite|100\/100\n|-singleturn|p2a: Dragonite|move: Roost\n|move|p1a: Heatran|Magma Storm|p2a: Dragonite\n|-resisted|p2a: Dragonite\n|-damage|p2a: Dragonite|89\/100\n|-activate|p2a: Dragonite|move: Magma Storm|[of] p1a: Heatran\n|\n|-heal|p1a: Heatran|69\/100|[from] item: Leftovers\n|-damage|p2a: Dragonite|77\/100|[from] move: Magma Storm|[partiallytrapped]\n|upkeep\n|turn|23\n|\n|t:|1700298637\n|move|p2a: Dragonite|Earthquake|p1a: Heatran\n|-supereffective|p1a: Heatran\n|-damage|p1a: Heatran|0 fnt\n|faint|p1a: Heatran\n|\n|-end|p2a: Dragonite|Magma Storm|[partiallytrapped]|[silent]\n|upkeep\n|\n|t:|1700298642\n|switch|p1a: Garchomp|Garchomp, F|81\/100\n|turn|24\n|\n|t:|1700298645\n|move|p2a: Dragonite|Extreme Speed|p1a: Garchomp\n|-damage|p1a: Garchomp|15\/100\n|-damage|p2a: Dragonite|64\/100|[from] ability: Rough Skin|[of] p1a: Garchomp\n|move|p1a: Garchomp|Draco Meteor|p2a: Dragonite\n|-supereffective|p2a: Dragonite\n|-damage|p2a: Dragonite|0 fnt\n|-unboost|p1a: Garchomp|spa|2\n|faint|p2a: Dragonite\n|\n|upkeep\n|\n|t:|1700298653\n|switch|p2a: Gliscor|Gliscor, M, shiny|100\/100\n|-start|p2a: Gliscor|typechange|Water|[silent]\n|turn|25\n|\n|t:|1700298661\n|switch|p1a: Rillaboom|Rillaboom, M|36\/100 psn\n|-fieldstart|move: Grassy Terrain|[from] ability: Grassy Surge|[of] p1a: Rillaboom\n|move|p2a: Gliscor|Hex|p1a: Rillaboom\n|-damage|p1a: Rillaboom|0 fnt\n|faint|p1a: Rillaboom\n|\n|upkeep\n|\n|t:|1700298670\n|switch|p1a: Garchomp|Garchomp, F|15\/100\n|turn|26\n|\n|t:|1700298674\n|move|p2a: Gliscor|Hex|p1a: Garchomp\n|-crit|p1a: Garchomp\n|-damage|p1a: Garchomp|0 fnt\n|faint|p1a: Garchomp\n|\n|upkeep\n|\n|t:|1700298682\n|switch|p1a: Rotom|Rotom-Wash, shiny|98\/100\n|turn|27\n|\n|t:|1700298691\n|move|p2a: Gliscor|Hex|p1a: Rotom\n|-damage|p1a: Rotom|65\/100\n|move|p1a: Rotom|Volt Switch|p2a: Gliscor\n|-damage|p2a: Gliscor|50\/100\n|replace|p2a: Zoroark|Zoroark-Hisui, F\n|-end|p2a: Zoroark|Illusion\n|\n|-heal|p2a: Zoroark|56\/100|[from] Grassy Terrain\n|-heal|p1a: Rotom|72\/100|[from] item: Leftovers\n|upkeep\n|turn|28\n|\n|t:|1700298701\n|move|p2a: Zoroark|Hex|p1a: Rotom\n|-damage|p1a: Rotom|35\/100\n|move|p1a: Rotom|Volt Switch|p2a: Zoroark\n|-damage|p2a: Zoroark|7\/100\n|\n|-heal|p2a: Zoroark|13\/100|[from] Grassy Terrain\n|-heal|p1a: Rotom|41\/100|[from] item: Leftovers\n|upkeep\n|turn|29\n|-message|XiaoMoGu forfeited.\n|\n|win|screamble\n|raw|XiaoMoGu's rating: 1354 &rarr; <strong>1335<\/strong><br \/>(-19 for losing)\n|raw|screamble's rating: 1372 &rarr; <strong>1391<\/strong><br \/>(+19 for winning)\n|l|\u2606XiaoMoGu\n","uploadtime":1700298718,"views":8,"p1id":"xiaomogu","p2id":"screamble","formatid":"gen9nationaldex","rating":1335,"private":0,"password":""}