{"id":"gen9nationaldex-1988403073","p1":"Jeff knee","p2":"misternp","format":"[Gen 9] National Dex","log":"|j|\u2606Jeff knee\n|j|\u2606misternp\n|t:|1699719054\n|gametype|singles\n|player|p1|Jeff knee|2|1171\n|player|p2|misternp|koga|1150\n|teamsize|p1|6\n|teamsize|p2|6\n|gen|9\n|tier|[Gen 9] National Dex\n|rated|\n|rule|HP Percentage Mod: HP is shown in percentages\n|rule|Endless Battle Clause: Forcing endless battles is banned\n|rule|OHKO Clause: OHKO moves are banned\n|rule|Evasion Clause: Evasion abilities, items, and moves are banned\n|rule|Evasion Abilities Clause: Evasion abilities are banned\n|rule|Evasion Items Clause: Evasion items are banned\n|rule|Evasion Moves Clause: Evasion moves are banned\n|rule|Species Clause: Limit one of each Pok\u00e9mon\n|rule|Sleep Clause Mod: Limit one foe put to sleep\n|clearpoke\n|poke|p1|Mew|\n|poke|p1|Banette, F|\n|poke|p1|Rabsca, M|\n|poke|p1|Slowking-Galar, M|\n|poke|p1|Pikachu, F|\n|poke|p1|Volcarona, F|\n|poke|p2|Goodra, F|\n|poke|p2|Corviknight, M|\n|poke|p2|Feraligatr, M|\n|poke|p2|Alakazam, M|\n|poke|p2|Muk-Alola, M|\n|poke|p2|Lopunny, F|\n|teampreview\n|inactive|Battle timer is ON: inactive players will automatically lose when time's up. (requested by Jeff knee)\n|\n|t:|1699719068\n|start\n|switch|p1a: Banette|Banette, F|100\/100\n|switch|p2a: Yeast|Muk-Alola, M, shiny|100\/100\n|-item|p2a: Yeast|Black Sludge|[from] ability: Frisk|[of] p1a: Banette|[identify]\n|turn|1\n|\n|t:|1699719080\n|switch|p1a: Slowking|Slowking-Galar, M|100\/100\n|move|p2a: Yeast|Knock Off|p1a: Slowking\n|-supereffective|p1a: Slowking\n|-damage|p1a: Slowking|44\/100\n|-enditem|p1a: Slowking|Black Sludge|[from] move: Knock Off|[of] p2a: Yeast\n|\n|upkeep\n|turn|2\n|\n|t:|1699719091\n|move|p2a: Yeast|Knock Off|p1a: Slowking\n|-supereffective|p1a: Slowking\n|-damage|p1a: Slowking|9\/100\n|move|p1a: Slowking|Trick|p2a: Yeast\n|-activate|p1a: Slowking|move: Trick|[of] p2a: Yeast\n|-enditem|p2a: Yeast|Black Sludge|[silent]|[from] move: Trick\n|-item|p1a: Slowking|Black Sludge|[from] move: Trick\n|\n|-heal|p1a: Slowking|15\/100|[from] item: Black Sludge\n|upkeep\n|turn|3\n|\n|t:|1699719100\n|switch|p1a: Banette|Banette, F|100\/100\n|move|p2a: Yeast|Knock Off|p1a: Banette\n|-supereffective|p1a: Banette\n|-damage|p1a: Banette|48\/100\n|-status|p1a: Banette|psn|[from] ability: Poison Touch|[of] p2a: Yeast\n|\n|-damage|p1a: Banette|36\/100 psn|[from] psn\n|upkeep\n|turn|4\n|\n|t:|1699719111\n|detailschange|p1a: Banette|Banette-Mega, F\n|-mega|p1a: Banette|Banette|Banettite\n|move|p2a: Yeast|Protect|p2a: Yeast\n|-singleturn|p2a: Yeast|Protect\n|move|p1a: Banette|Destiny Bond|p1a: Banette\n|-singlemove|p1a: Banette|Destiny Bond\n|\n|-damage|p1a: Banette|23\/100 psn|[from] psn\n|upkeep\n|turn|5\n|\n|t:|1699719121\n|switch|p2a: Lola|Lopunny, F|100\/100\n|move|p1a: Banette|Infestation|p2a: Lola\n|-damage|p2a: Lola|95\/100\n|-activate|p2a: Lola|move: Infestation|[of] p1a: Banette\n|\n|-damage|p1a: Banette|11\/100 psn|[from] psn\n|-damage|p2a: Lola|82\/100|[from] move: Infestation|[partiallytrapped]\n|upkeep\n|turn|6\n|\n|t:|1699719135\n|switch|p1a: Slowking|Slowking-Galar, M|48\/100\n|move|p2a: Lola|Encore||[still]\n|-fail|p2a: Lola\n|\n|-heal|p1a: Slowking|54\/100|[from] item: Black Sludge\n|-end|p2a: Lola|Infestation|[partiallytrapped]|[silent]\n|upkeep\n|turn|7\n|\n|t:|1699719146\n|switch|p2a: Ooze|Goodra, F|100\/100\n|move|p1a: Slowking|Toxic|p2a: Ooze\n|-status|p2a: Ooze|tox\n|\n|-heal|p1a: Slowking|60\/100|[from] item: Black Sludge\n|-damage|p2a: Ooze|94\/100 tox|[from] psn\n|upkeep\n|turn|8\n|\n|t:|1699719156\n|move|p2a: Ooze|Knock Off|p1a: Slowking\n|-supereffective|p1a: Slowking\n|-damage|p1a: Slowking|28\/100\n|-enditem|p1a: Slowking|Black Sludge|[from] move: Knock Off|[of] p2a: Ooze\n|move|p1a: Slowking|Chilly Reception|p1a: Slowking\n|-weather|Snow\n|\n|t:|1699719163\n|switch|p1a: Special mew|Mew|100\/100|[from] Chilly Reception\n|\n|-weather|Snow|[upkeep]\n|-damage|p2a: Ooze|82\/100 tox|[from] psn\n|upkeep\n|turn|9\n|\n|t:|1699719174\n|move|p1a: Special mew|Block|p2a: Ooze\n|-activate|p2a: Ooze|trapped\n|move|p2a: Ooze|Knock Off|p1a: Special mew\n|-supereffective|p1a: Special mew\n|-damage|p1a: Special mew|75\/100\n|-enditem|p1a: Special mew|Leftovers|[from] move: Knock Off|[of] p2a: Ooze\n|\n|-weather|Snow|[upkeep]\n|-damage|p2a: Ooze|64\/100 tox|[from] psn\n|upkeep\n|turn|10\n|\n|t:|1699719185\n|move|p1a: Special mew|Imprison|p1a: Special mew\n|-start|p1a: Special mew|move: Imprison\n|move|p2a: Ooze|Draco Meteor|p1a: Special mew\n|-damage|p1a: Special mew|29\/100\n|-unboost|p2a: Ooze|spa|2\n|\n|-weather|Snow|[upkeep]\n|-damage|p2a: Ooze|40\/100 tox|[from] psn\n|upkeep\n|turn|11\n|\n|t:|1699719197\n|move|p1a: Special mew|Synthesis|p1a: Special mew\n|-heal|p1a: Special mew|54\/100\n|move|p2a: Ooze|Thunder|p1a: Special mew|[miss]\n|-miss|p2a: Ooze|p1a: Special mew\n|\n|-weather|Snow|[upkeep]\n|-damage|p2a: Ooze|10\/100 tox|[from] psn\n|upkeep\n|turn|12\n|\n|t:|1699719206\n|move|p1a: Special mew|Synthesis|p1a: Special mew\n|-heal|p1a: Special mew|79\/100\n|move|p2a: Ooze|Flamethrower|p1a: Special mew\n|-damage|p1a: Special mew|69\/100\n|\n|-weather|none\n|-damage|p2a: Ooze|0 fnt|[from] psn\n|faint|p2a: Ooze\n|upkeep\n|\n|t:|1699719212\n|switch|p2a: Sobi|Feraligatr, M|100\/100\n|turn|13\n|\n|t:|1699719219\n|move|p2a: Sobi|Dragon Dance|p2a: Sobi\n|-boost|p2a: Sobi|atk|1\n|-boost|p2a: Sobi|spe|1\n|move|p1a: Special mew|Transform|p2a: Sobi\n|-transform|p1a: Special mew|p2a: Sobi\n|\n|upkeep\n|turn|14\n|\n|t:|1699719230\n|-activate|p2a: Sobi|move: Struggle\n|move|p2a: Sobi|Struggle|p1a: Special mew\n|-damage|p1a: Special mew|42\/100\n|-damage|p2a: Sobi|75\/100|[from] recoil\n|-damage|p2a: Sobi|65\/100|[from] item: Life Orb\n|move|p1a: Special mew|Dragon Dance|p1a: Special mew\n|-boost|p1a: Special mew|atk|1\n|-boost|p1a: Special mew|spe|1\n|\n|upkeep\n|turn|15\n|\n|t:|1699719248\n|move|p1a: Special mew|Crunch|p2a: Sobi\n|-damage|p2a: Sobi|0 fnt\n|faint|p2a: Sobi\n|\n|upkeep\n|\n|t:|1699719257\n|switch|p2a: Spoons|Alakazam, M|100\/100\n|turn|16\n|\n|t:|1699719264\n|move|p1a: Special mew|Crunch|p2a: Spoons\n|-supereffective|p2a: Spoons\n|-enditem|p2a: Spoons|Focus Sash\n|-damage|p2a: Spoons|1\/100\n|move|p2a: Spoons|Psychic|p1a: Special mew\n|-damage|p1a: Special mew|0 fnt\n|faint|p1a: Special mew\n|\n|upkeep\n|\n|t:|1699719282\n|switch|p1a: Banette|Banette-Mega, F|11\/100 psn\n|turn|17\n|\n|t:|1699719285\n|switch|p2a: Lola|Lopunny, F|82\/100\n|move|p1a: Banette|Curse|p2a: Lola\n|-start|p2a: Lola|Curse|[of] p1a: Banette\n|-damage|p1a: Banette|0 fnt\n|faint|p1a: Banette\n|\n|-damage|p2a: Lola|57\/100|[from] Curse\n|upkeep\n|\n|t:|1699719308\n|switch|p1a: Pikachu|Pikachu, F|100\/100\n|turn|18\n|\n|t:|1699719316\n|switch|p2a: Yeast|Muk-Alola, M, shiny|100\/100\n|-terastallize|p1a: Pikachu|Normal\n|move|p1a: Pikachu|Fake Out|p2a: Yeast\n|-damage|p2a: Yeast|73\/100\n|\n|upkeep\n|turn|19\n|\n|t:|1699719326\n|switch|p1a: Slowking|Slowking-Galar, M|61\/100\n|move|p2a: Yeast|Knock Off|p1a: Slowking\n|-supereffective|p1a: Slowking\n|-damage|p1a: Slowking|26\/100\n|\n|upkeep\n|turn|20\n|\n|t:|1699719339\n|switch|p1a: Rabsca|Rabsca, M|100\/100\n|move|p2a: Yeast|Knock Off|p1a: Rabsca\n|-supereffective|p1a: Rabsca\n|-damage|p1a: Rabsca|46\/100\n|-status|p1a: Rabsca|psn|[from] ability: Poison Touch|[of] p2a: Yeast\n|-activate|p1a: Rabsca|ability: Synchronize\n|-immune|p2a: Yeast\n|-enditem|p1a: Rabsca|Leppa Berry|[from] move: Knock Off|[of] p2a: Yeast\n|\n|-damage|p1a: Rabsca|33\/100 psn|[from] psn\n|upkeep\n|turn|21\n|\n|t:|1699719352\n|move|p2a: Yeast|Fire Punch|p1a: Rabsca\n|-supereffective|p1a: Rabsca\n|-damage|p1a: Rabsca|2\/100 psn\n|move|p1a: Rabsca|Revival Blessing|p1a: Rabsca\n|\n|t:|1699719356\n|-heal|p1: Special mew|50\/100|[from] move: Revival Blessing\n|\n|-damage|p1a: Rabsca|0 fnt|[from] psn\n|faint|p1a: Rabsca\n|upkeep\n|\n|t:|1699719363\n|switch|p1a: Volcarona|Volcarona, F|100\/100\n|turn|22\n|\n|t:|1699719369\n|move|p1a: Volcarona|Quiver Dance|p1a: Volcarona\n|-boost|p1a: Volcarona|spa|1\n|-boost|p1a: Volcarona|spd|1\n|-boost|p1a: Volcarona|spe|1\n|move|p2a: Yeast|Poison Jab|p1a: Volcarona\n|-damage|p1a: Volcarona|55\/100\n|-status|p1a: Volcarona|psn|[from] ability: Poison Touch|[of] p2a: Yeast\n|\n|-damage|p1a: Volcarona|42\/100 psn|[from] psn\n|upkeep\n|turn|23\n|\n|t:|1699719380\n|move|p2a: Yeast|Protect|p2a: Yeast\n|-singleturn|p2a: Yeast|Protect\n|move|p1a: Volcarona|Bug Buzz|p2a: Yeast\n|-activate|p2a: Yeast|move: Protect\n|\n|-damage|p1a: Volcarona|30\/100 psn|[from] psn\n|upkeep\n|turn|24\n|\n|t:|1699719397\n|switch|p2a: Jericho|Corviknight, M|100\/100\n|-ability|p2a: Jericho|Pressure\n|move|p1a: Volcarona|Bug Buzz|p2a: Jericho\n|-resisted|p2a: Jericho\n|-damage|p2a: Jericho|82\/100\n|\n|-damage|p1a: Volcarona|17\/100 psn|[from] psn\n|upkeep\n|turn|25\n|-message|Jeff knee forfeited.\n|\n|win|misternp\n|raw|Jeff knee's rating: 1171 &rarr; <strong>1144<\/strong><br \/>(-27 for losing)\n|raw|misternp's rating: 1150 &rarr; <strong>1177<\/strong><br \/>(+27 for winning)\n|l|\u2606Jeff knee\n","uploadtime":1699719432,"views":11,"p1id":"jeffknee","p2id":"misternp","formatid":"gen9nationaldex","rating":1144,"private":0,"password":""}