{"id":"gen9nationaldex-1997933677","p1":"Andrew cross","p2":"1oao","format":"[Gen 9] National Dex","log":"|html|<div class=\"broadcast-blue\"><strong>[Gen 9] National Dex is currently suspecting Sneasler! For information on how to participate check out the <a href=\"https:\/\/www.smogon.com\/forums\/threads\/sv-national-dex-suspect-8-just-dance.3731534\/\">suspect thread<\/a>.<\/strong><\/div>\n|j|\u2606Andrew cross\n|j|\u26061oao\n|t:|1700869156\n|gametype|singles\n|player|p1|Andrew cross|cynthia-gen4|1158\n|player|p2|1oao|red|1084\n|teamsize|p1|6\n|teamsize|p2|6\n|gen|9\n|tier|[Gen 9] National Dex\n|rated|\n|rule|HP Percentage Mod: HP is shown in percentages\n|rule|Endless Battle Clause: Forcing endless battles is banned\n|rule|OHKO Clause: OHKO moves are banned\n|rule|Evasion Clause: Evasion abilities, items, and moves are banned\n|rule|Evasion Abilities Clause: Evasion abilities are banned\n|rule|Evasion Items Clause: Evasion items are banned\n|rule|Evasion Moves Clause: Evasion moves are banned\n|rule|Species Clause: Limit one of each Pok\u00e9mon\n|rule|Sleep Clause Mod: Limit one foe put to sleep\n|clearpoke\n|poke|p1|Garchomp, M|\n|poke|p1|Roserade, M|\n|poke|p1|Spiritomb, F|\n|poke|p1|Togekiss, M|\n|poke|p1|Milotic, M|\n|poke|p1|Gastrodon-East, M|\n|poke|p2|Pikachu-Kalos, M|\n|poke|p2|Venusaur, M|\n|poke|p2|Charizard, M|\n|poke|p2|Blastoise, M|\n|poke|p2|Lapras, F|\n|poke|p2|Snorlax, M|\n|teampreview\n|\n|t:|1700869175\n|start\n|switch|p1a: Gastrodon|Gastrodon-East, M|100\/100\n|switch|p2a: Charizard|Charizard, M|100\/100\n|turn|1\n|\n|t:|1700869182\n|switch|p2a: Venusaur|Venusaur, M|100\/100\n|move|p1a: Gastrodon|Scald|p2a: Venusaur\n|-resisted|p2a: Venusaur\n|-crit|p2a: Venusaur\n|-damage|p2a: Venusaur|74\/100\n|\n|upkeep\n|turn|2\n|\n|t:|1700869193\n|-terastallize|p1a: Gastrodon|Poison\n|move|p2a: Venusaur|Solar Beam||[still]\n|-prepare|p2a: Venusaur|Solar Beam\n|-enditem|p2a: Venusaur|Power Herb\n|-anim|p2a: Venusaur|Solar Beam|p1a: Gastrodon\n|-resisted|p1a: Gastrodon\n|-damage|p1a: Gastrodon|74\/100\n|move|p1a: Gastrodon|Ice Beam|p2a: Venusaur\n|-supereffective|p2a: Venusaur\n|-damage|p2a: Venusaur|16\/100\n|\n|-heal|p1a: Gastrodon|81\/100|[from] item: Leftovers\n|upkeep\n|turn|3\n|\n|t:|1700869208\n|move|p2a: Venusaur|Earthquake|p1a: Gastrodon\n|-supereffective|p1a: Gastrodon\n|-damage|p1a: Gastrodon|34\/100\n|move|p1a: Gastrodon|Earth Power|p2a: Venusaur\n|-damage|p2a: Venusaur|0 fnt\n|faint|p2a: Venusaur\n|\n|-heal|p1a: Gastrodon|40\/100|[from] item: Leftovers\n|upkeep\n|\n|t:|1700869216\n|switch|p2a: Blastoise|Blastoise, M|100\/100\n|turn|4\n|\n|t:|1700869220\n|move|p2a: Blastoise|Hidden Power|p1a: Gastrodon\n|-supereffective|p1a: Gastrodon\n|-damage|p1a: Gastrodon|5\/100\n|move|p1a: Gastrodon|Earth Power|p2a: Blastoise\n|-damage|p2a: Blastoise|63\/100\n|\n|-heal|p2a: Blastoise|69\/100|[from] item: Leftovers\n|-heal|p1a: Gastrodon|11\/100|[from] item: Leftovers\n|upkeep\n|turn|5\n|\n|t:|1700869228\n|move|p2a: Blastoise|Hidden Power|p1a: Gastrodon\n|-supereffective|p1a: Gastrodon\n|-damage|p1a: Gastrodon|0 fnt\n|faint|p1a: Gastrodon\n|\n|-heal|p2a: Blastoise|75\/100|[from] item: Leftovers\n|upkeep\n|\n|t:|1700869233\n|switch|p1a: Togekiss|Togekiss, M|100\/100\n|turn|6\n|\n|t:|1700869238\n|move|p1a: Togekiss|Air Slash|p2a: Blastoise|[miss]\n|-miss|p1a: Togekiss|p2a: Blastoise\n|move|p2a: Blastoise|Scald|p1a: Togekiss\n|-damage|p1a: Togekiss|68\/100\n|\n|-heal|p2a: Blastoise|81\/100|[from] item: Leftovers\n|upkeep\n|turn|7\n|\n|t:|1700869245\n|move|p1a: Togekiss|Air Slash|p2a: Blastoise\n|-damage|p2a: Blastoise|50\/100\n|cant|p2a: Blastoise|flinch\n|\n|-heal|p2a: Blastoise|56\/100|[from] item: Leftovers\n|upkeep\n|turn|8\n|\n|t:|1700869251\n|move|p1a: Togekiss|Thunder Wave|p2a: Blastoise\n|-status|p2a: Blastoise|par\n|move|p2a: Blastoise|Scald|p1a: Togekiss\n|-damage|p1a: Togekiss|36\/100\n|-status|p1a: Togekiss|brn\n|\n|-heal|p2a: Blastoise|62\/100 par|[from] item: Leftovers\n|-damage|p1a: Togekiss|30\/100 brn|[from] brn\n|upkeep\n|turn|9\n|\n|t:|1700869260\n|move|p1a: Togekiss|Air Slash|p2a: Blastoise\n|-damage|p2a: Blastoise|26\/100 par\n|cant|p2a: Blastoise|flinch\n|\n|-heal|p2a: Blastoise|32\/100 par|[from] item: Leftovers\n|-damage|p1a: Togekiss|24\/100 brn|[from] brn\n|upkeep\n|turn|10\n|\n|t:|1700869268\n|move|p1a: Togekiss|Air Slash|p2a: Blastoise\n|-damage|p2a: Blastoise|0 fnt\n|faint|p2a: Blastoise\n|\n|-damage|p1a: Togekiss|18\/100 brn|[from] brn\n|upkeep\n|\n|t:|1700869277\n|switch|p2a: Charizard|Charizard, M|100\/100\n|turn|11\n|\n|t:|1700869280\n|move|p2a: Charizard|Steel Wing|p1a: Togekiss\n|-supereffective|p1a: Togekiss\n|-damage|p1a: Togekiss|0 fnt\n|-boost|p2a: Charizard|def|1\n|faint|p1a: Togekiss\n|\n|upkeep\n|\n|t:|1700869284\n|switch|p1a: Milotic|Milotic, M|100\/100\n|turn|12\n|\n|t:|1700869289\n|switch|p2a: Pikachu|Pikachu-Kalos, M|100\/100\n|move|p1a: Milotic|Coil|p1a: Milotic\n|-boost|p1a: Milotic|atk|1\n|-boost|p1a: Milotic|def|1\n|-boost|p1a: Milotic|accuracy|1\n|\n|upkeep\n|turn|13\n|\n|t:|1700869298\n|move|p2a: Pikachu|Volt Tackle|p1a: Milotic\n|-supereffective|p1a: Milotic\n|-damage|p1a: Milotic|0 fnt\n|faint|p1a: Milotic\n|-damage|p2a: Pikachu|48\/100|[from] Recoil\n|\n|upkeep\n|\n|t:|1700869302\n|switch|p1a: Spiritomb|Spiritomb, F|100\/100\n|turn|14\n|\n|t:|1700869305\n|move|p1a: Spiritomb|Sucker Punch|p2a: Pikachu\n|-damage|p2a: Pikachu|0 fnt\n|faint|p2a: Pikachu\n|\n|upkeep\n|\n|t:|1700869310\n|switch|p2a: Snorlax|Snorlax, M|100\/100\n|turn|15\n|\n|t:|1700869323\n|move|p1a: Spiritomb|Will-O-Wisp|p2a: Snorlax\n|-status|p2a: Snorlax|brn\n|move|p2a: Snorlax|Belly Drum|p2a: Snorlax\n|-damage|p2a: Snorlax|50\/100 brn\n|-setboost|p2a: Snorlax|atk|6|[from] move: Belly Drum\n|-enditem|p2a: Snorlax|Aguav Berry|[eat]\n|-heal|p2a: Snorlax|84\/100 brn|[from] item: Aguav Berry\n|\n|-damage|p2a: Snorlax|78\/100 brn|[from] brn\n|upkeep\n|turn|16\n|\n|t:|1700869333\n|move|p1a: Spiritomb|Sucker Punch||[still]\n|-fail|p1a: Spiritomb\n|move|p2a: Snorlax|Recycle|p2a: Snorlax\n|-item|p2a: Snorlax|Aguav Berry|[from] move: Recycle\n|\n|-damage|p2a: Snorlax|71\/100 brn|[from] brn\n|upkeep\n|turn|17\n|\n|t:|1700869342\n|move|p1a: Spiritomb|Shadow Ball|p2a: Snorlax\n|-immune|p2a: Snorlax\n|move|p2a: Snorlax|Darkest Lariat|p1a: Spiritomb\n|-damage|p1a: Spiritomb|40\/100\n|\n|-damage|p2a: Snorlax|65\/100 brn|[from] brn\n|upkeep\n|turn|18\n|\n|t:|1700869350\n|move|p1a: Spiritomb|Sucker Punch||[still]\n|-fail|p1a: Spiritomb\n|move|p2a: Snorlax|Recycle||[still]\n|-fail|p2a: Snorlax\n|\n|-damage|p2a: Snorlax|59\/100 brn|[from] brn\n|upkeep\n|turn|19\n|\n|t:|1700869357\n|move|p1a: Spiritomb|Destiny Bond|p1a: Spiritomb\n|-singlemove|p1a: Spiritomb|Destiny Bond\n|move|p2a: Snorlax|Recycle||[still]\n|-fail|p2a: Snorlax\n|\n|-damage|p2a: Snorlax|53\/100 brn|[from] brn\n|upkeep\n|turn|20\n|\n|t:|1700869363\n|move|p1a: Spiritomb|Sucker Punch||[still]\n|-fail|p1a: Spiritomb\n|move|p2a: Snorlax|Recycle||[still]\n|-fail|p2a: Snorlax\n|\n|-damage|p2a: Snorlax|47\/100 brn|[from] brn\n|upkeep\n|-enditem|p2a: Snorlax|Aguav Berry|[eat]\n|-heal|p2a: Snorlax|80\/100 brn|[from] item: Aguav Berry\n|turn|21\n|\n|t:|1700869371\n|move|p1a: Spiritomb|Destiny Bond|p1a: Spiritomb\n|-singlemove|p1a: Spiritomb|Destiny Bond\n|move|p2a: Snorlax|Recycle|p2a: Snorlax\n|-item|p2a: Snorlax|Aguav Berry|[from] move: Recycle\n|\n|-damage|p2a: Snorlax|74\/100 brn|[from] brn\n|upkeep\n|turn|22\n|\n|t:|1700869378\n|switch|p1a: Garchomp|Garchomp, M|100\/100\n|move|p2a: Snorlax|Recycle||[still]\n|-fail|p2a: Snorlax\n|\n|-damage|p2a: Snorlax|68\/100 brn|[from] brn\n|upkeep\n|turn|23\n|\n|t:|1700869385\n|detailschange|p1a: Garchomp|Garchomp-Mega, M\n|-mega|p1a: Garchomp|Garchomp|Garchompite\n|move|p1a: Garchomp|Earthquake|p2a: Snorlax\n|-damage|p2a: Snorlax|14\/100 brn\n|-enditem|p2a: Snorlax|Aguav Berry|[eat]\n|-heal|p2a: Snorlax|47\/100 brn|[from] item: Aguav Berry\n|move|p2a: Snorlax|Darkest Lariat|p1a: Garchomp\n|-damage|p1a: Garchomp|48\/100\n|\n|-damage|p2a: Snorlax|41\/100 brn|[from] brn\n|upkeep\n|turn|24\n|\n|t:|1700869395\n|move|p1a: Garchomp|Earthquake|p2a: Snorlax\n|-damage|p2a: Snorlax|0 fnt\n|faint|p2a: Snorlax\n|\n|upkeep\n|\n|t:|1700869399\n|switch|p2a: Charizard|Charizard, M|100\/100\n|turn|25\n|\n|t:|1700869405\n|detailschange|p2a: Charizard|Charizard-Mega-X, M\n|-mega|p2a: Charizard|Charizard|Charizardite X\n|move|p2a: Charizard|Dragon Claw|p1a: Garchomp\n|-supereffective|p1a: Garchomp\n|-damage|p1a: Garchomp|0 fnt\n|faint|p1a: Garchomp\n|\n|upkeep\n|\n|t:|1700869410\n|switch|p1a: Spiritomb|Spiritomb, F|40\/100\n|turn|26\n|\n|t:|1700869414\n|switch|p2a: Lapras|Lapras, F|100\/100\n|move|p1a: Spiritomb|Sucker Punch||[still]\n|-fail|p1a: Spiritomb\n|\n|upkeep\n|turn|27\n|\n|t:|1700869425\n|move|p2a: Lapras|Sparkling Aria|p1a: Spiritomb\n|-damage|p1a: Spiritomb|0 fnt\n|faint|p1a: Spiritomb\n|\n|upkeep\n|\n|t:|1700869428\n|switch|p1a: Roserade|Roserade, M|100\/100\n|turn|28\n|\n|t:|1700869432\n|move|p1a: Roserade|Sludge Bomb|p2a: Lapras\n|-damage|p2a: Lapras|63\/100\n|move|p2a: Lapras|Freeze-Dry|p1a: Roserade\n|-supereffective|p1a: Roserade\n|-damage|p1a: Roserade|22\/100\n|-status|p1a: Roserade|frz\n|\n|upkeep\n|turn|29\n|-message|Andrew cross forfeited.\n|\n|win|1oao\n|raw|Andrew cross's rating: 1158 &rarr; <strong>1128<\/strong><br \/>(-30 for losing)\n|raw|1oao's rating: 1084 &rarr; <strong>1117<\/strong><br \/>(+33 for winning)\n|l|\u2606Andrew cross\n|l|\u26061oao\n|j|\u26061oao\n|player|p2|1oao|red\n","uploadtime":1700869489,"views":5,"p1id":"andrewcross","p2id":"1oao","formatid":"gen9nationaldex","rating":1117,"private":0,"password":""}