{"id":"gen9nationaldex-1987063558","p1":"shadyraid","p2":"RandoTestAccount","format":"[Gen 9] National Dex","log":"|j|\u2606shadyraid\n|j|\u2606RandoTestAccount\n|t:|1699553092\n|gametype|singles\n|player|p1|shadyraid|ingo|1297\n|player|p2|RandoTestAccount|pokemonrangerf|1350\n|teamsize|p1|6\n|teamsize|p2|6\n|gen|9\n|tier|[Gen 9] National Dex\n|rated|\n|rule|HP Percentage Mod: HP is shown in percentages\n|rule|Endless Battle Clause: Forcing endless battles is banned\n|rule|OHKO Clause: OHKO moves are banned\n|rule|Evasion Clause: Evasion abilities, items, and moves are banned\n|rule|Evasion Abilities Clause: Evasion abilities are banned\n|rule|Evasion Items Clause: Evasion items are banned\n|rule|Evasion Moves Clause: Evasion moves are banned\n|rule|Species Clause: Limit one of each Pok\u00e9mon\n|rule|Sleep Clause Mod: Limit one foe put to sleep\n|clearpoke\n|poke|p1|Basculegion-F, F|\n|poke|p1|Sneasler, M|\n|poke|p1|Ursaluna-Bloodmoon, M|\n|poke|p1|Garganacl, M|\n|poke|p1|Sinistcha-Masterpiece|\n|poke|p1|Thundurus-Therian, M|\n|poke|p2|Umbreon, F|\n|poke|p2|Excadrill, F|\n|poke|p2|Corviknight, F|\n|poke|p2|Tapu Fini|\n|poke|p2|Sableye, F|\n|poke|p2|Dragalge, F|\n|teampreview\n|inactive|Battle timer is ON: inactive players will automatically lose when time's up. (requested by RandoTestAccount)\n|\n|t:|1699553098\n|start\n|switch|p1a: Garganacl|Garganacl, M|100\/100\n|switch|p2a: Spectre of Emerald|Sableye, F, shiny|100\/100\n|turn|1\n|\n|t:|1699553111\n|switch|p2a: Nika Reanukko|Umbreon, F, shiny|100\/100\n|move|p1a: Garganacl|Salt Cure|p2a: Nika Reanukko\n|-damage|p2a: Nika Reanukko|90\/100\n|-start|p2a: Nika Reanukko|Salt Cure\n|\n|-heal|p2a: Nika Reanukko|96\/100|[from] item: Leftovers\n|-damage|p2a: Nika Reanukko|84\/100|[from] Salt Cure\n|upkeep\n|turn|2\n|\n|t:|1699553119\n|switch|p2a: The Droplet Tear|Tapu Fini, shiny|100\/100\n|-fieldstart|move: Misty Terrain|[from] ability: Misty Surge|[of] p2a: The Droplet Tear\n|move|p1a: Garganacl|Protect||[still]\n|-fail|p1a: Garganacl\n|\n|upkeep\n|turn|3\n|\n|t:|1699553137\n|move|p2a: The Droplet Tear|Substitute|p2a: The Droplet Tear\n|-start|p2a: The Droplet Tear|Substitute\n|-damage|p2a: The Droplet Tear|76\/100\n|move|p1a: Garganacl|Salt Cure|p2a: The Droplet Tear\n|-activate|p2a: The Droplet Tear|move: Substitute|[damage]\n|\n|-heal|p2a: The Droplet Tear|82\/100|[from] item: Leftovers\n|upkeep\n|turn|4\n|\n|t:|1699553144\n|switch|p1a: Sinistcha|Sinistcha-Masterpiece|100\/100\n|move|p2a: The Droplet Tear|Calm Mind|p2a: The Droplet Tear\n|-boost|p2a: The Droplet Tear|spa|1\n|-boost|p2a: The Droplet Tear|spd|1\n|\n|-heal|p2a: The Droplet Tear|88\/100|[from] item: Leftovers\n|upkeep\n|turn|5\n|\n|t:|1699553151\n|move|p1a: Sinistcha|Matcha Gotcha|p2a: The Droplet Tear\n|-supereffective|p2a: The Droplet Tear\n|-end|p2a: The Droplet Tear|Substitute\n|move|p2a: The Droplet Tear|Moonblast|p1a: Sinistcha\n|-damage|p1a: Sinistcha|35\/100\n|\n|-heal|p2a: The Droplet Tear|94\/100|[from] item: Leftovers\n|upkeep\n|turn|6\n|\n|t:|1699553154\n|move|p1a: Sinistcha|Matcha Gotcha|p2a: The Droplet Tear\n|-supereffective|p2a: The Droplet Tear\n|-damage|p2a: The Droplet Tear|51\/100\n|-heal|p1a: Sinistcha|66\/100|[from] drain|[of] p2a: The Droplet Tear\n|move|p2a: The Droplet Tear|Moonblast|p1a: Sinistcha\n|-damage|p1a: Sinistcha|2\/100\n|\n|-heal|p2a: The Droplet Tear|57\/100|[from] item: Leftovers\n|-fieldend|Misty Terrain\n|upkeep\n|turn|7\n|\n|t:|1699553177\n|move|p1a: Sinistcha|Matcha Gotcha|p2a: The Droplet Tear|[miss]\n|-miss|p1a: Sinistcha|p2a: The Droplet Tear\n|move|p2a: The Droplet Tear|Moonblast|p1a: Sinistcha\n|-damage|p1a: Sinistcha|0 fnt\n|faint|p1a: Sinistcha\n|\n|-heal|p2a: The Droplet Tear|63\/100|[from] item: Leftovers\n|upkeep\n|\n|t:|1699553183\n|switch|p1a: Sneasler|Sneasler, M|100\/100\n|turn|8\n|inactive|RandoTestAccount has 120 seconds left.\n|inactive|RandoTestAccount has 90 seconds left.\n|\n|t:|1699553246\n|switch|p2a: Ephialtes Keeper|Corviknight, F, shiny|100\/100\n|-ability|p2a: Ephialtes Keeper|Pressure\n|move|p1a: Sneasler|Fake Out|p2a: Ephialtes Keeper\n|-enditem|p1a: Sneasler|Normal Gem|[from] gem\n|-resisted|p2a: Ephialtes Keeper\n|-damage|p2a: Ephialtes Keeper|93\/100\n|-damage|p1a: Sneasler|84\/100|[from] item: Rocky Helmet|[of] p2a: Ephialtes Keeper\n|\n|upkeep\n|turn|9\n|\n|t:|1699553258\n|move|p1a: Sneasler|Close Combat|p2a: Ephialtes Keeper\n|-damage|p2a: Ephialtes Keeper|37\/100\n|-unboost|p1a: Sneasler|def|1\n|-unboost|p1a: Sneasler|spd|1\n|-damage|p1a: Sneasler|67\/100|[from] item: Rocky Helmet|[of] p2a: Ephialtes Keeper\n|move|p2a: Ephialtes Keeper|U-turn|p1a: Sneasler\n|-resisted|p1a: Sneasler\n|-damage|p1a: Sneasler|59\/100\n|\n|t:|1699553266\n|switch|p2a: Spectre of Emerald|Sableye, F, shiny|100\/100|[from] U-turn\n|\n|upkeep\n|turn|10\n|\n|t:|1699553271\n|move|p2a: Spectre of Emerald|Will-O-Wisp|p1a: Sneasler\n|-status|p1a: Sneasler|brn\n|move|p1a: Sneasler|Dire Claw|p2a: Spectre of Emerald\n|-resisted|p2a: Spectre of Emerald\n|-damage|p2a: Spectre of Emerald|89\/100\n|-status|p2a: Spectre of Emerald|par\n|\n|-damage|p1a: Sneasler|53\/100 brn|[from] brn\n|upkeep\n|turn|11\n|inactive|RandoTestAccount has 90 seconds left.\n|\n|t:|1699553308\n|switch|p2a: Agony Steelheart|Dragalge, F, shiny|100\/100\n|move|p1a: Sneasler|Acrobatics|p2a: Agony Steelheart\n|-damage|p2a: Agony Steelheart|79\/100\n|\n|-heal|p2a: Agony Steelheart|85\/100|[from] item: Black Sludge\n|-damage|p1a: Sneasler|47\/100 brn|[from] brn\n|upkeep\n|turn|12\n|\n|t:|1699553313\n|move|p1a: Sneasler|Acrobatics|p2a: Agony Steelheart\n|-damage|p2a: Agony Steelheart|63\/100\n|move|p2a: Agony Steelheart|Dragon Pulse|p1a: Sneasler\n|-damage|p1a: Sneasler|0 fnt\n|faint|p1a: Sneasler\n|\n|-heal|p2a: Agony Steelheart|69\/100|[from] item: Black Sludge\n|upkeep\n|\n|t:|1699553316\n|switch|p1a: Ursaluna|Ursaluna-Bloodmoon, M|100\/100\n|turn|13\n|\n|t:|1699553330\n|move|p1a: Ursaluna|Earth Power|p2a: Agony Steelheart\n|-supereffective|p2a: Agony Steelheart\n|-damage|p2a: Agony Steelheart|5\/100\n|move|p2a: Agony Steelheart|Toxic|p1a: Ursaluna\n|-status|p1a: Ursaluna|tox\n|\n|-heal|p2a: Agony Steelheart|11\/100|[from] item: Black Sludge\n|-damage|p1a: Ursaluna|95\/100 tox|[from] psn\n|upkeep\n|turn|14\n|\n|t:|1699553334\n|switch|p2a: Ephialtes Keeper|Corviknight, F, shiny|37\/100\n|-ability|p2a: Ephialtes Keeper|Pressure\n|move|p1a: Ursaluna|Blood Moon|p2a: Ephialtes Keeper\n|-resisted|p2a: Ephialtes Keeper\n|-damage|p2a: Ephialtes Keeper|8\/100\n|\n|-damage|p1a: Ursaluna|83\/100 tox|[from] psn\n|upkeep\n|turn|15\n|\n|t:|1699553348\n|move|p1a: Ursaluna|Moonblast|p2a: Ephialtes Keeper\n|-resisted|p2a: Ephialtes Keeper\n|-damage|p2a: Ephialtes Keeper|0 fnt\n|faint|p2a: Ephialtes Keeper\n|\n|-damage|p1a: Ursaluna|65\/100 tox|[from] psn\n|upkeep\n|\n|t:|1699553358\n|switch|p2a: Nika Reanukko|Umbreon, F, shiny|84\/100\n|turn|16\n|\n|t:|1699553361\n|move|p1a: Ursaluna|Moonblast|p2a: Nika Reanukko\n|-supereffective|p2a: Nika Reanukko\n|-damage|p2a: Nika Reanukko|45\/100\n|move|p2a: Nika Reanukko|Heal Bell|p2a: Nika Reanukko\n|-activate|p2a: Nika Reanukko|move: Heal Bell\n|-curestatus|p2: Spectre of Emerald|par|[msg]\n|\n|-heal|p2a: Nika Reanukko|52\/100|[from] item: Leftovers\n|-damage|p1a: Ursaluna|41\/100 tox|[from] psn\n|upkeep\n|turn|17\n|inactive|RandoTestAccount has 120 seconds left.\n|\n|t:|1699553380\n|switch|p2a: The Lonesome One|Excadrill, F, shiny|100\/100\n|-ability|p2a: The Lonesome One|Mold Breaker\n|move|p1a: Ursaluna|Moonblast|p2a: The Lonesome One\n|-resisted|p2a: The Lonesome One\n|-damage|p2a: The Lonesome One|82\/100\n|\n|-heal|p2a: The Lonesome One|88\/100|[from] item: Leftovers\n|-damage|p1a: Ursaluna|11\/100 tox|[from] psn\n|upkeep\n|turn|18\n|\n|t:|1699553385\n|move|p2a: The Lonesome One|Rapid Spin|p1a: Ursaluna\n|-damage|p1a: Ursaluna|0 fnt\n|-boost|p2a: The Lonesome One|spe|1\n|faint|p1a: Ursaluna\n|\n|-heal|p2a: The Lonesome One|94\/100|[from] item: Leftovers\n|upkeep\n|\n|t:|1699553389\n|switch|p1a: Basculegion|Basculegion-F, F|100\/100\n|turn|19\n|\n|t:|1699553404\n|move|p1a: Basculegion|Flip Turn|p2a: The Lonesome One\n|-supereffective|p2a: The Lonesome One\n|-crit|p2a: The Lonesome One\n|-damage|p2a: The Lonesome One|0 fnt\n|faint|p2a: The Lonesome One\n|\n|t:|1699553411\n|switch|p1a: Thundurus|Thundurus-Therian, M|100\/100|[from] Flip Turn\n|\n|upkeep\n|\n|t:|1699553430\n|switch|p2a: Agony Steelheart|Dragalge, F, shiny|11\/100\n|turn|20\n|\n|t:|1699553433\n|move|p1a: Thundurus|Discharge|p2a: Agony Steelheart\n|-resisted|p2a: Agony Steelheart\n|-damage|p2a: Agony Steelheart|0 fnt\n|faint|p2a: Agony Steelheart\n|\n|upkeep\n|\n|t:|1699553438\n|switch|p2a: Spectre of Emerald|Sableye, F, shiny|89\/100\n|turn|21\n|\n|t:|1699553442\n|move|p2a: Spectre of Emerald|Calm Mind|p2a: Spectre of Emerald\n|-boost|p2a: Spectre of Emerald|spa|1\n|-boost|p2a: Spectre of Emerald|spd|1\n|move|p1a: Thundurus|U-turn|p2a: Spectre of Emerald\n|-damage|p2a: Spectre of Emerald|73\/100\n|\n|t:|1699553445\n|switch|p1a: Garganacl|Garganacl, M|100\/100|[from] U-turn\n|\n|upkeep\n|turn|22\n|\n|t:|1699553465\n|move|p2a: Spectre of Emerald|Recover|p2a: Spectre of Emerald\n|-heal|p2a: Spectre of Emerald|100\/100\n|move|p1a: Garganacl|Salt Cure|p2a: Spectre of Emerald\n|-damage|p2a: Spectre of Emerald|87\/100\n|-start|p2a: Spectre of Emerald|Salt Cure\n|\n|-damage|p2a: Spectre of Emerald|75\/100|[from] Salt Cure\n|upkeep\n|turn|23\n|\n|t:|1699553484\n|switch|p1a: Basculegion|Basculegion-F, F|100\/100\n|switch|p2a: The Droplet Tear|Tapu Fini, shiny|63\/100\n|-fieldstart|move: Misty Terrain|[from] ability: Misty Surge|[of] p2a: The Droplet Tear\n|\n|-heal|p2a: The Droplet Tear|69\/100|[from] item: Leftovers\n|upkeep\n|turn|24\n|\n|t:|1699553509\n|move|p1a: Basculegion|Shadow Ball|p2a: The Droplet Tear\n|-damage|p2a: The Droplet Tear|33\/100\n|move|p2a: The Droplet Tear|Moonblast|p1a: Basculegion\n|-damage|p1a: Basculegion|64\/100\n|-unboost|p1a: Basculegion|spa|1\n|\n|-heal|p2a: The Droplet Tear|39\/100|[from] item: Leftovers\n|upkeep\n|turn|25\n|\n|t:|1699553516\n|move|p1a: Basculegion|Shadow Ball|p2a: The Droplet Tear\n|-damage|p2a: The Droplet Tear|15\/100\n|move|p2a: The Droplet Tear|Moonblast|p1a: Basculegion\n|-damage|p1a: Basculegion|27\/100\n|\n|-heal|p2a: The Droplet Tear|21\/100|[from] item: Leftovers\n|upkeep\n|turn|26\n|\n|t:|1699553520\n|switch|p2a: Nika Reanukko|Umbreon, F, shiny|52\/100\n|move|p1a: Basculegion|Shadow Ball|p2a: Nika Reanukko\n|-resisted|p2a: Nika Reanukko\n|-damage|p2a: Nika Reanukko|43\/100\n|\n|-heal|p2a: Nika Reanukko|49\/100|[from] item: Leftovers\n|upkeep\n|turn|27\n|inactive|RandoTestAccount has 120 seconds left.\n|inactive|RandoTestAccount has 90 seconds left.\n|\n|t:|1699553585\n|switch|p1a: Garganacl|Garganacl, M|100\/100\n|move|p2a: Nika Reanukko|Wish|p2a: Nika Reanukko\n|\n|-heal|p2a: Nika Reanukko|55\/100|[from] item: Leftovers\n|-fieldend|Misty Terrain\n|upkeep\n|turn|28\n|inactive|RandoTestAccount has 90 seconds left.\n|\n|t:|1699553591\n|switch|p2a: The Droplet Tear|Tapu Fini, shiny|21\/100\n|-fieldstart|move: Misty Terrain|[from] ability: Misty Surge|[of] p2a: The Droplet Tear\n|move|p1a: Garganacl|Salt Cure|p2a: The Droplet Tear\n|-damage|p2a: The Droplet Tear|10\/100\n|-start|p2a: The Droplet Tear|Salt Cure\n|\n|-heal|p2a: The Droplet Tear|73\/100|[from] move: Wish|[wisher] Nika Reanukko\n|-heal|p2a: The Droplet Tear|79\/100|[from] item: Leftovers\n|-damage|p2a: The Droplet Tear|54\/100|[from] Salt Cure\n|upkeep\n|turn|29\n|\n|t:|1699553594\n|switch|p2a: Nika Reanukko|Umbreon, F, shiny|55\/100\n|move|p1a: Garganacl|Protect||[still]\n|-fail|p1a: Garganacl\n|\n|-heal|p2a: Nika Reanukko|61\/100|[from] item: Leftovers\n|upkeep\n|turn|30\n|\n|t:|1699553598\n|move|p2a: Nika Reanukko|Wish|p2a: Nika Reanukko\n|move|p1a: Garganacl|Salt Cure|p2a: Nika Reanukko\n|-damage|p2a: Nika Reanukko|50\/100\n|-start|p2a: Nika Reanukko|Salt Cure\n|\n|-heal|p2a: Nika Reanukko|56\/100|[from] item: Leftovers\n|-damage|p2a: Nika Reanukko|44\/100|[from] Salt Cure\n|upkeep\n|turn|31\n|\n|t:|1699553601\n|switch|p2a: The Droplet Tear|Tapu Fini, shiny|54\/100\n|move|p1a: Garganacl|Salt Cure|p2a: The Droplet Tear\n|-damage|p2a: The Droplet Tear|43\/100\n|-start|p2a: The Droplet Tear|Salt Cure\n|\n|-heal|p2a: The Droplet Tear|100\/100|[from] move: Wish|[wisher] Nika Reanukko\n|-damage|p2a: The Droplet Tear|76\/100|[from] Salt Cure\n|upkeep\n|turn|32\n|\n|t:|1699553611\n|switch|p2a: Spectre of Emerald|Sableye, F, shiny|75\/100\n|move|p1a: Garganacl|Salt Cure|p2a: Spectre of Emerald\n|-damage|p2a: Spectre of Emerald|62\/100\n|-start|p2a: Spectre of Emerald|Salt Cure\n|\n|-damage|p2a: Spectre of Emerald|50\/100|[from] Salt Cure\n|-fieldend|Misty Terrain\n|upkeep\n|turn|33\n|\n|t:|1699553616\n|switch|p2a: Nika Reanukko|Umbreon, F, shiny|44\/100\n|move|p1a: Garganacl|Protect||[still]\n|-fail|p1a: Garganacl\n|\n|-heal|p2a: Nika Reanukko|50\/100|[from] item: Leftovers\n|upkeep\n|turn|34\n|\n|t:|1699553619\n|move|p2a: Nika Reanukko|Wish|p2a: Nika Reanukko\n|move|p1a: Garganacl|Salt Cure|p2a: Nika Reanukko\n|-crit|p2a: Nika Reanukko\n|-damage|p2a: Nika Reanukko|35\/100\n|-start|p2a: Nika Reanukko|Salt Cure\n|\n|-heal|p2a: Nika Reanukko|41\/100|[from] item: Leftovers\n|-damage|p2a: Nika Reanukko|28\/100|[from] Salt Cure\n|upkeep\n|turn|35\n|\n|t:|1699553623\n|switch|p2a: The Droplet Tear|Tapu Fini, shiny|76\/100\n|-fieldstart|move: Misty Terrain|[from] ability: Misty Surge|[of] p2a: The Droplet Tear\n|move|p1a: Garganacl|Stealth Rock|p2a: The Droplet Tear\n|-sidestart|p2: RandoTestAccount|move: Stealth Rock\n|\n|-heal|p2a: The Droplet Tear|100\/100|[from] move: Wish|[wisher] Nika Reanukko\n|upkeep\n|turn|36\n|\n|t:|1699553625\n|move|p2a: The Droplet Tear|Substitute|p2a: The Droplet Tear\n|-start|p2a: The Droplet Tear|Substitute\n|-damage|p2a: The Droplet Tear|76\/100\n|move|p1a: Garganacl|Salt Cure|p2a: The Droplet Tear\n|-activate|p2a: The Droplet Tear|move: Substitute|[damage]\n|\n|-heal|p2a: The Droplet Tear|82\/100|[from] item: Leftovers\n|upkeep\n|turn|37\n|\n|t:|1699553628\n|move|p2a: The Droplet Tear|Calm Mind|p2a: The Droplet Tear\n|-boost|p2a: The Droplet Tear|spa|1\n|-boost|p2a: The Droplet Tear|spd|1\n|move|p1a: Garganacl|Salt Cure|p2a: The Droplet Tear\n|-activate|p2a: The Droplet Tear|move: Substitute|[damage]\n|\n|-heal|p2a: The Droplet Tear|88\/100|[from] item: Leftovers\n|upkeep\n|turn|38\n|\n|t:|1699553631\n|move|p2a: The Droplet Tear|Calm Mind|p2a: The Droplet Tear\n|-boost|p2a: The Droplet Tear|spa|1\n|-boost|p2a: The Droplet Tear|spd|1\n|move|p1a: Garganacl|Salt Cure|p2a: The Droplet Tear\n|-end|p2a: The Droplet Tear|Substitute\n|\n|-heal|p2a: The Droplet Tear|94\/100|[from] item: Leftovers\n|upkeep\n|turn|39\n|\n|t:|1699553633\n|move|p2a: The Droplet Tear|Substitute|p2a: The Droplet Tear\n|-start|p2a: The Droplet Tear|Substitute\n|-damage|p2a: The Droplet Tear|69\/100\n|move|p1a: Garganacl|Salt Cure|p2a: The Droplet Tear\n|-activate|p2a: The Droplet Tear|move: Substitute|[damage]\n|\n|-heal|p2a: The Droplet Tear|75\/100|[from] item: Leftovers\n|-fieldend|Misty Terrain\n|upkeep\n|turn|40\n|\n|t:|1699553637\n|switch|p1a: Basculegion|Basculegion-F, F|27\/100\n|move|p2a: The Droplet Tear|Calm Mind|p2a: The Droplet Tear\n|-boost|p2a: The Droplet Tear|spa|1\n|-boost|p2a: The Droplet Tear|spd|1\n|\n|-heal|p2a: The Droplet Tear|81\/100|[from] item: Leftovers\n|upkeep\n|turn|41\n|\n|t:|1699553641\n|move|p1a: Basculegion|Shadow Ball|p2a: The Droplet Tear\n|-activate|p2a: The Droplet Tear|move: Substitute|[damage]\n|move|p2a: The Droplet Tear|Moonblast|p1a: Basculegion\n|-damage|p1a: Basculegion|0 fnt\n|faint|p1a: Basculegion\n|\n|-heal|p2a: The Droplet Tear|87\/100|[from] item: Leftovers\n|upkeep\n|\n|t:|1699553643\n|switch|p1a: Thundurus|Thundurus-Therian, M|100\/100\n|turn|42\n|\n|t:|1699553645\n|move|p1a: Thundurus|Discharge|p2a: The Droplet Tear\n|-supereffective|p2a: The Droplet Tear\n|-end|p2a: The Droplet Tear|Substitute\n|move|p2a: The Droplet Tear|Moonblast|p1a: Thundurus\n|-damage|p1a: Thundurus|0 fnt\n|faint|p1a: Thundurus\n|\n|-heal|p2a: The Droplet Tear|93\/100|[from] item: Leftovers\n|upkeep\n|\n|t:|1699553649\n|switch|p1a: Garganacl|Garganacl, M|100\/100\n|turn|43\n|-message|shadyraid forfeited.\n|\n|win|RandoTestAccount\n|raw|shadyraid's rating: 1297 &rarr; <strong>1276<\/strong><br \/>(-21 for losing)\n|raw|RandoTestAccount's rating: 1354 &rarr; <strong>1371<\/strong><br \/>(+17 for winning)\n|l|\u2606shadyraid\n","uploadtime":1699553657,"views":4,"p1id":"shadyraid","p2id":"randotestaccount","formatid":"gen9nationaldex","rating":1276,"private":0,"password":""}