{"id":"gen9nationaldex-1988551687","p1":"PokeMemer420","p2":"Jarl_ jake","format":"[Gen 9] National Dex","log":"|j|\u2606PokeMemer420\n|j|\u2606Jarl_ jake\n|t:|1699735217\n|gametype|singles\n|player|p1|PokeMemer420|ninjaboy|1216\n|player|p2|Jarl_ jake|red|1233\n|teamsize|p1|6\n|teamsize|p2|6\n|gen|9\n|tier|[Gen 9] National Dex\n|rated|\n|rule|HP Percentage Mod: HP is shown in percentages\n|rule|Endless Battle Clause: Forcing endless battles is banned\n|rule|OHKO Clause: OHKO moves are banned\n|rule|Evasion Clause: Evasion abilities, items, and moves are banned\n|rule|Evasion Abilities Clause: Evasion abilities are banned\n|rule|Evasion Items Clause: Evasion items are banned\n|rule|Evasion Moves Clause: Evasion moves are banned\n|rule|Species Clause: Limit one of each Pok\u00e9mon\n|rule|Sleep Clause Mod: Limit one foe put to sleep\n|clearpoke\n|poke|p1|Lopunny, F|\n|poke|p1|Lucario, F|\n|poke|p1|Greninja-*, M|\n|poke|p1|Alakazam, F|\n|poke|p1|Charizard, M|\n|poke|p1|Lilligant-Hisui, F|\n|poke|p2|Ninetales-Alola, F|\n|poke|p2|Serperior, F|\n|poke|p2|Salamence, M|\n|poke|p2|Blaziken, M|\n|poke|p2|Blastoise, F|\n|poke|p2|Grimmsnarl, M|\n|teampreview\n|\n|t:|1699735230\n|start\n|switch|p1a: Luke|Lucario, F|100\/100\n|switch|p2a: Grendel|Grimmsnarl, M, shiny|100\/100\n|turn|1\n|\n|t:|1699735243\n|move|p2a: Grendel|Parting Shot|p1a: Luke\n|-unboost|p1a: Luke|atk|1\n|-unboost|p1a: Luke|spa|1\n|\n|t:|1699735250\n|switch|p2a: Fat Girl|Blastoise, F, shiny|100\/100|[from] Parting Shot\n|move|p1a: Luke|Meteor Mash|p2a: Fat Girl\n|-resisted|p2a: Fat Girl\n|-damage|p2a: Fat Girl|86\/100\n|\n|upkeep\n|turn|2\n|\n|t:|1699735258\n|move|p1a: Luke|Swords Dance|p1a: Luke\n|-boost|p1a: Luke|atk|2\n|move|p2a: Fat Girl|Shell Smash|p2a: Fat Girl\n|-unboost|p2a: Fat Girl|def|1\n|-unboost|p2a: Fat Girl|spd|1\n|-boost|p2a: Fat Girl|atk|2\n|-boost|p2a: Fat Girl|spa|2\n|-boost|p2a: Fat Girl|spe|2\n|\n|upkeep\n|turn|3\n|\n|t:|1699735267\n|move|p2a: Fat Girl|Scald|p1a: Luke\n|-enditem|p1a: Luke|Focus Sash\n|-damage|p1a: Luke|1\/100\n|-status|p1a: Luke|brn\n|move|p1a: Luke|Close Combat|p2a: Fat Girl\n|-damage|p2a: Fat Girl|23\/100\n|-unboost|p1a: Luke|def|1\n|-unboost|p1a: Luke|spd|1\n|\n|-damage|p1a: Luke|0 fnt|[from] brn\n|faint|p1a: Luke\n|upkeep\n|\n|t:|1699735277\n|switch|p1a: Lolipop|Lopunny, F, shiny|100\/100\n|turn|4\n|\n|t:|1699735290\n|detailschange|p1a: Lolipop|Lopunny-Mega, F, shiny\n|-mega|p1a: Lolipop|Lopunny|Lopunnite\n|move|p1a: Lolipop|Fake Out|p2a: Fat Girl\n|-damage|p2a: Fat Girl|0 fnt\n|faint|p2a: Fat Girl\n|\n|upkeep\n|\n|t:|1699735299\n|switch|p2a: Grendel|Grimmsnarl, M, shiny|100\/100\n|turn|5\n|\n|t:|1699735303\n|move|p2a: Grendel|Thunder Wave|p1a: Lolipop\n|-status|p1a: Lolipop|par\n|move|p1a: Lolipop|High Jump Kick|p2a: Grendel\n|-damage|p2a: Grendel|28\/100\n|\n|upkeep\n|turn|6\n|\n|t:|1699735311\n|move|p2a: Grendel|Parting Shot|p1a: Lolipop\n|-unboost|p1a: Lolipop|atk|1\n|-unboost|p1a: Lolipop|spa|1\n|\n|t:|1699735314\n|switch|p2a: Kurama|Ninetales-Alola, F, shiny|100\/100|[from] Parting Shot\n|-weather|Snow|[from] ability: Snow Warning|[of] p2a: Kurama\n|cant|p1a: Lolipop|par\n|\n|-weather|Snow|[upkeep]\n|upkeep\n|turn|7\n|\n|t:|1699735323\n|move|p2a: Kurama|Aurora Veil|p2a: Kurama\n|-sidestart|p2: Jarl_ jake|move: Aurora Veil\n|move|p1a: Lolipop|Return|p2a: Kurama\n|-damage|p2a: Kurama|80\/100\n|\n|-weather|Snow|[upkeep]\n|upkeep\n|turn|8\n|\n|t:|1699735330\n|move|p2a: Kurama|Moonblast|p1a: Lolipop\n|-supereffective|p1a: Lolipop\n|-damage|p1a: Lolipop|3\/100 par\n|-unboost|p1a: Lolipop|spa|1\n|move|p1a: Lolipop|High Jump Kick|p2a: Kurama\n|-damage|p2a: Kurama|54\/100\n|\n|-weather|Snow|[upkeep]\n|upkeep\n|turn|9\n|\n|t:|1699735340\n|move|p2a: Kurama|Blizzard|p1a: Lolipop\n|-damage|p1a: Lolipop|0 fnt\n|faint|p1a: Lolipop\n|\n|-weather|Snow|[upkeep]\n|upkeep\n|\n|t:|1699735344\n|switch|p1a: Underrated|Charizard, M|100\/100\n|turn|10\n|\n|t:|1699735358\n|switch|p2a: Paarthurnax|Salamence, M, shiny|100\/100\n|move|p1a: Underrated|Air Slash|p2a: Paarthurnax\n|-damage|p2a: Paarthurnax|78\/100\n|\n|-weather|none\n|upkeep\n|turn|11\n|\n|t:|1699735367\n|move|p1a: Underrated|Air Slash|p2a: Paarthurnax\n|-damage|p2a: Paarthurnax|56\/100\n|cant|p2a: Paarthurnax|flinch\n|\n|upkeep\n|turn|12\n|\n|t:|1699735372\n|move|p1a: Underrated|Air Slash|p2a: Paarthurnax\n|-damage|p2a: Paarthurnax|34\/100\n|cant|p2a: Paarthurnax|flinch\n|\n|upkeep\n|turn|13\n|\n|t:|1699735377\n|move|p1a: Underrated|Air Slash|p2a: Paarthurnax\n|-damage|p2a: Paarthurnax|12\/100\n|move|p2a: Paarthurnax|Dragon Dance|p2a: Paarthurnax\n|-boost|p2a: Paarthurnax|atk|1\n|-boost|p2a: Paarthurnax|spe|1\n|\n|upkeep\n|turn|14\n|\n|t:|1699735384\n|move|p2a: Paarthurnax|Dual Wingbeat|p1a: Underrated\n|-damage|p1a: Underrated|54\/100\n|-damage|p1a: Underrated|5\/100\n|-hitcount|p1a: Underrated|2\n|move|p1a: Underrated|Air Slash|p2a: Paarthurnax\n|-damage|p2a: Paarthurnax|0 fnt\n|faint|p2a: Paarthurnax\n|\n|-sideend|p2: Jarl_ jake|move: Aurora Veil\n|upkeep\n|\n|t:|1699735398\n|switch|p2a: Kurama|Ninetales-Alola, F, shiny|54\/100\n|-weather|Snow|[from] ability: Snow Warning|[of] p2a: Kurama\n|turn|15\n|\n|t:|1699735404\n|move|p2a: Kurama|Blizzard|p1a: Underrated\n|-damage|p1a: Underrated|0 fnt\n|faint|p1a: Underrated\n|\n|-weather|Snow|[upkeep]\n|upkeep\n|\n|t:|1699735411\n|switch|p1a: Dancer|Lilligant-Hisui, F|100\/100\n|turn|16\n|\n|t:|1699735416\n|move|p2a: Kurama|Blizzard|p1a: Dancer\n|-supereffective|p1a: Dancer\n|-damage|p1a: Dancer|0 fnt\n|faint|p1a: Dancer\n|\n|-weather|Snow|[upkeep]\n|upkeep\n|\n|t:|1699735421\n|switch|p1a: Ninja|Greninja, M|100\/100\n|turn|17\n|\n|t:|1699735428\n|-terastallize|p1a: Ninja|Water\n|move|p1a: Ninja|Water Shuriken|p2a: Kurama\n|-damage|p2a: Kurama|42\/100\n|-damage|p2a: Kurama|30\/100\n|-crit|p2a: Kurama\n|-damage|p2a: Kurama|12\/100\n|-damage|p2a: Kurama|0 fnt\n|faint|p2a: Kurama\n|-ability|p1a: Ninja|Battle Bond|boost\n|-boost|p1a: Ninja|atk|1\n|-boost|p1a: Ninja|spa|1\n|-boost|p1a: Ninja|spe|1\n|-activate|p1a: Ninja|ability: Battle Bond\n|-hitcount|p2: Kurama|4\n|\n|-weather|Snow|[upkeep]\n|upkeep\n|\n|t:|1699735442\n|switch|p2a: Grendel|Grimmsnarl, M, shiny|28\/100\n|turn|18\n|\n|t:|1699735446\n|move|p1a: Ninja|Water Shuriken|p2a: Grendel\n|-damage|p2a: Grendel|12\/100\n|-damage|p2a: Grendel|0 fnt\n|faint|p2a: Grendel\n|-hitcount|p2: Grendel|2\n|\n|-weather|Snow|[upkeep]\n|upkeep\n|\n|t:|1699735453\n|switch|p2a: Lady Oscar|Serperior, F, shiny|100\/100\n|turn|19\n|\n|t:|1699735458\n|move|p1a: Ninja|Ice Beam|p2a: Lady Oscar\n|-supereffective|p2a: Lady Oscar\n|-damage|p2a: Lady Oscar|0 fnt\n|faint|p2a: Lady Oscar\n|\n|-weather|none\n|upkeep\n|\n|t:|1699735465\n|switch|p2a: Chicharron|Blaziken, M, shiny|100\/100\n|turn|20\n|\n|t:|1699735472\n|-terastallize|p2a: Chicharron|Electric\n|move|p1a: Ninja|Water Shuriken|p2a: Chicharron\n|-damage|p2a: Chicharron|77\/100\n|-damage|p2a: Chicharron|55\/100\n|-damage|p2a: Chicharron|31\/100\n|-damage|p2a: Chicharron|8\/100\n|-hitcount|p2a: Chicharron|4\n|move|p2a: Chicharron|Thunder Punch|p1a: Ninja\n|-supereffective|p1a: Ninja\n|-damage|p1a: Ninja|0 fnt\n|faint|p1a: Ninja\n|\n|-ability|p2a: Chicharron|Speed Boost|boost\n|-boost|p2a: Chicharron|spe|1\n|upkeep\n|\n|t:|1699735482\n|switch|p1a: 69000IQ|Alakazam, F|100\/100\n|turn|21\n|\n|t:|1699735490\n|move|p2a: Chicharron|Blaze Kick|p1a: 69000IQ\n|-damage|p1a: 69000IQ|0 fnt\n|faint|p1a: 69000IQ\n|\n|win|Jarl_ jake\n|raw|PokeMemer420's rating: 1216 &rarr; <strong>1192<\/strong><br \/>(-24 for losing)\n|raw|Jarl_ jake's rating: 1233 &rarr; <strong>1257<\/strong><br \/>(+24 for winning)\n|l|\u2606PokeMemer420\n","uploadtime":1699735501,"views":19,"p1id":"pokememer420","p2id":"jarljake","formatid":"gen9nationaldex","rating":1192,"private":0,"password":""}