{"id":"gen9nationaldex-1993381247","p1":"afkshhhhhhhhs","p2":"Natdex dancer","format":"[Gen 9] National Dex","log":"|j|\u2606afkshhhhhhhhs\n|j|\u2606Natdex dancer\n|t:|1700309473\n|gametype|singles\n|player|p1|afkshhhhhhhhs|nate|1378\n|player|p2|Natdex dancer|ninjaboy|1345\n|teamsize|p1|6\n|teamsize|p2|6\n|gen|9\n|tier|[Gen 9] National Dex\n|rated|\n|rule|HP Percentage Mod: HP is shown in percentages\n|rule|Endless Battle Clause: Forcing endless battles is banned\n|rule|OHKO Clause: OHKO moves are banned\n|rule|Evasion Clause: Evasion abilities, items, and moves are banned\n|rule|Evasion Abilities Clause: Evasion abilities are banned\n|rule|Evasion Items Clause: Evasion items are banned\n|rule|Evasion Moves Clause: Evasion moves are banned\n|rule|Species Clause: Limit one of each Pok\u00e9mon\n|rule|Sleep Clause Mod: Limit one foe put to sleep\n|clearpoke\n|poke|p1|Banette, M|\n|poke|p1|Dragonite, M|\n|poke|p1|Ninetales-Alola, F|\n|poke|p1|Volcarona, M|\n|poke|p1|Garchomp, F|\n|poke|p1|Garganacl, M|\n|poke|p2|Rillaboom, F|\n|poke|p2|Aegislash, F|\n|poke|p2|Alomomola, M|\n|poke|p2|Hawlucha, F|\n|poke|p2|Nidoking, M|\n|poke|p2|Urshifu-*, F|\n|teampreview\n|\n|t:|1700309501\n|start\n|switch|p1a: Ninetales|Ninetales-Alola, F|100\/100\n|switch|p2a: Alomomola|Alomomola, M|100\/100\n|-weather|Snow|[from] ability: Snow Warning|[of] p1a: Ninetales\n|turn|1\n|\n|t:|1700309512\n|move|p1a: Ninetales|Aurora Veil|p1a: Ninetales\n|-sidestart|p1: afkshhhhhhhhs|move: Aurora Veil\n|move|p2a: Alomomola|Knock Off|p1a: Ninetales\n|-resisted|p1a: Ninetales\n|-damage|p1a: Ninetales|96\/100\n|-enditem|p1a: Ninetales|Light Clay|[from] move: Knock Off|[of] p2a: Alomomola\n|\n|-weather|Snow|[upkeep]\n|upkeep\n|turn|2\n|\n|t:|1700309529\n|switch|p1a: Dragonite|Dragonite, M|100\/100\n|switch|p2a: Aegislash|Aegislash, F, shiny|100\/100\n|\n|-weather|Snow|[upkeep]\n|upkeep\n|turn|3\n|\n|t:|1700309539\n|move|p1a: Dragonite|Dragon Dance|p1a: Dragonite\n|-boost|p1a: Dragonite|atk|1\n|-boost|p1a: Dragonite|spe|1\n|move|p2a: Aegislash|Toxic|p1a: Dragonite\n|-status|p1a: Dragonite|tox\n|\n|-weather|Snow|[upkeep]\n|-damage|p1a: Dragonite|94\/100 tox|[from] psn\n|upkeep\n|turn|4\n|inactive|Battle timer is ON: inactive players will automatically lose when time's up. (requested by Natdex dancer)\n|\n|t:|1700309549\n|move|p2a: Aegislash|King's Shield|p2a: Aegislash\n|-singleturn|p2a: Aegislash|Protect\n|move|p1a: Dragonite|Dragon Dance|p1a: Dragonite\n|-boost|p1a: Dragonite|atk|1\n|-boost|p1a: Dragonite|spe|1\n|\n|-weather|Snow|[upkeep]\n|-heal|p1a: Dragonite|100\/100 tox|[from] item: Leftovers\n|-damage|p1a: Dragonite|88\/100 tox|[from] psn\n|upkeep\n|turn|5\n|\n|t:|1700309557\n|switch|p2a: Alomomola|Alomomola, M|100\/100\n|move|p1a: Dragonite|Outrage|p2a: Alomomola\n|-damage|p2a: Alomomola|27\/100\n|-enditem|p2a: Alomomola|Eject Button\n|\n|t:|1700309573\n|switch|p2a: Aegislash|Aegislash, F, shiny|100\/100\n|\n|-weather|none\n|-heal|p1a: Dragonite|94\/100 tox|[from] item: Leftovers\n|-damage|p1a: Dragonite|76\/100 tox|[from] psn\n|upkeep\n|turn|6\n|\n|t:|1700309596\n|move|p2a: Aegislash|King's Shield|p2a: Aegislash\n|-singleturn|p2a: Aegislash|Protect\n|move|p1a: Dragonite|Outrage|p2a: Aegislash|[from]lockedmove\n|-activate|p2a: Aegislash|move: Protect\n|-unboost|p1a: Dragonite|atk|1\n|\n|-heal|p1a: Dragonite|82\/100 tox|[from] item: Leftovers\n|-damage|p1a: Dragonite|57\/100 tox|[from] psn\n|upkeep\n|turn|7\n|\n|t:|1700309609\n|switch|p2a: Alomomola|Alomomola, M|60\/100\n|move|p1a: Dragonite|Dragon Dance|p1a: Dragonite\n|-boost|p1a: Dragonite|atk|1\n|-boost|p1a: Dragonite|spe|1\n|\n|-heal|p1a: Dragonite|63\/100 tox|[from] item: Leftovers\n|-damage|p1a: Dragonite|32\/100 tox|[from] psn\n|upkeep\n|turn|8\n|\n|t:|1700309626\n|move|p1a: Dragonite|Dragon Dance|p1a: Dragonite\n|-boost|p1a: Dragonite|atk|1\n|-boost|p1a: Dragonite|spe|1\n|move|p2a: Alomomola|Flip Turn|p1a: Dragonite\n|-resisted|p1a: Dragonite\n|-damage|p1a: Dragonite|28\/100 tox\n|inactive|Natdex dancer has 120 seconds left.\n|\n|t:|1700309639\n|switch|p2a: Aegislash|Aegislash, F, shiny|100\/100|[from] Flip Turn\n|\n|-heal|p1a: Dragonite|34\/100 tox|[from] item: Leftovers\n|-damage|p1a: Dragonite|0 fnt|[from] psn\n|faint|p1a: Dragonite\n|-sideend|p1: afkshhhhhhhhs|move: Aurora Veil\n|upkeep\n|\n|t:|1700309650\n|switch|p1a: Ninetales|Ninetales-Alola, F|96\/100\n|-weather|Snow|[from] ability: Snow Warning|[of] p1a: Ninetales\n|turn|9\n|\n|t:|1700309663\n|move|p1a: Ninetales|Aurora Veil|p1a: Ninetales\n|-sidestart|p1: afkshhhhhhhhs|move: Aurora Veil\n|-formechange|p2a: Aegislash|Aegislash-Blade||[from] ability: Stance Change\n|move|p2a: Aegislash|Flash Cannon|p1a: Ninetales\n|-supereffective|p1a: Ninetales\n|-damage|p1a: Ninetales|0 fnt\n|faint|p1a: Ninetales\n|\n|-weather|Snow|[upkeep]\n|upkeep\n|\n|t:|1700309682\n|switch|p1a: Garchomp|Garchomp, F|100\/100\n|turn|10\n|\n|t:|1700309690\n|move|p1a: Garchomp|Swords Dance|p1a: Garchomp\n|-boost|p1a: Garchomp|atk|2\n|move|p2a: Aegislash|Toxic|p1a: Garchomp\n|-status|p1a: Garchomp|tox\n|\n|-weather|Snow|[upkeep]\n|-damage|p1a: Garchomp|94\/100 tox|[from] psn\n|upkeep\n|turn|11\n|\n|t:|1700309699\n|-formechange|p2a: Aegislash|Aegislash||[from] ability: Stance Change\n|move|p2a: Aegislash|King's Shield|p2a: Aegislash\n|-singleturn|p2a: Aegislash|Protect\n|move|p1a: Garchomp|Earthquake|p2a: Aegislash\n|-activate|p2a: Aegislash|move: Protect\n|\n|-weather|Snow|[upkeep]\n|-damage|p1a: Garchomp|82\/100 tox|[from] psn\n|upkeep\n|turn|12\n|\n|t:|1700309712\n|switch|p2a: Rillaboom|Rillaboom, F|100\/100\n|-fieldstart|move: Grassy Terrain|[from] ability: Grassy Surge|[of] p2a: Rillaboom\n|move|p1a: Garchomp|Earthquake|p2a: Rillaboom\n|-resisted|p2a: Rillaboom\n|-damage|p2a: Rillaboom|74\/100\n|\n|-weather|Snow|[upkeep]\n|-heal|p1a: Garchomp|88\/100 tox|[from] Grassy Terrain\n|-heal|p2a: Rillaboom|80\/100|[from] Grassy Terrain\n|-damage|p1a: Garchomp|70\/100 tox|[from] psn\n|upkeep\n|turn|13\n|\n|t:|1700309739\n|switch|p2a: Aegislash|Aegislash, F, shiny|100\/100\n|move|p1a: Garchomp|Scale Shot|p2a: Aegislash\n|-resisted|p2a: Aegislash\n|-damage|p2a: Aegislash|89\/100\n|-resisted|p2a: Aegislash\n|-damage|p2a: Aegislash|79\/100\n|-resisted|p2a: Aegislash\n|-damage|p2a: Aegislash|69\/100\n|-resisted|p2a: Aegislash\n|-damage|p2a: Aegislash|60\/100\n|-resisted|p2a: Aegislash\n|-damage|p2a: Aegislash|50\/100\n|-hitcount|p2a: Aegislash|5\n|-unboost|p1a: Garchomp|def|1\n|-boost|p1a: Garchomp|spe|1\n|\n|-weather|none\n|-heal|p1a: Garchomp|76\/100 tox|[from] Grassy Terrain\n|-heal|p2a: Aegislash|56\/100|[from] Grassy Terrain\n|-heal|p2a: Aegislash|62\/100|[from] item: Leftovers\n|-damage|p1a: Garchomp|51\/100 tox|[from] psn\n|-sideend|p1: afkshhhhhhhhs|move: Aurora Veil\n|upkeep\n|turn|14\n|\n|t:|1700309762\n|switch|p1a: Banette|Banette, M|100\/100\n|-formechange|p2a: Aegislash|Aegislash-Blade||[from] ability: Stance Change\n|move|p2a: Aegislash|Shadow Ball|p1a: Banette\n|-supereffective|p1a: Banette\n|-damage|p1a: Banette|0 fnt\n|faint|p1a: Banette\n|\n|-heal|p2a: Aegislash|68\/100|[from] Grassy Terrain\n|-heal|p2a: Aegislash|74\/100|[from] item: Leftovers\n|upkeep\n|\n|t:|1700309769\n|switch|p1a: Volcarona|Volcarona, M|100\/100\n|turn|15\n|\n|t:|1700309775\n|move|p1a: Volcarona|Flamethrower|p2a: Aegislash\n|-supereffective|p2a: Aegislash\n|-damage|p2a: Aegislash|0 fnt\n|faint|p2a: Aegislash\n|\n|upkeep\n|\n|t:|1700309785\n|switch|p2a: Nidoking|Nidoking, M, shiny|100\/100\n|turn|16\n|\n|t:|1700309800\n|-terastallize|p1a: Volcarona|Bug\n|move|p1a: Volcarona|Psychic|p2a: Nidoking\n|-supereffective|p2a: Nidoking\n|-crit|p2a: Nidoking\n|-damage|p2a: Nidoking|0 fnt\n|faint|p2a: Nidoking\n|\n|-fieldend|move: Grassy Terrain\n|upkeep\n|\n|t:|1700309809\n|switch|p2a: Alomomola|Alomomola, M|93\/100\n|turn|17\n|\n|t:|1700309825\n|switch|p1a: Garganacl|Garganacl, M|100\/100\n|move|p2a: Alomomola|Toxic|p1a: Garganacl\n|-immune|p1a: Garganacl|[from] ability: Purifying Salt\n|\n|upkeep\n|turn|18\n|\n|t:|1700309832\n|move|p2a: Alomomola|Flip Turn|p1a: Garganacl\n|-supereffective|p1a: Garganacl\n|-damage|p1a: Garganacl|78\/100\n|\n|t:|1700309838\n|switch|p2a: Rillaboom|Rillaboom, F|80\/100|[from] Flip Turn\n|-fieldstart|move: Grassy Terrain|[from] ability: Grassy Surge|[of] p2a: Rillaboom\n|move|p1a: Garganacl|Iron Defense|p1a: Garganacl\n|-boost|p1a: Garganacl|def|2\n|\n|-heal|p2a: Rillaboom|86\/100|[from] Grassy Terrain\n|-heal|p1a: Garganacl|84\/100|[from] Grassy Terrain\n|-heal|p1a: Garganacl|90\/100|[from] item: Leftovers\n|upkeep\n|turn|19\n|\n|t:|1700309849\n|-terastallize|p2a: Rillaboom|Grass\n|move|p2a: Rillaboom|Wood Hammer|p1a: Garganacl\n|-supereffective|p1a: Garganacl\n|-damage|p1a: Garganacl|0 fnt\n|faint|p1a: Garganacl\n|-damage|p2a: Rillaboom|52\/100|[from] Recoil\n|\n|-heal|p2a: Rillaboom|58\/100|[from] Grassy Terrain\n|upkeep\n|\n|t:|1700309869\n|switch|p1a: Volcarona|Volcarona, M, tera:Bug|100\/100\n|turn|20\n|\n|t:|1700309879\n|move|p1a: Volcarona|Quiver Dance|p1a: Volcarona\n|-boost|p1a: Volcarona|spa|1\n|-boost|p1a: Volcarona|spd|1\n|-boost|p1a: Volcarona|spe|1\n|move|p2a: Rillaboom|Wood Hammer|p1a: Volcarona\n|-resisted|p1a: Volcarona\n|-damage|p1a: Volcarona|0 fnt\n|-status|p2a: Rillaboom|brn|[from] ability: Flame Body|[of] p1a: Volcarona\n|faint|p1a: Volcarona\n|-damage|p2a: Rillaboom|27\/100 brn|[from] Recoil\n|\n|-heal|p2a: Rillaboom|34\/100 brn|[from] Grassy Terrain\n|-damage|p2a: Rillaboom|27\/100 brn|[from] brn\n|upkeep\n|\n|t:|1700309885\n|switch|p1a: Garchomp|Garchomp, F|51\/100 tox\n|turn|21\n|\n|t:|1700309894\n|move|p1a: Garchomp|Scale Shot|p2a: Rillaboom\n|-damage|p2a: Rillaboom|14\/100 brn\n|-damage|p2a: Rillaboom|0 fnt\n|faint|p2a: Rillaboom\n|-hitcount|p2: Rillaboom|2\n|-unboost|p1a: Garchomp|def|1\n|-boost|p1a: Garchomp|spe|1\n|\n|-heal|p1a: Garchomp|57\/100 tox|[from] Grassy Terrain\n|-damage|p1a: Garchomp|51\/100 tox|[from] psn\n|upkeep\n|\n|t:|1700309900\n|switch|p2a: Hawlucha|Hawlucha, F|100\/100\n|-enditem|p2a: Hawlucha|Grassy Seed\n|-boost|p2a: Hawlucha|def|1|[from] item: Grassy Seed\n|turn|22\n|\n|t:|1700309909\n|move|p2a: Hawlucha|Close Combat|p1a: Garchomp\n|-damage|p1a: Garchomp|0 fnt\n|-unboost|p2a: Hawlucha|def|1\n|-unboost|p2a: Hawlucha|spd|1\n|-damage|p2a: Hawlucha|88\/100|[from] ability: Rough Skin|[of] p1a: Garchomp\n|faint|p1a: Garchomp\n|\n|win|Natdex dancer\n|raw|afkshhhhhhhhs's rating: 1400 &rarr; <strong>1377<\/strong><br \/>(-23 for losing)\n|raw|Natdex dancer's rating: 1345 &rarr; <strong>1368<\/strong><br \/>(+23 for winning)\n|l|\u2606afkshhhhhhhhs\n","uploadtime":1700309977,"views":6,"p1id":"afkshhhhhhhhs","p2id":"natdexdancer","formatid":"gen9nationaldex","rating":1368,"private":0,"password":""}