{"id":"gen9nationaldex-1993795252","p1":"Sebash221","p2":"NotAmazingYT","format":"[Gen 9] National Dex","log":"|j|\u2606Sebash221\n|j|\u2606NotAmazingYT\n|t:|1700358192\n|gametype|singles\n|player|p1|Sebash221|harlequin|1196\n|player|p2|NotAmazingYT|cynthia-gen4|1176\n|teamsize|p1|6\n|teamsize|p2|6\n|gen|9\n|tier|[Gen 9] National Dex\n|rated|\n|rule|HP Percentage Mod: HP is shown in percentages\n|rule|Endless Battle Clause: Forcing endless battles is banned\n|rule|OHKO Clause: OHKO moves are banned\n|rule|Evasion Clause: Evasion abilities, items, and moves are banned\n|rule|Evasion Abilities Clause: Evasion abilities are banned\n|rule|Evasion Items Clause: Evasion items are banned\n|rule|Evasion Moves Clause: Evasion moves are banned\n|rule|Species Clause: Limit one of each Pok\u00e9mon\n|rule|Sleep Clause Mod: Limit one foe put to sleep\n|clearpoke\n|poke|p1|Quagsire, M|\n|poke|p1|Registeel|\n|poke|p1|Reuniclus, M|\n|poke|p1|Gyarados, M|\n|poke|p1|Ferrothorn, M|\n|poke|p1|Banette, F|\n|poke|p2|Garchomp, M|\n|poke|p2|Gliscor, M|\n|poke|p2|Zoroark-Hisui, M|\n|poke|p2|Heatran, M|\n|poke|p2|Manaphy|\n|poke|p2|Weavile, M|\n|teampreview\n|\n|t:|1700358201\n|start\n|switch|p1a: Ferrothorn|Ferrothorn, M|100\/100\n|switch|p2a: Heatran|Heatran, M|100\/100\n|turn|1\n|\n|t:|1700358210\n|switch|p1a: Gyarados|Gyarados, M|100\/100\n|move|p2a: Heatran|Taunt|p1a: Gyarados\n|-start|p1a: Gyarados|move: Taunt\n|\n|upkeep\n|turn|2\n|\n|t:|1700358227\n|switch|p2a: Manaphy|Manaphy|100\/100\n|move|p1a: Gyarados|Earthquake|p2a: Manaphy\n|-damage|p2a: Manaphy|69\/100\n|\n|upkeep\n|turn|3\n|\n|t:|1700358240\n|-terastallize|p2a: Manaphy|Grass\n|move|p2a: Manaphy|Tail Glow|p2a: Manaphy\n|-boost|p2a: Manaphy|spa|3\n|move|p1a: Gyarados|Crunch|p2a: Manaphy\n|-damage|p2a: Manaphy|43\/100\n|-unboost|p2a: Manaphy|def|1\n|\n|-end|p1a: Gyarados|move: Taunt\n|upkeep\n|turn|4\n|\n|t:|1700358250\n|move|p2a: Manaphy|Tail Glow|p2a: Manaphy\n|-boost|p2a: Manaphy|spa|3\n|move|p1a: Gyarados|Ice Fang|p2a: Manaphy\n|-supereffective|p2a: Manaphy\n|-damage|p2a: Manaphy|0 fnt\n|faint|p2a: Manaphy\n|-ability|p1a: Gyarados|Moxie|boost\n|-boost|p1a: Gyarados|atk|1\n|\n|upkeep\n|\n|t:|1700358269\n|switch|p2a: Weavile|Weavile, M|100\/100\n|-ability|p2a: Weavile|Pressure\n|turn|5\n|\n|t:|1700358275\n|move|p2a: Weavile|Triple Axel|p1a: Gyarados\n|-damage|p1a: Gyarados|84\/100\n|-damage|p1a: Gyarados|51\/100\n|-damage|p1a: Gyarados|2\/100\n|-hitcount|p1a: Gyarados|3\n|move|p1a: Gyarados|Earthquake|p2a: Weavile\n|-damage|p2a: Weavile|12\/100\n|\n|upkeep\n|turn|6\n|\n|t:|1700358285\n|switch|p1a: Ferrothorn|Ferrothorn, M|100\/100\n|move|p2a: Weavile|Triple Axel|p1a: Ferrothorn\n|-damage|p1a: Ferrothorn|92\/100\n|-damage|p2a: Weavile|0 fnt|[from] ability: Iron Barbs|[of] p1a: Ferrothorn\n|faint|p2a: Weavile\n|-hitcount|p1a: Ferrothorn|1\n|\n|upkeep\n|\n|t:|1700358303\n|switch|p2a: Heatran|Heatran, M|100\/100\n|turn|7\n|\n|t:|1700358311\n|switch|p1a: Quagsire|Quagsire, M|100\/100\n|move|p2a: Heatran|Magma Storm|p1a: Quagsire\n|-resisted|p1a: Quagsire\n|-damage|p1a: Quagsire|75\/100\n|-activate|p1a: Quagsire|move: Magma Storm|[of] p2a: Heatran\n|\n|-heal|p1a: Quagsire|81\/100|[from] item: Leftovers\n|-damage|p1a: Quagsire|68\/100|[from] move: Magma Storm|[partiallytrapped]\n|upkeep\n|turn|8\n|\n|t:|1700358322\n|switch|p2a: Gliscor|Gliscor, M|100\/100\n|move|p1a: Quagsire|Yawn|p2a: Gliscor\n|-start|p2a: Gliscor|move: Yawn|[of] p1a: Quagsire\n|\n|-heal|p1a: Quagsire|74\/100|[from] item: Leftovers\n|-end|p1a: Quagsire|Magma Storm|[partiallytrapped]|[silent]\n|-status|p2a: Gliscor|tox|[from] item: Toxic Orb\n|upkeep\n|turn|9\n|\n|t:|1700358343\n|switch|p1a: Registeel|Registeel|100\/100\n|move|p2a: Gliscor|Toxic|p1a: Registeel\n|-immune|p1a: Registeel\n|\n|-end|p2a: Gliscor|move: Yawn|[silent]\n|upkeep\n|turn|10\n|\n|t:|1700358352\n|switch|p2a: Heatran|Heatran, M|100\/100\n|move|p1a: Registeel|Stealth Rock|p2a: Heatran\n|-sidestart|p2: NotAmazingYT|move: Stealth Rock\n|\n|upkeep\n|turn|11\n|\n|t:|1700358358\n|-terastallize|p1a: Registeel|Fighting\n|move|p2a: Heatran|Taunt|p1a: Registeel\n|-start|p1a: Registeel|move: Taunt\n|move|p1a: Registeel|Body Press|p2a: Heatran\n|-supereffective|p2a: Heatran\n|-damage|p2a: Heatran|23\/100\n|\n|-heal|p2a: Heatran|29\/100|[from] item: Leftovers\n|upkeep\n|turn|12\n|\n|t:|1700358371\n|switch|p2a: Gliscor|Gliscor, M|100\/100 tox\n|-damage|p2a: Gliscor|88\/100 tox|[from] Stealth Rock\n|move|p1a: Registeel|Body Press|p2a: Gliscor\n|-resisted|p2a: Gliscor\n|-damage|p2a: Gliscor|77\/100 tox\n|\n|-heal|p2a: Gliscor|89\/100 tox|[from] ability: Poison Heal\n|upkeep\n|turn|13\n|\n|t:|1700358380\n|move|p2a: Gliscor|Toxic|p1a: Registeel\n|-status|p1a: Registeel|tox\n|move|p1a: Registeel|Iron Head|p2a: Gliscor\n|-damage|p2a: Gliscor|76\/100 tox\n|\n|-heal|p2a: Gliscor|89\/100 tox|[from] ability: Poison Heal\n|-damage|p1a: Registeel|94\/100 tox|[from] psn\n|-end|p1a: Registeel|move: Taunt\n|upkeep\n|turn|14\n|\n|t:|1700358390\n|move|p2a: Gliscor|Defog|p1a: Registeel\n|-fail|p1a: Registeel|unboost|[from] ability: Clear Body|[of] p1a: Registeel\n|-sideend|p2: NotAmazingYT|Stealth Rock|[from] move: Defog|[of] p2a: Gliscor\n|move|p1a: Registeel|Iron Defense|p1a: Registeel\n|-boost|p1a: Registeel|def|2\n|\n|-heal|p1a: Registeel|100\/100 tox|[from] item: Leftovers\n|-heal|p2a: Gliscor|100\/100 tox|[from] ability: Poison Heal\n|-damage|p1a: Registeel|88\/100 tox|[from] psn\n|upkeep\n|turn|15\n|\n|t:|1700358408\n|move|p2a: Gliscor|Earthquake|p1a: Registeel\n|-damage|p1a: Registeel|77\/100 tox\n|move|p1a: Registeel|Iron Defense|p1a: Registeel\n|-boost|p1a: Registeel|def|2\n|\n|-heal|p1a: Registeel|83\/100 tox|[from] item: Leftovers\n|-damage|p1a: Registeel|65\/100 tox|[from] psn\n|upkeep\n|turn|16\n|\n|t:|1700358416\n|move|p2a: Gliscor|Earthquake|p1a: Registeel\n|-damage|p1a: Registeel|58\/100 tox\n|move|p1a: Registeel|Body Press|p2a: Gliscor\n|-resisted|p2a: Gliscor\n|-damage|p2a: Gliscor|67\/100 tox\n|\n|-heal|p1a: Registeel|64\/100 tox|[from] item: Leftovers\n|-heal|p2a: Gliscor|79\/100 tox|[from] ability: Poison Heal\n|-damage|p1a: Registeel|40\/100 tox|[from] psn\n|upkeep\n|turn|17\n|\n|t:|1700358429\n|move|p2a: Gliscor|Roost|p2a: Gliscor\n|-heal|p2a: Gliscor|100\/100 tox\n|-singleturn|p2a: Gliscor|move: Roost\n|move|p1a: Registeel|Stealth Rock|p2a: Gliscor\n|-sidestart|p2: NotAmazingYT|move: Stealth Rock\n|\n|-heal|p1a: Registeel|46\/100 tox|[from] item: Leftovers\n|-damage|p1a: Registeel|15\/100 tox|[from] psn\n|upkeep\n|turn|18\n|\n|t:|1700358439\n|move|p2a: Gliscor|Defog|p1a: Registeel\n|-fail|p1a: Registeel|unboost|[from] ability: Clear Body|[of] p1a: Registeel\n|-sideend|p2: NotAmazingYT|Stealth Rock|[from] move: Defog|[of] p2a: Gliscor\n|move|p1a: Registeel|Body Press|p2a: Gliscor\n|-resisted|p2a: Gliscor\n|-damage|p2a: Gliscor|63\/100 tox\n|\n|-heal|p1a: Registeel|21\/100 tox|[from] item: Leftovers\n|-heal|p2a: Gliscor|75\/100 tox|[from] ability: Poison Heal\n|-damage|p1a: Registeel|0 fnt|[from] psn\n|faint|p1a: Registeel\n|upkeep\n|\n|t:|1700358450\n|switch|p1a: Gyarados|Gyarados, M|2\/100\n|turn|19\n|\n|t:|1700358460\n|switch|p2a: Heatran|Heatran, M|29\/100\n|move|p1a: Gyarados|Ice Fang|p2a: Heatran\n|-resisted|p2a: Heatran\n|-damage|p2a: Heatran|23\/100\n|\n|-heal|p2a: Heatran|29\/100|[from] item: Leftovers\n|upkeep\n|turn|20\n|\n|t:|1700358481\n|move|p2a: Heatran|Magma Storm|p1a: Gyarados\n|-resisted|p1a: Gyarados\n|-damage|p1a: Gyarados|0 fnt\n|faint|p1a: Gyarados\n|\n|-heal|p2a: Heatran|35\/100|[from] item: Leftovers\n|upkeep\n|\n|t:|1700358487\n|switch|p1a: Quagsire|Quagsire, M|74\/100\n|turn|21\n|\n|t:|1700358490\n|move|p2a: Heatran|Taunt|p1a: Quagsire\n|-start|p1a: Quagsire|move: Taunt\n|move|p1a: Quagsire|Liquidation|p2a: Heatran\n|-supereffective|p2a: Heatran\n|-crit|p2a: Heatran\n|-damage|p2a: Heatran|0 fnt\n|faint|p2a: Heatran\n|\n|-heal|p1a: Quagsire|80\/100|[from] item: Leftovers\n|upkeep\n|\n|t:|1700358504\n|switch|p2a: Gliscor|Gliscor, M|75\/100 tox\n|turn|22\n|\n|t:|1700358509\n|move|p2a: Gliscor|Toxic|p1a: Quagsire\n|-status|p1a: Quagsire|tox\n|move|p1a: Quagsire|Liquidation|p2a: Gliscor\n|-supereffective|p2a: Gliscor\n|-damage|p2a: Gliscor|30\/100 tox\n|\n|-heal|p1a: Quagsire|87\/100 tox|[from] item: Leftovers\n|-heal|p2a: Gliscor|42\/100 tox|[from] ability: Poison Heal\n|-damage|p1a: Quagsire|80\/100 tox|[from] psn\n|upkeep\n|turn|23\n|\n|t:|1700358524\n|switch|p1a: Reuniclus|Reuniclus, M|100\/100\n|move|p2a: Gliscor|Roost|p2a: Gliscor\n|-heal|p2a: Gliscor|92\/100 tox\n|-singleturn|p2a: Gliscor|move: Roost\n|\n|-heal|p2a: Gliscor|100\/100 tox|[from] ability: Poison Heal\n|upkeep\n|turn|24\n|\n|t:|1700358537\n|switch|p2a: Garchomp|Garchomp, M|100\/100\n|move|p1a: Reuniclus|Trick Room|p1a: Reuniclus\n|-fieldstart|move: Trick Room|[of] p1a: Reuniclus\n|\n|upkeep\n|turn|25\n|\n|t:|1700358544\n|move|p1a: Reuniclus|Psychic|p2a: Garchomp\n|-damage|p2a: Garchomp|1\/100\n|replace|p2a: Zoroark|Zoroark-Hisui, M\n|-end|p2a: Zoroark|Illusion\n|move|p2a: Zoroark|Trick|p1a: Reuniclus\n|-activate|p2a: Zoroark|move: Trick|[of] p1a: Reuniclus\n|-item|p1a: Reuniclus|Choice Scarf|[from] move: Trick\n|-item|p2a: Zoroark|Leftovers|[from] move: Trick\n|\n|-heal|p2a: Zoroark|7\/100|[from] item: Leftovers\n|upkeep\n|turn|26\n|\n|t:|1700358555\n|move|p1a: Reuniclus|Psychic|p2a: Zoroark\n|-damage|p2a: Zoroark|0 fnt\n|faint|p2a: Zoroark\n|\n|upkeep\n|\n|t:|1700358560\n|switch|p2a: Gliscor|Gliscor, M|100\/100 tox\n|turn|27\n|\n|t:|1700358577\n|move|p1a: Reuniclus|Psychic|p2a: Gliscor\n|-damage|p2a: Gliscor|39\/100 tox\n|move|p2a: Gliscor|Earthquake|p1a: Reuniclus\n|-crit|p1a: Reuniclus\n|-damage|p1a: Reuniclus|51\/100\n|\n|-heal|p2a: Gliscor|51\/100 tox|[from] ability: Poison Heal\n|upkeep\n|turn|28\n|\n|t:|1700358598\n|switch|p2a: Garchomp|Garchomp, M|100\/100\n|move|p1a: Reuniclus|Psychic|p2a: Garchomp\n|-damage|p2a: Garchomp|43\/100\n|\n|-fieldend|move: Trick Room\n|upkeep\n|turn|29\n|\n|t:|1700358615\n|detailschange|p2a: Garchomp|Garchomp-Mega, M\n|-mega|p2a: Garchomp|Garchomp|Garchompite\n|move|p2a: Garchomp|Scale Shot|p1a: Reuniclus\n|-damage|p1a: Reuniclus|32\/100\n|-damage|p1a: Reuniclus|15\/100\n|-damage|p1a: Reuniclus|0 fnt\n|faint|p1a: Reuniclus\n|-hitcount|p1: Reuniclus|3\n|-unboost|p2a: Garchomp|def|1\n|-boost|p2a: Garchomp|spe|1\n|\n|upkeep\n|\n|t:|1700358625\n|switch|p1a: Quagsire|Quagsire, M|80\/100 tox\n|turn|30\n|\n|t:|1700358635\n|switch|p2a: Gliscor|Gliscor, M|51\/100 tox\n|move|p1a: Quagsire|Liquidation|p2a: Gliscor\n|-supereffective|p2a: Gliscor\n|-damage|p2a: Gliscor|10\/100 tox\n|\n|-heal|p1a: Quagsire|87\/100 tox|[from] item: Leftovers\n|-heal|p2a: Gliscor|22\/100 tox|[from] ability: Poison Heal\n|-damage|p1a: Quagsire|80\/100 tox|[from] psn\n|upkeep\n|turn|31\n|\n|t:|1700358647\n|move|p2a: Gliscor|Roost|p2a: Gliscor\n|-heal|p2a: Gliscor|72\/100 tox\n|-singleturn|p2a: Gliscor|move: Roost\n|move|p1a: Quagsire|Liquidation|p2a: Gliscor\n|-supereffective|p2a: Gliscor\n|-damage|p2a: Gliscor|32\/100 tox\n|\n|-heal|p1a: Quagsire|87\/100 tox|[from] item: Leftovers\n|-heal|p2a: Gliscor|44\/100 tox|[from] ability: Poison Heal\n|-damage|p1a: Quagsire|74\/100 tox|[from] psn\n|upkeep\n|turn|32\n|l|\u2606Sebash221\n|player|p1|\n|j|\u2606Sebash221\n|player|p1|Sebash221|harlequin\n|\n|t:|1700358695\n|move|p2a: Gliscor|Roost|p2a: Gliscor\n|-heal|p2a: Gliscor|94\/100 tox\n|-singleturn|p2a: Gliscor|move: Roost\n|move|p1a: Quagsire|Liquidation|p2a: Gliscor\n|-supereffective|p2a: Gliscor\n|-damage|p2a: Gliscor|49\/100 tox\n|\n|-heal|p1a: Quagsire|80\/100 tox|[from] item: Leftovers\n|-heal|p2a: Gliscor|62\/100 tox|[from] ability: Poison Heal\n|-damage|p1a: Quagsire|62\/100 tox|[from] psn\n|upkeep\n|turn|33\n|inactive|Battle timer is ON: inactive players will automatically lose when time's up. (requested by NotAmazingYT)\n|\n|t:|1700358707\n|switch|p1a: Ferrothorn|Ferrothorn, M|92\/100\n|move|p2a: Gliscor|Roost|p2a: Gliscor\n|-heal|p2a: Gliscor|100\/100 tox\n|-singleturn|p2a: Gliscor|move: Roost\n|\n|upkeep\n|turn|34\n|inactive|NotAmazingYT has 120 seconds left.\n|\n|t:|1700358738\n|move|p2a: Gliscor|Earthquake|p1a: Ferrothorn\n|-damage|p1a: Ferrothorn|74\/100\n|move|p1a: Ferrothorn|Gyro Ball|p2a: Gliscor\n|-damage|p2a: Gliscor|74\/100 tox\n|\n|-heal|p2a: Gliscor|86\/100 tox|[from] ability: Poison Heal\n|upkeep\n|turn|35\n|\n|t:|1700358745\n|move|p2a: Gliscor|Earthquake|p1a: Ferrothorn\n|-damage|p1a: Ferrothorn|54\/100\n|move|p1a: Ferrothorn|Leech Seed|p2a: Gliscor|[miss]\n|-miss|p1a: Ferrothorn|p2a: Gliscor\n|\n|-heal|p2a: Gliscor|99\/100 tox|[from] ability: Poison Heal\n|upkeep\n|turn|36\n|\n|t:|1700358754\n|move|p2a: Gliscor|Earthquake|p1a: Ferrothorn\n|-damage|p1a: Ferrothorn|35\/100\n|move|p1a: Ferrothorn|Gyro Ball|p2a: Gliscor\n|-damage|p2a: Gliscor|72\/100 tox\n|\n|-heal|p2a: Gliscor|84\/100 tox|[from] ability: Poison Heal\n|upkeep\n|turn|37\n|\n|t:|1700358761\n|move|p2a: Gliscor|Earthquake|p1a: Ferrothorn\n|-damage|p1a: Ferrothorn|15\/100\n|move|p1a: Ferrothorn|Leech Seed|p2a: Gliscor\n|-start|p2a: Gliscor|move: Leech Seed\n|\n|-damage|p2a: Gliscor|72\/100 tox|[from] Leech Seed|[of] p1a: Ferrothorn\n|-heal|p1a: Ferrothorn|27\/100|[silent]\n|-heal|p2a: Gliscor|84\/100 tox|[from] ability: Poison Heal\n|upkeep\n|turn|38\n|\n|t:|1700358771\n|move|p2a: Gliscor|Defog|p1a: Ferrothorn\n|-unboost|p1a: Ferrothorn|evasion|1\n|move|p1a: Ferrothorn|Gyro Ball|p2a: Gliscor\n|-damage|p2a: Gliscor|55\/100 tox\n|\n|-damage|p2a: Gliscor|43\/100 tox|[from] Leech Seed|[of] p1a: Ferrothorn\n|-heal|p1a: Ferrothorn|40\/100|[silent]\n|-heal|p2a: Gliscor|55\/100 tox|[from] ability: Poison Heal\n|upkeep\n|turn|39\n|\n|t:|1700358779\n|move|p2a: Gliscor|Roost|p2a: Gliscor\n|-heal|p2a: Gliscor|100\/100 tox\n|-singleturn|p2a: Gliscor|move: Roost\n|move|p1a: Ferrothorn|Gyro Ball|p2a: Gliscor\n|-damage|p2a: Gliscor|71\/100 tox\n|\n|-damage|p2a: Gliscor|58\/100 tox|[from] Leech Seed|[of] p1a: Ferrothorn\n|-heal|p1a: Ferrothorn|52\/100|[silent]\n|-heal|p2a: Gliscor|71\/100 tox|[from] ability: Poison Heal\n|upkeep\n|turn|40\n|\n|t:|1700358789\n|switch|p2a: Garchomp|Garchomp-Mega, M|43\/100\n|switch|p1a: Banette|Banette, F|100\/100\n|\n|upkeep\n|turn|41\n|\n|t:|1700358815\n|detailschange|p1a: Banette|Banette-Mega, F\n|-mega|p1a: Banette|Banette|Banettite\n|move|p2a: Garchomp|Earthquake|p1a: Banette\n|-damage|p1a: Banette|0 fnt\n|faint|p1a: Banette\n|\n|upkeep\n|\n|t:|1700358821\n|switch|p1a: Ferrothorn|Ferrothorn, M|52\/100\n|turn|42\n|\n|t:|1700358838\n|move|p2a: Garchomp|Earthquake|p1a: Ferrothorn\n|-damage|p1a: Ferrothorn|14\/100\n|move|p1a: Ferrothorn|Leech Seed|p2a: Garchomp\n|-start|p2a: Garchomp|move: Leech Seed\n|\n|-damage|p2a: Garchomp|31\/100|[from] Leech Seed|[of] p1a: Ferrothorn\n|-heal|p1a: Ferrothorn|27\/100|[silent]\n|upkeep\n|turn|43\n|\n|t:|1700358846\n|move|p2a: Garchomp|Earthquake|p1a: Ferrothorn\n|-damage|p1a: Ferrothorn|0 fnt\n|faint|p1a: Ferrothorn\n|\n|upkeep\n|\n|t:|1700358850\n|switch|p1a: Quagsire|Quagsire, M|62\/100 tox\n|turn|44\n|\n|t:|1700358853\n|switch|p2a: Gliscor|Gliscor, M|71\/100 tox\n|move|p1a: Quagsire|Curse|p1a: Quagsire\n|-unboost|p1a: Quagsire|spe|1\n|-boost|p1a: Quagsire|atk|1\n|-boost|p1a: Quagsire|def|1\n|\n|-heal|p1a: Quagsire|68\/100 tox|[from] item: Leftovers\n|-heal|p2a: Gliscor|83\/100 tox|[from] ability: Poison Heal\n|-damage|p1a: Quagsire|62\/100 tox|[from] psn\n|upkeep\n|turn|45\n|\n|t:|1700358864\n|move|p2a: Gliscor|Roost|p2a: Gliscor\n|-heal|p2a: Gliscor|100\/100 tox\n|-singleturn|p2a: Gliscor|move: Roost\n|move|p1a: Quagsire|Curse|p1a: Quagsire\n|-unboost|p1a: Quagsire|spe|1\n|-boost|p1a: Quagsire|atk|1\n|-boost|p1a: Quagsire|def|1\n|\n|-heal|p1a: Quagsire|68\/100 tox|[from] item: Leftovers\n|-damage|p1a: Quagsire|56\/100 tox|[from] psn\n|upkeep\n|turn|46\n|\n|t:|1700358881\n|move|p2a: Gliscor|Earthquake|p1a: Quagsire\n|-damage|p1a: Quagsire|40\/100 tox\n|move|p1a: Quagsire|Liquidation|p2a: Gliscor\n|-supereffective|p2a: Gliscor\n|-damage|p2a: Gliscor|17\/100 tox\n|\n|-heal|p1a: Quagsire|46\/100 tox|[from] item: Leftovers\n|-heal|p2a: Gliscor|29\/100 tox|[from] ability: Poison Heal\n|-damage|p1a: Quagsire|28\/100 tox|[from] psn\n|upkeep\n|turn|47\n|\n|t:|1700358897\n|move|p2a: Gliscor|Roost|p2a: Gliscor\n|-heal|p2a: Gliscor|79\/100 tox\n|-singleturn|p2a: Gliscor|move: Roost\n|move|p1a: Quagsire|Liquidation|p2a: Gliscor\n|-supereffective|p2a: Gliscor\n|-damage|p2a: Gliscor|0 fnt\n|faint|p2a: Gliscor\n|\n|-heal|p1a: Quagsire|34\/100 tox|[from] item: Leftovers\n|-damage|p1a: Quagsire|10\/100 tox|[from] psn\n|upkeep\n|\n|t:|1700358907\n|switch|p2a: Garchomp|Garchomp-Mega, M|31\/100\n|turn|48\n|\n|t:|1700358911\n|move|p2a: Garchomp|Earthquake|p1a: Quagsire\n|-damage|p1a: Quagsire|0 fnt\n|faint|p1a: Quagsire\n|\n|win|NotAmazingYT\n|raw|Sebash221's rating: 1196 &rarr; <strong>1170<\/strong><br \/>(-26 for losing)\n|raw|NotAmazingYT's rating: 1176 &rarr; <strong>1202<\/strong><br \/>(+26 for winning)\n|c|\u2606Sebash221|gg\n|c|\u2606NotAmazingYT|gg\n","uploadtime":1700358923,"views":7,"p1id":"sebash221","p2id":"notamazingyt","formatid":"gen9nationaldex","rating":1170,"private":0,"password":""}