{"id":"gen9nationaldex-1992939973","p1":"testing a funni3","p2":"CigarSmokerForever","format":"[Gen 9] National Dex","log":"|j|\u2606testing a funni3\n|j|\u2606CigarSmokerForever\n|t:|1700248656\n|gametype|singles\n|player|p1|testing a funni3|unknownf|1480\n|player|p2|CigarSmokerForever|red|1504\n|teamsize|p1|6\n|teamsize|p2|6\n|gen|9\n|tier|[Gen 9] National Dex\n|rated|\n|rule|HP Percentage Mod: HP is shown in percentages\n|rule|Endless Battle Clause: Forcing endless battles is banned\n|rule|OHKO Clause: OHKO moves are banned\n|rule|Evasion Clause: Evasion abilities, items, and moves are banned\n|rule|Evasion Abilities Clause: Evasion abilities are banned\n|rule|Evasion Items Clause: Evasion items are banned\n|rule|Evasion Moves Clause: Evasion moves are banned\n|rule|Species Clause: Limit one of each Pok\u00e9mon\n|rule|Sleep Clause Mod: Limit one foe put to sleep\n|clearpoke\n|poke|p1|Grimmsnarl, M|\n|poke|p1|Gyarados, F|\n|poke|p1|Cresselia, F|\n|poke|p1|Iron Hands|\n|poke|p1|Ursaluna, M|\n|poke|p1|Iron Valiant|\n|poke|p2|Tapu Koko|\n|poke|p2|Sneasler, M|\n|poke|p2|Scizor, F|\n|poke|p2|Kommo-o, F|\n|poke|p2|Urshifu-*, M|\n|poke|p2|Volcarona, M|\n|teampreview\n|inactive|Battle timer is ON: inactive players will automatically lose when time's up. (requested by CigarSmokerForever)\n|\n|t:|1700248677\n|start\n|switch|p1a: Baba Yaga|Grimmsnarl, M, shiny|100\/100\n|switch|p2a: Kommo-o|Kommo-o, F|100\/100\n|turn|1\n|\n|t:|1700248687\n|switch|p2a: Tapu Koko|Tapu Koko|100\/100\n|-fieldstart|move: Electric Terrain|[from] ability: Electric Surge|[of] p2a: Tapu Koko\n|move|p1a: Baba Yaga|Light Screen|p1a: Baba Yaga\n|-sidestart|p1: testing a funni3|move: Light Screen\n|\n|upkeep\n|turn|2\n|\n|t:|1700248691\n|move|p1a: Baba Yaga|Taunt|p2a: Tapu Koko\n|-start|p2a: Tapu Koko|move: Taunt\n|cant|p2a: Tapu Koko|move: Taunt|Light Screen\n|\n|upkeep\n|turn|3\n|\n|t:|1700248700\n|move|p1a: Baba Yaga|Reflect|p1a: Baba Yaga\n|-sidestart|p1: testing a funni3|Reflect\n|move|p2a: Tapu Koko|Thunderbolt|p1a: Baba Yaga\n|-damage|p1a: Baba Yaga|81\/100\n|\n|upkeep\n|turn|4\n|\n|t:|1700248704\n|switch|p1a: Moon Beast|Ursaluna, M|100\/100\n|move|p2a: Tapu Koko|Thunderbolt|p1a: Moon Beast\n|-immune|p1a: Moon Beast\n|\n|-end|p2a: Tapu Koko|move: Taunt\n|-status|p1a: Moon Beast|brn|[from] item: Flame Orb\n|upkeep\n|turn|5\n|\n|t:|1700248707\n|move|p2a: Tapu Koko|Reflect|p2a: Tapu Koko\n|-sidestart|p2: CigarSmokerForever|Reflect\n|move|p1a: Moon Beast|Swords Dance|p1a: Moon Beast\n|-boost|p1a: Moon Beast|atk|2\n|\n|-damage|p1a: Moon Beast|94\/100 brn|[from] brn\n|upkeep\n|turn|6\n|\n|t:|1700248713\n|move|p2a: Tapu Koko|Light Screen|p2a: Tapu Koko\n|-sidestart|p2: CigarSmokerForever|move: Light Screen\n|move|p1a: Moon Beast|Facade|p2a: Tapu Koko\n|-damage|p2a: Tapu Koko|0 fnt\n|faint|p2a: Tapu Koko\n|\n|-damage|p1a: Moon Beast|88\/100 brn|[from] brn\n|upkeep\n|\n|t:|1700248720\n|switch|p2a: Urshifu|Urshifu-Rapid-Strike, M|100\/100\n|turn|7\n|\n|t:|1700248728\n|move|p2a: Urshifu|Surging Strikes|p1a: Moon Beast\n|-supereffective|p1a: Moon Beast\n|-crit|p1a: Moon Beast\n|-damage|p1a: Moon Beast|51\/100 brn\n|-supereffective|p1a: Moon Beast\n|-crit|p1a: Moon Beast\n|-damage|p1a: Moon Beast|15\/100 brn\n|-supereffective|p1a: Moon Beast\n|-crit|p1a: Moon Beast\n|-damage|p1a: Moon Beast|0 fnt\n|faint|p1a: Moon Beast\n|-hitcount|p1: Moon Beast|3\n|\n|upkeep\n|\n|t:|1700248738\n|switch|p1a: Baba Yaga|Grimmsnarl, M, shiny|81\/100\n|turn|8\n|\n|t:|1700248744\n|move|p2a: Urshifu|Surging Strikes|p1a: Baba Yaga\n|-crit|p1a: Baba Yaga\n|-damage|p1a: Baba Yaga|63\/100\n|-crit|p1a: Baba Yaga\n|-damage|p1a: Baba Yaga|46\/100\n|-crit|p1a: Baba Yaga\n|-damage|p1a: Baba Yaga|29\/100\n|-hitcount|p1a: Baba Yaga|3\n|move|p1a: Baba Yaga|Foul Play|p2a: Urshifu\n|-resisted|p2a: Urshifu\n|-damage|p2a: Urshifu|89\/100\n|\n|-sideend|p1: testing a funni3|move: Light Screen\n|-fieldend|move: Electric Terrain\n|upkeep\n|turn|9\n|\n|t:|1700248751\n|switch|p1a: Iron Hands|Iron Hands|100\/100\n|move|p2a: Urshifu|Surging Strikes|p1a: Iron Hands\n|-crit|p1a: Iron Hands\n|-damage|p1a: Iron Hands|85\/100\n|-crit|p1a: Iron Hands\n|-damage|p1a: Iron Hands|68\/100\n|-crit|p1a: Iron Hands\n|-damage|p1a: Iron Hands|52\/100\n|-hitcount|p1a: Iron Hands|3\n|\n|-sideend|p2: CigarSmokerForever|Reflect\n|upkeep\n|turn|10\n|\n|t:|1700248754\n|move|p2a: Urshifu|Surging Strikes|p1a: Iron Hands\n|-crit|p1a: Iron Hands\n|-damage|p1a: Iron Hands|37\/100\n|-crit|p1a: Iron Hands\n|-damage|p1a: Iron Hands|22\/100\n|-crit|p1a: Iron Hands\n|-damage|p1a: Iron Hands|7\/100\n|-hitcount|p1a: Iron Hands|3\n|move|p1a: Iron Hands|Thunder Punch|p2a: Urshifu\n|-supereffective|p2a: Urshifu\n|-damage|p2a: Urshifu|0 fnt\n|faint|p2a: Urshifu\n|\n|-sideend|p1: testing a funni3|Reflect\n|-sideend|p2: CigarSmokerForever|move: Light Screen\n|upkeep\n|\n|t:|1700248759\n|switch|p2a: Kommo-o|Kommo-o, F|100\/100\n|turn|11\n|\n|t:|1700248763\n|-end|p1a: Iron Hands|Quark Drive|[silent]\n|switch|p1a: Iron Valiant|Iron Valiant|100\/100\n|-enditem|p1a: Iron Valiant|Booster Energy\n|-activate|p1a: Iron Valiant|ability: Quark Drive|[fromitem]\n|-start|p1a: Iron Valiant|quarkdrivespe\n|-zpower|p2a: Kommo-o\n|move|p2a: Kommo-o|Clangorous Soulblaze|p1a: Iron Valiant|[zeffect]\n|-immune|p1a: Iron Valiant\n|\n|upkeep\n|turn|12\n|\n|t:|1700248773\n|move|p1a: Iron Valiant|Calm Mind|p1a: Iron Valiant\n|-boost|p1a: Iron Valiant|spa|1\n|-boost|p1a: Iron Valiant|spd|1\n|move|p2a: Kommo-o|Stealth Rock|p1a: Iron Valiant\n|-sidestart|p1: testing a funni3|move: Stealth Rock\n|\n|upkeep\n|turn|13\n|\n|t:|1700248776\n|move|p1a: Iron Valiant|Moonblast|p2a: Kommo-o\n|-supereffective|p2a: Kommo-o\n|-damage|p2a: Kommo-o|0 fnt\n|faint|p2a: Kommo-o\n|\n|upkeep\n|\n|t:|1700248780\n|switch|p2a: Scizor|Scizor, F|100\/100\n|turn|14\n|\n|t:|1700248786\n|detailschange|p2a: Scizor|Scizor-Mega, F\n|-mega|p2a: Scizor|Scizor|Scizorite\n|-terastallize|p1a: Iron Valiant|Ghost\n|move|p2a: Scizor|Bullet Punch|p1a: Iron Valiant\n|-damage|p1a: Iron Valiant|55\/100\n|move|p1a: Iron Valiant|Focus Blast|p2a: Scizor\n|-damage|p2a: Scizor|14\/100\n|\n|upkeep\n|turn|15\n|\n|t:|1700248791\n|move|p2a: Scizor|Bullet Punch|p1a: Iron Valiant\n|-damage|p1a: Iron Valiant|4\/100\n|move|p1a: Iron Valiant|Moonblast|p2a: Scizor\n|-resisted|p2a: Scizor\n|-damage|p2a: Scizor|0 fnt\n|faint|p2a: Scizor\n|\n|upkeep\n|\n|t:|1700248796\n|switch|p2a: Sneasler|Sneasler, M|100\/100\n|turn|16\n|\n|t:|1700248801\n|-terastallize|p2a: Sneasler|Flying\n|move|p1a: Iron Valiant|Moonblast|p2a: Sneasler\n|-damage|p2a: Sneasler|9\/100\n|-unboost|p2a: Sneasler|spa|1\n|move|p2a: Sneasler|Dire Claw|p1a: Iron Valiant\n|-resisted|p1a: Iron Valiant\n|-damage|p1a: Iron Valiant|0 fnt\n|faint|p1a: Iron Valiant\n|-end|p1a: Iron Valiant|Quark Drive|[silent]\n|\n|upkeep\n|\n|t:|1700248806\n|switch|p1a: Baba Yaga|Grimmsnarl, M, shiny|29\/100\n|-damage|p1a: Baba Yaga|17\/100|[from] Stealth Rock\n|turn|17\n|\n|t:|1700248823\n|move|p1a: Baba Yaga|Reflect|p1a: Baba Yaga\n|-sidestart|p1: testing a funni3|Reflect\n|move|p2a: Sneasler|Acrobatics|p1a: Baba Yaga\n|-damage|p1a: Baba Yaga|3\/100\n|\n|upkeep\n|turn|18\n|\n|t:|1700248831\n|move|p1a: Baba Yaga|Light Screen|p1a: Baba Yaga\n|-sidestart|p1: testing a funni3|move: Light Screen\n|move|p2a: Sneasler|Acrobatics|p1a: Baba Yaga\n|-damage|p1a: Baba Yaga|0 fnt\n|faint|p1a: Baba Yaga\n|\n|upkeep\n|\n|t:|1700248839\n|switch|p1a: Shadow Dragon|Gyarados, F, shiny|100\/100\n|-damage|p1a: Shadow Dragon|75\/100|[from] Stealth Rock\n|-ability|p1a: Shadow Dragon|Intimidate|boost\n|-unboost|p2a: Sneasler|atk|1\n|turn|19\n|\n|t:|1700248844\n|detailschange|p1a: Shadow Dragon|Gyarados-Mega, F, shiny\n|-mega|p1a: Shadow Dragon|Gyarados|Gyaradosite\n|-ability|p1a: Shadow Dragon|Mold Breaker\n|move|p2a: Sneasler|Acrobatics|p1a: Shadow Dragon\n|-damage|p1a: Shadow Dragon|64\/100\n|move|p1a: Shadow Dragon|Dragon Dance|p1a: Shadow Dragon\n|-boost|p1a: Shadow Dragon|atk|1\n|-boost|p1a: Shadow Dragon|spe|1\n|\n|upkeep\n|turn|20\n|\n|t:|1700248849\n|move|p1a: Shadow Dragon|Waterfall|p2a: Sneasler\n|-damage|p2a: Sneasler|0 fnt\n|faint|p2a: Sneasler\n|\n|upkeep\n|\n|t:|1700248851\n|switch|p2a: Volcarona|Volcarona, M|100\/100\n|turn|21\n|\n|t:|1700248854\n|move|p1a: Shadow Dragon|Waterfall|p2a: Volcarona\n|-supereffective|p2a: Volcarona\n|-damage|p2a: Volcarona|0 fnt\n|faint|p2a: Volcarona\n|\n|win|testing a funni3\n|raw|testing a funni3's rating: 1480 &rarr; <strong>1501<\/strong><br \/>(+21 for winning)\n|raw|CigarSmokerForever's rating: 1504 &rarr; <strong>1483<\/strong><br \/>(-21 for losing)\n|l|\u2606CigarSmokerForever\n","uploadtime":1700248861,"views":7,"p1id":"testingafunni3","p2id":"cigarsmokerforever","formatid":"gen9nationaldex","rating":1483,"private":0,"password":""}