{"id":"gen9nationaldex-1994377001","p1":"Tank Tests","p2":"NotAmazingYT","format":"[Gen 9] National Dex","log":"|j|\u2606Tank Tests\n|j|\u2606NotAmazingYT\n|t:|1700436931\n|gametype|singles\n|player|p1|Tank Tests|1|1272\n|player|p2|NotAmazingYT|cynthia-gen4|1251\n|teamsize|p1|6\n|teamsize|p2|6\n|gen|9\n|tier|[Gen 9] National Dex\n|rated|\n|rule|HP Percentage Mod: HP is shown in percentages\n|rule|Endless Battle Clause: Forcing endless battles is banned\n|rule|OHKO Clause: OHKO moves are banned\n|rule|Evasion Clause: Evasion abilities, items, and moves are banned\n|rule|Evasion Abilities Clause: Evasion abilities are banned\n|rule|Evasion Items Clause: Evasion items are banned\n|rule|Evasion Moves Clause: Evasion moves are banned\n|rule|Species Clause: Limit one of each Pok\u00e9mon\n|rule|Sleep Clause Mod: Limit one foe put to sleep\n|clearpoke\n|poke|p1|Pawmot, F|\n|poke|p1|Rabsca, M|\n|poke|p1|Banette, M|\n|poke|p1|Victini|\n|poke|p1|Dragonite, F|\n|poke|p1|Forretress, F|\n|poke|p2|Garchomp, F|\n|poke|p2|Gliscor, M|\n|poke|p2|Heatran, M|\n|poke|p2|Manaphy|\n|poke|p2|Zoroark-Hisui, M|\n|poke|p2|Weavile, M|\n|teampreview\n|\n|t:|1700436948\n|start\n|switch|p1a: Victini|Victini|100\/100\n|switch|p2a: DeepDish|Heatran, M|100\/100\n|turn|1\n|\n|t:|1700436956\n|move|p1a: Victini|Final Gambit|p2a: DeepDish\n|-damage|p2a: DeepDish|12\/100\n|faint|p1a: Victini\n|move|p2a: DeepDish|Stealth Rock|p1: Victini\n|-sidestart|p1: Tank Tests|move: Stealth Rock\n|\n|-heal|p2a: DeepDish|18\/100|[from] item: Leftovers\n|upkeep\n|\n|t:|1700436964\n|switch|p1a: Banette|Banette, M|100\/100\n|-damage|p1a: Banette|88\/100|[from] Stealth Rock\n|turn|2\n|\n|t:|1700436967\n|detailschange|p1a: Banette|Banette-Mega, M\n|-mega|p1a: Banette|Banette|Banettite\n|move|p1a: Banette|Encore|p2a: DeepDish\n|-start|p2a: DeepDish|Encore\n|move|p2a: DeepDish|Stealth Rock||[still]\n|-fail|p2a: DeepDish\n|\n|-heal|p2a: DeepDish|24\/100|[from] item: Leftovers\n|upkeep\n|turn|3\n|\n|t:|1700436973\n|switch|p2a: Twilight|Gliscor, M|100\/100\n|move|p1a: Banette|Poltergeist|p2a: Twilight\n|-activate|p2a: Twilight|move: Poltergeist|Toxic Orb\n|-damage|p2a: Twilight|52\/100\n|\n|-status|p2a: Twilight|tox|[from] item: Toxic Orb\n|upkeep\n|turn|4\n|\n|t:|1700436983\n|move|p1a: Banette|Poltergeist|p2a: Twilight\n|-activate|p2a: Twilight|move: Poltergeist|Toxic Orb\n|-damage|p2a: Twilight|3\/100 tox\n|move|p2a: Twilight|Toxic|p1a: Banette\n|-status|p1a: Banette|tox\n|\n|-damage|p1a: Banette|82\/100 tox|[from] psn\n|-heal|p2a: Twilight|16\/100 tox|[from] ability: Poison Heal\n|upkeep\n|turn|5\n|\n|t:|1700436990\n|switch|p2a: Cyrus|Weavile, M|100\/100\n|move|p1a: Banette|Encore||[still]\n|-fail|p1a: Banette\n|\n|-damage|p1a: Banette|71\/100 tox|[from] psn\n|upkeep\n|turn|6\n|\n|t:|1700436998\n|move|p1a: Banette|Destiny Bond|p1a: Banette\n|-singlemove|p1a: Banette|Destiny Bond\n|move|p2a: Cyrus|Shadow Ball|p1a: Banette\n|-supereffective|p1a: Banette\n|-damage|p1a: Banette|0 fnt\n|faint|p1a: Banette\n|-activate|p1a: Banette|move: Destiny Bond\n|faint|p2a: Cyrus\n|\n|upkeep\n|\n|t:|1700437008\n|switch|p2a: Cyrus|Weavile, M|100\/100\n|switch|p1a: Forretress|Forretress, F|100\/100\n|-ability|p2a: Cyrus|Pressure\n|turn|7\n|inactive|Battle timer is ON: inactive players will automatically lose when time's up. (requested by Tank Tests)\n|inactive|NotAmazingYT has 120 seconds left.\n|\n|t:|1700437109\n|switch|p2a: DeepDish|Heatran, M|24\/100\n|move|p1a: Forretress|Thunder Wave|p2a: DeepDish\n|-status|p2a: DeepDish|par\n|\n|-heal|p2a: DeepDish|31\/100 par|[from] item: Leftovers\n|upkeep\n|turn|8\n|\n|t:|1700437115\n|move|p1a: Forretress|Rapid Spin|p2a: DeepDish\n|-resisted|p2a: DeepDish\n|-crit|p2a: DeepDish\n|-damage|p2a: DeepDish|24\/100 par\n|-boost|p1a: Forretress|spe|1\n|-sideend|p1: Tank Tests|Stealth Rock|[from] move: Rapid Spin|[of] p1a: Forretress\n|move|p2a: DeepDish|Magma Storm|p1a: Forretress\n|-supereffective|p1a: Forretress\n|-ability|p1a: Forretress|Sturdy\n|-damage|p1a: Forretress|1\/100\n|-activate|p1a: Forretress|move: Magma Storm|[of] p2a: DeepDish\n|\n|-heal|p2a: DeepDish|30\/100 par|[from] item: Leftovers\n|-damage|p1a: Forretress|0 fnt|[from] move: Magma Storm|[partiallytrapped]\n|faint|p1a: Forretress\n|upkeep\n|\n|t:|1700437125\n|switch|p1a: Pawmot|Pawmot, F|100\/100\n|turn|9\n|\n|t:|1700437145\n|move|p1a: Pawmot|Close Combat|p2a: DeepDish\n|-supereffective|p2a: DeepDish\n|-damage|p2a: DeepDish|0 fnt\n|-unboost|p1a: Pawmot|def|1\n|-unboost|p1a: Pawmot|spd|1\n|faint|p2a: DeepDish\n|\n|upkeep\n|\n|t:|1700437156\n|switch|p2a: Cyrus|Weavile, M|100\/100\n|-ability|p2a: Cyrus|Pressure\n|turn|10\n|\n|t:|1700437166\n|switch|p1a: Rabsca|Rabsca, M|100\/100\n|move|p2a: Cyrus|Triple Axel|p1a: Rabsca\n|-damage|p1a: Rabsca|87\/100\n|-damage|p1a: Rabsca|62\/100\n|-damage|p1a: Rabsca|25\/100\n|-hitcount|p1a: Rabsca|3\n|\n|upkeep\n|turn|11\n|\n|t:|1700437175\n|move|p2a: Cyrus|Triple Axel|p1a: Rabsca\n|-damage|p1a: Rabsca|12\/100\n|-hitcount|p1a: Rabsca|1\n|move|p1a: Rabsca|Bug Buzz|p2a: Cyrus\n|-supereffective|p2a: Cyrus\n|-damage|p2a: Cyrus|0 fnt\n|faint|p2a: Cyrus\n|\n|upkeep\n|\n|t:|1700437187\n|switch|p2a: Cynthia|Garchomp, F|100\/100\n|turn|12\n|\n|t:|1700437192\n|move|p2a: Cynthia|Scale Shot|p1a: Rabsca\n|-damage|p1a: Rabsca|0 fnt\n|faint|p1a: Rabsca\n|-hitcount|p1: Rabsca|1\n|-unboost|p2a: Cynthia|def|1\n|-boost|p2a: Cynthia|spe|1\n|\n|upkeep\n|\n|t:|1700437196\n|switch|p1a: Dragonite|Dragonite, F|100\/100\n|turn|13\n|\n|t:|1700437214\n|detailschange|p2a: Cynthia|Garchomp-Mega, F\n|-mega|p2a: Cynthia|Garchomp|Garchompite\n|move|p2a: Cynthia|Swords Dance|p2a: Cynthia\n|-boost|p2a: Cynthia|atk|2\n|move|p1a: Dragonite|Dragon Claw|p2a: Cynthia\n|-supereffective|p2a: Cynthia\n|-damage|p2a: Cynthia|0 fnt\n|faint|p2a: Cynthia\n|\n|upkeep\n|\n|t:|1700437228\n|switch|p2a: Gummis|Manaphy|100\/100\n|turn|14\n|\n|t:|1700437231\n|move|p2a: Gummis|Tail Glow|p2a: Gummis\n|-boost|p2a: Gummis|spa|3\n|move|p1a: Dragonite|Dragon Dance|p1a: Dragonite\n|-boost|p1a: Dragonite|atk|1\n|-boost|p1a: Dragonite|spe|1\n|\n|upkeep\n|turn|15\n|\n|t:|1700437240\n|-terastallize|p1a: Dragonite|Normal\n|move|p1a: Dragonite|Extreme Speed|p2a: Gummis\n|-damage|p2a: Gummis|38\/100\n|move|p2a: Gummis|Dazzling Gleam|p1a: Dragonite\n|-damage|p1a: Dragonite|76\/100\n|\n|upkeep\n|turn|16\n|\n|t:|1700437257\n|move|p1a: Dragonite|Extreme Speed|p2a: Gummis\n|-damage|p2a: Gummis|0 fnt\n|faint|p2a: Gummis\n|\n|upkeep\n|\n|t:|1700437260\n|switch|p2a: Twilight|Gliscor, M|16\/100 tox\n|turn|17\n|\n|t:|1700437263\n|move|p1a: Dragonite|Extreme Speed|p2a: Twilight\n|-damage|p2a: Twilight|0 fnt\n|faint|p2a: Twilight\n|\n|win|Tank Tests\n|raw|Tank Tests's rating: 1300 &rarr; <strong>1321<\/strong><br \/>(+21 for winning)\n|raw|NotAmazingYT's rating: 1251 &rarr; <strong>1230<\/strong><br \/>(-21 for losing)\n|l|\u2606NotAmazingYT\n|c|\u2606Tank Tests|gg\n","uploadtime":1700437273,"views":12,"p1id":"tanktests","p2id":"notamazingyt","formatid":"gen9nationaldex","rating":1230,"private":0,"password":""}