{"id":"gen9nationaldex-1993955509","p1":"Ezbes","p2":"duststeambread","format":"[Gen 9] National Dex","log":"|j|\u2606Ezbes\n|j|\u2606duststeambread\n|t:|1700382266\n|gametype|singles\n|player|p1|Ezbes|bellelba|1054\n|player|p2|duststeambread|dawn|1183\n|teamsize|p1|6\n|teamsize|p2|6\n|gen|9\n|tier|[Gen 9] National Dex\n|rated|\n|rule|HP Percentage Mod: HP is shown in percentages\n|rule|Endless Battle Clause: Forcing endless battles is banned\n|rule|OHKO Clause: OHKO moves are banned\n|rule|Evasion Clause: Evasion abilities, items, and moves are banned\n|rule|Evasion Abilities Clause: Evasion abilities are banned\n|rule|Evasion Items Clause: Evasion items are banned\n|rule|Evasion Moves Clause: Evasion moves are banned\n|rule|Species Clause: Limit one of each Pok\u00e9mon\n|rule|Sleep Clause Mod: Limit one foe put to sleep\n|clearpoke\n|poke|p1|Charizard, F|\n|poke|p1|Lilligant-Hisui, F|\n|poke|p1|Arboliva, F|\n|poke|p1|Pelipper, M|\n|poke|p1|Lopunny, F|\n|poke|p1|Urshifu-*, F|\n|poke|p2|Sneasler, F|\n|poke|p2|Tapu Koko|\n|poke|p2|Iron Valiant|\n|poke|p2|Zapdos|\n|poke|p2|Ting-Lu|\n|poke|p2|Lopunny, F|\n|teampreview\n|\n|t:|1700382283\n|start\n|switch|p1a: Charizard|Charizard, F|100\/100\n|switch|p2a: Tapu Koko|Tapu Koko, shiny|100\/100\n|-fieldstart|move: Electric Terrain|[from] ability: Electric Surge|[of] p2a: Tapu Koko\n|turn|1\n|\n|t:|1700382295\n|detailschange|p1a: Charizard|Charizard-Mega-Y, F\n|-mega|p1a: Charizard|Charizard|Charizardite Y\n|-weather|SunnyDay|[from] ability: Drought|[of] p1a: Charizard\n|move|p2a: Tapu Koko|Wild Charge|p1a: Charizard\n|-supereffective|p1a: Charizard\n|-damage|p1a: Charizard|0 fnt\n|faint|p1a: Charizard\n|-damage|p2a: Tapu Koko|74\/100|[from] Recoil\n|-damage|p2a: Tapu Koko|64\/100|[from] item: Life Orb\n|\n|-weather|SunnyDay|[upkeep]\n|upkeep\n|\n|t:|1700382304\n|switch|p1a: Arboliva|Arboliva, F|100\/100\n|turn|2\n|\n|t:|1700382314\n|move|p2a: Tapu Koko|Brave Bird|p1a: Arboliva\n|-supereffective|p1a: Arboliva\n|-damage|p1a: Arboliva|0 fnt\n|faint|p1a: Arboliva\n|-damage|p2a: Tapu Koko|22\/100|[from] Recoil\n|-damage|p2a: Tapu Koko|13\/100|[from] item: Life Orb\n|\n|-weather|SunnyDay|[upkeep]\n|upkeep\n|\n|t:|1700382325\n|switch|p1a: Lilligant|Lilligant-Hisui, F|100\/100\n|turn|3\n|\n|t:|1700382333\n|switch|p2a: Sneasler|Sneasler, F|100\/100\n|-enditem|p2a: Sneasler|Electric Seed\n|-boost|p2a: Sneasler|def|1|[from] item: Electric Seed\n|move|p1a: Lilligant|Vacuum Wave|p2a: Sneasler\n|-resisted|p2a: Sneasler\n|-damage|p2a: Sneasler|95\/100\n|\n|-weather|SunnyDay|[upkeep]\n|upkeep\n|turn|4\n|\n|t:|1700382344\n|-terastallize|p2a: Sneasler|Flying\n|move|p2a: Sneasler|Acrobatics|p1a: Lilligant\n|-supereffective|p1a: Lilligant\n|-damage|p1a: Lilligant|0 fnt\n|faint|p1a: Lilligant\n|\n|-weather|SunnyDay|[upkeep]\n|upkeep\n|\n|t:|1700382351\n|switch|p1a: Lopunny|Lopunny, F|100\/100\n|turn|5\n|\n|t:|1700382357\n|move|p1a: Lopunny|Fake Out|p2a: Sneasler\n|-damage|p2a: Sneasler|78\/100\n|cant|p2a: Sneasler|flinch\n|\n|-weather|none\n|-fieldend|move: Electric Terrain\n|upkeep\n|turn|6\n|\n|t:|1700382363\n|move|p2a: Sneasler|Acrobatics|p1a: Lopunny\n|-damage|p1a: Lopunny|5\/100\n|move|p1a: Lopunny|U-turn|p2a: Sneasler\n|-resisted|p2a: Sneasler\n|-damage|p2a: Sneasler|69\/100\n|\n|t:|1700382369\n|switch|p1a: Pelipper|Pelipper, M|100\/100|[from] U-turn\n|-weather|RainDance|[from] ability: Drizzle|[of] p1a: Pelipper\n|\n|-weather|RainDance|[upkeep]\n|upkeep\n|turn|7\n|\n|t:|1700382376\n|move|p2a: Sneasler|Acrobatics|p1a: Pelipper\n|-damage|p1a: Pelipper|47\/100\n|move|p1a: Pelipper|Ice Beam|p2a: Sneasler\n|-supereffective|p2a: Sneasler\n|-damage|p2a: Sneasler|15\/100\n|-status|p2a: Sneasler|frz\n|\n|-weather|RainDance|[upkeep]\n|upkeep\n|turn|8\n|\n|t:|1700382385\n|cant|p2a: Sneasler|frz\n|move|p1a: Pelipper|Ice Beam|p2a: Sneasler\n|-supereffective|p2a: Sneasler\n|-damage|p2a: Sneasler|0 fnt\n|faint|p2a: Sneasler\n|\n|-weather|RainDance|[upkeep]\n|upkeep\n|\n|t:|1700382389\n|switch|p2a: Tapu Koko|Tapu Koko, shiny|13\/100\n|-fieldstart|move: Electric Terrain|[from] ability: Electric Surge|[of] p2a: Tapu Koko\n|turn|9\n|\n|t:|1700382395\n|move|p2a: Tapu Koko|Wild Charge|p1a: Pelipper\n|-supereffective|p1a: Pelipper\n|-damage|p1a: Pelipper|0 fnt\n|faint|p1a: Pelipper\n|-damage|p2a: Tapu Koko|0 fnt|[from] Recoil\n|faint|p2a: Tapu Koko\n|\n|-weather|RainDance|[upkeep]\n|upkeep\n|\n|t:|1700382402\n|switch|p2a: Iron Valiant|Iron Valiant|100\/100\n|switch|p1a: Lopunny|Lopunny, F|5\/100\n|-activate|p2a: Iron Valiant|ability: Quark Drive\n|-start|p2a: Iron Valiant|quarkdrivespe\n|turn|10\n|\n|t:|1700382407\n|move|p1a: Lopunny|Fake Out|p2a: Iron Valiant\n|-damage|p2a: Iron Valiant|83\/100\n|cant|p2a: Iron Valiant|flinch\n|\n|-weather|RainDance|[upkeep]\n|-heal|p1a: Lopunny|11\/100|[from] item: Leftovers\n|upkeep\n|turn|11\n|\n|t:|1700382417\n|move|p2a: Iron Valiant|Spirit Break|p1a: Lopunny\n|-damage|p1a: Lopunny|0 fnt\n|faint|p1a: Lopunny\n|-damage|p2a: Iron Valiant|73\/100|[from] item: Life Orb\n|\n|-weather|RainDance|[upkeep]\n|upkeep\n|\n|t:|1700382423\n|switch|p1a: Urshifu|Urshifu-Rapid-Strike, F|100\/100\n|turn|12\n|\n|t:|1700382428\n|move|p2a: Iron Valiant|Spirit Break|p1a: Urshifu\n|-supereffective|p1a: Urshifu\n|-damage|p1a: Urshifu|0 fnt\n|faint|p1a: Urshifu\n|-damage|p2a: Iron Valiant|63\/100|[from] item: Life Orb\n|\n|win|duststeambread\n|raw|Ezbes's rating: 1054 &rarr; <strong>1042<\/strong><br \/>(-12 for losing)\n|raw|duststeambread's rating: 1183 &rarr; <strong>1199<\/strong><br \/>(+16 for winning)\n","uploadtime":1700382440,"views":7,"p1id":"ezbes","p2id":"duststeambread","formatid":"gen9nationaldex","rating":1042,"private":0,"password":""}