{"id":"gen9nationaldex-2000468327","p1":"MidasTouchedMe","p2":"EvaroTheFox","format":"[Gen 9] National Dex","log":"|html|<div class=\"broadcast-blue\"><strong>[Gen 9] National Dex is currently suspecting Sneasler! For information on how to participate check out the <a href=\"https:\/\/www.smogon.com\/forums\/threads\/sv-national-dex-suspect-8-just-dance.3731534\/\">suspect thread<\/a>.<\/strong><\/div>\n|j|\u2606MidasTouchedMe\n|j|\u2606EvaroTheFox\n|t:|1701197343\n|gametype|singles\n|player|p1|MidasTouchedMe|2|1064\n|player|p2|EvaroTheFox|artist-gen4|1056\n|teamsize|p1|6\n|teamsize|p2|6\n|gen|9\n|tier|[Gen 9] National Dex\n|rated|\n|rule|HP Percentage Mod: HP is shown in percentages\n|rule|Endless Battle Clause: Forcing endless battles is banned\n|rule|OHKO Clause: OHKO moves are banned\n|rule|Evasion Clause: Evasion abilities, items, and moves are banned\n|rule|Evasion Abilities Clause: Evasion abilities are banned\n|rule|Evasion Items Clause: Evasion items are banned\n|rule|Evasion Moves Clause: Evasion moves are banned\n|rule|Species Clause: Limit one of each Pok\u00e9mon\n|rule|Sleep Clause Mod: Limit one foe put to sleep\n|clearpoke\n|poke|p1|Hatterene, F|\n|poke|p1|Camerupt, M|\n|poke|p1|Indeedee-F, F|\n|poke|p1|Octillery, M|\n|poke|p1|Xatu, M|\n|poke|p1|Deoxys-Defense|\n|poke|p2|Smeargle, M|\n|poke|p2|Azumarill, M|\n|poke|p2|Leafeon, M|\n|poke|p2|Ninetales, F|\n|poke|p2|Reuniclus, M|\n|poke|p2|Honchkrow, M|\n|teampreview\n|\n|t:|1701197348\n|start\n|switch|p1a: Hatterene|Hatterene, F|100\/100\n|switch|p2a: Reuniclus|Reuniclus, M|100\/100\n|turn|1\n|\n|t:|1701197355\n|move|p2a: Reuniclus|Calm Mind|p2a: Reuniclus\n|-boost|p2a: Reuniclus|spa|1\n|-boost|p2a: Reuniclus|spd|1\n|move|p1a: Hatterene|Trick Room|p1a: Hatterene\n|-fieldstart|move: Trick Room|[of] p1a: Hatterene\n|\n|upkeep\n|turn|2\n|\n|t:|1701197361\n|move|p1a: Hatterene|Calm Mind|p1a: Hatterene\n|-boost|p1a: Hatterene|spa|1\n|-boost|p1a: Hatterene|spd|1\n|move|p2a: Reuniclus|Calm Mind|p2a: Reuniclus\n|-boost|p2a: Reuniclus|spa|1\n|-boost|p2a: Reuniclus|spd|1\n|\n|upkeep\n|turn|3\n|\n|t:|1701197369\n|move|p1a: Hatterene|Calm Mind|p1a: Hatterene\n|-boost|p1a: Hatterene|spa|1\n|-boost|p1a: Hatterene|spd|1\n|move|p2a: Reuniclus|Calm Mind|p2a: Reuniclus\n|-boost|p2a: Reuniclus|spa|1\n|-boost|p2a: Reuniclus|spd|1\n|\n|upkeep\n|turn|4\n|\n|t:|1701197376\n|move|p1a: Hatterene|Calm Mind|p1a: Hatterene\n|-boost|p1a: Hatterene|spa|1\n|-boost|p1a: Hatterene|spd|1\n|move|p2a: Reuniclus|Calm Mind|p2a: Reuniclus\n|-boost|p2a: Reuniclus|spa|1\n|-boost|p2a: Reuniclus|spd|1\n|\n|upkeep\n|turn|5\n|\n|t:|1701197384\n|move|p1a: Hatterene|Calm Mind|p1a: Hatterene\n|-boost|p1a: Hatterene|spa|1\n|-boost|p1a: Hatterene|spd|1\n|move|p2a: Reuniclus|Calm Mind|p2a: Reuniclus\n|-boost|p2a: Reuniclus|spa|1\n|-boost|p2a: Reuniclus|spd|1\n|\n|-fieldend|move: Trick Room\n|upkeep\n|turn|6\n|\n|t:|1701197392\n|move|p2a: Reuniclus|Psychic|p1a: Hatterene\n|-resisted|p1a: Hatterene\n|-damage|p1a: Hatterene|78\/100\n|move|p1a: Hatterene|Calm Mind|p1a: Hatterene\n|-boost|p1a: Hatterene|spa|1\n|-boost|p1a: Hatterene|spd|1\n|\n|upkeep\n|turn|7\n|\n|t:|1701197401\n|move|p2a: Reuniclus|Psychic|p1a: Hatterene\n|-resisted|p1a: Hatterene\n|-damage|p1a: Hatterene|60\/100\n|move|p1a: Hatterene|Trick Room|p1a: Hatterene\n|-fieldstart|move: Trick Room|[of] p1a: Hatterene\n|\n|upkeep\n|turn|8\n|\n|t:|1701197407\n|move|p1a: Hatterene|Calm Mind|p1a: Hatterene\n|-boost|p1a: Hatterene|spa|1\n|-boost|p1a: Hatterene|spd|1\n|move|p2a: Reuniclus|Psychic|p1a: Hatterene\n|-resisted|p1a: Hatterene\n|-damage|p1a: Hatterene|43\/100\n|-unboost|p1a: Hatterene|spd|1\n|\n|upkeep\n|turn|9\n|\n|t:|1701197415\n|move|p1a: Hatterene|Psychic|p2a: Reuniclus\n|-resisted|p2a: Reuniclus\n|-damage|p2a: Reuniclus|73\/100\n|move|p2a: Reuniclus|Psychic|p1a: Hatterene\n|-resisted|p1a: Hatterene\n|-damage|p1a: Hatterene|23\/100\n|\n|-heal|p2a: Reuniclus|79\/100|[from] item: Leftovers\n|upkeep\n|turn|10\n|\n|t:|1701197424\n|move|p1a: Hatterene|Psychic|p2a: Reuniclus\n|-resisted|p2a: Reuniclus\n|-damage|p2a: Reuniclus|50\/100\n|-unboost|p2a: Reuniclus|spd|1\n|move|p2a: Reuniclus|Psychic|p1a: Hatterene\n|-resisted|p1a: Hatterene\n|-damage|p1a: Hatterene|3\/100\n|\n|-heal|p2a: Reuniclus|56\/100|[from] item: Leftovers\n|upkeep\n|turn|11\n|\n|t:|1701197447\n|move|p1a: Hatterene|Psychic|p2a: Reuniclus\n|-resisted|p2a: Reuniclus\n|-damage|p2a: Reuniclus|21\/100\n|move|p2a: Reuniclus|Recover|p2a: Reuniclus\n|-heal|p2a: Reuniclus|71\/100\n|\n|-heal|p2a: Reuniclus|77\/100|[from] item: Leftovers\n|-fieldend|move: Trick Room\n|upkeep\n|turn|12\n|-message|MidasTouchedMe forfeited.\n|\n|win|EvaroTheFox\n|raw|MidasTouchedMe's rating: 1064 &rarr; <strong>1044<\/strong><br \/>(-20 for losing)\n|raw|EvaroTheFox's rating: 1056 &rarr; <strong>1088<\/strong><br \/>(+32 for winning)\n|l|\u2606MidasTouchedMe\n","uploadtime":1701197460,"views":4,"p1id":"midastouchedme","p2id":"evarothefox","formatid":"gen9nationaldex","rating":1044,"private":0,"password":""}