{"id":"gen9nationaldex-1995007169","p1":"Sai4rr","p2":"Arlo Ghost","format":"[Gen 9] National Dex","log":"|html|<div class=\"broadcast-blue\"><strong>[Gen 9] National Dex is currently suspecting Sneasler! For information on how to participate check out the <a href=\"https:\/\/www.smogon.com\/forums\/threads\/sv-national-dex-suspect-8-just-dance.3731534\/\">suspect thread<\/a>.<\/strong><\/div>\n|j|\u2606Sai4rr\n|j|\u2606Arlo Ghost\n|t:|1700512771\n|gametype|singles\n|player|p1|Sai4rr|elesa|\n|player|p2|Arlo Ghost|mars|\n|teamsize|p1|6\n|teamsize|p2|6\n|gen|9\n|tier|[Gen 9] National Dex\n|rule|HP Percentage Mod: HP is shown in percentages\n|rule|Endless Battle Clause: Forcing endless battles is banned\n|rule|OHKO Clause: OHKO moves are banned\n|rule|Evasion Clause: Evasion abilities, items, and moves are banned\n|rule|Evasion Abilities Clause: Evasion abilities are banned\n|rule|Evasion Items Clause: Evasion items are banned\n|rule|Evasion Moves Clause: Evasion moves are banned\n|rule|Species Clause: Limit one of each Pok\u00e9mon\n|rule|Sleep Clause Mod: Limit one foe put to sleep\n|clearpoke\n|poke|p1|Sneasler, F|\n|poke|p1|Medicham, M|\n|poke|p1|Greninja-*, M|\n|poke|p1|Rillaboom, M|\n|poke|p1|Polteageist|\n|poke|p1|Maushold-Four|\n|poke|p2|Sableye, M|\n|poke|p2|Muk-Alola, M|\n|poke|p2|Mandibuzz, F|\n|poke|p2|Ting-Lu|\n|poke|p2|Grimmsnarl, M|\n|poke|p2|Hydreigon, M|\n|teampreview\n|c|\u2606Arlo Ghost|https:\/\/www.youtube.com\/watch?v=tP7_c81FouI\n|c|\u2606Arlo Ghost|suerte\n|\n|t:|1700512817\n|start\n|switch|p1a: Mediputas|Medicham, M, shiny|100\/100\n|switch|p2a: rangollum|Sableye, M|100\/100\n|turn|1\n|j| Sylveon(404)\n|j| Martu2863\n|\n|t:|1700512839\n|detailschange|p1a: Mediputas|Medicham-Mega, M, shiny\n|-mega|p1a: Mediputas|Medicham|Medichamite\n|move|p2a: rangollum|Will-O-Wisp|p1a: Mediputas\n|-status|p1a: Mediputas|brn\n|move|p1a: Mediputas|Ice Punch|p2a: rangollum\n|-damage|p2a: rangollum|72\/100\n|\n|-damage|p1a: Mediputas|94\/100 brn|[from] brn\n|upkeep\n|turn|2\n|j| Danwine\n|\n|t:|1700512853\n|switch|p2a: Sherkemo|Grimmsnarl, M|100\/100\n|move|p1a: Mediputas|Ice Punch|p2a: Sherkemo\n|-damage|p2a: Sherkemo|77\/100\n|\n|-damage|p1a: Mediputas|88\/100 brn|[from] brn\n|upkeep\n|turn|3\n|\n|t:|1700512867\n|switch|p1a: Macaco|Rillaboom, M|100\/100\n|-fieldstart|move: Grassy Terrain|[from] ability: Grassy Surge|[of] p1a: Macaco\n|move|p2a: Sherkemo|Reflect|p2a: Sherkemo\n|-sidestart|p2: Arlo Ghost|Reflect\n|\n|-heal|p2a: Sherkemo|83\/100|[from] Grassy Terrain\n|upkeep\n|turn|4\n|\n|t:|1700512880\n|move|p2a: Sherkemo|Parting Shot|p1a: Macaco\n|-unboost|p1a: Macaco|atk|1\n|-unboost|p1a: Macaco|spa|1\n|\n|t:|1700512882\n|switch|p2a: Winona|Mandibuzz, F|100\/100|[from] Parting Shot\n|move|p1a: Macaco|Brick Break|p2a: Winona\n|-sideend|p2: Arlo Ghost|Reflect\n|-damage|p2a: Winona|87\/100\n|-damage|p1a: Macaco|84\/100|[from] item: Rocky Helmet|[of] p2a: Winona\n|\n|-heal|p1a: Macaco|90\/100|[from] Grassy Terrain\n|upkeep\n|turn|5\n|\n|t:|1700512900\n|switch|p1a: Greninja|Greninja, M|100\/100\n|move|p2a: Winona|Toxic|p1a: Greninja\n|-status|p1a: Greninja|tox\n|\n|-damage|p1a: Greninja|95\/100 tox|[from] psn\n|upkeep\n|turn|6\n|\n|t:|1700512912\n|switch|p2a: Sherkemo|Grimmsnarl, M|83\/100\n|move|p1a: Greninja|Ice Beam|p2a: Sherkemo\n|-damage|p2a: Sherkemo|48\/100\n|\n|-heal|p1a: Greninja|100\/100 tox|[from] Grassy Terrain\n|-heal|p2a: Sherkemo|54\/100|[from] Grassy Terrain\n|-damage|p1a: Greninja|89\/100 tox|[from] psn\n|upkeep\n|turn|7\n|\n|t:|1700512925\n|move|p2a: Sherkemo|Light Screen|p2a: Sherkemo\n|-sidestart|p2: Arlo Ghost|move: Light Screen\n|move|p1a: Greninja|Ice Beam|p2a: Sherkemo\n|-crit|p2a: Sherkemo\n|-damage|p2a: Sherkemo|7\/100\n|\n|-heal|p1a: Greninja|95\/100 tox|[from] Grassy Terrain\n|-heal|p2a: Sherkemo|13\/100|[from] Grassy Terrain\n|-damage|p1a: Greninja|77\/100 tox|[from] psn\n|-fieldend|move: Grassy Terrain\n|upkeep\n|turn|8\n|\n|t:|1700512937\n|switch|p2a: Marijuano|Muk-Alola, M|100\/100\n|move|p1a: Greninja|Ice Beam|p2a: Marijuano\n|-damage|p2a: Marijuano|93\/100\n|\n|-damage|p1a: Greninja|53\/100 tox|[from] psn\n|upkeep\n|turn|9\n|\n|t:|1700512947\n|switch|p1a: Mediputas|Medicham-Mega, M, shiny|88\/100 brn\n|move|p2a: Marijuano|Knock Off|p1a: Mediputas\n|-damage|p1a: Mediputas|56\/100 brn\n|\n|-damage|p1a: Mediputas|50\/100 brn|[from] brn\n|upkeep\n|turn|10\n|\n|t:|1700512963\n|switch|p2a: Winona|Mandibuzz, F|87\/100\n|move|p1a: Mediputas|Fake Out|p2a: Winona\n|-damage|p2a: Winona|81\/100\n|-damage|p1a: Mediputas|33\/100 brn|[from] item: Rocky Helmet|[of] p2a: Winona\n|\n|-damage|p1a: Mediputas|27\/100 brn|[from] brn\n|upkeep\n|turn|11\n|\n|t:|1700512973\n|move|p1a: Mediputas|Ice Punch|p2a: Winona\n|-supereffective|p2a: Winona\n|-damage|p2a: Winona|58\/100\n|-damage|p1a: Mediputas|11\/100 brn|[from] item: Rocky Helmet|[of] p2a: Winona\n|move|p2a: Winona|Foul Play|p1a: Mediputas\n|-damage|p1a: Mediputas|0 fnt\n|faint|p1a: Mediputas\n|\n|upkeep\n|\n|t:|1700512991\n|switch|p1a: Greninja|Greninja, M|53\/100 tox\n|turn|12\n|\n|t:|1700512996\n|switch|p2a: Marijuano|Muk-Alola, M|93\/100\n|move|p1a: Greninja|Surf|p2a: Marijuano\n|-damage|p2a: Marijuano|81\/100\n|\n|-damage|p1a: Greninja|47\/100 tox|[from] psn\n|upkeep\n|turn|13\n|\n|t:|1700513018\n|switch|p1a: Macaco|Rillaboom, M|90\/100\n|-fieldstart|move: Grassy Terrain|[from] ability: Grassy Surge|[of] p1a: Macaco\n|move|p2a: Marijuano|Poison Jab|p1a: Macaco\n|-supereffective|p1a: Macaco\n|-damage|p1a: Macaco|25\/100\n|\n|-heal|p1a: Macaco|31\/100|[from] Grassy Terrain\n|-heal|p2a: Marijuano|87\/100|[from] Grassy Terrain\n|upkeep\n|turn|14\n|\n|t:|1700513029\n|switch|p2a: Winona|Mandibuzz, F|58\/100\n|move|p1a: Macaco|Brick Break|p2a: Winona\n|-sideend|p2: Arlo Ghost|move: Light Screen\n|-damage|p2a: Winona|37\/100\n|-damage|p1a: Macaco|14\/100|[from] item: Rocky Helmet|[of] p2a: Winona\n|\n|-heal|p1a: Macaco|20\/100|[from] Grassy Terrain\n|upkeep\n|turn|15\n|\n|t:|1700513041\n|move|p1a: Macaco|Brick Break|p2a: Winona\n|-damage|p2a: Winona|17\/100\n|-damage|p1a: Macaco|4\/100|[from] item: Rocky Helmet|[of] p2a: Winona\n|move|p2a: Winona|Roost|p2a: Winona\n|-heal|p2a: Winona|67\/100\n|-singleturn|p2a: Winona|move: Roost\n|\n|-heal|p1a: Macaco|10\/100|[from] Grassy Terrain\n|-heal|p2a: Winona|74\/100|[from] Grassy Terrain\n|upkeep\n|turn|16\n|\n|t:|1700513056\n|move|p1a: Macaco|Brick Break|p2a: Winona\n|-crit|p2a: Winona\n|-damage|p2a: Winona|42\/100\n|-damage|p1a: Macaco|0 fnt|[from] item: Rocky Helmet|[of] p2a: Winona\n|faint|p1a: Macaco\n|move|p2a: Winona|Roost|p2a: Winona\n|-heal|p2a: Winona|92\/100\n|-singleturn|p2a: Winona|move: Roost\n|\n|-heal|p2a: Winona|98\/100|[from] Grassy Terrain\n|upkeep\n|\n|t:|1700513082\n|switch|p1a: Greninja|Greninja, M|47\/100 tox\n|turn|17\n|\n|t:|1700513089\n|switch|p2a: Marijuano|Muk-Alola, M|87\/100\n|move|p1a: Greninja|Ice Beam|p2a: Marijuano\n|-damage|p2a: Marijuano|72\/100\n|\n|-heal|p1a: Greninja|53\/100 tox|[from] Grassy Terrain\n|-heal|p2a: Marijuano|78\/100|[from] Grassy Terrain\n|-damage|p1a: Greninja|47\/100 tox|[from] psn\n|-fieldend|move: Grassy Terrain\n|upkeep\n|turn|18\n|\n|t:|1700513105\n|switch|p1a: La veneno|Sneasler, F, shiny|100\/100\n|move|p2a: Marijuano|Poison Jab|p1a: La veneno\n|-resisted|p1a: La veneno\n|-damage|p1a: La veneno|77\/100\n|\n|upkeep\n|turn|19\n|\n|t:|1700513115\n|switch|p2a: Sherkemo|Grimmsnarl, M|13\/100\n|move|p1a: La veneno|Swords Dance|p1a: La veneno\n|-boost|p1a: La veneno|atk|2\n|\n|upkeep\n|turn|20\n|\n|t:|1700513125\n|move|p2a: Sherkemo|Reflect|p2a: Sherkemo\n|-sidestart|p2: Arlo Ghost|Reflect\n|move|p1a: La veneno|Dire Claw|p2a: Sherkemo\n|-supereffective|p2a: Sherkemo\n|-damage|p2a: Sherkemo|0 fnt\n|faint|p2a: Sherkemo\n|\n|upkeep\n|\n|t:|1700513132\n|switch|p2a: Winona|Mandibuzz, F|98\/100\n|turn|21\n|\n|t:|1700513151\n|move|p1a: La veneno|Dire Claw|p2a: Winona\n|-damage|p2a: Winona|74\/100\n|-status|p2a: Winona|slp\n|-damage|p1a: La veneno|60\/100|[from] item: Rocky Helmet|[of] p2a: Winona\n|cant|p2a: Winona|slp\n|\n|upkeep\n|turn|22\n|l| Martu2863\n|c| Sylveon(404)|arlo tu puedes\n|c|\u2606Arlo Ghost|despierta\n|\n|t:|1700513161\n|switch|p1a: Org\u00eda|Maushold-Four|100\/100\n|cant|p2a: Winona|slp\n|\n|upkeep\n|turn|23\n|c|\u2606Arlo Ghost|vamos\n|\n|t:|1700513169\n|move|p1a: Org\u00eda|Tidy Up|p1a: Org\u00eda\n|-boost|p1a: Org\u00eda|atk|1\n|-boost|p1a: Org\u00eda|spe|1\n|cant|p2a: Winona|slp\n|\n|upkeep\n|turn|24\n|\n|t:|1700513178\n|move|p1a: Org\u00eda|Population Bomb|p2a: Winona\n|-damage|p2a: Winona|69\/100 slp\n|-damage|p1a: Org\u00eda|84\/100|[from] item: Rocky Helmet|[of] p2a: Winona\n|-damage|p2a: Winona|64\/100 slp\n|-damage|p1a: Org\u00eda|67\/100|[from] item: Rocky Helmet|[of] p2a: Winona\n|-damage|p2a: Winona|60\/100 slp\n|-damage|p1a: Org\u00eda|51\/100|[from] item: Rocky Helmet|[of] p2a: Winona\n|-damage|p2a: Winona|56\/100 slp\n|-damage|p1a: Org\u00eda|34\/100|[from] item: Rocky Helmet|[of] p2a: Winona\n|-damage|p2a: Winona|51\/100 slp\n|-damage|p1a: Org\u00eda|17\/100|[from] item: Rocky Helmet|[of] p2a: Winona\n|-damage|p2a: Winona|46\/100 slp\n|-damage|p1a: Org\u00eda|1\/100|[from] item: Rocky Helmet|[of] p2a: Winona\n|-damage|p2a: Winona|42\/100 slp\n|-damage|p1a: Org\u00eda|0 fnt|[from] item: Rocky Helmet|[of] p2a: Winona\n|faint|p1a: Org\u00eda\n|-hitcount|p2a: Winona|7\n|-curestatus|p2a: Winona|slp|[msg]\n|move|p2a: Winona|Roost|p2a: Winona\n|-heal|p2a: Winona|92\/100\n|-singleturn|p2a: Winona|move: Roost\n|\n|upkeep\n|c|\u2606Sai4rr|Lpm\n|c| Danwine|que\n|\n|t:|1700513210\n|switch|p1a: Greninja|Greninja, M|47\/100 tox\n|turn|25\n|c| Sylveon(404)|so\n|\n|t:|1700513217\n|switch|p2a: Marijuano|Muk-Alola, M|78\/100\n|move|p1a: Greninja|Ice Beam|p2a: Marijuano\n|-damage|p2a: Marijuano|61\/100\n|\n|-damage|p1a: Greninja|41\/100 tox|[from] psn\n|upkeep\n|turn|26\n|\n|t:|1700513228\n|switch|p1a: La veneno|Sneasler, F, shiny|60\/100\n|move|p2a: Marijuano|Poison Jab|p1a: La veneno\n|-resisted|p1a: La veneno\n|-damage|p1a: La veneno|35\/100\n|\n|upkeep\n|turn|27\n|\n|t:|1700513239\n|move|p1a: La veneno|Swords Dance|p1a: La veneno\n|-boost|p1a: La veneno|atk|2\n|move|p2a: Marijuano|Fire Punch|p1a: La veneno\n|-damage|p1a: La veneno|4\/100\n|\n|-sideend|p2: Arlo Ghost|Reflect\n|upkeep\n|turn|28\n|\n|t:|1700513261\n|move|p2a: Marijuano|Shadow Sneak|p1a: La veneno\n|-damage|p1a: La veneno|0 fnt\n|faint|p1a: La veneno\n|\n|upkeep\n|\n|t:|1700513270\n|switch|p1a: Greninja|Greninja, M|41\/100 tox\n|turn|29\n|\n|t:|1700513277\n|move|p1a: Greninja|Dark Pulse|p2a: Marijuano\n|-resisted|p2a: Marijuano\n|-damage|p2a: Marijuano|51\/100\n|cant|p2a: Marijuano|flinch\n|\n|-damage|p1a: Greninja|35\/100 tox|[from] psn\n|upkeep\n|turn|30\n|\n|t:|1700513286\n|switch|p2a: Ti-lin|Ting-Lu|100\/100\n|-ability|p2a: Ti-lin|Vessel of Ruin\n|move|p1a: Greninja|Dark Pulse|p2a: Ti-lin\n|-resisted|p2a: Ti-lin\n|-damage|p2a: Ti-lin|87\/100\n|\n|-heal|p2a: Ti-lin|93\/100|[from] item: Leftovers\n|-damage|p1a: Greninja|23\/100 tox|[from] psn\n|upkeep\n|turn|31\n|\n|t:|1700513300\n|move|p1a: Greninja|Dark Pulse|p2a: Ti-lin\n|-resisted|p2a: Ti-lin\n|-damage|p2a: Ti-lin|80\/100\n|move|p2a: Ti-lin|Stealth Rock|p1a: Greninja\n|-sidestart|p1: Sai4rr|move: Stealth Rock\n|\n|-heal|p2a: Ti-lin|86\/100|[from] item: Leftovers\n|-damage|p1a: Greninja|5\/100 tox|[from] psn\n|upkeep\n|turn|32\n|\n|t:|1700513311\n|move|p1a: Greninja|Dark Pulse|p2a: Ti-lin\n|-resisted|p2a: Ti-lin\n|-damage|p2a: Ti-lin|72\/100\n|move|p2a: Ti-lin|Spikes|p1a: Greninja\n|-sidestart|p1: Sai4rr|Spikes\n|\n|-heal|p2a: Ti-lin|78\/100|[from] item: Leftovers\n|-damage|p1a: Greninja|0 fnt|[from] psn\n|faint|p1a: Greninja\n|upkeep\n|\n|t:|1700513321\n|switch|p1a: Boo|Polteageist, shiny|100\/100\n|-damage|p1a: Boo|88\/100|[from] Stealth Rock\n|-damage|p1a: Boo|76\/100|[from] Spikes\n|turn|33\n|\n|t:|1700513330\n|-terastallize|p1a: Boo|Fairy\n|move|p1a: Boo|Shell Smash|p1a: Boo\n|-unboost|p1a: Boo|def|1\n|-unboost|p1a: Boo|spd|1\n|-boost|p1a: Boo|atk|2\n|-boost|p1a: Boo|spa|2\n|-boost|p1a: Boo|spe|2\n|move|p2a: Ti-lin|Earthquake|p1a: Boo\n|-crit|p1a: Boo\n|-damage|p1a: Boo|0 fnt\n|faint|p1a: Boo\n|\n|win|Arlo Ghost\n|c|\u2606Sai4rr|Gg\n|c|\u2606Arlo Ghost|juego, set y partido\n|c|\u2606Arlo Ghost|gg\n|l| Sylveon(404)\n|l| Danwine\n|l|\u2606Sai4rr\n","uploadtime":1700513361,"views":13,"p1id":"sai4rr","p2id":"arloghost","formatid":"gen9nationaldex","rating":0,"private":0,"password":""}