{"id":"gen9nationaldex-1993823865","p1":"kuuuze","p2":"jayfrizz","format":"[Gen 9] National Dex","log":"|j|\u2606kuuuze\n|j|\u2606jayfrizz\n|t:|1700361760\n|gametype|singles\n|player|p1|kuuuze|cheren-gen5bw2|1073\n|player|p2|jayfrizz|rocketgrunt|1145\n|teamsize|p1|6\n|teamsize|p2|6\n|gen|9\n|tier|[Gen 9] National Dex\n|rated|\n|rule|HP Percentage Mod: HP is shown in percentages\n|rule|Endless Battle Clause: Forcing endless battles is banned\n|rule|OHKO Clause: OHKO moves are banned\n|rule|Evasion Clause: Evasion abilities, items, and moves are banned\n|rule|Evasion Abilities Clause: Evasion abilities are banned\n|rule|Evasion Items Clause: Evasion items are banned\n|rule|Evasion Moves Clause: Evasion moves are banned\n|rule|Species Clause: Limit one of each Pok\u00e9mon\n|rule|Sleep Clause Mod: Limit one foe put to sleep\n|clearpoke\n|poke|p1|Audino, F|\n|poke|p1|Scolipede, F|\n|poke|p1|Delphox, M|\n|poke|p1|Krookodile, F|\n|poke|p1|Aegislash, F|\n|poke|p1|Ditto|\n|poke|p2|Sylveon, F|\n|poke|p2|Blacephalon|\n|poke|p2|Jellicent, M|\n|poke|p2|Dragonite, F|\n|poke|p2|Blissey, F|\n|poke|p2|Meowscarada, M|\n|teampreview\n|inactive|Battle timer is ON: inactive players will automatically lose when time's up. (requested by jayfrizz)\n|\n|t:|1700361773\n|start\n|switch|p1a: Acid Chloride|Scolipede, F|100\/100\n|switch|p2a: Meowscarada|Meowscarada, M|100\/100\n|turn|1\n|\n|t:|1700361781\n|move|p2a: Meowscarada|U-turn|p1a: Acid Chloride\n|-start|p2a: Meowscarada|typechange|Bug|[from] ability: Protean\n|-resisted|p1a: Acid Chloride\n|-damage|p1a: Acid Chloride|63\/100\n|\n|t:|1700361790\n|switch|p2a: Jellicent|Jellicent, M|100\/100|[from] U-turn\n|move|p1a: Acid Chloride|Swords Dance|p1a: Acid Chloride\n|-boost|p1a: Acid Chloride|atk|2\n|\n|-ability|p1a: Acid Chloride|Speed Boost|boost\n|-boost|p1a: Acid Chloride|spe|1\n|upkeep\n|turn|2\n|inactive|kuuuze has 120 seconds left.\n|\n|t:|1700361837\n|move|p1a: Acid Chloride|Poison Jab|p2a: Jellicent\n|-resisted|p2a: Jellicent\n|-damage|p2a: Jellicent|73\/100\n|move|p2a: Jellicent|Scald|p1a: Acid Chloride\n|-damage|p1a: Acid Chloride|19\/100\n|\n|-heal|p2a: Jellicent|79\/100|[from] item: Leftovers\n|-ability|p1a: Acid Chloride|Speed Boost|boost\n|-boost|p1a: Acid Chloride|spe|1\n|upkeep\n|turn|3\n|\n|t:|1700361852\n|move|p1a: Acid Chloride|Rock Slide|p2a: Jellicent\n|-damage|p2a: Jellicent|40\/100\n|cant|p2a: Jellicent|flinch\n|\n|-heal|p2a: Jellicent|47\/100|[from] item: Leftovers\n|-ability|p1a: Acid Chloride|Speed Boost|boost\n|-boost|p1a: Acid Chloride|spe|1\n|upkeep\n|turn|4\n|\n|t:|1700361863\n|move|p1a: Acid Chloride|Rock Slide|p2a: Jellicent\n|-damage|p2a: Jellicent|8\/100\n|cant|p2a: Jellicent|flinch\n|\n|-heal|p2a: Jellicent|15\/100|[from] item: Leftovers\n|-ability|p1a: Acid Chloride|Speed Boost|boost\n|-boost|p1a: Acid Chloride|spe|1\n|upkeep\n|turn|5\n|\n|t:|1700361871\n|move|p1a: Acid Chloride|Poison Jab|p2a: Jellicent\n|-resisted|p2a: Jellicent\n|-damage|p2a: Jellicent|0 fnt\n|faint|p2a: Jellicent\n|\n|-ability|p1a: Acid Chloride|Speed Boost|boost\n|-boost|p1a: Acid Chloride|spe|1\n|upkeep\n|\n|t:|1700361877\n|switch|p2a: Dragonite|Dragonite, F|100\/100\n|turn|6\n|inactive|kuuuze has 120 seconds left.\n|\n|t:|1700361886\n|switch|p1a: Eye Sword|Aegislash, F|100\/100\n|move|p2a: Dragonite|Extreme Speed|p1a: Eye Sword\n|-immune|p1a: Eye Sword\n|\n|upkeep\n|turn|7\n|inactive|kuuuze has 120 seconds left.\n|\n|t:|1700361898\n|switch|p2a: Meowscarada|Meowscarada, M|100\/100\n|move|p1a: Eye Sword|Autotomize|p1a: Eye Sword\n|-boost|p1a: Eye Sword|spe|2\n|-start|p1a: Eye Sword|Autotomize\n|\n|upkeep\n|turn|8\n|\n|t:|1700361906\n|move|p1a: Eye Sword|King's Shield|p1a: Eye Sword\n|-singleturn|p1a: Eye Sword|Protect\n|move|p2a: Meowscarada|Knock Off|p1a: Eye Sword\n|-start|p2a: Meowscarada|typechange|Dark|[from] ability: Protean\n|-activate|p1a: Eye Sword|move: Protect\n|-unboost|p2a: Meowscarada|atk|1\n|\n|upkeep\n|turn|9\n|\n|t:|1700361917\n|-formechange|p1a: Eye Sword|Aegislash-Blade||[from] ability: Stance Change\n|move|p1a: Eye Sword|Sacred Sword|p2a: Meowscarada\n|-supereffective|p2a: Meowscarada\n|-damage|p2a: Meowscarada|0 fnt\n|faint|p2a: Meowscarada\n|\n|upkeep\n|\n|t:|1700361931\n|switch|p2a: Blacephalon|Blacephalon|100\/100\n|turn|10\n|\n|t:|1700361936\n|-formechange|p1a: Eye Sword|Aegislash||[from] ability: Stance Change\n|move|p1a: Eye Sword|King's Shield|p1a: Eye Sword\n|-singleturn|p1a: Eye Sword|Protect\n|move|p2a: Blacephalon|Flamethrower|p1a: Eye Sword\n|-activate|p1a: Eye Sword|move: Protect\n|\n|upkeep\n|turn|11\n|inactive|kuuuze has 120 seconds left.\n|\n|t:|1700361966\n|switch|p1a: Courtesy Call|Audino, F|100\/100\n|move|p2a: Blacephalon|Flamethrower|p1a: Courtesy Call\n|-damage|p1a: Courtesy Call|67\/100\n|\n|-heal|p1a: Courtesy Call|73\/100|[from] item: Leftovers\n|upkeep\n|turn|12\n|\n|t:|1700361975\n|move|p2a: Blacephalon|Flamethrower|p1a: Courtesy Call\n|-damage|p1a: Courtesy Call|40\/100\n|move|p1a: Courtesy Call|Yawn|p2a: Blacephalon\n|-start|p2a: Blacephalon|move: Yawn|[of] p1a: Courtesy Call\n|\n|-heal|p1a: Courtesy Call|46\/100|[from] item: Leftovers\n|upkeep\n|turn|13\n|\n|t:|1700361987\n|switch|p2a: Dragonite|Dragonite, F|100\/100\n|move|p1a: Courtesy Call|Light Screen|p1a: Courtesy Call\n|-sidestart|p1: kuuuze|move: Light Screen\n|\n|-heal|p1a: Courtesy Call|52\/100|[from] item: Leftovers\n|upkeep\n|turn|14\n|\n|t:|1700361997\n|move|p2a: Dragonite|Dragon Dance|p2a: Dragonite\n|-boost|p2a: Dragonite|atk|1\n|-boost|p2a: Dragonite|spe|1\n|move|p1a: Courtesy Call|Calm Mind|p1a: Courtesy Call\n|-boost|p1a: Courtesy Call|spa|1\n|-boost|p1a: Courtesy Call|spd|1\n|\n|-heal|p1a: Courtesy Call|59\/100|[from] item: Leftovers\n|upkeep\n|turn|15\n|\n|t:|1700362009\n|-terastallize|p1a: Courtesy Call|Fairy\n|move|p2a: Dragonite|Dual Wingbeat|p1a: Courtesy Call\n|-damage|p1a: Courtesy Call|27\/100\n|-damage|p1a: Courtesy Call|0 fnt\n|faint|p1a: Courtesy Call\n|-hitcount|p1: Courtesy Call|2\n|\n|upkeep\n|\n|t:|1700362018\n|switch|p1a: Freelancer|Ditto|100\/100\n|-transform|p1a: Freelancer|p2a: Dragonite|[from] ability: Imposter\n|turn|16\n|\n|t:|1700362031\n|move|p1a: Freelancer|Ice Spinner|p2a: Dragonite\n|-supereffective|p2a: Dragonite\n|-damage|p2a: Dragonite|0 fnt\n|faint|p2a: Dragonite\n|\n|upkeep\n|\n|t:|1700362038\n|switch|p2a: Sylveon|Sylveon, F|100\/100\n|turn|17\n|\n|t:|1700362044\n|move|p1a: Freelancer|Ice Spinner|p2a: Sylveon\n|-damage|p2a: Sylveon|60\/100\n|move|p2a: Sylveon|Hyper Voice|p1a: Freelancer\n|-supereffective|p1a: Freelancer\n|-damage|p1a: Freelancer|77\/100\n|\n|-heal|p2a: Sylveon|66\/100|[from] item: Leftovers\n|-sideend|p1: kuuuze|move: Light Screen\n|upkeep\n|turn|18\n|\n|t:|1700362053\n|move|p1a: Freelancer|Ice Spinner|p2a: Sylveon\n|-damage|p2a: Sylveon|31\/100\n|move|p2a: Sylveon|Hyper Voice|p1a: Freelancer\n|-supereffective|p1a: Freelancer\n|-damage|p1a: Freelancer|0 fnt\n|faint|p1a: Freelancer\n|\n|-heal|p2a: Sylveon|38\/100|[from] item: Leftovers\n|upkeep\n|\n|t:|1700362072\n|switch|p1a: Eye Sword|Aegislash, F|100\/100\n|turn|19\n|\n|t:|1700362081\n|switch|p2a: Blacephalon|Blacephalon|100\/100\n|move|p1a: Eye Sword|Autotomize|p1a: Eye Sword\n|-boost|p1a: Eye Sword|spe|2\n|-start|p1a: Eye Sword|Autotomize\n|\n|upkeep\n|turn|20\n|\n|t:|1700362088\n|move|p2a: Blacephalon|Flamethrower|p1a: Eye Sword\n|-supereffective|p1a: Eye Sword\n|-damage|p1a: Eye Sword|0 fnt\n|faint|p1a: Eye Sword\n|-ability|p2a: Blacephalon|Beast Boost|boost\n|-boost|p2a: Blacephalon|spa|1\n|\n|upkeep\n|\n|t:|1700362105\n|switch|p1a: Lemonade|Delphox, M|100\/100\n|turn|21\n|\n|t:|1700362111\n|switch|p2a: Blissey|Blissey, F|100\/100\n|move|p1a: Lemonade|Hypnosis|p2a: Blissey|[miss]\n|-miss|p1a: Lemonade|p2a: Blissey\n|\n|upkeep\n|turn|22\n|\n|t:|1700362122\n|move|p1a: Lemonade|Hypnosis|p2a: Blissey|[miss]\n|-miss|p1a: Lemonade|p2a: Blissey\n|move|p2a: Blissey|Stealth Rock|p1a: Lemonade\n|-sidestart|p1: kuuuze|move: Stealth Rock\n|\n|upkeep\n|turn|23\n|\n|t:|1700362131\n|move|p1a: Lemonade|Hypnosis|p2a: Blissey\n|-status|p2a: Blissey|slp|[from] move: Hypnosis\n|cant|p2a: Blissey|slp\n|\n|upkeep\n|turn|24\n|\n|t:|1700362148\n|-curestatus|p2a: Blissey|slp|[from] ability: Natural Cure\n|switch|p2a: Blacephalon|Blacephalon|100\/100\n|move|p1a: Lemonade|Calm Mind|p1a: Lemonade\n|-boost|p1a: Lemonade|spa|1\n|-boost|p1a: Lemonade|spd|1\n|\n|upkeep\n|turn|25\n|\n|t:|1700362170\n|move|p2a: Blacephalon|Shadow Ball|p1a: Lemonade\n|-supereffective|p1a: Lemonade\n|-damage|p1a: Lemonade|28\/100\n|-unboost|p1a: Lemonade|spd|1\n|move|p1a: Lemonade|Psychic|p2a: Blacephalon\n|-damage|p2a: Blacephalon|0 fnt\n|faint|p2a: Blacephalon\n|-damage|p1a: Lemonade|18\/100|[from] item: Life Orb\n|\n|upkeep\n|\n|t:|1700362180\n|switch|p2a: Blissey|Blissey, F|100\/100\n|turn|26\n|\n|t:|1700362187\n|move|p1a: Lemonade|Psychic|p2a: Blissey\n|-damage|p2a: Blissey|70\/100\n|-damage|p1a: Lemonade|8\/100|[from] item: Life Orb\n|move|p2a: Blissey|Seismic Toss|p1a: Lemonade\n|-damage|p1a: Lemonade|0 fnt\n|faint|p1a: Lemonade\n|\n|-heal|p2a: Blissey|76\/100|[from] item: Leftovers\n|upkeep\n|\n|t:|1700362200\n|switch|p1a: Kroko|Krookodile, F|100\/100\n|-damage|p1a: Kroko|94\/100|[from] Stealth Rock\n|-ability|p1a: Kroko|Intimidate|boost\n|-unboost|p2a: Blissey|atk|1\n|turn|27\n|\n|t:|1700362212\n|move|p1a: Kroko|Knock Off|p2a: Blissey\n|-damage|p2a: Blissey|31\/100\n|-enditem|p2a: Blissey|Leftovers|[from] move: Knock Off|[of] p1a: Kroko\n|move|p2a: Blissey|Toxic|p1a: Kroko\n|-status|p1a: Kroko|tox\n|\n|-heal|p1a: Kroko|100\/100 tox|[from] item: Leftovers\n|-damage|p1a: Kroko|94\/100 tox|[from] psn\n|upkeep\n|turn|28\n|\n|t:|1700362227\n|switch|p2a: Sylveon|Sylveon, F|38\/100\n|move|p1a: Kroko|Earthquake|p2a: Sylveon\n|-damage|p2a: Sylveon|0 fnt\n|faint|p2a: Sylveon\n|\n|-heal|p1a: Kroko|100\/100 tox|[from] item: Leftovers\n|-damage|p1a: Kroko|88\/100 tox|[from] psn\n|upkeep\n|\n|t:|1700362236\n|switch|p2a: Blissey|Blissey, F|31\/100\n|turn|29\n|\n|t:|1700362238\n|move|p1a: Kroko|Earthquake|p2a: Blissey\n|-damage|p2a: Blissey|0 fnt\n|faint|p2a: Blissey\n|\n|win|kuuuze\n|raw|kuuuze's rating: 1073 &rarr; <strong>1108<\/strong><br \/>(+35 for winning)\n|raw|jayfrizz's rating: 1145 &rarr; <strong>1115<\/strong><br \/>(-30 for losing)\n|l|\u2606jayfrizz\n","uploadtime":1700362244,"views":22,"p1id":"kuuuze","p2id":"jayfrizz","formatid":"gen9nationaldex","rating":1108,"private":0,"password":""}