{"id":"gen9nationaldex-1989807380","p1":"kokontaka","p2":"Amasaki \u2606","format":"[Gen 9] National Dex","log":"|j|\u2606kokontaka\n|j|\u2606Amasaki \u2606\n|t:|1699897389\n|gametype|singles\n|player|p1|kokontaka|hop|\n|player|p2|Amasaki \u2606|#perishsong|\n|teamsize|p1|6\n|teamsize|p2|6\n|gen|9\n|tier|[Gen 9] National Dex\n|rule|HP Percentage Mod: HP is shown in percentages\n|rule|Endless Battle Clause: Forcing endless battles is banned\n|rule|OHKO Clause: OHKO moves are banned\n|rule|Evasion Clause: Evasion abilities, items, and moves are banned\n|rule|Evasion Abilities Clause: Evasion abilities are banned\n|rule|Evasion Items Clause: Evasion items are banned\n|rule|Evasion Moves Clause: Evasion moves are banned\n|rule|Species Clause: Limit one of each Pok\u00e9mon\n|rule|Sleep Clause Mod: Limit one foe put to sleep\n|clearpoke\n|poke|p1|Torkoal, M|\n|poke|p1|Typhlosion-Hisui, M|\n|poke|p1|Lopunny, F|\n|poke|p1|Zamazenta-*|\n|poke|p1|Sneasler, F|\n|poke|p1|Skeledirge, M|\n|poke|p2|Slowbro, M|\n|poke|p2|Ferrothorn, M|\n|poke|p2|Tyranitar, M|\n|poke|p2|Greninja-*, M|\n|poke|p2|Zamazenta-*|\n|poke|p2|Latias, F|\n|teampreview\n|c|\u2606Amasaki \u2606|hf\n|c|\u2606kokontaka|Ne ara\n|c|\u2606kokontaka|Yeni tak\u0131m yapt\u0131n\n|j| Raynox55\n|c|\u2606Amasaki \u2606|vard\u0131 haz\u0131r\n|c|\u2606Amasaki \u2606|i\u00e7eri\u011fine bakmadan ald\u0131m\n|c|\u2606kokontaka|Peki\n|\n|t:|1699897473\n|start\n|switch|p1a: ULTIMATE GIGA CHAD|Lopunny, F|100\/100\n|switch|p2a: Slowbro|Slowbro, M|100\/100\n|turn|1\n|\n|t:|1699897476\n|detailschange|p1a: ULTIMATE GIGA CHAD|Lopunny-Mega, F\n|-mega|p1a: ULTIMATE GIGA CHAD|Lopunny|Lopunnite\n|move|p1a: ULTIMATE GIGA CHAD|Fake Out|p2a: Slowbro\n|-damage|p2a: Slowbro|88\/100\n|cant|p2a: Slowbro|flinch\n|\n|upkeep\n|turn|2\n|\n|t:|1699897481\n|move|p1a: ULTIMATE GIGA CHAD|U-turn|p2a: Slowbro\n|-supereffective|p2a: Slowbro\n|-damage|p2a: Slowbro|57\/100\n|\n|t:|1699897487\n|switch|p1a: Fuegatora|Skeledirge, M|100\/100|[from] U-turn\n|move|p2a: Slowbro|Future Sight|p1a: Fuegatora\n|-start|p2a: Slowbro|move: Future Sight\n|\n|upkeep\n|turn|3\n|\n|t:|1699897495\n|move|p1a: Fuegatora|Yawn|p2a: Slowbro\n|-start|p2a: Slowbro|move: Yawn|[of] p1a: Fuegatora\n|move|p2a: Slowbro|Teleport|p2a: Slowbro\n|\n|t:|1699897502\n|switch|p2a: Tyranitar|Tyranitar, M|100\/100|[from] Teleport\n|-weather|Sandstorm|[from] ability: Sand Stream|[of] p2a: Tyranitar\n|\n|-weather|Sandstorm|[upkeep]\n|-damage|p1a: Fuegatora|94\/100|[from] Sandstorm\n|-heal|p1a: Fuegatora|100\/100|[from] item: Leftovers\n|upkeep\n|turn|4\n|\n|t:|1699897530\n|detailschange|p2a: Tyranitar|Tyranitar-Mega, M\n|-mega|p2a: Tyranitar|Tyranitar|Tyranitarite\n|-terastallize|p1a: Fuegatora|Fairy\n|move|p2a: Tyranitar|Stone Edge|p1a: Fuegatora\n|-damage|p1a: Fuegatora|44\/100\n|move|p1a: Fuegatora|Yawn|p2a: Tyranitar\n|-start|p2a: Tyranitar|move: Yawn|[of] p1a: Fuegatora\n|\n|-weather|Sandstorm|[upkeep]\n|-damage|p1a: Fuegatora|38\/100|[from] Sandstorm\n|-end|p1a: Fuegatora|move: Future Sight\n|-damage|p1a: Fuegatora|11\/100\n|-heal|p1a: Fuegatora|17\/100|[from] item: Leftovers\n|upkeep\n|turn|5\n|\n|t:|1699897545\n|move|p2a: Tyranitar|Stone Edge|p1a: Fuegatora\n|-damage|p1a: Fuegatora|0 fnt\n|faint|p1a: Fuegatora\n|\n|-weather|Sandstorm|[upkeep]\n|-end|p2a: Tyranitar|move: Yawn|[silent]\n|-status|p2a: Tyranitar|slp\n|upkeep\n|c|\u2606Amasaki \u2606|bunla u\u011fra\u015famam bir daha\n|c|\u2606Amasaki \u2606|\u00f6l\n|\n|t:|1699897557\n|switch|p1a: ULTIMATE GIGA CHAD|Lopunny-Mega, F|100\/100\n|turn|6\n|\n|t:|1699897560\n|switch|p2a: Slowbro|Slowbro, M|90\/100\n|move|p1a: ULTIMATE GIGA CHAD|High Jump Kick|p2a: Slowbro\n|-resisted|p2a: Slowbro\n|-damage|p2a: Slowbro|70\/100\n|\n|-weather|Sandstorm|[upkeep]\n|-damage|p1a: ULTIMATE GIGA CHAD|94\/100|[from] Sandstorm\n|-damage|p2a: Slowbro|64\/100|[from] Sandstorm\n|upkeep\n|turn|7\n|\n|t:|1699897563\n|move|p1a: ULTIMATE GIGA CHAD|U-turn|p2a: Slowbro\n|-supereffective|p2a: Slowbro\n|-damage|p2a: Slowbro|32\/100\n|\n|t:|1699897566\n|switch|p1a: Smoker|Torkoal, M|100\/100|[from] U-turn\n|-weather|SunnyDay|[from] ability: Drought|[of] p1a: Smoker\n|move|p2a: Slowbro|Teleport|p2a: Slowbro\n|\n|t:|1699897570\n|switch|p2a: Tyranitar|Tyranitar-Mega, M|100\/100 slp|[from] Teleport\n|-weather|Sandstorm|[from] ability: Sand Stream|[of] p2a: Tyranitar\n|\n|-weather|Sandstorm|[upkeep]\n|-damage|p1a: Smoker|94\/100|[from] Sandstorm\n|upkeep\n|turn|8\n|c|\u2606kokontaka|Ehe\n|\n|t:|1699897579\n|cant|p2a: Tyranitar|slp\n|move|p1a: Smoker|Stealth Rock|p2a: Tyranitar\n|-sidestart|p2: Amasaki \u2606|move: Stealth Rock\n|\n|-weather|Sandstorm|[upkeep]\n|-damage|p1a: Smoker|88\/100|[from] Sandstorm\n|upkeep\n|turn|9\n|c| Raynox55|Bu ne ya hava durumunu bir sal\u0131n\n|\n|t:|1699897593\n|switch|p1a: The Middle Child|Zamazenta|100\/100\n|-ability|p1a: The Middle Child|Dauntless Shield|boost\n|-boost|p1a: The Middle Child|def|1\n|-curestatus|p2a: Tyranitar|slp|[msg]\n|move|p2a: Tyranitar|Earthquake|p1a: The Middle Child\n|-damage|p1a: The Middle Child|79\/100\n|\n|-weather|Sandstorm|[upkeep]\n|-damage|p1a: The Middle Child|72\/100|[from] Sandstorm\n|-heal|p1a: The Middle Child|79\/100|[from] item: Leftovers\n|upkeep\n|turn|10\n|c|\u2606kokontaka|Perish diyorki EN Y\u00dcCE TTAR YOK EDIN HER YERI  ben diyorumki EY Y\u00dcCE TORKOAL YAK HER YERI\n|\n|t:|1699897637\n|switch|p2a: Latias|Latias, F|100\/100\n|-damage|p2a: Latias|88\/100|[from] Stealth Rock\n|move|p1a: The Middle Child|Iron Defense|p1a: The Middle Child\n|-boost|p1a: The Middle Child|def|2\n|\n|-weather|Sandstorm|[upkeep]\n|-damage|p1a: The Middle Child|72\/100|[from] Sandstorm\n|-damage|p2a: Latias|82\/100|[from] Sandstorm\n|-heal|p1a: The Middle Child|79\/100|[from] item: Leftovers\n|upkeep\n|turn|11\n|\n|t:|1699897651\n|switch|p1a: High on eruptions|Typhlosion-Hisui, M|100\/100\n|move|p2a: Latias|Calm Mind|p2a: Latias\n|-boost|p2a: Latias|spa|1\n|-boost|p2a: Latias|spd|1\n|\n|-weather|none\n|upkeep\n|turn|12\n|\n|t:|1699897659\n|switch|p2a: Tyranitar|Tyranitar-Mega, M|100\/100\n|-damage|p2a: Tyranitar|88\/100|[from] Stealth Rock\n|-weather|Sandstorm|[from] ability: Sand Stream|[of] p2a: Tyranitar\n|move|p1a: High on eruptions|Shadow Ball|p2a: Tyranitar\n|-resisted|p2a: Tyranitar\n|-damage|p2a: Tyranitar|76\/100\n|-unboost|p2a: Tyranitar|spd|1\n|\n|-weather|Sandstorm|[upkeep]\n|-damage|p1a: High on eruptions|94\/100|[from] Sandstorm\n|upkeep\n|turn|13\n|\n|t:|1699897665\n|switch|p1a: The Middle Child|Zamazenta|79\/100\n|move|p2a: Tyranitar|Dragon Dance|p2a: Tyranitar\n|-boost|p2a: Tyranitar|atk|1\n|-boost|p2a: Tyranitar|spe|1\n|\n|-weather|Sandstorm|[upkeep]\n|-damage|p1a: The Middle Child|72\/100|[from] Sandstorm\n|-heal|p1a: The Middle Child|79\/100|[from] item: Leftovers\n|upkeep\n|turn|14\n|\n|t:|1699897674\n|switch|p2a: Slowbro|Slowbro, M|65\/100\n|move|p1a: The Middle Child|Iron Defense|p1a: The Middle Child\n|-boost|p1a: The Middle Child|def|2\n|\n|-weather|Sandstorm|[upkeep]\n|-damage|p1a: The Middle Child|72\/100|[from] Sandstorm\n|-damage|p2a: Slowbro|59\/100|[from] Sandstorm\n|-heal|p1a: The Middle Child|79\/100|[from] item: Leftovers\n|upkeep\n|turn|15\n|\n|t:|1699897686\n|move|p1a: The Middle Child|Protect|p1a: The Middle Child\n|-singleturn|p1a: The Middle Child|Protect\n|move|p2a: Slowbro|Future Sight|p1a: The Middle Child\n|-start|p2a: Slowbro|move: Future Sight\n|\n|-weather|Sandstorm|[upkeep]\n|-damage|p1a: The Middle Child|72\/100|[from] Sandstorm\n|-damage|p2a: Slowbro|53\/100|[from] Sandstorm\n|-heal|p1a: The Middle Child|79\/100|[from] item: Leftovers\n|upkeep\n|turn|16\n|\n|t:|1699897694\n|move|p1a: The Middle Child|Iron Defense|p1a: The Middle Child\n|-boost|p1a: The Middle Child|def|2\n|move|p2a: Slowbro|Slack Off|p2a: Slowbro\n|-heal|p2a: Slowbro|100\/100\n|\n|-weather|none\n|-heal|p1a: The Middle Child|85\/100|[from] item: Leftovers\n|upkeep\n|turn|17\n|\n|t:|1699897701\n|move|p1a: The Middle Child|Body Press|p2a: Slowbro\n|-resisted|p2a: Slowbro\n|-damage|p2a: Slowbro|65\/100\n|move|p2a: Slowbro|Teleport|p2a: Slowbro\n|\n|t:|1699897710\n|switch|p2a: Ferrothorn|Ferrothorn, M|100\/100|[from] Teleport\n|-damage|p2a: Ferrothorn|95\/100|[from] Stealth Rock\n|\n|-end|p1a: The Middle Child|move: Future Sight\n|-supereffective|p1a: The Middle Child\n|-damage|p1a: The Middle Child|7\/100\n|-heal|p1a: The Middle Child|13\/100|[from] item: Leftovers\n|-heal|p2a: Ferrothorn|100\/100|[from] item: Leftovers\n|upkeep\n|turn|18\n|c|\u2606Amasaki \u2606|\u00f6lsene birader\n|\n|t:|1699897723\n|move|p1a: The Middle Child|Protect|p1a: The Middle Child\n|-singleturn|p1a: The Middle Child|Protect\n|move|p2a: Ferrothorn|Knock Off|p1a: The Middle Child\n|-activate|p1a: The Middle Child|move: Protect\n|\n|-heal|p1a: The Middle Child|20\/100|[from] item: Leftovers\n|upkeep\n|turn|19\n|c| Raynox55|\u00d6lmeme yemini\n|c|\u2606kokontaka|\u00d6lme k\u00f6pke\n|c|\u2606Amasaki \u2606|vur\n|\n|t:|1699897741\n|move|p1a: The Middle Child|Body Press|p2a: Ferrothorn\n|-supereffective|p2a: Ferrothorn\n|-damage|p2a: Ferrothorn|0 fnt\n|-damage|p1a: The Middle Child|7\/100|[from] ability: Iron Barbs|[of] p2a: Ferrothorn\n|faint|p2a: Ferrothorn\n|\n|-heal|p1a: The Middle Child|13\/100|[from] item: Leftovers\n|upkeep\n|\n|t:|1699897750\n|switch|p2a: Greninja|Greninja, M|100\/100\n|-damage|p2a: Greninja|88\/100|[from] Stealth Rock\n|turn|20\n|\n|t:|1699897758\n|move|p1a: The Middle Child|Protect|p1a: The Middle Child\n|-singleturn|p1a: The Middle Child|Protect\n|move|p2a: Greninja|Water Shuriken|p1a: The Middle Child\n|-activate|p1a: The Middle Child|move: Protect\n|\n|-heal|p1a: The Middle Child|20\/100|[from] item: Leftovers\n|upkeep\n|turn|21\n|\n|t:|1699897771\n|-terastallize|p2a: Greninja|Water\n|move|p2a: Greninja|Water Shuriken|p1a: The Middle Child\n|-damage|p1a: The Middle Child|8\/100\n|-damage|p1a: The Middle Child|0 fnt\n|faint|p1a: The Middle Child\n|-ability|p2a: Greninja|Battle Bond|boost\n|-boost|p2a: Greninja|atk|1\n|-boost|p2a: Greninja|spa|1\n|-boost|p2a: Greninja|spe|1\n|-activate|p2a: Greninja|ability: Battle Bond\n|-hitcount|p1: The Middle Child|2\n|-damage|p2a: Greninja|78\/100|[from] item: Life Orb\n|\n|upkeep\n|\n|t:|1699897784\n|switch|p1a: Blaze The Cat|Sneasler, F|100\/100\n|turn|22\n|\n|t:|1699897790\n|move|p2a: Greninja|Water Shuriken|p1a: Blaze The Cat\n|-damage|p1a: Blaze The Cat|78\/100\n|-damage|p1a: Blaze The Cat|52\/100\n|-hitcount|p1a: Blaze The Cat|2\n|-damage|p2a: Greninja|69\/100|[from] item: Life Orb\n|move|p1a: Blaze The Cat|Close Combat|p2a: Greninja\n|-damage|p2a: Greninja|0 fnt\n|-unboost|p1a: Blaze The Cat|def|1\n|-unboost|p1a: Blaze The Cat|spd|1\n|faint|p2a: Greninja\n|\n|upkeep\n|\n|t:|1699897799\n|switch|p2a: Slowbro|Slowbro, M|98\/100\n|turn|23\n|c| Raynox55|Ula hayat\n|c|\u2606Amasaki \u2606|p\u00fc rezil, 2 hit ne\n|\n|t:|1699897811\n|move|p1a: Blaze The Cat|Dire Claw|p2a: Slowbro\n|-damage|p2a: Slowbro|76\/100\n|move|p2a: Slowbro|Future Sight|p1a: Blaze The Cat\n|-start|p2a: Slowbro|move: Future Sight\n|\n|upkeep\n|turn|24\n|\n|t:|1699897822\n|move|p1a: Blaze The Cat|Dire Claw|p2a: Slowbro\n|-damage|p2a: Slowbro|53\/100\n|-status|p2a: Slowbro|par\n|move|p2a: Slowbro|Scald|p1a: Blaze The Cat\n|-damage|p1a: Blaze The Cat|0 fnt\n|faint|p1a: Blaze The Cat\n|\n|upkeep\n|c| Raynox55|Perish \u00e7ok \u015fanss\u0131zsin\n|\n|t:|1699897833\n|switch|p1a: Smoker|Torkoal, M|88\/100\n|-weather|SunnyDay|[from] ability: Drought|[of] p1a: Smoker\n|turn|25\n|\n|t:|1699897839\n|move|p1a: Smoker|Lava Plume|p2a: Slowbro\n|-resisted|p2a: Slowbro\n|-damage|p2a: Slowbro|35\/100 par\n|move|p2a: Slowbro|Teleport|p2a: Slowbro\n|\n|t:|1699897842\n|switch|p2a: Tyranitar|Tyranitar-Mega, M|76\/100|[from] Teleport\n|-damage|p2a: Tyranitar|64\/100|[from] Stealth Rock\n|-weather|Sandstorm|[from] ability: Sand Stream|[of] p2a: Tyranitar\n|\n|-weather|Sandstorm|[upkeep]\n|-damage|p1a: Smoker|82\/100|[from] Sandstorm\n|-end|p1a: Smoker|move: Future Sight\n|-damage|p1a: Smoker|30\/100\n|upkeep\n|turn|26\n|\n|t:|1699897851\n|switch|p1a: ULTIMATE GIGA CHAD|Lopunny-Mega, F|94\/100\n|move|p2a: Tyranitar|Earthquake|p1a: ULTIMATE GIGA CHAD\n|-damage|p1a: ULTIMATE GIGA CHAD|32\/100\n|\n|-weather|Sandstorm|[upkeep]\n|-damage|p1a: ULTIMATE GIGA CHAD|26\/100|[from] Sandstorm\n|upkeep\n|turn|27\n|c| Raynox55|T\u00f6vbe esta\u011ffurullah yine mi\n|c| Raynox55|Hava durumu de\u011fi\u015fmesin yeter\n|\n|t:|1699897885\n|switch|p2a: Slowbro|Slowbro, M|69\/100 par\n|move|p1a: ULTIMATE GIGA CHAD|High Jump Kick|p2a: Slowbro\n|-resisted|p2a: Slowbro\n|-damage|p2a: Slowbro|47\/100 par\n|\n|-weather|Sandstorm|[upkeep]\n|-damage|p1a: ULTIMATE GIGA CHAD|20\/100|[from] Sandstorm\n|-damage|p2a: Slowbro|41\/100 par|[from] Sandstorm\n|upkeep\n|turn|28\n|c|\u2606Amasaki \u2606|ba\u015fka \u00e7arem yok \u00e7ok\n|c|\u2606Amasaki \u2606|typh tek atmas\u0131n diye\n|\n|t:|1699897899\n|move|p1a: ULTIMATE GIGA CHAD|U-turn|p2a: Slowbro\n|-supereffective|p2a: Slowbro\n|-damage|p2a: Slowbro|12\/100 par\n|\n|t:|1699897906\n|switch|p1a: High on eruptions|Typhlosion-Hisui, M|94\/100|[from] U-turn\n|move|p2a: Slowbro|Teleport|p2a: Slowbro\n|c|\u2606Amasaki \u2606|scarf \u00e7\u00fcnk\u00fc ttara vurdu\u011fu hasardan belli\n|\n|t:|1699897915\n|switch|p2a: Zamazenta|Zamazenta|100\/100|[from] Teleport\n|-damage|p2a: Zamazenta|94\/100|[from] Stealth Rock\n|-ability|p2a: Zamazenta|Dauntless Shield|boost\n|-boost|p2a: Zamazenta|def|1\n|\n|-weather|Sandstorm|[upkeep]\n|-damage|p1a: High on eruptions|88\/100|[from] Sandstorm\n|-damage|p2a: Zamazenta|88\/100|[from] Sandstorm\n|-heal|p2a: Zamazenta|94\/100|[from] item: Leftovers\n|upkeep\n|turn|29\n|\n|t:|1699897941\n|move|p1a: High on eruptions|Fire Blast|p2a: Zamazenta\n|-damage|p2a: Zamazenta|48\/100\n|move|p2a: Zamazenta|Iron Defense|p2a: Zamazenta\n|-boost|p2a: Zamazenta|def|2\n|\n|-weather|none\n|-heal|p2a: Zamazenta|55\/100|[from] item: Leftovers\n|upkeep\n|turn|30\n|\n|t:|1699897951\n|switch|p2a: Latias|Latias, F|82\/100\n|-damage|p2a: Latias|70\/100|[from] Stealth Rock\n|move|p1a: High on eruptions|Fire Blast|p2a: Latias\n|-resisted|p2a: Latias\n|-damage|p2a: Latias|50\/100\n|-status|p2a: Latias|brn\n|\n|-damage|p2a: Latias|44\/100 brn|[from] brn\n|upkeep\n|turn|31\n|\n|t:|1699897965\n|switch|p1a: Smoker|Torkoal, M|30\/100\n|-weather|SunnyDay|[from] ability: Drought|[of] p1a: Smoker\n|move|p2a: Latias|Roost|p2a: Latias\n|-heal|p2a: Latias|94\/100 brn\n|-singleturn|p2a: Latias|move: Roost\n|\n|-weather|SunnyDay|[upkeep]\n|-damage|p2a: Latias|88\/100 brn|[from] brn\n|upkeep\n|turn|32\n|c|\u2606Amasaki \u2606|t\u00fch\n|c| Raynox55|Ula hayat\n|\n|t:|1699897974\n|move|p2a: Latias|Calm Mind|p2a: Latias\n|-boost|p2a: Latias|spa|1\n|-boost|p2a: Latias|spd|1\n|move|p1a: Smoker|Yawn||[still]\n|-fail|p1a: Smoker\n|\n|-weather|SunnyDay|[upkeep]\n|-damage|p2a: Latias|82\/100 brn|[from] brn\n|upkeep\n|turn|33\n|c|\u2606Amasaki \u2606|olsun yawn atam\u0131yor\n|c|\u2606Amasaki \u2606|AEJKFHAJNFAEF\n|\n|t:|1699897981\n|switch|p1a: ULTIMATE GIGA CHAD|Lopunny-Mega, F|20\/100\n|move|p2a: Latias|Calm Mind|p2a: Latias\n|-boost|p2a: Latias|spa|1\n|-boost|p2a: Latias|spd|1\n|\n|-weather|SunnyDay|[upkeep]\n|-damage|p2a: Latias|76\/100 brn|[from] brn\n|upkeep\n|turn|34\n|c| Raynox55|Dhshhshshshs\n|\n|t:|1699897984\n|move|p1a: ULTIMATE GIGA CHAD|Fake Out|p2a: Latias\n|-damage|p2a: Latias|55\/100 brn\n|cant|p2a: Latias|flinch\n|\n|-weather|SunnyDay|[upkeep]\n|-damage|p2a: Latias|49\/100 brn|[from] brn\n|upkeep\n|turn|35\n|c|\u2606Amasaki \u2606|ama uturna yatcaz\n|c|\u2606Amasaki \u2606|agili getireydim ke\u015fke\n|\n|t:|1699898002\n|move|p1a: ULTIMATE GIGA CHAD|Triple Axel|p2a: Latias\n|-supereffective|p2a: Latias\n|-damage|p2a: Latias|34\/100 brn\n|-enditem|p2a: Latias|Weakness Policy\n|-boost|p2a: Latias|atk|2|[from] item: Weakness Policy\n|-boost|p2a: Latias|spa|2|[from] item: Weakness Policy\n|-supereffective|p2a: Latias\n|-damage|p2a: Latias|6\/100 brn\n|-supereffective|p2a: Latias\n|-damage|p2a: Latias|0 fnt\n|faint|p2a: Latias\n|-hitcount|p2: Latias|3\n|\n|-weather|SunnyDay|[upkeep]\n|upkeep\n|\n|t:|1699898008\n|switch|p2a: Zamazenta|Zamazenta|55\/100\n|-damage|p2a: Zamazenta|48\/100|[from] Stealth Rock\n|turn|36\n|c|\u2606kokontaka|Stealt rock chipi gitmiyor nedense\n|\n|t:|1699898020\n|switch|p1a: High on eruptions|Typhlosion-Hisui, M|88\/100\n|move|p2a: Zamazenta|Body Press|p1a: High on eruptions\n|-immune|p1a: High on eruptions\n|\n|-weather|SunnyDay|[upkeep]\n|-heal|p2a: Zamazenta|55\/100|[from] item: Leftovers\n|upkeep\n|turn|37\n|\n|t:|1699898031\n|switch|p2a: Tyranitar|Tyranitar-Mega, M|64\/100\n|-damage|p2a: Tyranitar|52\/100|[from] Stealth Rock\n|-weather|Sandstorm|[from] ability: Sand Stream|[of] p2a: Tyranitar\n|move|p1a: High on eruptions|Focus Blast|p2a: Tyranitar\n|-supereffective|p2a: Tyranitar\n|-damage|p2a: Tyranitar|0 fnt\n|faint|p2a: Tyranitar\n|\n|-weather|Sandstorm|[upkeep]\n|-damage|p1a: High on eruptions|82\/100|[from] Sandstorm\n|upkeep\n|\n|t:|1699898036\n|switch|p2a: Slowbro|Slowbro, M|45\/100 par\n|turn|38\n|\n|t:|1699898047\n|switch|p1a: Smoker|Torkoal, M|30\/100\n|-weather|SunnyDay|[from] ability: Drought|[of] p1a: Smoker\n|cant|p2a: Slowbro|par\n|\n|-weather|SunnyDay|[upkeep]\n|upkeep\n|turn|39\n|c|\u2606kokontaka|G\u00dcNE\u015e\n|c|\u2606Amasaki \u2606|teleport atamad\u0131m\n|\n|t:|1699898063\n|switch|p1a: ULTIMATE GIGA CHAD|Lopunny-Mega, F|20\/100\n|cant|p2a: Slowbro|par\n|\n|-weather|SunnyDay|[upkeep]\n|upkeep\n|turn|40\n|\n|t:|1699898069\n|move|p1a: ULTIMATE GIGA CHAD|Fake Out|p2a: Slowbro\n|-damage|p2a: Slowbro|31\/100 par\n|cant|p2a: Slowbro|flinch\n|\n|-weather|SunnyDay|[upkeep]\n|upkeep\n|turn|41\n|c| Raynox55|Harbi bahtsiz\n|\n|t:|1699898076\n|move|p1a: ULTIMATE GIGA CHAD|U-turn|p2a: Slowbro\n|-supereffective|p2a: Slowbro\n|-damage|p2a: Slowbro|3\/100 par\n|\n|t:|1699898082\n|switch|p1a: High on eruptions|Typhlosion-Hisui, M|82\/100|[from] U-turn\n|cant|p2a: Slowbro|par\n|\n|-weather|SunnyDay|[upkeep]\n|upkeep\n|turn|42\n|c|\u2606Amasaki \u2606|yok yapacak bi\u015fey yok\n|c|\u2606Amasaki \u2606|yorumsuz\n|c| Raynox55|T\u00f6vbe esta\u011ffurullah\n|c|\u2606kokontaka|Dasdasdas\n|l|\u2606Amasaki \u2606\n|player|p2|\n|c| Raynox55|Ben cikiom\n|l| Raynox55\n|j|\u2606Amasaki \u2606\n|player|p2|Amasaki \u2606|#perishsong\n|-message|Amasaki \u2606 forfeited.\n|\n|win|kokontaka\n|l|\u2606Amasaki \u2606\n","uploadtime":1699898167,"views":7,"p1id":"kokontaka","p2id":"amasaki","formatid":"gen9nationaldex","rating":0,"private":0,"password":""}