{"id":"gen9nationaldex-1996016167","p1":"Abyssal Werks","p2":"1BadGTO","format":"[Gen 9] National Dex","log":"|html|<div class=\"broadcast-blue\"><strong>[Gen 9] National Dex is currently suspecting Sneasler! For information on how to participate check out the <a href=\"https:\/\/www.smogon.com\/forums\/threads\/sv-national-dex-suspect-8-just-dance.3731534\/\">suspect thread<\/a>.<\/strong><\/div>\n|j|\u2606Abyssal Werks\n|j|\u26061BadGTO\n|t:|1700629797\n|gametype|singles\n|player|p1|Abyssal Werks|lance|1289\n|player|p2|1BadGTO|dahlia|1261\n|teamsize|p1|6\n|teamsize|p2|6\n|gen|9\n|tier|[Gen 9] National Dex\n|rated|\n|rule|HP Percentage Mod: HP is shown in percentages\n|rule|Endless Battle Clause: Forcing endless battles is banned\n|rule|OHKO Clause: OHKO moves are banned\n|rule|Evasion Clause: Evasion abilities, items, and moves are banned\n|rule|Evasion Abilities Clause: Evasion abilities are banned\n|rule|Evasion Items Clause: Evasion items are banned\n|rule|Evasion Moves Clause: Evasion moves are banned\n|rule|Species Clause: Limit one of each Pok\u00e9mon\n|rule|Sleep Clause Mod: Limit one foe put to sleep\n|clearpoke\n|poke|p1|Mantine, M|\n|poke|p1|Tyranitar, M|\n|poke|p1|Heracross, F|\n|poke|p1|Pichu, M|\n|poke|p1|Typhlosion-Hisui, F|\n|poke|p1|Shuckle, M|\n|poke|p2|Urshifu-*, M|\n|poke|p2|Pelipper, F|\n|poke|p2|Swampert, M|\n|poke|p2|Tornadus-Therian, M|\n|poke|p2|Landorus-Therian, M|\n|poke|p2|Thundurus-Therian, M|\n|teampreview\n|c|\u26061BadGTO|twitter challenge?\n|c|\u2606Abyssal Werks|huh\n|\n|t:|1700629838\n|start\n|switch|p1a: Ragnarok|Tyranitar, M, shiny|100\/100\n|switch|p2a: Landorus|Landorus-Therian, M|100\/100\n|-ability|p2a: Landorus|Intimidate|boost\n|-unboost|p1a: Ragnarok|atk|1\n|-weather|Sandstorm|[from] ability: Sand Stream|[of] p1a: Ragnarok\n|turn|1\n|inactive|Battle timer is ON: inactive players will automatically lose when time's up. (requested by Abyssal Werks)\n|c|\u26061BadGTO|nah the thing where you ask for 6 mons on natdex and gotta use them challenge\n|\n|t:|1700629859\n|move|p2a: Landorus|Stealth Rock|p1a: Ragnarok\n|-sidestart|p1: Abyssal Werks|move: Stealth Rock\n|move|p1a: Ragnarok|Ice Punch|p2a: Landorus\n|-supereffective|p2a: Landorus\n|-enditem|p2a: Landorus|Focus Sash\n|-damage|p2a: Landorus|1\/100\n|\n|-weather|Sandstorm|[upkeep]\n|upkeep\n|turn|2\n|inactive|Abyssal Werks has 120 seconds left.\n|c|\u2606Abyssal Werks|yea idk what ur saying\n|\n|t:|1700629901\n|switch|p1a: Mobula|Mantine, M, shiny|100\/100\n|-damage|p1a: Mobula|76\/100|[from] Stealth Rock\n|move|p2a: Landorus|Earthquake|p1a: Mobula\n|-immune|p1a: Mobula\n|\n|-weather|Sandstorm|[upkeep]\n|-damage|p1a: Mobula|69\/100|[from] Sandstorm\n|-heal|p1a: Mobula|76\/100|[from] item: Leftovers\n|upkeep\n|turn|3\n|\n|t:|1700629907\n|move|p1a: Mobula|Protect|p1a: Mobula\n|-singleturn|p1a: Mobula|Protect\n|move|p2a: Landorus|Explosion|p1a: Mobula\n|-activate|p1a: Mobula|move: Protect\n|faint|p2a: Landorus\n|\n|-weather|Sandstorm|[upkeep]\n|-damage|p1a: Mobula|69\/100|[from] Sandstorm\n|-heal|p1a: Mobula|76\/100|[from] item: Leftovers\n|upkeep\n|c|\u26061BadGTO|just saying odd team\n|c|\u2606Abyssal Werks|theme team\n|c|\u26061BadGTO|ah\n|inactive|1BadGTO has 120 seconds left.\n|\n|t:|1700629949\n|switch|p2a: Thundurus|Thundurus-Therian, M|100\/100\n|turn|4\n|inactive|Abyssal Werks has 120 seconds left.\n|\n|t:|1700629962\n|switch|p1a: Ragnarok|Tyranitar, M, shiny|100\/100\n|-damage|p1a: Ragnarok|88\/100|[from] Stealth Rock\n|move|p2a: Thundurus|Nasty Plot|p2a: Thundurus\n|-boost|p2a: Thundurus|spa|2\n|\n|-weather|Sandstorm|[upkeep]\n|-damage|p2a: Thundurus|94\/100|[from] Sandstorm\n|upkeep\n|turn|5\n|inactive|1BadGTO has 120 seconds left.\n|\n|t:|1700629973\n|-zpower|p2a: Thundurus\n|move|p2a: Thundurus|Gigavolt Havoc|p1a: Ragnarok|[zeffect]\n|-damage|p1a: Ragnarok|0 fnt\n|faint|p1a: Ragnarok\n|\n|-weather|none\n|upkeep\n|inactive|Abyssal Werks has 120 seconds left.\n|\n|t:|1700629996\n|switch|p1a: Frank|Typhlosion-Hisui, F, shiny|100\/100\n|-damage|p1a: Frank|76\/100|[from] Stealth Rock\n|-item|p2a: Thundurus|Electrium Z|[from] ability: Frisk|[of] p1a: Frank|[identify]\n|turn|6\n|\n|t:|1700630001\n|-terastallize|p1a: Frank|Fire\n|move|p1a: Frank|Burn Up|p2a: Thundurus\n|-damage|p2a: Thundurus|0 fnt\n|-start|p1a: Frank|typechange|Fire|[from] move: Burn Up\n|faint|p2a: Thundurus\n|\n|upkeep\n|\n|t:|1700630007\n|switch|p2a: Pelipper|Pelipper, F|100\/100\n|-weather|RainDance|[from] ability: Drizzle|[of] p2a: Pelipper\n|turn|7\n|\n|t:|1700630013\n|switch|p1a: Mobula|Mantine, M, shiny|76\/100\n|-damage|p1a: Mobula|51\/100|[from] Stealth Rock\n|move|p2a: Pelipper|U-turn|p1a: Mobula\n|-resisted|p1a: Mobula\n|-damage|p1a: Mobula|45\/100\n|\n|t:|1700630019\n|switch|p2a: Tornadus|Tornadus-Therian, M|100\/100|[from] U-turn\n|\n|-weather|RainDance|[upkeep]\n|-heal|p1a: Mobula|52\/100|[from] item: Leftovers\n|upkeep\n|turn|8\n|\n|t:|1700630023\n|move|p1a: Mobula|Protect|p1a: Mobula\n|-singleturn|p1a: Mobula|Protect\n|move|p2a: Tornadus|Hurricane|p1a: Mobula\n|-activate|p1a: Mobula|move: Protect\n|\n|-weather|RainDance|[upkeep]\n|-heal|p1a: Mobula|58\/100|[from] item: Leftovers\n|upkeep\n|turn|9\n|\n|t:|1700630027\n|move|p2a: Tornadus|Hurricane|p1a: Mobula\n|-damage|p1a: Mobula|31\/100\n|-start|p1a: Mobula|confusion\n|-activate|p1a: Mobula|confusion\n|move|p1a: Mobula|Defog|p2a: Tornadus\n|-unboost|p2a: Tornadus|evasion|1\n|-sideend|p1: Abyssal Werks|Stealth Rock|[from] move: Defog|[of] p1a: Mobula\n|\n|-weather|RainDance|[upkeep]\n|-heal|p1a: Mobula|37\/100|[from] item: Leftovers\n|upkeep\n|turn|10\n|\n|t:|1700630048\n|move|p2a: Tornadus|Hurricane|p1a: Mobula\n|-damage|p1a: Mobula|12\/100\n|-activate|p1a: Mobula|confusion\n|-damage|p1a: Mobula|8\/100|[from] confusion\n|\n|-weather|RainDance|[upkeep]\n|-heal|p1a: Mobula|14\/100|[from] item: Leftovers\n|upkeep\n|turn|11\n|\n|t:|1700630065\n|-activate|p1a: Mobula|confusion\n|move|p1a: Mobula|Protect|p1a: Mobula\n|-singleturn|p1a: Mobula|Protect\n|move|p2a: Tornadus|Hurricane|p1a: Mobula\n|-activate|p1a: Mobula|move: Protect\n|\n|-weather|RainDance|[upkeep]\n|-heal|p1a: Mobula|21\/100|[from] item: Leftovers\n|upkeep\n|turn|12\n|\n|t:|1700630073\n|switch|p1a: Fuckleton|Shuckle, M, shiny|100\/100\n|move|p2a: Tornadus|Hurricane|p1a: Fuckleton\n|-damage|p1a: Fuckleton|66\/100\n|-start|p1a: Fuckleton|confusion\n|-enditem|p1a: Fuckleton|Red Card|[of] p2a: Tornadus\n|drag|p2a: Urshifu|Urshifu-Rapid-Strike, M|100\/100\n|\n|-weather|RainDance|[upkeep]\n|upkeep\n|turn|13\n|\n|t:|1700630090\n|switch|p1a: Mobula|Mantine, M, shiny|21\/100\n|move|p2a: Urshifu|U-turn|p1a: Mobula\n|-resisted|p1a: Mobula\n|-crit|p1a: Mobula\n|-damage|p1a: Mobula|0 fnt\n|faint|p1a: Mobula\n|\n|t:|1700630109\n|switch|p2a: Kiff|Swampert, M|100\/100|[from] U-turn\n|\n|-weather|RainDance|[upkeep]\n|upkeep\n|\n|t:|1700630115\n|switch|p1a: GOOCH|Pichu, M, shiny|100\/100\n|turn|14\n|\n|t:|1700630124\n|detailschange|p2a: Kiff|Swampert-Mega, M\n|-mega|p2a: Kiff|Swampert|Swampertite\n|move|p2a: Kiff|Earthquake|p1a: GOOCH\n|-supereffective|p1a: GOOCH\n|-enditem|p1a: GOOCH|Focus Sash\n|-damage|p1a: GOOCH|1\/100\n|move|p1a: GOOCH|Endeavor|p2a: Kiff\n|-damage|p2a: Kiff|1\/100\n|\n|-weather|none\n|upkeep\n|turn|15\n|\n|t:|1700630136\n|switch|p2a: Pelipper|Pelipper, F|100\/100\n|-weather|RainDance|[from] ability: Drizzle|[of] p2a: Pelipper\n|move|p1a: GOOCH|Nuzzle|p2a: Pelipper\n|-supereffective|p2a: Pelipper\n|-damage|p2a: Pelipper|84\/100\n|-status|p2a: Pelipper|par\n|\n|-weather|RainDance|[upkeep]\n|upkeep\n|turn|16\n|\n|t:|1700630142\n|move|p1a: GOOCH|Endeavor|p2a: Pelipper\n|-damage|p2a: Pelipper|1\/100 par\n|move|p2a: Pelipper|U-turn|p1a: GOOCH\n|-damage|p1a: GOOCH|0 fnt\n|faint|p1a: GOOCH\n|\n|t:|1700630150\n|switch|p2a: Urshifu|Urshifu-Rapid-Strike, M|100\/100|[from] U-turn\n|\n|-weather|RainDance|[upkeep]\n|upkeep\n|\n|t:|1700630159\n|switch|p1a: Big Guy|Heracross, F, shiny|100\/100\n|turn|17\n|\n|t:|1700630168\n|detailschange|p1a: Big Guy|Heracross-Mega, F, shiny\n|-mega|p1a: Big Guy|Heracross|Heracronite\n|-terastallize|p2a: Urshifu|Water\n|move|p2a: Urshifu|Surging Strikes|p1a: Big Guy\n|-crit|p1a: Big Guy\n|-damage|p1a: Big Guy|49\/100\n|-crit|p1a: Big Guy\n|-damage|p1a: Big Guy|5\/100\n|-crit|p1a: Big Guy\n|-damage|p1a: Big Guy|0 fnt\n|faint|p1a: Big Guy\n|-hitcount|p1: Big Guy|3\n|\n|-weather|RainDance|[upkeep]\n|upkeep\n|\n|t:|1700630175\n|switch|p1a: Frank|Typhlosion-Hisui, F, shiny, tera:Fire|76\/100\n|-item|p2a: Urshifu|Mystic Water|[from] ability: Frisk|[of] p1a: Frank|[identify]\n|turn|18\n|\n|t:|1700630181\n|move|p2a: Urshifu|Aqua Jet|p1a: Frank\n|-supereffective|p1a: Frank\n|-damage|p1a: Frank|0 fnt\n|faint|p1a: Frank\n|\n|-weather|RainDance|[upkeep]\n|upkeep\n|-message|Abyssal Werks forfeited.\n|\n|win|1BadGTO\n|raw|Abyssal Werks's rating: 1289 &rarr; <strong>1262<\/strong><br \/>(-27 for losing)\n|raw|1BadGTO's rating: 1261 &rarr; <strong>1288<\/strong><br \/>(+27 for winning)\n","uploadtime":1700630189,"views":6,"p1id":"abyssalwerks","p2id":"1badgto","formatid":"gen9nationaldex","rating":1262,"private":0,"password":""}