{"id":"gen9nationaldex-1994229601","p1":"Gangster Samurott","p2":"Green Croagunk","format":"[Gen 9] National Dex","log":"|j|\u2606Gangster Samurott\n|j|\u2606Green Croagunk\n|t:|1700421291\n|gametype|singles\n|player|p1|Gangster Samurott|brycenman|\n|player|p2|Green Croagunk|crasherwake|\n|teamsize|p1|6\n|teamsize|p2|6\n|gen|9\n|tier|[Gen 9] National Dex\n|rule|HP Percentage Mod: HP is shown in percentages\n|rule|Endless Battle Clause: Forcing endless battles is banned\n|rule|OHKO Clause: OHKO moves are banned\n|rule|Evasion Clause: Evasion abilities, items, and moves are banned\n|rule|Evasion Abilities Clause: Evasion abilities are banned\n|rule|Evasion Items Clause: Evasion items are banned\n|rule|Evasion Moves Clause: Evasion moves are banned\n|rule|Species Clause: Limit one of each Pok\u00e9mon\n|rule|Sleep Clause Mod: Limit one foe put to sleep\n|clearpoke\n|poke|p1|Cyclizar, M|\n|poke|p1|Golem-Alola, M|\n|poke|p1|Basculegion, M|\n|poke|p1|Rillaboom, M|\n|poke|p1|Corviknight, M|\n|poke|p1|Blacephalon|\n|poke|p2|Golem-Alola, F|\n|poke|p2|Medicham, F|\n|poke|p2|Dodrio, M|\n|poke|p2|Basculegion, M|\n|poke|p2|Electrode-Hisui|\n|poke|p2|Landorus-Therian, M|\n|teampreview\n|c|\u2606Green Croagunk|glhf\n|j| Frank1997\n|c|\u2606Gangster Samurott|glhf\n|c| Frank1997|Hup Bart\n|c| Frank1997|Ga voor de dubbel\n|\n|t:|1700421343\n|start\n|switch|p1a: Mumbo Jumbo|Golem-Alola, M|100\/100\n|switch|p2a: Amongus blaster|Golem-Alola, F|100\/100\n|turn|1\n|j| Fant'sy Beast\n|\n|t:|1700421358\n|move|p2a: Amongus blaster|Earthquake|p1a: Mumbo Jumbo\n|-supereffective|p1a: Mumbo Jumbo\n|-ability|p1a: Mumbo Jumbo|Sturdy\n|-damage|p1a: Mumbo Jumbo|1\/100\n|move|p1a: Mumbo Jumbo|Stealth Rock|p2a: Amongus blaster\n|-sidestart|p2: Green Croagunk|move: Stealth Rock\n|\n|upkeep\n|turn|2\n|c| Fant'sy Beast|Go Gangster\n|-enditem|p1a: Mumbo Jumbo|Custap Berry|[eat]\n|-activate|p1a: Mumbo Jumbo|item: Custap Berry|[consumed]\n|\n|t:|1700421373\n|move|p1a: Mumbo Jumbo|Earthquake|p2a: Amongus blaster\n|-supereffective|p2a: Amongus blaster\n|-ability|p2a: Amongus blaster|Sturdy\n|-damage|p2a: Amongus blaster|1\/100\n|move|p2a: Amongus blaster|Wild Charge|p1a: Mumbo Jumbo\n|-resisted|p1a: Mumbo Jumbo\n|-damage|p1a: Mumbo Jumbo|0 fnt\n|faint|p1a: Mumbo Jumbo\n|-damage|p2a: Amongus blaster|0 fnt|[from] Recoil\n|faint|p2a: Amongus blaster\n|\n|upkeep\n|\n|t:|1700421410\n|switch|p2a: Billy D. Williams|Landorus-Therian, M|100\/100\n|switch|p1a: Rayan typo's|Blacephalon|100\/100\n|-damage|p2a: Billy D. Williams|88\/100|[from] Stealth Rock\n|-ability|p2a: Billy D. Williams|Intimidate|boost\n|-unboost|p1a: Rayan typo's|atk|1\n|turn|3\n|\n|t:|1700421425\n|switch|p1a: floppa vogel|Corviknight, M|100\/100\n|-ability|p1a: floppa vogel|Pressure\n|move|p2a: Billy D. Williams|Earthquake|p1a: floppa vogel\n|-immune|p1a: floppa vogel\n|\n|upkeep\n|turn|4\n|\n|t:|1700421432\n|move|p2a: Billy D. Williams|U-turn|p1a: floppa vogel\n|-resisted|p1a: floppa vogel\n|-damage|p1a: floppa vogel|97\/100\n|-damage|p2a: Billy D. Williams|72\/100|[from] item: Rocky Helmet|[of] p1a: floppa vogel\n|\n|t:|1700421438\n|switch|p2a: fok it we ball|Electrode-Hisui|100\/100|[from] U-turn\n|move|p1a: floppa vogel|Brave Bird|p2a: fok it we ball\n|-damage|p2a: fok it we ball|39\/100\n|-damage|p1a: floppa vogel|84\/100|[from] Recoil\n|\n|upkeep\n|turn|5\n|\n|t:|1700421468\n|switch|p1a: MeriPlayz brommer|Cyclizar, M|100\/100\n|move|p2a: fok it we ball|Volt Switch|p1a: MeriPlayz brommer\n|-resisted|p1a: MeriPlayz brommer\n|-damage|p1a: MeriPlayz brommer|79\/100\n|\n|t:|1700421475\n|switch|p2a: a guy named Joe|Medicham, F|100\/100|[from] Volt Switch\n|-damage|p2a: a guy named Joe|94\/100|[from] Stealth Rock\n|\n|upkeep\n|turn|6\n|j| Harryotter69\n|\n|t:|1700421486\n|switch|p1a: Willem|Basculegion, M|100\/100\n|detailschange|p2a: a guy named Joe|Medicham-Mega, F\n|-mega|p2a: a guy named Joe|Medicham|Medichamite\n|move|p2a: a guy named Joe|Zen Headbutt|p1a: Willem\n|-damage|p1a: Willem|16\/100\n|\n|upkeep\n|turn|7\n|c|\u2606Green Croagunk|ik ben niet dom\n|c| Fant'sy Beast|Dag niet dom\n|c|\u2606Gangster Samurott|Elke mon zijn set moet bestaan uit minstens 2 recoil of self-destructive moves. Explosion, Selfdestruct, mind blown en steel beam tellen dus ook (maar status moves zoals substitute, belly drum, shed tail niet). Andere 2 moves zijn vrij te kiezen. Lijst van moves die tellen. Format wordt gespeeld in standaard natdex (geen mega\u2019s\/ z-moves)\n|c|\u2606Gangster Samurott|interessant\n|c|\u2606Green Croagunk|oh\n|c| Frank1997|oh shit\n|c|\u2606Gangster Samurott|gg\n|c|\u2606Gangster Samurott|je mag doorgaan als je nu een fighting move klikt\n|\n|t:|1700421604\n|move|p2a: a guy named Joe|Zen Headbutt|p1a: Willem\n|-damage|p1a: Willem|0 fnt\n|faint|p1a: Willem\n|\n|upkeep\n|j|+YveltalNL\n|c|\u2606Green Croagunk|ja sorry\n|c|\u2606Green Croagunk|ik had al geklikt\n|c|+YveltalNL|dit is standard natdex\n|c|\u2606Gangster Samurott|er is een cancel knop\n|c|\u2606Gangster Samurott|ja\n|j|+kingbaruk\n|c|\u2606Gangster Samurott|dat is de bedoeling\n|c|+YveltalNL|in standard natdex mogen megas\n|c|+YveltalNL|want ja, natdex\n|c|\u2606Gangster Samurott|alleen mega's zijn gebant volgens de regels\n|c|+YveltalNL|vandaar de verwarring\n|\n|t:|1700421662\n|switch|p1a: Rayan typo's|Blacephalon|100\/100\n|turn|8\n|c|+YveltalNL|ik zou zeggen blijf lekker in en gangster krijgt gratis blace kill\n|c|+YveltalNL|klik hjk to be safe\n|c|+YveltalNL|ofzo\n|c|\u2606Green Croagunk|sure\n|c|+YveltalNL|in die situatie lijkt me normale medi hetzelfde spelen\n|\n|t:|1700421701\n|move|p1a: Rayan typo's|Shadow Ball|p2a: a guy named Joe\n|-supereffective|p2a: a guy named Joe\n|-damage|p2a: a guy named Joe|0 fnt\n|faint|p2a: a guy named Joe\n|-ability|p1a: Rayan typo's|Beast Boost|boost\n|-boost|p1a: Rayan typo's|spa|1\n|\n|upkeep\n|l| Harryotter69\n|j| Harryotter69\n|\n|t:|1700421770\n|switch|p2a: Ashura bird|Dodrio, M|100\/100\n|-damage|p2a: Ashura bird|76\/100|[from] Stealth Rock\n|turn|9\n|l| Harryotter69\n|\n|t:|1700421790\n|switch|p1a: floppa vogel|Corviknight, M|84\/100\n|-ability|p1a: floppa vogel|Pressure\n|move|p2a: Ashura bird|Knock Off|p1a: floppa vogel\n|-damage|p1a: floppa vogel|64\/100\n|-damage|p2a: Ashura bird|59\/100|[from] item: Rocky Helmet|[of] p1a: floppa vogel\n|-enditem|p1a: floppa vogel|Rocky Helmet|[from] move: Knock Off|[of] p2a: Ashura bird\n|\n|upkeep\n|turn|10\n|\n|t:|1700421803\n|switch|p2a: Billy D. Williams|Landorus-Therian, M|72\/100\n|-damage|p2a: Billy D. Williams|59\/100|[from] Stealth Rock\n|-ability|p2a: Billy D. Williams|Intimidate|boost\n|-unboost|p1a: floppa vogel|atk|1\n|move|p1a: floppa vogel|Roost|p1a: floppa vogel\n|-heal|p1a: floppa vogel|100\/100\n|-singleturn|p1a: floppa vogel|move: Roost\n|\n|upkeep\n|turn|11\n|\n|t:|1700421818\n|move|p2a: Billy D. Williams|Take Down|p1a: floppa vogel|[miss]\n|-miss|p2a: Billy D. Williams|p1a: floppa vogel\n|move|p1a: floppa vogel|U-turn|p2a: Billy D. Williams\n|-resisted|p2a: Billy D. Williams\n|-damage|p2a: Billy D. Williams|56\/100\n|-damage|p1a: floppa vogel|84\/100|[from] item: Rocky Helmet|[of] p2a: Billy D. Williams\n|c|\u2606Green Croagunk|awkward\n|\n|t:|1700421834\n|switch|p1a: Apenkamer|Rillaboom, M|100\/100|[from] U-turn\n|-fieldstart|move: Grassy Terrain|[from] ability: Grassy Surge|[of] p1a: Apenkamer\n|\n|upkeep\n|turn|12\n|j| Harryotter69\n|\n|t:|1700421842\n|move|p1a: Apenkamer|Swords Dance|p1a: Apenkamer\n|-boost|p1a: Apenkamer|atk|2\n|move|p2a: Billy D. Williams|U-turn|p1a: Apenkamer\n|-supereffective|p1a: Apenkamer\n|-damage|p1a: Apenkamer|65\/100\n|\n|t:|1700421850\n|switch|p2a: Ashura bird|Dodrio, M|59\/100|[from] U-turn\n|-damage|p2a: Ashura bird|34\/100|[from] Stealth Rock\n|\n|-heal|p1a: Apenkamer|71\/100|[from] Grassy Terrain\n|-heal|p1a: Apenkamer|78\/100|[from] item: Leftovers\n|upkeep\n|turn|13\n|\n|t:|1700421859\n|move|p1a: Apenkamer|Grassy Glide|p2a: Ashura bird\n|-resisted|p2a: Ashura bird\n|-damage|p2a: Ashura bird|0 fnt\n|faint|p2a: Ashura bird\n|\n|-heal|p1a: Apenkamer|84\/100|[from] Grassy Terrain\n|-heal|p1a: Apenkamer|90\/100|[from] item: Leftovers\n|upkeep\n|c|\u2606Green Croagunk|ah shit\n|c| Fant'sy Beast|Monke\n|c|\u2606Green Croagunk|de vogel is te frail\n|l|\u2606Green Croagunk\n|player|p2|\n|c|\u2606Gangster Samurott|idk wat je zou verwachten van een dodrio\n|j|\u2606Green Croagunk\n|player|p2|Green Croagunk|crasherwake\n|c|\u2606Green Croagunk|ja sorry\n|c|\u2606Green Croagunk|met +2 attack is die resist ook niets meer waard\n|\n|t:|1700421932\n|switch|p2a: Billy D. Williams|Landorus-Therian, M|56\/100\n|-damage|p2a: Billy D. Williams|44\/100|[from] Stealth Rock\n|-ability|p2a: Billy D. Williams|Intimidate|boost\n|-unboost|p1a: Apenkamer|atk|1\n|turn|14\n|\n|t:|1700421944\n|move|p1a: Apenkamer|Grassy Glide|p2a: Billy D. Williams\n|-damage|p2a: Billy D. Williams|8\/100\n|-damage|p1a: Apenkamer|74\/100|[from] item: Rocky Helmet|[of] p2a: Billy D. Williams\n|move|p2a: Billy D. Williams|Explosion|p1a: Apenkamer\n|-damage|p1a: Apenkamer|14\/100\n|faint|p2a: Billy D. Williams\n|\n|-heal|p1a: Apenkamer|20\/100|[from] Grassy Terrain\n|-heal|p1a: Apenkamer|26\/100|[from] item: Leftovers\n|upkeep\n|\n|t:|1700421961\n|switch|p2a: Bruhsculin|Basculegion, M|100\/100\n|-damage|p2a: Bruhsculin|88\/100|[from] Stealth Rock\n|turn|15\n|\n|t:|1700421970\n|-terastallize|p2a: Bruhsculin|Water\n|move|p2a: Bruhsculin|Aqua Jet|p1a: Apenkamer\n|-resisted|p1a: Apenkamer\n|-damage|p1a: Apenkamer|16\/100\n|move|p1a: Apenkamer|Grassy Glide|p2a: Bruhsculin\n|-supereffective|p2a: Bruhsculin\n|-damage|p2a: Bruhsculin|0 fnt\n|faint|p2a: Bruhsculin\n|\n|-heal|p1a: Apenkamer|22\/100|[from] Grassy Terrain\n|-heal|p1a: Apenkamer|29\/100|[from] item: Leftovers\n|-fieldend|move: Grassy Terrain\n|upkeep\n|c|\u2606Green Croagunk|beter killt dit\n|c|+YveltalNL|dat was 1 van de plays aller tijden\n|c|\u2606Green Croagunk|bruh\n|c|\u2606Green Croagunk|het kwam niet eens dichtbij\n|c|\u2606Green Croagunk|ja sorry\n|c| Frank1997|rip\n|c|\u2606Green Croagunk|ik heb al gechoked\n|\n|t:|1700421993\n|switch|p2a: fok it we ball|Electrode-Hisui|39\/100\n|turn|16\n|l| Harryotter69\n|\n|t:|1700422003\n|move|p2a: fok it we ball|Thunderbolt|p1a: Apenkamer\n|-resisted|p1a: Apenkamer\n|-damage|p1a: Apenkamer|11\/100\n|move|p1a: Apenkamer|Take Down|p2a: fok it we ball\n|-damage|p2a: fok it we ball|0 fnt\n|faint|p2a: fok it we ball\n|-damage|p1a: Apenkamer|4\/100|[from] Recoil\n|\n|win|Gangster Samurott\n|c|\u2606Gangster Samurott|gg\n|l|+YveltalNL\n|c|\u2606Gangster Samurott|!showteam\n|c| Gangster Samurott|\/raw <div class=\"infobox\"><details><summary>View team<\/summary>MeriPlayz brommer (Cyclizar) (M) @ Silk Scarf  <br \/>Ability: Regenerator  <br \/>Tera Type: Normal  <br \/>EVs: 252 Atk &#x2f; 4 SpD &#x2f; 252 Spe  <br \/>Jolly Nature  <br \/>- Double-Edge  <br \/>- Wild Charge  <br \/>- U-turn  <br \/>- Rapid Spin  <br \/><br \/>Mumbo Jumbo (Golem-Alola) (M) @ Custap Berry  <br \/>Ability: Sturdy  <br \/>Tera Type: Rock  <br \/>EVs: 252 HP &#x2f; 252 Atk &#x2f; 4 SpD  <br \/>Adamant Nature  <br \/>- Wild Charge  <br \/>- Earthquake  <br \/>- Stealth Rock  <br \/>- Explosion  <br \/><br \/>Willem (Basculegion) (M) @ Choice Band  <br \/>Ability: Adaptability  <br \/>Tera Type: Ghost  <br \/>EVs: 252 Atk &#x2f; 4 Def &#x2f; 252 Spe  <br \/>Jolly Nature  <br \/>- Wave Crash  <br \/>- Tera Blast  <br \/>- Head Smash  <br \/>- Aqua Jet  <br \/><br \/>Apenkamer (Rillaboom) (M) @ Leftovers  <br \/>Ability: Grassy Surge  <br \/>Tera Type: Grass  <br \/>EVs: 240 HP &#x2f; 152 Atk &#x2f; 116 Def  <br \/>Impish Nature  <br \/>- Grassy Glide  <br \/>- Wood Hammer  <br \/>- Take Down  <br \/>- Swords Dance  <br \/><br \/>floppa vogel (Corviknight) (M) @ Rocky Helmet  <br \/>Ability: Pressure  <br \/>Tera Type: Flying  <br \/>EVs: 248 HP &#x2f; 8 Atk &#x2f; 252 Def  <br \/>Relaxed Nature  <br \/>- Brave Bird  <br \/>- Steel Beam  <br \/>- Roost  <br \/>- U-turn  <br \/><br \/>Rayan typo&apos;s (Blacephalon) @ Choice Scarf  <br \/>Ability: Beast Boost  <br \/>Tera Type: Fire  <br \/>EVs: 4 Def &#x2f; 252 SpA &#x2f; 252 Spe  <br \/>Timid Nature  <br \/>- Mind Blown  <br \/>- Shadow Ball  <br \/>- Flamethrower  <br \/>- Explosion  <br \/><br \/><\/details><\/div>\n|c| Fant'sy Beast|Nice ganster!\n|c| Fant'sy Beast|Gangster\n|l|\u2606Green Croagunk\n|l| Fant'sy Beast\n|j| Harryotter69\n|l|\u2606Gangster Samurott\n|l| Harryotter69\n|j|\u2606Green Croagunk\n|player|p2|Green Croagunk|crasherwake\n|j| Damnright\n|l| Damnright\n|l|\u2606Green Croagunk\n|player|p2|\n","uploadtime":1700423892,"views":15,"p1id":"gangstersamurott","p2id":"greencroagunk","formatid":"gen9nationaldex","rating":0,"private":0,"password":""}