{"id":"gen9nationaldex-1996603022","p1":"murilopena","p2":"jkljlkh","format":"[Gen 9] National Dex","log":"|html|<div class=\"broadcast-blue\"><strong>[Gen 9] National Dex is currently suspecting Sneasler! For information on how to participate check out the <a href=\"https:\/\/www.smogon.com\/forums\/threads\/sv-national-dex-suspect-8-just-dance.3731534\/\">suspect thread<\/a>.<\/strong><\/div>\n|j|\u2606murilopena\n|j|\u2606jkljlkh\n|t:|1700699423\n|gametype|singles\n|player|p1|murilopena|veteran-gen4|1628\n|player|p2|jkljlkh|169|1877\n|teamsize|p1|6\n|teamsize|p2|6\n|gen|9\n|tier|[Gen 9] National Dex\n|rated|\n|rule|HP Percentage Mod: HP is shown in percentages\n|rule|Endless Battle Clause: Forcing endless battles is banned\n|rule|OHKO Clause: OHKO moves are banned\n|rule|Evasion Clause: Evasion abilities, items, and moves are banned\n|rule|Evasion Abilities Clause: Evasion abilities are banned\n|rule|Evasion Items Clause: Evasion items are banned\n|rule|Evasion Moves Clause: Evasion moves are banned\n|rule|Species Clause: Limit one of each Pok\u00e9mon\n|rule|Sleep Clause Mod: Limit one foe put to sleep\n|clearpoke\n|poke|p1|Slowbro, F|\n|poke|p1|Ferrothorn, F|\n|poke|p1|Tyranitar, F|\n|poke|p1|Urshifu-*, M|\n|poke|p1|Zapdos|\n|poke|p1|Heatran, F|\n|poke|p2|Toxapex, F|\n|poke|p2|Dondozo, M|\n|poke|p2|Gliscor, M|\n|poke|p2|Blissey, F|\n|poke|p2|Corviknight, F|\n|poke|p2|Tyranitar, F|\n|teampreview\n|\n|t:|1700699437\n|start\n|switch|p1a: Slowbro|Slowbro, F|100\/100\n|switch|p2a: Gliscor|Gliscor, M|100\/100\n|turn|1\n|\n|t:|1700699446\n|move|p2a: Gliscor|Protect|p2a: Gliscor\n|-singleturn|p2a: Gliscor|Protect\n|move|p1a: Slowbro|Scald|p2a: Gliscor\n|-activate|p2a: Gliscor|move: Protect\n|\n|-status|p2a: Gliscor|tox|[from] item: Toxic Orb\n|upkeep\n|turn|2\n|j| khoi_3210\n|\n|t:|1700699472\n|move|p2a: Gliscor|Toxic|p1a: Slowbro\n|-status|p1a: Slowbro|tox\n|move|p1a: Slowbro|Scald|p2a: Gliscor\n|-supereffective|p2a: Gliscor\n|-damage|p2a: Gliscor|13\/100 tox\n|\n|-heal|p2a: Gliscor|26\/100 tox|[from] ability: Poison Heal\n|-damage|p1a: Slowbro|94\/100 tox|[from] psn\n|upkeep\n|turn|3\n|\n|t:|1700699480\n|move|p2a: Gliscor|Protect|p2a: Gliscor\n|-singleturn|p2a: Gliscor|Protect\n|move|p1a: Slowbro|Teleport|p1a: Slowbro\n|j| beaakvolt\n|inactive|Battle timer is ON: inactive players will automatically lose when time's up. (requested by jkljlkh)\n|c| beaakvolt|staying in on bro when it couldve very well had ice beam is wild\n|\n|t:|1700699523\n|switch|p1a: Urshifu|Urshifu-Rapid-Strike, M|100\/100|[from] Teleport\n|\n|-heal|p2a: Gliscor|38\/100 tox|[from] ability: Poison Heal\n|upkeep\n|turn|4\n|c|\u2606jkljlkh|blud does not have icebeam\n|c|\u2606jkljlkh|are you smg\n|c| beaakvolt|blud did indeed not have ice beam\n|\n|t:|1700699541\n|switch|p2a: Toxapex|Toxapex, F|100\/100\n|move|p1a: Urshifu|U-turn|p2a: Toxapex\n|-resisted|p2a: Toxapex\n|-damage|p2a: Toxapex|93\/100\n|c| beaakvolt|ueah!!\n|c| beaakvolt|why did your opp pull up with the SSND ou team\n|inactive|murilopena has 120 seconds left.\n|\n|t:|1700699563\n|switch|p1a: Ferrothorn|Ferrothorn, F|100\/100|[from] U-turn\n|\n|upkeep\n|turn|5\n|c| beaakvolt|bro is in the wrong gen\n|\n|t:|1700699569\n|switch|p2a: Gliscor|Gliscor, M|38\/100 tox\n|move|p1a: Ferrothorn|Stealth Rock|p2a: Gliscor\n|-sidestart|p2: jkljlkh|move: Stealth Rock\n|\n|-heal|p2a: Gliscor|51\/100 tox|[from] ability: Poison Heal\n|upkeep\n|turn|6\n|\n|t:|1700699585\n|move|p2a: Gliscor|Protect|p2a: Gliscor\n|-singleturn|p2a: Gliscor|Protect\n|move|p1a: Ferrothorn|Leech Seed|p2a: Gliscor\n|-activate|p2a: Gliscor|move: Protect\n|\n|-heal|p2a: Gliscor|63\/100 tox|[from] ability: Poison Heal\n|upkeep\n|turn|7\n|inactive|murilopena has 120 seconds left.\n|c|\u2606jkljlkh|it doesn't take that long to clikc leech seed ;-;\n|c|\u2606jkljlkh|its not like I have hp fire or smth\n|\n|t:|1700699629\n|switch|p2a: Corviknight|Corviknight, F|100\/100\n|-damage|p2a: Corviknight|88\/100|[from] Stealth Rock\n|-ability|p2a: Corviknight|Pressure\n|move|p1a: Ferrothorn|Gyro Ball|p2a: Corviknight\n|-resisted|p2a: Corviknight\n|-damage|p2a: Corviknight|73\/100\n|\n|-heal|p2a: Corviknight|79\/100|[from] item: Leftovers\n|upkeep\n|turn|8\n|c| beaakvolt|Fr\n|inactive|murilopena has 90 seconds left.\n|\n|t:|1700699652\n|switch|p1a: Heatran|Heatran, F|100\/100\n|move|p2a: Corviknight|Protect||[still]\n|-fail|p2a: Corviknight\n|\n|-heal|p2a: Corviknight|86\/100|[from] item: Leftovers\n|upkeep\n|turn|9\n|inactive|murilopena has 90 seconds left.\n|l| khoi_3210\n|\n|t:|1700699658\n|move|p2a: Corviknight|Protect|p2a: Corviknight\n|-singleturn|p2a: Corviknight|Protect\n|move|p1a: Heatran|Magma Storm|p2a: Corviknight\n|-activate|p2a: Corviknight|move: Protect\n|\n|-heal|p2a: Corviknight|92\/100|[from] item: Leftovers\n|upkeep\n|turn|10\n|c| beaakvolt|TECT CORV IS CRAZY\n|inactive|murilopena has 90 seconds left.\n|c| beaakvolt|BRO USE SUB\u2026\n|c|\u2606jkljlkh|Sub is shiest\n|c|\u2606jkljlkh|I should do that for garg MU\n|c|\u2606jkljlkh|Would be so silly\n|\n|t:|1700699687\n|switch|p2a: Tyranitar|Tyranitar, F|100\/100\n|-damage|p2a: Tyranitar|88\/100|[from] Stealth Rock\n|-weather|Sandstorm|[from] ability: Sand Stream|[of] p2a: Tyranitar\n|move|p1a: Heatran|Magma Storm|p2a: Tyranitar\n|-resisted|p2a: Tyranitar\n|-damage|p2a: Tyranitar|75\/100\n|-activate|p2a: Tyranitar|move: Magma Storm|[of] p1a: Heatran\n|\n|-weather|Sandstorm|[upkeep]\n|-damage|p2a: Tyranitar|63\/100|[from] move: Magma Storm|[partiallytrapped]\n|upkeep\n|turn|11\n|j| khoi_3210\n|c| beaakvolt|EXACTLY!!\n|l| khoi_3210\n|\n|t:|1700699700\n|switch|p1a: Urshifu|Urshifu-Rapid-Strike, M|100\/100\n|detailschange|p2a: Tyranitar|Tyranitar-Mega, F\n|-mega|p2a: Tyranitar|Tyranitar|Tyranitarite\n|move|p2a: Tyranitar|Knock Off|p1a: Urshifu\n|-resisted|p1a: Urshifu\n|-damage|p1a: Urshifu|75\/100\n|-enditem|p1a: Urshifu|Choice Scarf|[from] move: Knock Off|[of] p2a: Tyranitar\n|\n|-weather|Sandstorm|[upkeep]\n|-damage|p1a: Urshifu|69\/100|[from] Sandstorm\n|-end|p2a: Tyranitar|Magma Storm|[partiallytrapped]|[silent]\n|upkeep\n|turn|12\n|inactive|murilopena has 60 seconds left.\n|inactive|murilopena has 30 seconds left.\n|inactive|murilopena has 20 seconds left.\n|inactive|murilopena has 15 seconds left.\n|\n|t:|1700699771\n|switch|p2a: Toxapex|Toxapex, F|100\/100\n|move|p1a: Urshifu|U-turn|p2a: Toxapex\n|-resisted|p2a: Toxapex\n|-damage|p2a: Toxapex|93\/100\n|inactive|murilopena has 20 seconds left this turn.\n|inactive|murilopena has 15 seconds left.\n|\n|t:|1700699776\n|switch|p1a: Slowbro|Slowbro, F|100\/100 tox|[from] U-turn\n|\n|-weather|Sandstorm|[upkeep]\n|-damage|p2a: Toxapex|87\/100|[from] Sandstorm\n|-damage|p1a: Slowbro|94\/100 tox|[from] Sandstorm\n|-damage|p1a: Slowbro|88\/100 tox|[from] psn\n|upkeep\n|turn|13\n|inactive|murilopena has 25 seconds left this turn.\n|inactive|murilopena has 20 seconds left.\n|\n|t:|1700699783\n|move|p2a: Toxapex|Knock Off|p1a: Slowbro\n|-supereffective|p1a: Slowbro\n|-damage|p1a: Slowbro|64\/100 tox\n|-damage|p2a: Toxapex|70\/100|[from] item: Rocky Helmet|[of] p1a: Slowbro\n|-enditem|p1a: Slowbro|Rocky Helmet|[from] move: Knock Off|[of] p2a: Toxapex\n|move|p1a: Slowbro|Future Sight|p2a: Toxapex\n|-start|p1a: Slowbro|move: Future Sight\n|\n|-weather|Sandstorm|[upkeep]\n|-damage|p2a: Toxapex|64\/100|[from] Sandstorm\n|-damage|p1a: Slowbro|58\/100 tox|[from] Sandstorm\n|-damage|p1a: Slowbro|46\/100 tox|[from] psn\n|upkeep\n|turn|14\n|inactive|murilopena has 30 seconds left this turn.\n|inactive|murilopena has 20 seconds left.\n|inactive|murilopena has 15 seconds left.\n|\n|t:|1700699800\n|move|p2a: Toxapex|Recover|p2a: Toxapex\n|-heal|p2a: Toxapex|100\/100\n|move|p1a: Slowbro|Teleport|p1a: Slowbro\n|inactive|murilopena has 20 seconds left this turn.\n|\n|t:|1700699804\n|switch|p1a: Urshifu|Urshifu-Rapid-Strike, M|69\/100|[from] Teleport\n|\n|-weather|none\n|upkeep\n|turn|15\n|inactive|murilopena has 30 seconds left this turn.\n|\n|t:|1700699810\n|move|p1a: Urshifu|Close Combat|p2a: Toxapex\n|-resisted|p2a: Toxapex\n|-damage|p2a: Toxapex|80\/100\n|-unboost|p1a: Urshifu|def|1\n|-unboost|p1a: Urshifu|spd|1\n|move|p2a: Toxapex|Recover|p2a: Toxapex\n|-heal|p2a: Toxapex|100\/100\n|\n|-end|p2a: Toxapex|move: Future Sight\n|-supereffective|p2a: Toxapex\n|-damage|p2a: Toxapex|3\/100\n|upkeep\n|turn|16\n|inactive|murilopena has 30 seconds left.\n|\n|t:|1700699823\n|switch|p1a: Zapdos|Zapdos|100\/100\n|-ability|p1a: Zapdos|Pressure\n|switch|p2a: Dondozo|Dondozo, M|100\/100\n|\n|upkeep\n|turn|17\n|inactive|murilopena has 30 seconds left.\n|inactive|murilopena has 20 seconds left.\n|inactive|murilopena has 15 seconds left.\n|inactive|murilopena has 10 seconds left.\n|\n|t:|1700699858\n|switch|p2a: Gliscor|Gliscor, M|63\/100 tox\n|-damage|p2a: Gliscor|51\/100 tox|[from] Stealth Rock\n|move|p1a: Zapdos|Volt Switch|p2a: Gliscor\n|-immune|p2a: Gliscor\n|\n|-heal|p2a: Gliscor|63\/100 tox|[from] ability: Poison Heal\n|upkeep\n|turn|18\n|inactive|murilopena has 20 seconds left this turn.\n|inactive|murilopena has 15 seconds left.\n|\n|t:|1700699867\n|switch|p1a: Slowbro|Slowbro, F|79\/100 tox\n|move|p2a: Gliscor|Spikes|p1a: Slowbro\n|-sidestart|p1: murilopena|Spikes\n|\n|-heal|p2a: Gliscor|76\/100 tox|[from] ability: Poison Heal\n|-damage|p1a: Slowbro|73\/100 tox|[from] psn\n|upkeep\n|turn|19\n|inactive|murilopena has 25 seconds left this turn.\n|inactive|murilopena has 20 seconds left.\n|\n|t:|1700699874\n|move|p2a: Gliscor|Earthquake|p1a: Slowbro\n|-damage|p1a: Slowbro|47\/100 tox\n|move|p1a: Slowbro|Future Sight|p2a: Gliscor\n|-start|p1a: Slowbro|move: Future Sight\n|\n|-heal|p2a: Gliscor|88\/100 tox|[from] ability: Poison Heal\n|-damage|p1a: Slowbro|35\/100 tox|[from] psn\n|upkeep\n|turn|20\n|inactive|murilopena has 30 seconds left this turn.\n|\n|t:|1700699884\n|move|p2a: Gliscor|Spikes|p1a: Slowbro\n|-sidestart|p1: murilopena|Spikes\n|move|p1a: Slowbro|Scald|p2a: Gliscor\n|-supereffective|p2a: Gliscor\n|-damage|p2a: Gliscor|3\/100 tox\n|\n|-heal|p2a: Gliscor|16\/100 tox|[from] ability: Poison Heal\n|-damage|p1a: Slowbro|17\/100 tox|[from] psn\n|upkeep\n|turn|21\n|inactive|murilopena has 30 seconds left.\n|\n|t:|1700699892\n|switch|p2a: Tyranitar|Tyranitar-Mega, F|63\/100\n|-damage|p2a: Tyranitar|51\/100|[from] Stealth Rock\n|-weather|Sandstorm|[from] ability: Sand Stream|[of] p2a: Tyranitar\n|move|p1a: Slowbro|Teleport|p1a: Slowbro\n|inactive|murilopena has 30 seconds left.\n|\n|t:|1700699904\n|switch|p1a: Urshifu|Urshifu-Rapid-Strike, M|69\/100|[from] Teleport\n|-damage|p1a: Urshifu|52\/100|[from] Spikes\n|\n|-weather|Sandstorm|[upkeep]\n|-damage|p1a: Urshifu|46\/100|[from] Sandstorm\n|-end|p2a: Tyranitar|move: Future Sight\n|-immune|p2a: Tyranitar\n|upkeep\n|turn|22\n|inactive|murilopena has 30 seconds left.\n|\n|t:|1700699931\n|switch|p2a: Toxapex|Toxapex, F|36\/100\n|move|p1a: Urshifu|U-turn|p2a: Toxapex\n|-resisted|p2a: Toxapex\n|-damage|p2a: Toxapex|29\/100\n|inactive|murilopena has 30 seconds left.\n|\n|t:|1700699937\n|switch|p1a: Zapdos|Zapdos|100\/100|[from] U-turn\n|-ability|p1a: Zapdos|Pressure\n|\n|-weather|Sandstorm|[upkeep]\n|-damage|p1a: Zapdos|94\/100|[from] Sandstorm\n|-damage|p2a: Toxapex|23\/100|[from] Sandstorm\n|upkeep\n|turn|23\n|\n|t:|1700699944\n|switch|p2a: Blissey|Blissey, F|100\/100\n|move|p1a: Zapdos|Defog|p2a: Blissey\n|-unboost|p2a: Blissey|evasion|1\n|-sideend|p2: jkljlkh|Stealth Rock|[from] move: Defog|[of] p1a: Zapdos\n|-sideend|p1: murilopena|Spikes|[from] move: Defog|[of] p1a: Zapdos\n|\n|-weather|Sandstorm|[upkeep]\n|-damage|p1a: Zapdos|88\/100|[from] Sandstorm\n|-damage|p2a: Blissey|94\/100|[from] Sandstorm\n|upkeep\n|turn|24\n|\n|t:|1700699953\n|move|p1a: Zapdos|Volt Switch|p2a: Blissey\n|-damage|p2a: Blissey|84\/100\n|\n|t:|1700699957\n|switch|p1a: Ferrothorn|Ferrothorn, F|100\/100|[from] Volt Switch\n|move|p2a: Blissey|Seismic Toss|p1a: Ferrothorn\n|-damage|p1a: Ferrothorn|72\/100\n|-damage|p2a: Blissey|72\/100|[from] ability: Iron Barbs|[of] p1a: Ferrothorn\n|\n|-weather|Sandstorm|[upkeep]\n|-damage|p2a: Blissey|66\/100|[from] Sandstorm\n|-heal|p1a: Ferrothorn|78\/100|[from] item: Leftovers\n|upkeep\n|turn|25\n|\n|t:|1700699968\n|switch|p2a: Gliscor|Gliscor, M|16\/100 tox\n|move|p1a: Ferrothorn|Knock Off|p2a: Gliscor\n|-damage|p2a: Gliscor|2\/100 tox\n|-enditem|p2a: Gliscor|Toxic Orb|[from] move: Knock Off|[of] p1a: Ferrothorn\n|\n|-weather|none\n|-heal|p1a: Ferrothorn|85\/100|[from] item: Leftovers\n|-heal|p2a: Gliscor|15\/100 tox|[from] ability: Poison Heal\n|upkeep\n|turn|26\n|\n|t:|1700699978\n|move|p2a: Gliscor|Protect|p2a: Gliscor\n|-singleturn|p2a: Gliscor|Protect\n|move|p1a: Ferrothorn|Leech Seed|p2a: Gliscor\n|-activate|p2a: Gliscor|move: Protect\n|\n|-heal|p1a: Ferrothorn|91\/100|[from] item: Leftovers\n|-heal|p2a: Gliscor|27\/100 tox|[from] ability: Poison Heal\n|upkeep\n|turn|27\n|\n|t:|1700699986\n|switch|p2a: Toxapex|Toxapex, F|57\/100\n|move|p1a: Ferrothorn|Stealth Rock|p2a: Toxapex\n|-sidestart|p2: jkljlkh|move: Stealth Rock\n|\n|-heal|p1a: Ferrothorn|97\/100|[from] item: Leftovers\n|upkeep\n|turn|28\n|inactive|murilopena has 60 seconds left.\n|\n|t:|1700699993\n|switch|p2a: Corviknight|Corviknight, F|92\/100\n|-damage|p2a: Corviknight|79\/100|[from] Stealth Rock\n|-ability|p2a: Corviknight|Pressure\n|move|p1a: Ferrothorn|Knock Off|p2a: Corviknight\n|-damage|p2a: Corviknight|62\/100\n|-enditem|p2a: Corviknight|Leftovers|[from] move: Knock Off|[of] p1a: Ferrothorn\n|\n|-heal|p1a: Ferrothorn|100\/100|[from] item: Leftovers\n|upkeep\n|turn|29\n|\n|t:|1700700003\n|move|p2a: Corviknight|Defog|p1a: Ferrothorn\n|-unboost|p1a: Ferrothorn|evasion|1\n|-sideend|p2: jkljlkh|Stealth Rock|[from] move: Defog|[of] p2a: Corviknight\n|move|p1a: Ferrothorn|Leech Seed|p2a: Corviknight\n|-start|p2a: Corviknight|move: Leech Seed\n|\n|-damage|p2a: Corviknight|49\/100|[from] Leech Seed|[of] p1a: Ferrothorn\n|upkeep\n|turn|30\n|\n|t:|1700700010\n|move|p2a: Corviknight|Roost|p2a: Corviknight\n|-heal|p2a: Corviknight|99\/100\n|-singleturn|p2a: Corviknight|move: Roost\n|move|p1a: Ferrothorn|Stealth Rock|p2a: Corviknight\n|-sidestart|p2: jkljlkh|move: Stealth Rock\n|\n|-damage|p2a: Corviknight|87\/100|[from] Leech Seed|[of] p1a: Ferrothorn\n|upkeep\n|turn|31\n|\n|t:|1700700018\n|switch|p1a: Heatran|Heatran, F|100\/100\n|move|p2a: Corviknight|Defog|p1a: Heatran\n|-unboost|p1a: Heatran|evasion|1\n|-sideend|p2: jkljlkh|Stealth Rock|[from] move: Defog|[of] p2a: Corviknight\n|\n|-damage|p2a: Corviknight|74\/100|[from] Leech Seed|[of] p1a: Heatran\n|upkeep\n|turn|32\n|\n|t:|1700700028\n|move|p2a: Corviknight|Protect|p2a: Corviknight\n|-singleturn|p2a: Corviknight|Protect\n|move|p1a: Heatran|Toxic|p2a: Corviknight\n|-activate|p2a: Corviknight|move: Protect\n|\n|-damage|p2a: Corviknight|62\/100|[from] Leech Seed|[of] p1a: Heatran\n|upkeep\n|turn|33\n|\n|t:|1700700036\n|switch|p2a: Tyranitar|Tyranitar-Mega, F|51\/100\n|-weather|Sandstorm|[from] ability: Sand Stream|[of] p2a: Tyranitar\n|move|p1a: Heatran|Magma Storm|p2a: Tyranitar\n|-resisted|p2a: Tyranitar\n|-damage|p2a: Tyranitar|39\/100\n|-activate|p2a: Tyranitar|move: Magma Storm|[of] p1a: Heatran\n|\n|-weather|Sandstorm|[upkeep]\n|-damage|p2a: Tyranitar|27\/100|[from] move: Magma Storm|[partiallytrapped]\n|upkeep\n|turn|34\n|\n|t:|1700700046\n|-terastallize|p1a: Heatran|Grass\n|move|p1a: Heatran|Earth Power|p2a: Tyranitar\n|-supereffective|p2a: Tyranitar\n|-damage|p2a: Tyranitar|0 fnt\n|faint|p2a: Tyranitar\n|\n|-weather|Sandstorm|[upkeep]\n|-damage|p1a: Heatran|94\/100|[from] Sandstorm\n|-heal|p1a: Heatran|100\/100|[from] item: Leftovers\n|upkeep\n|c|\u2606jkljlkh|oh\n|inactive|jkljlkh has 120 seconds left.\n|\n|t:|1700700077\n|switch|p2a: Gliscor|Gliscor, M|27\/100 tox\n|turn|35\n|inactive|murilopena has 90 seconds left.\n|\n|t:|1700700095\n|move|p2a: Gliscor|Protect|p2a: Gliscor\n|-singleturn|p2a: Gliscor|Protect\n|move|p1a: Heatran|Tera Blast|p2a: Gliscor|[anim] Tera Blast Grass\n|-activate|p2a: Gliscor|move: Protect\n|\n|-weather|Sandstorm|[upkeep]\n|-damage|p1a: Heatran|94\/100|[from] Sandstorm\n|-heal|p1a: Heatran|100\/100|[from] item: Leftovers\n|-heal|p2a: Gliscor|40\/100 tox|[from] ability: Poison Heal\n|upkeep\n|turn|36\n|\n|t:|1700700107\n|switch|p2a: Blissey|Blissey, F|66\/100\n|move|p1a: Heatran|Magma Storm|p2a: Blissey|[miss]\n|-miss|p1a: Heatran|p2a: Blissey\n|\n|-weather|Sandstorm|[upkeep]\n|-damage|p1a: Heatran|94\/100|[from] Sandstorm\n|-damage|p2a: Blissey|60\/100|[from] Sandstorm\n|-heal|p1a: Heatran|100\/100|[from] item: Leftovers\n|upkeep\n|turn|37\n|inactive|murilopena has 90 seconds left.\n|\n|t:|1700700119\n|switch|p1a: Tyranitar|Tyranitar, F|100\/100\n|move|p2a: Blissey|Soft-Boiled|p2a: Blissey\n|-heal|p2a: Blissey|100\/100\n|\n|-weather|none\n|upkeep\n|turn|38\n|inactive|murilopena has 90 seconds left.\n|\n|t:|1700700126\n|switch|p2a: Gliscor|Gliscor, M|40\/100 tox\n|detailschange|p1a: Tyranitar|Tyranitar-Mega, F\n|-mega|p1a: Tyranitar|Tyranitar|Tyranitarite\n|-weather|Sandstorm|[from] ability: Sand Stream|[of] p1a: Tyranitar\n|move|p1a: Tyranitar|Dragon Dance|p1a: Tyranitar\n|-boost|p1a: Tyranitar|atk|1\n|-boost|p1a: Tyranitar|spe|1\n|\n|-weather|Sandstorm|[upkeep]\n|-heal|p2a: Gliscor|52\/100 tox|[from] ability: Poison Heal\n|upkeep\n|turn|39\n|inactive|murilopena has 90 seconds left.\n|\n|t:|1700700148\n|move|p2a: Gliscor|Protect|p2a: Gliscor\n|-singleturn|p2a: Gliscor|Protect\n|move|p1a: Tyranitar|Stone Edge|p2a: Gliscor\n|-activate|p2a: Gliscor|move: Protect\n|\n|-weather|Sandstorm|[upkeep]\n|-heal|p2a: Gliscor|65\/100 tox|[from] ability: Poison Heal\n|upkeep\n|turn|40\n|\n|t:|1700700172\n|switch|p2a: Dondozo|Dondozo, M|100\/100\n|move|p1a: Tyranitar|Stone Edge|p2a: Dondozo\n|-damage|p2a: Dondozo|73\/100\n|\n|-weather|Sandstorm|[upkeep]\n|-damage|p2a: Dondozo|66\/100|[from] Sandstorm\n|upkeep\n|turn|41\n|\n|t:|1700700194\n|switch|p1a: Slowbro|Slowbro, F|50\/100 tox\n|move|p2a: Dondozo|Curse|p2a: Dondozo\n|-unboost|p2a: Dondozo|spe|1\n|-boost|p2a: Dondozo|atk|1\n|-boost|p2a: Dondozo|def|1\n|\n|-weather|Sandstorm|[upkeep]\n|-damage|p1a: Slowbro|44\/100 tox|[from] Sandstorm\n|-damage|p2a: Dondozo|60\/100|[from] Sandstorm\n|-damage|p1a: Slowbro|38\/100 tox|[from] psn\n|upkeep\n|turn|42\n|\n|t:|1700700211\n|move|p1a: Slowbro|Future Sight|p2a: Dondozo\n|-start|p1a: Slowbro|move: Future Sight\n|move|p2a: Dondozo|Body Press|p1a: Slowbro\n|-resisted|p1a: Slowbro\n|-damage|p1a: Slowbro|21\/100 tox\n|\n|-weather|none\n|-damage|p1a: Slowbro|8\/100 tox|[from] psn\n|upkeep\n|turn|43\n|\n|t:|1700700217\n|move|p2a: Dondozo|Rest|p2a: Dondozo\n|-status|p2a: Dondozo|slp|[from] move: Rest\n|-heal|p2a: Dondozo|100\/100 slp|[silent]\n|move|p1a: Slowbro|Teleport|p1a: Slowbro\n|c|\u2606jkljlkh|why\n|\n|t:|1700700223\n|switch|p1a: Ferrothorn|Ferrothorn, F|100\/100|[from] Teleport\n|\n|upkeep\n|turn|44\n|c|\u2606jkljlkh|i'm loosing my braincells\n|\n|t:|1700700227\n|switch|p2a: Corviknight|Corviknight, F|62\/100\n|-ability|p2a: Corviknight|Pressure\n|move|p1a: Ferrothorn|Leech Seed|p2a: Corviknight\n|-start|p2a: Corviknight|move: Leech Seed\n|\n|-end|p2a: Corviknight|move: Future Sight\n|-resisted|p2a: Corviknight\n|-damage|p2a: Corviknight|43\/100\n|-damage|p2a: Corviknight|30\/100|[from] Leech Seed|[of] p1a: Ferrothorn\n|upkeep\n|turn|45\n|inactive|murilopena has 90 seconds left.\n|c|\u2606jkljlkh|also i gotta go in like ~15\n|c|\u2606jkljlkh|so if he doesn't play faster i might loost bc\n|\n|t:|1700700259\n|switch|p1a: Slowbro|Slowbro, F|42\/100 tox\n|move|p2a: Corviknight|Roost|p2a: Corviknight\n|-heal|p2a: Corviknight|80\/100\n|-singleturn|p2a: Corviknight|move: Roost\n|\n|-damage|p2a: Corviknight|68\/100|[from] Leech Seed|[of] p1a: Slowbro\n|-heal|p1a: Slowbro|54\/100 tox|[silent]\n|-damage|p1a: Slowbro|48\/100 tox|[from] psn\n|upkeep\n|turn|46\n|\n|t:|1700700268\n|switch|p2a: Toxapex|Toxapex, F|90\/100\n|move|p1a: Slowbro|Flamethrower|p2a: Toxapex\n|-resisted|p2a: Toxapex\n|-damage|p2a: Toxapex|78\/100\n|\n|-damage|p1a: Slowbro|36\/100 tox|[from] psn\n|upkeep\n|turn|47\n|inactive|murilopena has 60 seconds left.\n|\n|t:|1700700291\n|move|p2a: Toxapex|Knock Off|p1a: Slowbro\n|-supereffective|p1a: Slowbro\n|-damage|p1a: Slowbro|20\/100 tox\n|move|p1a: Slowbro|Future Sight|p2a: Toxapex\n|-start|p1a: Slowbro|move: Future Sight\n|\n|-damage|p1a: Slowbro|2\/100 tox|[from] psn\n|upkeep\n|turn|48\n|\n|t:|1700700299\n|switch|p1a: Ferrothorn|Ferrothorn, F|100\/100\n|move|p2a: Toxapex|Toxic|p1a: Ferrothorn\n|-immune|p1a: Ferrothorn\n|\n|upkeep\n|turn|49\n|\n|t:|1700700304\n|switch|p2a: Corviknight|Corviknight, F|68\/100\n|-ability|p2a: Corviknight|Pressure\n|move|p1a: Ferrothorn|Stealth Rock|p2a: Corviknight\n|-sidestart|p2: jkljlkh|move: Stealth Rock\n|\n|-end|p2a: Corviknight|move: Future Sight\n|-resisted|p2a: Corviknight\n|-damage|p2a: Corviknight|46\/100\n|upkeep\n|turn|50\n|\n|t:|1700700315\n|switch|p1a: Heatran|Heatran, F, tera:Grass|100\/100\n|move|p2a: Corviknight|Defog|p1a: Heatran\n|-unboost|p1a: Heatran|evasion|1\n|-sideend|p2: jkljlkh|Stealth Rock|[from] move: Defog|[of] p2a: Corviknight\n|\n|upkeep\n|turn|51\n|inactive|murilopena has 60 seconds left.\n|\n|t:|1700700337\n|switch|p1a: Urshifu|Urshifu-Rapid-Strike, M|46\/100\n|move|p2a: Corviknight|Protect||[still]\n|-fail|p2a: Corviknight\n|\n|upkeep\n|turn|52\n|\n|t:|1700700344\n|switch|p2a: Toxapex|Toxapex, F|100\/100\n|move|p1a: Urshifu|U-turn|p2a: Toxapex\n|-resisted|p2a: Toxapex\n|-damage|p2a: Toxapex|93\/100\n|c|\u2606jkljlkh|can you please play faster\n|\n|t:|1700700350\n|switch|p1a: Heatran|Heatran, F, tera:Grass|100\/100|[from] U-turn\n|\n|upkeep\n|turn|53\n|inactive|murilopena has 60 seconds left.\n|\n|t:|1700700370\n|move|p2a: Toxapex|Baneful Bunker|p2a: Toxapex\n|-singleturn|p2a: Toxapex|move: Protect\n|move|p1a: Heatran|Magma Storm|p2a: Toxapex\n|-activate|p2a: Toxapex|move: Protect\n|\n|upkeep\n|turn|54\n|inactive|murilopena has 60 seconds left.\n|\n|t:|1700700382\n|move|p1a: Heatran|Earth Power|p2a: Toxapex\n|-supereffective|p2a: Toxapex\n|-damage|p2a: Toxapex|36\/100\n|move|p2a: Toxapex|Toxic|p1a: Heatran\n|-status|p1a: Heatran|tox\n|\n|-damage|p1a: Heatran|94\/100 tox|[from] psn\n|upkeep\n|turn|55\n|inactive|murilopena has 60 seconds left.\n|\n|t:|1700700394\n|switch|p1a: Tyranitar|Tyranitar-Mega, F|100\/100\n|-weather|Sandstorm|[from] ability: Sand Stream|[of] p1a: Tyranitar\n|move|p2a: Toxapex|Baneful Bunker||[still]\n|-fail|p2a: Toxapex\n|\n|-weather|Sandstorm|[upkeep]\n|-damage|p2a: Toxapex|30\/100|[from] Sandstorm\n|upkeep\n|turn|56\n|\n|t:|1700700402\n|switch|p2a: Dondozo|Dondozo, M|100\/100 slp\n|move|p1a: Tyranitar|Dragon Dance|p1a: Tyranitar\n|-boost|p1a: Tyranitar|atk|1\n|-boost|p1a: Tyranitar|spe|1\n|\n|-weather|Sandstorm|[upkeep]\n|-damage|p2a: Dondozo|94\/100 slp|[from] Sandstorm\n|upkeep\n|turn|57\n|\n|t:|1700700409\n|move|p1a: Tyranitar|Stone Edge|p2a: Dondozo\n|-damage|p2a: Dondozo|64\/100 slp\n|cant|p2a: Dondozo|slp\n|move|p2a: Dondozo|Sleep Talk|p2a: Dondozo\n|move|p2a: Dondozo|Body Press|p1a: Tyranitar|[from]move: Sleep Talk\n|-supereffective|p1a: Tyranitar\n|-damage|p1a: Tyranitar|25\/100\n|\n|-weather|Sandstorm|[upkeep]\n|-damage|p2a: Dondozo|58\/100 slp|[from] Sandstorm\n|upkeep\n|turn|58\n|\n|t:|1700700420\n|switch|p1a: Ferrothorn|Ferrothorn, F|100\/100\n|cant|p2a: Dondozo|slp\n|move|p2a: Dondozo|Sleep Talk|p2a: Dondozo\n|move|p2a: Dondozo|Rest||[from]move: Sleep Talk|[still]\n|-fail|p2a: Dondozo\n|\n|-weather|Sandstorm|[upkeep]\n|-damage|p2a: Dondozo|52\/100 slp|[from] Sandstorm\n|upkeep\n|turn|59\n|\n|t:|1700700441\n|-curestatus|p2a: Dondozo|slp|[msg]\n|move|p2a: Dondozo|Rest|p2a: Dondozo\n|-status|p2a: Dondozo|slp|[from] move: Rest\n|-heal|p2a: Dondozo|100\/100 slp|[silent]\n|move|p1a: Ferrothorn|Leech Seed|p2a: Dondozo\n|-start|p2a: Dondozo|move: Leech Seed\n|\n|-weather|none\n|-damage|p2a: Dondozo|88\/100 slp|[from] Leech Seed|[of] p1a: Ferrothorn\n|upkeep\n|turn|60\n|\n|t:|1700700451\n|switch|p2a: Corviknight|Corviknight, F|46\/100\n|-ability|p2a: Corviknight|Pressure\n|switch|p1a: Tyranitar|Tyranitar-Mega, F|25\/100\n|-weather|Sandstorm|[from] ability: Sand Stream|[of] p1a: Tyranitar\n|\n|-weather|Sandstorm|[upkeep]\n|upkeep\n|turn|61\n|\n|t:|1700700459\n|switch|p2a: Dondozo|Dondozo, M|88\/100 slp\n|move|p1a: Tyranitar|Dragon Dance|p1a: Tyranitar\n|-boost|p1a: Tyranitar|atk|1\n|-boost|p1a: Tyranitar|spe|1\n|\n|-weather|Sandstorm|[upkeep]\n|-damage|p2a: Dondozo|82\/100 slp|[from] Sandstorm\n|upkeep\n|turn|62\n|c|\u2606jkljlkh|pls play faster\n|inactive|murilopena has 60 seconds left.\n|c|\u2606jkljlkh|i swear\n|\n|t:|1700700481\n|switch|p1a: Zapdos|Zapdos|88\/100\n|-ability|p1a: Zapdos|Pressure\n|cant|p2a: Dondozo|slp\n|move|p2a: Dondozo|Sleep Talk|p2a: Dondozo\n|move|p2a: Dondozo|Curse|p2a: Dondozo|[from]move: Sleep Talk\n|-unboost|p2a: Dondozo|spe|1\n|-boost|p2a: Dondozo|atk|1\n|-boost|p2a: Dondozo|def|1\n|\n|-weather|Sandstorm|[upkeep]\n|-damage|p1a: Zapdos|82\/100|[from] Sandstorm\n|-damage|p2a: Dondozo|76\/100 slp|[from] Sandstorm\n|upkeep\n|turn|63\n|inactive|murilopena has 60 seconds left.\n|\n|t:|1700700509\n|switch|p2a: Gliscor|Gliscor, M|65\/100 tox\n|move|p1a: Zapdos|Hurricane|p2a: Gliscor|[miss]\n|-miss|p1a: Zapdos|p2a: Gliscor\n|\n|-weather|Sandstorm|[upkeep]\n|-damage|p1a: Zapdos|76\/100|[from] Sandstorm\n|-heal|p2a: Gliscor|77\/100 tox|[from] ability: Poison Heal\n|upkeep\n|turn|64\n|c| beaakvolt|give me your password ill finish the game trust\n|c|\u2606jkljlkh|real?\n|\n|t:|1700700521\n|switch|p1a: Heatran|Heatran, F, tera:Grass|94\/100 tox\n|move|p2a: Gliscor|Toxic|p1a: Heatran\n|-fail|p1a: Heatran|tox\n|\n|-weather|none\n|-heal|p1a: Heatran|100\/100 tox|[from] item: Leftovers\n|-heal|p2a: Gliscor|89\/100 tox|[from] ability: Poison Heal\n|-damage|p1a: Heatran|94\/100 tox|[from] psn\n|upkeep\n|turn|65\n|c| beaakvolt|Tes\u2026\n|c| beaakvolt|im not letting bro play THIS ass and win\n|\n|t:|1700700544\n|switch|p2a: Blissey|Blissey, F|100\/100\n|move|p1a: Heatran|Tera Blast|p2a: Blissey|[anim] Tera Blast Grass\n|-damage|p2a: Blissey|86\/100\n|\n|-heal|p1a: Heatran|100\/100 tox|[from] item: Leftovers\n|-damage|p1a: Heatran|88\/100 tox|[from] psn\n|upkeep\n|turn|66\n|inactive|murilopena has 30 seconds left.\n|\n|t:|1700700564\n|switch|p1a: Tyranitar|Tyranitar-Mega, F|25\/100\n|-weather|Sandstorm|[from] ability: Sand Stream|[of] p1a: Tyranitar\n|move|p2a: Blissey|Seismic Toss|p1a: Tyranitar\n|-damage|p1a: Tyranitar|0 fnt\n|faint|p1a: Tyranitar\n|\n|-weather|Sandstorm|[upkeep]\n|-damage|p2a: Blissey|80\/100|[from] Sandstorm\n|upkeep\n|inactive|murilopena has 30 seconds left.\n|\n|t:|1700700575\n|switch|p1a: Ferrothorn|Ferrothorn, F|100\/100\n|turn|67\n|\n|t:|1700700578\n|switch|p2a: Toxapex|Toxapex, F|63\/100\n|move|p1a: Ferrothorn|Leech Seed|p2a: Toxapex\n|-start|p2a: Toxapex|move: Leech Seed\n|\n|-weather|Sandstorm|[upkeep]\n|-damage|p2a: Toxapex|57\/100|[from] Sandstorm\n|-damage|p2a: Toxapex|45\/100|[from] Leech Seed|[of] p1a: Ferrothorn\n|upkeep\n|turn|68\n|\n|t:|1700700587\n|switch|p2a: Corviknight|Corviknight, F|46\/100\n|-ability|p2a: Corviknight|Pressure\n|switch|p1a: Slowbro|Slowbro, F|35\/100 tox\n|\n|-weather|Sandstorm|[upkeep]\n|-damage|p1a: Slowbro|29\/100 tox|[from] Sandstorm\n|-damage|p1a: Slowbro|23\/100 tox|[from] psn\n|upkeep\n|turn|69\n|\n|t:|1700700606\n|move|p2a: Corviknight|Iron Head|p1a: Slowbro\n|-resisted|p1a: Slowbro\n|-damage|p1a: Slowbro|13\/100 tox\n|move|p1a: Slowbro|Teleport|p1a: Slowbro\n|\n|t:|1700700610\n|switch|p1a: Zapdos|Zapdos|76\/100|[from] Teleport\n|-ability|p1a: Zapdos|Pressure\n|\n|-weather|Sandstorm|[upkeep]\n|-damage|p1a: Zapdos|69\/100|[from] Sandstorm\n|upkeep\n|turn|70\n|\n|t:|1700700617\n|move|p2a: Corviknight|Protect|p2a: Corviknight\n|-singleturn|p2a: Corviknight|Protect\n|move|p1a: Zapdos|Volt Switch|p2a: Corviknight\n|-activate|p2a: Corviknight|move: Protect\n|\n|-weather|none\n|upkeep\n|turn|71\n|c|\u2606jkljlkh|pls play faster\n|inactive|murilopena has 30 seconds left.\n|\n|t:|1700700648\n|switch|p2a: Gliscor|Gliscor, M|89\/100 tox\n|move|p1a: Zapdos|Hurricane|p2a: Gliscor\n|-damage|p2a: Gliscor|26\/100 tox\n|\n|-heal|p2a: Gliscor|39\/100 tox|[from] ability: Poison Heal\n|upkeep\n|turn|72\n|inactive|murilopena has 30 seconds left.\n|\n|t:|1700700656\n|move|p2a: Gliscor|Protect|p2a: Gliscor\n|-singleturn|p2a: Gliscor|Protect\n|move|p1a: Zapdos|Heat Wave|p2a: Gliscor\n|-activate|p2a: Gliscor|move: Protect\n|\n|-heal|p2a: Gliscor|51\/100 tox|[from] ability: Poison Heal\n|upkeep\n|turn|73\n|\n|t:|1700700665\n|switch|p2a: Blissey|Blissey, F|80\/100\n|move|p1a: Zapdos|Volt Switch|p2a: Blissey\n|-damage|p2a: Blissey|70\/100\n|c|\u2606jkljlkh|wtf\n|c|\u2606jkljlkh|no roost zapdos\n|c|\u2606jkljlkh|sussy\n|inactive|murilopena has 30 seconds left.\n|inactive|murilopena has 20 seconds left.\n|inactive|murilopena has 15 seconds left.\n|\n|t:|1700700690\n|switch|p1a: Urshifu|Urshifu-Rapid-Strike, M|46\/100|[from] Volt Switch\n|\n|upkeep\n|turn|74\n|inactive|murilopena has 25 seconds left this turn.\n|\n|t:|1700700697\n|switch|p2a: Toxapex|Toxapex, F|78\/100\n|move|p1a: Urshifu|Close Combat|p2a: Toxapex\n|-resisted|p2a: Toxapex\n|-damage|p2a: Toxapex|59\/100\n|-unboost|p1a: Urshifu|def|1\n|-unboost|p1a: Urshifu|spd|1\n|\n|upkeep\n|turn|75\n|inactive|murilopena has 30 seconds left.\n|\n|t:|1700700706\n|switch|p1a: Heatran|Heatran, F, tera:Grass|88\/100 tox\n|move|p2a: Toxapex|Knock Off|p1a: Heatran\n|-damage|p1a: Heatran|76\/100 tox\n|-enditem|p1a: Heatran|Leftovers|[from] move: Knock Off|[of] p2a: Toxapex\n|\n|-damage|p1a: Heatran|70\/100 tox|[from] psn\n|upkeep\n|turn|76\n|\n|t:|1700700713\n|move|p2a: Toxapex|Baneful Bunker|p2a: Toxapex\n|-singleturn|p2a: Toxapex|move: Protect\n|move|p1a: Heatran|Magma Storm|p2a: Toxapex\n|-activate|p2a: Toxapex|move: Protect\n|\n|-damage|p1a: Heatran|57\/100 tox|[from] psn\n|upkeep\n|turn|77\n|\n|t:|1700700720\n|switch|p2a: Blissey|Blissey, F|70\/100\n|move|p1a: Heatran|Magma Storm|p2a: Blissey|[miss]\n|-miss|p1a: Heatran|p2a: Blissey\n|\n|-damage|p1a: Heatran|39\/100 tox|[from] psn\n|upkeep\n|turn|78\n|c|\u2606jkljlkh|thats game\n|c|\u2606jkljlkh|basically\n|\n|t:|1700700729\n|move|p1a: Heatran|Toxic|p2a: Blissey\n|-status|p2a: Blissey|tox\n|move|p2a: Blissey|Stealth Rock|p1a: Heatran\n|-sidestart|p1: murilopena|move: Stealth Rock\n|\n|-damage|p1a: Heatran|14\/100 tox|[from] psn\n|-damage|p2a: Blissey|64\/100 tox|[from] psn\n|upkeep\n|turn|79\n|\n|t:|1700700737\n|move|p1a: Heatran|Tera Blast|p2a: Blissey|[anim] Tera Blast Grass\n|-damage|p2a: Blissey|50\/100 tox\n|move|p2a: Blissey|Soft-Boiled|p2a: Blissey\n|-heal|p2a: Blissey|99\/100 tox\n|\n|-damage|p1a: Heatran|0 fnt|[from] psn\n|faint|p1a: Heatran\n|-damage|p2a: Blissey|88\/100 tox|[from] psn\n|upkeep\n|c|\u2606jkljlkh|oh its seedflare animation\n|c|\u2606jkljlkh|cool\n|\n|t:|1700700746\n|switch|p1a: Zapdos|Zapdos|69\/100\n|-ability|p1a: Zapdos|Pressure\n|turn|80\n|\n|t:|1700700751\n|move|p1a: Zapdos|Defog|p2a: Blissey\n|-unboost|p2a: Blissey|evasion|1\n|-sideend|p1: murilopena|Stealth Rock|[from] move: Defog|[of] p1a: Zapdos\n|move|p2a: Blissey|Seismic Toss|p1a: Zapdos\n|-damage|p1a: Zapdos|38\/100\n|\n|-damage|p2a: Blissey|70\/100 tox|[from] psn\n|upkeep\n|turn|81\n|c| beaakvolt|soecs zapdps??\n|c|\u2606jkljlkh|nah\n|\n|t:|1700700759\n|-curestatus|p2a: Blissey|tox|[from] ability: Natural Cure\n|switch|p2a: Toxapex|Toxapex, F|92\/100\n|move|p1a: Zapdos|Heat Wave|p2a: Toxapex\n|-resisted|p2a: Toxapex\n|-damage|p2a: Toxapex|81\/100\n|\n|upkeep\n|turn|82\n|\n|t:|1700700767\n|move|p2a: Toxapex|Baneful Bunker|p2a: Toxapex\n|-singleturn|p2a: Toxapex|move: Protect\n|move|p1a: Zapdos|Hurricane|p2a: Toxapex\n|-activate|p2a: Toxapex|move: Protect\n|\n|upkeep\n|turn|83\n|c| beaakvolt|no roostvwith pressure is WILD\n|\n|t:|1700700774\n|switch|p2a: Blissey|Blissey, F|70\/100\n|move|p1a: Zapdos|Volt Switch|p2a: Blissey\n|-damage|p2a: Blissey|59\/100\n|\n|t:|1700700779\n|switch|p1a: Slowbro|Slowbro, F|47\/100 tox|[from] Volt Switch\n|\n|-damage|p1a: Slowbro|41\/100 tox|[from] psn\n|upkeep\n|turn|84\n|\n|t:|1700700785\n|move|p2a: Blissey|Seismic Toss|p1a: Slowbro\n|-damage|p1a: Slowbro|15\/100 tox\n|move|p1a: Slowbro|Teleport|p1a: Slowbro\n|\n|t:|1700700789\n|switch|p1a: Ferrothorn|Ferrothorn, F|100\/100|[from] Teleport\n|\n|upkeep\n|turn|85\n|\n|t:|1700700793\n|switch|p2a: Gliscor|Gliscor, M|51\/100 tox\n|move|p1a: Ferrothorn|Stealth Rock|p2a: Gliscor\n|-sidestart|p2: jkljlkh|move: Stealth Rock\n|\n|-heal|p2a: Gliscor|64\/100 tox|[from] ability: Poison Heal\n|upkeep\n|turn|86\n|inactive|murilopena has 90 seconds left.\n|\n|t:|1700700800\n|move|p2a: Gliscor|Protect|p2a: Gliscor\n|-singleturn|p2a: Gliscor|Protect\n|move|p1a: Ferrothorn|Gyro Ball|p2a: Gliscor\n|-activate|p2a: Gliscor|move: Protect\n|\n|-heal|p2a: Gliscor|76\/100 tox|[from] ability: Poison Heal\n|upkeep\n|turn|87\n|inactive|murilopena has 90 seconds left.\n|\n|t:|1700700809\n|move|p2a: Gliscor|Spikes|p1a: Ferrothorn\n|-sidestart|p1: murilopena|Spikes\n|move|p1a: Ferrothorn|Leech Seed|p2a: Gliscor\n|-start|p2a: Gliscor|move: Leech Seed\n|\n|-damage|p2a: Gliscor|64\/100 tox|[from] Leech Seed|[of] p1a: Ferrothorn\n|-heal|p2a: Gliscor|76\/100 tox|[from] ability: Poison Heal\n|upkeep\n|turn|88\n|inactive|murilopena has 90 seconds left.\n|\n|t:|1700700816\n|move|p2a: Gliscor|Spikes|p1a: Ferrothorn\n|-sidestart|p1: murilopena|Spikes\n|move|p1a: Ferrothorn|Gyro Ball|p2a: Gliscor\n|-damage|p2a: Gliscor|45\/100 tox\n|\n|-damage|p2a: Gliscor|32\/100 tox|[from] Leech Seed|[of] p1a: Ferrothorn\n|-heal|p2a: Gliscor|45\/100 tox|[from] ability: Poison Heal\n|upkeep\n|turn|89\n|inactive|murilopena has 90 seconds left.\n|\n|t:|1700700824\n|switch|p2a: Toxapex|Toxapex, F|100\/100\n|switch|p1a: Zapdos|Zapdos|38\/100\n|-ability|p1a: Zapdos|Pressure\n|\n|upkeep\n|turn|90\n|inactive|murilopena has 90 seconds left.\n|\n|t:|1700700832\n|move|p1a: Zapdos|Hurricane|p2a: Toxapex\n|-damage|p2a: Toxapex|56\/100\n|move|p2a: Toxapex|Toxic|p1a: Zapdos\n|-status|p1a: Zapdos|tox\n|\n|-damage|p1a: Zapdos|32\/100 tox|[from] psn\n|upkeep\n|turn|91\n|inactive|murilopena has 90 seconds left.\n|\n|t:|1700700839\n|move|p2a: Toxapex|Baneful Bunker|p2a: Toxapex\n|-singleturn|p2a: Toxapex|move: Protect\n|move|p1a: Zapdos|Volt Switch|p2a: Toxapex\n|-activate|p2a: Toxapex|move: Protect\n|\n|-damage|p1a: Zapdos|20\/100 tox|[from] psn\n|upkeep\n|turn|92\n|inactive|murilopena has 90 seconds left.\n|\n|t:|1700700846\n|switch|p2a: Blissey|Blissey, F|59\/100\n|move|p1a: Zapdos|Volt Switch|p2a: Blissey\n|-damage|p2a: Blissey|48\/100\n|inactive|murilopena has 90 seconds left.\n|\n|t:|1700700852\n|switch|p1a: Ferrothorn|Ferrothorn, F|100\/100|[from] Volt Switch\n|-damage|p1a: Ferrothorn|84\/100|[from] Spikes\n|\n|-heal|p1a: Ferrothorn|90\/100|[from] item: Leftovers\n|upkeep\n|turn|93\n|inactive|murilopena has 90 seconds left.\n|\n|t:|1700700858\n|switch|p2a: Corviknight|Corviknight, F|46\/100\n|-damage|p2a: Corviknight|34\/100|[from] Stealth Rock\n|-ability|p2a: Corviknight|Pressure\n|move|p1a: Ferrothorn|Gyro Ball|p2a: Corviknight\n|-resisted|p2a: Corviknight\n|-damage|p2a: Corviknight|20\/100\n|\n|-heal|p1a: Ferrothorn|97\/100|[from] item: Leftovers\n|upkeep\n|turn|94\n|inactive|murilopena has 90 seconds left.\n|-message|murilopena forfeited.\n|\n|win|jkljlkh\n|raw|murilopena's rating: 1595 &rarr; <strong>1588<\/strong><br \/>(-7 for losing)\n|raw|jkljlkh's rating: 1877 &rarr; <strong>1884<\/strong><br \/>(+7 for winning)\n|l|\u2606murilopena\n","uploadtime":1700700870,"views":17,"p1id":"murilopena","p2id":"jkljlkh","formatid":"gen9nationaldex","rating":1588,"private":0,"password":""}