{"id":"gen9nationaldex-1993679568","p1":"gomez111","p2":"XJohnson","format":"[Gen 9] National Dex","log":"|j|\u2606gomez111\n|j|\u2606XJohnson\n|t:|1700344756\n|gametype|singles\n|player|p1|gomez111|veteran|1314\n|player|p2|XJohnson|zinnia|1338\n|teamsize|p1|6\n|teamsize|p2|6\n|gen|9\n|tier|[Gen 9] National Dex\n|rated|\n|rule|HP Percentage Mod: HP is shown in percentages\n|rule|Endless Battle Clause: Forcing endless battles is banned\n|rule|OHKO Clause: OHKO moves are banned\n|rule|Evasion Clause: Evasion abilities, items, and moves are banned\n|rule|Evasion Abilities Clause: Evasion abilities are banned\n|rule|Evasion Items Clause: Evasion items are banned\n|rule|Evasion Moves Clause: Evasion moves are banned\n|rule|Species Clause: Limit one of each Pok\u00e9mon\n|rule|Sleep Clause Mod: Limit one foe put to sleep\n|clearpoke\n|poke|p1|Charizard, M|\n|poke|p1|Toxapex, M|\n|poke|p1|Haxorus, M|\n|poke|p1|Gliscor, M|\n|poke|p1|Mandibuzz, F|\n|poke|p1|Blissey, F|\n|poke|p2|Ogerpon-Wellspring, F|\n|poke|p2|Iron Leaves|\n|poke|p2|Cinderace, F|\n|poke|p2|Tapu Koko|\n|poke|p2|Weezing-Galar, M|\n|poke|p2|Ampharos, F|\n|teampreview\n|inactive|Battle timer is ON: inactive players will automatically lose when time's up. (requested by gomez111)\n|inactive|XJohnson has 120 seconds left.\n|c|\u2606XJohnson|Idec how stall this team is. Thank you for not having a basic Corv+Regen stall team\n|\n|t:|1700344802\n|start\n|switch|p1a: Charizard|Charizard, M, shiny|100\/100\n|switch|p2a: Tapu Koko|Tapu Koko|100\/100\n|-fieldstart|move: Electric Terrain|[from] ability: Electric Surge|[of] p2a: Tapu Koko\n|turn|1\n|\n|t:|1700344828\n|switch|p1a: Blissey|Blissey, F, shiny|100\/100\n|move|p2a: Tapu Koko|Light Screen|p2a: Tapu Koko\n|-sidestart|p2: XJohnson|move: Light Screen\n|\n|upkeep\n|turn|2\n|\n|t:|1700344832\n|move|p2a: Tapu Koko|Taunt|p1a: Blissey\n|-start|p1a: Blissey|move: Taunt\n|move|p1a: Blissey|Seismic Toss|p2a: Tapu Koko\n|-damage|p2a: Tapu Koko|71\/100\n|\n|upkeep\n|turn|3\n|\n|t:|1700344838\n|move|p2a: Tapu Koko|U-turn|p1a: Blissey\n|-damage|p1a: Blissey|67\/100\n|\n|t:|1700344855\n|switch|p2a: Ogerpon|Ogerpon-Wellspring, F|100\/100|[from] U-turn\n|move|p1a: Blissey|Seismic Toss|p2a: Ogerpon\n|-damage|p2a: Ogerpon|67\/100\n|\n|-heal|p1a: Blissey|73\/100|[from] item: Leftovers\n|upkeep\n|turn|4\n|\n|t:|1700344871\n|switch|p2a: Peak|Ampharos, F, shiny|100\/100\n|switch|p1a: Mandibuzz|Mandibuzz, F|100\/100\n|\n|upkeep\n|turn|5\n|\n|t:|1700344884\n|switch|p1a: Blissey|Blissey, F, shiny|73\/100\n|detailschange|p2a: Peak|Ampharos-Mega, F, shiny\n|-mega|p2a: Peak|Ampharos|Ampharosite\n|-ability|p2a: Peak|Mold Breaker\n|move|p2a: Peak|Cotton Guard|p2a: Peak\n|-boost|p2a: Peak|def|3\n|\n|-heal|p1a: Blissey|79\/100|[from] item: Leftovers\n|-fieldend|move: Electric Terrain\n|upkeep\n|turn|6\n|\n|t:|1700344893\n|switch|p2a: Weezing|Weezing-Galar, M|100\/100\n|move|p1a: Blissey|Seismic Toss|p2a: Weezing\n|-damage|p2a: Weezing|71\/100\n|\n|-heal|p2a: Weezing|77\/100|[from] item: Leftovers\n|-heal|p1a: Blissey|85\/100|[from] item: Leftovers\n|upkeep\n|turn|7\n|\n|t:|1700344907\n|move|p2a: Weezing|Will-O-Wisp|p1a: Blissey\n|-status|p1a: Blissey|brn\n|move|p1a: Blissey|Seismic Toss|p2a: Weezing\n|-damage|p2a: Weezing|47\/100\n|\n|-heal|p2a: Weezing|53\/100|[from] item: Leftovers\n|-heal|p1a: Blissey|91\/100 brn|[from] item: Leftovers\n|-damage|p1a: Blissey|85\/100 brn|[from] brn\n|upkeep\n|turn|8\n|\n|t:|1700344921\n|switch|p2a: Ogerpon|Ogerpon-Wellspring, F|67\/100\n|move|p1a: Blissey|Seismic Toss|p2a: Ogerpon\n|-damage|p2a: Ogerpon|34\/100\n|\n|-heal|p1a: Blissey|91\/100 brn|[from] item: Leftovers\n|-damage|p1a: Blissey|85\/100 brn|[from] brn\n|-sideend|p2: XJohnson|move: Light Screen\n|upkeep\n|turn|9\n|\n|t:|1700344945\n|-curestatus|p1a: Blissey|brn|[from] ability: Natural Cure\n|switch|p1a: Mandibuzz|Mandibuzz, F|100\/100\n|move|p2a: Ogerpon|Swords Dance|p2a: Ogerpon\n|-boost|p2a: Ogerpon|atk|2\n|\n|upkeep\n|turn|10\n|inactive|gomez111 has 120 seconds left.\n|\n|t:|1700344984\n|-terastallize|p2a: Ogerpon|Water\n|detailschange|p2a: Ogerpon|Ogerpon-Wellspring-Tera, F, tera:Water\n|-ability|p2a: Ogerpon|Embody Aspect (Wellspring)|boost\n|-boost|p2a: Ogerpon|spd|1\n|move|p2a: Ogerpon|Ivy Cudgel|p1a: Mandibuzz|[anim] Ivy Cudgel Water\n|-damage|p1a: Mandibuzz|4\/100\n|move|p1a: Mandibuzz|Foul Play|p2a: Ogerpon\n|-damage|p2a: Ogerpon|0 fnt\n|faint|p2a: Ogerpon\n|\n|upkeep\n|\n|t:|1700344991\n|switch|p2a: Iron Leaves|Iron Leaves|100\/100\n|-enditem|p2a: Iron Leaves|Booster Energy\n|-activate|p2a: Iron Leaves|ability: Quark Drive|[fromitem]\n|-start|p2a: Iron Leaves|quarkdriveatk\n|turn|11\n|\n|t:|1700345001\n|move|p2a: Iron Leaves|Trailblaze|p1a: Mandibuzz\n|-resisted|p1a: Mandibuzz\n|-damage|p1a: Mandibuzz|0 fnt\n|-boost|p2a: Iron Leaves|spe|1\n|-damage|p2a: Iron Leaves|84\/100|[from] item: Rocky Helmet|[of] p1a: Mandibuzz\n|faint|p1a: Mandibuzz\n|\n|upkeep\n|\n|t:|1700345022\n|switch|p1a: Toxapex|Toxapex, M|100\/100\n|turn|12\n|\n|t:|1700345031\n|-terastallize|p1a: Toxapex|Flying\n|move|p2a: Iron Leaves|Psyblade|p1a: Toxapex\n|-damage|p1a: Toxapex|58\/100\n|move|p1a: Toxapex|Toxic|p2a: Iron Leaves\n|-status|p2a: Iron Leaves|tox\n|\n|-heal|p1a: Toxapex|64\/100|[from] item: Leftovers\n|-damage|p2a: Iron Leaves|78\/100 tox|[from] psn\n|upkeep\n|turn|13\n|\n|t:|1700345047\n|-end|p2a: Iron Leaves|Quark Drive|[silent]\n|switch|p2a: Tapu Koko|Tapu Koko|71\/100\n|-fieldstart|move: Electric Terrain|[from] ability: Electric Surge|[of] p2a: Tapu Koko\n|move|p1a: Toxapex|Recover|p1a: Toxapex\n|-heal|p1a: Toxapex|100\/100\n|\n|upkeep\n|turn|14\n|\n|t:|1700345054\n|switch|p1a: Blissey|Blissey, F, shiny|85\/100\n|move|p2a: Tapu Koko|Taunt|p1a: Blissey\n|-start|p1a: Blissey|move: Taunt\n|\n|-heal|p1a: Blissey|91\/100|[from] item: Leftovers\n|upkeep\n|turn|15\n|\n|t:|1700345064\n|move|p2a: Tapu Koko|Reflect|p2a: Tapu Koko\n|-sidestart|p2: XJohnson|Reflect\n|move|p1a: Blissey|Seismic Toss|p2a: Tapu Koko\n|-damage|p2a: Tapu Koko|42\/100\n|\n|-heal|p1a: Blissey|98\/100|[from] item: Leftovers\n|upkeep\n|turn|16\n|inactive|gomez111 has 120 seconds left.\n|\n|t:|1700345071\n|move|p2a: Tapu Koko|Light Screen|p2a: Tapu Koko\n|-sidestart|p2: XJohnson|move: Light Screen\n|move|p1a: Blissey|Seismic Toss|p2a: Tapu Koko\n|-damage|p2a: Tapu Koko|13\/100\n|\n|-heal|p1a: Blissey|100\/100|[from] item: Leftovers\n|-end|p1a: Blissey|move: Taunt\n|upkeep\n|turn|17\n|\n|t:|1700345081\n|move|p2a: Tapu Koko|U-turn|p1a: Blissey\n|-damage|p1a: Blissey|67\/100\n|\n|t:|1700345084\n|switch|p2a: Weezing|Weezing-Galar, M|53\/100|[from] U-turn\n|move|p1a: Blissey|Seismic Toss|p2a: Weezing\n|-damage|p2a: Weezing|23\/100\n|\n|-heal|p2a: Weezing|29\/100|[from] item: Leftovers\n|-heal|p1a: Blissey|73\/100|[from] item: Leftovers\n|-fieldend|move: Electric Terrain\n|upkeep\n|turn|18\n|\n|t:|1700345092\n|switch|p2a: Tapu Koko|Tapu Koko|13\/100\n|-fieldstart|move: Electric Terrain|[from] ability: Electric Surge|[of] p2a: Tapu Koko\n|move|p1a: Blissey|Seismic Toss|p2a: Tapu Koko\n|-damage|p2a: Tapu Koko|0 fnt\n|faint|p2a: Tapu Koko\n|\n|-heal|p1a: Blissey|79\/100|[from] item: Leftovers\n|upkeep\n|\n|t:|1700345094\n|switch|p2a: Iron Leaves|Iron Leaves|78\/100 tox\n|-activate|p2a: Iron Leaves|ability: Quark Drive\n|-start|p2a: Iron Leaves|quarkdriveatk\n|turn|19\n|\n|t:|1700345106\n|switch|p1a: Toxapex|Toxapex, M, tera:Flying|100\/100\n|move|p2a: Iron Leaves|Close Combat|p1a: Toxapex\n|-resisted|p1a: Toxapex\n|-damage|p1a: Toxapex|79\/100\n|-unboost|p2a: Iron Leaves|def|1\n|-unboost|p2a: Iron Leaves|spd|1\n|\n|-heal|p1a: Toxapex|85\/100|[from] item: Leftovers\n|-damage|p2a: Iron Leaves|72\/100 tox|[from] psn\n|upkeep\n|turn|20\n|\n|t:|1700345116\n|move|p2a: Iron Leaves|Psyblade|p1a: Toxapex\n|-damage|p1a: Toxapex|22\/100\n|move|p1a: Toxapex|Recover|p1a: Toxapex\n|-heal|p1a: Toxapex|72\/100\n|\n|-heal|p1a: Toxapex|79\/100|[from] item: Leftovers\n|-damage|p2a: Iron Leaves|59\/100 tox|[from] psn\n|upkeep\n|turn|21\n|\n|t:|1700345126\n|move|p2a: Iron Leaves|Psyblade|p1a: Toxapex\n|-damage|p1a: Toxapex|6\/100\n|move|p1a: Toxapex|Recover|p1a: Toxapex\n|-heal|p1a: Toxapex|57\/100\n|\n|-heal|p1a: Toxapex|63\/100|[from] item: Leftovers\n|-damage|p2a: Iron Leaves|40\/100 tox|[from] psn\n|upkeep\n|turn|22\n|\n|t:|1700345146\n|switch|p1a: Blissey|Blissey, F, shiny|79\/100\n|move|p2a: Iron Leaves|Psyblade|p1a: Blissey\n|-damage|p1a: Blissey|0 fnt\n|faint|p1a: Blissey\n|\n|-damage|p2a: Iron Leaves|15\/100 tox|[from] psn\n|-sideend|p2: XJohnson|Reflect\n|-fieldend|move: Electric Terrain\n|-end|p2a: Iron Leaves|Quark Drive\n|upkeep\n|\n|t:|1700345156\n|switch|p1a: Toxapex|Toxapex, M, tera:Flying|96\/100\n|turn|23\n|\n|t:|1700345164\n|-end|p2a: Iron Leaves|Quark Drive|[silent]\n|switch|p2a: Weezing|Weezing-Galar, M|29\/100\n|move|p1a: Toxapex|Recover|p1a: Toxapex\n|-heal|p1a: Toxapex|100\/100\n|\n|-heal|p2a: Weezing|35\/100|[from] item: Leftovers\n|-sideend|p2: XJohnson|move: Light Screen\n|upkeep\n|turn|24\n|\n|t:|1700345174\n|move|p2a: Weezing|Will-O-Wisp|p1a: Toxapex\n|-status|p1a: Toxapex|brn\n|move|p1a: Toxapex|Scald|p2a: Weezing\n|-damage|p2a: Weezing|18\/100\n|\n|-heal|p2a: Weezing|24\/100|[from] item: Leftovers\n|-damage|p1a: Toxapex|94\/100 brn|[from] brn\n|upkeep\n|turn|25\n|\n|t:|1700345191\n|switch|p2a: Peak|Ampharos-Mega, F, shiny|100\/100\n|-ability|p2a: Peak|Mold Breaker\n|move|p1a: Toxapex|Scald|p2a: Peak\n|-resisted|p2a: Peak\n|-crit|p2a: Peak\n|-damage|p2a: Peak|90\/100\n|\n|-heal|p1a: Toxapex|100\/100 brn|[from] item: Leftovers\n|-damage|p1a: Toxapex|94\/100 brn|[from] brn\n|upkeep\n|turn|26\n|\n|t:|1700345207\n|switch|p1a: Gliscor|Gliscor, M|100\/100\n|move|p2a: Peak|Discharge|p1a: Gliscor\n|-immune|p1a: Gliscor\n|\n|-status|p1a: Gliscor|tox|[from] item: Toxic Orb\n|upkeep\n|turn|27\n|\n|t:|1700345220\n|switch|p2a: Weezing|Weezing-Galar, M|24\/100\n|move|p1a: Gliscor|Earthquake|p2a: Weezing\n|-immune|p2a: Weezing|[from] ability: Levitate\n|\n|-heal|p2a: Weezing|30\/100|[from] item: Leftovers\n|upkeep\n|turn|28\n|\n|t:|1700345227\n|move|p1a: Gliscor|Facade|p2a: Weezing\n|-damage|p2a: Weezing|2\/100\n|move|p2a: Weezing|Strange Steam|p1a: Gliscor\n|-crit|p1a: Gliscor\n|-damage|p1a: Gliscor|50\/100 tox\n|\n|-heal|p2a: Weezing|8\/100|[from] item: Leftovers\n|-heal|p1a: Gliscor|63\/100 tox|[from] ability: Poison Heal\n|upkeep\n|turn|29\n|\n|t:|1700345237\n|switch|p2a: Iron Leaves|Iron Leaves|15\/100 tox\n|move|p1a: Gliscor|Facade|p2a: Iron Leaves\n|-damage|p2a: Iron Leaves|0 fnt\n|faint|p2a: Iron Leaves\n|-end|p2a: Iron Leaves|Quark Drive|[silent]\n|\n|-heal|p1a: Gliscor|75\/100 tox|[from] ability: Poison Heal\n|upkeep\n|\n|t:|1700345246\n|switch|p2a: Peak|Ampharos-Mega, F, shiny|90\/100\n|-ability|p2a: Peak|Mold Breaker\n|turn|30\n|\n|t:|1700345261\n|switch|p1a: Toxapex|Toxapex, M, tera:Flying|100\/100 brn\n|move|p2a: Peak|Cotton Guard|p2a: Peak\n|-boost|p2a: Peak|def|3\n|\n|-damage|p1a: Toxapex|94\/100 brn|[from] brn\n|upkeep\n|turn|31\n|\n|t:|1700345268\n|move|p2a: Peak|Discharge|p1a: Toxapex\n|-supereffective|p1a: Toxapex\n|-damage|p1a: Toxapex|19\/100 brn\n|move|p1a: Toxapex|Toxic|p2a: Peak\n|-status|p2a: Peak|tox\n|\n|-heal|p1a: Toxapex|25\/100 brn|[from] item: Leftovers\n|-damage|p2a: Peak|84\/100 tox|[from] psn\n|-damage|p1a: Toxapex|19\/100 brn|[from] brn\n|upkeep\n|turn|32\n|\n|t:|1700345281\n|switch|p1a: Gliscor|Gliscor, M|75\/100 tox\n|move|p2a: Peak|Dragon Pulse|p1a: Gliscor\n|-damage|p1a: Gliscor|17\/100 tox\n|\n|-heal|p1a: Gliscor|30\/100 tox|[from] ability: Poison Heal\n|-damage|p2a: Peak|72\/100 tox|[from] psn\n|upkeep\n|turn|33\n|c|\u2606XJohnson|Wp\n|inactive|gomez111 has 120 seconds left.\n|\n|t:|1700345315\n|switch|p1a: Toxapex|Toxapex, M, tera:Flying|52\/100 brn\n|move|p2a: Peak|Dragon Pulse|p1a: Toxapex\n|-damage|p1a: Toxapex|12\/100 brn\n|\n|-heal|p1a: Toxapex|18\/100 brn|[from] item: Leftovers\n|-damage|p2a: Peak|54\/100 tox|[from] psn\n|-damage|p1a: Toxapex|12\/100 brn|[from] brn\n|upkeep\n|turn|34\n|inactive|gomez111 has 120 seconds left.\n|\n|t:|1700345326\n|move|p2a: Peak|Dragon Pulse|p1a: Toxapex\n|-damage|p1a: Toxapex|0 fnt\n|faint|p1a: Toxapex\n|\n|-damage|p2a: Peak|30\/100 tox|[from] psn\n|upkeep\n|inactive|gomez111 has 120 seconds left.\n|\n|t:|1700345332\n|switch|p1a: Haxorus|Haxorus, M, shiny|100\/100\n|-ability|p1a: Haxorus|Mold Breaker\n|turn|35\n|\n|t:|1700345336\n|switch|p2a: Weezing|Weezing-Galar, M|8\/100\n|move|p1a: Haxorus|Scale Shot|p2a: Weezing\n|-immune|p2a: Weezing\n|\n|-heal|p2a: Weezing|14\/100|[from] item: Leftovers\n|upkeep\n|turn|36\n|\n|t:|1700345344\n|move|p1a: Haxorus|Crunch|p2a: Weezing\n|-resisted|p2a: Weezing\n|-damage|p2a: Weezing|0 fnt\n|faint|p2a: Weezing\n|\n|upkeep\n|\n|t:|1700345349\n|switch|p2a: Cinderace|Cinderace, F, shiny|100\/100\n|turn|37\n|\n|t:|1700345357\n|switch|p1a: Charizard|Charizard, M, shiny|100\/100\n|move|p2a: Cinderace|Swords Dance|p2a: Cinderace\n|-boost|p2a: Cinderace|atk|2\n|\n|upkeep\n|turn|38\n|\n|t:|1700345365\n|detailschange|p1a: Charizard|Charizard-Mega-Y, M, shiny\n|-mega|p1a: Charizard|Charizard|Charizardite Y\n|-weather|SunnyDay|[from] ability: Drought|[of] p1a: Charizard\n|move|p2a: Cinderace|Pyro Ball|p1a: Charizard\n|-resisted|p1a: Charizard\n|-damage|p1a: Charizard|0 fnt\n|faint|p1a: Charizard\n|\n|-weather|SunnyDay|[upkeep]\n|upkeep\n|\n|t:|1700345377\n|switch|p1a: Gliscor|Gliscor, M|30\/100 tox\n|turn|39\n|\n|t:|1700345381\n|move|p2a: Cinderace|Swords Dance|p2a: Cinderace\n|-boost|p2a: Cinderace|atk|2\n|move|p1a: Gliscor|Roost|p1a: Gliscor\n|-heal|p1a: Gliscor|80\/100 tox\n|-singleturn|p1a: Gliscor|move: Roost\n|\n|-weather|SunnyDay|[upkeep]\n|-heal|p1a: Gliscor|92\/100 tox|[from] ability: Poison Heal\n|upkeep\n|turn|40\n|\n|t:|1700345390\n|move|p2a: Cinderace|Pyro Ball|p1a: Gliscor\n|-damage|p1a: Gliscor|0 fnt\n|faint|p1a: Gliscor\n|\n|-weather|SunnyDay|[upkeep]\n|upkeep\n|\n|t:|1700345394\n|switch|p1a: Haxorus|Haxorus, M, shiny|100\/100\n|-ability|p1a: Haxorus|Mold Breaker\n|turn|41\n|\n|t:|1700345399\n|move|p2a: Cinderace|Pyro Ball|p1a: Haxorus\n|-resisted|p1a: Haxorus\n|-damage|p1a: Haxorus|0 fnt\n|faint|p1a: Haxorus\n|\n|win|XJohnson\n|raw|gomez111's rating: 1314 &rarr; <strong>1295<\/strong><br \/>(-19 for losing)\n|raw|XJohnson's rating: 1338 &rarr; <strong>1357<\/strong><br \/>(+19 for winning)\n|c|\u2606XJohnson|Super fun\n","uploadtime":1700345412,"views":18,"p1id":"gomez111","p2id":"xjohnson","formatid":"gen9nationaldex","rating":1295,"private":0,"password":""}