{"id":"gen9nationaldex-1991039196","p1":"as cheu","p2":"CUB_cy2","format":"[Gen 9] National Dex","log":"|j|\u2606as cheu\n|j|\u2606CUB_cy2\n|t:|1700032688\n|gametype|singles\n|player|p1|as cheu|101|1460\n|player|p2|CUB_cy2|102|1364\n|teamsize|p1|6\n|teamsize|p2|6\n|gen|9\n|tier|[Gen 9] National Dex\n|rated|\n|rule|HP Percentage Mod: HP is shown in percentages\n|rule|Endless Battle Clause: Forcing endless battles is banned\n|rule|OHKO Clause: OHKO moves are banned\n|rule|Evasion Clause: Evasion abilities, items, and moves are banned\n|rule|Evasion Abilities Clause: Evasion abilities are banned\n|rule|Evasion Items Clause: Evasion items are banned\n|rule|Evasion Moves Clause: Evasion moves are banned\n|rule|Species Clause: Limit one of each Pok\u00e9mon\n|rule|Sleep Clause Mod: Limit one foe put to sleep\n|clearpoke\n|poke|p1|Steelix, M|\n|poke|p1|Hatterene, F|\n|poke|p1|Greninja-*, M|\n|poke|p1|Medicham, F|\n|poke|p1|Marowak-Alola, M|\n|poke|p1|Rotom-Mow|\n|poke|p2|Heatran, M|\n|poke|p2|Tapu Lele|\n|poke|p2|Zapdos|\n|poke|p2|Landorus-Therian, M|\n|poke|p2|Urshifu-*, F|\n|poke|p2|Tapu Fini|\n|teampreview\n|inactive|Battle timer is ON: inactive players will automatically lose when time's up. (requested by CUB_cy2)\n|\n|t:|1700032699\n|start\n|switch|p1a: Greninja|Greninja, M|100\/100\n|switch|p2a: Tapu Fini|Tapu Fini|100\/100\n|-fieldstart|move: Misty Terrain|[from] ability: Misty Surge|[of] p2a: Tapu Fini\n|turn|1\n|\n|t:|1700032706\n|move|p2a: Tapu Fini|Moonblast|p1a: Greninja\n|-supereffective|p1a: Greninja\n|-damage|p1a: Greninja|0 fnt\n|faint|p1a: Greninja\n|\n|upkeep\n|\n|t:|1700032717\n|switch|p1a: Marowak|Marowak-Alola, M|100\/100\n|turn|2\n|\n|t:|1700032726\n|switch|p2a: Landorus|Landorus-Therian, M|100\/100\n|-ability|p2a: Landorus|Intimidate|boost\n|-unboost|p1a: Marowak|atk|1\n|switch|p1a: Medicham|Medicham, F|100\/100\n|\n|upkeep\n|turn|3\n|\n|t:|1700032736\n|switch|p2a: Tapu Lele|Tapu Lele|100\/100\n|-fieldstart|move: Psychic Terrain|[from] ability: Psychic Surge|[of] p2a: Tapu Lele\n|detailschange|p1a: Medicham|Medicham-Mega, F\n|-mega|p1a: Medicham|Medicham|Medichamite\n|move|p1a: Medicham|Ice Punch|p2a: Tapu Lele\n|-damage|p2a: Tapu Lele|31\/100\n|\n|upkeep\n|turn|4\n|\n|t:|1700032746\n|move|p2a: Tapu Lele|Shadow Ball|p1a: Medicham\n|-supereffective|p1a: Medicham\n|-damage|p1a: Medicham|14\/100\n|move|p1a: Medicham|Psycho Cut|p2a: Tapu Lele\n|-resisted|p2a: Tapu Lele\n|-damage|p2a: Tapu Lele|0 fnt\n|faint|p2a: Tapu Lele\n|\n|upkeep\n|\n|t:|1700032757\n|switch|p2a: Tapu Fini|Tapu Fini|100\/100\n|-fieldstart|move: Misty Terrain|[from] ability: Misty Surge|[of] p2a: Tapu Fini\n|turn|5\n|\n|t:|1700032772\n|switch|p1a: Hatterene|Hatterene, F|100\/100\n|move|p2a: Tapu Fini|Surf|p1a: Hatterene\n|-damage|p1a: Hatterene|71\/100\n|\n|upkeep\n|turn|6\n|\n|t:|1700032781\n|switch|p2a: Heatran|Heatran, M|100\/100\n|move|p1a: Hatterene|Draining Kiss|p2a: Heatran\n|-resisted|p2a: Heatran\n|-damage|p2a: Heatran|97\/100\n|-heal|p1a: Hatterene|75\/100|[from] drain|[of] p2a: Heatran\n|\n|-heal|p2a: Heatran|100\/100|[from] item: Leftovers\n|upkeep\n|turn|7\n|\n|t:|1700032792\n|switch|p2a: Landorus|Landorus-Therian, M|100\/100\n|-ability|p2a: Landorus|Intimidate|boost\n|-unboost|p1a: Hatterene|atk|1\n|switch|p1a: Marowak|Marowak-Alola, M|100\/100\n|\n|upkeep\n|turn|8\n|\n|t:|1700032799\n|switch|p1a: Hatterene|Hatterene, F|75\/100\n|move|p2a: Landorus|Stealth Rock|p1a: Hatterene\n|move|p1a: Hatterene|Stealth Rock|p2a: Landorus|[from]ability: Magic Bounce\n|-sidestart|p2: CUB_cy2|move: Stealth Rock\n|\n|upkeep\n|turn|9\n|\n|t:|1700032806\n|switch|p1a: Rotom|Rotom-Mow|100\/100\n|move|p2a: Landorus|Earthquake|p1a: Rotom\n|-immune|p1a: Rotom|[from] ability: Levitate\n|\n|-fieldend|Misty Terrain\n|upkeep\n|turn|10\n|\n|t:|1700032813\n|move|p2a: Landorus|Earthquake|p1a: Rotom\n|-immune|p1a: Rotom|[from] ability: Levitate\n|move|p1a: Rotom|Nasty Plot|p1a: Rotom\n|-boost|p1a: Rotom|spa|2\n|\n|upkeep\n|turn|11\n|\n|t:|1700032819\n|move|p2a: Landorus|Stealth Rock|p1a: Rotom\n|-sidestart|p1: as cheu|move: Stealth Rock\n|move|p1a: Rotom|Substitute|p1a: Rotom\n|-start|p1a: Rotom|Substitute\n|-damage|p1a: Rotom|76\/100\n|\n|-heal|p1a: Rotom|82\/100|[from] item: Leftovers\n|upkeep\n|turn|12\n|\n|t:|1700032825\n|move|p2a: Landorus|U-turn|p1a: Rotom\n|-supereffective|p1a: Rotom\n|-end|p1a: Rotom|Substitute\n|\n|t:|1700032830\n|switch|p2a: Heatran|Heatran, M|100\/100|[from] U-turn\n|-damage|p2a: Heatran|88\/100|[from] Stealth Rock\n|move|p1a: Rotom|Leaf Storm|p2a: Heatran\n|-resisted|p2a: Heatran\n|-damage|p2a: Heatran|65\/100\n|-unboost|p1a: Rotom|spa|2\n|\n|-heal|p1a: Rotom|87\/100|[from] item: Leftovers\n|-heal|p2a: Heatran|71\/100|[from] item: Leftovers\n|upkeep\n|turn|13\n|\n|t:|1700032842\n|move|p1a: Rotom|Volt Switch|p2a: Heatran\n|-damage|p2a: Heatran|43\/100\n|\n|t:|1700032858\n|switch|p1a: Marowak|Marowak-Alola, M|100\/100|[from] Volt Switch\n|-damage|p1a: Marowak|75\/100|[from] Stealth Rock\n|move|p2a: Heatran|Taunt|p1a: Marowak\n|-start|p1a: Marowak|move: Taunt\n|\n|-heal|p2a: Heatran|49\/100|[from] item: Leftovers\n|upkeep\n|turn|14\n|\n|t:|1700032866\n|move|p2a: Heatran|Earth Power|p1a: Marowak\n|-supereffective|p1a: Marowak\n|-damage|p1a: Marowak|10\/100\n|move|p1a: Marowak|Poltergeist|p2a: Heatran\n|-activate|p2a: Heatran|move: Poltergeist|Leftovers\n|-damage|p2a: Heatran|0 fnt\n|faint|p2a: Heatran\n|\n|upkeep\n|\n|t:|1700032877\n|switch|p2a: Tapu Fini|Tapu Fini|100\/100\n|-damage|p2a: Tapu Fini|88\/100|[from] Stealth Rock\n|-fieldstart|move: Misty Terrain|[from] ability: Misty Surge|[of] p2a: Tapu Fini\n|turn|15\n|\n|t:|1700032887\n|move|p2a: Tapu Fini|Moonblast|p1a: Marowak\n|-resisted|p1a: Marowak\n|-damage|p1a: Marowak|0 fnt\n|faint|p1a: Marowak\n|\n|upkeep\n|\n|t:|1700032890\n|switch|p1a: Steelix|Steelix, M|100\/100\n|-damage|p1a: Steelix|97\/100|[from] Stealth Rock\n|turn|16\n|\n|t:|1700032895\n|switch|p2a: Landorus|Landorus-Therian, M|100\/100\n|-damage|p2a: Landorus|88\/100|[from] Stealth Rock\n|-ability|p2a: Landorus|Intimidate|boost\n|-unboost|p1a: Steelix|atk|1\n|move|p1a: Steelix|Dragon Tail|p2a: Landorus\n|-damage|p2a: Landorus|80\/100\n|drag|p2a: Urshifu|Urshifu-Rapid-Strike, F|100\/100\n|-damage|p2a: Urshifu|94\/100|[from] Stealth Rock\n|\n|upkeep\n|turn|17\n|\n|t:|1700032910\n|-terastallize|p1a: Steelix|Ghost\n|move|p2a: Urshifu|Surging Strikes|p1a: Steelix\n|-crit|p1a: Steelix\n|-damage|p1a: Steelix|79\/100\n|-damage|p2a: Urshifu|78\/100|[from] item: Rocky Helmet|[of] p1a: Steelix\n|-crit|p1a: Steelix\n|-damage|p1a: Steelix|62\/100\n|-damage|p2a: Urshifu|61\/100|[from] item: Rocky Helmet|[of] p1a: Steelix\n|-crit|p1a: Steelix\n|-damage|p1a: Steelix|43\/100\n|-damage|p2a: Urshifu|45\/100|[from] item: Rocky Helmet|[of] p1a: Steelix\n|-hitcount|p1a: Steelix|3\n|move|p1a: Steelix|Earthquake|p2a: Urshifu\n|-damage|p2a: Urshifu|26\/100\n|\n|upkeep\n|turn|18\n|\n|t:|1700032925\n|switch|p2a: Landorus|Landorus-Therian, M|80\/100\n|-damage|p2a: Landorus|68\/100|[from] Stealth Rock\n|-ability|p2a: Landorus|Intimidate|boost\n|-unboost|p1a: Steelix|atk|1\n|move|p1a: Steelix|Dragon Tail|p2a: Landorus\n|-damage|p2a: Landorus|61\/100\n|drag|p2a: Urshifu|Urshifu-Rapid-Strike, F|26\/100\n|-damage|p2a: Urshifu|20\/100|[from] Stealth Rock\n|\n|upkeep\n|turn|19\n|\n|t:|1700032938\n|switch|p2a: Tapu Fini|Tapu Fini|88\/100\n|-damage|p2a: Tapu Fini|76\/100|[from] Stealth Rock\n|move|p1a: Steelix|Dragon Tail|p2a: Tapu Fini\n|-immune|p2a: Tapu Fini\n|\n|-fieldend|Misty Terrain\n|upkeep\n|turn|20\n|\n|t:|1700032946\n|switch|p1a: Hatterene|Hatterene, F|75\/100\n|-damage|p1a: Hatterene|62\/100|[from] Stealth Rock\n|move|p2a: Tapu Fini|Surf|p1a: Hatterene\n|-damage|p1a: Hatterene|36\/100\n|\n|upkeep\n|turn|21\n|\n|t:|1700032952\n|move|p2a: Tapu Fini|Surf|p1a: Hatterene\n|-damage|p1a: Hatterene|11\/100\n|move|p1a: Hatterene|Nuzzle|p2a: Tapu Fini\n|-supereffective|p2a: Tapu Fini\n|-damage|p2a: Tapu Fini|67\/100\n|-status|p2a: Tapu Fini|par\n|\n|upkeep\n|turn|22\n|\n|t:|1700032960\n|switch|p2a: Zapdos|Zapdos|100\/100\n|move|p1a: Hatterene|Draining Kiss|p2a: Zapdos\n|-damage|p2a: Zapdos|78\/100\n|-heal|p1a: Hatterene|32\/100|[from] drain|[of] p2a: Zapdos\n|\n|upkeep\n|turn|23\n|\n|t:|1700032967\n|move|p2a: Zapdos|Volt Switch|p1a: Hatterene\n|-damage|p1a: Hatterene|10\/100\n|\n|t:|1700032972\n|switch|p2a: Tapu Fini|Tapu Fini|67\/100 par|[from] Volt Switch\n|-damage|p2a: Tapu Fini|55\/100 par|[from] Stealth Rock\n|-fieldstart|move: Misty Terrain|[from] ability: Misty Surge|[of] p2a: Tapu Fini\n|move|p1a: Hatterene|Mystical Fire|p2a: Tapu Fini\n|-resisted|p2a: Tapu Fini\n|-damage|p2a: Tapu Fini|45\/100 par\n|-unboost|p2a: Tapu Fini|spa|1\n|\n|upkeep\n|turn|24\n|\n|t:|1700032983\n|move|p2a: Tapu Fini|Trick|p1a: Hatterene\n|-activate|p2a: Tapu Fini|move: Trick|[of] p1a: Hatterene\n|-item|p1a: Hatterene|Choice Scarf|[from] move: Trick\n|-item|p2a: Tapu Fini|Assault Vest|[from] move: Trick\n|move|p1a: Hatterene|Draining Kiss|p2a: Tapu Fini\n|-damage|p2a: Tapu Fini|30\/100 par\n|-heal|p1a: Hatterene|20\/100|[from] drain|[of] p2a: Tapu Fini\n|\n|upkeep\n|turn|25\n|\n|t:|1700032991\n|move|p2a: Tapu Fini|Moonblast|p1a: Hatterene\n|-damage|p1a: Hatterene|0 fnt\n|faint|p1a: Hatterene\n|\n|upkeep\n|\n|t:|1700033000\n|switch|p1a: Rotom|Rotom-Mow|87\/100\n|-damage|p1a: Rotom|75\/100|[from] Stealth Rock\n|turn|26\n|\n|t:|1700033008\n|move|p1a: Rotom|Volt Switch|p2a: Tapu Fini\n|-supereffective|p2a: Tapu Fini\n|-damage|p2a: Tapu Fini|0 fnt\n|faint|p2a: Tapu Fini\n|\n|t:|1700033011\n|switch|p1a: Medicham|Medicham-Mega, F|14\/100|[from] Volt Switch\n|-damage|p1a: Medicham|8\/100|[from] Stealth Rock\n|\n|upkeep\n|\n|t:|1700033017\n|switch|p2a: Urshifu|Urshifu-Rapid-Strike, F|20\/100\n|-damage|p2a: Urshifu|13\/100|[from] Stealth Rock\n|turn|27\n|\n|t:|1700033023\n|move|p1a: Medicham|Fake Out|p2a: Urshifu\n|-crit|p2a: Urshifu\n|-damage|p2a: Urshifu|0 fnt\n|faint|p2a: Urshifu\n|\n|-fieldend|Misty Terrain\n|upkeep\n|-message|CUB_cy2 forfeited.\n|\n|win|as cheu\n|raw|as cheu's rating: 1460 &rarr; <strong>1475<\/strong><br \/>(+15 for winning)\n|raw|CUB_cy2's rating: 1364 &rarr; <strong>1349<\/strong><br \/>(-15 for losing)\n|l|\u2606CUB_cy2\n","uploadtime":1700033035,"views":4,"p1id":"ascheu","p2id":"cubcy2","formatid":"gen9nationaldex","rating":1349,"private":0,"password":""}