{"id":"gen9nationaldex-1989892177","p1":"LexianTheWarrior","p2":"Blake-Mamba","format":"[Gen 9] National Dex","log":"|j|\u2606LexianTheWarrior\n|j|\u2606Blake-Mamba\n|t:|1699904419\n|gametype|singles\n|player|p1|LexianTheWarrior|unknownf|1285\n|player|p2|Blake-Mamba|juan|1330\n|teamsize|p1|6\n|teamsize|p2|6\n|gen|9\n|tier|[Gen 9] National Dex\n|rated|\n|rule|HP Percentage Mod: HP is shown in percentages\n|rule|Endless Battle Clause: Forcing endless battles is banned\n|rule|OHKO Clause: OHKO moves are banned\n|rule|Evasion Clause: Evasion abilities, items, and moves are banned\n|rule|Evasion Abilities Clause: Evasion abilities are banned\n|rule|Evasion Items Clause: Evasion items are banned\n|rule|Evasion Moves Clause: Evasion moves are banned\n|rule|Species Clause: Limit one of each Pok\u00e9mon\n|rule|Sleep Clause Mod: Limit one foe put to sleep\n|clearpoke\n|poke|p1|Mimikyu, F|\n|poke|p1|Suicune|\n|poke|p1|Diggersby, M|\n|poke|p1|Grimmsnarl, M|\n|poke|p1|Cinderace, F|\n|poke|p1|Pinsir, F|\n|poke|p2|Galvantula, M|\n|poke|p2|Serperior, F|\n|poke|p2|Volcarona, F|\n|poke|p2|Carracosta, F|\n|poke|p2|Archeops, F|\n|poke|p2|Golurk|\n|teampreview\n|c|\u2606LexianTheWarrior|glhf\n|\n|t:|1699904427\n|start\n|switch|p1a: Mitera|Grimmsnarl, M|100\/100\n|switch|p2a: Galvantula|Galvantula, M|100\/100\n|turn|1\n|\n|t:|1699904435\n|move|p1a: Mitera|Reflect|p1a: Mitera\n|-sidestart|p1: LexianTheWarrior|Reflect\n|move|p2a: Galvantula|Thunder|p1a: Mitera\n|-damage|p1a: Mitera|49\/100\n|\n|upkeep\n|turn|2\n|\n|t:|1699904440\n|move|p1a: Mitera|Light Screen|p1a: Mitera\n|-sidestart|p1: LexianTheWarrior|move: Light Screen\n|move|p2a: Galvantula|Sticky Web|p1a: Mitera\n|-sidestart|p1: LexianTheWarrior|move: Sticky Web\n|\n|upkeep\n|turn|3\n|\n|t:|1699904462\n|switch|p2a: Carracosta|Carracosta, F|100\/100\n|move|p1a: Mitera|Parting Shot|p2a: Carracosta\n|-unboost|p2a: Carracosta|atk|1\n|-unboost|p2a: Carracosta|spa|1\n|c|\u2606LexianTheWarrior|hey want my screens\n|\n|t:|1699904476\n|switch|p1a: Thaddeus|Diggersby, M, shiny|100\/100|[from] Parting Shot\n|-activate|p1a: Thaddeus|move: Sticky Web\n|-unboost|p1a: Thaddeus|spe|1\n|\n|upkeep\n|turn|4\n|c|\u2606LexianTheWarrior|understandable have a great day\n|\n|t:|1699904490\n|switch|p2a: Serperior|Serperior, F|100\/100\n|move|p1a: Thaddeus|Earthquake|p2a: Serperior\n|-resisted|p2a: Serperior\n|-damage|p2a: Serperior|43\/100\n|-damage|p1a: Thaddeus|91\/100|[from] item: Life Orb\n|\n|upkeep\n|turn|5\n|\n|t:|1699904498\n|move|p1a: Thaddeus|Quick Attack|p2a: Serperior\n|-damage|p2a: Serperior|1\/100\n|-damage|p1a: Thaddeus|81\/100|[from] item: Life Orb\n|move|p2a: Serperior|Substitute|p2a: Serperior\n|-fail|p2a: Serperior|move: Substitute|[weak]\n|\n|upkeep\n|turn|6\n|\n|t:|1699904509\n|move|p2a: Serperior|Leaf Storm|p1a: Thaddeus\n|-supereffective|p1a: Thaddeus\n|-damage|p1a: Thaddeus|0 fnt\n|-boost|p2a: Serperior|spa|2\n|faint|p1a: Thaddeus\n|-damage|p2a: Serperior|0 fnt|[from] item: Life Orb\n|faint|p2a: Serperior\n|\n|upkeep\n|\n|t:|1699904519\n|switch|p2a: Archeops|Archeops, F|100\/100\n|switch|p1a: Bug|Pinsir, F, shiny|100\/100\n|-activate|p1a: Bug|move: Sticky Web\n|-unboost|p1a: Bug|spe|1\n|turn|7\n|\n|t:|1699904526\n|move|p2a: Archeops|Stone Edge|p1a: Bug|[miss]\n|-miss|p2a: Archeops|p1a: Bug\n|move|p1a: Bug|Knock Off|p2a: Archeops\n|-damage|p2a: Archeops|46\/100\n|-enditem|p2a: Archeops|Choice Band|[from] move: Knock Off|[of] p1a: Bug\n|\n|upkeep\n|turn|8\n|\n|t:|1699904538\n|move|p2a: Archeops|Stone Edge|p1a: Bug\n|-supereffective|p1a: Bug\n|-crit|p1a: Bug\n|-damage|p1a: Bug|0 fnt\n|faint|p1a: Bug\n|\n|-sideend|p1: LexianTheWarrior|Reflect\n|upkeep\n|\n|t:|1699904547\n|switch|p1a: Hela|Mimikyu, F, shiny|100\/100\n|-activate|p1a: Hela|move: Sticky Web\n|-unboost|p1a: Hela|spe|1\n|turn|9\n|\n|t:|1699904553\n|move|p2a: Archeops|Stone Edge|p1a: Hela\n|-activate|p1a: Hela|ability: Disguise\n|-damage|p1a: Hela|100\/100\n|detailschange|p1a: Hela|Mimikyu-Busted, F, shiny\n|-damage|p1a: Hela|88\/100|[from] pokemon: Mimikyu-Busted\n|move|p1a: Hela|Play Rough|p2a: Archeops\n|-damage|p2a: Archeops|0 fnt\n|faint|p2a: Archeops\n|\n|-sideend|p1: LexianTheWarrior|move: Light Screen\n|upkeep\n|\n|t:|1699904566\n|switch|p2a: Volcarona|Volcarona, F|100\/100\n|turn|10\n|\n|t:|1699904570\n|move|p2a: Volcarona|Quiver Dance|p2a: Volcarona\n|-boost|p2a: Volcarona|spa|1\n|-boost|p2a: Volcarona|spd|1\n|-boost|p2a: Volcarona|spe|1\n|-zpower|p1a: Hela\n|move|p1a: Hela|Let's Snuggle Forever|p2a: Volcarona|[zeffect]\n|-resisted|p2a: Volcarona\n|-damage|p2a: Volcarona|50\/100\n|-status|p1a: Hela|brn|[from] ability: Flame Body|[of] p2a: Volcarona\n|\n|-damage|p1a: Hela|82\/100 brn|[from] brn\n|upkeep\n|turn|11\n|\n|t:|1699904584\n|switch|p1a: Lola|Cinderace, F, shiny|100\/100\n|move|p2a: Volcarona|Quiver Dance|p2a: Volcarona\n|-boost|p2a: Volcarona|spa|1\n|-boost|p2a: Volcarona|spd|1\n|-boost|p2a: Volcarona|spe|1\n|\n|upkeep\n|turn|12\n|\n|t:|1699904591\n|move|p2a: Volcarona|Fiery Dance|p1a: Lola\n|-resisted|p1a: Lola\n|-damage|p1a: Lola|29\/100\n|-boost|p2a: Volcarona|spa|1\n|move|p1a: Lola|Court Change|p1a: Lola\n|-start|p1a: Lola|typechange|Normal|[from] ability: Libero\n|-swapsideconditions\n|-activate|p1a: Lola|move: Court Change\n|\n|upkeep\n|turn|13\n|\n|t:|1699904601\n|move|p2a: Volcarona|Giga Drain|p1a: Lola\n|-damage|p1a: Lola|0 fnt\n|-heal|p2a: Volcarona|62\/100|[from] drain|[of] p1a: Lola\n|faint|p1a: Lola\n|\n|upkeep\n|\n|t:|1699904607\n|switch|p1a: Mitera|Grimmsnarl, M|49\/100\n|turn|14\n|\n|t:|1699904611\n|move|p1a: Mitera|Thunder Wave|p2a: Volcarona\n|-status|p2a: Volcarona|par\n|move|p2a: Volcarona|Giga Drain|p1a: Mitera\n|-damage|p1a: Mitera|0 fnt\n|-heal|p2a: Volcarona|88\/100 par|[from] drain|[of] p1a: Mitera\n|faint|p1a: Mitera\n|\n|upkeep\n|\n|t:|1699904622\n|switch|p1a: Hela|Mimikyu-Busted, F, shiny|82\/100 brn\n|turn|15\n|\n|t:|1699904626\n|move|p1a: Hela|Swords Dance|p1a: Hela\n|-boost|p1a: Hela|atk|2\n|cant|p2a: Volcarona|par\n|\n|-damage|p1a: Hela|76\/100 brn|[from] brn\n|upkeep\n|turn|16\n|\n|t:|1699904633\n|move|p1a: Hela|Shadow Claw|p2a: Volcarona\n|-damage|p2a: Volcarona|49\/100 par\n|move|p2a: Volcarona|Giga Drain|p1a: Hela\n|-damage|p1a: Hela|0 fnt\n|-heal|p2a: Volcarona|74\/100 par|[from] drain|[of] p1a: Hela\n|faint|p1a: Hela\n|\n|upkeep\n|c|\u2606LexianTheWarrior|ggs\n|\n|t:|1699904649\n|switch|p1a: Olive|Suicune, shiny|100\/100\n|turn|17\n|\n|t:|1699904652\n|-terastallize|p1a: Olive|Dragon\n|move|p2a: Volcarona|Giga Drain|p1a: Olive\n|-resisted|p1a: Olive\n|-damage|p1a: Olive|74\/100\n|-heal|p2a: Volcarona|88\/100 par|[from] drain|[of] p1a: Olive\n|move|p1a: Olive|Calm Mind|p1a: Olive\n|-boost|p1a: Olive|spa|1\n|-boost|p1a: Olive|spd|1\n|\n|upkeep\n|turn|18\n|\n|t:|1699904664\n|-terastallize|p2a: Volcarona|Bug\n|move|p2a: Volcarona|Bug Buzz|p1a: Olive\n|-damage|p1a: Olive|0 fnt\n|faint|p1a: Olive\n|\n|win|Blake-Mamba\n|raw|LexianTheWarrior's rating: 1285 &rarr; <strong>1263<\/strong><br \/>(-22 for losing)\n|raw|Blake-Mamba's rating: 1330 &rarr; <strong>1347<\/strong><br \/>(+17 for winning)\n|l|\u2606LexianTheWarrior\n|c|\u2606Blake-Mamba|Gg\n","uploadtime":1699904677,"views":4,"p1id":"lexianthewarrior","p2id":"blakemamba","formatid":"gen9nationaldex","rating":1263,"private":0,"password":""}