{"id":"gen9nationaldex-1988389809","p1":"ttzz1043","p2":"zeonteo","format":"[Gen 9] National Dex","log":"|j|\u2606ttzz1043\n|j|\u2606zeonteo\n|t:|1699717497\n|gametype|singles\n|player|p1|ttzz1043|1|1312\n|player|p2|zeonteo|pokemonranger-gen4|1278\n|teamsize|p1|6\n|teamsize|p2|6\n|gen|9\n|tier|[Gen 9] National Dex\n|rated|\n|rule|HP Percentage Mod: HP is shown in percentages\n|rule|Endless Battle Clause: Forcing endless battles is banned\n|rule|OHKO Clause: OHKO moves are banned\n|rule|Evasion Clause: Evasion abilities, items, and moves are banned\n|rule|Evasion Abilities Clause: Evasion abilities are banned\n|rule|Evasion Items Clause: Evasion items are banned\n|rule|Evasion Moves Clause: Evasion moves are banned\n|rule|Species Clause: Limit one of each Pok\u00e9mon\n|rule|Sleep Clause Mod: Limit one foe put to sleep\n|clearpoke\n|poke|p1|Clodsire, M|\n|poke|p1|Corviknight, F|\n|poke|p1|Skeledirge, F|\n|poke|p1|Greninja-*, M|\n|poke|p1|Pinsir, F|\n|poke|p1|Jirachi|\n|poke|p2|Torkoal, F|\n|poke|p2|Charizard, F|\n|poke|p2|Hatterene, F|\n|poke|p2|Great Tusk|\n|poke|p2|Venusaur, F|\n|poke|p2|Garganacl, F|\n|teampreview\n|inactive|Battle timer is ON: inactive players will automatically lose when time's up. (requested by ttzz1043)\n|inactive|zeonteo also wants the timer to be on.\n|\n|t:|1699717516\n|start\n|switch|p1a: Jirachi|Jirachi, shiny|100\/100\n|switch|p2a: Garganacl|Garganacl, F|100\/100\n|turn|1\n|\n|t:|1699717529\n|-zpower|p1a: Jirachi\n|move|p1a: Jirachi|Z-Happy Hour|p1a: Jirachi|[anim]Happy Hour\n|-boost|p1a: Jirachi|atk|1|[zeffect]\n|-boost|p1a: Jirachi|def|1|[zeffect]\n|-boost|p1a: Jirachi|spa|1|[zeffect]\n|-boost|p1a: Jirachi|spd|1|[zeffect]\n|-boost|p1a: Jirachi|spe|1|[zeffect]\n|move|p2a: Garganacl|Body Press|p1a: Jirachi\n|-damage|p1a: Jirachi|87\/100\n|\n|upkeep\n|turn|2\n|\n|t:|1699717542\n|move|p1a: Jirachi|Iron Head|p2a: Garganacl\n|-supereffective|p2a: Garganacl\n|-damage|p2a: Garganacl|26\/100\n|move|p2a: Garganacl|Salt Cure|p1a: Jirachi\n|-resisted|p1a: Jirachi\n|-damage|p1a: Jirachi|82\/100\n|-start|p1a: Jirachi|Salt Cure\n|\n|-heal|p2a: Garganacl|32\/100|[from] item: Leftovers\n|-damage|p1a: Jirachi|57\/100|[from] Salt Cure\n|upkeep\n|turn|3\n|\n|t:|1699717553\n|switch|p2a: Torkoal|Torkoal, F, shiny|100\/100\n|-weather|SunnyDay|[from] ability: Drought|[of] p2a: Torkoal\n|move|p1a: Jirachi|Drain Punch|p2a: Torkoal\n|-damage|p2a: Torkoal|81\/100\n|-heal|p1a: Jirachi|66\/100|[from] drain|[of] p2a: Torkoal\n|\n|-weather|SunnyDay|[upkeep]\n|-damage|p1a: Jirachi|41\/100|[from] Salt Cure\n|upkeep\n|turn|4\n|\n|t:|1699717567\n|move|p1a: Jirachi|Stored Power|p2a: Torkoal\n|-damage|p2a: Torkoal|6\/100\n|move|p2a: Torkoal|Yawn|p1a: Jirachi\n|-start|p1a: Jirachi|move: Yawn|[of] p2a: Torkoal\n|\n|-weather|SunnyDay|[upkeep]\n|-damage|p1a: Jirachi|16\/100|[from] Salt Cure\n|upkeep\n|turn|5\n|\n|t:|1699717577\n|switch|p2a: Hatterene|Hatterene, F|100\/100\n|move|p1a: Jirachi|Iron Head|p2a: Hatterene\n|-supereffective|p2a: Hatterene\n|-crit|p2a: Hatterene\n|-damage|p2a: Hatterene|0 fnt\n|faint|p2a: Hatterene\n|\n|-weather|SunnyDay|[upkeep]\n|-damage|p1a: Jirachi|0 fnt|[from] Salt Cure\n|faint|p1a: Jirachi\n|upkeep\n|\n|t:|1699717601\n|switch|p1a: Skeledirge|Skeledirge, F|100\/100\n|switch|p2a: Great Tusk|Great Tusk|100\/100\n|-activate|p2a: Great Tusk|ability: Protosynthesis\n|-start|p2a: Great Tusk|protosynthesisdef\n|turn|6\n|\n|t:|1699717613\n|-end|p2a: Great Tusk|Protosynthesis|[silent]\n|switch|p2a: Garganacl|Garganacl, F|32\/100\n|switch|p1a: Corviknight|Corviknight, F|100\/100\n|-ability|p1a: Corviknight|Pressure\n|\n|-weather|SunnyDay|[upkeep]\n|-heal|p2a: Garganacl|38\/100|[from] item: Leftovers\n|upkeep\n|turn|7\n|\n|t:|1699717628\n|move|p1a: Corviknight|Body Press|p2a: Garganacl\n|-supereffective|p2a: Garganacl\n|-damage|p2a: Garganacl|2\/100\n|move|p2a: Garganacl|Recover|p2a: Garganacl\n|-heal|p2a: Garganacl|52\/100\n|\n|-weather|SunnyDay|[upkeep]\n|-heal|p2a: Garganacl|59\/100|[from] item: Leftovers\n|upkeep\n|turn|8\n|\n|t:|1699717639\n|-terastallize|p2a: Garganacl|Water\n|move|p1a: Corviknight|Body Press|p2a: Garganacl\n|-damage|p2a: Garganacl|42\/100\n|move|p2a: Garganacl|Salt Cure|p1a: Corviknight\n|-crit|p1a: Corviknight\n|-damage|p1a: Corviknight|88\/100\n|-start|p1a: Corviknight|Salt Cure\n|\n|-weather|SunnyDay|[upkeep]\n|-heal|p1a: Corviknight|94\/100|[from] item: Leftovers\n|-heal|p2a: Garganacl|48\/100|[from] item: Leftovers\n|-damage|p1a: Corviknight|69\/100|[from] Salt Cure\n|upkeep\n|turn|9\n|\n|t:|1699717657\n|switch|p1a: Clodsire|Clodsire, M|100\/100\n|move|p2a: Garganacl|Recover|p2a: Garganacl\n|-heal|p2a: Garganacl|98\/100\n|\n|-weather|SunnyDay|[upkeep]\n|-heal|p2a: Garganacl|100\/100|[from] item: Leftovers\n|upkeep\n|turn|10\n|inactive|ttzz1043 has 120 seconds left.\n|\n|t:|1699717682\n|move|p2a: Garganacl|Salt Cure|p1a: Clodsire\n|-resisted|p1a: Clodsire\n|-damage|p1a: Clodsire|93\/100\n|-start|p1a: Clodsire|Salt Cure\n|move|p1a: Clodsire|Stealth Rock|p2a: Garganacl\n|-sidestart|p2: zeonteo|move: Stealth Rock\n|\n|-weather|none\n|-heal|p1a: Clodsire|99\/100|[from] item: Black Sludge\n|-damage|p1a: Clodsire|87\/100|[from] Salt Cure\n|upkeep\n|turn|11\n|\n|t:|1699717693\n|switch|p1a: Pinsir|Pinsir, F|100\/100\n|move|p2a: Garganacl|Curse|p2a: Garganacl\n|-unboost|p2a: Garganacl|spe|1\n|-boost|p2a: Garganacl|atk|1\n|-boost|p2a: Garganacl|def|1\n|\n|upkeep\n|turn|12\n|\n|t:|1699717711\n|detailschange|p1a: Pinsir|Pinsir-Mega, F\n|-mega|p1a: Pinsir|Pinsir|Pinsirite\n|move|p1a: Pinsir|Return|p2a: Garganacl\n|-damage|p2a: Garganacl|66\/100\n|move|p2a: Garganacl|Salt Cure|p1a: Pinsir\n|-supereffective|p1a: Pinsir\n|-damage|p1a: Pinsir|3\/100\n|-start|p1a: Pinsir|Salt Cure\n|\n|-heal|p2a: Garganacl|72\/100|[from] item: Leftovers\n|-damage|p1a: Pinsir|0 fnt|[from] Salt Cure\n|faint|p1a: Pinsir\n|upkeep\n|inactive|ttzz1043 has 90 seconds left.\n|\n|t:|1699717737\n|switch|p1a: Skeledirge|Skeledirge, F|100\/100\n|turn|13\n|inactive|ttzz1043 has 90 seconds left.\n|\n|t:|1699717753\n|move|p1a: Skeledirge|Hex|p2a: Garganacl\n|-damage|p2a: Garganacl|63\/100\n|move|p2a: Garganacl|Salt Cure|p1a: Skeledirge\n|-supereffective|p1a: Skeledirge\n|-damage|p1a: Skeledirge|78\/100\n|-start|p1a: Skeledirge|Salt Cure\n|\n|-heal|p2a: Garganacl|70\/100|[from] item: Leftovers\n|-damage|p1a: Skeledirge|66\/100|[from] Salt Cure\n|upkeep\n|turn|14\n|\n|t:|1699717771\n|move|p1a: Skeledirge|Torch Song|p2a: Garganacl\n|-resisted|p2a: Garganacl\n|-damage|p2a: Garganacl|60\/100\n|-boost|p1a: Skeledirge|spa|1\n|move|p2a: Garganacl|Salt Cure|p1a: Skeledirge\n|-supereffective|p1a: Skeledirge\n|-crit|p1a: Skeledirge\n|-damage|p1a: Skeledirge|32\/100\n|\n|-heal|p2a: Garganacl|66\/100|[from] item: Leftovers\n|-damage|p1a: Skeledirge|20\/100|[from] Salt Cure\n|upkeep\n|turn|15\n|\n|t:|1699717785\n|move|p1a: Skeledirge|Slack Off|p1a: Skeledirge\n|-heal|p1a: Skeledirge|70\/100\n|move|p2a: Garganacl|Recover|p2a: Garganacl\n|-heal|p2a: Garganacl|100\/100\n|\n|-damage|p1a: Skeledirge|57\/100|[from] Salt Cure\n|upkeep\n|turn|16\n|\n|t:|1699717794\n|move|p1a: Skeledirge|Torch Song|p2a: Garganacl\n|-resisted|p2a: Garganacl\n|-damage|p2a: Garganacl|86\/100\n|-boost|p1a: Skeledirge|spa|1\n|move|p2a: Garganacl|Body Press|p1a: Skeledirge\n|-immune|p1a: Skeledirge\n|\n|-heal|p2a: Garganacl|92\/100|[from] item: Leftovers\n|-damage|p1a: Skeledirge|45\/100|[from] Salt Cure\n|upkeep\n|turn|17\n|inactive|ttzz1043 has 90 seconds left.\n|\n|t:|1699717806\n|move|p1a: Skeledirge|Slack Off|p1a: Skeledirge\n|-heal|p1a: Skeledirge|95\/100\n|move|p2a: Garganacl|Salt Cure|p1a: Skeledirge\n|-supereffective|p1a: Skeledirge\n|-damage|p1a: Skeledirge|72\/100\n|\n|-heal|p2a: Garganacl|98\/100|[from] item: Leftovers\n|-damage|p1a: Skeledirge|59\/100|[from] Salt Cure\n|upkeep\n|turn|18\n|inactive|ttzz1043 has 90 seconds left.\n|\n|t:|1699717817\n|move|p1a: Skeledirge|Torch Song|p2a: Garganacl\n|-resisted|p2a: Garganacl\n|-damage|p2a: Garganacl|80\/100\n|-boost|p1a: Skeledirge|spa|1\n|move|p2a: Garganacl|Salt Cure|p1a: Skeledirge\n|-supereffective|p1a: Skeledirge\n|-damage|p1a: Skeledirge|37\/100\n|\n|-heal|p2a: Garganacl|86\/100|[from] item: Leftovers\n|-damage|p1a: Skeledirge|25\/100|[from] Salt Cure\n|upkeep\n|turn|19\n|inactive|ttzz1043 has 90 seconds left.\n|\n|t:|1699717828\n|move|p1a: Skeledirge|Slack Off|p1a: Skeledirge\n|-heal|p1a: Skeledirge|75\/100\n|move|p2a: Garganacl|Salt Cure|p1a: Skeledirge\n|-supereffective|p1a: Skeledirge\n|-damage|p1a: Skeledirge|53\/100\n|\n|-heal|p2a: Garganacl|93\/100|[from] item: Leftovers\n|-damage|p1a: Skeledirge|41\/100|[from] Salt Cure\n|upkeep\n|turn|20\n|inactive|ttzz1043 has 90 seconds left.\n|\n|t:|1699717849\n|switch|p2a: Great Tusk|Great Tusk|100\/100\n|-damage|p2a: Great Tusk|98\/100|[from] Stealth Rock\n|move|p1a: Skeledirge|Slack Off|p1a: Skeledirge\n|-heal|p1a: Skeledirge|91\/100\n|\n|-heal|p2a: Great Tusk|100\/100|[from] item: Leftovers\n|-damage|p1a: Skeledirge|79\/100|[from] Salt Cure\n|upkeep\n|turn|21\n|inactive|ttzz1043 has 90 seconds left.\n|\n|t:|1699717884\n|switch|p1a: Corviknight|Corviknight, F|69\/100\n|-ability|p1a: Corviknight|Pressure\n|move|p2a: Great Tusk|Headlong Rush|p1a: Corviknight\n|-immune|p1a: Corviknight\n|\n|-heal|p1a: Corviknight|75\/100|[from] item: Leftovers\n|upkeep\n|turn|22\n|\n|t:|1699717899\n|move|p2a: Great Tusk|Rapid Spin|p1a: Corviknight\n|-resisted|p1a: Corviknight\n|-damage|p1a: Corviknight|71\/100\n|-boost|p2a: Great Tusk|spe|1\n|-sideend|p2: zeonteo|Stealth Rock|[from] move: Rapid Spin|[of] p2a: Great Tusk\n|move|p1a: Corviknight|Dual Wingbeat|p2a: Great Tusk|[miss]\n|-miss|p1a: Corviknight|p2a: Great Tusk\n|\n|-heal|p1a: Corviknight|77\/100|[from] item: Leftovers\n|upkeep\n|turn|23\n|\n|t:|1699717916\n|-end|p2a: Great Tusk|Protosynthesis|[silent]\n|switch|p2a: Garganacl|Garganacl, F, tera:Water|93\/100\n|move|p1a: Corviknight|Dual Wingbeat|p2a: Garganacl\n|-damage|p2a: Garganacl|84\/100\n|-damage|p2a: Garganacl|75\/100\n|-hitcount|p2a: Garganacl|2\n|\n|-heal|p1a: Corviknight|83\/100|[from] item: Leftovers\n|-heal|p2a: Garganacl|82\/100|[from] item: Leftovers\n|upkeep\n|turn|24\n|inactive|ttzz1043 has 60 seconds left.\n|\n|t:|1699717951\n|move|p1a: Corviknight|Iron Defense|p1a: Corviknight\n|-boost|p1a: Corviknight|def|2\n|move|p2a: Garganacl|Salt Cure|p1a: Corviknight\n|-damage|p1a: Corviknight|79\/100\n|-start|p1a: Corviknight|Salt Cure\n|\n|-heal|p1a: Corviknight|86\/100|[from] item: Leftovers\n|-heal|p2a: Garganacl|88\/100|[from] item: Leftovers\n|-damage|p1a: Corviknight|61\/100|[from] Salt Cure\n|upkeep\n|turn|25\n|inactive|zeonteo has 120 seconds left.\n|\n|t:|1699717972\n|switch|p2a: Great Tusk|Great Tusk|100\/100\n|move|p1a: Corviknight|Roost|p1a: Corviknight\n|-heal|p1a: Corviknight|100\/100\n|-singleturn|p1a: Corviknight|move: Roost\n|\n|-damage|p1a: Corviknight|75\/100|[from] Salt Cure\n|upkeep\n|turn|26\n|inactive|zeonteo has 120 seconds left.\n|\n|t:|1699717984\n|move|p2a: Great Tusk|Rapid Spin|p1a: Corviknight\n|-resisted|p1a: Corviknight\n|-damage|p1a: Corviknight|73\/100\n|-boost|p2a: Great Tusk|spe|1\n|move|p1a: Corviknight|Dual Wingbeat|p2a: Great Tusk\n|-supereffective|p2a: Great Tusk\n|-damage|p2a: Great Tusk|89\/100\n|-supereffective|p2a: Great Tusk\n|-damage|p2a: Great Tusk|77\/100\n|-hitcount|p2a: Great Tusk|2\n|\n|-heal|p2a: Great Tusk|84\/100|[from] item: Leftovers\n|-heal|p1a: Corviknight|79\/100|[from] item: Leftovers\n|-damage|p1a: Corviknight|54\/100|[from] Salt Cure\n|upkeep\n|turn|27\n|inactive|zeonteo has 120 seconds left.\n|\n|t:|1699718002\n|move|p2a: Great Tusk|Headlong Rush|p1a: Corviknight\n|-immune|p1a: Corviknight\n|move|p1a: Corviknight|Roost|p1a: Corviknight\n|-heal|p1a: Corviknight|100\/100\n|-singleturn|p1a: Corviknight|move: Roost\n|\n|-heal|p2a: Great Tusk|90\/100|[from] item: Leftovers\n|-damage|p1a: Corviknight|75\/100|[from] Salt Cure\n|upkeep\n|turn|28\n|inactive|zeonteo has 120 seconds left.\n|\n|t:|1699718013\n|move|p2a: Great Tusk|Rapid Spin|p1a: Corviknight\n|-resisted|p1a: Corviknight\n|-damage|p1a: Corviknight|73\/100\n|-boost|p2a: Great Tusk|spe|1\n|move|p1a: Corviknight|Body Press|p2a: Great Tusk\n|-damage|p2a: Great Tusk|64\/100\n|\n|-heal|p2a: Great Tusk|70\/100|[from] item: Leftovers\n|-heal|p1a: Corviknight|79\/100|[from] item: Leftovers\n|-damage|p1a: Corviknight|54\/100|[from] Salt Cure\n|upkeep\n|turn|29\n|inactive|zeonteo has 120 seconds left.\n|\n|t:|1699718029\n|move|p2a: Great Tusk|Rapid Spin|p1a: Corviknight\n|-resisted|p1a: Corviknight\n|-damage|p1a: Corviknight|52\/100\n|-boost|p2a: Great Tusk|spe|1\n|move|p1a: Corviknight|Roost|p1a: Corviknight\n|-heal|p1a: Corviknight|100\/100\n|-singleturn|p1a: Corviknight|move: Roost\n|\n|-heal|p2a: Great Tusk|76\/100|[from] item: Leftovers\n|-damage|p1a: Corviknight|75\/100|[from] Salt Cure\n|upkeep\n|turn|30\n|\n|t:|1699718043\n|move|p2a: Great Tusk|Rapid Spin|p1a: Corviknight\n|-resisted|p1a: Corviknight\n|-damage|p1a: Corviknight|73\/100\n|-boost|p2a: Great Tusk|spe|1\n|move|p1a: Corviknight|Body Press|p2a: Great Tusk\n|-damage|p2a: Great Tusk|52\/100\n|\n|-heal|p2a: Great Tusk|58\/100|[from] item: Leftovers\n|-heal|p1a: Corviknight|79\/100|[from] item: Leftovers\n|-damage|p1a: Corviknight|54\/100|[from] Salt Cure\n|upkeep\n|turn|31\n|\n|t:|1699718063\n|move|p2a: Great Tusk|Ice Spinner|p1a: Corviknight\n|-damage|p1a: Corviknight|48\/100\n|move|p1a: Corviknight|Roost|p1a: Corviknight\n|-heal|p1a: Corviknight|98\/100\n|-singleturn|p1a: Corviknight|move: Roost\n|\n|-heal|p2a: Great Tusk|64\/100|[from] item: Leftovers\n|-heal|p1a: Corviknight|100\/100|[from] item: Leftovers\n|-damage|p1a: Corviknight|75\/100|[from] Salt Cure\n|upkeep\n|turn|32\n|\n|t:|1699718078\n|move|p2a: Great Tusk|Ice Spinner|p1a: Corviknight\n|-damage|p1a: Corviknight|68\/100\n|move|p1a: Corviknight|Body Press|p2a: Great Tusk\n|-damage|p2a: Great Tusk|41\/100\n|\n|-heal|p2a: Great Tusk|47\/100|[from] item: Leftovers\n|-heal|p1a: Corviknight|74\/100|[from] item: Leftovers\n|-damage|p1a: Corviknight|49\/100|[from] Salt Cure\n|upkeep\n|turn|33\n|\n|t:|1699718094\n|move|p2a: Great Tusk|Ice Spinner|p1a: Corviknight\n|-damage|p1a: Corviknight|42\/100\n|move|p1a: Corviknight|Roost|p1a: Corviknight\n|-heal|p1a: Corviknight|92\/100\n|-singleturn|p1a: Corviknight|move: Roost\n|\n|-heal|p2a: Great Tusk|53\/100|[from] item: Leftovers\n|-heal|p1a: Corviknight|98\/100|[from] item: Leftovers\n|-damage|p1a: Corviknight|73\/100|[from] Salt Cure\n|upkeep\n|turn|34\n|\n|t:|1699718107\n|move|p2a: Great Tusk|Ice Spinner|p1a: Corviknight\n|-damage|p1a: Corviknight|66\/100\n|move|p1a: Corviknight|Body Press|p2a: Great Tusk\n|-damage|p2a: Great Tusk|29\/100\n|\n|-heal|p2a: Great Tusk|35\/100|[from] item: Leftovers\n|-heal|p1a: Corviknight|73\/100|[from] item: Leftovers\n|-damage|p1a: Corviknight|48\/100|[from] Salt Cure\n|upkeep\n|turn|35\n|\n|t:|1699718122\n|-end|p2a: Great Tusk|Protosynthesis|[silent]\n|switch|p2a: Charizard|Charizard, F|100\/100\n|move|p1a: Corviknight|Roost|p1a: Corviknight\n|-heal|p1a: Corviknight|98\/100\n|-singleturn|p1a: Corviknight|move: Roost\n|\n|-heal|p1a: Corviknight|100\/100|[from] item: Leftovers\n|-damage|p1a: Corviknight|75\/100|[from] Salt Cure\n|upkeep\n|turn|36\n|\n|t:|1699718139\n|switch|p1a: Greninja|Greninja, M|100\/100\n|detailschange|p2a: Charizard|Charizard-Mega-Y, F\n|-mega|p2a: Charizard|Charizard|Charizardite Y\n|-weather|SunnyDay|[from] ability: Drought|[of] p2a: Charizard\n|move|p2a: Charizard|Solar Beam||[still]\n|-prepare|p2a: Charizard|Solar Beam\n|-anim|p2a: Charizard|Solar Beam|p1a: Greninja\n|-supereffective|p1a: Greninja\n|-damage|p1a: Greninja|0 fnt\n|faint|p1a: Greninja\n|\n|-weather|SunnyDay|[upkeep]\n|upkeep\n|\n|t:|1699718152\n|switch|p1a: Skeledirge|Skeledirge, F|79\/100\n|turn|37\n|\n|t:|1699718159\n|move|p2a: Charizard|Scorching Sands|p1a: Skeledirge\n|-supereffective|p1a: Skeledirge\n|-damage|p1a: Skeledirge|39\/100\n|move|p1a: Skeledirge|Torch Song|p2a: Charizard\n|-resisted|p2a: Charizard\n|-damage|p2a: Charizard|78\/100\n|-boost|p1a: Skeledirge|spa|1\n|\n|-weather|SunnyDay|[upkeep]\n|upkeep\n|turn|38\n|inactive|zeonteo has 120 seconds left.\n|inactive|ttzz1043 has 30 seconds left.\n|\n|t:|1699718181\n|switch|p1a: Corviknight|Corviknight, F|75\/100\n|-ability|p1a: Corviknight|Pressure\n|move|p2a: Charizard|Flamethrower|p1a: Corviknight\n|-supereffective|p1a: Corviknight\n|-damage|p1a: Corviknight|0 fnt\n|faint|p1a: Corviknight\n|\n|-weather|SunnyDay|[upkeep]\n|upkeep\n|inactive|ttzz1043 has 30 seconds left.\n|\n|t:|1699718191\n|switch|p1a: Clodsire|Clodsire, M|87\/100\n|turn|39\n|inactive|ttzz1043 has 30 seconds left.\n|\n|t:|1699718200\n|-terastallize|p1a: Clodsire|Flying\n|move|p2a: Charizard|Flamethrower|p1a: Clodsire\n|-damage|p1a: Clodsire|46\/100\n|move|p1a: Clodsire|Toxic|p2a: Charizard\n|-status|p2a: Charizard|tox\n|\n|-weather|SunnyDay|[upkeep]\n|-damage|p1a: Clodsire|34\/100|[from] item: Black Sludge\n|-damage|p2a: Charizard|72\/100 tox|[from] psn\n|upkeep\n|turn|40\n|inactive|ttzz1043 has 30 seconds left.\n|\n|t:|1699718214\n|switch|p1a: Skeledirge|Skeledirge, F|39\/100\n|move|p2a: Charizard|Flamethrower|p1a: Skeledirge\n|-resisted|p1a: Skeledirge\n|-damage|p1a: Skeledirge|11\/100\n|\n|-weather|none\n|-damage|p2a: Charizard|60\/100 tox|[from] psn\n|upkeep\n|turn|41\n|\n|t:|1699718227\n|move|p2a: Charizard|Air Slash|p1a: Skeledirge\n|-damage|p1a: Skeledirge|0 fnt\n|faint|p1a: Skeledirge\n|\n|-damage|p2a: Charizard|42\/100 tox|[from] psn\n|upkeep\n|-message|ttzz1043 forfeited.\n|\n|win|zeonteo\n|raw|ttzz1043's rating: 1312 &rarr; <strong>1290<\/strong><br \/>(-22 for losing)\n|raw|zeonteo's rating: 1278 &rarr; <strong>1305<\/strong><br \/>(+27 for winning)\n|l|\u2606ttzz1043\n","uploadtime":1699718249,"views":11,"p1id":"ttzz1043","p2id":"zeonteo","formatid":"gen9nationaldex","rating":1290,"private":0,"password":""}