{"id":"gen9nationaldex-1988946060","p1":"Denzqqq","p2":"OnePunchAlligator","format":"[Gen 9] National Dex","log":"|j|\u2606Denzqqq\n|j|\u2606OnePunchAlligator\n|t:|1699792573\n|gametype|singles\n|player|p1|Denzqqq|gentleman-gen4|\n|player|p2|OnePunchAlligator|pokemaniac|\n|teamsize|p1|6\n|teamsize|p2|6\n|gen|9\n|tier|[Gen 9] National Dex\n|rule|HP Percentage Mod: HP is shown in percentages\n|rule|Endless Battle Clause: Forcing endless battles is banned\n|rule|OHKO Clause: OHKO moves are banned\n|rule|Evasion Clause: Evasion abilities, items, and moves are banned\n|rule|Evasion Abilities Clause: Evasion abilities are banned\n|rule|Evasion Items Clause: Evasion items are banned\n|rule|Evasion Moves Clause: Evasion moves are banned\n|rule|Species Clause: Limit one of each Pok\u00e9mon\n|rule|Sleep Clause Mod: Limit one foe put to sleep\n|clearpoke\n|poke|p1|Sneasler, M|\n|poke|p1|Hydreigon, F|\n|poke|p1|Iron Treads|\n|poke|p1|Rillaboom, F|\n|poke|p1|Mew|\n|poke|p1|Feraligatr, M|\n|poke|p2|Bruxish, F|\n|poke|p2|Guzzlord|\n|poke|p2|Great Tusk|\n|poke|p2|Iron Thorns|\n|poke|p2|Lilligant-Hisui, F|\n|poke|p2|Jirachi|\n|teampreview\n|inactive|Battle timer is ON: inactive players will automatically lose when time's up. (requested by Denzqqq)\n|\n|t:|1699792598\n|start\n|switch|p1a: Monke boom|Rillaboom, F|100\/100\n|switch|p2a: Ball Destroyer|Bruxish, F, shiny|100\/100\n|-fieldstart|move: Grassy Terrain|[from] ability: Grassy Surge|[of] p1a: Monke boom\n|turn|1\n|inactive|OnePunchAlligator has 270 seconds left.\n|\n|t:|1699792632\n|switch|p2a: Ice Spice|Lilligant-Hisui, F|100\/100\n|move|p1a: Monke boom|Grassy Glide|p2a: Ice Spice\n|-resisted|p2a: Ice Spice\n|-damage|p2a: Ice Spice|61\/100\n|-damage|p1a: Monke boom|91\/100|[from] item: Life Orb\n|\n|-heal|p2a: Ice Spice|67\/100|[from] Grassy Terrain\n|-heal|p1a: Monke boom|97\/100|[from] Grassy Terrain\n|upkeep\n|turn|2\n|inactive|OnePunchAlligator has 270 seconds left.\n|\n|t:|1699792646\n|move|p2a: Ice Spice|Ice Spinner|p1a: Monke boom\n|-supereffective|p1a: Monke boom\n|-damage|p1a: Monke boom|12\/100\n|-fieldend|move: Grassy Terrain\n|move|p1a: Monke boom|Drain Punch|p2a: Ice Spice\n|-damage|p2a: Ice Spice|16\/100\n|-heal|p1a: Monke boom|33\/100|[from] drain|[of] p2a: Ice Spice\n|-damage|p1a: Monke boom|23\/100|[from] item: Life Orb\n|\n|upkeep\n|turn|3\n|inactive|OnePunchAlligator has 270 seconds left.\n|\n|t:|1699792659\n|switch|p1a: We spin brrr|Iron Treads|100\/100\n|-item|p1a: We spin brrr|Air Balloon\n|move|p2a: Ice Spice|Ice Spinner|p1a: We spin brrr\n|-damage|p1a: We spin brrr|67\/100\n|-enditem|p1a: We spin brrr|Air Balloon\n|\n|upkeep\n|turn|4\n|inactive|OnePunchAlligator has 270 seconds left.\n|\n|t:|1699792692\n|move|p1a: We spin brrr|Earthquake|p2a: Ice Spice\n|-resisted|p2a: Ice Spice\n|-damage|p2a: Ice Spice|0 fnt\n|faint|p2a: Ice Spice\n|\n|upkeep\n|\n|t:|1699792700\n|switch|p2a: Ball Destroyer|Bruxish, F, shiny|100\/100\n|turn|5\n|\n|t:|1699792725\n|-end|p1a: We spin brrr|Quark Drive|[silent]\n|switch|p1a: Three headed|Hydreigon, F|100\/100\n|move|p2a: Ball Destroyer|Wave Crash|p1a: Three headed\n|-resisted|p1a: Three headed\n|-damage|p1a: Three headed|65\/100\n|-damage|p2a: Ball Destroyer|87\/100|[from] Recoil\n|\n|upkeep\n|turn|6\n|\n|t:|1699792747\n|switch|p2a: GG|Jirachi|100\/100\n|move|p1a: Three headed|Draco Meteor|p2a: GG\n|-resisted|p2a: GG\n|-damage|p2a: GG|64\/100\n|-unboost|p1a: Three headed|spa|2\n|\n|upkeep\n|turn|7\n|\n|t:|1699792761\n|switch|p1a: We spin brrr|Iron Treads|67\/100\n|move|p2a: GG|Drain Punch|p1a: We spin brrr\n|-supereffective|p1a: We spin brrr\n|-damage|p1a: We spin brrr|23\/100\n|-heal|p2a: GG|86\/100|[from] drain|[of] p1a: We spin brrr\n|\n|upkeep\n|turn|8\n|\n|t:|1699792773\n|move|p2a: GG|Drain Punch|p1a: We spin brrr\n|-supereffective|p1a: We spin brrr\n|-damage|p1a: We spin brrr|0 fnt\n|-heal|p2a: GG|96\/100|[from] drain|[of] p1a: We spin brrr\n|faint|p1a: We spin brrr\n|-end|p1a: We spin brrr|Quark Drive|[silent]\n|\n|upkeep\n|inactive|Denzqqq has 270 seconds left.\n|\n|t:|1699792792\n|switch|p1a: Ban Dire claw|Sneasler, M|100\/100\n|turn|9\n|inactive|Denzqqq has 270 seconds left.\n|inactive|OnePunchAlligator has 240 seconds left.\n|inactive|OnePunchAlligator has 210 seconds left.\n|\n|t:|1699792853\n|switch|p2a: Glizzy Lord|Guzzlord, shiny|100\/100\n|move|p1a: Ban Dire claw|Bulk Up|p1a: Ban Dire claw\n|-boost|p1a: Ban Dire claw|atk|1\n|-boost|p1a: Ban Dire claw|def|1\n|\n|upkeep\n|turn|10\n|inactive|OnePunchAlligator has 210 seconds left.\n|inactive|Denzqqq has 270 seconds left.\n|\n|t:|1699792868\n|-terastallize|p2a: Glizzy Lord|Fairy\n|move|p1a: Ban Dire claw|Close Combat|p2a: Glizzy Lord\n|-resisted|p2a: Glizzy Lord\n|-damage|p2a: Glizzy Lord|62\/100\n|-unboost|p1a: Ban Dire claw|def|1\n|-unboost|p1a: Ban Dire claw|spd|1\n|move|p2a: Glizzy Lord|Draco Meteor|p1a: Ban Dire claw\n|-damage|p1a: Ban Dire claw|5\/100\n|-unboost|p2a: Glizzy Lord|spa|2\n|\n|upkeep\n|turn|11\n|inactive|Denzqqq has 270 seconds left.\n|inactive|OnePunchAlligator has 180 seconds left.\n|\n|t:|1699792900\n|switch|p2a: Strawberry|Great Tusk|100\/100\n|-enditem|p2a: Strawberry|Booster Energy\n|-activate|p2a: Strawberry|ability: Protosynthesis|[fromitem]\n|-start|p2a: Strawberry|protosynthesisatk\n|move|p1a: Ban Dire claw|Dire Claw|p2a: Strawberry\n|-resisted|p2a: Strawberry\n|-damage|p2a: Strawberry|78\/100\n|\n|upkeep\n|turn|12\n|inactive|OnePunchAlligator has 180 seconds left.\n|\n|t:|1699792913\n|move|p1a: Ban Dire claw|Close Combat|p2a: Strawberry\n|-damage|p2a: Strawberry|7\/100\n|-unboost|p1a: Ban Dire claw|def|1\n|-unboost|p1a: Ban Dire claw|spd|1\n|move|p2a: Strawberry|Rapid Spin|p1a: Ban Dire claw\n|-damage|p1a: Ban Dire claw|0 fnt\n|-boost|p2a: Strawberry|spe|1\n|faint|p1a: Ban Dire claw\n|\n|upkeep\n|\n|t:|1699792919\n|switch|p1a: Monke boom|Rillaboom, F|23\/100\n|-fieldstart|move: Grassy Terrain|[from] ability: Grassy Surge|[of] p1a: Monke boom\n|turn|13\n|inactive|Denzqqq has 270 seconds left.\n|inactive|OnePunchAlligator has 180 seconds left.\n|\n|t:|1699792935\n|-end|p2a: Strawberry|Protosynthesis|[silent]\n|switch|p2a: GG|Jirachi|96\/100\n|move|p1a: Monke boom|Grassy Glide|p2a: GG\n|-resisted|p2a: GG\n|-damage|p2a: GG|69\/100\n|-damage|p1a: Monke boom|13\/100|[from] item: Life Orb\n|\n|-heal|p2a: GG|75\/100|[from] Grassy Terrain\n|-heal|p1a: Monke boom|20\/100|[from] Grassy Terrain\n|upkeep\n|turn|14\n|inactive|OnePunchAlligator has 180 seconds left.\n|\n|t:|1699792948\n|switch|p1a: Maow|Mew|100\/100\n|move|p2a: GG|Ice Punch|p1a: Maow\n|-damage|p1a: Maow|77\/100\n|\n|-heal|p2a: GG|81\/100|[from] Grassy Terrain\n|-heal|p1a: Maow|83\/100|[from] Grassy Terrain\n|upkeep\n|turn|15\n|\n|t:|1699792957\n|switch|p2a: Meta|Iron Thorns|100\/100\n|move|p1a: Maow|Dragon Dance|p1a: Maow\n|-boost|p1a: Maow|atk|1\n|-boost|p1a: Maow|spe|1\n|\n|-heal|p1a: Maow|89\/100|[from] Grassy Terrain\n|upkeep\n|turn|16\n|\n|t:|1699792969\n|move|p1a: Maow|Dragon Dance|p1a: Maow\n|-boost|p1a: Maow|atk|1\n|-boost|p1a: Maow|spe|1\n|move|p2a: Meta|Stone Edge|p1a: Maow\n|-crit|p1a: Maow\n|-damage|p1a: Maow|17\/100\n|\n|-heal|p1a: Maow|23\/100|[from] Grassy Terrain\n|upkeep\n|turn|17\n|\n|t:|1699792983\n|move|p1a: Maow|Drain Punch|p2a: Meta\n|-supereffective|p2a: Meta\n|-damage|p2a: Meta|34\/100\n|-heal|p1a: Maow|60\/100|[from] drain|[of] p2a: Meta\n|move|p2a: Meta|Stone Edge|p1a: Maow|[miss]\n|-miss|p2a: Meta|p1a: Maow\n|\n|-heal|p1a: Maow|66\/100|[from] Grassy Terrain\n|-heal|p2a: Meta|40\/100|[from] Grassy Terrain\n|-fieldend|move: Grassy Terrain\n|upkeep\n|turn|18\n|\n|t:|1699792997\n|-end|p2a: Meta|Quark Drive|[silent]\n|switch|p2a: Strawberry|Great Tusk|7\/100\n|move|p1a: Maow|Drain Punch|p2a: Strawberry\n|-damage|p2a: Strawberry|0 fnt\n|-heal|p1a: Maow|70\/100|[from] drain|[of] p2a: Strawberry\n|faint|p2a: Strawberry\n|-end|p2a: Strawberry|Protosynthesis|[silent]\n|\n|upkeep\n|inactive|OnePunchAlligator has 180 seconds left.\n|\n|t:|1699793015\n|switch|p2a: Glizzy Lord|Guzzlord, shiny, tera:Fairy|62\/100\n|turn|19\n|\n|t:|1699793022\n|move|p1a: Maow|Psychic Fangs|p2a: Glizzy Lord\n|-damage|p2a: Glizzy Lord|0 fnt\n|faint|p2a: Glizzy Lord\n|\n|upkeep\n|\n|t:|1699793026\n|switch|p2a: Ball Destroyer|Bruxish, F, shiny|87\/100\n|turn|20\n|\n|t:|1699793044\n|-terastallize|p1a: Maow|Fairy\n|move|p1a: Maow|Play Rough|p2a: Ball Destroyer|[miss]\n|-miss|p1a: Maow|p2a: Ball Destroyer\n|move|p2a: Ball Destroyer|Wave Crash|p1a: Maow\n|-damage|p1a: Maow|10\/100\n|-damage|p2a: Ball Destroyer|62\/100|[from] Recoil\n|\n|upkeep\n|turn|21\n|\n|t:|1699793054\n|move|p1a: Maow|Play Rough|p2a: Ball Destroyer\n|-damage|p2a: Ball Destroyer|0 fnt\n|faint|p2a: Ball Destroyer\n|\n|upkeep\n|\n|t:|1699793060\n|switch|p2a: GG|Jirachi|81\/100\n|turn|22\n|\n|t:|1699793067\n|move|p1a: Maow|Drain Punch|p2a: GG\n|-damage|p2a: GG|35\/100\n|-heal|p1a: Maow|32\/100|[from] drain|[of] p2a: GG\n|move|p2a: GG|Meteor Mash|p1a: Maow\n|-supereffective|p1a: Maow\n|-damage|p1a: Maow|0 fnt\n|faint|p1a: Maow\n|\n|upkeep\n|\n|t:|1699793075\n|switch|p1a: FearTheMuncher|Feraligatr, M|100\/100\n|turn|23\n|\n|t:|1699793080\n|move|p2a: GG|Meteor Mash|p1a: FearTheMuncher\n|-resisted|p1a: FearTheMuncher\n|-crit|p1a: FearTheMuncher\n|-damage|p1a: FearTheMuncher|66\/100\n|move|p1a: FearTheMuncher|Dragon Dance|p1a: FearTheMuncher\n|-boost|p1a: FearTheMuncher|atk|1\n|-boost|p1a: FearTheMuncher|spe|1\n|\n|upkeep\n|turn|24\n|\n|t:|1699793090\n|move|p1a: FearTheMuncher|Aqua Jet|p2a: GG\n|-damage|p2a: GG|0 fnt\n|faint|p2a: GG\n|-damage|p1a: FearTheMuncher|56\/100|[from] item: Life Orb\n|\n|upkeep\n|\n|t:|1699793095\n|switch|p2a: Meta|Iron Thorns|40\/100\n|turn|25\n|\n|t:|1699793098\n|move|p1a: FearTheMuncher|Liquidation|p2a: Meta\n|-supereffective|p2a: Meta\n|-damage|p2a: Meta|0 fnt\n|faint|p2a: Meta\n|-end|p2a: Meta|Quark Drive|[silent]\n|\n|win|Denzqqq\n|c|\u2606Denzqqq|Gg\n","uploadtime":1699793106,"views":24,"p1id":"denzqqq","p2id":"onepunchalligator","formatid":"gen9nationaldex","rating":0,"private":0,"password":""}