{"id":"gen9nationaldex-1988843635","p1":"shower035","p2":"dingf","format":"[Gen 9] National Dex","log":"|j|\u2606shower035\n|j|\u2606dingf\n|t:|1699772121\n|gametype|singles\n|player|p1|shower035|roxie|1367\n|player|p2|dingf|acerola|1431\n|teamsize|p1|6\n|teamsize|p2|6\n|gen|9\n|tier|[Gen 9] National Dex\n|rated|\n|rule|HP Percentage Mod: HP is shown in percentages\n|rule|Endless Battle Clause: Forcing endless battles is banned\n|rule|OHKO Clause: OHKO moves are banned\n|rule|Evasion Clause: Evasion abilities, items, and moves are banned\n|rule|Evasion Abilities Clause: Evasion abilities are banned\n|rule|Evasion Items Clause: Evasion items are banned\n|rule|Evasion Moves Clause: Evasion moves are banned\n|rule|Species Clause: Limit one of each Pok\u00e9mon\n|rule|Sleep Clause Mod: Limit one foe put to sleep\n|clearpoke\n|poke|p1|Ninetales-Alola, M|\n|poke|p1|Slowking-Galar, M|\n|poke|p1|Frosmoth, F|\n|poke|p1|Zapdos|\n|poke|p1|Ditto|\n|poke|p1|Banette, F|\n|poke|p2|Pelipper, M|\n|poke|p2|Kingdra, M|\n|poke|p2|Thundurus-Therian, M|\n|poke|p2|Barraskewda, M|\n|poke|p2|Tapu Lele|\n|poke|p2|Rotom-Mow|\n|teampreview\n|inactive|Battle timer is ON: inactive players will automatically lose when time's up. (requested by shower035)\n|inactive|dingf also wants the timer to be on.\n|n|\u2606dingf|dingf\n|\n|t:|1699772148\n|start\n|switch|p1a: Ninetales|Ninetales-Alola, M|100\/100\n|switch|p2a: Barraskewda|Barraskewda, M|100\/100\n|-weather|Snow|[from] ability: Snow Warning|[of] p1a: Ninetales\n|turn|1\n|\n|t:|1699772166\n|-terastallize|p2a: Barraskewda|Water\n|move|p2a: Barraskewda|Liquidation|p1a: Ninetales\n|-damage|p1a: Ninetales|26\/100\n|-unboost|p1a: Ninetales|def|1\n|move|p1a: Ninetales|Aurora Veil|p1a: Ninetales\n|-sidestart|p1: shower035|move: Aurora Veil\n|\n|-weather|Snow|[upkeep]\n|upkeep\n|turn|2\n|\n|t:|1699772177\n|switch|p1a: Zapdos|Zapdos|100\/100\n|move|p2a: Barraskewda|Liquidation|p1a: Zapdos\n|-damage|p1a: Zapdos|71\/100\n|-damage|p2a: Barraskewda|84\/100|[from] item: Rocky Helmet|[of] p1a: Zapdos\n|-status|p2a: Barraskewda|par|[from] ability: Static|[of] p1a: Zapdos\n|\n|-weather|Snow|[upkeep]\n|upkeep\n|turn|3\n|\n|t:|1699772190\n|switch|p2a: Thundurus|Thundurus-Therian, M|100\/100\n|move|p1a: Zapdos|Volt Switch|p2a: Thundurus\n|-immune|p2a: Thundurus|[from] ability: Volt Absorb\n|\n|-weather|Snow|[upkeep]\n|upkeep\n|turn|4\n|\n|t:|1699772204\n|switch|p1a: Slowking|Slowking-Galar, M|100\/100\n|move|p2a: Thundurus|Volt Switch|p1a: Slowking\n|-damage|p1a: Slowking|88\/100\n|\n|t:|1699772210\n|switch|p2a: Tapu Lele|Tapu Lele|100\/100|[from] Volt Switch\n|-fieldstart|move: Psychic Terrain|[from] ability: Psychic Surge|[of] p2a: Tapu Lele\n|\n|-weather|Snow|[upkeep]\n|-heal|p1a: Slowking|94\/100|[from] item: Leftovers\n|upkeep\n|turn|5\n|\n|t:|1699772220\n|move|p2a: Tapu Lele|Psychic|p1a: Slowking\n|-damage|p1a: Slowking|77\/100\n|move|p1a: Slowking|Toxic|p2a: Tapu Lele\n|-status|p2a: Tapu Lele|tox\n|\n|-weather|none\n|-heal|p1a: Slowking|83\/100|[from] item: Leftovers\n|-damage|p2a: Tapu Lele|94\/100 tox|[from] psn\n|upkeep\n|turn|6\n|\n|t:|1699772236\n|move|p2a: Tapu Lele|Psychic|p1a: Slowking\n|-damage|p1a: Slowking|66\/100\n|move|p1a: Slowking|Chilly Reception|p1a: Slowking\n|-weather|Snow\n|\n|t:|1699772240\n|switch|p1a: Frosmoth|Frosmoth, F|100\/100|[from] Chilly Reception\n|\n|-weather|Snow|[upkeep]\n|-damage|p2a: Tapu Lele|82\/100 tox|[from] psn\n|upkeep\n|turn|7\n|l|\u2606dingf\n|inactive|dingf disconnected and has a minute to reconnect!\n|player|p2|\n|j|\u2606dingf\n|inactive|dingf reconnected and has 115 seconds left.\n|player|p2|dingf|acerola\n|\n|t:|1699772289\n|switch|p2a: Pelipper|Pelipper, M|100\/100\n|-weather|RainDance|[from] ability: Drizzle|[of] p2a: Pelipper\n|move|p1a: Frosmoth|Quiver Dance|p1a: Frosmoth\n|-boost|p1a: Frosmoth|spa|1\n|-boost|p1a: Frosmoth|spd|1\n|-boost|p1a: Frosmoth|spe|1\n|\n|-weather|RainDance|[upkeep]\n|upkeep\n|turn|8\n|\n|t:|1699772311\n|move|p1a: Frosmoth|Giga Drain|p2a: Pelipper\n|-damage|p2a: Pelipper|42\/100\n|move|p2a: Pelipper|U-turn|p1a: Frosmoth\n|-damage|p1a: Frosmoth|93\/100\n|\n|t:|1699772319\n|switch|p2a: Barraskewda|Barraskewda, M, tera:Water|84\/100 par|[from] U-turn\n|\n|-weather|RainDance|[upkeep]\n|-sideend|p1: shower035|move: Aurora Veil\n|-fieldend|move: Psychic Terrain\n|upkeep\n|turn|9\n|l|\u2606dingf\n|inactive|dingf disconnected and has a minute to reconnect!\n|player|p2|\n|j|\u2606dingf\n|inactive|dingf reconnected and has 85 seconds left.\n|player|p2|dingf|acerola\n|\n|t:|1699772355\n|switch|p1a: Zapdos|Zapdos|71\/100\n|move|p2a: Barraskewda|Flip Turn|p1a: Zapdos\n|-damage|p1a: Zapdos|1\/100\n|-damage|p2a: Barraskewda|67\/100 par|[from] item: Rocky Helmet|[of] p1a: Zapdos\n|\n|t:|1699772362\n|switch|p2a: Kingdra|Kingdra, M|100\/100|[from] Flip Turn\n|\n|-weather|RainDance|[upkeep]\n|upkeep\n|turn|10\n|\n|t:|1699772370\n|move|p2a: Kingdra|Surf|p1a: Zapdos\n|-damage|p1a: Zapdos|0 fnt\n|faint|p1a: Zapdos\n|\n|-weather|RainDance|[upkeep]\n|upkeep\n|\n|t:|1699772374\n|switch|p1a: Ninetales|Ninetales-Alola, M|26\/100\n|-weather|Snow|[from] ability: Snow Warning|[of] p1a: Ninetales\n|turn|11\n|\n|t:|1699772378\n|move|p1a: Ninetales|Freeze-Dry|p2a: Kingdra\n|-supereffective|p2a: Kingdra\n|-damage|p2a: Kingdra|4\/100\n|move|p2a: Kingdra|Surf|p1a: Ninetales\n|-crit|p1a: Ninetales\n|-damage|p1a: Ninetales|0 fnt\n|faint|p1a: Ninetales\n|\n|-weather|Snow|[upkeep]\n|upkeep\n|\n|t:|1699772386\n|switch|p1a: Banette|Banette, F|100\/100\n|turn|12\n|\n|t:|1699772397\n|detailschange|p1a: Banette|Banette-Mega, F\n|-mega|p1a: Banette|Banette|Banettite\n|move|p1a: Banette|Shadow Sneak|p2a: Kingdra\n|-damage|p2a: Kingdra|0 fnt\n|faint|p2a: Kingdra\n|\n|-weather|Snow|[upkeep]\n|upkeep\n|\n|t:|1699772412\n|switch|p2a: Tapu Lele|Tapu Lele|82\/100 tox\n|-fieldstart|move: Psychic Terrain|[from] ability: Psychic Surge|[of] p2a: Tapu Lele\n|turn|13\n|\n|t:|1699772435\n|switch|p1a: Frosmoth|Frosmoth, F|93\/100\n|-zpower|p2a: Tapu Lele\n|move|p2a: Tapu Lele|Shattered Psyche|p1a: Frosmoth|[zeffect]\n|-damage|p1a: Frosmoth|10\/100\n|\n|-weather|Snow|[upkeep]\n|-damage|p2a: Tapu Lele|76\/100 tox|[from] psn\n|upkeep\n|turn|14\n|\n|t:|1699772448\n|switch|p2a: Pelipper|Pelipper, M|42\/100\n|-weather|RainDance|[from] ability: Drizzle|[of] p2a: Pelipper\n|move|p1a: Frosmoth|Quiver Dance|p1a: Frosmoth\n|-boost|p1a: Frosmoth|spa|1\n|-boost|p1a: Frosmoth|spd|1\n|-boost|p1a: Frosmoth|spe|1\n|\n|-weather|RainDance|[upkeep]\n|upkeep\n|turn|15\n|\n|t:|1699772460\n|move|p1a: Frosmoth|Giga Drain|p2a: Pelipper\n|-damage|p2a: Pelipper|0 fnt\n|-heal|p1a: Frosmoth|35\/100|[from] drain|[of] p2a: Pelipper\n|faint|p2a: Pelipper\n|\n|-weather|RainDance|[upkeep]\n|upkeep\n|\n|t:|1699772465\n|switch|p2a: Barraskewda|Barraskewda, M, tera:Water|67\/100 par\n|turn|16\n|\n|t:|1699772479\n|switch|p1a: Slowking|Slowking-Galar, M|99\/100\n|move|p2a: Barraskewda|Flip Turn|p1a: Slowking\n|-damage|p1a: Slowking|13\/100\n|\n|t:|1699772486\n|switch|p2a: Tapu Lele|Tapu Lele|76\/100 tox|[from] Flip Turn\n|\n|-weather|RainDance|[upkeep]\n|-heal|p1a: Slowking|19\/100|[from] item: Leftovers\n|-damage|p2a: Tapu Lele|70\/100 tox|[from] psn\n|upkeep\n|turn|17\n|\n|t:|1699772490\n|move|p2a: Tapu Lele|Psychic|p1a: Slowking\n|-damage|p1a: Slowking|0 fnt\n|faint|p1a: Slowking\n|\n|-weather|RainDance|[upkeep]\n|-damage|p2a: Tapu Lele|58\/100 tox|[from] psn\n|-fieldend|move: Psychic Terrain\n|upkeep\n|\n|t:|1699772494\n|switch|p1a: Ditto|Ditto|100\/100\n|-transform|p1a: Ditto|p2a: Tapu Lele|[from] ability: Imposter\n|-fieldstart|move: Psychic Terrain|[from] ability: Psychic Surge|[of] p1a: Ditto\n|turn|18\n|\n|t:|1699772501\n|move|p1a: Ditto|Psychic|p2a: Tapu Lele\n|-resisted|p2a: Tapu Lele\n|-damage|p2a: Tapu Lele|28\/100 tox\n|move|p2a: Tapu Lele|Moonblast|p1a: Ditto\n|-damage|p1a: Ditto|50\/100\n|\n|-weather|RainDance|[upkeep]\n|-damage|p2a: Tapu Lele|10\/100 tox|[from] psn\n|upkeep\n|turn|19\n|\n|t:|1699772508\n|move|p1a: Ditto|Psychic|p2a: Tapu Lele\n|-resisted|p2a: Tapu Lele\n|-damage|p2a: Tapu Lele|0 fnt\n|faint|p2a: Tapu Lele\n|\n|-weather|RainDance|[upkeep]\n|upkeep\n|\n|t:|1699772517\n|switch|p2a: Rotom|Rotom-Mow|100\/100\n|turn|20\n|\n|t:|1699772527\n|move|p1a: Ditto|Psychic|p2a: Rotom\n|-damage|p2a: Rotom|33\/100\n|move|p2a: Rotom|Leaf Storm|p1a: Ditto\n|-damage|p1a: Ditto|1\/100\n|-unboost|p2a: Rotom|spa|2\n|\n|-weather|RainDance|[upkeep]\n|-heal|p2a: Rotom|39\/100|[from] item: Leftovers\n|upkeep\n|turn|21\n|\n|t:|1699772537\n|move|p1a: Ditto|Psychic|p2a: Rotom\n|-damage|p2a: Rotom|0 fnt\n|faint|p2a: Rotom\n|\n|-weather|none\n|upkeep\n|\n|t:|1699772545\n|switch|p2a: Barraskewda|Barraskewda, M, tera:Water|67\/100 par\n|turn|22\n|\n|t:|1699772553\n|move|p1a: Ditto|Psychic|p2a: Barraskewda\n|-damage|p2a: Barraskewda|0 fnt\n|faint|p2a: Barraskewda\n|\n|-fieldend|move: Psychic Terrain\n|upkeep\n|\n|t:|1699772555\n|switch|p2a: Thundurus|Thundurus-Therian, M|100\/100\n|turn|23\n|\n|t:|1699772564\n|switch|p1a: Banette|Banette-Mega, F|100\/100\n|move|p2a: Thundurus|Wildbolt Storm|p1a: Banette\n|-damage|p1a: Banette|39\/100\n|\n|upkeep\n|turn|24\n|\n|t:|1699772572\n|move|p1a: Banette|Destiny Bond|p1a: Banette\n|-singlemove|p1a: Banette|Destiny Bond\n|move|p2a: Thundurus|Hidden Power|p1a: Banette\n|-damage|p1a: Banette|13\/100\n|\n|upkeep\n|turn|25\n|\n|t:|1699772589\n|move|p1a: Banette|Shadow Sneak|p2a: Thundurus\n|-damage|p2a: Thundurus|58\/100\n|move|p2a: Thundurus|Focus Blast|p1a: Banette\n|-immune|p1a: Banette\n|\n|upkeep\n|turn|26\n|inactive|dingf has 120 seconds left.\n|c|\u2606shower035|gg\n|inactive|dingf has 90 seconds left.\n|\n|t:|1699772666\n|move|p1a: Banette|Encore|p2a: Thundurus\n|-start|p2a: Thundurus|Encore\n|move|p2a: Thundurus|Focus Blast|p1a: Banette\n|-immune|p1a: Banette\n|\n|upkeep\n|turn|27\n|c|\u2606shower035|\u56fd\u4eba\u5417\n|inactive|dingf has 60 seconds left.\n|inactive|dingf has 30 seconds left.\n|\n|t:|1699772721\n|move|p1a: Banette|Shadow Sneak|p2a: Thundurus\n|-damage|p2a: Thundurus|18\/100\n|move|p2a: Thundurus|Focus Blast|p1a: Banette\n|-immune|p1a: Banette\n|\n|upkeep\n|turn|28\n|\n|t:|1699772728\n|move|p1a: Banette|Shadow Sneak|p2a: Thundurus\n|-damage|p2a: Thundurus|0 fnt\n|faint|p2a: Thundurus\n|\n|win|shower035\n|raw|shower035's rating: 1367 &rarr; <strong>1391<\/strong><br \/>(+24 for winning)\n|raw|dingf's rating: 1431 &rarr; <strong>1407<\/strong><br \/>(-24 for losing)\n|l|\u2606dingf\n","uploadtime":1699772900,"views":6,"p1id":"shower035","p2id":"dingf","formatid":"gen9nationaldex","rating":1391,"private":0,"password":""}