{"id":"gen9nationaldex-1996269162","p1":"xiaoqing three","p2":"wind233","format":"[Gen 9] National Dex","log":"|html|<div class=\"broadcast-blue\"><strong>[Gen 9] National Dex is currently suspecting Sneasler! For information on how to participate check out the <a href=\"https:\/\/www.smogon.com\/forums\/threads\/sv-national-dex-suspect-8-just-dance.3731534\/\">suspect thread<\/a>.<\/strong><\/div>\n|j|\u2606xiaoqing three\n|j|\u2606wind233\n|t:|1700665914\n|gametype|singles\n|player|p1|xiaoqing three|unknown|1484\n|player|p2|wind233|dawn|1569\n|teamsize|p1|6\n|teamsize|p2|6\n|gen|9\n|tier|[Gen 9] National Dex\n|rated|\n|rule|HP Percentage Mod: HP is shown in percentages\n|rule|Endless Battle Clause: Forcing endless battles is banned\n|rule|OHKO Clause: OHKO moves are banned\n|rule|Evasion Clause: Evasion abilities, items, and moves are banned\n|rule|Evasion Abilities Clause: Evasion abilities are banned\n|rule|Evasion Items Clause: Evasion items are banned\n|rule|Evasion Moves Clause: Evasion moves are banned\n|rule|Species Clause: Limit one of each Pok\u00e9mon\n|rule|Sleep Clause Mod: Limit one foe put to sleep\n|clearpoke\n|poke|p1|Rillaboom, M|\n|poke|p1|Heatran, M|\n|poke|p1|Urshifu-*, F|\n|poke|p1|Slowking-Galar, F|\n|poke|p1|Thundurus-Therian, M|\n|poke|p1|Weezing-Galar, M|\n|poke|p2|Zapdos|\n|poke|p2|Scizor, F|\n|poke|p2|Cinderace, F|\n|poke|p2|Primarina, M|\n|poke|p2|Ogerpon, F|\n|poke|p2|Iron Treads|\n|teampreview\n|\n|t:|1700665927\n|start\n|switch|p1a: Urshifu|Urshifu-Rapid-Strike, F|100\/100\n|switch|p2a: \u53bb\uff0c\u4f60\u9ebb\u75f9|Zapdos|100\/100\n|turn|1\n|\n|t:|1700665937\n|switch|p1a: Thundurus|Thundurus-Therian, M|100\/100\n|move|p2a: \u53bb\uff0c\u4f60\u9ebb\u75f9|U-turn|p1a: Thundurus\n|-resisted|p1a: Thundurus\n|-damage|p1a: Thundurus|91\/100\n|\n|t:|1700665946\n|switch|p2a: \u6447\u6446\u4f4d|Iron Treads|100\/100|[from] U-turn\n|\n|upkeep\n|turn|2\n|\n|t:|1700665963\n|move|p1a: Thundurus|Hidden Power|p2a: \u6447\u6446\u4f4d\n|-damage|p2a: \u6447\u6446\u4f4d|78\/100\n|move|p2a: \u6447\u6446\u4f4d|Ice Spinner|p1a: Thundurus\n|-supereffective|p1a: Thundurus\n|-damage|p1a: Thundurus|8\/100\n|\n|upkeep\n|turn|3\n|\n|t:|1700665972\n|switch|p1a: Urshifu|Urshifu-Rapid-Strike, F|100\/100\n|move|p2a: \u6447\u6446\u4f4d|Volt Switch|p1a: Urshifu\n|-supereffective|p1a: Urshifu\n|-crit|p1a: Urshifu\n|-damage|p1a: Urshifu|51\/100\n|c|\u2606xiaoqing three|\u597d\u8bfb\n|\n|t:|1700665987\n|-end|p2a: \u6447\u6446\u4f4d|Quark Drive|[silent]\n|switch|p2a: \u7ed9\u4f60\u8349\u68d2\u68d2|Ogerpon, F|100\/100|[from] Volt Switch\n|\n|upkeep\n|turn|4\n|\n|t:|1700665999\n|switch|p1a: Rillaboom|Rillaboom, M|100\/100\n|-fieldstart|move: Grassy Terrain|[from] ability: Grassy Surge|[of] p1a: Rillaboom\n|-terastallize|p2a: \u7ed9\u4f60\u8349\u68d2\u68d2|Grass\n|detailschange|p2a: \u7ed9\u4f60\u8349\u68d2\u68d2|Ogerpon-Teal-Tera, F, tera:Grass\n|-ability|p2a: \u7ed9\u4f60\u8349\u68d2\u68d2|Embody Aspect (Teal)|boost\n|-boost|p2a: \u7ed9\u4f60\u8349\u68d2\u68d2|spe|1\n|move|p2a: \u7ed9\u4f60\u8349\u68d2\u68d2|Ivy Cudgel|p1a: Rillaboom\n|-resisted|p1a: Rillaboom\n|-damage|p1a: Rillaboom|52\/100\n|\n|-heal|p1a: Rillaboom|59\/100|[from] Grassy Terrain\n|upkeep\n|turn|5\n|\n|t:|1700666010\n|move|p2a: \u7ed9\u4f60\u8349\u68d2\u68d2|Rock Tomb|p1a: Rillaboom\n|-damage|p1a: Rillaboom|37\/100\n|-unboost|p1a: Rillaboom|spe|1\n|move|p1a: Rillaboom|U-turn|p2a: \u7ed9\u4f60\u8349\u68d2\u68d2\n|-supereffective|p2a: \u7ed9\u4f60\u8349\u68d2\u68d2\n|-damage|p2a: \u7ed9\u4f60\u8349\u68d2\u68d2|0 fnt\n|faint|p2a: \u7ed9\u4f60\u8349\u68d2\u68d2\n|c|\u2606wind233|\u554a\n|\n|t:|1700666026\n|switch|p1a: Urshifu|Urshifu-Rapid-Strike, F|51\/100|[from] U-turn\n|\n|-heal|p1a: Urshifu|57\/100|[from] Grassy Terrain\n|upkeep\n|\n|t:|1700666031\n|switch|p2a: \u53bb\uff0c\u4f60\u9ebb\u75f9|Zapdos|100\/100\n|turn|6\n|\n|t:|1700666047\n|switch|p1a: Thundurus|Thundurus-Therian, M|8\/100\n|move|p2a: \u53bb\uff0c\u4f60\u9ebb\u75f9|Hurricane|p1a: Thundurus\n|-resisted|p1a: Thundurus\n|-damage|p1a: Thundurus|0 fnt\n|faint|p1a: Thundurus\n|\n|upkeep\n|\n|t:|1700666061\n|switch|p1a: Slowking|Slowking-Galar, F|100\/100\n|turn|7\n|\n|t:|1700666070\n|-zpower|p2a: \u53bb\uff0c\u4f60\u9ebb\u75f9\n|move|p2a: \u53bb\uff0c\u4f60\u9ebb\u75f9|Supersonic Skystrike|p1a: Slowking|[zeffect]\n|-damage|p1a: Slowking|31\/100\n|move|p1a: Slowking|Future Sight|p2a: \u53bb\uff0c\u4f60\u9ebb\u75f9\n|-start|p1a: Slowking|move: Future Sight\n|\n|-heal|p1a: Slowking|37\/100|[from] Grassy Terrain\n|upkeep\n|turn|8\n|\n|t:|1700666081\n|switch|p1a: Heatran|Heatran, M|100\/100\n|move|p2a: \u53bb\uff0c\u4f60\u9ebb\u75f9|Hurricane|p1a: Heatran\n|-resisted|p1a: Heatran\n|-damage|p1a: Heatran|83\/100\n|\n|-heal|p1a: Heatran|89\/100|[from] Grassy Terrain\n|-heal|p1a: Heatran|96\/100|[from] item: Leftovers\n|-fieldend|move: Grassy Terrain\n|upkeep\n|turn|9\n|\n|t:|1700666102\n|move|p2a: \u53bb\uff0c\u4f60\u9ebb\u75f9|U-turn|p1a: Heatran\n|-resisted|p1a: Heatran\n|-crit|p1a: Heatran\n|-damage|p1a: Heatran|91\/100\n|\n|t:|1700666108\n|switch|p2a: \u4f60\u5c31\u662f\u6b4c\u59ec\u5427|Primarina, M|100\/100|[from] U-turn\n|move|p1a: Heatran|Magma Storm|p2a: \u4f60\u5c31\u662f\u6b4c\u59ec\u5427\n|-resisted|p2a: \u4f60\u5c31\u662f\u6b4c\u59ec\u5427\n|-damage|p2a: \u4f60\u5c31\u662f\u6b4c\u59ec\u5427|78\/100\n|-activate|p2a: \u4f60\u5c31\u662f\u6b4c\u59ec\u5427|move: Magma Storm|[of] p1a: Heatran\n|\n|-end|p2a: \u4f60\u5c31\u662f\u6b4c\u59ec\u5427|move: Future Sight\n|-damage|p2a: \u4f60\u5c31\u662f\u6b4c\u59ec\u5427|30\/100\n|-heal|p1a: Heatran|98\/100|[from] item: Leftovers\n|-damage|p2a: \u4f60\u5c31\u662f\u6b4c\u59ec\u5427|17\/100|[from] move: Magma Storm|[partiallytrapped]\n|upkeep\n|turn|10\n|\n|t:|1700666122\n|switch|p1a: Rillaboom|Rillaboom, M|37\/100\n|-fieldstart|move: Grassy Terrain|[from] ability: Grassy Surge|[of] p1a: Rillaboom\n|move|p2a: \u4f60\u5c31\u662f\u6b4c\u59ec\u5427|Hyper Voice|p1a: Rillaboom\n|-resisted|p1a: Rillaboom\n|-damage|p1a: Rillaboom|3\/100\n|\n|-heal|p1a: Rillaboom|9\/100|[from] Grassy Terrain\n|-heal|p2a: \u4f60\u5c31\u662f\u6b4c\u59ec\u5427|23\/100|[from] Grassy Terrain\n|-end|p2a: \u4f60\u5c31\u662f\u6b4c\u59ec\u5427|Magma Storm|[partiallytrapped]|[silent]\n|upkeep\n|turn|11\n|\n|t:|1700666135\n|move|p1a: Rillaboom|Grassy Glide|p2a: \u4f60\u5c31\u662f\u6b4c\u59ec\u5427\n|-supereffective|p2a: \u4f60\u5c31\u662f\u6b4c\u59ec\u5427\n|-damage|p2a: \u4f60\u5c31\u662f\u6b4c\u59ec\u5427|0 fnt\n|faint|p2a: \u4f60\u5c31\u662f\u6b4c\u59ec\u5427\n|\n|-heal|p1a: Rillaboom|15\/100|[from] Grassy Terrain\n|upkeep\n|\n|t:|1700666137\n|switch|p2a: \u8001\u903c\u767b\u5403\u6211\u4e00\u62f3|Scizor, F|100\/100\n|turn|12\n|\n|t:|1700666153\n|switch|p1a: Heatran|Heatran, M|98\/100\n|detailschange|p2a: \u8001\u903c\u767b\u5403\u6211\u4e00\u62f3|Scizor-Mega, F\n|-mega|p2a: \u8001\u903c\u767b\u5403\u6211\u4e00\u62f3|Scizor|Scizorite\n|move|p2a: \u8001\u903c\u767b\u5403\u6211\u4e00\u62f3|U-turn|p1a: Heatran\n|-resisted|p1a: Heatran\n|-damage|p1a: Heatran|89\/100\n|\n|t:|1700666158\n|switch|p2a: \u5584\u6f14\u738b\u724c|Cinderace, F|100\/100|[from] U-turn\n|\n|-heal|p1a: Heatran|95\/100|[from] Grassy Terrain\n|-heal|p1a: Heatran|100\/100|[from] item: Leftovers\n|upkeep\n|turn|13\n|\n|t:|1700666163\n|move|p2a: \u5584\u6f14\u738b\u724c|High Jump Kick|p1a: Heatran\n|-start|p2a: \u5584\u6f14\u738b\u724c|typechange|Fighting|[from] ability: Libero\n|-supereffective|p1a: Heatran\n|-damage|p1a: Heatran|0 fnt\n|faint|p1a: Heatran\n|\n|upkeep\n|c|\u2606xiaoqing three|\u7eb3\u5c3c\uff1f\n|\n|t:|1700666185\n|switch|p1a: Weezing|Weezing-Galar, M|100\/100\n|-ability|p1a: Weezing|Neutralizing Gas\n|turn|14\n|\n|t:|1700666189\n|move|p2a: \u5584\u6f14\u738b\u724c|U-turn|p1a: Weezing\n|-resisted|p1a: Weezing\n|-crit|p1a: Weezing\n|-damage|p1a: Weezing|94\/100\n|\n|t:|1700666193\n|switch|p2a: \u6447\u6446\u4f4d|Iron Treads|78\/100|[from] U-turn\n|move|p1a: Weezing|Will-O-Wisp|p2a: \u6447\u6446\u4f4d|[miss]\n|-miss|p1a: Weezing|p2a: \u6447\u6446\u4f4d\n|\n|-heal|p2a: \u6447\u6446\u4f4d|84\/100|[from] Grassy Terrain\n|-heal|p1a: Weezing|100\/100|[from] Grassy Terrain\n|-fieldend|move: Grassy Terrain\n|upkeep\n|turn|15\n|c|\u2606xiaoqing three|\u6f14\u6211\u662f\u5427\uff1f\n|\n|t:|1700666206\n|-terastallize|p1a: Weezing|Ghost\n|move|p2a: \u6447\u6446\u4f4d|Iron Head|p1a: Weezing\n|-damage|p1a: Weezing|77\/100\n|move|p1a: Weezing|Will-O-Wisp|p2a: \u6447\u6446\u4f4d|[miss]\n|-miss|p1a: Weezing|p2a: \u6447\u6446\u4f4d\n|\n|-heal|p1a: Weezing|83\/100|[from] item: Leftovers\n|upkeep\n|turn|16\n|c|\u2606xiaoqing three|...\n|c|\u2606wind233|\u96be\u7ef7\n|\n|t:|1700666221\n|-end|p2a: \u6447\u6446\u4f4d|Quark Drive|[silent]\n|switch|p2a: \u53bb\uff0c\u4f60\u9ebb\u75f9|Zapdos|100\/100\n|move|p1a: Weezing|Toxic Spikes|p2a: \u53bb\uff0c\u4f60\u9ebb\u75f9\n|-sidestart|p2: wind233|move: Toxic Spikes\n|\n|-heal|p1a: Weezing|89\/100|[from] item: Leftovers\n|upkeep\n|turn|17\n|\n|t:|1700666233\n|move|p2a: \u53bb\uff0c\u4f60\u9ebb\u75f9|Hurricane|p1a: Weezing|[miss]\n|-miss|p2a: \u53bb\uff0c\u4f60\u9ebb\u75f9|p1a: Weezing\n|move|p1a: Weezing|Strange Steam|p2a: \u53bb\uff0c\u4f60\u9ebb\u75f9\n|-damage|p2a: \u53bb\uff0c\u4f60\u9ebb\u75f9|75\/100\n|-start|p2a: \u53bb\uff0c\u4f60\u9ebb\u75f9|confusion\n|\n|-heal|p1a: Weezing|95\/100|[from] item: Leftovers\n|upkeep\n|turn|18\n|\n|t:|1700666239\n|-activate|p2a: \u53bb\uff0c\u4f60\u9ebb\u75f9|confusion\n|-damage|p2a: \u53bb\uff0c\u4f60\u9ebb\u75f9|67\/100|[from] confusion\n|move|p1a: Weezing|Toxic Spikes|p2a: \u53bb\uff0c\u4f60\u9ebb\u75f9\n|-sidestart|p2: wind233|move: Toxic Spikes\n|\n|-heal|p1a: Weezing|100\/100|[from] item: Leftovers\n|upkeep\n|turn|19\n|c|\u2606xiaoqing three|\u5f00\u59cb\u4e92\u6f14\n|\n|t:|1700666251\n|-end|p1a: Weezing|ability: Neutralizing Gas\n|switch|p1a: Slowking|Slowking-Galar, F|70\/100\n|-activate|p2a: \u53bb\uff0c\u4f60\u9ebb\u75f9|confusion\n|move|p2a: \u53bb\uff0c\u4f60\u9ebb\u75f9|Hurricane|p1a: Slowking|[miss]\n|-miss|p2a: \u53bb\uff0c\u4f60\u9ebb\u75f9|p1a: Slowking\n|\n|upkeep\n|turn|20\n|\n|t:|1700666258\n|-activate|p2a: \u53bb\uff0c\u4f60\u9ebb\u75f9|confusion\n|-damage|p2a: \u53bb\uff0c\u4f60\u9ebb\u75f9|60\/100|[from] confusion\n|move|p1a: Slowking|Future Sight|p2a: \u53bb\uff0c\u4f60\u9ebb\u75f9\n|-start|p1a: Slowking|move: Future Sight\n|\n|upkeep\n|turn|21\n|\n|t:|1700666273\n|-end|p2a: \u53bb\uff0c\u4f60\u9ebb\u75f9|confusion\n|move|p2a: \u53bb\uff0c\u4f60\u9ebb\u75f9|U-turn|p1a: Slowking\n|-damage|p1a: Slowking|59\/100\n|c|\u2606wind233|\u79bb\u8c31\n|\n|t:|1700666283\n|switch|p2a: \u6447\u6446\u4f4d|Iron Treads|84\/100|[from] U-turn\n|move|p1a: Slowking|Thunder Wave|p2a: \u6447\u6446\u4f4d\n|-immune|p2a: \u6447\u6446\u4f4d\n|\n|upkeep\n|turn|22\n|\n|t:|1700666297\n|switch|p1a: Weezing|Weezing-Galar, M, tera:Ghost|100\/100\n|-ability|p1a: Weezing|Neutralizing Gas\n|move|p2a: \u6447\u6446\u4f4d|Volt Switch|p1a: Weezing\n|-damage|p1a: Weezing|86\/100\n|\n|t:|1700666305\n|-end|p2a: \u6447\u6446\u4f4d|Quark Drive|[silent]\n|switch|p2a: \u5584\u6f14\u738b\u724c|Cinderace, F|100\/100|[from] Volt Switch\n|\n|-end|p2a: \u5584\u6f14\u738b\u724c|move: Future Sight\n|-damage|p2a: \u5584\u6f14\u738b\u724c|33\/100\n|-heal|p1a: Weezing|92\/100|[from] item: Leftovers\n|upkeep\n|turn|23\n|\n|t:|1700666325\n|move|p2a: \u5584\u6f14\u738b\u724c|Pyro Ball|p1a: Weezing|[miss]\n|-miss|p2a: \u5584\u6f14\u738b\u724c|p1a: Weezing\n|move|p1a: Weezing|Will-O-Wisp|p2a: \u5584\u6f14\u738b\u724c\n|-immune|p2a: \u5584\u6f14\u738b\u724c\n|\n|-heal|p1a: Weezing|98\/100|[from] item: Leftovers\n|upkeep\n|turn|24\n|c|\u2606xiaoqing three|\u4f60\u6562\u6362\u573a\uff0c\u6211\u5c31\u6562\u70e7\u4f60\n|\n|t:|1700666350\n|move|p2a: \u5584\u6f14\u738b\u724c|Pyro Ball|p1a: Weezing\n|-damage|p1a: Weezing|62\/100\n|move|p1a: Weezing|Strange Steam|p2a: \u5584\u6f14\u738b\u724c\n|-resisted|p2a: \u5584\u6f14\u738b\u724c\n|-damage|p2a: \u5584\u6f14\u738b\u724c|12\/100\n|\n|-heal|p1a: Weezing|68\/100|[from] item: Leftovers\n|upkeep\n|turn|25\n|c|\u2606wind233|\u5f00\u73a9\u7b11\uff0c\u5168\u90e8\u539a\u5e95\u9774\u597d\u5427\n|\n|t:|1700666362\n|move|p2a: \u5584\u6f14\u738b\u724c|Pyro Ball|p1a: Weezing\n|-damage|p1a: Weezing|28\/100\n|move|p1a: Weezing|Strange Steam|p2a: \u5584\u6f14\u738b\u724c\n|-resisted|p2a: \u5584\u6f14\u738b\u724c\n|-damage|p2a: \u5584\u6f14\u738b\u724c|0 fnt\n|faint|p2a: \u5584\u6f14\u738b\u724c\n|\n|-heal|p1a: Weezing|34\/100|[from] item: Leftovers\n|upkeep\n|\n|t:|1700666371\n|switch|p2a: \u53bb\uff0c\u4f60\u9ebb\u75f9|Zapdos|60\/100\n|turn|26\n|\n|t:|1700666384\n|move|p2a: \u53bb\uff0c\u4f60\u9ebb\u75f9|Hurricane|p1a: Weezing|[miss]\n|-miss|p2a: \u53bb\uff0c\u4f60\u9ebb\u75f9|p1a: Weezing\n|move|p1a: Weezing|Will-O-Wisp|p2a: \u53bb\uff0c\u4f60\u9ebb\u75f9\n|-status|p2a: \u53bb\uff0c\u4f60\u9ebb\u75f9|brn\n|\n|-heal|p1a: Weezing|40\/100|[from] item: Leftovers\n|-damage|p2a: \u53bb\uff0c\u4f60\u9ebb\u75f9|54\/100 brn|[from] brn\n|upkeep\n|turn|27\n|\n|t:|1700666391\n|-end|p1a: Weezing|ability: Neutralizing Gas\n|switch|p1a: Slowking|Slowking-Galar, F|93\/100\n|move|p2a: \u53bb\uff0c\u4f60\u9ebb\u75f9|Hurricane|p1a: Slowking|[miss]\n|-miss|p2a: \u53bb\uff0c\u4f60\u9ebb\u75f9|p1a: Slowking\n|\n|-damage|p2a: \u53bb\uff0c\u4f60\u9ebb\u75f9|47\/100 brn|[from] brn\n|upkeep\n|turn|28\n|c|\u2606xiaoqing three|\u8fd9\u79cd\u95ea\u7535\u9e1f\u771f\u6ca1\u5fc5\u8981\u8981\n|\n|t:|1700666404\n|move|p2a: \u53bb\uff0c\u4f60\u9ebb\u75f9|Roost|p2a: \u53bb\uff0c\u4f60\u9ebb\u75f9\n|-heal|p2a: \u53bb\uff0c\u4f60\u9ebb\u75f9|98\/100 brn\n|-singleturn|p2a: \u53bb\uff0c\u4f60\u9ebb\u75f9|move: Roost\n|move|p1a: Slowking|Future Sight|p2a: \u53bb\uff0c\u4f60\u9ebb\u75f9\n|-start|p1a: Slowking|move: Future Sight\n|\n|-damage|p2a: \u53bb\uff0c\u4f60\u9ebb\u75f9|92\/100 brn|[from] brn\n|upkeep\n|turn|29\n|c|\u2606wind233|\u8c22\u8c22\uff0c\u5df2\u7ecf\u60f3\u653e\u751f\u4e86\n|\n|t:|1700666417\n|move|p2a: \u53bb\uff0c\u4f60\u9ebb\u75f9|U-turn|p1a: Slowking\n|-damage|p1a: Slowking|88\/100\n|\n|t:|1700666420\n|switch|p2a: \u8001\u903c\u767b\u5403\u6211\u4e00\u62f3|Scizor-Mega, F|100\/100|[from] U-turn\n|move|p1a: Slowking|Sludge Bomb|p2a: \u8001\u903c\u767b\u5403\u6211\u4e00\u62f3\n|-immune|p2a: \u8001\u903c\u767b\u5403\u6211\u4e00\u62f3\n|\n|upkeep\n|turn|30\n|\n|t:|1700666428\n|move|p2a: \u8001\u903c\u767b\u5403\u6211\u4e00\u62f3|Dual Wingbeat|p1a: Slowking\n|-damage|p1a: Slowking|69\/100\n|-crit|p1a: Slowking\n|-damage|p1a: Slowking|40\/100\n|-hitcount|p1a: Slowking|2\n|move|p1a: Slowking|Thunder Wave|p2a: \u8001\u903c\u767b\u5403\u6211\u4e00\u62f3\n|-status|p2a: \u8001\u903c\u767b\u5403\u6211\u4e00\u62f3|par\n|\n|-end|p2a: \u8001\u903c\u767b\u5403\u6211\u4e00\u62f3|move: Future Sight\n|-resisted|p2a: \u8001\u903c\u767b\u5403\u6211\u4e00\u62f3\n|-damage|p2a: \u8001\u903c\u767b\u5403\u6211\u4e00\u62f3|79\/100 par\n|upkeep\n|turn|31\n|\n|t:|1700666436\n|switch|p1a: Weezing|Weezing-Galar, M, tera:Ghost|40\/100\n|-ability|p1a: Weezing|Neutralizing Gas\n|cant|p2a: \u8001\u903c\u767b\u5403\u6211\u4e00\u62f3|par\n|\n|-heal|p1a: Weezing|46\/100|[from] item: Leftovers\n|upkeep\n|turn|32\n|\n|t:|1700666444\n|move|p1a: Weezing|Strange Steam|p2a: \u8001\u903c\u767b\u5403\u6211\u4e00\u62f3\n|-resisted|p2a: \u8001\u903c\u767b\u5403\u6211\u4e00\u62f3\n|-damage|p2a: \u8001\u903c\u767b\u5403\u6211\u4e00\u62f3|65\/100 par\n|-start|p2a: \u8001\u903c\u767b\u5403\u6211\u4e00\u62f3|confusion\n|-activate|p2a: \u8001\u903c\u767b\u5403\u6211\u4e00\u62f3|confusion\n|cant|p2a: \u8001\u903c\u767b\u5403\u6211\u4e00\u62f3|par\n|\n|-heal|p1a: Weezing|52\/100|[from] item: Leftovers\n|upkeep\n|turn|33\n|c|\u2606wind233|\u8fd9\u628a\u6e38\u620f\u600e\u4e48\u8fd9\u4e48\u79bb\u8c31\uff1f\n|c|\u2606xiaoqing three|\u74e6\u65af\u6211\u7231\u4f60\uff01\n|\n|t:|1700666471\n|move|p1a: Weezing|Strange Steam|p2a: \u8001\u903c\u767b\u5403\u6211\u4e00\u62f3\n|-resisted|p2a: \u8001\u903c\u767b\u5403\u6211\u4e00\u62f3\n|-damage|p2a: \u8001\u903c\u767b\u5403\u6211\u4e00\u62f3|52\/100 par\n|-activate|p2a: \u8001\u903c\u767b\u5403\u6211\u4e00\u62f3|confusion\n|move|p2a: \u8001\u903c\u767b\u5403\u6211\u4e00\u62f3|Dual Wingbeat|p1a: Weezing\n|-damage|p1a: Weezing|39\/100\n|-damage|p1a: Weezing|29\/100\n|-hitcount|p1a: Weezing|2\n|\n|-heal|p1a: Weezing|35\/100|[from] item: Leftovers\n|upkeep\n|turn|34\n|\n|t:|1700666488\n|move|p1a: Weezing|Strange Steam|p2a: \u8001\u903c\u767b\u5403\u6211\u4e00\u62f3\n|-resisted|p2a: \u8001\u903c\u767b\u5403\u6211\u4e00\u62f3\n|-damage|p2a: \u8001\u903c\u767b\u5403\u6211\u4e00\u62f3|38\/100 par\n|-activate|p2a: \u8001\u903c\u767b\u5403\u6211\u4e00\u62f3|confusion\n|cant|p2a: \u8001\u903c\u767b\u5403\u6211\u4e00\u62f3|par\n|\n|-heal|p1a: Weezing|41\/100|[from] item: Leftovers\n|upkeep\n|turn|35\n|\n|t:|1700666495\n|-end|p1a: Weezing|ability: Neutralizing Gas\n|switch|p1a: Slowking|Slowking-Galar, F|74\/100\n|-end|p2a: \u8001\u903c\u767b\u5403\u6211\u4e00\u62f3|confusion\n|move|p2a: \u8001\u903c\u767b\u5403\u6211\u4e00\u62f3|Roost|p2a: \u8001\u903c\u767b\u5403\u6211\u4e00\u62f3\n|-heal|p2a: \u8001\u903c\u767b\u5403\u6211\u4e00\u62f3|88\/100 par\n|-singleturn|p2a: \u8001\u903c\u767b\u5403\u6211\u4e00\u62f3|move: Roost\n|\n|upkeep\n|turn|36\n|\n|t:|1700666503\n|move|p2a: \u8001\u903c\u767b\u5403\u6211\u4e00\u62f3|Dual Wingbeat|p1a: Slowking\n|-damage|p1a: Slowking|53\/100\n|-damage|p1a: Slowking|30\/100\n|-hitcount|p1a: Slowking|2\n|move|p1a: Slowking|Future Sight|p2a: \u8001\u903c\u767b\u5403\u6211\u4e00\u62f3\n|-start|p1a: Slowking|move: Future Sight\n|\n|upkeep\n|turn|37\n|\n|t:|1700666517\n|cant|p2a: \u8001\u903c\u767b\u5403\u6211\u4e00\u62f3|par\n|move|p1a: Slowking|Chilly Reception|p1a: Slowking\n|-weather|Snow\n|c|\u2606wind233|aaaa\n|\n|t:|1700666524\n|switch|p1a: Urshifu|Urshifu-Rapid-Strike, F|57\/100|[from] Chilly Reception\n|\n|-weather|Snow|[upkeep]\n|upkeep\n|turn|38\n|c|\u2606wind233|\u6c38\u8fdc\u5728\u5173\u952e\u7684\u65f6\u5019\u9ebb\u75f9\n|\n|t:|1700666542\n|switch|p2a: \u53bb\uff0c\u4f60\u9ebb\u75f9|Zapdos|92\/100 brn\n|move|p1a: Urshifu|Surging Strikes|p2a: \u53bb\uff0c\u4f60\u9ebb\u75f9\n|-crit|p2a: \u53bb\uff0c\u4f60\u9ebb\u75f9\n|-damage|p2a: \u53bb\uff0c\u4f60\u9ebb\u75f9|63\/100 brn\n|-crit|p2a: \u53bb\uff0c\u4f60\u9ebb\u75f9\n|-damage|p2a: \u53bb\uff0c\u4f60\u9ebb\u75f9|34\/100 brn\n|-crit|p2a: \u53bb\uff0c\u4f60\u9ebb\u75f9\n|-damage|p2a: \u53bb\uff0c\u4f60\u9ebb\u75f9|3\/100 brn\n|-status|p1a: Urshifu|par|[from] ability: Static|[of] p2a: \u53bb\uff0c\u4f60\u9ebb\u75f9\n|-hitcount|p2a: \u53bb\uff0c\u4f60\u9ebb\u75f9|3\n|\n|-weather|Snow|[upkeep]\n|-end|p2a: \u53bb\uff0c\u4f60\u9ebb\u75f9|move: Future Sight\n|-damage|p2a: \u53bb\uff0c\u4f60\u9ebb\u75f9|0 fnt\n|faint|p2a: \u53bb\uff0c\u4f60\u9ebb\u75f9\n|upkeep\n|c|\u2606xiaoqing three|\u8fd9\u8fb9\u771f\u7684\u5efa\u8bae\u653e\u751f\n|\n|t:|1700666548\n|switch|p2a: \u6447\u6446\u4f4d|Iron Treads|84\/100\n|turn|39\n|\n|t:|1700666559\n|switch|p1a: Rillaboom|Rillaboom, M|15\/100\n|-fieldstart|move: Grassy Terrain|[from] ability: Grassy Surge|[of] p1a: Rillaboom\n|move|p2a: \u6447\u6446\u4f4d|Iron Head|p1a: Rillaboom\n|-damage|p1a: Rillaboom|0 fnt\n|faint|p1a: Rillaboom\n|\n|-weather|Snow|[upkeep]\n|-heal|p2a: \u6447\u6446\u4f4d|91\/100|[from] Grassy Terrain\n|upkeep\n|\n|t:|1700666567\n|switch|p1a: Urshifu|Urshifu-Rapid-Strike, F|57\/100 par\n|turn|40\n|\n|t:|1700666576\n|move|p2a: \u6447\u6446\u4f4d|Volt Switch|p1a: Urshifu\n|-supereffective|p1a: Urshifu\n|-damage|p1a: Urshifu|23\/100 par\n|\n|t:|1700666579\n|-end|p2a: \u6447\u6446\u4f4d|Quark Drive|[silent]\n|switch|p2a: \u8001\u903c\u767b\u5403\u6211\u4e00\u62f3|Scizor-Mega, F|88\/100 par|[from] Volt Switch\n|move|p1a: Urshifu|Surging Strikes|p2a: \u8001\u903c\u767b\u5403\u6211\u4e00\u62f3\n|-crit|p2a: \u8001\u903c\u767b\u5403\u6211\u4e00\u62f3\n|-damage|p2a: \u8001\u903c\u767b\u5403\u6211\u4e00\u62f3|66\/100 par\n|-crit|p2a: \u8001\u903c\u767b\u5403\u6211\u4e00\u62f3\n|-damage|p2a: \u8001\u903c\u767b\u5403\u6211\u4e00\u62f3|43\/100 par\n|-crit|p2a: \u8001\u903c\u767b\u5403\u6211\u4e00\u62f3\n|-damage|p2a: \u8001\u903c\u767b\u5403\u6211\u4e00\u62f3|21\/100 par\n|-hitcount|p2a: \u8001\u903c\u767b\u5403\u6211\u4e00\u62f3|3\n|\n|-weather|Snow|[upkeep]\n|-heal|p1a: Urshifu|29\/100 par|[from] Grassy Terrain\n|-heal|p2a: \u8001\u903c\u767b\u5403\u6211\u4e00\u62f3|27\/100 par|[from] Grassy Terrain\n|upkeep\n|turn|41\n|\n|t:|1700666585\n|cant|p2a: \u8001\u903c\u767b\u5403\u6211\u4e00\u62f3|par\n|move|p1a: Urshifu|Surging Strikes|p2a: \u8001\u903c\u767b\u5403\u6211\u4e00\u62f3\n|-crit|p2a: \u8001\u903c\u767b\u5403\u6211\u4e00\u62f3\n|-damage|p2a: \u8001\u903c\u767b\u5403\u6211\u4e00\u62f3|7\/100 par\n|-crit|p2a: \u8001\u903c\u767b\u5403\u6211\u4e00\u62f3\n|-damage|p2a: \u8001\u903c\u767b\u5403\u6211\u4e00\u62f3|0 fnt\n|faint|p2a: \u8001\u903c\u767b\u5403\u6211\u4e00\u62f3\n|-hitcount|p2: \u8001\u903c\u767b\u5403\u6211\u4e00\u62f3|2\n|\n|-weather|none\n|-heal|p1a: Urshifu|35\/100 par|[from] Grassy Terrain\n|upkeep\n|\n|t:|1700666587\n|switch|p2a: \u6447\u6446\u4f4d|Iron Treads|91\/100\n|turn|42\n|\n|t:|1700666599\n|switch|p1a: Slowking|Slowking-Galar, F|64\/100\n|move|p2a: \u6447\u6446\u4f4d|Volt Switch|p1a: Slowking\n|-damage|p1a: Slowking|56\/100\n|\n|-heal|p2a: \u6447\u6446\u4f4d|97\/100|[from] Grassy Terrain\n|-heal|p1a: Slowking|62\/100|[from] Grassy Terrain\n|upkeep\n|turn|43\n|\n|t:|1700666607\n|move|p2a: \u6447\u6446\u4f4d|Iron Head|p1a: Slowking\n|-crit|p1a: Slowking\n|-damage|p1a: Slowking|15\/100\n|move|p1a: Slowking|Future Sight|p2a: \u6447\u6446\u4f4d\n|-start|p1a: Slowking|move: Future Sight\n|\n|-heal|p2a: \u6447\u6446\u4f4d|100\/100|[from] Grassy Terrain\n|-heal|p1a: Slowking|21\/100|[from] Grassy Terrain\n|-fieldend|move: Grassy Terrain\n|upkeep\n|turn|44\n|\n|t:|1700666614\n|switch|p1a: Weezing|Weezing-Galar, M, tera:Ghost|41\/100\n|-ability|p1a: Weezing|Neutralizing Gas\n|move|p2a: \u6447\u6446\u4f4d|Iron Head|p1a: Weezing\n|-damage|p1a: Weezing|16\/100\n|\n|-heal|p1a: Weezing|22\/100|[from] item: Leftovers\n|upkeep\n|turn|45\n|\n|t:|1700666624\n|-end|p1a: Weezing|ability: Neutralizing Gas\n|switch|p1a: Slowking|Slowking-Galar, F|54\/100\n|move|p2a: \u6447\u6446\u4f4d|Iron Head|p1a: Slowking\n|-damage|p1a: Slowking|25\/100\n|\n|-end|p2a: \u6447\u6446\u4f4d|move: Future Sight\n|-resisted|p2a: \u6447\u6446\u4f4d\n|-damage|p2a: \u6447\u6446\u4f4d|79\/100\n|upkeep\n|turn|46\n|\n|t:|1700666633\n|switch|p1a: Weezing|Weezing-Galar, M, tera:Ghost|22\/100\n|-ability|p1a: Weezing|Neutralizing Gas\n|move|p2a: \u6447\u6446\u4f4d|Iron Head|p1a: Weezing\n|-damage|p1a: Weezing|0 fnt\n|faint|p1a: Weezing\n|-end|p1a: Weezing|ability: Neutralizing Gas\n|\n|upkeep\n|\n|t:|1700666636\n|switch|p1a: Slowking|Slowking-Galar, F|58\/100\n|turn|47\n|\n|t:|1700666640\n|move|p2a: \u6447\u6446\u4f4d|Earthquake|p1a: Slowking\n|-supereffective|p1a: Slowking\n|-damage|p1a: Slowking|0 fnt\n|faint|p1a: Slowking\n|\n|upkeep\n|c|\u2606xiaoqing three|\u5b8c\u86cb\u4e86\n|\n|t:|1700666648\n|switch|p1a: Urshifu|Urshifu-Rapid-Strike, F|35\/100 par\n|turn|48\n|\n|t:|1700666660\n|move|p1a: Urshifu|Aqua Jet|p2a: \u6447\u6446\u4f4d\n|-supereffective|p2a: \u6447\u6446\u4f4d\n|-crit|p2a: \u6447\u6446\u4f4d\n|-damage|p2a: \u6447\u6446\u4f4d|0 fnt\n|faint|p2a: \u6447\u6446\u4f4d\n|-end|p2a: \u6447\u6446\u4f4d|Quark Drive|[silent]\n|\n|win|xiaoqing three\n|raw|xiaoqing three's rating: 1484 &rarr; <strong>1509<\/strong><br \/>(+25 for winning)\n|raw|wind233's rating: 1569 &rarr; <strong>1544<\/strong><br \/>(-25 for losing)\n|c|\u2606wind233|\u3002\u3002\u3002\n|c|\u2606wind233|\u6211\u9760\uff0c\u8981\u4e0d\u8981\u8fd9\u4e48\u79bb\u8c31\uff1f\n|c|\u2606xiaoqing three|\u6c34\u718a\u6211\u7231\u4f60\uff01\uff01\uff01\uff01\uff01\n|c|\u2606wind233|\u5509\n|c|\u2606xiaoqing three|\u6700\u6709\u7f81\u7eca\u7684\u4e00\u96c6\n|c|\u2606wind233|\u6da6\u4e86\n|c|\u2606wind233|\u5c31\u79bb\u8c31\n|l|\u2606wind233\n","uploadtime":1700666691,"views":13,"p1id":"xiaoqingthree","p2id":"wind233","formatid":"gen9nationaldex","rating":1509,"private":0,"password":""}