{"id":"gen9nationaldex-1994859557","p1":"KijowDlaPolski","p2":"PSPRadii","format":"[Gen 9] National Dex","log":"|html|<div class=\"broadcast-blue\"><strong>[Gen 9] National Dex is currently suspecting Sneasler! For information on how to participate check out the <a href=\"https:\/\/www.smogon.com\/forums\/threads\/sv-national-dex-suspect-8-just-dance.3731534\/\">suspect thread<\/a>.<\/strong><\/div>\n|j|\u2606KijowDlaPolski\n|j|\u2606PSPRadii\n|t:|1700499338\n|gametype|singles\n|player|p1|KijowDlaPolski|thorton|\n|player|p2|PSPRadii|rancher|\n|teamsize|p1|6\n|teamsize|p2|6\n|gen|9\n|tier|[Gen 9] National Dex\n|rule|HP Percentage Mod: HP is shown in percentages\n|rule|Endless Battle Clause: Forcing endless battles is banned\n|rule|OHKO Clause: OHKO moves are banned\n|rule|Evasion Clause: Evasion abilities, items, and moves are banned\n|rule|Evasion Abilities Clause: Evasion abilities are banned\n|rule|Evasion Items Clause: Evasion items are banned\n|rule|Evasion Moves Clause: Evasion moves are banned\n|rule|Species Clause: Limit one of each Pok\u00e9mon\n|rule|Sleep Clause Mod: Limit one foe put to sleep\n|clearpoke\n|poke|p1|Cryogonal|\n|poke|p1|Bellibolt, M|\n|poke|p1|Wyrdeer, M|\n|poke|p1|Gliscor, M|\n|poke|p1|Ariados, M|\n|poke|p1|Camerupt, M|\n|poke|p2|Iron Valiant|\n|poke|p2|Salazzle, F|\n|poke|p2|Regidrago|\n|poke|p2|Cresselia, F|\n|poke|p2|Togetic, M|\n|poke|p2|Rotom-Frost|\n|teampreview\n|\n|t:|1700499368\n|start\n|switch|p1a: HuiU JuJU|Gliscor, M, shiny|100\/100\n|switch|p2a: Cresselia|Cresselia, F|100\/100\n|turn|1\n|\n|t:|1700499376\n|move|p1a: HuiU JuJU|Fling|p2a: Cresselia\n|-supereffective|p2a: Cresselia\n|-damage|p2a: Cresselia|86\/100\n|-status|p2a: Cresselia|tox\n|-enditem|p1a: HuiU JuJU|Toxic Orb|[from] move: Fling\n|move|p2a: Cresselia|Reflect|p2a: Cresselia\n|-sidestart|p2: PSPRadii|Reflect\n|\n|-damage|p2a: Cresselia|80\/100 tox|[from] psn\n|upkeep\n|turn|2\n|\n|t:|1700499387\n|move|p1a: HuiU JuJU|Acrobatics|p2a: Cresselia\n|-damage|p2a: Cresselia|63\/100 tox\n|move|p2a: Cresselia|Light Screen|p2a: Cresselia\n|-sidestart|p2: PSPRadii|move: Light Screen\n|\n|-damage|p2a: Cresselia|51\/100 tox|[from] psn\n|upkeep\n|turn|3\n|\n|t:|1700499404\n|switch|p1a: \u0141enife\u0142|Wyrdeer, M, shiny|100\/100\n|-ability|p1a: \u0141enife\u0142|Intimidate|boost\n|-unboost|p2a: Cresselia|atk|1\n|switch|p2a: Rotom|Rotom-Frost|100\/100\n|\n|upkeep\n|turn|4\n|\n|t:|1700499425\n|move|p2a: Rotom|Nasty Plot|p2a: Rotom\n|-boost|p2a: Rotom|spa|2\n|move|p1a: \u0141enife\u0142|Facade|p2a: Rotom\n|-damage|p2a: Rotom|76\/100\n|\n|upkeep\n|turn|5\n|\n|t:|1700499433\n|switch|p1a: MarkNewMeta|Cryogonal, shiny|100\/100\n|move|p2a: Rotom|Blizzard|p1a: MarkNewMeta\n|-resisted|p1a: MarkNewMeta\n|-damage|p1a: MarkNewMeta|61\/100\n|\n|upkeep\n|turn|6\n|\n|t:|1700499440\n|move|p1a: MarkNewMeta|Haze|p1a: MarkNewMeta\n|-clearallboost\n|move|p2a: Rotom|Blizzard|p1a: MarkNewMeta\n|-resisted|p1a: MarkNewMeta\n|-damage|p1a: MarkNewMeta|40\/100\n|\n|upkeep\n|turn|7\n|\n|t:|1700499447\n|move|p1a: MarkNewMeta|Flash Cannon|p2a: Rotom\n|-damage|p2a: Rotom|59\/100\n|move|p2a: Rotom|Nasty Plot|p2a: Rotom\n|-boost|p2a: Rotom|spa|2\n|\n|upkeep\n|turn|8\n|\n|t:|1700499452\n|move|p1a: MarkNewMeta|Haze|p1a: MarkNewMeta\n|-clearallboost\n|move|p2a: Rotom|Thunderbolt|p1a: MarkNewMeta\n|-damage|p1a: MarkNewMeta|7\/100\n|\n|-sideend|p2: PSPRadii|Reflect\n|upkeep\n|turn|9\n|\n|t:|1700499498\n|move|p1a: MarkNewMeta|Flash Cannon|p2a: Rotom\n|-damage|p2a: Rotom|44\/100\n|move|p2a: Rotom|Thunderbolt|p1a: MarkNewMeta\n|-damage|p1a: MarkNewMeta|0 fnt\n|faint|p1a: MarkNewMeta\n|\n|-sideend|p2: PSPRadii|move: Light Screen\n|upkeep\n|\n|t:|1700499515\n|switch|p1a: BYQUUUUUU|Camerupt, M, shiny|100\/100\n|turn|10\n|\n|t:|1700499536\n|detailschange|p1a: BYQUUUUUU|Camerupt-Mega, M, shiny\n|-mega|p1a: BYQUUUUUU|Camerupt|Cameruptite\n|move|p2a: Rotom|Blizzard|p1a: BYQUUUUUU\n|-damage|p1a: BYQUUUUUU|56\/100\n|move|p1a: BYQUUUUUU|Earth Power|p2a: Rotom\n|-immune|p2a: Rotom|[from] ability: Levitate\n|\n|upkeep\n|turn|11\n|\n|t:|1700499551\n|move|p2a: Rotom|Blizzard|p1a: BYQUUUUUU\n|-damage|p1a: BYQUUUUUU|12\/100\n|move|p1a: BYQUUUUUU|Flamethrower|p2a: Rotom\n|-supereffective|p2a: Rotom\n|-damage|p2a: Rotom|0 fnt\n|faint|p2a: Rotom\n|\n|upkeep\n|\n|t:|1700499562\n|switch|p2a: Iron Valiant|Iron Valiant|100\/100\n|turn|12\n|\n|t:|1700499576\n|move|p2a: Iron Valiant|Spirit Break|p1a: BYQUUUUUU\n|-resisted|p1a: BYQUUUUUU\n|-damage|p1a: BYQUUUUUU|0 fnt\n|faint|p1a: BYQUUUUUU\n|-damage|p2a: Iron Valiant|91\/100|[from] item: Life Orb\n|\n|upkeep\n|\n|t:|1700499598\n|switch|p1a: PUJONK|Ariados, M, shiny|100\/100\n|turn|13\n|\n|t:|1700499618\n|move|p2a: Iron Valiant|Zen Headbutt|p1a: PUJONK\n|-supereffective|p1a: PUJONK\n|-crit|p1a: PUJONK\n|-enditem|p1a: PUJONK|Focus Sash\n|-damage|p1a: PUJONK|1\/100\n|-damage|p2a: Iron Valiant|81\/100|[from] item: Life Orb\n|move|p1a: PUJONK|Toxic Thread|p2a: Iron Valiant\n|-unboost|p2a: Iron Valiant|spe|1\n|-status|p2a: Iron Valiant|psn\n|\n|-damage|p2a: Iron Valiant|69\/100 psn|[from] psn\n|upkeep\n|turn|14\n|\n|t:|1700499631\n|-end|p2a: Iron Valiant|Quark Drive|[silent]\n|switch|p2a: Cresselia|Cresselia, F|51\/100 tox\n|move|p1a: PUJONK|Sucker Punch||[still]\n|-fail|p1a: PUJONK\n|\n|-damage|p2a: Cresselia|45\/100 tox|[from] psn\n|upkeep\n|turn|15\n|c|\u2606PSPRadii|co to kurwa jest\n|\n|t:|1700499641\n|move|p2a: Cresselia|Reflect|p2a: Cresselia\n|-sidestart|p2: PSPRadii|Reflect\n|move|p1a: PUJONK|Leech Life|p2a: Cresselia\n|-supereffective|p2a: Cresselia\n|-damage|p2a: Cresselia|7\/100 tox\n|-heal|p1a: PUJONK|25\/100|[from] drain|[of] p2a: Cresselia\n|\n|-damage|p2a: Cresselia|0 fnt|[from] psn\n|faint|p2a: Cresselia\n|upkeep\n|\n|t:|1700499652\n|switch|p2a: Salazzle|Salazzle, F|100\/100\n|turn|16\n|\n|t:|1700499657\n|move|p1a: PUJONK|Sucker Punch|p2a: Salazzle\n|-damage|p2a: Salazzle|82\/100\n|move|p2a: Salazzle|Fire Blast|p1a: PUJONK|[miss]\n|-miss|p2a: Salazzle|p1a: PUJONK\n|\n|upkeep\n|turn|17\n|\n|t:|1700499667\n|move|p1a: PUJONK|Sucker Punch|p2a: Salazzle\n|-damage|p2a: Salazzle|62\/100\n|move|p2a: Salazzle|Fire Blast|p1a: PUJONK\n|-supereffective|p1a: PUJONK\n|-damage|p1a: PUJONK|0 fnt\n|faint|p1a: PUJONK\n|\n|upkeep\n|\n|t:|1700499693\n|switch|p1a: HuiU JuJU|Gliscor, M, shiny|100\/100\n|turn|18\n|\n|t:|1700499696\n|move|p2a: Salazzle|Fire Blast|p1a: HuiU JuJU\n|-damage|p1a: HuiU JuJU|0 fnt\n|faint|p1a: HuiU JuJU\n|\n|upkeep\n|\n|t:|1700499700\n|switch|p1a: V3nusaur <3|Bellibolt, M, shiny|100\/100\n|turn|19\n|\n|t:|1700499704\n|move|p2a: Salazzle|Fire Blast|p1a: V3nusaur <3|[miss]\n|-miss|p2a: Salazzle|p1a: V3nusaur <3\n|move|p1a: V3nusaur <3|Rain Dance|p1a: V3nusaur <3\n|-weather|RainDance\n|\n|-weather|RainDance|[upkeep]\n|upkeep\n|turn|20\n|c|\u2606KijowDlaPolski|kurwa\n|c|\u2606KijowDlaPolski|zapomnia\u0142em o orbie XD\n|\n|t:|1700499724\n|switch|p2a: Regidrago|Regidrago|100\/100\n|move|p1a: V3nusaur <3|Weather Ball|p2a: Regidrago\n|-resisted|p2a: Regidrago\n|-damage|p2a: Regidrago|76\/100\n|\n|-weather|RainDance|[upkeep]\n|upkeep\n|turn|21\n|\n|t:|1700499732\n|move|p2a: Regidrago|Draco Meteor|p1a: V3nusaur <3\n|-damage|p1a: V3nusaur <3|0 fnt\n|-unboost|p2a: Regidrago|spa|2\n|faint|p1a: V3nusaur <3\n|-damage|p2a: Regidrago|66\/100|[from] item: Life Orb\n|\n|-weather|RainDance|[upkeep]\n|upkeep\n|\n|t:|1700499736\n|switch|p1a: \u0141enife\u0142|Wyrdeer, M, shiny|100\/100\n|-ability|p1a: \u0141enife\u0142|Intimidate|boost\n|-unboost|p2a: Regidrago|atk|1\n|turn|22\n|\n|t:|1700499742\n|move|p2a: Regidrago|Draco Meteor|p1a: \u0141enife\u0142\n|-damage|p1a: \u0141enife\u0142|65\/100\n|-unboost|p2a: Regidrago|spa|2\n|-damage|p2a: Regidrago|56\/100|[from] item: Life Orb\n|move|p1a: \u0141enife\u0142|Body Slam|p2a: Regidrago\n|-damage|p2a: Regidrago|29\/100\n|\n|-weather|RainDance|[upkeep]\n|-sideend|p2: PSPRadii|Reflect\n|upkeep\n|turn|23\n|\n|t:|1700499752\n|switch|p2a: Togetic|Togetic, M|100\/100\n|move|p1a: \u0141enife\u0142|Body Slam|p2a: Togetic\n|-damage|p2a: Togetic|73\/100\n|\n|-weather|RainDance|[upkeep]\n|upkeep\n|turn|24\n|\n|t:|1700499759\n|move|p1a: \u0141enife\u0142|Body Slam|p2a: Togetic\n|-damage|p2a: Togetic|46\/100\n|move|p2a: Togetic|Thunder Wave|p1a: \u0141enife\u0142\n|-status|p1a: \u0141enife\u0142|par\n|\n|-weather|RainDance|[upkeep]\n|upkeep\n|turn|25\n|\n|t:|1700499766\n|move|p2a: Togetic|Wish|p2a: Togetic\n|move|p1a: \u0141enife\u0142|Facade|p2a: Togetic\n|-damage|p2a: Togetic|0 fnt\n|faint|p2a: Togetic\n|\n|-weather|RainDance|[upkeep]\n|upkeep\n|\n|t:|1700499772\n|switch|p2a: Regidrago|Regidrago|29\/100\n|turn|26\n|\n|t:|1700499776\n|move|p2a: Regidrago|Draco Meteor|p1a: \u0141enife\u0142\n|-damage|p1a: \u0141enife\u0142|0 fnt\n|-unboost|p2a: Regidrago|spa|2\n|faint|p1a: \u0141enife\u0142\n|-damage|p2a: Regidrago|19\/100|[from] item: Life Orb\n|\n|win|PSPRadii\n|c|\u2606PSPRadii|gg\n|c|\u2606KijowDlaPolski|gg wp\n","uploadtime":1700499783,"views":5,"p1id":"kijowdlapolski","p2id":"pspradii","formatid":"gen9nationaldex","rating":0,"private":0,"password":""}