{"id":"gen9nationaldex-1988684999","p1":"ashuaxhijh","p2":"Basestatchallenge","format":"[Gen 9] National Dex","log":"|j|\u2606ashuaxhijh\n|j|\u2606Basestatchallenge\n|t:|1699750408\n|gametype|singles\n|player|p1|ashuaxhijh|101|1000\n|player|p2|Basestatchallenge|linebacker|1000\n|teamsize|p1|6\n|teamsize|p2|6\n|gen|9\n|tier|[Gen 9] National Dex\n|rated|\n|rule|HP Percentage Mod: HP is shown in percentages\n|rule|Endless Battle Clause: Forcing endless battles is banned\n|rule|OHKO Clause: OHKO moves are banned\n|rule|Evasion Clause: Evasion abilities, items, and moves are banned\n|rule|Evasion Abilities Clause: Evasion abilities are banned\n|rule|Evasion Items Clause: Evasion items are banned\n|rule|Evasion Moves Clause: Evasion moves are banned\n|rule|Species Clause: Limit one of each Pok\u00e9mon\n|rule|Sleep Clause Mod: Limit one foe put to sleep\n|clearpoke\n|poke|p1|Azelf|\n|poke|p1|Uxie|\n|poke|p1|Mesprit|\n|poke|p1|Gallade, M|\n|poke|p1|Garchomp, F|\n|poke|p1|Gardevoir, M|\n|poke|p2|Hariyama, M|\n|poke|p2|Manaphy|\n|poke|p2|Archeops, F|\n|poke|p2|Wishiwashi, M|\n|poke|p2|Dragonite, F|\n|poke|p2|Jirachi|\n|teampreview\n|inactive|Battle timer is ON: inactive players will automatically lose when time's up. (requested by Basestatchallenge)\n|\n|t:|1699750417\n|start\n|switch|p1a: Garchomp|Garchomp, F, shiny|100\/100\n|switch|p2a: Dragonite|Dragonite, F, shiny|100\/100\n|turn|1\n|\n|t:|1699750424\n|move|p1a: Garchomp|Earthquake|p2a: Dragonite\n|-immune|p2a: Dragonite\n|move|p2a: Dragonite|Dragon Dance|p2a: Dragonite\n|-boost|p2a: Dragonite|atk|1\n|-boost|p2a: Dragonite|spe|1\n|\n|upkeep\n|turn|2\n|\n|t:|1699750432\n|move|p2a: Dragonite|Dragon Dance|p2a: Dragonite\n|-boost|p2a: Dragonite|atk|1\n|-boost|p2a: Dragonite|spe|1\n|move|p1a: Garchomp|Flamethrower|p2a: Dragonite\n|-resisted|p2a: Dragonite\n|-damage|p2a: Dragonite|96\/100\n|\n|upkeep\n|turn|3\n|c|\u2606Basestatchallenge|?\n|\n|t:|1699750447\n|detailschange|p1a: Garchomp|Garchomp-Mega, F, shiny\n|-mega|p1a: Garchomp|Garchomp|Garchompite\n|-terastallize|p2a: Dragonite|Normal\n|move|p2a: Dragonite|Extreme Speed|p1a: Garchomp\n|-damage|p1a: Garchomp|31\/100\n|move|p1a: Garchomp|Draco Meteor|p2a: Dragonite\n|-damage|p2a: Dragonite|30\/100\n|-unboost|p1a: Garchomp|spa|2\n|\n|upkeep\n|turn|4\n|\n|t:|1699750457\n|move|p2a: Dragonite|Extreme Speed|p1a: Garchomp\n|-damage|p1a: Garchomp|0 fnt\n|faint|p1a: Garchomp\n|\n|upkeep\n|\n|t:|1699750463\n|switch|p1a: Gallade|Gallade, M, shiny|100\/100\n|turn|5\n|\n|t:|1699750467\n|-singleturn|p1a: Gallade|move: Focus Punch\n|move|p2a: Dragonite|Extreme Speed|p1a: Gallade\n|-damage|p1a: Gallade|0 fnt\n|faint|p1a: Gallade\n|\n|upkeep\n|c|\u2606Basestatchallenge|I am doing a challenge where I can only use pokemon with a interesting fact about their base stats\n|\n|t:|1699750473\n|switch|p1a: Gardevoir|Gardevoir, M, shiny|100\/100\n|turn|6\n|\n|t:|1699750479\n|move|p2a: Dragonite|Extreme Speed|p1a: Gardevoir\n|-damage|p1a: Gardevoir|0 fnt\n|faint|p1a: Gardevoir\n|\n|upkeep\n|\n|t:|1699750483\n|switch|p1a: Azelf|Azelf, shiny|100\/100\n|turn|7\n|\n|t:|1699750488\n|-terastallize|p1a: Azelf|Water\n|move|p2a: Dragonite|Extreme Speed|p1a: Azelf\n|-damage|p1a: Azelf|0 fnt\n|faint|p1a: Azelf\n|\n|upkeep\n|\n|t:|1699750493\n|switch|p1a: Mesprit|Mesprit, shiny|100\/100\n|turn|8\n|\n|t:|1699750496\n|move|p2a: Dragonite|Extreme Speed|p1a: Mesprit\n|-damage|p1a: Mesprit|15\/100\n|-enditem|p1a: Mesprit|Aguav Berry|[eat]\n|-heal|p1a: Mesprit|48\/100|[from] item: Aguav Berry\n|-start|p1a: Mesprit|confusion\n|-activate|p1a: Mesprit|confusion\n|move|p1a: Mesprit|Water Pulse|p2a: Dragonite\n|-damage|p2a: Dragonite|14\/100\n|-start|p2a: Dragonite|confusion\n|\n|upkeep\n|turn|9\n|\n|t:|1699750507\n|-activate|p2a: Dragonite|confusion\n|-damage|p2a: Dragonite|0 fnt|[from] confusion\n|faint|p2a: Dragonite\n|-end|p1a: Mesprit|confusion\n|move|p1a: Mesprit|Acrobatics|p2: Dragonite|[notarget]\n|-fail|p1a: Mesprit\n|\n|upkeep\n|\n|t:|1699750514\n|switch|p2a: Wishiwashi|Wishiwashi, M, shiny|100\/100\n|-formechange|p2a: Wishiwashi|Wishiwashi-School||[from] ability: Schooling\n|turn|10\n|\n|t:|1699750526\n|move|p1a: Mesprit|Drain Punch|p2a: Wishiwashi\n|-damage|p2a: Wishiwashi|80\/100\n|-heal|p1a: Mesprit|56\/100|[from] drain|[of] p2a: Wishiwashi\n|move|p2a: Wishiwashi|Liquidation|p1a: Mesprit\n|-damage|p1a: Mesprit|4\/100\n|-unboost|p1a: Mesprit|def|1\n|\n|upkeep\n|turn|11\n|\n|t:|1699750534\n|move|p1a: Mesprit|Acrobatics|p2a: Wishiwashi\n|-damage|p2a: Wishiwashi|49\/100\n|move|p2a: Wishiwashi|Liquidation|p1a: Mesprit\n|-damage|p1a: Mesprit|0 fnt\n|faint|p1a: Mesprit\n|\n|upkeep\n|\n|t:|1699750541\n|switch|p1a: Uxie|Uxie, shiny|100\/100\n|turn|12\n|\n|t:|1699750545\n|move|p1a: Uxie|Expanding Force|p2a: Wishiwashi\n|-damage|p2a: Wishiwashi|25\/100\n|-enditem|p2a: Wishiwashi|Aguav Berry|[eat]\n|-heal|p2a: Wishiwashi|59\/100|[from] item: Aguav Berry\n|move|p2a: Wishiwashi|Toxic|p1a: Uxie\n|-status|p1a: Uxie|tox\n|\n|-damage|p1a: Uxie|94\/100 tox|[from] psn\n|upkeep\n|turn|13\n|\n|t:|1699750555\n|move|p1a: Uxie|Encore|p2a: Wishiwashi\n|-start|p2a: Wishiwashi|Encore\n|move|p2a: Wishiwashi|Toxic|p1a: Uxie\n|-fail|p1a: Uxie|tox\n|\n|-damage|p1a: Uxie|82\/100 tox|[from] psn\n|upkeep\n|turn|14\n|\n|t:|1699750561\n|move|p1a: Uxie|Knock Off|p2a: Wishiwashi\n|-damage|p2a: Wishiwashi|44\/100\n|move|p2a: Wishiwashi|Toxic|p1a: Uxie\n|-fail|p1a: Uxie|tox\n|\n|-damage|p1a: Uxie|63\/100 tox|[from] psn\n|upkeep\n|turn|15\n|\n|t:|1699750567\n|move|p1a: Uxie|Knock Off|p2a: Wishiwashi\n|-damage|p2a: Wishiwashi|30\/100\n|move|p2a: Wishiwashi|Toxic|p1a: Uxie\n|-fail|p1a: Uxie|tox\n|\n|-damage|p1a: Uxie|38\/100 tox|[from] psn\n|-end|p2a: Wishiwashi|Encore\n|upkeep\n|turn|16\n|\n|t:|1699750575\n|move|p1a: Uxie|Knock Off|p2a: Wishiwashi\n|-damage|p2a: Wishiwashi|16\/100\n|move|p2a: Wishiwashi|Liquidation|p1a: Uxie\n|-damage|p1a: Uxie|0 fnt\n|faint|p1a: Uxie\n|\n|win|Basestatchallenge\n|raw|ashuaxhijh's rating: 1000 &rarr; <strong>1000<\/strong><br \/>(+0 for losing)\n|raw|Basestatchallenge's rating: 1000 &rarr; <strong>1040<\/strong><br \/>(+40 for winning)\n|l|\u2606ashuaxhijh\n","uploadtime":1699750588,"views":5,"p1id":"ashuaxhijh","p2id":"basestatchallenge","formatid":"gen9nationaldex","rating":1000,"private":0,"password":""}