{"id":"gen9nationaldex-1989864238","p1":"htrrrr","p2":"carlosmas34","format":"[Gen 9] National Dex","log":"|j|\u2606htrrrr\n|j|\u2606carlosmas34\n|t:|1699902099\n|gametype|singles\n|player|p1|htrrrr|aromalady|1022\n|player|p2|carlosmas34|adaman|1121\n|teamsize|p1|6\n|teamsize|p2|6\n|gen|9\n|tier|[Gen 9] National Dex\n|rated|\n|rule|HP Percentage Mod: HP is shown in percentages\n|rule|Endless Battle Clause: Forcing endless battles is banned\n|rule|OHKO Clause: OHKO moves are banned\n|rule|Evasion Clause: Evasion abilities, items, and moves are banned\n|rule|Evasion Abilities Clause: Evasion abilities are banned\n|rule|Evasion Items Clause: Evasion items are banned\n|rule|Evasion Moves Clause: Evasion moves are banned\n|rule|Species Clause: Limit one of each Pok\u00e9mon\n|rule|Sleep Clause Mod: Limit one foe put to sleep\n|clearpoke\n|poke|p1|Typhlosion, M|\n|poke|p1|Tyranitar, F|\n|poke|p1|Torterra, F|\n|poke|p1|Torkoal, M|\n|poke|p1|Togekiss, M|\n|poke|p1|Garchomp, M|\n|poke|p2|Gallade, M|\n|poke|p2|Zoroark-Hisui, F|\n|poke|p2|Gliscor, M|\n|poke|p2|Gastrodon-East, M|\n|poke|p2|Chandelure, F|\n|poke|p2|Goodra-Hisui, M|\n|teampreview\n|\n|t:|1699902107\n|start\n|switch|p1a: Tyler|Typhlosion, M, shiny|100\/100\n|switch|p2a: Celeste|Chandelure, F, shiny|100\/100\n|turn|1\n|inactive|Battle timer is ON: inactive players will automatically lose when time's up. (requested by htrrrr)\n|\n|t:|1699902113\n|move|p1a: Tyler|Eruption|p2a: Celeste\n|-start|p2a: Celeste|ability: Flash Fire\n|move|p2a: Celeste|Calm Mind|p2a: Celeste\n|-boost|p2a: Celeste|spa|1\n|-boost|p2a: Celeste|spd|1\n|\n|upkeep\n|turn|2\n|\n|t:|1699902121\n|move|p1a: Tyler|Thunder Punch|p2a: Celeste\n|-damage|p2a: Celeste|78\/100\n|move|p2a: Celeste|Calm Mind|p2a: Celeste\n|-boost|p2a: Celeste|spa|1\n|-boost|p2a: Celeste|spd|1\n|\n|-heal|p2a: Celeste|84\/100|[from] item: Leftovers\n|upkeep\n|turn|3\n|\n|t:|1699902133\n|move|p1a: Tyler|Thunder Punch|p2a: Celeste\n|-damage|p2a: Celeste|61\/100\n|move|p2a: Celeste|Shadow Ball|p1a: Tyler\n|-damage|p1a: Tyler|0 fnt\n|faint|p1a: Tyler\n|\n|-heal|p2a: Celeste|68\/100|[from] item: Leftovers\n|upkeep\n|\n|t:|1699902140\n|switch|p1a: Tyler 2|Tyranitar, F, shiny|100\/100\n|-weather|Sandstorm|[from] ability: Sand Stream|[of] p1a: Tyler 2\n|turn|4\n|c|\u2606carlosmas34|typlosion now larns shadow ball\n|c|\u2606carlosmas34|learns*\n|inactive|carlosmas34 has 120 seconds left.\n|c|\u2606carlosmas34|just tellin you because i discovered that not too long ago\n|\n|t:|1699902175\n|move|p2a: Celeste|Energy Ball|p1a: Tyler 2\n|-supereffective|p1a: Tyler 2\n|-damage|p1a: Tyler 2|22\/100\n|move|p1a: Tyler 2|Thunderbolt|p2a: Celeste\n|-damage|p2a: Celeste|54\/100\n|\n|-weather|Sandstorm|[upkeep]\n|-damage|p2a: Celeste|48\/100|[from] Sandstorm\n|-heal|p2a: Celeste|54\/100|[from] item: Leftovers\n|upkeep\n|turn|5\n|\n|t:|1699902185\n|move|p2a: Celeste|Energy Ball|p1a: Tyler 2\n|-supereffective|p1a: Tyler 2\n|-damage|p1a: Tyler 2|0 fnt\n|faint|p1a: Tyler 2\n|\n|-weather|Sandstorm|[upkeep]\n|-damage|p2a: Celeste|48\/100|[from] Sandstorm\n|-heal|p2a: Celeste|54\/100|[from] item: Leftovers\n|upkeep\n|\n|t:|1699902192\n|switch|p1a: Tyler 3|Torterra, F, shiny|100\/100\n|turn|6\n|\n|t:|1699902197\n|move|p2a: Celeste|Flamethrower|p1a: Tyler 3\n|-supereffective|p1a: Tyler 3\n|-enditem|p1a: Tyler 3|Focus Sash\n|-damage|p1a: Tyler 3|1\/100\n|-status|p1a: Tyler 3|brn\n|move|p1a: Tyler 3|Outrage|p2a: Celeste\n|-damage|p2a: Celeste|33\/100\n|\n|-weather|Sandstorm|[upkeep]\n|-damage|p2a: Celeste|27\/100|[from] Sandstorm\n|-heal|p2a: Celeste|33\/100|[from] item: Leftovers\n|-damage|p1a: Tyler 3|0 fnt|[from] brn\n|faint|p1a: Tyler 3\n|upkeep\n|\n|t:|1699902212\n|switch|p1a: Tyler 4|Torkoal, M, shiny|100\/100\n|-weather|SunnyDay|[from] ability: Drought|[of] p1a: Tyler 4\n|turn|7\n|\n|t:|1699902220\n|move|p2a: Celeste|Shadow Ball|p1a: Tyler 4\n|-damage|p1a: Tyler 4|0 fnt\n|faint|p1a: Tyler 4\n|\n|-weather|SunnyDay|[upkeep]\n|-heal|p2a: Celeste|39\/100|[from] item: Leftovers\n|upkeep\n|\n|t:|1699902226\n|switch|p1a: Tyler 5|Togekiss, M, shiny|100\/100\n|turn|8\n|\n|t:|1699902230\n|move|p1a: Tyler 5|Shadow Ball|p2a: Celeste\n|-supereffective|p2a: Celeste\n|-crit|p2a: Celeste\n|-damage|p2a: Celeste|0 fnt\n|faint|p2a: Celeste\n|\n|-weather|SunnyDay|[upkeep]\n|upkeep\n|\n|t:|1699902235\n|switch|p2a: Balrog|Goodra-Hisui, M|100\/100\n|turn|9\n|\n|t:|1699902241\n|move|p1a: Tyler 5|Play Rough|p2a: Balrog\n|-damage|p2a: Balrog|83\/100\n|move|p2a: Balrog|Flash Cannon|p1a: Tyler 5\n|-supereffective|p1a: Tyler 5\n|-damage|p1a: Tyler 5|23\/100\n|\n|-weather|SunnyDay|[upkeep]\n|upkeep\n|turn|10\n|\n|t:|1699902252\n|move|p1a: Tyler 5|Shadow Ball|p2a: Balrog\n|-damage|p2a: Balrog|72\/100\n|move|p2a: Balrog|Flash Cannon|p1a: Tyler 5\n|-supereffective|p1a: Tyler 5\n|-damage|p1a: Tyler 5|0 fnt\n|faint|p1a: Tyler 5\n|\n|-weather|SunnyDay|[upkeep]\n|upkeep\n|\n|t:|1699902259\n|switch|p1a: Gary|Garchomp, M, shiny|100\/100\n|turn|11\n|c|\u2606carlosmas34|NOT THE GARY\n|c|\u2606carlosmas34|YOU SICK FUCK\n|n|\u203dcarlosmas34|carlosmas34\n|c|&|\/log carlosmas34 was locked from talking by Artemis. (\u2606carlosmas34: YOU SICK FUCK)\n|c|&|\/raw <small>This action was done automatically. Want to learn more about the AI? <a href=\"https:\/\/www.smogon.com\/forums\/threads\/3570628\/#post-9056769\">Visit the information thread<\/a>.<\/small>\n|inactive|carlosmas34 has 120 seconds left.\n|\n|t:|1699902301\n|move|p1a: Gary|Outrage|p2a: Balrog\n|-damage|p2a: Balrog|6\/100\n|move|p2a: Balrog|Draco Meteor|p1a: Gary\n|-supereffective|p1a: Gary\n|-damage|p1a: Gary|0 fnt\n|-unboost|p2a: Balrog|spa|2\n|faint|p1a: Gary\n|\n|win|carlosmas34\n|raw|htrrrr's rating: 1022 &rarr; <strong>1012<\/strong><br \/>(-10 for losing)\n|raw|carlosmas34's rating: 1121 &rarr; <strong>1139<\/strong><br \/>(+18 for winning)\n","uploadtime":1699902279,"views":6,"p1id":"htrrrr","p2id":"carlosmas34","formatid":"gen9nationaldex","rating":1012,"private":0,"password":""}