{"id":"gen9nationaldex-1988281997","p1":"jianzirumian","p2":"qizhouzhishen","format":"[Gen 9] National Dex","log":"|j|\u2606jianzirumian\n|j|\u2606qizhouzhishen\n|t:|1699701061\n|gametype|singles\n|player|p1|jianzirumian|169|\n|player|p2|qizhouzhishen|hiker-gen4|\n|teamsize|p1|6\n|teamsize|p2|6\n|gen|9\n|tier|[Gen 9] National Dex\n|rule|HP Percentage Mod: HP is shown in percentages\n|rule|Endless Battle Clause: Forcing endless battles is banned\n|rule|OHKO Clause: OHKO moves are banned\n|rule|Evasion Clause: Evasion abilities, items, and moves are banned\n|rule|Evasion Abilities Clause: Evasion abilities are banned\n|rule|Evasion Items Clause: Evasion items are banned\n|rule|Evasion Moves Clause: Evasion moves are banned\n|rule|Species Clause: Limit one of each Pok\u00e9mon\n|rule|Sleep Clause Mod: Limit one foe put to sleep\n|clearpoke\n|poke|p1|Aegislash, F|\n|poke|p1|Beedrill, M|\n|poke|p1|Cinderace, M|\n|poke|p1|Enamorus, F|\n|poke|p1|Magnezone|\n|poke|p1|Arcanine-Hisui, F|\n|poke|p2|Samurott-Hisui, F|\n|poke|p2|Snorlax, M|\n|poke|p2|Gallade, M|\n|poke|p2|Corviknight, M|\n|poke|p2|Cinderace, M|\n|poke|p2|Mimikyu, M|\n|teampreview\n|\n|t:|1699701073\n|start\n|switch|p1a: Beedrill|Beedrill, M|100\/100\n|switch|p2a: \u81ea\u7531\u5c04\u95e8|Cinderace, M|100\/100\n|turn|1\n|\n|t:|1699701085\n|detailschange|p1a: Beedrill|Beedrill-Mega, M\n|-mega|p1a: Beedrill|Beedrill|Beedrillite\n|move|p1a: Beedrill|Drill Run|p2a: \u81ea\u7531\u5c04\u95e8\n|-supereffective|p2a: \u81ea\u7531\u5c04\u95e8\n|-damage|p2a: \u81ea\u7531\u5c04\u95e8|1\/100\n|move|p2a: \u81ea\u7531\u5c04\u95e8|Pyro Ball|p1a: Beedrill\n|-supereffective|p1a: Beedrill\n|-damage|p1a: Beedrill|0 fnt\n|faint|p1a: Beedrill\n|\n|upkeep\n|\n|t:|1699701098\n|switch|p1a: Magnezone|Magnezone|100\/100\n|turn|2\n|\n|t:|1699701103\n|move|p2a: \u81ea\u7531\u5c04\u95e8|Pyro Ball|p1a: Magnezone\n|-supereffective|p1a: Magnezone\n|-damage|p1a: Magnezone|0 fnt\n|faint|p1a: Magnezone\n|\n|upkeep\n|\n|t:|1699701110\n|switch|p1a: Cinderace|Cinderace, M|100\/100\n|turn|3\n|\n|t:|1699701120\n|move|p1a: Cinderace|U-turn|p2a: \u81ea\u7531\u5c04\u95e8\n|-start|p1a: Cinderace|typechange|Bug|[from] ability: Libero\n|-resisted|p2a: \u81ea\u7531\u5c04\u95e8\n|-damage|p2a: \u81ea\u7531\u5c04\u95e8|0 fnt\n|faint|p2a: \u81ea\u7531\u5c04\u95e8\n|\n|t:|1699701130\n|switch|p1a: Enamorus|Enamorus, F|100\/100|[from] U-turn\n|\n|upkeep\n|\n|t:|1699701152\n|switch|p2a: \u7070\u6697\u5929\u7fbd|Corviknight, M, shiny|100\/100\n|-ability|p2a: \u7070\u6697\u5929\u7fbd|Pressure\n|turn|4\n|\n|t:|1699701165\n|-terastallize|p1a: Enamorus|Ground\n|move|p1a: Enamorus|Mystical Fire|p2a: \u7070\u6697\u5929\u7fbd\n|-supereffective|p2a: \u7070\u6697\u5929\u7fbd\n|-damage|p2a: \u7070\u6697\u5929\u7fbd|33\/100\n|-unboost|p2a: \u7070\u6697\u5929\u7fbd|spa|1\n|move|p2a: \u7070\u6697\u5929\u7fbd|Iron Head|p1a: Enamorus\n|-damage|p1a: Enamorus|65\/100\n|\n|upkeep\n|turn|5\n|\n|t:|1699701177\n|switch|p2a: \u9178\u6c34\u65f6\u7a7a|Samurott-Hisui, F|100\/100\n|move|p1a: Enamorus|Earth Power|p2a: \u9178\u6c34\u65f6\u7a7a\n|-damage|p2a: \u9178\u6c34\u65f6\u7a7a|25\/100\n|\n|upkeep\n|turn|6\n|\n|t:|1699701184\n|move|p2a: \u9178\u6c34\u65f6\u7a7a|Aqua Jet|p1a: Enamorus\n|-supereffective|p1a: Enamorus\n|-damage|p1a: Enamorus|0 fnt\n|faint|p1a: Enamorus\n|\n|upkeep\n|\n|t:|1699701190\n|switch|p1a: Cinderace|Cinderace, M|100\/100\n|turn|7\n|\n|t:|1699701195\n|move|p2a: \u9178\u6c34\u65f6\u7a7a|Aqua Jet|p1a: Cinderace\n|-supereffective|p1a: Cinderace\n|-damage|p1a: Cinderace|39\/100\n|move|p1a: Cinderace|U-turn|p2a: \u9178\u6c34\u65f6\u7a7a\n|-start|p1a: Cinderace|typechange|Bug|[from] ability: Libero\n|-supereffective|p2a: \u9178\u6c34\u65f6\u7a7a\n|-damage|p2a: \u9178\u6c34\u65f6\u7a7a|0 fnt\n|faint|p2a: \u9178\u6c34\u65f6\u7a7a\n|\n|t:|1699701203\n|switch|p1a: Arcanine|Arcanine-Hisui, F|100\/100|[from] U-turn\n|\n|upkeep\n|\n|t:|1699701208\n|switch|p2a: \u5176\u540d\u4e3a\uff1a\u6211|Snorlax, M|100\/100\n|turn|8\n|\n|t:|1699701218\n|move|p1a: Arcanine|Head Smash|p2a: \u5176\u540d\u4e3a\uff1a\u6211\n|-damage|p2a: \u5176\u540d\u4e3a\uff1a\u6211|30\/100\n|-enditem|p2a: \u5176\u540d\u4e3a\uff1a\u6211|Sitrus Berry|[eat]\n|-heal|p2a: \u5176\u540d\u4e3a\uff1a\u6211|55\/100|[from] item: Sitrus Berry\n|move|p2a: \u5176\u540d\u4e3a\uff1a\u6211|Curse|p2a: \u5176\u540d\u4e3a\uff1a\u6211\n|-unboost|p2a: \u5176\u540d\u4e3a\uff1a\u6211|spe|1\n|-boost|p2a: \u5176\u540d\u4e3a\uff1a\u6211|atk|1\n|-boost|p2a: \u5176\u540d\u4e3a\uff1a\u6211|def|1\n|\n|upkeep\n|turn|9\n|\n|t:|1699701237\n|move|p1a: Arcanine|Head Smash|p2a: \u5176\u540d\u4e3a\uff1a\u6211|[miss]\n|-miss|p1a: Arcanine|p2a: \u5176\u540d\u4e3a\uff1a\u6211\n|move|p2a: \u5176\u540d\u4e3a\uff1a\u6211|Earthquake|p1a: Arcanine\n|-supereffective|p1a: Arcanine\n|-damage|p1a: Arcanine|0 fnt\n|faint|p1a: Arcanine\n|\n|upkeep\n|\n|t:|1699701242\n|switch|p1a: Cinderace|Cinderace, M|39\/100\n|turn|10\n|\n|t:|1699701256\n|-terastallize|p2a: \u5176\u540d\u4e3a\uff1a\u6211|Fairy\n|move|p1a: Cinderace|High Jump Kick|p2a: \u5176\u540d\u4e3a\uff1a\u6211|[miss]\n|-start|p1a: Cinderace|typechange|Fighting|[from] ability: Libero\n|-miss|p1a: Cinderace|p2a: \u5176\u540d\u4e3a\uff1a\u6211\n|-damage|p1a: Cinderace|0 fnt|[from] highjumpkick\n|faint|p1a: Cinderace\n|move|p2a: \u5176\u540d\u4e3a\uff1a\u6211|Earthquake|p1: Cinderace|[notarget]\n|-fail|p2a: \u5176\u540d\u4e3a\uff1a\u6211\n|\n|upkeep\n|\n|t:|1699701263\n|switch|p1a: Aegislash|Aegislash, F, shiny|100\/100\n|turn|11\n|\n|t:|1699701270\n|-formechange|p1a: Aegislash|Aegislash-Blade||[from] ability: Stance Change\n|move|p1a: Aegislash|Flash Cannon|p2a: \u5176\u540d\u4e3a\uff1a\u6211\n|-supereffective|p2a: \u5176\u540d\u4e3a\uff1a\u6211\n|-damage|p2a: \u5176\u540d\u4e3a\uff1a\u6211|2\/100\n|-unboost|p2a: \u5176\u540d\u4e3a\uff1a\u6211|spd|1\n|move|p2a: \u5176\u540d\u4e3a\uff1a\u6211|Earthquake|p1a: Aegislash\n|-supereffective|p1a: Aegislash\n|-damage|p1a: Aegislash|0 fnt\n|faint|p1a: Aegislash\n|\n|win|qizhouzhishen\n|l|\u2606jianzirumian\n","uploadtime":1699701310,"views":10,"p1id":"jianzirumian","p2id":"qizhouzhishen","formatid":"gen9nationaldex","rating":0,"private":0,"password":""}