{"id":"gen9nationaldex-2000465113","p1":"pawelo01","p2":"gjgkhvj","format":"[Gen 9] National Dex","log":"|html|<div class=\"broadcast-blue\"><strong>[Gen 9] National Dex is currently suspecting Sneasler! For information on how to participate check out the <a href=\"https:\/\/www.smogon.com\/forums\/threads\/sv-national-dex-suspect-8-just-dance.3731534\/\">suspect thread<\/a>.<\/strong><\/div>\n|j|\u2606pawelo01\n|j|\u2606gjgkhvj\n|t:|1701197079\n|gametype|singles\n|player|p1|pawelo01|koga|1029\n|player|p2|gjgkhvj|2|1057\n|teamsize|p1|6\n|teamsize|p2|6\n|gen|9\n|tier|[Gen 9] National Dex\n|rated|\n|rule|HP Percentage Mod: HP is shown in percentages\n|rule|Endless Battle Clause: Forcing endless battles is banned\n|rule|OHKO Clause: OHKO moves are banned\n|rule|Evasion Clause: Evasion abilities, items, and moves are banned\n|rule|Evasion Abilities Clause: Evasion abilities are banned\n|rule|Evasion Items Clause: Evasion items are banned\n|rule|Evasion Moves Clause: Evasion moves are banned\n|rule|Species Clause: Limit one of each Pok\u00e9mon\n|rule|Sleep Clause Mod: Limit one foe put to sleep\n|clearpoke\n|poke|p1|Sneasler, M|\n|poke|p1|Goodra-Hisui, M|\n|poke|p1|Clodsire, M|\n|poke|p1|Iron Thorns|\n|poke|p1|Torkoal, M|\n|poke|p1|Ceruledge, M|\n|poke|p2|Ninetales-Alola, M|\n|poke|p2|Arctozolt|\n|poke|p2|Slowking-Galar, F|\n|poke|p2|Eiscue, M|\n|poke|p2|Glaceon, M|\n|poke|p2|Sandslash-Alola, M|\n|teampreview\n|\n|t:|1701197084\n|start\n|switch|p1a: kijanka|Clodsire, M, shiny|100\/100\n|switch|p2a: Slowking|Slowking-Galar, F|100\/100\n|turn|1\n|\n|t:|1701197091\n|move|p2a: Slowking|Future Sight|p1a: kijanka\n|-start|p2a: Slowking|move: Future Sight\n|move|p1a: kijanka|Stealth Rock|p2a: Slowking\n|-sidestart|p2: gjgkhvj|move: Stealth Rock\n|\n|upkeep\n|turn|2\n|inactive|Battle timer is ON: inactive players will automatically lose when time's up. (requested by pawelo01)\n|\n|t:|1701197110\n|move|p2a: Slowking|Chilly Reception|p2a: Slowking\n|-weather|Snow\n|inactiveoff|Battle timer is now OFF.\n|\n|t:|1701197133\n|switch|p2a: Sandslash|Sandslash-Alola, M|100\/100|[from] Chilly Reception\n|-damage|p2a: Sandslash|88\/100|[from] Stealth Rock\n|move|p1a: kijanka|Toxic|p2a: Sandslash\n|-immune|p2a: Sandslash\n|\n|-weather|Snow|[upkeep]\n|upkeep\n|turn|3\n|\n|t:|1701197144\n|move|p2a: Sandslash|Swords Dance|p2a: Sandslash\n|-boost|p2a: Sandslash|atk|2\n|move|p1a: kijanka|Stealth Rock||[still]\n|-fail|p1a: kijanka\n|\n|-weather|Snow|[upkeep]\n|-end|p1a: kijanka|move: Future Sight\n|-supereffective|p1a: kijanka\n|-crit|p1a: kijanka\n|-damage|p1a: kijanka|34\/100\n|-heal|p1a: kijanka|40\/100|[from] item: Black Sludge\n|upkeep\n|turn|4\n|\n|t:|1701197154\n|move|p2a: Sandslash|Earthquake|p1a: kijanka\n|-supereffective|p1a: kijanka\n|-damage|p1a: kijanka|0 fnt\n|faint|p1a: kijanka\n|\n|-weather|Snow|[upkeep]\n|upkeep\n|inactive|Battle timer is ON: inactive players will automatically lose when time's up. (requested by pawelo01)\n|\n|t:|1701197170\n|switch|p1a: \u017c\u00f3\u0142wik|Torkoal, M, shiny|100\/100\n|-weather|SunnyDay|[from] ability: Drought|[of] p1a: \u017c\u00f3\u0142wik\n|turn|5\n|\n|t:|1701197194\n|move|p2a: Sandslash|Earthquake|p1a: \u017c\u00f3\u0142wik\n|-supereffective|p1a: \u017c\u00f3\u0142wik\n|-damage|p1a: \u017c\u00f3\u0142wik|11\/100\n|move|p1a: \u017c\u00f3\u0142wik|Weather Ball|p2a: Sandslash\n|-supereffective|p2a: Sandslash\n|-damage|p2a: Sandslash|0 fnt\n|faint|p2a: Sandslash\n|\n|-weather|SunnyDay|[upkeep]\n|-heal|p1a: \u017c\u00f3\u0142wik|17\/100|[from] item: Leftovers\n|upkeep\n|inactive|gjgkhvj has 120 seconds left.\n|\n|t:|1701197221\n|switch|p2a: Ninetales|Ninetales-Alola, M|100\/100\n|-damage|p2a: Ninetales|76\/100|[from] Stealth Rock\n|-weather|Snow|[from] ability: Snow Warning|[of] p2a: Ninetales\n|turn|6\n|\n|t:|1701197237\n|move|p2a: Ninetales|Blizzard|p1a: \u017c\u00f3\u0142wik\n|-resisted|p1a: \u017c\u00f3\u0142wik\n|-damage|p1a: \u017c\u00f3\u0142wik|0 fnt\n|faint|p1a: \u017c\u00f3\u0142wik\n|\n|-weather|Snow|[upkeep]\n|upkeep\n|\n|t:|1701197244\n|switch|p1a: godzilla|Iron Thorns, shiny|100\/100\n|turn|7\n|\n|t:|1701197264\n|move|p2a: Ninetales|Aurora Veil|p2a: Ninetales\n|-sidestart|p2: gjgkhvj|move: Aurora Veil\n|move|p1a: godzilla|Dragon Dance|p1a: godzilla\n|-boost|p1a: godzilla|atk|1\n|-boost|p1a: godzilla|spe|1\n|\n|-weather|Snow|[upkeep]\n|upkeep\n|turn|8\n|inactive|gjgkhvj has 90 seconds left.\n|\n|t:|1701197293\n|switch|p2a: Glaceon|Glaceon, M|100\/100\n|-damage|p2a: Glaceon|76\/100|[from] Stealth Rock\n|move|p1a: godzilla|Pin Missile|p2a: Glaceon\n|-damage|p2a: Glaceon|71\/100\n|-crit|p2a: Glaceon\n|-damage|p2a: Glaceon|56\/100\n|-damage|p2a: Glaceon|52\/100\n|-damage|p2a: Glaceon|47\/100\n|-damage|p2a: Glaceon|42\/100\n|-hitcount|p2a: Glaceon|5\n|\n|-weather|Snow|[upkeep]\n|-heal|p2a: Glaceon|48\/100|[from] ability: Ice Body\n|-heal|p2a: Glaceon|54\/100|[from] item: Leftovers\n|upkeep\n|turn|9\n|inactive|gjgkhvj has 90 seconds left.\n|inactive|gjgkhvj has 60 seconds left.\n|\n|t:|1701197338\n|-terastallize|p2a: Glaceon|Water\n|move|p1a: godzilla|Rock Blast|p2a: Glaceon\n|-damage|p2a: Glaceon|43\/100\n|-damage|p2a: Glaceon|34\/100\n|-damage|p2a: Glaceon|24\/100\n|-damage|p2a: Glaceon|14\/100\n|-damage|p2a: Glaceon|3\/100\n|-hitcount|p2a: Glaceon|5\n|move|p2a: Glaceon|Water Pulse|p1a: godzilla\n|-supereffective|p1a: godzilla\n|-damage|p1a: godzilla|15\/100\n|\n|-weather|Snow|[upkeep]\n|-heal|p2a: Glaceon|9\/100|[from] ability: Ice Body\n|-heal|p2a: Glaceon|15\/100|[from] item: Leftovers\n|upkeep\n|turn|10\n|-message|pawelo01 forfeited.\n|\n|win|gjgkhvj\n|raw|pawelo01's rating: 1029 &rarr; <strong>1016<\/strong><br \/>(-13 for losing)\n|raw|gjgkhvj's rating: 1057 &rarr; <strong>1086<\/strong><br \/>(+29 for winning)\n|l|\u2606pawelo01\n","uploadtime":1701197356,"views":0,"p1id":"pawelo01","p2id":"gjgkhvj","formatid":"gen9nationaldex","rating":1016,"private":0,"password":""}