{"id":"gen9nationaldex-1993716032","p1":"Fallout 3 Enjoyer","p2":"SpaghettiQueen","format":"[Gen 9] National Dex","log":"|j|\u2606Fallout 3 Enjoyer\n|j|\u2606SpaghettiQueen\n|t:|1700348819\n|gametype|singles\n|player|p1|Fallout 3 Enjoyer|acetrainerf|1296\n|player|p2|SpaghettiQueen|bruno|1198\n|teamsize|p1|6\n|teamsize|p2|6\n|gen|9\n|tier|[Gen 9] National Dex\n|rated|\n|rule|HP Percentage Mod: HP is shown in percentages\n|rule|Endless Battle Clause: Forcing endless battles is banned\n|rule|OHKO Clause: OHKO moves are banned\n|rule|Evasion Clause: Evasion abilities, items, and moves are banned\n|rule|Evasion Abilities Clause: Evasion abilities are banned\n|rule|Evasion Items Clause: Evasion items are banned\n|rule|Evasion Moves Clause: Evasion moves are banned\n|rule|Species Clause: Limit one of each Pok\u00e9mon\n|rule|Sleep Clause Mod: Limit one foe put to sleep\n|clearpoke\n|poke|p1|Slurpuff, F|\n|poke|p1|Samurott-Hisui, F|\n|poke|p1|Incineroar, F|\n|poke|p1|Mawile, M|\n|poke|p1|Iron Valiant|\n|poke|p1|Sableye, M|\n|poke|p2|Machamp, F|\n|poke|p2|Poliwrath, F|\n|poke|p2|Hitmontop, M|\n|poke|p2|Bewear, F|\n|poke|p2|Heracross, M|\n|poke|p2|Pangoro, M|\n|teampreview\n|inactive|Battle timer is ON: inactive players will automatically lose when time's up. (requested by Fallout 3 Enjoyer)\n|\n|t:|1700348831\n|start\n|switch|p1a: Cherry|Slurpuff, F|100\/100\n|switch|p2a: Pangoro|Pangoro, M|100\/100\n|turn|1\n|\n|t:|1700348837\n|move|p1a: Cherry|Sticky Web|p2a: Pangoro\n|-sidestart|p2: SpaghettiQueen|move: Sticky Web\n|move|p2a: Pangoro|Toxic|p1a: Cherry\n|-status|p1a: Cherry|tox\n|\n|-damage|p1a: Cherry|94\/100 tox|[from] psn\n|upkeep\n|turn|2\n|\n|t:|1700348844\n|move|p2a: Pangoro|Bullet Punch|p1a: Cherry\n|-supereffective|p1a: Cherry\n|-damage|p1a: Cherry|73\/100 tox\n|move|p1a: Cherry|Calm Mind|p1a: Cherry\n|-boost|p1a: Cherry|spa|1\n|-boost|p1a: Cherry|spd|1\n|\n|-damage|p1a: Cherry|60\/100 tox|[from] psn\n|upkeep\n|turn|3\n|\n|t:|1700348853\n|move|p2a: Pangoro|Bullet Punch|p1a: Cherry\n|-supereffective|p1a: Cherry\n|-damage|p1a: Cherry|40\/100 tox\n|-enditem|p1a: Cherry|Sitrus Berry|[eat]\n|-heal|p1a: Cherry|65\/100 tox|[from] item: Sitrus Berry\n|move|p1a: Cherry|Draining Kiss|p2a: Pangoro\n|-supereffective|p2a: Pangoro\n|-enditem|p2a: Pangoro|Focus Sash\n|-damage|p2a: Pangoro|1\/100\n|-heal|p1a: Cherry|100\/100 tox|[from] drain|[of] p2a: Pangoro\n|\n|-damage|p1a: Cherry|82\/100 tox|[from] psn\n|upkeep\n|turn|4\n|\n|t:|1700348869\n|move|p2a: Pangoro|Bullet Punch|p1a: Cherry\n|-supereffective|p1a: Cherry\n|-damage|p1a: Cherry|60\/100 tox\n|move|p1a: Cherry|Draining Kiss|p2a: Pangoro\n|-supereffective|p2a: Pangoro\n|-damage|p2a: Pangoro|0 fnt\n|-heal|p1a: Cherry|60\/100 tox|[from] drain|[of] p2a: Pangoro\n|faint|p2a: Pangoro\n|\n|-damage|p1a: Cherry|36\/100 tox|[from] psn\n|upkeep\n|\n|t:|1700348879\n|switch|p2a: Hitmontop|Hitmontop, M|100\/100\n|-activate|p2a: Hitmontop|move: Sticky Web\n|-unboost|p2a: Hitmontop|spe|1\n|turn|5\n|\n|t:|1700348883\n|move|p2a: Hitmontop|Fake Out|p1a: Cherry\n|-damage|p1a: Cherry|23\/100 tox\n|cant|p1a: Cherry|flinch\n|\n|-damage|p1a: Cherry|0 fnt|[from] psn\n|faint|p1a: Cherry\n|upkeep\n|\n|t:|1700348890\n|switch|p1a: Cola|Sableye, M|100\/100\n|turn|6\n|\n|t:|1700348916\n|switch|p2a: Heracross|Heracross, M|100\/100\n|-activate|p2a: Heracross|move: Sticky Web\n|-unboost|p2a: Heracross|spe|1\n|move|p1a: Cola|Will-O-Wisp|p2a: Heracross\n|-status|p2a: Heracross|brn\n|\n|-damage|p2a: Heracross|94\/100 brn|[from] brn\n|upkeep\n|turn|7\n|\n|t:|1700348924\n|switch|p1a: Biggie Sipps|Mawile, M|100\/100\n|-ability|p1a: Biggie Sipps|Intimidate|boost\n|-unboost|p2a: Heracross|atk|1\n|move|p2a: Heracross|Pin Missile|p1a: Biggie Sipps\n|-resisted|p1a: Biggie Sipps\n|-damage|p1a: Biggie Sipps|96\/100\n|-resisted|p1a: Biggie Sipps\n|-damage|p1a: Biggie Sipps|92\/100\n|-resisted|p1a: Biggie Sipps\n|-damage|p1a: Biggie Sipps|87\/100\n|-hitcount|p1a: Biggie Sipps|3\n|\n|-damage|p2a: Heracross|88\/100 brn|[from] brn\n|upkeep\n|turn|8\n|\n|t:|1700348933\n|detailschange|p1a: Biggie Sipps|Mawile-Mega, M\n|-mega|p1a: Biggie Sipps|Mawile|Mawilite\n|move|p2a: Heracross|Close Combat|p1a: Biggie Sipps\n|-damage|p1a: Biggie Sipps|26\/100\n|-unboost|p2a: Heracross|def|1\n|-unboost|p2a: Heracross|spd|1\n|move|p1a: Biggie Sipps|Swords Dance|p1a: Biggie Sipps\n|-boost|p1a: Biggie Sipps|atk|2\n|\n|-damage|p2a: Heracross|82\/100 brn|[from] brn\n|upkeep\n|turn|9\n|\n|t:|1700348943\n|move|p1a: Biggie Sipps|Sucker Punch|p2a: Heracross\n|-resisted|p2a: Heracross\n|-damage|p2a: Heracross|4\/100 brn\n|move|p2a: Heracross|Close Combat|p1a: Biggie Sipps\n|-damage|p1a: Biggie Sipps|0 fnt\n|-unboost|p2a: Heracross|def|1\n|-unboost|p2a: Heracross|spd|1\n|faint|p1a: Biggie Sipps\n|\n|-damage|p2a: Heracross|0 fnt|[from] brn\n|faint|p2a: Heracross\n|upkeep\n|\n|t:|1700348953\n|switch|p2a: Poliwrath|Poliwrath, F|100\/100\n|switch|p1a: Cola|Sableye, M|100\/100\n|-activate|p2a: Poliwrath|move: Sticky Web\n|-unboost|p2a: Poliwrath|spe|1\n|turn|10\n|\n|t:|1700348964\n|move|p1a: Cola|Will-O-Wisp|p2a: Poliwrath\n|-status|p2a: Poliwrath|brn\n|move|p2a: Poliwrath|Bulk Up|p2a: Poliwrath\n|-boost|p2a: Poliwrath|atk|1\n|-boost|p2a: Poliwrath|def|1\n|\n|-damage|p2a: Poliwrath|94\/100 brn|[from] brn\n|upkeep\n|turn|11\n|\n|t:|1700348972\n|switch|p1a: Lemon-Lime|Iron Valiant|100\/100\n|-enditem|p1a: Lemon-Lime|Booster Energy\n|-activate|p1a: Lemon-Lime|ability: Quark Drive|[fromitem]\n|-start|p1a: Lemon-Lime|quarkdrivespa\n|move|p2a: Poliwrath|Bulk Up|p2a: Poliwrath\n|-boost|p2a: Poliwrath|atk|1\n|-boost|p2a: Poliwrath|def|1\n|\n|-damage|p2a: Poliwrath|88\/100 brn|[from] brn\n|upkeep\n|turn|12\n|\n|t:|1700348979\n|move|p1a: Lemon-Lime|Moonblast|p2a: Poliwrath\n|-supereffective|p2a: Poliwrath\n|-damage|p2a: Poliwrath|0 fnt\n|faint|p2a: Poliwrath\n|\n|upkeep\n|\n|t:|1700348982\n|switch|p2a: Hitmontop|Hitmontop, M|100\/100\n|-activate|p2a: Hitmontop|move: Sticky Web\n|-unboost|p2a: Hitmontop|spe|1\n|turn|13\n|\n|t:|1700348986\n|-terastallize|p1a: Lemon-Lime|Psychic\n|move|p1a: Lemon-Lime|Moonblast|p2a: Hitmontop\n|-supereffective|p2a: Hitmontop\n|-damage|p2a: Hitmontop|21\/100\n|move|p2a: Hitmontop|Triple Axel|p1a: Lemon-Lime\n|-damage|p1a: Lemon-Lime|90\/100\n|-hitcount|p1a: Lemon-Lime|1\n|\n|upkeep\n|turn|14\n|\n|t:|1700349002\n|move|p2a: Hitmontop|Bullet Punch|p1a: Lemon-Lime\n|-damage|p1a: Lemon-Lime|69\/100\n|move|p1a: Lemon-Lime|Moonblast|p2a: Hitmontop\n|-supereffective|p2a: Hitmontop\n|-damage|p2a: Hitmontop|0 fnt\n|faint|p2a: Hitmontop\n|\n|upkeep\n|\n|t:|1700349006\n|switch|p2a: Bewear|Bewear, F|100\/100\n|-activate|p2a: Bewear|move: Sticky Web\n|-unboost|p2a: Bewear|spe|1\n|turn|15\n|\n|t:|1700349013\n|-terastallize|p2a: Bewear|Water\n|move|p1a: Lemon-Lime|Moonblast|p2a: Bewear\n|-damage|p2a: Bewear|28\/100\n|move|p2a: Bewear|Bulk Up|p2a: Bewear\n|-boost|p2a: Bewear|atk|1\n|-boost|p2a: Bewear|def|1\n|\n|-heal|p2a: Bewear|34\/100|[from] item: Leftovers\n|upkeep\n|turn|16\n|-message|SpaghettiQueen forfeited.\n|\n|win|Fallout 3 Enjoyer\n|raw|Fallout 3 Enjoyer's rating: 1296 &rarr; <strong>1314<\/strong><br \/>(+18 for winning)\n|raw|SpaghettiQueen's rating: 1198 &rarr; <strong>1180<\/strong><br \/>(-18 for losing)\n|l|\u2606SpaghettiQueen\n","uploadtime":1700349021,"views":7,"p1id":"fallout3enjoyer","p2id":"spaghettiqueen","formatid":"gen9nationaldex","rating":1180,"private":0,"password":""}