{"id":"gen9nationaldex-1996872721","p1":"legendspammrr??","p2":"py123456","format":"[Gen 9] National Dex","log":"|html|<div class=\"broadcast-blue\"><strong>[Gen 9] National Dex is currently suspecting Sneasler! For information on how to participate check out the <a href=\"https:\/\/www.smogon.com\/forums\/threads\/sv-national-dex-suspect-8-just-dance.3731534\/\">suspect thread<\/a>.<\/strong><\/div>\n|j|\u2606legendspammrr??\n|j|\u2606py123456\n|t:|1700738482\n|gametype|singles\n|player|p1|legendspammrr??|scientist-gen4dp|1044\n|player|p2|py123456|steven|1132\n|teamsize|p1|6\n|teamsize|p2|6\n|gen|9\n|tier|[Gen 9] National Dex\n|rated|\n|rule|HP Percentage Mod: HP is shown in percentages\n|rule|Endless Battle Clause: Forcing endless battles is banned\n|rule|OHKO Clause: OHKO moves are banned\n|rule|Evasion Clause: Evasion abilities, items, and moves are banned\n|rule|Evasion Abilities Clause: Evasion abilities are banned\n|rule|Evasion Items Clause: Evasion items are banned\n|rule|Evasion Moves Clause: Evasion moves are banned\n|rule|Species Clause: Limit one of each Pok\u00e9mon\n|rule|Sleep Clause Mod: Limit one foe put to sleep\n|clearpoke\n|poke|p1|Volcanion|\n|poke|p1|Miltank, F|\n|poke|p1|Tapu Koko|\n|poke|p1|Ceruledge, M|\n|poke|p1|Orthworm, F|\n|poke|p1|Scizor, F|\n|poke|p2|Politoed, M|\n|poke|p2|Urshifu-*, F|\n|poke|p2|Kartana|\n|poke|p2|Swampert, F|\n|poke|p2|Tapu Koko|\n|poke|p2|Pelipper, M|\n|teampreview\n|inactive|Battle timer is ON: inactive players will automatically lose when time's up. (requested by py123456)\n|\n|t:|1700738493\n|start\n|switch|p1a: Miltank|Miltank, F|100\/100\n|switch|p2a: Pelipper|Pelipper, M|100\/100\n|-weather|RainDance|[from] ability: Drizzle|[of] p2a: Pelipper\n|turn|1\n|\n|t:|1700738499\n|move|p1a: Miltank|Rollout|p2a: Pelipper\n|-supereffective|p2a: Pelipper\n|-damage|p2a: Pelipper|81\/100\n|move|p2a: Pelipper|U-turn|p1a: Miltank\n|-damage|p1a: Miltank|92\/100\n|\n|t:|1700738507\n|switch|p2a: Swampert|Swampert, F|100\/100|[from] U-turn\n|\n|-weather|RainDance|[upkeep]\n|upkeep\n|turn|2\n|\n|t:|1700738518\n|detailschange|p2a: Swampert|Swampert-Mega, F\n|-mega|p2a: Swampert|Swampert|Swampertite\n|move|p2a: Swampert|Liquidation|p1a: Miltank\n|-damage|p1a: Miltank|6\/100\n|-unboost|p1a: Miltank|def|1\n|move|p1a: Miltank|Rollout|p2a: Swampert|[from]lockedmove\n|-resisted|p2a: Swampert\n|-damage|p2a: Swampert|92\/100\n|\n|-weather|RainDance|[upkeep]\n|upkeep\n|turn|3\n|\n|t:|1700738533\n|move|p2a: Swampert|Flip Turn|p1a: Miltank\n|-damage|p1a: Miltank|0 fnt\n|faint|p1a: Miltank\n|\n|t:|1700738535\n|switch|p2a: Urshifu|Urshifu-Rapid-Strike, F|100\/100|[from] Flip Turn\n|\n|-weather|RainDance|[upkeep]\n|upkeep\n|\n|t:|1700738545\n|switch|p1a: Volcanion|Volcanion|100\/100\n|turn|4\n|\n|t:|1700738554\n|move|p2a: Urshifu|Close Combat|p1a: Volcanion\n|-damage|p1a: Volcanion|47\/100\n|-unboost|p2a: Urshifu|def|1\n|-unboost|p2a: Urshifu|spd|1\n|move|p1a: Volcanion|Scorching Sands|p2a: Urshifu\n|-damage|p2a: Urshifu|36\/100\n|\n|-weather|RainDance|[upkeep]\n|upkeep\n|turn|5\n|\n|t:|1700738571\n|switch|p1a: Ceruledge|Ceruledge, M|100\/100\n|move|p2a: Urshifu|Close Combat|p1a: Ceruledge\n|-immune|p1a: Ceruledge\n|\n|-weather|RainDance|[upkeep]\n|upkeep\n|turn|6\n|\n|t:|1700738589\n|switch|p2a: Swampert|Swampert-Mega, F|92\/100\n|move|p1a: Ceruledge|Brick Break|p2a: Swampert\n|-damage|p2a: Swampert|66\/100\n|\n|-weather|RainDance|[upkeep]\n|upkeep\n|turn|7\n|\n|t:|1700738595\n|switch|p1a: Volcanion|Volcanion|47\/100\n|move|p2a: Swampert|Darkest Lariat|p1a: Volcanion\n|-damage|p1a: Volcanion|16\/100\n|\n|-weather|RainDance|[upkeep]\n|upkeep\n|turn|8\n|\n|t:|1700738613\n|switch|p1a: Scizor|Scizor, F|100\/100\n|move|p2a: Swampert|Darkest Lariat|p1a: Scizor\n|-damage|p1a: Scizor|58\/100\n|\n|-weather|none\n|upkeep\n|turn|9\n|\n|t:|1700738623\n|detailschange|p1a: Scizor|Scizor-Mega, F\n|-mega|p1a: Scizor|Scizor|Scizorite\n|move|p1a: Scizor|Lunge|p2a: Swampert\n|-damage|p2a: Swampert|21\/100\n|-unboost|p2a: Swampert|atk|1\n|move|p2a: Swampert|Liquidation|p1a: Scizor\n|-damage|p1a: Scizor|23\/100\n|\n|upkeep\n|turn|10\n|\n|t:|1700738632\n|switch|p2a: Pelipper|Pelipper, M|81\/100\n|-weather|RainDance|[from] ability: Drizzle|[of] p2a: Pelipper\n|move|p1a: Scizor|Bullet Punch|p2a: Pelipper\n|-resisted|p2a: Pelipper\n|-damage|p2a: Pelipper|57\/100\n|\n|-weather|RainDance|[upkeep]\n|upkeep\n|turn|11\n|\n|t:|1700738642\n|move|p1a: Scizor|Dual Wingbeat|p2a: Pelipper\n|-damage|p2a: Pelipper|25\/100\n|-damage|p2a: Pelipper|0 fnt\n|faint|p2a: Pelipper\n|-hitcount|p2: Pelipper|2\n|\n|-weather|RainDance|[upkeep]\n|upkeep\n|\n|t:|1700738650\n|switch|p2a: Swampert|Swampert-Mega, F|21\/100\n|turn|12\n|\n|t:|1700738654\n|move|p1a: Scizor|Bullet Punch|p2a: Swampert\n|-resisted|p2a: Swampert\n|-damage|p2a: Swampert|5\/100\n|move|p2a: Swampert|Liquidation|p1a: Scizor\n|-damage|p1a: Scizor|0 fnt\n|faint|p1a: Scizor\n|\n|-weather|RainDance|[upkeep]\n|upkeep\n|\n|t:|1700738665\n|switch|p1a: Ceruledge|Ceruledge, M|100\/100\n|turn|13\n|\n|t:|1700738669\n|move|p1a: Ceruledge|Shadow Sneak|p2a: Swampert\n|-damage|p2a: Swampert|0 fnt\n|faint|p2a: Swampert\n|\n|-weather|RainDance|[upkeep]\n|upkeep\n|\n|t:|1700738672\n|switch|p2a: Urshifu|Urshifu-Rapid-Strike, F|36\/100\n|turn|14\n|\n|t:|1700738682\n|switch|p1a: Volcanion|Volcanion|16\/100\n|-terastallize|p2a: Urshifu|Water\n|move|p2a: Urshifu|Surging Strikes|p1a: Volcanion\n|-heal|p1a: Volcanion|41\/100|[from] ability: Water Absorb|[of] p2a: Urshifu\n|\n|-weather|RainDance|[upkeep]\n|upkeep\n|turn|15\n|\n|t:|1700738699\n|switch|p2a: Politoed|Politoed, M|100\/100\n|move|p1a: Volcanion|Scorching Sands|p2a: Politoed\n|-damage|p2a: Politoed|78\/100\n|\n|-weather|RainDance|[upkeep]\n|upkeep\n|turn|16\n|\n|t:|1700738708\n|switch|p1a: Orthworm|Orthworm, F|100\/100\n|move|p2a: Politoed|Toxic|p1a: Orthworm\n|-immune|p1a: Orthworm\n|\n|-weather|RainDance|[upkeep]\n|upkeep\n|turn|17\n|\n|t:|1700738719\n|switch|p2a: Kartana|Kartana|100\/100\n|move|p1a: Orthworm|Coil|p1a: Orthworm\n|-boost|p1a: Orthworm|atk|1\n|-boost|p1a: Orthworm|def|1\n|-boost|p1a: Orthworm|accuracy|1\n|\n|-weather|none\n|upkeep\n|turn|18\n|\n|t:|1700738728\n|switch|p2a: Politoed|Politoed, M|78\/100\n|-weather|RainDance|[from] ability: Drizzle|[of] p2a: Politoed\n|move|p1a: Orthworm|Body Press|p2a: Politoed\n|-damage|p2a: Politoed|49\/100\n|-damage|p1a: Orthworm|84\/100|[from] item: Rocky Helmet|[of] p2a: Politoed\n|\n|-weather|RainDance|[upkeep]\n|upkeep\n|turn|19\n|\n|t:|1700738738\n|move|p2a: Politoed|Hidden Power|p1a: Orthworm\n|-supereffective|p1a: Orthworm\n|-damage|p1a: Orthworm|66\/100\n|move|p1a: Orthworm|Iron Head|p2a: Politoed\n|-resisted|p2a: Politoed\n|-damage|p2a: Politoed|28\/100\n|-damage|p1a: Orthworm|49\/100|[from] item: Rocky Helmet|[of] p2a: Politoed\n|\n|-weather|RainDance|[upkeep]\n|upkeep\n|turn|20\n|\n|t:|1700738750\n|move|p2a: Politoed|Hydro Pump|p1a: Orthworm|[miss]\n|-miss|p2a: Politoed|p1a: Orthworm\n|move|p1a: Orthworm|Coil|p1a: Orthworm\n|-boost|p1a: Orthworm|atk|1\n|-boost|p1a: Orthworm|def|1\n|-boost|p1a: Orthworm|accuracy|1\n|\n|-weather|RainDance|[upkeep]\n|upkeep\n|turn|21\n|\n|t:|1700738754\n|move|p2a: Politoed|Hydro Pump|p1a: Orthworm|[miss]\n|-miss|p2a: Politoed|p1a: Orthworm\n|move|p1a: Orthworm|Body Press|p2a: Politoed\n|-damage|p2a: Politoed|0 fnt\n|-damage|p1a: Orthworm|33\/100|[from] item: Rocky Helmet|[of] p2a: Politoed\n|faint|p2a: Politoed\n|\n|-weather|RainDance|[upkeep]\n|upkeep\n|\n|t:|1700738767\n|switch|p2a: Tapu Koko|Tapu Koko|100\/100\n|-fieldstart|move: Electric Terrain|[from] ability: Electric Surge|[of] p2a: Tapu Koko\n|turn|22\n|\n|t:|1700738774\n|move|p2a: Tapu Koko|Thunder|p1a: Orthworm\n|-damage|p1a: Orthworm|0 fnt\n|faint|p1a: Orthworm\n|\n|-weather|none\n|upkeep\n|\n|t:|1700738783\n|switch|p1a: Tapu Koko|Tapu Koko|100\/100\n|turn|23\n|inactive|legendspammrr?? has 120 seconds left.\n|\n|t:|1700738813\n|move|p1a: Tapu Koko|Echoed Voice|p2a: Tapu Koko\n|-damage|p2a: Tapu Koko|84\/100\n|move|p2a: Tapu Koko|Reflect|p2a: Tapu Koko\n|-sidestart|p2: py123456|Reflect\n|\n|upkeep\n|turn|24\n|\n|t:|1700738821\n|move|p1a: Tapu Koko|Echoed Voice|p2a: Tapu Koko\n|-damage|p2a: Tapu Koko|49\/100\n|move|p2a: Tapu Koko|Light Screen|p2a: Tapu Koko\n|-sidestart|p2: py123456|move: Light Screen\n|\n|upkeep\n|turn|25\n|\n|t:|1700738826\n|move|p1a: Tapu Koko|Echoed Voice|p2a: Tapu Koko\n|-damage|p2a: Tapu Koko|18\/100\n|move|p2a: Tapu Koko|Dazzling Gleam|p1a: Tapu Koko\n|-damage|p1a: Tapu Koko|48\/100\n|\n|upkeep\n|turn|26\n|\n|t:|1700738831\n|move|p1a: Tapu Koko|Echoed Voice|p2a: Tapu Koko\n|-damage|p2a: Tapu Koko|0 fnt\n|faint|p2a: Tapu Koko\n|\n|-fieldend|move: Electric Terrain\n|upkeep\n|\n|t:|1700738843\n|switch|p2a: Urshifu|Urshifu-Rapid-Strike, F, tera:Water|36\/100\n|turn|27\n|\n|t:|1700738850\n|move|p2a: Urshifu|Surging Strikes|p1a: Tapu Koko\n|-crit|p1a: Tapu Koko\n|-damage|p1a: Tapu Koko|3\/100\n|-crit|p1a: Tapu Koko\n|-damage|p1a: Tapu Koko|0 fnt\n|faint|p1a: Tapu Koko\n|-hitcount|p1: Tapu Koko|2\n|\n|upkeep\n|\n|t:|1700738855\n|switch|p1a: Volcanion|Volcanion|41\/100\n|turn|28\n|\n|t:|1700738861\n|switch|p2a: Kartana|Kartana|100\/100\n|move|p1a: Volcanion|Flamethrower|p2a: Kartana\n|-supereffective|p2a: Kartana\n|-enditem|p2a: Kartana|Focus Sash\n|-damage|p2a: Kartana|1\/100\n|\n|upkeep\n|turn|29\n|\n|t:|1700738874\n|move|p2a: Kartana|Leaf Blade|p1a: Volcanion\n|-damage|p1a: Volcanion|0 fnt\n|faint|p1a: Volcanion\n|-ability|p2a: Kartana|Beast Boost|boost\n|-boost|p2a: Kartana|atk|1\n|\n|upkeep\n|\n|t:|1700738882\n|switch|p1a: Ceruledge|Ceruledge, M|100\/100\n|turn|30\n|\n|t:|1700738887\n|move|p1a: Ceruledge|Shadow Sneak|p2a: Kartana\n|-damage|p2a: Kartana|0 fnt\n|faint|p2a: Kartana\n|\n|-sideend|p2: py123456|Reflect\n|upkeep\n|\n|t:|1700738889\n|switch|p2a: Urshifu|Urshifu-Rapid-Strike, F, tera:Water|36\/100\n|turn|31\n|\n|t:|1700738893\n|move|p2a: Urshifu|Surging Strikes|p1a: Ceruledge\n|-supereffective|p1a: Ceruledge\n|-crit|p1a: Ceruledge\n|-damage|p1a: Ceruledge|14\/100\n|-supereffective|p1a: Ceruledge\n|-crit|p1a: Ceruledge\n|-damage|p1a: Ceruledge|0 fnt\n|faint|p1a: Ceruledge\n|-hitcount|p1: Ceruledge|2\n|\n|win|py123456\n|raw|legendspammrr??'s rating: 1044 &rarr; <strong>1032<\/strong><br \/>(-12 for losing)\n|raw|py123456's rating: 1132 &rarr; <strong>1151<\/strong><br \/>(+19 for winning)\n","uploadtime":1700738899,"views":0,"p1id":"legendspammrr","p2id":"py123456","formatid":"gen9nationaldex","rating":1032,"private":0,"password":""}