{"id":"gen9nationaldex-1990510513","p1":"lxvliiz","p2":"Toesmoist16","format":"[Gen 9] National Dex","log":"|j|\u2606lxvliiz\n|j|\u2606Toesmoist16\n|t:|1699977405\n|gametype|singles\n|player|p1|lxvliiz|guitarist|1111\n|player|p2|Toesmoist16|li|1018\n|teamsize|p1|6\n|teamsize|p2|6\n|gen|9\n|tier|[Gen 9] National Dex\n|rated|\n|rule|HP Percentage Mod: HP is shown in percentages\n|rule|Endless Battle Clause: Forcing endless battles is banned\n|rule|OHKO Clause: OHKO moves are banned\n|rule|Evasion Clause: Evasion abilities, items, and moves are banned\n|rule|Evasion Abilities Clause: Evasion abilities are banned\n|rule|Evasion Items Clause: Evasion items are banned\n|rule|Evasion Moves Clause: Evasion moves are banned\n|rule|Species Clause: Limit one of each Pok\u00e9mon\n|rule|Sleep Clause Mod: Limit one foe put to sleep\n|clearpoke\n|poke|p1|Charizard, M|\n|poke|p1|Azumarill, F|\n|poke|p1|Lilligant-Hisui, F|\n|poke|p1|Aegislash, F|\n|poke|p1|Nidoking, M|\n|poke|p1|Grimmsnarl, M|\n|poke|p2|Ribombee, M|\n|poke|p2|Articuno-Galar|\n|poke|p2|Torkoal, M|\n|poke|p2|Regidrago|\n|poke|p2|Conkeldurr, M|\n|poke|p2|Gliscor, M|\n|teampreview\n|\n|t:|1699977418\n|start\n|switch|p1a: Grimmsnarl|Grimmsnarl, M|100\/100\n|switch|p2a: Articuno|Articuno-Galar|100\/100\n|turn|1\n|\n|t:|1699977427\n|move|p1a: Grimmsnarl|Light Screen|p1a: Grimmsnarl\n|-sidestart|p1: lxvliiz|move: Light Screen\n|move|p2a: Articuno|Reflect|p2a: Articuno\n|-sidestart|p2: Toesmoist16|Reflect\n|\n|upkeep\n|turn|2\n|\n|t:|1699977433\n|move|p1a: Grimmsnarl|Reflect|p1a: Grimmsnarl\n|-sidestart|p1: lxvliiz|Reflect\n|move|p2a: Articuno|Light Screen|p2a: Articuno\n|-sidestart|p2: Toesmoist16|move: Light Screen\n|\n|upkeep\n|turn|3\n|\n|t:|1699977440\n|move|p1a: Grimmsnarl|Parting Shot|p2a: Articuno\n|-unboost|p2a: Articuno|atk|1\n|-ability|p2a: Articuno|Competitive|boost\n|-boost|p2a: Articuno|spa|2\n|-unboost|p2a: Articuno|spa|1\n|-ability|p2a: Articuno|Competitive|boost\n|-boost|p2a: Articuno|spa|2\n|c|\u2606lxvliiz|oof\n|\n|t:|1699977449\n|switch|p1a: Azumarill|Azumarill, F|100\/100|[from] Parting Shot\n|move|p2a: Articuno|U-turn|p1a: Azumarill\n|-resisted|p1a: Azumarill\n|-damage|p1a: Azumarill|98\/100\n|\n|t:|1699977457\n|switch|p2a: Ribombee|Ribombee, M|100\/100|[from] U-turn\n|\n|upkeep\n|turn|4\n|\n|t:|1699977473\n|move|p2a: Ribombee|Quiver Dance|p2a: Ribombee\n|-boost|p2a: Ribombee|spa|1\n|-boost|p2a: Ribombee|spd|1\n|-boost|p2a: Ribombee|spe|1\n|move|p1a: Azumarill|Belly Drum|p1a: Azumarill\n|-damage|p1a: Azumarill|48\/100\n|-setboost|p1a: Azumarill|atk|6|[from] move: Belly Drum\n|-enditem|p1a: Azumarill|Sitrus Berry|[eat]\n|-heal|p1a: Azumarill|73\/100|[from] item: Sitrus Berry\n|\n|upkeep\n|turn|5\n|inactive|Battle timer is ON: inactive players will automatically lose when time's up. (requested by lxvliiz)\n|\n|t:|1699977525\n|-terastallize|p1a: Azumarill|Water\n|move|p2a: Ribombee|Quiver Dance|p2a: Ribombee\n|-boost|p2a: Ribombee|spa|1\n|-boost|p2a: Ribombee|spd|1\n|-boost|p2a: Ribombee|spe|1\n|move|p1a: Azumarill|Liquidation|p2a: Ribombee\n|-damage|p2a: Ribombee|0 fnt\n|faint|p2a: Ribombee\n|\n|-sideend|p2: Toesmoist16|Reflect\n|upkeep\n|\n|t:|1699977541\n|switch|p2a: Torkoal|Torkoal, M|100\/100\n|-weather|SunnyDay|[from] ability: Drought|[of] p2a: Torkoal\n|turn|6\n|\n|t:|1699977548\n|move|p1a: Azumarill|Play Rough|p2a: Torkoal\n|-resisted|p2a: Torkoal\n|-damage|p2a: Torkoal|22\/100\n|move|p2a: Torkoal|Clear Smog|p1a: Azumarill\n|-damage|p1a: Azumarill|68\/100\n|-clearboost|p1a: Azumarill\n|\n|-weather|SunnyDay|[upkeep]\n|-heal|p2a: Torkoal|28\/100|[from] item: Leftovers\n|-sideend|p2: Toesmoist16|move: Light Screen\n|upkeep\n|turn|7\n|\n|t:|1699977561\n|move|p1a: Azumarill|Belly Drum|p1a: Azumarill\n|-damage|p1a: Azumarill|18\/100\n|-setboost|p1a: Azumarill|atk|6|[from] move: Belly Drum\n|move|p2a: Torkoal|Clear Smog|p1a: Azumarill\n|-damage|p1a: Azumarill|13\/100\n|-clearboost|p1a: Azumarill\n|\n|-weather|SunnyDay|[upkeep]\n|-heal|p2a: Torkoal|34\/100|[from] item: Leftovers\n|upkeep\n|turn|8\n|\n|t:|1699977573\n|move|p1a: Azumarill|Play Rough|p2a: Torkoal\n|-resisted|p2a: Torkoal\n|-crit|p2a: Torkoal\n|-damage|p2a: Torkoal|7\/100\n|move|p2a: Torkoal|Clear Smog|p1a: Azumarill\n|-damage|p1a: Azumarill|9\/100\n|-clearboost|p1a: Azumarill\n|\n|-weather|SunnyDay|[upkeep]\n|-heal|p2a: Torkoal|13\/100|[from] item: Leftovers\n|-sideend|p1: lxvliiz|move: Light Screen\n|upkeep\n|turn|9\n|\n|t:|1699977588\n|move|p1a: Azumarill|Play Rough|p2a: Torkoal\n|-resisted|p2a: Torkoal\n|-damage|p2a: Torkoal|0 fnt\n|faint|p2a: Torkoal\n|\n|-weather|SunnyDay|[upkeep]\n|-sideend|p1: lxvliiz|Reflect\n|upkeep\n|\n|t:|1699977597\n|switch|p2a: Conkeldurr|Conkeldurr, M, shiny|100\/100\n|turn|10\n|\n|t:|1699977600\n|move|p1a: Azumarill|Aqua Jet|p2a: Conkeldurr\n|-damage|p2a: Conkeldurr|86\/100\n|move|p2a: Conkeldurr|Mach Punch|p1a: Azumarill\n|-damage|p1a: Azumarill|0 fnt\n|faint|p1a: Azumarill\n|\n|-weather|none\n|-status|p2a: Conkeldurr|brn|[from] item: Flame Orb\n|upkeep\n|\n|t:|1699977605\n|switch|p1a: Grimmsnarl|Grimmsnarl, M|100\/100\n|turn|11\n|\n|t:|1699977621\n|-terastallize|p2a: Conkeldurr|Fighting\n|move|p1a: Grimmsnarl|Fake Out|p2a: Conkeldurr\n|-damage|p2a: Conkeldurr|77\/100 brn\n|cant|p2a: Conkeldurr|flinch\n|\n|-damage|p2a: Conkeldurr|71\/100 brn|[from] brn\n|upkeep\n|turn|12\n|\n|t:|1699977630\n|move|p1a: Grimmsnarl|Reflect|p1a: Grimmsnarl\n|-sidestart|p1: lxvliiz|Reflect\n|move|p2a: Conkeldurr|Hammer Arm|p1a: Grimmsnarl\n|-damage|p1a: Grimmsnarl|21\/100\n|-unboost|p2a: Conkeldurr|spe|1\n|\n|-damage|p2a: Conkeldurr|65\/100 brn|[from] brn\n|upkeep\n|turn|13\n|\n|t:|1699977638\n|move|p1a: Grimmsnarl|Parting Shot|p2a: Conkeldurr\n|-unboost|p2a: Conkeldurr|atk|1\n|-unboost|p2a: Conkeldurr|spa|1\n|\n|t:|1699977642\n|switch|p1a: Aegislash|Aegislash, F|100\/100|[from] Parting Shot\n|move|p2a: Conkeldurr|Mach Punch|p1a: Aegislash\n|-immune|p1a: Aegislash\n|\n|-damage|p2a: Conkeldurr|59\/100 brn|[from] brn\n|upkeep\n|turn|14\n|\n|t:|1699977654\n|move|p1a: Aegislash|King's Shield|p1a: Aegislash\n|-singleturn|p1a: Aegislash|Protect\n|move|p2a: Conkeldurr|Knock Off|p1a: Aegislash\n|-activate|p1a: Aegislash|move: Protect\n|-unboost|p2a: Conkeldurr|atk|1\n|\n|-damage|p2a: Conkeldurr|53\/100 brn|[from] brn\n|upkeep\n|turn|15\n|\n|t:|1699977663\n|move|p2a: Conkeldurr|Knock Off|p1a: Aegislash\n|-supereffective|p1a: Aegislash\n|-damage|p1a: Aegislash|78\/100\n|-enditem|p1a: Aegislash|Iron Ball|[from] move: Knock Off|[of] p2a: Conkeldurr\n|-formechange|p1a: Aegislash|Aegislash-Blade||[from] ability: Stance Change\n|move|p1a: Aegislash|Shadow Ball|p2a: Conkeldurr\n|-damage|p2a: Conkeldurr|12\/100 brn\n|\n|-damage|p2a: Conkeldurr|6\/100 brn|[from] brn\n|upkeep\n|turn|16\n|\n|t:|1699977674\n|-formechange|p1a: Aegislash|Aegislash||[from] ability: Stance Change\n|move|p1a: Aegislash|King's Shield|p1a: Aegislash\n|-singleturn|p1a: Aegislash|Protect\n|move|p2a: Conkeldurr|Knock Off|p1a: Aegislash\n|-activate|p1a: Aegislash|move: Protect\n|-unboost|p2a: Conkeldurr|atk|1\n|\n|-damage|p2a: Conkeldurr|0 fnt|[from] brn\n|faint|p2a: Conkeldurr\n|upkeep\n|inactive|Toesmoist16 has 120 seconds left.\n|\n|t:|1699977699\n|switch|p2a: Gliscor|Gliscor, M, shiny|100\/100\n|turn|17\n|\n|t:|1699977705\n|move|p2a: Gliscor|Earthquake|p1a: Aegislash\n|-supereffective|p1a: Aegislash\n|-damage|p1a: Aegislash|50\/100\n|-formechange|p1a: Aegislash|Aegislash-Blade||[from] ability: Stance Change\n|move|p1a: Aegislash|Shadow Ball|p2a: Gliscor\n|-damage|p2a: Gliscor|44\/100\n|-unboost|p2a: Gliscor|spd|1\n|\n|-status|p2a: Gliscor|tox|[from] item: Toxic Orb\n|upkeep\n|turn|18\n|inactive|Toesmoist16 has 120 seconds left.\n|\n|t:|1699977728\n|move|p2a: Gliscor|Protect|p2a: Gliscor\n|-singleturn|p2a: Gliscor|Protect\n|-formechange|p1a: Aegislash|Aegislash||[from] ability: Stance Change\n|move|p1a: Aegislash|King's Shield||[still]\n|-fail|p1a: Aegislash\n|\n|-heal|p2a: Gliscor|57\/100 tox|[from] ability: Poison Heal\n|upkeep\n|turn|19\n|inactive|Toesmoist16 has 120 seconds left.\n|\n|t:|1699977739\n|move|p2a: Gliscor|Earthquake|p1a: Aegislash\n|-supereffective|p1a: Aegislash\n|-damage|p1a: Aegislash|19\/100\n|-formechange|p1a: Aegislash|Aegislash-Blade||[from] ability: Stance Change\n|move|p1a: Aegislash|Shadow Ball|p2a: Gliscor\n|-damage|p2a: Gliscor|0 fnt\n|faint|p2a: Gliscor\n|\n|-sideend|p1: lxvliiz|Reflect\n|upkeep\n|\n|t:|1699977749\n|switch|p2a: Regidrago|Regidrago|100\/100\n|turn|20\n|\n|t:|1699977755\n|move|p2a: Regidrago|Earthquake|p1a: Aegislash\n|-supereffective|p1a: Aegislash\n|-damage|p1a: Aegislash|0 fnt\n|faint|p1a: Aegislash\n|\n|upkeep\n|\n|t:|1699977760\n|switch|p1a: Grimmsnarl|Grimmsnarl, M|21\/100\n|turn|21\n|\n|t:|1699977769\n|move|p1a: Grimmsnarl|Fake Out|p2a: Regidrago\n|-damage|p2a: Regidrago|88\/100\n|cant|p2a: Regidrago|flinch\n|\n|upkeep\n|turn|22\n|inactive|Toesmoist16 has 120 seconds left.\n|inactive|lxvliiz has 120 seconds left.\n|\n|t:|1699977807\n|move|p1a: Grimmsnarl|Light Screen|p1a: Grimmsnarl\n|-sidestart|p1: lxvliiz|move: Light Screen\n|move|p2a: Regidrago|Earthquake|p1a: Grimmsnarl\n|-damage|p1a: Grimmsnarl|0 fnt\n|faint|p1a: Grimmsnarl\n|\n|upkeep\n|inactive|lxvliiz has 120 seconds left.\n|\n|t:|1699977830\n|switch|p1a: Nidoking|Nidoking, M|100\/100\n|turn|23\n|inactive|Toesmoist16 has 120 seconds left.\n|\n|t:|1699977852\n|move|p1a: Nidoking|Ice Beam|p2a: Regidrago\n|-supereffective|p2a: Regidrago\n|-damage|p2a: Regidrago|0 fnt\n|faint|p2a: Regidrago\n|\n|upkeep\n|\n|t:|1699977857\n|switch|p2a: Articuno|Articuno-Galar|100\/100\n|turn|24\n|\n|t:|1699977873\n|move|p1a: Nidoking|Ice Beam|p2a: Articuno\n|-supereffective|p2a: Articuno\n|-damage|p2a: Articuno|36\/100\n|move|p2a: Articuno|Psychic|p1a: Nidoking\n|-supereffective|p1a: Nidoking\n|-damage|p1a: Nidoking|45\/100\n|\n|upkeep\n|turn|25\n|\n|t:|1699977889\n|move|p1a: Nidoking|Ice Beam|p2a: Articuno\n|-supereffective|p2a: Articuno\n|-damage|p2a: Articuno|0 fnt\n|faint|p2a: Articuno\n|\n|win|lxvliiz\n|raw|lxvliiz's rating: 1111 &rarr; <strong>1129<\/strong><br \/>(+18 for winning)\n|raw|Toesmoist16's rating: 1018 &rarr; <strong>1009<\/strong><br \/>(-9 for losing)\n|c|\u2606lxvliiz|gg\n|c|\u2606lxvliiz|well played\n|l|\u2606Toesmoist16\n","uploadtime":1699977896,"views":4,"p1id":"lxvliiz","p2id":"toesmoist16","formatid":"gen9nationaldex","rating":1009,"private":0,"password":""}