{"id":"gen9nationaldex-1999551026","p1":"Mscoquart8","p2":"cyleox","format":"[Gen 9] National Dex","log":"|html|<div class=\"broadcast-blue\"><strong>[Gen 9] National Dex is currently suspecting Sneasler! For information on how to participate check out the <a href=\"https:\/\/www.smogon.com\/forums\/threads\/sv-national-dex-suspect-8-just-dance.3731534\/\">suspect thread<\/a>.<\/strong><\/div>\n|j|\u2606Mscoquart8\n|j|\u2606cyleox\n|t:|1701095251\n|gametype|singles\n|player|p1|Mscoquart8|2|1269\n|player|p2|cyleox|akari|1341\n|teamsize|p1|6\n|teamsize|p2|6\n|gen|9\n|tier|[Gen 9] National Dex\n|rated|\n|rule|HP Percentage Mod: HP is shown in percentages\n|rule|Endless Battle Clause: Forcing endless battles is banned\n|rule|OHKO Clause: OHKO moves are banned\n|rule|Evasion Clause: Evasion abilities, items, and moves are banned\n|rule|Evasion Abilities Clause: Evasion abilities are banned\n|rule|Evasion Items Clause: Evasion items are banned\n|rule|Evasion Moves Clause: Evasion moves are banned\n|rule|Species Clause: Limit one of each Pok\u00e9mon\n|rule|Sleep Clause Mod: Limit one foe put to sleep\n|clearpoke\n|poke|p1|Abomasnow, M|\n|poke|p1|Glimmora, F|\n|poke|p1|Zeraora|\n|poke|p1|Volcanion|\n|poke|p1|Landorus-Therian, M|\n|poke|p1|Iron Treads|\n|poke|p2|Hatterene, F|\n|poke|p2|Mawile, F|\n|poke|p2|Cresselia, F|\n|poke|p2|Porygon2|\n|poke|p2|Marowak-Alola, M|\n|poke|p2|Arctovish|\n|teampreview\n|\n|t:|1701095265\n|start\n|switch|p1a: Zeraora|Zeraora|100\/100\n|switch|p2a: Cresselia|Cresselia, F|100\/100\n|turn|1\n|\n|t:|1701095271\n|move|p1a: Zeraora|Knock Off|p2a: Cresselia\n|-supereffective|p2a: Cresselia\n|-damage|p2a: Cresselia|37\/100\n|-enditem|p2a: Cresselia|Mental Herb|[from] move: Knock Off|[of] p1a: Zeraora\n|move|p2a: Cresselia|Trick Room|p2a: Cresselia\n|-fieldstart|move: Trick Room|[of] p2a: Cresselia\n|\n|upkeep\n|turn|2\n|\n|t:|1701095285\n|move|p2a: Cresselia|Lunar Dance|p2a: Cresselia\n|faint|p2a: Cresselia\n|move|p1a: Zeraora|Knock Off|p2: Cresselia|[notarget]\n|-fail|p1a: Zeraora\n|\n|upkeep\n|\n|t:|1701095297\n|switch|p2a: Marowak|Marowak-Alola, M|100\/100\n|turn|3\n|\n|t:|1701095305\n|move|p2a: Marowak|Earthquake|p1a: Zeraora\n|-supereffective|p1a: Zeraora\n|-damage|p1a: Zeraora|0 fnt\n|faint|p1a: Zeraora\n|\n|upkeep\n|\n|t:|1701095310\n|switch|p1a: Landorus|Landorus-Therian, M|100\/100\n|-ability|p1a: Landorus|Intimidate|boost\n|-unboost|p2a: Marowak|atk|1\n|turn|4\n|\n|t:|1701095324\n|switch|p2a: Porygon2|Porygon2|100\/100\n|-ability|p2a: Porygon2|Intimidate|boost\n|-unboost|p1a: Landorus|atk|1\n|-ability|p2a: Porygon2|Intimidate|[from] ability: Trace|[of] p1a: Landorus\n|move|p1a: Landorus|Earthquake|p2a: Porygon2\n|-damage|p2a: Porygon2|83\/100\n|\n|upkeep\n|turn|5\n|\n|t:|1701095336\n|move|p2a: Porygon2|Ice Beam|p1a: Landorus\n|-supereffective|p1a: Landorus\n|-damage|p1a: Landorus|0 fnt\n|faint|p1a: Landorus\n|\n|-fieldend|move: Trick Room\n|upkeep\n|\n|t:|1701095354\n|switch|p1a: Abomasnow|Abomasnow, M|100\/100\n|-weather|Snow|[from] ability: Snow Warning|[of] p1a: Abomasnow\n|turn|6\n|\n|t:|1701095375\n|detailschange|p1a: Abomasnow|Abomasnow-Mega, M\n|-mega|p1a: Abomasnow|Abomasnow|Abomasite\n|move|p1a: Abomasnow|Blizzard|p2a: Porygon2\n|-damage|p2a: Porygon2|52\/100\n|move|p2a: Porygon2|Teleport|p2a: Porygon2\n|\n|t:|1701095383\n|switch|p2a: Marowak|Marowak-Alola, M|100\/100|[from] Teleport\n|-heal|p2a: Marowak|100\/100|[from] move: Lunar Dance\n|\n|-weather|Snow|[upkeep]\n|upkeep\n|turn|7\n|\n|t:|1701095396\n|switch|p1a: Volcanion|Volcanion|100\/100\n|move|p2a: Marowak|Poltergeist|p1a: Volcanion\n|-activate|p1a: Volcanion|move: Poltergeist|Assault Vest\n|-damage|p1a: Volcanion|33\/100\n|\n|-weather|Snow|[upkeep]\n|upkeep\n|turn|8\n|\n|t:|1701095409\n|switch|p2a: Arctovish|Arctovish|100\/100\n|move|p1a: Volcanion|Steam Eruption|p2a: Arctovish\n|-resisted|p2a: Arctovish\n|-damage|p2a: Arctovish|68\/100\n|\n|-weather|Snow|[upkeep]\n|-heal|p2a: Arctovish|74\/100|[from] ability: Ice Body\n|upkeep\n|turn|9\n|\n|t:|1701095426\n|switch|p1a: Abomasnow|Abomasnow-Mega, M|100\/100\n|move|p2a: Arctovish|Fishious Rend|p1a: Abomasnow\n|-resisted|p1a: Abomasnow\n|-damage|p1a: Abomasnow|67\/100\n|\n|-weather|Snow|[upkeep]\n|-heal|p2a: Arctovish|80\/100|[from] ability: Ice Body\n|upkeep\n|turn|10\n|\n|t:|1701095456\n|switch|p2a: Hatterene|Hatterene, F|100\/100\n|move|p1a: Abomasnow|Leech Seed|p2a: Hatterene\n|move|p2a: Hatterene|Leech Seed|p1a: Abomasnow|[from]ability: Magic Bounce\n|-immune|p1a: Abomasnow\n|\n|-weather|none\n|upkeep\n|turn|11\n|\n|t:|1701095466\n|switch|p1a: Volcanion|Volcanion|33\/100\n|move|p2a: Hatterene|Trick Room|p2a: Hatterene\n|-fieldstart|move: Trick Room|[of] p2a: Hatterene\n|\n|upkeep\n|turn|12\n|\n|t:|1701095477\n|move|p2a: Hatterene|Healing Wish|p2a: Hatterene\n|faint|p2a: Hatterene\n|move|p1a: Volcanion|Flamethrower|p2: Hatterene|[notarget]\n|-fail|p1a: Volcanion\n|\n|upkeep\n|\n|t:|1701095499\n|switch|p2a: Mawile|Mawile, F|100\/100\n|-ability|p2a: Mawile|Intimidate|boost\n|-unboost|p1a: Volcanion|atk|1\n|turn|13\n|\n|t:|1701095511\n|detailschange|p2a: Mawile|Mawile-Mega, F\n|-mega|p2a: Mawile|Mawile|Mawilite\n|move|p2a: Mawile|Play Rough|p1a: Volcanion\n|-resisted|p1a: Volcanion\n|-damage|p1a: Volcanion|1\/100\n|move|p1a: Volcanion|Flamethrower|p2a: Mawile\n|-supereffective|p2a: Mawile\n|-damage|p2a: Mawile|0 fnt\n|faint|p2a: Mawile\n|\n|upkeep\n|\n|t:|1701095522\n|switch|p2a: Arctovish|Arctovish|80\/100\n|-heal|p2a: Arctovish|100\/100|[from] move: Healing Wish\n|turn|14\n|\n|t:|1701095530\n|move|p2a: Arctovish|Psychic Fangs|p1a: Volcanion\n|-damage|p1a: Volcanion|0 fnt\n|faint|p1a: Volcanion\n|\n|upkeep\n|\n|t:|1701095536\n|switch|p1a: Abomasnow|Abomasnow-Mega, M|67\/100\n|-weather|Snow|[from] ability: Snow Warning|[of] p1a: Abomasnow\n|turn|15\n|\n|t:|1701095541\n|switch|p2a: Porygon2|Porygon2|52\/100\n|-ability|p2a: Porygon2|Snow Warning|[from] ability: Trace|[of] p1a: Abomasnow\n|move|p1a: Abomasnow|Leech Seed|p2a: Porygon2\n|-start|p2a: Porygon2|move: Leech Seed\n|\n|-weather|Snow|[upkeep]\n|-damage|p2a: Porygon2|40\/100|[from] Leech Seed|[of] p1a: Abomasnow\n|-heal|p1a: Abomasnow|79\/100|[silent]\n|-fieldend|move: Trick Room\n|upkeep\n|turn|16\n|\n|t:|1701095554\n|switch|p1a: Glimmora|Glimmora, F|100\/100\n|move|p2a: Porygon2|Recover|p2a: Porygon2\n|-heal|p2a: Porygon2|90\/100\n|\n|-weather|Snow|[upkeep]\n|-damage|p2a: Porygon2|78\/100|[from] Leech Seed|[of] p1a: Glimmora\n|upkeep\n|turn|17\n|\n|t:|1701095564\n|move|p1a: Glimmora|Mortal Spin|p2a: Porygon2\n|-damage|p2a: Porygon2|74\/100\n|-status|p2a: Porygon2|psn\n|move|p2a: Porygon2|Trick Room|p2a: Porygon2\n|-fieldstart|move: Trick Room|[of] p2a: Porygon2\n|\n|-weather|Snow|[upkeep]\n|-damage|p2a: Porygon2|62\/100 psn|[from] Leech Seed|[of] p1a: Glimmora\n|-damage|p2a: Porygon2|49\/100 psn|[from] psn\n|upkeep\n|turn|18\n|\n|t:|1701095574\n|switch|p1a: Abomasnow|Abomasnow-Mega, M|79\/100\n|move|p2a: Porygon2|Teleport|p2a: Porygon2\n|\n|t:|1701095577\n|switch|p2a: Marowak|Marowak-Alola, M|100\/100|[from] Teleport\n|\n|-weather|Snow|[upkeep]\n|upkeep\n|turn|19\n|\n|t:|1701095592\n|switch|p1a: Glimmora|Glimmora, F|100\/100\n|move|p2a: Marowak|Flare Blitz|p1a: Glimmora\n|-resisted|p1a: Glimmora\n|-damage|p1a: Glimmora|68\/100\n|-activate|p1a: Glimmora|ability: Toxic Debris\n|-sidestart|p2: cyleox|move: Toxic Spikes\n|\n|-weather|none\n|-heal|p1a: Glimmora|74\/100|[from] item: Leftovers\n|upkeep\n|turn|20\n|\n|t:|1701095601\n|move|p1a: Glimmora|Spiky Shield|p1a: Glimmora\n|-singleturn|p1a: Glimmora|move: Protect\n|move|p2a: Marowak|Poltergeist|p1a: Glimmora\n|-activate|p1a: Glimmora|move: Protect\n|\n|-heal|p1a: Glimmora|80\/100|[from] item: Leftovers\n|upkeep\n|turn|21\n|\n|t:|1701095611\n|move|p2a: Marowak|Poltergeist|p1a: Glimmora\n|-activate|p1a: Glimmora|move: Poltergeist|Leftovers\n|-damage|p1a: Glimmora|18\/100\n|-activate|p1a: Glimmora|ability: Toxic Debris\n|-sidestart|p2: cyleox|move: Toxic Spikes\n|move|p1a: Glimmora|Mortal Spin|p2a: Marowak\n|-resisted|p2a: Marowak\n|-damage|p2a: Marowak|97\/100\n|-status|p2a: Marowak|psn\n|\n|-heal|p1a: Glimmora|24\/100|[from] item: Leftovers\n|-damage|p2a: Marowak|84\/100 psn|[from] psn\n|-fieldend|move: Trick Room\n|upkeep\n|turn|22\n|\n|t:|1701095624\n|move|p1a: Glimmora|Spiky Shield|p1a: Glimmora\n|-singleturn|p1a: Glimmora|move: Protect\n|move|p2a: Marowak|Swords Dance|p2a: Marowak\n|-boost|p2a: Marowak|atk|2\n|\n|-heal|p1a: Glimmora|30\/100|[from] item: Leftovers\n|-damage|p2a: Marowak|72\/100 psn|[from] psn\n|upkeep\n|turn|23\n|\n|t:|1701095632\n|move|p1a: Glimmora|Ancient Power|p2a: Marowak\n|-supereffective|p2a: Marowak\n|-damage|p2a: Marowak|2\/100 psn\n|move|p2a: Marowak|Earthquake|p1a: Glimmora\n|-supereffective|p1a: Glimmora\n|-damage|p1a: Glimmora|0 fnt\n|faint|p1a: Glimmora\n|\n|-damage|p2a: Marowak|0 fnt|[from] psn\n|faint|p2a: Marowak\n|upkeep\n|\n|t:|1701095644\n|switch|p1a: Abomasnow|Abomasnow-Mega, M|79\/100\n|switch|p2a: Porygon2|Porygon2|49\/100 psn\n|-weather|Snow|[from] ability: Snow Warning|[of] p2a: Porygon2\n|-ability|p2a: Porygon2|Snow Warning|[from] ability: Trace|[of] p1a: Abomasnow\n|turn|24\n|\n|t:|1701095659\n|move|p2a: Porygon2|Recover|p2a: Porygon2\n|-heal|p2a: Porygon2|99\/100 psn\n|move|p1a: Abomasnow|Leech Seed|p2a: Porygon2\n|-start|p2a: Porygon2|move: Leech Seed\n|\n|-weather|Snow|[upkeep]\n|-damage|p2a: Porygon2|87\/100 psn|[from] Leech Seed|[of] p1a: Abomasnow\n|-heal|p1a: Abomasnow|91\/100|[silent]\n|-damage|p2a: Porygon2|75\/100 psn|[from] psn\n|upkeep\n|turn|25\n|\n|t:|1701095671\n|switch|p2a: Arctovish|Arctovish|100\/100\n|-status|p2a: Arctovish|tox\n|move|p1a: Abomasnow|Leech Seed|p2a: Arctovish\n|-start|p2a: Arctovish|move: Leech Seed\n|\n|-weather|Snow|[upkeep]\n|-damage|p2a: Arctovish|88\/100 tox|[from] Leech Seed|[of] p1a: Abomasnow\n|-heal|p1a: Abomasnow|100\/100|[silent]\n|-damage|p2a: Arctovish|82\/100 tox|[from] psn\n|upkeep\n|turn|26\n|\n|t:|1701095687\n|switch|p1a: Iron Treads|Iron Treads|100\/100\n|-enditem|p1a: Iron Treads|Booster Energy\n|-activate|p1a: Iron Treads|ability: Quark Drive|[fromitem]\n|-start|p1a: Iron Treads|quarkdrivespe\n|move|p2a: Arctovish|Stone Edge|p1a: Iron Treads\n|-resisted|p1a: Iron Treads\n|-crit|p1a: Iron Treads\n|-damage|p1a: Iron Treads|84\/100\n|\n|-weather|Snow|[upkeep]\n|-heal|p2a: Arctovish|88\/100 tox|[from] ability: Ice Body\n|-damage|p2a: Arctovish|76\/100 tox|[from] Leech Seed|[of] p1a: Iron Treads\n|-heal|p1a: Iron Treads|99\/100|[silent]\n|-damage|p2a: Arctovish|64\/100 tox|[from] psn\n|upkeep\n|turn|27\n|\n|t:|1701095703\n|switch|p2a: Porygon2|Porygon2|75\/100 psn\n|move|p1a: Iron Treads|Steel Beam|p2a: Porygon2\n|-damage|p2a: Porygon2|45\/100 psn\n|-damage|p1a: Iron Treads|49\/100|[from] steelbeam\n|\n|-weather|Snow|[upkeep]\n|-damage|p2a: Porygon2|33\/100 psn|[from] psn\n|upkeep\n|turn|28\n|\n|t:|1701095715\n|move|p1a: Iron Treads|Volt Switch|p2a: Porygon2\n|-crit|p2a: Porygon2\n|-damage|p2a: Porygon2|17\/100 psn\n|\n|t:|1701095718\n|-end|p1a: Iron Treads|Quark Drive|[silent]\n|switch|p1a: Abomasnow|Abomasnow-Mega, M|100\/100|[from] Volt Switch\n|-ability|p2a: Porygon2|Snow Warning|[from] ability: Trace|[of] p1a: Abomasnow\n|move|p2a: Porygon2|Recover|p2a: Porygon2\n|-heal|p2a: Porygon2|67\/100 psn\n|\n|-weather|none\n|-damage|p2a: Porygon2|54\/100 psn|[from] psn\n|upkeep\n|turn|29\n|inactive|Battle timer is ON: inactive players will automatically lose when time's up. (requested by Mscoquart8)\n|\n|t:|1701095728\n|move|p2a: Porygon2|Recover|p2a: Porygon2\n|-heal|p2a: Porygon2|100\/100 psn\n|move|p1a: Abomasnow|Leech Seed|p2a: Porygon2\n|-start|p2a: Porygon2|move: Leech Seed\n|\n|-damage|p2a: Porygon2|88\/100 psn|[from] Leech Seed|[of] p1a: Abomasnow\n|-damage|p2a: Porygon2|76\/100 psn|[from] psn\n|upkeep\n|turn|30\n|\n|t:|1701095741\n|move|p1a: Abomasnow|Leech Seed||[still]\n|-fail|p1a: Abomasnow\n|move|p2a: Porygon2|Teleport|p2a: Porygon2\n|\n|t:|1701095743\n|switch|p2a: Arctovish|Arctovish|64\/100 tox|[from] Teleport\n|\n|-damage|p2a: Arctovish|58\/100 tox|[from] psn\n|upkeep\n|turn|31\n|\n|t:|1701095750\n|switch|p1a: Iron Treads|Iron Treads|49\/100\n|-terastallize|p2a: Arctovish|Water\n|move|p2a: Arctovish|Fishious Rend|p1a: Iron Treads\n|-supereffective|p1a: Iron Treads\n|-damage|p1a: Iron Treads|0 fnt\n|faint|p1a: Iron Treads\n|-end|p1a: Iron Treads|Quark Drive|[silent]\n|\n|-damage|p2a: Arctovish|46\/100 tox|[from] psn\n|upkeep\n|\n|t:|1701095759\n|switch|p1a: Abomasnow|Abomasnow-Mega, M|100\/100\n|-weather|Snow|[from] ability: Snow Warning|[of] p1a: Abomasnow\n|turn|32\n|\n|t:|1701095769\n|move|p2a: Arctovish|Fishious Rend|p1a: Abomasnow\n|-resisted|p1a: Abomasnow\n|-damage|p1a: Abomasnow|61\/100\n|move|p1a: Abomasnow|Leech Seed|p2a: Arctovish\n|-start|p2a: Arctovish|move: Leech Seed\n|\n|-weather|Snow|[upkeep]\n|-heal|p2a: Arctovish|52\/100 tox|[from] ability: Ice Body\n|-damage|p2a: Arctovish|40\/100 tox|[from] Leech Seed|[of] p1a: Abomasnow\n|-heal|p1a: Abomasnow|73\/100|[silent]\n|-damage|p2a: Arctovish|22\/100 tox|[from] psn\n|upkeep\n|turn|33\n|\n|t:|1701095779\n|move|p2a: Arctovish|Fishious Rend|p1a: Abomasnow\n|-resisted|p1a: Abomasnow\n|-damage|p1a: Abomasnow|33\/100\n|move|p1a: Abomasnow|Blizzard|p2a: Arctovish\n|-resisted|p2a: Arctovish\n|-damage|p2a: Arctovish|0 fnt\n|faint|p2a: Arctovish\n|\n|-weather|Snow|[upkeep]\n|upkeep\n|\n|t:|1701095786\n|switch|p2a: Porygon2|Porygon2|76\/100 psn\n|-ability|p2a: Porygon2|Snow Warning|[from] ability: Trace|[of] p1a: Abomasnow\n|turn|34\n|\n|t:|1701095791\n|move|p2a: Porygon2|Ice Beam|p1a: Abomasnow\n|-damage|p1a: Abomasnow|19\/100\n|move|p1a: Abomasnow|Wood Hammer|p2a: Porygon2\n|-damage|p2a: Porygon2|52\/100 psn\n|-damage|p1a: Abomasnow|11\/100|[from] Recoil\n|\n|-weather|Snow|[upkeep]\n|-damage|p2a: Porygon2|40\/100 psn|[from] psn\n|upkeep\n|turn|35\n|\n|t:|1701095799\n|move|p2a: Porygon2|Ice Beam|p1a: Abomasnow\n|-damage|p1a: Abomasnow|0 fnt\n|faint|p1a: Abomasnow\n|\n|win|cyleox\n|raw|Mscoquart8's rating: 1269 &rarr; <strong>1249<\/strong><br \/>(-20 for losing)\n|raw|cyleox's rating: 1341 &rarr; <strong>1357<\/strong><br \/>(+16 for winning)\n|l|\u2606Mscoquart8\n","uploadtime":1701095820,"views":3,"p1id":"mscoquart8","p2id":"cyleox","formatid":"gen9nationaldex","rating":1249,"private":0,"password":""}