{"id":"gen9nationaldex-1994737588","p1":"dannybew","p2":"sugar mommy\/daddy","format":"[Gen 9] National Dex","log":"|html|<div class=\"broadcast-blue\"><strong>[Gen 9] National Dex is currently suspecting Sneasler! For information on how to participate check out the <a href=\"https:\/\/www.smogon.com\/forums\/threads\/sv-national-dex-suspect-8-just-dance.3731534\/\">suspect thread<\/a>.<\/strong><\/div>\n|j|\u2606dannybew\n|j|\u2606sugar mommy\/daddy\n|t:|1700487555\n|gametype|singles\n|player|p1|dannybew|ingo|1117\n|player|p2|sugar mommy\/daddy|roxie|1013\n|teamsize|p1|6\n|teamsize|p2|6\n|gen|9\n|tier|[Gen 9] National Dex\n|rated|\n|rule|HP Percentage Mod: HP is shown in percentages\n|rule|Endless Battle Clause: Forcing endless battles is banned\n|rule|OHKO Clause: OHKO moves are banned\n|rule|Evasion Clause: Evasion abilities, items, and moves are banned\n|rule|Evasion Abilities Clause: Evasion abilities are banned\n|rule|Evasion Items Clause: Evasion items are banned\n|rule|Evasion Moves Clause: Evasion moves are banned\n|rule|Species Clause: Limit one of each Pok\u00e9mon\n|rule|Sleep Clause Mod: Limit one foe put to sleep\n|clearpoke\n|poke|p1|Zoroark-Hisui, M|\n|poke|p1|Ting-Lu|\n|poke|p1|Slowking-Galar, F|\n|poke|p1|Urshifu-*, F|\n|poke|p1|Volcarona, F|\n|poke|p1|Tornadus-Therian, M|\n|poke|p2|Lopunny, F|\n|poke|p2|Gardevoir, F|\n|poke|p2|Vaporeon, F|\n|poke|p2|Hatterene, F|\n|poke|p2|Meowscarada, F|\n|poke|p2|Tapu Lele|\n|teampreview\n|l|\u2606dannybew\n|player|p1|\n|c|\u2606sugar mommy\/daddy|oh\n|inactive|Battle timer is ON: inactive players will automatically lose when time's up. (requested by sugar mommy\/daddy)\n|j|\u2606dannybew\n|inactive|dannybew reconnected and has 145 seconds left.\n|player|p1|dannybew|ingo\n|\n|t:|1700487608\n|start\n|switch|p1a: Slowking|Slowking-Galar, F|100\/100\n|switch|p2a: Tapu Lele|Tapu Lele, shiny|100\/100\n|-fieldstart|move: Psychic Terrain|[from] ability: Psychic Surge|[of] p2a: Tapu Lele\n|turn|1\n|\n|t:|1700487618\n|move|p2a: Tapu Lele|Calm Mind|p2a: Tapu Lele\n|-boost|p2a: Tapu Lele|spa|1\n|-boost|p2a: Tapu Lele|spd|1\n|move|p1a: Slowking|Sludge Bomb|p2a: Tapu Lele\n|-supereffective|p2a: Tapu Lele\n|-damage|p2a: Tapu Lele|55\/100\n|-status|p2a: Tapu Lele|psn\n|\n|-damage|p2a: Tapu Lele|42\/100 psn|[from] psn\n|upkeep\n|turn|2\n|\n|t:|1700487628\n|move|p2a: Tapu Lele|Nature's Madness|p1a: Slowking\n|-damage|p1a: Slowking|50\/100\n|move|p1a: Slowking|Chilly Reception|p1a: Slowking\n|-weather|Snow\n|\n|t:|1700487644\n|switch|p1a: Urshifu|Urshifu-Rapid-Strike, F|100\/100|[from] Chilly Reception\n|\n|-weather|Snow|[upkeep]\n|-damage|p2a: Tapu Lele|30\/100 psn|[from] psn\n|upkeep\n|turn|3\n|\n|t:|1700487650\n|switch|p2a: Gardevoir|Gardevoir, F, shiny|100\/100\n|-ability|p2a: Gardevoir|Unseen Fist|[from] ability: Trace|[of] p1a: Urshifu\n|move|p1a: Urshifu|Surging Strikes|p2a: Gardevoir\n|-crit|p2a: Gardevoir\n|-damage|p2a: Gardevoir|73\/100\n|-crit|p2a: Gardevoir\n|-damage|p2a: Gardevoir|47\/100\n|-crit|p2a: Gardevoir\n|-damage|p2a: Gardevoir|20\/100\n|-hitcount|p2a: Gardevoir|3\n|\n|-weather|Snow|[upkeep]\n|-heal|p2a: Gardevoir|26\/100|[from] item: Leftovers\n|upkeep\n|turn|4\n|\n|t:|1700487665\n|switch|p1a: Tornadus|Tornadus-Therian, M|100\/100\n|move|p2a: Gardevoir|Expanding Force|p1a: Tornadus\n|-damage|p1a: Tornadus|38\/100\n|\n|-weather|Snow|[upkeep]\n|-heal|p2a: Gardevoir|32\/100|[from] item: Leftovers\n|upkeep\n|turn|5\n|\n|t:|1700487672\n|move|p1a: Tornadus|U-turn|p2a: Gardevoir\n|-damage|p2a: Gardevoir|14\/100\n|\n|t:|1700487679\n|switch|p1a: Ting-Lu|Ting-Lu|100\/100|[from] U-turn\n|-ability|p1a: Ting-Lu|Vessel of Ruin\n|move|p2a: Gardevoir|Expanding Force|p1a: Ting-Lu\n|-immune|p1a: Ting-Lu\n|\n|-weather|Snow|[upkeep]\n|-heal|p2a: Gardevoir|20\/100|[from] item: Leftovers\n|-fieldend|move: Psychic Terrain\n|upkeep\n|turn|6\n|\n|t:|1700487690\n|-terastallize|p1a: Ting-Lu|Fairy\n|move|p2a: Gardevoir|Dazzling Gleam|p1a: Ting-Lu\n|-damage|p1a: Ting-Lu|86\/100\n|move|p1a: Ting-Lu|Earthquake|p2a: Gardevoir\n|-damage|p2a: Gardevoir|0 fnt\n|faint|p2a: Gardevoir\n|\n|-weather|none\n|-heal|p1a: Ting-Lu|92\/100|[from] item: Leftovers\n|upkeep\n|\n|t:|1700487701\n|switch|p2a: Tapu Lele|Tapu Lele, shiny|30\/100 psn\n|-fieldstart|move: Psychic Terrain|[from] ability: Psychic Surge|[of] p2a: Tapu Lele\n|turn|7\n|\n|t:|1700487714\n|switch|p1a: Slowking|Slowking-Galar, F|84\/100\n|move|p2a: Tapu Lele|Nature's Madness|p1a: Slowking|[miss]\n|-miss|p2a: Tapu Lele|p1a: Slowking\n|\n|-heal|p1a: Slowking|90\/100|[from] item: Black Sludge\n|-damage|p2a: Tapu Lele|17\/100 psn|[from] psn\n|upkeep\n|turn|8\n|\n|t:|1700487724\n|-zpower|p2a: Tapu Lele\n|move|p2a: Tapu Lele|Guardian of Alola|p1a: Slowking|[zeffect]\n|-damage|p1a: Slowking|23\/100\n|move|p1a: Slowking|Sludge Bomb|p2a: Tapu Lele\n|-supereffective|p2a: Tapu Lele\n|-damage|p2a: Tapu Lele|0 fnt\n|faint|p2a: Tapu Lele\n|\n|-heal|p1a: Slowking|29\/100|[from] item: Black Sludge\n|upkeep\n|\n|t:|1700487737\n|switch|p2a: Vaporeon|Vaporeon, F, shiny|100\/100\n|turn|9\n|\n|t:|1700487744\n|-terastallize|p2a: Vaporeon|Fire\n|move|p2a: Vaporeon|Acid Armor|p2a: Vaporeon\n|-boost|p2a: Vaporeon|def|2\n|move|p1a: Slowking|Chilly Reception|p1a: Slowking\n|-weather|Snow\n|\n|t:|1700487755\n|switch|p1a: Ting-Lu|Ting-Lu, tera:Fairy|92\/100|[from] Chilly Reception\n|-ability|p1a: Ting-Lu|Vessel of Ruin\n|\n|-weather|Snow|[upkeep]\n|-heal|p1a: Ting-Lu|98\/100|[from] item: Leftovers\n|upkeep\n|turn|10\n|\n|t:|1700487768\n|move|p2a: Vaporeon|Calm Mind|p2a: Vaporeon\n|-boost|p2a: Vaporeon|spa|1\n|-boost|p2a: Vaporeon|spd|1\n|move|p1a: Ting-Lu|Whirlwind|p2a: Vaporeon\n|drag|p2a: Lopunny|Lopunny, F, shiny|100\/100\n|\n|-weather|Snow|[upkeep]\n|-heal|p1a: Ting-Lu|100\/100|[from] item: Leftovers\n|upkeep\n|turn|11\n|\n|t:|1700487779\n|detailschange|p2a: Lopunny|Lopunny-Mega, F, shiny\n|-mega|p2a: Lopunny|Lopunny|Lopunnite\n|move|p1a: Ting-Lu|Stealth Rock|p2a: Lopunny\n|-sidestart|p2: sugar mommy\/daddy|move: Stealth Rock\n|move|p2a: Lopunny|Circle Throw|p1a: Ting-Lu|[miss]\n|-miss|p2a: Lopunny|p1a: Ting-Lu\n|\n|-weather|Snow|[upkeep]\n|-fieldend|move: Psychic Terrain\n|upkeep\n|turn|12\n|\n|t:|1700487788\n|move|p1a: Ting-Lu|Spikes|p2a: Lopunny\n|-sidestart|p2: sugar mommy\/daddy|Spikes\n|move|p2a: Lopunny|Circle Throw|p1a: Ting-Lu\n|-resisted|p1a: Ting-Lu\n|-damage|p1a: Ting-Lu|92\/100\n|drag|p1a: Slowking|Slowking-Galar, F|62\/100\n|\n|-weather|Snow|[upkeep]\n|-heal|p1a: Slowking|68\/100|[from] item: Black Sludge\n|upkeep\n|turn|13\n|\n|t:|1700487797\n|move|p2a: Lopunny|Drain Punch|p1a: Slowking\n|-resisted|p1a: Slowking\n|-damage|p1a: Slowking|59\/100\n|move|p1a: Slowking|Future Sight|p2a: Lopunny\n|-start|p1a: Slowking|move: Future Sight\n|\n|-weather|none\n|-heal|p1a: Slowking|65\/100|[from] item: Black Sludge\n|upkeep\n|turn|14\n|\n|t:|1700487805\n|switch|p2a: Hatterene|Hatterene, F, shiny|100\/100\n|-damage|p2a: Hatterene|88\/100|[from] Stealth Rock\n|-damage|p2a: Hatterene|76\/100|[from] Spikes\n|move|p1a: Slowking|Chilly Reception|p1a: Slowking\n|-weather|Snow\n|\n|t:|1700487816\n|switch|p1a: Urshifu|Urshifu-Rapid-Strike, F|100\/100|[from] Chilly Reception\n|\n|-weather|Snow|[upkeep]\n|upkeep\n|turn|15\n|\n|t:|1700487829\n|move|p1a: Urshifu|Surging Strikes|p2a: Hatterene\n|-crit|p2a: Hatterene\n|-damage|p2a: Hatterene|47\/100\n|-crit|p2a: Hatterene\n|-damage|p2a: Hatterene|22\/100\n|-crit|p2a: Hatterene\n|-damage|p2a: Hatterene|0 fnt\n|faint|p2a: Hatterene\n|-hitcount|p2: Hatterene|3\n|\n|-weather|Snow|[upkeep]\n|-hint|Future Sight did not hit because the target is fainted.\n|upkeep\n|\n|t:|1700487839\n|switch|p2a: Vaporeon|Vaporeon, F, shiny, tera:Fire|100\/100\n|-damage|p2a: Vaporeon|76\/100|[from] Stealth Rock\n|-damage|p2a: Vaporeon|63\/100|[from] Spikes\n|turn|16\n|\n|t:|1700487845\n|move|p1a: Urshifu|Surging Strikes|p2a: Vaporeon\n|-heal|p2a: Vaporeon|88\/100|[from] ability: Water Absorb|[of] p1a: Urshifu\n|move|p2a: Vaporeon|Acid Armor|p2a: Vaporeon\n|-boost|p2a: Vaporeon|def|2\n|\n|-weather|Snow|[upkeep]\n|upkeep\n|turn|17\n|\n|t:|1700487853\n|move|p1a: Urshifu|U-turn|p2a: Vaporeon\n|-resisted|p2a: Vaporeon\n|-damage|p2a: Vaporeon|83\/100\n|c|\u2606dannybew|I forgot\n|c|\u2606dannybew|oops\n|c|\u2606sugar mommy\/daddy|bro forgor\n|\n|t:|1700487877\n|switch|p1a: Ting-Lu|Ting-Lu, tera:Fairy|92\/100|[from] U-turn\n|-ability|p1a: Ting-Lu|Vessel of Ruin\n|move|p2a: Vaporeon|Acid Armor|p2a: Vaporeon\n|-boost|p2a: Vaporeon|def|2\n|\n|-weather|Snow|[upkeep]\n|-heal|p1a: Ting-Lu|99\/100|[from] item: Leftovers\n|upkeep\n|turn|18\n|\n|t:|1700487887\n|move|p2a: Vaporeon|Calm Mind|p2a: Vaporeon\n|-boost|p2a: Vaporeon|spa|1\n|-boost|p2a: Vaporeon|spd|1\n|move|p1a: Ting-Lu|Whirlwind|p2a: Vaporeon\n|drag|p2a: Lopunny|Lopunny-Mega, F, shiny|100\/100\n|-damage|p2a: Lopunny|95\/100|[from] Stealth Rock\n|-damage|p2a: Lopunny|82\/100|[from] Spikes\n|\n|-weather|none\n|-heal|p1a: Ting-Lu|100\/100|[from] item: Leftovers\n|upkeep\n|turn|19\n|\n|t:|1700487899\n|move|p1a: Ting-Lu|Spikes|p2a: Lopunny\n|-sidestart|p2: sugar mommy\/daddy|Spikes\n|move|p2a: Lopunny|Circle Throw|p1a: Ting-Lu\n|-resisted|p1a: Ting-Lu\n|-damage|p1a: Ting-Lu|92\/100\n|drag|p1a: Tornadus|Tornadus-Therian, M|71\/100\n|\n|upkeep\n|turn|20\n|\n|t:|1700487912\n|move|p2a: Lopunny|Drain Punch|p1a: Tornadus\n|-resisted|p1a: Tornadus\n|-damage|p1a: Tornadus|55\/100\n|-heal|p2a: Lopunny|93\/100|[from] drain|[of] p1a: Tornadus\n|-damage|p2a: Lopunny|77\/100|[from] item: Rocky Helmet|[of] p1a: Tornadus\n|move|p1a: Tornadus|U-turn|p2a: Lopunny\n|-resisted|p2a: Lopunny\n|-damage|p2a: Lopunny|66\/100\n|\n|t:|1700487918\n|switch|p1a: Ting-Lu|Ting-Lu, tera:Fairy|92\/100|[from] U-turn\n|-ability|p1a: Ting-Lu|Vessel of Ruin\n|\n|-heal|p1a: Ting-Lu|98\/100|[from] item: Leftovers\n|upkeep\n|turn|21\n|\n|t:|1700487925\n|move|p2a: Lopunny|Circle Throw|p1a: Ting-Lu\n|-resisted|p1a: Ting-Lu\n|-damage|p1a: Ting-Lu|90\/100\n|drag|p1a: Volcarona|Volcarona, F|100\/100\n|\n|upkeep\n|turn|22\n|\n|t:|1700487939\n|move|p2a: Lopunny|Drain Punch|p1a: Volcarona\n|-resisted|p1a: Volcarona\n|-damage|p1a: Volcarona|69\/100\n|-heal|p2a: Lopunny|85\/100|[from] drain|[of] p1a: Volcarona\n|move|p1a: Volcarona|Fiery Dance|p2a: Lopunny\n|-damage|p2a: Lopunny|22\/100\n|-boost|p1a: Volcarona|spa|1\n|\n|upkeep\n|turn|23\n|\n|t:|1700487947\n|move|p2a: Lopunny|Rest|p2a: Lopunny\n|-status|p2a: Lopunny|slp|[from] move: Rest\n|-heal|p2a: Lopunny|100\/100 slp|[silent]\n|move|p1a: Volcarona|Fiery Dance|p2a: Lopunny\n|-crit|p2a: Lopunny\n|-damage|p2a: Lopunny|0 fnt\n|-boost|p1a: Volcarona|spa|1\n|faint|p2a: Lopunny\n|\n|upkeep\n|\n|t:|1700487956\n|switch|p2a: Vaporeon|Vaporeon, F, shiny, tera:Fire|83\/100\n|-damage|p2a: Vaporeon|58\/100|[from] Stealth Rock\n|-damage|p2a: Vaporeon|41\/100|[from] Spikes\n|turn|24\n|\n|t:|1700487967\n|move|p1a: Volcarona|Tera Blast|p2a: Vaporeon\n|-damage|p2a: Vaporeon|0 fnt\n|faint|p2a: Vaporeon\n|\n|upkeep\n|\n|t:|1700487972\n|switch|p2a: Meowscarada|Meowscarada, F, shiny|100\/100\n|-damage|p2a: Meowscarada|88\/100|[from] Stealth Rock\n|-damage|p2a: Meowscarada|72\/100|[from] Spikes\n|turn|25\n|\n|t:|1700487979\n|move|p2a: Meowscarada|Brick Break|p1a: Volcarona\n|-resisted|p1a: Volcarona\n|-damage|p1a: Volcarona|51\/100\n|-status|p2a: Meowscarada|brn|[from] ability: Flame Body|[of] p1a: Volcarona\n|move|p1a: Volcarona|Fiery Dance|p2a: Meowscarada\n|-supereffective|p2a: Meowscarada\n|-damage|p2a: Meowscarada|0 fnt\n|-boost|p1a: Volcarona|spa|1\n|faint|p2a: Meowscarada\n|\n|win|dannybew\n|raw|dannybew's rating: 1117 &rarr; <strong>1135<\/strong><br \/>(+18 for winning)\n|raw|sugar mommy&#x2f;daddy's rating: 1013 &rarr; <strong>1005<\/strong><br \/>(-8 for losing)\n|l|\u2606sugar mommy\/daddy\n|l|\u2606dannybew\n|j|\u2606dannybew\n|player|p1|dannybew|ingo\n","uploadtime":1700488069,"views":10,"p1id":"dannybew","p2id":"sugarmommydaddy","formatid":"gen9nationaldex","rating":1005,"private":0,"password":""}