{"id":"gen9nationaldex-1996429038","p1":"Scarlett Avenger","p2":"LeafStormHimNotMe","format":"[Gen 9] National Dex","log":"|html|<div class=\"broadcast-blue\"><strong>[Gen 9] National Dex is currently suspecting Sneasler! For information on how to participate check out the <a href=\"https:\/\/www.smogon.com\/forums\/threads\/sv-national-dex-suspect-8-just-dance.3731534\/\">suspect thread<\/a>.<\/strong><\/div>\n|j|\u2606Scarlett Avenger\n|j|\u2606LeafStormHimNotMe\n|t:|1700681144\n|gametype|singles\n|player|p1|Scarlett Avenger|janine|1180\n|player|p2|LeafStormHimNotMe|furisodegirl-black|1101\n|teamsize|p1|6\n|teamsize|p2|6\n|gen|9\n|tier|[Gen 9] National Dex\n|rated|\n|rule|HP Percentage Mod: HP is shown in percentages\n|rule|Endless Battle Clause: Forcing endless battles is banned\n|rule|OHKO Clause: OHKO moves are banned\n|rule|Evasion Clause: Evasion abilities, items, and moves are banned\n|rule|Evasion Abilities Clause: Evasion abilities are banned\n|rule|Evasion Items Clause: Evasion items are banned\n|rule|Evasion Moves Clause: Evasion moves are banned\n|rule|Species Clause: Limit one of each Pok\u00e9mon\n|rule|Sleep Clause Mod: Limit one foe put to sleep\n|clearpoke\n|poke|p1|Durant, M|\n|poke|p1|Toxtricity, F|\n|poke|p1|Weezing-Galar, M|\n|poke|p1|Chansey, F|\n|poke|p1|Cloyster, M|\n|poke|p1|Slowbro, F|\n|poke|p2|Landorus-Therian, M|\n|poke|p2|Clefable, F|\n|poke|p2|Toxapex, F|\n|poke|p2|Excadrill, F|\n|poke|p2|Tapu Fini|\n|poke|p2|Mimikyu, M|\n|teampreview\n|inactive|Battle timer is ON: inactive players will automatically lose when time's up. (requested by Scarlett Avenger)\n|c|\u2606LeafStormHimNotMe|glhf\n|\n|t:|1700681160\n|start\n|switch|p1a: Toxtricity|Toxtricity, F|100\/100\n|switch|p2a: Landorus|Landorus-Therian, M|100\/100\n|-ability|p2a: Landorus|Intimidate|boost\n|-unboost|p1a: Toxtricity|atk|1\n|turn|1\n|\n|t:|1700681173\n|-terastallize|p1a: Toxtricity|Normal\n|move|p2a: Landorus|Earthquake|p1a: Toxtricity\n|-damage|p1a: Toxtricity|36\/100\n|move|p1a: Toxtricity|Boomburst|p2a: Landorus\n|-damage|p2a: Landorus|4\/100\n|-enditem|p1a: Toxtricity|Throat Spray\n|-boost|p1a: Toxtricity|spa|1|[from] item: Throat Spray\n|\n|upkeep\n|turn|2\n|\n|t:|1700681184\n|switch|p1a: Weezing|Weezing-Galar, M|100\/100\n|move|p2a: Landorus|Earthquake|p1a: Weezing\n|-immune|p1a: Weezing|[from] ability: Levitate\n|\n|upkeep\n|turn|3\n|\n|t:|1700681193\n|switch|p2a: Excadrill|Excadrill, F|100\/100\n|-ability|p2a: Excadrill|Mold Breaker\n|move|p1a: Weezing|Will-O-Wisp|p2a: Excadrill\n|-status|p2a: Excadrill|brn\n|\n|-damage|p2a: Excadrill|94\/100 brn|[from] brn\n|upkeep\n|turn|4\n|\n|t:|1700681202\n|move|p2a: Excadrill|Stealth Rock|p1a: Weezing\n|-sidestart|p1: Scarlett Avenger|move: Stealth Rock\n|move|p1a: Weezing|Corrosive Gas|p2a: Excadrill\n|-enditem|p2a: Excadrill|Focus Sash|[from] move: Corrosive Gas|[of] p1a: Weezing\n|\n|-damage|p2a: Excadrill|88\/100 brn|[from] brn\n|upkeep\n|turn|5\n|\n|t:|1700681217\n|switch|p1a: Slowbro|Slowbro, F|100\/100\n|-damage|p1a: Slowbro|88\/100|[from] Stealth Rock\n|move|p2a: Excadrill|Iron Head|p1a: Slowbro\n|-resisted|p1a: Slowbro\n|-crit|p1a: Slowbro\n|-damage|p1a: Slowbro|79\/100\n|-damage|p2a: Excadrill|72\/100 brn|[from] item: Rocky Helmet|[of] p1a: Slowbro\n|\n|-damage|p2a: Excadrill|66\/100 brn|[from] brn\n|upkeep\n|turn|6\n|\n|t:|1700681229\n|move|p2a: Excadrill|Earthquake|p1a: Slowbro\n|-damage|p1a: Slowbro|63\/100\n|move|p1a: Slowbro|Future Sight|p2a: Excadrill\n|-start|p1a: Slowbro|move: Future Sight\n|\n|-damage|p2a: Excadrill|60\/100 brn|[from] brn\n|upkeep\n|turn|7\n|\n|t:|1700681243\n|move|p2a: Excadrill|Earthquake|p1a: Slowbro\n|-damage|p1a: Slowbro|47\/100\n|move|p1a: Slowbro|Scald|p2a: Excadrill\n|-supereffective|p2a: Excadrill\n|-damage|p2a: Excadrill|0 fnt\n|faint|p2a: Excadrill\n|\n|upkeep\n|\n|t:|1700681251\n|switch|p2a: Mimikyu|Mimikyu, M|100\/100\n|turn|8\n|\n|t:|1700681255\n|switch|p1a: Chansey|Chansey, F|100\/100\n|-damage|p1a: Chansey|88\/100|[from] Stealth Rock\n|move|p2a: Mimikyu|Swords Dance|p2a: Mimikyu\n|-boost|p2a: Mimikyu|atk|2\n|\n|-end|p2a: Mimikyu|move: Future Sight\n|-activate|p2a: Mimikyu|ability: Disguise\n|-damage|p2a: Mimikyu|100\/100\n|detailschange|p2a: Mimikyu|Mimikyu-Busted, M\n|-damage|p2a: Mimikyu|88\/100|[from] pokemon: Mimikyu-Busted\n|upkeep\n|turn|9\n|\n|t:|1700681263\n|move|p2a: Mimikyu|Play Rough|p1a: Chansey\n|-damage|p1a: Chansey|19\/100\n|-damage|p2a: Mimikyu|78\/100|[from] item: Life Orb\n|move|p1a: Chansey|Toxic|p2a: Mimikyu\n|-status|p2a: Mimikyu|tox\n|\n|-damage|p2a: Mimikyu|72\/100 tox|[from] psn\n|upkeep\n|turn|10\n|\n|t:|1700681270\n|move|p1a: Chansey|Protect|p1a: Chansey\n|-singleturn|p1a: Chansey|Protect\n|move|p2a: Mimikyu|Play Rough|p1a: Chansey\n|-activate|p1a: Chansey|move: Protect\n|\n|-damage|p2a: Mimikyu|60\/100 tox|[from] psn\n|upkeep\n|turn|11\n|\n|t:|1700681280\n|switch|p1a: Weezing|Weezing-Galar, M|100\/100\n|-damage|p1a: Weezing|88\/100|[from] Stealth Rock\n|move|p2a: Mimikyu|Play Rough|p1a: Weezing\n|-resisted|p1a: Weezing\n|-damage|p1a: Weezing|58\/100\n|-damage|p2a: Mimikyu|44\/100 tox|[from] item: Rocky Helmet|[of] p1a: Weezing\n|-damage|p2a: Mimikyu|34\/100 tox|[from] item: Life Orb\n|\n|-damage|p2a: Mimikyu|16\/100 tox|[from] psn\n|upkeep\n|turn|12\n|\n|t:|1700681295\n|move|p2a: Mimikyu|Play Rough|p1a: Weezing\n|-resisted|p1a: Weezing\n|-damage|p1a: Weezing|24\/100\n|-damage|p2a: Mimikyu|0 fnt|[from] item: Rocky Helmet|[of] p1a: Weezing\n|faint|p2a: Mimikyu\n|move|p1a: Weezing|Toxic Spikes|p2: Mimikyu\n|-sidestart|p2: LeafStormHimNotMe|move: Toxic Spikes\n|\n|upkeep\n|\n|t:|1700681302\n|switch|p2a: Toxapex|Toxapex, F|100\/100\n|-sideend|p2: LeafStormHimNotMe|move: Toxic Spikes|[of] p2a: Toxapex\n|turn|13\n|\n|t:|1700681313\n|switch|p1a: Chansey|Chansey, F|19\/100\n|-damage|p1a: Chansey|6\/100|[from] Stealth Rock\n|move|p2a: Toxapex|Scald|p1a: Chansey\n|-damage|p1a: Chansey|2\/100\n|\n|upkeep\n|turn|14\n|\n|t:|1700681320\n|move|p1a: Chansey|Wish|p1a: Chansey\n|move|p2a: Toxapex|Scald|p1a: Chansey\n|-damage|p1a: Chansey|0 fnt\n|faint|p1a: Chansey\n|\n|upkeep\n|\n|t:|1700681327\n|switch|p1a: Toxtricity|Toxtricity, F, tera:Normal|36\/100\n|-damage|p1a: Toxtricity|23\/100|[from] Stealth Rock\n|turn|15\n|c|\u2606LeafStormHimNotMe|max speed chansey nah\n|\n|t:|1700681339\n|move|p1a: Toxtricity|Overdrive|p2a: Toxapex\n|-supereffective|p2a: Toxapex\n|-damage|p2a: Toxapex|31\/100\n|move|p2a: Toxapex|Toxic|p1a: Toxtricity\n|-status|p1a: Toxtricity|tox\n|\n|-heal|p1a: Toxtricity|100\/100 tox|[from] move: Wish|[wisher] Chansey\n|-heal|p2a: Toxapex|36\/100|[from] item: Black Sludge\n|-damage|p1a: Toxtricity|94\/100 tox|[from] psn\n|upkeep\n|turn|16\n|\n|t:|1700681351\n|switch|p2a: Clefable|Clefable, F|100\/100\n|move|p1a: Toxtricity|Boomburst|p2a: Clefable\n|-damage|p2a: Clefable|27\/100\n|\n|-heal|p2a: Clefable|33\/100|[from] item: Leftovers\n|-damage|p1a: Toxtricity|82\/100 tox|[from] psn\n|upkeep\n|turn|17\n|\n|t:|1700681356\n|move|p1a: Toxtricity|Boomburst|p2a: Clefable\n|-damage|p2a: Clefable|0 fnt\n|faint|p2a: Clefable\n|\n|-damage|p1a: Toxtricity|64\/100 tox|[from] psn\n|upkeep\n|\n|t:|1700681360\n|switch|p2a: Landorus|Landorus-Therian, M|4\/100\n|-ability|p2a: Landorus|Intimidate|boost\n|-unboost|p1a: Toxtricity|atk|1\n|turn|18\n|\n|t:|1700681362\n|move|p2a: Landorus|Earthquake|p1a: Toxtricity\n|-damage|p1a: Toxtricity|0 fnt\n|faint|p1a: Toxtricity\n|\n|upkeep\n|\n|t:|1700681367\n|switch|p1a: Slowbro|Slowbro, F|80\/100\n|-damage|p1a: Slowbro|67\/100|[from] Stealth Rock\n|turn|19\n|\n|t:|1700681378\n|switch|p2a: Tapu Fini|Tapu Fini|100\/100\n|-fieldstart|move: Misty Terrain|[from] ability: Misty Surge|[of] p2a: Tapu Fini\n|move|p1a: Slowbro|Future Sight|p2a: Tapu Fini\n|-start|p1a: Slowbro|move: Future Sight\n|\n|upkeep\n|turn|20\n|\n|t:|1700681397\n|switch|p1a: Durant|Durant, M|100\/100\n|-damage|p1a: Durant|88\/100|[from] Stealth Rock\n|move|p2a: Tapu Fini|Calm Mind|p2a: Tapu Fini\n|-boost|p2a: Tapu Fini|spa|1\n|-boost|p2a: Tapu Fini|spd|1\n|\n|upkeep\n|turn|21\n|\n|t:|1700681410\n|-terastallize|p2a: Tapu Fini|Water\n|move|p1a: Durant|Entrainment|p2a: Tapu Fini\n|-endability|p2a: Tapu Fini|Misty Surge|[from] move: Entrainment\n|-ability|p2a: Tapu Fini|Truant|[from] move: Entrainment\n|move|p2a: Tapu Fini|Surf|p1a: Durant\n|-damage|p1a: Durant|0 fnt\n|faint|p1a: Durant\n|\n|-end|p2a: Tapu Fini|move: Future Sight\n|-damage|p2a: Tapu Fini|72\/100\n|-heal|p2a: Tapu Fini|78\/100|[from] item: Leftovers\n|upkeep\n|\n|t:|1700681418\n|switch|p1a: Cloyster|Cloyster, M|100\/100\n|-damage|p1a: Cloyster|76\/100|[from] Stealth Rock\n|turn|22\n|\n|t:|1700681428\n|switch|p2a: Landorus|Landorus-Therian, M|4\/100\n|-ability|p2a: Landorus|Intimidate|boost\n|-unboost|p1a: Cloyster|atk|1\n|-enditem|p1a: Cloyster|White Herb\n|-clearnegativeboost|p1a: Cloyster|[silent]\n|move|p1a: Cloyster|Shell Smash|p1a: Cloyster\n|-unboost|p1a: Cloyster|def|1\n|-unboost|p1a: Cloyster|spd|1\n|-boost|p1a: Cloyster|atk|2\n|-boost|p1a: Cloyster|spa|2\n|-boost|p1a: Cloyster|spe|2\n|\n|upkeep\n|turn|23\n|c|\u2606LeafStormHimNotMe|welp thats gg\n|c|\u2606LeafStormHimNotMe|ig\n|\n|t:|1700681449\n|switch|p2a: Toxapex|Toxapex, F|70\/100\n|move|p1a: Cloyster|Icicle Spear|p2a: Toxapex\n|-resisted|p2a: Toxapex\n|-damage|p2a: Toxapex|63\/100\n|-resisted|p2a: Toxapex\n|-damage|p2a: Toxapex|57\/100\n|-resisted|p2a: Toxapex\n|-damage|p2a: Toxapex|50\/100\n|-resisted|p2a: Toxapex\n|-damage|p2a: Toxapex|44\/100\n|-resisted|p2a: Toxapex\n|-damage|p2a: Toxapex|38\/100\n|-hitcount|p2a: Toxapex|5\n|\n|-heal|p2a: Toxapex|44\/100|[from] item: Black Sludge\n|-fieldend|Misty Terrain\n|upkeep\n|turn|24\n|\n|t:|1700681479\n|move|p1a: Cloyster|Rock Blast|p2a: Toxapex\n|-damage|p2a: Toxapex|35\/100\n|-damage|p2a: Toxapex|26\/100\n|-damage|p2a: Toxapex|18\/100\n|-damage|p2a: Toxapex|8\/100\n|-damage|p2a: Toxapex|0 fnt\n|faint|p2a: Toxapex\n|-hitcount|p2: Toxapex|5\n|\n|upkeep\n|\n|t:|1700681487\n|switch|p2a: Landorus|Landorus-Therian, M|4\/100\n|-ability|p2a: Landorus|Intimidate|boost\n|-unboost|p1a: Cloyster|atk|1\n|turn|25\n|\n|t:|1700681508\n|move|p1a: Cloyster|Icicle Spear|p2a: Landorus\n|-supereffective|p2a: Landorus\n|-damage|p2a: Landorus|0 fnt\n|faint|p2a: Landorus\n|-hitcount|p2: Landorus|1\n|\n|upkeep\n|\n|t:|1700681510\n|switch|p2a: Tapu Fini|Tapu Fini, tera:Water|78\/100\n|-fieldstart|move: Misty Terrain|[from] ability: Misty Surge|[of] p2a: Tapu Fini\n|turn|26\n|\n|t:|1700681520\n|move|p1a: Cloyster|Rock Blast|p2a: Tapu Fini\n|-damage|p2a: Tapu Fini|66\/100\n|-damage|p2a: Tapu Fini|55\/100\n|-damage|p2a: Tapu Fini|44\/100\n|-damage|p2a: Tapu Fini|31\/100\n|-crit|p2a: Tapu Fini\n|-damage|p2a: Tapu Fini|15\/100\n|-hitcount|p2a: Tapu Fini|5\n|move|p2a: Tapu Fini|Moonblast|p1a: Cloyster\n|-damage|p1a: Cloyster|0 fnt\n|faint|p1a: Cloyster\n|\n|-heal|p2a: Tapu Fini|21\/100|[from] item: Leftovers\n|upkeep\n|\n|t:|1700681537\n|switch|p1a: Slowbro|Slowbro, F|100\/100\n|-damage|p1a: Slowbro|88\/100|[from] Stealth Rock\n|turn|27\n|\n|t:|1700681544\n|move|p2a: Tapu Fini|Calm Mind|p2a: Tapu Fini\n|-boost|p2a: Tapu Fini|spa|1\n|-boost|p2a: Tapu Fini|spd|1\n|move|p1a: Slowbro|Future Sight|p2a: Tapu Fini\n|-start|p1a: Slowbro|move: Future Sight\n|\n|-heal|p2a: Tapu Fini|27\/100|[from] item: Leftovers\n|upkeep\n|turn|28\n|\n|t:|1700681551\n|move|p2a: Tapu Fini|Calm Mind|p2a: Tapu Fini\n|-boost|p2a: Tapu Fini|spa|1\n|-boost|p2a: Tapu Fini|spd|1\n|move|p1a: Slowbro|Scald|p2a: Tapu Fini\n|-resisted|p2a: Tapu Fini\n|-damage|p2a: Tapu Fini|20\/100\n|\n|-heal|p2a: Tapu Fini|26\/100|[from] item: Leftovers\n|upkeep\n|turn|29\n|\n|t:|1700681562\n|move|p2a: Tapu Fini|Calm Mind|p2a: Tapu Fini\n|-boost|p2a: Tapu Fini|spa|1\n|-boost|p2a: Tapu Fini|spd|1\n|move|p1a: Slowbro|Yawn|p2a: Tapu Fini\n|-start|p2a: Tapu Fini|move: Yawn|[of] p1a: Slowbro\n|\n|-end|p2a: Tapu Fini|move: Future Sight\n|-damage|p2a: Tapu Fini|11\/100\n|-heal|p2a: Tapu Fini|17\/100|[from] item: Leftovers\n|upkeep\n|turn|30\n|\n|t:|1700681575\n|switch|p1a: Weezing|Weezing-Galar, M|24\/100\n|-damage|p1a: Weezing|12\/100|[from] Stealth Rock\n|move|p2a: Tapu Fini|Calm Mind|p2a: Tapu Fini\n|-boost|p2a: Tapu Fini|spa|1\n|-boost|p2a: Tapu Fini|spd|1\n|\n|-heal|p2a: Tapu Fini|23\/100|[from] item: Leftovers\n|-end|p2a: Tapu Fini|move: Yawn|[silent]\n|-activate|p2a: Tapu Fini|move: Misty Terrain\n|-fieldend|Misty Terrain\n|upkeep\n|turn|31\n|\n|t:|1700681589\n|move|p2a: Tapu Fini|Surf|p1a: Weezing\n|-damage|p1a: Weezing|0 fnt\n|faint|p1a: Weezing\n|\n|-heal|p2a: Tapu Fini|29\/100|[from] item: Leftovers\n|upkeep\n|\n|t:|1700681591\n|switch|p1a: Slowbro|Slowbro, F|100\/100\n|-damage|p1a: Slowbro|88\/100|[from] Stealth Rock\n|turn|32\n|\n|t:|1700681594\n|move|p2a: Tapu Fini|Moonblast|p1a: Slowbro\n|-damage|p1a: Slowbro|0 fnt\n|faint|p1a: Slowbro\n|\n|win|LeafStormHimNotMe\n|raw|Scarlett Avenger's rating: 1180 &rarr; <strong>1149<\/strong><br \/>(-31 for losing)\n|raw|LeafStormHimNotMe's rating: 1101 &rarr; <strong>1132<\/strong><br \/>(+31 for winning)\n|c|\u2606LeafStormHimNotMe|GG\n|l|\u2606Scarlett Avenger\n","uploadtime":1700681605,"views":5,"p1id":"scarlettavenger","p2id":"leafstormhimnotme","formatid":"gen9nationaldex","rating":1132,"private":0,"password":""}