{"id":"gen9nationaldex-1996865971","p1":"yzsddd","p2":"Teo12","format":"[Gen 9] National Dex","log":"|html|<div class=\"broadcast-blue\"><strong>[Gen 9] National Dex is currently suspecting Sneasler! For information on how to participate check out the <a href=\"https:\/\/www.smogon.com\/forums\/threads\/sv-national-dex-suspect-8-just-dance.3731534\/\">suspect thread<\/a>.<\/strong><\/div>\n|j|\u2606yzsddd\n|j|\u2606Teo12\n|t:|1700737521\n|gametype|singles\n|player|p1|yzsddd|dawn|1217\n|player|p2|Teo12|pokemonbreeder-gen4|1294\n|teamsize|p1|6\n|teamsize|p2|6\n|gen|9\n|tier|[Gen 9] National Dex\n|rated|\n|rule|HP Percentage Mod: HP is shown in percentages\n|rule|Endless Battle Clause: Forcing endless battles is banned\n|rule|OHKO Clause: OHKO moves are banned\n|rule|Evasion Clause: Evasion abilities, items, and moves are banned\n|rule|Evasion Abilities Clause: Evasion abilities are banned\n|rule|Evasion Items Clause: Evasion items are banned\n|rule|Evasion Moves Clause: Evasion moves are banned\n|rule|Species Clause: Limit one of each Pok\u00e9mon\n|rule|Sleep Clause Mod: Limit one foe put to sleep\n|clearpoke\n|poke|p1|Sceptile, M|\n|poke|p1|Flygon, F|\n|poke|p1|Heracross, F|\n|poke|p1|Probopass, M|\n|poke|p1|Gallade, M|\n|poke|p1|Vikavolt, F|\n|poke|p2|Swellow, M|\n|poke|p2|Dusclops, F|\n|poke|p2|Pyukumuku, M|\n|poke|p2|Bisharp, F|\n|poke|p2|Espeon, M|\n|poke|p2|Ogerpon-Wellspring, F|\n|teampreview\n|inactive|Battle timer is ON: inactive players will automatically lose when time's up. (requested by Teo12)\n|\n|t:|1700737532\n|start\n|switch|p1a: Gallade|Gallade, M, shiny|100\/100\n|switch|p2a: Bouncy bounce|Espeon, M|100\/100\n|turn|1\n|\n|t:|1700737538\n|move|p1a: Gallade|Knock Off|p2a: Bouncy bounce\n|-supereffective|p2a: Bouncy bounce\n|-damage|p2a: Bouncy bounce|15\/100\n|-zpower|p2a: Bouncy bounce\n|move|p2a: Bouncy bounce|Z-Celebrate|p2a: Bouncy bounce|[anim]Celebrate\n|-boost|p2a: Bouncy bounce|atk|1|[zeffect]\n|-boost|p2a: Bouncy bounce|def|1|[zeffect]\n|-boost|p2a: Bouncy bounce|spa|1|[zeffect]\n|-boost|p2a: Bouncy bounce|spd|1|[zeffect]\n|-boost|p2a: Bouncy bounce|spe|1|[zeffect]\n|-activate|p2a: Bouncy bounce|move: Celebrate\n|\n|upkeep\n|turn|2\n|\n|t:|1700737550\n|switch|p1a: Sceptile|Sceptile, M|100\/100\n|move|p2a: Bouncy bounce|Stored Power|p1a: Sceptile\n|-enditem|p1a: Sceptile|Focus Sash\n|-damage|p1a: Sceptile|1\/100\n|\n|upkeep\n|turn|3\n|\n|t:|1700737557\n|move|p1a: Sceptile|Leaf Blade|p2a: Bouncy bounce\n|-crit|p2a: Bouncy bounce\n|-damage|p2a: Bouncy bounce|0 fnt\n|faint|p2a: Bouncy bounce\n|\n|upkeep\n|\n|t:|1700737564\n|switch|p2a: Sharp|Bisharp, F|100\/100\n|turn|4\n|\n|t:|1700737567\n|switch|p1a: Gallade|Gallade, M, shiny|100\/100\n|move|p2a: Sharp|Sucker Punch||[still]\n|-fail|p2a: Sharp\n|\n|upkeep\n|turn|5\n|\n|t:|1700737575\n|switch|p2a: Hands|Dusclops, F|100\/100\n|-item|p1a: Gallade|Choice Scarf|[from] ability: Frisk|[of] p2a: Hands|[identify]\n|move|p1a: Gallade|Sacred Sword|p2a: Hands\n|-immune|p2a: Hands\n|\n|upkeep\n|turn|6\n|\n|t:|1700737585\n|switch|p1a: Vikavolt|Vikavolt, F|100\/100\n|move|p2a: Hands|Toxic|p1a: Vikavolt|[miss]\n|-miss|p2a: Hands|p1a: Vikavolt\n|\n|upkeep\n|turn|7\n|\n|t:|1700737592\n|switch|p1a: Probopass|Probopass, M, shiny|100\/100\n|move|p2a: Hands|Toxic|p1a: Probopass\n|-immune|p1a: Probopass\n|\n|upkeep\n|turn|8\n|\n|t:|1700737600\n|move|p1a: Probopass|Thunder Wave|p2a: Hands\n|-status|p2a: Hands|par\n|cant|p2a: Hands|par\n|\n|upkeep\n|turn|9\n|\n|t:|1700737602\n|move|p1a: Probopass|Stealth Rock|p2a: Hands\n|-sidestart|p2: Teo12|move: Stealth Rock\n|move|p2a: Hands|Will-O-Wisp|p1a: Probopass\n|-status|p1a: Probopass|brn\n|\n|-damage|p1a: Probopass|94\/100 brn|[from] brn\n|upkeep\n|turn|10\n|\n|t:|1700737610\n|move|p1a: Probopass|Flash Cannon|p2a: Hands\n|-damage|p2a: Hands|85\/100 par\n|cant|p2a: Hands|par\n|\n|-damage|p1a: Probopass|88\/100 brn|[from] brn\n|upkeep\n|turn|11\n|\n|t:|1700737613\n|move|p1a: Probopass|Flash Cannon|p2a: Hands\n|-damage|p2a: Hands|71\/100 par\n|cant|p2a: Hands|par\n|\n|-damage|p1a: Probopass|82\/100 brn|[from] brn\n|upkeep\n|turn|12\n|\n|t:|1700737615\n|move|p1a: Probopass|Flash Cannon|p2a: Hands\n|-damage|p2a: Hands|56\/100 par\n|move|p2a: Hands|Curse|p1a: Probopass\n|-start|p1a: Probopass|Curse|[of] p2a: Hands\n|-damage|p2a: Hands|6\/100 par\n|\n|-damage|p1a: Probopass|76\/100 brn|[from] brn\n|-damage|p1a: Probopass|51\/100 brn|[from] Curse\n|upkeep\n|turn|13\n|\n|t:|1700737623\n|move|p1a: Probopass|Volt Switch|p2a: Hands\n|-damage|p2a: Hands|0 fnt\n|faint|p2a: Hands\n|\n|t:|1700737626\n|switch|p1a: Vikavolt|Vikavolt, F|100\/100|[from] Volt Switch\n|\n|upkeep\n|\n|t:|1700737634\n|switch|p2a: Pikumuki|Pyukumuku, M|100\/100\n|-damage|p2a: Pikumuki|88\/100|[from] Stealth Rock\n|turn|14\n|\n|t:|1700737650\n|move|p1a: Vikavolt|Sticky Web|p2a: Pikumuki\n|-sidestart|p2: Teo12|move: Sticky Web\n|move|p2a: Pikumuki|Mirror Coat||[still]\n|-fail|p2a: Pikumuki\n|\n|upkeep\n|turn|15\n|\n|t:|1700737653\n|move|p1a: Vikavolt|Thunderbolt|p2a: Pikumuki\n|-supereffective|p2a: Pikumuki\n|-damage|p2a: Pikumuki|23\/100\n|move|p2a: Pikumuki|Mirror Coat|p1a: Vikavolt\n|-damage|p1a: Vikavolt|0 fnt\n|faint|p1a: Vikavolt\n|\n|upkeep\n|\n|t:|1700737663\n|switch|p1a: Gallade|Gallade, M, shiny|100\/100\n|turn|16\n|\n|t:|1700737666\n|move|p1a: Gallade|Sacred Sword|p2a: Pikumuki\n|-damage|p2a: Pikumuki|0 fnt\n|faint|p2a: Pikumuki\n|\n|upkeep\n|\n|t:|1700737672\n|switch|p2a: Birb|Swellow, M|100\/100\n|-damage|p2a: Birb|76\/100|[from] Stealth Rock\n|turn|17\n|\n|t:|1700737676\n|move|p1a: Gallade|Sacred Sword|p2a: Birb\n|-damage|p2a: Birb|0 fnt\n|faint|p2a: Birb\n|\n|upkeep\n|\n|t:|1700737679\n|switch|p2a: Woman|Ogerpon-Wellspring, F|100\/100\n|-damage|p2a: Woman|88\/100|[from] Stealth Rock\n|-activate|p2a: Woman|move: Sticky Web\n|-unboost|p2a: Woman|spe|1\n|turn|18\n|\n|t:|1700737686\n|-terastallize|p2a: Woman|Water\n|detailschange|p2a: Woman|Ogerpon-Wellspring-Tera, F, tera:Water\n|-ability|p2a: Woman|Embody Aspect (Wellspring)|boost\n|-boost|p2a: Woman|spd|1\n|move|p1a: Gallade|Sacred Sword|p2a: Woman\n|-damage|p2a: Woman|0 fnt\n|faint|p2a: Woman\n|\n|upkeep\n|-message|Teo12 forfeited.\n|\n|win|yzsddd\n|raw|yzsddd's rating: 1217 &rarr; <strong>1247<\/strong><br \/>(+30 for winning)\n|raw|Teo12's rating: 1294 &rarr; <strong>1264<\/strong><br \/>(-30 for losing)\n|l|\u2606Teo12\n","uploadtime":1700737701,"views":8,"p1id":"yzsddd","p2id":"teo12","formatid":"gen9nationaldex","rating":1247,"private":0,"password":""}