{"id":"gen9nationaldex-1990786544","p1":"legendarylemonxl","p2":"Daniel1132","format":"[Gen 9] National Dex","log":"|j|\u2606legendarylemonxl\n|j|\u2606Daniel1132\n|t:|1700000741\n|gametype|singles\n|player|p1|legendarylemonxl|cynthia|1082\n|player|p2|Daniel1132|wattson|1174\n|teamsize|p1|6\n|teamsize|p2|6\n|gen|9\n|tier|[Gen 9] National Dex\n|rated|\n|rule|HP Percentage Mod: HP is shown in percentages\n|rule|Endless Battle Clause: Forcing endless battles is banned\n|rule|OHKO Clause: OHKO moves are banned\n|rule|Evasion Clause: Evasion abilities, items, and moves are banned\n|rule|Evasion Abilities Clause: Evasion abilities are banned\n|rule|Evasion Items Clause: Evasion items are banned\n|rule|Evasion Moves Clause: Evasion moves are banned\n|rule|Species Clause: Limit one of each Pok\u00e9mon\n|rule|Sleep Clause Mod: Limit one foe put to sleep\n|clearpoke\n|poke|p1|Whimsicott, M|\n|poke|p1|Garchomp, F|\n|poke|p1|Glimmora, F|\n|poke|p1|Breloom, M|\n|poke|p1|Zoroark, M|\n|poke|p1|Corviknight, M|\n|poke|p2|Pelipper, M|\n|poke|p2|Iron Jugulis|\n|poke|p2|Tauros-Paldea-Aqua, M|\n|poke|p2|Kilowattrel, M|\n|poke|p2|Overqwil, F|\n|poke|p2|Hatterene, F|\n|teampreview\n|inactive|Battle timer is ON: inactive players will automatically lose when time's up. (requested by Daniel1132)\n|c|\u2606legendarylemonxl|hi glhf\n|\n|t:|1700000766\n|start\n|switch|p1a: Glimmora|Glimmora, F|100\/100\n|switch|p2a: Pelipper|Pelipper, M|100\/100\n|-weather|RainDance|[from] ability: Drizzle|[of] p2a: Pelipper\n|turn|1\n|\n|t:|1700000771\n|switch|p2a: Hatterene|Hatterene, F|100\/100\n|move|p1a: Glimmora|Stealth Rock|p2a: Hatterene\n|move|p2a: Hatterene|Stealth Rock|p1a: Glimmora|[from]ability: Magic Bounce\n|-sidestart|p1: legendarylemonxl|move: Stealth Rock\n|\n|-weather|RainDance|[upkeep]\n|upkeep\n|turn|2\n|\n|t:|1700000782\n|-terastallize|p1a: Glimmora|Grass\n|move|p1a: Glimmora|Sludge Bomb|p2a: Hatterene\n|-supereffective|p2a: Hatterene\n|-damage|p2a: Hatterene|21\/100\n|-status|p2a: Hatterene|psn\n|move|p2a: Hatterene|Psyshock|p1a: Glimmora\n|-damage|p1a: Glimmora|53\/100\n|\n|-weather|RainDance|[upkeep]\n|-heal|p2a: Hatterene|27\/100 psn|[from] item: Leftovers\n|-damage|p2a: Hatterene|15\/100 psn|[from] psn\n|upkeep\n|turn|3\n|\n|t:|1700000790\n|switch|p2a: Iron Jugulis|Iron Jugulis|100\/100\n|-enditem|p2a: Iron Jugulis|Booster Energy\n|-activate|p2a: Iron Jugulis|ability: Quark Drive|[fromitem]\n|-start|p2a: Iron Jugulis|quarkdrivespe\n|move|p1a: Glimmora|Sludge Bomb|p2a: Iron Jugulis\n|-damage|p2a: Iron Jugulis|53\/100\n|-status|p2a: Iron Jugulis|psn\n|\n|-weather|RainDance|[upkeep]\n|-damage|p2a: Iron Jugulis|41\/100 psn|[from] psn\n|upkeep\n|turn|4\n|\n|t:|1700000797\n|move|p2a: Iron Jugulis|Taunt|p1a: Glimmora\n|-start|p1a: Glimmora|move: Taunt\n|cant|p1a: Glimmora|move: Taunt|Stealth Rock\n|\n|-weather|RainDance|[upkeep]\n|-damage|p2a: Iron Jugulis|28\/100 psn|[from] psn\n|upkeep\n|turn|5\n|\n|t:|1700000818\n|move|p2a: Iron Jugulis|Hurricane|p1a: Glimmora\n|-supereffective|p1a: Glimmora\n|-damage|p1a: Glimmora|0 fnt\n|faint|p1a: Glimmora\n|\n|-weather|RainDance|[upkeep]\n|-damage|p2a: Iron Jugulis|16\/100 psn|[from] psn\n|upkeep\n|\n|t:|1700000822\n|switch|p1a: Corviknight|Corviknight, M|100\/100\n|-damage|p1a: Corviknight|88\/100|[from] Stealth Rock\n|turn|6\n|\n|t:|1700000827\n|move|p2a: Iron Jugulis|Taunt|p1a: Corviknight\n|-start|p1a: Corviknight|move: Taunt\n|cant|p1a: Corviknight|move: Taunt|Tailwind\n|\n|-weather|RainDance|[upkeep]\n|-damage|p2a: Iron Jugulis|3\/100 psn|[from] psn\n|upkeep\n|turn|7\n|inactive|legendarylemonxl has 120 seconds left.\n|inactive|Daniel1132 has 120 seconds left.\n|\n|t:|1700000865\n|-end|p2a: Iron Jugulis|Quark Drive|[silent]\n|switch|p2a: Hatterene|Hatterene, F|15\/100 psn\n|move|p1a: Corviknight|Iron Head|p2a: Hatterene\n|-supereffective|p2a: Hatterene\n|-damage|p2a: Hatterene|0 fnt\n|faint|p2a: Hatterene\n|\n|-weather|RainDance|[upkeep]\n|upkeep\n|\n|t:|1700000878\n|switch|p2a: Kilowattrel|Kilowattrel, M|100\/100\n|turn|8\n|inactive|legendarylemonxl has 120 seconds left.\n|\n|t:|1700000890\n|move|p2a: Kilowattrel|Thunder|p1a: Corviknight\n|-supereffective|p1a: Corviknight\n|-damage|p1a: Corviknight|0 fnt\n|faint|p1a: Corviknight\n|-damage|p2a: Kilowattrel|91\/100|[from] item: Life Orb\n|\n|-weather|none\n|upkeep\n|\n|t:|1700000894\n|switch|p1a: Garchomp|Garchomp, F|100\/100\n|-damage|p1a: Garchomp|94\/100|[from] Stealth Rock\n|turn|9\n|\n|t:|1700000903\n|switch|p2a: Pelipper|Pelipper, M|100\/100\n|-weather|RainDance|[from] ability: Drizzle|[of] p2a: Pelipper\n|detailschange|p1a: Garchomp|Garchomp-Mega, F\n|-mega|p1a: Garchomp|Garchomp|Garchompite\n|move|p1a: Garchomp|Dragon Claw|p2a: Pelipper\n|-damage|p2a: Pelipper|65\/100\n|\n|-weather|RainDance|[upkeep]\n|upkeep\n|turn|10\n|inactive|legendarylemonxl has 120 seconds left.\n|\n|t:|1700000936\n|move|p1a: Garchomp|Swords Dance|p1a: Garchomp\n|-boost|p1a: Garchomp|atk|2\n|move|p2a: Pelipper|U-turn|p1a: Garchomp\n|-crit|p1a: Garchomp\n|-damage|p1a: Garchomp|84\/100\n|inactive|Daniel1132 has 120 seconds left.\n|\n|t:|1700000968\n|switch|p2a: Iron Jugulis|Iron Jugulis|3\/100 psn|[from] U-turn\n|\n|-weather|RainDance|[upkeep]\n|-damage|p2a: Iron Jugulis|0 fnt|[from] psn\n|faint|p2a: Iron Jugulis\n|-end|p2a: Iron Jugulis|Quark Drive|[silent]\n|upkeep\n|c|\u2606legendarylemonxl|gg\n|inactive|Daniel1132 has 90 seconds left.\n|\n|t:|1700001002\n|switch|p2a: Tauros|Tauros-Paldea-Aqua, M|100\/100\n|-ability|p2a: Tauros|Intimidate|boost\n|-unboost|p1a: Garchomp|atk|1\n|turn|11\n|\n|t:|1700001016\n|move|p2a: Tauros|Wave Crash|p1a: Garchomp\n|-damage|p1a: Garchomp|0 fnt\n|faint|p1a: Garchomp\n|-damage|p2a: Tauros|67\/100|[from] Recoil\n|\n|-weather|RainDance|[upkeep]\n|upkeep\n|inactive|legendarylemonxl has 120 seconds left.\n|\n|t:|1700001033\n|switch|p1a: Breloom|Breloom, M|100\/100\n|-damage|p1a: Breloom|88\/100|[from] Stealth Rock\n|turn|12\n|inactive|legendarylemonxl has 120 seconds left.\n|inactive|Daniel1132 has 90 seconds left.\n|\n|t:|1700001050\n|switch|p2a: Overqwil|Overqwil, F|100\/100\n|move|p1a: Breloom|Trick|p2a: Overqwil\n|-activate|p1a: Breloom|move: Trick|[of] p2a: Overqwil\n|-item|p2a: Overqwil|Choice Scarf|[from] move: Trick\n|-item|p1a: Breloom|Life Orb|[from] move: Trick\n|\n|-weather|RainDance|[upkeep]\n|upkeep\n|turn|13\n|inactive|Daniel1132 has 90 seconds left.\n|inactive|legendarylemonxl has 120 seconds left.\n|\n|t:|1700001083\n|move|p1a: Breloom|Sucker Punch|p2a: Overqwil\n|-resisted|p2a: Overqwil\n|-damage|p2a: Overqwil|77\/100\n|-damage|p1a: Breloom|78\/100|[from] item: Life Orb\n|move|p2a: Overqwil|Fell Stinger|p1a: Breloom\n|-supereffective|p1a: Breloom\n|-damage|p1a: Breloom|6\/100\n|replace|p1a: Zoroark|Zoroark, M\n|-end|p1a: Zoroark|Illusion\n|\n|-weather|RainDance|[upkeep]\n|upkeep\n|turn|14\n|inactive|Daniel1132 has 90 seconds left.\n|\n|t:|1700001093\n|move|p2a: Overqwil|Fell Stinger|p1a: Zoroark\n|-supereffective|p1a: Zoroark\n|-damage|p1a: Zoroark|0 fnt\n|faint|p1a: Zoroark\n|-boost|p2a: Overqwil|atk|3\n|\n|-weather|RainDance|[upkeep]\n|upkeep\n|c|\u2606Daniel1132|Gg?\n|\n|t:|1700001117\n|switch|p1a: Breloom|Breloom, M|100\/100\n|-damage|p1a: Breloom|94\/100|[from] Stealth Rock\n|turn|15\n|\n|t:|1700001124\n|move|p2a: Overqwil|Fell Stinger|p1a: Breloom\n|-damage|p1a: Breloom|28\/100\n|move|p1a: Breloom|Spore|p2a: Overqwil\n|-status|p2a: Overqwil|slp|[from] move: Spore\n|\n|-weather|RainDance|[upkeep]\n|-status|p1a: Breloom|tox|[from] item: Toxic Orb\n|upkeep\n|turn|16\n|\n|t:|1700001129\n|cant|p2a: Overqwil|slp\n|move|p1a: Breloom|Substitute|p1a: Breloom\n|-start|p1a: Breloom|Substitute\n|-damage|p1a: Breloom|3\/100 tox\n|\n|-weather|none\n|-heal|p1a: Breloom|15\/100 tox|[from] ability: Poison Heal\n|upkeep\n|turn|17\n|inactive|legendarylemonxl has 120 seconds left.\n|c|\u2606legendarylemonxl|its not over till itsover\n|\n|t:|1700001145\n|cant|p2a: Overqwil|slp\n|move|p1a: Breloom|Swords Dance|p1a: Breloom\n|-boost|p1a: Breloom|atk|2\n|\n|-heal|p1a: Breloom|27\/100 tox|[from] ability: Poison Heal\n|upkeep\n|turn|18\n|\n|t:|1700001153\n|-curestatus|p2a: Overqwil|slp|[msg]\n|move|p2a: Overqwil|Fell Stinger|p1a: Breloom\n|-end|p1a: Breloom|Substitute\n|move|p1a: Breloom|Drain Punch|p2a: Overqwil\n|-damage|p2a: Overqwil|0 fnt\n|-heal|p1a: Breloom|73\/100 tox|[from] drain|[of] p2a: Overqwil\n|faint|p2a: Overqwil\n|\n|-heal|p1a: Breloom|85\/100 tox|[from] ability: Poison Heal\n|upkeep\n|\n|t:|1700001167\n|switch|p2a: Pelipper|Pelipper, M|65\/100\n|-weather|RainDance|[from] ability: Drizzle|[of] p2a: Pelipper\n|turn|19\n|\n|t:|1700001173\n|move|p1a: Breloom|Spore|p2a: Pelipper\n|-status|p2a: Pelipper|slp|[from] move: Spore\n|cant|p2a: Pelipper|slp\n|\n|-weather|RainDance|[upkeep]\n|-heal|p1a: Breloom|97\/100 tox|[from] ability: Poison Heal\n|upkeep\n|turn|20\n|\n|t:|1700001177\n|switch|p2a: Kilowattrel|Kilowattrel, M|91\/100\n|move|p1a: Breloom|Substitute|p1a: Breloom\n|-start|p1a: Breloom|Substitute\n|-damage|p1a: Breloom|72\/100 tox\n|\n|-weather|RainDance|[upkeep]\n|-heal|p1a: Breloom|84\/100 tox|[from] ability: Poison Heal\n|upkeep\n|turn|21\n|\n|t:|1700001184\n|move|p2a: Kilowattrel|Hurricane|p1a: Breloom\n|-supereffective|p1a: Breloom\n|-end|p1a: Breloom|Substitute\n|-damage|p2a: Kilowattrel|81\/100|[from] item: Life Orb\n|move|p1a: Breloom|Drain Punch|p2a: Kilowattrel\n|-resisted|p2a: Kilowattrel\n|-damage|p2a: Kilowattrel|14\/100\n|-heal|p1a: Breloom|100\/100 tox|[from] drain|[of] p2a: Kilowattrel\n|\n|-weather|RainDance|[upkeep]\n|upkeep\n|turn|22\n|\n|t:|1700001195\n|move|p2a: Kilowattrel|Hurricane|p1a: Breloom\n|-supereffective|p1a: Breloom\n|-damage|p1a: Breloom|0 fnt\n|faint|p1a: Breloom\n|-damage|p2a: Kilowattrel|4\/100|[from] item: Life Orb\n|\n|-weather|RainDance|[upkeep]\n|upkeep\n|\n|t:|1700001198\n|switch|p1a: Whimsicott|Whimsicott, M|100\/100\n|-damage|p1a: Whimsicott|88\/100|[from] Stealth Rock\n|turn|23\n|\n|t:|1700001212\n|move|p1a: Whimsicott|Leech Seed|p2a: Kilowattrel\n|-start|p2a: Kilowattrel|move: Leech Seed\n|move|p2a: Kilowattrel|Hurricane|p1a: Whimsicott\n|-supereffective|p1a: Whimsicott\n|-damage|p1a: Whimsicott|0 fnt\n|faint|p1a: Whimsicott\n|-damage|p2a: Kilowattrel|0 fnt|[from] item: Life Orb\n|faint|p2a: Kilowattrel\n|\n|win|Daniel1132\n|raw|legendarylemonxl's rating: 1082 &rarr; <strong>1065<\/strong><br \/>(-17 for losing)\n|raw|Daniel1132's rating: 1174 &rarr; <strong>1193<\/strong><br \/>(+19 for winning)\n|c|\u2606Daniel1132|Gg too\n|c|\u2606legendarylemonxl|gg\n|c|\u2606legendarylemonxl|stupid magic bounce\n|c|\u2606Daniel1132|Lol\n|c|\u2606legendarylemonxl|rematch?\n|l|\u2606legendarylemonxl\n|c|\u2606Daniel1132|Igtg but if u want It later i can giv u my discord\n","uploadtime":1700001322,"views":13,"p1id":"legendarylemonxl","p2id":"daniel1132","formatid":"gen9nationaldex","rating":1065,"private":0,"password":""}