{"id":"gen9nationaldex-1995962368","p1":"sky-keeper41","p2":"TheMuj","format":"[Gen 9] National Dex","log":"|html|<div class=\"broadcast-blue\"><strong>[Gen 9] National Dex is currently suspecting Sneasler! For information on how to participate check out the <a href=\"https:\/\/www.smogon.com\/forums\/threads\/sv-national-dex-suspect-8-just-dance.3731534\/\">suspect thread<\/a>.<\/strong><\/div>\n|j|\u2606sky-keeper41\n|j|\u2606TheMuj\n|t:|1700622543\n|gametype|singles\n|player|p1|sky-keeper41|clair|1112\n|player|p2|TheMuj|ghetsis|1033\n|teamsize|p1|6\n|teamsize|p2|6\n|gen|9\n|tier|[Gen 9] National Dex\n|rated|\n|rule|HP Percentage Mod: HP is shown in percentages\n|rule|Endless Battle Clause: Forcing endless battles is banned\n|rule|OHKO Clause: OHKO moves are banned\n|rule|Evasion Clause: Evasion abilities, items, and moves are banned\n|rule|Evasion Abilities Clause: Evasion abilities are banned\n|rule|Evasion Items Clause: Evasion items are banned\n|rule|Evasion Moves Clause: Evasion moves are banned\n|rule|Species Clause: Limit one of each Pok\u00e9mon\n|rule|Sleep Clause Mod: Limit one foe put to sleep\n|clearpoke\n|poke|p1|Chandelure, M|\n|poke|p1|Staraptor, F|\n|poke|p1|Primarina, F|\n|poke|p1|Roserade, F|\n|poke|p1|Gliscor, M|\n|poke|p1|Ampharos, M|\n|poke|p2|Heracross, F|\n|poke|p2|Arctozolt|\n|poke|p2|Heatran, F|\n|poke|p2|Ceruledge, F|\n|poke|p2|Great Tusk|\n|poke|p2|Sneasler, M|\n|teampreview\n|inactive|Battle timer is ON: inactive players will automatically lose when time's up. (requested by TheMuj)\n|\n|t:|1700622550\n|start\n|switch|p1a: bird pikachu|Staraptor, F|100\/100\n|switch|p2a: Sneasler|Sneasler, M|100\/100\n|-ability|p1a: bird pikachu|Intimidate|boost\n|-unboost|p2a: Sneasler|atk|1\n|turn|1\n|\n|t:|1700622557\n|move|p2a: Sneasler|Fling|p1a: bird pikachu\n|-damage|p1a: bird pikachu|62\/100\n|-enditem|p2a: Sneasler|Big Nugget|[from] move: Fling\n|move|p1a: bird pikachu|Whirlwind|p2a: Sneasler\n|drag|p2a: Arctozolt|Arctozolt|100\/100\n|\n|upkeep\n|turn|2\n|\n|t:|1700622572\n|move|p2a: Arctozolt|Bolt Beak|p1a: bird pikachu\n|-supereffective|p1a: bird pikachu\n|-damage|p1a: bird pikachu|0 fnt\n|faint|p1a: bird pikachu\n|\n|upkeep\n|\n|t:|1700622579\n|switch|p1a: its a pickachu|Gliscor, M|100\/100\n|turn|3\n|\n|t:|1700622582\n|switch|p2a: Great Tusk|Great Tusk|100\/100\n|-enditem|p2a: Great Tusk|Booster Energy\n|-activate|p2a: Great Tusk|ability: Protosynthesis|[fromitem]\n|-start|p2a: Great Tusk|protosynthesisatk\n|move|p1a: its a pickachu|Earthquake|p2a: Great Tusk\n|-damage|p2a: Great Tusk|71\/100\n|\n|upkeep\n|turn|4\n|\n|t:|1700622592\n|move|p2a: Great Tusk|Ice Spinner|p1a: its a pickachu\n|-supereffective|p1a: its a pickachu\n|-damage|p1a: its a pickachu|0 fnt\n|faint|p1a: its a pickachu\n|\n|upkeep\n|\n|t:|1700622598\n|switch|p1a: yeah its a pikachu|Chandelure, M|100\/100\n|turn|5\n|\n|t:|1700622626\n|move|p2a: Great Tusk|Headlong Rush|p1a: yeah its a pikachu\n|-supereffective|p1a: yeah its a pikachu\n|-damage|p1a: yeah its a pikachu|0 fnt\n|-unboost|p2a: Great Tusk|def|1\n|-unboost|p2a: Great Tusk|spd|1\n|faint|p1a: yeah its a pikachu\n|\n|upkeep\n|\n|t:|1700622635\n|switch|p1a: green pikachu|Roserade, F|100\/100\n|turn|6\n|\n|t:|1700622649\n|move|p2a: Great Tusk|Ice Spinner|p1a: green pikachu\n|-supereffective|p1a: green pikachu\n|-damage|p1a: green pikachu|0 fnt\n|faint|p1a: green pikachu\n|\n|upkeep\n|\n|t:|1700622653\n|switch|p1a: blue pikachu|Primarina, F|100\/100\n|turn|7\n|\n|t:|1700622662\n|move|p2a: Great Tusk|Headlong Rush|p1a: blue pikachu\n|-damage|p1a: blue pikachu|0 fnt\n|-unboost|p2a: Great Tusk|def|1\n|-unboost|p2a: Great Tusk|spd|1\n|faint|p1a: blue pikachu\n|\n|upkeep\n|\n|t:|1700622668\n|switch|p1a: is that a pikachu|Ampharos, M|100\/100\n|turn|8\n|\n|t:|1700622686\n|detailschange|p1a: is that a pikachu|Ampharos-Mega, M\n|-mega|p1a: is that a pikachu|Ampharos|Ampharosite\n|-ability|p1a: is that a pikachu|Mold Breaker\n|move|p2a: Great Tusk|Headlong Rush|p1a: is that a pikachu\n|-supereffective|p1a: is that a pikachu\n|-damage|p1a: is that a pikachu|0 fnt\n|-unboost|p2a: Great Tusk|def|1\n|-unboost|p2a: Great Tusk|spd|1\n|faint|p1a: is that a pikachu\n|\n|win|TheMuj\n|raw|sky-keeper41's rating: 1112 &rarr; <strong>1081<\/strong><br \/>(-31 for losing)\n|raw|TheMuj's rating: 1023 &rarr; <strong>1069<\/strong><br \/>(+46 for winning)\n","uploadtime":1700622694,"views":1,"p1id":"skykeeper41","p2id":"themuj","formatid":"gen9nationaldex","rating":1069,"private":0,"password":""}