{"id":"gen9nationaldex-1993923051","p1":"xieeee7","p2":"Miku Nakano ily","format":"[Gen 9] National Dex","log":"|j|\u2606xieeee7\n|j|\u2606Miku Nakano ily\n|inactive|Battle timer is ON: inactive players will automatically lose when time's up.\n|t:|1700376097\n|gametype|singles\n|player|p1|xieeee7|cyrus-masters|\n|player|p2|Miku Nakano ily|red|\n|teamsize|p1|6\n|teamsize|p2|6\n|gen|9\n|tier|[Gen 9] National Dex\n|rated|Tournament battle\n|rule|HP Percentage Mod: HP is shown in percentages\n|rule|Endless Battle Clause: Forcing endless battles is banned\n|rule|OHKO Clause: OHKO moves are banned\n|rule|Evasion Clause: Evasion abilities, items, and moves are banned\n|rule|Evasion Abilities Clause: Evasion abilities are banned\n|rule|Evasion Items Clause: Evasion items are banned\n|rule|Evasion Moves Clause: Evasion moves are banned\n|rule|Species Clause: Limit one of each Pok\u00e9mon\n|rule|Sleep Clause Mod: Limit one foe put to sleep\n|clearpoke\n|poke|p1|Zapdos|\n|poke|p1|Glimmora, M|\n|poke|p1|Toxapex, F|\n|poke|p1|Scizor, F|\n|poke|p1|Dondozo, F|\n|poke|p1|Garchomp, M|\n|poke|p2|Charizard, M|\n|poke|p2|Alomomola, M|\n|poke|p2|Slowking-Galar, M|\n|poke|p2|Iron Valiant|\n|poke|p2|Landorus-Therian, M|\n|poke|p2|Cinderace, M|\n|teampreview\n|inactive|Miku Nakano ily also wants the timer to be on.\n|c|\u2606Miku Nakano ily|hf\n|inactive|xieeee7 has 120 seconds left.\n|\n|t:|1700376157\n|start\n|switch|p1a: \u9ebb\u75f9\u9ebb\u75f9\u9ebb\u75f9|Zapdos|100\/100\n|switch|p2a: Landorus|Landorus-Therian, M|100\/100\n|-ability|p2a: Landorus|Intimidate|boost\n|-unboost|p1a: \u9ebb\u75f9\u9ebb\u75f9\u9ebb\u75f9|atk|1\n|turn|1\n|\n|t:|1700376164\n|move|p1a: \u9ebb\u75f9\u9ebb\u75f9\u9ebb\u75f9|Hidden Power|p2a: Landorus\n|-supereffective|p2a: Landorus\n|-damage|p2a: Landorus|3\/100\n|move|p2a: Landorus|Knock Off|p1a: \u9ebb\u75f9\u9ebb\u75f9\u9ebb\u75f9\n|-damage|p1a: \u9ebb\u75f9\u9ebb\u75f9\u9ebb\u75f9|65\/100\n|-enditem|p1a: \u9ebb\u75f9\u9ebb\u75f9\u9ebb\u75f9|Choice Specs|[from] move: Knock Off|[of] p2a: Landorus\n|\n|-heal|p2a: Landorus|9\/100|[from] item: Leftovers\n|upkeep\n|turn|2\n|\n|t:|1700376172\n|switch|p2a: Cinderace|Cinderace, M|100\/100\n|move|p1a: \u9ebb\u75f9\u9ebb\u75f9\u9ebb\u75f9|Hurricane|p2a: Cinderace\n|-damage|p2a: Cinderace|17\/100\n|\n|upkeep\n|turn|3\n|\n|t:|1700376178\n|switch|p1a: \u4e09\u56de\u5408\u7ed9\u4f60\u6492\u6ee1\u5965|Glimmora, M|100\/100\n|move|p2a: Cinderace|Pyro Ball|p1a: \u4e09\u56de\u5408\u7ed9\u4f60\u6492\u6ee1\u5965\n|-resisted|p1a: \u4e09\u56de\u5408\u7ed9\u4f60\u6492\u6ee1\u5965\n|-damage|p1a: \u4e09\u56de\u5408\u7ed9\u4f60\u6492\u6ee1\u5965|65\/100\n|-activate|p1a: \u4e09\u56de\u5408\u7ed9\u4f60\u6492\u6ee1\u5965|ability: Toxic Debris\n|-sidestart|p2: Miku Nakano ily|move: Toxic Spikes\n|\n|upkeep\n|turn|4\n|\n|t:|1700376190\n|move|p1a: \u4e09\u56de\u5408\u7ed9\u4f60\u6492\u6ee1\u5965|Power Gem|p2a: Cinderace\n|-supereffective|p2a: Cinderace\n|-damage|p2a: Cinderace|0 fnt\n|faint|p2a: Cinderace\n|\n|upkeep\n|\n|t:|1700376195\n|switch|p2a: Slowking|Slowking-Galar, M|100\/100\n|-sideend|p2: Miku Nakano ily|move: Toxic Spikes|[of] p2a: Slowking\n|turn|5\n|\n|t:|1700376200\n|switch|p1a: \u4e0d\u4f1a\u9f99\u821e\u53ea\u80fd\u5f53\u624b\u81c2\u62b1\u6b49\u5566|Garchomp, M|100\/100\n|move|p2a: Slowking|Ice Beam|p1a: \u4e0d\u4f1a\u9f99\u821e\u53ea\u80fd\u5f53\u624b\u81c2\u62b1\u6b49\u5566\n|-supereffective|p1a: \u4e0d\u4f1a\u9f99\u821e\u53ea\u80fd\u5f53\u624b\u81c2\u62b1\u6b49\u5566\n|-damage|p1a: \u4e0d\u4f1a\u9f99\u821e\u53ea\u80fd\u5f53\u624b\u81c2\u62b1\u6b49\u5566|1\/100\n|\n|upkeep\n|turn|6\n|\n|t:|1700376205\n|move|p1a: \u4e0d\u4f1a\u9f99\u821e\u53ea\u80fd\u5f53\u624b\u81c2\u62b1\u6b49\u5566|Earthquake|p2a: Slowking\n|-supereffective|p2a: Slowking\n|-damage|p2a: Slowking|0 fnt\n|faint|p2a: Slowking\n|\n|upkeep\n|\n|t:|1700376210\n|switch|p2a: Charizard|Charizard, M|100\/100\n|turn|7\n|\n|t:|1700376234\n|switch|p1a: \u4e0d\u8981\u62cd\u843d\u6c42\u6c42\u5566|Toxapex, F|100\/100\n|detailschange|p2a: Charizard|Charizard-Mega-Y, M\n|-mega|p2a: Charizard|Charizard|Charizardite Y\n|-weather|SunnyDay|[from] ability: Drought|[of] p2a: Charizard\n|move|p2a: Charizard|Scorching Sands|p1a: \u4e0d\u8981\u62cd\u843d\u6c42\u6c42\u5566\n|-supereffective|p1a: \u4e0d\u8981\u62cd\u843d\u6c42\u6c42\u5566\n|-damage|p1a: \u4e0d\u8981\u62cd\u843d\u6c42\u6c42\u5566|54\/100\n|\n|-weather|SunnyDay|[upkeep]\n|upkeep\n|turn|8\n|c|\u2606Miku Nakano ily|wildest team I've seen\n|\n|t:|1700376244\n|move|p2a: Charizard|Air Slash|p1a: \u4e0d\u8981\u62cd\u843d\u6c42\u6c42\u5566\n|-damage|p1a: \u4e0d\u8981\u62cd\u843d\u6c42\u6c42\u5566|15\/100\n|cant|p1a: \u4e0d\u8981\u62cd\u843d\u6c42\u6c42\u5566|flinch\n|\n|-weather|SunnyDay|[upkeep]\n|upkeep\n|turn|9\n|\n|t:|1700376251\n|switch|p1a: \u9ebb\u75f9\u9ebb\u75f9\u9ebb\u75f9|Zapdos|65\/100\n|move|p2a: Charizard|Weather Ball|p1a: \u9ebb\u75f9\u9ebb\u75f9\u9ebb\u75f9\n|-damage|p1a: \u9ebb\u75f9\u9ebb\u75f9\u9ebb\u75f9|0 fnt\n|faint|p1a: \u9ebb\u75f9\u9ebb\u75f9\u9ebb\u75f9\n|\n|-weather|SunnyDay|[upkeep]\n|upkeep\n|\n|t:|1700376254\n|switch|p1a: \u4e09\u56de\u5408\u7ed9\u4f60\u6492\u6ee1\u5965|Glimmora, M|65\/100\n|turn|10\n|\n|t:|1700376259\n|switch|p2a: Iron Valiant|Iron Valiant, shiny|100\/100\n|-enditem|p2a: Iron Valiant|Booster Energy\n|-activate|p2a: Iron Valiant|ability: Quark Drive|[fromitem]\n|-start|p2a: Iron Valiant|quarkdrivespe\n|move|p1a: \u4e09\u56de\u5408\u7ed9\u4f60\u6492\u6ee1\u5965|Power Gem|p2a: Iron Valiant\n|-resisted|p2a: Iron Valiant\n|-damage|p2a: Iron Valiant|63\/100\n|\n|-weather|SunnyDay|[upkeep]\n|upkeep\n|turn|11\n|\n|t:|1700376269\n|switch|p1a: \u6247\u8d1d|Scizor, F|100\/100\n|move|p2a: Iron Valiant|Psycho Cut|p1a: \u6247\u8d1d\n|-resisted|p1a: \u6247\u8d1d\n|-crit|p1a: \u6247\u8d1d\n|-damage|p1a: \u6247\u8d1d|80\/100\n|\n|-weather|none\n|upkeep\n|turn|12\n|\n|t:|1700376272\n|-end|p2a: Iron Valiant|Quark Drive|[silent]\n|switch|p2a: Charizard|Charizard-Mega-Y, M|100\/100\n|-weather|SunnyDay|[from] ability: Drought|[of] p2a: Charizard\n|detailschange|p1a: \u6247\u8d1d|Scizor-Mega, F\n|-mega|p1a: \u6247\u8d1d|Scizor|Scizorite\n|move|p1a: \u6247\u8d1d|Bullet Punch|p2a: Charizard\n|-resisted|p2a: Charizard\n|-damage|p2a: Charizard|78\/100\n|\n|-weather|SunnyDay|[upkeep]\n|upkeep\n|turn|13\n|\n|t:|1700376276\n|move|p2a: Charizard|Weather Ball|p1a: \u6247\u8d1d\n|-supereffective|p1a: \u6247\u8d1d\n|-damage|p1a: \u6247\u8d1d|0 fnt\n|faint|p1a: \u6247\u8d1d\n|\n|-weather|SunnyDay|[upkeep]\n|upkeep\n|\n|t:|1700376278\n|switch|p1a: \u4e09\u56de\u5408\u7ed9\u4f60\u6492\u6ee1\u5965|Glimmora, M|65\/100\n|turn|14\n|\n|t:|1700376289\n|switch|p2a: Landorus|Landorus-Therian, M|9\/100\n|-ability|p2a: Landorus|Intimidate|boost\n|-unboost|p1a: \u4e09\u56de\u5408\u7ed9\u4f60\u6492\u6ee1\u5965|atk|1\n|move|p1a: \u4e09\u56de\u5408\u7ed9\u4f60\u6492\u6ee1\u5965|Sludge Wave|p2a: Landorus\n|-resisted|p2a: Landorus\n|-damage|p2a: Landorus|0 fnt\n|faint|p2a: Landorus\n|\n|-weather|SunnyDay|[upkeep]\n|upkeep\n|j| walpurgisnuit\n|\n|t:|1700376310\n|switch|p2a: Iron Valiant|Iron Valiant, shiny|63\/100\n|turn|15\n|l| walpurgisnuit\n|\n|t:|1700376319\n|-terastallize|p2a: Iron Valiant|Steel\n|move|p1a: \u4e09\u56de\u5408\u7ed9\u4f60\u6492\u6ee1\u5965|Sludge Wave|p2a: Iron Valiant\n|-immune|p2a: Iron Valiant\n|move|p2a: Iron Valiant|Psycho Cut|p1a: \u4e09\u56de\u5408\u7ed9\u4f60\u6492\u6ee1\u5965\n|-supereffective|p1a: \u4e09\u56de\u5408\u7ed9\u4f60\u6492\u6ee1\u5965\n|-damage|p1a: \u4e09\u56de\u5408\u7ed9\u4f60\u6492\u6ee1\u5965|3\/100\n|-activate|p1a: \u4e09\u56de\u5408\u7ed9\u4f60\u6492\u6ee1\u5965|ability: Toxic Debris\n|-sidestart|p2: Miku Nakano ily|move: Toxic Spikes\n|\n|-weather|SunnyDay|[upkeep]\n|upkeep\n|turn|16\n|\n|t:|1700376336\n|switch|p1a: \u4e0d\u4f1a\u9f99\u821e\u53ea\u80fd\u5f53\u624b\u81c2\u62b1\u6b49\u5566|Garchomp, M|1\/100\n|-end|p2a: Iron Valiant|Quark Drive|[silent]\n|switch|p2a: Alomomola|Alomomola, M|100\/100\n|-status|p2a: Alomomola|psn\n|\n|-weather|none\n|-damage|p2a: Alomomola|88\/100 psn|[from] psn\n|upkeep\n|turn|17\n|\n|t:|1700376341\n|move|p1a: \u4e0d\u4f1a\u9f99\u821e\u53ea\u80fd\u5f53\u624b\u81c2\u62b1\u6b49\u5566|Outrage|p2a: Alomomola\n|-damage|p2a: Alomomola|55\/100 psn\n|move|p2a: Alomomola|Flip Turn|p1a: \u4e0d\u4f1a\u9f99\u821e\u53ea\u80fd\u5f53\u624b\u81c2\u62b1\u6b49\u5566\n|-damage|p1a: \u4e0d\u4f1a\u9f99\u821e\u53ea\u80fd\u5f53\u624b\u81c2\u62b1\u6b49\u5566|0 fnt\n|-damage|p2a: Alomomola|43\/100 psn|[from] ability: Rough Skin|[of] p1a: \u4e0d\u4f1a\u9f99\u821e\u53ea\u80fd\u5f53\u624b\u81c2\u62b1\u6b49\u5566\n|faint|p1a: \u4e0d\u4f1a\u9f99\u821e\u53ea\u80fd\u5f53\u624b\u81c2\u62b1\u6b49\u5566\n|\n|t:|1700376346\n|switch|p2a: Charizard|Charizard-Mega-Y, M|78\/100|[from] Flip Turn\n|-weather|SunnyDay|[from] ability: Drought|[of] p2a: Charizard\n|\n|-weather|SunnyDay|[upkeep]\n|upkeep\n|\n|t:|1700376359\n|switch|p1a: \u7eb3\u5c3c?\u60c5\u62a5\u662f\u5047\u7684?|Dondozo, F|100\/100\n|turn|18\n|\n|t:|1700376362\n|move|p2a: Charizard|Solar Beam||[still]\n|-prepare|p2a: Charizard|Solar Beam\n|-anim|p2a: Charizard|Solar Beam|p1a: \u7eb3\u5c3c?\u60c5\u62a5\u662f\u5047\u7684?\n|-supereffective|p1a: \u7eb3\u5c3c?\u60c5\u62a5\u662f\u5047\u7684?\n|-damage|p1a: \u7eb3\u5c3c?\u60c5\u62a5\u662f\u5047\u7684?|11\/100\n|move|p1a: \u7eb3\u5c3c?\u60c5\u62a5\u662f\u5047\u7684?|Wave Crash|p2a: Charizard\n|-supereffective|p2a: Charizard\n|-damage|p2a: Charizard|0 fnt\n|faint|p2a: Charizard\n|-damage|p1a: \u7eb3\u5c3c?\u60c5\u62a5\u662f\u5047\u7684?|0 fnt|[from] Recoil\n|faint|p1a: \u7eb3\u5c3c?\u60c5\u62a5\u662f\u5047\u7684?\n|\n|-weather|SunnyDay|[upkeep]\n|upkeep\n|\n|t:|1700376372\n|switch|p2a: Iron Valiant|Iron Valiant, shiny, tera:Steel|63\/100\n|switch|p1a: \u4e0d\u8981\u62cd\u843d\u6c42\u6c42\u5566|Toxapex, F|49\/100\n|turn|19\n|\n|t:|1700376380\n|-terastallize|p1a: \u4e0d\u8981\u62cd\u843d\u6c42\u6c42\u5566|Ground\n|move|p2a: Iron Valiant|Psycho Cut|p1a: \u4e0d\u8981\u62cd\u843d\u6c42\u6c42\u5566\n|-damage|p1a: \u4e0d\u8981\u62cd\u843d\u6c42\u6c42\u5566|28\/100\n|move|p1a: \u4e0d\u8981\u62cd\u843d\u6c42\u6c42\u5566|Tera Blast|p2a: Iron Valiant|[anim] Tera Blast Ground\n|-supereffective|p2a: Iron Valiant\n|-damage|p2a: Iron Valiant|0 fnt\n|faint|p2a: Iron Valiant\n|-end|p2a: Iron Valiant|Quark Drive|[silent]\n|\n|-weather|SunnyDay|[upkeep]\n|upkeep\n|\n|t:|1700376386\n|switch|p2a: Alomomola|Alomomola, M|76\/100 psn\n|turn|20\n|\n|t:|1700376394\n|move|p1a: \u4e0d\u8981\u62cd\u843d\u6c42\u6c42\u5566|Tera Blast|p2a: Alomomola|[anim] Tera Blast Ground\n|-damage|p2a: Alomomola|55\/100 psn\n|move|p2a: Alomomola|Wish|p2a: Alomomola\n|\n|-weather|SunnyDay|[upkeep]\n|-damage|p2a: Alomomola|43\/100 psn|[from] psn\n|upkeep\n|turn|21\n|\n|t:|1700376398\n|move|p1a: \u4e0d\u8981\u62cd\u843d\u6c42\u6c42\u5566|Tera Blast|p2a: Alomomola|[anim] Tera Blast Ground\n|-damage|p2a: Alomomola|18\/100 psn\n|move|p2a: Alomomola|Toxic|p1a: \u4e0d\u8981\u62cd\u843d\u6c42\u6c42\u5566\n|-status|p1a: \u4e0d\u8981\u62cd\u843d\u6c42\u6c42\u5566|tox\n|\n|-weather|none\n|-heal|p2a: Alomomola|68\/100 psn|[from] move: Wish|[wisher] Alomomola\n|-damage|p2a: Alomomola|56\/100 psn|[from] psn\n|-damage|p1a: \u4e0d\u8981\u62cd\u843d\u6c42\u6c42\u5566|22\/100 tox|[from] psn\n|upkeep\n|turn|22\n|\n|t:|1700376404\n|move|p1a: \u4e0d\u8981\u62cd\u843d\u6c42\u6c42\u5566|Tera Blast|p2a: Alomomola|[anim] Tera Blast Ground\n|-damage|p2a: Alomomola|34\/100 psn\n|move|p2a: Alomomola|Wish|p2a: Alomomola\n|\n|-damage|p2a: Alomomola|21\/100 psn|[from] psn\n|-damage|p1a: \u4e0d\u8981\u62cd\u843d\u6c42\u6c42\u5566|10\/100 tox|[from] psn\n|upkeep\n|turn|23\n|\n|t:|1700376408\n|switch|p1a: \u4e09\u56de\u5408\u7ed9\u4f60\u6492\u6ee1\u5965|Glimmora, M|3\/100\n|move|p2a: Alomomola|Flip Turn|p1a: \u4e09\u56de\u5408\u7ed9\u4f60\u6492\u6ee1\u5965\n|-supereffective|p1a: \u4e09\u56de\u5408\u7ed9\u4f60\u6492\u6ee1\u5965\n|-crit|p1a: \u4e09\u56de\u5408\u7ed9\u4f60\u6492\u6ee1\u5965\n|-damage|p1a: \u4e09\u56de\u5408\u7ed9\u4f60\u6492\u6ee1\u5965|0 fnt\n|-activate|p1a: \u4e09\u56de\u5408\u7ed9\u4f60\u6492\u6ee1\u5965|ability: Toxic Debris\n|-sidestart|p2: Miku Nakano ily|move: Toxic Spikes\n|faint|p1a: \u4e09\u56de\u5408\u7ed9\u4f60\u6492\u6ee1\u5965\n|\n|-heal|p2a: Alomomola|71\/100 psn|[from] move: Wish|[wisher] Alomomola\n|-damage|p2a: Alomomola|59\/100 psn|[from] psn\n|upkeep\n|\n|t:|1700376411\n|switch|p1a: \u4e0d\u8981\u62cd\u843d\u6c42\u6c42\u5566|Toxapex, F, tera:Ground|44\/100 tox\n|turn|24\n|\n|t:|1700376418\n|move|p1a: \u4e0d\u8981\u62cd\u843d\u6c42\u6c42\u5566|Gunk Shot|p2a: Alomomola\n|-damage|p2a: Alomomola|27\/100 psn\n|move|p2a: Alomomola|Wish|p2a: Alomomola\n|\n|-damage|p2a: Alomomola|15\/100 psn|[from] psn\n|-damage|p1a: \u4e0d\u8981\u62cd\u843d\u6c42\u6c42\u5566|38\/100 tox|[from] psn\n|upkeep\n|turn|25\n|\n|t:|1700376422\n|move|p1a: \u4e0d\u8981\u62cd\u843d\u6c42\u6c42\u5566|Gunk Shot|p2a: Alomomola\n|-damage|p2a: Alomomola|0 fnt\n|faint|p2a: Alomomola\n|\n|win|xieeee7\n|n|\u2606xieeee7|xieeee7\n|n|\u2606Miku Nakano ily|mikunakanoily\n|c|\u2606Miku Nakano ily|gg\n|c|\u2606xieeee7|gg\n|l|\u2606Miku Nakano ily\n","uploadtime":1700376461,"views":7,"p1id":"xieeee7","p2id":"mikunakanoily","formatid":"gen9nationaldex","rating":0,"private":0,"password":""}