{"id":"gen9nationaldex-1990998999","p1":"SCP-4666","p2":"habixia","format":"[Gen 9] National Dex","log":"|j|\u2606SCP-4666\n|j|\u2606habixia\n|t:|1700025586\n|gametype|singles\n|player|p1|SCP-4666|169|1513\n|player|p2|habixia|265|1538\n|teamsize|p1|6\n|teamsize|p2|6\n|gen|9\n|tier|[Gen 9] National Dex\n|rated|\n|rule|HP Percentage Mod: HP is shown in percentages\n|rule|Endless Battle Clause: Forcing endless battles is banned\n|rule|OHKO Clause: OHKO moves are banned\n|rule|Evasion Clause: Evasion abilities, items, and moves are banned\n|rule|Evasion Abilities Clause: Evasion abilities are banned\n|rule|Evasion Items Clause: Evasion items are banned\n|rule|Evasion Moves Clause: Evasion moves are banned\n|rule|Species Clause: Limit one of each Pok\u00e9mon\n|rule|Sleep Clause Mod: Limit one foe put to sleep\n|clearpoke\n|poke|p1|Gliscor, M|\n|poke|p1|Sableye, M|\n|poke|p1|Toxapex, F|\n|poke|p1|Chansey, F|\n|poke|p1|Clodsire, F|\n|poke|p1|Dondozo, M|\n|poke|p2|Aegislash, F|\n|poke|p2|Tapu Koko|\n|poke|p2|Charizard, F|\n|poke|p2|Greninja-*, M|\n|poke|p2|Landorus-Therian, M|\n|poke|p2|Ogerpon, F|\n|teampreview\n|inactive|Battle timer is ON: inactive players will automatically lose when time's up. (requested by SCP-4666)\n|c|\u2606SCP-4666|Fuck wagecucks\n|c|\u2606SCP-4666|NEET lyfe\n|\n|t:|1700025614\n|start\n|switch|p1a: Sableye|Sableye, M|100\/100\n|switch|p2a: Charizard|Charizard, F|100\/100\n|turn|1\n|\n|t:|1700025618\n|detailschange|p2a: Charizard|Charizard-Mega-X, F\n|-mega|p2a: Charizard|Charizard|Charizardite X\n|detailschange|p1a: Sableye|Sableye-Mega, M\n|-mega|p1a: Sableye|Sableye|Sablenite\n|move|p1a: Sableye|Fake Out|p2a: Charizard\n|-damage|p2a: Charizard|91\/100\n|cant|p2a: Charizard|flinch\n|\n|upkeep\n|turn|2\n|\n|t:|1700025624\n|switch|p1a: Dondozo|Dondozo, M|100\/100\n|move|p2a: Charizard|Dragon Claw|p1a: Dondozo\n|-damage|p1a: Dondozo|76\/100\n|\n|-heal|p1a: Dondozo|82\/100|[from] item: Leftovers\n|upkeep\n|turn|3\n|\n|t:|1700025638\n|switch|p2a: Ogerpon|Ogerpon, F|100\/100\n|move|p1a: Dondozo|Curse|p1a: Dondozo\n|-unboost|p1a: Dondozo|spe|1\n|-boost|p1a: Dondozo|atk|1\n|-boost|p1a: Dondozo|def|1\n|\n|-heal|p1a: Dondozo|88\/100|[from] item: Leftovers\n|upkeep\n|turn|4\n|\n|t:|1700025642\n|-terastallize|p2a: Ogerpon|Grass\n|detailschange|p2a: Ogerpon|Ogerpon-Teal-Tera, F, tera:Grass\n|-ability|p2a: Ogerpon|Embody Aspect (Teal)|boost\n|-boost|p2a: Ogerpon|spe|1\n|move|p2a: Ogerpon|Ivy Cudgel|p1a: Dondozo\n|-supereffective|p1a: Dondozo\n|-damage|p1a: Dondozo|40\/100\n|-damage|p2a: Ogerpon|91\/100|[from] item: Life Orb\n|move|p1a: Dondozo|Curse|p1a: Dondozo\n|-unboost|p1a: Dondozo|spe|1\n|-boost|p1a: Dondozo|atk|1\n|-boost|p1a: Dondozo|def|1\n|\n|-heal|p1a: Dondozo|46\/100|[from] item: Leftovers\n|upkeep\n|turn|5\n|\n|t:|1700025651\n|move|p2a: Ogerpon|Ivy Cudgel|p1a: Dondozo\n|-supereffective|p1a: Dondozo\n|-damage|p1a: Dondozo|5\/100\n|-damage|p2a: Ogerpon|81\/100|[from] item: Life Orb\n|move|p1a: Dondozo|Rest|p1a: Dondozo\n|-status|p1a: Dondozo|slp|[from] move: Rest\n|-heal|p1a: Dondozo|100\/100 slp|[silent]\n|\n|upkeep\n|turn|6\n|inactive|habixia has 120 seconds left.\n|inactive|habixia has 90 seconds left.\n|\n|t:|1700025715\n|move|p2a: Ogerpon|Ivy Cudgel|p1a: Dondozo\n|-supereffective|p1a: Dondozo\n|-crit|p1a: Dondozo\n|-damage|p1a: Dondozo|0 fnt\n|faint|p1a: Dondozo\n|-damage|p2a: Ogerpon|71\/100|[from] item: Life Orb\n|\n|upkeep\n|\n|t:|1700025730\n|switch|p1a: Gliscor|Gliscor, M|100\/100\n|turn|7\n|\n|t:|1700025733\n|move|p2a: Ogerpon|Ivy Cudgel|p1a: Gliscor\n|-damage|p1a: Gliscor|50\/100\n|-damage|p2a: Ogerpon|61\/100|[from] item: Life Orb\n|move|p1a: Gliscor|Toxic|p2a: Ogerpon\n|-status|p2a: Ogerpon|tox\n|\n|-damage|p2a: Ogerpon|55\/100 tox|[from] psn\n|-status|p1a: Gliscor|tox|[from] item: Toxic Orb\n|upkeep\n|turn|8\n|\n|t:|1700025739\n|move|p1a: Gliscor|Protect|p1a: Gliscor\n|-singleturn|p1a: Gliscor|Protect\n|move|p2a: Ogerpon|Ivy Cudgel|p1a: Gliscor\n|-activate|p1a: Gliscor|move: Protect\n|\n|-damage|p2a: Ogerpon|43\/100 tox|[from] psn\n|-heal|p1a: Gliscor|62\/100 tox|[from] ability: Poison Heal\n|upkeep\n|turn|9\n|\n|t:|1700025744\n|switch|p1a: Toxapex|Toxapex, F|100\/100\n|move|p2a: Ogerpon|Ivy Cudgel|p1a: Toxapex\n|-damage|p1a: Toxapex|45\/100\n|-damage|p2a: Ogerpon|33\/100 tox|[from] item: Life Orb\n|\n|-damage|p2a: Ogerpon|15\/100 tox|[from] psn\n|upkeep\n|turn|10\n|\n|t:|1700025754\n|switch|p2a: Charizard|Charizard-Mega-X, F|91\/100\n|switch|p1a: Gliscor|Gliscor, M|62\/100 tox\n|\n|-heal|p1a: Gliscor|75\/100 tox|[from] ability: Poison Heal\n|upkeep\n|turn|11\n|\n|t:|1700025757\n|move|p2a: Charizard|Flare Blitz|p1a: Gliscor\n|-damage|p1a: Gliscor|25\/100 tox\n|-damage|p2a: Charizard|72\/100|[from] Recoil\n|move|p1a: Gliscor|Toxic|p2a: Charizard\n|-status|p2a: Charizard|tox\n|\n|-damage|p2a: Charizard|65\/100 tox|[from] psn\n|-heal|p1a: Gliscor|37\/100 tox|[from] ability: Poison Heal\n|upkeep\n|turn|12\n|\n|t:|1700025761\n|move|p1a: Gliscor|Protect|p1a: Gliscor\n|-singleturn|p1a: Gliscor|Protect\n|move|p2a: Charizard|Dragon Dance|p2a: Charizard\n|-boost|p2a: Charizard|atk|1\n|-boost|p2a: Charizard|spe|1\n|\n|-damage|p2a: Charizard|53\/100 tox|[from] psn\n|-heal|p1a: Gliscor|49\/100 tox|[from] ability: Poison Heal\n|upkeep\n|turn|13\n|\n|t:|1700025770\n|move|p1a: Gliscor|Protect||[still]\n|-fail|p1a: Gliscor\n|move|p2a: Charizard|Dragon Claw|p1a: Gliscor\n|-damage|p1a: Gliscor|0 fnt\n|faint|p1a: Gliscor\n|\n|-damage|p2a: Charizard|35\/100 tox|[from] psn\n|upkeep\n|\n|t:|1700025774\n|switch|p1a: Toxapex|Toxapex, F|78\/100\n|turn|14\n|\n|t:|1700025778\n|move|p2a: Charizard|Roost|p2a: Charizard\n|-heal|p2a: Charizard|85\/100 tox\n|-singleturn|p2a: Charizard|move: Roost\n|move|p1a: Toxapex|Scald|p2a: Charizard\n|-damage|p2a: Charizard|64\/100 tox\n|\n|-damage|p2a: Charizard|40\/100 tox|[from] psn\n|upkeep\n|turn|15\n|\n|t:|1700025787\n|move|p2a: Charizard|Dragon Claw|p1a: Toxapex\n|-damage|p1a: Toxapex|27\/100\n|move|p1a: Toxapex|Recover|p1a: Toxapex\n|-heal|p1a: Toxapex|77\/100\n|\n|-damage|p2a: Charizard|10\/100 tox|[from] psn\n|upkeep\n|turn|16\n|\n|t:|1700025794\n|move|p2a: Charizard|Roost|p2a: Charizard\n|-heal|p2a: Charizard|60\/100 tox\n|-singleturn|p2a: Charizard|move: Roost\n|move|p1a: Toxapex|Recover|p1a: Toxapex\n|-heal|p1a: Toxapex|100\/100\n|\n|-damage|p2a: Charizard|23\/100 tox|[from] psn\n|upkeep\n|turn|17\n|\n|t:|1700025801\n|move|p2a: Charizard|Roost|p2a: Charizard\n|-heal|p2a: Charizard|74\/100 tox\n|-singleturn|p2a: Charizard|move: Roost\n|move|p1a: Toxapex|Scald|p2a: Charizard\n|-damage|p2a: Charizard|53\/100 tox\n|\n|-damage|p2a: Charizard|11\/100 tox|[from] psn\n|upkeep\n|turn|18\n|\n|t:|1700025810\n|move|p2a: Charizard|Roost|p2a: Charizard\n|-heal|p2a: Charizard|61\/100 tox\n|-singleturn|p2a: Charizard|move: Roost\n|move|p1a: Toxapex|Knock Off|p2a: Charizard\n|-damage|p2a: Charizard|51\/100 tox\n|\n|-damage|p2a: Charizard|2\/100 tox|[from] psn\n|upkeep\n|turn|19\n|\n|t:|1700025819\n|move|p2a: Charizard|Dragon Claw|p1a: Toxapex\n|-damage|p1a: Toxapex|44\/100\n|move|p1a: Toxapex|Toxic Spikes|p2a: Charizard\n|-sidestart|p2: habixia|move: Toxic Spikes\n|\n|-damage|p2a: Charizard|0 fnt|[from] psn\n|faint|p2a: Charizard\n|upkeep\n|\n|t:|1700025827\n|switch|p2a: Ogerpon|Ogerpon-Teal-Tera, F, tera:Grass|15\/100 tox\n|-ability|p2a: Ogerpon|Embody Aspect (Teal)|boost\n|-boost|p2a: Ogerpon|spe|1\n|turn|20\n|\n|t:|1700025836\n|switch|p1a: Sableye|Sableye-Mega, M|100\/100\n|move|p2a: Ogerpon|Ivy Cudgel|p1a: Sableye\n|-crit|p1a: Sableye\n|-damage|p1a: Sableye|6\/100\n|-damage|p2a: Ogerpon|5\/100 tox|[from] item: Life Orb\n|\n|-damage|p2a: Ogerpon|0 fnt|[from] psn\n|faint|p2a: Ogerpon\n|upkeep\n|\n|t:|1700025849\n|switch|p2a: Landorus|Landorus-Therian, M|100\/100\n|-ability|p2a: Landorus|Intimidate|boost\n|-unboost|p1a: Sableye|atk|1\n|turn|21\n|\n|t:|1700025854\n|switch|p1a: Chansey|Chansey, F|100\/100\n|move|p2a: Landorus|Earthquake|p1a: Chansey\n|-damage|p1a: Chansey|70\/100\n|\n|upkeep\n|turn|22\n|\n|t:|1700025857\n|move|p2a: Landorus|Toxic|p1a: Chansey\n|-status|p1a: Chansey|tox\n|move|p1a: Chansey|Toxic|p2a: Landorus\n|-status|p2a: Landorus|tox\n|\n|-damage|p2a: Landorus|94\/100 tox|[from] psn\n|-damage|p1a: Chansey|64\/100 tox|[from] psn\n|upkeep\n|turn|23\n|\n|t:|1700025863\n|move|p2a: Landorus|Earthquake|p1a: Chansey\n|-damage|p1a: Chansey|35\/100 tox\n|move|p1a: Chansey|Soft-Boiled|p1a: Chansey\n|-heal|p1a: Chansey|85\/100 tox\n|\n|-heal|p2a: Landorus|100\/100 tox|[from] item: Leftovers\n|-damage|p2a: Landorus|88\/100 tox|[from] psn\n|-damage|p1a: Chansey|73\/100 tox|[from] psn\n|upkeep\n|turn|24\n|\n|t:|1700025867\n|move|p2a: Landorus|Earthquake|p1a: Chansey\n|-damage|p1a: Chansey|44\/100 tox\n|move|p1a: Chansey|Soft-Boiled|p1a: Chansey\n|-heal|p1a: Chansey|94\/100 tox\n|\n|-heal|p2a: Landorus|94\/100 tox|[from] item: Leftovers\n|-damage|p2a: Landorus|76\/100 tox|[from] psn\n|-damage|p1a: Chansey|75\/100 tox|[from] psn\n|upkeep\n|turn|25\n|\n|t:|1700025874\n|-curestatus|p1a: Chansey|tox|[from] ability: Natural Cure\n|switch|p1a: Toxapex|Toxapex, F|77\/100\n|move|p2a: Landorus|Earthquake|p1a: Toxapex\n|-supereffective|p1a: Toxapex\n|-damage|p1a: Toxapex|23\/100\n|\n|-heal|p2a: Landorus|82\/100 tox|[from] item: Leftovers\n|-damage|p2a: Landorus|58\/100 tox|[from] psn\n|upkeep\n|turn|26\n|\n|t:|1700025878\n|switch|p1a: Chansey|Chansey, F|75\/100\n|move|p2a: Landorus|Earthquake|p1a: Chansey\n|-damage|p1a: Chansey|44\/100\n|\n|-heal|p2a: Landorus|64\/100 tox|[from] item: Leftovers\n|-damage|p2a: Landorus|34\/100 tox|[from] psn\n|upkeep\n|turn|27\n|\n|t:|1700025881\n|switch|p2a: Aegislash|Aegislash, F|100\/100\n|-item|p2a: Aegislash|Air Balloon\n|move|p1a: Chansey|Soft-Boiled|p1a: Chansey\n|-heal|p1a: Chansey|94\/100\n|\n|upkeep\n|turn|28\n|\n|t:|1700025888\n|switch|p1a: Sableye|Sableye-Mega, M|6\/100\n|-formechange|p2a: Aegislash|Aegislash-Blade||[from] ability: Stance Change\n|move|p2a: Aegislash|Shadow Ball|p1a: Sableye\n|-damage|p1a: Sableye|0 fnt\n|faint|p1a: Sableye\n|\n|upkeep\n|\n|t:|1700025895\n|switch|p1a: Toxapex|Toxapex, F|57\/100\n|turn|29\n|\n|t:|1700025903\n|switch|p2a: Tapu Koko|Tapu Koko|100\/100\n|-status|p2a: Tapu Koko|psn\n|-fieldstart|move: Electric Terrain|[from] ability: Electric Surge|[of] p2a: Tapu Koko\n|move|p1a: Toxapex|Recover|p1a: Toxapex\n|-heal|p1a: Toxapex|100\/100\n|\n|-damage|p2a: Tapu Koko|88\/100 psn|[from] psn\n|upkeep\n|turn|30\n|\n|t:|1700025907\n|switch|p1a: Chansey|Chansey, F|94\/100\n|move|p2a: Tapu Koko|U-turn|p1a: Chansey\n|-damage|p1a: Chansey|83\/100\n|\n|t:|1700025912\n|switch|p2a: Aegislash|Aegislash, F|100\/100|[from] U-turn\n|-item|p2a: Aegislash|Air Balloon\n|\n|upkeep\n|turn|31\n|\n|t:|1700025917\n|-formechange|p2a: Aegislash|Aegislash-Blade||[from] ability: Stance Change\n|move|p2a: Aegislash|Shadow Ball|p1a: Chansey\n|-immune|p1a: Chansey\n|move|p1a: Chansey|Stealth Rock|p2a: Aegislash\n|-sidestart|p2: habixia|move: Stealth Rock\n|\n|upkeep\n|turn|32\n|\n|t:|1700025925\n|switch|p1a: Toxapex|Toxapex, F|100\/100\n|move|p2a: Aegislash|Toxic|p1a: Toxapex\n|-immune|p1a: Toxapex\n|\n|upkeep\n|turn|33\n|\n|t:|1700025940\n|switch|p2a: Landorus|Landorus-Therian, M|34\/100 tox\n|-damage|p2a: Landorus|22\/100 tox|[from] Stealth Rock\n|-ability|p2a: Landorus|Intimidate|boost\n|-unboost|p1a: Toxapex|atk|1\n|move|p1a: Toxapex|Scald|p2a: Landorus\n|-supereffective|p2a: Landorus\n|-damage|p2a: Landorus|0 fnt\n|faint|p2a: Landorus\n|\n|-fieldend|move: Electric Terrain\n|upkeep\n|\n|t:|1700025952\n|switch|p2a: Aegislash|Aegislash, F|100\/100\n|-damage|p2a: Aegislash|94\/100|[from] Stealth Rock\n|-item|p2a: Aegislash|Air Balloon\n|turn|34\n|\n|t:|1700025960\n|-formechange|p2a: Aegislash|Aegislash-Blade||[from] ability: Stance Change\n|move|p2a: Aegislash|Shadow Ball|p1a: Toxapex\n|-damage|p1a: Toxapex|58\/100\n|move|p1a: Toxapex|Scald|p2a: Aegislash\n|-damage|p2a: Aegislash|67\/100\n|-status|p2a: Aegislash|brn\n|-enditem|p2a: Aegislash|Air Balloon\n|\n|-damage|p2a: Aegislash|60\/100 brn|[from] brn\n|upkeep\n|turn|35\n|\n|t:|1700025970\n|switch|p1a: Clodsire|Clodsire, F|100\/100\n|move|p2a: Aegislash|Shadow Ball|p1a: Clodsire\n|-damage|p1a: Clodsire|73\/100\n|\n|-heal|p1a: Clodsire|79\/100|[from] item: Leftovers\n|-damage|p2a: Aegislash|54\/100 brn|[from] brn\n|upkeep\n|turn|36\n|\n|t:|1700025977\n|move|p2a: Aegislash|Shadow Ball|p1a: Clodsire\n|-damage|p1a: Clodsire|55\/100\n|move|p1a: Clodsire|Spikes|p2a: Aegislash\n|-sidestart|p2: habixia|Spikes\n|\n|-heal|p1a: Clodsire|62\/100|[from] item: Leftovers\n|-damage|p2a: Aegislash|48\/100 brn|[from] brn\n|upkeep\n|turn|37\n|\n|t:|1700025981\n|move|p2a: Aegislash|Shadow Ball|p1a: Clodsire\n|-damage|p1a: Clodsire|38\/100\n|-unboost|p1a: Clodsire|spd|1\n|move|p1a: Clodsire|Recover|p1a: Clodsire\n|-heal|p1a: Clodsire|88\/100\n|\n|-heal|p1a: Clodsire|94\/100|[from] item: Leftovers\n|-damage|p2a: Aegislash|42\/100 brn|[from] brn\n|upkeep\n|turn|38\n|\n|t:|1700025984\n|switch|p1a: Toxapex|Toxapex, F|91\/100\n|move|p2a: Aegislash|Shadow Ball|p1a: Toxapex\n|-damage|p1a: Toxapex|54\/100\n|\n|-damage|p2a: Aegislash|36\/100 brn|[from] brn\n|upkeep\n|turn|39\n|\n|t:|1700025989\n|switch|p1a: Clodsire|Clodsire, F|94\/100\n|move|p2a: Aegislash|Shadow Ball|p1a: Clodsire\n|-damage|p1a: Clodsire|69\/100\n|\n|-heal|p1a: Clodsire|75\/100|[from] item: Leftovers\n|-damage|p2a: Aegislash|30\/100 brn|[from] brn\n|upkeep\n|turn|40\n|-message|habixia forfeited.\n|\n|win|SCP-4666\n|raw|SCP-4666's rating: 1513 &rarr; <strong>1534<\/strong><br \/>(+21 for winning)\n|raw|habixia's rating: 1538 &rarr; <strong>1517<\/strong><br \/>(-21 for losing)\n","uploadtime":1700025607,"views":3,"p1id":"scp4666","p2id":"habixia","formatid":"gen9nationaldex","rating":1517,"private":0,"password":""}