{"id":"gen9nationaldex-1995051987","p1":"SrPorquet","p2":"Lex_88","format":"[Gen 9] National Dex","log":"|html|<div class=\"broadcast-blue\"><strong>[Gen 9] National Dex is currently suspecting Sneasler! For information on how to participate check out the <a href=\"https:\/\/www.smogon.com\/forums\/threads\/sv-national-dex-suspect-8-just-dance.3731534\/\">suspect thread<\/a>.<\/strong><\/div>\n|j|\u203dSrPorquet\n|j|\u2606Lex_88\n|t:|1700517371\n|gametype|singles\n|player|p1|SrPorquet|falkner|1182\n|player|p2|Lex_88|acetrainer-gen4|1105\n|teamsize|p1|6\n|teamsize|p2|6\n|gen|9\n|tier|[Gen 9] National Dex\n|rated|\n|rule|HP Percentage Mod: HP is shown in percentages\n|rule|Endless Battle Clause: Forcing endless battles is banned\n|rule|OHKO Clause: OHKO moves are banned\n|rule|Evasion Clause: Evasion abilities, items, and moves are banned\n|rule|Evasion Abilities Clause: Evasion abilities are banned\n|rule|Evasion Items Clause: Evasion items are banned\n|rule|Evasion Moves Clause: Evasion moves are banned\n|rule|Species Clause: Limit one of each Pok\u00e9mon\n|rule|Sleep Clause Mod: Limit one foe put to sleep\n|clearpoke\n|poke|p1|Pidgeot, M|\n|poke|p1|Magmortar, M|\n|poke|p1|Raichu, F|\n|poke|p1|Clefable, M|\n|poke|p1|Vileplume, M|\n|poke|p1|Politoed, M|\n|poke|p2|Iron Moth|\n|poke|p2|Glimmora, M|\n|poke|p2|Crobat, M|\n|poke|p2|Venusaur, M|\n|poke|p2|Toxapex, M|\n|poke|p2|Muk-Alola, M|\n|teampreview\n|inactive|Battle timer is ON: inactive players will automatically lose when time's up. (requested by Lex_88)\n|\n|t:|1700517384\n|start\n|switch|p1a: Raichu|Raichu, F|100\/100\n|switch|p2a: Crobat|Crobat, M|100\/100\n|turn|1\n|\n|t:|1700517396\n|move|p2a: Crobat|U-turn|p1a: Raichu\n|-damage|p1a: Raichu|61\/100\n|\n|t:|1700517402\n|switch|p2a: Venusaur|Venusaur, M|100\/100|[from] U-turn\n|move|p1a: Raichu|Nuzzle|p2a: Venusaur\n|-resisted|p2a: Venusaur\n|-damage|p2a: Venusaur|95\/100\n|-status|p2a: Venusaur|par\n|-damage|p1a: Raichu|51\/100|[from] item: Life Orb\n|\n|upkeep\n|turn|2\n|\n|t:|1700517415\n|switch|p1a: Pidgeot|Pidgeot, M|100\/100\n|detailschange|p2a: Venusaur|Venusaur-Mega, M\n|-mega|p2a: Venusaur|Venusaur|Venusaurite\n|move|p2a: Venusaur|Sludge Bomb|p1a: Pidgeot\n|-damage|p1a: Pidgeot|26\/100\n|\n|upkeep\n|turn|3\n|\n|t:|1700517434\n|detailschange|p1a: Pidgeot|Pidgeot-Mega, M\n|-mega|p1a: Pidgeot|Pidgeot|Pidgeotite\n|move|p1a: Pidgeot|Hurricane|p2a: Venusaur\n|-supereffective|p2a: Venusaur\n|-damage|p2a: Venusaur|1\/100 par\n|cant|p2a: Venusaur|par\n|\n|upkeep\n|turn|4\n|\n|t:|1700517444\n|move|p1a: Pidgeot|Roost|p1a: Pidgeot\n|-heal|p1a: Pidgeot|76\/100\n|-singleturn|p1a: Pidgeot|move: Roost\n|cant|p2a: Venusaur|par\n|\n|upkeep\n|turn|5\n|\n|t:|1700517450\n|move|p1a: Pidgeot|Ominous Wind|p2a: Venusaur\n|-damage|p2a: Venusaur|0 fnt\n|faint|p2a: Venusaur\n|\n|upkeep\n|\n|t:|1700517459\n|switch|p2a: Glimmora|Glimmora, M|100\/100\n|turn|6\n|\n|t:|1700517477\n|move|p1a: Pidgeot|Hurricane|p2a: Glimmora\n|-resisted|p2a: Glimmora\n|-damage|p2a: Glimmora|64\/100\n|move|p2a: Glimmora|Sludge Wave|p1a: Pidgeot\n|-damage|p1a: Pidgeot|14\/100\n|\n|upkeep\n|turn|7\n|\n|t:|1700517487\n|move|p1a: Pidgeot|Hurricane|p2a: Glimmora\n|-resisted|p2a: Glimmora\n|-damage|p2a: Glimmora|24\/100\n|move|p2a: Glimmora|Sludge Wave|p1a: Pidgeot\n|-damage|p1a: Pidgeot|0 fnt\n|faint|p1a: Pidgeot\n|\n|upkeep\n|\n|t:|1700517496\n|switch|p1a: Raichu|Raichu, F|51\/100\n|turn|8\n|\n|t:|1700517502\n|move|p1a: Raichu|Volt Tackle|p2a: Glimmora\n|-damage|p2a: Glimmora|0 fnt\n|-activate|p2a: Glimmora|ability: Toxic Debris\n|-sidestart|p1: SrPorquet|move: Toxic Spikes\n|faint|p2a: Glimmora\n|-damage|p1a: Raichu|42\/100|[from] Recoil\n|-damage|p1a: Raichu|32\/100|[from] item: Life Orb\n|\n|upkeep\n|\n|t:|1700517517\n|switch|p2a: Crobat|Crobat, M|100\/100\n|turn|9\n|\n|t:|1700517524\n|move|p2a: Crobat|Poison Fang|p1a: Raichu\n|-damage|p1a: Raichu|0 fnt\n|faint|p1a: Raichu\n|\n|upkeep\n|\n|t:|1700517543\n|switch|p1a: Vileplume|Vileplume, M|100\/100\n|-sideend|p1: SrPorquet|move: Toxic Spikes|[of] p1a: Vileplume\n|turn|10\n|\n|t:|1700517548\n|move|p2a: Crobat|Dual Wingbeat|p1a: Vileplume\n|-supereffective|p1a: Vileplume\n|-damage|p1a: Vileplume|67\/100\n|-supereffective|p1a: Vileplume\n|-damage|p1a: Vileplume|32\/100\n|-hitcount|p1a: Vileplume|2\n|move|p1a: Vileplume|Strength Sap|p2a: Crobat\n|-unboost|p2a: Crobat|atk|1\n|-heal|p1a: Vileplume|100\/100\n|\n|upkeep\n|turn|11\n|\n|t:|1700517560\n|switch|p1a: Politoed|Politoed, M|100\/100\n|move|p2a: Crobat|U-turn|p1a: Politoed\n|-damage|p1a: Politoed|87\/100\n|\n|t:|1700517569\n|switch|p2a: Toxapex|Toxapex, M, shiny|100\/100|[from] U-turn\n|\n|-heal|p1a: Politoed|93\/100|[from] item: Leftovers\n|upkeep\n|turn|12\n|\n|t:|1700517577\n|switch|p1a: Clefable|Clefable, M|100\/100\n|move|p2a: Toxapex|Toxic|p1a: Clefable\n|-status|p1a: Clefable|tox\n|\n|upkeep\n|turn|13\n|\n|t:|1700517586\n|switch|p2a: Crobat|Crobat, M|100\/100\n|move|p1a: Clefable|Calm Mind|p1a: Clefable\n|-boost|p1a: Clefable|spa|1\n|-boost|p1a: Clefable|spd|1\n|\n|upkeep\n|turn|14\n|\n|t:|1700517594\n|move|p2a: Crobat|Poison Fang|p1a: Clefable\n|-supereffective|p1a: Clefable\n|-damage|p1a: Clefable|64\/100 tox\n|move|p1a: Clefable|Flamethrower|p2a: Crobat\n|-damage|p2a: Crobat|47\/100\n|\n|upkeep\n|turn|15\n|\n|t:|1700517607\n|move|p2a: Crobat|Poison Fang|p1a: Clefable\n|-supereffective|p1a: Clefable\n|-damage|p1a: Clefable|26\/100 tox\n|move|p1a: Clefable|Soft-Boiled|p1a: Clefable\n|-heal|p1a: Clefable|76\/100 tox\n|\n|upkeep\n|turn|16\n|\n|t:|1700517614\n|move|p2a: Crobat|Poison Fang|p1a: Clefable\n|-supereffective|p1a: Clefable\n|-damage|p1a: Clefable|37\/100 tox\n|move|p1a: Clefable|Soft-Boiled|p1a: Clefable\n|-heal|p1a: Clefable|87\/100 tox\n|\n|upkeep\n|turn|17\n|\n|t:|1700517623\n|move|p2a: Crobat|Poison Fang|p1a: Clefable\n|-supereffective|p1a: Clefable\n|-damage|p1a: Clefable|48\/100 tox\n|move|p1a: Clefable|Flamethrower|p2a: Crobat\n|-damage|p2a: Crobat|0 fnt\n|faint|p2a: Crobat\n|\n|upkeep\n|\n|t:|1700517636\n|switch|p2a: Muk|Muk-Alola, M, shiny|100\/100\n|turn|18\n|\n|t:|1700517644\n|move|p1a: Clefable|Moonblast|p2a: Muk\n|-damage|p2a: Muk|64\/100\n|move|p2a: Muk|Poison Jab|p1a: Clefable\n|-supereffective|p1a: Clefable\n|-damage|p1a: Clefable|0 fnt\n|faint|p1a: Clefable\n|\n|upkeep\n|\n|t:|1700517669\n|switch|p1a: Magmortar|Magmortar, M|100\/100\n|turn|19\n|\n|t:|1700517675\n|move|p1a: Magmortar|Scorching Sands|p2a: Muk\n|-supereffective|p2a: Muk\n|-damage|p2a: Muk|38\/100\n|move|p2a: Muk|Knock Off|p1a: Magmortar\n|-damage|p1a: Magmortar|31\/100\n|-enditem|p1a: Magmortar|Aguav Berry|[from] move: Knock Off|[of] p2a: Muk\n|\n|upkeep\n|turn|20\n|\n|t:|1700517685\n|move|p1a: Magmortar|Scorching Sands|p2a: Muk\n|-supereffective|p2a: Muk\n|-damage|p2a: Muk|13\/100\n|move|p2a: Muk|Poison Jab|p1a: Magmortar\n|-damage|p1a: Magmortar|0 fnt\n|faint|p1a: Magmortar\n|\n|upkeep\n|\n|t:|1700517691\n|switch|p1a: Politoed|Politoed, M|93\/100\n|turn|21\n|\n|t:|1700517699\n|move|p1a: Politoed|Surf|p2a: Muk\n|-damage|p2a: Muk|0 fnt\n|faint|p2a: Muk\n|\n|-heal|p1a: Politoed|99\/100|[from] item: Leftovers\n|upkeep\n|\n|t:|1700517709\n|switch|p2a: Toxapex|Toxapex, M, shiny|100\/100\n|turn|22\n|\n|t:|1700517715\n|-terastallize|p1a: Politoed|Ground\n|move|p1a: Politoed|Earth Power|p2a: Toxapex\n|-supereffective|p2a: Toxapex\n|-damage|p2a: Toxapex|47\/100\n|move|p2a: Toxapex|Toxic|p1a: Politoed\n|-status|p1a: Politoed|tox\n|\n|-heal|p1a: Politoed|100\/100 tox|[from] item: Leftovers\n|-damage|p1a: Politoed|94\/100 tox|[from] psn\n|upkeep\n|turn|23\n|\n|t:|1700517729\n|move|p1a: Politoed|Earth Power|p2a: Toxapex\n|-supereffective|p2a: Toxapex\n|-damage|p2a: Toxapex|0 fnt\n|faint|p2a: Toxapex\n|\n|-heal|p1a: Politoed|100\/100 tox|[from] item: Leftovers\n|-damage|p1a: Politoed|88\/100 tox|[from] psn\n|upkeep\n|\n|t:|1700517738\n|switch|p2a: Iron Moth|Iron Moth|100\/100\n|-enditem|p2a: Iron Moth|Booster Energy\n|-activate|p2a: Iron Moth|ability: Quark Drive|[fromitem]\n|-start|p2a: Iron Moth|quarkdrivespe\n|turn|24\n|\n|t:|1700517750\n|-terastallize|p2a: Iron Moth|Fairy\n|move|p2a: Iron Moth|Energy Ball|p1a: Politoed\n|-supereffective|p1a: Politoed\n|-damage|p1a: Politoed|26\/100 tox\n|move|p1a: Politoed|Earth Power|p2a: Iron Moth\n|-damage|p2a: Iron Moth|66\/100\n|\n|-heal|p1a: Politoed|32\/100 tox|[from] item: Leftovers\n|-damage|p1a: Politoed|14\/100 tox|[from] psn\n|upkeep\n|turn|25\n|\n|t:|1700517764\n|move|p2a: Iron Moth|Fiery Dance|p1a: Politoed\n|-damage|p1a: Politoed|0 fnt\n|faint|p1a: Politoed\n|\n|upkeep\n|\n|t:|1700517767\n|switch|p1a: Vileplume|Vileplume, M|100\/100\n|turn|26\n|\n|t:|1700517773\n|move|p2a: Iron Moth|Fiery Dance|p1a: Vileplume\n|-supereffective|p1a: Vileplume\n|-damage|p1a: Vileplume|18\/100\n|-boost|p2a: Iron Moth|spa|1\n|move|p1a: Vileplume|Sludge Bomb|p2a: Iron Moth\n|-supereffective|p2a: Iron Moth\n|-damage|p2a: Iron Moth|0 fnt\n|faint|p2a: Iron Moth\n|-end|p2a: Iron Moth|Quark Drive|[silent]\n|\n|win|SrPorquet\n|raw|SrPorquet's rating: 1182 &rarr; <strong>1202<\/strong><br \/>(+20 for winning)\n|raw|Lex_88's rating: 1105 &rarr; <strong>1085<\/strong><br \/>(-20 for losing)\n|l|\u2606Lex_88\n","uploadtime":1700517804,"views":8,"p1id":"srporquet","p2id":"lex88","formatid":"gen9nationaldex","rating":1085,"private":0,"password":""}