{"id":"gen9nationaldex-1988224779","p1":"RadvilsTTT","p2":"parasiticdrill","format":"[Gen 9] National Dex","log":"|j|\u2606RadvilsTTT\n|j|\u2606parasiticdrill\n|t:|1699688877\n|gametype|singles\n|player|p1|RadvilsTTT|youngster-gen4dp|1499\n|player|p2|parasiticdrill|giovanni|1552\n|teamsize|p1|6\n|teamsize|p2|6\n|gen|9\n|tier|[Gen 9] National Dex\n|rated|\n|rule|HP Percentage Mod: HP is shown in percentages\n|rule|Endless Battle Clause: Forcing endless battles is banned\n|rule|OHKO Clause: OHKO moves are banned\n|rule|Evasion Clause: Evasion abilities, items, and moves are banned\n|rule|Evasion Abilities Clause: Evasion abilities are banned\n|rule|Evasion Items Clause: Evasion items are banned\n|rule|Evasion Moves Clause: Evasion moves are banned\n|rule|Species Clause: Limit one of each Pok\u00e9mon\n|rule|Sleep Clause Mod: Limit one foe put to sleep\n|clearpoke\n|poke|p1|Ribombee, M|\n|poke|p1|Grimmsnarl, M|\n|poke|p1|Gallade, M|\n|poke|p1|Ceruledge, F|\n|poke|p1|Tornadus-Therian, M|\n|poke|p1|Diggersby, F|\n|poke|p2|Beedrill, F|\n|poke|p2|Kyurem|\n|poke|p2|Slowking-Galar, F|\n|poke|p2|Landorus-Therian, M|\n|poke|p2|Nidoking, M|\n|poke|p2|Tornadus-Therian, M|\n|teampreview\n|\n|t:|1699688882\n|start\n|switch|p1a: Ribombee|Ribombee, M|100\/100\n|switch|p2a: Tornadus|Tornadus-Therian, M|100\/100\n|turn|1\n|\n|t:|1699688887\n|move|p1a: Ribombee|Stun Spore|p2a: Tornadus\n|-status|p2a: Tornadus|par\n|move|p2a: Tornadus|Taunt|p1a: Ribombee\n|-start|p1a: Ribombee|move: Taunt\n|\n|upkeep\n|turn|2\n|\n|t:|1699688910\n|switch|p1a: Grimmsnarl|Grimmsnarl, M|100\/100\n|cant|p2a: Tornadus|par\n|\n|upkeep\n|turn|3\n|\n|t:|1699688915\n|move|p1a: Grimmsnarl|Parting Shot|p2a: Tornadus\n|-unboost|p2a: Tornadus|atk|1\n|-unboost|p2a: Tornadus|spa|1\n|\n|t:|1699688917\n|switch|p1a: Ribombee|Ribombee, M|100\/100|[from] Parting Shot\n|cant|p2a: Tornadus|par\n|\n|upkeep\n|turn|4\n|\n|t:|1699688924\n|move|p1a: Ribombee|Sticky Web|p2a: Tornadus\n|-sidestart|p2: parasiticdrill|move: Sticky Web\n|cant|p2a: Tornadus|par\n|\n|upkeep\n|turn|5\n|\n|t:|1699688930\n|move|p1a: Ribombee|Moonblast|p2a: Tornadus\n|-damage|p2a: Tornadus|58\/100 par\n|-unboost|p2a: Tornadus|spa|1\n|move|p2a: Tornadus|U-turn|p1a: Ribombee\n|-resisted|p1a: Ribombee\n|-damage|p1a: Ribombee|91\/100\n|\n|t:|1699688936\n|switch|p2a: Beedrill|Beedrill, F, shiny|100\/100|[from] U-turn\n|-activate|p2a: Beedrill|move: Sticky Web\n|-unboost|p2a: Beedrill|spe|1\n|\n|upkeep\n|turn|6\n|\n|t:|1699688941\n|detailschange|p2a: Beedrill|Beedrill-Mega, F, shiny\n|-mega|p2a: Beedrill|Beedrill|Beedrillite\n|move|p1a: Ribombee|Stun Spore|p2a: Beedrill|[miss]\n|-miss|p1a: Ribombee|p2a: Beedrill\n|move|p2a: Beedrill|Toxic Spikes|p1a: Ribombee\n|-sidestart|p1: RadvilsTTT|move: Toxic Spikes\n|\n|upkeep\n|turn|7\n|c|\u2606RadvilsTTT|what\n|\n|t:|1699688947\n|switch|p2a: Slowking|Slowking-Galar, F|100\/100\n|move|p1a: Ribombee|Stun Spore|p2a: Slowking\n|-status|p2a: Slowking|par\n|\n|upkeep\n|turn|8\n|\n|t:|1699688956\n|switch|p1a: Grimmsnarl|Grimmsnarl, M|100\/100\n|-status|p1a: Grimmsnarl|psn\n|move|p2a: Slowking|Sludge Bomb|p1a: Grimmsnarl\n|-supereffective|p1a: Grimmsnarl\n|-crit|p1a: Grimmsnarl\n|-damage|p1a: Grimmsnarl|30\/100 psn\n|\n|-damage|p1a: Grimmsnarl|18\/100 psn|[from] psn\n|upkeep\n|turn|9\n|\n|t:|1699688965\n|move|p1a: Grimmsnarl|Light Screen|p1a: Grimmsnarl\n|-sidestart|p1: RadvilsTTT|move: Light Screen\n|cant|p2a: Slowking|par\n|\n|-damage|p1a: Grimmsnarl|5\/100 psn|[from] psn\n|upkeep\n|turn|10\n|\n|t:|1699688969\n|move|p1a: Grimmsnarl|Reflect|p1a: Grimmsnarl\n|-sidestart|p1: RadvilsTTT|Reflect\n|move|p2a: Slowking|Chilly Reception|p2a: Slowking\n|-weather|Snow\n|\n|t:|1699688974\n|switch|p2a: Tornadus|Tornadus-Therian, M|91\/100 par|[from] Chilly Reception\n|\n|-weather|Snow|[upkeep]\n|-damage|p1a: Grimmsnarl|0 fnt|[from] psn\n|faint|p1a: Grimmsnarl\n|upkeep\n|\n|t:|1699688980\n|switch|p1a: Gallade|Gallade, M|100\/100\n|-status|p1a: Gallade|psn\n|turn|11\n|\n|t:|1699688984\n|detailschange|p1a: Gallade|Gallade-Mega, M\n|-mega|p1a: Gallade|Gallade|Galladite\n|move|p1a: Gallade|Triple Axel|p2a: Tornadus\n|-supereffective|p2a: Tornadus\n|-damage|p2a: Tornadus|74\/100 par\n|-supereffective|p2a: Tornadus\n|-damage|p2a: Tornadus|41\/100 par\n|-supereffective|p2a: Tornadus\n|-damage|p2a: Tornadus|0 fnt\n|faint|p2a: Tornadus\n|-hitcount|p2: Tornadus|3\n|\n|-weather|Snow|[upkeep]\n|-damage|p1a: Gallade|88\/100 psn|[from] psn\n|upkeep\n|\n|t:|1699688993\n|switch|p2a: Kyurem|Kyurem, shiny|100\/100\n|-ability|p2a: Kyurem|Pressure\n|turn|12\n|\n|t:|1699689000\n|switch|p2a: Landorus|Landorus-Therian, M|100\/100\n|-ability|p2a: Landorus|Intimidate|boost\n|-fail|p1a: Gallade|unboost|Attack|[from] ability: Inner Focus|[of] p1a: Gallade\n|move|p1a: Gallade|Close Combat|p2a: Landorus\n|-resisted|p2a: Landorus\n|-damage|p2a: Landorus|74\/100\n|-unboost|p1a: Gallade|def|1\n|-unboost|p1a: Gallade|spd|1\n|-damage|p1a: Gallade|72\/100 psn|[from] item: Rocky Helmet|[of] p2a: Landorus\n|\n|-weather|Snow|[upkeep]\n|-damage|p1a: Gallade|59\/100 psn|[from] psn\n|upkeep\n|turn|13\n|\n|t:|1699689011\n|-terastallize|p2a: Landorus|Water\n|move|p1a: Gallade|Triple Axel|p2a: Landorus\n|-resisted|p2a: Landorus\n|-damage|p2a: Landorus|71\/100\n|-damage|p1a: Gallade|43\/100 psn|[from] item: Rocky Helmet|[of] p2a: Landorus\n|-resisted|p2a: Landorus\n|-damage|p2a: Landorus|65\/100\n|-damage|p1a: Gallade|26\/100 psn|[from] item: Rocky Helmet|[of] p2a: Landorus\n|-resisted|p2a: Landorus\n|-damage|p2a: Landorus|56\/100\n|-damage|p1a: Gallade|10\/100 psn|[from] item: Rocky Helmet|[of] p2a: Landorus\n|-hitcount|p2a: Landorus|3\n|move|p2a: Landorus|Earthquake|p1a: Gallade\n|-damage|p1a: Gallade|0 fnt\n|faint|p1a: Gallade\n|\n|-weather|Snow|[upkeep]\n|upkeep\n|\n|t:|1699689015\n|switch|p1a: Tornadus|Tornadus-Therian, M|100\/100\n|turn|14\n|\n|t:|1699689024\n|move|p1a: Tornadus|Nasty Plot|p1a: Tornadus\n|-boost|p1a: Tornadus|spa|2\n|move|p2a: Landorus|Stealth Rock|p1a: Tornadus\n|-sidestart|p1: RadvilsTTT|move: Stealth Rock\n|\n|-weather|none\n|upkeep\n|turn|15\n|\n|t:|1699689029\n|move|p1a: Tornadus|Bleakwind Storm|p2a: Landorus\n|-damage|p2a: Landorus|0 fnt\n|faint|p2a: Landorus\n|\n|upkeep\n|\n|t:|1699689036\n|switch|p2a: Kyurem|Kyurem, shiny|100\/100\n|-ability|p2a: Kyurem|Pressure\n|turn|16\n|\n|t:|1699689043\n|-zpower|p1a: Tornadus\n|move|p1a: Tornadus|All-Out Pummeling|p2a: Kyurem|[zeffect]\n|-supereffective|p2a: Kyurem\n|-damage|p2a: Kyurem|0 fnt\n|faint|p2a: Kyurem\n|\n|-sideend|p1: RadvilsTTT|move: Light Screen\n|upkeep\n|\n|t:|1699689049\n|switch|p2a: Nidoking|Nidoking, M|100\/100\n|-activate|p2a: Nidoking|move: Sticky Web\n|-unboost|p2a: Nidoking|spe|1\n|turn|17\n|\n|t:|1699689053\n|move|p1a: Tornadus|Bleakwind Storm|p2a: Nidoking|[miss]\n|-miss|p1a: Tornadus|p2a: Nidoking\n|move|p2a: Nidoking|Ice Beam|p1a: Tornadus\n|-supereffective|p1a: Tornadus\n|-damage|p1a: Tornadus|0 fnt\n|faint|p1a: Tornadus\n|\n|-sideend|p1: RadvilsTTT|Reflect\n|upkeep\n|\n|t:|1699689058\n|switch|p1a: Diggersby|Diggersby, F|100\/100\n|-status|p1a: Diggersby|psn\n|-damage|p1a: Diggersby|94\/100 psn|[from] Stealth Rock\n|turn|18\n|\n|t:|1699689065\n|move|p1a: Diggersby|Earthquake|p2a: Nidoking\n|-supereffective|p2a: Nidoking\n|-damage|p2a: Nidoking|0 fnt\n|faint|p2a: Nidoking\n|-damage|p1a: Diggersby|84\/100 psn|[from] item: Life Orb\n|\n|-damage|p1a: Diggersby|72\/100 psn|[from] psn\n|upkeep\n|\n|t:|1699689070\n|switch|p2a: Beedrill|Beedrill-Mega, F, shiny|100\/100\n|-activate|p2a: Beedrill|move: Sticky Web\n|-unboost|p2a: Beedrill|spe|1\n|turn|19\n|\n|t:|1699689088\n|-terastallize|p1a: Diggersby|Fire\n|move|p2a: Beedrill|U-turn|p1a: Diggersby\n|-resisted|p1a: Diggersby\n|-damage|p1a: Diggersby|36\/100 psn\n|\n|t:|1699689093\n|switch|p2a: Slowking|Slowking-Galar, F|100\/100 par|[from] U-turn\n|move|p1a: Diggersby|Fire Punch|p2a: Slowking\n|-damage|p2a: Slowking|40\/100 par\n|-damage|p1a: Diggersby|26\/100 psn|[from] item: Life Orb\n|\n|-damage|p1a: Diggersby|14\/100 psn|[from] psn\n|upkeep\n|turn|20\n|\n|t:|1699689114\n|move|p1a: Diggersby|Earthquake|p2a: Slowking\n|-supereffective|p2a: Slowking\n|-damage|p2a: Slowking|0 fnt\n|faint|p2a: Slowking\n|-damage|p1a: Diggersby|4\/100 psn|[from] item: Life Orb\n|\n|-damage|p1a: Diggersby|0 fnt|[from] psn\n|faint|p1a: Diggersby\n|upkeep\n|\n|t:|1699689120\n|switch|p1a: Ribombee|Ribombee, M|91\/100\n|switch|p2a: Beedrill|Beedrill-Mega, F, shiny|100\/100\n|-activate|p2a: Beedrill|move: Sticky Web\n|-unboost|p2a: Beedrill|spe|1\n|-status|p1a: Ribombee|psn\n|-damage|p1a: Ribombee|66\/100 psn|[from] Stealth Rock\n|turn|21\n|\n|t:|1699689126\n|move|p1a: Ribombee|Stun Spore|p2a: Beedrill\n|-status|p2a: Beedrill|par\n|move|p2a: Beedrill|Poison Jab|p1a: Ribombee\n|-supereffective|p1a: Ribombee\n|-damage|p1a: Ribombee|0 fnt\n|faint|p1a: Ribombee\n|\n|upkeep\n|\n|t:|1699689129\n|switch|p1a: Ceruledge|Ceruledge, F|100\/100\n|-status|p1a: Ceruledge|psn\n|-damage|p1a: Ceruledge|76\/100 psn|[from] Stealth Rock\n|turn|22\n|\n|t:|1699689133\n|move|p1a: Ceruledge|Bitter Blade|p2a: Beedrill\n|-supereffective|p2a: Beedrill\n|-damage|p2a: Beedrill|0 fnt\n|-heal|p1a: Ceruledge|100\/100 psn|[from] drain|[of] p2a: Beedrill\n|faint|p2a: Beedrill\n|\n|win|RadvilsTTT\n|raw|RadvilsTTT's rating: 1499 &rarr; <strong>1522<\/strong><br \/>(+23 for winning)\n|raw|parasiticdrill's rating: 1552 &rarr; <strong>1529<\/strong><br \/>(-23 for losing)\n|l|\u2606parasiticdrill\n","uploadtime":1699689161,"views":5,"p1id":"radvilsttt","p2id":"parasiticdrill","formatid":"gen9nationaldex","rating":1522,"private":0,"password":""}