{"id":"gen9nationaldex-1990086164","p1":"Selever1903","p2":"Applejuicebruh","format":"[Gen 9] National Dex","log":"|j|\u2606Selever1903\n|j|\u203dApplejuicebruh\n|t:|1699923040\n|gametype|singles\n|player|p1|Selever1903|morty|1111\n|player|p2|Applejuicebruh|crasherwake|1129\n|teamsize|p1|6\n|teamsize|p2|6\n|gen|9\n|tier|[Gen 9] National Dex\n|rated|\n|rule|HP Percentage Mod: HP is shown in percentages\n|rule|Endless Battle Clause: Forcing endless battles is banned\n|rule|OHKO Clause: OHKO moves are banned\n|rule|Evasion Clause: Evasion abilities, items, and moves are banned\n|rule|Evasion Abilities Clause: Evasion abilities are banned\n|rule|Evasion Items Clause: Evasion items are banned\n|rule|Evasion Moves Clause: Evasion moves are banned\n|rule|Species Clause: Limit one of each Pok\u00e9mon\n|rule|Sleep Clause Mod: Limit one foe put to sleep\n|clearpoke\n|poke|p1|Hydreigon, F|\n|poke|p1|Kommo-o, F|\n|poke|p1|Muk, F|\n|poke|p1|Celesteela|\n|poke|p1|Malamar, M|\n|poke|p1|Greninja-*, M|\n|poke|p2|Beedrill, M|\n|poke|p2|Victini|\n|poke|p2|Togekiss, M|\n|poke|p2|Hawlucha, M|\n|poke|p2|Feraligatr, M|\n|poke|p2|Blastoise, M|\n|teampreview\n|\n|t:|1699923048\n|start\n|switch|p1a: Muy grande|Celesteela|100\/100\n|switch|p2a: Victini|Victini|100\/100\n|turn|1\n|\n|t:|1699923058\n|switch|p1a: Incurseano|Greninja, M|100\/100\n|-zpower|p2a: Victini\n|move|p2a: Victini|Z-Celebrate|p2a: Victini|[anim]Celebrate\n|-boost|p2a: Victini|atk|1|[zeffect]\n|-boost|p2a: Victini|def|1|[zeffect]\n|-boost|p2a: Victini|spa|1|[zeffect]\n|-boost|p2a: Victini|spd|1|[zeffect]\n|-boost|p2a: Victini|spe|1|[zeffect]\n|-activate|p2a: Victini|move: Celebrate\n|\n|upkeep\n|turn|2\n|\n|t:|1699923074\n|move|p2a: Victini|Dazzling Gleam|p1a: Incurseano\n|-supereffective|p1a: Incurseano\n|-enditem|p1a: Incurseano|Focus Sash\n|-damage|p1a: Incurseano|1\/100\n|move|p1a: Incurseano|Hydro Pump|p2a: Victini\n|-start|p1a: Incurseano|typechange|Water|[from] ability: Protean\n|-supereffective|p2a: Victini\n|-damage|p2a: Victini|40\/100\n|\n|upkeep\n|turn|3\n|\n|t:|1699923087\n|move|p2a: Victini|Flamethrower|p1a: Incurseano\n|-resisted|p1a: Incurseano\n|-damage|p1a: Incurseano|0 fnt\n|faint|p1a: Incurseano\n|\n|upkeep\n|\n|t:|1699923093\n|switch|p1a: Vilgax|Malamar, M|100\/100\n|turn|4\n|\n|t:|1699923099\n|move|p2a: Victini|Dazzling Gleam|p1a: Vilgax\n|-supereffective|p1a: Vilgax\n|-damage|p1a: Vilgax|12\/100\n|move|p1a: Vilgax|Destiny Bond|p1a: Vilgax\n|-singlemove|p1a: Vilgax|Destiny Bond\n|\n|upkeep\n|turn|5\n|\n|t:|1699923108\n|move|p2a: Victini|Celebrate|p2a: Victini\n|-activate|p2a: Victini|move: Celebrate\n|move|p1a: Vilgax|Dark Pulse|p2a: Victini\n|-supereffective|p2a: Victini\n|-damage|p2a: Victini|0 fnt\n|faint|p2a: Victini\n|-damage|p1a: Vilgax|2\/100|[from] item: Life Orb\n|\n|upkeep\n|\n|t:|1699923113\n|switch|p2a: Beedrill|Beedrill, M, shiny|100\/100\n|turn|6\n|\n|t:|1699923119\n|detailschange|p2a: Beedrill|Beedrill-Mega, M, shiny\n|-mega|p2a: Beedrill|Beedrill|Beedrillite\n|move|p2a: Beedrill|Fell Stinger|p1a: Vilgax\n|-supereffective|p1a: Vilgax\n|-damage|p1a: Vilgax|0 fnt\n|faint|p1a: Vilgax\n|-boost|p2a: Beedrill|atk|3\n|\n|upkeep\n|\n|t:|1699923128\n|switch|p1a: Muy grande|Celesteela|100\/100\n|turn|7\n|\n|t:|1699923133\n|move|p2a: Beedrill|Throat Chop|p1a: Muy grande\n|-damage|p1a: Muy grande|26\/100\n|-start|p1a: Muy grande|Throat Chop|[silent]\n|move|p1a: Muy grande|Leech Seed|p2a: Beedrill\n|-start|p2a: Beedrill|move: Leech Seed\n|\n|-heal|p1a: Muy grande|32\/100|[from] item: Leftovers\n|-damage|p2a: Beedrill|88\/100|[from] Leech Seed|[of] p1a: Muy grande\n|-heal|p1a: Muy grande|42\/100|[silent]\n|upkeep\n|turn|8\n|\n|t:|1699923145\n|switch|p1a: Goop|Muk, F|100\/100\n|-item|p1a: Goop|Air Balloon\n|move|p2a: Beedrill|Throat Chop|p1a: Goop\n|-damage|p1a: Goop|27\/100\n|-start|p1a: Goop|Throat Chop|[silent]\n|-enditem|p1a: Goop|Air Balloon\n|\n|-damage|p2a: Beedrill|75\/100|[from] Leech Seed|[of] p1a: Goop\n|-heal|p1a: Goop|36\/100|[silent]\n|upkeep\n|turn|9\n|\n|t:|1699923160\n|move|p1a: Goop|Shadow Sneak|p2a: Beedrill\n|-damage|p2a: Beedrill|45\/100\n|move|p2a: Beedrill|Fell Stinger|p1a: Goop\n|-resisted|p1a: Goop\n|-damage|p1a: Goop|0 fnt\n|faint|p1a: Goop\n|-boost|p2a: Beedrill|atk|3\n|\n|upkeep\n|\n|t:|1699923170\n|switch|p1a: Enormesaurio|Kommo-o, F|100\/100\n|turn|10\n|\n|t:|1699923185\n|-terastallize|p1a: Enormesaurio|Flying\n|move|p2a: Beedrill|Drill Run|p1a: Enormesaurio\n|-immune|p1a: Enormesaurio\n|move|p1a: Enormesaurio|Tera Blast|p2a: Beedrill|[anim] Tera Blast Flying\n|-supereffective|p2a: Beedrill\n|-damage|p2a: Beedrill|0 fnt\n|faint|p2a: Beedrill\n|\n|upkeep\n|\n|t:|1699923190\n|switch|p2a: Blastoise|Blastoise, M, shiny|100\/100\n|turn|11\n|\n|t:|1699923200\n|move|p1a: Enormesaurio|Body Press|p2a: Blastoise\n|-damage|p2a: Blastoise|59\/100\n|move|p2a: Blastoise|Shell Smash|p2a: Blastoise\n|-unboost|p2a: Blastoise|def|1\n|-unboost|p2a: Blastoise|spd|1\n|-boost|p2a: Blastoise|atk|2\n|-boost|p2a: Blastoise|spa|2\n|-boost|p2a: Blastoise|spe|2\n|-enditem|p2a: Blastoise|White Herb\n|-clearnegativeboost|p2a: Blastoise|[silent]\n|\n|upkeep\n|turn|12\n|\n|t:|1699923214\n|move|p2a: Blastoise|Ice Beam|p1a: Enormesaurio\n|-supereffective|p1a: Enormesaurio\n|-damage|p1a: Enormesaurio|31\/100\n|move|p1a: Enormesaurio|Tera Blast|p2a: Blastoise|[anim] Tera Blast Flying\n|-damage|p2a: Blastoise|20\/100\n|\n|upkeep\n|turn|13\n|\n|t:|1699923221\n|move|p2a: Blastoise|Scald|p1a: Enormesaurio\n|-damage|p1a: Enormesaurio|0 fnt\n|faint|p1a: Enormesaurio\n|\n|upkeep\n|\n|t:|1699923227\n|switch|p1a: Jetray|Hydreigon, F|100\/100\n|turn|14\n|\n|t:|1699923239\n|move|p2a: Blastoise|Aura Sphere|p1a: Jetray\n|-supereffective|p1a: Jetray\n|-damage|p1a: Jetray|0 fnt\n|faint|p1a: Jetray\n|\n|upkeep\n|\n|t:|1699923245\n|switch|p1a: Muy grande|Celesteela|42\/100\n|turn|15\n|\n|t:|1699923251\n|move|p2a: Blastoise|Scald|p1a: Muy grande\n|-damage|p1a: Muy grande|0 fnt\n|faint|p1a: Muy grande\n|\n|win|Applejuicebruh\n|raw|Selever1903's rating: 1111 &rarr; <strong>1087<\/strong><br \/>(-24 for losing)\n|raw|Applejuicebruh's rating: 1129 &rarr; <strong>1153<\/strong><br \/>(+24 for winning)\n|l|\u2606Selever1903\n","uploadtime":1699923264,"views":4,"p1id":"selever1903","p2id":"applejuicebruh","formatid":"gen9nationaldex","rating":1087,"private":0,"password":""}