{"id":"gen9nationaldex-1991074114","p1":"Jaspo","p2":"runeatest","format":"[Gen 9] National Dex","log":"|j|\u2606Jaspo\n|j|\u2606runeatest\n|t:|1700038701\n|gametype|singles\n|player|p1|Jaspo|clair|1125\n|player|p2|runeatest|fisherman-gen4|1233\n|teamsize|p1|6\n|teamsize|p2|6\n|gen|9\n|tier|[Gen 9] National Dex\n|rated|\n|rule|HP Percentage Mod: HP is shown in percentages\n|rule|Endless Battle Clause: Forcing endless battles is banned\n|rule|OHKO Clause: OHKO moves are banned\n|rule|Evasion Clause: Evasion abilities, items, and moves are banned\n|rule|Evasion Abilities Clause: Evasion abilities are banned\n|rule|Evasion Items Clause: Evasion items are banned\n|rule|Evasion Moves Clause: Evasion moves are banned\n|rule|Species Clause: Limit one of each Pok\u00e9mon\n|rule|Sleep Clause Mod: Limit one foe put to sleep\n|clearpoke\n|poke|p1|Kingdra, F|\n|poke|p1|Luxray, M|\n|poke|p1|Scolipede, F|\n|poke|p1|Typhlosion-Hisui, M|\n|poke|p1|Hydreigon, F|\n|poke|p1|Absol, M|\n|poke|p2|Glaceon, M|\n|poke|p2|Flygon, M|\n|poke|p2|Emolga, M|\n|poke|p2|Marowak-Alola, M|\n|poke|p2|Sirfetch\u2019d, M|\n|poke|p2|Lapras, M|\n|teampreview\n|inactive|Battle timer is ON: inactive players will automatically lose when time's up. (requested by Jaspo)\n|\n|t:|1700038721\n|start\n|switch|p1a: Absol|Absol, M|100\/100\n|switch|p2a: Marowak|Marowak-Alola, M|100\/100\n|turn|1\n|\n|t:|1700038729\n|switch|p2a: Sirfetch\u2019d|Sirfetch\u2019d, M|100\/100\n|detailschange|p1a: Absol|Absol-Mega, M\n|-mega|p1a: Absol|Absol|Absolite\n|move|p1a: Absol|Knock Off|p2a: Sirfetch\u2019d\n|-resisted|p2a: Sirfetch\u2019d\n|-damage|p2a: Sirfetch\u2019d|67\/100\n|-enditem|p2a: Sirfetch\u2019d|Leek|[from] move: Knock Off|[of] p1a: Absol\n|\n|upkeep\n|turn|2\n|\n|t:|1700038741\n|switch|p1a: Typhlosion|Typhlosion-Hisui, M|100\/100\n|move|p2a: Sirfetch\u2019d|Close Combat|p1a: Typhlosion\n|-damage|p1a: Typhlosion|32\/100\n|-unboost|p2a: Sirfetch\u2019d|def|1\n|-unboost|p2a: Sirfetch\u2019d|spd|1\n|\n|upkeep\n|turn|3\n|\n|t:|1700038750\n|switch|p1a: Scolipede|Scolipede, F, shiny|100\/100\n|switch|p2a: Marowak|Marowak-Alola, M|100\/100\n|\n|upkeep\n|turn|4\n|\n|t:|1700038759\n|move|p1a: Scolipede|Earthquake|p2a: Marowak\n|-supereffective|p2a: Marowak\n|-damage|p2a: Marowak|47\/100\n|move|p2a: Marowak|Flare Blitz|p1a: Scolipede\n|-supereffective|p1a: Scolipede\n|-damage|p1a: Scolipede|0 fnt\n|faint|p1a: Scolipede\n|\n|upkeep\n|\n|t:|1700038771\n|switch|p1a: Kingdra|Kingdra, F|100\/100\n|turn|5\n|\n|t:|1700038774\n|switch|p2a: Lapras|Lapras, M|100\/100\n|move|p1a: Kingdra|Scale Shot|p2a: Lapras\n|-damage|p2a: Lapras|93\/100\n|-damage|p2a: Lapras|84\/100\n|-damage|p2a: Lapras|76\/100\n|-crit|p2a: Lapras\n|-damage|p2a: Lapras|58\/100\n|-damage|p2a: Lapras|50\/100\n|-hitcount|p2a: Lapras|5\n|-unboost|p1a: Kingdra|def|1\n|-boost|p1a: Kingdra|spe|1\n|\n|-heal|p2a: Lapras|56\/100|[from] item: Leftovers\n|upkeep\n|turn|6\n|\n|t:|1700038787\n|move|p1a: Kingdra|Focus Energy|p1a: Kingdra\n|-start|p1a: Kingdra|move: Focus Energy\n|move|p2a: Lapras|Freeze-Dry|p1a: Kingdra\n|-supereffective|p1a: Kingdra\n|-damage|p1a: Kingdra|0 fnt\n|faint|p1a: Kingdra\n|\n|-heal|p2a: Lapras|62\/100|[from] item: Leftovers\n|upkeep\n|\n|t:|1700038796\n|switch|p1a: Hydreigon|Hydreigon, F|100\/100\n|turn|7\n|\n|t:|1700038801\n|-terastallize|p1a: Hydreigon|Steel\n|move|p1a: Hydreigon|Flash Cannon|p2a: Lapras\n|-damage|p2a: Lapras|30\/100\n|move|p2a: Lapras|Freeze-Dry|p1a: Hydreigon\n|-resisted|p1a: Hydreigon\n|-damage|p1a: Hydreigon|87\/100\n|\n|-heal|p2a: Lapras|37\/100|[from] item: Leftovers\n|upkeep\n|turn|8\n|\n|t:|1700038815\n|switch|p2a: Emolga|Emolga, M|100\/100\n|move|p1a: Hydreigon|Dragon Pulse|p2a: Emolga\n|-damage|p2a: Emolga|11\/100\n|\n|upkeep\n|turn|9\n|\n|t:|1700038824\n|move|p2a: Emolga|Nuzzle|p1a: Hydreigon\n|-damage|p1a: Hydreigon|83\/100\n|-status|p1a: Hydreigon|par\n|-damage|p2a: Emolga|0 fnt|[from] item: Rocky Helmet|[of] p1a: Hydreigon\n|faint|p2a: Emolga\n|move|p1a: Hydreigon|Flash Cannon|p2: Emolga|[notarget]\n|-fail|p1a: Hydreigon\n|\n|upkeep\n|\n|t:|1700038832\n|switch|p2a: Marowak|Marowak-Alola, M|47\/100\n|turn|10\n|\n|t:|1700038835\n|move|p1a: Hydreigon|Earth Power|p2a: Marowak\n|-supereffective|p2a: Marowak\n|-damage|p2a: Marowak|0 fnt\n|faint|p2a: Marowak\n|\n|upkeep\n|\n|t:|1700038844\n|switch|p2a: Sirfetch\u2019d|Sirfetch\u2019d, M|67\/100\n|turn|11\n|\n|t:|1700038849\n|switch|p1a: Luxray|Luxray, M|100\/100\n|-ability|p1a: Luxray|Intimidate|boost\n|-fail|p2a: Sirfetch\u2019d|unboost|Attack|[from] ability: Scrappy|[of] p2a: Sirfetch\u2019d\n|move|p2a: Sirfetch\u2019d|Close Combat|p1a: Luxray\n|-damage|p1a: Luxray|32\/100\n|-unboost|p2a: Sirfetch\u2019d|def|1\n|-unboost|p2a: Sirfetch\u2019d|spd|1\n|\n|upkeep\n|turn|12\n|\n|t:|1700038861\n|switch|p2a: Flygon|Flygon, M|100\/100\n|move|p1a: Luxray|Psychic Fangs|p2a: Flygon\n|-damage|p2a: Flygon|62\/100\n|\n|upkeep\n|turn|13\n|\n|t:|1700038869\n|switch|p1a: Hydreigon|Hydreigon, F, tera:Steel|83\/100 par\n|move|p2a: Flygon|Dragon Dance|p2a: Flygon\n|-boost|p2a: Flygon|atk|1\n|-boost|p2a: Flygon|spe|1\n|\n|upkeep\n|turn|14\n|\n|t:|1700038875\n|move|p2a: Flygon|Earthquake|p1a: Hydreigon\n|-immune|p1a: Hydreigon|[from] ability: Levitate\n|move|p1a: Hydreigon|Dragon Pulse|p2a: Flygon\n|-supereffective|p2a: Flygon\n|-damage|p2a: Flygon|0 fnt\n|faint|p2a: Flygon\n|\n|upkeep\n|\n|t:|1700038884\n|switch|p2a: Sirfetch\u2019d|Sirfetch\u2019d, M|67\/100\n|turn|15\n|\n|t:|1700038898\n|switch|p1a: Typhlosion|Typhlosion-Hisui, M|32\/100\n|move|p2a: Sirfetch\u2019d|Close Combat|p1a: Typhlosion\n|-damage|p1a: Typhlosion|0 fnt\n|-unboost|p2a: Sirfetch\u2019d|def|1\n|-unboost|p2a: Sirfetch\u2019d|spd|1\n|faint|p1a: Typhlosion\n|\n|upkeep\n|\n|t:|1700038906\n|switch|p1a: Luxray|Luxray, M|32\/100\n|-ability|p1a: Luxray|Intimidate|boost\n|-fail|p2a: Sirfetch\u2019d|unboost|Attack|[from] ability: Scrappy|[of] p2a: Sirfetch\u2019d\n|turn|16\n|\n|t:|1700038922\n|move|p2a: Sirfetch\u2019d|Close Combat|p1a: Luxray\n|-damage|p1a: Luxray|0 fnt\n|-unboost|p2a: Sirfetch\u2019d|def|1\n|-unboost|p2a: Sirfetch\u2019d|spd|1\n|faint|p1a: Luxray\n|\n|upkeep\n|\n|t:|1700038929\n|switch|p1a: Absol|Absol-Mega, M|100\/100\n|turn|17\n|\n|t:|1700038934\n|move|p1a: Absol|Close Combat|p2a: Sirfetch\u2019d\n|-damage|p2a: Sirfetch\u2019d|0 fnt\n|-unboost|p1a: Absol|def|1\n|-unboost|p1a: Absol|spd|1\n|faint|p2a: Sirfetch\u2019d\n|\n|upkeep\n|\n|t:|1700038940\n|switch|p2a: Glaceon|Glaceon, M|100\/100\n|turn|18\n|\n|t:|1700038943\n|move|p1a: Absol|Close Combat|p2a: Glaceon\n|-supereffective|p2a: Glaceon\n|-damage|p2a: Glaceon|17\/100\n|-unboost|p1a: Absol|def|1\n|-unboost|p1a: Absol|spd|1\n|move|p2a: Glaceon|Ice Beam|p1a: Absol\n|-damage|p1a: Absol|0 fnt\n|faint|p1a: Absol\n|\n|upkeep\n|\n|t:|1700038951\n|switch|p1a: Hydreigon|Hydreigon, F, tera:Steel|83\/100 par\n|turn|19\n|\n|t:|1700038956\n|-terastallize|p2a: Glaceon|Ghost\n|move|p2a: Glaceon|Shadow Ball|p1a: Hydreigon\n|-damage|p1a: Hydreigon|34\/100 par\n|move|p1a: Hydreigon|Flash Cannon|p2a: Glaceon\n|-damage|p2a: Glaceon|0 fnt\n|faint|p2a: Glaceon\n|\n|upkeep\n|\n|t:|1700038963\n|switch|p2a: Lapras|Lapras, M|37\/100\n|turn|20\n|\n|t:|1700038967\n|move|p2a: Lapras|Thunderbolt|p1a: Hydreigon\n|-damage|p1a: Hydreigon|9\/100 par\n|cant|p1a: Hydreigon|par\n|\n|-heal|p2a: Lapras|43\/100|[from] item: Leftovers\n|upkeep\n|turn|21\n|c|\u2606Jaspo|gg\n|\n|t:|1700038975\n|move|p2a: Lapras|Sparkling Aria|p1a: Hydreigon\n|-damage|p1a: Hydreigon|0 fnt\n|faint|p1a: Hydreigon\n|\n|win|runeatest\n|raw|Jaspo's rating: 1125 &rarr; <strong>1108<\/strong><br \/>(-17 for losing)\n|raw|runeatest's rating: 1233 &rarr; <strong>1250<\/strong><br \/>(+17 for winning)\n|l|\u2606Jaspo\n","uploadtime":1700038987,"views":5,"p1id":"jaspo","p2id":"runeatest","formatid":"gen9nationaldex","rating":1108,"private":0,"password":""}