{"id":"gen9nationaldex-1988866874","p1":"Xoric","p2":"A.private","format":"[Gen 9] National Dex","log":"|j|\u2606Xoric\n|j|\u2606A.private\n|t:|1699777044\n|gametype|singles\n|player|p1|Xoric|lucas|1175\n|player|p2|A.private|rosa|1131\n|teamsize|p1|6\n|teamsize|p2|6\n|gen|9\n|tier|[Gen 9] National Dex\n|rated|\n|rule|HP Percentage Mod: HP is shown in percentages\n|rule|Endless Battle Clause: Forcing endless battles is banned\n|rule|OHKO Clause: OHKO moves are banned\n|rule|Evasion Clause: Evasion abilities, items, and moves are banned\n|rule|Evasion Abilities Clause: Evasion abilities are banned\n|rule|Evasion Items Clause: Evasion items are banned\n|rule|Evasion Moves Clause: Evasion moves are banned\n|rule|Species Clause: Limit one of each Pok\u00e9mon\n|rule|Sleep Clause Mod: Limit one foe put to sleep\n|clearpoke\n|poke|p1|Drapion, M|\n|poke|p1|Ariados, M|\n|poke|p1|Toxapex, F|\n|poke|p1|Meowscarada, F|\n|poke|p1|Pinsir, M|\n|poke|p1|Blaziken, M|\n|poke|p2|Lycanroc-Dusk, M|\n|poke|p2|Absol, F|\n|poke|p2|Claydol|\n|poke|p2|Drifblim, F|\n|poke|p2|Entei|\n|poke|p2|Azumarill, M|\n|teampreview\n|inactive|Battle timer is ON: inactive players will automatically lose when time's up. (requested by Xoric)\n|\n|t:|1699777051\n|start\n|switch|p1a: Ariados|Ariados, M|100\/100\n|switch|p2a: Absol|Absol, F|100\/100\n|turn|1\n|\n|t:|1699777062\n|detailschange|p2a: Absol|Absol-Mega, F\n|-mega|p2a: Absol|Absol|Absolite\n|move|p2a: Absol|Protect|p2a: Absol\n|-singleturn|p2a: Absol|Protect\n|move|p1a: Ariados|Sticky Web|p2a: Absol\n|move|p2a: Absol|Sticky Web|p1a: Ariados|[from]ability: Magic Bounce\n|-sidestart|p1: Xoric|move: Sticky Web\n|\n|upkeep\n|turn|2\n|\n|t:|1699777071\n|move|p2a: Absol|Knock Off|p1a: Ariados\n|-damage|p1a: Ariados|18\/100\n|-enditem|p1a: Ariados|Focus Sash|[from] move: Knock Off|[of] p2a: Absol\n|move|p1a: Ariados|Lunge|p2a: Absol\n|-supereffective|p2a: Absol\n|-damage|p2a: Absol|0 fnt\n|faint|p2a: Absol\n|\n|upkeep\n|\n|t:|1699777080\n|switch|p2a: Lycanroc|Lycanroc-Dusk, M|100\/100\n|turn|3\n|\n|t:|1699777085\n|move|p2a: Lycanroc|Accelerock|p1a: Ariados\n|-supereffective|p1a: Ariados\n|-damage|p1a: Ariados|0 fnt\n|faint|p1a: Ariados\n|\n|upkeep\n|\n|t:|1699777090\n|switch|p1a: Toxapex|Toxapex, F|100\/100\n|-activate|p1a: Toxapex|move: Sticky Web\n|-unboost|p1a: Toxapex|spe|1\n|turn|4\n|\n|t:|1699777098\n|switch|p2a: Claydol|Claydol|100\/100\n|move|p1a: Toxapex|Toxic Spikes|p2a: Claydol\n|-sidestart|p2: A.private|move: Toxic Spikes\n|\n|upkeep\n|turn|5\n|\n|t:|1699777105\n|-terastallize|p2a: Claydol|Steel\n|move|p1a: Toxapex|Baneful Bunker|p1a: Toxapex\n|-singleturn|p1a: Toxapex|move: Protect\n|move|p2a: Claydol|Earth Power|p1a: Toxapex\n|-activate|p1a: Toxapex|move: Protect\n|\n|upkeep\n|turn|6\n|\n|t:|1699777114\n|switch|p1a: Meowscarada|Meowscarada, F|100\/100\n|-activate|p1a: Meowscarada|move: Sticky Web\n|-unboost|p1a: Meowscarada|spe|1\n|move|p2a: Claydol|Rapid Spin|p1a: Meowscarada\n|-damage|p1a: Meowscarada|89\/100\n|-boost|p2a: Claydol|spe|1\n|-sideend|p2: A.private|Toxic Spikes|[from] move: Rapid Spin|[of] p2a: Claydol\n|\n|upkeep\n|turn|7\n|\n|t:|1699777125\n|move|p2a: Claydol|Ice Beam|p1a: Meowscarada\n|-supereffective|p1a: Meowscarada\n|-damage|p1a: Meowscarada|20\/100\n|move|p1a: Meowscarada|Knock Off|p2a: Claydol\n|-start|p1a: Meowscarada|typechange|Dark|[from] ability: Protean\n|-damage|p2a: Claydol|33\/100\n|-enditem|p2a: Claydol|Aguav Berry|[from] move: Knock Off|[of] p1a: Meowscarada\n|\n|upkeep\n|turn|8\n|\n|t:|1699777137\n|move|p2a: Claydol|Earth Power|p1a: Meowscarada\n|-damage|p1a: Meowscarada|0 fnt\n|faint|p1a: Meowscarada\n|\n|upkeep\n|\n|t:|1699777141\n|switch|p1a: Blaziken|Blaziken, M|100\/100\n|-activate|p1a: Blaziken|move: Sticky Web\n|-unboost|p1a: Blaziken|spe|1\n|turn|9\n|\n|t:|1699777146\n|move|p1a: Blaziken|Protect|p1a: Blaziken\n|-singleturn|p1a: Blaziken|Protect\n|move|p2a: Claydol|Earth Power|p1a: Blaziken\n|-activate|p1a: Blaziken|move: Protect\n|\n|-ability|p1a: Blaziken|Speed Boost|boost\n|-boost|p1a: Blaziken|spe|1\n|upkeep\n|turn|10\n|\n|t:|1699777154\n|move|p2a: Claydol|Earth Power|p1a: Blaziken\n|-supereffective|p1a: Blaziken\n|-damage|p1a: Blaziken|0 fnt\n|faint|p1a: Blaziken\n|\n|upkeep\n|-message|Xoric forfeited.\n|\n|win|A.private\n|raw|Xoric's rating: 1175 &rarr; <strong>1147<\/strong><br \/>(-28 for losing)\n|raw|A.private's rating: 1131 &rarr; <strong>1159<\/strong><br \/>(+28 for winning)\n|l|\u2606Xoric\n","uploadtime":1699777163,"views":6,"p1id":"xoric","p2id":"aprivate","formatid":"gen9nationaldex","rating":1147,"private":0,"password":""}