{"id":"gen9nationaldex-1995520246","p1":"etherlords","p2":"Psvishal","format":"[Gen 9] National Dex","log":"|html|<div class=\"broadcast-blue\"><strong>[Gen 9] National Dex is currently suspecting Sneasler! For information on how to participate check out the <a href=\"https:\/\/www.smogon.com\/forums\/threads\/sv-national-dex-suspect-8-just-dance.3731534\/\">suspect thread<\/a>.<\/strong><\/div>\n|j|\u2606etherlords\n|j|\u2606Psvishal\n|t:|1700579348\n|gametype|singles\n|player|p1|etherlords|gambler|\n|player|p2|Psvishal|2|\n|teamsize|p1|6\n|teamsize|p2|6\n|gen|9\n|tier|[Gen 9] National Dex\n|rule|HP Percentage Mod: HP is shown in percentages\n|rule|Endless Battle Clause: Forcing endless battles is banned\n|rule|OHKO Clause: OHKO moves are banned\n|rule|Evasion Clause: Evasion abilities, items, and moves are banned\n|rule|Evasion Abilities Clause: Evasion abilities are banned\n|rule|Evasion Items Clause: Evasion items are banned\n|rule|Evasion Moves Clause: Evasion moves are banned\n|rule|Species Clause: Limit one of each Pok\u00e9mon\n|rule|Sleep Clause Mod: Limit one foe put to sleep\n|clearpoke\n|poke|p1|Venusaur, M|\n|poke|p1|Kyurem|\n|poke|p1|Excadrill, M|\n|poke|p1|Torkoal, F|\n|poke|p1|Volcanion|\n|poke|p1|Kartana|\n|poke|p2|Swampert, F|\n|poke|p2|Pelipper, F|\n|poke|p2|Dondozo, M|\n|poke|p2|Basculegion, M|\n|poke|p2|Toxapex, M|\n|poke|p2|Greninja-*, M|\n|teampreview\n|inactive|Battle timer is ON: inactive players will automatically lose when time's up. (requested by etherlords)\n|\n|t:|1700579373\n|start\n|switch|p1a: Kyu:3|Kyurem|100\/100\n|switch|p2a: Greninja|Greninja, M|100\/100\n|-ability|p1a: Kyu:3|Pressure\n|turn|1\n|c|\u2606Psvishal|fuck\n|inactive|Psvishal has 270 seconds left.\n|c|\u2606Psvishal|scarf freeze dry\n|c|\u2606etherlords|:)\n|\n|t:|1700579419\n|switch|p2a: Dondozo|Dondozo, M|100\/100\n|move|p1a: Kyu:3|Freeze-Dry|p2a: Dondozo\n|-supereffective|p2a: Dondozo\n|-crit|p2a: Dondozo\n|-damage|p2a: Dondozo|0 fnt\n|faint|p2a: Dondozo\n|\n|upkeep\n|c|\u2606Psvishal|C'mon\n|inactive|Psvishal has 240 seconds left.\n|\n|t:|1700579440\n|switch|p2a: Pelipper|Pelipper, F|100\/100\n|-weather|RainDance|[from] ability: Drizzle|[of] p2a: Pelipper\n|turn|2\n|j| DracoShivam\n|inactive|Psvishal has 240 seconds left.\n|\n|t:|1700579463\n|move|p1a: Kyu:3|Freeze-Dry|p2a: Pelipper\n|-supereffective|p2a: Pelipper\n|-damage|p2a: Pelipper|0 fnt\n|faint|p2a: Pelipper\n|\n|-weather|RainDance|[upkeep]\n|upkeep\n|\n|t:|1700579468\n|switch|p2a: Basculegion|Basculegion, M|100\/100\n|turn|3\n|\n|t:|1700579478\n|move|p1a: Kyu:3|Freeze-Dry|p2a: Basculegion\n|-supereffective|p2a: Basculegion\n|-damage|p2a: Basculegion|16\/100\n|move|p2a: Basculegion|Psychic Fangs|p1a: Kyu:3\n|-crit|p1a: Kyu:3\n|-damage|p1a: Kyu:3|50\/100\n|-damage|p2a: Basculegion|6\/100|[from] item: Life Orb\n|\n|-weather|RainDance|[upkeep]\n|upkeep\n|turn|4\n|c|\u2606Psvishal|how tf are you still faster\n|c|\u2606etherlords|y u slow?\n|\n|t:|1700579497\n|move|p2a: Basculegion|Aqua Jet|p1a: Kyu:3\n|-resisted|p1a: Kyu:3\n|-crit|p1a: Kyu:3\n|-damage|p1a: Kyu:3|19\/100\n|-damage|p2a: Basculegion|0 fnt|[from] item: Life Orb\n|faint|p2a: Basculegion\n|move|p1a: Kyu:3|Freeze-Dry|p2: Basculegion|[notarget]\n|-fail|p1a: Kyu:3\n|\n|-weather|RainDance|[upkeep]\n|upkeep\n|j| Najirs\n|c| DracoShivam|This is just sad\n|\n|t:|1700579507\n|switch|p2a: Greninja|Greninja, M|100\/100\n|turn|5\n|c|\u2606etherlords|did u not give speed?\n|\n|t:|1700579519\n|move|p2a: Greninja|Water Shuriken|p1a: Kyu:3\n|-resisted|p1a: Kyu:3\n|-damage|p1a: Kyu:3|12\/100\n|-resisted|p1a: Kyu:3\n|-damage|p1a: Kyu:3|5\/100\n|-resisted|p1a: Kyu:3\n|-damage|p1a: Kyu:3|0 fnt\n|faint|p1a: Kyu:3\n|-ability|p2a: Greninja|Battle Bond|boost\n|-boost|p2a: Greninja|atk|1\n|-boost|p2a: Greninja|spa|1\n|-boost|p2a: Greninja|spe|1\n|-activate|p2a: Greninja|ability: Battle Bond\n|-hitcount|p1: Kyu:3|3\n|\n|-weather|RainDance|[upkeep]\n|upkeep\n|c| Najirs|Oof that crit\n|c|\u2606Psvishal|yeah I was 430 smth\n|c| DracoShivam|Bro...\n|inactive|etherlords has 270 seconds left.\n|c| DracoShivam|Choice scarf easily gets you to 430\n|c|\u2606etherlords|crit did not matter 2hko and he switched in\n|c|\u2606Psvishal|made this team long ago\n|c|\u2606Psvishal|yeah it didn't matter\n|\n|t:|1700579569\n|switch|p1a: sunny boi|Torkoal, F|100\/100\n|-weather|SunnyDay|[from] ability: Drought|[of] p1a: sunny boi\n|turn|6\n|inactive|Psvishal has 240 seconds left.\n|\n|t:|1700579588\n|switch|p2a: Swampert|Swampert, F|100\/100\n|move|p1a: sunny boi|Body Press|p2a: Swampert\n|-damage|p2a: Swampert|69\/100\n|\n|-weather|SunnyDay|[upkeep]\n|upkeep\n|turn|7\n|inactive|Psvishal has 240 seconds left.\n|c| DracoShivam|Tera blast ground would be so sexy for greninja\n|\n|t:|1700579604\n|detailschange|p2a: Swampert|Swampert-Mega, F\n|-mega|p2a: Swampert|Swampert|Swampertite\n|move|p2a: Swampert|Earthquake|p1a: sunny boi\n|-supereffective|p1a: sunny boi\n|-damage|p1a: sunny boi|32\/100\n|move|p1a: sunny boi|Solar Beam||[still]\n|-prepare|p1a: sunny boi|Solar Beam\n|-anim|p1a: sunny boi|Solar Beam|p2a: Swampert\n|-supereffective|p2a: Swampert\n|-damage|p2a: Swampert|0 fnt\n|faint|p2a: Swampert\n|\n|-weather|SunnyDay|[upkeep]\n|upkeep\n|\n|t:|1700579616\n|switch|p2a: Toxapex|Toxapex, M|100\/100\n|turn|8\n|\n|t:|1700579627\n|move|p2a: Toxapex|Toxic|p1a: sunny boi\n|-status|p1a: sunny boi|tox\n|move|p1a: sunny boi|Yawn|p2a: Toxapex\n|-start|p2a: Toxapex|move: Yawn|[of] p1a: sunny boi\n|\n|-weather|SunnyDay|[upkeep]\n|-damage|p1a: sunny boi|26\/100 tox|[from] psn\n|upkeep\n|turn|9\n|inactive|etherlords has 270 seconds left.\n|\n|t:|1700579650\n|move|p2a: Toxapex|Baneful Bunker|p2a: Toxapex\n|-singleturn|p2a: Toxapex|move: Protect\n|move|p1a: sunny boi|Solar Beam||[still]\n|-prepare|p1a: sunny boi|Solar Beam\n|-anim|p1a: sunny boi|Solar Beam|p2a: Toxapex\n|-activate|p2a: Toxapex|move: Protect\n|\n|-weather|SunnyDay|[upkeep]\n|-damage|p1a: sunny boi|13\/100 tox|[from] psn\n|-end|p2a: Toxapex|move: Yawn|[silent]\n|-status|p2a: Toxapex|slp\n|upkeep\n|turn|10\n|inactive|etherlords has 270 seconds left.\n|c| Najirs|Nice\n|\n|t:|1700579670\n|switch|p1a: arson|Volcanion|100\/100\n|cant|p2a: Toxapex|slp\n|\n|-weather|SunnyDay|[upkeep]\n|upkeep\n|turn|11\n|\n|t:|1700579678\n|move|p1a: arson|Earth Power|p2a: Toxapex\n|-supereffective|p2a: Toxapex\n|-damage|p2a: Toxapex|47\/100 slp\n|cant|p2a: Toxapex|slp\n|\n|-weather|SunnyDay|[upkeep]\n|-heal|p2a: Toxapex|53\/100 slp|[from] item: Black Sludge\n|upkeep\n|turn|12\n|inactive|Psvishal has 210 seconds left.\n|\n|t:|1700579700\n|move|p1a: arson|Earth Power|p2a: Toxapex\n|-supereffective|p2a: Toxapex\n|-damage|p2a: Toxapex|0 fnt\n|faint|p2a: Toxapex\n|\n|-weather|SunnyDay|[upkeep]\n|upkeep\n|inactive|Psvishal has 210 seconds left.\n|c| Najirs|F\n|\n|t:|1700579706\n|switch|p2a: Greninja|Greninja, M|100\/100\n|turn|13\n|inactive|Psvishal has 210 seconds left.\n|\n|t:|1700579721\n|-terastallize|p2a: Greninja|Water\n|move|p2a: Greninja|Water Shuriken|p1a: arson\n|-immune|p1a: arson|[from] ability: Water Absorb\n|move|p1a: arson|Solar Beam||[still]\n|-prepare|p1a: arson|Solar Beam\n|-anim|p1a: arson|Solar Beam|p2a: Greninja\n|-supereffective|p2a: Greninja\n|-damage|p2a: Greninja|0 fnt\n|faint|p2a: Greninja\n|\n|win|etherlords\n|c|\u2606etherlords|lol\n|c|\u2606Psvishal|gg\n|c|\u2606etherlords|gg\n|c| Najirs|Ah freakin chlorophyll growth venusaur\n","uploadtime":1700579746,"views":11,"p1id":"etherlords","p2id":"psvishal","formatid":"gen9nationaldex","rating":0,"private":0,"password":""}