{"id":"gen9nationaldex-1997847048","p1":"Isaac78789","p2":"bran2264","format":"[Gen 9] National Dex","log":"|html|<div class=\"broadcast-blue\"><strong>[Gen 9] National Dex is currently suspecting Sneasler! For information on how to participate check out the <a href=\"https:\/\/www.smogon.com\/forums\/threads\/sv-national-dex-suspect-8-just-dance.3731534\/\">suspect thread<\/a>.<\/strong><\/div>\n|j|\u2606Isaac78789\n|j|\u2606bran2264\n|t:|1700859212\n|gametype|singles\n|player|p1|Isaac78789|fisherman-gen4|1000\n|player|p2|bran2264|fisherman-gen4|1000\n|teamsize|p1|6\n|teamsize|p2|6\n|gen|9\n|tier|[Gen 9] National Dex\n|rated|\n|rule|HP Percentage Mod: HP is shown in percentages\n|rule|Endless Battle Clause: Forcing endless battles is banned\n|rule|OHKO Clause: OHKO moves are banned\n|rule|Evasion Clause: Evasion abilities, items, and moves are banned\n|rule|Evasion Abilities Clause: Evasion abilities are banned\n|rule|Evasion Items Clause: Evasion items are banned\n|rule|Evasion Moves Clause: Evasion moves are banned\n|rule|Species Clause: Limit one of each Pok\u00e9mon\n|rule|Sleep Clause Mod: Limit one foe put to sleep\n|clearpoke\n|poke|p1|Smeargle, M|\n|poke|p1|Breloom, M|\n|poke|p1|Aggron, M|\n|poke|p1|Appletun, F|\n|poke|p1|Umbreon, M|\n|poke|p1|Venomoth, M|\n|poke|p2|Tapu Lele|\n|poke|p2|Tornadus-Therian, M|\n|poke|p2|Diancie|\n|poke|p2|Armarouge, F|\n|poke|p2|Xurkitree|\n|poke|p2|Rotom-Wash|\n|teampreview\n|c|\u2606Isaac78789|nice character\n|\n|t:|1700859232\n|start\n|switch|p1a: Smeargle|Smeargle, M|100\/100\n|switch|p2a: Xurkitree|Xurkitree|100\/100\n|turn|1\n|\n|t:|1700859240\n|move|p1a: Smeargle|Taunt|p2a: Xurkitree\n|-start|p2a: Xurkitree|move: Taunt\n|move|p2a: Xurkitree|Thunderbolt|p1a: Smeargle\n|-enditem|p1a: Smeargle|Focus Sash\n|-damage|p1a: Smeargle|1\/100\n|-damage|p2a: Xurkitree|91\/100|[from] item: Life Orb\n|\n|upkeep\n|turn|2\n|\n|t:|1700859263\n|switch|p2a: Diancie|Diancie|100\/100\n|move|p1a: Smeargle|Sticky Web|p2a: Diancie\n|-sidestart|p2: bran2264|move: Sticky Web\n|\n|upkeep\n|turn|3\n|\n|t:|1700859278\n|detailschange|p2a: Diancie|Diancie-Mega\n|-mega|p2a: Diancie|Diancie|Diancite\n|move|p2a: Diancie|Diamond Storm|p1a: Smeargle\n|-damage|p1a: Smeargle|0 fnt\n|faint|p1a: Smeargle\n|\n|upkeep\n|\n|t:|1700859284\n|switch|p1a: Venomoth|Venomoth, M|100\/100\n|turn|4\n|\n|t:|1700859297\n|move|p2a: Diancie|Diamond Storm|p1a: Venomoth\n|-supereffective|p1a: Venomoth\n|-damage|p1a: Venomoth|0 fnt\n|faint|p1a: Venomoth\n|\n|upkeep\n|\n|t:|1700859306\n|switch|p1a: Appletun|Appletun, F|100\/100\n|turn|5\n|\n|t:|1700859310\n|-terastallize|p1a: Appletun|Steel\n|move|p2a: Diancie|Moonblast|p1a: Appletun\n|-resisted|p1a: Appletun\n|-damage|p1a: Appletun|83\/100\n|-unboost|p1a: Appletun|spa|1\n|-activate|p1a: Appletun|ability: Ripen\n|-enditem|p1a: Appletun|Rowap Berry|[eat]\n|-damage|p2a: Diancie|76\/100|[from] item: Rowap Berry|[of] p1a: Appletun\n|move|p1a: Appletun|Amnesia|p1a: Appletun\n|-boost|p1a: Appletun|spd|2\n|\n|upkeep\n|turn|6\n|\n|t:|1700859324\n|switch|p2a: Xurkitree|Xurkitree|91\/100\n|-activate|p2a: Xurkitree|move: Sticky Web\n|-unboost|p2a: Xurkitree|spe|1\n|move|p1a: Appletun|Recycle|p1a: Appletun\n|-item|p1a: Appletun|Rowap Berry|[from] move: Recycle\n|\n|upkeep\n|turn|7\n|\n|t:|1700859338\n|move|p2a: Xurkitree|Thunderbolt|p1a: Appletun\n|-damage|p1a: Appletun|53\/100\n|-activate|p1a: Appletun|ability: Ripen\n|-enditem|p1a: Appletun|Rowap Berry|[eat]\n|-damage|p2a: Xurkitree|66\/100|[from] item: Rowap Berry|[of] p1a: Appletun\n|-damage|p2a: Xurkitree|56\/100|[from] item: Life Orb\n|move|p1a: Appletun|Recover|p1a: Appletun\n|-heal|p1a: Appletun|100\/100\n|\n|upkeep\n|turn|8\n|\n|t:|1700859354\n|switch|p2a: Armarouge|Armarouge, F|100\/100\n|-activate|p2a: Armarouge|move: Sticky Web\n|-unboost|p2a: Armarouge|spe|1\n|move|p1a: Appletun|Recycle|p1a: Appletun\n|-item|p1a: Appletun|Rowap Berry|[from] move: Recycle\n|\n|upkeep\n|turn|9\n|\n|t:|1700859362\n|move|p2a: Armarouge|Armor Cannon|p1a: Appletun\n|-supereffective|p1a: Appletun\n|-damage|p1a: Appletun|55\/100\n|-unboost|p2a: Armarouge|def|1\n|-unboost|p2a: Armarouge|spd|1\n|-activate|p1a: Appletun|ability: Ripen\n|-enditem|p1a: Appletun|Rowap Berry|[eat]\n|-damage|p2a: Armarouge|76\/100|[from] item: Rowap Berry|[of] p1a: Appletun\n|move|p1a: Appletun|Apple Acid|p2a: Armarouge\n|-resisted|p2a: Armarouge\n|-damage|p2a: Armarouge|59\/100\n|-unboost|p2a: Armarouge|spd|1\n|\n|upkeep\n|turn|10\n|\n|t:|1700859376\n|move|p2a: Armarouge|Armor Cannon|p1a: Appletun\n|-supereffective|p1a: Appletun\n|-damage|p1a: Appletun|9\/100\n|-unboost|p2a: Armarouge|def|1\n|-unboost|p2a: Armarouge|spd|1\n|move|p1a: Appletun|Recover|p1a: Appletun\n|-heal|p1a: Appletun|59\/100\n|\n|upkeep\n|turn|11\n|\n|t:|1700859384\n|move|p2a: Armarouge|Armor Cannon|p1a: Appletun\n|-supereffective|p1a: Appletun\n|-damage|p1a: Appletun|15\/100\n|-unboost|p2a: Armarouge|def|1\n|-unboost|p2a: Armarouge|spd|1\n|move|p1a: Appletun|Recover|p1a: Appletun\n|-heal|p1a: Appletun|65\/100\n|\n|upkeep\n|turn|12\n|\n|t:|1700859391\n|move|p2a: Armarouge|Armor Cannon|p1a: Appletun\n|-supereffective|p1a: Appletun\n|-damage|p1a: Appletun|19\/100\n|-unboost|p2a: Armarouge|def|1\n|-unboost|p2a: Armarouge|spd|1\n|move|p1a: Appletun|Recover|p1a: Appletun\n|-heal|p1a: Appletun|69\/100\n|\n|upkeep\n|turn|13\n|\n|t:|1700859399\n|move|p2a: Armarouge|Armor Cannon|p1a: Appletun\n|-supereffective|p1a: Appletun\n|-damage|p1a: Appletun|23\/100\n|-unboost|p2a: Armarouge|def|1\n|-unboost|p2a: Armarouge|spd|1\n|move|p1a: Appletun|Recover|p1a: Appletun\n|-heal|p1a: Appletun|73\/100\n|\n|upkeep\n|turn|14\n|\n|t:|1700859407\n|move|p2a: Armarouge|Armor Cannon|p1a: Appletun\n|-supereffective|p1a: Appletun\n|-damage|p1a: Appletun|24\/100\n|-unboost|p2a: Armarouge|def|1\n|move|p1a: Appletun|Recover|p1a: Appletun\n|-heal|p1a: Appletun|74\/100\n|\n|upkeep\n|turn|15\n|\n|t:|1700859415\n|move|p2a: Armarouge|Armor Cannon|p1a: Appletun\n|-supereffective|p1a: Appletun\n|-damage|p1a: Appletun|32\/100\n|move|p1a: Appletun|Recover|p1a: Appletun\n|-heal|p1a: Appletun|82\/100\n|\n|upkeep\n|turn|16\n|\n|t:|1700859422\n|move|p2a: Armarouge|Armor Cannon|p1a: Appletun\n|-supereffective|p1a: Appletun\n|-damage|p1a: Appletun|36\/100\n|move|p1a: Appletun|Recover|p1a: Appletun\n|-heal|p1a: Appletun|86\/100\n|\n|upkeep\n|turn|17\n|\n|t:|1700859436\n|switch|p2a: Rotom|Rotom-Wash|100\/100\n|move|p1a: Appletun|Recycle|p1a: Appletun\n|-item|p1a: Appletun|Rowap Berry|[from] move: Recycle\n|\n|upkeep\n|turn|18\n|\n|t:|1700859447\n|move|p2a: Rotom|Pain Split|p1a: Appletun\n|-sethp|p1a: Appletun|79\/100|[from] move: Pain Split|[silent]\n|-sethp|p2a: Rotom|100\/100|[from] move: Pain Split\n|move|p1a: Appletun|Apple Acid|p2a: Rotom\n|-supereffective|p2a: Rotom\n|-damage|p2a: Rotom|61\/100\n|-unboost|p2a: Rotom|spd|1\n|\n|-heal|p2a: Rotom|67\/100|[from] item: Leftovers\n|upkeep\n|turn|19\n|\n|t:|1700859457\n|move|p2a: Rotom|Pain Split|p1a: Appletun\n|-sethp|p1a: Appletun|64\/100|[from] move: Pain Split|[silent]\n|-sethp|p2a: Rotom|89\/100|[from] move: Pain Split\n|move|p1a: Appletun|Apple Acid|p2a: Rotom\n|-supereffective|p2a: Rotom\n|-damage|p2a: Rotom|27\/100\n|-unboost|p2a: Rotom|spd|1\n|\n|-heal|p2a: Rotom|34\/100|[from] item: Leftovers\n|upkeep\n|turn|20\n|\n|t:|1700859467\n|move|p2a: Rotom|Pain Split|p1a: Appletun\n|-sethp|p1a: Appletun|44\/100|[from] move: Pain Split|[silent]\n|-sethp|p2a: Rotom|61\/100|[from] move: Pain Split\n|move|p1a: Appletun|Apple Acid|p2a: Rotom\n|-supereffective|p2a: Rotom\n|-damage|p2a: Rotom|0 fnt\n|faint|p2a: Rotom\n|\n|upkeep\n|\n|t:|1700859481\n|switch|p2a: Xurkitree|Xurkitree|56\/100\n|-activate|p2a: Xurkitree|move: Sticky Web\n|-unboost|p2a: Xurkitree|spe|1\n|turn|21\n|\n|t:|1700859487\n|move|p2a: Xurkitree|Thunderbolt|p1a: Appletun\n|-damage|p1a: Appletun|18\/100\n|-status|p1a: Appletun|par\n|-activate|p1a: Appletun|ability: Ripen\n|-enditem|p1a: Appletun|Rowap Berry|[eat]\n|-damage|p2a: Xurkitree|31\/100|[from] item: Rowap Berry|[of] p1a: Appletun\n|-damage|p2a: Xurkitree|22\/100|[from] item: Life Orb\n|move|p1a: Appletun|Apple Acid|p2a: Xurkitree\n|-damage|p2a: Xurkitree|0 fnt\n|faint|p2a: Xurkitree\n|\n|upkeep\n|\n|t:|1700859497\n|switch|p2a: Diancie|Diancie-Mega|76\/100\n|-activate|p2a: Diancie|move: Sticky Web\n|-unboost|p2a: Diancie|spe|1\n|turn|22\n|\n|t:|1700859502\n|move|p2a: Diancie|Earth Power|p1a: Appletun\n|-supereffective|p1a: Appletun\n|-damage|p1a: Appletun|0 fnt\n|faint|p1a: Appletun\n|\n|upkeep\n|\n|t:|1700859511\n|switch|p1a: Breloom|Breloom, M|100\/100\n|turn|23\n|\n|t:|1700859524\n|switch|p2a: Armarouge|Armarouge, F|59\/100\n|-activate|p2a: Armarouge|move: Sticky Web\n|-unboost|p2a: Armarouge|spe|1\n|move|p1a: Breloom|Spore|p2a: Armarouge\n|-status|p2a: Armarouge|slp|[from] move: Spore\n|\n|upkeep\n|turn|24\n|\n|t:|1700859534\n|switch|p2a: Tapu Lele|Tapu Lele|100\/100\n|-activate|p2a: Tapu Lele|move: Sticky Web\n|-unboost|p2a: Tapu Lele|spe|1\n|-fieldstart|move: Psychic Terrain|[from] ability: Psychic Surge|[of] p2a: Tapu Lele\n|move|p1a: Breloom|Swords Dance|p1a: Breloom\n|-boost|p1a: Breloom|atk|2\n|\n|upkeep\n|turn|25\n|\n|t:|1700859555\n|move|p2a: Tapu Lele|Moonblast|p1a: Breloom\n|-supereffective|p1a: Breloom\n|-enditem|p1a: Breloom|Focus Sash\n|-damage|p1a: Breloom|1\/100\n|move|p1a: Breloom|Bullet Seed|p2a: Tapu Lele\n|-damage|p2a: Tapu Lele|39\/100\n|-damage|p2a: Tapu Lele|0 fnt\n|faint|p2a: Tapu Lele\n|-hitcount|p2: Tapu Lele|2\n|\n|upkeep\n|\n|t:|1700859564\n|switch|p2a: Diancie|Diancie-Mega|76\/100\n|-activate|p2a: Diancie|move: Sticky Web\n|-unboost|p2a: Diancie|spe|1\n|turn|26\n|\n|t:|1700859575\n|switch|p2a: Armarouge|Armarouge, F|59\/100 slp\n|-activate|p2a: Armarouge|move: Sticky Web\n|-unboost|p2a: Armarouge|spe|1\n|move|p1a: Breloom|Bullet Seed|p2a: Armarouge\n|-resisted|p2a: Armarouge\n|-damage|p2a: Armarouge|39\/100 slp\n|-ability|p2a: Armarouge|Weak Armor|boost\n|-unboost|p2a: Armarouge|def|1\n|-boost|p2a: Armarouge|spe|2\n|-resisted|p2a: Armarouge\n|-damage|p2a: Armarouge|6\/100 slp\n|-ability|p2a: Armarouge|Weak Armor|boost\n|-unboost|p2a: Armarouge|def|1\n|-boost|p2a: Armarouge|spe|2\n|-resisted|p2a: Armarouge\n|-damage|p2a: Armarouge|0 fnt\n|faint|p2a: Armarouge\n|-hitcount|p2: Armarouge|3\n|\n|upkeep\n|\n|t:|1700859578\n|switch|p2a: Tornadus|Tornadus-Therian, M|100\/100\n|turn|27\n|\n|t:|1700859603\n|switch|p1a: Umbreon|Umbreon, M|100\/100\n|move|p2a: Tornadus|U-turn|p1a: Umbreon\n|-supereffective|p1a: Umbreon\n|-damage|p1a: Umbreon|77\/100\n|\n|t:|1700859605\n|switch|p2a: Diancie|Diancie-Mega|76\/100|[from] U-turn\n|-activate|p2a: Diancie|move: Sticky Web\n|-unboost|p2a: Diancie|spe|1\n|\n|-heal|p1a: Umbreon|83\/100|[from] item: Leftovers\n|upkeep\n|turn|28\n|\n|t:|1700859616\n|move|p2a: Diancie|Moonblast|p1a: Umbreon\n|-supereffective|p1a: Umbreon\n|-damage|p1a: Umbreon|21\/100\n|move|p1a: Umbreon|Toxic|p2a: Diancie\n|move|p2a: Diancie|Toxic|p1a: Umbreon|[from]ability: Magic Bounce\n|-status|p1a: Umbreon|tox\n|-activate|p1a: Umbreon|ability: Synchronize\n|-status|p2a: Diancie|tox\n|\n|-heal|p1a: Umbreon|27\/100 tox|[from] item: Leftovers\n|-damage|p2a: Diancie|69\/100 tox|[from] psn\n|-damage|p1a: Umbreon|21\/100 tox|[from] psn\n|-fieldend|move: Psychic Terrain\n|upkeep\n|turn|29\n|\n|t:|1700859633\n|move|p1a: Umbreon|Protect|p1a: Umbreon\n|-singleturn|p1a: Umbreon|Protect\n|move|p2a: Diancie|Earth Power|p1a: Umbreon\n|-activate|p1a: Umbreon|move: Protect\n|\n|-heal|p1a: Umbreon|27\/100 tox|[from] item: Leftovers\n|-damage|p2a: Diancie|57\/100 tox|[from] psn\n|-damage|p1a: Umbreon|15\/100 tox|[from] psn\n|upkeep\n|turn|30\n|\n|t:|1700859642\n|move|p2a: Diancie|Earth Power|p1a: Umbreon\n|-damage|p1a: Umbreon|0 fnt\n|faint|p1a: Umbreon\n|\n|-damage|p2a: Diancie|38\/100 tox|[from] psn\n|upkeep\n|\n|t:|1700859652\n|switch|p1a: Breloom|Breloom, M|1\/100\n|turn|31\n|\n|t:|1700859657\n|switch|p2a: Tornadus|Tornadus-Therian, M|100\/100\n|move|p1a: Breloom|Mach Punch|p2a: Tornadus\n|-resisted|p2a: Tornadus\n|-damage|p2a: Tornadus|85\/100\n|\n|upkeep\n|turn|32\n|\n|t:|1700859664\n|move|p2a: Tornadus|U-turn|p1a: Breloom\n|-damage|p1a: Breloom|0 fnt\n|faint|p1a: Breloom\n|\n|t:|1700859666\n|switch|p2a: Diancie|Diancie-Mega|38\/100 tox|[from] U-turn\n|-activate|p2a: Diancie|move: Sticky Web\n|-unboost|p2a: Diancie|spe|1\n|\n|-damage|p2a: Diancie|32\/100 tox|[from] psn\n|upkeep\n|\n|t:|1700859672\n|switch|p1a: Aggron|Aggron, M|100\/100\n|turn|33\n|\n|t:|1700859691\n|move|p2a: Diancie|Earth Power|p1a: Aggron\n|-supereffective|p1a: Aggron\n|-enditem|p1a: Aggron|Focus Sash\n|-damage|p1a: Aggron|1\/100\n|move|p1a: Aggron|Earthquake|p2a: Diancie\n|-supereffective|p2a: Diancie\n|-damage|p2a: Diancie|0 fnt\n|faint|p2a: Diancie\n|\n|upkeep\n|\n|t:|1700859699\n|switch|p2a: Tornadus|Tornadus-Therian, M|100\/100\n|turn|34\n|\n|t:|1700859704\n|move|p2a: Tornadus|Knock Off|p1a: Aggron\n|-damage|p1a: Aggron|0 fnt\n|faint|p1a: Aggron\n|\n|win|bran2264\n|raw|Isaac78789's rating: 1000 &rarr; <strong>1000<\/strong><br \/>(+0 for losing)\n|raw|bran2264's rating: 1000 &rarr; <strong>1040<\/strong><br \/>(+40 for winning)\n|c|\u2606Isaac78789|ggs manb\n","uploadtime":1700859709,"views":11,"p1id":"isaac78789","p2id":"bran2264","formatid":"gen9nationaldex","rating":1000,"private":0,"password":""}