{"id":"gen9nationaldex-1997990694","p1":"theodoro_sampaio","p2":"xSlacker","format":"[Gen 9] National Dex","log":"|html|<div class=\"broadcast-blue\"><strong>[Gen 9] National Dex is currently suspecting Sneasler! For information on how to participate check out the <a href=\"https:\/\/www.smogon.com\/forums\/threads\/sv-national-dex-suspect-8-just-dance.3731534\/\">suspect thread<\/a>.<\/strong><\/div>\n|j|\u2606theodoro_sampaio\n|j|\u2606xSlacker\n|t:|1700876149\n|gametype|singles\n|player|p1|theodoro_sampaio|workerice|1035\n|player|p2|xSlacker|169|1148\n|teamsize|p1|6\n|teamsize|p2|6\n|gen|9\n|tier|[Gen 9] National Dex\n|rated|\n|rule|HP Percentage Mod: HP is shown in percentages\n|rule|Endless Battle Clause: Forcing endless battles is banned\n|rule|OHKO Clause: OHKO moves are banned\n|rule|Evasion Clause: Evasion abilities, items, and moves are banned\n|rule|Evasion Abilities Clause: Evasion abilities are banned\n|rule|Evasion Items Clause: Evasion items are banned\n|rule|Evasion Moves Clause: Evasion moves are banned\n|rule|Species Clause: Limit one of each Pok\u00e9mon\n|rule|Sleep Clause Mod: Limit one foe put to sleep\n|clearpoke\n|poke|p1|Volcarona, M|\n|poke|p1|Rillaboom, M|\n|poke|p1|Corviknight, M|\n|poke|p1|Gyarados, F|\n|poke|p1|Landorus-Therian, M|\n|poke|p1|Weavile, F|\n|poke|p2|Heatran, F|\n|poke|p2|Scizor, F|\n|poke|p2|Goodra-Hisui, M|\n|poke|p2|Corviknight, F|\n|poke|p2|Orthworm, F|\n|poke|p2|Klefki, F|\n|teampreview\n|\n|t:|1700876155\n|start\n|switch|p1a: Landorus|Landorus-Therian, M|100\/100\n|switch|p2a: Klefki|Klefki, F|100\/100\n|-ability|p1a: Landorus|Intimidate|boost\n|-unboost|p2a: Klefki|atk|1\n|turn|1\n|\n|t:|1700876170\n|move|p2a: Klefki|Reflect|p2a: Klefki\n|-sidestart|p2: xSlacker|Reflect\n|move|p1a: Landorus|Stealth Rock|p2a: Klefki\n|-sidestart|p2: xSlacker|move: Stealth Rock\n|\n|upkeep\n|turn|2\n|\n|t:|1700876190\n|move|p2a: Klefki|Light Screen|p2a: Klefki\n|-sidestart|p2: xSlacker|move: Light Screen\n|move|p1a: Landorus|Knock Off|p2a: Klefki\n|-resisted|p2a: Klefki\n|-damage|p2a: Klefki|93\/100\n|-enditem|p2a: Klefki|Light Clay|[from] move: Knock Off|[of] p1a: Landorus\n|\n|upkeep\n|turn|3\n|\n|t:|1700876211\n|switch|p2a: Corviknight|Corviknight, F|100\/100\n|-damage|p2a: Corviknight|88\/100|[from] Stealth Rock\n|-ability|p2a: Corviknight|Pressure\n|move|p1a: Landorus|U-turn|p2a: Corviknight\n|-resisted|p2a: Corviknight\n|-damage|p2a: Corviknight|86\/100\n|\n|t:|1700876242\n|switch|p1a: Volcarona|Volcarona, M|100\/100|[from] U-turn\n|\n|-heal|p2a: Corviknight|92\/100|[from] item: Leftovers\n|upkeep\n|turn|4\n|\n|t:|1700876251\n|move|p1a: Volcarona|Quiver Dance|p1a: Volcarona\n|-boost|p1a: Volcarona|spa|1\n|-boost|p1a: Volcarona|spd|1\n|-boost|p1a: Volcarona|spe|1\n|move|p2a: Corviknight|Defog|p1a: Volcarona\n|-unboost|p1a: Volcarona|evasion|1\n|-sideend|p2: xSlacker|Stealth Rock|[from] move: Defog|[of] p2a: Corviknight\n|\n|-heal|p2a: Corviknight|98\/100|[from] item: Leftovers\n|upkeep\n|turn|5\n|\n|t:|1700876263\n|move|p1a: Volcarona|Fiery Dance|p2a: Corviknight\n|-supereffective|p2a: Corviknight\n|-damage|p2a: Corviknight|37\/100\n|-boost|p1a: Volcarona|spa|1\n|move|p2a: Corviknight|U-turn|p1a: Volcarona\n|-resisted|p1a: Volcarona\n|-damage|p1a: Volcarona|89\/100\n|\n|t:|1700876266\n|switch|p2a: Heatran|Heatran, F|100\/100|[from] U-turn\n|\n|upkeep\n|turn|6\n|\n|t:|1700876287\n|switch|p1a: Landorus|Landorus-Therian, M|100\/100\n|-ability|p1a: Landorus|Intimidate|boost\n|-unboost|p2a: Heatran|atk|1\n|move|p2a: Heatran|Stealth Rock|p1a: Landorus\n|-sidestart|p1: theodoro_sampaio|move: Stealth Rock\n|\n|upkeep\n|turn|7\n|\n|t:|1700876296\n|switch|p2a: Corviknight|Corviknight, F|37\/100\n|-ability|p2a: Corviknight|Pressure\n|move|p1a: Landorus|Knock Off|p2a: Corviknight\n|-damage|p2a: Corviknight|24\/100\n|-enditem|p2a: Corviknight|Leftovers|[from] move: Knock Off|[of] p1a: Landorus\n|\n|upkeep\n|turn|8\n|\n|t:|1700876307\n|move|p1a: Landorus|Return|p2a: Corviknight\n|-resisted|p2a: Corviknight\n|-damage|p2a: Corviknight|18\/100\n|move|p2a: Corviknight|Roost|p2a: Corviknight\n|-heal|p2a: Corviknight|68\/100\n|-singleturn|p2a: Corviknight|move: Roost\n|\n|-sideend|p2: xSlacker|Reflect\n|upkeep\n|turn|9\n|\n|t:|1700876321\n|move|p1a: Landorus|Stealth Rock|p2a: Corviknight\n|-sidestart|p2: xSlacker|move: Stealth Rock\n|move|p2a: Corviknight|Roost|p2a: Corviknight\n|-heal|p2a: Corviknight|100\/100\n|-singleturn|p2a: Corviknight|move: Roost\n|\n|-sideend|p2: xSlacker|move: Light Screen\n|upkeep\n|turn|10\n|\n|t:|1700876339\n|move|p1a: Landorus|U-turn|p2a: Corviknight\n|-resisted|p2a: Corviknight\n|-damage|p2a: Corviknight|96\/100\n|\n|t:|1700876345\n|switch|p1a: Corviknight|Corviknight, M|100\/100|[from] U-turn\n|-damage|p1a: Corviknight|88\/100|[from] Stealth Rock\n|-ability|p1a: Corviknight|Pressure\n|move|p2a: Corviknight|U-turn|p1a: Corviknight\n|-resisted|p1a: Corviknight\n|-damage|p1a: Corviknight|86\/100\n|\n|t:|1700876351\n|switch|p2a: Klefki|Klefki, F|93\/100|[from] U-turn\n|-damage|p2a: Klefki|87\/100|[from] Stealth Rock\n|\n|-heal|p1a: Corviknight|92\/100|[from] item: Leftovers\n|upkeep\n|turn|11\n|\n|t:|1700876364\n|move|p2a: Klefki|Thunder Wave|p1a: Corviknight\n|-status|p1a: Corviknight|par\n|move|p1a: Corviknight|Body Press|p2a: Klefki\n|-damage|p2a: Klefki|67\/100\n|\n|-heal|p1a: Corviknight|98\/100 par|[from] item: Leftovers\n|upkeep\n|turn|12\n|\n|t:|1700876375\n|move|p2a: Klefki|Reflect|p2a: Klefki\n|-sidestart|p2: xSlacker|Reflect\n|move|p1a: Corviknight|Defog|p2a: Klefki\n|-unboost|p2a: Klefki|evasion|1\n|-sideend|p2: xSlacker|Reflect\n|-sideend|p2: xSlacker|Stealth Rock|[from] move: Defog|[of] p1a: Corviknight\n|-sideend|p1: theodoro_sampaio|Stealth Rock|[from] move: Defog|[of] p1a: Corviknight\n|\n|-heal|p1a: Corviknight|100\/100 par|[from] item: Leftovers\n|upkeep\n|turn|13\n|\n|t:|1700876384\n|move|p2a: Klefki|Reflect|p2a: Klefki\n|-sidestart|p2: xSlacker|Reflect\n|move|p1a: Corviknight|U-turn|p2a: Klefki\n|-resisted|p2a: Klefki\n|-damage|p2a: Klefki|66\/100\n|\n|t:|1700876391\n|switch|p1a: Volcarona|Volcarona, M|89\/100|[from] U-turn\n|\n|upkeep\n|turn|14\n|\n|t:|1700876399\n|move|p2a: Klefki|Thunder Wave|p1a: Volcarona\n|-status|p1a: Volcarona|par\n|move|p1a: Volcarona|Quiver Dance|p1a: Volcarona\n|-boost|p1a: Volcarona|spa|1\n|-boost|p1a: Volcarona|spd|1\n|-boost|p1a: Volcarona|spe|1\n|\n|upkeep\n|turn|15\n|\n|t:|1700876407\n|switch|p2a: Heatran|Heatran, F|100\/100\n|move|p1a: Volcarona|Quiver Dance|p1a: Volcarona\n|-boost|p1a: Volcarona|spa|1\n|-boost|p1a: Volcarona|spd|1\n|-boost|p1a: Volcarona|spe|1\n|\n|upkeep\n|turn|16\n|inactive|Battle timer is ON: inactive players will automatically lose when time's up. (requested by xSlacker)\n|\n|t:|1700876438\n|switch|p1a: Landorus|Landorus-Therian, M|100\/100\n|-ability|p1a: Landorus|Intimidate|boost\n|-unboost|p2a: Heatran|atk|1\n|move|p2a: Heatran|Earth Power|p1a: Landorus\n|-immune|p1a: Landorus\n|\n|upkeep\n|turn|17\n|\n|t:|1700876448\n|-terastallize|p2a: Heatran|Flying\n|move|p1a: Landorus|Return|p2a: Heatran\n|-damage|p2a: Heatran|84\/100\n|move|p2a: Heatran|Taunt|p1a: Landorus\n|-start|p1a: Landorus|move: Taunt\n|\n|-heal|p2a: Heatran|90\/100|[from] item: Leftovers\n|-sideend|p2: xSlacker|Reflect\n|upkeep\n|turn|18\n|\n|t:|1700876465\n|switch|p2a: Orthworm|Orthworm, F|100\/100\n|move|p1a: Landorus|Return|p2a: Orthworm\n|-resisted|p2a: Orthworm\n|-damage|p2a: Orthworm|90\/100\n|\n|upkeep\n|turn|19\n|\n|t:|1700876473\n|move|p1a: Landorus|Knock Off|p2a: Orthworm\n|-damage|p2a: Orthworm|69\/100\n|-enditem|p2a: Orthworm|Sitrus Berry|[from] move: Knock Off|[of] p1a: Landorus\n|move|p2a: Orthworm|Iron Defense|p2a: Orthworm\n|-boost|p2a: Orthworm|def|2\n|\n|upkeep\n|turn|20\n|\n|t:|1700876487\n|move|p1a: Landorus|U-turn|p2a: Orthworm\n|-resisted|p2a: Orthworm\n|-damage|p2a: Orthworm|66\/100\n|\n|t:|1700876491\n|switch|p1a: Volcarona|Volcarona, M|89\/100 par|[from] U-turn\n|move|p2a: Orthworm|Iron Defense|p2a: Orthworm\n|-boost|p2a: Orthworm|def|2\n|\n|upkeep\n|turn|21\n|\n|t:|1700876514\n|move|p2a: Orthworm|Body Press|p1a: Volcarona\n|-resisted|p1a: Volcarona\n|-damage|p1a: Volcarona|8\/100 par\n|cant|p1a: Volcarona|par\n|\n|upkeep\n|turn|22\n|\n|t:|1700876533\n|move|p2a: Orthworm|Body Press|p1a: Volcarona\n|-resisted|p1a: Volcarona\n|-damage|p1a: Volcarona|0 fnt\n|faint|p1a: Volcarona\n|\n|upkeep\n|c|\u2606xSlacker|Lul\n|inactive|theodoro_sampaio has 120 seconds left.\n|-message|theodoro_sampaio forfeited.\n|\n|win|xSlacker\n|raw|theodoro_sampaio's rating: 1035 &rarr; <strong>1025<\/strong><br \/>(-10 for losing)\n|raw|xSlacker's rating: 1148 &rarr; <strong>1165<\/strong><br \/>(+17 for winning)\n|l|\u2606theodoro_sampaio\n","uploadtime":1700876565,"views":2,"p1id":"theodorosampaio","p2id":"xslacker","formatid":"gen9nationaldex","rating":1025,"private":0,"password":""}