{"id":"gen9nationaldex-1990967843","p1":"Kedlimmm","p2":"Jarl_jake","format":"[Gen 9] National Dex","log":"|j|\u2606Kedlimmm\n|j|\u2606Jarl_jake\n|t:|1700021056\n|gametype|singles\n|player|p1|Kedlimmm|mira|1434\n|player|p2|Jarl_jake|red|1371\n|teamsize|p1|6\n|teamsize|p2|6\n|gen|9\n|tier|[Gen 9] National Dex\n|rated|\n|rule|HP Percentage Mod: HP is shown in percentages\n|rule|Endless Battle Clause: Forcing endless battles is banned\n|rule|OHKO Clause: OHKO moves are banned\n|rule|Evasion Clause: Evasion abilities, items, and moves are banned\n|rule|Evasion Abilities Clause: Evasion abilities are banned\n|rule|Evasion Items Clause: Evasion items are banned\n|rule|Evasion Moves Clause: Evasion moves are banned\n|rule|Species Clause: Limit one of each Pok\u00e9mon\n|rule|Sleep Clause Mod: Limit one foe put to sleep\n|clearpoke\n|poke|p1|Alomomola, F|\n|poke|p1|Hoopa-Unbound|\n|poke|p1|Sneasler, F|\n|poke|p1|Rillaboom, M|\n|poke|p1|Banette, M|\n|poke|p1|Moltres|\n|poke|p2|Ninetales-Alola, F|\n|poke|p2|Serperior, F|\n|poke|p2|Salamence, M|\n|poke|p2|Blaziken, M|\n|poke|p2|Blastoise, F|\n|poke|p2|Grimmsnarl, M|\n|teampreview\n|inactive|Battle timer is ON: inactive players will automatically lose when time's up. (requested by Kedlimmm)\n|\n|t:|1700021075\n|start\n|switch|p1a: Banette|Banette, M|100\/100\n|switch|p2a: Chicharron|Blaziken, M, shiny|100\/100\n|-item|p2a: Chicharron|Focus Sash|[from] ability: Frisk|[of] p1a: Banette|[identify]\n|turn|1\n|\n|t:|1700021084\n|detailschange|p1a: Banette|Banette-Mega, M\n|-mega|p1a: Banette|Banette|Banettite\n|move|p2a: Chicharron|Blaze Kick|p1a: Banette\n|-damage|p1a: Banette|22\/100\n|move|p1a: Banette|Infestation|p2a: Chicharron\n|-resisted|p2a: Chicharron\n|-damage|p2a: Chicharron|99\/100\n|-activate|p2a: Chicharron|move: Infestation|[of] p1a: Banette\n|\n|-damage|p2a: Chicharron|87\/100|[from] move: Infestation|[partiallytrapped]\n|-ability|p2a: Chicharron|Speed Boost|boost\n|-boost|p2a: Chicharron|spe|1\n|upkeep\n|turn|2\n|\n|t:|1700021097\n|move|p1a: Banette|Destiny Bond|p1a: Banette\n|-singlemove|p1a: Banette|Destiny Bond\n|move|p2a: Chicharron|Blaze Kick|p1a: Banette\n|-crit|p1a: Banette\n|-damage|p1a: Banette|0 fnt\n|faint|p1a: Banette\n|-activate|p1a: Banette|move: Destiny Bond\n|faint|p2a: Chicharron\n|\n|upkeep\n|\n|t:|1700021117\n|switch|p2a: Kurama|Ninetales-Alola, F, shiny|100\/100\n|switch|p1a: Hoopa|Hoopa-Unbound|100\/100\n|-weather|Snow|[from] ability: Snow Warning|[of] p2a: Kurama\n|turn|3\n|\n|t:|1700021128\n|move|p2a: Kurama|Aurora Veil|p2a: Kurama\n|-sidestart|p2: Jarl_jake|move: Aurora Veil\n|move|p1a: Hoopa|Trick|p2a: Kurama\n|-activate|p1a: Hoopa|move: Trick|[of] p2a: Kurama\n|-item|p2a: Kurama|Choice Band|[from] move: Trick\n|-item|p1a: Hoopa|Light Clay|[from] move: Trick\n|\n|-weather|Snow|[upkeep]\n|upkeep\n|turn|4\n|\n|t:|1700021136\n|switch|p1a: Moltres|Moltres|100\/100\n|move|p2a: Kurama|Moonblast|p1a: Moltres\n|-resisted|p1a: Moltres\n|-damage|p1a: Moltres|84\/100\n|-unboost|p1a: Moltres|spa|1\n|\n|-weather|Snow|[upkeep]\n|upkeep\n|turn|5\n|\n|t:|1700021148\n|switch|p2a: Paarthurnax|Salamence, M, shiny|100\/100\n|move|p1a: Moltres|Defog|p2a: Paarthurnax\n|-unboost|p2a: Paarthurnax|evasion|1\n|-sideend|p2: Jarl_jake|move: Aurora Veil\n|\n|-weather|Snow|[upkeep]\n|upkeep\n|turn|6\n|\n|t:|1700021157\n|move|p2a: Paarthurnax|Dragon Dance|p2a: Paarthurnax\n|-boost|p2a: Paarthurnax|atk|1\n|-boost|p2a: Paarthurnax|spe|1\n|move|p1a: Moltres|U-turn|p2a: Paarthurnax\n|-resisted|p2a: Paarthurnax\n|-damage|p2a: Paarthurnax|92\/100\n|\n|t:|1700021163\n|switch|p1a: Alomomola|Alomomola, F|100\/100|[from] U-turn\n|\n|-weather|Snow|[upkeep]\n|upkeep\n|turn|7\n|\n|t:|1700021169\n|move|p2a: Paarthurnax|Dragon Dance|p2a: Paarthurnax\n|-boost|p2a: Paarthurnax|atk|1\n|-boost|p2a: Paarthurnax|spe|1\n|move|p1a: Alomomola|Toxic|p2a: Paarthurnax\n|-status|p2a: Paarthurnax|tox\n|-enditem|p2a: Paarthurnax|Lum Berry|[eat]\n|-curestatus|p2a: Paarthurnax|tox|[msg]\n|\n|-weather|none\n|upkeep\n|turn|8\n|\n|t:|1700021178\n|move|p2a: Paarthurnax|Dragon Dance|p2a: Paarthurnax\n|-boost|p2a: Paarthurnax|atk|1\n|-boost|p2a: Paarthurnax|spe|1\n|move|p1a: Alomomola|Toxic|p2a: Paarthurnax\n|-status|p2a: Paarthurnax|tox\n|\n|-damage|p2a: Paarthurnax|86\/100 tox|[from] psn\n|upkeep\n|turn|9\n|\n|t:|1700021188\n|move|p1a: Alomomola|Protect|p1a: Alomomola\n|-singleturn|p1a: Alomomola|Protect\n|move|p2a: Paarthurnax|Dragon Dance|p2a: Paarthurnax\n|-boost|p2a: Paarthurnax|atk|1\n|-boost|p2a: Paarthurnax|spe|1\n|\n|-damage|p2a: Paarthurnax|74\/100 tox|[from] psn\n|upkeep\n|turn|10\n|\n|t:|1700021197\n|move|p2a: Paarthurnax|Dual Wingbeat|p1a: Alomomola\n|-damage|p1a: Alomomola|62\/100\n|-damage|p2a: Paarthurnax|57\/100 tox|[from] item: Rocky Helmet|[of] p1a: Alomomola\n|-damage|p1a: Alomomola|26\/100\n|-damage|p2a: Paarthurnax|41\/100 tox|[from] item: Rocky Helmet|[of] p1a: Alomomola\n|-hitcount|p1a: Alomomola|2\n|move|p1a: Alomomola|Wish|p1a: Alomomola\n|\n|-damage|p2a: Paarthurnax|23\/100 tox|[from] psn\n|upkeep\n|turn|11\n|\n|t:|1700021209\n|switch|p2a: Lady Oscar|Serperior, F, shiny|100\/100\n|move|p1a: Alomomola|Protect||[still]\n|-fail|p1a: Alomomola\n|\n|-heal|p1a: Alomomola|76\/100|[from] move: Wish|[wisher] Alomomola\n|upkeep\n|turn|12\n|\n|t:|1700021218\n|switch|p1a: Moltres|Moltres|84\/100\n|move|p2a: Lady Oscar|Leaf Storm|p1a: Moltres\n|-resisted|p1a: Moltres\n|-damage|p1a: Moltres|69\/100\n|-boost|p2a: Lady Oscar|spa|2\n|-damage|p2a: Lady Oscar|91\/100|[from] item: Life Orb\n|\n|upkeep\n|turn|13\n|\n|t:|1700021228\n|-terastallize|p2a: Lady Oscar|Fire\n|move|p2a: Lady Oscar|Leaf Storm|p1a: Moltres\n|-resisted|p1a: Moltres\n|-damage|p1a: Moltres|36\/100\n|-boost|p2a: Lady Oscar|spa|2\n|-damage|p2a: Lady Oscar|81\/100|[from] item: Life Orb\n|move|p1a: Moltres|Roost|p1a: Moltres\n|-heal|p1a: Moltres|86\/100\n|-singleturn|p1a: Moltres|move: Roost\n|\n|upkeep\n|turn|14\n|\n|t:|1700021241\n|move|p2a: Lady Oscar|Dragon Pulse|p1a: Moltres\n|-damage|p1a: Moltres|9\/100\n|-damage|p2a: Lady Oscar|71\/100|[from] item: Life Orb\n|move|p1a: Moltres|Roost|p1a: Moltres\n|-heal|p1a: Moltres|60\/100\n|-singleturn|p1a: Moltres|move: Roost\n|\n|upkeep\n|turn|15\n|\n|t:|1700021250\n|move|p2a: Lady Oscar|Dragon Pulse|p1a: Moltres\n|-damage|p1a: Moltres|0 fnt\n|faint|p1a: Moltres\n|-damage|p2a: Lady Oscar|61\/100|[from] item: Life Orb\n|\n|upkeep\n|\n|t:|1700021252\n|switch|p1a: Rillaboom|Rillaboom, M|100\/100\n|-fieldstart|move: Grassy Terrain|[from] ability: Grassy Surge|[of] p1a: Rillaboom\n|turn|16\n|\n|t:|1700021261\n|move|p2a: Lady Oscar|Leaf Storm|p1a: Rillaboom\n|-resisted|p1a: Rillaboom\n|-damage|p1a: Rillaboom|0 fnt\n|-boost|p2a: Lady Oscar|spa|2\n|faint|p1a: Rillaboom\n|-damage|p2a: Lady Oscar|51\/100|[from] item: Life Orb\n|\n|-heal|p2a: Lady Oscar|57\/100|[from] Grassy Terrain\n|upkeep\n|\n|t:|1700021263\n|switch|p1a: Sneasler|Sneasler, F|100\/100\n|-enditem|p1a: Sneasler|Grassy Seed\n|-boost|p1a: Sneasler|def|1|[from] item: Grassy Seed\n|turn|17\n|\n|t:|1700021276\n|move|p1a: Sneasler|Acrobatics|p2a: Lady Oscar\n|-damage|p2a: Lady Oscar|3\/100\n|move|p2a: Lady Oscar|Hidden Power|p1a: Sneasler\n|-damage|p1a: Sneasler|0 fnt\n|faint|p1a: Sneasler\n|-damage|p2a: Lady Oscar|0 fnt|[from] item: Life Orb\n|faint|p2a: Lady Oscar\n|\n|upkeep\n|inactive|Kedlimmm has 120 seconds left.\n|inactive|Kedlimmm has 90 seconds left.\n|inactive|Kedlimmm has 60 seconds left.\n|inactive|Kedlimmm has 30 seconds left.\n|\n|t:|1700021404\n|switch|p2a: Paarthurnax|Salamence, M, shiny|23\/100 tox\n|switch|p1a: Hoopa|Hoopa-Unbound|100\/100\n|turn|18\n|\n|t:|1700021411\n|switch|p1a: Alomomola|Alomomola, F|100\/100\n|move|p2a: Paarthurnax|Dual Wingbeat|p1a: Alomomola\n|-damage|p1a: Alomomola|88\/100\n|-damage|p2a: Paarthurnax|6\/100 tox|[from] item: Rocky Helmet|[of] p1a: Alomomola\n|-damage|p1a: Alomomola|75\/100\n|-damage|p2a: Paarthurnax|0 fnt|[from] item: Rocky Helmet|[of] p1a: Alomomola\n|faint|p2a: Paarthurnax\n|-hitcount|p1a: Alomomola|2\n|\n|-heal|p1a: Alomomola|81\/100|[from] Grassy Terrain\n|upkeep\n|\n|t:|1700021425\n|switch|p2a: Fat Girl|Blastoise, F, shiny|100\/100\n|turn|19\n|\n|t:|1700021430\n|move|p2a: Fat Girl|Shell Smash|p2a: Fat Girl\n|-unboost|p2a: Fat Girl|def|1\n|-unboost|p2a: Fat Girl|spd|1\n|-boost|p2a: Fat Girl|atk|2\n|-boost|p2a: Fat Girl|spa|2\n|-boost|p2a: Fat Girl|spe|2\n|move|p1a: Alomomola|Toxic|p2a: Fat Girl\n|-status|p2a: Fat Girl|tox\n|\n|-heal|p1a: Alomomola|88\/100|[from] Grassy Terrain\n|-damage|p2a: Fat Girl|95\/100 tox|[from] psn\n|upkeep\n|turn|20\n|\n|t:|1700021443\n|move|p1a: Alomomola|Protect|p1a: Alomomola\n|-singleturn|p1a: Alomomola|Protect\n|move|p2a: Fat Girl|Shell Smash|p2a: Fat Girl\n|-unboost|p2a: Fat Girl|def|1\n|-unboost|p2a: Fat Girl|spd|1\n|-boost|p2a: Fat Girl|atk|2\n|-boost|p2a: Fat Girl|spa|2\n|-boost|p2a: Fat Girl|spe|2\n|\n|-heal|p2a: Fat Girl|100\/100 tox|[from] Grassy Terrain\n|-heal|p1a: Alomomola|94\/100|[from] Grassy Terrain\n|-damage|p2a: Fat Girl|89\/100 tox|[from] psn\n|-fieldend|move: Grassy Terrain\n|upkeep\n|turn|21\n|\n|t:|1700021456\n|-terastallize|p1a: Alomomola|Dragon\n|move|p2a: Fat Girl|Shell Smash|p2a: Fat Girl\n|-unboost|p2a: Fat Girl|def|1\n|-unboost|p2a: Fat Girl|spd|1\n|-boost|p2a: Fat Girl|atk|2\n|-boost|p2a: Fat Girl|spa|2\n|-boost|p2a: Fat Girl|spe|2\n|move|p1a: Alomomola|Wish|p1a: Alomomola\n|\n|-damage|p2a: Fat Girl|71\/100 tox|[from] psn\n|upkeep\n|turn|22\n|inactive|Kedlimmm has 60 seconds left.\n|\n|t:|1700021470\n|move|p1a: Alomomola|Protect|p1a: Alomomola\n|-singleturn|p1a: Alomomola|Protect\n|move|p2a: Fat Girl|Dark Pulse|p1a: Alomomola\n|-activate|p1a: Alomomola|move: Protect\n|\n|-heal|p1a: Alomomola|100\/100|[from] move: Wish|[wisher] Alomomola\n|-damage|p2a: Fat Girl|47\/100 tox|[from] psn\n|upkeep\n|turn|23\n|inactive|Kedlimmm has 60 seconds left.\n|\n|t:|1700021483\n|move|p1a: Alomomola|Protect|p1a: Alomomola\n|-singleturn|p1a: Alomomola|Protect\n|move|p2a: Fat Girl|Dark Pulse|p1a: Alomomola\n|-activate|p1a: Alomomola|move: Protect\n|\n|-damage|p2a: Fat Girl|17\/100 tox|[from] psn\n|upkeep\n|turn|24\n|\n|t:|1700021492\n|move|p1a: Alomomola|Protect||[still]\n|-fail|p1a: Alomomola\n|move|p2a: Fat Girl|Dark Pulse|p1a: Alomomola\n|-crit|p1a: Alomomola\n|-damage|p1a: Alomomola|0 fnt\n|faint|p1a: Alomomola\n|\n|-damage|p2a: Fat Girl|0 fnt|[from] psn\n|faint|p2a: Fat Girl\n|upkeep\n|\n|t:|1700021504\n|switch|p2a: Kurama|Ninetales-Alola, F, shiny|100\/100\n|switch|p1a: Hoopa|Hoopa-Unbound|100\/100\n|-weather|Snow|[from] ability: Snow Warning|[of] p2a: Kurama\n|turn|25\n|\n|t:|1700021512\n|move|p2a: Kurama|Moonblast|p1a: Hoopa\n|-supereffective|p1a: Hoopa\n|-damage|p1a: Hoopa|33\/100\n|move|p1a: Hoopa|Drain Punch|p2a: Kurama\n|-damage|p2a: Kurama|72\/100\n|-heal|p1a: Hoopa|46\/100|[from] drain|[of] p2a: Kurama\n|\n|-weather|Snow|[upkeep]\n|upkeep\n|turn|26\n|-message|Kedlimmm forfeited.\n|\n|win|Jarl_jake\n|raw|Kedlimmm's rating: 1434 &rarr; <strong>1410<\/strong><br \/>(-24 for losing)\n|raw|Jarl_jake's rating: 1371 &rarr; <strong>1395<\/strong><br \/>(+24 for winning)\n|l|\u2606Kedlimmm\n","uploadtime":1700021535,"views":22,"p1id":"kedlimmm","p2id":"jarljake","formatid":"gen9nationaldex","rating":1395,"private":0,"password":""}