{"id":"gen9nationaldex-1995272536","p1":"flagScor","p2":"Richie2016","format":"[Gen 9] National Dex","log":"|html|<div class=\"broadcast-blue\"><strong>[Gen 9] National Dex is currently suspecting Sneasler! For information on how to participate check out the <a href=\"https:\/\/www.smogon.com\/forums\/threads\/sv-national-dex-suspect-8-just-dance.3731534\/\">suspect thread<\/a>.<\/strong><\/div>\n|j|\u2606flagScor\n|j|\u2606Richie2016\n|t:|1700544751\n|gametype|singles\n|player|p1|flagScor|265|1298\n|player|p2|Richie2016|cynthia|1372\n|teamsize|p1|6\n|teamsize|p2|6\n|gen|9\n|tier|[Gen 9] National Dex\n|rated|\n|rule|HP Percentage Mod: HP is shown in percentages\n|rule|Endless Battle Clause: Forcing endless battles is banned\n|rule|OHKO Clause: OHKO moves are banned\n|rule|Evasion Clause: Evasion abilities, items, and moves are banned\n|rule|Evasion Abilities Clause: Evasion abilities are banned\n|rule|Evasion Items Clause: Evasion items are banned\n|rule|Evasion Moves Clause: Evasion moves are banned\n|rule|Species Clause: Limit one of each Pok\u00e9mon\n|rule|Sleep Clause Mod: Limit one foe put to sleep\n|clearpoke\n|poke|p1|Pelipper, F|\n|poke|p1|Barraskewda, M|\n|poke|p1|Greninja-*, M|\n|poke|p1|Urshifu-*, M|\n|poke|p1|Moltres|\n|poke|p1|Swampert, M|\n|poke|p2|Lopunny, F|\n|poke|p2|Alomomola, F|\n|poke|p2|Moltres|\n|poke|p2|Ferrothorn, F|\n|poke|p2|Gliscor, F|\n|poke|p2|Greninja-*, M|\n|teampreview\n|\n|t:|1700544768\n|start\n|switch|p1a: Pelipper|Pelipper, F|100\/100\n|switch|p2a: Lopunny|Lopunny, F, shiny|100\/100\n|-weather|RainDance|[from] ability: Drizzle|[of] p1a: Pelipper\n|turn|1\n|inactive|Battle timer is ON: inactive players will automatically lose when time's up. (requested by Richie2016)\n|\n|t:|1700544794\n|switch|p1a: Moltres|Moltres|100\/100\n|detailschange|p2a: Lopunny|Lopunny-Mega, F, shiny\n|-mega|p2a: Lopunny|Lopunny|Lopunnite\n|move|p2a: Lopunny|Fake Out|p1a: Moltres\n|-damage|p1a: Moltres|85\/100\n|-status|p2a: Lopunny|brn|[from] ability: Flame Body|[of] p1a: Moltres\n|\n|-weather|RainDance|[upkeep]\n|-damage|p2a: Lopunny|95\/100 brn|[from] brn\n|upkeep\n|turn|2\n|\n|t:|1700544815\n|move|p2a: Lopunny|U-turn|p1a: Moltres\n|-resisted|p1a: Moltres\n|-damage|p1a: Moltres|83\/100\n|\n|t:|1700544821\n|switch|p2a: Gliscor|Gliscor, F, shiny|100\/100|[from] U-turn\n|move|p1a: Moltres|U-turn|p2a: Gliscor\n|-resisted|p2a: Gliscor\n|-damage|p2a: Gliscor|95\/100\n|\n|t:|1700544838\n|switch|p1a: Barraskewda|Barraskewda, M|100\/100|[from] U-turn\n|\n|-weather|RainDance|[upkeep]\n|-status|p2a: Gliscor|tox|[from] item: Toxic Orb\n|upkeep\n|turn|3\n|\n|t:|1700544863\n|-terastallize|p2a: Gliscor|Fairy\n|move|p1a: Barraskewda|Flip Turn|p2a: Gliscor\n|-damage|p2a: Gliscor|44\/100 tox\n|inactive|flagScor has 120 seconds left.\n|\n|t:|1700544876\n|switch|p1a: Moltres|Moltres|83\/100|[from] Flip Turn\n|move|p2a: Gliscor|Stealth Rock|p1a: Moltres\n|-sidestart|p1: flagScor|move: Stealth Rock\n|\n|-weather|RainDance|[upkeep]\n|-heal|p2a: Gliscor|57\/100 tox|[from] ability: Poison Heal\n|upkeep\n|turn|4\n|inactive|flagScor has 120 seconds left.\n|\n|t:|1700544887\n|move|p2a: Gliscor|Toxic|p1a: Moltres\n|-status|p1a: Moltres|tox\n|move|p1a: Moltres|Hurricane|p2a: Gliscor\n|-damage|p2a: Gliscor|21\/100 tox\n|\n|-weather|RainDance|[upkeep]\n|-heal|p2a: Gliscor|33\/100 tox|[from] ability: Poison Heal\n|-damage|p1a: Moltres|77\/100 tox|[from] psn\n|upkeep\n|turn|5\n|inactive|flagScor has 120 seconds left.\n|\n|t:|1700544899\n|move|p2a: Gliscor|Roost|p2a: Gliscor\n|-heal|p2a: Gliscor|83\/100 tox\n|move|p1a: Moltres|Defog|p2a: Gliscor\n|-unboost|p2a: Gliscor|evasion|1\n|-sideend|p1: flagScor|Stealth Rock|[from] move: Defog|[of] p1a: Moltres\n|\n|-weather|RainDance|[upkeep]\n|-heal|p2a: Gliscor|96\/100 tox|[from] ability: Poison Heal\n|-damage|p1a: Moltres|64\/100 tox|[from] psn\n|upkeep\n|turn|6\n|inactive|flagScor has 120 seconds left.\n|\n|t:|1700544910\n|move|p2a: Gliscor|Stealth Rock|p1a: Moltres\n|-sidestart|p1: flagScor|move: Stealth Rock\n|move|p1a: Moltres|U-turn|p2a: Gliscor\n|-resisted|p2a: Gliscor\n|-damage|p2a: Gliscor|90\/100 tox\n|inactive|flagScor has 120 seconds left.\n|\n|t:|1700544920\n|switch|p1a: Greninja|Greninja, M|100\/100|[from] U-turn\n|-damage|p1a: Greninja|88\/100|[from] Stealth Rock\n|\n|-weather|RainDance|[upkeep]\n|-heal|p2a: Gliscor|100\/100 tox|[from] ability: Poison Heal\n|upkeep\n|turn|7\n|inactive|flagScor has 120 seconds left.\n|\n|t:|1700544936\n|switch|p2a: Ferrothorn|Ferrothorn, F, shiny|100\/100\n|-terastallize|p1a: Greninja|Water\n|move|p1a: Greninja|Hydro Pump|p2a: Ferrothorn\n|-resisted|p2a: Ferrothorn\n|-damage|p2a: Ferrothorn|48\/100\n|\n|-weather|RainDance|[upkeep]\n|-heal|p2a: Ferrothorn|54\/100|[from] item: Leftovers\n|upkeep\n|turn|8\n|inactive|flagScor has 120 seconds left.\n|\n|t:|1700544950\n|switch|p1a: Moltres|Moltres|64\/100 tox\n|move|p2a: Ferrothorn|Protect||[still]\n|-fail|p2a: Ferrothorn\n|\n|-weather|none\n|-heal|p2a: Ferrothorn|60\/100|[from] item: Leftovers\n|-damage|p1a: Moltres|58\/100 tox|[from] psn\n|upkeep\n|turn|9\n|inactive|flagScor has 120 seconds left.\n|\n|t:|1700544963\n|switch|p2a: Greninja|Greninja, M|100\/100\n|move|p1a: Moltres|Defog|p2a: Greninja\n|-unboost|p2a: Greninja|evasion|1\n|-sideend|p1: flagScor|Stealth Rock|[from] move: Defog|[of] p1a: Moltres\n|\n|-damage|p1a: Moltres|45\/100 tox|[from] psn\n|upkeep\n|turn|10\n|inactive|flagScor has 120 seconds left.\n|\n|t:|1700544984\n|switch|p1a: Pelipper|Pelipper, F|100\/100\n|-weather|RainDance|[from] ability: Drizzle|[of] p1a: Pelipper\n|move|p2a: Greninja|Hydro Pump|p1a: Pelipper\n|-resisted|p1a: Pelipper\n|-damage|p1a: Pelipper|35\/100\n|-damage|p2a: Greninja|91\/100|[from] item: Life Orb\n|\n|-weather|RainDance|[upkeep]\n|upkeep\n|turn|11\n|inactive|flagScor has 120 seconds left.\n|\n|t:|1700545002\n|switch|p1a: Urshifu|Urshifu-Rapid-Strike, M|100\/100\n|move|p2a: Greninja|Dark Pulse|p1a: Urshifu\n|-resisted|p1a: Urshifu\n|-damage|p1a: Urshifu|64\/100\n|-damage|p2a: Greninja|81\/100|[from] item: Life Orb\n|\n|-weather|RainDance|[upkeep]\n|upkeep\n|turn|12\n|inactive|flagScor has 120 seconds left.\n|\n|t:|1700545014\n|switch|p2a: Moltres|Moltres|100\/100\n|move|p1a: Urshifu|U-turn|p2a: Moltres\n|-resisted|p2a: Moltres\n|-crit|p2a: Moltres\n|-damage|p2a: Moltres|93\/100\n|\n|t:|1700545024\n|switch|p1a: Greninja|Greninja, M, tera:Water|88\/100|[from] U-turn\n|\n|-weather|RainDance|[upkeep]\n|upkeep\n|turn|13\n|inactive|flagScor has 120 seconds left.\n|\n|t:|1700545038\n|switch|p2a: Alomomola|Alomomola, F|100\/100\n|move|p1a: Greninja|Hydro Pump|p2a: Alomomola\n|-resisted|p2a: Alomomola\n|-damage|p2a: Alomomola|34\/100\n|\n|-weather|RainDance|[upkeep]\n|upkeep\n|turn|14\n|\n|t:|1700545048\n|move|p2a: Alomomola|Protect|p2a: Alomomola\n|-singleturn|p2a: Alomomola|Protect\n|move|p1a: Greninja|Hydro Pump|p2a: Alomomola\n|-activate|p2a: Alomomola|move: Protect\n|\n|-weather|RainDance|[upkeep]\n|upkeep\n|turn|15\n|\n|t:|1700545057\n|switch|p2a: Ferrothorn|Ferrothorn, F, shiny|60\/100\n|move|p1a: Greninja|Hydro Pump|p2a: Ferrothorn\n|-resisted|p2a: Ferrothorn\n|-damage|p2a: Ferrothorn|11\/100\n|\n|-weather|RainDance|[upkeep]\n|-heal|p2a: Ferrothorn|17\/100|[from] item: Leftovers\n|upkeep\n|turn|16\n|\n|t:|1700545067\n|move|p2a: Ferrothorn|Protect|p2a: Ferrothorn\n|-singleturn|p2a: Ferrothorn|Protect\n|move|p1a: Greninja|Hydro Pump|p2a: Ferrothorn\n|-activate|p2a: Ferrothorn|move: Protect\n|\n|-weather|RainDance|[upkeep]\n|-heal|p2a: Ferrothorn|23\/100|[from] item: Leftovers\n|upkeep\n|turn|17\n|\n|t:|1700545077\n|switch|p1a: Moltres|Moltres|45\/100 tox\n|switch|p2a: Alomomola|Alomomola, F|67\/100\n|\n|-weather|none\n|-damage|p1a: Moltres|39\/100 tox|[from] psn\n|upkeep\n|turn|18\n|\n|t:|1700545087\n|move|p1a: Moltres|Roost|p1a: Moltres\n|-heal|p1a: Moltres|89\/100 tox\n|-singleturn|p1a: Moltres|move: Roost\n|move|p2a: Alomomola|Wish|p2a: Alomomola\n|\n|-damage|p1a: Moltres|77\/100 tox|[from] psn\n|upkeep\n|turn|19\n|\n|t:|1700545097\n|move|p1a: Moltres|U-turn|p2a: Alomomola\n|-damage|p2a: Alomomola|58\/100\n|\n|t:|1700545102\n|switch|p1a: Pelipper|Pelipper, F|35\/100|[from] U-turn\n|-weather|RainDance|[from] ability: Drizzle|[of] p1a: Pelipper\n|move|p2a: Alomomola|Flip Turn|p1a: Pelipper\n|-resisted|p1a: Pelipper\n|-damage|p1a: Pelipper|26\/100\n|\n|t:|1700545115\n|switch|p2a: Ferrothorn|Ferrothorn, F, shiny|23\/100|[from] Flip Turn\n|\n|-weather|RainDance|[upkeep]\n|-heal|p2a: Ferrothorn|90\/100|[from] move: Wish|[wisher] Alomomola\n|-heal|p2a: Ferrothorn|97\/100|[from] item: Leftovers\n|upkeep\n|turn|20\n|\n|t:|1700545135\n|switch|p1a: Moltres|Moltres|77\/100 tox\n|move|p2a: Ferrothorn|Leech Seed|p1a: Moltres|[miss]\n|-miss|p2a: Ferrothorn|p1a: Moltres\n|\n|-weather|RainDance|[upkeep]\n|-heal|p2a: Ferrothorn|100\/100|[from] item: Leftovers\n|-damage|p1a: Moltres|70\/100 tox|[from] psn\n|upkeep\n|turn|21\n|\n|t:|1700545152\n|move|p1a: Moltres|Hurricane|p2a: Ferrothorn\n|-damage|p2a: Ferrothorn|68\/100\n|move|p2a: Ferrothorn|Leech Seed|p1a: Moltres\n|-start|p1a: Moltres|move: Leech Seed\n|\n|-weather|RainDance|[upkeep]\n|-heal|p2a: Ferrothorn|74\/100|[from] item: Leftovers\n|-damage|p1a: Moltres|58\/100 tox|[from] Leech Seed|[of] p2a: Ferrothorn\n|-heal|p2a: Ferrothorn|88\/100|[silent]\n|-damage|p1a: Moltres|45\/100 tox|[from] psn\n|upkeep\n|turn|22\n|\n|t:|1700545164\n|move|p1a: Moltres|Roost|p1a: Moltres\n|-heal|p1a: Moltres|95\/100 tox\n|-singleturn|p1a: Moltres|move: Roost\n|move|p2a: Ferrothorn|Leech Seed||[still]\n|-fail|p2a: Ferrothorn\n|\n|-weather|RainDance|[upkeep]\n|-heal|p2a: Ferrothorn|94\/100|[from] item: Leftovers\n|-damage|p1a: Moltres|83\/100 tox|[from] Leech Seed|[of] p2a: Ferrothorn\n|-heal|p2a: Ferrothorn|100\/100|[silent]\n|-damage|p1a: Moltres|64\/100 tox|[from] psn\n|upkeep\n|turn|23\n|inactive|flagScor has 120 seconds left.\n|\n|t:|1700545184\n|switch|p1a: Urshifu|Urshifu-Rapid-Strike, M|64\/100\n|move|p2a: Ferrothorn|Leech Seed|p1a: Urshifu|[miss]\n|-miss|p2a: Ferrothorn|p1a: Urshifu\n|\n|-weather|RainDance|[upkeep]\n|upkeep\n|turn|24\n|inactive|flagScor has 120 seconds left.\n|\n|t:|1700545196\n|move|p1a: Urshifu|U-turn|p2a: Ferrothorn\n|-damage|p2a: Ferrothorn|85\/100\n|-damage|p1a: Urshifu|52\/100|[from] ability: Iron Barbs|[of] p2a: Ferrothorn\n|\n|t:|1700545203\n|switch|p1a: Moltres|Moltres|64\/100 tox|[from] U-turn\n|move|p2a: Ferrothorn|Leech Seed|p1a: Moltres\n|-start|p1a: Moltres|move: Leech Seed\n|\n|-weather|RainDance|[upkeep]\n|-heal|p2a: Ferrothorn|91\/100|[from] item: Leftovers\n|-damage|p1a: Moltres|52\/100 tox|[from] Leech Seed|[of] p2a: Ferrothorn\n|-heal|p2a: Ferrothorn|100\/100|[silent]\n|-damage|p1a: Moltres|45\/100 tox|[from] psn\n|upkeep\n|turn|25\n|inactive|flagScor has 120 seconds left.\n|\n|t:|1700545215\n|switch|p2a: Greninja|Greninja, M|81\/100\n|move|p1a: Moltres|Roost|p1a: Moltres\n|-heal|p1a: Moltres|95\/100 tox\n|-singleturn|p1a: Moltres|move: Roost\n|\n|-weather|RainDance|[upkeep]\n|-damage|p1a: Moltres|83\/100 tox|[from] Leech Seed|[of] p2a: Greninja\n|-heal|p2a: Greninja|98\/100|[silent]\n|-damage|p1a: Moltres|70\/100 tox|[from] psn\n|upkeep\n|turn|26\n|inactive|flagScor has 120 seconds left.\n|\n|t:|1700545239\n|switch|p1a: Swampert|Swampert, M|100\/100\n|move|p2a: Greninja|Grass Knot|p1a: Swampert\n|-supereffective|p1a: Swampert\n|-damage|p1a: Swampert|0 fnt\n|faint|p1a: Swampert\n|-ability|p2a: Greninja|Battle Bond|boost\n|-boost|p2a: Greninja|atk|1\n|-boost|p2a: Greninja|spa|1\n|-boost|p2a: Greninja|spe|1\n|-activate|p2a: Greninja|ability: Battle Bond\n|-damage|p2a: Greninja|88\/100|[from] item: Life Orb\n|\n|-weather|none\n|upkeep\n|\n|t:|1700545254\n|switch|p1a: Pelipper|Pelipper, F|26\/100\n|-weather|RainDance|[from] ability: Drizzle|[of] p1a: Pelipper\n|turn|27\n|inactive|flagScor has 90 seconds left.\n|\n|t:|1700545270\n|move|p2a: Greninja|Dark Pulse|p1a: Pelipper\n|-damage|p1a: Pelipper|0 fnt\n|faint|p1a: Pelipper\n|-damage|p2a: Greninja|78\/100|[from] item: Life Orb\n|\n|-weather|RainDance|[upkeep]\n|upkeep\n|inactive|flagScor has 90 seconds left.\n|\n|t:|1700545277\n|switch|p1a: Barraskewda|Barraskewda, M|100\/100\n|turn|28\n|\n|t:|1700545282\n|switch|p2a: Ferrothorn|Ferrothorn, F, shiny|100\/100\n|move|p1a: Barraskewda|Close Combat|p2a: Ferrothorn\n|-supereffective|p2a: Ferrothorn\n|-damage|p2a: Ferrothorn|20\/100\n|-unboost|p1a: Barraskewda|def|1\n|-unboost|p1a: Barraskewda|spd|1\n|-damage|p1a: Barraskewda|88\/100|[from] ability: Iron Barbs|[of] p2a: Ferrothorn\n|\n|-weather|RainDance|[upkeep]\n|-heal|p2a: Ferrothorn|27\/100|[from] item: Leftovers\n|upkeep\n|turn|29\n|\n|t:|1700545299\n|switch|p1a: Urshifu|Urshifu-Rapid-Strike, M|52\/100\n|move|p2a: Ferrothorn|Protect||[still]\n|-fail|p2a: Ferrothorn\n|\n|-weather|RainDance|[upkeep]\n|-heal|p2a: Ferrothorn|33\/100|[from] item: Leftovers\n|upkeep\n|turn|30\n|\n|t:|1700545309\n|switch|p2a: Lopunny|Lopunny-Mega, F, shiny|95\/100 brn\n|move|p1a: Urshifu|Close Combat|p2a: Lopunny\n|-supereffective|p2a: Lopunny\n|-damage|p2a: Lopunny|0 fnt\n|-unboost|p1a: Urshifu|def|1\n|-unboost|p1a: Urshifu|spd|1\n|faint|p2a: Lopunny\n|\n|-weather|RainDance|[upkeep]\n|upkeep\n|\n|t:|1700545330\n|switch|p2a: Moltres|Moltres|93\/100\n|turn|31\n|\n|t:|1700545349\n|switch|p1a: Greninja|Greninja, M, tera:Water|88\/100\n|move|p2a: Moltres|Hurricane|p1a: Greninja\n|-damage|p1a: Greninja|18\/100\n|\n|-weather|RainDance|[upkeep]\n|upkeep\n|turn|32\n|\n|t:|1700545359\n|switch|p2a: Alomomola|Alomomola, F|91\/100\n|move|p1a: Greninja|Hydro Pump|p2a: Alomomola\n|-resisted|p2a: Alomomola\n|-damage|p2a: Alomomola|28\/100\n|\n|-weather|RainDance|[upkeep]\n|upkeep\n|turn|33\n|\n|t:|1700545368\n|move|p2a: Alomomola|Protect|p2a: Alomomola\n|-singleturn|p2a: Alomomola|Protect\n|move|p1a: Greninja|Hydro Pump|p2a: Alomomola\n|-activate|p2a: Alomomola|move: Protect\n|\n|-weather|RainDance|[upkeep]\n|upkeep\n|turn|34\n|\n|t:|1700545381\n|switch|p2a: Gliscor|Gliscor, F, shiny, tera:Fairy|100\/100 tox\n|move|p1a: Greninja|Hydro Pump|p2a: Gliscor\n|-damage|p2a: Gliscor|0 fnt\n|faint|p2a: Gliscor\n|-ability|p1a: Greninja|Battle Bond|boost\n|-boost|p1a: Greninja|atk|1\n|-boost|p1a: Greninja|spa|1\n|-boost|p1a: Greninja|spe|1\n|-activate|p1a: Greninja|ability: Battle Bond\n|\n|-weather|none\n|upkeep\n|\n|t:|1700545389\n|switch|p2a: Alomomola|Alomomola, F|62\/100\n|turn|35\n|inactive|flagScor has 120 seconds left.\n|\n|t:|1700545400\n|switch|p1a: Moltres|Moltres|70\/100 tox\n|move|p2a: Alomomola|Wish|p2a: Alomomola\n|\n|-damage|p1a: Moltres|64\/100 tox|[from] psn\n|upkeep\n|turn|36\n|inactive|flagScor has 120 seconds left.\n|\n|t:|1700545408\n|move|p1a: Moltres|U-turn|p2a: Alomomola\n|-damage|p2a: Alomomola|53\/100\n|inactive|flagScor has 120 seconds left.\n|\n|t:|1700545419\n|switch|p1a: Barraskewda|Barraskewda, M|88\/100|[from] U-turn\n|move|p2a: Alomomola|Flip Turn|p1a: Barraskewda\n|-resisted|p1a: Barraskewda\n|-damage|p1a: Barraskewda|72\/100\n|\n|t:|1700545425\n|switch|p2a: Ferrothorn|Ferrothorn, F, shiny|33\/100|[from] Flip Turn\n|\n|-heal|p2a: Ferrothorn|99\/100|[from] move: Wish|[wisher] Alomomola\n|-heal|p2a: Ferrothorn|100\/100|[from] item: Leftovers\n|upkeep\n|turn|37\n|inactive|flagScor has 120 seconds left.\n|\n|t:|1700545437\n|move|p2a: Ferrothorn|Protect|p2a: Ferrothorn\n|-singleturn|p2a: Ferrothorn|Protect\n|move|p1a: Barraskewda|Close Combat|p2a: Ferrothorn\n|-activate|p2a: Ferrothorn|move: Protect\n|\n|upkeep\n|turn|38\n|\n|t:|1700545445\n|switch|p1a: Moltres|Moltres|64\/100 tox\n|switch|p2a: Moltres|Moltres|93\/100\n|\n|-damage|p1a: Moltres|58\/100 tox|[from] psn\n|upkeep\n|turn|39\n|\n|t:|1700545463\n|move|p2a: Moltres|Mystical Fire|p1a: Moltres\n|-resisted|p1a: Moltres\n|-damage|p1a: Moltres|41\/100 tox\n|-unboost|p1a: Moltres|spa|1\n|move|p1a: Moltres|U-turn|p2a: Moltres\n|-resisted|p2a: Moltres\n|-damage|p2a: Moltres|91\/100\n|\n|t:|1700545473\n|switch|p1a: Greninja|Greninja, M, tera:Water|18\/100|[from] U-turn\n|\n|upkeep\n|turn|40\n|\n|t:|1700545481\n|switch|p2a: Ferrothorn|Ferrothorn, F, shiny|100\/100\n|move|p1a: Greninja|Water Shuriken|p2a: Ferrothorn\n|-resisted|p2a: Ferrothorn\n|-damage|p2a: Ferrothorn|95\/100\n|-resisted|p2a: Ferrothorn\n|-damage|p2a: Ferrothorn|90\/100\n|-resisted|p2a: Ferrothorn\n|-damage|p2a: Ferrothorn|85\/100\n|-hitcount|p2a: Ferrothorn|3\n|\n|-heal|p2a: Ferrothorn|91\/100|[from] item: Leftovers\n|upkeep\n|turn|41\n|\n|t:|1700545498\n|switch|p1a: Moltres|Moltres|41\/100 tox\n|move|p2a: Ferrothorn|Leech Seed|p1a: Moltres\n|-start|p1a: Moltres|move: Leech Seed\n|\n|-heal|p2a: Ferrothorn|98\/100|[from] item: Leftovers\n|-damage|p1a: Moltres|29\/100 tox|[from] Leech Seed|[of] p2a: Ferrothorn\n|-heal|p2a: Ferrothorn|100\/100|[silent]\n|-damage|p1a: Moltres|23\/100 tox|[from] psn\n|upkeep\n|turn|42\n|\n|t:|1700545509\n|move|p1a: Moltres|Roost|p1a: Moltres\n|-heal|p1a: Moltres|73\/100 tox\n|-singleturn|p1a: Moltres|move: Roost\n|move|p2a: Ferrothorn|Leech Seed||[still]\n|-fail|p2a: Ferrothorn\n|\n|-damage|p1a: Moltres|60\/100 tox|[from] Leech Seed|[of] p2a: Ferrothorn\n|-damage|p1a: Moltres|48\/100 tox|[from] psn\n|upkeep\n|turn|43\n|\n|t:|1700545521\n|move|p1a: Moltres|Roost|p1a: Moltres\n|-heal|p1a: Moltres|98\/100 tox\n|-singleturn|p1a: Moltres|move: Roost\n|move|p2a: Ferrothorn|Leech Seed||[still]\n|-fail|p2a: Ferrothorn\n|\n|-damage|p1a: Moltres|85\/100 tox|[from] Leech Seed|[of] p2a: Ferrothorn\n|-damage|p1a: Moltres|66\/100 tox|[from] psn\n|upkeep\n|turn|44\n|\n|t:|1700545535\n|switch|p1a: Urshifu|Urshifu-Rapid-Strike, M|52\/100\n|move|p2a: Ferrothorn|Leech Seed|p1a: Urshifu\n|-start|p1a: Urshifu|move: Leech Seed\n|\n|-damage|p1a: Urshifu|39\/100|[from] Leech Seed|[of] p2a: Ferrothorn\n|upkeep\n|turn|45\n|\n|t:|1700545544\n|switch|p2a: Moltres|Moltres|91\/100\n|move|p1a: Urshifu|Close Combat|p2a: Moltres\n|-resisted|p2a: Moltres\n|-damage|p2a: Moltres|64\/100\n|-unboost|p1a: Urshifu|def|1\n|-unboost|p1a: Urshifu|spd|1\n|\n|-damage|p1a: Urshifu|27\/100|[from] Leech Seed|[of] p2a: Moltres\n|-heal|p2a: Moltres|75\/100|[silent]\n|upkeep\n|turn|46\n|\n|t:|1700545561\n|switch|p1a: Greninja|Greninja, M, tera:Water|18\/100\n|switch|p2a: Alomomola|Alomomola, F|86\/100\n|\n|upkeep\n|turn|47\n|\n|t:|1700545573\n|move|p1a: Greninja|Dark Pulse|p2a: Alomomola\n|-damage|p2a: Alomomola|37\/100\n|move|p2a: Alomomola|Toxic|p1a: Greninja\n|-status|p1a: Greninja|tox\n|\n|-damage|p1a: Greninja|12\/100 tox|[from] psn\n|upkeep\n|turn|48\n|\n|t:|1700545583\n|move|p2a: Alomomola|Protect|p2a: Alomomola\n|-singleturn|p2a: Alomomola|Protect\n|move|p1a: Greninja|Dark Pulse|p2a: Alomomola\n|-activate|p2a: Alomomola|move: Protect\n|\n|-damage|p1a: Greninja|0 fnt|[from] psn\n|faint|p1a: Greninja\n|upkeep\n|\n|t:|1700545594\n|switch|p1a: Barraskewda|Barraskewda, M|72\/100\n|turn|49\n|\n|t:|1700545606\n|switch|p2a: Moltres|Moltres|75\/100\n|move|p1a: Barraskewda|Close Combat|p2a: Moltres\n|-resisted|p2a: Moltres\n|-damage|p2a: Moltres|52\/100\n|-unboost|p1a: Barraskewda|def|1\n|-unboost|p1a: Barraskewda|spd|1\n|\n|upkeep\n|turn|50\n|\n|t:|1700545623\n|switch|p1a: Moltres|Moltres|66\/100 tox\n|move|p2a: Moltres|Roost|p2a: Moltres\n|-heal|p2a: Moltres|100\/100\n|-singleturn|p2a: Moltres|move: Roost\n|\n|-damage|p1a: Moltres|60\/100 tox|[from] psn\n|upkeep\n|turn|51\n|\n|t:|1700545634\n|move|p2a: Moltres|Mystical Fire|p1a: Moltres\n|-resisted|p1a: Moltres\n|-damage|p1a: Moltres|45\/100 tox\n|-unboost|p1a: Moltres|spa|1\n|move|p1a: Moltres|Roost|p1a: Moltres\n|-heal|p1a: Moltres|95\/100 tox\n|-singleturn|p1a: Moltres|move: Roost\n|\n|-damage|p1a: Moltres|82\/100 tox|[from] psn\n|upkeep\n|turn|52\n|\n|t:|1700545654\n|switch|p2a: Alomomola|Alomomola, F|70\/100\n|move|p1a: Moltres|U-turn|p2a: Alomomola\n|-damage|p2a: Alomomola|60\/100\n|\n|t:|1700545661\n|switch|p1a: Urshifu|Urshifu-Rapid-Strike, M|27\/100|[from] U-turn\n|\n|upkeep\n|turn|53\n|\n|t:|1700545669\n|switch|p2a: Moltres|Moltres|100\/100\n|move|p1a: Urshifu|Close Combat|p2a: Moltres\n|-resisted|p2a: Moltres\n|-damage|p2a: Moltres|77\/100\n|-unboost|p1a: Urshifu|def|1\n|-unboost|p1a: Urshifu|spd|1\n|\n|upkeep\n|turn|54\n|\n|t:|1700545681\n|switch|p1a: Moltres|Moltres|82\/100 tox\n|move|p2a: Moltres|Hurricane|p1a: Moltres|[miss]\n|-miss|p2a: Moltres|p1a: Moltres\n|\n|-damage|p1a: Moltres|76\/100 tox|[from] psn\n|upkeep\n|turn|55\n|\n|t:|1700545701\n|switch|p2a: Alomomola|Alomomola, F|94\/100\n|move|p1a: Moltres|Hurricane|p2a: Alomomola|[miss]\n|-miss|p1a: Moltres|p2a: Alomomola\n|\n|-damage|p1a: Moltres|64\/100 tox|[from] psn\n|upkeep\n|turn|56\n|\n|t:|1700545715\n|move|p1a: Moltres|U-turn|p2a: Alomomola\n|-damage|p2a: Alomomola|85\/100\n|\n|t:|1700545719\n|switch|p1a: Barraskewda|Barraskewda, M|72\/100|[from] U-turn\n|move|p2a: Alomomola|Flip Turn|p1a: Barraskewda\n|-resisted|p1a: Barraskewda\n|-damage|p1a: Barraskewda|55\/100\n|\n|t:|1700545730\n|switch|p2a: Moltres|Moltres|77\/100|[from] Flip Turn\n|\n|upkeep\n|turn|57\n|\n|t:|1700545736\n|switch|p2a: Alomomola|Alomomola, F|100\/100\n|move|p1a: Barraskewda|Close Combat|p2a: Alomomola\n|-damage|p2a: Alomomola|61\/100\n|-unboost|p1a: Barraskewda|def|1\n|-unboost|p1a: Barraskewda|spd|1\n|\n|upkeep\n|turn|58\n|\n|t:|1700545747\n|switch|p1a: Moltres|Moltres|64\/100 tox\n|move|p2a: Alomomola|Wish|p2a: Alomomola\n|\n|-damage|p1a: Moltres|57\/100 tox|[from] psn\n|upkeep\n|turn|59\n|\n|t:|1700545756\n|move|p1a: Moltres|Hurricane|p2a: Alomomola\n|-crit|p2a: Alomomola\n|-damage|p2a: Alomomola|5\/100\n|-start|p2a: Alomomola|confusion\n|-activate|p2a: Alomomola|confusion\n|move|p2a: Alomomola|Toxic|p1a: Moltres\n|-fail|p1a: Moltres|tox\n|\n|-heal|p2a: Alomomola|55\/100|[from] move: Wish|[wisher] Alomomola\n|-damage|p1a: Moltres|45\/100 tox|[from] psn\n|upkeep\n|turn|60\n|\n|t:|1700545769\n|switch|p2a: Moltres|Moltres|77\/100\n|move|p1a: Moltres|Hurricane|p2a: Moltres\n|-damage|p2a: Moltres|30\/100\n|\n|-damage|p1a: Moltres|26\/100 tox|[from] psn\n|upkeep\n|turn|61\n|\n|t:|1700545778\n|move|p2a: Moltres|Roost|p2a: Moltres\n|-heal|p2a: Moltres|80\/100\n|-singleturn|p2a: Moltres|move: Roost\n|move|p1a: Moltres|Hurricane|p2a: Moltres|[miss]\n|-miss|p1a: Moltres|p2a: Moltres\n|\n|-damage|p1a: Moltres|1\/100 tox|[from] psn\n|upkeep\n|turn|62\n|\n|t:|1700545788\n|move|p2a: Moltres|Mystical Fire|p1a: Moltres\n|-resisted|p1a: Moltres\n|-damage|p1a: Moltres|0 fnt\n|faint|p1a: Moltres\n|\n|upkeep\n|\n|t:|1700545794\n|switch|p1a: Barraskewda|Barraskewda, M|55\/100\n|turn|63\n|\n|t:|1700545799\n|switch|p2a: Alomomola|Alomomola, F|88\/100\n|move|p1a: Barraskewda|Flip Turn|p2a: Alomomola\n|-resisted|p2a: Alomomola\n|-damage|p2a: Alomomola|74\/100\n|-message|flagScor forfeited.\n|\n|win|Richie2016\n|raw|flagScor's rating: 1298 &rarr; <strong>1278<\/strong><br \/>(-20 for losing)\n|raw|Richie2016's rating: 1372 &rarr; <strong>1388<\/strong><br \/>(+16 for winning)\n|l|\u2606flagScor\n","uploadtime":1700545811,"views":2,"p1id":"flagscor","p2id":"richie2016","formatid":"gen9nationaldex","rating":1278,"private":0,"password":""}