{"id":"gen9nationaldex-1995671436","p1":"Afogomorn","p2":"ghostkinggengar","format":"[Gen 9] National Dex","log":"|html|<div class=\"broadcast-blue\"><strong>[Gen 9] National Dex is currently suspecting Sneasler! For information on how to participate check out the <a href=\"https:\/\/www.smogon.com\/forums\/threads\/sv-national-dex-suspect-8-just-dance.3731534\/\">suspect thread<\/a>.<\/strong><\/div>\n|j|\u2606Afogomorn\n|j|\u2606ghostkinggengar\n|t:|1700592601\n|gametype|singles\n|player|p1|Afogomorn|169|1619\n|player|p2|ghostkinggengar|swimmerf|1715\n|teamsize|p1|6\n|teamsize|p2|6\n|gen|9\n|tier|[Gen 9] National Dex\n|rated|\n|rule|HP Percentage Mod: HP is shown in percentages\n|rule|Endless Battle Clause: Forcing endless battles is banned\n|rule|OHKO Clause: OHKO moves are banned\n|rule|Evasion Clause: Evasion abilities, items, and moves are banned\n|rule|Evasion Abilities Clause: Evasion abilities are banned\n|rule|Evasion Items Clause: Evasion items are banned\n|rule|Evasion Moves Clause: Evasion moves are banned\n|rule|Species Clause: Limit one of each Pok\u00e9mon\n|rule|Sleep Clause Mod: Limit one foe put to sleep\n|clearpoke\n|poke|p1|Pinsir, M|\n|poke|p1|Ribombee, M|\n|poke|p1|Samurott-Hisui, F|\n|poke|p1|Keldeo-Resolute|\n|poke|p1|Kartana|\n|poke|p1|Great Tusk|\n|poke|p2|Slowbro, M|\n|poke|p2|Ursaluna, F|\n|poke|p2|Blacephalon|\n|poke|p2|Gyarados, F|\n|poke|p2|Empoleon, M|\n|poke|p2|Garchomp, M|\n|teampreview\n|inactive|Battle timer is ON: inactive players will automatically lose when time's up. (requested by ghostkinggengar)\n|\n|t:|1700592622\n|start\n|switch|p1a: Ribombee|Ribombee, M|100\/100\n|switch|p2a: Blacephalon|Blacephalon|100\/100\n|turn|1\n|\n|t:|1700592630\n|move|p2a: Blacephalon|Flamethrower|p1a: Ribombee\n|-supereffective|p1a: Ribombee\n|-enditem|p1a: Ribombee|Focus Sash\n|-damage|p1a: Ribombee|1\/100\n|move|p1a: Ribombee|Stun Spore|p2a: Blacephalon|[miss]\n|-miss|p1a: Ribombee|p2a: Blacephalon\n|\n|upkeep\n|turn|2\n|\n|t:|1700592645\n|switch|p1a: Keldeo|Keldeo-Resolute|100\/100\n|move|p2a: Blacephalon|Flamethrower|p1a: Keldeo\n|-resisted|p1a: Keldeo\n|-damage|p1a: Keldeo|73\/100\n|\n|-heal|p1a: Keldeo|79\/100|[from] item: Leftovers\n|upkeep\n|turn|3\n|\n|t:|1700592655\n|switch|p2a: Gyarados|Gyarados, F|100\/100\n|-ability|p2a: Gyarados|Intimidate|boost\n|-unboost|p1a: Keldeo|atk|1\n|move|p1a: Keldeo|Calm Mind|p1a: Keldeo\n|-boost|p1a: Keldeo|spa|1\n|-boost|p1a: Keldeo|spd|1\n|\n|-heal|p1a: Keldeo|85\/100|[from] item: Leftovers\n|upkeep\n|turn|4\n|\n|t:|1700592663\n|move|p1a: Keldeo|Taunt|p2a: Gyarados\n|-start|p2a: Gyarados|move: Taunt\n|cant|p2a: Gyarados|move: Taunt|Dragon Dance\n|\n|-heal|p1a: Keldeo|91\/100|[from] item: Leftovers\n|upkeep\n|turn|5\n|\n|t:|1700592670\n|switch|p2a: Slowbro|Slowbro, M|100\/100\n|move|p1a: Keldeo|Calm Mind|p1a: Keldeo\n|-boost|p1a: Keldeo|spa|1\n|-boost|p1a: Keldeo|spd|1\n|\n|-heal|p1a: Keldeo|97\/100|[from] item: Leftovers\n|upkeep\n|turn|6\n|\n|t:|1700592679\n|move|p1a: Keldeo|Taunt|p2a: Slowbro\n|-start|p2a: Slowbro|move: Taunt\n|cant|p2a: Slowbro|move: Taunt|Trick Room\n|\n|-heal|p1a: Keldeo|100\/100|[from] item: Leftovers\n|upkeep\n|turn|7\n|\n|t:|1700592684\n|move|p1a: Keldeo|Calm Mind|p1a: Keldeo\n|-boost|p1a: Keldeo|spa|1\n|-boost|p1a: Keldeo|spd|1\n|move|p2a: Slowbro|Future Sight|p1a: Keldeo\n|-start|p2a: Slowbro|move: Future Sight\n|\n|upkeep\n|turn|8\n|\n|t:|1700592697\n|switch|p2a: Blacephalon|Blacephalon|100\/100\n|-terastallize|p1a: Keldeo|Steel\n|move|p1a: Keldeo|Calm Mind|p1a: Keldeo\n|-boost|p1a: Keldeo|spa|1\n|-boost|p1a: Keldeo|spd|1\n|\n|upkeep\n|turn|9\n|\n|t:|1700592704\n|move|p2a: Blacephalon|Trick|p1a: Keldeo\n|-activate|p2a: Blacephalon|move: Trick|[of] p1a: Keldeo\n|-item|p1a: Keldeo|Choice Scarf|[from] move: Trick\n|-item|p2a: Blacephalon|Leftovers|[from] move: Trick\n|move|p1a: Keldeo|Surf|p2a: Blacephalon\n|-supereffective|p2a: Blacephalon\n|-damage|p2a: Blacephalon|0 fnt\n|faint|p2a: Blacephalon\n|\n|-end|p1a: Keldeo|move: Future Sight\n|-resisted|p1a: Keldeo\n|-damage|p1a: Keldeo|93\/100\n|upkeep\n|j| elvisma\n|\n|t:|1700592726\n|switch|p2a: Slowbro|Slowbro, M|100\/100\n|turn|10\n|\n|t:|1700592729\n|move|p1a: Keldeo|Surf|p2a: Slowbro\n|-resisted|p2a: Slowbro\n|-damage|p2a: Slowbro|31\/100\n|move|p2a: Slowbro|Trick Room|p2a: Slowbro\n|-fieldstart|move: Trick Room|[of] p2a: Slowbro\n|\n|upkeep\n|turn|11\n|\n|t:|1700592751\n|switch|p2a: Garchomp|Garchomp, M|100\/100\n|move|p1a: Keldeo|Surf|p2a: Garchomp\n|-damage|p2a: Garchomp|0 fnt\n|faint|p2a: Garchomp\n|\n|upkeep\n|\n|t:|1700592754\n|switch|p2a: Ursaluna|Ursaluna, F|100\/100\n|turn|12\n|\n|t:|1700592764\n|switch|p1a: Ribombee|Ribombee, M|1\/100\n|move|p2a: Ursaluna|Headlong Rush|p1a: Ribombee\n|-resisted|p1a: Ribombee\n|-damage|p1a: Ribombee|0 fnt\n|-unboost|p2a: Ursaluna|def|1\n|-unboost|p2a: Ursaluna|spd|1\n|faint|p1a: Ribombee\n|\n|-status|p2a: Ursaluna|brn|[from] item: Flame Orb\n|upkeep\n|\n|t:|1700592777\n|switch|p1a: Pinsir|Pinsir, M|100\/100\n|turn|13\n|\n|t:|1700592785\n|switch|p1a: Great Tusk|Great Tusk|100\/100\n|move|p2a: Ursaluna|Facade|p1a: Great Tusk\n|-damage|p1a: Great Tusk|16\/100\n|\n|-damage|p2a: Ursaluna|94\/100 brn|[from] brn\n|upkeep\n|turn|14\n|\n|t:|1700592797\n|-end|p1a: Great Tusk|Protosynthesis|[silent]\n|switch|p1a: Kartana|Kartana|100\/100\n|move|p2a: Ursaluna|Facade|p1a: Kartana\n|-resisted|p1a: Kartana\n|-crit|p1a: Kartana\n|-damage|p1a: Kartana|0 fnt\n|faint|p1a: Kartana\n|\n|-damage|p2a: Ursaluna|88\/100 brn|[from] brn\n|-fieldend|move: Trick Room\n|upkeep\n|\n|t:|1700592811\n|switch|p1a: Great Tusk|Great Tusk|16\/100\n|turn|15\n|\n|t:|1700592818\n|switch|p2a: Gyarados|Gyarados, F|100\/100\n|-ability|p2a: Gyarados|Intimidate|boost\n|-unboost|p1a: Great Tusk|atk|1\n|move|p1a: Great Tusk|Headlong Rush|p2a: Gyarados\n|-immune|p2a: Gyarados\n|\n|upkeep\n|turn|16\n|\n|t:|1700592830\n|-end|p1a: Great Tusk|Protosynthesis|[silent]\n|switch|p1a: Samurott|Samurott-Hisui, F|100\/100\n|move|p2a: Gyarados|Dragon Dance|p2a: Gyarados\n|-boost|p2a: Gyarados|atk|1\n|-boost|p2a: Gyarados|spe|1\n|\n|upkeep\n|turn|17\n|\n|t:|1700592837\n|detailschange|p2a: Gyarados|Gyarados-Mega, F\n|-mega|p2a: Gyarados|Gyarados|Gyaradosite\n|-ability|p2a: Gyarados|Mold Breaker\n|move|p2a: Gyarados|Dragon Dance|p2a: Gyarados\n|-boost|p2a: Gyarados|atk|1\n|-boost|p2a: Gyarados|spe|1\n|move|p1a: Samurott|Ceaseless Edge|p2a: Gyarados\n|-resisted|p2a: Gyarados\n|-damage|p2a: Gyarados|72\/100\n|-sidestart|p2: ghostkinggengar|Spikes\n|-damage|p1a: Samurott|91\/100|[from] item: Life Orb\n|\n|upkeep\n|turn|18\n|\n|t:|1700592847\n|move|p2a: Gyarados|Waterfall|p1a: Samurott\n|-resisted|p1a: Samurott\n|-damage|p1a: Samurott|33\/100\n|move|p1a: Samurott|Sacred Sword|p2a: Gyarados\n|-supereffective|p2a: Gyarados\n|-damage|p2a: Gyarados|0 fnt\n|faint|p2a: Gyarados\n|-damage|p1a: Samurott|23\/100|[from] item: Life Orb\n|\n|upkeep\n|\n|t:|1700592853\n|switch|p2a: Slowbro|Slowbro, M|64\/100\n|-damage|p2a: Slowbro|52\/100|[from] Spikes\n|turn|19\n|\n|t:|1700592860\n|-terastallize|p2a: Slowbro|Fairy\n|move|p1a: Samurott|Taunt|p2a: Slowbro\n|-start|p2a: Slowbro|move: Taunt\n|cant|p2a: Slowbro|move: Taunt|Trick Room\n|\n|upkeep\n|turn|20\n|\n|t:|1700592867\n|switch|p2a: Empoleon|Empoleon, M|100\/100\n|-damage|p2a: Empoleon|88\/100|[from] Spikes\n|move|p1a: Samurott|Razor Shell|p2a: Empoleon|[miss]\n|-miss|p1a: Samurott|p2a: Empoleon\n|\n|-heal|p2a: Empoleon|94\/100|[from] item: Leftovers\n|upkeep\n|turn|21\n|\n|t:|1700592875\n|move|p1a: Samurott|Sacred Sword|p2a: Empoleon\n|-supereffective|p2a: Empoleon\n|-damage|p2a: Empoleon|0 fnt\n|faint|p2a: Empoleon\n|-damage|p1a: Samurott|13\/100|[from] item: Life Orb\n|\n|upkeep\n|\n|t:|1700592879\n|switch|p2a: Slowbro|Slowbro, M, tera:Fairy|85\/100\n|-damage|p2a: Slowbro|73\/100|[from] Spikes\n|turn|22\n|\n|t:|1700592885\n|move|p1a: Samurott|Taunt|p2a: Slowbro\n|-start|p2a: Slowbro|move: Taunt\n|move|p2a: Slowbro|Scald|p1a: Samurott\n|-resisted|p1a: Samurott\n|-damage|p1a: Samurott|0 fnt\n|faint|p1a: Samurott\n|\n|upkeep\n|\n|t:|1700592896\n|switch|p1a: Keldeo|Keldeo-Resolute, tera:Steel|93\/100\n|turn|23\n|j| YJLF2\n|\n|t:|1700592903\n|move|p1a: Keldeo|Calm Mind|p1a: Keldeo\n|-boost|p1a: Keldeo|spa|1\n|-boost|p1a: Keldeo|spd|1\n|move|p2a: Slowbro|Scald|p1a: Keldeo\n|-damage|p1a: Keldeo|72\/100\n|\n|upkeep\n|turn|24\n|\n|t:|1700592909\n|move|p1a: Keldeo|Calm Mind|p1a: Keldeo\n|-boost|p1a: Keldeo|spa|1\n|-boost|p1a: Keldeo|spd|1\n|move|p2a: Slowbro|Scald|p1a: Keldeo\n|-damage|p1a: Keldeo|55\/100\n|\n|-end|p2a: Slowbro|move: Taunt\n|upkeep\n|turn|25\n|-message|Afogomorn forfeited.\n|\n|win|ghostkinggengar\n|raw|Afogomorn's rating: 1619 &rarr; <strong>1604<\/strong><br \/>(-15 for losing)\n|raw|ghostkinggengar's rating: 1715 &rarr; <strong>1730<\/strong><br \/>(+15 for winning)\n|l|\u2606Afogomorn\n","uploadtime":1700592923,"views":0,"p1id":"afogomorn","p2id":"ghostkinggengar","formatid":"gen9nationaldex","rating":1604,"private":0,"password":""}