{"id":"gen9nationaldex-1995537162","p1":"Esio00","p2":"PANDODEEEEZ","format":"[Gen 9] National Dex","log":"|html|<div class=\"broadcast-blue\"><strong>[Gen 9] National Dex is currently suspecting Sneasler! For information on how to participate check out the <a href=\"https:\/\/www.smogon.com\/forums\/threads\/sv-national-dex-suspect-8-just-dance.3731534\/\">suspect thread<\/a>.<\/strong><\/div>\n|j|\u2606Esio00\n|j|\u2606PANDODEEEEZ\n|t:|1700580879\n|gametype|singles\n|player|p1|Esio00|janitor|1124\n|player|p2|PANDODEEEEZ|chef|1146\n|teamsize|p1|6\n|teamsize|p2|6\n|gen|9\n|tier|[Gen 9] National Dex\n|rated|\n|rule|HP Percentage Mod: HP is shown in percentages\n|rule|Endless Battle Clause: Forcing endless battles is banned\n|rule|OHKO Clause: OHKO moves are banned\n|rule|Evasion Clause: Evasion abilities, items, and moves are banned\n|rule|Evasion Abilities Clause: Evasion abilities are banned\n|rule|Evasion Items Clause: Evasion items are banned\n|rule|Evasion Moves Clause: Evasion moves are banned\n|rule|Species Clause: Limit one of each Pok\u00e9mon\n|rule|Sleep Clause Mod: Limit one foe put to sleep\n|clearpoke\n|poke|p1|Decidueye, M|\n|poke|p1|Gumshoos, M|\n|poke|p1|Salazzle, F|\n|poke|p1|Minior-Violet|\n|poke|p1|Golisopod, M|\n|poke|p1|Drampa, M|\n|poke|p2|Avalugg, F|\n|poke|p2|Hydreigon, F|\n|poke|p2|Blaziken, F|\n|poke|p2|Garganacl, M|\n|poke|p2|Aegislash, M|\n|poke|p2|Necrozma|\n|teampreview\n|inactive|Battle timer is ON: inactive players will automatically lose when time's up. (requested by PANDODEEEEZ)\n|\n|t:|1700580898\n|start\n|switch|p1a: Yoko|Decidueye, M|100\/100\n|switch|p2a: Garganacl|Garganacl, M|100\/100\n|turn|1\n|\n|t:|1700580911\n|move|p1a: Yoko|Swords Dance|p1a: Yoko\n|-boost|p1a: Yoko|atk|2\n|move|p2a: Garganacl|Stealth Rock|p1a: Yoko\n|-sidestart|p1: Esio00|move: Stealth Rock\n|\n|upkeep\n|turn|2\n|\n|t:|1700580916\n|move|p1a: Yoko|Leaf Blade|p2a: Garganacl\n|-supereffective|p2a: Garganacl\n|-damage|p2a: Garganacl|21\/100\n|move|p2a: Garganacl|Salt Cure|p1a: Yoko\n|-damage|p1a: Yoko|79\/100\n|-start|p1a: Yoko|Salt Cure\n|\n|-heal|p2a: Garganacl|27\/100|[from] item: Leftovers\n|-damage|p1a: Yoko|67\/100|[from] Salt Cure\n|upkeep\n|turn|3\n|\n|t:|1700580934\n|switch|p2a: Blaziken|Blaziken, F|100\/100\n|move|p1a: Yoko|Leaf Blade|p2a: Blaziken\n|-resisted|p2a: Blaziken\n|-damage|p2a: Blaziken|40\/100\n|\n|-damage|p1a: Yoko|54\/100|[from] Salt Cure\n|upkeep\n|turn|4\n|\n|t:|1700580955\n|move|p1a: Yoko|Shadow Sneak|p2a: Blaziken\n|-damage|p2a: Blaziken|0 fnt\n|faint|p2a: Blaziken\n|\n|-damage|p1a: Yoko|42\/100|[from] Salt Cure\n|upkeep\n|\n|t:|1700580961\n|switch|p2a: Hydreigon|Hydreigon, F|100\/100\n|turn|5\n|\n|t:|1700580975\n|-terastallize|p1a: Yoko|Fairy\n|move|p2a: Hydreigon|Dark Pulse|p1a: Yoko\n|-resisted|p1a: Yoko\n|-damage|p1a: Yoko|21\/100\n|move|p1a: Yoko|Leaf Blade|p2a: Hydreigon\n|-resisted|p2a: Hydreigon\n|-damage|p2a: Hydreigon|53\/100\n|\n|-damage|p1a: Yoko|8\/100|[from] Salt Cure\n|upkeep\n|turn|6\n|\n|t:|1700580993\n|move|p1a: Yoko|Shadow Sneak|p2a: Hydreigon\n|-resisted|p2a: Hydreigon\n|-damage|p2a: Hydreigon|32\/100\n|move|p2a: Hydreigon|U-turn|p1a: Yoko\n|-resisted|p1a: Yoko\n|-damage|p1a: Yoko|0 fnt\n|faint|p1a: Yoko\n|\n|t:|1700580997\n|switch|p2a: Garganacl|Garganacl, M|27\/100|[from] U-turn\n|\n|-heal|p2a: Garganacl|34\/100|[from] item: Leftovers\n|upkeep\n|\n|t:|1700581009\n|switch|p1a: Cigarro|Minior-Violet|100\/100\n|-damage|p1a: Cigarro|76\/100|[from] Stealth Rock\n|-formechange|p1a: Cigarro|Minior-Meteor||[from] ability: Shields Down\n|turn|7\n|\n|t:|1700581013\n|move|p1a: Cigarro|Shell Smash|p1a: Cigarro\n|-unboost|p1a: Cigarro|def|1\n|-unboost|p1a: Cigarro|spd|1\n|-boost|p1a: Cigarro|atk|2\n|-boost|p1a: Cigarro|spa|2\n|-boost|p1a: Cigarro|spe|2\n|-enditem|p1a: Cigarro|White Herb\n|-clearnegativeboost|p1a: Cigarro|[silent]\n|move|p2a: Garganacl|Recover|p2a: Garganacl\n|-heal|p2a: Garganacl|84\/100\n|\n|-heal|p2a: Garganacl|90\/100|[from] item: Leftovers\n|upkeep\n|turn|8\n|\n|t:|1700581018\n|move|p1a: Cigarro|Earthquake|p2a: Garganacl\n|-supereffective|p2a: Garganacl\n|-damage|p2a: Garganacl|42\/100\n|move|p2a: Garganacl|Salt Cure|p1a: Cigarro\n|-supereffective|p1a: Cigarro\n|-damage|p1a: Cigarro|33\/100\n|-start|p1a: Cigarro|Salt Cure\n|\n|-heal|p2a: Garganacl|48\/100|[from] item: Leftovers\n|-damage|p1a: Cigarro|21\/100|[from] Salt Cure\n|-formechange|p1a: Cigarro|Minior-Violet||[from] ability: Shields Down\n|upkeep\n|turn|9\n|\n|t:|1700581023\n|switch|p2a: Hydreigon|Hydreigon, F|32\/100\n|move|p1a: Cigarro|Earthquake|p2a: Hydreigon\n|-immune|p2a: Hydreigon|[from] ability: Levitate\n|\n|-damage|p1a: Cigarro|9\/100|[from] Salt Cure\n|upkeep\n|turn|10\n|\n|t:|1700581026\n|switch|p2a: Garganacl|Garganacl, M|48\/100\n|move|p1a: Cigarro|Acrobatics|p2a: Garganacl\n|-resisted|p2a: Garganacl\n|-damage|p2a: Garganacl|22\/100\n|\n|-heal|p2a: Garganacl|28\/100|[from] item: Leftovers\n|-damage|p1a: Cigarro|0 fnt|[from] Salt Cure\n|faint|p1a: Cigarro\n|upkeep\n|\n|t:|1700581035\n|switch|p1a: Fimosote|Golisopod, M|100\/100\n|-damage|p1a: Fimosote|76\/100|[from] Stealth Rock\n|turn|11\n|\n|t:|1700581044\n|move|p1a: Fimosote|Liquidation|p2a: Garganacl\n|-supereffective|p2a: Garganacl\n|-damage|p2a: Garganacl|0 fnt\n|faint|p2a: Garganacl\n|\n|upkeep\n|inactive|PANDODEEEEZ has 120 seconds left.\n|\n|t:|1700581077\n|switch|p2a: Aegislash|Aegislash, M|100\/100\n|turn|12\n|\n|t:|1700581082\n|-formechange|p2a: Aegislash|Aegislash-Blade||[from] ability: Stance Change\n|move|p2a: Aegislash|Air Slash|p1a: Fimosote\n|-supereffective|p1a: Fimosote\n|-damage|p1a: Fimosote|0 fnt\n|faint|p1a: Fimosote\n|\n|upkeep\n|\n|t:|1700581092\n|switch|p1a: DonSemendo|Gumshoos, M|100\/100\n|-damage|p1a: DonSemendo|88\/100|[from] Stealth Rock\n|turn|13\n|\n|t:|1700581112\n|switch|p2a: Avalugg|Avalugg, F|100\/100\n|move|p1a: DonSemendo|Earthquake|p2a: Avalugg\n|-damage|p2a: Avalugg|86\/100\n|\n|-heal|p1a: DonSemendo|94\/100|[from] item: Leftovers\n|-heal|p2a: Avalugg|92\/100|[from] item: Leftovers\n|upkeep\n|turn|14\n|\n|t:|1700581122\n|move|p1a: DonSemendo|Tera Blast|p2a: Avalugg\n|-damage|p2a: Avalugg|53\/100\n|move|p2a: Avalugg|Body Press|p1a: DonSemendo\n|-supereffective|p1a: DonSemendo\n|-damage|p1a: DonSemendo|0 fnt\n|faint|p1a: DonSemendo\n|\n|-heal|p2a: Avalugg|59\/100|[from] item: Leftovers\n|upkeep\n|\n|t:|1700581125\n|switch|p1a: Onigiri|Salazzle, F|100\/100\n|-damage|p1a: Onigiri|76\/100|[from] Stealth Rock\n|turn|15\n|\n|t:|1700581146\n|switch|p2a: Hydreigon|Hydreigon, F|32\/100\n|move|p1a: Onigiri|Substitute|p1a: Onigiri\n|-start|p1a: Onigiri|Substitute\n|-damage|p1a: Onigiri|51\/100\n|\n|-heal|p1a: Onigiri|57\/100|[from] item: Black Sludge\n|upkeep\n|turn|16\n|\n|t:|1700581148\n|move|p1a: Onigiri|Toxic|p2a: Hydreigon\n|-status|p2a: Hydreigon|tox\n|move|p2a: Hydreigon|Dark Pulse|p1a: Onigiri\n|-end|p1a: Onigiri|Substitute\n|\n|-heal|p1a: Onigiri|63\/100|[from] item: Black Sludge\n|-damage|p2a: Hydreigon|26\/100 tox|[from] psn\n|upkeep\n|turn|17\n|\n|t:|1700581163\n|move|p1a: Onigiri|Protect|p1a: Onigiri\n|-singleturn|p1a: Onigiri|Protect\n|move|p2a: Hydreigon|Dark Pulse|p1a: Onigiri\n|-activate|p1a: Onigiri|move: Protect\n|\n|-heal|p1a: Onigiri|70\/100|[from] item: Black Sludge\n|-damage|p2a: Hydreigon|14\/100 tox|[from] psn\n|upkeep\n|turn|18\n|\n|t:|1700581170\n|move|p1a: Onigiri|Flamethrower|p2a: Hydreigon\n|-resisted|p2a: Hydreigon\n|-damage|p2a: Hydreigon|0 fnt\n|faint|p2a: Hydreigon\n|\n|-heal|p1a: Onigiri|76\/100|[from] item: Black Sludge\n|upkeep\n|\n|t:|1700581182\n|switch|p2a: Necrozma|Necrozma|100\/100\n|turn|19\n|\n|t:|1700581187\n|move|p1a: Onigiri|Protect|p1a: Onigiri\n|-singleturn|p1a: Onigiri|Protect\n|move|p2a: Necrozma|Earthquake|p1a: Onigiri\n|-activate|p1a: Onigiri|move: Protect\n|\n|-heal|p1a: Onigiri|82\/100|[from] item: Black Sludge\n|upkeep\n|turn|20\n|\n|t:|1700581193\n|switch|p1a: G\u00fcelu|Drampa, M|100\/100\n|-damage|p1a: G\u00fcelu|88\/100|[from] Stealth Rock\n|move|p2a: Necrozma|Photon Geyser|p1a: G\u00fcelu\n|-damage|p1a: G\u00fcelu|26\/100\n|-ability|p1a: G\u00fcelu|Berserk|boost\n|-boost|p1a: G\u00fcelu|spa|1\n|\n|-heal|p1a: G\u00fcelu|32\/100|[from] item: Leftovers\n|upkeep\n|turn|21\n|\n|t:|1700581197\n|move|p2a: Necrozma|Photon Geyser|p1a: G\u00fcelu\n|-damage|p1a: G\u00fcelu|0 fnt\n|faint|p1a: G\u00fcelu\n|\n|upkeep\n|-message|Esio00 forfeited.\n|\n|win|PANDODEEEEZ\n|raw|Esio00's rating: 1124 &rarr; <strong>1101<\/strong><br \/>(-23 for losing)\n|raw|PANDODEEEEZ's rating: 1146 &rarr; <strong>1169<\/strong><br \/>(+23 for winning)\n|l|\u2606Esio00\n","uploadtime":1700581204,"views":0,"p1id":"esio00","p2id":"pandodeeeez","formatid":"gen9nationaldex","rating":1101,"private":0,"password":""}