{"id":"gen9nationaldex-1993479838","p1":"lordcp801","p2":"luyoujie01","format":"[Gen 9] National Dex","log":"|j|\u2606lordcp801\n|j|\u2606luyoujie01\n|t:|1700322923\n|gametype|singles\n|player|p1|lordcp801|silver|1093\n|player|p2|luyoujie01|nate|1171\n|teamsize|p1|6\n|teamsize|p2|6\n|gen|9\n|tier|[Gen 9] National Dex\n|rated|\n|rule|HP Percentage Mod: HP is shown in percentages\n|rule|Endless Battle Clause: Forcing endless battles is banned\n|rule|OHKO Clause: OHKO moves are banned\n|rule|Evasion Clause: Evasion abilities, items, and moves are banned\n|rule|Evasion Abilities Clause: Evasion abilities are banned\n|rule|Evasion Items Clause: Evasion items are banned\n|rule|Evasion Moves Clause: Evasion moves are banned\n|rule|Species Clause: Limit one of each Pok\u00e9mon\n|rule|Sleep Clause Mod: Limit one foe put to sleep\n|clearpoke\n|poke|p1|Electivire, M|\n|poke|p1|Rillaboom, M|\n|poke|p1|Garchomp, F|\n|poke|p1|Medicham, F|\n|poke|p1|Heatran, M|\n|poke|p1|Corviknight, F|\n|poke|p2|Beedrill, M|\n|poke|p2|Tapu Lele|\n|poke|p2|Excadrill, M|\n|poke|p2|Moltres|\n|poke|p2|Drampa, M|\n|poke|p2|Great Tusk|\n|teampreview\n|inactive|Battle timer is ON: inactive players will automatically lose when time's up. (requested by lordcp801)\n|\n|t:|1700322944\n|start\n|switch|p1a: Garchomp|Garchomp, F|100\/100\n|switch|p2a: Tapu Lele|Tapu Lele|100\/100\n|-fieldstart|move: Psychic Terrain|[from] ability: Psychic Surge|[of] p2a: Tapu Lele\n|turn|1\n|\n|t:|1700322953\n|switch|p1a: Corviknight|Corviknight, F|100\/100\n|move|p2a: Tapu Lele|Moonblast|p1a: Corviknight\n|-resisted|p1a: Corviknight\n|-damage|p1a: Corviknight|82\/100\n|\n|-heal|p1a: Corviknight|88\/100|[from] item: Leftovers\n|upkeep\n|turn|2\n|\n|t:|1700322967\n|switch|p1a: Garchomp|Garchomp, F|100\/100\n|move|p2a: Tapu Lele|Thunderbolt|p1a: Garchomp\n|-immune|p1a: Garchomp\n|\n|upkeep\n|turn|3\n|\n|t:|1700322974\n|move|p1a: Garchomp|Protect|p1a: Garchomp\n|-singleturn|p1a: Garchomp|Protect\n|move|p2a: Tapu Lele|Moonblast|p1a: Garchomp\n|-activate|p1a: Garchomp|move: Protect\n|\n|upkeep\n|turn|4\n|\n|t:|1700322984\n|move|p1a: Garchomp|Stealth Rock|p2a: Tapu Lele\n|-sidestart|p2: luyoujie01|move: Stealth Rock\n|move|p2a: Tapu Lele|Moonblast|p1a: Garchomp\n|-supereffective|p1a: Garchomp\n|-damage|p1a: Garchomp|2\/100\n|\n|upkeep\n|turn|5\n|\n|t:|1700322991\n|move|p1a: Garchomp|Toxic|p2a: Tapu Lele\n|-status|p2a: Tapu Lele|tox\n|move|p2a: Tapu Lele|Moonblast|p1a: Garchomp\n|-supereffective|p1a: Garchomp\n|-damage|p1a: Garchomp|0 fnt\n|faint|p1a: Garchomp\n|\n|-damage|p2a: Tapu Lele|94\/100 tox|[from] psn\n|-fieldend|move: Psychic Terrain\n|upkeep\n|\n|t:|1700323000\n|switch|p1a: Heatran|Heatran, M|100\/100\n|turn|6\n|\n|t:|1700323016\n|switch|p2a: Drampa|Drampa, M|100\/100\n|-damage|p2a: Drampa|88\/100|[from] Stealth Rock\n|-ability|p2a: Drampa|Cloud Nine\n|move|p1a: Heatran|Eruption|p2a: Drampa\n|-resisted|p2a: Drampa\n|-damage|p2a: Drampa|50\/100\n|\n|-heal|p2a: Drampa|56\/100|[from] item: Leftovers\n|upkeep\n|turn|7\n|\n|t:|1700323028\n|switch|p1a: Corviknight|Corviknight, F|88\/100\n|move|p2a: Drampa|Surf|p1a: Corviknight\n|-damage|p1a: Corviknight|63\/100\n|\n|-heal|p1a: Corviknight|69\/100|[from] item: Leftovers\n|-heal|p2a: Drampa|62\/100|[from] item: Leftovers\n|upkeep\n|turn|8\n|\n|t:|1700323039\n|move|p1a: Corviknight|Brave Bird|p2a: Drampa\n|-damage|p2a: Drampa|15\/100\n|-damage|p1a: Corviknight|58\/100|[from] Recoil\n|move|p2a: Drampa|Glare|p1a: Corviknight\n|-status|p1a: Corviknight|par\n|\n|-heal|p1a: Corviknight|64\/100 par|[from] item: Leftovers\n|-heal|p2a: Drampa|21\/100|[from] item: Leftovers\n|upkeep\n|turn|9\n|\n|t:|1700323051\n|switch|p2a: Excadrill|Excadrill, M|100\/100\n|-damage|p2a: Excadrill|97\/100|[from] Stealth Rock\n|-ability|p2a: Excadrill|Mold Breaker\n|move|p1a: Corviknight|Roost|p1a: Corviknight\n|-heal|p1a: Corviknight|100\/100 par\n|-singleturn|p1a: Corviknight|move: Roost\n|\n|upkeep\n|turn|10\n|\n|t:|1700323063\n|switch|p1a: Rillaboom|Rillaboom, M|100\/100\n|-fieldstart|move: Grassy Terrain|[from] ability: Grassy Surge|[of] p1a: Rillaboom\n|move|p2a: Excadrill|Stealth Rock|p1a: Rillaboom\n|-sidestart|p1: lordcp801|move: Stealth Rock\n|\n|-heal|p2a: Excadrill|100\/100|[from] Grassy Terrain\n|upkeep\n|turn|11\n|\n|t:|1700323076\n|switch|p2a: Moltres|Moltres|100\/100\n|move|p1a: Rillaboom|Drain Punch|p2a: Moltres\n|-resisted|p2a: Moltres\n|-damage|p2a: Moltres|86\/100\n|-damage|p1a: Rillaboom|91\/100|[from] item: Life Orb\n|\n|-heal|p1a: Rillaboom|97\/100|[from] Grassy Terrain\n|upkeep\n|turn|12\n|\n|t:|1700323101\n|move|p1a: Rillaboom|Knock Off|p2a: Moltres\n|-damage|p2a: Moltres|48\/100\n|-enditem|p2a: Moltres|Heavy-Duty Boots|[from] move: Knock Off|[of] p1a: Rillaboom\n|-damage|p1a: Rillaboom|87\/100|[from] item: Life Orb\n|move|p2a: Moltres|Toxic|p1a: Rillaboom\n|-status|p1a: Rillaboom|tox\n|\n|-heal|p1a: Rillaboom|93\/100 tox|[from] Grassy Terrain\n|-damage|p1a: Rillaboom|87\/100 tox|[from] psn\n|upkeep\n|turn|13\n|inactive|lordcp801 has 120 seconds left.\n|\n|t:|1700323127\n|switch|p1a: Electivire|Electivire, M|100\/100\n|-damage|p1a: Electivire|88\/100|[from] Stealth Rock\n|move|p2a: Moltres|Defog|p1a: Electivire\n|-unboost|p1a: Electivire|evasion|1\n|-sideend|p1: lordcp801|Stealth Rock|[from] move: Defog|[of] p2a: Moltres\n|-sideend|p2: luyoujie01|Stealth Rock|[from] move: Defog|[of] p2a: Moltres\n|-fieldend|move: Grassy Terrain\n|\n|upkeep\n|turn|14\n|\n|t:|1700323143\n|switch|p2a: Great Tusk|Great Tusk|100\/100\n|move|p1a: Electivire|Ice Punch|p2a: Great Tusk\n|-supereffective|p2a: Great Tusk\n|-damage|p2a: Great Tusk|35\/100\n|-status|p2a: Great Tusk|frz\n|\n|upkeep\n|turn|15\n|\n|t:|1700323153\n|cant|p2a: Great Tusk|frz\n|move|p1a: Electivire|Ice Punch|p2a: Great Tusk\n|-supereffective|p2a: Great Tusk\n|-damage|p2a: Great Tusk|0 fnt\n|faint|p2a: Great Tusk\n|-end|p2a: Great Tusk|Protosynthesis|[silent]\n|\n|upkeep\n|\n|t:|1700323165\n|switch|p2a: Moltres|Moltres|48\/100\n|turn|16\n|\n|t:|1700323174\n|move|p1a: Electivire|Ice Punch|p2a: Moltres\n|-damage|p2a: Moltres|10\/100\n|move|p2a: Moltres|Roost|p2a: Moltres\n|-heal|p2a: Moltres|60\/100\n|-singleturn|p2a: Moltres|move: Roost\n|\n|upkeep\n|turn|17\n|\n|t:|1700323182\n|move|p1a: Electivire|Ice Punch|p2a: Moltres\n|-crit|p2a: Moltres\n|-damage|p2a: Moltres|9\/100\n|-status|p1a: Electivire|brn|[from] ability: Flame Body|[of] p2a: Moltres\n|move|p2a: Moltres|Toxic||[still]\n|-fail|p2a: Moltres\n|\n|-damage|p1a: Electivire|82\/100 brn|[from] brn\n|upkeep\n|turn|18\n|\n|t:|1700323192\n|move|p1a: Electivire|Ice Punch|p2a: Moltres\n|-crit|p2a: Moltres\n|-damage|p2a: Moltres|0 fnt\n|faint|p2a: Moltres\n|\n|-damage|p1a: Electivire|76\/100 brn|[from] brn\n|upkeep\n|\n|t:|1700323202\n|switch|p2a: Tapu Lele|Tapu Lele|94\/100 tox\n|-fieldstart|move: Psychic Terrain|[from] ability: Psychic Surge|[of] p2a: Tapu Lele\n|turn|19\n|\n|t:|1700323212\n|switch|p1a: Corviknight|Corviknight, F|100\/100 par\n|move|p2a: Tapu Lele|Psychic|p1a: Corviknight\n|-resisted|p1a: Corviknight\n|-damage|p1a: Corviknight|78\/100 par\n|\n|-heal|p1a: Corviknight|84\/100 par|[from] item: Leftovers\n|-damage|p2a: Tapu Lele|88\/100 tox|[from] psn\n|upkeep\n|turn|20\n|\n|t:|1700323224\n|switch|p1a: Electivire|Electivire, M|76\/100 brn\n|move|p2a: Tapu Lele|Thunderbolt|p1a: Electivire\n|-ability|p1a: Electivire|Motor Drive|boost\n|-boost|p1a: Electivire|spe|1\n|\n|-damage|p2a: Tapu Lele|76\/100 tox|[from] psn\n|-damage|p1a: Electivire|70\/100 brn|[from] brn\n|upkeep\n|turn|21\n|\n|t:|1700323240\n|-terastallize|p1a: Electivire|Dark\n|move|p1a: Electivire|Darkest Lariat|p2a: Tapu Lele\n|-damage|p2a: Tapu Lele|18\/100 tox\n|move|p2a: Tapu Lele|Psychic|p1a: Electivire\n|-immune|p1a: Electivire\n|\n|-damage|p2a: Tapu Lele|0 fnt|[from] psn\n|faint|p2a: Tapu Lele\n|-damage|p1a: Electivire|63\/100 brn|[from] brn\n|upkeep\n|\n|t:|1700323253\n|switch|p2a: Beedrill|Beedrill, M|100\/100\n|turn|22\n|\n|t:|1700323260\n|detailschange|p2a: Beedrill|Beedrill-Mega, M\n|-mega|p2a: Beedrill|Beedrill|Beedrillite\n|move|p1a: Electivire|Darkest Lariat|p2a: Beedrill\n|-damage|p2a: Beedrill|18\/100\n|move|p2a: Beedrill|U-turn|p1a: Electivire\n|-supereffective|p1a: Electivire\n|-damage|p1a: Electivire|0 fnt\n|faint|p1a: Electivire\n|\n|t:|1700323277\n|switch|p2a: Excadrill|Excadrill, M|100\/100|[from] U-turn\n|-ability|p2a: Excadrill|Mold Breaker\n|\n|upkeep\n|\n|t:|1700323282\n|switch|p1a: Heatran|Heatran, M|100\/100\n|turn|23\n|\n|t:|1700323287\n|switch|p2a: Drampa|Drampa, M|21\/100\n|-ability|p2a: Drampa|Cloud Nine\n|move|p1a: Heatran|Eruption|p2a: Drampa\n|-resisted|p2a: Drampa\n|-damage|p2a: Drampa|0 fnt\n|faint|p2a: Drampa\n|\n|-fieldend|move: Psychic Terrain\n|upkeep\n|\n|t:|1700323298\n|switch|p2a: Beedrill|Beedrill-Mega, M|18\/100\n|turn|24\n|\n|t:|1700323302\n|move|p2a: Beedrill|Drill Run|p1a: Heatran\n|-supereffective|p1a: Heatran\n|-damage|p1a: Heatran|0 fnt\n|faint|p1a: Heatran\n|\n|upkeep\n|\n|t:|1700323306\n|switch|p1a: Medicham|Medicham, F|100\/100\n|turn|25\n|\n|t:|1700323316\n|detailschange|p1a: Medicham|Medicham-Mega, F\n|-mega|p1a: Medicham|Medicham|Medichamite\n|move|p1a: Medicham|Fake Out|p2a: Beedrill\n|-damage|p2a: Beedrill|0 fnt\n|faint|p2a: Beedrill\n|\n|upkeep\n|\n|t:|1700323324\n|switch|p2a: Excadrill|Excadrill, M|100\/100\n|-ability|p2a: Excadrill|Mold Breaker\n|turn|26\n|\n|t:|1700323336\n|move|p1a: Medicham|Close Combat|p2a: Excadrill\n|-supereffective|p2a: Excadrill\n|-damage|p2a: Excadrill|0 fnt\n|-unboost|p1a: Medicham|def|1\n|-unboost|p1a: Medicham|spd|1\n|faint|p2a: Excadrill\n|\n|win|lordcp801\n|raw|lordcp801's rating: 1093 &rarr; <strong>1125<\/strong><br \/>(+32 for winning)\n|raw|luyoujie01's rating: 1171 &rarr; <strong>1140<\/strong><br \/>(-31 for losing)\n|l|\u2606luyoujie01\n","uploadtime":1700323347,"views":12,"p1id":"lordcp801","p2id":"luyoujie01","formatid":"gen9nationaldex","rating":1125,"private":0,"password":""}