{"id":"gen9nationaldex-1997966547","p1":"TRocket Admin","p2":"mnhvhjvhjv","format":"[Gen 9] National Dex","log":"|html|<div class=\"broadcast-blue\"><strong>[Gen 9] National Dex is currently suspecting Sneasler! For information on how to participate check out the <a href=\"https:\/\/www.smogon.com\/forums\/threads\/sv-national-dex-suspect-8-just-dance.3731534\/\">suspect thread<\/a>.<\/strong><\/div>\n|j|\u2606TRocket Admin\n|j|\u2606mnhvhjvhjv\n|t:|1700873170\n|gametype|singles\n|player|p1|TRocket Admin|veteran|1145\n|player|p2|mnhvhjvhjv|blue|1044\n|teamsize|p1|6\n|teamsize|p2|6\n|gen|9\n|tier|[Gen 9] National Dex\n|rated|\n|rule|HP Percentage Mod: HP is shown in percentages\n|rule|Endless Battle Clause: Forcing endless battles is banned\n|rule|OHKO Clause: OHKO moves are banned\n|rule|Evasion Clause: Evasion abilities, items, and moves are banned\n|rule|Evasion Abilities Clause: Evasion abilities are banned\n|rule|Evasion Items Clause: Evasion items are banned\n|rule|Evasion Moves Clause: Evasion moves are banned\n|rule|Species Clause: Limit one of each Pok\u00e9mon\n|rule|Sleep Clause Mod: Limit one foe put to sleep\n|clearpoke\n|poke|p1|Crobat, M|\n|poke|p1|Hypno, M|\n|poke|p1|Machamp, M|\n|poke|p1|Marowak, M|\n|poke|p1|Porygon-Z|\n|poke|p1|Houndoom, M|\n|poke|p2|Aggron, M|\n|poke|p2|Great Tusk|\n|poke|p2|Heatran, M|\n|poke|p2|Landorus-Therian, M|\n|poke|p2|Rotom-Wash|\n|poke|p2|Ferrothorn, M|\n|teampreview\n|\n|t:|1700873175\n|start\n|switch|p1a: Crobat|Crobat, M|100\/100\n|switch|p2a: Ferrothorn|Ferrothorn, M|100\/100\n|turn|1\n|\n|t:|1700873180\n|move|p1a: Crobat|Taunt|p2a: Ferrothorn\n|-start|p2a: Ferrothorn|move: Taunt\n|cant|p2a: Ferrothorn|move: Taunt|Stealth Rock\n|\n|upkeep\n|turn|2\n|\n|t:|1700873196\n|switch|p1a: Machamp|Machamp, M|100\/100\n|move|p2a: Ferrothorn|Gyro Ball|p1a: Machamp\n|-damage|p1a: Machamp|61\/100\n|\n|upkeep\n|turn|3\n|\n|t:|1700873207\n|-terastallize|p2a: Ferrothorn|Dragon\n|move|p1a: Machamp|Dynamic Punch|p2a: Ferrothorn\n|-crit|p2a: Ferrothorn\n|-damage|p2a: Ferrothorn|0 fnt\n|-damage|p1a: Machamp|49\/100|[from] ability: Iron Barbs|[of] p2a: Ferrothorn\n|-damage|p1a: Machamp|32\/100|[from] item: Rocky Helmet|[of] p2a: Ferrothorn\n|faint|p2a: Ferrothorn\n|\n|upkeep\n|\n|t:|1700873221\n|switch|p2a: Rotom|Rotom-Wash|100\/100\n|turn|4\n|\n|t:|1700873226\n|move|p2a: Rotom|Hydro Pump|p1a: Machamp\n|-damage|p1a: Machamp|0 fnt\n|faint|p1a: Machamp\n|\n|upkeep\n|\n|t:|1700873234\n|switch|p1a: Porygon-Z|Porygon-Z|100\/100\n|turn|5\n|\n|t:|1700873247\n|-terastallize|p1a: Porygon-Z|Normal\n|move|p1a: Porygon-Z|Tri Attack|p2a: Rotom\n|-damage|p2a: Rotom|50\/100\n|move|p2a: Rotom|Volt Switch|p1a: Porygon-Z\n|-damage|p1a: Porygon-Z|55\/100\n|\n|t:|1700873264\n|switch|p2a: Heatran|Heatran, M|100\/100|[from] Volt Switch\n|\n|upkeep\n|turn|6\n|\n|t:|1700873272\n|switch|p1a: Hypno|Hypno, M|100\/100\n|-activate|p1a: Hypno|ability: Forewarn|Eruption|[of] p2a: Heatran\n|move|p2a: Heatran|Eruption|p1a: Hypno\n|-damage|p1a: Hypno|58\/100\n|\n|upkeep\n|turn|7\n|\n|t:|1700873280\n|move|p2a: Heatran|Eruption|p1a: Hypno\n|-damage|p1a: Hypno|17\/100\n|move|p1a: Hypno|Focus Blast|p2a: Heatran\n|-supereffective|p2a: Heatran\n|-damage|p2a: Heatran|47\/100\n|\n|upkeep\n|turn|8\n|\n|t:|1700873287\n|switch|p2a: Landorus|Landorus-Therian, M|100\/100\n|-ability|p2a: Landorus|Intimidate|boost\n|-unboost|p1a: Hypno|atk|1\n|move|p1a: Hypno|Psychic|p2a: Landorus\n|-damage|p2a: Landorus|56\/100\n|-unboost|p2a: Landorus|spd|1\n|\n|upkeep\n|turn|9\n|\n|t:|1700873295\n|move|p2a: Landorus|U-turn|p1a: Hypno\n|-supereffective|p1a: Hypno\n|-damage|p1a: Hypno|0 fnt\n|faint|p1a: Hypno\n|\n|t:|1700873305\n|switch|p2a: Rotom|Rotom-Wash|50\/100|[from] U-turn\n|\n|upkeep\n|\n|t:|1700873310\n|switch|p1a: Porygon-Z|Porygon-Z, tera:Normal|55\/100\n|turn|10\n|\n|t:|1700873325\n|switch|p2a: Heatran|Heatran, M|47\/100\n|move|p1a: Porygon-Z|Tri Attack|p2a: Heatran\n|-resisted|p2a: Heatran\n|-damage|p2a: Heatran|16\/100\n|-status|p2a: Heatran|par\n|\n|upkeep\n|turn|11\n|\n|t:|1700873332\n|move|p1a: Porygon-Z|Tri Attack|p2a: Heatran\n|-resisted|p2a: Heatran\n|-damage|p2a: Heatran|0 fnt\n|faint|p2a: Heatran\n|\n|upkeep\n|\n|t:|1700873340\n|switch|p2a: Great Tusk|Great Tusk|100\/100\n|-enditem|p2a: Great Tusk|Booster Energy\n|-activate|p2a: Great Tusk|ability: Protosynthesis|[fromitem]\n|-start|p2a: Great Tusk|protosynthesisatk\n|turn|12\n|\n|t:|1700873350\n|move|p1a: Porygon-Z|Tri Attack|p2a: Great Tusk\n|-damage|p2a: Great Tusk|5\/100\n|move|p2a: Great Tusk|Rapid Spin|p1a: Porygon-Z\n|-damage|p1a: Porygon-Z|19\/100\n|-boost|p2a: Great Tusk|spe|1\n|\n|upkeep\n|turn|13\n|\n|t:|1700873358\n|move|p1a: Porygon-Z|Tri Attack|p2a: Great Tusk\n|-damage|p2a: Great Tusk|0 fnt\n|faint|p2a: Great Tusk\n|-end|p2a: Great Tusk|Protosynthesis|[silent]\n|\n|upkeep\n|\n|t:|1700873365\n|switch|p2a: Aggron|Aggron, M|100\/100\n|turn|14\n|\n|t:|1700873373\n|switch|p1a: Marowak|Marowak, M|100\/100\n|detailschange|p2a: Aggron|Aggron-Mega, M\n|-mega|p2a: Aggron|Aggron|Aggronite\n|move|p2a: Aggron|Iron Defense|p2a: Aggron\n|-boost|p2a: Aggron|def|2\n|\n|upkeep\n|turn|15\n|\n|t:|1700873384\n|move|p2a: Aggron|Body Press|p1a: Marowak\n|-crit|p1a: Marowak\n|-damage|p1a: Marowak|14\/100\n|move|p1a: Marowak|Bonemerang|p2a: Aggron\n|-supereffective|p2a: Aggron\n|-damage|p2a: Aggron|90\/100\n|-supereffective|p2a: Aggron\n|-damage|p2a: Aggron|79\/100\n|-hitcount|p2a: Aggron|2\n|\n|upkeep\n|turn|16\n|\n|t:|1700873394\n|move|p2a: Aggron|Body Press|p1a: Marowak\n|-damage|p1a: Marowak|0 fnt\n|faint|p1a: Marowak\n|\n|upkeep\n|\n|t:|1700873401\n|switch|p1a: Houndoom|Houndoom, M|100\/100\n|-ability|p1a: Houndoom|Unnerve\n|turn|17\n|\n|t:|1700873406\n|detailschange|p1a: Houndoom|Houndoom-Mega, M\n|-mega|p1a: Houndoom|Houndoom|Houndoominite\n|move|p1a: Houndoom|Fire Blast|p2a: Aggron\n|-supereffective|p2a: Aggron\n|-damage|p2a: Aggron|0 fnt\n|faint|p2a: Aggron\n|\n|upkeep\n|\n|t:|1700873412\n|switch|p2a: Landorus|Landorus-Therian, M|56\/100\n|-ability|p2a: Landorus|Intimidate|boost\n|-unboost|p1a: Houndoom|atk|1\n|turn|18\n|\n|t:|1700873417\n|move|p1a: Houndoom|Dark Pulse|p2a: Landorus\n|-damage|p2a: Landorus|1\/100\n|move|p2a: Landorus|U-turn|p1a: Houndoom\n|-damage|p1a: Houndoom|44\/100\n|\n|t:|1700873422\n|switch|p2a: Rotom|Rotom-Wash|50\/100|[from] U-turn\n|\n|upkeep\n|turn|19\n|\n|t:|1700873426\n|move|p1a: Houndoom|Dark Pulse|p2a: Rotom\n|-damage|p2a: Rotom|14\/100\n|move|p2a: Rotom|Hydro Pump|p1a: Houndoom\n|-supereffective|p1a: Houndoom\n|-damage|p1a: Houndoom|0 fnt\n|faint|p1a: Houndoom\n|\n|upkeep\n|-message|mnhvhjvhjv forfeited.\n|\n|win|TRocket Admin\n|raw|TRocket Admin's rating: 1145 &rarr; <strong>1163<\/strong><br \/>(+18 for winning)\n|raw|mnhvhjvhjv's rating: 1044 &rarr; <strong>1032<\/strong><br \/>(-12 for losing)\n|l|\u2606mnhvhjvhjv\n","uploadtime":1700873440,"views":3,"p1id":"trocketadmin","p2id":"mnhvhjvhjv","formatid":"gen9nationaldex","rating":1032,"private":0,"password":""}