{"id":"gen9nationaldex-1988622264","p1":"AjoFC","p2":"PeppsiAsiEs","format":"[Gen 9] National Dex","log":"|j|\u2606AjoFC\n|j|\u2606PeppsiAsiEs\n|t:|1699743020\n|gametype|singles\n|player|p1|AjoFC|juggler|\n|player|p2|PeppsiAsiEs|bellelba|\n|teamsize|p1|6\n|teamsize|p2|6\n|gen|9\n|tier|[Gen 9] National Dex\n|rule|HP Percentage Mod: HP is shown in percentages\n|rule|Endless Battle Clause: Forcing endless battles is banned\n|rule|OHKO Clause: OHKO moves are banned\n|rule|Evasion Clause: Evasion abilities, items, and moves are banned\n|rule|Evasion Abilities Clause: Evasion abilities are banned\n|rule|Evasion Items Clause: Evasion items are banned\n|rule|Evasion Moves Clause: Evasion moves are banned\n|rule|Species Clause: Limit one of each Pok\u00e9mon\n|rule|Sleep Clause Mod: Limit one foe put to sleep\n|clearpoke\n|poke|p1|Dondozo, F|\n|poke|p1|Maushold-Four|\n|poke|p1|Iron Valiant|\n|poke|p1|Iron Moth|\n|poke|p1|Sinistcha|\n|poke|p1|Garganacl, M|\n|poke|p2|Darmanitan, F|\n|poke|p2|Ferrothorn, M|\n|poke|p2|Jellicent, M|\n|poke|p2|Volcarona, F|\n|poke|p2|Landorus-Therian, M|\n|poke|p2|Bisharp, M|\n|teampreview\n|inactive|Battle timer is ON: inactive players will automatically lose when time's up. (requested by AjoFC)\n|j| Sylveon(404)\n|c|\u2606PeppsiAsiEs|Supongo que la final era un poco obvia, no te parece\n|c|\u2606PeppsiAsiEs|Osea Paldea con una regi\u00f3n cualquiera\n|inactive|AjoFC has 270 seconds left.\n|inactive|PeppsiAsiEs has 270 seconds left.\n|j| Flexkip\n|c|\u2606PeppsiAsiEs|Supongo que no tuviste mucho esfuerzo en escalar hasta la final\n|c|\u2606PeppsiAsiEs|Pero dar\u00e9 lo mejor de mi para ganar esta batalla.\n|c|\u2606AjoFC|Pasen linl\n|inactive|AjoFC has 240 seconds left.\n|inactive|PeppsiAsiEs has 240 seconds left.\n|c|\u2606AjoFC|Venga Pep\n|c|\u2606AjoFC|Buena suerte\n|j| el p4n4\n|c| Flexkip|Con DonBOZO ferropaladin y garganacl entonces facil\n|j| Dios Typhlosion\n|j| WSoldat\n|inactive|AjoFC has 210 seconds left.\n|inactive|PeppsiAsiEs has 210 seconds left.\n|c|\u2606PeppsiAsiEs|Tambi\u00e9n, ten suerte, todos necesitan suerte para ganar o tener ventaja.\n|l| Sylveon(404)\n|j| RARMolina\n|c| Dios Typhlosion|Las dos mejores gen\n|c| Dios Typhlosion|\u00c9pico\n|inactive|PeppsiAsiEs has 180 seconds left.\n|j| Sylveon(404)\n|\n|t:|1699743170\n|start\n|switch|p1a: DonValiente|Iron Valiant|100\/100\n|switch|p2a: Daruma|Darmanitan, F|100\/100\n|-enditem|p1a: DonValiente|Booster Energy\n|-activate|p1a: DonValiente|ability: Quark Drive|[fromitem]\n|-start|p1a: DonValiente|quarkdrivespe\n|turn|1\n|j| Sai4rr\n|\n|t:|1699743184\n|switch|p2a: Sergio|Landorus-Therian, M, shiny|100\/100\n|-ability|p2a: Sergio|Intimidate|boost\n|-unboost|p1a: DonValiente|atk|1\n|move|p1a: DonValiente|Swords Dance|p1a: DonValiente\n|-boost|p1a: DonValiente|atk|2\n|\n|upkeep\n|turn|2\n|\n|t:|1699743192\n|move|p1a: DonValiente|Spirit Break|p2a: Sergio\n|-damage|p2a: Sergio|28\/100\n|-unboost|p2a: Sergio|spa|1\n|move|p2a: Sergio|Earthquake|p1a: DonValiente\n|-damage|p1a: DonValiente|30\/100\n|\n|upkeep\n|turn|3\n|inactive|AjoFC has 270 seconds left.\n|\n|t:|1699743200\n|switch|p2a: Pelopincho|Ferrothorn, M|100\/100\n|move|p1a: DonValiente|Spirit Break|p2a: Pelopincho\n|-resisted|p2a: Pelopincho\n|-crit|p2a: Pelopincho\n|-damage|p2a: Pelopincho|74\/100\n|-unboost|p2a: Pelopincho|spa|1\n|-damage|p1a: DonValiente|17\/100|[from] ability: Iron Barbs|[of] p2a: Pelopincho\n|-damage|p1a: DonValiente|1\/100|[from] item: Rocky Helmet|[of] p2a: Pelopincho\n|\n|upkeep\n|turn|4\n|inactive|AjoFC has 270 seconds left.\n|\n|t:|1699743210\n|move|p2a: Pelopincho|Protect|p2a: Pelopincho\n|-singleturn|p2a: Pelopincho|Protect\n|move|p1a: DonValiente|Close Combat|p2a: Pelopincho\n|-activate|p2a: Pelopincho|move: Protect\n|\n|upkeep\n|turn|5\n|c| Dios Typhlosion|1%\n|inactive|AjoFC has 270 seconds left.\n|\n|t:|1699743222\n|switch|p2a: Mr. Fishy|Jellicent, M|100\/100\n|move|p1a: DonValiente|Swords Dance|p1a: DonValiente\n|-boost|p1a: DonValiente|atk|2\n|\n|upkeep\n|turn|6\n|inactive|PeppsiAsiEs has 240 seconds left.\n|\n|t:|1699743230\n|move|p1a: DonValiente|Spirit Break|p2a: Mr. Fishy\n|-damage|p2a: Mr. Fishy|0 fnt\n|faint|p2a: Mr. Fishy\n|\n|upkeep\n|\n|t:|1699743234\n|switch|p2a: B7|Bisharp, M|100\/100\n|turn|7\n|\n|t:|1699743239\n|move|p1a: DonValiente|Shadow Sneak|p2a: B7\n|-resisted|p2a: B7\n|-damage|p2a: B7|83\/100\n|move|p2a: B7|Sucker Punch||[still]\n|-fail|p2a: B7\n|\n|upkeep\n|turn|8\n|c| Dios Typhlosion|Dios\n|\n|t:|1699743252\n|move|p2a: B7|Sucker Punch|p1a: DonValiente\n|-resisted|p1a: DonValiente\n|-damage|p1a: DonValiente|0 fnt\n|faint|p1a: DonValiente\n|-end|p1a: DonValiente|Quark Drive|[silent]\n|\n|upkeep\n|c| Dios Typhlosion|Eso si fue un BIG SHOT!\n|c| Flexkip|No caigas\n|c| Flexkip|Bien\n|\n|t:|1699743260\n|switch|p1a: Reproducci\u00f3n|Maushold-Four|100\/100\n|turn|9\n|j| matu 1402\n|c| RARMolina|Ajo ajo ajo vamos\n|inactive|PeppsiAsiEs has 270 seconds left.\n|\n|t:|1699743269\n|move|p1a: Reproducci\u00f3n|Encore|p2a: B7\n|-start|p2a: B7|Encore\n|move|p2a: B7|Sucker Punch||[still]\n|-fail|p2a: B7\n|\n|upkeep\n|turn|10\n|\n|t:|1699743277\n|switch|p2a: Pelopincho|Ferrothorn, M|74\/100\n|move|p1a: Reproducci\u00f3n|Tidy Up|p1a: Reproducci\u00f3n\n|-boost|p1a: Reproducci\u00f3n|atk|1\n|-boost|p1a: Reproducci\u00f3n|spe|1\n|\n|upkeep\n|turn|11\n|c| matu 1402|Volvi\n|\n|t:|1699743286\n|move|p1a: Reproducci\u00f3n|Bite|p2a: Pelopincho\n|-damage|p2a: Pelopincho|55\/100\n|-damage|p1a: Reproducci\u00f3n|88\/100|[from] ability: Iron Barbs|[of] p2a: Pelopincho\n|-damage|p1a: Reproducci\u00f3n|71\/100|[from] item: Rocky Helmet|[of] p2a: Pelopincho\n|move|p2a: Pelopincho|Thunder Wave|p1a: Reproducci\u00f3n\n|-status|p1a: Reproducci\u00f3n|par\n|\n|upkeep\n|turn|12\n|\n|t:|1699743301\n|move|p1a: Reproducci\u00f3n|Encore|p2a: Pelopincho\n|-start|p2a: Pelopincho|Encore\n|move|p2a: Pelopincho|Thunder Wave|p1a: Reproducci\u00f3n\n|-fail|p1a: Reproducci\u00f3n|par\n|\n|upkeep\n|turn|13\n|l| RARMolina\n|\n|t:|1699743309\n|switch|p2a: Sergio|Landorus-Therian, M, shiny|28\/100\n|-ability|p2a: Sergio|Intimidate|boost\n|-unboost|p1a: Reproducci\u00f3n|atk|1\n|move|p1a: Reproducci\u00f3n|Tidy Up|p1a: Reproducci\u00f3n\n|-boost|p1a: Reproducci\u00f3n|atk|1\n|-boost|p1a: Reproducci\u00f3n|spe|1\n|\n|upkeep\n|turn|14\n|\n|t:|1699743318\n|move|p1a: Reproducci\u00f3n|Bite|p2a: Sergio\n|-damage|p2a: Sergio|0 fnt\n|faint|p2a: Sergio\n|\n|upkeep\n|\n|t:|1699743320\n|switch|p2a: Pelopincho|Ferrothorn, M|55\/100\n|turn|15\n|l| matu 1402\n|j| RARMolina\n|l| RARMolina\n|\n|t:|1699743334\n|move|p1a: Reproducci\u00f3n|Bite|p2a: Pelopincho\n|-damage|p2a: Pelopincho|35\/100\n|-damage|p1a: Reproducci\u00f3n|59\/100 par|[from] ability: Iron Barbs|[of] p2a: Pelopincho\n|-damage|p1a: Reproducci\u00f3n|42\/100 par|[from] item: Rocky Helmet|[of] p2a: Pelopincho\n|move|p2a: Pelopincho|Leech Seed|p1a: Reproducci\u00f3n|[miss]\n|-miss|p2a: Pelopincho|p1a: Reproducci\u00f3n\n|\n|upkeep\n|turn|16\n|\n|t:|1699743353\n|switch|p2a: B7|Bisharp, M|83\/100\n|move|p1a: Reproducci\u00f3n|Population Bomb|p2a: B7\n|-resisted|p2a: B7\n|-damage|p2a: B7|75\/100\n|-resisted|p2a: B7\n|-damage|p2a: B7|67\/100\n|-resisted|p2a: B7\n|-damage|p2a: B7|59\/100\n|-resisted|p2a: B7\n|-damage|p2a: B7|50\/100\n|-resisted|p2a: B7\n|-damage|p2a: B7|42\/100\n|-resisted|p2a: B7\n|-damage|p2a: B7|33\/100\n|-resisted|p2a: B7\n|-damage|p2a: B7|25\/100\n|-resisted|p2a: B7\n|-damage|p2a: B7|16\/100\n|-resisted|p2a: B7\n|-damage|p2a: B7|8\/100\n|-resisted|p2a: B7\n|-damage|p2a: B7|0 fnt\n|faint|p2a: B7\n|-hitcount|p2: B7|10\n|\n|upkeep\n|\n|t:|1699743363\n|switch|p2a: Pelopincho|Ferrothorn, M|35\/100\n|turn|17\n|\n|t:|1699743377\n|cant|p1a: Reproducci\u00f3n|par\n|move|p2a: Pelopincho|Power Whip|p1a: Reproducci\u00f3n\n|-damage|p1a: Reproducci\u00f3n|0 fnt\n|faint|p1a: Reproducci\u00f3n\n|\n|upkeep\n|c| Dios Typhlosion|[[[[[+37742 Kromer]]]]]\n|\n|t:|1699743386\n|switch|p1a: Poli Cibernetica|Iron Moth|100\/100\n|-enditem|p1a: Poli Cibernetica|Booster Energy\n|-activate|p1a: Poli Cibernetica|ability: Quark Drive|[fromitem]\n|-start|p1a: Poli Cibernetica|quarkdrivespa\n|turn|18\n|l| Dios Typhlosion\n|c| Sylveon(404)|ggs\n|\n|t:|1699743403\n|move|p1a: Poli Cibernetica|Air Slash|p2a: Pelopincho\n|-damage|p2a: Pelopincho|7\/100\n|cant|p2a: Pelopincho|flinch\n|\n|upkeep\n|turn|19\n|\n|t:|1699743410\n|move|p1a: Poli Cibernetica|Fiery Dance|p2a: Pelopincho\n|-supereffective|p2a: Pelopincho\n|-damage|p2a: Pelopincho|0 fnt\n|-boost|p1a: Poli Cibernetica|spa|1\n|faint|p2a: Pelopincho\n|\n|upkeep\n|\n|t:|1699743413\n|switch|p2a: Daruma|Darmanitan, F|100\/100\n|turn|20\n|\n|t:|1699743420\n|-terastallize|p1a: Poli Cibernetica|Flying\n|move|p2a: Daruma|Rock Slide|p1a: Poli Cibernetica\n|-supereffective|p1a: Poli Cibernetica\n|-damage|p1a: Poli Cibernetica|0 fnt\n|faint|p1a: Poli Cibernetica\n|-end|p1a: Poli Cibernetica|Quark Drive|[silent]\n|\n|upkeep\n|\n|t:|1699743427\n|switch|p1a: Hola|Dondozo, F|100\/100\n|turn|21\n|\n|t:|1699743432\n|switch|p2a: Mothra|Volcarona, F, shiny|100\/100\n|move|p1a: Hola|Curse|p1a: Hola\n|-unboost|p1a: Hola|spe|1\n|-boost|p1a: Hola|atk|1\n|-boost|p1a: Hola|def|1\n|\n|upkeep\n|turn|22\n|\n|t:|1699743440\n|switch|p1a: Tebar|Garganacl, M|100\/100\n|move|p2a: Mothra|Giga Drain|p1a: Tebar\n|-supereffective|p1a: Tebar\n|-damage|p1a: Tebar|60\/100\n|\n|-heal|p1a: Tebar|67\/100|[from] item: Leftovers\n|upkeep\n|turn|23\n|j| Dios Typhlosion\n|\n|t:|1699743458\n|switch|p2a: Daruma|Darmanitan, F|100\/100\n|move|p1a: Tebar|Salt Cure|p2a: Daruma\n|-supereffective|p2a: Daruma\n|-damage|p2a: Daruma|59\/100\n|-start|p2a: Daruma|Salt Cure\n|\n|-heal|p1a: Tebar|73\/100|[from] item: Leftovers\n|-damage|p2a: Daruma|47\/100|[from] Salt Cure\n|upkeep\n|turn|24\n|j| RARMolina\n|\n|t:|1699743468\n|-terastallize|p2a: Daruma|Fire\n|move|p1a: Tebar|Protect|p1a: Tebar\n|-singleturn|p1a: Tebar|Protect\n|move|p2a: Daruma|Flare Blitz|p1a: Tebar\n|-activate|p1a: Tebar|move: Protect\n|\n|-heal|p1a: Tebar|79\/100|[from] item: Leftovers\n|-damage|p2a: Daruma|35\/100|[from] Salt Cure\n|upkeep\n|turn|25\n|c| Sylveon(404)|ajo es el big shot mas grande\n|\n|t:|1699743485\n|switch|p1a: Hola|Dondozo, F|100\/100\n|move|p2a: Daruma|Flare Blitz|p1a: Hola\n|-resisted|p1a: Hola\n|-damage|p1a: Hola|69\/100\n|-damage|p2a: Daruma|20\/100|[from] Recoil\n|\n|-heal|p1a: Hola|75\/100|[from] item: Leftovers\n|-damage|p2a: Daruma|8\/100|[from] Salt Cure\n|upkeep\n|turn|26\n|\n|t:|1699743504\n|switch|p1a: Jijijija|Sinistcha|100\/100\n|move|p2a: Daruma|Flare Blitz|p1a: Jijijija\n|-supereffective|p1a: Jijijija\n|-damage|p1a: Jijijija|13\/100\n|-damage|p2a: Daruma|0 fnt|[from] item: Rocky Helmet|[of] p1a: Jijijija\n|faint|p2a: Daruma\n|\n|upkeep\n|\n|t:|1699743510\n|switch|p2a: Mothra|Volcarona, F, shiny|100\/100\n|turn|27\n|\n|t:|1699743528\n|switch|p1a: Tebar|Garganacl, M|79\/100\n|move|p2a: Mothra|Fiery Dance|p1a: Tebar\n|-resisted|p1a: Tebar\n|-damage|p1a: Tebar|61\/100\n|\n|-heal|p1a: Tebar|67\/100|[from] item: Leftovers\n|upkeep\n|turn|28\n|\n|t:|1699743536\n|move|p2a: Mothra|Quiver Dance|p2a: Mothra\n|-boost|p2a: Mothra|spa|1\n|-boost|p2a: Mothra|spd|1\n|-boost|p2a: Mothra|spe|1\n|move|p1a: Tebar|Salt Cure|p2a: Mothra\n|-supereffective|p2a: Mothra\n|-damage|p2a: Mothra|16\/100\n|-start|p2a: Mothra|Salt Cure\n|\n|-heal|p1a: Tebar|74\/100|[from] item: Leftovers\n|-damage|p2a: Mothra|3\/100|[from] Salt Cure\n|upkeep\n|turn|29\n|c| Sylveon(404)|ggs\n|c|\u2606PeppsiAsiEs|gg\n|l| Flexkip\n|c|\u2606AjoFC|GG\n|\n|t:|1699743551\n|move|p1a: Tebar|Protect|p1a: Tebar\n|-singleturn|p1a: Tebar|Protect\n|move|p2a: Mothra|Giga Drain|p1a: Tebar\n|-activate|p1a: Tebar|move: Protect\n|\n|-heal|p1a: Tebar|80\/100|[from] item: Leftovers\n|-damage|p2a: Mothra|0 fnt|[from] Salt Cure\n|faint|p2a: Mothra\n|\n|win|AjoFC\n|upkeep\n|c| el p4n4|GG\n|c| Dios Typhlosion|WP Ajo\n|l| Sylveon(404)\n","uploadtime":1699743564,"views":10,"p1id":"ajofc","p2id":"peppsiasies","formatid":"gen9nationaldex","rating":0,"private":0,"password":""}