{"id":"gen9nationaldex-1997540970","p1":"JayHaro","p2":"EeeeGgKR","format":"[Gen 9] National Dex","log":"|html|<div class=\"broadcast-blue\"><strong>[Gen 9] National Dex is currently suspecting Sneasler! For information on how to participate check out the <a href=\"https:\/\/www.smogon.com\/forums\/threads\/sv-national-dex-suspect-8-just-dance.3731534\/\">suspect thread<\/a>.<\/strong><\/div>\n|j|\u2606JayHaro\n|j|\u2606EeeeGgKR\n|t:|1700822619\n|gametype|singles\n|player|p1|JayHaro|red|1447\n|player|p2|EeeeGgKR|102|1438\n|teamsize|p1|6\n|teamsize|p2|6\n|gen|9\n|tier|[Gen 9] National Dex\n|rated|\n|rule|HP Percentage Mod: HP is shown in percentages\n|rule|Endless Battle Clause: Forcing endless battles is banned\n|rule|OHKO Clause: OHKO moves are banned\n|rule|Evasion Clause: Evasion abilities, items, and moves are banned\n|rule|Evasion Abilities Clause: Evasion abilities are banned\n|rule|Evasion Items Clause: Evasion items are banned\n|rule|Evasion Moves Clause: Evasion moves are banned\n|rule|Species Clause: Limit one of each Pok\u00e9mon\n|rule|Sleep Clause Mod: Limit one foe put to sleep\n|clearpoke\n|poke|p1|Victini|\n|poke|p1|Tyranitar, M|\n|poke|p1|Skarmory, M|\n|poke|p1|Garchomp, M|\n|poke|p1|Iron Valiant|\n|poke|p1|Toxapex, M|\n|poke|p2|Zapdos|\n|poke|p2|Tapu Lele|\n|poke|p2|Pinsir, F|\n|poke|p2|Ogerpon, F|\n|poke|p2|Blaziken, F|\n|poke|p2|Greninja-*, M|\n|teampreview\n|inactive|Battle timer is ON: inactive players will automatically lose when time's up. (requested by JayHaro)\n|\n|t:|1700822645\n|start\n|switch|p1a: Victini|Victini|100\/100\n|switch|p2a: Tapu Lele|Tapu Lele|100\/100\n|-fieldstart|move: Psychic Terrain|[from] ability: Psychic Surge|[of] p2a: Tapu Lele\n|turn|1\n|inactive|JayHaro has 120 seconds left.\n|\n|t:|1700822697\n|-terastallize|p1a: Victini|Fire\n|move|p2a: Tapu Lele|Shadow Ball|p1a: Victini\n|-damage|p1a: Victini|69\/100\n|move|p1a: Victini|V-create|p2a: Tapu Lele\n|-damage|p2a: Tapu Lele|0 fnt\n|-unboost|p1a: Victini|spe|1\n|-unboost|p1a: Victini|def|1\n|-unboost|p1a: Victini|spd|1\n|faint|p2a: Tapu Lele\n|\n|upkeep\n|inactive|EeeeGgKR has 120 seconds left.\n|\n|t:|1700822723\n|switch|p2a: Greninja|Greninja, M|100\/100\n|turn|2\n|inactive|EeeeGgKR has 120 seconds left.\n|\n|t:|1700822735\n|switch|p1a: Toxapex|Toxapex, M|100\/100\n|move|p2a: Greninja|Dark Pulse|p1a: Toxapex\n|-damage|p1a: Toxapex|75\/100\n|-damage|p2a: Greninja|91\/100|[from] item: Life Orb\n|\n|-heal|p1a: Toxapex|81\/100|[from] item: Black Sludge\n|upkeep\n|turn|3\n|inactive|JayHaro has 120 seconds left.\n|inactive|EeeeGgKR has 120 seconds left.\n|\n|t:|1700822746\n|switch|p2a: Zapdos|Zapdos|100\/100\n|switch|p1a: Tyranitar|Tyranitar, M|100\/100\n|-weather|Sandstorm|[from] ability: Sand Stream|[of] p1a: Tyranitar\n|\n|-weather|Sandstorm|[upkeep]\n|-damage|p2a: Zapdos|94\/100|[from] Sandstorm\n|upkeep\n|turn|4\n|inactive|JayHaro has 120 seconds left.\n|inactive|EeeeGgKR has 120 seconds left.\n|\n|t:|1700822757\n|switch|p2a: Greninja|Greninja, M|91\/100\n|move|p1a: Tyranitar|Ice Beam|p2a: Greninja\n|-resisted|p2a: Greninja\n|-damage|p2a: Greninja|73\/100\n|\n|-weather|Sandstorm|[upkeep]\n|-damage|p2a: Greninja|67\/100|[from] Sandstorm\n|upkeep\n|turn|5\n|inactive|JayHaro has 120 seconds left.\n|\n|t:|1700822767\n|move|p2a: Greninja|Hydro Pump|p1a: Tyranitar\n|-supereffective|p1a: Tyranitar\n|-damage|p1a: Tyranitar|67\/100\n|-damage|p2a: Greninja|57\/100|[from] item: Life Orb\n|move|p1a: Tyranitar|Earthquake|p2a: Greninja\n|-damage|p2a: Greninja|5\/100\n|\n|-weather|Sandstorm|[upkeep]\n|-damage|p2a: Greninja|0 fnt|[from] Sandstorm\n|faint|p2a: Greninja\n|-fieldend|move: Psychic Terrain\n|upkeep\n|\n|t:|1700822781\n|switch|p2a: Pinsir|Pinsir, F|100\/100\n|turn|6\n|\n|t:|1700822789\n|switch|p1a: Skarmory|Skarmory, M|100\/100\n|detailschange|p2a: Pinsir|Pinsir-Mega, F\n|-mega|p2a: Pinsir|Pinsir|Pinsirite\n|move|p2a: Pinsir|Close Combat|p1a: Skarmory\n|-damage|p1a: Skarmory|69\/100\n|-unboost|p2a: Pinsir|def|1\n|-unboost|p2a: Pinsir|spd|1\n|-damage|p2a: Pinsir|84\/100|[from] item: Rocky Helmet|[of] p1a: Skarmory\n|\n|-weather|Sandstorm|[upkeep]\n|-damage|p2a: Pinsir|78\/100|[from] Sandstorm\n|upkeep\n|turn|7\n|\n|t:|1700822804\n|switch|p2a: Zapdos|Zapdos|94\/100\n|move|p1a: Skarmory|Roost|p1a: Skarmory\n|-heal|p1a: Skarmory|100\/100\n|-singleturn|p1a: Skarmory|move: Roost\n|\n|-weather|none\n|upkeep\n|turn|8\n|\n|t:|1700822813\n|switch|p1a: Tyranitar|Tyranitar, M|67\/100\n|-weather|Sandstorm|[from] ability: Sand Stream|[of] p1a: Tyranitar\n|move|p2a: Zapdos|Heat Wave|p1a: Tyranitar\n|-resisted|p1a: Tyranitar\n|-damage|p1a: Tyranitar|63\/100\n|\n|-weather|Sandstorm|[upkeep]\n|-damage|p2a: Zapdos|88\/100|[from] Sandstorm\n|upkeep\n|turn|9\n|\n|t:|1700822828\n|move|p2a: Zapdos|Volt Switch|p1a: Tyranitar\n|-damage|p1a: Tyranitar|53\/100\n|\n|t:|1700822856\n|switch|p2a: Pinsir|Pinsir-Mega, F|78\/100|[from] Volt Switch\n|move|p1a: Tyranitar|Earthquake|p2a: Pinsir\n|-immune|p2a: Pinsir\n|\n|-weather|Sandstorm|[upkeep]\n|-damage|p2a: Pinsir|71\/100|[from] Sandstorm\n|upkeep\n|turn|10\n|\n|t:|1700822866\n|switch|p1a: Skarmory|Skarmory, M|100\/100\n|move|p2a: Pinsir|Swords Dance|p2a: Pinsir\n|-boost|p2a: Pinsir|atk|2\n|\n|-weather|Sandstorm|[upkeep]\n|-damage|p2a: Pinsir|65\/100|[from] Sandstorm\n|upkeep\n|turn|11\n|\n|t:|1700822875\n|move|p2a: Pinsir|Swords Dance|p2a: Pinsir\n|-boost|p2a: Pinsir|atk|2\n|move|p1a: Skarmory|Counter||[still]\n|-fail|p1a: Skarmory\n|\n|-weather|Sandstorm|[upkeep]\n|-damage|p2a: Pinsir|59\/100|[from] Sandstorm\n|upkeep\n|turn|12\n|\n|t:|1700822883\n|move|p2a: Pinsir|Close Combat|p1a: Skarmory\n|-damage|p1a: Skarmory|16\/100\n|-unboost|p2a: Pinsir|def|1\n|-unboost|p2a: Pinsir|spd|1\n|-damage|p2a: Pinsir|42\/100|[from] item: Rocky Helmet|[of] p1a: Skarmory\n|move|p1a: Skarmory|Counter|p2a: Pinsir\n|-damage|p2a: Pinsir|0 fnt\n|faint|p2a: Pinsir\n|\n|-weather|none\n|upkeep\n|\n|t:|1700822895\n|switch|p2a: Blaziken|Blaziken, F|100\/100\n|turn|13\n|\n|t:|1700822902\n|move|p2a: Blaziken|Swords Dance|p2a: Blaziken\n|-boost|p2a: Blaziken|atk|2\n|move|p1a: Skarmory|Roost|p1a: Skarmory\n|-heal|p1a: Skarmory|66\/100\n|-singleturn|p1a: Skarmory|move: Roost\n|\n|-ability|p2a: Blaziken|Speed Boost|boost\n|-boost|p2a: Blaziken|spe|1\n|upkeep\n|turn|14\n|\n|t:|1700822917\n|move|p2a: Blaziken|Swords Dance|p2a: Blaziken\n|-boost|p2a: Blaziken|atk|2\n|move|p1a: Skarmory|Counter||[still]\n|-fail|p1a: Skarmory\n|\n|-ability|p2a: Blaziken|Speed Boost|boost\n|-boost|p2a: Blaziken|spe|1\n|upkeep\n|turn|15\n|\n|t:|1700822925\n|move|p2a: Blaziken|Swords Dance|p2a: Blaziken\n|-boost|p2a: Blaziken|atk|2\n|move|p1a: Skarmory|Roost|p1a: Skarmory\n|-heal|p1a: Skarmory|100\/100\n|-singleturn|p1a: Skarmory|move: Roost\n|\n|-ability|p2a: Blaziken|Speed Boost|boost\n|-boost|p2a: Blaziken|spe|1\n|upkeep\n|turn|16\n|\n|t:|1700822942\n|-terastallize|p2a: Blaziken|Fire\n|move|p2a: Blaziken|Blaze Kick|p1a: Skarmory|[miss]\n|-miss|p2a: Blaziken|p1a: Skarmory\n|move|p1a: Skarmory|Counter||[still]\n|-fail|p1a: Skarmory\n|\n|-ability|p2a: Blaziken|Speed Boost|boost\n|-boost|p2a: Blaziken|spe|1\n|upkeep\n|turn|17\n|\n|t:|1700822952\n|move|p2a: Blaziken|Blaze Kick|p1a: Skarmory\n|-supereffective|p1a: Skarmory\n|-crit|p1a: Skarmory\n|-ability|p1a: Skarmory|Sturdy\n|-damage|p1a: Skarmory|1\/100\n|-damage|p2a: Blaziken|84\/100|[from] item: Rocky Helmet|[of] p1a: Skarmory\n|move|p1a: Skarmory|Counter|p2a: Blaziken\n|-damage|p2a: Blaziken|0 fnt\n|faint|p2a: Blaziken\n|\n|upkeep\n|\n|t:|1700822967\n|switch|p2a: Ogerpon|Ogerpon, F|100\/100\n|turn|18\n|\n|t:|1700822973\n|move|p2a: Ogerpon|Throat Chop|p1a: Skarmory\n|-damage|p1a: Skarmory|0 fnt\n|-damage|p2a: Ogerpon|84\/100|[from] item: Rocky Helmet|[of] p1a: Skarmory\n|faint|p1a: Skarmory\n|\n|upkeep\n|\n|t:|1700822984\n|switch|p1a: Victini|Victini, tera:Fire|69\/100\n|turn|19\n|\n|t:|1700822996\n|move|p2a: Ogerpon|Endure|p2a: Ogerpon\n|-singleturn|p2a: Ogerpon|move: Endure\n|move|p1a: Victini|V-create|p2a: Ogerpon\n|-supereffective|p2a: Ogerpon\n|-activate|p2a: Ogerpon|move: Endure\n|-damage|p2a: Ogerpon|1\/100\n|-unboost|p1a: Victini|spe|1\n|-unboost|p1a: Victini|def|1\n|-unboost|p1a: Victini|spd|1\n|-enditem|p2a: Ogerpon|Weakness Policy\n|-boost|p2a: Ogerpon|atk|2|[from] item: Weakness Policy\n|-boost|p2a: Ogerpon|spa|2|[from] item: Weakness Policy\n|\n|upkeep\n|turn|20\n|\n|t:|1700823009\n|switch|p1a: Tyranitar|Tyranitar, M|53\/100\n|-weather|Sandstorm|[from] ability: Sand Stream|[of] p1a: Tyranitar\n|move|p2a: Ogerpon|Reversal|p1a: Tyranitar\n|-supereffective|p1a: Tyranitar\n|-damage|p1a: Tyranitar|0 fnt\n|faint|p1a: Tyranitar\n|\n|-weather|Sandstorm|[upkeep]\n|-damage|p2a: Ogerpon|0 fnt|[from] Sandstorm\n|faint|p2a: Ogerpon\n|upkeep\n|\n|t:|1700823021\n|switch|p2a: Zapdos|Zapdos|88\/100\n|switch|p1a: Victini|Victini, tera:Fire|69\/100\n|turn|21\n|\n|t:|1700823028\n|move|p1a: Victini|V-create|p2a: Zapdos\n|-damage|p2a: Zapdos|0 fnt\n|-unboost|p1a: Victini|spe|1\n|-unboost|p1a: Victini|def|1\n|-unboost|p1a: Victini|spd|1\n|-status|p1a: Victini|par|[from] ability: Static|[of] p2a: Zapdos\n|faint|p2a: Zapdos\n|\n|win|JayHaro\n|raw|JayHaro's rating: 1447 &rarr; <strong>1466<\/strong><br \/>(+19 for winning)\n|raw|EeeeGgKR's rating: 1438 &rarr; <strong>1419<\/strong><br \/>(-19 for losing)\n|l|\u2606EeeeGgKR\n","uploadtime":1700823040,"views":21,"p1id":"jayharo","p2id":"eeeeggkr","formatid":"gen9nationaldex","rating":1419,"private":0,"password":""}