{"id":"gen9nationaldex-1988536025","p1":"Hyljys","p2":"imAnthonybroNew","format":"[Gen 9] National Dex","log":"|j|\u2606Hyljys\n|j|\u2606imAnthonybroNew\n|t:|1699733455\n|gametype|singles\n|player|p1|Hyljys|acetrainersnow|\n|player|p2|imAnthonybroNew|pokemonbreeder-gen4|\n|teamsize|p1|6\n|teamsize|p2|6\n|gen|9\n|tier|[Gen 9] National Dex\n|rule|HP Percentage Mod: HP is shown in percentages\n|rule|Endless Battle Clause: Forcing endless battles is banned\n|rule|OHKO Clause: OHKO moves are banned\n|rule|Evasion Clause: Evasion abilities, items, and moves are banned\n|rule|Evasion Abilities Clause: Evasion abilities are banned\n|rule|Evasion Items Clause: Evasion items are banned\n|rule|Evasion Moves Clause: Evasion moves are banned\n|rule|Species Clause: Limit one of each Pok\u00e9mon\n|rule|Sleep Clause Mod: Limit one foe put to sleep\n|clearpoke\n|poke|p1|Bewear, F|\n|poke|p1|Blissey, F|\n|poke|p1|Maushold-Four|\n|poke|p1|Regigigas|\n|poke|p1|Type: Null|\n|poke|p1|Zorua-Hisui, F|\n|poke|p2|Kangaskhan, F|\n|poke|p2|Ditto|\n|poke|p2|Kecleon, M|\n|poke|p2|Diggersby, M|\n|poke|p2|Oranguru, F|\n|poke|p2|Skitty, F|\n|teampreview\n|c|\u2606Hyljys|gl hf\n|j| Kryn\n|j| Swoodle1030\n|l|\u2606imAnthonybroNew\n|player|p2|\n|c| Swoodle1030|poggers not my list\n|j| ArktikAlice\n|c| Swoodle1030|lets see what anthony is cooking\n|c| ArktikAlice|glhf\n|c| Kryn|it's actually skitty lol\n|c| ArktikAlice|Neko\n|j|\u2606imAnthonybroNew\n|player|p2|imAnthonybroNew|pokemonbreeder-gen4\n|c|\u2606imAnthonybroNew|Gl hf!\n|c|\u2606imAnthonybroNew|Scared\n|c|\u2606imAnthonybroNew|You said take skitty. Doesnt make it any harder of a match than it already is lol\n|c| Swoodle1030|i changed mega khang and arceus to snorlax and pyroar for u\n|c|\u2606imAnthonybroNew|By the Power of Swoods, I summon thee\n|c|\u2606imAnthonybroNew|Nah, fuck it\n|\n|t:|1699733583\n|start\n|switch|p1a: Ratafourie|Maushold-Four|100\/100\n|switch|p2a: Diggersby|Diggersby, M|100\/100\n|turn|1\n|j| Juanivia\n|\n|t:|1699733627\n|move|p1a: Ratafourie|Population Bomb|p2a: Diggersby\n|-damage|p2a: Diggersby|88\/100\n|-damage|p2a: Diggersby|77\/100\n|-damage|p2a: Diggersby|64\/100\n|-damage|p2a: Diggersby|51\/100\n|-damage|p2a: Diggersby|38\/100\n|-hitcount|p2a: Diggersby|5\n|move|p2a: Diggersby|Return|p1a: Ratafourie\n|-damage|p1a: Ratafourie|0 fnt\n|faint|p1a: Ratafourie\n|\n|upkeep\n|c| Kryn|a kill!\n|c|\u2606imAnthonybroNew|Thank you though!\n|c|\u2606Hyljys|damn, it was wide lens too :(\n|c| ArktikAlice|tfw no Wide Lens\n|c| ArktikAlice|oh shit rly?\n|c|\u2606Hyljys|yeh\n|c| ArktikAlice|I had it too and missed first hit once\n|c| ArktikAlice|RIP\n|c|\u2606imAnthonybroNew|Riparoni\n|\n|t:|1699733692\n|switch|p1a: Giga Ass|Regigigas|100\/100\n|turn|2\n|c| Swoodle1030|i thought it was dice that gave you the 9-10 hit range\n|\n|t:|1699733705\n|move|p2a: Diggersby|Return|p1a: Giga Ass\n|-immune|p1a: Giga Ass\n|move|p1a: Giga Ass|Foul Play|p2a: Diggersby\n|-damage|p2a: Diggersby|14\/100\n|\n|upkeep\n|turn|3\n|c| Kryn|rofl\n|c|\u2606Hyljys|:)\n|c|\u2606imAnthonybroNew|Im dumb rip lmao\n|c| Kryn|he missed a move before @swoodle\n|c| Kryn|so it stopped\n|c| Kryn|i think?\n|c|\u2606Hyljys|yeah\n|c| ArktikAlice|?\n|c| Kryn|???\n|c| Swoodle1030|i dont think thats how it works?\n|c| ArktikAlice|Return doesn't affect Gigas?\n|c| Swoodle1030|otherwise dice and widelense would be the same item\n|c| Swoodle1030|or dice would be a worse widelense\n|\n|t:|1699733777\n|switch|p2a: Kecleon|Kecleon, M|100\/100\n|move|p1a: Giga Ass|Foul Play|p2a: Kecleon\n|-damage|p2a: Kecleon|63\/100\n|\n|upkeep\n|turn|4\n|c| Kryn|yeah that doesn't make sense\n|c| Kryn|hyljys is hacking\n|c| Kryn|why return doesn't work??\n|c|\u2606imAnthonybroNew|No clue\n|\n|t:|1699733810\n|switch|p1a: Victoria|Bewear, F|100\/100\n|move|p2a: Kecleon|Sucker Punch||[still]\n|-fail|p2a: Kecleon\n|\n|upkeep\n|turn|5\n|c| Kryn|really?\n|c| Swoodle1030|bro this regigas doesnt have slow start either\n|c| Swoodle1030|he is cheating!!\n|c|\u2606imAnthonybroNew|Genius\n|c| ArktikAlice|Oh shit\n|c| Kryn|disqualified\n|c|\u2606Hyljys|:D\n|c| ArktikAlice|I know what's going on\n|c|\u2606Hyljys|oh noe\n|c| Kryn|haha\n|c|\u2606imAnthonybroNew|Hax\n|\n|t:|1699733841\n|switch|p2a: Kangaskhan|Kangaskhan, F|100\/100\n|move|p1a: Victoria|Return|p2a: Kangaskhan\n|-damage|p2a: Kangaskhan|54\/100\n|\n|-heal|p2a: Kangaskhan|60\/100|[from] item: Leftovers\n|upkeep\n|turn|6\n|\n|t:|1699733859\n|move|p2a: Kangaskhan|Fake Out|p1a: Victoria\n|-damage|p1a: Victoria|95\/100\n|-damage|p2a: Kangaskhan|44\/100|[from] item: Rocky Helmet|[of] p1a: Victoria\n|cant|p1a: Victoria|flinch\n|\n|-heal|p2a: Kangaskhan|50\/100|[from] item: Leftovers\n|upkeep\n|turn|7\n|\n|t:|1699733873\n|move|p2a: Kangaskhan|Rock Slide|p1a: Victoria\n|-resisted|p1a: Victoria\n|-damage|p1a: Victoria|89\/100\n|move|p1a: Victoria|Return|p2a: Kangaskhan\n|-damage|p2a: Kangaskhan|2\/100\n|\n|-heal|p2a: Kangaskhan|8\/100|[from] item: Leftovers\n|upkeep\n|turn|8\n|\n|t:|1699733891\n|switch|p2a: Oranguru|Oranguru, F|100\/100\n|move|p1a: Victoria|Return|p2a: Oranguru\n|-damage|p2a: Oranguru|53\/100\n|\n|upkeep\n|turn|9\n|\n|t:|1699733901\n|switch|p1a: Bless|Blissey, F|100\/100\n|move|p2a: Oranguru|Reflect|p2a: Oranguru\n|-sidestart|p2: imAnthonybroNew|Reflect\n|\n|upkeep\n|turn|10\n|\n|t:|1699733908\n|move|p2a: Oranguru|Yawn|p1a: Bless\n|-start|p1a: Bless|move: Yawn|[of] p2a: Oranguru\n|move|p1a: Bless|Stealth Rock|p2a: Oranguru\n|-sidestart|p2: imAnthonybroNew|move: Stealth Rock\n|\n|upkeep\n|turn|11\n|\n|t:|1699733915\n|move|p2a: Oranguru|Light Screen|p2a: Oranguru\n|-sidestart|p2: imAnthonybroNew|move: Light Screen\n|move|p1a: Bless|Tri Attack|p2a: Oranguru\n|-crit|p2a: Oranguru\n|-damage|p2a: Oranguru|33\/100\n|\n|-end|p1a: Bless|move: Yawn|[silent]\n|-status|p1a: Bless|slp\n|upkeep\n|turn|12\n|c|\u2606imAnthonybroNew|Now i am confused lol\n|c| Kryn|it's a blissey\n|\n|t:|1699733955\n|switch|p2a: Diggersby|Diggersby, M|14\/100\n|-damage|p2a: Diggersby|8\/100|[from] Stealth Rock\n|cant|p1a: Bless|slp\n|\n|upkeep\n|turn|13\n|\n|t:|1699733968\n|switch|p1a: Victoria|Bewear, F|89\/100\n|move|p2a: Diggersby|Knock Off|p1a: Victoria\n|-resisted|p1a: Victoria\n|-damage|p1a: Victoria|78\/100\n|-damage|p2a: Diggersby|0 fnt|[from] item: Rocky Helmet|[of] p1a: Victoria\n|faint|p2a: Diggersby\n|\n|upkeep\n|c|\u2606imAnthonybroNew|That doesnt knock it off? Fuck\n|c|\u2606Hyljys|it does\n|c|\u2606Hyljys|or should\n|c| Kryn|sumfin streng is going on\n|c|\u2606Hyljys|does it not get knocked off since diggersby died?\n|c| Kryn|i've never seen that interaction before\n|\n|t:|1699734028\n|switch|p2a: Kecleon|Kecleon, M|63\/100\n|-damage|p2a: Kecleon|50\/100|[from] Stealth Rock\n|turn|14\n|c|\u2606imAnthonybroNew|T wave assault vest. Wtf lol\n|c| Swoodle1030|:)\n|\n|t:|1699734054\n|move|p1a: Victoria|Return|p2a: Kecleon\n|-damage|p2a: Kecleon|21\/100\n|move|p2a: Kecleon|Knock Off|p1a: Victoria\n|-start|p2a: Kecleon|typechange|Dark|[from] ability: Protean\n|-resisted|p1a: Victoria\n|-damage|p1a: Victoria|71\/100\n|-damage|p2a: Kecleon|5\/100|[from] item: Rocky Helmet|[of] p1a: Victoria\n|-enditem|p1a: Victoria|Rocky Helmet|[from] move: Knock Off|[of] p2a: Kecleon\n|\n|upkeep\n|turn|15\n|c| Kryn|strange\n|\n|t:|1699734069\n|move|p2a: Kecleon|Sucker Punch|p1a: Victoria\n|-resisted|p1a: Victoria\n|-crit|p1a: Victoria\n|-damage|p1a: Victoria|63\/100\n|move|p1a: Victoria|Return|p2a: Kecleon\n|-damage|p2a: Kecleon|0 fnt\n|faint|p2a: Kecleon\n|\n|upkeep\n|c|\u2606Hyljys|apparently so\n|c| Swoodle1030|should have used iron tail and gone steel type\n|c| Swoodle1030|nobody can stop steel kecleon in mono normal\n|\n|t:|1699734097\n|switch|p2a: Ditto|Ditto|100\/100\n|-damage|p2a: Ditto|88\/100|[from] Stealth Rock\n|-transform|p2a: Ditto|p1a: Victoria|[from] ability: Imposter\n|turn|16\n|\n|t:|1699734117\n|move|p2a: Ditto|Toxic|p1a: Victoria|[miss]\n|-miss|p2a: Ditto|p1a: Victoria\n|move|p1a: Victoria|Rest|p1a: Victoria\n|-status|p1a: Victoria|slp|[from] move: Rest\n|-heal|p1a: Victoria|100\/100 slp|[silent]\n|\n|-sideend|p2: imAnthonybroNew|Reflect\n|upkeep\n|turn|17\n|c|\u2606imAnthonybroNew|Rip bozo i guess\n|\n|t:|1699734130\n|switch|p2a: Oranguru|Oranguru, F|33\/100\n|-damage|p2a: Oranguru|21\/100|[from] Stealth Rock\n|cant|p1a: Victoria|slp\n|move|p1a: Victoria|Sleep Talk|p1a: Victoria\n|move|p1a: Victoria|Toxic|p2a: Oranguru|[from]move: Sleep Talk|[miss]\n|-miss|p1a: Victoria|p2a: Oranguru\n|\n|upkeep\n|turn|18\n|c| Kryn|crazy\n|\n|t:|1699734149\n|switch|p1a: Type: AllorNothing|Type: Null|100\/100\n|move|p2a: Oranguru|Reflect|p2a: Oranguru\n|-sidestart|p2: imAnthonybroNew|Reflect\n|\n|-sideend|p2: imAnthonybroNew|move: Light Screen\n|upkeep\n|turn|19\n|\n|t:|1699734162\n|move|p2a: Oranguru|Foul Play|p1a: Type: AllorNothing\n|-damage|p1a: Type: AllorNothing|92\/100\n|move|p1a: Type: AllorNothing|Return|p2a: Oranguru\n|-damage|p2a: Oranguru|4\/100\n|\n|upkeep\n|turn|20\n|\n|t:|1699734169\n|move|p2a: Oranguru|Yawn|p1a: Type: AllorNothing\n|-start|p1a: Type: AllorNothing|move: Yawn|[of] p2a: Oranguru\n|move|p1a: Type: AllorNothing|Return|p2a: Oranguru\n|-damage|p2a: Oranguru|0 fnt\n|faint|p2a: Oranguru\n|\n|upkeep\n|\n|t:|1699734196\n|switch|p2a: Arceus2.0|Skitty, F|100\/100\n|-damage|p2a: Arceus2.0|88\/100|[from] Stealth Rock\n|turn|21\n|c|\u2606imAnthonybroNew|GET HIS ASS SKITTY\n|\n|t:|1699734214\n|move|p2a: Arceus2.0|Thunder Wave|p1a: Type: AllorNothing\n|-status|p1a: Type: AllorNothing|par\n|move|p1a: Type: AllorNothing|Toxic|p2a: Arceus2.0\n|-status|p2a: Arceus2.0|tox\n|\n|-damage|p2a: Arceus2.0|82\/100 tox|[from] psn\n|-end|p1a: Type: AllorNothing|move: Yawn|[silent]\n|upkeep\n|turn|22\n|c|\u2606Hyljys|anti synergy\n|c| Swoodle1030|but he was drowzy\n|\n|t:|1699734229\n|move|p2a: Arceus2.0|Return|p1a: Type: AllorNothing\n|-damage|p1a: Type: AllorNothing|76\/100 par\n|move|p1a: Type: AllorNothing|Rest|p1a: Type: AllorNothing\n|-status|p1a: Type: AllorNothing|slp|[from] move: Rest\n|-heal|p1a: Type: AllorNothing|100\/100 slp|[silent]\n|\n|-damage|p2a: Arceus2.0|70\/100 tox|[from] psn\n|upkeep\n|turn|23\n|c|\u2606imAnthonybroNew|I was hoping for a switch read\n|\n|t:|1699734251\n|switch|p2a: Kangaskhan|Kangaskhan, F|8\/100\n|-damage|p2a: Kangaskhan|0 fnt|[from] Stealth Rock\n|faint|p2a: Kangaskhan\n|cant|p1a: Type: AllorNothing|slp\n|move|p1a: Type: AllorNothing|Sleep Talk|p1a: Type: AllorNothing\n|move|p1a: Type: AllorNothing|Toxic|p2: Kangaskhan|[from]move: Sleep Talk|[notarget]\n|-fail|p1a: Type: AllorNothing\n|\n|upkeep\n|c| Kryn|value turn\n|c|\u2606imAnthonybroNew|Whelp. I tried dad\n|\n|t:|1699734262\n|switch|p2a: Ditto|Ditto|88\/100\n|-damage|p2a: Ditto|76\/100|[from] Stealth Rock\n|-transform|p2a: Ditto|p1a: Type: AllorNothing|[from] ability: Imposter\n|turn|24\n|\n|t:|1699734270\n|move|p2a: Ditto|Return|p1a: Type: AllorNothing\n|-damage|p1a: Type: AllorNothing|85\/100 slp\n|cant|p1a: Type: AllorNothing|slp\n|move|p1a: Type: AllorNothing|Sleep Talk|p1a: Type: AllorNothing\n|move|p1a: Type: AllorNothing|Rest||[from]move: Sleep Talk|[still]\n|-fail|p1a: Type: AllorNothing\n|\n|upkeep\n|turn|25\n|\n|t:|1699734279\n|move|p2a: Ditto|Return|p1a: Type: AllorNothing\n|-damage|p1a: Type: AllorNothing|70\/100 slp\n|-curestatus|p1a: Type: AllorNothing|slp|[msg]\n|move|p1a: Type: AllorNothing|Return|p2a: Ditto\n|-damage|p2a: Ditto|61\/100\n|\n|-sideend|p2: imAnthonybroNew|Reflect\n|upkeep\n|turn|26\n|\n|t:|1699734291\n|move|p2a: Ditto|Return|p1a: Type: AllorNothing\n|-damage|p1a: Type: AllorNothing|54\/100\n|move|p1a: Type: AllorNothing|Return|p2a: Ditto\n|-damage|p2a: Ditto|32\/100\n|\n|upkeep\n|turn|27\n|c|\u2606imAnthonybroNew|Gg\n|c|\u2606Hyljys|gg\n|\n|t:|1699734306\n|move|p2a: Ditto|Return|p1a: Type: AllorNothing\n|-damage|p1a: Type: AllorNothing|41\/100\n|move|p1a: Type: AllorNothing|Return|p2a: Ditto\n|-damage|p2a: Ditto|4\/100\n|\n|upkeep\n|turn|28\n|c|\u2606imAnthonybroNew|I wanna tera normal so bad lol\n|\n|t:|1699734320\n|move|p2a: Ditto|Return|p1a: Type: AllorNothing\n|-damage|p1a: Type: AllorNothing|25\/100\n|move|p1a: Type: AllorNothing|Return|p2a: Ditto\n|-damage|p2a: Ditto|0 fnt\n|faint|p2a: Ditto\n|\n|upkeep\n|\n|t:|1699734328\n|switch|p2a: Arceus2.0|Skitty, F|70\/100 tox\n|-damage|p2a: Arceus2.0|57\/100 tox|[from] Stealth Rock\n|turn|29\n|c| Kryn|do it with skitty\n|c|\u2606Hyljys|Time to bring in the hacked Regigigas\n|\n|t:|1699734345\n|switch|p1a: Giga Ass|Regigigas|100\/100\n|-terastallize|p2a: Arceus2.0|Normal\n|move|p2a: Arceus2.0|Fake Out|p1a: Giga Ass\n|-immune|p1a: Giga Ass\n|\n|-damage|p2a: Arceus2.0|51\/100 tox|[from] psn\n|upkeep\n|turn|30\n|c| Kryn|ahahha\n|\n|t:|1699734356\n|move|p2a: Arceus2.0|Sucker Punch||[still]\n|-fail|p2a: Arceus2.0\n|move|p1a: Giga Ass|Taunt|p2a: Arceus2.0\n|-start|p2a: Arceus2.0|move: Taunt\n|\n|-damage|p2a: Arceus2.0|39\/100 tox|[from] psn\n|upkeep\n|turn|31\n|c|\u2606imAnthonybroNew|Shitter alert lol\n|c| Kryn|SHITTER\n|c| ArktikAlice|SHITTER\n|\n|t:|1699734375\n|move|p2a: Arceus2.0|Sucker Punch|p1a: Giga Ass\n|-immune|p1a: Giga Ass\n|move|p1a: Giga Ass|Foul Play|p2a: Arceus2.0\n|-damage|p2a: Arceus2.0|0 fnt\n|faint|p2a: Arceus2.0\n|\n|win|Hyljys\n|c|\u2606imAnthonybroNew|Sucker immune?\n|c|\u2606imAnthonybroNew|Ggs!\n|c| Kryn|gg\n|c|\u2606Hyljys|Normalize lmao\n|c| Kryn|hahahaha\n","uploadtime":1699734399,"views":9,"p1id":"hyljys","p2id":"imanthonybronew","formatid":"gen9nationaldex","rating":0,"private":0,"password":""}