{"id":"gen9nationaldex-1989616000","p1":"ImPno","p2":"Hi my name is Goku","format":"[Gen 9] National Dex","log":"|j|\u2606ImPno\n|j|\u2606Hi my name is Goku\n|t:|1699879242\n|gametype|singles\n|player|p1|ImPno|ethan|1243\n|player|p2|Hi my name is Goku|blackbelt-gen4dp|1320\n|teamsize|p1|6\n|teamsize|p2|6\n|gen|9\n|tier|[Gen 9] National Dex\n|rated|\n|rule|HP Percentage Mod: HP is shown in percentages\n|rule|Endless Battle Clause: Forcing endless battles is banned\n|rule|OHKO Clause: OHKO moves are banned\n|rule|Evasion Clause: Evasion abilities, items, and moves are banned\n|rule|Evasion Abilities Clause: Evasion abilities are banned\n|rule|Evasion Items Clause: Evasion items are banned\n|rule|Evasion Moves Clause: Evasion moves are banned\n|rule|Species Clause: Limit one of each Pok\u00e9mon\n|rule|Sleep Clause Mod: Limit one foe put to sleep\n|clearpoke\n|poke|p1|Xurkitree|\n|poke|p1|Dragonite, F|\n|poke|p1|Scizor, M|\n|poke|p1|Urshifu-*, M|\n|poke|p1|Garganacl, F|\n|poke|p1|Hatterene, F|\n|poke|p2|Garchomp, M|\n|poke|p2|Kommo-o, M|\n|poke|p2|Goodra-Hisui, M|\n|poke|p2|Salamence, M|\n|poke|p2|Dipplin, M|\n|poke|p2|Kyurem|\n|teampreview\n|\n|t:|1699879247\n|start\n|switch|p1a: Garganacl|Garganacl, F, shiny|100\/100\n|switch|p2a: Boeing 777|Garchomp, M, shiny|100\/100\n|turn|1\n|\n|t:|1699879252\n|move|p2a: Boeing 777|Stealth Rock|p1a: Garganacl\n|-sidestart|p1: ImPno|move: Stealth Rock\n|move|p1a: Garganacl|Salt Cure|p2a: Boeing 777\n|-resisted|p2a: Boeing 777\n|-damage|p2a: Boeing 777|95\/100\n|-start|p2a: Boeing 777|Salt Cure\n|\n|-damage|p2a: Boeing 777|82\/100|[from] Salt Cure\n|upkeep\n|turn|2\n|\n|t:|1699879259\n|move|p2a: Boeing 777|Spikes|p1a: Garganacl\n|-sidestart|p1: ImPno|Spikes\n|move|p1a: Garganacl|Stealth Rock|p2a: Boeing 777\n|-sidestart|p2: Hi my name is Goku|move: Stealth Rock\n|\n|-damage|p2a: Boeing 777|70\/100|[from] Salt Cure\n|upkeep\n|turn|3\n|\n|t:|1699879263\n|move|p2a: Boeing 777|Spikes|p1a: Garganacl\n|-sidestart|p1: ImPno|Spikes\n|move|p1a: Garganacl|Earthquake|p2a: Boeing 777\n|-damage|p2a: Boeing 777|49\/100\n|\n|-damage|p2a: Boeing 777|37\/100|[from] Salt Cure\n|upkeep\n|turn|4\n|\n|t:|1699879266\n|move|p1a: Garganacl|Protect|p1a: Garganacl\n|-singleturn|p1a: Garganacl|Protect\n|move|p2a: Boeing 777|Spikes|p1a: Garganacl\n|-sidestart|p1: ImPno|Spikes\n|\n|-damage|p2a: Boeing 777|25\/100|[from] Salt Cure\n|upkeep\n|turn|5\n|\n|t:|1699879271\n|move|p2a: Boeing 777|Earthquake|p1a: Garganacl\n|-supereffective|p1a: Garganacl\n|-damage|p1a: Garganacl|51\/100\n|move|p1a: Garganacl|Earthquake|p2a: Boeing 777\n|-damage|p2a: Boeing 777|4\/100\n|\n|-heal|p1a: Garganacl|58\/100|[from] item: Leftovers\n|-damage|p2a: Boeing 777|0 fnt|[from] Salt Cure\n|faint|p2a: Boeing 777\n|upkeep\n|\n|t:|1699879275\n|switch|p2a: Swiffer Jet|Kommo-o, M, shiny|100\/100\n|-damage|p2a: Swiffer Jet|94\/100|[from] Stealth Rock\n|turn|6\n|\n|t:|1699879280\n|-zpower|p2a: Swiffer Jet\n|move|p2a: Swiffer Jet|Clangorous Soulblaze|p1a: Garganacl|[zeffect]\n|-damage|p1a: Garganacl|0 fnt\n|faint|p1a: Garganacl\n|-boost|p2a: Swiffer Jet|atk|1\n|-boost|p2a: Swiffer Jet|def|1\n|-boost|p2a: Swiffer Jet|spa|1\n|-boost|p2a: Swiffer Jet|spd|1\n|-boost|p2a: Swiffer Jet|spe|1\n|\n|upkeep\n|\n|t:|1699879287\n|switch|p1a: Hatterene|Hatterene, F, shiny|100\/100\n|-damage|p1a: Hatterene|88\/100|[from] Stealth Rock\n|-damage|p1a: Hatterene|63\/100|[from] Spikes\n|turn|7\n|\n|t:|1699879293\n|move|p2a: Swiffer Jet|Poison Jab|p1a: Hatterene\n|-supereffective|p1a: Hatterene\n|-damage|p1a: Hatterene|0 fnt\n|faint|p1a: Hatterene\n|\n|upkeep\n|\n|t:|1699879297\n|switch|p1a: Dragonite|Dragonite, F, shiny|100\/100\n|-damage|p1a: Dragonite|75\/100|[from] Stealth Rock\n|turn|8\n|\n|t:|1699879301\n|move|p2a: Swiffer Jet|Clanging Scales|p1a: Dragonite\n|-supereffective|p1a: Dragonite\n|-damage|p1a: Dragonite|0 fnt\n|faint|p1a: Dragonite\n|-unboost|p2a: Swiffer Jet|def|1\n|\n|upkeep\n|\n|t:|1699879306\n|switch|p1a: Xurkitree|Xurkitree, shiny|100\/100\n|-damage|p1a: Xurkitree|88\/100|[from] Stealth Rock\n|-damage|p1a: Xurkitree|63\/100|[from] Spikes\n|turn|9\n|\n|t:|1699879312\n|move|p2a: Swiffer Jet|Close Combat|p1a: Xurkitree\n|-damage|p1a: Xurkitree|0 fnt\n|-unboost|p2a: Swiffer Jet|def|1\n|-unboost|p2a: Swiffer Jet|spd|1\n|faint|p1a: Xurkitree\n|\n|upkeep\n|\n|t:|1699879317\n|switch|p1a: Scizor|Scizor, M, shiny|100\/100\n|-damage|p1a: Scizor|88\/100|[from] Stealth Rock\n|-damage|p1a: Scizor|63\/100|[from] Spikes\n|turn|10\n|\n|t:|1699879320\n|detailschange|p1a: Scizor|Scizor-Mega, M, shiny\n|-mega|p1a: Scizor|Scizor|Scizorite\n|move|p1a: Scizor|Bullet Punch|p2a: Swiffer Jet\n|-damage|p2a: Swiffer Jet|39\/100\n|move|p2a: Swiffer Jet|Flamethrower|p1a: Scizor\n|-supereffective|p1a: Scizor\n|-damage|p1a: Scizor|0 fnt\n|faint|p1a: Scizor\n|\n|upkeep\n|\n|t:|1699879324\n|switch|p1a: Urshifu|Urshifu-Rapid-Strike, M|100\/100\n|-damage|p1a: Urshifu|94\/100|[from] Stealth Rock\n|-damage|p1a: Urshifu|70\/100|[from] Spikes\n|turn|11\n|\n|t:|1699879330\n|move|p2a: Swiffer Jet|Clanging Scales|p1a: Urshifu\n|-damage|p1a: Urshifu|0 fnt\n|faint|p1a: Urshifu\n|\n|win|Hi my name is Goku\n|raw|ImPno's rating: 1243 &rarr; <strong>1223<\/strong><br \/>(-20 for losing)\n|raw|Hi my name is Goku's rating: 1320 &rarr; <strong>1336<\/strong><br \/>(+16 for winning)\n|l|\u2606ImPno\n","uploadtime":1699879337,"views":28,"p1id":"impno","p2id":"himynameisgoku","formatid":"gen9nationaldex","rating":1223,"private":0,"password":""}