{"id":"gen9nationaldex-1993336029","p1":"playingDeF","p2":"biedianla","format":"[Gen 9] National Dex","log":"|j|\u2606playingDeF\n|j|\u2606biedianla\n|t:|1700300894\n|gametype|singles\n|player|p1|playingDeF|lusamine-masters|1664\n|player|p2|biedianla|pokemaniac|1654\n|teamsize|p1|6\n|teamsize|p2|6\n|gen|9\n|tier|[Gen 9] National Dex\n|rated|\n|rule|HP Percentage Mod: HP is shown in percentages\n|rule|Endless Battle Clause: Forcing endless battles is banned\n|rule|OHKO Clause: OHKO moves are banned\n|rule|Evasion Clause: Evasion abilities, items, and moves are banned\n|rule|Evasion Abilities Clause: Evasion abilities are banned\n|rule|Evasion Items Clause: Evasion items are banned\n|rule|Evasion Moves Clause: Evasion moves are banned\n|rule|Species Clause: Limit one of each Pok\u00e9mon\n|rule|Sleep Clause Mod: Limit one foe put to sleep\n|clearpoke\n|poke|p1|Weavile, F|\n|poke|p1|Scizor, M|\n|poke|p1|Iron Valiant|\n|poke|p1|Landorus-Therian, M|\n|poke|p1|Volcanion|\n|poke|p1|Urshifu-*, F|\n|poke|p2|Rillaboom, M|\n|poke|p2|Heatran, F|\n|poke|p2|Medicham, M|\n|poke|p2|Dragonite, M|\n|poke|p2|Tornadus-Therian, M|\n|poke|p2|Alomomola, M|\n|teampreview\n|inactive|Battle timer is ON: inactive players will automatically lose when time's up. (requested by biedianla)\n|\n|t:|1700300906\n|start\n|switch|p1a: Landorus|Landorus-Therian, M, shiny|100\/100\n|switch|p2a: Medicham|Medicham, M|100\/100\n|-ability|p1a: Landorus|Intimidate|boost\n|-unboost|p2a: Medicham|atk|1\n|turn|1\n|\n|t:|1700300919\n|detailschange|p2a: Medicham|Medicham-Mega, M\n|-mega|p2a: Medicham|Medicham|Medichamite\n|move|p2a: Medicham|Fake Out|p1a: Landorus\n|-damage|p1a: Landorus|90\/100\n|cant|p1a: Landorus|flinch\n|\n|-heal|p1a: Landorus|96\/100|[from] item: Leftovers\n|upkeep\n|turn|2\n|\n|t:|1700300929\n|move|p2a: Medicham|Zen Headbutt|p1a: Landorus\n|-damage|p1a: Landorus|61\/100\n|cant|p1a: Landorus|flinch\n|\n|-heal|p1a: Landorus|67\/100|[from] item: Leftovers\n|upkeep\n|turn|3\n|\n|t:|1700300937\n|switch|p2a: Dragonite|Dragonite, M, shiny|100\/100\n|move|p1a: Landorus|U-turn|p2a: Dragonite\n|-resisted|p2a: Dragonite\n|-damage|p2a: Dragonite|94\/100\n|\n|t:|1700300940\n|switch|p1a: Weavile|Weavile, F, shiny|100\/100|[from] U-turn\n|-ability|p1a: Weavile|Pressure\n|\n|upkeep\n|turn|4\n|\n|t:|1700300952\n|switch|p2a: Alomomola|Alomomola, M, shiny|100\/100\n|move|p1a: Weavile|Beat Up|p2a: Alomomola\n|-damage|p2a: Alomomola|94\/100\n|-damage|p2a: Alomomola|87\/100\n|-damage|p2a: Alomomola|80\/100\n|-damage|p2a: Alomomola|71\/100\n|-damage|p2a: Alomomola|65\/100\n|-damage|p2a: Alomomola|57\/100\n|-hitcount|p2a: Alomomola|6\n|\n|upkeep\n|turn|5\n|\n|t:|1700300973\n|-terastallize|p1a: Weavile|Dark\n|move|p1a: Weavile|Beat Up|p2a: Alomomola\n|-damage|p2a: Alomomola|48\/100\n|-damage|p2a: Alomomola|39\/100\n|-damage|p2a: Alomomola|29\/100\n|-damage|p2a: Alomomola|19\/100\n|-damage|p2a: Alomomola|10\/100\n|-damage|p2a: Alomomola|1\/100\n|-hitcount|p2a: Alomomola|6\n|move|p2a: Alomomola|Wish|p2a: Alomomola\n|\n|upkeep\n|turn|6\n|\n|t:|1700300985\n|move|p2a: Alomomola|Protect|p2a: Alomomola\n|-singleturn|p2a: Alomomola|Protect\n|move|p1a: Weavile|Beat Up|p2a: Alomomola\n|-activate|p2a: Alomomola|move: Protect\n|\n|-heal|p2a: Alomomola|51\/100|[from] move: Wish|[wisher] Alomomola\n|upkeep\n|turn|7\n|\n|t:|1700300987\n|move|p1a: Weavile|Beat Up|p2a: Alomomola\n|-damage|p2a: Alomomola|42\/100\n|-damage|p2a: Alomomola|33\/100\n|-damage|p2a: Alomomola|22\/100\n|-damage|p2a: Alomomola|12\/100\n|-damage|p2a: Alomomola|3\/100\n|-damage|p2a: Alomomola|0 fnt\n|faint|p2a: Alomomola\n|-hitcount|p2: Alomomola|6\n|\n|upkeep\n|\n|t:|1700300990\n|switch|p2a: Medicham|Medicham-Mega, M|100\/100\n|turn|8\n|\n|t:|1700301000\n|switch|p1a: Landorus|Landorus-Therian, M, shiny|67\/100\n|-ability|p1a: Landorus|Intimidate|boost\n|-unboost|p2a: Medicham|atk|1\n|move|p2a: Medicham|Fake Out|p1a: Landorus\n|-damage|p1a: Landorus|57\/100\n|\n|-heal|p1a: Landorus|63\/100|[from] item: Leftovers\n|upkeep\n|turn|9\n|\n|t:|1700301009\n|switch|p2a: Dragonite|Dragonite, M, shiny|94\/100\n|move|p1a: Landorus|Stealth Rock|p2a: Dragonite\n|-sidestart|p2: biedianla|move: Stealth Rock\n|\n|-heal|p1a: Landorus|69\/100|[from] item: Leftovers\n|upkeep\n|turn|10\n|\n|t:|1700301012\n|move|p2a: Dragonite|Dragon Dance|p2a: Dragonite\n|-boost|p2a: Dragonite|atk|1\n|-boost|p2a: Dragonite|spe|1\n|move|p1a: Landorus|U-turn|p2a: Dragonite\n|-resisted|p2a: Dragonite\n|-damage|p2a: Dragonite|81\/100\n|\n|t:|1700301016\n|switch|p1a: Iron Valiant|Iron Valiant, shiny|100\/100|[from] U-turn\n|-enditem|p1a: Iron Valiant|Booster Energy\n|-activate|p1a: Iron Valiant|ability: Quark Drive|[fromitem]\n|-start|p1a: Iron Valiant|quarkdrivespe\n|\n|upkeep\n|turn|11\n|\n|t:|1700301027\n|-terastallize|p2a: Dragonite|Normal\n|move|p2a: Dragonite|Extreme Speed|p1a: Iron Valiant\n|-damage|p1a: Iron Valiant|12\/100\n|move|p1a: Iron Valiant|Moonblast|p2a: Dragonite\n|-damage|p2a: Dragonite|32\/100\n|\n|upkeep\n|turn|12\n|\n|t:|1700301033\n|move|p2a: Dragonite|Extreme Speed|p1a: Iron Valiant\n|-damage|p1a: Iron Valiant|0 fnt\n|faint|p1a: Iron Valiant\n|-end|p1a: Iron Valiant|Quark Drive|[silent]\n|\n|upkeep\n|j| kun_power_\u9e21\u54e5\n|\n|t:|1700301046\n|switch|p1a: Urshifu|Urshifu-Rapid-Strike, F|100\/100\n|turn|13\n|\n|t:|1700301050\n|move|p2a: Dragonite|Extreme Speed|p1a: Urshifu\n|-damage|p1a: Urshifu|35\/100\n|move|p1a: Urshifu|U-turn|p2a: Dragonite\n|-damage|p2a: Dragonite|3\/100\n|\n|t:|1700301056\n|switch|p1a: Scizor|Scizor, M, shiny|100\/100|[from] U-turn\n|\n|upkeep\n|turn|14\n|\n|t:|1700301058\n|detailschange|p1a: Scizor|Scizor-Mega, M, shiny\n|-mega|p1a: Scizor|Scizor|Scizorite\n|move|p2a: Dragonite|Extreme Speed|p1a: Scizor\n|-resisted|p1a: Scizor\n|-damage|p1a: Scizor|68\/100\n|move|p1a: Scizor|Bullet Punch|p2a: Dragonite\n|-damage|p2a: Dragonite|0 fnt\n|faint|p2a: Dragonite\n|\n|upkeep\n|\n|t:|1700301060\n|switch|p2a: Heatran|Heatran, F|100\/100\n|-damage|p2a: Heatran|88\/100|[from] Stealth Rock\n|turn|15\n|\n|t:|1700301064\n|switch|p1a: Volcanion|Volcanion|100\/100\n|move|p2a: Heatran|Magma Storm|p1a: Volcanion|[miss]\n|-miss|p2a: Heatran|p1a: Volcanion\n|\n|-heal|p2a: Heatran|94\/100|[from] item: Leftovers\n|upkeep\n|turn|16\n|\n|t:|1700301071\n|move|p1a: Volcanion|Will-O-Wisp|p2a: Heatran\n|-start|p2a: Heatran|ability: Flash Fire\n|move|p2a: Heatran|Earth Power|p1a: Volcanion\n|-supereffective|p1a: Volcanion\n|-damage|p1a: Volcanion|39\/100\n|-unboost|p1a: Volcanion|spd|1\n|\n|-heal|p2a: Heatran|100\/100|[from] item: Leftovers\n|upkeep\n|turn|17\n|\n|t:|1700301077\n|move|p1a: Volcanion|Earth Power|p2a: Heatran\n|-supereffective|p2a: Heatran\n|-damage|p2a: Heatran|26\/100\n|move|p2a: Heatran|Earth Power|p1a: Volcanion\n|-supereffective|p1a: Volcanion\n|-damage|p1a: Volcanion|0 fnt\n|faint|p1a: Volcanion\n|\n|-heal|p2a: Heatran|32\/100|[from] item: Leftovers\n|upkeep\n|\n|t:|1700301083\n|switch|p1a: Landorus|Landorus-Therian, M, shiny|69\/100\n|-ability|p1a: Landorus|Intimidate|boost\n|-unboost|p2a: Heatran|atk|1\n|turn|18\n|\n|t:|1700301088\n|-end|p2a: Heatran|ability: Flash Fire|[silent]\n|switch|p2a: Tornadus|Tornadus-Therian, M, shiny|100\/100\n|move|p1a: Landorus|Earthquake|p2a: Tornadus\n|-immune|p2a: Tornadus\n|\n|-heal|p1a: Landorus|75\/100|[from] item: Leftovers\n|upkeep\n|turn|19\n|\n|t:|1700301094\n|move|p2a: Tornadus|Defog|p1a: Landorus\n|-unboost|p1a: Landorus|evasion|1\n|-sideend|p2: biedianla|Stealth Rock|[from] move: Defog|[of] p2a: Tornadus\n|move|p1a: Landorus|U-turn|p2a: Tornadus\n|-resisted|p2a: Tornadus\n|-damage|p2a: Tornadus|88\/100\n|\n|t:|1700301097\n|switch|p1a: Weavile|Weavile, F, shiny, tera:Dark|100\/100|[from] U-turn\n|-ability|p1a: Weavile|Pressure\n|\n|upkeep\n|turn|20\n|\n|t:|1700301102\n|move|p1a: Weavile|Knock Off|p2a: Tornadus\n|-damage|p2a: Tornadus|0 fnt\n|-enditem|p2a: Tornadus|Heavy-Duty Boots|[from] move: Knock Off|[of] p1a: Weavile\n|faint|p2a: Tornadus\n|\n|upkeep\n|\n|t:|1700301106\n|switch|p2a: Medicham|Medicham-Mega, M|100\/100\n|turn|21\n|\n|t:|1700301110\n|switch|p1a: Landorus|Landorus-Therian, M, shiny|75\/100\n|-ability|p1a: Landorus|Intimidate|boost\n|-unboost|p2a: Medicham|atk|1\n|move|p2a: Medicham|Zen Headbutt|p1a: Landorus\n|-damage|p1a: Landorus|43\/100\n|\n|-heal|p1a: Landorus|49\/100|[from] item: Leftovers\n|upkeep\n|turn|22\n|j| Moonblxstic\n|\n|t:|1700301117\n|switch|p2a: Rillaboom|Rillaboom, M|100\/100\n|-fieldstart|move: Grassy Terrain|[from] ability: Grassy Surge|[of] p2a: Rillaboom\n|move|p1a: Landorus|U-turn|p2a: Rillaboom\n|-supereffective|p2a: Rillaboom\n|-damage|p2a: Rillaboom|60\/100\n|l| Moonblxstic\n|\n|t:|1700301120\n|switch|p1a: Scizor|Scizor-Mega, M, shiny|68\/100|[from] U-turn\n|\n|-heal|p1a: Scizor|74\/100|[from] Grassy Terrain\n|-heal|p2a: Rillaboom|67\/100|[from] Grassy Terrain\n|upkeep\n|turn|23\n|\n|t:|1700301126\n|move|p1a: Scizor|Close Combat|p2a: Rillaboom\n|-damage|p2a: Rillaboom|22\/100\n|-unboost|p1a: Scizor|def|1\n|-unboost|p1a: Scizor|spd|1\n|move|p2a: Rillaboom|U-turn|p1a: Scizor\n|-resisted|p1a: Scizor\n|-damage|p1a: Scizor|49\/100\n|\n|t:|1700301129\n|switch|p2a: Medicham|Medicham-Mega, M|100\/100|[from] U-turn\n|\n|-heal|p1a: Scizor|55\/100|[from] Grassy Terrain\n|upkeep\n|turn|24\n|\n|t:|1700301132\n|switch|p1a: Landorus|Landorus-Therian, M, shiny|49\/100\n|-ability|p1a: Landorus|Intimidate|boost\n|-unboost|p2a: Medicham|atk|1\n|move|p2a: Medicham|Close Combat|p1a: Landorus\n|-resisted|p1a: Landorus\n|-damage|p1a: Landorus|25\/100\n|-unboost|p2a: Medicham|def|1\n|-unboost|p2a: Medicham|spd|1\n|\n|-heal|p1a: Landorus|31\/100|[from] item: Leftovers\n|upkeep\n|turn|25\n|\n|t:|1700301145\n|switch|p2a: Heatran|Heatran, F|32\/100\n|switch|p1a: Weavile|Weavile, F, shiny, tera:Dark|100\/100\n|-ability|p1a: Weavile|Pressure\n|\n|-heal|p2a: Heatran|38\/100|[from] Grassy Terrain\n|-heal|p2a: Heatran|45\/100|[from] item: Leftovers\n|upkeep\n|turn|26\n|\n|t:|1700301150\n|move|p1a: Weavile|Knock Off|p2a: Heatran\n|-damage|p2a: Heatran|0 fnt\n|-enditem|p2a: Heatran|Leftovers|[from] move: Knock Off|[of] p1a: Weavile\n|faint|p2a: Heatran\n|\n|-fieldend|move: Grassy Terrain\n|upkeep\n|\n|t:|1700301152\n|switch|p2a: Medicham|Medicham-Mega, M|100\/100\n|turn|27\n|\n|t:|1700301155\n|move|p1a: Weavile|Knock Off|p2a: Medicham\n|-damage|p2a: Medicham|0 fnt\n|faint|p2a: Medicham\n|\n|upkeep\n|-message|biedianla forfeited.\n|\n|win|playingDeF\n|raw|playingDeF's rating: 1664 &rarr; <strong>1683<\/strong><br \/>(+19 for winning)\n|raw|biedianla's rating: 1654 &rarr; <strong>1635<\/strong><br \/>(-19 for losing)\n|l|\u2606biedianla\n","uploadtime":1700301170,"views":8,"p1id":"playingdef","p2id":"biedianla","formatid":"gen9nationaldex","rating":1635,"private":0,"password":""}