{"id":"gen9nationaldex-1990236819","p1":"Forever1507","p2":"Tokiwakano","format":"[Gen 9] National Dex","log":"|j|\u2606Forever1507\n|j|\u2606Tokiwakano\n|t:|1699942176\n|gametype|singles\n|player|p1|Forever1507|169|1663\n|player|p2|Tokiwakano|caitlin|1748\n|teamsize|p1|6\n|teamsize|p2|6\n|gen|9\n|tier|[Gen 9] National Dex\n|rated|\n|rule|HP Percentage Mod: HP is shown in percentages\n|rule|Endless Battle Clause: Forcing endless battles is banned\n|rule|OHKO Clause: OHKO moves are banned\n|rule|Evasion Clause: Evasion abilities, items, and moves are banned\n|rule|Evasion Abilities Clause: Evasion abilities are banned\n|rule|Evasion Items Clause: Evasion items are banned\n|rule|Evasion Moves Clause: Evasion moves are banned\n|rule|Species Clause: Limit one of each Pok\u00e9mon\n|rule|Sleep Clause Mod: Limit one foe put to sleep\n|clearpoke\n|poke|p1|Charizard, M|\n|poke|p1|Kommo-o, F|\n|poke|p1|Rillaboom, M|\n|poke|p1|Sneasler, M|\n|poke|p1|Volcarona, M|\n|poke|p1|Zapdos|\n|poke|p2|Tapu Koko|\n|poke|p2|Iron Valiant|\n|poke|p2|Garchomp, M|\n|poke|p2|Ferrothorn, F|\n|poke|p2|Scizor, F|\n|poke|p2|Gliscor, M|\n|teampreview\n|inactive|Battle timer is ON: inactive players will automatically lose when time's up. (requested by Tokiwakano)\n|\n|t:|1699942189\n|start\n|switch|p1a: I HATE HEATRAN|Volcarona, M|100\/100\n|switch|p2a: Tapu Koko|Tapu Koko|100\/100\n|-fieldstart|move: Electric Terrain|[from] ability: Electric Surge|[of] p2a: Tapu Koko\n|turn|1\n|\n|t:|1699942195\n|-terastallize|p1a: I HATE HEATRAN|Ground\n|move|p2a: Tapu Koko|Volt Switch|p1a: I HATE HEATRAN\n|-immune|p1a: I HATE HEATRAN\n|move|p1a: I HATE HEATRAN|Quiver Dance|p1a: I HATE HEATRAN\n|-boost|p1a: I HATE HEATRAN|spa|1\n|-boost|p1a: I HATE HEATRAN|spd|1\n|-boost|p1a: I HATE HEATRAN|spe|1\n|\n|upkeep\n|turn|2\n|\n|t:|1699942201\n|switch|p2a: Garchomp|Garchomp, M|100\/100\n|move|p1a: I HATE HEATRAN|Quiver Dance|p1a: I HATE HEATRAN\n|-boost|p1a: I HATE HEATRAN|spa|1\n|-boost|p1a: I HATE HEATRAN|spd|1\n|-boost|p1a: I HATE HEATRAN|spe|1\n|\n|upkeep\n|turn|3\n|\n|t:|1699942204\n|move|p1a: I HATE HEATRAN|Tera Blast|p2a: Garchomp|[anim] Tera Blast Ground\n|-damage|p2a: Garchomp|0 fnt\n|faint|p2a: Garchomp\n|\n|upkeep\n|\n|t:|1699942221\n|switch|p2a: Ferrothorn|Ferrothorn, F|100\/100\n|turn|4\n|\n|t:|1699942224\n|-terastallize|p2a: Ferrothorn|Ghost\n|move|p1a: I HATE HEATRAN|Fiery Dance|p2a: Ferrothorn\n|-damage|p2a: Ferrothorn|33\/100\n|move|p2a: Ferrothorn|Gyro Ball|p1a: I HATE HEATRAN\n|-damage|p1a: I HATE HEATRAN|19\/100\n|\n|-heal|p2a: Ferrothorn|39\/100|[from] item: Leftovers\n|upkeep\n|turn|5\n|\n|t:|1699942231\n|move|p1a: I HATE HEATRAN|Fiery Dance|p2a: Ferrothorn\n|-damage|p2a: Ferrothorn|0 fnt\n|faint|p2a: Ferrothorn\n|\n|-fieldend|move: Electric Terrain\n|upkeep\n|\n|t:|1699942232\n|switch|p2a: Scizor|Scizor, F|100\/100\n|turn|6\n|\n|t:|1699942236\n|detailschange|p2a: Scizor|Scizor-Mega, F\n|-mega|p2a: Scizor|Scizor|Scizorite\n|move|p2a: Scizor|Bullet Punch|p1a: I HATE HEATRAN\n|-damage|p1a: I HATE HEATRAN|0 fnt\n|faint|p1a: I HATE HEATRAN\n|\n|upkeep\n|\n|t:|1699942240\n|switch|p1a: GUESS WHO I AM?|Charizard, M|100\/100\n|turn|7\n|\n|t:|1699942251\n|switch|p2a: Gliscor|Gliscor, M|100\/100\n|detailschange|p1a: GUESS WHO I AM?|Charizard-Mega-X, M\n|-mega|p1a: GUESS WHO I AM?|Charizard|Charizardite X\n|move|p1a: GUESS WHO I AM?|Dragon Dance|p1a: GUESS WHO I AM?\n|-boost|p1a: GUESS WHO I AM?|atk|1\n|-boost|p1a: GUESS WHO I AM?|spe|1\n|\n|-status|p2a: Gliscor|tox|[from] item: Toxic Orb\n|upkeep\n|turn|8\n|\n|t:|1699942258\n|move|p1a: GUESS WHO I AM?|Flare Blitz|p2a: Gliscor\n|-damage|p2a: Gliscor|9\/100 tox\n|-damage|p1a: GUESS WHO I AM?|65\/100|[from] Recoil\n|move|p2a: Gliscor|Earthquake|p1a: GUESS WHO I AM?\n|-supereffective|p1a: GUESS WHO I AM?\n|-damage|p1a: GUESS WHO I AM?|0 fnt\n|faint|p1a: GUESS WHO I AM?\n|\n|-heal|p2a: Gliscor|22\/100 tox|[from] ability: Poison Heal\n|upkeep\n|\n|t:|1699942267\n|switch|p1a: GENSHIN IMPACT|Rillaboom, M|100\/100\n|-fieldstart|move: Grassy Terrain|[from] ability: Grassy Surge|[of] p1a: GENSHIN IMPACT\n|turn|9\n|\n|t:|1699942270\n|switch|p2a: Scizor|Scizor-Mega, F|100\/100\n|move|p1a: GENSHIN IMPACT|U-turn|p2a: Scizor\n|-resisted|p2a: Scizor\n|-damage|p2a: Scizor|86\/100\n|\n|t:|1699942275\n|switch|p1a: NEVER MISS A MOVE|Zapdos|100\/100|[from] U-turn\n|\n|-heal|p2a: Scizor|92\/100|[from] Grassy Terrain\n|upkeep\n|turn|10\n|\n|t:|1699942279\n|switch|p2a: Gliscor|Gliscor, M|22\/100 tox\n|move|p1a: NEVER MISS A MOVE|Hurricane|p2a: Gliscor\n|-damage|p2a: Gliscor|0 fnt\n|faint|p2a: Gliscor\n|\n|upkeep\n|\n|t:|1699942283\n|switch|p2a: Tapu Koko|Tapu Koko|100\/100\n|-fieldstart|move: Electric Terrain|[from] ability: Electric Surge|[of] p2a: Tapu Koko\n|turn|11\n|\n|t:|1699942288\n|move|p2a: Tapu Koko|Hidden Power|p1a: NEVER MISS A MOVE\n|-supereffective|p1a: NEVER MISS A MOVE\n|-damage|p1a: NEVER MISS A MOVE|68\/100\n|move|p1a: NEVER MISS A MOVE|Volt Switch|p2a: Tapu Koko\n|-resisted|p2a: Tapu Koko\n|-damage|p2a: Tapu Koko|78\/100\n|\n|t:|1699942294\n|switch|p1a: GENSHIN IMPACT|Rillaboom, M|100\/100|[from] Volt Switch\n|-fieldstart|move: Grassy Terrain|[from] ability: Grassy Surge|[of] p1a: GENSHIN IMPACT\n|\n|-heal|p2a: Tapu Koko|84\/100|[from] Grassy Terrain\n|upkeep\n|turn|12\n|\n|t:|1699942296\n|move|p2a: Tapu Koko|Volt Switch|p1a: GENSHIN IMPACT\n|-resisted|p1a: GENSHIN IMPACT\n|-damage|p1a: GENSHIN IMPACT|82\/100\n|\n|t:|1699942300\n|switch|p2a: Iron Valiant|Iron Valiant|100\/100|[from] Volt Switch\n|move|p1a: GENSHIN IMPACT|U-turn|p2a: Iron Valiant\n|-resisted|p2a: Iron Valiant\n|-damage|p2a: Iron Valiant|87\/100\n|\n|t:|1699942305\n|switch|p1a: R YOU BANNING ME?|Sneasler, M|100\/100|[from] U-turn\n|-enditem|p1a: R YOU BANNING ME?|Grassy Seed\n|-boost|p1a: R YOU BANNING ME?|def|1|[from] item: Grassy Seed\n|\n|-heal|p2a: Iron Valiant|94\/100|[from] Grassy Terrain\n|upkeep\n|turn|13\n|\n|t:|1699942310\n|move|p1a: R YOU BANNING ME?|Dire Claw|p2a: Iron Valiant\n|-supereffective|p2a: Iron Valiant\n|-damage|p2a: Iron Valiant|0 fnt\n|faint|p2a: Iron Valiant\n|-end|p2a: Iron Valiant|Quark Drive|[silent]\n|\n|upkeep\n|\n|t:|1699942313\n|switch|p2a: Scizor|Scizor-Mega, F|92\/100\n|turn|14\n|\n|t:|1699942316\n|move|p2a: Scizor|Bullet Punch|p1a: R YOU BANNING ME?\n|-damage|p1a: R YOU BANNING ME?|65\/100\n|move|p1a: R YOU BANNING ME?|Swords Dance|p1a: R YOU BANNING ME?\n|-boost|p1a: R YOU BANNING ME?|atk|2\n|\n|-heal|p1a: R YOU BANNING ME?|71\/100|[from] Grassy Terrain\n|-heal|p2a: Scizor|98\/100|[from] Grassy Terrain\n|upkeep\n|turn|15\n|-message|Tokiwakano forfeited.\n|\n|win|Forever1507\n|raw|Forever1507's rating: 1663 &rarr; <strong>1688<\/strong><br \/>(+25 for winning)\n|raw|Tokiwakano's rating: 1748 &rarr; <strong>1723<\/strong><br \/>(-25 for losing)\n|l|\u2606Tokiwakano\n","uploadtime":1699942337,"views":14,"p1id":"forever1507","p2id":"tokiwakano","formatid":"gen9nationaldex","rating":1688,"private":0,"password":""}