{"id":"gen9nationaldex-1995906350","p1":"LELELEIOIOIO","p2":"DJRRRR","format":"[Gen 9] National Dex","log":"|html|<div class=\"broadcast-blue\"><strong>[Gen 9] National Dex is currently suspecting Sneasler! For information on how to participate check out the <a href=\"https:\/\/www.smogon.com\/forums\/threads\/sv-national-dex-suspect-8-just-dance.3731534\/\">suspect thread<\/a>.<\/strong><\/div>\n|j|\u2606LELELEIOIOIO\n|j|\u2606DJRRRR\n|t:|1700615941\n|gametype|singles\n|player|p1|LELELEIOIOIO|102|1396\n|player|p2|DJRRRR|roxie|1454\n|teamsize|p1|6\n|teamsize|p2|6\n|gen|9\n|tier|[Gen 9] National Dex\n|rated|\n|rule|HP Percentage Mod: HP is shown in percentages\n|rule|Endless Battle Clause: Forcing endless battles is banned\n|rule|OHKO Clause: OHKO moves are banned\n|rule|Evasion Clause: Evasion abilities, items, and moves are banned\n|rule|Evasion Abilities Clause: Evasion abilities are banned\n|rule|Evasion Items Clause: Evasion items are banned\n|rule|Evasion Moves Clause: Evasion moves are banned\n|rule|Species Clause: Limit one of each Pok\u00e9mon\n|rule|Sleep Clause Mod: Limit one foe put to sleep\n|clearpoke\n|poke|p1|Pelipper, M|\n|poke|p1|Swampert, M|\n|poke|p1|Crawdaunt, M|\n|poke|p1|Ferrothorn, M|\n|poke|p1|Hydreigon, M|\n|poke|p1|Zapdos|\n|poke|p2|Victini|\n|poke|p2|Heatran, M|\n|poke|p2|Blacephalon|\n|poke|p2|Torkoal, F|\n|poke|p2|Venusaur, M|\n|poke|p2|Great Tusk|\n|teampreview\n|inactive|Battle timer is ON: inactive players will automatically lose when time's up. (requested by DJRRRR)\n|\n|t:|1700615956\n|start\n|switch|p1a: Crawdaunt|Crawdaunt, M|100\/100\n|switch|p2a: Torkoal|Torkoal, F|100\/100\n|-weather|SunnyDay|[from] ability: Drought|[of] p2a: Torkoal\n|turn|1\n|\n|t:|1700615966\n|switch|p2a: Venusaur|Venusaur, M|100\/100\n|move|p1a: Crawdaunt|Knock Off|p2a: Venusaur\n|-damage|p2a: Venusaur|0 fnt\n|-enditem|p2a: Venusaur|Life Orb|[from] move: Knock Off|[of] p1a: Crawdaunt\n|faint|p2a: Venusaur\n|-damage|p1a: Crawdaunt|91\/100|[from] item: Life Orb\n|\n|-weather|SunnyDay|[upkeep]\n|upkeep\n|inactive|DJRRRR has 120 seconds left.\n|\n|t:|1700616009\n|switch|p2a: Victini|Victini|100\/100\n|turn|2\n|\n|t:|1700616014\n|switch|p1a: Pelipper|Pelipper, M|100\/100\n|-weather|RainDance|[from] ability: Drizzle|[of] p1a: Pelipper\n|move|p2a: Victini|Bolt Strike|p1a: Pelipper\n|-supereffective|p1a: Pelipper\n|-damage|p1a: Pelipper|6\/100\n|\n|-weather|RainDance|[upkeep]\n|upkeep\n|turn|3\n|inactive|DJRRRR has 120 seconds left.\n|\n|t:|1700616036\n|switch|p2a: Torkoal|Torkoal, F|100\/100\n|-weather|SunnyDay|[from] ability: Drought|[of] p2a: Torkoal\n|switch|p1a: Crawdaunt|Crawdaunt, M|91\/100\n|\n|-weather|SunnyDay|[upkeep]\n|upkeep\n|turn|4\n|\n|t:|1700616056\n|switch|p2a: Victini|Victini|100\/100\n|move|p1a: Crawdaunt|Knock Off|p2a: Victini\n|-supereffective|p2a: Victini\n|-damage|p2a: Victini|0 fnt\n|-enditem|p2a: Victini|Choice Scarf|[from] move: Knock Off|[of] p1a: Crawdaunt\n|faint|p2a: Victini\n|-damage|p1a: Crawdaunt|81\/100|[from] item: Life Orb\n|\n|-weather|SunnyDay|[upkeep]\n|upkeep\n|\n|t:|1700616061\n|switch|p2a: Great Tusk|Great Tusk|100\/100\n|-activate|p2a: Great Tusk|ability: Protosynthesis\n|-start|p2a: Great Tusk|protosynthesisatk\n|turn|5\n|\n|t:|1700616068\n|-terastallize|p1a: Crawdaunt|Poison\n|move|p2a: Great Tusk|Rapid Spin|p1a: Crawdaunt\n|-damage|p1a: Crawdaunt|40\/100\n|-boost|p2a: Great Tusk|spe|1\n|-damage|p2a: Great Tusk|91\/100|[from] item: Life Orb\n|move|p1a: Crawdaunt|Crabhammer|p2a: Great Tusk\n|-supereffective|p2a: Great Tusk\n|-damage|p2a: Great Tusk|37\/100\n|-damage|p1a: Crawdaunt|30\/100|[from] item: Life Orb\n|\n|-weather|SunnyDay|[upkeep]\n|upkeep\n|turn|6\n|inactive|DJRRRR has 120 seconds left.\n|\n|t:|1700616076\n|move|p1a: Crawdaunt|Aqua Jet|p2a: Great Tusk\n|-supereffective|p2a: Great Tusk\n|-damage|p2a: Great Tusk|18\/100\n|-damage|p1a: Crawdaunt|20\/100|[from] item: Life Orb\n|move|p2a: Great Tusk|Headlong Rush|p1a: Crawdaunt\n|-supereffective|p1a: Crawdaunt\n|-damage|p1a: Crawdaunt|0 fnt\n|-unboost|p2a: Great Tusk|def|1\n|-unboost|p2a: Great Tusk|spd|1\n|faint|p1a: Crawdaunt\n|-damage|p2a: Great Tusk|8\/100|[from] item: Life Orb\n|\n|-weather|SunnyDay|[upkeep]\n|upkeep\n|\n|t:|1700616080\n|switch|p1a: Hydreigon|Hydreigon, M|100\/100\n|turn|7\n|\n|t:|1700616086\n|move|p1a: Hydreigon|Dark Pulse|p2a: Great Tusk\n|-resisted|p2a: Great Tusk\n|-damage|p2a: Great Tusk|0 fnt\n|faint|p2a: Great Tusk\n|-end|p2a: Great Tusk|Protosynthesis|[silent]\n|\n|-weather|SunnyDay|[upkeep]\n|upkeep\n|\n|t:|1700616101\n|switch|p2a: Torkoal|Torkoal, F|100\/100\n|turn|8\n|\n|t:|1700616106\n|move|p1a: Hydreigon|Dark Pulse|p2a: Torkoal\n|-damage|p2a: Torkoal|55\/100\n|move|p2a: Torkoal|Toxic|p1a: Hydreigon\n|-status|p1a: Hydreigon|tox\n|\n|-weather|SunnyDay|[upkeep]\n|-damage|p1a: Hydreigon|94\/100 tox|[from] psn\n|upkeep\n|turn|9\n|\n|t:|1700616112\n|move|p1a: Hydreigon|Dark Pulse|p2a: Torkoal\n|-damage|p2a: Torkoal|11\/100\n|move|p2a: Torkoal|Stealth Rock|p1a: Hydreigon\n|-sidestart|p1: LELELEIOIOIO|move: Stealth Rock\n|\n|-weather|SunnyDay|[upkeep]\n|-damage|p1a: Hydreigon|82\/100 tox|[from] psn\n|upkeep\n|turn|10\n|\n|t:|1700616121\n|switch|p2a: Heatran|Heatran, M|100\/100\n|move|p1a: Hydreigon|Dark Pulse|p2a: Heatran\n|-damage|p2a: Heatran|59\/100\n|\n|-weather|none\n|-damage|p1a: Hydreigon|64\/100 tox|[from] psn\n|upkeep\n|turn|11\n|\n|t:|1700616133\n|move|p1a: Hydreigon|Dark Pulse|p2a: Heatran\n|-damage|p2a: Heatran|17\/100\n|move|p2a: Heatran|Power Gem|p1a: Hydreigon\n|-damage|p1a: Hydreigon|32\/100 tox\n|\n|-damage|p1a: Hydreigon|8\/100 tox|[from] psn\n|upkeep\n|turn|12\n|\n|t:|1700616137\n|switch|p2a: Torkoal|Torkoal, F|11\/100\n|-weather|SunnyDay|[from] ability: Drought|[of] p2a: Torkoal\n|move|p1a: Hydreigon|Dark Pulse|p2a: Torkoal\n|-damage|p2a: Torkoal|0 fnt\n|faint|p2a: Torkoal\n|\n|-weather|SunnyDay|[upkeep]\n|-damage|p1a: Hydreigon|0 fnt|[from] psn\n|faint|p1a: Hydreigon\n|upkeep\n|\n|t:|1700616141\n|switch|p1a: Zapdos|Zapdos|100\/100\n|switch|p2a: Blacephalon|Blacephalon|100\/100\n|turn|13\n|\n|t:|1700616151\n|move|p2a: Blacephalon|Calm Mind|p2a: Blacephalon\n|-boost|p2a: Blacephalon|spa|1\n|-boost|p2a: Blacephalon|spd|1\n|move|p1a: Zapdos|Defog|p2a: Blacephalon\n|-unboost|p2a: Blacephalon|evasion|1\n|-sideend|p1: LELELEIOIOIO|Stealth Rock|[from] move: Defog|[of] p1a: Zapdos\n|\n|-weather|SunnyDay|[upkeep]\n|upkeep\n|turn|14\n|\n|t:|1700616159\n|move|p2a: Blacephalon|Calm Mind|p2a: Blacephalon\n|-boost|p2a: Blacephalon|spa|1\n|-boost|p2a: Blacephalon|spd|1\n|move|p1a: Zapdos|Volt Switch|p2a: Blacephalon\n|-damage|p2a: Blacephalon|77\/100\n|\n|t:|1700616162\n|switch|p1a: Pelipper|Pelipper, M|6\/100|[from] Volt Switch\n|-weather|RainDance|[from] ability: Drizzle|[of] p1a: Pelipper\n|\n|-weather|RainDance|[upkeep]\n|upkeep\n|turn|15\n|\n|t:|1700616168\n|-zpower|p2a: Blacephalon\n|move|p2a: Blacephalon|Z-Sunny Day|p2a: Blacephalon|[anim]Sunny Day\n|-boost|p2a: Blacephalon|spe|1|[zeffect]\n|-weather|SunnyDay\n|move|p1a: Pelipper|Scald|p2a: Blacephalon\n|-supereffective|p2a: Blacephalon\n|-damage|p2a: Blacephalon|57\/100\n|\n|-weather|SunnyDay|[upkeep]\n|upkeep\n|turn|16\n|\n|t:|1700616179\n|switch|p1a: Zapdos|Zapdos|100\/100\n|move|p2a: Blacephalon|Calm Mind|p2a: Blacephalon\n|-boost|p2a: Blacephalon|spa|1\n|-boost|p2a: Blacephalon|spd|1\n|\n|-weather|SunnyDay|[upkeep]\n|upkeep\n|turn|17\n|\n|t:|1700616184\n|move|p2a: Blacephalon|Shadow Ball|p1a: Zapdos\n|-damage|p1a: Zapdos|0 fnt\n|faint|p1a: Zapdos\n|-ability|p2a: Blacephalon|Beast Boost|boost\n|-boost|p2a: Blacephalon|spa|1\n|\n|-weather|SunnyDay|[upkeep]\n|upkeep\n|\n|t:|1700616187\n|switch|p1a: Pelipper|Pelipper, M|6\/100\n|-weather|RainDance|[from] ability: Drizzle|[of] p1a: Pelipper\n|turn|18\n|\n|t:|1700616192\n|move|p2a: Blacephalon|Sunny Day|p2a: Blacephalon\n|-weather|SunnyDay\n|move|p1a: Pelipper|Scald|p2a: Blacephalon\n|-supereffective|p2a: Blacephalon\n|-damage|p2a: Blacephalon|40\/100\n|\n|-weather|SunnyDay|[upkeep]\n|upkeep\n|turn|19\n|\n|t:|1700616198\n|switch|p1a: Ferrothorn|Ferrothorn, M|100\/100\n|move|p2a: Blacephalon|Shadow Ball|p1a: Ferrothorn\n|-damage|p1a: Ferrothorn|0 fnt\n|faint|p1a: Ferrothorn\n|-ability|p2a: Blacephalon|Beast Boost|boost\n|-boost|p2a: Blacephalon|spa|1\n|\n|-weather|SunnyDay|[upkeep]\n|upkeep\n|\n|t:|1700616200\n|switch|p1a: Pelipper|Pelipper, M|6\/100\n|-weather|RainDance|[from] ability: Drizzle|[of] p1a: Pelipper\n|turn|20\n|\n|t:|1700616206\n|move|p2a: Blacephalon|Sunny Day|p2a: Blacephalon\n|-weather|SunnyDay\n|move|p1a: Pelipper|Scald|p2a: Blacephalon\n|-supereffective|p2a: Blacephalon\n|-damage|p2a: Blacephalon|25\/100\n|\n|-weather|SunnyDay|[upkeep]\n|upkeep\n|turn|21\n|\n|t:|1700616209\n|move|p2a: Blacephalon|Shadow Ball|p1a: Pelipper\n|-damage|p1a: Pelipper|0 fnt\n|faint|p1a: Pelipper\n|-ability|p2a: Blacephalon|Beast Boost|boost\n|-boost|p2a: Blacephalon|spa|1\n|\n|-weather|SunnyDay|[upkeep]\n|upkeep\n|\n|t:|1700616211\n|switch|p1a: Swampert|Swampert, M|100\/100\n|turn|22\n|\n|t:|1700616216\n|detailschange|p1a: Swampert|Swampert-Mega, M\n|-mega|p1a: Swampert|Swampert|Swampertite\n|move|p2a: Blacephalon|Shadow Ball|p1a: Swampert\n|-damage|p1a: Swampert|0 fnt\n|faint|p1a: Swampert\n|\n|win|DJRRRR\n|raw|LELELEIOIOIO's rating: 1396 &rarr; <strong>1379<\/strong><br \/>(-17 for losing)\n|raw|DJRRRR's rating: 1454 &rarr; <strong>1471<\/strong><br \/>(+17 for winning)\n|l|\u2606LELELEIOIOIO\n","uploadtime":1700616219,"views":3,"p1id":"leleleioioio","p2id":"djrrrr","formatid":"gen9nationaldex","rating":1379,"private":0,"password":""}