{"id":"gen9nationaldex-1988905264","p1":"daodanguiTest","p2":"Glass101","format":"[Gen 9] National Dex","log":"|j|\u2606daodanguiTest\n|j|\u2606Glass101\n|t:|1699785065\n|gametype|singles\n|player|p1|daodanguiTest|102|1550\n|player|p2|Glass101|102|1529\n|teamsize|p1|6\n|teamsize|p2|6\n|gen|9\n|tier|[Gen 9] National Dex\n|rated|\n|rule|HP Percentage Mod: HP is shown in percentages\n|rule|Endless Battle Clause: Forcing endless battles is banned\n|rule|OHKO Clause: OHKO moves are banned\n|rule|Evasion Clause: Evasion abilities, items, and moves are banned\n|rule|Evasion Abilities Clause: Evasion abilities are banned\n|rule|Evasion Items Clause: Evasion items are banned\n|rule|Evasion Moves Clause: Evasion moves are banned\n|rule|Species Clause: Limit one of each Pok\u00e9mon\n|rule|Sleep Clause Mod: Limit one foe put to sleep\n|clearpoke\n|poke|p1|Rillaboom, M|\n|poke|p1|Heatran, F|\n|poke|p1|Banette, M|\n|poke|p1|Slowking, M|\n|poke|p1|Urshifu-*, M|\n|poke|p1|Hippowdon, M|\n|poke|p2|Galvantula, M|\n|poke|p2|Ceruledge, M|\n|poke|p2|Toxapex, M|\n|poke|p2|Cresselia, F|\n|poke|p2|Gliscor, F|\n|poke|p2|Clodsire, M|\n|teampreview\n|inactive|Battle timer is ON: inactive players will automatically lose when time's up. (requested by Glass101)\n|\n|t:|1699785075\n|start\n|switch|p1a: Urshifu|Urshifu-Rapid-Strike, M|100\/100\n|switch|p2a: Galvantula|Galvantula, M|100\/100\n|turn|1\n|\n|t:|1699785079\n|switch|p2a: Toxapex|Toxapex, M|100\/100\n|move|p1a: Urshifu|Surging Strikes|p2a: Toxapex\n|-resisted|p2a: Toxapex\n|-crit|p2a: Toxapex\n|-damage|p2a: Toxapex|93\/100\n|-damage|p1a: Urshifu|84\/100|[from] item: Rocky Helmet|[of] p2a: Toxapex\n|-resisted|p2a: Toxapex\n|-crit|p2a: Toxapex\n|-damage|p2a: Toxapex|84\/100\n|-damage|p1a: Urshifu|68\/100|[from] item: Rocky Helmet|[of] p2a: Toxapex\n|-resisted|p2a: Toxapex\n|-crit|p2a: Toxapex\n|-damage|p2a: Toxapex|77\/100\n|-damage|p1a: Urshifu|51\/100|[from] item: Rocky Helmet|[of] p2a: Toxapex\n|-hitcount|p2a: Toxapex|3\n|\n|upkeep\n|turn|2\n|\n|t:|1699785088\n|switch|p1a: Slowking|Slowking, M|100\/100\n|switch|p2a: Galvantula|Galvantula, M|100\/100\n|\n|upkeep\n|turn|3\n|\n|t:|1699785104\n|move|p2a: Galvantula|Sticky Web|p1a: Slowking\n|-sidestart|p1: daodanguiTest|move: Sticky Web\n|move|p1a: Slowking|Future Sight|p2a: Galvantula\n|-start|p1a: Slowking|move: Future Sight\n|\n|upkeep\n|turn|4\n|\n|t:|1699785111\n|move|p2a: Galvantula|Thunder|p1a: Slowking\n|-supereffective|p1a: Slowking\n|-damage|p1a: Slowking|59\/100\n|-status|p1a: Slowking|par\n|move|p1a: Slowking|Surf|p2a: Galvantula\n|-damage|p2a: Galvantula|44\/100\n|\n|upkeep\n|turn|5\n|\n|t:|1699785120\n|switch|p1a: Hippowdon|Hippowdon, M|100\/100\n|-activate|p1a: Hippowdon|move: Sticky Web\n|-unboost|p1a: Hippowdon|spe|1\n|-weather|Sandstorm|[from] ability: Sand Stream|[of] p1a: Hippowdon\n|move|p2a: Galvantula|Hidden Power|p1a: Hippowdon\n|-supereffective|p1a: Hippowdon\n|-damage|p1a: Hippowdon|66\/100\n|\n|-weather|Sandstorm|[upkeep]\n|-damage|p2a: Galvantula|38\/100|[from] Sandstorm\n|-end|p2a: Galvantula|move: Future Sight\n|-damage|p2a: Galvantula|0 fnt\n|faint|p2a: Galvantula\n|upkeep\n|\n|t:|1699785128\n|switch|p2a: Mr Blue sky|Cresselia, F, shiny|100\/100\n|turn|6\n|\n|t:|1699785133\n|-terastallize|p2a: Mr Blue sky|Poison\n|move|p2a: Mr Blue sky|Calm Mind|p2a: Mr Blue sky\n|-boost|p2a: Mr Blue sky|spa|1\n|-boost|p2a: Mr Blue sky|spd|1\n|move|p1a: Hippowdon|Toxic|p2a: Mr Blue sky\n|-immune|p2a: Mr Blue sky\n|\n|-weather|Sandstorm|[upkeep]\n|-damage|p2a: Mr Blue sky|94\/100|[from] Sandstorm\n|upkeep\n|turn|7\n|\n|t:|1699785136\n|move|p2a: Mr Blue sky|Calm Mind|p2a: Mr Blue sky\n|-boost|p2a: Mr Blue sky|spa|1\n|-boost|p2a: Mr Blue sky|spd|1\n|move|p1a: Hippowdon|Whirlwind|p2a: Mr Blue sky\n|drag|p2a: Toxapex|Toxapex, M|100\/100\n|\n|-weather|Sandstorm|[upkeep]\n|-damage|p2a: Toxapex|94\/100|[from] Sandstorm\n|upkeep\n|turn|8\n|\n|t:|1699785142\n|switch|p1a: Heatran|Heatran, F|100\/100\n|-activate|p1a: Heatran|move: Sticky Web\n|-unboost|p1a: Heatran|spe|1\n|move|p2a: Toxapex|Scald|p1a: Heatran\n|-supereffective|p1a: Heatran\n|-damage|p1a: Heatran|69\/100\n|\n|-weather|Sandstorm|[upkeep]\n|-damage|p2a: Toxapex|88\/100|[from] Sandstorm\n|upkeep\n|turn|9\n|\n|t:|1699785148\n|switch|p2a: Ceruledge|Ceruledge, M|100\/100\n|move|p1a: Heatran|Stealth Rock|p2a: Ceruledge\n|-sidestart|p2: Glass101|move: Stealth Rock\n|\n|-weather|none\n|upkeep\n|turn|10\n|\n|t:|1699785155\n|switch|p1a: Slowking|Slowking, M|93\/100 par\n|-activate|p1a: Slowking|move: Sticky Web\n|-unboost|p1a: Slowking|spe|1\n|move|p2a: Ceruledge|Substitute|p2a: Ceruledge\n|-start|p2a: Ceruledge|Substitute\n|-damage|p2a: Ceruledge|76\/100\n|\n|upkeep\n|turn|11\n|\n|t:|1699785159\n|switch|p1a: Heatran|Heatran, F|69\/100\n|-activate|p1a: Heatran|move: Sticky Web\n|-unboost|p1a: Heatran|spe|1\n|move|p2a: Ceruledge|Poltergeist|p1a: Heatran\n|-activate|p1a: Heatran|move: Poltergeist|Choice Specs\n|-crit|p1a: Heatran\n|-damage|p1a: Heatran|0 fnt\n|faint|p1a: Heatran\n|\n|upkeep\n|\n|t:|1699785164\n|switch|p1a: Banette|Banette, M|100\/100\n|-activate|p1a: Banette|move: Sticky Web\n|-unboost|p1a: Banette|spe|1\n|-item|p2a: Ceruledge|Heavy-Duty Boots|[from] ability: Frisk|[of] p1a: Banette|[identify]\n|turn|12\n|\n|t:|1699785175\n|detailschange|p1a: Banette|Banette-Mega, M\n|-mega|p1a: Banette|Banette|Banettite\n|move|p1a: Banette|Destiny Bond|p1a: Banette\n|-singlemove|p1a: Banette|Destiny Bond\n|move|p2a: Ceruledge|Bitter Blade|p1a: Banette\n|-damage|p1a: Banette|27\/100\n|-heal|p2a: Ceruledge|100\/100|[from] drain|[of] p1a: Banette\n|\n|upkeep\n|turn|13\n|\n|t:|1699785190\n|move|p2a: Ceruledge|Poltergeist|p1a: Banette\n|-activate|p1a: Banette|move: Poltergeist|Banettite\n|-supereffective|p1a: Banette\n|-damage|p1a: Banette|0 fnt\n|faint|p1a: Banette\n|-activate|p1a: Banette|move: Destiny Bond\n|faint|p2a: Ceruledge\n|\n|upkeep\n|\n|t:|1699785209\n|switch|p2a: Gliscor|Gliscor, F|100\/100\n|switch|p1a: Hippowdon|Hippowdon, M|66\/100\n|-damage|p2a: Gliscor|88\/100|[from] Stealth Rock\n|-activate|p1a: Hippowdon|move: Sticky Web\n|-unboost|p1a: Hippowdon|spe|1\n|-weather|Sandstorm|[from] ability: Sand Stream|[of] p1a: Hippowdon\n|turn|14\n|\n|t:|1699785215\n|move|p2a: Gliscor|Swords Dance|p2a: Gliscor\n|-boost|p2a: Gliscor|atk|2\n|move|p1a: Hippowdon|Whirlwind|p2a: Gliscor\n|drag|p2a: Toxapex|Toxapex, M|100\/100\n|-damage|p2a: Toxapex|88\/100|[from] Stealth Rock\n|\n|-weather|Sandstorm|[upkeep]\n|-damage|p2a: Toxapex|82\/100|[from] Sandstorm\n|upkeep\n|turn|15\n|\n|t:|1699785223\n|switch|p2a: Gliscor|Gliscor, F|88\/100\n|-damage|p2a: Gliscor|76\/100|[from] Stealth Rock\n|move|p1a: Hippowdon|Whirlwind|p2a: Gliscor\n|drag|p2a: Clodsire|Clodsire, M|100\/100\n|-damage|p2a: Clodsire|94\/100|[from] Stealth Rock\n|\n|-weather|Sandstorm|[upkeep]\n|upkeep\n|turn|16\n|\n|t:|1699785229\n|move|p1a: Hippowdon|Earthquake|p2a: Clodsire\n|-supereffective|p2a: Clodsire\n|-damage|p2a: Clodsire|38\/100\n|move|p2a: Clodsire|Toxic|p1a: Hippowdon\n|-status|p1a: Hippowdon|tox\n|\n|-weather|Sandstorm|[upkeep]\n|-damage|p1a: Hippowdon|60\/100 tox|[from] psn\n|upkeep\n|turn|17\n|\n|t:|1699785238\n|switch|p1a: Rillaboom|Rillaboom, M|100\/100\n|-activate|p1a: Rillaboom|move: Sticky Web\n|-unboost|p1a: Rillaboom|spe|1\n|-fieldstart|move: Grassy Terrain|[from] ability: Grassy Surge|[of] p1a: Rillaboom\n|move|p2a: Clodsire|Recover|p2a: Clodsire\n|-heal|p2a: Clodsire|88\/100\n|\n|-weather|Sandstorm|[upkeep]\n|-damage|p1a: Rillaboom|94\/100|[from] Sandstorm\n|-heal|p1a: Rillaboom|100\/100|[from] Grassy Terrain\n|-heal|p2a: Clodsire|94\/100|[from] Grassy Terrain\n|upkeep\n|turn|18\n|\n|t:|1699785246\n|-terastallize|p1a: Rillaboom|Grass\n|move|p1a: Rillaboom|Wood Hammer|p2a: Clodsire\n|-damage|p2a: Clodsire|0 fnt\n|faint|p2a: Clodsire\n|-damage|p1a: Rillaboom|63\/100|[from] Recoil\n|\n|-weather|none\n|-heal|p1a: Rillaboom|69\/100|[from] Grassy Terrain\n|upkeep\n|\n|t:|1699785253\n|switch|p2a: Toxapex|Toxapex, M|100\/100\n|-damage|p2a: Toxapex|88\/100|[from] Stealth Rock\n|turn|19\n|\n|t:|1699785264\n|switch|p1a: Slowking|Slowking, M|100\/100 par\n|-activate|p1a: Slowking|move: Sticky Web\n|-unboost|p1a: Slowking|spe|1\n|move|p2a: Toxapex|Scald|p1a: Slowking\n|-resisted|p1a: Slowking\n|-damage|p1a: Slowking|97\/100 par\n|\n|-heal|p2a: Toxapex|94\/100|[from] Grassy Terrain\n|-heal|p1a: Slowking|100\/100 par|[from] Grassy Terrain\n|upkeep\n|turn|20\n|\n|t:|1699785267\n|switch|p2a: Mr Blue sky|Cresselia, F, shiny, tera:Poison|94\/100\n|-damage|p2a: Mr Blue sky|82\/100|[from] Stealth Rock\n|move|p1a: Slowking|Future Sight|p2a: Mr Blue sky\n|-start|p1a: Slowking|move: Future Sight\n|\n|upkeep\n|turn|21\n|\n|t:|1699785278\n|move|p2a: Mr Blue sky|Calm Mind|p2a: Mr Blue sky\n|-boost|p2a: Mr Blue sky|spa|1\n|-boost|p2a: Mr Blue sky|spd|1\n|cant|p1a: Slowking|par\n|\n|-fieldend|move: Grassy Terrain\n|upkeep\n|turn|22\n|\n|t:|1699785283\n|move|p2a: Mr Blue sky|Calm Mind|p2a: Mr Blue sky\n|-boost|p2a: Mr Blue sky|spa|1\n|-boost|p2a: Mr Blue sky|spd|1\n|move|p1a: Slowking|Dragon Tail|p2a: Mr Blue sky\n|-damage|p2a: Mr Blue sky|77\/100\n|drag|p2a: Toxapex|Toxapex, M|100\/100\n|-damage|p2a: Toxapex|88\/100|[from] Stealth Rock\n|\n|-end|p2a: Toxapex|move: Future Sight\n|-supereffective|p2a: Toxapex\n|-damage|p2a: Toxapex|13\/100\n|upkeep\n|turn|23\n|\n|t:|1699785293\n|switch|p2a: Gliscor|Gliscor, F|76\/100\n|-damage|p2a: Gliscor|64\/100|[from] Stealth Rock\n|move|p1a: Slowking|Earthquake|p2a: Gliscor\n|-immune|p2a: Gliscor\n|\n|-status|p2a: Gliscor|tox|[from] item: Toxic Orb\n|upkeep\n|turn|24\n|\n|t:|1699785299\n|switch|p2a: Toxapex|Toxapex, M|47\/100\n|-damage|p2a: Toxapex|34\/100|[from] Stealth Rock\n|cant|p1a: Slowking|par\n|\n|upkeep\n|turn|25\n|\n|t:|1699785306\n|switch|p2a: Gliscor|Gliscor, F|64\/100 tox\n|-damage|p2a: Gliscor|51\/100 tox|[from] Stealth Rock\n|cant|p1a: Slowking|par\n|\n|-heal|p2a: Gliscor|64\/100 tox|[from] ability: Poison Heal\n|upkeep\n|turn|26\n|\n|t:|1699785312\n|move|p2a: Gliscor|Facade|p1a: Slowking\n|-damage|p1a: Slowking|70\/100 par\n|cant|p1a: Slowking|par\n|\n|-heal|p2a: Gliscor|76\/100 tox|[from] ability: Poison Heal\n|upkeep\n|turn|27\n|\n|t:|1699785319\n|move|p2a: Gliscor|Earthquake|p1a: Slowking\n|-damage|p1a: Slowking|38\/100 par\n|move|p1a: Slowking|Surf|p2a: Gliscor\n|-supereffective|p2a: Gliscor\n|-damage|p2a: Gliscor|0 fnt\n|faint|p2a: Gliscor\n|\n|upkeep\n|\n|t:|1699785321\n|switch|p2a: Mr Blue sky|Cresselia, F, shiny, tera:Poison|77\/100\n|-damage|p2a: Mr Blue sky|64\/100|[from] Stealth Rock\n|turn|28\n|\n|t:|1699785331\n|switch|p1a: Urshifu|Urshifu-Rapid-Strike, M|51\/100\n|-activate|p1a: Urshifu|move: Sticky Web\n|-unboost|p1a: Urshifu|spe|1\n|move|p2a: Mr Blue sky|Moonlight|p2a: Mr Blue sky\n|-heal|p2a: Mr Blue sky|100\/100\n|\n|upkeep\n|turn|29\n|\n|t:|1699785336\n|move|p1a: Urshifu|U-turn|p2a: Mr Blue sky\n|-resisted|p2a: Mr Blue sky\n|-damage|p2a: Mr Blue sky|94\/100\n|\n|t:|1699785343\n|switch|p1a: Slowking|Slowking, M|71\/100 par|[from] U-turn\n|-activate|p1a: Slowking|move: Sticky Web\n|-unboost|p1a: Slowking|spe|1\n|move|p2a: Mr Blue sky|Moonblast|p1a: Slowking\n|-damage|p1a: Slowking|64\/100 par\n|-unboost|p1a: Slowking|spa|1\n|\n|upkeep\n|turn|30\n|\n|t:|1699785347\n|move|p2a: Mr Blue sky|Calm Mind|p2a: Mr Blue sky\n|-boost|p2a: Mr Blue sky|spa|1\n|-boost|p2a: Mr Blue sky|spd|1\n|move|p1a: Slowking|Future Sight|p2a: Mr Blue sky\n|-start|p1a: Slowking|move: Future Sight\n|\n|upkeep\n|turn|31\n|\n|t:|1699785351\n|move|p2a: Mr Blue sky|Calm Mind|p2a: Mr Blue sky\n|-boost|p2a: Mr Blue sky|spa|1\n|-boost|p2a: Mr Blue sky|spd|1\n|move|p1a: Slowking|Dragon Tail|p2a: Mr Blue sky\n|-damage|p2a: Mr Blue sky|88\/100\n|drag|p2a: Toxapex|Toxapex, M|67\/100\n|-damage|p2a: Toxapex|55\/100|[from] Stealth Rock\n|\n|upkeep\n|turn|32\n|\n|t:|1699785360\n|move|p2a: Toxapex|Scald|p1a: Slowking\n|-resisted|p1a: Slowking\n|-damage|p1a: Slowking|60\/100 par\n|cant|p1a: Slowking|par\n|\n|-end|p2a: Toxapex|move: Future Sight\n|-supereffective|p2a: Toxapex\n|-damage|p2a: Toxapex|3\/100\n|upkeep\n|turn|33\n|\n|t:|1699785367\n|move|p2a: Toxapex|Scald|p1a: Slowking\n|-resisted|p1a: Slowking\n|-damage|p1a: Slowking|57\/100 par\n|cant|p1a: Slowking|par\n|\n|upkeep\n|turn|34\n|\n|t:|1699785372\n|move|p2a: Toxapex|Scald|p1a: Slowking\n|-resisted|p1a: Slowking\n|-damage|p1a: Slowking|53\/100 par\n|cant|p1a: Slowking|par\n|\n|upkeep\n|turn|35\n|\n|t:|1699785375\n|move|p2a: Toxapex|Scald|p1a: Slowking\n|-resisted|p1a: Slowking\n|-damage|p1a: Slowking|50\/100 par\n|move|p1a: Slowking|Earthquake|p2a: Toxapex\n|-supereffective|p2a: Toxapex\n|-damage|p2a: Toxapex|0 fnt\n|faint|p2a: Toxapex\n|\n|upkeep\n|\n|t:|1699785378\n|switch|p2a: Mr Blue sky|Cresselia, F, shiny, tera:Poison|88\/100\n|-damage|p2a: Mr Blue sky|75\/100|[from] Stealth Rock\n|turn|36\n|\n|t:|1699785404\n|switch|p1a: Rillaboom|Rillaboom, M, tera:Grass|69\/100\n|-activate|p1a: Rillaboom|move: Sticky Web\n|-unboost|p1a: Rillaboom|spe|1\n|-fieldstart|move: Grassy Terrain|[from] ability: Grassy Surge|[of] p1a: Rillaboom\n|move|p2a: Mr Blue sky|Calm Mind|p2a: Mr Blue sky\n|-boost|p2a: Mr Blue sky|spa|1\n|-boost|p2a: Mr Blue sky|spd|1\n|\n|-heal|p1a: Rillaboom|75\/100|[from] Grassy Terrain\n|upkeep\n|turn|37\n|\n|t:|1699785408\n|move|p2a: Mr Blue sky|Moonlight|p2a: Mr Blue sky\n|-heal|p2a: Mr Blue sky|100\/100\n|move|p1a: Rillaboom|Wood Hammer|p2a: Mr Blue sky\n|-resisted|p2a: Mr Blue sky\n|-crit|p2a: Mr Blue sky\n|-damage|p2a: Mr Blue sky|28\/100\n|-damage|p1a: Rillaboom|47\/100|[from] Recoil\n|\n|-heal|p1a: Rillaboom|53\/100|[from] Grassy Terrain\n|upkeep\n|turn|38\n|\n|t:|1699785413\n|move|p2a: Mr Blue sky|Moonlight|p2a: Mr Blue sky\n|-heal|p2a: Mr Blue sky|78\/100\n|move|p1a: Rillaboom|Wood Hammer|p2a: Mr Blue sky\n|-resisted|p2a: Mr Blue sky\n|-damage|p2a: Mr Blue sky|33\/100\n|-damage|p1a: Rillaboom|36\/100|[from] Recoil\n|\n|-heal|p1a: Rillaboom|42\/100|[from] Grassy Terrain\n|upkeep\n|turn|39\n|\n|t:|1699785417\n|move|p2a: Mr Blue sky|Moonlight|p2a: Mr Blue sky\n|-heal|p2a: Mr Blue sky|83\/100\n|move|p1a: Rillaboom|Wood Hammer|p2a: Mr Blue sky\n|-resisted|p2a: Mr Blue sky\n|-damage|p2a: Mr Blue sky|39\/100\n|-damage|p1a: Rillaboom|25\/100|[from] Recoil\n|\n|-heal|p1a: Rillaboom|31\/100|[from] Grassy Terrain\n|upkeep\n|turn|40\n|\n|t:|1699785421\n|move|p2a: Mr Blue sky|Moonlight|p2a: Mr Blue sky\n|-heal|p2a: Mr Blue sky|89\/100\n|move|p1a: Rillaboom|Wood Hammer|p2a: Mr Blue sky\n|-resisted|p2a: Mr Blue sky\n|-damage|p2a: Mr Blue sky|42\/100\n|-damage|p1a: Rillaboom|13\/100|[from] Recoil\n|\n|-heal|p1a: Rillaboom|19\/100|[from] Grassy Terrain\n|-fieldend|move: Grassy Terrain\n|upkeep\n|turn|41\n|\n|t:|1699785424\n|move|p2a: Mr Blue sky|Moonlight|p2a: Mr Blue sky\n|-heal|p2a: Mr Blue sky|92\/100\n|move|p1a: Rillaboom|Wood Hammer|p2a: Mr Blue sky\n|-resisted|p2a: Mr Blue sky\n|-damage|p2a: Mr Blue sky|59\/100\n|-damage|p1a: Rillaboom|7\/100|[from] Recoil\n|\n|upkeep\n|turn|42\n|\n|t:|1699785428\n|move|p2a: Mr Blue sky|Moonlight|p2a: Mr Blue sky\n|-heal|p2a: Mr Blue sky|100\/100\n|move|p1a: Rillaboom|Wood Hammer|p2a: Mr Blue sky\n|-resisted|p2a: Mr Blue sky\n|-damage|p2a: Mr Blue sky|64\/100\n|-damage|p1a: Rillaboom|0 fnt|[from] Recoil\n|faint|p1a: Rillaboom\n|\n|upkeep\n|\n|t:|1699785438\n|switch|p1a: Slowking|Slowking, M|83\/100 par\n|-activate|p1a: Slowking|move: Sticky Web\n|-unboost|p1a: Slowking|spe|1\n|turn|43\n|\n|t:|1699785443\n|move|p2a: Mr Blue sky|Calm Mind|p2a: Mr Blue sky\n|-boost|p2a: Mr Blue sky|spa|1\n|-boost|p2a: Mr Blue sky|spd|1\n|move|p1a: Slowking|Future Sight|p2a: Mr Blue sky\n|-start|p1a: Slowking|move: Future Sight\n|\n|upkeep\n|turn|44\n|\n|t:|1699785448\n|move|p2a: Mr Blue sky|Calm Mind|p2a: Mr Blue sky\n|-boost|p2a: Mr Blue sky|spa|1\n|-boost|p2a: Mr Blue sky|spd|1\n|cant|p1a: Slowking|par\n|\n|upkeep\n|turn|45\n|\n|t:|1699785453\n|move|p2a: Mr Blue sky|Calm Mind|p2a: Mr Blue sky\n|-boost|p2a: Mr Blue sky|spa|1\n|-boost|p2a: Mr Blue sky|spd|1\n|move|p1a: Slowking|Surf|p2a: Mr Blue sky\n|-damage|p2a: Mr Blue sky|57\/100\n|\n|-end|p2a: Mr Blue sky|move: Future Sight\n|-supereffective|p2a: Mr Blue sky\n|-damage|p2a: Mr Blue sky|39\/100\n|upkeep\n|turn|46\n|\n|t:|1699785460\n|move|p2a: Mr Blue sky|Calm Mind|p2a: Mr Blue sky\n|-boost|p2a: Mr Blue sky|spa|1\n|-boost|p2a: Mr Blue sky|spd|1\n|move|p1a: Slowking|Surf|p2a: Mr Blue sky\n|-damage|p2a: Mr Blue sky|33\/100\n|\n|upkeep\n|turn|47\n|\n|t:|1699785463\n|move|p2a: Mr Blue sky|Moonlight|p2a: Mr Blue sky\n|-heal|p2a: Mr Blue sky|83\/100\n|move|p1a: Slowking|Future Sight|p2a: Mr Blue sky\n|-start|p1a: Slowking|move: Future Sight\n|\n|upkeep\n|turn|48\n|\n|t:|1699785470\n|move|p2a: Mr Blue sky|Stored Power|p1a: Slowking\n|-resisted|p1a: Slowking\n|-damage|p1a: Slowking|42\/100 par\n|move|p1a: Slowking|Surf|p2a: Mr Blue sky\n|-damage|p2a: Mr Blue sky|77\/100\n|\n|upkeep\n|turn|49\n|\n|t:|1699785478\n|switch|p1a: Hippowdon|Hippowdon, M|60\/100 tox\n|-activate|p1a: Hippowdon|move: Sticky Web\n|-unboost|p1a: Hippowdon|spe|1\n|-weather|Sandstorm|[from] ability: Sand Stream|[of] p1a: Hippowdon\n|move|p2a: Mr Blue sky|Stored Power|p1a: Hippowdon\n|-damage|p1a: Hippowdon|0 fnt\n|faint|p1a: Hippowdon\n|\n|-weather|Sandstorm|[upkeep]\n|-damage|p2a: Mr Blue sky|71\/100|[from] Sandstorm\n|-end|p2a: Mr Blue sky|move: Future Sight\n|-supereffective|p2a: Mr Blue sky\n|-damage|p2a: Mr Blue sky|55\/100\n|upkeep\n|\n|t:|1699785482\n|switch|p1a: Slowking|Slowking, M|75\/100 par\n|-activate|p1a: Slowking|move: Sticky Web\n|-unboost|p1a: Slowking|spe|1\n|turn|50\n|\n|t:|1699785490\n|move|p2a: Mr Blue sky|Stored Power|p1a: Slowking\n|-resisted|p1a: Slowking\n|-damage|p1a: Slowking|32\/100 par\n|move|p1a: Slowking|Surf|p2a: Mr Blue sky\n|-damage|p2a: Mr Blue sky|48\/100\n|\n|-weather|Sandstorm|[upkeep]\n|-damage|p2a: Mr Blue sky|42\/100|[from] Sandstorm\n|-damage|p1a: Slowking|26\/100 par|[from] Sandstorm\n|upkeep\n|turn|51\n|\n|t:|1699785494\n|move|p2a: Mr Blue sky|Stored Power|p1a: Slowking\n|-resisted|p1a: Slowking\n|-damage|p1a: Slowking|0 fnt\n|faint|p1a: Slowking\n|\n|-weather|Sandstorm|[upkeep]\n|-damage|p2a: Mr Blue sky|36\/100|[from] Sandstorm\n|upkeep\n|\n|t:|1699785497\n|switch|p1a: Urshifu|Urshifu-Rapid-Strike, M|51\/100\n|-activate|p1a: Urshifu|move: Sticky Web\n|-unboost|p1a: Urshifu|spe|1\n|turn|52\n|\n|t:|1699785502\n|move|p1a: Urshifu|Surging Strikes|p2a: Mr Blue sky\n|-crit|p2a: Mr Blue sky\n|-damage|p2a: Mr Blue sky|26\/100\n|-crit|p2a: Mr Blue sky\n|-damage|p2a: Mr Blue sky|16\/100\n|-crit|p2a: Mr Blue sky\n|-damage|p2a: Mr Blue sky|4\/100\n|-hitcount|p2a: Mr Blue sky|3\n|move|p2a: Mr Blue sky|Stored Power|p1a: Urshifu\n|-supereffective|p1a: Urshifu\n|-damage|p1a: Urshifu|0 fnt\n|faint|p1a: Urshifu\n|\n|win|Glass101\n|raw|daodanguiTest's rating: 1550 &rarr; <strong>1529<\/strong><br \/>(-21 for losing)\n|raw|Glass101's rating: 1529 &rarr; <strong>1550<\/strong><br \/>(+21 for winning)\n|c|\u2606Glass101|Oh neat\n","uploadtime":1699785523,"views":35,"p1id":"daodanguitest","p2id":"glass101","formatid":"gen9nationaldex","rating":1529,"private":0,"password":""}