{"id":"gen9nationaldex-1987054432","p1":"JNoaGervasini","p2":"SkyPrincess420","format":"[Gen 9] National Dex","log":"|j|\u2606JNoaGervasini\n|j|\u2606SkyPrincess420\n|t:|1699552350\n|gametype|singles\n|player|p1|JNoaGervasini|medium|1115\n|player|p2|SkyPrincess420|caitlin|1040\n|teamsize|p1|6\n|teamsize|p2|6\n|gen|9\n|tier|[Gen 9] National Dex\n|rated|\n|rule|HP Percentage Mod: HP is shown in percentages\n|rule|Endless Battle Clause: Forcing endless battles is banned\n|rule|OHKO Clause: OHKO moves are banned\n|rule|Evasion Clause: Evasion abilities, items, and moves are banned\n|rule|Evasion Abilities Clause: Evasion abilities are banned\n|rule|Evasion Items Clause: Evasion items are banned\n|rule|Evasion Moves Clause: Evasion moves are banned\n|rule|Species Clause: Limit one of each Pok\u00e9mon\n|rule|Sleep Clause Mod: Limit one foe put to sleep\n|clearpoke\n|poke|p1|Decidueye-Hisui, F|\n|poke|p1|Typhlosion-Hisui, F|\n|poke|p1|Samurott-Hisui, F|\n|poke|p1|Meowscarada, F|\n|poke|p1|Skeledirge, F|\n|poke|p1|Quaquaval, M|\n|poke|p2|Lopunny, M|\n|poke|p2|Decidueye-Hisui, M|\n|poke|p2|Exploud, F|\n|poke|p2|Sirfetch\u2019d, M|\n|poke|p2|Swellow, F|\n|poke|p2|Flamigo, F|\n|teampreview\n|inactive|Battle timer is ON: inactive players will automatically lose when time's up. (requested by JNoaGervasini)\n|c|\u2606JNoaGervasini|gl hf\n|c|\u2606SkyPrincess420|You too\n|c|\u2606SkyPrincess420|Like your team btw :)\n|\n|t:|1699552376\n|start\n|switch|p1a: Samutria|Samurott-Hisui, F|100\/100\n|switch|p2a: Lopunny|Lopunny, M|100\/100\n|turn|1\n|c|\u2606JNoaGervasini|L like urs 2\n|c|\u2606SkyPrincess420|Thanks\n|c|\u2606JNoaGervasini|I love scrappy\n|\n|t:|1699552393\n|detailschange|p2a: Lopunny|Lopunny-Mega, M\n|-mega|p2a: Lopunny|Lopunny|Lopunnite\n|move|p2a: Lopunny|Fake Out|p1a: Samutria\n|-damage|p1a: Samutria|74\/100\n|cant|p1a: Samutria|flinch\n|\n|upkeep\n|turn|2\n|\n|t:|1699552404\n|move|p2a: Lopunny|Close Combat|p1a: Samutria\n|-supereffective|p1a: Samutria\n|-damage|p1a: Samutria|0 fnt\n|-unboost|p2a: Lopunny|def|1\n|-unboost|p2a: Lopunny|spd|1\n|faint|p1a: Samutria\n|\n|upkeep\n|\n|t:|1699552410\n|switch|p1a: Tiflosi\u00f3n|Typhlosion-Hisui, F|100\/100\n|-item|p2a: Lopunny|Lopunnite|[from] ability: Frisk|[of] p1a: Tiflosi\u00f3n|[identify]\n|turn|3\n|\n|t:|1699552435\n|switch|p2a: Exploud|Exploud, F|100\/100\n|move|p1a: Tiflosi\u00f3n|Eruption|p2a: Exploud\n|-damage|p2a: Exploud|27\/100\n|\n|upkeep\n|turn|4\n|\n|t:|1699552442\n|move|p1a: Tiflosi\u00f3n|Eruption|p2a: Exploud\n|-damage|p2a: Exploud|0 fnt\n|faint|p2a: Exploud\n|\n|upkeep\n|\n|t:|1699552450\n|switch|p2a: Flamigo|Flamigo, F|100\/100\n|turn|5\n|\n|t:|1699552459\n|move|p1a: Tiflosi\u00f3n|Eruption|p2a: Flamigo\n|-damage|p2a: Flamigo|0 fnt\n|faint|p2a: Flamigo\n|\n|upkeep\n|\n|t:|1699552473\n|switch|p2a: Sirfetch\u2019d|Sirfetch\u2019d, M|100\/100\n|turn|6\n|\n|t:|1699552480\n|move|p2a: Sirfetch\u2019d|First Impression|p1a: Tiflosi\u00f3n\n|-resisted|p1a: Tiflosi\u00f3n\n|-crit|p1a: Tiflosi\u00f3n\n|-damage|p1a: Tiflosi\u00f3n|83\/100\n|move|p1a: Tiflosi\u00f3n|Eruption|p2a: Sirfetch\u2019d\n|-damage|p2a: Sirfetch\u2019d|29\/100\n|\n|upkeep\n|turn|7\n|\n|t:|1699552489\n|switch|p1a: Esqueleg\u00eda|Skeledirge, F|100\/100\n|move|p2a: Sirfetch\u2019d|Knock Off|p1a: Esqueleg\u00eda\n|-supereffective|p1a: Esqueleg\u00eda\n|-damage|p1a: Esqueleg\u00eda|40\/100\n|-damage|p2a: Sirfetch\u2019d|12\/100|[from] item: Rocky Helmet|[of] p1a: Esqueleg\u00eda\n|-enditem|p1a: Esqueleg\u00eda|Rocky Helmet|[from] move: Knock Off|[of] p2a: Sirfetch\u2019d\n|\n|upkeep\n|turn|8\n|\n|t:|1699552499\n|move|p1a: Esqueleg\u00eda|Will-O-Wisp|p2a: Sirfetch\u2019d|[miss]\n|-miss|p1a: Esqueleg\u00eda|p2a: Sirfetch\u2019d\n|move|p2a: Sirfetch\u2019d|Close Combat|p1a: Esqueleg\u00eda\n|-damage|p1a: Esqueleg\u00eda|0 fnt\n|-unboost|p2a: Sirfetch\u2019d|def|1\n|-unboost|p2a: Sirfetch\u2019d|spd|1\n|faint|p1a: Esqueleg\u00eda\n|\n|upkeep\n|\n|t:|1699552504\n|switch|p1a: Cuaguaval|Quaquaval, M|100\/100\n|turn|9\n|\n|t:|1699552511\n|switch|p2a: Decidueye|Decidueye-Hisui, M|100\/100\n|move|p1a: Cuaguaval|Aqua Step|p2a: Decidueye\n|-resisted|p2a: Decidueye\n|-damage|p2a: Decidueye|76\/100\n|-boost|p1a: Cuaguaval|spe|1\n|\n|upkeep\n|turn|10\n|\n|t:|1699552522\n|move|p1a: Cuaguaval|Ice Spinner|p2a: Decidueye\n|-supereffective|p2a: Decidueye\n|-damage|p2a: Decidueye|4\/100\n|move|p2a: Decidueye|Leaf Blade|p1a: Cuaguaval\n|-supereffective|p1a: Cuaguaval\n|-crit|p1a: Cuaguaval\n|-enditem|p1a: Cuaguaval|Focus Sash\n|-damage|p1a: Cuaguaval|1\/100\n|\n|upkeep\n|turn|11\n|\n|t:|1699552529\n|move|p1a: Cuaguaval|Aqua Step|p2a: Decidueye\n|-resisted|p2a: Decidueye\n|-damage|p2a: Decidueye|0 fnt\n|-boost|p1a: Cuaguaval|spe|1\n|faint|p2a: Decidueye\n|-ability|p1a: Cuaguaval|Moxie|boost\n|-boost|p1a: Cuaguaval|atk|1\n|\n|upkeep\n|\n|t:|1699552533\n|switch|p2a: Lopunny|Lopunny-Mega, M|100\/100\n|turn|12\n|\n|t:|1699552543\n|move|p2a: Lopunny|Fake Out|p1a: Cuaguaval\n|-damage|p1a: Cuaguaval|0 fnt\n|faint|p1a: Cuaguaval\n|\n|upkeep\n|\n|t:|1699552545\n|switch|p1a: Dianuco|Decidueye-Hisui, F|100\/100\n|turn|13\n|\n|t:|1699552553\n|switch|p2a: Swellow|Swellow, F|100\/100\n|move|p1a: Dianuco|Bulk Up|p1a: Dianuco\n|-boost|p1a: Dianuco|atk|1\n|-boost|p1a: Dianuco|def|1\n|\n|upkeep\n|turn|14\n|\n|t:|1699552563\n|-terastallize|p1a: Dianuco|Steel\n|move|p2a: Swellow|Boomburst|p1a: Dianuco\n|-resisted|p1a: Dianuco\n|-damage|p1a: Dianuco|63\/100\n|move|p1a: Dianuco|Triple Arrows|p2a: Swellow\n|-damage|p2a: Swellow|0 fnt\n|faint|p2a: Swellow\n|\n|-heal|p1a: Dianuco|69\/100|[from] item: Leftovers\n|upkeep\n|\n|t:|1699552575\n|switch|p2a: Lopunny|Lopunny-Mega, M|100\/100\n|turn|15\n|\n|t:|1699552579\n|move|p2a: Lopunny|Close Combat|p1a: Dianuco\n|-supereffective|p1a: Dianuco\n|-damage|p1a: Dianuco|0 fnt\n|-unboost|p2a: Lopunny|def|1\n|-unboost|p2a: Lopunny|spd|1\n|faint|p1a: Dianuco\n|\n|upkeep\n|\n|t:|1699552585\n|switch|p1a: Tiflosi\u00f3n|Typhlosion-Hisui, F|83\/100\n|-item|p2a: Lopunny|Lopunnite|[from] ability: Frisk|[of] p1a: Tiflosi\u00f3n|[identify]\n|turn|16\n|\n|t:|1699552591\n|switch|p2a: Sirfetch\u2019d|Sirfetch\u2019d, M|12\/100\n|move|p1a: Tiflosi\u00f3n|Eruption|p2a: Sirfetch\u2019d\n|-damage|p2a: Sirfetch\u2019d|0 fnt\n|faint|p2a: Sirfetch\u2019d\n|\n|upkeep\n|\n|t:|1699552593\n|switch|p2a: Lopunny|Lopunny-Mega, M|100\/100\n|turn|17\n|\n|t:|1699552600\n|switch|p1a: Miauscarada|Meowscarada, F|100\/100\n|move|p2a: Lopunny|Fake Out|p1a: Miauscarada\n|-damage|p1a: Miauscarada|64\/100\n|\n|upkeep\n|turn|18\n|\n|t:|1699552605\n|move|p2a: Lopunny|Triple Axel|p1a: Miauscarada\n|-supereffective|p1a: Miauscarada\n|-damage|p1a: Miauscarada|43\/100\n|-supereffective|p1a: Miauscarada\n|-damage|p1a: Miauscarada|2\/100\n|-supereffective|p1a: Miauscarada\n|-damage|p1a: Miauscarada|0 fnt\n|faint|p1a: Miauscarada\n|-hitcount|p1: Miauscarada|3\n|\n|upkeep\n|\n|t:|1699552610\n|switch|p1a: Tiflosi\u00f3n|Typhlosion-Hisui, F|83\/100\n|-item|p2a: Lopunny|Lopunnite|[from] ability: Frisk|[of] p1a: Tiflosi\u00f3n|[identify]\n|turn|19\n|\n|t:|1699552617\n|move|p1a: Tiflosi\u00f3n|Eruption|p2a: Lopunny\n|-damage|p2a: Lopunny|19\/100\n|move|p2a: Lopunny|Close Combat|p1a: Tiflosi\u00f3n\n|-damage|p1a: Tiflosi\u00f3n|0 fnt\n|-unboost|p2a: Lopunny|def|1\n|-unboost|p2a: Lopunny|spd|1\n|faint|p1a: Tiflosi\u00f3n\n|\n|win|SkyPrincess420\n|raw|JNoaGervasini's rating: 1115 &rarr; <strong>1085<\/strong><br \/>(-30 for losing)\n|raw|SkyPrincess420's rating: 1040 &rarr; <strong>1081<\/strong><br \/>(+41 for winning)\n|c|\u2606JNoaGervasini|gg\n|c|\u2606SkyPrincess420|Gh\n|l|\u2606JNoaGervasini\n|c|\u2606SkyPrincess420|Gg\n","uploadtime":1699552637,"views":4,"p1id":"jnoagervasini","p2id":"skyprincess420","formatid":"gen9nationaldex","rating":1081,"private":0,"password":""}