{"id":"gen9nationaldex-1992034947","p1":"AesirEcho","p2":"Bulka4000","format":"[Gen 9] National Dex","log":"|j|\u2606AesirEcho\n|j|\u2606Bulka4000\n|t:|1700149586\n|gametype|singles\n|player|p1|AesirEcho|ethan-masters|\n|player|p2|Bulka4000|266|\n|teamsize|p1|6\n|teamsize|p2|6\n|gen|9\n|tier|[Gen 9] National Dex\n|rule|HP Percentage Mod: HP is shown in percentages\n|rule|Endless Battle Clause: Forcing endless battles is banned\n|rule|OHKO Clause: OHKO moves are banned\n|rule|Evasion Clause: Evasion abilities, items, and moves are banned\n|rule|Evasion Abilities Clause: Evasion abilities are banned\n|rule|Evasion Items Clause: Evasion items are banned\n|rule|Evasion Moves Clause: Evasion moves are banned\n|rule|Species Clause: Limit one of each Pok\u00e9mon\n|rule|Sleep Clause Mod: Limit one foe put to sleep\n|clearpoke\n|poke|p1|Zamazenta-*|\n|poke|p1|Scizor, M|\n|poke|p1|Volcarona, M|\n|poke|p1|Heatran, M|\n|poke|p1|Ting-Lu|\n|poke|p1|Landorus-Therian, M|\n|poke|p2|Gengar, F|\n|poke|p2|Zamazenta-*|\n|poke|p2|Garchomp, M|\n|poke|p2|Ting-Lu|\n|poke|p2|Skeledirge, F|\n|poke|p2|Rotom-Wash|\n|teampreview\n|\n|t:|1700149601\n|start\n|switch|p1a: Alces|Ting-Lu|100\/100\n|switch|p2a: Garchomp|Garchomp, M|100\/100\n|-ability|p1a: Alces|Vessel of Ruin\n|turn|1\n|\n|t:|1700149608\n|move|p2a: Garchomp|Swords Dance|p2a: Garchomp\n|-boost|p2a: Garchomp|atk|2\n|move|p1a: Alces|Stealth Rock|p2a: Garchomp\n|-sidestart|p2: Bulka4000|move: Stealth Rock\n|\n|upkeep\n|turn|2\n|\n|t:|1700149615\n|move|p2a: Garchomp|Swords Dance|p2a: Garchomp\n|-boost|p2a: Garchomp|atk|2\n|move|p1a: Alces|Whirlwind|p2a: Garchomp\n|drag|p2a: Ting-Lu|Ting-Lu|100\/100\n|-damage|p2a: Ting-Lu|94\/100|[from] Stealth Rock\n|-ability|p2a: Ting-Lu|Vessel of Ruin\n|\n|-heal|p2a: Ting-Lu|100\/100|[from] item: Leftovers\n|upkeep\n|turn|3\n|\n|t:|1700149626\n|move|p1a: Alces|Ruination|p2a: Ting-Lu\n|-damage|p2a: Ting-Lu|50\/100\n|move|p2a: Ting-Lu|Ruination|p1a: Alces\n|-damage|p1a: Alces|50\/100\n|\n|-heal|p1a: Alces|57\/100|[from] item: Leftovers\n|-heal|p2a: Ting-Lu|57\/100|[from] item: Leftovers\n|upkeep\n|turn|4\n|\n|t:|1700149637\n|move|p1a: Alces|Whirlwind|p2a: Ting-Lu\n|drag|p2a: Gengar|Gengar, F|100\/100\n|-damage|p2a: Gengar|88\/100|[from] Stealth Rock\n|\n|-heal|p1a: Alces|63\/100|[from] item: Leftovers\n|upkeep\n|turn|5\n|c|\u2606Bulka4000|usei o msms golpe\n|\n|t:|1700149652\n|move|p2a: Gengar|Nasty Plot|p2a: Gengar\n|-boost|p2a: Gengar|spa|2\n|move|p1a: Alces|Earthquake|p2a: Gengar\n|-supereffective|p2a: Gengar\n|-damage|p2a: Gengar|0 fnt\n|faint|p2a: Gengar\n|\n|-heal|p1a: Alces|69\/100|[from] item: Leftovers\n|upkeep\n|c|\u2606AesirEcho|bruh\n|c|\u2606AesirEcho|tu ta com choice scarf\n|\n|t:|1700149667\n|switch|p2a: Zamazenta|Zamazenta|100\/100\n|-damage|p2a: Zamazenta|94\/100|[from] Stealth Rock\n|-ability|p2a: Zamazenta|Dauntless Shield|boost\n|-boost|p2a: Zamazenta|def|1\n|turn|6\n|\n|t:|1700149675\n|switch|p1a: Terra Tigris|Landorus-Therian, M|100\/100\n|-ability|p1a: Terra Tigris|Intimidate|boost\n|-unboost|p2a: Zamazenta|atk|1\n|move|p2a: Zamazenta|Close Combat|p1a: Terra Tigris\n|-resisted|p1a: Terra Tigris\n|-damage|p1a: Terra Tigris|81\/100\n|-unboost|p2a: Zamazenta|def|1\n|-unboost|p2a: Zamazenta|spd|1\n|-damage|p2a: Zamazenta|78\/100|[from] item: Rocky Helmet|[of] p1a: Terra Tigris\n|\n|upkeep\n|turn|7\n|\n|t:|1700149693\n|switch|p2a: Rotom|Rotom-Wash|100\/100\n|-damage|p2a: Rotom|88\/100|[from] Stealth Rock\n|move|p1a: Terra Tigris|Toxic|p2a: Rotom\n|-status|p2a: Rotom|tox\n|\n|-heal|p2a: Rotom|94\/100 tox|[from] item: Leftovers\n|-damage|p2a: Rotom|88\/100 tox|[from] psn\n|upkeep\n|turn|8\n|\n|t:|1700149703\n|switch|p1a: Alces|Ting-Lu|69\/100\n|-ability|p1a: Alces|Vessel of Ruin\n|move|p2a: Rotom|Hydro Pump|p1a: Alces\n|-supereffective|p1a: Alces\n|-damage|p1a: Alces|34\/100\n|\n|-heal|p2a: Rotom|94\/100 tox|[from] item: Leftovers\n|-heal|p1a: Alces|40\/100|[from] item: Leftovers\n|-damage|p2a: Rotom|82\/100 tox|[from] psn\n|upkeep\n|turn|9\n|\n|t:|1700149714\n|move|p2a: Rotom|Hydro Pump|p1a: Alces\n|-supereffective|p1a: Alces\n|-damage|p1a: Alces|8\/100\n|move|p1a: Alces|Whirlwind|p2a: Rotom\n|drag|p2a: Zamazenta|Zamazenta|78\/100\n|-damage|p2a: Zamazenta|72\/100|[from] Stealth Rock\n|\n|-heal|p1a: Alces|14\/100|[from] item: Leftovers\n|upkeep\n|turn|10\n|\n|t:|1700149724\n|switch|p1a: Terra Tigris|Landorus-Therian, M|81\/100\n|-ability|p1a: Terra Tigris|Intimidate|boost\n|-unboost|p2a: Zamazenta|atk|1\n|move|p2a: Zamazenta|Ice Fang|p1a: Terra Tigris\n|-supereffective|p1a: Terra Tigris\n|-damage|p1a: Terra Tigris|26\/100\n|-damage|p2a: Zamazenta|55\/100|[from] item: Rocky Helmet|[of] p1a: Terra Tigris\n|\n|upkeep\n|turn|11\n|\n|t:|1700149733\n|switch|p1a: Molaris Ira|Heatran, M|100\/100\n|move|p2a: Zamazenta|Ice Fang|p1a: Molaris Ira\n|-resisted|p1a: Molaris Ira\n|-damage|p1a: Molaris Ira|96\/100\n|-status|p1a: Molaris Ira|frz\n|\n|-heal|p1a: Molaris Ira|100\/100 frz|[from] item: Leftovers\n|upkeep\n|turn|12\n|c|\u2606AesirEcho|bruh\n|\n|t:|1700149747\n|switch|p2a: Rotom|Rotom-Wash|82\/100 tox\n|-damage|p2a: Rotom|69\/100 tox|[from] Stealth Rock\n|-curestatus|p1a: Molaris Ira|frz|[msg]\n|move|p1a: Molaris Ira|Magma Storm|p2a: Rotom\n|-resisted|p2a: Rotom\n|-damage|p2a: Rotom|42\/100 tox\n|-activate|p2a: Rotom|move: Magma Storm|[of] p1a: Molaris Ira\n|\n|-heal|p2a: Rotom|48\/100 tox|[from] item: Leftovers\n|-damage|p2a: Rotom|42\/100 tox|[from] psn\n|-damage|p2a: Rotom|29\/100 tox|[from] move: Magma Storm|[partiallytrapped]\n|upkeep\n|turn|13\n|\n|t:|1700149770\n|-terastallize|p1a: Molaris Ira|Grass\n|move|p1a: Molaris Ira|Magma Storm|p2a: Rotom|[miss]\n|-miss|p1a: Molaris Ira|p2a: Rotom\n|move|p2a: Rotom|Hydro Pump|p1a: Molaris Ira\n|-resisted|p1a: Molaris Ira\n|-damage|p1a: Molaris Ira|79\/100\n|\n|-heal|p1a: Molaris Ira|85\/100|[from] item: Leftovers\n|-heal|p2a: Rotom|36\/100 tox|[from] item: Leftovers\n|-damage|p2a: Rotom|23\/100 tox|[from] psn\n|-damage|p2a: Rotom|11\/100 tox|[from] move: Magma Storm|[partiallytrapped]\n|upkeep\n|turn|14\n|\n|t:|1700149782\n|move|p1a: Molaris Ira|Taunt|p2a: Rotom\n|-start|p2a: Rotom|move: Taunt\n|cant|p2a: Rotom|move: Taunt|Will-O-Wisp\n|\n|-heal|p1a: Molaris Ira|92\/100|[from] item: Leftovers\n|-heal|p2a: Rotom|17\/100 tox|[from] item: Leftovers\n|-damage|p2a: Rotom|0 fnt|[from] psn\n|faint|p2a: Rotom\n|upkeep\n|\n|t:|1700149790\n|switch|p2a: Skeledirge|Skeledirge, F|100\/100\n|turn|15\n|\n|t:|1700149795\n|move|p1a: Molaris Ira|Earth Power|p2a: Skeledirge\n|-supereffective|p2a: Skeledirge\n|-damage|p2a: Skeledirge|34\/100\n|move|p2a: Skeledirge|Torch Song|p1a: Molaris Ira\n|-start|p1a: Molaris Ira|ability: Flash Fire\n|\n|-heal|p1a: Molaris Ira|98\/100|[from] item: Leftovers\n|upkeep\n|turn|16\n|c|\u2606AesirEcho|a habilidade permanece\n|\n|t:|1700149821\n|switch|p2a: Zamazenta|Zamazenta|55\/100\n|-damage|p2a: Zamazenta|49\/100|[from] Stealth Rock\n|move|p1a: Molaris Ira|Earth Power|p2a: Zamazenta\n|-damage|p2a: Zamazenta|22\/100\n|\n|-heal|p1a: Molaris Ira|100\/100|[from] item: Leftovers\n|upkeep\n|turn|17\n|\n|t:|1700149846\n|-end|p1a: Molaris Ira|ability: Flash Fire|[silent]\n|switch|p1a: Forfex|Scizor, M|100\/100\n|move|p2a: Zamazenta|Ice Fang|p1a: Forfex\n|-resisted|p1a: Forfex\n|-damage|p1a: Forfex|87\/100\n|\n|upkeep\n|turn|18\n|\n|t:|1700149859\n|switch|p2a: Skeledirge|Skeledirge, F|34\/100\n|detailschange|p1a: Forfex|Scizor-Mega, M\n|-mega|p1a: Forfex|Scizor|Scizorite\n|move|p1a: Forfex|U-turn|p2a: Skeledirge\n|-resisted|p2a: Skeledirge\n|-damage|p2a: Skeledirge|28\/100\n|\n|t:|1700149867\n|switch|p1a: Molaris Ira|Heatran, M, tera:Grass|100\/100|[from] U-turn\n|\n|upkeep\n|turn|19\n|\n|t:|1700149878\n|switch|p2a: Garchomp|Garchomp, M|100\/100\n|-damage|p2a: Garchomp|94\/100|[from] Stealth Rock\n|move|p1a: Molaris Ira|Magma Storm|p2a: Garchomp\n|-resisted|p2a: Garchomp\n|-damage|p2a: Garchomp|66\/100\n|-activate|p2a: Garchomp|move: Magma Storm|[of] p1a: Molaris Ira\n|\n|-damage|p2a: Garchomp|53\/100|[from] move: Magma Storm|[partiallytrapped]\n|upkeep\n|turn|20\n|\n|t:|1700149888\n|move|p2a: Garchomp|Swords Dance|p2a: Garchomp\n|-boost|p2a: Garchomp|atk|2\n|move|p1a: Molaris Ira|Toxic|p2a: Garchomp|[miss]\n|-miss|p1a: Molaris Ira|p2a: Garchomp\n|\n|-damage|p2a: Garchomp|41\/100|[from] move: Magma Storm|[partiallytrapped]\n|upkeep\n|turn|21\n|\n|t:|1700149895\n|move|p2a: Garchomp|Earthquake|p1a: Molaris Ira\n|-resisted|p1a: Molaris Ira\n|-damage|p1a: Molaris Ira|48\/100\n|move|p1a: Molaris Ira|Earth Power|p2a: Garchomp\n|-damage|p2a: Garchomp|8\/100\n|\n|-heal|p1a: Molaris Ira|54\/100|[from] item: Leftovers\n|-damage|p2a: Garchomp|0 fnt|[from] move: Magma Storm|[partiallytrapped]\n|faint|p2a: Garchomp\n|upkeep\n|\n|t:|1700149905\n|switch|p2a: Ting-Lu|Ting-Lu|57\/100\n|-damage|p2a: Ting-Lu|50\/100|[from] Stealth Rock\n|-ability|p2a: Ting-Lu|Vessel of Ruin\n|turn|22\n|\n|t:|1700149920\n|move|p1a: Molaris Ira|Taunt|p2a: Ting-Lu\n|-start|p2a: Ting-Lu|move: Taunt\n|move|p2a: Ting-Lu|Ruination|p1a: Molaris Ira\n|-damage|p1a: Molaris Ira|27\/100\n|\n|-heal|p1a: Molaris Ira|34\/100|[from] item: Leftovers\n|-heal|p2a: Ting-Lu|57\/100|[from] item: Leftovers\n|upkeep\n|turn|23\n|\n|t:|1700149929\n|move|p1a: Molaris Ira|Toxic|p2a: Ting-Lu\n|-status|p2a: Ting-Lu|tox\n|move|p2a: Ting-Lu|Earthquake|p1a: Molaris Ira\n|-resisted|p1a: Molaris Ira\n|-damage|p1a: Molaris Ira|14\/100\n|\n|-heal|p1a: Molaris Ira|20\/100|[from] item: Leftovers\n|-heal|p2a: Ting-Lu|63\/100 tox|[from] item: Leftovers\n|-damage|p2a: Ting-Lu|57\/100 tox|[from] psn\n|upkeep\n|turn|24\n|\n|t:|1700149945\n|switch|p1a: Terra Tigris|Landorus-Therian, M|26\/100\n|-ability|p1a: Terra Tigris|Intimidate|boost\n|-unboost|p2a: Ting-Lu|atk|1\n|move|p2a: Ting-Lu|Ruination|p1a: Terra Tigris\n|-damage|p1a: Terra Tigris|13\/100\n|\n|-heal|p2a: Ting-Lu|63\/100 tox|[from] item: Leftovers\n|-damage|p2a: Ting-Lu|50\/100 tox|[from] psn\n|-end|p2a: Ting-Lu|move: Taunt\n|upkeep\n|turn|25\n|\n|t:|1700149957\n|move|p1a: Terra Tigris|U-turn|p2a: Ting-Lu\n|-supereffective|p2a: Ting-Lu\n|-damage|p2a: Ting-Lu|25\/100 tox\n|\n|t:|1700149960\n|switch|p1a: Forfex|Scizor-Mega, M|87\/100|[from] U-turn\n|move|p2a: Ting-Lu|Ruination|p1a: Forfex\n|-damage|p1a: Forfex|44\/100\n|\n|-heal|p2a: Ting-Lu|31\/100 tox|[from] item: Leftovers\n|-damage|p2a: Ting-Lu|12\/100 tox|[from] psn\n|upkeep\n|turn|26\n|\n|t:|1700149986\n|move|p1a: Forfex|U-turn|p2a: Ting-Lu\n|-supereffective|p2a: Ting-Lu\n|-damage|p2a: Ting-Lu|0 fnt\n|faint|p2a: Ting-Lu\n|\n|t:|1700149994\n|switch|p1a: Sol Tinea|Volcarona, M|100\/100|[from] U-turn\n|\n|upkeep\n|\n|t:|1700150009\n|switch|p2a: Zamazenta|Zamazenta|22\/100\n|-damage|p2a: Zamazenta|16\/100|[from] Stealth Rock\n|turn|27\n|\n|t:|1700150013\n|move|p2a: Zamazenta|Ice Fang|p1a: Sol Tinea\n|-resisted|p1a: Sol Tinea\n|-damage|p1a: Sol Tinea|84\/100\n|-status|p2a: Zamazenta|brn|[from] ability: Flame Body|[of] p1a: Sol Tinea\n|move|p1a: Sol Tinea|Quiver Dance|p1a: Sol Tinea\n|-boost|p1a: Sol Tinea|spa|1\n|-boost|p1a: Sol Tinea|spd|1\n|-boost|p1a: Sol Tinea|spe|1\n|\n|-damage|p2a: Zamazenta|10\/100 brn|[from] brn\n|upkeep\n|turn|28\n|\n|t:|1700150034\n|move|p1a: Sol Tinea|Quiver Dance|p1a: Sol Tinea\n|-boost|p1a: Sol Tinea|spa|1\n|-boost|p1a: Sol Tinea|spd|1\n|-boost|p1a: Sol Tinea|spe|1\n|move|p2a: Zamazenta|Ice Fang|p1a: Sol Tinea\n|-resisted|p1a: Sol Tinea\n|-damage|p1a: Sol Tinea|76\/100\n|\n|-damage|p2a: Zamazenta|4\/100 brn|[from] brn\n|upkeep\n|turn|29\n|\n|t:|1700150046\n|move|p1a: Sol Tinea|Quiver Dance|p1a: Sol Tinea\n|-boost|p1a: Sol Tinea|spa|1\n|-boost|p1a: Sol Tinea|spd|1\n|-boost|p1a: Sol Tinea|spe|1\n|move|p2a: Zamazenta|Ice Fang|p1a: Sol Tinea\n|-resisted|p1a: Sol Tinea\n|-damage|p1a: Sol Tinea|69\/100\n|\n|-damage|p2a: Zamazenta|0 fnt|[from] brn\n|faint|p2a: Zamazenta\n|upkeep\n|\n|t:|1700150073\n|switch|p2a: Skeledirge|Skeledirge, F|28\/100\n|turn|30\n|\n|t:|1700150076\n|move|p1a: Sol Tinea|Flamethrower|p2a: Skeledirge\n|-resisted|p2a: Skeledirge\n|-damage|p2a: Skeledirge|8\/100\n|move|p2a: Skeledirge|Slack Off|p2a: Skeledirge\n|-heal|p2a: Skeledirge|58\/100\n|\n|upkeep\n|turn|31\n|\n|t:|1700150092\n|move|p1a: Sol Tinea|Flamethrower|p2a: Skeledirge\n|-resisted|p2a: Skeledirge\n|-damage|p2a: Skeledirge|35\/100\n|move|p2a: Skeledirge|Slack Off|p2a: Skeledirge\n|-heal|p2a: Skeledirge|85\/100\n|\n|upkeep\n|turn|32\n|\n|t:|1700150099\n|move|p1a: Sol Tinea|Flamethrower|p2a: Skeledirge\n|-resisted|p2a: Skeledirge\n|-damage|p2a: Skeledirge|65\/100\n|move|p2a: Skeledirge|Hex|p1a: Sol Tinea\n|-damage|p1a: Sol Tinea|48\/100\n|\n|upkeep\n|turn|33\n|\n|t:|1700150108\n|move|p1a: Sol Tinea|Roost|p1a: Sol Tinea\n|-heal|p1a: Sol Tinea|98\/100\n|-singleturn|p1a: Sol Tinea|move: Roost\n|move|p2a: Skeledirge|Hex|p1a: Sol Tinea\n|-damage|p1a: Sol Tinea|77\/100\n|\n|upkeep\n|turn|34\n|\n|t:|1700150113\n|move|p1a: Sol Tinea|Flamethrower|p2a: Skeledirge\n|-resisted|p2a: Skeledirge\n|-damage|p2a: Skeledirge|45\/100\n|move|p2a: Skeledirge|Hex|p1a: Sol Tinea\n|-damage|p1a: Sol Tinea|58\/100\n|\n|upkeep\n|turn|35\n|\n|t:|1700150122\n|move|p1a: Sol Tinea|Flamethrower|p2a: Skeledirge\n|-resisted|p2a: Skeledirge\n|-damage|p2a: Skeledirge|25\/100\n|move|p2a: Skeledirge|Slack Off|p2a: Skeledirge\n|-heal|p2a: Skeledirge|75\/100\n|\n|upkeep\n|turn|36\n|\n|t:|1700150167\n|move|p1a: Sol Tinea|Flamethrower|p2a: Skeledirge\n|-resisted|p2a: Skeledirge\n|-damage|p2a: Skeledirge|54\/100\n|move|p2a: Skeledirge|Hex|p1a: Sol Tinea\n|-damage|p1a: Sol Tinea|37\/100\n|\n|upkeep\n|turn|37\n|\n|t:|1700150179\n|switch|p1a: Molaris Ira|Heatran, M, tera:Grass|20\/100\n|move|p2a: Skeledirge|Hex|p1a: Molaris Ira\n|-damage|p1a: Molaris Ira|0 fnt\n|faint|p1a: Molaris Ira\n|\n|upkeep\n|\n|t:|1700150184\n|switch|p1a: Terra Tigris|Landorus-Therian, M|13\/100\n|-ability|p1a: Terra Tigris|Intimidate|boost\n|-unboost|p2a: Skeledirge|atk|1\n|turn|38\n|\n|t:|1700150188\n|move|p1a: Terra Tigris|Toxic|p2a: Skeledirge\n|-status|p2a: Skeledirge|tox\n|move|p2a: Skeledirge|Hex|p1a: Terra Tigris\n|-damage|p1a: Terra Tigris|0 fnt\n|faint|p1a: Terra Tigris\n|\n|-damage|p2a: Skeledirge|48\/100 tox|[from] psn\n|upkeep\n|\n|t:|1700150193\n|switch|p1a: Ignis Coronam|Zamazenta|100\/100\n|-ability|p1a: Ignis Coronam|Dauntless Shield|boost\n|-boost|p1a: Ignis Coronam|def|1\n|turn|39\n|\n|t:|1700150201\n|move|p1a: Ignis Coronam|Crunch|p2a: Skeledirge\n|-supereffective|p2a: Skeledirge\n|-damage|p2a: Skeledirge|2\/100 tox\n|-unboost|p2a: Skeledirge|def|1\n|move|p2a: Skeledirge|Slack Off|p2a: Skeledirge\n|-heal|p2a: Skeledirge|52\/100 tox\n|\n|-damage|p2a: Skeledirge|40\/100 tox|[from] psn\n|upkeep\n|turn|40\n|c|\u2606AesirEcho|gg\n|\n|t:|1700150210\n|-terastallize|p2a: Skeledirge|Fire\n|move|p1a: Ignis Coronam|Crunch|p2a: Skeledirge\n|-damage|p2a: Skeledirge|5\/100 tox\n|move|p2a: Skeledirge|Slack Off|p2a: Skeledirge\n|-heal|p2a: Skeledirge|55\/100 tox\n|\n|-damage|p2a: Skeledirge|37\/100 tox|[from] psn\n|upkeep\n|turn|41\n|c|\u2606AesirEcho|ou n\n|c|\u2606AesirEcho|fdp\n|\n|t:|1700150221\n|move|p1a: Ignis Coronam|Crunch|p2a: Skeledirge\n|-damage|p2a: Skeledirge|4\/100 tox\n|-unboost|p2a: Skeledirge|def|1\n|move|p2a: Skeledirge|Torch Song|p1a: Ignis Coronam\n|-damage|p1a: Ignis Coronam|65\/100\n|-boost|p2a: Skeledirge|spa|1\n|\n|-damage|p2a: Skeledirge|0 fnt|[from] psn\n|faint|p2a: Skeledirge\n|\n|win|AesirEcho\n|upkeep\n|c|\u2606AesirEcho|gg\n","uploadtime":1700150227,"views":19,"p1id":"aesirecho","p2id":"bulka4000","formatid":"gen9nationaldex","rating":0,"private":0,"password":""}