{"id":"gen9nationaldex-1993346706","p1":"daodanguiTest","p2":"Onte bad","format":"[Gen 9] National Dex","log":"|j|\u2606daodanguiTest\n|j|\u2606Onte bad\n|t:|1700303096\n|gametype|singles\n|player|p1|daodanguiTest|101|1494\n|player|p2|Onte bad|169|1378\n|teamsize|p1|6\n|teamsize|p2|6\n|gen|9\n|tier|[Gen 9] National Dex\n|rated|\n|rule|HP Percentage Mod: HP is shown in percentages\n|rule|Endless Battle Clause: Forcing endless battles is banned\n|rule|OHKO Clause: OHKO moves are banned\n|rule|Evasion Clause: Evasion abilities, items, and moves are banned\n|rule|Evasion Abilities Clause: Evasion abilities are banned\n|rule|Evasion Items Clause: Evasion items are banned\n|rule|Evasion Moves Clause: Evasion moves are banned\n|rule|Species Clause: Limit one of each Pok\u00e9mon\n|rule|Sleep Clause Mod: Limit one foe put to sleep\n|clearpoke\n|poke|p1|Rillaboom, F|\n|poke|p1|Slowking-Galar, F|\n|poke|p1|Urshifu-*, M|\n|poke|p1|Banette, F|\n|poke|p1|Samurott-Hisui, M|\n|poke|p1|Garchomp, M|\n|poke|p2|Ferrothorn, F|\n|poke|p2|Dragonite, F|\n|poke|p2|Alomomola, M|\n|poke|p2|Jellicent, F|\n|poke|p2|Flamigo, F|\n|poke|p2|Zamazenta-*|\n|teampreview\n|\n|t:|1700303121\n|start\n|switch|p1a: Samurott|Samurott-Hisui, M|100\/100\n|switch|p2a: Flamigo|Flamigo, F|100\/100\n|turn|1\n|\n|t:|1700303133\n|move|p2a: Flamigo|U-turn|p1a: Samurott\n|-supereffective|p1a: Samurott\n|-damage|p1a: Samurott|54\/100\n|\n|t:|1700303135\n|switch|p2a: Ferrothorn|Ferrothorn, F|100\/100|[from] U-turn\n|move|p1a: Samurott|Aqua Cutter|p2a: Ferrothorn\n|-resisted|p2a: Ferrothorn\n|-damage|p2a: Ferrothorn|85\/100\n|\n|-heal|p2a: Ferrothorn|91\/100|[from] item: Leftovers\n|upkeep\n|turn|2\n|\n|t:|1700303148\n|switch|p1a: Rillaboom|Rillaboom, F|100\/100\n|-fieldstart|move: Grassy Terrain|[from] ability: Grassy Surge|[of] p1a: Rillaboom\n|move|p2a: Ferrothorn|Stealth Rock|p1a: Rillaboom\n|-sidestart|p1: daodanguiTest|move: Stealth Rock\n|\n|-heal|p2a: Ferrothorn|97\/100|[from] Grassy Terrain\n|-heal|p2a: Ferrothorn|100\/100|[from] item: Leftovers\n|upkeep\n|turn|3\n|\n|t:|1700303153\n|move|p1a: Rillaboom|U-turn|p2a: Ferrothorn\n|-damage|p2a: Ferrothorn|87\/100\n|-damage|p1a: Rillaboom|88\/100|[from] ability: Iron Barbs|[of] p2a: Ferrothorn\n|\n|t:|1700303158\n|switch|p1a: Banette|Banette, F|100\/100|[from] U-turn\n|-damage|p1a: Banette|88\/100|[from] Stealth Rock\n|-item|p2a: Ferrothorn|Leftovers|[from] ability: Frisk|[of] p1a: Banette|[identify]\n|move|p2a: Ferrothorn|Spikes|p1a: Banette\n|-sidestart|p1: daodanguiTest|Spikes\n|\n|-heal|p1a: Banette|94\/100|[from] Grassy Terrain\n|-heal|p2a: Ferrothorn|93\/100|[from] Grassy Terrain\n|-heal|p2a: Ferrothorn|99\/100|[from] item: Leftovers\n|upkeep\n|turn|4\n|\n|t:|1700303165\n|switch|p1a: Slowking|Slowking-Galar, F|100\/100\n|-damage|p1a: Slowking|88\/100|[from] Stealth Rock\n|-damage|p1a: Slowking|76\/100|[from] Spikes\n|move|p2a: Ferrothorn|Power Whip|p1a: Slowking\n|-resisted|p1a: Slowking\n|-damage|p1a: Slowking|46\/100\n|\n|-heal|p1a: Slowking|52\/100|[from] Grassy Terrain\n|-heal|p2a: Ferrothorn|100\/100|[from] Grassy Terrain\n|upkeep\n|turn|5\n|\n|t:|1700303170\n|switch|p2a: Alomomola|Alomomola, M|100\/100\n|move|p1a: Slowking|Flamethrower|p2a: Alomomola\n|-resisted|p2a: Alomomola\n|-damage|p2a: Alomomola|85\/100\n|\n|-heal|p2a: Alomomola|92\/100|[from] Grassy Terrain\n|-heal|p2a: Alomomola|98\/100|[from] item: Leftovers\n|-heal|p1a: Slowking|58\/100|[from] Grassy Terrain\n|upkeep\n|turn|6\n|\n|t:|1700303181\n|move|p2a: Alomomola|Flip Turn|p1a: Slowking\n|-damage|p1a: Slowking|42\/100\n|\n|t:|1700303183\n|switch|p2a: Dragonite|Dragonite, F|100\/100|[from] Flip Turn\n|move|p1a: Slowking|Future Sight|p2a: Dragonite\n|-start|p1a: Slowking|move: Future Sight\n|\n|-heal|p1a: Slowking|48\/100|[from] Grassy Terrain\n|-fieldend|move: Grassy Terrain\n|upkeep\n|turn|7\n|\n|t:|1700303189\n|-terastallize|p1a: Slowking|Fairy\n|move|p2a: Dragonite|Earthquake|p1a: Slowking\n|-damage|p1a: Slowking|0 fnt\n|faint|p1a: Slowking\n|\n|upkeep\n|-message|daodanguiTest forfeited.\n|\n|win|Onte bad\n|raw|daodanguiTest's rating: 1494 &rarr; <strong>1468<\/strong><br \/>(-26 for losing)\n|raw|Onte bad's rating: 1378 &rarr; <strong>1404<\/strong><br \/>(+26 for winning)\n|l|\u2606daodanguiTest\n","uploadtime":1700303197,"views":8,"p1id":"daodanguitest","p2id":"ontebad","formatid":"gen9nationaldex","rating":1404,"private":0,"password":""}