{"id":"gen9nationaldex-1987458297","p1":"DestinyPurpley","p2":"Jarl_jake","format":"[Gen 9] National Dex","log":"|j|\u2606DestinyPurpley\n|j|\u2606Jarl_jake\n|t:|1699594714\n|gametype|singles\n|player|p1|DestinyPurpley|lusamine-nihilego|1076\n|player|p2|Jarl_jake|red|1005\n|teamsize|p1|6\n|teamsize|p2|6\n|gen|9\n|tier|[Gen 9] National Dex\n|rated|\n|rule|HP Percentage Mod: HP is shown in percentages\n|rule|Endless Battle Clause: Forcing endless battles is banned\n|rule|OHKO Clause: OHKO moves are banned\n|rule|Evasion Clause: Evasion abilities, items, and moves are banned\n|rule|Evasion Abilities Clause: Evasion abilities are banned\n|rule|Evasion Items Clause: Evasion items are banned\n|rule|Evasion Moves Clause: Evasion moves are banned\n|rule|Species Clause: Limit one of each Pok\u00e9mon\n|rule|Sleep Clause Mod: Limit one foe put to sleep\n|clearpoke\n|poke|p1|Delphox, M|\n|poke|p1|Zoroark-Hisui, F|\n|poke|p1|Mismagius, F|\n|poke|p1|Minior|\n|poke|p1|Nihilego|\n|poke|p1|Lilligant-Hisui, F|\n|poke|p2|Ninetales-Alola, F|\n|poke|p2|Serperior, F|\n|poke|p2|Salamence, M|\n|poke|p2|Blaziken, M|\n|poke|p2|Blastoise, F|\n|poke|p2|Grimmsnarl, M|\n|teampreview\n|\n|t:|1699594725\n|start\n|switch|p1a: Loaf|Delphox, M|100\/100\n|switch|p2a: Salamence|Salamence, M, shiny|100\/100\n|turn|1\n|inactive|Battle timer is ON: inactive players will automatically lose when time's up. (requested by Jarl_jake)\n|\n|t:|1699594750\n|move|p1a: Loaf|Mystical Fire|p2a: Salamence\n|-resisted|p2a: Salamence\n|-damage|p2a: Salamence|76\/100\n|-unboost|p2a: Salamence|spa|1\n|move|p2a: Salamence|Dragon Dance|p2a: Salamence\n|-boost|p2a: Salamence|atk|1\n|-boost|p2a: Salamence|spe|1\n|\n|upkeep\n|turn|2\n|\n|t:|1699594765\n|move|p2a: Salamence|Earthquake|p1a: Loaf\n|-supereffective|p1a: Loaf\n|-damage|p1a: Loaf|0 fnt\n|faint|p1a: Loaf\n|-ability|p2a: Salamence|Moxie|boost\n|-boost|p2a: Salamence|atk|1\n|\n|upkeep\n|\n|t:|1699594776\n|switch|p1a: Rosina|Lilligant-Hisui, F|100\/100\n|turn|3\n|\n|t:|1699594782\n|move|p2a: Salamence|Dual Wingbeat|p1a: Rosina\n|-damage|p1a: Rosina|0 fnt\n|replace|p1a: Miho|Zoroark-Hisui, F, shiny\n|-end|p1a: Miho|Illusion\n|faint|p1a: Miho\n|-ability|p2a: Salamence|Moxie|boost\n|-boost|p2a: Salamence|atk|1\n|-hitcount|p1: Miho|1\n|\n|upkeep\n|inactive|DestinyPurpley has 120 seconds left.\n|\n|t:|1699594803\n|switch|p1a: Unmei|Mismagius, F|100\/100\n|turn|4\n|\n|t:|1699594809\n|move|p2a: Salamence|Dual Wingbeat|p1a: Unmei\n|-damage|p1a: Unmei|13\/100\n|-damage|p1a: Unmei|0 fnt\n|faint|p1a: Unmei\n|-ability|p2a: Salamence|Moxie|boost\n|-boost|p2a: Salamence|atk|1\n|-hitcount|p1: Unmei|2\n|\n|upkeep\n|\n|t:|1699594822\n|switch|p1a: Galaxy|Minior, shiny|100\/100\n|-formechange|p1a: Galaxy|Minior-Meteor||[from] ability: Shields Down\n|turn|5\n|\n|t:|1699594833\n|-terastallize|p1a: Galaxy|Ground\n|move|p2a: Salamence|Dual Wingbeat|p1a: Galaxy\n|-damage|p1a: Galaxy|33\/100\n|-damage|p1a: Galaxy|0 fnt\n|faint|p1a: Galaxy\n|-ability|p2a: Salamence|Moxie|boost\n|-boost|p2a: Salamence|atk|1\n|-hitcount|p1: Galaxy|2\n|\n|upkeep\n|\n|t:|1699594839\n|switch|p1a: Mia|Nihilego|100\/100\n|turn|6\n|\n|t:|1699594845\n|move|p2a: Salamence|Earthquake|p1a: Mia\n|-supereffective|p1a: Mia\n|-damage|p1a: Mia|0 fnt\n|faint|p1a: Mia\n|-ability|p2a: Salamence|Moxie|boost\n|-boost|p2a: Salamence|atk|1\n|\n|upkeep\n|\n|t:|1699594848\n|switch|p1a: Rosina|Lilligant-Hisui, F|100\/100\n|turn|7\n|\n|t:|1699594853\n|move|p2a: Salamence|Dual Wingbeat|p1a: Rosina\n|-supereffective|p1a: Rosina\n|-damage|p1a: Rosina|0 fnt\n|faint|p1a: Rosina\n|-hitcount|p1: Rosina|1\n|\n|win|Jarl_jake\n|raw|DestinyPurpley's rating: 1076 &rarr; <strong>1050<\/strong><br \/>(-26 for losing)\n|raw|Jarl_jake's rating: 1005 &rarr; <strong>1052<\/strong><br \/>(+47 for winning)\n","uploadtime":1699594861,"views":17,"p1id":"destinypurpley","p2id":"jarljake","formatid":"gen9nationaldex","rating":1050,"private":0,"password":""}