{"id":"gen9nationaldex-1994257090","p1":"InSAMnity","p2":"JohnKramerFan","format":"[Gen 9] National Dex","log":"|j|\u2606InSAMnity\n|j|\u2606JohnKramerFan\n|t:|1700424169\n|gametype|singles\n|player|p1|InSAMnity|zinnia|\n|player|p2|JohnKramerFan|backersf|\n|teamsize|p1|6\n|teamsize|p2|6\n|gen|9\n|tier|[Gen 9] National Dex\n|rule|HP Percentage Mod: HP is shown in percentages\n|rule|Endless Battle Clause: Forcing endless battles is banned\n|rule|OHKO Clause: OHKO moves are banned\n|rule|Evasion Clause: Evasion abilities, items, and moves are banned\n|rule|Evasion Abilities Clause: Evasion abilities are banned\n|rule|Evasion Items Clause: Evasion items are banned\n|rule|Evasion Moves Clause: Evasion moves are banned\n|rule|Species Clause: Limit one of each Pok\u00e9mon\n|rule|Sleep Clause Mod: Limit one foe put to sleep\n|clearpoke\n|poke|p1|Torkoal, F|\n|poke|p1|Charizard, M|\n|poke|p1|Great Tusk|\n|poke|p1|Venusaur, F|\n|poke|p1|Ditto|\n|poke|p1|Slither Wing|\n|poke|p2|Greninja-*, M|\n|poke|p2|Salamence, F|\n|poke|p2|Iron Moth|\n|poke|p2|Rotom-Heat|\n|poke|p2|Crobat, M|\n|poke|p2|Incineroar, F|\n|teampreview\n|j| carutothehocarge\n|\n|t:|1700424323\n|start\n|switch|p1a: Slither Wing|Slither Wing|100\/100\n|switch|p2a: furry|Incineroar, F|100\/100\n|-ability|p2a: furry|Intimidate|boost\n|-unboost|p1a: Slither Wing|atk|1\n|turn|1\n|\n|t:|1700424346\n|move|p1a: Slither Wing|U-turn|p2a: furry\n|-damage|p2a: furry|81\/100\n|\n|t:|1700424353\n|-end|p1a: Slither Wing|Protosynthesis|[silent]\n|switch|p1a: Charizard|Charizard, M|100\/100|[from] U-turn\n|move|p2a: furry|Overheat|p1a: Charizard\n|-resisted|p1a: Charizard\n|-damage|p1a: Charizard|75\/100\n|-unboost|p2a: furry|spa|2\n|\n|upkeep\n|turn|2\n|\n|t:|1700424364\n|detailschange|p1a: Charizard|Charizard-Mega-Y, M\n|-mega|p1a: Charizard|Charizard|Charizardite Y\n|-weather|SunnyDay|[from] ability: Drought|[of] p1a: Charizard\n|move|p1a: Charizard|Tailwind|p1a: Charizard\n|-sidestart|p1: InSAMnity|move: Tailwind\n|move|p2a: furry|Parting Shot|p1a: Charizard\n|-unboost|p1a: Charizard|atk|1\n|-unboost|p1a: Charizard|spa|1\n|\n|t:|1700424402\n|switch|p2a: gwawy-mega|Rotom-Heat|100\/100|[from] Parting Shot\n|\n|-weather|SunnyDay|[upkeep]\n|upkeep\n|turn|3\n|\n|t:|1700424431\n|switch|p1a: Great Tusk|Great Tusk|100\/100\n|-activate|p1a: Great Tusk|ability: Protosynthesis\n|-start|p1a: Great Tusk|protosynthesisatk\n|move|p2a: gwawy-mega|Electric Terrain|p2a: gwawy-mega\n|-fieldstart|move: Electric Terrain\n|\n|-weather|SunnyDay|[upkeep]\n|upkeep\n|turn|4\n|\n|t:|1700424500\n|switch|p2a: furry|Incineroar, F|81\/100\n|-ability|p2a: furry|Intimidate|boost\n|-unboost|p1a: Great Tusk|atk|1\n|-zpower|p1a: Great Tusk\n|move|p1a: Great Tusk|Continental Crush|p2a: furry|[zeffect]\n|-supereffective|p2a: furry\n|-damage|p2a: furry|5\/100\n|\n|-weather|SunnyDay|[upkeep]\n|upkeep\n|turn|5\n|\n|t:|1700424533\n|move|p1a: Great Tusk|Close Combat|p2a: furry\n|-supereffective|p2a: furry\n|-damage|p2a: furry|0 fnt\n|-unboost|p1a: Great Tusk|def|1\n|-unboost|p1a: Great Tusk|spd|1\n|faint|p2a: furry\n|\n|-weather|SunnyDay|[upkeep]\n|-sideend|p1: InSAMnity|move: Tailwind\n|upkeep\n|\n|t:|1700424552\n|switch|p2a: glaile-big|Salamence, F|100\/100\n|turn|6\n|\n|t:|1700424595\n|-end|p1a: Great Tusk|Protosynthesis|[silent]\n|switch|p1a: Charizard|Charizard-Mega-Y, M|75\/100\n|move|p2a: glaile-big|Dual Wingbeat|p1a: Charizard\n|-damage|p1a: Charizard|43\/100\n|-damage|p1a: Charizard|11\/100\n|-hitcount|p1a: Charizard|2\n|\n|-weather|none\n|upkeep\n|turn|7\n|\n|t:|1700424609\n|move|p2a: glaile-big|Dual Wingbeat|p1a: Charizard\n|-damage|p1a: Charizard|0 fnt\n|faint|p1a: Charizard\n|-ability|p2a: glaile-big|Moxie|boost\n|-boost|p2a: glaile-big|atk|1\n|-hitcount|p1: Charizard|1\n|\n|-fieldend|move: Electric Terrain\n|upkeep\n|\n|t:|1700424627\n|switch|p1a: Torkoal|Torkoal, F|100\/100\n|-weather|SunnyDay|[from] ability: Drought|[of] p1a: Torkoal\n|turn|8\n|j| uwudaddyskitten\n|\n|t:|1700424648\n|switch|p2a: gwawy-mega|Rotom-Heat|100\/100\n|move|p1a: Torkoal|Stealth Rock|p2a: gwawy-mega\n|-sidestart|p2: JohnKramerFan|move: Stealth Rock\n|\n|-weather|SunnyDay|[upkeep]\n|upkeep\n|turn|9\n|\n|t:|1700424660\n|move|p2a: gwawy-mega|Defog|p1a: Torkoal\n|-unboost|p1a: Torkoal|evasion|1\n|-sideend|p2: JohnKramerFan|Stealth Rock|[from] move: Defog|[of] p2a: gwawy-mega\n|move|p1a: Torkoal|Toxic|p2a: gwawy-mega\n|-status|p2a: gwawy-mega|tox\n|\n|-weather|SunnyDay|[upkeep]\n|-damage|p2a: gwawy-mega|94\/100 tox|[from] psn\n|upkeep\n|turn|10\n|\n|t:|1700424685\n|move|p2a: gwawy-mega|Volt Switch|p1a: Torkoal\n|-damage|p1a: Torkoal|73\/100\n|\n|t:|1700424692\n|switch|p2a: Gllaile-mega|Greninja, M|100\/100|[from] Volt Switch\n|move|p1a: Torkoal|Stealth Rock|p2a: Gllaile-mega\n|-sidestart|p2: JohnKramerFan|move: Stealth Rock\n|\n|-weather|SunnyDay|[upkeep]\n|upkeep\n|turn|11\n|\n|t:|1700424708\n|switch|p1a: Slither Wing|Slither Wing|100\/100\n|-activate|p1a: Slither Wing|ability: Protosynthesis\n|-start|p1a: Slither Wing|protosynthesisatk\n|move|p2a: Gllaile-mega|Hydro Pump|p1a: Slither Wing\n|-damage|p1a: Slither Wing|69\/100\n|-damage|p2a: Gllaile-mega|91\/100|[from] item: Life Orb\n|\n|-weather|SunnyDay|[upkeep]\n|upkeep\n|turn|12\n|\n|t:|1700424751\n|switch|p2a: gwawy-mega|Rotom-Heat|94\/100 tox\n|move|p1a: Slither Wing|U-turn|p2a: gwawy-mega\n|-resisted|p2a: gwawy-mega\n|-damage|p2a: gwawy-mega|69\/100 tox\n|\n|t:|1700424763\n|-end|p1a: Slither Wing|Protosynthesis|[silent]\n|switch|p1a: Venusaur|Venusaur, F|100\/100|[from] U-turn\n|\n|-weather|SunnyDay|[upkeep]\n|-damage|p2a: gwawy-mega|63\/100 tox|[from] psn\n|upkeep\n|turn|13\n|\n|t:|1700424768\n|move|p1a: Venusaur|Growth|p1a: Venusaur\n|-boost|p1a: Venusaur|atk|2\n|-boost|p1a: Venusaur|spa|2\n|move|p2a: gwawy-mega|Overheat|p1a: Venusaur\n|-supereffective|p1a: Venusaur\n|-enditem|p1a: Venusaur|Focus Sash\n|-damage|p1a: Venusaur|1\/100\n|-unboost|p2a: gwawy-mega|spa|2\n|\n|-weather|SunnyDay|[upkeep]\n|-damage|p2a: gwawy-mega|50\/100 tox|[from] psn\n|upkeep\n|turn|14\n|\n|t:|1700424801\n|switch|p2a: gl41l3-m3g4|Crobat, M|100\/100\n|-damage|p2a: gl41l3-m3g4|75\/100|[from] Stealth Rock\n|move|p1a: Venusaur|Giga Drain|p2a: gl41l3-m3g4\n|-resisted|p2a: gl41l3-m3g4\n|-damage|p2a: gl41l3-m3g4|60\/100\n|-heal|p1a: Venusaur|8\/100|[from] drain|[of] p2a: gl41l3-m3g4\n|\n|-weather|SunnyDay|[upkeep]\n|-heal|p2a: gl41l3-m3g4|66\/100|[from] item: Black Sludge\n|upkeep\n|turn|15\n|\n|t:|1700424824\n|move|p1a: Venusaur|Hidden Power|p2a: gl41l3-m3g4\n|-supereffective|p2a: gl41l3-m3g4\n|-damage|p2a: gl41l3-m3g4|1\/100\n|move|p2a: gl41l3-m3g4|Brave Bird|p1a: Venusaur\n|-supereffective|p1a: Venusaur\n|-damage|p1a: Venusaur|0 fnt\n|faint|p1a: Venusaur\n|-damage|p2a: gl41l3-m3g4|0 fnt|[from] Recoil\n|faint|p2a: gl41l3-m3g4\n|\n|-weather|none\n|upkeep\n|\n|t:|1700424864\n|switch|p2a: glaile-big|Salamence, F|100\/100\n|switch|p1a: Torkoal|Torkoal, F|73\/100\n|-damage|p2a: glaile-big|76\/100|[from] Stealth Rock\n|-weather|SunnyDay|[from] ability: Drought|[of] p1a: Torkoal\n|turn|16\n|\n|t:|1700424874\n|move|p2a: glaile-big|Earthquake|p1a: Torkoal\n|-supereffective|p1a: Torkoal\n|-crit|p1a: Torkoal\n|-damage|p1a: Torkoal|2\/100\n|move|p1a: Torkoal|Toxic|p2a: glaile-big\n|-status|p2a: glaile-big|tox\n|\n|-weather|SunnyDay|[upkeep]\n|-damage|p2a: glaile-big|70\/100 tox|[from] psn\n|upkeep\n|turn|17\n|\n|t:|1700424882\n|move|p1a: Torkoal|Protect|p1a: Torkoal\n|-singleturn|p1a: Torkoal|Protect\n|move|p2a: glaile-big|Earthquake|p1a: Torkoal\n|-activate|p1a: Torkoal|move: Protect\n|\n|-weather|SunnyDay|[upkeep]\n|-damage|p2a: glaile-big|58\/100 tox|[from] psn\n|upkeep\n|turn|18\n|\n|t:|1700424900\n|switch|p2a: gwawy-mega|Rotom-Heat|50\/100 tox\n|switch|p1a: Slither Wing|Slither Wing|69\/100\n|-activate|p1a: Slither Wing|ability: Protosynthesis\n|-start|p1a: Slither Wing|protosynthesisatk\n|\n|-weather|SunnyDay|[upkeep]\n|-damage|p2a: gwawy-mega|44\/100 tox|[from] psn\n|upkeep\n|turn|19\n|\n|t:|1700424916\n|move|p1a: Slither Wing|Close Combat|p2a: gwawy-mega\n|-crit|p2a: gwawy-mega\n|-damage|p2a: gwawy-mega|0 fnt\n|-unboost|p1a: Slither Wing|def|1\n|-unboost|p1a: Slither Wing|spd|1\n|faint|p2a: gwawy-mega\n|\n|-weather|SunnyDay|[upkeep]\n|upkeep\n|\n|t:|1700424933\n|switch|p2a: Glalely-Mega|Iron Moth|100\/100\n|-damage|p2a: Glalely-Mega|76\/100|[from] Stealth Rock\n|turn|20\n|\n|t:|1700424944\n|move|p1a: Slither Wing|Close Combat|p2a: Glalely-Mega\n|-resisted|p2a: Glalely-Mega\n|-damage|p2a: Glalely-Mega|3\/100\n|-unboost|p1a: Slither Wing|def|1\n|-unboost|p1a: Slither Wing|spd|1\n|move|p2a: Glalely-Mega|Fiery Dance|p1a: Slither Wing\n|-supereffective|p1a: Slither Wing\n|-damage|p1a: Slither Wing|0 fnt\n|-boost|p2a: Glalely-Mega|spa|1\n|faint|p1a: Slither Wing\n|-end|p1a: Slither Wing|Protosynthesis|[silent]\n|\n|-weather|SunnyDay|[upkeep]\n|upkeep\n|\n|t:|1700424955\n|switch|p1a: Ditto|Ditto|100\/100\n|-transform|p1a: Ditto|p2a: Glalely-Mega|[from] ability: Imposter\n|turn|21\n|\n|t:|1700424965\n|move|p1a: Ditto|Discharge|p2a: Glalely-Mega\n|-damage|p2a: Glalely-Mega|0 fnt\n|faint|p2a: Glalely-Mega\n|-end|p2a: Glalely-Mega|Quark Drive|[silent]\n|\n|-weather|SunnyDay|[upkeep]\n|upkeep\n|\n|t:|1700424974\n|switch|p2a: Gllaile-mega|Greninja, M|91\/100\n|-damage|p2a: Gllaile-mega|78\/100|[from] Stealth Rock\n|turn|22\n|\n|t:|1700424979\n|move|p1a: Ditto|Discharge|p2a: Gllaile-mega\n|-supereffective|p2a: Gllaile-mega\n|-damage|p2a: Gllaile-mega|0 fnt\n|faint|p2a: Gllaile-mega\n|\n|-weather|SunnyDay|[upkeep]\n|upkeep\n|\n|t:|1700424984\n|switch|p2a: glaile-big|Salamence, F|58\/100 tox\n|-damage|p2a: glaile-big|33\/100 tox|[from] Stealth Rock\n|turn|23\n|\n|t:|1700424998\n|move|p1a: Ditto|Discharge|p2a: glaile-big\n|-damage|p2a: glaile-big|0 fnt\n|faint|p2a: glaile-big\n|\n|win|InSAMnity\n|l| uwudaddyskitten\n","uploadtime":1700425153,"views":29,"p1id":"insamnity","p2id":"johnkramerfan","formatid":"gen9nationaldex","rating":0,"private":0,"password":""}