{"id":"gen9nationaldex-1990826189","p1":"Sweepandsupports","p2":"its_notacewastaken","format":"[Gen 9] National Dex","log":"|j|\u2606Sweepandsupports\n|j|\u2606its_notacewastaken\n|t:|1700004806\n|gametype|singles\n|player|p1|Sweepandsupports|ryuki|1182\n|player|p2|its_notacewastaken|hilda|1274\n|teamsize|p1|6\n|teamsize|p2|6\n|gen|9\n|tier|[Gen 9] National Dex\n|rated|\n|rule|HP Percentage Mod: HP is shown in percentages\n|rule|Endless Battle Clause: Forcing endless battles is banned\n|rule|OHKO Clause: OHKO moves are banned\n|rule|Evasion Clause: Evasion abilities, items, and moves are banned\n|rule|Evasion Abilities Clause: Evasion abilities are banned\n|rule|Evasion Items Clause: Evasion items are banned\n|rule|Evasion Moves Clause: Evasion moves are banned\n|rule|Species Clause: Limit one of each Pok\u00e9mon\n|rule|Sleep Clause Mod: Limit one foe put to sleep\n|clearpoke\n|poke|p1|Meowscarada, M|\n|poke|p1|Arcanine-Hisui, M|\n|poke|p1|Toxapex, F|\n|poke|p1|Gliscor, F|\n|poke|p1|Latias, F|\n|poke|p1|Aegislash, F|\n|poke|p2|Ninetales-Alola, M|\n|poke|p2|Heatran, M|\n|poke|p2|Landorus-Therian, M|\n|poke|p2|Tapu Fini|\n|poke|p2|Arctozolt|\n|poke|p2|Kartana|\n|teampreview\n|inactive|Battle timer is ON: inactive players will automatically lose when time's up. (requested by Sweepandsupports)\n|\n|t:|1700004812\n|start\n|switch|p1a: Meowscarada|Meowscarada, M|100\/100\n|switch|p2a: Chaos|Heatran, M|100\/100\n|-item|p2a: Chaos|Air Balloon\n|turn|1\n|\n|t:|1700004818\n|move|p1a: Meowscarada|U-turn|p2a: Chaos\n|-start|p1a: Meowscarada|typechange|Bug|[from] ability: Protean\n|-resisted|p2a: Chaos\n|-damage|p2a: Chaos|88\/100\n|-enditem|p2a: Chaos|Air Balloon\n|\n|t:|1700004823\n|switch|p1a: Gliscor|Gliscor, F|100\/100|[from] U-turn\n|move|p2a: Chaos|Stealth Rock|p1a: Gliscor\n|-sidestart|p1: Sweepandsupports|move: Stealth Rock\n|\n|-status|p1a: Gliscor|tox|[from] item: Toxic Orb\n|upkeep\n|turn|2\n|c|\u2606its_notacewastaken|cool gliscor stall\n|\n|t:|1700004842\n|switch|p2a: Raven|Tapu Fini, shiny|100\/100\n|-fieldstart|move: Misty Terrain|[from] ability: Misty Surge|[of] p2a: Raven\n|move|p1a: Gliscor|Defog|p2a: Raven\n|-unboost|p2a: Raven|evasion|1\n|-sideend|p1: Sweepandsupports|Stealth Rock|[from] move: Defog|[of] p1a: Gliscor\n|-fieldend|Misty Terrain\n|\n|upkeep\n|turn|3\n|\n|t:|1700004851\n|move|p2a: Raven|Calm Mind|p2a: Raven\n|-boost|p2a: Raven|spa|1\n|-boost|p2a: Raven|spd|1\n|move|p1a: Gliscor|Toxic|p2a: Raven\n|-status|p2a: Raven|tox\n|\n|-damage|p2a: Raven|94\/100 tox|[from] psn\n|upkeep\n|turn|4\n|\n|t:|1700004858\n|switch|p1a: Toxapex|Toxapex, F|100\/100\n|move|p2a: Raven|Surf|p1a: Toxapex\n|-resisted|p1a: Toxapex\n|-damage|p1a: Toxapex|84\/100\n|\n|-heal|p2a: Raven|100\/100 tox|[from] item: Leftovers\n|-damage|p2a: Raven|88\/100 tox|[from] psn\n|upkeep\n|turn|5\n|\n|t:|1700004866\n|move|p2a: Raven|Taunt|p1a: Toxapex\n|-start|p1a: Toxapex|move: Taunt\n|cant|p1a: Toxapex|move: Taunt|Haze\n|\n|-heal|p2a: Raven|94\/100 tox|[from] item: Leftovers\n|-damage|p2a: Raven|76\/100 tox|[from] psn\n|upkeep\n|turn|6\n|\n|t:|1700004875\n|move|p2a: Raven|Draining Kiss|p1a: Toxapex\n|-resisted|p1a: Toxapex\n|-damage|p1a: Toxapex|73\/100\n|-heal|p2a: Raven|84\/100 tox|[from] drain|[of] p1a: Toxapex\n|move|p1a: Toxapex|Scald|p2a: Raven\n|-resisted|p2a: Raven\n|-damage|p2a: Raven|79\/100 tox\n|\n|-heal|p2a: Raven|85\/100 tox|[from] item: Leftovers\n|-damage|p2a: Raven|60\/100 tox|[from] psn\n|upkeep\n|turn|7\n|\n|t:|1700004889\n|switch|p2a: Frozen Soul|Ninetales-Alola, M, shiny|100\/100\n|-weather|Snow|[from] ability: Snow Warning|[of] p2a: Frozen Soul\n|move|p1a: Toxapex|Scald|p2a: Frozen Soul\n|-damage|p2a: Frozen Soul|86\/100\n|\n|-weather|Snow|[upkeep]\n|-end|p1a: Toxapex|move: Taunt\n|upkeep\n|turn|8\n|\n|t:|1700004905\n|move|p2a: Frozen Soul|Aurora Veil|p2a: Frozen Soul\n|-sidestart|p2: its_notacewastaken|move: Aurora Veil\n|move|p1a: Toxapex|Toxic|p2a: Frozen Soul\n|-status|p2a: Frozen Soul|tox\n|\n|-weather|Snow|[upkeep]\n|-damage|p2a: Frozen Soul|80\/100 tox|[from] psn\n|upkeep\n|turn|9\n|\n|t:|1700004912\n|move|p2a: Frozen Soul|Hypnosis|p1a: Toxapex\n|-status|p1a: Toxapex|slp|[from] move: Hypnosis\n|cant|p1a: Toxapex|slp\n|\n|-weather|Snow|[upkeep]\n|-damage|p2a: Frozen Soul|68\/100 tox|[from] psn\n|upkeep\n|turn|10\n|\n|t:|1700004920\n|switch|p2a: Destroyer|Arctozolt, shiny|100\/100\n|switch|p1a: Arcanine|Arcanine-Hisui, M|100\/100\n|\n|-weather|Snow|[upkeep]\n|upkeep\n|turn|11\n|\n|t:|1700004929\n|move|p2a: Destroyer|Low Kick|p1a: Arcanine\n|-supereffective|p1a: Arcanine\n|-damage|p1a: Arcanine|26\/100\n|move|p1a: Arcanine|Head Smash|p2a: Destroyer\n|-supereffective|p2a: Destroyer\n|-damage|p2a: Destroyer|40\/100\n|\n|-weather|Snow|[upkeep]\n|upkeep\n|turn|12\n|\n|t:|1700004941\n|switch|p1a: Gliscor|Gliscor, F|100\/100 tox\n|move|p2a: Destroyer|Low Kick|p1a: Gliscor\n|-resisted|p1a: Gliscor\n|-damage|p1a: Gliscor|93\/100 tox\n|\n|-weather|Snow|[upkeep]\n|-heal|p1a: Gliscor|100\/100 tox|[from] ability: Poison Heal\n|-sideend|p2: its_notacewastaken|move: Aurora Veil\n|upkeep\n|turn|13\n|\n|t:|1700004952\n|switch|p1a: Arcanine|Arcanine-Hisui, M|26\/100\n|move|p2a: Destroyer|Blizzard|p1a: Arcanine\n|-resisted|p1a: Arcanine\n|-damage|p1a: Arcanine|6\/100\n|-status|p1a: Arcanine|frz\n|\n|-weather|Snow|[upkeep]\n|upkeep\n|turn|14\n|\n|t:|1700004961\n|-curestatus|p1a: Arcanine|frz|[msg]\n|move|p1a: Arcanine|Extreme Speed|p2a: Destroyer\n|-damage|p2a: Destroyer|22\/100\n|move|p2a: Destroyer|Low Kick|p1a: Arcanine\n|-supereffective|p1a: Arcanine\n|-damage|p1a: Arcanine|0 fnt\n|faint|p1a: Arcanine\n|\n|-weather|none\n|upkeep\n|\n|t:|1700004967\n|switch|p1a: Meowscarada|Meowscarada, M|100\/100\n|turn|15\n|\n|t:|1700004973\n|move|p1a: Meowscarada|Knock Off|p2a: Destroyer\n|-start|p1a: Meowscarada|typechange|Dark|[from] ability: Protean\n|-damage|p2a: Destroyer|0 fnt\n|-enditem|p2a: Destroyer|Heavy-Duty Boots|[from] move: Knock Off|[of] p1a: Meowscarada\n|faint|p2a: Destroyer\n|\n|upkeep\n|\n|t:|1700004979\n|switch|p2a: Enten|Landorus-Therian, M, shiny|100\/100\n|-ability|p2a: Enten|Intimidate|boost\n|-unboost|p1a: Meowscarada|atk|1\n|turn|16\n|\n|t:|1700004985\n|move|p1a: Meowscarada|Knock Off|p2a: Enten\n|-damage|p2a: Enten|54\/100\n|-enditem|p2a: Enten|Leftovers|[from] move: Knock Off|[of] p1a: Meowscarada\n|move|p2a: Enten|Knock Off|p1a: Meowscarada\n|-resisted|p1a: Meowscarada\n|-damage|p1a: Meowscarada|77\/100\n|-enditem|p1a: Meowscarada|Choice Band|[from] move: Knock Off|[of] p2a: Enten\n|\n|upkeep\n|turn|17\n|\n|t:|1700004995\n|move|p1a: Meowscarada|Flower Trick|p2a: Enten\n|-crit|p2a: Enten\n|-damage|p2a: Enten|20\/100\n|move|p2a: Enten|U-turn|p1a: Meowscarada\n|-supereffective|p1a: Meowscarada\n|-damage|p1a: Meowscarada|12\/100\n|\n|t:|1700005002\n|switch|p2a: Chaos|Heatran, M|88\/100|[from] U-turn\n|\n|upkeep\n|turn|18\n|\n|t:|1700005008\n|move|p1a: Meowscarada|U-turn|p2a: Chaos\n|-resisted|p2a: Chaos\n|-damage|p2a: Chaos|85\/100\n|\n|t:|1700005012\n|switch|p1a: Gliscor|Gliscor, F|100\/100 tox|[from] U-turn\n|move|p2a: Chaos|Stealth Rock|p1a: Gliscor\n|-sidestart|p1: Sweepandsupports|move: Stealth Rock\n|\n|upkeep\n|turn|19\n|\n|t:|1700005019\n|switch|p2a: Frozen Soul|Ninetales-Alola, M, shiny|68\/100 tox\n|-weather|Snow|[from] ability: Snow Warning|[of] p2a: Frozen Soul\n|move|p1a: Gliscor|Earthquake|p2a: Frozen Soul\n|-damage|p2a: Frozen Soul|42\/100 tox\n|\n|-weather|Snow|[upkeep]\n|-damage|p2a: Frozen Soul|36\/100 tox|[from] psn\n|upkeep\n|turn|20\n|\n|t:|1700005032\n|-terastallize|p1a: Gliscor|Fairy\n|move|p2a: Frozen Soul|Freeze-Dry|p1a: Gliscor\n|-damage|p1a: Gliscor|84\/100 tox\n|move|p1a: Gliscor|Earthquake|p2a: Frozen Soul\n|-damage|p2a: Frozen Soul|10\/100 tox\n|\n|-weather|Snow|[upkeep]\n|-damage|p2a: Frozen Soul|0 fnt|[from] psn\n|faint|p2a: Frozen Soul\n|-heal|p1a: Gliscor|97\/100 tox|[from] ability: Poison Heal\n|upkeep\n|\n|t:|1700005044\n|switch|p2a: Deathstroke|Kartana, shiny|100\/100\n|turn|21\n|\n|t:|1700005050\n|move|p2a: Deathstroke|Smart Strike|p1a: Gliscor\n|-supereffective|p1a: Gliscor\n|-damage|p1a: Gliscor|24\/100 tox\n|move|p1a: Gliscor|Earthquake|p2a: Deathstroke\n|-damage|p2a: Deathstroke|67\/100\n|\n|-weather|Snow|[upkeep]\n|-heal|p1a: Gliscor|36\/100 tox|[from] ability: Poison Heal\n|upkeep\n|turn|22\n|\n|t:|1700005058\n|switch|p1a: Toxapex|Toxapex, F|100\/100 slp\n|move|p2a: Deathstroke|Smart Strike|p1a: Toxapex\n|-resisted|p1a: Toxapex\n|-damage|p1a: Toxapex|85\/100 slp\n|\n|-weather|Snow|[upkeep]\n|upkeep\n|turn|23\n|\n|t:|1700005071\n|switch|p2a: Enten|Landorus-Therian, M, shiny|20\/100\n|-ability|p2a: Enten|Intimidate|boost\n|-unboost|p1a: Toxapex|atk|1\n|cant|p1a: Toxapex|slp\n|\n|-weather|Snow|[upkeep]\n|upkeep\n|turn|24\n|\n|t:|1700005080\n|switch|p1a: Latias|Latias, F, shiny|100\/100\n|-damage|p1a: Latias|88\/100|[from] Stealth Rock\n|move|p2a: Enten|Knock Off|p1a: Latias\n|-supereffective|p1a: Latias\n|-damage|p1a: Latias|49\/100\n|\n|-weather|Snow|[upkeep]\n|upkeep\n|turn|25\n|\n|t:|1700005089\n|detailschange|p1a: Latias|Latias-Mega, F, shiny\n|-mega|p1a: Latias|Latias|Latiasite\n|move|p1a: Latias|Psyshock|p2a: Enten\n|-damage|p2a: Enten|0 fnt\n|faint|p2a: Enten\n|\n|-weather|Snow|[upkeep]\n|upkeep\n|\n|t:|1700005097\n|switch|p2a: Chaos|Heatran, M|85\/100\n|turn|26\n|\n|t:|1700005105\n|move|p1a: Latias|Aura Sphere|p2a: Chaos\n|-supereffective|p2a: Chaos\n|-damage|p2a: Chaos|35\/100\n|move|p2a: Chaos|Eruption|p1a: Latias\n|-resisted|p1a: Latias\n|-damage|p1a: Latias|41\/100\n|\n|-weather|none\n|upkeep\n|turn|27\n|\n|t:|1700005113\n|move|p1a: Latias|Roost|p1a: Latias\n|-heal|p1a: Latias|91\/100\n|-singleturn|p1a: Latias|move: Roost\n|move|p2a: Chaos|Toxic|p1a: Latias\n|-status|p1a: Latias|tox\n|\n|-damage|p1a: Latias|85\/100 tox|[from] psn\n|upkeep\n|turn|28\n|\n|t:|1700005121\n|move|p1a: Latias|Calm Mind|p1a: Latias\n|-boost|p1a: Latias|spa|1\n|-boost|p1a: Latias|spd|1\n|move|p2a: Chaos|Eruption|p1a: Latias\n|-resisted|p1a: Latias\n|-crit|p1a: Latias\n|-damage|p1a: Latias|71\/100 tox\n|\n|-damage|p1a: Latias|59\/100 tox|[from] psn\n|upkeep\n|turn|29\n|\n|t:|1700005130\n|switch|p2a: Raven|Tapu Fini, shiny|60\/100 tox\n|-fieldstart|move: Misty Terrain|[from] ability: Misty Surge|[of] p2a: Raven\n|move|p1a: Latias|Aura Sphere|p2a: Raven\n|-resisted|p2a: Raven\n|-damage|p2a: Raven|44\/100 tox\n|\n|-heal|p2a: Raven|50\/100 tox|[from] item: Leftovers\n|-damage|p1a: Latias|41\/100 tox|[from] psn\n|-damage|p2a: Raven|44\/100 tox|[from] psn\n|upkeep\n|turn|30\n|\n|t:|1700005140\n|move|p1a: Latias|Psyshock|p2a: Raven\n|-damage|p2a: Raven|2\/100 tox\n|move|p2a: Raven|Draining Kiss|p1a: Latias\n|-supereffective|p1a: Latias\n|-damage|p1a: Latias|26\/100 tox\n|-heal|p2a: Raven|15\/100 tox|[from] drain|[of] p1a: Latias\n|\n|-heal|p2a: Raven|22\/100 tox|[from] item: Leftovers\n|-damage|p1a: Latias|2\/100 tox|[from] psn\n|-damage|p2a: Raven|9\/100 tox|[from] psn\n|upkeep\n|turn|31\n|\n|t:|1700005150\n|move|p1a: Latias|Aura Sphere|p2a: Raven\n|-resisted|p2a: Raven\n|-damage|p2a: Raven|0 fnt\n|faint|p2a: Raven\n|\n|-damage|p1a: Latias|0 fnt|[from] psn\n|faint|p1a: Latias\n|upkeep\n|\n|t:|1700005165\n|switch|p1a: Meowscarada|Meowscarada, M|12\/100\n|switch|p2a: Deathstroke|Kartana, shiny|67\/100\n|-damage|p1a: Meowscarada|0 fnt|[from] Stealth Rock\n|faint|p1a: Meowscarada\n|\n|t:|1700005173\n|switch|p1a: Aegislash|Aegislash, F|100\/100\n|-damage|p1a: Aegislash|94\/100|[from] Stealth Rock\n|turn|32\n|\n|t:|1700005184\n|-terastallize|p2a: Deathstroke|Grass\n|move|p2a: Deathstroke|Knock Off|p1a: Aegislash\n|-supereffective|p1a: Aegislash\n|-damage|p1a: Aegislash|39\/100\n|-formechange|p1a: Aegislash|Aegislash-Blade||[from] ability: Stance Change\n|move|p1a: Aegislash|Close Combat|p2a: Deathstroke\n|-damage|p2a: Deathstroke|14\/100\n|-unboost|p1a: Aegislash|def|1\n|-unboost|p1a: Aegislash|spd|1\n|\n|upkeep\n|turn|33\n|\n|t:|1700005194\n|move|p1a: Aegislash|Shadow Sneak|p2a: Deathstroke\n|-damage|p2a: Deathstroke|0 fnt\n|faint|p2a: Deathstroke\n|\n|-fieldend|Misty Terrain\n|upkeep\n|c|\u2606its_notacewastaken|GG\n|\n|t:|1700005200\n|switch|p2a: Chaos|Heatran, M|35\/100\n|turn|34\n|\n|t:|1700005206\n|move|p2a: Chaos|Eruption|p1a: Aegislash\n|-supereffective|p1a: Aegislash\n|-damage|p1a: Aegislash|0 fnt\n|faint|p1a: Aegislash\n|\n|upkeep\n|c|\u2606its_notacewastaken|i was close\n|\n|t:|1700005210\n|switch|p1a: Gliscor|Gliscor, F, tera:Fairy|36\/100 tox\n|-damage|p1a: Gliscor|24\/100 tox|[from] Stealth Rock\n|turn|35\n|\n|t:|1700005215\n|move|p2a: Chaos|Eruption|p1a: Gliscor\n|-damage|p1a: Gliscor|0 fnt\n|faint|p1a: Gliscor\n|\n|upkeep\n|\n|t:|1700005219\n|switch|p1a: Toxapex|Toxapex, F|100\/100 slp\n|turn|36\n|\n|t:|1700005227\n|move|p2a: Chaos|Earth Power|p1a: Toxapex\n|-supereffective|p1a: Toxapex\n|-damage|p1a: Toxapex|48\/100 slp\n|cant|p1a: Toxapex|slp\n|\n|upkeep\n|turn|37\n|\n|t:|1700005233\n|move|p2a: Chaos|Earth Power|p1a: Toxapex\n|-supereffective|p1a: Toxapex\n|-damage|p1a: Toxapex|0 fnt\n|faint|p1a: Toxapex\n|\n|win|its_notacewastaken\n|raw|Sweepandsupports's rating: 1182 &rarr; <strong>1163<\/strong><br \/>(-19 for losing)\n|raw|its_notacewastaken's rating: 1274 &rarr; <strong>1293<\/strong><br \/>(+19 for winning)\n|l|\u2606Sweepandsupports\n|c|\u2606its_notacewastaken|NO WAY\n|c|\u2606its_notacewastaken|LMAO\n|c|\u2606its_notacewastaken|GG\n","uploadtime":1700005258,"views":16,"p1id":"sweepandsupports","p2id":"itsnotacewastaken","formatid":"gen9nationaldex","rating":1163,"private":0,"password":""}