{"id":"gen9nationaldex-1990041353","p1":"Pickedman","p2":"Sheilwood","format":"[Gen 9] National Dex","log":"|j|\u2606Pickedman\n|j|\u2606Sheilwood\n|t:|1699918239\n|gametype|singles\n|player|p1|Pickedman|zinnia|\n|player|p2|Sheilwood|acetrainerf|\n|teamsize|p1|6\n|teamsize|p2|6\n|gen|9\n|tier|[Gen 9] National Dex\n|rule|HP Percentage Mod: HP is shown in percentages\n|rule|Endless Battle Clause: Forcing endless battles is banned\n|rule|OHKO Clause: OHKO moves are banned\n|rule|Evasion Clause: Evasion abilities, items, and moves are banned\n|rule|Evasion Abilities Clause: Evasion abilities are banned\n|rule|Evasion Items Clause: Evasion items are banned\n|rule|Evasion Moves Clause: Evasion moves are banned\n|rule|Species Clause: Limit one of each Pok\u00e9mon\n|rule|Sleep Clause Mod: Limit one foe put to sleep\n|clearpoke\n|poke|p1|Mawile, F|\n|poke|p1|Tapu Lele|\n|poke|p1|Great Tusk|\n|poke|p1|Sinistcha-Masterpiece|\n|poke|p1|Urshifu-*, F|\n|poke|p1|Toxapex, F|\n|poke|p2|Lopunny, F|\n|poke|p2|Scream Tail|\n|poke|p2|Dondozo, M|\n|poke|p2|Gliscor, F|\n|poke|p2|Toxapex, F|\n|poke|p2|Great Tusk|\n|teampreview\n|inactive|Battle timer is ON: inactive players will automatically lose when time's up. (requested by Sheilwood)\n|c|\u2606Sheilwood|glhf\n|c|\u2606Pickedman|u2\n|\n|t:|1699918258\n|start\n|switch|p1a: R.E.D|Great Tusk|100\/100\n|switch|p2a: Lopunny|Lopunny, F|100\/100\n|turn|1\n|\n|t:|1699918262\n|-end|p1a: R.E.D|Protosynthesis|[silent]\n|switch|p1a: MATCHA GOTCHA|Sinistcha-Masterpiece|100\/100\n|detailschange|p2a: Lopunny|Lopunny-Mega, F\n|-mega|p2a: Lopunny|Lopunny|Lopunnite\n|move|p2a: Lopunny|Fake Out|p1a: MATCHA GOTCHA\n|-damage|p1a: MATCHA GOTCHA|86\/100\n|\n|-heal|p1a: MATCHA GOTCHA|92\/100|[from] item: Leftovers\n|upkeep\n|turn|2\n|\n|t:|1699918276\n|switch|p2a: Gliscor|Gliscor, F|100\/100\n|switch|p1a: R.E.D|Great Tusk|100\/100\n|\n|-status|p2a: Gliscor|tox|[from] item: Toxic Orb\n|upkeep\n|turn|3\n|\n|t:|1699918286\n|switch|p2a: Scream Tail|Scream Tail|100\/100\n|move|p1a: R.E.D|Stealth Rock|p2a: Scream Tail\n|-sidestart|p2: Sheilwood|move: Stealth Rock\n|\n|upkeep\n|turn|4\n|\n|t:|1699918298\n|-end|p1a: R.E.D|Protosynthesis|[silent]\n|switch|p1a: Horror Show|Mawile, F|100\/100\n|-ability|p1a: Horror Show|Intimidate|boost\n|-unboost|p2a: Scream Tail|atk|1\n|move|p2a: Scream Tail|Dazzling Gleam|p1a: Horror Show\n|-resisted|p1a: Horror Show\n|-damage|p1a: Horror Show|84\/100\n|\n|upkeep\n|turn|5\n|\n|t:|1699918308\n|-end|p2a: Scream Tail|Protosynthesis|[silent]\n|switch|p2a: Dondozo|Dondozo, M|100\/100\n|-damage|p2a: Dondozo|88\/100|[from] Stealth Rock\n|detailschange|p1a: Horror Show|Mawile-Mega, F\n|-mega|p1a: Horror Show|Mawile|Mawilite\n|move|p1a: Horror Show|Iron Head|p2a: Dondozo\n|-resisted|p2a: Dondozo\n|-damage|p2a: Dondozo|66\/100\n|\n|-heal|p2a: Dondozo|72\/100|[from] item: Leftovers\n|upkeep\n|turn|6\n|\n|t:|1699918321\n|move|p1a: Horror Show|Play Rough|p2a: Dondozo\n|-damage|p2a: Dondozo|19\/100\n|move|p2a: Dondozo|Liquidation|p1a: Horror Show\n|-damage|p1a: Horror Show|59\/100\n|\n|-heal|p2a: Dondozo|25\/100|[from] item: Leftovers\n|upkeep\n|turn|7\n|\n|t:|1699918325\n|move|p2a: Dondozo|Protect|p2a: Dondozo\n|-singleturn|p2a: Dondozo|Protect\n|move|p1a: Horror Show|Play Rough|p2a: Dondozo\n|-activate|p2a: Dondozo|move: Protect\n|\n|-heal|p2a: Dondozo|31\/100|[from] item: Leftovers\n|upkeep\n|turn|8\n|\n|t:|1699918332\n|switch|p2a: Gliscor|Gliscor, F|100\/100 tox\n|-damage|p2a: Gliscor|88\/100 tox|[from] Stealth Rock\n|move|p1a: Horror Show|Play Rough|p2a: Gliscor\n|-damage|p2a: Gliscor|11\/100 tox\n|\n|-heal|p2a: Gliscor|24\/100 tox|[from] ability: Poison Heal\n|upkeep\n|turn|9\n|\n|t:|1699918343\n|move|p2a: Gliscor|Earthquake|p1a: Horror Show\n|-supereffective|p1a: Horror Show\n|-damage|p1a: Horror Show|0 fnt\n|faint|p1a: Horror Show\n|\n|-heal|p2a: Gliscor|36\/100 tox|[from] ability: Poison Heal\n|upkeep\n|\n|t:|1699918357\n|switch|p1a: Master Shif|Urshifu-Rapid-Strike, F|100\/100\n|turn|10\n|\n|t:|1699918361\n|switch|p2a: Toxapex|Toxapex, F|100\/100\n|-damage|p2a: Toxapex|88\/100|[from] Stealth Rock\n|move|p1a: Master Shif|Swords Dance|p1a: Master Shif\n|-boost|p1a: Master Shif|atk|2\n|\n|upkeep\n|turn|11\n|\n|t:|1699918367\n|-terastallize|p1a: Master Shif|Water\n|move|p1a: Master Shif|Surging Strikes|p2a: Toxapex\n|-resisted|p2a: Toxapex\n|-crit|p2a: Toxapex\n|-damage|p2a: Toxapex|68\/100\n|-resisted|p2a: Toxapex\n|-crit|p2a: Toxapex\n|-damage|p2a: Toxapex|50\/100\n|-resisted|p2a: Toxapex\n|-crit|p2a: Toxapex\n|-damage|p2a: Toxapex|30\/100\n|-hitcount|p2a: Toxapex|3\n|move|p2a: Toxapex|Scald|p1a: Master Shif\n|-resisted|p1a: Master Shif\n|-damage|p1a: Master Shif|84\/100\n|\n|upkeep\n|turn|12\n|\n|t:|1699918377\n|move|p1a: Master Shif|Surging Strikes|p2a: Toxapex\n|-resisted|p2a: Toxapex\n|-crit|p2a: Toxapex\n|-damage|p2a: Toxapex|11\/100\n|-resisted|p2a: Toxapex\n|-crit|p2a: Toxapex\n|-damage|p2a: Toxapex|0 fnt\n|faint|p2a: Toxapex\n|-hitcount|p2: Toxapex|2\n|\n|upkeep\n|\n|t:|1699918380\n|switch|p2a: Lopunny|Lopunny-Mega, F|100\/100\n|-damage|p2a: Lopunny|95\/100|[from] Stealth Rock\n|turn|13\n|\n|t:|1699918389\n|move|p2a: Lopunny|Fake Out|p1a: Master Shif\n|-damage|p1a: Master Shif|61\/100\n|cant|p1a: Master Shif|flinch\n|\n|upkeep\n|turn|14\n|\n|t:|1699918396\n|switch|p2a: Gliscor|Gliscor, F|36\/100 tox\n|-damage|p2a: Gliscor|24\/100 tox|[from] Stealth Rock\n|move|p1a: Master Shif|Surging Strikes|p2a: Gliscor\n|-supereffective|p2a: Gliscor\n|-crit|p2a: Gliscor\n|-damage|p2a: Gliscor|0 fnt\n|faint|p2a: Gliscor\n|-hitcount|p2: Gliscor|1\n|\n|upkeep\n|\n|t:|1699918398\n|switch|p2a: Lopunny|Lopunny-Mega, F|95\/100\n|-damage|p2a: Lopunny|89\/100|[from] Stealth Rock\n|turn|15\n|\n|t:|1699918410\n|switch|p1a: Skyfall|Tapu Lele|100\/100\n|-fieldstart|move: Psychic Terrain|[from] ability: Psychic Surge|[of] p1a: Skyfall\n|move|p2a: Lopunny|Fake Out|p1a: Skyfall\n|-activate|p1a: Skyfall|move: Psychic Terrain\n|\n|upkeep\n|turn|16\n|\n|t:|1699918420\n|switch|p2a: Scream Tail|Scream Tail|100\/100\n|-damage|p2a: Scream Tail|88\/100|[from] Stealth Rock\n|move|p1a: Skyfall|Psychic|p2a: Scream Tail\n|-resisted|p2a: Scream Tail\n|-damage|p2a: Scream Tail|67\/100\n|\n|-heal|p2a: Scream Tail|74\/100|[from] item: Leftovers\n|upkeep\n|turn|17\n|\n|t:|1699918426\n|switch|p1a: Left behind|Toxapex, F|100\/100\n|move|p2a: Scream Tail|Wish|p2a: Scream Tail\n|\n|-heal|p2a: Scream Tail|80\/100|[from] item: Leftovers\n|upkeep\n|turn|18\n|\n|t:|1699918434\n|-end|p2a: Scream Tail|Protosynthesis|[silent]\n|switch|p2a: Dondozo|Dondozo, M|31\/100\n|-damage|p2a: Dondozo|19\/100|[from] Stealth Rock\n|move|p1a: Left behind|Toxic|p2a: Dondozo\n|-status|p2a: Dondozo|tox\n|\n|-heal|p2a: Dondozo|62\/100 tox|[from] move: Wish|[wisher] Scream Tail\n|-heal|p2a: Dondozo|68\/100 tox|[from] item: Leftovers\n|-damage|p2a: Dondozo|62\/100 tox|[from] psn\n|upkeep\n|turn|19\n|inactive|Pickedman has 270 seconds left.\n|\n|t:|1699918474\n|move|p2a: Dondozo|Rest|p2a: Dondozo\n|-status|p2a: Dondozo|slp|[from] move: Rest\n|-heal|p2a: Dondozo|100\/100 slp|[silent]\n|move|p1a: Left behind|Knock Off|p2a: Dondozo\n|-damage|p2a: Dondozo|90\/100 slp\n|-enditem|p2a: Dondozo|Leftovers|[from] move: Knock Off|[of] p1a: Left behind\n|\n|-fieldend|move: Psychic Terrain\n|upkeep\n|turn|20\n|\n|t:|1699918486\n|switch|p1a: MATCHA GOTCHA|Sinistcha-Masterpiece|92\/100\n|cant|p2a: Dondozo|slp\n|\n|-heal|p1a: MATCHA GOTCHA|98\/100|[from] item: Leftovers\n|upkeep\n|turn|21\n|\n|t:|1699918500\n|switch|p2a: Scream Tail|Scream Tail|80\/100\n|-damage|p2a: Scream Tail|67\/100|[from] Stealth Rock\n|move|p1a: MATCHA GOTCHA|Matcha Gotcha|p2a: Scream Tail\n|-damage|p2a: Scream Tail|45\/100\n|-heal|p1a: MATCHA GOTCHA|100\/100|[from] drain|[of] p2a: Scream Tail\n|\n|-heal|p2a: Scream Tail|51\/100|[from] item: Leftovers\n|upkeep\n|turn|22\n|\n|t:|1699918513\n|move|p2a: Scream Tail|Wish|p2a: Scream Tail\n|move|p1a: MATCHA GOTCHA|Shadow Ball|p2a: Scream Tail\n|-supereffective|p2a: Scream Tail\n|-damage|p2a: Scream Tail|6\/100\n|\n|-heal|p2a: Scream Tail|12\/100|[from] item: Leftovers\n|upkeep\n|turn|23\n|\n|t:|1699918521\n|move|p2a: Scream Tail|Protect|p2a: Scream Tail\n|-singleturn|p2a: Scream Tail|Protect\n|move|p1a: MATCHA GOTCHA|Matcha Gotcha|p2a: Scream Tail\n|-activate|p2a: Scream Tail|move: Protect\n|\n|-heal|p2a: Scream Tail|62\/100|[from] move: Wish|[wisher] Scream Tail\n|-heal|p2a: Scream Tail|68\/100|[from] item: Leftovers\n|upkeep\n|turn|24\n|inactive|Pickedman has 270 seconds left.\n|\n|t:|1699918539\n|move|p2a: Scream Tail|Wish|p2a: Scream Tail\n|move|p1a: MATCHA GOTCHA|Shadow Ball|p2a: Scream Tail\n|-supereffective|p2a: Scream Tail\n|-damage|p2a: Scream Tail|21\/100\n|\n|-heal|p2a: Scream Tail|27\/100|[from] item: Leftovers\n|upkeep\n|turn|25\n|\n|t:|1699918548\n|move|p2a: Scream Tail|Protect|p2a: Scream Tail\n|-singleturn|p2a: Scream Tail|Protect\n|move|p1a: MATCHA GOTCHA|Shadow Ball|p2a: Scream Tail\n|-activate|p2a: Scream Tail|move: Protect\n|\n|-heal|p2a: Scream Tail|77\/100|[from] move: Wish|[wisher] Scream Tail\n|-heal|p2a: Scream Tail|84\/100|[from] item: Leftovers\n|upkeep\n|turn|26\n|inactive|Pickedman has 270 seconds left.\n|\n|t:|1699918565\n|-end|p2a: Scream Tail|Protosynthesis|[silent]\n|switch|p2a: Lopunny|Lopunny-Mega, F|89\/100\n|-damage|p2a: Lopunny|83\/100|[from] Stealth Rock\n|switch|p1a: R.E.D|Great Tusk|100\/100\n|\n|upkeep\n|turn|27\n|inactive|Pickedman has 270 seconds left.\n|\n|t:|1699918576\n|switch|p2a: Great Tusk|Great Tusk|100\/100\n|-damage|p2a: Great Tusk|97\/100|[from] Stealth Rock\n|move|p1a: R.E.D|Body Press|p2a: Great Tusk\n|-damage|p2a: Great Tusk|74\/100\n|\n|-heal|p2a: Great Tusk|80\/100|[from] item: Leftovers\n|upkeep\n|turn|28\n|inactive|Pickedman has 270 seconds left.\n|\n|t:|1699918584\n|move|p2a: Great Tusk|Stealth Rock|p1a: R.E.D\n|-sidestart|p1: Pickedman|move: Stealth Rock\n|move|p1a: R.E.D|Earthquake|p2a: Great Tusk\n|-crit|p2a: Great Tusk\n|-damage|p2a: Great Tusk|50\/100\n|\n|-heal|p2a: Great Tusk|56\/100|[from] item: Leftovers\n|upkeep\n|turn|29\n|\n|t:|1699918593\n|move|p2a: Great Tusk|Rapid Spin|p1a: R.E.D\n|-damage|p1a: R.E.D|94\/100\n|-boost|p2a: Great Tusk|spe|1\n|-sideend|p2: Sheilwood|Stealth Rock|[from] move: Rapid Spin|[of] p2a: Great Tusk\n|move|p1a: R.E.D|Rapid Spin|p2a: Great Tusk\n|-damage|p2a: Great Tusk|49\/100\n|-boost|p1a: R.E.D|spe|1\n|-sideend|p1: Pickedman|Stealth Rock|[from] move: Rapid Spin|[of] p1a: R.E.D\n|\n|-heal|p2a: Great Tusk|56\/100|[from] item: Leftovers\n|-heal|p1a: R.E.D|99\/100|[from] item: Leftovers\n|upkeep\n|turn|30\n|\n|t:|1699918607\n|move|p2a: Great Tusk|Stealth Rock|p1a: R.E.D\n|-sidestart|p1: Pickedman|move: Stealth Rock\n|move|p1a: R.E.D|Earthquake|p2a: Great Tusk\n|-damage|p2a: Great Tusk|36\/100\n|\n|-heal|p2a: Great Tusk|42\/100|[from] item: Leftovers\n|-heal|p1a: R.E.D|100\/100|[from] item: Leftovers\n|upkeep\n|turn|31\n|\n|t:|1699918615\n|move|p2a: Great Tusk|Knock Off|p1a: R.E.D\n|-resisted|p1a: R.E.D\n|-damage|p1a: R.E.D|94\/100\n|-enditem|p1a: R.E.D|Leftovers|[from] move: Knock Off|[of] p2a: Great Tusk\n|move|p1a: R.E.D|Rapid Spin|p2a: Great Tusk\n|-damage|p2a: Great Tusk|35\/100\n|-boost|p1a: R.E.D|spe|1\n|-sideend|p1: Pickedman|Stealth Rock|[from] move: Rapid Spin|[of] p1a: R.E.D\n|\n|-heal|p2a: Great Tusk|41\/100|[from] item: Leftovers\n|upkeep\n|turn|32\n|\n|t:|1699918625\n|-end|p2a: Great Tusk|Protosynthesis|[silent]\n|switch|p2a: Dondozo|Dondozo, M|90\/100 slp\n|move|p1a: R.E.D|Stealth Rock|p2a: Dondozo\n|-sidestart|p2: Sheilwood|move: Stealth Rock\n|\n|upkeep\n|turn|33\n|inactive|Pickedman has 270 seconds left.\n|\n|t:|1699918647\n|-end|p1a: R.E.D|Protosynthesis|[silent]\n|switch|p1a: MATCHA GOTCHA|Sinistcha-Masterpiece|100\/100\n|cant|p2a: Dondozo|slp\n|\n|upkeep\n|turn|34\n|inactive|Pickedman has 270 seconds left.\n|\n|t:|1699918659\n|switch|p2a: Lopunny|Lopunny-Mega, F|83\/100\n|-damage|p2a: Lopunny|77\/100|[from] Stealth Rock\n|move|p1a: MATCHA GOTCHA|Calm Mind|p1a: MATCHA GOTCHA\n|-boost|p1a: MATCHA GOTCHA|spa|1\n|-boost|p1a: MATCHA GOTCHA|spd|1\n|\n|upkeep\n|turn|35\n|inactive|Pickedman has 270 seconds left.\n|\n|t:|1699918672\n|move|p2a: Lopunny|Fake Out|p1a: MATCHA GOTCHA\n|-damage|p1a: MATCHA GOTCHA|86\/100\n|cant|p1a: MATCHA GOTCHA|flinch\n|\n|-heal|p1a: MATCHA GOTCHA|92\/100|[from] item: Leftovers\n|upkeep\n|turn|36\n|\n|t:|1699918680\n|switch|p2a: Scream Tail|Scream Tail|84\/100\n|-damage|p2a: Scream Tail|71\/100|[from] Stealth Rock\n|move|p1a: MATCHA GOTCHA|Matcha Gotcha|p2a: Scream Tail\n|-damage|p2a: Scream Tail|39\/100\n|-heal|p1a: MATCHA GOTCHA|100\/100|[from] drain|[of] p2a: Scream Tail\n|\n|-heal|p2a: Scream Tail|46\/100|[from] item: Leftovers\n|upkeep\n|turn|37\n|\n|t:|1699918691\n|move|p2a: Scream Tail|Wish|p2a: Scream Tail\n|move|p1a: MATCHA GOTCHA|Shadow Ball|p2a: Scream Tail\n|-supereffective|p2a: Scream Tail\n|-damage|p2a: Scream Tail|0 fnt\n|faint|p2a: Scream Tail\n|-end|p2a: Scream Tail|Protosynthesis|[silent]\n|\n|upkeep\n|\n|t:|1699918697\n|switch|p2a: Lopunny|Lopunny-Mega, F|77\/100\n|-damage|p2a: Lopunny|71\/100|[from] Stealth Rock\n|turn|38\n|\n|t:|1699918707\n|move|p2a: Lopunny|Fake Out|p1a: MATCHA GOTCHA\n|-damage|p1a: MATCHA GOTCHA|85\/100\n|cant|p1a: MATCHA GOTCHA|flinch\n|\n|-heal|p2a: Lopunny|100\/100|[from] move: Wish|[wisher] Scream Tail\n|-heal|p1a: MATCHA GOTCHA|91\/100|[from] item: Leftovers\n|upkeep\n|turn|39\n|c|\u2606Sheilwood|Sinistcha is pretty scary here tbh\n|\n|t:|1699918722\n|move|p2a: Lopunny|Close Combat|p1a: MATCHA GOTCHA\n|-damage|p1a: MATCHA GOTCHA|48\/100\n|-unboost|p2a: Lopunny|def|1\n|-unboost|p2a: Lopunny|spd|1\n|move|p1a: MATCHA GOTCHA|Matcha Gotcha|p2a: Lopunny\n|-damage|p2a: Lopunny|1\/100\n|-heal|p1a: MATCHA GOTCHA|87\/100|[from] drain|[of] p2a: Lopunny\n|-status|p2a: Lopunny|brn\n|\n|-heal|p1a: MATCHA GOTCHA|94\/100|[from] item: Leftovers\n|-damage|p2a: Lopunny|0 fnt|[from] brn\n|faint|p2a: Lopunny\n|upkeep\n|\n|t:|1699918727\n|switch|p2a: Great Tusk|Great Tusk|41\/100\n|-damage|p2a: Great Tusk|38\/100|[from] Stealth Rock\n|turn|40\n|c|\u2606Pickedman|its macha ggover\n|c|\u2606Sheilwood|Yep\n|\n|t:|1699918748\n|move|p2a: Great Tusk|Knock Off|p1a: MATCHA GOTCHA\n|-supereffective|p1a: MATCHA GOTCHA\n|-damage|p1a: MATCHA GOTCHA|58\/100\n|-enditem|p1a: MATCHA GOTCHA|Leftovers|[from] move: Knock Off|[of] p2a: Great Tusk\n|move|p1a: MATCHA GOTCHA|Matcha Gotcha|p2a: Great Tusk\n|-supereffective|p2a: Great Tusk\n|-damage|p2a: Great Tusk|0 fnt\n|-heal|p1a: MATCHA GOTCHA|82\/100|[from] drain|[of] p2a: Great Tusk\n|faint|p2a: Great Tusk\n|-end|p2a: Great Tusk|Protosynthesis|[silent]\n|\n|upkeep\n|\n|t:|1699918751\n|switch|p2a: Dondozo|Dondozo, M|90\/100 slp\n|-damage|p2a: Dondozo|78\/100 slp|[from] Stealth Rock\n|turn|41\n|\n|t:|1699918767\n|-curestatus|p2a: Dondozo|slp|[msg]\n|move|p2a: Dondozo|Protect|p2a: Dondozo\n|-singleturn|p2a: Dondozo|Protect\n|move|p1a: MATCHA GOTCHA|Matcha Gotcha|p2a: Dondozo\n|-activate|p2a: Dondozo|move: Protect\n|\n|upkeep\n|turn|42\n|\n|t:|1699918771\n|move|p1a: MATCHA GOTCHA|Matcha Gotcha|p2a: Dondozo\n|-supereffective|p2a: Dondozo\n|-damage|p2a: Dondozo|39\/100\n|-heal|p1a: MATCHA GOTCHA|100\/100|[from] drain|[of] p2a: Dondozo\n|move|p2a: Dondozo|Liquidation|p1a: MATCHA GOTCHA\n|-resisted|p1a: MATCHA GOTCHA\n|-damage|p1a: MATCHA GOTCHA|90\/100\n|\n|upkeep\n|turn|43\n|c|\u2606Sheilwood|Oh yeah, tera is a thing\n|inactive|Pickedman has 270 seconds left.\n|\n|t:|1699918805\n|-terastallize|p2a: Dondozo|Dragon\n|move|p2a: Dondozo|Protect|p2a: Dondozo\n|-singleturn|p2a: Dondozo|Protect\n|move|p1a: MATCHA GOTCHA|Matcha Gotcha|p2a: Dondozo\n|-activate|p2a: Dondozo|move: Protect\n|\n|upkeep\n|turn|44\n|\n|t:|1699918815\n|move|p1a: MATCHA GOTCHA|Shadow Ball|p2a: Dondozo\n|-damage|p2a: Dondozo|18\/100\n|-unboost|p2a: Dondozo|spd|1\n|move|p2a: Dondozo|Curse|p2a: Dondozo\n|-unboost|p2a: Dondozo|spe|1\n|-boost|p2a: Dondozo|atk|1\n|-boost|p2a: Dondozo|def|1\n|\n|upkeep\n|turn|45\n|c|\u2606Sheilwood|gg\n|inactive|Pickedman has 270 seconds left.\n|\n|t:|1699918833\n|move|p1a: MATCHA GOTCHA|Shadow Ball|p2a: Dondozo\n|-damage|p2a: Dondozo|0 fnt\n|faint|p2a: Dondozo\n|\n|win|Pickedman\n|l|\u2606Pickedman\n","uploadtime":1699918841,"views":6,"p1id":"pickedman","p2id":"sheilwood","formatid":"gen9nationaldex","rating":0,"private":0,"password":""}