{"id":"gen9nationaldex-1992271210","p1":"fdshfjksdfds","p2":"valider","format":"[Gen 9] National Dex","log":"|j|\u203dfdshfjksdfds\n|j|\u2606valider\n|t:|1700169603\n|gametype|singles\n|player|p1|fdshfjksdfds|dawn|1000\n|player|p2|valider|169|1051\n|teamsize|p1|6\n|teamsize|p2|4\n|gen|9\n|tier|[Gen 9] National Dex\n|rated|\n|rule|HP Percentage Mod: HP is shown in percentages\n|rule|Endless Battle Clause: Forcing endless battles is banned\n|rule|OHKO Clause: OHKO moves are banned\n|rule|Evasion Clause: Evasion abilities, items, and moves are banned\n|rule|Evasion Abilities Clause: Evasion abilities are banned\n|rule|Evasion Items Clause: Evasion items are banned\n|rule|Evasion Moves Clause: Evasion moves are banned\n|rule|Species Clause: Limit one of each Pok\u00e9mon\n|rule|Sleep Clause Mod: Limit one foe put to sleep\n|clearpoke\n|poke|p1|Scream Tail|\n|poke|p1|Slowking-Galar, M|\n|poke|p1|Meowscarada, F|\n|poke|p1|Rotom-Wash|\n|poke|p1|Maushold|\n|poke|p1|Jirachi|\n|poke|p2|Cloyster, M|\n|poke|p2|Skarmory, M|\n|poke|p2|Dragonite, M|\n|poke|p2|Polteageist-Antique|\n|teampreview\n|\n|t:|1700169614\n|start\n|switch|p1a: Scream Tail|Scream Tail|100\/100\n|switch|p2a: god|Cloyster, M|100\/100\n|turn|1\n|c|\u2606valider|we worship cloyster around these parts\n|\n|t:|1700169621\n|move|p1a: Scream Tail|Trick|p2a: god\n|-activate|p1a: Scream Tail|move: Trick|[of] p2a: god\n|-item|p2a: god|Choice Scarf|[from] move: Trick\n|-item|p1a: Scream Tail|Focus Sash|[from] move: Trick\n|move|p2a: god|Shell Smash|p2a: god\n|-unboost|p2a: god|def|1\n|-unboost|p2a: god|spd|1\n|-boost|p2a: god|atk|2\n|-boost|p2a: god|spa|2\n|-boost|p2a: god|spe|2\n|\n|upkeep\n|turn|2\n|c|\u2606valider|WOAH\n|\n|t:|1700169632\n|switch|p2a: Skarmory|Skarmory, M|100\/100\n|-end|p1a: Scream Tail|Protosynthesis|[silent]\n|switch|p1a: Jirachi|Jirachi|100\/100\n|\n|upkeep\n|turn|3\n|c|\u2606valider|Chill there\n|\n|t:|1700169641\n|move|p1a: Jirachi|Trick|p2a: Skarmory\n|-activate|p1a: Jirachi|move: Trick|[of] p2a: Skarmory\n|-item|p2a: Skarmory|Choice Scarf|[from] move: Trick\n|-item|p1a: Jirachi|Aguav Berry|[from] move: Trick\n|move|p2a: Skarmory|Stealth Rock|p1a: Jirachi\n|-sidestart|p1: fdshfjksdfds|move: Stealth Rock\n|\n|upkeep\n|turn|4\n|\n|t:|1700169651\n|switch|p1a: Rotom|Rotom-Wash|100\/100\n|-damage|p1a: Rotom|88\/100|[from] Stealth Rock\n|switch|p2a: Dragonite|Dragonite, M|100\/100\n|\n|upkeep\n|turn|5\n|c|\u2606valider|pls don't tell me this is your team\n|\n|t:|1700169666\n|move|p2a: Dragonite|Extreme Speed|p1a: Rotom\n|-damage|p1a: Rotom|53\/100\n|move|p1a: Rotom|Trick|p2a: Dragonite\n|-activate|p1a: Rotom|move: Trick|[of] p2a: Dragonite\n|-item|p2a: Dragonite|Choice Scarf|[from] move: Trick\n|-item|p1a: Rotom|Leftovers|[from] move: Trick\n|\n|-heal|p1a: Rotom|60\/100|[from] item: Leftovers\n|upkeep\n|turn|6\n|inactive|Battle timer is ON: inactive players will automatically lose when time's up. (requested by fdshfjksdfds)\n|c|\u2606valider|and it is\n|\n|t:|1700169675\n|switch|p2a: Gramma?|Polteageist-Antique|100\/100\n|move|p1a: Rotom|Volt Switch|p2a: Gramma?\n|-damage|p2a: Gramma?|73\/100\n|\n|t:|1700169679\n|switch|p1a: Meowscarada|Meowscarada, F|100\/100|[from] Volt Switch\n|-damage|p1a: Meowscarada|88\/100|[from] Stealth Rock\n|\n|upkeep\n|turn|7\n|\n|t:|1700169686\n|move|p1a: Meowscarada|Trick|p2a: Gramma?\n|-start|p1a: Meowscarada|typechange|Psychic|[from] ability: Protean\n|-activate|p1a: Meowscarada|move: Trick|[of] p2a: Gramma?\n|-item|p2a: Gramma?|Choice Band|[from] move: Trick\n|-item|p1a: Meowscarada|White Herb|[from] move: Trick\n|move|p2a: Gramma?|Shadow Ball|p1a: Meowscarada\n|-supereffective|p1a: Meowscarada\n|-damage|p1a: Meowscarada|0 fnt\n|faint|p1a: Meowscarada\n|\n|upkeep\n|\n|t:|1700169689\n|switch|p1a: Maushold|Maushold|100\/100\n|-damage|p1a: Maushold|88\/100|[from] Stealth Rock\n|turn|8\n|\n|t:|1700169698\n|move|p1a: Maushold|Population Bomb|p2a: Gramma?\n|-immune|p2a: Gramma?\n|move|p2a: Gramma?|Shadow Ball|p1a: Maushold\n|-immune|p1a: Maushold\n|\n|upkeep\n|turn|9\n|\n|t:|1700169706\n|switch|p2a: Skarmory|Skarmory, M|100\/100\n|move|p1a: Maushold|Tidy Up|p1a: Maushold\n|-sideend|p1: fdshfjksdfds|Stealth Rock\n|-activate|p1a: Maushold|move: Tidy Up\n|-boost|p1a: Maushold|atk|1\n|-boost|p1a: Maushold|spe|1\n|\n|upkeep\n|turn|10\n|\n|t:|1700169715\n|-terastallize|p1a: Maushold|Ghost\n|move|p1a: Maushold|Tidy Up|p1a: Maushold\n|-boost|p1a: Maushold|atk|1\n|-boost|p1a: Maushold|spe|1\n|move|p2a: Skarmory|Roar|p1a: Maushold\n|drag|p1a: Rotom|Rotom-Wash|60\/100\n|\n|-heal|p1a: Rotom|66\/100|[from] item: Leftovers\n|upkeep\n|turn|11\n|\n|t:|1700169725\n|move|p1a: Rotom|Volt Switch|p2a: Skarmory\n|-supereffective|p2a: Skarmory\n|-damage|p2a: Skarmory|32\/100\n|\n|t:|1700169728\n|switch|p1a: Scream Tail|Scream Tail|100\/100|[from] Volt Switch\n|move|p2a: Skarmory|Roar|p1a: Scream Tail\n|-end|p1a: Scream Tail|Protosynthesis|[silent]\n|drag|p1a: Rotom|Rotom-Wash|66\/100\n|\n|-heal|p1a: Rotom|72\/100|[from] item: Leftovers\n|upkeep\n|turn|12\n|\n|t:|1700169737\n|switch|p2a: Dragonite|Dragonite, M|100\/100\n|move|p1a: Rotom|Will-O-Wisp|p2a: Dragonite\n|-status|p2a: Dragonite|brn\n|\n|-heal|p1a: Rotom|78\/100|[from] item: Leftovers\n|-damage|p2a: Dragonite|94\/100 brn|[from] brn\n|upkeep\n|turn|13\n|\n|t:|1700169750\n|move|p2a: Dragonite|Extreme Speed|p1a: Rotom\n|-damage|p1a: Rotom|63\/100\n|move|p1a: Rotom|Volt Switch|p2a: Dragonite\n|-damage|p2a: Dragonite|66\/100 brn\n|\n|t:|1700169752\n|switch|p1a: Maushold|Maushold, tera:Ghost|88\/100|[from] Volt Switch\n|\n|-damage|p2a: Dragonite|60\/100 brn|[from] brn\n|upkeep\n|turn|14\n|\n|t:|1700169761\n|switch|p2a: god|Cloyster, M|100\/100\n|move|p1a: Maushold|Tidy Up|p1a: Maushold\n|-boost|p1a: Maushold|atk|1\n|-boost|p1a: Maushold|spe|1\n|\n|upkeep\n|turn|15\n|\n|t:|1700169769\n|switch|p2a: Gramma?|Polteageist-Antique|73\/100\n|move|p1a: Maushold|Population Bomb|p2a: Gramma?\n|-immune|p2a: Gramma?\n|\n|upkeep\n|turn|16\n|\n|t:|1700169777\n|move|p1a: Maushold|Bite|p2a: Gramma?\n|-supereffective|p2a: Gramma?\n|-damage|p2a: Gramma?|0 fnt\n|faint|p2a: Gramma?\n|\n|upkeep\n|\n|t:|1700169782\n|switch|p2a: god|Cloyster, M|100\/100\n|turn|17\n|\n|t:|1700169787\n|move|p1a: Maushold|Population Bomb|p2a: god\n|-damage|p2a: god|86\/100\n|-damage|p2a: god|73\/100\n|-damage|p2a: god|58\/100\n|-crit|p2a: god\n|-damage|p2a: god|37\/100\n|-damage|p2a: god|25\/100\n|-damage|p2a: god|11\/100\n|-damage|p2a: god|0 fnt\n|faint|p2a: god\n|-hitcount|p2: god|7\n|\n|upkeep\n|\n|t:|1700169799\n|switch|p2a: Skarmory|Skarmory, M|32\/100\n|turn|18\n|\n|t:|1700169804\n|move|p1a: Maushold|Population Bomb|p2a: Skarmory\n|-resisted|p2a: Skarmory\n|-damage|p2a: Skarmory|27\/100\n|-resisted|p2a: Skarmory\n|-damage|p2a: Skarmory|23\/100\n|-resisted|p2a: Skarmory\n|-crit|p2a: Skarmory\n|-damage|p2a: Skarmory|15\/100\n|-resisted|p2a: Skarmory\n|-damage|p2a: Skarmory|11\/100\n|-resisted|p2a: Skarmory\n|-damage|p2a: Skarmory|6\/100\n|-resisted|p2a: Skarmory\n|-damage|p2a: Skarmory|1\/100\n|-resisted|p2a: Skarmory\n|-damage|p2a: Skarmory|0 fnt\n|faint|p2a: Skarmory\n|-hitcount|p2: Skarmory|7\n|\n|upkeep\n|\n|t:|1700169818\n|switch|p2a: Dragonite|Dragonite, M|60\/100 brn\n|turn|19\n|-message|fdshfjksdfds forfeited.\n|\n|win|valider\n|raw|fdshfjksdfds's rating: 1000 &rarr; <strong>1000<\/strong><br \/>(+0 for losing)\n|raw|valider's rating: 1051 &rarr; <strong>1079<\/strong><br \/>(+28 for winning)\n|l|\u2606valider\n|c|\u203dfdshfjksdfds|\/log fdshfjksdfds made this room public.\n","uploadtime":1700169829,"views":4,"p1id":"fdshfjksdfds","p2id":"valider","formatid":"gen9nationaldex","rating":1000,"private":0,"password":""}