{"id":"gen9nationaldex-1996886909","p1":"Hisuji","p2":"DJRRRR","format":"[Gen 9] National Dex","log":"|html|<div class=\"broadcast-blue\"><strong>[Gen 9] National Dex is currently suspecting Sneasler! For information on how to participate check out the <a href=\"https:\/\/www.smogon.com\/forums\/threads\/sv-national-dex-suspect-8-just-dance.3731534\/\">suspect thread<\/a>.<\/strong><\/div>\n|j|\u203dHisuji\n|j|\u2606DJRRRR\n|t:|1700740458\n|gametype|singles\n|player|p1|Hisuji|shadowtriad|1455\n|player|p2|DJRRRR|169|1448\n|teamsize|p1|6\n|teamsize|p2|6\n|gen|9\n|tier|[Gen 9] National Dex\n|rated|\n|rule|HP Percentage Mod: HP is shown in percentages\n|rule|Endless Battle Clause: Forcing endless battles is banned\n|rule|OHKO Clause: OHKO moves are banned\n|rule|Evasion Clause: Evasion abilities, items, and moves are banned\n|rule|Evasion Abilities Clause: Evasion abilities are banned\n|rule|Evasion Items Clause: Evasion items are banned\n|rule|Evasion Moves Clause: Evasion moves are banned\n|rule|Species Clause: Limit one of each Pok\u00e9mon\n|rule|Sleep Clause Mod: Limit one foe put to sleep\n|clearpoke\n|poke|p1|Mawile, F|\n|poke|p1|Hatterene, F|\n|poke|p1|Tapu Fini|\n|poke|p1|Iron Moth|\n|poke|p1|Great Tusk|\n|poke|p1|Dragonite, M|\n|poke|p2|Diancie|\n|poke|p2|Urshifu-*, F|\n|poke|p2|Hoopa-Unbound|\n|poke|p2|Dragonite, M|\n|poke|p2|Chansey, F|\n|poke|p2|Rillaboom, M|\n|teampreview\n|inactive|Battle timer is ON: inactive players will automatically lose when time's up. (requested by Hisuji)\n|\n|t:|1700740475\n|start\n|switch|p1a: Tapu Fini|Tapu Fini, shiny|100\/100\n|switch|p2a: Diancie|Diancie|100\/100\n|-fieldstart|move: Misty Terrain|[from] ability: Misty Surge|[of] p1a: Tapu Fini\n|turn|1\n|\n|t:|1700740484\n|switch|p2a: Rillaboom|Rillaboom, M|100\/100\n|-fieldstart|move: Grassy Terrain|[from] ability: Grassy Surge|[of] p2a: Rillaboom\n|move|p1a: Tapu Fini|Iron Defense|p1a: Tapu Fini\n|-boost|p1a: Tapu Fini|def|2\n|\n|upkeep\n|turn|2\n|\n|t:|1700740493\n|move|p2a: Rillaboom|Wood Hammer|p1a: Tapu Fini\n|-supereffective|p1a: Tapu Fini\n|-damage|p1a: Tapu Fini|0 fnt\n|faint|p1a: Tapu Fini\n|-damage|p2a: Rillaboom|67\/100|[from] Recoil\n|\n|-heal|p2a: Rillaboom|73\/100|[from] Grassy Terrain\n|upkeep\n|\n|t:|1700740501\n|switch|p1a: Iron Moth|Iron Moth|100\/100\n|-enditem|p1a: Iron Moth|Booster Energy\n|-activate|p1a: Iron Moth|ability: Quark Drive|[fromitem]\n|-start|p1a: Iron Moth|quarkdrivespa\n|turn|3\n|\n|t:|1700740507\n|switch|p2a: Chansey|Chansey, F|100\/100\n|move|p1a: Iron Moth|Fiery Dance|p2a: Chansey\n|-damage|p2a: Chansey|83\/100\n|\n|-heal|p2a: Chansey|90\/100|[from] Grassy Terrain\n|upkeep\n|turn|4\n|\n|t:|1700740513\n|-end|p1a: Iron Moth|Quark Drive|[silent]\n|switch|p1a: Hatterene|Hatterene, F, shiny|100\/100\n|move|p2a: Chansey|Thunder Wave|p1a: Hatterene\n|move|p1a: Hatterene|Thunder Wave|p2a: Chansey|[from]ability: Magic Bounce\n|-status|p2a: Chansey|par\n|\n|-heal|p2a: Chansey|96\/100 par|[from] Grassy Terrain\n|upkeep\n|turn|5\n|\n|t:|1700740517\n|move|p2a: Chansey|Teleport|p2a: Chansey\n|inactive|DJRRRR has 120 seconds left.\n|\n|t:|1700740548\n|-curestatus|p2a: Chansey|par|[from] ability: Natural Cure\n|switch|p2a: Hoopa|Hoopa-Unbound|100\/100|[from] Teleport\n|move|p1a: Hatterene|Trick Room|p1a: Hatterene\n|-fieldstart|move: Trick Room|[of] p1a: Hatterene\n|\n|-fieldend|move: Grassy Terrain\n|upkeep\n|turn|6\n|\n|t:|1700740555\n|move|p2a: Hoopa|Protect|p2a: Hoopa\n|-singleturn|p2a: Hoopa|Protect\n|move|p1a: Hatterene|Misty Explosion|p2a: Hoopa\n|-activate|p2a: Hoopa|move: Protect\n|faint|p1a: Hatterene\n|\n|upkeep\n|\n|t:|1700740557\n|switch|p1a: Mawile|Mawile, F, shiny|100\/100\n|-ability|p1a: Mawile|Intimidate|boost\n|-unboost|p2a: Hoopa|atk|1\n|turn|7\n|inactive|DJRRRR has 120 seconds left.\n|\n|t:|1700740587\n|switch|p2a: Diancie|Diancie|100\/100\n|detailschange|p1a: Mawile|Mawile-Mega, F, shiny\n|-mega|p1a: Mawile|Mawile|Mawilite\n|move|p1a: Mawile|Swords Dance|p1a: Mawile\n|-boost|p1a: Mawile|atk|2\n|\n|upkeep\n|turn|8\n|\n|t:|1700740595\n|move|p1a: Mawile|Iron Head|p2a: Diancie\n|-supereffective|p2a: Diancie\n|-damage|p2a: Diancie|0 fnt\n|faint|p2a: Diancie\n|\n|upkeep\n|\n|t:|1700740600\n|switch|p2a: Hoopa|Hoopa-Unbound|100\/100\n|turn|9\n|\n|t:|1700740609\n|move|p1a: Mawile|Swords Dance|p1a: Mawile\n|-boost|p1a: Mawile|atk|2\n|move|p2a: Hoopa|Hyperspace Fury|p1a: Mawile\n|-resisted|p1a: Mawile\n|-damage|p1a: Mawile|57\/100\n|-unboost|p2a: Hoopa|def|1\n|-damage|p2a: Hoopa|91\/100|[from] item: Life Orb\n|\n|-fieldend|move: Trick Room\n|upkeep\n|turn|10\n|\n|t:|1700740618\n|switch|p2a: Urshifu|Urshifu-Rapid-Strike, F|100\/100\n|move|p1a: Mawile|Sucker Punch||[still]\n|-fail|p1a: Mawile\n|\n|upkeep\n|turn|11\n|\n|t:|1700740627\n|move|p1a: Mawile|Sucker Punch|p2a: Urshifu\n|-resisted|p2a: Urshifu\n|-damage|p2a: Urshifu|26\/100\n|move|p2a: Urshifu|Close Combat|p1a: Mawile\n|-damage|p1a: Mawile|0 fnt\n|-unboost|p2a: Urshifu|def|1\n|-unboost|p2a: Urshifu|spd|1\n|faint|p1a: Mawile\n|\n|upkeep\n|\n|t:|1700740635\n|switch|p1a: Dragonite|Dragonite, M|100\/100\n|turn|12\n|\n|t:|1700740658\n|switch|p2a: Hoopa|Hoopa-Unbound|91\/100\n|move|p1a: Dragonite|Dragon Dance|p1a: Dragonite\n|-boost|p1a: Dragonite|atk|1\n|-boost|p1a: Dragonite|spe|1\n|\n|upkeep\n|turn|13\n|\n|t:|1700740669\n|move|p1a: Dragonite|Dragon Dance|p1a: Dragonite\n|-boost|p1a: Dragonite|atk|1\n|-boost|p1a: Dragonite|spe|1\n|move|p2a: Hoopa|Taunt|p1a: Dragonite\n|-start|p1a: Dragonite|move: Taunt\n|\n|upkeep\n|turn|14\n|\n|t:|1700740679\n|move|p1a: Dragonite|Dragon Claw|p2a: Hoopa\n|-damage|p2a: Hoopa|0 fnt\n|faint|p2a: Hoopa\n|\n|upkeep\n|\n|t:|1700740684\n|switch|p2a: Chansey|Chansey, F|96\/100\n|turn|15\n|\n|t:|1700740690\n|move|p1a: Dragonite|Dragon Claw|p2a: Chansey\n|-damage|p2a: Chansey|37\/100\n|move|p2a: Chansey|Counter|p1a: Dragonite\n|-damage|p1a: Dragonite|0 fnt\n|faint|p1a: Dragonite\n|\n|upkeep\n|\n|t:|1700740705\n|switch|p1a: Great Tusk|Great Tusk|100\/100\n|turn|16\n|\n|t:|1700740733\n|move|p1a: Great Tusk|Rapid Spin|p2a: Chansey\n|-damage|p2a: Chansey|27\/100\n|-boost|p1a: Great Tusk|spe|1\n|move|p2a: Chansey|Teleport|p2a: Chansey\n|\n|t:|1700740740\n|switch|p2a: Rillaboom|Rillaboom, M|73\/100|[from] Teleport\n|-fieldstart|move: Grassy Terrain|[from] ability: Grassy Surge|[of] p2a: Rillaboom\n|\n|-heal|p2a: Rillaboom|79\/100|[from] Grassy Terrain\n|upkeep\n|turn|17\n|\n|t:|1700740744\n|move|p2a: Rillaboom|Grassy Glide|p1a: Great Tusk\n|-supereffective|p1a: Great Tusk\n|-damage|p1a: Great Tusk|12\/100\n|move|p1a: Great Tusk|Ice Spinner|p2a: Rillaboom\n|-supereffective|p2a: Rillaboom\n|-damage|p2a: Rillaboom|21\/100\n|-fieldend|move: Grassy Terrain\n|\n|upkeep\n|turn|18\n|\n|t:|1700740754\n|move|p1a: Great Tusk|Ice Spinner|p2a: Rillaboom\n|-supereffective|p2a: Rillaboom\n|-damage|p2a: Rillaboom|0 fnt\n|faint|p2a: Rillaboom\n|\n|upkeep\n|\n|t:|1700740762\n|switch|p2a: Urshifu|Urshifu-Rapid-Strike, F|26\/100\n|turn|19\n|\n|t:|1700740768\n|move|p2a: Urshifu|Surging Strikes|p1a: Great Tusk\n|-supereffective|p1a: Great Tusk\n|-crit|p1a: Great Tusk\n|-damage|p1a: Great Tusk|0 fnt\n|faint|p1a: Great Tusk\n|-end|p1a: Great Tusk|Protosynthesis|[silent]\n|-hitcount|p1: Great Tusk|1\n|\n|upkeep\n|\n|t:|1700740773\n|switch|p1a: Iron Moth|Iron Moth|100\/100\n|turn|20\n|\n|t:|1700740781\n|-terastallize|p1a: Iron Moth|Psychic\n|move|p2a: Urshifu|Surging Strikes|p1a: Iron Moth\n|-crit|p1a: Iron Moth\n|-damage|p1a: Iron Moth|63\/100\n|-crit|p1a: Iron Moth\n|-damage|p1a: Iron Moth|26\/100\n|-crit|p1a: Iron Moth\n|-damage|p1a: Iron Moth|0 fnt\n|faint|p1a: Iron Moth\n|-end|p1a: Iron Moth|Quark Drive|[silent]\n|-hitcount|p1: Iron Moth|3\n|\n|win|DJRRRR\n|raw|Hisuji's rating: 1455 &rarr; <strong>1436<\/strong><br \/>(-19 for losing)\n|raw|DJRRRR's rating: 1464 &rarr; <strong>1483<\/strong><br \/>(+19 for winning)\n","uploadtime":1700740786,"views":7,"p1id":"hisuji","p2id":"djrrrr","formatid":"gen9nationaldex","rating":1436,"private":0,"password":""}