{"id":"gen9nationaldex-1999293304","p1":"BlueB4llz","p2":"theduck898","format":"[Gen 9] National Dex","log":"|html|<div class=\"broadcast-blue\"><strong>[Gen 9] National Dex is currently suspecting Sneasler! For information on how to participate check out the <a href=\"https:\/\/www.smogon.com\/forums\/threads\/sv-national-dex-suspect-8-just-dance.3731534\/\">suspect thread<\/a>.<\/strong><\/div>\n|j|\u2606BlueB4llz\n|j|\u2606theduck898\n|t:|1701056110\n|gametype|singles\n|player|p1|BlueB4llz|birdkeeper|\n|player|p2|theduck898|caitlin|\n|teamsize|p1|6\n|teamsize|p2|6\n|gen|9\n|tier|[Gen 9] National Dex\n|rule|HP Percentage Mod: HP is shown in percentages\n|rule|Endless Battle Clause: Forcing endless battles is banned\n|rule|OHKO Clause: OHKO moves are banned\n|rule|Evasion Clause: Evasion abilities, items, and moves are banned\n|rule|Evasion Abilities Clause: Evasion abilities are banned\n|rule|Evasion Items Clause: Evasion items are banned\n|rule|Evasion Moves Clause: Evasion moves are banned\n|rule|Species Clause: Limit one of each Pok\u00e9mon\n|rule|Sleep Clause Mod: Limit one foe put to sleep\n|clearpoke\n|poke|p1|Heatran, M|\n|poke|p1|Metagross|\n|poke|p1|Aegislash, F|\n|poke|p1|Dugtrio-Alola, F|\n|poke|p1|Skarmory, M|\n|poke|p1|Magnezone|\n|poke|p2|Metagross|\n|poke|p2|Skarmory, M|\n|poke|p2|Scizor, F|\n|poke|p2|Ferrothorn, M|\n|poke|p2|Magnezone|\n|poke|p2|Heatran, M|\n|teampreview\n|\n|t:|1701056129\n|start\n|switch|p1a: Dugtrio|Dugtrio-Alola, F|100\/100\n|switch|p2a: Skarmory|Skarmory, M|100\/100\n|turn|1\n|\n|t:|1701056142\n|switch|p1a: Aegislash|Aegislash, F|100\/100\n|move|p2a: Skarmory|Stealth Rock|p1a: Aegislash\n|-sidestart|p1: BlueB4llz|move: Stealth Rock\n|\n|upkeep\n|turn|2\n|\n|t:|1701056153\n|move|p2a: Skarmory|Spikes|p1a: Aegislash\n|-sidestart|p1: BlueB4llz|Spikes\n|move|p1a: Aegislash|Swords Dance|p1a: Aegislash\n|-boost|p1a: Aegislash|atk|2\n|\n|upkeep\n|turn|3\n|\n|t:|1701056156\n|move|p1a: Aegislash|Swords Dance|p1a: Aegislash\n|-boost|p1a: Aegislash|atk|2\n|move|p2a: Skarmory|Whirlwind|p1a: Aegislash\n|drag|p1a: Magnezone|Magnezone|100\/100\n|-damage|p1a: Magnezone|94\/100|[from] Stealth Rock\n|-damage|p1a: Magnezone|82\/100|[from] Spikes\n|\n|-heal|p1a: Magnezone|88\/100|[from] item: Leftovers\n|upkeep\n|turn|4\n|\n|t:|1701056164\n|move|p1a: Magnezone|Thunderbolt|p2a: Skarmory\n|-supereffective|p2a: Skarmory\n|-damage|p2a: Skarmory|2\/100\n|-enditem|p2a: Skarmory|Figy Berry|[eat]\n|-heal|p2a: Skarmory|35\/100|[from] item: Figy Berry\n|move|p2a: Skarmory|Whirlwind|p1a: Magnezone\n|drag|p1a: Skarmory|Skarmory, M|100\/100\n|-damage|p1a: Skarmory|88\/100|[from] Stealth Rock\n|\n|upkeep\n|turn|5\n|c|\u2606BlueB4llz|shitty ass roll\n|\n|t:|1701056179\n|move|p2a: Skarmory|Spikes|p1a: Skarmory\n|-sidestart|p1: BlueB4llz|Spikes\n|move|p1a: Skarmory|Spikes|p2a: Skarmory\n|-sidestart|p2: theduck898|Spikes\n|\n|upkeep\n|turn|6\n|c|\u2606theduck898|lol\n|\n|t:|1701056185\n|move|p1a: Skarmory|Spikes|p2a: Skarmory\n|-sidestart|p2: theduck898|Spikes\n|move|p2a: Skarmory|Whirlwind|p1a: Skarmory\n|drag|p1a: Aegislash|Aegislash, F|100\/100\n|-damage|p1a: Aegislash|94\/100|[from] Stealth Rock\n|-damage|p1a: Aegislash|78\/100|[from] Spikes\n|\n|-heal|p1a: Aegislash|84\/100|[from] item: Leftovers\n|upkeep\n|turn|7\n|\n|t:|1701056193\n|-formechange|p1a: Aegislash|Aegislash-Blade||[from] ability: Stance Change\n|move|p1a: Aegislash|Shadow Claw|p2a: Skarmory\n|-damage|p2a: Skarmory|9\/100\n|move|p2a: Skarmory|Whirlwind|p1a: Aegislash\n|drag|p1a: Magnezone|Magnezone|88\/100\n|-damage|p1a: Magnezone|82\/100|[from] Stealth Rock\n|-damage|p1a: Magnezone|65\/100|[from] Spikes\n|\n|-heal|p1a: Magnezone|71\/100|[from] item: Leftovers\n|upkeep\n|turn|8\n|\n|t:|1701056206\n|move|p2a: Skarmory|Brave Bird|p1a: Magnezone\n|-resisted|p1a: Magnezone\n|-damage|p1a: Magnezone|63\/100\n|-damage|p2a: Skarmory|7\/100|[from] Recoil\n|move|p1a: Magnezone|Thunderbolt|p2a: Skarmory\n|-supereffective|p2a: Skarmory\n|-damage|p2a: Skarmory|0 fnt\n|faint|p2a: Skarmory\n|\n|-heal|p1a: Magnezone|69\/100|[from] item: Leftovers\n|upkeep\n|\n|t:|1701056214\n|switch|p2a: Heatran|Heatran, M|100\/100\n|-damage|p2a: Heatran|84\/100|[from] Spikes\n|turn|9\n|\n|t:|1701056242\n|switch|p1a: Heatran|Heatran, M|100\/100\n|-damage|p1a: Heatran|88\/100|[from] Stealth Rock\n|-damage|p1a: Heatran|71\/100|[from] Spikes\n|move|p2a: Heatran|Eruption|p1a: Heatran\n|-start|p1a: Heatran|ability: Flash Fire\n|\n|upkeep\n|turn|10\n|\n|t:|1701056253\n|switch|p2a: Ferrothorn|Ferrothorn, M|100\/100\n|-damage|p2a: Ferrothorn|84\/100|[from] Spikes\n|move|p1a: Heatran|Earth Power|p2a: Ferrothorn\n|-damage|p2a: Ferrothorn|61\/100\n|-unboost|p2a: Ferrothorn|spd|1\n|\n|upkeep\n|turn|11\n|\n|t:|1701056258\n|move|p1a: Heatran|Lava Plume|p2a: Ferrothorn\n|-supereffective|p2a: Ferrothorn\n|-damage|p2a: Ferrothorn|0 fnt\n|faint|p2a: Ferrothorn\n|\n|upkeep\n|\n|t:|1701056272\n|switch|p2a: Metagross|Metagross|100\/100\n|-damage|p2a: Metagross|84\/100|[from] Spikes\n|turn|12\n|\n|t:|1701056308\n|-end|p1a: Heatran|ability: Flash Fire|[silent]\n|switch|p1a: Skarmory|Skarmory, M|88\/100\n|-damage|p1a: Skarmory|76\/100|[from] Stealth Rock\n|move|p2a: Metagross|Body Press|p1a: Skarmory\n|-damage|p1a: Skarmory|57\/100\n|-damage|p2a: Metagross|74\/100|[from] item: Life Orb\n|\n|upkeep\n|turn|13\n|\n|t:|1701056314\n|move|p1a: Skarmory|Roost|p1a: Skarmory\n|-heal|p1a: Skarmory|100\/100\n|-singleturn|p1a: Skarmory|move: Roost\n|move|p2a: Metagross|Iron Defense|p2a: Metagross\n|-boost|p2a: Metagross|def|2\n|\n|upkeep\n|turn|14\n|\n|t:|1701056320\n|move|p1a: Skarmory|Spikes|p2a: Metagross\n|-sidestart|p2: theduck898|Spikes\n|move|p2a: Metagross|Meteor Mash|p1a: Skarmory\n|-resisted|p1a: Skarmory\n|-damage|p1a: Skarmory|80\/100\n|-boost|p2a: Metagross|atk|1\n|-damage|p2a: Metagross|64\/100|[from] item: Life Orb\n|\n|upkeep\n|turn|15\n|\n|t:|1701056328\n|move|p1a: Skarmory|Body Press|p2a: Metagross\n|-damage|p2a: Metagross|51\/100\n|move|p2a: Metagross|Iron Defense|p2a: Metagross\n|-boost|p2a: Metagross|def|2\n|\n|upkeep\n|turn|16\n|\n|t:|1701056336\n|move|p1a: Skarmory|Body Press|p2a: Metagross\n|-damage|p2a: Metagross|42\/100\n|move|p2a: Metagross|Psycho Cut|p1a: Skarmory\n|-resisted|p1a: Skarmory\n|-damage|p1a: Skarmory|57\/100\n|-damage|p2a: Metagross|32\/100|[from] item: Life Orb\n|\n|upkeep\n|turn|17\n|c|\u2606BlueB4llz|this set is a borderline war crime\n|\n|t:|1701056355\n|move|p1a: Skarmory|Roost|p1a: Skarmory\n|-heal|p1a: Skarmory|100\/100\n|-singleturn|p1a: Skarmory|move: Roost\n|move|p2a: Metagross|Body Press|p1a: Skarmory\n|-supereffective|p1a: Skarmory\n|-damage|p1a: Skarmory|2\/100\n|-damage|p2a: Metagross|22\/100|[from] item: Life Orb\n|\n|upkeep\n|turn|18\n|c|\u2606theduck898|lol\n|\n|t:|1701056365\n|move|p1a: Skarmory|Brave Bird|p2a: Metagross\n|-resisted|p2a: Metagross\n|-damage|p2a: Metagross|18\/100\n|-damage|p1a: Skarmory|0 fnt|[from] Recoil\n|faint|p1a: Skarmory\n|move|p2a: Metagross|Body Press|p1: Skarmory|[notarget]\n|-fail|p2a: Metagross\n|\n|upkeep\n|\n|t:|1701056375\n|switch|p1a: Dugtrio|Dugtrio-Alola, F|100\/100\n|-damage|p1a: Dugtrio|98\/100|[from] Stealth Rock\n|-damage|p1a: Dugtrio|81\/100|[from] Spikes\n|turn|19\n|\n|t:|1701056410\n|move|p1a: Dugtrio|Foul Play|p2a: Metagross\n|-supereffective|p2a: Metagross\n|-damage|p2a: Metagross|0 fnt\n|faint|p2a: Metagross\n|\n|upkeep\n|\n|t:|1701056416\n|switch|p2a: Magnezone|Magnezone|100\/100\n|-item|p2a: Magnezone|Air Balloon\n|turn|20\n|\n|t:|1701056420\n|move|p1a: Dugtrio|Foul Play|p2a: Magnezone\n|-damage|p2a: Magnezone|93\/100\n|-enditem|p2a: Magnezone|Air Balloon\n|move|p2a: Magnezone|Flash Cannon|p1a: Dugtrio\n|-resisted|p1a: Dugtrio\n|-damage|p1a: Dugtrio|29\/100\n|\n|upkeep\n|turn|21\n|\n|t:|1701056432\n|move|p1a: Dugtrio|Foul Play|p2a: Magnezone\n|-damage|p2a: Magnezone|85\/100\n|move|p2a: Magnezone|Flash Cannon|p1a: Dugtrio\n|-resisted|p1a: Dugtrio\n|-damage|p1a: Dugtrio|0 fnt\n|faint|p1a: Dugtrio\n|\n|upkeep\n|\n|t:|1701056449\n|switch|p1a: Metagross|Metagross|100\/100\n|-damage|p1a: Metagross|95\/100|[from] Stealth Rock\n|-damage|p1a: Metagross|78\/100|[from] Spikes\n|turn|22\n|\n|t:|1701056462\n|move|p1a: Metagross|Agility|p1a: Metagross\n|-boost|p1a: Metagross|spe|2\n|move|p2a: Magnezone|Signal Beam|p1a: Metagross\n|-damage|p1a: Metagross|43\/100\n|\n|upkeep\n|turn|23\n|\n|t:|1701056471\n|move|p1a: Metagross|Earthquake|p2a: Magnezone\n|-supereffective|p2a: Magnezone\n|-damage|p2a: Magnezone|0 fnt\n|faint|p2a: Magnezone\n|\n|upkeep\n|\n|t:|1701056481\n|switch|p2a: Heatran|Heatran, M|84\/100\n|-damage|p2a: Heatran|59\/100|[from] Spikes\n|turn|24\n|\n|t:|1701056486\n|move|p1a: Metagross|Earthquake|p2a: Heatran\n|-supereffective|p2a: Heatran\n|-damage|p2a: Heatran|0 fnt\n|faint|p2a: Heatran\n|\n|upkeep\n|\n|t:|1701056488\n|switch|p2a: Scizor|Scizor, F|100\/100\n|-damage|p2a: Scizor|76\/100|[from] Spikes\n|turn|25\n|\n|t:|1701056492\n|move|p1a: Metagross|Earthquake|p2a: Scizor\n|-crit|p2a: Scizor\n|-damage|p2a: Scizor|21\/100\n|move|p2a: Scizor|Swords Dance|p2a: Scizor\n|-boost|p2a: Scizor|atk|2\n|\n|upkeep\n|turn|26\n|\n|t:|1701056498\n|move|p2a: Scizor|Bullet Punch|p1a: Metagross\n|-resisted|p1a: Metagross\n|-damage|p1a: Metagross|10\/100\n|move|p1a: Metagross|Earthquake|p2a: Scizor\n|-damage|p2a: Scizor|0 fnt\n|faint|p2a: Scizor\n|\n|win|BlueB4llz\n|c|\u2606BlueB4llz|gg\n|c|\u2606theduck898|damn\n|c|\u2606theduck898|gg\n","uploadtime":1701056506,"views":17,"p1id":"blueb4llz","p2id":"theduck898","formatid":"gen9nationaldex","rating":0,"private":0,"password":""}