{"id":"gen9nationaldex-1990576780","p1":"Sivilea","p2":"12pap","format":"[Gen 9] National Dex","log":"|j|\u2606Sivilea\n|j|\u260612pap\n|t:|1699982824\n|gametype|singles\n|player|p1|Sivilea|rosa-masters|1064\n|player|p2|12pap|hilbert|1013\n|teamsize|p1|6\n|teamsize|p2|6\n|gen|9\n|tier|[Gen 9] National Dex\n|rated|\n|rule|HP Percentage Mod: HP is shown in percentages\n|rule|Endless Battle Clause: Forcing endless battles is banned\n|rule|OHKO Clause: OHKO moves are banned\n|rule|Evasion Clause: Evasion abilities, items, and moves are banned\n|rule|Evasion Abilities Clause: Evasion abilities are banned\n|rule|Evasion Items Clause: Evasion items are banned\n|rule|Evasion Moves Clause: Evasion moves are banned\n|rule|Species Clause: Limit one of each Pok\u00e9mon\n|rule|Sleep Clause Mod: Limit one foe put to sleep\n|clearpoke\n|poke|p1|Malamar, M|\n|poke|p1|Staraptor, M|\n|poke|p1|Cinderace, M|\n|poke|p1|Rotom-Wash|\n|poke|p1|Shiinotic, F|\n|poke|p1|Aegislash, F|\n|poke|p2|Samurott-Hisui, M|\n|poke|p2|Lilligant-Hisui, F|\n|poke|p2|Ursaluna, M|\n|poke|p2|Kleavor, M|\n|poke|p2|Enamorus-Therian, F|\n|poke|p2|Wyrdeer, M|\n|teampreview\n|\n|t:|1699982880\n|start\n|switch|p1a: Naptime|Shiinotic, F|100\/100\n|switch|p2a: Kleavor|Kleavor, M|100\/100\n|turn|1\n|inactive|Battle timer is ON: inactive players will automatically lose when time's up. (requested by 12pap)\n|\n|t:|1699982886\n|move|p2a: Kleavor|Stone Axe|p1a: Naptime\n|-damage|p1a: Naptime|46\/100\n|-sidestart|p1: Sivilea|move: Stealth Rock\n|-damage|p2a: Kleavor|91\/100|[from] item: Life Orb\n|move|p1a: Naptime|Spore|p2a: Kleavor\n|-status|p2a: Kleavor|slp|[from] move: Spore\n|\n|upkeep\n|turn|2\n|\n|t:|1699982889\n|cant|p2a: Kleavor|slp\n|move|p1a: Naptime|Strength Sap|p2a: Kleavor\n|-unboost|p2a: Kleavor|atk|1\n|-heal|p1a: Naptime|100\/100\n|\n|upkeep\n|turn|3\n|\n|t:|1699982897\n|cant|p2a: Kleavor|slp\n|move|p1a: Naptime|Giga Drain|p2a: Kleavor\n|-damage|p2a: Kleavor|55\/100 slp\n|\n|upkeep\n|turn|4\n|\n|t:|1699982902\n|-curestatus|p2a: Kleavor|slp|[msg]\n|move|p2a: Kleavor|X-Scissor|p1a: Naptime\n|-damage|p1a: Naptime|55\/100\n|-damage|p2a: Kleavor|45\/100|[from] item: Life Orb\n|move|p1a: Naptime|Giga Drain|p2a: Kleavor\n|-damage|p2a: Kleavor|5\/100\n|-heal|p1a: Naptime|72\/100|[from] drain|[of] p2a: Kleavor\n|\n|upkeep\n|turn|5\n|\n|t:|1699982910\n|move|p2a: Kleavor|X-Scissor|p1a: Naptime\n|-damage|p1a: Naptime|27\/100\n|-damage|p2a: Kleavor|0 fnt|[from] item: Life Orb\n|faint|p2a: Kleavor\n|move|p1a: Naptime|Strength Sap|p2: Kleavor|[notarget]\n|-fail|p1a: Naptime\n|\n|upkeep\n|\n|t:|1699982928\n|switch|p2a: Enamorus|Enamorus-Therian, F|100\/100\n|turn|6\n|\n|t:|1699982934\n|move|p2a: Enamorus|Mystical Fire|p1a: Naptime\n|-supereffective|p1a: Naptime\n|-damage|p1a: Naptime|0 fnt\n|faint|p1a: Naptime\n|\n|upkeep\n|\n|t:|1699982936\n|switch|p1a: Washington|Rotom-Wash|100\/100\n|-damage|p1a: Washington|88\/100|[from] Stealth Rock\n|turn|7\n|\n|t:|1699982940\n|move|p1a: Washington|Defog|p2a: Enamorus\n|-unboost|p2a: Enamorus|evasion|1\n|-sideend|p1: Sivilea|Stealth Rock|[from] move: Defog|[of] p1a: Washington\n|move|p2a: Enamorus|Springtide Storm|p1a: Washington\n|-damage|p1a: Washington|40\/100\n|-unboost|p1a: Washington|atk|1\n|\n|-heal|p1a: Washington|47\/100|[from] item: Leftovers\n|upkeep\n|turn|8\n|\n|t:|1699982949\n|move|p1a: Washington|Volt Switch|p2a: Enamorus\n|-supereffective|p2a: Enamorus\n|-damage|p2a: Enamorus|50\/100\n|\n|t:|1699982952\n|switch|p1a: Olympic|Aegislash, F|100\/100|[from] Volt Switch\n|move|p2a: Enamorus|Mystical Fire|p1a: Olympic\n|-supereffective|p1a: Olympic\n|-damage|p1a: Olympic|53\/100\n|-unboost|p1a: Olympic|spa|1\n|\n|-heal|p1a: Olympic|59\/100|[from] item: Leftovers\n|-heal|p2a: Enamorus|57\/100|[from] item: Leftovers\n|upkeep\n|turn|9\n|\n|t:|1699982964\n|switch|p1a: Messi|Cinderace, M|100\/100\n|move|p2a: Enamorus|Mystical Fire|p1a: Messi\n|-resisted|p1a: Messi\n|-damage|p1a: Messi|79\/100\n|-unboost|p1a: Messi|spa|1\n|\n|-heal|p2a: Enamorus|63\/100|[from] item: Leftovers\n|upkeep\n|turn|10\n|\n|t:|1699982972\n|move|p1a: Messi|Pyro Ball|p2a: Enamorus\n|-damage|p2a: Enamorus|12\/100\n|move|p2a: Enamorus|Psychic|p1a: Messi\n|-damage|p1a: Messi|29\/100\n|\n|-heal|p2a: Enamorus|18\/100|[from] item: Leftovers\n|upkeep\n|turn|11\n|\n|t:|1699982978\n|move|p1a: Messi|U-turn|p2a: Enamorus\n|-start|p1a: Messi|typechange|Bug|[from] ability: Libero\n|-resisted|p2a: Enamorus\n|-damage|p2a: Enamorus|11\/100\n|\n|t:|1699982986\n|switch|p1a: Dinnerbone|Malamar, M|100\/100|[from] U-turn\n|move|p2a: Enamorus|Psychic|p1a: Dinnerbone\n|-immune|p1a: Dinnerbone\n|\n|-heal|p2a: Enamorus|17\/100|[from] item: Leftovers\n|upkeep\n|turn|12\n|\n|t:|1699983001\n|move|p1a: Dinnerbone|Rock Slide|p2a: Enamorus\n|-supereffective|p2a: Enamorus\n|-crit|p2a: Enamorus\n|-damage|p2a: Enamorus|0 fnt\n|faint|p2a: Enamorus\n|\n|upkeep\n|\n|t:|1699983007\n|switch|p2a: Ursaluna|Ursaluna, M|100\/100\n|turn|13\n|\n|t:|1699983019\n|move|p1a: Dinnerbone|Superpower|p2a: Ursaluna\n|-supereffective|p2a: Ursaluna\n|-damage|p2a: Ursaluna|50\/100\n|-boost|p1a: Dinnerbone|atk|1\n|-boost|p1a: Dinnerbone|def|1\n|move|p2a: Ursaluna|Play Rough|p1a: Dinnerbone\n|-supereffective|p1a: Dinnerbone\n|-damage|p1a: Dinnerbone|50\/100\n|\n|-status|p2a: Ursaluna|brn|[from] item: Flame Orb\n|upkeep\n|turn|14\n|\n|t:|1699983035\n|move|p1a: Dinnerbone|Superpower|p2a: Ursaluna\n|-supereffective|p2a: Ursaluna\n|-damage|p2a: Ursaluna|0 fnt\n|-boost|p1a: Dinnerbone|atk|1\n|-boost|p1a: Dinnerbone|def|1\n|faint|p2a: Ursaluna\n|\n|upkeep\n|\n|t:|1699983039\n|switch|p2a: Lilligant|Lilligant-Hisui, F|100\/100\n|turn|15\n|\n|t:|1699983045\n|move|p2a: Lilligant|Victory Dance|p2a: Lilligant\n|-boost|p2a: Lilligant|atk|1\n|-boost|p2a: Lilligant|def|1\n|-boost|p2a: Lilligant|spe|1\n|move|p1a: Dinnerbone|Psycho Cut|p2a: Lilligant\n|-supereffective|p2a: Lilligant\n|-damage|p2a: Lilligant|0 fnt\n|faint|p2a: Lilligant\n|\n|upkeep\n|-message|12pap forfeited.\n|\n|win|Sivilea\n|raw|Sivilea's rating: 1064 &rarr; <strong>1090<\/strong><br \/>(+26 for winning)\n|raw|12pap's rating: 1013 &rarr; <strong>1003<\/strong><br \/>(-10 for losing)\n|l|\u260612pap\n","uploadtime":1699983059,"views":9,"p1id":"sivilea","p2id":"12pap","formatid":"gen9nationaldex","rating":1003,"private":0,"password":""}