{"id":"gen9nationaldex-1993349654","p1":"luni saki","p2":"xikeso","format":"[Gen 9] National Dex","log":"|j|\u2606luni saki\n|j|\u2606xikeso\n|t:|1700303685\n|gametype|singles\n|player|p1|luni saki|aaron|1477\n|player|p2|xikeso|iono|1418\n|teamsize|p1|6\n|teamsize|p2|6\n|gen|9\n|tier|[Gen 9] National Dex\n|rated|\n|rule|HP Percentage Mod: HP is shown in percentages\n|rule|Endless Battle Clause: Forcing endless battles is banned\n|rule|OHKO Clause: OHKO moves are banned\n|rule|Evasion Clause: Evasion abilities, items, and moves are banned\n|rule|Evasion Abilities Clause: Evasion abilities are banned\n|rule|Evasion Items Clause: Evasion items are banned\n|rule|Evasion Moves Clause: Evasion moves are banned\n|rule|Species Clause: Limit one of each Pok\u00e9mon\n|rule|Sleep Clause Mod: Limit one foe put to sleep\n|clearpoke\n|poke|p1|Tapu Lele|\n|poke|p1|Zapdos|\n|poke|p1|Ribombee, F|\n|poke|p1|Ferrothorn, M|\n|poke|p1|Landorus-Therian, M|\n|poke|p1|Charizard, M|\n|poke|p2|Serperior, F|\n|poke|p2|Greninja-*, M|\n|poke|p2|Moltres-Galar|\n|poke|p2|Lopunny, F|\n|poke|p2|Ting-Lu|\n|poke|p2|Umbreon, M|\n|teampreview\n|inactive|Battle timer is ON: inactive players will automatically lose when time's up. (requested by xikeso)\n|\n|t:|1700303701\n|start\n|switch|p1a: Ribombee|Ribombee, F|100\/100\n|switch|p2a: Ting-Lu|Ting-Lu|100\/100\n|-ability|p2a: Ting-Lu|Vessel of Ruin\n|turn|1\n|\n|t:|1700303714\n|move|p1a: Ribombee|Sticky Web|p2a: Ting-Lu\n|-sidestart|p2: xikeso|move: Sticky Web\n|move|p2a: Ting-Lu|Whirlwind|p1a: Ribombee\n|drag|p1a: Landorus|Landorus-Therian, M|100\/100\n|-ability|p1a: Landorus|Intimidate|boost\n|-unboost|p2a: Ting-Lu|atk|1\n|\n|upkeep\n|turn|2\n|\n|t:|1700303723\n|move|p1a: Landorus|Toxic|p2a: Ting-Lu|[miss]\n|-miss|p1a: Landorus|p2a: Ting-Lu\n|move|p2a: Ting-Lu|Stealth Rock|p1a: Landorus\n|-sidestart|p1: luni saki|move: Stealth Rock\n|\n|upkeep\n|turn|3\n|\n|t:|1700303737\n|move|p1a: Landorus|U-turn|p2a: Ting-Lu\n|-supereffective|p2a: Ting-Lu\n|-damage|p2a: Ting-Lu|78\/100\n|\n|t:|1700303742\n|switch|p1a: Ribombee|Ribombee, F|100\/100|[from] U-turn\n|-damage|p1a: Ribombee|76\/100|[from] Stealth Rock\n|move|p2a: Ting-Lu|Spikes|p1a: Ribombee\n|-sidestart|p1: luni saki|Spikes\n|\n|-heal|p2a: Ting-Lu|84\/100|[from] item: Leftovers\n|upkeep\n|turn|4\n|\n|t:|1700303758\n|move|p1a: Ribombee|Moonblast|p2a: Ting-Lu\n|-supereffective|p2a: Ting-Lu\n|-damage|p2a: Ting-Lu|57\/100\n|move|p2a: Ting-Lu|Spikes|p1a: Ribombee\n|-sidestart|p1: luni saki|Spikes\n|\n|-heal|p2a: Ting-Lu|63\/100|[from] item: Leftovers\n|upkeep\n|turn|5\n|\n|t:|1700303767\n|switch|p1a: Zapdos|Zapdos|100\/100\n|move|p2a: Ting-Lu|Spikes|p1a: Zapdos\n|-sidestart|p1: luni saki|Spikes\n|\n|-heal|p2a: Ting-Lu|69\/100|[from] item: Leftovers\n|upkeep\n|turn|6\n|\n|t:|1700303775\n|move|p1a: Zapdos|Defog|p2a: Ting-Lu\n|-unboost|p2a: Ting-Lu|evasion|1\n|-sideend|p2: xikeso|Sticky Web|[from] move: Defog|[of] p1a: Zapdos\n|-sideend|p1: luni saki|Spikes|[from] move: Defog|[of] p1a: Zapdos\n|-sideend|p1: luni saki|Stealth Rock|[from] move: Defog|[of] p1a: Zapdos\n|move|p2a: Ting-Lu|Stealth Rock|p1a: Zapdos\n|-sidestart|p1: luni saki|move: Stealth Rock\n|\n|-heal|p2a: Ting-Lu|75\/100|[from] item: Leftovers\n|upkeep\n|turn|7\n|\n|t:|1700303784\n|move|p1a: Zapdos|Toxic|p2a: Ting-Lu\n|-status|p2a: Ting-Lu|tox\n|move|p2a: Ting-Lu|Whirlwind|p1a: Zapdos\n|drag|p1a: Charizard|Charizard, M|100\/100\n|-damage|p1a: Charizard|51\/100|[from] Stealth Rock\n|\n|-heal|p2a: Ting-Lu|81\/100 tox|[from] item: Leftovers\n|-damage|p2a: Ting-Lu|75\/100 tox|[from] psn\n|upkeep\n|turn|8\n|\n|t:|1700303797\n|detailschange|p1a: Charizard|Charizard-Mega-X, M\n|-mega|p1a: Charizard|Charizard|Charizardite X\n|move|p1a: Charizard|Roost|p1a: Charizard\n|-heal|p1a: Charizard|100\/100\n|-singleturn|p1a: Charizard|move: Roost\n|move|p2a: Ting-Lu|Whirlwind|p1a: Charizard\n|drag|p1a: Zapdos|Zapdos|100\/100\n|\n|-heal|p2a: Ting-Lu|81\/100 tox|[from] item: Leftovers\n|-damage|p2a: Ting-Lu|69\/100 tox|[from] psn\n|upkeep\n|turn|9\n|\n|t:|1700303813\n|switch|p2a: Lopunny|Lopunny, F|100\/100\n|move|p1a: Zapdos|Defog|p2a: Lopunny\n|-unboost|p2a: Lopunny|evasion|1\n|-sideend|p1: luni saki|Stealth Rock|[from] move: Defog|[of] p1a: Zapdos\n|\n|upkeep\n|turn|10\n|\n|t:|1700303822\n|switch|p1a: Ferrothorn|Ferrothorn, M|100\/100\n|detailschange|p2a: Lopunny|Lopunny-Mega, F\n|-mega|p2a: Lopunny|Lopunny|Lopunnite\n|move|p2a: Lopunny|Fake Out|p1a: Ferrothorn\n|-resisted|p1a: Ferrothorn\n|-damage|p1a: Ferrothorn|94\/100\n|-damage|p2a: Lopunny|88\/100|[from] ability: Iron Barbs|[of] p1a: Ferrothorn\n|\n|-heal|p1a: Ferrothorn|99\/100|[from] item: Leftovers\n|upkeep\n|turn|11\n|\n|t:|1700303843\n|move|p2a: Lopunny|Close Combat|p1a: Ferrothorn\n|-supereffective|p1a: Ferrothorn\n|-damage|p1a: Ferrothorn|23\/100\n|-unboost|p2a: Lopunny|def|1\n|-unboost|p2a: Lopunny|spd|1\n|-damage|p2a: Lopunny|76\/100|[from] ability: Iron Barbs|[of] p1a: Ferrothorn\n|move|p1a: Ferrothorn|Thunder Wave|p2a: Lopunny\n|-status|p2a: Lopunny|par\n|\n|-heal|p1a: Ferrothorn|29\/100|[from] item: Leftovers\n|upkeep\n|turn|12\n|\n|t:|1700303859\n|switch|p2a: Greninja|Greninja, M|100\/100\n|switch|p1a: Ribombee|Ribombee, F|76\/100\n|\n|upkeep\n|turn|13\n|inactive|xikeso has 120 seconds left.\n|\n|t:|1700303903\n|-terastallize|p2a: Greninja|Ground\n|move|p1a: Ribombee|Sticky Web|p2a: Greninja\n|-sidestart|p2: xikeso|move: Sticky Web\n|move|p2a: Greninja|Surf|p1a: Ribombee\n|-damage|p1a: Ribombee|0 fnt\n|faint|p1a: Ribombee\n|-ability|p2a: Greninja|Battle Bond|boost\n|-boost|p2a: Greninja|atk|1\n|-boost|p2a: Greninja|spa|1\n|-boost|p2a: Greninja|spe|1\n|-activate|p2a: Greninja|ability: Battle Bond\n|-damage|p2a: Greninja|91\/100|[from] item: Life Orb\n|\n|upkeep\n|inactive|luni saki has 120 seconds left.\n|\n|t:|1700303937\n|switch|p1a: Tapu Lele|Tapu Lele|100\/100\n|-fieldstart|move: Psychic Terrain|[from] ability: Psychic Surge|[of] p1a: Tapu Lele\n|turn|14\n|\n|t:|1700303945\n|-terastallize|p1a: Tapu Lele|Psychic\n|move|p2a: Greninja|Dark Pulse|p1a: Tapu Lele\n|-supereffective|p1a: Tapu Lele\n|-damage|p1a: Tapu Lele|0 fnt\n|faint|p1a: Tapu Lele\n|-damage|p2a: Greninja|81\/100|[from] item: Life Orb\n|\n|upkeep\n|-message|luni saki forfeited.\n|\n|win|xikeso\n|raw|luni saki's rating: 1477 &rarr; <strong>1454<\/strong><br \/>(-23 for losing)\n|raw|xikeso's rating: 1418 &rarr; <strong>1441<\/strong><br \/>(+23 for winning)\n|l|\u2606luni saki\n","uploadtime":1700303958,"views":11,"p1id":"lunisaki","p2id":"xikeso","formatid":"gen9nationaldex","rating":1441,"private":0,"password":""}