{"id":"gen9nationaldex-1999361647","p1":"SchmoovinAgain","p2":"Ladattomatic","format":"[Gen 9] National Dex","log":"|html|<div class=\"broadcast-blue\"><strong>[Gen 9] National Dex is currently suspecting Sneasler! For information on how to participate check out the <a href=\"https:\/\/www.smogon.com\/forums\/threads\/sv-national-dex-suspect-8-just-dance.3731534\/\">suspect thread<\/a>.<\/strong><\/div>\n|j|\u2606SchmoovinAgain\n|j|\u2606Ladattomatic\n|t:|1701066842\n|gametype|singles\n|player|p1|SchmoovinAgain|169|1482\n|player|p2|Ladattomatic|punkgirl-gen7|1350\n|teamsize|p1|6\n|teamsize|p2|6\n|gen|9\n|tier|[Gen 9] National Dex\n|rated|\n|rule|HP Percentage Mod: HP is shown in percentages\n|rule|Endless Battle Clause: Forcing endless battles is banned\n|rule|OHKO Clause: OHKO moves are banned\n|rule|Evasion Clause: Evasion abilities, items, and moves are banned\n|rule|Evasion Abilities Clause: Evasion abilities are banned\n|rule|Evasion Items Clause: Evasion items are banned\n|rule|Evasion Moves Clause: Evasion moves are banned\n|rule|Species Clause: Limit one of each Pok\u00e9mon\n|rule|Sleep Clause Mod: Limit one foe put to sleep\n|clearpoke\n|poke|p1|Hoopa-Unbound|\n|poke|p1|Tapu Lele|\n|poke|p1|Kartana|\n|poke|p1|Volcarona, F|\n|poke|p1|Landorus-Therian, M|\n|poke|p1|Dondozo, F|\n|poke|p2|Alomomola, F|\n|poke|p2|Xurkitree|\n|poke|p2|Lopunny, F|\n|poke|p2|Heatran, M|\n|poke|p2|Excadrill, M|\n|poke|p2|Clefable, F|\n|teampreview\n|\n|t:|1701066852\n|start\n|switch|p1a: Landorus|Landorus-Therian, M|100\/100\n|switch|p2a: Xurk Cousins|Xurkitree|100\/100\n|-ability|p1a: Landorus|Intimidate|boost\n|-unboost|p2a: Xurk Cousins|atk|1\n|turn|1\n|\n|t:|1701066855\n|move|p1a: Landorus|Earthquake|p2a: Xurk Cousins\n|-supereffective|p2a: Xurk Cousins\n|-damage|p2a: Xurk Cousins|0 fnt\n|faint|p2a: Xurk Cousins\n|\n|upkeep\n|\n|t:|1701066861\n|switch|p2a: Hot Pocket|Heatran, M|100\/100\n|turn|2\n|\n|t:|1701066866\n|-terastallize|p2a: Hot Pocket|Grass\n|move|p1a: Landorus|Earthquake|p2a: Hot Pocket\n|-resisted|p2a: Hot Pocket\n|-damage|p2a: Hot Pocket|75\/100\n|move|p2a: Hot Pocket|Magma Storm|p1a: Landorus\n|-damage|p1a: Landorus|41\/100\n|-activate|p1a: Landorus|move: Magma Storm|[of] p2a: Hot Pocket\n|\n|-heal|p2a: Hot Pocket|81\/100|[from] item: Leftovers\n|-damage|p1a: Landorus|29\/100|[from] move: Magma Storm|[partiallytrapped]\n|upkeep\n|turn|3\n|\n|t:|1701066875\n|move|p1a: Landorus|Earthquake|p2a: Hot Pocket\n|-resisted|p2a: Hot Pocket\n|-damage|p2a: Hot Pocket|56\/100\n|move|p2a: Hot Pocket|Stealth Rock|p1a: Landorus\n|-sidestart|p1: SchmoovinAgain|move: Stealth Rock\n|\n|-heal|p2a: Hot Pocket|62\/100|[from] item: Leftovers\n|-damage|p1a: Landorus|17\/100|[from] move: Magma Storm|[partiallytrapped]\n|upkeep\n|turn|4\n|\n|t:|1701066886\n|switch|p2a: Fenty|Alomomola, F, shiny|100\/100\n|move|p1a: Landorus|Earthquake|p2a: Fenty\n|-damage|p2a: Fenty|69\/100\n|\n|-end|p1a: Landorus|Magma Storm|[partiallytrapped]|[silent]\n|upkeep\n|turn|5\n|\n|t:|1701066893\n|switch|p1a: Kartana|Kartana|100\/100\n|-damage|p1a: Kartana|94\/100|[from] Stealth Rock\n|move|p2a: Fenty|Flip Turn|p1a: Kartana\n|-resisted|p1a: Kartana\n|-damage|p1a: Kartana|85\/100\n|\n|t:|1701066908\n|switch|p2a: Hoplite|Lopunny, F|100\/100|[from] Flip Turn\n|\n|upkeep\n|turn|6\n|\n|t:|1701066913\n|detailschange|p2a: Hoplite|Lopunny-Mega, F\n|-mega|p2a: Hoplite|Lopunny|Lopunnite\n|move|p2a: Hoplite|Fake Out|p1a: Kartana\n|-resisted|p1a: Kartana\n|-damage|p1a: Kartana|73\/100\n|cant|p1a: Kartana|flinch\n|\n|upkeep\n|turn|7\n|\n|t:|1701066918\n|switch|p2a: Trouble Clef|Clefable, F, shiny|100\/100\n|move|p1a: Kartana|Sacred Sword|p2a: Trouble Clef\n|-resisted|p2a: Trouble Clef\n|-damage|p2a: Trouble Clef|85\/100\n|-enditem|p2a: Trouble Clef|Red Card|[of] p1a: Kartana\n|drag|p1a: Volcarona|Volcarona, F|100\/100\n|\n|upkeep\n|turn|8\n|\n|t:|1701066924\n|move|p1a: Volcarona|Flamethrower|p2a: Trouble Clef\n|-damage|p2a: Trouble Clef|42\/100\n|move|p2a: Trouble Clef|Calm Mind|p2a: Trouble Clef\n|-boost|p2a: Trouble Clef|spa|1\n|-boost|p2a: Trouble Clef|spd|1\n|\n|upkeep\n|turn|9\n|\n|t:|1701066932\n|move|p1a: Volcarona|Quiver Dance|p1a: Volcarona\n|-boost|p1a: Volcarona|spa|1\n|-boost|p1a: Volcarona|spd|1\n|-boost|p1a: Volcarona|spe|1\n|move|p2a: Trouble Clef|Soft-Boiled|p2a: Trouble Clef\n|-heal|p2a: Trouble Clef|92\/100\n|\n|upkeep\n|turn|10\n|\n|t:|1701066936\n|move|p1a: Volcarona|Quiver Dance|p1a: Volcarona\n|-boost|p1a: Volcarona|spa|1\n|-boost|p1a: Volcarona|spd|1\n|-boost|p1a: Volcarona|spe|1\n|move|p2a: Trouble Clef|Calm Mind|p2a: Trouble Clef\n|-boost|p2a: Trouble Clef|spa|1\n|-boost|p2a: Trouble Clef|spd|1\n|\n|upkeep\n|turn|11\n|\n|t:|1701066940\n|move|p1a: Volcarona|Flamethrower|p2a: Trouble Clef\n|-damage|p2a: Trouble Clef|70\/100\n|move|p2a: Trouble Clef|Calm Mind|p2a: Trouble Clef\n|-boost|p2a: Trouble Clef|spa|1\n|-boost|p2a: Trouble Clef|spd|1\n|\n|upkeep\n|turn|12\n|\n|t:|1701066943\n|move|p1a: Volcarona|Flamethrower|p2a: Trouble Clef\n|-damage|p2a: Trouble Clef|50\/100\n|move|p2a: Trouble Clef|Moonblast|p1a: Volcarona\n|-resisted|p1a: Volcarona\n|-damage|p1a: Volcarona|61\/100\n|-unboost|p1a: Volcarona|spa|1\n|\n|upkeep\n|turn|13\n|\n|t:|1701066945\n|move|p1a: Volcarona|Flamethrower|p2a: Trouble Clef\n|-damage|p2a: Trouble Clef|32\/100\n|move|p2a: Trouble Clef|Soft-Boiled|p2a: Trouble Clef\n|-heal|p2a: Trouble Clef|82\/100\n|\n|upkeep\n|turn|14\n|\n|t:|1701066954\n|switch|p1a: Dondozo|Dondozo, F|100\/100\n|-damage|p1a: Dondozo|88\/100|[from] Stealth Rock\n|move|p2a: Trouble Clef|Moonblast|p1a: Dondozo\n|-damage|p1a: Dondozo|68\/100\n|\n|-heal|p1a: Dondozo|75\/100|[from] item: Leftovers\n|upkeep\n|turn|15\n|\n|t:|1701066962\n|move|p2a: Trouble Clef|Moonblast|p1a: Dondozo\n|-damage|p1a: Dondozo|54\/100\n|-unboost|p1a: Dondozo|spa|1\n|move|p1a: Dondozo|Liquidation|p2a: Trouble Clef\n|-damage|p2a: Trouble Clef|60\/100\n|\n|-heal|p1a: Dondozo|60\/100|[from] item: Leftovers\n|upkeep\n|turn|16\n|\n|t:|1701066969\n|move|p1a: Dondozo|Protect|p1a: Dondozo\n|-singleturn|p1a: Dondozo|Protect\n|move|p2a: Trouble Clef|Moonblast|p1a: Dondozo\n|-activate|p1a: Dondozo|move: Protect\n|\n|-heal|p1a: Dondozo|66\/100|[from] item: Leftovers\n|upkeep\n|turn|17\n|\n|t:|1701066973\n|move|p2a: Trouble Clef|Moonblast|p1a: Dondozo\n|-crit|p1a: Dondozo\n|-damage|p1a: Dondozo|35\/100\n|-unboost|p1a: Dondozo|spa|1\n|move|p1a: Dondozo|Liquidation|p2a: Trouble Clef\n|-damage|p2a: Trouble Clef|40\/100\n|\n|-heal|p1a: Dondozo|42\/100|[from] item: Leftovers\n|upkeep\n|turn|18\n|\n|t:|1701066980\n|move|p2a: Trouble Clef|Soft-Boiled|p2a: Trouble Clef\n|-heal|p2a: Trouble Clef|90\/100\n|move|p1a: Dondozo|Liquidation|p2a: Trouble Clef\n|-damage|p2a: Trouble Clef|66\/100\n|\n|-heal|p1a: Dondozo|48\/100|[from] item: Leftovers\n|upkeep\n|turn|19\n|\n|t:|1701066984\n|move|p1a: Dondozo|Protect|p1a: Dondozo\n|-singleturn|p1a: Dondozo|Protect\n|move|p2a: Trouble Clef|Moonblast|p1a: Dondozo\n|-activate|p1a: Dondozo|move: Protect\n|\n|-heal|p1a: Dondozo|54\/100|[from] item: Leftovers\n|upkeep\n|turn|20\n|\n|t:|1701066987\n|move|p2a: Trouble Clef|Moonblast|p1a: Dondozo\n|-damage|p1a: Dondozo|34\/100\n|move|p1a: Dondozo|Liquidation|p2a: Trouble Clef\n|-damage|p2a: Trouble Clef|43\/100\n|-unboost|p2a: Trouble Clef|def|1\n|\n|-heal|p1a: Dondozo|40\/100|[from] item: Leftovers\n|upkeep\n|turn|21\n|\n|t:|1701066994\n|move|p1a: Dondozo|Liquidation|p2a: Trouble Clef\n|-damage|p2a: Trouble Clef|22\/100\n|move|p2a: Trouble Clef|Counter|p1a: Dondozo\n|-damage|p1a: Dondozo|8\/100\n|\n|-heal|p1a: Dondozo|14\/100|[from] item: Leftovers\n|upkeep\n|turn|22\n|\n|t:|1701066999\n|move|p2a: Trouble Clef|Moonblast|p1a: Dondozo\n|-damage|p1a: Dondozo|0 fnt\n|faint|p1a: Dondozo\n|\n|upkeep\n|\n|t:|1701067005\n|switch|p1a: Landorus|Landorus-Therian, M|17\/100\n|-damage|p1a: Landorus|5\/100|[from] Stealth Rock\n|-ability|p1a: Landorus|Intimidate|boost\n|-unboost|p2a: Trouble Clef|atk|1\n|turn|23\n|\n|t:|1701067011\n|move|p1a: Landorus|Earthquake|p2a: Trouble Clef\n|-damage|p2a: Trouble Clef|0 fnt\n|faint|p2a: Trouble Clef\n|\n|upkeep\n|\n|t:|1701067015\n|switch|p2a: Hoplite|Lopunny-Mega, F|100\/100\n|turn|24\n|\n|t:|1701067017\n|move|p2a: Hoplite|Fake Out|p1a: Landorus\n|-damage|p1a: Landorus|0 fnt\n|faint|p1a: Landorus\n|\n|upkeep\n|\n|t:|1701067018\n|switch|p1a: Tapu Lele|Tapu Lele|100\/100\n|-damage|p1a: Tapu Lele|88\/100|[from] Stealth Rock\n|-fieldstart|move: Psychic Terrain|[from] ability: Psychic Surge|[of] p1a: Tapu Lele\n|turn|25\n|\n|t:|1701067030\n|switch|p2a: Hot Pocket|Heatran, M, tera:Grass|62\/100\n|switch|p1a: Hoopa|Hoopa-Unbound|100\/100\n|-damage|p1a: Hoopa|88\/100|[from] Stealth Rock\n|\n|-heal|p2a: Hot Pocket|68\/100|[from] item: Leftovers\n|upkeep\n|turn|26\n|\n|t:|1701067042\n|switch|p2a: Fenty|Alomomola, F, shiny|100\/100\n|move|p1a: Hoopa|Hyperspace Fury|p2a: Fenty\n|-damage|p2a: Fenty|47\/100\n|-unboost|p1a: Hoopa|def|1\n|\n|upkeep\n|turn|27\n|\n|t:|1701067047\n|move|p1a: Hoopa|Hyperspace Fury|p2a: Fenty\n|-damage|p2a: Fenty|0 fnt\n|-unboost|p1a: Hoopa|def|1\n|faint|p2a: Fenty\n|\n|upkeep\n|\n|t:|1701067067\n|switch|p2a: Hoplite|Lopunny-Mega, F|100\/100\n|turn|28\n|\n|t:|1701067074\n|move|p2a: Hoplite|Return|p1a: Hoopa\n|-damage|p1a: Hoopa|0 fnt\n|faint|p1a: Hoopa\n|\n|upkeep\n|\n|t:|1701067077\n|switch|p1a: Kartana|Kartana|73\/100\n|-damage|p1a: Kartana|67\/100|[from] Stealth Rock\n|turn|29\n|\n|t:|1701067083\n|move|p1a: Kartana|Sacred Sword|p2a: Hoplite\n|-supereffective|p2a: Hoplite\n|-damage|p2a: Hoplite|0 fnt\n|faint|p2a: Hoplite\n|-ability|p1a: Kartana|Beast Boost|boost\n|-boost|p1a: Kartana|atk|1\n|\n|-fieldend|move: Psychic Terrain\n|upkeep\n|\n|t:|1701067087\n|switch|p2a: Hot Pocket|Heatran, M, tera:Grass|68\/100\n|turn|30\n|\n|t:|1701067090\n|move|p1a: Kartana|Sacred Sword|p2a: Hot Pocket\n|-damage|p2a: Hot Pocket|12\/100\n|move|p2a: Hot Pocket|Magma Storm|p1a: Kartana\n|-supereffective|p1a: Kartana\n|-damage|p1a: Kartana|0 fnt\n|faint|p1a: Kartana\n|\n|-heal|p2a: Hot Pocket|18\/100|[from] item: Leftovers\n|upkeep\n|\n|t:|1701067097\n|switch|p1a: Volcarona|Volcarona, F|61\/100\n|turn|31\n|\n|t:|1701067102\n|move|p1a: Volcarona|Flamethrower|p2a: Hot Pocket\n|-start|p2a: Hot Pocket|ability: Flash Fire\n|move|p2a: Hot Pocket|Magma Storm|p1a: Volcarona|[miss]\n|-miss|p2a: Hot Pocket|p1a: Volcarona\n|\n|-heal|p2a: Hot Pocket|24\/100|[from] item: Leftovers\n|upkeep\n|turn|32\n|\n|t:|1701067107\n|move|p1a: Volcarona|Psychic|p2a: Hot Pocket\n|-damage|p2a: Hot Pocket|5\/100\n|move|p2a: Hot Pocket|Magma Storm|p1a: Volcarona\n|-damage|p1a: Volcarona|0 fnt\n|faint|p1a: Volcarona\n|\n|-heal|p2a: Hot Pocket|11\/100|[from] item: Leftovers\n|upkeep\n|\n|t:|1701067111\n|switch|p1a: Tapu Lele|Tapu Lele|88\/100\n|-damage|p1a: Tapu Lele|76\/100|[from] Stealth Rock\n|-fieldstart|move: Psychic Terrain|[from] ability: Psychic Surge|[of] p1a: Tapu Lele\n|turn|33\n|\n|t:|1701067115\n|move|p1a: Tapu Lele|Psyshock|p2a: Hot Pocket\n|-damage|p2a: Hot Pocket|0 fnt\n|faint|p2a: Hot Pocket\n|\n|upkeep\n|\n|t:|1701067117\n|switch|p2a: Can Opener|Excadrill, M|100\/100\n|-ability|p2a: Can Opener|Mold Breaker\n|turn|34\n|\n|t:|1701067120\n|-zpower|p1a: Tapu Lele\n|move|p1a: Tapu Lele|Shattered Psyche|p2a: Can Opener|[zeffect]\n|-resisted|p2a: Can Opener\n|-damage|p2a: Can Opener|26\/100\n|-zpower|p2a: Can Opener\n|move|p2a: Can Opener|Corkscrew Crash|p1a: Tapu Lele|[zeffect]\n|-supereffective|p1a: Tapu Lele\n|-damage|p1a: Tapu Lele|0 fnt\n|faint|p1a: Tapu Lele\n|\n|win|Ladattomatic\n|raw|SchmoovinAgain's rating: 1482 &rarr; <strong>1455<\/strong><br \/>(-27 for losing)\n|raw|Ladattomatic's rating: 1350 &rarr; <strong>1377<\/strong><br \/>(+27 for winning)\n|l|\u2606SchmoovinAgain\n|c|\u2606Ladattomatic|gg\n","uploadtime":1701067145,"views":17,"p1id":"schmoovinagain","p2id":"ladattomatic","formatid":"gen9nationaldex","rating":1377,"private":0,"password":""}