{"id":"gen9nationaldex-1989565053","p1":"kerryistina","p2":"gfdhfdgdfhdfgh","format":"[Gen 9] National Dex","log":"|j|\u2606kerryistina\n|j|\u2606gfdhfdgdfhdfgh\n|t:|1699872114\n|gametype|singles\n|player|p1|kerryistina|rosa|1177\n|player|p2|gfdhfdgdfhdfgh|1|1116\n|teamsize|p1|6\n|teamsize|p2|6\n|gen|9\n|tier|[Gen 9] National Dex\n|rated|\n|rule|HP Percentage Mod: HP is shown in percentages\n|rule|Endless Battle Clause: Forcing endless battles is banned\n|rule|OHKO Clause: OHKO moves are banned\n|rule|Evasion Clause: Evasion abilities, items, and moves are banned\n|rule|Evasion Abilities Clause: Evasion abilities are banned\n|rule|Evasion Items Clause: Evasion items are banned\n|rule|Evasion Moves Clause: Evasion moves are banned\n|rule|Species Clause: Limit one of each Pok\u00e9mon\n|rule|Sleep Clause Mod: Limit one foe put to sleep\n|clearpoke\n|poke|p1|Alomomola, M|\n|poke|p1|Heatran, F|\n|poke|p1|Landorus-Therian, M|\n|poke|p1|Tapu Koko|\n|poke|p1|Scizor, F|\n|poke|p1|Great Tusk|\n|poke|p2|Tyranitar, F|\n|poke|p2|Grimmsnarl, M|\n|poke|p2|Moltres-Galar|\n|poke|p2|Greninja-*, M|\n|poke|p2|Meowscarada, F|\n|poke|p2|Weavile, F|\n|teampreview\n|inactive|Battle timer is ON: inactive players will automatically lose when time's up. (requested by gfdhfdgdfhdfgh)\n|\n|t:|1699872120\n|start\n|switch|p1a: Tapu Koko|Tapu Koko|100\/100\n|switch|p2a: Grimmsnarl|Grimmsnarl, M|100\/100\n|-fieldstart|move: Electric Terrain|[from] ability: Electric Surge|[of] p1a: Tapu Koko\n|turn|1\n|\n|t:|1699872128\n|move|p2a: Grimmsnarl|Parting Shot|p1a: Tapu Koko\n|-unboost|p1a: Tapu Koko|atk|1\n|-unboost|p1a: Tapu Koko|spa|1\n|\n|t:|1699872133\n|switch|p2a: Meowscarada|Meowscarada, F|100\/100|[from] Parting Shot\n|move|p1a: Tapu Koko|U-turn|p2a: Meowscarada\n|-supereffective|p2a: Meowscarada\n|-damage|p2a: Meowscarada|21\/100\n|\n|t:|1699872145\n|switch|p1a: Scizor|Scizor, F|100\/100|[from] U-turn\n|\n|upkeep\n|turn|2\n|\n|t:|1699872161\n|detailschange|p1a: Scizor|Scizor-Mega, F\n|-mega|p1a: Scizor|Scizor|Scizorite\n|move|p2a: Meowscarada|U-turn|p1a: Scizor\n|-start|p2a: Meowscarada|typechange|Bug|[from] ability: Protean\n|-resisted|p1a: Scizor\n|-damage|p1a: Scizor|85\/100\n|\n|t:|1699872169\n|switch|p2a: Moltres|Moltres-Galar|100\/100|[from] U-turn\n|move|p1a: Scizor|Swords Dance|p1a: Scizor\n|-boost|p1a: Scizor|atk|2\n|\n|upkeep\n|turn|3\n|\n|t:|1699872185\n|-terastallize|p2a: Moltres|Steel\n|move|p1a: Scizor|Bullet Punch|p2a: Moltres\n|-resisted|p2a: Moltres\n|-damage|p2a: Moltres|69\/100\n|move|p2a: Moltres|Agility|p2a: Moltres\n|-boost|p2a: Moltres|spe|2\n|\n|upkeep\n|turn|4\n|\n|t:|1699872199\n|switch|p1a: Heatran|Heatran, F|100\/100\n|move|p2a: Moltres|Air Slash|p1a: Heatran\n|-resisted|p1a: Heatran\n|-damage|p1a: Heatran|90\/100\n|\n|-heal|p1a: Heatran|97\/100|[from] item: Leftovers\n|upkeep\n|turn|5\n|\n|t:|1699872212\n|switch|p2a: Greninja|Greninja, M|100\/100\n|move|p1a: Heatran|Magma Storm|p2a: Greninja\n|-resisted|p2a: Greninja\n|-damage|p2a: Greninja|69\/100\n|-activate|p2a: Greninja|move: Magma Storm|[of] p1a: Heatran\n|\n|-heal|p1a: Heatran|100\/100|[from] item: Leftovers\n|-damage|p2a: Greninja|57\/100|[from] move: Magma Storm|[partiallytrapped]\n|-fieldend|move: Electric Terrain\n|upkeep\n|turn|6\n|\n|t:|1699872233\n|switch|p1a: Tapu Koko|Tapu Koko|100\/100\n|-fieldstart|move: Electric Terrain|[from] ability: Electric Surge|[of] p1a: Tapu Koko\n|move|p2a: Greninja|Hydro Pump|p1a: Tapu Koko|[miss]\n|-miss|p2a: Greninja|p1a: Tapu Koko\n|\n|-end|p2a: Greninja|Magma Storm|[partiallytrapped]|[silent]\n|upkeep\n|turn|7\n|\n|t:|1699872246\n|switch|p2a: Tyranitar|Tyranitar, F|100\/100\n|-weather|Sandstorm|[from] ability: Sand Stream|[of] p2a: Tyranitar\n|move|p1a: Tapu Koko|Light Screen|p1a: Tapu Koko\n|-sidestart|p1: kerryistina|move: Light Screen\n|\n|-weather|Sandstorm|[upkeep]\n|-damage|p1a: Tapu Koko|94\/100|[from] Sandstorm\n|upkeep\n|turn|8\n|\n|t:|1699872254\n|detailschange|p2a: Tyranitar|Tyranitar-Mega, F\n|-mega|p2a: Tyranitar|Tyranitar|Tyranitarite\n|move|p1a: Tapu Koko|U-turn|p2a: Tyranitar\n|-supereffective|p2a: Tyranitar\n|-damage|p2a: Tyranitar|72\/100\n|\n|t:|1699872259\n|switch|p1a: Landorus|Landorus-Therian, M|100\/100|[from] U-turn\n|-ability|p1a: Landorus|Intimidate|boost\n|-unboost|p2a: Tyranitar|atk|1\n|move|p2a: Tyranitar|Dragon Dance|p2a: Tyranitar\n|-boost|p2a: Tyranitar|atk|1\n|-boost|p2a: Tyranitar|spe|1\n|\n|-weather|Sandstorm|[upkeep]\n|upkeep\n|turn|9\n|\n|t:|1699872280\n|switch|p2a: Grimmsnarl|Grimmsnarl, M|100\/100\n|-zpower|p1a: Landorus\n|move|p1a: Landorus|Continental Crush|p2a: Grimmsnarl|[zeffect]\n|-damage|p2a: Grimmsnarl|33\/100\n|\n|-weather|Sandstorm|[upkeep]\n|-damage|p2a: Grimmsnarl|27\/100|[from] Sandstorm\n|upkeep\n|turn|10\n|\n|t:|1699872294\n|move|p2a: Grimmsnarl|Reflect|p2a: Grimmsnarl\n|-sidestart|p2: gfdhfdgdfhdfgh|Reflect\n|move|p1a: Landorus|Swords Dance|p1a: Landorus\n|-boost|p1a: Landorus|atk|2\n|\n|-weather|Sandstorm|[upkeep]\n|-damage|p2a: Grimmsnarl|21\/100|[from] Sandstorm\n|-fieldend|move: Electric Terrain\n|upkeep\n|turn|11\n|\n|t:|1699872301\n|move|p2a: Grimmsnarl|Parting Shot|p1a: Landorus\n|-unboost|p1a: Landorus|atk|1\n|-unboost|p1a: Landorus|spa|1\n|\n|t:|1699872310\n|switch|p2a: Weavile|Weavile, F|100\/100|[from] Parting Shot\n|-ability|p2a: Weavile|Pressure\n|move|p1a: Landorus|Earthquake|p2a: Weavile\n|-damage|p2a: Weavile|27\/100\n|\n|-weather|none\n|upkeep\n|turn|12\n|\n|t:|1699872321\n|switch|p1a: Alomomola|Alomomola, M|100\/100\n|move|p2a: Weavile|Fake Out|p1a: Alomomola\n|-damage|p1a: Alomomola|92\/100\n|\n|upkeep\n|turn|13\n|\n|t:|1699872329\n|move|p2a: Weavile|Swords Dance|p2a: Weavile\n|-boost|p2a: Weavile|atk|2\n|move|p1a: Alomomola|Toxic|p2a: Weavile\n|-status|p2a: Weavile|tox\n|\n|-damage|p2a: Weavile|21\/100 tox|[from] psn\n|upkeep\n|turn|14\n|\n|t:|1699872337\n|move|p2a: Weavile|Night Slash|p1a: Alomomola\n|-crit|p1a: Alomomola\n|-damage|p1a: Alomomola|33\/100\n|move|p1a: Alomomola|Flip Turn|p2a: Weavile\n|-damage|p2a: Weavile|7\/100 tox\n|\n|t:|1699872343\n|switch|p1a: Landorus|Landorus-Therian, M|100\/100|[from] Flip Turn\n|-ability|p1a: Landorus|Intimidate|boost\n|-unboost|p2a: Weavile|atk|1\n|\n|-damage|p2a: Weavile|0 fnt|[from] psn\n|faint|p2a: Weavile\n|-sideend|p1: kerryistina|move: Light Screen\n|upkeep\n|\n|t:|1699872354\n|switch|p2a: Greninja|Greninja, M|57\/100\n|turn|15\n|\n|t:|1699872361\n|switch|p1a: Tapu Koko|Tapu Koko|94\/100\n|-fieldstart|move: Electric Terrain|[from] ability: Electric Surge|[of] p1a: Tapu Koko\n|move|p2a: Greninja|Hydro Pump|p1a: Tapu Koko\n|-damage|p1a: Tapu Koko|9\/100\n|\n|upkeep\n|turn|16\n|\n|t:|1699872370\n|move|p1a: Tapu Koko|U-turn|p2a: Greninja\n|-supereffective|p2a: Greninja\n|-damage|p2a: Greninja|28\/100\n|\n|t:|1699872373\n|switch|p1a: Alomomola|Alomomola, M|67\/100|[from] U-turn\n|move|p2a: Greninja|Hydro Pump|p1a: Alomomola\n|-resisted|p1a: Alomomola\n|-damage|p1a: Alomomola|35\/100\n|\n|upkeep\n|turn|17\n|\n|t:|1699872383\n|move|p2a: Greninja|Hydro Pump|p1a: Alomomola\n|-resisted|p1a: Alomomola\n|-damage|p1a: Alomomola|3\/100\n|move|p1a: Alomomola|Wish|p1a: Alomomola\n|\n|-sideend|p2: gfdhfdgdfhdfgh|Reflect\n|upkeep\n|turn|18\n|\n|t:|1699872389\n|move|p1a: Alomomola|Protect|p1a: Alomomola\n|-singleturn|p1a: Alomomola|Protect\n|move|p2a: Greninja|Hydro Pump|p1a: Alomomola\n|-activate|p1a: Alomomola|move: Protect\n|\n|-heal|p1a: Alomomola|53\/100|[from] move: Wish|[wisher] Alomomola\n|upkeep\n|turn|19\n|\n|t:|1699872398\n|switch|p2a: Grimmsnarl|Grimmsnarl, M|21\/100\n|move|p1a: Alomomola|Toxic|p2a: Grimmsnarl|[miss]\n|-miss|p1a: Alomomola|p2a: Grimmsnarl\n|\n|-fieldend|move: Electric Terrain\n|upkeep\n|turn|20\n|\n|t:|1699872404\n|move|p2a: Grimmsnarl|Light Screen|p2a: Grimmsnarl\n|-sidestart|p2: gfdhfdgdfhdfgh|move: Light Screen\n|move|p1a: Alomomola|Wish|p1a: Alomomola\n|\n|upkeep\n|turn|21\n|\n|t:|1699872408\n|move|p2a: Grimmsnarl|Reflect|p2a: Grimmsnarl\n|-sidestart|p2: gfdhfdgdfhdfgh|Reflect\n|move|p1a: Alomomola|Flip Turn|p2a: Grimmsnarl\n|-damage|p2a: Grimmsnarl|13\/100\n|\n|t:|1699872416\n|switch|p1a: Tapu Koko|Tapu Koko|9\/100|[from] Flip Turn\n|-fieldstart|move: Electric Terrain|[from] ability: Electric Surge|[of] p1a: Tapu Koko\n|\n|-heal|p1a: Tapu Koko|77\/100|[from] move: Wish|[wisher] Alomomola\n|upkeep\n|turn|22\n|\n|t:|1699872424\n|move|p2a: Grimmsnarl|Parting Shot|p1a: Tapu Koko\n|-unboost|p1a: Tapu Koko|atk|1\n|-unboost|p1a: Tapu Koko|spa|1\n|\n|t:|1699872435\n|switch|p2a: Moltres|Moltres-Galar, tera:Steel|69\/100|[from] Parting Shot\n|move|p1a: Tapu Koko|U-turn|p2a: Moltres\n|-resisted|p2a: Moltres\n|-damage|p2a: Moltres|66\/100\n|\n|t:|1699872452\n|switch|p1a: Great Tusk|Great Tusk|100\/100|[from] U-turn\n|\n|upkeep\n|turn|23\n|\n|t:|1699872458\n|-terastallize|p1a: Great Tusk|Water\n|move|p2a: Moltres|Agility|p2a: Moltres\n|-boost|p2a: Moltres|spe|2\n|move|p1a: Great Tusk|Earthquake|p2a: Moltres\n|-supereffective|p2a: Moltres\n|-damage|p2a: Moltres|17\/100\n|-ability|p2a: Moltres|Berserk|boost\n|-boost|p2a: Moltres|spa|1\n|-enditem|p2a: Moltres|Sitrus Berry|[eat]\n|-heal|p2a: Moltres|42\/100|[from] item: Sitrus Berry\n|\n|upkeep\n|turn|24\n|\n|t:|1699872469\n|move|p2a: Moltres|Fiery Wrath|p1a: Great Tusk\n|-damage|p1a: Great Tusk|21\/100\n|move|p1a: Great Tusk|Earthquake|p2a: Moltres\n|-supereffective|p2a: Moltres\n|-damage|p2a: Moltres|0 fnt\n|faint|p2a: Moltres\n|\n|-heal|p1a: Great Tusk|27\/100|[from] item: Leftovers\n|upkeep\n|\n|t:|1699872480\n|switch|p2a: Meowscarada|Meowscarada, F|21\/100\n|turn|25\n|\n|t:|1699872498\n|-end|p1a: Great Tusk|Protosynthesis|[silent]\n|switch|p1a: Heatran|Heatran, F|100\/100\n|move|p2a: Meowscarada|Flower Trick|p1a: Heatran\n|-start|p2a: Meowscarada|typechange|Grass|[from] ability: Protean\n|-resisted|p1a: Heatran\n|-crit|p1a: Heatran\n|-damage|p1a: Heatran|86\/100\n|\n|-heal|p1a: Heatran|92\/100|[from] item: Leftovers\n|-fieldend|move: Electric Terrain\n|upkeep\n|turn|26\n|\n|t:|1699872512\n|move|p2a: Meowscarada|Flower Trick|p1a: Heatran\n|-resisted|p1a: Heatran\n|-crit|p1a: Heatran\n|-damage|p1a: Heatran|76\/100\n|move|p1a: Heatran|Stealth Rock|p2a: Meowscarada\n|-sidestart|p2: gfdhfdgdfhdfgh|move: Stealth Rock\n|\n|-heal|p1a: Heatran|82\/100|[from] item: Leftovers\n|upkeep\n|turn|27\n|\n|t:|1699872520\n|move|p2a: Meowscarada|Flower Trick|p1a: Heatran\n|-resisted|p1a: Heatran\n|-crit|p1a: Heatran\n|-damage|p1a: Heatran|68\/100\n|move|p1a: Heatran|Magma Storm|p2a: Meowscarada|[miss]\n|-miss|p1a: Heatran|p2a: Meowscarada\n|\n|-heal|p1a: Heatran|74\/100|[from] item: Leftovers\n|-sideend|p2: gfdhfdgdfhdfgh|move: Light Screen\n|upkeep\n|turn|28\n|\n|t:|1699872529\n|move|p2a: Meowscarada|Flower Trick|p1a: Heatran\n|-resisted|p1a: Heatran\n|-crit|p1a: Heatran\n|-damage|p1a: Heatran|58\/100\n|move|p1a: Heatran|Magma Storm|p2a: Meowscarada\n|-supereffective|p2a: Meowscarada\n|-damage|p2a: Meowscarada|0 fnt\n|faint|p2a: Meowscarada\n|\n|-heal|p1a: Heatran|64\/100|[from] item: Leftovers\n|-sideend|p2: gfdhfdgdfhdfgh|Reflect\n|upkeep\n|\n|t:|1699872539\n|switch|p2a: Grimmsnarl|Grimmsnarl, M|13\/100\n|-damage|p2a: Grimmsnarl|1\/100|[from] Stealth Rock\n|turn|29\n|\n|t:|1699872549\n|move|p2a: Grimmsnarl|Reflect|p2a: Grimmsnarl\n|-sidestart|p2: gfdhfdgdfhdfgh|Reflect\n|move|p1a: Heatran|Earth Power|p2a: Grimmsnarl\n|-damage|p2a: Grimmsnarl|0 fnt\n|faint|p2a: Grimmsnarl\n|\n|-heal|p1a: Heatran|71\/100|[from] item: Leftovers\n|upkeep\n|\n|t:|1699872556\n|switch|p2a: Tyranitar|Tyranitar-Mega, F|72\/100\n|-damage|p2a: Tyranitar|60\/100|[from] Stealth Rock\n|-weather|Sandstorm|[from] ability: Sand Stream|[of] p2a: Tyranitar\n|turn|30\n|\n|t:|1699872562\n|switch|p1a: Landorus|Landorus-Therian, M|100\/100\n|-ability|p1a: Landorus|Intimidate|boost\n|-unboost|p2a: Tyranitar|atk|1\n|move|p2a: Tyranitar|Dragon Dance|p2a: Tyranitar\n|-boost|p2a: Tyranitar|atk|1\n|-boost|p2a: Tyranitar|spe|1\n|\n|-weather|Sandstorm|[upkeep]\n|upkeep\n|turn|31\n|\n|t:|1699872576\n|move|p2a: Tyranitar|Dragon Dance|p2a: Tyranitar\n|-boost|p2a: Tyranitar|atk|1\n|-boost|p2a: Tyranitar|spe|1\n|move|p1a: Landorus|Swords Dance|p1a: Landorus\n|-boost|p1a: Landorus|atk|2\n|\n|-weather|Sandstorm|[upkeep]\n|upkeep\n|turn|32\n|\n|t:|1699872583\n|move|p2a: Tyranitar|Ice Punch|p1a: Landorus\n|-supereffective|p1a: Landorus\n|-damage|p1a: Landorus|0 fnt\n|faint|p1a: Landorus\n|\n|-weather|Sandstorm|[upkeep]\n|upkeep\n|\n|t:|1699872593\n|switch|p1a: Alomomola|Alomomola, M|86\/100\n|turn|33\n|\n|t:|1699872599\n|move|p2a: Tyranitar|Dragon Dance|p2a: Tyranitar\n|-boost|p2a: Tyranitar|atk|1\n|-boost|p2a: Tyranitar|spe|1\n|move|p1a: Alomomola|Wish|p1a: Alomomola\n|\n|-weather|Sandstorm|[upkeep]\n|-damage|p1a: Alomomola|80\/100|[from] Sandstorm\n|upkeep\n|turn|34\n|\n|t:|1699872606\n|move|p2a: Tyranitar|Dragon Dance|p2a: Tyranitar\n|-boost|p2a: Tyranitar|atk|1\n|-boost|p2a: Tyranitar|spe|1\n|move|p1a: Alomomola|Toxic|p2a: Tyranitar\n|-status|p2a: Tyranitar|tox\n|\n|-weather|none\n|-heal|p1a: Alomomola|100\/100|[from] move: Wish|[wisher] Alomomola\n|-damage|p2a: Tyranitar|54\/100 tox|[from] psn\n|upkeep\n|turn|35\n|\n|t:|1699872615\n|move|p1a: Alomomola|Protect|p1a: Alomomola\n|-singleturn|p1a: Alomomola|Protect\n|move|p2a: Tyranitar|Stone Edge|p1a: Alomomola\n|-activate|p1a: Alomomola|move: Protect\n|\n|-damage|p2a: Tyranitar|42\/100 tox|[from] psn\n|upkeep\n|turn|36\n|\n|t:|1699872623\n|move|p2a: Tyranitar|Earthquake|p1a: Alomomola\n|-damage|p1a: Alomomola|37\/100\n|move|p1a: Alomomola|Wish|p1a: Alomomola\n|\n|-damage|p2a: Tyranitar|23\/100 tox|[from] psn\n|-sideend|p2: gfdhfdgdfhdfgh|Reflect\n|upkeep\n|turn|37\n|-message|gfdhfdgdfhdfgh forfeited.\n|\n|win|kerryistina\n|raw|kerryistina's rating: 1177 &rarr; <strong>1198<\/strong><br \/>(+21 for winning)\n|raw|gfdhfdgdfhdfgh's rating: 1116 &rarr; <strong>1095<\/strong><br \/>(-21 for losing)\n|l|\u2606gfdhfdgdfhdfgh\n","uploadtime":1699872634,"views":31,"p1id":"kerryistina","p2id":"gfdhfdgdfhdfgh","formatid":"gen9nationaldex","rating":1095,"private":0,"password":""}