{"id":"gen9nationaldex-1997842037","p1":"SrPorquet","p2":"Vampere151","format":"[Gen 9] National Dex","log":"|html|<div class=\"broadcast-blue\"><strong>[Gen 9] National Dex is currently suspecting Sneasler! For information on how to participate check out the <a href=\"https:\/\/www.smogon.com\/forums\/threads\/sv-national-dex-suspect-8-just-dance.3731534\/\">suspect thread<\/a>.<\/strong><\/div>\n|j|\u203dSrPorquet\n|j|\u2606Vampere151\n|t:|1700858632\n|gametype|singles\n|player|p1|SrPorquet|falkner|1344\n|player|p2|Vampere151|jogger|1417\n|teamsize|p1|6\n|teamsize|p2|6\n|gen|9\n|tier|[Gen 9] National Dex\n|rated|\n|rule|HP Percentage Mod: HP is shown in percentages\n|rule|Endless Battle Clause: Forcing endless battles is banned\n|rule|OHKO Clause: OHKO moves are banned\n|rule|Evasion Clause: Evasion abilities, items, and moves are banned\n|rule|Evasion Abilities Clause: Evasion abilities are banned\n|rule|Evasion Items Clause: Evasion items are banned\n|rule|Evasion Moves Clause: Evasion moves are banned\n|rule|Species Clause: Limit one of each Pok\u00e9mon\n|rule|Sleep Clause Mod: Limit one foe put to sleep\n|clearpoke\n|poke|p1|Pidgeot, M|\n|poke|p1|Magmortar, M|\n|poke|p1|Raichu, F|\n|poke|p1|Clefable, M|\n|poke|p1|Vileplume, M|\n|poke|p1|Politoed, M|\n|poke|p2|Gliscor, F|\n|poke|p2|Great Tusk|\n|poke|p2|Blacephalon|\n|poke|p2|Weavile, M|\n|poke|p2|Rotom-Wash|\n|poke|p2|Garganacl, F|\n|teampreview\n|inactive|Battle timer is ON: inactive players will automatically lose when time's up. (requested by Vampere151)\n|\n|t:|1700858649\n|start\n|switch|p1a: Politoed|Politoed, M|100\/100\n|switch|p2a: Gliscor|Gliscor, F|100\/100\n|turn|1\n|\n|t:|1700858654\n|move|p2a: Gliscor|Spikes|p1a: Politoed\n|-sidestart|p1: SrPorquet|Spikes\n|move|p1a: Politoed|Ice Beam|p2a: Gliscor\n|-supereffective|p2a: Gliscor\n|-damage|p2a: Gliscor|19\/100\n|-status|p2a: Gliscor|frz\n|\n|upkeep\n|turn|2\n|\n|t:|1700858665\n|cant|p2a: Gliscor|frz\n|move|p1a: Politoed|Surf|p2a: Gliscor\n|-supereffective|p2a: Gliscor\n|-damage|p2a: Gliscor|0 fnt\n|faint|p2a: Gliscor\n|\n|upkeep\n|\n|t:|1700858670\n|switch|p2a: Rotom|Rotom-Wash|100\/100\n|turn|3\n|\n|t:|1700858691\n|switch|p1a: Vileplume|Vileplume, M|100\/100\n|-damage|p1a: Vileplume|88\/100|[from] Spikes\n|move|p2a: Rotom|Volt Switch|p1a: Vileplume\n|-resisted|p1a: Vileplume\n|-damage|p1a: Vileplume|75\/100\n|\n|t:|1700858695\n|switch|p2a: Weavile|Weavile, M|100\/100|[from] Volt Switch\n|-ability|p2a: Weavile|Pressure\n|\n|-heal|p1a: Vileplume|81\/100|[from] item: Leftovers\n|upkeep\n|turn|4\n|\n|t:|1700858710\n|switch|p1a: Clefable|Clefable, M|100\/100\n|move|p2a: Weavile|Triple Axel|p1a: Clefable\n|-damage|p1a: Clefable|88\/100\n|-damage|p1a: Clefable|59\/100\n|-damage|p1a: Clefable|19\/100\n|-hitcount|p1a: Clefable|3\n|\n|upkeep\n|turn|5\n|\n|t:|1700858716\n|move|p2a: Weavile|Triple Axel|p1a: Clefable\n|-damage|p1a: Clefable|6\/100\n|-damage|p1a: Clefable|0 fnt\n|faint|p1a: Clefable\n|-hitcount|p1: Clefable|2\n|\n|upkeep\n|\n|t:|1700858722\n|switch|p1a: Magmortar|Magmortar, M|100\/100\n|-damage|p1a: Magmortar|88\/100|[from] Spikes\n|turn|6\n|\n|t:|1700858727\n|switch|p2a: Great Tusk|Great Tusk|100\/100\n|move|p1a: Magmortar|Flamethrower|p2a: Great Tusk\n|-damage|p2a: Great Tusk|40\/100\n|\n|-heal|p2a: Great Tusk|47\/100|[from] item: Leftovers\n|upkeep\n|turn|7\n|\n|t:|1700858739\n|-terastallize|p1a: Magmortar|Flying\n|move|p1a: Magmortar|Psychic|p2a: Great Tusk\n|-supereffective|p2a: Great Tusk\n|-damage|p2a: Great Tusk|0 fnt\n|faint|p2a: Great Tusk\n|-end|p2a: Great Tusk|Protosynthesis|[silent]\n|\n|upkeep\n|\n|t:|1700858754\n|switch|p2a: Weavile|Weavile, M|100\/100\n|-ability|p2a: Weavile|Pressure\n|turn|8\n|\n|t:|1700858757\n|move|p2a: Weavile|Triple Axel|p1a: Magmortar|[miss]\n|-miss|p2a: Weavile|p1a: Magmortar\n|move|p1a: Magmortar|Flamethrower|p2a: Weavile\n|-supereffective|p2a: Weavile\n|-damage|p2a: Weavile|0 fnt\n|faint|p2a: Weavile\n|\n|upkeep\n|\n|t:|1700858763\n|switch|p2a: Rotom|Rotom-Wash|100\/100\n|turn|9\n|\n|t:|1700858769\n|move|p1a: Magmortar|Thunderbolt|p2a: Rotom\n|-damage|p2a: Rotom|68\/100\n|move|p2a: Rotom|Volt Switch|p1a: Magmortar\n|-supereffective|p1a: Magmortar\n|-damage|p1a: Magmortar|28\/100\n|\n|t:|1700858773\n|switch|p2a: Blacephalon|Blacephalon|100\/100|[from] Volt Switch\n|\n|upkeep\n|turn|10\n|\n|t:|1700858777\n|move|p2a: Blacephalon|Shadow Ball|p1a: Magmortar\n|-damage|p1a: Magmortar|0 fnt\n|faint|p1a: Magmortar\n|-ability|p2a: Blacephalon|Beast Boost|boost\n|-boost|p2a: Blacephalon|spa|1\n|\n|upkeep\n|\n|t:|1700858784\n|switch|p1a: Pidgeot|Pidgeot, M|100\/100\n|turn|11\n|\n|t:|1700858792\n|switch|p2a: Garganacl|Garganacl, F|100\/100\n|detailschange|p1a: Pidgeot|Pidgeot-Mega, M\n|-mega|p1a: Pidgeot|Pidgeot|Pidgeotite\n|move|p1a: Pidgeot|Hurricane|p2a: Garganacl\n|-resisted|p2a: Garganacl\n|-crit|p2a: Garganacl\n|-damage|p2a: Garganacl|71\/100\n|\n|-heal|p2a: Garganacl|77\/100|[from] item: Leftovers\n|upkeep\n|turn|12\n|\n|t:|1700858802\n|switch|p1a: Vileplume|Vileplume, M|81\/100\n|-damage|p1a: Vileplume|68\/100|[from] Spikes\n|move|p2a: Garganacl|Salt Cure|p1a: Vileplume\n|-damage|p1a: Vileplume|54\/100\n|-start|p1a: Vileplume|Salt Cure\n|\n|-heal|p1a: Vileplume|61\/100|[from] item: Leftovers\n|-heal|p2a: Garganacl|83\/100|[from] item: Leftovers\n|-damage|p1a: Vileplume|48\/100|[from] Salt Cure\n|upkeep\n|turn|13\n|\n|t:|1700858810\n|move|p1a: Vileplume|Strength Sap|p2a: Garganacl\n|-unboost|p2a: Garganacl|atk|1\n|-heal|p1a: Vileplume|100\/100\n|move|p2a: Garganacl|Curse|p2a: Garganacl\n|-unboost|p2a: Garganacl|spe|1\n|-boost|p2a: Garganacl|atk|1\n|-boost|p2a: Garganacl|def|1\n|\n|-heal|p2a: Garganacl|90\/100|[from] item: Leftovers\n|-damage|p1a: Vileplume|88\/100|[from] Salt Cure\n|upkeep\n|turn|14\n|\n|t:|1700858821\n|switch|p2a: Blacephalon|Blacephalon|100\/100\n|move|p1a: Vileplume|Giga Drain|p2a: Blacephalon\n|-resisted|p2a: Blacephalon\n|-damage|p2a: Blacephalon|71\/100\n|-heal|p1a: Vileplume|99\/100|[from] drain|[of] p2a: Blacephalon\n|\n|-heal|p1a: Vileplume|100\/100|[from] item: Leftovers\n|-damage|p1a: Vileplume|88\/100|[from] Salt Cure\n|upkeep\n|turn|15\n|inactive|Vampere151 has 120 seconds left.\n|\n|t:|1700858873\n|switch|p1a: Politoed|Politoed, M|100\/100\n|-damage|p1a: Politoed|88\/100|[from] Spikes\n|move|p2a: Blacephalon|Fire Blast|p1a: Politoed\n|-resisted|p1a: Politoed\n|-damage|p1a: Politoed|56\/100\n|\n|-heal|p1a: Politoed|62\/100|[from] item: Leftovers\n|upkeep\n|turn|16\n|\n|t:|1700858880\n|switch|p2a: Rotom|Rotom-Wash|68\/100\n|move|p1a: Politoed|Psychic|p2a: Rotom\n|-damage|p2a: Rotom|42\/100\n|\n|-heal|p2a: Rotom|48\/100|[from] item: Leftovers\n|-heal|p1a: Politoed|68\/100|[from] item: Leftovers\n|upkeep\n|turn|17\n|\n|t:|1700858895\n|switch|p1a: Raichu|Raichu, F|100\/100\n|-damage|p1a: Raichu|88\/100|[from] Spikes\n|move|p2a: Rotom|Volt Switch|p1a: Raichu\n|-ability|p1a: Raichu|Lightning Rod|boost\n|-boost|p1a: Raichu|spa|1\n|\n|-heal|p2a: Rotom|54\/100|[from] item: Leftovers\n|upkeep\n|turn|18\n|\n|t:|1700858898\n|move|p1a: Raichu|Volt Tackle|p2a: Rotom\n|-damage|p2a: Rotom|10\/100\n|-damage|p1a: Raichu|71\/100|[from] Recoil\n|-damage|p1a: Raichu|61\/100|[from] item: Life Orb\n|move|p2a: Rotom|Hydro Pump|p1a: Raichu\n|-damage|p1a: Raichu|0 fnt\n|faint|p1a: Raichu\n|\n|-heal|p2a: Rotom|16\/100|[from] item: Leftovers\n|upkeep\n|\n|t:|1700858902\n|switch|p1a: Pidgeot|Pidgeot-Mega, M|100\/100\n|turn|19\n|\n|t:|1700858913\n|move|p1a: Pidgeot|Ominous Wind|p2a: Rotom\n|-damage|p2a: Rotom|0 fnt\n|faint|p2a: Rotom\n|\n|upkeep\n|\n|t:|1700858919\n|switch|p2a: Garganacl|Garganacl, F|90\/100\n|turn|20\n|\n|t:|1700858926\n|switch|p1a: Vileplume|Vileplume, M|88\/100\n|-damage|p1a: Vileplume|75\/100|[from] Spikes\n|move|p2a: Garganacl|Salt Cure|p1a: Vileplume\n|-crit|p1a: Vileplume\n|-damage|p1a: Vileplume|53\/100\n|-start|p1a: Vileplume|Salt Cure\n|\n|-heal|p1a: Vileplume|59\/100|[from] item: Leftovers\n|-heal|p2a: Garganacl|96\/100|[from] item: Leftovers\n|-damage|p1a: Vileplume|47\/100|[from] Salt Cure\n|upkeep\n|turn|21\n|\n|t:|1700858933\n|switch|p2a: Blacephalon|Blacephalon|71\/100\n|move|p1a: Vileplume|Giga Drain|p2a: Blacephalon\n|-resisted|p2a: Blacephalon\n|-damage|p2a: Blacephalon|45\/100\n|-heal|p1a: Vileplume|57\/100|[from] drain|[of] p2a: Blacephalon\n|\n|-heal|p1a: Vileplume|63\/100|[from] item: Leftovers\n|-damage|p1a: Vileplume|50\/100|[from] Salt Cure\n|upkeep\n|turn|22\n|\n|t:|1700858945\n|switch|p1a: Pidgeot|Pidgeot-Mega, M|100\/100\n|move|p2a: Blacephalon|Fire Blast|p1a: Pidgeot\n|-damage|p1a: Pidgeot|3\/100\n|-status|p1a: Pidgeot|brn\n|\n|-damage|p1a: Pidgeot|0 fnt|[from] brn\n|faint|p1a: Pidgeot\n|upkeep\n|\n|t:|1700858949\n|switch|p1a: Politoed|Politoed, M|68\/100\n|-damage|p1a: Politoed|55\/100|[from] Spikes\n|turn|23\n|\n|t:|1700858956\n|switch|p2a: Garganacl|Garganacl, F|96\/100\n|move|p1a: Politoed|Surf|p2a: Garganacl\n|-supereffective|p2a: Garganacl\n|-crit|p2a: Garganacl\n|-damage|p2a: Garganacl|24\/100\n|\n|-heal|p1a: Politoed|61\/100|[from] item: Leftovers\n|-heal|p2a: Garganacl|30\/100|[from] item: Leftovers\n|upkeep\n|turn|24\n|\n|t:|1700858962\n|move|p1a: Politoed|Surf|p2a: Garganacl\n|-supereffective|p2a: Garganacl\n|-damage|p2a: Garganacl|0 fnt\n|faint|p2a: Garganacl\n|\n|-heal|p1a: Politoed|67\/100|[from] item: Leftovers\n|upkeep\n|\n|t:|1700858967\n|switch|p2a: Blacephalon|Blacephalon|45\/100\n|turn|25\n|\n|t:|1700858981\n|move|p2a: Blacephalon|Shadow Ball|p1a: Politoed\n|-damage|p1a: Politoed|20\/100\n|move|p1a: Politoed|Surf|p2a: Blacephalon\n|-supereffective|p2a: Blacephalon\n|-damage|p2a: Blacephalon|0 fnt\n|faint|p2a: Blacephalon\n|\n|win|SrPorquet\n|raw|SrPorquet's rating: 1328 &rarr; <strong>1353<\/strong><br \/>(+25 for winning)\n|raw|Vampere151's rating: 1417 &rarr; <strong>1392<\/strong><br \/>(-25 for losing)\n|l|\u2606Vampere151\n","uploadtime":1700858994,"views":2,"p1id":"srporquet","p2id":"vampere151","formatid":"gen9nationaldex","rating":1353,"private":0,"password":""}