{"id":"gen9nationaldex-1993935238","p1":"but the government","p2":"Mareoo","format":"[Gen 9] National Dex","log":"|j|\u2606but the government\n|j|\u2606Mareoo\n|t:|1700378332\n|gametype|singles\n|player|p1|but the government|waitress-gen4|1139\n|player|p2|Mareoo|gambler|1169\n|teamsize|p1|6\n|teamsize|p2|6\n|gen|9\n|tier|[Gen 9] National Dex\n|rated|\n|rule|HP Percentage Mod: HP is shown in percentages\n|rule|Endless Battle Clause: Forcing endless battles is banned\n|rule|OHKO Clause: OHKO moves are banned\n|rule|Evasion Clause: Evasion abilities, items, and moves are banned\n|rule|Evasion Abilities Clause: Evasion abilities are banned\n|rule|Evasion Items Clause: Evasion items are banned\n|rule|Evasion Moves Clause: Evasion moves are banned\n|rule|Species Clause: Limit one of each Pok\u00e9mon\n|rule|Sleep Clause Mod: Limit one foe put to sleep\n|clearpoke\n|poke|p1|Corviknight, M|\n|poke|p1|Dragonite, M|\n|poke|p1|Tapu Koko|\n|poke|p1|Ferrothorn, M|\n|poke|p1|Pinsir, F|\n|poke|p1|Deoxys-Defense|\n|poke|p2|Yanma, M|\n|poke|p2|Quagsire, M|\n|poke|p2|Unown-H|\n|poke|p2|Granbull, M|\n|poke|p2|Scizor, F|\n|poke|p2|Shuckle, M|\n|teampreview\n|l|\u2606but the government\n|player|p1|\n|inactive|Battle timer is ON: inactive players will automatically lose when time's up. (requested by Mareoo)\n|j|\u2606but the government\n|inactive|but the government reconnected and has 145 seconds left.\n|player|p1|but the government|waitress-gen4\n|inactiveoff|Battle timer is now OFF.\n|\n|t:|1700378378\n|start\n|switch|p1a: Ferrothorn|Ferrothorn, M|100\/100\n|switch|p2a: Shuckle|Shuckle, M|100\/100\n|turn|1\n|inactive|Battle timer is ON: inactive players will automatically lose when time's up. (requested by but the government)\n|\n|t:|1700378392\n|move|p2a: Shuckle|Stealth Rock|p1a: Ferrothorn\n|-sidestart|p1: but the government|move: Stealth Rock\n|move|p1a: Ferrothorn|Thunder Wave|p2a: Shuckle\n|-status|p2a: Shuckle|par\n|\n|upkeep\n|turn|2\n|\n|t:|1700378396\n|move|p1a: Ferrothorn|Leech Seed|p2a: Shuckle\n|-start|p2a: Shuckle|move: Leech Seed\n|move|p2a: Shuckle|Knock Off|p1a: Ferrothorn\n|-damage|p1a: Ferrothorn|97\/100\n|-damage|p2a: Shuckle|88\/100 par|[from] ability: Iron Barbs|[of] p1a: Ferrothorn\n|-damage|p2a: Shuckle|72\/100 par|[from] item: Rocky Helmet|[of] p1a: Ferrothorn\n|-enditem|p1a: Ferrothorn|Rocky Helmet|[from] move: Knock Off|[of] p2a: Shuckle\n|\n|-heal|p2a: Shuckle|78\/100 par|[from] item: Leftovers\n|-damage|p2a: Shuckle|66\/100 par|[from] Leech Seed|[of] p1a: Ferrothorn\n|-heal|p1a: Ferrothorn|100\/100|[silent]\n|upkeep\n|turn|3\n|\n|t:|1700378403\n|switch|p2a: Unown|Unown-H|100\/100\n|move|p1a: Ferrothorn|Gyro Ball|p2a: Unown\n|-damage|p2a: Unown|41\/100\n|\n|upkeep\n|turn|4\n|\n|t:|1700378408\n|move|p2a: Unown|Hidden Power|p1a: Ferrothorn\n|-damage|p1a: Ferrothorn|80\/100\n|move|p1a: Ferrothorn|Gyro Ball|p2a: Unown\n|-damage|p2a: Unown|0 fnt\n|faint|p2a: Unown\n|\n|upkeep\n|\n|t:|1700378419\n|switch|p2a: Yanma|Yanma, M|100\/100\n|turn|5\n|\n|t:|1700378446\n|move|p2a: Yanma|Bug Buzz|p1a: Ferrothorn\n|-damage|p1a: Ferrothorn|52\/100\n|move|p1a: Ferrothorn|Gyro Ball|p2a: Yanma\n|-damage|p2a: Yanma|24\/100\n|\n|upkeep\n|turn|6\n|\n|t:|1700378452\n|move|p2a: Yanma|Air Slash|p1a: Ferrothorn\n|-damage|p1a: Ferrothorn|28\/100\n|move|p1a: Ferrothorn|Gyro Ball|p2a: Yanma\n|-damage|p2a: Yanma|0 fnt\n|faint|p2a: Yanma\n|\n|upkeep\n|inactive|Mareoo has 120 seconds left.\n|inactive|Mareoo has 90 seconds left.\n|\n|t:|1700378503\n|switch|p2a: Granbull|Granbull, M|100\/100\n|-ability|p2a: Granbull|Intimidate|boost\n|-unboost|p1a: Ferrothorn|atk|1\n|turn|7\n|inactive|Mareoo has 90 seconds left.\n|\n|t:|1700378523\n|move|p2a: Granbull|Bulk Up|p2a: Granbull\n|-boost|p2a: Granbull|atk|1\n|-boost|p2a: Granbull|def|1\n|move|p1a: Ferrothorn|Leech Seed|p2a: Granbull\n|-start|p2a: Granbull|move: Leech Seed\n|\n|-damage|p2a: Granbull|88\/100|[from] Leech Seed|[of] p1a: Ferrothorn\n|-heal|p1a: Ferrothorn|41\/100|[silent]\n|upkeep\n|turn|8\n|\n|t:|1700378526\n|move|p1a: Ferrothorn|Protect|p1a: Ferrothorn\n|-singleturn|p1a: Ferrothorn|Protect\n|move|p2a: Granbull|Play Rough|p1a: Ferrothorn\n|-activate|p1a: Ferrothorn|move: Protect\n|\n|-damage|p2a: Granbull|76\/100|[from] Leech Seed|[of] p1a: Ferrothorn\n|-heal|p1a: Ferrothorn|55\/100|[silent]\n|upkeep\n|turn|9\n|\n|t:|1700378539\n|switch|p2a: Shuckle|Shuckle, M|66\/100 par\n|move|p1a: Ferrothorn|Gyro Ball|p2a: Shuckle\n|-supereffective|p2a: Shuckle\n|-damage|p2a: Shuckle|61\/100 par\n|\n|-heal|p2a: Shuckle|67\/100 par|[from] item: Leftovers\n|upkeep\n|turn|10\n|\n|t:|1700378547\n|move|p1a: Ferrothorn|Leech Seed|p2a: Shuckle\n|-start|p2a: Shuckle|move: Leech Seed\n|move|p2a: Shuckle|Infestation|p1a: Ferrothorn\n|-damage|p1a: Ferrothorn|53\/100\n|-activate|p1a: Ferrothorn|move: Infestation|[of] p2a: Shuckle\n|-damage|p2a: Shuckle|55\/100 par|[from] ability: Iron Barbs|[of] p1a: Ferrothorn\n|\n|-heal|p2a: Shuckle|61\/100 par|[from] item: Leftovers\n|-damage|p2a: Shuckle|48\/100 par|[from] Leech Seed|[of] p1a: Ferrothorn\n|-heal|p1a: Ferrothorn|61\/100|[silent]\n|-damage|p1a: Ferrothorn|49\/100|[from] move: Infestation|[partiallytrapped]\n|upkeep\n|turn|11\n|\n|t:|1700378572\n|move|p1a: Ferrothorn|Protect|p1a: Ferrothorn\n|-singleturn|p1a: Ferrothorn|Protect\n|move|p2a: Shuckle|Knock Off|p1a: Ferrothorn\n|-activate|p1a: Ferrothorn|move: Protect\n|\n|-heal|p2a: Shuckle|55\/100 par|[from] item: Leftovers\n|-damage|p2a: Shuckle|42\/100 par|[from] Leech Seed|[of] p1a: Ferrothorn\n|-heal|p1a: Ferrothorn|58\/100|[silent]\n|-damage|p1a: Ferrothorn|46\/100|[from] move: Infestation|[partiallytrapped]\n|upkeep\n|turn|12\n|\n|t:|1700378582\n|move|p1a: Ferrothorn|Protect||[still]\n|-fail|p1a: Ferrothorn\n|move|p2a: Shuckle|Infestation|p1a: Ferrothorn\n|-damage|p1a: Ferrothorn|44\/100\n|-damage|p2a: Shuckle|30\/100 par|[from] ability: Iron Barbs|[of] p1a: Ferrothorn\n|\n|-heal|p2a: Shuckle|36\/100 par|[from] item: Leftovers\n|-damage|p2a: Shuckle|24\/100 par|[from] Leech Seed|[of] p1a: Ferrothorn\n|-heal|p1a: Ferrothorn|52\/100|[silent]\n|-damage|p1a: Ferrothorn|40\/100|[from] move: Infestation|[partiallytrapped]\n|upkeep\n|turn|13\n|\n|t:|1700378588\n|move|p1a: Ferrothorn|Gyro Ball|p2a: Shuckle\n|-supereffective|p2a: Shuckle\n|-damage|p2a: Shuckle|19\/100 par\n|cant|p2a: Shuckle|par\n|\n|-heal|p2a: Shuckle|25\/100 par|[from] item: Leftovers\n|-damage|p2a: Shuckle|13\/100 par|[from] Leech Seed|[of] p1a: Ferrothorn\n|-heal|p1a: Ferrothorn|49\/100|[silent]\n|-damage|p1a: Ferrothorn|36\/100|[from] move: Infestation|[partiallytrapped]\n|upkeep\n|turn|14\n|\n|t:|1700378594\n|move|p1a: Ferrothorn|Gyro Ball|p2a: Shuckle\n|-supereffective|p2a: Shuckle\n|-damage|p2a: Shuckle|8\/100 par\n|move|p2a: Shuckle|Infestation|p1a: Ferrothorn\n|-damage|p1a: Ferrothorn|35\/100\n|-damage|p2a: Shuckle|0 fnt|[from] ability: Iron Barbs|[of] p1a: Ferrothorn\n|faint|p2a: Shuckle\n|\n|-end|p1a: Ferrothorn|Infestation|[partiallytrapped]|[silent]\n|upkeep\n|\n|t:|1700378596\n|switch|p2a: Scizor|Scizor, F|100\/100\n|turn|15\n|\n|t:|1700378603\n|detailschange|p2a: Scizor|Scizor-Mega, F\n|-mega|p2a: Scizor|Scizor|Scizorite\n|move|p2a: Scizor|U-turn|p1a: Ferrothorn\n|-damage|p1a: Ferrothorn|16\/100\n|-damage|p2a: Scizor|88\/100|[from] ability: Iron Barbs|[of] p1a: Ferrothorn\n|\n|t:|1700378607\n|switch|p2a: Quagsire|Quagsire, M|100\/100|[from] U-turn\n|move|p1a: Ferrothorn|Thunder Wave|p2a: Quagsire\n|-immune|p2a: Quagsire\n|\n|upkeep\n|turn|16\n|\n|t:|1700378614\n|switch|p2a: Scizor|Scizor-Mega, F|88\/100\n|move|p1a: Ferrothorn|Leech Seed|p2a: Scizor\n|-start|p2a: Scizor|move: Leech Seed\n|\n|-damage|p2a: Scizor|76\/100|[from] Leech Seed|[of] p1a: Ferrothorn\n|-heal|p1a: Ferrothorn|28\/100|[silent]\n|upkeep\n|turn|17\n|\n|t:|1700378619\n|switch|p2a: Granbull|Granbull, M|76\/100\n|-ability|p2a: Granbull|Intimidate|boost\n|-unboost|p1a: Ferrothorn|atk|1\n|move|p1a: Ferrothorn|Protect||[still]\n|-fail|p1a: Ferrothorn\n|\n|upkeep\n|turn|18\n|\n|t:|1700378626\n|switch|p2a: Quagsire|Quagsire, M|100\/100\n|move|p1a: Ferrothorn|Thunder Wave|p2a: Quagsire\n|-immune|p2a: Quagsire\n|\n|upkeep\n|turn|19\n|\n|t:|1700378631\n|move|p2a: Quagsire|Scald|p1a: Ferrothorn\n|-resisted|p1a: Ferrothorn\n|-damage|p1a: Ferrothorn|20\/100\n|move|p1a: Ferrothorn|Thunder Wave|p2a: Quagsire\n|-immune|p2a: Quagsire\n|\n|upkeep\n|turn|20\n|\n|t:|1700378636\n|move|p2a: Quagsire|Scald|p1a: Ferrothorn\n|-resisted|p1a: Ferrothorn\n|-damage|p1a: Ferrothorn|13\/100\n|move|p1a: Ferrothorn|Leech Seed|p2a: Quagsire\n|-start|p2a: Quagsire|move: Leech Seed\n|\n|-damage|p2a: Quagsire|88\/100|[from] Leech Seed|[of] p1a: Ferrothorn\n|-heal|p1a: Ferrothorn|27\/100|[silent]\n|upkeep\n|turn|21\n|\n|t:|1700378642\n|switch|p2a: Granbull|Granbull, M|76\/100\n|-ability|p2a: Granbull|Intimidate|boost\n|-unboost|p1a: Ferrothorn|atk|1\n|move|p1a: Ferrothorn|Thunder Wave|p2a: Granbull\n|-status|p2a: Granbull|par\n|-enditem|p2a: Granbull|Lum Berry|[eat]\n|-curestatus|p2a: Granbull|par|[msg]\n|\n|upkeep\n|turn|22\n|\n|t:|1700378647\n|switch|p2a: Quagsire|Quagsire, M|88\/100\n|move|p1a: Ferrothorn|Gyro Ball|p2a: Quagsire\n|-resisted|p2a: Quagsire\n|-damage|p2a: Quagsire|77\/100\n|\n|-heal|p2a: Quagsire|83\/100|[from] item: Leftovers\n|upkeep\n|turn|23\n|\n|t:|1700378651\n|move|p2a: Quagsire|Scald|p1a: Ferrothorn\n|-resisted|p1a: Ferrothorn\n|-damage|p1a: Ferrothorn|19\/100\n|move|p1a: Ferrothorn|Leech Seed|p2a: Quagsire\n|-start|p2a: Quagsire|move: Leech Seed\n|\n|-heal|p2a: Quagsire|90\/100|[from] item: Leftovers\n|-damage|p2a: Quagsire|77\/100|[from] Leech Seed|[of] p1a: Ferrothorn\n|-heal|p1a: Ferrothorn|33\/100|[silent]\n|upkeep\n|turn|24\n|\n|t:|1700378655\n|switch|p2a: Granbull|Granbull, M|76\/100\n|-ability|p2a: Granbull|Intimidate|boost\n|-unboost|p1a: Ferrothorn|atk|1\n|move|p1a: Ferrothorn|Thunder Wave|p2a: Granbull\n|-status|p2a: Granbull|par\n|\n|upkeep\n|turn|25\n|\n|t:|1700378670\n|switch|p1a: Corviknight|Corviknight, M|100\/100\n|-damage|p1a: Corviknight|88\/100|[from] Stealth Rock\n|-ability|p1a: Corviknight|Pressure\n|move|p2a: Granbull|Rest|p2a: Granbull\n|-status|p2a: Granbull|slp|[from] move: Rest\n|-heal|p2a: Granbull|100\/100 slp|[silent]\n|\n|upkeep\n|turn|26\n|\n|t:|1700378673\n|switch|p2a: Quagsire|Quagsire, M|77\/100\n|move|p1a: Corviknight|Defog|p2a: Quagsire\n|-unboost|p2a: Quagsire|evasion|1\n|-sideend|p1: but the government|Stealth Rock|[from] move: Defog|[of] p1a: Corviknight\n|\n|-heal|p2a: Quagsire|83\/100|[from] item: Leftovers\n|upkeep\n|turn|27\n|\n|t:|1700378677\n|move|p1a: Corviknight|U-turn|p2a: Quagsire\n|-damage|p2a: Quagsire|69\/100\n|\n|t:|1700378682\n|switch|p1a: Ferrothorn|Ferrothorn, M|33\/100|[from] U-turn\n|move|p2a: Quagsire|Scald|p1a: Ferrothorn\n|-resisted|p1a: Ferrothorn\n|-damage|p1a: Ferrothorn|26\/100\n|\n|-heal|p2a: Quagsire|75\/100|[from] item: Leftovers\n|upkeep\n|turn|28\n|\n|t:|1700378685\n|move|p2a: Quagsire|Scald|p1a: Ferrothorn\n|-resisted|p1a: Ferrothorn\n|-crit|p1a: Ferrothorn\n|-damage|p1a: Ferrothorn|16\/100\n|move|p1a: Ferrothorn|Leech Seed|p2a: Quagsire\n|-start|p2a: Quagsire|move: Leech Seed\n|\n|-heal|p2a: Quagsire|81\/100|[from] item: Leftovers\n|-damage|p2a: Quagsire|69\/100|[from] Leech Seed|[of] p1a: Ferrothorn\n|-heal|p1a: Ferrothorn|30\/100|[silent]\n|upkeep\n|turn|29\n|\n|t:|1700378691\n|switch|p2a: Granbull|Granbull, M|100\/100 slp\n|-ability|p2a: Granbull|Intimidate|boost\n|-unboost|p1a: Ferrothorn|atk|1\n|move|p1a: Ferrothorn|Protect||[still]\n|-fail|p1a: Ferrothorn\n|\n|upkeep\n|turn|30\n|\n|t:|1700378697\n|cant|p2a: Granbull|slp\n|move|p1a: Ferrothorn|Leech Seed|p2a: Granbull\n|-start|p2a: Granbull|move: Leech Seed\n|\n|-damage|p2a: Granbull|88\/100 slp|[from] Leech Seed|[of] p1a: Ferrothorn\n|-heal|p1a: Ferrothorn|43\/100|[silent]\n|upkeep\n|turn|31\n|\n|t:|1700378707\n|switch|p2a: Quagsire|Quagsire, M|69\/100\n|switch|p1a: Pinsir|Pinsir, F|100\/100\n|\n|-heal|p2a: Quagsire|75\/100|[from] item: Leftovers\n|upkeep\n|turn|32\n|\n|t:|1700378712\n|detailschange|p1a: Pinsir|Pinsir-Mega, F\n|-mega|p1a: Pinsir|Pinsir|Pinsirite\n|move|p1a: Pinsir|Swords Dance|p1a: Pinsir\n|-boost|p1a: Pinsir|atk|2\n|move|p2a: Quagsire|Toxic|p1a: Pinsir\n|-status|p1a: Pinsir|tox\n|\n|-heal|p2a: Quagsire|81\/100|[from] item: Leftovers\n|-damage|p1a: Pinsir|95\/100 tox|[from] psn\n|upkeep\n|turn|33\n|\n|t:|1700378721\n|move|p1a: Pinsir|Return|p2a: Quagsire\n|-damage|p2a: Quagsire|8\/100\n|move|p2a: Quagsire|Recover|p2a: Quagsire\n|-heal|p2a: Quagsire|58\/100\n|\n|-heal|p2a: Quagsire|64\/100|[from] item: Leftovers\n|-damage|p1a: Pinsir|83\/100 tox|[from] psn\n|upkeep\n|turn|34\n|\n|t:|1700378731\n|switch|p2a: Granbull|Granbull, M|88\/100 slp\n|-ability|p2a: Granbull|Intimidate|boost\n|-unboost|p1a: Pinsir|atk|1\n|move|p1a: Pinsir|Swords Dance|p1a: Pinsir\n|-boost|p1a: Pinsir|atk|2\n|\n|-damage|p1a: Pinsir|65\/100 tox|[from] psn\n|upkeep\n|turn|35\n|\n|t:|1700378741\n|-terastallize|p2a: Granbull|Steel\n|move|p1a: Pinsir|Return|p2a: Granbull\n|-resisted|p2a: Granbull\n|-damage|p2a: Granbull|21\/100 slp\n|cant|p2a: Granbull|slp\n|\n|-damage|p1a: Pinsir|41\/100 tox|[from] psn\n|upkeep\n|turn|36\n|\n|t:|1700378750\n|move|p1a: Pinsir|Return|p2a: Granbull\n|-resisted|p2a: Granbull\n|-crit|p2a: Granbull\n|-damage|p2a: Granbull|0 fnt\n|faint|p2a: Granbull\n|\n|-damage|p1a: Pinsir|12\/100 tox|[from] psn\n|upkeep\n|\n|t:|1700378753\n|switch|p2a: Scizor|Scizor-Mega, F|76\/100\n|turn|37\n|\n|t:|1700378756\n|switch|p2a: Quagsire|Quagsire, M|64\/100\n|move|p1a: Pinsir|Quick Attack|p2a: Quagsire\n|-damage|p2a: Quagsire|32\/100\n|\n|-heal|p2a: Quagsire|39\/100|[from] item: Leftovers\n|-damage|p1a: Pinsir|0 fnt|[from] psn\n|faint|p1a: Pinsir\n|upkeep\n|\n|t:|1700378762\n|switch|p1a: Dragonite|Dragonite, M|100\/100\n|turn|38\n|\n|t:|1700378765\n|move|p1a: Dragonite|Double-Edge|p2a: Quagsire\n|-enditem|p1a: Dragonite|Normal Gem|[from] gem\n|-damage|p2a: Quagsire|0 fnt\n|faint|p2a: Quagsire\n|-damage|p1a: Dragonite|85\/100|[from] Recoil\n|\n|upkeep\n|\n|t:|1700378768\n|switch|p2a: Scizor|Scizor-Mega, F|76\/100\n|turn|39\n|\n|t:|1700378772\n|move|p1a: Dragonite|Earthquake|p2a: Scizor\n|-damage|p2a: Scizor|54\/100\n|move|p2a: Scizor|Swords Dance|p2a: Scizor\n|-boost|p2a: Scizor|atk|2\n|\n|upkeep\n|turn|40\n|\n|t:|1700378777\n|move|p1a: Dragonite|Earthquake|p2a: Scizor\n|-damage|p2a: Scizor|31\/100\n|move|p2a: Scizor|Swords Dance|p2a: Scizor\n|-boost|p2a: Scizor|atk|2\n|\n|upkeep\n|turn|41\n|\n|t:|1700378782\n|move|p1a: Dragonite|Earthquake|p2a: Scizor\n|-damage|p2a: Scizor|10\/100\n|move|p2a: Scizor|Roost|p2a: Scizor\n|-heal|p2a: Scizor|60\/100\n|-singleturn|p2a: Scizor|move: Roost\n|\n|upkeep\n|turn|42\n|\n|t:|1700378790\n|move|p2a: Scizor|Bullet Punch|p1a: Dragonite\n|-crit|p1a: Dragonite\n|-damage|p1a: Dragonite|0 fnt\n|faint|p1a: Dragonite\n|\n|upkeep\n|\n|t:|1700378792\n|switch|p1a: Ferrothorn|Ferrothorn, M|43\/100\n|turn|43\n|\n|t:|1700378795\n|move|p1a: Ferrothorn|Protect|p1a: Ferrothorn\n|-singleturn|p1a: Ferrothorn|Protect\n|move|p2a: Scizor|U-turn|p1a: Ferrothorn\n|-activate|p1a: Ferrothorn|move: Protect\n|\n|upkeep\n|turn|44\n|\n|t:|1700378801\n|move|p2a: Scizor|U-turn|p1a: Ferrothorn\n|-damage|p1a: Ferrothorn|0 fnt\n|-damage|p2a: Scizor|48\/100|[from] ability: Iron Barbs|[of] p1a: Ferrothorn\n|faint|p1a: Ferrothorn\n|\n|upkeep\n|\n|t:|1700378806\n|switch|p1a: Corviknight|Corviknight, M|88\/100\n|-ability|p1a: Corviknight|Pressure\n|turn|45\n|\n|t:|1700378810\n|move|p2a: Scizor|Roost|p2a: Scizor\n|-heal|p2a: Scizor|98\/100\n|-singleturn|p2a: Scizor|move: Roost\n|move|p1a: Corviknight|Brave Bird|p2a: Scizor\n|-damage|p2a: Scizor|77\/100\n|-damage|p1a: Corviknight|82\/100|[from] Recoil\n|\n|upkeep\n|turn|46\n|\n|t:|1700378813\n|move|p2a: Scizor|Swords Dance|p2a: Scizor\n|-boost|p2a: Scizor|atk|2\n|move|p1a: Corviknight|Roost|p1a: Corviknight\n|-heal|p1a: Corviknight|100\/100\n|-singleturn|p1a: Corviknight|move: Roost\n|\n|upkeep\n|turn|47\n|\n|t:|1700378818\n|move|p2a: Scizor|Bullet Punch|p1a: Corviknight\n|-resisted|p1a: Corviknight\n|-damage|p1a: Corviknight|68\/100\n|-damage|p2a: Scizor|61\/100|[from] item: Rocky Helmet|[of] p1a: Corviknight\n|move|p1a: Corviknight|Roost|p1a: Corviknight\n|-heal|p1a: Corviknight|100\/100\n|-singleturn|p1a: Corviknight|move: Roost\n|\n|upkeep\n|turn|48\n|\n|t:|1700378825\n|move|p2a: Scizor|Roost|p2a: Scizor\n|-heal|p2a: Scizor|100\/100\n|-singleturn|p2a: Scizor|move: Roost\n|move|p1a: Corviknight|Roost||[still]\n|-fail|p1a: Corviknight|heal\n|\n|upkeep\n|turn|49\n|\n|t:|1700378829\n|move|p2a: Scizor|Swords Dance|p2a: Scizor\n|-boost|p2a: Scizor|atk|0\n|move|p1a: Corviknight|Brave Bird|p2a: Scizor\n|-damage|p2a: Scizor|80\/100\n|-damage|p1a: Corviknight|95\/100|[from] Recoil\n|\n|upkeep\n|turn|50\n|\n|t:|1700378833\n|move|p2a: Scizor|Swords Dance|p2a: Scizor\n|-boost|p2a: Scizor|atk|0\n|move|p1a: Corviknight|Brave Bird|p2a: Scizor\n|-damage|p2a: Scizor|60\/100\n|-damage|p1a: Corviknight|89\/100|[from] Recoil\n|\n|upkeep\n|turn|51\n|\n|t:|1700378844\n|move|p2a: Scizor|Roost|p2a: Scizor\n|-heal|p2a: Scizor|100\/100\n|-singleturn|p2a: Scizor|move: Roost\n|move|p1a: Corviknight|Brave Bird|p2a: Scizor\n|-damage|p2a: Scizor|80\/100\n|-damage|p1a: Corviknight|83\/100|[from] Recoil\n|\n|upkeep\n|turn|52\n|\n|t:|1700378856\n|move|p2a: Scizor|Bullet Punch|p1a: Corviknight\n|-resisted|p1a: Corviknight\n|-damage|p1a: Corviknight|46\/100\n|-damage|p2a: Scizor|63\/100|[from] item: Rocky Helmet|[of] p1a: Corviknight\n|move|p1a: Corviknight|U-turn|p2a: Scizor\n|-resisted|p2a: Scizor\n|-damage|p2a: Scizor|60\/100\n|\n|t:|1700378860\n|switch|p1a: Deoxys|Deoxys-Defense|100\/100|[from] U-turn\n|-ability|p1a: Deoxys|Pressure\n|\n|upkeep\n|turn|53\n|\n|t:|1700378870\n|move|p1a: Deoxys|Substitute|p1a: Deoxys\n|-start|p1a: Deoxys|Substitute\n|-damage|p1a: Deoxys|75\/100\n|move|p2a: Scizor|U-turn|p1a: Deoxys\n|-supereffective|p1a: Deoxys\n|-end|p1a: Deoxys|Substitute\n|\n|upkeep\n|turn|54\n|\n|t:|1700378879\n|move|p1a: Deoxys|Wrap|p2a: Scizor\n|-resisted|p2a: Scizor\n|-damage|p2a: Scizor|59\/100\n|-activate|p2a: Scizor|move: Wrap|[of] p1a: Deoxys\n|move|p2a: Scizor|U-turn|p1a: Deoxys\n|-supereffective|p1a: Deoxys\n|-damage|p1a: Deoxys|0 fnt\n|faint|p1a: Deoxys\n|\n|-end|p2a: Scizor|Wrap|[partiallytrapped]|[silent]\n|upkeep\n|\n|t:|1700378886\n|switch|p1a: Tapu Koko|Tapu Koko|100\/100\n|-fieldstart|move: Electric Terrain|[from] ability: Electric Surge|[of] p1a: Tapu Koko\n|turn|55\n|\n|t:|1700378892\n|-terastallize|p1a: Tapu Koko|Steel\n|move|p2a: Scizor|Bullet Punch|p1a: Tapu Koko\n|-resisted|p1a: Tapu Koko\n|-damage|p1a: Tapu Koko|22\/100\n|move|p1a: Tapu Koko|Volt Switch|p2a: Scizor\n|-damage|p2a: Scizor|5\/100\n|\n|t:|1700378897\n|switch|p1a: Corviknight|Corviknight, M|46\/100|[from] Volt Switch\n|-ability|p1a: Corviknight|Pressure\n|\n|upkeep\n|turn|56\n|\n|t:|1700378904\n|move|p2a: Scizor|Roost|p2a: Scizor\n|-heal|p2a: Scizor|55\/100\n|-singleturn|p2a: Scizor|move: Roost\n|move|p1a: Corviknight|Brave Bird|p2a: Scizor\n|-damage|p2a: Scizor|34\/100\n|-damage|p1a: Corviknight|40\/100|[from] Recoil\n|\n|upkeep\n|turn|57\n|\n|t:|1700378914\n|move|p2a: Scizor|Bullet Punch|p1a: Corviknight\n|-resisted|p1a: Corviknight\n|-damage|p1a: Corviknight|5\/100\n|-damage|p2a: Scizor|18\/100|[from] item: Rocky Helmet|[of] p1a: Corviknight\n|move|p1a: Corviknight|Roost|p1a: Corviknight\n|-heal|p1a: Corviknight|55\/100\n|-singleturn|p1a: Corviknight|move: Roost\n|\n|upkeep\n|turn|58\n|\n|t:|1700378920\n|move|p2a: Scizor|Roost|p2a: Scizor\n|-heal|p2a: Scizor|68\/100\n|-singleturn|p2a: Scizor|move: Roost\n|move|p1a: Corviknight|Roost|p1a: Corviknight\n|-heal|p1a: Corviknight|100\/100\n|-singleturn|p1a: Corviknight|move: Roost\n|\n|upkeep\n|turn|59\n|\n|t:|1700378927\n|move|p2a: Scizor|Swords Dance|p2a: Scizor\n|-boost|p2a: Scizor|atk|0\n|move|p1a: Corviknight|Brave Bird|p2a: Scizor\n|-damage|p2a: Scizor|47\/100\n|-damage|p1a: Corviknight|94\/100|[from] Recoil\n|\n|-fieldend|move: Electric Terrain\n|upkeep\n|turn|60\n|\n|t:|1700378933\n|move|p2a: Scizor|Swords Dance|p2a: Scizor\n|-boost|p2a: Scizor|atk|0\n|move|p1a: Corviknight|Brave Bird|p2a: Scizor\n|-damage|p2a: Scizor|25\/100\n|-damage|p1a: Corviknight|88\/100|[from] Recoil\n|\n|upkeep\n|turn|61\n|\n|t:|1700378936\n|move|p2a: Scizor|Swords Dance|p2a: Scizor\n|-boost|p2a: Scizor|atk|0\n|move|p1a: Corviknight|Brave Bird|p2a: Scizor\n|-damage|p2a: Scizor|5\/100\n|-damage|p1a: Corviknight|82\/100|[from] Recoil\n|\n|upkeep\n|turn|62\n|\n|t:|1700378938\n|move|p2a: Scizor|Roost|p2a: Scizor\n|-heal|p2a: Scizor|55\/100\n|-singleturn|p2a: Scizor|move: Roost\n|move|p1a: Corviknight|Brave Bird|p2a: Scizor\n|-damage|p2a: Scizor|34\/100\n|-damage|p1a: Corviknight|76\/100|[from] Recoil\n|\n|upkeep\n|turn|63\n|\n|t:|1700378942\n|move|p2a: Scizor|Swords Dance|p2a: Scizor\n|-boost|p2a: Scizor|atk|0\n|move|p1a: Corviknight|Brave Bird|p2a: Scizor\n|-damage|p2a: Scizor|12\/100\n|-damage|p1a: Corviknight|70\/100|[from] Recoil\n|\n|upkeep\n|turn|64\n|\n|t:|1700378945\n|move|p2a: Scizor|Roost|p2a: Scizor\n|-heal|p2a: Scizor|63\/100\n|-singleturn|p2a: Scizor|move: Roost\n|move|p1a: Corviknight|Brave Bird|p2a: Scizor\n|-damage|p2a: Scizor|41\/100\n|-damage|p1a: Corviknight|64\/100|[from] Recoil\n|\n|upkeep\n|turn|65\n|\n|t:|1700378949\n|move|p2a: Scizor|Bullet Punch|p1a: Corviknight\n|-resisted|p1a: Corviknight\n|-damage|p1a: Corviknight|27\/100\n|-damage|p2a: Scizor|25\/100|[from] item: Rocky Helmet|[of] p1a: Corviknight\n|move|p1a: Corviknight|Brave Bird|p2a: Scizor\n|-damage|p2a: Scizor|3\/100\n|-damage|p1a: Corviknight|21\/100|[from] Recoil\n|\n|upkeep\n|turn|66\n|\n|t:|1700378954\n|move|p2a: Scizor|Bullet Punch|p1a: Corviknight\n|-resisted|p1a: Corviknight\n|-damage|p1a: Corviknight|0 fnt\n|-damage|p2a: Scizor|0 fnt|[from] item: Rocky Helmet|[of] p1a: Corviknight\n|faint|p1a: Corviknight\n|faint|p2a: Scizor\n|\n|win|but the government\n|raw|but the government's rating: 1139 &rarr; <strong>1166<\/strong><br \/>(+27 for winning)\n|raw|Mareoo's rating: 1169 &rarr; <strong>1142<\/strong><br \/>(-27 for losing)\n|l|\u2606Mareoo\n","uploadtime":1700378963,"views":13,"p1id":"butthegovernment","p2id":"mareoo","formatid":"gen9nationaldex","rating":1142,"private":0,"password":""}