{"id":"gen9nationaldex-1998869054","p1":"kfnlvdikgtid","p2":"qingxiaqin","format":"[Gen 9] National Dex","log":"|html|<div class=\"broadcast-blue\"><strong>[Gen 9] National Dex is currently suspecting Sneasler! For information on how to participate check out the <a href=\"https:\/\/www.smogon.com\/forums\/threads\/sv-national-dex-suspect-8-just-dance.3731534\/\">suspect thread<\/a>.<\/strong><\/div>\n|j|\u2606kfnlvdikgtid\n|j|\u2606qingxiaqin\n|t:|1701006030\n|gametype|singles\n|player|p1|kfnlvdikgtid|allister-masters|1451\n|player|p2|qingxiaqin|266|1379\n|teamsize|p1|6\n|teamsize|p2|6\n|gen|9\n|tier|[Gen 9] National Dex\n|rated|\n|rule|HP Percentage Mod: HP is shown in percentages\n|rule|Endless Battle Clause: Forcing endless battles is banned\n|rule|OHKO Clause: OHKO moves are banned\n|rule|Evasion Clause: Evasion abilities, items, and moves are banned\n|rule|Evasion Abilities Clause: Evasion abilities are banned\n|rule|Evasion Items Clause: Evasion items are banned\n|rule|Evasion Moves Clause: Evasion moves are banned\n|rule|Species Clause: Limit one of each Pok\u00e9mon\n|rule|Sleep Clause Mod: Limit one foe put to sleep\n|clearpoke\n|poke|p1|Pidgeot, F|\n|poke|p1|Glimmora, F|\n|poke|p1|Aegislash, F|\n|poke|p1|Ogerpon-Wellspring, F|\n|poke|p1|Hatterene, F|\n|poke|p1|Zamazenta-*|\n|poke|p2|Shuckle, F|\n|poke|p2|Cloyster, M|\n|poke|p2|Polteageist|\n|poke|p2|Torterra, F|\n|poke|p2|Turtonator, F|\n|poke|p2|Clamperl, F|\n|teampreview\n|inactive|Battle timer is ON: inactive players will automatically lose when time's up. (requested by kfnlvdikgtid)\n|\n|t:|1701006051\n|start\n|switch|p1a: Glimmora|Glimmora, F|100\/100\n|switch|p2a: Shuckle|Shuckle, F|100\/100\n|turn|1\n|\n|t:|1701006058\n|switch|p1a: Hatterene|Hatterene, F, shiny|100\/100\n|move|p2a: Shuckle|Encore|p1a: Hatterene\n|move|p1a: Hatterene|Encore||[from]ability: Magic Bounce|[still]\n|-fail|p1a: Hatterene\n|\n|upkeep\n|turn|2\n|\n|t:|1701006078\n|switch|p2a: Turtonator|Turtonator, F|100\/100\n|move|p1a: Hatterene|Future Sight|p2a: Turtonator\n|-start|p1a: Hatterene|move: Future Sight\n|\n|upkeep\n|turn|3\n|\n|t:|1701006086\n|switch|p1a: Glimmora|Glimmora, F|100\/100\n|move|p2a: Turtonator|Shell Smash|p2a: Turtonator\n|-unboost|p2a: Turtonator|def|1\n|-unboost|p2a: Turtonator|spd|1\n|-boost|p2a: Turtonator|atk|2\n|-boost|p2a: Turtonator|spa|2\n|-boost|p2a: Turtonator|spe|2\n|\n|upkeep\n|turn|4\n|\n|t:|1701006095\n|move|p2a: Turtonator|Dragon Pulse|p1a: Glimmora\n|-damage|p1a: Glimmora|11\/100\n|move|p1a: Glimmora|Power Gem|p2a: Turtonator\n|-supereffective|p2a: Turtonator\n|-damage|p2a: Turtonator|0 fnt\n|faint|p2a: Turtonator\n|\n|-hint|Future Sight did not hit because the target is fainted.\n|upkeep\n|\n|t:|1701006115\n|switch|p2a: Polteageist|Polteageist|100\/100\n|turn|5\n|\n|t:|1701006130\n|move|p1a: Glimmora|Power Gem|p2a: Polteageist\n|-damage|p2a: Polteageist|53\/100\n|move|p2a: Polteageist|Shell Smash|p2a: Polteageist\n|-unboost|p2a: Polteageist|def|1\n|-unboost|p2a: Polteageist|spd|1\n|-boost|p2a: Polteageist|atk|2\n|-boost|p2a: Polteageist|spa|2\n|-boost|p2a: Polteageist|spe|2\n|\n|upkeep\n|turn|6\n|\n|t:|1701006135\n|move|p2a: Polteageist|Shadow Ball|p1a: Glimmora\n|-damage|p1a: Glimmora|0 fnt\n|faint|p1a: Glimmora\n|\n|upkeep\n|\n|t:|1701006138\n|switch|p1a: Aegislash|Aegislash, F, shiny|100\/100\n|turn|7\n|\n|t:|1701006151\n|-formechange|p1a: Aegislash|Aegislash-Blade||[from] ability: Stance Change\n|move|p1a: Aegislash|Shadow Sneak|p2a: Polteageist\n|-supereffective|p2a: Polteageist\n|-damage|p2a: Polteageist|0 fnt\n|faint|p2a: Polteageist\n|\n|upkeep\n|\n|t:|1701006161\n|switch|p2a: Torterra|Torterra, F|100\/100\n|turn|8\n|\n|t:|1701006167\n|switch|p1a: Pidgeot|Pidgeot, F, shiny|100\/100\n|move|p2a: Torterra|Shell Smash|p2a: Torterra\n|-unboost|p2a: Torterra|def|1\n|-unboost|p2a: Torterra|spd|1\n|-boost|p2a: Torterra|atk|2\n|-boost|p2a: Torterra|spa|2\n|-boost|p2a: Torterra|spe|2\n|\n|upkeep\n|turn|9\n|\n|t:|1701006174\n|detailschange|p1a: Pidgeot|Pidgeot-Mega, F, shiny\n|-mega|p1a: Pidgeot|Pidgeot|Pidgeotite\n|move|p2a: Torterra|Rock Blast|p1a: Pidgeot\n|-supereffective|p1a: Pidgeot\n|-damage|p1a: Pidgeot|59\/100\n|-supereffective|p1a: Pidgeot\n|-damage|p1a: Pidgeot|15\/100\n|-supereffective|p1a: Pidgeot\n|-damage|p1a: Pidgeot|0 fnt\n|faint|p1a: Pidgeot\n|-hitcount|p1: Pidgeot|3\n|\n|upkeep\n|\n|t:|1701006176\n|switch|p1a: Zamazenta|Zamazenta|100\/100\n|-ability|p1a: Zamazenta|Dauntless Shield|boost\n|-boost|p1a: Zamazenta|def|1\n|turn|10\n|\n|t:|1701006187\n|switch|p2a: Shuckle|Shuckle, F|100\/100\n|-terastallize|p1a: Zamazenta|Fighting\n|move|p1a: Zamazenta|Close Combat|p2a: Shuckle\n|-damage|p2a: Shuckle|38\/100\n|-unboost|p1a: Zamazenta|def|1\n|-unboost|p1a: Zamazenta|spd|1\n|\n|upkeep\n|turn|11\n|\n|t:|1701006207\n|switch|p1a: Hatterene|Hatterene, F, shiny|100\/100\n|-terastallize|p2a: Shuckle|Ghost\n|move|p2a: Shuckle|Sticky Web|p1a: Hatterene\n|move|p1a: Hatterene|Sticky Web|p2a: Shuckle|[from]ability: Magic Bounce\n|-sidestart|p2: qingxiaqin|move: Sticky Web\n|\n|upkeep\n|turn|12\n|\n|t:|1701006219\n|move|p1a: Hatterene|Future Sight|p2a: Shuckle\n|-start|p1a: Hatterene|move: Future Sight\n|move|p2a: Shuckle|Final Gambit|p1a: Hatterene\n|-damage|p1a: Hatterene|72\/100\n|faint|p2a: Shuckle\n|\n|-heal|p1a: Hatterene|78\/100|[from] item: Leftovers\n|upkeep\n|inactive|qingxiaqin has 120 seconds left.\n|\n|t:|1701006247\n|switch|p2a: Torterra|Torterra, F|100\/100\n|-activate|p2a: Torterra|move: Sticky Web\n|-unboost|p2a: Torterra|spe|1\n|turn|13\n|inactive|qingxiaqin has 120 seconds left.\n|\n|t:|1701006256\n|switch|p2a: Clamperl|Clamperl, F|100\/100\n|-activate|p2a: Clamperl|move: Sticky Web\n|-unboost|p2a: Clamperl|spe|1\n|move|p1a: Hatterene|Draining Kiss|p2a: Clamperl\n|-damage|p2a: Clamperl|37\/100\n|-heal|p1a: Hatterene|100\/100|[from] drain|[of] p2a: Clamperl\n|\n|upkeep\n|turn|14\n|inactive|qingxiaqin has 120 seconds left.\n|\n|t:|1701006269\n|move|p1a: Hatterene|Protect|p1a: Hatterene\n|-singleturn|p1a: Hatterene|Protect\n|move|p2a: Clamperl|Surf|p1a: Hatterene\n|-activate|p1a: Hatterene|move: Protect\n|\n|-end|p2a: Clamperl|move: Future Sight\n|-crit|p2a: Clamperl\n|-damage|p2a: Clamperl|0 fnt\n|faint|p2a: Clamperl\n|upkeep\n|inactive|qingxiaqin has 120 seconds left.\n|\n|t:|1701006276\n|switch|p2a: Cloyster|Cloyster, M|100\/100\n|-activate|p2a: Cloyster|move: Sticky Web\n|-unboost|p2a: Cloyster|spe|1\n|turn|15\n|\n|t:|1701006280\n|move|p2a: Cloyster|Shell Smash|p2a: Cloyster\n|-unboost|p2a: Cloyster|def|1\n|-unboost|p2a: Cloyster|spd|1\n|-boost|p2a: Cloyster|atk|2\n|-boost|p2a: Cloyster|spa|2\n|-boost|p2a: Cloyster|spe|2\n|move|p1a: Hatterene|Future Sight|p2a: Cloyster\n|-start|p1a: Hatterene|move: Future Sight\n|\n|upkeep\n|turn|16\n|inactive|qingxiaqin has 120 seconds left.\n|\n|t:|1701006306\n|switch|p1a: Aegislash|Aegislash, F, shiny|100\/100\n|move|p2a: Cloyster|Icicle Spear|p1a: Aegislash\n|-resisted|p1a: Aegislash\n|-damage|p1a: Aegislash|92\/100\n|-resisted|p1a: Aegislash\n|-damage|p1a: Aegislash|82\/100\n|-resisted|p1a: Aegislash\n|-damage|p1a: Aegislash|73\/100\n|-resisted|p1a: Aegislash\n|-damage|p1a: Aegislash|64\/100\n|-resisted|p1a: Aegislash\n|-damage|p1a: Aegislash|54\/100\n|-hitcount|p1a: Aegislash|5\n|\n|upkeep\n|turn|17\n|inactive|qingxiaqin has 120 seconds left.\n|\n|t:|1701006317\n|-formechange|p1a: Aegislash|Aegislash-Blade||[from] ability: Stance Change\n|move|p1a: Aegislash|Shadow Sneak|p2a: Cloyster\n|-damage|p2a: Cloyster|78\/100\n|move|p2a: Cloyster|Shell Smash|p2a: Cloyster\n|-unboost|p2a: Cloyster|def|1\n|-unboost|p2a: Cloyster|spd|1\n|-boost|p2a: Cloyster|atk|2\n|-boost|p2a: Cloyster|spa|2\n|-boost|p2a: Cloyster|spe|2\n|\n|-end|p2a: Cloyster|move: Future Sight\n|-damage|p2a: Cloyster|0 fnt\n|faint|p2a: Cloyster\n|upkeep\n|\n|t:|1701006324\n|switch|p2a: Torterra|Torterra, F|100\/100\n|-activate|p2a: Torterra|move: Sticky Web\n|-unboost|p2a: Torterra|spe|1\n|turn|18\n|inactive|qingxiaqin has 120 seconds left.\n|\n|t:|1701006333\n|-zpower|p1a: Aegislash\n|move|p1a: Aegislash|Never-Ending Nightmare|p2a: Torterra|[zeffect]\n|-damage|p2a: Torterra|0 fnt\n|faint|p2a: Torterra\n|\n|win|kfnlvdikgtid\n|raw|kfnlvdikgtid's rating: 1451 &rarr; <strong>1467<\/strong><br \/>(+16 for winning)\n|raw|qingxiaqin's rating: 1379 &rarr; <strong>1363<\/strong><br \/>(-16 for losing)\n|l|\u2606qingxiaqin\n","uploadtime":1701006348,"views":5,"p1id":"kfnlvdikgtid","p2id":"qingxiaqin","formatid":"gen9nationaldex","rating":1363,"private":0,"password":""}