{"id":"gen9nationaldex-1988230039","p1":"OVERBUS42","p2":"atomicheartstart","format":"[Gen 9] National Dex","log":"|j|\u2606OVERBUS42\n|j|\u2606atomicheartstart\n|t:|1699689975\n|gametype|singles\n|player|p1|OVERBUS42|265|1258\n|player|p2|atomicheartstart|picnicker|1340\n|teamsize|p1|6\n|teamsize|p2|6\n|gen|9\n|tier|[Gen 9] National Dex\n|rated|\n|rule|HP Percentage Mod: HP is shown in percentages\n|rule|Endless Battle Clause: Forcing endless battles is banned\n|rule|OHKO Clause: OHKO moves are banned\n|rule|Evasion Clause: Evasion abilities, items, and moves are banned\n|rule|Evasion Abilities Clause: Evasion abilities are banned\n|rule|Evasion Items Clause: Evasion items are banned\n|rule|Evasion Moves Clause: Evasion moves are banned\n|rule|Species Clause: Limit one of each Pok\u00e9mon\n|rule|Sleep Clause Mod: Limit one foe put to sleep\n|clearpoke\n|poke|p1|Kricketune, M|\n|poke|p1|Clamperl, F|\n|poke|p1|Ninetales-Alola, F|\n|poke|p1|Ribombee, M|\n|poke|p1|Pawmot, F|\n|poke|p1|Tsareena, F|\n|poke|p2|Tapu Lele|\n|poke|p2|Armarouge, M|\n|poke|p2|Polteageist-Antique|\n|poke|p2|Gardevoir, F|\n|poke|p2|Minior|\n|poke|p2|Sneasler, F|\n|teampreview\n|inactive|Battle timer is ON: inactive players will automatically lose when time's up. (requested by OVERBUS42)\n|inactive|atomicheartstart also wants the timer to be on.\n|\n|t:|1699689989\n|start\n|switch|p1a: Ribombee|Ribombee, M|100\/100\n|switch|p2a: Tapu Lele|Tapu Lele|100\/100\n|-fieldstart|move: Psychic Terrain|[from] ability: Psychic Surge|[of] p2a: Tapu Lele\n|turn|1\n|\n|t:|1699690002\n|switch|p2a: Minior|Minior|100\/100\n|-formechange|p2a: Minior|Minior-Meteor||[from] ability: Shields Down\n|move|p1a: Ribombee|Sticky Web|p2a: Minior\n|-sidestart|p2: atomicheartstart|move: Sticky Web\n|\n|upkeep\n|turn|2\n|\n|t:|1699690013\n|-terastallize|p2a: Minior|Steel\n|move|p1a: Ribombee|Stun Spore|p2a: Minior\n|-immune|p2a: Minior|[from] ability: Shields Down\n|move|p2a: Minior|Shell Smash|p2a: Minior\n|-unboost|p2a: Minior|def|1\n|-unboost|p2a: Minior|spd|1\n|-boost|p2a: Minior|atk|2\n|-boost|p2a: Minior|spa|2\n|-boost|p2a: Minior|spe|2\n|-enditem|p2a: Minior|White Herb\n|-clearnegativeboost|p2a: Minior|[silent]\n|\n|upkeep\n|turn|3\n|\n|t:|1699690026\n|move|p2a: Minior|Acrobatics|p1a: Ribombee\n|-supereffective|p1a: Ribombee\n|-enditem|p1a: Ribombee|Focus Sash\n|-damage|p1a: Ribombee|1\/100\n|move|p1a: Ribombee|Tailwind|p1a: Ribombee\n|-sidestart|p1: OVERBUS42|move: Tailwind\n|\n|upkeep\n|turn|4\n|\n|t:|1699690032\n|move|p1a: Ribombee|Moonblast|p2a: Minior\n|-resisted|p2a: Minior\n|-damage|p2a: Minior|81\/100\n|move|p2a: Minior|Acrobatics|p1a: Ribombee\n|-supereffective|p1a: Ribombee\n|-damage|p1a: Ribombee|0 fnt\n|faint|p1a: Ribombee\n|\n|upkeep\n|\n|t:|1699690059\n|switch|p1a: Kricketune|Kricketune, M|100\/100\n|turn|5\n|\n|t:|1699690070\n|move|p1a: Kricketune|Knock Off|p2a: Minior\n|-damage|p2a: Minior|58\/100\n|move|p2a: Minior|Acrobatics|p1a: Kricketune\n|-supereffective|p1a: Kricketune\n|-enditem|p1a: Kricketune|Focus Sash\n|-damage|p1a: Kricketune|1\/100\n|\n|-fieldend|move: Psychic Terrain\n|upkeep\n|turn|6\n|\n|t:|1699690083\n|move|p1a: Kricketune|Knock Off|p2a: Minior\n|-damage|p2a: Minior|35\/100\n|move|p2a: Minior|Acrobatics|p1a: Kricketune\n|-supereffective|p1a: Kricketune\n|-damage|p1a: Kricketune|0 fnt\n|faint|p1a: Kricketune\n|\n|-sideend|p1: OVERBUS42|move: Tailwind\n|-formechange|p2a: Minior|Minior||[from] ability: Shields Down\n|upkeep\n|inactive|OVERBUS42 has 120 seconds left.\n|\n|t:|1699690093\n|switch|p1a: Tsareena|Tsareena, F|100\/100\n|turn|7\n|\n|t:|1699690099\n|move|p2a: Minior|Acrobatics|p1a: Tsareena\n|-supereffective|p1a: Tsareena\n|-damage|p1a: Tsareena|0 fnt\n|faint|p1a: Tsareena\n|\n|upkeep\n|\n|t:|1699690102\n|switch|p1a: Ninetales|Ninetales-Alola, F|100\/100\n|-weather|Snow|[from] ability: Snow Warning|[of] p1a: Ninetales\n|turn|8\n|\n|t:|1699690107\n|move|p2a: Minior|Rock Slide|p1a: Ninetales\n|-supereffective|p1a: Ninetales\n|-damage|p1a: Ninetales|0 fnt\n|faint|p1a: Ninetales\n|\n|-weather|Snow|[upkeep]\n|upkeep\n|\n|t:|1699690111\n|switch|p1a: Clamperl|Clamperl, F|100\/100\n|turn|9\n|-message|OVERBUS42 forfeited.\n|\n|win|atomicheartstart\n|raw|OVERBUS42's rating: 1258 &rarr; <strong>1239<\/strong><br \/>(-19 for losing)\n|raw|atomicheartstart's rating: 1340 &rarr; <strong>1355<\/strong><br \/>(+15 for winning)\n|l|\u2606OVERBUS42\n","uploadtime":1699690131,"views":6,"p1id":"overbus42","p2id":"atomicheartstart","formatid":"gen9nationaldex","rating":1239,"private":0,"password":""}