{"id":"gen9nationaldex-2000189215","p1":"goravor","p2":"sjudka","format":"[Gen 9] National Dex","log":"|html|<div class=\"broadcast-blue\"><strong>[Gen 9] National Dex is currently suspecting Sneasler! For information on how to participate check out the <a href=\"https:\/\/www.smogon.com\/forums\/threads\/sv-national-dex-suspect-8-just-dance.3731534\/\">suspect thread<\/a>.<\/strong><\/div>\n|j|\u2606goravor\n|j|\u203dsjudka\n|t:|1701169579\n|gametype|singles\n|player|p1|goravor|hau|1342\n|player|p2|sjudka|265|1248\n|teamsize|p1|6\n|teamsize|p2|6\n|gen|9\n|tier|[Gen 9] National Dex\n|rated|\n|rule|HP Percentage Mod: HP is shown in percentages\n|rule|Endless Battle Clause: Forcing endless battles is banned\n|rule|OHKO Clause: OHKO moves are banned\n|rule|Evasion Clause: Evasion abilities, items, and moves are banned\n|rule|Evasion Abilities Clause: Evasion abilities are banned\n|rule|Evasion Items Clause: Evasion items are banned\n|rule|Evasion Moves Clause: Evasion moves are banned\n|rule|Species Clause: Limit one of each Pok\u00e9mon\n|rule|Sleep Clause Mod: Limit one foe put to sleep\n|clearpoke\n|poke|p1|Sigilyph, F|\n|poke|p1|Samurott-Hisui, M|\n|poke|p1|Zamazenta-*|\n|poke|p1|Hatterene, F|\n|poke|p1|Beedrill, F|\n|poke|p1|Great Tusk|\n|poke|p2|Pelipper, M|\n|poke|p2|Urshifu-*, M|\n|poke|p2|Barraskewda, F|\n|poke|p2|Zapdos|\n|poke|p2|Garchomp, M|\n|poke|p2|Scizor, M|\n|teampreview\n|\n|t:|1701169591\n|start\n|switch|p1a: stock fish|Samurott-Hisui, M|100\/100\n|switch|p2a: Scizor|Scizor, M|100\/100\n|turn|1\n|inactive|Battle timer is ON: inactive players will automatically lose when time's up. (requested by sjudka)\n|\n|t:|1701169601\n|detailschange|p2a: Scizor|Scizor-Mega, M\n|-mega|p2a: Scizor|Scizor|Scizorite\n|move|p1a: stock fish|Knock Off|p2a: Scizor\n|-damage|p2a: Scizor|73\/100\n|move|p2a: Scizor|Dual Wingbeat|p1a: stock fish\n|-damage|p1a: stock fish|67\/100\n|-damage|p1a: stock fish|34\/100\n|-hitcount|p1a: stock fish|2\n|\n|upkeep\n|turn|2\n|\n|t:|1701169610\n|move|p1a: stock fish|Razor Shell|p2a: Scizor|[miss]\n|-miss|p1a: stock fish|p2a: Scizor\n|move|p2a: Scizor|Swords Dance|p2a: Scizor\n|-boost|p2a: Scizor|atk|2\n|\n|upkeep\n|turn|3\n|\n|t:|1701169614\n|move|p1a: stock fish|Aqua Jet|p2a: Scizor\n|-damage|p2a: Scizor|55\/100\n|move|p2a: Scizor|Bullet Punch|p1a: stock fish\n|-resisted|p1a: stock fish\n|-crit|p1a: stock fish\n|-damage|p1a: stock fish|0 fnt\n|faint|p1a: stock fish\n|\n|upkeep\n|\n|t:|1701169620\n|switch|p1a: beaches BEACHES...|Zamazenta|100\/100\n|-ability|p1a: beaches BEACHES...|Dauntless Shield|boost\n|-boost|p1a: beaches BEACHES...|def|1\n|turn|4\n|\n|t:|1701169625\n|switch|p2a: Zapdos|Zapdos|100\/100\n|move|p1a: beaches BEACHES...|Iron Defense|p1a: beaches BEACHES...\n|-boost|p1a: beaches BEACHES...|def|2\n|\n|upkeep\n|turn|5\n|\n|t:|1701169632\n|move|p1a: beaches BEACHES...|Crunch|p2a: Zapdos\n|-damage|p2a: Zapdos|75\/100\n|-zpower|p2a: Zapdos\n|move|p2a: Zapdos|Z-Rain Dance|p2a: Zapdos|[anim]Rain Dance\n|-boost|p2a: Zapdos|spe|1|[zeffect]\n|-weather|RainDance\n|\n|-weather|RainDance|[upkeep]\n|upkeep\n|turn|6\n|\n|t:|1701169647\n|move|p2a: Zapdos|Hurricane|p1a: beaches BEACHES...\n|-supereffective|p1a: beaches BEACHES...\n|-damage|p1a: beaches BEACHES...|3\/100\n|move|p1a: beaches BEACHES...|Crunch|p2a: Zapdos\n|-damage|p2a: Zapdos|46\/100\n|-status|p1a: beaches BEACHES...|par|[from] ability: Static|[of] p2a: Zapdos\n|\n|-weather|RainDance|[upkeep]\n|-heal|p1a: beaches BEACHES...|9\/100 par|[from] item: Leftovers\n|upkeep\n|turn|7\n|\n|t:|1701169656\n|move|p2a: Zapdos|Hurricane|p1a: beaches BEACHES...\n|-supereffective|p1a: beaches BEACHES...\n|-damage|p1a: beaches BEACHES...|0 fnt\n|faint|p1a: beaches BEACHES...\n|\n|-weather|RainDance|[upkeep]\n|upkeep\n|\n|t:|1701169668\n|switch|p1a: F1|Beedrill, F|100\/100\n|turn|8\n|\n|t:|1701169671\n|detailschange|p1a: F1|Beedrill-Mega, F\n|-mega|p1a: F1|Beedrill|Beedrillite\n|move|p2a: Zapdos|Hurricane|p1a: F1\n|-supereffective|p1a: F1\n|-damage|p1a: F1|0 fnt\n|faint|p1a: F1\n|\n|-weather|RainDance|[upkeep]\n|upkeep\n|\n|t:|1701169675\n|switch|p1a: no name 4 u):<|Sigilyph, F|100\/100\n|turn|9\n|\n|t:|1701169683\n|move|p2a: Zapdos|Thunder|p1a: no name 4 u):<\n|-supereffective|p1a: no name 4 u):<\n|-damage|p1a: no name 4 u):<|0 fnt\n|faint|p1a: no name 4 u):<\n|\n|-weather|none\n|upkeep\n|\n|t:|1701169688\n|switch|p1a: i'm faster than u|Hatterene, F|100\/100\n|turn|10\n|\n|t:|1701169698\n|move|p2a: Zapdos|Thunder|p1a: i'm faster than u\n|-damage|p1a: i'm faster than u|18\/100\n|-status|p1a: i'm faster than u|par\n|cant|p1a: i'm faster than u|par\n|\n|-heal|p1a: i'm faster than u|24\/100 par|[from] item: Leftovers\n|upkeep\n|turn|11\n|-message|goravor forfeited.\n|\n|win|sjudka\n|raw|goravor's rating: 1342 &rarr; <strong>1317<\/strong><br \/>(-25 for losing)\n|raw|sjudka's rating: 1248 &rarr; <strong>1280<\/strong><br \/>(+32 for winning)\n|l|\u2606goravor\n","uploadtime":1701169711,"views":5,"p1id":"goravor","p2id":"sjudka","formatid":"gen9nationaldex","rating":1280,"private":0,"password":""}