{"id":"gen9nationaldex-1996057222","p1":"Viruskiller","p2":"gogotaxi","format":"[Gen 9] National Dex","log":"|html|<div class=\"broadcast-blue\"><strong>[Gen 9] National Dex is currently suspecting Sneasler! For information on how to participate check out the <a href=\"https:\/\/www.smogon.com\/forums\/threads\/sv-national-dex-suspect-8-just-dance.3731534\/\">suspect thread<\/a>.<\/strong><\/div>\n|j|\u2606Viruskiller\n|j|\u2606gogotaxi\n|t:|1700636810\n|gametype|singles\n|player|p1|Viruskiller|red|1029\n|player|p2|gogotaxi|shauntal|1072\n|teamsize|p1|6\n|teamsize|p2|6\n|gen|9\n|tier|[Gen 9] National Dex\n|rated|\n|rule|HP Percentage Mod: HP is shown in percentages\n|rule|Endless Battle Clause: Forcing endless battles is banned\n|rule|OHKO Clause: OHKO moves are banned\n|rule|Evasion Clause: Evasion abilities, items, and moves are banned\n|rule|Evasion Abilities Clause: Evasion abilities are banned\n|rule|Evasion Items Clause: Evasion items are banned\n|rule|Evasion Moves Clause: Evasion moves are banned\n|rule|Species Clause: Limit one of each Pok\u00e9mon\n|rule|Sleep Clause Mod: Limit one foe put to sleep\n|clearpoke\n|poke|p1|Krookodile, F|\n|poke|p1|Greninja-*, F|\n|poke|p1|Charizard, F|\n|poke|p1|Kleavor, F|\n|poke|p1|Sceptile, F|\n|poke|p1|Toxtricity, F|\n|poke|p2|Ditto|\n|poke|p2|Sableye, F|\n|poke|p2|Gligar, M|\n|poke|p2|Ninjask, F|\n|poke|p2|Muk, M|\n|poke|p2|Jigglypuff, M|\n|teampreview\n|inactive|Battle timer is ON: inactive players will automatically lose when time's up. (requested by gogotaxi)\n|\n|t:|1700636814\n|start\n|switch|p1a: the rockler|Kleavor, F|100\/100\n|switch|p2a: sadie|Sableye, F, shiny|100\/100\n|turn|1\n|c|\u2606Viruskiller|ood team but ok\n|\n|t:|1700636825\n|detailschange|p2a: sadie|Sableye-Mega, F, shiny\n|-mega|p2a: sadie|Sableye|Sablenite\n|move|p1a: the rockler|Stone Axe|p2a: sadie\n|-damage|p2a: sadie|57\/100\n|-sidestart|p2: gogotaxi|move: Stealth Rock\n|-damage|p1a: the rockler|91\/100|[from] item: Life Orb\n|move|p2a: sadie|Will-O-Wisp|p1a: the rockler\n|-status|p1a: the rockler|brn\n|\n|-damage|p1a: the rockler|84\/100 brn|[from] brn\n|upkeep\n|turn|2\n|c|\u2606Viruskiller|aw sick\n|c|\u2606Viruskiller|that shiny is so good\n|\n|t:|1700636843\n|move|p1a: the rockler|X-Scissor|p2a: sadie\n|-damage|p2a: sadie|30\/100\n|-damage|p1a: the rockler|75\/100 brn|[from] item: Life Orb\n|move|p2a: sadie|Recover|p2a: sadie\n|-heal|p2a: sadie|80\/100\n|\n|-damage|p1a: the rockler|68\/100 brn|[from] brn\n|upkeep\n|turn|3\n|c|\u2606gogotaxi|haha ty man\n|\n|t:|1700636851\n|move|p1a: the rockler|Stone Axe|p2a: sadie\n|-damage|p2a: sadie|58\/100\n|-damage|p1a: the rockler|59\/100 brn|[from] item: Life Orb\n|move|p2a: sadie|Night Shade|p1a: the rockler\n|-damage|p1a: the rockler|23\/100 brn\n|\n|-damage|p1a: the rockler|17\/100 brn|[from] brn\n|upkeep\n|turn|4\n|c|\u2606Viruskiller|quick question\n|c|\u2606Viruskiller|unberden when loosing weekness policy activates right?\n|\n|t:|1700636863\n|move|p1a: the rockler|Roost|p1a: the rockler\n|-heal|p1a: the rockler|67\/100 brn\n|-singleturn|p1a: the rockler|move: Roost\n|move|p2a: sadie|Recover|p2a: sadie\n|-heal|p2a: sadie|100\/100\n|\n|-damage|p1a: the rockler|61\/100 brn|[from] brn\n|upkeep\n|turn|5\n|c|\u2606gogotaxi|i have no idea honestly\n|\n|t:|1700636873\n|move|p1a: the rockler|Stone Axe|p2a: sadie|[miss]\n|-miss|p1a: the rockler|p2a: sadie\n|move|p2a: sadie|Taunt|p1a: the rockler\n|-start|p1a: the rockler|move: Taunt\n|\n|-damage|p1a: the rockler|55\/100 brn|[from] brn\n|upkeep\n|turn|6\n|c|\u2606Viruskiller|well i have been hving a problem with it\n|c|\u2606Viruskiller|its really annoying\n|\n|t:|1700636903\n|move|p1a: the rockler|Stone Axe|p2a: sadie\n|-damage|p2a: sadie|75\/100\n|-damage|p1a: the rockler|45\/100 brn|[from] item: Life Orb\n|move|p2a: sadie|Night Shade|p1a: the rockler\n|-damage|p1a: the rockler|9\/100 brn\n|\n|-damage|p1a: the rockler|3\/100 brn|[from] brn\n|upkeep\n|turn|7\n|\n|t:|1700636917\n|move|p1a: the rockler|Stone Axe|p2a: sadie\n|-damage|p2a: sadie|50\/100\n|-damage|p1a: the rockler|0 fnt|[from] item: Life Orb\n|faint|p1a: the rockler\n|move|p2a: sadie|Night Shade|p1: the rockler|[notarget]\n|-fail|p2a: sadie\n|\n|upkeep\n|\n|t:|1700636923\n|switch|p1a: storm|Greninja, F|100\/100\n|turn|8\n|\n|t:|1700636926\n|move|p1a: storm|Dark Pulse|p2a: sadie\n|-start|p1a: storm|typechange|Dark|[from] ability: Protean\n|-damage|p2a: sadie|26\/100\n|cant|p2a: sadie|flinch\n|\n|upkeep\n|turn|9\n|c|\u2606Viruskiller|?\n|c|\u2606Viruskiller|aint ghost and dark week to dark?\n|c|\u2606gogotaxi|what? lol\n|c|\u2606gogotaxi|nah\n|\n|t:|1700636948\n|switch|p2a: gliggy|Gligar, M, shiny|100\/100\n|-damage|p2a: gliggy|88\/100|[from] Stealth Rock\n|move|p1a: storm|U-turn|p2a: gliggy\n|-resisted|p2a: gliggy\n|-damage|p2a: gliggy|85\/100\n|c|\u2606Viruskiller|oh\n|c|\u2606Viruskiller|damn\n|\n|t:|1700636958\n|switch|p1a: uranium|Toxtricity, F, shiny|100\/100|[from] U-turn\n|\n|upkeep\n|turn|10\n|\n|t:|1700636964\n|-terastallize|p1a: uranium|Normal\n|move|p1a: uranium|Shift Gear|p1a: uranium\n|-boost|p1a: uranium|spe|2\n|-boost|p1a: uranium|atk|1\n|move|p2a: gliggy|Defog|p1a: uranium\n|-unboost|p1a: uranium|evasion|1\n|-sideend|p2: gogotaxi|Stealth Rock|[from] move: Defog|[of] p2a: gliggy\n|\n|upkeep\n|turn|11\n|\n|t:|1700636972\n|move|p1a: uranium|Boomburst|p2a: gliggy\n|-damage|p2a: gliggy|14\/100\n|-enditem|p1a: uranium|Throat Spray\n|-boost|p1a: uranium|spa|1|[from] item: Throat Spray\n|move|p2a: gliggy|Toxic|p1a: uranium\n|-status|p1a: uranium|tox\n|\n|-damage|p1a: uranium|95\/100 tox|[from] psn\n|upkeep\n|turn|12\n|\n|t:|1700636982\n|switch|p2a: sadie|Sableye-Mega, F, shiny|26\/100\n|move|p1a: uranium|Sludge Bomb|p2a: sadie\n|-resisted|p2a: sadie\n|-damage|p2a: sadie|0 fnt\n|faint|p2a: sadie\n|\n|-damage|p1a: uranium|83\/100 tox|[from] psn\n|upkeep\n|\n|t:|1700636993\n|switch|p2a: puff|Jigglypuff, M, shiny|100\/100\n|turn|13\n|\n|t:|1700637000\n|move|p1a: uranium|Boomburst|p2a: puff\n|-damage|p2a: puff|0 fnt\n|faint|p2a: puff\n|\n|-damage|p1a: uranium|65\/100 tox|[from] psn\n|upkeep\n|c|\u2606Viruskiller|grenn eyes\n|\n|t:|1700637005\n|switch|p2a: itto|Ditto, shiny|100\/100\n|-transform|p2a: itto|p1a: uranium|[from] ability: Imposter\n|-start|p2a: itto|typechange|Electric\/Poison|[silent]\n|turn|14\n|c|\u2606Viruskiller|aint got nothing on ear bleeds lol\n|\n|t:|1700637011\n|move|p2a: itto|Boomburst|p1a: uranium\n|-damage|p1a: uranium|7\/100 tox\n|move|p1a: uranium|Boomburst|p2a: itto\n|-damage|p2a: itto|0 fnt\n|faint|p2a: itto\n|\n|-damage|p1a: uranium|0 fnt|[from] psn\n|faint|p1a: uranium\n|upkeep\n|c|\u2606Viruskiller|wow\n|\n|t:|1700637023\n|switch|p1a: slash|Sceptile, F|100\/100\n|switch|p2a: jask|Ninjask, F, shiny|100\/100\n|turn|15\n|\n|t:|1700637030\n|move|p1a: slash|Endure|p1a: slash\n|-singleturn|p1a: slash|move: Endure\n|move|p2a: jask|Leech Life|p1a: slash\n|-supereffective|p1a: slash\n|-crit|p1a: slash\n|-activate|p1a: slash|move: Endure\n|-damage|p1a: slash|1\/100\n|-enditem|p1a: slash|Weakness Policy\n|-boost|p1a: slash|atk|2|[from] item: Weakness Policy\n|-boost|p1a: slash|spa|2|[from] item: Weakness Policy\n|\n|upkeep\n|turn|16\n|c|\u2606Viruskiller|bruh\n|c|\u2606Viruskiller|again\n|c|\u2606Viruskiller|unberd wont work\n|\n|t:|1700637047\n|move|p1a: slash|Thunder Punch|p2a: jask\n|-supereffective|p2a: jask\n|-damage|p2a: jask|0 fnt\n|faint|p2a: jask\n|\n|upkeep\n|\n|t:|1700637052\n|switch|p2a: ku|Muk, M, shiny|100\/100\n|turn|17\n|\n|t:|1700637057\n|move|p1a: slash|Earthquake|p2a: ku\n|-supereffective|p2a: ku\n|-damage|p2a: ku|12\/100\n|move|p2a: ku|Sludge Bomb|p1a: slash\n|-supereffective|p1a: slash\n|-damage|p1a: slash|0 fnt\n|faint|p1a: slash\n|\n|-heal|p2a: ku|18\/100|[from] item: Leftovers\n|upkeep\n|\n|t:|1700637061\n|switch|p1a: Charcoal|Charizard, F|100\/100\n|turn|18\n|-message|gogotaxi forfeited.\n|\n|win|Viruskiller\n|raw|Viruskiller's rating: 1029 &rarr; <strong>1069<\/strong><br \/>(+40 for winning)\n|raw|gogotaxi's rating: 1072 &rarr; <strong>1049<\/strong><br \/>(-23 for losing)\n|l|\u2606gogotaxi\n|c|\u2606Viruskiller|gg\n","uploadtime":1700637068,"views":0,"p1id":"viruskiller","p2id":"gogotaxi","formatid":"gen9nationaldex","rating":1049,"private":0,"password":""}