{"id":"gen9nationaldex-1989091656","p1":"Skylord2007","p2":"fred fazbars","format":"[Gen 9] National Dex","log":"|j|\u2606Skylord2007\n|j|\u2606fred fazbars\n|t:|1699811230\n|gametype|singles\n|player|p1|Skylord2007|candice|\n|player|p2|fred fazbars|102|\n|teamsize|p1|6\n|teamsize|p2|6\n|gen|9\n|tier|[Gen 9] National Dex\n|rule|HP Percentage Mod: HP is shown in percentages\n|rule|Endless Battle Clause: Forcing endless battles is banned\n|rule|OHKO Clause: OHKO moves are banned\n|rule|Evasion Clause: Evasion abilities, items, and moves are banned\n|rule|Evasion Abilities Clause: Evasion abilities are banned\n|rule|Evasion Items Clause: Evasion items are banned\n|rule|Evasion Moves Clause: Evasion moves are banned\n|rule|Species Clause: Limit one of each Pok\u00e9mon\n|rule|Sleep Clause Mod: Limit one foe put to sleep\n|clearpoke\n|poke|p1|Meloetta|\n|poke|p1|Zoroark-Hisui, M|\n|poke|p1|Staraptor, F|\n|poke|p1|Porygon-Z|\n|poke|p1|Gyarados, M|\n|poke|p1|Diancie|\n|poke|p2|Ribombee, M|\n|poke|p2|Nidoking, M|\n|poke|p2|Alomomola, F|\n|poke|p2|Hatterene, F|\n|poke|p2|Manaphy|\n|poke|p2|Iron Valiant|\n|teampreview\n|\n|t:|1699811267\n|start\n|switch|p1a: Arson|Gyarados, M, shiny|100\/100\n|switch|p2a: Ribombee|Ribombee, M|100\/100\n|-ability|p1a: Arson|Intimidate|boost\n|-unboost|p2a: Ribombee|atk|1\n|turn|1\n|\n|t:|1699811277\n|move|p2a: Ribombee|Lunge|p1a: Arson\n|-resisted|p1a: Arson\n|-damage|p1a: Arson|93\/100\n|-unboost|p1a: Arson|atk|1\n|move|p1a: Arson|Scald|p2a: Ribombee\n|-damage|p2a: Ribombee|58\/100\n|\n|upkeep\n|turn|2\n|\n|t:|1699811291\n|move|p2a: Ribombee|Sticky Web|p1a: Arson\n|-sidestart|p1: Skylord2007|move: Sticky Web\n|move|p1a: Arson|Hurricane|p2a: Ribombee\n|-supereffective|p2a: Ribombee\n|-damage|p2a: Ribombee|0 fnt\n|faint|p2a: Ribombee\n|\n|upkeep\n|\n|t:|1699811307\n|switch|p2a: Hatterene|Hatterene, F|100\/100\n|turn|3\n|\n|t:|1699811314\n|move|p1a: Arson|Hurricane|p2a: Hatterene\n|-damage|p2a: Hatterene|68\/100\n|move|p2a: Hatterene|Nuzzle|p1a: Arson\n|-supereffective|p1a: Arson\n|-damage|p1a: Arson|71\/100\n|-status|p1a: Arson|par\n|\n|-heal|p2a: Hatterene|74\/100|[from] item: Leftovers\n|upkeep\n|turn|4\n|\n|t:|1699811331\n|switch|p1a: 119|Staraptor, F|100\/100\n|move|p2a: Hatterene|Reflect|p2a: Hatterene\n|-sidestart|p2: fred fazbars|Reflect\n|\n|-heal|p2a: Hatterene|80\/100|[from] item: Leftovers\n|upkeep\n|turn|5\n|\n|t:|1699811348\n|switch|p1a: Arson|Gyarados, M, shiny|71\/100 par\n|-ability|p1a: Arson|Intimidate|boost\n|-unboost|p2a: Hatterene|atk|1\n|move|p2a: Hatterene|Nuzzle|p1a: Arson\n|-supereffective|p1a: Arson\n|-damage|p1a: Arson|56\/100 par\n|\n|-heal|p2a: Hatterene|86\/100|[from] item: Leftovers\n|upkeep\n|turn|6\n|\n|t:|1699811362\n|move|p1a: Arson|Scald|p2a: Hatterene\n|-damage|p2a: Hatterene|65\/100\n|move|p2a: Hatterene|Light Screen|p2a: Hatterene\n|-sidestart|p2: fred fazbars|move: Light Screen\n|\n|-heal|p2a: Hatterene|71\/100|[from] item: Leftovers\n|upkeep\n|turn|7\n|\n|t:|1699811376\n|cant|p1a: Arson|par\n|move|p2a: Hatterene|Draining Kiss|p1a: Arson\n|-damage|p1a: Arson|32\/100 par\n|-heal|p2a: Hatterene|90\/100|[from] drain|[of] p1a: Arson\n|\n|-heal|p2a: Hatterene|96\/100|[from] item: Leftovers\n|upkeep\n|turn|8\n|\n|t:|1699811406\n|move|p1a: Arson|Scald|p2a: Hatterene\n|-damage|p2a: Hatterene|85\/100\n|move|p2a: Hatterene|Draining Kiss|p1a: Arson\n|-damage|p1a: Arson|9\/100 par\n|-heal|p2a: Hatterene|100\/100|[from] drain|[of] p1a: Arson\n|\n|-sideend|p2: fred fazbars|Reflect\n|upkeep\n|turn|9\n|\n|t:|1699811416\n|cant|p1a: Arson|par\n|move|p2a: Hatterene|Reflect|p2a: Hatterene\n|-sidestart|p2: fred fazbars|Reflect\n|\n|upkeep\n|turn|10\n|\n|t:|1699811437\n|switch|p2a: Manaphy|Manaphy|100\/100\n|move|p1a: Arson|Scald|p2a: Manaphy\n|-resisted|p2a: Manaphy\n|-damage|p2a: Manaphy|95\/100\n|-status|p2a: Manaphy|brn\n|\n|-heal|p2a: Manaphy|100\/100 brn|[from] item: Leftovers\n|-damage|p2a: Manaphy|94\/100 brn|[from] brn\n|-sideend|p2: fred fazbars|move: Light Screen\n|upkeep\n|turn|11\n|\n|t:|1699811450\n|move|p2a: Manaphy|Tail Glow|p2a: Manaphy\n|-boost|p2a: Manaphy|spa|3\n|move|p1a: Arson|Hurricane|p2a: Manaphy|[miss]\n|-miss|p1a: Arson|p2a: Manaphy\n|\n|-heal|p2a: Manaphy|100\/100 brn|[from] item: Leftovers\n|-damage|p2a: Manaphy|94\/100 brn|[from] brn\n|upkeep\n|turn|12\n|\n|t:|1699811461\n|move|p2a: Manaphy|Tail Glow|p2a: Manaphy\n|-boost|p2a: Manaphy|spa|3\n|cant|p1a: Arson|par\n|\n|-heal|p2a: Manaphy|100\/100 brn|[from] item: Leftovers\n|-damage|p2a: Manaphy|94\/100 brn|[from] brn\n|upkeep\n|turn|13\n|-message|Skylord2007 forfeited.\n|\n|win|fred fazbars\n|l|\u2606Skylord2007\n","uploadtime":1699811498,"views":27,"p1id":"skylord2007","p2id":"fredfazbars","formatid":"gen9nationaldex","rating":0,"private":0,"password":""}