{"id":"gen9nationaldex-1997585836","p1":"emeth2159","p2":"Ribbit Mania","format":"[Gen 9] National Dex","log":"|html|<div class=\"broadcast-blue\"><strong>[Gen 9] National Dex is currently suspecting Sneasler! For information on how to participate check out the <a href=\"https:\/\/www.smogon.com\/forums\/threads\/sv-national-dex-suspect-8-just-dance.3731534\/\">suspect thread<\/a>.<\/strong><\/div>\n|j|\u2606emeth2159\n|j|\u2606Ribbit Mania\n|t:|1700829333\n|gametype|singles\n|player|p1|emeth2159|worker|1289\n|player|p2|Ribbit Mania|skierf|1198\n|teamsize|p1|6\n|teamsize|p2|6\n|gen|9\n|tier|[Gen 9] National Dex\n|rated|\n|rule|HP Percentage Mod: HP is shown in percentages\n|rule|Endless Battle Clause: Forcing endless battles is banned\n|rule|OHKO Clause: OHKO moves are banned\n|rule|Evasion Clause: Evasion abilities, items, and moves are banned\n|rule|Evasion Abilities Clause: Evasion abilities are banned\n|rule|Evasion Items Clause: Evasion items are banned\n|rule|Evasion Moves Clause: Evasion moves are banned\n|rule|Species Clause: Limit one of each Pok\u00e9mon\n|rule|Sleep Clause Mod: Limit one foe put to sleep\n|clearpoke\n|poke|p1|Dhelmise|\n|poke|p1|Alomomola, F|\n|poke|p1|Hoopa-Unbound|\n|poke|p1|Great Tusk|\n|poke|p1|Cinderace, M|\n|poke|p1|Tapu Lele|\n|poke|p2|Maushold|\n|poke|p2|Cloyster, F|\n|poke|p2|Cinccino, M|\n|poke|p2|Gliscor, F|\n|poke|p2|Blaziken, F|\n|poke|p2|Beedrill, M|\n|teampreview\n|inactive|Battle timer is ON: inactive players will automatically lose when time's up. (requested by Ribbit Mania)\n|\n|t:|1700829346\n|start\n|switch|p1a: Hoopa|Hoopa-Unbound|100\/100\n|switch|p2a: Miles Prower|Cinccino, M, shiny|100\/100\n|turn|1\n|\n|t:|1700829361\n|switch|p1a: Alomomola|Alomomola, F|100\/100\n|move|p2a: Miles Prower|U-turn|p1a: Alomomola\n|-crit|p1a: Alomomola\n|-damage|p1a: Alomomola|78\/100\n|-damage|p2a: Miles Prower|91\/100|[from] item: Life Orb\n|\n|t:|1700829372\n|switch|p2a: MUDAMUDAMUDAMUDA|Maushold|100\/100|[from] U-turn\n|\n|upkeep\n|turn|2\n|\n|t:|1700829378\n|move|p2a: MUDAMUDAMUDAMUDA|Tidy Up|p2a: MUDAMUDAMUDAMUDA\n|-boost|p2a: MUDAMUDAMUDAMUDA|atk|1\n|-boost|p2a: MUDAMUDAMUDAMUDA|spe|1\n|move|p1a: Alomomola|Toxic|p2a: MUDAMUDAMUDAMUDA\n|-status|p2a: MUDAMUDAMUDAMUDA|tox\n|\n|-damage|p2a: MUDAMUDAMUDAMUDA|94\/100 tox|[from] psn\n|upkeep\n|turn|3\n|\n|t:|1700829383\n|move|p2a: MUDAMUDAMUDAMUDA|Tidy Up|p2a: MUDAMUDAMUDAMUDA\n|-boost|p2a: MUDAMUDAMUDAMUDA|atk|1\n|-boost|p2a: MUDAMUDAMUDAMUDA|spe|1\n|move|p1a: Alomomola|Wish|p1a: Alomomola\n|\n|-damage|p2a: MUDAMUDAMUDAMUDA|82\/100 tox|[from] psn\n|upkeep\n|turn|4\n|\n|t:|1700829388\n|move|p2a: MUDAMUDAMUDAMUDA|Bullet Seed|p1a: Alomomola\n|-supereffective|p1a: Alomomola\n|-damage|p1a: Alomomola|57\/100\n|-supereffective|p1a: Alomomola\n|-damage|p1a: Alomomola|37\/100\n|-supereffective|p1a: Alomomola\n|-damage|p1a: Alomomola|14\/100\n|-supereffective|p1a: Alomomola\n|-damage|p1a: Alomomola|0 fnt\n|faint|p1a: Alomomola\n|-hitcount|p1: Alomomola|4\n|\n|-damage|p2a: MUDAMUDAMUDAMUDA|63\/100 tox|[from] psn\n|upkeep\n|\n|t:|1700829392\n|switch|p1a: Hoopa|Hoopa-Unbound|100\/100\n|turn|5\n|\n|t:|1700829401\n|switch|p1a: Dhelmise|Dhelmise|100\/100\n|move|p2a: MUDAMUDAMUDAMUDA|Population Bomb|p1a: Dhelmise\n|-immune|p1a: Dhelmise\n|\n|-damage|p2a: MUDAMUDAMUDAMUDA|38\/100 tox|[from] psn\n|upkeep\n|turn|6\n|\n|t:|1700829410\n|-terastallize|p1a: Dhelmise|Steel\n|move|p2a: MUDAMUDAMUDAMUDA|U-turn|p1a: Dhelmise\n|-resisted|p1a: Dhelmise\n|-damage|p1a: Dhelmise|85\/100\n|\n|t:|1700829414\n|switch|p2a: Thunder Thighs|Blaziken, F|100\/100|[from] U-turn\n|move|p1a: Dhelmise|Anchor Shot|p2a: Thunder Thighs\n|-resisted|p2a: Thunder Thighs\n|-damage|p2a: Thunder Thighs|20\/100\n|-activate|p2a: Thunder Thighs|trapped\n|\n|upkeep\n|turn|7\n|\n|t:|1700829427\n|switch|p1a: Cinderace|Cinderace, M|100\/100\n|-zpower|p2a: Thunder Thighs\n|move|p2a: Thunder Thighs|Inferno Overdrive|p1a: Cinderace|[zeffect]\n|-resisted|p1a: Cinderace\n|-damage|p1a: Cinderace|26\/100\n|\n|-ability|p2a: Thunder Thighs|Speed Boost|boost\n|-boost|p2a: Thunder Thighs|spe|1\n|upkeep\n|turn|8\n|\n|t:|1700829434\n|move|p2a: Thunder Thighs|Quick Attack|p1a: Cinderace\n|-damage|p1a: Cinderace|6\/100\n|move|p1a: Cinderace|Sucker Punch||[still]\n|-fail|p1a: Cinderace\n|\n|-ability|p2a: Thunder Thighs|Speed Boost|boost\n|-boost|p2a: Thunder Thighs|spe|1\n|upkeep\n|turn|9\n|\n|t:|1700829441\n|switch|p1a: Great Tusk|Great Tusk|100\/100\n|move|p2a: Thunder Thighs|Quick Attack|p1a: Great Tusk\n|-damage|p1a: Great Tusk|93\/100\n|\n|-ability|p2a: Thunder Thighs|Speed Boost|boost\n|-boost|p2a: Thunder Thighs|spe|1\n|upkeep\n|turn|10\n|\n|t:|1700829447\n|move|p2a: Thunder Thighs|Flare Blitz|p1a: Great Tusk\n|-crit|p1a: Great Tusk\n|-damage|p1a: Great Tusk|41\/100\n|-damage|p2a: Thunder Thighs|0 fnt|[from] Recoil\n|faint|p2a: Thunder Thighs\n|move|p1a: Great Tusk|Rapid Spin|p2: Thunder Thighs|[notarget]\n|-fail|p1a: Great Tusk\n|\n|upkeep\n|\n|t:|1700829454\n|switch|p2a: Miles Prower|Cinccino, M, shiny|91\/100\n|turn|11\n|\n|t:|1700829462\n|move|p2a: Miles Prower|Bullet Seed|p1a: Great Tusk\n|-supereffective|p1a: Great Tusk\n|-damage|p1a: Great Tusk|31\/100\n|-supereffective|p1a: Great Tusk\n|-damage|p1a: Great Tusk|21\/100\n|-supereffective|p1a: Great Tusk\n|-damage|p1a: Great Tusk|10\/100\n|-supereffective|p1a: Great Tusk\n|-damage|p1a: Great Tusk|1\/100\n|-supereffective|p1a: Great Tusk\n|-damage|p1a: Great Tusk|0 fnt\n|faint|p1a: Great Tusk\n|-end|p1a: Great Tusk|Protosynthesis|[silent]\n|-hitcount|p1: Great Tusk|5\n|-damage|p2a: Miles Prower|81\/100|[from] item: Life Orb\n|\n|upkeep\n|\n|t:|1700829467\n|switch|p1a: Dhelmise|Dhelmise, tera:Steel|85\/100\n|turn|12\n|\n|t:|1700829478\n|move|p2a: Miles Prower|U-turn|p1a: Dhelmise\n|-resisted|p1a: Dhelmise\n|-damage|p1a: Dhelmise|73\/100\n|-damage|p2a: Miles Prower|71\/100|[from] item: Life Orb\n|\n|t:|1700829485\n|switch|p2a: Scapegoat|Gliscor, F|100\/100|[from] U-turn\n|move|p1a: Dhelmise|Anchor Shot|p2a: Scapegoat\n|-damage|p2a: Scapegoat|0 fnt\n|faint|p2a: Scapegoat\n|\n|upkeep\n|\n|t:|1700829487\n|switch|p2a: The Rapper|Beedrill, M|100\/100\n|turn|13\n|\n|t:|1700829494\n|detailschange|p2a: The Rapper|Beedrill-Mega, M\n|-mega|p2a: The Rapper|Beedrill|Beedrillite\n|move|p2a: The Rapper|Pin Missile|p1a: Dhelmise\n|-resisted|p1a: Dhelmise\n|-damage|p1a: Dhelmise|62\/100\n|-resisted|p1a: Dhelmise\n|-damage|p1a: Dhelmise|52\/100\n|-resisted|p1a: Dhelmise\n|-damage|p1a: Dhelmise|42\/100\n|-hitcount|p1a: Dhelmise|3\n|move|p1a: Dhelmise|Anchor Shot|p2a: The Rapper\n|-damage|p2a: The Rapper|0 fnt\n|faint|p2a: The Rapper\n|\n|upkeep\n|\n|t:|1700829502\n|switch|p2a: Euphemism|Cloyster, F|100\/100\n|turn|14\n|\n|t:|1700829506\n|move|p2a: Euphemism|Shell Smash|p2a: Euphemism\n|-unboost|p2a: Euphemism|def|1\n|-unboost|p2a: Euphemism|spd|1\n|-boost|p2a: Euphemism|atk|2\n|-boost|p2a: Euphemism|spa|2\n|-boost|p2a: Euphemism|spe|2\n|move|p1a: Dhelmise|Anchor Shot|p2a: Euphemism\n|-enditem|p2a: Euphemism|Focus Sash\n|-damage|p2a: Euphemism|1\/100\n|-activate|p2a: Euphemism|trapped\n|\n|upkeep\n|turn|15\n|\n|t:|1700829509\n|move|p2a: Euphemism|Icicle Spear|p1a: Dhelmise\n|-resisted|p1a: Dhelmise\n|-damage|p1a: Dhelmise|31\/100\n|-resisted|p1a: Dhelmise\n|-damage|p1a: Dhelmise|19\/100\n|-resisted|p1a: Dhelmise\n|-damage|p1a: Dhelmise|7\/100\n|-resisted|p1a: Dhelmise\n|-damage|p1a: Dhelmise|0 fnt\n|faint|p1a: Dhelmise\n|-hitcount|p1: Dhelmise|4\n|\n|upkeep\n|\n|t:|1700829512\n|switch|p1a: Cinderace|Cinderace, M|6\/100\n|turn|16\n|\n|t:|1700829518\n|move|p2a: Euphemism|Icicle Spear|p1a: Cinderace\n|-resisted|p1a: Cinderace\n|-crit|p1a: Cinderace\n|-damage|p1a: Cinderace|0 fnt\n|faint|p1a: Cinderace\n|-hitcount|p1: Cinderace|1\n|\n|upkeep\n|\n|t:|1700829521\n|switch|p1a: Tapu Lele|Tapu Lele|100\/100\n|-fieldstart|move: Psychic Terrain|[from] ability: Psychic Surge|[of] p1a: Tapu Lele\n|turn|17\n|\n|t:|1700829528\n|move|p2a: Euphemism|Pin Missile|p1a: Tapu Lele\n|-damage|p1a: Tapu Lele|76\/100\n|-damage|p1a: Tapu Lele|53\/100\n|-damage|p1a: Tapu Lele|30\/100\n|-damage|p1a: Tapu Lele|8\/100\n|-damage|p1a: Tapu Lele|0 fnt\n|faint|p1a: Tapu Lele\n|-hitcount|p1: Tapu Lele|5\n|\n|upkeep\n|\n|t:|1700829530\n|switch|p1a: Hoopa|Hoopa-Unbound|100\/100\n|turn|18\n|-message|emeth2159 forfeited.\n|\n|win|Ribbit Mania\n|raw|emeth2159's rating: 1289 &rarr; <strong>1258<\/strong><br \/>(-31 for losing)\n|raw|Ribbit Mania's rating: 1198 &rarr; <strong>1229<\/strong><br \/>(+31 for winning)\n|l|\u2606emeth2159\n","uploadtime":1700829593,"views":1,"p1id":"emeth2159","p2id":"ribbitmania","formatid":"gen9nationaldex","rating":1229,"private":0,"password":""}