{"id":"gen9nationaldex-1987167800","p1":"dr egman gameing","p2":"The challenger123","format":"[Gen 9] National Dex","log":"|j|\u2606dr egman gameing\n|j|\u2606The challenger123\n|t:|1699561755\n|gametype|singles\n|player|p1|dr egman gameing|skierf|1286\n|player|p2|The challenger123|li|1269\n|teamsize|p1|6\n|teamsize|p2|6\n|gen|9\n|tier|[Gen 9] National Dex\n|rated|\n|rule|HP Percentage Mod: HP is shown in percentages\n|rule|Endless Battle Clause: Forcing endless battles is banned\n|rule|OHKO Clause: OHKO moves are banned\n|rule|Evasion Clause: Evasion abilities, items, and moves are banned\n|rule|Evasion Abilities Clause: Evasion abilities are banned\n|rule|Evasion Items Clause: Evasion items are banned\n|rule|Evasion Moves Clause: Evasion moves are banned\n|rule|Species Clause: Limit one of each Pok\u00e9mon\n|rule|Sleep Clause Mod: Limit one foe put to sleep\n|clearpoke\n|poke|p1|Tangrowth, M|\n|poke|p1|Amoonguss, F|\n|poke|p1|Tornadus-Therian, M|\n|poke|p1|Mienshao, F|\n|poke|p1|Slowking-Galar, M|\n|poke|p1|Alomomola, F|\n|poke|p2|Politoed, F|\n|poke|p2|Pelipper, F|\n|poke|p2|Ludicolo, M|\n|poke|p2|Clodsire, F|\n|poke|p2|Kingdra, M|\n|poke|p2|Swampert, M|\n|teampreview\n|c|\u2606dr egman gameing|hf\n|inactive|Battle timer is ON: inactive players will automatically lose when time's up. (requested by dr egman gameing)\n|\n|t:|1699561768\n|start\n|switch|p1a: Mienshao|Mienshao, F|100\/100\n|switch|p2a: Politoed|Politoed, F|100\/100\n|-weather|RainDance|[from] ability: Drizzle|[of] p2a: Politoed\n|turn|1\n|\n|t:|1699561780\n|move|p1a: Mienshao|U-turn|p2a: Politoed\n|-damage|p2a: Politoed|72\/100\n|\n|t:|1699561784\n|switch|p1a: Tangrowth|Tangrowth, M|100\/100|[from] U-turn\n|move|p2a: Politoed|Encore||[still]\n|-fail|p2a: Politoed\n|\n|-weather|RainDance|[upkeep]\n|upkeep\n|turn|2\n|\n|t:|1699561792\n|move|p2a: Politoed|Toxic|p1a: Tangrowth\n|-status|p1a: Tangrowth|tox\n|move|p1a: Tangrowth|Knock Off|p2a: Politoed\n|-damage|p2a: Politoed|55\/100\n|-enditem|p2a: Politoed|Damp Rock|[from] move: Knock Off|[of] p1a: Tangrowth\n|\n|-weather|RainDance|[upkeep]\n|-damage|p1a: Tangrowth|94\/100 tox|[from] psn\n|upkeep\n|turn|3\n|\n|t:|1699561802\n|move|p2a: Politoed|Encore|p1a: Tangrowth\n|-start|p1a: Tangrowth|Encore\n|move|p1a: Tangrowth|Knock Off|p2a: Politoed\n|-damage|p2a: Politoed|43\/100\n|\n|-weather|RainDance|[upkeep]\n|-heal|p1a: Tangrowth|100\/100 tox|[from] item: Leftovers\n|-damage|p1a: Tangrowth|88\/100 tox|[from] psn\n|upkeep\n|turn|4\n|\n|t:|1699561816\n|move|p2a: Politoed|Weather Ball|p1a: Tangrowth\n|-resisted|p1a: Tangrowth\n|-damage|p1a: Tangrowth|58\/100 tox\n|move|p1a: Tangrowth|Knock Off|p2a: Politoed\n|-damage|p2a: Politoed|32\/100\n|\n|-weather|RainDance|[upkeep]\n|-heal|p1a: Tangrowth|64\/100 tox|[from] item: Leftovers\n|-damage|p1a: Tangrowth|46\/100 tox|[from] psn\n|upkeep\n|turn|5\n|\n|t:|1699561826\n|switch|p1a: Amoonguss|Amoonguss, F|100\/100\n|move|p2a: Politoed|Weather Ball|p1a: Amoonguss\n|-resisted|p1a: Amoonguss\n|-damage|p1a: Amoonguss|77\/100\n|\n|-weather|RainDance|[upkeep]\n|-heal|p1a: Amoonguss|83\/100|[from] item: Leftovers\n|upkeep\n|turn|6\n|\n|t:|1699561848\n|switch|p2a: Kingdra|Kingdra, M|100\/100\n|move|p1a: Amoonguss|Clear Smog|p2a: Kingdra\n|-damage|p2a: Kingdra|75\/100\n|-clearboost|p2a: Kingdra\n|\n|-weather|RainDance|[upkeep]\n|-heal|p1a: Amoonguss|90\/100|[from] item: Leftovers\n|upkeep\n|turn|7\n|\n|t:|1699561859\n|move|p2a: Kingdra|Draco Meteor|p1a: Amoonguss\n|-damage|p1a: Amoonguss|4\/100\n|-unboost|p2a: Kingdra|spa|2\n|move|p1a: Amoonguss|Sludge Bomb|p2a: Kingdra\n|-damage|p2a: Kingdra|32\/100\n|\n|-weather|RainDance|[upkeep]\n|-heal|p1a: Amoonguss|10\/100|[from] item: Leftovers\n|upkeep\n|turn|8\n|\n|t:|1699561871\n|switch|p1a: Slowking|Slowking-Galar, M|100\/100\n|move|p2a: Kingdra|Draco Meteor|p1a: Slowking\n|-damage|p1a: Slowking|75\/100\n|-unboost|p2a: Kingdra|spa|2\n|\n|-weather|none\n|upkeep\n|turn|9\n|\n|t:|1699561881\n|switch|p2a: Clodsire|Clodsire, F|100\/100\n|move|p1a: Slowking|Future Sight|p2a: Clodsire\n|-start|p1a: Slowking|move: Future Sight\n|\n|upkeep\n|turn|10\n|\n|t:|1699561888\n|move|p1a: Slowking|Ice Beam|p2a: Clodsire\n|-supereffective|p2a: Clodsire\n|-damage|p2a: Clodsire|60\/100\n|move|p2a: Clodsire|Earthquake|p1a: Slowking\n|-supereffective|p1a: Slowking\n|-damage|p1a: Slowking|23\/100\n|\n|-heal|p2a: Clodsire|67\/100|[from] item: Leftovers\n|upkeep\n|turn|11\n|\n|t:|1699561899\n|switch|p1a: Tornadus|Tornadus-Therian, M|100\/100\n|-terastallize|p2a: Clodsire|Dark\n|move|p2a: Clodsire|Earthquake|p1a: Tornadus\n|-immune|p1a: Tornadus\n|\n|-end|p2a: Clodsire|move: Future Sight\n|-immune|p2a: Clodsire\n|-heal|p2a: Clodsire|73\/100|[from] item: Leftovers\n|upkeep\n|turn|12\n|\n|t:|1699561912\n|move|p1a: Tornadus|Focus Blast|p2a: Clodsire\n|-supereffective|p2a: Clodsire\n|-damage|p2a: Clodsire|18\/100\n|move|p2a: Clodsire|Toxic|p1a: Tornadus\n|-status|p1a: Tornadus|tox\n|\n|-heal|p2a: Clodsire|24\/100|[from] item: Leftovers\n|-damage|p1a: Tornadus|94\/100 tox|[from] psn\n|upkeep\n|turn|13\n|\n|t:|1699561924\n|switch|p2a: Politoed|Politoed, F|32\/100\n|-weather|RainDance|[from] ability: Drizzle|[of] p2a: Politoed\n|move|p1a: Tornadus|U-turn|p2a: Politoed\n|-damage|p2a: Politoed|18\/100\n|\n|t:|1699561934\n|switch|p1a: Amoonguss|Amoonguss, F|44\/100|[from] U-turn\n|\n|-weather|RainDance|[upkeep]\n|-heal|p1a: Amoonguss|50\/100|[from] item: Leftovers\n|upkeep\n|turn|14\n|\n|t:|1699561948\n|switch|p2a: Ludicolo|Ludicolo, M|100\/100\n|switch|p1a: Tangrowth|Tangrowth, M|79\/100 tox\n|\n|-weather|RainDance|[upkeep]\n|-heal|p1a: Tangrowth|85\/100 tox|[from] item: Leftovers\n|-damage|p1a: Tangrowth|79\/100 tox|[from] psn\n|upkeep\n|turn|15\n|\n|t:|1699561960\n|move|p2a: Ludicolo|Scald|p1a: Tangrowth\n|-resisted|p1a: Tangrowth\n|-damage|p1a: Tangrowth|27\/100 tox\n|move|p1a: Tangrowth|Toxic|p2a: Ludicolo\n|-status|p2a: Ludicolo|tox\n|\n|-weather|RainDance|[upkeep]\n|-heal|p1a: Tangrowth|34\/100 tox|[from] item: Leftovers\n|-damage|p2a: Ludicolo|95\/100 tox|[from] psn\n|-damage|p1a: Tangrowth|21\/100 tox|[from] psn\n|upkeep\n|turn|16\n|\n|t:|1699561970\n|switch|p1a: Amoonguss|Amoonguss, F|83\/100\n|move|p2a: Ludicolo|Scald|p1a: Amoonguss\n|-resisted|p1a: Amoonguss\n|-damage|p1a: Amoonguss|50\/100\n|-status|p1a: Amoonguss|brn\n|\n|-weather|RainDance|[upkeep]\n|-heal|p1a: Amoonguss|56\/100 brn|[from] item: Leftovers\n|-damage|p2a: Ludicolo|83\/100 tox|[from] psn\n|-damage|p1a: Amoonguss|50\/100 brn|[from] brn\n|upkeep\n|turn|17\n|\n|t:|1699561988\n|move|p2a: Ludicolo|Scald|p1a: Amoonguss\n|-resisted|p1a: Amoonguss\n|-damage|p1a: Amoonguss|13\/100 brn\n|move|p1a: Amoonguss|Sludge Bomb|p2a: Ludicolo\n|-supereffective|p2a: Ludicolo\n|-damage|p2a: Ludicolo|0 fnt\n|faint|p2a: Ludicolo\n|\n|-weather|none\n|-heal|p1a: Amoonguss|19\/100 brn|[from] item: Leftovers\n|-damage|p1a: Amoonguss|13\/100 brn|[from] brn\n|upkeep\n|\n|t:|1699562001\n|switch|p2a: Pelipper|Pelipper, F|100\/100\n|-weather|RainDance|[from] ability: Drizzle|[of] p2a: Pelipper\n|turn|18\n|\n|t:|1699562006\n|switch|p1a: Slowking|Slowking-Galar, M|57\/100\n|move|p2a: Pelipper|U-turn|p1a: Slowking\n|-damage|p1a: Slowking|48\/100\n|\n|t:|1699562015\n|switch|p2a: Kingdra|Kingdra, M|32\/100|[from] U-turn\n|\n|-weather|RainDance|[upkeep]\n|upkeep\n|turn|19\n|\n|t:|1699562031\n|switch|p1a: Tornadus|Tornadus-Therian, M|100\/100 tox\n|move|p2a: Kingdra|Scald|p1a: Tornadus\n|-damage|p1a: Tornadus|2\/100 tox\n|\n|-weather|RainDance|[upkeep]\n|-damage|p1a: Tornadus|0 fnt|[from] psn\n|faint|p1a: Tornadus\n|upkeep\n|\n|t:|1699562037\n|switch|p1a: Mienshao|Mienshao, F|100\/100\n|turn|20\n|\n|t:|1699562046\n|switch|p2a: Politoed|Politoed, F|18\/100\n|move|p1a: Mienshao|Fake Out|p2a: Politoed\n|-damage|p2a: Politoed|0 fnt\n|faint|p2a: Politoed\n|\n|-weather|RainDance|[upkeep]\n|upkeep\n|\n|t:|1699562055\n|switch|p2a: Mr.punchy|Swampert, M|100\/100\n|turn|21\n|\n|t:|1699562059\n|switch|p1a: Alomomola|Alomomola, F|100\/100\n|detailschange|p2a: Mr.punchy|Swampert-Mega, M\n|-mega|p2a: Mr.punchy|Swampert|Swampertite\n|move|p2a: Mr.punchy|Substitute|p2a: Mr.punchy\n|-start|p2a: Mr.punchy|Substitute\n|-damage|p2a: Mr.punchy|76\/100\n|\n|-weather|RainDance|[upkeep]\n|upkeep\n|turn|22\n|\n|t:|1699562069\n|move|p2a: Mr.punchy|Bulk Up|p2a: Mr.punchy\n|-boost|p2a: Mr.punchy|atk|1\n|-boost|p2a: Mr.punchy|def|1\n|move|p1a: Alomomola|Scald|p2a: Mr.punchy\n|-activate|p2a: Mr.punchy|move: Substitute|[damage]\n|\n|-weather|RainDance|[upkeep]\n|upkeep\n|turn|23\n|\n|t:|1699562078\n|move|p2a: Mr.punchy|Brick Break|p1a: Alomomola\n|-damage|p1a: Alomomola|78\/100\n|move|p1a: Alomomola|Scald|p2a: Mr.punchy\n|-end|p2a: Mr.punchy|Substitute\n|\n|-weather|RainDance|[upkeep]\n|upkeep\n|turn|24\n|\n|t:|1699562087\n|move|p2a: Mr.punchy|Waterfall|p1a: Alomomola\n|-resisted|p1a: Alomomola\n|-damage|p1a: Alomomola|52\/100\n|move|p1a: Alomomola|Wish|p1a: Alomomola\n|\n|-weather|RainDance|[upkeep]\n|upkeep\n|turn|25\n|\n|t:|1699562101\n|move|p2a: Mr.punchy|Substitute|p2a: Mr.punchy\n|-start|p2a: Mr.punchy|Substitute\n|-damage|p2a: Mr.punchy|51\/100\n|move|p1a: Alomomola|Scald|p2a: Mr.punchy\n|-activate|p2a: Mr.punchy|move: Substitute|[damage]\n|\n|-weather|none\n|-heal|p1a: Alomomola|100\/100|[from] move: Wish|[wisher] Alomomola\n|upkeep\n|turn|26\n|\n|t:|1699562111\n|move|p2a: Mr.punchy|Bulk Up|p2a: Mr.punchy\n|-boost|p2a: Mr.punchy|atk|1\n|-boost|p2a: Mr.punchy|def|1\n|move|p1a: Alomomola|Scald|p2a: Mr.punchy\n|-end|p2a: Mr.punchy|Substitute\n|\n|upkeep\n|turn|27\n|\n|t:|1699562119\n|move|p2a: Mr.punchy|Substitute|p2a: Mr.punchy\n|-start|p2a: Mr.punchy|Substitute\n|-damage|p2a: Mr.punchy|26\/100\n|move|p1a: Alomomola|Scald|p2a: Mr.punchy\n|-activate|p2a: Mr.punchy|move: Substitute|[damage]\n|\n|upkeep\n|turn|28\n|\n|t:|1699562125\n|move|p2a: Mr.punchy|Bulk Up|p2a: Mr.punchy\n|-boost|p2a: Mr.punchy|atk|1\n|-boost|p2a: Mr.punchy|def|1\n|move|p1a: Alomomola|Scald|p2a: Mr.punchy\n|-activate|p2a: Mr.punchy|move: Substitute|[damage]\n|\n|upkeep\n|turn|29\n|\n|t:|1699562135\n|move|p2a: Mr.punchy|Brick Break|p1a: Alomomola\n|-damage|p1a: Alomomola|60\/100\n|move|p1a: Alomomola|Scald|p2a: Mr.punchy\n|-end|p2a: Mr.punchy|Substitute\n|\n|upkeep\n|turn|30\n|\n|t:|1699562146\n|move|p2a: Mr.punchy|Brick Break|p1a: Alomomola\n|-damage|p1a: Alomomola|20\/100\n|move|p1a: Alomomola|Wish|p1a: Alomomola\n|\n|upkeep\n|turn|31\n|inactive|The challenger123 has 120 seconds left.\n|\n|t:|1699562200\n|move|p1a: Alomomola|Protect|p1a: Alomomola\n|-singleturn|p1a: Alomomola|Protect\n|move|p2a: Mr.punchy|Brick Break|p1a: Alomomola\n|-activate|p1a: Alomomola|move: Protect\n|\n|-heal|p1a: Alomomola|70\/100|[from] move: Wish|[wisher] Alomomola\n|upkeep\n|turn|32\n|\n|t:|1699562218\n|move|p2a: Mr.punchy|Brick Break|p1a: Alomomola\n|-damage|p1a: Alomomola|33\/100\n|move|p1a: Alomomola|Scald|p2a: Mr.punchy\n|-damage|p2a: Mr.punchy|14\/100\n|\n|upkeep\n|turn|33\n|\n|t:|1699562225\n|switch|p1a: Slowking|Slowking-Galar, M|81\/100\n|move|p2a: Mr.punchy|Brick Break|p1a: Slowking\n|-resisted|p1a: Slowking\n|-damage|p1a: Slowking|62\/100\n|\n|upkeep\n|turn|34\n|\n|t:|1699562231\n|switch|p1a: Tangrowth|Tangrowth, M|54\/100 tox\n|move|p2a: Mr.punchy|Waterfall|p1a: Tangrowth\n|-resisted|p1a: Tangrowth\n|-damage|p1a: Tangrowth|23\/100 tox\n|\n|-heal|p1a: Tangrowth|29\/100 tox|[from] item: Leftovers\n|-damage|p1a: Tangrowth|23\/100 tox|[from] psn\n|upkeep\n|turn|35\n|\n|t:|1699562242\n|switch|p1a: Amoonguss|Amoonguss, F|46\/100 brn\n|move|p2a: Mr.punchy|Waterfall|p1a: Amoonguss\n|-resisted|p1a: Amoonguss\n|-crit|p1a: Amoonguss\n|-damage|p1a: Amoonguss|0 fnt\n|faint|p1a: Amoonguss\n|\n|upkeep\n|\n|t:|1699562248\n|switch|p1a: Mienshao|Mienshao, F|100\/100\n|turn|36\n|\n|t:|1699562255\n|switch|p2a: Pelipper|Pelipper, F|100\/100\n|-weather|RainDance|[from] ability: Drizzle|[of] p2a: Pelipper\n|move|p1a: Mienshao|Fake Out|p2a: Pelipper\n|-damage|p2a: Pelipper|78\/100\n|\n|-weather|RainDance|[upkeep]\n|upkeep\n|turn|37\n|inactive|The challenger123 has 120 seconds left.\n|\n|t:|1699562264\n|switch|p1a: Slowking|Slowking-Galar, M|96\/100\n|move|p2a: Pelipper|U-turn|p1a: Slowking\n|-damage|p1a: Slowking|87\/100\n|inactive|The challenger123 has 120 seconds left.\n|\n|t:|1699562273\n|switch|p2a: Clodsire|Clodsire, F, tera:Dark|24\/100|[from] U-turn\n|\n|-weather|RainDance|[upkeep]\n|-heal|p2a: Clodsire|31\/100|[from] item: Leftovers\n|upkeep\n|turn|38\n|\n|t:|1699562280\n|move|p1a: Slowking|Sludge Bomb|p2a: Clodsire\n|-damage|p2a: Clodsire|0 fnt\n|faint|p2a: Clodsire\n|\n|-weather|RainDance|[upkeep]\n|upkeep\n|inactive|The challenger123 has 120 seconds left.\n|\n|t:|1699562291\n|switch|p2a: Kingdra|Kingdra, M|32\/100\n|turn|39\n|\n|t:|1699562295\n|move|p2a: Kingdra|Scald|p1a: Slowking\n|-damage|p1a: Slowking|39\/100\n|move|p1a: Slowking|Sludge Bomb|p2a: Kingdra\n|-damage|p2a: Kingdra|0 fnt\n|faint|p2a: Kingdra\n|\n|-weather|RainDance|[upkeep]\n|upkeep\n|\n|t:|1699562304\n|switch|p2a: Mr.punchy|Swampert-Mega, M|14\/100\n|turn|40\n|\n|t:|1699562309\n|switch|p1a: Tangrowth|Tangrowth, M|56\/100 tox\n|move|p2a: Mr.punchy|Waterfall|p1a: Tangrowth\n|-resisted|p1a: Tangrowth\n|-damage|p1a: Tangrowth|37\/100 tox\n|\n|-weather|RainDance|[upkeep]\n|-heal|p1a: Tangrowth|43\/100 tox|[from] item: Leftovers\n|-damage|p1a: Tangrowth|37\/100 tox|[from] psn\n|upkeep\n|turn|41\n|\n|t:|1699562322\n|move|p2a: Mr.punchy|Waterfall|p1a: Tangrowth\n|-resisted|p1a: Tangrowth\n|-damage|p1a: Tangrowth|16\/100 tox\n|move|p1a: Tangrowth|Giga Drain|p2a: Mr.punchy\n|-supereffective|p2a: Mr.punchy\n|-damage|p2a: Mr.punchy|0 fnt\n|-heal|p1a: Tangrowth|22\/100 tox|[from] drain|[of] p2a: Mr.punchy\n|faint|p2a: Mr.punchy\n|\n|-weather|RainDance|[upkeep]\n|-heal|p1a: Tangrowth|28\/100 tox|[from] item: Leftovers\n|-damage|p1a: Tangrowth|16\/100 tox|[from] psn\n|upkeep\n|-message|The challenger123 forfeited.\n|\n|win|dr egman gameing\n|raw|dr egman gameing's rating: 1286 &rarr; <strong>1310<\/strong><br \/>(+24 for winning)\n|raw|The challenger123's rating: 1269 &rarr; <strong>1245<\/strong><br \/>(-24 for losing)\n|l|\u2606The challenger123\n|c|\u2606dr egman gameing|gg!\n","uploadtime":1699562337,"views":4,"p1id":"dregmangameing","p2id":"thechallenger123","formatid":"gen9nationaldex","rating":1245,"private":0,"password":""}