{"id":"gen9nationaldex-1997863701","p1":"The crimson wooper","p2":"MothMaddie","format":"[Gen 9] National Dex","log":"|html|<div class=\"broadcast-blue\"><strong>[Gen 9] National Dex is currently suspecting Sneasler! For information on how to participate check out the <a href=\"https:\/\/www.smogon.com\/forums\/threads\/sv-national-dex-suspect-8-just-dance.3731534\/\">suspect thread<\/a>.<\/strong><\/div>\n|j|\u2606The crimson wooper\n|j|\u2606MothMaddie\n|t:|1700861108\n|gametype|singles\n|player|p1|The crimson wooper|101|\n|player|p2|MothMaddie|marnie-masters3|\n|teamsize|p1|6\n|teamsize|p2|6\n|gen|9\n|tier|[Gen 9] National Dex\n|rule|HP Percentage Mod: HP is shown in percentages\n|rule|Endless Battle Clause: Forcing endless battles is banned\n|rule|OHKO Clause: OHKO moves are banned\n|rule|Evasion Clause: Evasion abilities, items, and moves are banned\n|rule|Evasion Abilities Clause: Evasion abilities are banned\n|rule|Evasion Items Clause: Evasion items are banned\n|rule|Evasion Moves Clause: Evasion moves are banned\n|rule|Species Clause: Limit one of each Pok\u00e9mon\n|rule|Sleep Clause Mod: Limit one foe put to sleep\n|clearpoke\n|poke|p1|Klefki, F|\n|poke|p1|Scizor, M|\n|poke|p1|Iron Moth|\n|poke|p1|Grafaiai, M|\n|poke|p1|Nihilego|\n|poke|p1|Shuckle, F|\n|poke|p2|Iron Valiant|\n|poke|p2|Ninetales-Alola, M|\n|poke|p2|Mawile, F|\n|poke|p2|Fezandipiti, M|\n|poke|p2|Tapu Koko|\n|poke|p2|Azumarill, M|\n|teampreview\n|inactive|Battle timer is ON: inactive players will automatically lose when time's up. (requested by The crimson wooper)\n|c|\u2606MothMaddie|gl!\n|\n|t:|1700861116\n|start\n|switch|p1a: Klefki|Klefki, F|100\/100\n|switch|p2a: Ninetales|Ninetales-Alola, M, shiny|100\/100\n|-weather|Snow|[from] ability: Snow Warning|[of] p2a: Ninetales\n|turn|1\n|c|\u2606The crimson wooper|Hf\n|\n|t:|1700861123\n|move|p1a: Klefki|Iron Defense|p1a: Klefki\n|-boost|p1a: Klefki|def|2\n|move|p2a: Ninetales|Aurora Veil|p2a: Ninetales\n|-sidestart|p2: MothMaddie|move: Aurora Veil\n|\n|-weather|Snow|[upkeep]\n|upkeep\n|turn|2\n|\n|t:|1700861134\n|move|p1a: Klefki|Iron Defense|p1a: Klefki\n|-boost|p1a: Klefki|def|2\n|move|p2a: Ninetales|Blizzard|p1a: Klefki\n|-resisted|p1a: Klefki\n|-damage|p1a: Klefki|87\/100\n|\n|-weather|Snow|[upkeep]\n|-heal|p1a: Klefki|93\/100|[from] item: Leftovers\n|upkeep\n|turn|3\n|\n|t:|1700861150\n|move|p1a: Klefki|Calm Mind|p1a: Klefki\n|-boost|p1a: Klefki|spa|1\n|-boost|p1a: Klefki|spd|1\n|move|p2a: Ninetales|Encore|p1a: Klefki\n|-start|p1a: Klefki|Encore\n|\n|-weather|Snow|[upkeep]\n|-heal|p1a: Klefki|99\/100|[from] item: Leftovers\n|upkeep\n|turn|4\n|inactive|MothMaddie has 270 seconds left.\n|\n|t:|1700861191\n|switch|p2a: Mawile|Mawile, F|100\/100\n|-ability|p2a: Mawile|Intimidate|boost\n|-unboost|p1a: Klefki|atk|1\n|move|p1a: Klefki|Calm Mind|p1a: Klefki\n|-boost|p1a: Klefki|spa|1\n|-boost|p1a: Klefki|spd|1\n|\n|-weather|Snow|[upkeep]\n|-heal|p1a: Klefki|100\/100|[from] item: Leftovers\n|upkeep\n|turn|5\n|c|\u2606MothMaddie|ill just crit\n|\n|t:|1700861212\n|detailschange|p2a: Mawile|Mawile-Mega, F\n|-mega|p2a: Mawile|Mawile|Mawilite\n|move|p1a: Klefki|Calm Mind|p1a: Klefki\n|-boost|p1a: Klefki|spa|1\n|-boost|p1a: Klefki|spd|1\n|move|p2a: Mawile|Swords Dance|p2a: Mawile\n|-boost|p2a: Mawile|atk|2\n|\n|-weather|none\n|upkeep\n|turn|6\n|\n|t:|1700861216\n|move|p1a: Klefki|Calm Mind|p1a: Klefki\n|-boost|p1a: Klefki|spa|1\n|-boost|p1a: Klefki|spd|1\n|move|p2a: Mawile|Fire Fang|p1a: Klefki\n|-supereffective|p1a: Klefki\n|-damage|p1a: Klefki|31\/100\n|\n|-heal|p1a: Klefki|37\/100|[from] item: Leftovers\n|-end|p1a: Klefki|Encore\n|upkeep\n|turn|7\n|\n|t:|1700861227\n|move|p1a: Klefki|Draining Kiss|p2a: Mawile\n|-resisted|p2a: Mawile\n|-damage|p2a: Mawile|88\/100\n|-heal|p1a: Klefki|46\/100|[from] drain|[of] p2a: Mawile\n|move|p2a: Mawile|Fire Fang|p1a: Klefki|[miss]\n|-miss|p2a: Mawile|p1a: Klefki\n|\n|-heal|p1a: Klefki|52\/100|[from] item: Leftovers\n|upkeep\n|turn|8\n|\n|t:|1700861237\n|move|p1a: Klefki|Stored Power|p2a: Mawile\n|-resisted|p2a: Mawile\n|-damage|p2a: Mawile|47\/100\n|move|p2a: Mawile|Fire Fang|p1a: Klefki\n|-supereffective|p1a: Klefki\n|-damage|p1a: Klefki|0 fnt\n|faint|p1a: Klefki\n|\n|-sideend|p2: MothMaddie|move: Aurora Veil\n|upkeep\n|\n|t:|1700861243\n|switch|p1a: Iron Moth|Iron Moth|100\/100\n|-enditem|p1a: Iron Moth|Booster Energy\n|-activate|p1a: Iron Moth|ability: Quark Drive|[fromitem]\n|-start|p1a: Iron Moth|quarkdrivespa\n|turn|9\n|inactive|MothMaddie has 270 seconds left.\n|c|\u2606The crimson wooper|Unfort\n|c|\u2606The crimson wooper|mayve Klefki is just bad\n|inactive|MothMaddie has 240 seconds left.\n|\n|t:|1700861295\n|move|p1a: Iron Moth|Substitute|p1a: Iron Moth\n|-start|p1a: Iron Moth|Substitute\n|-damage|p1a: Iron Moth|76\/100\n|move|p2a: Mawile|Knock Off|p1a: Iron Moth\n|-end|p1a: Iron Moth|Substitute\n|\n|upkeep\n|turn|10\n|\n|t:|1700861304\n|switch|p2a: Fezandipiti|Fezandipiti, M|100\/100\n|move|p1a: Iron Moth|Fiery Dance|p2a: Fezandipiti\n|-damage|p2a: Fezandipiti|48\/100\n|\n|upkeep\n|turn|11\n|inactive|MothMaddie has 240 seconds left.\n|\n|t:|1700861317\n|move|p1a: Iron Moth|Fiery Dance|p2a: Fezandipiti\n|-damage|p2a: Fezandipiti|0 fnt\n|-boost|p1a: Iron Moth|spa|1\n|faint|p2a: Fezandipiti\n|\n|upkeep\n|\n|t:|1700861333\n|switch|p2a: Tapu Koko|Tapu Koko|100\/100\n|-fieldstart|move: Electric Terrain|[from] ability: Electric Surge|[of] p2a: Tapu Koko\n|turn|12\n|\n|t:|1700861339\n|move|p2a: Tapu Koko|Hidden Power|p1a: Iron Moth\n|-supereffective|p1a: Iron Moth\n|-damage|p1a: Iron Moth|5\/100\n|move|p1a: Iron Moth|Sludge Wave|p2a: Tapu Koko\n|-supereffective|p2a: Tapu Koko\n|-damage|p2a: Tapu Koko|0 fnt\n|faint|p2a: Tapu Koko\n|\n|upkeep\n|c|\u2606MothMaddie|das crazy\n|\n|t:|1700861354\n|switch|p2a: Azumarill|Azumarill, M|100\/100\n|turn|13\n|\n|t:|1700861363\n|move|p2a: Azumarill|Aqua Jet|p1a: Iron Moth\n|-supereffective|p1a: Iron Moth\n|-damage|p1a: Iron Moth|0 fnt\n|faint|p1a: Iron Moth\n|-end|p1a: Iron Moth|Quark Drive|[silent]\n|\n|upkeep\n|\n|t:|1700861375\n|switch|p1a: Scizor|Scizor, M|100\/100\n|turn|14\n|\n|t:|1700861386\n|detailschange|p1a: Scizor|Scizor-Mega, M\n|-mega|p1a: Scizor|Scizor|Scizorite\n|move|p2a: Azumarill|Belly Drum|p2a: Azumarill\n|-damage|p2a: Azumarill|51\/100\n|-setboost|p2a: Azumarill|atk|6|[from] move: Belly Drum\n|move|p1a: Scizor|Swords Dance|p1a: Scizor\n|-boost|p1a: Scizor|atk|2\n|\n|upkeep\n|turn|15\n|\n|t:|1700861404\n|move|p1a: Scizor|Bullet Punch|p2a: Azumarill\n|-damage|p2a: Azumarill|0 fnt\n|faint|p2a: Azumarill\n|\n|upkeep\n|\n|t:|1700861421\n|switch|p2a: Iron Valiant|Iron Valiant|100\/100\n|-activate|p2a: Iron Valiant|ability: Quark Drive\n|-start|p2a: Iron Valiant|quarkdrivespe\n|turn|16\n|c|\u2606The crimson wooper|EVd wrong unfort\n|\n|t:|1700861430\n|-terastallize|p2a: Iron Valiant|Fire\n|move|p1a: Scizor|Bullet Punch|p2a: Iron Valiant\n|-resisted|p2a: Iron Valiant\n|-damage|p2a: Iron Valiant|66\/100\n|move|p2a: Iron Valiant|Fire Punch|p1a: Scizor\n|-supereffective|p1a: Scizor\n|-damage|p1a: Scizor|0 fnt\n|faint|p1a: Scizor\n|\n|-fieldend|move: Electric Terrain\n|-end|p2a: Iron Valiant|Quark Drive\n|upkeep\n|\n|t:|1700861438\n|switch|p1a: Shuckle|Shuckle, F|100\/100\n|turn|17\n|c|\u2606MothMaddie|all good, this thing was prepped for good ev too\n|\n|t:|1700861455\n|-end|p2a: Iron Valiant|Quark Drive|[silent]\n|switch|p2a: Ninetales|Ninetales-Alola, M, shiny|100\/100\n|-weather|Snow|[from] ability: Snow Warning|[of] p2a: Ninetales\n|move|p1a: Shuckle|Final Gambit|p2a: Ninetales\n|-damage|p2a: Ninetales|19\/100\n|faint|p1a: Shuckle\n|\n|-weather|Snow|[upkeep]\n|upkeep\n|\n|t:|1700861480\n|switch|p1a: Grafaiai|Grafaiai, M|100\/100\n|turn|18\n|\n|t:|1700861489\n|move|p1a: Grafaiai|Substitute|p1a: Grafaiai\n|-start|p1a: Grafaiai|Substitute\n|-damage|p1a: Grafaiai|76\/100\n|move|p2a: Ninetales|Aurora Veil|p2a: Ninetales\n|-sidestart|p2: MothMaddie|move: Aurora Veil\n|\n|-weather|Snow|[upkeep]\n|upkeep\n|turn|19\n|\n|t:|1700861507\n|switch|p2a: Iron Valiant|Iron Valiant, tera:Fire|66\/100\n|move|p1a: Grafaiai|Dig||[still]\n|-prepare|p1a: Grafaiai|Dig\n|\n|-weather|Snow|[upkeep]\n|upkeep\n|turn|20\n|c|\u2606MothMaddie|hm\n|\n|t:|1700861523\n|-end|p2a: Iron Valiant|Quark Drive|[silent]\n|switch|p2a: Ninetales|Ninetales-Alola, M, shiny|19\/100\n|move|p1a: Grafaiai|Dig|p2a: Ninetales|[from]lockedmove\n|-crit|p2a: Ninetales\n|-damage|p2a: Ninetales|0 fnt\n|faint|p2a: Ninetales\n|\n|-weather|Snow|[upkeep]\n|upkeep\n|c|\u2606The crimson wooper|Gg\n|inactive|MothMaddie has 210 seconds left.\n|c|\u2606MothMaddie|losing to dig is crazy lmao\n|\n|t:|1700861555\n|switch|p2a: Mawile|Mawile-Mega, F|47\/100\n|turn|21\n|\n|t:|1700861567\n|move|p1a: Grafaiai|Copycat|p1a: Grafaiai\n|move|p1a: Grafaiai|Dig||[from]move: Copycat|[still]\n|-prepare|p1a: Grafaiai|Dig\n|move|p2a: Mawile|Knock Off|p1a: Grafaiai|[miss]\n|-miss|p2a: Mawile|p1a: Grafaiai\n|\n|-weather|none\n|upkeep\n|turn|22\n|\n|t:|1700861573\n|move|p2a: Mawile|Knock Off|p1a: Grafaiai|[miss]\n|-miss|p2a: Mawile|p1a: Grafaiai\n|move|p1a: Grafaiai|Dig|p2a: Mawile|[from]lockedmove\n|-supereffective|p2a: Mawile\n|-damage|p2a: Mawile|25\/100\n|\n|upkeep\n|turn|23\n|\n|t:|1700861586\n|move|p1a: Grafaiai|Copycat|p1a: Grafaiai\n|move|p1a: Grafaiai|Dig||[from]move: Copycat|[still]\n|-prepare|p1a: Grafaiai|Dig\n|move|p2a: Mawile|Knock Off|p1a: Grafaiai|[miss]\n|-miss|p2a: Mawile|p1a: Grafaiai\n|\n|upkeep\n|turn|24\n|c|\u2606The crimson wooper|Gimmick\n|\n|t:|1700861590\n|move|p2a: Mawile|Knock Off|p1a: Grafaiai|[miss]\n|-miss|p2a: Mawile|p1a: Grafaiai\n|move|p1a: Grafaiai|Dig|p2a: Mawile|[from]lockedmove\n|-supereffective|p2a: Mawile\n|-damage|p2a: Mawile|1\/100\n|\n|upkeep\n|turn|25\n|\n|t:|1700861596\n|move|p1a: Grafaiai|Copycat|p1a: Grafaiai\n|move|p1a: Grafaiai|Dig||[from]move: Copycat|[still]\n|-prepare|p1a: Grafaiai|Dig\n|move|p2a: Mawile|Knock Off|p1a: Grafaiai|[miss]\n|-miss|p2a: Mawile|p1a: Grafaiai\n|\n|-sideend|p2: MothMaddie|move: Aurora Veil\n|upkeep\n|turn|26\n|c|\u2606MothMaddie|dive cats all over again\n|-message|MothMaddie forfeited.\n|\n|win|The crimson wooper\n","uploadtime":1700861608,"views":8,"p1id":"thecrimsonwooper","p2id":"mothmaddie","formatid":"gen9nationaldex","rating":0,"private":0,"password":""}