{"id":"gen9nationaldex-1994655425","p1":"Ayyopanda","p2":"Scojai Jehooxi","format":"[Gen 9] National Dex","log":"|html|<div class=\"broadcast-blue\"><strong>[Gen 9] National Dex is currently suspecting Sneasler! For information on how to participate check out the <a href=\"https:\/\/www.smogon.com\/forums\/threads\/sv-national-dex-suspect-8-just-dance.3731534\/\">suspect thread<\/a>.<\/strong><\/div>\n|j|\u2606Ayyopanda\n|j|\u2606Scojai Jehooxi\n|t:|1700476319\n|gametype|singles\n|player|p1|Ayyopanda|larry|\n|player|p2|Scojai Jehooxi|elesa|\n|teamsize|p1|6\n|teamsize|p2|6\n|gen|9\n|tier|[Gen 9] National Dex\n|rule|HP Percentage Mod: HP is shown in percentages\n|rule|Endless Battle Clause: Forcing endless battles is banned\n|rule|OHKO Clause: OHKO moves are banned\n|rule|Evasion Clause: Evasion abilities, items, and moves are banned\n|rule|Evasion Abilities Clause: Evasion abilities are banned\n|rule|Evasion Items Clause: Evasion items are banned\n|rule|Evasion Moves Clause: Evasion moves are banned\n|rule|Species Clause: Limit one of each Pok\u00e9mon\n|rule|Sleep Clause Mod: Limit one foe put to sleep\n|clearpoke\n|poke|p1|Iron Valiant|\n|poke|p1|Buzzwole|\n|poke|p1|Stakataka|\n|poke|p1|Xurkitree|\n|poke|p1|Zoroark-Hisui, M|\n|poke|p1|Smeargle, M|\n|poke|p2|Zamazenta-*|\n|poke|p2|Goodra-Hisui, M|\n|poke|p2|Beedrill, M|\n|poke|p2|Toxapex, M|\n|poke|p2|Iron Jugulis|\n|poke|p2|Cresselia, F|\n|teampreview\n|j| daaymooon\n|\n|t:|1700476352\n|start\n|switch|p1a: Electro-Wizard|Xurkitree|100\/100\n|switch|p2a: Border Patrol|Toxapex, M|100\/100\n|turn|1\n|\n|t:|1700476376\n|move|p1a: Electro-Wizard|Tail Glow|p1a: Electro-Wizard\n|-boost|p1a: Electro-Wizard|spa|3\n|move|p2a: Border Patrol|Toxic Spikes|p1a: Electro-Wizard\n|-sidestart|p1: Ayyopanda|move: Toxic Spikes\n|\n|upkeep\n|turn|2\n|\n|t:|1700476399\n|switch|p2a: Hawaiian Gooner|Goodra-Hisui, M|100\/100\n|move|p1a: Electro-Wizard|Thunderbolt|p2a: Hawaiian Gooner\n|-resisted|p2a: Hawaiian Gooner\n|-damage|p2a: Hawaiian Gooner|68\/100\n|\n|upkeep\n|turn|3\n|\n|t:|1700476418\n|move|p1a: Electro-Wizard|Dazzling Gleam|p2a: Hawaiian Gooner\n|-damage|p2a: Hawaiian Gooner|32\/100\n|move|p2a: Hawaiian Gooner|Draco Meteor|p1a: Electro-Wizard\n|-damage|p1a: Electro-Wizard|30\/100\n|-unboost|p2a: Hawaiian Gooner|spa|2\n|\n|upkeep\n|turn|4\n|\n|t:|1700476439\n|-terastallize|p2a: Hawaiian Gooner|Ground\n|move|p1a: Electro-Wizard|Dazzling Gleam|p2a: Hawaiian Gooner\n|-damage|p2a: Hawaiian Gooner|0 fnt\n|faint|p2a: Hawaiian Gooner\n|-ability|p1a: Electro-Wizard|Beast Boost|boost\n|-boost|p1a: Electro-Wizard|spa|1\n|\n|upkeep\n|\n|t:|1700476450\n|switch|p2a: Sif's Brother|Zamazenta|100\/100\n|-ability|p2a: Sif's Brother|Dauntless Shield|boost\n|-boost|p2a: Sif's Brother|def|1\n|turn|5\n|\n|t:|1700476457\n|move|p2a: Sif's Brother|Body Press|p1a: Electro-Wizard\n|-damage|p1a: Electro-Wizard|0 fnt\n|faint|p1a: Electro-Wizard\n|\n|upkeep\n|\n|t:|1700476494\n|switch|p1a: Minecraft Steve|Stakataka|100\/100\n|-status|p1a: Minecraft Steve|psn\n|turn|6\n|\n|t:|1700476518\n|move|p2a: Sif's Brother|Iron Defense|p2a: Sif's Brother\n|-boost|p2a: Sif's Brother|def|2\n|move|p1a: Minecraft Steve|Nasty Plot|p1a: Minecraft Steve\n|-boost|p1a: Minecraft Steve|spa|2\n|\n|-damage|p1a: Minecraft Steve|88\/100 psn|[from] psn\n|upkeep\n|turn|7\n|\n|t:|1700476529\n|move|p2a: Sif's Brother|Body Press|p1a: Minecraft Steve\n|-immune|p1a: Minecraft Steve\n|move|p1a: Minecraft Steve|Hyper Voice|p2a: Sif's Brother\n|-damage|p2a: Sif's Brother|13\/100\n|\n|-damage|p1a: Minecraft Steve|76\/100 psn|[from] psn\n|upkeep\n|turn|8\n|\n|t:|1700476588\n|move|p2a: Sif's Brother|Play Rough|p1a: Minecraft Steve\n|-damage|p1a: Minecraft Steve|30\/100 psn\n|replace|p1a: Job Application|Zoroark-Hisui, M, shiny\n|-end|p1a: Job Application|Illusion\n|move|p1a: Job Application|Hyper Voice|p2a: Sif's Brother\n|-damage|p2a: Sif's Brother|0 fnt\n|faint|p2a: Sif's Brother\n|\n|-damage|p1a: Job Application|17\/100 psn|[from] psn\n|upkeep\n|\n|t:|1700476610\n|switch|p2a: Blue Face|Iron Jugulis|100\/100\n|-enditem|p2a: Blue Face|Booster Energy\n|-activate|p2a: Blue Face|ability: Quark Drive|[fromitem]\n|-start|p2a: Blue Face|quarkdrivespe\n|turn|9\n|\n|t:|1700476632\n|move|p2a: Blue Face|Air Slash|p1a: Job Application\n|-damage|p1a: Job Application|0 fnt\n|faint|p1a: Job Application\n|\n|upkeep\n|\n|t:|1700476646\n|switch|p1a: The Reboot!|Iron Valiant|100\/100\n|-status|p1a: The Reboot!|psn\n|-enditem|p1a: The Reboot!|Booster Energy\n|-activate|p1a: The Reboot!|ability: Quark Drive|[fromitem]\n|-start|p1a: The Reboot!|quarkdrivespe\n|turn|10\n|\n|t:|1700476715\n|move|p1a: The Reboot!|Spirit Break|p2a: Blue Face\n|-supereffective|p2a: Blue Face\n|-damage|p2a: Blue Face|15\/100\n|-unboost|p2a: Blue Face|spa|1\n|move|p2a: Blue Face|Air Slash|p1a: The Reboot!\n|-supereffective|p1a: The Reboot!\n|-damage|p1a: The Reboot!|6\/100 psn\n|\n|-damage|p1a: The Reboot!|0 fnt|[from] psn\n|faint|p1a: The Reboot!\n|-end|p1a: The Reboot!|Quark Drive|[silent]\n|upkeep\n|\n|t:|1700476731\n|switch|p1a: I Don't Have Spore|Smeargle, M|100\/100\n|-status|p1a: I Don't Have Spore|psn\n|turn|11\n|\n|t:|1700476772\n|move|p2a: Blue Face|Air Slash|p1a: I Don't Have Spore\n|-damage|p1a: I Don't Have Spore|46\/100 psn\n|move|p1a: I Don't Have Spore|Revival Blessing|p1a: I Don't Have Spore\n|\n|t:|1700476776\n|-heal|p1: The Reboot!|50\/100|[from] move: Revival Blessing\n|\n|-damage|p1a: I Don't Have Spore|33\/100 psn|[from] psn\n|upkeep\n|turn|12\n|\n|t:|1700476792\n|move|p2a: Blue Face|Air Slash|p1a: I Don't Have Spore\n|-damage|p1a: I Don't Have Spore|0 fnt\n|faint|p1a: I Don't Have Spore\n|\n|upkeep\n|\n|t:|1700476809\n|switch|p1a: Minecraft Steve|Stakataka|100\/100\n|turn|13\n|\n|t:|1700476834\n|-terastallize|p1a: Minecraft Steve|Flying\n|move|p2a: Blue Face|Dark Pulse|p1a: Minecraft Steve\n|-damage|p1a: Minecraft Steve|72\/100\n|move|p1a: Minecraft Steve|Gyro Ball|p2a: Blue Face\n|-damage|p2a: Blue Face|0 fnt\n|faint|p2a: Blue Face\n|-end|p2a: Blue Face|Quark Drive|[silent]\n|-ability|p1a: Minecraft Steve|Beast Boost|boost\n|-boost|p1a: Minecraft Steve|def|1\n|\n|upkeep\n|\n|t:|1700476906\n|switch|p2a: Border Patrol|Toxapex, M|100\/100\n|turn|14\n|\n|t:|1700476916\n|switch|p1a: Crash Bernstein|Buzzwole|100\/100\n|-status|p1a: Crash Bernstein|psn\n|move|p2a: Border Patrol|Knock Off|p1a: Crash Bernstein\n|-resisted|p1a: Crash Bernstein\n|-damage|p1a: Crash Bernstein|96\/100 psn\n|-enditem|p1a: Crash Bernstein|Life Orb|[from] move: Knock Off|[of] p2a: Border Patrol\n|\n|-damage|p1a: Crash Bernstein|84\/100 psn|[from] psn\n|upkeep\n|turn|15\n|\n|t:|1700476940\n|move|p1a: Crash Bernstein|Earthquake|p2a: Border Patrol\n|-supereffective|p2a: Border Patrol\n|-damage|p2a: Border Patrol|43\/100\n|move|p2a: Border Patrol|Toxic Spikes|p1a: Crash Bernstein\n|-sidestart|p1: Ayyopanda|move: Toxic Spikes\n|\n|-heal|p2a: Border Patrol|50\/100|[from] item: Leftovers\n|-damage|p1a: Crash Bernstein|72\/100 psn|[from] psn\n|upkeep\n|turn|16\n|\n|t:|1700476960\n|move|p1a: Crash Bernstein|Leech Life|p2a: Border Patrol\n|-resisted|p2a: Border Patrol\n|-damage|p2a: Border Patrol|32\/100\n|-heal|p1a: Crash Bernstein|78\/100 psn|[from] drain|[of] p2a: Border Patrol\n|move|p2a: Border Patrol|Recover|p2a: Border Patrol\n|-heal|p2a: Border Patrol|82\/100\n|\n|-heal|p2a: Border Patrol|88\/100|[from] item: Leftovers\n|-damage|p1a: Crash Bernstein|66\/100 psn|[from] psn\n|upkeep\n|turn|17\n|\n|t:|1700476971\n|move|p1a: Crash Bernstein|Earthquake|p2a: Border Patrol\n|-supereffective|p2a: Border Patrol\n|-damage|p2a: Border Patrol|33\/100\n|move|p2a: Border Patrol|Scald|p1a: Crash Bernstein\n|-damage|p1a: Crash Bernstein|42\/100 psn\n|\n|-heal|p2a: Border Patrol|39\/100|[from] item: Leftovers\n|-damage|p1a: Crash Bernstein|29\/100 psn|[from] psn\n|upkeep\n|turn|18\n|\n|t:|1700477002\n|move|p1a: Crash Bernstein|Earthquake|p2a: Border Patrol\n|-supereffective|p2a: Border Patrol\n|-damage|p2a: Border Patrol|0 fnt\n|faint|p2a: Border Patrol\n|-ability|p1a: Crash Bernstein|Beast Boost|boost\n|-boost|p1a: Crash Bernstein|atk|1\n|\n|-damage|p1a: Crash Bernstein|17\/100 psn|[from] psn\n|upkeep\n|\n|t:|1700477009\n|switch|p2a: Kyle Rittenhouse|Beedrill, M|100\/100\n|turn|19\n|\n|t:|1700477023\n|detailschange|p2a: Kyle Rittenhouse|Beedrill-Mega, M\n|-mega|p2a: Kyle Rittenhouse|Beedrill|Beedrillite\n|move|p2a: Kyle Rittenhouse|Poison Jab|p1a: Crash Bernstein\n|-damage|p1a: Crash Bernstein|0 fnt\n|faint|p1a: Crash Bernstein\n|\n|upkeep\n|\n|t:|1700477042\n|switch|p1a: Minecraft Steve|Stakataka, tera:Flying|72\/100\n|turn|20\n|\n|t:|1700477083\n|move|p2a: Kyle Rittenhouse|Poison Jab|p1a: Minecraft Steve\n|-crit|p1a: Minecraft Steve\n|-damage|p1a: Minecraft Steve|30\/100\n|-damage|p2a: Kyle Rittenhouse|84\/100|[from] item: Rocky Helmet|[of] p1a: Minecraft Steve\n|move|p1a: Minecraft Steve|Gyro Ball|p2a: Kyle Rittenhouse\n|-damage|p2a: Kyle Rittenhouse|0 fnt\n|faint|p2a: Kyle Rittenhouse\n|-ability|p1a: Minecraft Steve|Beast Boost|boost\n|-boost|p1a: Minecraft Steve|def|1\n|\n|upkeep\n|\n|t:|1700477092\n|switch|p2a: Yue's Stand|Cresselia, F|100\/100\n|turn|21\n|\n|t:|1700477100\n|move|p2a: Yue's Stand|Calm Mind|p2a: Yue's Stand\n|-boost|p2a: Yue's Stand|spa|1\n|-boost|p2a: Yue's Stand|spd|1\n|move|p1a: Minecraft Steve|Gyro Ball|p2a: Yue's Stand\n|-damage|p2a: Yue's Stand|62\/100\n|\n|-heal|p2a: Yue's Stand|68\/100|[from] item: Leftovers\n|upkeep\n|turn|22\n|\n|t:|1700477107\n|move|p2a: Yue's Stand|Psychic|p1a: Minecraft Steve\n|-damage|p1a: Minecraft Steve|0 fnt\n|faint|p1a: Minecraft Steve\n|\n|-heal|p2a: Yue's Stand|74\/100|[from] item: Leftovers\n|upkeep\n|\n|t:|1700477113\n|switch|p1a: The Reboot!|Iron Valiant|50\/100\n|-status|p1a: The Reboot!|tox\n|turn|23\n|\n|t:|1700477124\n|move|p1a: The Reboot!|X-Scissor|p2a: Yue's Stand\n|-supereffective|p2a: Yue's Stand\n|-damage|p2a: Yue's Stand|42\/100\n|move|p2a: Yue's Stand|Psychic|p1a: The Reboot!\n|-supereffective|p1a: The Reboot!\n|-damage|p1a: The Reboot!|0 fnt\n|faint|p1a: The Reboot!\n|-end|p1a: The Reboot!|Quark Drive|[silent]\n|\n|win|Scojai Jehooxi\n","uploadtime":1700477135,"views":68,"p1id":"ayyopanda","p2id":"scojaijehooxi","formatid":"gen9nationaldex","rating":0,"private":0,"password":""}