{"id":"gen9nationaldex-1987824649","p1":"MystroPoken","p2":"devious fearvg","format":"[Gen 9] National Dex","log":"|j|\u2606MystroPoken\n|j|\u2606devious fearvg\n|t:|1699640250\n|gametype|singles\n|player|p1|MystroPoken|crasherwake|\n|player|p2|devious fearvg|alec-anime|\n|teamsize|p1|6\n|teamsize|p2|6\n|gen|9\n|tier|[Gen 9] National Dex\n|rule|HP Percentage Mod: HP is shown in percentages\n|rule|Endless Battle Clause: Forcing endless battles is banned\n|rule|OHKO Clause: OHKO moves are banned\n|rule|Evasion Clause: Evasion abilities, items, and moves are banned\n|rule|Evasion Abilities Clause: Evasion abilities are banned\n|rule|Evasion Items Clause: Evasion items are banned\n|rule|Evasion Moves Clause: Evasion moves are banned\n|rule|Species Clause: Limit one of each Pok\u00e9mon\n|rule|Sleep Clause Mod: Limit one foe put to sleep\n|clearpoke\n|poke|p1|Uxie|\n|poke|p1|Sableye, F|\n|poke|p1|Sneasler, M|\n|poke|p1|Lokix, M|\n|poke|p1|Rillaboom, F|\n|poke|p1|Tatsugiri, F|\n|poke|p2|Manaphy|\n|poke|p2|Skeledirge, M|\n|poke|p2|Iron Treads|\n|poke|p2|Pidgeot, M|\n|poke|p2|Gallade, M|\n|poke|p2|Sableye, F|\n|teampreview\n|c|\u2606MystroPoken|glhf\n|\n|t:|1699640273\n|start\n|switch|p1a: Uxie|Uxie|100\/100\n|switch|p2a: Sableye|Sableye, F|100\/100\n|turn|1\n|c|\u2606devious fearvg|have fun\n|c|\u2606MystroPoken|mega sableye magically magic bounces screens\n|c|\u2606MystroPoken|trust\n|c|\u2606devious fearvg|fr\n|\n|t:|1699640318\n|move|p2a: Sableye|Bulk Up|p2a: Sableye\n|-boost|p2a: Sableye|atk|1\n|-boost|p2a: Sableye|def|1\n|move|p1a: Uxie|Toxic|p2a: Sableye\n|-status|p2a: Sableye|tox\n|\n|-damage|p2a: Sableye|95\/100 tox|[from] psn\n|upkeep\n|turn|2\n|c|\u2606MystroPoken|CRAZY\n|c|\u2606devious fearvg|frick\n|\n|t:|1699640330\n|switch|p2a: Pidgeot|Pidgeot, M|100\/100\n|move|p1a: Uxie|Reflect|p1a: Uxie\n|-sidestart|p1: MystroPoken|Reflect\n|\n|upkeep\n|turn|3\n|\n|t:|1699640334\n|move|p2a: Pidgeot|U-turn|p1a: Uxie\n|-supereffective|p1a: Uxie\n|-damage|p1a: Uxie|90\/100\n|\n|t:|1699640341\n|switch|p2a: Iron Treads|Iron Treads|100\/100|[from] U-turn\n|move|p1a: Uxie|Light Screen|p1a: Uxie\n|-sidestart|p1: MystroPoken|move: Light Screen\n|\n|upkeep\n|turn|4\n|c|\u2606devious fearvg|should've mega'd\n|c|\u2606devious fearvg|that's on me\n|c|\u2606MystroPoken|lol\n|\n|t:|1699640386\n|switch|p1a: Sableye|Sableye, F|100\/100\n|move|p2a: Iron Treads|Stealth Rock|p1a: Sableye\n|-sidestart|p1: MystroPoken|move: Stealth Rock\n|\n|upkeep\n|turn|5\n|\n|t:|1699640391\n|move|p1a: Sableye|Encore|p2a: Iron Treads\n|-start|p2a: Iron Treads|Encore\n|move|p2a: Iron Treads|Stealth Rock||[still]\n|-fail|p2a: Iron Treads\n|\n|upkeep\n|turn|6\n|\n|t:|1699640400\n|-end|p2a: Iron Treads|Quark Drive|[silent]\n|switch|p2a: Pidgeot|Pidgeot, M|100\/100\n|move|p1a: Sableye|Knock Off|p2a: Pidgeot\n|-damage|p2a: Pidgeot|79\/100\n|-enditem|p2a: Pidgeot|Heavy-Duty Boots|[from] move: Knock Off|[of] p1a: Sableye\n|\n|upkeep\n|turn|7\n|c|\u2606MystroPoken|hm m m\n|c|\u2606MystroPoken|mega sableye or gallade?\n|\n|t:|1699640417\n|move|p1a: Sableye|Will-O-Wisp|p2a: Pidgeot\n|-status|p2a: Pidgeot|brn\n|move|p2a: Pidgeot|Toxic|p1a: Sableye\n|-status|p1a: Sableye|tox\n|\n|-damage|p1a: Sableye|95\/100 tox|[from] psn\n|-damage|p2a: Pidgeot|73\/100 brn|[from] brn\n|upkeep\n|turn|8\n|\n|t:|1699640432\n|switch|p1a: Lokix|Lokix, M|100\/100\n|-damage|p1a: Lokix|76\/100|[from] Stealth Rock\n|move|p2a: Pidgeot|U-turn|p1a: Lokix\n|-supereffective|p1a: Lokix\n|-damage|p1a: Lokix|66\/100\n|c|\u2606MystroPoken|hmm what takes a first impression?\n|\n|t:|1699640495\n|switch|p2a: Iron Treads|Iron Treads|100\/100|[from] U-turn\n|\n|upkeep\n|turn|9\n|\n|t:|1699640501\n|move|p2a: Iron Treads|Volt Switch|p1a: Lokix\n|-crit|p1a: Lokix\n|-damage|p1a: Lokix|21\/100\n|\n|t:|1699640507\n|-end|p2a: Iron Treads|Quark Drive|[silent]\n|switch|p2a: Pidgeot|Pidgeot, M|73\/100 brn|[from] Volt Switch\n|move|p1a: Lokix|Low Kick|p2a: Pidgeot\n|-damage|p2a: Pidgeot|54\/100 brn\n|-damage|p1a: Lokix|11\/100|[from] item: Life Orb\n|\n|-damage|p2a: Pidgeot|48\/100 brn|[from] brn\n|-sideend|p1: MystroPoken|Reflect\n|upkeep\n|turn|10\n|c|\u2606MystroPoken|fu\n|\n|t:|1699640519\n|switch|p1a: Uxie|Uxie|90\/100\n|-damage|p1a: Uxie|78\/100|[from] Stealth Rock\n|move|p2a: Pidgeot|Roost|p2a: Pidgeot\n|-heal|p2a: Pidgeot|98\/100 brn\n|-singleturn|p2a: Pidgeot|move: Roost\n|\n|-damage|p2a: Pidgeot|92\/100 brn|[from] brn\n|-sideend|p1: MystroPoken|move: Light Screen\n|upkeep\n|turn|11\n|\n|t:|1699640531\n|move|p2a: Pidgeot|Toxic|p1a: Uxie\n|-status|p1a: Uxie|tox\n|move|p1a: Uxie|Reflect|p1a: Uxie\n|-sidestart|p1: MystroPoken|Reflect\n|\n|-damage|p1a: Uxie|72\/100 tox|[from] psn\n|-damage|p2a: Pidgeot|86\/100 brn|[from] brn\n|upkeep\n|turn|12\n|\n|t:|1699640544\n|move|p2a: Pidgeot|Defog|p1a: Uxie\n|-unboost|p1a: Uxie|evasion|1\n|-sideend|p1: MystroPoken|Reflect\n|-sideend|p1: MystroPoken|Stealth Rock|[from] move: Defog|[of] p2a: Pidgeot\n|move|p1a: Uxie|Light Screen|p1a: Uxie\n|-sidestart|p1: MystroPoken|move: Light Screen\n|\n|-damage|p1a: Uxie|59\/100 tox|[from] psn\n|-damage|p2a: Pidgeot|79\/100 brn|[from] brn\n|upkeep\n|turn|13\n|\n|t:|1699640555\n|switch|p1a: Tatsugiri|Tatsugiri, F|100\/100\n|move|p2a: Pidgeot|Defog|p1a: Tatsugiri\n|-unboost|p1a: Tatsugiri|evasion|1\n|-sideend|p1: MystroPoken|move: Light Screen\n|\n|-damage|p2a: Pidgeot|73\/100 brn|[from] brn\n|upkeep\n|turn|14\n|\n|t:|1699640583\n|switch|p1a: Sableye|Sableye, F|95\/100 tox\n|switch|p2a: Manaphy|Manaphy|100\/100\n|\n|-damage|p1a: Sableye|89\/100 tox|[from] psn\n|upkeep\n|turn|15\n|\n|t:|1699640601\n|switch|p2a: Pidgeot|Pidgeot, M|73\/100 brn\n|switch|p1a: Rillaboom|Rillaboom, F|100\/100\n|-fieldstart|move: Grassy Terrain|[from] ability: Grassy Surge|[of] p1a: Rillaboom\n|\n|-damage|p2a: Pidgeot|67\/100 brn|[from] brn\n|upkeep\n|turn|16\n|c|\u2606devious fearvg|pidgeot is surprisingly bulky\n|c|\u2606devious fearvg|isn't it?\n|c|\u2606MystroPoken|yea\n|c|\u2606MystroPoken|uhm\n|\n|t:|1699640636\n|move|p1a: Rillaboom|U-turn|p2a: Pidgeot\n|-resisted|p2a: Pidgeot\n|-damage|p2a: Pidgeot|57\/100 brn\n|\n|t:|1699640640\n|switch|p1a: Sableye|Sableye, F|89\/100 tox|[from] U-turn\n|move|p2a: Pidgeot|U-turn|p1a: Sableye\n|-damage|p1a: Sableye|79\/100 tox\n|\n|t:|1699640652\n|switch|p2a: Skeledirge|Skeledirge, M|100\/100|[from] U-turn\n|\n|-heal|p1a: Sableye|85\/100 tox|[from] Grassy Terrain\n|-damage|p1a: Sableye|79\/100 tox|[from] psn\n|upkeep\n|turn|17\n|\n|t:|1699640660\n|move|p2a: Skeledirge|Shadow Ball|p1a: Sableye\n|-damage|p1a: Sableye|48\/100 tox\n|move|p1a: Sableye|Knock Off|p2a: Skeledirge\n|-supereffective|p2a: Skeledirge\n|-damage|p2a: Skeledirge|60\/100\n|-enditem|p2a: Skeledirge|Heavy-Duty Boots|[from] move: Knock Off|[of] p1a: Sableye\n|\n|-heal|p2a: Skeledirge|66\/100|[from] Grassy Terrain\n|-heal|p1a: Sableye|54\/100 tox|[from] Grassy Terrain\n|-damage|p1a: Sableye|42\/100 tox|[from] psn\n|upkeep\n|turn|18\n|\n|t:|1699640696\n|move|p1a: Sableye|Recover|p1a: Sableye\n|-heal|p1a: Sableye|93\/100 tox\n|move|p2a: Skeledirge|Shadow Ball|p1a: Sableye\n|-damage|p1a: Sableye|62\/100 tox\n|\n|-heal|p2a: Skeledirge|72\/100|[from] Grassy Terrain\n|-heal|p1a: Sableye|67\/100 tox|[from] Grassy Terrain\n|-damage|p1a: Sableye|50\/100 tox|[from] psn\n|upkeep\n|turn|19\n|\n|t:|1699640725\n|switch|p1a: Uxie|Uxie|59\/100 tox\n|move|p2a: Skeledirge|Shadow Ball|p1a: Uxie\n|-supereffective|p1a: Uxie\n|-damage|p1a: Uxie|25\/100 tox\n|\n|-heal|p2a: Skeledirge|78\/100|[from] Grassy Terrain\n|-damage|p1a: Uxie|19\/100 tox|[from] psn\n|-fieldend|move: Grassy Terrain\n|upkeep\n|turn|20\n|\n|t:|1699640733\n|switch|p2a: Pidgeot|Pidgeot, M|57\/100 brn\n|move|p1a: Uxie|Toxic||[still]\n|-fail|p1a: Uxie\n|\n|-damage|p1a: Uxie|6\/100 tox|[from] psn\n|-damage|p2a: Pidgeot|51\/100 brn|[from] brn\n|upkeep\n|turn|21\n|\n|t:|1699640749\n|switch|p1a: Sableye|Sableye, F|50\/100 tox\n|move|p2a: Pidgeot|U-turn|p1a: Sableye\n|-damage|p1a: Sableye|40\/100 tox\n|\n|t:|1699640767\n|switch|p2a: Skeledirge|Skeledirge, M|78\/100|[from] U-turn\n|\n|-damage|p1a: Sableye|34\/100 tox|[from] psn\n|upkeep\n|turn|22\n|\n|t:|1699640789\n|switch|p1a: Uxie|Uxie|6\/100 tox\n|move|p2a: Skeledirge|Torch Song|p1a: Uxie\n|-damage|p1a: Uxie|0 fnt\n|-boost|p2a: Skeledirge|spa|1\n|faint|p1a: Uxie\n|\n|upkeep\n|\n|t:|1699640799\n|switch|p1a: Lokix|Lokix, M|11\/100\n|turn|23\n|\n|t:|1699640824\n|switch|p2a: Iron Treads|Iron Treads|100\/100\n|move|p1a: Lokix|Knock Off|p2a: Iron Treads\n|-damage|p2a: Iron Treads|49\/100\n|-enditem|p2a: Iron Treads|Leftovers|[from] move: Knock Off|[of] p1a: Lokix\n|-damage|p1a: Lokix|1\/100|[from] item: Life Orb\n|\n|upkeep\n|turn|24\n|\n|t:|1699640837\n|switch|p1a: Tatsugiri|Tatsugiri, F|100\/100\n|move|p2a: Iron Treads|Volt Switch|p1a: Tatsugiri\n|-damage|p1a: Tatsugiri|81\/100\n|\n|t:|1699640860\n|-end|p2a: Iron Treads|Quark Drive|[silent]\n|switch|p2a: Gallade|Gallade, M|100\/100|[from] Volt Switch\n|\n|upkeep\n|turn|25\n|\n|t:|1699640917\n|move|p2a: Gallade|Leaf Blade|p1a: Tatsugiri\n|-damage|p1a: Tatsugiri|3\/100\n|move|p1a: Tatsugiri|Draco Meteor|p2a: Gallade\n|-damage|p2a: Gallade|25\/100\n|-unboost|p1a: Tatsugiri|spa|2\n|\n|upkeep\n|turn|26\n|\n|t:|1699640925\n|switch|p1a: Rillaboom|Rillaboom, F|100\/100\n|-fieldstart|move: Grassy Terrain|[from] ability: Grassy Surge|[of] p1a: Rillaboom\n|move|p2a: Gallade|Leaf Blade|p1a: Rillaboom\n|-resisted|p1a: Rillaboom\n|-damage|p1a: Rillaboom|66\/100\n|\n|-heal|p2a: Gallade|31\/100|[from] Grassy Terrain\n|-heal|p1a: Rillaboom|72\/100|[from] Grassy Terrain\n|upkeep\n|turn|27\n|c|\u2606MystroPoken|scarfed gallade is crazy\n|c|\u2606devious fearvg|fr\n|\n|t:|1699640951\n|switch|p2a: Pidgeot|Pidgeot, M|51\/100 brn\n|move|p1a: Rillaboom|U-turn|p2a: Pidgeot\n|-resisted|p2a: Pidgeot\n|-damage|p2a: Pidgeot|41\/100 brn\n|c|\u2606devious fearvg|so uhm\n|c|\u2606devious fearvg|if u see me not picking a move in 3 mins\n|c|\u2606devious fearvg|just know my battery died\n|c|\u2606MystroPoken|k lol\n|\n|t:|1699641017\n|switch|p1a: Sableye|Sableye, F|34\/100 tox|[from] U-turn\n|\n|-heal|p1a: Sableye|40\/100 tox|[from] Grassy Terrain\n|-damage|p1a: Sableye|34\/100 tox|[from] psn\n|-damage|p2a: Pidgeot|35\/100 brn|[from] brn\n|upkeep\n|turn|28\n|\n|t:|1699641024\n|move|p1a: Sableye|Recover|p1a: Sableye\n|-heal|p1a: Sableye|85\/100 tox\n|move|p2a: Pidgeot|Roost|p2a: Pidgeot\n|-heal|p2a: Pidgeot|85\/100 brn\n|-singleturn|p2a: Pidgeot|move: Roost\n|\n|-heal|p2a: Pidgeot|91\/100 brn|[from] Grassy Terrain\n|-heal|p1a: Sableye|91\/100 tox|[from] Grassy Terrain\n|-damage|p1a: Sableye|79\/100 tox|[from] psn\n|-damage|p2a: Pidgeot|85\/100 brn|[from] brn\n|upkeep\n|turn|29\n|\n|t:|1699641031\n|move|p1a: Sableye|Encore|p2a: Pidgeot\n|-start|p2a: Pidgeot|Encore\n|move|p2a: Pidgeot|Roost|p2a: Pidgeot\n|-heal|p2a: Pidgeot|100\/100 brn\n|-singleturn|p2a: Pidgeot|move: Roost\n|\n|-heal|p1a: Sableye|85\/100 tox|[from] Grassy Terrain\n|-damage|p1a: Sableye|67\/100 tox|[from] psn\n|-damage|p2a: Pidgeot|94\/100 brn|[from] brn\n|upkeep\n|turn|30\n|\n|t:|1699641055\n|switch|p2a: Iron Treads|Iron Treads|49\/100\n|switch|p1a: Tatsugiri|Tatsugiri, F|3\/100\n|\n|-heal|p2a: Iron Treads|55\/100|[from] Grassy Terrain\n|-heal|p1a: Tatsugiri|9\/100|[from] Grassy Terrain\n|-fieldend|move: Grassy Terrain\n|upkeep\n|turn|31\n|\n|t:|1699641071\n|switch|p1a: Rillaboom|Rillaboom, F|72\/100\n|-fieldstart|move: Grassy Terrain|[from] ability: Grassy Surge|[of] p1a: Rillaboom\n|move|p2a: Iron Treads|Volt Switch|p1a: Rillaboom\n|-resisted|p1a: Rillaboom\n|-damage|p1a: Rillaboom|62\/100\n|\n|t:|1699641081\n|-end|p2a: Iron Treads|Quark Drive|[silent]\n|switch|p2a: Pidgeot|Pidgeot, M|94\/100 brn|[from] Volt Switch\n|\n|-heal|p1a: Rillaboom|68\/100|[from] Grassy Terrain\n|-damage|p2a: Pidgeot|88\/100 brn|[from] brn\n|upkeep\n|turn|32\n|\n|t:|1699641109\n|-terastallize|p1a: Rillaboom|Water\n|move|p1a: Rillaboom|Wood Hammer|p2a: Pidgeot\n|-resisted|p2a: Pidgeot\n|-damage|p2a: Pidgeot|53\/100 brn\n|-damage|p1a: Rillaboom|56\/100|[from] Recoil\n|move|p2a: Pidgeot|U-turn|p1a: Rillaboom\n|-damage|p1a: Rillaboom|48\/100\n|\n|t:|1699641121\n|switch|p2a: Iron Treads|Iron Treads|55\/100|[from] U-turn\n|\n|-heal|p1a: Rillaboom|54\/100|[from] Grassy Terrain\n|-heal|p2a: Iron Treads|62\/100|[from] Grassy Terrain\n|upkeep\n|turn|33\n|c|\u2606devious fearvg|thanks for the tera\n|\n|t:|1699641129\n|move|p1a: Rillaboom|Wood Hammer|p2a: Iron Treads\n|-damage|p2a: Iron Treads|0 fnt\n|faint|p2a: Iron Treads\n|-end|p2a: Iron Treads|Quark Drive|[silent]\n|-damage|p1a: Rillaboom|35\/100|[from] Recoil\n|\n|-heal|p1a: Rillaboom|41\/100|[from] Grassy Terrain\n|upkeep\n|c|\u2606MystroPoken|:(\n|c|\u2606devious fearvg|oo scarf\n|\n|t:|1699641140\n|switch|p2a: Skeledirge|Skeledirge, M|78\/100\n|turn|34\n|\n|t:|1699641164\n|switch|p1a: Tatsugiri|Tatsugiri, F|9\/100\n|move|p2a: Skeledirge|Torch Song|p1a: Tatsugiri\n|-resisted|p1a: Tatsugiri\n|-damage|p1a: Tatsugiri|0 fnt\n|-boost|p2a: Skeledirge|spa|1\n|faint|p1a: Tatsugiri\n|\n|-heal|p2a: Skeledirge|84\/100|[from] Grassy Terrain\n|upkeep\n|\n|t:|1699641168\n|switch|p1a: Lokix|Lokix, M|1\/100\n|turn|35\n|\n|t:|1699641180\n|switch|p2a: Sableye|Sableye, F|95\/100 tox\n|move|p1a: Lokix|Knock Off|p2a: Sableye\n|-damage|p2a: Sableye|35\/100 tox\n|-damage|p1a: Lokix|0 fnt|[from] item: Life Orb\n|faint|p1a: Lokix\n|\n|-heal|p2a: Sableye|41\/100 tox|[from] Grassy Terrain\n|-damage|p2a: Sableye|35\/100 tox|[from] psn\n|-fieldend|move: Grassy Terrain\n|upkeep\n|\n|t:|1699641190\n|switch|p1a: Rillaboom|Rillaboom, F, tera:Water|41\/100\n|-fieldstart|move: Grassy Terrain|[from] ability: Grassy Surge|[of] p1a: Rillaboom\n|turn|36\n|c|\u2606devious fearvg|might as well use the sableye\n|c|\u2606MystroPoken|xd\n|\n|t:|1699641221\n|move|p2a: Sableye|Shadow Sneak|p1a: Rillaboom\n|-damage|p1a: Rillaboom|29\/100\n|move|p1a: Rillaboom|Drum Beating|p2a: Sableye\n|-damage|p2a: Sableye|0 fnt\n|faint|p2a: Sableye\n|\n|-heal|p1a: Rillaboom|35\/100|[from] Grassy Terrain\n|upkeep\n|l|\u2606devious fearvg\n|player|p2|\n|c|\u2606MystroPoken|didnt even mega is crazy\n|c|\u2606MystroPoken|lol\n|j|\u2606devious fearvg\n|player|p2|devious fearvg|alec-anime\n|c|\u2606devious fearvg|ok am back\n|c|\u2606devious fearvg|sorry about that\n|c|\u2606devious fearvg|battery died\n|c|\u2606MystroPoken|k np\n|c|\u2606MystroPoken|lol\n|\n|t:|1699641453\n|switch|p2a: Gallade|Gallade, M|31\/100\n|turn|37\n|\n|t:|1699641516\n|switch|p1a: Sableye|Sableye, F|67\/100 tox\n|move|p2a: Gallade|Leaf Blade|p1a: Sableye\n|-damage|p1a: Sableye|0 fnt\n|faint|p1a: Sableye\n|\n|-heal|p2a: Gallade|37\/100|[from] Grassy Terrain\n|upkeep\n|\n|t:|1699641524\n|switch|p1a: Sneasler|Sneasler, M|100\/100\n|-enditem|p1a: Sneasler|Grassy Seed\n|-boost|p1a: Sneasler|def|1|[from] item: Grassy Seed\n|turn|38\n|\n|t:|1699641537\n|move|p1a: Sneasler|Swords Dance|p1a: Sneasler\n|-boost|p1a: Sneasler|atk|2\n|move|p2a: Gallade|Leaf Blade|p1a: Sneasler\n|-resisted|p1a: Sneasler\n|-damage|p1a: Sneasler|69\/100\n|\n|-heal|p1a: Sneasler|75\/100|[from] Grassy Terrain\n|-heal|p2a: Gallade|43\/100|[from] Grassy Terrain\n|upkeep\n|turn|39\n|c|\u2606devious fearvg|chip\n|\n|t:|1699641551\n|move|p1a: Sneasler|Shadow Claw|p2a: Gallade\n|-supereffective|p2a: Gallade\n|-damage|p2a: Gallade|0 fnt\n|faint|p2a: Gallade\n|\n|-heal|p1a: Sneasler|81\/100|[from] Grassy Terrain\n|upkeep\n|\n|t:|1699641559\n|switch|p2a: Skeledirge|Skeledirge, M|84\/100\n|turn|40\n|c|\u2606MystroPoken|does skewle kill\n|c|\u2606MystroPoken|is the question\n|\n|t:|1699641583\n|move|p1a: Sneasler|Shadow Claw|p2a: Skeledirge\n|-supereffective|p2a: Skeledirge\n|-damage|p2a: Skeledirge|47\/100\n|move|p2a: Skeledirge|Torch Song|p1a: Sneasler\n|-damage|p1a: Sneasler|44\/100\n|-boost|p2a: Skeledirge|spa|1\n|\n|-heal|p1a: Sneasler|50\/100|[from] Grassy Terrain\n|-heal|p2a: Skeledirge|53\/100|[from] Grassy Terrain\n|-fieldend|move: Grassy Terrain\n|upkeep\n|turn|41\n|c|\u2606MystroPoken|fu\n|c|\u2606MystroPoken|CRIT P{ELASEEEE\n|c|\u2606devious fearvg|no\n|\n|t:|1699641631\n|-terastallize|p2a: Skeledirge|Water\n|move|p1a: Sneasler|Shadow Claw|p2a: Skeledirge\n|-damage|p2a: Skeledirge|32\/100\n|move|p2a: Skeledirge|Slack Off|p2a: Skeledirge\n|-heal|p2a: Skeledirge|82\/100\n|\n|upkeep\n|turn|42\n|\n|t:|1699641647\n|move|p1a: Sneasler|Dire Claw|p2a: Skeledirge\n|-damage|p2a: Skeledirge|46\/100\n|-status|p2a: Skeledirge|par\n|move|p2a: Skeledirge|Torch Song|p1a: Sneasler\n|-damage|p1a: Sneasler|0 fnt\n|-boost|p2a: Skeledirge|spa|1\n|faint|p1a: Sneasler\n|\n|upkeep\n|\n|t:|1699641651\n|switch|p1a: Rillaboom|Rillaboom, F, tera:Water|35\/100\n|-fieldstart|move: Grassy Terrain|[from] ability: Grassy Surge|[of] p1a: Rillaboom\n|turn|43\n|\n|t:|1699641658\n|switch|p2a: Pidgeot|Pidgeot, M|53\/100 brn\n|move|p1a: Rillaboom|Drum Beating|p2a: Pidgeot\n|-resisted|p2a: Pidgeot\n|-damage|p2a: Pidgeot|29\/100 brn\n|-unboost|p2a: Pidgeot|spe|1\n|\n|-heal|p1a: Rillaboom|41\/100|[from] Grassy Terrain\n|-damage|p2a: Pidgeot|22\/100 brn|[from] brn\n|upkeep\n|turn|44\n|c|\u2606MystroPoken|?\n|c|\u2606MystroPoken|?????\n|c|\u2606devious fearvg|wait crap\n|\n|t:|1699641671\n|switch|p2a: Manaphy|Manaphy|100\/100\n|move|p1a: Rillaboom|Drum Beating|p2a: Manaphy\n|-supereffective|p2a: Manaphy\n|-damage|p2a: Manaphy|3\/100\n|-unboost|p2a: Manaphy|spe|1\n|\n|-heal|p1a: Rillaboom|47\/100|[from] Grassy Terrain\n|-heal|p2a: Manaphy|10\/100|[from] Grassy Terrain\n|upkeep\n|turn|45\n|c|\u2606MystroPoken|?????????\n|\n|t:|1699641678\n|move|p1a: Rillaboom|Drum Beating|p2a: Manaphy\n|-supereffective|p2a: Manaphy\n|-damage|p2a: Manaphy|0 fnt\n|faint|p2a: Manaphy\n|\n|-heal|p1a: Rillaboom|53\/100|[from] Grassy Terrain\n|upkeep\n|\n|t:|1699641681\n|switch|p2a: Skeledirge|Skeledirge, M, tera:Water|46\/100 par\n|turn|46\n|c|\u2606devious fearvg|BRO I SOLD\n|c|\u2606MystroPoken|????????????\n|c|\u2606devious fearvg|LMAO\n|c|\u2606MystroPoken|???\n|c|\u2606MystroPoken|???????\n|\n|t:|1699641694\n|move|p1a: Rillaboom|Drum Beating|p2a: Skeledirge\n|-supereffective|p2a: Skeledirge\n|-damage|p2a: Skeledirge|0 fnt\n|faint|p2a: Skeledirge\n|\n|-heal|p1a: Rillaboom|59\/100|[from] Grassy Terrain\n|upkeep\n|c|\u2606MystroPoken|?????????????????????????\n|c|\u2606MystroPoken|]\\\n|\n|t:|1699641698\n|switch|p2a: Pidgeot|Pidgeot, M|22\/100 brn\n|turn|47\n|\n|t:|1699641700\n|move|p1a: Rillaboom|Drum Beating|p2a: Pidgeot\n|-resisted|p2a: Pidgeot\n|-damage|p2a: Pidgeot|0 fnt\n|faint|p2a: Pidgeot\n|\n|win|MystroPoken\n|c|\u2606devious fearvg|man\n|c|\u2606devious fearvg|ggs\n|c|\u2606MystroPoken|gg????\n|c|\u2606MystroPoken|1-1\n|c|\u2606devious fearvg|I sold\n|c|\u2606devious fearvg|so hard\n|l|\u2606devious fearvg\n","uploadtime":1699641838,"views":5,"p1id":"mystropoken","p2id":"deviousfearvg","formatid":"gen9nationaldex","rating":0,"private":0,"password":""}