{"id":"gen9nationaldex-1998736836","p1":"DunkPepe","p2":"sjyswoer","format":"[Gen 9] National Dex","log":"|html|<div class=\"broadcast-blue\"><strong>[Gen 9] National Dex is currently suspecting Sneasler! For information on how to participate check out the <a href=\"https:\/\/www.smogon.com\/forums\/threads\/sv-national-dex-suspect-8-just-dance.3731534\/\">suspect thread<\/a>.<\/strong><\/div>\n|j|\u2606DunkPepe\n|j|\u2606sjyswoer\n|t:|1700980514\n|gametype|singles\n|player|p1|DunkPepe|dawn|1366\n|player|p2|sjyswoer|170|1321\n|teamsize|p1|6\n|teamsize|p2|6\n|gen|9\n|tier|[Gen 9] National Dex\n|rated|\n|rule|HP Percentage Mod: HP is shown in percentages\n|rule|Endless Battle Clause: Forcing endless battles is banned\n|rule|OHKO Clause: OHKO moves are banned\n|rule|Evasion Clause: Evasion abilities, items, and moves are banned\n|rule|Evasion Abilities Clause: Evasion abilities are banned\n|rule|Evasion Items Clause: Evasion items are banned\n|rule|Evasion Moves Clause: Evasion moves are banned\n|rule|Species Clause: Limit one of each Pok\u00e9mon\n|rule|Sleep Clause Mod: Limit one foe put to sleep\n|clearpoke\n|poke|p1|Skeledirge, M|\n|poke|p1|Garchomp, F|\n|poke|p1|Corviknight, F|\n|poke|p1|Tapu Lele|\n|poke|p1|Urshifu-*, F|\n|poke|p1|Aerodactyl, F|\n|poke|p2|Sandy Shocks|\n|poke|p2|Moltres|\n|poke|p2|Ogerpon-Wellspring, F|\n|poke|p2|Slowking-Galar, F|\n|poke|p2|Weavile, M|\n|poke|p2|Scizor, F|\n|teampreview\n|inactive|Battle timer is ON: inactive players will automatically lose when time's up. (requested by DunkPepe)\n|\n|t:|1700980528\n|start\n|switch|p1a: Aerodactyl|Aerodactyl, F|100\/100\n|switch|p2a: Sandy Shocks|Sandy Shocks|100\/100\n|turn|1\n|\n|t:|1700980534\n|detailschange|p1a: Aerodactyl|Aerodactyl-Mega, F\n|-mega|p1a: Aerodactyl|Aerodactyl|Aerodactylite\n|move|p1a: Aerodactyl|Earthquake|p2a: Sandy Shocks\n|-supereffective|p2a: Sandy Shocks\n|-damage|p2a: Sandy Shocks|12\/100\n|move|p2a: Sandy Shocks|Volt Switch|p1a: Aerodactyl\n|-supereffective|p1a: Aerodactyl\n|-crit|p1a: Aerodactyl\n|-damage|p1a: Aerodactyl|0 fnt\n|faint|p1a: Aerodactyl\n|\n|t:|1700980551\n|-end|p2a: Sandy Shocks|Protosynthesis|[silent]\n|switch|p2a: Scizor|Scizor, F|100\/100|[from] Volt Switch\n|\n|upkeep\n|\n|t:|1700980559\n|switch|p1a: Skeledirge|Skeledirge, M|100\/100\n|turn|2\n|\n|t:|1700980567\n|switch|p2a: Moltres|Moltres|100\/100\n|move|p1a: Skeledirge|Torch Song|p2a: Moltres\n|-resisted|p2a: Moltres\n|-damage|p2a: Moltres|85\/100\n|-boost|p1a: Skeledirge|spa|1\n|\n|upkeep\n|turn|3\n|\n|t:|1700980574\n|move|p2a: Moltres|U-turn|p1a: Skeledirge\n|-resisted|p1a: Skeledirge\n|-damage|p1a: Skeledirge|98\/100\n|inactive|sjyswoer has 120 seconds left.\n|\n|t:|1700980608\n|switch|p2a: Ogerpon|Ogerpon-Wellspring, F|100\/100|[from] U-turn\n|move|p1a: Skeledirge|Shadow Ball|p2a: Ogerpon\n|-damage|p2a: Ogerpon|42\/100\n|\n|-heal|p1a: Skeledirge|100\/100|[from] item: Leftovers\n|upkeep\n|turn|4\n|\n|t:|1700980628\n|switch|p1a: Urshifu|Urshifu-Rapid-Strike, F|100\/100\n|move|p2a: Ogerpon|Ivy Cudgel|p1a: Urshifu|[anim] Ivy Cudgel Water\n|-resisted|p1a: Urshifu\n|-crit|p1a: Urshifu\n|-damage|p1a: Urshifu|58\/100\n|\n|upkeep\n|turn|5\n|inactive|sjyswoer has 120 seconds left.\n|\n|t:|1700980644\n|move|p1a: Urshifu|Close Combat|p2a: Ogerpon\n|-damage|p2a: Ogerpon|0 fnt\n|-unboost|p1a: Urshifu|def|1\n|-unboost|p1a: Urshifu|spd|1\n|faint|p2a: Ogerpon\n|\n|upkeep\n|inactive|sjyswoer has 120 seconds left.\n|\n|t:|1700980651\n|switch|p2a: Slowking|Slowking-Galar, F|100\/100\n|turn|6\n|\n|t:|1700980657\n|switch|p1a: Garchomp|Garchomp, F|100\/100\n|move|p2a: Slowking|Psychic|p1a: Garchomp\n|-damage|p1a: Garchomp|66\/100\n|\n|upkeep\n|turn|7\n|\n|t:|1700980665\n|-terastallize|p2a: Slowking|Dark\n|move|p1a: Garchomp|Swords Dance|p1a: Garchomp\n|-boost|p1a: Garchomp|atk|2\n|move|p2a: Slowking|Ice Beam|p1a: Garchomp\n|-supereffective|p1a: Garchomp\n|-damage|p1a: Garchomp|0 fnt\n|faint|p1a: Garchomp\n|\n|upkeep\n|\n|t:|1700980689\n|switch|p1a: Skeledirge|Skeledirge, M|100\/100\n|turn|8\n|\n|t:|1700980694\n|move|p1a: Skeledirge|Torch Song|p2a: Slowking\n|-damage|p2a: Slowking|81\/100\n|-boost|p1a: Skeledirge|spa|1\n|move|p2a: Slowking|Chilly Reception|p2a: Slowking\n|-weather|Snow\n|\n|t:|1700980701\n|switch|p2a: Sandy Shocks|Sandy Shocks|12\/100|[from] Chilly Reception\n|\n|-weather|Snow|[upkeep]\n|upkeep\n|turn|9\n|\n|t:|1700980714\n|move|p2a: Sandy Shocks|Earth Power|p1a: Skeledirge\n|-supereffective|p1a: Skeledirge\n|-damage|p1a: Skeledirge|16\/100\n|move|p1a: Skeledirge|Shadow Ball|p2a: Sandy Shocks\n|-damage|p2a: Sandy Shocks|0 fnt\n|faint|p2a: Sandy Shocks\n|-end|p2a: Sandy Shocks|Protosynthesis|[silent]\n|\n|-weather|Snow|[upkeep]\n|-heal|p1a: Skeledirge|22\/100|[from] item: Leftovers\n|upkeep\n|\n|t:|1700980723\n|switch|p2a: Weavile|Weavile, M|100\/100\n|-ability|p2a: Weavile|Pressure\n|turn|10\n|\n|t:|1700980730\n|move|p2a: Weavile|Pursuit|p1a: Skeledirge\n|-supereffective|p1a: Skeledirge\n|-damage|p1a: Skeledirge|0 fnt\n|faint|p1a: Skeledirge\n|\n|-weather|Snow|[upkeep]\n|upkeep\n|\n|t:|1700980739\n|switch|p1a: Urshifu|Urshifu-Rapid-Strike, F|58\/100\n|turn|11\n|\n|t:|1700980756\n|move|p1a: Urshifu|Surging Strikes|p2a: Weavile\n|-crit|p2a: Weavile\n|-damage|p2a: Weavile|77\/100\n|-crit|p2a: Weavile\n|-damage|p2a: Weavile|52\/100\n|-crit|p2a: Weavile\n|-damage|p2a: Weavile|28\/100\n|-hitcount|p2a: Weavile|3\n|move|p2a: Weavile|Pursuit|p1a: Urshifu\n|-resisted|p1a: Urshifu\n|-damage|p1a: Urshifu|43\/100\n|\n|-weather|Snow|[upkeep]\n|upkeep\n|turn|12\n|\n|t:|1700980767\n|move|p1a: Urshifu|Surging Strikes|p2a: Weavile\n|-crit|p2a: Weavile\n|-damage|p2a: Weavile|4\/100\n|-crit|p2a: Weavile\n|-damage|p2a: Weavile|0 fnt\n|faint|p2a: Weavile\n|-hitcount|p2: Weavile|2\n|\n|-weather|none\n|upkeep\n|\n|t:|1700980777\n|switch|p2a: Scizor|Scizor, F|100\/100\n|turn|13\n|\n|t:|1700980786\n|detailschange|p2a: Scizor|Scizor-Mega, F\n|-mega|p2a: Scizor|Scizor|Scizorite\n|move|p2a: Scizor|Bullet Punch|p1a: Urshifu\n|-resisted|p1a: Urshifu\n|-damage|p1a: Urshifu|29\/100\n|move|p1a: Urshifu|Surging Strikes|p2a: Scizor\n|-crit|p2a: Scizor\n|-damage|p2a: Scizor|85\/100\n|-crit|p2a: Scizor\n|-damage|p2a: Scizor|70\/100\n|-crit|p2a: Scizor\n|-damage|p2a: Scizor|56\/100\n|-hitcount|p2a: Scizor|3\n|\n|upkeep\n|turn|14\n|\n|t:|1700980803\n|switch|p1a: Corviknight|Corviknight, F|100\/100\n|-ability|p1a: Corviknight|Pressure\n|move|p2a: Scizor|Bullet Punch|p1a: Corviknight\n|-resisted|p1a: Corviknight\n|-damage|p1a: Corviknight|92\/100\n|-damage|p2a: Scizor|40\/100|[from] item: Rocky Helmet|[of] p1a: Corviknight\n|\n|upkeep\n|turn|15\n|\n|t:|1700980811\n|move|p2a: Scizor|Roost|p2a: Scizor\n|-heal|p2a: Scizor|90\/100\n|-singleturn|p2a: Scizor|move: Roost\n|move|p1a: Corviknight|Brave Bird|p2a: Scizor\n|-damage|p2a: Scizor|63\/100\n|-damage|p1a: Corviknight|84\/100|[from] Recoil\n|\n|upkeep\n|turn|16\n|\n|t:|1700980818\n|move|p2a: Scizor|Swords Dance|p2a: Scizor\n|-boost|p2a: Scizor|atk|2\n|move|p1a: Corviknight|Brave Bird|p2a: Scizor\n|-damage|p2a: Scizor|38\/100\n|-damage|p1a: Corviknight|77\/100|[from] Recoil\n|\n|upkeep\n|turn|17\n|\n|t:|1700980827\n|move|p2a: Scizor|Roost|p2a: Scizor\n|-heal|p2a: Scizor|88\/100\n|-singleturn|p2a: Scizor|move: Roost\n|move|p1a: Corviknight|Brave Bird|p2a: Scizor\n|-damage|p2a: Scizor|61\/100\n|-damage|p1a: Corviknight|69\/100|[from] Recoil\n|\n|upkeep\n|turn|18\n|\n|t:|1700980834\n|move|p2a: Scizor|Swords Dance|p2a: Scizor\n|-boost|p2a: Scizor|atk|2\n|move|p1a: Corviknight|Brave Bird|p2a: Scizor\n|-damage|p2a: Scizor|37\/100\n|-damage|p1a: Corviknight|63\/100|[from] Recoil\n|\n|upkeep\n|turn|19\n|\n|t:|1700980842\n|move|p2a: Scizor|Roost|p2a: Scizor\n|-heal|p2a: Scizor|87\/100\n|-singleturn|p2a: Scizor|move: Roost\n|move|p1a: Corviknight|Brave Bird|p2a: Scizor\n|-damage|p2a: Scizor|62\/100\n|-damage|p1a: Corviknight|55\/100|[from] Recoil\n|\n|upkeep\n|turn|20\n|\n|t:|1700980850\n|move|p2a: Scizor|Swords Dance|p2a: Scizor\n|-boost|p2a: Scizor|atk|2\n|move|p1a: Corviknight|Roost|p1a: Corviknight\n|-heal|p1a: Corviknight|100\/100\n|-singleturn|p1a: Corviknight|move: Roost\n|\n|upkeep\n|turn|21\n|\n|t:|1700980858\n|move|p2a: Scizor|Roost|p2a: Scizor\n|-heal|p2a: Scizor|100\/100\n|-singleturn|p2a: Scizor|move: Roost\n|move|p1a: Corviknight|Brave Bird|p2a: Scizor\n|-damage|p2a: Scizor|76\/100\n|-damage|p1a: Corviknight|93\/100|[from] Recoil\n|\n|upkeep\n|turn|22\n|\n|t:|1700980864\n|move|p2a: Scizor|Bullet Punch|p1a: Corviknight\n|-resisted|p1a: Corviknight\n|-damage|p1a: Corviknight|61\/100\n|-damage|p2a: Scizor|59\/100|[from] item: Rocky Helmet|[of] p1a: Corviknight\n|move|p1a: Corviknight|Brave Bird|p2a: Scizor\n|-damage|p2a: Scizor|36\/100\n|-damage|p1a: Corviknight|54\/100|[from] Recoil\n|\n|upkeep\n|turn|23\n|\n|t:|1700980877\n|move|p2a: Scizor|Roost|p2a: Scizor\n|-heal|p2a: Scizor|86\/100\n|-singleturn|p2a: Scizor|move: Roost\n|move|p1a: Corviknight|Roost|p1a: Corviknight\n|-heal|p1a: Corviknight|100\/100\n|-singleturn|p1a: Corviknight|move: Roost\n|\n|upkeep\n|turn|24\n|\n|t:|1700980885\n|move|p2a: Scizor|Bullet Punch|p1a: Corviknight\n|-resisted|p1a: Corviknight\n|-damage|p1a: Corviknight|67\/100\n|-damage|p2a: Scizor|69\/100|[from] item: Rocky Helmet|[of] p1a: Corviknight\n|move|p1a: Corviknight|Brave Bird|p2a: Scizor\n|-damage|p2a: Scizor|45\/100\n|-damage|p1a: Corviknight|60\/100|[from] Recoil\n|\n|upkeep\n|turn|25\n|\n|t:|1700980894\n|move|p2a: Scizor|Roost|p2a: Scizor\n|-heal|p2a: Scizor|95\/100\n|-singleturn|p2a: Scizor|move: Roost\n|move|p1a: Corviknight|Brave Bird|p2a: Scizor\n|-crit|p2a: Scizor\n|-damage|p2a: Scizor|58\/100\n|-damage|p1a: Corviknight|50\/100|[from] Recoil\n|\n|upkeep\n|turn|26\n|\n|t:|1700980901\n|move|p2a: Scizor|Bullet Punch|p1a: Corviknight\n|-resisted|p1a: Corviknight\n|-damage|p1a: Corviknight|12\/100\n|-damage|p2a: Scizor|41\/100|[from] item: Rocky Helmet|[of] p1a: Corviknight\n|move|p1a: Corviknight|Roost|p1a: Corviknight\n|-heal|p1a: Corviknight|62\/100\n|-singleturn|p1a: Corviknight|move: Roost\n|\n|upkeep\n|turn|27\n|\n|t:|1700980909\n|move|p2a: Scizor|Roost|p2a: Scizor\n|-heal|p2a: Scizor|91\/100\n|-singleturn|p2a: Scizor|move: Roost\n|move|p1a: Corviknight|Roost|p1a: Corviknight\n|-heal|p1a: Corviknight|100\/100\n|-singleturn|p1a: Corviknight|move: Roost\n|\n|upkeep\n|turn|28\n|\n|t:|1700980920\n|move|p2a: Scizor|U-turn|p1a: Corviknight\n|-resisted|p1a: Corviknight\n|-damage|p1a: Corviknight|79\/100\n|-damage|p2a: Scizor|75\/100|[from] item: Rocky Helmet|[of] p1a: Corviknight\n|\n|t:|1700980925\n|switch|p2a: Moltres|Moltres|85\/100|[from] U-turn\n|move|p1a: Corviknight|Brave Bird|p2a: Moltres\n|-damage|p2a: Moltres|57\/100\n|-status|p1a: Corviknight|brn|[from] ability: Flame Body|[of] p2a: Moltres\n|-damage|p1a: Corviknight|71\/100 brn|[from] Recoil\n|\n|-damage|p1a: Corviknight|65\/100 brn|[from] brn\n|upkeep\n|turn|29\n|\n|t:|1700980934\n|move|p2a: Moltres|U-turn|p1a: Corviknight\n|-resisted|p1a: Corviknight\n|-damage|p1a: Corviknight|63\/100 brn\n|-damage|p2a: Moltres|41\/100|[from] item: Rocky Helmet|[of] p1a: Corviknight\n|\n|t:|1700980938\n|switch|p2a: Slowking|Slowking-Galar, F, tera:Dark|100\/100|[from] U-turn\n|move|p1a: Corviknight|U-turn|p2a: Slowking\n|-supereffective|p2a: Slowking\n|-crit|p2a: Slowking\n|-damage|p2a: Slowking|78\/100\n|\n|t:|1700980945\n|switch|p1a: Tapu Lele|Tapu Lele|100\/100|[from] U-turn\n|-fieldstart|move: Psychic Terrain|[from] ability: Psychic Surge|[of] p1a: Tapu Lele\n|\n|upkeep\n|turn|30\n|\n|t:|1700980954\n|move|p1a: Tapu Lele|Moonblast|p2a: Slowking\n|-supereffective|p2a: Slowking\n|-damage|p2a: Slowking|0 fnt\n|faint|p2a: Slowking\n|\n|upkeep\n|\n|t:|1700980961\n|switch|p2a: Scizor|Scizor-Mega, F|75\/100\n|turn|31\n|\n|t:|1700980965\n|switch|p1a: Urshifu|Urshifu-Rapid-Strike, F|29\/100\n|move|p2a: Scizor|Roost|p2a: Scizor\n|-heal|p2a: Scizor|100\/100\n|-singleturn|p2a: Scizor|move: Roost\n|\n|upkeep\n|turn|32\n|inactive|DunkPepe has 120 seconds left.\n|\n|t:|1700981024\n|move|p1a: Urshifu|Surging Strikes|p2a: Scizor\n|-crit|p2a: Scizor\n|-damage|p2a: Scizor|85\/100\n|-crit|p2a: Scizor\n|-damage|p2a: Scizor|70\/100\n|-crit|p2a: Scizor\n|-damage|p2a: Scizor|55\/100\n|-hitcount|p2a: Scizor|3\n|move|p2a: Scizor|Swords Dance|p2a: Scizor\n|-boost|p2a: Scizor|atk|2\n|\n|upkeep\n|turn|33\n|\n|t:|1700981035\n|move|p2a: Scizor|Bullet Punch|p1a: Urshifu\n|-activate|p1a: Urshifu|move: Psychic Terrain\n|move|p1a: Urshifu|Surging Strikes|p2a: Scizor\n|-crit|p2a: Scizor\n|-damage|p2a: Scizor|41\/100\n|-crit|p2a: Scizor\n|-damage|p2a: Scizor|26\/100\n|-crit|p2a: Scizor\n|-damage|p2a: Scizor|11\/100\n|-hitcount|p2a: Scizor|3\n|\n|-fieldend|move: Psychic Terrain\n|upkeep\n|turn|34\n|\n|t:|1700981046\n|move|p1a: Urshifu|Surging Strikes|p2a: Scizor\n|-crit|p2a: Scizor\n|-damage|p2a: Scizor|0 fnt\n|faint|p2a: Scizor\n|-hitcount|p2: Scizor|1\n|\n|upkeep\n|-message|sjyswoer forfeited.\n|\n|win|DunkPepe\n|raw|DunkPepe's rating: 1366 &rarr; <strong>1383<\/strong><br \/>(+17 for winning)\n|raw|sjyswoer's rating: 1321 &rarr; <strong>1304<\/strong><br \/>(-17 for losing)\n|l|\u2606sjyswoer\n","uploadtime":1700981065,"views":1,"p1id":"dunkpepe","p2id":"sjyswoer","formatid":"gen9nationaldex","rating":1304,"private":0,"password":""}