{"id":"gen9nationaldex-1998444146","p1":"Keanmon","p2":"2fishcuh","format":"[Gen 9] National Dex","log":"|html|<div class=\"broadcast-blue\"><strong>[Gen 9] National Dex is currently suspecting Sneasler! For information on how to participate check out the <a href=\"https:\/\/www.smogon.com\/forums\/threads\/sv-national-dex-suspect-8-just-dance.3731534\/\">suspect thread<\/a>.<\/strong><\/div>\n|j|\u2606Keanmon\n|j|\u26062fishcuh\n|t:|1700942990\n|gametype|singles\n|player|p1|Keanmon|rood|1087\n|player|p2|2fishcuh|pokemaniac|1000\n|teamsize|p1|6\n|teamsize|p2|6\n|gen|9\n|tier|[Gen 9] National Dex\n|rated|\n|rule|HP Percentage Mod: HP is shown in percentages\n|rule|Endless Battle Clause: Forcing endless battles is banned\n|rule|OHKO Clause: OHKO moves are banned\n|rule|Evasion Clause: Evasion abilities, items, and moves are banned\n|rule|Evasion Abilities Clause: Evasion abilities are banned\n|rule|Evasion Items Clause: Evasion items are banned\n|rule|Evasion Moves Clause: Evasion moves are banned\n|rule|Species Clause: Limit one of each Pok\u00e9mon\n|rule|Sleep Clause Mod: Limit one foe put to sleep\n|clearpoke\n|poke|p1|Cloyster, M|\n|poke|p1|Forretress, M|\n|poke|p1|Solrock|\n|poke|p1|Glalie, M|\n|poke|p1|Ferrothorn, M|\n|poke|p1|Carbink|\n|poke|p2|Heracross, F|\n|poke|p2|Moltres|\n|poke|p2|Morpeko, F|\n|poke|p2|Pikachu, F|\n|poke|p2|Nidoking, M|\n|poke|p2|Rotom-Wash|\n|teampreview\n|\n|t:|1700943008\n|start\n|switch|p1a: Geoshine|Solrock|100\/100\n|switch|p2a: Morpeko|Morpeko, F|100\/100\n|turn|1\n|\n|t:|1700943025\n|move|p1a: Geoshine|Earthquake|p2a: Morpeko\n|-supereffective|p2a: Morpeko\n|-damage|p2a: Morpeko|22\/100\n|move|p2a: Morpeko|Super Fang|p1a: Geoshine\n|-damage|p1a: Geoshine|50\/100\n|\n|-formechange|p2a: Morpeko|Morpeko-Hangry||[from] ability: Hunger Switch\n|upkeep\n|turn|2\n|\n|t:|1700943043\n|switch|p2a: Moltres|Moltres|100\/100\n|move|p1a: Geoshine|Earthquake|p2a: Moltres\n|-immune|p2a: Moltres\n|\n|upkeep\n|turn|3\n|\n|t:|1700943051\n|switch|p1a: Comastone|Carbink|100\/100\n|switch|p2a: Nidoking|Nidoking, M|100\/100\n|\n|upkeep\n|turn|4\n|\n|t:|1700943069\n|switch|p1a: Ironut|Forretress, M|100\/100\n|move|p2a: Nidoking|Flamethrower|p1a: Ironut\n|-supereffective|p1a: Ironut\n|-crit|p1a: Ironut\n|-ability|p1a: Ironut|Sturdy\n|-damage|p1a: Ironut|1\/100\n|\n|-heal|p1a: Ironut|7\/100|[from] item: Leftovers\n|upkeep\n|turn|5\n|\n|t:|1700943076\n|move|p2a: Nidoking|Flamethrower|p1a: Ironut\n|-supereffective|p1a: Ironut\n|-damage|p1a: Ironut|0 fnt\n|faint|p1a: Ironut\n|\n|upkeep\n|\n|t:|1700943087\n|switch|p1a: Geoshine|Solrock|50\/100\n|turn|6\n|\n|t:|1700943093\n|switch|p2a: Morpeko|Morpeko, F|22\/100\n|move|p1a: Geoshine|Zen Headbutt|p2a: Morpeko\n|-immune|p2a: Morpeko\n|\n|-formechange|p2a: Morpeko|Morpeko-Hangry||[from] ability: Hunger Switch\n|upkeep\n|turn|7\n|\n|t:|1700943104\n|switch|p1a: Comastone|Carbink|100\/100\n|move|p2a: Morpeko|Super Fang|p1a: Comastone\n|-damage|p1a: Comastone|50\/100\n|-enditem|p1a: Comastone|Sitrus Berry|[eat]\n|-heal|p1a: Comastone|75\/100|[from] item: Sitrus Berry\n|\n|-formechange|p2a: Morpeko|Morpeko||[from] ability: Hunger Switch\n|upkeep\n|turn|8\n|\n|t:|1700943115\n|move|p2a: Morpeko|Volt Switch|p1a: Comastone\n|-damage|p1a: Comastone|62\/100\n|\n|t:|1700943120\n|switch|p2a: Nidoking|Nidoking, M|100\/100|[from] Volt Switch\n|move|p1a: Comastone|Moonblast|p2a: Nidoking\n|-resisted|p2a: Nidoking\n|-damage|p2a: Nidoking|87\/100\n|\n|upkeep\n|turn|9\n|\n|t:|1700943134\n|switch|p1a: Geoshine|Solrock|50\/100\n|move|p2a: Nidoking|Earth Power|p1a: Geoshine\n|-immune|p1a: Geoshine|[from] ability: Levitate\n|\n|upkeep\n|turn|10\n|\n|t:|1700943141\n|switch|p2a: Moltres|Moltres|100\/100\n|move|p1a: Geoshine|Rock Slide|p2a: Moltres\n|-supereffective|p2a: Moltres\n|-damage|p2a: Moltres|7\/100\n|\n|upkeep\n|turn|11\n|\n|t:|1700943150\n|switch|p2a: Rotom|Rotom-Wash|100\/100\n|move|p1a: Geoshine|Rock Slide|p2a: Rotom\n|-damage|p2a: Rotom|64\/100\n|\n|upkeep\n|turn|12\n|\n|t:|1700943157\n|switch|p1a: Whiplash|Ferrothorn, M|100\/100\n|move|p2a: Rotom|Volt Switch|p1a: Whiplash\n|-resisted|p1a: Whiplash\n|-damage|p1a: Whiplash|89\/100\n|\n|t:|1700943169\n|switch|p2a: Nidoking|Nidoking, M|87\/100|[from] Volt Switch\n|\n|upkeep\n|turn|13\n|\n|t:|1700943177\n|move|p1a: Whiplash|Protect|p1a: Whiplash\n|-singleturn|p1a: Whiplash|Protect\n|move|p2a: Nidoking|Flamethrower|p1a: Whiplash\n|-activate|p1a: Whiplash|move: Protect\n|\n|upkeep\n|turn|14\n|\n|t:|1700943193\n|switch|p2a: Rotom|Rotom-Wash|64\/100\n|switch|p1a: Geoshine|Solrock|50\/100\n|\n|upkeep\n|turn|15\n|\n|t:|1700943213\n|switch|p1a: Whiplash|Ferrothorn, M|89\/100\n|move|p2a: Rotom|Hydro Pump|p1a: Whiplash\n|-resisted|p1a: Whiplash\n|-damage|p1a: Whiplash|70\/100\n|\n|upkeep\n|turn|16\n|\n|t:|1700943219\n|move|p2a: Rotom|Will-O-Wisp|p1a: Whiplash|[miss]\n|-miss|p2a: Rotom|p1a: Whiplash\n|move|p1a: Whiplash|Leech Seed|p2a: Rotom\n|-start|p2a: Rotom|move: Leech Seed\n|\n|-damage|p2a: Rotom|52\/100|[from] Leech Seed|[of] p1a: Whiplash\n|-heal|p1a: Whiplash|80\/100|[silent]\n|upkeep\n|turn|17\n|\n|t:|1700943231\n|switch|p2a: Nidoking|Nidoking, M|87\/100\n|move|p1a: Whiplash|Protect||[still]\n|-fail|p1a: Whiplash\n|\n|upkeep\n|turn|18\n|\n|t:|1700943239\n|move|p1a: Whiplash|Protect|p1a: Whiplash\n|-singleturn|p1a: Whiplash|Protect\n|move|p2a: Nidoking|Flamethrower|p1a: Whiplash\n|-activate|p1a: Whiplash|move: Protect\n|\n|upkeep\n|turn|19\n|\n|t:|1700943245\n|switch|p1a: Geoshine|Solrock|50\/100\n|move|p2a: Nidoking|Flamethrower|p1a: Geoshine\n|-resisted|p1a: Geoshine\n|-damage|p1a: Geoshine|33\/100\n|\n|upkeep\n|turn|20\n|\n|t:|1700943254\n|switch|p2a: Morpeko|Morpeko, F|22\/100\n|move|p1a: Geoshine|Rock Slide|p2a: Morpeko|[miss]\n|-miss|p1a: Geoshine|p2a: Morpeko\n|\n|-formechange|p2a: Morpeko|Morpeko-Hangry||[from] ability: Hunger Switch\n|upkeep\n|turn|21\n|\n|t:|1700943263\n|switch|p2a: Nidoking|Nidoking, M|87\/100\n|move|p1a: Geoshine|Rock Slide|p2a: Nidoking\n|-resisted|p2a: Nidoking\n|-damage|p2a: Nidoking|74\/100\n|\n|upkeep\n|turn|22\n|\n|t:|1700943271\n|move|p1a: Geoshine|Rock Slide|p2a: Nidoking\n|-resisted|p2a: Nidoking\n|-crit|p2a: Nidoking\n|-damage|p2a: Nidoking|55\/100\n|move|p2a: Nidoking|Earth Power|p1a: Geoshine\n|-immune|p1a: Geoshine|[from] ability: Levitate\n|\n|upkeep\n|turn|23\n|\n|t:|1700943293\n|switch|p2a: Morpeko|Morpeko, F|22\/100\n|move|p1a: Geoshine|Rock Slide|p2a: Morpeko\n|-damage|p2a: Morpeko|0 fnt\n|faint|p2a: Morpeko\n|\n|upkeep\n|\n|t:|1700943301\n|switch|p2a: Nidoking|Nidoking, M|55\/100\n|turn|24\n|\n|t:|1700943308\n|move|p1a: Geoshine|Rock Slide|p2a: Nidoking\n|-resisted|p2a: Nidoking\n|-crit|p2a: Nidoking\n|-damage|p2a: Nidoking|37\/100\n|cant|p2a: Nidoking|flinch\n|\n|upkeep\n|turn|25\n|\n|t:|1700943313\n|move|p1a: Geoshine|Rock Slide|p2a: Nidoking\n|-resisted|p2a: Nidoking\n|-damage|p2a: Nidoking|24\/100\n|move|p2a: Nidoking|Sludge Wave|p1a: Geoshine\n|-resisted|p1a: Geoshine\n|-damage|p1a: Geoshine|5\/100\n|\n|upkeep\n|turn|26\n|\n|t:|1700943321\n|move|p1a: Geoshine|Rock Slide|p2a: Nidoking\n|-resisted|p2a: Nidoking\n|-damage|p2a: Nidoking|11\/100\n|move|p2a: Nidoking|Sludge Wave|p1a: Geoshine\n|-resisted|p1a: Geoshine\n|-damage|p1a: Geoshine|0 fnt\n|faint|p1a: Geoshine\n|\n|upkeep\n|\n|t:|1700943331\n|switch|p1a: Cryosion|Glalie, M|100\/100\n|turn|27\n|\n|t:|1700943343\n|move|p1a: Cryosion|Ice Shard|p2a: Nidoking\n|-supereffective|p2a: Nidoking\n|-damage|p2a: Nidoking|0 fnt\n|faint|p2a: Nidoking\n|\n|upkeep\n|\n|t:|1700943347\n|switch|p2a: Heracross|Heracross, F|100\/100\n|turn|28\n|\n|t:|1700943361\n|switch|p1a: Comastone|Carbink|62\/100\n|move|p2a: Heracross|Close Combat|p1a: Comastone\n|-damage|p1a: Comastone|16\/100\n|-unboost|p2a: Heracross|def|1\n|-unboost|p2a: Heracross|spd|1\n|\n|upkeep\n|turn|29\n|\n|t:|1700943366\n|move|p2a: Heracross|Close Combat|p1a: Comastone\n|-damage|p1a: Comastone|0 fnt\n|-unboost|p2a: Heracross|def|1\n|-unboost|p2a: Heracross|spd|1\n|faint|p1a: Comastone\n|-ability|p2a: Heracross|Moxie|boost\n|-boost|p2a: Heracross|atk|1\n|\n|upkeep\n|\n|t:|1700943380\n|switch|p1a: Shellshocker|Cloyster, M|100\/100\n|turn|30\n|\n|t:|1700943383\n|move|p2a: Heracross|Close Combat|p1a: Shellshocker\n|-supereffective|p1a: Shellshocker\n|-enditem|p1a: Shellshocker|Focus Sash\n|-damage|p1a: Shellshocker|1\/100\n|-unboost|p2a: Heracross|def|1\n|-unboost|p2a: Heracross|spd|1\n|move|p1a: Shellshocker|Shell Smash|p1a: Shellshocker\n|-unboost|p1a: Shellshocker|def|1\n|-unboost|p1a: Shellshocker|spd|1\n|-boost|p1a: Shellshocker|atk|2\n|-boost|p1a: Shellshocker|spa|2\n|-boost|p1a: Shellshocker|spe|2\n|\n|upkeep\n|turn|31\n|\n|t:|1700943389\n|switch|p2a: Moltres|Moltres|7\/100\n|move|p1a: Shellshocker|Icicle Spear|p2a: Moltres\n|-damage|p2a: Moltres|0 fnt\n|faint|p2a: Moltres\n|-hitcount|p2: Moltres|1\n|\n|upkeep\n|\n|t:|1700943390\n|switch|p2a: Pikachu|Pikachu, F|100\/100\n|turn|32\n|\n|t:|1700943399\n|switch|p1a: Whiplash|Ferrothorn, M|80\/100\n|move|p2a: Pikachu|Extreme Speed|p1a: Whiplash\n|-resisted|p1a: Whiplash\n|-damage|p1a: Whiplash|67\/100\n|-damage|p2a: Pikachu|88\/100|[from] ability: Iron Barbs|[of] p1a: Whiplash\n|-damage|p2a: Pikachu|72\/100|[from] item: Rocky Helmet|[of] p1a: Whiplash\n|\n|upkeep\n|turn|33\n|\n|t:|1700943409\n|switch|p2a: Rotom|Rotom-Wash|52\/100\n|move|p1a: Whiplash|Leech Seed|p2a: Rotom\n|-start|p2a: Rotom|move: Leech Seed\n|\n|-damage|p2a: Rotom|40\/100|[from] Leech Seed|[of] p1a: Whiplash\n|-heal|p1a: Whiplash|77\/100|[silent]\n|upkeep\n|turn|34\n|\n|t:|1700943413\n|switch|p2a: Heracross|Heracross, F|100\/100\n|move|p1a: Whiplash|Protect||[still]\n|-fail|p1a: Whiplash\n|\n|upkeep\n|turn|35\n|\n|t:|1700943422\n|switch|p1a: Shellshocker|Cloyster, M|1\/100\n|detailschange|p2a: Heracross|Heracross-Mega, F\n|-mega|p2a: Heracross|Heracross|Heracronite\n|move|p2a: Heracross|Close Combat|p1a: Shellshocker\n|-supereffective|p1a: Shellshocker\n|-damage|p1a: Shellshocker|0 fnt\n|-unboost|p2a: Heracross|def|1\n|-unboost|p2a: Heracross|spd|1\n|faint|p1a: Shellshocker\n|\n|upkeep\n|\n|t:|1700943426\n|switch|p1a: Cryosion|Glalie, M|100\/100\n|turn|36\n|\n|t:|1700943431\n|detailschange|p1a: Cryosion|Glalie-Mega, M\n|-mega|p1a: Cryosion|Glalie|Glalitite\n|move|p1a: Cryosion|Explosion|p2a: Heracross\n|-damage|p2a: Heracross|0 fnt\n|faint|p1a: Cryosion\n|faint|p2a: Heracross\n|\n|upkeep\n|\n|t:|1700943463\n|switch|p1a: Whiplash|Ferrothorn, M|77\/100\n|switch|p2a: Pikachu|Pikachu, F|72\/100\n|turn|37\n|\n|t:|1700943469\n|move|p2a: Pikachu|Volt Tackle|p1a: Whiplash\n|-resisted|p1a: Whiplash\n|-damage|p1a: Whiplash|45\/100\n|-damage|p2a: Pikachu|59\/100|[from] ability: Iron Barbs|[of] p1a: Whiplash\n|-damage|p2a: Pikachu|43\/100|[from] item: Rocky Helmet|[of] p1a: Whiplash\n|-damage|p2a: Pikachu|28\/100|[from] Recoil\n|move|p1a: Whiplash|Leech Seed|p2a: Pikachu\n|-start|p2a: Pikachu|move: Leech Seed\n|\n|-damage|p2a: Pikachu|16\/100|[from] Leech Seed|[of] p1a: Whiplash\n|-heal|p1a: Whiplash|54\/100|[silent]\n|upkeep\n|turn|38\n|\n|t:|1700943472\n|move|p1a: Whiplash|Protect|p1a: Whiplash\n|-singleturn|p1a: Whiplash|Protect\n|move|p2a: Pikachu|Knock Off|p1a: Whiplash\n|-activate|p1a: Whiplash|move: Protect\n|\n|-damage|p2a: Pikachu|3\/100|[from] Leech Seed|[of] p1a: Whiplash\n|-heal|p1a: Whiplash|63\/100|[silent]\n|upkeep\n|turn|39\n|\n|t:|1700943479\n|move|p1a: Whiplash|Protect|p1a: Whiplash\n|-singleturn|p1a: Whiplash|Protect\n|move|p2a: Pikachu|Knock Off|p1a: Whiplash\n|-activate|p1a: Whiplash|move: Protect\n|\n|-damage|p2a: Pikachu|0 fnt|[from] Leech Seed|[of] p1a: Whiplash\n|-heal|p1a: Whiplash|65\/100|[silent]\n|faint|p2a: Pikachu\n|upkeep\n|\n|t:|1700943486\n|switch|p2a: Rotom|Rotom-Wash|40\/100\n|turn|40\n|\n|t:|1700943505\n|-terastallize|p2a: Rotom|Electric\n|move|p2a: Rotom|Volt Switch|p1a: Whiplash\n|-resisted|p1a: Whiplash\n|-damage|p1a: Whiplash|50\/100\n|move|p1a: Whiplash|Leech Seed|p2a: Rotom\n|-start|p2a: Rotom|move: Leech Seed\n|\n|-damage|p2a: Rotom|27\/100|[from] Leech Seed|[of] p1a: Whiplash\n|-heal|p1a: Whiplash|60\/100|[silent]\n|upkeep\n|turn|41\n|\n|t:|1700943510\n|move|p1a: Whiplash|Protect|p1a: Whiplash\n|-singleturn|p1a: Whiplash|Protect\n|move|p2a: Rotom|Hydro Pump|p1a: Whiplash\n|-activate|p1a: Whiplash|move: Protect\n|\n|-damage|p2a: Rotom|15\/100|[from] Leech Seed|[of] p1a: Whiplash\n|-heal|p1a: Whiplash|70\/100|[silent]\n|upkeep\n|turn|42\n|-message|2fishcuh forfeited.\n|\n|win|Keanmon\n|raw|Keanmon's rating: 1087 &rarr; <strong>1107<\/strong><br \/>(+20 for winning)\n|raw|2fishcuh's rating: 1000 &rarr; <strong>1000<\/strong><br \/>(+0 for losing)\n","uploadtime":1700943520,"views":1,"p1id":"keanmon","p2id":"2fishcuh","formatid":"gen9nationaldex","rating":1000,"private":0,"password":""}