{"id":"gen9nationaldex-1991523072","p1":"Jarl_jake","p2":"ShinyScarfy","format":"[Gen 9] National Dex","log":"|j|\u2606Jarl_jake\n|j|\u2606ShinyScarfy\n|t:|1700084754\n|gametype|singles\n|player|p1|Jarl_jake|red|1398\n|player|p2|ShinyScarfy|alec-anime|1299\n|teamsize|p1|6\n|teamsize|p2|6\n|gen|9\n|tier|[Gen 9] National Dex\n|rated|\n|rule|HP Percentage Mod: HP is shown in percentages\n|rule|Endless Battle Clause: Forcing endless battles is banned\n|rule|OHKO Clause: OHKO moves are banned\n|rule|Evasion Clause: Evasion abilities, items, and moves are banned\n|rule|Evasion Abilities Clause: Evasion abilities are banned\n|rule|Evasion Items Clause: Evasion items are banned\n|rule|Evasion Moves Clause: Evasion moves are banned\n|rule|Species Clause: Limit one of each Pok\u00e9mon\n|rule|Sleep Clause Mod: Limit one foe put to sleep\n|clearpoke\n|poke|p1|Gyarados, M|\n|poke|p1|Latios, M|\n|poke|p1|Venusaur, F|\n|poke|p1|Volcarona, F|\n|poke|p1|Shuckle, F|\n|poke|p1|Great Tusk|\n|poke|p2|Zoroark-Hisui, M|\n|poke|p2|Togekiss, F|\n|poke|p2|Samurott-Hisui, M|\n|poke|p2|Gliscor, M|\n|poke|p2|Lopunny, F|\n|poke|p2|Roserade, F|\n|teampreview\n|inactive|Battle timer is ON: inactive players will automatically lose when time's up. (requested by ShinyScarfy)\n|\n|t:|1700084771\n|start\n|switch|p1a: Shuckie|Shuckle, F, shiny|100\/100\n|switch|p2a: Gliscor|Gliscor, M|100\/100\n|turn|1\n|\n|t:|1700084778\n|move|p2a: Gliscor|Nasty Plot|p2a: Gliscor\n|-boost|p2a: Gliscor|spa|2\n|move|p1a: Shuckie|Sticky Web|p2a: Gliscor\n|-sidestart|p2: ShinyScarfy|move: Sticky Web\n|\n|upkeep\n|turn|2\n|\n|t:|1700084785\n|move|p2a: Gliscor|Shadow Ball|p1a: Shuckie\n|-damage|p1a: Shuckie|50\/100\n|-enditem|p1a: Shuckie|Red Card|[of] p2a: Gliscor\n|drag|p2a: Gliscor|Gliscor, M|100\/100\n|move|p1a: Shuckie|Power Split|p2a: Gliscor\n|-activate|p1a: Shuckie|move: Power Split|[of] p2a: Gliscor\n|\n|-status|p2a: Gliscor|tox|[from] item: Toxic Orb\n|upkeep\n|turn|3\n|\n|t:|1700084802\n|move|p2a: Gliscor|Fling|p1a: Shuckie\n|-damage|p1a: Shuckie|47\/100\n|-status|p1a: Shuckie|tox\n|-enditem|p2a: Gliscor|Toxic Orb|[from] move: Fling\n|move|p1a: Shuckie|Rock Tomb|p2a: Gliscor\n|-damage|p2a: Gliscor|87\/100 tox\n|-unboost|p2a: Gliscor|spe|1\n|\n|-heal|p2a: Gliscor|99\/100 tox|[from] ability: Poison Heal\n|-damage|p1a: Shuckie|41\/100 tox|[from] psn\n|upkeep\n|turn|4\n|\n|t:|1700084824\n|switch|p1a: Fake Dragon|Gyarados, M, shiny|100\/100\n|move|p2a: Gliscor|Swords Dance|p2a: Gliscor\n|-boost|p2a: Gliscor|atk|2\n|\n|-heal|p2a: Gliscor|100\/100 tox|[from] ability: Poison Heal\n|upkeep\n|turn|5\n|\n|t:|1700084834\n|move|p1a: Fake Dragon|Dragon Dance|p1a: Fake Dragon\n|-boost|p1a: Fake Dragon|atk|1\n|-boost|p1a: Fake Dragon|spe|1\n|move|p2a: Gliscor|Acrobatics|p1a: Fake Dragon\n|-damage|p1a: Fake Dragon|41\/100\n|\n|upkeep\n|turn|6\n|\n|t:|1700084841\n|move|p1a: Fake Dragon|Waterfall|p2a: Gliscor\n|-supereffective|p2a: Gliscor\n|-damage|p2a: Gliscor|0 fnt\n|faint|p2a: Gliscor\n|-ability|p1a: Fake Dragon|Moxie|boost\n|-boost|p1a: Fake Dragon|atk|1\n|\n|upkeep\n|\n|t:|1700084859\n|switch|p2a: Lopunny|Lopunny, F|100\/100\n|-activate|p2a: Lopunny|move: Sticky Web\n|-unboost|p2a: Lopunny|spe|1\n|turn|7\n|\n|t:|1700084865\n|detailschange|p2a: Lopunny|Lopunny-Mega, F\n|-mega|p2a: Lopunny|Lopunny|Lopunnite\n|move|p2a: Lopunny|Fake Out|p1a: Fake Dragon\n|-damage|p1a: Fake Dragon|15\/100\n|cant|p1a: Fake Dragon|flinch\n|\n|upkeep\n|turn|8\n|\n|t:|1700084873\n|switch|p2a: Roserade|Roserade, F|100\/100\n|-activate|p2a: Roserade|move: Sticky Web\n|-unboost|p2a: Roserade|spe|1\n|move|p1a: Fake Dragon|Waterfall|p2a: Roserade\n|-resisted|p2a: Roserade\n|-damage|p2a: Roserade|13\/100\n|\n|upkeep\n|turn|9\n|\n|t:|1700084881\n|move|p1a: Fake Dragon|Crunch|p2a: Roserade\n|-damage|p2a: Roserade|0 fnt\n|faint|p2a: Roserade\n|-ability|p1a: Fake Dragon|Moxie|boost\n|-boost|p1a: Fake Dragon|atk|1\n|\n|upkeep\n|\n|t:|1700084883\n|switch|p2a: Lopunny|Lopunny-Mega, F|100\/100\n|-activate|p2a: Lopunny|move: Sticky Web\n|-unboost|p2a: Lopunny|spe|1\n|turn|10\n|\n|t:|1700084893\n|switch|p1a: Spicy Meatball|Volcarona, F, shiny|100\/100\n|move|p2a: Lopunny|Fake Out|p1a: Spicy Meatball\n|-damage|p1a: Spicy Meatball|79\/100\n|\n|upkeep\n|turn|11\n|\n|t:|1700084899\n|switch|p1a: Shuckie|Shuckle, F, shiny|41\/100 tox\n|move|p2a: Lopunny|Return|p1a: Shuckie\n|-resisted|p1a: Shuckie\n|-crit|p1a: Shuckie\n|-damage|p1a: Shuckie|14\/100 tox\n|\n|-damage|p1a: Shuckie|8\/100 tox|[from] psn\n|upkeep\n|turn|12\n|\n|t:|1700084909\n|move|p2a: Lopunny|Return|p1a: Shuckie\n|-resisted|p1a: Shuckie\n|-damage|p1a: Shuckie|0 fnt\n|faint|p1a: Shuckie\n|\n|upkeep\n|\n|t:|1700084919\n|switch|p1a: Real Dragon|Latios, M, shiny|100\/100\n|turn|13\n|\n|t:|1700084928\n|switch|p2a: Samurott|Samurott-Hisui, M|100\/100\n|-activate|p2a: Samurott|move: Sticky Web\n|-unboost|p2a: Samurott|spe|1\n|move|p1a: Real Dragon|Calm Mind|p1a: Real Dragon\n|-boost|p1a: Real Dragon|spa|1\n|-boost|p1a: Real Dragon|spd|1\n|\n|upkeep\n|turn|14\n|\n|t:|1700084940\n|-terastallize|p1a: Real Dragon|Fighting\n|move|p1a: Real Dragon|Aura Sphere|p2a: Samurott\n|-supereffective|p2a: Samurott\n|-damage|p2a: Samurott|0 fnt\n|faint|p2a: Samurott\n|\n|upkeep\n|\n|t:|1700084945\n|switch|p2a: Togekiss|Togekiss, F|100\/100\n|turn|15\n|\n|t:|1700084950\n|move|p1a: Real Dragon|Psychic|p2a: Togekiss\n|-damage|p2a: Togekiss|42\/100\n|move|p2a: Togekiss|Draining Kiss|p1a: Real Dragon\n|-supereffective|p1a: Real Dragon\n|-damage|p1a: Real Dragon|63\/100\n|-heal|p2a: Togekiss|69\/100|[from] drain|[of] p1a: Real Dragon\n|\n|upkeep\n|turn|16\n|\n|t:|1700084958\n|move|p1a: Real Dragon|Psychic|p2a: Togekiss\n|-damage|p2a: Togekiss|14\/100\n|-unboost|p2a: Togekiss|spd|1\n|move|p2a: Togekiss|Draining Kiss|p1a: Real Dragon\n|-supereffective|p1a: Real Dragon\n|-damage|p1a: Real Dragon|27\/100\n|-heal|p2a: Togekiss|40\/100|[from] drain|[of] p1a: Real Dragon\n|\n|upkeep\n|turn|17\n|\n|t:|1700084971\n|switch|p2a: Togekiss|Togekiss, F|100\/100\n|-activate|p2a: Togekiss|move: Sticky Web\n|-unboost|p2a: Togekiss|spe|1\n|move|p1a: Real Dragon|Psychic|p2a: Togekiss\n|-enditem|p2a: Togekiss|Focus Sash\n|-damage|p2a: Togekiss|1\/100\n|replace|p2a: Zoroark|Zoroark-Hisui, M\n|-end|p2a: Zoroark|Illusion\n|\n|upkeep\n|turn|18\n|\n|t:|1700084981\n|move|p1a: Real Dragon|Psychic|p2a: Zoroark\n|-damage|p2a: Zoroark|0 fnt\n|faint|p2a: Zoroark\n|\n|upkeep\n|\n|t:|1700084983\n|switch|p2a: Lopunny|Lopunny-Mega, F|100\/100\n|-activate|p2a: Lopunny|move: Sticky Web\n|-unboost|p2a: Lopunny|spe|1\n|turn|19\n|\n|t:|1700084992\n|switch|p1a: Fake Dragon|Gyarados, M, shiny|15\/100\n|move|p2a: Lopunny|Fake Out|p1a: Fake Dragon\n|-damage|p1a: Fake Dragon|0 fnt\n|faint|p1a: Fake Dragon\n|\n|upkeep\n|\n|t:|1700084999\n|switch|p1a: Real Dragon|Latios, M, shiny, tera:Fighting|27\/100\n|turn|20\n|\n|t:|1700085008\n|switch|p2a: Togekiss|Togekiss, F|40\/100\n|move|p1a: Real Dragon|Psychic|p2a: Togekiss\n|-damage|p2a: Togekiss|4\/100\n|\n|upkeep\n|turn|21\n|\n|t:|1700085015\n|move|p1a: Real Dragon|Psychic|p2a: Togekiss\n|-damage|p2a: Togekiss|0 fnt\n|faint|p2a: Togekiss\n|\n|upkeep\n|\n|t:|1700085017\n|switch|p2a: Lopunny|Lopunny-Mega, F|100\/100\n|-activate|p2a: Lopunny|move: Sticky Web\n|-unboost|p2a: Lopunny|spe|1\n|turn|22\n|\n|t:|1700085024\n|switch|p1a: Spicy Meatball|Volcarona, F, shiny|79\/100\n|move|p2a: Lopunny|Fake Out|p1a: Spicy Meatball\n|-damage|p1a: Spicy Meatball|55\/100\n|\n|upkeep\n|turn|23\n|\n|t:|1700085032\n|move|p2a: Lopunny|Return|p1a: Spicy Meatball\n|-damage|p1a: Spicy Meatball|0 fnt\n|-status|p2a: Lopunny|brn|[from] ability: Flame Body|[of] p1a: Spicy Meatball\n|faint|p1a: Spicy Meatball\n|\n|-damage|p2a: Lopunny|95\/100 brn|[from] brn\n|upkeep\n|\n|t:|1700085041\n|switch|p1a: Real Dragon|Latios, M, shiny, tera:Fighting|27\/100\n|turn|24\n|-message|ShinyScarfy forfeited.\n|\n|win|Jarl_jake\n|raw|Jarl_jake's rating: 1398 &rarr; <strong>1412<\/strong><br \/>(+14 for winning)\n|raw|ShinyScarfy's rating: 1299 &rarr; <strong>1281<\/strong><br \/>(-18 for losing)\n|l|\u2606ShinyScarfy\n","uploadtime":1700085048,"views":22,"p1id":"jarljake","p2id":"shinyscarfy","formatid":"gen9nationaldex","rating":1281,"private":0,"password":""}