{"id":"gen9nationaldex-1996550726","p1":"KonichiwaMegumin","p2":"Zippybud5","format":"[Gen 9] National Dex","log":"|html|<div class=\"broadcast-blue\"><strong>[Gen 9] National Dex is currently suspecting Sneasler! For information on how to participate check out the <a href=\"https:\/\/www.smogon.com\/forums\/threads\/sv-national-dex-suspect-8-just-dance.3731534\/\">suspect thread<\/a>.<\/strong><\/div>\n|j|\u2606KonichiwaMegumin\n|j|\u2606Zippybud5\n|t:|1700693301\n|gametype|singles\n|player|p1|KonichiwaMegumin|169|1000\n|player|p2|Zippybud5|169|1071\n|teamsize|p1|6\n|teamsize|p2|6\n|gen|9\n|tier|[Gen 9] National Dex\n|rated|\n|rule|HP Percentage Mod: HP is shown in percentages\n|rule|Endless Battle Clause: Forcing endless battles is banned\n|rule|OHKO Clause: OHKO moves are banned\n|rule|Evasion Clause: Evasion abilities, items, and moves are banned\n|rule|Evasion Abilities Clause: Evasion abilities are banned\n|rule|Evasion Items Clause: Evasion items are banned\n|rule|Evasion Moves Clause: Evasion moves are banned\n|rule|Species Clause: Limit one of each Pok\u00e9mon\n|rule|Sleep Clause Mod: Limit one foe put to sleep\n|clearpoke\n|poke|p1|Polteageist|\n|poke|p1|Lycanroc-Dusk, M|\n|poke|p1|Charizard, M|\n|poke|p1|Malamar, F|\n|poke|p1|Clodsire, F|\n|poke|p1|Skarmory, F|\n|poke|p2|Electivire, F|\n|poke|p2|Kabutops, M|\n|poke|p2|Dustox, F|\n|poke|p2|Orthworm, F|\n|poke|p2|Regidrago|\n|poke|p2|Iron Thorns|\n|teampreview\n|\n|t:|1700693322\n|start\n|switch|p1a: Clodsire|Clodsire, F|100\/100\n|switch|p2a: Dustox|Dustox, F|100\/100\n|turn|1\n|\n|t:|1700693354\n|switch|p2a: Regidrago|Regidrago|100\/100\n|move|p1a: Clodsire|Spikes|p2a: Regidrago\n|-sidestart|p2: Zippybud5|Spikes\n|\n|upkeep\n|turn|2\n|\n|t:|1700693366\n|move|p2a: Regidrago|Dragon Dance|p2a: Regidrago\n|-boost|p2a: Regidrago|atk|1\n|-boost|p2a: Regidrago|spe|1\n|move|p1a: Clodsire|Stealth Rock|p2a: Regidrago\n|-sidestart|p2: Zippybud5|move: Stealth Rock\n|\n|upkeep\n|turn|3\n|\n|t:|1700693380\n|switch|p1a: Malamar|Malamar, F|100\/100\n|move|p2a: Regidrago|Earthquake|p1a: Malamar\n|-damage|p1a: Malamar|31\/100\n|-damage|p2a: Regidrago|91\/100|[from] item: Life Orb\n|\n|upkeep\n|turn|4\n|\n|t:|1700693389\n|move|p2a: Regidrago|Dragon Claw|p1a: Malamar\n|-damage|p1a: Malamar|0 fnt\n|faint|p1a: Malamar\n|-damage|p2a: Regidrago|81\/100|[from] item: Life Orb\n|\n|upkeep\n|\n|t:|1700693394\n|switch|p1a: Lycanroc|Lycanroc-Dusk, M|100\/100\n|turn|5\n|\n|t:|1700693407\n|-terastallize|p1a: Lycanroc|Fighting\n|move|p2a: Regidrago|Thunder Fang|p1a: Lycanroc\n|-damage|p1a: Lycanroc|42\/100\n|-damage|p2a: Regidrago|71\/100|[from] item: Life Orb\n|move|p1a: Lycanroc|Close Combat|p2a: Regidrago\n|-damage|p2a: Regidrago|0 fnt\n|-unboost|p1a: Lycanroc|def|1\n|-unboost|p1a: Lycanroc|spd|1\n|faint|p2a: Regidrago\n|\n|upkeep\n|\n|t:|1700693422\n|switch|p2a: Kabutops|Kabutops, M|100\/100\n|-damage|p2a: Kabutops|88\/100|[from] Spikes\n|-damage|p2a: Kabutops|76\/100|[from] Stealth Rock\n|turn|6\n|\n|t:|1700693428\n|move|p2a: Kabutops|Aqua Jet|p1a: Lycanroc\n|-damage|p1a: Lycanroc|0 fnt\n|faint|p1a: Lycanroc\n|\n|upkeep\n|\n|t:|1700693454\n|switch|p1a: Polteageist|Polteageist, shiny|100\/100\n|turn|7\n|\n|t:|1700693469\n|move|p1a: Polteageist|Shell Smash|p1a: Polteageist\n|-unboost|p1a: Polteageist|def|1\n|-unboost|p1a: Polteageist|spd|1\n|-boost|p1a: Polteageist|atk|2\n|-boost|p1a: Polteageist|spa|2\n|-boost|p1a: Polteageist|spe|2\n|-enditem|p1a: Polteageist|White Herb\n|-clearnegativeboost|p1a: Polteageist|[silent]\n|move|p2a: Kabutops|Knock Off|p1a: Polteageist\n|-supereffective|p1a: Polteageist\n|-damage|p1a: Polteageist|15\/100\n|\n|upkeep\n|turn|8\n|\n|t:|1700693482\n|move|p2a: Kabutops|Aqua Jet|p1a: Polteageist\n|-damage|p1a: Polteageist|0 fnt\n|faint|p1a: Polteageist\n|\n|upkeep\n|\n|t:|1700693490\n|switch|p1a: Skarmory|Skarmory, F|100\/100\n|turn|9\n|-message|KonichiwaMegumin forfeited.\n|\n|win|Zippybud5\n|raw|KonichiwaMegumin's rating: 1000 &rarr; <strong>1000<\/strong><br \/>(+0 for losing)\n|raw|Zippybud5's rating: 1071 &rarr; <strong>1094<\/strong><br \/>(+23 for winning)\n|l|\u2606KonichiwaMegumin\n","uploadtime":1700693500,"views":1,"p1id":"konichiwamegumin","p2id":"zippybud5","formatid":"gen9nationaldex","rating":1000,"private":0,"password":""}