{"id":"gen9nationaldex-1992788688","p1":"lxycj","p2":"wwaaa","format":"[Gen 9] National Dex","log":"|j|\u2606lxycj\n|j|\u2606wwaaa\n|t:|1700235539\n|gametype|singles\n|player|p1|lxycj|dawn-gen4pt|1700\n|player|p2|wwaaa|candice|1683\n|teamsize|p1|6\n|teamsize|p2|6\n|gen|9\n|tier|[Gen 9] National Dex\n|rated|\n|rule|HP Percentage Mod: HP is shown in percentages\n|rule|Endless Battle Clause: Forcing endless battles is banned\n|rule|OHKO Clause: OHKO moves are banned\n|rule|Evasion Clause: Evasion abilities, items, and moves are banned\n|rule|Evasion Abilities Clause: Evasion abilities are banned\n|rule|Evasion Items Clause: Evasion items are banned\n|rule|Evasion Moves Clause: Evasion moves are banned\n|rule|Species Clause: Limit one of each Pok\u00e9mon\n|rule|Sleep Clause Mod: Limit one foe put to sleep\n|clearpoke\n|poke|p1|Hoopa-Unbound|\n|poke|p1|Diancie|\n|poke|p1|Corviknight, M|\n|poke|p1|Goodra-Hisui, F|\n|poke|p1|Garchomp, F|\n|poke|p1|Slowbro, F|\n|poke|p2|Weavile, M|\n|poke|p2|Zamazenta-*|\n|poke|p2|Banette, F|\n|poke|p2|Dragonite, F|\n|poke|p2|Slowking-Galar, M|\n|poke|p2|Ferrothorn, F|\n|teampreview\n|inactive|Battle timer is ON: inactive players will automatically lose when time's up. (requested by lxycj)\n|\n|t:|1700235556\n|start\n|switch|p1a: Diancie|Diancie|100\/100\n|switch|p2a: Weavile|Weavile, M|100\/100\n|-ability|p2a: Weavile|Pressure\n|turn|1\n|\n|t:|1700235561\n|switch|p2a: Ferrothorn|Ferrothorn, F|100\/100\n|move|p1a: Diancie|Moonblast|p2a: Ferrothorn\n|-resisted|p2a: Ferrothorn\n|-damage|p2a: Ferrothorn|88\/100\n|\n|-heal|p2a: Ferrothorn|95\/100|[from] item: Leftovers\n|upkeep\n|turn|2\n|\n|t:|1700235568\n|switch|p1a: Goodra|Goodra-Hisui, F|100\/100\n|move|p2a: Ferrothorn|Stealth Rock|p1a: Goodra\n|-sidestart|p1: lxycj|move: Stealth Rock\n|\n|-heal|p2a: Ferrothorn|100\/100|[from] item: Leftovers\n|upkeep\n|turn|3\n|\n|t:|1700235572\n|switch|p2a: Slowking|Slowking-Galar, M|100\/100\n|move|p1a: Goodra|Flamethrower|p2a: Slowking\n|-damage|p2a: Slowking|85\/100\n|\n|upkeep\n|turn|4\n|\n|t:|1700235576\n|switch|p1a: Slowbro|Slowbro, F|100\/100\n|-damage|p1a: Slowbro|88\/100|[from] Stealth Rock\n|move|p2a: Slowking|Toxic Spikes|p1a: Slowbro\n|-sidestart|p1: lxycj|move: Toxic Spikes\n|\n|upkeep\n|turn|5\n|\n|t:|1700235589\n|move|p2a: Slowking|Toxic Spikes|p1a: Slowbro\n|-sidestart|p1: lxycj|move: Toxic Spikes\n|move|p1a: Slowbro|Teleport|p1a: Slowbro\n|\n|t:|1700235593\n|switch|p1a: Corviknight|Corviknight, M|100\/100|[from] Teleport\n|-damage|p1a: Corviknight|88\/100|[from] Stealth Rock\n|-ability|p1a: Corviknight|Pressure\n|\n|-heal|p1a: Corviknight|94\/100|[from] item: Leftovers\n|upkeep\n|turn|6\n|\n|t:|1700235597\n|move|p1a: Corviknight|Defog|p2a: Slowking\n|-unboost|p2a: Slowking|evasion|1\n|-sideend|p1: lxycj|Toxic Spikes|[from] move: Defog|[of] p1a: Corviknight\n|-sideend|p1: lxycj|Stealth Rock|[from] move: Defog|[of] p1a: Corviknight\n|move|p2a: Slowking|Chilly Reception|p2a: Slowking\n|-weather|Snow\n|\n|t:|1700235605\n|switch|p2a: Ferrothorn|Ferrothorn, F|100\/100|[from] Chilly Reception\n|\n|-weather|Snow|[upkeep]\n|-heal|p1a: Corviknight|100\/100|[from] item: Leftovers\n|upkeep\n|turn|7\n|\n|t:|1700235621\n|switch|p1a: Garchomp|Garchomp, F|100\/100\n|move|p2a: Ferrothorn|Stealth Rock|p1a: Garchomp\n|-sidestart|p1: lxycj|move: Stealth Rock\n|\n|-weather|Snow|[upkeep]\n|upkeep\n|turn|8\n|\n|t:|1700235627\n|switch|p2a: Weavile|Weavile, M|100\/100\n|-ability|p2a: Weavile|Pressure\n|move|p1a: Garchomp|Spikes|p2a: Weavile\n|-sidestart|p2: wwaaa|Spikes\n|\n|-weather|Snow|[upkeep]\n|upkeep\n|turn|9\n|\n|t:|1700235637\n|switch|p1a: Corviknight|Corviknight, M|100\/100\n|-damage|p1a: Corviknight|88\/100|[from] Stealth Rock\n|-ability|p1a: Corviknight|Pressure\n|move|p2a: Weavile|Triple Axel|p1a: Corviknight\n|-damage|p1a: Corviknight|80\/100\n|-damage|p1a: Corviknight|65\/100\n|-damage|p1a: Corviknight|43\/100\n|-hitcount|p1a: Corviknight|3\n|\n|-weather|Snow|[upkeep]\n|-heal|p1a: Corviknight|49\/100|[from] item: Leftovers\n|upkeep\n|turn|10\n|inactive|wwaaa has 120 seconds left.\n|j| murkak\n|\n|t:|1700235671\n|switch|p2a: Banette|Banette, F|100\/100\n|-damage|p2a: Banette|88\/100|[from] Spikes\n|-item|p1a: Corviknight|Leftovers|[from] ability: Frisk|[of] p2a: Banette|[identify]\n|switch|p1a: Diancie|Diancie|100\/100\n|-damage|p1a: Diancie|88\/100|[from] Stealth Rock\n|\n|-weather|none\n|upkeep\n|turn|11\n|inactive|wwaaa has 120 seconds left.\n|\n|t:|1700235685\n|switch|p2a: Ferrothorn|Ferrothorn, F|100\/100\n|-damage|p2a: Ferrothorn|88\/100|[from] Spikes\n|move|p1a: Diancie|Stealth Rock|p2a: Ferrothorn\n|-sidestart|p2: wwaaa|move: Stealth Rock\n|\n|-heal|p2a: Ferrothorn|94\/100|[from] item: Leftovers\n|upkeep\n|turn|12\n|\n|t:|1700235691\n|switch|p1a: Garchomp|Garchomp, F|100\/100\n|-damage|p1a: Garchomp|94\/100|[from] Stealth Rock\n|move|p2a: Ferrothorn|Leech Seed|p1a: Garchomp|[miss]\n|-miss|p2a: Ferrothorn|p1a: Garchomp\n|\n|-heal|p2a: Ferrothorn|100\/100|[from] item: Leftovers\n|upkeep\n|turn|13\n|\n|t:|1700235702\n|move|p1a: Garchomp|Spikes|p2a: Ferrothorn\n|-sidestart|p2: wwaaa|Spikes\n|move|p2a: Ferrothorn|Leech Seed|p1a: Garchomp\n|-start|p1a: Garchomp|move: Leech Seed\n|\n|-damage|p1a: Garchomp|82\/100|[from] Leech Seed|[of] p2a: Ferrothorn\n|upkeep\n|turn|14\n|\n|t:|1700235714\n|move|p1a: Garchomp|Spikes|p2a: Ferrothorn\n|-sidestart|p2: wwaaa|Spikes\n|move|p2a: Ferrothorn|Power Whip|p1a: Garchomp\n|-damage|p1a: Garchomp|41\/100\n|-damage|p2a: Ferrothorn|88\/100|[from] ability: Rough Skin|[of] p1a: Garchomp\n|\n|-heal|p2a: Ferrothorn|94\/100|[from] item: Leftovers\n|-damage|p1a: Garchomp|29\/100|[from] Leech Seed|[of] p2a: Ferrothorn\n|-heal|p2a: Ferrothorn|100\/100|[silent]\n|upkeep\n|turn|15\n|\n|t:|1700235721\n|switch|p1a: Corviknight|Corviknight, M|49\/100\n|-damage|p1a: Corviknight|36\/100|[from] Stealth Rock\n|-ability|p1a: Corviknight|Pressure\n|move|p2a: Ferrothorn|Power Whip|p1a: Corviknight\n|-resisted|p1a: Corviknight\n|-damage|p1a: Corviknight|28\/100\n|\n|-heal|p1a: Corviknight|35\/100|[from] item: Leftovers\n|upkeep\n|turn|16\n|\n|t:|1700235728\n|move|p1a: Corviknight|Roost|p1a: Corviknight\n|-heal|p1a: Corviknight|85\/100\n|-singleturn|p1a: Corviknight|move: Roost\n|move|p2a: Ferrothorn|Leech Seed|p1a: Corviknight|[miss]\n|-miss|p2a: Ferrothorn|p1a: Corviknight\n|\n|-heal|p1a: Corviknight|91\/100|[from] item: Leftovers\n|upkeep\n|turn|17\n|\n|t:|1700235736\n|switch|p1a: Goodra|Goodra-Hisui, F|100\/100\n|-damage|p1a: Goodra|94\/100|[from] Stealth Rock\n|move|p2a: Ferrothorn|Leech Seed|p1a: Goodra\n|-ability|p1a: Goodra|Sap Sipper|boost\n|-boost|p1a: Goodra|atk|1\n|\n|upkeep\n|turn|18\n|\n|t:|1700235739\n|switch|p2a: Slowking|Slowking-Galar, M|100\/100\n|move|p1a: Goodra|Flamethrower|p2a: Slowking\n|-damage|p2a: Slowking|85\/100\n|\n|upkeep\n|turn|19\n|\n|t:|1700235744\n|switch|p1a: \u6211\u6ef4\u4e00\u62f3\u8d85\u4eba|Hoopa-Unbound|100\/100\n|-damage|p1a: \u6211\u6ef4\u4e00\u62f3\u8d85\u4eba|88\/100|[from] Stealth Rock\n|move|p2a: Slowking|Toxic Spikes|p1a: \u6211\u6ef4\u4e00\u62f3\u8d85\u4eba\n|-sidestart|p1: lxycj|move: Toxic Spikes\n|\n|upkeep\n|turn|20\n|j| elvisma\n|\n|t:|1700235758\n|-terastallize|p1a: \u6211\u6ef4\u4e00\u62f3\u8d85\u4eba|Dark\n|move|p1a: \u6211\u6ef4\u4e00\u62f3\u8d85\u4eba|Hyperspace Fury|p2a: Slowking\n|-supereffective|p2a: Slowking\n|-damage|p2a: Slowking|0 fnt\n|-unboost|p1a: \u6211\u6ef4\u4e00\u62f3\u8d85\u4eba|def|1\n|faint|p2a: Slowking\n|\n|upkeep\n|\n|t:|1700235763\n|switch|p2a: Weavile|Weavile, M|100\/100\n|-ability|p2a: Weavile|Pressure\n|turn|21\n|\n|t:|1700235773\n|switch|p1a: Slowbro|Slowbro, F|100\/100\n|-damage|p1a: Slowbro|88\/100|[from] Stealth Rock\n|-status|p1a: Slowbro|psn\n|move|p2a: Weavile|Triple Axel|p1a: Slowbro\n|-resisted|p1a: Slowbro\n|-damage|p1a: Slowbro|85\/100 psn\n|-damage|p2a: Weavile|84\/100|[from] item: Rocky Helmet|[of] p1a: Slowbro\n|-hitcount|p1a: Slowbro|1\n|\n|-damage|p1a: Slowbro|73\/100 psn|[from] psn\n|upkeep\n|turn|22\n|\n|t:|1700235781\n|switch|p1a: Diancie|Diancie|88\/100\n|-damage|p1a: Diancie|75\/100|[from] Stealth Rock\n|-status|p1a: Diancie|psn\n|move|p2a: Weavile|Knock Off|p1a: Diancie\n|-resisted|p1a: Diancie\n|-damage|p1a: Diancie|63\/100 psn\n|\n|-damage|p1a: Diancie|51\/100 psn|[from] psn\n|upkeep\n|turn|23\n|\n|t:|1700235797\n|switch|p2a: Ferrothorn|Ferrothorn, F|100\/100\n|-damage|p2a: Ferrothorn|75\/100|[from] Spikes\n|-damage|p2a: Ferrothorn|69\/100|[from] Stealth Rock\n|switch|p1a: \u6211\u6ef4\u4e00\u62f3\u8d85\u4eba|Hoopa-Unbound, tera:Dark|88\/100\n|-damage|p1a: \u6211\u6ef4\u4e00\u62f3\u8d85\u4eba|76\/100|[from] Stealth Rock\n|-status|p1a: \u6211\u6ef4\u4e00\u62f3\u8d85\u4eba|psn\n|\n|-heal|p2a: Ferrothorn|75\/100|[from] item: Leftovers\n|-damage|p1a: \u6211\u6ef4\u4e00\u62f3\u8d85\u4eba|64\/100 psn|[from] psn\n|upkeep\n|turn|24\n|\n|t:|1700235806\n|switch|p2a: Zamazenta|Zamazenta|100\/100\n|-damage|p2a: Zamazenta|76\/100|[from] Spikes\n|-damage|p2a: Zamazenta|69\/100|[from] Stealth Rock\n|-ability|p2a: Zamazenta|Dauntless Shield|boost\n|-boost|p2a: Zamazenta|def|1\n|move|p1a: \u6211\u6ef4\u4e00\u62f3\u8d85\u4eba|Hyperspace Fury|p2a: Zamazenta\n|-resisted|p2a: Zamazenta\n|-damage|p2a: Zamazenta|37\/100\n|-unboost|p1a: \u6211\u6ef4\u4e00\u62f3\u8d85\u4eba|def|1\n|\n|-damage|p1a: \u6211\u6ef4\u4e00\u62f3\u8d85\u4eba|51\/100 psn|[from] psn\n|upkeep\n|turn|25\n|\n|t:|1700235824\n|switch|p1a: Slowbro|Slowbro, F|100\/100 psn\n|-damage|p1a: Slowbro|88\/100 psn|[from] Stealth Rock\n|move|p2a: Zamazenta|Iron Defense|p2a: Zamazenta\n|-boost|p2a: Zamazenta|def|2\n|\n|-damage|p1a: Slowbro|76\/100 psn|[from] psn\n|upkeep\n|turn|26\n|\n|t:|1700235832\n|move|p2a: Zamazenta|Rest|p2a: Zamazenta\n|-status|p2a: Zamazenta|slp|[from] move: Rest\n|-heal|p2a: Zamazenta|100\/100 slp|[silent]\n|-enditem|p2a: Zamazenta|Chesto Berry|[eat]\n|-curestatus|p2a: Zamazenta|slp|[msg]\n|move|p1a: Slowbro|Scald|p2a: Zamazenta\n|-damage|p2a: Zamazenta|79\/100\n|\n|-damage|p1a: Slowbro|63\/100 psn|[from] psn\n|upkeep\n|turn|27\n|\n|t:|1700235840\n|move|p2a: Zamazenta|Iron Defense|p2a: Zamazenta\n|-boost|p2a: Zamazenta|def|2\n|move|p1a: Slowbro|Scald|p2a: Zamazenta\n|-damage|p2a: Zamazenta|54\/100\n|\n|-damage|p1a: Slowbro|51\/100 psn|[from] psn\n|upkeep\n|turn|28\n|\n|t:|1700235844\n|move|p2a: Zamazenta|Iron Defense|p2a: Zamazenta\n|-boost|p2a: Zamazenta|def|1\n|move|p1a: Slowbro|Slack Off|p1a: Slowbro\n|-heal|p1a: Slowbro|100\/100 psn\n|\n|-damage|p1a: Slowbro|88\/100 psn|[from] psn\n|upkeep\n|turn|29\n|\n|t:|1700235854\n|move|p2a: Zamazenta|Body Press|p1a: Slowbro\n|-resisted|p1a: Slowbro\n|-damage|p1a: Slowbro|46\/100 psn\n|-damage|p2a: Zamazenta|37\/100|[from] item: Rocky Helmet|[of] p1a: Slowbro\n|move|p1a: Slowbro|Scald|p2a: Zamazenta\n|-damage|p2a: Zamazenta|16\/100\n|\n|-damage|p1a: Slowbro|34\/100 psn|[from] psn\n|upkeep\n|turn|30\n|\n|t:|1700235868\n|move|p2a: Zamazenta|Rest|p2a: Zamazenta\n|-status|p2a: Zamazenta|slp|[from] move: Rest\n|-heal|p2a: Zamazenta|100\/100 slp|[silent]\n|move|p1a: Slowbro|Teleport|p1a: Slowbro\n|\n|t:|1700235872\n|switch|p1a: Diancie|Diancie|51\/100 psn|[from] Teleport\n|-damage|p1a: Diancie|38\/100 psn|[from] Stealth Rock\n|\n|-damage|p1a: Diancie|26\/100 psn|[from] psn\n|upkeep\n|turn|31\n|\n|t:|1700235886\n|switch|p2a: Ferrothorn|Ferrothorn, F|75\/100\n|-damage|p2a: Ferrothorn|50\/100|[from] Spikes\n|-damage|p2a: Ferrothorn|44\/100|[from] Stealth Rock\n|detailschange|p1a: Diancie|Diancie-Mega\n|-mega|p1a: Diancie|Diancie|Diancite\n|move|p1a: Diancie|Moonblast|p2a: Ferrothorn\n|-resisted|p2a: Ferrothorn\n|-damage|p2a: Ferrothorn|26\/100\n|-unboost|p2a: Ferrothorn|spa|1\n|\n|-heal|p2a: Ferrothorn|32\/100|[from] item: Leftovers\n|-damage|p1a: Diancie|13\/100 psn|[from] psn\n|upkeep\n|turn|32\n|\n|t:|1700235896\n|switch|p1a: Goodra|Goodra-Hisui, F|94\/100\n|-damage|p1a: Goodra|88\/100|[from] Stealth Rock\n|move|p2a: Ferrothorn|Gyro Ball|p1a: Goodra\n|-resisted|p1a: Goodra\n|-damage|p1a: Goodra|77\/100\n|\n|-heal|p2a: Ferrothorn|38\/100|[from] item: Leftovers\n|upkeep\n|turn|33\n|\n|t:|1700235913\n|switch|p2a: Dragonite|Dragonite, F|100\/100\n|move|p1a: Goodra|Flamethrower|p2a: Dragonite\n|-resisted|p2a: Dragonite\n|-damage|p2a: Dragonite|94\/100\n|\n|upkeep\n|turn|34\n|\n|t:|1700235917\n|move|p2a: Dragonite|Earthquake|p1a: Goodra\n|-supereffective|p1a: Goodra\n|-damage|p1a: Goodra|13\/100\n|move|p1a: Goodra|Draco Meteor|p2a: Dragonite\n|-supereffective|p2a: Dragonite\n|-damage|p2a: Dragonite|0 fnt\n|-unboost|p1a: Goodra|spa|2\n|faint|p2a: Dragonite\n|\n|upkeep\n|l| elvisma\n|\n|t:|1700235925\n|switch|p2a: Zamazenta|Zamazenta|100\/100 slp\n|-damage|p2a: Zamazenta|76\/100 slp|[from] Spikes\n|-damage|p2a: Zamazenta|69\/100 slp|[from] Stealth Rock\n|turn|35\n|\n|t:|1700235934\n|switch|p1a: Diancie|Diancie-Mega|13\/100 psn\n|-damage|p1a: Diancie|1\/100 psn|[from] Stealth Rock\n|cant|p2a: Zamazenta|slp\n|\n|-damage|p1a: Diancie|0 fnt|[from] psn\n|faint|p1a: Diancie\n|upkeep\n|\n|t:|1700235949\n|switch|p1a: Goodra|Goodra-Hisui, F|13\/100\n|-damage|p1a: Goodra|7\/100|[from] Stealth Rock\n|turn|36\n|\n|t:|1700235957\n|switch|p2a: Ferrothorn|Ferrothorn, F|38\/100\n|-damage|p2a: Ferrothorn|13\/100|[from] Spikes\n|-damage|p2a: Ferrothorn|7\/100|[from] Stealth Rock\n|move|p1a: Goodra|Flamethrower|p2a: Ferrothorn\n|-supereffective|p2a: Ferrothorn\n|-damage|p2a: Ferrothorn|0 fnt\n|faint|p2a: Ferrothorn\n|\n|upkeep\n|\n|t:|1700235964\n|switch|p2a: Weavile|Weavile, M|84\/100\n|-ability|p2a: Weavile|Pressure\n|turn|37\n|\n|t:|1700235969\n|move|p2a: Weavile|Pursuit|p1a: Goodra\n|-damage|p1a: Goodra|0 fnt\n|faint|p1a: Goodra\n|\n|upkeep\n|\n|t:|1700235972\n|switch|p1a: Corviknight|Corviknight, M|91\/100\n|-damage|p1a: Corviknight|78\/100|[from] Stealth Rock\n|-ability|p1a: Corviknight|Pressure\n|turn|38\n|j| elvisma\n|\n|t:|1700235986\n|switch|p2a: Zamazenta|Zamazenta|69\/100 slp\n|-damage|p2a: Zamazenta|44\/100 slp|[from] Spikes\n|-damage|p2a: Zamazenta|38\/100 slp|[from] Stealth Rock\n|move|p1a: Corviknight|Brave Bird|p2a: Zamazenta\n|-supereffective|p2a: Zamazenta\n|-damage|p2a: Zamazenta|0 fnt\n|faint|p2a: Zamazenta\n|-damage|p1a: Corviknight|65\/100|[from] Recoil\n|\n|-heal|p1a: Corviknight|71\/100|[from] item: Leftovers\n|upkeep\n|\n|t:|1700235994\n|switch|p2a: Banette|Banette, F|88\/100\n|-damage|p2a: Banette|63\/100|[from] Spikes\n|-damage|p2a: Banette|51\/100|[from] Stealth Rock\n|-item|p1a: Corviknight|Leftovers|[from] ability: Frisk|[of] p2a: Banette|[identify]\n|turn|39\n|\n|t:|1700235999\n|detailschange|p2a: Banette|Banette-Mega, F\n|-mega|p2a: Banette|Banette|Banettite\n|move|p2a: Banette|Poltergeist|p1a: Corviknight|[miss]\n|-miss|p2a: Banette|p1a: Corviknight\n|move|p1a: Corviknight|Brave Bird|p2a: Banette\n|-damage|p2a: Banette|0 fnt\n|faint|p2a: Banette\n|-damage|p1a: Corviknight|56\/100|[from] Recoil\n|\n|-heal|p1a: Corviknight|62\/100|[from] item: Leftovers\n|upkeep\n|\n|t:|1700236003\n|switch|p2a: Weavile|Weavile, M|84\/100\n|-ability|p2a: Weavile|Pressure\n|turn|40\n|\n|t:|1700236013\n|-terastallize|p2a: Weavile|Dark\n|move|p2a: Weavile|Knock Off|p1a: Corviknight\n|-damage|p1a: Corviknight|16\/100\n|-enditem|p1a: Corviknight|Leftovers|[from] move: Knock Off|[of] p2a: Weavile\n|move|p1a: Corviknight|Brave Bird|p2a: Weavile\n|-damage|p2a: Weavile|21\/100\n|-damage|p1a: Corviknight|0 fnt|[from] Recoil\n|faint|p1a: Corviknight\n|\n|upkeep\n|\n|t:|1700236026\n|switch|p1a: Slowbro|Slowbro, F|67\/100 psn\n|-damage|p1a: Slowbro|55\/100 psn|[from] Stealth Rock\n|turn|41\n|\n|t:|1700236031\n|switch|p1a: Garchomp|Garchomp, F|29\/100\n|-damage|p1a: Garchomp|23\/100|[from] Stealth Rock\n|-status|p1a: Garchomp|psn\n|move|p2a: Weavile|Knock Off|p1a: Garchomp\n|-damage|p1a: Garchomp|0 fnt\n|-damage|p2a: Weavile|9\/100|[from] ability: Rough Skin|[of] p1a: Garchomp\n|faint|p1a: Garchomp\n|\n|upkeep\n|\n|t:|1700236035\n|switch|p1a: Slowbro|Slowbro, F|88\/100 psn\n|-damage|p1a: Slowbro|76\/100 psn|[from] Stealth Rock\n|turn|42\n|\n|t:|1700236041\n|move|p2a: Weavile|Knock Off|p1a: Slowbro\n|-supereffective|p1a: Slowbro\n|-damage|p1a: Slowbro|0 fnt\n|-damage|p2a: Weavile|0 fnt|[from] item: Rocky Helmet|[of] p1a: Slowbro\n|faint|p1a: Slowbro\n|faint|p2a: Weavile\n|\n|win|lxycj\n|raw|lxycj's rating: 1700 &rarr; <strong>1719<\/strong><br \/>(+19 for winning)\n|raw|wwaaa's rating: 1683 &rarr; <strong>1664<\/strong><br \/>(-19 for losing)\n|l| elvisma\n","uploadtime":1700236048,"views":8,"p1id":"lxycj","p2id":"wwaaa","formatid":"gen9nationaldex","rating":1664,"private":0,"password":""}