{"id":"gen9nationaldex-1994130162","p1":"Donato Fallito","p2":"NidoKyng","format":"[Gen 9] National Dex","log":"|j|\u2606Donato Fallito\n|j|\u2606NidoKyng\n|t:|1700410439\n|gametype|singles\n|player|p1|Donato Fallito|hiker-gen4|1309\n|player|p2|NidoKyng|nate|1357\n|teamsize|p1|6\n|teamsize|p2|6\n|gen|9\n|tier|[Gen 9] National Dex\n|rated|\n|rule|HP Percentage Mod: HP is shown in percentages\n|rule|Endless Battle Clause: Forcing endless battles is banned\n|rule|OHKO Clause: OHKO moves are banned\n|rule|Evasion Clause: Evasion abilities, items, and moves are banned\n|rule|Evasion Abilities Clause: Evasion abilities are banned\n|rule|Evasion Items Clause: Evasion items are banned\n|rule|Evasion Moves Clause: Evasion moves are banned\n|rule|Species Clause: Limit one of each Pok\u00e9mon\n|rule|Sleep Clause Mod: Limit one foe put to sleep\n|clearpoke\n|poke|p1|Toxapex, M|\n|poke|p1|Ferrothorn, M|\n|poke|p1|Clefable, F|\n|poke|p1|Clodsire, F|\n|poke|p1|Corviknight, M|\n|poke|p1|Alomomola, M|\n|poke|p2|Suicune|\n|poke|p2|Serperior, M|\n|poke|p2|Beedrill, F|\n|poke|p2|Galvantula, F|\n|poke|p2|Kartana|\n|poke|p2|Corsola-Galar, M|\n|teampreview\n|inactive|Battle timer is ON: inactive players will automatically lose when time's up. (requested by NidoKyng)\n|\n|t:|1700410461\n|start\n|switch|p1a: The Luigi|Ferrothorn, M|100\/100\n|switch|p2a: Galvantula|Galvantula, F|100\/100\n|turn|1\n|\n|t:|1700410472\n|move|p2a: Galvantula|Sticky Web|p1a: The Luigi\n|-sidestart|p1: Donato Fallito|move: Sticky Web\n|move|p1a: The Luigi|Gyro Ball|p2a: Galvantula\n|-resisted|p2a: Galvantula\n|-crit|p2a: Galvantula\n|-enditem|p2a: Galvantula|Focus Sash\n|-damage|p2a: Galvantula|1\/100\n|\n|upkeep\n|turn|2\n|\n|t:|1700410478\n|move|p2a: Galvantula|Thunder|p1a: The Luigi\n|-resisted|p1a: The Luigi\n|-damage|p1a: The Luigi|82\/100\n|move|p1a: The Luigi|Gyro Ball|p2a: Galvantula\n|-resisted|p2a: Galvantula\n|-damage|p2a: Galvantula|0 fnt\n|faint|p2a: Galvantula\n|\n|upkeep\n|\n|t:|1700410493\n|switch|p2a: Corsola|Corsola-Galar, M, shiny|100\/100\n|turn|3\n|\n|t:|1700410503\n|switch|p1a: The WALL|Clefable, F|100\/100\n|-activate|p1a: The WALL|move: Sticky Web\n|-unboost|p1a: The WALL|spe|1\n|move|p2a: Corsola|Will-O-Wisp|p1a: The WALL|[miss]\n|-miss|p2a: Corsola|p1a: The WALL\n|\n|upkeep\n|turn|4\n|\n|t:|1700410527\n|move|p1a: The WALL|Calm Mind|p1a: The WALL\n|-boost|p1a: The WALL|spa|1\n|-boost|p1a: The WALL|spd|1\n|move|p2a: Corsola|Will-O-Wisp|p1a: The WALL\n|-status|p1a: The WALL|brn\n|\n|upkeep\n|turn|5\n|\n|t:|1700410536\n|move|p1a: The WALL|Calm Mind|p1a: The WALL\n|-boost|p1a: The WALL|spa|1\n|-boost|p1a: The WALL|spd|1\n|move|p2a: Corsola|Hex|p1a: The WALL\n|-damage|p1a: The WALL|85\/100 brn\n|\n|upkeep\n|turn|6\n|\n|t:|1700410541\n|move|p1a: The WALL|Calm Mind|p1a: The WALL\n|-boost|p1a: The WALL|spa|1\n|-boost|p1a: The WALL|spd|1\n|move|p2a: Corsola|Hex|p1a: The WALL\n|-damage|p1a: The WALL|72\/100 brn\n|\n|upkeep\n|turn|7\n|\n|t:|1700410547\n|move|p1a: The WALL|Calm Mind|p1a: The WALL\n|-boost|p1a: The WALL|spa|1\n|-boost|p1a: The WALL|spd|1\n|move|p2a: Corsola|Hex|p1a: The WALL\n|-damage|p1a: The WALL|62\/100 brn\n|\n|upkeep\n|turn|8\n|\n|t:|1700410550\n|move|p1a: The WALL|Moonlight|p1a: The WALL\n|-heal|p1a: The WALL|100\/100 brn\n|move|p2a: Corsola|Hex|p1a: The WALL\n|-damage|p1a: The WALL|90\/100 brn\n|\n|upkeep\n|turn|9\n|\n|t:|1700410554\n|move|p1a: The WALL|Calm Mind|p1a: The WALL\n|-boost|p1a: The WALL|spa|1\n|-boost|p1a: The WALL|spd|1\n|move|p2a: Corsola|Hex|p1a: The WALL\n|-damage|p1a: The WALL|80\/100 brn\n|\n|upkeep\n|turn|10\n|\n|t:|1700410561\n|move|p1a: The WALL|Calm Mind|p1a: The WALL\n|-boost|p1a: The WALL|spa|1\n|-boost|p1a: The WALL|spd|1\n|move|p2a: Corsola|Destiny Bond|p2a: Corsola\n|-singlemove|p2a: Corsola|Destiny Bond\n|\n|upkeep\n|turn|11\n|\n|t:|1700410564\n|move|p1a: The WALL|Moonlight|p1a: The WALL\n|-heal|p1a: The WALL|100\/100 brn\n|move|p2a: Corsola|Hex|p1a: The WALL\n|-damage|p1a: The WALL|92\/100 brn\n|\n|upkeep\n|turn|12\n|\n|t:|1700410575\n|move|p1a: The WALL|Moonblast|p2a: Corsola\n|-damage|p2a: Corsola|0 fnt\n|faint|p2a: Corsola\n|\n|upkeep\n|\n|t:|1700410579\n|switch|p2a: Beedrill|Beedrill, F, shiny|100\/100\n|turn|13\n|\n|t:|1700410584\n|detailschange|p2a: Beedrill|Beedrill-Mega, F, shiny\n|-mega|p2a: Beedrill|Beedrill|Beedrillite\n|-terastallize|p1a: The WALL|Fire\n|move|p2a: Beedrill|Poison Jab|p1a: The WALL\n|-damage|p1a: The WALL|21\/100 brn\n|move|p1a: The WALL|Flamethrower|p2a: Beedrill\n|-supereffective|p2a: Beedrill\n|-damage|p2a: Beedrill|0 fnt\n|faint|p2a: Beedrill\n|\n|upkeep\n|\n|t:|1700410589\n|switch|p2a: Kartana|Kartana|100\/100\n|turn|14\n|\n|t:|1700410598\n|move|p2a: Kartana|Sacred Sword|p1a: The WALL\n|-damage|p1a: The WALL|0 fnt\n|faint|p1a: The WALL\n|-ability|p2a: Kartana|Beast Boost|boost\n|-boost|p2a: Kartana|atk|1\n|-damage|p2a: Kartana|91\/100|[from] item: Life Orb\n|\n|upkeep\n|\n|t:|1700410617\n|switch|p1a: The Mega Skarmory|Corviknight, M|100\/100\n|-ability|p1a: The Mega Skarmory|Pressure\n|turn|15\n|\n|t:|1700410622\n|switch|p2a: Suicune|Suicune|100\/100\n|move|p1a: The Mega Skarmory|Bulk Up|p1a: The Mega Skarmory\n|-boost|p1a: The Mega Skarmory|atk|1\n|-boost|p1a: The Mega Skarmory|def|1\n|\n|upkeep\n|turn|16\n|\n|t:|1700410630\n|move|p2a: Suicune|Calm Mind|p2a: Suicune\n|-boost|p2a: Suicune|spa|1\n|-boost|p2a: Suicune|spd|1\n|move|p1a: The Mega Skarmory|Agility|p1a: The Mega Skarmory\n|-boost|p1a: The Mega Skarmory|spe|2\n|\n|upkeep\n|turn|17\n|\n|t:|1700410634\n|move|p1a: The Mega Skarmory|Bulk Up|p1a: The Mega Skarmory\n|-boost|p1a: The Mega Skarmory|atk|1\n|-boost|p1a: The Mega Skarmory|def|1\n|move|p2a: Suicune|Scald|p1a: The Mega Skarmory\n|-damage|p1a: The Mega Skarmory|74\/100\n|\n|upkeep\n|turn|18\n|inactive|NidoKyng has 120 seconds left.\n|inactive|NidoKyng has 90 seconds left.\n|inactive|NidoKyng has 60 seconds left.\n|inactive|NidoKyng has 30 seconds left.\n|inactive|NidoKyng has 20 seconds left.\n|inactive|NidoKyng has 15 seconds left.\n|\n|t:|1700410771\n|move|p1a: The Mega Skarmory|Power Trip|p2a: Suicune\n|-damage|p2a: Suicune|68\/100\n|move|p2a: Suicune|Scald|p1a: The Mega Skarmory\n|-damage|p1a: The Mega Skarmory|49\/100\n|\n|-heal|p2a: Suicune|74\/100|[from] item: Leftovers\n|upkeep\n|turn|19\n|inactive|NidoKyng has 25 seconds left this turn.\n|\n|t:|1700410779\n|move|p1a: The Mega Skarmory|Roost|p1a: The Mega Skarmory\n|-heal|p1a: The Mega Skarmory|99\/100\n|-singleturn|p1a: The Mega Skarmory|move: Roost\n|move|p2a: Suicune|Scald|p1a: The Mega Skarmory\n|-damage|p1a: The Mega Skarmory|71\/100\n|-status|p1a: The Mega Skarmory|brn\n|\n|-heal|p2a: Suicune|80\/100|[from] item: Leftovers\n|-damage|p1a: The Mega Skarmory|65\/100 brn|[from] brn\n|upkeep\n|turn|20\n|\n|t:|1700410784\n|move|p1a: The Mega Skarmory|Agility|p1a: The Mega Skarmory\n|-boost|p1a: The Mega Skarmory|spe|2\n|move|p2a: Suicune|Calm Mind|p2a: Suicune\n|-boost|p2a: Suicune|spa|1\n|-boost|p2a: Suicune|spd|1\n|\n|-heal|p2a: Suicune|87\/100|[from] item: Leftovers\n|-damage|p1a: The Mega Skarmory|59\/100 brn|[from] brn\n|upkeep\n|turn|21\n|\n|t:|1700410786\n|move|p1a: The Mega Skarmory|Bulk Up|p1a: The Mega Skarmory\n|-boost|p1a: The Mega Skarmory|atk|1\n|-boost|p1a: The Mega Skarmory|def|1\n|move|p2a: Suicune|Scald|p1a: The Mega Skarmory\n|-crit|p1a: The Mega Skarmory\n|-damage|p1a: The Mega Skarmory|9\/100 brn\n|\n|-heal|p2a: Suicune|93\/100|[from] item: Leftovers\n|-damage|p1a: The Mega Skarmory|3\/100 brn|[from] brn\n|upkeep\n|turn|22\n|\n|t:|1700410790\n|move|p1a: The Mega Skarmory|Roost|p1a: The Mega Skarmory\n|-heal|p1a: The Mega Skarmory|53\/100 brn\n|-singleturn|p1a: The Mega Skarmory|move: Roost\n|move|p2a: Suicune|Calm Mind|p2a: Suicune\n|-boost|p2a: Suicune|spa|1\n|-boost|p2a: Suicune|spd|1\n|\n|-heal|p2a: Suicune|99\/100|[from] item: Leftovers\n|-damage|p1a: The Mega Skarmory|47\/100 brn|[from] brn\n|upkeep\n|turn|23\n|\n|t:|1700410793\n|move|p1a: The Mega Skarmory|Power Trip|p2a: Suicune\n|-damage|p2a: Suicune|67\/100\n|move|p2a: Suicune|Scald|p1a: The Mega Skarmory\n|-damage|p1a: The Mega Skarmory|3\/100 brn\n|\n|-heal|p2a: Suicune|74\/100|[from] item: Leftovers\n|-damage|p1a: The Mega Skarmory|0 fnt|[from] brn\n|faint|p1a: The Mega Skarmory\n|upkeep\n|\n|t:|1700410799\n|switch|p1a: The REDDITMON|Clodsire, F|100\/100\n|-activate|p1a: The REDDITMON|move: Sticky Web\n|-unboost|p1a: The REDDITMON|spe|1\n|turn|24\n|\n|t:|1700410805\n|move|p2a: Suicune|Scald|p1a: The REDDITMON\n|-immune|p1a: The REDDITMON|[from] ability: Water Absorb\n|move|p1a: The REDDITMON|Earthquake|p2a: Suicune\n|-damage|p2a: Suicune|40\/100\n|\n|-heal|p2a: Suicune|46\/100|[from] item: Leftovers\n|upkeep\n|turn|25\n|\n|t:|1700410812\n|move|p2a: Suicune|Rest|p2a: Suicune\n|-status|p2a: Suicune|slp|[from] move: Rest\n|-heal|p2a: Suicune|100\/100 slp|[silent]\n|move|p1a: The REDDITMON|Earthquake|p2a: Suicune\n|-damage|p2a: Suicune|66\/100 slp\n|\n|-heal|p2a: Suicune|72\/100 slp|[from] item: Leftovers\n|upkeep\n|turn|26\n|\n|t:|1700410819\n|switch|p2a: Serperior|Serperior, M, shiny|100\/100\n|move|p1a: The REDDITMON|Earthquake|p2a: Serperior\n|-resisted|p2a: Serperior\n|-damage|p2a: Serperior|66\/100\n|\n|upkeep\n|turn|27\n|\n|t:|1700410825\n|switch|p1a: The Luigi|Ferrothorn, M|82\/100\n|-activate|p1a: The Luigi|move: Sticky Web\n|-unboost|p1a: The Luigi|spe|1\n|move|p2a: Serperior|Gastro Acid|p1a: The Luigi\n|-endability|p1a: The Luigi\n|\n|upkeep\n|turn|28\n|\n|t:|1700410831\n|move|p2a: Serperior|Leaf Storm|p1a: The Luigi|[miss]\n|-miss|p2a: Serperior|p1a: The Luigi\n|move|p1a: The Luigi|Gyro Ball|p2a: Serperior\n|-damage|p2a: Serperior|0 fnt\n|faint|p2a: Serperior\n|\n|upkeep\n|\n|t:|1700410834\n|switch|p2a: Kartana|Kartana|91\/100\n|turn|29\n|\n|t:|1700410841\n|switch|p1a: The staller GOD|Toxapex, M, shiny|100\/100\n|-activate|p1a: The staller GOD|move: Sticky Web\n|-unboost|p1a: The staller GOD|spe|1\n|move|p2a: Kartana|Sacred Sword|p1a: The staller GOD\n|-resisted|p1a: The staller GOD\n|-damage|p1a: The staller GOD|81\/100\n|-damage|p2a: Kartana|81\/100|[from] item: Life Orb\n|\n|upkeep\n|turn|30\n|\n|t:|1700410847\n|move|p2a: Kartana|Psycho Cut|p1a: The staller GOD\n|-supereffective|p1a: The staller GOD\n|-damage|p1a: The staller GOD|20\/100\n|-damage|p2a: Kartana|72\/100|[from] item: Life Orb\n|move|p1a: The staller GOD|Knock Off|p2a: Kartana\n|-damage|p2a: Kartana|38\/100\n|-enditem|p2a: Kartana|Life Orb|[from] move: Knock Off|[of] p1a: The staller GOD\n|\n|upkeep\n|turn|31\n|\n|t:|1700410855\n|switch|p1a: The Luigi|Ferrothorn, M|82\/100\n|-activate|p1a: The Luigi|move: Sticky Web\n|-unboost|p1a: The Luigi|spe|1\n|move|p2a: Kartana|Psycho Cut|p1a: The Luigi\n|-resisted|p1a: The Luigi\n|-damage|p1a: The Luigi|69\/100\n|\n|upkeep\n|turn|32\n|\n|t:|1700410865\n|move|p2a: Kartana|Sacred Sword|p1a: The Luigi\n|-supereffective|p1a: The Luigi\n|-damage|p1a: The Luigi|4\/100\n|-damage|p2a: Kartana|26\/100|[from] ability: Iron Barbs|[of] p1a: The Luigi\n|move|p1a: The Luigi|Explosion|p2a: Kartana\n|-resisted|p2a: Kartana\n|-damage|p2a: Kartana|0 fnt\n|faint|p1a: The Luigi\n|faint|p2a: Kartana\n|\n|upkeep\n|-message|NidoKyng forfeited.\n|\n|win|Donato Fallito\n|raw|Donato Fallito's rating: 1309 &rarr; <strong>1332<\/strong><br \/>(+23 for winning)\n|raw|NidoKyng's rating: 1357 &rarr; <strong>1334<\/strong><br \/>(-23 for losing)\n|l|\u2606NidoKyng\n","uploadtime":1700410877,"views":6,"p1id":"donatofallito","p2id":"nidokyng","formatid":"gen9nationaldex","rating":1332,"private":0,"password":""}