{"id":"gen9nationaldex-1987729833","p1":"7OSun1","p2":"lemur88889","format":"[Gen 9] National Dex","log":"|j|\u26067OSun1\n|j|\u2606lemur88889\n|t:|1699631650\n|gametype|singles\n|player|p1|7OSun1|acetrainer-gen4dp|1052\n|player|p2|lemur88889|lucas|1037\n|teamsize|p1|6\n|teamsize|p2|6\n|gen|9\n|tier|[Gen 9] National Dex\n|rated|\n|rule|HP Percentage Mod: HP is shown in percentages\n|rule|Endless Battle Clause: Forcing endless battles is banned\n|rule|OHKO Clause: OHKO moves are banned\n|rule|Evasion Clause: Evasion abilities, items, and moves are banned\n|rule|Evasion Abilities Clause: Evasion abilities are banned\n|rule|Evasion Items Clause: Evasion items are banned\n|rule|Evasion Moves Clause: Evasion moves are banned\n|rule|Species Clause: Limit one of each Pok\u00e9mon\n|rule|Sleep Clause Mod: Limit one foe put to sleep\n|clearpoke\n|poke|p1|Landorus-Therian, M|\n|poke|p1|Tapu Lele|\n|poke|p1|Sneasler, F|\n|poke|p1|Iron Valiant|\n|poke|p1|Greninja-*, M|\n|poke|p1|Gyarados, M|\n|poke|p2|Kingler, F|\n|poke|p2|Pelipper, F|\n|poke|p2|Crawdaunt, M|\n|poke|p2|Dondozo, F|\n|poke|p2|Thundurus-Therian, M|\n|poke|p2|Swampert, F|\n|teampreview\n|inactive|Battle timer is ON: inactive players will automatically lose when time's up. (requested by 7OSun1)\n|\n|t:|1699631657\n|start\n|switch|p1a: Landorus|Landorus-Therian, M|100\/100\n|switch|p2a: Pelipper|Pelipper, F|100\/100\n|-ability|p1a: Landorus|Intimidate|boost\n|-unboost|p2a: Pelipper|atk|1\n|-weather|RainDance|[from] ability: Drizzle|[of] p2a: Pelipper\n|turn|1\n|\n|t:|1699631666\n|move|p1a: Landorus|Knock Off|p2a: Pelipper\n|-damage|p2a: Pelipper|68\/100\n|-enditem|p2a: Pelipper|Damp Rock|[from] move: Knock Off|[of] p1a: Landorus\n|move|p2a: Pelipper|U-turn|p1a: Landorus\n|-resisted|p1a: Landorus\n|-damage|p1a: Landorus|97\/100\n|\n|t:|1699631677\n|switch|p2a: Crawdaunt|Crawdaunt, M|100\/100|[from] U-turn\n|\n|-weather|RainDance|[upkeep]\n|upkeep\n|turn|2\n|\n|t:|1699631686\n|move|p1a: Landorus|Stealth Rock|p2a: Crawdaunt\n|-sidestart|p2: lemur88889|move: Stealth Rock\n|move|p2a: Crawdaunt|Swords Dance|p2a: Crawdaunt\n|-boost|p2a: Crawdaunt|atk|2\n|\n|-weather|RainDance|[upkeep]\n|upkeep\n|turn|3\n|\n|t:|1699631693\n|move|p1a: Landorus|Explosion|p2a: Crawdaunt\n|-damage|p2a: Crawdaunt|0 fnt\n|faint|p1a: Landorus\n|faint|p2a: Crawdaunt\n|\n|-weather|RainDance|[upkeep]\n|upkeep\n|\n|t:|1699631701\n|switch|p1a: Greninja|Greninja, M|100\/100\n|switch|p2a: Kingler|Kingler, F, shiny|100\/100\n|-damage|p2a: Kingler|88\/100|[from] Stealth Rock\n|turn|4\n|\n|t:|1699631715\n|move|p1a: Greninja|Hydro Pump|p2a: Kingler|[miss]\n|-miss|p1a: Greninja|p2a: Kingler\n|move|p2a: Kingler|X-Scissor|p1a: Greninja\n|-supereffective|p1a: Greninja\n|-damage|p1a: Greninja|0 fnt\n|faint|p1a: Greninja\n|\n|-weather|RainDance|[upkeep]\n|upkeep\n|\n|t:|1699631724\n|switch|p1a: Tapu Lele|Tapu Lele|100\/100\n|-fieldstart|move: Psychic Terrain|[from] ability: Psychic Surge|[of] p1a: Tapu Lele\n|turn|5\n|\n|t:|1699631730\n|move|p1a: Tapu Lele|Psyshock|p2a: Kingler\n|-damage|p2a: Kingler|27\/100\n|move|p2a: Kingler|X-Scissor|p1a: Tapu Lele\n|-damage|p1a: Tapu Lele|26\/100\n|\n|-weather|RainDance|[upkeep]\n|upkeep\n|turn|6\n|\n|t:|1699631751\n|switch|p2a: Thundurus|Thundurus-Therian, M|100\/100\n|move|p1a: Tapu Lele|Psyshock|p2a: Thundurus\n|-damage|p2a: Thundurus|23\/100\n|\n|-weather|RainDance|[upkeep]\n|upkeep\n|turn|7\n|\n|t:|1699631766\n|move|p1a: Tapu Lele|Psyshock|p2a: Thundurus\n|-damage|p2a: Thundurus|0 fnt\n|faint|p2a: Thundurus\n|\n|-weather|RainDance|[upkeep]\n|upkeep\n|\n|t:|1699631778\n|switch|p2a: Dondozo|Dondozo, F|100\/100\n|-damage|p2a: Dondozo|88\/100|[from] Stealth Rock\n|turn|8\n|\n|t:|1699631784\n|switch|p1a: Gyarados|Gyarados, M|100\/100\n|-ability|p1a: Gyarados|Intimidate|boost\n|-fail|p2a: Dondozo|unboost|Attack|[from] ability: Oblivious|[of] p2a: Dondozo\n|move|p2a: Dondozo|Curse|p2a: Dondozo\n|-unboost|p2a: Dondozo|spe|1\n|-boost|p2a: Dondozo|atk|1\n|-boost|p2a: Dondozo|def|1\n|\n|-weather|none\n|-heal|p2a: Dondozo|94\/100|[from] item: Leftovers\n|upkeep\n|turn|9\n|inactive|7OSun1 has 120 seconds left.\n|\n|t:|1699631819\n|detailschange|p1a: Gyarados|Gyarados-Mega, M\n|-mega|p1a: Gyarados|Gyarados|Gyaradosite\n|-ability|p1a: Gyarados|Mold Breaker\n|move|p1a: Gyarados|Crunch|p2a: Dondozo\n|-damage|p2a: Dondozo|76\/100\n|move|p2a: Dondozo|Curse|p2a: Dondozo\n|-unboost|p2a: Dondozo|spe|1\n|-boost|p2a: Dondozo|atk|1\n|-boost|p2a: Dondozo|def|1\n|\n|-heal|p2a: Dondozo|82\/100|[from] item: Leftovers\n|-fieldend|move: Psychic Terrain\n|upkeep\n|turn|10\n|inactive|7OSun1 has 120 seconds left.\n|inactive|lemur88889 has 120 seconds left.\n|\n|t:|1699631840\n|switch|p1a: Tapu Lele|Tapu Lele|26\/100\n|-fieldstart|move: Psychic Terrain|[from] ability: Psychic Surge|[of] p1a: Tapu Lele\n|move|p2a: Dondozo|Outrage|p1a: Tapu Lele\n|-immune|p1a: Tapu Lele\n|\n|-heal|p2a: Dondozo|89\/100|[from] item: Leftovers\n|upkeep\n|turn|11\n|inactive|7OSun1 has 120 seconds left.\n|inactive|lemur88889 has 120 seconds left.\n|\n|t:|1699631854\n|move|p1a: Tapu Lele|Moonblast|p2a: Dondozo\n|-damage|p2a: Dondozo|52\/100\n|move|p2a: Dondozo|Curse|p2a: Dondozo\n|-unboost|p2a: Dondozo|spe|1\n|-boost|p2a: Dondozo|atk|1\n|-boost|p2a: Dondozo|def|1\n|\n|-heal|p2a: Dondozo|58\/100|[from] item: Leftovers\n|upkeep\n|turn|12\n|inactive|7OSun1 has 120 seconds left.\n|inactive|lemur88889 has 120 seconds left.\n|\n|t:|1699631870\n|-terastallize|p2a: Dondozo|Steel\n|move|p1a: Tapu Lele|Moonblast|p2a: Dondozo\n|-resisted|p2a: Dondozo\n|-damage|p2a: Dondozo|42\/100\n|-unboost|p2a: Dondozo|spa|1\n|move|p2a: Dondozo|Liquidation|p1a: Tapu Lele\n|-damage|p1a: Tapu Lele|0 fnt\n|faint|p1a: Tapu Lele\n|\n|-heal|p2a: Dondozo|48\/100|[from] item: Leftovers\n|upkeep\n|inactive|7OSun1 has 120 seconds left.\n|\n|t:|1699631890\n|switch|p1a: Sneasler|Sneasler, F|100\/100\n|-enditem|p1a: Sneasler|Psychic Seed\n|-boost|p1a: Sneasler|spd|1|[from] item: Psychic Seed\n|turn|13\n|inactive|lemur88889 has 120 seconds left.\n|\n|t:|1699631907\n|-terastallize|p1a: Sneasler|Flying\n|move|p1a: Sneasler|Close Combat|p2a: Dondozo\n|-supereffective|p2a: Dondozo\n|-damage|p2a: Dondozo|19\/100\n|-unboost|p1a: Sneasler|def|1\n|-unboost|p1a: Sneasler|spd|1\n|move|p2a: Dondozo|Liquidation|p1a: Sneasler\n|-damage|p1a: Sneasler|0 fnt\n|faint|p1a: Sneasler\n|\n|-heal|p2a: Dondozo|25\/100|[from] item: Leftovers\n|upkeep\n|\n|t:|1699631918\n|switch|p1a: Iron Valiant|Iron Valiant|100\/100\n|-enditem|p1a: Iron Valiant|Booster Energy\n|-activate|p1a: Iron Valiant|ability: Quark Drive|[fromitem]\n|-start|p1a: Iron Valiant|quarkdrivespe\n|turn|14\n|\n|t:|1699631927\n|move|p1a: Iron Valiant|Close Combat|p2a: Dondozo\n|-supereffective|p2a: Dondozo\n|-damage|p2a: Dondozo|0 fnt\n|-unboost|p1a: Iron Valiant|def|1\n|-unboost|p1a: Iron Valiant|spd|1\n|faint|p2a: Dondozo\n|\n|-fieldend|move: Psychic Terrain\n|upkeep\n|\n|t:|1699631940\n|switch|p2a: Pelipper|Pelipper, F|68\/100\n|-damage|p2a: Pelipper|43\/100|[from] Stealth Rock\n|-weather|RainDance|[from] ability: Drizzle|[of] p2a: Pelipper\n|turn|15\n|inactive|7OSun1 has 120 seconds left.\n|\n|t:|1699631952\n|move|p1a: Iron Valiant|Spirit Break|p2a: Pelipper\n|-damage|p2a: Pelipper|11\/100\n|-unboost|p2a: Pelipper|spa|1\n|move|p2a: Pelipper|Roost|p2a: Pelipper\n|-heal|p2a: Pelipper|61\/100\n|-singleturn|p2a: Pelipper|move: Roost\n|\n|-weather|RainDance|[upkeep]\n|upkeep\n|turn|16\n|inactive|7OSun1 has 120 seconds left.\n|inactive|lemur88889 has 120 seconds left.\n|\n|t:|1699631968\n|move|p1a: Iron Valiant|Swords Dance|p1a: Iron Valiant\n|-boost|p1a: Iron Valiant|atk|2\n|move|p2a: Pelipper|Roost|p2a: Pelipper\n|-heal|p2a: Pelipper|100\/100\n|-singleturn|p2a: Pelipper|move: Roost\n|\n|-weather|RainDance|[upkeep]\n|upkeep\n|turn|17\n|\n|t:|1699631976\n|move|p1a: Iron Valiant|Spirit Break|p2a: Pelipper\n|-damage|p2a: Pelipper|33\/100\n|-unboost|p2a: Pelipper|spa|1\n|move|p2a: Pelipper|Hurricane|p1a: Iron Valiant\n|-supereffective|p1a: Iron Valiant\n|-damage|p1a: Iron Valiant|2\/100\n|-start|p1a: Iron Valiant|confusion\n|\n|-weather|RainDance|[upkeep]\n|upkeep\n|turn|18\n|\n|t:|1699631988\n|-activate|p1a: Iron Valiant|confusion\n|move|p1a: Iron Valiant|Spirit Break|p2a: Pelipper\n|-crit|p2a: Pelipper\n|-damage|p2a: Pelipper|0 fnt\n|faint|p2a: Pelipper\n|\n|-weather|RainDance|[upkeep]\n|upkeep\n|\n|t:|1699631995\n|switch|p2a: Swampert|Swampert, F|100\/100\n|-damage|p2a: Swampert|94\/100|[from] Stealth Rock\n|turn|19\n|\n|t:|1699632001\n|-activate|p1a: Iron Valiant|confusion\n|-damage|p1a: Iron Valiant|0 fnt|[from] confusion\n|faint|p1a: Iron Valiant\n|-end|p1a: Iron Valiant|Quark Drive|[silent]\n|move|p2a: Swampert|Earthquake|p1: Iron Valiant|[notarget]\n|-fail|p2a: Swampert\n|\n|-weather|none\n|-heal|p2a: Swampert|100\/100|[from] item: Leftovers\n|upkeep\n|\n|t:|1699632008\n|switch|p1a: Gyarados|Gyarados-Mega, M|100\/100\n|-ability|p1a: Gyarados|Mold Breaker\n|turn|20\n|\n|t:|1699632015\n|move|p1a: Gyarados|Dragon Dance|p1a: Gyarados\n|-boost|p1a: Gyarados|atk|1\n|-boost|p1a: Gyarados|spe|1\n|move|p2a: Swampert|Yawn|p1a: Gyarados\n|-start|p1a: Gyarados|move: Yawn|[of] p2a: Swampert\n|\n|upkeep\n|turn|21\n|\n|t:|1699632031\n|move|p1a: Gyarados|Waterfall|p2a: Swampert\n|-damage|p2a: Swampert|45\/100\n|move|p2a: Swampert|Earthquake|p1a: Gyarados\n|-damage|p1a: Gyarados|64\/100\n|\n|-heal|p2a: Swampert|51\/100|[from] item: Leftovers\n|-end|p1a: Gyarados|move: Yawn|[silent]\n|-status|p1a: Gyarados|slp\n|upkeep\n|turn|22\n|\n|t:|1699632040\n|cant|p1a: Gyarados|slp\n|move|p2a: Swampert|Flip Turn|p1a: Gyarados\n|-resisted|p1a: Gyarados\n|-damage|p1a: Gyarados|53\/100 slp\n|\n|t:|1699632045\n|switch|p2a: Kingler|Kingler, F, shiny|27\/100|[from] Flip Turn\n|-damage|p2a: Kingler|14\/100|[from] Stealth Rock\n|\n|upkeep\n|turn|23\n|\n|t:|1699632052\n|cant|p1a: Gyarados|slp\n|move|p2a: Kingler|X-Scissor|p1a: Gyarados\n|-supereffective|p1a: Gyarados\n|-damage|p1a: Gyarados|0 fnt\n|faint|p1a: Gyarados\n|\n|win|lemur88889\n|raw|7OSun1's rating: 1052 &rarr; <strong>1033<\/strong><br \/>(-19 for losing)\n|raw|lemur88889's rating: 1037 &rarr; <strong>1073<\/strong><br \/>(+36 for winning)\n|l|\u26067OSun1\n","uploadtime":1699632292,"views":4,"p1id":"7osun1","p2id":"lemur88889","formatid":"gen9nationaldex","rating":1033,"private":0,"password":""}