{"id":"gen9nationaldex-1994819127","p1":"Razorgliscor472","p2":"Hussumon2","format":"[Gen 9] National Dex","log":"|html|<div class=\"broadcast-blue\"><strong>[Gen 9] National Dex is currently suspecting Sneasler! For information on how to participate check out the <a href=\"https:\/\/www.smogon.com\/forums\/threads\/sv-national-dex-suspect-8-just-dance.3731534\/\">suspect thread<\/a>.<\/strong><\/div>\n|j|\u2606Razorgliscor472\n|j|\u2606Hussumon2\n|t:|1700495716\n|gametype|singles\n|player|p1|Razorgliscor472|266|\n|player|p2|Hussumon2|palmer|\n|teamsize|p1|6\n|teamsize|p2|6\n|gen|9\n|tier|[Gen 9] National Dex\n|rule|HP Percentage Mod: HP is shown in percentages\n|rule|Endless Battle Clause: Forcing endless battles is banned\n|rule|OHKO Clause: OHKO moves are banned\n|rule|Evasion Clause: Evasion abilities, items, and moves are banned\n|rule|Evasion Abilities Clause: Evasion abilities are banned\n|rule|Evasion Items Clause: Evasion items are banned\n|rule|Evasion Moves Clause: Evasion moves are banned\n|rule|Species Clause: Limit one of each Pok\u00e9mon\n|rule|Sleep Clause Mod: Limit one foe put to sleep\n|clearpoke\n|poke|p1|Ursaring, F|\n|poke|p1|Gligar, M|\n|poke|p1|Electabuzz, M|\n|poke|p1|Porygon2|\n|poke|p1|Doublade, M|\n|poke|p1|Clefairy, F|\n|poke|p2|Gurdurr, F|\n|poke|p2|Tinkatuff, F|\n|poke|p2|Type: Null|\n|poke|p2|Haunter, M|\n|poke|p2|Murkrow, M|\n|poke|p2|Thwackey, F|\n|teampreview\n|inactive|Battle timer is ON: inactive players will automatically lose when time's up. (requested by Hussumon2)\n|c|\u2606Hussumon2|Gl hf\n|c|\u2606Razorgliscor472|U2\n|\n|t:|1700495742\n|start\n|switch|p1a: Electabuzz|Electabuzz, M|100\/100\n|switch|p2a: Gurdurr|Gurdurr, F|100\/100\n|turn|1\n|\n|t:|1700495747\n|move|p1a: Electabuzz|Volt Switch|p2a: Gurdurr\n|-damage|p2a: Gurdurr|70\/100\n|\n|t:|1700495751\n|switch|p1a: Gligar|Gligar, M|100\/100|[from] Volt Switch\n|move|p2a: Gurdurr|Drain Punch|p1a: Gligar\n|-resisted|p1a: Gligar\n|-damage|p1a: Gligar|89\/100\n|-heal|p2a: Gurdurr|75\/100|[from] drain|[of] p1a: Gligar\n|\n|upkeep\n|turn|2\n|\n|t:|1700495757\n|move|p1a: Gligar|Stealth Rock|p2a: Gurdurr\n|-sidestart|p2: Hussumon2|move: Stealth Rock\n|move|p2a: Gurdurr|Ice Punch|p1a: Gligar\n|-supereffective|p1a: Gligar\n|-damage|p1a: Gligar|31\/100\n|\n|upkeep\n|turn|3\n|j| AlolanSandslashOU\n|\n|t:|1700495763\n|move|p1a: Gligar|U-turn|p2a: Gurdurr\n|-resisted|p2a: Gurdurr\n|-damage|p2a: Gurdurr|71\/100\n|\n|t:|1700495767\n|switch|p1a: Doublade|Doublade, M|100\/100|[from] U-turn\n|move|p2a: Gurdurr|Ice Punch|p1a: Doublade\n|-resisted|p1a: Doublade\n|-damage|p1a: Doublade|93\/100\n|\n|upkeep\n|turn|4\n|\n|t:|1700495771\n|move|p2a: Gurdurr|Knock Off|p1a: Doublade\n|-supereffective|p1a: Doublade\n|-damage|p1a: Doublade|62\/100\n|-enditem|p1a: Doublade|Eviolite|[from] move: Knock Off|[of] p2a: Gurdurr\n|move|p1a: Doublade|Swords Dance|p1a: Doublade\n|-boost|p1a: Doublade|atk|2\n|\n|upkeep\n|turn|5\n|\n|t:|1700495779\n|switch|p2a: Type: Null|Type: Null|100\/100\n|-damage|p2a: Type: Null|88\/100|[from] Stealth Rock\n|move|p1a: Doublade|Iron Head|p2a: Type: Null\n|-damage|p2a: Type: Null|47\/100\n|\n|upkeep\n|turn|6\n|\n|t:|1700495793\n|move|p2a: Type: Null|Rest|p2a: Type: Null\n|-status|p2a: Type: Null|slp|[from] move: Rest\n|-heal|p2a: Type: Null|100\/100 slp|[silent]\n|move|p1a: Doublade|Iron Head|p2a: Type: Null\n|-damage|p2a: Type: Null|58\/100 slp\n|\n|upkeep\n|turn|7\n|\n|t:|1700495799\n|cant|p2a: Type: Null|slp\n|move|p2a: Type: Null|Sleep Talk|p2a: Type: Null\n|move|p2a: Type: Null|Return|p1a: Doublade|[from]move: Sleep Talk\n|-immune|p1a: Doublade\n|move|p1a: Doublade|Iron Head|p2a: Type: Null\n|-damage|p2a: Type: Null|16\/100 slp\n|\n|upkeep\n|turn|8\n|c| AlolanSandslashOU|no sacred sword\n|c| AlolanSandslashOU|sad\n|\n|t:|1700495808\n|switch|p2a: Murkrow|Murkrow, M|100\/100\n|-damage|p2a: Murkrow|75\/100|[from] Stealth Rock\n|move|p1a: Doublade|Iron Head|p2a: Murkrow\n|-damage|p2a: Murkrow|23\/100\n|\n|upkeep\n|turn|9\n|\n|t:|1700495823\n|switch|p1a: Porygon2|Porygon2|100\/100\n|-ability|p1a: Porygon2|Prankster|[from] ability: Trace|[of] p2a: Murkrow\n|move|p2a: Murkrow|Roost|p2a: Murkrow\n|-heal|p2a: Murkrow|73\/100\n|-singleturn|p2a: Murkrow|move: Roost\n|\n|upkeep\n|turn|10\n|c|\u2606Razorgliscor472|And this is why you need bans\n|\n|t:|1700495835\n|move|p2a: Murkrow|U-turn|p1a: Porygon2\n|-damage|p1a: Porygon2|93\/100\n|\n|t:|1700495839\n|switch|p2a: Tinkatuff|Tinkatuff, F|100\/100|[from] U-turn\n|-damage|p2a: Tinkatuff|95\/100|[from] Stealth Rock\n|-ability|p2a: Tinkatuff|Mold Breaker\n|move|p1a: Porygon2|Teleport|p1a: Porygon2\n|\n|t:|1700495849\n|switch|p1a: Electabuzz|Electabuzz, M|100\/100|[from] Teleport\n|\n|-heal|p2a: Tinkatuff|100\/100|[from] item: Leftovers\n|upkeep\n|turn|11\n|\n|t:|1700495854\n|move|p1a: Electabuzz|Thunderbolt|p2a: Tinkatuff\n|-damage|p2a: Tinkatuff|71\/100\n|move|p2a: Tinkatuff|Knock Off|p1a: Electabuzz\n|-damage|p1a: Electabuzz|81\/100\n|-enditem|p1a: Electabuzz|Eviolite|[from] move: Knock Off|[of] p2a: Tinkatuff\n|\n|-heal|p2a: Tinkatuff|77\/100|[from] item: Leftovers\n|upkeep\n|turn|12\n|\n|t:|1700495862\n|move|p1a: Electabuzz|Volt Switch|p2a: Tinkatuff\n|-damage|p2a: Tinkatuff|52\/100\n|\n|t:|1700495864\n|switch|p1a: Gligar|Gligar, M|31\/100|[from] Volt Switch\n|move|p2a: Tinkatuff|Stealth Rock|p1a: Gligar\n|-sidestart|p1: Razorgliscor472|move: Stealth Rock\n|\n|-heal|p2a: Tinkatuff|58\/100|[from] item: Leftovers\n|upkeep\n|turn|13\n|\n|t:|1700495872\n|move|p1a: Gligar|Roost|p1a: Gligar\n|-heal|p1a: Gligar|81\/100\n|-singleturn|p1a: Gligar|move: Roost\n|move|p2a: Tinkatuff|Knock Off|p1a: Gligar\n|-damage|p1a: Gligar|74\/100\n|-enditem|p1a: Gligar|Eviolite|[from] move: Knock Off|[of] p2a: Tinkatuff\n|\n|-heal|p2a: Tinkatuff|64\/100|[from] item: Leftovers\n|upkeep\n|turn|14\n|c| AlolanSandslashOU|Hey hussu you should do eviolite claus lmao\n|\n|t:|1700495882\n|switch|p2a: Gurdurr|Gurdurr, F|71\/100\n|-damage|p2a: Gurdurr|64\/100|[from] Stealth Rock\n|move|p1a: Gligar|Earthquake|p2a: Gurdurr\n|-damage|p2a: Gurdurr|46\/100\n|\n|upkeep\n|turn|15\n|\n|t:|1700495889\n|move|p1a: Gligar|U-turn|p2a: Gurdurr\n|-resisted|p2a: Gurdurr\n|-damage|p2a: Gurdurr|41\/100\n|\n|t:|1700495892\n|switch|p1a: Clefairy|Clefairy, F|100\/100|[from] U-turn\n|move|p2a: Gurdurr|Drain Punch|p1a: Clefairy\n|-resisted|p1a: Clefairy\n|-damage|p1a: Clefairy|76\/100\n|-heal|p2a: Gurdurr|53\/100|[from] drain|[of] p1a: Clefairy\n|\n|upkeep\n|turn|16\n|\n|t:|1700495905\n|-terastallize|p2a: Gurdurr|Water\n|move|p2a: Gurdurr|Knock Off|p1a: Clefairy\n|-resisted|p1a: Clefairy\n|-damage|p1a: Clefairy|57\/100\n|-enditem|p1a: Clefairy|Eviolite|[from] move: Knock Off|[of] p2a: Gurdurr\n|move|p1a: Clefairy|Seismic Toss|p2a: Gurdurr\n|-damage|p2a: Gurdurr|26\/100\n|\n|upkeep\n|turn|17\n|c|\u2606Razorgliscor472|Eviolite clause is stupid\n|\n|t:|1700495917\n|switch|p2a: Haunter|Haunter, M|100\/100\n|-damage|p2a: Haunter|88\/100|[from] Stealth Rock\n|move|p1a: Clefairy|Soft-Boiled|p1a: Clefairy\n|-heal|p1a: Clefairy|100\/100\n|\n|upkeep\n|turn|18\n|\n|t:|1700495925\n|switch|p1a: Porygon2|Porygon2|93\/100\n|-damage|p1a: Porygon2|81\/100|[from] Stealth Rock\n|-ability|p1a: Porygon2|Levitate|[from] ability: Trace|[of] p2a: Haunter\n|move|p2a: Haunter|Shadow Ball|p1a: Porygon2\n|-immune|p1a: Porygon2\n|\n|upkeep\n|turn|19\n|c| AlolanSandslashOU|mf all you had was eviolite\n|\n|t:|1700495930\n|switch|p2a: Thwackey|Thwackey, F|100\/100\n|-damage|p2a: Thwackey|88\/100|[from] Stealth Rock\n|-fieldstart|move: Grassy Terrain|[from] ability: Grassy Surge|[of] p2a: Thwackey\n|move|p1a: Porygon2|Teleport|p1a: Porygon2\n|\n|t:|1700495941\n|switch|p1a: Ursaring|Ursaring, F|100\/100|[from] Teleport\n|-damage|p1a: Ursaring|88\/100|[from] Stealth Rock\n|\n|-heal|p2a: Thwackey|94\/100|[from] Grassy Terrain\n|-heal|p1a: Ursaring|94\/100|[from] Grassy Terrain\n|-status|p1a: Ursaring|brn|[from] item: Flame Orb\n|upkeep\n|turn|20\n|\n|t:|1700495948\n|move|p2a: Thwackey|Drain Punch|p1a: Ursaring\n|-supereffective|p1a: Ursaring\n|-damage|p1a: Ursaring|39\/100 brn\n|-heal|p2a: Thwackey|100\/100|[from] drain|[of] p1a: Ursaring\n|move|p1a: Ursaring|Facade|p2a: Thwackey\n|-damage|p2a: Thwackey|0 fnt\n|faint|p2a: Thwackey\n|\n|-heal|p1a: Ursaring|45\/100 brn|[from] Grassy Terrain\n|-damage|p1a: Ursaring|39\/100 brn|[from] brn\n|upkeep\n|\n|t:|1700495956\n|switch|p2a: Haunter|Haunter, M|88\/100\n|-damage|p2a: Haunter|76\/100|[from] Stealth Rock\n|turn|21\n|c|\u2606Razorgliscor472|Eviolite isnt banned in NFE\n|c|\u2606Razorgliscor472|The problem is the mons allowed\n|\n|t:|1700495975\n|move|p1a: Ursaring|Protect|p1a: Ursaring\n|-singleturn|p1a: Ursaring|Protect\n|move|p2a: Haunter|Sludge Bomb|p1a: Ursaring\n|-activate|p1a: Ursaring|move: Protect\n|\n|-heal|p1a: Ursaring|45\/100 brn|[from] Grassy Terrain\n|-damage|p1a: Ursaring|39\/100 brn|[from] brn\n|upkeep\n|turn|22\n|\n|t:|1700495980\n|switch|p1a: Doublade|Doublade, M|62\/100\n|-damage|p1a: Doublade|55\/100|[from] Stealth Rock\n|move|p2a: Haunter|Sludge Bomb|p1a: Doublade\n|-immune|p1a: Doublade\n|\n|-heal|p1a: Doublade|62\/100|[from] Grassy Terrain\n|upkeep\n|turn|23\n|c| AlolanSandslashOU|So what mons\n|\n|t:|1700495986\n|switch|p2a: Murkrow|Murkrow, M|73\/100\n|-damage|p2a: Murkrow|48\/100|[from] Stealth Rock\n|move|p1a: Doublade|Iron Head|p2a: Murkrow\n|-damage|p2a: Murkrow|22\/100\n|\n|-heal|p1a: Doublade|68\/100|[from] Grassy Terrain\n|upkeep\n|turn|24\n|\n|t:|1700495995\n|move|p2a: Murkrow|Roost|p2a: Murkrow\n|-heal|p2a: Murkrow|72\/100\n|-singleturn|p2a: Murkrow|move: Roost\n|move|p1a: Doublade|Iron Head|p2a: Murkrow\n|-damage|p2a: Murkrow|45\/100\n|\n|-heal|p2a: Murkrow|51\/100|[from] Grassy Terrain\n|-heal|p1a: Doublade|74\/100|[from] Grassy Terrain\n|upkeep\n|turn|25\n|\n|t:|1700496000\n|switch|p1a: Porygon2|Porygon2|81\/100\n|-damage|p1a: Porygon2|68\/100|[from] Stealth Rock\n|-ability|p1a: Porygon2|Prankster|[from] ability: Trace|[of] p2a: Murkrow\n|move|p2a: Murkrow|Foul Play|p1a: Porygon2\n|-damage|p1a: Porygon2|55\/100\n|\n|-heal|p1a: Porygon2|61\/100|[from] Grassy Terrain\n|upkeep\n|turn|26\n|\n|t:|1700496015\n|move|p2a: Murkrow|U-turn|p1a: Porygon2\n|-damage|p1a: Porygon2|54\/100\n|\n|t:|1700496019\n|switch|p2a: Tinkatuff|Tinkatuff, F|64\/100|[from] U-turn\n|-damage|p2a: Tinkatuff|58\/100|[from] Stealth Rock\n|-ability|p2a: Tinkatuff|Mold Breaker\n|move|p1a: Porygon2|Teleport|p1a: Porygon2\n|c|\u2606Razorgliscor472|Literally every mon on my team besides buzz and Clefairy\n|c|\u2606Razorgliscor472|Thwyre just here for support\n|\n|t:|1700496042\n|switch|p1a: Ursaring|Ursaring, F|39\/100 brn|[from] Teleport\n|-damage|p1a: Ursaring|26\/100 brn|[from] Stealth Rock\n|\n|-heal|p1a: Ursaring|33\/100 brn|[from] Grassy Terrain\n|-heal|p2a: Tinkatuff|64\/100|[from] Grassy Terrain\n|-heal|p2a: Tinkatuff|70\/100|[from] item: Leftovers\n|-damage|p1a: Ursaring|26\/100 brn|[from] brn\n|-fieldend|move: Grassy Terrain\n|upkeep\n|turn|27\n|c| AlolanSandslashOU|Crazy\n|c|\u2606Razorgliscor472|Im only struggling rn because im challenging myself\n|\n|t:|1700496071\n|move|p1a: Ursaring|Close Combat|p2a: Tinkatuff\n|-damage|p2a: Tinkatuff|0 fnt\n|-unboost|p1a: Ursaring|def|1\n|-unboost|p1a: Ursaring|spd|1\n|faint|p2a: Tinkatuff\n|\n|-damage|p1a: Ursaring|20\/100 brn|[from] brn\n|upkeep\n|\n|t:|1700496080\n|switch|p2a: Murkrow|Murkrow, M|51\/100\n|-damage|p2a: Murkrow|26\/100|[from] Stealth Rock\n|turn|28\n|c| AlolanSandslashOU|Ursaring is fair\n|\n|t:|1700496087\n|move|p2a: Murkrow|Foul Play|p1a: Ursaring\n|-damage|p1a: Ursaring|0 fnt\n|faint|p1a: Ursaring\n|\n|upkeep\n|\n|t:|1700496090\n|switch|p1a: Porygon2|Porygon2|54\/100\n|-damage|p1a: Porygon2|42\/100|[from] Stealth Rock\n|-ability|p1a: Porygon2|Prankster|[from] ability: Trace|[of] p2a: Murkrow\n|turn|29\n|\n|t:|1700496094\n|move|p2a: Murkrow|Defog|p1a: Porygon2\n|-unboost|p1a: Porygon2|evasion|1\n|-sideend|p1: Razorgliscor472|Stealth Rock|[from] move: Defog|[of] p2a: Murkrow\n|-sideend|p2: Hussumon2|Stealth Rock|[from] move: Defog|[of] p2a: Murkrow\n|move|p1a: Porygon2|Ice Beam|p2a: Murkrow\n|-supereffective|p2a: Murkrow\n|-damage|p2a: Murkrow|0 fnt\n|faint|p2a: Murkrow\n|\n|upkeep\n|\n|t:|1700496099\n|switch|p2a: Gurdurr|Gurdurr, F, tera:Water|26\/100\n|turn|30\n|\n|t:|1700496107\n|switch|p1a: Clefairy|Clefairy, F|100\/100\n|move|p2a: Gurdurr|Drain Punch|p1a: Clefairy\n|-resisted|p1a: Clefairy\n|-damage|p1a: Clefairy|64\/100\n|-heal|p2a: Gurdurr|42\/100|[from] drain|[of] p1a: Clefairy\n|\n|upkeep\n|turn|31\n|\n|t:|1700496116\n|move|p2a: Gurdurr|Drain Punch|p1a: Clefairy\n|-resisted|p1a: Clefairy\n|-damage|p1a: Clefairy|22\/100\n|-heal|p2a: Gurdurr|62\/100|[from] drain|[of] p1a: Clefairy\n|move|p1a: Clefairy|Knock Off|p2a: Gurdurr\n|-damage|p2a: Gurdurr|55\/100\n|-enditem|p2a: Gurdurr|Eviolite|[from] move: Knock Off|[of] p1a: Clefairy\n|\n|upkeep\n|turn|32\n|\n|t:|1700496126\n|move|p2a: Gurdurr|Knock Off|p1a: Clefairy\n|-resisted|p1a: Clefairy\n|-damage|p1a: Clefairy|2\/100\n|move|p1a: Clefairy|Soft-Boiled|p1a: Clefairy\n|-heal|p1a: Clefairy|52\/100\n|\n|upkeep\n|turn|33\n|\n|t:|1700496134\n|move|p2a: Gurdurr|Ice Punch|p1a: Clefairy\n|-damage|p1a: Clefairy|4\/100\n|move|p1a: Clefairy|Seismic Toss|p2a: Gurdurr\n|-damage|p2a: Gurdurr|28\/100\n|\n|upkeep\n|turn|34\n|\n|t:|1700496144\n|move|p2a: Gurdurr|Knock Off|p1a: Clefairy\n|-resisted|p1a: Clefairy\n|-damage|p1a: Clefairy|0 fnt\n|faint|p1a: Clefairy\n|\n|upkeep\n|\n|t:|1700496146\n|switch|p1a: Electabuzz|Electabuzz, M|81\/100\n|turn|35\n|\n|t:|1700496149\n|switch|p2a: Type: Null|Type: Null|16\/100 slp\n|move|p1a: Electabuzz|Thunderbolt|p2a: Type: Null\n|-damage|p2a: Type: Null|0 fnt\n|faint|p2a: Type: Null\n|\n|upkeep\n|\n|t:|1700496151\n|switch|p2a: Haunter|Haunter, M|76\/100\n|turn|36\n|l| AlolanSandslashOU\n|\n|t:|1700496164\n|switch|p1a: Gligar|Gligar, M|74\/100\n|move|p2a: Haunter|Shadow Ball|p1a: Gligar\n|-damage|p1a: Gligar|0 fnt\n|faint|p1a: Gligar\n|\n|upkeep\n|\n|t:|1700496169\n|switch|p1a: Porygon2|Porygon2|42\/100\n|-ability|p1a: Porygon2|Levitate|[from] ability: Trace|[of] p2a: Haunter\n|turn|37\n|\n|t:|1700496177\n|switch|p2a: Gurdurr|Gurdurr, F, tera:Water|28\/100\n|move|p1a: Porygon2|Teleport|p1a: Porygon2\n|\n|t:|1700496179\n|switch|p1a: Electabuzz|Electabuzz, M|81\/100|[from] Teleport\n|\n|upkeep\n|turn|38\n|\n|t:|1700496183\n|move|p1a: Electabuzz|Volt Switch|p2a: Gurdurr\n|-supereffective|p2a: Gurdurr\n|-damage|p2a: Gurdurr|0 fnt\n|faint|p2a: Gurdurr\n|\n|t:|1700496187\n|switch|p1a: Porygon2|Porygon2|42\/100|[from] Volt Switch\n|\n|upkeep\n|\n|t:|1700496190\n|switch|p2a: Haunter|Haunter, M|76\/100\n|-ability|p1a: Porygon2|Levitate|[from] ability: Trace|[of] p2a: Haunter\n|turn|39\n|c|\u2606Razorgliscor472|Ggs\n|\n|t:|1700496195\n|move|p2a: Haunter|Thunderbolt|p1a: Porygon2\n|-damage|p1a: Porygon2|22\/100\n|-status|p1a: Porygon2|par\n|move|p1a: Porygon2|Recover|p1a: Porygon2\n|-heal|p1a: Porygon2|72\/100 par\n|\n|upkeep\n|turn|40\n|c|\u2606Hussumon2|Gg\n|\n|t:|1700496201\n|move|p2a: Haunter|Thunderbolt|p1a: Porygon2\n|-damage|p1a: Porygon2|52\/100 par\n|move|p1a: Porygon2|Ice Beam|p2a: Haunter\n|-damage|p2a: Haunter|28\/100\n|-status|p2a: Haunter|frz\n|\n|upkeep\n|turn|41\n|\n|t:|1700496206\n|cant|p2a: Haunter|frz\n|move|p1a: Porygon2|Ice Beam|p2a: Haunter\n|-damage|p2a: Haunter|0 fnt\n|faint|p2a: Haunter\n|\n|win|Razorgliscor472\n|c|\u2606Razorgliscor472|Didnt matter\n","uploadtime":1700496215,"views":2,"p1id":"razorgliscor472","p2id":"hussumon2","formatid":"gen9nationaldex","rating":0,"private":0,"password":""}