{"id":"gen9nationaldex-1990281962","p1":"Miku Nakano ily","p2":"potential paradox","format":"[Gen 9] National Dex","log":"|j|\u2606Miku Nakano ily\n|j|\u2606potential paradox\n|inactive|Battle timer is ON: inactive players will automatically lose when time's up.\n|t:|1699950175\n|gametype|singles\n|player|p1|Miku Nakano ily|red|\n|player|p2|potential paradox|ingo|\n|teamsize|p1|6\n|teamsize|p2|6\n|gen|9\n|tier|[Gen 9] National Dex\n|rated|Tournament battle\n|rule|HP Percentage Mod: HP is shown in percentages\n|rule|Endless Battle Clause: Forcing endless battles is banned\n|rule|OHKO Clause: OHKO moves are banned\n|rule|Evasion Clause: Evasion abilities, items, and moves are banned\n|rule|Evasion Abilities Clause: Evasion abilities are banned\n|rule|Evasion Items Clause: Evasion items are banned\n|rule|Evasion Moves Clause: Evasion moves are banned\n|rule|Species Clause: Limit one of each Pok\u00e9mon\n|rule|Sleep Clause Mod: Limit one foe put to sleep\n|clearpoke\n|poke|p1|Charizard, M|\n|poke|p1|Alomomola, M|\n|poke|p1|Slowking-Galar, M|\n|poke|p1|Iron Valiant|\n|poke|p1|Landorus-Therian, M|\n|poke|p1|Cinderace, M|\n|poke|p2|Iron Valiant|\n|poke|p2|Glimmora, F|\n|poke|p2|Greninja-*, M|\n|poke|p2|Scizor, M|\n|poke|p2|Kommo-o, M|\n|poke|p2|Tornadus-Therian, M|\n|teampreview\n|inactive|Miku Nakano ily also wants the timer to be on.\n|c|\u2606Miku Nakano ily|hf\n|c|\u2606potential paradox|u2\n|\n|t:|1699950181\n|start\n|switch|p1a: Landorus|Landorus-Therian, M|100\/100\n|switch|p2a: Kommo-o|Kommo-o, M|100\/100\n|-ability|p1a: Landorus|Intimidate|boost\n|-unboost|p2a: Kommo-o|atk|1\n|turn|1\n|\n|t:|1699950192\n|move|p2a: Kommo-o|Clangorous Soul|p2a: Kommo-o\n|-boost|p2a: Kommo-o|atk|1\n|-boost|p2a: Kommo-o|def|1\n|-boost|p2a: Kommo-o|spa|1\n|-boost|p2a: Kommo-o|spd|1\n|-boost|p2a: Kommo-o|spe|1\n|-damage|p2a: Kommo-o|68\/100\n|-enditem|p2a: Kommo-o|Throat Spray\n|-boost|p2a: Kommo-o|spa|1|[from] item: Throat Spray\n|move|p1a: Landorus|Knock Off|p2a: Kommo-o\n|-resisted|p2a: Kommo-o\n|-damage|p2a: Kommo-o|60\/100\n|\n|upkeep\n|turn|2\n|j| red fintans\n|\n|t:|1699950202\n|move|p2a: Kommo-o|Clanging Scales|p1a: Landorus\n|-damage|p1a: Landorus|23\/100\n|-unboost|p2a: Kommo-o|def|1\n|move|p1a: Landorus|Earthquake|p2a: Kommo-o\n|-damage|p2a: Kommo-o|14\/100\n|\n|-heal|p1a: Landorus|29\/100|[from] item: Leftovers\n|upkeep\n|turn|3\n|c| red fintans|oh man not the turn 1 kommo o\n|c|\u2606potential paradox|No one expects it lol\n|\n|t:|1699950220\n|move|p2a: Kommo-o|Boomburst|p1a: Landorus\n|-damage|p1a: Landorus|0 fnt\n|faint|p1a: Landorus\n|\n|upkeep\n|\n|t:|1699950240\n|switch|p1a: Slowking|Slowking-Galar, M|100\/100\n|turn|4\n|c| red fintans|people when HO doesnt lead with glimm:\n|\n|t:|1699950252\n|move|p2a: Kommo-o|Clanging Scales|p1a: Slowking\n|-damage|p1a: Slowking|45\/100\n|-unboost|p2a: Kommo-o|def|1\n|move|p1a: Slowking|Ice Beam|p2a: Kommo-o\n|-supereffective|p2a: Kommo-o\n|-damage|p2a: Kommo-o|0 fnt\n|faint|p2a: Kommo-o\n|\n|-heal|p1a: Slowking|51\/100|[from] item: Leftovers\n|upkeep\n|c|\u2606potential paradox|Facts\n|\n|t:|1699950263\n|switch|p2a: frogguerrier|Greninja, M|100\/100\n|turn|5\n|\n|t:|1699950271\n|move|p2a: frogguerrier|Dark Pulse|p1a: Slowking\n|-supereffective|p1a: Slowking\n|-damage|p1a: Slowking|0 fnt\n|faint|p1a: Slowking\n|-ability|p2a: frogguerrier|Battle Bond|boost\n|-boost|p2a: frogguerrier|atk|1\n|-boost|p2a: frogguerrier|spa|1\n|-boost|p2a: frogguerrier|spe|1\n|-activate|p2a: frogguerrier|ability: Battle Bond\n|\n|upkeep\n|c| red fintans|lando isnt too impt though anyway\n|\n|t:|1699950288\n|switch|p1a: Iron Valiant|Iron Valiant, shiny|100\/100\n|-enditem|p1a: Iron Valiant|Booster Energy\n|-activate|p1a: Iron Valiant|ability: Quark Drive|[fromitem]\n|-start|p1a: Iron Valiant|quarkdrivespe\n|turn|6\n|c| red fintans|glowking quite is but still winnable\n|\n|t:|1699950300\n|switch|p2a: Gunslinger|Scizor, M, shiny|100\/100\n|move|p1a: Iron Valiant|Drain Punch|p2a: Gunslinger\n|-damage|p2a: Gunslinger|62\/100\n|\n|upkeep\n|turn|7\n|c|\u2606potential paradox|Don't question me\n|\n|t:|1699950306\n|detailschange|p2a: Gunslinger|Scizor-Mega, M, shiny\n|-mega|p2a: Gunslinger|Scizor|Scizorite\n|-terastallize|p1a: Iron Valiant|Steel\n|move|p2a: Gunslinger|Bullet Punch|p1a: Iron Valiant\n|-resisted|p1a: Iron Valiant\n|-damage|p1a: Iron Valiant|76\/100\n|move|p1a: Iron Valiant|Swords Dance|p1a: Iron Valiant\n|-boost|p1a: Iron Valiant|atk|2\n|\n|upkeep\n|turn|8\n|c| red fintans|what was that???\n|\n|t:|1699950313\n|move|p1a: Iron Valiant|Drain Punch|p2a: Gunslinger\n|-damage|p2a: Gunslinger|0 fnt\n|-heal|p1a: Iron Valiant|100\/100|[from] drain|[of] p2a: Gunslinger\n|faint|p2a: Gunslinger\n|\n|upkeep\n|\n|t:|1699950316\n|switch|p2a: based|Glimmora, F|100\/100\n|turn|9\n|\n|t:|1699950321\n|move|p1a: Iron Valiant|Psycho Cut|p2a: based\n|-supereffective|p2a: based\n|-enditem|p2a: based|Focus Sash\n|-damage|p2a: based|1\/100\n|-activate|p2a: based|ability: Toxic Debris\n|-sidestart|p1: Miku Nakano ily|move: Toxic Spikes\n|move|p2a: based|Earth Power|p1a: Iron Valiant\n|-supereffective|p1a: Iron Valiant\n|-damage|p1a: Iron Valiant|0 fnt\n|faint|p1a: Iron Valiant\n|-end|p1a: Iron Valiant|Quark Drive|[silent]\n|\n|upkeep\n|c| red fintans|u still got this\n|\n|t:|1699950343\n|switch|p1a: Charizard|Charizard, M|100\/100\n|turn|10\n|\n|t:|1699950346\n|move|p1a: Charizard|Air Slash|p2a: based\n|-resisted|p2a: based\n|-damage|p2a: based|0 fnt\n|faint|p2a: based\n|\n|upkeep\n|\n|t:|1699950352\n|switch|p2a: frogguerrier|Greninja, M|100\/100\n|turn|11\n|c|\u2606Miku Nakano ily|very fast game lmao\n|c| red fintans|ikr\n|\n|t:|1699950364\n|detailschange|p1a: Charizard|Charizard-Mega-Y, M\n|-mega|p1a: Charizard|Charizard|Charizardite Y\n|-weather|SunnyDay|[from] ability: Drought|[of] p1a: Charizard\n|move|p2a: frogguerrier|Dark Pulse|p1a: Charizard\n|-damage|p1a: Charizard|46\/100\n|move|p1a: Charizard|Solar Beam||[still]\n|-prepare|p1a: Charizard|Solar Beam\n|-anim|p1a: Charizard|Solar Beam|p2a: frogguerrier\n|-supereffective|p2a: frogguerrier\n|-damage|p2a: frogguerrier|0 fnt\n|faint|p2a: frogguerrier\n|\n|-weather|SunnyDay|[upkeep]\n|upkeep\n|c|\u2606potential paradox|Very Fast\n|c| red fintans|was expecting a double regen core game to last longer\n|\n|t:|1699950375\n|switch|p2a: Mettaton|Iron Valiant|100\/100\n|turn|12\n|c| red fintans|tbf its not over yet but\n|c|\u2606potential paradox|i'm going for tera\n|\n|t:|1699950399\n|-terastallize|p2a: Mettaton|Fairy\n|move|p2a: Mettaton|Moonblast|p1a: Charizard\n|-resisted|p1a: Charizard\n|-damage|p1a: Charizard|0 fnt\n|faint|p1a: Charizard\n|\n|-weather|SunnyDay|[upkeep]\n|upkeep\n|c|\u2606potential paradox|Boom\n|c| red fintans|new anim = stronger moonblast\n|inactive|Miku Nakano ily has 120 seconds left.\n|c|\u2606Miku Nakano ily|see that new moonblast effect?\n|\n|t:|1699950418\n|switch|p1a: Cinderace|Cinderace, M|100\/100\n|turn|13\n|c| red fintans|new moonblast effect accidentally buffs it to 120 base power\n|c|\u2606Miku Nakano ily|xd\n|c| red fintans|be careful\n|inactive|potential paradox has 120 seconds left.\n|\n|t:|1699950443\n|-end|p2a: Mettaton|Quark Drive|[silent]\n|switch|p2a: Tornadus|Tornadus-Therian, M|100\/100\n|move|p1a: Cinderace|Pyro Ball|p2a: Tornadus\n|-damage|p2a: Tornadus|13\/100\n|\n|-weather|SunnyDay|[upkeep]\n|upkeep\n|turn|14\n|\n|t:|1699950451\n|move|p1a: Cinderace|Pyro Ball|p2a: Tornadus\n|-damage|p2a: Tornadus|0 fnt\n|faint|p2a: Tornadus\n|\n|-weather|SunnyDay|[upkeep]\n|upkeep\n|\n|t:|1699950454\n|switch|p2a: Mettaton|Iron Valiant, tera:Fairy|100\/100\n|turn|15\n|\n|t:|1699950461\n|move|p1a: Cinderace|Pyro Ball|p2a: Mettaton\n|-damage|p2a: Mettaton|0 fnt\n|faint|p2a: Mettaton\n|-end|p2a: Mettaton|Quark Drive|[silent]\n|\n|win|Miku Nakano ily\n|n|\u2606Miku Nakano ily|mikunakanoily\n|n|\u2606potential paradox|potentialparadox\n|n| red fintans|redfintans\n","uploadtime":1699950462,"views":6,"p1id":"mikunakanoily","p2id":"potentialparadox","formatid":"gen9nationaldex","rating":0,"private":0,"password":""}