{"id":"gen9nationaldex-1989069852","p1":"Bafantuculo","p2":"Toxic Ariados","format":"[Gen 9] National Dex","log":"|j|\u2606Bafantuculo\n|j|\u2606Toxic Ariados\n|t:|1699808861\n|gametype|singles\n|player|p1|Bafantuculo|169|1714\n|player|p2|Toxic Ariados|lucas|1691\n|teamsize|p1|6\n|teamsize|p2|6\n|gen|9\n|tier|[Gen 9] National Dex\n|rated|\n|rule|HP Percentage Mod: HP is shown in percentages\n|rule|Endless Battle Clause: Forcing endless battles is banned\n|rule|OHKO Clause: OHKO moves are banned\n|rule|Evasion Clause: Evasion abilities, items, and moves are banned\n|rule|Evasion Abilities Clause: Evasion abilities are banned\n|rule|Evasion Items Clause: Evasion items are banned\n|rule|Evasion Moves Clause: Evasion moves are banned\n|rule|Species Clause: Limit one of each Pok\u00e9mon\n|rule|Sleep Clause Mod: Limit one foe put to sleep\n|clearpoke\n|poke|p1|Slowbro, F|\n|poke|p1|Cresselia, F|\n|poke|p1|Heatran, M|\n|poke|p1|Moltres|\n|poke|p1|Urshifu-*, F|\n|poke|p1|Clodsire, F|\n|poke|p2|Grimmsnarl, M|\n|poke|p2|Okidogi, M|\n|poke|p2|Volcarona, F|\n|poke|p2|Great Tusk|\n|poke|p2|Ogerpon-Cornerstone, F|\n|poke|p2|Jirachi|\n|teampreview\n|inactive|Battle timer is ON: inactive players will automatically lose when time's up. (requested by Bafantuculo)\n|\n|t:|1699808874\n|start\n|switch|p1a: Urshifu|Urshifu-Rapid-Strike, F|100\/100\n|switch|p2a: Diablo|Grimmsnarl, M|100\/100\n|turn|1\n|\n|t:|1699808879\n|move|p1a: Urshifu|Surging Strikes|p2a: Diablo\n|-crit|p2a: Diablo\n|-damage|p2a: Diablo|79\/100\n|-crit|p2a: Diablo\n|-damage|p2a: Diablo|58\/100\n|-crit|p2a: Diablo\n|-damage|p2a: Diablo|35\/100\n|-hitcount|p2a: Diablo|3\n|move|p2a: Diablo|Spirit Break|p1a: Urshifu\n|-supereffective|p1a: Urshifu\n|-damage|p1a: Urshifu|43\/100\n|-unboost|p1a: Urshifu|spa|1\n|\n|upkeep\n|turn|2\n|\n|t:|1699808898\n|move|p2a: Diablo|Light Screen|p2a: Diablo\n|-sidestart|p2: Toxic Ariados|move: Light Screen\n|move|p1a: Urshifu|Surging Strikes|p2a: Diablo\n|-crit|p2a: Diablo\n|-damage|p2a: Diablo|12\/100\n|-crit|p2a: Diablo\n|-damage|p2a: Diablo|0 fnt\n|faint|p2a: Diablo\n|-hitcount|p2: Diablo|2\n|\n|upkeep\n|\n|t:|1699808901\n|switch|p2a: Wrath|Okidogi, M|100\/100\n|turn|3\n|\n|t:|1699808909\n|switch|p1a: Slowbro|Slowbro, F, shiny|100\/100\n|move|p2a: Wrath|Poison Jab|p1a: Slowbro\n|-damage|p1a: Slowbro|77\/100\n|-damage|p2a: Wrath|84\/100|[from] item: Rocky Helmet|[of] p1a: Slowbro\n|-status|p1a: Slowbro|tox|[from] ability: Toxic Chain|[of] p2a: Wrath\n|\n|-damage|p1a: Slowbro|71\/100 tox|[from] psn\n|upkeep\n|turn|4\n|\n|t:|1699808918\n|move|p2a: Wrath|Knock Off|p1a: Slowbro\n|-supereffective|p1a: Slowbro\n|-damage|p1a: Slowbro|35\/100 tox\n|-damage|p2a: Wrath|67\/100|[from] item: Rocky Helmet|[of] p1a: Slowbro\n|-enditem|p1a: Slowbro|Rocky Helmet|[from] move: Knock Off|[of] p2a: Wrath\n|move|p1a: Slowbro|Scald|p2a: Wrath\n|-damage|p2a: Wrath|56\/100\n|\n|-damage|p1a: Slowbro|23\/100 tox|[from] psn\n|upkeep\n|turn|5\n|\n|t:|1699808927\n|switch|p1a: Moltres|Moltres|100\/100\n|move|p2a: Wrath|Knock Off|p1a: Moltres\n|-damage|p1a: Moltres|79\/100\n|-enditem|p1a: Moltres|Heavy-Duty Boots|[from] move: Knock Off|[of] p2a: Wrath\n|\n|upkeep\n|turn|6\n|\n|t:|1699808937\n|switch|p2a: Solstice|Volcarona, F|100\/100\n|move|p1a: Moltres|Whirlwind|p2a: Solstice\n|drag|p2a: Bedrock|Great Tusk|100\/100\n|\n|upkeep\n|turn|7\n|\n|t:|1699808943\n|-end|p2a: Bedrock|Protosynthesis|[silent]\n|switch|p2a: Solstice|Volcarona, F|100\/100\n|switch|p1a: Slowbro|Slowbro, F, shiny|56\/100 tox\n|\n|-damage|p1a: Slowbro|50\/100 tox|[from] psn\n|upkeep\n|turn|8\n|\n|t:|1699808949\n|switch|p1a: Clodsire|Clodsire, F, shiny|100\/100\n|move|p2a: Solstice|Quiver Dance|p2a: Solstice\n|-boost|p2a: Solstice|spa|1\n|-boost|p2a: Solstice|spd|1\n|-boost|p2a: Solstice|spe|1\n|\n|upkeep\n|turn|9\n|\n|t:|1699808955\n|switch|p2a: Bedrock|Great Tusk|100\/100\n|move|p1a: Clodsire|Toxic|p2a: Bedrock\n|-status|p2a: Bedrock|tox\n|\n|-damage|p2a: Bedrock|94\/100 tox|[from] psn\n|-sideend|p2: Toxic Ariados|move: Light Screen\n|upkeep\n|turn|10\n|\n|t:|1699808958\n|-end|p2a: Bedrock|Protosynthesis|[silent]\n|switch|p2a: Solstice|Volcarona, F|100\/100\n|switch|p1a: Slowbro|Slowbro, F, shiny|83\/100 tox\n|\n|-damage|p1a: Slowbro|77\/100 tox|[from] psn\n|upkeep\n|turn|11\n|\n|t:|1699808961\n|switch|p1a: Clodsire|Clodsire, F, shiny|100\/100\n|move|p2a: Solstice|Giga Drain|p1a: Clodsire\n|-damage|p1a: Clodsire|85\/100\n|\n|-heal|p1a: Clodsire|91\/100|[from] item: Leftovers\n|upkeep\n|turn|12\n|\n|t:|1699808966\n|switch|p2a: Stardust|Jirachi, shiny|100\/100\n|move|p1a: Clodsire|Spikes|p2a: Stardust\n|-sidestart|p2: Toxic Ariados|Spikes\n|\n|-heal|p1a: Clodsire|97\/100|[from] item: Leftovers\n|upkeep\n|turn|13\n|\n|t:|1699808980\n|switch|p2a: Bedrock|Great Tusk|94\/100 tox\n|switch|p1a: Moltres|Moltres|79\/100\n|\n|-damage|p2a: Bedrock|88\/100 tox|[from] psn\n|upkeep\n|turn|14\n|\n|t:|1699808983\n|move|p2a: Bedrock|Rapid Spin|p1a: Moltres\n|-damage|p1a: Moltres|67\/100\n|-boost|p2a: Bedrock|spe|1\n|-sideend|p2: Toxic Ariados|Spikes|[from] move: Rapid Spin|[of] p2a: Bedrock\n|move|p1a: Moltres|Flamethrower|p2a: Bedrock\n|-damage|p2a: Bedrock|31\/100 tox\n|\n|-damage|p2a: Bedrock|19\/100 tox|[from] psn\n|upkeep\n|turn|15\n|\n|t:|1699808988\n|-end|p2a: Bedrock|Protosynthesis|[silent]\n|switch|p2a: Solstice|Volcarona, F|100\/100\n|switch|p1a: Slowbro|Slowbro, F, shiny|100\/100 tox\n|\n|-damage|p1a: Slowbro|94\/100 tox|[from] psn\n|upkeep\n|turn|16\n|\n|t:|1699808991\n|switch|p1a: Clodsire|Clodsire, F, shiny|97\/100\n|move|p2a: Solstice|Fiery Dance|p1a: Clodsire\n|-damage|p1a: Clodsire|73\/100\n|-boost|p2a: Solstice|spa|1\n|\n|-heal|p1a: Clodsire|79\/100|[from] item: Leftovers\n|upkeep\n|turn|17\n|\n|t:|1699809010\n|move|p2a: Solstice|Fiery Dance|p1a: Clodsire\n|-damage|p1a: Clodsire|41\/100\n|move|p1a: Clodsire|Spikes|p2a: Solstice\n|-sidestart|p2: Toxic Ariados|Spikes\n|\n|-heal|p1a: Clodsire|47\/100|[from] item: Leftovers\n|upkeep\n|turn|18\n|\n|t:|1699809015\n|switch|p1a: Heatran|Heatran, M|100\/100\n|-terastallize|p2a: Solstice|Poison\n|move|p2a: Solstice|Quiver Dance|p2a: Solstice\n|-boost|p2a: Solstice|spa|1\n|-boost|p2a: Solstice|spd|1\n|-boost|p2a: Solstice|spe|1\n|\n|upkeep\n|turn|19\n|\n|t:|1699809024\n|move|p2a: Solstice|Quiver Dance|p2a: Solstice\n|-boost|p2a: Solstice|spa|1\n|-boost|p2a: Solstice|spd|1\n|-boost|p2a: Solstice|spe|1\n|move|p1a: Heatran|Eruption|p2a: Solstice\n|-damage|p2a: Solstice|57\/100\n|\n|upkeep\n|turn|20\n|\n|t:|1699809032\n|switch|p1a: Moltres|Moltres|67\/100\n|move|p2a: Solstice|Hidden Power|p1a: Moltres\n|-supereffective|p1a: Moltres\n|-damage|p1a: Moltres|0 fnt\n|faint|p1a: Moltres\n|\n|upkeep\n|\n|t:|1699809045\n|switch|p1a: Cresselia|Cresselia, F|100\/100\n|turn|21\n|\n|t:|1699809048\n|move|p2a: Solstice|Giga Drain|p1a: Cresselia\n|-damage|p1a: Cresselia|50\/100\n|-heal|p2a: Solstice|92\/100|[from] drain|[of] p1a: Cresselia\n|move|p1a: Cresselia|Calm Mind|p1a: Cresselia\n|-boost|p1a: Cresselia|spa|1\n|-boost|p1a: Cresselia|spd|1\n|\n|-heal|p1a: Cresselia|57\/100|[from] item: Leftovers\n|upkeep\n|turn|22\n|\n|t:|1699809052\n|move|p2a: Solstice|Fiery Dance|p1a: Cresselia\n|-damage|p1a: Cresselia|9\/100\n|move|p1a: Cresselia|Calm Mind|p1a: Cresselia\n|-boost|p1a: Cresselia|spa|1\n|-boost|p1a: Cresselia|spd|1\n|\n|-heal|p1a: Cresselia|15\/100|[from] item: Leftovers\n|upkeep\n|turn|23\n|\n|t:|1699809056\n|move|p2a: Solstice|Giga Drain|p1a: Cresselia\n|-damage|p1a: Cresselia|0 fnt\n|-heal|p2a: Solstice|100\/100|[from] drain|[of] p1a: Cresselia\n|faint|p1a: Cresselia\n|\n|upkeep\n|-message|Bafantuculo forfeited.\n|\n|win|Toxic Ariados\n|raw|Bafantuculo's rating: 1714 &rarr; <strong>1693<\/strong><br \/>(-21 for losing)\n|raw|Toxic Ariados's rating: 1691 &rarr; <strong>1712<\/strong><br \/>(+21 for winning)\n|l|\u2606Bafantuculo\n","uploadtime":1699809079,"views":12,"p1id":"bafantuculo","p2id":"toxicariados","formatid":"gen9nationaldex","rating":1693,"private":0,"password":""}