{"id":"gen9nationaldex-1994998905","p1":"Treeckoguy1","p2":"Jasonfu817","format":"[Gen 9] National Dex","log":"|html|<div class=\"broadcast-blue\"><strong>[Gen 9] National Dex is currently suspecting Sneasler! For information on how to participate check out the <a href=\"https:\/\/www.smogon.com\/forums\/threads\/sv-national-dex-suspect-8-just-dance.3731534\/\">suspect thread<\/a>.<\/strong><\/div>\n|j|\u2606Treeckoguy1\n|j|\u2606Jasonfu817\n|t:|1700511956\n|gametype|singles\n|player|p1|Treeckoguy1|169|1373\n|player|p2|Jasonfu817|cynthia-gen4|1350\n|teamsize|p1|6\n|teamsize|p2|6\n|gen|9\n|tier|[Gen 9] National Dex\n|rated|\n|rule|HP Percentage Mod: HP is shown in percentages\n|rule|Endless Battle Clause: Forcing endless battles is banned\n|rule|OHKO Clause: OHKO moves are banned\n|rule|Evasion Clause: Evasion abilities, items, and moves are banned\n|rule|Evasion Abilities Clause: Evasion abilities are banned\n|rule|Evasion Items Clause: Evasion items are banned\n|rule|Evasion Moves Clause: Evasion moves are banned\n|rule|Species Clause: Limit one of each Pok\u00e9mon\n|rule|Sleep Clause Mod: Limit one foe put to sleep\n|clearpoke\n|poke|p1|Smeargle, M|\n|poke|p1|Tapu Bulu|\n|poke|p1|Aggron, M|\n|poke|p1|Magmortar, M|\n|poke|p1|Zamazenta-*|\n|poke|p1|Morpeko, M|\n|poke|p2|Hydreigon, F|\n|poke|p2|Heracross, F|\n|poke|p2|Corviknight, M|\n|poke|p2|Glimmora, F|\n|poke|p2|Ceruledge, F|\n|poke|p2|Ferrothorn, F|\n|teampreview\n|\n|t:|1700511971\n|start\n|switch|p1a: Smeargle|Smeargle, M|100\/100\n|switch|p2a: Nihi-LEGO|Glimmora, F|100\/100\n|turn|1\n|\n|t:|1700511975\n|move|p2a: Nihi-LEGO|Stealth Rock|p1a: Smeargle\n|-sidestart|p1: Treeckoguy1|move: Stealth Rock\n|move|p1a: Smeargle|Spore|p2a: Nihi-LEGO\n|-status|p2a: Nihi-LEGO|slp|[from] move: Spore\n|\n|upkeep\n|turn|2\n|\n|t:|1700511985\n|switch|p2a: K4RTANA|Ferrothorn, F|100\/100\n|move|p1a: Smeargle|Quiver Dance|p1a: Smeargle\n|-boost|p1a: Smeargle|spa|1\n|-boost|p1a: Smeargle|spd|1\n|-boost|p1a: Smeargle|spe|1\n|\n|upkeep\n|turn|3\n|inactive|Battle timer is ON: inactive players will automatically lose when time's up. (requested by Jasonfu817)\n|\n|t:|1700512000\n|switch|p1a: Morpeko|Morpeko, M|100\/100\n|move|p2a: K4RTANA|Thunder Wave|p1a: Morpeko\n|-immune|p1a: Morpeko\n|\n|-formechange|p1a: Morpeko|Morpeko-Hangry||[from] ability: Hunger Switch\n|upkeep\n|turn|4\n|\n|t:|1700512014\n|switch|p2a: GUZZLORDE|Hydreigon, F|100\/100\n|move|p1a: Morpeko|Taunt|p2a: GUZZLORDE\n|-start|p2a: GUZZLORDE|move: Taunt\n|\n|-formechange|p1a: Morpeko|Morpeko||[from] ability: Hunger Switch\n|upkeep\n|turn|5\n|\n|t:|1700512020\n|move|p2a: GUZZLORDE|Earth Power|p1a: Morpeko\n|-supereffective|p1a: Morpeko\n|-damage|p1a: Morpeko|1\/100\n|move|p1a: Morpeko|Rapid Spin|p2a: GUZZLORDE\n|-damage|p2a: GUZZLORDE|88\/100\n|-boost|p1a: Morpeko|spe|1\n|-sideend|p1: Treeckoguy1|Stealth Rock|[from] move: Rapid Spin|[of] p1a: Morpeko\n|\n|-formechange|p1a: Morpeko|Morpeko-Hangry||[from] ability: Hunger Switch\n|upkeep\n|turn|6\n|\n|t:|1700512027\n|move|p2a: GUZZLORDE|Earth Power|p1a: Morpeko\n|-supereffective|p1a: Morpeko\n|-damage|p1a: Morpeko|0 fnt\n|faint|p1a: Morpeko\n|\n|-end|p2a: GUZZLORDE|move: Taunt\n|upkeep\n|\n|t:|1700512042\n|switch|p1a: Zamazenta|Zamazenta|100\/100\n|-ability|p1a: Zamazenta|Dauntless Shield|boost\n|-boost|p1a: Zamazenta|def|1\n|turn|7\n|\n|t:|1700512057\n|switch|p2a: Nihi-LEGO|Glimmora, F|100\/100 slp\n|move|p1a: Zamazenta|Iron Defense|p1a: Zamazenta\n|-boost|p1a: Zamazenta|def|2\n|\n|upkeep\n|turn|8\n|\n|t:|1700512069\n|move|p1a: Zamazenta|Iron Defense|p1a: Zamazenta\n|-boost|p1a: Zamazenta|def|2\n|cant|p2a: Nihi-LEGO|slp\n|\n|upkeep\n|turn|9\n|\n|t:|1700512083\n|move|p1a: Zamazenta|Body Press|p2a: Nihi-LEGO\n|-enditem|p2a: Nihi-LEGO|Focus Sash\n|-damage|p2a: Nihi-LEGO|1\/100 slp\n|-activate|p2a: Nihi-LEGO|ability: Toxic Debris\n|-sidestart|p1: Treeckoguy1|move: Toxic Spikes\n|-damage|p1a: Zamazenta|91\/100|[from] item: Life Orb\n|cant|p2a: Nihi-LEGO|slp\n|\n|upkeep\n|turn|10\n|\n|t:|1700512103\n|move|p1a: Zamazenta|Crunch|p2a: Nihi-LEGO\n|-damage|p2a: Nihi-LEGO|0 fnt\n|-activate|p2a: Nihi-LEGO|ability: Toxic Debris\n|-sidestart|p1: Treeckoguy1|move: Toxic Spikes\n|faint|p2a: Nihi-LEGO\n|-damage|p1a: Zamazenta|81\/100|[from] item: Life Orb\n|\n|upkeep\n|inactive|Jasonfu817 has 120 seconds left.\n|\n|t:|1700512129\n|switch|p2a: GUZZLORDE|Hydreigon, F|88\/100\n|turn|11\n|inactive|Jasonfu817 has 120 seconds left.\n|\n|t:|1700512135\n|move|p2a: GUZZLORDE|Draco Meteor|p1a: Zamazenta\n|-damage|p1a: Zamazenta|25\/100\n|-unboost|p2a: GUZZLORDE|spa|2\n|move|p1a: Zamazenta|Body Press|p2a: GUZZLORDE\n|-supereffective|p2a: GUZZLORDE\n|-damage|p2a: GUZZLORDE|0 fnt\n|faint|p2a: GUZZLORDE\n|-damage|p1a: Zamazenta|15\/100|[from] item: Life Orb\n|\n|upkeep\n|inactive|Jasonfu817 has 120 seconds left.\n|\n|t:|1700512146\n|switch|p2a: BL4CEPHALON|Ceruledge, F|100\/100\n|turn|12\n|\n|t:|1700512166\n|move|p1a: Zamazenta|Rest|p1a: Zamazenta\n|-status|p1a: Zamazenta|slp|[from] move: Rest\n|-heal|p1a: Zamazenta|100\/100 slp|[silent]\n|move|p2a: BL4CEPHALON|Swords Dance|p2a: BL4CEPHALON\n|-boost|p2a: BL4CEPHALON|atk|2\n|\n|upkeep\n|turn|13\n|\n|t:|1700512173\n|cant|p1a: Zamazenta|slp\n|move|p2a: BL4CEPHALON|Swords Dance|p2a: BL4CEPHALON\n|-boost|p2a: BL4CEPHALON|atk|2\n|\n|upkeep\n|turn|14\n|\n|t:|1700512179\n|cant|p1a: Zamazenta|slp\n|move|p2a: BL4CEPHALON|Swords Dance|p2a: BL4CEPHALON\n|-boost|p2a: BL4CEPHALON|atk|2\n|\n|upkeep\n|turn|15\n|\n|t:|1700512187\n|-curestatus|p1a: Zamazenta|slp|[msg]\n|move|p1a: Zamazenta|Crunch|p2a: BL4CEPHALON\n|-supereffective|p2a: BL4CEPHALON\n|-crit|p2a: BL4CEPHALON\n|-enditem|p2a: BL4CEPHALON|Focus Sash\n|-damage|p2a: BL4CEPHALON|1\/100\n|-ability|p2a: BL4CEPHALON|Weak Armor|boost\n|-unboost|p2a: BL4CEPHALON|def|1\n|-boost|p2a: BL4CEPHALON|spe|2\n|-damage|p1a: Zamazenta|91\/100|[from] item: Life Orb\n|move|p2a: BL4CEPHALON|Bitter Blade|p1a: Zamazenta\n|-damage|p1a: Zamazenta|53\/100\n|-heal|p2a: BL4CEPHALON|26\/100|[from] drain|[of] p1a: Zamazenta\n|\n|upkeep\n|turn|16\n|\n|t:|1700512203\n|move|p2a: BL4CEPHALON|Bitter Blade|p1a: Zamazenta\n|-damage|p1a: Zamazenta|14\/100\n|-heal|p2a: BL4CEPHALON|52\/100|[from] drain|[of] p1a: Zamazenta\n|move|p1a: Zamazenta|Crunch|p2a: BL4CEPHALON\n|-supereffective|p2a: BL4CEPHALON\n|-damage|p2a: BL4CEPHALON|0 fnt\n|faint|p2a: BL4CEPHALON\n|-damage|p1a: Zamazenta|4\/100|[from] item: Life Orb\n|\n|upkeep\n|\n|t:|1700512210\n|switch|p2a: BUZ-SWOLE|Heracross, F|100\/100\n|turn|17\n|\n|t:|1700512213\n|move|p1a: Zamazenta|Rest|p1a: Zamazenta\n|-status|p1a: Zamazenta|slp|[from] move: Rest\n|-heal|p1a: Zamazenta|100\/100 slp|[silent]\n|move|p2a: BUZ-SWOLE|Swords Dance|p2a: BUZ-SWOLE\n|-boost|p2a: BUZ-SWOLE|atk|2\n|\n|upkeep\n|turn|18\n|\n|t:|1700512216\n|cant|p1a: Zamazenta|slp\n|move|p2a: BUZ-SWOLE|Swords Dance|p2a: BUZ-SWOLE\n|-boost|p2a: BUZ-SWOLE|atk|2\n|\n|upkeep\n|turn|19\n|\n|t:|1700512221\n|cant|p1a: Zamazenta|slp\n|move|p2a: BUZ-SWOLE|Swords Dance|p2a: BUZ-SWOLE\n|-boost|p2a: BUZ-SWOLE|atk|2\n|\n|upkeep\n|turn|20\n|\n|t:|1700512225\n|detailschange|p2a: BUZ-SWOLE|Heracross-Mega, F\n|-mega|p2a: BUZ-SWOLE|Heracross|Heracronite\n|-curestatus|p1a: Zamazenta|slp|[msg]\n|move|p1a: Zamazenta|Body Press|p2a: BUZ-SWOLE\n|-resisted|p2a: BUZ-SWOLE\n|-damage|p2a: BUZ-SWOLE|31\/100\n|-damage|p1a: Zamazenta|91\/100|[from] item: Life Orb\n|move|p2a: BUZ-SWOLE|Pin Missile|p1a: Zamazenta\n|-resisted|p1a: Zamazenta\n|-crit|p1a: Zamazenta\n|-damage|p1a: Zamazenta|46\/100\n|-resisted|p1a: Zamazenta\n|-damage|p1a: Zamazenta|38\/100\n|-resisted|p1a: Zamazenta\n|-damage|p1a: Zamazenta|28\/100\n|-resisted|p1a: Zamazenta\n|-damage|p1a: Zamazenta|20\/100\n|-resisted|p1a: Zamazenta\n|-damage|p1a: Zamazenta|11\/100\n|-hitcount|p1a: Zamazenta|5\n|\n|upkeep\n|turn|21\n|\n|t:|1700512241\n|move|p1a: Zamazenta|Body Press|p2a: BUZ-SWOLE\n|-resisted|p2a: BUZ-SWOLE\n|-damage|p2a: BUZ-SWOLE|0 fnt\n|faint|p2a: BUZ-SWOLE\n|-damage|p1a: Zamazenta|2\/100|[from] item: Life Orb\n|\n|upkeep\n|-message|Jasonfu817 forfeited.\n|\n|win|Treeckoguy1\n|raw|Treeckoguy1's rating: 1373 &rarr; <strong>1392<\/strong><br \/>(+19 for winning)\n|raw|Jasonfu817's rating: 1350 &rarr; <strong>1331<\/strong><br \/>(-19 for losing)\n|l|\u2606Jasonfu817\n","uploadtime":1700512257,"views":17,"p1id":"treeckoguy1","p2id":"jasonfu817","formatid":"gen9nationaldex","rating":1331,"private":0,"password":""}