{"id":"gen9nationaldex-1987102199","p1":"hightopfade69","p2":"X_MoRaTiE_X","format":"[Gen 9] National Dex","log":"|j|\u203dhightopfade69\n|j|\u2606X_MoRaTiE_X\n|t:|1699556214\n|gametype|singles\n|player|p1|hightopfade69|102|1211\n|player|p2|X_MoRaTiE_X|caitlin|1108\n|teamsize|p1|6\n|teamsize|p2|6\n|gen|9\n|tier|[Gen 9] National Dex\n|rated|\n|rule|HP Percentage Mod: HP is shown in percentages\n|rule|Endless Battle Clause: Forcing endless battles is banned\n|rule|OHKO Clause: OHKO moves are banned\n|rule|Evasion Clause: Evasion abilities, items, and moves are banned\n|rule|Evasion Abilities Clause: Evasion abilities are banned\n|rule|Evasion Items Clause: Evasion items are banned\n|rule|Evasion Moves Clause: Evasion moves are banned\n|rule|Species Clause: Limit one of each Pok\u00e9mon\n|rule|Sleep Clause Mod: Limit one foe put to sleep\n|clearpoke\n|poke|p1|Druddigon, M|\n|poke|p1|Banette, M|\n|poke|p1|Tapu Koko|\n|poke|p1|Iron Moth|\n|poke|p1|Dondozo, F|\n|poke|p1|Iron Valiant|\n|poke|p2|Delphox, F|\n|poke|p2|Ribombee, F|\n|poke|p2|Electivire, F|\n|poke|p2|Talonflame, F|\n|poke|p2|Drapion, F|\n|poke|p2|Gardevoir, F|\n|teampreview\n|\n|t:|1699556235\n|start\n|switch|p1a: Druddigon|Druddigon, M|100\/100\n|switch|p2a: Gardevoir|Gardevoir, F, shiny|100\/100\n|-ability|p2a: Gardevoir|Rough Skin|[from] ability: Trace|[of] p1a: Druddigon\n|turn|1\n|inactive|Battle timer is ON: inactive players will automatically lose when time's up. (requested by X_MoRaTiE_X)\n|\n|t:|1699556245\n|switch|p1a: Tapu Koko|Tapu Koko|100\/100\n|-fieldstart|move: Electric Terrain|[from] ability: Electric Surge|[of] p1a: Tapu Koko\n|move|p2a: Gardevoir|Psychic Terrain|p2a: Gardevoir\n|-fieldstart|move: Psychic Terrain\n|\n|upkeep\n|turn|2\n|\n|t:|1699556253\n|detailschange|p2a: Gardevoir|Gardevoir-Mega, F, shiny\n|-mega|p2a: Gardevoir|Gardevoir|Gardevoirite\n|move|p1a: Tapu Koko|Light Screen|p1a: Tapu Koko\n|-sidestart|p1: hightopfade69|move: Light Screen\n|move|p2a: Gardevoir|Expanding Force|p1a: Tapu Koko\n|-damage|p1a: Tapu Koko|28\/100\n|\n|upkeep\n|turn|3\n|\n|t:|1699556279\n|move|p1a: Tapu Koko|U-turn|p2a: Gardevoir\n|-damage|p2a: Gardevoir|62\/100\n|\n|t:|1699556290\n|switch|p1a: Banette|Banette, M|100\/100|[from] U-turn\n|-item|p2a: Gardevoir|Gardevoirite|[from] ability: Frisk|[of] p1a: Banette|[identify]\n|move|p2a: Gardevoir|Expanding Force|p1a: Banette\n|-damage|p1a: Banette|34\/100\n|\n|upkeep\n|turn|4\n|\n|t:|1699556300\n|detailschange|p1a: Banette|Banette-Mega, M\n|-mega|p1a: Banette|Banette|Banettite\n|move|p1a: Banette|Destiny Bond|p1a: Banette\n|-singlemove|p1a: Banette|Destiny Bond\n|move|p2a: Gardevoir|Expanding Force|p1a: Banette\n|-damage|p1a: Banette|0 fnt\n|faint|p1a: Banette\n|-activate|p1a: Banette|move: Destiny Bond\n|faint|p2a: Gardevoir\n|\n|upkeep\n|\n|t:|1699556311\n|switch|p2a: Drapion|Drapion, F, shiny|100\/100\n|switch|p1a: Tapu Koko|Tapu Koko|28\/100\n|-fieldstart|move: Electric Terrain|[from] ability: Electric Surge|[of] p1a: Tapu Koko\n|turn|5\n|inactive|X_MoRaTiE_X has 120 seconds left.\n|\n|t:|1699556343\n|move|p1a: Tapu Koko|Reflect|p1a: Tapu Koko\n|-sidestart|p1: hightopfade69|Reflect\n|move|p2a: Drapion|Toxic Spikes|p1a: Tapu Koko\n|-sidestart|p1: hightopfade69|move: Toxic Spikes\n|\n|upkeep\n|turn|6\n|\n|t:|1699556352\n|move|p1a: Tapu Koko|Wild Charge|p2a: Drapion\n|-damage|p2a: Drapion|52\/100\n|-damage|p1a: Tapu Koko|15\/100|[from] Recoil\n|move|p2a: Drapion|Earthquake|p1a: Tapu Koko\n|-supereffective|p1a: Tapu Koko\n|-damage|p1a: Tapu Koko|0 fnt\n|faint|p1a: Tapu Koko\n|\n|-sideend|p1: hightopfade69|move: Light Screen\n|upkeep\n|\n|t:|1699556358\n|switch|p1a: Iron Moth|Iron Moth|100\/100\n|-sideend|p1: hightopfade69|move: Toxic Spikes|[of] p1a: Iron Moth\n|-activate|p1a: Iron Moth|ability: Quark Drive\n|-start|p1a: Iron Moth|quarkdrivespe\n|turn|7\n|\n|t:|1699556368\n|move|p1a: Iron Moth|Fiery Dance|p2a: Drapion\n|-damage|p2a: Drapion|0 fnt\n|faint|p2a: Drapion\n|\n|upkeep\n|\n|t:|1699556377\n|switch|p2a: Talonflame|Talonflame, F, shiny|100\/100\n|turn|8\n|\n|t:|1699556381\n|-end|p1a: Iron Moth|Quark Drive|[silent]\n|switch|p1a: Druddigon|Druddigon, M|100\/100\n|move|p2a: Talonflame|Acrobatics|p1a: Druddigon\n|-damage|p1a: Druddigon|76\/100\n|-damage|p2a: Talonflame|88\/100|[from] ability: Rough Skin|[of] p1a: Druddigon\n|-damage|p2a: Talonflame|72\/100|[from] item: Rocky Helmet|[of] p1a: Druddigon\n|\n|upkeep\n|turn|9\n|\n|t:|1699556394\n|move|p2a: Talonflame|Acrobatics|p1a: Druddigon\n|-damage|p1a: Druddigon|52\/100\n|-damage|p2a: Talonflame|59\/100|[from] ability: Rough Skin|[of] p1a: Druddigon\n|-damage|p2a: Talonflame|43\/100|[from] item: Rocky Helmet|[of] p1a: Druddigon\n|move|p1a: Druddigon|Stealth Rock|p2a: Talonflame\n|-sidestart|p2: X_MoRaTiE_X|move: Stealth Rock\n|\n|-sideend|p1: hightopfade69|Reflect\n|upkeep\n|turn|10\n|\n|t:|1699556404\n|move|p2a: Talonflame|Acrobatics|p1a: Druddigon\n|-damage|p1a: Druddigon|2\/100\n|-damage|p2a: Talonflame|30\/100|[from] ability: Rough Skin|[of] p1a: Druddigon\n|-damage|p2a: Talonflame|14\/100|[from] item: Rocky Helmet|[of] p1a: Druddigon\n|move|p1a: Druddigon|Glare|p2a: Talonflame\n|-status|p2a: Talonflame|par\n|\n|upkeep\n|turn|11\n|\n|t:|1699556414\n|cant|p2a: Talonflame|par\n|move|p1a: Druddigon|Taunt|p2a: Talonflame\n|-start|p2a: Talonflame|move: Taunt\n|\n|upkeep\n|turn|12\n|\n|t:|1699556439\n|switch|p1a: Dondozo|Dondozo, F|100\/100\n|move|p2a: Talonflame|Quick Attack|p1a: Dondozo\n|-damage|p1a: Dondozo|94\/100\n|\n|-heal|p1a: Dondozo|99\/100|[from] item: Leftovers\n|-fieldend|move: Electric Terrain\n|upkeep\n|turn|13\n|inactive|X_MoRaTiE_X has 120 seconds left.\n|\n|t:|1699556475\n|move|p2a: Talonflame|Acrobatics|p1a: Dondozo\n|-damage|p1a: Dondozo|72\/100\n|move|p1a: Dondozo|Curse|p1a: Dondozo\n|-unboost|p1a: Dondozo|spe|1\n|-boost|p1a: Dondozo|atk|1\n|-boost|p1a: Dondozo|def|1\n|\n|-heal|p1a: Dondozo|78\/100|[from] item: Leftovers\n|upkeep\n|turn|14\n|inactive|hightopfade69 has 120 seconds left.\n|\n|t:|1699556509\n|move|p2a: Talonflame|Acrobatics|p1a: Dondozo\n|-damage|p1a: Dondozo|60\/100\n|move|p1a: Dondozo|Curse|p1a: Dondozo\n|-unboost|p1a: Dondozo|spe|1\n|-boost|p1a: Dondozo|atk|1\n|-boost|p1a: Dondozo|def|1\n|\n|-heal|p1a: Dondozo|66\/100|[from] item: Leftovers\n|-end|p2a: Talonflame|move: Taunt\n|upkeep\n|turn|15\n|inactive|hightopfade69 has 120 seconds left.\n|inactive|X_MoRaTiE_X has 90 seconds left.\n|inactive|X_MoRaTiE_X has 60 seconds left.\n|inactive|X_MoRaTiE_X has 30 seconds left.\n|inactive|X_MoRaTiE_X has 20 seconds left.\n|-message|X_MoRaTiE_X forfeited.\n|\n|win|hightopfade69\n|inactive|X_MoRaTiE_X has 25 seconds left this turn.\n|raw|hightopfade69's rating: 1211 &rarr; <strong>1229<\/strong><br \/>(+18 for winning)\n|raw|X_MoRaTiE_X's rating: 1108 &rarr; <strong>1090<\/strong><br \/>(-18 for losing)\n|l|\u2606X_MoRaTiE_X\n","uploadtime":1699556598,"views":14,"p1id":"hightopfade69","p2id":"xmoratiex","formatid":"gen9nationaldex","rating":1090,"private":0,"password":""}