{"id":"gen9nationaldex-1994961872","p1":"Danwine","p2":"sanlupas","format":"[Gen 9] National Dex","log":"|html|<div class=\"broadcast-blue\"><strong>[Gen 9] National Dex is currently suspecting Sneasler! For information on how to participate check out the <a href=\"https:\/\/www.smogon.com\/forums\/threads\/sv-national-dex-suspect-8-just-dance.3731534\/\">suspect thread<\/a>.<\/strong><\/div>\n|j|\u2606Danwine\n|j|\u2606sanlupas\n|t:|1700508416\n|gametype|singles\n|player|p1|Danwine|brycen|\n|player|p2|sanlupas|galacticgrunt|\n|teamsize|p1|6\n|teamsize|p2|6\n|gen|9\n|tier|[Gen 9] National Dex\n|rule|HP Percentage Mod: HP is shown in percentages\n|rule|Endless Battle Clause: Forcing endless battles is banned\n|rule|OHKO Clause: OHKO moves are banned\n|rule|Evasion Clause: Evasion abilities, items, and moves are banned\n|rule|Evasion Abilities Clause: Evasion abilities are banned\n|rule|Evasion Items Clause: Evasion items are banned\n|rule|Evasion Moves Clause: Evasion moves are banned\n|rule|Species Clause: Limit one of each Pok\u00e9mon\n|rule|Sleep Clause Mod: Limit one foe put to sleep\n|clearpoke\n|poke|p1|Clodsire, F|\n|poke|p1|Volcarona, M|\n|poke|p1|Pelipper, M|\n|poke|p1|Bellibolt, F|\n|poke|p1|Sinistcha|\n|poke|p1|Garganacl, M|\n|poke|p2|Raichu-Alola, M|\n|poke|p2|Bronzong|\n|poke|p2|Hatterene, F|\n|poke|p2|Delphox, M|\n|poke|p2|Farigiraf, F|\n|poke|p2|Slowking-Galar, M|\n|teampreview\n|j| Sylveon(404)\n|c| Sylveon(404)|el que pierde\n|c| Sylveon(404)|tiene que estar una hora con un mega pinsir\n|\n|t:|1700508458\n|start\n|switch|p1a: Nito|Clodsire, F|100\/100\n|switch|p2a: zorrita|Delphox, M, shiny|100\/100\n|turn|1\n|j| Sai4rr\n|c|\u2606Danwine|maldito mega pinsir\n|\n|t:|1700508470\n|move|p2a: zorrita|Grass Knot|p1a: Nito\n|-damage|p1a: Nito|81\/100\n|move|p1a: Nito|Stealth Rock|p2a: zorrita\n|-sidestart|p2: sanlupas|move: Stealth Rock\n|\n|-heal|p1a: Nito|87\/100|[from] item: Black Sludge\n|upkeep\n|turn|2\n|j| Fabrizio8\n|\n|t:|1700508514\n|move|p2a: zorrita|Grass Knot|p1a: Nito\n|-damage|p1a: Nito|66\/100\n|move|p1a: Nito|Toxic|p2a: zorrita\n|-status|p2a: zorrita|tox\n|\n|-heal|p1a: Nito|72\/100|[from] item: Black Sludge\n|-damage|p2a: zorrita|94\/100 tox|[from] psn\n|upkeep\n|turn|3\n|c| Sai4rr|Sanlupas\n|c|\u2606Danwine|pense que se habia desconectado\n|c| Sylveon(404)|https:\/\/youtu.be\/DGRGZr5sNSs?si=fUO23TEsQmlFoxEw\n|l| Fabrizio8\n|\n|t:|1700508536\n|-terastallize|p2a: zorrita|Grass\n|move|p2a: zorrita|Grass Knot|p1a: Nito\n|-damage|p1a: Nito|42\/100\n|move|p1a: Nito|Recover|p1a: Nito\n|-heal|p1a: Nito|92\/100\n|\n|-heal|p1a: Nito|99\/100|[from] item: Black Sludge\n|-damage|p2a: zorrita|82\/100 tox|[from] psn\n|upkeep\n|turn|4\n|c| Sai4rr|Ese es tipo veneno con ps\u00edquico lo matas\n|\n|t:|1700508547\n|switch|p1a: Barb|Volcarona, M, shiny|100\/100\n|move|p2a: zorrita|Grass Knot|p1a: Barb\n|-resisted|p1a: Barb\n|-damage|p1a: Barb|94\/100\n|\n|-damage|p2a: zorrita|63\/100 tox|[from] psn\n|upkeep\n|turn|5\n|\n|t:|1700508568\n|move|p2a: zorrita|Fire Blast|p1a: Barb\n|-damage|p1a: Barb|42\/100\n|move|p1a: Barb|Quiver Dance|p1a: Barb\n|-boost|p1a: Barb|spa|1\n|-boost|p1a: Barb|spd|1\n|-boost|p1a: Barb|spe|1\n|\n|-damage|p2a: zorrita|39\/100 tox|[from] psn\n|upkeep\n|turn|6\n|\n|t:|1700508596\n|move|p1a: Barb|Fiery Dance|p2a: zorrita\n|-supereffective|p2a: zorrita\n|-damage|p2a: zorrita|0 fnt\n|faint|p2a: zorrita\n|\n|upkeep\n|\n|t:|1700508610\n|switch|p2a: kougagay|Slowking-Galar, M, shiny|100\/100\n|-damage|p2a: kougagay|88\/100|[from] Stealth Rock\n|turn|7\n|c|\u2606Danwine|ya me dio sue\u00f1o la cancion de undertale\n|c| Sylveon(404)|XD\n|c| Sai4rr|Ese nombre\n|\n|t:|1700508637\n|move|p1a: Barb|Bug Buzz|p2a: kougagay\n|-damage|p2a: kougagay|57\/100\n|move|p2a: kougagay|Surf|p1a: Barb\n|-supereffective|p1a: Barb\n|-damage|p1a: Barb|11\/100\n|\n|upkeep\n|turn|8\n|j| Void280\n|\n|t:|1700508653\n|move|p1a: Barb|Fiery Dance|p2a: kougagay\n|-damage|p2a: kougagay|31\/100\n|-boost|p1a: Barb|spa|1\n|move|p2a: kougagay|Sludge Bomb|p1a: Barb\n|-damage|p1a: Barb|0 fnt\n|faint|p1a: Barb\n|\n|upkeep\n|\n|t:|1700508673\n|switch|p1a: Nito|Clodsire, F|99\/100\n|turn|9\n|\n|t:|1700508685\n|move|p2a: kougagay|Future Sight|p1a: Nito\n|-start|p2a: kougagay|move: Future Sight\n|move|p1a: Nito|Earthquake|p2a: kougagay\n|-supereffective|p2a: kougagay\n|-damage|p2a: kougagay|0 fnt\n|faint|p2a: kougagay\n|\n|-heal|p1a: Nito|100\/100|[from] item: Black Sludge\n|upkeep\n|\n|t:|1700508695\n|switch|p2a: pichon|Raichu-Alola, M, shiny|100\/100\n|-damage|p2a: pichon|88\/100|[from] Stealth Rock\n|turn|10\n|c|\u2606Danwine|apenas me di cuenta que perdi lo unico que tenia para su bronzong\n|c| Sai4rr|Pich\u00f3n\n|c| Sylveon(404)|dx]\n|\n|t:|1700508724\n|move|p2a: pichon|Psychic|p1a: Nito\n|-supereffective|p1a: Nito\n|-damage|p1a: Nito|45\/100\n|-damage|p2a: pichon|78\/100|[from] item: Life Orb\n|move|p1a: Nito|Earthquake|p2a: pichon\n|-supereffective|p2a: pichon\n|-damage|p2a: pichon|0 fnt\n|faint|p2a: pichon\n|\n|-heal|p1a: Nito|51\/100|[from] item: Black Sludge\n|upkeep\n|\n|t:|1700508739\n|switch|p2a: Cmelman|Farigiraf, F, shiny|100\/100\n|-damage|p2a: Cmelman|88\/100|[from] Stealth Rock\n|turn|11\n|c|\u2606Danwine|pa cuando una animacion pa mi clodsire\n|\n|t:|1700508764\n|move|p2a: Cmelman|Nasty Plot|p2a: Cmelman\n|-boost|p2a: Cmelman|spa|2\n|move|p1a: Nito|Toxic|p2a: Cmelman\n|-status|p2a: Cmelman|tox\n|\n|-end|p1a: Nito|move: Future Sight\n|-supereffective|p1a: Nito\n|-damage|p1a: Nito|0 fnt\n|faint|p1a: Nito\n|-damage|p2a: Cmelman|82\/100 tox|[from] psn\n|upkeep\n|c|\u2606Danwine|mirenlo, todo tieso\n|\n|t:|1700508786\n|switch|p1a: Aguadios|Bellibolt, F|100\/100\n|turn|12\n|c| Sai4rr|Nunca\n|\n|t:|1700508801\n|move|p2a: Cmelman|Dazzling Gleam|p1a: Aguadios\n|-damage|p1a: Aguadios|42\/100\n|-start|p1a: Aguadios|Charge|Dazzling Gleam|[from] ability: Electromorphosis\n|move|p1a: Aguadios|Thunderbolt|p2a: Cmelman\n|-damage|p2a: Cmelman|0 fnt\n|faint|p2a: Cmelman\n|-end|p1a: Aguadios|Charge|[silent]\n|\n|-heal|p1a: Aguadios|49\/100|[from] item: Leftovers\n|upkeep\n|\n|t:|1700508813\n|switch|p2a: rosameelano|Hatterene, F, shiny|100\/100\n|-damage|p2a: rosameelano|88\/100|[from] Stealth Rock\n|turn|13\n|\n|t:|1700508819\n|move|p1a: Aguadios|Thunder Wave|p2a: rosameelano\n|move|p2a: rosameelano|Thunder Wave|p1a: Aguadios|[from]ability: Magic Bounce\n|-immune|p1a: Aguadios\n|move|p2a: rosameelano|Dazzling Gleam|p1a: Aguadios\n|-damage|p1a: Aguadios|12\/100\n|-start|p1a: Aguadios|Charge|Dazzling Gleam|[from] ability: Electromorphosis\n|\n|-heal|p1a: Aguadios|18\/100|[from] item: Leftovers\n|upkeep\n|turn|14\n|\n|t:|1700508829\n|move|p1a: Aguadios|Thunderbolt|p2a: rosameelano\n|-damage|p2a: rosameelano|0 fnt\n|faint|p2a: rosameelano\n|-end|p1a: Aguadios|Charge|[silent]\n|\n|-heal|p1a: Aguadios|24\/100|[from] item: Leftovers\n|upkeep\n|\n|t:|1700508834\n|switch|p2a: kuzco|Bronzong, shiny|100\/100\n|-damage|p2a: kuzco|94\/100|[from] Stealth Rock\n|turn|15\n|\n|t:|1700508848\n|move|p1a: Aguadios|Thunder Wave|p2a: kuzco\n|-status|p2a: kuzco|par\n|move|p2a: kuzco|Psychic|p1a: Aguadios\n|-damage|p1a: Aguadios|0 fnt\n|faint|p1a: Aguadios\n|\n|-heal|p2a: kuzco|100\/100 par|[from] item: Leftovers\n|upkeep\n|\n|t:|1700508855\n|switch|p1a: Keops|Garganacl, M|100\/100\n|turn|16\n|c| Void280|Bueno, fue un combate... Desespcionante la verdad\n|c| Sai4rr|Lo mismo digo\n|\n|t:|1700508892\n|-terastallize|p1a: Keops|Ghost\n|move|p1a: Keops|Iron Defense|p1a: Keops\n|-boost|p1a: Keops|def|2\n|move|p2a: kuzco|Psychic|p1a: Keops\n|-damage|p1a: Keops|84\/100\n|\n|-heal|p1a: Keops|90\/100|[from] item: Leftovers\n|upkeep\n|turn|17\n|\n|t:|1700508908\n|move|p1a: Keops|Salt Cure|p2a: kuzco\n|-resisted|p2a: kuzco\n|-damage|p2a: kuzco|95\/100 par\n|-start|p2a: kuzco|Salt Cure\n|move|p2a: kuzco|Earthquake|p1a: Keops\n|-damage|p1a: Keops|83\/100\n|\n|-heal|p1a: Keops|90\/100|[from] item: Leftovers\n|-heal|p2a: kuzco|100\/100 par|[from] item: Leftovers\n|-damage|p2a: kuzco|76\/100 par|[from] Salt Cure\n|upkeep\n|turn|18\n|\n|t:|1700508920\n|move|p1a: Keops|Body Press|p2a: kuzco\n|-damage|p2a: kuzco|36\/100 par\n|move|p2a: kuzco|Stealth Rock|p1a: Keops\n|-sidestart|p1: Danwine|move: Stealth Rock\n|\n|-heal|p1a: Keops|96\/100|[from] item: Leftovers\n|-heal|p2a: kuzco|43\/100 par|[from] item: Leftovers\n|-damage|p2a: kuzco|18\/100 par|[from] Salt Cure\n|upkeep\n|turn|19\n|c| Sai4rr|Ggs\n|\n|t:|1700508936\n|move|p1a: Keops|Body Press|p2a: kuzco\n|-damage|p2a: kuzco|0 fnt\n|faint|p2a: kuzco\n|\n|win|Danwine\n|c| Sai4rr|Sanlupas te toca contra m\u00ed\n|l|\u2606Danwine\n|l| Sylveon(404)\n","uploadtime":1700508950,"views":11,"p1id":"danwine","p2id":"sanlupas","formatid":"gen9nationaldex","rating":0,"private":0,"password":""}