{"id":"gen9nationaldex-1994290578","p1":"RakzoTR","p2":"Blusowka","format":"[Gen 9] National Dex","log":"|j|\u2606RakzoTR\n|j|\u2606Blusowka\n|t:|1700427610\n|gametype|singles\n|player|p1|RakzoTR|gambler|1177\n|player|p2|Blusowka|skyla|1201\n|teamsize|p1|6\n|teamsize|p2|6\n|gen|9\n|tier|[Gen 9] National Dex\n|rated|\n|rule|HP Percentage Mod: HP is shown in percentages\n|rule|Endless Battle Clause: Forcing endless battles is banned\n|rule|OHKO Clause: OHKO moves are banned\n|rule|Evasion Clause: Evasion abilities, items, and moves are banned\n|rule|Evasion Abilities Clause: Evasion abilities are banned\n|rule|Evasion Items Clause: Evasion items are banned\n|rule|Evasion Moves Clause: Evasion moves are banned\n|rule|Species Clause: Limit one of each Pok\u00e9mon\n|rule|Sleep Clause Mod: Limit one foe put to sleep\n|clearpoke\n|poke|p1|Goodra-Hisui, F|\n|poke|p1|Ogerpon-Wellspring, F|\n|poke|p1|Donphan, M|\n|poke|p1|Zamazenta-*|\n|poke|p1|Cinderace, M|\n|poke|p1|Zapdos|\n|poke|p2|Fearow, F|\n|poke|p2|Volcarona, F|\n|poke|p2|Ferrothorn, M|\n|poke|p2|Kyurem|\n|poke|p2|Rotom-Wash|\n|poke|p2|Sneasler, F|\n|teampreview\n|l|\u2606RakzoTR\n|player|p1|\n|j|\u2606RakzoTR\n|player|p1|RakzoTR|gambler\n|\n|t:|1700427652\n|start\n|switch|p1a: Zip-Zap-Dos|Zapdos|100\/100\n|switch|p2a: Hugn't|Ferrothorn, M|100\/100\n|turn|1\n|\n|t:|1700427660\n|move|p2a: Hugn't|Protect|p2a: Hugn't\n|-singleturn|p2a: Hugn't|Protect\n|move|p1a: Zip-Zap-Dos|Heat Wave|p2a: Hugn't\n|-activate|p2a: Hugn't|move: Protect\n|\n|upkeep\n|turn|2\n|\n|t:|1700427685\n|switch|p2a: C18|Rotom-Wash|100\/100\n|move|p1a: Zip-Zap-Dos|Heat Wave|p2a: C18\n|-resisted|p2a: C18\n|-damage|p2a: C18|78\/100\n|\n|upkeep\n|turn|3\n|\n|t:|1700427694\n|switch|p1a: Ogo|Ogerpon-Wellspring, F|100\/100\n|move|p2a: C18|Hydro Pump|p1a: Ogo\n|-immune|p1a: Ogo|[from] ability: Water Absorb\n|\n|upkeep\n|turn|4\n|\n|t:|1700427701\n|switch|p2a: Hugn't|Ferrothorn, M|100\/100\n|move|p1a: Ogo|Substitute|p1a: Ogo\n|-start|p1a: Ogo|Substitute\n|-damage|p1a: Ogo|76\/100\n|\n|upkeep\n|turn|5\n|\n|t:|1700427710\n|switch|p2a: Zagamore|Sneasler, F|100\/100\n|-item|p2a: Zagamore|Air Balloon\n|move|p1a: Ogo|Swords Dance|p1a: Ogo\n|-boost|p1a: Ogo|atk|2\n|\n|upkeep\n|turn|6\n|\n|t:|1700427733\n|move|p1a: Ogo|Ivy Cudgel|p2a: Zagamore|[anim] Ivy Cudgel Water\n|-damage|p2a: Zagamore|0 fnt\n|-enditem|p2a: Zagamore|Air Balloon\n|faint|p2a: Zagamore\n|\n|upkeep\n|\n|t:|1700427752\n|switch|p2a: Cool dragon (ygit)|Kyurem|100\/100\n|-ability|p2a: Cool dragon (ygit)|Pressure\n|turn|7\n|\n|t:|1700427770\n|-terastallize|p1a: Ogo|Water\n|detailschange|p1a: Ogo|Ogerpon-Wellspring-Tera, F, tera:Water\n|-ability|p1a: Ogo|Embody Aspect (Wellspring)|boost\n|-boost|p1a: Ogo|spd|1\n|move|p1a: Ogo|Ivy Cudgel|p2a: Cool dragon (ygit)|[anim] Ivy Cudgel Water\n|-resisted|p2a: Cool dragon (ygit)\n|-damage|p2a: Cool dragon (ygit)|24\/100\n|move|p2a: Cool dragon (ygit)|Freeze-Dry|p1a: Ogo\n|-supereffective|p1a: Ogo\n|-end|p1a: Ogo|Substitute\n|\n|upkeep\n|turn|8\n|\n|t:|1700427783\n|move|p1a: Ogo|Ivy Cudgel|p2a: Cool dragon (ygit)|[anim] Ivy Cudgel Water\n|-resisted|p2a: Cool dragon (ygit)\n|-damage|p2a: Cool dragon (ygit)|0 fnt\n|faint|p2a: Cool dragon (ygit)\n|\n|upkeep\n|\n|t:|1700427793\n|switch|p2a: C18|Rotom-Wash|78\/100\n|turn|9\n|\n|t:|1700427802\n|-terastallize|p2a: C18|Electric\n|move|p2a: C18|Thunderbolt|p1a: Ogo\n|-supereffective|p1a: Ogo\n|-damage|p1a: Ogo|0 fnt\n|faint|p1a: Ogo\n|\n|upkeep\n|\n|t:|1700427807\n|switch|p1a: Kandula|Donphan, M|100\/100\n|turn|10\n|\n|t:|1700427812\n|switch|p2a: Hugn't|Ferrothorn, M|100\/100\n|move|p1a: Kandula|Earthquake|p2a: Hugn't\n|-damage|p2a: Hugn't|71\/100\n|\n|upkeep\n|turn|11\n|\n|t:|1700427818\n|switch|p1a: Zip-Zap-Dos|Zapdos|100\/100\n|move|p2a: Hugn't|Leech Seed|p1a: Zip-Zap-Dos\n|-start|p1a: Zip-Zap-Dos|move: Leech Seed\n|\n|-damage|p1a: Zip-Zap-Dos|88\/100|[from] Leech Seed|[of] p2a: Hugn't\n|-heal|p2a: Hugn't|84\/100|[silent]\n|upkeep\n|turn|12\n|\n|t:|1700427828\n|switch|p1a: Rammot|Cinderace, M|100\/100\n|move|p2a: Hugn't|Protect||[still]\n|-fail|p2a: Hugn't\n|\n|upkeep\n|turn|13\n|\n|t:|1700427845\n|switch|p2a: Bird up|Fearow, F|100\/100\n|move|p1a: Rammot|Pyro Ball|p2a: Bird up\n|-damage|p2a: Bird up|32\/100\n|\n|-heal|p2a: Bird up|38\/100|[from] item: Leftovers\n|upkeep\n|turn|14\n|\n|t:|1700427880\n|move|p2a: Bird up|Quick Attack|p1a: Rammot\n|-damage|p1a: Rammot|85\/100\n|move|p1a: Rammot|Pyro Ball|p2a: Bird up\n|-damage|p2a: Bird up|0 fnt\n|faint|p2a: Bird up\n|\n|upkeep\n|\n|t:|1700427886\n|switch|p2a: C18|Rotom-Wash, tera:Electric|78\/100\n|turn|15\n|\n|t:|1700427892\n|switch|p1a: Rhaenyra|Goodra-Hisui, F|100\/100\n|move|p2a: C18|Hydro Pump|p1a: Rhaenyra\n|-resisted|p1a: Rhaenyra\n|-damage|p1a: Rhaenyra|89\/100\n|\n|upkeep\n|turn|16\n|\n|t:|1700427907\n|switch|p2a: Hugn't|Ferrothorn, M|84\/100\n|switch|p1a: Zip-Zap-Dos|Zapdos|88\/100\n|\n|upkeep\n|turn|17\n|\n|t:|1700427913\n|move|p1a: Zip-Zap-Dos|Heat Wave|p2a: Hugn't\n|-supereffective|p2a: Hugn't\n|-damage|p2a: Hugn't|0 fnt\n|faint|p2a: Hugn't\n|\n|upkeep\n|\n|t:|1700427918\n|switch|p2a: C18|Rotom-Wash, tera:Electric|78\/100\n|turn|18\n|\n|t:|1700427934\n|switch|p2a: Mothra|Volcarona, F|100\/100\n|switch|p1a: Rhaenyra|Goodra-Hisui, F|89\/100\n|\n|upkeep\n|turn|19\n|\n|t:|1700427940\n|move|p2a: Mothra|Quiver Dance|p2a: Mothra\n|-boost|p2a: Mothra|spa|1\n|-boost|p2a: Mothra|spd|1\n|-boost|p2a: Mothra|spe|1\n|move|p1a: Rhaenyra|Draco Meteor|p2a: Mothra\n|-damage|p2a: Mothra|53\/100\n|-unboost|p1a: Rhaenyra|spa|2\n|\n|-heal|p2a: Mothra|59\/100|[from] item: Leftovers\n|upkeep\n|turn|20\n|\n|t:|1700427949\n|switch|p1a: Rammot|Cinderace, M|85\/100\n|move|p2a: Mothra|Quiver Dance|p2a: Mothra\n|-boost|p2a: Mothra|spa|1\n|-boost|p2a: Mothra|spd|1\n|-boost|p2a: Mothra|spe|1\n|\n|-heal|p2a: Mothra|65\/100|[from] item: Leftovers\n|upkeep\n|turn|21\n|\n|t:|1700427961\n|move|p2a: Mothra|Fiery Dance|p1a: Rammot\n|-resisted|p1a: Rammot\n|-damage|p1a: Rammot|27\/100\n|-boost|p2a: Mothra|spa|1\n|move|p1a: Rammot|Pyro Ball|p2a: Mothra\n|-damage|p2a: Mothra|0 fnt\n|faint|p2a: Mothra\n|\n|upkeep\n|\n|t:|1700427972\n|switch|p2a: C18|Rotom-Wash, tera:Electric|78\/100\n|turn|22\n|\n|t:|1700427980\n|move|p2a: C18|Hydro Pump|p1a: Rammot\n|-supereffective|p1a: Rammot\n|-damage|p1a: Rammot|0 fnt\n|faint|p1a: Rammot\n|\n|upkeep\n|\n|t:|1700427987\n|switch|p1a: Kandula|Donphan, M|100\/100\n|turn|23\n|\n|t:|1700427989\n|move|p2a: C18|Hydro Pump|p1a: Kandula\n|-supereffective|p1a: Kandula\n|-ability|p1a: Kandula|Sturdy\n|-damage|p1a: Kandula|1\/100\n|move|p1a: Kandula|Endeavor|p2a: C18\n|-damage|p2a: C18|1\/100\n|\n|upkeep\n|turn|24\n|c|\u2606RakzoTR|Gg\n|\n|t:|1700427997\n|move|p1a: Kandula|Ice Shard|p2a: C18\n|-crit|p2a: C18\n|-damage|p2a: C18|0 fnt\n|faint|p2a: C18\n|\n|win|RakzoTR\n|raw|RakzoTR's rating: 1169 &rarr; <strong>1196<\/strong><br \/>(+27 for winning)\n|raw|Blusowka's rating: 1201 &rarr; <strong>1174<\/strong><br \/>(-27 for losing)\n|l|\u2606Blusowka\n","uploadtime":1700429562,"views":4,"p1id":"rakzotr","p2id":"blusowka","formatid":"gen9nationaldex","rating":1174,"private":0,"password":""}