{"id":"gen9nationaldex-1996067162","p1":"WSxiaoan","p2":"Shinyxk","format":"[Gen 9] National Dex","log":"|html|<div class=\"broadcast-blue\"><strong>[Gen 9] National Dex is currently suspecting Sneasler! For information on how to participate check out the <a href=\"https:\/\/www.smogon.com\/forums\/threads\/sv-national-dex-suspect-8-just-dance.3731534\/\">suspect thread<\/a>.<\/strong><\/div>\n|j|\u2606WSxiaoan\n|j|\u2606Shinyxk\n|t:|1700638588\n|gametype|singles\n|player|p1|WSxiaoan|bruno|1077\n|player|p2|Shinyxk|youngster-gen8|1020\n|teamsize|p1|6\n|teamsize|p2|2\n|gen|9\n|tier|[Gen 9] National Dex\n|rated|\n|rule|HP Percentage Mod: HP is shown in percentages\n|rule|Endless Battle Clause: Forcing endless battles is banned\n|rule|OHKO Clause: OHKO moves are banned\n|rule|Evasion Clause: Evasion abilities, items, and moves are banned\n|rule|Evasion Abilities Clause: Evasion abilities are banned\n|rule|Evasion Items Clause: Evasion items are banned\n|rule|Evasion Moves Clause: Evasion moves are banned\n|rule|Species Clause: Limit one of each Pok\u00e9mon\n|rule|Sleep Clause Mod: Limit one foe put to sleep\n|clearpoke\n|poke|p1|Rotom-Wash|\n|poke|p1|Tapu Koko|\n|poke|p1|Zapdos|\n|poke|p1|Galvantula, M|\n|poke|p1|Electrode-Hisui|\n|poke|p1|Xurkitree|\n|poke|p2|Latios, M|\n|poke|p2|Lapras, F|\n|teampreview\n|inactive|Battle timer is ON: inactive players will automatically lose when time's up. (requested by Shinyxk)\n|\n|t:|1700638615\n|start\n|switch|p1a: Galvantula|Galvantula, M|100\/100\n|switch|p2a: Latios|Latios, M|100\/100\n|turn|1\n|\n|t:|1700638636\n|move|p2a: Latios|Light Screen|p2a: Latios\n|-sidestart|p2: Shinyxk|move: Light Screen\n|move|p1a: Galvantula|Toxic|p2a: Latios\n|-status|p2a: Latios|tox\n|\n|-damage|p2a: Latios|94\/100 tox|[from] psn\n|upkeep\n|turn|2\n|\n|t:|1700638644\n|move|p2a: Latios|Reflect|p2a: Latios\n|-sidestart|p2: Shinyxk|Reflect\n|move|p1a: Galvantula|Sticky Web|p2a: Latios\n|-sidestart|p2: Shinyxk|move: Sticky Web\n|\n|-damage|p2a: Latios|82\/100 tox|[from] psn\n|upkeep\n|turn|3\n|\n|t:|1700638653\n|move|p2a: Latios|Rain Dance|p2a: Latios\n|-weather|RainDance\n|move|p1a: Galvantula|Discharge|p2a: Latios\n|-resisted|p2a: Latios\n|-damage|p2a: Latios|75\/100 tox\n|\n|-weather|RainDance|[upkeep]\n|-damage|p2a: Latios|57\/100 tox|[from] psn\n|upkeep\n|turn|4\n|inactive|WSxiaoan has 120 seconds left.\n|\n|t:|1700638694\n|move|p2a: Latios|Memento|p1a: Galvantula\n|-unboost|p1a: Galvantula|atk|2\n|-unboost|p1a: Galvantula|spa|2\n|faint|p2a: Latios\n|move|p1a: Galvantula|Discharge|p2: Latios|[notarget]\n|-fail|p1a: Galvantula\n|\n|-weather|RainDance|[upkeep]\n|upkeep\n|inactive|Shinyxk has 120 seconds left.\n|\n|t:|1700638722\n|switch|p2a: Lapras|Lapras, F|100\/100\n|-activate|p2a: Lapras|move: Sticky Web\n|-unboost|p2a: Lapras|spe|1\n|turn|5\n|inactive|WSxiaoan has 120 seconds left.\n|\n|t:|1700638753\n|move|p1a: Galvantula|Discharge|p2a: Lapras\n|-supereffective|p2a: Lapras\n|-damage|p2a: Lapras|86\/100\n|-enditem|p2a: Lapras|Weakness Policy\n|-boost|p2a: Lapras|atk|2|[from] item: Weakness Policy\n|-boost|p2a: Lapras|spa|2|[from] item: Weakness Policy\n|move|p2a: Lapras|Dragon Dance|p2a: Lapras\n|-boost|p2a: Lapras|atk|1\n|-boost|p2a: Lapras|spe|1\n|\n|-weather|RainDance|[upkeep]\n|-sideend|p2: Shinyxk|move: Light Screen\n|upkeep\n|turn|6\n|inactive|Shinyxk has 120 seconds left.\n|inactive|Shinyxk has 90 seconds left.\n|\n|t:|1700638794\n|move|p1a: Galvantula|Toxic|p2a: Lapras\n|-status|p2a: Lapras|tox\n|move|p2a: Lapras|Dragon Dance|p2a: Lapras\n|-boost|p2a: Lapras|atk|1\n|-boost|p2a: Lapras|spe|1\n|\n|-weather|RainDance|[upkeep]\n|-activate|p2a: Lapras|ability: Hydration\n|-curestatus|p2a: Lapras|tox|[msg]\n|-sideend|p2: Shinyxk|Reflect\n|upkeep\n|turn|7\n|inactive|Shinyxk has 90 seconds left.\n|\n|t:|1700638806\n|move|p1a: Galvantula|Toxic|p2a: Lapras\n|-status|p2a: Lapras|tox\n|move|p2a: Lapras|Dragon Dance|p2a: Lapras\n|-boost|p2a: Lapras|atk|1\n|-boost|p2a: Lapras|spe|1\n|\n|-weather|RainDance|[upkeep]\n|-activate|p2a: Lapras|ability: Hydration\n|-curestatus|p2a: Lapras|tox|[msg]\n|upkeep\n|turn|8\n|-message|WSxiaoan forfeited.\n|\n|win|Shinyxk\n|raw|WSxiaoan's rating: 1077 &rarr; <strong>1054<\/strong><br \/>(-23 for losing)\n|raw|Shinyxk's rating: 1060 &rarr; <strong>1093<\/strong><br \/>(+33 for winning)\n|l|\u2606WSxiaoan\n","uploadtime":1700638818,"views":0,"p1id":"wsxiaoan","p2id":"shinyxk","formatid":"gen9nationaldex","rating":1054,"private":0,"password":""}