{"id":"gen9nationaldex-1997795311","p1":"Jermanium64","p2":"NDSNEZ pikakip379","format":"[Gen 9] National Dex","log":"|html|<div class=\"broadcast-blue\"><strong>[Gen 9] National Dex is currently suspecting Sneasler! For information on how to participate check out the <a href=\"https:\/\/www.smogon.com\/forums\/threads\/sv-national-dex-suspect-8-just-dance.3731534\/\">suspect thread<\/a>.<\/strong><\/div>\n|j|\u2606Jermanium64\n|j|\u2606NDSNEZ pikakip379\n|t:|1700853521\n|gametype|singles\n|player|p1|Jermanium64|2|1203\n|player|p2|NDSNEZ pikakip379|ninjaboy-gen3|1170\n|teamsize|p1|6\n|teamsize|p2|6\n|gen|9\n|tier|[Gen 9] National Dex\n|rated|\n|rule|HP Percentage Mod: HP is shown in percentages\n|rule|Endless Battle Clause: Forcing endless battles is banned\n|rule|OHKO Clause: OHKO moves are banned\n|rule|Evasion Clause: Evasion abilities, items, and moves are banned\n|rule|Evasion Abilities Clause: Evasion abilities are banned\n|rule|Evasion Items Clause: Evasion items are banned\n|rule|Evasion Moves Clause: Evasion moves are banned\n|rule|Species Clause: Limit one of each Pok\u00e9mon\n|rule|Sleep Clause Mod: Limit one foe put to sleep\n|clearpoke\n|poke|p1|Samurott-Hisui, M|\n|poke|p1|Skeledirge, M|\n|poke|p1|Cinderace, F|\n|poke|p1|Swampert, M|\n|poke|p1|Serperior, F|\n|poke|p1|Torterra, M|\n|poke|p2|Excadrill, F|\n|poke|p2|Medicham, M|\n|poke|p2|Rotom-Wash|\n|poke|p2|Volcarona, F|\n|poke|p2|Kommo-o, M|\n|poke|p2|Landorus-Therian, M|\n|teampreview\n|inactive|Battle timer is ON: inactive players will automatically lose when time's up. (requested by Jermanium64)\n|\n|t:|1700853544\n|start\n|switch|p1a: Swampert|Swampert, M|100\/100\n|switch|p2a: Medichud|Medicham, M|100\/100\n|turn|1\n|\n|t:|1700853553\n|detailschange|p2a: Medichud|Medicham-Mega, M\n|-mega|p2a: Medichud|Medicham|Medichamite\n|move|p2a: Medichud|Fake Out|p1a: Swampert\n|-damage|p1a: Swampert|79\/100\n|cant|p1a: Swampert|flinch\n|\n|-heal|p1a: Swampert|86\/100|[from] item: Leftovers\n|upkeep\n|turn|2\n|\n|t:|1700853564\n|move|p2a: Medichud|Close Combat|p1a: Swampert\n|-damage|p1a: Swampert|0 fnt\n|-unboost|p2a: Medichud|def|1\n|-unboost|p2a: Medichud|spd|1\n|faint|p1a: Swampert\n|\n|upkeep\n|\n|t:|1700853574\n|switch|p1a: Skeledirge|Skeledirge, M|100\/100\n|turn|3\n|\n|t:|1700853581\n|switch|p2a: Mothra|Volcarona, F|100\/100\n|move|p1a: Skeledirge|Will-O-Wisp|p2a: Mothra\n|-immune|p2a: Mothra\n|\n|upkeep\n|turn|4\n|\n|t:|1700853593\n|move|p2a: Mothra|Quiver Dance|p2a: Mothra\n|-boost|p2a: Mothra|spa|1\n|-boost|p2a: Mothra|spd|1\n|-boost|p2a: Mothra|spe|1\n|move|p1a: Skeledirge|Torch Song|p2a: Mothra\n|-damage|p2a: Mothra|76\/100\n|-boost|p1a: Skeledirge|spa|1\n|\n|upkeep\n|turn|5\n|\n|t:|1700853617\n|switch|p2a: Super Soaker|Rotom-Wash, shiny|100\/100\n|move|p1a: Skeledirge|Torch Song|p2a: Super Soaker\n|-resisted|p2a: Super Soaker\n|-damage|p2a: Super Soaker|77\/100\n|-boost|p1a: Skeledirge|spa|1\n|\n|-heal|p2a: Super Soaker|83\/100|[from] item: Leftovers\n|upkeep\n|turn|6\n|\n|t:|1700853627\n|move|p2a: Super Soaker|Hydro Pump|p1a: Skeledirge\n|-supereffective|p1a: Skeledirge\n|-damage|p1a: Skeledirge|20\/100\n|move|p1a: Skeledirge|Hex|p2a: Super Soaker\n|-crit|p2a: Super Soaker\n|-damage|p2a: Super Soaker|7\/100\n|\n|-heal|p2a: Super Soaker|13\/100|[from] item: Leftovers\n|upkeep\n|turn|7\n|\n|t:|1700853634\n|switch|p1a: Samurott|Samurott-Hisui, M|100\/100\n|move|p2a: Super Soaker|Volt Switch|p1a: Samurott\n|-supereffective|p1a: Samurott\n|-crit|p1a: Samurott\n|-enditem|p1a: Samurott|Focus Sash\n|-damage|p1a: Samurott|1\/100\n|\n|t:|1700853639\n|switch|p2a: Medichud|Medicham-Mega, M|100\/100|[from] Volt Switch\n|\n|upkeep\n|turn|8\n|\n|t:|1700853645\n|move|p2a: Medichud|Fake Out|p1a: Samurott\n|-damage|p1a: Samurott|0 fnt\n|faint|p1a: Samurott\n|\n|upkeep\n|\n|t:|1700853653\n|switch|p1a: Cinderace|Cinderace, F|100\/100\n|turn|9\n|\n|t:|1700853659\n|switch|p2a: Super Soaker|Rotom-Wash, shiny|13\/100\n|move|p1a: Cinderace|U-turn|p2a: Super Soaker\n|-start|p1a: Cinderace|typechange|Bug|[from] ability: Libero\n|-damage|p2a: Super Soaker|0 fnt\n|faint|p2a: Super Soaker\n|\n|t:|1700853664\n|switch|p1a: Serperior|Serperior, F|100\/100|[from] U-turn\n|\n|upkeep\n|\n|t:|1700853680\n|switch|p2a: Mothra|Volcarona, F|76\/100\n|turn|10\n|\n|t:|1700853683\n|move|p1a: Serperior|Glare|p2a: Mothra\n|-status|p2a: Mothra|par\n|cant|p2a: Mothra|par\n|\n|upkeep\n|turn|11\n|\n|t:|1700853696\n|switch|p1a: Torterra|Torterra, M|100\/100\n|cant|p2a: Mothra|par\n|\n|upkeep\n|turn|12\n|\n|t:|1700853703\n|move|p1a: Torterra|Shell Smash|p1a: Torterra\n|-unboost|p1a: Torterra|def|1\n|-unboost|p1a: Torterra|spd|1\n|-boost|p1a: Torterra|atk|2\n|-boost|p1a: Torterra|spa|2\n|-boost|p1a: Torterra|spe|2\n|cant|p2a: Mothra|par\n|\n|upkeep\n|turn|13\n|c|\u2606Jermanium64|Im sorry\n|\n|t:|1700853722\n|move|p1a: Torterra|Rock Blast|p2a: Mothra\n|-supereffective|p2a: Mothra\n|-damage|p2a: Mothra|16\/100 par\n|-supereffective|p2a: Mothra\n|-damage|p2a: Mothra|0 fnt\n|faint|p2a: Mothra\n|-hitcount|p2: Mothra|2\n|\n|upkeep\n|\n|t:|1700853738\n|switch|p2a: Smogon Himself|Landorus-Therian, M|100\/100\n|-ability|p2a: Smogon Himself|Intimidate|boost\n|-unboost|p1a: Torterra|atk|1\n|turn|14\n|inactive|NDSNEZ pikakip379 has 120 seconds left.\n|\n|t:|1700853759\n|move|p1a: Torterra|Bullet Seed|p2a: Smogon Himself\n|-crit|p2a: Smogon Himself\n|-damage|p2a: Smogon Himself|68\/100\n|-damage|p2a: Smogon Himself|49\/100\n|-damage|p2a: Smogon Himself|30\/100\n|-damage|p2a: Smogon Himself|10\/100\n|-damage|p2a: Smogon Himself|0 fnt\n|faint|p2a: Smogon Himself\n|-hitcount|p2: Smogon Himself|5\n|\n|upkeep\n|inactive|NDSNEZ pikakip379 has 120 seconds left.\n|\n|t:|1700853780\n|switch|p2a: Antonblast|Kommo-o, M|100\/100\n|turn|15\n|\n|t:|1700853789\n|move|p1a: Torterra|Headlong Rush|p2a: Antonblast\n|-damage|p2a: Antonblast|27\/100\n|-unboost|p1a: Torterra|def|1\n|-unboost|p1a: Torterra|spd|1\n|-zpower|p2a: Antonblast\n|move|p2a: Antonblast|Clangorous Soulblaze|p1a: Torterra|[zeffect]\n|-damage|p1a: Torterra|0 fnt\n|faint|p1a: Torterra\n|-boost|p2a: Antonblast|atk|1\n|-boost|p2a: Antonblast|def|1\n|-boost|p2a: Antonblast|spa|1\n|-boost|p2a: Antonblast|spd|1\n|-boost|p2a: Antonblast|spe|1\n|\n|upkeep\n|\n|t:|1700853802\n|switch|p1a: Skeledirge|Skeledirge, M|20\/100\n|turn|16\n|\n|t:|1700853814\n|-terastallize|p1a: Skeledirge|Fairy\n|move|p2a: Antonblast|Flash Cannon|p1a: Skeledirge\n|-supereffective|p1a: Skeledirge\n|-damage|p1a: Skeledirge|0 fnt\n|faint|p1a: Skeledirge\n|\n|upkeep\n|\n|t:|1700853829\n|switch|p1a: Serperior|Serperior, F|100\/100\n|turn|17\n|\n|t:|1700853845\n|move|p2a: Antonblast|Drain Punch|p1a: Serperior\n|-damage|p1a: Serperior|50\/100\n|-heal|p2a: Antonblast|53\/100|[from] drain|[of] p1a: Serperior\n|move|p1a: Serperior|Glare|p2a: Antonblast\n|-status|p2a: Antonblast|par\n|\n|-heal|p1a: Serperior|56\/100|[from] item: Leftovers\n|upkeep\n|turn|18\n|\n|t:|1700853854\n|move|p1a: Serperior|Leaf Storm|p2a: Antonblast\n|-resisted|p2a: Antonblast\n|-damage|p2a: Antonblast|35\/100 par\n|-boost|p1a: Serperior|spa|2\n|cant|p2a: Antonblast|par\n|\n|-heal|p1a: Serperior|62\/100|[from] item: Leftovers\n|upkeep\n|turn|19\n|\n|t:|1700853861\n|move|p1a: Serperior|Leaf Storm|p2a: Antonblast\n|-resisted|p2a: Antonblast\n|-damage|p2a: Antonblast|0 fnt\n|-boost|p1a: Serperior|spa|2\n|faint|p2a: Antonblast\n|\n|-heal|p1a: Serperior|69\/100|[from] item: Leftovers\n|upkeep\n|\n|t:|1700853873\n|switch|p2a: DA MOLL!!|Excadrill, F, shiny|100\/100\n|-ability|p2a: DA MOLL!!|Mold Breaker\n|turn|20\n|\n|t:|1700853878\n|move|p1a: Serperior|Leaf Storm|p2a: DA MOLL!!\n|-damage|p2a: DA MOLL!!|3\/100\n|-boost|p1a: Serperior|spa|2\n|move|p2a: DA MOLL!!|Toxic|p1a: Serperior\n|-status|p1a: Serperior|tox\n|\n|-heal|p1a: Serperior|75\/100 tox|[from] item: Leftovers\n|-heal|p2a: DA MOLL!!|9\/100|[from] item: Leftovers\n|-damage|p1a: Serperior|69\/100 tox|[from] psn\n|upkeep\n|turn|21\n|\n|t:|1700853885\n|move|p1a: Serperior|Leaf Storm|p2a: DA MOLL!!\n|-damage|p2a: DA MOLL!!|0 fnt\n|faint|p2a: DA MOLL!!\n|\n|-heal|p1a: Serperior|75\/100 tox|[from] item: Leftovers\n|-damage|p1a: Serperior|62\/100 tox|[from] psn\n|upkeep\n|\n|t:|1700853887\n|switch|p2a: Medichud|Medicham-Mega, M|100\/100\n|turn|22\n|\n|t:|1700853891\n|move|p2a: Medichud|Fake Out|p1a: Serperior\n|-damage|p1a: Serperior|36\/100 tox\n|cant|p1a: Serperior|flinch\n|\n|-heal|p1a: Serperior|42\/100 tox|[from] item: Leftovers\n|-damage|p1a: Serperior|24\/100 tox|[from] psn\n|upkeep\n|turn|23\n|\n|t:|1700853897\n|move|p2a: Medichud|Bullet Punch|p1a: Serperior\n|-damage|p1a: Serperior|0 fnt\n|faint|p1a: Serperior\n|\n|upkeep\n|\n|t:|1700853900\n|switch|p1a: Cinderace|Cinderace, F|100\/100\n|turn|24\n|c|\u2606NDSNEZ pikakip379|ggs\n|\n|t:|1700853905\n|move|p1a: Cinderace|Pyro Ball|p2a: Medichud\n|-damage|p2a: Medichud|12\/100\n|move|p2a: Medichud|Close Combat|p1a: Cinderace\n|-damage|p1a: Cinderace|0 fnt\n|-unboost|p2a: Medichud|def|1\n|-unboost|p2a: Medichud|spd|1\n|faint|p1a: Cinderace\n|\n|win|NDSNEZ pikakip379\n|raw|Jermanium64's rating: 1203 &rarr; <strong>1176<\/strong><br \/>(-27 for losing)\n|raw|NDSNEZ pikakip379's rating: 1170 &rarr; <strong>1197<\/strong><br \/>(+27 for winning)\n","uploadtime":1700853912,"views":12,"p1id":"jermanium64","p2id":"ndsnezpikakip379","formatid":"gen9nationaldex","rating":1176,"private":0,"password":""}