{"id":"gen9nationaldex-1995562174","p1":"psy-dian","p2":"fajpar","format":"[Gen 9] National Dex","log":"|html|<div class=\"broadcast-blue\"><strong>[Gen 9] National Dex is currently suspecting Sneasler! For information on how to participate check out the <a href=\"https:\/\/www.smogon.com\/forums\/threads\/sv-national-dex-suspect-8-just-dance.3731534\/\">suspect thread<\/a>.<\/strong><\/div>\n|j|\u2606psy-dian\n|j|\u2606fajpar\n|t:|1700583092\n|gametype|singles\n|player|p1|psy-dian|psychicf|1000\n|player|p2|fajpar|nessa|1023\n|teamsize|p1|6\n|teamsize|p2|6\n|gen|9\n|tier|[Gen 9] National Dex\n|rated|\n|rule|HP Percentage Mod: HP is shown in percentages\n|rule|Endless Battle Clause: Forcing endless battles is banned\n|rule|OHKO Clause: OHKO moves are banned\n|rule|Evasion Clause: Evasion abilities, items, and moves are banned\n|rule|Evasion Abilities Clause: Evasion abilities are banned\n|rule|Evasion Items Clause: Evasion items are banned\n|rule|Evasion Moves Clause: Evasion moves are banned\n|rule|Species Clause: Limit one of each Pok\u00e9mon\n|rule|Sleep Clause Mod: Limit one foe put to sleep\n|clearpoke\n|poke|p1|Delphox, M|\n|poke|p1|Wobbuffet, M|\n|poke|p1|Gothitelle, M|\n|poke|p1|Mr. Mime, F|\n|poke|p1|Swoobat, F|\n|poke|p1|Umbreon, M|\n|poke|p2|Mr. Mime, M|\n|poke|p2|Grapploct, M|\n|poke|p2|Hawlucha, F|\n|poke|p2|Brambleghast, M|\n|poke|p2|Gyarados, M|\n|poke|p2|Gengar, M|\n|teampreview\n|c|\u2606psy-dian|YOOOO MR MIME SQUAD\n|\n|t:|1700583102\n|start\n|switch|p1a: Marceline|Mr. Mime, F|100\/100\n|switch|p2a: Mr. Mime|Mr. Mime, M|100\/100\n|turn|1\n|c|\u2606psy-dian|hell yes\n|\n|t:|1700583127\n|move|p2a: Mr. Mime|Magic Coat|p2a: Mr. Mime\n|-singleturn|p2a: Mr. Mime|move: Magic Coat\n|move|p1a: Marceline|Dazzling Gleam|p2a: Mr. Mime\n|-damage|p2a: Mr. Mime|67\/100\n|\n|-status|p2a: Mr. Mime|brn|[from] item: Flame Orb\n|upkeep\n|turn|2\n|\n|t:|1700583139\n|move|p2a: Mr. Mime|Trick|p1a: Marceline\n|-activate|p2a: Mr. Mime|move: Trick|[of] p1a: Marceline\n|-item|p1a: Marceline|Flame Orb|[from] move: Trick\n|-item|p2a: Mr. Mime|Silk Scarf|[from] move: Trick\n|move|p1a: Marceline|Double Slap|p2a: Mr. Mime\n|-crit|p2a: Mr. Mime\n|-damage|p2a: Mr. Mime|62\/100 brn\n|-damage|p2a: Mr. Mime|59\/100 brn\n|-damage|p2a: Mr. Mime|55\/100 brn\n|-damage|p2a: Mr. Mime|52\/100 brn\n|-hitcount|p2a: Mr. Mime|4\n|\n|-damage|p2a: Mr. Mime|46\/100 brn|[from] brn\n|-status|p1a: Marceline|brn|[from] item: Flame Orb\n|upkeep\n|turn|3\n|c|\u2606fajpar|\ud83d\ude04\n|\n|t:|1700583155\n|move|p2a: Mr. Mime|Teeter Dance|p1a: Marceline\n|-start|p1a: Marceline|confusion\n|-activate|p1a: Marceline|confusion\n|move|p1a: Marceline|Dazzling Gleam|p2a: Mr. Mime\n|-damage|p2a: Mr. Mime|9\/100 brn\n|\n|-damage|p2a: Mr. Mime|3\/100 brn|[from] brn\n|-damage|p1a: Marceline|95\/100 brn|[from] brn\n|upkeep\n|turn|4\n|\n|t:|1700583168\n|switch|p2a: Gyarados|Gyarados, M|100\/100\n|-ability|p2a: Gyarados|Intimidate|boost\n|-unboost|p1a: Marceline|atk|1\n|-end|p1a: Marceline|confusion\n|move|p1a: Marceline|Protect||[still]\n|-fail|p1a: Marceline\n|\n|-damage|p1a: Marceline|89\/100 brn|[from] brn\n|upkeep\n|turn|5\n|\n|t:|1700583190\n|switch|p1a: Gabriel|Gothitelle, M|100\/100\n|-item|p2a: Gyarados|Leftovers|[from] ability: Frisk|[of] p1a: Gabriel|[identify]\n|move|p2a: Gyarados|Dragon Dance|p2a: Gyarados\n|-boost|p2a: Gyarados|atk|1\n|-boost|p2a: Gyarados|spe|1\n|\n|upkeep\n|turn|6\n|\n|t:|1700583200\n|move|p2a: Gyarados|Waterfall|p1a: Gabriel\n|-damage|p1a: Gabriel|31\/100\n|cant|p1a: Gabriel|flinch\n|\n|upkeep\n|turn|7\n|\n|t:|1700583205\n|move|p2a: Gyarados|Waterfall|p1a: Gabriel\n|-damage|p1a: Gabriel|0 fnt\n|faint|p1a: Gabriel\n|\n|upkeep\n|\n|t:|1700583213\n|switch|p1a: L\u00e9o|Umbreon, M|100\/100\n|turn|8\n|\n|t:|1700583222\n|switch|p2a: Gengar|Gengar, M|100\/100\n|move|p1a: L\u00e9o|Foul Play|p2a: Gengar\n|-supereffective|p2a: Gengar\n|-damage|p2a: Gengar|40\/100\n|\n|upkeep\n|turn|9\n|\n|t:|1700583228\n|move|p2a: Gengar|Destiny Bond|p2a: Gengar\n|-singlemove|p2a: Gengar|Destiny Bond\n|move|p1a: L\u00e9o|Foul Play|p2a: Gengar\n|-supereffective|p2a: Gengar\n|-damage|p2a: Gengar|0 fnt\n|faint|p2a: Gengar\n|-activate|p2a: Gengar|move: Destiny Bond\n|faint|p1a: L\u00e9o\n|\n|upkeep\n|\n|t:|1700583238\n|switch|p2a: Grapploct|Grapploct, M|100\/100\n|switch|p1a: Simon|Wobbuffet, M|100\/100\n|turn|10\n|\n|t:|1700583241\n|move|p2a: Grapploct|Octolock|p1a: Simon\n|-start|p1a: Simon|move: Octolock|[of] p2a: Grapploct\n|move|p1a: Simon|Counter||[still]\n|-fail|p1a: Simon\n|\n|-unboost|p1a: Simon|def|1\n|-unboost|p1a: Simon|spd|1\n|upkeep\n|turn|11\n|\n|t:|1700583250\n|move|p2a: Grapploct|Soak|p1a: Simon\n|-start|p1a: Simon|typechange|Water\n|move|p1a: Simon|Counter||[still]\n|-fail|p1a: Simon\n|\n|-unboost|p1a: Simon|def|1\n|-unboost|p1a: Simon|spd|1\n|upkeep\n|turn|12\n|\n|t:|1700583258\n|move|p2a: Grapploct|Detect|p2a: Grapploct\n|-singleturn|p2a: Grapploct|Protect\n|move|p1a: Simon|Encore|p2a: Grapploct\n|-activate|p2a: Grapploct|move: Protect\n|\n|-unboost|p1a: Simon|def|1\n|-unboost|p1a: Simon|spd|1\n|upkeep\n|turn|13\n|\n|t:|1700583267\n|move|p2a: Grapploct|Drain Punch|p1a: Simon\n|-damage|p1a: Simon|28\/100\n|move|p1a: Simon|Counter|p2a: Grapploct\n|-damage|p2a: Grapploct|0 fnt\n|faint|p2a: Grapploct\n|\n|-end|p1a: Simon|Octolock|[partiallytrapped]|[silent]\n|upkeep\n|\n|t:|1700583273\n|switch|p2a: Hawlucha|Hawlucha, F|100\/100\n|turn|14\n|\n|t:|1700583276\n|move|p2a: Hawlucha|Close Combat|p1a: Simon\n|-damage|p1a: Simon|0 fnt\n|-unboost|p2a: Hawlucha|def|1\n|-unboost|p2a: Hawlucha|spd|1\n|-enditem|p2a: Hawlucha|White Herb\n|-clearnegativeboost|p2a: Hawlucha|[silent]\n|faint|p1a: Simon\n|\n|upkeep\n|\n|t:|1700583283\n|switch|p1a: B\u00e9bert|Delphox, M|100\/100\n|turn|15\n|\n|t:|1700583291\n|-terastallize|p2a: Hawlucha|Flying\n|move|p2a: Hawlucha|Acrobatics|p1a: B\u00e9bert\n|-damage|p1a: B\u00e9bert|15\/100\n|move|p1a: B\u00e9bert|Psyshock|p2a: Hawlucha\n|-damage|p2a: Hawlucha|44\/100\n|\n|upkeep\n|turn|16\n|\n|t:|1700583299\n|move|p2a: Hawlucha|Acrobatics|p1a: B\u00e9bert\n|-damage|p1a: B\u00e9bert|0 fnt\n|faint|p1a: B\u00e9bert\n|\n|upkeep\n|\n|t:|1700583303\n|switch|p1a: Aim\u00e9e|Swoobat, F|100\/100\n|turn|17\n|\n|t:|1700583309\n|move|p2a: Hawlucha|Taunt|p1a: Aim\u00e9e\n|-start|p1a: Aim\u00e9e|move: Taunt\n|move|p1a: Aim\u00e9e|Heart Stamp|p2a: Hawlucha\n|-damage|p2a: Hawlucha|16\/100\n|\n|upkeep\n|turn|18\n|\n|t:|1700583315\n|move|p2a: Hawlucha|Acrobatics|p1a: Aim\u00e9e\n|-damage|p1a: Aim\u00e9e|0 fnt\n|faint|p1a: Aim\u00e9e\n|\n|upkeep\n|\n|t:|1700583320\n|switch|p1a: Marceline|Mr. Mime, F|89\/100 brn\n|turn|19\n|\n|t:|1700583327\n|move|p2a: Hawlucha|Taunt|p1a: Marceline\n|-start|p1a: Marceline|move: Taunt\n|move|p1a: Marceline|Dazzling Gleam|p2a: Hawlucha\n|-damage|p2a: Hawlucha|0 fnt\n|faint|p2a: Hawlucha\n|\n|-damage|p1a: Marceline|83\/100 brn|[from] brn\n|upkeep\n|\n|t:|1700583333\n|switch|p2a: Mr. Mime|Mr. Mime, M|3\/100 brn\n|turn|20\n|\n|t:|1700583337\n|move|p2a: Mr. Mime|Teeter Dance|p1a: Marceline\n|-start|p1a: Marceline|confusion\n|-activate|p1a: Marceline|confusion\n|move|p1a: Marceline|Focus Blast|p2a: Mr. Mime|[miss]\n|-miss|p1a: Marceline|p2a: Mr. Mime\n|\n|-damage|p2a: Mr. Mime|0 fnt|[from] brn\n|faint|p2a: Mr. Mime\n|-damage|p1a: Marceline|77\/100 brn|[from] brn\n|upkeep\n|\n|t:|1700583343\n|switch|p2a: Brambleghast|Brambleghast, M|100\/100\n|turn|21\n|\n|t:|1700583359\n|move|p2a: Brambleghast|Infestation|p1a: Marceline\n|-damage|p1a: Marceline|72\/100 brn\n|-activate|p1a: Marceline|move: Infestation|[of] p2a: Brambleghast\n|-end|p1a: Marceline|confusion\n|move|p1a: Marceline|Dazzling Gleam|p2a: Brambleghast\n|-crit|p2a: Brambleghast\n|-damage|p2a: Brambleghast|17\/100\n|\n|-heal|p2a: Brambleghast|23\/100|[from] item: Leftovers\n|-damage|p1a: Marceline|66\/100 brn|[from] brn\n|-damage|p1a: Marceline|54\/100 brn|[from] move: Infestation|[partiallytrapped]\n|-end|p1a: Marceline|move: Taunt\n|upkeep\n|turn|22\n|\n|t:|1700583370\n|move|p2a: Brambleghast|Leech Seed|p1a: Marceline\n|-start|p1a: Marceline|move: Leech Seed\n|move|p1a: Marceline|Focus Blast|p2a: Brambleghast\n|-immune|p2a: Brambleghast\n|\n|-heal|p2a: Brambleghast|29\/100|[from] item: Leftovers\n|-damage|p1a: Marceline|42\/100 brn|[from] Leech Seed|[of] p2a: Brambleghast\n|-heal|p2a: Brambleghast|38\/100|[silent]\n|-damage|p1a: Marceline|36\/100 brn|[from] brn\n|-damage|p1a: Marceline|24\/100 brn|[from] move: Infestation|[partiallytrapped]\n|upkeep\n|turn|23\n|\n|t:|1700583380\n|move|p2a: Brambleghast|Phantom Force||[still]\n|-prepare|p2a: Brambleghast|Phantom Force\n|move|p1a: Marceline|Dazzling Gleam|p2a: Brambleghast|[miss]\n|-miss|p1a: Marceline|p2a: Brambleghast\n|\n|-heal|p2a: Brambleghast|44\/100|[from] item: Leftovers\n|-damage|p1a: Marceline|11\/100 brn|[from] Leech Seed|[of] p2a: Brambleghast\n|-heal|p2a: Brambleghast|53\/100|[silent]\n|-damage|p1a: Marceline|5\/100 brn|[from] brn\n|-damage|p1a: Marceline|0 fnt|[from] move: Infestation|[partiallytrapped]\n|faint|p1a: Marceline\n|\n|win|fajpar\n|upkeep\n|raw|psy-dian's rating: 1000 &rarr; <strong>1000<\/strong><br \/>(+0 for losing)\n|raw|fajpar's rating: 1023 &rarr; <strong>1057<\/strong><br \/>(+34 for winning)\n|l|\u2606fajpar\n|c|\u2606psy-dian|GG\n","uploadtime":1700583394,"views":0,"p1id":"psydian","p2id":"fajpar","formatid":"gen9nationaldex","rating":1000,"private":0,"password":""}