{"id":"gen9nationaldex-1996932879","p1":"shengye121","p2":"wwaaa","format":"[Gen 9] National Dex","log":"|html|<div class=\"broadcast-blue\"><strong>[Gen 9] National Dex is currently suspecting Sneasler! For information on how to participate check out the <a href=\"https:\/\/www.smogon.com\/forums\/threads\/sv-national-dex-suspect-8-just-dance.3731534\/\">suspect thread<\/a>.<\/strong><\/div>\n|j|\u2606shengye121\n|j|\u2606wwaaa\n|t:|1700746538\n|gametype|singles\n|player|p1|shengye121|169|1488\n|player|p2|wwaaa|candice|1498\n|teamsize|p1|6\n|teamsize|p2|6\n|gen|9\n|tier|[Gen 9] National Dex\n|rated|\n|rule|HP Percentage Mod: HP is shown in percentages\n|rule|Endless Battle Clause: Forcing endless battles is banned\n|rule|OHKO Clause: OHKO moves are banned\n|rule|Evasion Clause: Evasion abilities, items, and moves are banned\n|rule|Evasion Abilities Clause: Evasion abilities are banned\n|rule|Evasion Items Clause: Evasion items are banned\n|rule|Evasion Moves Clause: Evasion moves are banned\n|rule|Species Clause: Limit one of each Pok\u00e9mon\n|rule|Sleep Clause Mod: Limit one foe put to sleep\n|clearpoke\n|poke|p1|Hydreigon, F|\n|poke|p1|Ditto|\n|poke|p1|Lopunny, M|\n|poke|p1|Excadrill, M|\n|poke|p1|Greninja-*, M|\n|poke|p1|Ogerpon-Cornerstone, F|\n|poke|p2|Cloyster, M|\n|poke|p2|Ninetales-Alola, F|\n|poke|p2|Gyarados, F|\n|poke|p2|Tapu Lele|\n|poke|p2|Gliscor, M|\n|poke|p2|Blaziken, M|\n|teampreview\n|\n|t:|1700746573\n|start\n|switch|p1a: Excadrill|Excadrill, M|100\/100\n|switch|p2a: Ninetales|Ninetales-Alola, F|100\/100\n|-weather|Snow|[from] ability: Snow Warning|[of] p2a: Ninetales\n|-ability|p1a: Excadrill|Mold Breaker\n|turn|1\n|\n|t:|1700746582\n|move|p2a: Ninetales|Aurora Veil|p2a: Ninetales\n|-sidestart|p2: wwaaa|move: Aurora Veil\n|move|p1a: Excadrill|Stealth Rock|p2a: Ninetales\n|-sidestart|p2: wwaaa|move: Stealth Rock\n|\n|-weather|Snow|[upkeep]\n|upkeep\n|turn|2\n|\n|t:|1700746594\n|move|p2a: Ninetales|Encore|p1a: Excadrill\n|-start|p1a: Excadrill|Encore\n|move|p1a: Excadrill|Stealth Rock||[still]\n|-fail|p1a: Excadrill\n|\n|-weather|Snow|[upkeep]\n|upkeep\n|turn|3\n|\n|t:|1700746602\n|switch|p2a: Gliscor|Gliscor, M|100\/100\n|-damage|p2a: Gliscor|88\/100|[from] Stealth Rock\n|move|p1a: Excadrill|Stealth Rock||[still]\n|-fail|p1a: Excadrill\n|\n|-weather|Snow|[upkeep]\n|-status|p2a: Gliscor|tox|[from] item: Toxic Orb\n|upkeep\n|turn|4\n|\n|t:|1700746612\n|switch|p1a: Hydreigon|Hydreigon, F|100\/100\n|move|p2a: Gliscor|Stealth Rock|p1a: Hydreigon\n|-sidestart|p1: shengye121|move: Stealth Rock\n|\n|-weather|Snow|[upkeep]\n|-heal|p2a: Gliscor|100\/100 tox|[from] ability: Poison Heal\n|upkeep\n|turn|5\n|\n|t:|1700746616\n|move|p1a: Hydreigon|Draco Meteor|p2a: Gliscor\n|-damage|p2a: Gliscor|36\/100 tox\n|-unboost|p1a: Hydreigon|spa|2\n|move|p2a: Gliscor|U-turn|p1a: Hydreigon\n|-supereffective|p1a: Hydreigon\n|-damage|p1a: Hydreigon|64\/100\n|\n|t:|1700746625\n|switch|p2a: Tapu Lele|Tapu Lele|100\/100|[from] U-turn\n|-damage|p2a: Tapu Lele|88\/100|[from] Stealth Rock\n|-fieldstart|move: Psychic Terrain|[from] ability: Psychic Surge|[of] p2a: Tapu Lele\n|\n|-weather|none\n|upkeep\n|turn|6\n|\n|t:|1700746634\n|switch|p1a: Excadrill|Excadrill, M|100\/100\n|-damage|p1a: Excadrill|97\/100|[from] Stealth Rock\n|-ability|p1a: Excadrill|Mold Breaker\n|move|p2a: Tapu Lele|Future Sight|p1a: Excadrill\n|-start|p2a: Tapu Lele|move: Future Sight\n|\n|upkeep\n|turn|7\n|\n|t:|1700746644\n|switch|p2a: Gliscor|Gliscor, M|36\/100 tox\n|-damage|p2a: Gliscor|24\/100 tox|[from] Stealth Rock\n|move|p1a: Excadrill|Rapid Spin|p2a: Gliscor\n|-damage|p2a: Gliscor|19\/100 tox\n|-boost|p1a: Excadrill|spe|1\n|-sideend|p1: shengye121|Stealth Rock|[from] move: Rapid Spin|[of] p1a: Excadrill\n|\n|-heal|p2a: Gliscor|31\/100 tox|[from] ability: Poison Heal\n|upkeep\n|turn|8\n|\n|t:|1700746651\n|switch|p1a: Hydreigon|Hydreigon, F|64\/100\n|move|p2a: Gliscor|Defog|p1a: Hydreigon\n|-unboost|p1a: Hydreigon|evasion|1\n|-sideend|p2: wwaaa|Stealth Rock|[from] move: Defog|[of] p2a: Gliscor\n|-fieldend|move: Psychic Terrain\n|\n|-end|p1a: Hydreigon|move: Future Sight\n|-immune|p1a: Hydreigon\n|-heal|p2a: Gliscor|43\/100 tox|[from] ability: Poison Heal\n|-sideend|p2: wwaaa|move: Aurora Veil\n|upkeep\n|turn|9\n|\n|t:|1700746658\n|switch|p2a: Ninetales|Ninetales-Alola, F|100\/100\n|-weather|Snow|[from] ability: Snow Warning|[of] p2a: Ninetales\n|-terastallize|p1a: Hydreigon|Steel\n|move|p1a: Hydreigon|Flash Cannon|p2a: Ninetales\n|-supereffective|p2a: Ninetales\n|-damage|p2a: Ninetales|0 fnt\n|faint|p2a: Ninetales\n|\n|-weather|Snow|[upkeep]\n|upkeep\n|\n|t:|1700746678\n|switch|p2a: Gliscor|Gliscor, M|43\/100 tox\n|turn|10\n|\n|t:|1700746683\n|move|p1a: Hydreigon|Flash Cannon|p2a: Gliscor\n|-damage|p2a: Gliscor|0 fnt\n|faint|p2a: Gliscor\n|\n|-weather|Snow|[upkeep]\n|upkeep\n|\n|t:|1700746691\n|switch|p2a: Gyarados|Gyarados, F|100\/100\n|-ability|p2a: Gyarados|Intimidate|boost\n|-unboost|p1a: Hydreigon|atk|1\n|turn|11\n|\n|t:|1700746696\n|switch|p1a: Ditto|Ditto|100\/100\n|-transform|p1a: Ditto|p2a: Gyarados|[from] ability: Imposter\n|-ability|p1a: Ditto|Intimidate|boost\n|-unboost|p2a: Gyarados|atk|1\n|move|p2a: Gyarados|Substitute|p2a: Gyarados\n|-start|p2a: Gyarados|Substitute\n|-damage|p2a: Gyarados|76\/100\n|\n|-weather|Snow|[upkeep]\n|upkeep\n|turn|12\n|inactive|Battle timer is ON: inactive players will automatically lose when time's up. (requested by wwaaa)\n|\n|t:|1700746720\n|switch|p1a: Lopunny|Lopunny, M|100\/100\n|move|p2a: Gyarados|Dragon Dance|p2a: Gyarados\n|-boost|p2a: Gyarados|atk|1\n|-boost|p2a: Gyarados|spe|1\n|\n|-weather|Snow|[upkeep]\n|upkeep\n|turn|13\n|\n|t:|1700746729\n|detailschange|p1a: Lopunny|Lopunny-Mega, M\n|-mega|p1a: Lopunny|Lopunny|Lopunnite\n|move|p2a: Gyarados|Dragon Dance|p2a: Gyarados\n|-boost|p2a: Gyarados|atk|1\n|-boost|p2a: Gyarados|spe|1\n|move|p1a: Lopunny|Frustration|p2a: Gyarados\n|-end|p2a: Gyarados|Substitute\n|\n|-weather|none\n|upkeep\n|turn|14\n|\n|t:|1700746738\n|switch|p1a: Ditto|Ditto|100\/100\n|-transform|p1a: Ditto|p2a: Gyarados|[from] ability: Imposter\n|-ability|p1a: Ditto|Intimidate|boost\n|-unboost|p2a: Gyarados|atk|1\n|move|p2a: Gyarados|Waterfall|p1a: Ditto\n|-resisted|p1a: Ditto\n|-damage|p1a: Ditto|73\/100\n|\n|upkeep\n|turn|15\n|\n|t:|1700746745\n|detailschange|p2a: Gyarados|Gyarados-Mega, F\n|-mega|p2a: Gyarados|Gyarados|Gyaradosite\n|-ability|p2a: Gyarados|Mold Breaker\n|move|p1a: Ditto|Crunch|p2a: Gyarados\n|-resisted|p2a: Gyarados\n|-crit|p2a: Gyarados\n|-damage|p2a: Gyarados|44\/100\n|-unboost|p2a: Gyarados|def|1\n|move|p2a: Gyarados|Substitute|p2a: Gyarados\n|-start|p2a: Gyarados|Substitute\n|-damage|p2a: Gyarados|19\/100\n|\n|upkeep\n|turn|16\n|\n|t:|1700746761\n|switch|p1a: Lopunny|Lopunny-Mega, M|100\/100\n|move|p2a: Gyarados|Crunch|p1a: Lopunny\n|-resisted|p1a: Lopunny\n|-damage|p1a: Lopunny|67\/100\n|-unboost|p1a: Lopunny|def|1\n|\n|upkeep\n|turn|17\n|\n|t:|1700746767\n|move|p2a: Gyarados|Waterfall|p1a: Lopunny\n|-crit|p1a: Lopunny\n|-damage|p1a: Lopunny|0 fnt\n|faint|p1a: Lopunny\n|\n|upkeep\n|\n|t:|1700746780\n|switch|p1a: Ogerpon|Ogerpon-Cornerstone, F|100\/100\n|turn|18\n|\n|t:|1700746786\n|move|p2a: Gyarados|Waterfall|p1a: Ogerpon\n|-damage|p1a: Ogerpon|33\/100\n|cant|p1a: Ogerpon|flinch\n|\n|upkeep\n|turn|19\n|\n|t:|1700746797\n|switch|p1a: Hydreigon|Hydreigon, F, tera:Steel|64\/100\n|move|p2a: Gyarados|Waterfall|p1a: Hydreigon\n|-damage|p1a: Hydreigon|10\/100\n|\n|upkeep\n|turn|20\n|\n|t:|1700746807\n|move|p2a: Gyarados|Crunch|p1a: Hydreigon\n|-damage|p1a: Hydreigon|0 fnt\n|faint|p1a: Hydreigon\n|\n|upkeep\n|\n|t:|1700746812\n|switch|p1a: Excadrill|Excadrill, M|97\/100\n|-ability|p1a: Excadrill|Mold Breaker\n|turn|21\n|\n|t:|1700746815\n|move|p2a: Gyarados|Waterfall|p1a: Excadrill\n|-supereffective|p1a: Excadrill\n|-damage|p1a: Excadrill|0 fnt\n|faint|p1a: Excadrill\n|\n|upkeep\n|\n|t:|1700746821\n|switch|p1a: Greninja|Greninja, M|100\/100\n|turn|22\n|\n|t:|1700746827\n|move|p2a: Gyarados|Waterfall|p1a: Greninja\n|-resisted|p1a: Greninja\n|-damage|p1a: Greninja|64\/100\n|move|p1a: Greninja|Surf|p2a: Gyarados\n|-resisted|p2a: Gyarados\n|-activate|p2a: Gyarados|move: Substitute|[damage]\n|-damage|p1a: Greninja|55\/100|[from] item: Life Orb\n|\n|upkeep\n|turn|23\n|\n|t:|1700746834\n|move|p2a: Gyarados|Waterfall|p1a: Greninja\n|-resisted|p1a: Greninja\n|-damage|p1a: Greninja|18\/100\n|move|p1a: Greninja|Surf|p2a: Gyarados\n|-resisted|p2a: Gyarados\n|-end|p2a: Gyarados|Substitute\n|-damage|p1a: Greninja|9\/100|[from] item: Life Orb\n|\n|upkeep\n|turn|24\n|inactive|wwaaa has 120 seconds left.\n|\n|t:|1700746866\n|switch|p1a: Ditto|Ditto|73\/100\n|-transform|p1a: Ditto|p2a: Gyarados|[from] ability: Imposter\n|-ability|p1a: Ditto|Mold Breaker\n|move|p2a: Gyarados|Crunch|p1a: Ditto\n|-resisted|p1a: Ditto\n|-damage|p1a: Ditto|33\/100\n|\n|upkeep\n|turn|25\n|inactive|wwaaa has 120 seconds left.\n|\n|t:|1700746884\n|move|p1a: Ditto|Crunch|p2a: Gyarados\n|-resisted|p2a: Gyarados\n|-damage|p2a: Gyarados|0 fnt\n|faint|p2a: Gyarados\n|\n|upkeep\n|\n|t:|1700746889\n|switch|p2a: Blaziken|Blaziken, M|100\/100\n|turn|26\n|inactive|wwaaa has 120 seconds left.\n|\n|t:|1700746899\n|switch|p1a: Ogerpon|Ogerpon-Cornerstone, F|33\/100\n|move|p2a: Blaziken|Close Combat|p1a: Ogerpon\n|-supereffective|p1a: Ogerpon\n|-damage|p1a: Ogerpon|0 fnt\n|-unboost|p2a: Blaziken|def|1\n|-unboost|p2a: Blaziken|spd|1\n|faint|p1a: Ogerpon\n|\n|-ability|p2a: Blaziken|Speed Boost|boost\n|-boost|p2a: Blaziken|spe|1\n|upkeep\n|\n|t:|1700746907\n|switch|p1a: Greninja|Greninja, M|9\/100\n|turn|27\n|\n|t:|1700746915\n|switch|p2a: Cloyster|Cloyster, M|100\/100\n|move|p1a: Greninja|Water Shuriken|p2a: Cloyster\n|-resisted|p2a: Cloyster\n|-crit|p2a: Cloyster\n|-damage|p2a: Cloyster|83\/100\n|-resisted|p2a: Cloyster\n|-damage|p2a: Cloyster|70\/100\n|-resisted|p2a: Cloyster\n|-damage|p2a: Cloyster|59\/100\n|-resisted|p2a: Cloyster\n|-damage|p2a: Cloyster|48\/100\n|-resisted|p2a: Cloyster\n|-damage|p2a: Cloyster|36\/100\n|-hitcount|p2a: Cloyster|5\n|-damage|p1a: Greninja|0 fnt|[from] item: Life Orb\n|faint|p1a: Greninja\n|\n|upkeep\n|\n|t:|1700746928\n|switch|p1a: Ditto|Ditto|33\/100\n|-transform|p1a: Ditto|p2a: Cloyster|[from] ability: Imposter\n|turn|28\n|\n|t:|1700746934\n|move|p1a: Ditto|Rock Blast|p2a: Cloyster\n|-supereffective|p2a: Cloyster\n|-damage|p2a: Cloyster|23\/100\n|-supereffective|p2a: Cloyster\n|-damage|p2a: Cloyster|9\/100\n|-supereffective|p2a: Cloyster\n|-damage|p2a: Cloyster|0 fnt\n|faint|p2a: Cloyster\n|-hitcount|p2: Cloyster|3\n|\n|upkeep\n|\n|t:|1700746938\n|switch|p2a: Tapu Lele|Tapu Lele|88\/100\n|-fieldstart|move: Psychic Terrain|[from] ability: Psychic Surge|[of] p2a: Tapu Lele\n|turn|29\n|\n|t:|1700746942\n|move|p2a: Tapu Lele|Psychic|p1a: Ditto\n|-damage|p1a: Ditto|0 fnt\n|faint|p1a: Ditto\n|\n|win|wwaaa\n|raw|shengye121's rating: 1488 &rarr; <strong>1469<\/strong><br \/>(-19 for losing)\n|raw|wwaaa's rating: 1498 &rarr; <strong>1517<\/strong><br \/>(+19 for winning)\n|l|\u2606shengye121\n","uploadtime":1700746951,"views":0,"p1id":"shengye121","p2id":"wwaaa","formatid":"gen9nationaldex","rating":1469,"private":0,"password":""}