{"id":"gen9nationaldex-1993858706","p1":"jujibalaoshi001","p2":"TPD Greedy Monarch","format":"[Gen 9] National Dex","log":"|j|\u2606jujibalaoshi001\n|j|\u2606TPD Greedy Monarch\n|t:|1700366252\n|gametype|singles\n|player|p1|jujibalaoshi001|hexmaniac-gen6|1489\n|player|p2|TPD Greedy Monarch|169|1421\n|teamsize|p1|6\n|teamsize|p2|6\n|gen|9\n|tier|[Gen 9] National Dex\n|rated|\n|rule|HP Percentage Mod: HP is shown in percentages\n|rule|Endless Battle Clause: Forcing endless battles is banned\n|rule|OHKO Clause: OHKO moves are banned\n|rule|Evasion Clause: Evasion abilities, items, and moves are banned\n|rule|Evasion Abilities Clause: Evasion abilities are banned\n|rule|Evasion Items Clause: Evasion items are banned\n|rule|Evasion Moves Clause: Evasion moves are banned\n|rule|Species Clause: Limit one of each Pok\u00e9mon\n|rule|Sleep Clause Mod: Limit one foe put to sleep\n|clearpoke\n|poke|p1|Silvally-*|\n|poke|p1|Cloyster, F|\n|poke|p1|Heatran, M|\n|poke|p1|Weavile, M|\n|poke|p1|Azelf|\n|poke|p1|Tapu Lele|\n|poke|p2|Scolipede, M|\n|poke|p2|Scyther, F|\n|poke|p2|Volcarona, F|\n|poke|p2|Scizor, M|\n|poke|p2|Frosmoth, F|\n|poke|p2|Kleavor, M|\n|teampreview\n|j| dicexdxd\n|\n|t:|1700366279\n|start\n|switch|p1a: Cloyster|Cloyster, F|100\/100\n|switch|p2a: Vesta|Volcarona, F|100\/100\n|turn|1\n|c|\u2606jujibalaoshi001|\u8fd9\u87b3\u8782\u597d\u5927\u53ea\n|\n|t:|1700366293\n|move|p2a: Vesta|Quiver Dance|p2a: Vesta\n|-boost|p2a: Vesta|spa|1\n|-boost|p2a: Vesta|spd|1\n|-boost|p2a: Vesta|spe|1\n|move|p1a: Cloyster|Shell Smash|p1a: Cloyster\n|-unboost|p1a: Cloyster|def|1\n|-unboost|p1a: Cloyster|spd|1\n|-boost|p1a: Cloyster|atk|2\n|-boost|p1a: Cloyster|spa|2\n|-boost|p1a: Cloyster|spe|2\n|\n|upkeep\n|turn|2\n|\n|t:|1700366299\n|move|p1a: Cloyster|Rock Blast|p2a: Vesta\n|-supereffective|p2a: Vesta\n|-damage|p2a: Vesta|12\/100\n|-supereffective|p2a: Vesta\n|-damage|p2a: Vesta|0 fnt\n|faint|p2a: Vesta\n|-hitcount|p2: Vesta|2\n|\n|upkeep\n|\n|t:|1700366326\n|switch|p2a: Sector|Scizor, M|100\/100\n|turn|3\n|\n|t:|1700366338\n|detailschange|p2a: Sector|Scizor-Mega, M\n|-mega|p2a: Sector|Scizor|Scizorite\n|move|p1a: Cloyster|Liquidation|p2a: Sector\n|-damage|p2a: Sector|30\/100\n|move|p2a: Sector|Swords Dance|p2a: Sector\n|-boost|p2a: Sector|atk|2\n|\n|upkeep\n|turn|4\n|\n|t:|1700366346\n|move|p2a: Sector|Bullet Punch|p1a: Cloyster\n|-damage|p1a: Cloyster|8\/100\n|move|p1a: Cloyster|Liquidation|p2a: Sector\n|-damage|p2a: Sector|0 fnt\n|faint|p2a: Sector\n|\n|upkeep\n|\n|t:|1700366350\n|switch|p2a: Scorn|Scolipede, M|100\/100\n|turn|5\n|\n|t:|1700366363\n|move|p2a: Scorn|Protect|p2a: Scorn\n|-singleturn|p2a: Scorn|Protect\n|move|p1a: Cloyster|Rock Blast|p2a: Scorn\n|-activate|p2a: Scorn|move: Protect\n|\n|-ability|p2a: Scorn|Speed Boost|boost\n|-boost|p2a: Scorn|spe|1\n|upkeep\n|turn|6\n|\n|t:|1700366374\n|move|p1a: Cloyster|Rock Blast|p2a: Scorn\n|-supereffective|p2a: Scorn\n|-damage|p2a: Scorn|60\/100\n|-supereffective|p2a: Scorn\n|-damage|p2a: Scorn|19\/100\n|-supereffective|p2a: Scorn\n|-damage|p2a: Scorn|0 fnt\n|faint|p2a: Scorn\n|-hitcount|p2: Scorn|3\n|\n|upkeep\n|\n|t:|1700366386\n|switch|p2a: Vitiosis|Scyther, F|100\/100\n|turn|7\n|\n|t:|1700366393\n|-terastallize|p2a: Vitiosis|Ground\n|move|p1a: Cloyster|Icicle Spear|p2a: Vitiosis\n|-supereffective|p2a: Vitiosis\n|-damage|p2a: Vitiosis|57\/100\n|-supereffective|p2a: Vitiosis\n|-damage|p2a: Vitiosis|7\/100\n|-supereffective|p2a: Vitiosis\n|-damage|p2a: Vitiosis|0 fnt\n|faint|p2a: Vitiosis\n|-hitcount|p2: Vitiosis|3\n|\n|upkeep\n|\n|t:|1700366402\n|switch|p2a: Little Lady|Frosmoth, F|100\/100\n|turn|8\n|\n|t:|1700366406\n|move|p1a: Cloyster|Rock Blast|p2a: Little Lady\n|-supereffective|p2a: Little Lady\n|-damage|p2a: Little Lady|0 fnt\n|faint|p2a: Little Lady\n|-hitcount|p2: Little Lady|1\n|\n|upkeep\n|\n|t:|1700366409\n|switch|p2a: Kharn|Kleavor, M|100\/100\n|turn|9\n|\n|t:|1700366416\n|-terastallize|p1a: Cloyster|Ice\n|move|p1a: Cloyster|Icicle Spear|p2a: Kharn\n|-damage|p2a: Kharn|63\/100\n|-damage|p2a: Kharn|21\/100\n|-damage|p2a: Kharn|0 fnt\n|faint|p2a: Kharn\n|-hitcount|p2: Kharn|3\n|\n|win|jujibalaoshi001\n|raw|jujibalaoshi001's rating: 1489 &rarr; <strong>1505<\/strong><br \/>(+16 for winning)\n|raw|TPD Greedy Monarch's rating: 1421 &rarr; <strong>1405<\/strong><br \/>(-16 for losing)\n|l|\u2606TPD Greedy Monarch\n","uploadtime":1700366425,"views":7,"p1id":"jujibalaoshi001","p2id":"tpdgreedymonarch","formatid":"gen9nationaldex","rating":1405,"private":0,"password":""}