{"id":"gen9nationaldex-1992211460","p1":"bwill243","p2":"StormWitch","format":"[Gen 9] National Dex","log":"|j|\u2606bwill243\n|j|\u2606StormWitch\n|t:|1700164256\n|gametype|singles\n|player|p1|bwill243|pokemonranger-gen4|\n|player|p2|StormWitch|serena-masters2|\n|teamsize|p1|6\n|teamsize|p2|6\n|gen|9\n|tier|[Gen 9] National Dex\n|rule|HP Percentage Mod: HP is shown in percentages\n|rule|Endless Battle Clause: Forcing endless battles is banned\n|rule|OHKO Clause: OHKO moves are banned\n|rule|Evasion Clause: Evasion abilities, items, and moves are banned\n|rule|Evasion Abilities Clause: Evasion abilities are banned\n|rule|Evasion Items Clause: Evasion items are banned\n|rule|Evasion Moves Clause: Evasion moves are banned\n|rule|Species Clause: Limit one of each Pok\u00e9mon\n|rule|Sleep Clause Mod: Limit one foe put to sleep\n|clearpoke\n|poke|p1|Delphox, F|\n|poke|p1|Ninjask, F|\n|poke|p1|Qwilfish-Hisui, F|\n|poke|p1|Wishiwashi, M|\n|poke|p1|Decidueye, M|\n|poke|p1|Bellibolt, M|\n|poke|p2|Ribombee, F|\n|poke|p2|Porygon2|\n|poke|p2|Bronzong|\n|poke|p2|Hitmonlee, M|\n|poke|p2|Toedscruel, F|\n|poke|p2|Rotom-Fan|\n|teampreview\n|\n|t:|1700164272\n|start\n|switch|p1a: john pm7|Bellibolt, M|100\/100\n|switch|p2a: Bronzong|Bronzong|100\/100\n|turn|1\n|\n|t:|1700164283\n|move|p1a: john pm7|Light Screen|p1a: john pm7\n|-sidestart|p1: bwill243|move: Light Screen\n|move|p2a: Bronzong|Stealth Rock|p1a: john pm7\n|-sidestart|p1: bwill243|move: Stealth Rock\n|\n|upkeep\n|turn|2\n|\n|t:|1700164287\n|move|p1a: john pm7|Volt Switch|p2a: Bronzong\n|-damage|p2a: Bronzong|83\/100\n|\n|t:|1700164291\n|switch|p1a: Hood Classic|Decidueye, M|100\/100|[from] Volt Switch\n|-damage|p1a: Hood Classic|88\/100|[from] Stealth Rock\n|move|p2a: Bronzong|Sunny Day|p2a: Bronzong\n|-weather|SunnyDay\n|\n|-weather|SunnyDay|[upkeep]\n|upkeep\n|turn|3\n|\n|t:|1700164301\n|move|p1a: Hood Classic|Defog|p2a: Bronzong\n|-unboost|p2a: Bronzong|evasion|1\n|-sideend|p1: bwill243|Stealth Rock|[from] move: Defog|[of] p1a: Hood Classic\n|move|p2a: Bronzong|Light Screen|p2a: Bronzong\n|-sidestart|p2: StormWitch|move: Light Screen\n|\n|-weather|SunnyDay|[upkeep]\n|upkeep\n|turn|4\n|\n|t:|1700164317\n|switch|p1a: Miss Spelling|Delphox, F|100\/100\n|move|p2a: Bronzong|Stealth Rock|p1a: Miss Spelling\n|-sidestart|p1: bwill243|move: Stealth Rock\n|\n|-weather|SunnyDay|[upkeep]\n|upkeep\n|turn|5\n|\n|t:|1700164323\n|move|p1a: Miss Spelling|Substitute|p1a: Miss Spelling\n|-start|p1a: Miss Spelling|Substitute\n|-damage|p1a: Miss Spelling|76\/100\n|move|p2a: Bronzong|Explosion|p1a: Miss Spelling\n|-end|p1a: Miss Spelling|Substitute\n|faint|p2a: Bronzong\n|\n|-weather|SunnyDay|[upkeep]\n|upkeep\n|\n|t:|1700164326\n|switch|p2a: Toedscruel|Toedscruel, F|100\/100\n|turn|6\n|\n|t:|1700164344\n|move|p1a: Miss Spelling|Substitute|p1a: Miss Spelling\n|-start|p1a: Miss Spelling|Substitute\n|-damage|p1a: Miss Spelling|51\/100\n|move|p2a: Toedscruel|Earth Power|p1a: Miss Spelling\n|-supereffective|p1a: Miss Spelling\n|-end|p1a: Miss Spelling|Substitute\n|\n|-weather|none\n|upkeep\n|turn|7\n|\n|t:|1700164359\n|switch|p1a: Hood Classic|Decidueye, M|88\/100\n|-damage|p1a: Hood Classic|76\/100|[from] Stealth Rock\n|move|p2a: Toedscruel|Earth Power|p1a: Hood Classic\n|-resisted|p1a: Hood Classic\n|-damage|p1a: Hood Classic|68\/100\n|\n|upkeep\n|turn|8\n|\n|t:|1700164373\n|move|p1a: Hood Classic|Defog|p2a: Toedscruel\n|-unboost|p2a: Toedscruel|evasion|1\n|-sideend|p2: StormWitch|move: Light Screen\n|-sideend|p1: bwill243|Stealth Rock|[from] move: Defog|[of] p1a: Hood Classic\n|move|p2a: Toedscruel|Growth|p2a: Toedscruel\n|-boost|p2a: Toedscruel|atk|1\n|-boost|p2a: Toedscruel|spa|1\n|\n|-sideend|p1: bwill243|move: Light Screen\n|upkeep\n|turn|9\n|\n|t:|1700164383\n|move|p2a: Toedscruel|Hex|p1a: Hood Classic\n|-supereffective|p1a: Hood Classic\n|-damage|p1a: Hood Classic|23\/100\n|move|p1a: Hood Classic|Roost|p1a: Hood Classic\n|-heal|p1a: Hood Classic|73\/100\n|-singleturn|p1a: Hood Classic|move: Roost\n|\n|upkeep\n|turn|10\n|\n|t:|1700164404\n|switch|p1a: WE ARE LEGION|Wishiwashi, M|100\/100\n|-formechange|p1a: WE ARE LEGION|Wishiwashi-School||[from] ability: Schooling\n|move|p2a: Toedscruel|Hex|p1a: WE ARE LEGION\n|-damage|p1a: WE ARE LEGION|86\/100\n|\n|upkeep\n|turn|11\n|\n|t:|1700164417\n|move|p2a: Toedscruel|Earth Power|p1a: WE ARE LEGION\n|-damage|p1a: WE ARE LEGION|57\/100\n|move|p1a: WE ARE LEGION|U-turn|p2a: Toedscruel\n|-supereffective|p2a: Toedscruel\n|-damage|p2a: Toedscruel|18\/100\n|\n|t:|1700164426\n|switch|p1a: GAS GAS GAS|Ninjask, F|100\/100|[from] U-turn\n|\n|upkeep\n|turn|12\n|\n|t:|1700164432\n|switch|p2a: Rotom|Rotom-Fan|100\/100\n|move|p1a: GAS GAS GAS|U-turn|p2a: Rotom\n|-resisted|p2a: Rotom\n|-damage|p2a: Rotom|88\/100\n|\n|t:|1700164447\n|switch|p1a: john pm7|Bellibolt, M|100\/100|[from] U-turn\n|\n|upkeep\n|turn|13\n|\n|t:|1700164454\n|move|p2a: Rotom|Toxic|p1a: john pm7\n|-status|p1a: john pm7|tox\n|move|p1a: john pm7|Light Screen|p1a: john pm7\n|-sidestart|p1: bwill243|move: Light Screen\n|\n|-damage|p1a: john pm7|94\/100 tox|[from] psn\n|upkeep\n|turn|14\n|\n|t:|1700164460\n|switch|p2a: Toedscruel|Toedscruel, F|18\/100\n|move|p1a: john pm7|Volt Switch|p2a: Toedscruel\n|-immune|p2a: Toedscruel\n|\n|-damage|p1a: john pm7|82\/100 tox|[from] psn\n|upkeep\n|turn|15\n|\n|t:|1700164469\n|switch|p1a: GAS GAS GAS|Ninjask, F|100\/100\n|move|p2a: Toedscruel|Rapid Spin|p1a: GAS GAS GAS\n|-damage|p1a: GAS GAS GAS|84\/100\n|-boost|p2a: Toedscruel|spe|1\n|\n|upkeep\n|turn|16\n|\n|t:|1700164478\n|move|p2a: Toedscruel|Hex|p1a: GAS GAS GAS\n|-damage|p1a: GAS GAS GAS|68\/100\n|move|p1a: GAS GAS GAS|U-turn|p2a: Toedscruel\n|-supereffective|p2a: Toedscruel\n|-damage|p2a: Toedscruel|0 fnt\n|faint|p2a: Toedscruel\n|\n|t:|1700164491\n|switch|p1a: Hood Classic|Decidueye, M|73\/100|[from] U-turn\n|\n|upkeep\n|\n|t:|1700164502\n|switch|p2a: Rotom|Rotom-Fan|88\/100\n|turn|17\n|\n|t:|1700164506\n|switch|p1a: john pm7|Bellibolt, M|82\/100 tox\n|move|p2a: Rotom|Air Slash|p1a: john pm7\n|-resisted|p1a: john pm7\n|-damage|p1a: john pm7|77\/100 tox\n|-start|p1a: john pm7|Charge|Air Slash|[from] ability: Electromorphosis\n|\n|-damage|p1a: john pm7|71\/100 tox|[from] psn\n|upkeep\n|turn|18\n|\n|t:|1700164516\n|move|p2a: Rotom|Defog|p1a: john pm7\n|-unboost|p1a: john pm7|evasion|1\n|-sideend|p1: bwill243|move: Light Screen\n|move|p1a: john pm7|Volt Switch|p2a: Rotom\n|-damage|p2a: Rotom|37\/100\n|-end|p1a: john pm7|Charge|[silent]\n|\n|t:|1700164523\n|switch|p1a: Miss Spelling|Delphox, F|51\/100|[from] Volt Switch\n|\n|upkeep\n|turn|19\n|\n|t:|1700164530\n|move|p1a: Miss Spelling|Nasty Plot|p1a: Miss Spelling\n|-boost|p1a: Miss Spelling|spa|2\n|move|p2a: Rotom|Volt Switch|p1a: Miss Spelling\n|-damage|p1a: Miss Spelling|22\/100\n|-enditem|p1a: Miss Spelling|Salac Berry|[eat]\n|-boost|p1a: Miss Spelling|spe|1|[from] item: Salac Berry\n|\n|t:|1700164535\n|switch|p2a: Porygon2|Porygon2|100\/100|[from] Volt Switch\n|-ability|p2a: Porygon2|Download|boost\n|-boost|p2a: Porygon2|atk|1\n|\n|upkeep\n|turn|20\n|\n|t:|1700164542\n|move|p1a: Miss Spelling|Fire Blast|p2a: Porygon2\n|-damage|p2a: Porygon2|0 fnt\n|faint|p2a: Porygon2\n|\n|upkeep\n|\n|t:|1700164546\n|switch|p2a: Ribombee|Ribombee, F|100\/100\n|turn|21\n|\n|t:|1700164550\n|move|p1a: Miss Spelling|Psyshock|p2a: Ribombee\n|-damage|p2a: Ribombee|0 fnt\n|faint|p2a: Ribombee\n|\n|upkeep\n|\n|t:|1700164553\n|switch|p2a: Rotom|Rotom-Fan|37\/100\n|turn|22\n|c|\u2606bwill243|gg i think\n|\n|t:|1700164559\n|move|p1a: Miss Spelling|Psyshock|p2a: Rotom\n|-damage|p2a: Rotom|0 fnt\n|faint|p2a: Rotom\n|\n|upkeep\n|-message|StormWitch forfeited.\n|\n|win|bwill243\n","uploadtime":1700164571,"views":33,"p1id":"bwill243","p2id":"stormwitch","formatid":"gen9nationaldex","rating":0,"private":0,"password":""}