{"id":"gen9nationaldex-1992516684","p1":"muwuffin","p2":"LazuIi","format":"[Gen 9] National Dex","log":"|j|\u2606muwuffin\n|j|\u2606LazuIi\n|t:|1700198131\n|gametype|singles\n|player|p1|muwuffin|bellelba|\n|player|p2|LazuIi|karen|\n|teamsize|p1|6\n|teamsize|p2|6\n|gen|9\n|tier|[Gen 9] National Dex\n|rule|HP Percentage Mod: HP is shown in percentages\n|rule|Endless Battle Clause: Forcing endless battles is banned\n|rule|OHKO Clause: OHKO moves are banned\n|rule|Evasion Clause: Evasion abilities, items, and moves are banned\n|rule|Evasion Abilities Clause: Evasion abilities are banned\n|rule|Evasion Items Clause: Evasion items are banned\n|rule|Evasion Moves Clause: Evasion moves are banned\n|rule|Species Clause: Limit one of each Pok\u00e9mon\n|rule|Sleep Clause Mod: Limit one foe put to sleep\n|clearpoke\n|poke|p1|Blacephalon|\n|poke|p1|Skeledirge, F|\n|poke|p1|Ceruledge, F|\n|poke|p1|Chandelure, F|\n|poke|p1|Marowak-Alola, M|\n|poke|p1|Typhlosion-Hisui, M|\n|poke|p2|Aerodactyl, M|\n|poke|p2|Corviknight, M|\n|poke|p2|Pelipper, M|\n|poke|p2|Dragonite, M|\n|poke|p2|Hawlucha, M|\n|poke|p2|Togekiss, M|\n|teampreview\n|j| Myrgetabrakke\n|j| ringuwu\n|\n|t:|1700198155\n|start\n|switch|p1a: Thwack|Marowak-Alola, M|100\/100\n|switch|p2a: Aerodactyl|Aerodactyl, M|100\/100\n|turn|1\n|\n|t:|1700198162\n|move|p2a: Aerodactyl|Stealth Rock|p1a: Thwack\n|-sidestart|p1: muwuffin|move: Stealth Rock\n|move|p1a: Thwack|Stealth Rock|p2a: Aerodactyl\n|-sidestart|p2: LazuIi|move: Stealth Rock\n|\n|upkeep\n|turn|2\n|\n|t:|1700198172\n|move|p2a: Aerodactyl|Stone Edge|p1a: Thwack|[miss]\n|-miss|p2a: Aerodactyl|p1a: Thwack\n|move|p1a: Thwack|Shadow Bone|p2a: Aerodactyl\n|-enditem|p2a: Aerodactyl|Focus Sash\n|-damage|p2a: Aerodactyl|1\/100\n|\n|upkeep\n|turn|3\n|\n|t:|1700198179\n|move|p2a: Aerodactyl|Thief|p1a: Thwack\n|-supereffective|p1a: Thwack\n|-damage|p1a: Thwack|59\/100\n|-enditem|p1a: Thwack|Thick Club|[silent]|[from] move: Thief|[of] p2a: Aerodactyl\n|-item|p2a: Aerodactyl|Thick Club|[from] move: Thief|[of] p1a: Thwack\n|move|p1a: Thwack|Shadow Bone|p2a: Aerodactyl\n|-damage|p2a: Aerodactyl|0 fnt\n|faint|p2a: Aerodactyl\n|\n|upkeep\n|c|\u2606muwuffin|My bone!\n|\n|t:|1700198203\n|switch|p2a: Pelipper|Pelipper, M|100\/100\n|-damage|p2a: Pelipper|76\/100|[from] Stealth Rock\n|-weather|RainDance|[from] ability: Drizzle|[of] p2a: Pelipper\n|turn|4\n|c|\u2606muwuffin|He's stolen my bones!\n|\n|t:|1700198211\n|move|p1a: Thwack|Shadow Bone|p2a: Pelipper\n|-damage|p2a: Pelipper|51\/100\n|move|p2a: Pelipper|Scald|p1a: Thwack\n|-supereffective|p1a: Thwack\n|-damage|p1a: Thwack|0 fnt\n|faint|p1a: Thwack\n|\n|-weather|RainDance|[upkeep]\n|upkeep\n|\n|t:|1700198242\n|switch|p1a: L A M P|Chandelure, F|100\/100\n|turn|5\n|\n|t:|1700198253\n|move|p1a: L A M P|Tera Blast|p2a: Pelipper\n|-damage|p2a: Pelipper|6\/100\n|move|p2a: Pelipper|Scald|p1a: L A M P\n|-supereffective|p1a: L A M P\n|-damage|p1a: L A M P|0 fnt\n|faint|p1a: L A M P\n|\n|-weather|RainDance|[upkeep]\n|upkeep\n|\n|t:|1700198276\n|switch|p1a: Ariana|Skeledirge, F|100\/100\n|turn|6\n|\n|t:|1700198281\n|move|p1a: Ariana|Torch Song|p2a: Pelipper\n|-resisted|p2a: Pelipper\n|-damage|p2a: Pelipper|0 fnt\n|-boost|p1a: Ariana|spa|1\n|faint|p2a: Pelipper\n|\n|-weather|RainDance|[upkeep]\n|upkeep\n|\n|t:|1700198307\n|switch|p2a: Dragonite|Dragonite, M|100\/100\n|turn|7\n|\n|t:|1700198327\n|move|p2a: Dragonite|Earthquake|p1a: Ariana\n|-supereffective|p1a: Ariana\n|-damage|p1a: Ariana|22\/100\n|move|p1a: Ariana|Torch Song|p2a: Dragonite\n|-resisted|p2a: Dragonite\n|-damage|p2a: Dragonite|93\/100\n|-boost|p1a: Ariana|spa|1\n|\n|-weather|RainDance|[upkeep]\n|upkeep\n|turn|8\n|\n|t:|1700198340\n|move|p2a: Dragonite|Earthquake|p1a: Ariana\n|-supereffective|p1a: Ariana\n|-damage|p1a: Ariana|0 fnt\n|faint|p1a: Ariana\n|\n|-weather|RainDance|[upkeep]\n|upkeep\n|\n|t:|1700198356\n|switch|p1a: Radical Dude|Typhlosion-Hisui, M|100\/100\n|-damage|p1a: Radical Dude|75\/100|[from] Stealth Rock\n|turn|9\n|\n|t:|1700198367\n|move|p1a: Radical Dude|Infernal Parade|p2a: Dragonite\n|-damage|p2a: Dragonite|57\/100\n|-status|p2a: Dragonite|brn\n|move|p2a: Dragonite|Earthquake|p1a: Radical Dude\n|-supereffective|p1a: Radical Dude\n|-damage|p1a: Radical Dude|14\/100\n|\n|-weather|RainDance|[upkeep]\n|-damage|p2a: Dragonite|51\/100 brn|[from] brn\n|upkeep\n|turn|10\n|\n|t:|1700198377\n|move|p1a: Radical Dude|Infernal Parade|p2a: Dragonite\n|-damage|p2a: Dragonite|0 fnt\n|faint|p2a: Dragonite\n|\n|-weather|RainDance|[upkeep]\n|upkeep\n|\n|t:|1700198386\n|switch|p2a: Togekiss|Togekiss, M|100\/100\n|turn|11\n|\n|t:|1700198392\n|move|p1a: Radical Dude|Infernal Parade|p2a: Togekiss\n|-damage|p2a: Togekiss|76\/100\n|-status|p2a: Togekiss|brn\n|move|p2a: Togekiss|Air Slash|p1a: Radical Dude\n|-damage|p1a: Radical Dude|0 fnt\n|faint|p1a: Radical Dude\n|\n|-weather|none\n|-damage|p2a: Togekiss|69\/100 brn|[from] brn\n|upkeep\n|\n|t:|1700198401\n|switch|p1a: Disco Clown|Blacephalon, shiny|100\/100\n|-damage|p1a: Disco Clown|75\/100|[from] Stealth Rock\n|turn|12\n|\n|t:|1700198406\n|move|p1a: Disco Clown|Mind Blown|p2a: Togekiss\n|-damage|p2a: Togekiss|0 fnt\n|-damage|p1a: Disco Clown|25\/100|[from] mindblown\n|faint|p2a: Togekiss\n|-ability|p1a: Disco Clown|Beast Boost|boost\n|-boost|p1a: Disco Clown|spa|1\n|\n|-heal|p1a: Disco Clown|32\/100|[from] item: Leftovers\n|upkeep\n|\n|t:|1700198422\n|switch|p2a: Hawlucha|Hawlucha, M|100\/100\n|-damage|p2a: Hawlucha|88\/100|[from] Stealth Rock\n|turn|13\n|\n|t:|1700198429\n|move|p2a: Hawlucha|Encore|p1a: Disco Clown\n|-start|p1a: Disco Clown|Encore\n|move|p1a: Disco Clown|Mind Blown|p2a: Hawlucha\n|-crit|p2a: Hawlucha\n|-damage|p2a: Hawlucha|0 fnt\n|-damage|p1a: Disco Clown|0 fnt|[from] mindblown\n|faint|p1a: Disco Clown\n|faint|p2a: Hawlucha\n|\n|upkeep\n|\n|t:|1700198437\n|switch|p2a: Corviknight|Corviknight, M|100\/100\n|switch|p1a: Goth GF|Ceruledge, F|100\/100\n|-damage|p2a: Corviknight|88\/100|[from] Stealth Rock\n|-ability|p2a: Corviknight|Pressure\n|turn|14\n|\n|t:|1700198450\n|-terastallize|p2a: Corviknight|Dragon\n|move|p1a: Goth GF|Swords Dance|p1a: Goth GF\n|-boost|p1a: Goth GF|atk|2\n|move|p2a: Corviknight|Iron Defense|p2a: Corviknight\n|-boost|p2a: Corviknight|def|2\n|\n|-heal|p2a: Corviknight|94\/100|[from] item: Leftovers\n|upkeep\n|turn|15\n|\n|t:|1700198458\n|move|p1a: Goth GF|Swords Dance|p1a: Goth GF\n|-boost|p1a: Goth GF|atk|2\n|move|p2a: Corviknight|Iron Defense|p2a: Corviknight\n|-boost|p2a: Corviknight|def|2\n|\n|-heal|p2a: Corviknight|99\/100|[from] item: Leftovers\n|upkeep\n|turn|16\n|\n|t:|1700198465\n|move|p1a: Goth GF|Swords Dance|p1a: Goth GF\n|-boost|p1a: Goth GF|atk|2\n|move|p2a: Corviknight|Iron Defense|p2a: Corviknight\n|-boost|p2a: Corviknight|def|2\n|\n|-heal|p2a: Corviknight|100\/100|[from] item: Leftovers\n|upkeep\n|turn|17\n|\n|t:|1700198472\n|move|p1a: Goth GF|Bitter Blade|p2a: Corviknight\n|-resisted|p2a: Corviknight\n|-damage|p2a: Corviknight|86\/100\n|move|p2a: Corviknight|Iron Defense|p2a: Corviknight\n|-boost|p2a: Corviknight|def|0\n|\n|-heal|p2a: Corviknight|92\/100|[from] item: Leftovers\n|upkeep\n|turn|18\n|\n|t:|1700198483\n|move|p1a: Goth GF|Bitter Blade|p2a: Corviknight\n|-resisted|p2a: Corviknight\n|-damage|p2a: Corviknight|77\/100\n|move|p2a: Corviknight|Body Press|p1a: Goth GF\n|-immune|p1a: Goth GF\n|\n|-heal|p2a: Corviknight|83\/100|[from] item: Leftovers\n|upkeep\n|turn|19\n|\n|t:|1700198491\n|move|p1a: Goth GF|Close Combat|p2a: Corviknight\n|-damage|p2a: Corviknight|57\/100\n|-unboost|p1a: Goth GF|def|1\n|-unboost|p1a: Goth GF|spd|1\n|move|p2a: Corviknight|U-turn|p1a: Goth GF\n|-resisted|p1a: Goth GF\n|-damage|p1a: Goth GF|93\/100\n|-ability|p1a: Goth GF|Weak Armor|boost\n|-unboost|p1a: Goth GF|def|1\n|-boost|p1a: Goth GF|spe|2\n|\n|-heal|p2a: Corviknight|63\/100|[from] item: Leftovers\n|upkeep\n|turn|20\n|\n|t:|1700198504\n|move|p1a: Goth GF|Bitter Blade|p2a: Corviknight\n|-resisted|p2a: Corviknight\n|-damage|p2a: Corviknight|47\/100\n|-heal|p1a: Goth GF|100\/100|[from] drain|[of] p2a: Corviknight\n|move|p2a: Corviknight|Roost|p2a: Corviknight\n|-heal|p2a: Corviknight|97\/100\n|\n|-heal|p2a: Corviknight|100\/100|[from] item: Leftovers\n|upkeep\n|turn|21\n|\n|t:|1700198513\n|move|p1a: Goth GF|Close Combat|p2a: Corviknight\n|-damage|p2a: Corviknight|72\/100\n|-unboost|p1a: Goth GF|def|1\n|-unboost|p1a: Goth GF|spd|1\n|move|p2a: Corviknight|U-turn|p1a: Goth GF\n|-resisted|p1a: Goth GF\n|-damage|p1a: Goth GF|88\/100\n|-ability|p1a: Goth GF|Weak Armor|boost\n|-unboost|p1a: Goth GF|def|1\n|-boost|p1a: Goth GF|spe|2\n|\n|-heal|p2a: Corviknight|78\/100|[from] item: Leftovers\n|upkeep\n|turn|22\n|\n|t:|1700198525\n|move|p1a: Goth GF|Poison Jab|p2a: Corviknight\n|-damage|p2a: Corviknight|60\/100\n|move|p2a: Corviknight|U-turn|p1a: Goth GF\n|-resisted|p1a: Goth GF\n|-damage|p1a: Goth GF|74\/100\n|-ability|p1a: Goth GF|Weak Armor|boost\n|-unboost|p1a: Goth GF|def|1\n|-boost|p1a: Goth GF|spe|2\n|\n|-heal|p2a: Corviknight|66\/100|[from] item: Leftovers\n|upkeep\n|turn|23\n|\n|t:|1700198539\n|move|p1a: Goth GF|Close Combat|p2a: Corviknight\n|-damage|p2a: Corviknight|42\/100\n|-unboost|p1a: Goth GF|def|1\n|-unboost|p1a: Goth GF|spd|1\n|move|p2a: Corviknight|Roost|p2a: Corviknight\n|-heal|p2a: Corviknight|92\/100\n|\n|-heal|p2a: Corviknight|98\/100|[from] item: Leftovers\n|upkeep\n|turn|24\n|\n|t:|1700198548\n|move|p1a: Goth GF|Poison Jab|p2a: Corviknight\n|-damage|p2a: Corviknight|79\/100\n|move|p2a: Corviknight|U-turn|p1a: Goth GF\n|-resisted|p1a: Goth GF\n|-damage|p1a: Goth GF|56\/100\n|\n|-heal|p2a: Corviknight|85\/100|[from] item: Leftovers\n|upkeep\n|turn|25\n|\n|t:|1700198556\n|move|p1a: Goth GF|Bitter Blade|p2a: Corviknight\n|-resisted|p2a: Corviknight\n|-damage|p2a: Corviknight|71\/100\n|-heal|p1a: Goth GF|66\/100|[from] drain|[of] p2a: Corviknight\n|move|p2a: Corviknight|U-turn|p1a: Goth GF\n|-resisted|p1a: Goth GF\n|-damage|p1a: Goth GF|45\/100\n|\n|-heal|p2a: Corviknight|77\/100|[from] item: Leftovers\n|upkeep\n|turn|26\n|\n|t:|1700198566\n|-terastallize|p1a: Goth GF|Fire\n|move|p1a: Goth GF|Bitter Blade|p2a: Corviknight\n|-resisted|p2a: Corviknight\n|-damage|p2a: Corviknight|57\/100\n|-heal|p1a: Goth GF|59\/100|[from] drain|[of] p2a: Corviknight\n|move|p2a: Corviknight|U-turn|p1a: Goth GF\n|-resisted|p1a: Goth GF\n|-damage|p1a: Goth GF|17\/100\n|\n|-heal|p2a: Corviknight|63\/100|[from] item: Leftovers\n|upkeep\n|turn|27\n|\n|t:|1700198576\n|move|p1a: Goth GF|Bitter Blade|p2a: Corviknight\n|-resisted|p2a: Corviknight\n|-damage|p2a: Corviknight|43\/100\n|-heal|p1a: Goth GF|31\/100|[from] drain|[of] p2a: Corviknight\n|move|p2a: Corviknight|Body Press|p1a: Goth GF\n|-damage|p1a: Goth GF|0 fnt\n|faint|p1a: Goth GF\n|\n|win|LazuIi\n|c|\u2606muwuffin|I've been boned!\n","uploadtime":1700198591,"views":8,"p1id":"muwuffin","p2id":"lazuii","formatid":"gen9nationaldex","rating":0,"private":0,"password":""}