{"id":"gen9nationaldex-1996227031","p1":"elvisma","p2":"TheSunKing1","format":"[Gen 9] National Dex","log":"|html|<div class=\"broadcast-blue\"><strong>[Gen 9] National Dex is currently suspecting Sneasler! For information on how to participate check out the <a href=\"https:\/\/www.smogon.com\/forums\/threads\/sv-national-dex-suspect-8-just-dance.3731534\/\">suspect thread<\/a>.<\/strong><\/div>\n|j|\u2606elvisma\n|j|\u2606TheSunKing1\n|t:|1700661484\n|gametype|singles\n|player|p1|elvisma|red-masters|1748\n|player|p2|TheSunKing1|morty-masters2|1719\n|teamsize|p1|6\n|teamsize|p2|6\n|gen|9\n|tier|[Gen 9] National Dex\n|rated|\n|rule|HP Percentage Mod: HP is shown in percentages\n|rule|Endless Battle Clause: Forcing endless battles is banned\n|rule|OHKO Clause: OHKO moves are banned\n|rule|Evasion Clause: Evasion abilities, items, and moves are banned\n|rule|Evasion Abilities Clause: Evasion abilities are banned\n|rule|Evasion Items Clause: Evasion items are banned\n|rule|Evasion Moves Clause: Evasion moves are banned\n|rule|Species Clause: Limit one of each Pok\u00e9mon\n|rule|Sleep Clause Mod: Limit one foe put to sleep\n|clearpoke\n|poke|p1|Azelf|\n|poke|p1|Charizard, M|\n|poke|p1|Ribombee, F|\n|poke|p1|Great Tusk|\n|poke|p1|Ogerpon-Wellspring, F|\n|poke|p1|Victini|\n|poke|p2|Torkoal, F|\n|poke|p2|Leafeon, F|\n|poke|p2|Landorus-Therian, M|\n|poke|p2|Heatran, M|\n|poke|p2|Scizor, M|\n|poke|p2|Houndoom, F|\n|teampreview\n|\n|t:|1700661511\n|start\n|switch|p1a: SPIN TO WIN|Great Tusk|100\/100\n|switch|p2a: Torkoal|Torkoal, F|100\/100\n|-weather|SunnyDay|[from] ability: Drought|[of] p2a: Torkoal\n|-activate|p1a: SPIN TO WIN|ability: Protosynthesis\n|-start|p1a: SPIN TO WIN|protosynthesisatk\n|turn|1\n|c|\u2606elvisma|???\n|\n|t:|1700661573\n|switch|p2a: Landorus|Landorus-Therian, M|100\/100\n|-ability|p2a: Landorus|Intimidate|boost\n|-unboost|p1a: SPIN TO WIN|atk|1\n|move|p1a: SPIN TO WIN|Rapid Spin|p2a: Landorus\n|-damage|p2a: Landorus|86\/100\n|-boost|p1a: SPIN TO WIN|spe|1\n|-enditem|p2a: Landorus|Eject Button\n|c|\u2606elvisma|oh there we go\n|\n|t:|1700661590\n|switch|p2a: Leafeon|Leafeon, F|100\/100\n|\n|-weather|SunnyDay|[upkeep]\n|upkeep\n|turn|2\n|\n|t:|1700661600\n|move|p2a: Leafeon|Solar Blade||[still]\n|-prepare|p2a: Leafeon|Solar Blade\n|-anim|p2a: Leafeon|Solar Blade|p1a: SPIN TO WIN\n|-supereffective|p1a: SPIN TO WIN\n|-damage|p1a: SPIN TO WIN|0 fnt\n|faint|p1a: SPIN TO WIN\n|-end|p1a: SPIN TO WIN|Protosynthesis|[silent]\n|-damage|p2a: Leafeon|91\/100|[from] item: Life Orb\n|\n|-weather|SunnyDay|[upkeep]\n|upkeep\n|\n|t:|1700661603\n|switch|p1a: ZA BEE|Ribombee, F|100\/100\n|turn|3\n|\n|t:|1700661636\n|switch|p2a: Torkoal|Torkoal, F|100\/100\n|move|p1a: ZA BEE|Bug Buzz|p2a: Torkoal\n|-resisted|p2a: Torkoal\n|-damage|p2a: Torkoal|78\/100\n|\n|-weather|SunnyDay|[upkeep]\n|upkeep\n|turn|4\n|\n|t:|1700661645\n|move|p1a: ZA BEE|Sticky Web|p2a: Torkoal\n|-sidestart|p2: TheSunKing1|move: Sticky Web\n|move|p2a: Torkoal|Rapid Spin|p1a: ZA BEE\n|-damage|p1a: ZA BEE|83\/100\n|-boost|p2a: Torkoal|spe|1\n|-sideend|p2: TheSunKing1|Sticky Web|[from] move: Rapid Spin|[of] p2a: Torkoal\n|\n|-weather|SunnyDay|[upkeep]\n|upkeep\n|turn|5\n|\n|t:|1700661652\n|move|p1a: ZA BEE|Sticky Web|p2a: Torkoal\n|-sidestart|p2: TheSunKing1|move: Sticky Web\n|move|p2a: Torkoal|Toxic|p1a: ZA BEE\n|-status|p1a: ZA BEE|tox\n|\n|-weather|SunnyDay|[upkeep]\n|-damage|p1a: ZA BEE|77\/100 tox|[from] psn\n|upkeep\n|turn|6\n|\n|t:|1700661657\n|switch|p1a: touchgrassdrinkH2O|Ogerpon-Wellspring, F|100\/100\n|move|p2a: Torkoal|Rapid Spin|p1a: touchgrassdrinkH2O\n|-damage|p1a: touchgrassdrinkH2O|88\/100\n|-boost|p2a: Torkoal|spe|1\n|-sideend|p2: TheSunKing1|Sticky Web|[from] move: Rapid Spin|[of] p2a: Torkoal\n|\n|-weather|SunnyDay|[upkeep]\n|upkeep\n|turn|7\n|\n|t:|1700661681\n|switch|p2a: Scizor|Scizor, M|100\/100\n|move|p1a: touchgrassdrinkH2O|Swords Dance|p1a: touchgrassdrinkH2O\n|-boost|p1a: touchgrassdrinkH2O|atk|2\n|\n|-weather|SunnyDay|[upkeep]\n|upkeep\n|turn|8\n|\n|t:|1700661697\n|-terastallize|p1a: touchgrassdrinkH2O|Water\n|detailschange|p1a: touchgrassdrinkH2O|Ogerpon-Wellspring-Tera, F, tera:Water\n|-ability|p1a: touchgrassdrinkH2O|Embody Aspect (Wellspring)|boost\n|-boost|p1a: touchgrassdrinkH2O|spd|1\n|move|p1a: touchgrassdrinkH2O|Ivy Cudgel|p2a: Scizor|[anim] Ivy Cudgel Water\n|-damage|p2a: Scizor|32\/100\n|move|p2a: Scizor|U-turn|p1a: touchgrassdrinkH2O\n|-damage|p1a: touchgrassdrinkH2O|47\/100\n|\n|t:|1700661709\n|switch|p2a: Landorus|Landorus-Therian, M|86\/100|[from] U-turn\n|-ability|p2a: Landorus|Intimidate|boost\n|-unboost|p1a: touchgrassdrinkH2O|atk|1\n|\n|-weather|none\n|upkeep\n|turn|9\n|\n|t:|1700661725\n|switch|p1a: ampheros|Charizard, M|100\/100\n|switch|p2a: Torkoal|Torkoal, F|78\/100\n|-weather|SunnyDay|[from] ability: Drought|[of] p2a: Torkoal\n|\n|-weather|SunnyDay|[upkeep]\n|upkeep\n|turn|10\n|\n|t:|1700661756\n|move|p1a: ampheros|Dragon Dance|p1a: ampheros\n|-boost|p1a: ampheros|atk|1\n|-boost|p1a: ampheros|spe|1\n|move|p2a: Torkoal|Toxic|p1a: ampheros\n|-status|p1a: ampheros|tox\n|\n|-weather|SunnyDay|[upkeep]\n|-damage|p1a: ampheros|94\/100 tox|[from] psn\n|upkeep\n|turn|11\n|\n|t:|1700661774\n|detailschange|p1a: ampheros|Charizard-Mega-X, M\n|-mega|p1a: ampheros|Charizard|Charizardite X\n|move|p1a: ampheros|Dragon Claw|p2a: Torkoal\n|-damage|p2a: Torkoal|25\/100\n|move|p2a: Torkoal|Body Press|p1a: ampheros\n|-damage|p1a: ampheros|67\/100 tox\n|\n|-weather|SunnyDay|[upkeep]\n|-damage|p1a: ampheros|55\/100 tox|[from] psn\n|upkeep\n|turn|12\n|\n|t:|1700661787\n|switch|p2a: Landorus|Landorus-Therian, M|86\/100\n|-ability|p2a: Landorus|Intimidate|boost\n|-unboost|p1a: ampheros|atk|1\n|move|p1a: ampheros|Earthquake|p2a: Landorus\n|-immune|p2a: Landorus\n|\n|-weather|SunnyDay|[upkeep]\n|-damage|p1a: ampheros|37\/100 tox|[from] psn\n|upkeep\n|turn|13\n|\n|t:|1700661803\n|move|p1a: ampheros|Fire Punch|p2a: Landorus\n|-damage|p2a: Landorus|13\/100\n|move|p2a: Landorus|Earth Power|p1a: ampheros\n|-supereffective|p1a: ampheros\n|-crit|p1a: ampheros\n|-damage|p1a: ampheros|0 fnt\n|faint|p1a: ampheros\n|\n|-weather|SunnyDay|[upkeep]\n|upkeep\n|\n|t:|1700661809\n|switch|p1a: ZA BEE|Ribombee, F|77\/100 tox\n|turn|14\n|\n|t:|1700661815\n|move|p1a: ZA BEE|Sticky Web|p2a: Landorus\n|-sidestart|p2: TheSunKing1|move: Sticky Web\n|move|p2a: Landorus|Defog|p1a: ZA BEE\n|-unboost|p1a: ZA BEE|evasion|1\n|-sideend|p2: TheSunKing1|Sticky Web|[from] move: Defog|[of] p2a: Landorus\n|\n|-weather|SunnyDay|[upkeep]\n|-damage|p1a: ZA BEE|71\/100 tox|[from] psn\n|upkeep\n|turn|15\n|\n|t:|1700661819\n|move|p1a: ZA BEE|Sticky Web|p2a: Landorus\n|-sidestart|p2: TheSunKing1|move: Sticky Web\n|move|p2a: Landorus|Defog|p1a: ZA BEE\n|-unboost|p1a: ZA BEE|evasion|1\n|-sideend|p2: TheSunKing1|Sticky Web|[from] move: Defog|[of] p2a: Landorus\n|\n|-weather|SunnyDay|[upkeep]\n|-damage|p1a: ZA BEE|59\/100 tox|[from] psn\n|upkeep\n|turn|16\n|\n|t:|1700661821\n|move|p1a: ZA BEE|Moonblast|p2a: Landorus\n|-damage|p2a: Landorus|0 fnt\n|faint|p2a: Landorus\n|\n|-weather|none\n|-damage|p1a: ZA BEE|40\/100 tox|[from] psn\n|upkeep\n|\n|t:|1700661825\n|switch|p2a: Scizor|Scizor, M|32\/100\n|turn|17\n|\n|t:|1700661830\n|switch|p1a: V create spam|Victini|100\/100\n|move|p2a: Scizor|Bullet Punch|p1a: V create spam\n|-resisted|p1a: V create spam\n|-damage|p1a: V create spam|86\/100\n|\n|upkeep\n|turn|18\n|c|\u2606elvisma|scizor on a sun team is insane\n|c|\u2606TheSunKing1|Ye but it checks a lot of things that sun hates\n|\n|t:|1700661887\n|switch|p1a: touchgrassdrinkH2O|Ogerpon-Wellspring-Tera, F, tera:Water|47\/100\n|-ability|p1a: touchgrassdrinkH2O|Embody Aspect (Wellspring)|boost\n|-boost|p1a: touchgrassdrinkH2O|spd|1\n|switch|p2a: Heatran|Heatran, M|100\/100\n|-item|p2a: Heatran|Air Balloon\n|\n|upkeep\n|turn|19\n|\n|t:|1700661899\n|switch|p1a: ZA BEE|Ribombee, F|40\/100 tox\n|switch|p2a: Torkoal|Torkoal, F|25\/100\n|-weather|SunnyDay|[from] ability: Drought|[of] p2a: Torkoal\n|\n|-weather|SunnyDay|[upkeep]\n|-damage|p1a: ZA BEE|34\/100 tox|[from] psn\n|upkeep\n|turn|20\n|\n|t:|1700661907\n|move|p1a: ZA BEE|Moonblast|p2a: Torkoal\n|-resisted|p2a: Torkoal\n|-damage|p2a: Torkoal|5\/100\n|move|p2a: Torkoal|Rapid Spin|p1a: ZA BEE\n|-damage|p1a: ZA BEE|18\/100 tox\n|-boost|p2a: Torkoal|spe|1\n|\n|-weather|SunnyDay|[upkeep]\n|-damage|p1a: ZA BEE|5\/100 tox|[from] psn\n|upkeep\n|turn|21\n|\n|t:|1700661925\n|switch|p1a: V create spam|Victini|86\/100\n|move|p2a: Torkoal|Rapid Spin|p1a: V create spam\n|-damage|p1a: V create spam|76\/100\n|-boost|p2a: Torkoal|spe|1\n|\n|-weather|SunnyDay|[upkeep]\n|upkeep\n|turn|22\n|\n|t:|1700661943\n|switch|p1a: pls dont u-turn|Azelf|100\/100\n|switch|p2a: Heatran|Heatran, M|100\/100\n|-item|p2a: Heatran|Air Balloon\n|\n|-weather|SunnyDay|[upkeep]\n|upkeep\n|turn|23\n|\n|t:|1700661966\n|move|p1a: pls dont u-turn|Mystical Power|p2a: Heatran\n|-resisted|p2a: Heatran\n|-damage|p2a: Heatran|84\/100\n|-boost|p1a: pls dont u-turn|spa|1\n|-enditem|p2a: Heatran|Air Balloon\n|move|p2a: Heatran|Stealth Rock|p1a: pls dont u-turn\n|-sidestart|p1: elvisma|move: Stealth Rock\n|\n|-weather|SunnyDay|[upkeep]\n|upkeep\n|turn|24\n|\n|t:|1700661985\n|move|p1a: pls dont u-turn|Thunderbolt|p2a: Heatran\n|-damage|p2a: Heatran|42\/100\n|move|p2a: Heatran|Toxic|p1a: pls dont u-turn|[miss]\n|-miss|p2a: Heatran|p1a: pls dont u-turn\n|\n|-weather|SunnyDay|[upkeep]\n|upkeep\n|turn|25\n|j| kingambit player\n|c|\u2606elvisma|im not risking the 10% miss\n|\n|t:|1700662004\n|move|p1a: pls dont u-turn|Thunderbolt|p2a: Heatran\n|-damage|p2a: Heatran|0 fnt\n|faint|p2a: Heatran\n|\n|-weather|SunnyDay|[upkeep]\n|upkeep\n|\n|t:|1700662016\n|switch|p2a: Scizor|Scizor, M|32\/100\n|turn|26\n|\n|t:|1700662022\n|move|p2a: Scizor|Bullet Punch|p1a: pls dont u-turn\n|-damage|p1a: pls dont u-turn|62\/100\n|move|p1a: pls dont u-turn|Flamethrower|p2a: Scizor\n|-supereffective|p2a: Scizor\n|-damage|p2a: Scizor|0 fnt\n|faint|p2a: Scizor\n|\n|-weather|none\n|upkeep\n|\n|t:|1700662026\n|switch|p2a: Torkoal|Torkoal, F|5\/100\n|-weather|SunnyDay|[from] ability: Drought|[of] p2a: Torkoal\n|turn|27\n|\n|t:|1700662033\n|switch|p1a: ZA BEE|Ribombee, F|5\/100 tox\n|-damage|p1a: ZA BEE|0 fnt|[from] Stealth Rock\n|faint|p1a: ZA BEE\n|move|p2a: Torkoal|Body Press|p1: ZA BEE|[notarget]\n|-fail|p2a: Torkoal\n|\n|-weather|SunnyDay|[upkeep]\n|upkeep\n|\n|t:|1700662041\n|switch|p1a: V create spam|Victini|76\/100\n|-damage|p1a: V create spam|52\/100|[from] Stealth Rock\n|turn|28\n|\n|t:|1700662046\n|-zpower|p1a: V create spam\n|move|p1a: V create spam|Z-Celebrate|p1a: V create spam|[anim]Celebrate\n|-boost|p1a: V create spam|atk|1|[zeffect]\n|-boost|p1a: V create spam|def|1|[zeffect]\n|-boost|p1a: V create spam|spa|1|[zeffect]\n|-boost|p1a: V create spam|spd|1|[zeffect]\n|-boost|p1a: V create spam|spe|1|[zeffect]\n|-activate|p1a: V create spam|move: Celebrate\n|move|p2a: Torkoal|Toxic|p1a: V create spam\n|-status|p1a: V create spam|tox\n|\n|-weather|SunnyDay|[upkeep]\n|-damage|p1a: V create spam|45\/100 tox|[from] psn\n|upkeep\n|turn|29\n|\n|t:|1700662057\n|move|p1a: V create spam|Energy Ball|p2a: Torkoal\n|-resisted|p2a: Torkoal\n|-damage|p2a: Torkoal|0 fnt\n|faint|p2a: Torkoal\n|\n|-weather|SunnyDay|[upkeep]\n|-damage|p1a: V create spam|33\/100 tox|[from] psn\n|upkeep\n|\n|t:|1700662071\n|switch|p2a: Houndoom|Houndoom, F|100\/100\n|turn|30\n|\n|t:|1700662076\n|detailschange|p2a: Houndoom|Houndoom-Mega, F\n|-mega|p2a: Houndoom|Houndoom|Houndoominite\n|move|p1a: V create spam|Searing Shot|p2a: Houndoom\n|-resisted|p2a: Houndoom\n|-damage|p2a: Houndoom|38\/100\n|move|p2a: Houndoom|Dark Pulse|p1a: V create spam\n|-supereffective|p1a: V create spam\n|-damage|p1a: V create spam|0 fnt\n|faint|p1a: V create spam\n|\n|-weather|SunnyDay|[upkeep]\n|-damage|p2a: Houndoom|25\/100|[from] ability: Solar Power|[of] p2a: Houndoom\n|upkeep\n|c|\u2606elvisma|ight time to speed tie\n|\n|t:|1700662089\n|switch|p1a: pls dont u-turn|Azelf|62\/100\n|-damage|p1a: pls dont u-turn|50\/100|[from] Stealth Rock\n|turn|31\n|\n|t:|1700662096\n|move|p2a: Houndoom|Dark Pulse|p1a: pls dont u-turn\n|-supereffective|p1a: pls dont u-turn\n|-damage|p1a: pls dont u-turn|0 fnt\n|faint|p1a: pls dont u-turn\n|\n|-weather|SunnyDay|[upkeep]\n|-damage|p2a: Houndoom|13\/100|[from] ability: Solar Power|[of] p2a: Houndoom\n|upkeep\n|c|\u2606TheSunKing1|Ye lol\n|c|\u2606elvisma|dam\n|\n|t:|1700662108\n|switch|p1a: touchgrassdrinkH2O|Ogerpon-Wellspring-Tera, F, tera:Water|47\/100\n|-damage|p1a: touchgrassdrinkH2O|34\/100|[from] Stealth Rock\n|-ability|p1a: touchgrassdrinkH2O|Embody Aspect (Wellspring)|boost\n|-boost|p1a: touchgrassdrinkH2O|spd|1\n|turn|32\n|c|\u2606elvisma|gg\n|l| kingambit player\n|c|\u2606TheSunKing1|gg\n|-message|elvisma forfeited.\n|\n|win|TheSunKing1\n|raw|elvisma's rating: 1748 &rarr; <strong>1726<\/strong><br \/>(-22 for losing)\n|raw|TheSunKing1's rating: 1719 &rarr; <strong>1741<\/strong><br \/>(+22 for winning)\n|l|\u2606elvisma\n","uploadtime":1700662801,"views":0,"p1id":"elvisma","p2id":"thesunking1","formatid":"gen9nationaldex","rating":1726,"private":0,"password":""}