{"id":"gen9nationaldex-1993594066","p1":"Abyssal Werks","p2":"runeatest","format":"[Gen 9] National Dex","log":"|j|\u2606Abyssal Werks\n|j|\u2606runeatest\n|t:|1700335468\n|gametype|singles\n|player|p1|Abyssal Werks|lance|1150\n|player|p2|runeatest|fisherman-gen4|1172\n|teamsize|p1|6\n|teamsize|p2|6\n|gen|9\n|tier|[Gen 9] National Dex\n|rated|\n|rule|HP Percentage Mod: HP is shown in percentages\n|rule|Endless Battle Clause: Forcing endless battles is banned\n|rule|OHKO Clause: OHKO moves are banned\n|rule|Evasion Clause: Evasion abilities, items, and moves are banned\n|rule|Evasion Abilities Clause: Evasion abilities are banned\n|rule|Evasion Items Clause: Evasion items are banned\n|rule|Evasion Moves Clause: Evasion moves are banned\n|rule|Species Clause: Limit one of each Pok\u00e9mon\n|rule|Sleep Clause Mod: Limit one foe put to sleep\n|clearpoke\n|poke|p1|Mantine, M|\n|poke|p1|Tyranitar, M|\n|poke|p1|Heracross, M|\n|poke|p1|Pichu, M|\n|poke|p1|Typhlosion-Hisui, M|\n|poke|p1|Shuckle, M|\n|poke|p2|Vaporeon, M|\n|poke|p2|Salamence, M|\n|poke|p2|Hitmontop, M|\n|poke|p2|Electivire, M|\n|poke|p2|Togekiss, M|\n|poke|p2|Houndoom, M|\n|teampreview\n|inactive|Battle timer is ON: inactive players will automatically lose when time's up. (requested by runeatest)\n|\n|t:|1700335498\n|start\n|switch|p1a: Ragnarok|Tyranitar, M, shiny|100\/100\n|switch|p2a: Salamence|Salamence, M|100\/100\n|-ability|p2a: Salamence|Intimidate|boost\n|-unboost|p1a: Ragnarok|atk|1\n|-weather|Sandstorm|[from] ability: Sand Stream|[of] p1a: Ragnarok\n|turn|1\n|\n|t:|1700335517\n|move|p2a: Salamence|Hydro Pump|p1a: Ragnarok\n|-supereffective|p1a: Ragnarok\n|-damage|p1a: Ragnarok|39\/100\n|move|p1a: Ragnarok|Stone Edge|p2a: Salamence\n|-supereffective|p2a: Salamence\n|-damage|p2a: Salamence|0 fnt\n|faint|p2a: Salamence\n|\n|-weather|Sandstorm|[upkeep]\n|upkeep\n|\n|t:|1700335525\n|switch|p2a: Vaporeon|Vaporeon, M|100\/100\n|turn|2\n|\n|t:|1700335532\n|switch|p1a: Mobula|Mantine, M, shiny|100\/100\n|move|p2a: Vaporeon|Ice Beam|p1a: Mobula\n|-damage|p1a: Mobula|83\/100\n|\n|-weather|Sandstorm|[upkeep]\n|-damage|p1a: Mobula|77\/100|[from] Sandstorm\n|-damage|p2a: Vaporeon|94\/100|[from] Sandstorm\n|-heal|p1a: Mobula|83\/100|[from] item: Leftovers\n|-heal|p2a: Vaporeon|100\/100|[from] item: Leftovers\n|upkeep\n|turn|3\n|\n|t:|1700335541\n|move|p1a: Mobula|Protect|p1a: Mobula\n|-singleturn|p1a: Mobula|Protect\n|move|p2a: Vaporeon|Hidden Power|p1a: Mobula\n|-activate|p1a: Mobula|move: Protect\n|\n|-weather|Sandstorm|[upkeep]\n|-damage|p1a: Mobula|77\/100|[from] Sandstorm\n|-damage|p2a: Vaporeon|94\/100|[from] Sandstorm\n|-heal|p1a: Mobula|83\/100|[from] item: Leftovers\n|-heal|p2a: Vaporeon|100\/100|[from] item: Leftovers\n|upkeep\n|turn|4\n|\n|t:|1700335555\n|switch|p1a: Ragnarok|Tyranitar, M, shiny|39\/100\n|move|p2a: Vaporeon|Hidden Power|p1a: Ragnarok\n|-damage|p1a: Ragnarok|27\/100\n|\n|-weather|Sandstorm|[upkeep]\n|-damage|p2a: Vaporeon|94\/100|[from] Sandstorm\n|-heal|p2a: Vaporeon|100\/100|[from] item: Leftovers\n|upkeep\n|turn|5\n|\n|t:|1700335563\n|move|p2a: Vaporeon|Ice Beam|p1a: Ragnarok\n|-damage|p1a: Ragnarok|9\/100\n|move|p1a: Ragnarok|Stone Edge|p2a: Vaporeon\n|-damage|p2a: Vaporeon|23\/100\n|\n|-weather|none\n|-heal|p2a: Vaporeon|30\/100|[from] item: Leftovers\n|upkeep\n|turn|6\n|\n|t:|1700335571\n|move|p2a: Vaporeon|Hydro Pump|p1a: Ragnarok\n|-supereffective|p1a: Ragnarok\n|-damage|p1a: Ragnarok|0 fnt\n|faint|p1a: Ragnarok\n|\n|-heal|p2a: Vaporeon|36\/100|[from] item: Leftovers\n|upkeep\n|\n|t:|1700335576\n|switch|p1a: Big Guy|Heracross, M, shiny|100\/100\n|turn|7\n|\n|t:|1700335583\n|switch|p2a: Togekiss|Togekiss, M, shiny|100\/100\n|move|p1a: Big Guy|Knock Off|p2a: Togekiss\n|-resisted|p2a: Togekiss\n|-damage|p2a: Togekiss|81\/100\n|-enditem|p2a: Togekiss|Lum Berry|[from] move: Knock Off|[of] p1a: Big Guy\n|\n|upkeep\n|turn|8\n|\n|t:|1700335590\n|switch|p1a: Mobula|Mantine, M, shiny|83\/100\n|move|p2a: Togekiss|Thunder Wave|p1a: Mobula\n|-status|p1a: Mobula|par\n|\n|-heal|p1a: Mobula|90\/100 par|[from] item: Leftovers\n|upkeep\n|turn|9\n|\n|t:|1700335597\n|move|p2a: Togekiss|Air Slash|p1a: Mobula\n|-damage|p1a: Mobula|71\/100 par\n|cant|p1a: Mobula|flinch\n|\n|-heal|p1a: Mobula|77\/100 par|[from] item: Leftovers\n|upkeep\n|turn|10\n|c|\u2606Abyssal Werks|aw hell\n|c|\u2606Abyssal Werks|hack jesus\n|\n|t:|1700335619\n|move|p2a: Togekiss|Air Slash|p1a: Mobula\n|-damage|p1a: Mobula|58\/100 par\n|cant|p1a: Mobula|flinch\n|\n|-heal|p1a: Mobula|64\/100 par|[from] item: Leftovers\n|upkeep\n|turn|11\n|\n|t:|1700335628\n|switch|p1a: Frank|Typhlosion-Hisui, M, shiny|100\/100\n|move|p2a: Togekiss|Air Slash|p1a: Frank\n|-damage|p1a: Frank|49\/100\n|\n|upkeep\n|turn|12\n|\n|t:|1700335633\n|-terastallize|p1a: Frank|Fire\n|move|p1a: Frank|Burn Up|p2a: Togekiss\n|-damage|p2a: Togekiss|3\/100\n|-start|p1a: Frank|typechange|Fire|[from] move: Burn Up\n|move|p2a: Togekiss|Thunder Wave|p1a: Frank\n|-status|p1a: Frank|par\n|\n|upkeep\n|turn|13\n|\n|t:|1700335643\n|move|p2a: Togekiss|Air Slash|p1a: Frank|[miss]\n|-miss|p2a: Togekiss|p1a: Frank\n|cant|p1a: Frank|par\n|\n|upkeep\n|turn|14\n|c|\u2606Abyssal Werks|-98079t7r6e5sue\n|\n|t:|1700335648\n|move|p2a: Togekiss|Air Slash|p1a: Frank\n|-damage|p1a: Frank|0 fnt\n|faint|p1a: Frank\n|\n|upkeep\n|\n|t:|1700335655\n|switch|p1a: Big Guy|Heracross, M, shiny|100\/100\n|turn|15\n|\n|t:|1700335662\n|switch|p1a: Fuckleton|Shuckle, M, shiny|100\/100\n|move|p2a: Togekiss|Thunder Wave|p1a: Fuckleton\n|-status|p1a: Fuckleton|par\n|\n|upkeep\n|turn|16\n|\n|t:|1700335668\n|move|p2a: Togekiss|Roost|p2a: Togekiss\n|-heal|p2a: Togekiss|53\/100\n|-singleturn|p2a: Togekiss|move: Roost\n|move|p1a: Fuckleton|Sticky Web|p2a: Togekiss\n|-sidestart|p2: runeatest|move: Sticky Web\n|\n|upkeep\n|turn|17\n|\n|t:|1700335673\n|move|p2a: Togekiss|Roost|p2a: Togekiss\n|-heal|p2a: Togekiss|100\/100\n|-singleturn|p2a: Togekiss|move: Roost\n|move|p1a: Fuckleton|Toxic|p2a: Togekiss\n|-status|p2a: Togekiss|tox\n|\n|-damage|p2a: Togekiss|94\/100 tox|[from] psn\n|upkeep\n|turn|18\n|\n|t:|1700335681\n|switch|p2a: Hitmontop|Hitmontop, M|100\/100\n|-activate|p2a: Hitmontop|move: Sticky Web\n|-unboost|p2a: Hitmontop|spe|1\n|cant|p1a: Fuckleton|par\n|\n|upkeep\n|turn|19\n|\n|t:|1700335689\n|move|p2a: Hitmontop|Rapid Spin|p1a: Fuckleton\n|-resisted|p1a: Fuckleton\n|-damage|p1a: Fuckleton|94\/100 par\n|-boost|p2a: Hitmontop|spe|1\n|-sideend|p2: runeatest|Sticky Web|[from] move: Rapid Spin|[of] p2a: Hitmontop\n|-enditem|p1a: Fuckleton|Red Card|[of] p2a: Hitmontop\n|drag|p2a: Houndoom|Houndoom, M|100\/100\n|move|p1a: Fuckleton|Toxic|p2a: Houndoom\n|-status|p2a: Houndoom|tox\n|\n|-damage|p2a: Houndoom|94\/100 tox|[from] psn\n|upkeep\n|turn|20\n|\n|t:|1700335699\n|switch|p2a: Vaporeon|Vaporeon, M|36\/100\n|cant|p1a: Fuckleton|par\n|\n|-heal|p2a: Vaporeon|42\/100|[from] item: Leftovers\n|upkeep\n|turn|21\n|\n|t:|1700335709\n|move|p2a: Vaporeon|Ice Beam|p1a: Fuckleton\n|-damage|p1a: Fuckleton|75\/100 par\n|move|p1a: Fuckleton|Toxic|p2a: Vaporeon\n|-status|p2a: Vaporeon|tox\n|\n|-heal|p2a: Vaporeon|48\/100 tox|[from] item: Leftovers\n|-damage|p2a: Vaporeon|42\/100 tox|[from] psn\n|upkeep\n|turn|22\n|\n|t:|1700335717\n|move|p2a: Vaporeon|Heal Bell|p2a: Vaporeon\n|-activate|p2a: Vaporeon|move: Heal Bell\n|-curestatus|p2a: Vaporeon|tox|[msg]\n|-curestatus|p2: Togekiss|tox|[msg]\n|-curestatus|p2: Houndoom|tox|[msg]\n|cant|p1a: Fuckleton|par\n|\n|-heal|p2a: Vaporeon|48\/100|[from] item: Leftovers\n|upkeep\n|turn|23\n|\n|t:|1700335726\n|move|p2a: Vaporeon|Hydro Pump|p1a: Fuckleton\n|-supereffective|p1a: Fuckleton\n|-damage|p1a: Fuckleton|0 fnt\n|faint|p1a: Fuckleton\n|\n|-heal|p2a: Vaporeon|54\/100|[from] item: Leftovers\n|upkeep\n|\n|t:|1700335731\n|switch|p1a: GOOCH|Pichu, M, shiny|100\/100\n|turn|24\n|\n|t:|1700335739\n|switch|p2a: Electivire|Electivire, M, shiny|100\/100\n|-item|p2a: Electivire|Air Balloon\n|move|p1a: GOOCH|Nuzzle|p2a: Electivire\n|-ability|p2a: Electivire|Motor Drive|boost\n|-boost|p2a: Electivire|spe|1\n|\n|upkeep\n|turn|25\n|\n|t:|1700335746\n|move|p2a: Electivire|Earthquake|p1a: GOOCH\n|-supereffective|p1a: GOOCH\n|-enditem|p1a: GOOCH|Focus Sash\n|-damage|p1a: GOOCH|1\/100\n|move|p1a: GOOCH|Endeavor|p2a: Electivire\n|-damage|p2a: Electivire|1\/100\n|-enditem|p2a: Electivire|Air Balloon\n|\n|upkeep\n|turn|26\n|\n|t:|1700335761\n|switch|p1a: Mobula|Mantine, M, shiny|64\/100 par\n|move|p2a: Electivire|Ice Punch|p1a: Mobula\n|-damage|p1a: Mobula|28\/100 par\n|\n|-heal|p1a: Mobula|34\/100 par|[from] item: Leftovers\n|upkeep\n|turn|27\n|\n|t:|1700335770\n|move|p2a: Electivire|Ice Punch|p1a: Mobula\n|-damage|p1a: Mobula|1\/100 par\n|move|p1a: Mobula|Scald|p2a: Electivire\n|-crit|p2a: Electivire\n|-damage|p2a: Electivire|0 fnt\n|faint|p2a: Electivire\n|\n|-heal|p1a: Mobula|7\/100 par|[from] item: Leftovers\n|upkeep\n|\n|t:|1700335779\n|switch|p2a: Hitmontop|Hitmontop, M|100\/100\n|turn|28\n|\n|t:|1700335782\n|move|p2a: Hitmontop|Rapid Spin|p1a: Mobula\n|-damage|p1a: Mobula|0 fnt\n|-boost|p2a: Hitmontop|spe|1\n|faint|p1a: Mobula\n|\n|upkeep\n|\n|t:|1700335793\n|switch|p1a: GOOCH|Pichu, M, shiny|1\/100\n|turn|29\n|\n|t:|1700335799\n|move|p2a: Hitmontop|Sucker Punch|p1a: GOOCH\n|-damage|p1a: GOOCH|0 fnt\n|faint|p1a: GOOCH\n|\n|upkeep\n|\n|t:|1700335802\n|switch|p1a: Big Guy|Heracross, M, shiny|100\/100\n|turn|30\n|\n|t:|1700335807\n|move|p2a: Hitmontop|High Jump Kick|p1a: Big Guy\n|-resisted|p1a: Big Guy\n|-damage|p1a: Big Guy|59\/100\n|move|p1a: Big Guy|Brick Break|p2a: Hitmontop\n|-damage|p2a: Hitmontop|46\/100\n|\n|upkeep\n|turn|31\n|\n|t:|1700335813\n|move|p2a: Hitmontop|High Jump Kick|p1a: Big Guy\n|-resisted|p1a: Big Guy\n|-damage|p1a: Big Guy|17\/100\n|move|p1a: Big Guy|Brick Break|p2a: Hitmontop\n|-crit|p2a: Hitmontop\n|-damage|p2a: Hitmontop|0 fnt\n|faint|p2a: Hitmontop\n|-ability|p1a: Big Guy|Moxie|boost\n|-boost|p1a: Big Guy|atk|1\n|\n|upkeep\n|\n|t:|1700335821\n|switch|p2a: Togekiss|Togekiss, M, shiny|94\/100\n|turn|32\n|\n|t:|1700335825\n|move|p1a: Big Guy|Rock Blast|p2a: Togekiss\n|-supereffective|p2a: Togekiss\n|-damage|p2a: Togekiss|66\/100\n|-supereffective|p2a: Togekiss\n|-damage|p2a: Togekiss|35\/100\n|-hitcount|p2a: Togekiss|2\n|move|p2a: Togekiss|Air Slash|p1a: Big Guy\n|-supereffective|p1a: Big Guy\n|-damage|p1a: Big Guy|0 fnt\n|faint|p1a: Big Guy\n|\n|win|runeatest\n|raw|Abyssal Werks's rating: 1150 &rarr; <strong>1127<\/strong><br \/>(-23 for losing)\n|raw|runeatest's rating: 1172 &rarr; <strong>1195<\/strong><br \/>(+23 for winning)\n|l|\u2606Abyssal Werks\n","uploadtime":1700335972,"views":6,"p1id":"abyssalwerks","p2id":"runeatest","formatid":"gen9nationaldex","rating":1127,"private":0,"password":""}