{"id":"gen9nationaldex-1998690129","p1":"zoxii","p2":"Young Girl Klara","format":"[Gen 9] National Dex","log":"|html|<div class=\"broadcast-blue\"><strong>[Gen 9] National Dex is currently suspecting Sneasler! For information on how to participate check out the <a href=\"https:\/\/www.smogon.com\/forums\/threads\/sv-national-dex-suspect-8-just-dance.3731534\/\">suspect thread<\/a>.<\/strong><\/div>\n|j|\u2606zoxii\n|j|\u203dYoung Girl Klara\n|t:|1700973001\n|gametype|singles\n|player|p1|zoxii|169|1051\n|player|p2|Young Girl Klara|klara|1147\n|teamsize|p1|6\n|teamsize|p2|6\n|gen|9\n|tier|[Gen 9] National Dex\n|rated|\n|rule|HP Percentage Mod: HP is shown in percentages\n|rule|Endless Battle Clause: Forcing endless battles is banned\n|rule|OHKO Clause: OHKO moves are banned\n|rule|Evasion Clause: Evasion abilities, items, and moves are banned\n|rule|Evasion Abilities Clause: Evasion abilities are banned\n|rule|Evasion Items Clause: Evasion items are banned\n|rule|Evasion Moves Clause: Evasion moves are banned\n|rule|Species Clause: Limit one of each Pok\u00e9mon\n|rule|Sleep Clause Mod: Limit one foe put to sleep\n|clearpoke\n|poke|p1|Kommo-o, M|\n|poke|p1|Sneasler, F|\n|poke|p1|Gliscor, M|\n|poke|p1|Zapdos|\n|poke|p1|Tapu Lele|\n|poke|p1|Skeledirge, F|\n|poke|p2|Reuniclus, M|\n|poke|p2|Clefable, F|\n|poke|p2|Gliscor, M|\n|poke|p2|Aggron, F|\n|poke|p2|Houndoom, F|\n|poke|p2|Electivire, M|\n|teampreview\n|\n|t:|1700973020\n|start\n|switch|p1a: Skeledirge|Skeledirge, F|100\/100\n|switch|p2a: Aggron|Aggron, F|100\/100\n|turn|1\n|\n|t:|1700973026\n|move|p1a: Skeledirge|Torch Song|p2a: Aggron\n|-crit|p2a: Aggron\n|-damage|p2a: Aggron|44\/100\n|-boost|p1a: Skeledirge|spa|1\n|move|p2a: Aggron|Stealth Rock|p1a: Skeledirge\n|-sidestart|p1: zoxii|move: Stealth Rock\n|\n|-heal|p2a: Aggron|50\/100|[from] item: Leftovers\n|upkeep\n|turn|2\n|\n|t:|1700973047\n|switch|p2a: Houndoom|Houndoom, F|100\/100\n|move|p1a: Skeledirge|Torch Song|p2a: Houndoom\n|-start|p2a: Houndoom|ability: Flash Fire\n|\n|upkeep\n|turn|3\n|\n|t:|1700973055\n|detailschange|p2a: Houndoom|Houndoom-Mega, F\n|-mega|p2a: Houndoom|Houndoom|Houndoominite\n|-end|p2a: Houndoom|ability: Flash Fire|[silent]\n|move|p2a: Houndoom|Nasty Plot|p2a: Houndoom\n|-boost|p2a: Houndoom|spa|2\n|move|p1a: Skeledirge|Yawn|p2a: Houndoom\n|-start|p2a: Houndoom|move: Yawn|[of] p1a: Skeledirge\n|\n|upkeep\n|turn|4\n|\n|t:|1700973095\n|switch|p1a: Kommo-o|Kommo-o, M|100\/100\n|-damage|p1a: Kommo-o|94\/100|[from] Stealth Rock\n|move|p2a: Houndoom|Dark Pulse|p1a: Kommo-o\n|-resisted|p1a: Kommo-o\n|-damage|p1a: Kommo-o|43\/100\n|\n|-end|p2a: Houndoom|move: Yawn|[silent]\n|-status|p2a: Houndoom|slp\n|upkeep\n|turn|5\n|\n|t:|1700973107\n|switch|p2a: Clefable|Clefable, F|100\/100\n|move|p1a: Kommo-o|Clangorous Soul|p1a: Kommo-o\n|-boost|p1a: Kommo-o|atk|1\n|-boost|p1a: Kommo-o|def|1\n|-boost|p1a: Kommo-o|spa|1\n|-boost|p1a: Kommo-o|spd|1\n|-boost|p1a: Kommo-o|spe|1\n|-damage|p1a: Kommo-o|10\/100\n|-enditem|p1a: Kommo-o|Throat Spray\n|-boost|p1a: Kommo-o|spa|1|[from] item: Throat Spray\n|\n|upkeep\n|turn|6\n|\n|t:|1700973123\n|move|p1a: Kommo-o|Flash Cannon|p2a: Clefable\n|-supereffective|p2a: Clefable\n|-damage|p2a: Clefable|62\/100\n|move|p2a: Clefable|Moonblast|p1a: Kommo-o\n|-supereffective|p1a: Kommo-o\n|-damage|p1a: Kommo-o|0 fnt\n|faint|p1a: Kommo-o\n|\n|-heal|p2a: Clefable|68\/100|[from] item: Leftovers\n|upkeep\n|\n|t:|1700973129\n|switch|p1a: Sneasler|Sneasler, F|100\/100\n|-damage|p1a: Sneasler|95\/100|[from] Stealth Rock\n|turn|7\n|\n|t:|1700973142\n|switch|p2a: Gliscor|Gliscor, M|100\/100\n|move|p1a: Sneasler|Dire Claw|p2a: Gliscor\n|-resisted|p2a: Gliscor\n|-damage|p2a: Gliscor|81\/100\n|\n|-status|p2a: Gliscor|tox|[from] item: Toxic Orb\n|upkeep\n|turn|8\n|\n|t:|1700973157\n|switch|p1a: Tapu Lele|Tapu Lele, shiny|100\/100\n|-damage|p1a: Tapu Lele|88\/100|[from] Stealth Rock\n|-fieldstart|move: Psychic Terrain|[from] ability: Psychic Surge|[of] p1a: Tapu Lele\n|move|p2a: Gliscor|Earthquake|p1a: Tapu Lele\n|-damage|p1a: Tapu Lele|36\/100\n|\n|-heal|p1a: Tapu Lele|42\/100|[from] item: Leftovers\n|-heal|p2a: Gliscor|93\/100 tox|[from] ability: Poison Heal\n|upkeep\n|turn|9\n|\n|t:|1700973164\n|move|p1a: Tapu Lele|Psychic|p2a: Gliscor\n|-damage|p2a: Gliscor|34\/100 tox\n|move|p2a: Gliscor|Earthquake|p1a: Tapu Lele\n|-damage|p1a: Tapu Lele|0 fnt\n|faint|p1a: Tapu Lele\n|\n|-heal|p2a: Gliscor|46\/100 tox|[from] ability: Poison Heal\n|upkeep\n|\n|t:|1700973179\n|switch|p1a: Zapdos|Zapdos|100\/100\n|-damage|p1a: Zapdos|76\/100|[from] Stealth Rock\n|turn|10\n|\n|t:|1700973187\n|move|p1a: Zapdos|Extrasensory|p2a: Gliscor\n|-damage|p2a: Gliscor|17\/100 tox\n|move|p2a: Gliscor|U-turn|p1a: Zapdos\n|-resisted|p1a: Zapdos\n|-damage|p1a: Zapdos|66\/100\n|\n|t:|1700973189\n|switch|p2a: Reuniclus|Reuniclus, M|100\/100|[from] U-turn\n|\n|upkeep\n|turn|11\n|\n|t:|1700973196\n|switch|p1a: Skeledirge|Skeledirge, F|100\/100\n|-damage|p1a: Skeledirge|75\/100|[from] Stealth Rock\n|move|p2a: Reuniclus|Calm Mind|p2a: Reuniclus\n|-boost|p2a: Reuniclus|spa|1\n|-boost|p2a: Reuniclus|spd|1\n|\n|-heal|p1a: Skeledirge|82\/100|[from] item: Leftovers\n|upkeep\n|turn|12\n|\n|t:|1700973214\n|-terastallize|p2a: Reuniclus|Psychic\n|move|p1a: Skeledirge|Substitute|p1a: Skeledirge\n|-start|p1a: Skeledirge|Substitute\n|-damage|p1a: Skeledirge|57\/100\n|move|p2a: Reuniclus|Psyshock|p1a: Skeledirge\n|-end|p1a: Skeledirge|Substitute\n|\n|-heal|p1a: Skeledirge|63\/100|[from] item: Leftovers\n|-fieldend|move: Psychic Terrain\n|upkeep\n|turn|13\n|\n|t:|1700973220\n|move|p1a: Skeledirge|Shadow Ball|p2a: Reuniclus\n|-supereffective|p2a: Reuniclus\n|-damage|p2a: Reuniclus|22\/100\n|-unboost|p2a: Reuniclus|spd|1\n|move|p2a: Reuniclus|Psyshock|p1a: Skeledirge\n|-damage|p1a: Skeledirge|25\/100\n|\n|-heal|p1a: Skeledirge|31\/100|[from] item: Leftovers\n|-heal|p2a: Reuniclus|28\/100|[from] item: Leftovers\n|upkeep\n|turn|14\n|\n|t:|1700973233\n|switch|p2a: Houndoom|Houndoom-Mega, F|100\/100 slp\n|move|p1a: Skeledirge|Shadow Ball|p2a: Houndoom\n|-resisted|p2a: Houndoom\n|-damage|p2a: Houndoom|74\/100 slp\n|-unboost|p2a: Houndoom|spd|1\n|\n|-heal|p1a: Skeledirge|37\/100|[from] item: Leftovers\n|upkeep\n|turn|15\n|\n|t:|1700973241\n|switch|p1a: Gliscor|Gliscor, M|100\/100\n|-damage|p1a: Gliscor|88\/100|[from] Stealth Rock\n|cant|p2a: Houndoom|slp\n|\n|-status|p1a: Gliscor|tox|[from] item: Toxic Orb\n|upkeep\n|turn|16\n|\n|t:|1700973247\n|switch|p2a: Gliscor|Gliscor, M|17\/100 tox\n|move|p1a: Gliscor|Earthquake|p2a: Gliscor\n|-immune|p2a: Gliscor\n|\n|-heal|p2a: Gliscor|30\/100 tox|[from] ability: Poison Heal\n|-heal|p1a: Gliscor|100\/100 tox|[from] ability: Poison Heal\n|upkeep\n|turn|17\n|\n|t:|1700973266\n|move|p2a: Gliscor|U-turn|p1a: Gliscor\n|-resisted|p1a: Gliscor\n|-damage|p1a: Gliscor|95\/100 tox\n|\n|t:|1700973267\n|switch|p2a: Electivire|Electivire, M|100\/100|[from] U-turn\n|move|p1a: Gliscor|Dual Wingbeat|p2a: Electivire\n|-resisted|p2a: Electivire\n|-damage|p2a: Electivire|85\/100\n|-resisted|p2a: Electivire\n|-damage|p2a: Electivire|69\/100\n|-hitcount|p2a: Electivire|2\n|\n|-heal|p1a: Gliscor|100\/100 tox|[from] ability: Poison Heal\n|upkeep\n|turn|18\n|\n|t:|1700973278\n|move|p1a: Gliscor|Protect|p1a: Gliscor\n|-singleturn|p1a: Gliscor|Protect\n|move|p2a: Electivire|Ice Punch|p1a: Gliscor\n|-activate|p1a: Gliscor|move: Protect\n|\n|upkeep\n|turn|19\n|\n|t:|1700973300\n|move|p2a: Electivire|Ice Punch|p1a: Gliscor\n|-supereffective|p1a: Gliscor\n|-damage|p1a: Gliscor|14\/100 tox\n|move|p1a: Gliscor|Earthquake|p2a: Electivire\n|-supereffective|p2a: Electivire\n|-damage|p2a: Electivire|0 fnt\n|faint|p2a: Electivire\n|\n|-heal|p1a: Gliscor|27\/100 tox|[from] ability: Poison Heal\n|upkeep\n|\n|t:|1700973303\n|switch|p2a: Clefable|Clefable, F|68\/100\n|turn|20\n|\n|t:|1700973306\n|move|p1a: Gliscor|Protect|p1a: Gliscor\n|-singleturn|p1a: Gliscor|Protect\n|move|p2a: Clefable|Moonblast|p1a: Gliscor\n|-activate|p1a: Gliscor|move: Protect\n|\n|-heal|p2a: Clefable|74\/100|[from] item: Leftovers\n|-heal|p1a: Gliscor|39\/100 tox|[from] ability: Poison Heal\n|upkeep\n|turn|21\n|\n|t:|1700973318\n|move|p1a: Gliscor|Dual Wingbeat|p2a: Clefable\n|-damage|p2a: Clefable|59\/100\n|-damage|p2a: Clefable|43\/100\n|-hitcount|p2a: Clefable|2\n|move|p2a: Clefable|Moonblast|p1a: Gliscor\n|-damage|p1a: Gliscor|0 fnt\n|faint|p1a: Gliscor\n|\n|-heal|p2a: Clefable|49\/100|[from] item: Leftovers\n|upkeep\n|\n|t:|1700973331\n|switch|p1a: Sneasler|Sneasler, F|95\/100\n|-damage|p1a: Sneasler|89\/100|[from] Stealth Rock\n|turn|22\n|\n|t:|1700973334\n|switch|p2a: Gliscor|Gliscor, M|30\/100 tox\n|move|p1a: Sneasler|Dire Claw|p2a: Gliscor\n|-resisted|p2a: Gliscor\n|-damage|p2a: Gliscor|13\/100 tox\n|\n|-heal|p2a: Gliscor|25\/100 tox|[from] ability: Poison Heal\n|upkeep\n|turn|23\n|\n|t:|1700973345\n|-terastallize|p1a: Sneasler|Fighting\n|move|p1a: Sneasler|Close Combat|p2a: Gliscor\n|-resisted|p2a: Gliscor\n|-damage|p2a: Gliscor|0 fnt\n|-unboost|p1a: Sneasler|def|1\n|-unboost|p1a: Sneasler|spd|1\n|-enditem|p1a: Sneasler|White Herb\n|-clearnegativeboost|p1a: Sneasler|[silent]\n|faint|p2a: Gliscor\n|\n|upkeep\n|\n|t:|1700973348\n|switch|p2a: Reuniclus|Reuniclus, M, tera:Psychic|28\/100\n|turn|24\n|\n|t:|1700973364\n|move|p1a: Sneasler|Acrobatics|p2a: Reuniclus\n|-damage|p2a: Reuniclus|0 fnt\n|faint|p2a: Reuniclus\n|\n|upkeep\n|\n|t:|1700973369\n|switch|p2a: Aggron|Aggron, F|50\/100\n|turn|25\n|\n|t:|1700973374\n|move|p1a: Sneasler|Close Combat|p2a: Aggron\n|-supereffective|p2a: Aggron\n|-damage|p2a: Aggron|0 fnt\n|-unboost|p1a: Sneasler|def|1\n|-unboost|p1a: Sneasler|spd|1\n|faint|p2a: Aggron\n|\n|upkeep\n|\n|t:|1700973376\n|switch|p2a: Clefable|Clefable, F|49\/100\n|turn|26\n|\n|t:|1700973380\n|move|p2a: Clefable|Protect|p2a: Clefable\n|-singleturn|p2a: Clefable|Protect\n|move|p1a: Sneasler|Dire Claw|p2a: Clefable\n|-activate|p2a: Clefable|move: Protect\n|\n|-heal|p2a: Clefable|55\/100|[from] item: Leftovers\n|upkeep\n|turn|27\n|\n|t:|1700973382\n|move|p1a: Sneasler|Dire Claw|p2a: Clefable\n|-supereffective|p2a: Clefable\n|-damage|p2a: Clefable|0 fnt\n|faint|p2a: Clefable\n|\n|upkeep\n|\n|t:|1700973384\n|switch|p2a: Houndoom|Houndoom-Mega, F|74\/100 slp\n|turn|28\n|\n|t:|1700973387\n|move|p1a: Sneasler|Close Combat|p2a: Houndoom\n|-supereffective|p2a: Houndoom\n|-damage|p2a: Houndoom|0 fnt\n|-unboost|p1a: Sneasler|def|1\n|-unboost|p1a: Sneasler|spd|1\n|faint|p2a: Houndoom\n|\n|win|zoxii\n|raw|zoxii's rating: 1051 &rarr; <strong>1097<\/strong><br \/>(+46 for winning)\n|raw|Young Girl Klara's rating: 1202 &rarr; <strong>1167<\/strong><br \/>(-35 for losing)\n","uploadtime":1700973389,"views":10,"p1id":"zoxii","p2id":"younggirlklara","formatid":"gen9nationaldex","rating":1097,"private":0,"password":""}