{"id":"gen9nationaldex-1987369847","p1":"hackilla15","p2":"mayuripink","format":"[Gen 9] National Dex","log":"|j|\u2606hackilla15\n|j|\u2606mayuripink\n|t:|1699582778\n|gametype|singles\n|player|p1|hackilla15|ethan|1182\n|player|p2|mayuripink|266|1220\n|teamsize|p1|6\n|teamsize|p2|6\n|gen|9\n|tier|[Gen 9] National Dex\n|rated|\n|rule|HP Percentage Mod: HP is shown in percentages\n|rule|Endless Battle Clause: Forcing endless battles is banned\n|rule|OHKO Clause: OHKO moves are banned\n|rule|Evasion Clause: Evasion abilities, items, and moves are banned\n|rule|Evasion Abilities Clause: Evasion abilities are banned\n|rule|Evasion Items Clause: Evasion items are banned\n|rule|Evasion Moves Clause: Evasion moves are banned\n|rule|Species Clause: Limit one of each Pok\u00e9mon\n|rule|Sleep Clause Mod: Limit one foe put to sleep\n|clearpoke\n|poke|p1|Sigilyph, M|\n|poke|p1|Morpeko, F|\n|poke|p1|Weavile, F|\n|poke|p1|Volcarona, F|\n|poke|p1|Slaking, M|\n|poke|p1|Vileplume, F|\n|poke|p2|Pelipper, M|\n|poke|p2|Urshifu-*, F|\n|poke|p2|Swampert, F|\n|poke|p2|Ferrothorn, M|\n|poke|p2|Great Tusk|\n|poke|p2|Ogerpon-Wellspring, F|\n|teampreview\n|\n|t:|1699582786\n|start\n|switch|p1a: Slaking|Slaking, M, shiny|100\/100\n|switch|p2a: Pelipper|Pelipper, M|100\/100\n|-weather|RainDance|[from] ability: Drizzle|[of] p2a: Pelipper\n|turn|1\n|inactive|Battle timer is ON: inactive players will automatically lose when time's up. (requested by mayuripink)\n|\n|t:|1699582793\n|move|p1a: Slaking|Thunder Wave|p2a: Pelipper\n|-status|p2a: Pelipper|par\n|cant|p2a: Pelipper|par\n|\n|-weather|RainDance|[upkeep]\n|upkeep\n|turn|2\n|\n|t:|1699582801\n|switch|p1a: Volcarona|Volcarona, F, shiny|100\/100\n|move|p2a: Pelipper|Toxic|p1a: Volcarona\n|-status|p1a: Volcarona|tox\n|\n|-weather|RainDance|[upkeep]\n|-damage|p1a: Volcarona|94\/100 tox|[from] psn\n|upkeep\n|turn|3\n|\n|t:|1699582811\n|switch|p1a: Slaking|Slaking, M, shiny|100\/100\n|move|p2a: Pelipper|Tailwind|p2a: Pelipper\n|-sidestart|p2: mayuripink|move: Tailwind\n|\n|-weather|RainDance|[upkeep]\n|upkeep\n|turn|4\n|\n|t:|1699582818\n|move|p1a: Slaking|Thunder Wave|p2a: Pelipper\n|-fail|p2a: Pelipper|par\n|move|p2a: Pelipper|Toxic|p1a: Slaking\n|-status|p1a: Slaking|tox\n|\n|-weather|RainDance|[upkeep]\n|-damage|p1a: Slaking|94\/100 tox|[from] psn\n|upkeep\n|turn|5\n|\n|t:|1699582826\n|switch|p1a: Morpeko|Morpeko, F, shiny|100\/100\n|move|p2a: Pelipper|Hurricane|p1a: Morpeko\n|-resisted|p1a: Morpeko\n|-damage|p1a: Morpeko|64\/100\n|-start|p1a: Morpeko|confusion\n|-enditem|p1a: Morpeko|Red Card|[of] p2a: Pelipper\n|drag|p2a: Great Tusk|Great Tusk|100\/100\n|\n|-weather|RainDance|[upkeep]\n|-formechange|p1a: Morpeko|Morpeko-Hangry||[from] ability: Hunger Switch\n|upkeep\n|turn|6\n|\n|t:|1699582843\n|-activate|p1a: Morpeko|confusion\n|move|p1a: Morpeko|Fake Out|p2a: Great Tusk\n|-damage|p2a: Great Tusk|92\/100\n|cant|p2a: Great Tusk|flinch\n|\n|-weather|RainDance|[upkeep]\n|-sideend|p2: mayuripink|move: Tailwind\n|-formechange|p1a: Morpeko|Morpeko||[from] ability: Hunger Switch\n|upkeep\n|turn|7\n|\n|t:|1699582852\n|switch|p1a: Sigilyph|Sigilyph, M, shiny|100\/100\n|move|p2a: Great Tusk|Body Press|p1a: Sigilyph\n|-resisted|p1a: Sigilyph\n|-damage|p1a: Sigilyph|88\/100\n|-damage|p2a: Great Tusk|75\/100|[from] item: Rocky Helmet|[of] p1a: Sigilyph\n|-damage|p2a: Great Tusk|65\/100|[from] item: Life Orb\n|\n|-weather|RainDance|[upkeep]\n|upkeep\n|turn|8\n|\n|t:|1699582870\n|-end|p2a: Great Tusk|Protosynthesis|[silent]\n|switch|p2a: Pelipper|Pelipper, M|100\/100 par\n|move|p1a: Sigilyph|Cosmic Power|p1a: Sigilyph\n|-boost|p1a: Sigilyph|def|1\n|-boost|p1a: Sigilyph|spd|1\n|\n|-weather|none\n|upkeep\n|turn|9\n|\n|t:|1699582877\n|move|p1a: Sigilyph|Cosmic Power|p1a: Sigilyph\n|-boost|p1a: Sigilyph|def|1\n|-boost|p1a: Sigilyph|spd|1\n|move|p2a: Pelipper|Toxic|p1a: Sigilyph\n|-status|p1a: Sigilyph|tox\n|\n|upkeep\n|turn|10\n|\n|t:|1699582883\n|switch|p2a: Ferrothorn|Ferrothorn, M|100\/100\n|move|p1a: Sigilyph|Whirlwind|p2a: Ferrothorn\n|drag|p2a: Ogerpon|Ogerpon-Wellspring, F|100\/100\n|\n|upkeep\n|turn|11\n|\n|t:|1699582889\n|move|p2a: Ogerpon|Knock Off|p1a: Sigilyph\n|-supereffective|p1a: Sigilyph\n|-damage|p1a: Sigilyph|45\/100 tox\n|-damage|p2a: Ogerpon|84\/100|[from] item: Rocky Helmet|[of] p1a: Sigilyph\n|-enditem|p1a: Sigilyph|Rocky Helmet|[from] move: Knock Off|[of] p2a: Ogerpon\n|move|p1a: Sigilyph|Cosmic Power|p1a: Sigilyph\n|-boost|p1a: Sigilyph|def|1\n|-boost|p1a: Sigilyph|spd|1\n|\n|upkeep\n|turn|12\n|\n|t:|1699582899\n|move|p2a: Ogerpon|Ivy Cudgel|p1a: Sigilyph\n|-damage|p1a: Sigilyph|16\/100 tox\n|move|p1a: Sigilyph|Roost|p1a: Sigilyph\n|-heal|p1a: Sigilyph|66\/100 tox\n|-singleturn|p1a: Sigilyph|move: Roost\n|\n|upkeep\n|turn|13\n|\n|t:|1699582907\n|switch|p2a: Pelipper|Pelipper, M|100\/100 par\n|-weather|RainDance|[from] ability: Drizzle|[of] p2a: Pelipper\n|move|p1a: Sigilyph|Cosmic Power|p1a: Sigilyph\n|-boost|p1a: Sigilyph|def|1\n|-boost|p1a: Sigilyph|spd|1\n|\n|-weather|RainDance|[upkeep]\n|upkeep\n|turn|14\n|\n|t:|1699582916\n|move|p2a: Pelipper|Tailwind|p2a: Pelipper\n|-sidestart|p2: mayuripink|move: Tailwind\n|move|p1a: Sigilyph|Whirlwind|p2a: Pelipper\n|drag|p2a: Ferrothorn|Ferrothorn, M|100\/100\n|\n|-weather|RainDance|[upkeep]\n|upkeep\n|turn|15\n|\n|t:|1699582923\n|move|p2a: Ferrothorn|Leech Seed|p1a: Sigilyph|[miss]\n|-miss|p2a: Ferrothorn|p1a: Sigilyph\n|move|p1a: Sigilyph|Whirlwind|p2a: Ferrothorn\n|drag|p2a: Ogerpon|Ogerpon-Wellspring, F|84\/100\n|\n|-weather|RainDance|[upkeep]\n|upkeep\n|turn|16\n|\n|t:|1699582930\n|move|p2a: Ogerpon|Knock Off|p1a: Sigilyph\n|-supereffective|p1a: Sigilyph\n|-damage|p1a: Sigilyph|46\/100 tox\n|move|p1a: Sigilyph|Roost|p1a: Sigilyph\n|-heal|p1a: Sigilyph|96\/100 tox\n|-singleturn|p1a: Sigilyph|move: Roost\n|\n|-weather|RainDance|[upkeep]\n|upkeep\n|turn|17\n|\n|t:|1699582941\n|move|p2a: Ogerpon|Leech Seed|p1a: Sigilyph\n|-start|p1a: Sigilyph|move: Leech Seed\n|move|p1a: Sigilyph|Cosmic Power|p1a: Sigilyph\n|-boost|p1a: Sigilyph|def|1\n|-boost|p1a: Sigilyph|spd|1\n|\n|-weather|RainDance|[upkeep]\n|-sideend|p2: mayuripink|move: Tailwind\n|upkeep\n|turn|18\n|\n|t:|1699582953\n|move|p2a: Ogerpon|Ivy Cudgel|p1a: Sigilyph\n|-damage|p1a: Sigilyph|64\/100 tox\n|move|p1a: Sigilyph|Cosmic Power|p1a: Sigilyph\n|-boost|p1a: Sigilyph|def|1\n|-boost|p1a: Sigilyph|spd|1\n|\n|-weather|RainDance|[upkeep]\n|upkeep\n|turn|19\n|\n|t:|1699582961\n|switch|p2a: Urshifu|Urshifu-Rapid-Strike, F|100\/100\n|move|p1a: Sigilyph|Stored Power|p2a: Urshifu\n|-supereffective|p2a: Urshifu\n|-damage|p2a: Urshifu|0 fnt\n|faint|p2a: Urshifu\n|\n|-weather|RainDance|[upkeep]\n|upkeep\n|-message|mayuripink forfeited.\n|\n|win|hackilla15\n|raw|hackilla15's rating: 1182 &rarr; <strong>1210<\/strong><br \/>(+28 for winning)\n|raw|mayuripink's rating: 1220 &rarr; <strong>1192<\/strong><br \/>(-28 for losing)\n|l|\u2606mayuripink\n","uploadtime":1699583314,"views":7,"p1id":"hackilla15","p2id":"mayuripink","formatid":"gen9nationaldex","rating":1192,"private":0,"password":""}