{"id":"gen9nationaldex-1993596792","p1":"Clustermuk","p2":"SyedAhmed1212","format":"[Gen 9] National Dex","log":"|j|\u2606Clustermuk\n|j|\u2606SyedAhmed1212\n|t:|1700335761\n|gametype|singles\n|player|p1|Clustermuk|cheren-gen5bw2|\n|player|p2|SyedAhmed1212|102|\n|teamsize|p1|6\n|teamsize|p2|6\n|gen|9\n|tier|[Gen 9] National Dex\n|rule|HP Percentage Mod: HP is shown in percentages\n|rule|Endless Battle Clause: Forcing endless battles is banned\n|rule|OHKO Clause: OHKO moves are banned\n|rule|Evasion Clause: Evasion abilities, items, and moves are banned\n|rule|Evasion Abilities Clause: Evasion abilities are banned\n|rule|Evasion Items Clause: Evasion items are banned\n|rule|Evasion Moves Clause: Evasion moves are banned\n|rule|Species Clause: Limit one of each Pok\u00e9mon\n|rule|Sleep Clause Mod: Limit one foe put to sleep\n|clearpoke\n|poke|p1|Volcarona, M|\n|poke|p1|Marshtomp, M|\n|poke|p1|Flygon, M|\n|poke|p1|Weezing-Galar, M|\n|poke|p1|Drapion, F|\n|poke|p1|Latias, F|\n|poke|p2|Whimsicott, M|\n|poke|p2|Charizard, F|\n|poke|p2|Iron Valiant|\n|poke|p2|Thundurus-Therian, M|\n|poke|p2|Dudunsparce-*, F|\n|poke|p2|Primarina, F|\n|teampreview\n|j| MattyMann\n|j| Goldenrod Dewgongs\n|j| Samman7124\n|c|\u2606Clustermuk|glhf :)\n|\n|t:|1700335809\n|start\n|switch|p1a: THE HEALMOBILE|Latias, F|100\/100\n|switch|p2a: Whimsicott|Whimsicott, M|100\/100\n|turn|1\n|j| W.MossdeepWalrein\n|j| jubilife jigglies\n|\n|t:|1700335843\n|switch|p1a: Floofy Boi|Volcarona, M|100\/100\n|move|p2a: Whimsicott|Tailwind|p2a: Whimsicott\n|-sidestart|p2: SyedAhmed1212|move: Tailwind\n|\n|upkeep\n|turn|2\n|\n|t:|1700335856\n|move|p2a: Whimsicott|U-turn|p1a: Floofy Boi\n|-resisted|p1a: Floofy Boi\n|-damage|p1a: Floofy Boi|95\/100\n|\n|t:|1700335860\n|switch|p2a: Primarina|Primarina, F|100\/100|[from] U-turn\n|move|p1a: Floofy Boi|Toxic|p2a: Primarina\n|-status|p2a: Primarina|tox\n|\n|-damage|p2a: Primarina|94\/100 tox|[from] psn\n|upkeep\n|turn|3\n|\n|t:|1700335873\n|switch|p1a: Mr Swole|Drapion, F, shiny|100\/100\n|move|p2a: Primarina|Hyper Voice|p1a: Mr Swole\n|-damage|p1a: Mr Swole|73\/100\n|\n|-heal|p2a: Primarina|100\/100 tox|[from] item: Leftovers\n|-damage|p2a: Primarina|88\/100 tox|[from] psn\n|upkeep\n|turn|4\n|\n|t:|1700335900\n|switch|p2a: Dudunsparce|Dudunsparce, F|100\/100\n|move|p1a: Mr Swole|Poison Jab|p2a: Dudunsparce\n|-damage|p2a: Dudunsparce|77\/100\n|\n|-heal|p2a: Dudunsparce|83\/100|[from] item: Leftovers\n|-sideend|p2: SyedAhmed1212|move: Tailwind\n|upkeep\n|turn|5\n|\n|t:|1700335947\n|switch|p1a: Floofy Boi|Volcarona, M|95\/100\n|move|p2a: Dudunsparce|Earthquake|p1a: Floofy Boi\n|-damage|p1a: Floofy Boi|68\/100\n|\n|-heal|p2a: Dudunsparce|89\/100|[from] item: Leftovers\n|upkeep\n|turn|6\n|\n|t:|1700335993\n|move|p1a: Floofy Boi|Toxic|p2a: Dudunsparce\n|-status|p2a: Dudunsparce|tox\n|move|p2a: Dudunsparce|Coil|p2a: Dudunsparce\n|-boost|p2a: Dudunsparce|atk|1\n|-boost|p2a: Dudunsparce|def|1\n|-boost|p2a: Dudunsparce|accuracy|1\n|\n|-heal|p2a: Dudunsparce|95\/100 tox|[from] item: Leftovers\n|-damage|p2a: Dudunsparce|89\/100 tox|[from] psn\n|upkeep\n|turn|7\n|\n|t:|1700336053\n|move|p1a: Floofy Boi|Roost|p1a: Floofy Boi\n|-heal|p1a: Floofy Boi|100\/100\n|-singleturn|p1a: Floofy Boi|move: Roost\n|move|p2a: Dudunsparce|Earthquake|p1a: Floofy Boi\n|-damage|p1a: Floofy Boi|59\/100\n|\n|-heal|p2a: Dudunsparce|95\/100 tox|[from] item: Leftovers\n|-damage|p2a: Dudunsparce|83\/100 tox|[from] psn\n|upkeep\n|turn|8\n|\n|t:|1700336065\n|move|p1a: Floofy Boi|Roost|p1a: Floofy Boi\n|-heal|p1a: Floofy Boi|100\/100\n|-singleturn|p1a: Floofy Boi|move: Roost\n|move|p2a: Dudunsparce|Earthquake|p1a: Floofy Boi\n|-damage|p1a: Floofy Boi|60\/100\n|\n|-heal|p2a: Dudunsparce|89\/100 tox|[from] item: Leftovers\n|-damage|p2a: Dudunsparce|71\/100 tox|[from] psn\n|upkeep\n|turn|9\n|\n|t:|1700336092\n|switch|p2a: Primarina|Primarina, F|88\/100 tox\n|move|p1a: Floofy Boi|Roost|p1a: Floofy Boi\n|-heal|p1a: Floofy Boi|100\/100\n|-singleturn|p1a: Floofy Boi|move: Roost\n|\n|-heal|p2a: Primarina|94\/100 tox|[from] item: Leftovers\n|-damage|p2a: Primarina|88\/100 tox|[from] psn\n|upkeep\n|turn|10\n|\n|t:|1700336110\n|switch|p1a: THE HEALMOBILE|Latias, F|100\/100\n|move|p2a: Primarina|Hyper Voice|p1a: THE HEALMOBILE\n|-resisted|p1a: THE HEALMOBILE\n|-damage|p1a: THE HEALMOBILE|76\/100\n|\n|-heal|p2a: Primarina|94\/100 tox|[from] item: Leftovers\n|-damage|p2a: Primarina|82\/100 tox|[from] psn\n|upkeep\n|turn|11\n|\n|t:|1700336140\n|switch|p1a: Tory Pollution|Weezing-Galar, M|100\/100\n|move|p2a: Primarina|Moonblast|p1a: Tory Pollution\n|-resisted|p1a: Tory Pollution\n|-damage|p1a: Tory Pollution|75\/100\n|-unboost|p1a: Tory Pollution|spa|1\n|\n|-heal|p1a: Tory Pollution|81\/100|[from] item: Leftovers\n|-heal|p2a: Primarina|88\/100 tox|[from] item: Leftovers\n|-damage|p2a: Primarina|70\/100 tox|[from] psn\n|upkeep\n|turn|12\n|\n|t:|1700336180\n|switch|p2a: Thundurus|Thundurus-Therian, M|100\/100\n|move|p1a: Tory Pollution|Pain Split|p2a: Thundurus\n|-sethp|p2a: Thundurus|95\/100|[from] move: Pain Split|[silent]\n|-sethp|p1a: Tory Pollution|85\/100|[from] move: Pain Split\n|\n|-heal|p1a: Tory Pollution|91\/100|[from] item: Leftovers\n|upkeep\n|turn|13\n|\n|t:|1700336194\n|switch|p1a: Goggle MAN|Flygon, M, shiny|100\/100\n|move|p2a: Thundurus|Psychic|p1a: Goggle MAN\n|-damage|p1a: Goggle MAN|69\/100\n|-unboost|p1a: Goggle MAN|spd|1\n|\n|upkeep\n|turn|14\n|\n|t:|1700336274\n|switch|p1a: THE HEALMOBILE|Latias, F|76\/100\n|move|p2a: Thundurus|Psychic|p1a: THE HEALMOBILE\n|-resisted|p1a: THE HEALMOBILE\n|-damage|p1a: THE HEALMOBILE|54\/100\n|\n|upkeep\n|turn|15\n|j| blackdog78\n|\n|t:|1700336360\n|switch|p2a: Iron Valiant|Iron Valiant|100\/100\n|-enditem|p2a: Iron Valiant|Booster Energy\n|-activate|p2a: Iron Valiant|ability: Quark Drive|[fromitem]\n|-start|p2a: Iron Valiant|quarkdrivespe\n|move|p1a: THE HEALMOBILE|Psychic|p2a: Iron Valiant\n|-supereffective|p2a: Iron Valiant\n|-damage|p2a: Iron Valiant|0 fnt\n|faint|p2a: Iron Valiant\n|-end|p2a: Iron Valiant|Quark Drive|[silent]\n|\n|upkeep\n|\n|t:|1700336376\n|switch|p2a: Whimsicott|Whimsicott, M|100\/100\n|turn|16\n|\n|t:|1700336385\n|switch|p1a: Floofy Boi|Volcarona, M|100\/100\n|move|p2a: Whimsicott|Tailwind|p2a: Whimsicott\n|-sidestart|p2: SyedAhmed1212|move: Tailwind\n|\n|upkeep\n|turn|17\n|\n|t:|1700336410\n|switch|p1a: Mr Swole|Drapion, F, shiny|73\/100\n|move|p2a: Whimsicott|U-turn|p1a: Mr Swole\n|-damage|p1a: Mr Swole|63\/100\n|\n|t:|1700336429\n|switch|p2a: Charizard|Charizard, F|100\/100|[from] U-turn\n|\n|upkeep\n|turn|18\n|\n|t:|1700336447\n|switch|p1a: THEVOICESTHEVOICES|Marshtomp, M|100\/100\n|detailschange|p2a: Charizard|Charizard-Mega-X, F\n|-mega|p2a: Charizard|Charizard|Charizardite X\n|move|p2a: Charizard|Earthquake|p1a: THEVOICESTHEVOICES\n|-damage|p1a: THEVOICESTHEVOICES|79\/100\n|\n|upkeep\n|turn|19\n|c| W.MossdeepWalrein|He's just a little guy\n|\n|t:|1700336479\n|switch|p2a: Thundurus|Thundurus-Therian, M|95\/100\n|move|p1a: THEVOICESTHEVOICES|Toxic|p2a: Thundurus\n|-status|p2a: Thundurus|tox\n|\n|-damage|p2a: Thundurus|89\/100 tox|[from] psn\n|-sideend|p2: SyedAhmed1212|move: Tailwind\n|upkeep\n|turn|20\n|\n|t:|1700336489\n|move|p1a: THEVOICESTHEVOICES|Protect|p1a: THEVOICESTHEVOICES\n|-singleturn|p1a: THEVOICESTHEVOICES|Protect\n|move|p2a: Thundurus|Psychic|p1a: THEVOICESTHEVOICES\n|-activate|p1a: THEVOICESTHEVOICES|move: Protect\n|\n|-damage|p2a: Thundurus|77\/100 tox|[from] psn\n|upkeep\n|turn|21\n|c|\u2606SyedAhmed1212|accurate name ngl he does look like a lil guy who hears voices\n|\n|t:|1700336523\n|switch|p1a: Mr Swole|Drapion, F, shiny|63\/100\n|move|p2a: Thundurus|Psychic|p1a: Mr Swole\n|-immune|p1a: Mr Swole\n|\n|-damage|p2a: Thundurus|59\/100 tox|[from] psn\n|upkeep\n|turn|22\n|\n|t:|1700336541\n|switch|p2a: Dudunsparce|Dudunsparce, F|71\/100 tox\n|move|p1a: Mr Swole|Knock Off|p2a: Dudunsparce\n|-damage|p2a: Dudunsparce|43\/100 tox\n|-enditem|p2a: Dudunsparce|Leftovers|[from] move: Knock Off|[of] p1a: Mr Swole\n|\n|-damage|p2a: Dudunsparce|36\/100 tox|[from] psn\n|upkeep\n|turn|23\n|\n|t:|1700336578\n|switch|p1a: Tory Pollution|Weezing-Galar, M|91\/100\n|move|p2a: Dudunsparce|Earthquake|p1a: Tory Pollution\n|-immune|p1a: Tory Pollution|[from] ability: Levitate\n|\n|-heal|p1a: Tory Pollution|97\/100|[from] item: Leftovers\n|-damage|p2a: Dudunsparce|24\/100 tox|[from] psn\n|upkeep\n|turn|24\n|\n|t:|1700336598\n|switch|p2a: Thundurus|Thundurus-Therian, M|59\/100 tox\n|move|p1a: Tory Pollution|Sludge Wave|p2a: Thundurus\n|-damage|p2a: Thundurus|19\/100 tox\n|\n|-heal|p1a: Tory Pollution|100\/100|[from] item: Leftovers\n|-damage|p2a: Thundurus|13\/100 tox|[from] psn\n|upkeep\n|turn|25\n|\n|t:|1700336612\n|switch|p1a: Goggle MAN|Flygon, M, shiny|69\/100\n|move|p2a: Thundurus|Psychic|p1a: Goggle MAN\n|-damage|p1a: Goggle MAN|36\/100\n|\n|-damage|p2a: Thundurus|0 fnt|[from] psn\n|faint|p2a: Thundurus\n|upkeep\n|\n|t:|1700336634\n|switch|p2a: Primarina|Primarina, F|70\/100 tox\n|turn|26\n|\n|t:|1700336651\n|move|p1a: Goggle MAN|U-turn|p2a: Primarina\n|-resisted|p2a: Primarina\n|-damage|p2a: Primarina|58\/100 tox\n|\n|t:|1700336662\n|switch|p1a: Tory Pollution|Weezing-Galar, M|100\/100|[from] U-turn\n|move|p2a: Primarina|Hyper Voice|p1a: Tory Pollution\n|-damage|p1a: Tory Pollution|56\/100\n|\n|-heal|p1a: Tory Pollution|62\/100|[from] item: Leftovers\n|-heal|p2a: Primarina|64\/100 tox|[from] item: Leftovers\n|-damage|p2a: Primarina|58\/100 tox|[from] psn\n|upkeep\n|turn|27\n|l| blackdog78\n|j| blackdog78\n|\n|t:|1700336707\n|switch|p2a: Whimsicott|Whimsicott, M|100\/100\n|move|p1a: Tory Pollution|Sludge Wave|p2a: Whimsicott\n|-supereffective|p2a: Whimsicott\n|-damage|p2a: Whimsicott|0 fnt\n|faint|p2a: Whimsicott\n|\n|-heal|p1a: Tory Pollution|68\/100|[from] item: Leftovers\n|upkeep\n|\n|t:|1700336712\n|switch|p2a: Charizard|Charizard-Mega-X, F|100\/100\n|turn|28\n|\n|t:|1700336761\n|switch|p1a: THEVOICESTHEVOICES|Marshtomp, M|79\/100\n|move|p2a: Charizard|Dragon Dance|p2a: Charizard\n|-boost|p2a: Charizard|atk|1\n|-boost|p2a: Charizard|spe|1\n|\n|upkeep\n|turn|29\n|\n|t:|1700336792\n|move|p2a: Charizard|Flare Blitz|p1a: THEVOICESTHEVOICES\n|-resisted|p1a: THEVOICESTHEVOICES\n|-damage|p1a: THEVOICESTHEVOICES|40\/100\n|-damage|p2a: Charizard|86\/100|[from] Recoil\n|move|p1a: THEVOICESTHEVOICES|Earthquake|p2a: Charizard\n|-supereffective|p2a: Charizard\n|-damage|p2a: Charizard|21\/100\n|\n|upkeep\n|turn|30\n|\n|t:|1700336805\n|move|p2a: Charizard|Shadow Claw|p1a: THEVOICESTHEVOICES\n|-damage|p1a: THEVOICESTHEVOICES|13\/100\n|move|p1a: THEVOICESTHEVOICES|Earthquake|p2a: Charizard\n|-supereffective|p2a: Charizard\n|-damage|p2a: Charizard|0 fnt\n|faint|p2a: Charizard\n|\n|upkeep\n|\n|t:|1700336821\n|switch|p2a: Dudunsparce|Dudunsparce, F|24\/100 tox\n|turn|31\n|\n|t:|1700336835\n|switch|p1a: THE HEALMOBILE|Latias, F|54\/100\n|move|p2a: Dudunsparce|Ice Spinner|p1a: THE HEALMOBILE\n|-supereffective|p1a: THE HEALMOBILE\n|-damage|p1a: THE HEALMOBILE|0 fnt\n|faint|p1a: THE HEALMOBILE\n|\n|-damage|p2a: Dudunsparce|18\/100 tox|[from] psn\n|upkeep\n|\n|t:|1700336856\n|switch|p1a: Goggle MAN|Flygon, M, shiny|36\/100\n|turn|32\n|\n|t:|1700336861\n|move|p1a: Goggle MAN|U-turn|p2a: Dudunsparce\n|-damage|p2a: Dudunsparce|0 fnt\n|faint|p2a: Dudunsparce\n|\n|t:|1700336868\n|switch|p1a: Tory Pollution|Weezing-Galar, M|68\/100|[from] U-turn\n|\n|-heal|p1a: Tory Pollution|74\/100|[from] item: Leftovers\n|upkeep\n|\n|t:|1700336873\n|switch|p2a: Primarina|Primarina, F|58\/100 tox\n|turn|33\n|\n|t:|1700336880\n|move|p1a: Tory Pollution|Sludge Wave|p2a: Primarina\n|-supereffective|p2a: Primarina\n|-damage|p2a: Primarina|12\/100 tox\n|move|p2a: Primarina|Hyper Voice|p1a: Tory Pollution\n|-damage|p1a: Tory Pollution|29\/100\n|\n|-heal|p1a: Tory Pollution|35\/100|[from] item: Leftovers\n|-heal|p2a: Primarina|18\/100 tox|[from] item: Leftovers\n|-damage|p2a: Primarina|12\/100 tox|[from] psn\n|upkeep\n|turn|34\n|c|\u2606SyedAhmed1212|gg\n|\n|t:|1700336893\n|move|p1a: Tory Pollution|Sludge Wave|p2a: Primarina\n|-supereffective|p2a: Primarina\n|-damage|p2a: Primarina|0 fnt\n|faint|p2a: Primarina\n|\n|win|Clustermuk\n|l| Goldenrod Dewgongs\n|c|\u2606Clustermuk|gg wp\n|l| blackdog78\n|c|\u2606SyedAhmed1212|ko'd one of them ill take it TT\n","uploadtime":1700336900,"views":41,"p1id":"clustermuk","p2id":"syedahmed1212","formatid":"gen9nationaldex","rating":0,"private":0,"password":""}