{"id":"gen9nationaldex-1998997792","p1":"PU Rules","p2":"MarcusTalks","format":"[Gen 9] National Dex","log":"|html|<div class=\"broadcast-blue\"><strong>[Gen 9] National Dex is currently suspecting Sneasler! For information on how to participate check out the <a href=\"https:\/\/www.smogon.com\/forums\/threads\/sv-national-dex-suspect-8-just-dance.3731534\/\">suspect thread<\/a>.<\/strong><\/div>\n|j|\u2606PU Rules\n|j|\u2606MarcusTalks\n|t:|1701022212\n|gametype|singles\n|player|p1|PU Rules|gentleman-gen4|\n|player|p2|MarcusTalks|steven|\n|teamsize|p1|6\n|teamsize|p2|6\n|gen|9\n|tier|[Gen 9] National Dex\n|rule|HP Percentage Mod: HP is shown in percentages\n|rule|Endless Battle Clause: Forcing endless battles is banned\n|rule|OHKO Clause: OHKO moves are banned\n|rule|Evasion Clause: Evasion abilities, items, and moves are banned\n|rule|Evasion Abilities Clause: Evasion abilities are banned\n|rule|Evasion Items Clause: Evasion items are banned\n|rule|Evasion Moves Clause: Evasion moves are banned\n|rule|Species Clause: Limit one of each Pok\u00e9mon\n|rule|Sleep Clause Mod: Limit one foe put to sleep\n|clearpoke\n|poke|p1|Corsola-Galar, M|\n|poke|p1|Mesprit|\n|poke|p1|Aggron, M|\n|poke|p1|Rotom-Fan|\n|poke|p1|Lycanroc-Midnight, F|\n|poke|p1|Audino, M|\n|poke|p2|Aegislash, M|\n|poke|p2|Ceruledge, M|\n|poke|p2|Sinistcha-Masterpiece|\n|poke|p2|Cofagrigus, M|\n|poke|p2|Rotom|\n|poke|p2|Lopunny, F|\n|teampreview\n|c|\u2606PU Rules|Gl\n|c|\u2606MarcusTalks|Nice team\n|c|\u2606PU Rules|Ty ty\n|\n|t:|1701022230\n|start\n|switch|p1a: Mesprit|Mesprit|100\/100\n|switch|p2a: Lopunny|Lopunny, F, shiny|100\/100\n|turn|1\n|\n|t:|1701022237\n|detailschange|p2a: Lopunny|Lopunny-Mega, F, shiny\n|-mega|p2a: Lopunny|Lopunny|Lopunnite\n|move|p2a: Lopunny|Fake Out|p1a: Mesprit\n|-damage|p1a: Mesprit|79\/100\n|cant|p1a: Mesprit|flinch\n|\n|upkeep\n|turn|2\n|\n|t:|1701022248\n|switch|p2a: Aegislash|Aegislash, M, shiny|100\/100\n|move|p1a: Mesprit|Drain Punch|p2a: Aegislash\n|-immune|p2a: Aegislash\n|\n|upkeep\n|turn|3\n|\n|t:|1701022264\n|move|p1a: Mesprit|Knock Off|p2a: Aegislash\n|-supereffective|p2a: Aegislash\n|-damage|p2a: Aegislash|52\/100\n|-enditem|p2a: Aegislash|Leftovers|[from] move: Knock Off|[of] p1a: Mesprit\n|-formechange|p2a: Aegislash|Aegislash-Blade||[from] ability: Stance Change\n|move|p2a: Aegislash|Flash Cannon|p1a: Mesprit\n|-damage|p1a: Mesprit|36\/100\n|\n|upkeep\n|turn|4\n|\n|t:|1701022281\n|switch|p2a: Lopunny|Lopunny-Mega, F, shiny|100\/100\n|move|p1a: Mesprit|U-turn|p2a: Lopunny\n|-resisted|p2a: Lopunny\n|-damage|p2a: Lopunny|85\/100\n|\n|t:|1701022284\n|switch|p1a: Corsola|Corsola-Galar, M|100\/100|[from] U-turn\n|\n|upkeep\n|turn|5\n|\n|t:|1701022289\n|move|p2a: Lopunny|Fake Out|p1a: Corsola\n|-damage|p1a: Corsola|84\/100\n|cant|p1a: Corsola|flinch\n|\n|upkeep\n|turn|6\n|\n|t:|1701022295\n|switch|p2a: Cofagrigus|Cofagrigus, M|100\/100\n|move|p1a: Corsola|Strength Sap|p2a: Cofagrigus\n|-unboost|p2a: Cofagrigus|atk|1\n|-heal|p1a: Corsola|100\/100\n|\n|upkeep\n|turn|7\n|\n|t:|1701022303\n|switch|p1a: Audino|Audino, M|100\/100\n|move|p2a: Cofagrigus|Knock Off|p1a: Audino\n|-damage|p1a: Audino|92\/100\n|-enditem|p1a: Audino|Leftovers|[from] move: Knock Off|[of] p2a: Cofagrigus\n|\n|upkeep\n|turn|8\n|\n|t:|1701022311\n|move|p1a: Audino|Wish|p1a: Audino\n|move|p2a: Cofagrigus|Toxic Spikes|p1a: Audino\n|-sidestart|p1: PU Rules|move: Toxic Spikes\n|\n|upkeep\n|turn|9\n|\n|t:|1701022315\n|move|p1a: Audino|Knock Off|p2a: Cofagrigus\n|-supereffective|p2a: Cofagrigus\n|-damage|p2a: Cofagrigus|84\/100\n|-activate|p2a: Cofagrigus|ability: Mummy|Regenerator|[of] p1a: Audino\n|-enditem|p2a: Cofagrigus|Leftovers|[from] move: Knock Off|[of] p1a: Audino\n|move|p2a: Cofagrigus|Toxic Spikes|p1a: Audino\n|-sidestart|p1: PU Rules|move: Toxic Spikes\n|\n|-heal|p1a: Audino|100\/100|[from] move: Wish|[wisher] Audino\n|upkeep\n|turn|10\n|\n|t:|1701022327\n|move|p1a: Audino|Wish|p1a: Audino\n|move|p2a: Cofagrigus|Substitute|p2a: Cofagrigus\n|-start|p2a: Cofagrigus|Substitute\n|-damage|p2a: Cofagrigus|59\/100\n|\n|upkeep\n|turn|11\n|\n|t:|1701022335\n|switch|p1a: Mesprit|Mesprit|36\/100\n|move|p2a: Cofagrigus|Pain Split|p1a: Mesprit\n|-sethp|p1a: Mesprit|49\/100|[from] move: Pain Split|[silent]\n|-sethp|p2a: Cofagrigus|46\/100|[from] move: Pain Split\n|\n|-heal|p1a: Mesprit|100\/100|[from] move: Wish|[wisher] Audino\n|upkeep\n|turn|12\n|\n|t:|1701022345\n|move|p1a: Mesprit|Knock Off|p2a: Cofagrigus\n|-supereffective|p2a: Cofagrigus\n|-activate|p2a: Cofagrigus|move: Substitute|[damage]\n|move|p2a: Cofagrigus|Pain Split|p1a: Mesprit\n|-sethp|p1a: Mesprit|75\/100|[from] move: Pain Split|[silent]\n|-sethp|p2a: Cofagrigus|70\/100|[from] move: Pain Split\n|\n|upkeep\n|turn|13\n|\n|t:|1701022352\n|move|p1a: Mesprit|Knock Off|p2a: Cofagrigus\n|-supereffective|p2a: Cofagrigus\n|-end|p2a: Cofagrigus|Substitute\n|move|p2a: Cofagrigus|Knock Off|p1a: Mesprit\n|-supereffective|p1a: Mesprit\n|-damage|p1a: Mesprit|61\/100\n|\n|upkeep\n|turn|14\n|\n|t:|1701022360\n|switch|p2a: Lopunny|Lopunny-Mega, F, shiny|85\/100\n|move|p1a: Mesprit|Knock Off|p2a: Lopunny\n|-resisted|p2a: Lopunny\n|-damage|p2a: Lopunny|71\/100\n|\n|upkeep\n|turn|15\n|\n|t:|1701022367\n|move|p2a: Lopunny|Fake Out|p1a: Mesprit\n|-damage|p1a: Mesprit|37\/100\n|cant|p1a: Mesprit|flinch\n|\n|upkeep\n|turn|16\n|\n|t:|1701022373\n|move|p2a: Lopunny|Return|p1a: Mesprit\n|-damage|p1a: Mesprit|0 fnt\n|faint|p1a: Mesprit\n|\n|upkeep\n|\n|t:|1701022377\n|switch|p1a: Rotom|Rotom-Fan|100\/100\n|turn|17\n|\n|t:|1701022397\n|move|p2a: Lopunny|Ice Punch|p1a: Rotom\n|-supereffective|p1a: Rotom\n|-damage|p1a: Rotom|28\/100\n|move|p1a: Rotom|Defog|p2a: Lopunny\n|-unboost|p2a: Lopunny|evasion|1\n|-sideend|p1: PU Rules|Toxic Spikes|[from] move: Defog|[of] p1a: Rotom\n|\n|upkeep\n|turn|18\n|\n|t:|1701022408\n|switch|p1a: Corsola|Corsola-Galar, M|100\/100\n|move|p2a: Lopunny|Return|p1a: Corsola\n|-damage|p1a: Corsola|63\/100\n|-start|p2a: Lopunny|Disable|Return|[from] ability: Cursed Body|[of] p1a: Corsola\n|\n|upkeep\n|turn|19\n|\n|t:|1701022416\n|move|p2a: Lopunny|High Jump Kick|p1a: Corsola\n|-damage|p1a: Corsola|13\/100\n|move|p1a: Corsola|Strength Sap|p2a: Lopunny\n|-unboost|p2a: Lopunny|atk|1\n|-heal|p1a: Corsola|100\/100\n|\n|upkeep\n|turn|20\n|c|\u2606MarcusTalks|So close\n|\n|t:|1701022430\n|switch|p2a: Sinistcha|Sinistcha-Masterpiece, shiny|100\/100\n|move|p1a: Corsola|Night Shade|p2a: Sinistcha\n|-damage|p2a: Sinistcha|72\/100\n|\n|-heal|p2a: Sinistcha|78\/100|[from] item: Leftovers\n|upkeep\n|turn|21\n|c|\u2606PU Rules|Yet so far away\n|\n|t:|1701022442\n|move|p2a: Sinistcha|Calm Mind|p2a: Sinistcha\n|-boost|p2a: Sinistcha|spa|1\n|-boost|p2a: Sinistcha|spd|1\n|move|p1a: Corsola|Night Shade|p2a: Sinistcha\n|-damage|p2a: Sinistcha|49\/100\n|\n|-heal|p2a: Sinistcha|55\/100|[from] item: Leftovers\n|upkeep\n|turn|22\n|\n|t:|1701022451\n|move|p2a: Sinistcha|Matcha Gotcha|p1a: Corsola|[miss]\n|-miss|p2a: Sinistcha|p1a: Corsola\n|move|p1a: Corsola|Haze|p1a: Corsola\n|-clearallboost\n|\n|-heal|p2a: Sinistcha|61\/100|[from] item: Leftovers\n|upkeep\n|turn|23\n|\n|t:|1701022469\n|move|p2a: Sinistcha|Matcha Gotcha|p1a: Corsola\n|-damage|p1a: Corsola|76\/100\n|-heal|p2a: Sinistcha|72\/100|[from] drain|[of] p1a: Corsola\n|move|p1a: Corsola|Night Shade|p2a: Sinistcha\n|-damage|p2a: Sinistcha|43\/100\n|\n|-heal|p2a: Sinistcha|49\/100|[from] item: Leftovers\n|upkeep\n|turn|24\n|\n|t:|1701022479\n|switch|p2a: Lopunny|Lopunny-Mega, F, shiny|71\/100\n|move|p1a: Corsola|Night Shade|p2a: Lopunny\n|-immune|p2a: Lopunny\n|\n|upkeep\n|turn|25\n|\n|t:|1701022486\n|move|p2a: Lopunny|Fake Out|p1a: Corsola\n|-damage|p1a: Corsola|60\/100\n|cant|p1a: Corsola|flinch\n|\n|upkeep\n|turn|26\n|\n|t:|1701022491\n|switch|p2a: Cofagrigus|Cofagrigus, M|70\/100\n|move|p1a: Corsola|Strength Sap|p2a: Cofagrigus\n|-unboost|p2a: Cofagrigus|atk|1\n|-heal|p1a: Corsola|100\/100\n|\n|upkeep\n|turn|27\n|\n|t:|1701022499\n|switch|p1a: Aggron|Aggron, M|100\/100\n|move|p2a: Cofagrigus|Knock Off|p1a: Aggron\n|-damage|p1a: Aggron|95\/100\n|-enditem|p1a: Aggron|Choice Band|[from] move: Knock Off|[of] p2a: Cofagrigus\n|\n|upkeep\n|turn|28\n|\n|t:|1701022508\n|move|p1a: Aggron|Head Smash|p2a: Cofagrigus\n|-damage|p2a: Cofagrigus|22\/100\n|-activate|p2a: Cofagrigus|ability: Mummy|Rock Head|[of] p1a: Aggron\n|-damage|p1a: Aggron|73\/100|[from] Recoil\n|move|p2a: Cofagrigus|Toxic Spikes|p1a: Aggron\n|-sidestart|p1: PU Rules|move: Toxic Spikes\n|\n|upkeep\n|turn|29\n|\n|t:|1701022519\n|switch|p2a: Aegislash|Aegislash, M, shiny|52\/100\n|move|p1a: Aggron|Crunch|p2a: Aegislash\n|-supereffective|p2a: Aegislash\n|-damage|p2a: Aegislash|7\/100\n|\n|upkeep\n|turn|30\n|\n|t:|1701022527\n|move|p2a: Aegislash|King's Shield|p2a: Aegislash\n|-singleturn|p2a: Aegislash|Protect\n|move|p1a: Aggron|Crunch|p2a: Aegislash\n|-activate|p2a: Aegislash|move: Protect\n|-unboost|p1a: Aggron|atk|1\n|\n|upkeep\n|turn|31\n|\n|t:|1701022539\n|switch|p2a: Lopunny|Lopunny-Mega, F, shiny|71\/100\n|move|p1a: Aggron|Heavy Slam|p2a: Lopunny\n|-damage|p2a: Lopunny|16\/100\n|\n|upkeep\n|turn|32\n|\n|t:|1701022576\n|move|p2a: Lopunny|Fake Out|p1a: Aggron\n|-resisted|p1a: Aggron\n|-damage|p1a: Aggron|70\/100\n|-activate|p1a: Aggron|ability: Mummy|Scrappy|[of] p2a: Lopunny\n|cant|p1a: Aggron|flinch\n|\n|upkeep\n|turn|33\n|l|\u2606PU Rules\n|player|p1|\n|j|\u2606PU Rules\n|player|p1|PU Rules|gentleman-gen4\n|\n|t:|1701022625\n|switch|p2a: Aegislash|Aegislash, M, shiny|7\/100\n|switch|p1a: Corsola|Corsola-Galar, M|100\/100\n|-status|p1a: Corsola|psn\n|\n|-damage|p1a: Corsola|88\/100 psn|[from] psn\n|upkeep\n|turn|34\n|\n|t:|1701022643\n|switch|p2a: Cofagrigus|Cofagrigus, M|22\/100\n|move|p1a: Corsola|Night Shade|p2a: Cofagrigus\n|-damage|p2a: Cofagrigus|0 fnt\n|faint|p2a: Cofagrigus\n|\n|-damage|p1a: Corsola|76\/100 psn|[from] psn\n|upkeep\n|\n|t:|1701022652\n|switch|p2a: Sinistcha|Sinistcha-Masterpiece, shiny|49\/100\n|turn|35\n|\n|t:|1701022664\n|switch|p1a: Audino|Audino, M|100\/100\n|-status|p1a: Audino|psn\n|move|p2a: Sinistcha|Hex|p1a: Audino\n|-immune|p1a: Audino\n|\n|-heal|p2a: Sinistcha|55\/100|[from] item: Leftovers\n|-damage|p1a: Audino|88\/100 psn|[from] psn\n|upkeep\n|turn|36\n|\n|t:|1701022670\n|move|p2a: Sinistcha|Calm Mind|p2a: Sinistcha\n|-boost|p2a: Sinistcha|spa|1\n|-boost|p2a: Sinistcha|spd|1\n|move|p1a: Audino|Heal Bell|p1a: Audino\n|-activate|p1a: Audino|move: Heal Bell\n|-curestatus|p1a: Audino|psn|[msg]\n|-curestatus|p1: Corsola|psn|[msg]\n|\n|-heal|p2a: Sinistcha|61\/100|[from] item: Leftovers\n|upkeep\n|turn|37\n|\n|t:|1701022682\n|move|p2a: Sinistcha|Matcha Gotcha|p1a: Audino\n|-damage|p1a: Audino|43\/100\n|-heal|p2a: Sinistcha|88\/100|[from] drain|[of] p1a: Audino\n|move|p1a: Audino|Knock Off|p2a: Sinistcha\n|-supereffective|p2a: Sinistcha\n|-damage|p2a: Sinistcha|61\/100\n|-enditem|p2a: Sinistcha|Leftovers|[from] move: Knock Off|[of] p1a: Audino\n|\n|upkeep\n|turn|38\n|\n|t:|1701022698\n|move|p1a: Audino|Protect|p1a: Audino\n|-singleturn|p1a: Audino|Protect\n|move|p2a: Sinistcha|Matcha Gotcha|p1a: Audino\n|-activate|p1a: Audino|move: Protect\n|\n|upkeep\n|turn|39\n|\n|t:|1701022719\n|move|p2a: Sinistcha|Calm Mind|p2a: Sinistcha\n|-boost|p2a: Sinistcha|spa|1\n|-boost|p2a: Sinistcha|spd|1\n|move|p1a: Audino|Wish|p1a: Audino\n|\n|upkeep\n|turn|40\n|\n|t:|1701022727\n|switch|p1a: Corsola|Corsola-Galar, M|76\/100\n|-status|p1a: Corsola|psn\n|move|p2a: Sinistcha|Calm Mind|p2a: Sinistcha\n|-boost|p2a: Sinistcha|spa|1\n|-boost|p2a: Sinistcha|spd|1\n|\n|-heal|p1a: Corsola|100\/100 psn|[from] move: Wish|[wisher] Audino\n|-damage|p1a: Corsola|88\/100 psn|[from] psn\n|upkeep\n|turn|41\n|\n|t:|1701022747\n|move|p2a: Sinistcha|Hex|p1a: Corsola\n|-supereffective|p1a: Corsola\n|-damage|p1a: Corsola|0 fnt\n|faint|p1a: Corsola\n|\n|upkeep\n|\n|t:|1701022753\n|switch|p1a: Rotom|Rotom-Fan|28\/100\n|turn|42\n|\n|t:|1701022764\n|move|p1a: Rotom|Air Slash|p2a: Sinistcha|[miss]\n|-miss|p1a: Rotom|p2a: Sinistcha\n|move|p2a: Sinistcha|Hex|p1a: Rotom\n|-damage|p1a: Rotom|0 fnt\n|faint|p1a: Rotom\n|\n|upkeep\n|\n|t:|1701022769\n|switch|p1a: Aggron|Aggron, M|70\/100\n|turn|43\n|\n|t:|1701022776\n|-terastallize|p2a: Sinistcha|Water\n|-terastallize|p1a: Aggron|Steel\n|move|p2a: Sinistcha|Tera Blast|p1a: Aggron|[anim] Tera Blast Water\n|-damage|p1a: Aggron|0 fnt\n|faint|p1a: Aggron\n|\n|upkeep\n|\n|t:|1701022782\n|switch|p1a: Lycanroc|Lycanroc-Midnight, F|100\/100\n|-status|p1a: Lycanroc|psn\n|turn|44\n|c|\u2606PU Rules|Gg\n|\n|t:|1701022788\n|move|p1a: Lycanroc|Stone Edge|p2a: Sinistcha\n|-damage|p2a: Sinistcha|20\/100\n|move|p2a: Sinistcha|Matcha Gotcha|p1a: Lycanroc\n|-supereffective|p1a: Lycanroc\n|-damage|p1a: Lycanroc|0 fnt\n|-heal|p2a: Sinistcha|65\/100|[from] drain|[of] p1a: Lycanroc\n|faint|p1a: Lycanroc\n|\n|upkeep\n|\n|t:|1701022791\n|switch|p1a: Audino|Audino, M|76\/100\n|-status|p1a: Audino|psn\n|turn|45\n|\n|t:|1701022803\n|move|p2a: Sinistcha|Matcha Gotcha|p1a: Audino|[miss]\n|-miss|p2a: Sinistcha|p1a: Audino\n|move|p1a: Audino|Wish|p1a: Audino\n|\n|-damage|p1a: Audino|63\/100 psn|[from] psn\n|upkeep\n|turn|46\n|\n|t:|1701022815\n|move|p1a: Audino|Protect|p1a: Audino\n|-singleturn|p1a: Audino|Protect\n|move|p2a: Sinistcha|Calm Mind|p2a: Sinistcha\n|-boost|p2a: Sinistcha|spa|1\n|-boost|p2a: Sinistcha|spd|1\n|\n|-heal|p1a: Audino|100\/100 psn|[from] move: Wish|[wisher] Audino\n|-damage|p1a: Audino|88\/100 psn|[from] psn\n|upkeep\n|turn|47\n|c|\u2606MarcusTalks|Gg\n|\n|t:|1701022825\n|move|p2a: Sinistcha|Matcha Gotcha|p1a: Audino\n|-damage|p1a: Audino|7\/100 psn\n|-heal|p2a: Sinistcha|100\/100|[from] drain|[of] p1a: Audino\n|move|p1a: Audino|Wish|p1a: Audino\n|\n|-damage|p1a: Audino|0 fnt|[from] psn\n|faint|p1a: Audino\n|\n|win|MarcusTalks\n|upkeep\n|l|\u2606PU Rules\n","uploadtime":1701022836,"views":8,"p1id":"purules","p2id":"marcustalks","formatid":"gen9nationaldex","rating":0,"private":0,"password":""}