{"id":"gen9nationaldex-1988754617","p1":"The_Fl000rd","p2":"Mieppie","format":"[Gen 9] National Dex","log":"|j|\u2606The_Fl000rd\n|j|\u2606Mieppie\n|t:|1699758891\n|gametype|singles\n|player|p1|The_Fl000rd|waiter|1067\n|player|p2|Mieppie|lady|1073\n|teamsize|p1|6\n|teamsize|p2|6\n|gen|9\n|tier|[Gen 9] National Dex\n|rated|\n|rule|HP Percentage Mod: HP is shown in percentages\n|rule|Endless Battle Clause: Forcing endless battles is banned\n|rule|OHKO Clause: OHKO moves are banned\n|rule|Evasion Clause: Evasion abilities, items, and moves are banned\n|rule|Evasion Abilities Clause: Evasion abilities are banned\n|rule|Evasion Items Clause: Evasion items are banned\n|rule|Evasion Moves Clause: Evasion moves are banned\n|rule|Species Clause: Limit one of each Pok\u00e9mon\n|rule|Sleep Clause Mod: Limit one foe put to sleep\n|clearpoke\n|poke|p1|Mienshao, M|\n|poke|p1|Glimmora, M|\n|poke|p1|Charizard, M|\n|poke|p1|Infernape, F|\n|poke|p1|Pyukumuku, F|\n|poke|p1|Xurkitree|\n|poke|p2|Vaporeon, M|\n|poke|p2|Dubwool, M|\n|poke|p2|Charizard, F|\n|poke|p2|Tyranitar, M|\n|poke|p2|Excadrill, F|\n|poke|p2|Haxorus, F|\n|teampreview\n|\n|t:|1699758906\n|start\n|switch|p1a: \ud83d\udc85|Mienshao, M, shiny|100\/100\n|switch|p2a: Vaporeon|Vaporeon, M|100\/100\n|turn|1\n|\n|t:|1699758932\n|move|p1a: \ud83d\udc85|Hone Claws|p1a: \ud83d\udc85\n|-boost|p1a: \ud83d\udc85|atk|1\n|-boost|p1a: \ud83d\udc85|accuracy|1\n|move|p2a: Vaporeon|Wish|p2a: Vaporeon\n|\n|upkeep\n|turn|2\n|\n|t:|1699758937\n|move|p1a: \ud83d\udc85|Hone Claws|p1a: \ud83d\udc85\n|-boost|p1a: \ud83d\udc85|atk|1\n|-boost|p1a: \ud83d\udc85|accuracy|1\n|move|p2a: Vaporeon|Scald|p1a: \ud83d\udc85\n|-damage|p1a: \ud83d\udc85|42\/100\n|\n|upkeep\n|turn|3\n|\n|t:|1699758948\n|move|p1a: \ud83d\udc85|High Jump Kick|p2a: Vaporeon\n|-damage|p2a: Vaporeon|0 fnt\n|faint|p2a: Vaporeon\n|-damage|p1a: \ud83d\udc85|32\/100|[from] item: Life Orb\n|\n|upkeep\n|\n|t:|1699758970\n|switch|p2a: Charizard|Charizard, F|100\/100\n|turn|4\n|\n|t:|1699758978\n|detailschange|p2a: Charizard|Charizard-Mega-Y, F\n|-mega|p2a: Charizard|Charizard|Charizardite Y\n|-weather|SunnyDay|[from] ability: Drought|[of] p2a: Charizard\n|move|p1a: \ud83d\udc85|Stone Edge|p2a: Charizard\n|-supereffective|p2a: Charizard\n|-damage|p2a: Charizard|0 fnt\n|faint|p2a: Charizard\n|-damage|p1a: \ud83d\udc85|22\/100|[from] item: Life Orb\n|\n|-weather|SunnyDay|[upkeep]\n|upkeep\n|\n|t:|1699758985\n|switch|p2a: Haxorus|Haxorus, F, shiny|100\/100\n|-ability|p2a: Haxorus|Mold Breaker\n|turn|5\n|\n|t:|1699758998\n|move|p1a: \ud83d\udc85|High Jump Kick|p2a: Haxorus\n|-enditem|p2a: Haxorus|Focus Sash\n|-damage|p2a: Haxorus|1\/100\n|-damage|p1a: \ud83d\udc85|12\/100|[from] item: Life Orb\n|move|p2a: Haxorus|Dragon Dance|p2a: Haxorus\n|-boost|p2a: Haxorus|atk|1\n|-boost|p2a: Haxorus|spe|1\n|\n|-weather|SunnyDay|[upkeep]\n|upkeep\n|turn|6\n|\n|t:|1699759011\n|switch|p1a: sea cucumber|Pyukumuku, F, shiny|100\/100\n|move|p2a: Haxorus|Iron Head|p1a: sea cucumber\n|-resisted|p1a: sea cucumber\n|-damage|p1a: sea cucumber|81\/100\n|\n|-weather|SunnyDay|[upkeep]\n|-heal|p1a: sea cucumber|87\/100|[from] item: Leftovers\n|upkeep\n|turn|7\n|\n|t:|1699759021\n|-terastallize|p2a: Haxorus|Dragon\n|move|p2a: Haxorus|Outrage|p1a: sea cucumber\n|-damage|p1a: sea cucumber|0 fnt\n|faint|p1a: sea cucumber\n|\n|-weather|SunnyDay|[upkeep]\n|upkeep\n|\n|t:|1699759032\n|switch|p1a: Glimmora|Glimmora, M|100\/100\n|turn|8\n|\n|t:|1699759035\n|move|p2a: Haxorus|Outrage|p1a: Glimmora|[from]lockedmove\n|-enditem|p1a: Glimmora|Focus Sash\n|-damage|p1a: Glimmora|1\/100\n|-activate|p1a: Glimmora|ability: Toxic Debris\n|-sidestart|p2: Mieppie|move: Toxic Spikes\n|move|p1a: Glimmora|Memento|p2a: Haxorus\n|-unboost|p2a: Haxorus|atk|2\n|-unboost|p2a: Haxorus|spa|2\n|faint|p1a: Glimmora\n|\n|-weather|none\n|upkeep\n|\n|t:|1699759046\n|switch|p1a: hot headed|Infernape, F|100\/100\n|turn|9\n|\n|t:|1699759050\n|move|p2a: Haxorus|Outrage|p1a: hot headed|[from]lockedmove\n|-damage|p1a: hot headed|0 fnt\n|faint|p1a: hot headed\n|-start|p2a: Haxorus|confusion|[fatigue]\n|\n|upkeep\n|\n|t:|1699759060\n|switch|p1a: \ud83d\udc85|Mienshao, M, shiny|45\/100\n|turn|10\n|\n|t:|1699759064\n|-activate|p2a: Haxorus|confusion\n|move|p2a: Haxorus|Outrage|p1a: \ud83d\udc85\n|-damage|p1a: \ud83d\udc85|0 fnt\n|faint|p1a: \ud83d\udc85\n|\n|upkeep\n|\n|t:|1699759073\n|switch|p1a: P E R I S H|Charizard, M, shiny|100\/100\n|turn|11\n|\n|t:|1699759081\n|detailschange|p1a: P E R I S H|Charizard-Mega-Y, M, shiny\n|-mega|p1a: P E R I S H|Charizard|Charizardite Y\n|-weather|SunnyDay|[from] ability: Drought|[of] p1a: P E R I S H\n|-activate|p2a: Haxorus|confusion\n|move|p2a: Haxorus|Outrage|p1a: P E R I S H|[from]lockedmove\n|-damage|p1a: P E R I S H|7\/100\n|move|p1a: P E R I S H|Flamethrower|p2a: Haxorus\n|-resisted|p2a: Haxorus\n|-damage|p2a: Haxorus|0 fnt\n|faint|p2a: Haxorus\n|\n|-weather|SunnyDay|[upkeep]\n|upkeep\n|\n|t:|1699759093\n|switch|p2a: Tyranitar|Tyranitar, M|100\/100\n|-status|p2a: Tyranitar|psn\n|-weather|Sandstorm|[from] ability: Sand Stream|[of] p2a: Tyranitar\n|turn|12\n|\n|t:|1699759101\n|move|p1a: P E R I S H|Solar Beam||[still]\n|-prepare|p1a: P E R I S H|Solar Beam\n|move|p2a: Tyranitar|Pursuit|p1a: P E R I S H\n|-damage|p1a: P E R I S H|0 fnt\n|faint|p1a: P E R I S H\n|\n|-weather|Sandstorm|[upkeep]\n|-damage|p2a: Tyranitar|88\/100 psn|[from] psn\n|upkeep\n|\n|t:|1699759108\n|switch|p1a: Xurkitree|Xurkitree|100\/100\n|turn|13\n|\n|t:|1699759117\n|switch|p2a: Excadrill|Excadrill, F|100\/100\n|move|p1a: Xurkitree|Dazzling Gleam|p2a: Excadrill\n|-resisted|p2a: Excadrill\n|-damage|p2a: Excadrill|75\/100\n|\n|-weather|Sandstorm|[upkeep]\n|-damage|p1a: Xurkitree|94\/100|[from] Sandstorm\n|-heal|p1a: Xurkitree|100\/100|[from] item: Leftovers\n|upkeep\n|turn|14\n|\n|t:|1699759128\n|move|p2a: Excadrill|Earthquake|p1a: Xurkitree\n|-supereffective|p1a: Xurkitree\n|-damage|p1a: Xurkitree|0 fnt\n|faint|p1a: Xurkitree\n|\n|win|Mieppie\n|raw|The_Fl000rd's rating: 1067 &rarr; <strong>1047<\/strong><br \/>(-20 for losing)\n|raw|Mieppie's rating: 1073 &rarr; <strong>1102<\/strong><br \/>(+29 for winning)\n|l|\u2606The_Fl000rd\n","uploadtime":1699759135,"views":4,"p1id":"thefl000rd","p2id":"mieppie","formatid":"gen9nationaldex","rating":1047,"private":0,"password":""}