{"id":"gen9nationaldex-1993520569","p1":"Torkonpeter","p2":"mushroomtester","format":"[Gen 9] National Dex","log":"|j|\u2606Torkonpeter\n|j|\u2606mushroomtester\n|t:|1700327492\n|gametype|singles\n|player|p1|Torkonpeter|hilbert|\n|player|p2|mushroomtester|caitlin|\n|teamsize|p1|6\n|teamsize|p2|6\n|gen|9\n|tier|[Gen 9] National Dex\n|rule|HP Percentage Mod: HP is shown in percentages\n|rule|Endless Battle Clause: Forcing endless battles is banned\n|rule|OHKO Clause: OHKO moves are banned\n|rule|Evasion Clause: Evasion abilities, items, and moves are banned\n|rule|Evasion Abilities Clause: Evasion abilities are banned\n|rule|Evasion Items Clause: Evasion items are banned\n|rule|Evasion Moves Clause: Evasion moves are banned\n|rule|Species Clause: Limit one of each Pok\u00e9mon\n|rule|Sleep Clause Mod: Limit one foe put to sleep\n|clearpoke\n|poke|p1|Seedot, M|\n|poke|p1|Poochyena, F|\n|poke|p1|Whismur, M|\n|poke|p1|Feebas, M|\n|poke|p1|Slakoth, M|\n|poke|p1|Tynamo, F|\n|poke|p2|Sunkern, M|\n|poke|p2|Seedot, F|\n|poke|p2|Cosmog|\n|poke|p2|Poochyena, F|\n|poke|p2|Whismur, M|\n|poke|p2|Tynamo, F|\n|teampreview\n|c|\u2606mushroomtester|Glhf\n|\n|t:|1700327501\n|start\n|switch|p1a: Feebas|Feebas, M, shiny|100\/100\n|switch|p2a: Whismur|Whismur, M|100\/100\n|turn|1\n|c|\u2606Torkonpeter|you 2\n|\n|t:|1700327507\n|move|p1a: Feebas|Hypnosis|p2a: Whismur\n|-status|p2a: Whismur|slp|[from] move: Hypnosis\n|cant|p2a: Whismur|slp\n|\n|upkeep\n|turn|2\n|\n|t:|1700327513\n|switch|p2a: Cosmog|Cosmog|100\/100\n|move|p1a: Feebas|Brine|p2a: Cosmog\n|-damage|p2a: Cosmog|82\/100\n|\n|upkeep\n|turn|3\n|\n|t:|1700327517\n|move|p1a: Feebas|Toxic|p2a: Cosmog\n|-status|p2a: Cosmog|tox\n|move|p2a: Cosmog|Teleport|p2a: Cosmog\n|\n|t:|1700327524\n|switch|p2a: Tynamo|Tynamo, F, shiny|100\/100|[from] Teleport\n|\n|upkeep\n|turn|4\n|\n|t:|1700327530\n|move|p1a: Feebas|Toxic|p2a: Tynamo|[miss]\n|-miss|p1a: Feebas|p2a: Tynamo\n|move|p2a: Tynamo|Thunder Wave|p1a: Feebas|[miss]\n|-miss|p2a: Tynamo|p1a: Feebas\n|\n|upkeep\n|turn|5\n|\n|t:|1700327536\n|switch|p1a: Seedot|Seedot, M|100\/100\n|move|p2a: Tynamo|Thunder Wave|p1a: Seedot\n|-status|p1a: Seedot|par\n|\n|upkeep\n|turn|6\n|\n|t:|1700327540\n|move|p2a: Tynamo|Charge Beam|p1a: Seedot|[miss]\n|-miss|p2a: Tynamo|p1a: Seedot\n|cant|p1a: Seedot|par\n|\n|upkeep\n|turn|7\n|\n|t:|1700327544\n|move|p2a: Tynamo|Knock Off|p1a: Seedot\n|-damage|p1a: Seedot|87\/100 par\n|-enditem|p1a: Seedot|Eviolite|[from] move: Knock Off|[of] p2a: Tynamo\n|move|p1a: Seedot|Toxic|p2a: Tynamo\n|-status|p2a: Tynamo|tox\n|\n|-damage|p2a: Tynamo|94\/100 tox|[from] psn\n|upkeep\n|turn|8\n|\n|t:|1700327549\n|move|p1a: Seedot|Protect|p1a: Seedot\n|-singleturn|p1a: Seedot|Protect\n|move|p2a: Tynamo|Charge Beam|p1a: Seedot\n|-activate|p1a: Seedot|move: Protect\n|\n|-damage|p2a: Tynamo|82\/100 tox|[from] psn\n|upkeep\n|turn|9\n|\n|t:|1700327554\n|move|p2a: Tynamo|Charge Beam|p1a: Seedot\n|-resisted|p1a: Seedot\n|-damage|p1a: Seedot|65\/100 par\n|move|p1a: Seedot|Rest|p1a: Seedot\n|-status|p1a: Seedot|slp|[from] move: Rest\n|-heal|p1a: Seedot|100\/100 slp|[silent]\n|\n|-damage|p2a: Tynamo|64\/100 tox|[from] psn\n|upkeep\n|turn|10\n|\n|t:|1700327564\n|switch|p2a: Sunkern|Sunkern, M|100\/100\n|cant|p1a: Seedot|slp\n|\n|upkeep\n|turn|11\n|\n|t:|1700327567\n|move|p2a: Sunkern|Sunny Day|p2a: Sunkern\n|-weather|SunnyDay\n|-curestatus|p1a: Seedot|slp|[msg]\n|move|p1a: Seedot|Hidden Power|p2a: Sunkern\n|-supereffective|p2a: Sunkern\n|-damage|p2a: Sunkern|54\/100\n|\n|-weather|SunnyDay|[upkeep]\n|upkeep\n|turn|12\n|\n|t:|1700327583\n|switch|p1a: Whismur|Whismur, M, shiny|100\/100\n|move|p2a: Sunkern|Weather Ball|p1a: Whismur\n|-damage|p1a: Whismur|76\/100\n|\n|-weather|SunnyDay|[upkeep]\n|upkeep\n|turn|13\n|\n|t:|1700327611\n|move|p2a: Sunkern|Solar Beam||[still]\n|-prepare|p2a: Sunkern|Solar Beam\n|-anim|p2a: Sunkern|Solar Beam|p1a: Whismur\n|-damage|p1a: Whismur|46\/100\n|move|p1a: Whismur|Circle Throw|p2a: Sunkern\n|-damage|p2a: Sunkern|21\/100\n|drag|p2a: Tynamo|Tynamo, F, shiny|64\/100 tox\n|\n|-weather|SunnyDay|[upkeep]\n|-damage|p2a: Tynamo|57\/100 tox|[from] psn\n|upkeep\n|turn|14\n|\n|t:|1700327621\n|switch|p1a: Seedot|Seedot, M|100\/100\n|move|p2a: Tynamo|Knock Off|p1a: Seedot\n|-damage|p1a: Seedot|89\/100\n|\n|-weather|SunnyDay|[upkeep]\n|-damage|p2a: Tynamo|45\/100 tox|[from] psn\n|upkeep\n|turn|15\n|\n|t:|1700327628\n|switch|p2a: Seedot|Seedot, F|100\/100\n|move|p1a: Seedot|Protect||[still]\n|-fail|p1a: Seedot\n|\n|-weather|none\n|upkeep\n|turn|16\n|\n|t:|1700327633\n|switch|p2a: Cosmog|Cosmog|82\/100 tox\n|move|p1a: Seedot|Toxic|p2a: Cosmog\n|-fail|p2a: Cosmog|tox\n|\n|-damage|p2a: Cosmog|76\/100 tox|[from] psn\n|upkeep\n|turn|17\n|\n|t:|1700327647\n|switch|p1a: Whismur|Whismur, M, shiny|46\/100\n|move|p2a: Cosmog|Teleport|p2a: Cosmog\n|\n|t:|1700327651\n|switch|p2a: Poochyena|Poochyena, F|100\/100|[from] Teleport\n|\n|upkeep\n|turn|18\n|\n|t:|1700327660\n|move|p2a: Poochyena|Trailblaze|p1a: Whismur\n|-damage|p1a: Whismur|25\/100\n|-boost|p2a: Poochyena|spe|1\n|move|p1a: Whismur|Rest|p1a: Whismur\n|-status|p1a: Whismur|slp|[from] move: Rest\n|-heal|p1a: Whismur|100\/100 slp|[silent]\n|\n|upkeep\n|turn|19\n|\n|t:|1700327668\n|move|p2a: Poochyena|Sunny Day|p2a: Poochyena\n|-weather|SunnyDay\n|cant|p1a: Whismur|slp\n|move|p1a: Whismur|Sleep Talk|p1a: Whismur\n|move|p1a: Whismur|Circle Throw|p2a: Poochyena|[from]move: Sleep Talk\n|-supereffective|p2a: Poochyena\n|-damage|p2a: Poochyena|71\/100\n|drag|p2a: Sunkern|Sunkern, M|21\/100\n|\n|-weather|SunnyDay|[upkeep]\n|upkeep\n|turn|20\n|\n|t:|1700327677\n|move|p2a: Sunkern|Solar Beam||[still]\n|-prepare|p2a: Sunkern|Solar Beam\n|-anim|p2a: Sunkern|Solar Beam|p1a: Whismur\n|-damage|p1a: Whismur|72\/100 slp\n|cant|p1a: Whismur|slp\n|move|p1a: Whismur|Sleep Talk|p1a: Whismur\n|move|p1a: Whismur|Seismic Toss|p2a: Sunkern|[from]move: Sleep Talk\n|-damage|p2a: Sunkern|0 fnt\n|faint|p2a: Sunkern\n|\n|-weather|SunnyDay|[upkeep]\n|upkeep\n|\n|t:|1700327681\n|switch|p2a: Seedot|Seedot, F|100\/100\n|turn|21\n|\n|t:|1700327691\n|move|p2a: Seedot|Growth|p2a: Seedot\n|-boost|p2a: Seedot|atk|2\n|-boost|p2a: Seedot|spa|2\n|-curestatus|p1a: Whismur|slp|[msg]\n|move|p1a: Whismur|Circle Throw|p2a: Seedot\n|-crit|p2a: Seedot\n|-damage|p2a: Seedot|65\/100\n|drag|p2a: Cosmog|Cosmog|76\/100 tox\n|\n|-weather|SunnyDay|[upkeep]\n|-damage|p2a: Cosmog|69\/100 tox|[from] psn\n|upkeep\n|turn|22\n|\n|t:|1700327702\n|move|p2a: Cosmog|Teleport|p2a: Cosmog\n|\n|t:|1700327708\n|switch|p2a: Tynamo|Tynamo, F, shiny|45\/100 tox|[from] Teleport\n|move|p1a: Whismur|Circle Throw|p2a: Tynamo\n|-damage|p2a: Tynamo|24\/100 tox\n|drag|p2a: Poochyena|Poochyena, F|71\/100\n|\n|-weather|SunnyDay|[upkeep]\n|upkeep\n|turn|23\n|\n|t:|1700327717\n|move|p2a: Poochyena|Fire Fang|p1a: Whismur\n|-damage|p1a: Whismur|31\/100\n|move|p1a: Whismur|Circle Throw|p2a: Poochyena\n|-supereffective|p2a: Poochyena\n|-damage|p2a: Poochyena|38\/100\n|drag|p2a: Tynamo|Tynamo, F, shiny|24\/100 tox\n|\n|-weather|none\n|-damage|p2a: Tynamo|18\/100 tox|[from] psn\n|upkeep\n|turn|24\n|\n|t:|1700327726\n|move|p2a: Tynamo|Knock Off|p1a: Whismur\n|-damage|p1a: Whismur|4\/100\n|-ability|p1a: Whismur|Rattled|boost\n|-boost|p1a: Whismur|spe|1\n|-enditem|p1a: Whismur|Eviolite|[from] move: Knock Off|[of] p2a: Tynamo\n|move|p1a: Whismur|Rest|p1a: Whismur\n|-status|p1a: Whismur|slp|[from] move: Rest\n|-heal|p1a: Whismur|100\/100 slp|[silent]\n|\n|-damage|p2a: Tynamo|6\/100 tox|[from] psn\n|upkeep\n|turn|25\n|\n|t:|1700327739\n|switch|p2a: Whismur|Whismur, M|100\/100 slp\n|cant|p1a: Whismur|slp\n|move|p1a: Whismur|Sleep Talk|p1a: Whismur\n|move|p1a: Whismur|Rest||[from]move: Sleep Talk|[still]\n|-fail|p1a: Whismur\n|\n|upkeep\n|turn|26\n|\n|t:|1700327746\n|cant|p1a: Whismur|slp\n|move|p1a: Whismur|Sleep Talk|p1a: Whismur\n|move|p1a: Whismur|Circle Throw|p2a: Whismur|[from]move: Sleep Talk\n|-supereffective|p2a: Whismur\n|-damage|p2a: Whismur|51\/100 slp\n|drag|p2a: Seedot|Seedot, F|65\/100\n|\n|upkeep\n|turn|27\n|\n|t:|1700327754\n|move|p2a: Seedot|Seed Bomb|p1a: Whismur\n|-damage|p1a: Whismur|11\/100 slp\n|-damage|p2a: Seedot|55\/100|[from] item: Life Orb\n|-curestatus|p1a: Whismur|slp|[msg]\n|move|p1a: Whismur|Seismic Toss|p2a: Seedot\n|-damage|p2a: Seedot|10\/100\n|\n|upkeep\n|turn|28\n|\n|t:|1700327765\n|move|p2a: Seedot|Seed Bomb|p1a: Whismur\n|-damage|p1a: Whismur|0 fnt\n|faint|p1a: Whismur\n|-damage|p2a: Seedot|0 fnt|[from] item: Life Orb\n|faint|p2a: Seedot\n|\n|upkeep\n|\n|t:|1700327771\n|switch|p2a: Tynamo|Tynamo, F, shiny|6\/100 tox\n|switch|p1a: Sonic|Poochyena, F, shiny|100\/100\n|turn|29\n|\n|t:|1700327774\n|move|p1a: Sonic|Protect|p1a: Sonic\n|-singleturn|p1a: Sonic|Protect\n|move|p2a: Tynamo|Knock Off|p1a: Sonic\n|-activate|p1a: Sonic|move: Protect\n|\n|-damage|p2a: Tynamo|0 fnt|[from] psn\n|faint|p2a: Tynamo\n|upkeep\n|\n|t:|1700327779\n|switch|p2a: Whismur|Whismur, M|51\/100 slp\n|turn|30\n|\n|t:|1700327783\n|move|p1a: Sonic|Fire Fang|p2a: Whismur\n|-damage|p2a: Whismur|19\/100 slp\n|-curestatus|p2a: Whismur|slp|[msg]\n|move|p2a: Whismur|Hammer Arm|p1a: Sonic\n|-supereffective|p1a: Sonic\n|-crit|p1a: Sonic\n|-damage|p1a: Sonic|52\/100\n|-unboost|p2a: Whismur|spe|1\n|\n|upkeep\n|turn|31\n|\n|t:|1700327791\n|move|p1a: Sonic|Fire Fang|p2a: Whismur\n|-damage|p2a: Whismur|0 fnt\n|faint|p2a: Whismur\n|\n|upkeep\n|\n|t:|1700327794\n|switch|p2a: Poochyena|Poochyena, F|38\/100\n|turn|32\n|\n|t:|1700327801\n|move|p2a: Poochyena|Trailblaze|p1a: Sonic\n|-damage|p1a: Sonic|41\/100\n|-boost|p2a: Poochyena|spe|1\n|move|p1a: Sonic|Fire Fang|p2a: Poochyena\n|-damage|p2a: Poochyena|21\/100\n|\n|upkeep\n|turn|33\n|\n|t:|1700327808\n|move|p1a: Sonic|Protect|p1a: Sonic\n|-singleturn|p1a: Sonic|Protect\n|move|p2a: Poochyena|Fire Fang|p1a: Sonic\n|-activate|p1a: Sonic|move: Protect\n|\n|upkeep\n|turn|34\n|\n|t:|1700327814\n|move|p2a: Poochyena|Fire Fang|p1a: Sonic\n|-damage|p1a: Sonic|27\/100\n|move|p1a: Sonic|Fire Fang|p2a: Poochyena\n|-damage|p2a: Poochyena|3\/100\n|\n|upkeep\n|turn|35\n|\n|t:|1700327819\n|move|p2a: Poochyena|Sunny Day|p2a: Poochyena\n|-weather|SunnyDay\n|move|p1a: Sonic|Fire Fang|p2a: Poochyena\n|-damage|p2a: Poochyena|0 fnt\n|faint|p2a: Poochyena\n|\n|-weather|SunnyDay|[upkeep]\n|upkeep\n|\n|t:|1700327822\n|switch|p2a: Cosmog|Cosmog|69\/100 tox\n|turn|36\n|c|\u2606Torkonpeter|gg\n|c|\u2606mushroomtester|Ggs\n|-message|mushroomtester forfeited.\n|\n|win|Torkonpeter\n","uploadtime":1700327837,"views":14,"p1id":"torkonpeter","p2id":"mushroomtester","formatid":"gen9nationaldex","rating":0,"private":0,"password":""}