{"id":"gen9nationaldex-1993845270","p1":"soriano2003","p2":"Lady Xion \u2661","format":"[Gen 9] National Dex","log":"|j|\u2606soriano2003\n|j|\u2606Lady Xion \u2661\n|t:|1700364470\n|gametype|singles\n|player|p1|soriano2003|policeman-gen4|1211\n|player|p2|Lady Xion \u2661|skyla-masters|1112\n|teamsize|p1|6\n|teamsize|p2|6\n|gen|9\n|tier|[Gen 9] National Dex\n|rated|\n|rule|HP Percentage Mod: HP is shown in percentages\n|rule|Endless Battle Clause: Forcing endless battles is banned\n|rule|OHKO Clause: OHKO moves are banned\n|rule|Evasion Clause: Evasion abilities, items, and moves are banned\n|rule|Evasion Abilities Clause: Evasion abilities are banned\n|rule|Evasion Items Clause: Evasion items are banned\n|rule|Evasion Moves Clause: Evasion moves are banned\n|rule|Species Clause: Limit one of each Pok\u00e9mon\n|rule|Sleep Clause Mod: Limit one foe put to sleep\n|clearpoke\n|poke|p1|Hatterene, F|\n|poke|p1|Gallade, M|\n|poke|p1|Jirachi|\n|poke|p1|Farigiraf, M|\n|poke|p1|Braviary-Hisui, M|\n|poke|p1|Indeedee-F, F|\n|poke|p2|Iron Valiant|\n|poke|p2|Victini|\n|poke|p2|Lurantis, F|\n|poke|p2|Greninja-*, M|\n|poke|p2|Ninetales-Alola, F|\n|poke|p2|Eiscue, M|\n|teampreview\n|\n|t:|1700364475\n|start\n|switch|p1a: Indeedee|Indeedee-F, F|100\/100\n|switch|p2a: Iron Valiant|Iron Valiant|100\/100\n|-fieldstart|move: Psychic Terrain|[from] ability: Psychic Surge|[of] p1a: Indeedee\n|-enditem|p2a: Iron Valiant|Booster Energy\n|-activate|p2a: Iron Valiant|ability: Quark Drive|[fromitem]\n|-start|p2a: Iron Valiant|quarkdrivespe\n|turn|1\n|\n|t:|1700364492\n|move|p2a: Iron Valiant|Swords Dance|p2a: Iron Valiant\n|-boost|p2a: Iron Valiant|atk|2\n|move|p1a: Indeedee|Expanding Force|p2a: Iron Valiant\n|-supereffective|p2a: Iron Valiant\n|-damage|p2a: Iron Valiant|0 fnt\n|faint|p2a: Iron Valiant\n|-end|p2a: Iron Valiant|Quark Drive|[silent]\n|\n|upkeep\n|\n|t:|1700364503\n|switch|p2a: Victini|Victini|100\/100\n|turn|2\n|\n|t:|1700364509\n|-terastallize|p2a: Victini|Psychic\n|move|p2a: Victini|Blue Flare|p1a: Indeedee\n|-damage|p1a: Indeedee|22\/100\n|move|p1a: Indeedee|Shadow Ball|p2a: Victini\n|-supereffective|p2a: Victini\n|-damage|p2a: Victini|55\/100\n|\n|upkeep\n|turn|3\n|\n|t:|1700364522\n|switch|p1a: Braviary|Braviary-Hisui, M|100\/100\n|move|p2a: Victini|Blue Flare|p1a: Braviary\n|-damage|p1a: Braviary|0 fnt\n|faint|p1a: Braviary\n|\n|upkeep\n|\n|t:|1700364535\n|switch|p1a: Hatterene|Hatterene, F, shiny|100\/100\n|turn|4\n|\n|t:|1700364546\n|-terastallize|p1a: Hatterene|Psychic\n|move|p2a: Victini|Blue Flare|p1a: Hatterene\n|-damage|p1a: Hatterene|8\/100\n|move|p1a: Hatterene|Psyshock|p2a: Victini\n|-resisted|p2a: Victini\n|-damage|p2a: Victini|22\/100\n|\n|-heal|p1a: Hatterene|14\/100|[from] item: Leftovers\n|upkeep\n|turn|5\n|\n|t:|1700364557\n|move|p2a: Victini|Blue Flare|p1a: Hatterene\n|-damage|p1a: Hatterene|0 fnt\n|faint|p1a: Hatterene\n|\n|-fieldend|move: Psychic Terrain\n|upkeep\n|\n|t:|1700364563\n|switch|p1a: Farigiraf|Farigiraf, M|100\/100\n|turn|6\n|\n|t:|1700364567\n|move|p2a: Victini|Blue Flare|p1a: Farigiraf\n|-damage|p1a: Farigiraf|0 fnt\n|faint|p1a: Farigiraf\n|\n|upkeep\n|\n|t:|1700364572\n|switch|p1a: Jirachi|Jirachi|100\/100\n|turn|7\n|\n|t:|1700364579\n|-zpower|p1a: Jirachi\n|move|p1a: Jirachi|Corkscrew Crash|p2a: Victini|[zeffect]\n|-damage|p2a: Victini|0 fnt\n|faint|p2a: Victini\n|\n|upkeep\n|c|\u2606Lady Xion \u2661|Uhh\n|\n|t:|1700364598\n|switch|p2a: Lurantis|Lurantis, F, shiny|100\/100\n|turn|8\n|\n|t:|1700364602\n|switch|p1a: Indeedee|Indeedee-F, F|22\/100\n|-fieldstart|move: Psychic Terrain|[from] ability: Psychic Surge|[of] p1a: Indeedee\n|move|p2a: Lurantis|Poison Jab|p1a: Indeedee\n|-damage|p1a: Indeedee|0 fnt\n|faint|p1a: Indeedee\n|\n|upkeep\n|\n|t:|1700364614\n|switch|p1a: Gallade|Gallade, M, shiny|100\/100\n|turn|9\n|\n|t:|1700364628\n|detailschange|p1a: Gallade|Gallade-Mega, M, shiny\n|-mega|p1a: Gallade|Gallade|Galladite\n|move|p1a: Gallade|Swords Dance|p1a: Gallade\n|-boost|p1a: Gallade|atk|2\n|move|p2a: Lurantis|Leech Life|p1a: Gallade\n|-damage|p1a: Gallade|69\/100\n|\n|upkeep\n|turn|10\n|\n|t:|1700364636\n|move|p1a: Gallade|Drain Punch|p2a: Lurantis\n|-crit|p2a: Lurantis\n|-damage|p2a: Lurantis|0 fnt\n|-heal|p1a: Gallade|100\/100|[from] drain|[of] p2a: Lurantis\n|faint|p2a: Lurantis\n|\n|upkeep\n|\n|t:|1700364641\n|switch|p2a: Greninja|Greninja, M|100\/100\n|turn|11\n|\n|t:|1700364646\n|move|p2a: Greninja|Dark Pulse|p1a: Gallade\n|-damage|p1a: Gallade|45\/100\n|move|p1a: Gallade|Drain Punch|p2a: Greninja\n|-supereffective|p2a: Greninja\n|-damage|p2a: Greninja|0 fnt\n|-heal|p1a: Gallade|97\/100|[from] drain|[of] p2a: Greninja\n|faint|p2a: Greninja\n|\n|upkeep\n|\n|t:|1700364651\n|switch|p2a: Ninetales|Ninetales-Alola, F|100\/100\n|-weather|Snow|[from] ability: Snow Warning|[of] p2a: Ninetales\n|turn|12\n|\n|t:|1700364659\n|move|p1a: Gallade|Psycho Cut|p2a: Ninetales\n|-damage|p2a: Ninetales|0 fnt\n|faint|p2a: Ninetales\n|\n|-weather|Snow|[upkeep]\n|-fieldend|move: Psychic Terrain\n|upkeep\n|c|\u2606Lady Xion \u2661|Wow nice comeback\n|c|\u2606Lady Xion \u2661|Gg\n|\n|t:|1700364665\n|switch|p2a: Eiscue|Eiscue, M|100\/100\n|turn|13\n|\n|t:|1700364668\n|move|p1a: Gallade|Knock Off|p2a: Eiscue\n|-activate|p2a: Eiscue|ability: Ice Face\n|-damage|p2a: Eiscue|100\/100\n|-enditem|p2a: Eiscue|Weakness Policy|[from] move: Knock Off|[of] p1a: Gallade\n|detailschange|p2a: Eiscue|Eiscue-Noice, M\n|move|p2a: Eiscue|Belly Drum|p2a: Eiscue\n|-damage|p2a: Eiscue|50\/100\n|-setboost|p2a: Eiscue|atk|6|[from] move: Belly Drum\n|\n|-weather|Snow|[upkeep]\n|upkeep\n|turn|14\n|\n|t:|1700364679\n|move|p2a: Eiscue|Iron Head|p1a: Gallade\n|-damage|p1a: Gallade|0 fnt\n|faint|p1a: Gallade\n|\n|-weather|Snow|[upkeep]\n|upkeep\n|\n|t:|1700364685\n|switch|p1a: Jirachi|Jirachi|100\/100\n|turn|15\n|\n|t:|1700364689\n|move|p2a: Eiscue|Icicle Crash|p1a: Jirachi\n|-resisted|p1a: Jirachi\n|-damage|p1a: Jirachi|26\/100\n|cant|p1a: Jirachi|flinch\n|\n|-weather|Snow|[upkeep]\n|upkeep\n|turn|16\n|c|\u2606Lady Xion \u2661|Wow i got lucky there\n|\n|t:|1700364703\n|move|p2a: Eiscue|Icicle Crash|p1a: Jirachi\n|-resisted|p1a: Jirachi\n|-damage|p1a: Jirachi|0 fnt\n|faint|p1a: Jirachi\n|\n|win|Lady Xion \u2661\n|raw|soriano2003's rating: 1211 &rarr; <strong>1179<\/strong><br \/>(-32 for losing)\n|raw|Lady Xion \u2661's rating: 1112 &rarr; <strong>1144<\/strong><br \/>(+32 for winning)\n|c|\u2606Lady Xion \u2661|Gg\n","uploadtime":1700364712,"views":8,"p1id":"soriano2003","p2id":"ladyxion","formatid":"gen9nationaldex","rating":1144,"private":0,"password":""}