{"id":"gen9nationaldex-1991034168","p1":"KFRecorder","p2":"GABRIEL_HU","format":"[Gen 9] National Dex","log":"|j|\u2606KFRecorder\n|j|\u2606GABRIEL_HU\n|t:|1700031759\n|gametype|singles\n|player|p1|KFRecorder|swimmerf|1372\n|player|p2|GABRIEL_HU|guitarist|1445\n|teamsize|p1|6\n|teamsize|p2|6\n|gen|9\n|tier|[Gen 9] National Dex\n|rated|\n|rule|HP Percentage Mod: HP is shown in percentages\n|rule|Endless Battle Clause: Forcing endless battles is banned\n|rule|OHKO Clause: OHKO moves are banned\n|rule|Evasion Clause: Evasion abilities, items, and moves are banned\n|rule|Evasion Abilities Clause: Evasion abilities are banned\n|rule|Evasion Items Clause: Evasion items are banned\n|rule|Evasion Moves Clause: Evasion moves are banned\n|rule|Species Clause: Limit one of each Pok\u00e9mon\n|rule|Sleep Clause Mod: Limit one foe put to sleep\n|clearpoke\n|poke|p1|Nidoking, M|\n|poke|p1|Blaziken, M|\n|poke|p1|Gliscor, F|\n|poke|p1|Samurott-Hisui, M|\n|poke|p1|Zapdos|\n|poke|p1|Tapu Lele|\n|poke|p2|Garganacl, F|\n|poke|p2|Greninja-*, M|\n|poke|p2|Zapdos|\n|poke|p2|Great Tusk|\n|poke|p2|Heatran, F|\n|poke|p2|Scizor, M|\n|teampreview\n|inactive|Battle timer is ON: inactive players will automatically lose when time's up. (requested by GABRIEL_HU)\n|\n|t:|1700031774\n|start\n|switch|p1a: Samurott|Samurott-Hisui, M|100\/100\n|switch|p2a: Heatran|Heatran, F|100\/100\n|turn|1\n|\n|t:|1700031782\n|switch|p2a: Zapdos|Zapdos|100\/100\n|move|p1a: Samurott|Sacred Sword|p2a: Zapdos\n|-resisted|p2a: Zapdos\n|-damage|p2a: Zapdos|85\/100\n|\n|upkeep\n|turn|2\n|\n|t:|1700031787\n|switch|p1a: Gliscor|Gliscor, F|100\/100\n|move|p2a: Zapdos|Discharge|p1a: Gliscor\n|-immune|p1a: Gliscor\n|\n|-status|p1a: Gliscor|tox|[from] item: Toxic Orb\n|upkeep\n|turn|3\n|\n|t:|1700031793\n|switch|p2a: Great Tusk|Great Tusk|100\/100\n|move|p1a: Gliscor|Stealth Rock|p2a: Great Tusk\n|-sidestart|p2: GABRIEL_HU|move: Stealth Rock\n|\n|upkeep\n|turn|4\n|\n|t:|1700031810\n|switch|p1a: Zapdos|Zapdos|100\/100\n|-zpower|p2a: Great Tusk\n|move|p2a: Great Tusk|Subzero Slammer|p1a: Zapdos|[zeffect]\n|-supereffective|p1a: Zapdos\n|-damage|p1a: Zapdos|10\/100\n|\n|upkeep\n|turn|5\n|\n|t:|1700031819\n|move|p2a: Great Tusk|Rapid Spin|p1a: Zapdos\n|-damage|p1a: Zapdos|0 fnt\n|-boost|p2a: Great Tusk|spe|1\n|-sideend|p2: GABRIEL_HU|Stealth Rock|[from] move: Rapid Spin|[of] p2a: Great Tusk\n|faint|p1a: Zapdos\n|\n|upkeep\n|\n|t:|1700031826\n|switch|p1a: Tapu Lele|Tapu Lele|100\/100\n|-fieldstart|move: Psychic Terrain|[from] ability: Psychic Surge|[of] p1a: Tapu Lele\n|turn|6\n|\n|t:|1700031844\n|-end|p2a: Great Tusk|Protosynthesis|[silent]\n|switch|p2a: Heatran|Heatran, F|100\/100\n|move|p1a: Tapu Lele|Psychic|p2a: Heatran\n|-resisted|p2a: Heatran\n|-damage|p2a: Heatran|83\/100\n|\n|upkeep\n|turn|7\n|\n|t:|1700031850\n|switch|p1a: Gliscor|Gliscor, F|100\/100 tox\n|move|p2a: Heatran|Stealth Rock|p1a: Gliscor\n|-sidestart|p1: KFRecorder|move: Stealth Rock\n|\n|upkeep\n|turn|8\n|\n|t:|1700031856\n|switch|p2a: Zapdos|Zapdos|85\/100\n|move|p1a: Gliscor|Stealth Rock|p2a: Zapdos\n|-sidestart|p2: GABRIEL_HU|move: Stealth Rock\n|\n|upkeep\n|turn|9\n|\n|t:|1700031863\n|move|p2a: Zapdos|Defog|p1a: Gliscor\n|-unboost|p1a: Gliscor|evasion|1\n|-sideend|p1: KFRecorder|Stealth Rock|[from] move: Defog|[of] p2a: Zapdos\n|-sideend|p2: GABRIEL_HU|Stealth Rock|[from] move: Defog|[of] p2a: Zapdos\n|-fieldend|move: Psychic Terrain\n|move|p1a: Gliscor|Toxic|p2a: Zapdos\n|-status|p2a: Zapdos|tox\n|\n|-damage|p2a: Zapdos|79\/100 tox|[from] psn\n|upkeep\n|turn|10\n|\n|t:|1700031869\n|switch|p2a: Great Tusk|Great Tusk|100\/100\n|move|p1a: Gliscor|Stealth Rock|p2a: Great Tusk\n|-sidestart|p2: GABRIEL_HU|move: Stealth Rock\n|\n|upkeep\n|turn|11\n|\n|t:|1700031877\n|switch|p1a: Nidoking|Nidoking, M|100\/100\n|move|p2a: Great Tusk|Rapid Spin|p1a: Nidoking\n|-damage|p1a: Nidoking|75\/100\n|-boost|p2a: Great Tusk|spe|1\n|-sideend|p2: GABRIEL_HU|Stealth Rock|[from] move: Rapid Spin|[of] p2a: Great Tusk\n|\n|upkeep\n|turn|12\n|\n|t:|1700031885\n|switch|p1a: Gliscor|Gliscor, F|100\/100 tox\n|move|p2a: Great Tusk|Headlong Rush|p1a: Gliscor\n|-immune|p1a: Gliscor\n|\n|upkeep\n|turn|13\n|\n|t:|1700031892\n|move|p2a: Great Tusk|Ice Spinner|p1a: Gliscor\n|-supereffective|p1a: Gliscor\n|-damage|p1a: Gliscor|5\/100 tox\n|move|p1a: Gliscor|Toxic|p2a: Great Tusk\n|-status|p2a: Great Tusk|tox\n|\n|-damage|p2a: Great Tusk|94\/100 tox|[from] psn\n|-heal|p1a: Gliscor|18\/100 tox|[from] ability: Poison Heal\n|upkeep\n|turn|14\n|\n|t:|1700031904\n|switch|p1a: Nidoking|Nidoking, M|75\/100\n|move|p2a: Great Tusk|Headlong Rush|p1a: Nidoking\n|-supereffective|p1a: Nidoking\n|-damage|p1a: Nidoking|0 fnt\n|-unboost|p2a: Great Tusk|def|1\n|-unboost|p2a: Great Tusk|spd|1\n|faint|p1a: Nidoking\n|\n|-damage|p2a: Great Tusk|82\/100 tox|[from] psn\n|upkeep\n|\n|t:|1700031910\n|switch|p1a: Tapu Lele|Tapu Lele|100\/100\n|-fieldstart|move: Psychic Terrain|[from] ability: Psychic Surge|[of] p1a: Tapu Lele\n|turn|15\n|\n|t:|1700031915\n|-end|p2a: Great Tusk|Protosynthesis|[silent]\n|switch|p2a: Scizor|Scizor, M|100\/100\n|move|p1a: Tapu Lele|Focus Blast|p2a: Scizor\n|-damage|p2a: Scizor|54\/100\n|-unboost|p2a: Scizor|spd|1\n|\n|upkeep\n|turn|16\n|\n|t:|1700031928\n|switch|p1a: Gliscor|Gliscor, F|18\/100 tox\n|switch|p2a: Heatran|Heatran, F|83\/100\n|\n|-heal|p1a: Gliscor|30\/100 tox|[from] ability: Poison Heal\n|upkeep\n|turn|17\n|\n|t:|1700031937\n|move|p1a: Gliscor|Roost|p1a: Gliscor\n|-heal|p1a: Gliscor|80\/100 tox\n|-singleturn|p1a: Gliscor|move: Roost\n|move|p2a: Heatran|Magma Storm|p1a: Gliscor\n|-damage|p1a: Gliscor|43\/100 tox\n|-activate|p1a: Gliscor|move: Magma Storm|[of] p2a: Heatran\n|\n|-heal|p1a: Gliscor|56\/100 tox|[from] ability: Poison Heal\n|-damage|p1a: Gliscor|43\/100 tox|[from] move: Magma Storm|[partiallytrapped]\n|upkeep\n|turn|18\n|\n|t:|1700031942\n|move|p2a: Heatran|Protect|p2a: Heatran\n|-singleturn|p2a: Heatran|Protect\n|move|p1a: Gliscor|Earthquake|p2a: Heatran\n|-activate|p2a: Heatran|move: Protect\n|\n|-heal|p1a: Gliscor|56\/100 tox|[from] ability: Poison Heal\n|-damage|p1a: Gliscor|43\/100 tox|[from] move: Magma Storm|[partiallytrapped]\n|upkeep\n|turn|19\n|\n|t:|1700031946\n|switch|p2a: Great Tusk|Great Tusk|82\/100 tox\n|move|p1a: Gliscor|Earthquake|p2a: Great Tusk\n|-damage|p2a: Great Tusk|59\/100 tox\n|\n|-damage|p2a: Great Tusk|53\/100 tox|[from] psn\n|-heal|p1a: Gliscor|56\/100 tox|[from] ability: Poison Heal\n|-end|p1a: Gliscor|Magma Storm|[partiallytrapped]|[silent]\n|-fieldend|move: Psychic Terrain\n|upkeep\n|turn|20\n|\n|t:|1700031957\n|switch|p1a: Blaziken|Blaziken, M|100\/100\n|move|p2a: Great Tusk|Rapid Spin|p1a: Blaziken\n|-damage|p1a: Blaziken|71\/100\n|-boost|p2a: Great Tusk|spe|1\n|\n|-damage|p2a: Great Tusk|41\/100 tox|[from] psn\n|upkeep\n|turn|21\n|\n|t:|1700031962\n|move|p1a: Blaziken|Protect|p1a: Blaziken\n|-singleturn|p1a: Blaziken|Protect\n|move|p2a: Great Tusk|Ice Spinner|p1a: Blaziken\n|-activate|p1a: Blaziken|move: Protect\n|\n|-damage|p2a: Great Tusk|22\/100 tox|[from] psn\n|-ability|p1a: Blaziken|Speed Boost|boost\n|-boost|p1a: Blaziken|spe|1\n|upkeep\n|turn|22\n|\n|t:|1700031971\n|move|p2a: Great Tusk|Headlong Rush|p1a: Blaziken\n|-supereffective|p1a: Blaziken\n|-damage|p1a: Blaziken|0 fnt\n|-unboost|p2a: Great Tusk|def|1\n|-unboost|p2a: Great Tusk|spd|1\n|faint|p1a: Blaziken\n|\n|-damage|p2a: Great Tusk|0 fnt|[from] psn\n|faint|p2a: Great Tusk\n|-end|p2a: Great Tusk|Protosynthesis|[silent]\n|upkeep\n|\n|t:|1700031983\n|switch|p2a: Greninja|Greninja, M|100\/100\n|switch|p1a: Samurott|Samurott-Hisui, M|100\/100\n|turn|23\n|\n|t:|1700031987\n|switch|p2a: Zapdos|Zapdos|79\/100 tox\n|move|p1a: Samurott|Sacred Sword|p2a: Zapdos\n|-resisted|p2a: Zapdos\n|-damage|p2a: Zapdos|61\/100 tox\n|-status|p1a: Samurott|par|[from] ability: Static|[of] p2a: Zapdos\n|\n|-damage|p2a: Zapdos|55\/100 tox|[from] psn\n|upkeep\n|turn|24\n|\n|t:|1700031991\n|switch|p1a: Gliscor|Gliscor, F|56\/100 tox\n|move|p2a: Zapdos|U-turn|p1a: Gliscor\n|-resisted|p1a: Gliscor\n|-damage|p1a: Gliscor|50\/100 tox\n|\n|t:|1700031996\n|switch|p2a: Greninja|Greninja, M|100\/100|[from] U-turn\n|\n|-heal|p1a: Gliscor|63\/100 tox|[from] ability: Poison Heal\n|upkeep\n|turn|25\n|\n|t:|1700032001\n|switch|p1a: Samurott|Samurott-Hisui, M|100\/100 par\n|move|p2a: Greninja|Surf|p1a: Samurott\n|-resisted|p1a: Samurott\n|-damage|p1a: Samurott|64\/100 par\n|-damage|p2a: Greninja|91\/100|[from] item: Life Orb\n|\n|upkeep\n|turn|26\n|\n|t:|1700032009\n|switch|p2a: Scizor|Scizor, M|54\/100\n|move|p1a: Samurott|Ceaseless Edge|p2a: Scizor\n|-damage|p2a: Scizor|15\/100\n|-sidestart|p2: GABRIEL_HU|Spikes\n|\n|upkeep\n|turn|27\n|\n|t:|1700032014\n|detailschange|p2a: Scizor|Scizor-Mega, M\n|-mega|p2a: Scizor|Scizor|Scizorite\n|cant|p1a: Samurott|par\n|move|p2a: Scizor|Roost|p2a: Scizor\n|-heal|p2a: Scizor|65\/100\n|-singleturn|p2a: Scizor|move: Roost\n|\n|upkeep\n|turn|28\n|\n|t:|1700032021\n|cant|p1a: Samurott|par\n|move|p2a: Scizor|Roost|p2a: Scizor\n|-heal|p2a: Scizor|100\/100\n|-singleturn|p2a: Scizor|move: Roost\n|\n|upkeep\n|turn|29\n|\n|t:|1700032023\n|move|p1a: Samurott|Ceaseless Edge|p2a: Scizor\n|-damage|p2a: Scizor|73\/100\n|-sidestart|p2: GABRIEL_HU|Spikes\n|move|p2a: Scizor|Swords Dance|p2a: Scizor\n|-boost|p2a: Scizor|atk|2\n|\n|upkeep\n|turn|30\n|\n|t:|1700032031\n|move|p1a: Samurott|Ceaseless Edge|p2a: Scizor\n|-damage|p2a: Scizor|41\/100\n|-sidestart|p2: GABRIEL_HU|Spikes\n|move|p2a: Scizor|Roost|p2a: Scizor\n|-heal|p2a: Scizor|91\/100\n|-singleturn|p2a: Scizor|move: Roost\n|\n|upkeep\n|turn|31\n|\n|t:|1700032036\n|switch|p1a: Gliscor|Gliscor, F|63\/100 tox\n|move|p2a: Scizor|Bullet Punch|p1a: Gliscor\n|-damage|p1a: Gliscor|14\/100 tox\n|\n|-heal|p1a: Gliscor|27\/100 tox|[from] ability: Poison Heal\n|upkeep\n|turn|32\n|\n|t:|1700032039\n|move|p2a: Scizor|Bullet Punch|p1a: Gliscor\n|-damage|p1a: Gliscor|0 fnt\n|faint|p1a: Gliscor\n|\n|upkeep\n|\n|t:|1700032042\n|switch|p1a: Tapu Lele|Tapu Lele|100\/100\n|-fieldstart|move: Psychic Terrain|[from] ability: Psychic Surge|[of] p1a: Tapu Lele\n|turn|33\n|\n|t:|1700032049\n|move|p1a: Tapu Lele|Focus Blast|p2a: Scizor|[miss]\n|-miss|p1a: Tapu Lele|p2a: Scizor\n|move|p2a: Scizor|U-turn|p1a: Tapu Lele\n|-damage|p1a: Tapu Lele|0 fnt\n|faint|p1a: Tapu Lele\n|\n|t:|1700032052\n|switch|p2a: Zapdos|Zapdos|55\/100 tox|[from] U-turn\n|\n|-damage|p2a: Zapdos|49\/100 tox|[from] psn\n|upkeep\n|-message|KFRecorder forfeited.\n|\n|win|GABRIEL_HU\n|raw|KFRecorder's rating: 1372 &rarr; <strong>1356<\/strong><br \/>(-16 for losing)\n|raw|GABRIEL_HU's rating: 1445 &rarr; <strong>1461<\/strong><br \/>(+16 for winning)\n|l|\u2606KFRecorder\n","uploadtime":1700032057,"views":5,"p1id":"kfrecorder","p2id":"gabrielhu","formatid":"gen9nationaldex","rating":1356,"private":0,"password":""}