{"id":"gen9nationaldex-1998299384","p1":"Go Birds EAGLES","p2":"yaokai233","format":"[Gen 9] National Dex","log":"|html|<div class=\"broadcast-blue\"><strong>[Gen 9] National Dex is currently suspecting Sneasler! For information on how to participate check out the <a href=\"https:\/\/www.smogon.com\/forums\/threads\/sv-national-dex-suspect-8-just-dance.3731534\/\">suspect thread<\/a>.<\/strong><\/div>\n|j|\u2606Go Birds EAGLES\n|j|\u2606yaokai233\n|t:|1700926514\n|gametype|singles\n|player|p1|Go Birds EAGLES|hanbei-conquest|1289\n|player|p2|yaokai233|wattson|1320\n|teamsize|p1|6\n|teamsize|p2|6\n|gen|9\n|tier|[Gen 9] National Dex\n|rated|\n|rule|HP Percentage Mod: HP is shown in percentages\n|rule|Endless Battle Clause: Forcing endless battles is banned\n|rule|OHKO Clause: OHKO moves are banned\n|rule|Evasion Clause: Evasion abilities, items, and moves are banned\n|rule|Evasion Abilities Clause: Evasion abilities are banned\n|rule|Evasion Items Clause: Evasion items are banned\n|rule|Evasion Moves Clause: Evasion moves are banned\n|rule|Species Clause: Limit one of each Pok\u00e9mon\n|rule|Sleep Clause Mod: Limit one foe put to sleep\n|clearpoke\n|poke|p1|Iron Valiant|\n|poke|p1|Gliscor, M|\n|poke|p1|Heatran, M|\n|poke|p1|Medicham, M|\n|poke|p1|Alomomola, M|\n|poke|p1|Dondozo, F|\n|poke|p2|Garganacl, M|\n|poke|p2|Pelipper, F|\n|poke|p2|Swampert, M|\n|poke|p2|Heatran, F|\n|poke|p2|Barraskewda, F|\n|poke|p2|Greninja-*, M|\n|teampreview\n|inactive|Battle timer is ON: inactive players will automatically lose when time's up. (requested by yaokai233)\n|inactive|Go Birds EAGLES also wants the timer to be on.\n|\n|t:|1700926524\n|start\n|switch|p1a: Iron Valiant|Iron Valiant|100\/100\n|switch|p2a: Pelipper|Pelipper, F|100\/100\n|-weather|RainDance|[from] ability: Drizzle|[of] p2a: Pelipper\n|turn|1\n|\n|t:|1700926533\n|switch|p2a: Heatran|Heatran, F|100\/100\n|-terastallize|p1a: Iron Valiant|Fairy\n|move|p1a: Iron Valiant|Moonblast|p2a: Heatran\n|-resisted|p2a: Heatran\n|-damage|p2a: Heatran|85\/100\n|\n|-weather|RainDance|[upkeep]\n|-heal|p2a: Heatran|91\/100|[from] item: Leftovers\n|upkeep\n|turn|2\n|\n|t:|1700926540\n|-end|p1a: Iron Valiant|Quark Drive|[silent]\n|switch|p1a: Gliscor|Gliscor, M|100\/100\n|move|p2a: Heatran|Toxic|p1a: Gliscor\n|-status|p1a: Gliscor|tox\n|\n|-weather|RainDance|[upkeep]\n|-heal|p2a: Heatran|97\/100|[from] item: Leftovers\n|upkeep\n|turn|3\n|\n|t:|1700926546\n|move|p1a: Gliscor|Toxic|p2a: Heatran\n|-immune|p2a: Heatran\n|move|p2a: Heatran|Taunt|p1a: Gliscor\n|-start|p1a: Gliscor|move: Taunt\n|\n|-weather|RainDance|[upkeep]\n|-heal|p2a: Heatran|100\/100|[from] item: Leftovers\n|upkeep\n|turn|4\n|\n|t:|1700926550\n|move|p1a: Gliscor|Earthquake|p2a: Heatran\n|-supereffective|p2a: Heatran\n|-damage|p2a: Heatran|0 fnt\n|faint|p2a: Heatran\n|\n|-weather|RainDance|[upkeep]\n|upkeep\n|\n|t:|1700926556\n|switch|p2a: Swampert|Swampert, M|100\/100\n|turn|5\n|\n|t:|1700926560\n|switch|p1a: Dondozo|Dondozo, F|100\/100\n|detailschange|p2a: Swampert|Swampert-Mega, M\n|-mega|p2a: Swampert|Swampert|Swampertite\n|move|p2a: Swampert|Ice Punch|p1a: Dondozo\n|-resisted|p1a: Dondozo\n|-damage|p1a: Dondozo|94\/100\n|\n|-weather|RainDance|[upkeep]\n|-heal|p1a: Dondozo|99\/100|[from] item: Leftovers\n|upkeep\n|turn|6\n|\n|t:|1700926566\n|switch|p2a: Garganacl|Garganacl, M, shiny|100\/100\n|move|p1a: Dondozo|Curse|p1a: Dondozo\n|-unboost|p1a: Dondozo|spe|1\n|-boost|p1a: Dondozo|atk|1\n|-boost|p1a: Dondozo|def|1\n|\n|-weather|RainDance|[upkeep]\n|-heal|p1a: Dondozo|100\/100|[from] item: Leftovers\n|upkeep\n|turn|7\n|\n|t:|1700926573\n|-terastallize|p2a: Garganacl|Fighting\n|move|p2a: Garganacl|Iron Defense|p2a: Garganacl\n|-boost|p2a: Garganacl|def|2\n|move|p1a: Dondozo|Waterfall|p2a: Garganacl\n|-damage|p2a: Garganacl|67\/100\n|\n|-weather|RainDance|[upkeep]\n|-heal|p2a: Garganacl|73\/100|[from] item: Leftovers\n|upkeep\n|turn|8\n|\n|t:|1700926579\n|move|p2a: Garganacl|Salt Cure|p1a: Dondozo\n|-damage|p1a: Dondozo|96\/100\n|-start|p1a: Dondozo|Salt Cure\n|move|p1a: Dondozo|Curse|p1a: Dondozo\n|-unboost|p1a: Dondozo|spe|1\n|-boost|p1a: Dondozo|atk|1\n|-boost|p1a: Dondozo|def|1\n|\n|-weather|none\n|-heal|p2a: Garganacl|79\/100|[from] item: Leftovers\n|-heal|p1a: Dondozo|100\/100|[from] item: Leftovers\n|-damage|p1a: Dondozo|75\/100|[from] Salt Cure\n|upkeep\n|turn|9\n|\n|t:|1700926591\n|move|p2a: Garganacl|Salt Cure|p1a: Dondozo\n|-damage|p1a: Dondozo|72\/100\n|move|p1a: Dondozo|Waterfall|p2a: Garganacl\n|-damage|p2a: Garganacl|49\/100\n|\n|-heal|p2a: Garganacl|55\/100|[from] item: Leftovers\n|-heal|p1a: Dondozo|78\/100|[from] item: Leftovers\n|-damage|p1a: Dondozo|53\/100|[from] Salt Cure\n|upkeep\n|turn|10\n|\n|t:|1700926596\n|move|p2a: Garganacl|Recover|p2a: Garganacl\n|-heal|p2a: Garganacl|100\/100\n|move|p1a: Dondozo|Curse|p1a: Dondozo\n|-unboost|p1a: Dondozo|spe|1\n|-boost|p1a: Dondozo|atk|1\n|-boost|p1a: Dondozo|def|1\n|\n|-heal|p1a: Dondozo|60\/100|[from] item: Leftovers\n|-damage|p1a: Dondozo|35\/100|[from] Salt Cure\n|upkeep\n|turn|11\n|\n|t:|1700926603\n|move|p2a: Garganacl|Body Press|p1a: Dondozo\n|-damage|p1a: Dondozo|26\/100\n|move|p1a: Dondozo|Rest|p1a: Dondozo\n|-status|p1a: Dondozo|slp|[from] move: Rest\n|-heal|p1a: Dondozo|100\/100 slp|[silent]\n|\n|-damage|p1a: Dondozo|75\/100 slp|[from] Salt Cure\n|upkeep\n|turn|12\n|\n|t:|1700926609\n|move|p2a: Garganacl|Iron Defense|p2a: Garganacl\n|-boost|p2a: Garganacl|def|2\n|cant|p1a: Dondozo|slp\n|move|p1a: Dondozo|Sleep Talk|p1a: Dondozo\n|move|p1a: Dondozo|Rest||[from]move: Sleep Talk|[still]\n|-fail|p1a: Dondozo\n|\n|-heal|p1a: Dondozo|82\/100 slp|[from] item: Leftovers\n|-damage|p1a: Dondozo|57\/100 slp|[from] Salt Cure\n|upkeep\n|turn|13\n|\n|t:|1700926618\n|move|p2a: Garganacl|Iron Defense|p2a: Garganacl\n|-boost|p2a: Garganacl|def|2\n|cant|p1a: Dondozo|slp\n|move|p1a: Dondozo|Sleep Talk|p1a: Dondozo\n|move|p1a: Dondozo|Waterfall|p2a: Garganacl|[from]move: Sleep Talk\n|-damage|p2a: Garganacl|58\/100\n|\n|-heal|p2a: Garganacl|64\/100|[from] item: Leftovers\n|-heal|p1a: Dondozo|63\/100 slp|[from] item: Leftovers\n|-damage|p1a: Dondozo|38\/100 slp|[from] Salt Cure\n|upkeep\n|turn|14\n|\n|t:|1700926628\n|move|p2a: Garganacl|Recover|p2a: Garganacl\n|-heal|p2a: Garganacl|100\/100\n|-curestatus|p1a: Dondozo|slp|[msg]\n|move|p1a: Dondozo|Rest|p1a: Dondozo\n|-status|p1a: Dondozo|slp|[from] move: Rest\n|-heal|p1a: Dondozo|100\/100 slp|[silent]\n|\n|-damage|p1a: Dondozo|75\/100 slp|[from] Salt Cure\n|upkeep\n|turn|15\n|\n|t:|1700926635\n|move|p2a: Garganacl|Salt Cure|p1a: Dondozo\n|-damage|p1a: Dondozo|73\/100 slp\n|cant|p1a: Dondozo|slp\n|move|p1a: Dondozo|Sleep Talk|p1a: Dondozo\n|move|p1a: Dondozo|Rest||[from]move: Sleep Talk|[still]\n|-fail|p1a: Dondozo\n|\n|-heal|p1a: Dondozo|79\/100 slp|[from] item: Leftovers\n|-damage|p1a: Dondozo|54\/100 slp|[from] Salt Cure\n|upkeep\n|turn|16\n|\n|t:|1700926642\n|move|p2a: Garganacl|Salt Cure|p1a: Dondozo\n|-damage|p1a: Dondozo|51\/100 slp\n|cant|p1a: Dondozo|slp\n|move|p1a: Dondozo|Sleep Talk|p1a: Dondozo\n|move|p1a: Dondozo|Curse|p1a: Dondozo|[from]move: Sleep Talk\n|-unboost|p1a: Dondozo|spe|1\n|-boost|p1a: Dondozo|atk|1\n|-boost|p1a: Dondozo|def|1\n|\n|-heal|p1a: Dondozo|57\/100 slp|[from] item: Leftovers\n|-damage|p1a: Dondozo|32\/100 slp|[from] Salt Cure\n|upkeep\n|turn|17\n|\n|t:|1700926654\n|move|p2a: Garganacl|Body Press|p1a: Dondozo\n|-crit|p1a: Dondozo\n|-damage|p1a: Dondozo|1\/100 slp\n|-curestatus|p1a: Dondozo|slp|[msg]\n|move|p1a: Dondozo|Rest|p1a: Dondozo\n|-status|p1a: Dondozo|slp|[from] move: Rest\n|-heal|p1a: Dondozo|100\/100 slp|[silent]\n|\n|-damage|p1a: Dondozo|75\/100 slp|[from] Salt Cure\n|upkeep\n|turn|18\n|\n|t:|1700926662\n|move|p2a: Garganacl|Body Press|p1a: Dondozo\n|-damage|p1a: Dondozo|69\/100 slp\n|cant|p1a: Dondozo|slp\n|move|p1a: Dondozo|Sleep Talk|p1a: Dondozo\n|move|p1a: Dondozo|Curse|p1a: Dondozo|[from]move: Sleep Talk\n|-unboost|p1a: Dondozo|spe|1\n|-boost|p1a: Dondozo|atk|1\n|-boost|p1a: Dondozo|def|1\n|\n|-heal|p1a: Dondozo|75\/100 slp|[from] item: Leftovers\n|-damage|p1a: Dondozo|50\/100 slp|[from] Salt Cure\n|upkeep\n|turn|19\n|\n|t:|1700926667\n|move|p2a: Garganacl|Salt Cure|p1a: Dondozo\n|-damage|p1a: Dondozo|49\/100 slp\n|cant|p1a: Dondozo|slp\n|move|p1a: Dondozo|Sleep Talk|p1a: Dondozo\n|move|p1a: Dondozo|Curse|p1a: Dondozo|[from]move: Sleep Talk\n|-unboost|p1a: Dondozo|spe|1\n|-boost|p1a: Dondozo|atk|1\n|-boost|p1a: Dondozo|def|1\n|\n|-heal|p1a: Dondozo|55\/100 slp|[from] item: Leftovers\n|-damage|p1a: Dondozo|30\/100 slp|[from] Salt Cure\n|upkeep\n|turn|20\n|\n|t:|1700926675\n|move|p2a: Garganacl|Body Press|p1a: Dondozo\n|-damage|p1a: Dondozo|24\/100 slp\n|-curestatus|p1a: Dondozo|slp|[msg]\n|move|p1a: Dondozo|Rest|p1a: Dondozo\n|-status|p1a: Dondozo|slp|[from] move: Rest\n|-heal|p1a: Dondozo|100\/100 slp|[silent]\n|\n|-damage|p1a: Dondozo|75\/100 slp|[from] Salt Cure\n|upkeep\n|turn|21\n|\n|t:|1700926681\n|move|p2a: Garganacl|Salt Cure|p1a: Dondozo\n|-damage|p1a: Dondozo|74\/100 slp\n|cant|p1a: Dondozo|slp\n|move|p1a: Dondozo|Sleep Talk|p1a: Dondozo\n|move|p1a: Dondozo|Waterfall|p2a: Garganacl|[from]move: Sleep Talk\n|-damage|p2a: Garganacl|43\/100\n|\n|-heal|p2a: Garganacl|49\/100|[from] item: Leftovers\n|-heal|p1a: Dondozo|80\/100 slp|[from] item: Leftovers\n|-damage|p1a: Dondozo|55\/100 slp|[from] Salt Cure\n|upkeep\n|turn|22\n|\n|t:|1700926691\n|move|p2a: Garganacl|Recover|p2a: Garganacl\n|-heal|p2a: Garganacl|99\/100\n|cant|p1a: Dondozo|slp\n|move|p1a: Dondozo|Sleep Talk|p1a: Dondozo\n|move|p1a: Dondozo|Waterfall|p2a: Garganacl|[from]move: Sleep Talk\n|-damage|p2a: Garganacl|34\/100\n|\n|-heal|p2a: Garganacl|40\/100|[from] item: Leftovers\n|-heal|p1a: Dondozo|61\/100 slp|[from] item: Leftovers\n|-damage|p1a: Dondozo|36\/100 slp|[from] Salt Cure\n|upkeep\n|turn|23\n|\n|t:|1700926698\n|move|p2a: Garganacl|Salt Cure|p1a: Dondozo\n|-damage|p1a: Dondozo|34\/100 slp\n|-curestatus|p1a: Dondozo|slp|[msg]\n|move|p1a: Dondozo|Waterfall|p2a: Garganacl\n|-damage|p2a: Garganacl|0 fnt\n|faint|p2a: Garganacl\n|\n|-heal|p1a: Dondozo|40\/100|[from] item: Leftovers\n|-damage|p1a: Dondozo|15\/100|[from] Salt Cure\n|upkeep\n|\n|t:|1700926704\n|switch|p2a: Greninja|Greninja, M|100\/100\n|turn|24\n|\n|t:|1700926710\n|switch|p1a: Alomomola|Alomomola, M|100\/100\n|move|p2a: Greninja|Dark Pulse|p1a: Alomomola\n|-crit|p1a: Alomomola\n|-damage|p1a: Alomomola|37\/100\n|-enditem|p1a: Alomomola|Red Card|[of] p2a: Greninja\n|drag|p2a: Swampert|Swampert-Mega, M|100\/100\n|\n|upkeep\n|turn|25\n|\n|t:|1700926730\n|move|p2a: Swampert|Liquidation|p1a: Alomomola\n|-resisted|p1a: Alomomola\n|-damage|p1a: Alomomola|20\/100\n|-unboost|p1a: Alomomola|def|1\n|move|p1a: Alomomola|Flip Turn|p2a: Swampert\n|-damage|p2a: Swampert|84\/100\n|\n|t:|1700926739\n|switch|p1a: Iron Valiant|Iron Valiant, tera:Fairy|100\/100|[from] Flip Turn\n|\n|upkeep\n|turn|26\n|\n|t:|1700926744\n|switch|p2a: Pelipper|Pelipper, F|100\/100\n|-weather|RainDance|[from] ability: Drizzle|[of] p2a: Pelipper\n|move|p1a: Iron Valiant|Moonblast|p2a: Pelipper\n|-damage|p2a: Pelipper|0 fnt\n|faint|p2a: Pelipper\n|\n|-weather|RainDance|[upkeep]\n|upkeep\n|\n|t:|1700926751\n|switch|p2a: Barraskewda|Barraskewda, F|100\/100\n|turn|27\n|\n|t:|1700926754\n|-end|p1a: Iron Valiant|Quark Drive|[silent]\n|switch|p1a: Alomomola|Alomomola, M|54\/100\n|move|p2a: Barraskewda|Poison Jab|p1a: Alomomola\n|-damage|p1a: Alomomola|34\/100\n|-status|p1a: Alomomola|psn\n|-damage|p2a: Barraskewda|91\/100|[from] item: Life Orb\n|\n|-weather|RainDance|[upkeep]\n|-damage|p1a: Alomomola|21\/100 psn|[from] psn\n|upkeep\n|turn|28\n|\n|t:|1700926761\n|switch|p1a: Gliscor|Gliscor, M|100\/100 tox\n|move|p2a: Barraskewda|Psychic Fangs|p1a: Gliscor\n|-damage|p1a: Gliscor|69\/100 tox\n|-damage|p2a: Barraskewda|81\/100|[from] item: Life Orb\n|\n|-weather|RainDance|[upkeep]\n|-heal|p1a: Gliscor|82\/100 tox|[from] ability: Poison Heal\n|upkeep\n|turn|29\n|\n|t:|1700926771\n|switch|p1a: Alomomola|Alomomola, M|54\/100 psn\n|move|p2a: Barraskewda|Flip Turn|p1a: Alomomola\n|-resisted|p1a: Alomomola\n|-damage|p1a: Alomomola|35\/100 psn\n|-damage|p2a: Barraskewda|71\/100|[from] item: Life Orb\n|\n|t:|1700926779\n|switch|p2a: Greninja|Greninja, M|100\/100|[from] Flip Turn\n|\n|-weather|RainDance|[upkeep]\n|-damage|p1a: Alomomola|23\/100 psn|[from] psn\n|upkeep\n|turn|30\n|\n|t:|1700926786\n|move|p1a: Alomomola|Protect|p1a: Alomomola\n|-singleturn|p1a: Alomomola|Protect\n|move|p2a: Greninja|Dark Pulse|p1a: Alomomola\n|-activate|p1a: Alomomola|move: Protect\n|\n|-weather|RainDance|[upkeep]\n|-damage|p1a: Alomomola|10\/100 psn|[from] psn\n|upkeep\n|turn|31\n|\n|t:|1700926793\n|switch|p1a: Gliscor|Gliscor, M|82\/100 tox\n|move|p2a: Greninja|Dark Pulse|p1a: Gliscor\n|-damage|p1a: Gliscor|41\/100 tox\n|-damage|p2a: Greninja|91\/100|[from] item: Life Orb\n|\n|-weather|RainDance|[upkeep]\n|-heal|p1a: Gliscor|54\/100 tox|[from] ability: Poison Heal\n|upkeep\n|turn|32\n|\n|t:|1700926798\n|move|p2a: Greninja|Water Shuriken|p1a: Gliscor\n|-supereffective|p1a: Gliscor\n|-damage|p1a: Gliscor|29\/100 tox\n|-supereffective|p1a: Gliscor\n|-damage|p1a: Gliscor|4\/100 tox\n|-supereffective|p1a: Gliscor\n|-damage|p1a: Gliscor|0 fnt\n|faint|p1a: Gliscor\n|-ability|p2a: Greninja|Battle Bond|boost\n|-boost|p2a: Greninja|atk|1\n|-boost|p2a: Greninja|spa|1\n|-boost|p2a: Greninja|spe|1\n|-activate|p2a: Greninja|ability: Battle Bond\n|-hitcount|p1: Gliscor|3\n|-damage|p2a: Greninja|81\/100|[from] item: Life Orb\n|\n|-weather|RainDance|[upkeep]\n|upkeep\n|\n|t:|1700926801\n|switch|p1a: Medicham|Medicham, M|100\/100\n|turn|33\n|\n|t:|1700926812\n|detailschange|p1a: Medicham|Medicham-Mega, M\n|-mega|p1a: Medicham|Medicham|Medichamite\n|move|p1a: Medicham|Fake Out|p2a: Greninja\n|-damage|p2a: Greninja|45\/100\n|cant|p2a: Greninja|flinch\n|\n|-weather|none\n|upkeep\n|turn|34\n|\n|t:|1700926819\n|switch|p1a: Alomomola|Alomomola, M|44\/100 psn\n|move|p2a: Greninja|Dark Pulse|p1a: Alomomola\n|-damage|p1a: Alomomola|0 fnt\n|faint|p1a: Alomomola\n|-damage|p2a: Greninja|35\/100|[from] item: Life Orb\n|\n|upkeep\n|\n|t:|1700926821\n|switch|p1a: Medicham|Medicham-Mega, M|100\/100\n|turn|35\n|\n|t:|1700926824\n|move|p1a: Medicham|Fake Out|p2a: Greninja\n|-damage|p2a: Greninja|0 fnt\n|faint|p2a: Greninja\n|\n|upkeep\n|\n|t:|1700926830\n|switch|p2a: Swampert|Swampert-Mega, M|84\/100\n|turn|36\n|\n|t:|1700926833\n|move|p1a: Medicham|Close Combat|p2a: Swampert\n|-damage|p2a: Swampert|0 fnt\n|-unboost|p1a: Medicham|def|1\n|-unboost|p1a: Medicham|spd|1\n|faint|p2a: Swampert\n|\n|upkeep\n|\n|t:|1700926836\n|switch|p2a: Barraskewda|Barraskewda, F|71\/100\n|turn|37\n|\n|t:|1700926840\n|switch|p1a: Dondozo|Dondozo, F|15\/100\n|move|p2a: Barraskewda|Psychic Fangs|p1a: Dondozo\n|-damage|p1a: Dondozo|0 fnt\n|faint|p1a: Dondozo\n|-damage|p2a: Barraskewda|61\/100|[from] item: Life Orb\n|\n|upkeep\n|\n|t:|1700926841\n|switch|p1a: Medicham|Medicham-Mega, M|100\/100\n|turn|38\n|\n|t:|1700926843\n|move|p1a: Medicham|Fake Out|p2a: Barraskewda\n|-damage|p2a: Barraskewda|15\/100\n|cant|p2a: Barraskewda|flinch\n|\n|upkeep\n|turn|39\n|\n|t:|1700926846\n|move|p1a: Medicham|Bullet Punch|p2a: Barraskewda\n|-resisted|p2a: Barraskewda\n|-damage|p2a: Barraskewda|0 fnt\n|faint|p2a: Barraskewda\n|\n|win|Go Birds EAGLES\n|raw|Go Birds EAGLES's rating: 1289 &rarr; <strong>1316<\/strong><br \/>(+27 for winning)\n|raw|yaokai233's rating: 1320 &rarr; <strong>1298<\/strong><br \/>(-22 for losing)\n|l|\u2606yaokai233\n","uploadtime":1700926870,"views":0,"p1id":"gobirdseagles","p2id":"yaokai233","formatid":"gen9nationaldex","rating":1298,"private":0,"password":""}