{"id":"gen9nationaldex-1993320135","p1":"VarcoDoesBattles","p2":"oktheMaster","format":"[Gen 9] National Dex","log":"|j|\u2606VarcoDoesBattles\n|j|\u2606oktheMaster\n|t:|1700297599\n|gametype|singles\n|player|p1|VarcoDoesBattles|essentia|1491\n|player|p2|oktheMaster|irida|1596\n|teamsize|p1|6\n|teamsize|p2|6\n|gen|9\n|tier|[Gen 9] National Dex\n|rated|\n|rule|HP Percentage Mod: HP is shown in percentages\n|rule|Endless Battle Clause: Forcing endless battles is banned\n|rule|OHKO Clause: OHKO moves are banned\n|rule|Evasion Clause: Evasion abilities, items, and moves are banned\n|rule|Evasion Abilities Clause: Evasion abilities are banned\n|rule|Evasion Items Clause: Evasion items are banned\n|rule|Evasion Moves Clause: Evasion moves are banned\n|rule|Species Clause: Limit one of each Pok\u00e9mon\n|rule|Sleep Clause Mod: Limit one foe put to sleep\n|clearpoke\n|poke|p1|Tapu Koko|\n|poke|p1|Sneasler, F|\n|poke|p1|Landorus-Therian, M|\n|poke|p1|Iron Moth|\n|poke|p1|Tornadus-Therian, M|\n|poke|p1|Scizor, F|\n|poke|p2|Bisharp, M|\n|poke|p2|Moltres|\n|poke|p2|Tapu Lele|\n|poke|p2|Clodsire, M|\n|poke|p2|Manaphy|\n|poke|p2|Medicham, M|\n|teampreview\n|inactive|Battle timer is ON: inactive players will automatically lose when time's up. (requested by oktheMaster)\n|inactive|VarcoDoesBattles has 120 seconds left.\n|\n|t:|1700297637\n|start\n|switch|p1a: Tapu Koko|Tapu Koko|100\/100\n|switch|p2a: Bisharp|Bisharp, M|100\/100\n|-fieldstart|move: Electric Terrain|[from] ability: Electric Surge|[of] p1a: Tapu Koko\n|turn|1\n|\n|t:|1700297645\n|switch|p2a: Clodsire|Clodsire, M|100\/100\n|move|p1a: Tapu Koko|Volt Switch|p2a: Clodsire\n|-immune|p2a: Clodsire\n|\n|upkeep\n|turn|2\n|\n|t:|1700297655\n|move|p1a: Tapu Koko|Taunt|p2a: Clodsire\n|-start|p2a: Clodsire|move: Taunt\n|cant|p2a: Clodsire|move: Taunt|Stealth Rock\n|\n|upkeep\n|turn|3\n|\n|t:|1700297680\n|switch|p2a: Medicham|Medicham, M|100\/100\n|move|p1a: Tapu Koko|U-turn|p2a: Medicham\n|-damage|p2a: Medicham|74\/100\n|\n|t:|1700297695\n|switch|p1a: Tornadus|Tornadus-Therian, M|100\/100|[from] U-turn\n|\n|upkeep\n|turn|4\n|\n|t:|1700297698\n|detailschange|p2a: Medicham|Medicham-Mega, M\n|-mega|p2a: Medicham|Medicham|Medichamite\n|move|p2a: Medicham|Fake Out|p1a: Tornadus\n|-damage|p1a: Tornadus|76\/100\n|cant|p1a: Tornadus|flinch\n|\n|upkeep\n|turn|5\n|\n|t:|1700297705\n|switch|p2a: Clodsire|Clodsire, M|100\/100\n|move|p1a: Tornadus|Hurricane|p2a: Clodsire|[miss]\n|-miss|p1a: Tornadus|p2a: Clodsire\n|\n|-fieldend|move: Electric Terrain\n|upkeep\n|turn|6\n|\n|t:|1700297712\n|move|p1a: Tornadus|U-turn|p2a: Clodsire\n|-resisted|p2a: Clodsire\n|-damage|p2a: Clodsire|93\/100\n|\n|t:|1700297717\n|switch|p1a: Scizor|Scizor, F|100\/100|[from] U-turn\n|move|p2a: Clodsire|Stealth Rock|p1a: Scizor\n|-sidestart|p1: VarcoDoesBattles|move: Stealth Rock\n|\n|-heal|p2a: Clodsire|99\/100|[from] item: Leftovers\n|upkeep\n|turn|7\n|\n|t:|1700297723\n|switch|p2a: Moltres|Moltres, shiny|100\/100\n|detailschange|p1a: Scizor|Scizor-Mega, F\n|-mega|p1a: Scizor|Scizor|Scizorite\n|move|p1a: Scizor|U-turn|p2a: Moltres\n|-resisted|p2a: Moltres\n|-damage|p2a: Moltres|95\/100\n|-status|p1a: Scizor|brn|[from] ability: Flame Body|[of] p2a: Moltres\n|\n|t:|1700297726\n|switch|p1a: Tapu Koko|Tapu Koko|100\/100|[from] U-turn\n|-damage|p1a: Tapu Koko|88\/100|[from] Stealth Rock\n|-fieldstart|move: Electric Terrain|[from] ability: Electric Surge|[of] p1a: Tapu Koko\n|\n|upkeep\n|turn|8\n|\n|t:|1700297732\n|switch|p2a: Clodsire|Clodsire, M|99\/100\n|move|p1a: Tapu Koko|Taunt|p2a: Clodsire\n|-start|p2a: Clodsire|move: Taunt\n|\n|-heal|p2a: Clodsire|100\/100|[from] item: Leftovers\n|upkeep\n|turn|9\n|\n|t:|1700297746\n|switch|p2a: Bisharp|Bisharp, M|100\/100\n|move|p1a: Tapu Koko|U-turn|p2a: Bisharp\n|-damage|p2a: Bisharp|79\/100\n|\n|t:|1700297757\n|switch|p1a: Landorus|Landorus-Therian, M|100\/100|[from] U-turn\n|-damage|p1a: Landorus|88\/100|[from] Stealth Rock\n|-ability|p1a: Landorus|Intimidate|boost\n|-unboost|p2a: Bisharp|atk|1\n|-ability|p2a: Bisharp|Defiant|boost\n|-boost|p2a: Bisharp|atk|2\n|\n|upkeep\n|turn|10\n|\n|t:|1700297766\n|move|p1a: Landorus|Earthquake|p2a: Bisharp\n|-supereffective|p2a: Bisharp\n|-damage|p2a: Bisharp|0 fnt\n|faint|p2a: Bisharp\n|\n|upkeep\n|\n|t:|1700297784\n|switch|p2a: Tapu Lele|Tapu Lele|100\/100\n|-fieldstart|move: Psychic Terrain|[from] ability: Psychic Surge|[of] p2a: Tapu Lele\n|turn|11\n|\n|t:|1700297792\n|switch|p1a: Scizor|Scizor-Mega, F|100\/100 brn\n|-damage|p1a: Scizor|88\/100 brn|[from] Stealth Rock\n|-terastallize|p2a: Tapu Lele|Psychic\n|move|p2a: Tapu Lele|Psychic|p1a: Scizor\n|-resisted|p1a: Scizor\n|-damage|p1a: Scizor|47\/100 brn\n|\n|-damage|p1a: Scizor|41\/100 brn|[from] brn\n|upkeep\n|turn|12\n|\n|t:|1700297802\n|move|p2a: Tapu Lele|Psychic|p1a: Scizor\n|-resisted|p1a: Scizor\n|-damage|p1a: Scizor|2\/100 brn\n|move|p1a: Scizor|Roost|p1a: Scizor\n|-heal|p1a: Scizor|52\/100 brn\n|-singleturn|p1a: Scizor|move: Roost\n|\n|-damage|p1a: Scizor|46\/100 brn|[from] brn\n|upkeep\n|turn|13\n|\n|t:|1700297810\n|move|p2a: Tapu Lele|Psychic|p1a: Scizor\n|-resisted|p1a: Scizor\n|-damage|p1a: Scizor|4\/100 brn\n|move|p1a: Scizor|U-turn|p2a: Tapu Lele\n|-supereffective|p2a: Tapu Lele\n|-damage|p2a: Tapu Lele|45\/100\n|\n|t:|1700297816\n|switch|p1a: Tapu Koko|Tapu Koko|88\/100|[from] U-turn\n|-damage|p1a: Tapu Koko|76\/100|[from] Stealth Rock\n|-fieldstart|move: Electric Terrain|[from] ability: Electric Surge|[of] p1a: Tapu Koko\n|\n|upkeep\n|turn|14\n|\n|t:|1700297823\n|switch|p2a: Clodsire|Clodsire, M|100\/100\n|move|p1a: Tapu Koko|Volt Switch|p2a: Clodsire\n|-immune|p2a: Clodsire\n|\n|upkeep\n|turn|15\n|\n|t:|1700297831\n|switch|p2a: Tapu Lele|Tapu Lele, tera:Psychic|45\/100\n|-fieldstart|move: Psychic Terrain|[from] ability: Psychic Surge|[of] p2a: Tapu Lele\n|move|p1a: Tapu Koko|U-turn|p2a: Tapu Lele\n|-supereffective|p2a: Tapu Lele\n|-damage|p2a: Tapu Lele|0 fnt\n|faint|p2a: Tapu Lele\n|\n|t:|1700297834\n|switch|p1a: Tornadus|Tornadus-Therian, M|100\/100|[from] U-turn\n|\n|upkeep\n|\n|t:|1700297846\n|switch|p2a: Manaphy|Manaphy|100\/100\n|turn|16\n|\n|t:|1700297850\n|move|p1a: Tornadus|Toxic|p2a: Manaphy\n|-status|p2a: Manaphy|tox\n|move|p2a: Manaphy|Take Heart|p2a: Manaphy\n|-boost|p2a: Manaphy|spa|1\n|-boost|p2a: Manaphy|spd|1\n|-curestatus|p2a: Manaphy|tox|[msg]\n|\n|upkeep\n|turn|17\n|\n|t:|1700297855\n|move|p1a: Tornadus|Defog|p2a: Manaphy\n|-unboost|p2a: Manaphy|evasion|1\n|-sideend|p1: VarcoDoesBattles|Stealth Rock|[from] move: Defog|[of] p1a: Tornadus\n|-fieldend|move: Psychic Terrain\n|move|p2a: Manaphy|Take Heart|p2a: Manaphy\n|-boost|p2a: Manaphy|spa|1\n|-boost|p2a: Manaphy|spd|1\n|\n|upkeep\n|turn|18\n|\n|t:|1700297862\n|move|p1a: Tornadus|U-turn|p2a: Manaphy\n|-damage|p2a: Manaphy|91\/100\n|\n|t:|1700297865\n|switch|p1a: Tapu Koko|Tapu Koko|76\/100|[from] U-turn\n|-fieldstart|move: Electric Terrain|[from] ability: Electric Surge|[of] p1a: Tapu Koko\n|move|p2a: Manaphy|Take Heart|p2a: Manaphy\n|-boost|p2a: Manaphy|spa|1\n|-boost|p2a: Manaphy|spd|1\n|\n|-heal|p2a: Manaphy|97\/100|[from] item: Leftovers\n|upkeep\n|turn|19\n|\n|t:|1700297872\n|move|p1a: Tapu Koko|Taunt|p2a: Manaphy\n|-start|p2a: Manaphy|move: Taunt\n|move|p2a: Manaphy|Scald|p1a: Tapu Koko\n|-damage|p1a: Tapu Koko|0 fnt\n|faint|p1a: Tapu Koko\n|\n|-heal|p2a: Manaphy|100\/100|[from] item: Leftovers\n|upkeep\n|\n|t:|1700297876\n|switch|p1a: Landorus|Landorus-Therian, M|88\/100\n|-ability|p1a: Landorus|Intimidate|boost\n|-unboost|p2a: Manaphy|atk|1\n|turn|20\n|\n|t:|1700297881\n|move|p1a: Landorus|Earthquake|p2a: Manaphy\n|-damage|p2a: Manaphy|45\/100\n|move|p2a: Manaphy|Scald|p1a: Landorus\n|-supereffective|p1a: Landorus\n|-damage|p1a: Landorus|0 fnt\n|faint|p1a: Landorus\n|\n|-heal|p2a: Manaphy|51\/100|[from] item: Leftovers\n|upkeep\n|\n|t:|1700297886\n|switch|p1a: Sneasler|Sneasler, F|100\/100\n|-enditem|p1a: Sneasler|Electric Seed\n|-boost|p1a: Sneasler|def|1|[from] item: Electric Seed\n|turn|21\n|\n|t:|1700297896\n|move|p1a: Sneasler|Swords Dance|p1a: Sneasler\n|-boost|p1a: Sneasler|atk|2\n|move|p2a: Manaphy|Scald|p1a: Sneasler\n|-damage|p1a: Sneasler|15\/100\n|\n|-heal|p2a: Manaphy|57\/100|[from] item: Leftovers\n|-end|p2a: Manaphy|move: Taunt\n|upkeep\n|turn|22\n|\n|t:|1700297905\n|switch|p2a: Moltres|Moltres, shiny|95\/100\n|-terastallize|p1a: Sneasler|Flying\n|move|p1a: Sneasler|Acrobatics|p2a: Moltres\n|-damage|p2a: Moltres|15\/100\n|\n|-fieldend|move: Electric Terrain\n|upkeep\n|turn|23\n|\n|t:|1700297917\n|move|p1a: Sneasler|Acrobatics|p2a: Moltres\n|-damage|p2a: Moltres|0 fnt\n|faint|p2a: Moltres\n|\n|upkeep\n|\n|t:|1700297920\n|switch|p2a: Medicham|Medicham-Mega, M|74\/100\n|turn|24\n|\n|t:|1700297925\n|switch|p1a: Scizor|Scizor-Mega, F|4\/100 brn\n|move|p2a: Medicham|Fake Out|p1a: Scizor\n|-resisted|p1a: Scizor\n|-damage|p1a: Scizor|0 fnt\n|faint|p1a: Scizor\n|\n|upkeep\n|\n|t:|1700297927\n|switch|p1a: Tornadus|Tornadus-Therian, M|100\/100\n|turn|25\n|\n|t:|1700297931\n|switch|p2a: Clodsire|Clodsire, M|100\/100\n|move|p1a: Tornadus|Hurricane|p2a: Clodsire\n|-damage|p2a: Clodsire|78\/100\n|\n|-heal|p2a: Clodsire|84\/100|[from] item: Leftovers\n|upkeep\n|turn|26\n|\n|t:|1700297939\n|move|p1a: Tornadus|U-turn|p2a: Clodsire\n|-resisted|p2a: Clodsire\n|-damage|p2a: Clodsire|76\/100\n|\n|t:|1700297940\n|switch|p1a: Sneasler|Sneasler, F, tera:Flying|15\/100|[from] U-turn\n|move|p2a: Clodsire|Toxic|p1a: Sneasler\n|-status|p1a: Sneasler|tox\n|\n|-heal|p2a: Clodsire|82\/100|[from] item: Leftovers\n|-damage|p1a: Sneasler|9\/100 tox|[from] psn\n|upkeep\n|turn|27\n|\n|t:|1700297948\n|move|p1a: Sneasler|Acrobatics|p2a: Clodsire\n|-damage|p2a: Clodsire|9\/100\n|move|p2a: Clodsire|Recover|p2a: Clodsire\n|-heal|p2a: Clodsire|59\/100\n|\n|-heal|p2a: Clodsire|65\/100|[from] item: Leftovers\n|-damage|p1a: Sneasler|0 fnt|[from] psn\n|faint|p1a: Sneasler\n|upkeep\n|\n|t:|1700297951\n|switch|p1a: Iron Moth|Iron Moth|100\/100\n|-item|p1a: Iron Moth|Air Balloon\n|turn|28\n|\n|t:|1700297965\n|switch|p2a: Medicham|Medicham-Mega, M|74\/100\n|move|p1a: Iron Moth|Substitute|p1a: Iron Moth\n|-start|p1a: Iron Moth|Substitute\n|-damage|p1a: Iron Moth|76\/100\n|\n|upkeep\n|turn|29\n|\n|t:|1700297976\n|move|p2a: Medicham|Fake Out|p1a: Iron Moth\n|-end|p1a: Iron Moth|Substitute\n|-enditem|p1a: Iron Moth|Air Balloon\n|move|p1a: Iron Moth|Sludge Wave|p2a: Medicham\n|-damage|p2a: Medicham|0 fnt\n|faint|p2a: Medicham\n|\n|upkeep\n|\n|t:|1700297983\n|switch|p2a: Clodsire|Clodsire, M|65\/100\n|turn|30\n|\n|t:|1700297989\n|move|p1a: Iron Moth|Substitute|p1a: Iron Moth\n|-start|p1a: Iron Moth|Substitute\n|-damage|p1a: Iron Moth|51\/100\n|move|p2a: Clodsire|Earthquake|p1a: Iron Moth\n|-supereffective|p1a: Iron Moth\n|-end|p1a: Iron Moth|Substitute\n|\n|-heal|p2a: Clodsire|72\/100|[from] item: Leftovers\n|upkeep\n|turn|31\n|\n|t:|1700297994\n|-end|p1a: Iron Moth|Quark Drive|[silent]\n|switch|p1a: Tornadus|Tornadus-Therian, M|100\/100\n|move|p2a: Clodsire|Earthquake|p1a: Tornadus\n|-immune|p1a: Tornadus\n|\n|-heal|p2a: Clodsire|78\/100|[from] item: Leftovers\n|upkeep\n|turn|32\n|\n|t:|1700298001\n|move|p1a: Tornadus|Hurricane|p2a: Clodsire|[miss]\n|-miss|p1a: Tornadus|p2a: Clodsire\n|move|p2a: Clodsire|Toxic|p1a: Tornadus\n|-status|p1a: Tornadus|tox\n|\n|-heal|p2a: Clodsire|84\/100|[from] item: Leftovers\n|-damage|p1a: Tornadus|94\/100 tox|[from] psn\n|upkeep\n|turn|33\n|\n|t:|1700298007\n|move|p1a: Tornadus|U-turn|p2a: Clodsire\n|-resisted|p2a: Clodsire\n|-damage|p2a: Clodsire|76\/100\n|\n|t:|1700298008\n|switch|p1a: Iron Moth|Iron Moth|51\/100|[from] U-turn\n|move|p2a: Clodsire|Stealth Rock|p1a: Iron Moth\n|-sidestart|p1: VarcoDoesBattles|move: Stealth Rock\n|\n|-heal|p2a: Clodsire|82\/100|[from] item: Leftovers\n|upkeep\n|turn|34\n|\n|t:|1700298012\n|move|p1a: Iron Moth|Fiery Dance|p2a: Clodsire\n|-damage|p2a: Clodsire|61\/100\n|move|p2a: Clodsire|Earthquake|p1a: Iron Moth\n|-supereffective|p1a: Iron Moth\n|-crit|p1a: Iron Moth\n|-damage|p1a: Iron Moth|0 fnt\n|faint|p1a: Iron Moth\n|-end|p1a: Iron Moth|Quark Drive|[silent]\n|\n|-heal|p2a: Clodsire|67\/100|[from] item: Leftovers\n|upkeep\n|\n|t:|1700298014\n|switch|p1a: Tornadus|Tornadus-Therian, M|100\/100 tox\n|turn|35\n|\n|t:|1700298023\n|move|p1a: Tornadus|Defog|p2a: Clodsire\n|-unboost|p2a: Clodsire|evasion|1\n|-sideend|p1: VarcoDoesBattles|Stealth Rock|[from] move: Defog|[of] p1a: Tornadus\n|move|p2a: Clodsire|Recover|p2a: Clodsire\n|-heal|p2a: Clodsire|100\/100\n|\n|-damage|p1a: Tornadus|94\/100 tox|[from] psn\n|upkeep\n|turn|36\n|\n|t:|1700298029\n|move|p1a: Tornadus|Hurricane|p2a: Clodsire|[miss]\n|-miss|p1a: Tornadus|p2a: Clodsire\n|move|p2a: Clodsire|Stealth Rock|p1a: Tornadus\n|-sidestart|p1: VarcoDoesBattles|move: Stealth Rock\n|\n|-damage|p1a: Tornadus|82\/100 tox|[from] psn\n|upkeep\n|turn|37\n|\n|t:|1700298035\n|move|p1a: Tornadus|Hurricane|p2a: Clodsire\n|-damage|p2a: Clodsire|79\/100\n|move|p2a: Clodsire|Stealth Rock||[still]\n|-fail|p2a: Clodsire\n|\n|-heal|p2a: Clodsire|85\/100|[from] item: Leftovers\n|-damage|p1a: Tornadus|64\/100 tox|[from] psn\n|upkeep\n|turn|38\n|\n|t:|1700298039\n|move|p1a: Tornadus|Hurricane|p2a: Clodsire\n|-damage|p2a: Clodsire|61\/100\n|move|p2a: Clodsire|Stealth Rock||[still]\n|-fail|p2a: Clodsire\n|\n|-heal|p2a: Clodsire|68\/100|[from] item: Leftovers\n|-damage|p1a: Tornadus|40\/100 tox|[from] psn\n|upkeep\n|turn|39\n|\n|t:|1700298041\n|move|p1a: Tornadus|Hurricane|p2a: Clodsire\n|-damage|p2a: Clodsire|46\/100\n|-start|p2a: Clodsire|confusion\n|-activate|p2a: Clodsire|confusion\n|move|p2a: Clodsire|Stealth Rock||[still]\n|-fail|p2a: Clodsire\n|\n|-heal|p2a: Clodsire|52\/100|[from] item: Leftovers\n|-damage|p1a: Tornadus|9\/100 tox|[from] psn\n|upkeep\n|turn|40\n|\n|t:|1700298044\n|move|p1a: Tornadus|Hurricane|p2a: Clodsire\n|-damage|p2a: Clodsire|29\/100\n|-activate|p2a: Clodsire|confusion\n|-damage|p2a: Clodsire|20\/100|[from] confusion\n|\n|-heal|p2a: Clodsire|26\/100|[from] item: Leftovers\n|-damage|p1a: Tornadus|0 fnt|[from] psn\n|faint|p1a: Tornadus\n|\n|win|oktheMaster\n|upkeep\n|raw|VarcoDoesBattles's rating: 1491 &rarr; <strong>1477<\/strong><br \/>(-14 for losing)\n|raw|oktheMaster's rating: 1596 &rarr; <strong>1610<\/strong><br \/>(+14 for winning)\n|c|\u2606VarcoDoesBattles|ggwp\n|l|\u2606VarcoDoesBattles\n","uploadtime":1700298060,"views":5,"p1id":"varcodoesbattles","p2id":"okthemaster","formatid":"gen9nationaldex","rating":1477,"private":0,"password":""}