{"id":"gen9nationaldex-1993852167","p1":"Djangoman","p2":"Gamer Ganesh","format":"[Gen 9] National Dex","log":"|j|\u2606Djangoman\n|j|\u2606Gamer Ganesh\n|t:|1700365383\n|gametype|singles\n|player|p1|Djangoman|artist-gen4|1042\n|player|p2|Gamer Ganesh|ghetsis|1000\n|teamsize|p1|6\n|teamsize|p2|6\n|gen|9\n|tier|[Gen 9] National Dex\n|rated|\n|rule|HP Percentage Mod: HP is shown in percentages\n|rule|Endless Battle Clause: Forcing endless battles is banned\n|rule|OHKO Clause: OHKO moves are banned\n|rule|Evasion Clause: Evasion abilities, items, and moves are banned\n|rule|Evasion Abilities Clause: Evasion abilities are banned\n|rule|Evasion Items Clause: Evasion items are banned\n|rule|Evasion Moves Clause: Evasion moves are banned\n|rule|Species Clause: Limit one of each Pok\u00e9mon\n|rule|Sleep Clause Mod: Limit one foe put to sleep\n|clearpoke\n|poke|p1|Machamp, M|\n|poke|p1|Buzzwole|\n|poke|p1|Swampert, M|\n|poke|p1|Conkeldurr, M|\n|poke|p1|Crabominable, M|\n|poke|p1|Emboar, M|\n|poke|p2|Toxapex, M|\n|poke|p2|Diancie|\n|poke|p2|Swampert, M|\n|poke|p2|Steelix, M|\n|poke|p2|Latios, M|\n|poke|p2|Charizard, M|\n|teampreview\n|\n|t:|1700365391\n|start\n|switch|p1a: COME AT ME!|Crabominable, M|100\/100\n|switch|p2a: Steelix|Steelix, M|100\/100\n|turn|1\n|\n|t:|1700365400\n|detailschange|p2a: Steelix|Steelix-Mega, M\n|-mega|p2a: Steelix|Steelix|Steelixite\n|move|p1a: COME AT ME!|Close Combat|p2a: Steelix\n|-supereffective|p2a: Steelix\n|-damage|p2a: Steelix|40\/100\n|-unboost|p1a: COME AT ME!|def|1\n|-unboost|p1a: COME AT ME!|spd|1\n|move|p2a: Steelix|Steel Roller||[still]\n|-fail|p2a: Steelix\n|\n|upkeep\n|turn|2\n|\n|t:|1700365420\n|move|p1a: COME AT ME!|Close Combat|p2a: Steelix\n|-supereffective|p2a: Steelix\n|-damage|p2a: Steelix|0 fnt\n|-unboost|p1a: COME AT ME!|def|1\n|-unboost|p1a: COME AT ME!|spd|1\n|faint|p2a: Steelix\n|\n|upkeep\n|\n|t:|1700365427\n|switch|p2a: Charizard|Charizard, M|100\/100\n|turn|3\n|\n|t:|1700365433\n|move|p2a: Charizard|Fire Blast|p1a: COME AT ME!\n|-supereffective|p1a: COME AT ME!\n|-enditem|p1a: COME AT ME!|Focus Sash\n|-damage|p1a: COME AT ME!|1\/100\n|move|p1a: COME AT ME!|Crabhammer|p2a: Charizard\n|-supereffective|p2a: Charizard\n|-damage|p2a: Charizard|0 fnt\n|faint|p2a: Charizard\n|\n|upkeep\n|\n|t:|1700365449\n|switch|p2a: Latios|Latios, M|100\/100\n|turn|4\n|\n|t:|1700365455\n|move|p2a: Latios|Energy Ball|p1a: COME AT ME!\n|-damage|p1a: COME AT ME!|0 fnt\n|faint|p1a: COME AT ME!\n|\n|upkeep\n|\n|t:|1700365460\n|switch|p1a: Training Results|Swampert, M|100\/100\n|turn|5\n|\n|t:|1700365465\n|detailschange|p1a: Training Results|Swampert-Mega, M\n|-mega|p1a: Training Results|Swampert|Swampertite\n|move|p2a: Latios|Energy Ball|p1a: Training Results\n|-supereffective|p1a: Training Results\n|-damage|p1a: Training Results|3\/100\n|move|p1a: Training Results|Bulk Up|p1a: Training Results\n|-boost|p1a: Training Results|atk|1\n|-boost|p1a: Training Results|def|1\n|\n|upkeep\n|turn|6\n|\n|t:|1700365475\n|move|p2a: Latios|Energy Ball|p1a: Training Results\n|-supereffective|p1a: Training Results\n|-damage|p1a: Training Results|0 fnt\n|faint|p1a: Training Results\n|\n|upkeep\n|\n|t:|1700365484\n|switch|p1a: Strongman|Emboar, M|100\/100\n|turn|7\n|\n|t:|1700365490\n|move|p1a: Strongman|Sucker Punch|p2a: Latios\n|-supereffective|p2a: Latios\n|-crit|p2a: Latios\n|-damage|p2a: Latios|0 fnt\n|faint|p2a: Latios\n|\n|upkeep\n|\n|t:|1700365501\n|switch|p2a: Swampert|Swampert, M|100\/100\n|turn|8\n|\n|t:|1700365508\n|move|p1a: Strongman|Sucker Punch|p2a: Swampert\n|-damage|p2a: Swampert|75\/100\n|move|p2a: Swampert|Waterfall|p1a: Strongman\n|-supereffective|p1a: Strongman\n|-damage|p1a: Strongman|11\/100\n|\n|upkeep\n|turn|9\n|\n|t:|1700365518\n|move|p1a: Strongman|Sucker Punch|p2a: Swampert\n|-damage|p2a: Swampert|52\/100\n|move|p2a: Swampert|Seismic Toss|p1a: Strongman\n|-damage|p1a: Strongman|0 fnt\n|faint|p1a: Strongman\n|\n|upkeep\n|\n|t:|1700365525\n|switch|p1a: Richard|Buzzwole|100\/100\n|turn|10\n|inactive|Battle timer is ON: inactive players will automatically lose when time's up. (requested by Djangoman)\n|\n|t:|1700365534\n|move|p1a: Richard|Bulk Up|p1a: Richard\n|-boost|p1a: Richard|atk|1\n|-boost|p1a: Richard|def|1\n|move|p2a: Swampert|Outrage|p1a: Richard\n|-damage|p1a: Richard|83\/100\n|\n|upkeep\n|turn|11\n|\n|t:|1700365544\n|move|p1a: Richard|Bulk Up|p1a: Richard\n|-boost|p1a: Richard|atk|1\n|-boost|p1a: Richard|def|1\n|move|p2a: Swampert|Outrage|p1a: Richard|[from]lockedmove\n|-damage|p1a: Richard|70\/100\n|\n|upkeep\n|turn|12\n|\n|t:|1700365556\n|move|p1a: Richard|Earthquake|p2a: Swampert\n|-damage|p2a: Swampert|0 fnt\n|faint|p2a: Swampert\n|-ability|p1a: Richard|Beast Boost|boost\n|-boost|p1a: Richard|atk|1\n|\n|upkeep\n|\n|t:|1700365576\n|switch|p2a: Diancie|Diancie|100\/100\n|turn|13\n|\n|t:|1700365585\n|move|p2a: Diancie|Diamond Storm|p1a: Richard\n|-damage|p1a: Richard|57\/100\n|-boost|p2a: Diancie|def|2\n|move|p1a: Richard|Earthquake|p2a: Diancie\n|-supereffective|p2a: Diancie\n|-damage|p2a: Diancie|2\/100\n|\n|upkeep\n|turn|14\n|\n|t:|1700365598\n|move|p2a: Diancie|Moonblast|p1a: Richard\n|-supereffective|p1a: Richard\n|-damage|p1a: Richard|0 fnt\n|faint|p1a: Richard\n|\n|upkeep\n|\n|t:|1700365603\n|switch|p1a: The Thing|Conkeldurr, M|100\/100\n|turn|15\n|\n|t:|1700365609\n|move|p2a: Diancie|Psychic|p1a: The Thing\n|-supereffective|p1a: The Thing\n|-damage|p1a: The Thing|50\/100\n|move|p1a: The Thing|Close Combat|p2a: Diancie\n|-crit|p2a: Diancie\n|-damage|p2a: Diancie|0 fnt\n|-unboost|p1a: The Thing|def|1\n|-unboost|p1a: The Thing|spd|1\n|faint|p2a: Diancie\n|-damage|p1a: The Thing|40\/100|[from] item: Life Orb\n|\n|upkeep\n|\n|t:|1700365626\n|switch|p2a: Toxapex|Toxapex, M|100\/100\n|turn|16\n|\n|t:|1700365633\n|switch|p1a: JoJo|Machamp, M|100\/100\n|move|p2a: Toxapex|Toxic Spikes|p1a: JoJo\n|-sidestart|p1: Djangoman|move: Toxic Spikes\n|\n|-status|p1a: JoJo|brn|[from] item: Flame Orb\n|upkeep\n|turn|17\n|\n|t:|1700365642\n|move|p1a: JoJo|Bulk Up|p1a: JoJo\n|-boost|p1a: JoJo|atk|1\n|-boost|p1a: JoJo|def|1\n|move|p2a: Toxapex|Toxic Spikes|p1a: JoJo\n|-sidestart|p1: Djangoman|move: Toxic Spikes\n|\n|-damage|p1a: JoJo|94\/100 brn|[from] brn\n|upkeep\n|turn|18\n|\n|t:|1700365652\n|move|p2a: Toxapex|Protect|p2a: Toxapex\n|-singleturn|p2a: Toxapex|Protect\n|move|p1a: JoJo|Close Combat|p2a: Toxapex\n|-activate|p2a: Toxapex|move: Protect\n|\n|-damage|p1a: JoJo|88\/100 brn|[from] brn\n|upkeep\n|turn|19\n|\n|t:|1700365662\n|move|p1a: JoJo|Darkest Lariat|p2a: Toxapex\n|-damage|p2a: Toxapex|47\/100\n|move|p2a: Toxapex|Toxic Spikes||[still]\n|-fail|p2a: Toxapex\n|\n|-heal|p2a: Toxapex|53\/100|[from] item: Leftovers\n|-damage|p1a: JoJo|82\/100 brn|[from] brn\n|upkeep\n|turn|20\n|\n|t:|1700365673\n|move|p1a: JoJo|Bulk Up|p1a: JoJo\n|-boost|p1a: JoJo|atk|1\n|-boost|p1a: JoJo|def|1\n|move|p2a: Toxapex|Toxic Spikes||[still]\n|-fail|p2a: Toxapex\n|\n|-heal|p2a: Toxapex|59\/100|[from] item: Leftovers\n|-damage|p1a: JoJo|76\/100 brn|[from] brn\n|upkeep\n|turn|21\n|\n|t:|1700365683\n|move|p1a: JoJo|Darkest Lariat|p2a: Toxapex\n|-damage|p2a: Toxapex|0 fnt\n|faint|p2a: Toxapex\n|\n|win|Djangoman\n|raw|Djangoman's rating: 1042 &rarr; <strong>1072<\/strong><br \/>(+30 for winning)\n|raw|Gamer Ganesh's rating: 1000 &rarr; <strong>1000<\/strong><br \/>(+0 for losing)\n|c|\u2606Djangoman|gg\n","uploadtime":1700365693,"views":8,"p1id":"djangoman","p2id":"gamerganesh","formatid":"gen9nationaldex","rating":1000,"private":0,"password":""}