{"id":"gen9nationaldex-1987401741","p1":"minipokeneuron","p2":"ggagain","format":"[Gen 9] National Dex","log":"|j|\u2606minipokeneuron\n|j|\u2606ggagain\n|t:|1699586631\n|gametype|singles\n|player|p1|minipokeneuron|1|1529\n|player|p2|ggagain|2|1553\n|teamsize|p1|6\n|teamsize|p2|6\n|gen|9\n|tier|[Gen 9] National Dex\n|rated|\n|rule|HP Percentage Mod: HP is shown in percentages\n|rule|Endless Battle Clause: Forcing endless battles is banned\n|rule|OHKO Clause: OHKO moves are banned\n|rule|Evasion Clause: Evasion abilities, items, and moves are banned\n|rule|Evasion Abilities Clause: Evasion abilities are banned\n|rule|Evasion Items Clause: Evasion items are banned\n|rule|Evasion Moves Clause: Evasion moves are banned\n|rule|Species Clause: Limit one of each Pok\u00e9mon\n|rule|Sleep Clause Mod: Limit one foe put to sleep\n|clearpoke\n|poke|p1|Weezing-Galar, M|\n|poke|p1|Medicham, M|\n|poke|p1|Samurott-Hisui, M|\n|poke|p1|Torterra, F|\n|poke|p1|Tyranitar, F|\n|poke|p1|Moltres|\n|poke|p2|Alomomola, F|\n|poke|p2|Zamazenta-*|\n|poke|p2|Ditto|\n|poke|p2|Victini|\n|poke|p2|Gliscor, F|\n|poke|p2|Goodra-Hisui, M|\n|teampreview\n|inactive|Battle timer is ON: inactive players will automatically lose when time's up. (requested by ggagain)\n|\n|t:|1699586647\n|start\n|switch|p1a: Samurott|Samurott-Hisui, M, shiny|100\/100\n|switch|p2a: Victini|Victini|100\/100\n|turn|1\n|\n|t:|1699586656\n|-terastallize|p1a: Samurott|Ghost\n|move|p2a: Victini|U-turn|p1a: Samurott\n|-resisted|p1a: Samurott\n|-damage|p1a: Samurott|88\/100\n|\n|t:|1699586669\n|switch|p2a: Ditto|Ditto|100\/100|[from] U-turn\n|-transform|p2a: Ditto|p1a: Samurott|[from] ability: Imposter\n|move|p1a: Samurott|Ceaseless Edge|p2a: Ditto\n|-resisted|p2a: Ditto\n|-damage|p2a: Ditto|69\/100\n|-sidestart|p2: ggagain|Spikes\n|\n|upkeep\n|-start|p2a: Ditto|typechange|Water\/Dark|[silent]\n|turn|2\n|\n|t:|1699586686\n|switch|p1a: Tyranitar|Tyranitar, F|100\/100\n|-weather|Sandstorm|[from] ability: Sand Stream|[of] p1a: Tyranitar\n|move|p2a: Ditto|Ceaseless Edge|p1a: Tyranitar\n|-resisted|p1a: Tyranitar\n|-crit|p1a: Tyranitar\n|-damage|p1a: Tyranitar|74\/100\n|-sidestart|p1: minipokeneuron|Spikes\n|\n|-weather|Sandstorm|[upkeep]\n|-damage|p2a: Ditto|63\/100|[from] Sandstorm\n|upkeep\n|turn|3\n|l|\u2606ggagain\n|inactive|ggagain disconnected and has a minute to reconnect!\n|player|p2|\n|inactive|ggagain has 30 seconds to reconnect!\n|j|\u2606ggagain\n|inactive|ggagain reconnected and has 115 seconds left.\n|player|p2|ggagain|2\n|\n|t:|1699586729\n|-activate|p2a: Ditto|move: Pursuit\n|move|p1a: Tyranitar|Pursuit|p2a: Ditto|[from]Pursuit\n|-resisted|p2a: Ditto\n|-damage|p2a: Ditto|12\/100\n|switch|p2a: Alomomola|Alomomola, F|100\/100\n|-damage|p2a: Alomomola|88\/100|[from] Spikes\n|\n|-weather|Sandstorm|[upkeep]\n|-damage|p2a: Alomomola|82\/100|[from] Sandstorm\n|upkeep\n|turn|4\n|\n|t:|1699586748\n|switch|p1a: Samurott|Samurott-Hisui, M, shiny, tera:Ghost|88\/100\n|-damage|p1a: Samurott|76\/100|[from] Spikes\n|move|p2a: Alomomola|Wish|p2a: Alomomola\n|\n|-weather|Sandstorm|[upkeep]\n|-damage|p1a: Samurott|70\/100|[from] Sandstorm\n|-damage|p2a: Alomomola|76\/100|[from] Sandstorm\n|upkeep\n|turn|5\n|\n|t:|1699586752\n|move|p1a: Samurott|Ceaseless Edge|p2a: Alomomola\n|-damage|p2a: Alomomola|53\/100\n|-damage|p1a: Samurott|53\/100|[from] item: Rocky Helmet|[of] p2a: Alomomola\n|-sidestart|p2: ggagain|Spikes\n|move|p2a: Alomomola|Flip Turn|p1a: Samurott\n|-damage|p1a: Samurott|34\/100\n|\n|t:|1699586758\n|switch|p2a: Ditto|Ditto|12\/100|[from] Flip Turn\n|-damage|p2a: Ditto|0 fnt|[from] Spikes\n|faint|p2a: Ditto\n|\n|-weather|Sandstorm|[upkeep]\n|-damage|p1a: Samurott|27\/100|[from] Sandstorm\n|upkeep\n|\n|t:|1699586763\n|switch|p2a: Gliscor|Gliscor, F|100\/100\n|turn|6\n|\n|t:|1699586768\n|move|p1a: Samurott|Razor Shell|p2a: Gliscor\n|-supereffective|p2a: Gliscor\n|-damage|p2a: Gliscor|22\/100\n|-unboost|p2a: Gliscor|def|1\n|move|p2a: Gliscor|Defog|p1a: Samurott\n|-unboost|p1a: Samurott|evasion|1\n|-sideend|p1: minipokeneuron|Spikes|[from] move: Defog|[of] p2a: Gliscor\n|-sideend|p2: ggagain|Spikes|[from] move: Defog|[of] p2a: Gliscor\n|\n|-weather|none\n|-status|p2a: Gliscor|tox|[from] item: Toxic Orb\n|upkeep\n|turn|7\n|\n|t:|1699586775\n|switch|p2a: Alomomola|Alomomola, F|87\/100\n|move|p1a: Samurott|Ceaseless Edge|p2a: Alomomola|[miss]\n|-miss|p1a: Samurott|p2a: Alomomola\n|\n|upkeep\n|turn|8\n|\n|t:|1699586786\n|move|p1a: Samurott|Ceaseless Edge|p2a: Alomomola\n|-crit|p2a: Alomomola\n|-damage|p2a: Alomomola|53\/100\n|-damage|p1a: Samurott|11\/100|[from] item: Rocky Helmet|[of] p2a: Alomomola\n|-sidestart|p2: ggagain|Spikes\n|move|p2a: Alomomola|Wish|p2a: Alomomola\n|\n|upkeep\n|turn|9\n|\n|t:|1699586791\n|move|p1a: Samurott|Ceaseless Edge|p2a: Alomomola\n|-damage|p2a: Alomomola|29\/100\n|-damage|p1a: Samurott|0 fnt|[from] item: Rocky Helmet|[of] p2a: Alomomola\n|faint|p1a: Samurott\n|move|p2a: Alomomola|Flip Turn|p1: Samurott|[notarget]\n|-fail|p2a: Alomomola\n|\n|-heal|p2a: Alomomola|79\/100|[from] move: Wish|[wisher] Alomomola\n|upkeep\n|\n|t:|1699586799\n|switch|p1a: Weezing|Weezing-Galar, M|100\/100\n|-ability|p1a: Weezing|Neutralizing Gas\n|turn|10\n|\n|t:|1699586805\n|move|p2a: Alomomola|Wish|p2a: Alomomola\n|move|p1a: Weezing|Sludge Bomb|p2a: Alomomola\n|-damage|p2a: Alomomola|44\/100\n|\n|upkeep\n|turn|11\n|\n|t:|1699586810\n|move|p2a: Alomomola|Flip Turn|p1a: Weezing\n|-damage|p1a: Weezing|90\/100\n|-damage|p2a: Alomomola|28\/100|[from] item: Rocky Helmet|[of] p1a: Weezing\n|\n|t:|1699586812\n|switch|p2a: Gliscor|Gliscor, F|22\/100 tox|[from] Flip Turn\n|move|p1a: Weezing|Sludge Bomb|p2a: Gliscor\n|-resisted|p2a: Gliscor\n|-damage|p2a: Gliscor|11\/100 tox\n|\n|-heal|p2a: Gliscor|86\/100 tox|[from] move: Wish|[wisher] Alomomola\n|-damage|p2a: Gliscor|80\/100 tox|[from] psn\n|upkeep\n|turn|12\n|\n|t:|1699586825\n|move|p2a: Gliscor|Defog|p1a: Weezing\n|-unboost|p1a: Weezing|evasion|1\n|-sideend|p2: ggagain|Spikes|[from] move: Defog|[of] p2a: Gliscor\n|move|p1a: Weezing|Sludge Bomb|p2a: Gliscor\n|-resisted|p2a: Gliscor\n|-damage|p2a: Gliscor|68\/100 tox\n|\n|-damage|p2a: Gliscor|56\/100 tox|[from] psn\n|upkeep\n|turn|13\n|\n|t:|1699586831\n|move|p2a: Gliscor|Earthquake|p1a: Weezing\n|-supereffective|p1a: Weezing\n|-damage|p1a: Weezing|49\/100\n|move|p1a: Weezing|Sludge Bomb|p2a: Gliscor\n|-resisted|p2a: Gliscor\n|-damage|p2a: Gliscor|45\/100 tox\n|\n|-damage|p2a: Gliscor|26\/100 tox|[from] psn\n|upkeep\n|turn|14\n|\n|t:|1699586839\n|-end|p1a: Weezing|ability: Neutralizing Gas\n|switch|p1a: Moltres|Moltres|100\/100\n|move|p2a: Gliscor|U-turn|p1a: Moltres\n|-resisted|p1a: Moltres\n|-damage|p1a: Moltres|98\/100\n|\n|t:|1699586847\n|switch|p2a: Goodra|Goodra-Hisui, M|100\/100|[from] U-turn\n|\n|upkeep\n|turn|15\n|\n|t:|1699586858\n|move|p1a: Moltres|U-turn|p2a: Goodra\n|-resisted|p2a: Goodra\n|-damage|p2a: Goodra|93\/100\n|\n|t:|1699586862\n|switch|p1a: Medicham|Medicham, M|100\/100|[from] U-turn\n|move|p2a: Goodra|Thunderbolt|p1a: Medicham\n|-damage|p1a: Medicham|51\/100\n|\n|upkeep\n|turn|16\n|\n|t:|1699586872\n|switch|p2a: Alomomola|Alomomola, F|28\/100\n|detailschange|p1a: Medicham|Medicham-Mega, M\n|-mega|p1a: Medicham|Medicham|Medichamite\n|move|p1a: Medicham|Zen Headbutt|p2a: Alomomola\n|-damage|p2a: Alomomola|0 fnt\n|-damage|p1a: Medicham|35\/100|[from] item: Rocky Helmet|[of] p2a: Alomomola\n|faint|p2a: Alomomola\n|\n|upkeep\n|\n|t:|1699586881\n|switch|p2a: Victini|Victini|100\/100\n|turn|17\n|\n|t:|1699586886\n|switch|p1a: Weezing|Weezing-Galar, M|49\/100\n|-ability|p1a: Weezing|Neutralizing Gas\n|move|p2a: Victini|U-turn|p1a: Weezing\n|-resisted|p1a: Weezing\n|-damage|p1a: Weezing|46\/100\n|-damage|p2a: Victini|84\/100|[from] item: Rocky Helmet|[of] p1a: Weezing\n|\n|t:|1699586898\n|switch|p2a: Goodra|Goodra-Hisui, M|93\/100|[from] U-turn\n|\n|upkeep\n|turn|18\n|\n|t:|1699586903\n|move|p2a: Goodra|Flash Cannon|p1a: Weezing\n|-supereffective|p1a: Weezing\n|-damage|p1a: Weezing|0 fnt\n|faint|p1a: Weezing\n|-end|p1a: Weezing|ability: Neutralizing Gas\n|\n|upkeep\n|\n|t:|1699586909\n|switch|p1a: Medicham|Medicham-Mega, M|35\/100\n|turn|19\n|\n|t:|1699586914\n|switch|p2a: Gliscor|Gliscor, F|26\/100 tox\n|move|p1a: Medicham|Close Combat|p2a: Gliscor\n|-resisted|p2a: Gliscor\n|-damage|p2a: Gliscor|0 fnt\n|-unboost|p1a: Medicham|def|1\n|-unboost|p1a: Medicham|spd|1\n|faint|p2a: Gliscor\n|\n|upkeep\n|l|\u2606minipokeneuron\n|inactive|minipokeneuron disconnected and has a minute to reconnect!\n|player|p1|\n|\n|t:|1699586923\n|switch|p2a: Victini|Victini|84\/100\n|turn|20\n|j|\u2606minipokeneuron\n|inactive|minipokeneuron reconnected and has 145 seconds left.\n|player|p1|minipokeneuron|1\n|\n|t:|1699586934\n|switch|p1a: Tyranitar|Tyranitar, F|74\/100\n|-weather|Sandstorm|[from] ability: Sand Stream|[of] p1a: Tyranitar\n|move|p2a: Victini|V-create|p1a: Tyranitar\n|-resisted|p1a: Tyranitar\n|-damage|p1a: Tyranitar|44\/100\n|-unboost|p2a: Victini|spe|1\n|-unboost|p2a: Victini|def|1\n|-unboost|p2a: Victini|spd|1\n|\n|-weather|Sandstorm|[upkeep]\n|-damage|p2a: Victini|78\/100|[from] Sandstorm\n|upkeep\n|turn|21\n|\n|t:|1699586941\n|-terastallize|p2a: Victini|Fire\n|move|p2a: Victini|V-create|p1a: Tyranitar\n|-resisted|p1a: Tyranitar\n|-damage|p1a: Tyranitar|4\/100\n|-unboost|p2a: Victini|spe|1\n|-unboost|p2a: Victini|def|1\n|-unboost|p2a: Victini|spd|1\n|move|p1a: Tyranitar|Pursuit|p2a: Victini\n|-damage|p2a: Victini|5\/100\n|\n|-weather|Sandstorm|[upkeep]\n|-damage|p2a: Victini|0 fnt|[from] Sandstorm\n|faint|p2a: Victini\n|upkeep\n|\n|t:|1699586952\n|switch|p2a: Zamazenta|Zamazenta|100\/100\n|-ability|p2a: Zamazenta|Dauntless Shield|boost\n|-boost|p2a: Zamazenta|def|1\n|turn|22\n|\n|t:|1699586961\n|switch|p1a: Moltres|Moltres|98\/100\n|move|p2a: Zamazenta|Stone Edge|p1a: Moltres\n|-supereffective|p1a: Moltres\n|-damage|p1a: Moltres|0 fnt\n|faint|p1a: Moltres\n|\n|-weather|Sandstorm|[upkeep]\n|-damage|p2a: Zamazenta|94\/100|[from] Sandstorm\n|upkeep\n|\n|t:|1699586966\n|switch|p1a: Torterra|Torterra, F|100\/100\n|turn|23\n|\n|t:|1699586973\n|switch|p2a: Goodra|Goodra-Hisui, M|93\/100\n|move|p1a: Torterra|Bullet Seed|p2a: Goodra\n|-ability|p2a: Goodra|Sap Sipper|boost\n|-boost|p2a: Goodra|atk|1\n|\n|-weather|Sandstorm|[upkeep]\n|upkeep\n|turn|24\n|\n|t:|1699586982\n|move|p1a: Torterra|Headlong Rush|p2a: Goodra\n|-supereffective|p2a: Goodra\n|-damage|p2a: Goodra|0 fnt\n|-unboost|p1a: Torterra|def|1\n|-unboost|p1a: Torterra|spd|1\n|faint|p2a: Goodra\n|\n|-weather|none\n|upkeep\n|\n|t:|1699586985\n|switch|p2a: Zamazenta|Zamazenta|94\/100\n|turn|25\n|\n|t:|1699586990\n|switch|p1a: Tyranitar|Tyranitar, F|4\/100\n|-weather|Sandstorm|[from] ability: Sand Stream|[of] p1a: Tyranitar\n|move|p2a: Zamazenta|Close Combat|p1a: Tyranitar\n|-supereffective|p1a: Tyranitar\n|-damage|p1a: Tyranitar|0 fnt\n|-unboost|p2a: Zamazenta|def|1\n|-unboost|p2a: Zamazenta|spd|1\n|faint|p1a: Tyranitar\n|\n|-weather|Sandstorm|[upkeep]\n|-damage|p2a: Zamazenta|88\/100|[from] Sandstorm\n|upkeep\n|\n|t:|1699586997\n|switch|p1a: Medicham|Medicham-Mega, M|35\/100\n|turn|26\n|\n|t:|1699587000\n|move|p1a: Medicham|Fake Out|p2a: Zamazenta\n|-damage|p2a: Zamazenta|56\/100\n|cant|p2a: Zamazenta|flinch\n|\n|-weather|Sandstorm|[upkeep]\n|-damage|p2a: Zamazenta|50\/100|[from] Sandstorm\n|-damage|p1a: Medicham|29\/100|[from] Sandstorm\n|upkeep\n|turn|27\n|\n|t:|1699587012\n|move|p2a: Zamazenta|Close Combat|p1a: Medicham\n|-resisted|p1a: Medicham\n|-damage|p1a: Medicham|0 fnt\n|-unboost|p2a: Zamazenta|def|1\n|-unboost|p2a: Zamazenta|spd|1\n|faint|p1a: Medicham\n|\n|-weather|Sandstorm|[upkeep]\n|-damage|p2a: Zamazenta|44\/100|[from] Sandstorm\n|upkeep\n|\n|t:|1699587015\n|switch|p1a: Torterra|Torterra, F|100\/100\n|turn|28\n|\n|t:|1699587016\n|move|p2a: Zamazenta|Close Combat|p1a: Torterra\n|-damage|p1a: Torterra|9\/100\n|-unboost|p2a: Zamazenta|def|1\n|-unboost|p2a: Zamazenta|spd|1\n|move|p1a: Torterra|Bullet Seed|p2a: Zamazenta\n|-damage|p2a: Zamazenta|16\/100\n|-damage|p2a: Zamazenta|0 fnt\n|faint|p2a: Zamazenta\n|-hitcount|p2: Zamazenta|2\n|\n|win|minipokeneuron\n|raw|minipokeneuron's rating: 1529 &rarr; <strong>1550<\/strong><br \/>(+21 for winning)\n|raw|ggagain's rating: 1553 &rarr; <strong>1532<\/strong><br \/>(-21 for losing)\n|l|\u2606ggagain\n","uploadtime":1699587021,"views":8,"p1id":"minipokeneuron","p2id":"ggagain","formatid":"gen9nationaldex","rating":1532,"private":0,"password":""}