{"id":"gen9nationaldex-1997758164","p1":"DarthAegis","p2":"JeanPierre693","format":"[Gen 9] National Dex","log":"|html|<div class=\"broadcast-blue\"><strong>[Gen 9] National Dex is currently suspecting Sneasler! For information on how to participate check out the <a href=\"https:\/\/www.smogon.com\/forums\/threads\/sv-national-dex-suspect-8-just-dance.3731534\/\">suspect thread<\/a>.<\/strong><\/div>\n|j|\u2606DarthAegis\n|j|\u2606JeanPierre693\n|t:|1700849521\n|gametype|singles\n|player|p1|DarthAegis|ghetsis|1391\n|player|p2|JeanPierre693|elio|1423\n|teamsize|p1|6\n|teamsize|p2|6\n|gen|9\n|tier|[Gen 9] National Dex\n|rated|\n|rule|HP Percentage Mod: HP is shown in percentages\n|rule|Endless Battle Clause: Forcing endless battles is banned\n|rule|OHKO Clause: OHKO moves are banned\n|rule|Evasion Clause: Evasion abilities, items, and moves are banned\n|rule|Evasion Abilities Clause: Evasion abilities are banned\n|rule|Evasion Items Clause: Evasion items are banned\n|rule|Evasion Moves Clause: Evasion moves are banned\n|rule|Species Clause: Limit one of each Pok\u00e9mon\n|rule|Sleep Clause Mod: Limit one foe put to sleep\n|clearpoke\n|poke|p1|Latias, F|\n|poke|p1|Tornadus-Therian, M|\n|poke|p1|Ferrothorn, M|\n|poke|p1|Dondozo, M|\n|poke|p1|Toxapex, M|\n|poke|p1|Gliscor, M|\n|poke|p2|Suicune|\n|poke|p2|Entei|\n|poke|p2|Raikou|\n|poke|p2|Latias, F|\n|poke|p2|Corviknight, M|\n|poke|p2|Clefable, F|\n|teampreview\n|\n|t:|1700849537\n|start\n|switch|p1a: Tornadus|Tornadus-Therian, M|100\/100\n|switch|p2a: A que te quemo \ud83e\udd75|Entei|100\/100\n|turn|1\n|\n|t:|1700849543\n|move|p1a: Tornadus|Toxic|p2a: A que te quemo \ud83e\udd75\n|-status|p2a: A que te quemo \ud83e\udd75|tox\n|move|p2a: A que te quemo \ud83e\udd75|Sacred Fire|p1a: Tornadus\n|-damage|p1a: Tornadus|40\/100\n|\n|-damage|p2a: A que te quemo \ud83e\udd75|94\/100 tox|[from] psn\n|upkeep\n|turn|2\n|\n|t:|1700849556\n|switch|p1a: Toxapex|Toxapex, M|100\/100\n|switch|p2a: Vamos Golpeame Bv|Corviknight, M|100\/100\n|-ability|p2a: Vamos Golpeame Bv|Pressure\n|\n|upkeep\n|turn|3\n|\n|t:|1700849561\n|switch|p2a: F-16|Latias, F|100\/100\n|move|p1a: Toxapex|Scald|p2a: F-16\n|-resisted|p2a: F-16\n|-damage|p2a: F-16|95\/100\n|-status|p2a: F-16|brn\n|\n|-damage|p2a: F-16|89\/100 brn|[from] brn\n|upkeep\n|turn|4\n|\n|t:|1700849568\n|switch|p1a: Ferrothorn|Ferrothorn, M, shiny|100\/100\n|detailschange|p2a: F-16|Latias-Mega, F\n|-mega|p2a: F-16|Latias|Latiasite\n|move|p2a: F-16|Calm Mind|p2a: F-16\n|-boost|p2a: F-16|spa|1\n|-boost|p2a: F-16|spd|1\n|\n|-damage|p2a: F-16|83\/100 brn|[from] brn\n|upkeep\n|turn|5\n|\n|t:|1700849574\n|move|p2a: F-16|Mystical Fire|p1a: Ferrothorn\n|-supereffective|p1a: Ferrothorn\n|-damage|p1a: Ferrothorn|14\/100\n|-unboost|p1a: Ferrothorn|spa|1\n|move|p1a: Ferrothorn|Leech Seed|p2a: F-16\n|-start|p2a: F-16|move: Leech Seed\n|\n|-heal|p1a: Ferrothorn|20\/100|[from] item: Leftovers\n|-damage|p2a: F-16|70\/100 brn|[from] Leech Seed|[of] p1a: Ferrothorn\n|-heal|p1a: Ferrothorn|33\/100|[silent]\n|-damage|p2a: F-16|64\/100 brn|[from] brn\n|upkeep\n|turn|6\n|\n|t:|1700849581\n|switch|p1a: Dondozo|Dondozo, M|100\/100\n|move|p2a: F-16|Calm Mind|p2a: F-16\n|-boost|p2a: F-16|spa|1\n|-boost|p2a: F-16|spd|1\n|\n|-damage|p2a: F-16|52\/100 brn|[from] Leech Seed|[of] p1a: Dondozo\n|-damage|p2a: F-16|46\/100 brn|[from] brn\n|upkeep\n|turn|7\n|\n|t:|1700849584\n|move|p2a: F-16|Recover|p2a: F-16\n|-heal|p2a: F-16|96\/100 brn\n|move|p1a: Dondozo|Waterfall|p2a: F-16\n|-resisted|p2a: F-16\n|-damage|p2a: F-16|88\/100 brn\n|\n|-damage|p2a: F-16|75\/100 brn|[from] Leech Seed|[of] p1a: Dondozo\n|-damage|p2a: F-16|69\/100 brn|[from] brn\n|upkeep\n|turn|8\n|\n|t:|1700849590\n|switch|p2a: Aurora|Suicune|100\/100\n|-ability|p2a: Aurora|Pressure\n|move|p1a: Dondozo|Waterfall|p2a: Aurora\n|-resisted|p2a: Aurora\n|-damage|p2a: Aurora|93\/100\n|\n|-heal|p2a: Aurora|99\/100|[from] item: Leftovers\n|upkeep\n|turn|9\n|\n|t:|1700849603\n|switch|p2a: Flash|Raikou|100\/100\n|switch|p1a: Ferrothorn|Ferrothorn, M, shiny|33\/100\n|\n|-heal|p1a: Ferrothorn|39\/100|[from] item: Leftovers\n|upkeep\n|turn|10\n|\n|t:|1700849607\n|move|p2a: Flash|Aura Sphere|p1a: Ferrothorn\n|-supereffective|p1a: Ferrothorn\n|-damage|p1a: Ferrothorn|6\/100\n|move|p1a: Ferrothorn|Leech Seed|p2a: Flash\n|-start|p2a: Flash|move: Leech Seed\n|\n|-heal|p1a: Ferrothorn|12\/100|[from] item: Leftovers\n|-damage|p2a: Flash|88\/100|[from] Leech Seed|[of] p1a: Ferrothorn\n|-heal|p1a: Ferrothorn|24\/100|[silent]\n|upkeep\n|turn|11\n|\n|t:|1700849614\n|switch|p2a: A que te quemo \ud83e\udd75|Entei|94\/100 tox\n|switch|p1a: Latias|Latias, F|100\/100\n|\n|-damage|p2a: A que te quemo \ud83e\udd75|88\/100 tox|[from] psn\n|upkeep\n|turn|12\n|\n|t:|1700849621\n|switch|p1a: Tornadus|Tornadus-Therian, M|74\/100\n|switch|p2a: no me matas xd|Clefable, F|100\/100\n|\n|upkeep\n|turn|13\n|\n|t:|1700849625\n|move|p1a: Tornadus|Taunt|p2a: no me matas xd\n|-start|p2a: no me matas xd|move: Taunt\n|cant|p2a: no me matas xd|move: Taunt|Stealth Rock\n|\n|upkeep\n|turn|14\n|\n|t:|1700849630\n|switch|p2a: Vamos Golpeame Bv|Corviknight, M|100\/100\n|-ability|p2a: Vamos Golpeame Bv|Pressure\n|move|p1a: Tornadus|Hurricane|p2a: Vamos Golpeame Bv\n|-resisted|p2a: Vamos Golpeame Bv\n|-damage|p2a: Vamos Golpeame Bv|79\/100\n|-start|p2a: Vamos Golpeame Bv|confusion\n|\n|upkeep\n|turn|15\n|\n|t:|1700849639\n|switch|p2a: no me matas xd|Clefable, F|100\/100\n|move|p1a: Tornadus|Focus Blast|p2a: no me matas xd\n|-resisted|p2a: no me matas xd\n|-damage|p2a: no me matas xd|87\/100\n|\n|-heal|p2a: no me matas xd|93\/100|[from] item: Leftovers\n|upkeep\n|turn|16\n|\n|t:|1700849644\n|move|p1a: Tornadus|Taunt|p2a: no me matas xd\n|-start|p2a: no me matas xd|move: Taunt\n|move|p2a: no me matas xd|Moonblast|p1a: Tornadus\n|-damage|p1a: Tornadus|38\/100\n|\n|-heal|p2a: no me matas xd|99\/100|[from] item: Leftovers\n|upkeep\n|turn|17\n|\n|t:|1700849652\n|switch|p1a: Toxapex|Toxapex, M|100\/100\n|switch|p2a: Flash|Raikou|88\/100\n|\n|upkeep\n|turn|18\n|\n|t:|1700849658\n|switch|p1a: Gliscor|Gliscor, M, shiny|100\/100\n|move|p2a: Flash|Hidden Power|p1a: Gliscor\n|-supereffective|p1a: Gliscor\n|-damage|p1a: Gliscor|36\/100\n|\n|-status|p1a: Gliscor|tox|[from] item: Toxic Orb\n|upkeep\n|turn|19\n|\n|t:|1700849666\n|switch|p2a: A que te quemo \ud83e\udd75|Entei|88\/100 tox\n|switch|p1a: Latias|Latias, F|100\/100\n|\n|-damage|p2a: A que te quemo \ud83e\udd75|82\/100 tox|[from] psn\n|upkeep\n|turn|20\n|\n|t:|1700849680\n|switch|p2a: no me matas xd|Clefable, F|99\/100\n|detailschange|p1a: Latias|Latias-Mega, F\n|-mega|p1a: Latias|Latias|Latiasite\n|move|p1a: Latias|Calm Mind|p1a: Latias\n|-boost|p1a: Latias|spa|1\n|-boost|p1a: Latias|spd|1\n|\n|-heal|p2a: no me matas xd|100\/100|[from] item: Leftovers\n|upkeep\n|turn|21\n|\n|t:|1700849689\n|switch|p1a: Gliscor|Gliscor, M, shiny|36\/100 tox\n|move|p2a: no me matas xd|Stealth Rock|p1a: Gliscor\n|-sidestart|p1: DarthAegis|move: Stealth Rock\n|\n|-heal|p1a: Gliscor|48\/100 tox|[from] ability: Poison Heal\n|upkeep\n|turn|22\n|\n|t:|1700849693\n|move|p1a: Gliscor|Roost|p1a: Gliscor\n|-heal|p1a: Gliscor|98\/100 tox\n|-singleturn|p1a: Gliscor|move: Roost\n|move|p2a: no me matas xd|Moonblast|p1a: Gliscor\n|-damage|p1a: Gliscor|71\/100 tox\n|\n|-heal|p1a: Gliscor|83\/100 tox|[from] ability: Poison Heal\n|upkeep\n|turn|23\n|\n|t:|1700849705\n|move|p1a: Gliscor|Knock Off|p2a: no me matas xd\n|-resisted|p2a: no me matas xd\n|-damage|p2a: no me matas xd|91\/100\n|-enditem|p2a: no me matas xd|Leftovers|[from] move: Knock Off|[of] p1a: Gliscor\n|move|p2a: no me matas xd|Heal Bell|p2a: no me matas xd\n|-activate|p2a: no me matas xd|move: Heal Bell\n|-curestatus|p2: F-16|brn|[msg]\n|-curestatus|p2: A que te quemo \ud83e\udd75|tox|[msg]\n|\n|-heal|p1a: Gliscor|96\/100 tox|[from] ability: Poison Heal\n|upkeep\n|turn|24\n|\n|t:|1700849717\n|move|p1a: Gliscor|Spikes|p2a: no me matas xd\n|-sidestart|p2: JeanPierre693|Spikes\n|move|p2a: no me matas xd|Moonblast|p1a: Gliscor\n|-damage|p1a: Gliscor|68\/100 tox\n|\n|-heal|p1a: Gliscor|81\/100 tox|[from] ability: Poison Heal\n|upkeep\n|turn|25\n|\n|t:|1700849724\n|switch|p2a: F-16|Latias-Mega, F|69\/100\n|move|p1a: Gliscor|Spikes|p2a: F-16\n|-sidestart|p2: JeanPierre693|Spikes\n|\n|-heal|p1a: Gliscor|93\/100 tox|[from] ability: Poison Heal\n|upkeep\n|turn|26\n|\n|t:|1700849727\n|move|p2a: F-16|Calm Mind|p2a: F-16\n|-boost|p2a: F-16|spa|1\n|-boost|p2a: F-16|spd|1\n|move|p1a: Gliscor|Knock Off|p2a: F-16\n|-supereffective|p2a: F-16\n|-damage|p2a: F-16|53\/100\n|\n|-heal|p1a: Gliscor|100\/100 tox|[from] ability: Poison Heal\n|upkeep\n|turn|27\n|\n|t:|1700849733\n|switch|p1a: Dondozo|Dondozo, M|100\/100\n|move|p2a: F-16|Recover|p2a: F-16\n|-heal|p2a: F-16|100\/100\n|\n|upkeep\n|turn|28\n|\n|t:|1700849755\n|move|p2a: F-16|Psyshock|p1a: Dondozo\n|-damage|p1a: Dondozo|83\/100\n|move|p1a: Dondozo|Curse|p1a: Dondozo\n|-unboost|p1a: Dondozo|spe|1\n|-boost|p1a: Dondozo|atk|1\n|-boost|p1a: Dondozo|def|1\n|\n|upkeep\n|turn|29\n|\n|t:|1700849762\n|switch|p2a: Flash|Raikou|88\/100\n|-damage|p2a: Flash|72\/100|[from] Spikes\n|move|p1a: Dondozo|Waterfall|p2a: Flash\n|-damage|p2a: Flash|12\/100\n|\n|upkeep\n|turn|30\n|\n|t:|1700849769\n|switch|p1a: Latias|Latias-Mega, F|100\/100\n|-damage|p1a: Latias|88\/100|[from] Stealth Rock\n|move|p2a: Flash|Thunderbolt|p1a: Latias\n|-resisted|p1a: Latias\n|-damage|p1a: Latias|74\/100\n|\n|upkeep\n|turn|31\n|\n|t:|1700849773\n|switch|p2a: Vamos Golpeame Bv|Corviknight, M|79\/100\n|-ability|p2a: Vamos Golpeame Bv|Pressure\n|move|p1a: Latias|Roost|p1a: Latias\n|-heal|p1a: Latias|100\/100\n|-singleturn|p1a: Latias|move: Roost\n|\n|upkeep\n|turn|32\n|\n|t:|1700849777\n|switch|p1a: Toxapex|Toxapex, M|100\/100\n|switch|p2a: no me matas xd|Clefable, F|91\/100\n|-damage|p2a: no me matas xd|75\/100|[from] Spikes\n|\n|upkeep\n|turn|33\n|\n|t:|1700849782\n|switch|p2a: Vamos Golpeame Bv|Corviknight, M|79\/100\n|-ability|p2a: Vamos Golpeame Bv|Pressure\n|move|p1a: Toxapex|Toxic Spikes|p2a: Vamos Golpeame Bv\n|-sidestart|p2: JeanPierre693|move: Toxic Spikes\n|\n|upkeep\n|turn|34\n|\n|t:|1700849788\n|move|p2a: Vamos Golpeame Bv|Defog|p1a: Toxapex\n|-unboost|p1a: Toxapex|evasion|1\n|-sideend|p1: DarthAegis|Stealth Rock|[from] move: Defog|[of] p2a: Vamos Golpeame Bv\n|-sideend|p2: JeanPierre693|Spikes|[from] move: Defog|[of] p2a: Vamos Golpeame Bv\n|-sideend|p2: JeanPierre693|Toxic Spikes|[from] move: Defog|[of] p2a: Vamos Golpeame Bv\n|move|p1a: Toxapex|Scald|p2a: Vamos Golpeame Bv\n|-damage|p2a: Vamos Golpeame Bv|63\/100\n|\n|upkeep\n|turn|35\n|\n|t:|1700849796\n|switch|p2a: F-16|Latias-Mega, F|100\/100\n|move|p1a: Toxapex|Scald|p2a: F-16\n|-resisted|p2a: F-16\n|-damage|p2a: F-16|95\/100\n|\n|upkeep\n|turn|36\n|\n|t:|1700849803\n|switch|p2a: Vamos Golpeame Bv|Corviknight, M|63\/100\n|-ability|p2a: Vamos Golpeame Bv|Pressure\n|switch|p1a: Dondozo|Dondozo, M|83\/100\n|\n|upkeep\n|turn|37\n|\n|t:|1700849810\n|move|p2a: Vamos Golpeame Bv|Roost|p2a: Vamos Golpeame Bv\n|-heal|p2a: Vamos Golpeame Bv|100\/100\n|-singleturn|p2a: Vamos Golpeame Bv|move: Roost\n|move|p1a: Dondozo|Waterfall|p2a: Vamos Golpeame Bv\n|-damage|p2a: Vamos Golpeame Bv|83\/100\n|-damage|p1a: Dondozo|67\/100|[from] item: Rocky Helmet|[of] p2a: Vamos Golpeame Bv\n|\n|upkeep\n|turn|38\n|\n|t:|1700849815\n|switch|p2a: F-16|Latias-Mega, F|95\/100\n|move|p1a: Dondozo|Curse|p1a: Dondozo\n|-unboost|p1a: Dondozo|spe|1\n|-boost|p1a: Dondozo|atk|1\n|-boost|p1a: Dondozo|def|1\n|\n|upkeep\n|turn|39\n|\n|t:|1700849819\n|switch|p2a: no me matas xd|Clefable, F|75\/100\n|move|p1a: Dondozo|Curse|p1a: Dondozo\n|-unboost|p1a: Dondozo|spe|1\n|-boost|p1a: Dondozo|atk|1\n|-boost|p1a: Dondozo|def|1\n|\n|upkeep\n|turn|40\n|\n|t:|1700849827\n|switch|p1a: Gliscor|Gliscor, M, shiny|100\/100 tox\n|move|p2a: no me matas xd|Moonblast|p1a: Gliscor\n|-damage|p1a: Gliscor|75\/100 tox\n|-unboost|p1a: Gliscor|spa|1\n|\n|-heal|p1a: Gliscor|87\/100 tox|[from] ability: Poison Heal\n|upkeep\n|turn|41\n|\n|t:|1700849832\n|switch|p2a: Vamos Golpeame Bv|Corviknight, M|83\/100\n|-ability|p2a: Vamos Golpeame Bv|Pressure\n|move|p1a: Gliscor|Earthquake|p2a: Vamos Golpeame Bv\n|-immune|p2a: Vamos Golpeame Bv\n|\n|-heal|p1a: Gliscor|99\/100 tox|[from] ability: Poison Heal\n|upkeep\n|turn|42\n|\n|t:|1700849843\n|switch|p2a: no me matas xd|Clefable, F|75\/100\n|move|p1a: Gliscor|Knock Off|p2a: no me matas xd\n|-resisted|p2a: no me matas xd\n|-damage|p2a: no me matas xd|69\/100\n|\n|-heal|p1a: Gliscor|100\/100 tox|[from] ability: Poison Heal\n|upkeep\n|turn|43\n|\n|t:|1700849849\n|move|p1a: Gliscor|Spikes|p2a: no me matas xd\n|-sidestart|p2: JeanPierre693|Spikes\n|move|p2a: no me matas xd|Stealth Rock|p1a: Gliscor\n|-sidestart|p1: DarthAegis|move: Stealth Rock\n|\n|upkeep\n|turn|44\n|\n|t:|1700849852\n|switch|p2a: Vamos Golpeame Bv|Corviknight, M|83\/100\n|-ability|p2a: Vamos Golpeame Bv|Pressure\n|move|p1a: Gliscor|Spikes|p2a: Vamos Golpeame Bv\n|-sidestart|p2: JeanPierre693|Spikes\n|\n|upkeep\n|turn|45\n|\n|t:|1700849861\n|switch|p2a: no me matas xd|Clefable, F|69\/100\n|-damage|p2a: no me matas xd|52\/100|[from] Spikes\n|move|p1a: Gliscor|Knock Off|p2a: no me matas xd\n|-resisted|p2a: no me matas xd\n|-damage|p2a: no me matas xd|45\/100\n|\n|upkeep\n|turn|46\n|\n|t:|1700849867\n|move|p1a: Gliscor|Spikes|p2a: no me matas xd\n|-sidestart|p2: JeanPierre693|Spikes\n|move|p2a: no me matas xd|Soft-Boiled|p2a: no me matas xd\n|-heal|p2a: no me matas xd|95\/100\n|\n|upkeep\n|turn|47\n|\n|t:|1700849874\n|move|p1a: Gliscor|Knock Off|p2a: no me matas xd\n|-resisted|p2a: no me matas xd\n|-damage|p2a: no me matas xd|90\/100\n|move|p2a: no me matas xd|Moonblast|p1a: Gliscor\n|-damage|p1a: Gliscor|75\/100 tox\n|\n|-heal|p1a: Gliscor|88\/100 tox|[from] ability: Poison Heal\n|upkeep\n|turn|48\n|\n|t:|1700849882\n|move|p1a: Gliscor|Knock Off|p2a: no me matas xd\n|-resisted|p2a: no me matas xd\n|-damage|p2a: no me matas xd|83\/100\n|move|p2a: no me matas xd|Moonblast|p1a: Gliscor\n|-crit|p1a: Gliscor\n|-damage|p1a: Gliscor|45\/100 tox\n|-unboost|p1a: Gliscor|spa|1\n|\n|-heal|p1a: Gliscor|58\/100 tox|[from] ability: Poison Heal\n|upkeep\n|turn|49\n|\n|t:|1700849894\n|switch|p2a: Vamos Golpeame Bv|Corviknight, M|83\/100\n|-ability|p2a: Vamos Golpeame Bv|Pressure\n|move|p1a: Gliscor|Roost|p1a: Gliscor\n|-heal|p1a: Gliscor|100\/100 tox\n|-singleturn|p1a: Gliscor|move: Roost\n|\n|upkeep\n|turn|50\n|\n|t:|1700849900\n|move|p1a: Gliscor|Knock Off|p2a: Vamos Golpeame Bv\n|-damage|p2a: Vamos Golpeame Bv|71\/100\n|-damage|p1a: Gliscor|84\/100 tox|[from] item: Rocky Helmet|[of] p2a: Vamos Golpeame Bv\n|-enditem|p2a: Vamos Golpeame Bv|Rocky Helmet|[from] move: Knock Off|[of] p1a: Gliscor\n|move|p2a: Vamos Golpeame Bv|Defog|p1a: Gliscor\n|-unboost|p1a: Gliscor|evasion|1\n|-sideend|p1: DarthAegis|Stealth Rock|[from] move: Defog|[of] p2a: Vamos Golpeame Bv\n|-sideend|p2: JeanPierre693|Spikes|[from] move: Defog|[of] p2a: Vamos Golpeame Bv\n|\n|-heal|p1a: Gliscor|97\/100 tox|[from] ability: Poison Heal\n|upkeep\n|turn|51\n|\n|t:|1700849920\n|move|p1a: Gliscor|Spikes|p2a: Vamos Golpeame Bv\n|-sidestart|p2: JeanPierre693|Spikes\n|move|p2a: Vamos Golpeame Bv|Iron Defense|p2a: Vamos Golpeame Bv\n|-boost|p2a: Vamos Golpeame Bv|def|2\n|\n|-heal|p1a: Gliscor|100\/100 tox|[from] ability: Poison Heal\n|upkeep\n|turn|52\n|\n|t:|1700849924\n|switch|p1a: Dondozo|Dondozo, M|67\/100\n|move|p2a: Vamos Golpeame Bv|Defog|p1a: Dondozo\n|-unboost|p1a: Dondozo|evasion|1\n|-sideend|p2: JeanPierre693|Spikes|[from] move: Defog|[of] p2a: Vamos Golpeame Bv\n|\n|upkeep\n|turn|53\n|\n|t:|1700849928\n|move|p2a: Vamos Golpeame Bv|Body Press|p1a: Dondozo\n|-damage|p1a: Dondozo|55\/100\n|move|p1a: Dondozo|Curse|p1a: Dondozo\n|-unboost|p1a: Dondozo|spe|1\n|-boost|p1a: Dondozo|atk|1\n|-boost|p1a: Dondozo|def|1\n|\n|upkeep\n|turn|54\n|\n|t:|1700849936\n|switch|p2a: Aurora|Suicune|99\/100\n|-ability|p2a: Aurora|Pressure\n|move|p1a: Dondozo|Rest|p1a: Dondozo\n|-status|p1a: Dondozo|slp|[from] move: Rest\n|-heal|p1a: Dondozo|100\/100 slp|[silent]\n|\n|-heal|p2a: Aurora|100\/100|[from] item: Leftovers\n|upkeep\n|turn|55\n|\n|t:|1700849943\n|switch|p1a: Toxapex|Toxapex, M|100\/100\n|move|p2a: Aurora|Substitute|p2a: Aurora\n|-start|p2a: Aurora|Substitute\n|-damage|p2a: Aurora|75\/100\n|\n|-heal|p2a: Aurora|82\/100|[from] item: Leftovers\n|upkeep\n|turn|56\n|\n|t:|1700849948\n|move|p2a: Aurora|Calm Mind|p2a: Aurora\n|-boost|p2a: Aurora|spa|1\n|-boost|p2a: Aurora|spd|1\n|move|p1a: Toxapex|Toxic Spikes|p2a: Aurora\n|-sidestart|p2: JeanPierre693|move: Toxic Spikes\n|\n|-heal|p2a: Aurora|88\/100|[from] item: Leftovers\n|upkeep\n|turn|57\n|\n|t:|1700849950\n|move|p2a: Aurora|Calm Mind|p2a: Aurora\n|-boost|p2a: Aurora|spa|1\n|-boost|p2a: Aurora|spd|1\n|move|p1a: Toxapex|Haze|p1a: Toxapex\n|-clearallboost\n|\n|-heal|p2a: Aurora|94\/100|[from] item: Leftovers\n|upkeep\n|turn|58\n|\n|t:|1700849952\n|move|p2a: Aurora|Calm Mind|p2a: Aurora\n|-boost|p2a: Aurora|spa|1\n|-boost|p2a: Aurora|spd|1\n|move|p1a: Toxapex|Toxic Spikes|p2a: Aurora\n|-sidestart|p2: JeanPierre693|move: Toxic Spikes\n|\n|-heal|p2a: Aurora|99\/100|[from] item: Leftovers\n|upkeep\n|turn|59\n|\n|t:|1700849959\n|move|p2a: Aurora|Protect|p2a: Aurora\n|-singleturn|p2a: Aurora|Protect\n|move|p1a: Toxapex|Haze|p1a: Toxapex\n|-clearallboost\n|\n|-heal|p2a: Aurora|100\/100|[from] item: Leftovers\n|upkeep\n|turn|60\n|\n|t:|1700849962\n|move|p2a: Aurora|Calm Mind|p2a: Aurora\n|-boost|p2a: Aurora|spa|1\n|-boost|p2a: Aurora|spd|1\n|move|p1a: Toxapex|Scald|p2a: Aurora\n|-resisted|p2a: Aurora\n|-activate|p2a: Aurora|move: Substitute|[damage]\n|\n|upkeep\n|turn|61\n|\n|t:|1700849974\n|move|p2a: Aurora|Scald|p1a: Toxapex\n|-resisted|p1a: Toxapex\n|-damage|p1a: Toxapex|87\/100\n|move|p1a: Toxapex|Haze|p1a: Toxapex\n|-clearallboost\n|\n|upkeep\n|turn|62\n|\n|t:|1700849983\n|move|p2a: Aurora|Calm Mind|p2a: Aurora\n|-boost|p2a: Aurora|spa|1\n|-boost|p2a: Aurora|spd|1\n|move|p1a: Toxapex|Scald|p2a: Aurora\n|-resisted|p2a: Aurora\n|-activate|p2a: Aurora|move: Substitute|[damage]\n|\n|upkeep\n|turn|63\n|\n|t:|1700849988\n|move|p2a: Aurora|Substitute|p2a: Aurora\n|-fail|p2a: Aurora|move: Substitute\n|move|p1a: Toxapex|Scald|p2a: Aurora\n|-resisted|p2a: Aurora\n|-activate|p2a: Aurora|move: Substitute|[damage]\n|\n|upkeep\n|turn|64\n|\n|t:|1700849996\n|switch|p2a: Vamos Golpeame Bv|Corviknight, M|71\/100\n|-ability|p2a: Vamos Golpeame Bv|Pressure\n|move|p1a: Toxapex|Scald|p2a: Vamos Golpeame Bv\n|-damage|p2a: Vamos Golpeame Bv|54\/100\n|\n|upkeep\n|turn|65\n|\n|t:|1700850003\n|move|p2a: Vamos Golpeame Bv|Roost|p2a: Vamos Golpeame Bv\n|-heal|p2a: Vamos Golpeame Bv|100\/100\n|-singleturn|p2a: Vamos Golpeame Bv|move: Roost\n|move|p1a: Toxapex|Scald|p2a: Vamos Golpeame Bv\n|-damage|p2a: Vamos Golpeame Bv|83\/100\n|\n|upkeep\n|turn|66\n|\n|t:|1700850005\n|switch|p1a: Tornadus|Tornadus-Therian, M|71\/100\n|move|p2a: Vamos Golpeame Bv|Defog|p1a: Tornadus\n|-unboost|p1a: Tornadus|evasion|1\n|-sideend|p2: JeanPierre693|Toxic Spikes|[from] move: Defog|[of] p2a: Vamos Golpeame Bv\n|\n|upkeep\n|turn|67\n|\n|t:|1700850022\n|move|p1a: Tornadus|Hurricane|p2a: Vamos Golpeame Bv\n|-resisted|p2a: Vamos Golpeame Bv\n|-damage|p2a: Vamos Golpeame Bv|60\/100\n|move|p2a: Vamos Golpeame Bv|Body Press|p1a: Tornadus\n|-resisted|p1a: Tornadus\n|-damage|p1a: Tornadus|56\/100\n|\n|upkeep\n|turn|68\n|\n|t:|1700850029\n|move|p1a: Tornadus|Focus Blast|p2a: Vamos Golpeame Bv\n|-damage|p2a: Vamos Golpeame Bv|29\/100\n|move|p2a: Vamos Golpeame Bv|Roost|p2a: Vamos Golpeame Bv\n|-heal|p2a: Vamos Golpeame Bv|79\/100\n|-singleturn|p2a: Vamos Golpeame Bv|move: Roost\n|\n|upkeep\n|turn|69\n|\n|t:|1700850034\n|switch|p2a: no me matas xd|Clefable, F|83\/100\n|move|p1a: Tornadus|Taunt|p2a: no me matas xd\n|-start|p2a: no me matas xd|move: Taunt\n|\n|upkeep\n|turn|70\n|\n|t:|1700850040\n|move|p1a: Tornadus|Toxic|p2a: no me matas xd\n|-status|p2a: no me matas xd|tox\n|move|p2a: no me matas xd|Moonblast|p1a: Tornadus\n|-damage|p1a: Tornadus|23\/100\n|\n|-damage|p2a: no me matas xd|77\/100 tox|[from] psn\n|upkeep\n|turn|71\n|\n|t:|1700850047\n|switch|p1a: Ferrothorn|Ferrothorn, M, shiny|24\/100\n|switch|p2a: Flash|Raikou|12\/100\n|\n|-heal|p1a: Ferrothorn|30\/100|[from] item: Leftovers\n|upkeep\n|turn|72\n|\n|t:|1700850051\n|move|p2a: Flash|Volt Switch|p1a: Ferrothorn\n|-resisted|p1a: Ferrothorn\n|-crit|p1a: Ferrothorn\n|-damage|p1a: Ferrothorn|13\/100\n|\n|t:|1700850062\n|switch|p2a: Vamos Golpeame Bv|Corviknight, M|79\/100|[from] Volt Switch\n|-ability|p2a: Vamos Golpeame Bv|Pressure\n|move|p1a: Ferrothorn|Stealth Rock|p2a: Vamos Golpeame Bv\n|-sidestart|p2: JeanPierre693|move: Stealth Rock\n|\n|-heal|p1a: Ferrothorn|19\/100|[from] item: Leftovers\n|upkeep\n|turn|73\n|\n|t:|1700850070\n|switch|p1a: Tornadus|Tornadus-Therian, M|56\/100\n|move|p2a: Vamos Golpeame Bv|Defog|p1a: Tornadus\n|-unboost|p1a: Tornadus|evasion|1\n|-sideend|p2: JeanPierre693|Stealth Rock|[from] move: Defog|[of] p2a: Vamos Golpeame Bv\n|\n|upkeep\n|turn|74\n|inactive|Battle timer is ON: inactive players will automatically lose when time's up. (requested by DarthAegis)\n|\n|t:|1700850090\n|switch|p2a: Aurora|Suicune|100\/100\n|-ability|p2a: Aurora|Pressure\n|move|p1a: Tornadus|Taunt|p2a: Aurora\n|-start|p2a: Aurora|move: Taunt\n|\n|upkeep\n|turn|75\n|\n|t:|1700850097\n|switch|p2a: Vamos Golpeame Bv|Corviknight, M|79\/100\n|-ability|p2a: Vamos Golpeame Bv|Pressure\n|move|p1a: Tornadus|Toxic|p2a: Vamos Golpeame Bv\n|-immune|p2a: Vamos Golpeame Bv\n|\n|upkeep\n|turn|76\n|\n|t:|1700850103\n|switch|p2a: Aurora|Suicune|100\/100\n|-ability|p2a: Aurora|Pressure\n|move|p1a: Tornadus|Hurricane|p2a: Aurora\n|-damage|p2a: Aurora|63\/100\n|\n|-heal|p2a: Aurora|69\/100|[from] item: Leftovers\n|upkeep\n|turn|77\n|\n|t:|1700850112\n|switch|p1a: Ferrothorn|Ferrothorn, M, shiny|19\/100\n|move|p2a: Aurora|Protect||[still]\n|-fail|p2a: Aurora\n|\n|-heal|p2a: Aurora|75\/100|[from] item: Leftovers\n|-heal|p1a: Ferrothorn|25\/100|[from] item: Leftovers\n|upkeep\n|turn|78\n|\n|t:|1700850117\n|move|p2a: Aurora|Scald|p1a: Ferrothorn\n|-resisted|p1a: Ferrothorn\n|-damage|p1a: Ferrothorn|17\/100\n|-status|p1a: Ferrothorn|brn\n|move|p1a: Ferrothorn|Leech Seed|p2a: Aurora\n|-start|p2a: Aurora|move: Leech Seed\n|\n|-heal|p2a: Aurora|81\/100|[from] item: Leftovers\n|-heal|p1a: Ferrothorn|23\/100 brn|[from] item: Leftovers\n|-damage|p2a: Aurora|69\/100|[from] Leech Seed|[of] p1a: Ferrothorn\n|-heal|p1a: Ferrothorn|37\/100 brn|[silent]\n|-damage|p1a: Ferrothorn|31\/100 brn|[from] brn\n|upkeep\n|turn|79\n|\n|t:|1700850123\n|switch|p2a: A que te quemo \ud83e\udd75|Entei|82\/100\n|move|p1a: Ferrothorn|Leech Seed|p2a: A que te quemo \ud83e\udd75\n|-start|p2a: A que te quemo \ud83e\udd75|move: Leech Seed\n|\n|-heal|p1a: Ferrothorn|37\/100 brn|[from] item: Leftovers\n|-damage|p2a: A que te quemo \ud83e\udd75|70\/100|[from] Leech Seed|[of] p1a: Ferrothorn\n|-heal|p1a: Ferrothorn|50\/100 brn|[silent]\n|-damage|p1a: Ferrothorn|44\/100 brn|[from] brn\n|upkeep\n|turn|80\n|\n|t:|1700850131\n|switch|p2a: Vamos Golpeame Bv|Corviknight, M|79\/100\n|-ability|p2a: Vamos Golpeame Bv|Pressure\n|switch|p1a: Latias|Latias-Mega, F|100\/100\n|\n|upkeep\n|turn|81\n|\n|t:|1700850147\n|switch|p1a: Tornadus|Tornadus-Therian, M|89\/100\n|switch|p2a: no me matas xd|Clefable, F|77\/100 tox\n|\n|-damage|p2a: no me matas xd|71\/100 tox|[from] psn\n|upkeep\n|turn|82\n|\n|t:|1700850154\n|switch|p2a: Flash|Raikou|12\/100\n|move|p1a: Tornadus|Hurricane|p2a: Flash\n|-resisted|p2a: Flash\n|-damage|p2a: Flash|0 fnt\n|faint|p2a: Flash\n|\n|upkeep\n|\n|t:|1700850160\n|switch|p2a: A que te quemo \ud83e\udd75|Entei|70\/100\n|turn|83\n|\n|t:|1700850164\n|move|p1a: Tornadus|Hurricane|p2a: A que te quemo \ud83e\udd75\n|-damage|p2a: A que te quemo \ud83e\udd75|17\/100\n|-start|p2a: A que te quemo \ud83e\udd75|confusion\n|-activate|p2a: A que te quemo \ud83e\udd75|confusion\n|-damage|p2a: A que te quemo \ud83e\udd75|1\/100|[from] confusion\n|\n|upkeep\n|turn|84\n|\n|t:|1700850181\n|switch|p2a: Vamos Golpeame Bv|Corviknight, M|79\/100\n|-ability|p2a: Vamos Golpeame Bv|Pressure\n|move|p1a: Tornadus|Hurricane|p2a: Vamos Golpeame Bv\n|-resisted|p2a: Vamos Golpeame Bv\n|-damage|p2a: Vamos Golpeame Bv|57\/100\n|-start|p2a: Vamos Golpeame Bv|confusion\n|\n|upkeep\n|turn|85\n|\n|t:|1700850187\n|move|p1a: Tornadus|Focus Blast|p2a: Vamos Golpeame Bv\n|-damage|p2a: Vamos Golpeame Bv|27\/100\n|-activate|p2a: Vamos Golpeame Bv|confusion\n|-damage|p2a: Vamos Golpeame Bv|23\/100|[from] confusion\n|\n|upkeep\n|turn|86\n|\n|t:|1700850196\n|-zpower|p1a: Tornadus\n|move|p1a: Tornadus|All-Out Pummeling|p2a: Vamos Golpeame Bv|[zeffect]\n|-damage|p2a: Vamos Golpeame Bv|0 fnt\n|faint|p2a: Vamos Golpeame Bv\n|\n|upkeep\n|\n|t:|1700850199\n|switch|p2a: F-16|Latias-Mega, F|95\/100\n|turn|87\n|\n|t:|1700850202\n|move|p1a: Tornadus|Taunt|p2a: F-16\n|-start|p2a: F-16|move: Taunt\n|cant|p2a: F-16|move: Taunt|Calm Mind\n|\n|upkeep\n|turn|88\n|\n|t:|1700850206\n|move|p1a: Tornadus|Toxic|p2a: F-16|[miss]\n|-miss|p1a: Tornadus|p2a: F-16\n|move|p2a: F-16|Psyshock|p1a: Tornadus\n|-damage|p1a: Tornadus|40\/100\n|\n|upkeep\n|turn|89\n|\n|t:|1700850219\n|switch|p1a: Dondozo|Dondozo, M|100\/100 slp\n|move|p2a: F-16|Psyshock|p1a: Dondozo\n|-damage|p1a: Dondozo|85\/100 slp\n|\n|-end|p2a: F-16|move: Taunt\n|upkeep\n|turn|90\n|\n|t:|1700850237\n|move|p2a: F-16|Calm Mind|p2a: F-16\n|-boost|p2a: F-16|spa|1\n|-boost|p2a: F-16|spd|1\n|cant|p1a: Dondozo|slp\n|move|p1a: Dondozo|Sleep Talk|p1a: Dondozo\n|move|p1a: Dondozo|Rest||[from]move: Sleep Talk|[still]\n|-fail|p1a: Dondozo\n|\n|upkeep\n|turn|91\n|\n|t:|1700850240\n|move|p2a: F-16|Calm Mind|p2a: F-16\n|-boost|p2a: F-16|spa|1\n|-boost|p2a: F-16|spd|1\n|cant|p1a: Dondozo|slp\n|move|p1a: Dondozo|Sleep Talk|p1a: Dondozo\n|move|p1a: Dondozo|Curse|p1a: Dondozo|[from]move: Sleep Talk\n|-unboost|p1a: Dondozo|spe|1\n|-boost|p1a: Dondozo|atk|1\n|-boost|p1a: Dondozo|def|1\n|\n|upkeep\n|turn|92\n|\n|t:|1700850242\n|move|p2a: F-16|Calm Mind|p2a: F-16\n|-boost|p2a: F-16|spa|1\n|-boost|p2a: F-16|spd|1\n|-curestatus|p1a: Dondozo|slp|[msg]\n|move|p1a: Dondozo|Sleep Talk||[still]\n|-fail|p1a: Dondozo\n|\n|upkeep\n|turn|93\n|\n|t:|1700850245\n|move|p2a: F-16|Calm Mind|p2a: F-16\n|-boost|p2a: F-16|spa|1\n|-boost|p2a: F-16|spd|1\n|move|p1a: Dondozo|Curse|p1a: Dondozo\n|-unboost|p1a: Dondozo|spe|1\n|-boost|p1a: Dondozo|atk|1\n|-boost|p1a: Dondozo|def|1\n|\n|upkeep\n|turn|94\n|\n|t:|1700850247\n|move|p2a: F-16|Calm Mind|p2a: F-16\n|-boost|p2a: F-16|spa|1\n|-boost|p2a: F-16|spd|1\n|move|p1a: Dondozo|Curse|p1a: Dondozo\n|-unboost|p1a: Dondozo|spe|1\n|-boost|p1a: Dondozo|atk|1\n|-boost|p1a: Dondozo|def|1\n|\n|upkeep\n|turn|95\n|\n|t:|1700850248\n|move|p2a: F-16|Calm Mind|p2a: F-16\n|-boost|p2a: F-16|spa|1\n|-boost|p2a: F-16|spd|1\n|move|p1a: Dondozo|Curse|p1a: Dondozo\n|-unboost|p1a: Dondozo|spe|1\n|-boost|p1a: Dondozo|atk|1\n|-boost|p1a: Dondozo|def|1\n|\n|upkeep\n|turn|96\n|\n|t:|1700850251\n|move|p2a: F-16|Calm Mind|p2a: F-16\n|-boost|p2a: F-16|spa|0\n|-boost|p2a: F-16|spd|0\n|move|p1a: Dondozo|Curse|p1a: Dondozo\n|-unboost|p1a: Dondozo|spe|1\n|-boost|p1a: Dondozo|atk|1\n|-boost|p1a: Dondozo|def|1\n|\n|upkeep\n|turn|97\n|\n|t:|1700850254\n|move|p2a: F-16|Calm Mind|p2a: F-16\n|-boost|p2a: F-16|spa|0\n|-boost|p2a: F-16|spd|0\n|move|p1a: Dondozo|Curse|p1a: Dondozo\n|-unboost|p1a: Dondozo|spe|1\n|-boost|p1a: Dondozo|atk|1\n|-boost|p1a: Dondozo|def|1\n|\n|upkeep\n|turn|98\n|\n|t:|1700850256\n|move|p2a: F-16|Calm Mind|p2a: F-16\n|-boost|p2a: F-16|spa|0\n|-boost|p2a: F-16|spd|0\n|move|p1a: Dondozo|Waterfall|p2a: F-16\n|-resisted|p2a: F-16\n|-damage|p2a: F-16|61\/100\n|\n|upkeep\n|turn|99\n|\n|t:|1700850262\n|move|p2a: F-16|Recover|p2a: F-16\n|-heal|p2a: F-16|100\/100\n|move|p1a: Dondozo|Waterfall|p2a: F-16\n|-resisted|p2a: F-16\n|-damage|p2a: F-16|68\/100\n|\n|upkeep\n|turn|100\n|\n|t:|1700850274\n|move|p2a: F-16|Psyshock|p1a: Dondozo\n|-damage|p1a: Dondozo|81\/100\n|move|p1a: Dondozo|Waterfall|p2a: F-16\n|-resisted|p2a: F-16\n|-damage|p2a: F-16|37\/100\n|\n|upkeep\n|turn|101\n|\n|t:|1700850279\n|move|p2a: F-16|Recover|p2a: F-16\n|-heal|p2a: F-16|87\/100\n|move|p1a: Dondozo|Waterfall|p2a: F-16\n|-resisted|p2a: F-16\n|-damage|p2a: F-16|54\/100\n|\n|upkeep\n|turn|102\n|\n|t:|1700850288\n|move|p2a: F-16|Recover|p2a: F-16\n|-heal|p2a: F-16|100\/100\n|move|p1a: Dondozo|Sleep Talk||[still]\n|-fail|p1a: Dondozo\n|\n|upkeep\n|turn|103\n|\n|t:|1700850294\n|switch|p2a: Aurora|Suicune|69\/100\n|-ability|p2a: Aurora|Pressure\n|move|p1a: Dondozo|Waterfall|p2a: Aurora\n|-resisted|p2a: Aurora\n|-damage|p2a: Aurora|36\/100\n|\n|-heal|p2a: Aurora|43\/100|[from] item: Leftovers\n|upkeep\n|turn|104\n|\n|t:|1700850303\n|move|p2a: Aurora|Protect|p2a: Aurora\n|-singleturn|p2a: Aurora|Protect\n|move|p1a: Dondozo|Waterfall|p2a: Aurora\n|-activate|p2a: Aurora|move: Protect\n|\n|-heal|p2a: Aurora|49\/100|[from] item: Leftovers\n|upkeep\n|turn|105\n|\n|t:|1700850312\n|switch|p1a: Ferrothorn|Ferrothorn, M, shiny|44\/100 brn\n|move|p2a: Aurora|Substitute|p2a: Aurora\n|-start|p2a: Aurora|Substitute\n|-damage|p2a: Aurora|24\/100\n|\n|-heal|p2a: Aurora|30\/100|[from] item: Leftovers\n|-heal|p1a: Ferrothorn|50\/100 brn|[from] item: Leftovers\n|-damage|p1a: Ferrothorn|44\/100 brn|[from] brn\n|upkeep\n|turn|106\n|\n|t:|1700850315\n|move|p2a: Aurora|Calm Mind|p2a: Aurora\n|-boost|p2a: Aurora|spa|1\n|-boost|p2a: Aurora|spd|1\n|move|p1a: Ferrothorn|Power Whip|p2a: Aurora\n|-supereffective|p2a: Aurora\n|-activate|p2a: Aurora|move: Substitute|[damage]\n|\n|-heal|p2a: Aurora|36\/100|[from] item: Leftovers\n|-heal|p1a: Ferrothorn|50\/100 brn|[from] item: Leftovers\n|-damage|p1a: Ferrothorn|44\/100 brn|[from] brn\n|upkeep\n|turn|107\n|\n|t:|1700850319\n|switch|p1a: Toxapex|Toxapex, M|100\/100\n|move|p2a: Aurora|Scald|p1a: Toxapex\n|-resisted|p1a: Toxapex\n|-damage|p1a: Toxapex|89\/100\n|\n|-heal|p2a: Aurora|42\/100|[from] item: Leftovers\n|upkeep\n|turn|108\n|\n|t:|1700850327\n|switch|p2a: F-16|Latias-Mega, F|100\/100\n|move|p1a: Toxapex|Haze|p1a: Toxapex\n|-clearallboost\n|\n|upkeep\n|turn|109\n|\n|t:|1700850344\n|switch|p1a: Dondozo|Dondozo, M|81\/100\n|move|p2a: F-16|Calm Mind|p2a: F-16\n|-boost|p2a: F-16|spa|1\n|-boost|p2a: F-16|spd|1\n|\n|upkeep\n|turn|110\n|\n|t:|1700850349\n|move|p2a: F-16|Calm Mind|p2a: F-16\n|-boost|p2a: F-16|spa|1\n|-boost|p2a: F-16|spd|1\n|move|p1a: Dondozo|Curse|p1a: Dondozo\n|-unboost|p1a: Dondozo|spe|1\n|-boost|p1a: Dondozo|atk|1\n|-boost|p1a: Dondozo|def|1\n|\n|upkeep\n|turn|111\n|\n|t:|1700850356\n|switch|p2a: A que te quemo \ud83e\udd75|Entei|1\/100\n|switch|p1a: Latias|Latias-Mega, F|100\/100\n|\n|upkeep\n|turn|112\n|\n|t:|1700850361\n|move|p1a: Latias|Stored Power|p2a: A que te quemo \ud83e\udd75\n|-damage|p2a: A que te quemo \ud83e\udd75|0 fnt\n|faint|p2a: A que te quemo \ud83e\udd75\n|\n|upkeep\n|\n|t:|1700850369\n|switch|p2a: no me matas xd|Clefable, F|71\/100 tox\n|turn|113\n|\n|t:|1700850375\n|switch|p1a: Tornadus|Tornadus-Therian, M|73\/100\n|move|p2a: no me matas xd|Heal Bell|p2a: no me matas xd\n|-activate|p2a: no me matas xd|move: Heal Bell\n|-curestatus|p2a: no me matas xd|tox|[msg]\n|\n|upkeep\n|turn|114\n|\n|t:|1700850379\n|move|p1a: Tornadus|Toxic|p2a: no me matas xd\n|-status|p2a: no me matas xd|tox\n|move|p2a: no me matas xd|Moonblast|p1a: Tornadus\n|-crit|p1a: Tornadus\n|-damage|p1a: Tornadus|23\/100\n|-unboost|p1a: Tornadus|spa|1\n|\n|-damage|p2a: no me matas xd|65\/100 tox|[from] psn\n|upkeep\n|turn|115\n|\n|t:|1700850384\n|switch|p1a: Toxapex|Toxapex, M|100\/100\n|move|p2a: no me matas xd|Moonblast|p1a: Toxapex\n|-resisted|p1a: Toxapex\n|-damage|p1a: Toxapex|90\/100\n|\n|-damage|p2a: no me matas xd|53\/100 tox|[from] psn\n|upkeep\n|turn|116\n|\n|t:|1700850387\n|move|p2a: no me matas xd|Soft-Boiled|p2a: no me matas xd\n|-heal|p2a: no me matas xd|100\/100 tox\n|move|p1a: Toxapex|Toxic Spikes|p2a: no me matas xd\n|-sidestart|p2: JeanPierre693|move: Toxic Spikes\n|\n|-damage|p2a: no me matas xd|82\/100 tox|[from] psn\n|upkeep\n|turn|117\n|\n|t:|1700850389\n|move|p2a: no me matas xd|Heal Bell|p2a: no me matas xd\n|-activate|p2a: no me matas xd|move: Heal Bell\n|-curestatus|p2a: no me matas xd|tox|[msg]\n|move|p1a: Toxapex|Toxic Spikes|p2a: no me matas xd\n|-sidestart|p2: JeanPierre693|move: Toxic Spikes\n|\n|upkeep\n|turn|118\n|\n|t:|1700850392\n|switch|p1a: Tornadus|Tornadus-Therian, M|56\/100\n|move|p2a: no me matas xd|Stealth Rock|p1a: Tornadus\n|-sidestart|p1: DarthAegis|move: Stealth Rock\n|\n|upkeep\n|turn|119\n|\n|t:|1700850401\n|switch|p1a: Ferrothorn|Ferrothorn, M, shiny|44\/100 brn\n|-damage|p1a: Ferrothorn|38\/100 brn|[from] Stealth Rock\n|move|p2a: no me matas xd|Moonblast|p1a: Ferrothorn\n|-resisted|p1a: Ferrothorn\n|-damage|p1a: Ferrothorn|28\/100 brn\n|\n|-heal|p1a: Ferrothorn|34\/100 brn|[from] item: Leftovers\n|-damage|p1a: Ferrothorn|28\/100 brn|[from] brn\n|upkeep\n|turn|120\n|\n|t:|1700850418\n|move|p2a: no me matas xd|Moonblast|p1a: Ferrothorn\n|-resisted|p1a: Ferrothorn\n|-damage|p1a: Ferrothorn|18\/100 brn\n|-unboost|p1a: Ferrothorn|spa|1\n|move|p1a: Ferrothorn|Leech Seed|p2a: no me matas xd\n|-start|p2a: no me matas xd|move: Leech Seed\n|\n|-heal|p1a: Ferrothorn|24\/100 brn|[from] item: Leftovers\n|-damage|p2a: no me matas xd|70\/100|[from] Leech Seed|[of] p1a: Ferrothorn\n|-heal|p1a: Ferrothorn|38\/100 brn|[silent]\n|-damage|p1a: Ferrothorn|32\/100 brn|[from] brn\n|upkeep\n|turn|121\n|\n|t:|1700850425\n|switch|p2a: F-16|Latias-Mega, F|100\/100\n|move|p1a: Ferrothorn|Stealth Rock|p2a: F-16\n|-sidestart|p2: JeanPierre693|move: Stealth Rock\n|\n|-heal|p1a: Ferrothorn|38\/100 brn|[from] item: Leftovers\n|-damage|p1a: Ferrothorn|32\/100 brn|[from] brn\n|upkeep\n|turn|122\n|\n|t:|1700850429\n|move|p2a: F-16|Mystical Fire|p1a: Ferrothorn\n|-supereffective|p1a: Ferrothorn\n|-damage|p1a: Ferrothorn|0 fnt\n|faint|p1a: Ferrothorn\n|\n|upkeep\n|\n|t:|1700850449\n|switch|p1a: Tornadus|Tornadus-Therian, M|89\/100\n|-damage|p1a: Tornadus|64\/100|[from] Stealth Rock\n|turn|123\n|\n|t:|1700850458\n|move|p1a: Tornadus|Toxic|p2a: F-16\n|-status|p2a: F-16|tox\n|move|p2a: F-16|Psyshock|p1a: Tornadus\n|-damage|p1a: Tornadus|15\/100\n|\n|-damage|p2a: F-16|94\/100 tox|[from] psn\n|upkeep\n|turn|124\n|\n|t:|1700850466\n|switch|p1a: Gliscor|Gliscor, M, shiny|100\/100 tox\n|-damage|p1a: Gliscor|88\/100 tox|[from] Stealth Rock\n|move|p2a: F-16|Psyshock|p1a: Gliscor\n|-damage|p1a: Gliscor|56\/100 tox\n|\n|-damage|p2a: F-16|82\/100 tox|[from] psn\n|-heal|p1a: Gliscor|69\/100 tox|[from] ability: Poison Heal\n|upkeep\n|turn|125\n|\n|t:|1700850478\n|switch|p2a: Aurora|Suicune|42\/100\n|-status|p2a: Aurora|tox\n|-damage|p2a: Aurora|30\/100 tox|[from] Stealth Rock\n|-ability|p2a: Aurora|Pressure\n|move|p1a: Gliscor|Roost|p1a: Gliscor\n|-heal|p1a: Gliscor|100\/100 tox\n|-singleturn|p1a: Gliscor|move: Roost\n|\n|-heal|p2a: Aurora|36\/100 tox|[from] item: Leftovers\n|-damage|p2a: Aurora|30\/100 tox|[from] psn\n|upkeep\n|turn|126\n|\n|t:|1700850481\n|move|p1a: Gliscor|Knock Off|p2a: Aurora\n|-damage|p2a: Aurora|19\/100 tox\n|-enditem|p2a: Aurora|Leftovers|[from] move: Knock Off|[of] p1a: Gliscor\n|move|p2a: Aurora|Scald|p1a: Gliscor\n|-supereffective|p1a: Gliscor\n|-damage|p1a: Gliscor|54\/100 tox\n|\n|-heal|p1a: Gliscor|67\/100 tox|[from] ability: Poison Heal\n|-damage|p2a: Aurora|6\/100 tox|[from] psn\n|upkeep\n|turn|127\n|\n|t:|1700850486\n|move|p1a: Gliscor|Knock Off|p2a: Aurora\n|-damage|p2a: Aurora|0 fnt\n|faint|p2a: Aurora\n|\n|-heal|p1a: Gliscor|79\/100 tox|[from] ability: Poison Heal\n|upkeep\n|\n|t:|1700850489\n|switch|p2a: no me matas xd|Clefable, F|70\/100\n|-status|p2a: no me matas xd|tox\n|-damage|p2a: no me matas xd|57\/100 tox|[from] Stealth Rock\n|turn|128\n|c|\u2606DarthAegis|gg\n|\n|t:|1700850499\n|move|p1a: Gliscor|Earthquake|p2a: no me matas xd\n|-damage|p2a: no me matas xd|28\/100 tox\n|move|p2a: no me matas xd|Heal Bell|p2a: no me matas xd\n|-activate|p2a: no me matas xd|move: Heal Bell\n|-curestatus|p2a: no me matas xd|tox|[msg]\n|-curestatus|p2: F-16|tox|[msg]\n|\n|-heal|p1a: Gliscor|92\/100 tox|[from] ability: Poison Heal\n|upkeep\n|turn|129\n|c|\u2606JeanPierre693|zzztall\n|\n|t:|1700850509\n|move|p1a: Gliscor|Spikes|p2a: no me matas xd\n|-sidestart|p2: JeanPierre693|Spikes\n|move|p2a: no me matas xd|Soft-Boiled|p2a: no me matas xd\n|-heal|p2a: no me matas xd|78\/100\n|\n|-heal|p1a: Gliscor|100\/100 tox|[from] ability: Poison Heal\n|upkeep\n|turn|130\n|c|\u2606DarthAegis|ok\n|\n|t:|1700850516\n|move|p1a: Gliscor|Spikes|p2a: no me matas xd\n|-sidestart|p2: JeanPierre693|Spikes\n|move|p2a: no me matas xd|Moonblast|p1a: Gliscor\n|-damage|p1a: Gliscor|73\/100 tox\n|\n|-heal|p1a: Gliscor|85\/100 tox|[from] ability: Poison Heal\n|upkeep\n|turn|131\n|\n|t:|1700850524\n|move|p1a: Gliscor|Spikes|p2a: no me matas xd\n|-sidestart|p2: JeanPierre693|Spikes\n|move|p2a: no me matas xd|Moonblast|p1a: Gliscor\n|-damage|p1a: Gliscor|57\/100 tox\n|\n|-heal|p1a: Gliscor|70\/100 tox|[from] ability: Poison Heal\n|upkeep\n|turn|132\n|\n|t:|1700850528\n|switch|p2a: F-16|Latias-Mega, F|82\/100\n|-damage|p2a: F-16|70\/100|[from] Stealth Rock\n|move|p1a: Gliscor|Earthquake|p2a: F-16\n|-immune|p2a: F-16|[from] ability: Levitate\n|\n|-heal|p1a: Gliscor|82\/100 tox|[from] ability: Poison Heal\n|upkeep\n|turn|133\n|\n|t:|1700850539\n|switch|p1a: Dondozo|Dondozo, M|81\/100\n|move|p2a: F-16|Calm Mind|p2a: F-16\n|-boost|p2a: F-16|spa|1\n|-boost|p2a: F-16|spd|1\n|\n|upkeep\n|turn|134\n|\n|t:|1700850544\n|move|p2a: F-16|Psyshock|p1a: Dondozo\n|-damage|p1a: Dondozo|64\/100\n|move|p1a: Dondozo|Curse|p1a: Dondozo\n|-unboost|p1a: Dondozo|spe|1\n|-boost|p1a: Dondozo|atk|1\n|-boost|p1a: Dondozo|def|1\n|\n|upkeep\n|turn|135\n|\n|t:|1700850549\n|move|p2a: F-16|Psyshock|p1a: Dondozo\n|-damage|p1a: Dondozo|52\/100\n|move|p1a: Dondozo|Curse|p1a: Dondozo\n|-unboost|p1a: Dondozo|spe|1\n|-boost|p1a: Dondozo|atk|1\n|-boost|p1a: Dondozo|def|1\n|\n|upkeep\n|turn|136\n|\n|t:|1700850562\n|switch|p2a: no me matas xd|Clefable, F|78\/100\n|-status|p2a: no me matas xd|tox\n|-damage|p2a: no me matas xd|66\/100 tox|[from] Stealth Rock\n|-damage|p2a: no me matas xd|41\/100 tox|[from] Spikes\n|move|p1a: Dondozo|Rest|p1a: Dondozo\n|-status|p1a: Dondozo|slp|[from] move: Rest\n|-heal|p1a: Dondozo|100\/100 slp|[silent]\n|\n|-damage|p2a: no me matas xd|35\/100 tox|[from] psn\n|upkeep\n|turn|137\n|\n|t:|1700850566\n|move|p2a: no me matas xd|Soft-Boiled|p2a: no me matas xd\n|-heal|p2a: no me matas xd|85\/100 tox\n|cant|p1a: Dondozo|slp\n|move|p1a: Dondozo|Sleep Talk|p1a: Dondozo\n|move|p1a: Dondozo|Waterfall|p2a: no me matas xd|[from]move: Sleep Talk\n|-damage|p2a: no me matas xd|63\/100 tox\n|\n|-damage|p2a: no me matas xd|50\/100 tox|[from] psn\n|upkeep\n|turn|138\n|\n|t:|1700850570\n|move|p2a: no me matas xd|Soft-Boiled|p2a: no me matas xd\n|-heal|p2a: no me matas xd|100\/100 tox\n|cant|p1a: Dondozo|slp\n|move|p1a: Dondozo|Sleep Talk|p1a: Dondozo\n|move|p1a: Dondozo|Curse|p1a: Dondozo|[from]move: Sleep Talk\n|-unboost|p1a: Dondozo|spe|1\n|-boost|p1a: Dondozo|atk|1\n|-boost|p1a: Dondozo|def|1\n|\n|-damage|p2a: no me matas xd|82\/100 tox|[from] psn\n|upkeep\n|turn|139\n|\n|t:|1700850574\n|move|p2a: no me matas xd|Heal Bell|p2a: no me matas xd\n|-activate|p2a: no me matas xd|move: Heal Bell\n|-curestatus|p2a: no me matas xd|tox|[msg]\n|-curestatus|p1a: Dondozo|slp|[msg]\n|move|p1a: Dondozo|Waterfall|p2a: no me matas xd\n|-crit|p2a: no me matas xd\n|-damage|p2a: no me matas xd|48\/100\n|\n|upkeep\n|turn|140\n|\n|t:|1700850577\n|move|p2a: no me matas xd|Soft-Boiled|p2a: no me matas xd\n|-heal|p2a: no me matas xd|98\/100\n|move|p1a: Dondozo|Waterfall|p2a: no me matas xd\n|-damage|p2a: no me matas xd|76\/100\n|\n|upkeep\n|turn|141\n|\n|t:|1700850579\n|move|p2a: no me matas xd|Moonblast|p1a: Dondozo\n|-damage|p1a: Dondozo|72\/100\n|move|p1a: Dondozo|Waterfall|p2a: no me matas xd\n|-damage|p2a: no me matas xd|51\/100\n|\n|upkeep\n|turn|142\n|\n|t:|1700850584\n|move|p2a: no me matas xd|Moonblast|p1a: Dondozo\n|-damage|p1a: Dondozo|42\/100\n|-unboost|p1a: Dondozo|spa|1\n|move|p1a: Dondozo|Waterfall|p2a: no me matas xd\n|-damage|p2a: no me matas xd|29\/100\n|\n|upkeep\n|turn|143\n|\n|t:|1700850589\n|move|p2a: no me matas xd|Moonblast|p1a: Dondozo\n|-damage|p1a: Dondozo|12\/100\n|move|p1a: Dondozo|Rest|p1a: Dondozo\n|-status|p1a: Dondozo|slp|[from] move: Rest\n|-heal|p1a: Dondozo|100\/100 slp|[silent]\n|\n|upkeep\n|turn|144\n|\n|t:|1700850594\n|move|p2a: no me matas xd|Soft-Boiled|p2a: no me matas xd\n|-heal|p2a: no me matas xd|79\/100\n|cant|p1a: Dondozo|slp\n|move|p1a: Dondozo|Sleep Talk|p1a: Dondozo\n|move|p1a: Dondozo|Waterfall|p2a: no me matas xd|[from]move: Sleep Talk\n|-damage|p2a: no me matas xd|55\/100\n|\n|upkeep\n|turn|145\n|\n|t:|1700850598\n|move|p2a: no me matas xd|Moonblast|p1a: Dondozo\n|-damage|p1a: Dondozo|71\/100 slp\n|cant|p1a: Dondozo|slp\n|move|p1a: Dondozo|Sleep Talk|p1a: Dondozo\n|move|p1a: Dondozo|Curse|p1a: Dondozo|[from]move: Sleep Talk\n|-unboost|p1a: Dondozo|spe|1\n|-boost|p1a: Dondozo|atk|1\n|-boost|p1a: Dondozo|def|1\n|\n|upkeep\n|turn|146\n|\n|t:|1700850602\n|move|p2a: no me matas xd|Moonblast|p1a: Dondozo\n|-damage|p1a: Dondozo|40\/100 slp\n|-unboost|p1a: Dondozo|spa|1\n|-curestatus|p1a: Dondozo|slp|[msg]\n|move|p1a: Dondozo|Waterfall|p2a: no me matas xd\n|-damage|p2a: no me matas xd|32\/100\n|\n|upkeep\n|turn|147\n|\n|t:|1700850609\n|move|p2a: no me matas xd|Moonblast|p1a: Dondozo\n|-damage|p1a: Dondozo|11\/100\n|move|p1a: Dondozo|Rest|p1a: Dondozo\n|-status|p1a: Dondozo|slp|[from] move: Rest\n|-heal|p1a: Dondozo|100\/100 slp|[silent]\n|\n|upkeep\n|turn|148\n|\n|t:|1700850614\n|move|p2a: no me matas xd|Soft-Boiled|p2a: no me matas xd\n|-heal|p2a: no me matas xd|82\/100\n|cant|p1a: Dondozo|slp\n|move|p1a: Dondozo|Sleep Talk|p1a: Dondozo\n|move|p1a: Dondozo|Waterfall|p2a: no me matas xd|[from]move: Sleep Talk\n|-damage|p2a: no me matas xd|60\/100\n|\n|upkeep\n|turn|149\n|\n|t:|1700850619\n|move|p2a: no me matas xd|Moonblast|p1a: Dondozo\n|-damage|p1a: Dondozo|72\/100 slp\n|cant|p1a: Dondozo|slp\n|move|p1a: Dondozo|Sleep Talk|p1a: Dondozo\n|move|p1a: Dondozo|Rest||[from]move: Sleep Talk|[still]\n|-fail|p1a: Dondozo\n|\n|upkeep\n|turn|150\n|\n|t:|1700850626\n|move|p2a: no me matas xd|Moonblast|p1a: Dondozo\n|-damage|p1a: Dondozo|43\/100 slp\n|-curestatus|p1a: Dondozo|slp|[msg]\n|move|p1a: Dondozo|Waterfall|p2a: no me matas xd\n|-damage|p2a: no me matas xd|35\/100\n|\n|upkeep\n|turn|151\n|\n|t:|1700850634\n|move|p2a: no me matas xd|Moonblast|p1a: Dondozo\n|-damage|p1a: Dondozo|11\/100\n|move|p1a: Dondozo|Rest|p1a: Dondozo\n|-status|p1a: Dondozo|slp|[from] move: Rest\n|-heal|p1a: Dondozo|100\/100 slp|[silent]\n|\n|upkeep\n|turn|152\n|\n|t:|1700850641\n|move|p2a: no me matas xd|Moonblast|p1a: Dondozo\n|-damage|p1a: Dondozo|69\/100 slp\n|cant|p1a: Dondozo|slp\n|move|p1a: Dondozo|Sleep Talk|p1a: Dondozo\n|move|p1a: Dondozo|Waterfall|p2a: no me matas xd|[from]move: Sleep Talk\n|-damage|p2a: no me matas xd|11\/100\n|\n|upkeep\n|turn|153\n|\n|t:|1700850648\n|move|p2a: no me matas xd|Moonblast|p1a: Dondozo\n|-damage|p1a: Dondozo|41\/100 slp\n|cant|p1a: Dondozo|slp\n|move|p1a: Dondozo|Sleep Talk|p1a: Dondozo\n|move|p1a: Dondozo|Waterfall|p2a: no me matas xd|[from]move: Sleep Talk\n|-damage|p2a: no me matas xd|0 fnt\n|faint|p2a: no me matas xd\n|\n|upkeep\n|\n|t:|1700850653\n|switch|p2a: F-16|Latias-Mega, F|70\/100\n|-damage|p2a: F-16|58\/100|[from] Stealth Rock\n|turn|154\n|\n|t:|1700850658\n|move|p2a: F-16|Mystical Fire|p1a: Dondozo\n|-resisted|p1a: Dondozo\n|-damage|p1a: Dondozo|30\/100 slp\n|-unboost|p1a: Dondozo|spa|1\n|-curestatus|p1a: Dondozo|slp|[msg]\n|move|p1a: Dondozo|Rest|p1a: Dondozo\n|-status|p1a: Dondozo|slp|[from] move: Rest\n|-heal|p1a: Dondozo|100\/100 slp|[silent]\n|\n|upkeep\n|turn|155\n|\n|t:|1700850664\n|move|p2a: F-16|Recover|p2a: F-16\n|-heal|p2a: F-16|100\/100\n|cant|p1a: Dondozo|slp\n|move|p1a: Dondozo|Sleep Talk|p1a: Dondozo\n|move|p1a: Dondozo|Curse|p1a: Dondozo|[from]move: Sleep Talk\n|-unboost|p1a: Dondozo|spe|1\n|-boost|p1a: Dondozo|atk|1\n|-boost|p1a: Dondozo|def|1\n|\n|upkeep\n|turn|156\n|\n|t:|1700850674\n|move|p2a: F-16|Calm Mind|p2a: F-16\n|-boost|p2a: F-16|spa|1\n|-boost|p2a: F-16|spd|1\n|cant|p1a: Dondozo|slp\n|move|p1a: Dondozo|Sleep Talk|p1a: Dondozo\n|move|p1a: Dondozo|Waterfall|p2a: F-16|[from]move: Sleep Talk\n|-resisted|p2a: F-16\n|-damage|p2a: F-16|72\/100\n|\n|upkeep\n|turn|157\n|\n|t:|1700850681\n|move|p2a: F-16|Calm Mind|p2a: F-16\n|-boost|p2a: F-16|spa|1\n|-boost|p2a: F-16|spd|1\n|-curestatus|p1a: Dondozo|slp|[msg]\n|move|p1a: Dondozo|Waterfall|p2a: F-16\n|-resisted|p2a: F-16\n|-damage|p2a: F-16|44\/100\n|\n|upkeep\n|turn|158\n|\n|t:|1700850684\n|move|p2a: F-16|Recover|p2a: F-16\n|-heal|p2a: F-16|94\/100\n|move|p1a: Dondozo|Waterfall|p2a: F-16\n|-resisted|p2a: F-16\n|-damage|p2a: F-16|65\/100\n|\n|upkeep\n|turn|159\n|\n|t:|1700850690\n|move|p2a: F-16|Calm Mind|p2a: F-16\n|-boost|p2a: F-16|spa|1\n|-boost|p2a: F-16|spd|1\n|move|p1a: Dondozo|Waterfall|p2a: F-16\n|-resisted|p2a: F-16\n|-damage|p2a: F-16|35\/100\n|\n|upkeep\n|turn|160\n|\n|t:|1700850696\n|move|p2a: F-16|Recover|p2a: F-16\n|-heal|p2a: F-16|85\/100\n|move|p1a: Dondozo|Waterfall|p2a: F-16\n|-resisted|p2a: F-16\n|-damage|p2a: F-16|56\/100\n|\n|upkeep\n|turn|161\n|\n|t:|1700850709\n|move|p2a: F-16|Calm Mind|p2a: F-16\n|-boost|p2a: F-16|spa|1\n|-boost|p2a: F-16|spd|1\n|move|p1a: Dondozo|Sleep Talk||[still]\n|-fail|p1a: Dondozo\n|\n|upkeep\n|turn|162\n|\n|t:|1700850716\n|switch|p1a: Latias|Latias-Mega, F|100\/100\n|-damage|p1a: Latias|88\/100|[from] Stealth Rock\n|move|p2a: F-16|Calm Mind|p2a: F-16\n|-boost|p2a: F-16|spa|1\n|-boost|p2a: F-16|spd|1\n|\n|upkeep\n|turn|163\n|\n|t:|1700850721\n|move|p1a: Latias|Stored Power|p2a: F-16\n|-resisted|p2a: F-16\n|-damage|p2a: F-16|55\/100\n|move|p2a: F-16|Psyshock|p1a: Latias\n|-resisted|p1a: Latias\n|-damage|p1a: Latias|40\/100\n|\n|upkeep\n|turn|164\n|\n|t:|1700850727\n|move|p1a: Latias|Stored Power|p2a: F-16\n|-resisted|p2a: F-16\n|-damage|p2a: F-16|55\/100\n|move|p2a: F-16|Psyshock|p1a: Latias\n|-resisted|p1a: Latias\n|-damage|p1a: Latias|0 fnt\n|faint|p1a: Latias\n|\n|upkeep\n|\n|t:|1700850730\n|switch|p1a: Tornadus|Tornadus-Therian, M|48\/100\n|-damage|p1a: Tornadus|24\/100|[from] Stealth Rock\n|turn|165\n|\n|t:|1700850734\n|move|p1a: Tornadus|Hurricane|p2a: F-16\n|-damage|p2a: F-16|45\/100\n|move|p2a: F-16|Psyshock|p1a: Tornadus\n|-damage|p1a: Tornadus|0 fnt\n|faint|p1a: Tornadus\n|\n|upkeep\n|\n|t:|1700850737\n|switch|p1a: Gliscor|Gliscor, M, shiny|82\/100 tox\n|-damage|p1a: Gliscor|70\/100 tox|[from] Stealth Rock\n|turn|166\n|\n|t:|1700850741\n|move|p2a: F-16|Psyshock|p1a: Gliscor\n|-damage|p1a: Gliscor|0 fnt\n|faint|p1a: Gliscor\n|\n|upkeep\n|\n|t:|1700850745\n|switch|p1a: Toxapex|Toxapex, M|100\/100\n|turn|167\n|\n|t:|1700850748\n|-terastallize|p1a: Toxapex|Steel\n|move|p2a: F-16|Psyshock|p1a: Toxapex\n|-resisted|p1a: Toxapex\n|-damage|p1a: Toxapex|53\/100\n|move|p1a: Toxapex|Haze|p1a: Toxapex\n|-clearallboost\n|\n|upkeep\n|turn|168\n|\n|t:|1700850756\n|switch|p1a: Dondozo|Dondozo, M|100\/100\n|move|p2a: F-16|Calm Mind|p2a: F-16\n|-boost|p2a: F-16|spa|1\n|-boost|p2a: F-16|spd|1\n|\n|upkeep\n|turn|169\n|\n|t:|1700850767\n|switch|p1a: Toxapex|Toxapex, M, tera:Steel|86\/100\n|move|p2a: F-16|Calm Mind|p2a: F-16\n|-boost|p2a: F-16|spa|1\n|-boost|p2a: F-16|spd|1\n|\n|upkeep\n|turn|170\n|\n|t:|1700850769\n|move|p2a: F-16|Mystical Fire|p1a: Toxapex\n|-supereffective|p1a: Toxapex\n|-damage|p1a: Toxapex|28\/100\n|-unboost|p1a: Toxapex|spa|1\n|move|p1a: Toxapex|Haze|p1a: Toxapex\n|-clearallboost\n|\n|upkeep\n|turn|171\n|\n|t:|1700850776\n|switch|p1a: Dondozo|Dondozo, M|100\/100\n|move|p2a: F-16|Calm Mind|p2a: F-16\n|-boost|p2a: F-16|spa|1\n|-boost|p2a: F-16|spd|1\n|\n|upkeep\n|turn|172\n|\n|t:|1700850779\n|switch|p1a: Toxapex|Toxapex, M, tera:Steel|61\/100\n|move|p2a: F-16|Calm Mind|p2a: F-16\n|-boost|p2a: F-16|spa|1\n|-boost|p2a: F-16|spd|1\n|\n|upkeep\n|turn|173\n|\n|t:|1700850781\n|switch|p1a: Dondozo|Dondozo, M|100\/100\n|move|p2a: F-16|Mystical Fire|p1a: Dondozo\n|-resisted|p1a: Dondozo\n|-damage|p1a: Dondozo|89\/100\n|-unboost|p1a: Dondozo|spa|1\n|\n|upkeep\n|turn|174\n|\n|t:|1700850786\n|move|p2a: F-16|Mystical Fire|p1a: Dondozo\n|-resisted|p1a: Dondozo\n|-damage|p1a: Dondozo|78\/100\n|-unboost|p1a: Dondozo|spa|1\n|move|p1a: Dondozo|Curse|p1a: Dondozo\n|-unboost|p1a: Dondozo|spe|1\n|-boost|p1a: Dondozo|atk|1\n|-boost|p1a: Dondozo|def|1\n|\n|upkeep\n|turn|175\n|\n|t:|1700850789\n|move|p2a: F-16|Calm Mind|p2a: F-16\n|-boost|p2a: F-16|spa|1\n|-boost|p2a: F-16|spd|1\n|move|p1a: Dondozo|Curse|p1a: Dondozo\n|-unboost|p1a: Dondozo|spe|1\n|-boost|p1a: Dondozo|atk|1\n|-boost|p1a: Dondozo|def|1\n|\n|upkeep\n|turn|176\n|\n|t:|1700850792\n|move|p2a: F-16|Calm Mind|p2a: F-16\n|-boost|p2a: F-16|spa|1\n|-boost|p2a: F-16|spd|1\n|move|p1a: Dondozo|Curse|p1a: Dondozo\n|-unboost|p1a: Dondozo|spe|1\n|-boost|p1a: Dondozo|atk|1\n|-boost|p1a: Dondozo|def|1\n|\n|upkeep\n|turn|177\n|\n|t:|1700850799\n|move|p2a: F-16|Calm Mind|p2a: F-16\n|-boost|p2a: F-16|spa|1\n|-boost|p2a: F-16|spd|1\n|move|p1a: Dondozo|Curse|p1a: Dondozo\n|-unboost|p1a: Dondozo|spe|1\n|-boost|p1a: Dondozo|atk|1\n|-boost|p1a: Dondozo|def|1\n|\n|upkeep\n|turn|178\n|\n|t:|1700850806\n|move|p2a: F-16|Calm Mind|p2a: F-16\n|-boost|p2a: F-16|spa|1\n|-boost|p2a: F-16|spd|1\n|move|p1a: Dondozo|Sleep Talk||[still]\n|-fail|p1a: Dondozo\n|\n|upkeep\n|turn|179\n|\n|t:|1700850812\n|move|p2a: F-16|Calm Mind|p2a: F-16\n|-boost|p2a: F-16|spa|0\n|-boost|p2a: F-16|spd|0\n|move|p1a: Dondozo|Rest|p1a: Dondozo\n|-status|p1a: Dondozo|slp|[from] move: Rest\n|-heal|p1a: Dondozo|100\/100 slp|[silent]\n|\n|upkeep\n|turn|180\n|\n|t:|1700850826\n|move|p2a: F-16|Calm Mind|p2a: F-16\n|-boost|p2a: F-16|spa|0\n|-boost|p2a: F-16|spd|0\n|cant|p1a: Dondozo|slp\n|\n|upkeep\n|turn|181\n|\n|t:|1700850832\n|move|p2a: F-16|Calm Mind|p2a: F-16\n|-boost|p2a: F-16|spa|0\n|-boost|p2a: F-16|spd|0\n|cant|p1a: Dondozo|slp\n|\n|upkeep\n|turn|182\n|\n|t:|1700850837\n|move|p2a: F-16|Calm Mind|p2a: F-16\n|-boost|p2a: F-16|spa|0\n|-boost|p2a: F-16|spd|0\n|-curestatus|p1a: Dondozo|slp|[msg]\n|move|p1a: Dondozo|Rest|p1a: Dondozo\n|-fail|p1a: Dondozo|heal\n|\n|upkeep\n|turn|183\n|\n|t:|1700850847\n|move|p2a: F-16|Psyshock|p1a: Dondozo\n|-damage|p1a: Dondozo|95\/100\n|-activate|p1a: Dondozo|move: Struggle\n|move|p1a: Dondozo|Struggle|p2a: F-16\n|-damage|p2a: F-16|26\/100\n|-damage|p1a: Dondozo|70\/100|[from] recoil\n|\n|upkeep\n|turn|184\n|\n|t:|1700850854\n|move|p2a: F-16|Mystical Fire|p1a: Dondozo\n|-resisted|p1a: Dondozo\n|-damage|p1a: Dondozo|60\/100\n|-unboost|p1a: Dondozo|spa|1\n|-activate|p1a: Dondozo|move: Struggle\n|move|p1a: Dondozo|Struggle|p2a: F-16\n|-damage|p2a: F-16|6\/100\n|-damage|p1a: Dondozo|35\/100|[from] recoil\n|\n|upkeep\n|turn|185\n|\n|t:|1700850863\n|move|p2a: F-16|Psyshock|p1a: Dondozo\n|-damage|p1a: Dondozo|29\/100\n|-activate|p1a: Dondozo|move: Struggle\n|move|p1a: Dondozo|Struggle|p2a: F-16\n|-damage|p2a: F-16|0 fnt\n|faint|p2a: F-16\n|-damage|p1a: Dondozo|4\/100|[from] recoil\n|\n|win|DarthAegis\n|raw|DarthAegis's rating: 1391 &rarr; <strong>1413<\/strong><br \/>(+22 for winning)\n|raw|JeanPierre693's rating: 1423 &rarr; <strong>1401<\/strong><br \/>(-22 for losing)\n|l|\u2606JeanPierre693\n","uploadtime":1700850883,"views":8,"p1id":"darthaegis","p2id":"jeanpierre693","formatid":"gen9nationaldex","rating":1401,"private":0,"password":""}