{"id":"gen9nationaldex-1999243226","p1":"Shade Tatsu","p2":"ItsEvan369","format":"[Gen 9] National Dex","log":"|html|<div class=\"broadcast-blue\"><strong>[Gen 9] National Dex is currently suspecting Sneasler! For information on how to participate check out the <a href=\"https:\/\/www.smogon.com\/forums\/threads\/sv-national-dex-suspect-8-just-dance.3731534\/\">suspect thread<\/a>.<\/strong><\/div>\n|j|\u2606Shade Tatsu\n|j|\u2606ItsEvan369\n|t:|1701049867\n|gametype|singles\n|player|p1|Shade Tatsu|169|1152\n|player|p2|ItsEvan369|red|1048\n|teamsize|p1|6\n|teamsize|p2|6\n|gen|9\n|tier|[Gen 9] National Dex\n|rated|\n|rule|HP Percentage Mod: HP is shown in percentages\n|rule|Endless Battle Clause: Forcing endless battles is banned\n|rule|OHKO Clause: OHKO moves are banned\n|rule|Evasion Clause: Evasion abilities, items, and moves are banned\n|rule|Evasion Abilities Clause: Evasion abilities are banned\n|rule|Evasion Items Clause: Evasion items are banned\n|rule|Evasion Moves Clause: Evasion moves are banned\n|rule|Species Clause: Limit one of each Pok\u00e9mon\n|rule|Sleep Clause Mod: Limit one foe put to sleep\n|clearpoke\n|poke|p1|Torkoal, F|\n|poke|p1|Moltres|\n|poke|p1|Leafeon, F|\n|poke|p1|Heliolisk, F|\n|poke|p1|Charizard, M|\n|poke|p1|Incineroar, F|\n|poke|p2|Charizard, M|\n|poke|p2|Umbreon, M|\n|poke|p2|Pikachu, M|\n|poke|p2|Hitmonchan, M|\n|poke|p2|Marowak, M|\n|poke|p2|Lapras, F|\n|teampreview\n|\n|t:|1701049882\n|start\n|switch|p1a: Torkoal|Torkoal, F|100\/100\n|switch|p2a: Umbreon|Umbreon, M, shiny|100\/100\n|-weather|SunnyDay|[from] ability: Drought|[of] p1a: Torkoal\n|turn|1\n|\n|t:|1701049889\n|move|p2a: Umbreon|Foul Play|p1a: Torkoal\n|-damage|p1a: Torkoal|77\/100\n|move|p1a: Torkoal|Will-O-Wisp|p2a: Umbreon\n|-status|p2a: Umbreon|brn\n|-activate|p2a: Umbreon|ability: Synchronize\n|-immune|p1a: Torkoal\n|\n|-weather|SunnyDay|[upkeep]\n|-damage|p2a: Umbreon|94\/100 brn|[from] brn\n|upkeep\n|turn|2\n|\n|t:|1701049900\n|move|p2a: Umbreon|Dark Pulse|p1a: Torkoal\n|-damage|p1a: Torkoal|56\/100\n|move|p1a: Torkoal|Stealth Rock|p2a: Umbreon\n|-sidestart|p2: ItsEvan369|move: Stealth Rock\n|\n|-weather|SunnyDay|[upkeep]\n|-damage|p2a: Umbreon|88\/100 brn|[from] brn\n|upkeep\n|turn|3\n|\n|t:|1701049909\n|switch|p1a: Incineroar|Incineroar, F|100\/100\n|-ability|p1a: Incineroar|Intimidate|boost\n|-unboost|p2a: Umbreon|atk|1\n|move|p2a: Umbreon|Dark Pulse|p1a: Incineroar\n|-resisted|p1a: Incineroar\n|-damage|p1a: Incineroar|90\/100\n|\n|-weather|SunnyDay|[upkeep]\n|-damage|p2a: Umbreon|82\/100 brn|[from] brn\n|upkeep\n|turn|4\n|\n|t:|1701049919\n|move|p2a: Umbreon|Shadow Ball|p1a: Incineroar\n|-resisted|p1a: Incineroar\n|-damage|p1a: Incineroar|85\/100\n|move|p1a: Incineroar|Drain Punch|p2a: Umbreon\n|-supereffective|p2a: Umbreon\n|-damage|p2a: Umbreon|33\/100 brn\n|-heal|p1a: Incineroar|100\/100|[from] drain|[of] p2a: Umbreon\n|\n|-weather|SunnyDay|[upkeep]\n|-damage|p2a: Umbreon|27\/100 brn|[from] brn\n|upkeep\n|turn|5\n|\n|t:|1701049930\n|move|p2a: Umbreon|Last Resort|p1a: Incineroar\n|-damage|p1a: Incineroar|90\/100\n|move|p1a: Incineroar|Drain Punch|p2a: Umbreon\n|-supereffective|p2a: Umbreon\n|-damage|p2a: Umbreon|0 fnt\n|-heal|p1a: Incineroar|100\/100|[from] drain|[of] p2a: Umbreon\n|faint|p2a: Umbreon\n|\n|-weather|SunnyDay|[upkeep]\n|upkeep\n|\n|t:|1701049940\n|switch|p2a: Hitmonchan|Hitmonchan, M|100\/100\n|-damage|p2a: Hitmonchan|94\/100|[from] Stealth Rock\n|turn|6\n|inactive|Battle timer is ON: inactive players will automatically lose when time's up. (requested by ItsEvan369)\n|\n|t:|1701049946\n|switch|p1a: Leafeon|Leafeon, F|100\/100\n|move|p2a: Hitmonchan|Drain Punch|p1a: Leafeon\n|-damage|p1a: Leafeon|59\/100\n|-heal|p2a: Hitmonchan|100\/100|[from] drain|[of] p1a: Leafeon\n|\n|-weather|SunnyDay|[upkeep]\n|upkeep\n|turn|7\n|\n|t:|1701049955\n|move|p1a: Leafeon|Solar Blade||[still]\n|-prepare|p1a: Leafeon|Solar Blade\n|-anim|p1a: Leafeon|Solar Blade|p2a: Hitmonchan\n|-enditem|p2a: Hitmonchan|Focus Sash\n|-damage|p2a: Hitmonchan|1\/100\n|move|p2a: Hitmonchan|High Jump Kick|p1a: Leafeon\n|-damage|p1a: Leafeon|2\/100\n|\n|-weather|SunnyDay|[upkeep]\n|upkeep\n|turn|8\n|\n|t:|1701049966\n|move|p2a: Hitmonchan|Bullet Punch|p1a: Leafeon\n|-damage|p1a: Leafeon|0 fnt\n|faint|p1a: Leafeon\n|\n|-weather|none\n|upkeep\n|\n|t:|1701049969\n|switch|p1a: Torkoal|Torkoal, F|56\/100\n|-weather|SunnyDay|[from] ability: Drought|[of] p1a: Torkoal\n|turn|9\n|\n|t:|1701049975\n|move|p2a: Hitmonchan|High Jump Kick|p1a: Torkoal\n|-damage|p1a: Torkoal|11\/100\n|move|p1a: Torkoal|Yawn|p2a: Hitmonchan\n|-start|p2a: Hitmonchan|move: Yawn|[of] p1a: Torkoal\n|\n|-weather|SunnyDay|[upkeep]\n|upkeep\n|turn|10\n|\n|t:|1701049983\n|move|p2a: Hitmonchan|Drain Punch|p1a: Torkoal\n|-damage|p1a: Torkoal|0 fnt\n|-heal|p2a: Hitmonchan|9\/100|[from] drain|[of] p1a: Torkoal\n|faint|p1a: Torkoal\n|\n|-weather|SunnyDay|[upkeep]\n|-end|p2a: Hitmonchan|move: Yawn|[silent]\n|-status|p2a: Hitmonchan|slp\n|upkeep\n|\n|t:|1701049987\n|switch|p1a: Moltres|Moltres|100\/100\n|-ability|p1a: Moltres|Pressure\n|turn|11\n|\n|t:|1701049996\n|-terastallize|p1a: Moltres|Fire\n|cant|p2a: Hitmonchan|slp\n|move|p1a: Moltres|Burn Up|p2a: Hitmonchan\n|-damage|p2a: Hitmonchan|0 fnt\n|-start|p1a: Moltres|typechange|Fire|[from] move: Burn Up\n|faint|p2a: Hitmonchan\n|\n|-weather|SunnyDay|[upkeep]\n|upkeep\n|\n|t:|1701050012\n|switch|p2a: Lapras|Lapras, F|100\/100\n|-damage|p2a: Lapras|76\/100|[from] Stealth Rock\n|turn|12\n|\n|t:|1701050016\n|move|p1a: Moltres|Burn Up|p2a: Lapras\n|-damage|p2a: Lapras|0 fnt\n|-start|p1a: Moltres|typechange|Fire|[from] move: Burn Up\n|faint|p2a: Lapras\n|\n|-weather|SunnyDay|[upkeep]\n|upkeep\n|l|\u2606ItsEvan369\n|inactive|ItsEvan369 disconnected and has a minute to reconnect!\n|player|p2|\n|inactive|ItsEvan369 has 30 seconds to reconnect!\n|inactive|ItsEvan369 has 20 seconds to reconnect!\n|inactive|ItsEvan369 has 15 seconds to reconnect!\n|inactive|ItsEvan369 has 10 seconds to reconnect!\n|inactive|ItsEvan369 has 5 seconds to reconnect!\n|-message|ItsEvan369 lost due to inactivity.\n|\n|win|Shade Tatsu\n|raw|Shade Tatsu's rating: 1152 &rarr; <strong>1170<\/strong><br \/>(+18 for winning)\n|raw|ItsEvan369's rating: 1048 &rarr; <strong>1036<\/strong><br \/>(-12 for losing)\n","uploadtime":1701050085,"views":2,"p1id":"shadetatsu","p2id":"itsevan369","formatid":"gen9nationaldex","rating":1036,"private":0,"password":""}