{"id":"gen9nationaldex-1994767678","p1":"shfeha","p2":"keuby","format":"[Gen 9] National Dex","log":"|html|<div class=\"broadcast-blue\"><strong>[Gen 9] National Dex is currently suspecting Sneasler! For information on how to participate check out the <a href=\"https:\/\/www.smogon.com\/forums\/threads\/sv-national-dex-suspect-8-just-dance.3731534\/\">suspect thread<\/a>.<\/strong><\/div>\n|j|\u2606shfeha\n|j|\u2606keuby\n|t:|1700490791\n|gametype|singles\n|player|p1|shfeha|cyclist|1179\n|player|p2|keuby|unknown|1254\n|teamsize|p1|6\n|teamsize|p2|6\n|gen|9\n|tier|[Gen 9] National Dex\n|rated|\n|rule|HP Percentage Mod: HP is shown in percentages\n|rule|Endless Battle Clause: Forcing endless battles is banned\n|rule|OHKO Clause: OHKO moves are banned\n|rule|Evasion Clause: Evasion abilities, items, and moves are banned\n|rule|Evasion Abilities Clause: Evasion abilities are banned\n|rule|Evasion Items Clause: Evasion items are banned\n|rule|Evasion Moves Clause: Evasion moves are banned\n|rule|Species Clause: Limit one of each Pok\u00e9mon\n|rule|Sleep Clause Mod: Limit one foe put to sleep\n|clearpoke\n|poke|p1|Bisharp, F|\n|poke|p1|Grimmsnarl, M|\n|poke|p1|Tornadus-Therian, M|\n|poke|p1|Tapu Koko|\n|poke|p1|Iron Valiant|\n|poke|p1|Medicham, F|\n|poke|p2|Ninjask, F|\n|poke|p2|Banette, M|\n|poke|p2|Armarouge, M|\n|poke|p2|Buzzwole|\n|poke|p2|Gastrodon, M|\n|poke|p2|Scizor, F|\n|teampreview\n|inactive|Battle timer is ON: inactive players will automatically lose when time's up. (requested by shfeha)\n|inactive|keuby also wants the timer to be on.\n|\n|t:|1700490795\n|start\n|switch|p1a: Grimmsnarl|Grimmsnarl, M|100\/100\n|switch|p2a: Banette|Banette, M|100\/100\n|-item|p1a: Grimmsnarl|Light Clay|[from] ability: Frisk|[of] p2a: Banette|[identify]\n|turn|1\n|\n|t:|1700490804\n|switch|p2a: Scizor|Scizor, F|100\/100\n|move|p1a: Grimmsnarl|Taunt|p2a: Scizor\n|-start|p2a: Scizor|move: Taunt\n|\n|upkeep\n|turn|2\n|\n|t:|1700490807\n|move|p2a: Scizor|Bullet Punch|p1a: Grimmsnarl\n|-supereffective|p1a: Grimmsnarl\n|-damage|p1a: Grimmsnarl|14\/100\n|move|p1a: Grimmsnarl|Reflect|p1a: Grimmsnarl\n|-sidestart|p1: shfeha|Reflect\n|\n|upkeep\n|turn|3\n|\n|t:|1700490821\n|move|p2a: Scizor|Bullet Punch|p1a: Grimmsnarl\n|-supereffective|p1a: Grimmsnarl\n|-damage|p1a: Grimmsnarl|0 fnt\n|faint|p1a: Grimmsnarl\n|\n|-end|p2a: Scizor|move: Taunt\n|upkeep\n|\n|t:|1700490825\n|switch|p1a: Bisharp|Bisharp, F, shiny|100\/100\n|turn|4\n|\n|t:|1700490829\n|move|p2a: Scizor|Close Combat|p1a: Bisharp\n|-supereffective|p1a: Bisharp\n|-damage|p1a: Bisharp|2\/100\n|-unboost|p2a: Scizor|def|1\n|-unboost|p2a: Scizor|spd|1\n|move|p1a: Bisharp|Swords Dance|p1a: Bisharp\n|-boost|p1a: Bisharp|atk|2\n|\n|upkeep\n|turn|5\n|\n|t:|1700490834\n|move|p2a: Scizor|Bullet Punch|p1a: Bisharp\n|-resisted|p1a: Bisharp\n|-damage|p1a: Bisharp|0 fnt\n|faint|p1a: Bisharp\n|\n|upkeep\n|\n|t:|1700490837\n|switch|p1a: Tornadus|Tornadus-Therian, M|100\/100\n|turn|6\n|\n|t:|1700490840\n|-terastallize|p2a: Scizor|Water\n|move|p1a: Tornadus|Heat Wave|p2a: Scizor\n|-resisted|p2a: Scizor\n|-damage|p2a: Scizor|71\/100\n|-status|p2a: Scizor|brn\n|move|p2a: Scizor|Defog|p1a: Tornadus\n|-unboost|p1a: Tornadus|evasion|1\n|-sideend|p1: shfeha|Reflect\n|\n|-damage|p2a: Scizor|65\/100 brn|[from] brn\n|upkeep\n|turn|7\n|\n|t:|1700490849\n|switch|p2a: Gastrodon|Gastrodon, M|100\/100\n|move|p1a: Tornadus|Hurricane|p2a: Gastrodon\n|-damage|p2a: Gastrodon|50\/100\n|-start|p2a: Gastrodon|confusion\n|\n|upkeep\n|turn|8\n|\n|t:|1700490854\n|move|p1a: Tornadus|Hurricane|p2a: Gastrodon\n|-damage|p2a: Gastrodon|1\/100\n|-activate|p2a: Gastrodon|confusion\n|move|p2a: Gastrodon|Ice Beam|p1a: Tornadus\n|-supereffective|p1a: Tornadus\n|-crit|p1a: Tornadus\n|-damage|p1a: Tornadus|0 fnt\n|faint|p1a: Tornadus\n|-damage|p2a: Gastrodon|0 fnt|[from] item: Life Orb\n|faint|p2a: Gastrodon\n|\n|upkeep\n|\n|t:|1700490863\n|switch|p1a: Medicham|Medicham, F|100\/100\n|switch|p2a: Banette|Banette, M|100\/100\n|-item|p1a: Medicham|Medichamite|[from] ability: Frisk|[of] p2a: Banette|[identify]\n|turn|9\n|\n|t:|1700490871\n|detailschange|p1a: Medicham|Medicham-Mega, F\n|-mega|p1a: Medicham|Medicham|Medichamite\n|detailschange|p2a: Banette|Banette-Mega, M\n|-mega|p2a: Banette|Banette|Banettite\n|move|p2a: Banette|Shadow Sneak|p1a: Medicham\n|-supereffective|p1a: Medicham\n|-damage|p1a: Medicham|17\/100\n|move|p1a: Medicham|Zen Headbutt|p2a: Banette\n|-damage|p2a: Banette|7\/100\n|\n|upkeep\n|turn|10\n|\n|t:|1700490879\n|move|p1a: Medicham|Bullet Punch|p2a: Banette\n|-damage|p2a: Banette|0 fnt\n|faint|p2a: Banette\n|\n|upkeep\n|\n|t:|1700490885\n|switch|p2a: Scizor|Scizor, F, tera:Water|65\/100 brn\n|turn|11\n|\n|t:|1700490887\n|switch|p1a: Tapu Koko|Tapu Koko, shiny|100\/100\n|-fieldstart|move: Electric Terrain|[from] ability: Electric Surge|[of] p1a: Tapu Koko\n|move|p2a: Scizor|Bullet Punch|p1a: Tapu Koko\n|-damage|p1a: Tapu Koko|77\/100\n|\n|-damage|p2a: Scizor|59\/100 brn|[from] brn\n|upkeep\n|turn|12\n|\n|t:|1700490898\n|move|p2a: Scizor|Bullet Punch|p1a: Tapu Koko\n|-damage|p1a: Tapu Koko|52\/100\n|move|p1a: Tapu Koko|Volt Switch|p2a: Scizor\n|-supereffective|p2a: Scizor\n|-damage|p2a: Scizor|0 fnt\n|faint|p2a: Scizor\n|-damage|p1a: Tapu Koko|42\/100|[from] item: Life Orb\n|\n|t:|1700490913\n|switch|p1a: Medicham|Medicham-Mega, F|17\/100|[from] Volt Switch\n|\n|upkeep\n|\n|t:|1700490919\n|switch|p2a: 1 hit 1 job|Ninjask, F|100\/100\n|turn|13\n|\n|t:|1700490924\n|move|p1a: Medicham|Fake Out|p2a: 1 hit 1 job\n|-damage|p2a: 1 hit 1 job|42\/100\n|cant|p2a: 1 hit 1 job|flinch\n|\n|-ability|p2a: 1 hit 1 job|Speed Boost|boost\n|-boost|p2a: 1 hit 1 job|spe|1\n|upkeep\n|turn|14\n|\n|t:|1700490930\n|move|p1a: Medicham|Bullet Punch|p2a: 1 hit 1 job\n|-damage|p2a: 1 hit 1 job|0 fnt\n|faint|p2a: 1 hit 1 job\n|\n|upkeep\n|\n|t:|1700490932\n|switch|p2a: Buzzwole|Buzzwole|100\/100\n|turn|15\n|\n|t:|1700490935\n|move|p1a: Medicham|Zen Headbutt|p2a: Buzzwole\n|-supereffective|p2a: Buzzwole\n|-damage|p2a: Buzzwole|0 fnt\n|faint|p2a: Buzzwole\n|\n|-fieldend|move: Electric Terrain\n|upkeep\n|\n|t:|1700490939\n|switch|p2a: Armarouge|Armarouge, M|100\/100\n|turn|16\n|\n|t:|1700490944\n|move|p1a: Medicham|Close Combat|p2a: Armarouge\n|-resisted|p2a: Armarouge\n|-crit|p2a: Armarouge\n|-damage|p2a: Armarouge|29\/100\n|-unboost|p1a: Medicham|def|1\n|-unboost|p1a: Medicham|spd|1\n|move|p2a: Armarouge|Armor Cannon|p1a: Medicham\n|-crit|p1a: Medicham\n|-damage|p1a: Medicham|0 fnt\n|-unboost|p2a: Armarouge|def|1\n|-unboost|p2a: Armarouge|spd|1\n|faint|p1a: Medicham\n|\n|upkeep\n|\n|t:|1700490952\n|switch|p1a: Tapu Koko|Tapu Koko, shiny|42\/100\n|-fieldstart|move: Electric Terrain|[from] ability: Electric Surge|[of] p1a: Tapu Koko\n|turn|17\n|\n|t:|1700490955\n|move|p1a: Tapu Koko|Volt Switch|p2a: Armarouge\n|-damage|p2a: Armarouge|0 fnt\n|faint|p2a: Armarouge\n|-damage|p1a: Tapu Koko|32\/100|[from] item: Life Orb\n|\n|win|shfeha\n|raw|shfeha's rating: 1179 &rarr; <strong>1209<\/strong><br \/>(+30 for winning)\n|raw|keuby's rating: 1254 &rarr; <strong>1224<\/strong><br \/>(-30 for losing)\n","uploadtime":1700490958,"views":2,"p1id":"shfeha","p2id":"keuby","formatid":"gen9nationaldex","rating":1209,"private":0,"password":""}