{"id":"gen9nationaldex-1994892389","p1":"AlastorTheOverlord","p2":"RandomToaster61","format":"[Gen 9] National Dex","log":"|html|<div class=\"broadcast-blue\"><strong>[Gen 9] National Dex is currently suspecting Sneasler! For information on how to participate check out the <a href=\"https:\/\/www.smogon.com\/forums\/threads\/sv-national-dex-suspect-8-just-dance.3731534\/\">suspect thread<\/a>.<\/strong><\/div>\n|j|\u2606AlastorTheOverlord\n|j|\u2606RandomToaster61\n|t:|1700502272\n|gametype|singles\n|player|p1|AlastorTheOverlord|n|1099\n|player|p2|RandomToaster61|clown|1035\n|teamsize|p1|6\n|teamsize|p2|6\n|gen|9\n|tier|[Gen 9] National Dex\n|rated|\n|rule|HP Percentage Mod: HP is shown in percentages\n|rule|Endless Battle Clause: Forcing endless battles is banned\n|rule|OHKO Clause: OHKO moves are banned\n|rule|Evasion Clause: Evasion abilities, items, and moves are banned\n|rule|Evasion Abilities Clause: Evasion abilities are banned\n|rule|Evasion Items Clause: Evasion items are banned\n|rule|Evasion Moves Clause: Evasion moves are banned\n|rule|Species Clause: Limit one of each Pok\u00e9mon\n|rule|Sleep Clause Mod: Limit one foe put to sleep\n|clearpoke\n|poke|p1|Greninja-*, M|\n|poke|p1|Garchomp, M|\n|poke|p1|Chandelure, M|\n|poke|p1|Azumarill, M|\n|poke|p1|Aegislash, M|\n|poke|p1|Talonflame, F|\n|poke|p2|Lapras, F|\n|poke|p2|Milotic, M|\n|poke|p2|Azurill, M|\n|poke|p2|Frillish, F|\n|poke|p2|Articuno|\n|poke|p2|Tinkaton, F|\n|teampreview\n|inactive|Battle timer is ON: inactive players will automatically lose when time's up. (requested by AlastorTheOverlord)\n|c|\u2606RandomToaster61|glhf :)))\n|\n|t:|1700502291\n|start\n|switch|p1a: Talonflame|Talonflame, F|100\/100\n|switch|p2a: Lapras|Lapras, F|100\/100\n|turn|1\n|c|\u2606AlastorTheOverlord|hello :b\n|\n|t:|1700502302\n|move|p1a: Talonflame|Flare Blitz|p2a: Lapras\n|-damage|p2a: Lapras|63\/100\n|-damage|p1a: Talonflame|81\/100|[from] Recoil\n|move|p2a: Lapras|Rain Dance|p2a: Lapras\n|-weather|RainDance\n|\n|-weather|RainDance|[upkeep]\n|upkeep\n|turn|2\n|\n|t:|1700502317\n|move|p1a: Talonflame|Flare Blitz|p2a: Lapras\n|-damage|p2a: Lapras|45\/100\n|-damage|p1a: Talonflame|72\/100|[from] Recoil\n|move|p2a: Lapras|Blizzard|p1a: Talonflame\n|-damage|p1a: Talonflame|24\/100\n|\n|-weather|RainDance|[upkeep]\n|upkeep\n|turn|3\n|\n|t:|1700502330\n|move|p1a: Talonflame|Brave Bird|p2a: Lapras\n|-damage|p2a: Lapras|4\/100\n|-enditem|p2a: Lapras|Aguav Berry|[eat]\n|-heal|p2a: Lapras|37\/100|[from] item: Aguav Berry\n|-damage|p1a: Talonflame|3\/100|[from] Recoil\n|move|p2a: Lapras|Blizzard|p1a: Talonflame\n|-damage|p1a: Talonflame|0 fnt\n|faint|p1a: Talonflame\n|\n|-weather|RainDance|[upkeep]\n|upkeep\n|\n|t:|1700502352\n|switch|p1a: Aegislash|Aegislash, M|100\/100\n|turn|4\n|\n|t:|1700502357\n|move|p2a: Lapras|Perish Song|p2a: Lapras\n|-start|p1a: Aegislash|perish3|[silent]\n|-start|p2a: Lapras|perish3|[silent]\n|-fieldactivate|move: Perish Song\n|move|p1a: Aegislash|Swords Dance|p1a: Aegislash\n|-boost|p1a: Aegislash|atk|2\n|\n|-weather|RainDance|[upkeep]\n|-start|p1a: Aegislash|perish3\n|-start|p2a: Lapras|perish3\n|upkeep\n|turn|5\n|\n|t:|1700502375\n|-formechange|p1a: Aegislash|Aegislash-Blade||[from] ability: Stance Change\n|move|p1a: Aegislash|Shadow Sneak|p2a: Lapras\n|-damage|p2a: Lapras|0 fnt\n|faint|p2a: Lapras\n|\n|-weather|none\n|-start|p1a: Aegislash|perish2\n|upkeep\n|\n|t:|1700502386\n|switch|p2a: Frillish|Frillish, F, shiny|100\/100\n|turn|6\n|\n|t:|1700502395\n|move|p1a: Aegislash|Shadow Sneak|p2a: Frillish\n|-supereffective|p2a: Frillish\n|-enditem|p2a: Frillish|Focus Sash\n|-damage|p2a: Frillish|1\/100\n|move|p2a: Frillish|Trick Room|p2a: Frillish\n|-fieldstart|move: Trick Room|[of] p2a: Frillish\n|\n|-start|p1a: Aegislash|perish1\n|upkeep\n|turn|7\n|\n|t:|1700502405\n|switch|p1a: Chandelure|Chandelure, M|100\/100\n|move|p2a: Frillish|Shadow Ball|p1a: Chandelure\n|-supereffective|p1a: Chandelure\n|-damage|p1a: Chandelure|17\/100\n|\n|upkeep\n|turn|8\n|\n|t:|1700502414\n|move|p2a: Frillish|Scald|p1a: Chandelure\n|-supereffective|p1a: Chandelure\n|-damage|p1a: Chandelure|0 fnt\n|faint|p1a: Chandelure\n|\n|upkeep\n|\n|t:|1700502433\n|switch|p1a: Azumarill|Azumarill, M|100\/100\n|turn|9\n|\n|t:|1700502437\n|move|p1a: Azumarill|Aqua Jet|p2a: Frillish\n|-resisted|p2a: Frillish\n|-damage|p2a: Frillish|0 fnt\n|faint|p2a: Frillish\n|\n|upkeep\n|\n|t:|1700502441\n|switch|p2a: Azurill|Azurill, M|100\/100\n|turn|10\n|c|\u2606RandomToaster61|father and son reunited\n|\n|t:|1700502459\n|-terastallize|p2a: Azurill|Steel\n|move|p2a: Azurill|Belly Drum|p2a: Azurill\n|-damage|p2a: Azurill|51\/100\n|-setboost|p2a: Azurill|atk|6|[from] move: Belly Drum\n|move|p1a: Azumarill|Belly Drum|p1a: Azumarill\n|-damage|p1a: Azumarill|51\/100\n|-setboost|p1a: Azumarill|atk|6|[from] move: Belly Drum\n|\n|-fieldend|move: Trick Room\n|upkeep\n|turn|11\n|\n|t:|1700502472\n|move|p1a: Azumarill|Aqua Jet|p2a: Azurill\n|-crit|p2a: Azurill\n|-damage|p2a: Azurill|0 fnt\n|faint|p2a: Azurill\n|\n|upkeep\n|\n|t:|1700502479\n|switch|p2a: Emu|Tinkaton, F|100\/100\n|-ability|p2a: Emu|Mold Breaker\n|turn|12\n|c|\u2606AlastorTheOverlord|yes lol, the father is an h#micide\n|inactive|AlastorTheOverlord has 120 seconds left.\n|\n|t:|1700502509\n|move|p1a: Azumarill|Aqua Jet|p2a: Emu\n|-damage|p2a: Emu|0 fnt\n|faint|p2a: Emu\n|\n|upkeep\n|\n|t:|1700502525\n|switch|p2a: Milotic|Milotic, M|100\/100\n|turn|13\n|\n|t:|1700502531\n|move|p1a: Azumarill|Aqua Jet|p2a: Milotic\n|-resisted|p2a: Milotic\n|-damage|p2a: Milotic|62\/100\n|move|p2a: Milotic|Ice Beam|p1a: Azumarill\n|-resisted|p1a: Azumarill\n|-damage|p1a: Azumarill|40\/100\n|-status|p1a: Azumarill|frz\n|-enditem|p1a: Azumarill|Sitrus Berry|[eat]\n|-heal|p1a: Azumarill|65\/100 frz|[from] item: Sitrus Berry\n|\n|-heal|p2a: Milotic|68\/100|[from] item: Leftovers\n|upkeep\n|turn|14\n|\n|t:|1700502549\n|cant|p1a: Azumarill|frz\n|move|p2a: Milotic|Ice Beam|p1a: Azumarill\n|-resisted|p1a: Azumarill\n|-damage|p1a: Azumarill|53\/100 frz\n|\n|-heal|p2a: Milotic|74\/100|[from] item: Leftovers\n|upkeep\n|turn|15\n|\n|t:|1700502564\n|cant|p1a: Azumarill|frz\n|move|p2a: Milotic|Ice Beam|p1a: Azumarill\n|-resisted|p1a: Azumarill\n|-damage|p1a: Azumarill|42\/100 frz\n|\n|-heal|p2a: Milotic|80\/100|[from] item: Leftovers\n|upkeep\n|turn|16\n|\n|t:|1700502570\n|cant|p1a: Azumarill|frz\n|move|p2a: Milotic|Ice Beam|p1a: Azumarill\n|-resisted|p1a: Azumarill\n|-crit|p1a: Azumarill\n|-damage|p1a: Azumarill|27\/100 frz\n|\n|-heal|p2a: Milotic|87\/100|[from] item: Leftovers\n|upkeep\n|turn|17\n|c|\u2606AlastorTheOverlord|milotic is beautiful\n|\n|t:|1700502579\n|move|p2a: Milotic|Ice Beam|p1a: Azumarill\n|-resisted|p1a: Azumarill\n|-damage|p1a: Azumarill|17\/100 frz\n|cant|p1a: Azumarill|frz\n|\n|-heal|p2a: Milotic|93\/100|[from] item: Leftovers\n|upkeep\n|turn|18\n|c|\u2606RandomToaster61|is is...\n|\n|t:|1700502586\n|cant|p1a: Azumarill|frz\n|move|p2a: Milotic|Ice Beam|p1a: Azumarill\n|-resisted|p1a: Azumarill\n|-damage|p1a: Azumarill|5\/100 frz\n|\n|-heal|p2a: Milotic|99\/100|[from] item: Leftovers\n|upkeep\n|turn|19\n|\n|t:|1700502593\n|cant|p1a: Azumarill|frz\n|move|p2a: Milotic|Ice Beam|p1a: Azumarill\n|-resisted|p1a: Azumarill\n|-damage|p1a: Azumarill|0 fnt\n|faint|p1a: Azumarill\n|\n|-heal|p2a: Milotic|100\/100|[from] item: Leftovers\n|upkeep\n|c|\u2606RandomToaster61|i made this team based on pokemon a friend chosed\n|c|\u2606AlastorTheOverlord|This is amzing\n|inactive|AlastorTheOverlord has 120 seconds left.\n|c|\u2606AlastorTheOverlord|great team\n|\n|t:|1700502635\n|switch|p1a: Aegislash|Aegislash, M|100\/100\n|turn|20\n|\n|t:|1700502643\n|move|p1a: Aegislash|Swords Dance|p1a: Aegislash\n|-boost|p1a: Aegislash|atk|2\n|move|p2a: Milotic|Dragon Tail|p1a: Aegislash\n|-resisted|p1a: Aegislash\n|-damage|p1a: Aegislash|97\/100\n|drag|p1a: Garchomp|Garchomp, M|100\/100\n|\n|upkeep\n|turn|21\n|c|\u2606RandomToaster61|awh ty <3\n|inactive|AlastorTheOverlord has 120 seconds left.\n|\n|t:|1700502656\n|detailschange|p1a: Garchomp|Garchomp-Mega, M\n|-mega|p1a: Garchomp|Garchomp|Garchompite\n|move|p1a: Garchomp|Earthquake|p2a: Milotic\n|-damage|p2a: Milotic|53\/100\n|move|p2a: Milotic|Ice Beam|p1a: Garchomp\n|-supereffective|p1a: Garchomp\n|-damage|p1a: Garchomp|16\/100\n|\n|-heal|p2a: Milotic|59\/100|[from] item: Leftovers\n|upkeep\n|turn|22\n|\n|t:|1700502666\n|move|p1a: Garchomp|Scale Shot|p2a: Milotic\n|-damage|p2a: Milotic|47\/100\n|-damage|p2a: Milotic|36\/100\n|-damage|p2a: Milotic|25\/100\n|-damage|p2a: Milotic|14\/100\n|-damage|p2a: Milotic|2\/100\n|-hitcount|p2a: Milotic|5\n|-unboost|p1a: Garchomp|def|1\n|-boost|p1a: Garchomp|spe|1\n|move|p2a: Milotic|Recover|p2a: Milotic\n|-heal|p2a: Milotic|52\/100\n|\n|-heal|p2a: Milotic|58\/100|[from] item: Leftovers\n|upkeep\n|turn|23\n|\n|t:|1700502679\n|move|p1a: Garchomp|Earthquake|p2a: Milotic\n|-damage|p2a: Milotic|10\/100\n|move|p2a: Milotic|Ice Beam|p1a: Garchomp\n|-supereffective|p1a: Garchomp\n|-damage|p1a: Garchomp|0 fnt\n|faint|p1a: Garchomp\n|\n|-heal|p2a: Milotic|16\/100|[from] item: Leftovers\n|upkeep\n|\n|t:|1700502684\n|switch|p1a: Greninja|Greninja, M|100\/100\n|turn|24\n|\n|t:|1700502691\n|move|p1a: Greninja|Dark Pulse|p2a: Milotic\n|-start|p1a: Greninja|typechange|Dark|[from] ability: Protean\n|-damage|p2a: Milotic|0 fnt\n|faint|p2a: Milotic\n|-damage|p1a: Greninja|91\/100|[from] item: Life Orb\n|\n|upkeep\n|\n|t:|1700502695\n|switch|p2a: Articuno|Articuno, shiny|100\/100\n|-ability|p2a: Articuno|Pressure\n|turn|25\n|c|\u2606AlastorTheOverlord|of course\n|\n|t:|1700502701\n|move|p1a: Greninja|Dark Pulse|p2a: Articuno\n|-damage|p2a: Articuno|77\/100\n|-damage|p1a: Greninja|81\/100|[from] item: Life Orb\n|move|p2a: Articuno|Blizzard|p1a: Greninja\n|-damage|p1a: Greninja|27\/100\n|\n|upkeep\n|turn|26\n|\n|t:|1700502717\n|move|p1a: Greninja|Surf|p2a: Articuno\n|-damage|p2a: Articuno|56\/100\n|-damage|p1a: Greninja|18\/100|[from] item: Life Orb\n|move|p2a: Articuno|Defog|p1a: Greninja\n|-unboost|p1a: Greninja|evasion|1\n|\n|upkeep\n|turn|27\n|\n|t:|1700502724\n|move|p1a: Greninja|Surf|p2a: Articuno\n|-damage|p2a: Articuno|36\/100\n|-damage|p1a: Greninja|8\/100|[from] item: Life Orb\n|move|p2a: Articuno|Roost|p2a: Articuno\n|-heal|p2a: Articuno|86\/100\n|-singleturn|p2a: Articuno|move: Roost\n|\n|upkeep\n|turn|28\n|\n|t:|1700502732\n|move|p1a: Greninja|Surf|p2a: Articuno\n|-damage|p2a: Articuno|68\/100\n|-damage|p1a: Greninja|0 fnt|[from] item: Life Orb\n|faint|p1a: Greninja\n|move|p2a: Articuno|Roost|p2a: Articuno\n|-heal|p2a: Articuno|100\/100\n|-singleturn|p2a: Articuno|move: Roost\n|\n|upkeep\n|\n|t:|1700502736\n|switch|p1a: Aegislash|Aegislash, M|97\/100\n|turn|29\n|\n|t:|1700502754\n|move|p2a: Articuno|Blizzard|p1a: Aegislash\n|-resisted|p1a: Aegislash\n|-damage|p1a: Aegislash|81\/100\n|move|p1a: Aegislash|Swords Dance|p1a: Aegislash\n|-boost|p1a: Aegislash|atk|2\n|\n|-heal|p1a: Aegislash|87\/100|[from] item: Leftovers\n|upkeep\n|turn|30\n|\n|t:|1700502759\n|move|p2a: Articuno|Blizzard|p1a: Aegislash\n|-resisted|p1a: Aegislash\n|-damage|p1a: Aegislash|74\/100\n|move|p1a: Aegislash|Swords Dance|p1a: Aegislash\n|-boost|p1a: Aegislash|atk|2\n|\n|-heal|p1a: Aegislash|80\/100|[from] item: Leftovers\n|upkeep\n|turn|31\n|c|\u2606RandomToaster61|gg u win\n|\n|t:|1700502769\n|move|p2a: Articuno|Blizzard|p1a: Aegislash\n|-resisted|p1a: Aegislash\n|-damage|p1a: Aegislash|66\/100\n|-status|p1a: Aegislash|frz\n|cant|p1a: Aegislash|frz\n|\n|-heal|p1a: Aegislash|73\/100 frz|[from] item: Leftovers\n|upkeep\n|turn|32\n|\n|t:|1700502780\n|cant|p1a: Aegislash|frz\n|move|p2a: Articuno|Blizzard|p1a: Aegislash\n|-resisted|p1a: Aegislash\n|-damage|p1a: Aegislash|59\/100 frz\n|\n|-heal|p1a: Aegislash|65\/100 frz|[from] item: Leftovers\n|upkeep\n|turn|33\n|\n|t:|1700502789\n|-curestatus|p1a: Aegislash|frz|[msg]\n|-formechange|p1a: Aegislash|Aegislash-Blade||[from] ability: Stance Change\n|move|p1a: Aegislash|Shadow Sneak|p2a: Articuno\n|-damage|p2a: Articuno|40\/100\n|move|p2a: Articuno|Blizzard|p1a: Aegislash\n|-resisted|p1a: Aegislash\n|-damage|p1a: Aegislash|33\/100\n|\n|-heal|p1a: Aegislash|39\/100|[from] item: Leftovers\n|upkeep\n|turn|34\n|\n|t:|1700502799\n|move|p2a: Articuno|Roost|p2a: Articuno\n|-heal|p2a: Articuno|90\/100\n|-singleturn|p2a: Articuno|move: Roost\n|move|p1a: Aegislash|Sacred Sword|p2a: Articuno\n|-supereffective|p2a: Articuno\n|-damage|p2a: Articuno|0 fnt\n|faint|p2a: Articuno\n|\n|win|AlastorTheOverlord\n|raw|AlastorTheOverlord's rating: 1099 &rarr; <strong>1120<\/strong><br \/>(+21 for winning)\n|raw|RandomToaster61's rating: 1035 &rarr; <strong>1023<\/strong><br \/>(-12 for losing)\n|l|\u2606RandomToaster61\n|c|\u2606AlastorTheOverlord|this battle i'ts amazing\n","uploadtime":1700502844,"views":1,"p1id":"alastortheoverlord","p2id":"randomtoaster61","formatid":"gen9nationaldex","rating":1023,"private":0,"password":""}