{"id":"gen9nationaldex-1991929454","p1":"AesirEcho","p2":"Bulka4000","format":"[Gen 9] National Dex","log":"|j|\u2606AesirEcho\n|j|\u2606Bulka4000\n|t:|1700139385\n|gametype|singles\n|player|p1|AesirEcho|ethan-masters|\n|player|p2|Bulka4000|1|\n|teamsize|p1|6\n|teamsize|p2|6\n|gen|9\n|tier|[Gen 9] National Dex\n|rule|HP Percentage Mod: HP is shown in percentages\n|rule|Endless Battle Clause: Forcing endless battles is banned\n|rule|OHKO Clause: OHKO moves are banned\n|rule|Evasion Clause: Evasion abilities, items, and moves are banned\n|rule|Evasion Abilities Clause: Evasion abilities are banned\n|rule|Evasion Items Clause: Evasion items are banned\n|rule|Evasion Moves Clause: Evasion moves are banned\n|rule|Species Clause: Limit one of each Pok\u00e9mon\n|rule|Sleep Clause Mod: Limit one foe put to sleep\n|clearpoke\n|poke|p1|Blissey, F|\n|poke|p1|Dondozo, M|\n|poke|p1|Landorus-Therian, M|\n|poke|p1|Gliscor, M|\n|poke|p1|Urshifu-*, M|\n|poke|p1|Scizor, F|\n|poke|p2|Gengar, F|\n|poke|p2|Zamazenta-*|\n|poke|p2|Garchomp, F|\n|poke|p2|Ting-Lu|\n|poke|p2|Skeledirge, F|\n|poke|p2|Rotom-Wash|\n|teampreview\n|\n|t:|1700139434\n|start\n|switch|p1a: Landorus|Landorus-Therian, M|100\/100\n|switch|p2a: Garchomp|Garchomp, F|100\/100\n|-ability|p1a: Landorus|Intimidate|boost\n|-unboost|p2a: Garchomp|atk|1\n|turn|1\n|\n|t:|1700139446\n|move|p2a: Garchomp|Swords Dance|p2a: Garchomp\n|-boost|p2a: Garchomp|atk|2\n|move|p1a: Landorus|Stealth Rock|p2a: Garchomp\n|-sidestart|p2: Bulka4000|move: Stealth Rock\n|\n|upkeep\n|turn|2\n|\n|t:|1700139456\n|move|p2a: Garchomp|Dragon Claw|p1a: Landorus\n|-damage|p1a: Landorus|59\/100\n|-damage|p2a: Garchomp|84\/100|[from] item: Rocky Helmet|[of] p1a: Landorus\n|move|p1a: Landorus|Toxic|p2a: Garchomp\n|-status|p2a: Garchomp|tox\n|\n|-damage|p2a: Garchomp|78\/100 tox|[from] psn\n|upkeep\n|turn|3\n|\n|t:|1700139537\n|switch|p1a: Dondozo|Dondozo, M|100\/100\n|move|p2a: Garchomp|Swords Dance|p2a: Garchomp\n|-boost|p2a: Garchomp|atk|2\n|\n|-damage|p2a: Garchomp|65\/100 tox|[from] psn\n|upkeep\n|turn|4\n|\n|t:|1700139545\n|move|p2a: Garchomp|Dragon Claw|p1a: Dondozo\n|-damage|p1a: Dondozo|81\/100\n|move|p1a: Dondozo|Liquidation|p2a: Garchomp\n|-damage|p2a: Garchomp|38\/100 tox\n|-damage|p1a: Dondozo|69\/100|[from] ability: Rough Skin|[of] p2a: Garchomp\n|-damage|p1a: Dondozo|52\/100|[from] item: Rocky Helmet|[of] p2a: Garchomp\n|\n|-heal|p1a: Dondozo|58\/100|[from] item: Leftovers\n|-damage|p2a: Garchomp|20\/100 tox|[from] psn\n|upkeep\n|turn|5\n|\n|t:|1700139558\n|switch|p2a: Rotom|Rotom-Wash|100\/100\n|-damage|p2a: Rotom|88\/100|[from] Stealth Rock\n|move|p1a: Dondozo|Body Press|p2a: Rotom\n|-damage|p2a: Rotom|68\/100\n|\n|-heal|p2a: Rotom|74\/100|[from] item: Leftovers\n|-heal|p1a: Dondozo|65\/100|[from] item: Leftovers\n|upkeep\n|turn|6\n|\n|t:|1700139567\n|switch|p1a: Blissey|Blissey, F|100\/100\n|move|p2a: Rotom|Volt Switch|p1a: Blissey\n|-damage|p1a: Blissey|91\/100\n|\n|t:|1700139573\n|switch|p2a: Zamazenta|Zamazenta|100\/100|[from] Volt Switch\n|-damage|p2a: Zamazenta|94\/100|[from] Stealth Rock\n|-ability|p2a: Zamazenta|Dauntless Shield|boost\n|-boost|p2a: Zamazenta|def|1\n|\n|upkeep\n|turn|7\n|\n|t:|1700139580\n|switch|p1a: Dondozo|Dondozo, M|65\/100\n|move|p2a: Zamazenta|Close Combat|p1a: Dondozo\n|-damage|p1a: Dondozo|27\/100\n|-unboost|p2a: Zamazenta|def|1\n|-unboost|p2a: Zamazenta|spd|1\n|\n|-heal|p1a: Dondozo|33\/100|[from] item: Leftovers\n|upkeep\n|turn|8\n|\n|t:|1700139596\n|switch|p2a: Rotom|Rotom-Wash|74\/100\n|-damage|p2a: Rotom|62\/100|[from] Stealth Rock\n|switch|p1a: Landorus|Landorus-Therian, M|59\/100\n|-ability|p1a: Landorus|Intimidate|boost\n|-unboost|p2a: Rotom|atk|1\n|\n|-heal|p2a: Rotom|68\/100|[from] item: Leftovers\n|upkeep\n|turn|9\n|\n|t:|1700139611\n|move|p1a: Landorus|U-turn|p2a: Rotom\n|-damage|p2a: Rotom|51\/100\n|\n|t:|1700139620\n|switch|p1a: Gliscor|Gliscor, M|100\/100|[from] U-turn\n|move|p2a: Rotom|Hydro Pump|p1a: Gliscor\n|-supereffective|p1a: Gliscor\n|-damage|p1a: Gliscor|36\/100\n|\n|-heal|p2a: Rotom|58\/100|[from] item: Leftovers\n|-status|p1a: Gliscor|tox|[from] item: Toxic Orb\n|upkeep\n|turn|10\n|c|\u2606AesirEcho|miss click\n|\n|t:|1700139633\n|switch|p1a: Blissey|Blissey, F|91\/100\n|move|p2a: Rotom|Hydro Pump|p1a: Blissey\n|-damage|p1a: Blissey|77\/100\n|\n|-heal|p2a: Rotom|64\/100|[from] item: Leftovers\n|upkeep\n|turn|11\n|\n|t:|1700139678\n|move|p2a: Rotom|Volt Switch|p1a: Blissey\n|-damage|p1a: Blissey|67\/100\n|\n|t:|1700139686\n|switch|p2a: Zamazenta|Zamazenta|94\/100|[from] Volt Switch\n|-damage|p2a: Zamazenta|88\/100|[from] Stealth Rock\n|move|p1a: Blissey|Toxic|p2a: Zamazenta\n|-status|p2a: Zamazenta|tox\n|\n|-damage|p2a: Zamazenta|82\/100 tox|[from] psn\n|upkeep\n|turn|12\n|\n|t:|1700139696\n|switch|p1a: Landorus|Landorus-Therian, M|59\/100\n|-ability|p1a: Landorus|Intimidate|boost\n|-unboost|p2a: Zamazenta|atk|1\n|move|p2a: Zamazenta|Wild Charge|p1a: Landorus\n|-immune|p1a: Landorus\n|\n|-damage|p2a: Zamazenta|70\/100 tox|[from] psn\n|upkeep\n|turn|13\n|\n|t:|1700139707\n|switch|p2a: Rotom|Rotom-Wash|64\/100\n|-damage|p2a: Rotom|51\/100|[from] Stealth Rock\n|move|p1a: Landorus|U-turn|p2a: Rotom\n|-damage|p2a: Rotom|34\/100\n|\n|t:|1700139714\n|switch|p1a: Blissey|Blissey, F|67\/100|[from] U-turn\n|\n|-heal|p2a: Rotom|40\/100|[from] item: Leftovers\n|upkeep\n|turn|14\n|\n|t:|1700139731\n|move|p2a: Rotom|Volt Switch|p1a: Blissey\n|-damage|p1a: Blissey|58\/100\n|\n|t:|1700139734\n|switch|p2a: Zamazenta|Zamazenta|70\/100 tox|[from] Volt Switch\n|-damage|p2a: Zamazenta|64\/100 tox|[from] Stealth Rock\n|move|p1a: Blissey|Teleport|p1a: Blissey\n|\n|t:|1700139743\n|switch|p1a: Landorus|Landorus-Therian, M|59\/100|[from] Teleport\n|-ability|p1a: Landorus|Intimidate|boost\n|-unboost|p2a: Zamazenta|atk|1\n|\n|-damage|p2a: Zamazenta|57\/100 tox|[from] psn\n|upkeep\n|turn|15\n|\n|t:|1700139752\n|switch|p1a: Dondozo|Dondozo, M|33\/100\n|move|p2a: Zamazenta|Close Combat|p1a: Dondozo\n|-damage|p1a: Dondozo|0 fnt\n|-unboost|p2a: Zamazenta|def|1\n|-unboost|p2a: Zamazenta|spd|1\n|faint|p1a: Dondozo\n|\n|-damage|p2a: Zamazenta|45\/100 tox|[from] psn\n|upkeep\n|\n|t:|1700139758\n|switch|p1a: Urshifu|Urshifu-Rapid-Strike, M|100\/100\n|turn|16\n|\n|t:|1700139776\n|switch|p2a: Rotom|Rotom-Wash|40\/100\n|-damage|p2a: Rotom|28\/100|[from] Stealth Rock\n|switch|p1a: Landorus|Landorus-Therian, M|59\/100\n|-ability|p1a: Landorus|Intimidate|boost\n|-unboost|p2a: Rotom|atk|1\n|\n|-heal|p2a: Rotom|34\/100|[from] item: Leftovers\n|upkeep\n|turn|17\n|\n|t:|1700139794\n|switch|p1a: Blissey|Blissey, F|58\/100\n|move|p2a: Rotom|Hydro Pump|p1a: Blissey\n|-damage|p1a: Blissey|43\/100\n|\n|-heal|p2a: Rotom|40\/100|[from] item: Leftovers\n|upkeep\n|turn|18\n|\n|t:|1700139805\n|move|p2a: Rotom|Defog|p1a: Blissey\n|-unboost|p1a: Blissey|evasion|1\n|-sideend|p2: Bulka4000|Stealth Rock|[from] move: Defog|[of] p2a: Rotom\n|move|p1a: Blissey|Soft-Boiled|p1a: Blissey\n|-heal|p1a: Blissey|93\/100\n|\n|-heal|p2a: Rotom|47\/100|[from] item: Leftovers\n|upkeep\n|turn|19\n|\n|t:|1700139813\n|move|p2a: Rotom|Will-O-Wisp|p1a: Blissey\n|-status|p1a: Blissey|brn\n|move|p1a: Blissey|Toxic|p2a: Rotom\n|-status|p2a: Rotom|tox\n|\n|-heal|p2a: Rotom|53\/100 tox|[from] item: Leftovers\n|-damage|p2a: Rotom|47\/100 tox|[from] psn\n|-damage|p1a: Blissey|86\/100 brn|[from] brn\n|upkeep\n|turn|20\n|\n|t:|1700139825\n|move|p2a: Rotom|Volt Switch|p1a: Blissey\n|-damage|p1a: Blissey|78\/100 brn\n|\n|t:|1700139830\n|switch|p2a: Zamazenta|Zamazenta|45\/100 tox|[from] Volt Switch\n|move|p1a: Blissey|Teleport|p1a: Blissey\n|\n|t:|1700139835\n|-curestatus|p1a: Blissey|brn|[from] ability: Natural Cure\n|switch|p1a: Landorus|Landorus-Therian, M|59\/100|[from] Teleport\n|-ability|p1a: Landorus|Intimidate|boost\n|-unboost|p2a: Zamazenta|atk|1\n|\n|-damage|p2a: Zamazenta|39\/100 tox|[from] psn\n|upkeep\n|turn|21\n|\n|t:|1700139866\n|move|p2a: Zamazenta|Close Combat|p1a: Landorus\n|-resisted|p1a: Landorus\n|-damage|p1a: Landorus|38\/100\n|-unboost|p2a: Zamazenta|def|1\n|-unboost|p2a: Zamazenta|spd|1\n|-damage|p2a: Zamazenta|22\/100 tox|[from] item: Rocky Helmet|[of] p1a: Landorus\n|move|p1a: Landorus|U-turn|p2a: Zamazenta\n|-resisted|p2a: Zamazenta\n|-damage|p2a: Zamazenta|6\/100 tox\n|\n|t:|1700139876\n|switch|p1a: Scizor|Scizor, F|100\/100|[from] U-turn\n|\n|-damage|p2a: Zamazenta|0 fnt|[from] psn\n|faint|p2a: Zamazenta\n|upkeep\n|\n|t:|1700139897\n|switch|p2a: Skeledirge|Skeledirge, F|100\/100\n|turn|22\n|\n|t:|1700139906\n|detailschange|p1a: Scizor|Scizor-Mega, F\n|-mega|p1a: Scizor|Scizor|Scizorite\n|move|p1a: Scizor|U-turn|p2a: Skeledirge\n|-resisted|p2a: Skeledirge\n|-damage|p2a: Skeledirge|95\/100\n|\n|t:|1700139910\n|switch|p1a: Blissey|Blissey, F|78\/100|[from] U-turn\n|move|p2a: Skeledirge|Will-O-Wisp|p1a: Blissey\n|-status|p1a: Blissey|brn\n|\n|-damage|p1a: Blissey|72\/100 brn|[from] brn\n|upkeep\n|turn|23\n|\n|t:|1700139921\n|move|p2a: Skeledirge|Torch Song|p1a: Blissey\n|-damage|p1a: Blissey|60\/100 brn\n|-boost|p2a: Skeledirge|spa|1\n|move|p1a: Blissey|Toxic|p2a: Skeledirge\n|-status|p2a: Skeledirge|tox\n|\n|-damage|p2a: Skeledirge|89\/100 tox|[from] psn\n|-damage|p1a: Blissey|54\/100 brn|[from] brn\n|upkeep\n|turn|24\n|\n|t:|1700139935\n|switch|p2a: Ting-Lu|Ting-Lu|100\/100\n|-ability|p2a: Ting-Lu|Vessel of Ruin\n|move|p1a: Blissey|Teleport|p1a: Blissey\n|\n|t:|1700139940\n|-curestatus|p1a: Blissey|brn|[from] ability: Natural Cure\n|switch|p1a: Urshifu|Urshifu-Rapid-Strike, M|100\/100|[from] Teleport\n|\n|upkeep\n|turn|25\n|\n|t:|1700139956\n|switch|p2a: Rotom|Rotom-Wash|47\/100 tox\n|move|p1a: Urshifu|Taunt|p2a: Rotom\n|-start|p2a: Rotom|move: Taunt\n|\n|-heal|p2a: Rotom|53\/100 tox|[from] item: Leftovers\n|-damage|p2a: Rotom|47\/100 tox|[from] psn\n|upkeep\n|turn|26\n|\n|t:|1700139966\n|move|p1a: Urshifu|Surging Strikes|p2a: Rotom\n|-resisted|p2a: Rotom\n|-crit|p2a: Rotom\n|-damage|p2a: Rotom|39\/100 tox\n|-resisted|p2a: Rotom\n|-crit|p2a: Rotom\n|-damage|p2a: Rotom|31\/100 tox\n|-resisted|p2a: Rotom\n|-crit|p2a: Rotom\n|-damage|p2a: Rotom|24\/100 tox\n|-hitcount|p2a: Rotom|3\n|move|p2a: Rotom|Volt Switch|p1a: Urshifu\n|-supereffective|p1a: Urshifu\n|-damage|p1a: Urshifu|24\/100\n|c|\u2606AesirEcho|fui mlk\n|\n|t:|1700139977\n|switch|p2a: Skeledirge|Skeledirge, F|89\/100 tox|[from] Volt Switch\n|\n|-damage|p2a: Skeledirge|83\/100 tox|[from] psn\n|upkeep\n|turn|27\n|\n|t:|1700140017\n|switch|p1a: Blissey|Blissey, F|54\/100\n|move|p2a: Skeledirge|Hex|p1a: Blissey\n|-immune|p1a: Blissey\n|\n|-damage|p2a: Skeledirge|71\/100 tox|[from] psn\n|upkeep\n|turn|28\n|\n|t:|1700140031\n|move|p2a: Skeledirge|Torch Song|p1a: Blissey\n|-damage|p1a: Blissey|43\/100\n|-boost|p2a: Skeledirge|spa|1\n|move|p1a: Blissey|Soft-Boiled|p1a: Blissey\n|-heal|p1a: Blissey|93\/100\n|\n|-damage|p2a: Skeledirge|53\/100 tox|[from] psn\n|upkeep\n|turn|29\n|\n|t:|1700140040\n|move|p2a: Skeledirge|Slack Off|p2a: Skeledirge\n|-heal|p2a: Skeledirge|100\/100 tox\n|move|p1a: Blissey|Teleport|p1a: Blissey\n|\n|t:|1700140054\n|switch|p1a: Landorus|Landorus-Therian, M|38\/100|[from] Teleport\n|-ability|p1a: Landorus|Intimidate|boost\n|-unboost|p2a: Skeledirge|atk|1\n|\n|-damage|p2a: Skeledirge|76\/100 tox|[from] psn\n|upkeep\n|turn|30\n|c|\u2606Bulka4000|pokemon de retardado\n|\n|t:|1700140063\n|switch|p2a: Rotom|Rotom-Wash|24\/100 tox\n|move|p1a: Landorus|Earthquake|p2a: Rotom\n|-immune|p2a: Rotom|[from] ability: Levitate\n|\n|-heal|p2a: Rotom|30\/100 tox|[from] item: Leftovers\n|-damage|p2a: Rotom|24\/100 tox|[from] psn\n|upkeep\n|turn|31\n|c|\u2606AesirEcho|kkkk\n|\n|t:|1700140075\n|move|p1a: Landorus|U-turn|p2a: Rotom\n|-damage|p2a: Rotom|7\/100 tox\n|\n|t:|1700140079\n|switch|p1a: Blissey|Blissey, F|93\/100|[from] U-turn\n|move|p2a: Rotom|Will-O-Wisp|p1a: Blissey\n|-status|p1a: Blissey|brn\n|\n|-heal|p2a: Rotom|13\/100 tox|[from] item: Leftovers\n|-damage|p2a: Rotom|0 fnt|[from] psn\n|faint|p2a: Rotom\n|-damage|p1a: Blissey|87\/100 brn|[from] brn\n|upkeep\n|\n|t:|1700140105\n|switch|p2a: Ting-Lu|Ting-Lu|100\/100\n|-ability|p2a: Ting-Lu|Vessel of Ruin\n|turn|32\n|\n|t:|1700140117\n|move|p1a: Blissey|Toxic|p2a: Ting-Lu\n|-status|p2a: Ting-Lu|tox\n|move|p2a: Ting-Lu|Earthquake|p1a: Blissey\n|-damage|p1a: Blissey|54\/100 brn\n|\n|-damage|p2a: Ting-Lu|94\/100 tox|[from] psn\n|-damage|p1a: Blissey|47\/100 brn|[from] brn\n|upkeep\n|turn|33\n|\n|t:|1700140167\n|-curestatus|p1a: Blissey|brn|[from] ability: Natural Cure\n|switch|p1a: Landorus|Landorus-Therian, M|38\/100\n|-ability|p1a: Landorus|Intimidate|boost\n|-unboost|p2a: Ting-Lu|atk|1\n|move|p2a: Ting-Lu|Earthquake|p1a: Landorus\n|-immune|p1a: Landorus\n|\n|-heal|p2a: Ting-Lu|100\/100 tox|[from] item: Leftovers\n|-damage|p2a: Ting-Lu|88\/100 tox|[from] psn\n|upkeep\n|turn|34\n|\n|t:|1700140191\n|move|p1a: Landorus|Stealth Rock|p2a: Ting-Lu\n|-sidestart|p2: Bulka4000|move: Stealth Rock\n|move|p2a: Ting-Lu|Ruination|p1a: Landorus\n|-damage|p1a: Landorus|19\/100\n|\n|-heal|p2a: Ting-Lu|94\/100 tox|[from] item: Leftovers\n|-damage|p2a: Ting-Lu|76\/100 tox|[from] psn\n|upkeep\n|turn|35\n|\n|t:|1700140200\n|move|p1a: Landorus|U-turn|p2a: Ting-Lu\n|-supereffective|p2a: Ting-Lu\n|-damage|p2a: Ting-Lu|53\/100 tox\n|\n|t:|1700140208\n|switch|p1a: Scizor|Scizor-Mega, F|100\/100|[from] U-turn\n|move|p2a: Ting-Lu|Ruination|p1a: Scizor\n|-damage|p1a: Scizor|51\/100\n|\n|-heal|p2a: Ting-Lu|59\/100 tox|[from] item: Leftovers\n|-damage|p2a: Ting-Lu|34\/100 tox|[from] psn\n|upkeep\n|turn|36\n|\n|t:|1700140225\n|switch|p2a: Skeledirge|Skeledirge, F|76\/100 tox\n|move|p1a: Scizor|Roost|p1a: Scizor\n|-heal|p1a: Scizor|100\/100\n|-singleturn|p1a: Scizor|move: Roost\n|\n|-damage|p2a: Skeledirge|70\/100 tox|[from] psn\n|upkeep\n|turn|37\n|\n|t:|1700140235\n|move|p1a: Scizor|U-turn|p2a: Skeledirge\n|-resisted|p2a: Skeledirge\n|-damage|p2a: Skeledirge|65\/100 tox\n|\n|t:|1700140239\n|switch|p1a: Blissey|Blissey, F|47\/100|[from] U-turn\n|move|p2a: Skeledirge|Torch Song|p1a: Blissey\n|-damage|p1a: Blissey|36\/100\n|-boost|p2a: Skeledirge|spa|1\n|\n|-damage|p2a: Skeledirge|53\/100 tox|[from] psn\n|upkeep\n|turn|38\n|\n|t:|1700140287\n|move|p2a: Skeledirge|Slack Off|p2a: Skeledirge\n|-heal|p2a: Skeledirge|100\/100 tox\n|move|p1a: Blissey|Soft-Boiled|p1a: Blissey\n|-heal|p1a: Blissey|86\/100\n|\n|-damage|p2a: Skeledirge|82\/100 tox|[from] psn\n|upkeep\n|turn|39\n|\n|t:|1700140302\n|move|p2a: Skeledirge|Will-O-Wisp|p1a: Blissey\n|-status|p1a: Blissey|brn\n|move|p1a: Blissey|Teleport|p1a: Blissey\n|\n|t:|1700140307\n|-curestatus|p1a: Blissey|brn|[from] ability: Natural Cure\n|switch|p1a: Gliscor|Gliscor, M|36\/100 tox|[from] Teleport\n|\n|-heal|p1a: Gliscor|48\/100 tox|[from] ability: Poison Heal\n|-damage|p2a: Skeledirge|58\/100 tox|[from] psn\n|upkeep\n|turn|40\n|\n|t:|1700140329\n|move|p1a: Gliscor|Roost|p1a: Gliscor\n|-heal|p1a: Gliscor|98\/100 tox\n|-singleturn|p1a: Gliscor|move: Roost\n|move|p2a: Skeledirge|Slack Off|p2a: Skeledirge\n|-heal|p2a: Skeledirge|100\/100 tox\n|\n|-heal|p1a: Gliscor|100\/100 tox|[from] ability: Poison Heal\n|-damage|p2a: Skeledirge|70\/100 tox|[from] psn\n|upkeep\n|turn|41\n|\n|t:|1700140339\n|move|p1a: Gliscor|Earthquake|p2a: Skeledirge\n|-supereffective|p2a: Skeledirge\n|-damage|p2a: Skeledirge|30\/100 tox\n|move|p2a: Skeledirge|Hex|p1a: Gliscor\n|-damage|p1a: Gliscor|37\/100 tox\n|\n|-heal|p1a: Gliscor|50\/100 tox|[from] ability: Poison Heal\n|-damage|p2a: Skeledirge|0 fnt|[from] psn\n|faint|p2a: Skeledirge\n|upkeep\n|\n|t:|1700140354\n|switch|p2a: Garchomp|Garchomp, F|20\/100 tox\n|-damage|p2a: Garchomp|14\/100 tox|[from] Stealth Rock\n|turn|42\n|\n|t:|1700140359\n|move|p2a: Garchomp|Dragon Claw|p1a: Gliscor\n|-damage|p1a: Gliscor|16\/100 tox\n|move|p1a: Gliscor|Roost|p1a: Gliscor\n|-heal|p1a: Gliscor|66\/100 tox\n|-singleturn|p1a: Gliscor|move: Roost\n|\n|-damage|p2a: Garchomp|8\/100 tox|[from] psn\n|-heal|p1a: Gliscor|79\/100 tox|[from] ability: Poison Heal\n|upkeep\n|turn|43\n|\n|t:|1700140370\n|move|p2a: Garchomp|Dragon Claw|p1a: Gliscor\n|-damage|p1a: Gliscor|46\/100 tox\n|move|p1a: Gliscor|Earthquake|p2a: Garchomp\n|-crit|p2a: Garchomp\n|-damage|p2a: Garchomp|0 fnt\n|faint|p2a: Garchomp\n|\n|-heal|p1a: Gliscor|59\/100 tox|[from] ability: Poison Heal\n|upkeep\n|\n|t:|1700140494\n|switch|p2a: Gengar|Gengar, F|100\/100\n|-damage|p2a: Gengar|88\/100|[from] Stealth Rock\n|turn|44\n|\n|t:|1700140510\n|switch|p1a: Scizor|Scizor-Mega, F|100\/100\n|move|p2a: Gengar|Shadow Ball|p1a: Scizor\n|-damage|p1a: Scizor|63\/100\n|\n|upkeep\n|turn|45\n|\n|t:|1700140521\n|switch|p2a: Ting-Lu|Ting-Lu|34\/100 tox\n|-damage|p2a: Ting-Lu|28\/100 tox|[from] Stealth Rock\n|-ability|p2a: Ting-Lu|Vessel of Ruin\n|switch|p1a: Blissey|Blissey, F|86\/100\n|\n|-heal|p2a: Ting-Lu|34\/100 tox|[from] item: Leftovers\n|-damage|p2a: Ting-Lu|28\/100 tox|[from] psn\n|upkeep\n|turn|46\n|\n|t:|1700140534\n|move|p1a: Blissey|Teleport|p1a: Blissey\n|\n|t:|1700140538\n|switch|p1a: Landorus|Landorus-Therian, M|19\/100|[from] Teleport\n|-ability|p1a: Landorus|Intimidate|boost\n|-unboost|p2a: Ting-Lu|atk|1\n|move|p2a: Ting-Lu|Whirlwind|p1a: Landorus\n|drag|p1a: Blissey|Blissey, F|86\/100\n|\n|-heal|p2a: Ting-Lu|34\/100 tox|[from] item: Leftovers\n|-damage|p2a: Ting-Lu|22\/100 tox|[from] psn\n|upkeep\n|turn|47\n|\n|t:|1700140548\n|move|p2a: Ting-Lu|Earthquake|p1a: Blissey\n|-damage|p1a: Blissey|63\/100\n|move|p1a: Blissey|Teleport|p1a: Blissey\n|\n|t:|1700140559\n|switch|p1a: Urshifu|Urshifu-Rapid-Strike, M|24\/100|[from] Teleport\n|\n|-heal|p2a: Ting-Lu|28\/100 tox|[from] item: Leftovers\n|-damage|p2a: Ting-Lu|9\/100 tox|[from] psn\n|upkeep\n|turn|48\n|\n|t:|1700140567\n|move|p1a: Urshifu|Surging Strikes|p2a: Ting-Lu\n|-supereffective|p2a: Ting-Lu\n|-crit|p2a: Ting-Lu\n|-damage|p2a: Ting-Lu|0 fnt\n|faint|p2a: Ting-Lu\n|-hitcount|p2: Ting-Lu|1\n|\n|upkeep\n|\n|t:|1700140572\n|switch|p2a: Gengar|Gengar, F|88\/100\n|-damage|p2a: Gengar|76\/100|[from] Stealth Rock\n|turn|49\n|\n|t:|1700140577\n|switch|p1a: Scizor|Scizor-Mega, F|63\/100\n|move|p2a: Gengar|Shadow Ball|p1a: Scizor\n|-damage|p1a: Scizor|26\/100\n|\n|upkeep\n|turn|50\n|\n|t:|1700140584\n|switch|p1a: Blissey|Blissey, F|63\/100\n|move|p2a: Gengar|Shadow Ball|p1a: Blissey\n|-immune|p1a: Blissey\n|\n|upkeep\n|turn|51\n|\n|t:|1700140592\n|-terastallize|p2a: Gengar|Ghost\n|move|p2a: Gengar|Shadow Ball|p1a: Blissey\n|-immune|p1a: Blissey\n|move|p1a: Blissey|Soft-Boiled|p1a: Blissey\n|-heal|p1a: Blissey|100\/100\n|\n|upkeep\n|turn|52\n|\n|t:|1700140600\n|move|p2a: Gengar|Shadow Ball|p1a: Blissey\n|-immune|p1a: Blissey\n|move|p1a: Blissey|Toxic|p2a: Gengar\n|-status|p2a: Gengar|tox\n|\n|-damage|p2a: Gengar|70\/100 tox|[from] psn\n|upkeep\n|turn|53\n|c|\u2606AesirEcho|foi mlk\n|c|\u2606AesirEcho|vc era imune a poison\n|\n|t:|1700140612\n|move|p2a: Gengar|Shadow Ball|p1a: Blissey\n|-immune|p1a: Blissey\n|move|p1a: Blissey|Seismic Toss|p2a: Gengar\n|-immune|p2a: Gengar\n|\n|-damage|p2a: Gengar|58\/100 tox|[from] psn\n|upkeep\n|turn|54\n|c|\u2606Bulka4000|eu n te dou dano\n|c|\u2606AesirEcho|eu sei\n|c|\u2606Bulka4000|s\u00f3 acelerei o processo\n|\n|t:|1700140634\n|move|p2a: Gengar|Shadow Ball|p1a: Blissey\n|-immune|p1a: Blissey\n|move|p1a: Blissey|Seismic Toss|p2a: Gengar\n|-immune|p2a: Gengar\n|\n|-damage|p2a: Gengar|39\/100 tox|[from] psn\n|upkeep\n|turn|55\n|\n|t:|1700140641\n|move|p2a: Gengar|Shadow Ball|p1a: Blissey\n|-immune|p1a: Blissey\n|move|p1a: Blissey|Seismic Toss|p2a: Gengar\n|-immune|p2a: Gengar\n|\n|-damage|p2a: Gengar|15\/100 tox|[from] psn\n|upkeep\n|turn|56\n|c|\u2606AesirEcho|gg\n|\n|t:|1700140648\n|move|p2a: Gengar|Shadow Ball|p1a: Blissey\n|-immune|p1a: Blissey\n|move|p1a: Blissey|Teleport|p1a: Blissey\n|\n|t:|1700140652\n|switch|p1a: Scizor|Scizor-Mega, F|26\/100|[from] Teleport\n|\n|-damage|p2a: Gengar|0 fnt|[from] psn\n|faint|p2a: Gengar\n|\n|win|AesirEcho\n|upkeep\n|c|\u2606AesirEcho|n tankou blissey\n|c|\u2606Bulka4000|lek ganhou no toxic\n|c|\u2606Bulka4000|q lixo\n|l|\u2606Bulka4000\n","uploadtime":1700140656,"views":4,"p1id":"aesirecho","p2id":"bulka4000","formatid":"gen9nationaldex","rating":0,"private":0,"password":""}