{"id":"gen9nationaldex-1988230797","p1":"guru000","p2":"The power of ROCK","format":"[Gen 9] National Dex","log":"|j|\u2606guru000\n|j|\u2606The power of ROCK\n|inactive|Battle timer is ON: inactive players will automatically lose when time's up.\n|t:|1699690140\n|gametype|singles\n|player|p1|guru000|2|\n|player|p2|The power of ROCK|roark|\n|teamsize|p1|6\n|teamsize|p2|6\n|gen|9\n|tier|[Gen 9] National Dex\n|rated|Tournament battle\n|rule|HP Percentage Mod: HP is shown in percentages\n|rule|Endless Battle Clause: Forcing endless battles is banned\n|rule|OHKO Clause: OHKO moves are banned\n|rule|Evasion Clause: Evasion abilities, items, and moves are banned\n|rule|Evasion Abilities Clause: Evasion abilities are banned\n|rule|Evasion Items Clause: Evasion items are banned\n|rule|Evasion Moves Clause: Evasion moves are banned\n|rule|Species Clause: Limit one of each Pok\u00e9mon\n|rule|Sleep Clause Mod: Limit one foe put to sleep\n|clearpoke\n|poke|p1|Banette, F|\n|poke|p1|Corviknight, M|\n|poke|p1|Hoopa-Unbound|\n|poke|p1|Urshifu-*, M|\n|poke|p1|Heatran, F|\n|poke|p1|Rotom-Wash|\n|poke|p2|Tyranitar, M|\n|poke|p2|Garganacl, M|\n|poke|p2|Aggron, M|\n|poke|p2|Cradily, M|\n|poke|p2|Glimmora, M|\n|poke|p2|Stakataka|\n|teampreview\n|c|\u2606The power of ROCK|Welcome to the ROCK gym\n|inactive|guru000 has 120 seconds left.\n|\n|t:|1699690191\n|start\n|switch|p1a: Rotom|Rotom-Wash|100\/100\n|switch|p2a: Garganacl|Garganacl, M|100\/100\n|turn|1\n|j| FlamingThunderG0d\n|\n|t:|1699690215\n|switch|p2a: Tyranitar|Tyranitar, M|100\/100\n|-weather|Sandstorm|[from] ability: Sand Stream|[of] p2a: Tyranitar\n|move|p1a: Rotom|Trick|p2a: Tyranitar\n|-activate|p1a: Rotom|move: Trick|[of] p2a: Tyranitar\n|-item|p2a: Tyranitar|Choice Scarf|[from] move: Trick\n|-item|p1a: Rotom|Assault Vest|[from] move: Trick\n|\n|-weather|Sandstorm|[upkeep]\n|-damage|p1a: Rotom|94\/100|[from] Sandstorm\n|upkeep\n|turn|2\n|l| FlamingThunderG0d\n|\n|t:|1699690234\n|move|p1a: Rotom|Hydro Pump|p2a: Tyranitar|[miss]\n|-miss|p1a: Rotom|p2a: Tyranitar\n|move|p2a: Tyranitar|Pursuit|p1a: Rotom\n|-damage|p1a: Rotom|71\/100\n|\n|-weather|Sandstorm|[upkeep]\n|-damage|p1a: Rotom|65\/100|[from] Sandstorm\n|upkeep\n|turn|3\n|c|\u2606The power of ROCK|run awwwwwwway\n|\n|t:|1699690244\n|move|p1a: Rotom|Hydro Pump|p2a: Tyranitar\n|-supereffective|p2a: Tyranitar\n|-damage|p2a: Tyranitar|58\/100\n|move|p2a: Tyranitar|Pursuit|p1a: Rotom\n|-damage|p1a: Rotom|42\/100\n|\n|-weather|Sandstorm|[upkeep]\n|-damage|p1a: Rotom|36\/100|[from] Sandstorm\n|upkeep\n|turn|4\n|j| programofuse\n|\n|t:|1699690252\n|switch|p2a: Cradily|Cradily, M|100\/100\n|move|p1a: Rotom|Foul Play|p2a: Cradily\n|-damage|p2a: Cradily|87\/100\n|\n|-weather|Sandstorm|[upkeep]\n|-damage|p1a: Rotom|30\/100|[from] Sandstorm\n|upkeep\n|turn|5\n|\n|t:|1699690259\n|switch|p1a: Heatran|Heatran, F|100\/100\n|move|p2a: Cradily|Leech Seed|p1a: Heatran\n|-start|p1a: Heatran|move: Leech Seed\n|\n|-weather|none\n|-damage|p1a: Heatran|88\/100|[from] Leech Seed|[of] p2a: Cradily\n|-heal|p2a: Cradily|98\/100|[silent]\n|upkeep\n|turn|6\n|\n|t:|1699690263\n|switch|p2a: Tyranitar|Tyranitar, M|58\/100\n|-weather|Sandstorm|[from] ability: Sand Stream|[of] p2a: Tyranitar\n|move|p1a: Heatran|Stealth Rock|p2a: Tyranitar\n|-sidestart|p2: The power of ROCK|move: Stealth Rock\n|\n|-weather|Sandstorm|[upkeep]\n|-damage|p1a: Heatran|76\/100|[from] Leech Seed|[of] p2a: Tyranitar\n|-heal|p2a: Tyranitar|68\/100|[silent]\n|upkeep\n|turn|7\n|\n|t:|1699690270\n|-activate|p1a: Heatran|move: Pursuit\n|move|p2a: Tyranitar|Pursuit|p1a: Heatran|[from]Pursuit\n|-damage|p1a: Heatran|37\/100\n|switch|p1a: Corviknight|Corviknight, M|100\/100\n|-ability|p1a: Corviknight|Pressure\n|\n|-weather|Sandstorm|[upkeep]\n|upkeep\n|turn|8\n|\n|t:|1699690277\n|switch|p2a: Glimmora|Glimmora, M|100\/100\n|-damage|p2a: Glimmora|88\/100|[from] Stealth Rock\n|move|p1a: Corviknight|Bulk Up|p1a: Corviknight\n|-boost|p1a: Corviknight|atk|1\n|-boost|p1a: Corviknight|def|1\n|\n|-weather|Sandstorm|[upkeep]\n|upkeep\n|turn|9\n|\n|t:|1699690290\n|move|p2a: Glimmora|Spikes|p1a: Corviknight\n|-sidestart|p1: guru000|Spikes\n|move|p1a: Corviknight|Bulk Up|p1a: Corviknight\n|-boost|p1a: Corviknight|atk|1\n|-boost|p1a: Corviknight|def|1\n|\n|-weather|Sandstorm|[upkeep]\n|upkeep\n|turn|10\n|\n|t:|1699690299\n|move|p2a: Glimmora|Spikes|p1a: Corviknight\n|-sidestart|p1: guru000|Spikes\n|move|p1a: Corviknight|Bulk Up|p1a: Corviknight\n|-boost|p1a: Corviknight|atk|1\n|-boost|p1a: Corviknight|def|1\n|\n|-weather|none\n|upkeep\n|turn|11\n|\n|t:|1699690310\n|move|p2a: Glimmora|Spikes|p1a: Corviknight\n|-sidestart|p1: guru000|Spikes\n|move|p1a: Corviknight|Bulk Up|p1a: Corviknight\n|-boost|p1a: Corviknight|atk|1\n|-boost|p1a: Corviknight|def|1\n|\n|upkeep\n|turn|12\n|\n|t:|1699690314\n|switch|p2a: Stakataka|Stakataka|100\/100\n|-damage|p2a: Stakataka|94\/100|[from] Stealth Rock\n|move|p1a: Corviknight|Power Trip|p2a: Stakataka\n|-damage|p2a: Stakataka|27\/100\n|\n|upkeep\n|turn|13\n|\n|t:|1699690318\n|move|p1a: Corviknight|Power Trip|p2a: Stakataka\n|-damage|p2a: Stakataka|0 fnt\n|faint|p2a: Stakataka\n|\n|upkeep\n|\n|t:|1699690326\n|switch|p2a: Aggron|Aggron, M|100\/100\n|-damage|p2a: Aggron|94\/100|[from] Stealth Rock\n|turn|14\n|\n|t:|1699690329\n|detailschange|p2a: Aggron|Aggron-Mega, M\n|-mega|p2a: Aggron|Aggron|Aggronite\n|move|p1a: Corviknight|Body Press|p2a: Aggron\n|-supereffective|p2a: Aggron\n|-damage|p2a: Aggron|59\/100\n|move|p2a: Aggron|Iron Defense|p2a: Aggron\n|-boost|p2a: Aggron|def|2\n|\n|upkeep\n|turn|15\n|\n|t:|1699690340\n|move|p1a: Corviknight|Bulk Up|p1a: Corviknight\n|-boost|p1a: Corviknight|atk|1\n|-boost|p1a: Corviknight|def|1\n|move|p2a: Aggron|Rest|p2a: Aggron\n|-status|p2a: Aggron|slp|[from] move: Rest\n|-heal|p2a: Aggron|100\/100 slp|[silent]\n|\n|upkeep\n|turn|16\n|\n|t:|1699690343\n|move|p1a: Corviknight|Bulk Up|p1a: Corviknight\n|-boost|p1a: Corviknight|atk|1\n|-boost|p1a: Corviknight|def|1\n|cant|p2a: Aggron|slp\n|move|p2a: Aggron|Sleep Talk|p2a: Aggron\n|move|p2a: Aggron|Body Press|p1a: Corviknight|[from]move: Sleep Talk\n|-damage|p1a: Corviknight|80\/100\n|\n|-heal|p1a: Corviknight|86\/100|[from] item: Leftovers\n|upkeep\n|turn|17\n|\n|t:|1699690349\n|move|p1a: Corviknight|Body Press|p2a: Aggron\n|-supereffective|p2a: Aggron\n|-damage|p2a: Aggron|78\/100 slp\n|cant|p2a: Aggron|slp\n|move|p2a: Aggron|Sleep Talk|p2a: Aggron\n|move|p2a: Aggron|Body Press|p1a: Corviknight|[from]move: Sleep Talk\n|-damage|p1a: Corviknight|65\/100\n|\n|-heal|p1a: Corviknight|72\/100|[from] item: Leftovers\n|upkeep\n|turn|18\n|\n|t:|1699690353\n|move|p1a: Corviknight|Power Trip|p2a: Aggron\n|-damage|p2a: Aggron|35\/100 slp\n|-curestatus|p2a: Aggron|slp|[msg]\n|move|p2a: Aggron|Iron Defense|p2a: Aggron\n|-boost|p2a: Aggron|def|2\n|\n|-heal|p1a: Corviknight|78\/100|[from] item: Leftovers\n|upkeep\n|turn|19\n|\n|t:|1699690357\n|move|p1a: Corviknight|Power Trip|p2a: Aggron\n|-damage|p2a: Aggron|10\/100\n|move|p2a: Aggron|Rest|p2a: Aggron\n|-status|p2a: Aggron|slp|[from] move: Rest\n|-heal|p2a: Aggron|100\/100 slp|[silent]\n|\n|-heal|p1a: Corviknight|84\/100|[from] item: Leftovers\n|upkeep\n|turn|20\n|\n|t:|1699690361\n|move|p1a: Corviknight|Power Trip|p2a: Aggron\n|-damage|p2a: Aggron|75\/100 slp\n|cant|p2a: Aggron|slp\n|move|p2a: Aggron|Sleep Talk|p2a: Aggron\n|move|p2a: Aggron|Body Press|p1a: Corviknight|[from]move: Sleep Talk\n|-damage|p1a: Corviknight|53\/100\n|\n|-heal|p1a: Corviknight|60\/100|[from] item: Leftovers\n|upkeep\n|turn|21\n|\n|t:|1699690364\n|move|p1a: Corviknight|Power Trip|p2a: Aggron\n|-damage|p2a: Aggron|50\/100 slp\n|cant|p2a: Aggron|slp\n|move|p2a: Aggron|Sleep Talk|p2a: Aggron\n|move|p2a: Aggron|Rest||[from]move: Sleep Talk|[still]\n|-fail|p2a: Aggron\n|\n|-heal|p1a: Corviknight|66\/100|[from] item: Leftovers\n|upkeep\n|turn|22\n|\n|t:|1699690372\n|move|p1a: Corviknight|Body Press|p2a: Aggron\n|-supereffective|p2a: Aggron\n|-damage|p2a: Aggron|36\/100 slp\n|-curestatus|p2a: Aggron|slp|[msg]\n|move|p2a: Aggron|Iron Defense|p2a: Aggron\n|-boost|p2a: Aggron|def|2\n|\n|-heal|p1a: Corviknight|72\/100|[from] item: Leftovers\n|upkeep\n|turn|23\n|\n|t:|1699690378\n|move|p1a: Corviknight|Body Press|p2a: Aggron\n|-supereffective|p2a: Aggron\n|-damage|p2a: Aggron|26\/100\n|move|p2a: Aggron|Rest|p2a: Aggron\n|-status|p2a: Aggron|slp|[from] move: Rest\n|-heal|p2a: Aggron|100\/100 slp|[silent]\n|\n|-heal|p1a: Corviknight|78\/100|[from] item: Leftovers\n|upkeep\n|turn|24\n|\n|t:|1699690384\n|move|p1a: Corviknight|Bulk Up|p1a: Corviknight\n|-boost|p1a: Corviknight|atk|0\n|-boost|p1a: Corviknight|def|0\n|cant|p2a: Aggron|slp\n|move|p2a: Aggron|Sleep Talk|p2a: Aggron\n|move|p2a: Aggron|Body Press|p1a: Corviknight|[from]move: Sleep Talk\n|-damage|p1a: Corviknight|40\/100\n|\n|-heal|p1a: Corviknight|46\/100|[from] item: Leftovers\n|upkeep\n|turn|25\n|j| FlamingThunderG0d\n|j| thebestever543\n|c|\u2606The power of ROCK|https:\/\/www.youtube.com\/watch?v=ltjBT_TuUVA\n|c|\u2606The power of ROCK|^\n|inactive|The power of ROCK has 120 seconds left.\n|\n|t:|1699690419\n|move|p1a: Corviknight|Roost|p1a: Corviknight\n|-heal|p1a: Corviknight|96\/100\n|-singleturn|p1a: Corviknight|move: Roost\n|cant|p2a: Aggron|slp\n|move|p2a: Aggron|Sleep Talk|p2a: Aggron\n|move|p2a: Aggron|Rest||[from]move: Sleep Talk|[still]\n|-fail|p2a: Aggron\n|\n|-heal|p1a: Corviknight|100\/100|[from] item: Leftovers\n|upkeep\n|turn|26\n|\n|t:|1699690425\n|move|p1a: Corviknight|Power Trip|p2a: Aggron\n|-damage|p2a: Aggron|81\/100 slp\n|-curestatus|p2a: Aggron|slp|[msg]\n|move|p2a: Aggron|Body Press|p1a: Corviknight\n|-damage|p1a: Corviknight|64\/100\n|\n|-heal|p1a: Corviknight|70\/100|[from] item: Leftovers\n|upkeep\n|turn|27\n|\n|t:|1699690435\n|-terastallize|p1a: Corviknight|Flying\n|move|p1a: Corviknight|Power Trip|p2a: Aggron\n|-damage|p2a: Aggron|61\/100\n|move|p2a: Aggron|Body Press|p1a: Corviknight\n|-resisted|p1a: Corviknight\n|-damage|p1a: Corviknight|52\/100\n|\n|-heal|p1a: Corviknight|58\/100|[from] item: Leftovers\n|upkeep\n|turn|28\n|c|\u2606guru000|rip\n|inactive|The power of ROCK has 120 seconds left.\n|\n|t:|1699690464\n|move|p1a: Corviknight|Body Press|p2a: Aggron\n|-supereffective|p2a: Aggron\n|-damage|p2a: Aggron|50\/100\n|move|p2a: Aggron|Iron Defense|p2a: Aggron\n|-boost|p2a: Aggron|def|0\n|\n|-heal|p1a: Corviknight|64\/100|[from] item: Leftovers\n|upkeep\n|turn|29\n|\n|t:|1699690471\n|move|p1a: Corviknight|Bulk Up|p1a: Corviknight\n|-boost|p1a: Corviknight|atk|0\n|-boost|p1a: Corviknight|def|0\n|move|p2a: Aggron|Body Press|p1a: Corviknight\n|-resisted|p1a: Corviknight\n|-damage|p1a: Corviknight|44\/100\n|\n|-heal|p1a: Corviknight|50\/100|[from] item: Leftovers\n|upkeep\n|turn|30\n|\n|t:|1699690484\n|move|p1a: Corviknight|Roost|p1a: Corviknight\n|-heal|p1a: Corviknight|99\/100\n|-hint|If a Flying Terastallized Pokemon uses Roost, it remains Flying-type.\n|move|p2a: Aggron|Rest|p2a: Aggron\n|-status|p2a: Aggron|slp|[from] move: Rest\n|-heal|p2a: Aggron|100\/100 slp|[silent]\n|\n|-heal|p1a: Corviknight|100\/100|[from] item: Leftovers\n|upkeep\n|turn|31\n|\n|t:|1699690490\n|move|p1a: Corviknight|Bulk Up|p1a: Corviknight\n|-boost|p1a: Corviknight|atk|0\n|-boost|p1a: Corviknight|def|0\n|cant|p2a: Aggron|slp\n|\n|upkeep\n|turn|32\n|\n|t:|1699690506\n|move|p1a: Corviknight|Bulk Up|p1a: Corviknight\n|-boost|p1a: Corviknight|atk|0\n|-boost|p1a: Corviknight|def|0\n|cant|p2a: Aggron|slp\n|move|p2a: Aggron|Sleep Talk|p2a: Aggron\n|move|p2a: Aggron|Rest||[from]move: Sleep Talk|[still]\n|-fail|p2a: Aggron\n|\n|upkeep\n|turn|33\n|c| programofuse|pp move pool battle\n|inactive|The power of ROCK has 120 seconds left.\n|\n|t:|1699690528\n|move|p1a: Corviknight|Bulk Up|p1a: Corviknight\n|-boost|p1a: Corviknight|atk|0\n|-boost|p1a: Corviknight|def|0\n|-curestatus|p2a: Aggron|slp|[msg]\n|move|p2a: Aggron|Iron Defense|p2a: Aggron\n|-boost|p2a: Aggron|def|0\n|\n|upkeep\n|turn|34\n|\n|t:|1699690538\n|move|p1a: Corviknight|Bulk Up|p1a: Corviknight\n|-boost|p1a: Corviknight|atk|0\n|-boost|p1a: Corviknight|def|0\n|move|p2a: Aggron|Iron Defense|p2a: Aggron\n|-boost|p2a: Aggron|def|0\n|\n|upkeep\n|turn|35\n|\n|t:|1699690546\n|move|p1a: Corviknight|Bulk Up|p1a: Corviknight\n|-boost|p1a: Corviknight|atk|0\n|-boost|p1a: Corviknight|def|0\n|move|p2a: Aggron|Iron Defense|p2a: Aggron\n|-boost|p2a: Aggron|def|0\n|\n|upkeep\n|turn|36\n|\n|t:|1699690548\n|move|p1a: Corviknight|Bulk Up|p1a: Corviknight\n|-boost|p1a: Corviknight|atk|0\n|-boost|p1a: Corviknight|def|0\n|move|p2a: Aggron|Iron Defense|p2a: Aggron\n|-boost|p2a: Aggron|def|0\n|\n|upkeep\n|turn|37\n|c| thebestever543|Damn\n|\n|t:|1699690553\n|move|p1a: Corviknight|Bulk Up|p1a: Corviknight\n|-boost|p1a: Corviknight|atk|0\n|-boost|p1a: Corviknight|def|0\n|move|p2a: Aggron|Iron Defense|p2a: Aggron\n|-boost|p2a: Aggron|def|0\n|\n|upkeep\n|turn|38\n|c| thebestever543|its joever\n|\n|t:|1699690556\n|move|p1a: Corviknight|Bulk Up|p1a: Corviknight\n|-boost|p1a: Corviknight|atk|0\n|-boost|p1a: Corviknight|def|0\n|move|p2a: Aggron|Iron Defense|p2a: Aggron\n|-boost|p2a: Aggron|def|0\n|\n|upkeep\n|turn|39\n|\n|t:|1699690563\n|move|p1a: Corviknight|Bulk Up|p1a: Corviknight\n|-boost|p1a: Corviknight|atk|0\n|-boost|p1a: Corviknight|def|0\n|move|p2a: Aggron|Iron Defense|p2a: Aggron\n|-boost|p2a: Aggron|def|0\n|\n|upkeep\n|turn|40\n|c| thebestever543|U can crit maybr\n|\n|t:|1699690568\n|move|p1a: Corviknight|Bulk Up|p1a: Corviknight\n|-boost|p1a: Corviknight|atk|0\n|-boost|p1a: Corviknight|def|0\n|move|p2a: Aggron|Iron Defense|p2a: Aggron\n|-boost|p2a: Aggron|def|0\n|\n|upkeep\n|turn|41\n|\n|t:|1699690575\n|move|p1a: Corviknight|Bulk Up|p1a: Corviknight\n|-boost|p1a: Corviknight|atk|0\n|-boost|p1a: Corviknight|def|0\n|move|p2a: Aggron|Iron Defense|p2a: Aggron\n|-boost|p2a: Aggron|def|0\n|\n|upkeep\n|turn|42\n|\n|t:|1699690578\n|move|p1a: Corviknight|Bulk Up|p1a: Corviknight\n|-boost|p1a: Corviknight|atk|0\n|-boost|p1a: Corviknight|def|0\n|move|p2a: Aggron|Iron Defense|p2a: Aggron\n|-boost|p2a: Aggron|def|0\n|\n|upkeep\n|turn|43\n|\n|t:|1699690584\n|move|p1a: Corviknight|Bulk Up|p1a: Corviknight\n|-boost|p1a: Corviknight|atk|0\n|-boost|p1a: Corviknight|def|0\n|move|p2a: Aggron|Iron Defense|p2a: Aggron\n|-boost|p2a: Aggron|def|0\n|\n|upkeep\n|turn|44\n|c| thebestever543|U literally have to go for a crit\n|c| thebestever543|you don\u2019t pp stall this\n|c|\u2606guru000|why pressure not affecting it\n|\n|t:|1699690609\n|move|p1a: Corviknight|Bulk Up|p1a: Corviknight\n|-boost|p1a: Corviknight|atk|0\n|-boost|p1a: Corviknight|def|0\n|move|p2a: Aggron|Iron Defense|p2a: Aggron\n|-boost|p2a: Aggron|def|0\n|\n|upkeep\n|turn|45\n|\n|t:|1699690612\n|move|p1a: Corviknight|Bulk Up|p1a: Corviknight\n|-boost|p1a: Corviknight|atk|0\n|-boost|p1a: Corviknight|def|0\n|move|p2a: Aggron|Iron Defense|p2a: Aggron\n|-boost|p2a: Aggron|def|0\n|\n|upkeep\n|turn|46\n|c| thebestever543|Because he\u2019s not targeting you\n|\n|t:|1699690624\n|move|p1a: Corviknight|Bulk Up|p1a: Corviknight\n|-boost|p1a: Corviknight|atk|0\n|-boost|p1a: Corviknight|def|0\n|move|p2a: Aggron|Iron Defense|p2a: Aggron\n|-boost|p2a: Aggron|def|0\n|\n|upkeep\n|turn|47\n|c| thebestever543|Only moves that target the pressure holder are effected\n|c| thebestever543|like toxic\n|c| thebestever543|etc\n|c|\u2606guru000|ohh\n|\n|t:|1699690669\n|switch|p1a: Banette|Banette, F|100\/100\n|-damage|p1a: Banette|75\/100|[from] Spikes\n|-item|p2a: Aggron|Aggronite|[from] ability: Frisk|[of] p1a: Banette|[identify]\n|move|p2a: Aggron|Sleep Talk||[still]\n|-fail|p2a: Aggron\n|\n|upkeep\n|turn|48\n|\n|t:|1699690677\n|switch|p2a: Glimmora|Glimmora, M|88\/100\n|-damage|p2a: Glimmora|76\/100|[from] Stealth Rock\n|detailschange|p1a: Banette|Banette-Mega, F\n|-mega|p1a: Banette|Banette|Banettite\n|move|p1a: Banette|Destiny Bond|p1a: Banette\n|-singlemove|p1a: Banette|Destiny Bond\n|\n|upkeep\n|turn|49\n|\n|t:|1699690684\n|move|p2a: Glimmora|Mortal Spin|p1a: Banette\n|-resisted|p1a: Banette\n|-damage|p1a: Banette|72\/100\n|-status|p1a: Banette|psn\n|-sideend|p2: The power of ROCK|Stealth Rock|[from] move: Mortal Spin|[of] p2a: Glimmora\n|move|p1a: Banette|Knock Off|p2a: Glimmora\n|-damage|p2a: Glimmora|26\/100\n|-activate|p2a: Glimmora|ability: Toxic Debris\n|-sidestart|p1: guru000|move: Toxic Spikes\n|-enditem|p2a: Glimmora|Choice Scarf|[from] move: Knock Off|[of] p1a: Banette\n|\n|-damage|p1a: Banette|60\/100 psn|[from] psn\n|upkeep\n|turn|50\n|c| thebestever543|Why did you switch\u2026\n|\n|t:|1699690692\n|switch|p2a: Aggron|Aggron-Mega, M|100\/100\n|move|p1a: Banette|Shadow Sneak|p2a: Aggron\n|-damage|p2a: Aggron|91\/100\n|\n|-damage|p1a: Banette|47\/100 psn|[from] psn\n|upkeep\n|turn|51\n|c| thebestever543|dawg corv won haha\n|\n|t:|1699690703\n|switch|p1a: Heatran|Heatran, F|37\/100\n|-damage|p1a: Heatran|13\/100|[from] Spikes\n|switch|p2a: Tyranitar|Tyranitar, M|68\/100\n|-weather|Sandstorm|[from] ability: Sand Stream|[of] p2a: Tyranitar\n|\n|-weather|Sandstorm|[upkeep]\n|upkeep\n|turn|52\n|\n|t:|1699690710\n|move|p1a: Heatran|Earth Power|p2a: Tyranitar\n|-supereffective|p2a: Tyranitar\n|-damage|p2a: Tyranitar|43\/100\n|move|p2a: Tyranitar|Pursuit|p1a: Heatran\n|-damage|p1a: Heatran|0 fnt\n|faint|p1a: Heatran\n|\n|-weather|Sandstorm|[upkeep]\n|upkeep\n|\n|t:|1699690717\n|switch|p1a: Banette|Banette-Mega, F|47\/100 psn\n|-damage|p1a: Banette|22\/100 psn|[from] Spikes\n|turn|53\n|\n|t:|1699690722\n|switch|p2a: Aggron|Aggron-Mega, M|91\/100\n|move|p1a: Banette|Knock Off|p2a: Aggron\n|-damage|p2a: Aggron|79\/100\n|\n|-weather|Sandstorm|[upkeep]\n|-damage|p1a: Banette|16\/100 psn|[from] Sandstorm\n|-damage|p1a: Banette|4\/100 psn|[from] psn\n|upkeep\n|turn|54\n|\n|t:|1699690726\n|move|p1a: Banette|Destiny Bond|p1a: Banette\n|-singlemove|p1a: Banette|Destiny Bond\n|move|p2a: Aggron|Iron Defense|p2a: Aggron\n|-boost|p2a: Aggron|def|2\n|\n|-weather|Sandstorm|[upkeep]\n|-damage|p1a: Banette|0 fnt|[from] Sandstorm\n|faint|p1a: Banette\n|upkeep\n|\n|t:|1699690730\n|switch|p1a: Hoopa|Hoopa-Unbound|100\/100\n|-damage|p1a: Hoopa|76\/100|[from] Spikes\n|-status|p1a: Hoopa|psn\n|turn|55\n|l| thebestever543\n|\n|t:|1699690740\n|switch|p2a: Glimmora|Glimmora, M|26\/100\n|move|p1a: Hoopa|Trick|p2a: Glimmora\n|-activate|p1a: Hoopa|move: Trick|[of] p2a: Glimmora\n|-item|p2a: Glimmora|Choice Scarf|[from] move: Trick\n|-enditem|p1a: Hoopa|Choice Scarf|[silent]|[from] move: Trick\n|\n|-weather|none\n|-damage|p1a: Hoopa|63\/100 psn|[from] psn\n|upkeep\n|turn|56\n|c|\u2606The power of ROCK|poggers\n|\n|t:|1699690749\n|move|p2a: Glimmora|Sludge Wave|p1a: Hoopa\n|-damage|p1a: Hoopa|19\/100 psn\n|move|p1a: Hoopa|Trick|p2a: Glimmora\n|-activate|p1a: Hoopa|move: Trick|[of] p2a: Glimmora\n|-enditem|p2a: Glimmora|Choice Scarf|[silent]|[from] move: Trick\n|-item|p1a: Hoopa|Choice Scarf|[from] move: Trick\n|\n|-damage|p1a: Hoopa|7\/100 psn|[from] psn\n|upkeep\n|turn|57\n|c|\u2606The power of ROCK|unpoggers\n|inactive|The power of ROCK has 120 seconds left.\n|c|\u2606guru000|fast\n|j| Nish the Great\n|l| Nish the Great\n|c|\u2606guru000|gg\n|c| FlamingThunderG0d|mono rock lacking a sp.attacker is a cheap rock\n|inactive|The power of ROCK has 90 seconds left.\n|-message|guru000 forfeited.\n|\n|win|The power of ROCK\n|n|\u2606guru000|guru000\n|n|\u2606The power of ROCK|thepowerofrock\n|n| programofuse|programofuse\n|n| FlamingThunderG0d|flamingthunderg0d\n|l|\u2606guru000\n|c|\u2606The power of ROCK|gg\n","uploadtime":1699690821,"views":4,"p1id":"guru000","p2id":"thepowerofrock","formatid":"gen9nationaldex","rating":0,"private":0,"password":""}