{"id":"gen9nationaldex-1993727369","p1":"Gamer00ooO","p2":"Dios Typhlosion","format":"[Gen 9] National Dex","log":"|j|\u2606Gamer00ooO\n|j|\u2606Dios Typhlosion\n|t:|1700350119\n|gametype|singles\n|player|p1|Gamer00ooO|hilbert|\n|player|p2|Dios Typhlosion|cheryl|\n|teamsize|p1|6\n|teamsize|p2|6\n|gen|9\n|tier|[Gen 9] National Dex\n|rule|HP Percentage Mod: HP is shown in percentages\n|rule|Endless Battle Clause: Forcing endless battles is banned\n|rule|OHKO Clause: OHKO moves are banned\n|rule|Evasion Clause: Evasion abilities, items, and moves are banned\n|rule|Evasion Abilities Clause: Evasion abilities are banned\n|rule|Evasion Items Clause: Evasion items are banned\n|rule|Evasion Moves Clause: Evasion moves are banned\n|rule|Species Clause: Limit one of each Pok\u00e9mon\n|rule|Sleep Clause Mod: Limit one foe put to sleep\n|clearpoke\n|poke|p1|Iron Valiant|\n|poke|p1|Weezing-Galar, M|\n|poke|p1|Diancie|\n|poke|p1|Gliscor, M|\n|poke|p1|Gardevoir, M|\n|poke|p1|Klefki, M|\n|poke|p2|Gyarados, F|\n|poke|p2|Volcarona, M|\n|poke|p2|Chansey, F|\n|poke|p2|Corviknight, M|\n|poke|p2|Iron Valiant|\n|poke|p2|Garganacl, F|\n|teampreview\n|\n|t:|1700350129\n|start\n|switch|p1a: Llaveros|Klefki, M|100\/100\n|switch|p2a: Garganacl|Garganacl, F, shiny|100\/100\n|turn|1\n|\n|t:|1700350138\n|move|p1a: Llaveros|Reflect|p1a: Llaveros\n|-sidestart|p1: Gamer00ooO|Reflect\n|move|p2a: Garganacl|Curse|p2a: Garganacl\n|-unboost|p2a: Garganacl|spe|1\n|-boost|p2a: Garganacl|atk|1\n|-boost|p2a: Garganacl|def|1\n|\n|upkeep\n|turn|2\n|\n|t:|1700350142\n|move|p1a: Llaveros|Light Screen|p1a: Llaveros\n|-sidestart|p1: Gamer00ooO|move: Light Screen\n|move|p2a: Garganacl|Salt Cure|p1a: Llaveros\n|-resisted|p1a: Llaveros\n|-damage|p1a: Llaveros|96\/100\n|-start|p1a: Llaveros|Salt Cure\n|\n|-damage|p1a: Llaveros|71\/100|[from] Salt Cure\n|upkeep\n|turn|3\n|\n|t:|1700350158\n|switch|p1a: Eco Eco|Gardevoir, M|100\/100\n|-ability|p1a: Eco Eco|Purifying Salt|[from] ability: Trace|[of] p2a: Garganacl\n|move|p2a: Garganacl|Curse|p2a: Garganacl\n|-unboost|p2a: Garganacl|spe|1\n|-boost|p2a: Garganacl|atk|1\n|-boost|p2a: Garganacl|def|1\n|\n|upkeep\n|turn|4\n|\n|t:|1700350166\n|detailschange|p1a: Eco Eco|Gardevoir-Mega, M\n|-mega|p1a: Eco Eco|Gardevoir|Gardevoirite\n|move|p1a: Eco Eco|Aura Sphere|p2a: Garganacl\n|-supereffective|p2a: Garganacl\n|-damage|p2a: Garganacl|46\/100\n|move|p2a: Garganacl|Salt Cure|p1a: Eco Eco\n|-damage|p1a: Eco Eco|82\/100\n|-start|p1a: Eco Eco|Salt Cure\n|\n|-heal|p2a: Garganacl|52\/100|[from] item: Leftovers\n|-damage|p1a: Eco Eco|69\/100|[from] Salt Cure\n|upkeep\n|turn|5\n|\n|t:|1700350182\n|-terastallize|p2a: Garganacl|Fairy\n|move|p1a: Eco Eco|Aura Sphere|p2a: Garganacl\n|-resisted|p2a: Garganacl\n|-damage|p2a: Garganacl|40\/100\n|move|p2a: Garganacl|Recover|p2a: Garganacl\n|-heal|p2a: Garganacl|90\/100\n|\n|-heal|p2a: Garganacl|96\/100|[from] item: Leftovers\n|-damage|p1a: Eco Eco|57\/100|[from] Salt Cure\n|upkeep\n|turn|6\n|\n|t:|1700350210\n|switch|p1a: Sr de carb\u00f3n|Weezing-Galar, M|100\/100\n|-fieldstart|move: Misty Terrain|[from] ability: Misty Surge|[of] p1a: Sr de carb\u00f3n\n|move|p2a: Garganacl|Earthquake|p1a: Sr de carb\u00f3n\n|-supereffective|p1a: Sr de carb\u00f3n\n|-damage|p1a: Sr de carb\u00f3n|63\/100\n|\n|-heal|p2a: Garganacl|100\/100|[from] item: Leftovers\n|upkeep\n|turn|7\n|c|\u2606Gamer00ooO|Hi\n|\n|t:|1700350241\n|move|p1a: Sr de carb\u00f3n|Clear Smog|p2a: Garganacl\n|-supereffective|p2a: Garganacl\n|-damage|p2a: Garganacl|73\/100\n|-clearboost|p2a: Garganacl\n|move|p2a: Garganacl|Salt Cure|p1a: Sr de carb\u00f3n\n|-damage|p1a: Sr de carb\u00f3n|56\/100\n|-start|p1a: Sr de carb\u00f3n|Salt Cure\n|\n|-heal|p2a: Garganacl|79\/100|[from] item: Leftovers\n|-damage|p1a: Sr de carb\u00f3n|44\/100|[from] Salt Cure\n|upkeep\n|turn|8\n|\n|t:|1700350257\n|switch|p1a: Scorp corp|Gliscor, M|100\/100\n|move|p2a: Garganacl|Curse|p2a: Garganacl\n|-unboost|p2a: Garganacl|spe|1\n|-boost|p2a: Garganacl|atk|1\n|-boost|p2a: Garganacl|def|1\n|\n|-heal|p2a: Garganacl|86\/100|[from] item: Leftovers\n|-sideend|p1: Gamer00ooO|Reflect\n|-status|p1a: Scorp corp|tox|[from] item: Toxic Orb\n|upkeep\n|turn|9\n|c|\u2606Dios Typhlosion|Buen set xd\n|\n|t:|1700350268\n|move|p1a: Scorp corp|Facade|p2a: Garganacl\n|-damage|p2a: Garganacl|72\/100\n|move|p2a: Garganacl|Salt Cure|p1a: Scorp corp\n|-damage|p1a: Scorp corp|81\/100 tox\n|-start|p1a: Scorp corp|Salt Cure\n|\n|-heal|p2a: Garganacl|78\/100|[from] item: Leftovers\n|-heal|p1a: Scorp corp|93\/100 tox|[from] ability: Poison Heal\n|-damage|p1a: Scorp corp|81\/100 tox|[from] Salt Cure\n|-sideend|p1: Gamer00ooO|move: Light Screen\n|upkeep\n|turn|10\n|\n|t:|1700350279\n|switch|p1a: Sr de carb\u00f3n|Weezing-Galar, M|44\/100\n|move|p2a: Garganacl|Curse|p2a: Garganacl\n|-unboost|p2a: Garganacl|spe|1\n|-boost|p2a: Garganacl|atk|1\n|-boost|p2a: Garganacl|def|1\n|\n|-heal|p2a: Garganacl|85\/100|[from] item: Leftovers\n|-fieldend|Misty Terrain\n|upkeep\n|turn|11\n|\n|t:|1700350286\n|move|p1a: Sr de carb\u00f3n|Clear Smog|p2a: Garganacl\n|-supereffective|p2a: Garganacl\n|-crit|p2a: Garganacl\n|-damage|p2a: Garganacl|38\/100\n|-clearboost|p2a: Garganacl\n|move|p2a: Garganacl|Salt Cure|p1a: Sr de carb\u00f3n\n|-damage|p1a: Sr de carb\u00f3n|32\/100\n|-start|p1a: Sr de carb\u00f3n|Salt Cure\n|\n|-heal|p2a: Garganacl|44\/100|[from] item: Leftovers\n|-damage|p1a: Sr de carb\u00f3n|20\/100|[from] Salt Cure\n|upkeep\n|turn|12\n|\n|t:|1700350295\n|move|p1a: Sr de carb\u00f3n|Clear Smog|p2a: Garganacl\n|-supereffective|p2a: Garganacl\n|-damage|p2a: Garganacl|18\/100\n|-clearboost|p2a: Garganacl\n|move|p2a: Garganacl|Recover|p2a: Garganacl\n|-heal|p2a: Garganacl|68\/100\n|\n|-heal|p2a: Garganacl|74\/100|[from] item: Leftovers\n|-damage|p1a: Sr de carb\u00f3n|8\/100|[from] Salt Cure\n|upkeep\n|turn|13\n|\n|t:|1700350304\n|move|p1a: Sr de carb\u00f3n|Clear Smog|p2a: Garganacl\n|-supereffective|p2a: Garganacl\n|-damage|p2a: Garganacl|44\/100\n|-clearboost|p2a: Garganacl\n|move|p2a: Garganacl|Salt Cure|p1a: Sr de carb\u00f3n\n|-damage|p1a: Sr de carb\u00f3n|0 fnt\n|faint|p1a: Sr de carb\u00f3n\n|\n|-heal|p2a: Garganacl|50\/100|[from] item: Leftovers\n|upkeep\n|c|\u2606Dios Typhlosion|Hola?\n|\n|t:|1700350377\n|switch|p1a: Patriota de hierro|Iron Valiant|100\/100\n|turn|14\n|c|\u2606Gamer00ooO|Hola\n|\n|t:|1700350404\n|move|p1a: Patriota de hierro|Shadow Ball|p2a: Garganacl\n|-damage|p2a: Garganacl|38\/100\n|move|p2a: Garganacl|Recover|p2a: Garganacl\n|-heal|p2a: Garganacl|88\/100\n|\n|-heal|p2a: Garganacl|94\/100|[from] item: Leftovers\n|upkeep\n|turn|15\n|\n|t:|1700350418\n|move|p1a: Patriota de hierro|Thunderbolt|p2a: Garganacl\n|-damage|p2a: Garganacl|67\/100\n|move|p2a: Garganacl|Salt Cure|p1a: Patriota de hierro\n|-resisted|p1a: Patriota de hierro\n|-damage|p1a: Patriota de hierro|92\/100\n|-start|p1a: Patriota de hierro|Salt Cure\n|\n|-heal|p2a: Garganacl|74\/100|[from] item: Leftovers\n|-damage|p1a: Patriota de hierro|80\/100|[from] Salt Cure\n|upkeep\n|turn|16\n|\n|t:|1700350432\n|-end|p1a: Patriota de hierro|Quark Drive|[silent]\n|switch|p1a: Eco Eco|Gardevoir-Mega, M|57\/100\n|move|p2a: Garganacl|Curse|p2a: Garganacl\n|-unboost|p2a: Garganacl|spe|1\n|-boost|p2a: Garganacl|atk|1\n|-boost|p2a: Garganacl|def|1\n|\n|-heal|p2a: Garganacl|80\/100|[from] item: Leftovers\n|upkeep\n|turn|17\n|\n|t:|1700350459\n|switch|p2a: Tu Mam\u00e1|Chansey, F|100\/100\n|move|p1a: Eco Eco|Hyper Voice|p2a: Tu Mam\u00e1\n|-damage|p2a: Tu Mam\u00e1|84\/100\n|\n|upkeep\n|turn|18\n|\n|t:|1700350466\n|move|p1a: Eco Eco|Psyshock|p2a: Tu Mam\u00e1\n|-damage|p2a: Tu Mam\u00e1|57\/100\n|move|p2a: Tu Mam\u00e1|Seismic Toss|p1a: Eco Eco\n|-damage|p1a: Eco Eco|21\/100\n|\n|upkeep\n|turn|19\n|\n|t:|1700350480\n|move|p1a: Eco Eco|Psyshock|p2a: Tu Mam\u00e1\n|-damage|p2a: Tu Mam\u00e1|28\/100\n|move|p2a: Tu Mam\u00e1|Seismic Toss|p1a: Eco Eco\n|-damage|p1a: Eco Eco|0 fnt\n|faint|p1a: Eco Eco\n|\n|upkeep\n|\n|t:|1700350486\n|switch|p1a: Patriota de hierro|Iron Valiant|80\/100\n|turn|20\n|\n|t:|1700350491\n|-end|p1a: Patriota de hierro|Quark Drive|[silent]\n|switch|p1a: Scorp corp|Gliscor, M|81\/100 tox\n|move|p2a: Tu Mam\u00e1|Wish|p2a: Tu Mam\u00e1\n|\n|-heal|p1a: Scorp corp|93\/100 tox|[from] ability: Poison Heal\n|upkeep\n|turn|21\n|\n|t:|1700350498\n|switch|p2a: Garganacl|Garganacl, F, shiny, tera:Fairy|80\/100\n|move|p1a: Scorp corp|Swords Dance|p1a: Scorp corp\n|-boost|p1a: Scorp corp|atk|2\n|\n|-heal|p2a: Garganacl|100\/100|[from] move: Wish|[wisher] Tu Mam\u00e1\n|-heal|p1a: Scorp corp|100\/100 tox|[from] ability: Poison Heal\n|upkeep\n|turn|22\n|\n|t:|1700350504\n|move|p1a: Scorp corp|Earthquake|p2a: Garganacl\n|-damage|p2a: Garganacl|54\/100\n|move|p2a: Garganacl|Salt Cure|p1a: Scorp corp\n|-damage|p1a: Scorp corp|87\/100 tox\n|-start|p1a: Scorp corp|Salt Cure\n|\n|-heal|p2a: Garganacl|60\/100|[from] item: Leftovers\n|-heal|p1a: Scorp corp|99\/100 tox|[from] ability: Poison Heal\n|-damage|p1a: Scorp corp|87\/100 tox|[from] Salt Cure\n|upkeep\n|turn|23\n|\n|t:|1700350512\n|move|p1a: Scorp corp|Earthquake|p2a: Garganacl\n|-damage|p2a: Garganacl|14\/100\n|move|p2a: Garganacl|Recover|p2a: Garganacl\n|-heal|p2a: Garganacl|64\/100\n|\n|-heal|p2a: Garganacl|70\/100|[from] item: Leftovers\n|-heal|p1a: Scorp corp|99\/100 tox|[from] ability: Poison Heal\n|-damage|p1a: Scorp corp|87\/100 tox|[from] Salt Cure\n|upkeep\n|turn|24\n|\n|t:|1700350525\n|move|p1a: Scorp corp|Swords Dance|p1a: Scorp corp\n|-boost|p1a: Scorp corp|atk|2\n|move|p2a: Garganacl|Recover|p2a: Garganacl\n|-heal|p2a: Garganacl|100\/100\n|\n|-heal|p1a: Scorp corp|99\/100 tox|[from] ability: Poison Heal\n|-damage|p1a: Scorp corp|87\/100 tox|[from] Salt Cure\n|upkeep\n|turn|25\n|l|\u2606Gamer00ooO\n|player|p1|\n|j|\u2606Gamer00ooO\n|player|p1|Gamer00ooO|hilbert\n|\n|t:|1700350601\n|move|p1a: Scorp corp|Swords Dance|p1a: Scorp corp\n|-boost|p1a: Scorp corp|atk|2\n|move|p2a: Garganacl|Curse|p2a: Garganacl\n|-unboost|p2a: Garganacl|spe|1\n|-boost|p2a: Garganacl|atk|1\n|-boost|p2a: Garganacl|def|1\n|\n|-heal|p1a: Scorp corp|99\/100 tox|[from] ability: Poison Heal\n|-damage|p1a: Scorp corp|87\/100 tox|[from] Salt Cure\n|upkeep\n|turn|26\n|\n|t:|1700350606\n|move|p1a: Scorp corp|Earthquake|p2a: Garganacl\n|-damage|p2a: Garganacl|47\/100\n|move|p2a: Garganacl|Curse|p2a: Garganacl\n|-unboost|p2a: Garganacl|spe|1\n|-boost|p2a: Garganacl|atk|1\n|-boost|p2a: Garganacl|def|1\n|\n|-heal|p2a: Garganacl|53\/100|[from] item: Leftovers\n|-heal|p1a: Scorp corp|99\/100 tox|[from] ability: Poison Heal\n|-damage|p1a: Scorp corp|87\/100 tox|[from] Salt Cure\n|upkeep\n|turn|27\n|\n|t:|1700350615\n|move|p1a: Scorp corp|Earthquake|p2a: Garganacl\n|-damage|p2a: Garganacl|10\/100\n|move|p2a: Garganacl|Recover|p2a: Garganacl\n|-heal|p2a: Garganacl|60\/100\n|\n|-heal|p2a: Garganacl|66\/100|[from] item: Leftovers\n|-heal|p1a: Scorp corp|99\/100 tox|[from] ability: Poison Heal\n|-damage|p1a: Scorp corp|87\/100 tox|[from] Salt Cure\n|upkeep\n|turn|28\n|\n|t:|1700350622\n|move|p1a: Scorp corp|Toxic Spikes|p2a: Garganacl\n|-sidestart|p2: Dios Typhlosion|move: Toxic Spikes\n|move|p2a: Garganacl|Curse|p2a: Garganacl\n|-unboost|p2a: Garganacl|spe|1\n|-boost|p2a: Garganacl|atk|1\n|-boost|p2a: Garganacl|def|1\n|\n|-heal|p2a: Garganacl|72\/100|[from] item: Leftovers\n|-heal|p1a: Scorp corp|99\/100 tox|[from] ability: Poison Heal\n|-damage|p1a: Scorp corp|87\/100 tox|[from] Salt Cure\n|upkeep\n|turn|29\n|\n|t:|1700350639\n|-terastallize|p1a: Scorp corp|Normal\n|move|p1a: Scorp corp|Facade|p2a: Garganacl\n|-damage|p2a: Garganacl|20\/100\n|move|p2a: Garganacl|Recover|p2a: Garganacl\n|-heal|p2a: Garganacl|70\/100\n|\n|-heal|p2a: Garganacl|76\/100|[from] item: Leftovers\n|-heal|p1a: Scorp corp|99\/100 tox|[from] ability: Poison Heal\n|-damage|p1a: Scorp corp|87\/100 tox|[from] Salt Cure\n|upkeep\n|turn|30\n|\n|t:|1700350647\n|move|p1a: Scorp corp|Facade|p2a: Garganacl\n|-damage|p2a: Garganacl|32\/100\n|move|p2a: Garganacl|Earthquake|p1a: Scorp corp\n|-damage|p1a: Scorp corp|31\/100 tox\n|\n|-heal|p2a: Garganacl|39\/100|[from] item: Leftovers\n|-heal|p1a: Scorp corp|44\/100 tox|[from] ability: Poison Heal\n|-damage|p1a: Scorp corp|31\/100 tox|[from] Salt Cure\n|upkeep\n|turn|31\n|\n|t:|1700350652\n|move|p1a: Scorp corp|Facade|p2a: Garganacl\n|-damage|p2a: Garganacl|0 fnt\n|faint|p2a: Garganacl\n|\n|-heal|p1a: Scorp corp|44\/100 tox|[from] ability: Poison Heal\n|-damage|p1a: Scorp corp|31\/100 tox|[from] Salt Cure\n|upkeep\n|\n|t:|1700350666\n|switch|p2a: Corviknight|Corviknight, M|100\/100\n|-ability|p2a: Corviknight|Pressure\n|turn|32\n|\n|t:|1700350669\n|move|p1a: Scorp corp|Facade|p2a: Corviknight\n|-resisted|p2a: Corviknight\n|-damage|p2a: Corviknight|21\/100\n|-damage|p1a: Scorp corp|15\/100 tox|[from] item: Rocky Helmet|[of] p2a: Corviknight\n|move|p2a: Corviknight|Defog|p1a: Scorp corp\n|-unboost|p1a: Scorp corp|evasion|1\n|-sideend|p2: Dios Typhlosion|Toxic Spikes|[from] move: Defog|[of] p2a: Corviknight\n|\n|-heal|p1a: Scorp corp|27\/100 tox|[from] ability: Poison Heal\n|-damage|p1a: Scorp corp|15\/100 tox|[from] Salt Cure\n|upkeep\n|turn|33\n|\n|t:|1700350682\n|move|p1a: Scorp corp|Facade|p2a: Corviknight\n|-resisted|p2a: Corviknight\n|-damage|p2a: Corviknight|0 fnt\n|-damage|p1a: Scorp corp|0 fnt|[from] item: Rocky Helmet|[of] p2a: Corviknight\n|faint|p2a: Corviknight\n|faint|p1a: Scorp corp\n|\n|upkeep\n|\n|t:|1700350694\n|switch|p1a: Patriota de hierro|Iron Valiant|80\/100\n|switch|p2a: Tu Mam\u00e1|Chansey, F|28\/100\n|turn|34\n|\n|t:|1700350698\n|-end|p1a: Patriota de hierro|Quark Drive|[silent]\n|switch|p1a: Steven|Diancie|100\/100\n|move|p2a: Tu Mam\u00e1|Soft-Boiled|p2a: Tu Mam\u00e1\n|-heal|p2a: Tu Mam\u00e1|78\/100\n|\n|upkeep\n|turn|35\n|\n|t:|1700350704\n|move|p2a: Tu Mam\u00e1|Seismic Toss|p1a: Steven\n|-damage|p1a: Steven|64\/100\n|move|p1a: Steven|Diamond Storm|p2a: Tu Mam\u00e1\n|-damage|p2a: Tu Mam\u00e1|56\/100\n|\n|-heal|p1a: Steven|71\/100|[from] item: Leftovers\n|upkeep\n|turn|36\n|\n|t:|1700350711\n|move|p2a: Tu Mam\u00e1|Toxic|p1a: Steven\n|-status|p1a: Steven|tox\n|move|p1a: Steven|Body Press|p2a: Tu Mam\u00e1\n|-supereffective|p2a: Tu Mam\u00e1\n|-damage|p2a: Tu Mam\u00e1|20\/100\n|\n|-heal|p1a: Steven|77\/100 tox|[from] item: Leftovers\n|-damage|p1a: Steven|71\/100 tox|[from] psn\n|upkeep\n|turn|37\n|\n|t:|1700350720\n|move|p2a: Tu Mam\u00e1|Soft-Boiled|p2a: Tu Mam\u00e1\n|-heal|p2a: Tu Mam\u00e1|70\/100\n|move|p1a: Steven|Iron Defense|p1a: Steven\n|-boost|p1a: Steven|def|2\n|\n|-heal|p1a: Steven|77\/100 tox|[from] item: Leftovers\n|-damage|p1a: Steven|64\/100 tox|[from] psn\n|upkeep\n|turn|38\n|\n|t:|1700350725\n|move|p2a: Tu Mam\u00e1|Seismic Toss|p1a: Steven\n|-damage|p1a: Steven|28\/100 tox\n|move|p1a: Steven|Iron Defense|p1a: Steven\n|-boost|p1a: Steven|def|2\n|\n|-heal|p1a: Steven|34\/100 tox|[from] item: Leftovers\n|-damage|p1a: Steven|16\/100 tox|[from] psn\n|upkeep\n|turn|39\n|\n|t:|1700350729\n|move|p2a: Tu Mam\u00e1|Soft-Boiled|p2a: Tu Mam\u00e1\n|-heal|p2a: Tu Mam\u00e1|100\/100\n|move|p1a: Steven|Body Press|p2a: Tu Mam\u00e1\n|-supereffective|p2a: Tu Mam\u00e1\n|-damage|p2a: Tu Mam\u00e1|0 fnt\n|faint|p2a: Tu Mam\u00e1\n|\n|-heal|p1a: Steven|22\/100 tox|[from] item: Leftovers\n|-damage|p1a: Steven|0 fnt|[from] psn\n|faint|p1a: Steven\n|upkeep\n|\n|t:|1700350739\n|switch|p2a: Iron Valiant|Iron Valiant|100\/100\n|switch|p1a: Patriota de hierro|Iron Valiant|80\/100\n|-enditem|p2a: Iron Valiant|Booster Energy\n|-activate|p2a: Iron Valiant|ability: Quark Drive|[fromitem]\n|-start|p2a: Iron Valiant|quarkdrivespe\n|turn|40\n|\n|t:|1700350751\n|move|p2a: Iron Valiant|Moonblast|p1a: Patriota de hierro\n|-supereffective|p1a: Patriota de hierro\n|-damage|p1a: Patriota de hierro|0 fnt\n|faint|p1a: Patriota de hierro\n|-end|p1a: Patriota de hierro|Quark Drive|[silent]\n|\n|upkeep\n|\n|t:|1700350754\n|switch|p1a: Llaveros|Klefki, M|71\/100\n|turn|41\n|\n|t:|1700350756\n|move|p1a: Llaveros|Light Screen|p1a: Llaveros\n|-sidestart|p1: Gamer00ooO|move: Light Screen\n|move|p2a: Iron Valiant|Close Combat|p1a: Llaveros\n|-damage|p1a: Llaveros|10\/100\n|-unboost|p2a: Iron Valiant|def|1\n|-unboost|p2a: Iron Valiant|spd|1\n|\n|upkeep\n|turn|42\n|\n|t:|1700350761\n|move|p1a: Llaveros|Reflect|p1a: Llaveros\n|-sidestart|p1: Gamer00ooO|Reflect\n|move|p2a: Iron Valiant|Encore|p1a: Llaveros\n|-start|p1a: Llaveros|Encore\n|\n|upkeep\n|turn|43\n|\n|t:|1700350764\n|move|p1a: Llaveros|Reflect||[still]\n|-fail|p1a: Llaveros\n|move|p2a: Iron Valiant|Knock Off|p1a: Llaveros\n|-resisted|p1a: Llaveros\n|-damage|p1a: Llaveros|2\/100\n|-enditem|p1a: Llaveros|Light Clay|[from] move: Knock Off|[of] p2a: Iron Valiant\n|\n|upkeep\n|turn|44\n|\n|t:|1700350767\n|move|p1a: Llaveros|Reflect||[still]\n|-fail|p1a: Llaveros\n|move|p2a: Iron Valiant|Moonblast|p1a: Llaveros\n|-resisted|p1a: Llaveros\n|-damage|p1a: Llaveros|0 fnt\n|faint|p1a: Llaveros\n|\n|win|Dios Typhlosion\n|c|\u2606Dios Typhlosion|GG\n|c|\u2606Gamer00ooO|Gg\n|l|\u2606Dios Typhlosion\n|j|\u2606Dios Typhlosion\n|player|p2|Dios Typhlosion|cheryl\n","uploadtime":1700350798,"views":8,"p1id":"gamer00ooo","p2id":"diostyphlosion","formatid":"gen9nationaldex","rating":0,"private":0,"password":""}