{"id":"gen9nationaldex-1998541549","p1":"imbwc","p2":"Moposaur","format":"[Gen 9] National Dex","log":"|html|<div class=\"broadcast-blue\"><strong>[Gen 9] National Dex is currently suspecting Sneasler! For information on how to participate check out the <a href=\"https:\/\/www.smogon.com\/forums\/threads\/sv-national-dex-suspect-8-just-dance.3731534\/\">suspect thread<\/a>.<\/strong><\/div>\n|j|\u2606imbwc\n|j|\u2606Moposaur\n|t:|1700954157\n|gametype|singles\n|player|p1|imbwc|poppy|1207\n|player|p2|Moposaur|170|1220\n|teamsize|p1|6\n|teamsize|p2|6\n|gen|9\n|tier|[Gen 9] National Dex\n|rated|\n|rule|HP Percentage Mod: HP is shown in percentages\n|rule|Endless Battle Clause: Forcing endless battles is banned\n|rule|OHKO Clause: OHKO moves are banned\n|rule|Evasion Clause: Evasion abilities, items, and moves are banned\n|rule|Evasion Abilities Clause: Evasion abilities are banned\n|rule|Evasion Items Clause: Evasion items are banned\n|rule|Evasion Moves Clause: Evasion moves are banned\n|rule|Species Clause: Limit one of each Pok\u00e9mon\n|rule|Sleep Clause Mod: Limit one foe put to sleep\n|clearpoke\n|poke|p1|Moltres|\n|poke|p1|Necrozma|\n|poke|p1|Zamazenta-*|\n|poke|p1|Zangoose, M|\n|poke|p1|Ribombee, M|\n|poke|p1|Zoroark-Hisui, F|\n|poke|p2|Ferrothorn, M|\n|poke|p2|Muk-Alola, M|\n|poke|p2|Sneasler, M|\n|poke|p2|Tapu Lele|\n|poke|p2|Glimmora, F|\n|poke|p2|Gligar, F|\n|teampreview\n|j| TheStroker\n|j| Lonsol\n|inactive|Battle timer is ON: inactive players will automatically lose when time's up. (requested by Moposaur)\n|j| less might be more\n|j| kung fu pokechu\n|j| DeAuTh1511\n|\n|t:|1700954200\n|start\n|switch|p1a: no bee|Ribombee, M|100\/100\n|switch|p2a: Glimmora|Glimmora, F|100\/100\n|turn|1\n|\n|t:|1700954206\n|move|p1a: no bee|Stun Spore|p2a: Glimmora\n|-status|p2a: Glimmora|par\n|move|p2a: Glimmora|Flash Cannon|p1a: no bee\n|-supereffective|p1a: no bee\n|-enditem|p1a: no bee|Focus Sash\n|-damage|p1a: no bee|1\/100\n|\n|upkeep\n|turn|2\n|\n|t:|1700954213\n|move|p1a: no bee|Sticky Web|p2a: Glimmora\n|-sidestart|p2: Moposaur|move: Sticky Web\n|cant|p2a: Glimmora|par\n|\n|upkeep\n|turn|3\n|\n|t:|1700954219\n|switch|p1a: champ|Zangoose, M|100\/100\n|move|p2a: Glimmora|Mortal Spin|p1a: champ\n|-damage|p1a: champ|89\/100\n|-status|p1a: champ|psn\n|-sideend|p2: Moposaur|Sticky Web|[from] move: Mortal Spin|[of] p2a: Glimmora\n|\n|-damage|p1a: champ|77\/100 psn|[from] psn\n|upkeep\n|turn|4\n|\n|t:|1700954228\n|move|p1a: champ|Facade|p2a: Glimmora\n|-resisted|p2a: Glimmora\n|-damage|p2a: Glimmora|35\/100 par\n|-activate|p2a: Glimmora|ability: Toxic Debris\n|-sidestart|p1: imbwc|move: Toxic Spikes\n|move|p2a: Glimmora|Stealth Rock|p1a: champ\n|-sidestart|p1: imbwc|move: Stealth Rock\n|\n|-damage|p1a: champ|65\/100 psn|[from] psn\n|upkeep\n|turn|5\n|\n|t:|1700954235\n|move|p1a: champ|Facade|p2a: Glimmora\n|-resisted|p2a: Glimmora\n|-damage|p2a: Glimmora|0 fnt\n|-activate|p2a: Glimmora|ability: Toxic Debris\n|-sidestart|p1: imbwc|move: Toxic Spikes\n|faint|p2a: Glimmora\n|\n|-damage|p1a: champ|52\/100 psn|[from] psn\n|upkeep\n|\n|t:|1700954245\n|switch|p2a: Gligar|Gligar, F|100\/100\n|turn|6\n|\n|t:|1700954250\n|switch|p2a: Ferrothorn|Ferrothorn, M|100\/100\n|move|p1a: champ|Knock Off|p2a: Ferrothorn\n|-damage|p2a: Ferrothorn|66\/100\n|-damage|p1a: champ|40\/100 psn|[from] ability: Iron Barbs|[of] p2a: Ferrothorn\n|-damage|p1a: champ|24\/100 psn|[from] item: Rocky Helmet|[of] p2a: Ferrothorn\n|-enditem|p2a: Ferrothorn|Rocky Helmet|[from] move: Knock Off|[of] p1a: champ\n|\n|-damage|p1a: champ|12\/100 psn|[from] psn\n|upkeep\n|turn|7\n|\n|t:|1700954261\n|move|p2a: Ferrothorn|Protect|p2a: Ferrothorn\n|-singleturn|p2a: Ferrothorn|Protect\n|move|p1a: champ|Facade|p2a: Ferrothorn\n|-activate|p2a: Ferrothorn|move: Protect\n|\n|-damage|p1a: champ|0 fnt|[from] psn\n|faint|p1a: champ\n|upkeep\n|\n|t:|1700954265\n|switch|p1a: lucker|Moltres|100\/100\n|turn|8\n|\n|t:|1700954275\n|-terastallize|p2a: Ferrothorn|Water\n|move|p1a: lucker|Burn Up|p2a: Ferrothorn\n|-resisted|p2a: Ferrothorn\n|-damage|p2a: Ferrothorn|42\/100\n|-start|p1a: lucker|typechange|???\/Flying|[from] move: Burn Up\n|move|p2a: Ferrothorn|Leech Seed|p1a: lucker\n|-start|p1a: lucker|move: Leech Seed\n|\n|-damage|p1a: lucker|88\/100|[from] Leech Seed|[of] p2a: Ferrothorn\n|-heal|p2a: Ferrothorn|56\/100|[silent]\n|upkeep\n|turn|9\n|\n|t:|1700954290\n|switch|p1a: Miss|Zamazenta|100\/100\n|-status|p1a: Miss|tox\n|-damage|p1a: Miss|94\/100 tox|[from] Stealth Rock\n|-ability|p1a: Miss|Dauntless Shield|boost\n|-boost|p1a: Miss|def|1\n|move|p2a: Ferrothorn|Gyro Ball|p1a: Miss\n|-damage|p1a: Miss|69\/100 tox\n|\n|-heal|p1a: Miss|75\/100 tox|[from] item: Leftovers\n|-damage|p1a: Miss|69\/100 tox|[from] psn\n|upkeep\n|turn|10\n|\n|t:|1700954301\n|move|p1a: Miss|Substitute|p1a: Miss\n|-start|p1a: Miss|Substitute\n|-damage|p1a: Miss|44\/100 tox\n|move|p2a: Ferrothorn|Leech Seed||[still]\n|-fail|p2a: Ferrothorn\n|\n|-heal|p1a: Miss|50\/100 tox|[from] item: Leftovers\n|-damage|p1a: Miss|38\/100 tox|[from] psn\n|upkeep\n|turn|11\n|\n|t:|1700954305\n|move|p1a: Miss|Iron Defense|p1a: Miss\n|-boost|p1a: Miss|def|2\n|move|p2a: Ferrothorn|Gyro Ball|p1a: Miss\n|-activate|p1a: Miss|move: Substitute|[damage]\n|\n|-heal|p1a: Miss|44\/100 tox|[from] item: Leftovers\n|-damage|p1a: Miss|26\/100 tox|[from] psn\n|upkeep\n|turn|12\n|\n|t:|1700954313\n|switch|p2a: Gligar|Gligar, F|100\/100\n|move|p1a: Miss|Body Press|p2a: Gligar\n|-resisted|p2a: Gligar\n|-damage|p2a: Gligar|76\/100\n|\n|-heal|p1a: Miss|32\/100 tox|[from] item: Leftovers\n|-damage|p1a: Miss|7\/100 tox|[from] psn\n|upkeep\n|turn|13\n|\n|t:|1700954319\n|move|p1a: Miss|Body Press|p2a: Gligar\n|-resisted|p2a: Gligar\n|-damage|p2a: Gligar|53\/100\n|move|p2a: Gligar|Roost|p2a: Gligar\n|-heal|p2a: Gligar|100\/100\n|-singleturn|p2a: Gligar|move: Roost\n|\n|-heal|p1a: Miss|13\/100 tox|[from] item: Leftovers\n|-damage|p1a: Miss|0 fnt|[from] psn\n|faint|p1a: Miss\n|upkeep\n|\n|t:|1700954330\n|switch|p1a: lucker|Moltres|88\/100\n|turn|14\n|\n|t:|1700954336\n|-terastallize|p1a: lucker|Fire\n|move|p1a: lucker|Burn Up|p2a: Gligar\n|-damage|p2a: Gligar|19\/100\n|-start|p1a: lucker|typechange|Fire|[from] move: Burn Up\n|move|p2a: Gligar|Spikes|p1a: lucker\n|-sidestart|p1: imbwc|Spikes\n|\n|upkeep\n|turn|15\n|\n|t:|1700954347\n|switch|p2a: Ferrothorn|Ferrothorn, M, tera:Water|56\/100\n|move|p1a: lucker|Burn Up|p2a: Ferrothorn\n|-resisted|p2a: Ferrothorn\n|-damage|p2a: Ferrothorn|22\/100\n|-start|p1a: lucker|typechange|Fire|[from] move: Burn Up\n|\n|upkeep\n|turn|16\n|j| mistahmerrikuu\n|\n|t:|1700954366\n|move|p1a: lucker|Burn Up|p2a: Ferrothorn\n|-resisted|p2a: Ferrothorn\n|-damage|p2a: Ferrothorn|0 fnt\n|-start|p1a: lucker|typechange|Fire|[from] move: Burn Up\n|faint|p2a: Ferrothorn\n|\n|upkeep\n|\n|t:|1700954384\n|switch|p2a: Tapu Lele|Tapu Lele|100\/100\n|-fieldstart|move: Psychic Terrain|[from] ability: Psychic Surge|[of] p2a: Tapu Lele\n|turn|17\n|\n|t:|1700954390\n|switch|p2a: Muk|Muk-Alola, M|100\/100\n|switch|p1a: no bee|Ribombee, M|1\/100\n|-status|p1a: no bee|tox\n|-damage|p1a: no bee|0 fnt|[from] Stealth Rock\n|faint|p1a: no bee\n|\n|upkeep\n|\n|t:|1700954400\n|switch|p1a: PRISMED|Necrozma|100\/100\n|-status|p1a: PRISMED|tox\n|-damage|p1a: PRISMED|88\/100 tox|[from] Stealth Rock\n|-damage|p1a: PRISMED|76\/100 tox|[from] Spikes\n|turn|18\n|l| DeAuTh1511\n|\n|t:|1700954408\n|move|p1a: PRISMED|Earthquake|p2a: Muk\n|-supereffective|p2a: Muk\n|-damage|p2a: Muk|47\/100\n|move|p2a: Muk|Knock Off|p1a: PRISMED\n|-supereffective|p1a: PRISMED\n|-damage|p1a: PRISMED|19\/100 tox\n|-enditem|p1a: PRISMED|Weakness Policy\n|-boost|p1a: PRISMED|atk|2|[from] item: Weakness Policy\n|-boost|p1a: PRISMED|spa|2|[from] item: Weakness Policy\n|\n|-damage|p1a: PRISMED|13\/100 tox|[from] psn\n|upkeep\n|turn|19\n|\n|t:|1700954420\n|switch|p2a: Gligar|Gligar, F|19\/100\n|move|p1a: PRISMED|Brick Break|p2a: Gligar\n|-resisted|p2a: Gligar\n|-damage|p2a: Gligar|5\/100\n|\n|-damage|p1a: PRISMED|1\/100 tox|[from] psn\n|upkeep\n|turn|20\n|\n|t:|1700954431\n|move|p1a: PRISMED|Photon Geyser|p2a: Gligar\n|-damage|p2a: Gligar|0 fnt\n|faint|p2a: Gligar\n|\n|-damage|p1a: PRISMED|0 fnt|[from] psn\n|faint|p1a: PRISMED\n|upkeep\n|\n|t:|1700954442\n|switch|p1a: lucker|Moltres, tera:Fire|88\/100\n|switch|p2a: Muk|Muk-Alola, M|47\/100\n|turn|21\n|\n|t:|1700954451\n|move|p1a: lucker|Burn Up|p2a: Muk\n|-damage|p2a: Muk|1\/100\n|-start|p1a: lucker|typechange|Fire|[from] move: Burn Up\n|move|p2a: Muk|Knock Off|p1a: lucker\n|-damage|p1a: lucker|53\/100\n|-enditem|p1a: lucker|Heavy-Duty Boots|[from] move: Knock Off|[of] p2a: Muk\n|\n|upkeep\n|turn|22\n|\n|t:|1700954467\n|move|p2a: Muk|Shadow Sneak|p1a: lucker\n|-activate|p1a: lucker|move: Psychic Terrain\n|move|p1a: lucker|Roost|p1a: lucker\n|-heal|p1a: lucker|100\/100\n|\n|upkeep\n|turn|23\n|\n|t:|1700954472\n|move|p1a: lucker|Burn Up|p2a: Muk\n|-damage|p2a: Muk|0 fnt\n|-start|p1a: lucker|typechange|Fire|[from] move: Burn Up\n|faint|p2a: Muk\n|\n|upkeep\n|\n|t:|1700954478\n|switch|p2a: Sneasler|Sneasler, M|100\/100\n|-enditem|p2a: Sneasler|Psychic Seed\n|-boost|p2a: Sneasler|spd|1|[from] item: Psychic Seed\n|turn|24\n|\n|t:|1700954482\n|move|p2a: Sneasler|Dire Claw|p1a: lucker\n|-damage|p1a: lucker|61\/100\n|-status|p2a: Sneasler|brn|[from] ability: Flame Body|[of] p1a: lucker\n|move|p1a: lucker|Burn Up|p2a: Sneasler\n|-damage|p2a: Sneasler|6\/100 brn\n|-start|p1a: lucker|typechange|Fire|[from] move: Burn Up\n|\n|-damage|p2a: Sneasler|0 fnt|[from] brn\n|faint|p2a: Sneasler\n|-fieldend|move: Psychic Terrain\n|upkeep\n|\n|t:|1700954488\n|switch|p2a: Tapu Lele|Tapu Lele|100\/100\n|-fieldstart|move: Psychic Terrain|[from] ability: Psychic Surge|[of] p2a: Tapu Lele\n|turn|25\n|\n|t:|1700954490\n|move|p2a: Tapu Lele|Psychic|p1a: lucker\n|-damage|p1a: lucker|0 fnt\n|faint|p1a: lucker\n|\n|upkeep\n|\n|t:|1700954492\n|switch|p1a: Mangriff at home|Zoroark-Hisui, F|100\/100\n|-status|p1a: Mangriff at home|tox\n|-damage|p1a: Mangriff at home|88\/100 tox|[from] Stealth Rock\n|-damage|p1a: Mangriff at home|76\/100 tox|[from] Spikes\n|turn|26\n|\n|t:|1700954498\n|move|p1a: Mangriff at home|Shadow Ball|p2a: Tapu Lele\n|-supereffective|p2a: Tapu Lele\n|-damage|p2a: Tapu Lele|7\/100\n|move|p2a: Tapu Lele|Psychic|p1a: Mangriff at home\n|-damage|p1a: Mangriff at home|0 fnt\n|faint|p1a: Mangriff at home\n|\n|win|Moposaur\n|raw|imbwc's rating: 1207 &rarr; <strong>1183<\/strong><br \/>(-24 for losing)\n|raw|Moposaur's rating: 1220 &rarr; <strong>1244<\/strong><br \/>(+24 for winning)\n","uploadtime":1700954505,"views":1,"p1id":"imbwc","p2id":"moposaur","formatid":"gen9nationaldex","rating":1183,"private":0,"password":""}