{"id":"gen9nationaldex-1999032617","p1":"PyroGaleZX","p2":"lunchbox5536","format":"[Gen 9] National Dex","log":"|html|<div class=\"broadcast-blue\"><strong>[Gen 9] National Dex is currently suspecting Sneasler! For information on how to participate check out the <a href=\"https:\/\/www.smogon.com\/forums\/threads\/sv-national-dex-suspect-8-just-dance.3731534\/\">suspect thread<\/a>.<\/strong><\/div>\n|j|\u2606PyroGaleZX\n|j|\u2606lunchbox5536\n|t:|1701025939\n|gametype|singles\n|player|p1|PyroGaleZX|grusha|\n|player|p2|lunchbox5536|ghetsis|\n|teamsize|p1|6\n|teamsize|p2|6\n|gen|9\n|tier|[Gen 9] National Dex\n|rule|HP Percentage Mod: HP is shown in percentages\n|rule|Endless Battle Clause: Forcing endless battles is banned\n|rule|OHKO Clause: OHKO moves are banned\n|rule|Evasion Clause: Evasion abilities, items, and moves are banned\n|rule|Evasion Abilities Clause: Evasion abilities are banned\n|rule|Evasion Items Clause: Evasion items are banned\n|rule|Evasion Moves Clause: Evasion moves are banned\n|rule|Species Clause: Limit one of each Pok\u00e9mon\n|rule|Sleep Clause Mod: Limit one foe put to sleep\n|clearpoke\n|poke|p1|Gyarados, F|\n|poke|p1|Arcanine, F|\n|poke|p1|Spiritomb, F|\n|poke|p1|Luxio, F|\n|poke|p1|Articuno-Galar|\n|poke|p1|Dragonite, F|\n|poke|p2|Lilligant-Hisui, F|\n|poke|p2|Kleavor, M|\n|poke|p2|Grimmsnarl, M|\n|poke|p2|Sableye, M|\n|poke|p2|Klawf, F|\n|poke|p2|Crocalor, M|\n|teampreview\n|\n|t:|1701025969\n|start\n|switch|p1a: Gun|Dragonite, F|100\/100\n|switch|p2a: AAAAAAAAAAAA|Klawf, F|100\/100\n|turn|1\n|\n|t:|1701025979\n|-terastallize|p1a: Gun|Normal\n|move|p1a: Gun|Dragon Dance|p1a: Gun\n|-boost|p1a: Gun|atk|1\n|-boost|p1a: Gun|spe|1\n|move|p2a: AAAAAAAAAAAA|Knock Off|p1a: Gun\n|-damage|p1a: Gun|85\/100\n|-enditem|p1a: Gun|Loaded Dice|[from] move: Knock Off|[of] p2a: AAAAAAAAAAAA\n|\n|upkeep\n|turn|2\n|\n|t:|1701025999\n|move|p1a: Gun|Earthquake|p2a: AAAAAAAAAAAA\n|-supereffective|p2a: AAAAAAAAAAAA\n|-damage|p2a: AAAAAAAAAAAA|0 fnt\n|faint|p2a: AAAAAAAAAAAA\n|\n|upkeep\n|\n|t:|1701026004\n|switch|p2a: Sableye|Sableye, M|100\/100\n|turn|3\n|\n|t:|1701026010\n|move|p2a: Sableye|Will-O-Wisp|p1a: Gun\n|-status|p1a: Gun|brn\n|move|p1a: Gun|Earthquake|p2a: Sableye\n|-damage|p2a: Sableye|59\/100\n|\n|-heal|p2a: Sableye|65\/100|[from] item: Leftovers\n|-damage|p1a: Gun|79\/100 brn|[from] brn\n|upkeep\n|turn|4\n|\n|t:|1701026023\n|move|p2a: Sableye|Pain Split|p1a: Gun\n|-sethp|p1a: Gun|70\/100 brn|[from] move: Pain Split|[silent]\n|-sethp|p2a: Sableye|74\/100|[from] move: Pain Split\n|move|p1a: Gun|Dragon Dance|p1a: Gun\n|-boost|p1a: Gun|atk|1\n|-boost|p1a: Gun|spe|1\n|\n|-heal|p2a: Sableye|80\/100|[from] item: Leftovers\n|-damage|p1a: Gun|64\/100 brn|[from] brn\n|upkeep\n|turn|5\n|\n|t:|1701026032\n|move|p2a: Sableye|Taunt|p1a: Gun\n|-start|p1a: Gun|move: Taunt\n|cant|p1a: Gun|move: Taunt|Dragon Dance\n|\n|-heal|p2a: Sableye|87\/100|[from] item: Leftovers\n|-damage|p1a: Gun|57\/100 brn|[from] brn\n|upkeep\n|turn|6\n|\n|t:|1701026038\n|move|p1a: Gun|Earthquake|p2a: Sableye\n|-damage|p2a: Sableye|35\/100\n|move|p2a: Sableye|Knock Off|p1a: Gun\n|-damage|p1a: Gun|40\/100 brn\n|\n|-heal|p2a: Sableye|41\/100|[from] item: Leftovers\n|-damage|p1a: Gun|33\/100 brn|[from] brn\n|upkeep\n|turn|7\n|\n|t:|1701026064\n|switch|p2a: Crocalor|Crocalor, M|100\/100\n|move|p1a: Gun|Earthquake|p2a: Crocalor\n|-supereffective|p2a: Crocalor\n|-damage|p2a: Crocalor|71\/100\n|\n|-damage|p1a: Gun|27\/100 brn|[from] brn\n|-end|p1a: Gun|move: Taunt\n|upkeep\n|turn|8\n|\n|t:|1701026089\n|move|p1a: Gun|Earthquake|p2a: Crocalor\n|-supereffective|p2a: Crocalor\n|-damage|p2a: Crocalor|40\/100\n|move|p2a: Crocalor|Flamethrower|p1a: Gun\n|-damage|p1a: Gun|0 fnt\n|faint|p1a: Gun\n|\n|upkeep\n|\n|t:|1701026094\n|switch|p1a: Water Gun|Gyarados, F|100\/100\n|-ability|p1a: Water Gun|Intimidate|boost\n|-unboost|p2a: Crocalor|atk|1\n|turn|9\n|\n|t:|1701026108\n|switch|p2a: Sableye|Sableye, M|41\/100\n|move|p1a: Water Gun|Taunt|p2a: Sableye\n|-start|p2a: Sableye|move: Taunt\n|\n|-heal|p2a: Sableye|48\/100|[from] item: Leftovers\n|upkeep\n|turn|10\n|\n|t:|1701026119\n|switch|p2a: Lilligant|Lilligant-Hisui, F, shiny|100\/100\n|move|p1a: Water Gun|Dragon Dance|p1a: Water Gun\n|-boost|p1a: Water Gun|atk|1\n|-boost|p1a: Water Gun|spe|1\n|\n|upkeep\n|turn|11\n|\n|t:|1701026135\n|move|p1a: Water Gun|Tera Blast|p2a: Lilligant\n|-damage|p2a: Lilligant|75\/100\n|-damage|p1a: Water Gun|91\/100|[from] item: Life Orb\n|move|p2a: Lilligant|Leaf Blade|p1a: Water Gun\n|-damage|p1a: Water Gun|0 fnt\n|faint|p1a: Water Gun\n|\n|upkeep\n|\n|t:|1701026149\n|switch|p1a: Not Gun|Spiritomb, F, shiny|100\/100\n|-ability|p1a: Not Gun|Pressure\n|turn|12\n|\n|t:|1701026160\n|switch|p2a: Crocalor|Crocalor, M|40\/100\n|move|p1a: Not Gun|Trick Room|p1a: Not Gun\n|-fieldstart|move: Trick Room|[of] p1a: Not Gun\n|\n|upkeep\n|turn|13\n|\n|t:|1701026168\n|move|p1a: Not Gun|Foul Play|p2a: Crocalor\n|-damage|p2a: Crocalor|27\/100\n|move|p2a: Crocalor|Slack Off|p2a: Crocalor\n|-heal|p2a: Crocalor|77\/100\n|\n|upkeep\n|turn|14\n|\n|t:|1701026184\n|move|p1a: Not Gun|Foul Play|p2a: Crocalor\n|-damage|p2a: Crocalor|66\/100\n|move|p2a: Crocalor|Roar|p1a: Not Gun\n|drag|p1a: Shameful Gun|Arcanine, F|100\/100\n|-ability|p1a: Shameful Gun|Intimidate|boost\n|-unboost|p2a: Crocalor|atk|1\n|\n|upkeep\n|turn|15\n|\n|t:|1701026201\n|switch|p1a: Not Gun|Spiritomb, F, shiny|100\/100\n|-ability|p1a: Not Gun|Pressure\n|move|p2a: Crocalor|Slack Off|p2a: Crocalor\n|-heal|p2a: Crocalor|100\/100\n|\n|upkeep\n|turn|16\n|\n|t:|1701026210\n|move|p1a: Not Gun|Destiny Bond|p1a: Not Gun\n|-singlemove|p1a: Not Gun|Destiny Bond\n|move|p2a: Crocalor|Roar|p1a: Not Gun\n|drag|p1a: Mini Gun?|Luxio, F|100\/100\n|-ability|p1a: Mini Gun?|Intimidate|boost\n|-unboost|p2a: Crocalor|atk|1\n|\n|-fieldend|move: Trick Room\n|upkeep\n|turn|17\n|\n|t:|1701026236\n|move|p2a: Crocalor|Will-O-Wisp|p1a: Mini Gun?\n|-status|p1a: Mini Gun?|brn\n|move|p1a: Mini Gun?|Roar|p2a: Crocalor\n|drag|p2a: Krampus|Grimmsnarl, M|100\/100\n|\n|-damage|p1a: Mini Gun?|94\/100 brn|[from] brn\n|upkeep\n|turn|18\n|\n|t:|1701026247\n|move|p2a: Krampus|Play Rough|p1a: Mini Gun?\n|-damage|p1a: Mini Gun?|54\/100 brn\n|move|p1a: Mini Gun?|Thunder Wave|p2a: Krampus\n|-status|p2a: Krampus|par\n|\n|-damage|p1a: Mini Gun?|48\/100 brn|[from] brn\n|upkeep\n|turn|19\n|\n|t:|1701026257\n|move|p2a: Krampus|Sucker Punch|p1a: Mini Gun?\n|-damage|p1a: Mini Gun?|11\/100 brn\n|move|p1a: Mini Gun?|Ice Fang|p2a: Krampus\n|-crit|p2a: Krampus\n|-damage|p2a: Krampus|90\/100 par\n|\n|-damage|p1a: Mini Gun?|5\/100 brn|[from] brn\n|upkeep\n|turn|20\n|\n|t:|1701026269\n|switch|p2a: Sableye|Sableye, M|48\/100\n|move|p1a: Mini Gun?|Volt Switch|p2a: Sableye\n|-damage|p2a: Sableye|31\/100\n|\n|t:|1701026272\n|switch|p1a: Shameful Gun|Arcanine, F|100\/100|[from] Volt Switch\n|-ability|p1a: Shameful Gun|Intimidate|boost\n|-unboost|p2a: Sableye|atk|1\n|\n|-heal|p2a: Sableye|37\/100|[from] item: Leftovers\n|upkeep\n|turn|21\n|\n|t:|1701026296\n|move|p2a: Sableye|Pain Split|p1a: Shameful Gun\n|-sethp|p1a: Shameful Gun|68\/100|[from] move: Pain Split|[silent]\n|-sethp|p2a: Sableye|72\/100|[from] move: Pain Split\n|move|p1a: Shameful Gun|Flare Blitz|p2a: Sableye\n|-damage|p2a: Sableye|0 fnt\n|faint|p2a: Sableye\n|-damage|p1a: Shameful Gun|46\/100|[from] Recoil\n|\n|upkeep\n|\n|t:|1701026304\n|switch|p2a: Kleavor|Kleavor, M|100\/100\n|turn|22\n|\n|t:|1701026311\n|move|p2a: Kleavor|Stone Axe|p1a: Shameful Gun\n|-supereffective|p1a: Shameful Gun\n|-damage|p1a: Shameful Gun|0 fnt\n|-sidestart|p1: PyroGaleZX|move: Stealth Rock\n|faint|p1a: Shameful Gun\n|\n|upkeep\n|\n|t:|1701026322\n|switch|p1a: Mini Gun?|Luxio, F|5\/100 brn\n|-damage|p1a: Mini Gun?|0 fnt|[from] Stealth Rock\n|faint|p1a: Mini Gun?\n|\n|t:|1701026324\n|switch|p1a: Not Gun|Spiritomb, F, shiny|100\/100\n|-damage|p1a: Not Gun|88\/100|[from] Stealth Rock\n|-ability|p1a: Not Gun|Pressure\n|turn|23\n|\n|t:|1701026350\n|move|p2a: Kleavor|Stone Axe|p1a: Not Gun\n|-damage|p1a: Not Gun|32\/100\n|-damage|p2a: Kleavor|84\/100|[from] item: Rocky Helmet|[of] p1a: Not Gun\n|move|p1a: Not Gun|Trick Room|p1a: Not Gun\n|-fieldstart|move: Trick Room|[of] p1a: Not Gun\n|\n|upkeep\n|turn|24\n|\n|t:|1701026356\n|move|p1a: Not Gun|Destiny Bond|p1a: Not Gun\n|-singlemove|p1a: Not Gun|Destiny Bond\n|move|p2a: Kleavor|Stone Axe|p1a: Not Gun\n|-damage|p1a: Not Gun|0 fnt\n|-damage|p2a: Kleavor|68\/100|[from] item: Rocky Helmet|[of] p1a: Not Gun\n|faint|p1a: Not Gun\n|-activate|p1a: Not Gun|move: Destiny Bond\n|faint|p2a: Kleavor\n|\n|upkeep\n|\n|t:|1701026368\n|switch|p1a: Other Gun|Articuno-Galar|100\/100\n|switch|p2a: Lilligant|Lilligant-Hisui, F, shiny|75\/100\n|-damage|p1a: Other Gun|75\/100|[from] Stealth Rock\n|turn|25\n|\n|t:|1701026380\n|switch|p2a: Crocalor|Crocalor, M|100\/100\n|move|p1a: Other Gun|Calm Mind|p1a: Other Gun\n|-boost|p1a: Other Gun|spa|1\n|-boost|p1a: Other Gun|spd|1\n|\n|-heal|p1a: Other Gun|82\/100|[from] item: Leftovers\n|upkeep\n|turn|26\n|\n|t:|1701026408\n|move|p2a: Crocalor|Will-O-Wisp|p1a: Other Gun\n|-status|p1a: Other Gun|brn\n|move|p1a: Other Gun|Calm Mind|p1a: Other Gun\n|-boost|p1a: Other Gun|spa|1\n|-boost|p1a: Other Gun|spd|1\n|\n|-heal|p1a: Other Gun|88\/100 brn|[from] item: Leftovers\n|-damage|p1a: Other Gun|82\/100 brn|[from] brn\n|upkeep\n|turn|27\n|\n|t:|1701026418\n|move|p2a: Crocalor|Flamethrower|p1a: Other Gun\n|-damage|p1a: Other Gun|56\/100 brn\n|move|p1a: Other Gun|Agility|p1a: Other Gun\n|-boost|p1a: Other Gun|spe|2\n|\n|-heal|p1a: Other Gun|62\/100 brn|[from] item: Leftovers\n|-damage|p1a: Other Gun|56\/100 brn|[from] brn\n|-fieldend|move: Trick Room\n|upkeep\n|turn|28\n|\n|t:|1701026435\n|move|p1a: Other Gun|Calm Mind|p1a: Other Gun\n|-boost|p1a: Other Gun|spa|1\n|-boost|p1a: Other Gun|spd|1\n|move|p2a: Crocalor|Flamethrower|p1a: Other Gun\n|-damage|p1a: Other Gun|31\/100 brn\n|\n|-heal|p1a: Other Gun|38\/100 brn|[from] item: Leftovers\n|-damage|p1a: Other Gun|31\/100 brn|[from] brn\n|upkeep\n|turn|29\n|\n|t:|1701026443\n|move|p1a: Other Gun|Stored Power|p2a: Crocalor\n|-damage|p2a: Crocalor|54\/100\n|move|p2a: Crocalor|Flamethrower|p1a: Other Gun\n|-damage|p1a: Other Gun|8\/100 brn\n|\n|-heal|p1a: Other Gun|14\/100 brn|[from] item: Leftovers\n|-damage|p1a: Other Gun|8\/100 brn|[from] brn\n|upkeep\n|turn|30\n|\n|t:|1701026455\n|move|p1a: Other Gun|Stored Power|p2a: Crocalor\n|-damage|p2a: Crocalor|8\/100\n|move|p2a: Crocalor|Flamethrower|p1a: Other Gun\n|-damage|p1a: Other Gun|0 fnt\n|faint|p1a: Other Gun\n|\n|win|lunchbox5536\n","uploadtime":1701026486,"views":1,"p1id":"pyrogalezx","p2id":"lunchbox5536","formatid":"gen9nationaldex","rating":0,"private":0,"password":""}