{"id":"gen9nationaldex-1995966461","p1":"masterash","p2":"willynite","format":"[Gen 9] National Dex","log":"|html|<div class=\"broadcast-blue\"><strong>[Gen 9] National Dex is currently suspecting Sneasler! For information on how to participate check out the <a href=\"https:\/\/www.smogon.com\/forums\/threads\/sv-national-dex-suspect-8-just-dance.3731534\/\">suspect thread<\/a>.<\/strong><\/div>\n|j|\u2606masterash\n|j|\u2606willynite\n|t:|1700623052\n|gametype|singles\n|player|p1|masterash|hilbert|1095\n|player|p2|willynite|veteran|1160\n|teamsize|p1|6\n|teamsize|p2|6\n|gen|9\n|tier|[Gen 9] National Dex\n|rated|\n|rule|HP Percentage Mod: HP is shown in percentages\n|rule|Endless Battle Clause: Forcing endless battles is banned\n|rule|OHKO Clause: OHKO moves are banned\n|rule|Evasion Clause: Evasion abilities, items, and moves are banned\n|rule|Evasion Abilities Clause: Evasion abilities are banned\n|rule|Evasion Items Clause: Evasion items are banned\n|rule|Evasion Moves Clause: Evasion moves are banned\n|rule|Species Clause: Limit one of each Pok\u00e9mon\n|rule|Sleep Clause Mod: Limit one foe put to sleep\n|clearpoke\n|poke|p1|Delphox, F|\n|poke|p1|Pangoro, M|\n|poke|p1|Sylveon, F|\n|poke|p1|Klefki, F|\n|poke|p1|Sharpedo, F|\n|poke|p1|Mawile, F|\n|poke|p2|Beedrill, F|\n|poke|p2|Landorus-Therian, M|\n|poke|p2|Xatu, M|\n|poke|p2|Roserade, F|\n|poke|p2|Dragonite, F|\n|poke|p2|Starmie|\n|teampreview\n|\n|t:|1700623065\n|start\n|switch|p1a: KeeKee|Klefki, F|100\/100\n|switch|p2a: Landorus|Landorus-Therian, M|100\/100\n|-ability|p2a: Landorus|Intimidate|boost\n|-unboost|p1a: KeeKee|atk|1\n|turn|1\n|inactive|Battle timer is ON: inactive players will automatically lose when time's up. (requested by willynite)\n|\n|t:|1700623072\n|move|p1a: KeeKee|Switcheroo|p2a: Landorus\n|-activate|p1a: KeeKee|move: Trick|[of] p2a: Landorus\n|-item|p2a: Landorus|Toxic Orb|[from] move: Switcheroo\n|-item|p1a: KeeKee|Leftovers|[from] move: Switcheroo\n|move|p2a: Landorus|Earthquake|p1a: KeeKee\n|-supereffective|p1a: KeeKee\n|-damage|p1a: KeeKee|17\/100\n|\n|-heal|p1a: KeeKee|23\/100|[from] item: Leftovers\n|-status|p2a: Landorus|tox|[from] item: Toxic Orb\n|upkeep\n|turn|2\n|\n|t:|1700623088\n|move|p1a: KeeKee|Spikes|p2a: Landorus\n|-sidestart|p2: willynite|Spikes\n|move|p2a: Landorus|Earthquake|p1a: KeeKee\n|-supereffective|p1a: KeeKee\n|-damage|p1a: KeeKee|0 fnt\n|faint|p1a: KeeKee\n|\n|-damage|p2a: Landorus|94\/100 tox|[from] psn\n|upkeep\n|\n|t:|1700623095\n|switch|p1a: Princess|Sharpedo, F|100\/100\n|turn|3\n|\n|t:|1700623102\n|move|p1a: Princess|Liquidation|p2a: Landorus\n|-supereffective|p2a: Landorus\n|-damage|p2a: Landorus|17\/100 tox\n|-damage|p1a: Princess|91\/100|[from] item: Life Orb\n|move|p2a: Landorus|Stealth Rock|p1a: Princess\n|-sidestart|p1: masterash|move: Stealth Rock\n|\n|-damage|p2a: Landorus|5\/100 tox|[from] psn\n|-ability|p1a: Princess|Speed Boost|boost\n|-boost|p1a: Princess|spe|1\n|upkeep\n|turn|4\n|\n|t:|1700623112\n|move|p1a: Princess|Protect|p1a: Princess\n|-singleturn|p1a: Princess|Protect\n|move|p2a: Landorus|U-turn|p1a: Princess\n|-activate|p1a: Princess|move: Protect\n|\n|-damage|p2a: Landorus|0 fnt|[from] psn\n|faint|p2a: Landorus\n|-ability|p1a: Princess|Speed Boost|boost\n|-boost|p1a: Princess|spe|1\n|upkeep\n|\n|t:|1700623118\n|switch|p2a: Roserade|Roserade, F, shiny|100\/100\n|-damage|p2a: Roserade|88\/100|[from] Spikes\n|turn|5\n|\n|t:|1700623124\n|move|p1a: Princess|Psychic Fangs|p2a: Roserade\n|-supereffective|p2a: Roserade\n|-damage|p2a: Roserade|0 fnt\n|faint|p2a: Roserade\n|-damage|p1a: Princess|81\/100|[from] item: Life Orb\n|\n|-ability|p1a: Princess|Speed Boost|boost\n|-boost|p1a: Princess|spe|1\n|upkeep\n|\n|t:|1700623142\n|switch|p2a: Beedrill|Beedrill, F, shiny|100\/100\n|-damage|p2a: Beedrill|88\/100|[from] Spikes\n|turn|6\n|\n|t:|1700623146\n|detailschange|p2a: Beedrill|Beedrill-Mega, F, shiny\n|-mega|p2a: Beedrill|Beedrill|Beedrillite\n|move|p1a: Princess|Psychic Fangs|p2a: Beedrill\n|-supereffective|p2a: Beedrill\n|-damage|p2a: Beedrill|0 fnt\n|faint|p2a: Beedrill\n|-damage|p1a: Princess|71\/100|[from] item: Life Orb\n|\n|-ability|p1a: Princess|Speed Boost|boost\n|-boost|p1a: Princess|spe|1\n|upkeep\n|-message|willynite forfeited.\n|\n|win|masterash\n|raw|masterash's rating: 1095 &rarr; <strong>1126<\/strong><br \/>(+31 for winning)\n|raw|willynite's rating: 1160 &rarr; <strong>1130<\/strong><br \/>(-30 for losing)\n|l|\u2606willynite\n","uploadtime":1700623156,"views":1,"p1id":"masterash","p2id":"willynite","formatid":"gen9nationaldex","rating":1126,"private":0,"password":""}