{"id":"gen9nationaldex-1990122346","p1":"Shuckle_pro228","p2":"Garchompbestpsuedo","format":"[Gen 9] National Dex","log":"|j|\u2606Shuckle_pro228\n|j|\u2606Garchompbestpsuedo\n|t:|1699926935\n|gametype|singles\n|player|p1|Shuckle_pro228|bugcatcher-gen4dp|1000\n|player|p2|Garchompbestpsuedo|lyra|1036\n|teamsize|p1|6\n|teamsize|p2|6\n|gen|9\n|tier|[Gen 9] National Dex\n|rated|\n|rule|HP Percentage Mod: HP is shown in percentages\n|rule|Endless Battle Clause: Forcing endless battles is banned\n|rule|OHKO Clause: OHKO moves are banned\n|rule|Evasion Clause: Evasion abilities, items, and moves are banned\n|rule|Evasion Abilities Clause: Evasion abilities are banned\n|rule|Evasion Items Clause: Evasion items are banned\n|rule|Evasion Moves Clause: Evasion moves are banned\n|rule|Species Clause: Limit one of each Pok\u00e9mon\n|rule|Sleep Clause Mod: Limit one foe put to sleep\n|clearpoke\n|poke|p1|Typhlosion, M|\n|poke|p1|Furret, F|\n|poke|p1|Magcargo, F|\n|poke|p1|Audino, M|\n|poke|p1|Misdreavus, F|\n|poke|p1|Slowking, F|\n|poke|p2|Chesnaught, F|\n|poke|p2|Pawmot, F|\n|poke|p2|Lucario, F|\n|poke|p2|Sawk, M|\n|poke|p2|Crabominable, M|\n|poke|p2|Tauros-Paldea-Combat, M|\n|teampreview\n|inactive|Battle timer is ON: inactive players will automatically lose when time's up. (requested by Garchompbestpsuedo)\n|\n|t:|1699926954\n|start\n|switch|p1a: Magcargo|Magcargo, F|100\/100\n|switch|p2a: Pawmot|Pawmot, F|100\/100\n|turn|1\n|\n|t:|1699926962\n|move|p2a: Pawmot|Bulk Up|p2a: Pawmot\n|-boost|p2a: Pawmot|atk|1\n|-boost|p2a: Pawmot|def|1\n|move|p1a: Magcargo|Stealth Rock|p2a: Pawmot\n|-sidestart|p2: Garchompbestpsuedo|move: Stealth Rock\n|\n|upkeep\n|turn|2\n|\n|t:|1699926969\n|move|p2a: Pawmot|Encore|p1a: Magcargo\n|-start|p1a: Magcargo|Encore\n|move|p1a: Magcargo|Stealth Rock||[still]\n|-fail|p1a: Magcargo\n|\n|upkeep\n|turn|3\n|\n|t:|1699926974\n|switch|p1a: Misdreavus|Misdreavus, F|100\/100\n|move|p2a: Pawmot|Bulk Up|p2a: Pawmot\n|-boost|p2a: Pawmot|atk|1\n|-boost|p2a: Pawmot|def|1\n|\n|upkeep\n|turn|4\n|\n|t:|1699926982\n|move|p2a: Pawmot|Double Shock|p1a: Misdreavus\n|-damage|p1a: Misdreavus|0 fnt\n|-start|p2a: Pawmot|typechange|???\/Fighting|[from] move: Double Shock\n|faint|p1a: Misdreavus\n|\n|upkeep\n|\n|t:|1699926988\n|switch|p1a: Magcargo|Magcargo, F|100\/100\n|turn|5\n|\n|t:|1699926992\n|move|p2a: Pawmot|Close Combat|p1a: Magcargo\n|-supereffective|p1a: Magcargo\n|-damage|p1a: Magcargo|0 fnt\n|-unboost|p2a: Pawmot|def|1\n|-unboost|p2a: Pawmot|spd|1\n|-status|p2a: Pawmot|brn|[from] ability: Flame Body|[of] p1a: Magcargo\n|faint|p1a: Magcargo\n|\n|-damage|p2a: Pawmot|94\/100 brn|[from] brn\n|upkeep\n|\n|t:|1699927002\n|switch|p1a: Slowking|Slowking, F|100\/100\n|turn|6\n|\n|t:|1699927006\n|move|p2a: Pawmot|Double Shock||[still]\n|-fail|p2a: Pawmot|move: Double Shock\n|move|p1a: Slowking|Future Sight|p2a: Pawmot\n|-start|p1a: Slowking|move: Future Sight\n|\n|-heal|p2a: Pawmot|100\/100 brn|[from] item: Leftovers\n|-damage|p2a: Pawmot|94\/100 brn|[from] brn\n|upkeep\n|turn|7\n|\n|t:|1699927016\n|switch|p1a: Typhlosion|Typhlosion, M|100\/100\n|move|p2a: Pawmot|Encore||[still]\n|-fail|p2a: Pawmot\n|\n|-heal|p2a: Pawmot|100\/100 brn|[from] item: Leftovers\n|-damage|p2a: Pawmot|94\/100 brn|[from] brn\n|upkeep\n|turn|8\n|\n|t:|1699927026\n|move|p1a: Typhlosion|Burn Up|p2a: Pawmot\n|-damage|p2a: Pawmot|0 fnt\n|-start|p1a: Typhlosion|typechange|???|[from] move: Burn Up\n|faint|p2a: Pawmot\n|\n|-hint|Future Sight did not hit because the target is fainted.\n|upkeep\n|\n|t:|1699927050\n|switch|p2a: Tauros|Tauros-Paldea-Combat, M|100\/100\n|-damage|p2a: Tauros|94\/100|[from] Stealth Rock\n|turn|9\n|\n|t:|1699927057\n|switch|p1a: Slowking|Slowking, F|100\/100\n|move|p2a: Tauros|Stone Edge|p1a: Slowking\n|-damage|p1a: Slowking|67\/100\n|\n|-heal|p2a: Tauros|100\/100|[from] item: Leftovers\n|upkeep\n|turn|10\n|\n|t:|1699927069\n|move|p2a: Tauros|Bulk Up|p2a: Tauros\n|-boost|p2a: Tauros|atk|1\n|-boost|p2a: Tauros|def|1\n|move|p1a: Slowking|Future Sight|p2a: Tauros\n|-start|p1a: Slowking|move: Future Sight\n|\n|upkeep\n|turn|11\n|\n|t:|1699927077\n|move|p2a: Tauros|Close Combat|p1a: Slowking\n|-resisted|p1a: Slowking\n|-damage|p1a: Slowking|23\/100\n|-unboost|p2a: Tauros|def|1\n|-unboost|p2a: Tauros|spd|1\n|move|p1a: Slowking|Slack Off|p1a: Slowking\n|-heal|p1a: Slowking|73\/100\n|\n|upkeep\n|turn|12\n|\n|t:|1699927089\n|switch|p1a: Typhlosion|Typhlosion, M|100\/100\n|move|p2a: Tauros|Bulk Up|p2a: Tauros\n|-boost|p2a: Tauros|atk|1\n|-boost|p2a: Tauros|def|1\n|\n|-end|p2a: Tauros|move: Future Sight\n|-supereffective|p2a: Tauros\n|-damage|p2a: Tauros|0 fnt\n|faint|p2a: Tauros\n|upkeep\n|\n|t:|1699927105\n|switch|p2a: Crabominable|Crabominable, M|100\/100\n|-damage|p2a: Crabominable|88\/100|[from] Stealth Rock\n|turn|13\n|\n|t:|1699927113\n|-terastallize|p2a: Crabominable|Electric\n|move|p1a: Typhlosion|Flamethrower|p2a: Crabominable\n|-damage|p2a: Crabominable|17\/100\n|move|p2a: Crabominable|Endeavor|p1a: Typhlosion\n|-damage|p1a: Typhlosion|19\/100\n|\n|-heal|p2a: Crabominable|23\/100|[from] item: Leftovers\n|upkeep\n|turn|14\n|\n|t:|1699927124\n|move|p1a: Typhlosion|Flamethrower|p2a: Crabominable\n|-damage|p2a: Crabominable|0 fnt\n|faint|p2a: Crabominable\n|\n|upkeep\n|\n|t:|1699927129\n|switch|p2a: Sawk|Sawk, M|100\/100\n|-damage|p2a: Sawk|95\/100|[from] Stealth Rock\n|turn|15\n|\n|t:|1699927135\n|-terastallize|p1a: Typhlosion|Fire\n|move|p1a: Typhlosion|Flamethrower|p2a: Sawk\n|-damage|p2a: Sawk|0 fnt\n|faint|p2a: Sawk\n|\n|upkeep\n|\n|t:|1699927143\n|switch|p2a: Lucario|Lucario, F|100\/100\n|-damage|p2a: Lucario|98\/100|[from] Stealth Rock\n|turn|16\n|\n|t:|1699927151\n|move|p2a: Lucario|Bullet Punch|p1a: Typhlosion\n|-resisted|p1a: Typhlosion\n|-crit|p1a: Typhlosion\n|-damage|p1a: Typhlosion|0 fnt\n|faint|p1a: Typhlosion\n|\n|-heal|p2a: Lucario|100\/100|[from] item: Leftovers\n|upkeep\n|\n|t:|1699927158\n|switch|p1a: Slowking|Slowking, F|100\/100\n|turn|17\n|\n|t:|1699927162\n|move|p2a: Lucario|Bulk Up|p2a: Lucario\n|-boost|p2a: Lucario|atk|1\n|-boost|p2a: Lucario|def|1\n|move|p1a: Slowking|Future Sight|p2a: Lucario\n|-start|p1a: Slowking|move: Future Sight\n|\n|upkeep\n|turn|18\n|\n|t:|1699927168\n|move|p2a: Lucario|Bulk Up|p2a: Lucario\n|-boost|p2a: Lucario|atk|1\n|-boost|p2a: Lucario|def|1\n|move|p1a: Slowking|Chilly Reception|p1a: Slowking\n|-weather|Snow\n|\n|t:|1699927173\n|switch|p1a: Furret|Furret, F, shiny|100\/100|[from] Chilly Reception\n|-item|p2a: Lucario|Leftovers|[from] ability: Frisk|[of] p1a: Furret|[identify]\n|\n|-weather|Snow|[upkeep]\n|upkeep\n|turn|19\n|\n|t:|1699927181\n|move|p1a: Furret|Body Slam|p2a: Lucario\n|-resisted|p2a: Lucario\n|-damage|p2a: Lucario|87\/100\n|move|p2a: Lucario|Close Combat|p1a: Furret\n|-supereffective|p1a: Furret\n|-damage|p1a: Furret|0 fnt\n|-unboost|p2a: Lucario|def|1\n|-unboost|p2a: Lucario|spd|1\n|faint|p1a: Furret\n|\n|-weather|Snow|[upkeep]\n|-end|p2a: Lucario|move: Future Sight\n|-damage|p2a: Lucario|3\/100\n|-heal|p2a: Lucario|9\/100|[from] item: Leftovers\n|upkeep\n|\n|t:|1699927193\n|switch|p1a: Audino|Audino, M|100\/100\n|turn|20\n|\n|t:|1699927197\n|detailschange|p1a: Audino|Audino-Mega, M\n|-mega|p1a: Audino|Audino|Audinite\n|move|p2a: Lucario|Close Combat|p1a: Audino\n|-damage|p1a: Audino|43\/100\n|-unboost|p2a: Lucario|def|1\n|-unboost|p2a: Lucario|spd|1\n|move|p1a: Audino|Flamethrower|p2a: Lucario\n|-supereffective|p2a: Lucario\n|-damage|p2a: Lucario|0 fnt\n|faint|p2a: Lucario\n|\n|-weather|Snow|[upkeep]\n|upkeep\n|\n|t:|1699927210\n|switch|p2a: Chesnaught|Chesnaught, F|100\/100\n|-damage|p2a: Chesnaught|95\/100|[from] Stealth Rock\n|turn|21\n|\n|t:|1699927219\n|move|p2a: Chesnaught|Wood Hammer|p1a: Audino\n|-damage|p1a: Audino|16\/100\n|-damage|p2a: Chesnaught|83\/100|[from] Recoil\n|move|p1a: Audino|Wish|p1a: Audino\n|\n|-weather|Snow|[upkeep]\n|-heal|p2a: Chesnaught|89\/100|[from] item: Leftovers\n|upkeep\n|turn|22\n|\n|t:|1699927228\n|move|p2a: Chesnaught|Bulk Up|p2a: Chesnaught\n|-boost|p2a: Chesnaught|atk|1\n|-boost|p2a: Chesnaught|def|1\n|move|p1a: Audino|Flamethrower|p2a: Chesnaught\n|-supereffective|p2a: Chesnaught\n|-damage|p2a: Chesnaught|51\/100\n|\n|-weather|none\n|-heal|p1a: Audino|66\/100|[from] move: Wish|[wisher] Audino\n|-heal|p2a: Chesnaught|57\/100|[from] item: Leftovers\n|upkeep\n|turn|23\n|\n|t:|1699927239\n|move|p2a: Chesnaught|Wood Hammer|p1a: Audino\n|-damage|p1a: Audino|25\/100\n|-damage|p2a: Chesnaught|40\/100|[from] Recoil\n|move|p1a: Audino|Wish|p1a: Audino\n|\n|-heal|p2a: Chesnaught|46\/100|[from] item: Leftovers\n|upkeep\n|turn|24\n|\n|t:|1699927249\n|move|p2a: Chesnaught|Wood Hammer|p1a: Audino\n|-damage|p1a: Audino|0 fnt\n|faint|p1a: Audino\n|-damage|p2a: Chesnaught|35\/100|[from] Recoil\n|\n|-heal|p2a: Chesnaught|41\/100|[from] item: Leftovers\n|upkeep\n|\n|t:|1699927252\n|switch|p1a: Slowking|Slowking, F|100\/100\n|turn|25\n|\n|t:|1699927259\n|move|p2a: Chesnaught|Wood Hammer|p1a: Slowking\n|-supereffective|p1a: Slowking\n|-damage|p1a: Slowking|0 fnt\n|faint|p1a: Slowking\n|-damage|p2a: Chesnaught|0 fnt|[from] Recoil\n|faint|p2a: Chesnaught\n|\n|win|Garchompbestpsuedo\n|raw|Shuckle_pro228's rating: 1000 &rarr; <strong>1000<\/strong><br \/>(+0 for losing)\n|raw|Garchompbestpsuedo's rating: 1036 &rarr; <strong>1067<\/strong><br \/>(+31 for winning)\n|l|\u2606Shuckle_pro228\n","uploadtime":1699927268,"views":20,"p1id":"shucklepro228","p2id":"garchompbestpsuedo","formatid":"gen9nationaldex","rating":1000,"private":0,"password":""}