{"id":"gen9nationaldex-1995144070","p1":"Apicklenamedrick","p2":"Sirrawrz","format":"[Gen 9] National Dex","log":"|html|<div class=\"broadcast-blue\"><strong>[Gen 9] National Dex is currently suspecting Sneasler! For information on how to participate check out the <a href=\"https:\/\/www.smogon.com\/forums\/threads\/sv-national-dex-suspect-8-just-dance.3731534\/\">suspect thread<\/a>.<\/strong><\/div>\n|j|\u2606Apicklenamedrick\n|j|\u2606Sirrawrz\n|t:|1700527484\n|gametype|singles\n|player|p1|Apicklenamedrick|265|1493\n|player|p2|Sirrawrz|emmet|1504\n|teamsize|p1|6\n|teamsize|p2|6\n|gen|9\n|tier|[Gen 9] National Dex\n|rated|\n|rule|HP Percentage Mod: HP is shown in percentages\n|rule|Endless Battle Clause: Forcing endless battles is banned\n|rule|OHKO Clause: OHKO moves are banned\n|rule|Evasion Clause: Evasion abilities, items, and moves are banned\n|rule|Evasion Abilities Clause: Evasion abilities are banned\n|rule|Evasion Items Clause: Evasion items are banned\n|rule|Evasion Moves Clause: Evasion moves are banned\n|rule|Species Clause: Limit one of each Pok\u00e9mon\n|rule|Sleep Clause Mod: Limit one foe put to sleep\n|clearpoke\n|poke|p1|Kartana|\n|poke|p1|Ting-Lu|\n|poke|p1|Slowbro, M|\n|poke|p1|Moltres|\n|poke|p1|Torkoal, F|\n|poke|p1|Tapu Lele|\n|poke|p2|Ninetales, M|\n|poke|p2|Venusaur, M|\n|poke|p2|Jolteon, M|\n|poke|p2|Blastoise, M|\n|poke|p2|Rhydon, F|\n|poke|p2|Scyther, F|\n|teampreview\n|\n|t:|1700527497\n|start\n|switch|p1a: Ting-Lu|Ting-Lu|100\/100\n|switch|p2a: Scyther|Scyther, F, shiny|100\/100\n|-ability|p1a: Ting-Lu|Vessel of Ruin\n|turn|1\n|inactive|Battle timer is ON: inactive players will automatically lose when time's up. (requested by Apicklenamedrick)\n|\n|t:|1700527510\n|move|p2a: Scyther|U-turn|p1a: Ting-Lu\n|-supereffective|p1a: Ting-Lu\n|-damage|p1a: Ting-Lu|51\/100\n|\n|t:|1700527513\n|switch|p2a: Blastoise|Blastoise, M, shiny|100\/100|[from] U-turn\n|move|p1a: Ting-Lu|Stealth Rock|p2a: Blastoise\n|-sidestart|p2: Sirrawrz|move: Stealth Rock\n|\n|-heal|p1a: Ting-Lu|57\/100|[from] item: Leftovers\n|upkeep\n|turn|2\n|\n|t:|1700527524\n|move|p2a: Blastoise|Body Press|p1a: Ting-Lu\n|-supereffective|p1a: Ting-Lu\n|-damage|p1a: Ting-Lu|30\/100\n|move|p1a: Ting-Lu|Ruination|p2a: Blastoise\n|-damage|p2a: Blastoise|50\/100\n|\n|-heal|p1a: Ting-Lu|36\/100|[from] item: Leftovers\n|upkeep\n|turn|3\n|\n|t:|1700527548\n|move|p2a: Blastoise|Rapid Spin|p1a: Ting-Lu\n|-damage|p1a: Ting-Lu|31\/100\n|-boost|p2a: Blastoise|spe|1\n|-sideend|p2: Sirrawrz|Stealth Rock|[from] move: Rapid Spin|[of] p2a: Blastoise\n|move|p1a: Ting-Lu|Earthquake|p2a: Blastoise\n|-damage|p2a: Blastoise|24\/100\n|\n|-heal|p1a: Ting-Lu|37\/100|[from] item: Leftovers\n|upkeep\n|turn|4\n|\n|t:|1700527562\n|move|p2a: Blastoise|Body Press|p1a: Ting-Lu\n|-supereffective|p1a: Ting-Lu\n|-damage|p1a: Ting-Lu|8\/100\n|move|p1a: Ting-Lu|Stealth Rock|p2a: Blastoise\n|-sidestart|p2: Sirrawrz|move: Stealth Rock\n|\n|-heal|p1a: Ting-Lu|14\/100|[from] item: Leftovers\n|upkeep\n|turn|5\n|\n|t:|1700527573\n|switch|p1a: Moltres|Moltres|100\/100\n|move|p2a: Blastoise|Rapid Spin|p1a: Moltres\n|-damage|p1a: Moltres|89\/100\n|-boost|p2a: Blastoise|spe|1\n|-status|p2a: Blastoise|brn|[from] ability: Flame Body|[of] p1a: Moltres\n|-sideend|p2: Sirrawrz|Stealth Rock|[from] move: Rapid Spin|[of] p2a: Blastoise\n|\n|-damage|p2a: Blastoise|18\/100 brn|[from] brn\n|upkeep\n|turn|6\n|\n|t:|1700527587\n|move|p1a: Moltres|Sunny Day|p1a: Moltres\n|-weather|SunnyDay\n|move|p2a: Blastoise|Dragon Tail|p1a: Moltres\n|-damage|p1a: Moltres|82\/100\n|drag|p1a: Slowbro|Slowbro, M|100\/100\n|\n|-weather|SunnyDay|[upkeep]\n|-damage|p2a: Blastoise|12\/100 brn|[from] brn\n|upkeep\n|turn|7\n|\n|t:|1700527596\n|move|p2a: Blastoise|Flip Turn|p1a: Slowbro\n|-resisted|p1a: Slowbro\n|-damage|p1a: Slowbro|99\/100\n|\n|t:|1700527599\n|switch|p2a: Venusaur|Venusaur, M, shiny|100\/100|[from] Flip Turn\n|move|p1a: Slowbro|Teleport|p1a: Slowbro\n|\n|t:|1700527606\n|switch|p1a: Moltres|Moltres|82\/100|[from] Teleport\n|\n|-weather|SunnyDay|[upkeep]\n|upkeep\n|turn|8\n|\n|t:|1700527615\n|-terastallize|p2a: Venusaur|Fire\n|-terastallize|p1a: Moltres|Fire\n|move|p2a: Venusaur|Sludge Bomb|p1a: Moltres\n|-damage|p1a: Moltres|15\/100\n|-damage|p2a: Venusaur|91\/100|[from] item: Life Orb\n|move|p1a: Moltres|Burn Up|p2a: Venusaur\n|-resisted|p2a: Venusaur\n|-damage|p2a: Venusaur|13\/100\n|-start|p1a: Moltres|typechange|Fire|[from] move: Burn Up\n|\n|-weather|SunnyDay|[upkeep]\n|upkeep\n|turn|9\n|\n|t:|1700527630\n|switch|p1a: Ting-Lu|Ting-Lu|14\/100\n|-ability|p1a: Ting-Lu|Vessel of Ruin\n|move|p2a: Venusaur|Weather Ball|p1a: Ting-Lu\n|-damage|p1a: Ting-Lu|0 fnt\n|faint|p1a: Ting-Lu\n|-damage|p2a: Venusaur|3\/100|[from] item: Life Orb\n|\n|-weather|SunnyDay|[upkeep]\n|upkeep\n|\n|t:|1700527644\n|switch|p1a: Kartana|Kartana|100\/100\n|turn|10\n|\n|t:|1700527654\n|switch|p2a: Blastoise|Blastoise, M, shiny|12\/100 brn\n|move|p1a: Kartana|Knock Off|p2a: Blastoise\n|-damage|p2a: Blastoise|0 fnt\n|-enditem|p2a: Blastoise|Assault Vest|[from] move: Knock Off|[of] p1a: Kartana\n|faint|p2a: Blastoise\n|-ability|p1a: Kartana|Beast Boost|boost\n|-boost|p1a: Kartana|atk|1\n|\n|-weather|none\n|upkeep\n|\n|t:|1700527661\n|switch|p2a: Rhydon|Rhydon, F, shiny|100\/100\n|turn|11\n|\n|t:|1700527667\n|switch|p1a: Torkoal|Torkoal, F|100\/100\n|-weather|SunnyDay|[from] ability: Drought|[of] p1a: Torkoal\n|move|p2a: Rhydon|Earthquake|p1a: Torkoal\n|-supereffective|p1a: Torkoal\n|-damage|p1a: Torkoal|46\/100\n|\n|-weather|SunnyDay|[upkeep]\n|upkeep\n|turn|12\n|\n|t:|1700527685\n|move|p2a: Rhydon|Earthquake|p1a: Torkoal\n|-supereffective|p1a: Torkoal\n|-damage|p1a: Torkoal|0 fnt\n|faint|p1a: Torkoal\n|\n|-weather|SunnyDay|[upkeep]\n|upkeep\n|\n|t:|1700527692\n|switch|p1a: Kartana|Kartana|100\/100\n|turn|13\n|\n|t:|1700527695\n|switch|p2a: Scyther|Scyther, F, shiny|100\/100\n|move|p1a: Kartana|Solar Blade||[still]\n|-prepare|p1a: Kartana|Solar Blade\n|-anim|p1a: Kartana|Solar Blade|p2a: Scyther\n|-resisted|p2a: Scyther\n|-damage|p2a: Scyther|70\/100\n|\n|-weather|SunnyDay|[upkeep]\n|upkeep\n|turn|14\n|\n|t:|1700527709\n|move|p1a: Kartana|Solar Blade||[still]\n|-prepare|p1a: Kartana|Solar Blade\n|-anim|p1a: Kartana|Solar Blade|p2a: Scyther\n|-resisted|p2a: Scyther\n|-damage|p2a: Scyther|41\/100\n|move|p2a: Scyther|Dual Wingbeat|p1a: Kartana\n|-damage|p1a: Kartana|55\/100\n|-damage|p1a: Kartana|15\/100\n|-hitcount|p1a: Kartana|2\n|\n|-weather|SunnyDay|[upkeep]\n|upkeep\n|turn|15\n|\n|t:|1700527722\n|switch|p1a: Moltres|Moltres, tera:Fire|15\/100\n|move|p2a: Scyther|Dual Wingbeat|p1a: Moltres\n|-damage|p1a: Moltres|0 fnt\n|-status|p2a: Scyther|brn|[from] ability: Flame Body|[of] p1a: Moltres\n|faint|p1a: Moltres\n|-hitcount|p1: Moltres|1\n|\n|-weather|SunnyDay|[upkeep]\n|-damage|p2a: Scyther|35\/100 brn|[from] brn\n|upkeep\n|\n|t:|1700527745\n|switch|p1a: Slowbro|Slowbro, M|100\/100\n|turn|16\n|\n|t:|1700527750\n|switch|p2a: Jolteon|Jolteon, M, shiny|100\/100\n|move|p1a: Slowbro|Teleport|p1a: Slowbro\n|\n|t:|1700527754\n|switch|p1a: Kartana|Kartana|15\/100|[from] Teleport\n|\n|-weather|SunnyDay|[upkeep]\n|-status|p2a: Jolteon|brn|[from] item: Flame Orb\n|upkeep\n|turn|17\n|\n|t:|1700527762\n|move|p2a: Jolteon|Weather Ball|p1a: Kartana\n|-supereffective|p1a: Kartana\n|-damage|p1a: Kartana|0 fnt\n|faint|p1a: Kartana\n|\n|-weather|SunnyDay|[upkeep]\n|-damage|p2a: Jolteon|94\/100 brn|[from] brn\n|upkeep\n|\n|t:|1700527771\n|switch|p1a: Tapu Lele|Tapu Lele|100\/100\n|-fieldstart|move: Psychic Terrain|[from] ability: Psychic Surge|[of] p1a: Tapu Lele\n|turn|18\n|\n|t:|1700527780\n|move|p2a: Jolteon|Volt Switch|p1a: Tapu Lele\n|-damage|p1a: Tapu Lele|72\/100\n|\n|t:|1700527787\n|switch|p2a: Scyther|Scyther, F, shiny|35\/100 brn|[from] Volt Switch\n|move|p1a: Tapu Lele|Calm Mind|p1a: Tapu Lele\n|-boost|p1a: Tapu Lele|spa|1\n|-boost|p1a: Tapu Lele|spd|1\n|\n|-weather|none\n|-heal|p1a: Tapu Lele|78\/100|[from] item: Leftovers\n|-damage|p2a: Scyther|29\/100 brn|[from] brn\n|upkeep\n|turn|19\n|\n|t:|1700527800\n|move|p2a: Scyther|Dual Wingbeat|p1a: Tapu Lele\n|-damage|p1a: Tapu Lele|49\/100\n|-damage|p1a: Tapu Lele|23\/100\n|-hitcount|p1a: Tapu Lele|2\n|move|p1a: Tapu Lele|Psychic|p2a: Scyther\n|-damage|p2a: Scyther|0 fnt\n|faint|p2a: Scyther\n|\n|-heal|p1a: Tapu Lele|29\/100|[from] item: Leftovers\n|upkeep\n|\n|t:|1700527809\n|switch|p2a: Rhydon|Rhydon, F, shiny|100\/100\n|turn|20\n|\n|t:|1700527820\n|move|p1a: Tapu Lele|Psychic|p2a: Rhydon\n|-damage|p2a: Rhydon|43\/100\n|move|p2a: Rhydon|Earthquake|p1a: Tapu Lele\n|-damage|p1a: Tapu Lele|0 fnt\n|faint|p1a: Tapu Lele\n|\n|upkeep\n|\n|t:|1700527828\n|switch|p1a: Slowbro|Slowbro, M|100\/100\n|turn|21\n|\n|t:|1700527832\n|switch|p2a: Ninetales|Ninetales, M, shiny|100\/100\n|-weather|SunnyDay|[from] ability: Drought|[of] p2a: Ninetales\n|move|p1a: Slowbro|Scald|p2a: Ninetales\n|-supereffective|p2a: Ninetales\n|-crit|p2a: Ninetales\n|-damage|p2a: Ninetales|50\/100\n|\n|-weather|SunnyDay|[upkeep]\n|upkeep\n|turn|22\n|\n|t:|1700527842\n|move|p2a: Ninetales|Healing Wish|p2a: Ninetales\n|faint|p2a: Ninetales\n|move|p1a: Slowbro|Scald|p2: Ninetales|[notarget]\n|-fail|p1a: Slowbro\n|\n|-weather|SunnyDay|[upkeep]\n|-fieldend|move: Psychic Terrain\n|upkeep\n|\n|t:|1700527847\n|switch|p2a: Venusaur|Venusaur, M, shiny, tera:Fire|3\/100\n|-heal|p2a: Venusaur|100\/100|[from] move: Healing Wish\n|turn|23\n|\n|t:|1700527852\n|move|p2a: Venusaur|Giga Drain|p1a: Slowbro\n|-supereffective|p1a: Slowbro\n|-damage|p1a: Slowbro|0 fnt\n|faint|p1a: Slowbro\n|-damage|p2a: Venusaur|91\/100|[from] item: Life Orb\n|\n|win|Sirrawrz\n|raw|Apicklenamedrick's rating: 1493 &rarr; <strong>1474<\/strong><br \/>(-19 for losing)\n|raw|Sirrawrz's rating: 1504 &rarr; <strong>1523<\/strong><br \/>(+19 for winning)\n|l|\u2606Apicklenamedrick\n","uploadtime":1700527861,"views":1,"p1id":"apicklenamedrick","p2id":"sirrawrz","formatid":"gen9nationaldex","rating":1474,"private":0,"password":""}