{"id":"gen9nationaldex-1988618609","p1":"lily \u272a hii","p2":"D\u2192luxe","format":"[Gen 9] National Dex","log":"|j|\u2606lily \u272a hii\n|j|\u2606D\u2192luxe\n|t:|1699742612\n|gametype|singles\n|player|p1|lily \u272a hii|266|\n|player|p2|D\u2192luxe|cyclist|\n|teamsize|p1|6\n|teamsize|p2|6\n|gen|9\n|tier|[Gen 9] National Dex\n|rule|HP Percentage Mod: HP is shown in percentages\n|rule|Endless Battle Clause: Forcing endless battles is banned\n|rule|OHKO Clause: OHKO moves are banned\n|rule|Evasion Clause: Evasion abilities, items, and moves are banned\n|rule|Evasion Abilities Clause: Evasion abilities are banned\n|rule|Evasion Items Clause: Evasion items are banned\n|rule|Evasion Moves Clause: Evasion moves are banned\n|rule|Species Clause: Limit one of each Pok\u00e9mon\n|rule|Sleep Clause Mod: Limit one foe put to sleep\n|clearpoke\n|poke|p1|Druddigon, F|\n|poke|p1|Greninja-*, M|\n|poke|p1|Mawile, M|\n|poke|p1|Corviknight, F|\n|poke|p1|Toxapex, M|\n|poke|p1|Clefable, M|\n|poke|p2|Tapu Koko|\n|poke|p2|Grimmsnarl, M|\n|poke|p2|Azumarill, M|\n|poke|p2|Mawile, M|\n|poke|p2|Togekiss, F|\n|poke|p2|Mimikyu, F|\n|teampreview\n|inactive|Battle timer is ON: inactive players will automatically lose when time's up. (requested by lily \u272a hii)\n|c|\u2606D\u2192luxe|whole lotta gang shit\n|c|\u2606lily \u272a hii|is this\n|c|\u2606lily \u272a hii|a gen 7 team\n|c|\u2606D\u2192luxe|no its gen 8\n|inactive|D\u2192luxe has 270 seconds left.\n|c|\u2606D\u2192luxe|i got mr grim\n|c|\u2606lily \u272a hii|no grimmsnarl was in gen 7\n|c|\u2606lily \u272a hii|trust me\n|\n|t:|1699742663\n|start\n|switch|p1a: Greninja|Greninja, M|100\/100\n|switch|p2a: Griff|Grimmsnarl, M|100\/100\n|turn|1\n|\n|t:|1699742690\n|switch|p1a: Mawile|Mawile, M|100\/100\n|-ability|p1a: Mawile|Intimidate|boost\n|-unboost|p2a: Griff|atk|1\n|move|p2a: Griff|Light Screen|p2a: Griff\n|-sidestart|p2: D\u2192luxe|move: Light Screen\n|\n|upkeep\n|turn|2\n|\n|t:|1699742699\n|move|p2a: Griff|Reflect|p2a: Griff\n|-sidestart|p2: D\u2192luxe|Reflect\n|move|p1a: Mawile|Swords Dance|p1a: Mawile\n|-boost|p1a: Mawile|atk|2\n|\n|upkeep\n|turn|3\n|\n|t:|1699742708\n|switch|p2a: Tiff|Togekiss, F|100\/100\n|move|p1a: Mawile|Swords Dance|p1a: Mawile\n|-boost|p1a: Mawile|atk|2\n|\n|upkeep\n|turn|4\n|\n|t:|1699742715\n|move|p2a: Tiff|Fire Blast|p1a: Mawile\n|-supereffective|p1a: Mawile\n|-damage|p1a: Mawile|0 fnt\n|faint|p1a: Mawile\n|\n|upkeep\n|c|\u2606lily \u272a hii|HUH\n|c|\u2606lily \u272a hii|it\n|c|\u2606D\u2192luxe|one hit is crazy\n|\n|t:|1699742734\n|switch|p1a: Corviknight|Corviknight, F, shiny|100\/100\n|-ability|p1a: Corviknight|Pressure\n|turn|5\n|\n|t:|1699742737\n|switch|p1a: Toxapex|Toxapex, M, shiny|100\/100\n|move|p2a: Tiff|Nasty Plot|p2a: Tiff\n|-boost|p2a: Tiff|spa|2\n|\n|upkeep\n|turn|6\n|c|\u2606lily \u272a hii|watch this thing use thunderbolt\n|\n|t:|1699742753\n|move|p2a: Tiff|Air Slash|p1a: Toxapex\n|-damage|p1a: Toxapex|50\/100\n|cant|p1a: Toxapex|flinch\n|\n|-heal|p1a: Toxapex|56\/100|[from] item: Black Sludge\n|upkeep\n|turn|7\n|\n|t:|1699742758\n|move|p2a: Tiff|Air Slash|p1a: Toxapex\n|-damage|p1a: Toxapex|9\/100\n|cant|p1a: Toxapex|flinch\n|\n|-heal|p1a: Toxapex|15\/100|[from] item: Black Sludge\n|upkeep\n|turn|8\n|c|\u2606lily \u272a hii|wait why does my toxapex not have prankster\n|c|\u2606D\u2192luxe|i have more sinister plans\n|\n|t:|1699742769\n|switch|p1a: Corviknight|Corviknight, F, shiny|100\/100\n|-ability|p1a: Corviknight|Pressure\n|move|p2a: Tiff|Air Slash|p1a: Corviknight\n|-resisted|p1a: Corviknight\n|-damage|p1a: Corviknight|70\/100\n|\n|-heal|p1a: Corviknight|76\/100|[from] item: Leftovers\n|-sideend|p2: D\u2192luxe|move: Light Screen\n|upkeep\n|turn|9\n|c|\u2606D\u2192luxe|bc\n|c|\u2606D\u2192luxe|this is\n|c|\u2606D\u2192luxe|regular ass natdex\n|\n|t:|1699742779\n|move|p2a: Tiff|Nasty Plot|p2a: Tiff\n|-boost|p2a: Tiff|spa|2\n|move|p1a: Corviknight|Roost|p1a: Corviknight\n|-heal|p1a: Corviknight|100\/100\n|-singleturn|p1a: Corviknight|move: Roost\n|\n|-sideend|p2: D\u2192luxe|Reflect\n|upkeep\n|turn|10\n|\n|t:|1699742790\n|move|p2a: Tiff|Tailwind|p2a: Tiff\n|-sidestart|p2: D\u2192luxe|move: Tailwind\n|move|p1a: Corviknight|Brave Bird|p2a: Tiff\n|-damage|p2a: Tiff|58\/100\n|-damage|p1a: Corviknight|89\/100|[from] Recoil\n|\n|-heal|p2a: Tiff|64\/100|[from] item: Leftovers\n|-heal|p1a: Corviknight|96\/100|[from] item: Leftovers\n|upkeep\n|turn|11\n|\n|t:|1699742801\n|switch|p1a: Toxapex|Toxapex, M, shiny|48\/100\n|move|p2a: Tiff|Fire Blast|p1a: Toxapex\n|-resisted|p1a: Toxapex\n|-damage|p1a: Toxapex|11\/100\n|\n|-heal|p2a: Tiff|70\/100|[from] item: Leftovers\n|-heal|p1a: Toxapex|17\/100|[from] item: Black Sludge\n|upkeep\n|turn|12\n|\n|t:|1699742814\n|switch|p1a: Druddigon|Druddigon, F|100\/100\n|move|p2a: Tiff|Air Slash|p1a: Druddigon\n|-damage|p1a: Druddigon|0 fnt\n|faint|p1a: Druddigon\n|\n|-heal|p2a: Tiff|76\/100|[from] item: Leftovers\n|upkeep\n|c|\u2606lily \u272a hii|why AIR SLASH THERE\n|\n|t:|1699742825\n|switch|p1a: Toxapex|Toxapex, M, shiny|50\/100\n|turn|13\n|c|\u2606D\u2192luxe|cheap ass screens takes another 6-0\n|\n|t:|1699742836\n|move|p2a: Tiff|Air Slash|p1a: Toxapex\n|-damage|p1a: Toxapex|0 fnt\n|faint|p1a: Toxapex\n|\n|-heal|p2a: Tiff|82\/100|[from] item: Leftovers\n|-sideend|p2: D\u2192luxe|move: Tailwind\n|upkeep\n|c|\u2606lily \u272a hii|WHY AIR SLASH THERE\n|\n|t:|1699742847\n|switch|p1a: Greninja|Greninja, M|100\/100\n|turn|14\n|\n|t:|1699742857\n|-terastallize|p1a: Greninja|Water\n|move|p1a: Greninja|Hydro Pump|p2a: Tiff\n|-damage|p2a: Tiff|0 fnt\n|faint|p2a: Tiff\n|-ability|p1a: Greninja|Battle Bond|boost\n|-boost|p1a: Greninja|atk|1\n|-boost|p1a: Greninja|spa|1\n|-boost|p1a: Greninja|spe|1\n|-activate|p1a: Greninja|ability: Battle Bond\n|\n|upkeep\n|c|\u2606lily \u272a hii|WHAT THE HELL\n|c|\u2606lily \u272a hii|WHY\n|c|\u2606D\u2192luxe|ive been getted\n|c|\u2606lily \u272a hii|WHAT IS THAT\n|c|\u2606lily \u272a hii|WHAT\n|c|\u2606lily \u272a hii|WHY DOES IT GET VICTORY DANCE\n|\n|t:|1699742882\n|switch|p2a: Sniff|Mimikyu, F|100\/100\n|turn|15\n|\n|t:|1699742891\n|-terastallize|p2a: Sniff|Ghost\n|move|p1a: Greninja|Hydro Pump|p2a: Sniff\n|-activate|p2a: Sniff|ability: Disguise\n|-damage|p2a: Sniff|100\/100\n|detailschange|p2a: Sniff|Mimikyu-Busted, F, tera:Ghost\n|-damage|p2a: Sniff|88\/100|[from] pokemon: Mimikyu-Busted\n|move|p2a: Sniff|Shadow Claw|p1a: Greninja\n|-damage|p1a: Greninja|21\/100\n|-damage|p2a: Sniff|78\/100|[from] item: Life Orb\n|\n|upkeep\n|turn|16\n|\n|t:|1699742894\n|switch|p1a: Corviknight|Corviknight, F, shiny|96\/100\n|-ability|p1a: Corviknight|Pressure\n|move|p2a: Sniff|Shadow Sneak|p1a: Corviknight\n|-damage|p1a: Corviknight|77\/100\n|-damage|p2a: Sniff|68\/100|[from] item: Life Orb\n|\n|-heal|p1a: Corviknight|83\/100|[from] item: Leftovers\n|upkeep\n|turn|17\n|c|\u2606lily \u272a hii|oh wait\n|c|\u2606lily \u272a hii|this is a downgrade\n|c|\u2606lily \u272a hii|NOOO MY STAT BOOSTS\n|\n|t:|1699742915\n|move|p2a: Sniff|Swords Dance|p2a: Sniff\n|-boost|p2a: Sniff|atk|2\n|move|p1a: Corviknight|U-turn|p2a: Sniff\n|-resisted|p2a: Sniff\n|-damage|p2a: Sniff|55\/100\n|\n|t:|1699742919\n|switch|p1a: Clefable|Clefable, M|100\/100|[from] U-turn\n|\n|upkeep\n|turn|18\n|\n|t:|1699742923\n|move|p2a: Sniff|Shadow Claw|p1a: Clefable\n|-damage|p1a: Clefable|29\/100\n|-damage|p2a: Sniff|46\/100|[from] item: Life Orb\n|move|p1a: Clefable|Moonblast|p2a: Sniff\n|-damage|p2a: Sniff|0 fnt\n|faint|p2a: Sniff\n|\n|upkeep\n|c|\u2606lily \u272a hii|rigged ass game\n|\n|t:|1699742930\n|switch|p2a: Riff|Mawile, M|100\/100\n|-ability|p2a: Riff|Intimidate|boost\n|-unboost|p1a: Clefable|atk|1\n|turn|19\n|c|\u2606D\u2192luxe|watch this\n|\n|t:|1699742945\n|detailschange|p2a: Riff|Mawile-Mega, M\n|-mega|p2a: Riff|Mawile|Mawilite\n|move|p1a: Clefable|Thunder|p2a: Riff\n|-damage|p2a: Riff|61\/100\n|move|p2a: Riff|Swords Dance|p2a: Riff\n|-boost|p2a: Riff|atk|2\n|\n|upkeep\n|turn|20\n|c|\u2606D\u2192luxe|OW\n|c|\u2606lily \u272a hii|why did you not get paralyzed\n|\n|t:|1699742958\n|move|p1a: Clefable|Thunder|p2a: Riff\n|-damage|p2a: Riff|27\/100\n|-status|p2a: Riff|par\n|move|p2a: Riff|Play Rough|p1a: Clefable\n|-damage|p1a: Clefable|0 fnt\n|faint|p1a: Clefable\n|\n|upkeep\n|\n|t:|1699742969\n|switch|p1a: Corviknight|Corviknight, F, shiny|83\/100\n|-ability|p1a: Corviknight|Pressure\n|turn|21\n|\n|t:|1699742975\n|move|p2a: Riff|Sucker Punch||[still]\n|-fail|p2a: Riff\n|move|p1a: Corviknight|Roost|p1a: Corviknight\n|-heal|p1a: Corviknight|100\/100\n|-singleturn|p1a: Corviknight|move: Roost\n|\n|upkeep\n|turn|22\n|\n|t:|1699742981\n|cant|p2a: Riff|par\n|move|p1a: Corviknight|Brave Bird|p2a: Riff\n|-resisted|p2a: Riff\n|-damage|p2a: Riff|11\/100 par\n|-damage|p1a: Corviknight|96\/100|[from] Recoil\n|\n|-heal|p1a: Corviknight|100\/100|[from] item: Leftovers\n|upkeep\n|turn|23\n|c|\u2606lily \u272a hii|there we go\n|\n|t:|1699742989\n|cant|p2a: Riff|par\n|move|p1a: Corviknight|Defog|p2a: Riff\n|-unboost|p2a: Riff|evasion|1\n|\n|upkeep\n|turn|24\n|\n|t:|1699742993\n|cant|p2a: Riff|par\n|move|p1a: Corviknight|Defog|p2a: Riff\n|-unboost|p2a: Riff|evasion|1\n|\n|upkeep\n|turn|25\n|\n|t:|1699742996\n|move|p2a: Riff|Sucker Punch|p1a: Corviknight\n|-damage|p1a: Corviknight|47\/100\n|move|p1a: Corviknight|Brave Bird|p2a: Riff\n|-resisted|p2a: Riff\n|-damage|p2a: Riff|0 fnt\n|faint|p2a: Riff\n|-damage|p1a: Corviknight|45\/100|[from] Recoil\n|\n|-heal|p1a: Corviknight|51\/100|[from] item: Leftovers\n|upkeep\n|\n|t:|1699743001\n|switch|p2a: Cliff|Tapu Koko|100\/100\n|-fieldstart|move: Electric Terrain|[from] ability: Electric Surge|[of] p2a: Cliff\n|-enditem|p2a: Cliff|Electric Seed\n|-boost|p2a: Cliff|def|1|[from] item: Electric Seed\n|turn|26\n|c|\u2606lily \u272a hii|oh man\n|\n|t:|1699743010\n|move|p2a: Cliff|Calm Mind|p2a: Cliff\n|-boost|p2a: Cliff|spa|1\n|-boost|p2a: Cliff|spd|1\n|move|p1a: Corviknight|Brave Bird|p2a: Cliff\n|-resisted|p2a: Cliff\n|-damage|p2a: Cliff|84\/100\n|-damage|p1a: Corviknight|47\/100|[from] Recoil\n|\n|-heal|p1a: Corviknight|54\/100|[from] item: Leftovers\n|upkeep\n|turn|27\n|c|\u2606D\u2192luxe|mr bullshit is here to end it\n|c|\u2606lily \u272a hii|OH MAN\n|\n|t:|1699743021\n|move|p2a: Cliff|Thunderbolt|p1a: Corviknight\n|-supereffective|p1a: Corviknight\n|-damage|p1a: Corviknight|0 fnt\n|faint|p1a: Corviknight\n|\n|upkeep\n|\n|t:|1699743025\n|switch|p1a: Greninja|Greninja, M, tera:Water|21\/100\n|turn|28\n|c|\u2606lily \u272a hii|ok greninja\n|c|\u2606lily \u272a hii|how about u\n|c|\u2606lily \u272a hii|hit 5 times\n|c|\u2606lily \u272a hii|and crit\n|c|\u2606lily \u272a hii|5 times\n|inactive|lily \u272a hii has 270 seconds left.\n|\n|t:|1699743057\n|move|p1a: Greninja|Water Shuriken|p2a: Cliff\n|-damage|p2a: Cliff|72\/100\n|-crit|p2a: Cliff\n|-damage|p2a: Cliff|38\/100\n|-damage|p2a: Cliff|24\/100\n|-hitcount|p2a: Cliff|3\n|move|p2a: Cliff|Hidden Power|p1a: Greninja\n|-resisted|p1a: Greninja\n|-crit|p1a: Greninja\n|-damage|p1a: Greninja|0 fnt\n|faint|p1a: Greninja\n|\n|win|D\u2192luxe\n|c|\u2606lily \u272a hii|racist\n|c|\u2606D\u2192luxe|that is a meaty crit\n|c|\u2606lily \u272a hii|sexist\n|c|\u2606lily \u272a hii|transphobic\n|c|\u2606lily \u272a hii|homophobic\n|c|\u2606lily \u272a hii|heterophobic\n|c|\u2606D\u2192luxe|homofuck\n|c|\u2606lily \u272a hii|arachnophobi\n|c|\u2606D\u2192luxe|xenophobic\n|c|\u2606lily \u272a hii|thalassophobic\n|c|\u2606D\u2192luxe|hydrophobic\n","uploadtime":1699743114,"views":4,"p1id":"lilyhii","p2id":"dluxe","formatid":"gen9nationaldex","rating":0,"private":0,"password":""}