{"id":"gen9nationaldex-1991174624","p1":"chz3781873","p2":"KILLER TELEGRAM","format":"[Gen 9] National Dex","log":"|j|\u2606chz3781873\n|j|\u2606KILLER TELEGRAM\n|t:|1700053555\n|gametype|singles\n|player|p1|chz3781873|norman|1272\n|player|p2|KILLER TELEGRAM|winona|1324\n|teamsize|p1|6\n|teamsize|p2|6\n|gen|9\n|tier|[Gen 9] National Dex\n|rated|\n|rule|HP Percentage Mod: HP is shown in percentages\n|rule|Endless Battle Clause: Forcing endless battles is banned\n|rule|OHKO Clause: OHKO moves are banned\n|rule|Evasion Clause: Evasion abilities, items, and moves are banned\n|rule|Evasion Abilities Clause: Evasion abilities are banned\n|rule|Evasion Items Clause: Evasion items are banned\n|rule|Evasion Moves Clause: Evasion moves are banned\n|rule|Species Clause: Limit one of each Pok\u00e9mon\n|rule|Sleep Clause Mod: Limit one foe put to sleep\n|clearpoke\n|poke|p1|Venusaur, M|\n|poke|p1|Torkoal, F|\n|poke|p1|Clodsire, M|\n|poke|p1|Great Tusk|\n|poke|p1|Charizard, F|\n|poke|p1|Bisharp, M|\n|poke|p2|Ogerpon-Wellspring, F|\n|poke|p2|Pelipper, F|\n|poke|p2|Swampert, F|\n|poke|p2|Corviknight, F|\n|poke|p2|Garganacl, F|\n|poke|p2|Rillaboom, F|\n|teampreview\n|inactive|Battle timer is ON: inactive players will automatically lose when time's up. (requested by KILLER TELEGRAM)\n|\n|t:|1700053571\n|start\n|switch|p1a: Torkoal|Torkoal, F|100\/100\n|switch|p2a: Garganacl|Garganacl, F|100\/100\n|-weather|SunnyDay|[from] ability: Drought|[of] p1a: Torkoal\n|turn|1\n|\n|t:|1700053597\n|move|p2a: Garganacl|Salt Cure|p1a: Torkoal\n|-supereffective|p1a: Torkoal\n|-damage|p1a: Torkoal|84\/100\n|-start|p1a: Torkoal|Salt Cure\n|move|p1a: Torkoal|Stealth Rock|p2a: Garganacl\n|-sidestart|p2: KILLER TELEGRAM|move: Stealth Rock\n|\n|-weather|SunnyDay|[upkeep]\n|-damage|p1a: Torkoal|72\/100|[from] Salt Cure\n|upkeep\n|turn|2\n|\n|t:|1700053611\n|switch|p1a: Great Tusk|Great Tusk|100\/100\n|-activate|p1a: Great Tusk|ability: Protosynthesis\n|-start|p1a: Great Tusk|protosynthesisdef\n|move|p2a: Garganacl|Salt Cure|p1a: Great Tusk\n|-resisted|p1a: Great Tusk\n|-damage|p1a: Great Tusk|99\/100\n|-start|p1a: Great Tusk|Salt Cure\n|\n|-weather|SunnyDay|[upkeep]\n|-heal|p1a: Great Tusk|100\/100|[from] item: Leftovers\n|-damage|p1a: Great Tusk|88\/100|[from] Salt Cure\n|upkeep\n|turn|3\n|inactive|chz3781873 has 120 seconds left.\n|\n|t:|1700053638\n|switch|p2a: Corviknight|Corviknight, F|100\/100\n|-damage|p2a: Corviknight|88\/100|[from] Stealth Rock\n|-ability|p2a: Corviknight|Pressure\n|move|p1a: Great Tusk|Earthquake|p2a: Corviknight\n|-immune|p2a: Corviknight\n|\n|-weather|SunnyDay|[upkeep]\n|-heal|p1a: Great Tusk|94\/100|[from] item: Leftovers\n|-damage|p1a: Great Tusk|82\/100|[from] Salt Cure\n|upkeep\n|turn|4\n|\n|t:|1700053656\n|-end|p1a: Great Tusk|Protosynthesis|[silent]\n|switch|p1a: Venusaur|Venusaur, M|100\/100\n|move|p2a: Corviknight|Defog|p1a: Venusaur\n|-unboost|p1a: Venusaur|evasion|1\n|-sideend|p2: KILLER TELEGRAM|Stealth Rock|[from] move: Defog|[of] p2a: Corviknight\n|\n|-weather|SunnyDay|[upkeep]\n|upkeep\n|turn|5\n|\n|t:|1700053666\n|switch|p2a: Pelipper|Pelipper, F|100\/100\n|-weather|RainDance|[from] ability: Drizzle|[of] p2a: Pelipper\n|move|p1a: Venusaur|Growth|p1a: Venusaur\n|-boost|p1a: Venusaur|atk|1\n|-boost|p1a: Venusaur|spa|1\n|\n|-weather|RainDance|[upkeep]\n|upkeep\n|turn|6\n|inactive|chz3781873 has 120 seconds left.\n|\n|t:|1700053680\n|move|p1a: Venusaur|Giga Drain|p2a: Pelipper\n|-damage|p2a: Pelipper|15\/100\n|-damage|p1a: Venusaur|91\/100|[from] item: Life Orb\n|move|p2a: Pelipper|Toxic|p1a: Venusaur\n|-immune|p1a: Venusaur\n|\n|-weather|RainDance|[upkeep]\n|upkeep\n|turn|7\n|inactive|chz3781873 has 120 seconds left.\n|\n|t:|1700053695\n|switch|p2a: Corviknight|Corviknight, F|88\/100\n|-ability|p2a: Corviknight|Pressure\n|move|p1a: Venusaur|Giga Drain|p2a: Corviknight\n|-resisted|p2a: Corviknight\n|-damage|p2a: Corviknight|75\/100\n|-heal|p1a: Venusaur|99\/100|[from] drain|[of] p2a: Corviknight\n|-damage|p1a: Venusaur|89\/100|[from] item: Life Orb\n|\n|-weather|RainDance|[upkeep]\n|upkeep\n|turn|8\n|inactive|chz3781873 has 120 seconds left.\n|\n|t:|1700053711\n|move|p1a: Venusaur|Weather Ball|p2a: Corviknight\n|-crit|p2a: Corviknight\n|-damage|p2a: Corviknight|0 fnt\n|faint|p2a: Corviknight\n|-damage|p1a: Venusaur|79\/100|[from] item: Life Orb\n|\n|-weather|RainDance|[upkeep]\n|upkeep\n|\n|t:|1700053721\n|switch|p2a: Ogerpon|Ogerpon-Wellspring, F|100\/100\n|turn|9\n|\n|t:|1700053736\n|-terastallize|p2a: Ogerpon|Water\n|detailschange|p2a: Ogerpon|Ogerpon-Wellspring-Tera, F, tera:Water\n|-ability|p2a: Ogerpon|Embody Aspect (Wellspring)|boost\n|-boost|p2a: Ogerpon|spd|1\n|move|p2a: Ogerpon|Ivy Cudgel|p1a: Venusaur|[anim] Ivy Cudgel Water\n|-resisted|p1a: Venusaur\n|-damage|p1a: Venusaur|0 fnt\n|faint|p1a: Venusaur\n|\n|-weather|RainDance|[upkeep]\n|upkeep\n|inactive|chz3781873 has 120 seconds left.\n|\n|t:|1700053760\n|switch|p1a: Torkoal|Torkoal, F|72\/100\n|-weather|SunnyDay|[from] ability: Drought|[of] p1a: Torkoal\n|turn|10\n|\n|t:|1700053778\n|move|p2a: Ogerpon|Ivy Cudgel|p1a: Torkoal|[anim] Ivy Cudgel Water\n|-supereffective|p1a: Torkoal\n|-crit|p1a: Torkoal\n|-damage|p1a: Torkoal|4\/100\n|move|p1a: Torkoal|Hidden Power|p2a: Ogerpon\n|-supereffective|p2a: Ogerpon\n|-damage|p2a: Ogerpon|81\/100\n|\n|-weather|SunnyDay|[upkeep]\n|upkeep\n|turn|11\n|inactive|chz3781873 has 120 seconds left.\n|inactive|KILLER TELEGRAM has 120 seconds left.\n|\n|t:|1700053798\n|move|p2a: Ogerpon|Ivy Cudgel|p1a: Torkoal|[anim] Ivy Cudgel Water\n|-supereffective|p1a: Torkoal\n|-damage|p1a: Torkoal|0 fnt\n|faint|p1a: Torkoal\n|\n|-weather|SunnyDay|[upkeep]\n|upkeep\n|\n|t:|1700053803\n|switch|p1a: Great Tusk|Great Tusk|82\/100\n|-activate|p1a: Great Tusk|ability: Protosynthesis\n|-start|p1a: Great Tusk|protosynthesisdef\n|turn|12\n|inactive|chz3781873 has 120 seconds left.\n|\n|t:|1700053815\n|-terastallize|p1a: Great Tusk|Water\n|move|p2a: Ogerpon|Ivy Cudgel|p1a: Great Tusk|[anim] Ivy Cudgel Water\n|-resisted|p1a: Great Tusk\n|-damage|p1a: Great Tusk|74\/100\n|move|p1a: Great Tusk|Earthquake|p2a: Ogerpon\n|-damage|p2a: Ogerpon|26\/100\n|\n|-weather|SunnyDay|[upkeep]\n|-heal|p1a: Great Tusk|80\/100|[from] item: Leftovers\n|upkeep\n|turn|13\n|inactive|chz3781873 has 120 seconds left.\n|inactive|KILLER TELEGRAM has 120 seconds left.\n|\n|t:|1700053844\n|move|p2a: Ogerpon|Power Whip|p1a: Great Tusk\n|-supereffective|p1a: Great Tusk\n|-damage|p1a: Great Tusk|29\/100\n|move|p1a: Great Tusk|Rapid Spin|p2a: Ogerpon\n|-damage|p2a: Ogerpon|5\/100\n|-boost|p1a: Great Tusk|spe|1\n|\n|-weather|SunnyDay|[upkeep]\n|-heal|p1a: Great Tusk|35\/100|[from] item: Leftovers\n|upkeep\n|turn|14\n|inactive|chz3781873 has 120 seconds left.\n|\n|t:|1700053866\n|switch|p2a: Garganacl|Garganacl, F|100\/100\n|move|p1a: Great Tusk|Earthquake|p2a: Garganacl\n|-supereffective|p2a: Garganacl\n|-damage|p2a: Garganacl|37\/100\n|\n|-weather|SunnyDay|[upkeep]\n|-heal|p1a: Great Tusk|41\/100|[from] item: Leftovers\n|-heal|p2a: Garganacl|44\/100|[from] item: Leftovers\n|upkeep\n|turn|15\n|\n|t:|1700053881\n|move|p1a: Great Tusk|Earthquake|p2a: Garganacl\n|-supereffective|p2a: Garganacl\n|-damage|p2a: Garganacl|0 fnt\n|faint|p2a: Garganacl\n|\n|-weather|SunnyDay|[upkeep]\n|-heal|p1a: Great Tusk|48\/100|[from] item: Leftovers\n|upkeep\n|\n|t:|1700053889\n|switch|p2a: Pelipper|Pelipper, F|15\/100\n|-weather|RainDance|[from] ability: Drizzle|[of] p2a: Pelipper\n|-end|p1a: Great Tusk|Protosynthesis\n|turn|16\n|inactive|chz3781873 has 120 seconds left.\n|\n|t:|1700053901\n|move|p1a: Great Tusk|Ice Spinner|p2a: Pelipper\n|-damage|p2a: Pelipper|0 fnt\n|faint|p2a: Pelipper\n|\n|-weather|RainDance|[upkeep]\n|-heal|p1a: Great Tusk|54\/100|[from] item: Leftovers\n|upkeep\n|\n|t:|1700053910\n|switch|p2a: Rillaboom|Rillaboom, F|100\/100\n|-fieldstart|move: Grassy Terrain|[from] ability: Grassy Surge|[of] p2a: Rillaboom\n|turn|17\n|inactive|chz3781873 has 120 seconds left.\n|\n|t:|1700053923\n|-end|p1a: Great Tusk|Protosynthesis|[silent]\n|switch|p1a: Charizard|Charizard, F, shiny|100\/100\n|move|p2a: Rillaboom|Grassy Glide|p1a: Charizard\n|-resisted|p1a: Charizard\n|-damage|p1a: Charizard|88\/100\n|\n|-weather|RainDance|[upkeep]\n|upkeep\n|turn|18\n|inactive|KILLER TELEGRAM has 120 seconds left.\n|l|\u2606KILLER TELEGRAM\n|inactive|KILLER TELEGRAM disconnected and has a minute to reconnect!\n|player|p2|\n|inactive|KILLER TELEGRAM has 30 seconds to reconnect!\n|inactive|KILLER TELEGRAM has 20 seconds to reconnect!\n|inactive|KILLER TELEGRAM has 15 seconds to reconnect!\n|inactive|KILLER TELEGRAM has 10 seconds to reconnect!\n|inactive|KILLER TELEGRAM has 5 seconds to reconnect!\n|-message|KILLER TELEGRAM lost due to inactivity.\n|\n|win|chz3781873\n|raw|chz3781873's rating: 1272 &rarr; <strong>1301<\/strong><br \/>(+29 for winning)\n|raw|KILLER TELEGRAM's rating: 1324 &rarr; <strong>1301<\/strong><br \/>(-23 for losing)\n","uploadtime":1700054004,"views":4,"p1id":"chz3781873","p2id":"killertelegram","formatid":"gen9nationaldex","rating":1301,"private":0,"password":""}