{"id":"gen9nationaldex-1998937603","p1":"TrecoBCewl","p2":"conifirous","format":"[Gen 9] National Dex","log":"|html|<div class=\"broadcast-blue\"><strong>[Gen 9] National Dex is currently suspecting Sneasler! For information on how to participate check out the <a href=\"https:\/\/www.smogon.com\/forums\/threads\/sv-national-dex-suspect-8-just-dance.3731534\/\">suspect thread<\/a>.<\/strong><\/div>\n|j|\u2606TrecoBCewl\n|j|\u2606conifirous\n|t:|1701015313\n|gametype|singles\n|player|p1|TrecoBCewl|doubleteam|1000\n|player|p2|conifirous|cheren-gen5bw2|1100\n|teamsize|p1|6\n|teamsize|p2|6\n|gen|9\n|tier|[Gen 9] National Dex\n|rated|\n|rule|HP Percentage Mod: HP is shown in percentages\n|rule|Endless Battle Clause: Forcing endless battles is banned\n|rule|OHKO Clause: OHKO moves are banned\n|rule|Evasion Clause: Evasion abilities, items, and moves are banned\n|rule|Evasion Abilities Clause: Evasion abilities are banned\n|rule|Evasion Items Clause: Evasion items are banned\n|rule|Evasion Moves Clause: Evasion moves are banned\n|rule|Species Clause: Limit one of each Pok\u00e9mon\n|rule|Sleep Clause Mod: Limit one foe put to sleep\n|clearpoke\n|poke|p1|Swampert, F|\n|poke|p1|Pelipper, M|\n|poke|p1|Kabutops, F|\n|poke|p1|Kommo-o, M|\n|poke|p1|Xurkitree|\n|poke|p1|Diancie|\n|poke|p2|Audino, F|\n|poke|p2|Scolipede, M|\n|poke|p2|Delphox, F|\n|poke|p2|Krookodile, M|\n|poke|p2|Aegislash, M|\n|poke|p2|Ditto|\n|teampreview\n|c|\u2606conifirous|good lucky\n|c|\u2606conifirous|have fun\n|\n|t:|1701015347\n|start\n|switch|p1a: Diancie|Diancie|100\/100\n|switch|p2a: Lemonade|Delphox, F|100\/100\n|turn|1\n|\n|t:|1701015369\n|-terastallize|p2a: Lemonade|Psychic\n|move|p2a: Lemonade|Skill Swap|p1a: Diancie\n|-activate|p2a: Lemonade|move: Skill Swap|Clear Body|Blaze|[of] p1a: Diancie\n|move|p1a: Diancie|Stealth Rock|p2a: Lemonade\n|-sidestart|p2: conifirous|move: Stealth Rock\n|\n|upkeep\n|turn|2\n|\n|t:|1701015384\n|switch|p2a: Courtesy Call|Audino, F|100\/100\n|-damage|p2a: Courtesy Call|88\/100|[from] Stealth Rock\n|move|p1a: Diancie|Toxic|p2a: Courtesy Call\n|-status|p2a: Courtesy Call|tox\n|\n|-heal|p2a: Courtesy Call|94\/100 tox|[from] item: Leftovers\n|-damage|p2a: Courtesy Call|88\/100 tox|[from] psn\n|upkeep\n|turn|3\n|\n|t:|1701015393\n|move|p1a: Diancie|Spikes|p2a: Courtesy Call\n|-sidestart|p2: conifirous|Spikes\n|move|p2a: Courtesy Call|Yawn|p1a: Diancie\n|-start|p1a: Diancie|move: Yawn|[of] p2a: Courtesy Call\n|\n|-heal|p2a: Courtesy Call|94\/100 tox|[from] item: Leftovers\n|-damage|p2a: Courtesy Call|82\/100 tox|[from] psn\n|upkeep\n|turn|4\n|\n|t:|1701015402\n|switch|p1a: Pelipper|Pelipper, M|100\/100\n|-weather|RainDance|[from] ability: Drizzle|[of] p1a: Pelipper\n|switch|p2a: This u?|Ditto|100\/100\n|-damage|p2a: This u?|88\/100|[from] Stealth Rock\n|-damage|p2a: This u?|76\/100|[from] Spikes\n|-transform|p2a: This u?|p1a: Pelipper|[from] ability: Imposter\n|\n|-weather|RainDance|[upkeep]\n|upkeep\n|turn|5\n|\n|t:|1701015430\n|move|p2a: This u?|Defog|p1a: Pelipper\n|-unboost|p1a: Pelipper|evasion|1\n|-sideend|p2: conifirous|Spikes|[from] move: Defog|[of] p2a: This u?\n|-sideend|p2: conifirous|Stealth Rock|[from] move: Defog|[of] p2a: This u?\n|move|p1a: Pelipper|U-turn|p2a: This u?\n|-resisted|p2a: This u?\n|-damage|p2a: This u?|69\/100\n|\n|t:|1701015433\n|switch|p1a: Kabutops|Kabutops, F|100\/100|[from] U-turn\n|\n|-weather|RainDance|[upkeep]\n|upkeep\n|turn|6\n|\n|t:|1701015451\n|switch|p2a: Kroko|Krookodile, M|100\/100\n|-ability|p2a: Kroko|Intimidate|boost\n|-unboost|p1a: Kabutops|atk|1\n|move|p1a: Kabutops|Swords Dance|p1a: Kabutops\n|-boost|p1a: Kabutops|atk|2\n|\n|-weather|RainDance|[upkeep]\n|upkeep\n|turn|7\n|\n|t:|1701015480\n|switch|p2a: Eye Sword|Aegislash, M|100\/100\n|move|p1a: Kabutops|Liquidation|p2a: Eye Sword\n|-damage|p2a: Eye Sword|7\/100\n|\n|-weather|RainDance|[upkeep]\n|upkeep\n|turn|8\n|\n|t:|1701015499\n|switch|p2a: Kroko|Krookodile, M|100\/100\n|-ability|p2a: Kroko|Intimidate|boost\n|-unboost|p1a: Kabutops|atk|1\n|move|p1a: Kabutops|Knock Off|p2a: Kroko\n|-resisted|p2a: Kroko\n|-damage|p2a: Kroko|85\/100\n|-enditem|p2a: Kroko|Leftovers|[from] move: Knock Off|[of] p1a: Kabutops\n|\n|-weather|none\n|upkeep\n|turn|9\n|\n|t:|1701015515\n|move|p1a: Kabutops|Swords Dance|p1a: Kabutops\n|-boost|p1a: Kabutops|atk|2\n|move|p2a: Kroko|Knock Off|p1a: Kabutops\n|-damage|p1a: Kabutops|31\/100\n|-enditem|p1a: Kabutops|Focus Sash|[from] move: Knock Off|[of] p2a: Kroko\n|\n|upkeep\n|turn|10\n|\n|t:|1701015525\n|switch|p2a: Eye Sword|Aegislash, M|7\/100\n|move|p1a: Kabutops|Liquidation|p2a: Eye Sword\n|-damage|p2a: Eye Sword|0 fnt\n|faint|p2a: Eye Sword\n|\n|upkeep\n|\n|t:|1701015531\n|switch|p2a: This u?|Ditto|69\/100\n|-transform|p2a: This u?|p1a: Kabutops|[from] ability: Imposter\n|turn|11\n|\n|t:|1701015553\n|move|p2a: This u?|Liquidation|p1a: Kabutops\n|-damage|p1a: Kabutops|0 fnt\n|faint|p1a: Kabutops\n|\n|upkeep\n|\n|t:|1701015559\n|switch|p1a: Pelipper|Pelipper, M|100\/100\n|-weather|RainDance|[from] ability: Drizzle|[of] p1a: Pelipper\n|turn|12\n|\n|t:|1701015584\n|switch|p2a: Courtesy Call|Audino, F|100\/100 tox\n|move|p1a: Pelipper|U-turn|p2a: Courtesy Call\n|-crit|p2a: Courtesy Call\n|-damage|p2a: Courtesy Call|83\/100 tox\n|\n|t:|1701015590\n|switch|p1a: Swampert|Swampert, F|100\/100|[from] U-turn\n|\n|-weather|RainDance|[upkeep]\n|-heal|p2a: Courtesy Call|89\/100 tox|[from] item: Leftovers\n|-damage|p2a: Courtesy Call|83\/100 tox|[from] psn\n|upkeep\n|turn|13\n|\n|t:|1701015599\n|detailschange|p1a: Swampert|Swampert-Mega, F\n|-mega|p1a: Swampert|Swampert|Swampertite\n|move|p1a: Swampert|Waterfall|p2a: Courtesy Call\n|-damage|p2a: Courtesy Call|15\/100 tox\n|move|p2a: Courtesy Call|Yawn|p1a: Swampert\n|-start|p1a: Swampert|move: Yawn|[of] p2a: Courtesy Call\n|\n|-weather|RainDance|[upkeep]\n|-heal|p2a: Courtesy Call|21\/100 tox|[from] item: Leftovers\n|-damage|p2a: Courtesy Call|9\/100 tox|[from] psn\n|upkeep\n|turn|14\n|\n|t:|1701015616\n|switch|p1a: Xurkitree|Xurkitree|100\/100\n|switch|p2a: This u?|Ditto|69\/100\n|-transform|p2a: This u?|p1a: Xurkitree|[from] ability: Imposter\n|\n|-weather|RainDance|[upkeep]\n|upkeep\n|turn|15\n|-message|TrecoBCewl forfeited.\n|\n|win|conifirous\n|raw|TrecoBCewl's rating: 1000 &rarr; <strong>1000<\/strong><br \/>(+0 for losing)\n|raw|conifirous's rating: 1100 &rarr; <strong>1118<\/strong><br \/>(+18 for winning)\n|l|\u2606TrecoBCewl\n","uploadtime":1701015637,"views":1,"p1id":"trecobcewl","p2id":"conifirous","formatid":"gen9nationaldex","rating":1000,"private":0,"password":""}