{"id":"gen9nationaldex-1991240276","p1":"chz3781873","p2":"SegaSunnyD","format":"[Gen 9] National Dex","log":"|j|\u2606chz3781873\n|j|\u2606SegaSunnyD\n|t:|1700060353\n|gametype|singles\n|player|p1|chz3781873|norman|1288\n|player|p2|SegaSunnyD|caitlin|1313\n|teamsize|p1|6\n|teamsize|p2|6\n|gen|9\n|tier|[Gen 9] National Dex\n|rated|\n|rule|HP Percentage Mod: HP is shown in percentages\n|rule|Endless Battle Clause: Forcing endless battles is banned\n|rule|OHKO Clause: OHKO moves are banned\n|rule|Evasion Clause: Evasion abilities, items, and moves are banned\n|rule|Evasion Abilities Clause: Evasion abilities are banned\n|rule|Evasion Items Clause: Evasion items are banned\n|rule|Evasion Moves Clause: Evasion moves are banned\n|rule|Species Clause: Limit one of each Pok\u00e9mon\n|rule|Sleep Clause Mod: Limit one foe put to sleep\n|clearpoke\n|poke|p1|Venusaur, M|\n|poke|p1|Torkoal, F|\n|poke|p1|Clodsire, M|\n|poke|p1|Great Tusk|\n|poke|p1|Charizard, F|\n|poke|p1|Bisharp, M|\n|poke|p2|Gardevoir, F|\n|poke|p2|Venomoth, M|\n|poke|p2|Gengar, F|\n|poke|p2|Araquanid, F|\n|poke|p2|Lucario, F|\n|poke|p2|Greninja-*, M|\n|teampreview\n|\n|t:|1700060365\n|start\n|switch|p1a: Torkoal|Torkoal, F|100\/100\n|switch|p2a: Araquanid|Araquanid, F, shiny|100\/100\n|-weather|SunnyDay|[from] ability: Drought|[of] p1a: Torkoal\n|turn|1\n|inactive|Battle timer is ON: inactive players will automatically lose when time's up. (requested by chz3781873)\n|\n|t:|1700060375\n|move|p2a: Araquanid|Magic Coat|p2a: Araquanid\n|-singleturn|p2a: Araquanid|move: Magic Coat\n|move|p1a: Torkoal|Hidden Power|p2a: Araquanid\n|-supereffective|p2a: Araquanid\n|-damage|p2a: Araquanid|82\/100\n|\n|-weather|SunnyDay|[upkeep]\n|upkeep\n|turn|2\n|\n|t:|1700060389\n|move|p2a: Araquanid|Sticky Web|p1a: Torkoal\n|-sidestart|p1: chz3781873|move: Sticky Web\n|move|p1a: Torkoal|Stealth Rock|p2a: Araquanid\n|-sidestart|p2: SegaSunnyD|move: Stealth Rock\n|\n|-weather|SunnyDay|[upkeep]\n|upkeep\n|turn|3\n|\n|t:|1700060395\n|move|p2a: Araquanid|Liquidation|p1a: Torkoal\n|-supereffective|p1a: Torkoal\n|-damage|p1a: Torkoal|62\/100\n|move|p1a: Torkoal|Hidden Power|p2a: Araquanid\n|-supereffective|p2a: Araquanid\n|-damage|p2a: Araquanid|62\/100\n|\n|-weather|SunnyDay|[upkeep]\n|upkeep\n|turn|4\n|\n|t:|1700060402\n|move|p2a: Araquanid|Liquidation|p1a: Torkoal\n|-supereffective|p1a: Torkoal\n|-damage|p1a: Torkoal|28\/100\n|move|p1a: Torkoal|Toxic|p2a: Araquanid\n|-status|p2a: Araquanid|tox\n|\n|-weather|SunnyDay|[upkeep]\n|-damage|p2a: Araquanid|56\/100 tox|[from] psn\n|upkeep\n|turn|5\n|\n|t:|1700060410\n|switch|p1a: Venusaur|Venusaur, M|100\/100\n|-activate|p1a: Venusaur|move: Sticky Web\n|-unboost|p1a: Venusaur|spe|1\n|move|p2a: Araquanid|Liquidation|p1a: Venusaur\n|-resisted|p1a: Venusaur\n|-damage|p1a: Venusaur|81\/100\n|\n|-weather|SunnyDay|[upkeep]\n|-damage|p2a: Araquanid|44\/100 tox|[from] psn\n|upkeep\n|turn|6\n|\n|t:|1700060418\n|move|p1a: Venusaur|Growth|p1a: Venusaur\n|-boost|p1a: Venusaur|atk|2\n|-boost|p1a: Venusaur|spa|2\n|move|p2a: Araquanid|Leech Life|p1a: Venusaur\n|-damage|p1a: Venusaur|38\/100\n|-heal|p2a: Araquanid|62\/100 tox|[from] drain|[of] p1a: Venusaur\n|\n|-weather|SunnyDay|[upkeep]\n|-damage|p2a: Araquanid|44\/100 tox|[from] psn\n|upkeep\n|turn|7\n|\n|t:|1700060427\n|move|p1a: Venusaur|Giga Drain|p2a: Araquanid\n|-damage|p2a: Araquanid|0 fnt\n|-heal|p1a: Venusaur|63\/100|[from] drain|[of] p2a: Araquanid\n|faint|p2a: Araquanid\n|-damage|p1a: Venusaur|53\/100|[from] item: Life Orb\n|\n|-weather|SunnyDay|[upkeep]\n|upkeep\n|\n|t:|1700060435\n|switch|p2a: Greninja|Greninja, M|100\/100\n|-damage|p2a: Greninja|88\/100|[from] Stealth Rock\n|turn|8\n|\n|t:|1700060448\n|move|p1a: Venusaur|Giga Drain|p2a: Greninja\n|-supereffective|p2a: Greninja\n|-damage|p2a: Greninja|0 fnt\n|-heal|p1a: Venusaur|95\/100|[from] drain|[of] p2a: Greninja\n|faint|p2a: Greninja\n|-damage|p1a: Venusaur|85\/100|[from] item: Life Orb\n|\n|-weather|none\n|upkeep\n|\n|t:|1700060456\n|switch|p2a: Gardevoir|Gardevoir, F, shiny|100\/100\n|-damage|p2a: Gardevoir|88\/100|[from] Stealth Rock\n|turn|9\n|\n|t:|1700060469\n|switch|p1a: Bisharp|Bisharp, M|100\/100\n|-activate|p1a: Bisharp|move: Sticky Web\n|-unboost|p1a: Bisharp|spe|1\n|-ability|p1a: Bisharp|Defiant|boost\n|-boost|p1a: Bisharp|atk|2\n|detailschange|p2a: Gardevoir|Gardevoir-Mega, F, shiny\n|-mega|p2a: Gardevoir|Gardevoir|Gardevoirite\n|move|p2a: Gardevoir|Psyshock|p1a: Bisharp\n|-immune|p1a: Bisharp\n|\n|upkeep\n|turn|10\n|\n|t:|1700060485\n|move|p1a: Bisharp|Sucker Punch|p2a: Gardevoir\n|-damage|p2a: Gardevoir|0 fnt\n|faint|p2a: Gardevoir\n|\n|upkeep\n|\n|t:|1700060489\n|switch|p2a: Lucario|Lucario, F, shiny|100\/100\n|-damage|p2a: Lucario|98\/100|[from] Stealth Rock\n|turn|11\n|\n|t:|1700060503\n|switch|p1a: Clodsire|Clodsire, M|100\/100\n|move|p2a: Lucario|Close Combat|p1a: Clodsire\n|-resisted|p1a: Clodsire\n|-damage|p1a: Clodsire|53\/100\n|-unboost|p2a: Lucario|def|1\n|-unboost|p2a: Lucario|spd|1\n|-damage|p2a: Lucario|88\/100|[from] item: Life Orb\n|\n|upkeep\n|turn|12\n|\n|t:|1700060519\n|move|p2a: Lucario|Earthquake|p1a: Clodsire\n|-supereffective|p1a: Clodsire\n|-damage|p1a: Clodsire|0 fnt\n|faint|p1a: Clodsire\n|-damage|p2a: Lucario|78\/100|[from] item: Life Orb\n|\n|upkeep\n|\n|t:|1700060532\n|switch|p1a: Torkoal|Torkoal, F|28\/100\n|-activate|p1a: Torkoal|move: Sticky Web\n|-unboost|p1a: Torkoal|spe|1\n|-weather|SunnyDay|[from] ability: Drought|[of] p1a: Torkoal\n|turn|13\n|\n|t:|1700060544\n|move|p2a: Lucario|Earthquake|p1a: Torkoal\n|-supereffective|p1a: Torkoal\n|-damage|p1a: Torkoal|0 fnt\n|faint|p1a: Torkoal\n|-damage|p2a: Lucario|68\/100|[from] item: Life Orb\n|\n|-weather|SunnyDay|[upkeep]\n|upkeep\n|\n|t:|1700060550\n|switch|p1a: Venusaur|Venusaur, M|85\/100\n|-activate|p1a: Venusaur|move: Sticky Web\n|-unboost|p1a: Venusaur|spe|1\n|turn|14\n|\n|t:|1700060562\n|-terastallize|p2a: Lucario|Fighting\n|move|p1a: Venusaur|Earth Power|p2a: Lucario\n|-damage|p2a: Lucario|0 fnt\n|faint|p2a: Lucario\n|-damage|p1a: Venusaur|75\/100|[from] item: Life Orb\n|\n|-weather|SunnyDay|[upkeep]\n|upkeep\n|\n|t:|1700060568\n|switch|p2a: Venomoth|Venomoth, M, shiny|100\/100\n|-damage|p2a: Venomoth|76\/100|[from] Stealth Rock\n|turn|15\n|\n|t:|1700060576\n|move|p1a: Venusaur|Earth Power|p2a: Venomoth\n|-damage|p2a: Venomoth|20\/100\n|-damage|p1a: Venusaur|65\/100|[from] item: Life Orb\n|move|p2a: Venomoth|Quiver Dance|p2a: Venomoth\n|-boost|p2a: Venomoth|spa|1\n|-boost|p2a: Venomoth|spd|1\n|-boost|p2a: Venomoth|spe|1\n|\n|-weather|SunnyDay|[upkeep]\n|upkeep\n|turn|16\n|\n|t:|1700060598\n|switch|p1a: Bisharp|Bisharp, M|100\/100\n|-activate|p1a: Bisharp|move: Sticky Web\n|-unboost|p1a: Bisharp|spe|1\n|-ability|p1a: Bisharp|Defiant|boost\n|-boost|p1a: Bisharp|atk|2\n|move|p2a: Venomoth|Hidden Power|p1a: Bisharp\n|-supereffective|p1a: Bisharp\n|-damage|p1a: Bisharp|2\/100\n|\n|-weather|SunnyDay|[upkeep]\n|upkeep\n|turn|17\n|\n|t:|1700060614\n|move|p1a: Bisharp|Sucker Punch|p2a: Venomoth\n|-damage|p2a: Venomoth|0 fnt\n|faint|p2a: Venomoth\n|\n|-weather|SunnyDay|[upkeep]\n|upkeep\n|\n|t:|1700060617\n|switch|p2a: Gengar|Gengar, F|100\/100\n|-damage|p2a: Gengar|88\/100|[from] Stealth Rock\n|turn|18\n|\n|t:|1700060622\n|move|p1a: Bisharp|Sucker Punch||[still]\n|-fail|p1a: Bisharp\n|move|p2a: Gengar|Nasty Plot|p2a: Gengar\n|-boost|p2a: Gengar|spa|2\n|\n|-weather|SunnyDay|[upkeep]\n|upkeep\n|turn|19\n|\n|t:|1700060632\n|move|p2a: Gengar|Shadow Ball|p1a: Bisharp\n|-resisted|p1a: Bisharp\n|-damage|p1a: Bisharp|0 fnt\n|faint|p1a: Bisharp\n|-damage|p2a: Gengar|78\/100|[from] item: Life Orb\n|\n|-weather|SunnyDay|[upkeep]\n|upkeep\n|\n|t:|1700060640\n|switch|p1a: Venusaur|Venusaur, M|65\/100\n|-activate|p1a: Venusaur|move: Sticky Web\n|-unboost|p1a: Venusaur|spe|1\n|turn|20\n|\n|t:|1700060646\n|move|p1a: Venusaur|Weather Ball|p2a: Gengar\n|-damage|p2a: Gengar|0 fnt\n|-start|p1a: Venusaur|Disable|Weather Ball|[from] ability: Cursed Body|[of] p2a: Gengar\n|faint|p2a: Gengar\n|-damage|p1a: Venusaur|55\/100|[from] item: Life Orb\n|\n|win|chz3781873\n|raw|chz3781873's rating: 1288 &rarr; <strong>1315<\/strong><br \/>(+27 for winning)\n|raw|SegaSunnyD's rating: 1313 &rarr; <strong>1292<\/strong><br \/>(-21 for losing)\n|l|\u2606SegaSunnyD\n","uploadtime":1700060652,"views":3,"p1id":"chz3781873","p2id":"segasunnyd","formatid":"gen9nationaldex","rating":1292,"private":0,"password":""}