{"id":"gen9nationaldex-1993827621","p1":"fddgvx","p2":"daybreak wave2","format":"[Gen 9] National Dex","log":"|j|\u2606fddgvx\n|j|\u2606daybreak wave2\n|t:|1700362227\n|gametype|singles\n|player|p1|fddgvx|n|1176\n|player|p2|daybreak wave2|lillie-masters2|1102\n|teamsize|p1|6\n|teamsize|p2|6\n|gen|9\n|tier|[Gen 9] National Dex\n|rated|\n|rule|HP Percentage Mod: HP is shown in percentages\n|rule|Endless Battle Clause: Forcing endless battles is banned\n|rule|OHKO Clause: OHKO moves are banned\n|rule|Evasion Clause: Evasion abilities, items, and moves are banned\n|rule|Evasion Abilities Clause: Evasion abilities are banned\n|rule|Evasion Items Clause: Evasion items are banned\n|rule|Evasion Moves Clause: Evasion moves are banned\n|rule|Species Clause: Limit one of each Pok\u00e9mon\n|rule|Sleep Clause Mod: Limit one foe put to sleep\n|clearpoke\n|poke|p1|Ribombee, F|\n|poke|p1|Lopunny, F|\n|poke|p1|Gliscor, M|\n|poke|p1|Sinistcha-Masterpiece|\n|poke|p1|Urshifu-*, M|\n|poke|p1|Corviknight, F|\n|poke|p2|Pinsir, F|\n|poke|p2|Aegislash, M|\n|poke|p2|Ogerpon-Wellspring, F|\n|poke|p2|Moltres|\n|poke|p2|Glimmora, M|\n|poke|p2|Clodsire, F|\n|teampreview\n|inactive|Battle timer is ON: inactive players will automatically lose when time's up. (requested by fddgvx)\n|\n|t:|1700362261\n|start\n|switch|p1a: think pink|Ribombee, F, shiny|100\/100\n|switch|p2a: \u6676\u5149\u7403|Glimmora, M|100\/100\n|turn|1\n|\n|t:|1700362267\n|move|p1a: think pink|Stun Spore|p2a: \u6676\u5149\u7403\n|-status|p2a: \u6676\u5149\u7403|par\n|move|p2a: \u6676\u5149\u7403|Stealth Rock|p1a: think pink\n|-sidestart|p1: fddgvx|move: Stealth Rock\n|\n|upkeep\n|turn|2\n|\n|t:|1700362277\n|move|p1a: think pink|Infestation|p2a: \u6676\u5149\u7403\n|-resisted|p2a: \u6676\u5149\u7403\n|-damage|p2a: \u6676\u5149\u7403|96\/100 par\n|-activate|p2a: \u6676\u5149\u7403|move: Infestation|[of] p1a: think pink\n|move|p2a: \u6676\u5149\u7403|Mortal Spin|p1a: think pink\n|-supereffective|p1a: think pink\n|-damage|p1a: think pink|81\/100\n|-end|p2a: \u6676\u5149\u7403|Infestation|[partiallytrapped]\n|-enditem|p1a: think pink|Red Card|[of] p2a: \u6676\u5149\u7403\n|drag|p2a: Pinsir|Pinsir, F, shiny|100\/100\n|\n|upkeep\n|turn|3\n|\n|t:|1700362296\n|detailschange|p2a: Pinsir|Pinsir-Mega, F, shiny\n|-mega|p2a: Pinsir|Pinsir|Pinsirite\n|move|p1a: think pink|Stun Spore|p2a: Pinsir|[miss]\n|-miss|p1a: think pink|p2a: Pinsir\n|move|p2a: Pinsir|Return|p1a: think pink\n|-supereffective|p1a: think pink\n|-damage|p1a: think pink|0 fnt\n|faint|p1a: think pink\n|\n|upkeep\n|\n|t:|1700362305\n|switch|p1a: thick thighs|Lopunny, F, shiny|100\/100\n|-damage|p1a: thick thighs|88\/100|[from] Stealth Rock\n|turn|4\n|\n|t:|1700362315\n|switch|p2a: Moltres|Moltres|100\/100\n|detailschange|p1a: thick thighs|Lopunny-Mega, F, shiny\n|-mega|p1a: thick thighs|Lopunny|Lopunnite\n|move|p1a: thick thighs|Fake Out|p2a: Moltres\n|-damage|p2a: Moltres|86\/100\n|\n|upkeep\n|turn|5\n|\n|t:|1700362325\n|switch|p1a: crab guy|Gliscor, M|100\/100\n|-damage|p1a: crab guy|88\/100|[from] Stealth Rock\n|move|p2a: Moltres|U-turn|p1a: crab guy\n|-resisted|p1a: crab guy\n|-damage|p1a: crab guy|84\/100\n|\n|t:|1700362351\n|switch|p2a: Ogerpon|Ogerpon-Wellspring, F|100\/100|[from] U-turn\n|\n|-status|p1a: crab guy|tox|[from] item: Toxic Orb\n|upkeep\n|turn|6\n|\n|t:|1700362363\n|move|p2a: Ogerpon|Taunt|p1a: crab guy\n|-start|p1a: crab guy|move: Taunt\n|cant|p1a: crab guy|move: Taunt|Toxic\n|\n|-heal|p1a: crab guy|96\/100 tox|[from] ability: Poison Heal\n|upkeep\n|turn|7\n|\n|t:|1700362375\n|move|p2a: Ogerpon|Swords Dance|p2a: Ogerpon\n|-boost|p2a: Ogerpon|atk|2\n|move|p1a: crab guy|Dual Wingbeat|p2a: Ogerpon\n|-supereffective|p2a: Ogerpon\n|-damage|p2a: Ogerpon|67\/100\n|-supereffective|p2a: Ogerpon\n|-damage|p2a: Ogerpon|32\/100\n|-hitcount|p2a: Ogerpon|2\n|\n|-heal|p1a: crab guy|100\/100 tox|[from] ability: Poison Heal\n|upkeep\n|turn|8\n|\n|t:|1700362386\n|switch|p1a: sir crow|Corviknight, F, shiny|100\/100\n|-damage|p1a: sir crow|88\/100|[from] Stealth Rock\n|-ability|p1a: sir crow|Pressure\n|move|p2a: Ogerpon|Horn Leech|p1a: sir crow\n|-resisted|p1a: sir crow\n|-damage|p1a: sir crow|76\/100\n|-heal|p2a: Ogerpon|40\/100|[from] drain|[of] p1a: sir crow\n|-damage|p2a: Ogerpon|24\/100|[from] item: Rocky Helmet|[of] p1a: sir crow\n|\n|upkeep\n|turn|9\n|\n|t:|1700362405\n|switch|p2a: Moltres|Moltres|86\/100\n|move|p1a: sir crow|Defog|p2a: Moltres\n|-unboost|p2a: Moltres|evasion|1\n|-sideend|p1: fddgvx|Stealth Rock|[from] move: Defog|[of] p1a: sir crow\n|\n|upkeep\n|turn|10\n|inactive|daybreak wave2 has 120 seconds left.\n|\n|t:|1700362420\n|switch|p1a: crab guy|Gliscor, M|100\/100 tox\n|move|p2a: Moltres|Flamethrower|p1a: crab guy\n|-damage|p1a: crab guy|57\/100 tox\n|\n|-heal|p1a: crab guy|69\/100 tox|[from] ability: Poison Heal\n|upkeep\n|turn|11\n|inactive|daybreak wave2 has 120 seconds left.\n|\n|t:|1700362440\n|move|p1a: crab guy|Toxic|p2a: Moltres\n|-status|p2a: Moltres|tox\n|move|p2a: Moltres|Flamethrower|p1a: crab guy\n|-damage|p1a: crab guy|19\/100 tox\n|\n|-heal|p1a: crab guy|32\/100 tox|[from] ability: Poison Heal\n|-damage|p2a: Moltres|80\/100 tox|[from] psn\n|upkeep\n|turn|12\n|\n|t:|1700362457\n|switch|p2a: Ogerpon|Ogerpon-Wellspring, F|24\/100\n|move|p1a: crab guy|Protect||[still]\n|-fail|p1a: crab guy\n|\n|-heal|p1a: crab guy|44\/100 tox|[from] ability: Poison Heal\n|upkeep\n|turn|13\n|\n|t:|1700362464\n|switch|p1a: sir crow|Corviknight, F, shiny|76\/100\n|-ability|p1a: sir crow|Pressure\n|move|p2a: Ogerpon|Ivy Cudgel|p1a: sir crow|[anim] Ivy Cudgel Water\n|-damage|p1a: sir crow|40\/100\n|\n|upkeep\n|turn|14\n|\n|t:|1700362477\n|switch|p2a: \u6676\u5149\u7403|Glimmora, M|96\/100 par\n|move|p1a: sir crow|Roost|p1a: sir crow\n|-heal|p1a: sir crow|90\/100\n|-singleturn|p1a: sir crow|move: Roost\n|\n|upkeep\n|turn|15\n|\n|t:|1700362486\n|move|p1a: sir crow|Body Press|p2a: \u6676\u5149\u7403\n|-damage|p2a: \u6676\u5149\u7403|63\/100 par\n|-activate|p2a: \u6676\u5149\u7403|ability: Toxic Debris\n|-sidestart|p1: fddgvx|move: Toxic Spikes\n|move|p2a: \u6676\u5149\u7403|Stealth Rock|p1a: sir crow\n|-sidestart|p1: fddgvx|move: Stealth Rock\n|\n|upkeep\n|turn|16\n|inactive|daybreak wave2 has 120 seconds left.\n|\n|t:|1700362493\n|move|p1a: sir crow|Iron Defense|p1a: sir crow\n|-boost|p1a: sir crow|def|2\n|move|p2a: \u6676\u5149\u7403|Power Gem|p1a: sir crow\n|-damage|p1a: sir crow|49\/100\n|\n|upkeep\n|turn|17\n|\n|t:|1700362500\n|move|p1a: sir crow|Body Press|p2a: \u6676\u5149\u7403\n|-damage|p2a: \u6676\u5149\u7403|0 fnt\n|-activate|p2a: \u6676\u5149\u7403|ability: Toxic Debris\n|-sidestart|p1: fddgvx|move: Toxic Spikes\n|faint|p2a: \u6676\u5149\u7403\n|\n|upkeep\n|\n|t:|1700362508\n|switch|p2a: Moltres|Moltres|80\/100 tox\n|turn|18\n|\n|t:|1700362513\n|switch|p1a: crab guy|Gliscor, M|44\/100 tox\n|-damage|p1a: crab guy|32\/100 tox|[from] Stealth Rock\n|move|p2a: Moltres|Flamethrower|p1a: crab guy\n|-damage|p1a: crab guy|0 fnt\n|faint|p1a: crab guy\n|\n|-damage|p2a: Moltres|74\/100 tox|[from] psn\n|upkeep\n|\n|t:|1700362522\n|switch|p1a: sir crow|Corviknight, F, shiny|49\/100\n|-damage|p1a: sir crow|36\/100|[from] Stealth Rock\n|-ability|p1a: sir crow|Pressure\n|turn|19\n|\n|t:|1700362527\n|-terastallize|p1a: sir crow|Fairy\n|move|p2a: Moltres|Flamethrower|p1a: sir crow\n|-damage|p1a: sir crow|1\/100\n|move|p1a: sir crow|Roost|p1a: sir crow\n|-heal|p1a: sir crow|51\/100\n|\n|-damage|p2a: Moltres|62\/100 tox|[from] psn\n|upkeep\n|turn|20\n|\n|t:|1700362550\n|switch|p2a: Clodsire|Clodsire, F|100\/100\n|move|p1a: sir crow|Defog|p2a: Clodsire\n|-unboost|p2a: Clodsire|evasion|1\n|-sideend|p1: fddgvx|Toxic Spikes|[from] move: Defog|[of] p1a: sir crow\n|-sideend|p1: fddgvx|Stealth Rock|[from] move: Defog|[of] p1a: sir crow\n|\n|upkeep\n|turn|21\n|\n|t:|1700362568\n|switch|p1a: kung fu panda|Urshifu-Rapid-Strike, M|100\/100\n|move|p2a: Clodsire|Toxic|p1a: kung fu panda\n|-status|p1a: kung fu panda|tox\n|\n|-damage|p1a: kung fu panda|94\/100 tox|[from] psn\n|upkeep\n|turn|22\n|\n|t:|1700362576\n|switch|p2a: Ogerpon|Ogerpon-Wellspring, F|24\/100\n|move|p1a: kung fu panda|Surging Strikes|p2a: Ogerpon\n|-heal|p2a: Ogerpon|49\/100|[from] ability: Water Absorb|[of] p1a: kung fu panda\n|\n|-damage|p1a: kung fu panda|82\/100 tox|[from] psn\n|upkeep\n|turn|23\n|\n|t:|1700362591\n|switch|p1a: sir crow|Corviknight, F, shiny, tera:Fairy|51\/100\n|-ability|p1a: sir crow|Pressure\n|move|p2a: Ogerpon|Horn Leech|p1a: sir crow\n|-damage|p1a: sir crow|24\/100\n|-heal|p2a: Ogerpon|67\/100|[from] drain|[of] p1a: sir crow\n|-damage|p2a: Ogerpon|50\/100|[from] item: Rocky Helmet|[of] p1a: sir crow\n|\n|upkeep\n|turn|24\n|\n|t:|1700362600\n|move|p2a: Ogerpon|Ivy Cudgel|p1a: sir crow|[anim] Ivy Cudgel Water\n|-damage|p1a: sir crow|0 fnt\n|faint|p1a: sir crow\n|\n|upkeep\n|\n|t:|1700362604\n|switch|p1a: thick thighs|Lopunny-Mega, F, shiny|88\/100\n|turn|25\n|\n|t:|1700362610\n|switch|p1a: kung fu panda|Urshifu-Rapid-Strike, M|82\/100 tox\n|switch|p2a: Moltres|Moltres|62\/100 tox\n|\n|-damage|p1a: kung fu panda|76\/100 tox|[from] psn\n|-damage|p2a: Moltres|56\/100 tox|[from] psn\n|upkeep\n|turn|26\n|\n|t:|1700362622\n|switch|p2a: Aegislash|Aegislash, M, shiny|100\/100\n|move|p1a: kung fu panda|Ice Spinner|p2a: Aegislash\n|-resisted|p2a: Aegislash\n|-damage|p2a: Aegislash|83\/100\n|\n|-damage|p1a: kung fu panda|64\/100 tox|[from] psn\n|upkeep\n|turn|27\n|\n|t:|1700362636\n|switch|p1a: spill the tea|Sinistcha-Masterpiece|100\/100\n|-zpower|p2a: Aegislash\n|-formechange|p2a: Aegislash|Aegislash-Blade||[from] ability: Stance Change\n|move|p2a: Aegislash|Never-Ending Nightmare|p1a: spill the tea|[zeffect]\n|-supereffective|p1a: spill the tea\n|-damage|p1a: spill the tea|0 fnt\n|faint|p1a: spill the tea\n|\n|upkeep\n|\n|t:|1700362648\n|switch|p1a: thick thighs|Lopunny-Mega, F, shiny|88\/100\n|turn|28\n|\n|t:|1700362652\n|-formechange|p2a: Aegislash|Aegislash||[from] ability: Stance Change\n|move|p2a: Aegislash|King's Shield|p2a: Aegislash\n|-singleturn|p2a: Aegislash|Protect\n|move|p1a: thick thighs|Fake Out|p2a: Aegislash\n|-activate|p2a: Aegislash|move: Protect\n|-unboost|p1a: thick thighs|atk|1\n|\n|upkeep\n|turn|29\n|\n|t:|1700362664\n|move|p1a: thick thighs|Close Combat|p2a: Aegislash\n|-supereffective|p2a: Aegislash\n|-damage|p2a: Aegislash|14\/100\n|-unboost|p1a: thick thighs|def|1\n|-unboost|p1a: thick thighs|spd|1\n|-formechange|p2a: Aegislash|Aegislash-Blade||[from] ability: Stance Change\n|move|p2a: Aegislash|Close Combat|p1a: thick thighs\n|-supereffective|p1a: thick thighs\n|-damage|p1a: thick thighs|0 fnt\n|-unboost|p2a: Aegislash|def|1\n|-unboost|p2a: Aegislash|spd|1\n|faint|p1a: thick thighs\n|\n|upkeep\n|-message|fddgvx forfeited.\n|\n|win|daybreak wave2\n|raw|fddgvx's rating: 1176 &rarr; <strong>1146<\/strong><br \/>(-30 for losing)\n|raw|daybreak wave2's rating: 1102 &rarr; <strong>1132<\/strong><br \/>(+30 for winning)\n|l|\u2606fddgvx\n","uploadtime":1700362680,"views":7,"p1id":"fddgvx","p2id":"daybreakwave2","formatid":"gen9nationaldex","rating":1132,"private":0,"password":""}