{"id":"gen9nationaldex-1996672822","p1":"Patar136","p2":"QAQ_something","format":"[Gen 9] National Dex","log":"|html|<div class=\"broadcast-blue\"><strong>[Gen 9] National Dex is currently suspecting Sneasler! For information on how to participate check out the <a href=\"https:\/\/www.smogon.com\/forums\/threads\/sv-national-dex-suspect-8-just-dance.3731534\/\">suspect thread<\/a>.<\/strong><\/div>\n|j|\u2606Patar136\n|j|\u2606QAQ_something\n|t:|1700707941\n|gametype|singles\n|player|p1|Patar136|misty|1540\n|player|p2|QAQ_something|steven|1452\n|teamsize|p1|6\n|teamsize|p2|6\n|gen|9\n|tier|[Gen 9] National Dex\n|rated|\n|rule|HP Percentage Mod: HP is shown in percentages\n|rule|Endless Battle Clause: Forcing endless battles is banned\n|rule|OHKO Clause: OHKO moves are banned\n|rule|Evasion Clause: Evasion abilities, items, and moves are banned\n|rule|Evasion Abilities Clause: Evasion abilities are banned\n|rule|Evasion Items Clause: Evasion items are banned\n|rule|Evasion Moves Clause: Evasion moves are banned\n|rule|Species Clause: Limit one of each Pok\u00e9mon\n|rule|Sleep Clause Mod: Limit one foe put to sleep\n|clearpoke\n|poke|p1|Gliscor, F|\n|poke|p1|Buzzwole|\n|poke|p1|Alomomola, M|\n|poke|p1|Quagsire, M|\n|poke|p1|Garganacl, M|\n|poke|p1|Chansey, F|\n|poke|p2|Copperajah, M|\n|poke|p2|Buzzwole|\n|poke|p2|Dracozolt|\n|poke|p2|Iron Moth|\n|poke|p2|Cinccino, F|\n|poke|p2|Tapu Fini|\n|teampreview\n|\n|t:|1700707959\n|start\n|switch|p1a: Gliscor|Gliscor, F|100\/100\n|switch|p2a: Cinccino|Cinccino, F|100\/100\n|turn|1\n|\n|t:|1700707965\n|switch|p1a: Buzzwole|Buzzwole|100\/100\n|move|p2a: Cinccino|Tail Slap|p1a: Buzzwole|[miss]\n|-miss|p2a: Cinccino|p1a: Buzzwole\n|\n|upkeep\n|turn|2\n|\n|t:|1700707977\n|move|p2a: Cinccino|Thunder Wave|p1a: Buzzwole\n|-status|p1a: Buzzwole|par\n|move|p1a: Buzzwole|Drain Punch|p2a: Cinccino\n|-supereffective|p2a: Cinccino\n|-damage|p2a: Cinccino|0 fnt\n|faint|p2a: Cinccino\n|-ability|p1a: Buzzwole|Beast Boost|boost\n|-boost|p1a: Buzzwole|def|1\n|\n|upkeep\n|\n|t:|1700707984\n|switch|p2a: Iron Moth|Iron Moth|100\/100\n|-enditem|p2a: Iron Moth|Booster Energy\n|-activate|p2a: Iron Moth|ability: Quark Drive|[fromitem]\n|-start|p2a: Iron Moth|quarkdrivespa\n|turn|3\n|\n|t:|1700707989\n|switch|p1a: Chansey|Chansey, F|100\/100\n|move|p2a: Iron Moth|Agility|p2a: Iron Moth\n|-boost|p2a: Iron Moth|spe|2\n|\n|upkeep\n|turn|4\n|\n|t:|1700707994\n|move|p2a: Iron Moth|Fiery Dance|p1a: Chansey\n|-damage|p1a: Chansey|81\/100\n|move|p1a: Chansey|Seismic Toss|p2a: Iron Moth\n|-damage|p2a: Iron Moth|67\/100\n|\n|upkeep\n|turn|5\n|\n|t:|1700708000\n|move|p2a: Iron Moth|Fiery Dance|p1a: Chansey\n|-damage|p1a: Chansey|61\/100\n|-boost|p2a: Iron Moth|spa|1\n|move|p1a: Chansey|Seismic Toss|p2a: Iron Moth\n|-damage|p2a: Iron Moth|34\/100\n|\n|upkeep\n|turn|6\n|\n|t:|1700708011\n|move|p2a: Iron Moth|Fiery Dance|p1a: Chansey\n|-damage|p1a: Chansey|32\/100\n|-boost|p2a: Iron Moth|spa|1\n|move|p1a: Chansey|Soft-Boiled|p1a: Chansey\n|-heal|p1a: Chansey|82\/100\n|\n|upkeep\n|turn|7\n|\n|t:|1700708016\n|move|p2a: Iron Moth|Fiery Dance|p1a: Chansey\n|-damage|p1a: Chansey|44\/100\n|move|p1a: Chansey|Seismic Toss|p2a: Iron Moth\n|-damage|p2a: Iron Moth|1\/100\n|\n|upkeep\n|turn|8\n|\n|t:|1700708023\n|move|p2a: Iron Moth|Fiery Dance|p1a: Chansey\n|-damage|p1a: Chansey|4\/100\n|move|p1a: Chansey|Seismic Toss|p2a: Iron Moth\n|-damage|p2a: Iron Moth|0 fnt\n|faint|p2a: Iron Moth\n|-end|p2a: Iron Moth|Quark Drive|[silent]\n|\n|upkeep\n|\n|t:|1700708029\n|switch|p2a: Tapu Fini|Tapu Fini|100\/100\n|-fieldstart|move: Misty Terrain|[from] ability: Misty Surge|[of] p2a: Tapu Fini\n|turn|9\n|\n|t:|1700708038\n|switch|p1a: Alomomola|Alomomola, M|100\/100\n|move|p2a: Tapu Fini|Moonblast|p1a: Alomomola\n|-damage|p1a: Alomomola|69\/100\n|\n|upkeep\n|turn|10\n|\n|t:|1700708044\n|move|p2a: Tapu Fini|Calm Mind|p2a: Tapu Fini\n|-boost|p2a: Tapu Fini|spa|1\n|-boost|p2a: Tapu Fini|spd|1\n|move|p1a: Alomomola|Wish|p1a: Alomomola\n|\n|upkeep\n|turn|11\n|\n|t:|1700708047\n|move|p2a: Tapu Fini|Calm Mind|p2a: Tapu Fini\n|-boost|p2a: Tapu Fini|spa|1\n|-boost|p2a: Tapu Fini|spd|1\n|move|p1a: Alomomola|Flip Turn|p2a: Tapu Fini\n|-resisted|p2a: Tapu Fini\n|-damage|p2a: Tapu Fini|94\/100\n|\n|t:|1700708049\n|switch|p1a: Chansey|Chansey, F|4\/100|[from] Flip Turn\n|\n|-heal|p1a: Chansey|38\/100|[from] move: Wish|[wisher] Alomomola\n|-heal|p2a: Tapu Fini|100\/100|[from] item: Leftovers\n|upkeep\n|turn|12\n|\n|t:|1700708067\n|move|p2a: Tapu Fini|Calm Mind|p2a: Tapu Fini\n|-boost|p2a: Tapu Fini|spa|1\n|-boost|p2a: Tapu Fini|spd|1\n|move|p1a: Chansey|Soft-Boiled|p1a: Chansey\n|-heal|p1a: Chansey|88\/100\n|\n|upkeep\n|turn|13\n|\n|t:|1700708070\n|move|p2a: Tapu Fini|Taunt|p1a: Chansey\n|-start|p1a: Chansey|move: Taunt\n|move|p1a: Chansey|Seismic Toss|p2a: Tapu Fini\n|-damage|p2a: Tapu Fini|71\/100\n|\n|-heal|p2a: Tapu Fini|78\/100|[from] item: Leftovers\n|-fieldend|Misty Terrain\n|upkeep\n|turn|14\n|\n|t:|1700708075\n|move|p2a: Tapu Fini|Moonblast|p1a: Chansey\n|-damage|p1a: Chansey|59\/100\n|move|p1a: Chansey|Seismic Toss|p2a: Tapu Fini\n|-damage|p2a: Tapu Fini|48\/100\n|\n|-heal|p2a: Tapu Fini|55\/100|[from] item: Leftovers\n|upkeep\n|turn|15\n|\n|t:|1700708081\n|move|p2a: Tapu Fini|Moonblast|p1a: Chansey\n|-damage|p1a: Chansey|30\/100\n|move|p1a: Chansey|Seismic Toss|p2a: Tapu Fini\n|-damage|p2a: Tapu Fini|25\/100\n|\n|-heal|p2a: Tapu Fini|32\/100|[from] item: Leftovers\n|-end|p1a: Chansey|move: Taunt\n|upkeep\n|turn|16\n|\n|t:|1700708086\n|switch|p1a: Alomomola|Alomomola, M|100\/100\n|move|p2a: Tapu Fini|Taunt|p1a: Alomomola\n|-start|p1a: Alomomola|move: Taunt\n|\n|-heal|p2a: Tapu Fini|38\/100|[from] item: Leftovers\n|upkeep\n|turn|17\n|\n|t:|1700708091\n|move|p2a: Tapu Fini|Moonblast|p1a: Alomomola\n|-damage|p1a: Alomomola|27\/100\n|move|p1a: Alomomola|Flip Turn|p2a: Tapu Fini\n|-resisted|p2a: Tapu Fini\n|-damage|p2a: Tapu Fini|32\/100\n|\n|t:|1700708096\n|switch|p1a: Chansey|Chansey, F|30\/100|[from] Flip Turn\n|\n|-heal|p2a: Tapu Fini|38\/100|[from] item: Leftovers\n|upkeep\n|turn|18\n|\n|t:|1700708104\n|-terastallize|p1a: Chansey|Steel\n|move|p2a: Tapu Fini|Taunt|p1a: Chansey\n|-start|p1a: Chansey|move: Taunt\n|cant|p1a: Chansey|move: Taunt|Toxic\n|\n|-heal|p2a: Tapu Fini|44\/100|[from] item: Leftovers\n|upkeep\n|turn|19\n|\n|t:|1700708107\n|move|p2a: Tapu Fini|Scald|p1a: Chansey\n|-damage|p1a: Chansey|6\/100\n|move|p1a: Chansey|Seismic Toss|p2a: Tapu Fini\n|-damage|p2a: Tapu Fini|15\/100\n|\n|-heal|p2a: Tapu Fini|21\/100|[from] item: Leftovers\n|upkeep\n|turn|20\n|\n|t:|1700708110\n|move|p2a: Tapu Fini|Scald|p1a: Chansey\n|-damage|p1a: Chansey|0 fnt\n|faint|p1a: Chansey\n|\n|-heal|p2a: Tapu Fini|27\/100|[from] item: Leftovers\n|upkeep\n|\n|t:|1700708113\n|switch|p1a: Quagsire|Quagsire, M|100\/100\n|turn|21\n|\n|t:|1700708122\n|switch|p2a: Copperajah|Copperajah, M|100\/100\n|move|p1a: Quagsire|Earthquake|p2a: Copperajah\n|-supereffective|p2a: Copperajah\n|-damage|p2a: Copperajah|52\/100\n|\n|upkeep\n|turn|22\n|\n|t:|1700708129\n|move|p1a: Quagsire|Stealth Rock|p2a: Copperajah\n|-sidestart|p2: QAQ_something|move: Stealth Rock\n|move|p2a: Copperajah|Play Rough|p1a: Quagsire\n|-damage|p1a: Quagsire|75\/100\n|\n|-heal|p1a: Quagsire|81\/100|[from] item: Leftovers\n|upkeep\n|turn|23\n|\n|t:|1700708134\n|move|p1a: Quagsire|Earthquake|p2a: Copperajah\n|-supereffective|p2a: Copperajah\n|-damage|p2a: Copperajah|1\/100\n|move|p2a: Copperajah|Play Rough|p1a: Quagsire\n|-damage|p1a: Quagsire|56\/100\n|\n|-heal|p1a: Quagsire|62\/100|[from] item: Leftovers\n|upkeep\n|turn|24\n|\n|t:|1700708139\n|move|p1a: Quagsire|Scald|p2a: Copperajah\n|-damage|p2a: Copperajah|0 fnt\n|faint|p2a: Copperajah\n|\n|-heal|p1a: Quagsire|69\/100|[from] item: Leftovers\n|upkeep\n|\n|t:|1700708148\n|switch|p2a: Buzzwole|Buzzwole|100\/100\n|-damage|p2a: Buzzwole|88\/100|[from] Stealth Rock\n|turn|25\n|\n|t:|1700708153\n|move|p2a: Buzzwole|Bulk Up|p2a: Buzzwole\n|-boost|p2a: Buzzwole|atk|1\n|-boost|p2a: Buzzwole|def|1\n|move|p1a: Quagsire|Scald|p2a: Buzzwole\n|-damage|p2a: Buzzwole|73\/100\n|\n|-heal|p1a: Quagsire|75\/100|[from] item: Leftovers\n|upkeep\n|turn|26\n|\n|t:|1700708158\n|move|p2a: Buzzwole|Drain Punch|p1a: Quagsire\n|-damage|p1a: Quagsire|50\/100\n|-heal|p2a: Buzzwole|85\/100|[from] drain|[of] p1a: Quagsire\n|move|p1a: Quagsire|Scald|p2a: Buzzwole\n|-damage|p2a: Buzzwole|71\/100\n|-status|p2a: Buzzwole|brn\n|\n|-heal|p1a: Quagsire|56\/100|[from] item: Leftovers\n|-damage|p2a: Buzzwole|64\/100 brn|[from] brn\n|upkeep\n|turn|27\n|-message|QAQ_something forfeited.\n|\n|win|Patar136\n|raw|Patar136's rating: 1540 &rarr; <strong>1555<\/strong><br \/>(+15 for winning)\n|raw|QAQ_something's rating: 1452 &rarr; <strong>1437<\/strong><br \/>(-15 for losing)\n|l|\u2606QAQ_something\n","uploadtime":1700708243,"views":2,"p1id":"patar136","p2id":"qaqsomething","formatid":"gen9nationaldex","rating":1437,"private":0,"password":""}