{"id":"gen9nationaldex-1991541359","p1":"BuccaneerTPDPurge","p2":"chickennotmystyle","format":"[Gen 9] National Dex","log":"|j|\u2606BuccaneerTPDPurge\n|j|\u2606chickennotmystyle\n|t:|1700086528\n|gametype|singles\n|player|p1|BuccaneerTPDPurge|artist|1324\n|player|p2|chickennotmystyle|1|1345\n|teamsize|p1|6\n|teamsize|p2|6\n|gen|9\n|tier|[Gen 9] National Dex\n|rated|\n|rule|HP Percentage Mod: HP is shown in percentages\n|rule|Endless Battle Clause: Forcing endless battles is banned\n|rule|OHKO Clause: OHKO moves are banned\n|rule|Evasion Clause: Evasion abilities, items, and moves are banned\n|rule|Evasion Abilities Clause: Evasion abilities are banned\n|rule|Evasion Items Clause: Evasion items are banned\n|rule|Evasion Moves Clause: Evasion moves are banned\n|rule|Species Clause: Limit one of each Pok\u00e9mon\n|rule|Sleep Clause Mod: Limit one foe put to sleep\n|clearpoke\n|poke|p1|Beedrill, F|\n|poke|p1|Sneasler, M|\n|poke|p1|Munkidori, M|\n|poke|p1|Nidoking, M|\n|poke|p1|Glimmora, M|\n|poke|p1|Muk-Alola, M|\n|poke|p2|Magnezone|\n|poke|p2|Persian-Alola, M|\n|poke|p2|Claydol|\n|poke|p2|Zoroark-Hisui, M|\n|poke|p2|Beedrill, M|\n|poke|p2|Barraskewda, M|\n|teampreview\n|\n|t:|1700086535\n|start\n|switch|p1a: Neko Von Purger|Nidoking, M, shiny|100\/100\n|switch|p2a: Magnezone|Magnezone|100\/100\n|turn|1\n|\n|t:|1700086540\n|move|p2a: Magnezone|Bitter Malice|p1a: Neko Von Purger\n|-damage|p1a: Neko Von Purger|47\/100\n|-unboost|p1a: Neko Von Purger|atk|1\n|move|p1a: Neko Von Purger|Earth Power|p2a: Magnezone\n|-damage|p2a: Magnezone|4\/100\n|replace|p2a: Zoroark|Zoroark-Hisui, M\n|-end|p2a: Zoroark|Illusion\n|\n|upkeep\n|turn|2\n|\n|t:|1700086548\n|move|p2a: Zoroark|Bitter Malice|p1a: Neko Von Purger\n|-damage|p1a: Neko Von Purger|0 fnt\n|faint|p1a: Neko Von Purger\n|\n|upkeep\n|\n|t:|1700086559\n|switch|p1a: BeePurging|Beedrill, F|100\/100\n|turn|3\n|\n|t:|1700086563\n|detailschange|p1a: BeePurging|Beedrill-Mega, F\n|-mega|p1a: BeePurging|Beedrill|Beedrillite\n|move|p2a: Zoroark|Bitter Malice|p1a: BeePurging\n|-damage|p1a: BeePurging|46\/100\n|-unboost|p1a: BeePurging|atk|1\n|move|p1a: BeePurging|Fell Stinger|p2a: Zoroark\n|-resisted|p2a: Zoroark\n|-damage|p2a: Zoroark|0 fnt\n|faint|p2a: Zoroark\n|-boost|p1a: BeePurging|atk|3\n|\n|upkeep\n|\n|t:|1700086575\n|switch|p2a: Barraskewda|Barraskewda, M|100\/100\n|turn|4\n|\n|t:|1700086581\n|move|p2a: Barraskewda|Aqua Jet|p1a: BeePurging\n|-damage|p1a: BeePurging|0 fnt\n|faint|p1a: BeePurging\n|\n|upkeep\n|\n|t:|1700086587\n|switch|p1a: PurgeCarrier|Sneasler, M, shiny|100\/100\n|turn|5\n|\n|t:|1700086590\n|switch|p2a: Claydol|Claydol|100\/100\n|move|p1a: PurgeCarrier|Fake Out|p2a: Claydol\n|-damage|p2a: Claydol|86\/100\n|\n|-heal|p2a: Claydol|92\/100|[from] item: Leftovers\n|upkeep\n|turn|6\n|\n|t:|1700086599\n|-terastallize|p1a: PurgeCarrier|Dark\n|move|p1a: PurgeCarrier|Close Combat|p2a: Claydol\n|-resisted|p2a: Claydol\n|-damage|p2a: Claydol|63\/100\n|-unboost|p1a: PurgeCarrier|def|1\n|-unboost|p1a: PurgeCarrier|spd|1\n|-enditem|p1a: PurgeCarrier|White Herb\n|-clearnegativeboost|p1a: PurgeCarrier|[silent]\n|move|p2a: Claydol|Teleport|p2a: Claydol\n|\n|t:|1700086623\n|switch|p2a: Magnezone|Magnezone|100\/100|[from] Teleport\n|\n|upkeep\n|turn|7\n|\n|t:|1700086630\n|switch|p2a: Claydol|Claydol|63\/100\n|move|p1a: PurgeCarrier|Close Combat|p2a: Claydol\n|-resisted|p2a: Claydol\n|-damage|p2a: Claydol|33\/100\n|-unboost|p1a: PurgeCarrier|def|1\n|-unboost|p1a: PurgeCarrier|spd|1\n|\n|-heal|p2a: Claydol|39\/100|[from] item: Leftovers\n|upkeep\n|turn|8\n|\n|t:|1700086638\n|move|p1a: PurgeCarrier|Dire Claw|p2a: Claydol\n|-resisted|p2a: Claydol\n|-damage|p2a: Claydol|17\/100\n|move|p2a: Claydol|Stealth Rock|p1a: PurgeCarrier\n|-sidestart|p1: BuccaneerTPDPurge|move: Stealth Rock\n|\n|-heal|p2a: Claydol|24\/100|[from] item: Leftovers\n|upkeep\n|turn|9\n|\n|t:|1700086644\n|switch|p2a: Magnezone|Magnezone|100\/100\n|move|p1a: PurgeCarrier|Dire Claw|p2a: Magnezone\n|-immune|p2a: Magnezone\n|\n|upkeep\n|turn|10\n|\n|t:|1700086648\n|switch|p2a: Claydol|Claydol|24\/100\n|move|p1a: PurgeCarrier|Close Combat|p2a: Claydol\n|-resisted|p2a: Claydol\n|-damage|p2a: Claydol|0 fnt\n|-unboost|p1a: PurgeCarrier|def|1\n|-unboost|p1a: PurgeCarrier|spd|1\n|faint|p2a: Claydol\n|\n|upkeep\n|\n|t:|1700086660\n|switch|p2a: Beedrill|Beedrill, M|100\/100\n|turn|11\n|\n|t:|1700086664\n|detailschange|p2a: Beedrill|Beedrill-Mega, M\n|-mega|p2a: Beedrill|Beedrill|Beedrillite\n|move|p1a: PurgeCarrier|Acrobatics|p2a: Beedrill\n|-supereffective|p2a: Beedrill\n|-damage|p2a: Beedrill|0 fnt\n|faint|p2a: Beedrill\n|\n|upkeep\n|l|\u2606chickennotmystyle\n|player|p2|\n|inactive|Battle timer is ON: inactive players will automatically lose when time's up. (requested by BuccaneerTPDPurge)\n|inactive|chickennotmystyle has 30 seconds to reconnect!\n|inactive|chickennotmystyle has 20 seconds to reconnect!\n|inactive|chickennotmystyle has 15 seconds to reconnect!\n|inactive|chickennotmystyle has 10 seconds to reconnect!\n|inactive|chickennotmystyle has 5 seconds to reconnect!\n|-message|chickennotmystyle lost due to inactivity.\n|\n|win|BuccaneerTPDPurge\n|raw|BuccaneerTPDPurge's rating: 1324 &rarr; <strong>1345<\/strong><br \/>(+21 for winning)\n|raw|chickennotmystyle's rating: 1345 &rarr; <strong>1324<\/strong><br \/>(-21 for losing)\n","uploadtime":1700086780,"views":14,"p1id":"buccaneertpdpurge","p2id":"chickennotmystyle","formatid":"gen9nationaldex","rating":1324,"private":0,"password":""}