{"id":"gen9nationaldex-1989061524","p1":"Jor99fran","p2":"JesusPizzaCrusher","format":"[Gen 9] National Dex","log":"|j|\u2606Jor99fran\n|j|\u2606JesusPizzaCrusher\n|t:|1699807923\n|gametype|singles\n|player|p1|Jor99fran|ghetsis|\n|player|p2|JesusPizzaCrusher|hugh|\n|teamsize|p1|6\n|teamsize|p2|6\n|gen|9\n|tier|[Gen 9] National Dex\n|rule|HP Percentage Mod: HP is shown in percentages\n|rule|Endless Battle Clause: Forcing endless battles is banned\n|rule|OHKO Clause: OHKO moves are banned\n|rule|Evasion Clause: Evasion abilities, items, and moves are banned\n|rule|Evasion Abilities Clause: Evasion abilities are banned\n|rule|Evasion Items Clause: Evasion items are banned\n|rule|Evasion Moves Clause: Evasion moves are banned\n|rule|Species Clause: Limit one of each Pok\u00e9mon\n|rule|Sleep Clause Mod: Limit one foe put to sleep\n|clearpoke\n|poke|p1|Zoroark-Hisui, F|\n|poke|p1|Mimikyu, F|\n|poke|p1|Froslass, F|\n|poke|p1|Ceruledge, F|\n|poke|p1|Mismagius, M|\n|poke|p1|Typhlosion-Hisui, F|\n|poke|p2|Blaziken, F|\n|poke|p2|Samurott-Hisui, F|\n|poke|p2|Kartana|\n|poke|p2|Great Tusk|\n|poke|p2|Moltres|\n|poke|p2|Zapdos|\n|teampreview\n|c|\u2606Jor99fran|buena suerte\n|c|\u2606Jor99fran|as\u00ed que un legendary spammer eh?\n|c|\u2606JesusPizzaCrusher|me gusta los pajaros\n|\n|t:|1699807952\n|start\n|switch|p1a: Froslass|Froslass, F|100\/100\n|switch|p2a: Incineration|Blaziken, F, shiny|100\/100\n|turn|1\n|c|\u2606JesusPizzaCrusher|pondria a articuno si fuera bueno\n|\n|t:|1699807975\n|move|p2a: Incineration|Protect|p2a: Incineration\n|-singleturn|p2a: Incineration|Protect\n|move|p1a: Froslass|Spikes|p2a: Incineration\n|-sidestart|p2: JesusPizzaCrusher|Spikes\n|\n|-ability|p2a: Incineration|Speed Boost|boost\n|-boost|p2a: Incineration|spe|1\n|upkeep\n|turn|2\n|\n|t:|1699807983\n|move|p2a: Incineration|Swords Dance|p2a: Incineration\n|-boost|p2a: Incineration|atk|2\n|move|p1a: Froslass|Spikes|p2a: Incineration\n|-sidestart|p2: JesusPizzaCrusher|Spikes\n|\n|-ability|p2a: Incineration|Speed Boost|boost\n|-boost|p2a: Incineration|spe|1\n|upkeep\n|turn|3\n|\n|t:|1699808004\n|move|p2a: Incineration|Flare Blitz|p1a: Froslass\n|-supereffective|p1a: Froslass\n|-enditem|p1a: Froslass|Focus Sash\n|-damage|p1a: Froslass|1\/100\n|-start|p2a: Incineration|Disable|Flare Blitz|[from] ability: Cursed Body|[of] p1a: Froslass\n|-damage|p2a: Incineration|70\/100|[from] Recoil\n|move|p1a: Froslass|Taunt|p2a: Incineration\n|-start|p2a: Incineration|move: Taunt\n|\n|-ability|p2a: Incineration|Speed Boost|boost\n|-boost|p2a: Incineration|spe|1\n|upkeep\n|turn|4\n|c|\u2606JesusPizzaCrusher|oh boi\n|\n|t:|1699808024\n|move|p2a: Incineration|Close Combat|p1a: Froslass\n|-immune|p1a: Froslass\n|move|p1a: Froslass|Shadow Ball|p2a: Incineration\n|-damage|p2a: Incineration|27\/100\n|\n|-ability|p2a: Incineration|Speed Boost|boost\n|-boost|p2a: Incineration|spe|1\n|upkeep\n|turn|5\n|c|\u2606Jor99fran|JEJE\n|\n|t:|1699808034\n|move|p2a: Incineration|Close Combat|p1a: Froslass\n|-immune|p1a: Froslass\n|move|p1a: Froslass|Shadow Ball|p2a: Incineration\n|-damage|p2a: Incineration|0 fnt\n|faint|p2a: Incineration\n|\n|upkeep\n|c|\u2606JesusPizzaCrusher|A-\n|c|\u2606JesusPizzaCrusher|mi pajarito bonico :(\n|c|\u2606JesusPizzaCrusher|TAMARE RAPID SPIN ES NORMAL\n|c|\u2606Jor99fran|XDDDDDDDD\n|\n|t:|1699808061\n|switch|p2a: Justice|Moltres|100\/100\n|turn|6\n|\n|t:|1699808068\n|move|p1a: Froslass|Taunt|p2a: Justice\n|-start|p2a: Justice|move: Taunt\n|move|p2a: Justice|U-turn|p1a: Froslass\n|-resisted|p1a: Froslass\n|-damage|p1a: Froslass|0 fnt\n|faint|p1a: Froslass\n|\n|t:|1699808080\n|switch|p2a: Runover|Great Tusk|100\/100|[from] U-turn\n|-damage|p2a: Runover|84\/100|[from] Spikes\n|\n|-heal|p2a: Runover|90\/100|[from] item: Leftovers\n|upkeep\n|\n|t:|1699808092\n|switch|p1a: Ceruledge|Ceruledge, F|100\/100\n|turn|7\n|\n|t:|1699808103\n|-terastallize|p1a: Ceruledge|Ghost\n|move|p1a: Ceruledge|Grass Knot|p2a: Runover\n|-supereffective|p2a: Runover\n|-damage|p2a: Runover|0 fnt\n|faint|p2a: Runover\n|-end|p2a: Runover|Protosynthesis|[silent]\n|\n|upkeep\n|c|\u2606JesusPizzaCrusher|a\n|\n|t:|1699808117\n|switch|p2a: Ronin|Samurott-Hisui, F, shiny|100\/100\n|-damage|p2a: Ronin|84\/100|[from] Spikes\n|turn|8\n|\n|t:|1699808124\n|move|p1a: Ceruledge|Grass Knot|p2a: Ronin\n|-supereffective|p2a: Ronin\n|-damage|p2a: Ronin|2\/100\n|move|p2a: Ronin|Ceaseless Edge|p1a: Ceruledge\n|-supereffective|p1a: Ceruledge\n|-enditem|p1a: Ceruledge|Focus Sash\n|-damage|p1a: Ceruledge|1\/100\n|replace|p1a: Zoroark|Zoroark-Hisui, F\n|-end|p1a: Zoroark|Illusion\n|-sidestart|p1: Jor99fran|Spikes\n|-damage|p2a: Ronin|0 fnt|[from] item: Life Orb\n|faint|p2a: Ronin\n|\n|upkeep\n|c|\u2606JesusPizzaCrusher|si me muero digale a mi jefecita que a quiero (?\n|c|\u2606Jor99fran|no\n|\n|t:|1699808141\n|switch|p2a: RULES OF NATUREEEE|Kartana, shiny|100\/100\n|-damage|p2a: RULES OF NATUREEEE|84\/100|[from] Spikes\n|turn|9\n|c|\u2606Jor99fran|que moriste como legendario spammer\n|c|\u2606JesusPizzaCrusher|ok dile pero dile pero tambien que la quiero (????\n|c|\u2606JesusPizzaCrusher|xd\n|\n|t:|1699808168\n|move|p2a: RULES OF NATUREEEE|Knock Off|p1a: Zoroark\n|-supereffective|p1a: Zoroark\n|-damage|p1a: Zoroark|0 fnt\n|faint|p1a: Zoroark\n|-ability|p2a: RULES OF NATUREEEE|Beast Boost|boost\n|-boost|p2a: RULES OF NATUREEEE|atk|1\n|\n|upkeep\n|c|\u2606Jor99fran|ok xd\n|\n|t:|1699808176\n|switch|p1a: Typhlosion|Typhlosion-Hisui, F|100\/100\n|-item|p2a: RULES OF NATUREEEE|Choice Scarf|[from] ability: Frisk|[of] p1a: Typhlosion|[identify]\n|turn|10\n|\n|t:|1699808183\n|move|p2a: RULES OF NATUREEEE|Knock Off|p1a: Typhlosion\n|-supereffective|p1a: Typhlosion\n|-damage|p1a: Typhlosion|0 fnt\n|-enditem|p1a: Typhlosion|Heavy-Duty Boots|[from] move: Knock Off|[of] p2a: RULES OF NATUREEEE\n|faint|p1a: Typhlosion\n|-ability|p2a: RULES OF NATUREEEE|Beast Boost|boost\n|-boost|p2a: RULES OF NATUREEEE|atk|1\n|\n|upkeep\n|c|\u2606JesusPizzaCrusher|RULES OF NATUREEEE\n|\n|t:|1699808192\n|switch|p1a: Mismagius|Mismagius, M|100\/100\n|turn|11\n|c|\u2606JesusPizzaCrusher|AND THEY RUN WHEN THE SUN COMES UP\n|\n|t:|1699808198\n|move|p1a: Mismagius|Destiny Bond|p1a: Mismagius\n|-singlemove|p1a: Mismagius|Destiny Bond\n|move|p2a: RULES OF NATUREEEE|Knock Off|p1a: Mismagius\n|-supereffective|p1a: Mismagius\n|-damage|p1a: Mismagius|0 fnt\n|-enditem|p1a: Mismagius|Choice Scarf|[from] move: Knock Off|[of] p2a: RULES OF NATUREEEE\n|faint|p1a: Mismagius\n|-activate|p1a: Mismagius|move: Destiny Bond\n|faint|p2a: RULES OF NATUREEEE\n|\n|upkeep\n|c|\u2606Jor99fran|JEJE\n|\n|t:|1699808211\n|switch|p1a: Mimikyu|Mimikyu, F|100\/100\n|switch|p2a: Justice|Moltres|100\/100\n|-damage|p1a: Mimikyu|88\/100|[from] Spikes\n|turn|12\n|\n|t:|1699808221\n|move|p1a: Mimikyu|Swords Dance|p1a: Mimikyu\n|-boost|p1a: Mimikyu|atk|2\n|move|p2a: Justice|U-turn|p1a: Mimikyu\n|-activate|p1a: Mimikyu|ability: Disguise\n|-damage|p1a: Mimikyu|88\/100\n|detailschange|p1a: Mimikyu|Mimikyu-Busted, F\n|-damage|p1a: Mimikyu|76\/100|[from] pokemon: Mimikyu-Busted\n|\n|t:|1699808229\n|switch|p2a: Paralyzyed|Zapdos, shiny|100\/100|[from] U-turn\n|\n|upkeep\n|turn|13\n|c|\u2606JesusPizzaCrusher|Kartana todo un grande\n|\n|t:|1699808244\n|move|p1a: Mimikyu|Play Rough|p2a: Paralyzyed\n|-damage|p2a: Paralyzyed|1\/100\n|-status|p1a: Mimikyu|par|[from] ability: Static|[of] p2a: Paralyzyed\n|-damage|p1a: Mimikyu|66\/100 par|[from] item: Life Orb\n|-zpower|p2a: Paralyzyed\n|move|p2a: Paralyzyed|Supersonic Skystrike|p1a: Mimikyu|[zeffect]\n|-damage|p1a: Mimikyu|0 fnt\n|faint|p1a: Mimikyu\n|\n|upkeep\n|\n|t:|1699808249\n|switch|p1a: Ceruledge|Ceruledge, F|100\/100\n|-damage|p1a: Ceruledge|88\/100|[from] Spikes\n|turn|14\n|c|\u2606JesusPizzaCrusher|OMAWEA MU SHINDEIRU\n|\n|t:|1699808261\n|move|p1a: Ceruledge|Shadow Sneak|p2a: Paralyzyed\n|-damage|p2a: Paralyzyed|0 fnt\n|faint|p2a: Paralyzyed\n|\n|upkeep\n|\n|t:|1699808265\n|switch|p2a: Justice|Moltres|100\/100\n|turn|15\n|c|\u2606JesusPizzaCrusher|fuego contra fuego\n|c|\u2606JesusPizzaCrusher|pajaro vs hombre\n|\n|t:|1699808288\n|move|p1a: Ceruledge|Bitter Blade|p2a: Justice\n|-resisted|p2a: Justice\n|-damage|p2a: Justice|79\/100\n|-heal|p1a: Ceruledge|100\/100|[from] drain|[of] p2a: Justice\n|move|p2a: Justice|Hurricane|p1a: Ceruledge\n|-damage|p1a: Ceruledge|46\/100\n|-start|p1a: Ceruledge|confusion\n|\n|upkeep\n|turn|16\n|\n|t:|1699808298\n|-activate|p1a: Ceruledge|confusion\n|move|p1a: Ceruledge|Bitter Blade|p2a: Justice\n|-resisted|p2a: Justice\n|-damage|p2a: Justice|57\/100\n|-heal|p1a: Ceruledge|60\/100|[from] drain|[of] p2a: Justice\n|move|p2a: Justice|Hurricane|p1a: Ceruledge\n|-damage|p1a: Ceruledge|6\/100\n|\n|upkeep\n|turn|17\n|\n|t:|1699808314\n|-activate|p1a: Ceruledge|confusion\n|move|p1a: Ceruledge|Bitter Blade|p2a: Justice\n|-resisted|p2a: Justice\n|-damage|p2a: Justice|33\/100\n|-heal|p1a: Ceruledge|21\/100|[from] drain|[of] p2a: Justice\n|move|p2a: Justice|Hurricane|p1a: Ceruledge\n|-damage|p1a: Ceruledge|0 fnt\n|faint|p1a: Ceruledge\n|\n|win|JesusPizzaCrusher\n|c|\u2606JesusPizzaCrusher|A TAN CERCA\n|c|\u2606Jor99fran|gg\n","uploadtime":1699808322,"views":11,"p1id":"jor99fran","p2id":"jesuspizzacrusher","formatid":"gen9nationaldex","rating":0,"private":0,"password":""}