{"id":"gen9nationaldex-1997836182","p1":"sgrdgrgdrgdgr","p2":"Isaac78789","format":"[Gen 9] National Dex","log":"|html|<div class=\"broadcast-blue\"><strong>[Gen 9] National Dex is currently suspecting Sneasler! For information on how to participate check out the <a href=\"https:\/\/www.smogon.com\/forums\/threads\/sv-national-dex-suspect-8-just-dance.3731534\/\">suspect thread<\/a>.<\/strong><\/div>\n|j|\u2606sgrdgrgdrgdgr\n|j|\u2606Isaac78789\n|t:|1700857984\n|gametype|singles\n|player|p1|sgrdgrgdrgdgr|169|1042\n|player|p2|Isaac78789|fisherman-gen4|1000\n|teamsize|p1|6\n|teamsize|p2|6\n|gen|9\n|tier|[Gen 9] National Dex\n|rated|\n|rule|HP Percentage Mod: HP is shown in percentages\n|rule|Endless Battle Clause: Forcing endless battles is banned\n|rule|OHKO Clause: OHKO moves are banned\n|rule|Evasion Clause: Evasion abilities, items, and moves are banned\n|rule|Evasion Abilities Clause: Evasion abilities are banned\n|rule|Evasion Items Clause: Evasion items are banned\n|rule|Evasion Moves Clause: Evasion moves are banned\n|rule|Species Clause: Limit one of each Pok\u00e9mon\n|rule|Sleep Clause Mod: Limit one foe put to sleep\n|clearpoke\n|poke|p1|Stakataka|\n|poke|p1|Cofagrigus, M|\n|poke|p1|Mawile, F|\n|poke|p1|Ursaluna, M|\n|poke|p1|Dusclops, M|\n|poke|p1|Reuniclus, F|\n|poke|p2|Smeargle, M|\n|poke|p2|Breloom, F|\n|poke|p2|Aggron, M|\n|poke|p2|Appletun, F|\n|poke|p2|Umbreon, M|\n|poke|p2|Venomoth, F|\n|teampreview\n|\n|t:|1700857992\n|start\n|switch|p1a: Cofagrigus|Cofagrigus, M|100\/100\n|switch|p2a: Smeargle|Smeargle, M|100\/100\n|turn|1\n|\n|t:|1700857999\n|move|p2a: Smeargle|Taunt|p1a: Cofagrigus\n|-start|p1a: Cofagrigus|move: Taunt\n|cant|p1a: Cofagrigus|move: Taunt|Disable\n|\n|upkeep\n|turn|2\n|\n|t:|1700858023\n|switch|p1a: Stakataka|Stakataka|100\/100\n|move|p2a: Smeargle|Nuzzle|p1a: Stakataka\n|-damage|p1a: Stakataka|99\/100\n|-status|p1a: Stakataka|par\n|\n|upkeep\n|turn|3\n|\n|t:|1700858031\n|move|p2a: Smeargle|Sticky Web|p1a: Stakataka\n|-sidestart|p1: sgrdgrgdrgdgr|move: Sticky Web\n|move|p1a: Stakataka|Iron Defense|p1a: Stakataka\n|-boost|p1a: Stakataka|def|2\n|\n|upkeep\n|turn|4\n|\n|t:|1700858039\n|cant|p1a: Stakataka|par\n|move|p2a: Smeargle|Whirlwind|p1a: Stakataka\n|drag|p1a: Dusclops|Dusclops, M|100\/100\n|-activate|p1a: Dusclops|move: Sticky Web\n|-unboost|p1a: Dusclops|spe|1\n|-item|p2a: Smeargle|Focus Sash|[from] ability: Frisk|[of] p1a: Dusclops|[identify]\n|\n|upkeep\n|turn|5\n|\n|t:|1700858049\n|move|p2a: Smeargle|Nuzzle|p1a: Dusclops\n|-damage|p1a: Dusclops|99\/100\n|-status|p1a: Dusclops|par\n|move|p1a: Dusclops|Will-O-Wisp|p2a: Smeargle\n|-status|p2a: Smeargle|brn\n|\n|-damage|p2a: Smeargle|94\/100 brn|[from] brn\n|upkeep\n|turn|6\n|\n|t:|1700858067\n|switch|p1a: Cofagrigus|Cofagrigus, M|100\/100\n|-activate|p1a: Cofagrigus|move: Sticky Web\n|-unboost|p1a: Cofagrigus|spe|1\n|move|p2a: Smeargle|Whirlwind|p1a: Cofagrigus\n|drag|p1a: Dusclops|Dusclops, M|99\/100 par\n|-activate|p1a: Dusclops|move: Sticky Web\n|-unboost|p1a: Dusclops|spe|1\n|-item|p2a: Smeargle|Focus Sash|[from] ability: Frisk|[of] p1a: Dusclops|[identify]\n|\n|-damage|p2a: Smeargle|88\/100 brn|[from] brn\n|upkeep\n|turn|7\n|\n|t:|1700858094\n|switch|p2a: Breloom|Breloom, F|100\/100\n|move|p1a: Dusclops|Trick Room|p1a: Dusclops\n|-fieldstart|move: Trick Room|[of] p1a: Dusclops\n|\n|upkeep\n|turn|8\n|\n|t:|1700858104\n|switch|p1a: Ursaluna|Ursaluna, M|100\/100\n|-activate|p1a: Ursaluna|move: Sticky Web\n|-unboost|p1a: Ursaluna|spe|1\n|move|p2a: Breloom|Swords Dance|p2a: Breloom\n|-boost|p2a: Breloom|atk|2\n|\n|-status|p1a: Ursaluna|brn|[from] item: Flame Orb\n|upkeep\n|turn|9\n|\n|t:|1700858118\n|move|p2a: Breloom|Mach Punch|p1a: Ursaluna\n|-supereffective|p1a: Ursaluna\n|-damage|p1a: Ursaluna|10\/100 brn\n|move|p1a: Ursaluna|Fire Punch|p2a: Breloom\n|-supereffective|p2a: Breloom\n|-enditem|p2a: Breloom|Focus Sash\n|-damage|p2a: Breloom|1\/100\n|\n|-damage|p1a: Ursaluna|4\/100 brn|[from] brn\n|upkeep\n|turn|10\n|\n|t:|1700858134\n|move|p2a: Breloom|Mach Punch|p1a: Ursaluna\n|-supereffective|p1a: Ursaluna\n|-damage|p1a: Ursaluna|0 fnt\n|faint|p1a: Ursaluna\n|\n|upkeep\n|\n|t:|1700858142\n|switch|p1a: Reuniclus|Reuniclus, F|100\/100\n|-activate|p1a: Reuniclus|move: Sticky Web\n|-unboost|p1a: Reuniclus|spe|1\n|turn|11\n|\n|t:|1700858153\n|move|p1a: Reuniclus|Psychic|p2a: Breloom\n|-supereffective|p2a: Breloom\n|-damage|p2a: Breloom|0 fnt\n|faint|p2a: Breloom\n|\n|-fieldend|move: Trick Room\n|upkeep\n|\n|t:|1700858159\n|switch|p2a: Venomoth|Venomoth, F|100\/100\n|turn|12\n|\n|t:|1700858185\n|move|p2a: Venomoth|Quiver Dance|p2a: Venomoth\n|-boost|p2a: Venomoth|spa|1\n|-boost|p2a: Venomoth|spd|1\n|-boost|p2a: Venomoth|spe|1\n|move|p1a: Reuniclus|Thunder Wave|p2a: Venomoth\n|-status|p2a: Venomoth|par\n|\n|upkeep\n|turn|13\n|\n|t:|1700858194\n|move|p2a: Venomoth|Bug Buzz|p1a: Reuniclus\n|-supereffective|p1a: Reuniclus\n|-damage|p1a: Reuniclus|28\/100\n|move|p1a: Reuniclus|Trick Room|p1a: Reuniclus\n|-fieldstart|move: Trick Room|[of] p1a: Reuniclus\n|\n|-heal|p1a: Reuniclus|34\/100|[from] item: Leftovers\n|upkeep\n|turn|14\n|\n|t:|1700858203\n|move|p1a: Reuniclus|Light Screen|p1a: Reuniclus\n|-sidestart|p1: sgrdgrgdrgdgr|move: Light Screen\n|move|p2a: Venomoth|Bug Buzz|p1a: Reuniclus\n|-supereffective|p1a: Reuniclus\n|-damage|p1a: Reuniclus|0 fnt\n|faint|p1a: Reuniclus\n|\n|upkeep\n|\n|t:|1700858213\n|switch|p1a: Stakataka|Stakataka|99\/100 par\n|-activate|p1a: Stakataka|move: Sticky Web\n|-unboost|p1a: Stakataka|spe|1\n|turn|15\n|\n|t:|1700858232\n|switch|p2a: Appletun|Appletun, F|100\/100\n|move|p1a: Stakataka|Gyro Ball|p2a: Appletun\n|-damage|p2a: Appletun|32\/100\n|\n|upkeep\n|turn|16\n|\n|t:|1700858244\n|-terastallize|p2a: Appletun|Steel\n|cant|p1a: Stakataka|par\n|move|p2a: Appletun|Recover|p2a: Appletun\n|-heal|p2a: Appletun|82\/100\n|\n|upkeep\n|turn|17\n|\n|t:|1700858262\n|cant|p1a: Stakataka|par\n|move|p2a: Appletun|Amnesia|p2a: Appletun\n|-boost|p2a: Appletun|spd|2\n|\n|-fieldend|move: Trick Room\n|upkeep\n|turn|18\n|\n|t:|1700858277\n|-terastallize|p1a: Stakataka|Fighting\n|move|p2a: Appletun|Apple Acid|p1a: Stakataka\n|-damage|p1a: Stakataka|86\/100 par\n|-unboost|p1a: Stakataka|spd|1\n|move|p1a: Stakataka|Body Press|p2a: Appletun\n|-supereffective|p2a: Appletun\n|-damage|p2a: Appletun|0 fnt\n|faint|p2a: Appletun\n|-ability|p1a: Stakataka|Beast Boost|boost\n|-boost|p1a: Stakataka|def|1\n|\n|-sideend|p1: sgrdgrgdrgdgr|move: Light Screen\n|upkeep\n|\n|t:|1700858294\n|switch|p2a: Venomoth|Venomoth, F|100\/100 par\n|turn|19\n|\n|t:|1700858307\n|switch|p1a: Dusclops|Dusclops, M|99\/100 par\n|-activate|p1a: Dusclops|move: Sticky Web\n|-unboost|p1a: Dusclops|spe|1\n|-item|p2a: Venomoth|Buginium Z|[from] ability: Frisk|[of] p1a: Dusclops|[identify]\n|move|p2a: Venomoth|Sludge Bomb|p1a: Dusclops\n|-resisted|p1a: Dusclops\n|-damage|p1a: Dusclops|78\/100 par\n|\n|upkeep\n|turn|20\n|\n|t:|1700858322\n|cant|p2a: Venomoth|par\n|move|p1a: Dusclops|Trick Room|p1a: Dusclops\n|-fieldstart|move: Trick Room|[of] p1a: Dusclops\n|\n|upkeep\n|turn|21\n|\n|t:|1700858326\n|move|p1a: Dusclops|Night Shade|p2a: Venomoth\n|-damage|p2a: Venomoth|65\/100 par\n|cant|p2a: Venomoth|par\n|\n|upkeep\n|turn|22\n|\n|t:|1700858331\n|move|p1a: Dusclops|Night Shade|p2a: Venomoth\n|-damage|p2a: Venomoth|29\/100 par\n|-zpower|p2a: Venomoth\n|move|p2a: Venomoth|Savage Spin-Out|p1a: Dusclops|[zeffect]\n|-resisted|p1a: Dusclops\n|-damage|p1a: Dusclops|37\/100 par\n|\n|upkeep\n|turn|23\n|\n|t:|1700858339\n|move|p1a: Dusclops|Night Shade|p2a: Venomoth\n|-damage|p2a: Venomoth|0 fnt\n|faint|p2a: Venomoth\n|\n|upkeep\n|\n|t:|1700858355\n|switch|p2a: Umbreon|Umbreon, M|100\/100\n|turn|24\n|\n|t:|1700858381\n|switch|p1a: Stakataka|Stakataka, tera:Fighting|86\/100 par\n|-activate|p1a: Stakataka|move: Sticky Web\n|-unboost|p1a: Stakataka|spe|1\n|move|p2a: Umbreon|Foul Play|p1a: Stakataka\n|-resisted|p1a: Stakataka\n|-damage|p1a: Stakataka|77\/100 par\n|\n|-fieldend|move: Trick Room\n|upkeep\n|turn|25\n|\n|t:|1700858397\n|switch|p2a: Aggron|Aggron, M|100\/100\n|cant|p1a: Stakataka|par\n|\n|upkeep\n|turn|26\n|\n|t:|1700858408\n|move|p2a: Aggron|Earthquake|p1a: Stakataka\n|-damage|p1a: Stakataka|61\/100 par\n|move|p1a: Stakataka|Trick Room|p1a: Stakataka\n|-fieldstart|move: Trick Room|[of] p1a: Stakataka\n|\n|upkeep\n|turn|27\n|\n|t:|1700858416\n|move|p1a: Stakataka|Body Press|p2a: Aggron\n|-supereffective|p2a: Aggron\n|-enditem|p2a: Aggron|Focus Sash\n|-damage|p2a: Aggron|1\/100\n|move|p2a: Aggron|Fire Punch|p1a: Stakataka\n|-damage|p1a: Stakataka|49\/100 par\n|\n|upkeep\n|turn|28\n|\n|t:|1700858431\n|move|p1a: Stakataka|Gyro Ball|p2a: Aggron\n|-crit|p2a: Aggron\n|-damage|p2a: Aggron|0 fnt\n|faint|p2a: Aggron\n|-ability|p1a: Stakataka|Beast Boost|boost\n|-boost|p1a: Stakataka|def|1\n|\n|upkeep\n|\n|t:|1700858450\n|switch|p2a: Smeargle|Smeargle, M|88\/100 brn\n|turn|29\n|\n|t:|1700858462\n|move|p1a: Stakataka|Body Press|p2a: Smeargle\n|-supereffective|p2a: Smeargle\n|-damage|p2a: Smeargle|0 fnt\n|faint|p2a: Smeargle\n|-ability|p1a: Stakataka|Beast Boost|boost\n|-boost|p1a: Stakataka|def|1\n|\n|upkeep\n|c|\u2606Isaac78789|ggs\n|\n|t:|1700858469\n|switch|p2a: Umbreon|Umbreon, M|100\/100\n|turn|30\n|\n|t:|1700858473\n|move|p1a: Stakataka|Body Press|p2a: Umbreon\n|-supereffective|p2a: Umbreon\n|-damage|p2a: Umbreon|0 fnt\n|faint|p2a: Umbreon\n|\n|win|sgrdgrgdrgdgr\n|raw|sgrdgrgdrgdgr's rating: 1042 &rarr; <strong>1072<\/strong><br \/>(+30 for winning)\n|raw|Isaac78789's rating: 1000 &rarr; <strong>1000<\/strong><br \/>(+0 for losing)\n","uploadtime":1700858479,"views":1,"p1id":"sgrdgrgdrgdgr","p2id":"isaac78789","formatid":"gen9nationaldex","rating":1000,"private":0,"password":""}