{"id":"gen9nationaldex-1993147018","p1":"Accelerater02","p2":"Ghha","format":"[Gen 9] National Dex","log":"|j|\u2606Accelerater02\n|j|\u2606Ghha\n|t:|1700270420\n|gametype|singles\n|player|p1|Accelerater02|266|1637\n|player|p2|Ghha|101|1725\n|teamsize|p1|6\n|teamsize|p2|6\n|gen|9\n|tier|[Gen 9] National Dex\n|rated|\n|rule|HP Percentage Mod: HP is shown in percentages\n|rule|Endless Battle Clause: Forcing endless battles is banned\n|rule|OHKO Clause: OHKO moves are banned\n|rule|Evasion Clause: Evasion abilities, items, and moves are banned\n|rule|Evasion Abilities Clause: Evasion abilities are banned\n|rule|Evasion Items Clause: Evasion items are banned\n|rule|Evasion Moves Clause: Evasion moves are banned\n|rule|Species Clause: Limit one of each Pok\u00e9mon\n|rule|Sleep Clause Mod: Limit one foe put to sleep\n|clearpoke\n|poke|p1|Dragonite, M|\n|poke|p1|Sneasler, M|\n|poke|p1|Tapu Lele|\n|poke|p1|Urshifu-*, M|\n|poke|p1|Clodsire, M|\n|poke|p1|Gardevoir, F|\n|poke|p2|Landorus-Therian, M|\n|poke|p2|Mawile, F|\n|poke|p2|Weezing-Galar, F|\n|poke|p2|Heatran, M|\n|poke|p2|Ogerpon-Wellspring, F|\n|poke|p2|Tapu Lele|\n|teampreview\n|inactive|Battle timer is ON: inactive players will automatically lose when time's up. (requested by Accelerater02)\n|\n|t:|1700270434\n|start\n|switch|p1a: Tapu Lele|Tapu Lele|100\/100\n|switch|p2a: Tapu Lele|Tapu Lele|100\/100\n|-fieldstart|move: Psychic Terrain|[from] ability: Psychic Surge|[of] p2a: Tapu Lele\n|turn|1\n|\n|t:|1700270446\n|switch|p1a: Sneasler|Sneasler, M|100\/100\n|-enditem|p1a: Sneasler|Psychic Seed\n|-boost|p1a: Sneasler|spd|1|[from] item: Psychic Seed\n|move|p2a: Tapu Lele|Moonblast|p1a: Sneasler\n|-damage|p1a: Sneasler|56\/100\n|\n|upkeep\n|turn|2\n|\n|t:|1700270454\n|switch|p2a: Landorus|Landorus-Therian, M|100\/100\n|-ability|p2a: Landorus|Intimidate|boost\n|-unboost|p1a: Sneasler|atk|1\n|move|p1a: Sneasler|Dire Claw|p2a: Landorus\n|-resisted|p2a: Landorus\n|-damage|p2a: Landorus|90\/100\n|-status|p2a: Landorus|par\n|-damage|p1a: Sneasler|40\/100|[from] item: Rocky Helmet|[of] p2a: Landorus\n|\n|upkeep\n|turn|3\n|inactive|Ghha has 120 seconds left.\n|\n|t:|1700270499\n|-terastallize|p1a: Sneasler|Flying\n|move|p1a: Sneasler|Swords Dance|p1a: Sneasler\n|-boost|p1a: Sneasler|atk|2\n|cant|p2a: Landorus|par\n|\n|upkeep\n|turn|4\n|\n|t:|1700270512\n|move|p1a: Sneasler|Acrobatics|p2a: Landorus\n|-damage|p2a: Landorus|30\/100 par\n|-damage|p1a: Sneasler|23\/100|[from] item: Rocky Helmet|[of] p2a: Landorus\n|move|p2a: Landorus|U-turn|p1a: Sneasler\n|-resisted|p1a: Sneasler\n|-damage|p1a: Sneasler|3\/100\n|\n|t:|1700270516\n|switch|p2a: Mawile|Mawile, F, shiny|100\/100|[from] U-turn\n|-ability|p2a: Mawile|Intimidate|boost\n|-unboost|p1a: Sneasler|atk|1\n|\n|upkeep\n|turn|5\n|\n|t:|1700270526\n|switch|p1a: Urshifu|Urshifu-Rapid-Strike, M|100\/100\n|switch|p2a: Landorus|Landorus-Therian, M|30\/100 par\n|-ability|p2a: Landorus|Intimidate|boost\n|-unboost|p1a: Urshifu|atk|1\n|\n|-fieldend|move: Psychic Terrain\n|upkeep\n|turn|6\n|inactive|Ghha has 120 seconds left.\n|\n|t:|1700270551\n|switch|p2a: Ogerpon|Ogerpon-Wellspring, F|100\/100\n|move|p1a: Urshifu|U-turn|p2a: Ogerpon\n|-supereffective|p2a: Ogerpon\n|-damage|p2a: Ogerpon|36\/100\n|inactive|Accelerater02 has 120 seconds left.\n|\n|t:|1700270585\n|switch|p1a: Dragonite|Dragonite, M|100\/100|[from] U-turn\n|\n|upkeep\n|turn|7\n|inactive|Accelerater02 has 120 seconds left.\n|\n|t:|1700270605\n|switch|p2a: Weezing|Weezing-Galar, F|100\/100\n|-ability|p2a: Weezing|Neutralizing Gas\n|switch|p1a: Urshifu|Urshifu-Rapid-Strike, M|100\/100\n|\n|upkeep\n|turn|8\n|\n|t:|1700270615\n|move|p1a: Urshifu|Surging Strikes|p2a: Weezing\n|-crit|p2a: Weezing\n|-damage|p2a: Weezing|80\/100\n|-crit|p2a: Weezing\n|-damage|p2a: Weezing|59\/100\n|-crit|p2a: Weezing\n|-damage|p2a: Weezing|37\/100\n|-hitcount|p2a: Weezing|3\n|move|p2a: Weezing|Will-O-Wisp|p1a: Urshifu\n|-status|p1a: Urshifu|brn\n|\n|-heal|p2a: Weezing|43\/100|[from] item: Leftovers\n|-damage|p1a: Urshifu|94\/100 brn|[from] brn\n|upkeep\n|turn|9\n|inactive|Accelerater02 has 120 seconds left.\n|inactive|Ghha has 120 seconds left.\n|\n|t:|1700270647\n|switch|p1a: Gardevoir|Gardevoir, F, shiny|100\/100\n|-end|p2a: Weezing|ability: Neutralizing Gas\n|switch|p2a: Ogerpon|Ogerpon-Wellspring, F|36\/100\n|\n|upkeep\n|turn|10\n|\n|t:|1700270655\n|switch|p2a: Heatran|Heatran, M, shiny|100\/100\n|detailschange|p1a: Gardevoir|Gardevoir-Mega, F, shiny\n|-mega|p1a: Gardevoir|Gardevoir|Gardevoirite\n|move|p1a: Gardevoir|Hyper Voice|p2a: Heatran\n|-resisted|p2a: Heatran\n|-damage|p2a: Heatran|91\/100\n|\n|-heal|p2a: Heatran|97\/100|[from] item: Leftovers\n|upkeep\n|turn|11\n|inactive|Accelerater02 has 120 seconds left.\n|\n|t:|1700270667\n|switch|p2a: Tapu Lele|Tapu Lele|100\/100\n|-fieldstart|move: Psychic Terrain|[from] ability: Psychic Surge|[of] p2a: Tapu Lele\n|move|p1a: Gardevoir|Psyshock|p2a: Tapu Lele\n|-resisted|p2a: Tapu Lele\n|-damage|p2a: Tapu Lele|47\/100\n|\n|upkeep\n|turn|12\n|inactive|Accelerater02 has 120 seconds left.\n|\n|t:|1700270682\n|switch|p2a: Heatran|Heatran, M, shiny|97\/100\n|switch|p1a: Clodsire|Clodsire, M, shiny|100\/100\n|\n|-heal|p2a: Heatran|100\/100|[from] item: Leftovers\n|upkeep\n|turn|13\n|inactive|Accelerater02 has 120 seconds left.\n|\n|t:|1700270694\n|move|p2a: Heatran|Taunt|p1a: Clodsire\n|-start|p1a: Clodsire|move: Taunt\n|move|p1a: Clodsire|Earthquake|p2a: Heatran\n|-supereffective|p2a: Heatran\n|-damage|p2a: Heatran|12\/100\n|\n|-heal|p2a: Heatran|19\/100|[from] item: Leftovers\n|upkeep\n|turn|14\n|inactive|Accelerater02 has 120 seconds left.\n|\n|t:|1700270706\n|switch|p2a: Landorus|Landorus-Therian, M|30\/100 par\n|-ability|p2a: Landorus|Intimidate|boost\n|-unboost|p1a: Clodsire|atk|1\n|switch|p1a: Tapu Lele|Tapu Lele|100\/100\n|\n|upkeep\n|turn|15\n|inactive|Accelerater02 has 120 seconds left.\n|-message|Ghha forfeited.\n|\n|win|Accelerater02\n|raw|Accelerater02's rating: 1637 &rarr; <strong>1662<\/strong><br \/>(+25 for winning)\n|raw|Ghha's rating: 1725 &rarr; <strong>1700<\/strong><br \/>(-25 for losing)\n|l|\u2606Ghha\n","uploadtime":1700270831,"views":7,"p1id":"accelerater02","p2id":"ghha","formatid":"gen9nationaldex","rating":1662,"private":0,"password":""}