{"id":"gen9nationaldex-1995298382","p1":"Sirrawrz","p2":"zhuandayoudou","format":"[Gen 9] National Dex","log":"|html|<div class=\"broadcast-blue\"><strong>[Gen 9] National Dex is currently suspecting Sneasler! For information on how to participate check out the <a href=\"https:\/\/www.smogon.com\/forums\/threads\/sv-national-dex-suspect-8-just-dance.3731534\/\">suspect thread<\/a>.<\/strong><\/div>\n|j|\u2606Sirrawrz\n|j|\u2606zhuandayoudou\n|t:|1700549227\n|gametype|singles\n|player|p1|Sirrawrz|emmet|1570\n|player|p2|zhuandayoudou|266|1507\n|teamsize|p1|6\n|teamsize|p2|6\n|gen|9\n|tier|[Gen 9] National Dex\n|rated|\n|rule|HP Percentage Mod: HP is shown in percentages\n|rule|Endless Battle Clause: Forcing endless battles is banned\n|rule|OHKO Clause: OHKO moves are banned\n|rule|Evasion Clause: Evasion abilities, items, and moves are banned\n|rule|Evasion Abilities Clause: Evasion abilities are banned\n|rule|Evasion Items Clause: Evasion items are banned\n|rule|Evasion Moves Clause: Evasion moves are banned\n|rule|Species Clause: Limit one of each Pok\u00e9mon\n|rule|Sleep Clause Mod: Limit one foe put to sleep\n|clearpoke\n|poke|p1|Ninetales, M|\n|poke|p1|Venusaur, M|\n|poke|p1|Jolteon, M|\n|poke|p1|Blastoise, F|\n|poke|p1|Rhydon, M|\n|poke|p1|Scyther, F|\n|poke|p2|Banette, M|\n|poke|p2|Alomomola, F|\n|poke|p2|Landorus-Therian, M|\n|poke|p2|Heatran, M|\n|poke|p2|Swellow, F|\n|poke|p2|Urshifu-*, F|\n|teampreview\n|inactive|Battle timer is ON: inactive players will automatically lose when time's up. (requested by zhuandayoudou)\n|\n|t:|1700549238\n|start\n|switch|p1a: Rhydon|Rhydon, M, shiny|100\/100\n|switch|p2a: Swellow|Swellow, F|100\/100\n|turn|1\n|\n|t:|1700549243\n|move|p2a: Swellow|U-turn|p1a: Rhydon\n|-damage|p1a: Rhydon|95\/100\n|\n|t:|1700549246\n|switch|p2a: Alomomola|Alomomola, F, shiny|100\/100|[from] U-turn\n|move|p1a: Rhydon|Avalanche|p2a: Alomomola\n|-resisted|p2a: Alomomola\n|-damage|p2a: Alomomola|95\/100\n|\n|upkeep\n|turn|2\n|\n|t:|1700549250\n|move|p2a: Alomomola|Flip Turn|p1a: Rhydon\n|-supereffective|p1a: Rhydon\n|-crit|p1a: Rhydon\n|-damage|p1a: Rhydon|44\/100\n|c|\u2606Sirrawrz|ow\n|\n|t:|1700549257\n|switch|p2a: Landorus|Landorus-Therian, M|100\/100|[from] Flip Turn\n|-ability|p2a: Landorus|Intimidate|boost\n|-unboost|p1a: Rhydon|atk|1\n|move|p1a: Rhydon|Stealth Rock|p2a: Landorus\n|-sidestart|p2: zhuandayoudou|move: Stealth Rock\n|\n|upkeep\n|turn|3\n|\n|t:|1700549261\n|move|p2a: Landorus|Earthquake|p1a: Rhydon\n|-supereffective|p1a: Rhydon\n|-damage|p1a: Rhydon|0 fnt\n|faint|p1a: Rhydon\n|\n|upkeep\n|\n|t:|1700549270\n|switch|p1a: Blastoise|Blastoise, F, shiny|100\/100\n|turn|4\n|\n|t:|1700549277\n|switch|p2a: Alomomola|Alomomola, F, shiny|100\/100\n|move|p1a: Blastoise|Flip Turn|p2a: Alomomola\n|-resisted|p2a: Alomomola\n|-damage|p2a: Alomomola|96\/100\n|\n|t:|1700549280\n|switch|p1a: Jolteon|Jolteon, M, shiny|100\/100|[from] Flip Turn\n|\n|-status|p1a: Jolteon|brn|[from] item: Flame Orb\n|upkeep\n|turn|5\n|\n|t:|1700549288\n|-terastallize|p1a: Jolteon|Ice\n|move|p2a: Alomomola|Protect|p2a: Alomomola\n|-singleturn|p2a: Alomomola|Protect\n|move|p1a: Jolteon|Tera Blast|p2a: Alomomola|[anim] Tera Blast Ice\n|-activate|p2a: Alomomola|move: Protect\n|\n|-damage|p1a: Jolteon|94\/100 brn|[from] brn\n|upkeep\n|turn|6\n|inactive|zhuandayoudou has 120 seconds left.\n|\n|t:|1700549319\n|-terastallize|p2a: Alomomola|Fairy\n|move|p1a: Jolteon|Volt Switch|p2a: Alomomola\n|-damage|p2a: Alomomola|57\/100\n|\n|t:|1700549327\n|switch|p1a: Blastoise|Blastoise, F, shiny|100\/100|[from] Volt Switch\n|move|p2a: Alomomola|Flip Turn|p1a: Blastoise\n|-resisted|p1a: Blastoise\n|-damage|p1a: Blastoise|95\/100\n|inactive|zhuandayoudou has 120 seconds left.\n|\n|t:|1700549339\n|switch|p2a: Landorus|Landorus-Therian, M|100\/100|[from] Flip Turn\n|-damage|p2a: Landorus|88\/100|[from] Stealth Rock\n|-ability|p2a: Landorus|Intimidate|boost\n|-unboost|p1a: Blastoise|atk|1\n|\n|upkeep\n|turn|7\n|\n|t:|1700549342\n|-zpower|p2a: Landorus\n|move|p2a: Landorus|Supersonic Skystrike|p1a: Blastoise|[zeffect]\n|-damage|p1a: Blastoise|29\/100\n|move|p1a: Blastoise|Flip Turn|p2a: Landorus\n|-supereffective|p2a: Landorus\n|-damage|p2a: Landorus|58\/100\n|\n|t:|1700549350\n|switch|p1a: Ninetales|Ninetales, M, shiny|100\/100|[from] Flip Turn\n|-weather|SunnyDay|[from] ability: Drought|[of] p1a: Ninetales\n|\n|-weather|SunnyDay|[upkeep]\n|upkeep\n|turn|8\n|\n|t:|1700549354\n|switch|p1a: Venusaur|Venusaur, M, shiny|100\/100\n|move|p2a: Landorus|Defog|p1a: Venusaur\n|-unboost|p1a: Venusaur|evasion|1\n|-sideend|p2: zhuandayoudou|Stealth Rock|[from] move: Defog|[of] p2a: Landorus\n|\n|-weather|SunnyDay|[upkeep]\n|upkeep\n|turn|9\n|\n|t:|1700549359\n|switch|p2a: Heatran|Heatran, M|100\/100\n|move|p1a: Venusaur|Weather Ball|p2a: Heatran\n|-start|p2a: Heatran|ability: Flash Fire\n|\n|-weather|SunnyDay|[upkeep]\n|upkeep\n|turn|10\n|\n|t:|1700549365\n|move|p2a: Heatran|Protect|p2a: Heatran\n|-singleturn|p2a: Heatran|Protect\n|move|p1a: Venusaur|Earth Power|p2a: Heatran\n|-activate|p2a: Heatran|move: Protect\n|\n|-weather|SunnyDay|[upkeep]\n|upkeep\n|turn|11\n|\n|t:|1700549370\n|-end|p2a: Heatran|ability: Flash Fire|[silent]\n|switch|p2a: Landorus|Landorus-Therian, M|58\/100\n|-ability|p2a: Landorus|Intimidate|boost\n|-unboost|p1a: Venusaur|atk|1\n|move|p1a: Venusaur|Weather Ball|p2a: Landorus\n|-damage|p2a: Landorus|0 fnt\n|faint|p2a: Landorus\n|-damage|p1a: Venusaur|91\/100|[from] item: Life Orb\n|\n|-weather|none\n|upkeep\n|\n|t:|1700549375\n|switch|p2a: Swellow|Swellow, F|100\/100\n|turn|12\n|\n|t:|1700549378\n|switch|p1a: Blastoise|Blastoise, F, shiny|29\/100\n|move|p2a: Swellow|Boomburst|p1a: Blastoise\n|-damage|p1a: Blastoise|0 fnt\n|faint|p1a: Blastoise\n|\n|upkeep\n|\n|t:|1700549382\n|switch|p1a: Jolteon|Jolteon, M, shiny, tera:Ice|94\/100 brn\n|turn|13\n|\n|t:|1700549385\n|switch|p2a: Heatran|Heatran, M|100\/100\n|move|p1a: Jolteon|Volt Switch|p2a: Heatran\n|-damage|p2a: Heatran|82\/100\n|\n|t:|1700549394\n|switch|p1a: Venusaur|Venusaur, M, shiny|91\/100|[from] Volt Switch\n|\n|-heal|p2a: Heatran|88\/100|[from] item: Leftovers\n|upkeep\n|turn|14\n|\n|t:|1700549399\n|move|p1a: Venusaur|Earth Power|p2a: Heatran\n|-supereffective|p2a: Heatran\n|-damage|p2a: Heatran|0 fnt\n|faint|p2a: Heatran\n|-damage|p1a: Venusaur|81\/100|[from] item: Life Orb\n|\n|upkeep\n|\n|t:|1700549405\n|switch|p2a: Swellow|Swellow, F|100\/100\n|turn|15\n|\n|t:|1700549414\n|switch|p1a: Scyther|Scyther, F, shiny|100\/100\n|move|p2a: Swellow|Boomburst|p1a: Scyther\n|-damage|p1a: Scyther|0 fnt\n|faint|p1a: Scyther\n|\n|upkeep\n|\n|t:|1700549417\n|switch|p1a: Jolteon|Jolteon, M, shiny, tera:Ice|94\/100 brn\n|turn|16\n|\n|t:|1700549430\n|move|p1a: Jolteon|Volt Switch|p2a: Swellow\n|-supereffective|p2a: Swellow\n|-damage|p2a: Swellow|0 fnt\n|faint|p2a: Swellow\n|\n|t:|1700549434\n|switch|p1a: Ninetales|Ninetales, M, shiny|100\/100|[from] Volt Switch\n|-weather|SunnyDay|[from] ability: Drought|[of] p1a: Ninetales\n|\n|-weather|SunnyDay|[upkeep]\n|upkeep\n|\n|t:|1700549447\n|switch|p2a: Urshifu|Urshifu-Rapid-Strike, F|100\/100\n|turn|17\n|\n|t:|1700549450\n|move|p1a: Ninetales|Solar Beam||[still]\n|-prepare|p1a: Ninetales|Solar Beam\n|-anim|p1a: Ninetales|Solar Beam|p2a: Urshifu\n|-supereffective|p2a: Urshifu\n|-damage|p2a: Urshifu|8\/100\n|move|p2a: Urshifu|Surging Strikes|p1a: Ninetales\n|-supereffective|p1a: Ninetales\n|-crit|p1a: Ninetales\n|-damage|p1a: Ninetales|68\/100\n|-supereffective|p1a: Ninetales\n|-crit|p1a: Ninetales\n|-damage|p1a: Ninetales|34\/100\n|-supereffective|p1a: Ninetales\n|-crit|p1a: Ninetales\n|-damage|p1a: Ninetales|4\/100\n|-hitcount|p1a: Ninetales|3\n|\n|-weather|SunnyDay|[upkeep]\n|upkeep\n|turn|18\n|\n|t:|1700549471\n|switch|p1a: Venusaur|Venusaur, M, shiny|81\/100\n|switch|p2a: Alomomola|Alomomola, F, shiny, tera:Fairy|91\/100\n|\n|-weather|SunnyDay|[upkeep]\n|upkeep\n|turn|19\n|\n|t:|1700549475\n|move|p2a: Alomomola|Protect|p2a: Alomomola\n|-singleturn|p2a: Alomomola|Protect\n|move|p1a: Venusaur|Sludge Bomb|p2a: Alomomola\n|-activate|p2a: Alomomola|move: Protect\n|\n|-weather|SunnyDay|[upkeep]\n|upkeep\n|turn|20\n|\n|t:|1700549490\n|move|p1a: Venusaur|Sludge Bomb|p2a: Alomomola\n|-supereffective|p2a: Alomomola\n|-damage|p2a: Alomomola|0 fnt\n|faint|p2a: Alomomola\n|-damage|p1a: Venusaur|71\/100|[from] item: Life Orb\n|\n|-weather|none\n|upkeep\n|-message|zhuandayoudou forfeited.\n|\n|win|Sirrawrz\n|raw|Sirrawrz's rating: 1570 &rarr; <strong>1586<\/strong><br \/>(+16 for winning)\n|raw|zhuandayoudou's rating: 1507 &rarr; <strong>1491<\/strong><br \/>(-16 for losing)\n|l|\u2606zhuandayoudou\n","uploadtime":1700549506,"views":1,"p1id":"sirrawrz","p2id":"zhuandayoudou","formatid":"gen9nationaldex","rating":1491,"private":0,"password":""}