{"id":"gen9nationaldex-1999659678","p1":"sgzf","p2":"lWingsl","format":"[Gen 9] National Dex","log":"|html|<div class=\"broadcast-blue\"><strong>[Gen 9] National Dex is currently suspecting Sneasler! For information on how to participate check out the <a href=\"https:\/\/www.smogon.com\/forums\/threads\/sv-national-dex-suspect-8-just-dance.3731534\/\">suspect thread<\/a>.<\/strong><\/div>\n|j|\u2606sgzf\n|j|\u2606lWingsl\n|t:|1701105421\n|gametype|singles\n|player|p1|sgzf|dawn-gen4pt|1090\n|player|p2|lWingsl|silver|1031\n|teamsize|p1|6\n|teamsize|p2|6\n|gen|9\n|tier|[Gen 9] National Dex\n|rated|\n|rule|HP Percentage Mod: HP is shown in percentages\n|rule|Endless Battle Clause: Forcing endless battles is banned\n|rule|OHKO Clause: OHKO moves are banned\n|rule|Evasion Clause: Evasion abilities, items, and moves are banned\n|rule|Evasion Abilities Clause: Evasion abilities are banned\n|rule|Evasion Items Clause: Evasion items are banned\n|rule|Evasion Moves Clause: Evasion moves are banned\n|rule|Species Clause: Limit one of each Pok\u00e9mon\n|rule|Sleep Clause Mod: Limit one foe put to sleep\n|clearpoke\n|poke|p1|Garchomp, F|\n|poke|p1|Ferrothorn, M|\n|poke|p1|Lopunny, F|\n|poke|p1|Moltres|\n|poke|p1|Slowking-Galar, M|\n|poke|p1|Alomomola, M|\n|poke|p2|Obstagoon, M|\n|poke|p2|Skeledirge, M|\n|poke|p2|Chesnaught, F|\n|poke|p2|Inteleon, M|\n|poke|p2|Aegislash, M|\n|poke|p2|Togetic, F|\n|teampreview\n|inactive|Battle timer is ON: inactive players will automatically lose when time's up. (requested by lWingsl)\n|\n|t:|1701105432\n|start\n|switch|p1a: Ferrothorn|Ferrothorn, M|100\/100\n|switch|p2a: Obstagoon|Obstagoon, M|100\/100\n|turn|1\n|\n|t:|1701105446\n|move|p2a: Obstagoon|Knock Off|p1a: Ferrothorn\n|-damage|p1a: Ferrothorn|77\/100\n|-damage|p2a: Obstagoon|88\/100|[from] ability: Iron Barbs|[of] p1a: Ferrothorn\n|-enditem|p1a: Ferrothorn|Leftovers|[from] move: Knock Off|[of] p2a: Obstagoon\n|move|p1a: Ferrothorn|Thunder Wave|p2a: Obstagoon\n|-status|p2a: Obstagoon|par\n|\n|upkeep\n|turn|2\n|\n|t:|1701105461\n|move|p2a: Obstagoon|Parting Shot|p1a: Ferrothorn\n|-unboost|p1a: Ferrothorn|atk|1\n|-unboost|p1a: Ferrothorn|spa|1\n|\n|t:|1701105465\n|switch|p2a: Skeledirge|Skeledirge, M|100\/100|[from] Parting Shot\n|move|p1a: Ferrothorn|Knock Off|p2a: Skeledirge\n|-supereffective|p2a: Skeledirge\n|-damage|p2a: Skeledirge|68\/100\n|-enditem|p2a: Skeledirge|Heavy-Duty Boots|[from] move: Knock Off|[of] p1a: Ferrothorn\n|\n|upkeep\n|turn|3\n|\n|t:|1701105476\n|switch|p1a: Alomomola|Alomomola, M, shiny|100\/100\n|move|p2a: Skeledirge|Torch Song|p1a: Alomomola\n|-resisted|p1a: Alomomola\n|-damage|p1a: Alomomola|82\/100\n|-boost|p2a: Skeledirge|spa|1\n|\n|upkeep\n|turn|4\n|\n|t:|1701105483\n|move|p2a: Skeledirge|Will-O-Wisp|p1a: Alomomola\n|-status|p1a: Alomomola|brn\n|move|p1a: Alomomola|Toxic|p2a: Skeledirge\n|-status|p2a: Skeledirge|tox\n|\n|-damage|p2a: Skeledirge|62\/100 tox|[from] psn\n|-damage|p1a: Alomomola|75\/100 brn|[from] brn\n|upkeep\n|turn|5\n|\n|t:|1701105491\n|move|p1a: Alomomola|Protect|p1a: Alomomola\n|-singleturn|p1a: Alomomola|Protect\n|move|p2a: Skeledirge|Hex|p1a: Alomomola\n|-activate|p1a: Alomomola|move: Protect\n|\n|-damage|p2a: Skeledirge|50\/100 tox|[from] psn\n|-damage|p1a: Alomomola|69\/100 brn|[from] brn\n|upkeep\n|turn|6\n|\n|t:|1701105502\n|switch|p1a: Lopunny|Lopunny, F, shiny|100\/100\n|move|p2a: Skeledirge|Hex|p1a: Lopunny\n|-immune|p1a: Lopunny\n|\n|-damage|p2a: Skeledirge|32\/100 tox|[from] psn\n|upkeep\n|turn|7\n|\n|t:|1701105510\n|switch|p1a: Alomomola|Alomomola, M, shiny|100\/100 brn\n|switch|p2a: Obstagoon|Obstagoon, M|88\/100 par\n|\n|-damage|p1a: Alomomola|94\/100 brn|[from] brn\n|upkeep\n|turn|8\n|\n|t:|1701105521\n|move|p2a: Obstagoon|Facade|p1a: Alomomola\n|-damage|p1a: Alomomola|46\/100 brn\n|move|p1a: Alomomola|Toxic||[still]\n|-fail|p1a: Alomomola\n|\n|-damage|p1a: Alomomola|40\/100 brn|[from] brn\n|upkeep\n|turn|9\n|\n|t:|1701105528\n|move|p2a: Obstagoon|Facade|p1a: Alomomola\n|-damage|p1a: Alomomola|0 fnt\n|faint|p1a: Alomomola\n|\n|upkeep\n|\n|t:|1701105531\n|switch|p1a: Lopunny|Lopunny, F, shiny|100\/100\n|turn|10\n|\n|t:|1701105546\n|detailschange|p1a: Lopunny|Lopunny-Mega, F, shiny\n|-mega|p1a: Lopunny|Lopunny|Lopunnite\n|move|p1a: Lopunny|Fake Out|p2a: Obstagoon\n|-damage|p2a: Obstagoon|65\/100 par\n|cant|p2a: Obstagoon|flinch\n|\n|upkeep\n|turn|11\n|\n|t:|1701105551\n|move|p1a: Lopunny|Close Combat|p2a: Obstagoon\n|-supereffective|p2a: Obstagoon\n|-damage|p2a: Obstagoon|0 fnt\n|-unboost|p1a: Lopunny|def|1\n|-unboost|p1a: Lopunny|spd|1\n|faint|p2a: Obstagoon\n|\n|upkeep\n|\n|t:|1701105569\n|switch|p2a: Inteleon|Inteleon, M|100\/100\n|turn|12\n|\n|t:|1701105579\n|switch|p1a: Ferrothorn|Ferrothorn, M|77\/100\n|move|p2a: Inteleon|Ice Beam|p1a: Ferrothorn\n|-damage|p1a: Ferrothorn|35\/100\n|\n|upkeep\n|turn|13\n|\n|t:|1701105602\n|switch|p2a: Chesnaught|Chesnaught, F, shiny|100\/100\n|move|p1a: Ferrothorn|Thunder Wave|p2a: Chesnaught\n|-status|p2a: Chesnaught|par\n|\n|upkeep\n|turn|14\n|\n|t:|1701105609\n|move|p2a: Chesnaught|Spikes|p1a: Ferrothorn\n|-sidestart|p1: sgzf|Spikes\n|move|p1a: Ferrothorn|Spikes|p2a: Chesnaught\n|-sidestart|p2: lWingsl|Spikes\n|\n|upkeep\n|turn|15\n|\n|t:|1701105613\n|move|p2a: Chesnaught|Spikes|p1a: Ferrothorn\n|-sidestart|p1: sgzf|Spikes\n|move|p1a: Ferrothorn|Knock Off|p2a: Chesnaught\n|-resisted|p2a: Chesnaught\n|-damage|p2a: Chesnaught|94\/100 par\n|-damage|p1a: Ferrothorn|19\/100|[from] item: Rocky Helmet|[of] p2a: Chesnaught\n|-enditem|p2a: Chesnaught|Rocky Helmet|[from] move: Knock Off|[of] p1a: Ferrothorn\n|\n|upkeep\n|turn|16\n|\n|t:|1701105622\n|switch|p1a: Moltres|Moltres|100\/100\n|move|p2a: Chesnaught|Body Press|p1a: Moltres\n|-resisted|p1a: Moltres\n|-damage|p1a: Moltres|84\/100\n|\n|upkeep\n|turn|17\n|\n|t:|1701105628\n|switch|p2a: Inteleon|Inteleon, M|100\/100\n|-damage|p2a: Inteleon|88\/100|[from] Spikes\n|move|p1a: Moltres|Defog|p2a: Inteleon\n|-unboost|p2a: Inteleon|evasion|1\n|-sideend|p2: lWingsl|Spikes|[from] move: Defog|[of] p1a: Moltres\n|-sideend|p1: sgzf|Spikes|[from] move: Defog|[of] p1a: Moltres\n|\n|upkeep\n|turn|18\n|\n|t:|1701105648\n|switch|p1a: Slowking|Slowking-Galar, M|100\/100\n|move|p2a: Inteleon|Ice Beam|p1a: Slowking\n|-damage|p1a: Slowking|75\/100\n|\n|upkeep\n|turn|19\n|\n|t:|1701105670\n|switch|p2a: Aegislash|Aegislash, M|100\/100\n|move|p1a: Slowking|Future Sight|p2a: Aegislash\n|-start|p1a: Slowking|move: Future Sight\n|\n|upkeep\n|turn|20\n|\n|t:|1701105683\n|switch|p1a: Moltres|Moltres|84\/100\n|-formechange|p2a: Aegislash|Aegislash-Blade||[from] ability: Stance Change\n|move|p2a: Aegislash|Shadow Ball|p1a: Moltres\n|-damage|p1a: Moltres|29\/100\n|\n|upkeep\n|turn|21\n|inactive|lWingsl has 120 seconds left.\n|\n|t:|1701105706\n|switch|p2a: Inteleon|Inteleon, M|88\/100\n|switch|p1a: Garchomp|Garchomp, F|100\/100\n|\n|-end|p2a: Inteleon|move: Future Sight\n|-damage|p2a: Inteleon|16\/100\n|upkeep\n|turn|22\n|\n|t:|1701105715\n|switch|p1a: Slowking|Slowking-Galar, M|100\/100\n|move|p2a: Inteleon|Ice Beam|p1a: Slowking\n|-damage|p1a: Slowking|72\/100\n|\n|upkeep\n|turn|23\n|\n|t:|1701105725\n|switch|p2a: Aegislash|Aegislash, M|100\/100\n|move|p1a: Slowking|Future Sight|p2a: Aegislash\n|-start|p1a: Slowking|move: Future Sight\n|\n|upkeep\n|turn|24\n|\n|t:|1701105744\n|switch|p2a: Inteleon|Inteleon, M|16\/100\n|switch|p1a: Ferrothorn|Ferrothorn, M|19\/100\n|\n|upkeep\n|turn|25\n|\n|t:|1701105753\n|switch|p1a: Slowking|Slowking-Galar, M|100\/100\n|move|p2a: Inteleon|Hydro Pump|p1a: Slowking\n|-damage|p1a: Slowking|24\/100\n|\n|-end|p2a: Inteleon|move: Future Sight\n|-damage|p2a: Inteleon|0 fnt\n|faint|p2a: Inteleon\n|upkeep\n|\n|t:|1701105764\n|switch|p2a: Aegislash|Aegislash, M|100\/100\n|turn|26\n|\n|t:|1701105777\n|switch|p1a: Ferrothorn|Ferrothorn, M|19\/100\n|-formechange|p2a: Aegislash|Aegislash-Blade||[from] ability: Stance Change\n|move|p2a: Aegislash|Shadow Ball|p1a: Ferrothorn\n|-damage|p1a: Ferrothorn|0 fnt\n|faint|p1a: Ferrothorn\n|\n|upkeep\n|\n|t:|1701105780\n|switch|p1a: Garchomp|Garchomp, F|100\/100\n|turn|27\n|\n|t:|1701105801\n|switch|p2a: Togetic|Togetic, F|100\/100\n|move|p1a: Garchomp|Stealth Rock|p2a: Togetic\n|-sidestart|p2: lWingsl|move: Stealth Rock\n|\n|upkeep\n|turn|28\n|\n|t:|1701105811\n|switch|p1a: Lopunny|Lopunny-Mega, F, shiny|100\/100\n|move|p2a: Togetic|Defog|p1a: Lopunny\n|-unboost|p1a: Lopunny|evasion|1\n|-sideend|p2: lWingsl|Stealth Rock|[from] move: Defog|[of] p2a: Togetic\n|\n|upkeep\n|turn|29\n|\n|t:|1701105819\n|move|p1a: Lopunny|Fake Out|p2a: Togetic\n|-damage|p2a: Togetic|87\/100\n|cant|p2a: Togetic|flinch\n|\n|upkeep\n|turn|30\n|\n|t:|1701105829\n|move|p1a: Lopunny|U-turn|p2a: Togetic\n|-resisted|p2a: Togetic\n|-damage|p2a: Togetic|84\/100\n|\n|t:|1701105832\n|switch|p1a: Moltres|Moltres|29\/100|[from] U-turn\n|move|p2a: Togetic|Toxic|p1a: Moltres\n|-status|p1a: Moltres|tox\n|\n|-damage|p1a: Moltres|23\/100 tox|[from] psn\n|upkeep\n|turn|31\n|\n|t:|1701105840\n|move|p1a: Moltres|Roost|p1a: Moltres\n|-heal|p1a: Moltres|73\/100 tox\n|-singleturn|p1a: Moltres|move: Roost\n|move|p2a: Togetic|Draining Kiss|p1a: Moltres\n|-resisted|p1a: Moltres\n|-damage|p1a: Moltres|66\/100 tox\n|-heal|p2a: Togetic|91\/100|[from] drain|[of] p1a: Moltres\n|-status|p2a: Togetic|brn|[from] ability: Flame Body|[of] p1a: Moltres\n|\n|-damage|p1a: Moltres|54\/100 tox|[from] psn\n|-damage|p2a: Togetic|85\/100 brn|[from] brn\n|upkeep\n|turn|32\n|\n|t:|1701105860\n|switch|p2a: Skeledirge|Skeledirge, M|32\/100 tox\n|move|p1a: Moltres|Roost|p1a: Moltres\n|-heal|p1a: Moltres|100\/100 tox\n|-singleturn|p1a: Moltres|move: Roost\n|\n|-damage|p1a: Moltres|82\/100 tox|[from] psn\n|-damage|p2a: Skeledirge|26\/100 tox|[from] psn\n|upkeep\n|turn|33\n|\n|t:|1701105870\n|switch|p1a: Garchomp|Garchomp, F|100\/100\n|move|p2a: Skeledirge|Hex|p1a: Garchomp\n|-damage|p1a: Garchomp|74\/100\n|\n|-damage|p2a: Skeledirge|14\/100 tox|[from] psn\n|upkeep\n|turn|34\n|\n|t:|1701105878\n|move|p1a: Garchomp|Stealth Rock|p2a: Skeledirge\n|-sidestart|p2: lWingsl|move: Stealth Rock\n|move|p2a: Skeledirge|Slack Off|p2a: Skeledirge\n|-heal|p2a: Skeledirge|64\/100 tox\n|\n|-damage|p2a: Skeledirge|46\/100 tox|[from] psn\n|upkeep\n|turn|35\n|\n|t:|1701105886\n|move|p1a: Garchomp|Earthquake|p2a: Skeledirge\n|-supereffective|p2a: Skeledirge\n|-damage|p2a: Skeledirge|0 fnt\n|faint|p2a: Skeledirge\n|\n|upkeep\n|\n|t:|1701105892\n|switch|p2a: Togetic|Togetic, F|85\/100 brn\n|-damage|p2a: Togetic|60\/100 brn|[from] Stealth Rock\n|turn|36\n|\n|t:|1701105900\n|switch|p1a: Moltres|Moltres|82\/100 tox\n|move|p2a: Togetic|Defog|p1a: Moltres\n|-unboost|p1a: Moltres|evasion|1\n|-sideend|p2: lWingsl|Stealth Rock|[from] move: Defog|[of] p2a: Togetic\n|\n|-damage|p1a: Moltres|76\/100 tox|[from] psn\n|-damage|p2a: Togetic|54\/100 brn|[from] brn\n|upkeep\n|turn|37\n|\n|t:|1701105911\n|move|p1a: Moltres|Flamethrower|p2a: Togetic\n|-damage|p2a: Togetic|29\/100 brn\n|move|p2a: Togetic|Draining Kiss|p1a: Moltres\n|-resisted|p1a: Moltres\n|-damage|p1a: Moltres|69\/100 tox\n|-heal|p2a: Togetic|36\/100 brn|[from] drain|[of] p1a: Moltres\n|\n|-damage|p1a: Moltres|57\/100 tox|[from] psn\n|-damage|p2a: Togetic|30\/100 brn|[from] brn\n|upkeep\n|turn|38\n|\n|t:|1701105920\n|move|p1a: Moltres|Roost|p1a: Moltres\n|-heal|p1a: Moltres|100\/100 tox\n|-singleturn|p1a: Moltres|move: Roost\n|move|p2a: Togetic|Roost|p2a: Togetic\n|-heal|p2a: Togetic|80\/100 brn\n|-singleturn|p2a: Togetic|move: Roost\n|\n|-damage|p1a: Moltres|82\/100 tox|[from] psn\n|-damage|p2a: Togetic|74\/100 brn|[from] brn\n|upkeep\n|turn|39\n|\n|t:|1701105937\n|move|p1a: Moltres|Flamethrower|p2a: Togetic\n|-damage|p2a: Togetic|48\/100 brn\n|move|p2a: Togetic|Draining Kiss|p1a: Moltres\n|-resisted|p1a: Moltres\n|-damage|p1a: Moltres|75\/100 tox\n|-heal|p2a: Togetic|54\/100 brn|[from] drain|[of] p1a: Moltres\n|\n|-damage|p1a: Moltres|51\/100 tox|[from] psn\n|-damage|p2a: Togetic|48\/100 brn|[from] brn\n|upkeep\n|turn|40\n|\n|t:|1701105949\n|switch|p1a: Slowking|Slowking-Galar, M|58\/100\n|move|p2a: Togetic|Roost|p2a: Togetic\n|-heal|p2a: Togetic|98\/100 brn\n|-singleturn|p2a: Togetic|move: Roost\n|\n|-damage|p2a: Togetic|92\/100 brn|[from] brn\n|upkeep\n|turn|41\n|\n|t:|1701105965\n|switch|p2a: Aegislash|Aegislash, M|100\/100\n|-terastallize|p1a: Slowking|Water\n|move|p1a: Slowking|Future Sight|p2a: Aegislash\n|-start|p1a: Slowking|move: Future Sight\n|\n|upkeep\n|turn|42\n|\n|t:|1701105975\n|switch|p1a: Garchomp|Garchomp, F|74\/100\n|-formechange|p2a: Aegislash|Aegislash-Blade||[from] ability: Stance Change\n|move|p2a: Aegislash|Close Combat|p1a: Garchomp\n|-damage|p1a: Garchomp|41\/100\n|-unboost|p2a: Aegislash|def|1\n|-unboost|p2a: Aegislash|spd|1\n|-damage|p2a: Aegislash|88\/100|[from] ability: Rough Skin|[of] p1a: Garchomp\n|\n|upkeep\n|turn|43\n|\n|t:|1701105986\n|switch|p2a: Togetic|Togetic, F|92\/100 brn\n|move|p1a: Garchomp|Earthquake|p2a: Togetic\n|-immune|p2a: Togetic\n|\n|-end|p2a: Togetic|move: Future Sight\n|-damage|p2a: Togetic|62\/100 brn\n|-damage|p2a: Togetic|56\/100 brn|[from] brn\n|upkeep\n|turn|44\n|\n|t:|1701105997\n|switch|p1a: Moltres|Moltres|51\/100 tox\n|move|p2a: Togetic|Draining Kiss|p1a: Moltres\n|-resisted|p1a: Moltres\n|-damage|p1a: Moltres|44\/100 tox\n|-heal|p2a: Togetic|63\/100 brn|[from] drain|[of] p1a: Moltres\n|\n|-damage|p1a: Moltres|38\/100 tox|[from] psn\n|-damage|p2a: Togetic|57\/100 brn|[from] brn\n|upkeep\n|turn|45\n|\n|t:|1701106013\n|move|p1a: Moltres|Roost|p1a: Moltres\n|-heal|p1a: Moltres|88\/100 tox\n|-singleturn|p1a: Moltres|move: Roost\n|move|p2a: Togetic|Draining Kiss|p1a: Moltres\n|-resisted|p1a: Moltres\n|-damage|p1a: Moltres|81\/100 tox\n|-heal|p2a: Togetic|64\/100 brn|[from] drain|[of] p1a: Moltres\n|\n|-damage|p1a: Moltres|69\/100 tox|[from] psn\n|-damage|p2a: Togetic|58\/100 brn|[from] brn\n|upkeep\n|turn|46\n|inactive|lWingsl has 120 seconds left.\n|\n|t:|1701106031\n|move|p1a: Moltres|Flamethrower|p2a: Togetic\n|-damage|p2a: Togetic|33\/100 brn\n|move|p2a: Togetic|Roost|p2a: Togetic\n|-heal|p2a: Togetic|83\/100 brn\n|-singleturn|p2a: Togetic|move: Roost\n|\n|-damage|p1a: Moltres|51\/100 tox|[from] psn\n|-damage|p2a: Togetic|77\/100 brn|[from] brn\n|upkeep\n|turn|47\n|\n|t:|1701106040\n|move|p1a: Moltres|Roost|p1a: Moltres\n|-heal|p1a: Moltres|100\/100 tox\n|-singleturn|p1a: Moltres|move: Roost\n|move|p2a: Togetic|Draining Kiss|p1a: Moltres\n|-resisted|p1a: Moltres\n|-damage|p1a: Moltres|93\/100 tox\n|-heal|p2a: Togetic|83\/100 brn|[from] drain|[of] p1a: Moltres\n|\n|-damage|p1a: Moltres|69\/100 tox|[from] psn\n|-damage|p2a: Togetic|77\/100 brn|[from] brn\n|upkeep\n|turn|48\n|\n|t:|1701106050\n|switch|p1a: Lopunny|Lopunny-Mega, F, shiny|100\/100\n|move|p2a: Togetic|Draining Kiss|p1a: Lopunny\n|-supereffective|p1a: Lopunny\n|-crit|p1a: Lopunny\n|-damage|p1a: Lopunny|47\/100\n|-heal|p2a: Togetic|100\/100 brn|[from] drain|[of] p1a: Lopunny\n|\n|-damage|p2a: Togetic|94\/100 brn|[from] brn\n|upkeep\n|turn|49\n|\n|t:|1701106060\n|move|p1a: Lopunny|Fake Out|p2a: Togetic\n|-damage|p2a: Togetic|82\/100 brn\n|cant|p2a: Togetic|flinch\n|\n|-damage|p2a: Togetic|76\/100 brn|[from] brn\n|upkeep\n|turn|50\n|\n|t:|1701106070\n|move|p1a: Lopunny|Triple Axel|p2a: Togetic\n|-supereffective|p2a: Togetic\n|-damage|p2a: Togetic|67\/100 brn\n|-supereffective|p2a: Togetic\n|-damage|p2a: Togetic|48\/100 brn\n|-supereffective|p2a: Togetic\n|-damage|p2a: Togetic|21\/100 brn\n|-hitcount|p2a: Togetic|3\n|move|p2a: Togetic|Draining Kiss|p1a: Lopunny\n|-supereffective|p1a: Lopunny\n|-damage|p1a: Lopunny|11\/100\n|-heal|p2a: Togetic|44\/100 brn|[from] drain|[of] p1a: Lopunny\n|\n|-damage|p2a: Togetic|38\/100 brn|[from] brn\n|upkeep\n|turn|51\n|\n|t:|1701106092\n|switch|p1a: Moltres|Moltres|69\/100 tox\n|switch|p2a: Aegislash|Aegislash, M|88\/100\n|\n|-damage|p1a: Moltres|63\/100 tox|[from] psn\n|upkeep\n|turn|52\n|\n|t:|1701106104\n|move|p1a: Moltres|Flamethrower|p2a: Aegislash\n|-supereffective|p2a: Aegislash\n|-damage|p2a: Aegislash|19\/100\n|-formechange|p2a: Aegislash|Aegislash-Blade||[from] ability: Stance Change\n|move|p2a: Aegislash|Shadow Ball|p1a: Moltres\n|-damage|p1a: Moltres|4\/100 tox\n|\n|-damage|p1a: Moltres|0 fnt|[from] psn\n|faint|p1a: Moltres\n|upkeep\n|\n|t:|1701106115\n|switch|p1a: Slowking|Slowking-Galar, M, tera:Water|91\/100\n|turn|53\n|\n|t:|1701106123\n|move|p2a: Aegislash|Shadow Sneak|p1a: Slowking\n|-damage|p1a: Slowking|68\/100\n|move|p1a: Slowking|Future Sight|p2a: Aegislash\n|-start|p1a: Slowking|move: Future Sight\n|\n|upkeep\n|turn|54\n|\n|t:|1701106135\n|move|p2a: Aegislash|Close Combat|p1a: Slowking\n|-damage|p1a: Slowking|31\/100\n|-unboost|p2a: Aegislash|def|1\n|-unboost|p2a: Aegislash|spd|1\n|move|p1a: Slowking|Slack Off|p1a: Slowking\n|-heal|p1a: Slowking|81\/100\n|\n|upkeep\n|turn|55\n|\n|t:|1701106142\n|switch|p2a: Chesnaught|Chesnaught, F, shiny|94\/100 par\n|move|p1a: Slowking|Slack Off|p1a: Slowking\n|-heal|p1a: Slowking|100\/100\n|\n|-end|p2a: Chesnaught|move: Future Sight\n|-supereffective|p2a: Chesnaught\n|-damage|p2a: Chesnaught|0 fnt\n|faint|p2a: Chesnaught\n|upkeep\n|\n|t:|1701106151\n|switch|p2a: Togetic|Togetic, F|38\/100 brn\n|turn|56\n|\n|t:|1701106154\n|move|p2a: Togetic|Roost|p2a: Togetic\n|-heal|p2a: Togetic|88\/100 brn\n|-singleturn|p2a: Togetic|move: Roost\n|move|p1a: Slowking|Sludge Bomb|p2a: Togetic\n|-supereffective|p2a: Togetic\n|-damage|p2a: Togetic|45\/100 brn\n|\n|-damage|p2a: Togetic|39\/100 brn|[from] brn\n|upkeep\n|turn|57\n|\n|t:|1701106163\n|switch|p2a: Aegislash|Aegislash, M|19\/100\n|move|p1a: Slowking|Sludge Bomb|p2a: Aegislash\n|-immune|p2a: Aegislash\n|\n|upkeep\n|turn|58\n|\n|t:|1701106170\n|-formechange|p2a: Aegislash|Aegislash-Blade||[from] ability: Stance Change\n|move|p2a: Aegislash|Shadow Ball|p1a: Slowking\n|-damage|p1a: Slowking|64\/100\n|move|p1a: Slowking|Future Sight|p2a: Aegislash\n|-start|p1a: Slowking|move: Future Sight\n|\n|upkeep\n|turn|59\n|\n|t:|1701106181\n|move|p2a: Aegislash|Close Combat|p1a: Slowking\n|-damage|p1a: Slowking|25\/100\n|-unboost|p2a: Aegislash|def|1\n|-unboost|p2a: Aegislash|spd|1\n|move|p1a: Slowking|Slack Off|p1a: Slowking\n|-heal|p1a: Slowking|75\/100\n|\n|upkeep\n|turn|60\n|\n|t:|1701106187\n|move|p2a: Aegislash|Close Combat|p1a: Slowking\n|-damage|p1a: Slowking|39\/100\n|-unboost|p2a: Aegislash|def|1\n|-unboost|p2a: Aegislash|spd|1\n|move|p1a: Slowking|Slack Off|p1a: Slowking\n|-heal|p1a: Slowking|89\/100\n|\n|-end|p2a: Aegislash|move: Future Sight\n|-resisted|p2a: Aegislash\n|-damage|p2a: Aegislash|0 fnt\n|faint|p2a: Aegislash\n|upkeep\n|-message|lWingsl forfeited.\n|\n|win|sgzf\n|raw|sgzf's rating: 1090 &rarr; <strong>1112<\/strong><br \/>(+22 for winning)\n|raw|lWingsl's rating: 1031 &rarr; <strong>1019<\/strong><br \/>(-12 for losing)\n","uploadtime":1701106203,"views":1,"p1id":"sgzf","p2id":"lwingsl","formatid":"gen9nationaldex","rating":1019,"private":0,"password":""}