{"id":"gen9nationaldex-1999641854","p1":"Snowtin23","p2":"NEOJO","format":"[Gen 9] National Dex","log":"|html|<div class=\"broadcast-blue\"><strong>[Gen 9] National Dex is currently suspecting Sneasler! For information on how to participate check out the <a href=\"https:\/\/www.smogon.com\/forums\/threads\/sv-national-dex-suspect-8-just-dance.3731534\/\">suspect thread<\/a>.<\/strong><\/div>\n|j|\u2606Snowtin23\n|j|\u2606NEOJO\n|t:|1701103815\n|gametype|singles\n|player|p1|Snowtin23|arven-s|1122\n|player|p2|NEOJO|hoopster|1145\n|teamsize|p1|6\n|teamsize|p2|6\n|gen|9\n|tier|[Gen 9] National Dex\n|rated|\n|rule|HP Percentage Mod: HP is shown in percentages\n|rule|Endless Battle Clause: Forcing endless battles is banned\n|rule|OHKO Clause: OHKO moves are banned\n|rule|Evasion Clause: Evasion abilities, items, and moves are banned\n|rule|Evasion Abilities Clause: Evasion abilities are banned\n|rule|Evasion Items Clause: Evasion items are banned\n|rule|Evasion Moves Clause: Evasion moves are banned\n|rule|Species Clause: Limit one of each Pok\u00e9mon\n|rule|Sleep Clause Mod: Limit one foe put to sleep\n|clearpoke\n|poke|p1|Rillaboom, M|\n|poke|p1|Cinderace, M|\n|poke|p1|Wishiwashi, M|\n|poke|p1|Aegislash, F|\n|poke|p1|Flygon, M|\n|poke|p1|Heracross, F|\n|poke|p2|Scizor, M|\n|poke|p2|Buzzwole|\n|poke|p2|Volcarona, F|\n|poke|p2|Yanmega, M|\n|poke|p2|Forretress, M|\n|poke|p2|Crustle, M|\n|teampreview\n|inactive|Battle timer is ON: inactive players will automatically lose when time's up. (requested by Snowtin23)\n|\n|t:|1701103831\n|start\n|switch|p1a: Jaws|Wishiwashi, M|100\/100\n|switch|p2a: Giga Wigga|Buzzwole, shiny|100\/100\n|-formechange|p1a: Jaws|Wishiwashi-School||[from] ability: Schooling\n|turn|1\n|inactive|NEOJO has 120 seconds left.\n|inactive|NEOJO has 90 seconds left.\n|\n|t:|1701103910\n|move|p2a: Giga Wigga|Thunder Punch|p1a: Jaws\n|-supereffective|p1a: Jaws\n|-damage|p1a: Jaws|44\/100\n|move|p1a: Jaws|Scald|p2a: Giga Wigga\n|-damage|p2a: Giga Wigga|51\/100\n|\n|upkeep\n|turn|2\n|\n|t:|1701103925\n|switch|p1a: Libelldra|Flygon, M|100\/100\n|move|p2a: Giga Wigga|Thunder Punch|p1a: Libelldra\n|-immune|p1a: Libelldra\n|\n|upkeep\n|turn|3\n|\n|t:|1701103933\n|move|p1a: Libelldra|Dragon Dance|p1a: Libelldra\n|-boost|p1a: Libelldra|atk|1\n|-boost|p1a: Libelldra|spe|1\n|move|p2a: Giga Wigga|Ice Punch|p1a: Libelldra\n|-supereffective|p1a: Libelldra\n|-damage|p1a: Libelldra|0 fnt\n|faint|p1a: Libelldra\n|-ability|p2a: Giga Wigga|Beast Boost|boost\n|-boost|p2a: Giga Wigga|atk|1\n|\n|upkeep\n|\n|t:|1701103948\n|switch|p1a: Megara|Heracross, F|100\/100\n|turn|4\n|\n|t:|1701103956\n|detailschange|p1a: Megara|Heracross-Mega, F\n|-mega|p1a: Megara|Heracross|Heracronite\n|move|p2a: Giga Wigga|Earthquake|p1a: Megara\n|-resisted|p1a: Megara\n|-crit|p1a: Megara\n|-damage|p1a: Megara|62\/100\n|move|p1a: Megara|Rock Blast|p2a: Giga Wigga\n|-damage|p2a: Giga Wigga|43\/100\n|-damage|p2a: Giga Wigga|34\/100\n|-damage|p2a: Giga Wigga|26\/100\n|-damage|p2a: Giga Wigga|19\/100\n|-damage|p2a: Giga Wigga|11\/100\n|-hitcount|p2a: Giga Wigga|5\n|\n|upkeep\n|turn|5\n|inactive|NEOJO has 90 seconds left.\n|\n|t:|1701103974\n|switch|p2a: KIDNAPPER|Yanmega, M|100\/100\n|move|p1a: Megara|Rock Blast|p2a: KIDNAPPER\n|-supereffective|p2a: KIDNAPPER\n|-damage|p2a: KIDNAPPER|39\/100\n|-supereffective|p2a: KIDNAPPER\n|-damage|p2a: KIDNAPPER|0 fnt\n|faint|p2a: KIDNAPPER\n|-hitcount|p2: KIDNAPPER|2\n|\n|upkeep\n|\n|t:|1701103991\n|switch|p2a: Ugly Moth|Volcarona, F, shiny|100\/100\n|turn|6\n|\n|t:|1701103997\n|move|p2a: Ugly Moth|Fiery Dance|p1a: Megara\n|-supereffective|p1a: Megara\n|-damage|p1a: Megara|0 fnt\n|faint|p1a: Megara\n|\n|upkeep\n|\n|t:|1701104003\n|switch|p1a: Jaws|Wishiwashi, M|44\/100\n|-formechange|p1a: Jaws|Wishiwashi-School||[from] ability: Schooling\n|turn|7\n|\n|t:|1701104009\n|move|p2a: Ugly Moth|Giga Drain|p1a: Jaws\n|-supereffective|p1a: Jaws\n|-damage|p1a: Jaws|0 fnt\n|faint|p1a: Jaws\n|\n|upkeep\n|\n|t:|1701104024\n|switch|p1a: Messi|Cinderace, M|100\/100\n|turn|8\n|\n|t:|1701104041\n|move|p1a: Messi|Pyro Ball|p2a: Ugly Moth\n|-damage|p2a: Ugly Moth|13\/100\n|move|p2a: Ugly Moth|Fire Blast|p1a: Messi\n|-resisted|p1a: Messi\n|-damage|p1a: Messi|54\/100\n|\n|upkeep\n|turn|9\n|\n|t:|1701104048\n|move|p1a: Messi|Sucker Punch|p2a: Ugly Moth\n|-start|p1a: Messi|typechange|Dark|[from] ability: Libero\n|-damage|p2a: Ugly Moth|0 fnt\n|faint|p2a: Ugly Moth\n|\n|upkeep\n|\n|t:|1701104053\n|switch|p2a: Crusty|Crustle, M|100\/100\n|turn|10\n|\n|t:|1701104059\n|switch|p1a: Mythra|Aegislash, F|100\/100\n|move|p2a: Crusty|Rock Blast|p1a: Mythra\n|-resisted|p1a: Mythra\n|-damage|p1a: Mythra|96\/100\n|-resisted|p1a: Mythra\n|-damage|p1a: Mythra|92\/100\n|-hitcount|p1a: Mythra|2\n|\n|-heal|p1a: Mythra|98\/100|[from] item: Leftovers\n|upkeep\n|turn|11\n|inactive|NEOJO has 120 seconds left.\n|\n|t:|1701104070\n|-formechange|p1a: Mythra|Aegislash-Blade||[from] ability: Stance Change\n|move|p1a: Mythra|Iron Head|p2a: Crusty\n|-supereffective|p2a: Crusty\n|-damage|p2a: Crusty|34\/100\n|-damage|p1a: Mythra|81\/100|[from] item: Rocky Helmet|[of] p2a: Crusty\n|move|p2a: Crusty|Earthquake|p1a: Mythra\n|-supereffective|p1a: Mythra\n|-damage|p1a: Mythra|0 fnt\n|faint|p1a: Mythra\n|\n|upkeep\n|\n|t:|1701104081\n|switch|p1a: Seth Rogen|Rillaboom, M|100\/100\n|-fieldstart|move: Grassy Terrain|[from] ability: Grassy Surge|[of] p1a: Seth Rogen\n|-enditem|p1a: Seth Rogen|Grassy Seed\n|-boost|p1a: Seth Rogen|def|1|[from] item: Grassy Seed\n|turn|12\n|inactive|NEOJO has 120 seconds left.\n|inactive|NEOJO has 90 seconds left.\n|inactive|NEOJO has 60 seconds left.\n|\n|t:|1701104154\n|move|p1a: Seth Rogen|Grassy Glide|p2a: Crusty\n|-damage|p2a: Crusty|4\/100\n|-damage|p1a: Seth Rogen|84\/100|[from] item: Rocky Helmet|[of] p2a: Crusty\n|move|p2a: Crusty|Body Press|p1a: Seth Rogen\n|-damage|p1a: Seth Rogen|68\/100\n|\n|-heal|p1a: Seth Rogen|74\/100|[from] Grassy Terrain\n|-heal|p2a: Crusty|10\/100|[from] Grassy Terrain\n|upkeep\n|turn|13\n|inactive|NEOJO has 60 seconds left.\n|\n|t:|1701104166\n|move|p1a: Seth Rogen|Bulk Up|p1a: Seth Rogen\n|-boost|p1a: Seth Rogen|atk|1\n|-boost|p1a: Seth Rogen|def|1\n|move|p2a: Crusty|Rock Blast|p1a: Seth Rogen\n|-damage|p1a: Seth Rogen|69\/100\n|-damage|p1a: Seth Rogen|64\/100\n|-hitcount|p1a: Seth Rogen|2\n|\n|-heal|p1a: Seth Rogen|71\/100|[from] Grassy Terrain\n|-heal|p2a: Crusty|16\/100|[from] Grassy Terrain\n|upkeep\n|turn|14\n|inactive|NEOJO has 60 seconds left.\n|\n|t:|1701104184\n|move|p1a: Seth Rogen|Grassy Glide|p2a: Crusty\n|-damage|p2a: Crusty|0 fnt\n|-damage|p1a: Seth Rogen|54\/100|[from] item: Rocky Helmet|[of] p2a: Crusty\n|faint|p2a: Crusty\n|\n|-heal|p1a: Seth Rogen|60\/100|[from] Grassy Terrain\n|upkeep\n|\n|t:|1701104194\n|switch|p2a: Sharp Shlong|Scizor, M|100\/100\n|turn|15\n|\n|t:|1701104201\n|detailschange|p2a: Sharp Shlong|Scizor-Mega, M\n|-mega|p2a: Sharp Shlong|Scizor|Scizorite\n|move|p1a: Seth Rogen|Taunt|p2a: Sharp Shlong\n|-start|p2a: Sharp Shlong|move: Taunt\n|move|p2a: Sharp Shlong|Aerial Ace|p1a: Seth Rogen\n|-supereffective|p1a: Seth Rogen\n|-damage|p1a: Seth Rogen|27\/100\n|\n|-heal|p1a: Seth Rogen|33\/100|[from] Grassy Terrain\n|upkeep\n|turn|16\n|\n|t:|1701104211\n|move|p1a: Seth Rogen|Grassy Glide|p2a: Sharp Shlong\n|-resisted|p2a: Sharp Shlong\n|-damage|p2a: Sharp Shlong|91\/100\n|move|p2a: Sharp Shlong|Aerial Ace|p1a: Seth Rogen\n|-supereffective|p1a: Seth Rogen\n|-damage|p1a: Seth Rogen|1\/100\n|\n|-heal|p1a: Seth Rogen|7\/100|[from] Grassy Terrain\n|-heal|p2a: Sharp Shlong|97\/100|[from] Grassy Terrain\n|-fieldend|move: Grassy Terrain\n|upkeep\n|turn|17\n|\n|t:|1701104221\n|move|p2a: Sharp Shlong|Bullet Punch|p1a: Seth Rogen\n|-damage|p1a: Seth Rogen|0 fnt\n|faint|p1a: Seth Rogen\n|\n|-end|p2a: Sharp Shlong|move: Taunt\n|upkeep\n|\n|t:|1701104225\n|switch|p1a: Messi|Cinderace, M|54\/100\n|turn|18\n|\n|t:|1701104229\n|move|p2a: Sharp Shlong|Bullet Punch|p1a: Messi\n|-resisted|p1a: Messi\n|-damage|p1a: Messi|25\/100\n|move|p1a: Messi|Pyro Ball|p2a: Sharp Shlong\n|-supereffective|p2a: Sharp Shlong\n|-damage|p2a: Sharp Shlong|0 fnt\n|faint|p2a: Sharp Shlong\n|\n|upkeep\n|\n|t:|1701104239\n|switch|p2a: Stalker|Forretress, M, shiny|100\/100\n|turn|19\n|\n|t:|1701104243\n|-terastallize|p1a: Messi|Fire\n|move|p1a: Messi|Pyro Ball|p2a: Stalker\n|-supereffective|p2a: Stalker\n|-damage|p2a: Stalker|0 fnt\n|faint|p2a: Stalker\n|\n|upkeep\n|inactive|NEOJO has 90 seconds left.\n|\n|t:|1701104248\n|switch|p2a: Giga Wigga|Buzzwole, shiny|11\/100\n|turn|20\n|c|\u2606Snowtin23|ggs\n|\n|t:|1701104253\n|move|p1a: Messi|Zen Headbutt|p2a: Giga Wigga|[miss]\n|-miss|p1a: Messi|p2a: Giga Wigga\n|move|p2a: Giga Wigga|Earthquake|p1a: Messi\n|-supereffective|p1a: Messi\n|-damage|p1a: Messi|0 fnt\n|faint|p1a: Messi\n|\n|win|NEOJO\n|raw|Snowtin23's rating: 1122 &rarr; <strong>1099<\/strong><br \/>(-23 for losing)\n|raw|NEOJO's rating: 1145 &rarr; <strong>1168<\/strong><br \/>(+23 for winning)\n","uploadtime":1701104264,"views":1,"p1id":"snowtin23","p2id":"neojo","formatid":"gen9nationaldex","rating":1099,"private":0,"password":""}