{"id":"gen9nationaldex-1990589814","p1":"The Critical God","p2":"C02 emissions","format":"[Gen 9] National Dex","log":"|j|\u2606The Critical God\n|j|\u2606C02 emissions\n|t:|1699983868\n|gametype|singles\n|player|p1|The Critical God|2|1064\n|player|p2|C02 emissions|harlequin|1102\n|teamsize|p1|6\n|teamsize|p2|6\n|gen|9\n|tier|[Gen 9] National Dex\n|rated|\n|rule|HP Percentage Mod: HP is shown in percentages\n|rule|Endless Battle Clause: Forcing endless battles is banned\n|rule|OHKO Clause: OHKO moves are banned\n|rule|Evasion Clause: Evasion abilities, items, and moves are banned\n|rule|Evasion Abilities Clause: Evasion abilities are banned\n|rule|Evasion Items Clause: Evasion items are banned\n|rule|Evasion Moves Clause: Evasion moves are banned\n|rule|Species Clause: Limit one of each Pok\u00e9mon\n|rule|Sleep Clause Mod: Limit one foe put to sleep\n|clearpoke\n|poke|p1|Grimmsnarl, M|\n|poke|p1|Incineroar, M|\n|poke|p1|Lucario, F|\n|poke|p1|Gliscor, M|\n|poke|p1|Maushold-Four|\n|poke|p1|Amoonguss, M|\n|poke|p2|Necrozma|\n|poke|p2|Ariados, M|\n|poke|p2|Sceptile, F|\n|poke|p2|Polteageist|\n|poke|p2|Rhyperior, F|\n|poke|p2|Dusclops, F|\n|teampreview\n|inactive|Battle timer is ON: inactive players will automatically lose when time's up. (requested by C02 emissions)\n|c|\u2606The Critical God|I love wreaking autistic noobs like u\n|\n|t:|1699983928\n|start\n|switch|p1a: Grimmsnarl|Grimmsnarl, M|100\/100\n|switch|p2a: Ariados|Ariados, M|100\/100\n|turn|1\n|c|\u2606C02 emissions|ok\n|\n|t:|1699983940\n|move|p1a: Grimmsnarl|Parting Shot|p2a: Ariados\n|-unboost|p2a: Ariados|atk|1\n|-unboost|p2a: Ariados|spa|1\n|\n|t:|1699983942\n|switch|p1a: Lucario|Lucario, F|100\/100|[from] Parting Shot\n|move|p2a: Ariados|Knock Off|p1a: Lucario\n|-resisted|p1a: Lucario\n|-damage|p1a: Lucario|86\/100\n|-enditem|p1a: Lucario|Silk Scarf|[from] move: Knock Off|[of] p2a: Ariados\n|\n|upkeep\n|turn|2\n|\n|t:|1699983949\n|move|p1a: Lucario|Swords Dance|p1a: Lucario\n|-boost|p1a: Lucario|atk|2\n|move|p2a: Ariados|Sticky Web|p1a: Lucario\n|-sidestart|p1: The Critical God|move: Sticky Web\n|\n|upkeep\n|turn|3\n|\n|t:|1699983959\n|move|p1a: Lucario|Extreme Speed|p2a: Ariados\n|-damage|p2a: Ariados|32\/100\n|move|p2a: Ariados|X-Scissor|p1a: Lucario\n|-resisted|p1a: Lucario\n|-damage|p1a: Lucario|76\/100\n|\n|upkeep\n|turn|4\n|\n|t:|1699983965\n|move|p1a: Lucario|Extreme Speed|p2a: Ariados\n|-damage|p2a: Ariados|0 fnt\n|faint|p2a: Ariados\n|\n|upkeep\n|c|\u2606The Critical God|So bad\n|\n|t:|1699983979\n|switch|p2a: Polteageist|Polteageist|100\/100\n|turn|5\n|\n|t:|1699983983\n|move|p1a: Lucario|Shadow Claw|p2a: Polteageist\n|-supereffective|p2a: Polteageist\n|-enditem|p2a: Polteageist|Focus Sash\n|-damage|p2a: Polteageist|1\/100\n|-ability|p2a: Polteageist|Weak Armor|boost\n|-unboost|p2a: Polteageist|def|1\n|-boost|p2a: Polteageist|spe|2\n|move|p2a: Polteageist|Shell Smash|p2a: Polteageist\n|-unboost|p2a: Polteageist|def|1\n|-unboost|p2a: Polteageist|spd|1\n|-boost|p2a: Polteageist|atk|2\n|-boost|p2a: Polteageist|spa|2\n|-boost|p2a: Polteageist|spe|2\n|\n|upkeep\n|turn|6\n|\n|t:|1699983991\n|move|p2a: Polteageist|Stored Power|p1a: Lucario\n|-damage|p1a: Lucario|0 fnt\n|faint|p1a: Lucario\n|\n|upkeep\n|\n|t:|1699984002\n|switch|p1a: Grimmsnarl|Grimmsnarl, M|100\/100\n|-activate|p1a: Grimmsnarl|move: Sticky Web\n|-unboost|p1a: Grimmsnarl|spe|1\n|turn|7\n|c|\u2606C02 emissions|okay good luck\n|\n|t:|1699984011\n|-terastallize|p2a: Polteageist|Fighting\n|move|p1a: Grimmsnarl|Parting Shot|p2a: Polteageist\n|-unboost|p2a: Polteageist|atk|1\n|-unboost|p2a: Polteageist|spa|1\n|\n|t:|1699984016\n|switch|p1a: Incineroar|Incineroar, M|100\/100|[from] Parting Shot\n|-activate|p1a: Incineroar|move: Sticky Web\n|-unboost|p1a: Incineroar|spe|1\n|-ability|p1a: Incineroar|Intimidate|boost\n|-unboost|p2a: Polteageist|atk|1\n|move|p2a: Polteageist|Tera Blast|p1a: Incineroar|[anim] Tera Blast Fighting\n|-supereffective|p1a: Incineroar\n|-damage|p1a: Incineroar|9\/100\n|\n|-heal|p1a: Incineroar|15\/100|[from] item: Leftovers\n|upkeep\n|turn|8\n|\n|t:|1699984023\n|move|p1a: Incineroar|Protect|p1a: Incineroar\n|-singleturn|p1a: Incineroar|Protect\n|move|p2a: Polteageist|Tera Blast|p1a: Incineroar|[anim] Tera Blast Fighting\n|-activate|p1a: Incineroar|move: Protect\n|\n|-heal|p1a: Incineroar|21\/100|[from] item: Leftovers\n|upkeep\n|turn|9\n|\n|t:|1699984028\n|move|p2a: Polteageist|Tera Blast|p1a: Incineroar|[anim] Tera Blast Fighting\n|-supereffective|p1a: Incineroar\n|-damage|p1a: Incineroar|0 fnt\n|faint|p1a: Incineroar\n|\n|upkeep\n|\n|t:|1699984035\n|switch|p1a: Gliscor|Gliscor, M|100\/100\n|turn|10\n|\n|t:|1699984041\n|move|p2a: Polteageist|Stored Power|p1a: Gliscor\n|-crit|p1a: Gliscor\n|-damage|p1a: Gliscor|0 fnt\n|faint|p1a: Gliscor\n|\n|upkeep\n|\n|t:|1699984050\n|switch|p1a: Maushold|Maushold-Four|100\/100\n|-activate|p1a: Maushold|move: Sticky Web\n|-unboost|p1a: Maushold|spe|1\n|turn|11\n|c|\u2606C02 emissions|damn bro you suck\n|\n|t:|1699984063\n|move|p2a: Polteageist|Tera Blast|p1a: Maushold|[anim] Tera Blast Fighting\n|-supereffective|p1a: Maushold\n|-damage|p1a: Maushold|0 fnt\n|faint|p1a: Maushold\n|\n|upkeep\n|-message|The Critical God forfeited.\n|\n|win|C02 emissions\n|raw|The Critical God's rating: 1064 &rarr; <strong>1047<\/strong><br \/>(-17 for losing)\n|raw|C02 emissions's rating: 1102 &rarr; <strong>1124<\/strong><br \/>(+22 for winning)\n|l|\u2606The Critical God\n","uploadtime":1699984062,"views":4,"p1id":"thecriticalgod","p2id":"c02emissions","formatid":"gen9nationaldex","rating":1047,"private":0,"password":""}