{"id":"gen9nationaldex-1989610568","p1":"Santino696969","p2":"sjydsb","format":"[Gen 9] National Dex","log":"|j|\u2606Santino696969\n|j|\u2606sjydsb\n|t:|1699878552\n|gametype|singles\n|player|p1|Santino696969|ethan|1274\n|player|p2|sjydsb|furisodegirl-black|1379\n|teamsize|p1|6\n|teamsize|p2|6\n|gen|9\n|tier|[Gen 9] National Dex\n|rated|\n|rule|HP Percentage Mod: HP is shown in percentages\n|rule|Endless Battle Clause: Forcing endless battles is banned\n|rule|OHKO Clause: OHKO moves are banned\n|rule|Evasion Clause: Evasion abilities, items, and moves are banned\n|rule|Evasion Abilities Clause: Evasion abilities are banned\n|rule|Evasion Items Clause: Evasion items are banned\n|rule|Evasion Moves Clause: Evasion moves are banned\n|rule|Species Clause: Limit one of each Pok\u00e9mon\n|rule|Sleep Clause Mod: Limit one foe put to sleep\n|clearpoke\n|poke|p1|Ogerpon, F|\n|poke|p1|Weavile, F|\n|poke|p1|Forretress, M|\n|poke|p1|Sneasler, F|\n|poke|p1|Iron Moth|\n|poke|p1|Aegislash, M|\n|poke|p2|Aerodactyl, M|\n|poke|p2|Blastoise, M|\n|poke|p2|Unfezant, M|\n|poke|p2|Torterra, F|\n|poke|p2|Blaziken, F|\n|poke|p2|Onix, M|\n|teampreview\n|inactive|Battle timer is ON: inactive players will automatically lose when time's up. (requested by Santino696969)\n|\n|t:|1699878569\n|start\n|switch|p1a: Forretress|Forretress, M|100\/100\n|switch|p2a: Blaziken|Blaziken, F|100\/100\n|turn|1\n|\n|t:|1699878577\n|move|p2a: Blaziken|Flare Blitz|p1a: Forretress\n|-supereffective|p1a: Forretress\n|-ability|p1a: Forretress|Sturdy\n|-damage|p1a: Forretress|1\/100\n|-damage|p2a: Blaziken|62\/100|[from] Recoil\n|-damage|p2a: Blaziken|52\/100|[from] item: Life Orb\n|move|p1a: Forretress|Stealth Rock|p2a: Blaziken\n|-sidestart|p2: sjydsb|move: Stealth Rock\n|\n|-ability|p2a: Blaziken|Speed Boost|boost\n|-boost|p2a: Blaziken|spe|1\n|upkeep\n|turn|2\n|-enditem|p1a: Forretress|Custap Berry|[eat]\n|-activate|p1a: Forretress|item: Custap Berry|[consumed]\n|\n|t:|1699878580\n|move|p1a: Forretress|Explosion|p2a: Blaziken\n|-damage|p2a: Blaziken|0 fnt\n|faint|p1a: Forretress\n|faint|p2a: Blaziken\n|\n|upkeep\n|\n|t:|1699878604\n|switch|p2a: Torterra|Torterra, F|100\/100\n|switch|p1a: Aegislash|Aegislash, M|100\/100\n|-damage|p2a: Torterra|94\/100|[from] Stealth Rock\n|turn|3\n|inactive|Santino696969 has 120 seconds left.\n|inactive|Santino696969 has 90 seconds left.\n|\n|t:|1699878671\n|move|p2a: Torterra|Shell Smash|p2a: Torterra\n|-unboost|p2a: Torterra|def|1\n|-unboost|p2a: Torterra|spd|1\n|-boost|p2a: Torterra|atk|2\n|-boost|p2a: Torterra|spa|2\n|-boost|p2a: Torterra|spe|2\n|-enditem|p2a: Torterra|White Herb\n|-clearnegativeboost|p2a: Torterra|[silent]\n|-formechange|p1a: Aegislash|Aegislash-Blade||[from] ability: Stance Change\n|move|p1a: Aegislash|Shadow Ball|p2a: Torterra\n|-damage|p2a: Torterra|44\/100\n|\n|upkeep\n|turn|4\n|\n|t:|1699878682\n|-terastallize|p2a: Torterra|Fire\n|-formechange|p1a: Aegislash|Aegislash||[from] ability: Stance Change\n|move|p1a: Aegislash|King's Shield|p1a: Aegislash\n|-singleturn|p1a: Aegislash|Protect\n|move|p2a: Torterra|Tera Blast|p1a: Aegislash|[anim] Tera Blast Fire\n|-activate|p1a: Aegislash|move: Protect\n|\n|upkeep\n|turn|5\n|\n|t:|1699878691\n|move|p2a: Torterra|Tera Blast|p1a: Aegislash|[anim] Tera Blast Fire\n|-supereffective|p1a: Aegislash\n|-damage|p1a: Aegislash|0 fnt\n|faint|p1a: Aegislash\n|\n|upkeep\n|\n|t:|1699878697\n|switch|p1a: Iron Moth|Iron Moth|100\/100\n|-enditem|p1a: Iron Moth|Booster Energy\n|-activate|p1a: Iron Moth|ability: Quark Drive|[fromitem]\n|-start|p1a: Iron Moth|quarkdrivespe\n|turn|6\n|\n|t:|1699878702\n|move|p1a: Iron Moth|Sludge Wave|p2a: Torterra\n|-damage|p2a: Torterra|0 fnt\n|faint|p2a: Torterra\n|\n|upkeep\n|\n|t:|1699878726\n|switch|p2a: Blastoise|Blastoise, M|100\/100\n|-damage|p2a: Blastoise|88\/100|[from] Stealth Rock\n|turn|7\n|inactive|Santino696969 has 90 seconds left.\n|\n|t:|1699878775\n|move|p1a: Iron Moth|Energy Ball|p2a: Blastoise\n|-supereffective|p2a: Blastoise\n|-damage|p2a: Blastoise|25\/100\n|move|p2a: Blastoise|Hydro Pump|p1a: Iron Moth|[miss]\n|-miss|p2a: Blastoise|p1a: Iron Moth\n|\n|upkeep\n|turn|8\n|\n|t:|1699878781\n|move|p1a: Iron Moth|Energy Ball|p2a: Blastoise\n|-supereffective|p2a: Blastoise\n|-damage|p2a: Blastoise|0 fnt\n|faint|p2a: Blastoise\n|\n|upkeep\n|\n|t:|1699878783\n|switch|p2a: Aerodactyl|Aerodactyl, M|100\/100\n|-damage|p2a: Aerodactyl|76\/100|[from] Stealth Rock\n|-ability|p2a: Aerodactyl|Pressure\n|turn|9\n|\n|t:|1699878792\n|detailschange|p2a: Aerodactyl|Aerodactyl-Mega, M\n|-mega|p2a: Aerodactyl|Aerodactyl|Aerodactylite\n|move|p1a: Iron Moth|Energy Ball|p2a: Aerodactyl\n|-damage|p2a: Aerodactyl|44\/100\n|-unboost|p2a: Aerodactyl|spd|1\n|move|p2a: Aerodactyl|Stone Edge|p1a: Iron Moth\n|-supereffective|p1a: Iron Moth\n|-damage|p1a: Iron Moth|0 fnt\n|faint|p1a: Iron Moth\n|-end|p1a: Iron Moth|Quark Drive|[silent]\n|\n|upkeep\n|\n|t:|1699878801\n|switch|p1a: Weavile|Weavile, F|100\/100\n|-ability|p1a: Weavile|Pressure\n|turn|10\n|\n|t:|1699878806\n|move|p1a: Weavile|Ice Shard|p2a: Aerodactyl\n|-supereffective|p2a: Aerodactyl\n|-damage|p2a: Aerodactyl|0 fnt\n|faint|p2a: Aerodactyl\n|\n|upkeep\n|-message|sjydsb forfeited.\n|\n|win|Santino696969\n|raw|Santino696969's rating: 1274 &rarr; <strong>1306<\/strong><br \/>(+32 for winning)\n|raw|sjydsb's rating: 1379 &rarr; <strong>1353<\/strong><br \/>(-26 for losing)\n|l|\u2606sjydsb\n|j|\u2606sjydsb\n|player|p2|sjydsb|furisodegirl-black\n","uploadtime":1699878815,"views":4,"p1id":"santino696969","p2id":"sjydsb","formatid":"gen9nationaldex","rating":1306,"private":0,"password":""}