{"id":"gen9nationaldex-1994835446","p1":"Aelmich","p2":"ss_wobblewok","format":"[Gen 9] National Dex","log":"|html|<div class=\"broadcast-blue\"><strong>[Gen 9] National Dex is currently suspecting Sneasler! For information on how to participate check out the <a href=\"https:\/\/www.smogon.com\/forums\/threads\/sv-national-dex-suspect-8-just-dance.3731534\/\">suspect thread<\/a>.<\/strong><\/div>\n|j|\u2606Aelmich\n|j|\u2606ss_wobblewok\n|t:|1700497191\n|gametype|singles\n|player|p1|Aelmich|guitarist-gen4|1085\n|player|p2|ss_wobblewok|parasollady|1082\n|teamsize|p1|6\n|teamsize|p2|6\n|gen|9\n|tier|[Gen 9] National Dex\n|rated|\n|rule|HP Percentage Mod: HP is shown in percentages\n|rule|Endless Battle Clause: Forcing endless battles is banned\n|rule|OHKO Clause: OHKO moves are banned\n|rule|Evasion Clause: Evasion abilities, items, and moves are banned\n|rule|Evasion Abilities Clause: Evasion abilities are banned\n|rule|Evasion Items Clause: Evasion items are banned\n|rule|Evasion Moves Clause: Evasion moves are banned\n|rule|Species Clause: Limit one of each Pok\u00e9mon\n|rule|Sleep Clause Mod: Limit one foe put to sleep\n|clearpoke\n|poke|p1|Grimmsnarl, M|\n|poke|p1|Wigglytuff, F|\n|poke|p1|Alomomola, F|\n|poke|p1|Conkeldurr, M|\n|poke|p1|Beheeyem, M|\n|poke|p1|Dragonite, F|\n|poke|p2|Ferrothorn, F|\n|poke|p2|Toxapex, F|\n|poke|p2|Sableye, M|\n|poke|p2|Umbreon, F|\n|poke|p2|Great Tusk|\n|poke|p2|Chesnaught, M|\n|teampreview\n|\n|t:|1700497221\n|start\n|switch|p1a: Grimmsnarl|Grimmsnarl, M|100\/100\n|switch|p2a: Toxapex|Toxapex, F|100\/100\n|turn|1\n|\n|t:|1700497229\n|move|p1a: Grimmsnarl|Fake Out|p2a: Toxapex\n|-damage|p2a: Toxapex|94\/100\n|cant|p2a: Toxapex|flinch\n|\n|-heal|p2a: Toxapex|100\/100|[from] item: Leftovers\n|upkeep\n|turn|2\n|\n|t:|1700497240\n|move|p1a: Grimmsnarl|Reflect|p1a: Grimmsnarl\n|-sidestart|p1: Aelmich|Reflect\n|move|p2a: Toxapex|Toxic Spikes|p1a: Grimmsnarl\n|-sidestart|p1: Aelmich|move: Toxic Spikes\n|\n|upkeep\n|turn|3\n|\n|t:|1700497246\n|move|p1a: Grimmsnarl|Light Screen|p1a: Grimmsnarl\n|-sidestart|p1: Aelmich|move: Light Screen\n|move|p2a: Toxapex|Toxic Spikes|p1a: Grimmsnarl\n|-sidestart|p1: Aelmich|move: Toxic Spikes\n|\n|upkeep\n|turn|4\n|\n|t:|1700497255\n|move|p1a: Grimmsnarl|Parting Shot|p2a: Toxapex\n|-unboost|p2a: Toxapex|atk|1\n|-unboost|p2a: Toxapex|spa|1\n|\n|t:|1700497261\n|switch|p1a: Dragonite|Dragonite, F|100\/100|[from] Parting Shot\n|move|p2a: Toxapex|Scald|p1a: Dragonite\n|-resisted|p1a: Dragonite\n|-damage|p1a: Dragonite|98\/100\n|\n|-heal|p1a: Dragonite|100\/100|[from] item: Leftovers\n|upkeep\n|turn|5\n|inactive|Battle timer is ON: inactive players will automatically lose when time's up. (requested by ss_wobblewok)\n|\n|t:|1700497284\n|switch|p2a: Sableye|Sableye, M|100\/100\n|move|p1a: Dragonite|Tailwind|p1a: Dragonite\n|-sidestart|p1: Aelmich|move: Tailwind\n|\n|upkeep\n|turn|6\n|\n|t:|1700497304\n|switch|p1a: Alomomola|Alomomola, F|100\/100\n|-status|p1a: Alomomola|tox\n|move|p2a: Sableye|Encore||[still]\n|-fail|p2a: Sableye\n|\n|-damage|p1a: Alomomola|94\/100 tox|[from] psn\n|-sideend|p1: Aelmich|Reflect\n|upkeep\n|turn|7\n|\n|t:|1700497319\n|move|p2a: Sableye|Taunt|p1a: Alomomola\n|-start|p1a: Alomomola|move: Taunt\n|cant|p1a: Alomomola|move: Taunt|Toxic\n|\n|-heal|p1a: Alomomola|100\/100 tox|[from] item: Leftovers\n|-damage|p1a: Alomomola|88\/100 tox|[from] psn\n|-sideend|p1: Aelmich|move: Light Screen\n|upkeep\n|turn|8\n|\n|t:|1700497328\n|move|p1a: Alomomola|Flip Turn|p2a: Sableye\n|-damage|p2a: Sableye|77\/100\n|\n|t:|1700497334\n|switch|p1a: Grimmsnarl|Grimmsnarl, M|100\/100|[from] Flip Turn\n|-status|p1a: Grimmsnarl|tox\n|move|p2a: Sableye|Dark Pulse|p1a: Grimmsnarl\n|-resisted|p1a: Grimmsnarl\n|-damage|p1a: Grimmsnarl|96\/100 tox\n|\n|-heal|p1a: Grimmsnarl|100\/100 tox|[from] item: Leftovers\n|-damage|p1a: Grimmsnarl|94\/100 tox|[from] psn\n|-sideend|p1: Aelmich|move: Tailwind\n|upkeep\n|turn|9\n|\n|t:|1700497359\n|detailschange|p2a: Sableye|Sableye-Mega, M\n|-mega|p2a: Sableye|Sableye|Sablenite\n|move|p1a: Grimmsnarl|Light Screen|p1a: Grimmsnarl\n|-sidestart|p1: Aelmich|move: Light Screen\n|move|p2a: Sableye|Encore|p1a: Grimmsnarl\n|-start|p1a: Grimmsnarl|Encore\n|\n|-heal|p1a: Grimmsnarl|100\/100 tox|[from] item: Leftovers\n|-damage|p1a: Grimmsnarl|88\/100 tox|[from] psn\n|upkeep\n|turn|10\n|inactive|Aelmich has 120 seconds left.\n|\n|t:|1700497379\n|switch|p1a: Dragonite|Dragonite, F|100\/100\n|switch|p2a: Great Tusk|Great Tusk|100\/100\n|\n|upkeep\n|turn|11\n|\n|t:|1700497387\n|move|p2a: Great Tusk|Bulk Up|p2a: Great Tusk\n|-boost|p2a: Great Tusk|atk|1\n|-boost|p2a: Great Tusk|def|1\n|move|p1a: Dragonite|Heal Bell|p1a: Dragonite\n|-activate|p1a: Dragonite|move: Heal Bell\n|-curestatus|p1: Grimmsnarl|tox|[msg]\n|-curestatus|p1: Alomomola|tox|[msg]\n|\n|upkeep\n|turn|12\n|\n|t:|1700497399\n|move|p2a: Great Tusk|Bulk Up|p2a: Great Tusk\n|-boost|p2a: Great Tusk|atk|1\n|-boost|p2a: Great Tusk|def|1\n|move|p1a: Dragonite|Haze|p1a: Dragonite\n|-clearallboost\n|\n|upkeep\n|turn|13\n|inactive|ss_wobblewok has 120 seconds left.\n|\n|t:|1700497438\n|-end|p2a: Great Tusk|Protosynthesis|[silent]\n|switch|p2a: Ferrothorn|Ferrothorn, F|100\/100\n|switch|p1a: Wigglytuff|Wigglytuff, F|100\/100\n|-status|p1a: Wigglytuff|tox\n|-item|p2a: Ferrothorn|Leftovers|[from] ability: Frisk|[of] p1a: Wigglytuff|[identify]\n|\n|-damage|p1a: Wigglytuff|94\/100 tox|[from] psn\n|-sideend|p1: Aelmich|move: Light Screen\n|upkeep\n|turn|14\n|inactive|ss_wobblewok has 120 seconds left.\n|\n|t:|1700497453\n|move|p1a: Wigglytuff|Taunt|p2a: Ferrothorn\n|-start|p2a: Ferrothorn|move: Taunt\n|cant|p2a: Ferrothorn|move: Taunt|Leech Seed\n|\n|-heal|p1a: Wigglytuff|100\/100 tox|[from] item: Leftovers\n|-damage|p1a: Wigglytuff|88\/100 tox|[from] psn\n|upkeep\n|turn|15\n|inactive|ss_wobblewok has 120 seconds left.\n|\n|t:|1700497467\n|move|p1a: Wigglytuff|Encore||[still]\n|-fail|p1a: Wigglytuff\n|move|p2a: Ferrothorn|Knock Off|p1a: Wigglytuff\n|-resisted|p1a: Wigglytuff\n|-damage|p1a: Wigglytuff|77\/100 tox\n|-enditem|p1a: Wigglytuff|Leftovers|[from] move: Knock Off|[of] p2a: Ferrothorn\n|\n|-damage|p1a: Wigglytuff|59\/100 tox|[from] psn\n|upkeep\n|turn|16\n|inactive|ss_wobblewok has 120 seconds left.\n|\n|t:|1700497493\n|switch|p2a: Sableye|Sableye-Mega, M|77\/100\n|move|p1a: Wigglytuff|Counter||[still]\n|-fail|p1a: Wigglytuff\n|\n|-damage|p1a: Wigglytuff|34\/100 tox|[from] psn\n|upkeep\n|turn|17\n|\n|t:|1700497506\n|switch|p1a: Alomomola|Alomomola, F|100\/100\n|-status|p1a: Alomomola|tox\n|move|p2a: Sableye|Encore||[still]\n|-fail|p2a: Sableye\n|\n|-damage|p1a: Alomomola|94\/100 tox|[from] psn\n|upkeep\n|turn|18\n|\n|t:|1700497525\n|move|p1a: Alomomola|Toxic|p2a: Sableye\n|move|p2a: Sableye|Toxic|p1a: Alomomola|[from]ability: Magic Bounce\n|-fail|p1a: Alomomola|tox\n|move|p2a: Sableye|Taunt|p1a: Alomomola\n|-start|p1a: Alomomola|move: Taunt\n|\n|-heal|p1a: Alomomola|100\/100 tox|[from] item: Leftovers\n|-damage|p1a: Alomomola|88\/100 tox|[from] psn\n|upkeep\n|turn|19\n|\n|t:|1700497537\n|switch|p1a: Dragonite|Dragonite, F|100\/100\n|move|p2a: Sableye|Encore||[still]\n|-fail|p2a: Sableye\n|\n|upkeep\n|turn|20\n|\n|t:|1700497543\n|switch|p2a: Ferrothorn|Ferrothorn, F|100\/100\n|move|p1a: Dragonite|Heal Bell|p1a: Dragonite\n|-activate|p1a: Dragonite|move: Heal Bell\n|-curestatus|p1: Alomomola|tox|[msg]\n|-curestatus|p1: Wigglytuff|tox|[msg]\n|\n|upkeep\n|turn|21\n|\n|t:|1700497551\n|move|p1a: Dragonite|Defog|p2a: Ferrothorn\n|-unboost|p2a: Ferrothorn|evasion|1\n|-sideend|p1: Aelmich|Toxic Spikes|[from] move: Defog|[of] p1a: Dragonite\n|move|p2a: Ferrothorn|Leech Seed|p1a: Dragonite\n|-start|p1a: Dragonite|move: Leech Seed\n|\n|-damage|p1a: Dragonite|88\/100|[from] Leech Seed|[of] p2a: Ferrothorn\n|upkeep\n|turn|22\n|\n|t:|1700497568\n|switch|p1a: Grimmsnarl|Grimmsnarl, M|88\/100\n|move|p2a: Ferrothorn|Knock Off|p1a: Grimmsnarl\n|-resisted|p1a: Grimmsnarl\n|-damage|p1a: Grimmsnarl|84\/100\n|-enditem|p1a: Grimmsnarl|Leftovers|[from] move: Knock Off|[of] p2a: Ferrothorn\n|\n|upkeep\n|turn|23\n|inactive|ss_wobblewok has 120 seconds left.\n|\n|t:|1700497603\n|move|p1a: Grimmsnarl|Fake Out|p2a: Ferrothorn\n|-resisted|p2a: Ferrothorn\n|-damage|p2a: Ferrothorn|98\/100\n|-damage|p1a: Grimmsnarl|71\/100|[from] ability: Iron Barbs|[of] p2a: Ferrothorn\n|cant|p2a: Ferrothorn|flinch\n|\n|-heal|p2a: Ferrothorn|100\/100|[from] item: Leftovers\n|upkeep\n|turn|24\n|\n|t:|1700497612\n|move|p1a: Grimmsnarl|Parting Shot|p2a: Ferrothorn\n|-unboost|p2a: Ferrothorn|atk|1\n|-unboost|p2a: Ferrothorn|spa|1\n|\n|t:|1700497627\n|switch|p1a: Beheeyem|Beheeyem, M|100\/100|[from] Parting Shot\n|move|p2a: Ferrothorn|Spikes|p1a: Beheeyem\n|-sidestart|p1: Aelmich|Spikes\n|\n|upkeep\n|turn|25\n|\n|t:|1700497651\n|move|p2a: Ferrothorn|Leech Seed|p1a: Beheeyem\n|-start|p1a: Beheeyem|move: Leech Seed\n|move|p1a: Beheeyem|Dark Pulse|p2a: Ferrothorn\n|-damage|p2a: Ferrothorn|61\/100\n|-damage|p1a: Beheeyem|91\/100|[from] item: Life Orb\n|\n|-heal|p2a: Ferrothorn|67\/100|[from] item: Leftovers\n|-damage|p1a: Beheeyem|78\/100|[from] Leech Seed|[of] p2a: Ferrothorn\n|-heal|p2a: Ferrothorn|77\/100|[silent]\n|upkeep\n|turn|26\n|\n|t:|1700497663\n|move|p2a: Ferrothorn|Knock Off|p1a: Beheeyem\n|-supereffective|p1a: Beheeyem\n|-damage|p1a: Beheeyem|48\/100\n|-enditem|p1a: Beheeyem|Life Orb|[from] move: Knock Off|[of] p2a: Ferrothorn\n|move|p1a: Beheeyem|Shadow Ball|p2a: Ferrothorn\n|-damage|p2a: Ferrothorn|41\/100\n|\n|-heal|p2a: Ferrothorn|47\/100|[from] item: Leftovers\n|-damage|p1a: Beheeyem|36\/100|[from] Leech Seed|[of] p2a: Ferrothorn\n|-heal|p2a: Ferrothorn|57\/100|[silent]\n|upkeep\n|turn|27\n|\n|t:|1700497675\n|switch|p1a: Alomomola|Alomomola, F|100\/100\n|-damage|p1a: Alomomola|88\/100|[from] Spikes\n|move|p2a: Ferrothorn|Spikes|p1a: Alomomola\n|-sidestart|p1: Aelmich|Spikes\n|\n|-heal|p1a: Alomomola|94\/100|[from] item: Leftovers\n|-heal|p2a: Ferrothorn|63\/100|[from] item: Leftovers\n|upkeep\n|turn|28\n|\n|t:|1700497685\n|switch|p2a: Sableye|Sableye-Mega, M|77\/100\n|move|p1a: Alomomola|Wish|p1a: Alomomola\n|\n|-heal|p1a: Alomomola|100\/100|[from] item: Leftovers\n|upkeep\n|turn|29\n|inactive|Aelmich has 120 seconds left.\n|\n|t:|1700497704\n|move|p1a: Alomomola|Flip Turn|p2a: Sableye\n|-damage|p2a: Sableye|61\/100\n|inactive|Aelmich has 120 seconds left.\n|\n|t:|1700497713\n|switch|p1a: Beheeyem|Beheeyem, M|36\/100|[from] Flip Turn\n|-damage|p1a: Beheeyem|19\/100|[from] Spikes\n|move|p2a: Sableye|Taunt|p1a: Beheeyem\n|-start|p1a: Beheeyem|move: Taunt\n|\n|-heal|p1a: Beheeyem|100\/100|[from] move: Wish|[wisher] Alomomola\n|upkeep\n|turn|30\n|inactive|Aelmich has 120 seconds left.\n|\n|t:|1700497730\n|move|p1a: Beheeyem|Dark Pulse|p2a: Sableye\n|-damage|p2a: Sableye|40\/100\n|move|p2a: Sableye|Dark Pulse|p1a: Beheeyem\n|-supereffective|p1a: Beheeyem\n|-damage|p1a: Beheeyem|39\/100\n|\n|upkeep\n|turn|31\n|inactive|Aelmich has 120 seconds left.\n|\n|t:|1700497747\n|switch|p1a: Grimmsnarl|Grimmsnarl, M|71\/100\n|-damage|p1a: Grimmsnarl|55\/100|[from] Spikes\n|switch|p2a: Umbreon|Umbreon, F|100\/100\n|\n|upkeep\n|turn|32\n|inactive|Aelmich has 120 seconds left.\n|\n|t:|1700497756\n|switch|p2a: Sableye|Sableye-Mega, M|40\/100\n|move|p1a: Grimmsnarl|Fake Out|p2a: Sableye\n|-immune|p2a: Sableye\n|\n|upkeep\n|turn|33\n|inactive|Aelmich has 120 seconds left.\n|\n|t:|1700497768\n|move|p1a: Grimmsnarl|Parting Shot|p2a: Sableye\n|move|p2a: Sableye|Parting Shot|p1a: Grimmsnarl|[from]ability: Magic Bounce\n|-unboost|p1a: Grimmsnarl|atk|1\n|-unboost|p1a: Grimmsnarl|spa|1\n|\n|t:|1700497776\n|switch|p2a: Ferrothorn|Ferrothorn, F|63\/100|[from] Parting Shot\n|\n|-heal|p2a: Ferrothorn|69\/100|[from] item: Leftovers\n|upkeep\n|turn|34\n|\n|t:|1700497783\n|move|p1a: Grimmsnarl|Parting Shot|p2a: Ferrothorn\n|-unboost|p2a: Ferrothorn|atk|1\n|-unboost|p2a: Ferrothorn|spa|1\n|\n|t:|1700497786\n|switch|p1a: Alomomola|Alomomola, F|100\/100|[from] Parting Shot\n|-damage|p1a: Alomomola|84\/100|[from] Spikes\n|move|p2a: Ferrothorn|Leech Seed|p1a: Alomomola\n|-start|p1a: Alomomola|move: Leech Seed\n|\n|-heal|p1a: Alomomola|90\/100|[from] item: Leftovers\n|-heal|p2a: Ferrothorn|75\/100|[from] item: Leftovers\n|-damage|p1a: Alomomola|78\/100|[from] Leech Seed|[of] p2a: Ferrothorn\n|-heal|p2a: Ferrothorn|94\/100|[silent]\n|upkeep\n|turn|35\n|\n|t:|1700497798\n|move|p1a: Alomomola|Wish|p1a: Alomomola\n|move|p2a: Ferrothorn|Knock Off|p1a: Alomomola\n|-damage|p1a: Alomomola|67\/100\n|-enditem|p1a: Alomomola|Leftovers|[from] move: Knock Off|[of] p2a: Ferrothorn\n|\n|-heal|p2a: Ferrothorn|99\/100|[from] item: Leftovers\n|-damage|p1a: Alomomola|55\/100|[from] Leech Seed|[of] p2a: Ferrothorn\n|-heal|p2a: Ferrothorn|100\/100|[silent]\n|upkeep\n|turn|36\n|\n|t:|1700497812\n|move|p1a: Alomomola|Flip Turn|p2a: Ferrothorn\n|-resisted|p2a: Ferrothorn\n|-damage|p2a: Ferrothorn|96\/100\n|-damage|p1a: Alomomola|43\/100|[from] ability: Iron Barbs|[of] p2a: Ferrothorn\n|\n|t:|1700497819\n|switch|p1a: Wigglytuff|Wigglytuff, F|34\/100|[from] Flip Turn\n|-damage|p1a: Wigglytuff|17\/100|[from] Spikes\n|-item|p2a: Ferrothorn|Leftovers|[from] ability: Frisk|[of] p1a: Wigglytuff|[identify]\n|move|p2a: Ferrothorn|Spikes|p1a: Wigglytuff\n|-sidestart|p1: Aelmich|Spikes\n|\n|-heal|p1a: Wigglytuff|73\/100|[from] move: Wish|[wisher] Alomomola\n|-heal|p2a: Ferrothorn|100\/100|[from] item: Leftovers\n|upkeep\n|turn|37\n|\n|t:|1700497835\n|switch|p2a: Sableye|Sableye-Mega, M|40\/100\n|move|p1a: Wigglytuff|Taunt|p2a: Sableye\n|move|p2a: Sableye|Taunt|p1a: Wigglytuff|[from]ability: Magic Bounce\n|-start|p1a: Wigglytuff|move: Taunt\n|\n|upkeep\n|turn|38\n|\n|t:|1700497847\n|switch|p2a: Toxapex|Toxapex, F|100\/100\n|move|p1a: Wigglytuff|Counter||[still]\n|-fail|p1a: Wigglytuff\n|\n|upkeep\n|turn|39\n|\n|t:|1700497870\n|switch|p1a: Alomomola|Alomomola, F|76\/100\n|-damage|p1a: Alomomola|51\/100|[from] Spikes\n|move|p2a: Toxapex|Toxic Spikes|p1a: Alomomola\n|-sidestart|p1: Aelmich|move: Toxic Spikes\n|\n|upkeep\n|turn|40\n|\n|t:|1700497877\n|move|p2a: Toxapex|Baneful Bunker|p2a: Toxapex\n|-singleturn|p2a: Toxapex|move: Protect\n|move|p1a: Alomomola|Wish|p1a: Alomomola\n|\n|upkeep\n|turn|41\n|\n|t:|1700497888\n|move|p1a: Alomomola|Flip Turn|p2a: Toxapex\n|-resisted|p2a: Toxapex\n|-damage|p2a: Toxapex|95\/100\n|\n|t:|1700497891\n|switch|p1a: Dragonite|Dragonite, F|88\/100|[from] Flip Turn\n|move|p2a: Toxapex|Toxic Spikes|p1a: Dragonite\n|-sidestart|p1: Aelmich|move: Toxic Spikes\n|\n|-heal|p1a: Dragonite|100\/100|[from] move: Wish|[wisher] Alomomola\n|-heal|p2a: Toxapex|100\/100|[from] item: Leftovers\n|upkeep\n|turn|42\n|\n|t:|1700497899\n|switch|p2a: Ferrothorn|Ferrothorn, F|100\/100\n|move|p1a: Dragonite|Defog|p2a: Ferrothorn\n|-unboost|p2a: Ferrothorn|evasion|1\n|-sideend|p1: Aelmich|Spikes|[from] move: Defog|[of] p1a: Dragonite\n|-sideend|p1: Aelmich|Toxic Spikes|[from] move: Defog|[of] p1a: Dragonite\n|\n|upkeep\n|turn|43\n|\n|t:|1700497915\n|move|p1a: Dragonite|Tailwind|p1a: Dragonite\n|-sidestart|p1: Aelmich|move: Tailwind\n|move|p2a: Ferrothorn|Knock Off|p1a: Dragonite\n|-damage|p1a: Dragonite|83\/100\n|-enditem|p1a: Dragonite|Leftovers|[from] move: Knock Off|[of] p2a: Ferrothorn\n|\n|upkeep\n|turn|44\n|inactive|Aelmich has 120 seconds left.\n|\n|t:|1700497942\n|switch|p1a: Wigglytuff|Wigglytuff, F|73\/100\n|-item|p2a: Ferrothorn|Leftovers|[from] ability: Frisk|[of] p1a: Wigglytuff|[identify]\n|move|p2a: Ferrothorn|Leech Seed|p1a: Wigglytuff\n|-start|p1a: Wigglytuff|move: Leech Seed\n|\n|-damage|p1a: Wigglytuff|60\/100|[from] Leech Seed|[of] p2a: Ferrothorn\n|upkeep\n|turn|45\n|inactive|Aelmich has 120 seconds left.\n|\n|t:|1700497960\n|switch|p2a: Sableye|Sableye-Mega, M|40\/100\n|move|p1a: Wigglytuff|Counter||[still]\n|-fail|p1a: Wigglytuff\n|\n|-damage|p1a: Wigglytuff|48\/100|[from] Leech Seed|[of] p2a: Sableye\n|-heal|p2a: Sableye|60\/100|[silent]\n|upkeep\n|turn|46\n|inactive|Aelmich has 120 seconds left.\n|\n|t:|1700497979\n|move|p2a: Sableye|Encore|p1a: Wigglytuff\n|-start|p1a: Wigglytuff|Encore\n|move|p1a: Wigglytuff|Counter||[still]\n|-fail|p1a: Wigglytuff\n|\n|-damage|p1a: Wigglytuff|35\/100|[from] Leech Seed|[of] p2a: Sableye\n|-heal|p2a: Sableye|79\/100|[silent]\n|-sideend|p1: Aelmich|move: Tailwind\n|upkeep\n|turn|47\n|\n|t:|1700497988\n|switch|p1a: Alomomola|Alomomola, F|84\/100\n|switch|p2a: Chesnaught|Chesnaught, M|100\/100\n|\n|upkeep\n|turn|48\n|\n|t:|1700498000\n|-terastallize|p2a: Chesnaught|Steel\n|move|p2a: Chesnaught|Substitute|p2a: Chesnaught\n|-start|p2a: Chesnaught|Substitute\n|-damage|p2a: Chesnaught|76\/100\n|move|p1a: Alomomola|Toxic||[still]\n|-fail|p1a: Alomomola\n|\n|-heal|p2a: Chesnaught|82\/100|[from] item: Leftovers\n|upkeep\n|turn|49\n|\n|t:|1700498013\n|switch|p1a: Dragonite|Dragonite, F|83\/100\n|move|p2a: Chesnaught|Toxic|p1a: Dragonite\n|-status|p1a: Dragonite|tox\n|\n|-heal|p2a: Chesnaught|88\/100|[from] item: Leftovers\n|-damage|p1a: Dragonite|77\/100 tox|[from] psn\n|upkeep\n|turn|50\n|\n|t:|1700498021\n|move|p1a: Dragonite|Defog||[still]\n|-fail|p1a: Dragonite\n|move|p2a: Chesnaught|Leech Seed|p1a: Dragonite\n|-start|p1a: Dragonite|move: Leech Seed\n|\n|-heal|p2a: Chesnaught|94\/100|[from] item: Leftovers\n|-damage|p1a: Dragonite|64\/100 tox|[from] Leech Seed|[of] p2a: Chesnaught\n|-heal|p2a: Chesnaught|100\/100|[silent]\n|-damage|p1a: Dragonite|52\/100 tox|[from] psn\n|upkeep\n|turn|51\n|\n|t:|1700498032\n|move|p2a: Chesnaught|Spiky Shield|p2a: Chesnaught\n|-singleturn|p2a: Chesnaught|move: Protect\n|move|p1a: Dragonite|Heal Bell|p1a: Dragonite\n|-activate|p1a: Dragonite|move: Heal Bell\n|-curestatus|p1a: Dragonite|tox|[msg]\n|\n|-damage|p1a: Dragonite|40\/100|[from] Leech Seed|[of] p2a: Chesnaught\n|upkeep\n|turn|52\n|\n|t:|1700498041\n|switch|p1a: Alomomola|Alomomola, F|100\/100\n|move|p2a: Chesnaught|Toxic|p1a: Alomomola\n|-status|p1a: Alomomola|tox\n|\n|-damage|p1a: Alomomola|94\/100 tox|[from] psn\n|upkeep\n|turn|53\n|\n|t:|1700498069\n|move|p2a: Chesnaught|Leech Seed|p1a: Alomomola\n|-start|p1a: Alomomola|move: Leech Seed\n|move|p1a: Alomomola|Wish|p1a: Alomomola\n|\n|-damage|p1a: Alomomola|82\/100 tox|[from] Leech Seed|[of] p2a: Chesnaught\n|-damage|p1a: Alomomola|70\/100 tox|[from] psn\n|upkeep\n|turn|54\n|\n|t:|1700498078\n|move|p2a: Chesnaught|Spiky Shield|p2a: Chesnaught\n|-singleturn|p2a: Chesnaught|move: Protect\n|move|p1a: Alomomola|Flip Turn|p2a: Chesnaught\n|-activate|p2a: Chesnaught|move: Protect\n|-damage|p1a: Alomomola|57\/100 tox|[from] Spiky Shield|[of] p2a: Chesnaught\n|\n|-heal|p1a: Alomomola|100\/100 tox|[from] move: Wish|[wisher] Alomomola\n|-damage|p1a: Alomomola|88\/100 tox|[from] Leech Seed|[of] p2a: Chesnaught\n|-damage|p1a: Alomomola|70\/100 tox|[from] psn\n|upkeep\n|turn|55\n|inactive|ss_wobblewok has 120 seconds left.\n|\n|t:|1700498101\n|move|p2a: Chesnaught|Leech Seed||[still]\n|-fail|p2a: Chesnaught\n|move|p1a: Alomomola|Wish|p1a: Alomomola\n|\n|-damage|p1a: Alomomola|57\/100 tox|[from] Leech Seed|[of] p2a: Chesnaught\n|-damage|p1a: Alomomola|33\/100 tox|[from] psn\n|upkeep\n|turn|56\n|\n|t:|1700498108\n|switch|p1a: Dragonite|Dragonite, F|40\/100\n|move|p2a: Chesnaught|Spiky Shield||[still]\n|-fail|p2a: Chesnaught\n|\n|-heal|p1a: Dragonite|100\/100|[from] move: Wish|[wisher] Alomomola\n|upkeep\n|turn|57\n|\n|t:|1700498116\n|move|p1a: Dragonite|Heal Bell|p1a: Dragonite\n|-activate|p1a: Dragonite|move: Heal Bell\n|-curestatus|p1: Alomomola|tox|[msg]\n|move|p2a: Chesnaught|Toxic|p1a: Dragonite\n|-status|p1a: Dragonite|tox\n|\n|-damage|p1a: Dragonite|94\/100 tox|[from] psn\n|upkeep\n|turn|58\n|inactive|ss_wobblewok has 120 seconds left.\n|\n|t:|1700498153\n|switch|p2a: Sableye|Sableye-Mega, M|79\/100\n|move|p1a: Dragonite|Tailwind|p1a: Dragonite\n|-sidestart|p1: Aelmich|move: Tailwind\n|\n|-damage|p1a: Dragonite|82\/100 tox|[from] psn\n|upkeep\n|turn|59\n|\n|t:|1700498167\n|switch|p1a: Alomomola|Alomomola, F|66\/100\n|move|p2a: Sableye|Taunt|p1a: Alomomola\n|-start|p1a: Alomomola|move: Taunt\n|\n|upkeep\n|turn|60\n|inactive|ss_wobblewok has 120 seconds left.\n|\n|t:|1700498193\n|switch|p1a: Conkeldurr|Conkeldurr, M|100\/100\n|switch|p2a: Toxapex|Toxapex, F|100\/100\n|\n|upkeep\n|turn|61\n|\n|t:|1700498208\n|switch|p1a: Alomomola|Alomomola, F|99\/100\n|move|p2a: Toxapex|Toxic Spikes|p1a: Alomomola\n|-sidestart|p1: Aelmich|move: Toxic Spikes\n|\n|-sideend|p1: Aelmich|move: Tailwind\n|upkeep\n|turn|62\n|\n|t:|1700498215\n|move|p1a: Alomomola|Wish|p1a: Alomomola\n|move|p2a: Toxapex|Toxic Spikes|p1a: Alomomola\n|-sidestart|p1: Aelmich|move: Toxic Spikes\n|\n|upkeep\n|turn|63\n|inactive|ss_wobblewok has 120 seconds left.\n|\n|t:|1700498237\n|switch|p2a: Chesnaught|Chesnaught, M, tera:Steel|100\/100\n|move|p1a: Alomomola|Flip Turn|p2a: Chesnaught\n|-damage|p2a: Chesnaught|92\/100\n|\n|t:|1700498248\n|switch|p1a: Beheeyem|Beheeyem, M|39\/100|[from] Flip Turn\n|-status|p1a: Beheeyem|tox\n|\n|-heal|p1a: Beheeyem|100\/100 tox|[from] move: Wish|[wisher] Alomomola\n|-heal|p2a: Chesnaught|98\/100|[from] item: Leftovers\n|-damage|p1a: Beheeyem|94\/100 tox|[from] psn\n|upkeep\n|turn|64\n|\n|t:|1700498260\n|move|p2a: Chesnaught|Substitute|p2a: Chesnaught\n|-start|p2a: Chesnaught|Substitute\n|-damage|p2a: Chesnaught|73\/100\n|move|p1a: Beheeyem|Psychic|p2a: Chesnaught\n|-resisted|p2a: Chesnaught\n|-end|p2a: Chesnaught|Substitute\n|\n|-heal|p2a: Chesnaught|79\/100|[from] item: Leftovers\n|-damage|p1a: Beheeyem|82\/100 tox|[from] psn\n|upkeep\n|turn|65\n|\n|t:|1700498269\n|move|p2a: Chesnaught|Leech Seed|p1a: Beheeyem\n|-start|p1a: Beheeyem|move: Leech Seed\n|move|p1a: Beheeyem|Psychic|p2a: Chesnaught\n|-resisted|p2a: Chesnaught\n|-damage|p2a: Chesnaught|43\/100\n|\n|-heal|p2a: Chesnaught|49\/100|[from] item: Leftovers\n|-damage|p1a: Beheeyem|70\/100 tox|[from] Leech Seed|[of] p2a: Chesnaught\n|-heal|p2a: Chesnaught|58\/100|[silent]\n|-damage|p1a: Beheeyem|51\/100 tox|[from] psn\n|upkeep\n|turn|66\n|\n|t:|1700498287\n|switch|p1a: Dragonite|Dragonite, F|82\/100 tox\n|move|p2a: Chesnaught|Substitute|p2a: Chesnaught\n|-start|p2a: Chesnaught|Substitute\n|-damage|p2a: Chesnaught|33\/100\n|\n|-heal|p2a: Chesnaught|40\/100|[from] item: Leftovers\n|-damage|p1a: Dragonite|76\/100 tox|[from] psn\n|upkeep\n|turn|67\n|\n|t:|1700498298\n|move|p1a: Dragonite|Defog|p2a: Chesnaught\n|-sideend|p1: Aelmich|Toxic Spikes|[from] move: Defog|[of] p1a: Dragonite\n|move|p2a: Chesnaught|Leech Seed|p1a: Dragonite\n|-start|p1a: Dragonite|move: Leech Seed\n|\n|-heal|p2a: Chesnaught|46\/100|[from] item: Leftovers\n|-damage|p1a: Dragonite|63\/100 tox|[from] Leech Seed|[of] p2a: Chesnaught\n|-heal|p2a: Chesnaught|56\/100|[silent]\n|-damage|p1a: Dragonite|51\/100 tox|[from] psn\n|upkeep\n|turn|68\n|\n|t:|1700498316\n|switch|p1a: Alomomola|Alomomola, F|100\/100\n|move|p2a: Chesnaught|Toxic|p1a: Alomomola\n|-status|p1a: Alomomola|tox\n|\n|-heal|p2a: Chesnaught|62\/100|[from] item: Leftovers\n|-damage|p1a: Alomomola|94\/100 tox|[from] psn\n|upkeep\n|turn|69\n|\n|t:|1700498331\n|move|p2a: Chesnaught|Leech Seed|p1a: Alomomola\n|-start|p1a: Alomomola|move: Leech Seed\n|move|p1a: Alomomola|Wish|p1a: Alomomola\n|\n|-heal|p2a: Chesnaught|68\/100|[from] item: Leftovers\n|-damage|p1a: Alomomola|82\/100 tox|[from] Leech Seed|[of] p2a: Chesnaught\n|-heal|p2a: Chesnaught|86\/100|[silent]\n|-damage|p1a: Alomomola|70\/100 tox|[from] psn\n|upkeep\n|turn|70\n|\n|t:|1700498339\n|move|p2a: Chesnaught|Spiky Shield|p2a: Chesnaught\n|-singleturn|p2a: Chesnaught|move: Protect\n|move|p1a: Alomomola|Flip Turn|p2a: Chesnaught\n|-activate|p2a: Chesnaught|move: Protect\n|-damage|p1a: Alomomola|57\/100 tox|[from] Spiky Shield|[of] p2a: Chesnaught\n|\n|-heal|p1a: Alomomola|100\/100 tox|[from] move: Wish|[wisher] Alomomola\n|-heal|p2a: Chesnaught|92\/100|[from] item: Leftovers\n|-damage|p1a: Alomomola|88\/100 tox|[from] Leech Seed|[of] p2a: Chesnaught\n|-heal|p2a: Chesnaught|100\/100|[silent]\n|-damage|p1a: Alomomola|70\/100 tox|[from] psn\n|upkeep\n|turn|71\n|inactive|ss_wobblewok has 120 seconds left.\n|\n|t:|1700498368\n|switch|p2a: Toxapex|Toxapex, F|100\/100\n|move|p1a: Alomomola|Wish|p1a: Alomomola\n|\n|-damage|p1a: Alomomola|57\/100 tox|[from] Leech Seed|[of] p2a: Toxapex\n|-damage|p1a: Alomomola|33\/100 tox|[from] psn\n|upkeep\n|turn|72\n|inactive|ss_wobblewok has 120 seconds left.\n|\n|t:|1700498409\n|switch|p1a: Wigglytuff|Wigglytuff, F|35\/100\n|-item|p2a: Toxapex|Leftovers|[from] ability: Frisk|[of] p1a: Wigglytuff|[identify]\n|switch|p2a: Sableye|Sableye-Mega, M|79\/100\n|\n|-heal|p1a: Wigglytuff|91\/100|[from] move: Wish|[wisher] Alomomola\n|upkeep\n|turn|73\n|inactive|ss_wobblewok has 90 seconds left.\n|\n|t:|1700498426\n|switch|p1a: Dragonite|Dragonite, F|51\/100 tox\n|move|p2a: Sableye|Taunt|p1a: Dragonite\n|-start|p1a: Dragonite|move: Taunt\n|\n|-damage|p1a: Dragonite|45\/100 tox|[from] psn\n|upkeep\n|turn|74\n|inactive|ss_wobblewok has 90 seconds left.\n|\n|t:|1700498446\n|switch|p1a: Conkeldurr|Conkeldurr, M|100\/100\n|switch|p2a: Great Tusk|Great Tusk|100\/100\n|\n|upkeep\n|turn|75\n|inactive|Aelmich has 120 seconds left.\n|\n|t:|1700498481\n|move|p1a: Conkeldurr|Mach Punch|p2a: Great Tusk\n|-damage|p2a: Great Tusk|82\/100\n|-damage|p1a: Conkeldurr|91\/100|[from] item: Life Orb\n|move|p2a: Great Tusk|Bulk Up|p2a: Great Tusk\n|-boost|p2a: Great Tusk|atk|1\n|-boost|p2a: Great Tusk|def|1\n|\n|-heal|p2a: Great Tusk|89\/100|[from] item: Leftovers\n|upkeep\n|turn|76\n|c|\u2606ss_wobblewok|All of this will be worth the 20 elo\n|inactive|ss_wobblewok has 90 seconds left.\n|\n|t:|1700498497\n|switch|p1a: Dragonite|Dragonite, F|45\/100 tox\n|move|p2a: Great Tusk|Rapid Spin|p1a: Dragonite\n|-crit|p1a: Dragonite\n|-damage|p1a: Dragonite|9\/100 tox\n|-boost|p2a: Great Tusk|spe|1\n|\n|-heal|p2a: Great Tusk|95\/100|[from] item: Leftovers\n|-damage|p1a: Dragonite|3\/100 tox|[from] psn\n|upkeep\n|turn|77\n|inactive|Aelmich has 90 seconds left.\n|\n|t:|1700498524\n|switch|p1a: Alomomola|Alomomola, F|66\/100 tox\n|move|p2a: Great Tusk|Rapid Spin|p1a: Alomomola\n|-damage|p1a: Alomomola|43\/100 tox\n|-boost|p2a: Great Tusk|spe|1\n|\n|-heal|p2a: Great Tusk|100\/100|[from] item: Leftovers\n|-damage|p1a: Alomomola|37\/100 tox|[from] psn\n|upkeep\n|turn|78\n|inactive|Aelmich has 90 seconds left.\n|\n|t:|1700498535\n|move|p2a: Great Tusk|Body Press|p1a: Alomomola\n|-damage|p1a: Alomomola|0 fnt\n|faint|p1a: Alomomola\n|\n|upkeep\n|\n|t:|1700498543\n|switch|p1a: Beheeyem|Beheeyem, M|51\/100 tox\n|turn|79\n|c|\u2606ss_wobblewok|Ok its over now\n|\n|t:|1700498554\n|move|p2a: Great Tusk|Earthquake|p1a: Beheeyem\n|-damage|p1a: Beheeyem|0 fnt\n|faint|p1a: Beheeyem\n|\n|upkeep\n|inactive|Aelmich has 90 seconds left.\n|\n|t:|1700498570\n|switch|p1a: Wigglytuff|Wigglytuff, F|91\/100\n|-item|p2a: Great Tusk|Leftovers|[from] ability: Frisk|[of] p1a: Wigglytuff|[identify]\n|turn|80\n|inactive|Aelmich has 90 seconds left.\n|\n|t:|1700498580\n|move|p2a: Great Tusk|Body Press|p1a: Wigglytuff\n|-damage|p1a: Wigglytuff|43\/100\n|move|p1a: Wigglytuff|Taunt|p2a: Great Tusk\n|-start|p2a: Great Tusk|move: Taunt\n|\n|upkeep\n|turn|81\n|\n|t:|1700498587\n|move|p2a: Great Tusk|Earthquake|p1a: Wigglytuff\n|-damage|p1a: Wigglytuff|0 fnt\n|faint|p1a: Wigglytuff\n|\n|upkeep\n|\n|t:|1700498596\n|switch|p1a: Grimmsnarl|Grimmsnarl, M|55\/100\n|turn|82\n|\n|t:|1700498613\n|move|p1a: Grimmsnarl|Fake Out|p2a: Great Tusk\n|-damage|p2a: Great Tusk|96\/100\n|cant|p2a: Great Tusk|flinch\n|\n|-heal|p2a: Great Tusk|100\/100|[from] item: Leftovers\n|upkeep\n|turn|83\n|\n|t:|1700498621\n|move|p1a: Grimmsnarl|Parting Shot|p2a: Great Tusk\n|-unboost|p2a: Great Tusk|atk|1\n|-unboost|p2a: Great Tusk|spa|1\n|\n|t:|1700498629\n|switch|p1a: Dragonite|Dragonite, F|3\/100 tox|[from] Parting Shot\n|move|p2a: Great Tusk|Earthquake|p1a: Dragonite\n|-immune|p1a: Dragonite\n|\n|-damage|p1a: Dragonite|0 fnt|[from] psn\n|faint|p1a: Dragonite\n|-end|p2a: Great Tusk|move: Taunt\n|upkeep\n|\n|t:|1700498637\n|switch|p1a: Grimmsnarl|Grimmsnarl, M|55\/100\n|turn|84\n|\n|t:|1700498642\n|move|p1a: Grimmsnarl|Parting Shot|p2a: Great Tusk\n|-unboost|p2a: Great Tusk|atk|1\n|-unboost|p2a: Great Tusk|spa|1\n|\n|t:|1700498646\n|switch|p1a: Conkeldurr|Conkeldurr, M|91\/100|[from] Parting Shot\n|move|p2a: Great Tusk|Bulk Up|p2a: Great Tusk\n|-boost|p2a: Great Tusk|atk|1\n|-boost|p2a: Great Tusk|def|1\n|\n|upkeep\n|turn|85\n|inactive|Aelmich has 120 seconds left.\n|\n|t:|1700498659\n|move|p2a: Great Tusk|Bulk Up|p2a: Great Tusk\n|-boost|p2a: Great Tusk|atk|1\n|-boost|p2a: Great Tusk|def|1\n|move|p1a: Conkeldurr|Fire Punch|p2a: Great Tusk\n|-damage|p2a: Great Tusk|88\/100\n|\n|-heal|p2a: Great Tusk|94\/100|[from] item: Leftovers\n|upkeep\n|turn|86\n|inactive|Aelmich has 120 seconds left.\n|\n|t:|1700498667\n|move|p2a: Great Tusk|Bulk Up|p2a: Great Tusk\n|-boost|p2a: Great Tusk|atk|1\n|-boost|p2a: Great Tusk|def|1\n|move|p1a: Conkeldurr|Ice Punch|p2a: Great Tusk\n|-supereffective|p2a: Great Tusk\n|-damage|p2a: Great Tusk|74\/100\n|\n|-heal|p2a: Great Tusk|80\/100|[from] item: Leftovers\n|upkeep\n|turn|87\n|inactive|Aelmich has 120 seconds left.\n|\n|t:|1700498675\n|move|p2a: Great Tusk|Bulk Up|p2a: Great Tusk\n|-boost|p2a: Great Tusk|atk|1\n|-boost|p2a: Great Tusk|def|1\n|move|p1a: Conkeldurr|Ice Punch|p2a: Great Tusk\n|-supereffective|p2a: Great Tusk\n|-damage|p2a: Great Tusk|61\/100\n|\n|-heal|p2a: Great Tusk|67\/100|[from] item: Leftovers\n|upkeep\n|turn|88\n|inactive|Aelmich has 120 seconds left.\n|\n|t:|1700498683\n|move|p2a: Great Tusk|Bulk Up|p2a: Great Tusk\n|-boost|p2a: Great Tusk|atk|1\n|-boost|p2a: Great Tusk|def|1\n|move|p1a: Conkeldurr|Ice Punch|p2a: Great Tusk\n|-supereffective|p2a: Great Tusk\n|-damage|p2a: Great Tusk|50\/100\n|\n|-heal|p2a: Great Tusk|57\/100|[from] item: Leftovers\n|upkeep\n|turn|89\n|inactive|Aelmich has 120 seconds left.\n|\n|t:|1700498695\n|move|p2a: Great Tusk|Earthquake|p1a: Conkeldurr\n|-damage|p1a: Conkeldurr|0 fnt\n|faint|p1a: Conkeldurr\n|\n|-heal|p2a: Great Tusk|63\/100|[from] item: Leftovers\n|upkeep\n|\n|t:|1700498702\n|switch|p1a: Grimmsnarl|Grimmsnarl, M|55\/100\n|turn|90\n|\n|t:|1700498705\n|move|p1a: Grimmsnarl|Fake Out|p2a: Great Tusk\n|-damage|p2a: Great Tusk|61\/100\n|cant|p2a: Great Tusk|flinch\n|\n|-heal|p2a: Great Tusk|68\/100|[from] item: Leftovers\n|upkeep\n|turn|91\n|inactive|Aelmich has 120 seconds left.\n|c|\u2606Aelmich|Ggs basically\n|c|\u2606ss_wobblewok|Gg\n|c|\u2606Aelmich|What do you think of my team?\n|inactive|Aelmich has 90 seconds left.\n|c|\u2606ss_wobblewok|The dnite set is a bit weird\n|c|\u2606ss_wobblewok|And you should use taunt on grimsnarl\n|c|\u2606Aelmich|It's a cleanser Dragonite\n|inactive|Aelmich has 60 seconds left.\n|c|\u2606ss_wobblewok|Yea but use like\n|c|\u2606ss_wobblewok|Chansey as a cleanser\n|c|\u2606ss_wobblewok|Instead\n|c|\u2606Aelmich|Ah ok\n|c|\u2606Aelmich|Welp\n|c|\u2606Aelmich|Let's end this\n|c|\u2606ss_wobblewok|Yes\n|c|\u2606Aelmich|Ggs\n|inactive|Aelmich has 30 seconds left.\n|\n|t:|1700498801\n|move|p1a: Grimmsnarl|Fake Out||[still]\n|-hint|Fake Out only works on your first turn out.\n|-fail|p1a: Grimmsnarl\n|move|p2a: Great Tusk|Earthquake|p1a: Grimmsnarl\n|-damage|p1a: Grimmsnarl|0 fnt\n|faint|p1a: Grimmsnarl\n|\n|win|ss_wobblewok\n|raw|Aelmich's rating: 1085 &rarr; <strong>1062<\/strong><br \/>(-23 for losing)\n|raw|ss_wobblewok's rating: 1082 &rarr; <strong>1110<\/strong><br \/>(+28 for winning)\n|c|\u2606ss_wobblewok|Gg\n|l|\u2606Aelmich\n","uploadtime":1700498811,"views":14,"p1id":"aelmich","p2id":"sswobblewok","formatid":"gen9nationaldex","rating":1062,"private":0,"password":""}