{"id":"gen9nationaldex-2000580263","p1":"ReY Scarlet9","p2":"Ann tpm","format":"[Gen 9] National Dex","log":"|html|<div class=\"broadcast-blue\"><strong>[Gen 9] National Dex is currently suspecting Sneasler! For information on how to participate check out the <a href=\"https:\/\/www.smogon.com\/forums\/threads\/sv-national-dex-suspect-8-just-dance.3731534\/\">suspect thread<\/a>.<\/strong><\/div>\n|j|\u2606ReY Scarlet9\n|j|\u2606Ann tpm\n|t:|1701207260\n|gametype|singles\n|player|p1|ReY Scarlet9|lillie-masters|1242\n|player|p2|Ann tpm|dancer|1280\n|teamsize|p1|6\n|teamsize|p2|6\n|gen|9\n|tier|[Gen 9] National Dex\n|rated|\n|rule|HP Percentage Mod: HP is shown in percentages\n|rule|Endless Battle Clause: Forcing endless battles is banned\n|rule|OHKO Clause: OHKO moves are banned\n|rule|Evasion Clause: Evasion abilities, items, and moves are banned\n|rule|Evasion Abilities Clause: Evasion abilities are banned\n|rule|Evasion Items Clause: Evasion items are banned\n|rule|Evasion Moves Clause: Evasion moves are banned\n|rule|Species Clause: Limit one of each Pok\u00e9mon\n|rule|Sleep Clause Mod: Limit one foe put to sleep\n|clearpoke\n|poke|p1|Garganacl, F|\n|poke|p1|Samurott-Hisui, M|\n|poke|p1|Blaziken, M|\n|poke|p1|Lopunny, F|\n|poke|p1|Wo-Chien|\n|poke|p1|Polteageist-Antique|\n|poke|p2|Haxorus, M|\n|poke|p2|Ribombee, F|\n|poke|p2|Grimmsnarl, M|\n|poke|p2|Magnezone|\n|poke|p2|Blacephalon|\n|poke|p2|Aggron, M|\n|teampreview\n|inactive|Battle timer is ON: inactive players will automatically lose when time's up. (requested by Ann tpm)\n|\n|t:|1701207270\n|start\n|switch|p1a: Dragon!Install|Blaziken, M, shiny|100\/100\n|switch|p2a: Grimmsnarl|Grimmsnarl, M|100\/100\n|turn|1\n|\n|t:|1701207283\n|move|p2a: Grimmsnarl|Taunt|p1a: Dragon!Install\n|-start|p1a: Dragon!Install|move: Taunt\n|cant|p1a: Dragon!Install|move: Taunt|Focus Energy\n|\n|-ability|p1a: Dragon!Install|Speed Boost|boost\n|-boost|p1a: Dragon!Install|spe|1\n|upkeep\n|turn|2\n|\n|t:|1701207294\n|switch|p1a: Snailllll|Wo-Chien|100\/100\n|-ability|p1a: Snailllll|Tablets of Ruin\n|move|p2a: Grimmsnarl|Thunder Wave|p1a: Snailllll\n|-hint|Since gen 7, Dark is immune to Prankster moves.\n|-immune|p1a: Snailllll\n|\n|upkeep\n|turn|3\n|\n|t:|1701207319\n|switch|p2a: Blacephalon|Blacephalon, shiny|100\/100\n|move|p1a: Snailllll|Substitute|p1a: Snailllll\n|-start|p1a: Snailllll|Substitute\n|-damage|p1a: Snailllll|76\/100\n|\n|-heal|p1a: Snailllll|82\/100|[from] item: Leftovers\n|upkeep\n|turn|4\n|\n|t:|1701207328\n|-terastallize|p1a: Snailllll|Dark\n|move|p2a: Blacephalon|Flamethrower|p1a: Snailllll\n|-end|p1a: Snailllll|Substitute\n|move|p1a: Snailllll|Leech Seed|p2a: Blacephalon\n|-start|p2a: Blacephalon|move: Leech Seed\n|\n|-heal|p1a: Snailllll|88\/100|[from] item: Leftovers\n|-damage|p2a: Blacephalon|88\/100|[from] Leech Seed|[of] p1a: Snailllll\n|-heal|p1a: Snailllll|96\/100|[silent]\n|upkeep\n|turn|5\n|\n|t:|1701207340\n|move|p2a: Blacephalon|Flamethrower|p1a: Snailllll\n|-damage|p1a: Snailllll|66\/100\n|move|p1a: Snailllll|Trailblaze|p2a: Blacephalon\n|-resisted|p2a: Blacephalon\n|-damage|p2a: Blacephalon|71\/100\n|-boost|p1a: Snailllll|spe|1\n|\n|-heal|p1a: Snailllll|72\/100|[from] item: Leftovers\n|-damage|p2a: Blacephalon|59\/100|[from] Leech Seed|[of] p1a: Snailllll\n|-heal|p1a: Snailllll|80\/100|[silent]\n|upkeep\n|turn|6\n|\n|t:|1701207353\n|switch|p2a: Ribombee|Ribombee, F|100\/100\n|move|p1a: Snailllll|Trailblaze|p2a: Ribombee\n|-resisted|p2a: Ribombee\n|-damage|p2a: Ribombee|86\/100\n|-boost|p1a: Snailllll|spe|1\n|\n|-heal|p1a: Snailllll|86\/100|[from] item: Leftovers\n|upkeep\n|turn|7\n|\n|t:|1701207372\n|move|p2a: Ribombee|Quiver Dance|p2a: Ribombee\n|-boost|p2a: Ribombee|spa|1\n|-boost|p2a: Ribombee|spd|1\n|-boost|p2a: Ribombee|spe|1\n|move|p1a: Snailllll|Substitute|p1a: Snailllll\n|-start|p1a: Snailllll|Substitute\n|-damage|p1a: Snailllll|61\/100\n|\n|-heal|p1a: Snailllll|68\/100|[from] item: Leftovers\n|upkeep\n|turn|8\n|\n|t:|1701207381\n|move|p2a: Ribombee|Moonblast|p1a: Snailllll\n|-supereffective|p1a: Snailllll\n|-end|p1a: Snailllll|Substitute\n|move|p1a: Snailllll|Leech Seed|p2a: Ribombee\n|-start|p2a: Ribombee|move: Leech Seed\n|\n|-heal|p1a: Snailllll|74\/100|[from] item: Leftovers\n|-damage|p2a: Ribombee|73\/100|[from] Leech Seed|[of] p1a: Snailllll\n|-heal|p1a: Snailllll|82\/100|[silent]\n|upkeep\n|turn|9\n|\n|t:|1701207391\n|move|p2a: Ribombee|Moonblast|p1a: Snailllll\n|-supereffective|p1a: Snailllll\n|-damage|p1a: Snailllll|24\/100\n|-unboost|p1a: Snailllll|spa|1\n|move|p1a: Snailllll|Ruination|p2a: Ribombee\n|-damage|p2a: Ribombee|37\/100\n|\n|-heal|p1a: Snailllll|30\/100|[from] item: Leftovers\n|-damage|p2a: Ribombee|25\/100|[from] Leech Seed|[of] p1a: Snailllll\n|-heal|p1a: Snailllll|39\/100|[silent]\n|upkeep\n|turn|10\n|\n|t:|1701207403\n|move|p2a: Ribombee|Moonblast|p1a: Snailllll\n|-supereffective|p1a: Snailllll\n|-damage|p1a: Snailllll|0 fnt\n|faint|p1a: Snailllll\n|\n|upkeep\n|\n|t:|1701207405\n|switch|p1a: OwOoga|Lopunny, F, shiny|100\/100\n|turn|11\n|\n|t:|1701207412\n|detailschange|p1a: OwOoga|Lopunny-Mega, F, shiny\n|-mega|p1a: OwOoga|Lopunny|Lopunnite\n|move|p1a: OwOoga|Fake Out|p2a: Ribombee\n|-damage|p2a: Ribombee|0 fnt\n|faint|p2a: Ribombee\n|\n|upkeep\n|\n|t:|1701207428\n|switch|p2a: Blacephalon|Blacephalon, shiny|59\/100\n|turn|12\n|\n|t:|1701207432\n|move|p2a: Blacephalon|Flamethrower|p1a: OwOoga\n|-damage|p1a: OwOoga|30\/100\n|move|p1a: OwOoga|Return|p2a: Blacephalon\n|-damage|p2a: Blacephalon|0 fnt\n|faint|p2a: Blacephalon\n|\n|upkeep\n|\n|t:|1701207440\n|switch|p2a: Grimmsnarl|Grimmsnarl, M|100\/100\n|turn|13\n|\n|t:|1701207444\n|switch|p1a: JP Bruh|Samurott-Hisui, M|100\/100\n|move|p2a: Grimmsnarl|Sucker Punch||[still]\n|-fail|p2a: Grimmsnarl\n|\n|upkeep\n|turn|14\n|\n|t:|1701207461\n|switch|p2a: Aggron|Aggron, M|100\/100\n|move|p1a: JP Bruh|Knock Off|p2a: Aggron\n|-damage|p2a: Aggron|82\/100\n|\n|upkeep\n|turn|15\n|\n|t:|1701207468\n|detailschange|p2a: Aggron|Aggron-Mega, M\n|-mega|p2a: Aggron|Aggron|Aggronite\n|move|p1a: JP Bruh|Aqua Cutter|p2a: Aggron\n|-damage|p2a: Aggron|60\/100\n|move|p2a: Aggron|Iron Defense|p2a: Aggron\n|-boost|p2a: Aggron|def|2\n|\n|upkeep\n|turn|16\n|\n|t:|1701207476\n|move|p1a: JP Bruh|Aqua Cutter|p2a: Aggron\n|-damage|p2a: Aggron|49\/100\n|move|p2a: Aggron|Body Press|p1a: JP Bruh\n|-supereffective|p1a: JP Bruh\n|-enditem|p1a: JP Bruh|Focus Sash\n|-damage|p1a: JP Bruh|1\/100\n|\n|upkeep\n|turn|17\n|\n|t:|1701207485\n|move|p1a: JP Bruh|Aqua Cutter|p2a: Aggron\n|-damage|p2a: Aggron|38\/100\n|move|p2a: Aggron|Body Press|p1a: JP Bruh\n|-supereffective|p1a: JP Bruh\n|-damage|p1a: JP Bruh|0 fnt\n|faint|p1a: JP Bruh\n|\n|upkeep\n|\n|t:|1701207487\n|switch|p1a: Polteageist|Polteageist-Antique|100\/100\n|turn|18\n|\n|t:|1701207498\n|move|p1a: Polteageist|Shell Smash|p1a: Polteageist\n|-unboost|p1a: Polteageist|def|1\n|-unboost|p1a: Polteageist|spd|1\n|-boost|p1a: Polteageist|atk|2\n|-boost|p1a: Polteageist|spa|2\n|-boost|p1a: Polteageist|spe|2\n|move|p2a: Aggron|Heavy Slam|p1a: Polteageist\n|-enditem|p1a: Polteageist|Focus Sash\n|-damage|p1a: Polteageist|1\/100\n|-ability|p1a: Polteageist|Weak Armor|boost\n|-unboost|p1a: Polteageist|def|1\n|-boost|p1a: Polteageist|spe|2\n|\n|upkeep\n|turn|19\n|\n|t:|1701207512\n|move|p1a: Polteageist|Stored Power|p2a: Aggron\n|-resisted|p2a: Aggron\n|-damage|p2a: Aggron|0 fnt\n|faint|p2a: Aggron\n|\n|upkeep\n|\n|t:|1701207517\n|switch|p2a: Grimmsnarl|Grimmsnarl, M|100\/100\n|turn|20\n|\n|t:|1701207521\n|switch|p1a: OwOoga|Lopunny-Mega, F, shiny|30\/100\n|move|p2a: Grimmsnarl|Sucker Punch||[still]\n|-fail|p2a: Grimmsnarl\n|\n|upkeep\n|turn|21\n|\n|t:|1701207533\n|move|p1a: OwOoga|Fake Out|p2a: Grimmsnarl\n|-damage|p2a: Grimmsnarl|71\/100\n|cant|p2a: Grimmsnarl|flinch\n|\n|-heal|p2a: Grimmsnarl|77\/100|[from] item: Leftovers\n|upkeep\n|turn|22\n|\n|t:|1701207541\n|switch|p1a: Garglema|Garganacl, F|100\/100\n|move|p2a: Grimmsnarl|Sucker Punch||[still]\n|-fail|p2a: Grimmsnarl\n|\n|-heal|p2a: Grimmsnarl|83\/100|[from] item: Leftovers\n|upkeep\n|turn|23\n|\n|t:|1701207549\n|switch|p2a: Haxorus|Haxorus, M|100\/100\n|-ability|p2a: Haxorus|Mold Breaker\n|move|p1a: Garglema|Salt Cure|p2a: Haxorus\n|-damage|p2a: Haxorus|83\/100\n|-start|p2a: Haxorus|Salt Cure\n|\n|-damage|p2a: Haxorus|71\/100|[from] Salt Cure\n|upkeep\n|turn|24\n|\n|t:|1701207560\n|move|p2a: Haxorus|Dragon Dance|p2a: Haxorus\n|-boost|p2a: Haxorus|atk|1\n|-boost|p2a: Haxorus|spe|1\n|move|p1a: Garglema|Iron Defense|p1a: Garglema\n|-boost|p1a: Garglema|def|2\n|\n|-damage|p2a: Haxorus|59\/100|[from] Salt Cure\n|upkeep\n|turn|25\n|\n|t:|1701207569\n|move|p2a: Haxorus|Dragon Dance|p2a: Haxorus\n|-boost|p2a: Haxorus|atk|1\n|-boost|p2a: Haxorus|spe|1\n|move|p1a: Garglema|Iron Defense|p1a: Garglema\n|-boost|p1a: Garglema|def|2\n|\n|-damage|p2a: Haxorus|46\/100|[from] Salt Cure\n|upkeep\n|turn|26\n|\n|t:|1701207585\n|move|p2a: Haxorus|Iron Head|p1a: Garglema\n|-supereffective|p1a: Garglema\n|-damage|p1a: Garglema|78\/100\n|move|p1a: Garglema|Iron Defense|p1a: Garglema\n|-boost|p1a: Garglema|def|2\n|\n|-heal|p1a: Garglema|84\/100|[from] item: Leftovers\n|-damage|p2a: Haxorus|34\/100|[from] Salt Cure\n|upkeep\n|turn|27\n|\n|t:|1701207595\n|move|p2a: Haxorus|Iron Head|p1a: Garglema\n|-supereffective|p1a: Garglema\n|-damage|p1a: Garglema|68\/100\n|cant|p1a: Garglema|flinch\n|\n|-heal|p1a: Garglema|74\/100|[from] item: Leftovers\n|-damage|p2a: Haxorus|22\/100|[from] Salt Cure\n|upkeep\n|turn|28\n|\n|t:|1701207604\n|move|p2a: Haxorus|Iron Head|p1a: Garglema\n|-supereffective|p1a: Garglema\n|-crit|p1a: Garglema\n|-damage|p1a: Garglema|0 fnt\n|faint|p1a: Garglema\n|\n|-damage|p2a: Haxorus|10\/100|[from] Salt Cure\n|upkeep\n|\n|t:|1701207614\n|switch|p1a: OwOoga|Lopunny-Mega, F, shiny|30\/100\n|turn|29\n|\n|t:|1701207621\n|move|p1a: OwOoga|Fake Out|p2a: Haxorus\n|-damage|p2a: Haxorus|0 fnt\n|faint|p2a: Haxorus\n|\n|upkeep\n|\n|t:|1701207626\n|switch|p2a: Grimmsnarl|Grimmsnarl, M|83\/100\n|turn|30\n|\n|t:|1701207630\n|switch|p1a: Polteageist|Polteageist-Antique|1\/100\n|move|p2a: Grimmsnarl|Sucker Punch||[still]\n|-fail|p2a: Grimmsnarl\n|\n|-heal|p2a: Grimmsnarl|89\/100|[from] item: Leftovers\n|upkeep\n|turn|31\n|\n|t:|1701207638\n|move|p2a: Grimmsnarl|Sucker Punch||[still]\n|-fail|p2a: Grimmsnarl\n|move|p1a: Polteageist|Shell Smash|p1a: Polteageist\n|-unboost|p1a: Polteageist|def|1\n|-unboost|p1a: Polteageist|spd|1\n|-boost|p1a: Polteageist|atk|2\n|-boost|p1a: Polteageist|spa|2\n|-boost|p1a: Polteageist|spe|2\n|\n|-heal|p2a: Grimmsnarl|95\/100|[from] item: Leftovers\n|upkeep\n|turn|32\n|\n|t:|1701207649\n|move|p2a: Grimmsnarl|Sucker Punch|p1a: Polteageist\n|-supereffective|p1a: Polteageist\n|-damage|p1a: Polteageist|0 fnt\n|faint|p1a: Polteageist\n|\n|-heal|p2a: Grimmsnarl|100\/100|[from] item: Leftovers\n|upkeep\n|\n|t:|1701207650\n|switch|p1a: Dragon!Install|Blaziken, M, shiny|100\/100\n|turn|33\n|\n|t:|1701207659\n|move|p1a: Dragon!Install|Protect|p1a: Dragon!Install\n|-singleturn|p1a: Dragon!Install|Protect\n|move|p2a: Grimmsnarl|Taunt|p1a: Dragon!Install\n|-activate|p1a: Dragon!Install|move: Protect\n|\n|-ability|p1a: Dragon!Install|Speed Boost|boost\n|-boost|p1a: Dragon!Install|spe|1\n|upkeep\n|turn|34\n|\n|t:|1701207668\n|move|p2a: Grimmsnarl|Thunder Wave|p1a: Dragon!Install\n|-status|p1a: Dragon!Install|par\n|cant|p1a: Dragon!Install|par\n|\n|-ability|p1a: Dragon!Install|Speed Boost|boost\n|-boost|p1a: Dragon!Install|spe|1\n|upkeep\n|turn|35\n|\n|t:|1701207677\n|move|p2a: Grimmsnarl|Taunt|p1a: Dragon!Install\n|-start|p1a: Dragon!Install|move: Taunt\n|move|p1a: Dragon!Install|Overheat|p2a: Grimmsnarl\n|-crit|p2a: Grimmsnarl\n|-damage|p2a: Grimmsnarl|0 fnt\n|-unboost|p1a: Dragon!Install|spa|2\n|faint|p2a: Grimmsnarl\n|\n|-ability|p1a: Dragon!Install|Speed Boost|boost\n|-boost|p1a: Dragon!Install|spe|1\n|upkeep\n|\n|t:|1701207688\n|switch|p2a: Magnezone|Magnezone|100\/100\n|-item|p2a: Magnezone|Air Balloon\n|turn|36\n|\n|t:|1701207696\n|-terastallize|p2a: Magnezone|Flying\n|move|p1a: Dragon!Install|Overheat|p2a: Magnezone\n|-damage|p2a: Magnezone|69\/100\n|-unboost|p1a: Dragon!Install|spa|2\n|-enditem|p2a: Magnezone|Air Balloon\n|move|p2a: Magnezone|Thunderbolt|p1a: Dragon!Install\n|-damage|p1a: Dragon!Install|25\/100 par\n|\n|-ability|p1a: Dragon!Install|Speed Boost|boost\n|-boost|p1a: Dragon!Install|spe|1\n|upkeep\n|turn|37\n|\n|t:|1701207709\n|move|p1a: Dragon!Install|Overheat|p2a: Magnezone\n|-damage|p2a: Magnezone|45\/100\n|-unboost|p1a: Dragon!Install|spa|2\n|move|p2a: Magnezone|Thunderbolt|p1a: Dragon!Install\n|-damage|p1a: Dragon!Install|0 fnt\n|faint|p1a: Dragon!Install\n|\n|upkeep\n|\n|t:|1701207712\n|switch|p1a: OwOoga|Lopunny-Mega, F, shiny|30\/100\n|turn|38\n|\n|t:|1701207722\n|move|p1a: OwOoga|Fake Out|p2a: Magnezone\n|-damage|p2a: Magnezone|25\/100\n|cant|p2a: Magnezone|flinch\n|\n|upkeep\n|turn|39\n|\n|t:|1701207728\n|move|p1a: OwOoga|Ice Punch|p2a: Magnezone\n|-supereffective|p2a: Magnezone\n|-damage|p2a: Magnezone|0 fnt\n|faint|p2a: Magnezone\n|\n|win|ReY Scarlet9\n|raw|ReY Scarlet9's rating: 1242 &rarr; <strong>1270<\/strong><br \/>(+28 for winning)\n|raw|Ann tpm's rating: 1280 &rarr; <strong>1252<\/strong><br \/>(-28 for losing)\n|c|\u2606ReY Scarlet9|Gg\n|c|\u2606Ann tpm|Gg\n","uploadtime":1701207737,"views":6,"p1id":"reyscarlet9","p2id":"anntpm","formatid":"gen9nationaldex","rating":1252,"private":0,"password":""}