{"id":"gen9nationaldex-1998649465","p1":"Pontinic","p2":"baigu2","format":"[Gen 9] National Dex","log":"|html|<div class=\"broadcast-blue\"><strong>[Gen 9] National Dex is currently suspecting Sneasler! For information on how to participate check out the <a href=\"https:\/\/www.smogon.com\/forums\/threads\/sv-national-dex-suspect-8-just-dance.3731534\/\">suspect thread<\/a>.<\/strong><\/div>\n|j|\u2606Pontinic\n|j|\u2606baigu2\n|t:|1700967517\n|gametype|singles\n|player|p1|Pontinic|dawn|1619\n|player|p2|baigu2|170|1735\n|teamsize|p1|6\n|teamsize|p2|6\n|gen|9\n|tier|[Gen 9] National Dex\n|rated|\n|rule|HP Percentage Mod: HP is shown in percentages\n|rule|Endless Battle Clause: Forcing endless battles is banned\n|rule|OHKO Clause: OHKO moves are banned\n|rule|Evasion Clause: Evasion abilities, items, and moves are banned\n|rule|Evasion Abilities Clause: Evasion abilities are banned\n|rule|Evasion Items Clause: Evasion items are banned\n|rule|Evasion Moves Clause: Evasion moves are banned\n|rule|Species Clause: Limit one of each Pok\u00e9mon\n|rule|Sleep Clause Mod: Limit one foe put to sleep\n|clearpoke\n|poke|p1|Tapu Koko|\n|poke|p1|Sneasler, M|\n|poke|p1|Raichu-Alola, F|\n|poke|p1|Azumarill, M|\n|poke|p1|Altaria, F|\n|poke|p1|Landorus-Therian, M|\n|poke|p2|Ursaluna, F|\n|poke|p2|Slowking, F|\n|poke|p2|Corviknight, M|\n|poke|p2|Hoopa-Unbound|\n|poke|p2|Dragonite, M|\n|poke|p2|Tapu Koko|\n|teampreview\n|inactive|Battle timer is ON: inactive players will automatically lose when time's up. (requested by Pontinic)\n|\n|t:|1700967534\n|start\n|switch|p1a: Azumarill|Azumarill, M|100\/100\n|switch|p2a: Tapu Koko|Tapu Koko|100\/100\n|-fieldstart|move: Electric Terrain|[from] ability: Electric Surge|[of] p2a: Tapu Koko\n|turn|1\n|\n|t:|1700967538\n|switch|p1a: Landorus|Landorus-Therian, M|100\/100\n|-ability|p1a: Landorus|Intimidate|boost\n|-unboost|p2a: Tapu Koko|atk|1\n|move|p2a: Tapu Koko|U-turn|p1a: Landorus\n|-resisted|p1a: Landorus\n|-damage|p1a: Landorus|96\/100\n|\n|t:|1700967544\n|switch|p2a: \u718a\u5927|Ursaluna, F|100\/100|[from] U-turn\n|\n|-status|p2a: \u718a\u5927|brn|[from] item: Flame Orb\n|upkeep\n|turn|2\n|\n|t:|1700967547\n|-zpower|p1a: Landorus\n|move|p1a: Landorus|Tectonic Rage|p2a: \u718a\u5927|[zeffect]\n|-damage|p2a: \u718a\u5927|37\/100 brn\n|move|p2a: \u718a\u5927|Facade|p1a: Landorus\n|-damage|p1a: Landorus|0 fnt\n|faint|p1a: Landorus\n|\n|-damage|p2a: \u718a\u5927|31\/100 brn|[from] brn\n|upkeep\n|\n|t:|1700967555\n|switch|p1a: Raichu|Raichu-Alola, F|100\/100\n|turn|3\n|\n|t:|1700967561\n|switch|p2a: Slowking|Slowking, F|100\/100\n|move|p1a: Raichu|Psychic|p2a: Slowking\n|-resisted|p2a: Slowking\n|-damage|p2a: Slowking|85\/100\n|-damage|p1a: Raichu|91\/100|[from] item: Life Orb\n|\n|upkeep\n|turn|4\n|\n|t:|1700967566\n|move|p1a: Raichu|Rising Voltage|p2a: Slowking\n|-hint|Rising Voltage's BP doubled on grounded target.\n|-supereffective|p2a: Slowking\n|-damage|p2a: Slowking|0 fnt\n|faint|p2a: Slowking\n|-damage|p1a: Raichu|81\/100|[from] item: Life Orb\n|\n|upkeep\n|\n|t:|1700967571\n|switch|p2a: Dragonite|Dragonite, M|100\/100\n|turn|5\n|\n|t:|1700967574\n|-terastallize|p2a: Dragonite|Normal\n|move|p2a: Dragonite|Extreme Speed|p1a: Raichu\n|-damage|p1a: Raichu|0 fnt\n|faint|p1a: Raichu\n|\n|-fieldend|move: Electric Terrain\n|upkeep\n|\n|t:|1700967577\n|switch|p1a: Tapu Koko|Tapu Koko|100\/100\n|-fieldstart|move: Electric Terrain|[from] ability: Electric Surge|[of] p1a: Tapu Koko\n|turn|6\n|\n|t:|1700967582\n|move|p2a: Dragonite|Extreme Speed|p1a: Tapu Koko\n|-damage|p1a: Tapu Koko|5\/100\n|move|p1a: Tapu Koko|U-turn|p2a: Dragonite\n|-damage|p2a: Dragonite|92\/100\n|\n|t:|1700967584\n|switch|p1a: Sneasler|Sneasler, M|100\/100|[from] U-turn\n|-enditem|p1a: Sneasler|Electric Seed\n|-boost|p1a: Sneasler|def|1|[from] item: Electric Seed\n|\n|upkeep\n|turn|7\n|\n|t:|1700967590\n|switch|p2a: Corviknight|Corviknight, M|100\/100\n|-ability|p2a: Corviknight|Pressure\n|move|p1a: Sneasler|Close Combat|p2a: Corviknight\n|-damage|p2a: Corviknight|60\/100\n|-unboost|p1a: Sneasler|def|1\n|-unboost|p1a: Sneasler|spd|1\n|-damage|p1a: Sneasler|84\/100|[from] item: Rocky Helmet|[of] p2a: Corviknight\n|\n|upkeep\n|turn|8\n|\n|t:|1700967594\n|move|p1a: Sneasler|Close Combat|p2a: Corviknight\n|-damage|p2a: Corviknight|20\/100\n|-unboost|p1a: Sneasler|def|1\n|-unboost|p1a: Sneasler|spd|1\n|-damage|p1a: Sneasler|67\/100|[from] item: Rocky Helmet|[of] p2a: Corviknight\n|move|p2a: Corviknight|U-turn|p1a: Sneasler\n|-resisted|p1a: Sneasler\n|-crit|p1a: Sneasler\n|-damage|p1a: Sneasler|52\/100\n|\n|t:|1700967600\n|switch|p2a: Dragonite|Dragonite, M, tera:Normal|92\/100|[from] U-turn\n|\n|upkeep\n|turn|9\n|\n|t:|1700967603\n|switch|p1a: Altaria|Altaria, F|100\/100\n|-ability|p1a: Altaria|Cloud Nine\n|move|p2a: Dragonite|Extreme Speed|p1a: Altaria\n|-damage|p1a: Altaria|30\/100\n|\n|upkeep\n|turn|10\n|\n|t:|1700967605\n|detailschange|p1a: Altaria|Altaria-Mega, F\n|-mega|p1a: Altaria|Altaria|Altarianite\n|move|p2a: Dragonite|Extreme Speed|p1a: Altaria\n|-damage|p1a: Altaria|0 fnt\n|faint|p1a: Altaria\n|\n|upkeep\n|\n|t:|1700967607\n|switch|p1a: Azumarill|Azumarill, M|100\/100\n|turn|11\n|\n|t:|1700967610\n|switch|p2a: Corviknight|Corviknight, M|20\/100\n|-ability|p2a: Corviknight|Pressure\n|move|p1a: Azumarill|Superpower|p2a: Corviknight\n|-damage|p2a: Corviknight|0 fnt\n|-unboost|p1a: Azumarill|atk|1\n|-unboost|p1a: Azumarill|def|1\n|-damage|p1a: Azumarill|84\/100|[from] item: Rocky Helmet|[of] p2a: Corviknight\n|faint|p2a: Corviknight\n|\n|upkeep\n|\n|t:|1700967613\n|switch|p2a: Tapu Koko|Tapu Koko|100\/100\n|turn|12\n|\n|t:|1700967621\n|switch|p1a: Tapu Koko|Tapu Koko|5\/100\n|move|p2a: Tapu Koko|Thunderbolt|p1a: Tapu Koko\n|-resisted|p1a: Tapu Koko\n|-damage|p1a: Tapu Koko|0 fnt\n|faint|p1a: Tapu Koko\n|\n|upkeep\n|\n|t:|1700967625\n|switch|p1a: Sneasler|Sneasler, M|52\/100\n|turn|13\n|\n|t:|1700967628\n|move|p2a: Tapu Koko|Thunderbolt|p1a: Sneasler\n|-damage|p1a: Sneasler|0 fnt\n|faint|p1a: Sneasler\n|\n|-fieldend|move: Electric Terrain\n|upkeep\n|-message|Pontinic forfeited.\n|\n|win|baigu2\n|raw|Pontinic's rating: 1619 &rarr; <strong>1605<\/strong><br \/>(-14 for losing)\n|raw|baigu2's rating: 1735 &rarr; <strong>1749<\/strong><br \/>(+14 for winning)\n|l|\u2606Pontinic\n","uploadtime":1700967635,"views":4,"p1id":"pontinic","p2id":"baigu2","formatid":"gen9nationaldex","rating":1605,"private":0,"password":""}