{"id":"gen9nationaldex-1998895388","p1":"DrippinSauce","p2":"221savage","format":"[Gen 9] National Dex","log":"|html|<div class=\"broadcast-blue\"><strong>[Gen 9] National Dex is currently suspecting Sneasler! For information on how to participate check out the <a href=\"https:\/\/www.smogon.com\/forums\/threads\/sv-national-dex-suspect-8-just-dance.3731534\/\">suspect thread<\/a>.<\/strong><\/div>\n|j|\u2606DrippinSauce\n|j|\u2606221savage\n|t:|1701009940\n|gametype|singles\n|player|p1|DrippinSauce|cynthia-masters|1447\n|player|p2|221savage|169|1491\n|teamsize|p1|6\n|teamsize|p2|6\n|gen|9\n|tier|[Gen 9] National Dex\n|rated|\n|rule|HP Percentage Mod: HP is shown in percentages\n|rule|Endless Battle Clause: Forcing endless battles is banned\n|rule|OHKO Clause: OHKO moves are banned\n|rule|Evasion Clause: Evasion abilities, items, and moves are banned\n|rule|Evasion Abilities Clause: Evasion abilities are banned\n|rule|Evasion Items Clause: Evasion items are banned\n|rule|Evasion Moves Clause: Evasion moves are banned\n|rule|Species Clause: Limit one of each Pok\u00e9mon\n|rule|Sleep Clause Mod: Limit one foe put to sleep\n|clearpoke\n|poke|p1|Heatran, M|\n|poke|p1|Ninetales-Alola, F|\n|poke|p1|Great Tusk|\n|poke|p1|Iron Hands|\n|poke|p1|Mawile, M|\n|poke|p1|Kommo-o, M|\n|poke|p2|Blastoise, F|\n|poke|p2|Banette, M|\n|poke|p2|Machamp, F|\n|poke|p2|Darmanitan, M|\n|poke|p2|Tsareena, F|\n|poke|p2|Toxtricity, M|\n|teampreview\n|inactive|Battle timer is ON: inactive players will automatically lose when time's up. (requested by DrippinSauce)\n|\n|t:|1701009949\n|start\n|switch|p1a: Molten|Heatran, M, shiny|100\/100\n|switch|p2a: Banette|Banette, M|100\/100\n|turn|1\n|\n|t:|1701009953\n|detailschange|p2a: Banette|Banette-Mega, M\n|-mega|p2a: Banette|Banette|Banettite\n|move|p2a: Banette|Taunt|p1a: Molten\n|-start|p1a: Molten|move: Taunt\n|cant|p1a: Molten|move: Taunt|Toxic\n|\n|upkeep\n|turn|2\n|\n|t:|1701009957\n|move|p1a: Molten|Magma Storm|p2a: Banette\n|-damage|p2a: Banette|44\/100\n|-activate|p2a: Banette|move: Magma Storm|[of] p1a: Molten\n|move|p2a: Banette|Poltergeist|p1a: Molten\n|-activate|p1a: Molten|move: Poltergeist|Leftovers\n|-damage|p1a: Molten|40\/100\n|\n|-heal|p1a: Molten|46\/100|[from] item: Leftovers\n|-damage|p2a: Banette|32\/100|[from] move: Magma Storm|[partiallytrapped]\n|upkeep\n|turn|3\n|\n|t:|1701009965\n|move|p2a: Banette|Destiny Bond|p2a: Banette\n|-singlemove|p2a: Banette|Destiny Bond\n|move|p1a: Molten|Earth Power|p2a: Banette\n|-damage|p2a: Banette|2\/100\n|\n|-heal|p1a: Molten|53\/100|[from] item: Leftovers\n|-damage|p2a: Banette|0 fnt|[from] move: Magma Storm|[partiallytrapped]\n|faint|p2a: Banette\n|-end|p1a: Molten|move: Taunt\n|upkeep\n|\n|t:|1701009979\n|switch|p2a: Blastoise|Blastoise, F|100\/100\n|turn|4\n|\n|t:|1701009984\n|move|p2a: Blastoise|Shell Smash|p2a: Blastoise\n|-unboost|p2a: Blastoise|def|1\n|-unboost|p2a: Blastoise|spd|1\n|-boost|p2a: Blastoise|atk|2\n|-boost|p2a: Blastoise|spa|2\n|-boost|p2a: Blastoise|spe|2\n|move|p1a: Molten|Toxic|p2a: Blastoise\n|-status|p2a: Blastoise|tox\n|\n|-heal|p1a: Molten|59\/100|[from] item: Leftovers\n|-damage|p2a: Blastoise|94\/100 tox|[from] psn\n|upkeep\n|turn|5\n|\n|t:|1701009989\n|move|p2a: Blastoise|Hydro Pump|p1a: Molten\n|-supereffective|p1a: Molten\n|-damage|p1a: Molten|0 fnt\n|faint|p1a: Molten\n|\n|-damage|p2a: Blastoise|82\/100 tox|[from] psn\n|upkeep\n|\n|t:|1701009994\n|switch|p1a: Snowin|Ninetales-Alola, F, shiny|100\/100\n|-weather|Snow|[from] ability: Snow Warning|[of] p1a: Snowin\n|turn|6\n|\n|t:|1701010019\n|-zpower|p2a: Blastoise\n|move|p2a: Blastoise|All-Out Pummeling|p1a: Snowin|[zeffect]\n|-damage|p1a: Snowin|0 fnt\n|faint|p1a: Snowin\n|\n|-weather|Snow|[upkeep]\n|-damage|p2a: Blastoise|64\/100 tox|[from] psn\n|upkeep\n|\n|t:|1701010026\n|switch|p1a: Punchin|Iron Hands|100\/100\n|-enditem|p1a: Punchin|Booster Energy\n|-activate|p1a: Punchin|ability: Quark Drive|[fromitem]\n|-start|p1a: Punchin|quarkdriveatk\n|turn|7\n|\n|t:|1701010032\n|move|p2a: Blastoise|Hydro Pump|p1a: Punchin\n|-damage|p1a: Punchin|24\/100\n|move|p1a: Punchin|Drain Punch|p2a: Blastoise\n|-damage|p2a: Blastoise|0 fnt\n|-heal|p1a: Punchin|45\/100|[from] drain|[of] p2a: Blastoise\n|faint|p2a: Blastoise\n|\n|-weather|Snow|[upkeep]\n|upkeep\n|\n|t:|1701010040\n|switch|p2a: Darmanitan|Darmanitan, M|100\/100\n|turn|8\n|\n|t:|1701010060\n|-end|p1a: Punchin|Quark Drive|[silent]\n|switch|p1a: Tuskin|Great Tusk|100\/100\n|-terastallize|p2a: Darmanitan|Fire\n|move|p2a: Darmanitan|Flare Blitz|p1a: Tuskin\n|-damage|p1a: Tuskin|36\/100\n|-damage|p2a: Darmanitan|75\/100|[from] Recoil\n|\n|-weather|Snow|[upkeep]\n|-heal|p1a: Tuskin|42\/100|[from] item: Leftovers\n|upkeep\n|turn|9\n|\n|t:|1701010076\n|move|p2a: Darmanitan|Flare Blitz|p1a: Tuskin\n|-damage|p1a: Tuskin|0 fnt\n|faint|p1a: Tuskin\n|-end|p1a: Tuskin|Protosynthesis|[silent]\n|-damage|p2a: Darmanitan|58\/100|[from] Recoil\n|\n|-weather|Snow|[upkeep]\n|upkeep\n|\n|t:|1701010083\n|switch|p1a: Chompin|Mawile, M, shiny|100\/100\n|-ability|p1a: Chompin|Intimidate|boost\n|-unboost|p2a: Darmanitan|atk|1\n|turn|10\n|inactive|221savage has 120 seconds left.\n|\n|t:|1701010128\n|switch|p2a: Toxtricity|Toxtricity, M|100\/100\n|detailschange|p1a: Chompin|Mawile-Mega, M, shiny\n|-mega|p1a: Chompin|Mawile|Mawilite\n|move|p1a: Chompin|Sucker Punch||[still]\n|-fail|p1a: Chompin\n|\n|-weather|none\n|upkeep\n|turn|11\n|\n|t:|1701010133\n|move|p2a: Toxtricity|Overdrive|p1a: Chompin\n|-damage|p1a: Chompin|0 fnt\n|faint|p1a: Chompin\n|\n|upkeep\n|\n|t:|1701010138\n|switch|p1a: Screamin|Kommo-o, M|100\/100\n|turn|12\n|inactive|221savage has 120 seconds left.\n|\n|t:|1701010153\n|switch|p2a: Tsareena|Tsareena, F|100\/100\n|move|p1a: Screamin|Clangorous Soul|p1a: Screamin\n|-boost|p1a: Screamin|atk|1\n|-boost|p1a: Screamin|def|1\n|-boost|p1a: Screamin|spa|1\n|-boost|p1a: Screamin|spd|1\n|-boost|p1a: Screamin|spe|1\n|-damage|p1a: Screamin|68\/100\n|-enditem|p1a: Screamin|Throat Spray\n|-boost|p1a: Screamin|spa|1|[from] item: Throat Spray\n|\n|upkeep\n|turn|13\n|inactive|221savage has 120 seconds left.\n|\n|t:|1701010160\n|-terastallize|p1a: Screamin|Normal\n|move|p1a: Screamin|Boomburst|p2a: Tsareena\n|-damage|p2a: Tsareena|0 fnt\n|faint|p2a: Tsareena\n|\n|upkeep\n|\n|t:|1701010165\n|switch|p2a: Machamp|Machamp, F|100\/100\n|turn|14\n|\n|t:|1701010168\n|move|p1a: Screamin|Boomburst|p2a: Machamp\n|-damage|p2a: Machamp|0 fnt\n|faint|p2a: Machamp\n|\n|upkeep\n|\n|t:|1701010172\n|switch|p2a: Darmanitan|Darmanitan, M, tera:Fire|58\/100\n|turn|15\n|\n|t:|1701010177\n|move|p2a: Darmanitan|Superpower|p1a: Screamin\n|-supereffective|p1a: Screamin\n|-damage|p1a: Screamin|6\/100\n|-unboost|p2a: Darmanitan|atk|1\n|-unboost|p2a: Darmanitan|def|1\n|move|p1a: Screamin|Boomburst|p2a: Darmanitan\n|-crit|p2a: Darmanitan\n|-damage|p2a: Darmanitan|0 fnt\n|faint|p2a: Darmanitan\n|\n|upkeep\n|\n|t:|1701010192\n|switch|p2a: Toxtricity|Toxtricity, M|100\/100\n|turn|16\n|inactive|221savage has 120 seconds left.\n|\n|t:|1701010223\n|move|p1a: Screamin|Boomburst|p2a: Toxtricity\n|-damage|p2a: Toxtricity|17\/100\n|move|p2a: Toxtricity|Sludge Wave|p1a: Screamin\n|-damage|p1a: Screamin|0 fnt\n|faint|p1a: Screamin\n|\n|upkeep\n|\n|t:|1701010233\n|switch|p1a: Punchin|Iron Hands|45\/100\n|turn|17\n|\n|t:|1701010238\n|move|p2a: Toxtricity|Sludge Wave|p1a: Punchin\n|-damage|p1a: Punchin|0 fnt\n|faint|p1a: Punchin\n|-end|p1a: Punchin|Quark Drive|[silent]\n|\n|win|221savage\n|raw|DrippinSauce's rating: 1447 &rarr; <strong>1428<\/strong><br \/>(-19 for losing)\n|raw|221savage's rating: 1463 &rarr; <strong>1482<\/strong><br \/>(+19 for winning)\n|l|\u2606DrippinSauce\n","uploadtime":1701010245,"views":1,"p1id":"drippinsauce","p2id":"221savage","formatid":"gen9nationaldex","rating":1428,"private":0,"password":""}