{"id":"gen9nationaldex-1994112382","p1":"Elena Rybakina","p2":"DarmanitanDLuffy","format":"[Gen 9] National Dex","log":"|j|\u2606Elena Rybakina\n|j|\u2606DarmanitanDLuffy\n|inactive|Battle timer is ON: inactive players will automatically lose when time's up.\n|t:|1700408314\n|gametype|singles\n|player|p1|Elena Rybakina|sada-ai|\n|player|p2|DarmanitanDLuffy|lusamine-nihilego|\n|teamsize|p1|4\n|teamsize|p2|6\n|gen|9\n|tier|[Gen 9] National Dex\n|rated|Tournament battle\n|rule|HP Percentage Mod: HP is shown in percentages\n|rule|Endless Battle Clause: Forcing endless battles is banned\n|rule|OHKO Clause: OHKO moves are banned\n|rule|Evasion Clause: Evasion abilities, items, and moves are banned\n|rule|Evasion Abilities Clause: Evasion abilities are banned\n|rule|Evasion Items Clause: Evasion items are banned\n|rule|Evasion Moves Clause: Evasion moves are banned\n|rule|Species Clause: Limit one of each Pok\u00e9mon\n|rule|Sleep Clause Mod: Limit one foe put to sleep\n|clearpoke\n|poke|p1|Kyurem|\n|poke|p1|Ninetales-Alola, F|\n|poke|p1|Iron Valiant|\n|poke|p1|Latios, M|\n|poke|p2|Ogerpon-Wellspring, F|\n|poke|p2|Landorus-Therian, M|\n|poke|p2|Tapu Lele|\n|poke|p2|Zamazenta-*|\n|poke|p2|Heatran, F|\n|poke|p2|Slowking-Galar, F|\n|teampreview\n|c|\u2606Elena Rybakina|what\n|j| Aziz Le Bledart\n|c|\u2606DarmanitanDLuffy|why do you only have 4 mos\n|c|\u2606Elena Rybakina|I have no idea I didn't pick this\n|c|\u2606Elena Rybakina|fuck\n|inactive|DarmanitanDLuffy has 120 seconds left.\n|\n|t:|1700408346\n|start\n|switch|p1a: Ninetales|Ninetales-Alola, F, shiny|100\/100\n|switch|p2a: Slowking|Slowking-Galar, F|100\/100\n|-weather|Snow|[from] ability: Snow Warning|[of] p1a: Ninetales\n|turn|1\n|\n|t:|1700408355\n|move|p1a: Ninetales|Aurora Veil|p1a: Ninetales\n|-sidestart|p1: Elena Rybakina|move: Aurora Veil\n|move|p2a: Slowking|Future Sight|p1a: Ninetales\n|-start|p2a: Slowking|move: Future Sight\n|\n|-weather|Snow|[upkeep]\n|upkeep\n|turn|2\n|\n|t:|1700408361\n|move|p1a: Ninetales|Encore|p2a: Slowking\n|-start|p2a: Slowking|Encore\n|move|p2a: Slowking|Future Sight||[still]\n|-fail|p2a: Slowking\n|\n|-weather|Snow|[upkeep]\n|upkeep\n|turn|3\n|\n|t:|1700408367\n|switch|p2a: Heatran|Heatran, F|100\/100\n|move|p1a: Ninetales|Freeze-Dry|p2a: Heatran\n|-resisted|p2a: Heatran\n|-damage|p2a: Heatran|98\/100\n|\n|-weather|Snow|[upkeep]\n|-end|p1a: Ninetales|move: Future Sight\n|-damage|p1a: Ninetales|77\/100\n|-heal|p2a: Heatran|100\/100|[from] item: Leftovers\n|upkeep\n|turn|4\n|\n|t:|1700408376\n|move|p1a: Ninetales|Freeze-Dry|p2a: Heatran\n|-resisted|p2a: Heatran\n|-damage|p2a: Heatran|97\/100\n|move|p2a: Heatran|Magma Storm|p1a: Ninetales|[miss]\n|-miss|p2a: Heatran|p1a: Ninetales\n|\n|-weather|Snow|[upkeep]\n|-heal|p2a: Heatran|100\/100|[from] item: Leftovers\n|upkeep\n|turn|5\n|\n|t:|1700408384\n|move|p1a: Ninetales|Encore|p2a: Heatran\n|-start|p2a: Heatran|Encore\n|move|p2a: Heatran|Magma Storm|p1a: Ninetales\n|-supereffective|p1a: Ninetales\n|-damage|p1a: Ninetales|36\/100\n|-activate|p1a: Ninetales|move: Magma Storm|[of] p2a: Heatran\n|\n|-weather|none\n|-damage|p1a: Ninetales|24\/100|[from] move: Magma Storm|[partiallytrapped]\n|upkeep\n|turn|6\n|\n|t:|1700408391\n|move|p1a: Ninetales|Snowscape|p1a: Ninetales\n|-weather|Snow\n|move|p2a: Heatran|Magma Storm|p1a: Ninetales\n|-supereffective|p1a: Ninetales\n|-damage|p1a: Ninetales|0 fnt\n|faint|p1a: Ninetales\n|\n|-weather|Snow|[upkeep]\n|upkeep\n|\n|t:|1700408393\n|switch|p1a: Latios|Latios, M|100\/100\n|turn|7\n|\n|t:|1700408401\n|switch|p2a: Slowking|Slowking-Galar, F|100\/100\n|move|p1a: Latios|Agility|p1a: Latios\n|-boost|p1a: Latios|spe|2\n|\n|-weather|Snow|[upkeep]\n|upkeep\n|turn|8\n|\n|t:|1700408408\n|-terastallize|p1a: Latios|Steel\n|move|p1a: Latios|Calm Mind|p1a: Latios\n|-boost|p1a: Latios|spa|1\n|-boost|p1a: Latios|spd|1\n|move|p2a: Slowking|Thunder Wave|p1a: Latios\n|-status|p1a: Latios|par\n|\n|-weather|Snow|[upkeep]\n|-sideend|p1: Elena Rybakina|move: Aurora Veil\n|upkeep\n|turn|9\n|\n|t:|1700408416\n|switch|p2a: Heatran|Heatran, F|100\/100\n|move|p1a: Latios|Agility|p1a: Latios\n|-boost|p1a: Latios|spe|2\n|\n|-weather|Snow|[upkeep]\n|upkeep\n|turn|10\n|\n|t:|1700408430\n|cant|p1a: Latios|par\n|move|p2a: Heatran|Taunt|p1a: Latios\n|-start|p1a: Latios|move: Taunt\n|\n|-weather|none\n|upkeep\n|turn|11\n|\n|t:|1700408435\n|move|p1a: Latios|Aura Sphere|p2a: Heatran\n|-supereffective|p2a: Heatran\n|-damage|p2a: Heatran|50\/100\n|move|p2a: Heatran|Magma Storm|p1a: Latios\n|-supereffective|p1a: Latios\n|-damage|p1a: Latios|39\/100 par\n|-activate|p1a: Latios|move: Magma Storm|[of] p2a: Heatran\n|-enditem|p1a: Latios|Weakness Policy\n|-boost|p1a: Latios|atk|2|[from] item: Weakness Policy\n|-boost|p1a: Latios|spa|2|[from] item: Weakness Policy\n|\n|-heal|p2a: Heatran|56\/100|[from] item: Leftovers\n|-damage|p1a: Latios|26\/100 par|[from] move: Magma Storm|[partiallytrapped]\n|upkeep\n|turn|12\n|\n|t:|1700408448\n|move|p1a: Latios|Aura Sphere|p2a: Heatran\n|-supereffective|p2a: Heatran\n|-damage|p2a: Heatran|0 fnt\n|faint|p2a: Heatran\n|\n|-end|p1a: Latios|Magma Storm|[partiallytrapped]|[silent]\n|upkeep\n|j| EsCalebert\n|\n|t:|1700408465\n|switch|p2a: Zamazenta|Zamazenta|100\/100\n|-ability|p2a: Zamazenta|Dauntless Shield|boost\n|-boost|p2a: Zamazenta|def|1\n|turn|13\n|\n|t:|1700408470\n|move|p1a: Latios|Stored Power|p2a: Zamazenta\n|-supereffective|p2a: Zamazenta\n|-damage|p2a: Zamazenta|0 fnt\n|faint|p2a: Zamazenta\n|\n|-end|p1a: Latios|move: Taunt\n|upkeep\n|\n|t:|1700408476\n|switch|p2a: Tapu Lele|Tapu Lele|100\/100\n|-fieldstart|move: Psychic Terrain|[from] ability: Psychic Surge|[of] p2a: Tapu Lele\n|turn|14\n|\n|t:|1700408480\n|move|p1a: Latios|Stored Power|p2a: Tapu Lele\n|-resisted|p2a: Tapu Lele\n|-damage|p2a: Tapu Lele|0 fnt\n|faint|p2a: Tapu Lele\n|\n|upkeep\n|c|\u2606DarmanitanDLuffy|no way i lost to 4 fucking mons\n|\n|t:|1700408491\n|switch|p2a: Slowking|Slowking-Galar, F|100\/100\n|turn|15\n|\n|t:|1700408501\n|-terastallize|p2a: Slowking|Steel\n|move|p1a: Latios|Stored Power|p2a: Slowking\n|-resisted|p2a: Slowking\n|-damage|p2a: Slowking|0 fnt\n|faint|p2a: Slowking\n|\n|upkeep\n|c|\u2606DarmanitanDLuffy|cheap set\n|\n|t:|1700408513\n|switch|p2a: Landorus|Landorus-Therian, M|100\/100\n|-ability|p2a: Landorus|Intimidate|boost\n|-unboost|p1a: Latios|atk|1\n|turn|16\n|\n|t:|1700408519\n|move|p1a: Latios|Stored Power|p2a: Landorus\n|-damage|p2a: Landorus|0 fnt\n|faint|p2a: Landorus\n|\n|upkeep\n|\n|t:|1700408537\n|switch|p2a: Ogerpon|Ogerpon-Wellspring, F|100\/100\n|turn|17\n|\n|t:|1700408544\n|move|p1a: Latios|Stored Power|p2a: Ogerpon\n|-damage|p2a: Ogerpon|0 fnt\n|faint|p2a: Ogerpon\n|\n|win|Elena Rybakina\n|n|\u2606Elena Rybakina|elenarybakina\n|n|\u2606DarmanitanDLuffy|darmanitandluffy\n|n| Aziz Le Bledart|azizlebledart\n|n| EsCalebert|escalebert\n|c|\u2606DarmanitanDLuffy|gg\n|c|\u2606Elena Rybakina|gg\n","uploadtime":1700408552,"views":5,"p1id":"elenarybakina","p2id":"darmanitandluffy","formatid":"gen9nationaldex","rating":0,"private":0,"password":""}