{"id":"gen9nationaldex-1997607127","p1":"turtle lover 069","p2":"FuecocoM67","format":"[Gen 9] National Dex","log":"|html|<div class=\"broadcast-blue\"><strong>[Gen 9] National Dex is currently suspecting Sneasler! For information on how to participate check out the <a href=\"https:\/\/www.smogon.com\/forums\/threads\/sv-national-dex-suspect-8-just-dance.3731534\/\">suspect thread<\/a>.<\/strong><\/div>\n|j|\u2606turtle lover 069\n|j|\u2606FuecocoM67\n|t:|1700832227\n|gametype|singles\n|player|p1|turtle lover 069|unknown|1309\n|player|p2|FuecocoM67|blue|1212\n|teamsize|p1|6\n|teamsize|p2|6\n|gen|9\n|tier|[Gen 9] National Dex\n|rated|\n|rule|HP Percentage Mod: HP is shown in percentages\n|rule|Endless Battle Clause: Forcing endless battles is banned\n|rule|OHKO Clause: OHKO moves are banned\n|rule|Evasion Clause: Evasion abilities, items, and moves are banned\n|rule|Evasion Abilities Clause: Evasion abilities are banned\n|rule|Evasion Items Clause: Evasion items are banned\n|rule|Evasion Moves Clause: Evasion moves are banned\n|rule|Species Clause: Limit one of each Pok\u00e9mon\n|rule|Sleep Clause Mod: Limit one foe put to sleep\n|clearpoke\n|poke|p1|Milotic, M|\n|poke|p1|Scizor, M|\n|poke|p1|Landorus-Therian, M|\n|poke|p1|Gliscor, M|\n|poke|p1|Iron Valiant|\n|poke|p1|Tapu Lele|\n|poke|p2|Clefable, F|\n|poke|p2|Chansey, F|\n|poke|p2|Skarmory, F|\n|poke|p2|Sableye, F|\n|poke|p2|Toxapex, F|\n|poke|p2|Urshifu-*, F|\n|teampreview\n|inactive|Battle timer is ON: inactive players will automatically lose when time's up. (requested by turtle lover 069)\n|\n|t:|1700832232\n|start\n|switch|p1a: Tapu Lele|Tapu Lele|100\/100\n|switch|p2a: Sableye|Sableye, F|100\/100\n|-fieldstart|move: Psychic Terrain|[from] ability: Psychic Surge|[of] p1a: Tapu Lele\n|turn|1\n|\n|t:|1700832244\n|detailschange|p2a: Sableye|Sableye-Mega, F\n|-mega|p2a: Sableye|Sableye|Sablenite\n|move|p1a: Tapu Lele|Moonblast|p2a: Sableye\n|-supereffective|p2a: Sableye\n|-damage|p2a: Sableye|0 fnt\n|faint|p2a: Sableye\n|\n|upkeep\n|\n|t:|1700832252\n|switch|p2a: Chansey|Chansey, F|100\/100\n|turn|2\n|\n|t:|1700832258\n|switch|p1a: Gliscor|Gliscor, M|100\/100\n|move|p2a: Chansey|Stealth Rock|p1a: Gliscor\n|-sidestart|p1: turtle lover 069|move: Stealth Rock\n|\n|-status|p1a: Gliscor|tox|[from] item: Toxic Orb\n|upkeep\n|turn|3\n|\n|t:|1700832274\n|switch|p2a: Urshifu|Urshifu-Rapid-Strike, F|100\/100\n|move|p1a: Gliscor|Facade|p2a: Urshifu\n|-damage|p2a: Urshifu|57\/100\n|\n|upkeep\n|turn|4\n|\n|t:|1700832283\n|switch|p1a: Scizor|Scizor, M|100\/100\n|-damage|p1a: Scizor|88\/100|[from] Stealth Rock\n|move|p2a: Urshifu|Surging Strikes|p1a: Scizor\n|-crit|p1a: Scizor\n|-damage|p1a: Scizor|73\/100\n|-crit|p1a: Scizor\n|-damage|p1a: Scizor|56\/100\n|-crit|p1a: Scizor\n|-damage|p1a: Scizor|42\/100\n|-hitcount|p1a: Scizor|3\n|\n|upkeep\n|turn|5\n|\n|t:|1700832298\n|switch|p2a: Skarmory|Skarmory, F|100\/100\n|detailschange|p1a: Scizor|Scizor-Mega, M\n|-mega|p1a: Scizor|Scizor|Scizorite\n|move|p1a: Scizor|Roost|p1a: Scizor\n|-heal|p1a: Scizor|92\/100\n|-singleturn|p1a: Scizor|move: Roost\n|\n|-fieldend|move: Psychic Terrain\n|upkeep\n|turn|6\n|\n|t:|1700832309\n|switch|p1a: Landorus|Landorus-Therian, M|100\/100\n|-damage|p1a: Landorus|88\/100|[from] Stealth Rock\n|-ability|p1a: Landorus|Intimidate|boost\n|-unboost|p2a: Skarmory|atk|1\n|move|p2a: Skarmory|Spikes|p1a: Landorus\n|-sidestart|p1: turtle lover 069|Spikes\n|\n|upkeep\n|turn|7\n|\n|t:|1700832319\n|move|p1a: Landorus|Defog|p2a: Skarmory\n|-unboost|p2a: Skarmory|evasion|1\n|-sideend|p1: turtle lover 069|Spikes|[from] move: Defog|[of] p1a: Landorus\n|-sideend|p1: turtle lover 069|Stealth Rock|[from] move: Defog|[of] p1a: Landorus\n|move|p2a: Skarmory|Counter||[still]\n|-fail|p2a: Skarmory\n|\n|upkeep\n|turn|8\n|\n|t:|1700832333\n|switch|p2a: Clefable|Clefable, F|100\/100\n|move|p1a: Landorus|Stealth Rock|p2a: Clefable\n|-sidestart|p2: FuecocoM67|move: Stealth Rock\n|\n|upkeep\n|turn|9\n|\n|t:|1700832338\n|move|p1a: Landorus|U-turn|p2a: Clefable\n|-resisted|p2a: Clefable\n|-damage|p2a: Clefable|91\/100\n|\n|t:|1700832341\n|switch|p1a: Iron Valiant|Iron Valiant|100\/100|[from] U-turn\n|-enditem|p1a: Iron Valiant|Booster Energy\n|-activate|p1a: Iron Valiant|ability: Quark Drive|[fromitem]\n|-start|p1a: Iron Valiant|quarkdrivespe\n|move|p2a: Clefable|Wish|p2a: Clefable\n|\n|-heal|p2a: Clefable|97\/100|[from] item: Leftovers\n|upkeep\n|turn|10\n|\n|t:|1700832349\n|move|p1a: Iron Valiant|Encore|p2a: Clefable\n|-start|p2a: Clefable|Encore\n|move|p2a: Clefable|Wish||[still]\n|-fail|p2a: Clefable\n|\n|-heal|p2a: Clefable|100\/100|[from] move: Wish|[wisher] Clefable\n|upkeep\n|turn|11\n|\n|t:|1700832359\n|switch|p2a: Chansey|Chansey, F|100\/100\n|-damage|p2a: Chansey|88\/100|[from] Stealth Rock\n|move|p1a: Iron Valiant|Calm Mind|p1a: Iron Valiant\n|-boost|p1a: Iron Valiant|spa|1\n|-boost|p1a: Iron Valiant|spd|1\n|\n|upkeep\n|turn|12\n|\n|t:|1700832370\n|move|p1a: Iron Valiant|Aura Sphere|p2a: Chansey\n|-supereffective|p2a: Chansey\n|-damage|p2a: Chansey|57\/100\n|move|p2a: Chansey|Toxic|p1a: Iron Valiant\n|-status|p1a: Iron Valiant|tox\n|\n|-damage|p1a: Iron Valiant|94\/100 tox|[from] psn\n|upkeep\n|turn|13\n|\n|t:|1700832379\n|switch|p2a: Toxapex|Toxapex, F, shiny|100\/100\n|-damage|p2a: Toxapex|88\/100|[from] Stealth Rock\n|move|p1a: Iron Valiant|Aura Sphere|p2a: Toxapex\n|-resisted|p2a: Toxapex\n|-damage|p2a: Toxapex|66\/100\n|\n|-heal|p2a: Toxapex|71\/100|[from] item: Leftovers\n|-damage|p1a: Iron Valiant|82\/100 tox|[from] psn\n|upkeep\n|turn|14\n|\n|t:|1700832391\n|-end|p1a: Iron Valiant|Quark Drive|[silent]\n|switch|p1a: Gliscor|Gliscor, M|100\/100 tox\n|move|p2a: Toxapex|Recover|p2a: Toxapex\n|-heal|p2a: Toxapex|100\/100\n|\n|upkeep\n|turn|15\n|\n|t:|1700832397\n|switch|p2a: Skarmory|Skarmory, F|100\/100\n|-damage|p2a: Skarmory|88\/100|[from] Stealth Rock\n|move|p1a: Gliscor|Swords Dance|p1a: Gliscor\n|-boost|p1a: Gliscor|atk|2\n|\n|upkeep\n|turn|16\n|\n|t:|1700832408\n|switch|p1a: Tapu Lele|Tapu Lele|100\/100\n|-fieldstart|move: Psychic Terrain|[from] ability: Psychic Surge|[of] p1a: Tapu Lele\n|switch|p2a: Clefable|Clefable, F|100\/100\n|-damage|p2a: Clefable|88\/100|[from] Stealth Rock\n|\n|-heal|p2a: Clefable|94\/100|[from] item: Leftovers\n|upkeep\n|turn|17\n|\n|t:|1700832423\n|move|p1a: Tapu Lele|Psychic|p2a: Clefable\n|-damage|p2a: Clefable|18\/100\n|move|p2a: Clefable|Wish|p2a: Clefable\n|\n|-heal|p2a: Clefable|24\/100|[from] item: Leftovers\n|upkeep\n|turn|18\n|\n|t:|1700832429\n|move|p2a: Clefable|Protect|p2a: Clefable\n|-singleturn|p2a: Clefable|Protect\n|move|p1a: Tapu Lele|Psychic|p2a: Clefable\n|-activate|p2a: Clefable|move: Protect\n|\n|-heal|p2a: Clefable|74\/100|[from] move: Wish|[wisher] Clefable\n|-heal|p2a: Clefable|80\/100|[from] item: Leftovers\n|upkeep\n|turn|19\n|\n|t:|1700832442\n|switch|p2a: Skarmory|Skarmory, F|88\/100\n|-damage|p2a: Skarmory|76\/100|[from] Stealth Rock\n|move|p1a: Tapu Lele|Psychic|p2a: Skarmory\n|-resisted|p2a: Skarmory\n|-damage|p2a: Skarmory|12\/100\n|\n|upkeep\n|turn|20\n|\n|t:|1700832452\n|switch|p2a: Chansey|Chansey, F|57\/100\n|-damage|p2a: Chansey|45\/100|[from] Stealth Rock\n|move|p1a: Tapu Lele|Psychic|p2a: Chansey\n|-damage|p2a: Chansey|22\/100\n|\n|-fieldend|move: Psychic Terrain\n|upkeep\n|turn|21\n|\n|t:|1700832465\n|switch|p1a: Gliscor|Gliscor, M|100\/100 tox\n|move|p2a: Chansey|Soft-Boiled|p2a: Chansey\n|-heal|p2a: Chansey|72\/100\n|\n|upkeep\n|turn|22\n|\n|t:|1700832474\n|switch|p2a: Skarmory|Skarmory, F|12\/100\n|-damage|p2a: Skarmory|0 fnt|[from] Stealth Rock\n|faint|p2a: Skarmory\n|move|p1a: Gliscor|Facade|p2: Skarmory|[notarget]\n|-fail|p1a: Gliscor\n|\n|upkeep\n|\n|t:|1700832480\n|switch|p2a: Urshifu|Urshifu-Rapid-Strike, F|57\/100\n|-damage|p2a: Urshifu|51\/100|[from] Stealth Rock\n|turn|23\n|\n|t:|1700832492\n|move|p2a: Urshifu|Surging Strikes|p1a: Gliscor\n|-supereffective|p1a: Gliscor\n|-crit|p1a: Gliscor\n|-damage|p1a: Gliscor|64\/100 tox\n|-supereffective|p1a: Gliscor\n|-crit|p1a: Gliscor\n|-damage|p1a: Gliscor|26\/100 tox\n|-supereffective|p1a: Gliscor\n|-crit|p1a: Gliscor\n|-damage|p1a: Gliscor|0 fnt\n|faint|p1a: Gliscor\n|-hitcount|p1: Gliscor|3\n|\n|upkeep\n|\n|t:|1700832497\n|switch|p1a: Iron Valiant|Iron Valiant|82\/100 tox\n|turn|24\n|\n|t:|1700832505\n|switch|p2a: Chansey|Chansey, F|72\/100\n|-damage|p2a: Chansey|59\/100|[from] Stealth Rock\n|move|p1a: Iron Valiant|Moonblast|p2a: Chansey\n|-damage|p2a: Chansey|46\/100\n|\n|-damage|p1a: Iron Valiant|76\/100 tox|[from] psn\n|upkeep\n|turn|25\n|\n|t:|1700832514\n|-end|p1a: Iron Valiant|Quark Drive|[silent]\n|switch|p1a: Scizor|Scizor-Mega, M|92\/100\n|move|p2a: Chansey|Soft-Boiled|p2a: Chansey\n|-heal|p2a: Chansey|96\/100\n|\n|upkeep\n|turn|26\n|\n|t:|1700832522\n|switch|p2a: Toxapex|Toxapex, F, shiny|100\/100\n|-damage|p2a: Toxapex|88\/100|[from] Stealth Rock\n|move|p1a: Scizor|Swords Dance|p1a: Scizor\n|-boost|p1a: Scizor|atk|2\n|\n|-heal|p2a: Toxapex|94\/100|[from] item: Leftovers\n|upkeep\n|turn|27\n|\n|t:|1700832529\n|move|p1a: Scizor|Bullet Punch|p2a: Toxapex\n|-resisted|p2a: Toxapex\n|-damage|p2a: Toxapex|74\/100\n|move|p2a: Toxapex|Haze|p2a: Toxapex\n|-clearallboost\n|\n|-heal|p2a: Toxapex|80\/100|[from] item: Leftovers\n|upkeep\n|turn|28\n|\n|t:|1700832539\n|move|p1a: Scizor|Swords Dance|p1a: Scizor\n|-boost|p1a: Scizor|atk|2\n|move|p2a: Toxapex|Scald|p1a: Scizor\n|-damage|p1a: Scizor|76\/100\n|-status|p1a: Scizor|brn\n|\n|-heal|p2a: Toxapex|86\/100|[from] item: Leftovers\n|-damage|p1a: Scizor|70\/100 brn|[from] brn\n|upkeep\n|turn|29\n|\n|t:|1700832549\n|move|p1a: Scizor|U-turn|p2a: Toxapex\n|-resisted|p2a: Toxapex\n|-damage|p2a: Toxapex|76\/100\n|\n|t:|1700832552\n|switch|p1a: Tapu Lele|Tapu Lele|100\/100|[from] U-turn\n|-fieldstart|move: Psychic Terrain|[from] ability: Psychic Surge|[of] p1a: Tapu Lele\n|move|p2a: Toxapex|Haze|p2a: Toxapex\n|-clearallboost\n|\n|-heal|p2a: Toxapex|82\/100|[from] item: Leftovers\n|upkeep\n|turn|30\n|\n|t:|1700832561\n|switch|p2a: Chansey|Chansey, F|96\/100\n|-damage|p2a: Chansey|83\/100|[from] Stealth Rock\n|-terastallize|p1a: Tapu Lele|Psychic\n|move|p1a: Tapu Lele|Psychic|p2a: Chansey\n|-damage|p2a: Chansey|50\/100\n|\n|upkeep\n|turn|31\n|\n|t:|1700832580\n|move|p1a: Tapu Lele|Psychic|p2a: Chansey\n|-damage|p2a: Chansey|14\/100\n|move|p2a: Chansey|Soft-Boiled|p2a: Chansey\n|-heal|p2a: Chansey|64\/100\n|\n|upkeep\n|turn|32\n|\n|t:|1700832592\n|move|p1a: Tapu Lele|Psychic|p2a: Chansey\n|-damage|p2a: Chansey|31\/100\n|move|p2a: Chansey|Toxic|p1a: Tapu Lele|[miss]\n|-miss|p2a: Chansey|p1a: Tapu Lele\n|\n|upkeep\n|turn|33\n|inactive|FuecocoM67 has 120 seconds left.\n|\n|t:|1700832638\n|switch|p2a: Clefable|Clefable, F|80\/100\n|-damage|p2a: Clefable|68\/100|[from] Stealth Rock\n|move|p1a: Tapu Lele|Psychic|p2a: Clefable\n|-damage|p2a: Clefable|0 fnt\n|faint|p2a: Clefable\n|\n|-fieldend|move: Psychic Terrain\n|upkeep\n|\n|t:|1700832648\n|switch|p2a: Chansey|Chansey, F|31\/100\n|-damage|p2a: Chansey|18\/100|[from] Stealth Rock\n|turn|34\n|\n|t:|1700832652\n|move|p1a: Tapu Lele|Psychic|p2a: Chansey\n|-damage|p2a: Chansey|0 fnt\n|faint|p2a: Chansey\n|\n|upkeep\n|\n|t:|1700832659\n|switch|p2a: Urshifu|Urshifu-Rapid-Strike, F|51\/100\n|-damage|p2a: Urshifu|45\/100|[from] Stealth Rock\n|turn|35\n|\n|t:|1700832665\n|switch|p1a: Milotic|Milotic, M|100\/100\n|move|p2a: Urshifu|Surging Strikes|p1a: Milotic\n|-resisted|p1a: Milotic\n|-crit|p1a: Milotic\n|-damage|p1a: Milotic|88\/100\n|-resisted|p1a: Milotic\n|-crit|p1a: Milotic\n|-damage|p1a: Milotic|76\/100\n|-resisted|p1a: Milotic\n|-crit|p1a: Milotic\n|-damage|p1a: Milotic|64\/100\n|-hitcount|p1a: Milotic|3\n|\n|-heal|p1a: Milotic|71\/100|[from] item: Leftovers\n|upkeep\n|turn|36\n|inactive|FuecocoM67 has 120 seconds left.\n|\n|t:|1700832678\n|move|p2a: Urshifu|Close Combat|p1a: Milotic\n|-damage|p1a: Milotic|3\/100\n|-unboost|p2a: Urshifu|def|1\n|-unboost|p2a: Urshifu|spd|1\n|move|p1a: Milotic|Scald|p2a: Urshifu\n|-resisted|p2a: Urshifu\n|-damage|p2a: Urshifu|16\/100\n|\n|-heal|p1a: Milotic|9\/100|[from] item: Leftovers\n|upkeep\n|turn|37\n|inactive|FuecocoM67 has 120 seconds left.\n|\n|t:|1700832699\n|move|p2a: Urshifu|Trailblaze|p1a: Milotic\n|-supereffective|p1a: Milotic\n|-damage|p1a: Milotic|0 fnt\n|-boost|p2a: Urshifu|spe|1\n|faint|p1a: Milotic\n|\n|upkeep\n|\n|t:|1700832703\n|switch|p1a: Scizor|Scizor-Mega, M|70\/100 brn\n|turn|38\n|inactive|FuecocoM67 has 120 seconds left.\n|\n|t:|1700832709\n|switch|p2a: Toxapex|Toxapex, F, shiny|100\/100\n|-damage|p2a: Toxapex|88\/100|[from] Stealth Rock\n|move|p1a: Scizor|U-turn|p2a: Toxapex\n|-resisted|p2a: Toxapex\n|-damage|p2a: Toxapex|83\/100\n|\n|t:|1700832715\n|switch|p1a: Tapu Lele|Tapu Lele, tera:Psychic|100\/100|[from] U-turn\n|-fieldstart|move: Psychic Terrain|[from] ability: Psychic Surge|[of] p1a: Tapu Lele\n|\n|-heal|p2a: Toxapex|89\/100|[from] item: Leftovers\n|upkeep\n|turn|39\n|inactive|FuecocoM67 has 120 seconds left.\n|l|\u2606FuecocoM67\n|inactive|FuecocoM67 disconnected and has a minute to reconnect!\n|player|p2|\n|inactive|FuecocoM67 has 30 seconds to reconnect!\n|inactive|FuecocoM67 has 20 seconds to reconnect!\n|inactive|FuecocoM67 has 15 seconds to reconnect!\n|inactive|FuecocoM67 has 10 seconds to reconnect!\n|inactive|FuecocoM67 has 5 seconds to reconnect!\n|-message|FuecocoM67 lost due to inactivity.\n|\n|win|turtle lover 069\n|raw|turtle lover 069's rating: 1309 &rarr; <strong>1324<\/strong><br \/>(+15 for winning)\n|raw|FuecocoM67's rating: 1212 &rarr; <strong>1194<\/strong><br \/>(-18 for losing)\n","uploadtime":1700832807,"views":6,"p1id":"turtlelover069","p2id":"fuecocom67","formatid":"gen9nationaldex","rating":1194,"private":0,"password":""}