{"id":"gen9nationaldex-1992109994","p1":"AHumanoidBeing","p2":"AlanoMestrePokemon","format":"[Gen 9] National Dex","log":"|j|\u2606AHumanoidBeing\n|j|\u2606AlanoMestrePokemon\n|t:|1700155911\n|gametype|singles\n|player|p1|AHumanoidBeing|benga|1193\n|player|p2|AlanoMestrePokemon|dawn-masters3|1077\n|teamsize|p1|6\n|teamsize|p2|6\n|gen|9\n|tier|[Gen 9] National Dex\n|rated|\n|rule|HP Percentage Mod: HP is shown in percentages\n|rule|Endless Battle Clause: Forcing endless battles is banned\n|rule|OHKO Clause: OHKO moves are banned\n|rule|Evasion Clause: Evasion abilities, items, and moves are banned\n|rule|Evasion Abilities Clause: Evasion abilities are banned\n|rule|Evasion Items Clause: Evasion items are banned\n|rule|Evasion Moves Clause: Evasion moves are banned\n|rule|Species Clause: Limit one of each Pok\u00e9mon\n|rule|Sleep Clause Mod: Limit one foe put to sleep\n|clearpoke\n|poke|p1|Galvantula, F|\n|poke|p1|Volcarona, M|\n|poke|p1|Scolipede, F|\n|poke|p1|Pinsir, M|\n|poke|p1|Scizor, F|\n|poke|p1|Armaldo, F|\n|poke|p2|Lairon, M|\n|poke|p2|Masquerain, F|\n|poke|p2|Banette, M|\n|poke|p2|Thievul, F|\n|poke|p2|Tapu Koko|\n|poke|p2|Zapdos|\n|teampreview\n|\n|t:|1700155935\n|start\n|switch|p1a: Galvantula|Galvantula, F|100\/100\n|switch|p2a: Masquerain|Masquerain, F|100\/100\n|-ability|p2a: Masquerain|Intimidate|boost\n|-unboost|p1a: Galvantula|atk|1\n|turn|1\n|c|\u2606AlanoMestrePokemon|Hello\n|c|\u2606AlanoMestrePokemon|What do u think of my team?\n|c|\u2606AlanoMestrePokemon|I tried to make the team looks good\n|\n|t:|1700155961\n|move|p1a: Galvantula|Thunder Wave|p2a: Masquerain\n|-status|p2a: Masquerain|par\n|cant|p2a: Masquerain|par\n|\n|upkeep\n|turn|2\n|c|\u2606AHumanoidBeing|Dont really see theival or lairon much\n|c|\u2606AlanoMestrePokemon|Oh\n|c|\u2606AHumanoidBeing|But with good strats, you it could do well\n|c|\u2606AlanoMestrePokemon|But I like them\n|c|\u2606AlanoMestrePokemon|I think agrron never needed to be bipedal\n|c|\u2606AHumanoidBeing|Well every pokemon can be used well if you use good strategys, though some are a bit advantaged\n|c|\u2606AlanoMestrePokemon|Oh\n|c|\u2606AHumanoidBeing|With busted abilitys or just great stats\n|c|\u2606AlanoMestrePokemon|Ok\n|\n|t:|1700156037\n|move|p1a: Galvantula|Thunder|p2a: Masquerain\n|-supereffective|p2a: Masquerain\n|-damage|p2a: Masquerain|17\/100 par\n|move|p2a: Masquerain|Sticky Web|p1a: Galvantula\n|-sidestart|p1: AHumanoidBeing|move: Sticky Web\n|\n|upkeep\n|turn|3\n|\n|t:|1700156044\n|move|p1a: Galvantula|Sticky Web|p2a: Masquerain\n|-sidestart|p2: AlanoMestrePokemon|move: Sticky Web\n|move|p2a: Masquerain|Whirlwind|p1a: Galvantula\n|drag|p1a: Volcarona|Volcarona, M|100\/100\n|\n|upkeep\n|turn|4\n|\n|t:|1700156050\n|move|p1a: Volcarona|Fiery Dance|p2a: Masquerain\n|-supereffective|p2a: Masquerain\n|-damage|p2a: Masquerain|0 fnt\n|-boost|p1a: Volcarona|spa|1\n|faint|p2a: Masquerain\n|\n|upkeep\n|\n|t:|1700156055\n|switch|p2a: Zapdos|Zapdos|100\/100\n|-ability|p2a: Zapdos|Pressure\n|turn|5\n|\n|t:|1700156058\n|move|p2a: Zapdos|Ancient Power|p1a: Volcarona\n|-supereffective|p1a: Volcarona\n|-damage|p1a: Volcarona|0 fnt\n|faint|p1a: Volcarona\n|\n|upkeep\n|\n|t:|1700156063\n|switch|p1a: Armaldo|Armaldo, F|100\/100\n|turn|6\n|\n|t:|1700156068\n|move|p2a: Zapdos|Ancient Power|p1a: Armaldo\n|-supereffective|p1a: Armaldo\n|-damage|p1a: Armaldo|30\/100\n|-boost|p2a: Zapdos|atk|1\n|-boost|p2a: Zapdos|def|1\n|-boost|p2a: Zapdos|spa|1\n|-boost|p2a: Zapdos|spd|1\n|-boost|p2a: Zapdos|spe|1\n|move|p1a: Armaldo|Rapid Spin|p2a: Zapdos\n|-damage|p2a: Zapdos|88\/100\n|-boost|p1a: Armaldo|spe|1\n|-sideend|p1: AHumanoidBeing|Sticky Web|[from] move: Rapid Spin|[of] p1a: Armaldo\n|\n|upkeep\n|turn|7\n|\n|t:|1700156071\n|move|p2a: Zapdos|Ancient Power|p1a: Armaldo\n|-supereffective|p1a: Armaldo\n|-damage|p1a: Armaldo|0 fnt\n|-boost|p2a: Zapdos|atk|1\n|-boost|p2a: Zapdos|def|1\n|-boost|p2a: Zapdos|spa|1\n|-boost|p2a: Zapdos|spd|1\n|-boost|p2a: Zapdos|spe|1\n|faint|p1a: Armaldo\n|\n|upkeep\n|c|\u2606AlanoMestrePokemon|Oh\n|c|\u2606AHumanoidBeing|I think I've just lost\n|c|\u2606AlanoMestrePokemon|I wasted all my luck in life in this 2 turns\n|c|\u2606AHumanoidBeing|That has a miniscule chance of happening\n|\n|t:|1700156106\n|switch|p1a: Galvantula|Galvantula, F|100\/100\n|turn|8\n|\n|t:|1700156115\n|move|p2a: Zapdos|Ancient Power|p1a: Galvantula\n|-supereffective|p1a: Galvantula\n|-enditem|p1a: Galvantula|Focus Sash\n|-damage|p1a: Galvantula|1\/100\n|move|p1a: Galvantula|Thunder|p2a: Zapdos\n|-damage|p2a: Zapdos|63\/100\n|\n|upkeep\n|turn|9\n|c|\u2606AlanoMestrePokemon|Yeah\n|\n|t:|1700156131\n|move|p2a: Zapdos|Ancient Power|p1a: Galvantula\n|-supereffective|p1a: Galvantula\n|-damage|p1a: Galvantula|0 fnt\n|-boost|p2a: Zapdos|atk|1\n|-boost|p2a: Zapdos|def|1\n|-boost|p2a: Zapdos|spa|1\n|-boost|p2a: Zapdos|spd|1\n|-boost|p2a: Zapdos|spe|1\n|faint|p1a: Galvantula\n|\n|upkeep\n|c|\u2606AHumanoidBeing|WHAT THE\n|c|\u2606AHumanoidBeing|THREE?!\n|c|\u2606AlanoMestrePokemon|Man ima be unlucke for the rest of my life\n|\n|t:|1700156156\n|switch|p1a: Pinsir|Pinsir, M|100\/100\n|turn|10\n|c|\u2606AlanoMestrePokemon|Ima be a fucking homeless if I waste all my luck in this\n|\n|t:|1700156181\n|detailschange|p1a: Pinsir|Pinsir-Mega, M\n|-mega|p1a: Pinsir|Pinsir|Pinsirite\n|move|p1a: Pinsir|Quick Attack|p2a: Zapdos\n|-resisted|p2a: Zapdos\n|-damage|p2a: Zapdos|56\/100\n|move|p2a: Zapdos|Ancient Power|p1a: Pinsir\n|-supereffective|p1a: Pinsir\n|-damage|p1a: Pinsir|0 fnt\n|faint|p1a: Pinsir\n|\n|upkeep\n|\n|t:|1700156187\n|switch|p1a: Scolipede|Scolipede, F|100\/100\n|turn|11\n|\n|t:|1700156189\n|move|p1a: Scolipede|Protect|p1a: Scolipede\n|-singleturn|p1a: Scolipede|Protect\n|move|p2a: Zapdos|Ancient Power|p1a: Scolipede\n|-activate|p1a: Scolipede|move: Protect\n|\n|-ability|p1a: Scolipede|Speed Boost|boost\n|-boost|p1a: Scolipede|spe|1\n|upkeep\n|turn|12\n|\n|t:|1700156194\n|move|p2a: Zapdos|Ancient Power|p1a: Scolipede\n|-supereffective|p1a: Scolipede\n|-damage|p1a: Scolipede|0 fnt\n|faint|p1a: Scolipede\n|\n|upkeep\n|\n|t:|1700156198\n|switch|p1a: Scizor|Scizor, F|100\/100\n|turn|13\n|\n|t:|1700156202\n|move|p1a: Scizor|Bullet Punch|p2a: Zapdos\n|-resisted|p2a: Zapdos\n|-damage|p2a: Zapdos|47\/100\n|-activate|p2a: Zapdos|move: Struggle\n|move|p2a: Zapdos|Struggle|p1a: Scizor\n|-damage|p1a: Scizor|82\/100\n|-damage|p2a: Zapdos|22\/100|[from] recoil\n|\n|-heal|p1a: Scizor|88\/100|[from] item: Leftovers\n|upkeep\n|turn|14\n|\n|t:|1700156209\n|-activate|p2a: Zapdos|move: Struggle\n|move|p2a: Zapdos|Struggle|p1a: Scizor\n|-damage|p1a: Scizor|67\/100\n|-damage|p2a: Zapdos|0 fnt|[from] recoil\n|faint|p2a: Zapdos\n|move|p1a: Scizor|Swords Dance|p1a: Scizor\n|-boost|p1a: Scizor|atk|2\n|\n|-heal|p1a: Scizor|73\/100|[from] item: Leftovers\n|upkeep\n|c|\u2606AlanoMestrePokemon|I lost all my ancient power\n|\n|t:|1700156223\n|switch|p2a: Banette|Banette, M|100\/100\n|-activate|p2a: Banette|move: Sticky Web\n|-unboost|p2a: Banette|spe|1\n|turn|15\n|c|\u2606AHumanoidBeing|Thank goodness you were specs\n|\n|t:|1700156228\n|detailschange|p2a: Banette|Banette-Mega, M\n|-mega|p2a: Banette|Banette|Banettite\n|move|p1a: Scizor|Bullet Punch|p2a: Banette\n|-damage|p2a: Banette|19\/100\n|move|p2a: Banette|Swords Dance|p2a: Banette\n|-boost|p2a: Banette|atk|2\n|\n|-heal|p1a: Scizor|79\/100|[from] item: Leftovers\n|upkeep\n|turn|16\n|c|\u2606AlanoMestrePokemon|Yeah\n|\n|t:|1700156235\n|move|p1a: Scizor|Bullet Punch|p2a: Banette\n|-damage|p2a: Banette|0 fnt\n|faint|p2a: Banette\n|\n|-heal|p1a: Scizor|85\/100|[from] item: Leftovers\n|upkeep\n|\n|t:|1700156238\n|switch|p2a: Lairon|Lairon, M|100\/100\n|-activate|p2a: Lairon|move: Sticky Web\n|-unboost|p2a: Lairon|spe|1\n|turn|17\n|c|\u2606AHumanoidBeing|Though I think I still lose\n|\n|t:|1700156246\n|move|p1a: Scizor|Bullet Punch|p2a: Lairon\n|-damage|p2a: Lairon|74\/100\n|move|p2a: Lairon|Body Press|p1a: Scizor\n|-crit|p1a: Scizor\n|-damage|p1a: Scizor|41\/100\n|\n|-heal|p1a: Scizor|47\/100|[from] item: Leftovers\n|upkeep\n|turn|18\n|\n|t:|1700156254\n|move|p1a: Scizor|Swords Dance|p1a: Scizor\n|-boost|p1a: Scizor|atk|2\n|move|p2a: Lairon|Body Press|p1a: Scizor\n|-damage|p1a: Scizor|15\/100\n|\n|-heal|p1a: Scizor|21\/100|[from] item: Leftovers\n|upkeep\n|turn|19\n|\n|t:|1700156260\n|move|p1a: Scizor|Bullet Punch|p2a: Lairon\n|-damage|p2a: Lairon|34\/100\n|move|p2a: Lairon|Body Press|p1a: Scizor\n|-damage|p1a: Scizor|0 fnt\n|faint|p1a: Scizor\n|\n|win|AlanoMestrePokemon\n|raw|AHumanoidBeing's rating: 1193 &rarr; <strong>1160<\/strong><br \/>(-33 for losing)\n|raw|AlanoMestrePokemon's rating: 1077 &rarr; <strong>1115<\/strong><br \/>(+38 for winning)\n|c|\u2606AlanoMestrePokemon|Gg\n|c|\u2606AHumanoidBeing|gg\n","uploadtime":1700156270,"views":8,"p1id":"ahumanoidbeing","p2id":"alanomestrepokemon","formatid":"gen9nationaldex","rating":1115,"private":0,"password":""}