{"id":"gen9nationaldex-1987303694","p1":"TheBattleBard","p2":"steals many wives","format":"[Gen 9] National Dex","log":"|j|\u2606TheBattleBard\n|j|\u2606steals many wives\n|t:|1699575252\n|gametype|singles\n|player|p1|TheBattleBard|petrel|1193\n|player|p2|steals many wives|waitress|1130\n|teamsize|p1|6\n|teamsize|p2|6\n|gen|9\n|tier|[Gen 9] National Dex\n|rated|\n|rule|HP Percentage Mod: HP is shown in percentages\n|rule|Endless Battle Clause: Forcing endless battles is banned\n|rule|OHKO Clause: OHKO moves are banned\n|rule|Evasion Clause: Evasion abilities, items, and moves are banned\n|rule|Evasion Abilities Clause: Evasion abilities are banned\n|rule|Evasion Items Clause: Evasion items are banned\n|rule|Evasion Moves Clause: Evasion moves are banned\n|rule|Species Clause: Limit one of each Pok\u00e9mon\n|rule|Sleep Clause Mod: Limit one foe put to sleep\n|clearpoke\n|poke|p1|Chatot, M|\n|poke|p1|Kricketune, M|\n|poke|p1|Munchlax, M|\n|poke|p1|Simisear, M|\n|poke|p1|Vanilluxe, M|\n|poke|p1|Drapion, M|\n|poke|p2|Volcarona, M|\n|poke|p2|Chandelure, F|\n|poke|p2|Rotom-Heat|\n|poke|p2|Victini|\n|poke|p2|Volcanion|\n|poke|p2|Camerupt, M|\n|teampreview\n|\n|t:|1699575260\n|start\n|switch|p1a: Brook|Kricketune, M|100\/100\n|switch|p2a: Vesuvius|Camerupt, M|100\/100\n|turn|1\n|\n|t:|1699575268\n|detailschange|p2a: Vesuvius|Camerupt-Mega, M\n|-mega|p2a: Vesuvius|Camerupt|Cameruptite\n|move|p1a: Brook|Taunt|p2a: Vesuvius\n|-start|p2a: Vesuvius|move: Taunt\n|move|p2a: Vesuvius|Flamethrower|p1a: Brook\n|-supereffective|p1a: Brook\n|-enditem|p1a: Brook|Focus Sash\n|-damage|p1a: Brook|1\/100\n|\n|upkeep\n|turn|2\n|\n|t:|1699575276\n|move|p1a: Brook|Sticky Web|p2a: Vesuvius\n|-sidestart|p2: steals many wives|move: Sticky Web\n|move|p2a: Vesuvius|Flamethrower|p1a: Brook\n|-supereffective|p1a: Brook\n|-damage|p1a: Brook|0 fnt\n|faint|p1a: Brook\n|\n|upkeep\n|\n|t:|1699575281\n|switch|p1a: Isaac|Vanilluxe, M|100\/100\n|-weather|Snow|[from] ability: Snow Warning|[of] p1a: Isaac\n|turn|3\n|\n|t:|1699575286\n|move|p2a: Vesuvius|Flamethrower|p1a: Isaac\n|-supereffective|p1a: Isaac\n|-damage|p1a: Isaac|32\/100\n|move|p1a: Isaac|Mirror Coat|p2a: Vesuvius\n|-damage|p2a: Vesuvius|0 fnt\n|faint|p2a: Vesuvius\n|\n|-weather|Snow|[upkeep]\n|upkeep\n|\n|t:|1699575295\n|switch|p2a: Easy Bake|Rotom-Heat|100\/100\n|turn|4\n|\n|t:|1699575299\n|move|p2a: Easy Bake|Defog|p1a: Isaac\n|-unboost|p1a: Isaac|evasion|1\n|-sideend|p2: steals many wives|Sticky Web|[from] move: Defog|[of] p2a: Easy Bake\n|move|p1a: Isaac|Mirror Coat||[still]\n|-fail|p1a: Isaac\n|\n|-weather|Snow|[upkeep]\n|upkeep\n|turn|5\n|\n|t:|1699575309\n|move|p2a: Easy Bake|Overheat|p1a: Isaac\n|-supereffective|p1a: Isaac\n|-crit|p1a: Isaac\n|-damage|p1a: Isaac|0 fnt\n|-unboost|p2a: Easy Bake|spa|2\n|-enditem|p2a: Easy Bake|White Herb\n|-clearnegativeboost|p2a: Easy Bake|[silent]\n|faint|p1a: Isaac\n|\n|-weather|Snow|[upkeep]\n|upkeep\n|\n|t:|1699575323\n|switch|p1a: Chowder|Munchlax, M|100\/100\n|turn|6\n|\n|t:|1699575327\n|move|p2a: Easy Bake|Overheat|p1a: Chowder\n|-damage|p1a: Chowder|85\/100\n|-unboost|p2a: Easy Bake|spa|2\n|move|p1a: Chowder|Rock Tomb|p2a: Easy Bake\n|-supereffective|p2a: Easy Bake\n|-damage|p2a: Easy Bake|70\/100\n|-unboost|p2a: Easy Bake|spe|1\n|\n|-weather|Snow|[upkeep]\n|upkeep\n|turn|7\n|c|\u2606steals many wives|Oh, he is thicc\n|\n|t:|1699575344\n|move|p2a: Easy Bake|Sucker Punch|p1a: Chowder\n|-crit|p1a: Chowder\n|-damage|p1a: Chowder|75\/100\n|move|p1a: Chowder|Rock Tomb|p2a: Easy Bake\n|-supereffective|p2a: Easy Bake\n|-damage|p2a: Easy Bake|39\/100\n|-unboost|p2a: Easy Bake|spe|1\n|\n|-weather|none\n|upkeep\n|turn|8\n|\n|t:|1699575358\n|move|p2a: Easy Bake|Volt Switch|p1a: Chowder\n|-damage|p1a: Chowder|67\/100\n|\n|t:|1699575362\n|switch|p2a: Living Onsen|Volcanion|100\/100|[from] Volt Switch\n|move|p1a: Chowder|Body Slam|p2a: Living Onsen\n|-damage|p2a: Living Onsen|77\/100\n|-status|p2a: Living Onsen|par\n|\n|upkeep\n|turn|9\n|\n|t:|1699575370\n|move|p2a: Living Onsen|Steam Eruption|p1a: Chowder\n|-damage|p1a: Chowder|38\/100\n|move|p1a: Chowder|Rock Tomb|p2a: Living Onsen\n|-supereffective|p2a: Living Onsen\n|-damage|p2a: Living Onsen|56\/100 par\n|-unboost|p2a: Living Onsen|spe|1\n|\n|upkeep\n|turn|10\n|\n|t:|1699575378\n|move|p2a: Living Onsen|Steam Eruption|p1a: Chowder\n|-damage|p1a: Chowder|9\/100\n|move|p1a: Chowder|Rock Tomb|p2a: Living Onsen\n|-supereffective|p2a: Living Onsen\n|-damage|p2a: Living Onsen|36\/100 par\n|-unboost|p2a: Living Onsen|spe|1\n|\n|upkeep\n|turn|11\n|\n|t:|1699575388\n|move|p1a: Chowder|Body Slam|p2a: Living Onsen\n|-damage|p2a: Living Onsen|13\/100 par\n|move|p2a: Living Onsen|Steam Eruption|p1a: Chowder\n|-damage|p1a: Chowder|0 fnt\n|faint|p1a: Chowder\n|\n|upkeep\n|\n|t:|1699575391\n|switch|p1a: Van ogre|Drapion, M|100\/100\n|turn|12\n|\n|t:|1699575401\n|move|p1a: Van ogre|Earthquake|p2a: Living Onsen\n|-supereffective|p2a: Living Onsen\n|-damage|p2a: Living Onsen|0 fnt\n|faint|p2a: Living Onsen\n|\n|upkeep\n|\n|t:|1699575411\n|switch|p2a: Easy Bake|Rotom-Heat|39\/100\n|turn|13\n|\n|t:|1699575414\n|move|p1a: Van ogre|Cross Poison|p2a: Easy Bake\n|-crit|p2a: Easy Bake\n|-damage|p2a: Easy Bake|0 fnt\n|faint|p2a: Easy Bake\n|\n|upkeep\n|\n|t:|1699575433\n|switch|p2a: Praise The Sun!|Volcarona, M|100\/100\n|turn|14\n|\n|t:|1699575443\n|-terastallize|p1a: Van ogre|Poison\n|move|p2a: Praise The Sun!|Fiery Dance|p1a: Van ogre\n|-damage|p1a: Van ogre|33\/100\n|move|p1a: Van ogre|Cross Poison|p2a: Praise The Sun!\n|-damage|p2a: Praise The Sun!|43\/100\n|-status|p1a: Van ogre|brn|[from] ability: Flame Body|[of] p2a: Praise The Sun!\n|\n|-damage|p1a: Van ogre|27\/100 brn|[from] brn\n|upkeep\n|turn|15\n|\n|t:|1699575454\n|move|p2a: Praise The Sun!|Fiery Dance|p1a: Van ogre\n|-damage|p1a: Van ogre|0 fnt\n|faint|p1a: Van ogre\n|\n|upkeep\n|\n|t:|1699575457\n|switch|p1a: Rengoku|Simisear, M|100\/100\n|turn|16\n|\n|t:|1699575463\n|move|p1a: Rengoku|Fire Blast|p2a: Praise The Sun!\n|-damage|p2a: Praise The Sun!|0 fnt\n|faint|p2a: Praise The Sun!\n|\n|upkeep\n|c|\u2606steals many wives|AH\n|\n|t:|1699575470\n|switch|p2a: I Love Lamp|Chandelure, F, shiny|100\/100\n|turn|17\n|\n|t:|1699575475\n|switch|p1a: Present mic|Chatot, M|100\/100\n|move|p2a: I Love Lamp|Flamethrower|p1a: Present mic\n|-damage|p1a: Present mic|0 fnt\n|faint|p1a: Present mic\n|\n|upkeep\n|-message|TheBattleBard forfeited.\n|\n|win|steals many wives\n|raw|TheBattleBard's rating: 1193 &rarr; <strong>1164<\/strong><br \/>(-29 for losing)\n|raw|steals many wives's rating: 1130 &rarr; <strong>1159<\/strong><br \/>(+29 for winning)\n|l|\u2606TheBattleBard\n","uploadtime":1699575485,"views":5,"p1id":"thebattlebard","p2id":"stealsmanywives","formatid":"gen9nationaldex","rating":1159,"private":0,"password":""}