{"id":"gen9nationaldex-1990380686","p1":"paomianbujiashui","p2":"bpmw07112","format":"[Gen 9] National Dex","log":"|j|\u2606paomianbujiashui\n|j|\u2606bpmw07112\n|t:|1699964702\n|gametype|singles\n|player|p1|paomianbujiashui|1|1081\n|player|p2|bpmw07112|lana|1000\n|teamsize|p1|6\n|teamsize|p2|6\n|gen|9\n|tier|[Gen 9] National Dex\n|rated|\n|rule|HP Percentage Mod: HP is shown in percentages\n|rule|Endless Battle Clause: Forcing endless battles is banned\n|rule|OHKO Clause: OHKO moves are banned\n|rule|Evasion Clause: Evasion abilities, items, and moves are banned\n|rule|Evasion Abilities Clause: Evasion abilities are banned\n|rule|Evasion Items Clause: Evasion items are banned\n|rule|Evasion Moves Clause: Evasion moves are banned\n|rule|Species Clause: Limit one of each Pok\u00e9mon\n|rule|Sleep Clause Mod: Limit one foe put to sleep\n|clearpoke\n|poke|p1|Chansey, F|\n|poke|p1|Glimmora, F|\n|poke|p1|Dondozo, F|\n|poke|p1|Toxapex, M|\n|poke|p1|Milotic, F|\n|poke|p1|Banette, F|\n|poke|p2|Corsola-Galar, F|\n|poke|p2|Morpeko, M|\n|poke|p2|Weezing, M|\n|poke|p2|Hitmonchan, M|\n|poke|p2|Dragonite, M|\n|poke|p2|Mr. Mime, F|\n|teampreview\n|\n|t:|1699964710\n|start\n|switch|p1a: Glimmora|Glimmora, F|100\/100\n|switch|p2a: Weezing|Weezing, M|100\/100\n|turn|1\n|inactive|Battle timer is ON: inactive players will automatically lose when time's up. (requested by bpmw07112)\n|\n|t:|1699964730\n|switch|p2a: Hitmonchan|Hitmonchan, M|100\/100\n|move|p1a: Glimmora|Stealth Rock|p2a: Hitmonchan\n|-sidestart|p2: bpmw07112|move: Stealth Rock\n|\n|upkeep\n|turn|2\n|\n|t:|1699964738\n|move|p2a: Hitmonchan|Drain Punch|p1a: Glimmora\n|-damage|p1a: Glimmora|65\/100\n|-activate|p1a: Glimmora|ability: Toxic Debris\n|-sidestart|p2: bpmw07112|move: Toxic Spikes\n|-enditem|p1a: Glimmora|Red Card|[of] p2a: Hitmonchan\n|drag|p2a: Morpeko|Morpeko, M|100\/100\n|-damage|p2a: Morpeko|88\/100|[from] Stealth Rock\n|-status|p2a: Morpeko|psn\n|move|p1a: Glimmora|Spikes|p2a: Morpeko\n|-sidestart|p2: bpmw07112|Spikes\n|\n|-damage|p2a: Morpeko|76\/100 psn|[from] psn\n|-formechange|p2a: Morpeko|Morpeko-Hangry||[from] ability: Hunger Switch\n|upkeep\n|turn|3\n|\n|t:|1699964755\n|move|p2a: Morpeko|Aura Wheel|p1a: Glimmora\n|-damage|p1a: Glimmora|29\/100\n|-boost|p2a: Morpeko|spe|1\n|-activate|p1a: Glimmora|ability: Toxic Debris\n|-sidestart|p2: bpmw07112|move: Toxic Spikes\n|move|p1a: Glimmora|Spikes|p2a: Morpeko\n|-sidestart|p2: bpmw07112|Spikes\n|\n|-damage|p2a: Morpeko|63\/100 psn|[from] psn\n|-formechange|p2a: Morpeko|Morpeko||[from] ability: Hunger Switch\n|upkeep\n|turn|4\n|\n|t:|1699964772\n|switch|p1a: Milotic|Milotic, F|100\/100\n|move|p2a: Morpeko|Aura Wheel|p1a: Milotic\n|-supereffective|p1a: Milotic\n|-damage|p1a: Milotic|21\/100\n|-boost|p2a: Morpeko|spe|1\n|\n|-damage|p2a: Morpeko|51\/100 psn|[from] psn\n|-status|p1a: Milotic|brn|[from] item: Flame Orb\n|-formechange|p2a: Morpeko|Morpeko-Hangry||[from] ability: Hunger Switch\n|upkeep\n|turn|5\n|\n|t:|1699964788\n|switch|p1a: Toxapex|Toxapex, M|100\/100\n|move|p2a: Morpeko|Aura Wheel|p1a: Toxapex\n|-damage|p1a: Toxapex|67\/100\n|-boost|p2a: Morpeko|spe|1\n|\n|-damage|p2a: Morpeko|38\/100 psn|[from] psn\n|-formechange|p2a: Morpeko|Morpeko||[from] ability: Hunger Switch\n|upkeep\n|turn|6\n|inactive|paomianbujiashui has 120 seconds left.\n|\n|t:|1699964803\n|move|p2a: Morpeko|Aura Wheel|p1a: Toxapex\n|-supereffective|p1a: Toxapex\n|-damage|p1a: Toxapex|0 fnt\n|-boost|p2a: Morpeko|spe|1\n|faint|p1a: Toxapex\n|\n|-damage|p2a: Morpeko|26\/100 psn|[from] psn\n|-formechange|p2a: Morpeko|Morpeko-Hangry||[from] ability: Hunger Switch\n|upkeep\n|inactive|paomianbujiashui has 120 seconds left.\n|\n|t:|1699964818\n|switch|p1a: Chansey|Chansey, F|100\/100\n|turn|7\n|inactive|paomianbujiashui has 120 seconds left.\n|\n|t:|1699964825\n|move|p2a: Morpeko|Aura Wheel|p1a: Chansey\n|-damage|p1a: Chansey|69\/100\n|-boost|p2a: Morpeko|spe|1\n|move|p1a: Chansey|Soft-Boiled|p1a: Chansey\n|-heal|p1a: Chansey|100\/100\n|\n|-damage|p2a: Morpeko|13\/100 psn|[from] psn\n|-formechange|p2a: Morpeko|Morpeko||[from] ability: Hunger Switch\n|upkeep\n|turn|8\n|inactive|paomianbujiashui has 120 seconds left.\n|\n|t:|1699964840\n|switch|p2a: Hitmonchan|Hitmonchan, M|100\/100\n|-damage|p2a: Hitmonchan|94\/100|[from] Stealth Rock\n|-status|p2a: Hitmonchan|tox\n|-damage|p2a: Hitmonchan|78\/100 tox|[from] Spikes\n|move|p1a: Chansey|Soft-Boiled||[still]\n|-fail|p1a: Chansey|heal\n|\n|-damage|p2a: Hitmonchan|72\/100 tox|[from] psn\n|upkeep\n|turn|9\n|inactive|paomianbujiashui has 120 seconds left.\n|\n|t:|1699964860\n|switch|p1a: Banette|Banette, F|100\/100\n|move|p2a: Hitmonchan|Rapid Spin|p1a: Banette\n|-immune|p1a: Banette\n|\n|-damage|p2a: Hitmonchan|60\/100 tox|[from] psn\n|upkeep\n|turn|10\n|inactive|bpmw07112 has 120 seconds left.\n|\n|t:|1699964889\n|switch|p2a: Dragonite|Dragonite, M|100\/100\n|detailschange|p1a: Banette|Banette-Mega, F\n|-mega|p1a: Banette|Banette|Banettite\n|move|p1a: Banette|Swords Dance|p1a: Banette\n|-boost|p1a: Banette|atk|2\n|\n|upkeep\n|turn|11\n|inactive|bpmw07112 has 120 seconds left.\n|\n|t:|1699964905\n|-terastallize|p2a: Dragonite|Normal\n|move|p1a: Banette|Thunder Wave|p2a: Dragonite\n|-status|p2a: Dragonite|par\n|cant|p2a: Dragonite|par\n|\n|upkeep\n|turn|12\n|inactive|paomianbujiashui has 90 seconds left.\n|\n|t:|1699964927\n|switch|p1a: Dondozo|Dondozo, F|100\/100\n|cant|p2a: Dragonite|par\n|\n|upkeep\n|turn|13\n|\n|t:|1699964934\n|switch|p2a: Hitmonchan|Hitmonchan, M|60\/100 tox\n|-damage|p2a: Hitmonchan|54\/100 tox|[from] Stealth Rock\n|-damage|p2a: Hitmonchan|38\/100 tox|[from] Spikes\n|move|p1a: Dondozo|Body Press|p2a: Hitmonchan\n|-damage|p2a: Hitmonchan|0 fnt\n|faint|p2a: Hitmonchan\n|\n|upkeep\n|inactive|bpmw07112 has 120 seconds left.\n|\n|t:|1699964950\n|switch|p2a: Corsola|Corsola-Galar, F|100\/100\n|-damage|p2a: Corsola|88\/100|[from] Stealth Rock\n|-status|p2a: Corsola|tox\n|-damage|p2a: Corsola|71\/100 tox|[from] Spikes\n|turn|14\n|\n|t:|1699964959\n|move|p2a: Corsola|Will-O-Wisp|p1a: Dondozo\n|-status|p1a: Dondozo|brn\n|move|p1a: Dondozo|Heavy Slam|p2a: Corsola\n|-damage|p2a: Corsola|63\/100 tox\n|\n|-damage|p2a: Corsola|57\/100 tox|[from] psn\n|-damage|p1a: Dondozo|94\/100 brn|[from] brn\n|upkeep\n|turn|15\n|\n|t:|1699964977\n|switch|p1a: Milotic|Milotic, F|21\/100 brn\n|move|p2a: Corsola|Strength Sap|p1a: Milotic\n|-unboost|p1a: Milotic|atk|1\n|-heal|p2a: Corsola|92\/100 tox\n|\n|-damage|p2a: Corsola|79\/100 tox|[from] psn\n|-damage|p1a: Milotic|15\/100 brn|[from] brn\n|upkeep\n|turn|16\n|\n|t:|1699964988\n|move|p1a: Milotic|Recover|p1a: Milotic\n|-heal|p1a: Milotic|65\/100 brn\n|move|p2a: Corsola|Shadow Ball|p1a: Milotic\n|-damage|p1a: Milotic|53\/100 brn\n|\n|-damage|p2a: Corsola|61\/100 tox|[from] psn\n|-damage|p1a: Milotic|46\/100 brn|[from] brn\n|upkeep\n|turn|17\n|\n|t:|1699965005\n|move|p1a: Milotic|Recover|p1a: Milotic\n|-heal|p1a: Milotic|96\/100 brn\n|move|p2a: Corsola|Stealth Rock|p1a: Milotic\n|-sidestart|p1: paomianbujiashui|move: Stealth Rock\n|\n|-damage|p2a: Corsola|36\/100 tox|[from] psn\n|-damage|p1a: Milotic|90\/100 brn|[from] brn\n|upkeep\n|turn|18\n|\n|t:|1699965016\n|move|p1a: Milotic|Scald|p2a: Corsola\n|-damage|p2a: Corsola|16\/100 tox\n|move|p2a: Corsola|Strength Sap|p1a: Milotic\n|-unboost|p1a: Milotic|atk|1\n|-heal|p2a: Corsola|39\/100 tox\n|\n|-damage|p2a: Corsola|8\/100 tox|[from] psn\n|-damage|p1a: Milotic|84\/100 brn|[from] brn\n|upkeep\n|turn|19\n|\n|t:|1699965029\n|move|p1a: Milotic|Scald|p2a: Corsola\n|-damage|p2a: Corsola|0 fnt\n|-start|p1a: Milotic|Disable|Scald|[from] ability: Cursed Body|[of] p2a: Corsola\n|faint|p2a: Corsola\n|\n|-damage|p1a: Milotic|78\/100 brn|[from] brn\n|upkeep\n|\n|t:|1699965032\n|switch|p2a: Morpeko|Morpeko, M|13\/100 psn\n|-damage|p2a: Morpeko|1\/100 psn|[from] Stealth Rock\n|-damage|p2a: Morpeko|0 fnt|[from] Spikes\n|faint|p2a: Morpeko\n|\n|t:|1699965041\n|switch|p2a: Dragonite|Dragonite, M, tera:Normal|100\/100 par\n|turn|20\n|\n|t:|1699965053\n|move|p1a: Milotic|Recover|p1a: Milotic\n|-heal|p1a: Milotic|100\/100 brn\n|move|p2a: Dragonite|Dragon Dance|p2a: Dragonite\n|-boost|p2a: Dragonite|atk|1\n|-boost|p2a: Dragonite|spe|1\n|\n|-damage|p1a: Milotic|94\/100 brn|[from] brn\n|upkeep\n|turn|21\n|\n|t:|1699965062\n|move|p1a: Milotic|Haze|p1a: Milotic\n|-clearallboost\n|move|p2a: Dragonite|Dragon Dance|p2a: Dragonite\n|-boost|p2a: Dragonite|atk|1\n|-boost|p2a: Dragonite|spe|1\n|\n|-damage|p1a: Milotic|88\/100 brn|[from] brn\n|upkeep\n|turn|22\n|inactive|paomianbujiashui has 120 seconds left.\n|\n|t:|1699965075\n|move|p2a: Dragonite|Extreme Speed|p1a: Milotic\n|-damage|p1a: Milotic|52\/100 brn\n|move|p1a: Milotic|Haze|p1a: Milotic\n|-clearallboost\n|\n|-damage|p1a: Milotic|46\/100 brn|[from] brn\n|-end|p1a: Milotic|Disable\n|upkeep\n|turn|23\n|inactive|paomianbujiashui has 120 seconds left.\n|\n|t:|1699965099\n|switch|p1a: Dondozo|Dondozo, F|94\/100 brn\n|-damage|p1a: Dondozo|82\/100 brn|[from] Stealth Rock\n|cant|p2a: Dragonite|par\n|\n|-heal|p1a: Dondozo|88\/100 brn|[from] item: Leftovers\n|-damage|p1a: Dondozo|82\/100 brn|[from] brn\n|upkeep\n|turn|24\n|\n|t:|1699965112\n|move|p2a: Dragonite|Extreme Speed|p1a: Dondozo\n|-damage|p1a: Dondozo|60\/100 brn\n|move|p1a: Dondozo|Body Press|p2a: Dragonite\n|-supereffective|p2a: Dragonite\n|-damage|p2a: Dragonite|84\/100 par\n|\n|-heal|p1a: Dondozo|66\/100 brn|[from] item: Leftovers\n|-damage|p1a: Dondozo|60\/100 brn|[from] brn\n|upkeep\n|turn|25\n|\n|t:|1699965126\n|move|p2a: Dragonite|Extreme Speed|p1a: Dondozo\n|-damage|p1a: Dondozo|37\/100 brn\n|move|p1a: Dondozo|Avalanche|p2a: Dragonite\n|-damage|p2a: Dragonite|64\/100 par\n|\n|-heal|p1a: Dondozo|43\/100 brn|[from] item: Leftovers\n|-damage|p1a: Dondozo|37\/100 brn|[from] brn\n|upkeep\n|turn|26\n|\n|t:|1699965143\n|switch|p1a: Chansey|Chansey, F|100\/100\n|-damage|p1a: Chansey|88\/100|[from] Stealth Rock\n|move|p2a: Dragonite|Roost|p2a: Dragonite\n|-heal|p2a: Dragonite|100\/100 par\n|\n|upkeep\n|turn|27\n|\n|t:|1699965152\n|cant|p2a: Dragonite|par\n|move|p1a: Chansey|Sweet Kiss|p2a: Dragonite|[miss]\n|-miss|p1a: Chansey|p2a: Dragonite\n|\n|upkeep\n|turn|28\n|\n|t:|1699965158\n|move|p2a: Dragonite|Extreme Speed|p1a: Chansey\n|-damage|p1a: Chansey|54\/100\n|move|p1a: Chansey|Sweet Kiss|p2a: Dragonite\n|-start|p2a: Dragonite|confusion\n|\n|upkeep\n|turn|29\n|\n|t:|1699965166\n|-activate|p2a: Dragonite|confusion\n|move|p2a: Dragonite|Extreme Speed|p1a: Chansey\n|-damage|p1a: Chansey|22\/100\n|move|p1a: Chansey|Seismic Toss|p2a: Dragonite\n|-damage|p2a: Dragonite|70\/100 par\n|\n|upkeep\n|turn|30\n|inactive|paomianbujiashui has 120 seconds left.\n|\n|t:|1699965175\n|-activate|p2a: Dragonite|confusion\n|move|p2a: Dragonite|Extreme Speed|p1a: Chansey\n|-crit|p1a: Chansey\n|-damage|p1a: Chansey|0 fnt\n|faint|p1a: Chansey\n|\n|upkeep\n|inactive|paomianbujiashui has 120 seconds left.\n|\n|t:|1699965184\n|switch|p1a: Milotic|Milotic, F|46\/100 brn\n|-damage|p1a: Milotic|34\/100 brn|[from] Stealth Rock\n|turn|31\n|\n|t:|1699965189\n|-activate|p2a: Dragonite|confusion\n|move|p2a: Dragonite|Extreme Speed|p1a: Milotic\n|-damage|p1a: Milotic|8\/100 brn\n|move|p1a: Milotic|Recover|p1a: Milotic\n|-heal|p1a: Milotic|58\/100 brn\n|\n|-damage|p1a: Milotic|52\/100 brn|[from] brn\n|upkeep\n|turn|32\n|\n|t:|1699965201\n|-activate|p2a: Dragonite|confusion\n|move|p2a: Dragonite|Extreme Speed|p1a: Milotic\n|-damage|p1a: Milotic|28\/100 brn\n|move|p1a: Milotic|Scald|p2a: Dragonite\n|-damage|p2a: Dragonite|38\/100 par\n|\n|-damage|p1a: Milotic|22\/100 brn|[from] brn\n|upkeep\n|turn|33\n|\n|t:|1699965212\n|move|p1a: Milotic|Recover|p1a: Milotic\n|-heal|p1a: Milotic|72\/100 brn\n|-end|p2a: Dragonite|confusion\n|move|p2a: Dragonite|Roost|p2a: Dragonite\n|-heal|p2a: Dragonite|88\/100 par\n|\n|-damage|p1a: Milotic|65\/100 brn|[from] brn\n|upkeep\n|turn|34\n|\n|t:|1699965222\n|move|p1a: Milotic|Scald|p2a: Dragonite\n|-damage|p2a: Dragonite|60\/100 par\n|cant|p2a: Dragonite|par\n|\n|-damage|p1a: Milotic|59\/100 brn|[from] brn\n|upkeep\n|turn|35\n|\n|t:|1699965232\n|move|p1a: Milotic|Scald|p2a: Dragonite\n|-damage|p2a: Dragonite|31\/100 par\n|move|p2a: Dragonite|Roost|p2a: Dragonite\n|-heal|p2a: Dragonite|81\/100 par\n|\n|-damage|p1a: Milotic|53\/100 brn|[from] brn\n|upkeep\n|turn|36\n|\n|t:|1699965241\n|move|p1a: Milotic|Scald|p2a: Dragonite\n|-damage|p2a: Dragonite|53\/100 par\n|cant|p2a: Dragonite|par\n|\n|-damage|p1a: Milotic|47\/100 brn|[from] brn\n|upkeep\n|turn|37\n|\n|t:|1699965250\n|move|p1a: Milotic|Scald|p2a: Dragonite\n|-damage|p2a: Dragonite|23\/100 par\n|move|p2a: Dragonite|Roost|p2a: Dragonite\n|-heal|p2a: Dragonite|74\/100 par\n|\n|-damage|p1a: Milotic|41\/100 brn|[from] brn\n|upkeep\n|turn|38\n|\n|t:|1699965260\n|move|p1a: Milotic|Scald|p2a: Dragonite\n|-damage|p2a: Dragonite|42\/100 par\n|cant|p2a: Dragonite|par\n|\n|-damage|p1a: Milotic|35\/100 brn|[from] brn\n|upkeep\n|turn|39\n|\n|t:|1699965269\n|move|p1a: Milotic|Scald|p2a: Dragonite\n|-damage|p2a: Dragonite|13\/100 par\n|move|p2a: Dragonite|Earthquake|p1a: Milotic\n|-damage|p1a: Milotic|12\/100 brn\n|\n|-damage|p1a: Milotic|6\/100 brn|[from] brn\n|upkeep\n|turn|40\n|\n|t:|1699965285\n|move|p1a: Milotic|Scald|p2a: Dragonite\n|-damage|p2a: Dragonite|0 fnt\n|faint|p2a: Dragonite\n|\n|-damage|p1a: Milotic|0 fnt|[from] brn\n|faint|p1a: Milotic\n|upkeep\n|\n|t:|1699965300\n|switch|p2a: Weezing|Weezing, M|100\/100\n|switch|p1a: Banette|Banette-Mega, F|100\/100\n|-damage|p1a: Banette|88\/100|[from] Stealth Rock\n|-damage|p2a: Weezing|88\/100|[from] Stealth Rock\n|turn|41\n|\n|t:|1699965310\n|move|p1a: Banette|Thunder Wave|p2a: Weezing\n|-status|p2a: Weezing|par\n|move|p2a: Weezing|Taunt|p1a: Banette\n|-start|p1a: Banette|move: Taunt\n|\n|upkeep\n|turn|42\n|\n|t:|1699965320\n|move|p1a: Banette|Poltergeist|p2a: Weezing\n|-activate|p2a: Weezing|move: Poltergeist|Rocky Helmet\n|-damage|p2a: Weezing|46\/100 par\n|move|p2a: Weezing|Sludge Bomb|p1a: Banette\n|-resisted|p1a: Banette\n|-damage|p1a: Banette|68\/100\n|\n|upkeep\n|turn|43\n|\n|t:|1699965330\n|move|p1a: Banette|Poltergeist|p2a: Weezing\n|-activate|p2a: Weezing|move: Poltergeist|Rocky Helmet\n|-damage|p2a: Weezing|3\/100 par\n|move|p2a: Weezing|Sludge Bomb|p1a: Banette\n|-resisted|p1a: Banette\n|-damage|p1a: Banette|48\/100\n|\n|upkeep\n|turn|44\n|\n|t:|1699965340\n|move|p1a: Banette|Poltergeist|p2a: Weezing\n|-activate|p2a: Weezing|move: Poltergeist|Rocky Helmet\n|-damage|p2a: Weezing|0 fnt\n|faint|p2a: Weezing\n|\n|-end|p1a: Banette|move: Taunt\n|upkeep\n|\n|t:|1699965344\n|switch|p2a: Mr. Mime|Mr. Mime, F|100\/100\n|-damage|p2a: Mr. Mime|88\/100|[from] Stealth Rock\n|-status|p2a: Mr. Mime|tox\n|-damage|p2a: Mr. Mime|72\/100 tox|[from] Spikes\n|turn|45\n|\n|t:|1699965358\n|move|p1a: Banette|Swords Dance|p1a: Banette\n|-boost|p1a: Banette|atk|2\n|move|p2a: Mr. Mime|Psychic|p1a: Banette\n|-damage|p1a: Banette|0 fnt\n|faint|p1a: Banette\n|\n|-damage|p2a: Mr. Mime|66\/100 tox|[from] psn\n|upkeep\n|\n|t:|1699965370\n|switch|p1a: Glimmora|Glimmora, F|29\/100\n|-damage|p1a: Glimmora|17\/100|[from] Stealth Rock\n|turn|46\n|\n|t:|1699965376\n|move|p1a: Glimmora|Endure|p1a: Glimmora\n|-singleturn|p1a: Glimmora|move: Endure\n|move|p2a: Mr. Mime|Psychic|p1a: Glimmora\n|-supereffective|p1a: Glimmora\n|-activate|p1a: Glimmora|move: Endure\n|-damage|p1a: Glimmora|1\/100\n|\n|-damage|p2a: Mr. Mime|54\/100 tox|[from] psn\n|upkeep\n|turn|47\n|\n|t:|1699965386\n|move|p1a: Glimmora|Endure||[still]\n|-fail|p1a: Glimmora\n|move|p2a: Mr. Mime|Psychic|p1a: Glimmora\n|-supereffective|p1a: Glimmora\n|-crit|p1a: Glimmora\n|-damage|p1a: Glimmora|0 fnt\n|faint|p1a: Glimmora\n|\n|-damage|p2a: Mr. Mime|37\/100 tox|[from] psn\n|upkeep\n|\n|t:|1699965396\n|switch|p1a: Dondozo|Dondozo, F|37\/100 brn\n|-damage|p1a: Dondozo|25\/100 brn|[from] Stealth Rock\n|turn|48\n|\n|t:|1699965412\n|-terastallize|p1a: Dondozo|Steel\n|move|p2a: Mr. Mime|Psychic|p1a: Dondozo\n|-resisted|p1a: Dondozo\n|-damage|p1a: Dondozo|3\/100 brn\n|move|p1a: Dondozo|Avalanche|p2a: Mr. Mime\n|-damage|p2a: Mr. Mime|1\/100 tox\n|\n|-heal|p1a: Dondozo|9\/100 brn|[from] item: Leftovers\n|-damage|p2a: Mr. Mime|0 fnt|[from] psn\n|faint|p2a: Mr. Mime\n|\n|win|paomianbujiashui\n|upkeep\n|raw|paomianbujiashui's rating: 1081 &rarr; <strong>1102<\/strong><br \/>(+21 for winning)\n|raw|bpmw07112's rating: 1000 &rarr; <strong>1000<\/strong><br \/>(+0 for losing)\n","uploadtime":1699965426,"views":5,"p1id":"paomianbujiashui","p2id":"bpmw07112","formatid":"gen9nationaldex","rating":1000,"private":0,"password":""}