{"id":"gen9nationaldex-1993212298","p1":"830r","p2":"oyQiang","format":"[Gen 9] National Dex","log":"|j|\u2606830r\n|j|\u2606oyQiang\n|t:|1700278748\n|gametype|singles\n|player|p1|830r|veteran|1158\n|player|p2|oyQiang|169|1154\n|teamsize|p1|6\n|teamsize|p2|6\n|gen|9\n|tier|[Gen 9] National Dex\n|rated|\n|rule|HP Percentage Mod: HP is shown in percentages\n|rule|Endless Battle Clause: Forcing endless battles is banned\n|rule|OHKO Clause: OHKO moves are banned\n|rule|Evasion Clause: Evasion abilities, items, and moves are banned\n|rule|Evasion Abilities Clause: Evasion abilities are banned\n|rule|Evasion Items Clause: Evasion items are banned\n|rule|Evasion Moves Clause: Evasion moves are banned\n|rule|Species Clause: Limit one of each Pok\u00e9mon\n|rule|Sleep Clause Mod: Limit one foe put to sleep\n|clearpoke\n|poke|p1|Latias, F|\n|poke|p1|Celesteela|\n|poke|p1|Cursola, M|\n|poke|p1|Toxapex, F|\n|poke|p1|Forretress, F|\n|poke|p1|Glimmora, M|\n|poke|p2|Ogerpon-Wellspring, F|\n|poke|p2|Samurott-Hisui, F|\n|poke|p2|Heatran, F|\n|poke|p2|Lokix, F|\n|poke|p2|Venusaur, F|\n|poke|p2|Great Tusk|\n|teampreview\n|inactive|Battle timer is ON: inactive players will automatically lose when time's up. (requested by 830r)\n|\n|t:|1700278763\n|start\n|switch|p1a: Glimmora|Glimmora, M|100\/100\n|switch|p2a: Venusaur|Venusaur, F|100\/100\n|turn|1\n|\n|t:|1700278769\n|detailschange|p2a: Venusaur|Venusaur-Mega, F\n|-mega|p2a: Venusaur|Venusaur|Venusaurite\n|move|p1a: Glimmora|Toxic Spikes|p2a: Venusaur\n|-sidestart|p2: oyQiang|move: Toxic Spikes\n|move|p2a: Venusaur|Earth Power|p1a: Glimmora\n|-supereffective|p1a: Glimmora\n|-enditem|p1a: Glimmora|Focus Sash\n|-damage|p1a: Glimmora|1\/100\n|\n|upkeep\n|turn|2\n|\n|t:|1700278781\n|move|p1a: Glimmora|Stealth Rock|p2a: Venusaur\n|-sidestart|p2: oyQiang|move: Stealth Rock\n|move|p2a: Venusaur|Earth Power|p1a: Glimmora\n|-supereffective|p1a: Glimmora\n|-crit|p1a: Glimmora\n|-damage|p1a: Glimmora|0 fnt\n|faint|p1a: Glimmora\n|\n|upkeep\n|\n|t:|1700278790\n|switch|p1a: Latias|Latias, F|100\/100\n|turn|3\n|\n|t:|1700278796\n|switch|p2a: Heatran|Heatran, F, shiny|100\/100\n|-damage|p2a: Heatran|88\/100|[from] Stealth Rock\n|detailschange|p1a: Latias|Latias-Mega, F\n|-mega|p1a: Latias|Latias|Latiasite\n|move|p1a: Latias|Thunder Wave|p2a: Heatran\n|-status|p2a: Heatran|par\n|\n|-heal|p2a: Heatran|94\/100 par|[from] item: Leftovers\n|upkeep\n|turn|4\n|\n|t:|1700278807\n|move|p1a: Latias|Aura Sphere|p2a: Heatran\n|-supereffective|p2a: Heatran\n|-damage|p2a: Heatran|50\/100 par\n|move|p2a: Heatran|Magma Storm|p1a: Latias\n|-resisted|p1a: Latias\n|-damage|p1a: Latias|82\/100\n|-activate|p1a: Latias|move: Magma Storm|[of] p2a: Heatran\n|\n|-heal|p2a: Heatran|56\/100 par|[from] item: Leftovers\n|-damage|p1a: Latias|70\/100|[from] move: Magma Storm|[partiallytrapped]\n|upkeep\n|turn|5\n|\n|t:|1700278818\n|switch|p2a: Venusaur|Venusaur-Mega, F|100\/100\n|-sideend|p2: oyQiang|move: Toxic Spikes|[of] p2a: Venusaur\n|-damage|p2a: Venusaur|88\/100|[from] Stealth Rock\n|move|p1a: Latias|Aura Sphere|p2a: Venusaur\n|-resisted|p2a: Venusaur\n|-damage|p2a: Venusaur|79\/100\n|\n|-end|p1a: Latias|Magma Storm|[partiallytrapped]|[silent]\n|upkeep\n|turn|6\n|\n|t:|1700278837\n|switch|p2a: Great Tusk|Great Tusk|100\/100\n|-damage|p2a: Great Tusk|98\/100|[from] Stealth Rock\n|move|p1a: Latias|Recover|p1a: Latias\n|-heal|p1a: Latias|100\/100\n|\n|upkeep\n|turn|7\n|\n|t:|1700278846\n|-terastallize|p2a: Great Tusk|Ground\n|move|p1a: Latias|Shadow Ball|p2a: Great Tusk\n|-damage|p2a: Great Tusk|77\/100\n|move|p2a: Great Tusk|Knock Off|p1a: Latias\n|-supereffective|p1a: Latias\n|-damage|p1a: Latias|67\/100\n|\n|upkeep\n|turn|8\n|\n|t:|1700278858\n|move|p1a: Latias|Recover|p1a: Latias\n|-heal|p1a: Latias|100\/100\n|move|p2a: Great Tusk|Rapid Spin|p1a: Latias\n|-damage|p1a: Latias|88\/100\n|-boost|p2a: Great Tusk|spe|1\n|-sideend|p2: oyQiang|Stealth Rock|[from] move: Rapid Spin|[of] p2a: Great Tusk\n|\n|upkeep\n|turn|9\n|\n|t:|1700278869\n|switch|p1a: Cursola|Cursola, M, shiny|100\/100\n|move|p2a: Great Tusk|Ice Spinner|p1a: Cursola\n|-damage|p1a: Cursola|62\/100\n|-ability|p1a: Cursola|Perish Body\n|\n|-heal|p1a: Cursola|68\/100|[from] item: Leftovers\n|-start|p2a: Great Tusk|perish3\n|-start|p1a: Cursola|perish3\n|upkeep\n|turn|10\n|\n|t:|1700278879\n|-terastallize|p1a: Cursola|Fairy\n|move|p2a: Great Tusk|Knock Off|p1a: Cursola\n|-resisted|p1a: Cursola\n|-damage|p1a: Cursola|47\/100\n|-enditem|p1a: Cursola|Leftovers|[from] move: Knock Off|[of] p2a: Great Tusk\n|move|p1a: Cursola|Strength Sap|p2a: Great Tusk\n|-unboost|p2a: Great Tusk|atk|1\n|-heal|p1a: Cursola|100\/100\n|\n|-start|p2a: Great Tusk|perish2\n|-start|p1a: Cursola|perish2\n|upkeep\n|turn|11\n|\n|t:|1700278892\n|-end|p2a: Great Tusk|Protosynthesis|[silent]\n|switch|p2a: Heatran|Heatran, F, shiny|56\/100 par\n|move|p1a: Cursola|Whirlpool|p2a: Heatran|[miss]\n|-miss|p1a: Cursola|p2a: Heatran\n|\n|-heal|p2a: Heatran|63\/100 par|[from] item: Leftovers\n|-start|p1a: Cursola|perish1\n|upkeep\n|turn|12\n|\n|t:|1700278902\n|switch|p1a: Toxapex|Toxapex, F, shiny|100\/100\n|move|p2a: Heatran|Flash Cannon|p1a: Toxapex\n|-resisted|p1a: Toxapex\n|-damage|p1a: Toxapex|85\/100\n|\n|-heal|p1a: Toxapex|91\/100|[from] item: Black Sludge\n|-heal|p2a: Heatran|69\/100 par|[from] item: Leftovers\n|upkeep\n|turn|13\n|\n|t:|1700278914\n|switch|p2a: Venusaur|Venusaur-Mega, F|79\/100\n|move|p1a: Toxapex|Infestation|p2a: Venusaur\n|-damage|p2a: Venusaur|76\/100\n|-activate|p2a: Venusaur|move: Infestation|[of] p1a: Toxapex\n|\n|-heal|p1a: Toxapex|97\/100|[from] item: Black Sludge\n|-damage|p2a: Venusaur|64\/100|[from] move: Infestation|[partiallytrapped]\n|upkeep\n|turn|14\n|\n|t:|1700278937\n|move|p1a: Toxapex|Baneful Bunker|p1a: Toxapex\n|-singleturn|p1a: Toxapex|move: Protect\n|move|p2a: Venusaur|Earth Power|p1a: Toxapex\n|-activate|p1a: Toxapex|move: Protect\n|\n|-heal|p1a: Toxapex|100\/100|[from] item: Black Sludge\n|-damage|p2a: Venusaur|51\/100|[from] move: Infestation|[partiallytrapped]\n|upkeep\n|turn|15\n|\n|t:|1700278944\n|switch|p1a: Latias|Latias-Mega, F|88\/100\n|move|p2a: Venusaur|Earth Power|p1a: Latias\n|-immune|p1a: Latias|[from] ability: Levitate\n|\n|-end|p2a: Venusaur|Infestation|[partiallytrapped]|[silent]\n|upkeep\n|turn|16\n|\n|t:|1700278952\n|switch|p2a: Lokix|Lokix, F|100\/100\n|move|p1a: Latias|Thunder Wave|p2a: Lokix\n|-status|p2a: Lokix|par\n|\n|upkeep\n|turn|17\n|\n|t:|1700278959\n|move|p2a: Lokix|First Impression|p1a: Latias\n|-supereffective|p1a: Latias\n|-damage|p1a: Latias|17\/100\n|move|p1a: Latias|Shadow Ball|p2a: Lokix\n|-resisted|p2a: Lokix\n|-damage|p2a: Lokix|78\/100 par\n|\n|upkeep\n|turn|18\n|\n|t:|1700278970\n|switch|p1a: Cursola|Cursola, M, shiny, tera:Fairy|100\/100\n|switch|p2a: Samurott|Samurott-Hisui, F|100\/100\n|\n|upkeep\n|turn|19\n|\n|t:|1700278975\n|move|p2a: Samurott|Aqua Cutter|p1a: Cursola\n|-damage|p1a: Cursola|42\/100\n|move|p1a: Cursola|Whirlpool|p2a: Samurott\n|-resisted|p2a: Samurott\n|-damage|p2a: Samurott|92\/100\n|-activate|p2a: Samurott|move: Whirlpool|[of] p1a: Cursola\n|\n|-damage|p2a: Samurott|80\/100|[from] move: Whirlpool|[partiallytrapped]\n|upkeep\n|turn|20\n|\n|t:|1700278987\n|switch|p1a: Toxapex|Toxapex, F, shiny|100\/100\n|move|p2a: Samurott|Aqua Cutter|p1a: Toxapex\n|-resisted|p1a: Toxapex\n|-crit|p1a: Toxapex\n|-damage|p1a: Toxapex|74\/100\n|\n|-heal|p1a: Toxapex|80\/100|[from] item: Black Sludge\n|-end|p2a: Samurott|Whirlpool|[partiallytrapped]|[silent]\n|upkeep\n|turn|21\n|\n|t:|1700278993\n|switch|p2a: Great Tusk|Great Tusk, tera:Ground|77\/100\n|move|p1a: Toxapex|Infestation|p2a: Great Tusk\n|-damage|p2a: Great Tusk|74\/100\n|-activate|p2a: Great Tusk|move: Infestation|[of] p1a: Toxapex\n|\n|-heal|p1a: Toxapex|87\/100|[from] item: Black Sludge\n|-damage|p2a: Great Tusk|62\/100|[from] move: Infestation|[partiallytrapped]\n|upkeep\n|turn|22\n|\n|t:|1700279001\n|move|p1a: Toxapex|Baneful Bunker|p1a: Toxapex\n|-singleturn|p1a: Toxapex|move: Protect\n|move|p2a: Great Tusk|Knock Off|p1a: Toxapex\n|-activate|p1a: Toxapex|move: Protect\n|-status|p2a: Great Tusk|psn\n|\n|-heal|p1a: Toxapex|93\/100|[from] item: Black Sludge\n|-damage|p2a: Great Tusk|49\/100 psn|[from] psn\n|-damage|p2a: Great Tusk|37\/100 psn|[from] move: Infestation|[partiallytrapped]\n|upkeep\n|turn|23\n|\n|t:|1700279009\n|switch|p1a: Latias|Latias-Mega, F|17\/100\n|move|p2a: Great Tusk|Knock Off|p1a: Latias\n|-supereffective|p1a: Latias\n|-damage|p1a: Latias|0 fnt\n|faint|p1a: Latias\n|\n|-damage|p2a: Great Tusk|24\/100 psn|[from] psn\n|-end|p2a: Great Tusk|Infestation|[partiallytrapped]|[silent]\n|upkeep\n|\n|t:|1700279032\n|switch|p1a: Toxapex|Toxapex, F, shiny|100\/100\n|turn|24\n|\n|t:|1700279047\n|-end|p2a: Great Tusk|Protosynthesis|[silent]\n|switch|p2a: Venusaur|Venusaur-Mega, F|51\/100\n|move|p1a: Toxapex|Baneful Bunker||[still]\n|-fail|p1a: Toxapex\n|\n|upkeep\n|turn|25\n|\n|t:|1700279053\n|switch|p1a: Celesteela|Celesteela|100\/100\n|move|p2a: Venusaur|Synthesis|p2a: Venusaur\n|-heal|p2a: Venusaur|100\/100\n|\n|upkeep\n|turn|26\n|\n|t:|1700279060\n|switch|p2a: Heatran|Heatran, F, shiny|69\/100 par\n|move|p1a: Celesteela|Substitute|p1a: Celesteela\n|-start|p1a: Celesteela|Substitute\n|-damage|p1a: Celesteela|76\/100\n|\n|-heal|p1a: Celesteela|82\/100|[from] item: Leftovers\n|-heal|p2a: Heatran|75\/100 par|[from] item: Leftovers\n|upkeep\n|turn|27\n|\n|t:|1700279065\n|move|p1a: Celesteela|Leech Seed|p2a: Heatran\n|-start|p2a: Heatran|move: Leech Seed\n|move|p2a: Heatran|Magma Storm|p1a: Celesteela\n|-supereffective|p1a: Celesteela\n|-end|p1a: Celesteela|Substitute\n|\n|-heal|p1a: Celesteela|88\/100|[from] item: Leftovers\n|-heal|p2a: Heatran|81\/100 par|[from] item: Leftovers\n|-damage|p2a: Heatran|69\/100 par|[from] Leech Seed|[of] p1a: Celesteela\n|-heal|p1a: Celesteela|99\/100|[silent]\n|upkeep\n|turn|28\n|\n|t:|1700279081\n|switch|p1a: Toxapex|Toxapex, F, shiny|100\/100\n|move|p2a: Heatran|Magma Storm|p1a: Toxapex|[miss]\n|-miss|p2a: Heatran|p1a: Toxapex\n|\n|-heal|p2a: Heatran|75\/100 par|[from] item: Leftovers\n|-damage|p2a: Heatran|63\/100 par|[from] Leech Seed|[of] p1a: Toxapex\n|upkeep\n|turn|29\n|\n|t:|1700279088\n|move|p1a: Toxapex|Infestation|p2a: Heatran\n|-resisted|p2a: Heatran\n|-damage|p2a: Heatran|62\/100 par\n|-activate|p2a: Heatran|move: Infestation|[of] p1a: Toxapex\n|cant|p2a: Heatran|par\n|\n|-heal|p2a: Heatran|68\/100 par|[from] item: Leftovers\n|-damage|p2a: Heatran|56\/100 par|[from] Leech Seed|[of] p1a: Toxapex\n|-damage|p2a: Heatran|44\/100 par|[from] move: Infestation|[partiallytrapped]\n|upkeep\n|turn|30\n|\n|t:|1700279100\n|switch|p1a: Cursola|Cursola, M, shiny, tera:Fairy|42\/100\n|cant|p2a: Heatran|par\n|\n|-heal|p2a: Heatran|50\/100 par|[from] item: Leftovers\n|-damage|p2a: Heatran|37\/100 par|[from] Leech Seed|[of] p1a: Cursola\n|-heal|p1a: Cursola|57\/100|[silent]\n|-end|p2a: Heatran|Infestation|[partiallytrapped]|[silent]\n|upkeep\n|turn|31\n|\n|t:|1700279113\n|switch|p2a: Ogerpon|Ogerpon-Wellspring, F|100\/100\n|move|p1a: Cursola|Whirlpool|p2a: Ogerpon\n|-immune|p2a: Ogerpon|[from] ability: Water Absorb\n|\n|upkeep\n|turn|32\n|\n|t:|1700279124\n|switch|p1a: Toxapex|Toxapex, F, shiny|100\/100\n|move|p2a: Ogerpon|Encore||[still]\n|-fail|p2a: Ogerpon\n|\n|upkeep\n|turn|33\n|\n|t:|1700279133\n|move|p2a: Ogerpon|Leech Seed|p1a: Toxapex\n|-start|p1a: Toxapex|move: Leech Seed\n|move|p1a: Toxapex|Infestation|p2a: Ogerpon\n|-supereffective|p2a: Ogerpon\n|-damage|p2a: Ogerpon|94\/100\n|-activate|p2a: Ogerpon|move: Infestation|[of] p1a: Toxapex\n|\n|-damage|p1a: Toxapex|88\/100|[from] Leech Seed|[of] p2a: Ogerpon\n|-heal|p2a: Ogerpon|100\/100|[silent]\n|-damage|p2a: Ogerpon|88\/100|[from] move: Infestation|[partiallytrapped]\n|upkeep\n|turn|34\n|\n|t:|1700279143\n|move|p2a: Ogerpon|Ivy Cudgel|p1a: Toxapex|[anim] Ivy Cudgel Water\n|-resisted|p1a: Toxapex\n|-damage|p1a: Toxapex|72\/100\n|move|p1a: Toxapex|Toxic|p2a: Ogerpon\n|-status|p2a: Ogerpon|tox\n|\n|-heal|p1a: Toxapex|78\/100|[from] item: Black Sludge\n|-damage|p1a: Toxapex|66\/100|[from] Leech Seed|[of] p2a: Ogerpon\n|-heal|p2a: Ogerpon|99\/100 tox|[silent]\n|-damage|p2a: Ogerpon|93\/100 tox|[from] psn\n|-damage|p2a: Ogerpon|80\/100 tox|[from] move: Infestation|[partiallytrapped]\n|upkeep\n|turn|35\n|\n|t:|1700279151\n|switch|p1a: Celesteela|Celesteela|99\/100\n|move|p2a: Ogerpon|Encore||[still]\n|-fail|p2a: Ogerpon\n|\n|-heal|p1a: Celesteela|100\/100|[from] item: Leftovers\n|-damage|p2a: Ogerpon|68\/100 tox|[from] psn\n|-end|p2a: Ogerpon|Infestation|[partiallytrapped]|[silent]\n|upkeep\n|turn|36\n|\n|t:|1700279156\n|move|p2a: Ogerpon|Ivy Cudgel|p1a: Celesteela|[anim] Ivy Cudgel Water\n|-damage|p1a: Celesteela|67\/100\n|move|p1a: Celesteela|Substitute|p1a: Celesteela\n|-start|p1a: Celesteela|Substitute\n|-damage|p1a: Celesteela|42\/100\n|\n|-heal|p1a: Celesteela|48\/100|[from] item: Leftovers\n|-damage|p2a: Ogerpon|50\/100 tox|[from] psn\n|upkeep\n|turn|37\n|\n|t:|1700279162\n|move|p2a: Ogerpon|Ivy Cudgel|p1a: Celesteela|[anim] Ivy Cudgel Water\n|-crit|p1a: Celesteela\n|-end|p1a: Celesteela|Substitute\n|move|p1a: Celesteela|Leech Seed|p2a: Ogerpon\n|-immune|p2a: Ogerpon\n|\n|-heal|p1a: Celesteela|54\/100|[from] item: Leftovers\n|-damage|p2a: Ogerpon|26\/100 tox|[from] psn\n|upkeep\n|turn|38\n|\n|t:|1700279170\n|switch|p2a: Heatran|Heatran, F, shiny|37\/100 par\n|switch|p1a: Toxapex|Toxapex, F, shiny|99\/100\n|\n|-heal|p1a: Toxapex|100\/100|[from] item: Black Sludge\n|-heal|p2a: Heatran|44\/100 par|[from] item: Leftovers\n|upkeep\n|turn|39\n|\n|t:|1700279178\n|switch|p2a: Great Tusk|Great Tusk, tera:Ground|24\/100 psn\n|move|p1a: Toxapex|Infestation|p2a: Great Tusk\n|-damage|p2a: Great Tusk|22\/100 psn\n|-activate|p2a: Great Tusk|move: Infestation|[of] p1a: Toxapex\n|\n|-damage|p2a: Great Tusk|9\/100 psn|[from] psn\n|-damage|p2a: Great Tusk|0 fnt|[from] move: Infestation|[partiallytrapped]\n|faint|p2a: Great Tusk\n|-end|p2a: Great Tusk|Protosynthesis|[silent]\n|upkeep\n|\n|t:|1700279190\n|switch|p2a: Venusaur|Venusaur-Mega, F|100\/100\n|turn|40\n|\n|t:|1700279197\n|switch|p2a: Heatran|Heatran, F, shiny|44\/100 par\n|move|p1a: Toxapex|Infestation|p2a: Heatran\n|-resisted|p2a: Heatran\n|-damage|p2a: Heatran|43\/100 par\n|-activate|p2a: Heatran|move: Infestation|[of] p1a: Toxapex\n|\n|-heal|p2a: Heatran|49\/100 par|[from] item: Leftovers\n|-damage|p2a: Heatran|37\/100 par|[from] move: Infestation|[partiallytrapped]\n|upkeep\n|turn|41\n|\n|t:|1700279207\n|switch|p1a: Cursola|Cursola, M, shiny, tera:Fairy|57\/100\n|move|p2a: Heatran|Stealth Rock|p1a: Cursola\n|-sidestart|p1: 830r|move: Stealth Rock\n|\n|-heal|p2a: Heatran|43\/100 par|[from] item: Leftovers\n|-end|p2a: Heatran|Infestation|[partiallytrapped]|[silent]\n|upkeep\n|turn|42\n|\n|t:|1700279213\n|switch|p2a: Samurott|Samurott-Hisui, F|80\/100\n|move|p1a: Cursola|Strength Sap|p2a: Samurott\n|-unboost|p2a: Samurott|atk|1\n|-heal|p1a: Cursola|100\/100\n|\n|upkeep\n|turn|43\n|\n|t:|1700279225\n|switch|p1a: Forretress|Forretress, F, shiny|100\/100\n|move|p2a: Samurott|Ceaseless Edge|p1a: Forretress\n|-damage|p1a: Forretress|84\/100\n|-sidestart|p1: 830r|Spikes\n|\n|upkeep\n|turn|44\n|\n|t:|1700279236\n|switch|p2a: Heatran|Heatran, F, shiny|43\/100 par\n|move|p1a: Forretress|Rapid Spin|p2a: Heatran\n|-resisted|p2a: Heatran\n|-damage|p2a: Heatran|39\/100 par\n|-boost|p1a: Forretress|spe|1\n|-sideend|p1: 830r|Spikes|[from] move: Rapid Spin|[of] p1a: Forretress\n|-sideend|p1: 830r|Stealth Rock|[from] move: Rapid Spin|[of] p1a: Forretress\n|\n|-heal|p2a: Heatran|45\/100 par|[from] item: Leftovers\n|upkeep\n|turn|45\n|\n|t:|1700279245\n|switch|p2a: Venusaur|Venusaur-Mega, F|100\/100\n|move|p1a: Forretress|Body Press|p2a: Venusaur\n|-resisted|p2a: Venusaur\n|-damage|p2a: Venusaur|88\/100\n|\n|upkeep\n|turn|46\n|\n|t:|1700279256\n|move|p2a: Venusaur|Earth Power|p1a: Forretress\n|-damage|p1a: Forretress|36\/100\n|-unboost|p1a: Forretress|spd|1\n|move|p1a: Forretress|Toxic Spikes|p2a: Venusaur\n|-sidestart|p2: oyQiang|move: Toxic Spikes\n|\n|upkeep\n|turn|47\n|\n|t:|1700279266\n|switch|p1a: Celesteela|Celesteela|54\/100\n|move|p2a: Venusaur|Earth Power|p1a: Celesteela\n|-immune|p1a: Celesteela\n|\n|-heal|p1a: Celesteela|60\/100|[from] item: Leftovers\n|upkeep\n|turn|48\n|\n|t:|1700279272\n|switch|p2a: Heatran|Heatran, F, shiny|45\/100 par\n|move|p1a: Celesteela|Leech Seed|p2a: Heatran|[miss]\n|-miss|p1a: Celesteela|p2a: Heatran\n|\n|-heal|p1a: Celesteela|66\/100|[from] item: Leftovers\n|-heal|p2a: Heatran|51\/100 par|[from] item: Leftovers\n|upkeep\n|turn|49\n|\n|t:|1700279280\n|switch|p1a: Toxapex|Toxapex, F, shiny|100\/100\n|move|p2a: Heatran|Overheat|p1a: Toxapex\n|-resisted|p1a: Toxapex\n|-damage|p1a: Toxapex|73\/100\n|-unboost|p2a: Heatran|spa|2\n|\n|-heal|p1a: Toxapex|79\/100|[from] item: Black Sludge\n|-heal|p2a: Heatran|57\/100 par|[from] item: Leftovers\n|upkeep\n|turn|50\n|\n|t:|1700279289\n|switch|p2a: Venusaur|Venusaur-Mega, F|88\/100\n|-sideend|p2: oyQiang|move: Toxic Spikes|[of] p2a: Venusaur\n|move|p1a: Toxapex|Infestation|p2a: Venusaur\n|-damage|p2a: Venusaur|85\/100\n|-activate|p2a: Venusaur|move: Infestation|[of] p1a: Toxapex\n|\n|-heal|p1a: Toxapex|86\/100|[from] item: Black Sludge\n|-damage|p2a: Venusaur|73\/100|[from] move: Infestation|[partiallytrapped]\n|upkeep\n|turn|51\n|\n|t:|1700279303\n|switch|p1a: Celesteela|Celesteela|66\/100\n|move|p2a: Venusaur|Synthesis|p2a: Venusaur\n|-heal|p2a: Venusaur|100\/100\n|\n|-heal|p1a: Celesteela|72\/100|[from] item: Leftovers\n|-end|p2a: Venusaur|Infestation|[partiallytrapped]|[silent]\n|upkeep\n|turn|52\n|\n|t:|1700279311\n|switch|p2a: Heatran|Heatran, F, shiny|57\/100 par\n|move|p1a: Celesteela|Heavy Slam|p2a: Heatran\n|-resisted|p2a: Heatran\n|-damage|p2a: Heatran|53\/100 par\n|\n|-heal|p1a: Celesteela|78\/100|[from] item: Leftovers\n|-heal|p2a: Heatran|59\/100 par|[from] item: Leftovers\n|upkeep\n|turn|53\n|\n|t:|1700279318\n|move|p1a: Celesteela|Substitute|p1a: Celesteela\n|-start|p1a: Celesteela|Substitute\n|-damage|p1a: Celesteela|53\/100\n|move|p2a: Heatran|Stealth Rock|p1a: Celesteela\n|-sidestart|p1: 830r|move: Stealth Rock\n|\n|-heal|p1a: Celesteela|59\/100|[from] item: Leftovers\n|-heal|p2a: Heatran|66\/100 par|[from] item: Leftovers\n|upkeep\n|turn|54\n|\n|t:|1700279323\n|move|p1a: Celesteela|Leech Seed|p2a: Heatran|[miss]\n|-miss|p1a: Celesteela|p2a: Heatran\n|move|p2a: Heatran|Magma Storm|p1a: Celesteela|[miss]\n|-miss|p2a: Heatran|p1a: Celesteela\n|\n|-heal|p1a: Celesteela|65\/100|[from] item: Leftovers\n|-heal|p2a: Heatran|72\/100 par|[from] item: Leftovers\n|upkeep\n|turn|55\n|\n|t:|1700279328\n|move|p1a: Celesteela|Leech Seed|p2a: Heatran\n|-start|p2a: Heatran|move: Leech Seed\n|move|p2a: Heatran|Magma Storm|p1a: Celesteela\n|-supereffective|p1a: Celesteela\n|-end|p1a: Celesteela|Substitute\n|\n|-heal|p1a: Celesteela|71\/100|[from] item: Leftovers\n|-heal|p2a: Heatran|78\/100 par|[from] item: Leftovers\n|-damage|p2a: Heatran|66\/100 par|[from] Leech Seed|[of] p1a: Celesteela\n|-heal|p1a: Celesteela|83\/100|[silent]\n|upkeep\n|turn|56\n|\n|t:|1700279339\n|switch|p2a: Lokix|Lokix, F|78\/100 par\n|move|p1a: Celesteela|Substitute|p1a: Celesteela\n|-start|p1a: Celesteela|Substitute\n|-damage|p1a: Celesteela|58\/100\n|\n|-heal|p1a: Celesteela|64\/100|[from] item: Leftovers\n|upkeep\n|turn|57\n|\n|t:|1700279348\n|move|p2a: Lokix|Knock Off|p1a: Celesteela\n|-end|p1a: Celesteela|Substitute\n|move|p1a: Celesteela|Heavy Slam|p2a: Lokix\n|-damage|p2a: Lokix|13\/100 par\n|\n|-heal|p1a: Celesteela|70\/100|[from] item: Leftovers\n|upkeep\n|turn|58\n|\n|t:|1700279357\n|switch|p1a: Toxapex|Toxapex, F, shiny|100\/100\n|-damage|p1a: Toxapex|88\/100|[from] Stealth Rock\n|cant|p2a: Lokix|par\n|\n|-heal|p1a: Toxapex|94\/100|[from] item: Black Sludge\n|upkeep\n|turn|59\n|\n|t:|1700279368\n|switch|p2a: Samurott|Samurott-Hisui, F|80\/100\n|move|p1a: Toxapex|Infestation|p2a: Samurott\n|-supereffective|p2a: Samurott\n|-damage|p2a: Samurott|71\/100\n|-activate|p2a: Samurott|move: Infestation|[of] p1a: Toxapex\n|\n|-heal|p1a: Toxapex|100\/100|[from] item: Black Sludge\n|-damage|p2a: Samurott|58\/100|[from] move: Infestation|[partiallytrapped]\n|upkeep\n|turn|60\n|\n|t:|1700279373\n|move|p2a: Samurott|Ceaseless Edge|p1a: Toxapex\n|-damage|p1a: Toxapex|69\/100\n|-sidestart|p1: 830r|Spikes\n|move|p1a: Toxapex|Toxic|p2a: Samurott\n|-status|p2a: Samurott|tox\n|\n|-heal|p1a: Toxapex|75\/100|[from] item: Black Sludge\n|-damage|p2a: Samurott|52\/100 tox|[from] psn\n|-damage|p2a: Samurott|39\/100 tox|[from] move: Infestation|[partiallytrapped]\n|upkeep\n|turn|61\n|\n|t:|1700279379\n|switch|p1a: Forretress|Forretress, F, shiny|36\/100\n|move|p2a: Samurott|Ceaseless Edge|p1a: Forretress\n|-damage|p1a: Forretress|13\/100\n|-sidestart|p1: 830r|Spikes\n|\n|-damage|p2a: Samurott|27\/100 tox|[from] psn\n|-end|p2a: Samurott|Infestation|[partiallytrapped]|[silent]\n|upkeep\n|turn|62\n|\n|t:|1700279384\n|move|p2a: Samurott|Ceaseless Edge|p1a: Forretress\n|-damage|p1a: Forretress|0 fnt\n|-sidestart|p1: 830r|Spikes\n|faint|p1a: Forretress\n|\n|-damage|p2a: Samurott|8\/100 tox|[from] psn\n|upkeep\n|\n|t:|1700279389\n|switch|p1a: Toxapex|Toxapex, F, shiny|100\/100\n|-damage|p1a: Toxapex|88\/100|[from] Stealth Rock\n|-damage|p1a: Toxapex|63\/100|[from] Spikes\n|turn|63\n|\n|t:|1700279395\n|move|p2a: Samurott|Ceaseless Edge|p1a: Toxapex\n|-damage|p1a: Toxapex|32\/100\n|move|p1a: Toxapex|Recover|p1a: Toxapex\n|-heal|p1a: Toxapex|82\/100\n|\n|-heal|p1a: Toxapex|89\/100|[from] item: Black Sludge\n|-damage|p2a: Samurott|0 fnt|[from] psn\n|faint|p2a: Samurott\n|upkeep\n|\n|t:|1700279402\n|switch|p2a: Venusaur|Venusaur-Mega, F|100\/100\n|turn|64\n|\n|t:|1700279408\n|move|p2a: Venusaur|Earth Power|p1a: Toxapex\n|-supereffective|p1a: Toxapex\n|-damage|p1a: Toxapex|45\/100\n|move|p1a: Toxapex|Infestation|p2a: Venusaur\n|-damage|p2a: Venusaur|98\/100\n|-activate|p2a: Venusaur|move: Infestation|[of] p1a: Toxapex\n|\n|-heal|p1a: Toxapex|51\/100|[from] item: Black Sludge\n|-damage|p2a: Venusaur|86\/100|[from] move: Infestation|[partiallytrapped]\n|upkeep\n|turn|65\n|\n|t:|1700279416\n|move|p1a: Toxapex|Baneful Bunker|p1a: Toxapex\n|-singleturn|p1a: Toxapex|move: Protect\n|move|p2a: Venusaur|Giga Drain|p1a: Toxapex\n|-activate|p1a: Toxapex|move: Protect\n|\n|-heal|p1a: Toxapex|58\/100|[from] item: Black Sludge\n|-damage|p2a: Venusaur|74\/100|[from] move: Infestation|[partiallytrapped]\n|upkeep\n|turn|66\n|\n|t:|1700279423\n|switch|p1a: Celesteela|Celesteela|70\/100\n|-damage|p1a: Celesteela|58\/100|[from] Stealth Rock\n|move|p2a: Venusaur|Earth Power|p1a: Celesteela\n|-immune|p1a: Celesteela\n|\n|-heal|p1a: Celesteela|64\/100|[from] item: Leftovers\n|-end|p2a: Venusaur|Infestation|[partiallytrapped]|[silent]\n|upkeep\n|turn|67\n|\n|t:|1700279436\n|switch|p2a: Ogerpon|Ogerpon-Wellspring, F|26\/100 tox\n|move|p1a: Celesteela|Leech Seed|p2a: Ogerpon\n|-immune|p2a: Ogerpon\n|\n|-heal|p1a: Celesteela|70\/100|[from] item: Leftovers\n|-damage|p2a: Ogerpon|20\/100 tox|[from] psn\n|upkeep\n|turn|68\n|\n|t:|1700279446\n|switch|p1a: Toxapex|Toxapex, F, shiny|91\/100\n|-damage|p1a: Toxapex|78\/100|[from] Stealth Rock\n|-damage|p1a: Toxapex|53\/100|[from] Spikes\n|move|p2a: Ogerpon|Ivy Cudgel|p1a: Toxapex|[anim] Ivy Cudgel Water\n|-resisted|p1a: Toxapex\n|-damage|p1a: Toxapex|36\/100\n|\n|-heal|p1a: Toxapex|42\/100|[from] item: Black Sludge\n|-damage|p2a: Ogerpon|8\/100 tox|[from] psn\n|upkeep\n|turn|69\n|\n|t:|1700279459\n|move|p2a: Ogerpon|Encore||[still]\n|-fail|p2a: Ogerpon\n|move|p1a: Toxapex|Recover|p1a: Toxapex\n|-heal|p1a: Toxapex|92\/100\n|\n|-heal|p1a: Toxapex|99\/100|[from] item: Black Sludge\n|-damage|p2a: Ogerpon|0 fnt|[from] psn\n|faint|p2a: Ogerpon\n|upkeep\n|\n|t:|1700279469\n|switch|p2a: Venusaur|Venusaur-Mega, F|74\/100\n|turn|70\n|inactive|oyQiang has 120 seconds left.\n|\n|t:|1700279522\n|move|p2a: Venusaur|Giga Drain|p1a: Toxapex\n|-damage|p1a: Toxapex|71\/100\n|-heal|p2a: Venusaur|85\/100|[from] drain|[of] p1a: Toxapex\n|move|p1a: Toxapex|Infestation|p2a: Venusaur\n|-damage|p2a: Venusaur|83\/100\n|-activate|p2a: Venusaur|move: Infestation|[of] p1a: Toxapex\n|\n|-heal|p1a: Toxapex|77\/100|[from] item: Black Sludge\n|-damage|p2a: Venusaur|71\/100|[from] move: Infestation|[partiallytrapped]\n|upkeep\n|turn|71\n|\n|t:|1700279538\n|switch|p1a: Celesteela|Celesteela|70\/100\n|-damage|p1a: Celesteela|58\/100|[from] Stealth Rock\n|move|p2a: Venusaur|Giga Drain|p1a: Celesteela\n|-resisted|p1a: Celesteela\n|-damage|p1a: Celesteela|50\/100\n|-heal|p2a: Venusaur|75\/100|[from] drain|[of] p1a: Celesteela\n|\n|-heal|p1a: Celesteela|56\/100|[from] item: Leftovers\n|-end|p2a: Venusaur|Infestation|[partiallytrapped]|[silent]\n|upkeep\n|turn|72\n|inactive|oyQiang has 90 seconds left.\n|\n|t:|1700279571\n|switch|p2a: Heatran|Heatran, F, shiny|66\/100 par\n|move|p1a: Celesteela|Substitute|p1a: Celesteela\n|-start|p1a: Celesteela|Substitute\n|-damage|p1a: Celesteela|31\/100\n|\n|-heal|p1a: Celesteela|37\/100|[from] item: Leftovers\n|-heal|p2a: Heatran|72\/100 par|[from] item: Leftovers\n|upkeep\n|turn|73\n|\n|t:|1700279576\n|move|p1a: Celesteela|Leech Seed|p2a: Heatran|[miss]\n|-miss|p1a: Celesteela|p2a: Heatran\n|move|p2a: Heatran|Magma Storm|p1a: Celesteela\n|-supereffective|p1a: Celesteela\n|-end|p1a: Celesteela|Substitute\n|\n|-heal|p1a: Celesteela|43\/100|[from] item: Leftovers\n|-heal|p2a: Heatran|78\/100 par|[from] item: Leftovers\n|upkeep\n|turn|74\n|inactive|oyQiang has 90 seconds left.\n|\n|t:|1700279586\n|move|p1a: Celesteela|Substitute|p1a: Celesteela\n|-start|p1a: Celesteela|Substitute\n|-damage|p1a: Celesteela|19\/100\n|move|p2a: Heatran|Magma Storm|p1a: Celesteela|[miss]\n|-miss|p2a: Heatran|p1a: Celesteela\n|\n|-heal|p1a: Celesteela|25\/100|[from] item: Leftovers\n|-heal|p2a: Heatran|84\/100 par|[from] item: Leftovers\n|upkeep\n|turn|75\n|\n|t:|1700279593\n|move|p1a: Celesteela|Leech Seed|p2a: Heatran\n|-start|p2a: Heatran|move: Leech Seed\n|cant|p2a: Heatran|par\n|\n|-heal|p1a: Celesteela|31\/100|[from] item: Leftovers\n|-heal|p2a: Heatran|90\/100 par|[from] item: Leftovers\n|-damage|p2a: Heatran|78\/100 par|[from] Leech Seed|[of] p1a: Celesteela\n|-heal|p1a: Celesteela|43\/100|[silent]\n|upkeep\n|turn|76\n|\n|t:|1700279604\n|move|p1a: Celesteela|Heavy Slam|p2a: Heatran\n|-resisted|p2a: Heatran\n|-damage|p2a: Heatran|73\/100 par\n|move|p2a: Heatran|Overheat|p1a: Celesteela\n|-supereffective|p1a: Celesteela\n|-end|p1a: Celesteela|Substitute\n|-unboost|p2a: Heatran|spa|2\n|\n|-heal|p1a: Celesteela|49\/100|[from] item: Leftovers\n|-heal|p2a: Heatran|80\/100 par|[from] item: Leftovers\n|-damage|p2a: Heatran|67\/100 par|[from] Leech Seed|[of] p1a: Celesteela\n|-heal|p1a: Celesteela|61\/100|[silent]\n|upkeep\n|turn|77\n|\n|t:|1700279616\n|switch|p2a: Lokix|Lokix, F|13\/100 par\n|move|p1a: Celesteela|Substitute|p1a: Celesteela\n|-start|p1a: Celesteela|Substitute\n|-damage|p1a: Celesteela|36\/100\n|\n|-heal|p1a: Celesteela|42\/100|[from] item: Leftovers\n|upkeep\n|turn|78\n|\n|t:|1700279622\n|move|p2a: Lokix|First Impression|p1a: Celesteela\n|-resisted|p1a: Celesteela\n|-activate|p1a: Celesteela|move: Substitute|[damage]\n|move|p1a: Celesteela|Toxic||[still]\n|-fail|p1a: Celesteela\n|\n|-heal|p1a: Celesteela|48\/100|[from] item: Leftovers\n|upkeep\n|turn|79\n|inactive|oyQiang has 120 seconds left.\n|c|\u2606830r|Misclick\n|\n|t:|1700279644\n|switch|p2a: Venusaur|Venusaur-Mega, F|75\/100\n|move|p1a: Celesteela|Heavy Slam|p2a: Venusaur\n|-damage|p2a: Venusaur|41\/100\n|\n|-heal|p1a: Celesteela|54\/100|[from] item: Leftovers\n|upkeep\n|turn|80\n|\n|t:|1700279656\n|move|p2a: Venusaur|Giga Drain|p1a: Celesteela\n|-resisted|p1a: Celesteela\n|-end|p1a: Celesteela|Substitute\n|-heal|p2a: Venusaur|44\/100|[from] drain|[of] p1a: Celesteela\n|move|p1a: Celesteela|Heavy Slam|p2a: Venusaur\n|-damage|p2a: Venusaur|11\/100\n|\n|-heal|p1a: Celesteela|60\/100|[from] item: Leftovers\n|upkeep\n|turn|81\n|\n|t:|1700279663\n|move|p2a: Venusaur|Synthesis|p2a: Venusaur\n|-heal|p2a: Venusaur|61\/100\n|move|p1a: Celesteela|Heavy Slam|p2a: Venusaur\n|-damage|p2a: Venusaur|30\/100\n|\n|-heal|p1a: Celesteela|66\/100|[from] item: Leftovers\n|upkeep\n|turn|82\n|\n|t:|1700279669\n|move|p2a: Venusaur|Synthesis|p2a: Venusaur\n|-heal|p2a: Venusaur|80\/100\n|move|p1a: Celesteela|Heavy Slam|p2a: Venusaur\n|-damage|p2a: Venusaur|50\/100\n|\n|-heal|p1a: Celesteela|72\/100|[from] item: Leftovers\n|upkeep\n|turn|83\n|\n|t:|1700279674\n|move|p2a: Venusaur|Synthesis|p2a: Venusaur\n|-heal|p2a: Venusaur|99\/100\n|move|p1a: Celesteela|Heavy Slam|p2a: Venusaur\n|-damage|p2a: Venusaur|70\/100\n|\n|-heal|p1a: Celesteela|78\/100|[from] item: Leftovers\n|upkeep\n|turn|84\n|\n|t:|1700279684\n|switch|p2a: Heatran|Heatran, F, shiny|67\/100 par\n|move|p1a: Celesteela|Heavy Slam|p2a: Heatran\n|-resisted|p2a: Heatran\n|-damage|p2a: Heatran|63\/100 par\n|\n|-heal|p1a: Celesteela|84\/100|[from] item: Leftovers\n|-heal|p2a: Heatran|69\/100 par|[from] item: Leftovers\n|upkeep\n|turn|85\n|\n|t:|1700279692\n|move|p1a: Celesteela|Substitute|p1a: Celesteela\n|-start|p1a: Celesteela|Substitute\n|-damage|p1a: Celesteela|59\/100\n|move|p2a: Heatran|Magma Storm|p1a: Celesteela\n|-supereffective|p1a: Celesteela\n|-end|p1a: Celesteela|Substitute\n|\n|-heal|p1a: Celesteela|65\/100|[from] item: Leftovers\n|-heal|p2a: Heatran|75\/100 par|[from] item: Leftovers\n|upkeep\n|turn|86\n|\n|t:|1700279702\n|move|p1a: Celesteela|Substitute|p1a: Celesteela\n|-start|p1a: Celesteela|Substitute\n|-damage|p1a: Celesteela|40\/100\n|cant|p2a: Heatran|par\n|\n|-heal|p1a: Celesteela|46\/100|[from] item: Leftovers\n|-heal|p2a: Heatran|82\/100 par|[from] item: Leftovers\n|upkeep\n|turn|87\n|\n|t:|1700279707\n|move|p1a: Celesteela|Leech Seed|p2a: Heatran\n|-start|p2a: Heatran|move: Leech Seed\n|move|p2a: Heatran|Flash Cannon|p1a: Celesteela\n|-resisted|p1a: Celesteela\n|-activate|p1a: Celesteela|move: Substitute|[damage]\n|\n|-heal|p1a: Celesteela|53\/100|[from] item: Leftovers\n|-heal|p2a: Heatran|88\/100 par|[from] item: Leftovers\n|-damage|p2a: Heatran|75\/100 par|[from] Leech Seed|[of] p1a: Celesteela\n|-heal|p1a: Celesteela|65\/100|[silent]\n|upkeep\n|turn|88\n|\n|t:|1700279719\n|switch|p2a: Lokix|Lokix, F|13\/100 par\n|move|p1a: Celesteela|Heavy Slam|p2a: Lokix\n|-damage|p2a: Lokix|0 fnt\n|faint|p2a: Lokix\n|-ability|p1a: Celesteela|Beast Boost|boost\n|-boost|p1a: Celesteela|spd|1\n|\n|-heal|p1a: Celesteela|71\/100|[from] item: Leftovers\n|upkeep\n|\n|t:|1700279728\n|switch|p2a: Heatran|Heatran, F, shiny|75\/100 par\n|turn|89\n|\n|t:|1700279731\n|move|p1a: Celesteela|Leech Seed|p2a: Heatran\n|-start|p2a: Heatran|move: Leech Seed\n|move|p2a: Heatran|Flash Cannon|p1a: Celesteela\n|-resisted|p1a: Celesteela\n|-end|p1a: Celesteela|Substitute\n|\n|-heal|p1a: Celesteela|77\/100|[from] item: Leftovers\n|-heal|p2a: Heatran|82\/100 par|[from] item: Leftovers\n|-damage|p2a: Heatran|69\/100 par|[from] Leech Seed|[of] p1a: Celesteela\n|-heal|p1a: Celesteela|89\/100|[silent]\n|upkeep\n|turn|90\n|\n|t:|1700279737\n|move|p1a: Celesteela|Substitute|p1a: Celesteela\n|-start|p1a: Celesteela|Substitute\n|-damage|p1a: Celesteela|64\/100\n|cant|p2a: Heatran|par\n|\n|-heal|p1a: Celesteela|70\/100|[from] item: Leftovers\n|-heal|p2a: Heatran|75\/100 par|[from] item: Leftovers\n|-damage|p2a: Heatran|63\/100 par|[from] Leech Seed|[of] p1a: Celesteela\n|-heal|p1a: Celesteela|82\/100|[silent]\n|upkeep\n|turn|91\n|\n|t:|1700279748\n|switch|p2a: Venusaur|Venusaur-Mega, F|70\/100\n|move|p1a: Celesteela|Heavy Slam|p2a: Venusaur\n|-crit|p2a: Venusaur\n|-damage|p2a: Venusaur|22\/100\n|\n|-heal|p1a: Celesteela|88\/100|[from] item: Leftovers\n|upkeep\n|turn|92\n|\n|t:|1700279755\n|move|p2a: Venusaur|Synthesis|p2a: Venusaur\n|-heal|p2a: Venusaur|72\/100\n|move|p1a: Celesteela|Heavy Slam|p2a: Venusaur\n|-damage|p2a: Venusaur|39\/100\n|\n|-heal|p1a: Celesteela|94\/100|[from] item: Leftovers\n|upkeep\n|turn|93\n|\n|t:|1700279765\n|move|p2a: Venusaur|Synthesis|p2a: Venusaur\n|-heal|p2a: Venusaur|89\/100\n|move|p1a: Celesteela|Heavy Slam|p2a: Venusaur\n|-damage|p2a: Venusaur|58\/100\n|\n|-heal|p1a: Celesteela|99\/100|[from] item: Leftovers\n|upkeep\n|turn|94\n|\n|t:|1700279777\n|move|p2a: Venusaur|Giga Drain|p1a: Celesteela\n|-resisted|p1a: Celesteela\n|-activate|p1a: Celesteela|move: Substitute|[damage]\n|-heal|p2a: Venusaur|61\/100|[from] drain|[of] p1a: Celesteela\n|move|p1a: Celesteela|Heavy Slam|p2a: Venusaur\n|-damage|p2a: Venusaur|25\/100\n|\n|-heal|p1a: Celesteela|100\/100|[from] item: Leftovers\n|upkeep\n|turn|95\n|\n|t:|1700279784\n|move|p2a: Venusaur|Synthesis|p2a: Venusaur\n|-heal|p2a: Venusaur|75\/100\n|move|p1a: Celesteela|Heavy Slam|p2a: Venusaur\n|-damage|p2a: Venusaur|43\/100\n|\n|upkeep\n|turn|96\n|\n|t:|1700279797\n|move|p2a: Venusaur|Giga Drain|p1a: Celesteela\n|-resisted|p1a: Celesteela\n|-activate|p1a: Celesteela|move: Substitute|[damage]\n|-heal|p2a: Venusaur|46\/100|[from] drain|[of] p1a: Celesteela\n|move|p1a: Celesteela|Heavy Slam|p2a: Venusaur\n|-damage|p2a: Venusaur|10\/100\n|\n|upkeep\n|turn|97\n|\n|t:|1700279806\n|switch|p2a: Heatran|Heatran, F, shiny|63\/100 par\n|move|p1a: Celesteela|Leech Seed|p2a: Heatran|[miss]\n|-miss|p1a: Celesteela|p2a: Heatran\n|\n|-heal|p2a: Heatran|69\/100 par|[from] item: Leftovers\n|upkeep\n|turn|98\n|inactive|oyQiang has 120 seconds left.\n|\n|t:|1700279822\n|switch|p2a: Venusaur|Venusaur-Mega, F|10\/100\n|move|p1a: Celesteela|Leech Seed|p2a: Venusaur\n|-immune|p2a: Venusaur\n|\n|upkeep\n|turn|99\n|inactive|oyQiang has 120 seconds left.\n|\n|t:|1700279832\n|switch|p1a: Toxapex|Toxapex, F, shiny|100\/100\n|-damage|p1a: Toxapex|88\/100|[from] Stealth Rock\n|-damage|p1a: Toxapex|63\/100|[from] Spikes\n|move|p2a: Venusaur|Giga Drain|p1a: Toxapex\n|-damage|p1a: Toxapex|36\/100\n|-heal|p2a: Venusaur|21\/100|[from] drain|[of] p1a: Toxapex\n|\n|-heal|p1a: Toxapex|42\/100|[from] item: Black Sludge\n|upkeep\n|turn|100\n|\n|t:|1700279852\n|move|p1a: Toxapex|Baneful Bunker|p1a: Toxapex\n|-singleturn|p1a: Toxapex|move: Protect\n|move|p2a: Venusaur|Earth Power|p1a: Toxapex\n|-activate|p1a: Toxapex|move: Protect\n|\n|-heal|p1a: Toxapex|49\/100|[from] item: Black Sludge\n|upkeep\n|turn|101\n|inactive|oyQiang has 120 seconds left.\n|\n|t:|1700279863\n|move|p2a: Venusaur|Earth Power|p1a: Toxapex\n|-supereffective|p1a: Toxapex\n|-damage|p1a: Toxapex|6\/100\n|move|p1a: Toxapex|Recover|p1a: Toxapex\n|-heal|p1a: Toxapex|56\/100\n|\n|-heal|p1a: Toxapex|62\/100|[from] item: Black Sludge\n|upkeep\n|turn|102\n|inactive|oyQiang has 120 seconds left.\n|\n|t:|1700279870\n|move|p1a: Toxapex|Baneful Bunker|p1a: Toxapex\n|-singleturn|p1a: Toxapex|move: Protect\n|move|p2a: Venusaur|Giga Drain|p1a: Toxapex\n|-activate|p1a: Toxapex|move: Protect\n|\n|-heal|p1a: Toxapex|68\/100|[from] item: Black Sludge\n|upkeep\n|turn|103\n|\n|t:|1700279873\n|move|p2a: Venusaur|Giga Drain|p1a: Toxapex\n|-damage|p1a: Toxapex|41\/100\n|-heal|p2a: Venusaur|33\/100|[from] drain|[of] p1a: Toxapex\n|move|p1a: Toxapex|Recover|p1a: Toxapex\n|-heal|p1a: Toxapex|91\/100\n|\n|-heal|p1a: Toxapex|97\/100|[from] item: Black Sludge\n|upkeep\n|turn|104\n|\n|t:|1700279877\n|move|p2a: Venusaur|Giga Drain|p1a: Toxapex\n|-damage|p1a: Toxapex|67\/100\n|-heal|p2a: Venusaur|46\/100|[from] drain|[of] p1a: Toxapex\n|move|p1a: Toxapex|Infestation|p2a: Venusaur\n|-damage|p2a: Venusaur|43\/100\n|-activate|p2a: Venusaur|move: Infestation|[of] p1a: Toxapex\n|\n|-heal|p1a: Toxapex|73\/100|[from] item: Black Sludge\n|-damage|p2a: Venusaur|31\/100|[from] move: Infestation|[partiallytrapped]\n|upkeep\n|turn|105\n|\n|t:|1700279881\n|switch|p1a: Celesteela|Celesteela|100\/100\n|-damage|p1a: Celesteela|88\/100|[from] Stealth Rock\n|move|p2a: Venusaur|Giga Drain|p1a: Celesteela\n|-resisted|p1a: Celesteela\n|-damage|p1a: Celesteela|81\/100\n|-heal|p2a: Venusaur|35\/100|[from] drain|[of] p1a: Celesteela\n|\n|-heal|p1a: Celesteela|87\/100|[from] item: Leftovers\n|-end|p2a: Venusaur|Infestation|[partiallytrapped]|[silent]\n|upkeep\n|turn|106\n|\n|t:|1700279902\n|move|p2a: Venusaur|Giga Drain|p1a: Celesteela\n|-resisted|p1a: Celesteela\n|-damage|p1a: Celesteela|80\/100\n|-heal|p2a: Venusaur|39\/100|[from] drain|[of] p1a: Celesteela\n|move|p1a: Celesteela|Substitute|p1a: Celesteela\n|-start|p1a: Celesteela|Substitute\n|-damage|p1a: Celesteela|55\/100\n|\n|-heal|p1a: Celesteela|61\/100|[from] item: Leftovers\n|upkeep\n|turn|107\n|\n|t:|1700279911\n|move|p2a: Venusaur|Giga Drain|p1a: Celesteela\n|-resisted|p1a: Celesteela\n|-activate|p1a: Celesteela|move: Substitute|[damage]\n|-heal|p2a: Venusaur|43\/100|[from] drain|[of] p1a: Celesteela\n|move|p1a: Celesteela|Toxic|p2a: Venusaur|[miss]\n|-miss|p1a: Celesteela|p2a: Venusaur\n|\n|-heal|p1a: Celesteela|67\/100|[from] item: Leftovers\n|upkeep\n|turn|108\n|\n|t:|1700279913\n|move|p2a: Venusaur|Giga Drain|p1a: Celesteela\n|-resisted|p1a: Celesteela\n|-activate|p1a: Celesteela|move: Substitute|[damage]\n|-heal|p2a: Venusaur|47\/100|[from] drain|[of] p1a: Celesteela\n|move|p1a: Celesteela|Toxic|p2a: Venusaur|[miss]\n|-miss|p1a: Celesteela|p2a: Venusaur\n|\n|-heal|p1a: Celesteela|73\/100|[from] item: Leftovers\n|upkeep\n|turn|109\n|\n|t:|1700279919\n|move|p2a: Venusaur|Giga Drain|p1a: Celesteela\n|-resisted|p1a: Celesteela\n|-activate|p1a: Celesteela|move: Substitute|[damage]\n|-heal|p2a: Venusaur|51\/100|[from] drain|[of] p1a: Celesteela\n|move|p1a: Celesteela|Toxic|p2a: Venusaur\n|-immune|p2a: Venusaur\n|\n|-heal|p1a: Celesteela|79\/100|[from] item: Leftovers\n|upkeep\n|turn|110\n|\n|t:|1700279923\n|move|p2a: Venusaur|Giga Drain|p1a: Celesteela\n|-resisted|p1a: Celesteela\n|-end|p1a: Celesteela|Substitute\n|-heal|p2a: Venusaur|53\/100|[from] drain|[of] p1a: Celesteela\n|move|p1a: Celesteela|Toxic|p2a: Venusaur\n|-immune|p2a: Venusaur\n|\n|-heal|p1a: Celesteela|85\/100|[from] item: Leftovers\n|upkeep\n|turn|111\n|\n|t:|1700279933\n|move|p2a: Venusaur|Sludge Bomb|p1a: Celesteela\n|-immune|p1a: Celesteela\n|move|p1a: Celesteela|Toxic|p2a: Venusaur\n|-immune|p2a: Venusaur\n|\n|-heal|p1a: Celesteela|91\/100|[from] item: Leftovers\n|upkeep\n|turn|112\n|\n|t:|1700279942\n|switch|p2a: Heatran|Heatran, F, shiny|69\/100 par\n|move|p1a: Celesteela|Toxic||[still]\n|-fail|p1a: Celesteela\n|\n|-heal|p1a: Celesteela|97\/100|[from] item: Leftovers\n|-heal|p2a: Heatran|75\/100 par|[from] item: Leftovers\n|upkeep\n|turn|113\n|\n|t:|1700279954\n|switch|p1a: Toxapex|Toxapex, F, shiny|100\/100\n|-damage|p1a: Toxapex|88\/100|[from] Stealth Rock\n|-damage|p1a: Toxapex|63\/100|[from] Spikes\n|switch|p2a: Venusaur|Venusaur-Mega, F|53\/100\n|\n|-heal|p1a: Toxapex|69\/100|[from] item: Black Sludge\n|upkeep\n|turn|114\n|\n|t:|1700279963\n|move|p1a: Toxapex|Baneful Bunker|p1a: Toxapex\n|-singleturn|p1a: Toxapex|move: Protect\n|move|p2a: Venusaur|Earth Power|p1a: Toxapex\n|-activate|p1a: Toxapex|move: Protect\n|\n|-heal|p1a: Toxapex|75\/100|[from] item: Black Sludge\n|upkeep\n|turn|115\n|\n|t:|1700279968\n|move|p2a: Venusaur|Earth Power|p1a: Toxapex\n|-supereffective|p1a: Toxapex\n|-damage|p1a: Toxapex|31\/100\n|move|p1a: Toxapex|Infestation|p2a: Venusaur\n|-damage|p2a: Venusaur|50\/100\n|-activate|p2a: Venusaur|move: Infestation|[of] p1a: Toxapex\n|\n|-heal|p1a: Toxapex|38\/100|[from] item: Black Sludge\n|-damage|p2a: Venusaur|38\/100|[from] move: Infestation|[partiallytrapped]\n|upkeep\n|turn|116\n|\n|t:|1700279975\n|move|p1a: Toxapex|Baneful Bunker|p1a: Toxapex\n|-singleturn|p1a: Toxapex|move: Protect\n|move|p2a: Venusaur|Sludge Bomb|p1a: Toxapex\n|-activate|p1a: Toxapex|move: Protect\n|\n|-heal|p1a: Toxapex|44\/100|[from] item: Black Sludge\n|-damage|p2a: Venusaur|26\/100|[from] move: Infestation|[partiallytrapped]\n|upkeep\n|turn|117\n|\n|t:|1700279994\n|switch|p1a: Celesteela|Celesteela|97\/100\n|-damage|p1a: Celesteela|85\/100|[from] Stealth Rock\n|move|p2a: Venusaur|Sludge Bomb|p1a: Celesteela\n|-immune|p1a: Celesteela\n|\n|-heal|p1a: Celesteela|91\/100|[from] item: Leftovers\n|-end|p2a: Venusaur|Infestation|[partiallytrapped]|[silent]\n|upkeep\n|turn|118\n|\n|t:|1700280007\n|switch|p2a: Heatran|Heatran, F, shiny|75\/100 par\n|move|p1a: Celesteela|Substitute|p1a: Celesteela\n|-start|p1a: Celesteela|Substitute\n|-damage|p1a: Celesteela|66\/100\n|\n|-heal|p1a: Celesteela|72\/100|[from] item: Leftovers\n|-heal|p2a: Heatran|82\/100 par|[from] item: Leftovers\n|upkeep\n|turn|119\n|\n|t:|1700280019\n|switch|p1a: Toxapex|Toxapex, F, shiny|77\/100\n|-damage|p1a: Toxapex|65\/100|[from] Stealth Rock\n|-damage|p1a: Toxapex|40\/100|[from] Spikes\n|move|p2a: Heatran|Flash Cannon|p1a: Toxapex\n|-resisted|p1a: Toxapex\n|-damage|p1a: Toxapex|24\/100\n|\n|-heal|p1a: Toxapex|30\/100|[from] item: Black Sludge\n|-heal|p2a: Heatran|88\/100 par|[from] item: Leftovers\n|upkeep\n|turn|120\n|inactive|oyQiang has 120 seconds left.\n|\n|t:|1700280034\n|switch|p2a: Venusaur|Venusaur-Mega, F|26\/100\n|move|p1a: Toxapex|Recover|p1a: Toxapex\n|-heal|p1a: Toxapex|80\/100\n|\n|-heal|p1a: Toxapex|87\/100|[from] item: Black Sludge\n|upkeep\n|turn|121\n|inactive|oyQiang has 120 seconds left.\n|\n|t:|1700280050\n|move|p2a: Venusaur|Earth Power|p1a: Toxapex\n|-supereffective|p1a: Toxapex\n|-damage|p1a: Toxapex|41\/100\n|move|p1a: Toxapex|Infestation|p2a: Venusaur\n|-damage|p2a: Venusaur|23\/100\n|-activate|p2a: Venusaur|move: Infestation|[of] p1a: Toxapex\n|\n|-heal|p1a: Toxapex|47\/100|[from] item: Black Sludge\n|-damage|p2a: Venusaur|11\/100|[from] move: Infestation|[partiallytrapped]\n|upkeep\n|turn|122\n|\n|t:|1700280059\n|move|p1a: Toxapex|Baneful Bunker|p1a: Toxapex\n|-singleturn|p1a: Toxapex|move: Protect\n|move|p2a: Venusaur|Earth Power|p1a: Toxapex\n|-activate|p1a: Toxapex|move: Protect\n|\n|-heal|p1a: Toxapex|53\/100|[from] item: Black Sludge\n|-damage|p2a: Venusaur|0 fnt|[from] move: Infestation|[partiallytrapped]\n|faint|p2a: Venusaur\n|upkeep\n|\n|t:|1700280069\n|switch|p2a: Heatran|Heatran, F, shiny|88\/100 par\n|turn|123\n|c|\u2606830r|G FUCKING G\n|\n|t:|1700280073\n|move|p1a: Toxapex|Infestation|p2a: Heatran\n|-resisted|p2a: Heatran\n|-damage|p2a: Heatran|87\/100 par\n|-activate|p2a: Heatran|move: Infestation|[of] p1a: Toxapex\n|cant|p2a: Heatran|par\n|\n|-heal|p1a: Toxapex|59\/100|[from] item: Black Sludge\n|-heal|p2a: Heatran|94\/100 par|[from] item: Leftovers\n|-damage|p2a: Heatran|81\/100 par|[from] move: Infestation|[partiallytrapped]\n|upkeep\n|turn|124\n|c|\u2606830r|You\u2019re a hell of a player for sticking it out\n|\n|t:|1700280092\n|switch|p1a: Celesteela|Celesteela|72\/100\n|-damage|p1a: Celesteela|60\/100|[from] Stealth Rock\n|move|p2a: Heatran|Flash Cannon|p1a: Celesteela\n|-resisted|p1a: Celesteela\n|-damage|p1a: Celesteela|44\/100\n|\n|-heal|p1a: Celesteela|50\/100|[from] item: Leftovers\n|-heal|p2a: Heatran|87\/100 par|[from] item: Leftovers\n|-end|p2a: Heatran|Infestation|[partiallytrapped]|[silent]\n|upkeep\n|turn|125\n|c|\u2606830r|I applaud you\n|\n|t:|1700280109\n|move|p1a: Celesteela|Substitute|p1a: Celesteela\n|-start|p1a: Celesteela|Substitute\n|-damage|p1a: Celesteela|25\/100\n|move|p2a: Heatran|Overheat|p1a: Celesteela\n|-supereffective|p1a: Celesteela\n|-end|p1a: Celesteela|Substitute\n|-unboost|p2a: Heatran|spa|2\n|\n|-heal|p1a: Celesteela|31\/100|[from] item: Leftovers\n|-heal|p2a: Heatran|94\/100 par|[from] item: Leftovers\n|upkeep\n|turn|126\n|\n|t:|1700280115\n|move|p1a: Celesteela|Substitute|p1a: Celesteela\n|-start|p1a: Celesteela|Substitute\n|-damage|p1a: Celesteela|7\/100\n|move|p2a: Heatran|Flash Cannon|p1a: Celesteela\n|-resisted|p1a: Celesteela\n|-activate|p1a: Celesteela|move: Substitute|[damage]\n|\n|-heal|p1a: Celesteela|13\/100|[from] item: Leftovers\n|-heal|p2a: Heatran|99\/100 par|[from] item: Leftovers\n|upkeep\n|turn|127\n|\n|t:|1700280121\n|move|p1a: Celesteela|Leech Seed|p2a: Heatran|[miss]\n|-miss|p1a: Celesteela|p2a: Heatran\n|move|p2a: Heatran|Flash Cannon|p1a: Celesteela\n|-resisted|p1a: Celesteela\n|-activate|p1a: Celesteela|move: Substitute|[damage]\n|\n|-heal|p1a: Celesteela|19\/100|[from] item: Leftovers\n|-heal|p2a: Heatran|100\/100 par|[from] item: Leftovers\n|upkeep\n|turn|128\n|\n|t:|1700280130\n|move|p1a: Celesteela|Leech Seed|p2a: Heatran\n|-start|p2a: Heatran|move: Leech Seed\n|move|p2a: Heatran|Flash Cannon|p1a: Celesteela\n|-resisted|p1a: Celesteela\n|-activate|p1a: Celesteela|move: Substitute|[damage]\n|\n|-heal|p1a: Celesteela|25\/100|[from] item: Leftovers\n|-damage|p2a: Heatran|88\/100 par|[from] Leech Seed|[of] p1a: Celesteela\n|-heal|p1a: Celesteela|37\/100|[silent]\n|upkeep\n|turn|129\n|\n|t:|1700280139\n|move|p1a: Celesteela|Toxic||[still]\n|-fail|p1a: Celesteela\n|move|p2a: Heatran|Overheat|p1a: Celesteela\n|-supereffective|p1a: Celesteela\n|-end|p1a: Celesteela|Substitute\n|-unboost|p2a: Heatran|spa|2\n|\n|-heal|p1a: Celesteela|43\/100|[from] item: Leftovers\n|-heal|p2a: Heatran|94\/100 par|[from] item: Leftovers\n|-damage|p2a: Heatran|82\/100 par|[from] Leech Seed|[of] p1a: Celesteela\n|-heal|p1a: Celesteela|55\/100|[silent]\n|upkeep\n|turn|130\n|\n|t:|1700280143\n|move|p1a: Celesteela|Substitute|p1a: Celesteela\n|-start|p1a: Celesteela|Substitute\n|-damage|p1a: Celesteela|30\/100\n|cant|p2a: Heatran|par\n|\n|-heal|p1a: Celesteela|36\/100|[from] item: Leftovers\n|-heal|p2a: Heatran|88\/100 par|[from] item: Leftovers\n|-damage|p2a: Heatran|76\/100 par|[from] Leech Seed|[of] p1a: Celesteela\n|-heal|p1a: Celesteela|48\/100|[silent]\n|upkeep\n|turn|131\n|\n|t:|1700280150\n|move|p1a: Celesteela|Toxic||[still]\n|-fail|p1a: Celesteela\n|move|p2a: Heatran|Overheat|p1a: Celesteela\n|-supereffective|p1a: Celesteela\n|-end|p1a: Celesteela|Substitute\n|-unboost|p2a: Heatran|spa|2\n|\n|-heal|p1a: Celesteela|54\/100|[from] item: Leftovers\n|-heal|p2a: Heatran|82\/100 par|[from] item: Leftovers\n|-damage|p2a: Heatran|69\/100 par|[from] Leech Seed|[of] p1a: Celesteela\n|-heal|p1a: Celesteela|66\/100|[silent]\n|upkeep\n|turn|132\n|\n|t:|1700280156\n|move|p1a: Celesteela|Substitute|p1a: Celesteela\n|-start|p1a: Celesteela|Substitute\n|-damage|p1a: Celesteela|41\/100\n|move|p2a: Heatran|Overheat|p1a: Celesteela\n|-supereffective|p1a: Celesteela\n|-end|p1a: Celesteela|Substitute\n|\n|-heal|p1a: Celesteela|47\/100|[from] item: Leftovers\n|-heal|p2a: Heatran|76\/100 par|[from] item: Leftovers\n|-damage|p2a: Heatran|63\/100 par|[from] Leech Seed|[of] p1a: Celesteela\n|-heal|p1a: Celesteela|59\/100|[silent]\n|upkeep\n|turn|133\n|\n|t:|1700280165\n|move|p1a: Celesteela|Leech Seed||[still]\n|-fail|p1a: Celesteela\n|move|p2a: Heatran|Overheat|p1a: Celesteela\n|-supereffective|p1a: Celesteela\n|-damage|p1a: Celesteela|30\/100\n|\n|-heal|p1a: Celesteela|36\/100|[from] item: Leftovers\n|-heal|p2a: Heatran|69\/100 par|[from] item: Leftovers\n|-damage|p2a: Heatran|57\/100 par|[from] Leech Seed|[of] p1a: Celesteela\n|-heal|p1a: Celesteela|48\/100|[silent]\n|upkeep\n|turn|134\n|inactive|oyQiang has 120 seconds left.\n|\n|t:|1700280176\n|move|p1a: Celesteela|Leech Seed||[still]\n|-fail|p1a: Celesteela\n|move|p2a: Heatran|Stealth Rock||[still]\n|-fail|p2a: Heatran\n|\n|-heal|p1a: Celesteela|54\/100|[from] item: Leftovers\n|-heal|p2a: Heatran|63\/100 par|[from] item: Leftovers\n|-damage|p2a: Heatran|51\/100 par|[from] Leech Seed|[of] p1a: Celesteela\n|-heal|p1a: Celesteela|66\/100|[silent]\n|upkeep\n|turn|135\n|inactive|oyQiang has 120 seconds left.\n|\n|t:|1700280191\n|switch|p1a: Cursola|Cursola, M, shiny, tera:Fairy|100\/100\n|-damage|p1a: Cursola|88\/100|[from] Stealth Rock\n|-damage|p1a: Cursola|63\/100|[from] Spikes\n|move|p2a: Heatran|Stealth Rock||[still]\n|-fail|p2a: Heatran\n|\n|-heal|p2a: Heatran|57\/100 par|[from] item: Leftovers\n|-damage|p2a: Heatran|45\/100 par|[from] Leech Seed|[of] p1a: Cursola\n|-heal|p1a: Cursola|78\/100|[silent]\n|upkeep\n|turn|136\n|\n|t:|1700280194\n|move|p2a: Heatran|Flash Cannon|p1a: Cursola\n|-supereffective|p1a: Cursola\n|-damage|p1a: Cursola|57\/100\n|move|p1a: Cursola|Hex|p2a: Heatran\n|-damage|p2a: Heatran|0 fnt\n|faint|p2a: Heatran\n|\n|win|830r\n|raw|830r's rating: 1158 &rarr; <strong>1183<\/strong><br \/>(+25 for winning)\n|raw|oyQiang's rating: 1154 &rarr; <strong>1129<\/strong><br \/>(-25 for losing)\n|c|\u2606830r|Gg\n","uploadtime":1700280228,"views":23,"p1id":"830r","p2id":"oyqiang","formatid":"gen9nationaldex","rating":1129,"private":0,"password":""}