{"id":"gen9nationaldex-1989092465","p1":"endmy","p2":"Oxxo_ntsm","format":"[Gen 9] National Dex","log":"|j|\u2606endmy\n|j|\u2606Oxxo_ntsm\n|t:|1699811314\n|gametype|singles\n|player|p1|endmy|unknown|\n|player|p2|Oxxo_ntsm|hilbert-wonderlauncher|\n|teamsize|p1|6\n|teamsize|p2|6\n|gen|9\n|tier|[Gen 9] National Dex\n|rule|HP Percentage Mod: HP is shown in percentages\n|rule|Endless Battle Clause: Forcing endless battles is banned\n|rule|OHKO Clause: OHKO moves are banned\n|rule|Evasion Clause: Evasion abilities, items, and moves are banned\n|rule|Evasion Abilities Clause: Evasion abilities are banned\n|rule|Evasion Items Clause: Evasion items are banned\n|rule|Evasion Moves Clause: Evasion moves are banned\n|rule|Species Clause: Limit one of each Pok\u00e9mon\n|rule|Sleep Clause Mod: Limit one foe put to sleep\n|clearpoke\n|poke|p1|Whimsicott, F|\n|poke|p1|Gardevoir, F|\n|poke|p1|Iron Valiant|\n|poke|p1|Klefki, F|\n|poke|p1|Mawile, M|\n|poke|p1|Clefable, F|\n|poke|p2|Galvantula, M|\n|poke|p2|Azumarill, M|\n|poke|p2|Volcarona, F|\n|poke|p2|Ursaluna, M|\n|poke|p2|Porygon2|\n|poke|p2|Gliscor, M|\n|teampreview\n|inactive|Battle timer is ON: inactive players will automatically lose when time's up. (requested by Oxxo_ntsm)\n|c|\u2606Oxxo_ntsm|Buena suerte\n|c|\u2606endmy|igualmente oxxo\n|\n|t:|1699811339\n|start\n|switch|p1a: Klefki|Klefki, F, shiny|100\/100\n|switch|p2a: Murcielascorpion|Gliscor, M|100\/100\n|turn|1\n|\n|t:|1699811350\n|-terastallize|p1a: Klefki|Steel\n|move|p1a: Klefki|Reflect|p1a: Klefki\n|-sidestart|p1: endmy|Reflect\n|move|p2a: Murcielascorpion|Stealth Rock|p1a: Klefki\n|-sidestart|p1: endmy|move: Stealth Rock\n|\n|-status|p2a: Murcielascorpion|tox|[from] item: Toxic Orb\n|upkeep\n|turn|2\n|\n|t:|1699811364\n|move|p1a: Klefki|Light Screen|p1a: Klefki\n|-sidestart|p1: endmy|move: Light Screen\n|move|p2a: Murcielascorpion|U-turn|p1a: Klefki\n|-resisted|p1a: Klefki\n|-damage|p1a: Klefki|96\/100\n|\n|t:|1699811370\n|switch|p2a: Azumadre|Azumarill, M|100\/100|[from] U-turn\n|\n|upkeep\n|turn|3\n|\n|t:|1699811375\n|move|p1a: Klefki|Thunder Wave|p2a: Azumadre\n|-status|p2a: Azumadre|par\n|move|p2a: Azumadre|Brick Break|p1a: Klefki\n|-sideend|p1: endmy|Reflect\n|-sideend|p1: endmy|move: Light Screen\n|-supereffective|p1a: Klefki\n|-damage|p1a: Klefki|23\/100\n|\n|upkeep\n|turn|4\n|\n|t:|1699811383\n|move|p1a: Klefki|Spikes|p2a: Azumadre\n|-sidestart|p2: Oxxo_ntsm|Spikes\n|move|p2a: Azumadre|Brick Break|p1a: Klefki\n|-supereffective|p1a: Klefki\n|-damage|p1a: Klefki|0 fnt\n|faint|p1a: Klefki\n|\n|upkeep\n|\n|t:|1699811400\n|switch|p1a: Mawile|Mawile, M|100\/100\n|-damage|p1a: Mawile|95\/100|[from] Stealth Rock\n|turn|5\n|\n|t:|1699811414\n|switch|p2a: Mothra|Volcarona, F, shiny|100\/100\n|detailschange|p1a: Mawile|Mawile-Mega, M\n|-mega|p1a: Mawile|Mawile|Mawilite\n|move|p1a: Mawile|Swords Dance|p1a: Mawile\n|-boost|p1a: Mawile|atk|2\n|\n|upkeep\n|turn|6\n|\n|t:|1699811425\n|move|p1a: Mawile|Sucker Punch||[still]\n|-fail|p1a: Mawile\n|move|p2a: Mothra|Quiver Dance|p2a: Mothra\n|-boost|p2a: Mothra|spa|1\n|-boost|p2a: Mothra|spd|1\n|-boost|p2a: Mothra|spe|1\n|\n|upkeep\n|turn|7\n|\n|t:|1699811434\n|move|p1a: Mawile|Sucker Punch|p2a: Mothra\n|-damage|p2a: Mothra|0 fnt\n|faint|p2a: Mothra\n|\n|upkeep\n|\n|t:|1699811446\n|switch|p2a: Murcielascorpion|Gliscor, M|100\/100 tox\n|turn|8\n|\n|t:|1699811467\n|move|p1a: Mawile|Sucker Punch|p2a: Murcielascorpion\n|-damage|p2a: Murcielascorpion|23\/100 tox\n|move|p2a: Murcielascorpion|Knock Off|p1a: Mawile\n|-resisted|p1a: Mawile\n|-crit|p1a: Mawile\n|-damage|p1a: Mawile|84\/100\n|\n|-heal|p2a: Murcielascorpion|36\/100 tox|[from] ability: Poison Heal\n|upkeep\n|turn|9\n|\n|t:|1699811483\n|move|p1a: Mawile|Sucker Punch|p2a: Murcielascorpion\n|-damage|p2a: Murcielascorpion|0 fnt\n|faint|p2a: Murcielascorpion\n|\n|upkeep\n|inactive|Oxxo_ntsm has 270 seconds left.\n|\n|t:|1699811504\n|switch|p2a: Azumadre|Azumarill, M|100\/100 par\n|-damage|p2a: Azumadre|88\/100 par|[from] Spikes\n|turn|10\n|\n|t:|1699811516\n|move|p1a: Mawile|Sucker Punch|p2a: Azumadre\n|-resisted|p2a: Azumadre\n|-damage|p2a: Azumadre|40\/100 par\n|move|p2a: Azumadre|Brick Break|p1a: Mawile\n|-damage|p1a: Mawile|54\/100\n|\n|-heal|p2a: Azumadre|46\/100 par|[from] item: Leftovers\n|upkeep\n|turn|11\n|\n|t:|1699811525\n|move|p1a: Mawile|Iron Head|p2a: Azumadre\n|-damage|p2a: Azumadre|0 fnt\n|faint|p2a: Azumadre\n|\n|upkeep\n|\n|t:|1699811534\n|switch|p2a: Galvanni|Galvantula, M|100\/100\n|-damage|p2a: Galvanni|88\/100|[from] Spikes\n|turn|12\n|\n|t:|1699811542\n|move|p2a: Galvanni|Thunder Wave|p1a: Mawile\n|-status|p1a: Mawile|par\n|move|p1a: Mawile|Iron Head|p2a: Galvanni\n|-resisted|p2a: Galvanni\n|-damage|p2a: Galvanni|0 fnt\n|faint|p2a: Galvanni\n|\n|upkeep\n|\n|t:|1699811554\n|switch|p2a: Pato|Porygon2, shiny|100\/100\n|-damage|p2a: Pato|88\/100|[from] Spikes\n|turn|13\n|\n|t:|1699811579\n|move|p1a: Mawile|Sucker Punch|p2a: Pato\n|-damage|p2a: Pato|23\/100\n|move|p2a: Pato|Thunderbolt|p1a: Mawile\n|-damage|p1a: Mawile|11\/100 par\n|\n|upkeep\n|turn|14\n|\n|t:|1699811589\n|move|p1a: Mawile|Sucker Punch|p2a: Pato\n|-damage|p2a: Pato|0 fnt\n|faint|p2a: Pato\n|\n|upkeep\n|\n|t:|1699811594\n|switch|p2a: Segata Sanshiro|Ursaluna, M|100\/100\n|-damage|p2a: Segata Sanshiro|88\/100|[from] Spikes\n|turn|15\n|\n|t:|1699811606\n|move|p2a: Segata Sanshiro|Protect|p2a: Segata Sanshiro\n|-singleturn|p2a: Segata Sanshiro|Protect\n|move|p1a: Mawile|Sucker Punch||[still]\n|-fail|p1a: Mawile\n|\n|-status|p2a: Segata Sanshiro|brn|[from] item: Flame Orb\n|upkeep\n|turn|16\n|\n|t:|1699811617\n|move|p2a: Segata Sanshiro|Earthquake|p1a: Mawile\n|-supereffective|p1a: Mawile\n|-damage|p1a: Mawile|0 fnt\n|faint|p1a: Mawile\n|\n|-damage|p2a: Segata Sanshiro|82\/100 brn|[from] brn\n|upkeep\n|\n|t:|1699811628\n|switch|p1a: Whimsicott|Whimsicott, F|100\/100\n|-damage|p1a: Whimsicott|88\/100|[from] Stealth Rock\n|turn|17\n|\n|t:|1699811634\n|move|p1a: Whimsicott|Encore|p2a: Segata Sanshiro\n|-start|p2a: Segata Sanshiro|Encore\n|move|p2a: Segata Sanshiro|Earthquake|p1a: Whimsicott\n|-resisted|p1a: Whimsicott\n|-damage|p1a: Whimsicott|52\/100\n|\n|-heal|p1a: Whimsicott|58\/100|[from] item: Leftovers\n|-damage|p2a: Segata Sanshiro|76\/100 brn|[from] brn\n|upkeep\n|turn|18\n|\n|t:|1699811645\n|move|p1a: Whimsicott|Giga Drain|p2a: Segata Sanshiro\n|-supereffective|p2a: Segata Sanshiro\n|-damage|p2a: Segata Sanshiro|41\/100 brn\n|-heal|p1a: Whimsicott|83\/100|[from] drain|[of] p2a: Segata Sanshiro\n|move|p2a: Segata Sanshiro|Earthquake|p1a: Whimsicott\n|-resisted|p1a: Whimsicott\n|-damage|p1a: Whimsicott|44\/100\n|\n|-heal|p1a: Whimsicott|50\/100|[from] item: Leftovers\n|-damage|p2a: Segata Sanshiro|35\/100 brn|[from] brn\n|upkeep\n|turn|19\n|\n|t:|1699811657\n|-terastallize|p2a: Segata Sanshiro|Normal\n|move|p1a: Whimsicott|Giga Drain|p2a: Segata Sanshiro\n|-damage|p2a: Segata Sanshiro|17\/100 brn\n|-heal|p1a: Whimsicott|64\/100|[from] drain|[of] p2a: Segata Sanshiro\n|move|p2a: Segata Sanshiro|Earthquake|p1a: Whimsicott\n|-resisted|p1a: Whimsicott\n|-damage|p1a: Whimsicott|28\/100\n|\n|-heal|p1a: Whimsicott|35\/100|[from] item: Leftovers\n|-damage|p2a: Segata Sanshiro|11\/100 brn|[from] brn\n|-end|p2a: Segata Sanshiro|Encore\n|upkeep\n|turn|20\n|\n|t:|1699811673\n|move|p1a: Whimsicott|Giga Drain|p2a: Segata Sanshiro\n|-damage|p2a: Segata Sanshiro|0 fnt\n|-heal|p1a: Whimsicott|42\/100|[from] drain|[of] p2a: Segata Sanshiro\n|faint|p2a: Segata Sanshiro\n|\n|win|endmy\n|c|\u2606Oxxo_ntsm|gg\n|c|\u2606endmy|buena jugada\n","uploadtime":1699811682,"views":8,"p1id":"endmy","p2id":"oxxontsm","formatid":"gen9nationaldex","rating":0,"private":0,"password":""}