{"id":"gen9nationaldex-1987657176","p1":"lchx","p2":"xdswl","format":"[Gen 9] National Dex","log":"|j|\u2606lchx\n|j|\u2606xdswl\n|t:|1699624719\n|gametype|singles\n|player|p1|lchx|ghetsis|\n|player|p2|xdswl|1|\n|teamsize|p1|6\n|teamsize|p2|6\n|gen|9\n|tier|[Gen 9] National Dex\n|rule|HP Percentage Mod: HP is shown in percentages\n|rule|Endless Battle Clause: Forcing endless battles is banned\n|rule|OHKO Clause: OHKO moves are banned\n|rule|Evasion Clause: Evasion abilities, items, and moves are banned\n|rule|Evasion Abilities Clause: Evasion abilities are banned\n|rule|Evasion Items Clause: Evasion items are banned\n|rule|Evasion Moves Clause: Evasion moves are banned\n|rule|Species Clause: Limit one of each Pok\u00e9mon\n|rule|Sleep Clause Mod: Limit one foe put to sleep\n|clearpoke\n|poke|p1|Iron Treads|\n|poke|p1|Ceruledge, M|\n|poke|p1|Iron Valiant|\n|poke|p1|Rillaboom, F|\n|poke|p1|Torterra, F|\n|poke|p1|Azumarill, M|\n|poke|p2|Kommo-o, F|\n|poke|p2|Corviknight, M|\n|poke|p2|Ogerpon-Cornerstone, F|\n|poke|p2|Toxapex, M|\n|poke|p2|Ceruledge, F|\n|poke|p2|Kyurem|\n|teampreview\n|c|\u2606xdswl|\u5636\n|c|\u2606xdswl|k8\u5927\u4f6c\n|c|\u2606xdswl|\u819c\u62dc\n|\n|t:|1699624743\n|start\n|switch|p1a: \u6211\u81ea\u6740\u7ed9\u4f60\u770b|Iron Treads|100\/100\n|switch|p2a: Kommo-o|Kommo-o, F|100\/100\n|-enditem|p1a: \u6211\u81ea\u6740\u7ed9\u4f60\u770b|Booster Energy\n|-activate|p1a: \u6211\u81ea\u6740\u7ed9\u4f60\u770b|ability: Quark Drive|[fromitem]\n|-start|p1a: \u6211\u81ea\u6740\u7ed9\u4f60\u770b|quarkdrivespe\n|turn|1\n|\n|t:|1699624754\n|switch|p2a: Corviknight|Corviknight, M|100\/100\n|-ability|p2a: Corviknight|Pressure\n|move|p1a: \u6211\u81ea\u6740\u7ed9\u4f60\u770b|Stealth Rock|p2a: Corviknight\n|-sidestart|p2: xdswl|move: Stealth Rock\n|\n|upkeep\n|turn|2\n|j| XYStarshine.\u661f\u8000\n|j| Mr.checkmate\u65e0\u5fc3\u65e0\u68a6\n|l| Mr.checkmate\u65e0\u5fc3\u65e0\u68a6\n|\n|t:|1699624773\n|-end|p1a: \u6211\u81ea\u6740\u7ed9\u4f60\u770b|Quark Drive|[silent]\n|switch|p1a: \u4e8c\u6b21\u6027|Azumarill, M|100\/100\n|move|p2a: Corviknight|Defog|p1a: \u4e8c\u6b21\u6027\n|-unboost|p1a: \u4e8c\u6b21\u6027|evasion|1\n|-sideend|p2: xdswl|Stealth Rock|[from] move: Defog|[of] p2a: Corviknight\n|\n|upkeep\n|turn|3\n|\n|t:|1699624783\n|move|p2a: Corviknight|U-turn|p1a: \u4e8c\u6b21\u6027\n|-resisted|p1a: \u4e8c\u6b21\u6027\n|-damage|p1a: \u4e8c\u6b21\u6027|93\/100\n|\n|t:|1699624786\n|switch|p2a: Toxapex|Toxapex, M|100\/100|[from] U-turn\n|move|p1a: \u4e8c\u6b21\u6027|Belly Drum|p1a: \u4e8c\u6b21\u6027\n|-damage|p1a: \u4e8c\u6b21\u6027|43\/100\n|-setboost|p1a: \u4e8c\u6b21\u6027|atk|6|[from] move: Belly Drum\n|\n|upkeep\n|turn|4\n|c|\u2606xdswl|\u5636\n|\n|t:|1699624795\n|move|p1a: \u4e8c\u6b21\u6027|Play Rough|p2a: Toxapex\n|-resisted|p2a: Toxapex\n|-damage|p2a: Toxapex|26\/100\n|-unboost|p2a: Toxapex|atk|1\n|move|p2a: Toxapex|Haze|p2a: Toxapex\n|-clearallboost\n|\n|upkeep\n|turn|5\n|c| XYStarshine.\u661f\u8000|\u4f60\u731c\u4ed6\u4e3a\u4ec0\u4e48\u53eb\u4e8c\u6b21\u6027\uff08\uff09\n|c|\u2606xdswl|\u6709\u9053\u7406\n|c|\u2606lchx|\u4ec0\u4e48\u5e9f\u7269\u5229\u5ea6\n|\n|t:|1699624822\n|-zpower|p1a: \u4e8c\u6b21\u6027\n|move|p1a: \u4e8c\u6b21\u6027|Z-Belly Drum|p1a: \u4e8c\u6b21\u6027|[anim]Belly Drum\n|-heal|p1a: \u4e8c\u6b21\u6027|100\/100|[zeffect]\n|-damage|p1a: \u4e8c\u6b21\u6027|51\/100\n|-setboost|p1a: \u4e8c\u6b21\u6027|atk|6|[from] move: Belly Drum\n|move|p2a: Toxapex|Toxic|p1a: \u4e8c\u6b21\u6027\n|-status|p1a: \u4e8c\u6b21\u6027|tox\n|\n|-damage|p1a: \u4e8c\u6b21\u6027|44\/100 tox|[from] psn\n|upkeep\n|turn|6\n|c| XYStarshine.\u661f\u8000|\u7eb3\u5c3c\uff1f\uff1f\n|c|\u2606xdswl|\u5c34\u5c2c\u4e86\uff08\n|\n|t:|1699624841\n|switch|p2a: Corviknight|Corviknight, M|100\/100\n|-ability|p2a: Corviknight|Pressure\n|move|p1a: \u4e8c\u6b21\u6027|Brick Break|p2a: Corviknight\n|-damage|p2a: Corviknight|22\/100\n|-damage|p1a: \u4e8c\u6b21\u6027|28\/100 tox|[from] item: Rocky Helmet|[of] p2a: Corviknight\n|\n|-damage|p1a: \u4e8c\u6b21\u6027|15\/100 tox|[from] psn\n|upkeep\n|turn|7\n|c|\u2606xdswl|\u554a\u8fd9\n|c|\u2606lchx|\u868c\u4e0d\u4f4f\u4e86\n|c|\u2606xdswl|\u6ca1\u6253\u6b7b\uff08\n|c| XYStarshine.\u661f\u8000|\u600e\u4e48\u8fd8\u6709\u5288\u74e6\n|\n|t:|1699624872\n|move|p2a: Corviknight|Roost|p2a: Corviknight\n|-heal|p2a: Corviknight|72\/100\n|-singleturn|p2a: Corviknight|move: Roost\n|move|p1a: \u4e8c\u6b21\u6027|Play Rough|p2a: Corviknight\n|-resisted|p2a: Corviknight\n|-damage|p2a: Corviknight|7\/100\n|-damage|p1a: \u4e8c\u6b21\u6027|0 fnt|[from] item: Rocky Helmet|[of] p2a: Corviknight\n|faint|p1a: \u4e8c\u6b21\u6027\n|\n|upkeep\n|c|\u2606xdswl|\u516d\n|\n|t:|1699624881\n|switch|p1a: \u6211\u81ea\u6740\u7ed9\u4f60\u770b|Iron Treads|100\/100\n|turn|8\n|\n|t:|1699624885\n|move|p1a: \u6211\u81ea\u6740\u7ed9\u4f60\u770b|Steel Beam|p2a: Corviknight\n|-resisted|p2a: Corviknight\n|-damage|p2a: Corviknight|0 fnt\n|-damage|p1a: \u6211\u81ea\u6740\u7ed9\u4f60\u770b|50\/100|[from] steelbeam\n|faint|p2a: Corviknight\n|\n|upkeep\n|\n|t:|1699624891\n|switch|p2a: Ceruledge|Ceruledge, F|100\/100\n|turn|9\n|c| XYStarshine.\u661f\u8000|\u5148\u8bfb\u5bb3\u6b7b\u4eba\uff08\u786e\u4fe1\uff09\n|c|\u2606lchx|\u9a6c\u4e0a\u6362\u62cd\u843d\n|c|\u2606xdswl|\u6253\u9519\u4e86\uff08\u6c57\n|c| XYStarshine.\u661f\u8000|\u4e50\n|\n|t:|1699624923\n|move|p1a: \u6211\u81ea\u6740\u7ed9\u4f60\u770b|Earth Power|p2a: Ceruledge\n|-supereffective|p2a: Ceruledge\n|-damage|p2a: Ceruledge|28\/100\n|move|p2a: Ceruledge|Swords Dance|p2a: Ceruledge\n|-boost|p2a: Ceruledge|atk|2\n|\n|upkeep\n|turn|10\n|\n|t:|1699624930\n|move|p2a: Ceruledge|Shadow Sneak|p1a: \u6211\u81ea\u6740\u7ed9\u4f60\u770b\n|-damage|p1a: \u6211\u81ea\u6740\u7ed9\u4f60\u770b|15\/100\n|move|p1a: \u6211\u81ea\u6740\u7ed9\u4f60\u770b|Earth Power|p2a: Ceruledge\n|-supereffective|p2a: Ceruledge\n|-damage|p2a: Ceruledge|0 fnt\n|faint|p2a: Ceruledge\n|\n|upkeep\n|\n|t:|1699624936\n|switch|p2a: Kyurem|Kyurem|100\/100\n|-ability|p2a: Kyurem|Pressure\n|turn|11\n|\n|t:|1699624945\n|move|p1a: \u6211\u81ea\u6740\u7ed9\u4f60\u770b|Steel Beam|p2a: Kyurem\n|-supereffective|p2a: Kyurem\n|-damage|p2a: Kyurem|11\/100\n|-damage|p1a: \u6211\u81ea\u6740\u7ed9\u4f60\u770b|0 fnt|[from] steelbeam\n|faint|p1a: \u6211\u81ea\u6740\u7ed9\u4f60\u770b\n|-end|p1a: \u6211\u81ea\u6740\u7ed9\u4f60\u770b|Quark Drive|[silent]\n|move|p2a: Kyurem|Scale Shot|p1: \u6211\u81ea\u6740\u7ed9\u4f60\u770b|[notarget]\n|-fail|p2a: Kyurem\n|\n|upkeep\n|c|\u2606xdswl|\u8349\n|\n|t:|1699624953\n|switch|p1a: \u770b\u6211\u4e00\u4e2a\u5ca9z|Rillaboom, F, shiny|100\/100\n|-fieldstart|move: Grassy Terrain|[from] ability: Grassy Surge|[of] p1a: \u770b\u6211\u4e00\u4e2a\u5ca9z\n|turn|12\n|c|\u2606xdswl|\u6ca1\u6309\u5230\u592a\u7cbe\u2026\u2026\u2026\u2026\u2026\u2026\n|\n|t:|1699624962\n|move|p1a: \u770b\u6211\u4e00\u4e2a\u5ca9z|Grassy Glide|p2a: Kyurem\n|-resisted|p2a: Kyurem\n|-damage|p2a: Kyurem|0 fnt\n|faint|p2a: Kyurem\n|\n|upkeep\n|c| XYStarshine.\u661f\u8000|\u8349\n|\n|t:|1699624965\n|switch|p2a: Kommo-o|Kommo-o, F|100\/100\n|turn|13\n|\n|t:|1699624970\n|move|p1a: \u770b\u6211\u4e00\u4e2a\u5ca9z|U-turn|p2a: Kommo-o\n|-resisted|p2a: Kommo-o\n|-damage|p2a: Kommo-o|93\/100\n|\n|t:|1699624975\n|switch|p1a: \u522b\u6740\u6211|Iron Valiant|100\/100|[from] U-turn\n|-enditem|p1a: \u522b\u6740\u6211|Booster Energy\n|-activate|p1a: \u522b\u6740\u6211|ability: Quark Drive|[fromitem]\n|-start|p1a: \u522b\u6740\u6211|quarkdrivespe\n|move|p2a: Kommo-o|Iron Defense|p2a: Kommo-o\n|-boost|p2a: Kommo-o|def|2\n|\n|-heal|p2a: Kommo-o|99\/100|[from] Grassy Terrain\n|-heal|p2a: Kommo-o|100\/100|[from] item: Leftovers\n|upkeep\n|turn|14\n|c| XYStarshine.\u661f\u8000|\u6211\u53bb\n|c|\u2606lchx|\uff01\n|\n|t:|1699624993\n|-terastallize|p2a: Kommo-o|Steel\n|move|p1a: \u522b\u6740\u6211|Moonblast|p2a: Kommo-o\n|-resisted|p2a: Kommo-o\n|-damage|p2a: Kommo-o|81\/100\n|move|p2a: Kommo-o|Body Press|p1a: \u522b\u6740\u6211\n|-resisted|p1a: \u522b\u6740\u6211\n|-damage|p1a: \u522b\u6740\u6211|47\/100\n|\n|-heal|p1a: \u522b\u6740\u6211|53\/100|[from] Grassy Terrain\n|-heal|p2a: Kommo-o|88\/100|[from] Grassy Terrain\n|-heal|p2a: Kommo-o|94\/100|[from] item: Leftovers\n|upkeep\n|turn|15\n|c|\u2606xdswl|\u6c57\u6d41\u6d43\u80cc\u4e86\u5427\uff08\n|c| XYStarshine.\u661f\u8000|xdswl\u805a\u805a\u4e0d\u662f\u6ca1\u6309\u5230\u592a\u6676\n|\n|t:|1699625014\n|move|p1a: \u522b\u6740\u6211|Taunt|p2a: Kommo-o\n|-start|p2a: Kommo-o|move: Taunt\n|cant|p2a: Kommo-o|move: Taunt|Iron Defense\n|\n|-heal|p1a: \u522b\u6740\u6211|59\/100|[from] Grassy Terrain\n|-heal|p2a: Kommo-o|99\/100|[from] Grassy Terrain\n|-heal|p2a: Kommo-o|100\/100|[from] item: Leftovers\n|upkeep\n|turn|16\n|c| XYStarshine.\u661f\u8000|\u4ed6\u53ea\u662f\u57cb\u4e0b\u4e86\u4f0f\u7b14\uff01\n|c|\u2606xdswl|\u597d\u597d\u597d\n|c|\u2606xdswl|\u6311\u62e8\n|c|\u2606xdswl|byd\n|\n|t:|1699625036\n|move|p1a: \u522b\u6740\u6211|Destiny Bond|p1a: \u522b\u6740\u6211\n|-singlemove|p1a: \u522b\u6740\u6211|Destiny Bond\n|move|p2a: Kommo-o|Body Press|p1a: \u522b\u6740\u6211\n|-resisted|p1a: \u522b\u6740\u6211\n|-damage|p1a: \u522b\u6740\u6211|5\/100\n|\n|-heal|p1a: \u522b\u6740\u6211|11\/100|[from] Grassy Terrain\n|upkeep\n|turn|17\n|c|\u2606xdswl|\u771f\u53ef\u6076\n|\n|t:|1699625048\n|switch|p2a: Toxapex|Toxapex, M|59\/100\n|move|p1a: \u522b\u6740\u6211|Destiny Bond||[still]\n|-fail|p1a: \u522b\u6740\u6211\n|\n|-heal|p1a: \u522b\u6740\u6211|17\/100|[from] Grassy Terrain\n|-heal|p2a: Toxapex|65\/100|[from] Grassy Terrain\n|upkeep\n|turn|18\n|\n|t:|1699625054\n|move|p1a: \u522b\u6740\u6211|Taunt|p2a: Toxapex\n|-start|p2a: Toxapex|move: Taunt\n|cant|p2a: Toxapex|move: Taunt|Recover\n|\n|-heal|p1a: \u522b\u6740\u6211|23\/100|[from] Grassy Terrain\n|-heal|p2a: Toxapex|71\/100|[from] Grassy Terrain\n|upkeep\n|turn|19\n|\n|t:|1699625065\n|move|p1a: \u522b\u6740\u6211|Destiny Bond|p1a: \u522b\u6740\u6211\n|-singlemove|p1a: \u522b\u6740\u6211|Destiny Bond\n|move|p2a: Toxapex|Scald|p1a: \u522b\u6740\u6211\n|-damage|p1a: \u522b\u6740\u6211|0 fnt\n|faint|p1a: \u522b\u6740\u6211\n|-activate|p1a: \u522b\u6740\u6211|move: Destiny Bond\n|-end|p1a: \u522b\u6740\u6211|Quark Drive|[silent]\n|faint|p2a: Toxapex\n|\n|-fieldend|move: Grassy Terrain\n|upkeep\n|c|\u2606xdswl|\u597d\u70e6\u554a\n|c| XYStarshine.\u661f\u8000|\u6700\u6076\u5fc3\u7684\u5b9d\u53ef\u68a6\u5965\n|c|\u2606lchx|\u4e0d\u6740\u6211\u522b\u60f3\u8d70\n|\n|t:|1699625085\n|switch|p1a: \u5251\u821e\u4e00\u4e0b\u5148|Ceruledge, M|100\/100\n|switch|p2a: Ogerpon|Ogerpon-Cornerstone, F|100\/100\n|turn|20\n|c|\u2606xdswl|\u53ef\u6076\n|\n|t:|1699625094\n|move|p2a: Ogerpon|Ivy Cudgel|p1a: \u5251\u821e\u4e00\u4e0b\u5148\n|-supereffective|p1a: \u5251\u821e\u4e00\u4e0b\u5148\n|-enditem|p1a: \u5251\u821e\u4e00\u4e0b\u5148|Focus Sash\n|-damage|p1a: \u5251\u821e\u4e00\u4e0b\u5148|1\/100\n|-ability|p1a: \u5251\u821e\u4e00\u4e0b\u5148|Weak Armor|boost\n|-unboost|p1a: \u5251\u821e\u4e00\u4e0b\u5148|def|1\n|-boost|p1a: \u5251\u821e\u4e00\u4e0b\u5148|spe|2\n|move|p1a: \u5251\u821e\u4e00\u4e0b\u5148|Swords Dance|p1a: \u5251\u821e\u4e00\u4e0b\u5148\n|-boost|p1a: \u5251\u821e\u4e00\u4e0b\u5148|atk|2\n|\n|upkeep\n|turn|21\n|c| XYStarshine.\u661f\u8000|\u5251\u9b3c\uff01\u542f\u52a8\uff01\n|c|\u2606xdswl|\u6253\u4e0d\u8fc7\u571f\u53f0\u9f9f\u4e86\uff08\u60b2\n|\n|t:|1699625112\n|move|p1a: \u5251\u821e\u4e00\u4e0b\u5148|Destiny Bond|p1a: \u5251\u821e\u4e00\u4e0b\u5148\n|-singlemove|p1a: \u5251\u821e\u4e00\u4e0b\u5148|Destiny Bond\n|move|p2a: Ogerpon|Ivy Cudgel|p1a: \u5251\u821e\u4e00\u4e0b\u5148\n|-supereffective|p1a: \u5251\u821e\u4e00\u4e0b\u5148\n|-damage|p1a: \u5251\u821e\u4e00\u4e0b\u5148|0 fnt\n|faint|p1a: \u5251\u821e\u4e00\u4e0b\u5148\n|-activate|p1a: \u5251\u821e\u4e00\u4e0b\u5148|move: Destiny Bond\n|faint|p2a: Ogerpon\n|\n|upkeep\n|c|\u2606xdswl|\u597d\u597d\u597d\n|c|\u2606xdswl|\u8fd9\u4e5f\u8981\u8d2a\uff1f\uff1f\n|\n|t:|1699625126\n|switch|p2a: Kommo-o|Kommo-o, F, tera:Steel|100\/100\n|switch|p1a: \u571f\u53f0\u9f9f\u961f\u4e0d\u80fd\u6ca1\u571f\u53f0\u9f9f|Torterra, F, shiny|100\/100\n|turn|22\n|c| XYStarshine.\u661f\u8000|\u4ed6\u751a\u81f3\u7ed9\u571f\u53f0\u9f9f\u8868\u73b0\u673a\u4f1a\n|\n|t:|1699625134\n|move|p2a: Kommo-o|Iron Defense|p2a: Kommo-o\n|-boost|p2a: Kommo-o|def|2\n|move|p1a: \u571f\u53f0\u9f9f\u961f\u4e0d\u80fd\u6ca1\u571f\u53f0\u9f9f|Headlong Rush|p2a: Kommo-o\n|-supereffective|p2a: Kommo-o\n|-damage|p2a: Kommo-o|59\/100\n|-unboost|p1a: \u571f\u53f0\u9f9f\u961f\u4e0d\u80fd\u6ca1\u571f\u53f0\u9f9f|def|1\n|-unboost|p1a: \u571f\u53f0\u9f9f\u961f\u4e0d\u80fd\u6ca1\u571f\u53f0\u9f9f|spd|1\n|\n|-heal|p2a: Kommo-o|65\/100|[from] item: Leftovers\n|upkeep\n|turn|23\n|c| XYStarshine.\u661f\u8000|\u6211\u771f\u7684\u54ed\u6b7b\u4e86\n|c| XYStarshine.\u661f\u8000|\u4ec0\u4e48\u597d\u4eba\n|c|\u2606xdswl|\u4e0d\u597d\u8bf4\n|c|\u2606lchx|\u4ec0\u4e48\u5e9f\u7269\u529b\u5ea6\u6211\u64cd\n|c| XYStarshine.\u661f\u8000|\u7834\u58f3\u4e00\u4e0b\n|c| XYStarshine.\u661f\u8000|\u6597\u9f99\u4f60\u80fd\u6740\u5417\n|c|\u2606xdswl|\u6211\u8fd9\u4e2a\u662f\u6781\u9650\u7269\u8010\u6ee1hp\u7684\n|c| XYStarshine.\u661f\u8000|\u4e50\n|\n|t:|1699625180\n|move|p2a: Kommo-o|Body Press|p1a: \u571f\u53f0\u9f9f\u961f\u4e0d\u80fd\u6ca1\u571f\u53f0\u9f9f\n|-damage|p1a: \u571f\u53f0\u9f9f\u961f\u4e0d\u80fd\u6ca1\u571f\u53f0\u9f9f|0 fnt\n|faint|p1a: \u571f\u53f0\u9f9f\u961f\u4e0d\u80fd\u6ca1\u571f\u53f0\u9f9f\n|\n|-heal|p2a: Kommo-o|72\/100|[from] item: Leftovers\n|upkeep\n|\n|t:|1699625184\n|switch|p1a: \u770b\u6211\u4e00\u4e2a\u5ca9z|Rillaboom, F, shiny|100\/100\n|-fieldstart|move: Grassy Terrain|[from] ability: Grassy Surge|[of] p1a: \u770b\u6211\u4e00\u4e2a\u5ca9z\n|turn|24\n|c|\u2606xdswl|\u53ef\u4ee5\uff01\n|c| XYStarshine.\u661f\u8000|\u9002\u5408\u4e2d\u6587\u623f\u805a\u805a\u4f53\u8d28\n|c| XYStarshine.\u661f\u8000|\u8fd9\u5c31\u662f\u6251\u51fb\u6597\u9f99\u5417\n|c|\u2606lchx|\u9a6c\u4e0a\u6362\u5927\u94ae\u62c9\n|c| XYStarshine.\u661f\u8000|\u4e50\n|\n|t:|1699625211\n|move|p1a: \u770b\u6211\u4e00\u4e2a\u5ca9z|Taunt|p2a: Kommo-o\n|-start|p2a: Kommo-o|move: Taunt\n|move|p2a: Kommo-o|Body Press|p1a: \u770b\u6211\u4e00\u4e2a\u5ca9z\n|-damage|p1a: \u770b\u6211\u4e00\u4e2a\u5ca9z|39\/100\n|\n|-heal|p1a: \u770b\u6211\u4e00\u4e2a\u5ca9z|46\/100|[from] Grassy Terrain\n|-heal|p2a: Kommo-o|78\/100|[from] Grassy Terrain\n|-heal|p2a: Kommo-o|84\/100|[from] item: Leftovers\n|upkeep\n|turn|25\n|c|\u2606xdswl|\u7b11\n|c|\u2606xdswl|\u600e\u4e48\u5168\u662f\u6311\u62e8\uff1f\uff1f\uff1f\uff1f\n|\n|t:|1699625223\n|move|p1a: \u770b\u6211\u4e00\u4e2a\u5ca9z|Knock Off|p2a: Kommo-o\n|-damage|p2a: Kommo-o|73\/100\n|-enditem|p2a: Kommo-o|Leftovers|[from] move: Knock Off|[of] p1a: \u770b\u6211\u4e00\u4e2a\u5ca9z\n|move|p2a: Kommo-o|Body Press|p1a: \u770b\u6211\u4e00\u4e2a\u5ca9z\n|-damage|p1a: \u770b\u6211\u4e00\u4e2a\u5ca9z|0 fnt\n|faint|p1a: \u770b\u6211\u4e00\u4e2a\u5ca9z\n|\n|win|xdswl\n","uploadtime":1699625228,"views":4,"p1id":"lchx","p2id":"xdswl","formatid":"gen9nationaldex","rating":0,"private":0,"password":""}