{"id":"gen9nationaldex-1991045042","p1":"yanami-go","p2":"Monte73","format":"[Gen 9] National Dex","log":"|j|\u2606yanami-go\n|j|\u2606Monte73\n|t:|1700033773\n|gametype|singles\n|player|p1|yanami-go|dawn-masters3|1534\n|player|p2|Monte73|veteran|1526\n|teamsize|p1|6\n|teamsize|p2|6\n|gen|9\n|tier|[Gen 9] National Dex\n|rated|\n|rule|HP Percentage Mod: HP is shown in percentages\n|rule|Endless Battle Clause: Forcing endless battles is banned\n|rule|OHKO Clause: OHKO moves are banned\n|rule|Evasion Clause: Evasion abilities, items, and moves are banned\n|rule|Evasion Abilities Clause: Evasion abilities are banned\n|rule|Evasion Items Clause: Evasion items are banned\n|rule|Evasion Moves Clause: Evasion moves are banned\n|rule|Species Clause: Limit one of each Pok\u00e9mon\n|rule|Sleep Clause Mod: Limit one foe put to sleep\n|clearpoke\n|poke|p1|Ditto|\n|poke|p1|Tapu Koko|\n|poke|p1|Sinistcha-Masterpiece|\n|poke|p1|Great Tusk|\n|poke|p1|Celesteela|\n|poke|p1|Ting-Lu|\n|poke|p2|Charizard, M|\n|poke|p2|Tyranitar, M|\n|poke|p2|Great Tusk|\n|poke|p2|Dondozo, M|\n|poke|p2|Garganacl, M|\n|poke|p2|Rillaboom, M|\n|teampreview\n|\n|t:|1700033785\n|start\n|switch|p1a: Ting-Lu|Ting-Lu|100\/100\n|switch|p2a: Great Tusk|Great Tusk|100\/100\n|-ability|p1a: Ting-Lu|Vessel of Ruin\n|turn|1\n|\n|t:|1700033794\n|switch|p1a: Sinistcha|Sinistcha-Masterpiece|100\/100\n|move|p2a: Great Tusk|Stealth Rock|p1a: Sinistcha\n|-sidestart|p1: yanami-go|move: Stealth Rock\n|\n|upkeep\n|turn|2\n|inactive|Battle timer is ON: inactive players will automatically lose when time's up. (requested by yanami-go)\n|\n|t:|1700033804\n|-end|p2a: Great Tusk|Protosynthesis|[silent]\n|switch|p2a: Rillaboom|Rillaboom, M|100\/100\n|-fieldstart|move: Grassy Terrain|[from] ability: Grassy Surge|[of] p2a: Rillaboom\n|move|p1a: Sinistcha|Calm Mind|p1a: Sinistcha\n|-boost|p1a: Sinistcha|spa|1\n|-boost|p1a: Sinistcha|spd|1\n|\n|upkeep\n|turn|3\n|\n|t:|1700033808\n|move|p2a: Rillaboom|Knock Off|p1a: Sinistcha\n|-supereffective|p1a: Sinistcha\n|-damage|p1a: Sinistcha|22\/100\n|-enditem|p1a: Sinistcha|Leftovers|[from] move: Knock Off|[of] p2a: Rillaboom\n|move|p1a: Sinistcha|Shadow Ball|p2a: Rillaboom\n|-damage|p2a: Rillaboom|35\/100\n|\n|-heal|p2a: Rillaboom|41\/100|[from] Grassy Terrain\n|-heal|p1a: Sinistcha|28\/100|[from] Grassy Terrain\n|upkeep\n|turn|4\n|\n|t:|1700033811\n|move|p2a: Rillaboom|Knock Off|p1a: Sinistcha\n|-supereffective|p1a: Sinistcha\n|-damage|p1a: Sinistcha|0 fnt\n|faint|p1a: Sinistcha\n|\n|-heal|p2a: Rillaboom|47\/100|[from] Grassy Terrain\n|upkeep\n|\n|t:|1700033818\n|switch|p1a: Great Tusk|Great Tusk|100\/100\n|-damage|p1a: Great Tusk|97\/100|[from] Stealth Rock\n|-enditem|p1a: Great Tusk|Booster Energy\n|-activate|p1a: Great Tusk|ability: Protosynthesis|[fromitem]\n|-start|p1a: Great Tusk|protosynthesisatk\n|turn|5\n|\n|t:|1700033825\n|switch|p2a: Dondozo|Dondozo, M|100\/100\n|move|p1a: Great Tusk|Rapid Spin|p2a: Dondozo\n|-damage|p2a: Dondozo|88\/100\n|-boost|p1a: Great Tusk|spe|1\n|-sideend|p1: yanami-go|Stealth Rock|[from] move: Rapid Spin|[of] p1a: Great Tusk\n|\n|-heal|p1a: Great Tusk|100\/100|[from] Grassy Terrain\n|-heal|p2a: Dondozo|95\/100|[from] Grassy Terrain\n|-heal|p2a: Dondozo|100\/100|[from] item: Leftovers\n|upkeep\n|turn|6\n|\n|t:|1700033835\n|-end|p1a: Great Tusk|Protosynthesis|[silent]\n|switch|p1a: Tapu Koko|Tapu Koko|100\/100\n|-fieldstart|move: Electric Terrain|[from] ability: Electric Surge|[of] p1a: Tapu Koko\n|move|p2a: Dondozo|Liquidation|p1a: Tapu Koko\n|-damage|p1a: Tapu Koko|60\/100\n|\n|upkeep\n|turn|7\n|\n|t:|1700033842\n|switch|p2a: Great Tusk|Great Tusk|100\/100\n|move|p1a: Tapu Koko|Dazzling Gleam|p2a: Great Tusk\n|-supereffective|p2a: Great Tusk\n|-damage|p2a: Great Tusk|12\/100\n|\n|-heal|p2a: Great Tusk|18\/100|[from] item: Leftovers\n|upkeep\n|turn|8\n|\n|t:|1700033845\n|-end|p2a: Great Tusk|Protosynthesis|[silent]\n|switch|p2a: Tyranitar|Tyranitar, M|100\/100\n|-weather|Sandstorm|[from] ability: Sand Stream|[of] p2a: Tyranitar\n|move|p1a: Tapu Koko|Dazzling Gleam|p2a: Tyranitar\n|-supereffective|p2a: Tyranitar\n|-damage|p2a: Tyranitar|75\/100\n|\n|-weather|Sandstorm|[upkeep]\n|-damage|p1a: Tapu Koko|54\/100|[from] Sandstorm\n|upkeep\n|turn|9\n|\n|t:|1700033849\n|move|p1a: Tapu Koko|Volt Switch|p2a: Tyranitar\n|-damage|p2a: Tyranitar|62\/100\n|\n|t:|1700033852\n|switch|p1a: Celesteela|Celesteela|100\/100|[from] Volt Switch\n|move|p2a: Tyranitar|Knock Off|p1a: Celesteela\n|-damage|p1a: Celesteela|69\/100\n|-enditem|p1a: Celesteela|Leftovers|[from] move: Knock Off|[of] p2a: Tyranitar\n|\n|-weather|Sandstorm|[upkeep]\n|upkeep\n|turn|10\n|\n|t:|1700033863\n|switch|p2a: Great Tusk|Great Tusk|18\/100\n|move|p1a: Celesteela|Leech Seed|p2a: Great Tusk\n|-start|p2a: Great Tusk|move: Leech Seed\n|\n|-weather|Sandstorm|[upkeep]\n|-heal|p2a: Great Tusk|24\/100|[from] item: Leftovers\n|-damage|p2a: Great Tusk|12\/100|[from] Leech Seed|[of] p1a: Celesteela\n|-heal|p1a: Celesteela|82\/100|[silent]\n|-fieldend|move: Electric Terrain\n|upkeep\n|turn|11\n|\n|t:|1700033867\n|move|p2a: Great Tusk|Stealth Rock|p1a: Celesteela\n|-sidestart|p1: yanami-go|move: Stealth Rock\n|move|p1a: Celesteela|Flamethrower|p2a: Great Tusk\n|-crit|p2a: Great Tusk\n|-damage|p2a: Great Tusk|0 fnt\n|faint|p2a: Great Tusk\n|-end|p2a: Great Tusk|Protosynthesis|[silent]\n|-ability|p1a: Celesteela|Beast Boost|boost\n|-boost|p1a: Celesteela|def|1\n|\n|-weather|Sandstorm|[upkeep]\n|upkeep\n|\n|t:|1700033870\n|switch|p2a: Charizard|Charizard, M|100\/100\n|turn|12\n|\n|t:|1700033872\n|detailschange|p2a: Charizard|Charizard-Mega-Y, M\n|-mega|p2a: Charizard|Charizard|Charizardite Y\n|-weather|SunnyDay|[from] ability: Drought|[of] p2a: Charizard\n|-terastallize|p1a: Celesteela|Dragon\n|move|p2a: Charizard|Flamethrower|p1a: Celesteela\n|-resisted|p1a: Celesteela\n|-damage|p1a: Celesteela|44\/100\n|move|p1a: Celesteela|Leech Seed|p2a: Charizard\n|-start|p2a: Charizard|move: Leech Seed\n|\n|-weather|SunnyDay|[upkeep]\n|-damage|p2a: Charizard|88\/100|[from] Leech Seed|[of] p1a: Celesteela\n|-heal|p1a: Celesteela|54\/100|[silent]\n|upkeep\n|turn|13\n|j| xuxiansheng\n|l| xuxiansheng\n|\n|t:|1700033890\n|switch|p2a: Tyranitar|Tyranitar, M|62\/100\n|-weather|Sandstorm|[from] ability: Sand Stream|[of] p2a: Tyranitar\n|move|p1a: Celesteela|Flamethrower|p2a: Tyranitar\n|-resisted|p2a: Tyranitar\n|-damage|p2a: Tyranitar|58\/100\n|\n|-weather|Sandstorm|[upkeep]\n|-damage|p1a: Celesteela|48\/100|[from] Sandstorm\n|upkeep\n|turn|14\n|\n|t:|1700033895\n|move|p2a: Tyranitar|Stone Edge|p1a: Celesteela\n|-damage|p1a: Celesteela|23\/100\n|move|p1a: Celesteela|Heavy Slam|p2a: Tyranitar\n|-supereffective|p2a: Tyranitar\n|-damage|p2a: Tyranitar|1\/100\n|\n|-weather|Sandstorm|[upkeep]\n|-damage|p1a: Celesteela|17\/100|[from] Sandstorm\n|upkeep\n|turn|15\n|\n|t:|1700033904\n|move|p2a: Tyranitar|Stone Edge|p1a: Celesteela\n|-crit|p1a: Celesteela\n|-damage|p1a: Celesteela|0 fnt\n|faint|p1a: Celesteela\n|\n|-weather|Sandstorm|[upkeep]\n|upkeep\n|\n|t:|1700033907\n|switch|p1a: Tapu Koko|Tapu Koko|54\/100\n|-damage|p1a: Tapu Koko|41\/100|[from] Stealth Rock\n|-fieldstart|move: Electric Terrain|[from] ability: Electric Surge|[of] p1a: Tapu Koko\n|turn|16\n|\n|t:|1700033915\n|move|p1a: Tapu Koko|Thunderbolt|p2a: Tyranitar\n|-damage|p2a: Tyranitar|0 fnt\n|faint|p2a: Tyranitar\n|\n|-weather|Sandstorm|[upkeep]\n|-damage|p1a: Tapu Koko|35\/100|[from] Sandstorm\n|upkeep\n|\n|t:|1700033918\n|switch|p2a: Rillaboom|Rillaboom, M|47\/100\n|-fieldstart|move: Grassy Terrain|[from] ability: Grassy Surge|[of] p2a: Rillaboom\n|turn|17\n|\n|t:|1700033923\n|switch|p1a: Ditto|Ditto|100\/100\n|-damage|p1a: Ditto|88\/100|[from] Stealth Rock\n|-transform|p1a: Ditto|p2a: Rillaboom|[from] ability: Imposter\n|move|p2a: Rillaboom|Grassy Glide|p1a: Ditto\n|-resisted|p1a: Ditto\n|-damage|p1a: Ditto|51\/100\n|\n|-weather|none\n|-heal|p1a: Ditto|57\/100|[from] Grassy Terrain\n|-heal|p2a: Rillaboom|53\/100|[from] Grassy Terrain\n|upkeep\n|turn|18\n|\n|t:|1700033933\n|switch|p2a: Charizard|Charizard-Mega-Y, M|88\/100\n|-weather|SunnyDay|[from] ability: Drought|[of] p2a: Charizard\n|move|p1a: Ditto|U-turn|p2a: Charizard\n|-resisted|p2a: Charizard\n|-damage|p2a: Charizard|80\/100\n|\n|t:|1700033936\n|switch|p1a: Tapu Koko|Tapu Koko|35\/100|[from] U-turn\n|-damage|p1a: Tapu Koko|23\/100|[from] Stealth Rock\n|-fieldstart|move: Electric Terrain|[from] ability: Electric Surge|[of] p1a: Tapu Koko\n|\n|-weather|SunnyDay|[upkeep]\n|upkeep\n|turn|19\n|\n|t:|1700033944\n|switch|p2a: Garganacl|Garganacl, M|100\/100\n|-zpower|p1a: Tapu Koko\n|move|p1a: Tapu Koko|Gigavolt Havoc|p2a: Garganacl|[zeffect]\n|-crit|p2a: Garganacl\n|-damage|p2a: Garganacl|5\/100\n|\n|-weather|SunnyDay|[upkeep]\n|-heal|p2a: Garganacl|12\/100|[from] item: Leftovers\n|upkeep\n|turn|20\n|\n|t:|1700033949\n|move|p1a: Tapu Koko|Thunderbolt|p2a: Garganacl\n|-damage|p2a: Garganacl|0 fnt\n|faint|p2a: Garganacl\n|\n|-weather|SunnyDay|[upkeep]\n|upkeep\n|\n|t:|1700033965\n|switch|p2a: Dondozo|Dondozo, M|100\/100\n|turn|21\n|\n|t:|1700033968\n|-terastallize|p2a: Dondozo|Dragon\n|move|p1a: Tapu Koko|Thunderbolt|p2a: Dondozo\n|-resisted|p2a: Dondozo\n|-damage|p2a: Dondozo|76\/100\n|move|p2a: Dondozo|Liquidation|p1a: Tapu Koko\n|-damage|p1a: Tapu Koko|3\/100\n|\n|-weather|SunnyDay|[upkeep]\n|-heal|p2a: Dondozo|82\/100|[from] item: Leftovers\n|upkeep\n|turn|22\n|\n|t:|1700033983\n|switch|p2a: Rillaboom|Rillaboom, M|53\/100\n|-fieldstart|move: Grassy Terrain|[from] ability: Grassy Surge|[of] p2a: Rillaboom\n|move|p1a: Tapu Koko|Dazzling Gleam|p2a: Rillaboom\n|-damage|p2a: Rillaboom|4\/100\n|\n|-weather|none\n|-heal|p1a: Tapu Koko|9\/100|[from] Grassy Terrain\n|-heal|p2a: Rillaboom|10\/100|[from] Grassy Terrain\n|upkeep\n|turn|23\n|\n|t:|1700033990\n|switch|p1a: Ditto|Ditto|57\/100\n|-damage|p1a: Ditto|45\/100|[from] Stealth Rock\n|-transform|p1a: Ditto|p2a: Rillaboom|[from] ability: Imposter\n|move|p2a: Rillaboom|Grassy Glide|p1a: Ditto\n|-resisted|p1a: Ditto\n|-crit|p1a: Ditto\n|-damage|p1a: Ditto|0 fnt\n|faint|p1a: Ditto\n|\n|-heal|p2a: Rillaboom|17\/100|[from] Grassy Terrain\n|upkeep\n|\n|t:|1700033999\n|switch|p1a: Great Tusk|Great Tusk|100\/100\n|-damage|p1a: Great Tusk|97\/100|[from] Stealth Rock\n|turn|24\n|\n|t:|1700034005\n|move|p2a: Rillaboom|Grassy Glide|p1a: Great Tusk\n|-supereffective|p1a: Great Tusk\n|-damage|p1a: Great Tusk|9\/100\n|move|p1a: Great Tusk|Rapid Spin|p2a: Rillaboom\n|-damage|p2a: Rillaboom|0 fnt\n|-boost|p1a: Great Tusk|spe|1\n|-sideend|p1: yanami-go|Stealth Rock|[from] move: Rapid Spin|[of] p1a: Great Tusk\n|faint|p2a: Rillaboom\n|\n|-heal|p1a: Great Tusk|15\/100|[from] Grassy Terrain\n|upkeep\n|\n|t:|1700034011\n|switch|p2a: Charizard|Charizard-Mega-Y, M|80\/100\n|-weather|SunnyDay|[from] ability: Drought|[of] p2a: Charizard\n|-activate|p1a: Great Tusk|ability: Protosynthesis\n|-start|p1a: Great Tusk|protosynthesisatk\n|turn|25\n|\n|t:|1700034015\n|move|p1a: Great Tusk|Ice Spinner|p2a: Charizard\n|-damage|p2a: Charizard|23\/100\n|-fieldend|move: Grassy Terrain\n|move|p2a: Charizard|Flamethrower|p1a: Great Tusk\n|-damage|p1a: Great Tusk|0 fnt\n|faint|p1a: Great Tusk\n|-end|p1a: Great Tusk|Protosynthesis|[silent]\n|\n|-weather|SunnyDay|[upkeep]\n|upkeep\n|\n|t:|1700034017\n|switch|p1a: Tapu Koko|Tapu Koko|9\/100\n|-fieldstart|move: Electric Terrain|[from] ability: Electric Surge|[of] p1a: Tapu Koko\n|turn|26\n|\n|t:|1700034022\n|move|p1a: Tapu Koko|Thunderbolt|p2a: Charizard\n|-supereffective|p2a: Charizard\n|-damage|p2a: Charizard|0 fnt\n|faint|p2a: Charizard\n|\n|-weather|SunnyDay|[upkeep]\n|upkeep\n|\n|t:|1700034024\n|switch|p2a: Dondozo|Dondozo, M, tera:Dragon|82\/100\n|turn|27\n|\n|t:|1700034026\n|move|p1a: Tapu Koko|Dazzling Gleam|p2a: Dondozo\n|-supereffective|p2a: Dondozo\n|-damage|p2a: Dondozo|15\/100\n|move|p2a: Dondozo|Liquidation|p1a: Tapu Koko\n|-damage|p1a: Tapu Koko|0 fnt\n|faint|p1a: Tapu Koko\n|\n|-weather|SunnyDay|[upkeep]\n|-heal|p2a: Dondozo|21\/100|[from] item: Leftovers\n|upkeep\n|\n|t:|1700034030\n|switch|p1a: Ting-Lu|Ting-Lu|100\/100\n|-ability|p1a: Ting-Lu|Vessel of Ruin\n|turn|28\n|\n|t:|1700034033\n|move|p1a: Ting-Lu|Earthquake|p2a: Dondozo\n|-damage|p2a: Dondozo|4\/100\n|move|p2a: Dondozo|Rest||[still]\n|-activate|p2a: Dondozo|move: Electric Terrain\n|-fail|p2a: Dondozo\n|\n|-weather|SunnyDay|[upkeep]\n|-heal|p2a: Dondozo|10\/100|[from] item: Leftovers\n|upkeep\n|turn|29\n|\n|t:|1700034039\n|move|p1a: Ting-Lu|Earthquake|p2a: Dondozo\n|-damage|p2a: Dondozo|0 fnt\n|faint|p2a: Dondozo\n|\n|win|yanami-go\n|raw|yanami-go's rating: 1534 &rarr; <strong>1554<\/strong><br \/>(+20 for winning)\n|raw|Monte73's rating: 1526 &rarr; <strong>1506<\/strong><br \/>(-20 for losing)\n|l|\u2606Monte73\n","uploadtime":1700034058,"views":5,"p1id":"yanamigo","p2id":"monte73","formatid":"gen9nationaldex","rating":1506,"private":0,"password":""}