{"id":"gen9nationaldex-1995401271","p1":"Wehoo12000","p2":"TuanAnhDzXD","format":"[Gen 9] National Dex","log":"|html|<div class=\"broadcast-blue\"><strong>[Gen 9] National Dex is currently suspecting Sneasler! For information on how to participate check out the <a href=\"https:\/\/www.smogon.com\/forums\/threads\/sv-national-dex-suspect-8-just-dance.3731534\/\">suspect thread<\/a>.<\/strong><\/div>\n|j|\u2606Wehoo12000\n|j|\u2606TuanAnhDzXD\n|t:|1700565914\n|gametype|singles\n|player|p1|Wehoo12000|pokemaniac|1142\n|player|p2|TuanAnhDzXD|265|1119\n|teamsize|p1|6\n|teamsize|p2|6\n|gen|9\n|tier|[Gen 9] National Dex\n|rated|\n|rule|HP Percentage Mod: HP is shown in percentages\n|rule|Endless Battle Clause: Forcing endless battles is banned\n|rule|OHKO Clause: OHKO moves are banned\n|rule|Evasion Clause: Evasion abilities, items, and moves are banned\n|rule|Evasion Abilities Clause: Evasion abilities are banned\n|rule|Evasion Items Clause: Evasion items are banned\n|rule|Evasion Moves Clause: Evasion moves are banned\n|rule|Species Clause: Limit one of each Pok\u00e9mon\n|rule|Sleep Clause Mod: Limit one foe put to sleep\n|clearpoke\n|poke|p1|Meowscarada, F|\n|poke|p1|Volcarona, F|\n|poke|p1|Jirachi|\n|poke|p1|Great Tusk|\n|poke|p1|Diancie|\n|poke|p1|Dondozo, M|\n|poke|p2|Medicham, M|\n|poke|p2|Landorus-Therian, M|\n|poke|p2|Rotom-Wash|\n|poke|p2|Kommo-o, F|\n|poke|p2|Clefable, F|\n|poke|p2|Galvantula, F|\n|teampreview\n|\n|t:|1700565932\n|start\n|switch|p1a: Pink diamond|Diancie|100\/100\n|switch|p2a: Kommo-o|Kommo-o, F|100\/100\n|turn|1\n|\n|t:|1700565953\n|detailschange|p1a: Pink diamond|Diancie-Mega\n|-mega|p1a: Pink diamond|Diancie|Diancite\n|move|p2a: Kommo-o|Protect|p2a: Kommo-o\n|-singleturn|p2a: Kommo-o|Protect\n|move|p1a: Pink diamond|Play Rough|p2a: Kommo-o\n|-activate|p2a: Kommo-o|move: Protect\n|\n|upkeep\n|turn|2\n|c|\u2606TuanAnhDzXD|physical diancie :L\n|\n|t:|1700566012\n|switch|p2a: Clefable|Clefable, F|100\/100\n|move|p1a: Pink diamond|Play Rough|p2a: Clefable\n|-damage|p2a: Clefable|58\/100\n|\n|-heal|p2a: Clefable|64\/100|[from] item: Leftovers\n|upkeep\n|turn|3\n|\n|t:|1700566019\n|move|p1a: Pink diamond|Diamond Storm|p2a: Clefable\n|-damage|p2a: Clefable|16\/100\n|move|p2a: Clefable|Wish|p2a: Clefable\n|\n|-heal|p2a: Clefable|23\/100|[from] item: Leftovers\n|upkeep\n|turn|4\n|\n|t:|1700566024\n|move|p2a: Clefable|Protect|p2a: Clefable\n|-singleturn|p2a: Clefable|Protect\n|move|p1a: Pink diamond|Stealth Rock|p2a: Clefable\n|-sidestart|p2: TuanAnhDzXD|move: Stealth Rock\n|\n|-heal|p2a: Clefable|73\/100|[from] move: Wish|[wisher] Clefable\n|-heal|p2a: Clefable|79\/100|[from] item: Leftovers\n|upkeep\n|turn|5\n|\n|t:|1700566028\n|move|p1a: Pink diamond|Diamond Storm|p2a: Clefable\n|-damage|p2a: Clefable|27\/100\n|-boost|p1a: Pink diamond|def|2\n|move|p2a: Clefable|Moonblast|p1a: Pink diamond\n|-damage|p1a: Pink diamond|61\/100\n|\n|-heal|p2a: Clefable|33\/100|[from] item: Leftovers\n|upkeep\n|turn|6\n|\n|t:|1700566035\n|move|p1a: Pink diamond|Diamond Storm|p2a: Clefable\n|-damage|p2a: Clefable|0 fnt\n|faint|p2a: Clefable\n|\n|upkeep\n|\n|t:|1700566037\n|switch|p2a: Landorus|Landorus-Therian, M|100\/100\n|-damage|p2a: Landorus|88\/100|[from] Stealth Rock\n|-ability|p2a: Landorus|Intimidate|boost\n|-unboost|p1a: Pink diamond|atk|1\n|turn|7\n|\n|t:|1700566052\n|move|p2a: Landorus|U-turn|p1a: Pink diamond\n|-resisted|p1a: Pink diamond\n|-damage|p1a: Pink diamond|52\/100\n|\n|t:|1700566059\n|switch|p2a: Galvantula|Galvantula, F|100\/100|[from] U-turn\n|-damage|p2a: Galvantula|76\/100|[from] Stealth Rock\n|move|p1a: Pink diamond|Play Rough|p2a: Galvantula\n|-damage|p2a: Galvantula|12\/100\n|\n|upkeep\n|turn|8\n|\n|t:|1700566067\n|move|p1a: Pink diamond|Diamond Storm|p2a: Galvantula\n|-supereffective|p2a: Galvantula\n|-damage|p2a: Galvantula|0 fnt\n|-boost|p1a: Pink diamond|def|2\n|faint|p2a: Galvantula\n|\n|upkeep\n|\n|t:|1700566069\n|switch|p2a: Landorus|Landorus-Therian, M|88\/100\n|-damage|p2a: Landorus|76\/100|[from] Stealth Rock\n|-ability|p2a: Landorus|Intimidate|boost\n|-unboost|p1a: Pink diamond|atk|1\n|turn|9\n|\n|t:|1700566076\n|switch|p1a: Piss fish|Dondozo, M, shiny|100\/100\n|move|p2a: Landorus|Earthquake|p1a: Piss fish\n|-damage|p1a: Piss fish|74\/100\n|\n|-heal|p1a: Piss fish|80\/100|[from] item: Leftovers\n|upkeep\n|turn|10\n|\n|t:|1700566084\n|switch|p2a: Kommo-o|Kommo-o, F|100\/100\n|-damage|p2a: Kommo-o|94\/100|[from] Stealth Rock\n|switch|p1a: Pink diamond|Diancie-Mega|52\/100\n|\n|-heal|p2a: Kommo-o|100\/100|[from] item: Leftovers\n|upkeep\n|turn|11\n|\n|t:|1700566089\n|-terastallize|p2a: Kommo-o|Steel\n|move|p2a: Kommo-o|Protect|p2a: Kommo-o\n|-singleturn|p2a: Kommo-o|Protect\n|move|p1a: Pink diamond|Play Rough|p2a: Kommo-o\n|-activate|p2a: Kommo-o|move: Protect\n|\n|upkeep\n|turn|12\n|\n|t:|1700566097\n|switch|p1a: Stewie Griffin|Jirachi|100\/100\n|switch|p2a: Landorus|Landorus-Therian, M|76\/100\n|-damage|p2a: Landorus|64\/100|[from] Stealth Rock\n|-ability|p2a: Landorus|Intimidate|boost\n|-unboost|p1a: Stewie Griffin|atk|1\n|\n|upkeep\n|turn|13\n|\n|t:|1700566104\n|switch|p1a: Mastobate|Great Tusk|100\/100\n|move|p2a: Landorus|Earthquake|p1a: Mastobate\n|-damage|p1a: Mastobate|73\/100\n|\n|upkeep\n|turn|14\n|\n|t:|1700566110\n|move|p2a: Landorus|Earthquake|p1a: Mastobate\n|-damage|p1a: Mastobate|46\/100\n|move|p1a: Mastobate|Body Press|p2a: Landorus\n|-resisted|p2a: Landorus\n|-damage|p2a: Landorus|41\/100\n|\n|upkeep\n|turn|15\n|\n|t:|1700566117\n|move|p2a: Landorus|Earthquake|p1a: Mastobate\n|-damage|p1a: Mastobate|16\/100\n|move|p1a: Mastobate|Bulk Up|p1a: Mastobate\n|-boost|p1a: Mastobate|atk|1\n|-boost|p1a: Mastobate|def|1\n|\n|upkeep\n|turn|16\n|\n|t:|1700566121\n|move|p2a: Landorus|Earthquake|p1a: Mastobate\n|-damage|p1a: Mastobate|0 fnt\n|faint|p1a: Mastobate\n|-end|p1a: Mastobate|Protosynthesis|[silent]\n|\n|upkeep\n|\n|t:|1700566125\n|switch|p1a: Green catulon|Meowscarada, F, shiny|100\/100\n|turn|17\n|\n|t:|1700566133\n|switch|p2a: Kommo-o|Kommo-o, F, tera:Steel|100\/100\n|-damage|p2a: Kommo-o|94\/100|[from] Stealth Rock\n|move|p1a: Green catulon|Flower Trick|p2a: Kommo-o\n|-start|p1a: Green catulon|typechange|Grass|[from] ability: Protean\n|-resisted|p2a: Kommo-o\n|-crit|p2a: Kommo-o\n|-damage|p2a: Kommo-o|77\/100\n|-damage|p1a: Green catulon|91\/100|[from] item: Life Orb\n|\n|-heal|p2a: Kommo-o|83\/100|[from] item: Leftovers\n|upkeep\n|turn|18\n|\n|t:|1700566142\n|switch|p2a: Landorus|Landorus-Therian, M|41\/100\n|-damage|p2a: Landorus|29\/100|[from] Stealth Rock\n|-ability|p2a: Landorus|Intimidate|boost\n|-unboost|p1a: Green catulon|atk|1\n|move|p1a: Green catulon|Knock Off|p2a: Landorus\n|-damage|p2a: Landorus|1\/100\n|-enditem|p2a: Landorus|Choice Scarf|[from] move: Knock Off|[of] p1a: Green catulon\n|-damage|p1a: Green catulon|81\/100|[from] item: Life Orb\n|\n|upkeep\n|turn|19\n|\n|t:|1700566149\n|move|p1a: Green catulon|U-turn|p2a: Landorus\n|-resisted|p2a: Landorus\n|-damage|p2a: Landorus|0 fnt\n|faint|p2a: Landorus\n|-damage|p1a: Green catulon|71\/100|[from] item: Life Orb\n|\n|t:|1700566155\n|switch|p1a: Stewie Griffin|Jirachi|100\/100|[from] U-turn\n|\n|upkeep\n|\n|t:|1700566160\n|switch|p2a: Medicham|Medicham, M|100\/100\n|-damage|p2a: Medicham|94\/100|[from] Stealth Rock\n|turn|20\n|\n|t:|1700566163\n|detailschange|p2a: Medicham|Medicham-Mega, M\n|-mega|p2a: Medicham|Medicham|Medichamite\n|move|p2a: Medicham|Fake Out|p1a: Stewie Griffin\n|-resisted|p1a: Stewie Griffin\n|-damage|p1a: Stewie Griffin|89\/100\n|cant|p1a: Stewie Griffin|flinch\n|\n|upkeep\n|turn|21\n|\n|t:|1700566172\n|move|p2a: Medicham|High Jump Kick|p1a: Stewie Griffin\n|-damage|p1a: Stewie Griffin|0 fnt\n|faint|p1a: Stewie Griffin\n|\n|upkeep\n|\n|t:|1700566177\n|switch|p1a: Pink diamond|Diancie-Mega|52\/100\n|turn|22\n|\n|t:|1700566183\n|move|p1a: Pink diamond|Play Rough|p2a: Medicham\n|-supereffective|p2a: Medicham\n|-damage|p2a: Medicham|0 fnt\n|faint|p2a: Medicham\n|\n|upkeep\n|\n|t:|1700566186\n|switch|p2a: Kommo-o|Kommo-o, F, tera:Steel|83\/100\n|-damage|p2a: Kommo-o|77\/100|[from] Stealth Rock\n|turn|23\n|\n|t:|1700566193\n|switch|p2a: Rotom|Rotom-Wash|100\/100\n|-damage|p2a: Rotom|88\/100|[from] Stealth Rock\n|move|p1a: Pink diamond|Explosion|p2a: Rotom\n|-damage|p2a: Rotom|0 fnt\n|faint|p1a: Pink diamond\n|faint|p2a: Rotom\n|\n|upkeep\n|\n|t:|1700566199\n|switch|p1a: My 600lb Moth|Volcarona, F|100\/100\n|switch|p2a: Kommo-o|Kommo-o, F, tera:Steel|77\/100\n|-damage|p2a: Kommo-o|71\/100|[from] Stealth Rock\n|turn|24\n|-message|TuanAnhDzXD forfeited.\n|\n|win|Wehoo12000\n|raw|Wehoo12000's rating: 1142 &rarr; <strong>1165<\/strong><br \/>(+23 for winning)\n|raw|TuanAnhDzXD's rating: 1119 &rarr; <strong>1096<\/strong><br \/>(-23 for losing)\n|l|\u2606TuanAnhDzXD\n|c|\u2606Wehoo12000|LMFAOOOOOOOOOOOOOOOOOOO\n","uploadtime":1700566213,"views":3,"p1id":"wehoo12000","p2id":"tuananhdzxd","formatid":"gen9nationaldex","rating":1096,"private":0,"password":""}