{"id":"gen9nationaldex-1995333544","p1":"Lololosh","p2":"eelektrik funeral","format":"[Gen 9] National Dex","log":"|html|<div class=\"broadcast-blue\"><strong>[Gen 9] National Dex is currently suspecting Sneasler! For information on how to participate check out the <a href=\"https:\/\/www.smogon.com\/forums\/threads\/sv-national-dex-suspect-8-just-dance.3731534\/\">suspect thread<\/a>.<\/strong><\/div>\n|j|\u2606Lololosh\n|j|\u2606eelektrik funeral\n|t:|1700555352\n|gametype|singles\n|player|p1|Lololosh|2|1282\n|player|p2|eelektrik funeral|workerice|1324\n|teamsize|p1|6\n|teamsize|p2|6\n|gen|9\n|tier|[Gen 9] National Dex\n|rated|\n|rule|HP Percentage Mod: HP is shown in percentages\n|rule|Endless Battle Clause: Forcing endless battles is banned\n|rule|OHKO Clause: OHKO moves are banned\n|rule|Evasion Clause: Evasion abilities, items, and moves are banned\n|rule|Evasion Abilities Clause: Evasion abilities are banned\n|rule|Evasion Items Clause: Evasion items are banned\n|rule|Evasion Moves Clause: Evasion moves are banned\n|rule|Species Clause: Limit one of each Pok\u00e9mon\n|rule|Sleep Clause Mod: Limit one foe put to sleep\n|clearpoke\n|poke|p1|Landorus-Therian, M|\n|poke|p1|Lycanroc, M|\n|poke|p1|Rillaboom, F|\n|poke|p1|Magnezone|\n|poke|p1|Gardevoir, M|\n|poke|p1|Greninja-*, M|\n|poke|p2|Heatran, M|\n|poke|p2|Weavile, M|\n|poke|p2|Dragonite, M|\n|poke|p2|Buzzwole|\n|poke|p2|Landorus-Therian, M|\n|poke|p2|Kartana|\n|teampreview\n|inactive|Battle timer is ON: inactive players will automatically lose when time's up. (requested by Lololosh)\n|\n|t:|1700555370\n|start\n|switch|p1a: Lycanroc|Lycanroc, M|100\/100\n|switch|p2a: Mike Tyson|Landorus-Therian, M|100\/100\n|-ability|p2a: Mike Tyson|Intimidate|boost\n|-unboost|p1a: Lycanroc|atk|1\n|turn|1\n|\n|t:|1700555374\n|move|p1a: Lycanroc|Taunt|p2a: Mike Tyson\n|-start|p2a: Mike Tyson|move: Taunt\n|move|p2a: Mike Tyson|Earthquake|p1a: Lycanroc\n|-supereffective|p1a: Lycanroc\n|-enditem|p1a: Lycanroc|Focus Sash\n|-damage|p1a: Lycanroc|1\/100\n|\n|upkeep\n|turn|2\n|\n|t:|1700555376\n|move|p1a: Lycanroc|Endeavor|p2a: Mike Tyson\n|-damage|p2a: Mike Tyson|1\/100\n|move|p2a: Mike Tyson|U-turn|p1a: Lycanroc\n|-damage|p1a: Lycanroc|0 fnt\n|faint|p1a: Lycanroc\n|\n|t:|1700555384\n|switch|p2a: IT\u2019S BED TIME!!!|Weavile, M|100\/100|[from] U-turn\n|-ability|p2a: IT\u2019S BED TIME!!!|Pressure\n|\n|upkeep\n|\n|t:|1700555392\n|switch|p1a: Magnezone|Magnezone|100\/100\n|turn|3\n|\n|t:|1700555397\n|switch|p2a: Bruh Type|Buzzwole|100\/100\n|move|p1a: Magnezone|Flash Cannon|p2a: Bruh Type\n|-damage|p2a: Bruh Type|36\/100\n|\n|upkeep\n|turn|4\n|\n|t:|1700555406\n|switch|p2a: BED TIME: 9:30|Dragonite, M|100\/100\n|-terastallize|p1a: Magnezone|Electric\n|move|p1a: Magnezone|Hidden Power|p2a: BED TIME: 9:30\n|-resisted|p2a: BED TIME: 9:30\n|-damage|p2a: BED TIME: 9:30|97\/100\n|\n|upkeep\n|turn|5\n|\n|t:|1700555413\n|move|p1a: Magnezone|Flash Cannon|p2a: BED TIME: 9:30\n|-damage|p2a: BED TIME: 9:30|66\/100\n|move|p2a: BED TIME: 9:30|Earthquake|p1a: Magnezone\n|-supereffective|p1a: Magnezone\n|-damage|p1a: Magnezone|43\/100\n|\n|upkeep\n|turn|6\n|\n|t:|1700555422\n|switch|p1a: Landorus|Landorus-Therian, M|100\/100\n|-ability|p1a: Landorus|Intimidate|boost\n|-unboost|p2a: BED TIME: 9:30|atk|1\n|move|p2a: BED TIME: 9:30|Roost|p2a: BED TIME: 9:30\n|-heal|p2a: BED TIME: 9:30|100\/100\n|-singleturn|p2a: BED TIME: 9:30|move: Roost\n|\n|upkeep\n|turn|7\n|\n|t:|1700555426\n|move|p1a: Landorus|Stone Edge|p2a: BED TIME: 9:30|[miss]\n|-miss|p1a: Landorus|p2a: BED TIME: 9:30\n|move|p2a: BED TIME: 9:30|Ice Beam|p1a: Landorus\n|-supereffective|p1a: Landorus\n|-damage|p1a: Landorus|0 fnt\n|faint|p1a: Landorus\n|\n|upkeep\n|\n|t:|1700555439\n|switch|p1a: Gardevoir|Gardevoir, M|100\/100\n|-ability|p1a: Gardevoir|Multiscale|[from] ability: Trace|[of] p2a: BED TIME: 9:30\n|turn|8\n|\n|t:|1700555442\n|switch|p2a: Trandrew Tate|Heatran, M|100\/100\n|detailschange|p1a: Gardevoir|Gardevoir-Mega, M\n|-mega|p1a: Gardevoir|Gardevoir|Gardevoirite\n|move|p1a: Gardevoir|Hyper Voice|p2a: Trandrew Tate\n|-resisted|p2a: Trandrew Tate\n|-damage|p2a: Trandrew Tate|85\/100\n|\n|-heal|p2a: Trandrew Tate|91\/100|[from] item: Leftovers\n|upkeep\n|turn|9\n|\n|t:|1700555448\n|switch|p1a: Magnezone|Magnezone, tera:Electric|43\/100\n|move|p2a: Trandrew Tate|Magma Storm|p1a: Magnezone\n|-damage|p1a: Magnezone|0 fnt\n|faint|p1a: Magnezone\n|\n|-heal|p2a: Trandrew Tate|97\/100|[from] item: Leftovers\n|upkeep\n|\n|t:|1700555450\n|switch|p1a: Greninja|Greninja, M|100\/100\n|turn|10\n|\n|t:|1700555454\n|-terastallize|p2a: Trandrew Tate|Grass\n|-zpower|p1a: Greninja\n|move|p1a: Greninja|Hydro Vortex|p2a: Trandrew Tate|[zeffect]\n|-resisted|p2a: Trandrew Tate\n|-damage|p2a: Trandrew Tate|57\/100\n|move|p2a: Trandrew Tate|Magma Storm|p1a: Greninja|[miss]\n|-miss|p2a: Trandrew Tate|p1a: Greninja\n|\n|-heal|p2a: Trandrew Tate|63\/100|[from] item: Leftovers\n|upkeep\n|turn|11\n|\n|t:|1700555463\n|switch|p2a: IT\u2019S BED TIME!!!|Weavile, M|100\/100\n|-ability|p2a: IT\u2019S BED TIME!!!|Pressure\n|move|p1a: Greninja|Ice Beam|p2a: IT\u2019S BED TIME!!!\n|-resisted|p2a: IT\u2019S BED TIME!!!\n|-damage|p2a: IT\u2019S BED TIME!!!|81\/100\n|\n|upkeep\n|turn|12\n|\n|t:|1700555470\n|move|p2a: IT\u2019S BED TIME!!!|Beat Up|p1a: Greninja\n|-resisted|p1a: Greninja\n|-damage|p1a: Greninja|90\/100\n|-resisted|p1a: Greninja\n|-damage|p1a: Greninja|77\/100\n|-resisted|p1a: Greninja\n|-damage|p1a: Greninja|67\/100\n|-resisted|p1a: Greninja\n|-damage|p1a: Greninja|59\/100\n|-resisted|p1a: Greninja\n|-damage|p1a: Greninja|48\/100\n|-resisted|p1a: Greninja\n|-damage|p1a: Greninja|34\/100\n|-hitcount|p1a: Greninja|6\n|move|p1a: Greninja|Hydro Pump|p2a: IT\u2019S BED TIME!!!\n|-damage|p2a: IT\u2019S BED TIME!!!|13\/100\n|\n|upkeep\n|turn|13\n|\n|t:|1700555492\n|switch|p2a: Mike Tyson|Landorus-Therian, M|1\/100\n|-ability|p2a: Mike Tyson|Intimidate|boost\n|-unboost|p1a: Greninja|atk|1\n|move|p1a: Greninja|Water Shuriken|p2a: Mike Tyson\n|-supereffective|p2a: Mike Tyson\n|-damage|p2a: Mike Tyson|0 fnt\n|faint|p2a: Mike Tyson\n|-ability|p1a: Greninja|Battle Bond|boost\n|-boost|p1a: Greninja|atk|1\n|-boost|p1a: Greninja|spa|1\n|-boost|p1a: Greninja|spe|1\n|-activate|p1a: Greninja|ability: Battle Bond\n|-hitcount|p2: Mike Tyson|1\n|\n|upkeep\n|\n|t:|1700555495\n|switch|p2a: BED TIME: 9:30|Dragonite, M|100\/100\n|turn|14\n|\n|t:|1700555498\n|move|p1a: Greninja|Ice Beam|p2a: BED TIME: 9:30\n|-supereffective|p2a: BED TIME: 9:30\n|-damage|p2a: BED TIME: 9:30|51\/100\n|-status|p2a: BED TIME: 9:30|frz\n|cant|p2a: BED TIME: 9:30|frz\n|\n|upkeep\n|turn|15\n|\n|t:|1700555503\n|move|p1a: Greninja|Ice Beam|p2a: BED TIME: 9:30\n|-supereffective|p2a: BED TIME: 9:30\n|-damage|p2a: BED TIME: 9:30|0 fnt\n|faint|p2a: BED TIME: 9:30\n|\n|upkeep\n|-message|eelektrik funeral forfeited.\n|\n|win|Lololosh\n|raw|Lololosh's rating: 1282 &rarr; <strong>1310<\/strong><br \/>(+28 for winning)\n|raw|eelektrik funeral's rating: 1324 &rarr; <strong>1302<\/strong><br \/>(-22 for losing)\n|l|\u2606eelektrik funeral\n","uploadtime":1700555526,"views":16,"p1id":"lololosh","p2id":"eelektrikfuneral","formatid":"gen9nationaldex","rating":1302,"private":0,"password":""}