{"id":"gen9nationaldex-1993447804","p1":"10RUB","p2":"Pachimi","format":"[Gen 9] National Dex","log":"|j|\u260610RUB\n|j|\u2606Pachimi\n|t:|1700319126\n|gametype|singles\n|player|p1|10RUB|steven|1317\n|player|p2|Pachimi|nemona-s|1312\n|teamsize|p1|6\n|teamsize|p2|6\n|gen|9\n|tier|[Gen 9] National Dex\n|rated|\n|rule|HP Percentage Mod: HP is shown in percentages\n|rule|Endless Battle Clause: Forcing endless battles is banned\n|rule|OHKO Clause: OHKO moves are banned\n|rule|Evasion Clause: Evasion abilities, items, and moves are banned\n|rule|Evasion Abilities Clause: Evasion abilities are banned\n|rule|Evasion Items Clause: Evasion items are banned\n|rule|Evasion Moves Clause: Evasion moves are banned\n|rule|Species Clause: Limit one of each Pok\u00e9mon\n|rule|Sleep Clause Mod: Limit one foe put to sleep\n|clearpoke\n|poke|p1|Medicham, M|\n|poke|p1|Sliggoo-Hisui, F|\n|poke|p1|Scizor, M|\n|poke|p1|Porygon2|\n|poke|p1|Toxapex, F|\n|poke|p1|Zoroark-Hisui, F|\n|poke|p2|Skeledirge, M|\n|poke|p2|Bisharp, M|\n|poke|p2|Ninetales, F|\n|poke|p2|Torkoal, M|\n|poke|p2|Leafeon, F|\n|poke|p2|Garchomp, M|\n|teampreview\n|inactive|Battle timer is ON: inactive players will automatically lose when time's up. (requested by Pachimi)\n|\n|t:|1700319137\n|start\n|switch|p1a: Medicham|Medicham, M|100\/100\n|switch|p2a: Torkoal|Torkoal, M|100\/100\n|-weather|SunnyDay|[from] ability: Drought|[of] p2a: Torkoal\n|turn|1\n|j| DaAwesomeMiradion\n|inactive|10RUB has 120 seconds left.\n|l| DaAwesomeMiradion\n|\n|t:|1700319169\n|detailschange|p1a: Medicham|Medicham-Mega, M\n|-mega|p1a: Medicham|Medicham|Medichamite\n|move|p1a: Medicham|Fake Out|p2a: Torkoal\n|-damage|p2a: Torkoal|83\/100\n|cant|p2a: Torkoal|flinch\n|\n|-weather|SunnyDay|[upkeep]\n|upkeep\n|turn|2\n|inactive|10RUB has 120 seconds left.\n|\n|t:|1700319187\n|switch|p1a: Toxapex|Toxapex, F|100\/100\n|move|p2a: Torkoal|Will-O-Wisp|p1a: Toxapex\n|-status|p1a: Toxapex|brn\n|\n|-weather|SunnyDay|[upkeep]\n|-damage|p1a: Toxapex|95\/100 brn|[from] brn\n|upkeep\n|turn|3\n|\n|t:|1700319191\n|move|p1a: Toxapex|Nasty Plot|p1a: Toxapex\n|-boost|p1a: Toxapex|spa|2\n|move|p2a: Torkoal|Stealth Rock|p1a: Toxapex\n|-sidestart|p1: 10RUB|move: Stealth Rock\n|\n|-weather|SunnyDay|[upkeep]\n|-damage|p1a: Toxapex|89\/100 brn|[from] brn\n|upkeep\n|turn|4\n|\n|t:|1700319197\n|move|p1a: Toxapex|Shadow Ball|p2a: Torkoal\n|-damage|p2a: Torkoal|16\/100\n|move|p2a: Torkoal|Flamethrower|p1a: Toxapex\n|-damage|p1a: Toxapex|2\/100 brn\n|replace|p1a: Zoroark|Zoroark-Hisui, F\n|-end|p1a: Zoroark|Illusion\n|\n|-weather|SunnyDay|[upkeep]\n|-damage|p1a: Zoroark|0 fnt|[from] brn\n|faint|p1a: Zoroark\n|upkeep\n|\n|t:|1700319210\n|switch|p1a: Scizor|Scizor, M|100\/100\n|-damage|p1a: Scizor|88\/100|[from] Stealth Rock\n|turn|5\n|\n|t:|1700319213\n|move|p1a: Scizor|Bullet Punch|p2a: Torkoal\n|-resisted|p2a: Torkoal\n|-damage|p2a: Torkoal|3\/100\n|move|p2a: Torkoal|Flamethrower|p1a: Scizor\n|-supereffective|p1a: Scizor\n|-damage|p1a: Scizor|0 fnt\n|faint|p1a: Scizor\n|\n|-weather|SunnyDay|[upkeep]\n|upkeep\n|\n|t:|1700319216\n|switch|p1a: Medicham|Medicham-Mega, M|100\/100\n|-damage|p1a: Medicham|94\/100|[from] Stealth Rock\n|turn|6\n|\n|t:|1700319231\n|move|p1a: Medicham|Bullet Punch|p2a: Torkoal\n|-resisted|p2a: Torkoal\n|-damage|p2a: Torkoal|0 fnt\n|faint|p2a: Torkoal\n|\n|-weather|SunnyDay|[upkeep]\n|upkeep\n|\n|t:|1700319235\n|switch|p2a: Leafeon|Leafeon, F|100\/100\n|turn|7\n|\n|t:|1700319243\n|switch|p1a: Toxapex|Toxapex, F|100\/100\n|-damage|p1a: Toxapex|88\/100|[from] Stealth Rock\n|move|p2a: Leafeon|Knock Off|p1a: Toxapex\n|-damage|p1a: Toxapex|60\/100\n|-enditem|p1a: Toxapex|Black Sludge|[from] move: Knock Off|[of] p2a: Leafeon\n|\n|-weather|SunnyDay|[upkeep]\n|upkeep\n|turn|8\n|\n|t:|1700319249\n|switch|p2a: Bisharp|Bisharp, M|100\/100\n|move|p1a: Toxapex|Recover|p1a: Toxapex\n|-heal|p1a: Toxapex|100\/100\n|\n|-weather|none\n|upkeep\n|turn|9\n|\n|t:|1700319255\n|move|p2a: Bisharp|Swords Dance|p2a: Bisharp\n|-boost|p2a: Bisharp|atk|2\n|move|p1a: Toxapex|Scald|p2a: Bisharp\n|-damage|p2a: Bisharp|86\/100\n|\n|upkeep\n|turn|10\n|\n|t:|1700319263\n|move|p2a: Bisharp|Sucker Punch|p1a: Toxapex\n|-damage|p1a: Toxapex|62\/100\n|move|p1a: Toxapex|Scald|p2a: Bisharp\n|-damage|p2a: Bisharp|71\/100\n|-status|p2a: Bisharp|brn\n|\n|-damage|p2a: Bisharp|65\/100 brn|[from] brn\n|upkeep\n|turn|11\n|\n|t:|1700319270\n|switch|p2a: Ninetales|Ninetales, F|100\/100\n|-weather|SunnyDay|[from] ability: Drought|[of] p2a: Ninetales\n|move|p1a: Toxapex|Scald|p2a: Ninetales\n|-supereffective|p2a: Ninetales\n|-damage|p2a: Ninetales|80\/100\n|\n|-weather|SunnyDay|[upkeep]\n|upkeep\n|turn|12\n|\n|t:|1700319278\n|switch|p1a: Sliggoo|Sliggoo-Hisui, F|100\/100\n|-damage|p1a: Sliggoo|94\/100|[from] Stealth Rock\n|move|p2a: Ninetales|Solar Beam||[still]\n|-prepare|p2a: Ninetales|Solar Beam\n|-anim|p2a: Ninetales|Solar Beam|p1a: Sliggoo\n|-resisted|p1a: Sliggoo\n|-damage|p1a: Sliggoo|91\/100\n|\n|-weather|SunnyDay|[upkeep]\n|upkeep\n|turn|13\n|\n|t:|1700319288\n|switch|p2a: Garchomp|Garchomp, M|100\/100\n|move|p1a: Sliggoo|Toxic|p2a: Garchomp\n|-status|p2a: Garchomp|tox\n|\n|-weather|SunnyDay|[upkeep]\n|-damage|p2a: Garchomp|94\/100 tox|[from] psn\n|upkeep\n|turn|14\n|\n|t:|1700319293\n|switch|p1a: Porygon2|Porygon2|100\/100\n|-damage|p1a: Porygon2|88\/100|[from] Stealth Rock\n|-ability|p1a: Porygon2|Download|boost\n|-boost|p1a: Porygon2|spa|1\n|move|p2a: Garchomp|Swords Dance|p2a: Garchomp\n|-boost|p2a: Garchomp|atk|2\n|\n|-weather|SunnyDay|[upkeep]\n|-damage|p2a: Garchomp|82\/100 tox|[from] psn\n|upkeep\n|turn|15\n|\n|t:|1700319299\n|-terastallize|p2a: Garchomp|Steel\n|move|p2a: Garchomp|Scale Shot|p1a: Porygon2\n|-damage|p1a: Porygon2|67\/100\n|-damage|p1a: Porygon2|45\/100\n|-damage|p1a: Porygon2|25\/100\n|-damage|p1a: Porygon2|2\/100\n|-hitcount|p1a: Porygon2|4\n|-unboost|p2a: Garchomp|def|1\n|-boost|p2a: Garchomp|spe|1\n|move|p1a: Porygon2|Ice Beam|p2a: Garchomp\n|-resisted|p2a: Garchomp\n|-damage|p2a: Garchomp|59\/100 tox\n|\n|-weather|SunnyDay|[upkeep]\n|-damage|p2a: Garchomp|40\/100 tox|[from] psn\n|upkeep\n|turn|16\n|\n|t:|1700319310\n|move|p2a: Garchomp|Earthquake|p1a: Porygon2\n|-damage|p1a: Porygon2|0 fnt\n|faint|p1a: Porygon2\n|\n|-weather|SunnyDay|[upkeep]\n|-damage|p2a: Garchomp|16\/100 tox|[from] psn\n|upkeep\n|\n|t:|1700319317\n|switch|p1a: Medicham|Medicham-Mega, M|94\/100\n|-damage|p1a: Medicham|88\/100|[from] Stealth Rock\n|turn|17\n|\n|t:|1700319320\n|move|p1a: Medicham|Fake Out|p2a: Garchomp\n|-resisted|p2a: Garchomp\n|-damage|p2a: Garchomp|0 fnt\n|-damage|p1a: Medicham|76\/100|[from] ability: Rough Skin|[of] p2a: Garchomp\n|faint|p2a: Garchomp\n|\n|-weather|SunnyDay|[upkeep]\n|upkeep\n|inactive|Pachimi has 120 seconds left.\n|\n|t:|1700319367\n|switch|p2a: Leafeon|Leafeon, F|100\/100\n|turn|18\n|\n|t:|1700319373\n|switch|p1a: Toxapex|Toxapex, F|95\/100\n|-damage|p1a: Toxapex|83\/100|[from] Stealth Rock\n|move|p2a: Leafeon|Knock Off|p1a: Toxapex\n|-damage|p1a: Toxapex|63\/100\n|\n|-weather|none\n|upkeep\n|turn|19\n|\n|t:|1700319379\n|switch|p2a: Ninetales|Ninetales, F|80\/100\n|-weather|SunnyDay|[from] ability: Drought|[of] p2a: Ninetales\n|move|p1a: Toxapex|Scald|p2a: Ninetales\n|-supereffective|p2a: Ninetales\n|-damage|p2a: Ninetales|59\/100\n|\n|-weather|SunnyDay|[upkeep]\n|upkeep\n|turn|20\n|\n|t:|1700319388\n|switch|p1a: Sliggoo|Sliggoo-Hisui, F|91\/100\n|-damage|p1a: Sliggoo|85\/100|[from] Stealth Rock\n|move|p2a: Ninetales|Shadow Ball|p1a: Sliggoo\n|-damage|p1a: Sliggoo|76\/100\n|\n|-weather|SunnyDay|[upkeep]\n|upkeep\n|turn|21\n|\n|t:|1700319401\n|switch|p1a: Toxapex|Toxapex, F|96\/100\n|-damage|p1a: Toxapex|83\/100|[from] Stealth Rock\n|move|p2a: Ninetales|Will-O-Wisp|p1a: Toxapex|[miss]\n|-miss|p2a: Ninetales|p1a: Toxapex\n|\n|-weather|SunnyDay|[upkeep]\n|upkeep\n|turn|22\n|\n|t:|1700319407\n|switch|p2a: Leafeon|Leafeon, F|100\/100\n|switch|p1a: Sliggoo|Sliggoo-Hisui, F|76\/100\n|-damage|p1a: Sliggoo|70\/100|[from] Stealth Rock\n|\n|-weather|SunnyDay|[upkeep]\n|upkeep\n|turn|23\n|\n|t:|1700319414\n|switch|p1a: Toxapex|Toxapex, F|100\/100\n|-damage|p1a: Toxapex|88\/100|[from] Stealth Rock\n|move|p2a: Leafeon|Solar Blade||[still]\n|-prepare|p2a: Leafeon|Solar Blade\n|-anim|p2a: Leafeon|Solar Blade|p1a: Toxapex\n|-damage|p1a: Toxapex|28\/100\n|\n|-weather|SunnyDay|[upkeep]\n|upkeep\n|turn|24\n|\n|t:|1700319421\n|move|p2a: Leafeon|Solar Blade||[still]\n|-prepare|p2a: Leafeon|Solar Blade\n|-anim|p2a: Leafeon|Solar Blade|p1a: Toxapex\n|-damage|p1a: Toxapex|0 fnt\n|faint|p1a: Toxapex\n|\n|-weather|SunnyDay|[upkeep]\n|upkeep\n|c|\u2606Pachimi|Boring game\n|\n|t:|1700319425\n|switch|p1a: Sliggoo|Sliggoo-Hisui, F|70\/100\n|-damage|p1a: Sliggoo|64\/100|[from] Stealth Rock\n|turn|25\n|\n|t:|1700319431\n|switch|p2a: Bisharp|Bisharp, M|65\/100 brn\n|move|p1a: Sliggoo|Flash Cannon|p2a: Bisharp\n|-resisted|p2a: Bisharp\n|-damage|p2a: Bisharp|55\/100 brn\n|\n|-weather|SunnyDay|[upkeep]\n|-damage|p2a: Bisharp|49\/100 brn|[from] brn\n|upkeep\n|turn|26\n|\n|t:|1700319433\n|move|p2a: Bisharp|Brick Break|p1a: Sliggoo\n|-supereffective|p1a: Sliggoo\n|-damage|p1a: Sliggoo|46\/100\n|move|p1a: Sliggoo|Flash Cannon|p2a: Bisharp\n|-resisted|p2a: Bisharp\n|-damage|p2a: Bisharp|39\/100 brn\n|-unboost|p2a: Bisharp|spd|1\n|-ability|p2a: Bisharp|Defiant|boost\n|-boost|p2a: Bisharp|atk|2\n|\n|-weather|none\n|-damage|p2a: Bisharp|33\/100 brn|[from] brn\n|upkeep\n|turn|27\n|\n|t:|1700319435\n|move|p2a: Bisharp|Brick Break|p1a: Sliggoo\n|-supereffective|p1a: Sliggoo\n|-damage|p1a: Sliggoo|14\/100\n|move|p1a: Sliggoo|Flash Cannon|p2a: Bisharp\n|-resisted|p2a: Bisharp\n|-damage|p2a: Bisharp|17\/100 brn\n|\n|-damage|p2a: Bisharp|11\/100 brn|[from] brn\n|upkeep\n|turn|28\n|\n|t:|1700319440\n|move|p2a: Bisharp|Brick Break|p1a: Sliggoo\n|-supereffective|p1a: Sliggoo\n|-damage|p1a: Sliggoo|0 fnt\n|faint|p1a: Sliggoo\n|\n|-damage|p2a: Bisharp|5\/100 brn|[from] brn\n|upkeep\n|\n|t:|1700319442\n|switch|p1a: Medicham|Medicham-Mega, M|76\/100\n|-damage|p1a: Medicham|70\/100|[from] Stealth Rock\n|turn|29\n|-message|10RUB forfeited.\n|\n|win|Pachimi\n|raw|10RUB's rating: 1317 &rarr; <strong>1297<\/strong><br \/>(-20 for losing)\n|raw|Pachimi's rating: 1312 &rarr; <strong>1332<\/strong><br \/>(+20 for winning)\n|l|\u260610RUB\n","uploadtime":1700319457,"views":8,"p1id":"10rub","p2id":"pachimi","formatid":"gen9nationaldex","rating":1297,"private":0,"password":""}