{"id":"gen9nationaldex-1996763533","p1":"zhishixuebao279","p2":"blizzard og 12","format":"[Gen 9] National Dex","log":"|html|<div class=\"broadcast-blue\"><strong>[Gen 9] National Dex is currently suspecting Sneasler! For information on how to participate check out the <a href=\"https:\/\/www.smogon.com\/forums\/threads\/sv-national-dex-suspect-8-just-dance.3731534\/\">suspect thread<\/a>.<\/strong><\/div>\n|j|\u2606zhishixuebao279\n|j|\u2606blizzard og 12\n|t:|1700721173\n|gametype|singles\n|player|p1|zhishixuebao279|169|1035\n|player|p2|blizzard og 12|2|1121\n|teamsize|p1|6\n|teamsize|p2|6\n|gen|9\n|tier|[Gen 9] National Dex\n|rated|\n|rule|HP Percentage Mod: HP is shown in percentages\n|rule|Endless Battle Clause: Forcing endless battles is banned\n|rule|OHKO Clause: OHKO moves are banned\n|rule|Evasion Clause: Evasion abilities, items, and moves are banned\n|rule|Evasion Abilities Clause: Evasion abilities are banned\n|rule|Evasion Items Clause: Evasion items are banned\n|rule|Evasion Moves Clause: Evasion moves are banned\n|rule|Species Clause: Limit one of each Pok\u00e9mon\n|rule|Sleep Clause Mod: Limit one foe put to sleep\n|clearpoke\n|poke|p1|Toxapex, F|\n|poke|p1|Mawile, F|\n|poke|p1|Cresselia, F|\n|poke|p1|Aegislash, M|\n|poke|p1|Chandelure, F|\n|poke|p1|Misdreavus, F|\n|poke|p2|Feraligatr, M|\n|poke|p2|Grimmsnarl, M|\n|poke|p2|Meowscarada, F|\n|poke|p2|Skeledirge, M|\n|poke|p2|Kommo-o, M|\n|poke|p2|Lopunny, F|\n|teampreview\n|\n|t:|1700721184\n|start\n|switch|p1a: \u8c03\u76ae\u53ef\u7231\u8822\u841d\u8389|Misdreavus, F|100\/100\n|switch|p2a: Grimmsnarl|Grimmsnarl, M|100\/100\n|turn|1\n|inactive|Battle timer is ON: inactive players will automatically lose when time's up. (requested by zhishixuebao279)\n|\n|t:|1700721190\n|move|p2a: Grimmsnarl|Taunt|p1a: \u8c03\u76ae\u53ef\u7231\u8822\u841d\u8389\n|-start|p1a: \u8c03\u76ae\u53ef\u7231\u8822\u841d\u8389|move: Taunt\n|cant|p1a: \u8c03\u76ae\u53ef\u7231\u8822\u841d\u8389|move: Taunt|Taunt\n|\n|upkeep\n|turn|2\n|\n|t:|1700721202\n|switch|p1a: \u53cc\u9a6c\u5c3e\u7f8e\u5c11\u5973|Mawile, F|100\/100\n|-ability|p1a: \u53cc\u9a6c\u5c3e\u7f8e\u5c11\u5973|Intimidate|boost\n|-unboost|p2a: Grimmsnarl|atk|1\n|move|p2a: Grimmsnarl|Reflect|p2a: Grimmsnarl\n|-sidestart|p2: blizzard og 12|Reflect\n|\n|upkeep\n|turn|3\n|\n|t:|1700721209\n|detailschange|p1a: \u53cc\u9a6c\u5c3e\u7f8e\u5c11\u5973|Mawile-Mega, F\n|-mega|p1a: \u53cc\u9a6c\u5c3e\u7f8e\u5c11\u5973|Mawile|Mawilite\n|move|p2a: Grimmsnarl|Taunt|p1a: \u53cc\u9a6c\u5c3e\u7f8e\u5c11\u5973\n|-start|p1a: \u53cc\u9a6c\u5c3e\u7f8e\u5c11\u5973|move: Taunt\n|cant|p1a: \u53cc\u9a6c\u5c3e\u7f8e\u5c11\u5973|move: Taunt|Swords Dance\n|\n|upkeep\n|turn|4\n|\n|t:|1700721215\n|-singleturn|p1a: \u53cc\u9a6c\u5c3e\u7f8e\u5c11\u5973|move: Focus Punch\n|move|p2a: Grimmsnarl|Light Screen|p2a: Grimmsnarl\n|-sidestart|p2: blizzard og 12|move: Light Screen\n|move|p1a: \u53cc\u9a6c\u5c3e\u7f8e\u5c11\u5973|Focus Punch|p2a: Grimmsnarl\n|-damage|p2a: Grimmsnarl|55\/100\n|\n|upkeep\n|turn|5\n|\n|t:|1700721225\n|move|p2a: Grimmsnarl|Spirit Break|p1a: \u53cc\u9a6c\u5c3e\u7f8e\u5c11\u5973\n|-resisted|p1a: \u53cc\u9a6c\u5c3e\u7f8e\u5c11\u5973\n|-damage|p1a: \u53cc\u9a6c\u5c3e\u7f8e\u5c11\u5973|93\/100\n|-unboost|p1a: \u53cc\u9a6c\u5c3e\u7f8e\u5c11\u5973|spa|1\n|move|p1a: \u53cc\u9a6c\u5c3e\u7f8e\u5c11\u5973|Play Rough|p2a: Grimmsnarl\n|-supereffective|p2a: Grimmsnarl\n|-damage|p2a: Grimmsnarl|0 fnt\n|faint|p2a: Grimmsnarl\n|\n|-end|p1a: \u53cc\u9a6c\u5c3e\u7f8e\u5c11\u5973|move: Taunt\n|upkeep\n|\n|t:|1700721241\n|switch|p2a: Skeledirge|Skeledirge, M|100\/100\n|turn|6\n|\n|t:|1700721256\n|switch|p1a: \u9ad8\u8d35\u4f18\u96c5\u5927\u5c0f\u59d0|Chandelure, F|100\/100\n|move|p2a: Skeledirge|Torch Song|p1a: \u9ad8\u8d35\u4f18\u96c5\u5927\u5c0f\u59d0\n|-resisted|p1a: \u9ad8\u8d35\u4f18\u96c5\u5927\u5c0f\u59d0\n|-damage|p1a: \u9ad8\u8d35\u4f18\u96c5\u5927\u5c0f\u59d0|78\/100\n|-boost|p2a: Skeledirge|spa|1\n|\n|upkeep\n|turn|7\n|\n|t:|1700721277\n|-terastallize|p2a: Skeledirge|Fairy\n|move|p1a: \u9ad8\u8d35\u4f18\u96c5\u5927\u5c0f\u59d0|Shadow Ball|p2a: Skeledirge\n|-damage|p2a: Skeledirge|35\/100\n|move|p2a: Skeledirge|Hex|p1a: \u9ad8\u8d35\u4f18\u96c5\u5927\u5c0f\u59d0\n|-supereffective|p1a: \u9ad8\u8d35\u4f18\u96c5\u5927\u5c0f\u59d0\n|-damage|p1a: \u9ad8\u8d35\u4f18\u96c5\u5927\u5c0f\u59d0|0 fnt\n|faint|p1a: \u9ad8\u8d35\u4f18\u96c5\u5927\u5c0f\u59d0\n|\n|upkeep\n|\n|t:|1700721290\n|switch|p1a: \u96cc\u5c0f\u9b3c\u841d\u8389|Toxapex, F|100\/100\n|turn|8\n|\n|t:|1700721295\n|move|p2a: Skeledirge|Slack Off|p2a: Skeledirge\n|-heal|p2a: Skeledirge|85\/100\n|move|p1a: \u96cc\u5c0f\u9b3c\u841d\u8389|Haze|p1a: \u96cc\u5c0f\u9b3c\u841d\u8389\n|-clearallboost\n|\n|upkeep\n|turn|9\n|\n|t:|1700721302\n|move|p2a: Skeledirge|Will-O-Wisp|p1a: \u96cc\u5c0f\u9b3c\u841d\u8389\n|-status|p1a: \u96cc\u5c0f\u9b3c\u841d\u8389|brn\n|move|p1a: \u96cc\u5c0f\u9b3c\u841d\u8389|Toxic|p2a: Skeledirge\n|-status|p2a: Skeledirge|tox\n|\n|-damage|p2a: Skeledirge|79\/100 tox|[from] psn\n|-damage|p1a: \u96cc\u5c0f\u9b3c\u841d\u8389|94\/100 brn|[from] brn\n|-sideend|p2: blizzard og 12|Reflect\n|upkeep\n|turn|10\n|\n|t:|1700721315\n|move|p1a: \u96cc\u5c0f\u9b3c\u841d\u8389|Baneful Bunker|p1a: \u96cc\u5c0f\u9b3c\u841d\u8389\n|-singleturn|p1a: \u96cc\u5c0f\u9b3c\u841d\u8389|move: Protect\n|move|p2a: Skeledirge|Hex|p1a: \u96cc\u5c0f\u9b3c\u841d\u8389\n|-activate|p1a: \u96cc\u5c0f\u9b3c\u841d\u8389|move: Protect\n|\n|-heal|p1a: \u96cc\u5c0f\u9b3c\u841d\u8389|100\/100 brn|[from] item: Leftovers\n|-damage|p2a: Skeledirge|67\/100 tox|[from] psn\n|-damage|p1a: \u96cc\u5c0f\u9b3c\u841d\u8389|94\/100 brn|[from] brn\n|upkeep\n|turn|11\n|\n|t:|1700721324\n|move|p2a: Skeledirge|Hex|p1a: \u96cc\u5c0f\u9b3c\u841d\u8389\n|-damage|p1a: \u96cc\u5c0f\u9b3c\u841d\u8389|66\/100 brn\n|move|p1a: \u96cc\u5c0f\u9b3c\u841d\u8389|Recover|p1a: \u96cc\u5c0f\u9b3c\u841d\u8389\n|-heal|p1a: \u96cc\u5c0f\u9b3c\u841d\u8389|100\/100 brn\n|\n|-damage|p2a: Skeledirge|48\/100 tox|[from] psn\n|-damage|p1a: \u96cc\u5c0f\u9b3c\u841d\u8389|94\/100 brn|[from] brn\n|-sideend|p2: blizzard og 12|move: Light Screen\n|upkeep\n|turn|12\n|\n|t:|1700721338\n|move|p2a: Skeledirge|Torch Song|p1a: \u96cc\u5c0f\u9b3c\u841d\u8389\n|-resisted|p1a: \u96cc\u5c0f\u9b3c\u841d\u8389\n|-damage|p1a: \u96cc\u5c0f\u9b3c\u841d\u8389|84\/100 brn\n|-boost|p2a: Skeledirge|spa|1\n|move|p1a: \u96cc\u5c0f\u9b3c\u841d\u8389|Toxic|p2a: Skeledirge\n|-fail|p2a: Skeledirge|tox\n|\n|-heal|p1a: \u96cc\u5c0f\u9b3c\u841d\u8389|91\/100 brn|[from] item: Leftovers\n|-damage|p2a: Skeledirge|24\/100 tox|[from] psn\n|-damage|p1a: \u96cc\u5c0f\u9b3c\u841d\u8389|84\/100 brn|[from] brn\n|upkeep\n|turn|13\n|\n|t:|1700721352\n|move|p1a: \u96cc\u5c0f\u9b3c\u841d\u8389|Baneful Bunker|p1a: \u96cc\u5c0f\u9b3c\u841d\u8389\n|-singleturn|p1a: \u96cc\u5c0f\u9b3c\u841d\u8389|move: Protect\n|move|p2a: Skeledirge|Hex|p1a: \u96cc\u5c0f\u9b3c\u841d\u8389\n|-activate|p1a: \u96cc\u5c0f\u9b3c\u841d\u8389|move: Protect\n|\n|-heal|p1a: \u96cc\u5c0f\u9b3c\u841d\u8389|91\/100 brn|[from] item: Leftovers\n|-damage|p2a: Skeledirge|0 fnt|[from] psn\n|faint|p2a: Skeledirge\n|-damage|p1a: \u96cc\u5c0f\u9b3c\u841d\u8389|84\/100 brn|[from] brn\n|upkeep\n|\n|t:|1700721368\n|switch|p2a: Kommo-o|Kommo-o, M|100\/100\n|turn|14\n|\n|t:|1700721375\n|move|p2a: Kommo-o|Clangorous Soul|p2a: Kommo-o\n|-boost|p2a: Kommo-o|atk|1\n|-boost|p2a: Kommo-o|def|1\n|-boost|p2a: Kommo-o|spa|1\n|-boost|p2a: Kommo-o|spd|1\n|-boost|p2a: Kommo-o|spe|1\n|-damage|p2a: Kommo-o|68\/100\n|-enditem|p2a: Kommo-o|Throat Spray\n|-boost|p2a: Kommo-o|spa|1|[from] item: Throat Spray\n|move|p1a: \u96cc\u5c0f\u9b3c\u841d\u8389|Haze|p1a: \u96cc\u5c0f\u9b3c\u841d\u8389\n|-clearallboost\n|\n|-heal|p1a: \u96cc\u5c0f\u9b3c\u841d\u8389|91\/100 brn|[from] item: Leftovers\n|-damage|p1a: \u96cc\u5c0f\u9b3c\u841d\u8389|84\/100 brn|[from] brn\n|upkeep\n|turn|15\n|\n|t:|1700721391\n|move|p2a: Kommo-o|Clangorous Soul|p2a: Kommo-o\n|-boost|p2a: Kommo-o|atk|1\n|-boost|p2a: Kommo-o|def|1\n|-boost|p2a: Kommo-o|spa|1\n|-boost|p2a: Kommo-o|spd|1\n|-boost|p2a: Kommo-o|spe|1\n|-damage|p2a: Kommo-o|35\/100\n|move|p1a: \u96cc\u5c0f\u9b3c\u841d\u8389|Toxic|p2a: Kommo-o\n|-status|p2a: Kommo-o|tox\n|\n|-heal|p1a: \u96cc\u5c0f\u9b3c\u841d\u8389|91\/100 brn|[from] item: Leftovers\n|-damage|p2a: Kommo-o|28\/100 tox|[from] psn\n|-damage|p1a: \u96cc\u5c0f\u9b3c\u841d\u8389|84\/100 brn|[from] brn\n|upkeep\n|turn|16\n|\n|t:|1700721405\n|move|p1a: \u96cc\u5c0f\u9b3c\u841d\u8389|Baneful Bunker|p1a: \u96cc\u5c0f\u9b3c\u841d\u8389\n|-singleturn|p1a: \u96cc\u5c0f\u9b3c\u841d\u8389|move: Protect\n|move|p2a: Kommo-o|Clanging Scales|p1a: \u96cc\u5c0f\u9b3c\u841d\u8389\n|-activate|p1a: \u96cc\u5c0f\u9b3c\u841d\u8389|move: Protect\n|\n|-heal|p1a: \u96cc\u5c0f\u9b3c\u841d\u8389|91\/100 brn|[from] item: Leftovers\n|-damage|p2a: Kommo-o|16\/100 tox|[from] psn\n|-damage|p1a: \u96cc\u5c0f\u9b3c\u841d\u8389|84\/100 brn|[from] brn\n|upkeep\n|turn|17\n|\n|t:|1700721411\n|move|p2a: Kommo-o|Clanging Scales|p1a: \u96cc\u5c0f\u9b3c\u841d\u8389\n|-crit|p1a: \u96cc\u5c0f\u9b3c\u841d\u8389\n|-damage|p1a: \u96cc\u5c0f\u9b3c\u841d\u8389|16\/100 brn\n|-unboost|p2a: Kommo-o|def|1\n|move|p1a: \u96cc\u5c0f\u9b3c\u841d\u8389|Recover|p1a: \u96cc\u5c0f\u9b3c\u841d\u8389\n|-heal|p1a: \u96cc\u5c0f\u9b3c\u841d\u8389|66\/100 brn\n|\n|-heal|p1a: \u96cc\u5c0f\u9b3c\u841d\u8389|72\/100 brn|[from] item: Leftovers\n|-damage|p2a: Kommo-o|0 fnt|[from] psn\n|faint|p2a: Kommo-o\n|-damage|p1a: \u96cc\u5c0f\u9b3c\u841d\u8389|66\/100 brn|[from] brn\n|upkeep\n|\n|t:|1700721423\n|switch|p2a: Meowscarada|Meowscarada, F|100\/100\n|turn|18\n|\n|t:|1700721428\n|move|p1a: \u96cc\u5c0f\u9b3c\u841d\u8389|Baneful Bunker|p1a: \u96cc\u5c0f\u9b3c\u841d\u8389\n|-singleturn|p1a: \u96cc\u5c0f\u9b3c\u841d\u8389|move: Protect\n|move|p2a: Meowscarada|Flower Trick|p1a: \u96cc\u5c0f\u9b3c\u841d\u8389\n|-activate|p1a: \u96cc\u5c0f\u9b3c\u841d\u8389|move: Protect\n|\n|-heal|p1a: \u96cc\u5c0f\u9b3c\u841d\u8389|72\/100 brn|[from] item: Leftovers\n|-damage|p1a: \u96cc\u5c0f\u9b3c\u841d\u8389|66\/100 brn|[from] brn\n|upkeep\n|turn|19\n|\n|t:|1700721436\n|-terastallize|p1a: \u96cc\u5c0f\u9b3c\u841d\u8389|Flying\n|move|p2a: Meowscarada|Knock Off|p1a: \u96cc\u5c0f\u9b3c\u841d\u8389\n|-damage|p1a: \u96cc\u5c0f\u9b3c\u841d\u8389|28\/100 brn\n|-enditem|p1a: \u96cc\u5c0f\u9b3c\u841d\u8389|Leftovers|[from] move: Knock Off|[of] p2a: Meowscarada\n|move|p1a: \u96cc\u5c0f\u9b3c\u841d\u8389|Toxic|p2a: Meowscarada\n|-status|p2a: Meowscarada|tox\n|\n|-damage|p2a: Meowscarada|94\/100 tox|[from] psn\n|-damage|p1a: \u96cc\u5c0f\u9b3c\u841d\u8389|22\/100 brn|[from] brn\n|upkeep\n|turn|20\n|\n|t:|1700721450\n|move|p1a: \u96cc\u5c0f\u9b3c\u841d\u8389|Baneful Bunker|p1a: \u96cc\u5c0f\u9b3c\u841d\u8389\n|-singleturn|p1a: \u96cc\u5c0f\u9b3c\u841d\u8389|move: Protect\n|move|p2a: Meowscarada|Knock Off|p1a: \u96cc\u5c0f\u9b3c\u841d\u8389\n|-activate|p1a: \u96cc\u5c0f\u9b3c\u841d\u8389|move: Protect\n|\n|-damage|p2a: Meowscarada|82\/100 tox|[from] psn\n|-damage|p1a: \u96cc\u5c0f\u9b3c\u841d\u8389|16\/100 brn|[from] brn\n|upkeep\n|turn|21\n|\n|t:|1700721462\n|switch|p1a: \u53cc\u9a6c\u5c3e\u7f8e\u5c11\u5973|Mawile-Mega, F|93\/100\n|move|p2a: Meowscarada|Toxic Spikes|p1a: \u53cc\u9a6c\u5c3e\u7f8e\u5c11\u5973\n|-sidestart|p1: zhishixuebao279|move: Toxic Spikes\n|\n|-damage|p2a: Meowscarada|64\/100 tox|[from] psn\n|upkeep\n|turn|22\n|\n|t:|1700721473\n|move|p2a: Meowscarada|Flower Trick|p1a: \u53cc\u9a6c\u5c3e\u7f8e\u5c11\u5973\n|-resisted|p1a: \u53cc\u9a6c\u5c3e\u7f8e\u5c11\u5973\n|-crit|p1a: \u53cc\u9a6c\u5c3e\u7f8e\u5c11\u5973\n|-damage|p1a: \u53cc\u9a6c\u5c3e\u7f8e\u5c11\u5973|76\/100\n|move|p1a: \u53cc\u9a6c\u5c3e\u7f8e\u5c11\u5973|Swords Dance|p1a: \u53cc\u9a6c\u5c3e\u7f8e\u5c11\u5973\n|-boost|p1a: \u53cc\u9a6c\u5c3e\u7f8e\u5c11\u5973|atk|2\n|\n|-damage|p2a: Meowscarada|39\/100 tox|[from] psn\n|upkeep\n|turn|23\n|\n|t:|1700721481\n|move|p1a: \u53cc\u9a6c\u5c3e\u7f8e\u5c11\u5973|Sucker Punch||[still]\n|-fail|p1a: \u53cc\u9a6c\u5c3e\u7f8e\u5c11\u5973\n|move|p2a: Meowscarada|Toxic Spikes|p1a: \u53cc\u9a6c\u5c3e\u7f8e\u5c11\u5973\n|-sidestart|p1: zhishixuebao279|move: Toxic Spikes\n|\n|-damage|p2a: Meowscarada|8\/100 tox|[from] psn\n|upkeep\n|turn|24\n|\n|t:|1700721487\n|move|p2a: Meowscarada|Toxic Spikes||[still]\n|-fail|p2a: Meowscarada\n|move|p1a: \u53cc\u9a6c\u5c3e\u7f8e\u5c11\u5973|Swords Dance|p1a: \u53cc\u9a6c\u5c3e\u7f8e\u5c11\u5973\n|-boost|p1a: \u53cc\u9a6c\u5c3e\u7f8e\u5c11\u5973|atk|2\n|\n|-damage|p2a: Meowscarada|0 fnt|[from] psn\n|faint|p2a: Meowscarada\n|upkeep\n|-message|blizzard og 12 forfeited.\n|\n|win|zhishixuebao279\n|raw|zhishixuebao279's rating: 1035 &rarr; <strong>1078<\/strong><br \/>(+43 for winning)\n|raw|blizzard og 12's rating: 1121 &rarr; <strong>1090<\/strong><br \/>(-31 for losing)\n|l|\u2606blizzard og 12\n","uploadtime":1700721495,"views":1,"p1id":"zhishixuebao279","p2id":"blizzardog12","formatid":"gen9nationaldex","rating":1078,"private":0,"password":""}