{"id":"gen9nationaldex-1995125508","p1":"Jvarg32","p2":"Poonslayer7","format":"[Gen 9] National Dex","log":"|html|<div class=\"broadcast-blue\"><strong>[Gen 9] National Dex is currently suspecting Sneasler! For information on how to participate check out the <a href=\"https:\/\/www.smogon.com\/forums\/threads\/sv-national-dex-suspect-8-just-dance.3731534\/\">suspect thread<\/a>.<\/strong><\/div>\n|j|\u2606Jvarg32\n|j|\u2606Poonslayer7\n|t:|1700525375\n|gametype|singles\n|player|p1|Jvarg32|flannery|\n|player|p2|Poonslayer7|2|\n|teamsize|p1|6\n|teamsize|p2|6\n|gen|9\n|tier|[Gen 9] National Dex\n|rule|HP Percentage Mod: HP is shown in percentages\n|rule|Endless Battle Clause: Forcing endless battles is banned\n|rule|OHKO Clause: OHKO moves are banned\n|rule|Evasion Clause: Evasion abilities, items, and moves are banned\n|rule|Evasion Abilities Clause: Evasion abilities are banned\n|rule|Evasion Items Clause: Evasion items are banned\n|rule|Evasion Moves Clause: Evasion moves are banned\n|rule|Species Clause: Limit one of each Pok\u00e9mon\n|rule|Sleep Clause Mod: Limit one foe put to sleep\n|clearpoke\n|poke|p1|Landorus-Therian, M|\n|poke|p1|Tapu Koko|\n|poke|p1|Aggron, M|\n|poke|p1|Manaphy|\n|poke|p1|Scream Tail|\n|poke|p1|Hawlucha, F|\n|poke|p2|Starmie|\n|poke|p2|Grimmsnarl, M|\n|poke|p2|Scizor, M|\n|poke|p2|Hoopa-Unbound|\n|poke|p2|Infernape, M|\n|poke|p2|Pawmot, F|\n|teampreview\n|j| DaBestBaby\n|l| DaBestBaby\n|\n|t:|1700525396\n|start\n|switch|p1a: Aggron|Aggron, M|100\/100\n|switch|p2a: Pawmot|Pawmot, F|100\/100\n|turn|1\n|\n|t:|1700525413\n|switch|p2a: Starmie|Starmie|100\/100\n|detailschange|p1a: Aggron|Aggron-Mega, M\n|-mega|p1a: Aggron|Aggron|Aggronite\n|move|p1a: Aggron|Body Press|p2a: Starmie\n|-resisted|p2a: Starmie\n|-crit|p2a: Starmie\n|-damage|p2a: Starmie|55\/100\n|\n|upkeep\n|turn|2\n|\n|t:|1700525425\n|switch|p1a: Scream Tail|Scream Tail|100\/100\n|move|p2a: Starmie|Hydro Pump|p1a: Scream Tail\n|-damage|p1a: Scream Tail|57\/100\n|-damage|p2a: Starmie|45\/100|[from] item: Life Orb\n|\n|-heal|p1a: Scream Tail|64\/100|[from] item: Leftovers\n|upkeep\n|turn|3\n|\n|t:|1700525432\n|-terastallize|p2a: Starmie|Water\n|move|p2a: Starmie|Hydro Pump|p1a: Scream Tail\n|-damage|p1a: Scream Tail|6\/100\n|-damage|p2a: Starmie|35\/100|[from] item: Life Orb\n|move|p1a: Scream Tail|Wish|p1a: Scream Tail\n|\n|-heal|p1a: Scream Tail|12\/100|[from] item: Leftovers\n|upkeep\n|turn|4\n|\n|t:|1700525456\n|move|p1a: Scream Tail|Protect|p1a: Scream Tail\n|-singleturn|p1a: Scream Tail|Protect\n|move|p2a: Starmie|Flip Turn|p1a: Scream Tail\n|-activate|p1a: Scream Tail|move: Protect\n|\n|-heal|p1a: Scream Tail|62\/100|[from] move: Wish|[wisher] Scream Tail\n|-heal|p1a: Scream Tail|68\/100|[from] item: Leftovers\n|upkeep\n|turn|5\n|\n|t:|1700525477\n|move|p2a: Starmie|Flip Turn|p1a: Scream Tail\n|-damage|p1a: Scream Tail|49\/100\n|-damage|p2a: Starmie|25\/100|[from] item: Life Orb\n|\n|t:|1700525479\n|switch|p2a: Infernape|Infernape, M|100\/100|[from] Flip Turn\n|move|p1a: Scream Tail|Thunder Wave|p2a: Infernape\n|-status|p2a: Infernape|par\n|\n|-heal|p1a: Scream Tail|56\/100|[from] item: Leftovers\n|upkeep\n|turn|6\n|\n|t:|1700525495\n|-end|p1a: Scream Tail|Protosynthesis|[silent]\n|switch|p1a: Landorus|Landorus-Therian, M|100\/100\n|-ability|p1a: Landorus|Intimidate|boost\n|-unboost|p2a: Infernape|atk|1\n|move|p2a: Infernape|Switcheroo|p1a: Landorus\n|-activate|p2a: Infernape|move: Trick|[of] p1a: Landorus\n|-item|p1a: Landorus|Choice Scarf|[from] move: Switcheroo\n|-item|p2a: Infernape|Rocky Helmet|[from] move: Switcheroo\n|\n|upkeep\n|turn|7\n|\n|t:|1700525506\n|move|p1a: Landorus|Earthquake|p2a: Infernape\n|-supereffective|p2a: Infernape\n|-damage|p2a: Infernape|0 fnt\n|faint|p2a: Infernape\n|\n|upkeep\n|\n|t:|1700525527\n|switch|p2a: Hoopa|Hoopa-Unbound|100\/100\n|turn|8\n|\n|t:|1700525539\n|switch|p1a: Aggron|Aggron-Mega, M|100\/100\n|move|p2a: Hoopa|Ice Punch|p1a: Aggron\n|-resisted|p1a: Aggron\n|-damage|p1a: Aggron|94\/100\n|\n|upkeep\n|turn|9\n|\n|t:|1700525551\n|switch|p2a: Starmie|Starmie, tera:Water|25\/100\n|move|p1a: Aggron|Body Press|p2a: Starmie\n|-damage|p2a: Starmie|0 fnt\n|faint|p2a: Starmie\n|\n|upkeep\n|\n|t:|1700525567\n|switch|p2a: Pawmot|Pawmot, F|100\/100\n|turn|10\n|\n|t:|1700525573\n|move|p2a: Pawmot|Revival Blessing|p2a: Pawmot\n|\n|t:|1700525575\n|-heal|p2: Infernape|50\/100|[from] move: Revival Blessing\n|move|p1a: Aggron|Iron Defense|p1a: Aggron\n|-boost|p1a: Aggron|def|2\n|\n|upkeep\n|turn|11\n|\n|t:|1700525592\n|move|p2a: Pawmot|Thunder Punch|p1a: Aggron\n|-damage|p1a: Aggron|83\/100\n|move|p1a: Aggron|Body Press|p2a: Pawmot\n|-enditem|p2a: Pawmot|Focus Sash\n|-damage|p2a: Pawmot|1\/100\n|\n|upkeep\n|turn|12\n|\n|t:|1700525607\n|move|p2a: Pawmot|Brick Break|p1a: Aggron\n|-supereffective|p1a: Aggron\n|-damage|p1a: Aggron|70\/100\n|move|p1a: Aggron|Stealth Rock|p2a: Pawmot\n|-sidestart|p2: Poonslayer7|move: Stealth Rock\n|\n|upkeep\n|turn|13\n|\n|t:|1700525614\n|move|p2a: Pawmot|Ice Punch|p1a: Aggron\n|-resisted|p1a: Aggron\n|-damage|p1a: Aggron|67\/100\n|move|p1a: Aggron|Body Press|p2a: Pawmot\n|-damage|p2a: Pawmot|0 fnt\n|faint|p2a: Pawmot\n|\n|upkeep\n|\n|t:|1700525619\n|switch|p2a: Infernape|Infernape, M|50\/100\n|-damage|p2a: Infernape|38\/100|[from] Stealth Rock\n|turn|14\n|\n|t:|1700525631\n|switch|p1a: Landorus|Landorus-Therian, M|100\/100\n|-ability|p1a: Landorus|Intimidate|boost\n|-unboost|p2a: Infernape|atk|1\n|move|p2a: Infernape|Fire Blast|p1a: Landorus\n|-damage|p1a: Landorus|64\/100\n|\n|upkeep\n|turn|15\n|\n|t:|1700525640\n|switch|p2a: Grimmsnarl|Grimmsnarl, M|100\/100\n|-damage|p2a: Grimmsnarl|88\/100|[from] Stealth Rock\n|move|p1a: Landorus|Earthquake|p2a: Grimmsnarl\n|-damage|p2a: Grimmsnarl|50\/100\n|\n|upkeep\n|turn|16\n|\n|t:|1700525651\n|switch|p1a: Tapu Koko|Tapu Koko|100\/100\n|-fieldstart|move: Electric Terrain|[from] ability: Electric Surge|[of] p1a: Tapu Koko\n|move|p2a: Grimmsnarl|Reflect|p2a: Grimmsnarl\n|-sidestart|p2: Poonslayer7|Reflect\n|\n|upkeep\n|turn|17\n|\n|t:|1700525663\n|move|p2a: Grimmsnarl|Parting Shot|p1a: Tapu Koko\n|-unboost|p1a: Tapu Koko|atk|1\n|-unboost|p1a: Tapu Koko|spa|1\n|\n|t:|1700525665\n|switch|p2a: Hoopa|Hoopa-Unbound|100\/100|[from] Parting Shot\n|-damage|p2a: Hoopa|88\/100|[from] Stealth Rock\n|move|p1a: Tapu Koko|Reflect|p1a: Tapu Koko\n|-sidestart|p1: Jvarg32|Reflect\n|\n|upkeep\n|turn|18\n|\n|t:|1700525684\n|move|p2a: Hoopa|Focus Blast|p1a: Tapu Koko|[miss]\n|-miss|p2a: Hoopa|p1a: Tapu Koko\n|move|p1a: Tapu Koko|U-turn|p2a: Hoopa\n|-supereffective|p2a: Hoopa\n|-damage|p2a: Hoopa|42\/100\n|\n|t:|1700525689\n|switch|p1a: Landorus|Landorus-Therian, M|64\/100|[from] U-turn\n|-ability|p1a: Landorus|Intimidate|boost\n|-unboost|p2a: Hoopa|atk|1\n|\n|upkeep\n|turn|19\n|\n|t:|1700525691\n|move|p2a: Hoopa|Focus Blast|p1a: Landorus\n|-resisted|p1a: Landorus\n|-damage|p1a: Landorus|48\/100\n|move|p1a: Landorus|U-turn|p2a: Hoopa\n|-supereffective|p2a: Hoopa\n|-damage|p2a: Hoopa|0 fnt\n|faint|p2a: Hoopa\n|\n|t:|1700525709\n|switch|p1a: Manaphy|Manaphy|100\/100|[from] U-turn\n|\n|upkeep\n|\n|t:|1700525720\n|switch|p2a: Scizor|Scizor, M|100\/100\n|-damage|p2a: Scizor|88\/100|[from] Stealth Rock\n|turn|20\n|\n|t:|1700525732\n|detailschange|p2a: Scizor|Scizor-Mega, M\n|-mega|p2a: Scizor|Scizor|Scizorite\n|-terastallize|p1a: Manaphy|Poison\n|move|p1a: Manaphy|Acid Armor|p1a: Manaphy\n|-boost|p1a: Manaphy|def|2\n|move|p2a: Scizor|U-turn|p1a: Manaphy\n|-resisted|p1a: Manaphy\n|-damage|p1a: Manaphy|96\/100\n|\n|t:|1700525742\n|switch|p2a: Infernape|Infernape, M|38\/100|[from] U-turn\n|-damage|p2a: Infernape|26\/100|[from] Stealth Rock\n|\n|-heal|p1a: Manaphy|100\/100|[from] item: Leftovers\n|-fieldend|move: Electric Terrain\n|upkeep\n|turn|21\n|\n|t:|1700525749\n|move|p2a: Infernape|Fire Blast|p1a: Manaphy\n|-damage|p1a: Manaphy|38\/100\n|move|p1a: Manaphy|Scald|p2a: Infernape\n|-supereffective|p2a: Infernape\n|-crit|p2a: Infernape\n|-damage|p2a: Infernape|0 fnt\n|faint|p2a: Infernape\n|\n|-heal|p1a: Manaphy|44\/100|[from] item: Leftovers\n|upkeep\n|\n|t:|1700525757\n|switch|p2a: Grimmsnarl|Grimmsnarl, M|50\/100\n|-damage|p2a: Grimmsnarl|37\/100|[from] Stealth Rock\n|turn|22\n|\n|t:|1700525762\n|move|p2a: Grimmsnarl|Light Screen|p2a: Grimmsnarl\n|-sidestart|p2: Poonslayer7|move: Light Screen\n|move|p1a: Manaphy|Scald|p2a: Grimmsnarl\n|-damage|p2a: Grimmsnarl|16\/100\n|-status|p2a: Grimmsnarl|brn\n|\n|-heal|p1a: Manaphy|50\/100|[from] item: Leftovers\n|-damage|p2a: Grimmsnarl|10\/100 brn|[from] brn\n|upkeep\n|turn|23\n|c|\u2606Poonslayer7|gg broski\n|\n|t:|1700525769\n|move|p1a: Manaphy|Scald|p2a: Grimmsnarl\n|-damage|p2a: Grimmsnarl|0 fnt\n|faint|p2a: Grimmsnarl\n|\n|-heal|p1a: Manaphy|57\/100|[from] item: Leftovers\n|-sideend|p2: Poonslayer7|Reflect\n|upkeep\n|\n|t:|1700525772\n|switch|p2a: Scizor|Scizor-Mega, M|88\/100\n|-damage|p2a: Scizor|76\/100|[from] Stealth Rock\n|turn|24\n|c|\u2606Jvarg32|ggs\n|-message|Poonslayer7 forfeited.\n|\n|win|Jvarg32\n|l|\u2606Poonslayer7\n","uploadtime":1700525866,"views":2,"p1id":"jvarg32","p2id":"poonslayer7","formatid":"gen9nationaldex","rating":0,"private":0,"password":""}