{"id":"gen9nationaldex-1989893877","p1":"goopypiggys","p2":"asoespresso","format":"[Gen 9] National Dex","log":"|j|\u2606goopypiggys\n|j|\u2606asoespresso\n|inactive|Battle timer is ON: inactive players will automatically lose when time's up.\n|t:|1699904561\n|gametype|singles\n|player|p1|goopypiggys|ghetsis|\n|player|p2|asoespresso|bede|\n|teamsize|p1|6\n|teamsize|p2|6\n|gen|9\n|tier|[Gen 9] National Dex\n|rated|Tournament battle\n|rule|HP Percentage Mod: HP is shown in percentages\n|rule|Endless Battle Clause: Forcing endless battles is banned\n|rule|OHKO Clause: OHKO moves are banned\n|rule|Evasion Clause: Evasion abilities, items, and moves are banned\n|rule|Evasion Abilities Clause: Evasion abilities are banned\n|rule|Evasion Items Clause: Evasion items are banned\n|rule|Evasion Moves Clause: Evasion moves are banned\n|rule|Species Clause: Limit one of each Pok\u00e9mon\n|rule|Sleep Clause Mod: Limit one foe put to sleep\n|clearpoke\n|poke|p1|Skeledirge, M|\n|poke|p1|Gliscor, F|\n|poke|p1|Rillaboom, F|\n|poke|p1|Sneasler, F|\n|poke|p1|Ferrothorn, F|\n|poke|p1|Diancie|\n|poke|p2|Magnezone|\n|poke|p2|Ogerpon-Wellspring, F|\n|poke|p2|Gliscor, M|\n|poke|p2|Skarmory, F|\n|poke|p2|Alomomola, F|\n|poke|p2|Slowking-Galar, F|\n|teampreview\n|c|\u2606asoespresso|hf\n|inactive|goopypiggys has 120 seconds left.\n|inactive|asoespresso has 120 seconds left.\n|j| Oculars\u2655\n|c|\u2606goopypiggys|glhf\n|inactive|goopypiggys has 90 seconds left.\n|\n|t:|1699904628\n|start\n|switch|p1a: Rillaboom|Rillaboom, F|100\/100\n|switch|p2a: STAYWITHMEEE|Magnezone, shiny|100\/100\n|-fieldstart|move: Grassy Terrain|[from] ability: Grassy Surge|[of] p1a: Rillaboom\n|turn|1\n|inactive|asoespresso has 120 seconds left.\n|\n|t:|1699904680\n|switch|p1a: Gliscor|Gliscor, F|100\/100\n|move|p2a: STAYWITHMEEE|Volt Switch|p1a: Gliscor\n|-immune|p1a: Gliscor\n|\n|-status|p1a: Gliscor|tox|[from] item: Toxic Orb\n|upkeep\n|turn|2\n|\n|t:|1699904699\n|switch|p2a: WaVyyyy|Ogerpon-Wellspring, F|100\/100\n|switch|p1a: Skeledirge|Skeledirge, M|100\/100\n|\n|upkeep\n|turn|3\n|\n|t:|1699904722\n|switch|p2a: ALL I NEED|Alomomola, F, shiny|100\/100\n|switch|p1a: Ferrothorn|Ferrothorn, F|100\/100\n|\n|upkeep\n|turn|4\n|\n|t:|1699904729\n|switch|p2a: STAYWITHMEEE|Magnezone, shiny|100\/100\n|move|p1a: Ferrothorn|Spikes|p2a: STAYWITHMEEE\n|-sidestart|p2: asoespresso|Spikes\n|\n|upkeep\n|turn|5\n|\n|t:|1699904743\n|move|p2a: STAYWITHMEEE|Volt Switch|p1a: Ferrothorn\n|-resisted|p1a: Ferrothorn\n|-damage|p1a: Ferrothorn|85\/100\n|\n|t:|1699904748\n|switch|p2a: Phoenix|Skarmory, F|100\/100|[from] Volt Switch\n|move|p1a: Ferrothorn|Spikes|p2a: Phoenix\n|-sidestart|p2: asoespresso|Spikes\n|\n|-heal|p1a: Ferrothorn|91\/100|[from] Grassy Terrain\n|-heal|p1a: Ferrothorn|98\/100|[from] item: Leftovers\n|-fieldend|move: Grassy Terrain\n|upkeep\n|turn|6\n|\n|t:|1699904756\n|switch|p1a: Skeledirge|Skeledirge, M|100\/100\n|move|p2a: Phoenix|Stealth Rock|p1a: Skeledirge\n|-sidestart|p1: goopypiggys|move: Stealth Rock\n|\n|upkeep\n|turn|7\n|inactive|asoespresso has 120 seconds left.\n|\n|t:|1699904763\n|switch|p2a: Cursed Night|Slowking-Galar, F, shiny|100\/100\n|move|p1a: Skeledirge|Torch Song|p2a: Cursed Night\n|-damage|p2a: Cursed Night|83\/100\n|-boost|p1a: Skeledirge|spa|1\n|\n|upkeep\n|turn|8\n|\n|t:|1699904770\n|move|p1a: Skeledirge|Hex|p2a: Cursed Night\n|-supereffective|p2a: Cursed Night\n|-damage|p2a: Cursed Night|41\/100\n|move|p2a: Cursed Night|Chilly Reception|p2a: Cursed Night\n|-weather|Snow\n|\n|t:|1699904776\n|switch|p2a: UAREMYSPECIAL|Gliscor, M, shiny|100\/100|[from] Chilly Reception\n|\n|-weather|Snow|[upkeep]\n|-status|p2a: UAREMYSPECIAL|tox|[from] item: Toxic Orb\n|upkeep\n|turn|9\n|inactive|asoespresso has 120 seconds left.\n|inactive|asoespresso has 90 seconds left.\n|\n|t:|1699904833\n|switch|p1a: Rillaboom|Rillaboom, F|100\/100\n|-damage|p1a: Rillaboom|88\/100|[from] Stealth Rock\n|-fieldstart|move: Grassy Terrain|[from] ability: Grassy Surge|[of] p1a: Rillaboom\n|move|p2a: UAREMYSPECIAL|Swords Dance|p2a: UAREMYSPECIAL\n|-boost|p2a: UAREMYSPECIAL|atk|2\n|\n|-weather|Snow|[upkeep]\n|-heal|p1a: Rillaboom|94\/100|[from] Grassy Terrain\n|upkeep\n|turn|10\n|\n|t:|1699904843\n|switch|p2a: Phoenix|Skarmory, F|100\/100\n|move|p1a: Rillaboom|Wood Hammer|p2a: Phoenix\n|-resisted|p2a: Phoenix\n|-damage|p2a: Phoenix|83\/100\n|-damage|p1a: Rillaboom|78\/100|[from] item: Rocky Helmet|[of] p2a: Phoenix\n|-damage|p1a: Rillaboom|73\/100|[from] Recoil\n|\n|-weather|Snow|[upkeep]\n|-heal|p1a: Rillaboom|79\/100|[from] Grassy Terrain\n|upkeep\n|turn|11\n|inactive|asoespresso has 90 seconds left.\n|inactive|asoespresso has 60 seconds left.\n|inactive|asoespresso has 30 seconds left.\n|inactive|asoespresso has 20 seconds left.\n|inactive|asoespresso has 15 seconds left.\n|\n|t:|1699904928\n|switch|p1a: Skeledirge|Skeledirge, M|100\/100\n|switch|p2a: STAYWITHMEEE|Magnezone, shiny|100\/100\n|-damage|p2a: STAYWITHMEEE|84\/100|[from] Spikes\n|\n|-weather|Snow|[upkeep]\n|-heal|p2a: STAYWITHMEEE|90\/100|[from] Grassy Terrain\n|upkeep\n|turn|12\n|inactive|asoespresso has 25 seconds left this turn.\n|inactive|asoespresso has 20 seconds left.\n|\n|t:|1699904939\n|move|p2a: STAYWITHMEEE|Volt Switch|p1a: Skeledirge\n|-damage|p1a: Skeledirge|64\/100\n|inactive|asoespresso has 25 seconds left this turn.\n|inactive|asoespresso has 20 seconds left.\n|inactive|asoespresso has 15 seconds left.\n|inactive|asoespresso has 10 seconds left.\n|\n|t:|1699904955\n|switch|p2a: UAREMYSPECIAL|Gliscor, M, shiny|100\/100 tox|[from] Volt Switch\n|move|p1a: Skeledirge|Torch Song|p2a: UAREMYSPECIAL\n|-damage|p2a: UAREMYSPECIAL|77\/100 tox\n|-boost|p1a: Skeledirge|spa|1\n|\n|-weather|none\n|-heal|p1a: Skeledirge|70\/100|[from] Grassy Terrain\n|-heal|p2a: UAREMYSPECIAL|89\/100 tox|[from] ability: Poison Heal\n|upkeep\n|turn|13\n|inactive|asoespresso has 20 seconds left this turn.\n|inactive|asoespresso has 15 seconds left.\n|inactive|asoespresso has 10 seconds left.\n|\n|t:|1699904966\n|move|p2a: UAREMYSPECIAL|Earthquake|p1a: Skeledirge\n|-supereffective|p1a: Skeledirge\n|-damage|p1a: Skeledirge|52\/100\n|move|p1a: Skeledirge|Torch Song|p2a: UAREMYSPECIAL\n|-damage|p2a: UAREMYSPECIAL|51\/100 tox\n|-boost|p1a: Skeledirge|spa|1\n|\n|-heal|p1a: Skeledirge|58\/100|[from] Grassy Terrain\n|-heal|p2a: UAREMYSPECIAL|64\/100 tox|[from] ability: Poison Heal\n|-fieldend|move: Grassy Terrain\n|upkeep\n|turn|14\n|inactive|asoespresso has 20 seconds left this turn.\n|inactive|asoespresso has 15 seconds left.\n|\n|t:|1699904972\n|move|p2a: UAREMYSPECIAL|Roost|p2a: UAREMYSPECIAL\n|-heal|p2a: UAREMYSPECIAL|100\/100 tox\n|-singleturn|p2a: UAREMYSPECIAL|move: Roost\n|move|p1a: Skeledirge|Slack Off|p1a: Skeledirge\n|-heal|p1a: Skeledirge|100\/100\n|\n|upkeep\n|turn|15\n|inactive|asoespresso has 25 seconds left this turn.\n|\n|t:|1699904979\n|move|p2a: UAREMYSPECIAL|Earthquake|p1a: Skeledirge\n|-supereffective|p1a: Skeledirge\n|-damage|p1a: Skeledirge|59\/100\n|move|p1a: Skeledirge|Hex|p2a: UAREMYSPECIAL\n|-damage|p2a: UAREMYSPECIAL|15\/100 tox\n|\n|-heal|p2a: UAREMYSPECIAL|27\/100 tox|[from] ability: Poison Heal\n|upkeep\n|turn|16\n|inactive|asoespresso has 30 seconds left.\n|inactive|asoespresso has 20 seconds left.\n|\n|t:|1699904995\n|move|p2a: UAREMYSPECIAL|Earthquake|p1a: Skeledirge\n|-supereffective|p1a: Skeledirge\n|-damage|p1a: Skeledirge|23\/100\n|move|p1a: Skeledirge|Slack Off|p1a: Skeledirge\n|-heal|p1a: Skeledirge|73\/100\n|\n|-heal|p2a: UAREMYSPECIAL|40\/100 tox|[from] ability: Poison Heal\n|upkeep\n|turn|17\n|inactive|asoespresso has 30 seconds left this turn.\n|\n|t:|1699905006\n|switch|p2a: ALL I NEED|Alomomola, F, shiny|100\/100\n|move|p1a: Skeledirge|Slack Off|p1a: Skeledirge\n|-heal|p1a: Skeledirge|100\/100\n|\n|upkeep\n|turn|18\n|\n|t:|1699905013\n|switch|p1a: Ferrothorn|Ferrothorn, F|98\/100\n|-damage|p1a: Ferrothorn|91\/100|[from] Stealth Rock\n|move|p2a: ALL I NEED|Toxic|p1a: Ferrothorn\n|-immune|p1a: Ferrothorn\n|\n|-heal|p1a: Ferrothorn|98\/100|[from] item: Leftovers\n|upkeep\n|turn|19\n|\n|t:|1699905017\n|switch|p2a: STAYWITHMEEE|Magnezone, shiny|90\/100\n|-damage|p2a: STAYWITHMEEE|73\/100|[from] Spikes\n|move|p1a: Ferrothorn|Spikes|p2a: STAYWITHMEEE\n|-sidestart|p2: asoespresso|Spikes\n|\n|-heal|p1a: Ferrothorn|100\/100|[from] item: Leftovers\n|upkeep\n|turn|20\n|\n|t:|1699905032\n|-terastallize|p1a: Ferrothorn|Ghost\n|move|p2a: STAYWITHMEEE|Hidden Power|p1a: Ferrothorn\n|-damage|p1a: Ferrothorn|83\/100\n|move|p1a: Ferrothorn|Leech Seed|p2a: STAYWITHMEEE\n|-start|p2a: STAYWITHMEEE|move: Leech Seed\n|\n|-heal|p1a: Ferrothorn|90\/100|[from] item: Leftovers\n|-damage|p2a: STAYWITHMEEE|61\/100|[from] Leech Seed|[of] p1a: Ferrothorn\n|-heal|p1a: Ferrothorn|99\/100|[silent]\n|upkeep\n|turn|21\n|\n|t:|1699905055\n|switch|p2a: UAREMYSPECIAL|Gliscor, M, shiny|40\/100 tox\n|move|p1a: Ferrothorn|Thunder Wave|p2a: UAREMYSPECIAL\n|-immune|p2a: UAREMYSPECIAL\n|\n|-heal|p1a: Ferrothorn|100\/100|[from] item: Leftovers\n|-heal|p2a: UAREMYSPECIAL|52\/100 tox|[from] ability: Poison Heal\n|upkeep\n|turn|22\n|\n|t:|1699905068\n|switch|p1a: Rillaboom|Rillaboom, F|79\/100\n|-damage|p1a: Rillaboom|67\/100|[from] Stealth Rock\n|-fieldstart|move: Grassy Terrain|[from] ability: Grassy Surge|[of] p1a: Rillaboom\n|move|p2a: UAREMYSPECIAL|Roost|p2a: UAREMYSPECIAL\n|-heal|p2a: UAREMYSPECIAL|100\/100 tox\n|-singleturn|p2a: UAREMYSPECIAL|move: Roost\n|\n|-heal|p1a: Rillaboom|73\/100|[from] Grassy Terrain\n|upkeep\n|turn|23\n|\n|t:|1699905073\n|switch|p2a: Phoenix|Skarmory, F|83\/100\n|move|p1a: Rillaboom|Knock Off|p2a: Phoenix\n|-damage|p2a: Phoenix|52\/100\n|-damage|p1a: Rillaboom|56\/100|[from] item: Rocky Helmet|[of] p2a: Phoenix\n|-enditem|p2a: Phoenix|Rocky Helmet|[from] move: Knock Off|[of] p1a: Rillaboom\n|\n|-heal|p1a: Rillaboom|63\/100|[from] Grassy Terrain\n|upkeep\n|turn|24\n|\n|t:|1699905081\n|switch|p1a: Skeledirge|Skeledirge, M|100\/100\n|move|p2a: Phoenix|Roost|p2a: Phoenix\n|-heal|p2a: Phoenix|100\/100\n|-singleturn|p2a: Phoenix|move: Roost\n|\n|upkeep\n|turn|25\n|inactive|asoespresso has 60 seconds left.\n|\n|t:|1699905088\n|switch|p2a: ALL I NEED|Alomomola, F, shiny|100\/100\n|move|p1a: Skeledirge|Will-O-Wisp|p2a: ALL I NEED\n|-status|p2a: ALL I NEED|brn\n|\n|-damage|p2a: ALL I NEED|94\/100 brn|[from] brn\n|upkeep\n|turn|26\n|j| Charizardman2008\n|\n|t:|1699905096\n|switch|p1a: Ferrothorn|Ferrothorn, F, tera:Ghost|100\/100\n|-damage|p1a: Ferrothorn|88\/100|[from] Stealth Rock\n|move|p2a: ALL I NEED|Toxic|p1a: Ferrothorn\n|-status|p1a: Ferrothorn|tox\n|\n|-heal|p2a: ALL I NEED|100\/100 brn|[from] Grassy Terrain\n|-heal|p1a: Ferrothorn|94\/100 tox|[from] Grassy Terrain\n|-heal|p1a: Ferrothorn|100\/100 tox|[from] item: Leftovers\n|-damage|p1a: Ferrothorn|94\/100 tox|[from] psn\n|-damage|p2a: ALL I NEED|94\/100 brn|[from] brn\n|-fieldend|move: Grassy Terrain\n|upkeep\n|turn|27\n|l| Charizardman2008\n|\n|t:|1699905104\n|move|p2a: ALL I NEED|Flip Turn|p1a: Ferrothorn\n|-damage|p1a: Ferrothorn|89\/100 tox\n|-damage|p2a: ALL I NEED|82\/100 brn|[from] ability: Iron Barbs|[of] p1a: Ferrothorn\n|\n|t:|1699905110\n|switch|p2a: UAREMYSPECIAL|Gliscor, M, shiny|100\/100 tox|[from] Flip Turn\n|move|p1a: Ferrothorn|Leech Seed|p2a: UAREMYSPECIAL\n|-start|p2a: UAREMYSPECIAL|move: Leech Seed\n|\n|-heal|p1a: Ferrothorn|96\/100 tox|[from] item: Leftovers\n|-damage|p2a: UAREMYSPECIAL|88\/100 tox|[from] Leech Seed|[of] p1a: Ferrothorn\n|-heal|p1a: Ferrothorn|100\/100 tox|[silent]\n|-heal|p2a: UAREMYSPECIAL|100\/100 tox|[from] ability: Poison Heal\n|-damage|p1a: Ferrothorn|88\/100 tox|[from] psn\n|upkeep\n|turn|28\n|\n|t:|1699905122\n|switch|p2a: Phoenix|Skarmory, F|100\/100\n|switch|p1a: Rillaboom|Rillaboom, F|63\/100\n|-damage|p1a: Rillaboom|50\/100|[from] Stealth Rock\n|-fieldstart|move: Grassy Terrain|[from] ability: Grassy Surge|[of] p1a: Rillaboom\n|\n|-heal|p1a: Rillaboom|56\/100|[from] Grassy Terrain\n|upkeep\n|turn|29\n|\n|t:|1699905132\n|switch|p1a: Ferrothorn|Ferrothorn, F, tera:Ghost|88\/100 tox\n|-damage|p1a: Ferrothorn|75\/100 tox|[from] Stealth Rock\n|move|p2a: Phoenix|Whirlwind|p1a: Ferrothorn\n|drag|p1a: Gliscor|Gliscor, F|100\/100 tox\n|-damage|p1a: Gliscor|88\/100 tox|[from] Stealth Rock\n|\n|-heal|p1a: Gliscor|100\/100 tox|[from] ability: Poison Heal\n|upkeep\n|turn|30\n|\n|t:|1699905143\n|move|p1a: Gliscor|Knock Off|p2a: Phoenix\n|-damage|p2a: Phoenix|92\/100\n|move|p2a: Phoenix|Brave Bird|p1a: Gliscor\n|-damage|p1a: Gliscor|75\/100 tox\n|-damage|p2a: Phoenix|83\/100|[from] Recoil\n|\n|-heal|p1a: Gliscor|87\/100 tox|[from] ability: Poison Heal\n|upkeep\n|turn|31\n|\n|t:|1699905149\n|move|p1a: Gliscor|Knock Off|p2a: Phoenix\n|-crit|p2a: Phoenix\n|-damage|p2a: Phoenix|71\/100\n|move|p2a: Phoenix|Roost|p2a: Phoenix\n|-heal|p2a: Phoenix|100\/100\n|-singleturn|p2a: Phoenix|move: Roost\n|\n|-heal|p1a: Gliscor|99\/100 tox|[from] ability: Poison Heal\n|upkeep\n|turn|32\n|c|\u2606asoespresso|sumn light\n|\n|t:|1699905159\n|move|p1a: Gliscor|Knock Off|p2a: Phoenix\n|-damage|p2a: Phoenix|92\/100\n|move|p2a: Phoenix|Whirlwind|p1a: Gliscor\n|drag|p1a: Ferrothorn|Ferrothorn, F, tera:Ghost|75\/100 tox\n|-damage|p1a: Ferrothorn|63\/100 tox|[from] Stealth Rock\n|\n|-heal|p1a: Ferrothorn|69\/100 tox|[from] Grassy Terrain\n|-heal|p1a: Ferrothorn|75\/100 tox|[from] item: Leftovers\n|-damage|p1a: Ferrothorn|69\/100 tox|[from] psn\n|-fieldend|move: Grassy Terrain\n|upkeep\n|turn|33\n|\n|t:|1699905171\n|switch|p2a: WaVyyyy|Ogerpon-Wellspring, F|100\/100\n|-damage|p2a: WaVyyyy|76\/100|[from] Spikes\n|switch|p1a: Gliscor|Gliscor, F|99\/100 tox\n|-damage|p1a: Gliscor|87\/100 tox|[from] Stealth Rock\n|\n|-heal|p1a: Gliscor|99\/100 tox|[from] ability: Poison Heal\n|upkeep\n|turn|34\n|\n|t:|1699905189\n|switch|p1a: Ferrothorn|Ferrothorn, F, tera:Ghost|69\/100 tox\n|-damage|p1a: Ferrothorn|57\/100 tox|[from] Stealth Rock\n|move|p2a: WaVyyyy|Ivy Cudgel|p1a: Ferrothorn\n|-damage|p1a: Ferrothorn|24\/100 tox\n|\n|-heal|p1a: Ferrothorn|30\/100 tox|[from] item: Leftovers\n|-damage|p1a: Ferrothorn|24\/100 tox|[from] psn\n|upkeep\n|turn|35\n|l|\u2606asoespresso\n|inactive|asoespresso disconnected and has a minute to reconnect!\n|player|p2|\n|inactive|asoespresso has 30 seconds to reconnect!\n|inactive|asoespresso has 20 seconds to reconnect!\n|inactive|asoespresso has 15 seconds to reconnect!\n|inactive|asoespresso has 10 seconds to reconnect!\n|inactive|asoespresso has 5 seconds to reconnect!\n|-message|asoespresso lost due to inactivity.\n|\n|win|goopypiggys\n|inactive|asoespresso has 20 seconds left this turn.\n|n|\u2606goopypiggys|goopypiggys\n|n| Oculars\u2655|oculars\n","uploadtime":1699905265,"views":4,"p1id":"goopypiggys","p2id":"asoespresso","formatid":"gen9nationaldex","rating":0,"private":0,"password":""}