{"id":"gen9nationaldex-1987223556","p1":"6DFirapaka","p2":"Garry97","format":"[Gen 9] National Dex","log":"|j|\u26066DFirapaka\n|j|\u2606Garry97\n|t:|1699566819\n|gametype|singles\n|player|p1|6DFirapaka|scientist-gen4dp|1389\n|player|p2|Garry97|eri|1563\n|teamsize|p1|6\n|teamsize|p2|6\n|gen|9\n|tier|[Gen 9] National Dex\n|rated|\n|rule|HP Percentage Mod: HP is shown in percentages\n|rule|Endless Battle Clause: Forcing endless battles is banned\n|rule|OHKO Clause: OHKO moves are banned\n|rule|Evasion Clause: Evasion abilities, items, and moves are banned\n|rule|Evasion Abilities Clause: Evasion abilities are banned\n|rule|Evasion Items Clause: Evasion items are banned\n|rule|Evasion Moves Clause: Evasion moves are banned\n|rule|Species Clause: Limit one of each Pok\u00e9mon\n|rule|Sleep Clause Mod: Limit one foe put to sleep\n|clearpoke\n|poke|p1|Clodsire, F|\n|poke|p1|Grimmsnarl, M|\n|poke|p1|Beedrill, M|\n|poke|p1|Jirachi|\n|poke|p1|Mimikyu, F|\n|poke|p1|Glimmora, F|\n|poke|p2|Bewear, M|\n|poke|p2|Hariyama, M|\n|poke|p2|Kommo-o, M|\n|poke|p2|Gallade, M|\n|poke|p2|Lucario, M|\n|poke|p2|Blaziken, M|\n|teampreview\n|inactive|Battle timer is ON: inactive players will automatically lose when time's up. (requested by Garry97)\n|\n|t:|1699566833\n|start\n|switch|p1a: Grimmsnarl|Grimmsnarl, M, shiny|100\/100\n|switch|p2a: Kommo-or!!!??|Kommo-o, M|100\/100\n|turn|1\n|\n|t:|1699566843\n|move|p1a: Grimmsnarl|Thunder Wave|p2a: Kommo-or!!!??\n|-status|p2a: Kommo-or!!!??|par\n|move|p2a: Kommo-or!!!??|Flash Cannon|p1a: Grimmsnarl\n|-supereffective|p1a: Grimmsnarl\n|-damage|p1a: Grimmsnarl|64\/100\n|\n|upkeep\n|turn|2\n|\n|t:|1699566852\n|move|p1a: Grimmsnarl|Spirit Break|p2a: Kommo-or!!!??\n|-supereffective|p2a: Kommo-or!!!??\n|-damage|p2a: Kommo-or!!!??|0 fnt\n|faint|p2a: Kommo-or!!!??\n|\n|upkeep\n|\n|t:|1699566858\n|switch|p2a: Lord Beerus|Lucario, M|100\/100\n|turn|3\n|\n|t:|1699566861\n|-terastallize|p1a: Grimmsnarl|Steel\n|move|p1a: Grimmsnarl|Thunder Wave|p2a: Lord Beerus\n|-status|p2a: Lord Beerus|par\n|cant|p2a: Lord Beerus|par\n|\n|upkeep\n|turn|4\n|\n|t:|1699566869\n|move|p1a: Grimmsnarl|Parting Shot|p2a: Lord Beerus\n|-unboost|p2a: Lord Beerus|atk|1\n|-unboost|p2a: Lord Beerus|spa|1\n|\n|t:|1699566875\n|switch|p1a: Clodsire|Clodsire, F|100\/100|[from] Parting Shot\n|cant|p2a: Lord Beerus|par\n|\n|upkeep\n|turn|5\n|\n|t:|1699566887\n|switch|p2a: Freddy|Bewear, M|100\/100\n|move|p1a: Clodsire|Curse|p1a: Clodsire\n|-unboost|p1a: Clodsire|spe|1\n|-boost|p1a: Clodsire|atk|1\n|-boost|p1a: Clodsire|def|1\n|\n|upkeep\n|turn|6\n|\n|t:|1699566917\n|switch|p2a: Roronoa Zoro|Gallade, M|100\/100\n|move|p1a: Clodsire|Curse|p1a: Clodsire\n|-unboost|p1a: Clodsire|spe|1\n|-boost|p1a: Clodsire|atk|1\n|-boost|p1a: Clodsire|def|1\n|\n|upkeep\n|turn|7\n|\n|t:|1699566925\n|detailschange|p2a: Roronoa Zoro|Gallade-Mega, M\n|-mega|p2a: Roronoa Zoro|Gallade|Galladite\n|move|p2a: Roronoa Zoro|Psycho Cut|p1a: Clodsire\n|-supereffective|p1a: Clodsire\n|-damage|p1a: Clodsire|50\/100\n|move|p1a: Clodsire|Curse|p1a: Clodsire\n|-unboost|p1a: Clodsire|spe|1\n|-boost|p1a: Clodsire|atk|1\n|-boost|p1a: Clodsire|def|1\n|\n|-heal|p1a: Clodsire|56\/100|[from] item: Black Sludge\n|upkeep\n|turn|8\n|\n|t:|1699566936\n|move|p2a: Roronoa Zoro|Psycho Cut|p1a: Clodsire\n|-supereffective|p1a: Clodsire\n|-damage|p1a: Clodsire|15\/100\n|move|p1a: Clodsire|Recover|p1a: Clodsire\n|-heal|p1a: Clodsire|65\/100\n|\n|-heal|p1a: Clodsire|71\/100|[from] item: Black Sludge\n|upkeep\n|turn|9\n|\n|t:|1699566944\n|move|p2a: Roronoa Zoro|Psycho Cut|p1a: Clodsire\n|-supereffective|p1a: Clodsire\n|-damage|p1a: Clodsire|33\/100\n|move|p1a: Clodsire|Recover|p1a: Clodsire\n|-heal|p1a: Clodsire|83\/100\n|\n|-heal|p1a: Clodsire|90\/100|[from] item: Black Sludge\n|upkeep\n|turn|10\n|\n|t:|1699566952\n|move|p2a: Roronoa Zoro|Psycho Cut|p1a: Clodsire\n|-supereffective|p1a: Clodsire\n|-damage|p1a: Clodsire|49\/100\n|move|p1a: Clodsire|Curse|p1a: Clodsire\n|-unboost|p1a: Clodsire|spe|1\n|-boost|p1a: Clodsire|atk|1\n|-boost|p1a: Clodsire|def|1\n|\n|-heal|p1a: Clodsire|56\/100|[from] item: Black Sludge\n|upkeep\n|turn|11\n|\n|t:|1699566961\n|move|p2a: Roronoa Zoro|Psycho Cut|p1a: Clodsire\n|-supereffective|p1a: Clodsire\n|-damage|p1a: Clodsire|25\/100\n|move|p1a: Clodsire|Recover|p1a: Clodsire\n|-heal|p1a: Clodsire|75\/100\n|\n|-heal|p1a: Clodsire|82\/100|[from] item: Black Sludge\n|upkeep\n|turn|12\n|\n|t:|1699566969\n|move|p2a: Roronoa Zoro|Psycho Cut|p1a: Clodsire\n|-supereffective|p1a: Clodsire\n|-crit|p1a: Clodsire\n|-damage|p1a: Clodsire|0 fnt\n|faint|p1a: Clodsire\n|\n|upkeep\n|\n|t:|1699566979\n|switch|p1a: ShinyKyu|Mimikyu, F, shiny|100\/100\n|turn|13\n|\n|t:|1699566986\n|move|p2a: Roronoa Zoro|Triple Axel|p1a: ShinyKyu\n|-activate|p1a: ShinyKyu|ability: Disguise\n|-damage|p1a: ShinyKyu|100\/100\n|detailschange|p1a: ShinyKyu|Mimikyu-Busted, F, shiny\n|-damage|p1a: ShinyKyu|88\/100|[from] pokemon: Mimikyu-Busted\n|-damage|p1a: ShinyKyu|63\/100\n|-damage|p1a: ShinyKyu|21\/100\n|-hitcount|p1a: ShinyKyu|3\n|move|p1a: ShinyKyu|Swords Dance|p1a: ShinyKyu\n|-boost|p1a: ShinyKyu|atk|2\n|\n|upkeep\n|turn|14\n|\n|t:|1699566999\n|switch|p2a: Freddy|Bewear, M|100\/100\n|move|p1a: ShinyKyu|Shadow Sneak|p2a: Freddy\n|-immune|p2a: Freddy\n|\n|upkeep\n|turn|15\n|\n|t:|1699567011\n|-terastallize|p2a: Freddy|Fairy\n|move|p1a: ShinyKyu|Drain Punch|p2a: Freddy\n|-resisted|p2a: Freddy\n|-damage|p2a: Freddy|91\/100\n|-heal|p1a: ShinyKyu|29\/100|[from] drain|[of] p2a: Freddy\n|-damage|p1a: ShinyKyu|12\/100|[from] item: Rocky Helmet|[of] p2a: Freddy\n|-damage|p1a: ShinyKyu|2\/100|[from] item: Life Orb\n|move|p2a: Freddy|Ice Punch|p1a: ShinyKyu\n|-damage|p1a: ShinyKyu|0 fnt\n|faint|p1a: ShinyKyu\n|\n|upkeep\n|\n|t:|1699567023\n|switch|p1a: I am FLINCH|Jirachi|100\/100\n|turn|16\n|\n|t:|1699567027\n|move|p1a: I am FLINCH|Ancient Power|p2a: Freddy\n|-crit|p2a: Freddy\n|-damage|p2a: Freddy|69\/100\n|-boost|p1a: I am FLINCH|atk|1\n|-boost|p1a: I am FLINCH|def|1\n|-boost|p1a: I am FLINCH|spa|1\n|-boost|p1a: I am FLINCH|spd|1\n|-boost|p1a: I am FLINCH|spe|1\n|move|p2a: Freddy|Earthquake|p1a: I am FLINCH\n|-supereffective|p1a: I am FLINCH\n|-damage|p1a: I am FLINCH|67\/100\n|-enditem|p1a: I am FLINCH|Weakness Policy\n|-boost|p1a: I am FLINCH|atk|2|[from] item: Weakness Policy\n|-boost|p1a: I am FLINCH|spa|2|[from] item: Weakness Policy\n|\n|upkeep\n|turn|17\n|\n|t:|1699567041\n|move|p1a: I am FLINCH|Drain Punch|p2a: Freddy\n|-resisted|p2a: Freddy\n|-damage|p2a: Freddy|59\/100\n|-heal|p1a: I am FLINCH|73\/100|[from] drain|[of] p2a: Freddy\n|-damage|p1a: I am FLINCH|56\/100|[from] item: Rocky Helmet|[of] p2a: Freddy\n|move|p2a: Freddy|Earthquake|p1a: I am FLINCH\n|-supereffective|p1a: I am FLINCH\n|-damage|p1a: I am FLINCH|21\/100\n|\n|upkeep\n|turn|18\n|\n|t:|1699567053\n|move|p1a: I am FLINCH|Iron Head|p2a: Freddy\n|-supereffective|p2a: Freddy\n|-damage|p2a: Freddy|0 fnt\n|-damage|p1a: I am FLINCH|4\/100|[from] item: Rocky Helmet|[of] p2a: Freddy\n|faint|p2a: Freddy\n|\n|upkeep\n|\n|t:|1699567067\n|switch|p2a: Paca Pacheco|Hariyama, M, shiny|100\/100\n|turn|19\n|\n|t:|1699567072\n|move|p2a: Paca Pacheco|Bullet Punch|p1a: I am FLINCH\n|-resisted|p1a: I am FLINCH\n|-damage|p1a: I am FLINCH|0 fnt\n|faint|p1a: I am FLINCH\n|\n|upkeep\n|\n|t:|1699567075\n|switch|p1a: Grimmsnarl|Grimmsnarl, M, shiny, tera:Steel|64\/100\n|turn|20\n|\n|t:|1699567080\n|move|p1a: Grimmsnarl|Thunder Wave|p2a: Paca Pacheco\n|-status|p2a: Paca Pacheco|par\n|move|p2a: Paca Pacheco|Close Combat|p1a: Grimmsnarl\n|-supereffective|p1a: Grimmsnarl\n|-damage|p1a: Grimmsnarl|0 fnt\n|-unboost|p2a: Paca Pacheco|def|1\n|-unboost|p2a: Paca Pacheco|spd|1\n|-damage|p2a: Paca Pacheco|84\/100 par|[from] item: Rocky Helmet|[of] p1a: Grimmsnarl\n|faint|p1a: Grimmsnarl\n|\n|upkeep\n|\n|t:|1699567086\n|switch|p1a: Beedrill|Beedrill, M, shiny|100\/100\n|turn|21\n|\n|t:|1699567101\n|switch|p2a: Lord Beerus|Lucario, M|100\/100 par\n|detailschange|p1a: Beedrill|Beedrill-Mega, M, shiny\n|-mega|p1a: Beedrill|Beedrill|Beedrillite\n|move|p1a: Beedrill|Poison Jab|p2a: Lord Beerus\n|-immune|p2a: Lord Beerus\n|\n|upkeep\n|turn|22\n|\n|t:|1699567120\n|switch|p2a: Paca Pacheco|Hariyama, M, shiny|84\/100 par\n|move|p1a: Beedrill|Drill Run|p2a: Paca Pacheco\n|-damage|p2a: Paca Pacheco|49\/100 par\n|\n|upkeep\n|turn|23\n|\n|t:|1699567127\n|cant|p2a: Paca Pacheco|par\n|move|p1a: Beedrill|Poison Jab|p2a: Paca Pacheco\n|-damage|p2a: Paca Pacheco|0 fnt\n|faint|p2a: Paca Pacheco\n|\n|upkeep\n|\n|t:|1699567138\n|switch|p2a: Lord Beerus|Lucario, M|100\/100 par\n|turn|24\n|\n|t:|1699567142\n|move|p2a: Lord Beerus|Extreme Speed|p1a: Beedrill\n|-damage|p1a: Beedrill|0 fnt\n|faint|p1a: Beedrill\n|\n|upkeep\n|-message|6DFirapaka forfeited.\n|\n|win|Garry97\n|raw|6DFirapaka's rating: 1404 &rarr; <strong>1393<\/strong><br \/>(-11 for losing)\n|raw|Garry97's rating: 1563 &rarr; <strong>1574<\/strong><br \/>(+11 for winning)\n|l|\u26066DFirapaka\n","uploadtime":1699567158,"views":4,"p1id":"6dfirapaka","p2id":"garry97","formatid":"gen9nationaldex","rating":1393,"private":0,"password":""}