{"id":"gen9nationaldex-1988397799","p1":"OnlyPyper","p2":"Corazonmorado27","format":"[Gen 9] National Dex","log":"|j|\u2606OnlyPyper\n|j|\u2606Corazonmorado27\n|t:|1699718432\n|gametype|singles\n|player|p1|OnlyPyper|candice|\n|player|p2|Corazonmorado27|2|\n|teamsize|p1|6\n|teamsize|p2|6\n|gen|9\n|tier|[Gen 9] National Dex\n|rule|HP Percentage Mod: HP is shown in percentages\n|rule|Endless Battle Clause: Forcing endless battles is banned\n|rule|OHKO Clause: OHKO moves are banned\n|rule|Evasion Clause: Evasion abilities, items, and moves are banned\n|rule|Evasion Abilities Clause: Evasion abilities are banned\n|rule|Evasion Items Clause: Evasion items are banned\n|rule|Evasion Moves Clause: Evasion moves are banned\n|rule|Species Clause: Limit one of each Pok\u00e9mon\n|rule|Sleep Clause Mod: Limit one foe put to sleep\n|clearpoke\n|poke|p1|Greninja-*, F|\n|poke|p1|Tyrantrum, F|\n|poke|p1|Hawlucha, F|\n|poke|p1|Aegislash, F|\n|poke|p1|Meowstic-F, F|\n|poke|p1|Gourgeist-*, F|\n|poke|p2|Typhlosion-Hisui, M|\n|poke|p2|Floatzel, M|\n|poke|p2|Gardevoir, F|\n|poke|p2|Lilligant-Hisui, F|\n|poke|p2|Gliscor, F|\n|poke|p2|Goodra-Hisui, M|\n|teampreview\n|c|\u2606Corazonmorado27|raz\u00f3n? zy\n|c|\u2606Corazonmorado27|se llevar\u00e1n bien con Gardien, ahora que lo pienso XD\n|c|\u2606OnlyPyper|Me hubieras dicho para llevar a Hisui tmb\n|c|\u2606OnlyPyper|Zy uwu\n|c|\u2606Corazonmorado27|fue lo primero que se me atraves\u00f3 XD\n|\n|t:|1699718472\n|start\n|switch|p1a: Chensi|Greninja, F|100\/100\n|switch|p2a: Suima|Floatzel, M|100\/100\n|turn|1\n|\n|t:|1699718489\n|move|p1a: Chensi|U-turn|p2a: Suima\n|-start|p1a: Chensi|typechange|Bug|[from] ability: Protean\n|-damage|p2a: Suima|61\/100\n|\n|t:|1699718495\n|switch|p1a: Gwen|Gourgeist-Super, F|100\/100|[from] U-turn\n|-item|p2a: Suima|Choice Band|[from] ability: Frisk|[of] p1a: Gwen|[identify]\n|move|p2a: Suima|Flip Turn|p1a: Gwen\n|-resisted|p1a: Gwen\n|-damage|p1a: Gwen|88\/100\n|\n|t:|1699718514\n|switch|p2a: Horo Suru|Typhlosion-Hisui, M|100\/100|[from] Flip Turn\n|\n|-heal|p1a: Gwen|95\/100|[from] item: Leftovers\n|upkeep\n|turn|2\n|c|\u2606OnlyPyper|Y ah\u00ed est\u00e1 el problema xd\n|c|\u2606Corazonmorado27|ekisde\n|c|\u2606OnlyPyper|Que sac\u00f3 yo xdddd\n|c|\u2606Corazonmorado27|XDXD\n|\n|t:|1699718571\n|switch|p1a: \u00c1gata|Tyrantrum, F|100\/100\n|move|p2a: Horo Suru|Eruption|p1a: \u00c1gata\n|-resisted|p1a: \u00c1gata\n|-damage|p1a: \u00c1gata|71\/100\n|\n|upkeep\n|turn|3\n|\n|t:|1699718588\n|switch|p2a: Sagi Shi|Gliscor, F|100\/100\n|move|p1a: \u00c1gata|Hone Claws|p1a: \u00c1gata\n|-boost|p1a: \u00c1gata|atk|1\n|-boost|p1a: \u00c1gata|accuracy|1\n|\n|-status|p2a: Sagi Shi|tox|[from] item: Toxic Orb\n|upkeep\n|turn|4\n|c|\u2606OnlyPyper|Y eso es una resistencia x4\n|c|\u2606Corazonmorado27|yep\n|\n|t:|1699718609\n|-terastallize|p1a: \u00c1gata|Rock\n|move|p1a: \u00c1gata|Head Smash|p2a: Sagi Shi\n|-damage|p2a: Sagi Shi|0 fnt\n|faint|p2a: Sagi Shi\n|\n|upkeep\n|c|\u2606Corazonmorado27|no pos\n|c|\u2606Corazonmorado27|valio cola Sagi\n|c|\u2606Corazonmorado27|XD\n|c|\u2606OnlyPyper|Por mi baba\n|c|\u2606OnlyPyper|Vieja pta\n|c|\u2606Corazonmorado27|XDXDXD\n|\n|t:|1699718639\n|switch|p2a: Senshi|Lilligant-Hisui, F|100\/100\n|turn|5\n|\n|t:|1699718675\n|switch|p1a: Gwen|Gourgeist-Super, F|95\/100\n|-item|p2a: Senshi|Wide Lens|[from] ability: Frisk|[of] p1a: Gwen|[identify]\n|move|p2a: Senshi|Leaf Blade|p1a: Gwen|[miss]\n|-miss|p2a: Senshi|p1a: Gwen\n|\n|-heal|p1a: Gwen|100\/100|[from] item: Leftovers\n|upkeep\n|turn|6\n|c|\u2606Corazonmorado27|ekisde\n|c|\u2606OnlyPyper|Tampoco es como que fuera a hacer mucho sabes xd\n|\n|t:|1699718704\n|move|p2a: Senshi|Victory Dance|p2a: Senshi\n|-boost|p2a: Senshi|atk|1\n|-boost|p2a: Senshi|def|1\n|-boost|p2a: Senshi|spe|1\n|move|p1a: Gwen|Will-O-Wisp|p2a: Senshi\n|-status|p2a: Senshi|brn\n|\n|-damage|p2a: Senshi|94\/100 brn|[from] brn\n|upkeep\n|turn|7\n|\n|t:|1699718714\n|move|p2a: Senshi|Victory Dance|p2a: Senshi\n|-boost|p2a: Senshi|atk|1\n|-boost|p2a: Senshi|def|1\n|-boost|p2a: Senshi|spe|1\n|move|p1a: Gwen|Poltergeist|p2a: Senshi\n|-activate|p2a: Senshi|move: Poltergeist|Wide Lens\n|-damage|p2a: Senshi|62\/100 brn\n|\n|-damage|p2a: Senshi|56\/100 brn|[from] brn\n|upkeep\n|turn|8\n|\n|t:|1699718741\n|-terastallize|p2a: Senshi|Ghost\n|move|p2a: Senshi|Tera Blast|p1a: Gwen|[anim] Tera Blast Ghost\n|-supereffective|p1a: Gwen\n|-damage|p1a: Gwen|40\/100\n|move|p1a: Gwen|Synthesis|p1a: Gwen\n|-heal|p1a: Gwen|90\/100\n|\n|-heal|p1a: Gwen|96\/100|[from] item: Leftovers\n|-damage|p2a: Senshi|50\/100 brn|[from] brn\n|upkeep\n|turn|9\n|\n|t:|1699718776\n|move|p2a: Senshi|Tera Blast|p1a: Gwen|[anim] Tera Blast Ghost\n|-supereffective|p1a: Gwen\n|-damage|p1a: Gwen|30\/100\n|move|p1a: Gwen|Poltergeist|p2a: Senshi\n|-activate|p2a: Senshi|move: Poltergeist|Wide Lens\n|-supereffective|p2a: Senshi\n|-damage|p2a: Senshi|0 fnt\n|faint|p2a: Senshi\n|\n|-heal|p1a: Gwen|37\/100|[from] item: Leftovers\n|upkeep\n|\n|t:|1699718791\n|switch|p2a: Horo Suru|Typhlosion-Hisui, M|100\/100\n|turn|10\n|\n|t:|1699718799\n|switch|p1a: Chensi|Greninja, F|100\/100\n|move|p2a: Horo Suru|Shadow Ball|p1a: Chensi\n|-resisted|p1a: Chensi\n|-damage|p1a: Chensi|67\/100\n|\n|upkeep\n|turn|11\n|\n|t:|1699718808\n|switch|p2a: Shirudo|Goodra-Hisui, M|100\/100\n|move|p1a: Chensi|U-turn|p2a: Shirudo\n|-start|p1a: Chensi|typechange|Bug|[from] ability: Protean\n|-resisted|p2a: Shirudo\n|-damage|p2a: Shirudo|90\/100\n|-ability|p2a: Shirudo|Gooey\n|-unboost|p1a: Chensi|spe|1\n|\n|t:|1699718822\n|switch|p1a: \u00c1gata|Tyrantrum, F, tera:Rock|71\/100|[from] U-turn\n|\n|-heal|p2a: Shirudo|96\/100|[from] item: Leftovers\n|upkeep\n|turn|12\n|\n|t:|1699718836\n|move|p1a: \u00c1gata|Head Smash|p2a: Shirudo\n|-resisted|p2a: Shirudo\n|-damage|p2a: Shirudo|47\/100\n|-ability|p2a: Shirudo|Gooey\n|-unboost|p1a: \u00c1gata|spe|1\n|move|p2a: Shirudo|Acid Armor|p2a: Shirudo\n|-boost|p2a: Shirudo|def|2\n|\n|-heal|p2a: Shirudo|54\/100|[from] item: Leftovers\n|upkeep\n|turn|13\n|c|\u2606Corazonmorado27|dios\n|\n|t:|1699718860\n|move|p1a: \u00c1gata|Earthquake|p2a: Shirudo\n|-supereffective|p2a: Shirudo\n|-damage|p2a: Shirudo|23\/100\n|move|p2a: Shirudo|Draco Meteor|p1a: \u00c1gata\n|-damage|p1a: \u00c1gata|0 fnt\n|-unboost|p2a: Shirudo|spa|2\n|faint|p1a: \u00c1gata\n|\n|-heal|p2a: Shirudo|29\/100|[from] item: Leftovers\n|upkeep\n|c|\u2606OnlyPyper|Rico damage\n|c|\u2606Corazonmorado27|eso si\n|\n|t:|1699718913\n|switch|p1a: Jessica|Hawlucha, F|100\/100\n|turn|14\n|\n|t:|1699718921\n|move|p1a: Jessica|Close Combat|p2a: Shirudo\n|-supereffective|p2a: Shirudo\n|-damage|p2a: Shirudo|0 fnt\n|-unboost|p1a: Jessica|def|1\n|-unboost|p1a: Jessica|spd|1\n|-ability|p2a: Shirudo|Gooey\n|-unboost|p1a: Jessica|spe|1\n|-enditem|p1a: Jessica|White Herb\n|-clearnegativeboost|p1a: Jessica|[silent]\n|faint|p2a: Shirudo\n|\n|upkeep\n|\n|t:|1699718933\n|switch|p2a: Hirameki|Gardevoir, F|100\/100\n|-ability|p2a: Hirameki|Unburden|[from] ability: Trace|[of] p1a: Jessica\n|turn|15\n|\n|t:|1699718951\n|move|p1a: Jessica|Acrobatics|p2a: Hirameki\n|-damage|p2a: Hirameki|38\/100\n|move|p2a: Hirameki|Draining Kiss|p1a: Jessica\n|-supereffective|p1a: Jessica\n|-damage|p1a: Jessica|33\/100\n|-heal|p2a: Hirameki|92\/100|[from] drain|[of] p1a: Jessica\n|\n|-heal|p2a: Hirameki|98\/100|[from] item: Leftovers\n|upkeep\n|turn|16\n|c|\u2606OnlyPyper|Que jota\n|c|\u2606Corazonmorado27|XDXD\n|\n|t:|1699718975\n|switch|p1a: Gardien|Aegislash, F|100\/100\n|move|p2a: Hirameki|Substitute|p2a: Hirameki\n|-start|p2a: Hirameki|Substitute\n|-damage|p2a: Hirameki|73\/100\n|\n|-heal|p2a: Hirameki|79\/100|[from] item: Leftovers\n|upkeep\n|turn|17\n|\n|t:|1699718985\n|move|p2a: Hirameki|Calm Mind|p2a: Hirameki\n|-boost|p2a: Hirameki|spa|1\n|-boost|p2a: Hirameki|spd|1\n|move|p1a: Gardien|Swords Dance|p1a: Gardien\n|-boost|p1a: Gardien|atk|2\n|\n|-heal|p2a: Hirameki|85\/100|[from] item: Leftovers\n|upkeep\n|turn|18\n|\n|t:|1699718999\n|move|p2a: Hirameki|Psyshock|p1a: Gardien\n|-resisted|p1a: Gardien\n|-damage|p1a: Gardien|82\/100\n|-formechange|p1a: Gardien|Aegislash-Blade||[from] ability: Stance Change\n|move|p1a: Gardien|Iron Head|p2a: Hirameki\n|-supereffective|p2a: Hirameki\n|-end|p2a: Hirameki|Substitute\n|\n|-heal|p2a: Hirameki|91\/100|[from] item: Leftovers\n|upkeep\n|turn|19\n|\n|t:|1699719026\n|move|p1a: Gardien|Shadow Sneak|p2a: Hirameki\n|-supereffective|p2a: Hirameki\n|-damage|p2a: Hirameki|0 fnt\n|faint|p2a: Hirameki\n|\n|upkeep\n|\n|t:|1699719034\n|switch|p2a: Suima|Floatzel, M|61\/100\n|turn|20\n|\n|t:|1699719044\n|-formechange|p1a: Gardien|Aegislash||[from] ability: Stance Change\n|move|p1a: Gardien|King's Shield|p1a: Gardien\n|-singleturn|p1a: Gardien|Protect\n|move|p2a: Suima|Flip Turn|p1a: Gardien\n|-activate|p1a: Gardien|move: Protect\n|-unboost|p2a: Suima|atk|1\n|\n|upkeep\n|turn|21\n|\n|t:|1699719055\n|-formechange|p1a: Gardien|Aegislash-Blade||[from] ability: Stance Change\n|move|p1a: Gardien|Shadow Sneak|p2a: Suima\n|-damage|p2a: Suima|0 fnt\n|faint|p2a: Suima\n|\n|upkeep\n|c|\u2606Corazonmorado27|dios\n|c|\u2606Corazonmorado27|gg\n|\n|t:|1699719065\n|switch|p2a: Horo Suru|Typhlosion-Hisui, M|100\/100\n|turn|22\n|c|\u2606OnlyPyper|Gg\n|\n|t:|1699719070\n|move|p1a: Gardien|Shadow Sneak|p2a: Horo Suru\n|-supereffective|p2a: Horo Suru\n|-damage|p2a: Horo Suru|0 fnt\n|faint|p2a: Horo Suru\n|\n|win|OnlyPyper\n|c|\u2606OnlyPyper|Que susto el Typhlosion dios xd\n|c|\u2606Corazonmorado27|se me olvid\u00f3 el burn up XD\n|c|\u2606Corazonmorado27|es que se me desactualizaron teams\n|c|\u2606OnlyPyper|XD\n|c|\u2606Corazonmorado27|pipipi\n|c|\u2606Corazonmorado27|tengo el viejo set que me hab\u00edas hecho para los del reloaded XD\n|c|\u2606Corazonmorado27|con clodsire y as\u00ed\n|c|\u2606OnlyPyper|Nota mental\n|c|\u2606Corazonmorado27|con eso te digo todo\n|c|\u2606OnlyPyper|Usar m\u00e1s al team de Kanto, est\u00e1n olvidadas xd\n|c|\u2606Corazonmorado27|XDXD\n|l|\u2606OnlyPyper\n","uploadtime":1699721393,"views":4,"p1id":"onlypyper","p2id":"corazonmorado27","formatid":"gen9nationaldex","rating":0,"private":0,"password":""}