{"id":"gen9nationaldex-1995723280","p1":"SpeedyBlu","p2":"Simiabrass","format":"[Gen 9] National Dex","log":"|html|<div class=\"broadcast-blue\"><strong>[Gen 9] National Dex is currently suspecting Sneasler! For information on how to participate check out the <a href=\"https:\/\/www.smogon.com\/forums\/threads\/sv-national-dex-suspect-8-just-dance.3731534\/\">suspect thread<\/a>.<\/strong><\/div>\n|j|\u2606SpeedyBlu\n|j|\u2606Simiabrass\n|t:|1700597173\n|gametype|singles\n|player|p1|SpeedyBlu|gardenia|\n|player|p2|Simiabrass|may-masters3|\n|teamsize|p1|6\n|teamsize|p2|6\n|gen|9\n|tier|[Gen 9] National Dex\n|rule|HP Percentage Mod: HP is shown in percentages\n|rule|Endless Battle Clause: Forcing endless battles is banned\n|rule|OHKO Clause: OHKO moves are banned\n|rule|Evasion Clause: Evasion abilities, items, and moves are banned\n|rule|Evasion Abilities Clause: Evasion abilities are banned\n|rule|Evasion Items Clause: Evasion items are banned\n|rule|Evasion Moves Clause: Evasion moves are banned\n|rule|Species Clause: Limit one of each Pok\u00e9mon\n|rule|Sleep Clause Mod: Limit one foe put to sleep\n|clearpoke\n|poke|p1|Slowking, F|\n|poke|p1|Sneasler, F|\n|poke|p1|Rotom|\n|poke|p1|Gliscor, F|\n|poke|p1|Garganacl, M|\n|poke|p1|Serperior, F|\n|poke|p2|Aurorus, F|\n|poke|p2|Aerodactyl, F|\n|poke|p2|Arctovish|\n|poke|p2|Omastar, M|\n|poke|p2|Arctozolt|\n|poke|p2|Cradily, F|\n|teampreview\n|c|\u2606SpeedyBlu|glhf\n|c|\u2606Simiabrass|gl hf\n|\n|t:|1700597235\n|start\n|switch|p1a: Sneasler|Sneasler, F|100\/100\n|switch|p2a: Aurorus|Aurorus, F|100\/100\n|-weather|Snow|[from] ability: Snow Warning|[of] p2a: Aurorus\n|turn|1\n|c|\u2606Simiabrass|alors fun fact tu one shot toute la team xD\n|c|\u2606SpeedyBlu|ptdr\n|\n|t:|1700597272\n|switch|p2a: Cradily|Cradily, F|100\/100\n|move|p1a: Sneasler|Close Combat|p2a: Cradily\n|-supereffective|p2a: Cradily\n|-damage|p2a: Cradily|0 fnt\n|-unboost|p1a: Sneasler|def|1\n|-unboost|p1a: Sneasler|spd|1\n|faint|p2a: Cradily\n|\n|-weather|Snow|[upkeep]\n|upkeep\n|c|\u2606SpeedyBlu|Je vois \u00e7a\n|\n|t:|1700597283\n|switch|p2a: Arctovish|Arctovish|100\/100\n|turn|2\n|\n|t:|1700597293\n|switch|p1a: Slowking|Slowking, F|100\/100\n|move|p2a: Arctovish|Fishious Rend|p1a: Slowking\n|-resisted|p1a: Slowking\n|-damage|p1a: Slowking|63\/100\n|\n|-weather|Snow|[upkeep]\n|upkeep\n|turn|3\n|\n|t:|1700597312\n|switch|p2a: Arctozolt|Arctozolt|100\/100\n|move|p1a: Slowking|Chilly Reception|p1a: Slowking\n|\n|t:|1700597321\n|switch|p1a: Garganacl|Garganacl, M|100\/100|[from] Chilly Reception\n|\n|-weather|Snow|[upkeep]\n|upkeep\n|turn|4\n|c|\u2606Simiabrass|ah jsp si il vaut mieux avoir neigeux de mots ou tp\n|\n|t:|1700597339\n|move|p2a: Arctozolt|Low Kick|p1a: Garganacl\n|-supereffective|p1a: Garganacl\n|-damage|p1a: Garganacl|30\/100\n|-damage|p2a: Arctozolt|91\/100|[from] item: Life Orb\n|move|p1a: Garganacl|Salt Cure|p2a: Arctozolt\n|-supereffective|p2a: Arctozolt\n|-damage|p2a: Arctozolt|67\/100\n|-start|p2a: Arctozolt|Salt Cure\n|\n|-weather|Snow|[upkeep]\n|-heal|p1a: Garganacl|37\/100|[from] item: Leftovers\n|-damage|p2a: Arctozolt|55\/100|[from] Salt Cure\n|upkeep\n|turn|5\n|c|\u2606SpeedyBlu|\u00e7a a encore acc\u00e8s \u00e0 tp ?\n|c|\u2606Simiabrass|bah natdex\n|c|\u2606Simiabrass|xD\n|\n|t:|1700597349\n|switch|p1a: Serperior|Serperior, F|100\/100\n|move|p2a: Arctozolt|Bolt Beak|p1a: Serperior\n|-resisted|p1a: Serperior\n|-damage|p1a: Serperior|41\/100\n|-damage|p2a: Arctozolt|45\/100|[from] item: Life Orb\n|\n|-weather|none\n|-heal|p1a: Serperior|47\/100|[from] item: Leftovers\n|-damage|p2a: Arctozolt|33\/100|[from] Salt Cure\n|upkeep\n|turn|6\n|\n|t:|1700597368\n|switch|p2a: Aerodactyl|Aerodactyl, F|100\/100\n|move|p1a: Serperior|Giga Drain|p2a: Aerodactyl\n|-damage|p2a: Aerodactyl|59\/100\n|-heal|p1a: Serperior|69\/100|[from] drain|[of] p2a: Aerodactyl\n|\n|-heal|p1a: Serperior|75\/100|[from] item: Leftovers\n|upkeep\n|turn|7\n|\n|t:|1700597388\n|switch|p1a: Gliscor|Gliscor, F|100\/100\n|move|p2a: Aerodactyl|Dual Wingbeat|p1a: Gliscor\n|-damage|p1a: Gliscor|86\/100\n|-crit|p1a: Gliscor\n|-damage|p1a: Gliscor|63\/100\n|-hitcount|p1a: Gliscor|2\n|\n|-status|p1a: Gliscor|tox|[from] item: Toxic Orb\n|upkeep\n|turn|8\n|\n|t:|1700597401\n|move|p2a: Aerodactyl|Dragon Dance|p2a: Aerodactyl\n|-boost|p2a: Aerodactyl|atk|1\n|-boost|p2a: Aerodactyl|spe|1\n|move|p1a: Gliscor|Steel Wing|p2a: Aerodactyl\n|-supereffective|p2a: Aerodactyl\n|-damage|p2a: Aerodactyl|0 fnt\n|faint|p2a: Aerodactyl\n|\n|-heal|p1a: Gliscor|75\/100 tox|[from] ability: Poison Heal\n|upkeep\n|\n|t:|1700597413\n|switch|p2a: Aurorus|Aurorus, F|100\/100\n|-weather|Snow|[from] ability: Snow Warning|[of] p2a: Aurorus\n|turn|9\n|\n|t:|1700597421\n|switch|p1a: Slowking|Slowking, F|96\/100\n|move|p2a: Aurorus|Aurora Veil|p2a: Aurorus\n|-sidestart|p2: Simiabrass|move: Aurora Veil\n|\n|-weather|Snow|[upkeep]\n|upkeep\n|turn|10\n|\n|t:|1700597432\n|move|p2a: Aurorus|Freeze-Dry|p1a: Slowking\n|-supereffective|p1a: Slowking\n|-damage|p1a: Slowking|60\/100\n|move|p1a: Slowking|Chilly Reception|p1a: Slowking\n|\n|t:|1700597439\n|switch|p1a: Sneasler|Sneasler, F|100\/100|[from] Chilly Reception\n|\n|-weather|Snow|[upkeep]\n|upkeep\n|turn|11\n|c|\u2606Simiabrass|ah 2s les parents appellent\n|c|\u2606SpeedyBlu|npnp\n|c|\u2606Simiabrass|i'm back\n|c|\u2606SpeedyBlu|he's back\n|\n|t:|1700597691\n|switch|p2a: Arctovish|Arctovish|100\/100\n|move|p1a: Sneasler|Brick Break|p2a: Arctovish\n|-sideend|p2: Simiabrass|move: Aurora Veil\n|-supereffective|p2a: Arctovish\n|-damage|p2a: Arctovish|15\/100\n|-status|p2a: Arctovish|psn|[from] ability: Poison Touch|[of] p1a: Sneasler\n|\n|-weather|Snow|[upkeep]\n|-damage|p2a: Arctovish|2\/100 psn|[from] psn\n|upkeep\n|turn|12\n|\n|t:|1700597700\n|switch|p1a: Slowking|Slowking, F|93\/100\n|move|p2a: Arctovish|Freeze-Dry|p1a: Slowking\n|-supereffective|p1a: Slowking\n|-damage|p1a: Slowking|62\/100\n|-status|p1a: Slowking|frz\n|\n|-weather|Snow|[upkeep]\n|-damage|p2a: Arctovish|0 fnt|[from] psn\n|faint|p2a: Arctovish\n|upkeep\n|\n|t:|1700597706\n|switch|p2a: Omastar|Omastar, M|100\/100\n|turn|13\n|\n|t:|1700597715\n|switch|p1a: Rotom|Rotom|100\/100\n|move|p2a: Omastar|Shell Smash|p2a: Omastar\n|-unboost|p2a: Omastar|def|1\n|-unboost|p2a: Omastar|spd|1\n|-boost|p2a: Omastar|atk|2\n|-boost|p2a: Omastar|spa|2\n|-boost|p2a: Omastar|spe|2\n|\n|-weather|none\n|upkeep\n|turn|14\n|\n|t:|1700597731\n|-terastallize|p2a: Omastar|Water\n|move|p1a: Rotom|Trick|p2a: Omastar\n|-activate|p1a: Rotom|move: Trick|[of] p2a: Omastar\n|-item|p2a: Omastar|Choice Scarf|[from] move: Trick\n|-item|p1a: Rotom|Weakness Policy|[from] move: Trick\n|move|p2a: Omastar|Surf|p1a: Rotom\n|-damage|p1a: Rotom|0 fnt\n|faint|p1a: Rotom\n|\n|upkeep\n|\n|t:|1700597739\n|switch|p1a: Serperior|Serperior, F|75\/100\n|turn|15\n|\n|t:|1700597748\n|-terastallize|p1a: Serperior|Grass\n|move|p2a: Omastar|Surf|p1a: Serperior\n|-resisted|p1a: Serperior\n|-damage|p1a: Serperior|4\/100\n|move|p1a: Serperior|Giga Drain|p2a: Omastar\n|-supereffective|p2a: Omastar\n|-damage|p2a: Omastar|0 fnt\n|-heal|p1a: Serperior|53\/100|[from] drain|[of] p2a: Omastar\n|faint|p2a: Omastar\n|\n|-heal|p1a: Serperior|59\/100|[from] item: Leftovers\n|upkeep\n|\n|t:|1700597754\n|switch|p2a: Aurorus|Aurorus, F|100\/100\n|-weather|Snow|[from] ability: Snow Warning|[of] p2a: Aurorus\n|turn|16\n|c|\u2606Simiabrass|J'pensais pas que motisma outspeed\n|\n|t:|1700597766\n|switch|p1a: Sneasler|Sneasler, F|100\/100\n|move|p2a: Aurorus|Freeze-Dry|p1a: Sneasler\n|-damage|p1a: Sneasler|69\/100\n|\n|-weather|Snow|[upkeep]\n|upkeep\n|turn|17\n|c|\u2606Simiabrass|mais donc on a une solution qui nous coute un poke\n|\n|t:|1700597782\n|move|p1a: Sneasler|U-turn|p2a: Aurorus\n|-damage|p2a: Aurorus|74\/100\n|\n|t:|1700597786\n|switch|p1a: Slowking|Slowking, F|95\/100 frz|[from] U-turn\n|move|p2a: Aurorus|Aurora Veil|p2a: Aurorus\n|-sidestart|p2: Simiabrass|move: Aurora Veil\n|\n|-weather|Snow|[upkeep]\n|upkeep\n|turn|18\n|c|\u2606Simiabrass|why?\n|\n|t:|1700597793\n|switch|p2a: Arctozolt|Arctozolt|33\/100\n|cant|p1a: Slowking|frz\n|\n|-weather|Snow|[upkeep]\n|upkeep\n|turn|19\n|c|\u2606SpeedyBlu|la snow\n|\n|t:|1700597803\n|switch|p1a: Gliscor|Gliscor, F|75\/100 tox\n|move|p2a: Arctozolt|Bolt Beak|p1a: Gliscor\n|-immune|p1a: Gliscor\n|\n|-weather|Snow|[upkeep]\n|-heal|p1a: Gliscor|88\/100 tox|[from] ability: Poison Heal\n|upkeep\n|turn|20\n|c|\u2606Simiabrass|ah time out\n|c|\u2606Simiabrass|ouais\n|\n|t:|1700597820\n|switch|p1a: Sneasler|Sneasler, F|69\/100\n|move|p2a: Arctozolt|Freeze-Dry|p1a: Sneasler\n|-damage|p1a: Sneasler|31\/100\n|-damage|p2a: Arctozolt|23\/100|[from] item: Life Orb\n|\n|-weather|none\n|upkeep\n|turn|21\n|\n|t:|1700597834\n|switch|p2a: Aurorus|Aurorus, F|74\/100\n|-weather|Snow|[from] ability: Snow Warning|[of] p2a: Aurorus\n|move|p1a: Sneasler|Close Combat|p2a: Aurorus\n|-supereffective|p2a: Aurorus\n|-damage|p2a: Aurorus|0 fnt\n|-unboost|p1a: Sneasler|def|1\n|-unboost|p1a: Sneasler|spd|1\n|faint|p2a: Aurorus\n|\n|-weather|Snow|[upkeep]\n|upkeep\n|\n|t:|1700597845\n|switch|p2a: Arctozolt|Arctozolt|23\/100\n|turn|22\n|\n|t:|1700597863\n|switch|p1a: Slowking|Slowking, F|100\/100 frz\n|move|p2a: Arctozolt|Freeze-Dry|p1a: Slowking\n|-supereffective|p1a: Slowking\n|-damage|p1a: Slowking|56\/100 frz\n|-damage|p2a: Arctozolt|13\/100|[from] item: Life Orb\n|\n|-weather|Snow|[upkeep]\n|upkeep\n|turn|23\n|\n|t:|1700597875\n|switch|p1a: Gliscor|Gliscor, F|88\/100 tox\n|move|p2a: Arctozolt|Bolt Beak|p1a: Gliscor\n|-immune|p1a: Gliscor\n|\n|-weather|Snow|[upkeep]\n|-heal|p1a: Gliscor|99\/100 tox|[from] ability: Poison Heal\n|upkeep\n|turn|24\n|\n|t:|1700597898\n|move|p2a: Arctozolt|Freeze-Dry|p1a: Gliscor\n|-supereffective|p1a: Gliscor\n|-crit|p1a: Gliscor\n|-damage|p1a: Gliscor|0 fnt\n|faint|p1a: Gliscor\n|-damage|p2a: Arctozolt|3\/100|[from] item: Life Orb\n|\n|-weather|Snow|[upkeep]\n|-sideend|p2: Simiabrass|move: Aurora Veil\n|upkeep\n|c|\u2606SpeedyBlu|Ouais j'ai mal jou\u00e9\n|\n|t:|1700597913\n|switch|p1a: Garganacl|Garganacl, M|37\/100\n|turn|25\n|c|\u2606SpeedyBlu|Mais le freeze a tout niqu\u00e9 tbh\n|\n|t:|1700597925\n|move|p2a: Arctozolt|Bolt Beak|p1a: Garganacl\n|-damage|p1a: Garganacl|0 fnt\n|faint|p1a: Garganacl\n|-damage|p2a: Arctozolt|0 fnt|[from] item: Life Orb\n|faint|p2a: Arctozolt\n|\n|win|SpeedyBlu\n|c|\u2606Simiabrass|oui\n|c|\u2606Simiabrass|mais en vrai\n|c|\u2606Simiabrass|faudrait mettre tect nan?\n|c|\u2606Simiabrass|sur scorvol\n|c|\u2606Simiabrass|pour timeout la hail\n|c|\u2606SpeedyBlu|Ouais je pense\n|c|\u2606SpeedyBlu|Et faut voir\n|c|\u2606SpeedyBlu|Si Sneasler a vrm besoin de band\n|c|\u2606SpeedyBlu|Parce que mettre tect sur lui \u00e7a peut \u00eatre utile aussi\n|c|\u2606Simiabrass|oui\n|c|\u2606Simiabrass|enfin\n|c|\u2606SpeedyBlu|Mais j'ai pens\u00e9 \u00e0 un truc\n|c|\u2606Simiabrass|252+ Atk Sneasler Close Combat vs. 0 HP \/ 0 Def Arctozolt in Snow: 314-372 (97.8 - 115.8%) -- guaranteed OHKO\n|c|\u2606SpeedyBlu|un set endure sneasler ?\n|c|\u2606SpeedyBlu|Avec la baie + atk\n|c|\u2606Simiabrass|252+ Atk Sneasler Close Combat vs. 0 HP \/ 0 Def Arctovish in Snow: 288-342 (89.7 - 106.5%) -- 37.5% chance to OHKO\n|c|\u2606Simiabrass|ah\n|c|\u2606Simiabrass|le endure\n|c|\u2606Simiabrass|maybe\n|c|\u2606Simiabrass|on a pas juste la baie vit par contre?\n|c|\u2606SpeedyBlu|Ah ouais on a pas la baie atk\n|c|\u2606SpeedyBlu|zut\n|c|\u2606Simiabrass|xD\n|c|\u2606Simiabrass|donc ouais band n\u00e9cessaire\n|c|\u2606SpeedyBlu|Ah mais par contre\n","uploadtime":1700597957,"views":16,"p1id":"speedyblu","p2id":"simiabrass","formatid":"gen9nationaldex","rating":0,"private":0,"password":""}