{"id":"gen9nationaldex-1992352761","p1":"Nobodyandno-one","p2":"Slopandslimeher","format":"[Gen 9] National Dex","log":"|j|\u2606Nobodyandno-one\n|j|\u2606Slopandslimeher\n|t:|1700177784\n|gametype|singles\n|player|p1|Nobodyandno-one|265|1326\n|player|p2|Slopandslimeher|scientist-gen9|1448\n|teamsize|p1|6\n|teamsize|p2|6\n|gen|9\n|tier|[Gen 9] National Dex\n|rated|\n|rule|HP Percentage Mod: HP is shown in percentages\n|rule|Endless Battle Clause: Forcing endless battles is banned\n|rule|OHKO Clause: OHKO moves are banned\n|rule|Evasion Clause: Evasion abilities, items, and moves are banned\n|rule|Evasion Abilities Clause: Evasion abilities are banned\n|rule|Evasion Items Clause: Evasion items are banned\n|rule|Evasion Moves Clause: Evasion moves are banned\n|rule|Species Clause: Limit one of each Pok\u00e9mon\n|rule|Sleep Clause Mod: Limit one foe put to sleep\n|clearpoke\n|poke|p1|Chansey, F|\n|poke|p1|Sneasler, M|\n|poke|p1|Crawdaunt, M|\n|poke|p1|Porygon-Z|\n|poke|p1|Sableye, M|\n|poke|p1|Skarmory, M|\n|poke|p2|Cresselia, F|\n|poke|p2|Ninetales-Alola, M|\n|poke|p2|Blacephalon|\n|poke|p2|Glimmora, F|\n|poke|p2|Espeon, M|\n|poke|p2|Lopunny, M|\n|teampreview\n|inactive|Battle timer is ON: inactive players will automatically lose when time's up. (requested by Slopandslimeher)\n|\n|t:|1700177803\n|start\n|switch|p1a: Sableye|Sableye, M|100\/100\n|switch|p2a: Lopunny|Lopunny, M|100\/100\n|turn|1\n|\n|t:|1700177809\n|switch|p2a: Espeon|Espeon, M|100\/100\n|move|p1a: Sableye|Protect||[still]\n|-fail|p1a: Sableye\n|\n|upkeep\n|turn|2\n|\n|t:|1700177834\n|detailschange|p1a: Sableye|Sableye-Mega, M\n|-mega|p1a: Sableye|Sableye|Sablenite\n|move|p2a: Espeon|Power Gem|p1a: Sableye\n|-damage|p1a: Sableye|61\/100\n|-damage|p2a: Espeon|91\/100|[from] item: Life Orb\n|move|p1a: Sableye|Knock Off|p2a: Espeon\n|-supereffective|p2a: Espeon\n|-damage|p2a: Espeon|0 fnt\n|-enditem|p2a: Espeon|Life Orb|[from] move: Knock Off|[of] p1a: Sableye\n|faint|p2a: Espeon\n|\n|upkeep\n|\n|t:|1700177844\n|switch|p2a: Ninetales|Ninetales-Alola, M, shiny|100\/100\n|-weather|Snow|[from] ability: Snow Warning|[of] p2a: Ninetales\n|turn|3\n|\n|t:|1700177852\n|switch|p1a: Skarmory|Skarmory, M|100\/100\n|move|p2a: Ninetales|Aurora Veil|p2a: Ninetales\n|-sidestart|p2: Slopandslimeher|move: Aurora Veil\n|\n|-weather|Snow|[upkeep]\n|upkeep\n|turn|4\n|\n|t:|1700177866\n|switch|p2a: Blacephalon|Blacephalon|100\/100\n|move|p1a: Skarmory|Spikes|p2a: Blacephalon\n|-sidestart|p2: Slopandslimeher|Spikes\n|\n|-weather|Snow|[upkeep]\n|upkeep\n|turn|5\n|\n|t:|1700177870\n|switch|p1a: Chansey|Chansey, F, shiny|100\/100\n|move|p2a: Blacephalon|Trick|p1a: Chansey\n|-activate|p2a: Blacephalon|move: Trick|[of] p1a: Chansey\n|-item|p1a: Chansey|Choice Scarf|[from] move: Trick\n|-item|p2a: Blacephalon|Eviolite|[from] move: Trick\n|\n|-weather|Snow|[upkeep]\n|upkeep\n|turn|6\n|\n|t:|1700177879\n|switch|p2a: Glimmora|Glimmora, F|100\/100\n|-damage|p2a: Glimmora|88\/100|[from] Spikes\n|move|p1a: Chansey|Stealth Rock|p2a: Glimmora\n|-sidestart|p2: Slopandslimeher|move: Stealth Rock\n|\n|-weather|Snow|[upkeep]\n|upkeep\n|turn|7\n|\n|t:|1700177885\n|switch|p2a: Cresselia|Cresselia, F, shiny|100\/100\n|-damage|p2a: Cresselia|88\/100|[from] Stealth Rock\n|switch|p1a: Sableye|Sableye-Mega, M|61\/100\n|\n|-weather|none\n|-heal|p2a: Cresselia|94\/100|[from] item: Leftovers\n|upkeep\n|turn|8\n|\n|t:|1700177892\n|-terastallize|p2a: Cresselia|Poison\n|move|p2a: Cresselia|Calm Mind|p2a: Cresselia\n|-boost|p2a: Cresselia|spa|1\n|-boost|p2a: Cresselia|spd|1\n|move|p1a: Sableye|Knock Off|p2a: Cresselia\n|-damage|p2a: Cresselia|86\/100\n|-enditem|p2a: Cresselia|Leftovers|[from] move: Knock Off|[of] p1a: Sableye\n|\n|upkeep\n|turn|9\n|\n|t:|1700177897\n|move|p2a: Cresselia|Calm Mind|p2a: Cresselia\n|-boost|p2a: Cresselia|spa|1\n|-boost|p2a: Cresselia|spd|1\n|move|p1a: Sableye|Recover|p1a: Sableye\n|-heal|p1a: Sableye|100\/100\n|\n|upkeep\n|turn|10\n|\n|t:|1700177903\n|move|p2a: Cresselia|Calm Mind|p2a: Cresselia\n|-boost|p2a: Cresselia|spa|1\n|-boost|p2a: Cresselia|spd|1\n|move|p1a: Sableye|Will-O-Wisp|p2a: Cresselia\n|-status|p2a: Cresselia|brn\n|\n|-damage|p2a: Cresselia|80\/100 brn|[from] brn\n|-sideend|p2: Slopandslimeher|move: Aurora Veil\n|upkeep\n|turn|11\n|\n|t:|1700177922\n|switch|p1a: Chansey|Chansey, F, shiny|100\/100\n|move|p2a: Cresselia|Calm Mind|p2a: Cresselia\n|-boost|p2a: Cresselia|spa|1\n|-boost|p2a: Cresselia|spd|1\n|\n|-damage|p2a: Cresselia|74\/100 brn|[from] brn\n|upkeep\n|turn|12\n|\n|t:|1700177927\n|move|p2a: Cresselia|Calm Mind|p2a: Cresselia\n|-boost|p2a: Cresselia|spa|1\n|-boost|p2a: Cresselia|spd|1\n|move|p1a: Chansey|Seismic Toss|p2a: Cresselia\n|-damage|p2a: Cresselia|51\/100 brn\n|\n|-damage|p2a: Cresselia|45\/100 brn|[from] brn\n|upkeep\n|turn|13\n|\n|t:|1700177932\n|move|p2a: Cresselia|Moonlight|p2a: Cresselia\n|-heal|p2a: Cresselia|95\/100 brn\n|move|p1a: Chansey|Seismic Toss|p2a: Cresselia\n|-damage|p2a: Cresselia|73\/100 brn\n|\n|-damage|p2a: Cresselia|66\/100 brn|[from] brn\n|upkeep\n|turn|14\n|\n|t:|1700177938\n|move|p2a: Cresselia|Calm Mind|p2a: Cresselia\n|-boost|p2a: Cresselia|spa|1\n|-boost|p2a: Cresselia|spd|1\n|move|p1a: Chansey|Seismic Toss|p2a: Cresselia\n|-damage|p2a: Cresselia|44\/100 brn\n|\n|-damage|p2a: Cresselia|38\/100 brn|[from] brn\n|upkeep\n|turn|15\n|\n|t:|1700177943\n|move|p2a: Cresselia|Moonlight|p2a: Cresselia\n|-heal|p2a: Cresselia|88\/100 brn\n|move|p1a: Chansey|Seismic Toss|p2a: Cresselia\n|-damage|p2a: Cresselia|65\/100 brn\n|\n|-damage|p2a: Cresselia|59\/100 brn|[from] brn\n|upkeep\n|turn|16\n|\n|t:|1700177951\n|move|p2a: Cresselia|Stored Power|p1a: Chansey\n|-damage|p1a: Chansey|1\/100\n|move|p1a: Chansey|Seismic Toss|p2a: Cresselia\n|-damage|p2a: Cresselia|36\/100 brn\n|\n|-damage|p2a: Cresselia|30\/100 brn|[from] brn\n|upkeep\n|turn|17\n|\n|t:|1700177955\n|move|p2a: Cresselia|Moonlight|p2a: Cresselia\n|-heal|p2a: Cresselia|80\/100 brn\n|move|p1a: Chansey|Seismic Toss|p2a: Cresselia\n|-damage|p2a: Cresselia|58\/100 brn\n|\n|-damage|p2a: Cresselia|52\/100 brn|[from] brn\n|upkeep\n|turn|18\n|\n|t:|1700177959\n|move|p2a: Cresselia|Moonlight|p2a: Cresselia\n|-heal|p2a: Cresselia|100\/100 brn\n|move|p1a: Chansey|Seismic Toss|p2a: Cresselia\n|-damage|p2a: Cresselia|78\/100 brn\n|\n|-damage|p2a: Cresselia|72\/100 brn|[from] brn\n|upkeep\n|turn|19\n|\n|t:|1700177962\n|move|p2a: Cresselia|Stored Power|p1a: Chansey\n|-damage|p1a: Chansey|0 fnt\n|faint|p1a: Chansey\n|\n|-damage|p2a: Cresselia|66\/100 brn|[from] brn\n|upkeep\n|\n|t:|1700177984\n|switch|p1a: Sneasler|Sneasler, M|100\/100\n|turn|20\n|\n|t:|1700177988\n|move|p1a: Sneasler|Fake Out|p2a: Cresselia\n|-enditem|p1a: Sneasler|Normal Gem|[from] gem\n|-damage|p2a: Cresselia|56\/100 brn\n|cant|p2a: Cresselia|flinch\n|\n|-damage|p2a: Cresselia|50\/100 brn|[from] brn\n|upkeep\n|turn|21\n|\n|t:|1700177995\n|switch|p1a: Sableye|Sableye-Mega, M|100\/100\n|move|p2a: Cresselia|Moonlight|p2a: Cresselia\n|-heal|p2a: Cresselia|99\/100 brn\n|\n|-damage|p2a: Cresselia|94\/100 brn|[from] brn\n|upkeep\n|turn|22\n|\n|t:|1700178000\n|move|p1a: Sableye|Protect|p1a: Sableye\n|-singleturn|p1a: Sableye|Protect\n|move|p2a: Cresselia|Moonblast|p1a: Sableye\n|-activate|p1a: Sableye|move: Protect\n|\n|-damage|p2a: Cresselia|88\/100 brn|[from] brn\n|upkeep\n|turn|23\n|\n|t:|1700178009\n|switch|p1a: Skarmory|Skarmory, M|100\/100\n|move|p2a: Cresselia|Moonblast|p1a: Skarmory\n|-resisted|p1a: Skarmory\n|-damage|p1a: Skarmory|53\/100\n|-unboost|p1a: Skarmory|spa|1\n|\n|-damage|p2a: Cresselia|82\/100 brn|[from] brn\n|upkeep\n|turn|24\n|\n|t:|1700178015\n|move|p2a: Cresselia|Stored Power|p1a: Skarmory\n|-resisted|p1a: Skarmory\n|-damage|p1a: Skarmory|0 fnt\n|faint|p1a: Skarmory\n|\n|-damage|p2a: Cresselia|75\/100 brn|[from] brn\n|upkeep\n|-message|Nobodyandno-one forfeited.\n|\n|win|Slopandslimeher\n|raw|Nobodyandno-one's rating: 1326 &rarr; <strong>1313<\/strong><br \/>(-13 for losing)\n|raw|Slopandslimeher's rating: 1448 &rarr; <strong>1461<\/strong><br \/>(+13 for winning)\n|l|\u2606Nobodyandno-one\n","uploadtime":1700178035,"views":6,"p1id":"nobodyandnoone","p2id":"slopandslimeher","formatid":"gen9nationaldex","rating":1313,"private":0,"password":""}