{"id":"gen9nationaldex-1991234660","p1":"oyqiang","p2":"Booyahguy0","format":"[Gen 9] National Dex","log":"|j|\u2606oyqiang\n|j|\u2606Booyahguy0\n|t:|1700059828\n|gametype|singles\n|player|p1|oyqiang|170|1210\n|player|p2|Booyahguy0|veteran|1191\n|teamsize|p1|6\n|teamsize|p2|6\n|gen|9\n|tier|[Gen 9] National Dex\n|rated|\n|rule|HP Percentage Mod: HP is shown in percentages\n|rule|Endless Battle Clause: Forcing endless battles is banned\n|rule|OHKO Clause: OHKO moves are banned\n|rule|Evasion Clause: Evasion abilities, items, and moves are banned\n|rule|Evasion Abilities Clause: Evasion abilities are banned\n|rule|Evasion Items Clause: Evasion items are banned\n|rule|Evasion Moves Clause: Evasion moves are banned\n|rule|Species Clause: Limit one of each Pok\u00e9mon\n|rule|Sleep Clause Mod: Limit one foe put to sleep\n|clearpoke\n|poke|p1|Ogerpon-Wellspring, F|\n|poke|p1|Samurott-Hisui, F|\n|poke|p1|Heatran, M|\n|poke|p1|Lokix, F|\n|poke|p1|Venusaur, M|\n|poke|p1|Great Tusk|\n|poke|p2|Blaziken, F|\n|poke|p2|Aegislash, M|\n|poke|p2|Weavile, M|\n|poke|p2|Roserade, M|\n|poke|p2|Gliscor, M|\n|poke|p2|Regigigas|\n|teampreview\n|\n|t:|1700059845\n|start\n|switch|p1a: Great Tusk|Great Tusk|100\/100\n|switch|p2a: Rotten Lettuce|Roserade, M, shiny|100\/100\n|turn|1\n|\n|t:|1700059861\n|move|p2a: Rotten Lettuce|Sleep Powder|p1a: Great Tusk\n|-status|p1a: Great Tusk|slp|[from] move: Sleep Powder\n|cant|p1a: Great Tusk|slp\n|\n|upkeep\n|turn|2\n|\n|t:|1700059867\n|-end|p1a: Great Tusk|Protosynthesis|[silent]\n|switch|p1a: Heatran|Heatran, M, shiny|100\/100\n|move|p2a: Rotten Lettuce|Energy Ball|p1a: Heatran\n|-resisted|p1a: Heatran\n|-damage|p1a: Heatran|91\/100\n|\n|-heal|p1a: Heatran|98\/100|[from] item: Leftovers\n|upkeep\n|turn|3\n|\n|t:|1700059886\n|switch|p2a: Ceasar (salad)|Regigigas, shiny|100\/100\n|-start|p2a: Ceasar (salad)|ability: Slow Start\n|move|p1a: Heatran|Magma Storm|p2a: Ceasar (salad)|[miss]\n|-miss|p1a: Heatran|p2a: Ceasar (salad)\n|\n|-heal|p1a: Heatran|100\/100|[from] item: Leftovers\n|upkeep\n|turn|4\n|\n|t:|1700059934\n|move|p1a: Heatran|Magma Storm|p2a: Ceasar (salad)\n|-damage|p2a: Ceasar (salad)|58\/100\n|-activate|p2a: Ceasar (salad)|move: Magma Storm|[of] p1a: Heatran\n|move|p2a: Ceasar (salad)|Drain Punch|p1a: Heatran\n|-supereffective|p1a: Heatran\n|-damage|p1a: Heatran|72\/100\n|-heal|p2a: Ceasar (salad)|71\/100|[from] drain|[of] p1a: Heatran\n|\n|-heal|p1a: Heatran|78\/100|[from] item: Leftovers\n|-heal|p2a: Ceasar (salad)|77\/100|[from] item: Leftovers\n|-damage|p2a: Ceasar (salad)|65\/100|[from] move: Magma Storm|[partiallytrapped]\n|upkeep\n|turn|5\n|\n|t:|1700059948\n|switch|p1a: Ogerpon|Ogerpon-Wellspring, F|100\/100\n|move|p2a: Ceasar (salad)|Thunder Wave|p1a: Ogerpon\n|-status|p1a: Ogerpon|par\n|\n|-heal|p2a: Ceasar (salad)|71\/100|[from] item: Leftovers\n|-end|p2a: Ceasar (salad)|Magma Storm|[partiallytrapped]|[silent]\n|upkeep\n|turn|6\n|\n|t:|1700059956\n|cant|p1a: Ogerpon|par\n|move|p2a: Ceasar (salad)|Substitute|p2a: Ceasar (salad)\n|-start|p2a: Ceasar (salad)|Substitute\n|-damage|p2a: Ceasar (salad)|46\/100\n|\n|-heal|p2a: Ceasar (salad)|52\/100|[from] item: Leftovers\n|upkeep\n|turn|7\n|\n|t:|1700059964\n|move|p1a: Ogerpon|Ivy Cudgel|p2a: Ceasar (salad)|[anim] Ivy Cudgel Water\n|-end|p2a: Ceasar (salad)|Substitute\n|move|p2a: Ceasar (salad)|Drain Punch|p1a: Ogerpon\n|-damage|p1a: Ogerpon|81\/100 par\n|-heal|p2a: Ceasar (salad)|60\/100|[from] drain|[of] p1a: Ogerpon\n|\n|-heal|p2a: Ceasar (salad)|66\/100|[from] item: Leftovers\n|-end|p2a: Ceasar (salad)|Slow Start\n|upkeep\n|turn|8\n|-message|oyqiang forfeited.\n|\n|win|Booyahguy0\n|raw|oyqiang's rating: 1210 &rarr; <strong>1184<\/strong><br \/>(-26 for losing)\n|raw|Booyahguy0's rating: 1191 &rarr; <strong>1217<\/strong><br \/>(+26 for winning)\n|l|\u2606oyqiang\n","uploadtime":1700060049,"views":10,"p1id":"oyqiang","p2id":"booyahguy0","formatid":"gen9nationaldex","rating":1184,"private":0,"password":""}