{"id":"gen9nationaldex-1988866112","p1":"FrancisPoisonzzzz","p2":"cyqy06210703","format":"[Gen 9] National Dex","log":"|j|\u2606FrancisPoisonzzzz\n|j|\u2606cyqy06210703\n|t:|1699776878\n|gametype|singles\n|player|p1|FrancisPoisonzzzz|bellelba|1088\n|player|p2|cyqy06210703|marnie|1129\n|teamsize|p1|5\n|teamsize|p2|6\n|gen|9\n|tier|[Gen 9] National Dex\n|rated|\n|rule|HP Percentage Mod: HP is shown in percentages\n|rule|Endless Battle Clause: Forcing endless battles is banned\n|rule|OHKO Clause: OHKO moves are banned\n|rule|Evasion Clause: Evasion abilities, items, and moves are banned\n|rule|Evasion Abilities Clause: Evasion abilities are banned\n|rule|Evasion Items Clause: Evasion items are banned\n|rule|Evasion Moves Clause: Evasion moves are banned\n|rule|Species Clause: Limit one of each Pok\u00e9mon\n|rule|Sleep Clause Mod: Limit one foe put to sleep\n|clearpoke\n|poke|p1|Toucannon, M|\n|poke|p1|Donphan, M|\n|poke|p1|Grimmsnarl, M|\n|poke|p1|Ceruledge, M|\n|poke|p1|Exeggutor-Alola, F|\n|poke|p2|Tapu Lele|\n|poke|p2|Grimmsnarl, M|\n|poke|p2|Garchomp, M|\n|poke|p2|Morpeko, M|\n|poke|p2|Scizor, F|\n|poke|p2|Sneasler, F|\n|teampreview\n|\n|t:|1699776888\n|start\n|switch|p1a: Toucannon|Toucannon, M|100\/100\n|switch|p2a: Grimmsnarl|Grimmsnarl, M|100\/100\n|turn|1\n|\n|t:|1699776894\n|move|p1a: Toucannon|Boomburst|p2a: Grimmsnarl\n|-damage|p2a: Grimmsnarl|48\/100\n|-damage|p1a: Toucannon|91\/100|[from] item: Life Orb\n|move|p2a: Grimmsnarl|Ice Punch|p1a: Toucannon\n|-supereffective|p1a: Toucannon\n|-damage|p1a: Toucannon|0 fnt\n|faint|p1a: Toucannon\n|\n|-heal|p2a: Grimmsnarl|54\/100|[from] item: Leftovers\n|upkeep\n|\n|t:|1699776905\n|switch|p1a: Donphan|Donphan, M|100\/100\n|turn|2\n|\n|t:|1699776910\n|move|p2a: Grimmsnarl|Ice Punch|p1a: Donphan\n|-supereffective|p1a: Donphan\n|-damage|p1a: Donphan|58\/100\n|move|p1a: Donphan|Earthquake|p2a: Grimmsnarl\n|-damage|p2a: Grimmsnarl|0 fnt\n|faint|p2a: Grimmsnarl\n|\n|upkeep\n|\n|t:|1699776918\n|switch|p2a: Tapu Lele|Tapu Lele|100\/100\n|-fieldstart|move: Psychic Terrain|[from] ability: Psychic Surge|[of] p2a: Tapu Lele\n|turn|3\n|\n|t:|1699776923\n|switch|p1a: Grimmsnarl|Grimmsnarl, M|100\/100\n|move|p2a: Tapu Lele|Energy Ball|p1a: Grimmsnarl\n|-damage|p1a: Grimmsnarl|64\/100\n|\n|upkeep\n|turn|4\n|\n|t:|1699776931\n|switch|p2a: Scizor|Scizor, F|100\/100\n|move|p1a: Grimmsnarl|Darkest Lariat|p2a: Scizor\n|-damage|p2a: Scizor|55\/100\n|\n|upkeep\n|turn|5\n|\n|t:|1699776937\n|detailschange|p2a: Scizor|Scizor-Mega, F\n|-mega|p2a: Scizor|Scizor|Scizorite\n|move|p2a: Scizor|Roost|p2a: Scizor\n|-heal|p2a: Scizor|100\/100\n|-singleturn|p2a: Scizor|move: Roost\n|move|p1a: Grimmsnarl|Fire Punch|p2a: Scizor\n|-supereffective|p2a: Scizor\n|-damage|p2a: Scizor|21\/100\n|\n|upkeep\n|turn|6\n|\n|t:|1699776944\n|move|p2a: Scizor|U-turn|p1a: Grimmsnarl\n|-damage|p1a: Grimmsnarl|10\/100\n|\n|t:|1699776947\n|switch|p2a: Garchomp|Garchomp, M|100\/100|[from] U-turn\n|move|p1a: Grimmsnarl|Fire Punch|p2a: Garchomp\n|-resisted|p2a: Garchomp\n|-damage|p2a: Garchomp|88\/100\n|-damage|p1a: Grimmsnarl|0 fnt|[from] ability: Rough Skin|[of] p2a: Garchomp\n|faint|p1a: Grimmsnarl\n|\n|upkeep\n|\n|t:|1699776958\n|switch|p1a: Donphan|Donphan, M|58\/100\n|turn|7\n|\n|t:|1699776964\n|move|p2a: Garchomp|Earthquake|p1a: Donphan\n|-damage|p1a: Donphan|16\/100\n|move|p1a: Donphan|Ice Spinner|p2a: Garchomp\n|-supereffective|p2a: Garchomp\n|-damage|p2a: Garchomp|0 fnt\n|-damage|p1a: Donphan|3\/100|[from] ability: Rough Skin|[of] p2a: Garchomp\n|-fieldend|move: Psychic Terrain\n|faint|p2a: Garchomp\n|\n|upkeep\n|\n|t:|1699776975\n|switch|p2a: Scizor|Scizor-Mega, F|21\/100\n|turn|8\n|\n|t:|1699776979\n|move|p2a: Scizor|Bullet Punch|p1a: Donphan\n|-damage|p1a: Donphan|0 fnt\n|faint|p1a: Donphan\n|\n|upkeep\n|\n|t:|1699776982\n|switch|p1a: Ceruledge|Ceruledge, M|100\/100\n|turn|9\n|\n|t:|1699776987\n|switch|p2a: Sneasler|Sneasler, F, shiny|100\/100\n|move|p1a: Ceruledge|Swords Dance|p1a: Ceruledge\n|-boost|p1a: Ceruledge|atk|2\n|\n|upkeep\n|turn|10\n|\n|t:|1699776999\n|move|p2a: Sneasler|Acrobatics|p1a: Ceruledge\n|-damage|p1a: Ceruledge|69\/100\n|-ability|p1a: Ceruledge|Weak Armor|boost\n|-unboost|p1a: Ceruledge|def|1\n|-boost|p1a: Ceruledge|spe|2\n|move|p1a: Ceruledge|Swords Dance|p1a: Ceruledge\n|-boost|p1a: Ceruledge|atk|2\n|\n|upkeep\n|turn|11\n|\n|t:|1699777010\n|move|p1a: Ceruledge|Bitter Blade|p2a: Sneasler\n|-damage|p2a: Sneasler|0 fnt\n|-heal|p1a: Ceruledge|100\/100|[from] drain|[of] p2a: Sneasler\n|faint|p2a: Sneasler\n|\n|upkeep\n|\n|t:|1699777018\n|switch|p2a: Scizor|Scizor-Mega, F|21\/100\n|turn|12\n|\n|t:|1699777021\n|move|p2a: Scizor|Bullet Punch|p1a: Ceruledge\n|-resisted|p1a: Ceruledge\n|-damage|p1a: Ceruledge|61\/100\n|-ability|p1a: Ceruledge|Weak Armor|boost\n|-unboost|p1a: Ceruledge|def|1\n|-boost|p1a: Ceruledge|spe|2\n|move|p1a: Ceruledge|Swords Dance|p1a: Ceruledge\n|-boost|p1a: Ceruledge|atk|2\n|\n|upkeep\n|turn|13\n|\n|t:|1699777031\n|move|p2a: Scizor|Bullet Punch|p1a: Ceruledge\n|-resisted|p1a: Ceruledge\n|-damage|p1a: Ceruledge|10\/100\n|-ability|p1a: Ceruledge|Weak Armor|boost\n|-unboost|p1a: Ceruledge|def|1\n|-boost|p1a: Ceruledge|spe|2\n|move|p1a: Ceruledge|Bitter Blade|p2a: Scizor\n|-supereffective|p2a: Scizor\n|-damage|p2a: Scizor|0 fnt\n|-heal|p1a: Ceruledge|22\/100|[from] drain|[of] p2a: Scizor\n|faint|p2a: Scizor\n|\n|upkeep\n|\n|t:|1699777041\n|switch|p2a: Morpeko|Morpeko, M|100\/100\n|turn|14\n|\n|t:|1699777045\n|move|p2a: Morpeko|Protect|p2a: Morpeko\n|-singleturn|p2a: Morpeko|Protect\n|move|p1a: Ceruledge|Close Combat|p2a: Morpeko\n|-activate|p2a: Morpeko|move: Protect\n|\n|-formechange|p2a: Morpeko|Morpeko-Hangry||[from] ability: Hunger Switch\n|upkeep\n|turn|15\n|\n|t:|1699777053\n|move|p1a: Ceruledge|Bitter Blade|p2a: Morpeko\n|-enditem|p2a: Morpeko|Focus Sash\n|-damage|p2a: Morpeko|1\/100\n|-heal|p1a: Ceruledge|66\/100|[from] drain|[of] p2a: Morpeko\n|move|p2a: Morpeko|Aura Wheel|p1a: Ceruledge\n|-supereffective|p1a: Ceruledge\n|-damage|p1a: Ceruledge|0 fnt\n|-boost|p2a: Morpeko|spe|1\n|faint|p1a: Ceruledge\n|\n|-formechange|p2a: Morpeko|Morpeko||[from] ability: Hunger Switch\n|upkeep\n|\n|t:|1699777062\n|switch|p1a: Exeggutor|Exeggutor-Alola, F|100\/100\n|turn|16\n|\n|t:|1699777066\n|move|p2a: Morpeko|Aura Wheel|p1a: Exeggutor\n|-resisted|p1a: Exeggutor\n|-damage|p1a: Exeggutor|88\/100\n|-boost|p2a: Morpeko|spe|1\n|move|p1a: Exeggutor|Sludge Bomb|p2a: Morpeko\n|-damage|p2a: Morpeko|0 fnt\n|faint|p2a: Morpeko\n|\n|upkeep\n|\n|t:|1699777074\n|switch|p2a: Tapu Lele|Tapu Lele|100\/100\n|-fieldstart|move: Psychic Terrain|[from] ability: Psychic Surge|[of] p2a: Tapu Lele\n|turn|17\n|\n|t:|1699777081\n|-terastallize|p2a: Tapu Lele|Psychic\n|-terastallize|p1a: Exeggutor|Grass\n|move|p2a: Tapu Lele|Psychic|p1a: Exeggutor\n|-damage|p1a: Exeggutor|0 fnt\n|faint|p1a: Exeggutor\n|\n|win|cyqy06210703\n|raw|FrancisPoisonzzzz's rating: 1088 &rarr; <strong>1068<\/strong><br \/>(-20 for losing)\n|raw|cyqy06210703's rating: 1129 &rarr; <strong>1151<\/strong><br \/>(+22 for winning)\n","uploadtime":1699777089,"views":4,"p1id":"francispoisonzzzz","p2id":"cyqy06210703","formatid":"gen9nationaldex","rating":1068,"private":0,"password":""}