{"id":"gen9nationaldex-1987478727","p1":"ToastSlayer","p2":"MMQZA2","format":"[Gen 9] National Dex","log":"|j|\u2606ToastSlayer\n|j|\u2606MMQZA2\n|t:|1699598344\n|gametype|singles\n|player|p1|ToastSlayer|plasmagruntf|1528\n|player|p2|MMQZA2|101|1632\n|teamsize|p1|6\n|teamsize|p2|6\n|gen|9\n|tier|[Gen 9] National Dex\n|rated|\n|rule|HP Percentage Mod: HP is shown in percentages\n|rule|Endless Battle Clause: Forcing endless battles is banned\n|rule|OHKO Clause: OHKO moves are banned\n|rule|Evasion Clause: Evasion abilities, items, and moves are banned\n|rule|Evasion Abilities Clause: Evasion abilities are banned\n|rule|Evasion Items Clause: Evasion items are banned\n|rule|Evasion Moves Clause: Evasion moves are banned\n|rule|Species Clause: Limit one of each Pok\u00e9mon\n|rule|Sleep Clause Mod: Limit one foe put to sleep\n|clearpoke\n|poke|p1|Corviknight, M|\n|poke|p1|Shuckle, M|\n|poke|p1|Garchomp, F|\n|poke|p1|Pidgeot, F|\n|poke|p1|Zamazenta-*|\n|poke|p1|Dragonite, F|\n|poke|p2|Tapu Lele|\n|poke|p2|Hatterene, F|\n|poke|p2|Alakazam, F|\n|poke|p2|Polteageist|\n|poke|p2|Hawlucha, M|\n|poke|p2|Armarouge, F|\n|teampreview\n|\n|t:|1699598360\n|start\n|switch|p1a: Garchomp|Garchomp, F|100\/100\n|switch|p2a: Tapu Lele|Tapu Lele|100\/100\n|-fieldstart|move: Psychic Terrain|[from] ability: Psychic Surge|[of] p2a: Tapu Lele\n|turn|1\n|\n|t:|1699598368\n|switch|p2a: Hatterene|Hatterene, F, shiny|100\/100\n|-terastallize|p1a: Garchomp|Steel\n|move|p1a: Garchomp|Swords Dance|p1a: Garchomp\n|-boost|p1a: Garchomp|atk|2\n|\n|upkeep\n|turn|2\n|\n|t:|1699598379\n|move|p1a: Garchomp|Iron Head|p2a: Hatterene\n|-supereffective|p2a: Hatterene\n|-damage|p2a: Hatterene|0 fnt\n|faint|p2a: Hatterene\n|\n|upkeep\n|\n|t:|1699598412\n|switch|p2a: Armarouge|Armarouge, F|100\/100\n|turn|3\n|\n|t:|1699598440\n|move|p2a: Armarouge|Endure|p2a: Armarouge\n|-singleturn|p2a: Armarouge|move: Endure\n|move|p1a: Garchomp|Earthquake|p2a: Armarouge\n|-supereffective|p2a: Armarouge\n|-activate|p2a: Armarouge|move: Endure\n|-damage|p2a: Armarouge|1\/100\n|-ability|p2a: Armarouge|Weak Armor|boost\n|-unboost|p2a: Armarouge|def|1\n|-boost|p2a: Armarouge|spe|2\n|-enditem|p2a: Armarouge|Weakness Policy\n|-boost|p2a: Armarouge|atk|2|[from] item: Weakness Policy\n|-boost|p2a: Armarouge|spa|2|[from] item: Weakness Policy\n|\n|upkeep\n|turn|4\n|\n|t:|1699598448\n|switch|p1a: Dragonite|Dragonite, F|100\/100\n|move|p2a: Armarouge|Armor Cannon|p1a: Dragonite\n|-resisted|p1a: Dragonite\n|-damage|p1a: Dragonite|71\/100\n|-unboost|p2a: Armarouge|def|1\n|-unboost|p2a: Armarouge|spd|1\n|\n|-heal|p1a: Dragonite|78\/100|[from] item: Leftovers\n|upkeep\n|turn|5\n|\n|t:|1699598452\n|move|p1a: Dragonite|Extreme Speed|p2a: Armarouge\n|-activate|p2a: Armarouge|move: Psychic Terrain\n|move|p2a: Armarouge|Expanding Force|p1a: Dragonite\n|-crit|p1a: Dragonite\n|-damage|p1a: Dragonite|0 fnt\n|faint|p1a: Dragonite\n|\n|upkeep\n|\n|t:|1699598459\n|switch|p1a: Shuckle|Shuckle, M|100\/100\n|turn|6\n|\n|t:|1699598465\n|move|p2a: Armarouge|Expanding Force|p1a: Shuckle\n|-damage|p1a: Shuckle|8\/100\n|move|p1a: Shuckle|Toxic|p2a: Armarouge\n|-status|p2a: Armarouge|tox\n|\n|-heal|p1a: Shuckle|14\/100|[from] item: Leftovers\n|-damage|p2a: Armarouge|0 fnt|[from] psn\n|faint|p2a: Armarouge\n|upkeep\n|l|\u2606MMQZA2\n|player|p2|\n|j|\u2606MMQZA2\n|player|p2|MMQZA2|101\n|\n|t:|1699598503\n|switch|p2a: Alakazam|Alakazam, F|100\/100\n|turn|7\n|\n|t:|1699598512\n|move|p2a: Alakazam|Expanding Force|p1a: Shuckle\n|-damage|p1a: Shuckle|0 fnt\n|faint|p1a: Shuckle\n|\n|upkeep\n|\n|t:|1699598517\n|switch|p1a: Corviknight|Corviknight, M|100\/100\n|-ability|p1a: Corviknight|Pressure\n|turn|8\n|\n|t:|1699598531\n|switch|p2a: Hawlucha|Hawlucha, M|100\/100\n|-enditem|p2a: Hawlucha|Psychic Seed\n|-boost|p2a: Hawlucha|spd|1|[from] item: Psychic Seed\n|move|p1a: Corviknight|Iron Defense|p1a: Corviknight\n|-boost|p1a: Corviknight|def|2\n|\n|-fieldend|move: Psychic Terrain\n|upkeep\n|turn|9\n|\n|t:|1699598537\n|move|p2a: Hawlucha|Encore|p1a: Corviknight\n|-start|p1a: Corviknight|Encore\n|move|p1a: Corviknight|Iron Defense|p1a: Corviknight\n|-boost|p1a: Corviknight|def|2\n|\n|upkeep\n|turn|10\n|\n|t:|1699598543\n|move|p2a: Hawlucha|Swords Dance|p2a: Hawlucha\n|-boost|p2a: Hawlucha|atk|2\n|move|p1a: Corviknight|Iron Defense|p1a: Corviknight\n|-boost|p1a: Corviknight|def|2\n|\n|upkeep\n|turn|11\n|\n|t:|1699598549\n|move|p2a: Hawlucha|Acrobatics|p1a: Corviknight\n|-resisted|p1a: Corviknight\n|-damage|p1a: Corviknight|90\/100\n|move|p1a: Corviknight|Iron Defense|p1a: Corviknight\n|-boost|p1a: Corviknight|def|0\n|\n|-heal|p1a: Corviknight|96\/100|[from] item: Leftovers\n|-end|p1a: Corviknight|Encore\n|upkeep\n|turn|12\n|\n|t:|1699598555\n|move|p2a: Hawlucha|Encore|p1a: Corviknight\n|-start|p1a: Corviknight|Encore\n|move|p1a: Corviknight|Iron Defense|p1a: Corviknight\n|-boost|p1a: Corviknight|def|0\n|\n|-heal|p1a: Corviknight|100\/100|[from] item: Leftovers\n|upkeep\n|turn|13\n|\n|t:|1699598558\n|move|p2a: Hawlucha|Swords Dance|p2a: Hawlucha\n|-boost|p2a: Hawlucha|atk|2\n|move|p1a: Corviknight|Iron Defense|p1a: Corviknight\n|-boost|p1a: Corviknight|def|0\n|\n|upkeep\n|turn|14\n|\n|t:|1699598561\n|move|p2a: Hawlucha|Swords Dance|p2a: Hawlucha\n|-boost|p2a: Hawlucha|atk|2\n|move|p1a: Corviknight|Iron Defense|p1a: Corviknight\n|-boost|p1a: Corviknight|def|0\n|\n|-end|p1a: Corviknight|Encore\n|upkeep\n|turn|15\n|\n|t:|1699598565\n|move|p2a: Hawlucha|Encore|p1a: Corviknight\n|-start|p1a: Corviknight|Encore\n|move|p1a: Corviknight|Iron Defense|p1a: Corviknight\n|-boost|p1a: Corviknight|def|0\n|\n|upkeep\n|turn|16\n|\n|t:|1699598573\n|move|p2a: Hawlucha|Close Combat|p1a: Corviknight\n|-crit|p1a: Corviknight\n|-damage|p1a: Corviknight|0 fnt\n|-unboost|p2a: Hawlucha|def|1\n|-unboost|p2a: Hawlucha|spd|1\n|faint|p1a: Corviknight\n|\n|upkeep\n|\n|t:|1699598581\n|switch|p1a: Zamazenta|Zamazenta|100\/100\n|-ability|p1a: Zamazenta|Dauntless Shield|boost\n|-boost|p1a: Zamazenta|def|1\n|turn|17\n|\n|t:|1699598594\n|switch|p1a: Garchomp|Garchomp, F, tera:Steel|100\/100\n|move|p2a: Hawlucha|Acrobatics|p1a: Garchomp\n|-resisted|p1a: Garchomp\n|-damage|p1a: Garchomp|1\/100\n|-damage|p2a: Hawlucha|88\/100|[from] ability: Rough Skin|[of] p1a: Garchomp\n|\n|upkeep\n|turn|18\n|\n|t:|1699598602\n|move|p2a: Hawlucha|Acrobatics|p1a: Garchomp\n|-resisted|p1a: Garchomp\n|-damage|p1a: Garchomp|0 fnt\n|-damage|p2a: Hawlucha|76\/100|[from] ability: Rough Skin|[of] p1a: Garchomp\n|faint|p1a: Garchomp\n|\n|upkeep\n|\n|t:|1699598608\n|switch|p1a: Pidgeot|Pidgeot, F|100\/100\n|turn|19\n|\n|t:|1699598611\n|detailschange|p1a: Pidgeot|Pidgeot-Mega, F\n|-mega|p1a: Pidgeot|Pidgeot|Pidgeotite\n|move|p2a: Hawlucha|Acrobatics|p1a: Pidgeot\n|-damage|p1a: Pidgeot|0 fnt\n|faint|p1a: Pidgeot\n|\n|upkeep\n|\n|t:|1699598616\n|switch|p1a: Zamazenta|Zamazenta|100\/100\n|turn|20\n|\n|t:|1699598619\n|move|p1a: Zamazenta|Quick Attack|p2a: Hawlucha\n|-damage|p2a: Hawlucha|46\/100\n|move|p2a: Hawlucha|Acrobatics|p1a: Zamazenta\n|-supereffective|p1a: Zamazenta\n|-damage|p1a: Zamazenta|0 fnt\n|faint|p1a: Zamazenta\n|\n|win|MMQZA2\n|raw|ToastSlayer's rating: 1528 &rarr; <strong>1514<\/strong><br \/>(-14 for losing)\n|raw|MMQZA2's rating: 1632 &rarr; <strong>1646<\/strong><br \/>(+14 for winning)\n|l|\u2606ToastSlayer\n","uploadtime":1699598629,"views":8,"p1id":"toastslayer","p2id":"mmqza2","formatid":"gen9nationaldex","rating":1514,"private":0,"password":""}