{"id":"gen9nationaldex-1995249374","p1":"qyrandom","p2":"Scarlett Avenger","format":"[Gen 9] National Dex","log":"|html|<div class=\"broadcast-blue\"><strong>[Gen 9] National Dex is currently suspecting Sneasler! For information on how to participate check out the <a href=\"https:\/\/www.smogon.com\/forums\/threads\/sv-national-dex-suspect-8-just-dance.3731534\/\">suspect thread<\/a>.<\/strong><\/div>\n|j|\u203dqyrandom\n|j|\u2606Scarlett Avenger\n|t:|1700540047\n|gametype|singles\n|player|p1|qyrandom|lucas|1300\n|player|p2|Scarlett Avenger|janine|1258\n|teamsize|p1|6\n|teamsize|p2|6\n|gen|9\n|tier|[Gen 9] National Dex\n|rated|\n|rule|HP Percentage Mod: HP is shown in percentages\n|rule|Endless Battle Clause: Forcing endless battles is banned\n|rule|OHKO Clause: OHKO moves are banned\n|rule|Evasion Clause: Evasion abilities, items, and moves are banned\n|rule|Evasion Abilities Clause: Evasion abilities are banned\n|rule|Evasion Items Clause: Evasion items are banned\n|rule|Evasion Moves Clause: Evasion moves are banned\n|rule|Species Clause: Limit one of each Pok\u00e9mon\n|rule|Sleep Clause Mod: Limit one foe put to sleep\n|clearpoke\n|poke|p1|Tapu Lele|\n|poke|p1|Landorus-Therian, M|\n|poke|p1|Garchomp, M|\n|poke|p1|Ferrothorn, F|\n|poke|p1|Rotom-Wash|\n|poke|p1|Beedrill, F|\n|poke|p2|Slowbro-Galar, F|\n|poke|p2|Slowking-Galar, F|\n|poke|p2|Arctovish|\n|poke|p2|Toxtricity, F|\n|poke|p2|Weezing-Galar, M|\n|poke|p2|Chansey, F|\n|teampreview\n|inactive|Battle timer is ON: inactive players will automatically lose when time's up. (requested by Scarlett Avenger)\n|inactive|qyrandom also wants the timer to be on.\n|\n|t:|1700540068\n|start\n|switch|p1a: Landorus|Landorus-Therian, M|100\/100\n|switch|p2a: Toxtricity|Toxtricity, F|100\/100\n|-ability|p1a: Landorus|Intimidate|boost\n|-unboost|p2a: Toxtricity|atk|1\n|turn|1\n|\n|t:|1700540073\n|-terastallize|p2a: Toxtricity|Normal\n|move|p1a: Landorus|Swords Dance|p1a: Landorus\n|-boost|p1a: Landorus|atk|2\n|move|p2a: Toxtricity|Boomburst|p1a: Landorus\n|-damage|p1a: Landorus|10\/100\n|-enditem|p2a: Toxtricity|Throat Spray\n|-boost|p2a: Toxtricity|spa|1|[from] item: Throat Spray\n|\n|upkeep\n|turn|2\n|\n|t:|1700540081\n|move|p1a: Landorus|Earthquake|p2a: Toxtricity\n|-damage|p2a: Toxtricity|0 fnt\n|faint|p2a: Toxtricity\n|-damage|p1a: Landorus|0 fnt|[from] item: Life Orb\n|faint|p1a: Landorus\n|\n|upkeep\n|\n|t:|1700540101\n|switch|p1a: Tapu Lele|Tapu Lele|100\/100\n|switch|p2a: Weezing|Weezing-Galar, M|100\/100\n|-fieldstart|move: Psychic Terrain|[from] ability: Psychic Surge|[of] p1a: Tapu Lele\n|turn|3\n|\n|t:|1700540114\n|switch|p2a: Chansey|Chansey, F|100\/100\n|move|p1a: Tapu Lele|Psyshock|p2a: Chansey\n|-damage|p2a: Chansey|62\/100\n|\n|upkeep\n|turn|4\n|\n|t:|1700540121\n|move|p1a: Tapu Lele|Psyshock|p2a: Chansey\n|-damage|p2a: Chansey|23\/100\n|move|p2a: Chansey|Toxic|p1a: Tapu Lele\n|-status|p1a: Tapu Lele|tox\n|\n|-damage|p1a: Tapu Lele|94\/100 tox|[from] psn\n|upkeep\n|turn|5\n|\n|t:|1700540129\n|move|p2a: Chansey|Protect|p2a: Chansey\n|-singleturn|p2a: Chansey|Protect\n|move|p1a: Tapu Lele|Psyshock|p2a: Chansey\n|-activate|p2a: Chansey|move: Protect\n|\n|-damage|p1a: Tapu Lele|82\/100 tox|[from] psn\n|upkeep\n|turn|6\n|\n|t:|1700540136\n|switch|p2a: Slowking|Slowking-Galar, F|100\/100\n|move|p1a: Tapu Lele|Psyshock|p2a: Slowking\n|-damage|p2a: Slowking|48\/100\n|\n|-heal|p2a: Slowking|55\/100|[from] item: Black Sludge\n|-damage|p1a: Tapu Lele|64\/100 tox|[from] psn\n|upkeep\n|turn|7\n|\n|t:|1700540144\n|switch|p1a: Ferrothorn|Ferrothorn, F|100\/100\n|move|p2a: Slowking|Chilly Reception|p2a: Slowking\n|-weather|Snow\n|\n|t:|1700540155\n|switch|p2a: Arctovish|Arctovish|100\/100|[from] Chilly Reception\n|\n|-weather|Snow|[upkeep]\n|-fieldend|move: Psychic Terrain\n|upkeep\n|turn|8\n|\n|t:|1700540164\n|move|p2a: Arctovish|Aurora Veil|p2a: Arctovish\n|-sidestart|p2: Scarlett Avenger|move: Aurora Veil\n|move|p1a: Ferrothorn|Thunder Wave|p2a: Arctovish\n|-status|p2a: Arctovish|par\n|\n|-weather|Snow|[upkeep]\n|upkeep\n|turn|9\n|\n|t:|1700540172\n|switch|p2a: Weezing|Weezing-Galar, M|100\/100\n|move|p1a: Ferrothorn|Stealth Rock|p2a: Weezing\n|-sidestart|p2: Scarlett Avenger|move: Stealth Rock\n|\n|-weather|Snow|[upkeep]\n|upkeep\n|turn|10\n|\n|t:|1700540181\n|move|p2a: Weezing|Corrosive Gas|p1a: Ferrothorn\n|-enditem|p1a: Ferrothorn|Leftovers|[from] move: Corrosive Gas|[of] p2a: Weezing\n|move|p1a: Ferrothorn|Thunder Wave|p2a: Weezing\n|-status|p2a: Weezing|par\n|\n|-weather|Snow|[upkeep]\n|upkeep\n|turn|11\n|\n|t:|1700540188\n|cant|p2a: Weezing|par\n|move|p1a: Ferrothorn|Gyro Ball|p2a: Weezing\n|-supereffective|p2a: Weezing\n|-damage|p2a: Weezing|90\/100 par\n|-damage|p1a: Ferrothorn|84\/100|[from] item: Rocky Helmet|[of] p2a: Weezing\n|\n|-weather|none\n|upkeep\n|turn|12\n|\n|t:|1700540197\n|cant|p2a: Weezing|par\n|move|p1a: Ferrothorn|Leech Seed|p2a: Weezing\n|-start|p2a: Weezing|move: Leech Seed\n|\n|-damage|p2a: Weezing|77\/100 par|[from] Leech Seed|[of] p1a: Ferrothorn\n|-heal|p1a: Ferrothorn|96\/100|[silent]\n|-sideend|p2: Scarlett Avenger|move: Aurora Veil\n|upkeep\n|turn|13\n|\n|t:|1700540209\n|switch|p1a: Beedrill|Beedrill, F|100\/100\n|cant|p2a: Weezing|par\n|\n|-damage|p2a: Weezing|65\/100 par|[from] Leech Seed|[of] p1a: Beedrill\n|upkeep\n|turn|14\n|\n|t:|1700540216\n|detailschange|p1a: Beedrill|Beedrill-Mega, F\n|-mega|p1a: Beedrill|Beedrill|Beedrillite\n|move|p1a: Beedrill|Knock Off|p2a: Weezing\n|-resisted|p2a: Weezing\n|-damage|p2a: Weezing|53\/100 par\n|-damage|p1a: Beedrill|84\/100|[from] item: Rocky Helmet|[of] p2a: Weezing\n|-enditem|p2a: Weezing|Rocky Helmet|[from] move: Knock Off|[of] p1a: Beedrill\n|move|p2a: Weezing|Will-O-Wisp|p1a: Beedrill\n|-status|p1a: Beedrill|brn\n|\n|-damage|p2a: Weezing|41\/100 par|[from] Leech Seed|[of] p1a: Beedrill\n|-heal|p1a: Beedrill|99\/100 brn|[silent]\n|-damage|p1a: Beedrill|93\/100 brn|[from] brn\n|upkeep\n|turn|15\n|\n|t:|1700540228\n|move|p1a: Beedrill|Poison Jab|p2a: Weezing\n|-damage|p2a: Weezing|21\/100 par\n|move|p2a: Weezing|Strange Steam|p1a: Beedrill\n|-resisted|p1a: Beedrill\n|-damage|p1a: Beedrill|73\/100 brn\n|\n|-damage|p2a: Weezing|9\/100 par|[from] Leech Seed|[of] p1a: Beedrill\n|-heal|p1a: Beedrill|88\/100 brn|[silent]\n|-damage|p1a: Beedrill|82\/100 brn|[from] brn\n|upkeep\n|turn|16\n|\n|t:|1700540243\n|switch|p2a: Slowking|Slowking-Galar, F|88\/100\n|-damage|p2a: Slowking|75\/100|[from] Stealth Rock\n|move|p1a: Beedrill|U-turn|p2a: Slowking\n|-damage|p2a: Slowking|45\/100\n|\n|t:|1700540253\n|switch|p1a: Garchomp|Garchomp, M|100\/100|[from] U-turn\n|\n|-heal|p2a: Slowking|51\/100|[from] item: Black Sludge\n|upkeep\n|turn|17\n|\n|t:|1700540269\n|move|p1a: Garchomp|Swords Dance|p1a: Garchomp\n|-boost|p1a: Garchomp|atk|2\n|move|p2a: Slowking|Chilly Reception|p2a: Slowking\n|-weather|Snow\n|\n|t:|1700540271\n|switch|p2a: Arctovish|Arctovish|100\/100 par|[from] Chilly Reception\n|-damage|p2a: Arctovish|76\/100 par|[from] Stealth Rock\n|\n|-weather|Snow|[upkeep]\n|-heal|p2a: Arctovish|82\/100 par|[from] item: Leftovers\n|upkeep\n|turn|18\n|\n|t:|1700540280\n|-zpower|p1a: Garchomp\n|move|p1a: Garchomp|Devastating Drake|p2a: Arctovish|[zeffect]\n|-damage|p2a: Arctovish|0 fnt\n|faint|p2a: Arctovish\n|\n|-weather|Snow|[upkeep]\n|upkeep\n|\n|t:|1700540295\n|switch|p2a: Weezing|Weezing-Galar, M|9\/100 par\n|-damage|p2a: Weezing|0 fnt|[from] Stealth Rock\n|faint|p2a: Weezing\n|\n|t:|1700540299\n|switch|p2a: Slowbro|Slowbro-Galar, F|100\/100\n|-damage|p2a: Slowbro|88\/100|[from] Stealth Rock\n|turn|19\n|\n|t:|1700540305\n|detailschange|p2a: Slowbro|Slowbro-Mega, F\n|-mega|p2a: Slowbro|Slowbro|Slowbronite\n|move|p1a: Garchomp|Earthquake|p2a: Slowbro\n|-damage|p2a: Slowbro|36\/100\n|move|p2a: Slowbro|Trick Room|p2a: Slowbro\n|-fieldstart|move: Trick Room|[of] p2a: Slowbro\n|\n|-weather|Snow|[upkeep]\n|upkeep\n|turn|20\n|\n|t:|1700540312\n|move|p2a: Slowbro|Ice Beam|p1a: Garchomp\n|-supereffective|p1a: Garchomp\n|-damage|p1a: Garchomp|0 fnt\n|faint|p1a: Garchomp\n|\n|-weather|Snow|[upkeep]\n|upkeep\n|\n|t:|1700540320\n|switch|p1a: Ferrothorn|Ferrothorn, F|96\/100\n|turn|21\n|\n|t:|1700540325\n|move|p1a: Ferrothorn|Leech Seed|p2a: Slowbro\n|-start|p2a: Slowbro|move: Leech Seed\n|move|p2a: Slowbro|Slack Off|p2a: Slowbro\n|-heal|p2a: Slowbro|86\/100\n|\n|-weather|none\n|-damage|p2a: Slowbro|74\/100|[from] Leech Seed|[of] p1a: Ferrothorn\n|-heal|p1a: Ferrothorn|100\/100|[silent]\n|upkeep\n|turn|22\n|\n|t:|1700540337\n|move|p1a: Ferrothorn|Gyro Ball|p2a: Slowbro\n|-resisted|p2a: Slowbro\n|-damage|p2a: Slowbro|69\/100\n|move|p2a: Slowbro|Calm Mind|p2a: Slowbro\n|-boost|p2a: Slowbro|spa|1\n|-boost|p2a: Slowbro|spd|1\n|\n|-damage|p2a: Slowbro|57\/100|[from] Leech Seed|[of] p1a: Ferrothorn\n|upkeep\n|turn|23\n|\n|t:|1700540343\n|move|p1a: Ferrothorn|Gyro Ball|p2a: Slowbro\n|-resisted|p2a: Slowbro\n|-damage|p2a: Slowbro|52\/100\n|move|p2a: Slowbro|Slack Off|p2a: Slowbro\n|-heal|p2a: Slowbro|100\/100\n|\n|-damage|p2a: Slowbro|88\/100|[from] Leech Seed|[of] p1a: Ferrothorn\n|-fieldend|move: Trick Room\n|upkeep\n|turn|24\n|\n|t:|1700540351\n|switch|p2a: Chansey|Chansey, F|23\/100\n|-damage|p2a: Chansey|11\/100|[from] Stealth Rock\n|switch|p1a: Rotom|Rotom-Wash|100\/100\n|\n|upkeep\n|turn|25\n|\n|t:|1700540359\n|move|p1a: Rotom|Volt Switch|p2a: Chansey\n|-damage|p2a: Chansey|4\/100\n|\n|t:|1700540368\n|switch|p1a: Tapu Lele|Tapu Lele|64\/100 tox|[from] Volt Switch\n|-fieldstart|move: Psychic Terrain|[from] ability: Psychic Surge|[of] p1a: Tapu Lele\n|move|p2a: Chansey|Wish|p2a: Chansey\n|\n|-damage|p1a: Tapu Lele|58\/100 tox|[from] psn\n|upkeep\n|turn|26\n|\n|t:|1700540379\n|switch|p1a: Beedrill|Beedrill-Mega, F|82\/100 brn\n|move|p2a: Chansey|Protect||[still]\n|-fail|p2a: Chansey\n|\n|-heal|p2a: Chansey|54\/100|[from] move: Wish|[wisher] Chansey\n|-damage|p1a: Beedrill|77\/100 brn|[from] brn\n|upkeep\n|turn|27\n|\n|t:|1700540394\n|switch|p2a: Slowking|Slowking-Galar, F|85\/100\n|-damage|p2a: Slowking|72\/100|[from] Stealth Rock\n|move|p1a: Beedrill|U-turn|p2a: Slowking\n|-damage|p2a: Slowking|45\/100\n|\n|t:|1700540404\n|switch|p1a: Rotom|Rotom-Wash|100\/100|[from] U-turn\n|\n|-heal|p2a: Slowking|51\/100|[from] item: Black Sludge\n|upkeep\n|turn|28\n|\n|t:|1700540412\n|switch|p2a: Chansey|Chansey, F|54\/100\n|-damage|p2a: Chansey|42\/100|[from] Stealth Rock\n|move|p1a: Rotom|Trick|p2a: Chansey\n|-activate|p1a: Rotom|move: Trick|[of] p2a: Chansey\n|-item|p2a: Chansey|Choice Scarf|[from] move: Trick\n|-item|p1a: Rotom|Eviolite|[from] move: Trick\n|\n|upkeep\n|turn|29\n|\n|t:|1700540423\n|move|p1a: Rotom|Hydro Pump|p2a: Chansey\n|-damage|p2a: Chansey|27\/100\n|move|p2a: Chansey|Wish|p2a: Chansey\n|\n|-fieldend|move: Psychic Terrain\n|upkeep\n|turn|30\n|\n|t:|1700540430\n|move|p1a: Rotom|Volt Switch|p2a: Chansey\n|-damage|p2a: Chansey|16\/100\n|\n|t:|1700540435\n|switch|p1a: Ferrothorn|Ferrothorn, F|100\/100|[from] Volt Switch\n|move|p2a: Chansey|Wish||[still]\n|-fail|p2a: Chansey\n|\n|-heal|p2a: Chansey|66\/100|[from] move: Wish|[wisher] Chansey\n|upkeep\n|turn|31\n|\n|t:|1700540443\n|move|p2a: Chansey|Wish|p2a: Chansey\n|move|p1a: Ferrothorn|Leech Seed|p2a: Chansey\n|-start|p2a: Chansey|move: Leech Seed\n|\n|-damage|p2a: Chansey|54\/100|[from] Leech Seed|[of] p1a: Ferrothorn\n|upkeep\n|turn|32\n|\n|t:|1700540460\n|switch|p1a: Beedrill|Beedrill-Mega, F|77\/100 brn\n|move|p2a: Chansey|Wish||[still]\n|-fail|p2a: Chansey\n|\n|-heal|p2a: Chansey|100\/100|[from] move: Wish|[wisher] Chansey\n|-damage|p2a: Chansey|88\/100|[from] Leech Seed|[of] p1a: Beedrill\n|-heal|p1a: Beedrill|100\/100 brn|[silent]\n|-damage|p1a: Beedrill|95\/100 brn|[from] brn\n|upkeep\n|turn|33\n|\n|t:|1700540470\n|switch|p2a: Slowking|Slowking-Galar, F|85\/100\n|-damage|p2a: Slowking|72\/100|[from] Stealth Rock\n|move|p1a: Beedrill|Poison Jab|p2a: Slowking\n|-resisted|p2a: Slowking\n|-damage|p2a: Slowking|57\/100\n|\n|-heal|p2a: Slowking|63\/100|[from] item: Black Sludge\n|-damage|p1a: Beedrill|89\/100 brn|[from] brn\n|upkeep\n|turn|34\n|\n|t:|1700540495\n|move|p1a: Beedrill|Knock Off|p2a: Slowking\n|-supereffective|p2a: Slowking\n|-damage|p2a: Slowking|25\/100\n|-enditem|p2a: Slowking|Black Sludge|[from] move: Knock Off|[of] p1a: Beedrill\n|move|p2a: Slowking|Hex|p1a: Beedrill\n|-damage|p1a: Beedrill|37\/100 brn\n|\n|-damage|p1a: Beedrill|31\/100 brn|[from] brn\n|upkeep\n|turn|35\n|\n|t:|1700540506\n|switch|p2a: Slowbro|Slowbro-Mega, F|88\/100\n|-damage|p2a: Slowbro|76\/100|[from] Stealth Rock\n|move|p1a: Beedrill|U-turn|p2a: Slowbro\n|-supereffective|p2a: Slowbro\n|-damage|p2a: Slowbro|49\/100\n|\n|t:|1700540514\n|switch|p1a: Rotom|Rotom-Wash|100\/100|[from] U-turn\n|\n|upkeep\n|turn|36\n|\n|t:|1700540520\n|switch|p2a: Chansey|Chansey, F|88\/100\n|-damage|p2a: Chansey|76\/100|[from] Stealth Rock\n|move|p1a: Rotom|Volt Switch|p2a: Chansey\n|-damage|p2a: Chansey|65\/100\n|\n|t:|1700540537\n|switch|p1a: Tapu Lele|Tapu Lele|58\/100 tox|[from] Volt Switch\n|-fieldstart|move: Psychic Terrain|[from] ability: Psychic Surge|[of] p1a: Tapu Lele\n|\n|-damage|p1a: Tapu Lele|52\/100 tox|[from] psn\n|upkeep\n|turn|37\n|\n|t:|1700540545\n|-terastallize|p1a: Tapu Lele|Psychic\n|move|p1a: Tapu Lele|Psyshock|p2a: Chansey\n|-damage|p2a: Chansey|0 fnt\n|faint|p2a: Chansey\n|\n|-damage|p1a: Tapu Lele|40\/100 tox|[from] psn\n|upkeep\n|inactive|Scarlett Avenger has 120 seconds left.\n|\n|t:|1700540588\n|switch|p2a: Slowking|Slowking-Galar, F|58\/100\n|-damage|p2a: Slowking|46\/100|[from] Stealth Rock\n|turn|38\n|\n|t:|1700540601\n|move|p1a: Tapu Lele|Psyshock|p2a: Slowking\n|-damage|p2a: Slowking|0 fnt\n|faint|p2a: Slowking\n|\n|-damage|p1a: Tapu Lele|22\/100 tox|[from] psn\n|upkeep\n|\n|t:|1700540604\n|switch|p2a: Slowbro|Slowbro-Mega, F|49\/100\n|-damage|p2a: Slowbro|36\/100|[from] Stealth Rock\n|turn|39\n|\n|t:|1700540610\n|move|p1a: Tapu Lele|Psyshock|p2a: Slowbro\n|-resisted|p2a: Slowbro\n|-damage|p2a: Slowbro|19\/100\n|move|p2a: Slowbro|Trick Room|p2a: Slowbro\n|-fieldstart|move: Trick Room|[of] p2a: Slowbro\n|\n|-damage|p1a: Tapu Lele|0 fnt|[from] psn\n|faint|p1a: Tapu Lele\n|upkeep\n|\n|t:|1700540618\n|switch|p1a: Ferrothorn|Ferrothorn, F|100\/100\n|turn|40\n|\n|t:|1700540623\n|move|p1a: Ferrothorn|Leech Seed|p2a: Slowbro\n|-start|p2a: Slowbro|move: Leech Seed\n|move|p2a: Slowbro|Slack Off|p2a: Slowbro\n|-heal|p2a: Slowbro|69\/100\n|\n|-damage|p2a: Slowbro|56\/100|[from] Leech Seed|[of] p1a: Ferrothorn\n|-fieldend|move: Psychic Terrain\n|upkeep\n|turn|41\n|\n|t:|1700540632\n|move|p1a: Ferrothorn|Thunder Wave|p2a: Slowbro\n|-status|p2a: Slowbro|par\n|move|p2a: Slowbro|Calm Mind|p2a: Slowbro\n|-boost|p2a: Slowbro|spa|1\n|-boost|p2a: Slowbro|spd|1\n|\n|-damage|p2a: Slowbro|44\/100 par|[from] Leech Seed|[of] p1a: Ferrothorn\n|upkeep\n|turn|42\n|\n|t:|1700540642\n|move|p1a: Ferrothorn|Gyro Ball|p2a: Slowbro\n|-resisted|p2a: Slowbro\n|-damage|p2a: Slowbro|41\/100 par\n|move|p2a: Slowbro|Calm Mind|p2a: Slowbro\n|-boost|p2a: Slowbro|spa|1\n|-boost|p2a: Slowbro|spd|1\n|\n|-damage|p2a: Slowbro|29\/100 par|[from] Leech Seed|[of] p1a: Ferrothorn\n|upkeep\n|turn|43\n|\n|t:|1700540650\n|move|p1a: Ferrothorn|Thunder Wave|p2a: Slowbro\n|-fail|p2a: Slowbro|par\n|cant|p2a: Slowbro|par\n|\n|-damage|p2a: Slowbro|16\/100 par|[from] Leech Seed|[of] p1a: Ferrothorn\n|-fieldend|move: Trick Room\n|upkeep\n|turn|44\n|\n|t:|1700540659\n|switch|p1a: Rotom|Rotom-Wash|100\/100\n|move|p2a: Slowbro|Slack Off|p2a: Slowbro\n|-heal|p2a: Slowbro|66\/100 par\n|\n|-damage|p2a: Slowbro|54\/100 par|[from] Leech Seed|[of] p1a: Rotom\n|upkeep\n|turn|45\n|\n|t:|1700540665\n|move|p1a: Rotom|Volt Switch|p2a: Slowbro\n|-supereffective|p2a: Slowbro\n|-damage|p2a: Slowbro|37\/100 par\n|\n|t:|1700540670\n|switch|p1a: Beedrill|Beedrill-Mega, F|31\/100 brn|[from] Volt Switch\n|move|p2a: Slowbro|Trick Room|p2a: Slowbro\n|-fieldstart|move: Trick Room|[of] p2a: Slowbro\n|\n|-damage|p2a: Slowbro|24\/100 par|[from] Leech Seed|[of] p1a: Beedrill\n|-heal|p1a: Beedrill|50\/100 brn|[silent]\n|-damage|p1a: Beedrill|44\/100 brn|[from] brn\n|upkeep\n|turn|46\n|\n|t:|1700540678\n|move|p1a: Beedrill|Protect|p1a: Beedrill\n|-singleturn|p1a: Beedrill|Protect\n|move|p2a: Slowbro|Ice Beam|p1a: Beedrill\n|-activate|p1a: Beedrill|move: Protect\n|\n|-damage|p2a: Slowbro|12\/100 par|[from] Leech Seed|[of] p1a: Beedrill\n|-heal|p1a: Beedrill|62\/100 brn|[silent]\n|-damage|p1a: Beedrill|56\/100 brn|[from] brn\n|upkeep\n|turn|47\n|\n|t:|1700540686\n|move|p2a: Slowbro|Ice Beam|p1a: Beedrill\n|-damage|p1a: Beedrill|0 fnt\n|faint|p1a: Beedrill\n|\n|upkeep\n|\n|t:|1700540693\n|switch|p1a: Ferrothorn|Ferrothorn, F|100\/100\n|turn|48\n|\n|t:|1700540699\n|move|p1a: Ferrothorn|Gyro Ball|p2a: Slowbro\n|-resisted|p2a: Slowbro\n|-damage|p2a: Slowbro|10\/100 par\n|move|p2a: Slowbro|Slack Off|p2a: Slowbro\n|-heal|p2a: Slowbro|60\/100 par\n|\n|-damage|p2a: Slowbro|47\/100 par|[from] Leech Seed|[of] p1a: Ferrothorn\n|upkeep\n|turn|49\n|\n|t:|1700540708\n|switch|p1a: Rotom|Rotom-Wash|100\/100\n|cant|p2a: Slowbro|par\n|\n|-damage|p2a: Slowbro|35\/100 par|[from] Leech Seed|[of] p1a: Rotom\n|-fieldend|move: Trick Room\n|upkeep\n|turn|50\n|\n|t:|1700540716\n|move|p1a: Rotom|Volt Switch|p2a: Slowbro\n|-supereffective|p2a: Slowbro\n|-damage|p2a: Slowbro|15\/100 par\n|\n|t:|1700540720\n|switch|p1a: Ferrothorn|Ferrothorn, F|100\/100|[from] Volt Switch\n|move|p2a: Slowbro|Trick Room|p2a: Slowbro\n|-fieldstart|move: Trick Room|[of] p2a: Slowbro\n|\n|-damage|p2a: Slowbro|2\/100 par|[from] Leech Seed|[of] p1a: Ferrothorn\n|upkeep\n|turn|51\n|\n|t:|1700540725\n|move|p1a: Ferrothorn|Gyro Ball|p2a: Slowbro\n|-resisted|p2a: Slowbro\n|-damage|p2a: Slowbro|0 fnt\n|faint|p2a: Slowbro\n|\n|win|qyrandom\n|raw|qyrandom's rating: 1300 &rarr; <strong>1322<\/strong><br \/>(+22 for winning)\n|raw|Scarlett Avenger's rating: 1258 &rarr; <strong>1236<\/strong><br \/>(-22 for losing)\n|l|\u2606Scarlett Avenger\n","uploadtime":1700540743,"views":9,"p1id":"qyrandom","p2id":"scarlettavenger","formatid":"gen9nationaldex","rating":1236,"private":0,"password":""}