{"id":"gen9nationaldex-1991195097","p1":"TheSlowbroGuy","p2":"Nonno Sandslash","format":"[Gen 9] National Dex","log":"|j|\u2606TheSlowbroGuy\n|j|\u2606Nonno Sandslash\n|t:|1700055889\n|gametype|singles\n|player|p1|TheSlowbroGuy|wattson|1323\n|player|p2|Nonno Sandslash|wattson|1349\n|teamsize|p1|6\n|teamsize|p2|6\n|gen|9\n|tier|[Gen 9] National Dex\n|rated|\n|rule|HP Percentage Mod: HP is shown in percentages\n|rule|Endless Battle Clause: Forcing endless battles is banned\n|rule|OHKO Clause: OHKO moves are banned\n|rule|Evasion Clause: Evasion abilities, items, and moves are banned\n|rule|Evasion Abilities Clause: Evasion abilities are banned\n|rule|Evasion Items Clause: Evasion items are banned\n|rule|Evasion Moves Clause: Evasion moves are banned\n|rule|Species Clause: Limit one of each Pok\u00e9mon\n|rule|Sleep Clause Mod: Limit one foe put to sleep\n|clearpoke\n|poke|p1|Zoroark-Hisui, M|\n|poke|p1|Incineroar, M|\n|poke|p1|Rillaboom, M|\n|poke|p1|Zeraora|\n|poke|p1|Pangoro, M|\n|poke|p1|Urshifu-*, M|\n|poke|p2|Charizard, M|\n|poke|p2|Xatu, F|\n|poke|p2|Galvantula, F|\n|poke|p2|Shaymin|\n|poke|p2|Tentacruel, M|\n|poke|p2|Mamoswine, M|\n|teampreview\n|inactive|Battle timer is ON: inactive players will automatically lose when time's up. (requested by TheSlowbroGuy)\n|\n|t:|1700055915\n|start\n|switch|p1a: Harder|Urshifu-Rapid-Strike, M|100\/100\n|switch|p2a: Charizard|Charizard, M|100\/100\n|turn|1\n|\n|t:|1700055929\n|switch|p1a: Hot Daddy|Incineroar, M|100\/100\n|-ability|p1a: Hot Daddy|Intimidate|boost\n|-unboost|p2a: Charizard|atk|1\n|detailschange|p2a: Charizard|Charizard-Mega-Y, M\n|-mega|p2a: Charizard|Charizard|Charizardite Y\n|-weather|SunnyDay|[from] ability: Drought|[of] p2a: Charizard\n|move|p2a: Charizard|Tailwind|p2a: Charizard\n|-sidestart|p2: Nonno Sandslash|move: Tailwind\n|\n|-weather|SunnyDay|[upkeep]\n|upkeep\n|turn|2\n|\n|t:|1700055937\n|switch|p2a: Xatu|Xatu, F|100\/100\n|move|p1a: Hot Daddy|Fake Out|p2a: Xatu\n|-damage|p2a: Xatu|88\/100\n|-damage|p1a: Hot Daddy|84\/100|[from] item: Rocky Helmet|[of] p2a: Xatu\n|\n|-weather|SunnyDay|[upkeep]\n|upkeep\n|turn|3\n|\n|t:|1700055940\n|move|p2a: Xatu|U-turn|p1a: Hot Daddy\n|-damage|p1a: Hot Daddy|76\/100\n|\n|t:|1700055942\n|switch|p2a: Tentacruel|Tentacruel, M|100\/100|[from] U-turn\n|-item|p2a: Tentacruel|Air Balloon\n|move|p1a: Hot Daddy|Knock Off|p2a: Tentacruel\n|-damage|p2a: Tentacruel|64\/100\n|-enditem|p2a: Tentacruel|Air Balloon\n|\n|-weather|SunnyDay|[upkeep]\n|upkeep\n|turn|4\n|\n|t:|1700055956\n|move|p2a: Tentacruel|Toxic|p1a: Hot Daddy\n|-status|p1a: Hot Daddy|tox\n|move|p1a: Hot Daddy|U-turn|p2a: Tentacruel\n|-resisted|p2a: Tentacruel\n|-damage|p2a: Tentacruel|55\/100\n|\n|t:|1700055962\n|switch|p1a: FurSuit|Zeraora|100\/100|[from] U-turn\n|\n|-weather|SunnyDay|[upkeep]\n|-sideend|p2: Nonno Sandslash|move: Tailwind\n|upkeep\n|turn|5\n|\n|t:|1700055973\n|switch|p2a: Xatu|Xatu, F|88\/100\n|move|p1a: FurSuit|Calm Mind|p1a: FurSuit\n|-boost|p1a: FurSuit|spa|1\n|-boost|p1a: FurSuit|spd|1\n|\n|-weather|none\n|upkeep\n|turn|6\n|\n|t:|1700055977\n|move|p1a: FurSuit|Thunderbolt|p2a: Xatu\n|-supereffective|p2a: Xatu\n|-damage|p2a: Xatu|0 fnt\n|faint|p2a: Xatu\n|\n|upkeep\n|\n|t:|1700055979\n|switch|p2a: Mamoswine|Mamoswine, M|100\/100\n|turn|7\n|\n|t:|1700055984\n|move|p1a: FurSuit|Grass Knot|p2a: Mamoswine\n|-supereffective|p2a: Mamoswine\n|-enditem|p2a: Mamoswine|Focus Sash\n|-damage|p2a: Mamoswine|1\/100\n|move|p2a: Mamoswine|Earthquake|p1a: FurSuit\n|-supereffective|p1a: FurSuit\n|-damage|p1a: FurSuit|0 fnt\n|faint|p1a: FurSuit\n|\n|upkeep\n|\n|t:|1700055993\n|switch|p1a: Harder|Urshifu-Rapid-Strike, M|100\/100\n|turn|8\n|\n|t:|1700056004\n|switch|p2a: Tentacruel|Tentacruel, M|55\/100\n|move|p1a: Harder|U-turn|p2a: Tentacruel\n|-resisted|p2a: Tentacruel\n|-damage|p2a: Tentacruel|41\/100\n|\n|t:|1700056016\n|switch|p1a: Furry Bear|Pangoro, M|100\/100|[from] U-turn\n|\n|upkeep\n|turn|9\n|\n|t:|1700056025\n|move|p1a: Furry Bear|Psychic|p2a: Tentacruel\n|-supereffective|p2a: Tentacruel\n|-crit|p2a: Tentacruel\n|-damage|p2a: Tentacruel|0 fnt\n|faint|p2a: Tentacruel\n|\n|upkeep\n|\n|t:|1700056031\n|switch|p2a: Charizard|Charizard-Mega-Y, M|100\/100\n|-weather|SunnyDay|[from] ability: Drought|[of] p2a: Charizard\n|turn|10\n|\n|t:|1700056036\n|switch|p1a: Hot Daddy|Incineroar, M|76\/100 tox\n|-ability|p1a: Hot Daddy|Intimidate|boost\n|-unboost|p2a: Charizard|atk|1\n|move|p2a: Charizard|Weather Ball|p1a: Hot Daddy\n|-resisted|p1a: Hot Daddy\n|-damage|p1a: Hot Daddy|46\/100 tox\n|\n|-weather|SunnyDay|[upkeep]\n|-damage|p1a: Hot Daddy|40\/100 tox|[from] psn\n|upkeep\n|turn|11\n|\n|t:|1700056046\n|switch|p2a: Galvantula|Galvantula, F, shiny|100\/100\n|move|p1a: Hot Daddy|U-turn|p2a: Galvantula\n|-damage|p2a: Galvantula|66\/100\n|\n|t:|1700056054\n|switch|p1a: Furry Bear|Pangoro, M|100\/100|[from] U-turn\n|\n|-weather|SunnyDay|[upkeep]\n|upkeep\n|turn|12\n|\n|t:|1700056069\n|move|p1a: Furry Bear|Flamethrower|p2a: Galvantula\n|-supereffective|p2a: Galvantula\n|-damage|p2a: Galvantula|0 fnt\n|faint|p2a: Galvantula\n|\n|-weather|SunnyDay|[upkeep]\n|upkeep\n|\n|t:|1700056073\n|switch|p2a: Charizard|Charizard-Mega-Y, M|100\/100\n|turn|13\n|\n|t:|1700056077\n|switch|p1a: Hot Daddy|Incineroar, M|40\/100 tox\n|-ability|p1a: Hot Daddy|Intimidate|boost\n|-unboost|p2a: Charizard|atk|1\n|move|p2a: Charizard|Weather Ball|p1a: Hot Daddy\n|-resisted|p1a: Hot Daddy\n|-damage|p1a: Hot Daddy|10\/100 tox\n|\n|-weather|SunnyDay|[upkeep]\n|-damage|p1a: Hot Daddy|4\/100 tox|[from] psn\n|upkeep\n|turn|14\n|\n|t:|1700056094\n|move|p2a: Charizard|Tailwind|p2a: Charizard\n|-sidestart|p2: Nonno Sandslash|move: Tailwind\n|move|p1a: Hot Daddy|U-turn|p2a: Charizard\n|-resisted|p2a: Charizard\n|-damage|p2a: Charizard|94\/100\n|\n|t:|1700056103\n|switch|p1a: Harder|Urshifu-Rapid-Strike, M|100\/100|[from] U-turn\n|\n|-weather|none\n|upkeep\n|turn|15\n|\n|t:|1700056110\n|switch|p2a: Mamoswine|Mamoswine, M|1\/100\n|move|p1a: Harder|U-turn|p2a: Mamoswine\n|-damage|p2a: Mamoswine|0 fnt\n|faint|p2a: Mamoswine\n|\n|t:|1700056121\n|switch|p1a: Furry Bear|Pangoro, M|100\/100|[from] U-turn\n|\n|upkeep\n|\n|t:|1700056123\n|switch|p2a: Charizard|Charizard-Mega-Y, M|94\/100\n|-weather|SunnyDay|[from] ability: Drought|[of] p2a: Charizard\n|turn|16\n|\n|t:|1700056132\n|move|p2a: Charizard|Weather Ball|p1a: Furry Bear\n|-damage|p1a: Furry Bear|0 fnt\n|faint|p1a: Furry Bear\n|\n|-weather|SunnyDay|[upkeep]\n|upkeep\n|\n|t:|1700056138\n|switch|p1a: Hot Daddy|Incineroar, M|4\/100 tox\n|-ability|p1a: Hot Daddy|Intimidate|boost\n|-unboost|p2a: Charizard|atk|1\n|turn|17\n|\n|t:|1700056146\n|switch|p2a: Shaymin|Shaymin|100\/100\n|move|p1a: Hot Daddy|U-turn|p2a: Shaymin\n|-supereffective|p2a: Shaymin\n|-damage|p2a: Shaymin|67\/100\n|\n|t:|1700056156\n|switch|p1a: Harder|Urshifu-Rapid-Strike, M|100\/100|[from] U-turn\n|\n|-weather|SunnyDay|[upkeep]\n|-heal|p2a: Shaymin|73\/100|[from] item: Leftovers\n|-sideend|p2: Nonno Sandslash|move: Tailwind\n|upkeep\n|turn|18\n|\n|t:|1700056165\n|move|p1a: Harder|Shadow Ball|p2a: Shaymin\n|-damage|p2a: Shaymin|12\/100\n|-unboost|p2a: Shaymin|spd|1\n|move|p2a: Shaymin|Seed Flare|p1a: Harder\n|-damage|p1a: Harder|0 fnt\n|replace|p1a: Twink|Zoroark-Hisui, M, shiny\n|-end|p1a: Twink|Illusion\n|faint|p1a: Twink\n|\n|-weather|SunnyDay|[upkeep]\n|-heal|p2a: Shaymin|18\/100|[from] item: Leftovers\n|upkeep\n|\n|t:|1700056175\n|switch|p1a: Nice Pecs|Rillaboom, M|100\/100\n|-fieldstart|move: Grassy Terrain|[from] ability: Grassy Surge|[of] p1a: Nice Pecs\n|turn|19\n|\n|t:|1700056179\n|switch|p2a: Charizard|Charizard-Mega-Y, M|94\/100\n|move|p1a: Nice Pecs|Grassy Glide|p2a: Charizard\n|-resisted|p2a: Charizard\n|-damage|p2a: Charizard|75\/100\n|-damage|p1a: Nice Pecs|91\/100|[from] item: Life Orb\n|\n|-weather|SunnyDay|[upkeep]\n|-heal|p1a: Nice Pecs|97\/100|[from] Grassy Terrain\n|upkeep\n|turn|20\n|\n|t:|1700056189\n|switch|p1a: Hot Daddy|Incineroar, M|4\/100 tox\n|-ability|p1a: Hot Daddy|Intimidate|boost\n|-unboost|p2a: Charizard|atk|1\n|move|p2a: Charizard|Tailwind|p2a: Charizard\n|-sidestart|p2: Nonno Sandslash|move: Tailwind\n|\n|-weather|none\n|-heal|p1a: Hot Daddy|10\/100 tox|[from] Grassy Terrain\n|-damage|p1a: Hot Daddy|4\/100 tox|[from] psn\n|upkeep\n|turn|21\n|\n|t:|1700056196\n|move|p2a: Charizard|Weather Ball|p1a: Hot Daddy\n|-damage|p1a: Hot Daddy|0 fnt\n|faint|p1a: Hot Daddy\n|\n|upkeep\n|\n|t:|1700056207\n|switch|p1a: Nice Pecs|Rillaboom, M|97\/100\n|turn|22\n|\n|t:|1700056212\n|switch|p2a: Shaymin|Shaymin|18\/100\n|move|p1a: Nice Pecs|Knock Off|p2a: Shaymin\n|-damage|p2a: Shaymin|0 fnt\n|-enditem|p2a: Shaymin|Leftovers|[from] move: Knock Off|[of] p1a: Nice Pecs\n|faint|p2a: Shaymin\n|-damage|p1a: Nice Pecs|87\/100|[from] item: Life Orb\n|\n|-heal|p1a: Nice Pecs|93\/100|[from] Grassy Terrain\n|upkeep\n|\n|t:|1700056214\n|switch|p2a: Charizard|Charizard-Mega-Y, M|75\/100\n|-weather|SunnyDay|[from] ability: Drought|[of] p2a: Charizard\n|turn|23\n|\n|t:|1700056217\n|move|p2a: Charizard|Weather Ball|p1a: Nice Pecs\n|-supereffective|p1a: Nice Pecs\n|-damage|p1a: Nice Pecs|0 fnt\n|faint|p1a: Nice Pecs\n|\n|-weather|SunnyDay|[upkeep]\n|-sideend|p2: Nonno Sandslash|move: Tailwind\n|-fieldend|move: Grassy Terrain\n|upkeep\n|\n|t:|1700056221\n|switch|p1a: Harder|Urshifu-Rapid-Strike, M|100\/100\n|turn|24\n|\n|t:|1700056230\n|-terastallize|p1a: Harder|Poison\n|move|p1a: Harder|Poison Jab|p2a: Charizard\n|-damage|p2a: Charizard|8\/100\n|-status|p2a: Charizard|psn\n|move|p2a: Charizard|Solar Beam||[still]\n|-prepare|p2a: Charizard|Solar Beam\n|-anim|p2a: Charizard|Solar Beam|p1a: Harder\n|-resisted|p1a: Harder\n|-damage|p1a: Harder|65\/100\n|\n|-weather|SunnyDay|[upkeep]\n|-damage|p2a: Charizard|0 fnt|[from] psn\n|faint|p2a: Charizard\n|\n|win|TheSlowbroGuy\n|upkeep\n|raw|TheSlowbroGuy's rating: 1323 &rarr; <strong>1344<\/strong><br \/>(+21 for winning)\n|raw|Nonno Sandslash's rating: 1349 &rarr; <strong>1328<\/strong><br \/>(-21 for losing)\n|l|\u2606Nonno Sandslash\n|c|\u2606TheSlowbroGuy|gg\n|l|\u2606TheSlowbroGuy\n|j|\u2606TheSlowbroGuy\n|player|p1|TheSlowbroGuy|wattson\n","uploadtime":1700056381,"views":11,"p1id":"theslowbroguy","p2id":"nonnosandslash","formatid":"gen9nationaldex","rating":1328,"private":0,"password":""}