{"id":"gen9nationaldex-1996281388","p1":"h0t water","p2":"yhy117","format":"[Gen 9] National Dex","log":"|html|<div class=\"broadcast-blue\"><strong>[Gen 9] National Dex is currently suspecting Sneasler! For information on how to participate check out the <a href=\"https:\/\/www.smogon.com\/forums\/threads\/sv-national-dex-suspect-8-just-dance.3731534\/\">suspect thread<\/a>.<\/strong><\/div>\n|j|\u2606h0t water\n|j|\u2606yhy117\n|t:|1700667136\n|gametype|singles\n|player|p1|h0t water|170|1189\n|player|p2|yhy117|dawn|1248\n|teamsize|p1|6\n|teamsize|p2|6\n|gen|9\n|tier|[Gen 9] National Dex\n|rated|\n|rule|HP Percentage Mod: HP is shown in percentages\n|rule|Endless Battle Clause: Forcing endless battles is banned\n|rule|OHKO Clause: OHKO moves are banned\n|rule|Evasion Clause: Evasion abilities, items, and moves are banned\n|rule|Evasion Abilities Clause: Evasion abilities are banned\n|rule|Evasion Items Clause: Evasion items are banned\n|rule|Evasion Moves Clause: Evasion moves are banned\n|rule|Species Clause: Limit one of each Pok\u00e9mon\n|rule|Sleep Clause Mod: Limit one foe put to sleep\n|clearpoke\n|poke|p1|Iron Valiant|\n|poke|p1|Ribombee, F|\n|poke|p1|Grimmsnarl, M|\n|poke|p1|Blaziken, F|\n|poke|p1|Espeon, F|\n|poke|p1|Haxorus, F|\n|poke|p2|Gliscor, F|\n|poke|p2|Empoleon, M|\n|poke|p2|Beedrill, M|\n|poke|p2|Tapu Lele|\n|poke|p2|Kyurem|\n|poke|p2|Ceruledge, M|\n|teampreview\n|inactive|Battle timer is ON: inactive players will automatically lose when time's up. (requested by h0t water)\n|\n|t:|1700667145\n|start\n|switch|p1a: Ribombee|Ribombee, F|100\/100\n|switch|p2a: Beedrill|Beedrill, M|100\/100\n|turn|1\n|\n|t:|1700667149\n|detailschange|p2a: Beedrill|Beedrill-Mega, M\n|-mega|p2a: Beedrill|Beedrill|Beedrillite\n|move|p2a: Beedrill|Poison Jab|p1a: Ribombee\n|-supereffective|p1a: Ribombee\n|-enditem|p1a: Ribombee|Focus Sash\n|-damage|p1a: Ribombee|1\/100\n|move|p1a: Ribombee|Stun Spore|p2a: Beedrill|[miss]\n|-miss|p1a: Ribombee|p2a: Beedrill\n|\n|upkeep\n|turn|2\n|\n|t:|1700667157\n|move|p2a: Beedrill|U-turn|p1a: Ribombee\n|-resisted|p1a: Ribombee\n|-damage|p1a: Ribombee|0 fnt\n|faint|p1a: Ribombee\n|\n|t:|1700667170\n|switch|p2a: Tapu Lele|Tapu Lele|100\/100|[from] U-turn\n|-fieldstart|move: Psychic Terrain|[from] ability: Psychic Surge|[of] p2a: Tapu Lele\n|\n|upkeep\n|\n|t:|1700667180\n|switch|p1a: Blaziken|Blaziken, F|100\/100\n|turn|3\n|\n|t:|1700667184\n|move|p1a: Blaziken|Protect|p1a: Blaziken\n|-singleturn|p1a: Blaziken|Protect\n|move|p2a: Tapu Lele|Future Sight|p1a: Blaziken\n|-start|p2a: Tapu Lele|move: Future Sight\n|\n|-ability|p1a: Blaziken|Speed Boost|boost\n|-boost|p1a: Blaziken|spe|1\n|upkeep\n|turn|4\n|\n|t:|1700667192\n|switch|p1a: Grimmsnarl|Grimmsnarl, M|100\/100\n|switch|p2a: Gliscor|Gliscor, F|100\/100\n|\n|-status|p2a: Gliscor|tox|[from] item: Toxic Orb\n|upkeep\n|turn|5\n|\n|t:|1700667200\n|move|p1a: Grimmsnarl|Reflect|p1a: Grimmsnarl\n|-sidestart|p1: h0t water|Reflect\n|move|p2a: Gliscor|U-turn|p1a: Grimmsnarl\n|-damage|p1a: Grimmsnarl|91\/100\n|\n|t:|1700667203\n|switch|p2a: Empoleon|Empoleon, M|100\/100|[from] U-turn\n|\n|-end|p1a: Grimmsnarl|move: Future Sight\n|-immune|p1a: Grimmsnarl\n|upkeep\n|turn|6\n|\n|t:|1700667207\n|move|p1a: Grimmsnarl|Light Screen|p1a: Grimmsnarl\n|-sidestart|p1: h0t water|move: Light Screen\n|move|p2a: Empoleon|Flip Turn|p1a: Grimmsnarl\n|-damage|p1a: Grimmsnarl|81\/100\n|\n|t:|1700667212\n|switch|p2a: Beedrill|Beedrill-Mega, M|100\/100|[from] Flip Turn\n|\n|-fieldend|move: Psychic Terrain\n|upkeep\n|turn|7\n|\n|t:|1700667216\n|move|p1a: Grimmsnarl|Thunder Wave|p2a: Beedrill\n|-status|p2a: Beedrill|par\n|move|p2a: Beedrill|Poison Jab|p1a: Grimmsnarl\n|-supereffective|p1a: Grimmsnarl\n|-damage|p1a: Grimmsnarl|4\/100\n|\n|upkeep\n|turn|8\n|\n|t:|1700667225\n|switch|p1a: Espeon|Espeon, F|100\/100\n|move|p2a: Beedrill|U-turn|p1a: Espeon\n|-supereffective|p1a: Espeon\n|-damage|p1a: Espeon|0 fnt\n|faint|p1a: Espeon\n|\n|t:|1700667232\n|switch|p2a: Empoleon|Empoleon, M|100\/100|[from] U-turn\n|\n|upkeep\n|\n|t:|1700667236\n|switch|p1a: Blaziken|Blaziken, F|100\/100\n|turn|9\n|\n|t:|1700667242\n|move|p1a: Blaziken|Swords Dance|p1a: Blaziken\n|-boost|p1a: Blaziken|atk|2\n|move|p2a: Empoleon|Defog|p1a: Blaziken\n|-unboost|p1a: Blaziken|evasion|1\n|-sideend|p1: h0t water|Reflect\n|-sideend|p1: h0t water|move: Light Screen\n|\n|-ability|p1a: Blaziken|Speed Boost|boost\n|-boost|p1a: Blaziken|spe|1\n|upkeep\n|turn|10\n|\n|t:|1700667255\n|switch|p2a: Gliscor|Gliscor, F|100\/100 tox\n|move|p1a: Blaziken|Close Combat|p2a: Gliscor\n|-resisted|p2a: Gliscor\n|-damage|p2a: Gliscor|57\/100 tox\n|-unboost|p1a: Blaziken|def|1\n|-unboost|p1a: Blaziken|spd|1\n|\n|-heal|p2a: Gliscor|70\/100 tox|[from] ability: Poison Heal\n|-ability|p1a: Blaziken|Speed Boost|boost\n|-boost|p1a: Blaziken|spe|1\n|upkeep\n|turn|11\n|\n|t:|1700667270\n|switch|p1a: Iron Valiant|Iron Valiant|100\/100\n|-enditem|p1a: Iron Valiant|Booster Energy\n|-activate|p1a: Iron Valiant|ability: Quark Drive|[fromitem]\n|-start|p1a: Iron Valiant|quarkdrivespe\n|switch|p2a: Ceruledge|Ceruledge, M|100\/100\n|\n|upkeep\n|turn|12\n|\n|t:|1700667283\n|move|p1a: Iron Valiant|Knock Off|p2a: Ceruledge\n|-supereffective|p2a: Ceruledge\n|-damage|p2a: Ceruledge|21\/100\n|-enditem|p2a: Ceruledge|Leftovers|[from] move: Knock Off|[of] p1a: Iron Valiant\n|move|p2a: Ceruledge|Bitter Blade|p1a: Iron Valiant\n|-damage|p1a: Iron Valiant|39\/100\n|-heal|p2a: Ceruledge|46\/100|[from] drain|[of] p1a: Iron Valiant\n|\n|upkeep\n|turn|13\n|\n|t:|1700667291\n|move|p1a: Iron Valiant|Knock Off|p2a: Ceruledge\n|-supereffective|p2a: Ceruledge\n|-damage|p2a: Ceruledge|0 fnt\n|faint|p2a: Ceruledge\n|\n|upkeep\n|\n|t:|1700667303\n|switch|p2a: Empoleon|Empoleon, M|100\/100\n|turn|14\n|\n|t:|1700667307\n|move|p1a: Iron Valiant|Close Combat|p2a: Empoleon\n|-supereffective|p2a: Empoleon\n|-damage|p2a: Empoleon|10\/100\n|-unboost|p1a: Iron Valiant|def|1\n|-unboost|p1a: Iron Valiant|spd|1\n|move|p2a: Empoleon|Scald|p1a: Iron Valiant\n|-damage|p1a: Iron Valiant|0 fnt\n|faint|p1a: Iron Valiant\n|-end|p1a: Iron Valiant|Quark Drive|[silent]\n|\n|-heal|p2a: Empoleon|16\/100|[from] item: Leftovers\n|upkeep\n|\n|t:|1700667325\n|switch|p1a: Blaziken|Blaziken, F|100\/100\n|turn|15\n|\n|t:|1700667330\n|move|p1a: Blaziken|Protect|p1a: Blaziken\n|-singleturn|p1a: Blaziken|Protect\n|move|p2a: Empoleon|Flip Turn|p1a: Blaziken\n|-activate|p1a: Blaziken|move: Protect\n|\n|-heal|p2a: Empoleon|23\/100|[from] item: Leftovers\n|-ability|p1a: Blaziken|Speed Boost|boost\n|-boost|p1a: Blaziken|spe|1\n|upkeep\n|turn|16\n|\n|t:|1700667339\n|move|p1a: Blaziken|Blaze Kick|p2a: Empoleon\n|-damage|p2a: Empoleon|0 fnt\n|faint|p2a: Empoleon\n|\n|-ability|p1a: Blaziken|Speed Boost|boost\n|-boost|p1a: Blaziken|spe|1\n|upkeep\n|\n|t:|1700667345\n|switch|p2a: Gliscor|Gliscor, F|70\/100 tox\n|turn|17\n|\n|t:|1700667353\n|move|p2a: Gliscor|Protect|p2a: Gliscor\n|-singleturn|p2a: Gliscor|Protect\n|move|p1a: Blaziken|Swords Dance|p1a: Blaziken\n|-boost|p1a: Blaziken|atk|2\n|\n|-heal|p2a: Gliscor|82\/100 tox|[from] ability: Poison Heal\n|-ability|p1a: Blaziken|Speed Boost|boost\n|-boost|p1a: Blaziken|spe|1\n|upkeep\n|turn|18\n|\n|t:|1700667361\n|-terastallize|p2a: Gliscor|Water\n|move|p1a: Blaziken|Swords Dance|p1a: Blaziken\n|-boost|p1a: Blaziken|atk|2\n|move|p2a: Gliscor|Earthquake|p1a: Blaziken\n|-supereffective|p1a: Blaziken\n|-enditem|p1a: Blaziken|Focus Sash\n|-damage|p1a: Blaziken|1\/100\n|\n|-heal|p2a: Gliscor|95\/100 tox|[from] ability: Poison Heal\n|-ability|p1a: Blaziken|Speed Boost|boost\n|-boost|p1a: Blaziken|spe|1\n|upkeep\n|turn|19\n|\n|t:|1700667369\n|move|p1a: Blaziken|Close Combat|p2a: Gliscor\n|-damage|p2a: Gliscor|0 fnt\n|-unboost|p1a: Blaziken|def|1\n|-unboost|p1a: Blaziken|spd|1\n|faint|p2a: Gliscor\n|\n|-ability|p1a: Blaziken|Speed Boost|boost\n|-boost|p1a: Blaziken|spe|1\n|upkeep\n|\n|t:|1700667377\n|switch|p2a: Tapu Lele|Tapu Lele|100\/100\n|-fieldstart|move: Psychic Terrain|[from] ability: Psychic Surge|[of] p2a: Tapu Lele\n|turn|20\n|\n|t:|1700667383\n|move|p1a: Blaziken|Blaze Kick|p2a: Tapu Lele\n|-damage|p2a: Tapu Lele|0 fnt\n|faint|p2a: Tapu Lele\n|\n|-ability|p1a: Blaziken|Speed Boost|boost\n|-boost|p1a: Blaziken|spe|1\n|upkeep\n|\n|t:|1700667389\n|switch|p2a: Kyurem|Kyurem|100\/100\n|-ability|p2a: Kyurem|Pressure\n|turn|21\n|\n|t:|1700667392\n|move|p1a: Blaziken|Close Combat|p2a: Kyurem\n|-supereffective|p2a: Kyurem\n|-damage|p2a: Kyurem|0 fnt\n|-unboost|p1a: Blaziken|def|1\n|-unboost|p1a: Blaziken|spd|1\n|faint|p2a: Kyurem\n|\n|upkeep\n|\n|t:|1700667395\n|switch|p2a: Beedrill|Beedrill-Mega, M|100\/100 par\n|turn|22\n|\n|t:|1700667397\n|-terastallize|p1a: Blaziken|Fighting\n|move|p1a: Blaziken|Close Combat|p2a: Beedrill\n|-resisted|p2a: Beedrill\n|-damage|p2a: Beedrill|0 fnt\n|-unboost|p1a: Blaziken|def|1\n|-unboost|p1a: Blaziken|spd|1\n|faint|p2a: Beedrill\n|\n|win|h0t water\n|raw|h0t water's rating: 1189 &rarr; <strong>1218<\/strong><br \/>(+29 for winning)\n|raw|yhy117's rating: 1248 &rarr; <strong>1219<\/strong><br \/>(-29 for losing)\n|l|\u2606yhy117\n","uploadtime":1700667414,"views":6,"p1id":"h0twater","p2id":"yhy117","formatid":"gen9nationaldex","rating":1218,"private":0,"password":""}