{"id":"gen9nationaldex-1998630855","p1":"Alexander90281","p2":"baigu2","format":"[Gen 9] National Dex","log":"|html|<div class=\"broadcast-blue\"><strong>[Gen 9] National Dex is currently suspecting Sneasler! For information on how to participate check out the <a href=\"https:\/\/www.smogon.com\/forums\/threads\/sv-national-dex-suspect-8-just-dance.3731534\/\">suspect thread<\/a>.<\/strong><\/div>\n|j|\u2606Alexander90281\n|j|\u2606baigu2\n|t:|1700965185\n|gametype|singles\n|player|p1|Alexander90281|tateandliza-gen6|1659\n|player|p2|baigu2|170|1751\n|teamsize|p1|6\n|teamsize|p2|6\n|gen|9\n|tier|[Gen 9] National Dex\n|rated|\n|rule|HP Percentage Mod: HP is shown in percentages\n|rule|Endless Battle Clause: Forcing endless battles is banned\n|rule|OHKO Clause: OHKO moves are banned\n|rule|Evasion Clause: Evasion abilities, items, and moves are banned\n|rule|Evasion Abilities Clause: Evasion abilities are banned\n|rule|Evasion Items Clause: Evasion items are banned\n|rule|Evasion Moves Clause: Evasion moves are banned\n|rule|Species Clause: Limit one of each Pok\u00e9mon\n|rule|Sleep Clause Mod: Limit one foe put to sleep\n|clearpoke\n|poke|p1|Mimikyu, F|\n|poke|p1|Hatterene, F|\n|poke|p1|Victini|\n|poke|p1|Mawile, F|\n|poke|p1|Crawdaunt, F|\n|poke|p1|Jirachi|\n|poke|p2|Ursaluna, M|\n|poke|p2|Slowking, M|\n|poke|p2|Corviknight, M|\n|poke|p2|Hoopa-Unbound|\n|poke|p2|Dragonite, F|\n|poke|p2|Tapu Koko|\n|teampreview\n|\n|t:|1700965220\n|start\n|switch|p1a: Victini|Victini|100\/100\n|switch|p2a: Tapu Koko|Tapu Koko|100\/100\n|-fieldstart|move: Electric Terrain|[from] ability: Electric Surge|[of] p2a: Tapu Koko\n|turn|1\n|\n|t:|1700965244\n|switch|p2a: Hoopa|Hoopa-Unbound|100\/100\n|move|p1a: Victini|Final Gambit|p2a: Hoopa\n|-damage|p2a: Hoopa|0 fnt\n|faint|p1a: Victini\n|faint|p2a: Hoopa\n|\n|upkeep\n|\n|t:|1700965265\n|switch|p1a: Hatterene|Hatterene, F|100\/100\n|switch|p2a: Tapu Koko|Tapu Koko|100\/100\n|turn|2\n|\n|t:|1700965268\n|move|p2a: Tapu Koko|Volt Switch|p1a: Hatterene\n|-damage|p1a: Hatterene|38\/100\n|\n|t:|1700965272\n|switch|p2a: Slowking|Slowking, M|100\/100|[from] Volt Switch\n|move|p1a: Hatterene|Trick Room|p1a: Hatterene\n|-fieldstart|move: Trick Room|[of] p1a: Hatterene\n|\n|upkeep\n|turn|3\n|\n|t:|1700965274\n|move|p1a: Hatterene|Healing Wish|p1a: Hatterene\n|faint|p1a: Hatterene\n|move|p2a: Slowking|Trick Room|p2a: Slowking\n|-fieldend|move: Trick Room\n|\n|upkeep\n|\n|t:|1700965278\n|switch|p1a: Crawdaunt|Crawdaunt, F|100\/100\n|turn|4\n|\n|t:|1700965282\n|switch|p2a: Tapu Koko|Tapu Koko|100\/100\n|move|p1a: Crawdaunt|Swords Dance|p1a: Crawdaunt\n|-boost|p1a: Crawdaunt|atk|2\n|\n|upkeep\n|turn|5\n|\n|t:|1700965287\n|-terastallize|p1a: Crawdaunt|Dark\n|move|p2a: Tapu Koko|Volt Switch|p1a: Crawdaunt\n|-damage|p1a: Crawdaunt|0 fnt\n|faint|p1a: Crawdaunt\n|\n|t:|1700965298\n|switch|p2a: Corviknight|Corviknight, M|100\/100|[from] Volt Switch\n|-ability|p2a: Corviknight|Pressure\n|\n|-fieldend|move: Electric Terrain\n|upkeep\n|inactive|Battle timer is ON: inactive players will automatically lose when time's up. (requested by baigu2)\n|\n|t:|1700965322\n|switch|p1a: Mawile|Mawile, F|100\/100\n|-ability|p1a: Mawile|Intimidate|boost\n|-unboost|p2a: Corviknight|atk|1\n|turn|6\n|\n|t:|1700965326\n|detailschange|p1a: Mawile|Mawile-Mega, F\n|-mega|p1a: Mawile|Mawile|Mawilite\n|move|p2a: Corviknight|U-turn|p1a: Mawile\n|-resisted|p1a: Mawile\n|-crit|p1a: Mawile\n|-damage|p1a: Mawile|96\/100\n|\n|t:|1700965337\n|switch|p2a: \u718a\u5927|Ursaluna, M|100\/100|[from] U-turn\n|move|p1a: Mawile|Swords Dance|p1a: Mawile\n|-boost|p1a: Mawile|atk|2\n|\n|-status|p2a: \u718a\u5927|brn|[from] item: Flame Orb\n|upkeep\n|turn|7\n|\n|t:|1700965341\n|move|p1a: Mawile|Sucker Punch|p2a: \u718a\u5927\n|-damage|p2a: \u718a\u5927|32\/100 brn\n|move|p2a: \u718a\u5927|Headlong Rush|p1a: Mawile\n|-supereffective|p1a: Mawile\n|-damage|p1a: Mawile|0 fnt\n|-unboost|p2a: \u718a\u5927|def|1\n|-unboost|p2a: \u718a\u5927|spd|1\n|faint|p1a: Mawile\n|\n|-damage|p2a: \u718a\u5927|25\/100 brn|[from] brn\n|upkeep\n|j| NicksRokaya\n|\n|t:|1700965348\n|switch|p1a: Mimikyu|Mimikyu, F|100\/100\n|turn|8\n|\n|t:|1700965352\n|move|p1a: Mimikyu|Curse|p2a: \u718a\u5927\n|-start|p2a: \u718a\u5927|Curse|[of] p1a: Mimikyu\n|-damage|p1a: Mimikyu|50\/100\n|-enditem|p1a: Mimikyu|Sitrus Berry|[eat]\n|-heal|p1a: Mimikyu|75\/100|[from] item: Sitrus Berry\n|move|p2a: \u718a\u5927|Headlong Rush|p1a: Mimikyu\n|-activate|p1a: Mimikyu|ability: Disguise\n|-damage|p1a: Mimikyu|75\/100\n|-unboost|p2a: \u718a\u5927|def|1\n|-unboost|p2a: \u718a\u5927|spd|1\n|detailschange|p1a: Mimikyu|Mimikyu-Busted, F\n|-damage|p1a: Mimikyu|63\/100|[from] pokemon: Mimikyu-Busted\n|\n|-damage|p2a: \u718a\u5927|19\/100 brn|[from] brn\n|-damage|p2a: \u718a\u5927|0 fnt|[from] Curse\n|faint|p2a: \u718a\u5927\n|upkeep\n|\n|t:|1700965359\n|switch|p2a: Tapu Koko|Tapu Koko|100\/100\n|-fieldstart|move: Electric Terrain|[from] ability: Electric Surge|[of] p2a: Tapu Koko\n|turn|9\n|\n|t:|1700965361\n|move|p2a: Tapu Koko|Thunderbolt|p1a: Mimikyu\n|-damage|p1a: Mimikyu|0 fnt\n|faint|p1a: Mimikyu\n|\n|upkeep\n|\n|t:|1700965364\n|switch|p1a: Jirachi|Jirachi, shiny|100\/100\n|turn|10\n|\n|t:|1700965366\n|move|p2a: Tapu Koko|Thunderbolt|p1a: Jirachi\n|-damage|p1a: Jirachi|24\/100\n|-zpower|p1a: Jirachi\n|move|p1a: Jirachi|Z-Happy Hour|p1a: Jirachi|[anim]Happy Hour\n|-boost|p1a: Jirachi|atk|1|[zeffect]\n|-boost|p1a: Jirachi|def|1|[zeffect]\n|-boost|p1a: Jirachi|spa|1|[zeffect]\n|-boost|p1a: Jirachi|spd|1|[zeffect]\n|-boost|p1a: Jirachi|spe|1|[zeffect]\n|\n|upkeep\n|turn|11\n|\n|t:|1700965370\n|move|p1a: Jirachi|Iron Head|p2a: Tapu Koko\n|-damage|p2a: Tapu Koko|45\/100\n|move|p2a: Tapu Koko|Thunderbolt|p1a: Jirachi\n|-damage|p1a: Jirachi|0 fnt\n|faint|p1a: Jirachi\n|\n|win|baigu2\n|raw|Alexander90281's rating: 1659 &rarr; <strong>1644<\/strong><br \/>(-15 for losing)\n|raw|baigu2's rating: 1751 &rarr; <strong>1766<\/strong><br \/>(+15 for winning)\n","uploadtime":1700965373,"views":3,"p1id":"alexander90281","p2id":"baigu2","formatid":"gen9nationaldex","rating":1644,"private":0,"password":""}