{"id":"gen9nationaldex-1987549516","p1":"TheGrassKing1","p2":"xiaopiki123","format":"[Gen 9] National Dex","log":"|j|\u2606TheGrassKing1\n|j|\u2606xiaopiki123\n|t:|1699610453\n|gametype|singles\n|player|p1|TheGrassKing1|morty-masters2|1762\n|player|p2|xiaopiki123|elesa|1666\n|teamsize|p1|6\n|teamsize|p2|6\n|gen|9\n|tier|[Gen 9] National Dex\n|rated|\n|rule|HP Percentage Mod: HP is shown in percentages\n|rule|Endless Battle Clause: Forcing endless battles is banned\n|rule|OHKO Clause: OHKO moves are banned\n|rule|Evasion Clause: Evasion abilities, items, and moves are banned\n|rule|Evasion Abilities Clause: Evasion abilities are banned\n|rule|Evasion Items Clause: Evasion items are banned\n|rule|Evasion Moves Clause: Evasion moves are banned\n|rule|Species Clause: Limit one of each Pok\u00e9mon\n|rule|Sleep Clause Mod: Limit one foe put to sleep\n|clearpoke\n|poke|p1|Torkoal, F|\n|poke|p1|Houndoom, M|\n|poke|p1|Heatran, F|\n|poke|p1|Victreebel, M|\n|poke|p1|Landorus-Therian, M|\n|poke|p1|Slowking, F|\n|poke|p2|Urshifu-*, F|\n|poke|p2|Charizard, M|\n|poke|p2|Zapdos|\n|poke|p2|Ting-Lu|\n|poke|p2|Tapu Lele|\n|poke|p2|Ogerpon-Cornerstone, F|\n|teampreview\n|\n|t:|1699610477\n|start\n|switch|p1a: Landorus|Landorus-Therian, M|100\/100\n|switch|p2a: Ogerpon|Ogerpon-Cornerstone, F|100\/100\n|-ability|p1a: Landorus|Intimidate|boost\n|-unboost|p2a: Ogerpon|atk|1\n|turn|1\n|inactive|Battle timer is ON: inactive players will automatically lose when time's up. (requested by xiaopiki123)\n|j| nxish\n|inactive|TheGrassKing1 has 120 seconds left.\n|\n|t:|1699610556\n|switch|p2a: Urshifu|Urshifu-Rapid-Strike, F|100\/100\n|move|p1a: Landorus|U-turn|p2a: Urshifu\n|-resisted|p2a: Urshifu\n|-damage|p2a: Urshifu|90\/100\n|inactive|TheGrassKing1 has 120 seconds left.\n|\n|t:|1699610592\n|switch|p1a: Torkoal|Torkoal, F|100\/100|[from] U-turn\n|-weather|SunnyDay|[from] ability: Drought|[of] p1a: Torkoal\n|\n|-weather|SunnyDay|[upkeep]\n|upkeep\n|turn|2\n|inactive|TheGrassKing1 has 120 seconds left.\n|\n|t:|1699610615\n|switch|p1a: Landorus|Landorus-Therian, M|100\/100\n|-ability|p1a: Landorus|Intimidate|boost\n|-unboost|p2a: Urshifu|atk|1\n|-terastallize|p2a: Urshifu|Water\n|move|p2a: Urshifu|Surging Strikes|p1a: Landorus\n|-supereffective|p1a: Landorus\n|-crit|p1a: Landorus\n|-damage|p1a: Landorus|76\/100\n|-supereffective|p1a: Landorus\n|-crit|p1a: Landorus\n|-damage|p1a: Landorus|51\/100\n|-supereffective|p1a: Landorus\n|-crit|p1a: Landorus\n|-damage|p1a: Landorus|29\/100\n|-hitcount|p1a: Landorus|3\n|-enditem|p1a: Landorus|Eject Button\n|inactive|TheGrassKing1 has 90 seconds left.\n|\n|t:|1699610648\n|switch|p1a: Victreebel|Victreebel, M|100\/100\n|\n|-weather|SunnyDay|[upkeep]\n|upkeep\n|turn|3\n|\n|t:|1699610658\n|switch|p2a: Ting-Lu|Ting-Lu|100\/100\n|-ability|p2a: Ting-Lu|Vessel of Ruin\n|move|p1a: Victreebel|Growth|p1a: Victreebel\n|-boost|p1a: Victreebel|atk|2\n|-boost|p1a: Victreebel|spa|2\n|\n|-weather|SunnyDay|[upkeep]\n|upkeep\n|turn|4\n|inactive|TheGrassKing1 has 90 seconds left.\n|\n|t:|1699610664\n|-terastallize|p1a: Victreebel|Grass\n|move|p1a: Victreebel|Power Whip|p2a: Ting-Lu|[miss]\n|-miss|p1a: Victreebel|p2a: Ting-Lu\n|move|p2a: Ting-Lu|Whirlwind|p1a: Victreebel\n|drag|p1a: Slowking|Slowking, F|100\/100\n|\n|-weather|SunnyDay|[upkeep]\n|upkeep\n|turn|5\n|inactive|TheGrassKing1 has 90 seconds left.\n|\n|t:|1699610684\n|switch|p1a: Landorus|Landorus-Therian, M|29\/100\n|-ability|p1a: Landorus|Intimidate|boost\n|-unboost|p2a: Ting-Lu|atk|1\n|move|p2a: Ting-Lu|Stealth Rock|p1a: Landorus\n|-sidestart|p1: TheGrassKing1|move: Stealth Rock\n|\n|-weather|SunnyDay|[upkeep]\n|upkeep\n|turn|6\n|inactive|TheGrassKing1 has 90 seconds left.\n|\n|t:|1699610690\n|move|p1a: Landorus|Defog|p2a: Ting-Lu\n|-unboost|p2a: Ting-Lu|evasion|1\n|-sideend|p1: TheGrassKing1|Stealth Rock|[from] move: Defog|[of] p1a: Landorus\n|move|p2a: Ting-Lu|Whirlwind|p1a: Landorus\n|drag|p1a: Houndoom|Houndoom, M|100\/100\n|\n|-weather|SunnyDay|[upkeep]\n|upkeep\n|turn|7\n|\n|t:|1699610696\n|switch|p1a: Landorus|Landorus-Therian, M|29\/100\n|-ability|p1a: Landorus|Intimidate|boost\n|-unboost|p2a: Ting-Lu|atk|1\n|move|p2a: Ting-Lu|Earthquake|p1a: Landorus\n|-immune|p1a: Landorus\n|\n|-weather|SunnyDay|[upkeep]\n|upkeep\n|turn|8\n|\n|t:|1699610700\n|move|p1a: Landorus|Toxic|p2a: Ting-Lu\n|-status|p2a: Ting-Lu|tox\n|move|p2a: Ting-Lu|Stealth Rock|p1a: Landorus\n|-sidestart|p1: TheGrassKing1|move: Stealth Rock\n|\n|-weather|none\n|-damage|p2a: Ting-Lu|94\/100 tox|[from] psn\n|upkeep\n|turn|9\n|\n|t:|1699610704\n|switch|p2a: Charizard|Charizard, M|100\/100\n|move|p1a: Landorus|Defog|p2a: Charizard\n|-unboost|p2a: Charizard|evasion|1\n|-sideend|p1: TheGrassKing1|Stealth Rock|[from] move: Defog|[of] p1a: Landorus\n|\n|upkeep\n|turn|10\n|\n|t:|1699610708\n|switch|p1a: Slowking|Slowking, F|100\/100\n|detailschange|p2a: Charizard|Charizard-Mega-Y, M\n|-mega|p2a: Charizard|Charizard|Charizardite Y\n|-weather|SunnyDay|[from] ability: Drought|[of] p2a: Charizard\n|move|p2a: Charizard|Air Slash|p1a: Slowking\n|-damage|p1a: Slowking|72\/100\n|\n|-weather|SunnyDay|[upkeep]\n|upkeep\n|turn|11\n|\n|t:|1699610720\n|move|p2a: Charizard|Solar Beam||[still]\n|-prepare|p2a: Charizard|Solar Beam\n|-anim|p2a: Charizard|Solar Beam|p1a: Slowking\n|-supereffective|p1a: Slowking\n|-damage|p1a: Slowking|12\/100\n|move|p1a: Slowking|Teleport|p1a: Slowking\n|\n|t:|1699610727\n|switch|p1a: Houndoom|Houndoom, M|100\/100|[from] Teleport\n|\n|-weather|SunnyDay|[upkeep]\n|upkeep\n|turn|12\n|\n|t:|1699610734\n|detailschange|p1a: Houndoom|Houndoom-Mega, M\n|-mega|p1a: Houndoom|Houndoom|Houndoominite\n|move|p1a: Houndoom|Dark Pulse|p2a: Charizard\n|-damage|p2a: Charizard|32\/100\n|cant|p2a: Charizard|flinch\n|\n|-weather|SunnyDay|[upkeep]\n|-damage|p1a: Houndoom|88\/100|[from] ability: Solar Power|[of] p1a: Houndoom\n|upkeep\n|turn|13\n|\n|t:|1699610749\n|switch|p2a: Ting-Lu|Ting-Lu|94\/100 tox\n|-ability|p2a: Ting-Lu|Vessel of Ruin\n|move|p1a: Houndoom|Fire Blast|p2a: Ting-Lu\n|-damage|p2a: Ting-Lu|29\/100 tox\n|\n|-weather|SunnyDay|[upkeep]\n|-damage|p1a: Houndoom|76\/100|[from] ability: Solar Power|[of] p1a: Houndoom\n|-heal|p2a: Ting-Lu|35\/100 tox|[from] item: Leftovers\n|-damage|p2a: Ting-Lu|29\/100 tox|[from] psn\n|upkeep\n|turn|14\n|inactive|TheGrassKing1 has 120 seconds left.\n|\n|t:|1699610771\n|switch|p1a: Landorus|Landorus-Therian, M|29\/100\n|-ability|p1a: Landorus|Intimidate|boost\n|-unboost|p2a: Ting-Lu|atk|1\n|move|p2a: Ting-Lu|Stealth Rock|p1a: Landorus\n|-sidestart|p1: TheGrassKing1|move: Stealth Rock\n|\n|-weather|none\n|-heal|p2a: Ting-Lu|35\/100 tox|[from] item: Leftovers\n|-damage|p2a: Ting-Lu|22\/100 tox|[from] psn\n|upkeep\n|turn|15\n|\n|t:|1699610775\n|switch|p2a: Charizard|Charizard-Mega-Y, M|32\/100\n|-weather|SunnyDay|[from] ability: Drought|[of] p2a: Charizard\n|move|p1a: Landorus|Defog|p2a: Charizard\n|-unboost|p2a: Charizard|evasion|1\n|-sideend|p1: TheGrassKing1|Stealth Rock|[from] move: Defog|[of] p1a: Landorus\n|\n|-weather|SunnyDay|[upkeep]\n|upkeep\n|turn|16\n|\n|t:|1699610784\n|move|p2a: Charizard|Air Slash|p1a: Landorus\n|-damage|p1a: Landorus|0 fnt\n|faint|p1a: Landorus\n|\n|-weather|SunnyDay|[upkeep]\n|upkeep\n|\n|t:|1699610787\n|switch|p1a: Houndoom|Houndoom-Mega, M|76\/100\n|turn|17\n|\n|t:|1699610791\n|move|p1a: Houndoom|Dark Pulse|p2a: Charizard\n|-damage|p2a: Charizard|0 fnt\n|faint|p2a: Charizard\n|\n|-weather|SunnyDay|[upkeep]\n|-damage|p1a: Houndoom|63\/100|[from] ability: Solar Power|[of] p1a: Houndoom\n|upkeep\n|\n|t:|1699610796\n|switch|p2a: Urshifu|Urshifu-Rapid-Strike, F, tera:Water|90\/100\n|turn|18\n|\n|t:|1699610814\n|move|p2a: Urshifu|U-turn|p1a: Houndoom\n|-damage|p1a: Houndoom|33\/100\n|\n|t:|1699610817\n|switch|p2a: Ting-Lu|Ting-Lu|22\/100 tox|[from] U-turn\n|-ability|p2a: Ting-Lu|Vessel of Ruin\n|move|p1a: Houndoom|Fire Blast|p2a: Ting-Lu\n|-damage|p2a: Ting-Lu|0 fnt\n|faint|p2a: Ting-Lu\n|\n|-weather|SunnyDay|[upkeep]\n|-damage|p1a: Houndoom|21\/100|[from] ability: Solar Power|[of] p1a: Houndoom\n|upkeep\n|\n|t:|1699610821\n|switch|p2a: Urshifu|Urshifu-Rapid-Strike, F, tera:Water|90\/100\n|turn|19\n|inactive|TheGrassKing1 has 120 seconds left.\n|\n|t:|1699610863\n|switch|p1a: Slowking|Slowking, F|46\/100\n|move|p2a: Urshifu|U-turn|p1a: Slowking\n|-supereffective|p1a: Slowking\n|-damage|p1a: Slowking|0 fnt\n|faint|p1a: Slowking\n|\n|t:|1699610869\n|switch|p2a: Ogerpon|Ogerpon-Cornerstone, F|100\/100|[from] U-turn\n|\n|-weather|none\n|upkeep\n|\n|t:|1699610886\n|switch|p1a: Houndoom|Houndoom-Mega, M|21\/100\n|turn|20\n|\n|t:|1699610890\n|move|p1a: Houndoom|Dark Pulse|p2a: Ogerpon\n|-damage|p2a: Ogerpon|48\/100\n|move|p2a: Ogerpon|Trailblaze|p1a: Houndoom\n|-resisted|p1a: Houndoom\n|-damage|p1a: Houndoom|3\/100\n|-boost|p2a: Ogerpon|spe|1\n|\n|upkeep\n|turn|21\n|inactive|TheGrassKing1 has 120 seconds left.\n|\n|t:|1699610906\n|move|p2a: Ogerpon|Trailblaze|p1a: Houndoom\n|-resisted|p1a: Houndoom\n|-crit|p1a: Houndoom\n|-damage|p1a: Houndoom|0 fnt\n|-boost|p2a: Ogerpon|spe|1\n|faint|p1a: Houndoom\n|\n|upkeep\n|\n|t:|1699610909\n|switch|p1a: Heatran|Heatran, F|100\/100\n|-item|p1a: Heatran|Air Balloon\n|turn|22\n|inactive|TheGrassKing1 has 120 seconds left.\n|\n|t:|1699610918\n|move|p2a: Ogerpon|Superpower|p1a: Heatran\n|-supereffective|p1a: Heatran\n|-crit|p1a: Heatran\n|-damage|p1a: Heatran|0 fnt\n|-unboost|p2a: Ogerpon|atk|1\n|-unboost|p2a: Ogerpon|def|1\n|-enditem|p1a: Heatran|Air Balloon\n|faint|p1a: Heatran\n|\n|upkeep\n|\n|t:|1699610921\n|switch|p1a: Torkoal|Torkoal, F|100\/100\n|-weather|SunnyDay|[from] ability: Drought|[of] p1a: Torkoal\n|turn|23\n|\n|t:|1699610928\n|move|p2a: Ogerpon|Swords Dance|p2a: Ogerpon\n|-boost|p2a: Ogerpon|atk|2\n|move|p1a: Torkoal|Overheat|p2a: Ogerpon\n|-damage|p2a: Ogerpon|0 fnt\n|-unboost|p1a: Torkoal|spa|2\n|faint|p2a: Ogerpon\n|\n|-weather|SunnyDay|[upkeep]\n|upkeep\n|\n|t:|1699610936\n|switch|p2a: Tapu Lele|Tapu Lele|100\/100\n|-fieldstart|move: Psychic Terrain|[from] ability: Psychic Surge|[of] p2a: Tapu Lele\n|turn|24\n|\n|t:|1699610939\n|move|p2a: Tapu Lele|Future Sight|p1a: Torkoal\n|-start|p2a: Tapu Lele|move: Future Sight\n|move|p1a: Torkoal|Toxic|p2a: Tapu Lele\n|-status|p2a: Tapu Lele|tox\n|\n|-weather|SunnyDay|[upkeep]\n|-damage|p2a: Tapu Lele|94\/100 tox|[from] psn\n|upkeep\n|turn|25\n|\n|t:|1699610946\n|switch|p2a: Urshifu|Urshifu-Rapid-Strike, F, tera:Water|90\/100\n|move|p1a: Torkoal|Stealth Rock|p2a: Urshifu\n|-sidestart|p2: xiaopiki123|move: Stealth Rock\n|\n|-weather|SunnyDay|[upkeep]\n|upkeep\n|turn|26\n|\n|t:|1699610955\n|move|p2a: Urshifu|Surging Strikes|p1a: Torkoal\n|-supereffective|p1a: Torkoal\n|-crit|p1a: Torkoal\n|-damage|p1a: Torkoal|83\/100\n|-supereffective|p1a: Torkoal\n|-crit|p1a: Torkoal\n|-damage|p1a: Torkoal|68\/100\n|-supereffective|p1a: Torkoal\n|-crit|p1a: Torkoal\n|-damage|p1a: Torkoal|50\/100\n|-hitcount|p1a: Torkoal|3\n|move|p1a: Torkoal|Toxic|p2a: Urshifu\n|-status|p2a: Urshifu|tox\n|\n|-weather|SunnyDay|[upkeep]\n|-end|p1a: Torkoal|move: Future Sight\n|-damage|p1a: Torkoal|0 fnt\n|faint|p1a: Torkoal\n|-damage|p2a: Urshifu|84\/100 tox|[from] psn\n|upkeep\n|\n|t:|1699610958\n|switch|p1a: Victreebel|Victreebel, M, tera:Grass|100\/100\n|turn|27\n|\n|t:|1699610977\n|switch|p2a: Zapdos|Zapdos|100\/100\n|move|p1a: Victreebel|Growth|p1a: Victreebel\n|-boost|p1a: Victreebel|atk|2\n|-boost|p1a: Victreebel|spa|2\n|\n|-weather|SunnyDay|[upkeep]\n|upkeep\n|turn|28\n|\n|t:|1699610989\n|move|p1a: Victreebel|Weather Ball|p2a: Zapdos\n|-damage|p2a: Zapdos|0 fnt\n|faint|p2a: Zapdos\n|-damage|p1a: Victreebel|91\/100|[from] item: Life Orb\n|\n|-weather|SunnyDay|[upkeep]\n|-fieldend|move: Psychic Terrain\n|upkeep\n|\n|t:|1699610994\n|switch|p2a: Urshifu|Urshifu-Rapid-Strike, F, tera:Water|84\/100 tox\n|-damage|p2a: Urshifu|72\/100 tox|[from] Stealth Rock\n|turn|29\n|\n|t:|1699611002\n|move|p1a: Victreebel|Sludge Bomb|p2a: Urshifu\n|-damage|p2a: Urshifu|0 fnt\n|faint|p2a: Urshifu\n|-damage|p1a: Victreebel|81\/100|[from] item: Life Orb\n|\n|-weather|SunnyDay|[upkeep]\n|upkeep\n|\n|t:|1699611004\n|switch|p2a: Tapu Lele|Tapu Lele|94\/100 tox\n|-damage|p2a: Tapu Lele|82\/100 tox|[from] Stealth Rock\n|-fieldstart|move: Psychic Terrain|[from] ability: Psychic Surge|[of] p2a: Tapu Lele\n|turn|30\n|\n|t:|1699611008\n|move|p1a: Victreebel|Sludge Bomb|p2a: Tapu Lele\n|-supereffective|p2a: Tapu Lele\n|-damage|p2a: Tapu Lele|0 fnt\n|faint|p2a: Tapu Lele\n|-damage|p1a: Victreebel|71\/100|[from] item: Life Orb\n|\n|win|TheGrassKing1\n|raw|TheGrassKing1's rating: 1762 &rarr; <strong>1777<\/strong><br \/>(+15 for winning)\n|raw|xiaopiki123's rating: 1666 &rarr; <strong>1651<\/strong><br \/>(-15 for losing)\n|l|\u2606xiaopiki123\n|l| nxish\n|j| Yuri Saisai\n|l| Yuri Saisai\n","uploadtime":1699611854,"views":55,"p1id":"thegrassking1","p2id":"xiaopiki123","formatid":"gen9nationaldex","rating":1651,"private":0,"password":""}