{"id":"gen9nationaldex-1997608176","p1":"DreamFreedom","p2":"Bear233","format":"[Gen 9] National Dex","log":"|html|<div class=\"broadcast-blue\"><strong>[Gen 9] National Dex is currently suspecting Sneasler! For information on how to participate check out the <a href=\"https:\/\/www.smogon.com\/forums\/threads\/sv-national-dex-suspect-8-just-dance.3731534\/\">suspect thread<\/a>.<\/strong><\/div>\n|j|\u2606DreamFreedom\n|j|\u2606Bear233\n|t:|1700832358\n|gametype|singles\n|player|p1|DreamFreedom|bianca|1601\n|player|p2|Bear233|caitlin|1477\n|teamsize|p1|6\n|teamsize|p2|6\n|gen|9\n|tier|[Gen 9] National Dex\n|rated|\n|rule|HP Percentage Mod: HP is shown in percentages\n|rule|Endless Battle Clause: Forcing endless battles is banned\n|rule|OHKO Clause: OHKO moves are banned\n|rule|Evasion Clause: Evasion abilities, items, and moves are banned\n|rule|Evasion Abilities Clause: Evasion abilities are banned\n|rule|Evasion Items Clause: Evasion items are banned\n|rule|Evasion Moves Clause: Evasion moves are banned\n|rule|Species Clause: Limit one of each Pok\u00e9mon\n|rule|Sleep Clause Mod: Limit one foe put to sleep\n|clearpoke\n|poke|p1|Kyurem|\n|poke|p1|Moltres|\n|poke|p1|Garchomp, F|\n|poke|p1|Tapu Lele|\n|poke|p1|Sneasler, M|\n|poke|p1|Ogerpon-Wellspring, F|\n|poke|p2|Banette, F|\n|poke|p2|Slowking-Galar, F|\n|poke|p2|Kyurem|\n|poke|p2|Ferrothorn, F|\n|poke|p2|Great Tusk|\n|poke|p2|Zamazenta-*|\n|teampreview\n|inactive|Battle timer is ON: inactive players will automatically lose when time's up. (requested by Bear233)\n|\n|t:|1700832366\n|start\n|switch|p1a: Kyurem|Kyurem|100\/100\n|switch|p2a: Kyurem|Kyurem|100\/100\n|-ability|p1a: Kyurem|Pressure\n|-ability|p2a: Kyurem|Pressure\n|turn|1\n|\n|t:|1700832371\n|-zpower|p2a: Kyurem\n|move|p2a: Kyurem|Devastating Drake|p1a: Kyurem|[zeffect]\n|-supereffective|p1a: Kyurem\n|-damage|p1a: Kyurem|0 fnt\n|faint|p1a: Kyurem\n|\n|upkeep\n|\n|t:|1700832375\n|switch|p1a: Tapu Lele|Tapu Lele|100\/100\n|-fieldstart|move: Psychic Terrain|[from] ability: Psychic Surge|[of] p1a: Tapu Lele\n|turn|2\n|\n|t:|1700832379\n|switch|p2a: Slowking|Slowking-Galar, F|100\/100\n|move|p1a: Tapu Lele|Focus Blast|p2a: Slowking|[miss]\n|-miss|p1a: Tapu Lele|p2a: Slowking\n|\n|upkeep\n|turn|3\n|\n|t:|1700832386\n|switch|p1a: Garchomp|Garchomp, F|100\/100\n|move|p2a: Slowking|Future Sight|p1a: Garchomp\n|-start|p2a: Slowking|move: Future Sight\n|\n|upkeep\n|turn|4\n|\n|t:|1700832392\n|switch|p2a: Great Tusk|Great Tusk|100\/100\n|move|p1a: Garchomp|Stealth Rock|p2a: Great Tusk\n|-sidestart|p2: Bear233|move: Stealth Rock\n|\n|upkeep\n|turn|5\n|\n|t:|1700832398\n|move|p2a: Great Tusk|Rapid Spin|p1a: Garchomp\n|-damage|p1a: Garchomp|91\/100\n|-boost|p2a: Great Tusk|spe|1\n|-damage|p2a: Great Tusk|88\/100|[from] ability: Rough Skin|[of] p1a: Garchomp\n|-damage|p2a: Great Tusk|72\/100|[from] item: Rocky Helmet|[of] p1a: Garchomp\n|-sideend|p2: Bear233|Stealth Rock|[from] move: Rapid Spin|[of] p2a: Great Tusk\n|move|p1a: Garchomp|Toxic|p2a: Great Tusk\n|-status|p2a: Great Tusk|tox\n|\n|-end|p1a: Garchomp|move: Future Sight\n|-damage|p1a: Garchomp|24\/100\n|-damage|p2a: Great Tusk|65\/100 tox|[from] psn\n|upkeep\n|turn|6\n|\n|t:|1700832405\n|switch|p1a: Moltres|Moltres|100\/100\n|move|p2a: Great Tusk|Knock Off|p1a: Moltres\n|-damage|p1a: Moltres|79\/100\n|-enditem|p1a: Moltres|Heavy-Duty Boots|[from] move: Knock Off|[of] p2a: Great Tusk\n|\n|-damage|p2a: Great Tusk|53\/100 tox|[from] psn\n|-fieldend|move: Psychic Terrain\n|upkeep\n|turn|7\n|\n|t:|1700832417\n|-end|p2a: Great Tusk|Protosynthesis|[silent]\n|switch|p2a: Slowking|Slowking-Galar, F|100\/100\n|move|p1a: Moltres|U-turn|p2a: Slowking\n|-damage|p2a: Slowking|86\/100\n|\n|t:|1700832421\n|switch|p1a: Tapu Lele|Tapu Lele|100\/100|[from] U-turn\n|-fieldstart|move: Psychic Terrain|[from] ability: Psychic Surge|[of] p1a: Tapu Lele\n|\n|-heal|p2a: Slowking|92\/100|[from] item: Leftovers\n|upkeep\n|turn|8\n|\n|t:|1700832425\n|move|p1a: Tapu Lele|Psyshock|p2a: Slowking\n|-damage|p2a: Slowking|2\/100\n|move|p2a: Slowking|Sludge Bomb|p1a: Tapu Lele\n|-supereffective|p1a: Tapu Lele\n|-damage|p1a: Tapu Lele|10\/100\n|\n|-heal|p2a: Slowking|8\/100|[from] item: Leftovers\n|upkeep\n|turn|9\n|\n|t:|1700832432\n|switch|p1a: Moltres|Moltres|79\/100\n|switch|p2a: Ferrothorn|Ferrothorn, F|100\/100\n|\n|upkeep\n|turn|10\n|\n|t:|1700832437\n|-terastallize|p2a: Ferrothorn|Dragon\n|move|p1a: Moltres|U-turn|p2a: Ferrothorn\n|-damage|p2a: Ferrothorn|93\/100\n|-damage|p1a: Moltres|67\/100|[from] ability: Iron Barbs|[of] p2a: Ferrothorn\n|\n|t:|1700832441\n|switch|p1a: Garchomp|Garchomp, F|24\/100|[from] U-turn\n|move|p2a: Ferrothorn|Thunder Wave|p1a: Garchomp\n|-immune|p1a: Garchomp\n|\n|-heal|p2a: Ferrothorn|99\/100|[from] item: Leftovers\n|upkeep\n|turn|11\n|\n|t:|1700832448\n|move|p1a: Garchomp|Toxic|p2a: Ferrothorn\n|-status|p2a: Ferrothorn|tox\n|move|p2a: Ferrothorn|Leech Seed|p1a: Garchomp\n|-start|p1a: Garchomp|move: Leech Seed\n|\n|-heal|p2a: Ferrothorn|100\/100 tox|[from] item: Leftovers\n|-damage|p1a: Garchomp|11\/100|[from] Leech Seed|[of] p2a: Ferrothorn\n|-damage|p2a: Ferrothorn|94\/100 tox|[from] psn\n|-fieldend|move: Psychic Terrain\n|upkeep\n|turn|12\n|\n|t:|1700832454\n|move|p1a: Garchomp|Stealth Rock|p2a: Ferrothorn\n|-sidestart|p2: Bear233|move: Stealth Rock\n|move|p2a: Ferrothorn|Thunder Wave|p1a: Garchomp\n|-immune|p1a: Garchomp\n|\n|-heal|p2a: Ferrothorn|100\/100 tox|[from] item: Leftovers\n|-damage|p1a: Garchomp|0 fnt|[from] Leech Seed|[of] p2a: Ferrothorn\n|faint|p1a: Garchomp\n|-damage|p2a: Ferrothorn|88\/100 tox|[from] psn\n|upkeep\n|\n|t:|1700832456\n|switch|p1a: Tapu Lele|Tapu Lele|10\/100\n|-fieldstart|move: Psychic Terrain|[from] ability: Psychic Surge|[of] p1a: Tapu Lele\n|turn|13\n|\n|t:|1700832461\n|switch|p2a: Slowking|Slowking-Galar, F|42\/100\n|-damage|p2a: Slowking|29\/100|[from] Stealth Rock\n|move|p1a: Tapu Lele|Moonblast|p2a: Slowking\n|-resisted|p2a: Slowking\n|-damage|p2a: Slowking|3\/100\n|\n|-heal|p2a: Slowking|9\/100|[from] item: Leftovers\n|upkeep\n|turn|14\n|\n|t:|1700832469\n|switch|p2a: Ferrothorn|Ferrothorn, F, tera:Dragon|88\/100 tox\n|-damage|p2a: Ferrothorn|75\/100 tox|[from] Stealth Rock\n|move|p1a: Tapu Lele|Moonblast|p2a: Ferrothorn\n|-supereffective|p2a: Ferrothorn\n|-damage|p2a: Ferrothorn|0 fnt\n|faint|p2a: Ferrothorn\n|\n|upkeep\n|\n|t:|1700832478\n|switch|p2a: Banette|Banette, F|100\/100\n|-damage|p2a: Banette|88\/100|[from] Stealth Rock\n|turn|15\n|\n|t:|1700832480\n|detailschange|p2a: Banette|Banette-Mega, F\n|-mega|p2a: Banette|Banette|Banettite\n|move|p2a: Banette|Destiny Bond|p2a: Banette\n|-singlemove|p2a: Banette|Destiny Bond\n|move|p1a: Tapu Lele|Moonblast|p2a: Banette\n|-damage|p2a: Banette|0 fnt\n|faint|p2a: Banette\n|-activate|p2a: Banette|move: Destiny Bond\n|faint|p1a: Tapu Lele\n|\n|upkeep\n|\n|t:|1700832488\n|switch|p1a: Sneasler|Sneasler, M|100\/100\n|switch|p2a: Great Tusk|Great Tusk|53\/100 tox\n|-enditem|p1a: Sneasler|Psychic Seed\n|-boost|p1a: Sneasler|spd|1|[from] item: Psychic Seed\n|turn|16\n|\n|t:|1700832496\n|-terastallize|p1a: Sneasler|Flying\n|move|p1a: Sneasler|Swords Dance|p1a: Sneasler\n|-boost|p1a: Sneasler|atk|2\n|move|p2a: Great Tusk|Headlong Rush|p1a: Sneasler\n|-immune|p1a: Sneasler\n|\n|-damage|p2a: Great Tusk|47\/100 tox|[from] psn\n|upkeep\n|turn|17\n|\n|t:|1700832500\n|move|p1a: Sneasler|Acrobatics|p2a: Great Tusk\n|-supereffective|p2a: Great Tusk\n|-damage|p2a: Great Tusk|0 fnt\n|faint|p2a: Great Tusk\n|-end|p2a: Great Tusk|Protosynthesis|[silent]\n|\n|-fieldend|move: Psychic Terrain\n|upkeep\n|\n|t:|1700832503\n|switch|p2a: Zamazenta|Zamazenta|100\/100\n|-damage|p2a: Zamazenta|94\/100|[from] Stealth Rock\n|-ability|p2a: Zamazenta|Dauntless Shield|boost\n|-boost|p2a: Zamazenta|def|1\n|turn|18\n|\n|t:|1700832507\n|move|p1a: Sneasler|Acrobatics|p2a: Zamazenta\n|-supereffective|p2a: Zamazenta\n|-damage|p2a: Zamazenta|0 fnt\n|faint|p2a: Zamazenta\n|\n|upkeep\n|-message|Bear233 forfeited.\n|\n|win|DreamFreedom\n|raw|DreamFreedom's rating: 1601 &rarr; <strong>1614<\/strong><br \/>(+13 for winning)\n|raw|Bear233's rating: 1477 &rarr; <strong>1464<\/strong><br \/>(-13 for losing)\n|l|\u2606Bear233\n|j|\u2606Bear233\n|player|p2|Bear233|caitlin\n","uploadtime":1700832515,"views":3,"p1id":"dreamfreedom","p2id":"bear233","formatid":"gen9nationaldex","rating":1464,"private":0,"password":""}