{"id":"gen9nationaldex-1988310981","p1":"TrivagoGuy","p2":"outofrain","format":"[Gen 9] National Dex","log":"|j|\u2606TrivagoGuy\n|j|\u2606outofrain\n|t:|1699706433\n|gametype|singles\n|player|p1|TrivagoGuy|ltsurge|1463\n|player|p2|outofrain|swimmerf-gen4|1406\n|teamsize|p1|6\n|teamsize|p2|6\n|gen|9\n|tier|[Gen 9] National Dex\n|rated|\n|rule|HP Percentage Mod: HP is shown in percentages\n|rule|Endless Battle Clause: Forcing endless battles is banned\n|rule|OHKO Clause: OHKO moves are banned\n|rule|Evasion Clause: Evasion abilities, items, and moves are banned\n|rule|Evasion Abilities Clause: Evasion abilities are banned\n|rule|Evasion Items Clause: Evasion items are banned\n|rule|Evasion Moves Clause: Evasion moves are banned\n|rule|Species Clause: Limit one of each Pok\u00e9mon\n|rule|Sleep Clause Mod: Limit one foe put to sleep\n|clearpoke\n|poke|p1|Golisopod, F|\n|poke|p1|Skarmory, F|\n|poke|p1|Seismitoad, M|\n|poke|p1|Pelipper, F|\n|poke|p1|Volcanion|\n|poke|p1|Diancie|\n|poke|p2|Lopunny, F|\n|poke|p2|Gliscor, M|\n|poke|p2|Samurott-Hisui, M|\n|poke|p2|Heatran, M|\n|poke|p2|Alomomola, M|\n|poke|p2|Rillaboom, M|\n|teampreview\n|inactive|Battle timer is ON: inactive players will automatically lose when time's up. (requested by outofrain)\n|\n|t:|1699706448\n|start\n|switch|p1a: Golisopod|Golisopod, F|100\/100\n|switch|p2a: Samurott|Samurott-Hisui, M|100\/100\n|turn|1\n|\n|t:|1699706455\n|switch|p2a: Gliscor|Gliscor, M|100\/100\n|move|p1a: Golisopod|First Impression|p2a: Gliscor\n|-resisted|p2a: Gliscor\n|-damage|p2a: Gliscor|82\/100\n|\n|-status|p2a: Gliscor|tox|[from] item: Toxic Orb\n|upkeep\n|turn|2\n|\n|t:|1699706461\n|move|p2a: Gliscor|Stealth Rock|p1a: Golisopod\n|-sidestart|p1: TrivagoGuy|move: Stealth Rock\n|move|p1a: Golisopod|Liquidation|p2a: Gliscor\n|-supereffective|p2a: Gliscor\n|-damage|p2a: Gliscor|3\/100 tox\n|\n|-heal|p2a: Gliscor|16\/100 tox|[from] ability: Poison Heal\n|upkeep\n|turn|3\n|\n|t:|1699706467\n|move|p2a: Gliscor|Protect|p2a: Gliscor\n|-singleturn|p2a: Gliscor|Protect\n|move|p1a: Golisopod|Close Combat|p2a: Gliscor\n|-activate|p2a: Gliscor|move: Protect\n|\n|-heal|p2a: Gliscor|28\/100 tox|[from] ability: Poison Heal\n|upkeep\n|turn|4\n|\n|t:|1699706477\n|switch|p2a: Alomomola|Alomomola, M|100\/100\n|move|p1a: Golisopod|Liquidation|p2a: Alomomola\n|-resisted|p2a: Alomomola\n|-crit|p2a: Alomomola\n|-damage|p2a: Alomomola|78\/100\n|\n|upkeep\n|turn|5\n|\n|t:|1699706488\n|switch|p1a: Skarmory|Skarmory, F|100\/100\n|-damage|p1a: Skarmory|88\/100|[from] Stealth Rock\n|move|p2a: Alomomola|Wish|p2a: Alomomola\n|\n|upkeep\n|turn|6\n|\n|t:|1699706494\n|move|p1a: Skarmory|Swords Dance|p1a: Skarmory\n|-boost|p1a: Skarmory|atk|2\n|move|p2a: Alomomola|Flip Turn|p1a: Skarmory\n|-damage|p1a: Skarmory|75\/100\n|-ability|p1a: Skarmory|Weak Armor|boost\n|-unboost|p1a: Skarmory|def|1\n|-boost|p1a: Skarmory|spe|2\n|\n|t:|1699706515\n|switch|p2a: Gliscor|Gliscor, M|28\/100 tox|[from] Flip Turn\n|\n|-heal|p2a: Gliscor|95\/100 tox|[from] move: Wish|[wisher] Alomomola\n|-heal|p2a: Gliscor|100\/100 tox|[from] ability: Poison Heal\n|upkeep\n|turn|7\n|\n|t:|1699706522\n|move|p1a: Skarmory|Swords Dance|p1a: Skarmory\n|-boost|p1a: Skarmory|atk|2\n|move|p2a: Gliscor|U-turn|p1a: Skarmory\n|-resisted|p1a: Skarmory\n|-damage|p1a: Skarmory|70\/100\n|-ability|p1a: Skarmory|Weak Armor|boost\n|-unboost|p1a: Skarmory|def|1\n|-boost|p1a: Skarmory|spe|2\n|\n|t:|1699706532\n|switch|p2a: Lopunny|Lopunny, F|100\/100|[from] U-turn\n|\n|upkeep\n|turn|8\n|\n|t:|1699706537\n|detailschange|p2a: Lopunny|Lopunny-Mega, F\n|-mega|p2a: Lopunny|Lopunny|Lopunnite\n|move|p2a: Lopunny|Fake Out|p1a: Skarmory\n|-resisted|p1a: Skarmory\n|-damage|p1a: Skarmory|55\/100\n|-ability|p1a: Skarmory|Weak Armor|boost\n|-unboost|p1a: Skarmory|def|1\n|-boost|p1a: Skarmory|spe|2\n|move|p1a: Skarmory|Drill Peck|p2a: Lopunny\n|-supereffective|p2a: Lopunny\n|-damage|p2a: Lopunny|0 fnt\n|faint|p2a: Lopunny\n|\n|upkeep\n|\n|t:|1699706551\n|switch|p2a: Rillaboom|Rillaboom, M|100\/100\n|-fieldstart|move: Grassy Terrain|[from] ability: Grassy Surge|[of] p2a: Rillaboom\n|turn|9\n|\n|t:|1699706556\n|-terastallize|p2a: Rillaboom|Grass\n|move|p2a: Rillaboom|Grassy Glide|p1a: Skarmory\n|-resisted|p1a: Skarmory\n|-damage|p1a: Skarmory|15\/100\n|-ability|p1a: Skarmory|Weak Armor|boost\n|-unboost|p1a: Skarmory|def|1\n|move|p1a: Skarmory|Drill Peck|p2a: Rillaboom\n|-supereffective|p2a: Rillaboom\n|-damage|p2a: Rillaboom|0 fnt\n|faint|p2a: Rillaboom\n|\n|upkeep\n|-message|outofrain forfeited.\n|\n|win|TrivagoGuy\n|raw|TrivagoGuy's rating: 1463 &rarr; <strong>1480<\/strong><br \/>(+17 for winning)\n|raw|outofrain's rating: 1406 &rarr; <strong>1389<\/strong><br \/>(-17 for losing)\n|l|\u2606outofrain\n","uploadtime":1699706565,"views":4,"p1id":"trivagoguy","p2id":"outofrain","formatid":"gen9nationaldex","rating":1389,"private":0,"password":""}