{"id":"gen9nationaldex-2000018971","p1":"ousl7","p2":"sjudka","format":"[Gen 9] National Dex","log":"|html|<div class=\"broadcast-blue\"><strong>[Gen 9] National Dex is currently suspecting Sneasler! For information on how to participate check out the <a href=\"https:\/\/www.smogon.com\/forums\/threads\/sv-national-dex-suspect-8-just-dance.3731534\/\">suspect thread<\/a>.<\/strong><\/div>\n|j|\u2606ousl7\n|j|\u203dsjudka\n|t:|1701141886\n|gametype|singles\n|player|p1|ousl7|265|1175\n|player|p2|sjudka|1|1232\n|teamsize|p1|6\n|teamsize|p2|6\n|gen|9\n|tier|[Gen 9] National Dex\n|rated|\n|rule|HP Percentage Mod: HP is shown in percentages\n|rule|Endless Battle Clause: Forcing endless battles is banned\n|rule|OHKO Clause: OHKO moves are banned\n|rule|Evasion Clause: Evasion abilities, items, and moves are banned\n|rule|Evasion Abilities Clause: Evasion abilities are banned\n|rule|Evasion Items Clause: Evasion items are banned\n|rule|Evasion Moves Clause: Evasion moves are banned\n|rule|Species Clause: Limit one of each Pok\u00e9mon\n|rule|Sleep Clause Mod: Limit one foe put to sleep\n|clearpoke\n|poke|p1|Corviknight, F|\n|poke|p1|Clodsire, M|\n|poke|p1|Toxapex, M|\n|poke|p1|Blissey, F|\n|poke|p1|Sableye, F|\n|poke|p1|Dondozo, F|\n|poke|p2|Urshifu-*, M|\n|poke|p2|Tapu Lele|\n|poke|p2|Sneasler, F|\n|poke|p2|Heatran, M|\n|poke|p2|Dragonite, F|\n|poke|p2|Glimmora, M|\n|teampreview\n|inactive|Battle timer is ON: inactive players will automatically lose when time's up. (requested by sjudka)\n|\n|t:|1701141896\n|start\n|switch|p1a: Sableye|Sableye, F|100\/100\n|switch|p2a: Glimmora|Glimmora, M|100\/100\n|turn|1\n|\n|t:|1701141909\n|detailschange|p1a: Sableye|Sableye-Mega, F\n|-mega|p1a: Sableye|Sableye|Sablenite\n|move|p2a: Glimmora|Stealth Rock|p1a: Sableye\n|move|p1a: Sableye|Stealth Rock|p2a: Glimmora|[from]ability: Magic Bounce\n|-sidestart|p2: sjudka|move: Stealth Rock\n|move|p1a: Sableye|Will-O-Wisp|p2a: Glimmora\n|-status|p2a: Glimmora|brn\n|\n|-damage|p2a: Glimmora|94\/100 brn|[from] brn\n|upkeep\n|turn|2\n|\n|t:|1701141919\n|move|p2a: Glimmora|Mortal Spin|p1a: Sableye\n|-resisted|p1a: Sableye\n|-damage|p1a: Sableye|99\/100\n|-status|p1a: Sableye|psn\n|-sideend|p2: sjudka|Stealth Rock|[from] move: Mortal Spin|[of] p2a: Glimmora\n|move|p1a: Sableye|Spite|p2a: Glimmora\n|-activate|p2a: Glimmora|move: Spite|Mortal Spin|4\n|\n|-damage|p1a: Sableye|87\/100 psn|[from] psn\n|-damage|p2a: Glimmora|88\/100 brn|[from] brn\n|upkeep\n|turn|3\n|\n|t:|1701141937\n|move|p2a: Glimmora|Sludge Wave|p1a: Sableye\n|-resisted|p1a: Sableye\n|-damage|p1a: Sableye|68\/100 psn\n|move|p1a: Sableye|Spite|p2a: Glimmora\n|-activate|p2a: Glimmora|move: Spite|Sludge Wave|4\n|\n|-damage|p1a: Sableye|55\/100 psn|[from] psn\n|-damage|p2a: Glimmora|82\/100 brn|[from] brn\n|upkeep\n|turn|4\n|\n|t:|1701141947\n|move|p2a: Glimmora|Sludge Wave|p1a: Sableye\n|-resisted|p1a: Sableye\n|-damage|p1a: Sableye|37\/100 psn\n|move|p1a: Sableye|Recover|p1a: Sableye\n|-heal|p1a: Sableye|87\/100 psn\n|\n|-damage|p1a: Sableye|74\/100 psn|[from] psn\n|-damage|p2a: Glimmora|76\/100 brn|[from] brn\n|upkeep\n|turn|5\n|\n|t:|1701141959\n|move|p2a: Glimmora|Sludge Wave|p1a: Sableye\n|-resisted|p1a: Sableye\n|-damage|p1a: Sableye|55\/100 psn\n|move|p1a: Sableye|Spite|p2a: Glimmora\n|-activate|p2a: Glimmora|move: Spite|Sludge Wave|4\n|\n|-damage|p1a: Sableye|43\/100 psn|[from] psn\n|-damage|p2a: Glimmora|70\/100 brn|[from] brn\n|upkeep\n|turn|6\n|\n|t:|1701141967\n|switch|p2a: Heatran|Heatran, M|100\/100\n|move|p1a: Sableye|Recover|p1a: Sableye\n|-heal|p1a: Sableye|93\/100 psn\n|\n|-damage|p1a: Sableye|80\/100 psn|[from] psn\n|upkeep\n|turn|7\n|\n|t:|1701141976\n|move|p2a: Heatran|Eruption|p1a: Sableye\n|-damage|p1a: Sableye|20\/100 psn\n|move|p1a: Sableye|Knock Off|p2a: Heatran\n|-damage|p2a: Heatran|71\/100\n|-enditem|p2a: Heatran|Choice Scarf|[from] move: Knock Off|[of] p1a: Sableye\n|\n|-damage|p1a: Sableye|7\/100 psn|[from] psn\n|upkeep\n|turn|8\n|\n|t:|1701141998\n|switch|p1a: Clodsire|Clodsire, M|100\/100\n|move|p2a: Heatran|Flash Cannon|p1a: Clodsire\n|-damage|p1a: Clodsire|78\/100\n|-unboost|p1a: Clodsire|spd|1\n|\n|-heal|p1a: Clodsire|85\/100|[from] item: Leftovers\n|upkeep\n|turn|9\n|\n|t:|1701142009\n|switch|p2a: Glimmora|Glimmora, M|70\/100 brn\n|switch|p1a: Blissey|Blissey, F|100\/100\n|\n|-damage|p2a: Glimmora|63\/100 brn|[from] brn\n|upkeep\n|turn|10\n|\n|t:|1701142017\n|switch|p1a: Sableye|Sableye-Mega, F|7\/100 psn\n|move|p2a: Glimmora|Stealth Rock|p1a: Sableye\n|move|p1a: Sableye|Stealth Rock|p2a: Glimmora|[from]ability: Magic Bounce\n|-sidestart|p2: sjudka|move: Stealth Rock\n|\n|-damage|p1a: Sableye|0 fnt|[from] psn\n|faint|p1a: Sableye\n|-damage|p2a: Glimmora|57\/100 brn|[from] brn\n|upkeep\n|\n|t:|1701142039\n|switch|p1a: Clodsire|Clodsire, M|85\/100\n|turn|11\n|\n|t:|1701142044\n|move|p2a: Glimmora|Mortal Spin|p1a: Clodsire\n|-resisted|p1a: Clodsire\n|-damage|p1a: Clodsire|84\/100\n|-sideend|p2: sjudka|Stealth Rock|[from] move: Mortal Spin|[of] p2a: Glimmora\n|move|p1a: Clodsire|Earthquake|p2a: Glimmora\n|-supereffective|p2a: Glimmora\n|-damage|p2a: Glimmora|0 fnt\n|-activate|p2a: Glimmora|ability: Toxic Debris\n|-sidestart|p1: ousl7|move: Toxic Spikes\n|faint|p2a: Glimmora\n|\n|-heal|p1a: Clodsire|90\/100|[from] item: Leftovers\n|upkeep\n|\n|t:|1701142059\n|switch|p2a: Urshifu|Urshifu-Rapid-Strike, M|100\/100\n|turn|12\n|\n|t:|1701142062\n|switch|p1a: Toxapex|Toxapex, M|100\/100\n|-sideend|p1: ousl7|move: Toxic Spikes|[of] p1a: Toxapex\n|move|p2a: Urshifu|U-turn|p1a: Toxapex\n|-resisted|p1a: Toxapex\n|-damage|p1a: Toxapex|94\/100\n|\n|t:|1701142066\n|switch|p2a: Tapu Lele|Tapu Lele|100\/100|[from] U-turn\n|-fieldstart|move: Psychic Terrain|[from] ability: Psychic Surge|[of] p2a: Tapu Lele\n|\n|-heal|p1a: Toxapex|99\/100|[from] item: Leftovers\n|upkeep\n|turn|13\n|\n|t:|1701142072\n|switch|p1a: Blissey|Blissey, F|100\/100\n|move|p2a: Tapu Lele|Future Sight|p1a: Blissey\n|-start|p2a: Tapu Lele|move: Future Sight\n|\n|upkeep\n|turn|14\n|\n|t:|1701142079\n|switch|p2a: Sneasler|Sneasler, F|100\/100\n|-enditem|p2a: Sneasler|Psychic Seed\n|-boost|p2a: Sneasler|spd|1|[from] item: Psychic Seed\n|move|p1a: Blissey|Seismic Toss|p2a: Sneasler\n|-damage|p2a: Sneasler|67\/100\n|\n|upkeep\n|turn|15\n|\n|t:|1701142104\n|-terastallize|p1a: Blissey|Water\n|move|p2a: Sneasler|Swords Dance|p2a: Sneasler\n|-boost|p2a: Sneasler|atk|2\n|move|p1a: Blissey|Counter||[still]\n|-fail|p1a: Blissey\n|\n|-end|p1a: Blissey|move: Future Sight\n|-damage|p1a: Blissey|74\/100\n|-heal|p1a: Blissey|80\/100|[from] item: Leftovers\n|upkeep\n|turn|16\n|\n|t:|1701142114\n|switch|p1a: Dondozo|Dondozo, F|100\/100\n|move|p2a: Sneasler|Close Combat|p1a: Dondozo\n|-damage|p1a: Dondozo|73\/100\n|-unboost|p2a: Sneasler|def|1\n|-unboost|p2a: Sneasler|spd|1\n|\n|-heal|p1a: Dondozo|79\/100|[from] item: Leftovers\n|-fieldend|move: Psychic Terrain\n|upkeep\n|turn|17\n|\n|t:|1701142124\n|move|p2a: Sneasler|Dire Claw|p1a: Dondozo\n|-damage|p1a: Dondozo|60\/100\n|move|p1a: Dondozo|Waterfall|p2a: Sneasler\n|-damage|p2a: Sneasler|21\/100\n|\n|-heal|p1a: Dondozo|66\/100|[from] item: Leftovers\n|upkeep\n|turn|18\n|\n|t:|1701142132\n|move|p2a: Sneasler|Dire Claw|p1a: Dondozo\n|-damage|p1a: Dondozo|48\/100\n|-status|p1a: Dondozo|slp\n|cant|p1a: Dondozo|slp\n|\n|-heal|p1a: Dondozo|54\/100 slp|[from] item: Leftovers\n|upkeep\n|turn|19\n|\n|t:|1701142143\n|switch|p2a: Tapu Lele|Tapu Lele|100\/100\n|-fieldstart|move: Psychic Terrain|[from] ability: Psychic Surge|[of] p2a: Tapu Lele\n|cant|p1a: Dondozo|slp\n|move|p1a: Dondozo|Sleep Talk|p1a: Dondozo\n|move|p1a: Dondozo|Avalanche|p2a: Tapu Lele|[from]move: Sleep Talk\n|-damage|p2a: Tapu Lele|79\/100\n|\n|-heal|p1a: Dondozo|60\/100 slp|[from] item: Leftovers\n|upkeep\n|turn|20\n|\n|t:|1701142154\n|switch|p1a: Blissey|Blissey, F, tera:Water|80\/100\n|move|p2a: Tapu Lele|Future Sight|p1a: Blissey\n|-start|p2a: Tapu Lele|move: Future Sight\n|\n|-heal|p1a: Blissey|87\/100|[from] item: Leftovers\n|upkeep\n|turn|21\n|\n|t:|1701142163\n|switch|p2a: Urshifu|Urshifu-Rapid-Strike, M|100\/100\n|move|p1a: Blissey|Wish|p1a: Blissey\n|\n|-heal|p1a: Blissey|93\/100|[from] item: Leftovers\n|upkeep\n|turn|22\n|\n|t:|1701142171\n|move|p2a: Urshifu|Close Combat|p1a: Blissey\n|-damage|p1a: Blissey|31\/100\n|-unboost|p2a: Urshifu|def|1\n|-unboost|p2a: Urshifu|spd|1\n|move|p1a: Blissey|Counter|p2a: Urshifu\n|-damage|p2a: Urshifu|0 fnt\n|faint|p2a: Urshifu\n|\n|-end|p1a: Blissey|move: Future Sight\n|-crit|p1a: Blissey\n|-damage|p1a: Blissey|0 fnt\n|faint|p1a: Blissey\n|upkeep\n|\n|t:|1701142191\n|switch|p2a: Dragonite|Dragonite, F|100\/100\n|switch|p1a: Toxapex|Toxapex, M|100\/100\n|turn|23\n|\n|t:|1701142201\n|move|p2a: Dragonite|Dragon Dance|p2a: Dragonite\n|-boost|p2a: Dragonite|atk|1\n|-boost|p2a: Dragonite|spe|1\n|move|p1a: Toxapex|Toxic Spikes|p2a: Dragonite\n|-sidestart|p2: sjudka|move: Toxic Spikes\n|\n|-fieldend|move: Psychic Terrain\n|upkeep\n|turn|24\n|\n|t:|1701142207\n|move|p2a: Dragonite|Earthquake|p1a: Toxapex\n|-supereffective|p1a: Toxapex\n|-damage|p1a: Toxapex|26\/100\n|move|p1a: Toxapex|Toxic Spikes|p2a: Dragonite\n|-sidestart|p2: sjudka|move: Toxic Spikes\n|\n|-heal|p1a: Toxapex|32\/100|[from] item: Leftovers\n|upkeep\n|turn|25\n|\n|t:|1701142210\n|switch|p1a: Dondozo|Dondozo, F|60\/100 slp\n|move|p2a: Dragonite|Extreme Speed|p1a: Dondozo\n|-damage|p1a: Dondozo|45\/100 slp\n|\n|-heal|p1a: Dondozo|51\/100 slp|[from] item: Leftovers\n|upkeep\n|turn|26\n|\n|t:|1701142216\n|-zpower|p2a: Dragonite\n|move|p2a: Dragonite|Devastating Drake|p1a: Dondozo|[zeffect]\n|-damage|p1a: Dondozo|5\/100 slp\n|cant|p1a: Dondozo|slp\n|move|p1a: Dondozo|Sleep Talk|p1a: Dondozo\n|move|p1a: Dondozo|Waterfall|p2a: Dragonite|[from]move: Sleep Talk\n|-resisted|p2a: Dragonite\n|-damage|p2a: Dragonite|93\/100\n|\n|-heal|p1a: Dondozo|11\/100 slp|[from] item: Leftovers\n|upkeep\n|turn|27\n|\n|t:|1701142227\n|move|p2a: Dragonite|Earthquake|p1a: Dondozo\n|-damage|p1a: Dondozo|0 fnt\n|faint|p1a: Dondozo\n|\n|upkeep\n|\n|t:|1701142230\n|switch|p1a: Corviknight|Corviknight, F|100\/100\n|-ability|p1a: Corviknight|Pressure\n|turn|28\n|\n|t:|1701142237\n|switch|p2a: Heatran|Heatran, M|71\/100\n|move|p1a: Corviknight|Taunt|p2a: Heatran\n|-start|p2a: Heatran|move: Taunt\n|\n|upkeep\n|turn|29\n|\n|t:|1701142253\n|switch|p2a: Sneasler|Sneasler, F|21\/100\n|-sideend|p2: sjudka|move: Toxic Spikes|[of] p2a: Sneasler\n|switch|p1a: Clodsire|Clodsire, M|90\/100\n|\n|-heal|p1a: Clodsire|96\/100|[from] item: Leftovers\n|upkeep\n|turn|30\n|\n|t:|1701142270\n|move|p2a: Sneasler|Dire Claw|p1a: Clodsire\n|-resisted|p1a: Clodsire\n|-damage|p1a: Clodsire|84\/100\n|move|p1a: Clodsire|Earthquake|p2a: Sneasler\n|-supereffective|p2a: Sneasler\n|-damage|p2a: Sneasler|0 fnt\n|faint|p2a: Sneasler\n|\n|-heal|p1a: Clodsire|91\/100|[from] item: Leftovers\n|upkeep\n|\n|t:|1701142279\n|switch|p2a: Tapu Lele|Tapu Lele|79\/100\n|-fieldstart|move: Psychic Terrain|[from] ability: Psychic Surge|[of] p2a: Tapu Lele\n|turn|31\n|inactive|ousl7 has 120 seconds left.\n|\n|t:|1701142313\n|-terastallize|p2a: Tapu Lele|Psychic\n|move|p2a: Tapu Lele|Psychic|p1a: Clodsire\n|-supereffective|p1a: Clodsire\n|-damage|p1a: Clodsire|0 fnt\n|faint|p1a: Clodsire\n|\n|upkeep\n|\n|t:|1701142318\n|switch|p1a: Corviknight|Corviknight, F|100\/100\n|-ability|p1a: Corviknight|Pressure\n|turn|32\n|-message|ousl7 forfeited.\n|\n|win|sjudka\n|raw|ousl7's rating: 1175 &rarr; <strong>1154<\/strong><br \/>(-21 for losing)\n|raw|sjudka's rating: 1232 &rarr; <strong>1253<\/strong><br \/>(+21 for winning)\n|l|\u2606ousl7\n","uploadtime":1701142328,"views":1,"p1id":"ousl7","p2id":"sjudka","formatid":"gen9nationaldex","rating":1154,"private":0,"password":""}