{"id":"gen9nationaldex-1996277899","p1":"LNewsom88","p2":"Shedninja Cool","format":"[Gen 9] National Dex","log":"|html|<div class=\"broadcast-blue\"><strong>[Gen 9] National Dex is currently suspecting Sneasler! For information on how to participate check out the <a href=\"https:\/\/www.smogon.com\/forums\/threads\/sv-national-dex-suspect-8-just-dance.3731534\/\">suspect thread<\/a>.<\/strong><\/div>\n|j|\u2606LNewsom88\n|j|\u2606Shedninja Cool\n|t:|1700666790\n|gametype|singles\n|player|p1|LNewsom88|101|1132\n|player|p2|Shedninja Cool|102|1075\n|teamsize|p1|6\n|teamsize|p2|6\n|gen|9\n|tier|[Gen 9] National Dex\n|rated|\n|rule|HP Percentage Mod: HP is shown in percentages\n|rule|Endless Battle Clause: Forcing endless battles is banned\n|rule|OHKO Clause: OHKO moves are banned\n|rule|Evasion Clause: Evasion abilities, items, and moves are banned\n|rule|Evasion Abilities Clause: Evasion abilities are banned\n|rule|Evasion Items Clause: Evasion items are banned\n|rule|Evasion Moves Clause: Evasion moves are banned\n|rule|Species Clause: Limit one of each Pok\u00e9mon\n|rule|Sleep Clause Mod: Limit one foe put to sleep\n|clearpoke\n|poke|p1|Ferrothorn, M|\n|poke|p1|Sharpedo, M|\n|poke|p1|Skeledirge, F|\n|poke|p1|Iron Hands|\n|poke|p1|Alakazam, M|\n|poke|p1|Salamence, F|\n|poke|p2|Magnemite, L1|\n|poke|p2|Krookodile, M|\n|poke|p2|Pikachu, F|\n|poke|p2|Sneasler, F|\n|poke|p2|Aron, L1, M|\n|poke|p2|Gigalith, M|\n|teampreview\n|\n|t:|1700666801\n|start\n|switch|p1a: Ferrothorn|Ferrothorn, M|100\/100\n|switch|p2a: Aron|Aron, L1, M|100\/100\n|turn|1\n|\n|t:|1700666808\n|move|p1a: Ferrothorn|Stealth Rock|p2a: Aron\n|-sidestart|p2: Shedninja Cool|move: Stealth Rock\n|move|p2a: Aron|Endeavor|p1a: Ferrothorn\n|-damage|p1a: Ferrothorn|4\/100\n|-damage|p2a: Aron|92\/100|[from] ability: Iron Barbs|[of] p1a: Ferrothorn\n|-heal|p2a: Aron|100\/100|[from] item: Shell Bell|[of] p1a: Ferrothorn\n|\n|-heal|p1a: Ferrothorn|10\/100|[from] item: Leftovers\n|upkeep\n|turn|2\n|\n|t:|1700666820\n|switch|p2a: Gigalith|Gigalith, M, shiny|100\/100\n|-damage|p2a: Gigalith|88\/100|[from] Stealth Rock\n|-weather|Sandstorm|[from] ability: Sand Stream|[of] p2a: Gigalith\n|move|p1a: Ferrothorn|Giga Drain|p2a: Gigalith\n|-supereffective|p2a: Gigalith\n|-damage|p2a: Gigalith|72\/100\n|-heal|p1a: Ferrothorn|19\/100|[from] drain|[of] p2a: Gigalith\n|\n|-weather|Sandstorm|[upkeep]\n|-heal|p1a: Ferrothorn|25\/100|[from] item: Leftovers\n|upkeep\n|turn|3\n|\n|t:|1700666837\n|move|p2a: Gigalith|Body Press|p1a: Ferrothorn\n|-supereffective|p1a: Ferrothorn\n|-damage|p1a: Ferrothorn|0 fnt\n|-damage|p2a: Gigalith|60\/100|[from] ability: Iron Barbs|[of] p1a: Ferrothorn\n|faint|p1a: Ferrothorn\n|\n|-weather|Sandstorm|[upkeep]\n|upkeep\n|\n|t:|1700666845\n|switch|p1a: Sharpedo|Sharpedo, M|100\/100\n|turn|4\n|\n|t:|1700666850\n|move|p1a: Sharpedo|Protect|p1a: Sharpedo\n|-singleturn|p1a: Sharpedo|Protect\n|move|p2a: Gigalith|Body Press|p1a: Sharpedo\n|-activate|p1a: Sharpedo|move: Protect\n|\n|-weather|Sandstorm|[upkeep]\n|-damage|p1a: Sharpedo|94\/100|[from] Sandstorm\n|-ability|p1a: Sharpedo|Speed Boost|boost\n|-boost|p1a: Sharpedo|spe|1\n|upkeep\n|turn|5\n|\n|t:|1700666861\n|detailschange|p1a: Sharpedo|Sharpedo-Mega, M\n|-mega|p1a: Sharpedo|Sharpedo|Sharpedonite\n|move|p1a: Sharpedo|Liquidation|p2a: Gigalith\n|-supereffective|p2a: Gigalith\n|-damage|p2a: Gigalith|0 fnt\n|faint|p2a: Gigalith\n|\n|-weather|Sandstorm|[upkeep]\n|-damage|p1a: Sharpedo|88\/100|[from] Sandstorm\n|upkeep\n|\n|t:|1700666865\n|switch|p2a: Pikachu|Pikachu, F|100\/100\n|-damage|p2a: Pikachu|88\/100|[from] Stealth Rock\n|turn|6\n|\n|t:|1700666874\n|switch|p1a: Iron Hands|Iron Hands, shiny|100\/100\n|move|p2a: Pikachu|Thunderbolt|p1a: Iron Hands\n|-resisted|p1a: Iron Hands\n|-crit|p1a: Iron Hands\n|-damage|p1a: Iron Hands|63\/100\n|\n|-weather|none\n|upkeep\n|turn|7\n|\n|t:|1700666882\n|switch|p2a: Krookodile|Krookodile, M|100\/100\n|-damage|p2a: Krookodile|94\/100|[from] Stealth Rock\n|move|p1a: Iron Hands|Belly Drum|p1a: Iron Hands\n|-damage|p1a: Iron Hands|13\/100\n|-setboost|p1a: Iron Hands|atk|6|[from] move: Belly Drum\n|-enditem|p1a: Iron Hands|Sitrus Berry|[eat]\n|-heal|p1a: Iron Hands|38\/100|[from] item: Sitrus Berry\n|\n|upkeep\n|turn|8\n|\n|t:|1700666893\n|move|p2a: Krookodile|Earthquake|p1a: Iron Hands\n|-supereffective|p1a: Iron Hands\n|-damage|p1a: Iron Hands|0 fnt\n|faint|p1a: Iron Hands\n|-end|p1a: Iron Hands|Quark Drive|[silent]\n|\n|upkeep\n|\n|t:|1700666904\n|switch|p1a: Sharpedo|Sharpedo-Mega, M|88\/100\n|turn|9\n|\n|t:|1700666911\n|move|p2a: Krookodile|Close Combat|p1a: Sharpedo\n|-supereffective|p1a: Sharpedo\n|-damage|p1a: Sharpedo|0 fnt\n|-unboost|p2a: Krookodile|def|1\n|-unboost|p2a: Krookodile|spd|1\n|faint|p1a: Sharpedo\n|\n|upkeep\n|\n|t:|1700666920\n|switch|p1a: Alakazam|Alakazam, M|100\/100\n|turn|10\n|\n|t:|1700666924\n|move|p1a: Alakazam|Thunder Wave|p2a: Krookodile\n|-immune|p2a: Krookodile\n|move|p2a: Krookodile|Darkest Lariat|p1a: Alakazam\n|-supereffective|p1a: Alakazam\n|-enditem|p1a: Alakazam|Focus Sash\n|-damage|p1a: Alakazam|1\/100\n|\n|upkeep\n|turn|11\n|\n|t:|1700666932\n|move|p1a: Alakazam|Dazzling Gleam|p2a: Krookodile\n|-supereffective|p2a: Krookodile\n|-damage|p2a: Krookodile|18\/100\n|move|p2a: Krookodile|Darkest Lariat|p1a: Alakazam\n|-supereffective|p1a: Alakazam\n|-damage|p1a: Alakazam|0 fnt\n|faint|p1a: Alakazam\n|\n|upkeep\n|\n|t:|1700666941\n|switch|p1a: Skeledirge|Skeledirge, F|100\/100\n|turn|12\n|\n|t:|1700666944\n|move|p2a: Krookodile|Earthquake|p1a: Skeledirge\n|-supereffective|p1a: Skeledirge\n|-damage|p1a: Skeledirge|28\/100\n|move|p1a: Skeledirge|Torch Song|p2a: Krookodile\n|-damage|p2a: Krookodile|0 fnt\n|-boost|p1a: Skeledirge|spa|1\n|faint|p2a: Krookodile\n|\n|upkeep\n|\n|t:|1700666953\n|switch|p2a: Pikachu|Pikachu, F|88\/100\n|-damage|p2a: Pikachu|76\/100|[from] Stealth Rock\n|turn|13\n|\n|t:|1700666957\n|move|p2a: Pikachu|Volt Switch|p1a: Skeledirge\n|-damage|p1a: Skeledirge|0 fnt\n|faint|p1a: Skeledirge\n|\n|t:|1700666964\n|switch|p2a: Magnemite|Magnemite, L1|100\/100|[from] Volt Switch\n|-damage|p2a: Magnemite|91\/100|[from] Stealth Rock\n|\n|upkeep\n|\n|t:|1700666969\n|switch|p1a: Salamence|Salamence, F|100\/100\n|turn|14\n|\n|t:|1700666973\n|move|p1a: Salamence|Dragon Dance|p1a: Salamence\n|-boost|p1a: Salamence|atk|1\n|-boost|p1a: Salamence|spe|1\n|move|p2a: Magnemite|Toxic|p1a: Salamence|[miss]\n|-miss|p2a: Magnemite|p1a: Salamence\n|\n|upkeep\n|turn|15\n|\n|t:|1700666982\n|move|p1a: Salamence|Outrage|p2a: Magnemite\n|-resisted|p2a: Magnemite\n|-damage|p2a: Magnemite|0 fnt\n|faint|p2a: Magnemite\n|-ability|p1a: Salamence|Moxie|boost\n|-boost|p1a: Salamence|atk|1\n|\n|upkeep\n|\n|t:|1700666989\n|switch|p2a: Pikachu|Pikachu, F|76\/100\n|-damage|p2a: Pikachu|64\/100|[from] Stealth Rock\n|turn|16\n|\n|t:|1700666993\n|move|p1a: Salamence|Outrage|p2a: Pikachu|[from]lockedmove\n|-damage|p2a: Pikachu|0 fnt\n|faint|p2a: Pikachu\n|-ability|p1a: Salamence|Moxie|boost\n|-boost|p1a: Salamence|atk|1\n|-start|p1a: Salamence|confusion|[fatigue]\n|\n|upkeep\n|\n|t:|1700666997\n|switch|p2a: Sneasler|Sneasler, F|100\/100\n|-damage|p2a: Sneasler|95\/100|[from] Stealth Rock\n|-item|p2a: Sneasler|Air Balloon\n|turn|17\n|\n|t:|1700667008\n|-activate|p1a: Salamence|confusion\n|move|p1a: Salamence|Earthquake|p2a: Sneasler\n|-immune|p2a: Sneasler\n|move|p2a: Sneasler|Gunk Shot|p1a: Salamence\n|-damage|p1a: Salamence|23\/100\n|\n|upkeep\n|turn|18\n|\n|t:|1700667015\n|-activate|p1a: Salamence|confusion\n|move|p1a: Salamence|Outrage|p2a: Sneasler\n|-damage|p2a: Sneasler|0 fnt\n|-enditem|p2a: Sneasler|Air Balloon\n|faint|p2a: Sneasler\n|-ability|p1a: Salamence|Moxie|boost\n|-boost|p1a: Salamence|atk|1\n|\n|upkeep\n|\n|t:|1700667017\n|switch|p2a: Aron|Aron, L1, M|100\/100\n|-damage|p2a: Aron|92\/100|[from] Stealth Rock\n|turn|19\n|c|\u2606Shedninja Cool|Nooooo\n|\n|t:|1700667028\n|-activate|p1a: Salamence|confusion\n|move|p1a: Salamence|Outrage|p2a: Aron|[from]lockedmove\n|-resisted|p2a: Aron\n|-damage|p2a: Aron|0 fnt\n|faint|p2a: Aron\n|\n|win|LNewsom88\n|raw|LNewsom88's rating: 1132 &rarr; <strong>1153<\/strong><br \/>(+21 for winning)\n|raw|Shedninja Cool's rating: 1075 &rarr; <strong>1057<\/strong><br \/>(-18 for losing)\n|c|\u2606Shedninja Cool|i only have endeavor\n|l|\u2606Shedninja Cool\n","uploadtime":1700667046,"views":7,"p1id":"lnewsom88","p2id":"shedninjacool","formatid":"gen9nationaldex","rating":1057,"private":0,"password":""}