{"id":"gen9nationaldex-1996717753","p1":"Leaf of Frost","p2":"Kk_shnap","format":"[Gen 9] National Dex","log":"|html|<div class=\"broadcast-blue\"><strong>[Gen 9] National Dex is currently suspecting Sneasler! For information on how to participate check out the <a href=\"https:\/\/www.smogon.com\/forums\/threads\/sv-national-dex-suspect-8-just-dance.3731534\/\">suspect thread<\/a>.<\/strong><\/div>\n|j|\u2606Leaf of Frost\n|j|\u2606Kk_shnap\n|t:|1700713890\n|gametype|singles\n|player|p1|Leaf of Frost|dawn|1548\n|player|p2|Kk_shnap|leaf-masters|1637\n|teamsize|p1|6\n|teamsize|p2|6\n|gen|9\n|tier|[Gen 9] National Dex\n|rated|\n|rule|HP Percentage Mod: HP is shown in percentages\n|rule|Endless Battle Clause: Forcing endless battles is banned\n|rule|OHKO Clause: OHKO moves are banned\n|rule|Evasion Clause: Evasion abilities, items, and moves are banned\n|rule|Evasion Abilities Clause: Evasion abilities are banned\n|rule|Evasion Items Clause: Evasion items are banned\n|rule|Evasion Moves Clause: Evasion moves are banned\n|rule|Species Clause: Limit one of each Pok\u00e9mon\n|rule|Sleep Clause Mod: Limit one foe put to sleep\n|clearpoke\n|poke|p1|Ninetales-Alola, F|\n|poke|p1|Meowscarada, F|\n|poke|p1|Gliscor, M|\n|poke|p1|Tapu Koko|\n|poke|p1|Nihilego|\n|poke|p1|Skeledirge, M|\n|poke|p2|Tapu Koko|\n|poke|p2|Iron Valiant|\n|poke|p2|Empoleon, M|\n|poke|p2|Dragonite, F|\n|poke|p2|Ting-Lu|\n|poke|p2|Great Tusk|\n|teampreview\n|inactive|Battle timer is ON: inactive players will automatically lose when time's up. (requested by Leaf of Frost)\n|\n|t:|1700713897\n|start\n|switch|p1a: \u96ea\u5929\u961f\u957f|Ninetales-Alola, F|100\/100\n|switch|p2a: Iron Valiant|Iron Valiant|100\/100\n|-weather|Snow|[from] ability: Snow Warning|[of] p1a: \u96ea\u5929\u961f\u957f\n|turn|1\n|\n|t:|1700713900\n|move|p2a: Iron Valiant|Moonblast|p1a: \u96ea\u5929\u961f\u957f\n|-damage|p1a: \u96ea\u5929\u961f\u957f|22\/100\n|-unboost|p1a: \u96ea\u5929\u961f\u957f|spa|1\n|move|p1a: \u96ea\u5929\u961f\u957f|Moonblast|p2a: Iron Valiant\n|-supereffective|p2a: Iron Valiant\n|-damage|p2a: Iron Valiant|21\/100\n|\n|-weather|Snow|[upkeep]\n|upkeep\n|turn|2\n|\n|t:|1700713905\n|switch|p1a: \u6df3\u6734\u5e26\u6765\u5feb\u4e50|Skeledirge, M|100\/100\n|move|p2a: Iron Valiant|Moonblast|p1a: \u6df3\u6734\u5e26\u6765\u5feb\u4e50\n|-resisted|p1a: \u6df3\u6734\u5e26\u6765\u5feb\u4e50\n|-damage|p1a: \u6df3\u6734\u5e26\u6765\u5feb\u4e50|63\/100\n|-unboost|p1a: \u6df3\u6734\u5e26\u6765\u5feb\u4e50|spa|1\n|\n|-weather|Snow|[upkeep]\n|-heal|p1a: \u6df3\u6734\u5e26\u6765\u5feb\u4e50|69\/100|[from] item: Leftovers\n|upkeep\n|turn|3\n|\n|t:|1700713909\n|-end|p2a: Iron Valiant|Quark Drive|[silent]\n|switch|p2a: Ting-Lu|Ting-Lu|100\/100\n|-ability|p2a: Ting-Lu|Vessel of Ruin\n|move|p1a: \u6df3\u6734\u5e26\u6765\u5feb\u4e50|Torch Song|p2a: Ting-Lu\n|-damage|p2a: Ting-Lu|91\/100\n|-boost|p1a: \u6df3\u6734\u5e26\u6765\u5feb\u4e50|spa|1\n|\n|-weather|Snow|[upkeep]\n|-heal|p1a: \u6df3\u6734\u5e26\u6765\u5feb\u4e50|75\/100|[from] item: Leftovers\n|-heal|p2a: Ting-Lu|97\/100|[from] item: Leftovers\n|upkeep\n|turn|4\n|\n|t:|1700713912\n|switch|p1a: \u6bd2\u7597\u5e26\u6765\u5feb\u4e50|Gliscor, M|100\/100\n|move|p2a: Ting-Lu|Spikes|p1a: \u6bd2\u7597\u5e26\u6765\u5feb\u4e50\n|-sidestart|p1: Leaf of Frost|Spikes\n|\n|-weather|Snow|[upkeep]\n|-heal|p2a: Ting-Lu|100\/100|[from] item: Leftovers\n|-status|p1a: \u6bd2\u7597\u5e26\u6765\u5feb\u4e50|tox|[from] item: Toxic Orb\n|upkeep\n|turn|5\n|\n|t:|1700713918\n|switch|p2a: Empoleon|Empoleon, M|100\/100\n|move|p1a: \u6bd2\u7597\u5e26\u6765\u5feb\u4e50|Toxic|p2a: Empoleon\n|-immune|p2a: Empoleon\n|\n|-weather|none\n|upkeep\n|turn|6\n|\n|t:|1700713926\n|move|p1a: \u6bd2\u7597\u5e26\u6765\u5feb\u4e50|Earthquake|p2a: Empoleon\n|-supereffective|p2a: Empoleon\n|-damage|p2a: Empoleon|33\/100\n|move|p2a: Empoleon|Ice Beam|p1a: \u6bd2\u7597\u5e26\u6765\u5feb\u4e50\n|-supereffective|p1a: \u6bd2\u7597\u5e26\u6765\u5feb\u4e50\n|-damage|p1a: \u6bd2\u7597\u5e26\u6765\u5feb\u4e50|2\/100 tox\n|\n|-heal|p1a: \u6bd2\u7597\u5e26\u6765\u5feb\u4e50|14\/100 tox|[from] ability: Poison Heal\n|upkeep\n|turn|7\n|j| CCCCold\n|\n|t:|1700713931\n|move|p1a: \u6bd2\u7597\u5e26\u6765\u5feb\u4e50|Roost|p1a: \u6bd2\u7597\u5e26\u6765\u5feb\u4e50\n|-heal|p1a: \u6bd2\u7597\u5e26\u6765\u5feb\u4e50|65\/100 tox\n|-singleturn|p1a: \u6bd2\u7597\u5e26\u6765\u5feb\u4e50|move: Roost\n|move|p2a: Empoleon|Flip Turn|p1a: \u6bd2\u7597\u5e26\u6765\u5feb\u4e50\n|-supereffective|p1a: \u6bd2\u7597\u5e26\u6765\u5feb\u4e50\n|-damage|p1a: \u6bd2\u7597\u5e26\u6765\u5feb\u4e50|34\/100 tox\n|\n|t:|1700713934\n|switch|p2a: Iron Valiant|Iron Valiant|21\/100|[from] Flip Turn\n|\n|-heal|p1a: \u6bd2\u7597\u5e26\u6765\u5feb\u4e50|46\/100 tox|[from] ability: Poison Heal\n|upkeep\n|turn|8\n|\n|t:|1700713938\n|switch|p1a: \u6df3\u6734\u5e26\u6765\u5feb\u4e50|Skeledirge, M|75\/100\n|-damage|p1a: \u6df3\u6734\u5e26\u6765\u5feb\u4e50|62\/100|[from] Spikes\n|move|p2a: Iron Valiant|Moonblast|p1a: \u6df3\u6734\u5e26\u6765\u5feb\u4e50\n|-resisted|p1a: \u6df3\u6734\u5e26\u6765\u5feb\u4e50\n|-damage|p1a: \u6df3\u6734\u5e26\u6765\u5feb\u4e50|27\/100\n|\n|-heal|p1a: \u6df3\u6734\u5e26\u6765\u5feb\u4e50|33\/100|[from] item: Leftovers\n|upkeep\n|turn|9\n|\n|t:|1700713948\n|move|p1a: \u6df3\u6734\u5e26\u6765\u5feb\u4e50|Protect|p1a: \u6df3\u6734\u5e26\u6765\u5feb\u4e50\n|-singleturn|p1a: \u6df3\u6734\u5e26\u6765\u5feb\u4e50|Protect\n|move|p2a: Iron Valiant|Moonblast|p1a: \u6df3\u6734\u5e26\u6765\u5feb\u4e50\n|-activate|p1a: \u6df3\u6734\u5e26\u6765\u5feb\u4e50|move: Protect\n|\n|-heal|p1a: \u6df3\u6734\u5e26\u6765\u5feb\u4e50|39\/100|[from] item: Leftovers\n|upkeep\n|turn|10\n|\n|t:|1700713953\n|-terastallize|p2a: Iron Valiant|Fairy\n|move|p2a: Iron Valiant|Moonblast|p1a: \u6df3\u6734\u5e26\u6765\u5feb\u4e50\n|-resisted|p1a: \u6df3\u6734\u5e26\u6765\u5feb\u4e50\n|-damage|p1a: \u6df3\u6734\u5e26\u6765\u5feb\u4e50|0 fnt\n|faint|p1a: \u6df3\u6734\u5e26\u6765\u5feb\u4e50\n|\n|upkeep\n|\n|t:|1700713955\n|switch|p1a: \u8389\u8389\u827e|Nihilego|100\/100\n|-damage|p1a: \u8389\u8389\u827e|88\/100|[from] Spikes\n|turn|11\n|\n|t:|1700713961\n|-end|p2a: Iron Valiant|Quark Drive|[silent]\n|switch|p2a: Ting-Lu|Ting-Lu|100\/100\n|-ability|p2a: Ting-Lu|Vessel of Ruin\n|move|p1a: \u8389\u8389\u827e|Sludge Wave|p2a: Ting-Lu\n|-resisted|p2a: Ting-Lu\n|-damage|p2a: Ting-Lu|91\/100\n|\n|-heal|p2a: Ting-Lu|97\/100|[from] item: Leftovers\n|upkeep\n|turn|12\n|\n|t:|1700713965\n|switch|p1a: \u6bd2\u7597\u5e26\u6765\u5feb\u4e50|Gliscor, M|46\/100 tox\n|move|p2a: Ting-Lu|Spikes|p1a: \u6bd2\u7597\u5e26\u6765\u5feb\u4e50\n|-sidestart|p1: Leaf of Frost|Spikes\n|\n|-heal|p2a: Ting-Lu|100\/100|[from] item: Leftovers\n|-heal|p1a: \u6bd2\u7597\u5e26\u6765\u5feb\u4e50|59\/100 tox|[from] ability: Poison Heal\n|upkeep\n|turn|13\n|\n|t:|1700713969\n|switch|p2a: Empoleon|Empoleon, M|33\/100\n|move|p1a: \u6bd2\u7597\u5e26\u6765\u5feb\u4e50|Toxic|p2a: Empoleon\n|-immune|p2a: Empoleon\n|\n|-heal|p1a: \u6bd2\u7597\u5e26\u6765\u5feb\u4e50|71\/100 tox|[from] ability: Poison Heal\n|upkeep\n|turn|14\n|\n|t:|1700713974\n|move|p1a: \u6bd2\u7597\u5e26\u6765\u5feb\u4e50|Earthquake|p2a: Empoleon\n|-supereffective|p2a: Empoleon\n|-damage|p2a: Empoleon|0 fnt\n|faint|p2a: Empoleon\n|\n|-heal|p1a: \u6bd2\u7597\u5e26\u6765\u5feb\u4e50|84\/100 tox|[from] ability: Poison Heal\n|upkeep\n|j| oi8u53ywhujo9i4\n|\n|t:|1700713979\n|switch|p2a: Great Tusk|Great Tusk|100\/100\n|turn|15\n|\n|t:|1700713981\n|-terastallize|p1a: \u6bd2\u7597\u5e26\u6765\u5feb\u4e50|Water\n|move|p2a: Great Tusk|Ice Spinner|p1a: \u6bd2\u7597\u5e26\u6765\u5feb\u4e50\n|-resisted|p1a: \u6bd2\u7597\u5e26\u6765\u5feb\u4e50\n|-damage|p1a: \u6bd2\u7597\u5e26\u6765\u5feb\u4e50|75\/100 tox\n|move|p1a: \u6bd2\u7597\u5e26\u6765\u5feb\u4e50|Toxic|p2a: Great Tusk\n|-status|p2a: Great Tusk|tox\n|\n|-damage|p2a: Great Tusk|94\/100 tox|[from] psn\n|-heal|p1a: \u6bd2\u7597\u5e26\u6765\u5feb\u4e50|87\/100 tox|[from] ability: Poison Heal\n|upkeep\n|turn|16\n|\n|t:|1700713988\n|move|p2a: Great Tusk|Stealth Rock|p1a: \u6bd2\u7597\u5e26\u6765\u5feb\u4e50\n|-sidestart|p1: Leaf of Frost|move: Stealth Rock\n|move|p1a: \u6bd2\u7597\u5e26\u6765\u5feb\u4e50|Roost|p1a: \u6bd2\u7597\u5e26\u6765\u5feb\u4e50\n|-heal|p1a: \u6bd2\u7597\u5e26\u6765\u5feb\u4e50|100\/100 tox\n|\n|-heal|p2a: Great Tusk|100\/100 tox|[from] item: Leftovers\n|-damage|p2a: Great Tusk|88\/100 tox|[from] psn\n|upkeep\n|turn|17\n|\n|t:|1700713993\n|-end|p2a: Great Tusk|Protosynthesis|[silent]\n|switch|p2a: Tapu Koko|Tapu Koko|100\/100\n|-fieldstart|move: Electric Terrain|[from] ability: Electric Surge|[of] p2a: Tapu Koko\n|move|p1a: \u6bd2\u7597\u5e26\u6765\u5feb\u4e50|Earthquake|p2a: Tapu Koko\n|-supereffective|p2a: Tapu Koko\n|-damage|p2a: Tapu Koko|2\/100\n|\n|upkeep\n|turn|18\n|\n|t:|1700713999\n|switch|p1a: \u96ea\u5929\u961f\u957f|Ninetales-Alola, F|22\/100\n|-damage|p1a: \u96ea\u5929\u961f\u957f|6\/100|[from] Spikes\n|-damage|p1a: \u96ea\u5929\u961f\u957f|0 fnt|[from] Stealth Rock\n|faint|p1a: \u96ea\u5929\u961f\u957f\n|move|p2a: Tapu Koko|Thunderbolt|p1: \u96ea\u5929\u961f\u957f|[notarget]\n|-fail|p2a: Tapu Koko\n|\n|upkeep\n|\n|t:|1700714007\n|switch|p1a: \u963f\u7f57\u62c9|Tapu Koko|100\/100\n|turn|19\n|\n|t:|1700714014\n|switch|p2a: Ting-Lu|Ting-Lu|100\/100\n|-ability|p2a: Ting-Lu|Vessel of Ruin\n|move|p1a: \u963f\u7f57\u62c9|Defog|p2a: Ting-Lu\n|-unboost|p2a: Ting-Lu|evasion|1\n|-sideend|p1: Leaf of Frost|Spikes|[from] move: Defog|[of] p1a: \u963f\u7f57\u62c9\n|-sideend|p1: Leaf of Frost|Stealth Rock|[from] move: Defog|[of] p1a: \u963f\u7f57\u62c9\n|-fieldend|move: Electric Terrain\n|\n|upkeep\n|turn|20\n|\n|t:|1700714027\n|switch|p1a: \u6bd2\u7597\u5e26\u6765\u5feb\u4e50|Gliscor, M, tera:Water|100\/100 tox\n|move|p2a: Ting-Lu|Whirlwind|p1a: \u6bd2\u7597\u5e26\u6765\u5feb\u4e50\n|drag|p1a: Meowscarada|Meowscarada, F|100\/100\n|\n|upkeep\n|turn|21\n|\n|t:|1700714037\n|switch|p2a: Dragonite|Dragonite, F|100\/100\n|move|p1a: Meowscarada|Knock Off|p2a: Dragonite\n|-start|p1a: Meowscarada|typechange|Dark|[from] ability: Protean\n|-damage|p2a: Dragonite|75\/100\n|-enditem|p2a: Dragonite|Heavy-Duty Boots|[from] move: Knock Off|[of] p1a: Meowscarada\n|\n|upkeep\n|turn|22\n|\n|t:|1700714042\n|switch|p1a: \u6bd2\u7597\u5e26\u6765\u5feb\u4e50|Gliscor, M, tera:Water|100\/100 tox\n|move|p2a: Dragonite|Dragon Dance|p2a: Dragonite\n|-boost|p2a: Dragonite|atk|1\n|-boost|p2a: Dragonite|spe|1\n|\n|upkeep\n|turn|23\n|j| kingambit player\n|l| oi8u53ywhujo9i4\n|\n|t:|1700714048\n|move|p2a: Dragonite|Extreme Speed|p1a: \u6bd2\u7597\u5e26\u6765\u5feb\u4e50\n|-damage|p1a: \u6bd2\u7597\u5e26\u6765\u5feb\u4e50|64\/100 tox\n|move|p1a: \u6bd2\u7597\u5e26\u6765\u5feb\u4e50|Toxic|p2a: Dragonite\n|-status|p2a: Dragonite|tox\n|\n|-damage|p2a: Dragonite|69\/100 tox|[from] psn\n|-heal|p1a: \u6bd2\u7597\u5e26\u6765\u5feb\u4e50|76\/100 tox|[from] ability: Poison Heal\n|upkeep\n|turn|24\n|\n|t:|1700714054\n|move|p2a: Dragonite|Dragon Dance|p2a: Dragonite\n|-boost|p2a: Dragonite|atk|1\n|-boost|p2a: Dragonite|spe|1\n|move|p1a: \u6bd2\u7597\u5e26\u6765\u5feb\u4e50|Roost|p1a: \u6bd2\u7597\u5e26\u6765\u5feb\u4e50\n|-heal|p1a: \u6bd2\u7597\u5e26\u6765\u5feb\u4e50|100\/100 tox\n|\n|-damage|p2a: Dragonite|57\/100 tox|[from] psn\n|upkeep\n|turn|25\n|\n|t:|1700714058\n|move|p2a: Dragonite|Earthquake|p1a: \u6bd2\u7597\u5e26\u6765\u5feb\u4e50\n|-damage|p1a: \u6bd2\u7597\u5e26\u6765\u5feb\u4e50|34\/100 tox\n|move|p1a: \u6bd2\u7597\u5e26\u6765\u5feb\u4e50|Roost|p1a: \u6bd2\u7597\u5e26\u6765\u5feb\u4e50\n|-heal|p1a: \u6bd2\u7597\u5e26\u6765\u5feb\u4e50|84\/100 tox\n|\n|-damage|p2a: Dragonite|38\/100 tox|[from] psn\n|-heal|p1a: \u6bd2\u7597\u5e26\u6765\u5feb\u4e50|97\/100 tox|[from] ability: Poison Heal\n|upkeep\n|turn|26\n|\n|t:|1700714062\n|move|p2a: Dragonite|Earthquake|p1a: \u6bd2\u7597\u5e26\u6765\u5feb\u4e50\n|-damage|p1a: \u6bd2\u7597\u5e26\u6765\u5feb\u4e50|39\/100 tox\n|move|p1a: \u6bd2\u7597\u5e26\u6765\u5feb\u4e50|Roost|p1a: \u6bd2\u7597\u5e26\u6765\u5feb\u4e50\n|-heal|p1a: \u6bd2\u7597\u5e26\u6765\u5feb\u4e50|89\/100 tox\n|\n|-damage|p2a: Dragonite|14\/100 tox|[from] psn\n|-heal|p1a: \u6bd2\u7597\u5e26\u6765\u5feb\u4e50|100\/100 tox|[from] ability: Poison Heal\n|upkeep\n|turn|27\n|\n|t:|1700714065\n|move|p2a: Dragonite|Earthquake|p1a: \u6bd2\u7597\u5e26\u6765\u5feb\u4e50\n|-damage|p1a: \u6bd2\u7597\u5e26\u6765\u5feb\u4e50|42\/100 tox\n|move|p1a: \u6bd2\u7597\u5e26\u6765\u5feb\u4e50|Roost|p1a: \u6bd2\u7597\u5e26\u6765\u5feb\u4e50\n|-heal|p1a: \u6bd2\u7597\u5e26\u6765\u5feb\u4e50|92\/100 tox\n|\n|-damage|p2a: Dragonite|0 fnt|[from] psn\n|faint|p2a: Dragonite\n|-heal|p1a: \u6bd2\u7597\u5e26\u6765\u5feb\u4e50|100\/100 tox|[from] ability: Poison Heal\n|upkeep\n|\n|t:|1700714071\n|switch|p2a: Tapu Koko|Tapu Koko|2\/100\n|-fieldstart|move: Electric Terrain|[from] ability: Electric Surge|[of] p2a: Tapu Koko\n|turn|28\n|\n|t:|1700714076\n|switch|p1a: \u963f\u7f57\u62c9|Tapu Koko|100\/100\n|move|p2a: Tapu Koko|Thunderbolt|p1a: \u963f\u7f57\u62c9\n|-resisted|p1a: \u963f\u7f57\u62c9\n|-damage|p1a: \u963f\u7f57\u62c9|64\/100\n|\n|upkeep\n|turn|29\n|\n|t:|1700714080\n|switch|p2a: Ting-Lu|Ting-Lu|100\/100\n|-ability|p2a: Ting-Lu|Vessel of Ruin\n|move|p1a: \u963f\u7f57\u62c9|Dazzling Gleam|p2a: Ting-Lu\n|-supereffective|p2a: Ting-Lu\n|-damage|p2a: Ting-Lu|71\/100\n|\n|-heal|p2a: Ting-Lu|77\/100|[from] item: Leftovers\n|upkeep\n|turn|30\n|\n|t:|1700714085\n|switch|p1a: \u6bd2\u7597\u5e26\u6765\u5feb\u4e50|Gliscor, M, tera:Water|100\/100 tox\n|move|p2a: Ting-Lu|Spikes|p1a: \u6bd2\u7597\u5e26\u6765\u5feb\u4e50\n|-sidestart|p1: Leaf of Frost|Spikes\n|\n|-heal|p2a: Ting-Lu|83\/100|[from] item: Leftovers\n|upkeep\n|turn|31\n|\n|t:|1700714093\n|switch|p2a: Great Tusk|Great Tusk|88\/100 tox\n|move|p1a: \u6bd2\u7597\u5e26\u6765\u5feb\u4e50|Toxic|p2a: Great Tusk\n|-fail|p2a: Great Tusk|tox\n|\n|-heal|p2a: Great Tusk|94\/100 tox|[from] item: Leftovers\n|-damage|p2a: Great Tusk|88\/100 tox|[from] psn\n|upkeep\n|turn|32\n|\n|t:|1700714096\n|move|p2a: Great Tusk|Earthquake|p1a: \u6bd2\u7597\u5e26\u6765\u5feb\u4e50\n|-damage|p1a: \u6bd2\u7597\u5e26\u6765\u5feb\u4e50|63\/100 tox\n|move|p1a: \u6bd2\u7597\u5e26\u6765\u5feb\u4e50|Earthquake|p2a: Great Tusk\n|-damage|p2a: Great Tusk|73\/100 tox\n|\n|-heal|p2a: Great Tusk|79\/100 tox|[from] item: Leftovers\n|-damage|p2a: Great Tusk|66\/100 tox|[from] psn\n|-heal|p1a: \u6bd2\u7597\u5e26\u6765\u5feb\u4e50|76\/100 tox|[from] ability: Poison Heal\n|-fieldend|move: Electric Terrain\n|upkeep\n|turn|33\n|\n|t:|1700714100\n|move|p2a: Great Tusk|Earthquake|p1a: \u6bd2\u7597\u5e26\u6765\u5feb\u4e50\n|-damage|p1a: \u6bd2\u7597\u5e26\u6765\u5feb\u4e50|42\/100 tox\n|move|p1a: \u6bd2\u7597\u5e26\u6765\u5feb\u4e50|Earthquake|p2a: Great Tusk\n|-damage|p2a: Great Tusk|51\/100 tox\n|\n|-heal|p2a: Great Tusk|57\/100 tox|[from] item: Leftovers\n|-damage|p2a: Great Tusk|39\/100 tox|[from] psn\n|-heal|p1a: \u6bd2\u7597\u5e26\u6765\u5feb\u4e50|55\/100 tox|[from] ability: Poison Heal\n|upkeep\n|turn|34\n|\n|t:|1700714104\n|move|p2a: Great Tusk|Earthquake|p1a: \u6bd2\u7597\u5e26\u6765\u5feb\u4e50\n|-damage|p1a: \u6bd2\u7597\u5e26\u6765\u5feb\u4e50|21\/100 tox\n|move|p1a: \u6bd2\u7597\u5e26\u6765\u5feb\u4e50|Roost|p1a: \u6bd2\u7597\u5e26\u6765\u5feb\u4e50\n|-heal|p1a: \u6bd2\u7597\u5e26\u6765\u5feb\u4e50|71\/100 tox\n|\n|-heal|p2a: Great Tusk|45\/100 tox|[from] item: Leftovers\n|-damage|p2a: Great Tusk|20\/100 tox|[from] psn\n|-heal|p1a: \u6bd2\u7597\u5e26\u6765\u5feb\u4e50|83\/100 tox|[from] ability: Poison Heal\n|upkeep\n|turn|35\n|\n|t:|1700714108\n|move|p2a: Great Tusk|Earthquake|p1a: \u6bd2\u7597\u5e26\u6765\u5feb\u4e50\n|-damage|p1a: \u6bd2\u7597\u5e26\u6765\u5feb\u4e50|48\/100 tox\n|move|p1a: \u6bd2\u7597\u5e26\u6765\u5feb\u4e50|Roost|p1a: \u6bd2\u7597\u5e26\u6765\u5feb\u4e50\n|-heal|p1a: \u6bd2\u7597\u5e26\u6765\u5feb\u4e50|98\/100 tox\n|\n|-heal|p2a: Great Tusk|26\/100 tox|[from] item: Leftovers\n|-damage|p2a: Great Tusk|0 fnt|[from] psn\n|faint|p2a: Great Tusk\n|-end|p2a: Great Tusk|Protosynthesis|[silent]\n|-heal|p1a: \u6bd2\u7597\u5e26\u6765\u5feb\u4e50|100\/100 tox|[from] ability: Poison Heal\n|upkeep\n|\n|t:|1700714112\n|switch|p2a: Tapu Koko|Tapu Koko|2\/100\n|-fieldstart|move: Electric Terrain|[from] ability: Electric Surge|[of] p2a: Tapu Koko\n|turn|36\n|\n|t:|1700714121\n|switch|p1a: \u963f\u7f57\u62c9|Tapu Koko|64\/100\n|move|p2a: Tapu Koko|Thunderbolt|p1a: \u963f\u7f57\u62c9\n|-resisted|p1a: \u963f\u7f57\u62c9\n|-damage|p1a: \u963f\u7f57\u62c9|29\/100\n|\n|upkeep\n|turn|37\n|\n|t:|1700714125\n|switch|p2a: Ting-Lu|Ting-Lu|83\/100\n|-ability|p2a: Ting-Lu|Vessel of Ruin\n|move|p1a: \u963f\u7f57\u62c9|Dazzling Gleam|p2a: Ting-Lu\n|-supereffective|p2a: Ting-Lu\n|-damage|p2a: Ting-Lu|57\/100\n|\n|-heal|p2a: Ting-Lu|64\/100|[from] item: Leftovers\n|upkeep\n|turn|38\n|\n|t:|1700714131\n|move|p1a: \u963f\u7f57\u62c9|Dazzling Gleam|p2a: Ting-Lu\n|-supereffective|p2a: Ting-Lu\n|-damage|p2a: Ting-Lu|33\/100\n|move|p2a: Ting-Lu|Earthquake|p1a: \u963f\u7f57\u62c9\n|-supereffective|p1a: \u963f\u7f57\u62c9\n|-damage|p1a: \u963f\u7f57\u62c9|0 fnt\n|faint|p1a: \u963f\u7f57\u62c9\n|\n|-heal|p2a: Ting-Lu|39\/100|[from] item: Leftovers\n|upkeep\n|\n|t:|1700714137\n|switch|p1a: Meowscarada|Meowscarada, F|100\/100\n|-damage|p1a: Meowscarada|88\/100|[from] Spikes\n|turn|39\n|\n|t:|1700714141\n|move|p1a: Meowscarada|Flower Trick|p2a: Ting-Lu\n|-start|p1a: Meowscarada|typechange|Grass|[from] ability: Protean\n|-supereffective|p2a: Ting-Lu\n|-crit|p2a: Ting-Lu\n|-damage|p2a: Ting-Lu|0 fnt\n|faint|p2a: Ting-Lu\n|\n|upkeep\n|\n|t:|1700714143\n|switch|p2a: Iron Valiant|Iron Valiant, tera:Fairy|21\/100\n|-activate|p2a: Iron Valiant|ability: Quark Drive\n|-start|p2a: Iron Valiant|quarkdrivespe\n|turn|40\n|\n|t:|1700714147\n|switch|p1a: \u8389\u8389\u827e|Nihilego|88\/100\n|-damage|p1a: \u8389\u8389\u827e|76\/100|[from] Spikes\n|move|p2a: Iron Valiant|Moonblast|p1a: \u8389\u8389\u827e\n|-resisted|p1a: \u8389\u8389\u827e\n|-damage|p1a: \u8389\u8389\u827e|42\/100\n|\n|-fieldend|move: Electric Terrain\n|-end|p2a: Iron Valiant|Quark Drive\n|upkeep\n|turn|41\n|\n|t:|1700714150\n|-end|p2a: Iron Valiant|Quark Drive|[silent]\n|switch|p2a: Tapu Koko|Tapu Koko|2\/100\n|-fieldstart|move: Electric Terrain|[from] ability: Electric Surge|[of] p2a: Tapu Koko\n|move|p1a: \u8389\u8389\u827e|Sludge Wave|p2a: Tapu Koko\n|-supereffective|p2a: Tapu Koko\n|-damage|p2a: Tapu Koko|0 fnt\n|faint|p2a: Tapu Koko\n|-ability|p1a: \u8389\u8389\u827e|Beast Boost|boost\n|-boost|p1a: \u8389\u8389\u827e|spe|1\n|\n|upkeep\n|\n|t:|1700714158\n|switch|p2a: Iron Valiant|Iron Valiant, tera:Fairy|21\/100\n|-activate|p2a: Iron Valiant|ability: Quark Drive\n|-start|p2a: Iron Valiant|quarkdrivespe\n|turn|42\n|j| mhqsqwer\n|\n|t:|1700714164\n|move|p2a: Iron Valiant|Focus Blast|p1a: \u8389\u8389\u827e\n|-damage|p1a: \u8389\u8389\u827e|0 fnt\n|faint|p1a: \u8389\u8389\u827e\n|\n|upkeep\n|\n|t:|1700714167\n|switch|p1a: \u6bd2\u7597\u5e26\u6765\u5feb\u4e50|Gliscor, M, tera:Water|100\/100 tox\n|-damage|p1a: \u6bd2\u7597\u5e26\u6765\u5feb\u4e50|88\/100 tox|[from] Spikes\n|turn|43\n|\n|t:|1700714169\n|move|p2a: Iron Valiant|Focus Blast|p1a: \u6bd2\u7597\u5e26\u6765\u5feb\u4e50|[miss]\n|-miss|p2a: Iron Valiant|p1a: \u6bd2\u7597\u5e26\u6765\u5feb\u4e50\n|move|p1a: \u6bd2\u7597\u5e26\u6765\u5feb\u4e50|Earthquake|p2a: Iron Valiant\n|-damage|p2a: Iron Valiant|0 fnt\n|faint|p2a: Iron Valiant\n|-end|p2a: Iron Valiant|Quark Drive|[silent]\n|\n|win|Leaf of Frost\n|raw|Leaf of Frost's rating: 1548 &rarr; <strong>1573<\/strong><br \/>(+25 for winning)\n|raw|Kk_shnap's rating: 1637 &rarr; <strong>1612<\/strong><br \/>(-25 for losing)\n|l|\u2606Leaf of Frost\n","uploadtime":1700714173,"views":2,"p1id":"leafoffrost","p2id":"kkshnap","formatid":"gen9nationaldex","rating":1573,"private":0,"password":""}