{"id":"gen9nationaldex-1998254202","p1":"Proxis666","p2":"Bear233","format":"[Gen 9] National Dex","log":"|html|<div class=\"broadcast-blue\"><strong>[Gen 9] National Dex is currently suspecting Sneasler! For information on how to participate check out the <a href=\"https:\/\/www.smogon.com\/forums\/threads\/sv-national-dex-suspect-8-just-dance.3731534\/\">suspect thread<\/a>.<\/strong><\/div>\n|j|\u2606Proxis666\n|j|\u2606Bear233\n|t:|1700920420\n|gametype|singles\n|player|p1|Proxis666|psychic|1592\n|player|p2|Bear233|caitlin|1608\n|teamsize|p1|6\n|teamsize|p2|6\n|gen|9\n|tier|[Gen 9] National Dex\n|rated|\n|rule|HP Percentage Mod: HP is shown in percentages\n|rule|Endless Battle Clause: Forcing endless battles is banned\n|rule|OHKO Clause: OHKO moves are banned\n|rule|Evasion Clause: Evasion abilities, items, and moves are banned\n|rule|Evasion Abilities Clause: Evasion abilities are banned\n|rule|Evasion Items Clause: Evasion items are banned\n|rule|Evasion Moves Clause: Evasion moves are banned\n|rule|Species Clause: Limit one of each Pok\u00e9mon\n|rule|Sleep Clause Mod: Limit one foe put to sleep\n|clearpoke\n|poke|p1|Armarouge, F|\n|poke|p1|Lilligant-Hisui, F|\n|poke|p1|Togekiss, M|\n|poke|p1|Garganacl, F|\n|poke|p1|Kyurem|\n|poke|p1|Swampert, F|\n|poke|p2|Banette, M|\n|poke|p2|Slowking-Galar, F|\n|poke|p2|Kyurem|\n|poke|p2|Kartana|\n|poke|p2|Zapdos|\n|poke|p2|Ting-Lu|\n|teampreview\n|inactive|Battle timer is ON: inactive players will automatically lose when time's up. (requested by Bear233)\n|\n|t:|1700920428\n|start\n|switch|p1a: Lilligant|Lilligant-Hisui, F|100\/100\n|switch|p2a: Banette|Banette, M|100\/100\n|turn|1\n|\n|t:|1700920430\n|switch|p1a: Garganacl|Garganacl, F|100\/100\n|detailschange|p2a: Banette|Banette-Mega, M\n|-mega|p2a: Banette|Banette|Banettite\n|move|p2a: Banette|Taunt|p1a: Garganacl\n|-start|p1a: Garganacl|move: Taunt\n|\n|upkeep\n|turn|2\n|\n|t:|1700920441\n|move|p2a: Banette|Poltergeist|p1a: Garganacl\n|-activate|p1a: Garganacl|move: Poltergeist|Leftovers\n|-damage|p1a: Garganacl|75\/100\n|move|p1a: Garganacl|Salt Cure|p2a: Banette\n|-damage|p2a: Banette|81\/100\n|-start|p2a: Banette|Salt Cure\n|\n|-heal|p1a: Garganacl|81\/100|[from] item: Leftovers\n|-damage|p2a: Banette|68\/100|[from] Salt Cure\n|upkeep\n|turn|3\n|\n|t:|1700920449\n|switch|p2a: Zapdos|Zapdos|100\/100\n|move|p1a: Garganacl|Salt Cure|p2a: Zapdos\n|-supereffective|p2a: Zapdos\n|-damage|p2a: Zapdos|69\/100\n|-start|p2a: Zapdos|Salt Cure\n|\n|-heal|p2a: Zapdos|76\/100|[from] item: Leftovers\n|-heal|p1a: Garganacl|88\/100|[from] item: Leftovers\n|-damage|p2a: Zapdos|63\/100|[from] Salt Cure\n|-end|p1a: Garganacl|move: Taunt\n|upkeep\n|turn|4\n|\n|t:|1700920455\n|move|p2a: Zapdos|Volt Switch|p1a: Garganacl\n|-damage|p1a: Garganacl|61\/100\n|\n|t:|1700920459\n|switch|p2a: Slowking|Slowking-Galar, F|100\/100|[from] Volt Switch\n|move|p1a: Garganacl|Salt Cure|p2a: Slowking\n|-damage|p2a: Slowking|85\/100\n|-start|p2a: Slowking|Salt Cure\n|\n|-heal|p1a: Garganacl|67\/100|[from] item: Leftovers\n|-heal|p2a: Slowking|91\/100|[from] item: Leftovers\n|-damage|p2a: Slowking|79\/100|[from] Salt Cure\n|upkeep\n|turn|5\n|\n|t:|1700920465\n|switch|p1a: Swampert|Swampert, F|100\/100\n|move|p2a: Slowking|Future Sight|p1a: Swampert\n|-start|p2a: Slowking|move: Future Sight\n|\n|-heal|p2a: Slowking|85\/100|[from] item: Leftovers\n|-damage|p2a: Slowking|72\/100|[from] Salt Cure\n|upkeep\n|turn|6\n|\n|t:|1700920469\n|-terastallize|p2a: Slowking|Water\n|move|p1a: Swampert|Stealth Rock|p2a: Slowking\n|-sidestart|p2: Bear233|move: Stealth Rock\n|move|p2a: Slowking|Chilly Reception|p2a: Slowking\n|-weather|Snow\n|\n|t:|1700920474\n|switch|p2a: Kyurem|Kyurem|100\/100|[from] Chilly Reception\n|-damage|p2a: Kyurem|76\/100|[from] Stealth Rock\n|-ability|p2a: Kyurem|Pressure\n|\n|-weather|Snow|[upkeep]\n|upkeep\n|turn|7\n|\n|t:|1700920484\n|switch|p1a: Armarouge|Armarouge, F|100\/100\n|move|p2a: Kyurem|Freeze-Dry|p1a: Armarouge\n|-resisted|p1a: Armarouge\n|-damage|p1a: Armarouge|78\/100\n|\n|-weather|Snow|[upkeep]\n|-end|p1a: Armarouge|move: Future Sight\n|-resisted|p1a: Armarouge\n|-damage|p1a: Armarouge|42\/100\n|upkeep\n|turn|8\n|\n|t:|1700920492\n|switch|p1a: Togekiss|Togekiss, M|100\/100\n|move|p2a: Kyurem|Draco Meteor|p1a: Togekiss\n|-immune|p1a: Togekiss\n|\n|-weather|Snow|[upkeep]\n|upkeep\n|turn|9\n|\n|t:|1700920496\n|move|p1a: Togekiss|Dazzling Gleam|p2a: Kyurem\n|-supereffective|p2a: Kyurem\n|-damage|p2a: Kyurem|6\/100\n|move|p2a: Kyurem|Freeze-Dry|p1a: Togekiss\n|-supereffective|p1a: Togekiss\n|-damage|p1a: Togekiss|27\/100\n|\n|-weather|Snow|[upkeep]\n|upkeep\n|turn|10\n|\n|t:|1700920504\n|switch|p2a: Slowking|Slowking-Galar, F, tera:Water|100\/100\n|-damage|p2a: Slowking|88\/100|[from] Stealth Rock\n|move|p1a: Togekiss|Dazzling Gleam|p2a: Slowking\n|-damage|p2a: Slowking|59\/100\n|\n|-weather|none\n|-heal|p2a: Slowking|65\/100|[from] item: Leftovers\n|upkeep\n|turn|11\n|\n|t:|1700920510\n|switch|p1a: Armarouge|Armarouge, F|42\/100\n|move|p2a: Slowking|Future Sight|p1a: Armarouge\n|-start|p2a: Slowking|move: Future Sight\n|\n|-heal|p2a: Slowking|71\/100|[from] item: Leftovers\n|upkeep\n|turn|12\n|\n|t:|1700920514\n|move|p1a: Armarouge|Calm Mind|p1a: Armarouge\n|-boost|p1a: Armarouge|spa|1\n|-boost|p1a: Armarouge|spd|1\n|move|p2a: Slowking|Sludge Bomb|p1a: Armarouge\n|-damage|p1a: Armarouge|8\/100\n|\n|-heal|p2a: Slowking|77\/100|[from] item: Leftovers\n|upkeep\n|turn|13\n|\n|t:|1700920520\n|switch|p2a: Ting-Lu|Ting-Lu|100\/100\n|-damage|p2a: Ting-Lu|94\/100|[from] Stealth Rock\n|-ability|p2a: Ting-Lu|Vessel of Ruin\n|move|p1a: Armarouge|Armor Cannon|p2a: Ting-Lu\n|-damage|p2a: Ting-Lu|59\/100\n|-unboost|p1a: Armarouge|def|1\n|-unboost|p1a: Armarouge|spd|1\n|\n|-end|p1a: Armarouge|move: Future Sight\n|-resisted|p1a: Armarouge\n|-damage|p1a: Armarouge|0 fnt\n|faint|p1a: Armarouge\n|-heal|p2a: Ting-Lu|65\/100|[from] item: Leftovers\n|upkeep\n|\n|t:|1700920525\n|switch|p1a: Not-Baxcalibur|Kyurem|100\/100\n|-ability|p1a: Not-Baxcalibur|Pressure\n|turn|14\n|\n|t:|1700920531\n|move|p1a: Not-Baxcalibur|Substitute|p1a: Not-Baxcalibur\n|-start|p1a: Not-Baxcalibur|Substitute\n|-damage|p1a: Not-Baxcalibur|76\/100\n|move|p2a: Ting-Lu|Ruination|p1a: Not-Baxcalibur\n|-end|p1a: Not-Baxcalibur|Substitute\n|\n|-heal|p2a: Ting-Lu|72\/100|[from] item: Leftovers\n|upkeep\n|turn|15\n|\n|t:|1700920537\n|move|p1a: Not-Baxcalibur|Icicle Spear|p2a: Ting-Lu\n|-supereffective|p2a: Ting-Lu\n|-damage|p2a: Ting-Lu|55\/100\n|-supereffective|p2a: Ting-Lu\n|-damage|p2a: Ting-Lu|38\/100\n|-supereffective|p2a: Ting-Lu\n|-damage|p2a: Ting-Lu|23\/100\n|-supereffective|p2a: Ting-Lu\n|-damage|p2a: Ting-Lu|8\/100\n|-supereffective|p2a: Ting-Lu\n|-damage|p2a: Ting-Lu|0 fnt\n|faint|p2a: Ting-Lu\n|-hitcount|p2: Ting-Lu|5\n|\n|upkeep\n|\n|t:|1700920542\n|switch|p2a: Banette|Banette-Mega, M|68\/100\n|-damage|p2a: Banette|56\/100|[from] Stealth Rock\n|turn|16\n|\n|t:|1700920546\n|switch|p1a: Garganacl|Garganacl, F|67\/100\n|move|p2a: Banette|Destiny Bond|p2a: Banette\n|-singlemove|p2a: Banette|Destiny Bond\n|\n|-heal|p1a: Garganacl|73\/100|[from] item: Leftovers\n|upkeep\n|turn|17\n|\n|t:|1700920555\n|switch|p2a: Slowking|Slowking-Galar, F, tera:Water|100\/100\n|-damage|p2a: Slowking|88\/100|[from] Stealth Rock\n|move|p1a: Garganacl|Salt Cure|p2a: Slowking\n|-damage|p2a: Slowking|74\/100\n|-start|p2a: Slowking|Salt Cure\n|\n|-heal|p1a: Garganacl|79\/100|[from] item: Leftovers\n|-heal|p2a: Slowking|80\/100|[from] item: Leftovers\n|-damage|p2a: Slowking|55\/100|[from] Salt Cure\n|upkeep\n|turn|18\n|\n|t:|1700920562\n|move|p1a: Garganacl|Salt Cure|p2a: Slowking\n|-damage|p2a: Slowking|41\/100\n|move|p2a: Slowking|Chilly Reception|p2a: Slowking\n|-weather|Snow\n|\n|t:|1700920564\n|switch|p2a: Zapdos|Zapdos|63\/100|[from] Chilly Reception\n|-damage|p2a: Zapdos|38\/100|[from] Stealth Rock\n|\n|-weather|Snow|[upkeep]\n|-heal|p2a: Zapdos|44\/100|[from] item: Leftovers\n|-heal|p1a: Garganacl|86\/100|[from] item: Leftovers\n|upkeep\n|turn|19\n|\n|t:|1700920566\n|move|p2a: Zapdos|Defog|p1a: Garganacl\n|-unboost|p1a: Garganacl|evasion|1\n|-sideend|p2: Bear233|Stealth Rock|[from] move: Defog|[of] p2a: Zapdos\n|move|p1a: Garganacl|Salt Cure|p2a: Zapdos\n|-supereffective|p2a: Zapdos\n|-damage|p2a: Zapdos|12\/100\n|-start|p2a: Zapdos|Salt Cure\n|\n|-weather|Snow|[upkeep]\n|-heal|p2a: Zapdos|18\/100|[from] item: Leftovers\n|-heal|p1a: Garganacl|92\/100|[from] item: Leftovers\n|-damage|p2a: Zapdos|5\/100|[from] Salt Cure\n|upkeep\n|turn|20\n|\n|t:|1700920572\n|switch|p1a: Swampert|Swampert, F|100\/100\n|move|p2a: Zapdos|Roost|p2a: Zapdos\n|-heal|p2a: Zapdos|55\/100\n|-singleturn|p2a: Zapdos|move: Roost\n|\n|-weather|Snow|[upkeep]\n|-heal|p2a: Zapdos|62\/100|[from] item: Leftovers\n|-damage|p2a: Zapdos|49\/100|[from] Salt Cure\n|upkeep\n|turn|21\n|\n|t:|1700920579\n|move|p2a: Zapdos|Hurricane|p1a: Swampert|[miss]\n|-miss|p2a: Zapdos|p1a: Swampert\n|move|p1a: Swampert|Stealth Rock|p2a: Zapdos\n|-sidestart|p2: Bear233|move: Stealth Rock\n|\n|-weather|Snow|[upkeep]\n|-heal|p2a: Zapdos|55\/100|[from] item: Leftovers\n|-damage|p2a: Zapdos|43\/100|[from] Salt Cure\n|upkeep\n|turn|22\n|\n|t:|1700920584\n|move|p2a: Zapdos|Defog|p1a: Swampert\n|-unboost|p1a: Swampert|evasion|1\n|-sideend|p2: Bear233|Stealth Rock|[from] move: Defog|[of] p2a: Zapdos\n|move|p1a: Swampert|Toxic|p2a: Zapdos\n|-status|p2a: Zapdos|tox\n|\n|-weather|none\n|-heal|p2a: Zapdos|49\/100 tox|[from] item: Leftovers\n|-damage|p2a: Zapdos|43\/100 tox|[from] psn\n|-damage|p2a: Zapdos|31\/100 tox|[from] Salt Cure\n|upkeep\n|turn|23\n|\n|t:|1700920587\n|move|p2a: Zapdos|Roost|p2a: Zapdos\n|-heal|p2a: Zapdos|81\/100 tox\n|-singleturn|p2a: Zapdos|move: Roost\n|move|p1a: Swampert|Stealth Rock|p2a: Zapdos\n|-sidestart|p2: Bear233|move: Stealth Rock\n|\n|-heal|p2a: Zapdos|87\/100 tox|[from] item: Leftovers\n|-damage|p2a: Zapdos|74\/100 tox|[from] psn\n|-damage|p2a: Zapdos|62\/100 tox|[from] Salt Cure\n|upkeep\n|turn|24\n|\n|t:|1700920591\n|move|p2a: Zapdos|Hurricane|p1a: Swampert\n|-damage|p1a: Swampert|46\/100\n|move|p1a: Swampert|Stealth Rock||[still]\n|-fail|p1a: Swampert\n|\n|-heal|p2a: Zapdos|68\/100 tox|[from] item: Leftovers\n|-heal|p1a: Swampert|52\/100|[from] item: Leftovers\n|-damage|p2a: Zapdos|50\/100 tox|[from] psn\n|-damage|p2a: Zapdos|37\/100 tox|[from] Salt Cure\n|upkeep\n|turn|25\n|\n|t:|1700920596\n|move|p2a: Zapdos|Roost|p2a: Zapdos\n|-heal|p2a: Zapdos|87\/100 tox\n|-singleturn|p2a: Zapdos|move: Roost\n|move|p1a: Swampert|Earthquake|p2a: Zapdos\n|-supereffective|p2a: Zapdos\n|-damage|p2a: Zapdos|0 fnt\n|faint|p2a: Zapdos\n|\n|-heal|p1a: Swampert|58\/100|[from] item: Leftovers\n|upkeep\n|\n|t:|1700920608\n|switch|p2a: Kartana|Kartana|100\/100\n|-damage|p2a: Kartana|94\/100|[from] Stealth Rock\n|turn|26\n|\n|t:|1700920618\n|switch|p1a: Not-Baxcalibur|Kyurem|76\/100\n|-ability|p1a: Not-Baxcalibur|Pressure\n|move|p2a: Kartana|Leaf Blade|p1a: Not-Baxcalibur\n|-resisted|p1a: Not-Baxcalibur\n|-damage|p1a: Not-Baxcalibur|45\/100\n|\n|upkeep\n|turn|27\n|\n|t:|1700920625\n|switch|p2a: Kyurem|Kyurem|6\/100\n|-damage|p2a: Kyurem|0 fnt|[from] Stealth Rock\n|faint|p2a: Kyurem\n|move|p1a: Not-Baxcalibur|Icicle Spear|p2: Kyurem|[notarget]\n|-fail|p1a: Not-Baxcalibur\n|\n|upkeep\n|\n|t:|1700920630\n|switch|p2a: Kartana|Kartana|94\/100\n|-damage|p2a: Kartana|88\/100|[from] Stealth Rock\n|turn|28\n|\n|t:|1700920635\n|switch|p1a: Swampert|Swampert, F|58\/100\n|move|p2a: Kartana|Leaf Blade|p1a: Swampert\n|-supereffective|p1a: Swampert\n|-damage|p1a: Swampert|0 fnt\n|faint|p1a: Swampert\n|-ability|p2a: Kartana|Beast Boost|boost\n|-boost|p2a: Kartana|atk|1\n|\n|upkeep\n|\n|t:|1700920642\n|switch|p1a: Togekiss|Togekiss, M|27\/100\n|turn|29\n|\n|t:|1700920645\n|move|p2a: Kartana|Leaf Blade|p1a: Togekiss\n|-resisted|p1a: Togekiss\n|-damage|p1a: Togekiss|0 fnt\n|faint|p1a: Togekiss\n|-ability|p2a: Kartana|Beast Boost|boost\n|-boost|p2a: Kartana|atk|1\n|\n|upkeep\n|\n|t:|1700920655\n|switch|p1a: Garganacl|Garganacl, F|92\/100\n|turn|30\n|\n|t:|1700920659\n|-terastallize|p1a: Garganacl|Ghost\n|move|p2a: Kartana|Leaf Blade|p1a: Garganacl\n|-damage|p1a: Garganacl|0 fnt\n|faint|p1a: Garganacl\n|-ability|p2a: Kartana|Beast Boost|boost\n|-boost|p2a: Kartana|atk|1\n|\n|upkeep\n|\n|t:|1700920661\n|switch|p1a: Lilligant|Lilligant-Hisui, F|100\/100\n|turn|31\n|\n|t:|1700920665\n|move|p2a: Kartana|Leaf Blade|p1a: Lilligant\n|-resisted|p1a: Lilligant\n|-damage|p1a: Lilligant|0 fnt\n|faint|p1a: Lilligant\n|-ability|p2a: Kartana|Beast Boost|boost\n|-boost|p2a: Kartana|atk|1\n|\n|upkeep\n|-message|Proxis666 forfeited.\n|\n|win|Bear233\n|raw|Proxis666's rating: 1592 &rarr; <strong>1573<\/strong><br \/>(-19 for losing)\n|raw|Bear233's rating: 1608 &rarr; <strong>1627<\/strong><br \/>(+19 for winning)\n|l|\u2606Proxis666\n|j| one eye ding zhen\n|l| one eye ding zhen\n|l|\u2606Bear233\n|j|\u2606Bear233\n|player|p2|Bear233|caitlin\n","uploadtime":1700921451,"views":0,"p1id":"proxis666","p2id":"bear233","formatid":"gen9nationaldex","rating":1573,"private":0,"password":""}