{"id":"gen9nationaldex-1998357496","p1":"IWillNeverGG","p2":"Ann tpm","format":"[Gen 9] National Dex","log":"|html|<div class=\"broadcast-blue\"><strong>[Gen 9] National Dex is currently suspecting Sneasler! For information on how to participate check out the <a href=\"https:\/\/www.smogon.com\/forums\/threads\/sv-national-dex-suspect-8-just-dance.3731534\/\">suspect thread<\/a>.<\/strong><\/div>\n|j|\u2606IWillNeverGG\n|j|\u2606Ann tpm\n|t:|1700933331\n|gametype|singles\n|player|p1|IWillNeverGG|shadowtriad|1207\n|player|p2|Ann tpm|dancer|1213\n|teamsize|p1|6\n|teamsize|p2|6\n|gen|9\n|tier|[Gen 9] National Dex\n|rated|\n|rule|HP Percentage Mod: HP is shown in percentages\n|rule|Endless Battle Clause: Forcing endless battles is banned\n|rule|OHKO Clause: OHKO moves are banned\n|rule|Evasion Clause: Evasion abilities, items, and moves are banned\n|rule|Evasion Abilities Clause: Evasion abilities are banned\n|rule|Evasion Items Clause: Evasion items are banned\n|rule|Evasion Moves Clause: Evasion moves are banned\n|rule|Species Clause: Limit one of each Pok\u00e9mon\n|rule|Sleep Clause Mod: Limit one foe put to sleep\n|clearpoke\n|poke|p1|Grimmsnarl, M|\n|poke|p1|Maractus, L1, F|\n|poke|p1|Pawmot, M|\n|poke|p1|Charizard, F|\n|poke|p1|Blacephalon|\n|poke|p1|Excadrill, M|\n|poke|p2|Haxorus, M|\n|poke|p2|Ribombee, F|\n|poke|p2|Grimmsnarl, M|\n|poke|p2|Magnezone|\n|poke|p2|Blacephalon|\n|poke|p2|Aggron, F|\n|teampreview\n|inactive|Battle timer is ON: inactive players will automatically lose when time's up. (requested by Ann tpm)\n|\n|t:|1700933338\n|start\n|switch|p1a: Grimmsnarl|Grimmsnarl, M|100\/100\n|switch|p2a: Grimmsnarl|Grimmsnarl, M|100\/100\n|turn|1\n|\n|t:|1700933347\n|move|p2a: Grimmsnarl|Sucker Punch||[still]\n|-fail|p2a: Grimmsnarl\n|move|p1a: Grimmsnarl|Reflect|p1a: Grimmsnarl\n|-sidestart|p1: IWillNeverGG|Reflect\n|\n|upkeep\n|turn|2\n|\n|t:|1700933370\n|switch|p2a: Aggron|Aggron, F|100\/100\n|move|p1a: Grimmsnarl|Spirit Break|p2a: Aggron\n|-resisted|p2a: Aggron\n|-damage|p2a: Aggron|91\/100\n|-unboost|p2a: Aggron|spa|1\n|\n|upkeep\n|turn|3\n|\n|t:|1700933385\n|detailschange|p2a: Aggron|Aggron-Mega, F\n|-mega|p2a: Aggron|Aggron|Aggronite\n|move|p1a: Grimmsnarl|Taunt|p2a: Aggron\n|-start|p2a: Aggron|move: Taunt\n|cant|p2a: Aggron|move: Taunt|Iron Defense\n|\n|upkeep\n|turn|4\n|\n|t:|1700933401\n|switch|p1a: Charizard|Charizard, F|100\/100\n|move|p2a: Aggron|Heavy Slam|p1a: Charizard\n|-resisted|p1a: Charizard\n|-damage|p1a: Charizard|86\/100\n|\n|upkeep\n|turn|5\n|\n|t:|1700933425\n|switch|p2a: Blacephalon|Blacephalon, shiny|100\/100\n|detailschange|p1a: Charizard|Charizard-Mega-X, F\n|-mega|p1a: Charizard|Charizard|Charizardite X\n|move|p1a: Charizard|Dragon Dance|p1a: Charizard\n|-boost|p1a: Charizard|atk|1\n|-boost|p1a: Charizard|spe|1\n|\n|upkeep\n|turn|6\n|inactive|Ann tpm has 120 seconds left.\n|\n|t:|1700933449\n|move|p2a: Blacephalon|Shadow Ball|p1a: Charizard\n|-damage|p1a: Charizard|29\/100\n|move|p1a: Charizard|Dragon Claw|p2a: Blacephalon\n|-damage|p2a: Blacephalon|0 fnt\n|faint|p2a: Blacephalon\n|\n|upkeep\n|j| addymeanie\n|\n|t:|1700933465\n|switch|p2a: Aggron|Aggron-Mega, F|91\/100\n|turn|7\n|\n|t:|1700933470\n|move|p1a: Charizard|Fire Punch|p2a: Aggron\n|-supereffective|p2a: Aggron\n|-damage|p2a: Aggron|41\/100\n|move|p2a: Aggron|Iron Defense|p2a: Aggron\n|-boost|p2a: Aggron|def|2\n|\n|upkeep\n|turn|8\n|l| addymeanie\n|inactive|Ann tpm has 120 seconds left.\n|\n|t:|1700933478\n|move|p1a: Charizard|Fire Punch|p2a: Aggron\n|-supereffective|p2a: Aggron\n|-damage|p2a: Aggron|17\/100\n|-status|p2a: Aggron|brn\n|move|p2a: Aggron|Body Press|p1a: Charizard\n|-damage|p1a: Charizard|9\/100\n|\n|-damage|p2a: Aggron|11\/100 brn|[from] brn\n|-sideend|p1: IWillNeverGG|Reflect\n|upkeep\n|turn|9\n|inactive|Ann tpm has 120 seconds left.\n|\n|t:|1700933492\n|move|p1a: Charizard|Earthquake|p2a: Aggron\n|-supereffective|p2a: Aggron\n|-damage|p2a: Aggron|0 fnt\n|faint|p2a: Aggron\n|\n|upkeep\n|inactive|Ann tpm has 120 seconds left.\n|\n|t:|1700933498\n|switch|p2a: Grimmsnarl|Grimmsnarl, M|100\/100\n|turn|10\n|\n|t:|1700933502\n|move|p2a: Grimmsnarl|Sucker Punch|p1a: Charizard\n|-damage|p1a: Charizard|0 fnt\n|faint|p1a: Charizard\n|\n|upkeep\n|\n|t:|1700933508\n|switch|p1a: Excadrill|Excadrill, M|100\/100\n|-ability|p1a: Excadrill|Mold Breaker\n|-item|p1a: Excadrill|Air Balloon\n|turn|11\n|\n|t:|1700933516\n|move|p2a: Grimmsnarl|Parting Shot|p1a: Excadrill\n|-unboost|p1a: Excadrill|atk|1\n|-unboost|p1a: Excadrill|spa|1\n|inactive|Ann tpm has 120 seconds left.\n|\n|t:|1700933546\n|switch|p2a: Magnezone|Magnezone|100\/100|[from] Parting Shot\n|-item|p2a: Magnezone|Air Balloon\n|move|p1a: Excadrill|Iron Head|p2a: Magnezone\n|-resisted|p2a: Magnezone\n|-damage|p2a: Magnezone|94\/100\n|-enditem|p2a: Magnezone|Air Balloon\n|\n|upkeep\n|turn|12\n|inactive|Ann tpm has 120 seconds left.\n|\n|t:|1700933562\n|-terastallize|p2a: Magnezone|Flying\n|move|p1a: Excadrill|Stealth Rock|p2a: Magnezone\n|-sidestart|p2: Ann tpm|move: Stealth Rock\n|move|p2a: Magnezone|Hidden Power|p1a: Excadrill\n|-supereffective|p1a: Excadrill\n|-damage|p1a: Excadrill|39\/100\n|-enditem|p1a: Excadrill|Air Balloon\n|\n|upkeep\n|turn|13\n|\n|t:|1700933573\n|move|p1a: Excadrill|Iron Head|p2a: Magnezone\n|-damage|p2a: Magnezone|67\/100\n|cant|p2a: Magnezone|flinch\n|\n|upkeep\n|turn|14\n|\n|t:|1700933579\n|move|p1a: Excadrill|Iron Head|p2a: Magnezone\n|-damage|p2a: Magnezone|39\/100\n|cant|p2a: Magnezone|flinch\n|\n|upkeep\n|turn|15\n|inactive|Ann tpm has 120 seconds left.\n|\n|t:|1700933585\n|move|p1a: Excadrill|Iron Head|p2a: Magnezone\n|-damage|p2a: Magnezone|14\/100\n|move|p2a: Magnezone|Hidden Power|p1a: Excadrill\n|-supereffective|p1a: Excadrill\n|-damage|p1a: Excadrill|0 fnt\n|faint|p1a: Excadrill\n|\n|upkeep\n|\n|t:|1700933603\n|switch|p1a: Pawmot|Pawmot, M|100\/100\n|turn|16\n|inactive|Ann tpm has 120 seconds left.\n|\n|t:|1700933619\n|move|p1a: Pawmot|Revival Blessing|p1a: Pawmot\n|-enditem|p1a: Pawmot|Leppa Berry|[eat]\n|-activate|p1a: Pawmot|item: Leppa Berry|Revival Blessing|[consumed]\n|\n|t:|1700933622\n|-heal|p1: Charizard|50\/100|[from] move: Revival Blessing\n|move|p2a: Magnezone|Body Press|p1a: Pawmot\n|-damage|p1a: Pawmot|66\/100\n|\n|upkeep\n|turn|17\n|\n|t:|1700933631\n|move|p1a: Pawmot|Revival Blessing|p1a: Pawmot\n|\n|t:|1700933632\n|-heal|p1: Excadrill|50\/100|[from] move: Revival Blessing\n|move|p2a: Magnezone|Thunderbolt|p1a: Pawmot\n|-heal|p1a: Pawmot|91\/100|[from] ability: Volt Absorb|[of] p2a: Magnezone\n|\n|upkeep\n|turn|18\n|-message|Ann tpm forfeited.\n|\n|win|IWillNeverGG\n|raw|IWillNeverGG's rating: 1207 &rarr; <strong>1232<\/strong><br \/>(+25 for winning)\n|raw|Ann tpm's rating: 1213 &rarr; <strong>1188<\/strong><br \/>(-25 for losing)\n|l|\u2606Ann tpm\n","uploadtime":1700933648,"views":0,"p1id":"iwillnevergg","p2id":"anntpm","formatid":"gen9nationaldex","rating":1188,"private":0,"password":""}