{"id":"gen9nationaldex-1997892647","p1":"Techvast","p2":"bananasinpajamas7","format":"[Gen 9] National Dex","log":"|html|<div class=\"broadcast-blue\"><strong>[Gen 9] National Dex is currently suspecting Sneasler! For information on how to participate check out the <a href=\"https:\/\/www.smogon.com\/forums\/threads\/sv-national-dex-suspect-8-just-dance.3731534\/\">suspect thread<\/a>.<\/strong><\/div>\n|j|\u2606Techvast\n|j|\u2606bananasinpajamas7\n|t:|1700864431\n|gametype|singles\n|player|p1|Techvast|pilot|1245\n|player|p2|bananasinpajamas7|brendan-gen3|1303\n|teamsize|p1|6\n|teamsize|p2|6\n|gen|9\n|tier|[Gen 9] National Dex\n|rated|\n|rule|HP Percentage Mod: HP is shown in percentages\n|rule|Endless Battle Clause: Forcing endless battles is banned\n|rule|OHKO Clause: OHKO moves are banned\n|rule|Evasion Clause: Evasion abilities, items, and moves are banned\n|rule|Evasion Abilities Clause: Evasion abilities are banned\n|rule|Evasion Items Clause: Evasion items are banned\n|rule|Evasion Moves Clause: Evasion moves are banned\n|rule|Species Clause: Limit one of each Pok\u00e9mon\n|rule|Sleep Clause Mod: Limit one foe put to sleep\n|clearpoke\n|poke|p1|Pelipper, F|\n|poke|p1|Swampert, F|\n|poke|p1|Ferrothorn, M|\n|poke|p1|Zapdos|\n|poke|p1|Arctovish|\n|poke|p1|Goodra-Hisui, M|\n|poke|p2|Sableye, M|\n|poke|p2|Alomomola, F|\n|poke|p2|Corviknight, F|\n|poke|p2|Clodsire, M|\n|poke|p2|Clefable, M|\n|poke|p2|Garganacl, M|\n|teampreview\n|c|\u2606Techvast|This looks racist iwl\n|\n|t:|1700864457\n|start\n|switch|p1a: Pelipper|Pelipper, F|100\/100\n|switch|p2a: Alomomola|Alomomola, F|100\/100\n|-weather|RainDance|[from] ability: Drizzle|[of] p1a: Pelipper\n|turn|1\n|\n|t:|1700864463\n|switch|p1a: Goodra|Goodra-Hisui, M|100\/100\n|move|p2a: Alomomola|Toxic|p1a: Goodra\n|-immune|p1a: Goodra\n|\n|-weather|RainDance|[upkeep]\n|upkeep\n|turn|2\n|\n|t:|1700864468\n|move|p2a: Alomomola|Protect|p2a: Alomomola\n|-singleturn|p2a: Alomomola|Protect\n|move|p1a: Goodra|Knock Off|p2a: Alomomola\n|-activate|p2a: Alomomola|move: Protect\n|\n|-weather|RainDance|[upkeep]\n|upkeep\n|turn|3\n|\n|t:|1700864474\n|switch|p2a: Sableye|Sableye, M|100\/100\n|move|p1a: Goodra|Knock Off|p2a: Sableye\n|-damage|p2a: Sableye|81\/100\n|\n|-weather|RainDance|[upkeep]\n|upkeep\n|turn|4\n|\n|t:|1700864499\n|switch|p1a: Swampert|Swampert, F|100\/100\n|detailschange|p2a: Sableye|Sableye-Mega, M\n|-mega|p2a: Sableye|Sableye|Sablenite\n|move|p2a: Sableye|Knock Off|p1a: Swampert\n|-damage|p1a: Swampert|79\/100\n|\n|-weather|RainDance|[upkeep]\n|upkeep\n|turn|5\n|\n|t:|1700864510\n|detailschange|p1a: Swampert|Swampert-Mega, F\n|-mega|p1a: Swampert|Swampert|Swampertite\n|move|p1a: Swampert|Waterfall|p2a: Sableye\n|-damage|p2a: Sableye|8\/100\n|move|p2a: Sableye|Will-O-Wisp|p1a: Swampert|[miss]\n|-miss|p2a: Sableye|p1a: Swampert\n|\n|-weather|RainDance|[upkeep]\n|upkeep\n|turn|6\n|c|\u2606bananasinpajamas7|guh\n|\n|t:|1700864519\n|switch|p2a: Alomomola|Alomomola, F|100\/100\n|move|p1a: Swampert|Waterfall|p2a: Alomomola\n|-resisted|p2a: Alomomola\n|-damage|p2a: Alomomola|80\/100\n|\n|-weather|RainDance|[upkeep]\n|upkeep\n|turn|7\n|\n|t:|1700864526\n|switch|p1a: Goodra|Goodra-Hisui, M|100\/100\n|move|p2a: Alomomola|Scald|p1a: Goodra\n|-resisted|p1a: Goodra\n|-damage|p1a: Goodra|97\/100\n|-status|p1a: Goodra|brn\n|\n|-weather|RainDance|[upkeep]\n|-damage|p1a: Goodra|91\/100 brn|[from] brn\n|upkeep\n|turn|8\n|\n|t:|1700864538\n|move|p2a: Alomomola|Wish|p2a: Alomomola\n|move|p1a: Goodra|Knock Off|p2a: Alomomola\n|-damage|p2a: Alomomola|75\/100\n|-enditem|p2a: Alomomola|Heavy-Duty Boots|[from] move: Knock Off|[of] p1a: Goodra\n|\n|-weather|none\n|-damage|p1a: Goodra|85\/100 brn|[from] brn\n|upkeep\n|turn|9\n|\n|t:|1700864543\n|move|p2a: Alomomola|Scald|p1a: Goodra\n|-resisted|p1a: Goodra\n|-damage|p1a: Goodra|83\/100 brn\n|move|p1a: Goodra|Knock Off|p2a: Alomomola\n|-damage|p2a: Alomomola|71\/100\n|\n|-heal|p2a: Alomomola|100\/100|[from] move: Wish|[wisher] Alomomola\n|-damage|p1a: Goodra|77\/100 brn|[from] brn\n|upkeep\n|turn|10\n|\n|t:|1700864560\n|switch|p2a: Clodsire|Clodsire, M|100\/100\n|switch|p1a: Ferrothorn|Ferrothorn, M|100\/100\n|\n|upkeep\n|turn|11\n|\n|t:|1700864570\n|switch|p1a: Pelipper|Pelipper, F|100\/100\n|-weather|RainDance|[from] ability: Drizzle|[of] p1a: Pelipper\n|switch|p2a: Sableye|Sableye-Mega, M|8\/100\n|\n|-weather|RainDance|[upkeep]\n|upkeep\n|turn|12\n|\n|t:|1700864581\n|move|p1a: Pelipper|Scald|p2a: Sableye\n|-damage|p2a: Sableye|0 fnt\n|faint|p2a: Sableye\n|\n|-weather|RainDance|[upkeep]\n|upkeep\n|\n|t:|1700864584\n|switch|p2a: Clefable|Clefable, M|100\/100\n|turn|13\n|\n|t:|1700864587\n|move|p2a: Clefable|Calm Mind|p2a: Clefable\n|-boost|p2a: Clefable|spa|1\n|-boost|p2a: Clefable|spd|1\n|move|p1a: Pelipper|Toxic|p2a: Clefable\n|-status|p2a: Clefable|tox\n|\n|-weather|RainDance|[upkeep]\n|upkeep\n|turn|14\n|\n|t:|1700864592\n|switch|p1a: Ferrothorn|Ferrothorn, M|100\/100\n|move|p2a: Clefable|Moonblast|p1a: Ferrothorn\n|-resisted|p1a: Ferrothorn\n|-damage|p1a: Ferrothorn|82\/100\n|\n|-weather|RainDance|[upkeep]\n|upkeep\n|turn|15\n|\n|t:|1700864598\n|move|p2a: Clefable|Flamethrower|p1a: Ferrothorn\n|-supereffective|p1a: Ferrothorn\n|-damage|p1a: Ferrothorn|35\/100\n|move|p1a: Ferrothorn|Stealth Rock|p2a: Clefable\n|-sidestart|p2: bananasinpajamas7|move: Stealth Rock\n|\n|-weather|RainDance|[upkeep]\n|upkeep\n|turn|16\n|\n|t:|1700864603\n|move|p1a: Ferrothorn|Protect|p1a: Ferrothorn\n|-singleturn|p1a: Ferrothorn|Protect\n|move|p2a: Clefable|Flamethrower|p1a: Ferrothorn\n|-activate|p1a: Ferrothorn|move: Protect\n|\n|-weather|RainDance|[upkeep]\n|upkeep\n|turn|17\n|\n|t:|1700864607\n|switch|p1a: Swampert|Swampert-Mega, F|79\/100\n|move|p2a: Clefable|Moonblast|p1a: Swampert\n|-damage|p1a: Swampert|37\/100\n|\n|-weather|RainDance|[upkeep]\n|upkeep\n|turn|18\n|\n|t:|1700864618\n|move|p1a: Swampert|Waterfall|p2a: Clefable\n|-damage|p2a: Clefable|36\/100 tox\n|move|p2a: Clefable|Moonblast|p1a: Swampert\n|-damage|p1a: Swampert|0 fnt\n|faint|p1a: Swampert\n|\n|-weather|none\n|-heal|p2a: Clefable|42\/100 tox|[from] item: Leftovers\n|upkeep\n|\n|t:|1700864621\n|switch|p1a: Pelipper|Pelipper, F|100\/100\n|-weather|RainDance|[from] ability: Drizzle|[of] p1a: Pelipper\n|turn|19\n|\n|t:|1700864631\n|move|p2a: Clefable|Soft-Boiled|p2a: Clefable\n|-heal|p2a: Clefable|92\/100 tox\n|move|p1a: Pelipper|Scald|p2a: Clefable\n|-damage|p2a: Clefable|66\/100 tox\n|\n|-weather|RainDance|[upkeep]\n|-heal|p2a: Clefable|72\/100 tox|[from] item: Leftovers\n|upkeep\n|turn|20\n|\n|t:|1700864636\n|switch|p1a: Ferrothorn|Ferrothorn, M|35\/100\n|move|p2a: Clefable|Moonblast|p1a: Ferrothorn\n|-resisted|p1a: Ferrothorn\n|-damage|p1a: Ferrothorn|16\/100\n|\n|-weather|RainDance|[upkeep]\n|-heal|p2a: Clefable|78\/100 tox|[from] item: Leftovers\n|upkeep\n|turn|21\n|\n|t:|1700864641\n|move|p2a: Clefable|Moonblast|p1a: Ferrothorn\n|-resisted|p1a: Ferrothorn\n|-damage|p1a: Ferrothorn|0 fnt\n|faint|p1a: Ferrothorn\n|\n|-weather|RainDance|[upkeep]\n|-heal|p2a: Clefable|85\/100 tox|[from] item: Leftovers\n|upkeep\n|\n|t:|1700864645\n|switch|p1a: Arctovish|Arctovish|100\/100\n|turn|22\n|\n|t:|1700864649\n|switch|p2a: Alomomola|Alomomola, F|100\/100\n|-damage|p2a: Alomomola|88\/100|[from] Stealth Rock\n|-terastallize|p1a: Arctovish|Water\n|move|p1a: Arctovish|Fishious Rend|p2a: Alomomola\n|-resisted|p2a: Alomomola\n|-damage|p2a: Alomomola|52\/100\n|\n|-weather|RainDance|[upkeep]\n|upkeep\n|turn|23\n|\n|t:|1700864660\n|switch|p1a: Goodra|Goodra-Hisui, M|77\/100 brn\n|move|p2a: Alomomola|Wish|p2a: Alomomola\n|\n|-weather|RainDance|[upkeep]\n|-damage|p1a: Goodra|71\/100 brn|[from] brn\n|upkeep\n|turn|24\n|\n|t:|1700864691\n|move|p2a: Alomomola|Scald|p1a: Goodra\n|-resisted|p1a: Goodra\n|-damage|p1a: Goodra|67\/100 brn\n|move|p1a: Goodra|Draco Meteor|p2a: Alomomola\n|-damage|p2a: Alomomola|0 fnt\n|-unboost|p1a: Goodra|spa|2\n|faint|p2a: Alomomola\n|\n|-weather|RainDance|[upkeep]\n|-damage|p1a: Goodra|61\/100 brn|[from] brn\n|upkeep\n|\n|t:|1700864702\n|switch|p2a: Clodsire|Clodsire, M|100\/100\n|-damage|p2a: Clodsire|94\/100|[from] Stealth Rock\n|turn|25\n|\n|t:|1700864707\n|switch|p1a: Pelipper|Pelipper, F|100\/100\n|move|p2a: Clodsire|Spikes|p1a: Pelipper\n|-sidestart|p1: Techvast|Spikes\n|\n|-weather|RainDance|[upkeep]\n|-heal|p2a: Clodsire|100\/100|[from] item: Leftovers\n|upkeep\n|turn|26\n|\n|t:|1700864713\n|move|p1a: Pelipper|Scald|p2a: Clodsire\n|-supereffective|p2a: Clodsire\n|-damage|p2a: Clodsire|61\/100\n|move|p2a: Clodsire|Toxic|p1a: Pelipper\n|-status|p1a: Pelipper|tox\n|\n|-weather|none\n|-heal|p2a: Clodsire|67\/100|[from] item: Leftovers\n|-damage|p1a: Pelipper|94\/100 tox|[from] psn\n|upkeep\n|turn|27\n|\n|t:|1700864720\n|move|p1a: Pelipper|Defog|p2a: Clodsire\n|-unboost|p2a: Clodsire|evasion|1\n|-sideend|p2: bananasinpajamas7|Stealth Rock|[from] move: Defog|[of] p1a: Pelipper\n|-sideend|p1: Techvast|Spikes|[from] move: Defog|[of] p1a: Pelipper\n|move|p2a: Clodsire|Spikes|p1a: Pelipper\n|-sidestart|p1: Techvast|Spikes\n|\n|-heal|p2a: Clodsire|73\/100|[from] item: Leftovers\n|-damage|p1a: Pelipper|82\/100 tox|[from] psn\n|upkeep\n|turn|28\n|\n|t:|1700864727\n|move|p1a: Pelipper|Scald|p2a: Clodsire\n|-supereffective|p2a: Clodsire\n|-damage|p2a: Clodsire|43\/100\n|move|p2a: Clodsire|Spikes|p1a: Pelipper\n|-sidestart|p1: Techvast|Spikes\n|\n|-heal|p2a: Clodsire|49\/100|[from] item: Leftovers\n|-damage|p1a: Pelipper|63\/100 tox|[from] psn\n|upkeep\n|turn|29\n|\n|t:|1700864730\n|move|p1a: Pelipper|Scald|p2a: Clodsire\n|-supereffective|p2a: Clodsire\n|-damage|p2a: Clodsire|22\/100\n|move|p2a: Clodsire|Recover|p2a: Clodsire\n|-heal|p2a: Clodsire|72\/100\n|\n|-heal|p2a: Clodsire|78\/100|[from] item: Leftovers\n|-damage|p1a: Pelipper|39\/100 tox|[from] psn\n|upkeep\n|turn|30\n|\n|t:|1700864737\n|move|p1a: Pelipper|Roost|p1a: Pelipper\n|-heal|p1a: Pelipper|89\/100 tox\n|-singleturn|p1a: Pelipper|move: Roost\n|move|p2a: Clodsire|Spikes|p1a: Pelipper\n|-sidestart|p1: Techvast|Spikes\n|\n|-heal|p2a: Clodsire|84\/100|[from] item: Leftovers\n|-damage|p1a: Pelipper|58\/100 tox|[from] psn\n|upkeep\n|turn|31\n|\n|t:|1700864749\n|switch|p1a: Goodra|Goodra-Hisui, M|61\/100 brn\n|-damage|p1a: Goodra|36\/100 brn|[from] Spikes\n|switch|p2a: Clefable|Clefable, M|85\/100 tox\n|\n|-heal|p2a: Clefable|91\/100 tox|[from] item: Leftovers\n|-damage|p1a: Goodra|30\/100 brn|[from] brn\n|upkeep\n|turn|32\n|\n|t:|1700864758\n|move|p2a: Clefable|Moonblast|p1a: Goodra\n|-damage|p1a: Goodra|20\/100 brn\n|move|p1a: Goodra|Knock Off|p2a: Clefable\n|-resisted|p2a: Clefable\n|-damage|p2a: Clefable|87\/100 tox\n|-enditem|p2a: Clefable|Leftovers|[from] move: Knock Off|[of] p1a: Goodra\n|\n|-damage|p1a: Goodra|14\/100 brn|[from] brn\n|upkeep\n|turn|33\n|\n|t:|1700864774\n|move|p2a: Clefable|Calm Mind|p2a: Clefable\n|-boost|p2a: Clefable|spa|1\n|-boost|p2a: Clefable|spd|1\n|move|p1a: Goodra|Flash Cannon|p2a: Clefable\n|-supereffective|p2a: Clefable\n|-damage|p2a: Clefable|50\/100 tox\n|\n|-damage|p1a: Goodra|8\/100 brn|[from] brn\n|upkeep\n|turn|34\n|\n|t:|1700864776\n|move|p2a: Clefable|Moonblast|p1a: Goodra\n|-damage|p1a: Goodra|0 fnt\n|faint|p1a: Goodra\n|\n|upkeep\n|\n|t:|1700864779\n|switch|p1a: Pelipper|Pelipper, F|58\/100 tox\n|-weather|RainDance|[from] ability: Drizzle|[of] p1a: Pelipper\n|turn|35\n|\n|t:|1700864782\n|move|p2a: Clefable|Soft-Boiled|p2a: Clefable\n|-heal|p2a: Clefable|99\/100 tox\n|move|p1a: Pelipper|Defog|p2a: Clefable\n|-unboost|p2a: Clefable|evasion|1\n|-sideend|p1: Techvast|Spikes|[from] move: Defog|[of] p1a: Pelipper\n|\n|-weather|RainDance|[upkeep]\n|-damage|p1a: Pelipper|52\/100 tox|[from] psn\n|upkeep\n|turn|36\n|\n|t:|1700864785\n|move|p2a: Clefable|Moonblast|p1a: Pelipper\n|-damage|p1a: Pelipper|0 fnt\n|faint|p1a: Pelipper\n|\n|-weather|RainDance|[upkeep]\n|upkeep\n|\n|t:|1700864790\n|switch|p1a: Arctovish|Arctovish, tera:Water|100\/100\n|turn|37\n|\n|t:|1700864797\n|-terastallize|p2a: Clefable|Fairy\n|move|p1a: Arctovish|Fishious Rend|p2a: Clefable\n|-damage|p2a: Clefable|0 fnt\n|faint|p2a: Clefable\n|\n|-weather|RainDance|[upkeep]\n|upkeep\n|\n|t:|1700864801\n|switch|p2a: Corviknight|Corviknight, F|100\/100\n|-ability|p2a: Corviknight|Pressure\n|turn|38\n|\n|t:|1700864804\n|switch|p1a: Zapdos|Zapdos|100\/100\n|move|p2a: Corviknight|Brave Bird|p1a: Zapdos\n|-resisted|p1a: Zapdos\n|-damage|p1a: Zapdos|86\/100\n|-damage|p2a: Corviknight|96\/100|[from] Recoil\n|\n|-weather|RainDance|[upkeep]\n|-heal|p1a: Zapdos|93\/100|[from] item: Leftovers\n|upkeep\n|turn|39\n|\n|t:|1700864809\n|switch|p1a: Arctovish|Arctovish, tera:Water|100\/100\n|switch|p2a: Clodsire|Clodsire, M|84\/100\n|\n|-weather|RainDance|[upkeep]\n|-heal|p2a: Clodsire|90\/100|[from] item: Leftovers\n|upkeep\n|turn|40\n|\n|t:|1700864813\n|move|p1a: Arctovish|Fishious Rend|p2a: Clodsire\n|-supereffective|p2a: Clodsire\n|-damage|p2a: Clodsire|0 fnt\n|faint|p2a: Clodsire\n|\n|-weather|RainDance|[upkeep]\n|upkeep\n|-message|bananasinpajamas7 forfeited.\n|\n|win|Techvast\n|raw|Techvast's rating: 1245 &rarr; <strong>1274<\/strong><br \/>(+29 for winning)\n|raw|bananasinpajamas7's rating: 1303 &rarr; <strong>1280<\/strong><br \/>(-23 for losing)\n|l|\u2606bananasinpajamas7\n","uploadtime":1700864837,"views":11,"p1id":"techvast","p2id":"bananasinpajamas7","formatid":"gen9nationaldex","rating":1274,"private":0,"password":""}