{"id":"gen9nationaldex-1999407633","p1":"Moonrisescout","p2":"Plushat","format":"[Gen 9] National Dex","log":"|html|<div class=\"broadcast-blue\"><strong>[Gen 9] National Dex is currently suspecting Sneasler! For information on how to participate check out the <a href=\"https:\/\/www.smogon.com\/forums\/threads\/sv-national-dex-suspect-8-just-dance.3731534\/\">suspect thread<\/a>.<\/strong><\/div>\n|j|\u2606Moonrisescout\n|j|\u2606Plushat\n|t:|1701075345\n|gametype|singles\n|player|p1|Moonrisescout|elesa|1027\n|player|p2|Plushat|dragontamer|1094\n|teamsize|p1|6\n|teamsize|p2|6\n|gen|9\n|tier|[Gen 9] National Dex\n|rated|\n|rule|HP Percentage Mod: HP is shown in percentages\n|rule|Endless Battle Clause: Forcing endless battles is banned\n|rule|OHKO Clause: OHKO moves are banned\n|rule|Evasion Clause: Evasion abilities, items, and moves are banned\n|rule|Evasion Abilities Clause: Evasion abilities are banned\n|rule|Evasion Items Clause: Evasion items are banned\n|rule|Evasion Moves Clause: Evasion moves are banned\n|rule|Species Clause: Limit one of each Pok\u00e9mon\n|rule|Sleep Clause Mod: Limit one foe put to sleep\n|clearpoke\n|poke|p1|Leafeon, F|\n|poke|p1|Ninetales-Alola, F|\n|poke|p1|Manaphy|\n|poke|p1|Goodra, F|\n|poke|p1|Flareon, F|\n|poke|p1|Decidueye, M|\n|poke|p2|Noivern, M|\n|poke|p2|Raichu-Alola, M|\n|poke|p2|Ribombee, F|\n|poke|p2|Empoleon, F|\n|poke|p2|Bewear, M|\n|poke|p2|Dewgong, M|\n|teampreview\n|\n|t:|1701075357\n|start\n|switch|p1a: Alana Beck|Flareon, F|100\/100\n|switch|p2a: Noivern|Noivern, M|100\/100\n|turn|1\n|\n|t:|1701075364\n|move|p2a: Noivern|Dragon Dance|p2a: Noivern\n|-boost|p2a: Noivern|atk|1\n|-boost|p2a: Noivern|spe|1\n|move|p1a: Alana Beck|Sunny Day|p1a: Alana Beck\n|-weather|SunnyDay\n|\n|-weather|SunnyDay|[upkeep]\n|upkeep\n|turn|2\n|\n|t:|1701075371\n|switch|p1a: Melony|Leafeon, F, shiny|100\/100\n|move|p2a: Noivern|Dragon Dance|p2a: Noivern\n|-boost|p2a: Noivern|atk|1\n|-boost|p2a: Noivern|spe|1\n|\n|-weather|SunnyDay|[upkeep]\n|upkeep\n|turn|3\n|\n|t:|1701075380\n|move|p2a: Noivern|Dual Wingbeat|p1a: Melony\n|-supereffective|p1a: Melony\n|-damage|p1a: Melony|45\/100\n|-supereffective|p1a: Melony\n|-damage|p1a: Melony|0 fnt\n|faint|p1a: Melony\n|-hitcount|p1: Melony|2\n|\n|-weather|SunnyDay|[upkeep]\n|upkeep\n|\n|t:|1701075387\n|switch|p1a: Alana Beck|Flareon, F|100\/100\n|turn|4\n|\n|t:|1701075392\n|move|p2a: Noivern|Dragon Dance|p2a: Noivern\n|-boost|p2a: Noivern|atk|1\n|-boost|p2a: Noivern|spe|1\n|move|p1a: Alana Beck|Flare Blitz|p2a: Noivern\n|-resisted|p2a: Noivern\n|-damage|p2a: Noivern|44\/100\n|-damage|p1a: Alana Beck|80\/100|[from] Recoil\n|\n|-weather|SunnyDay|[upkeep]\n|upkeep\n|turn|5\n|\n|t:|1701075403\n|move|p2a: Noivern|Dual Wingbeat|p1a: Alana Beck|[miss]\n|-miss|p2a: Noivern|p1a: Alana Beck\n|move|p1a: Alana Beck|Lava Plume|p2a: Noivern\n|-resisted|p2a: Noivern\n|-damage|p2a: Noivern|13\/100\n|\n|-weather|none\n|upkeep\n|turn|6\n|\n|t:|1701075412\n|move|p2a: Noivern|Roost|p2a: Noivern\n|-heal|p2a: Noivern|64\/100\n|-singleturn|p2a: Noivern|move: Roost\n|move|p1a: Alana Beck|Lava Plume|p2a: Noivern\n|-resisted|p2a: Noivern\n|-damage|p2a: Noivern|42\/100\n|\n|upkeep\n|turn|7\n|\n|t:|1701075420\n|move|p2a: Noivern|Roost|p2a: Noivern\n|-heal|p2a: Noivern|92\/100\n|-singleturn|p2a: Noivern|move: Roost\n|move|p1a: Alana Beck|Flare Blitz|p2a: Noivern\n|-resisted|p2a: Noivern\n|-damage|p2a: Noivern|48\/100\n|-damage|p1a: Alana Beck|64\/100|[from] Recoil\n|\n|upkeep\n|turn|8\n|\n|t:|1701075436\n|switch|p1a: Marina|Goodra, F|100\/100\n|move|p2a: Noivern|Roost|p2a: Noivern\n|-heal|p2a: Noivern|98\/100\n|-singleturn|p2a: Noivern|move: Roost\n|\n|upkeep\n|turn|9\n|\n|t:|1701075443\n|move|p2a: Noivern|Dragon Claw|p1a: Marina\n|-supereffective|p1a: Marina\n|-damage|p1a: Marina|0 fnt\n|faint|p1a: Marina\n|\n|upkeep\n|\n|t:|1701075455\n|switch|p1a: Maple|Decidueye, M|100\/100\n|turn|10\n|\n|t:|1701075459\n|move|p2a: Noivern|Dual Wingbeat|p1a: Maple\n|-supereffective|p1a: Maple\n|-damage|p1a: Maple|8\/100\n|-supereffective|p1a: Maple\n|-damage|p1a: Maple|0 fnt\n|faint|p1a: Maple\n|-hitcount|p1: Maple|2\n|\n|upkeep\n|-message|Moonrisescout forfeited.\n|\n|win|Plushat\n|raw|Moonrisescout's rating: 1027 &rarr; <strong>1016<\/strong><br \/>(-11 for losing)\n|raw|Plushat's rating: 1094 &rarr; <strong>1115<\/strong><br \/>(+21 for winning)\n|l|\u2606Moonrisescout\n","uploadtime":1701075469,"views":4,"p1id":"moonrisescout","p2id":"plushat","formatid":"gen9nationaldex","rating":1016,"private":0,"password":""}