{"id":"gen9nationaldex-1998444613","p1":"TheyCallMeShish","p2":"dsnfbjaskdf","format":"[Gen 9] National Dex","log":"|html|<div class=\"broadcast-blue\"><strong>[Gen 9] National Dex is currently suspecting Sneasler! For information on how to participate check out the <a href=\"https:\/\/www.smogon.com\/forums\/threads\/sv-national-dex-suspect-8-just-dance.3731534\/\">suspect thread<\/a>.<\/strong><\/div>\n|j|\u2606TheyCallMeShish\n|j|\u2606dsnfbjaskdf\n|t:|1700943043\n|gametype|singles\n|player|p1|TheyCallMeShish|102|1248\n|player|p2|dsnfbjaskdf|lucas|1159\n|teamsize|p1|6\n|teamsize|p2|6\n|gen|9\n|tier|[Gen 9] National Dex\n|rated|\n|rule|HP Percentage Mod: HP is shown in percentages\n|rule|Endless Battle Clause: Forcing endless battles is banned\n|rule|OHKO Clause: OHKO moves are banned\n|rule|Evasion Clause: Evasion abilities, items, and moves are banned\n|rule|Evasion Abilities Clause: Evasion abilities are banned\n|rule|Evasion Items Clause: Evasion items are banned\n|rule|Evasion Moves Clause: Evasion moves are banned\n|rule|Species Clause: Limit one of each Pok\u00e9mon\n|rule|Sleep Clause Mod: Limit one foe put to sleep\n|clearpoke\n|poke|p1|Latias, F|\n|poke|p1|Skeledirge, M|\n|poke|p1|Clefable, M|\n|poke|p1|Ferrothorn, F|\n|poke|p1|Gliscor, M|\n|poke|p1|Tornadus-Therian, M|\n|poke|p2|Azelf|\n|poke|p2|Nidoking, M|\n|poke|p2|Zapdos|\n|poke|p2|Lucario, M|\n|poke|p2|Clefable, M|\n|poke|p2|Garchomp, M|\n|teampreview\n|inactive|Battle timer is ON: inactive players will automatically lose when time's up. (requested by TheyCallMeShish)\n|\n|t:|1700943068\n|start\n|switch|p1a: Tornadus|Tornadus-Therian, M|100\/100\n|switch|p2a: Clouded|Azelf|100\/100\n|turn|1\n|\n|t:|1700943073\n|switch|p2a: Doritoes|Zapdos, shiny|100\/100\n|move|p1a: Tornadus|Taunt|p2a: Doritoes\n|-start|p2a: Doritoes|move: Taunt\n|\n|upkeep\n|turn|2\n|\n|t:|1700943078\n|switch|p1a: Gliscor|Gliscor, M|100\/100\n|move|p2a: Doritoes|U-turn|p1a: Gliscor\n|-resisted|p1a: Gliscor\n|-damage|p1a: Gliscor|95\/100\n|\n|t:|1700943082\n|switch|p2a: UglyAF|Clefable, M|100\/100|[from] U-turn\n|\n|-status|p1a: Gliscor|tox|[from] item: Toxic Orb\n|upkeep\n|turn|3\n|\n|t:|1700943091\n|switch|p1a: Skeledirge|Skeledirge, M|100\/100\n|move|p2a: UglyAF|Calm Mind|p2a: UglyAF\n|-boost|p2a: UglyAF|spa|1\n|-boost|p2a: UglyAF|spd|1\n|\n|upkeep\n|turn|4\n|\n|t:|1700943107\n|switch|p2a: Doritoes|Zapdos, shiny|100\/100\n|move|p1a: Skeledirge|Will-O-Wisp|p2a: Doritoes\n|-status|p2a: Doritoes|brn\n|\n|-damage|p2a: Doritoes|94\/100 brn|[from] brn\n|upkeep\n|turn|5\n|\n|t:|1700943115\n|switch|p1a: Gliscor|Gliscor, M|95\/100 tox\n|move|p2a: Doritoes|Discharge|p1a: Gliscor\n|-immune|p1a: Gliscor\n|\n|-heal|p1a: Gliscor|100\/100 tox|[from] ability: Poison Heal\n|-damage|p2a: Doritoes|88\/100 brn|[from] brn\n|upkeep\n|turn|6\n|\n|t:|1700943127\n|move|p2a: Doritoes|U-turn|p1a: Gliscor\n|-resisted|p1a: Gliscor\n|-damage|p1a: Gliscor|98\/100 tox\n|\n|t:|1700943134\n|switch|p2a: UglyAF|Clefable, M|100\/100|[from] U-turn\n|move|p1a: Gliscor|Spikes|p2a: UglyAF\n|-sidestart|p2: dsnfbjaskdf|Spikes\n|\n|-heal|p1a: Gliscor|100\/100 tox|[from] ability: Poison Heal\n|upkeep\n|turn|7\n|\n|t:|1700943143\n|switch|p1a: Skeledirge|Skeledirge, M|100\/100\n|switch|p2a: Henry|Nidoking, M, shiny|100\/100\n|-damage|p2a: Henry|88\/100|[from] Spikes\n|\n|upkeep\n|turn|8\n|\n|t:|1700943156\n|switch|p1a: Tornadus|Tornadus-Therian, M|100\/100\n|move|p2a: Henry|Ice Beam|p1a: Tornadus\n|-supereffective|p1a: Tornadus\n|-damage|p1a: Tornadus|2\/100\n|\n|upkeep\n|turn|9\n|\n|t:|1700943163\n|switch|p2a: Doritoes|Zapdos, shiny|88\/100 brn\n|-zpower|p1a: Tornadus\n|move|p1a: Tornadus|Supersonic Skystrike|p2a: Doritoes|[zeffect]\n|-resisted|p2a: Doritoes\n|-damage|p2a: Doritoes|60\/100 brn\n|\n|-damage|p2a: Doritoes|54\/100 brn|[from] brn\n|upkeep\n|turn|10\n|\n|t:|1700943173\n|switch|p1a: Gliscor|Gliscor, M|100\/100 tox\n|move|p2a: Doritoes|Roost|p2a: Doritoes\n|-heal|p2a: Doritoes|100\/100 brn\n|-singleturn|p2a: Doritoes|move: Roost\n|\n|-damage|p2a: Doritoes|94\/100 brn|[from] brn\n|upkeep\n|turn|11\n|\n|t:|1700943181\n|move|p2a: Doritoes|Defog|p1a: Gliscor\n|-unboost|p1a: Gliscor|evasion|1\n|-sideend|p2: dsnfbjaskdf|Spikes|[from] move: Defog|[of] p2a: Doritoes\n|move|p1a: Gliscor|Spikes|p2a: Doritoes\n|-sidestart|p2: dsnfbjaskdf|Spikes\n|\n|-damage|p2a: Doritoes|88\/100 brn|[from] brn\n|upkeep\n|turn|12\n|\n|t:|1700943190\n|move|p2a: Doritoes|Defog|p1a: Gliscor\n|-unboost|p1a: Gliscor|evasion|1\n|-sideend|p2: dsnfbjaskdf|Spikes|[from] move: Defog|[of] p2a: Doritoes\n|move|p1a: Gliscor|Spikes|p2a: Doritoes\n|-sidestart|p2: dsnfbjaskdf|Spikes\n|\n|-damage|p2a: Doritoes|82\/100 brn|[from] brn\n|upkeep\n|turn|13\n|\n|t:|1700943198\n|switch|p2a: UglyAF|Clefable, M|100\/100\n|move|p1a: Gliscor|Spikes|p2a: UglyAF\n|-sidestart|p2: dsnfbjaskdf|Spikes\n|\n|upkeep\n|turn|14\n|\n|t:|1700943218\n|switch|p1a: Latias|Latias, F|100\/100\n|move|p2a: UglyAF|Calm Mind|p2a: UglyAF\n|-boost|p2a: UglyAF|spa|1\n|-boost|p2a: UglyAF|spd|1\n|\n|upkeep\n|turn|15\n|\n|t:|1700943228\n|switch|p1a: Skeledirge|Skeledirge, M|100\/100\n|move|p2a: UglyAF|Moonblast|p1a: Skeledirge\n|-resisted|p1a: Skeledirge\n|-damage|p1a: Skeledirge|87\/100\n|\n|upkeep\n|turn|16\n|\n|t:|1700943234\n|switch|p2a: Doritoes|Zapdos, shiny|82\/100 brn\n|move|p1a: Skeledirge|Torch Song|p2a: Doritoes\n|-damage|p2a: Doritoes|63\/100 brn\n|-boost|p1a: Skeledirge|spa|1\n|\n|-damage|p2a: Doritoes|57\/100 brn|[from] brn\n|upkeep\n|turn|17\n|\n|t:|1700943242\n|move|p2a: Doritoes|Defog|p1a: Skeledirge\n|-unboost|p1a: Skeledirge|evasion|1\n|-sideend|p2: dsnfbjaskdf|Spikes|[from] move: Defog|[of] p2a: Doritoes\n|move|p1a: Skeledirge|Torch Song|p2a: Doritoes\n|-damage|p2a: Doritoes|27\/100 brn\n|-boost|p1a: Skeledirge|spa|1\n|\n|-damage|p2a: Doritoes|21\/100 brn|[from] brn\n|upkeep\n|turn|18\n|\n|t:|1700943264\n|move|p2a: Doritoes|Discharge|p1a: Skeledirge\n|-damage|p1a: Skeledirge|63\/100\n|move|p1a: Skeledirge|Hex|p2a: Doritoes\n|-damage|p2a: Doritoes|0 fnt\n|faint|p2a: Doritoes\n|\n|upkeep\n|\n|t:|1700943273\n|switch|p2a: Henry|Nidoking, M, shiny|88\/100\n|turn|19\n|\n|t:|1700943282\n|switch|p1a: Tornadus|Tornadus-Therian, M|35\/100\n|move|p2a: Henry|Earth Power|p1a: Tornadus\n|-immune|p1a: Tornadus\n|\n|upkeep\n|turn|20\n|\n|t:|1700943293\n|move|p1a: Tornadus|Knock Off|p2a: Henry\n|-damage|p2a: Henry|62\/100\n|-enditem|p2a: Henry|Life Orb|[from] move: Knock Off|[of] p1a: Tornadus\n|move|p2a: Henry|Sludge Wave|p1a: Tornadus\n|-damage|p1a: Tornadus|0 fnt\n|faint|p1a: Tornadus\n|\n|upkeep\n|\n|t:|1700943304\n|switch|p1a: Latias|Latias, F|100\/100\n|turn|21\n|\n|t:|1700943316\n|switch|p2a: UglyAF|Clefable, M|100\/100\n|detailschange|p1a: Latias|Latias-Mega, F\n|-mega|p1a: Latias|Latias|Latiasite\n|move|p1a: Latias|Calm Mind|p1a: Latias\n|-boost|p1a: Latias|spa|1\n|-boost|p1a: Latias|spd|1\n|\n|upkeep\n|turn|22\n|\n|t:|1700943323\n|switch|p1a: Skeledirge|Skeledirge, M|63\/100\n|move|p2a: UglyAF|Moonblast|p1a: Skeledirge\n|-resisted|p1a: Skeledirge\n|-damage|p1a: Skeledirge|49\/100\n|-unboost|p1a: Skeledirge|spa|1\n|\n|upkeep\n|turn|23\n|\n|t:|1700943333\n|switch|p2a: Henry|Nidoking, M, shiny|62\/100\n|move|p1a: Skeledirge|Torch Song|p2a: Henry\n|-damage|p2a: Henry|34\/100\n|-boost|p1a: Skeledirge|spa|1\n|\n|upkeep\n|turn|24\n|\n|t:|1700943343\n|-terastallize|p1a: Skeledirge|Water\n|move|p2a: Henry|Earth Power|p1a: Skeledirge\n|-damage|p1a: Skeledirge|13\/100\n|move|p1a: Skeledirge|Slack Off|p1a: Skeledirge\n|-heal|p1a: Skeledirge|63\/100\n|\n|upkeep\n|turn|25\n|\n|t:|1700943350\n|move|p2a: Henry|Sludge Wave|p1a: Skeledirge\n|-damage|p1a: Skeledirge|25\/100\n|move|p1a: Skeledirge|Slack Off|p1a: Skeledirge\n|-heal|p1a: Skeledirge|75\/100\n|\n|upkeep\n|turn|26\n|\n|t:|1700943358\n|move|p2a: Henry|Sludge Wave|p1a: Skeledirge\n|-damage|p1a: Skeledirge|36\/100\n|move|p1a: Skeledirge|Slack Off|p1a: Skeledirge\n|-heal|p1a: Skeledirge|86\/100\n|\n|upkeep\n|turn|27\n|\n|t:|1700943364\n|move|p2a: Henry|Sludge Wave|p1a: Skeledirge\n|-damage|p1a: Skeledirge|49\/100\n|move|p1a: Skeledirge|Torch Song|p2a: Henry\n|-damage|p2a: Henry|0 fnt\n|-boost|p1a: Skeledirge|spa|1\n|faint|p2a: Henry\n|\n|upkeep\n|\n|t:|1700943368\n|switch|p2a: Clouded|Azelf|100\/100\n|turn|28\n|\n|t:|1700943378\n|switch|p1a: Ferrothorn|Ferrothorn, F|100\/100\n|move|p2a: Clouded|Energy Ball|p1a: Ferrothorn\n|-resisted|p1a: Ferrothorn\n|-damage|p1a: Ferrothorn|96\/100\n|\n|-heal|p1a: Ferrothorn|100\/100|[from] item: Leftovers\n|upkeep\n|turn|29\n|\n|t:|1700943385\n|move|p2a: Clouded|Flamethrower|p1a: Ferrothorn\n|-supereffective|p1a: Ferrothorn\n|-damage|p1a: Ferrothorn|12\/100\n|move|p1a: Ferrothorn|Knock Off|p2a: Clouded\n|-supereffective|p2a: Clouded\n|-damage|p2a: Clouded|30\/100\n|-enditem|p2a: Clouded|Expert Belt|[from] move: Knock Off|[of] p1a: Ferrothorn\n|\n|-heal|p1a: Ferrothorn|18\/100|[from] item: Leftovers\n|upkeep\n|turn|30\n|\n|t:|1700943395\n|switch|p1a: Gliscor|Gliscor, M|100\/100 tox\n|move|p2a: Clouded|Flamethrower|p1a: Gliscor\n|-damage|p1a: Gliscor|74\/100 tox\n|\n|-heal|p1a: Gliscor|86\/100 tox|[from] ability: Poison Heal\n|upkeep\n|turn|31\n|\n|t:|1700943403\n|move|p2a: Clouded|Psychic|p1a: Gliscor\n|-damage|p1a: Gliscor|49\/100 tox\n|-unboost|p1a: Gliscor|spd|1\n|move|p1a: Gliscor|Spikes|p2a: Clouded\n|-sidestart|p2: dsnfbjaskdf|Spikes\n|\n|-heal|p1a: Gliscor|61\/100 tox|[from] ability: Poison Heal\n|upkeep\n|turn|32\n|\n|t:|1700943413\n|switch|p1a: Ferrothorn|Ferrothorn, F|18\/100\n|move|p2a: Clouded|Psychic|p1a: Ferrothorn\n|-resisted|p1a: Ferrothorn\n|-damage|p1a: Ferrothorn|3\/100\n|\n|-heal|p1a: Ferrothorn|9\/100|[from] item: Leftovers\n|upkeep\n|turn|33\n|\n|t:|1700943420\n|switch|p1a: Latias|Latias-Mega, F|100\/100\n|move|p2a: Clouded|Psychic|p1a: Latias\n|-resisted|p1a: Latias\n|-damage|p1a: Latias|84\/100\n|\n|upkeep\n|turn|34\n|\n|t:|1700943426\n|move|p2a: Clouded|U-turn|p1a: Latias\n|-supereffective|p1a: Latias\n|-damage|p1a: Latias|58\/100\n|\n|t:|1700943430\n|switch|p2a: Lucario|Lucario, M|100\/100|[from] U-turn\n|-damage|p2a: Lucario|88\/100|[from] Spikes\n|move|p1a: Latias|Calm Mind|p1a: Latias\n|-boost|p1a: Latias|spa|1\n|-boost|p1a: Latias|spd|1\n|\n|upkeep\n|turn|35\n|\n|t:|1700943437\n|move|p1a: Latias|Aura Sphere|p2a: Lucario\n|-supereffective|p2a: Lucario\n|-damage|p2a: Lucario|0 fnt\n|faint|p2a: Lucario\n|\n|upkeep\n|\n|t:|1700943440\n|switch|p2a: FreshBlood|Garchomp, M|100\/100\n|-damage|p2a: FreshBlood|88\/100|[from] Spikes\n|turn|36\n|\n|t:|1700943447\n|switch|p1a: Gliscor|Gliscor, M|61\/100 tox\n|move|p2a: FreshBlood|Dragon Claw|p1a: Gliscor\n|-damage|p1a: Gliscor|22\/100 tox\n|\n|-heal|p1a: Gliscor|35\/100 tox|[from] ability: Poison Heal\n|upkeep\n|turn|37\n|\n|t:|1700943455\n|switch|p1a: Ferrothorn|Ferrothorn, F|9\/100\n|move|p2a: FreshBlood|Dragon Claw|p1a: Ferrothorn\n|-resisted|p1a: Ferrothorn\n|-damage|p1a: Ferrothorn|0 fnt\n|-damage|p2a: FreshBlood|76\/100|[from] ability: Iron Barbs|[of] p1a: Ferrothorn\n|faint|p1a: Ferrothorn\n|\n|upkeep\n|\n|t:|1700943464\n|switch|p1a: Clefable|Clefable, M|100\/100\n|turn|38\n|\n|t:|1700943467\n|switch|p2a: UglyAF|Clefable, M|100\/100\n|move|p1a: Clefable|Moonblast|p2a: UglyAF\n|-damage|p2a: UglyAF|71\/100\n|\n|-heal|p2a: UglyAF|77\/100|[from] item: Leftovers\n|upkeep\n|turn|39\n|\n|t:|1700943475\n|move|p1a: Clefable|Knock Off|p2a: UglyAF\n|-resisted|p2a: UglyAF\n|-damage|p2a: UglyAF|71\/100\n|-enditem|p2a: UglyAF|Leftovers|[from] move: Knock Off|[of] p1a: Clefable\n|move|p2a: UglyAF|Moonblast|p1a: Clefable\n|-damage|p1a: Clefable|72\/100\n|\n|upkeep\n|turn|40\n|\n|t:|1700943483\n|switch|p1a: Skeledirge|Skeledirge, M, tera:Water|49\/100\n|move|p2a: UglyAF|Moonblast|p1a: Skeledirge\n|-damage|p1a: Skeledirge|25\/100\n|\n|upkeep\n|turn|41\n|\n|t:|1700943489\n|move|p1a: Skeledirge|Slack Off|p1a: Skeledirge\n|-heal|p1a: Skeledirge|75\/100\n|move|p2a: UglyAF|Moonblast|p1a: Skeledirge\n|-damage|p1a: Skeledirge|51\/100\n|\n|upkeep\n|turn|42\n|\n|t:|1700943495\n|move|p1a: Skeledirge|Slack Off|p1a: Skeledirge\n|-heal|p1a: Skeledirge|100\/100\n|move|p2a: UglyAF|Moonblast|p1a: Skeledirge\n|-damage|p1a: Skeledirge|76\/100\n|\n|upkeep\n|turn|43\n|inactive|dsnfbjaskdf has 120 seconds left.\n|\n|t:|1700943553\n|move|p1a: Skeledirge|Will-O-Wisp|p2a: UglyAF\n|-status|p2a: UglyAF|brn\n|move|p2a: UglyAF|Moonblast|p1a: Skeledirge\n|-damage|p1a: Skeledirge|51\/100\n|-unboost|p1a: Skeledirge|spa|1\n|\n|upkeep\n|turn|44\n|\n|t:|1700943561\n|move|p1a: Skeledirge|Torch Song|p2a: UglyAF\n|-damage|p2a: UglyAF|52\/100 brn\n|-boost|p1a: Skeledirge|spa|1\n|move|p2a: UglyAF|Moonblast|p1a: Skeledirge\n|-damage|p1a: Skeledirge|27\/100\n|-unboost|p1a: Skeledirge|spa|1\n|\n|upkeep\n|turn|45\n|\n|t:|1700943569\n|switch|p2a: Clouded|Azelf|30\/100\n|move|p1a: Skeledirge|Slack Off|p1a: Skeledirge\n|-heal|p1a: Skeledirge|77\/100\n|\n|upkeep\n|turn|46\n|\n|t:|1700943577\n|switch|p1a: Clefable|Clefable, M|72\/100\n|move|p2a: Clouded|Energy Ball|p1a: Clefable\n|-damage|p1a: Clefable|43\/100\n|\n|upkeep\n|turn|47\n|\n|t:|1700943582\n|-terastallize|p2a: Clouded|Psychic\n|move|p2a: Clouded|Psychic|p1a: Clefable\n|-damage|p1a: Clefable|0 fnt\n|faint|p1a: Clefable\n|\n|upkeep\n|\n|t:|1700943588\n|switch|p1a: Latias|Latias-Mega, F|58\/100\n|turn|48\n|\n|t:|1700943594\n|move|p2a: Clouded|U-turn|p1a: Latias\n|-supereffective|p1a: Latias\n|-damage|p1a: Latias|29\/100\n|\n|t:|1700943596\n|switch|p2a: FreshBlood|Garchomp, M|76\/100|[from] U-turn\n|-damage|p2a: FreshBlood|64\/100|[from] Spikes\n|move|p1a: Latias|Roost|p1a: Latias\n|-heal|p1a: Latias|79\/100\n|-singleturn|p1a: Latias|move: Roost\n|\n|upkeep\n|turn|49\n|\n|t:|1700943607\n|switch|p1a: Gliscor|Gliscor, M|35\/100 tox\n|move|p2a: FreshBlood|Dragon Claw|p1a: Gliscor\n|-damage|p1a: Gliscor|0 fnt\n|faint|p1a: Gliscor\n|\n|upkeep\n|\n|t:|1700943613\n|switch|p1a: Skeledirge|Skeledirge, M, tera:Water|77\/100\n|turn|50\n|inactive|dsnfbjaskdf has 120 seconds left.\n|\n|t:|1700943660\n|switch|p2a: UglyAF|Clefable, M|52\/100 brn\n|move|p1a: Skeledirge|Will-O-Wisp|p2a: UglyAF\n|-fail|p2a: UglyAF|brn\n|\n|upkeep\n|turn|51\n|\n|t:|1700943667\n|move|p1a: Skeledirge|Hex|p2a: UglyAF\n|-damage|p2a: UglyAF|2\/100 brn\n|move|p2a: UglyAF|Moonblast|p1a: Skeledirge\n|-damage|p1a: Skeledirge|53\/100\n|\n|upkeep\n|turn|52\n|inactive|dsnfbjaskdf has 120 seconds left.\n|\n|t:|1700943674\n|move|p1a: Skeledirge|Hex|p2a: UglyAF\n|-damage|p2a: UglyAF|0 fnt\n|faint|p2a: UglyAF\n|\n|upkeep\n|\n|t:|1700943679\n|switch|p2a: Clouded|Azelf, tera:Psychic|30\/100\n|turn|53\n|\n|t:|1700943683\n|move|p2a: Clouded|Psychic|p1a: Skeledirge\n|-damage|p1a: Skeledirge|6\/100\n|move|p1a: Skeledirge|Slack Off|p1a: Skeledirge\n|-heal|p1a: Skeledirge|56\/100\n|\n|upkeep\n|turn|54\n|\n|t:|1700943691\n|move|p2a: Clouded|Psychic|p1a: Skeledirge\n|-damage|p1a: Skeledirge|5\/100\n|move|p1a: Skeledirge|Hex|p2a: Clouded\n|-supereffective|p2a: Clouded\n|-damage|p2a: Clouded|0 fnt\n|faint|p2a: Clouded\n|\n|upkeep\n|\n|t:|1700943695\n|switch|p2a: FreshBlood|Garchomp, M|64\/100\n|-damage|p2a: FreshBlood|51\/100|[from] Spikes\n|turn|55\n|\n|t:|1700943700\n|move|p2a: FreshBlood|Dragon Claw|p1a: Skeledirge\n|-damage|p1a: Skeledirge|0 fnt\n|faint|p1a: Skeledirge\n|\n|upkeep\n|\n|t:|1700943704\n|switch|p1a: Latias|Latias-Mega, F|79\/100\n|turn|56\n|\n|t:|1700943707\n|move|p2a: FreshBlood|Dragon Claw|p1a: Latias\n|-supereffective|p1a: Latias\n|-damage|p1a: Latias|9\/100\n|move|p1a: Latias|Aura Sphere|p2a: FreshBlood\n|-damage|p2a: FreshBlood|25\/100\n|\n|upkeep\n|turn|57\n|-message|TheyCallMeShish forfeited.\n|\n|win|dsnfbjaskdf\n|raw|TheyCallMeShish's rating: 1248 &rarr; <strong>1217<\/strong><br \/>(-31 for losing)\n|raw|dsnfbjaskdf's rating: 1158 &rarr; <strong>1189<\/strong><br \/>(+31 for winning)\n|l|\u2606TheyCallMeShish\n","uploadtime":1700943735,"views":6,"p1id":"theycallmeshish","p2id":"dsnfbjaskdf","formatid":"gen9nationaldex","rating":1189,"private":0,"password":""}