{"id":"gen9nationaldex-1991803078","p1":"starlitbox","p2":"AwolfNamedSun","format":"[Gen 9] National Dex","log":"|j|\u2606starlitbox\n|j|\u2606AwolfNamedSun\n|t:|1700120239\n|gametype|singles\n|player|p1|starlitbox|silver|1424\n|player|p2|AwolfNamedSun|zinzolin|1480\n|teamsize|p1|6\n|teamsize|p2|6\n|gen|9\n|tier|[Gen 9] National Dex\n|rated|\n|rule|HP Percentage Mod: HP is shown in percentages\n|rule|Endless Battle Clause: Forcing endless battles is banned\n|rule|OHKO Clause: OHKO moves are banned\n|rule|Evasion Clause: Evasion abilities, items, and moves are banned\n|rule|Evasion Abilities Clause: Evasion abilities are banned\n|rule|Evasion Items Clause: Evasion items are banned\n|rule|Evasion Moves Clause: Evasion moves are banned\n|rule|Species Clause: Limit one of each Pok\u00e9mon\n|rule|Sleep Clause Mod: Limit one foe put to sleep\n|clearpoke\n|poke|p1|Landorus-Therian, M|\n|poke|p1|Greninja-*, M|\n|poke|p1|Volcarona, M|\n|poke|p1|Iron Valiant|\n|poke|p1|Ogerpon-Wellspring, F|\n|poke|p1|Tapu Koko|\n|poke|p2|Excadrill, M|\n|poke|p2|Salamence, F|\n|poke|p2|Comfey, F|\n|poke|p2|Banette, M|\n|poke|p2|Ferrothorn, F|\n|poke|p2|Zapdos|\n|teampreview\n|inactive|Battle timer is ON: inactive players will automatically lose when time's up. (requested by AwolfNamedSun)\n|\n|t:|1700120259\n|start\n|switch|p1a: Tapu Koko|Tapu Koko|100\/100\n|switch|p2a: Ferrothorn|Ferrothorn, F|100\/100\n|-fieldstart|move: Electric Terrain|[from] ability: Electric Surge|[of] p1a: Tapu Koko\n|turn|1\n|\n|t:|1700120267\n|move|p1a: Tapu Koko|Reflect|p1a: Tapu Koko\n|-sidestart|p1: starlitbox|Reflect\n|move|p2a: Ferrothorn|Knock Off|p1a: Tapu Koko\n|-resisted|p1a: Tapu Koko\n|-damage|p1a: Tapu Koko|90\/100\n|-enditem|p1a: Tapu Koko|Light Clay|[from] move: Knock Off|[of] p2a: Ferrothorn\n|\n|upkeep\n|turn|2\n|\n|t:|1700120274\n|switch|p1a: Volcarona|Volcarona, M|100\/100\n|move|p2a: Ferrothorn|Gyro Ball|p1a: Volcarona\n|-resisted|p1a: Volcarona\n|-damage|p1a: Volcarona|75\/100\n|-status|p2a: Ferrothorn|brn|[from] ability: Flame Body|[of] p1a: Volcarona\n|\n|-damage|p2a: Ferrothorn|94\/100 brn|[from] brn\n|upkeep\n|turn|3\n|\n|t:|1700120284\n|move|p1a: Volcarona|Quiver Dance|p1a: Volcarona\n|-boost|p1a: Volcarona|spa|1\n|-boost|p1a: Volcarona|spd|1\n|-boost|p1a: Volcarona|spe|1\n|move|p2a: Ferrothorn|Knock Off|p1a: Volcarona\n|-damage|p1a: Volcarona|64\/100\n|-enditem|p1a: Volcarona|Heavy-Duty Boots|[from] move: Knock Off|[of] p2a: Ferrothorn\n|\n|-damage|p2a: Ferrothorn|88\/100 brn|[from] brn\n|upkeep\n|turn|4\n|\n|t:|1700120311\n|move|p1a: Volcarona|Quiver Dance|p1a: Volcarona\n|-boost|p1a: Volcarona|spa|1\n|-boost|p1a: Volcarona|spd|1\n|-boost|p1a: Volcarona|spe|1\n|move|p2a: Ferrothorn|Gyro Ball|p1a: Volcarona\n|-resisted|p1a: Volcarona\n|-damage|p1a: Volcarona|52\/100\n|\n|-damage|p2a: Ferrothorn|82\/100 brn|[from] brn\n|upkeep\n|turn|5\n|\n|t:|1700120318\n|move|p1a: Volcarona|Fiery Dance|p2a: Ferrothorn\n|-supereffective|p2a: Ferrothorn\n|-damage|p2a: Ferrothorn|0 fnt\n|faint|p2a: Ferrothorn\n|\n|-fieldend|move: Electric Terrain\n|upkeep\n|\n|t:|1700120324\n|switch|p2a: Banette|Banette, M|100\/100\n|turn|6\n|\n|t:|1700120331\n|detailschange|p2a: Banette|Banette-Mega, M\n|-mega|p2a: Banette|Banette|Banettite\n|move|p2a: Banette|Destiny Bond|p2a: Banette\n|-singlemove|p2a: Banette|Destiny Bond\n|move|p1a: Volcarona|Quiver Dance|p1a: Volcarona\n|-boost|p1a: Volcarona|spa|1\n|-boost|p1a: Volcarona|spd|1\n|-boost|p1a: Volcarona|spe|1\n|\n|upkeep\n|turn|7\n|\n|t:|1700120340\n|move|p1a: Volcarona|Giga Drain|p2a: Banette\n|-damage|p2a: Banette|19\/100\n|-heal|p1a: Volcarona|95\/100|[from] drain|[of] p2a: Banette\n|move|p2a: Banette|Gunk Shot|p1a: Volcarona\n|-damage|p1a: Volcarona|52\/100\n|\n|upkeep\n|turn|8\n|\n|t:|1700120350\n|move|p2a: Banette|Destiny Bond|p2a: Banette\n|-singlemove|p2a: Banette|Destiny Bond\n|move|p1a: Volcarona|Giga Drain|p2a: Banette\n|-damage|p2a: Banette|0 fnt\n|-heal|p1a: Volcarona|62\/100|[from] drain|[of] p2a: Banette\n|faint|p2a: Banette\n|-activate|p2a: Banette|move: Destiny Bond\n|faint|p1a: Volcarona\n|\n|-sideend|p1: starlitbox|Reflect\n|upkeep\n|\n|t:|1700120363\n|switch|p1a: Greninja|Greninja, M|100\/100\n|switch|p2a: Comfey|Comfey, F|100\/100\n|turn|9\n|\n|t:|1700120376\n|move|p1a: Greninja|Hydro Pump|p2a: Comfey\n|-damage|p2a: Comfey|45\/100\n|move|p2a: Comfey|Calm Mind|p2a: Comfey\n|-boost|p2a: Comfey|spa|1\n|-boost|p2a: Comfey|spd|1\n|\n|-heal|p2a: Comfey|51\/100|[from] item: Leftovers\n|upkeep\n|turn|10\n|\n|t:|1700120401\n|switch|p1a: Ogerpon|Ogerpon-Wellspring, F|100\/100\n|move|p2a: Comfey|Draining Kiss|p1a: Ogerpon\n|-damage|p1a: Ogerpon|76\/100\n|-heal|p2a: Comfey|69\/100|[from] drain|[of] p1a: Ogerpon\n|\n|-heal|p2a: Comfey|75\/100|[from] item: Leftovers\n|upkeep\n|turn|11\n|inactive|starlitbox has 120 seconds left.\n|\n|t:|1700120418\n|move|p1a: Ogerpon|Ivy Cudgel|p2a: Comfey|[anim] Ivy Cudgel Water\n|-crit|p2a: Comfey\n|-damage|p2a: Comfey|1\/100\n|move|p2a: Comfey|Calm Mind|p2a: Comfey\n|-boost|p2a: Comfey|spa|1\n|-boost|p2a: Comfey|spd|1\n|\n|-heal|p2a: Comfey|7\/100|[from] item: Leftovers\n|upkeep\n|turn|12\n|\n|t:|1700120427\n|move|p2a: Comfey|Draining Kiss|p1a: Ogerpon\n|-damage|p1a: Ogerpon|42\/100\n|-heal|p2a: Comfey|33\/100|[from] drain|[of] p1a: Ogerpon\n|move|p1a: Ogerpon|Ivy Cudgel|p2a: Comfey|[anim] Ivy Cudgel Water\n|-damage|p2a: Comfey|0 fnt\n|faint|p2a: Comfey\n|\n|upkeep\n|\n|t:|1700120439\n|switch|p2a: Para God|Zapdos|100\/100\n|turn|13\n|\n|t:|1700120452\n|move|p1a: Ogerpon|Ivy Cudgel|p2a: Para God|[anim] Ivy Cudgel Water\n|-damage|p2a: Para God|49\/100\n|move|p2a: Para God|Hurricane|p1a: Ogerpon\n|-supereffective|p1a: Ogerpon\n|-damage|p1a: Ogerpon|0 fnt\n|faint|p1a: Ogerpon\n|\n|upkeep\n|\n|t:|1700120461\n|switch|p1a: Greninja|Greninja, M|100\/100\n|turn|14\n|\n|t:|1700120465\n|move|p1a: Greninja|Ice Beam|p2a: Para God\n|-supereffective|p2a: Para God\n|-damage|p2a: Para God|0 fnt\n|faint|p2a: Para God\n|-ability|p1a: Greninja|Battle Bond|boost\n|-boost|p1a: Greninja|atk|1\n|-boost|p1a: Greninja|spa|1\n|-boost|p1a: Greninja|spe|1\n|-activate|p1a: Greninja|ability: Battle Bond\n|\n|upkeep\n|\n|t:|1700120475\n|switch|p2a: GG it's Mence|Salamence, F|100\/100\n|turn|15\n|\n|t:|1700120481\n|-terastallize|p2a: GG it's Mence|Steel\n|-zpower|p1a: Greninja\n|move|p1a: Greninja|Hydro Vortex|p2a: GG it's Mence|[zeffect]\n|-crit|p2a: GG it's Mence\n|-damage|p2a: GG it's Mence|0 fnt\n|faint|p2a: GG it's Mence\n|\n|upkeep\n|-message|AwolfNamedSun forfeited.\n|\n|win|starlitbox\n|raw|starlitbox's rating: 1424 &rarr; <strong>1447<\/strong><br \/>(+23 for winning)\n|raw|AwolfNamedSun's rating: 1480 &rarr; <strong>1457<\/strong><br \/>(-23 for losing)\n|l|\u2606AwolfNamedSun\n","uploadtime":1700120496,"views":4,"p1id":"starlitbox","p2id":"awolfnamedsun","formatid":"gen9nationaldex","rating":1447,"private":0,"password":""}