{"id":"gen9nationaldex-1995369485","p1":"Rochard","p2":"Faiz Kediri Butuh","format":"[Gen 9] National Dex","log":"|html|<div class=\"broadcast-blue\"><strong>[Gen 9] National Dex is currently suspecting Sneasler! For information on how to participate check out the <a href=\"https:\/\/www.smogon.com\/forums\/threads\/sv-national-dex-suspect-8-just-dance.3731534\/\">suspect thread<\/a>.<\/strong><\/div>\n|j|\u2606Rochard\n|j|\u2606Faiz Kediri Butuh\n|t:|1700561184\n|gametype|singles\n|player|p1|Rochard|steven|1346\n|player|p2|Faiz Kediri Butuh|preschoolerf-gen7|1325\n|teamsize|p1|6\n|teamsize|p2|6\n|gen|9\n|tier|[Gen 9] National Dex\n|rated|\n|rule|HP Percentage Mod: HP is shown in percentages\n|rule|Endless Battle Clause: Forcing endless battles is banned\n|rule|OHKO Clause: OHKO moves are banned\n|rule|Evasion Clause: Evasion abilities, items, and moves are banned\n|rule|Evasion Abilities Clause: Evasion abilities are banned\n|rule|Evasion Items Clause: Evasion items are banned\n|rule|Evasion Moves Clause: Evasion moves are banned\n|rule|Species Clause: Limit one of each Pok\u00e9mon\n|rule|Sleep Clause Mod: Limit one foe put to sleep\n|clearpoke\n|poke|p1|Breloom, F|\n|poke|p1|Salamence, F|\n|poke|p1|Metagross|\n|poke|p1|Masquerain, M|\n|poke|p1|Milotic, M|\n|poke|p1|Manectric, F|\n|poke|p2|Malamar, F|\n|poke|p2|Quagsire, F|\n|poke|p2|Clefable, F|\n|poke|p2|Manectric, F|\n|poke|p2|Sandaconda, F|\n|poke|p2|Gyarados, F|\n|teampreview\n|inactive|Battle timer is ON: inactive players will automatically lose when time's up. (requested by Rochard)\n|\n|t:|1700561201\n|start\n|switch|p1a: Breloom|Breloom, F|100\/100\n|switch|p2a: Thicc Snake|Sandaconda, F|100\/100\n|turn|1\n|\n|t:|1700561208\n|move|p1a: Breloom|Spore|p2a: Thicc Snake\n|-status|p2a: Thicc Snake|slp|[from] move: Spore\n|cant|p2a: Thicc Snake|slp\n|\n|upkeep\n|turn|2\n|\n|t:|1700561219\n|switch|p2a: Dark Squidward|Malamar, F|100\/100\n|move|p1a: Breloom|Swords Dance|p1a: Breloom\n|-boost|p1a: Breloom|atk|2\n|\n|upkeep\n|turn|3\n|\n|t:|1700561228\n|move|p1a: Breloom|Bullet Seed|p2a: Dark Squidward\n|-damage|p2a: Dark Squidward|63\/100\n|-damage|p2a: Dark Squidward|26\/100\n|-damage|p2a: Dark Squidward|0 fnt\n|faint|p2a: Dark Squidward\n|-hitcount|p2: Dark Squidward|3\n|\n|upkeep\n|\n|t:|1700561235\n|switch|p2a: Paw Patrol|Manectric, F|100\/100\n|turn|4\n|\n|t:|1700561243\n|detailschange|p2a: Paw Patrol|Manectric-Mega, F\n|-mega|p2a: Paw Patrol|Manectric|Manectite\n|-ability|p2a: Paw Patrol|Intimidate|boost\n|-unboost|p1a: Breloom|atk|1\n|move|p1a: Breloom|Mach Punch|p2a: Paw Patrol\n|-damage|p2a: Paw Patrol|37\/100\n|move|p2a: Paw Patrol|Flamethrower|p1a: Breloom\n|-supereffective|p1a: Breloom\n|-enditem|p1a: Breloom|Focus Sash\n|-damage|p1a: Breloom|1\/100\n|-status|p1a: Breloom|brn\n|\n|-damage|p1a: Breloom|0 fnt|[from] brn\n|faint|p1a: Breloom\n|upkeep\n|\n|t:|1700561258\n|switch|p1a: Masquerain|Masquerain, M|100\/100\n|-ability|p1a: Masquerain|Intimidate|boost\n|-unboost|p2a: Paw Patrol|atk|1\n|turn|5\n|\n|t:|1700561266\n|switch|p1a: Manectric|Manectric, F|100\/100\n|move|p2a: Paw Patrol|Thunderbolt|p1a: Manectric\n|-ability|p1a: Manectric|Lightning Rod|boost\n|-boost|p1a: Manectric|spa|1\n|\n|upkeep\n|turn|6\n|\n|t:|1700561275\n|detailschange|p1a: Manectric|Manectric-Mega, F\n|-mega|p1a: Manectric|Manectric|Manectite\n|-ability|p1a: Manectric|Intimidate|boost\n|-unboost|p2a: Paw Patrol|atk|1\n|move|p1a: Manectric|Volt Switch|p2a: Paw Patrol\n|-resisted|p2a: Paw Patrol\n|-damage|p2a: Paw Patrol|0 fnt\n|faint|p2a: Paw Patrol\n|\n|t:|1700561283\n|switch|p1a: Milotic|Milotic, M|100\/100|[from] Volt Switch\n|\n|upkeep\n|\n|t:|1700561289\n|switch|p2a: Cute Gengar|Clefable, F|100\/100\n|turn|7\n|\n|t:|1700561292\n|move|p1a: Milotic|Toxic|p2a: Cute Gengar\n|-status|p2a: Cute Gengar|tox\n|move|p2a: Cute Gengar|Thunder Wave|p1a: Milotic\n|-status|p1a: Milotic|par\n|\n|upkeep\n|turn|8\n|\n|t:|1700561299\n|switch|p1a: Masquerain|Masquerain, M|100\/100\n|-ability|p1a: Masquerain|Intimidate|boost\n|-unboost|p2a: Cute Gengar|atk|1\n|move|p2a: Cute Gengar|Moonblast|p1a: Masquerain\n|-damage|p1a: Masquerain|62\/100\n|\n|upkeep\n|turn|9\n|\n|t:|1700561307\n|move|p1a: Masquerain|Sticky Web|p2a: Cute Gengar\n|-sidestart|p2: Faiz Kediri Butuh|move: Sticky Web\n|move|p2a: Cute Gengar|Thunder Wave|p1a: Masquerain\n|-status|p1a: Masquerain|par\n|\n|upkeep\n|turn|10\n|\n|t:|1700561313\n|move|p2a: Cute Gengar|Flamethrower|p1a: Masquerain\n|-supereffective|p1a: Masquerain\n|-damage|p1a: Masquerain|11\/100 par\n|move|p1a: Masquerain|U-turn|p2a: Cute Gengar\n|-resisted|p2a: Cute Gengar\n|-damage|p2a: Cute Gengar|93\/100 tox\n|\n|t:|1700561317\n|switch|p1a: Metagross|Metagross|100\/100|[from] U-turn\n|\n|upkeep\n|turn|11\n|\n|t:|1700561323\n|move|p1a: Metagross|Agility|p1a: Metagross\n|-boost|p1a: Metagross|spe|2\n|move|p2a: Cute Gengar|Thunder Wave|p1a: Metagross\n|-status|p1a: Metagross|par\n|\n|upkeep\n|turn|12\n|\n|t:|1700561331\n|switch|p2a: Masbro|Quagsire, F|100\/100\n|-activate|p2a: Masbro|move: Sticky Web\n|-unboost|p2a: Masbro|spe|1\n|move|p1a: Metagross|Meteor Mash|p2a: Masbro\n|-resisted|p2a: Masbro\n|-damage|p2a: Masbro|79\/100\n|\n|-heal|p2a: Masbro|85\/100|[from] item: Leftovers\n|upkeep\n|turn|13\n|\n|t:|1700561342\n|switch|p1a: Milotic|Milotic, M|100\/100 par\n|move|p2a: Masbro|Earthquake|p1a: Milotic\n|-damage|p1a: Milotic|83\/100 par\n|\n|-heal|p1a: Milotic|89\/100 par|[from] item: Leftovers\n|-heal|p2a: Masbro|91\/100|[from] item: Leftovers\n|upkeep\n|turn|14\n|\n|t:|1700561353\n|switch|p1a: Metagross|Metagross|100\/100 par\n|switch|p2a: Cute Gengar|Clefable, F|93\/100 tox\n|-activate|p2a: Cute Gengar|move: Sticky Web\n|-unboost|p2a: Cute Gengar|spe|1\n|\n|upkeep\n|turn|15\n|\n|t:|1700561361\n|move|p1a: Metagross|Meteor Mash|p2a: Cute Gengar|[miss]\n|-miss|p1a: Metagross|p2a: Cute Gengar\n|move|p2a: Cute Gengar|Flamethrower|p1a: Metagross\n|-supereffective|p1a: Metagross\n|-damage|p1a: Metagross|51\/100 par\n|-enditem|p1a: Metagross|Weakness Policy\n|-boost|p1a: Metagross|atk|2|[from] item: Weakness Policy\n|-boost|p1a: Metagross|spa|2|[from] item: Weakness Policy\n|\n|upkeep\n|turn|16\n|\n|t:|1700561371\n|switch|p2a: Masbro|Quagsire, F|91\/100\n|-activate|p2a: Masbro|move: Sticky Web\n|-unboost|p2a: Masbro|spe|1\n|move|p1a: Metagross|Zen Headbutt|p2a: Masbro\n|-damage|p2a: Masbro|52\/100\n|\n|-heal|p2a: Masbro|59\/100|[from] item: Leftovers\n|upkeep\n|turn|17\n|\n|t:|1700561381\n|move|p1a: Metagross|Zen Headbutt|p2a: Masbro\n|-damage|p2a: Masbro|17\/100\n|move|p2a: Masbro|Recover|p2a: Masbro\n|-heal|p2a: Masbro|67\/100\n|\n|-heal|p2a: Masbro|73\/100|[from] item: Leftovers\n|upkeep\n|turn|18\n|\n|t:|1700561405\n|move|p1a: Metagross|Zen Headbutt|p2a: Masbro\n|-damage|p2a: Masbro|33\/100\n|move|p2a: Masbro|Earthquake|p1a: Metagross\n|-supereffective|p1a: Metagross\n|-damage|p1a: Metagross|0 fnt\n|faint|p1a: Metagross\n|\n|-heal|p2a: Masbro|39\/100|[from] item: Leftovers\n|upkeep\n|\n|t:|1700561413\n|switch|p1a: Milotic|Milotic, M|89\/100 par\n|turn|19\n|\n|t:|1700561418\n|switch|p2a: Cute Gengar|Clefable, F|93\/100 tox\n|-activate|p2a: Cute Gengar|move: Sticky Web\n|-unboost|p2a: Cute Gengar|spe|1\n|move|p1a: Milotic|Toxic|p2a: Cute Gengar\n|-fail|p2a: Cute Gengar|tox\n|\n|-heal|p1a: Milotic|95\/100 par|[from] item: Leftovers\n|upkeep\n|turn|20\n|\n|t:|1700561429\n|switch|p1a: Masquerain|Masquerain, M|11\/100 par\n|-ability|p1a: Masquerain|Intimidate|boost\n|-unboost|p2a: Cute Gengar|atk|1\n|move|p2a: Cute Gengar|Moonblast|p1a: Masquerain\n|-damage|p1a: Masquerain|0 fnt\n|faint|p1a: Masquerain\n|\n|upkeep\n|\n|t:|1700561435\n|switch|p1a: Salamence|Salamence, F|100\/100\n|turn|21\n|\n|t:|1700561441\n|-terastallize|p1a: Salamence|Steel\n|move|p1a: Salamence|Dragon Dance|p1a: Salamence\n|-boost|p1a: Salamence|atk|1\n|-boost|p1a: Salamence|spe|1\n|move|p2a: Cute Gengar|Thunder Wave|p1a: Salamence\n|-status|p1a: Salamence|par\n|\n|upkeep\n|turn|22\n|\n|t:|1700561452\n|switch|p2a: Masbro|Quagsire, F|39\/100\n|-activate|p2a: Masbro|move: Sticky Web\n|-unboost|p2a: Masbro|spe|1\n|cant|p1a: Salamence|par\n|\n|-heal|p2a: Masbro|45\/100|[from] item: Leftovers\n|upkeep\n|turn|23\n|\n|t:|1700561462\n|move|p1a: Salamence|Iron Head|p2a: Masbro\n|-resisted|p2a: Masbro\n|-damage|p2a: Masbro|26\/100\n|cant|p2a: Masbro|flinch\n|\n|-heal|p2a: Masbro|32\/100|[from] item: Leftovers\n|upkeep\n|turn|24\n|\n|t:|1700561471\n|cant|p1a: Salamence|par\n|move|p2a: Masbro|Recover|p2a: Masbro\n|-heal|p2a: Masbro|82\/100\n|\n|-heal|p2a: Masbro|88\/100|[from] item: Leftovers\n|upkeep\n|turn|25\n|-message|Rochard forfeited.\n|\n|win|Faiz Kediri Butuh\n|raw|Rochard's rating: 1346 &rarr; <strong>1325<\/strong><br \/>(-21 for losing)\n|raw|Faiz Kediri Butuh's rating: 1325 &rarr; <strong>1346<\/strong><br \/>(+21 for winning)\n|l|\u2606Rochard\n","uploadtime":1700561503,"views":4,"p1id":"rochard","p2id":"faizkediributuh","formatid":"gen9nationaldex","rating":1325,"private":0,"password":""}