{"id":"gen9nationaldex-1993196699","p1":"BrillaintStar","p2":"ldsadsadcsf","format":"[Gen 9] National Dex","log":"|j|\u2606BrillaintStar\n|j|\u2606ldsadsadcsf\n|t:|1700276706\n|gametype|singles\n|player|p1|BrillaintStar|n-masters|1361\n|player|p2|ldsadsadcsf|unknown|1379\n|teamsize|p1|6\n|teamsize|p2|6\n|gen|9\n|tier|[Gen 9] National Dex\n|rated|\n|rule|HP Percentage Mod: HP is shown in percentages\n|rule|Endless Battle Clause: Forcing endless battles is banned\n|rule|OHKO Clause: OHKO moves are banned\n|rule|Evasion Clause: Evasion abilities, items, and moves are banned\n|rule|Evasion Abilities Clause: Evasion abilities are banned\n|rule|Evasion Items Clause: Evasion items are banned\n|rule|Evasion Moves Clause: Evasion moves are banned\n|rule|Species Clause: Limit one of each Pok\u00e9mon\n|rule|Sleep Clause Mod: Limit one foe put to sleep\n|clearpoke\n|poke|p1|Tapu Koko|\n|poke|p1|Iron Valiant|\n|poke|p1|Hawlucha, F|\n|poke|p1|Iron Moth|\n|poke|p1|Landorus-Therian, M|\n|poke|p1|Scizor, F|\n|poke|p2|Weavile, M|\n|poke|p2|Kartana|\n|poke|p2|Landorus-Therian, M|\n|poke|p2|Ursaluna, M|\n|poke|p2|Volcanion|\n|poke|p2|Zapdos|\n|teampreview\n|inactive|Battle timer is ON: inactive players will automatically lose when time's up. (requested by ldsadsadcsf)\n|inactive|BrillaintStar also wants the timer to be on.\n|\n|t:|1700276712\n|start\n|switch|p1a: Landorus|Landorus-Therian, M|100\/100\n|switch|p2a: \u88f4\u64d2\u864e|Landorus-Therian, M, shiny|100\/100\n|-ability|p1a: Landorus|Intimidate|boost\n|-unboost|p2a: \u88f4\u64d2\u864e|atk|1\n|-ability|p2a: \u88f4\u64d2\u864e|Intimidate|boost\n|-unboost|p1a: Landorus|atk|1\n|turn|1\n|\n|t:|1700276725\n|move|p1a: Landorus|Hidden Power|p2a: \u88f4\u64d2\u864e\n|-supereffective|p2a: \u88f4\u64d2\u864e\n|-damage|p2a: \u88f4\u64d2\u864e|60\/100\n|move|p2a: \u88f4\u64d2\u864e|U-turn|p1a: Landorus\n|-resisted|p1a: Landorus\n|-damage|p1a: Landorus|94\/100\n|-enditem|p1a: Landorus|Eject Button\n|\n|t:|1700276740\n|switch|p1a: Tapu Koko|Tapu Koko|100\/100\n|-fieldstart|move: Electric Terrain|[from] ability: Electric Surge|[of] p1a: Tapu Koko\n|\n|-heal|p2a: \u88f4\u64d2\u864e|66\/100|[from] item: Leftovers\n|upkeep\n|turn|2\n|\n|t:|1700276750\n|switch|p2a: \u674e\u4fe1|Volcanion|100\/100\n|move|p1a: Tapu Koko|Hidden Power|p2a: \u674e\u4fe1\n|-resisted|p2a: \u674e\u4fe1\n|-damage|p2a: \u674e\u4fe1|96\/100\n|\n|upkeep\n|turn|3\n|\n|t:|1700276760\n|switch|p2a: \u82cf\u70c8|Ursaluna, M, shiny|100\/100\n|move|p1a: Tapu Koko|Thunderbolt|p2a: \u82cf\u70c8\n|-immune|p2a: \u82cf\u70c8\n|\n|-status|p2a: \u82cf\u70c8|brn|[from] item: Flame Orb\n|upkeep\n|turn|4\n|\n|t:|1700276773\n|move|p1a: Tapu Koko|U-turn|p2a: \u82cf\u70c8\n|-damage|p2a: \u82cf\u70c8|89\/100 brn\n|\n|t:|1700276781\n|switch|p1a: Scizor|Scizor, F|100\/100|[from] U-turn\n|move|p2a: \u82cf\u70c8|Swords Dance|p2a: \u82cf\u70c8\n|-boost|p2a: \u82cf\u70c8|atk|2\n|\n|-damage|p2a: \u82cf\u70c8|83\/100 brn|[from] brn\n|upkeep\n|turn|5\n|j| RedHoodKat\n|\n|t:|1700276788\n|detailschange|p1a: Scizor|Scizor-Mega, F\n|-mega|p1a: Scizor|Scizor|Scizorite\n|-terastallize|p2a: \u82cf\u70c8|Grass\n|move|p1a: Scizor|Trailblaze|p2a: \u82cf\u70c8\n|-resisted|p2a: \u82cf\u70c8\n|-damage|p2a: \u82cf\u70c8|72\/100 brn\n|-boost|p1a: Scizor|spe|1\n|move|p2a: \u82cf\u70c8|Fire Punch|p1a: Scizor\n|-supereffective|p1a: Scizor\n|-damage|p1a: Scizor|0 fnt\n|faint|p1a: Scizor\n|\n|-damage|p2a: \u82cf\u70c8|66\/100 brn|[from] brn\n|upkeep\n|c| RedHoodKat|star wanna join a multibattle after this?\n|\n|t:|1700276797\n|switch|p1a: Iron Moth|Iron Moth|100\/100\n|-activate|p1a: Iron Moth|ability: Quark Drive\n|-start|p1a: Iron Moth|quarkdrivespe\n|turn|6\n|c|\u2606BrillaintStar|Sure\n|\n|t:|1700276816\n|move|p1a: Iron Moth|Fiery Dance|p2a: \u82cf\u70c8\n|-supereffective|p2a: \u82cf\u70c8\n|-damage|p2a: \u82cf\u70c8|0 fnt\n|faint|p2a: \u82cf\u70c8\n|\n|upkeep\n|l| RedHoodKat\n|c|\u2606BrillaintStar|Time to dance\n|\n|t:|1700276830\n|switch|p2a: \u674e\u4fe1|Volcanion|96\/100\n|turn|7\n|\n|t:|1700276840\n|-terastallize|p1a: Iron Moth|Ground\n|move|p1a: Iron Moth|Tera Blast|p2a: \u674e\u4fe1|[anim] Tera Blast Ground\n|-supereffective|p2a: \u674e\u4fe1\n|-damage|p2a: \u674e\u4fe1|13\/100\n|move|p2a: \u674e\u4fe1|Steam Eruption|p1a: Iron Moth\n|-supereffective|p1a: Iron Moth\n|-damage|p1a: Iron Moth|11\/100\n|\n|upkeep\n|turn|8\n|\n|t:|1700276852\n|switch|p2a: \u88f4\u64d2\u864e|Landorus-Therian, M, shiny|66\/100\n|-ability|p2a: \u88f4\u64d2\u864e|Intimidate|boost\n|-unboost|p1a: Iron Moth|atk|1\n|move|p1a: Iron Moth|Sludge Wave|p2a: \u88f4\u64d2\u864e\n|-resisted|p2a: \u88f4\u64d2\u864e\n|-damage|p2a: \u88f4\u64d2\u864e|48\/100\n|\n|-heal|p2a: \u88f4\u64d2\u864e|54\/100|[from] item: Leftovers\n|-fieldend|move: Electric Terrain\n|-end|p1a: Iron Moth|Quark Drive\n|upkeep\n|turn|9\n|\n|t:|1700276857\n|move|p1a: Iron Moth|Fiery Dance|p2a: \u88f4\u64d2\u864e\n|-damage|p2a: \u88f4\u64d2\u864e|23\/100\n|-boost|p1a: Iron Moth|spa|1\n|move|p2a: \u88f4\u64d2\u864e|U-turn|p1a: Iron Moth\n|-damage|p1a: Iron Moth|0 fnt\n|faint|p1a: Iron Moth\n|-end|p1a: Iron Moth|Quark Drive|[silent]\n|\n|t:|1700276871\n|switch|p2a: \u97e9\u4fe1|Weavile, M, shiny|100\/100|[from] U-turn\n|-ability|p2a: \u97e9\u4fe1|Pressure\n|\n|upkeep\n|\n|t:|1700276873\n|switch|p1a: Tapu Koko|Tapu Koko|100\/100\n|-fieldstart|move: Electric Terrain|[from] ability: Electric Surge|[of] p1a: Tapu Koko\n|turn|10\n|\n|t:|1700276880\n|move|p1a: Tapu Koko|U-turn|p2a: \u97e9\u4fe1\n|-supereffective|p2a: \u97e9\u4fe1\n|-damage|p2a: \u97e9\u4fe1|39\/100\n|\n|t:|1700276887\n|switch|p1a: Iron Valiant|Iron Valiant|100\/100|[from] U-turn\n|-activate|p1a: Iron Valiant|ability: Quark Drive\n|-start|p1a: Iron Valiant|quarkdrivespe\n|move|p2a: \u97e9\u4fe1|Triple Axel|p1a: Iron Valiant\n|-damage|p1a: Iron Valiant|81\/100\n|-damage|p1a: Iron Valiant|40\/100\n|-damage|p1a: Iron Valiant|0 fnt\n|faint|p1a: Iron Valiant\n|-end|p1a: Iron Valiant|Quark Drive|[silent]\n|-hitcount|p1: Iron Valiant|3\n|\n|upkeep\n|\n|t:|1700276888\n|switch|p1a: Hawlucha|Hawlucha, F|100\/100\n|-enditem|p1a: Hawlucha|Electric Seed\n|-boost|p1a: Hawlucha|def|1|[from] item: Electric Seed\n|turn|11\n|\n|t:|1700276899\n|switch|p2a: \u88f4\u64d2\u864e|Landorus-Therian, M, shiny|23\/100\n|-ability|p2a: \u88f4\u64d2\u864e|Intimidate|boost\n|-unboost|p1a: Hawlucha|atk|1\n|move|p1a: Hawlucha|Acrobatics|p2a: \u88f4\u64d2\u864e\n|-damage|p2a: \u88f4\u64d2\u864e|0 fnt\n|faint|p2a: \u88f4\u64d2\u864e\n|\n|upkeep\n|\n|t:|1700276904\n|switch|p2a: \u53f8\u7a7a\u9707|Zapdos, shiny|100\/100\n|turn|12\n|\n|t:|1700276911\n|move|p1a: Hawlucha|Swords Dance|p1a: Hawlucha\n|-boost|p1a: Hawlucha|atk|2\n|move|p2a: \u53f8\u7a7a\u9707|U-turn|p1a: Hawlucha\n|-resisted|p1a: Hawlucha\n|-damage|p1a: Hawlucha|97\/100\n|\n|t:|1700276925\n|switch|p2a: \u674e\u4fe1|Volcanion|13\/100|[from] U-turn\n|\n|upkeep\n|turn|13\n|\n|t:|1700276930\n|move|p1a: Hawlucha|Acrobatics|p2a: \u674e\u4fe1\n|-damage|p2a: \u674e\u4fe1|0 fnt\n|faint|p2a: \u674e\u4fe1\n|\n|upkeep\n|\n|t:|1700276936\n|switch|p2a: \u53f8\u7a7a\u9707|Zapdos, shiny|100\/100\n|turn|14\n|\n|t:|1700276939\n|move|p1a: Hawlucha|Acrobatics|p2a: \u53f8\u7a7a\u9707\n|-resisted|p2a: \u53f8\u7a7a\u9707\n|-damage|p2a: \u53f8\u7a7a\u9707|75\/100\n|move|p2a: \u53f8\u7a7a\u9707|Discharge|p1a: Hawlucha\n|-supereffective|p1a: Hawlucha\n|-damage|p1a: Hawlucha|0 fnt\n|faint|p1a: Hawlucha\n|\n|upkeep\n|\n|t:|1700276945\n|switch|p1a: Landorus|Landorus-Therian, M|94\/100\n|-ability|p1a: Landorus|Intimidate|boost\n|-unboost|p2a: \u53f8\u7a7a\u9707|atk|1\n|turn|15\n|\n|t:|1700276953\n|move|p1a: Landorus|U-turn|p2a: \u53f8\u7a7a\u9707\n|-resisted|p2a: \u53f8\u7a7a\u9707\n|-damage|p2a: \u53f8\u7a7a\u9707|66\/100\n|-status|p1a: Landorus|par|[from] ability: Static|[of] p2a: \u53f8\u7a7a\u9707\n|\n|t:|1700276955\n|switch|p1a: Tapu Koko|Tapu Koko|100\/100|[from] U-turn\n|move|p2a: \u53f8\u7a7a\u9707|Hurricane|p1a: Tapu Koko|[miss]\n|-miss|p2a: \u53f8\u7a7a\u9707|p1a: Tapu Koko\n|\n|upkeep\n|turn|16\n|\n|t:|1700276964\n|move|p1a: Tapu Koko|Hidden Power|p2a: \u53f8\u7a7a\u9707\n|-supereffective|p2a: \u53f8\u7a7a\u9707\n|-damage|p2a: \u53f8\u7a7a\u9707|33\/100\n|move|p2a: \u53f8\u7a7a\u9707|Discharge|p1a: Tapu Koko\n|-resisted|p1a: Tapu Koko\n|-crit|p1a: Tapu Koko\n|-damage|p1a: Tapu Koko|65\/100\n|\n|upkeep\n|turn|17\n|\n|t:|1700276973\n|move|p1a: Tapu Koko|Hidden Power|p2a: \u53f8\u7a7a\u9707\n|-supereffective|p2a: \u53f8\u7a7a\u9707\n|-damage|p2a: \u53f8\u7a7a\u9707|1\/100\n|move|p2a: \u53f8\u7a7a\u9707|Hurricane|p1a: Tapu Koko\n|-resisted|p1a: Tapu Koko\n|-damage|p1a: Tapu Koko|29\/100\n|\n|-fieldend|move: Electric Terrain\n|upkeep\n|turn|18\n|\n|t:|1700276982\n|move|p1a: Tapu Koko|Thunderbolt|p2a: \u53f8\u7a7a\u9707\n|-damage|p2a: \u53f8\u7a7a\u9707|0 fnt\n|faint|p2a: \u53f8\u7a7a\u9707\n|\n|upkeep\n|\n|t:|1700276984\n|switch|p2a: \u674e\u767d|Kartana, shiny|100\/100\n|turn|19\n|\n|t:|1700276987\n|move|p2a: \u674e\u767d|Leaf Blade|p1a: Tapu Koko\n|-damage|p1a: Tapu Koko|0 fnt\n|faint|p1a: Tapu Koko\n|-ability|p2a: \u674e\u767d|Beast Boost|boost\n|-boost|p2a: \u674e\u767d|atk|1\n|\n|upkeep\n|\n|t:|1700276988\n|switch|p1a: Landorus|Landorus-Therian, M|94\/100 par\n|-ability|p1a: Landorus|Intimidate|boost\n|-unboost|p2a: \u674e\u767d|atk|1\n|turn|20\n|j| RedHoodKat\n|\n|t:|1700276991\n|move|p2a: \u674e\u767d|Leaf Blade|p1a: Landorus\n|-damage|p1a: Landorus|39\/100 par\n|move|p1a: Landorus|Earthquake|p2a: \u674e\u767d\n|-damage|p2a: \u674e\u767d|50\/100\n|\n|upkeep\n|turn|21\n|\n|t:|1700276995\n|move|p2a: \u674e\u767d|Leaf Blade|p1a: Landorus\n|-damage|p1a: Landorus|0 fnt\n|faint|p1a: Landorus\n|\n|win|ldsadsadcsf\n|raw|BrillaintStar's rating: 1361 &rarr; <strong>1343<\/strong><br \/>(-18 for losing)\n|raw|ldsadsadcsf's rating: 1399 &rarr; <strong>1417<\/strong><br \/>(+18 for winning)\n|c|\u2606BrillaintStar|gg wp\n","uploadtime":1700277000,"views":9,"p1id":"brillaintstar","p2id":"ldsadsadcsf","formatid":"gen9nationaldex","rating":1343,"private":0,"password":""}