{"id":"gen9nationaldex-1987218631","p1":"ittoo","p2":"Robonion42","format":"[Gen 9] National Dex","log":"|j|\u2606ittoo\n|j|\u2606Robonion42\n|t:|1699566358\n|gametype|singles\n|player|p1|ittoo|gambler|1228\n|player|p2|Robonion42|101|1315\n|teamsize|p1|6\n|teamsize|p2|6\n|gen|9\n|tier|[Gen 9] National Dex\n|rated|\n|rule|HP Percentage Mod: HP is shown in percentages\n|rule|Endless Battle Clause: Forcing endless battles is banned\n|rule|OHKO Clause: OHKO moves are banned\n|rule|Evasion Clause: Evasion abilities, items, and moves are banned\n|rule|Evasion Abilities Clause: Evasion abilities are banned\n|rule|Evasion Items Clause: Evasion items are banned\n|rule|Evasion Moves Clause: Evasion moves are banned\n|rule|Species Clause: Limit one of each Pok\u00e9mon\n|rule|Sleep Clause Mod: Limit one foe put to sleep\n|clearpoke\n|poke|p1|Garchomp, F|\n|poke|p1|Gliscor, M|\n|poke|p1|Mudsdale, M|\n|poke|p1|Gastrodon, M|\n|poke|p1|Clodsire, F|\n|poke|p1|Ursaluna, F|\n|poke|p2|Iron Valiant|\n|poke|p2|Tapu Koko|\n|poke|p2|Banette, F|\n|poke|p2|Great Tusk|\n|poke|p2|Volcarona, F|\n|poke|p2|Landorus-Therian, M|\n|teampreview\n|\n|t:|1699566363\n|start\n|switch|p1a: Gliscor|Gliscor, M|100\/100\n|switch|p2a: The Beginning|Landorus-Therian, M|100\/100\n|-ability|p2a: The Beginning|Intimidate|boost\n|-unboost|p1a: Gliscor|atk|1\n|turn|1\n|\n|t:|1699566370\n|move|p1a: Gliscor|Knock Off|p2a: The Beginning\n|-crit|p2a: The Beginning\n|-damage|p2a: The Beginning|70\/100\n|-damage|p1a: Gliscor|84\/100|[from] item: Rocky Helmet|[of] p2a: The Beginning\n|-enditem|p2a: The Beginning|Rocky Helmet|[from] move: Knock Off|[of] p1a: Gliscor\n|move|p2a: The Beginning|Stealth Rock|p1a: Gliscor\n|-sidestart|p1: ittoo|move: Stealth Rock\n|\n|-status|p1a: Gliscor|tox|[from] item: Toxic Orb\n|upkeep\n|turn|2\n|\n|t:|1699566380\n|move|p1a: Gliscor|Toxic|p2a: The Beginning\n|-status|p2a: The Beginning|tox\n|move|p2a: The Beginning|U-turn|p1a: Gliscor\n|-resisted|p1a: Gliscor\n|-damage|p1a: Gliscor|75\/100 tox\n|\n|t:|1699566387\n|switch|p2a: The Destroyer|Great Tusk|100\/100|[from] U-turn\n|\n|-heal|p1a: Gliscor|87\/100 tox|[from] ability: Poison Heal\n|upkeep\n|turn|3\n|\n|t:|1699566392\n|move|p2a: The Destroyer|Ice Spinner|p1a: Gliscor\n|-supereffective|p1a: Gliscor\n|-damage|p1a: Gliscor|0 fnt\n|faint|p1a: Gliscor\n|\n|upkeep\n|\n|t:|1699566395\n|switch|p1a: Ursaluna|Ursaluna, F|100\/100\n|-damage|p1a: Ursaluna|94\/100|[from] Stealth Rock\n|turn|4\n|\n|t:|1699566404\n|move|p1a: Ursaluna|Protect|p1a: Ursaluna\n|-singleturn|p1a: Ursaluna|Protect\n|move|p2a: The Destroyer|Ice Spinner|p1a: Ursaluna\n|-activate|p1a: Ursaluna|move: Protect\n|\n|-status|p1a: Ursaluna|brn|[from] item: Flame Orb\n|upkeep\n|turn|5\n|\n|t:|1699566410\n|-terastallize|p1a: Ursaluna|Normal\n|move|p2a: The Destroyer|Rapid Spin|p1a: Ursaluna\n|-damage|p1a: Ursaluna|82\/100 brn\n|-boost|p2a: The Destroyer|spe|1\n|move|p1a: Ursaluna|Facade|p2a: The Destroyer\n|-damage|p2a: The Destroyer|0 fnt\n|faint|p2a: The Destroyer\n|-end|p2a: The Destroyer|Protosynthesis|[silent]\n|\n|-damage|p1a: Ursaluna|76\/100 brn|[from] brn\n|upkeep\n|\n|t:|1699566428\n|switch|p2a: The Reaper|Iron Valiant|100\/100\n|-enditem|p2a: The Reaper|Booster Energy\n|-activate|p2a: The Reaper|ability: Quark Drive|[fromitem]\n|-start|p2a: The Reaper|quarkdrivespe\n|turn|6\n|\n|t:|1699566434\n|move|p2a: The Reaper|Focus Blast|p1a: Ursaluna\n|-supereffective|p1a: Ursaluna\n|-damage|p1a: Ursaluna|0 fnt\n|faint|p1a: Ursaluna\n|\n|upkeep\n|\n|t:|1699566441\n|switch|p1a: Clodsire|Clodsire, F|100\/100\n|-damage|p1a: Clodsire|94\/100|[from] Stealth Rock\n|turn|7\n|\n|t:|1699566456\n|-end|p2a: The Reaper|Quark Drive|[silent]\n|switch|p2a: The Executioner|Banette, F|100\/100\n|move|p1a: Clodsire|Stealth Rock|p2a: The Executioner\n|-sidestart|p2: Robonion42|move: Stealth Rock\n|\n|-heal|p1a: Clodsire|100\/100|[from] item: Black Sludge\n|upkeep\n|turn|8\n|\n|t:|1699566465\n|detailschange|p2a: The Executioner|Banette-Mega, F\n|-mega|p2a: The Executioner|Banette|Banettite\n|move|p2a: The Executioner|Poltergeist|p1a: Clodsire\n|-activate|p1a: Clodsire|move: Poltergeist|Black Sludge\n|-damage|p1a: Clodsire|31\/100\n|move|p1a: Clodsire|Toxic|p2a: The Executioner\n|-status|p2a: The Executioner|tox\n|\n|-heal|p1a: Clodsire|37\/100|[from] item: Black Sludge\n|-damage|p2a: The Executioner|94\/100 tox|[from] psn\n|upkeep\n|turn|9\n|\n|t:|1699566489\n|move|p2a: The Executioner|Poltergeist|p1a: Clodsire\n|-activate|p1a: Clodsire|move: Poltergeist|Black Sludge\n|-damage|p1a: Clodsire|0 fnt\n|faint|p1a: Clodsire\n|\n|-damage|p2a: The Executioner|82\/100 tox|[from] psn\n|upkeep\n|\n|t:|1699566493\n|switch|p1a: Garchomp|Garchomp, F|100\/100\n|-damage|p1a: Garchomp|94\/100|[from] Stealth Rock\n|turn|10\n|\n|t:|1699566500\n|move|p1a: Garchomp|Earthquake|p2a: The Executioner\n|-damage|p2a: The Executioner|22\/100 tox\n|move|p2a: The Executioner|Poltergeist|p1a: Garchomp\n|-activate|p1a: Garchomp|move: Poltergeist|Rocky Helmet\n|-crit|p1a: Garchomp\n|-damage|p1a: Garchomp|4\/100\n|\n|-damage|p2a: The Executioner|4\/100 tox|[from] psn\n|upkeep\n|turn|11\n|\n|t:|1699566507\n|move|p2a: The Executioner|Sucker Punch|p1a: Garchomp\n|-damage|p1a: Garchomp|0 fnt\n|-damage|p2a: The Executioner|0 fnt|[from] ability: Rough Skin|[of] p1a: Garchomp\n|faint|p1a: Garchomp\n|faint|p2a: The Executioner\n|\n|upkeep\n|\n|t:|1699566519\n|switch|p1a: Gastrodon|Gastrodon, M|100\/100\n|switch|p2a: The Pestilence|Volcarona, F|100\/100\n|-damage|p1a: Gastrodon|94\/100|[from] Stealth Rock\n|turn|12\n|\n|t:|1699566527\n|-terastallize|p2a: The Pestilence|Grass\n|move|p2a: The Pestilence|Giga Drain|p1a: Gastrodon\n|-supereffective|p1a: Gastrodon\n|-damage|p1a: Gastrodon|0 fnt\n|faint|p1a: Gastrodon\n|\n|upkeep\n|\n|t:|1699566530\n|switch|p1a: Mudsdale|Mudsdale, M|100\/100\n|-damage|p1a: Mudsdale|94\/100|[from] Stealth Rock\n|turn|13\n|\n|t:|1699566536\n|move|p2a: The Pestilence|Quiver Dance|p2a: The Pestilence\n|-boost|p2a: The Pestilence|spa|1\n|-boost|p2a: The Pestilence|spd|1\n|-boost|p2a: The Pestilence|spe|1\n|move|p1a: Mudsdale|Body Press|p2a: The Pestilence\n|-damage|p2a: The Pestilence|64\/100\n|\n|-heal|p1a: Mudsdale|100\/100|[from] item: Leftovers\n|upkeep\n|turn|14\n|\n|t:|1699566539\n|move|p2a: The Pestilence|Giga Drain|p1a: Mudsdale\n|-supereffective|p1a: Mudsdale\n|-damage|p1a: Mudsdale|0 fnt\n|-heal|p2a: The Pestilence|100\/100|[from] drain|[of] p1a: Mudsdale\n|faint|p1a: Mudsdale\n|\n|win|Robonion42\n|raw|ittoo's rating: 1228 &rarr; <strong>1209<\/strong><br \/>(-19 for losing)\n|raw|Robonion42's rating: 1315 &rarr; <strong>1330<\/strong><br \/>(+15 for winning)\n|l|\u2606ittoo\n|c|\u2606Robonion42|GG\n","uploadtime":1699566556,"views":12,"p1id":"ittoo","p2id":"robonion42","formatid":"gen9nationaldex","rating":1209,"private":0,"password":""}