{"id":"gen9nationaldex-1989107059","p1":"Maximum365","p2":"Squishy27","format":"[Gen 9] National Dex","log":"|j|\u2606Maximum365\n|j|\u2606Squishy27\n|t:|1699812944\n|gametype|singles\n|player|p1|Maximum365|102|1016\n|player|p2|Squishy27|backpacker|1005\n|teamsize|p1|6\n|teamsize|p2|3\n|gen|9\n|tier|[Gen 9] National Dex\n|rated|\n|rule|HP Percentage Mod: HP is shown in percentages\n|rule|Endless Battle Clause: Forcing endless battles is banned\n|rule|OHKO Clause: OHKO moves are banned\n|rule|Evasion Clause: Evasion abilities, items, and moves are banned\n|rule|Evasion Abilities Clause: Evasion abilities are banned\n|rule|Evasion Items Clause: Evasion items are banned\n|rule|Evasion Moves Clause: Evasion moves are banned\n|rule|Species Clause: Limit one of each Pok\u00e9mon\n|rule|Sleep Clause Mod: Limit one foe put to sleep\n|clearpoke\n|poke|p1|Samurott-Hisui, F|\n|poke|p1|Pincurchin, M|\n|poke|p1|Sceptile, F|\n|poke|p1|Salamence, M|\n|poke|p1|Scizor, F|\n|poke|p1|Nidoking, M|\n|poke|p2|Shuckle, M|\n|poke|p2|Krookodile, M|\n|poke|p2|Lilligant, F|\n|teampreview\n|c|\u2606Maximum365|what do you try?\n|\n|t:|1699812969\n|start\n|switch|p1a: The Chosen One|Samurott-Hisui, F|100\/100\n|switch|p2a: Shuckle|Shuckle, M, shiny|100\/100\n|turn|1\n|c|\u2606Squishy27|To sweep\n|c|\u2606Squishy27|im not sure how it will go though\n|c|\u2606Squishy27|you look like you have a pretty cool team though\n|\n|t:|1699812991\n|move|p1a: The Chosen One|Ceaseless Edge|p2a: Shuckle\n|-damage|p2a: Shuckle|69\/100\n|-sidestart|p2: Squishy27|Spikes\n|move|p2a: Shuckle|Sticky Web|p1a: The Chosen One\n|-sidestart|p1: Maximum365|move: Sticky Web\n|\n|-heal|p2a: Shuckle|75\/100|[from] item: Leftovers\n|upkeep\n|turn|2\n|c|\u2606Maximum365|made it for a friends turnament\n|\n|t:|1699813019\n|move|p1a: The Chosen One|Aqua Jet|p2a: Shuckle\n|-supereffective|p2a: Shuckle\n|-crit|p2a: Shuckle\n|-damage|p2a: Shuckle|31\/100\n|move|p2a: Shuckle|Toxic|p1a: The Chosen One\n|-status|p1a: The Chosen One|tox\n|\n|-heal|p2a: Shuckle|37\/100|[from] item: Leftovers\n|-damage|p1a: The Chosen One|94\/100 tox|[from] psn\n|upkeep\n|turn|3\n|\n|t:|1699813029\n|move|p1a: The Chosen One|Sacred Sword|p2a: Shuckle\n|-damage|p2a: Shuckle|9\/100\n|move|p2a: Shuckle|Stealth Rock|p1a: The Chosen One\n|-sidestart|p1: Maximum365|move: Stealth Rock\n|\n|-heal|p2a: Shuckle|15\/100|[from] item: Leftovers\n|-damage|p1a: The Chosen One|82\/100 tox|[from] psn\n|upkeep\n|turn|4\n|c|\u2606Squishy27|Well I hope you win\n|\n|t:|1699813053\n|move|p2a: Shuckle|Protect|p2a: Shuckle\n|-singleturn|p2a: Shuckle|Protect\n|move|p1a: The Chosen One|Aqua Jet|p2a: Shuckle\n|-activate|p2a: Shuckle|move: Protect\n|\n|-heal|p2a: Shuckle|21\/100|[from] item: Leftovers\n|-damage|p1a: The Chosen One|63\/100 tox|[from] psn\n|upkeep\n|turn|5\n|\n|t:|1699813078\n|move|p2a: Shuckle|Protect||[still]\n|-fail|p2a: Shuckle\n|move|p1a: The Chosen One|Aqua Jet|p2a: Shuckle\n|-supereffective|p2a: Shuckle\n|-damage|p2a: Shuckle|0 fnt\n|faint|p2a: Shuckle\n|\n|-damage|p1a: The Chosen One|38\/100 tox|[from] psn\n|upkeep\n|\n|t:|1699813085\n|switch|p2a: Lilligant|Lilligant, F|100\/100\n|-damage|p2a: Lilligant|88\/100|[from] Spikes\n|turn|6\n|\n|t:|1699813091\n|switch|p1a: Salamence|Salamence, M|100\/100\n|-damage|p1a: Salamence|76\/100|[from] Stealth Rock\n|-ability|p1a: Salamence|Intimidate|boost\n|-fail|p2a: Lilligant|unboost|Attack|[from] ability: Own Tempo|[of] p2a: Lilligant\n|move|p2a: Lilligant|Sleep Powder|p1a: Salamence\n|-status|p1a: Salamence|slp|[from] move: Sleep Powder\n|\n|-heal|p1a: Salamence|82\/100 slp|[from] item: Leftovers\n|upkeep\n|turn|7\n|\n|t:|1699813104\n|move|p2a: Lilligant|Quiver Dance|p2a: Lilligant\n|-boost|p2a: Lilligant|spa|1\n|-boost|p2a: Lilligant|spd|1\n|-boost|p2a: Lilligant|spe|1\n|cant|p1a: Salamence|slp\n|\n|-heal|p1a: Salamence|88\/100 slp|[from] item: Leftovers\n|upkeep\n|turn|8\n|\n|t:|1699813114\n|move|p2a: Lilligant|Quiver Dance|p2a: Lilligant\n|-boost|p2a: Lilligant|spa|1\n|-boost|p2a: Lilligant|spd|1\n|-boost|p2a: Lilligant|spe|1\n|cant|p1a: Salamence|slp\n|\n|-heal|p1a: Salamence|94\/100 slp|[from] item: Leftovers\n|upkeep\n|turn|9\n|\n|t:|1699813121\n|move|p2a: Lilligant|Energy Ball|p1a: Salamence\n|-resisted|p1a: Salamence\n|-damage|p1a: Salamence|71\/100 slp\n|cant|p1a: Salamence|slp\n|\n|-heal|p1a: Salamence|77\/100 slp|[from] item: Leftovers\n|upkeep\n|turn|10\n|c|\u2606Squishy27|Oh\n|\n|t:|1699813134\n|move|p2a: Lilligant|Quiver Dance|p2a: Lilligant\n|-boost|p2a: Lilligant|spa|1\n|-boost|p2a: Lilligant|spd|1\n|-boost|p2a: Lilligant|spe|1\n|-curestatus|p1a: Salamence|slp|[msg]\n|move|p1a: Salamence|Dragon Tail|p2a: Lilligant|[miss]\n|-miss|p1a: Salamence|p2a: Lilligant\n|\n|-heal|p1a: Salamence|83\/100|[from] item: Leftovers\n|upkeep\n|turn|11\n|c|\u2606Squishy27|Ok hear me out\n|c|\u2606Maximum365|yea dragon and fly\n|c|\u2606Squishy27|were friends\n|c|\u2606Squishy27|There\u2019s no need to attack me\n|\n|t:|1699813158\n|move|p2a: Lilligant|Sleep Powder|p1a: Salamence\n|-status|p1a: Salamence|slp|[from] move: Sleep Powder\n|cant|p1a: Salamence|slp\n|\n|-heal|p1a: Salamence|89\/100 slp|[from] item: Leftovers\n|upkeep\n|turn|12\n|c|\u2606Maximum365|hey\n|\n|t:|1699813166\n|move|p2a: Lilligant|Quiver Dance|p2a: Lilligant\n|-boost|p2a: Lilligant|spa|1\n|-boost|p2a: Lilligant|spd|1\n|-boost|p2a: Lilligant|spe|1\n|-curestatus|p1a: Salamence|slp|[msg]\n|move|p1a: Salamence|Dragon Tail|p2a: Lilligant\n|-damage|p2a: Lilligant|39\/100\n|drag|p2a: Krookodile|Krookodile, M, shiny|100\/100\n|-damage|p2a: Krookodile|88\/100|[from] Spikes\n|\n|-heal|p1a: Salamence|95\/100|[from] item: Leftovers\n|upkeep\n|turn|13\n|c|\u2606Maximum365|bye\n|c|\u2606Squishy27|OH NAH\n|c|\u2606Squishy27|WAIT\n|c|\u2606Squishy27|chill\n|\n|t:|1699813188\n|switch|p1a: Nidoking|Nidoking, M|100\/100\n|-activate|p1a: Nidoking|move: Sticky Web\n|-unboost|p1a: Nidoking|spe|1\n|-damage|p1a: Nidoking|95\/100|[from] Stealth Rock\n|move|p2a: Krookodile|Bulk Up|p2a: Krookodile\n|-boost|p2a: Krookodile|atk|1\n|-boost|p2a: Krookodile|def|1\n|\n|upkeep\n|turn|14\n|\n|t:|1699813204\n|-terastallize|p2a: Krookodile|Dark\n|move|p2a: Krookodile|Bulk Up|p2a: Krookodile\n|-boost|p2a: Krookodile|atk|1\n|-boost|p2a: Krookodile|def|1\n|move|p1a: Nidoking|Ice Beam|p2a: Krookodile\n|-damage|p2a: Krookodile|46\/100\n|\n|upkeep\n|turn|15\n|\n|t:|1699813211\n|move|p2a: Krookodile|Power Trip|p1a: Nidoking\n|-damage|p1a: Nidoking|0 fnt\n|faint|p1a: Nidoking\n|-ability|p2a: Krookodile|Moxie|boost\n|-boost|p2a: Krookodile|atk|1\n|\n|upkeep\n|c|\u2606Squishy27|Ok I think I\u2019m in the clear\n|\n|t:|1699813226\n|switch|p1a: The Chosen One|Samurott-Hisui, F|38\/100 tox\n|-activate|p1a: The Chosen One|move: Sticky Web\n|-unboost|p1a: The Chosen One|spe|1\n|-damage|p1a: The Chosen One|26\/100 tox|[from] Stealth Rock\n|turn|16\n|\n|t:|1699813235\n|move|p1a: The Chosen One|Aqua Jet|p2a: Krookodile\n|-damage|p2a: Krookodile|37\/100\n|move|p2a: Krookodile|Power Trip|p1a: The Chosen One\n|-resisted|p1a: The Chosen One\n|-damage|p1a: The Chosen One|0 fnt\n|faint|p1a: The Chosen One\n|-ability|p2a: Krookodile|Moxie|boost\n|-boost|p2a: Krookodile|atk|1\n|\n|upkeep\n|\n|t:|1699813244\n|switch|p1a: Pincurchin|Pincurchin, M|100\/100\n|-activate|p1a: Pincurchin|move: Sticky Web\n|-unboost|p1a: Pincurchin|spe|1\n|-damage|p1a: Pincurchin|88\/100|[from] Stealth Rock\n|-fieldstart|move: Electric Terrain|[from] ability: Electric Surge|[of] p1a: Pincurchin\n|turn|17\n|\n|t:|1699813251\n|move|p2a: Krookodile|Power Trip|p1a: Pincurchin\n|-damage|p1a: Pincurchin|0 fnt\n|faint|p1a: Pincurchin\n|-ability|p2a: Krookodile|Moxie|boost\n|-boost|p2a: Krookodile|atk|1\n|\n|upkeep\n|\n|t:|1699813258\n|switch|p1a: Sceptile|Sceptile, F|100\/100\n|-activate|p1a: Sceptile|move: Sticky Web\n|-unboost|p1a: Sceptile|spe|1\n|-damage|p1a: Sceptile|88\/100|[from] Stealth Rock\n|-enditem|p1a: Sceptile|Electric Seed\n|-boost|p1a: Sceptile|def|1|[from] item: Electric Seed\n|turn|18\n|\n|t:|1699813265\n|move|p1a: Sceptile|Swords Dance|p1a: Sceptile\n|-boost|p1a: Sceptile|atk|2\n|move|p2a: Krookodile|Power Trip|p1a: Sceptile\n|-damage|p1a: Sceptile|0 fnt\n|faint|p1a: Sceptile\n|-ability|p2a: Krookodile|Moxie|boost\n|-boost|p2a: Krookodile|atk|1\n|\n|upkeep\n|c|\u2606Maximum365|what?\n|\n|t:|1699813280\n|switch|p1a: Scizor|Scizor, F|100\/100\n|-activate|p1a: Scizor|move: Sticky Web\n|-unboost|p1a: Scizor|spe|1\n|-damage|p1a: Scizor|88\/100|[from] Stealth Rock\n|turn|19\n|c|\u2606Squishy27|Idk\n|\n|t:|1699813291\n|move|p1a: Scizor|Bullet Punch|p2a: Krookodile\n|-damage|p2a: Krookodile|20\/100\n|move|p2a: Krookodile|Power Trip|p1a: Scizor\n|-damage|p1a: Scizor|0 fnt\n|faint|p1a: Scizor\n|\n|upkeep\n|\n|t:|1699813298\n|switch|p1a: Salamence|Salamence, M|95\/100\n|-damage|p1a: Salamence|71\/100|[from] Stealth Rock\n|-ability|p1a: Salamence|Intimidate|boost\n|-unboost|p2a: Krookodile|atk|1\n|turn|20\n|c|\u2606Maximum365|ok gg\n|\n|t:|1699813305\n|move|p2a: Krookodile|Power Trip|p1a: Salamence\n|-damage|p1a: Salamence|0 fnt\n|faint|p1a: Salamence\n|\n|win|Squishy27\n|raw|Maximum365's rating: 1016 &rarr; <strong>1003<\/strong><br \/>(-13 for losing)\n|raw|Squishy27's rating: 1005 &rarr; <strong>1045<\/strong><br \/>(+40 for winning)\n|c|\u2606Squishy27|Gg\n|l|\u2606Maximum365\n|c|\u2606Squishy27|I can show you my team if you want\n|l|\u2606Squishy27\n|j|\u2606Squishy27\n|player|p2|Squishy27|backpacker\n","uploadtime":1699813366,"views":16,"p1id":"maximum365","p2id":"squishy27","formatid":"gen9nationaldex","rating":1003,"private":0,"password":""}