{"id":"gen9nationaldex-1998792611","p1":"jira71","p2":"MMQZA10","format":"[Gen 9] National Dex","log":"|html|<div class=\"broadcast-blue\"><strong>[Gen 9] National Dex is currently suspecting Sneasler! For information on how to participate check out the <a href=\"https:\/\/www.smogon.com\/forums\/threads\/sv-national-dex-suspect-8-just-dance.3731534\/\">suspect thread<\/a>.<\/strong><\/div>\n|j|\u2606jira71\n|j|\u2606MMQZA10\n|t:|1700991952\n|gametype|singles\n|player|p1|jira71|lillie-z|1523\n|player|p2|MMQZA10|2|1544\n|teamsize|p1|6\n|teamsize|p2|6\n|gen|9\n|tier|[Gen 9] National Dex\n|rated|\n|rule|HP Percentage Mod: HP is shown in percentages\n|rule|Endless Battle Clause: Forcing endless battles is banned\n|rule|OHKO Clause: OHKO moves are banned\n|rule|Evasion Clause: Evasion abilities, items, and moves are banned\n|rule|Evasion Abilities Clause: Evasion abilities are banned\n|rule|Evasion Items Clause: Evasion items are banned\n|rule|Evasion Moves Clause: Evasion moves are banned\n|rule|Species Clause: Limit one of each Pok\u00e9mon\n|rule|Sleep Clause Mod: Limit one foe put to sleep\n|clearpoke\n|poke|p1|Cottonee, F|\n|poke|p1|Jirachi|\n|poke|p1|Victini|\n|poke|p1|Manaphy|\n|poke|p1|Diancie|\n|poke|p1|Mew|\n|poke|p2|Hoopa-Unbound|\n|poke|p2|Corviknight, F|\n|poke|p2|Clodsire, F|\n|poke|p2|Serperior, M|\n|poke|p2|Zapdos|\n|poke|p2|Slowking, M|\n|teampreview\n|inactive|Battle timer is ON: inactive players will automatically lose when time's up. (requested by jira71)\n|\n|t:|1700991983\n|start\n|switch|p1a: \u521b\u9020\u80dc\u5229|Victini|100\/100\n|switch|p2a: Clodsire|Clodsire, F|100\/100\n|turn|1\n|inactive|MMQZA10 has 120 seconds left.\n|\n|t:|1700992017\n|move|p1a: \u521b\u9020\u80dc\u5229|U-turn|p2a: Clodsire\n|-resisted|p2a: Clodsire\n|-damage|p2a: Clodsire|91\/100\n|\n|t:|1700992021\n|switch|p1a: \u4e58\u98ce\u7684\u5c0f\u7cbe\u7075|Cottonee, F, shiny|100\/100|[from] U-turn\n|move|p2a: Clodsire|Toxic|p1a: \u4e58\u98ce\u7684\u5c0f\u7cbe\u7075\n|-status|p1a: \u4e58\u98ce\u7684\u5c0f\u7cbe\u7075|tox\n|\n|-heal|p2a: Clodsire|97\/100|[from] item: Leftovers\n|-damage|p1a: \u4e58\u98ce\u7684\u5c0f\u7cbe\u7075|94\/100 tox|[from] psn\n|upkeep\n|turn|2\n|\n|t:|1700992035\n|move|p1a: \u4e58\u98ce\u7684\u5c0f\u7cbe\u7075|Encore|p2a: Clodsire\n|-start|p2a: Clodsire|Encore\n|move|p2a: Clodsire|Toxic|p1a: \u4e58\u98ce\u7684\u5c0f\u7cbe\u7075\n|-fail|p1a: \u4e58\u98ce\u7684\u5c0f\u7cbe\u7075|tox\n|\n|-heal|p2a: Clodsire|100\/100|[from] item: Leftovers\n|-damage|p1a: \u4e58\u98ce\u7684\u5c0f\u7cbe\u7075|82\/100 tox|[from] psn\n|upkeep\n|turn|3\n|\n|t:|1700992045\n|switch|p1a: \u4e03\u591c\u7684\u8bb8\u613f\u661f|Jirachi, shiny|100\/100\n|switch|p2a: Corviknight|Corviknight, F|100\/100\n|-ability|p2a: Corviknight|Pressure\n|\n|upkeep\n|turn|4\n|\n|t:|1700992053\n|-zpower|p1a: \u4e03\u591c\u7684\u8bb8\u613f\u661f\n|move|p1a: \u4e03\u591c\u7684\u8bb8\u613f\u661f|Z-Happy Hour|p1a: \u4e03\u591c\u7684\u8bb8\u613f\u661f|[anim]Happy Hour\n|-boost|p1a: \u4e03\u591c\u7684\u8bb8\u613f\u661f|atk|1|[zeffect]\n|-boost|p1a: \u4e03\u591c\u7684\u8bb8\u613f\u661f|def|1|[zeffect]\n|-boost|p1a: \u4e03\u591c\u7684\u8bb8\u613f\u661f|spa|1|[zeffect]\n|-boost|p1a: \u4e03\u591c\u7684\u8bb8\u613f\u661f|spd|1|[zeffect]\n|-boost|p1a: \u4e03\u591c\u7684\u8bb8\u613f\u661f|spe|1|[zeffect]\n|move|p2a: Corviknight|U-turn|p1a: \u4e03\u591c\u7684\u8bb8\u613f\u661f\n|-damage|p1a: \u4e03\u591c\u7684\u8bb8\u613f\u661f|91\/100\n|inactive|MMQZA10 has 120 seconds left.\n|\n|t:|1700992085\n|switch|p2a: Slowking|Slowking, M|100\/100|[from] U-turn\n|\n|upkeep\n|turn|5\n|\n|t:|1700992090\n|move|p1a: \u4e03\u591c\u7684\u8bb8\u613f\u661f|Charge Beam|p2a: Slowking\n|-supereffective|p2a: Slowking\n|-damage|p2a: Slowking|69\/100\n|-boost|p1a: \u4e03\u591c\u7684\u8bb8\u613f\u661f|spa|1\n|move|p2a: Slowking|Thunder Wave|p1a: \u4e03\u591c\u7684\u8bb8\u613f\u661f\n|-status|p1a: \u4e03\u591c\u7684\u8bb8\u613f\u661f|par\n|\n|upkeep\n|turn|6\n|\n|t:|1700992100\n|move|p1a: \u4e03\u591c\u7684\u8bb8\u613f\u661f|Charge Beam|p2a: Slowking\n|-supereffective|p2a: Slowking\n|-damage|p2a: Slowking|26\/100\n|-boost|p1a: \u4e03\u591c\u7684\u8bb8\u613f\u661f|spa|1\n|move|p2a: Slowking|Teleport|p2a: Slowking\n|inactive|MMQZA10 has 120 seconds left.\n|\n|t:|1700992111\n|switch|p2a: Hoopa|Hoopa-Unbound|100\/100|[from] Teleport\n|\n|upkeep\n|turn|7\n|\n|t:|1700992119\n|-terastallize|p2a: Hoopa|Dark\n|move|p2a: Hoopa|Hyperspace Fury|p1a: \u4e03\u591c\u7684\u8bb8\u613f\u661f\n|-supereffective|p1a: \u4e03\u591c\u7684\u8bb8\u613f\u661f\n|-damage|p1a: \u4e03\u591c\u7684\u8bb8\u613f\u661f|0 fnt\n|-unboost|p2a: Hoopa|def|1\n|faint|p1a: \u4e03\u591c\u7684\u8bb8\u613f\u661f\n|\n|upkeep\n|\n|t:|1700992134\n|switch|p1a: \u521b\u9020\u80dc\u5229|Victini|100\/100\n|turn|8\n|\n|t:|1700992141\n|switch|p2a: Zapdos|Zapdos|100\/100\n|-terastallize|p1a: \u521b\u9020\u80dc\u5229|Fire\n|move|p1a: \u521b\u9020\u80dc\u5229|V-create|p2a: Zapdos\n|-damage|p2a: Zapdos|36\/100\n|-unboost|p1a: \u521b\u9020\u80dc\u5229|spe|1\n|-unboost|p1a: \u521b\u9020\u80dc\u5229|def|1\n|-unboost|p1a: \u521b\u9020\u80dc\u5229|spd|1\n|\n|upkeep\n|turn|9\n|\n|t:|1700992160\n|switch|p2a: Slowking|Slowking, M|60\/100\n|move|p1a: \u521b\u9020\u80dc\u5229|V-create|p2a: Slowking\n|-resisted|p2a: Slowking\n|-damage|p2a: Slowking|17\/100\n|-unboost|p1a: \u521b\u9020\u80dc\u5229|spe|1\n|-unboost|p1a: \u521b\u9020\u80dc\u5229|def|1\n|-unboost|p1a: \u521b\u9020\u80dc\u5229|spd|1\n|\n|upkeep\n|turn|10\n|\n|t:|1700992174\n|switch|p2a: Zapdos|Zapdos|36\/100\n|move|p1a: \u521b\u9020\u80dc\u5229|V-create|p2a: Zapdos\n|-damage|p2a: Zapdos|0 fnt\n|-unboost|p1a: \u521b\u9020\u80dc\u5229|spe|1\n|-unboost|p1a: \u521b\u9020\u80dc\u5229|def|1\n|-unboost|p1a: \u521b\u9020\u80dc\u5229|spd|1\n|faint|p2a: Zapdos\n|\n|upkeep\n|\n|t:|1700992175\n|switch|p2a: Hoopa|Hoopa-Unbound, tera:Dark|100\/100\n|turn|11\n|\n|t:|1700992186\n|switch|p1a: \u4e58\u98ce\u7684\u5c0f\u7cbe\u7075|Cottonee, F, shiny|82\/100 tox\n|move|p2a: Hoopa|Hyperspace Fury|p1a: \u4e58\u98ce\u7684\u5c0f\u7cbe\u7075\n|-resisted|p1a: \u4e58\u98ce\u7684\u5c0f\u7cbe\u7075\n|-damage|p1a: \u4e58\u98ce\u7684\u5c0f\u7cbe\u7075|32\/100 tox\n|-unboost|p2a: Hoopa|def|1\n|\n|-damage|p1a: \u4e58\u98ce\u7684\u5c0f\u7cbe\u7075|26\/100 tox|[from] psn\n|upkeep\n|turn|12\n|l|\u2606MMQZA10\n|inactive|MMQZA10 disconnected and has a minute to reconnect!\n|player|p2|\n|j|\u2606MMQZA10\n|inactive|MMQZA10 reconnected and has 125 seconds left.\n|player|p2|MMQZA10|2\n|inactive|MMQZA10 has 120 seconds left.\n|\n|t:|1700992219\n|switch|p2a: Serperior|Serperior, M|100\/100\n|move|p1a: \u4e58\u98ce\u7684\u5c0f\u7cbe\u7075|Tailwind|p1a: \u4e58\u98ce\u7684\u5c0f\u7cbe\u7075\n|-sidestart|p1: jira71|move: Tailwind\n|\n|-damage|p1a: \u4e58\u98ce\u7684\u5c0f\u7cbe\u7075|14\/100 tox|[from] psn\n|upkeep\n|turn|13\n|\n|t:|1700992224\n|move|p1a: \u4e58\u98ce\u7684\u5c0f\u7cbe\u7075|Toxic|p2a: Serperior\n|-status|p2a: Serperior|tox\n|move|p2a: Serperior|Substitute|p2a: Serperior\n|-start|p2a: Serperior|Substitute\n|-damage|p2a: Serperior|76\/100 tox\n|\n|-heal|p2a: Serperior|82\/100 tox|[from] item: Leftovers\n|-damage|p2a: Serperior|76\/100 tox|[from] psn\n|-damage|p1a: \u4e58\u98ce\u7684\u5c0f\u7cbe\u7075|0 fnt|[from] psn\n|faint|p1a: \u4e58\u98ce\u7684\u5c0f\u7cbe\u7075\n|upkeep\n|\n|t:|1700992235\n|switch|p1a: \u521b\u9020\u80dc\u5229|Victini, tera:Fire|100\/100\n|turn|14\n|\n|t:|1700992239\n|move|p1a: \u521b\u9020\u80dc\u5229|U-turn|p2a: Serperior\n|-supereffective|p2a: Serperior\n|-end|p2a: Serperior|Substitute\n|\n|t:|1700992242\n|switch|p1a: \u8d85\u840c\u7684\u9006\u88ad|Mew, shiny|100\/100|[from] U-turn\n|move|p2a: Serperior|Glare||[still]\n|-status|p1a: \u8d85\u840c\u7684\u9006\u88ad|par\n|-activate|p1a: \u8d85\u840c\u7684\u9006\u88ad|ability: Synchronize\n|-fail|p1a: \u8d85\u840c\u7684\u9006\u88ad\n|\n|-heal|p2a: Serperior|82\/100 tox|[from] item: Leftovers\n|-damage|p2a: Serperior|69\/100 tox|[from] psn\n|upkeep\n|turn|15\n|\n|t:|1700992255\n|move|p2a: Serperior|Leaf Storm|p1a: \u8d85\u840c\u7684\u9006\u88ad\n|-damage|p1a: \u8d85\u840c\u7684\u9006\u88ad|64\/100 par\n|-boost|p2a: Serperior|spa|2\n|move|p1a: \u8d85\u840c\u7684\u9006\u88ad|Flamethrower|p2a: Serperior\n|-supereffective|p2a: Serperior\n|-damage|p2a: Serperior|6\/100 tox\n|\n|-heal|p2a: Serperior|13\/100 tox|[from] item: Leftovers\n|-damage|p2a: Serperior|0 fnt|[from] psn\n|faint|p2a: Serperior\n|-sideend|p1: jira71|move: Tailwind\n|upkeep\n|\n|t:|1700992266\n|switch|p2a: Hoopa|Hoopa-Unbound, tera:Dark|100\/100\n|turn|16\n|\n|t:|1700992271\n|switch|p1a: \u77ff\u56fd\u7684\u516c\u4e3b|Diancie, shiny|100\/100\n|move|p2a: Hoopa|Hyperspace Fury|p1a: \u77ff\u56fd\u7684\u516c\u4e3b\n|-resisted|p1a: \u77ff\u56fd\u7684\u516c\u4e3b\n|-damage|p1a: \u77ff\u56fd\u7684\u516c\u4e3b|50\/100\n|-unboost|p2a: Hoopa|def|1\n|\n|-heal|p1a: \u77ff\u56fd\u7684\u516c\u4e3b|56\/100|[from] item: Leftovers\n|upkeep\n|turn|17\n|\n|t:|1700992301\n|switch|p2a: Clodsire|Clodsire, F|100\/100\n|move|p1a: \u77ff\u56fd\u7684\u516c\u4e3b|Draining Kiss|p2a: Clodsire\n|-resisted|p2a: Clodsire\n|-damage|p2a: Clodsire|94\/100\n|-heal|p1a: \u77ff\u56fd\u7684\u516c\u4e3b|63\/100|[from] drain|[of] p2a: Clodsire\n|\n|-heal|p1a: \u77ff\u56fd\u7684\u516c\u4e3b|69\/100|[from] item: Leftovers\n|-heal|p2a: Clodsire|100\/100|[from] item: Leftovers\n|upkeep\n|turn|18\n|\n|t:|1700992313\n|switch|p1a: \u8d85\u840c\u7684\u9006\u88ad|Mew, shiny|64\/100 par\n|move|p2a: Clodsire|Stealth Rock|p1a: \u8d85\u840c\u7684\u9006\u88ad\n|-sidestart|p1: jira71|move: Stealth Rock\n|\n|upkeep\n|turn|19\n|\n|t:|1700992324\n|cant|p1a: \u8d85\u840c\u7684\u9006\u88ad|par\n|move|p2a: Clodsire|Earthquake|p1a: \u8d85\u840c\u7684\u9006\u88ad\n|-damage|p1a: \u8d85\u840c\u7684\u9006\u88ad|40\/100 par\n|\n|upkeep\n|turn|20\n|\n|t:|1700992331\n|switch|p2a: Hoopa|Hoopa-Unbound, tera:Dark|100\/100\n|move|p1a: \u8d85\u840c\u7684\u9006\u88ad|Agility|p1a: \u8d85\u840c\u7684\u9006\u88ad\n|-boost|p1a: \u8d85\u840c\u7684\u9006\u88ad|spe|2\n|\n|upkeep\n|turn|21\n|\n|t:|1700992336\n|move|p2a: Hoopa|Hyperspace Fury|p1a: \u8d85\u840c\u7684\u9006\u88ad\n|-supereffective|p1a: \u8d85\u840c\u7684\u9006\u88ad\n|-damage|p1a: \u8d85\u840c\u7684\u9006\u88ad|0 fnt\n|-unboost|p2a: Hoopa|def|1\n|faint|p1a: \u8d85\u840c\u7684\u9006\u88ad\n|\n|upkeep\n|\n|t:|1700992342\n|switch|p1a: \u521b\u9020\u80dc\u5229|Victini, tera:Fire|100\/100\n|-damage|p1a: \u521b\u9020\u80dc\u5229|75\/100|[from] Stealth Rock\n|turn|22\n|\n|t:|1700992354\n|switch|p2a: Corviknight|Corviknight, F|100\/100\n|-ability|p2a: Corviknight|Pressure\n|move|p1a: \u521b\u9020\u80dc\u5229|V-create|p2a: Corviknight\n|-supereffective|p2a: Corviknight\n|-damage|p2a: Corviknight|0 fnt\n|-unboost|p1a: \u521b\u9020\u80dc\u5229|spe|1\n|-unboost|p1a: \u521b\u9020\u80dc\u5229|def|1\n|-unboost|p1a: \u521b\u9020\u80dc\u5229|spd|1\n|-damage|p1a: \u521b\u9020\u80dc\u5229|59\/100|[from] item: Rocky Helmet|[of] p2a: Corviknight\n|faint|p2a: Corviknight\n|\n|upkeep\n|\n|t:|1700992370\n|switch|p2a: Slowking|Slowking, M|50\/100\n|turn|23\n|\n|t:|1700992386\n|switch|p1a: \u6ca7\u6d77\u7684\u738b\u5b50|Manaphy, shiny|100\/100\n|-damage|p1a: \u6ca7\u6d77\u7684\u738b\u5b50|88\/100|[from] Stealth Rock\n|move|p2a: Slowking|Scald|p1a: \u6ca7\u6d77\u7684\u738b\u5b50\n|-resisted|p1a: \u6ca7\u6d77\u7684\u738b\u5b50\n|-damage|p1a: \u6ca7\u6d77\u7684\u738b\u5b50|74\/100\n|\n|upkeep\n|turn|24\n|\n|t:|1700992394\n|switch|p2a: Clodsire|Clodsire, F|100\/100\n|move|p1a: \u6ca7\u6d77\u7684\u738b\u5b50|Reflect|p1a: \u6ca7\u6d77\u7684\u738b\u5b50\n|-sidestart|p1: jira71|Reflect\n|\n|upkeep\n|turn|25\n|\n|t:|1700992402\n|move|p1a: \u6ca7\u6d77\u7684\u738b\u5b50|Scald|p2a: Clodsire\n|-supereffective|p2a: Clodsire\n|-damage|p2a: Clodsire|69\/100\n|move|p2a: Clodsire|Toxic|p1a: \u6ca7\u6d77\u7684\u738b\u5b50\n|-status|p1a: \u6ca7\u6d77\u7684\u738b\u5b50|tox\n|\n|-heal|p2a: Clodsire|76\/100|[from] item: Leftovers\n|-damage|p1a: \u6ca7\u6d77\u7684\u738b\u5b50|68\/100 tox|[from] psn\n|upkeep\n|turn|26\n|\n|t:|1700992416\n|move|p1a: \u6ca7\u6d77\u7684\u738b\u5b50|Tail Glow|p1a: \u6ca7\u6d77\u7684\u738b\u5b50\n|-boost|p1a: \u6ca7\u6d77\u7684\u738b\u5b50|spa|3\n|move|p2a: Clodsire|Earthquake|p1a: \u6ca7\u6d77\u7684\u738b\u5b50\n|-damage|p1a: \u6ca7\u6d77\u7684\u738b\u5b50|56\/100 tox\n|\n|-heal|p2a: Clodsire|82\/100|[from] item: Leftovers\n|-damage|p1a: \u6ca7\u6d77\u7684\u738b\u5b50|44\/100 tox|[from] psn\n|upkeep\n|turn|27\n|\n|t:|1700992423\n|move|p1a: \u6ca7\u6d77\u7684\u738b\u5b50|Scald|p2a: Clodsire\n|-supereffective|p2a: Clodsire\n|-damage|p2a: Clodsire|54\/100\n|-status|p2a: Clodsire|brn\n|move|p2a: Clodsire|Recover|p2a: Clodsire\n|-heal|p2a: Clodsire|100\/100 brn\n|\n|-damage|p1a: \u6ca7\u6d77\u7684\u738b\u5b50|25\/100 tox|[from] psn\n|-damage|p2a: Clodsire|94\/100 brn|[from] brn\n|upkeep\n|turn|28\n|\n|t:|1700992439\n|move|p1a: \u6ca7\u6d77\u7684\u738b\u5b50|Scald|p2a: Clodsire\n|-supereffective|p2a: Clodsire\n|-damage|p2a: Clodsire|63\/100 brn\n|move|p2a: Clodsire|Recover|p2a: Clodsire\n|-heal|p2a: Clodsire|100\/100 brn\n|\n|-damage|p1a: \u6ca7\u6d77\u7684\u738b\u5b50|1\/100 tox|[from] psn\n|-damage|p2a: Clodsire|94\/100 brn|[from] brn\n|upkeep\n|turn|29\n|\n|t:|1700992457\n|switch|p2a: Slowking|Slowking, M|84\/100\n|move|p1a: \u6ca7\u6d77\u7684\u738b\u5b50|Scald|p2a: Slowking\n|-resisted|p2a: Slowking\n|-damage|p2a: Slowking|61\/100\n|-status|p2a: Slowking|brn\n|\n|-damage|p1a: \u6ca7\u6d77\u7684\u738b\u5b50|0 fnt|[from] psn\n|faint|p1a: \u6ca7\u6d77\u7684\u738b\u5b50\n|-damage|p2a: Slowking|55\/100 brn|[from] brn\n|upkeep\n|\n|t:|1700992466\n|switch|p1a: \u77ff\u56fd\u7684\u516c\u4e3b|Diancie, shiny|69\/100\n|-damage|p1a: \u77ff\u56fd\u7684\u516c\u4e3b|57\/100|[from] Stealth Rock\n|turn|30\n|\n|t:|1700992479\n|move|p1a: \u77ff\u56fd\u7684\u516c\u4e3b|Calm Mind|p1a: \u77ff\u56fd\u7684\u516c\u4e3b\n|-boost|p1a: \u77ff\u56fd\u7684\u516c\u4e3b|spa|1\n|-boost|p1a: \u77ff\u56fd\u7684\u516c\u4e3b|spd|1\n|move|p2a: Slowking|Scald|p1a: \u77ff\u56fd\u7684\u516c\u4e3b\n|-supereffective|p1a: \u77ff\u56fd\u7684\u516c\u4e3b\n|-damage|p1a: \u77ff\u56fd\u7684\u516c\u4e3b|23\/100\n|-status|p1a: \u77ff\u56fd\u7684\u516c\u4e3b|brn\n|\n|-heal|p1a: \u77ff\u56fd\u7684\u516c\u4e3b|29\/100 brn|[from] item: Leftovers\n|-damage|p1a: \u77ff\u56fd\u7684\u516c\u4e3b|23\/100 brn|[from] brn\n|-damage|p2a: Slowking|49\/100 brn|[from] brn\n|upkeep\n|turn|31\n|\n|t:|1700992489\n|switch|p2a: Clodsire|Clodsire, F|94\/100 brn\n|move|p1a: \u77ff\u56fd\u7684\u516c\u4e3b|Draining Kiss|p2a: Clodsire\n|-resisted|p2a: Clodsire\n|-damage|p2a: Clodsire|88\/100 brn\n|-heal|p1a: \u77ff\u56fd\u7684\u516c\u4e3b|31\/100 brn|[from] drain|[of] p2a: Clodsire\n|\n|-heal|p1a: \u77ff\u56fd\u7684\u516c\u4e3b|37\/100 brn|[from] item: Leftovers\n|-heal|p2a: Clodsire|94\/100 brn|[from] item: Leftovers\n|-damage|p1a: \u77ff\u56fd\u7684\u516c\u4e3b|31\/100 brn|[from] brn\n|-damage|p2a: Clodsire|88\/100 brn|[from] brn\n|-sideend|p1: jira71|Reflect\n|upkeep\n|turn|32\n|\n|t:|1700992512\n|move|p1a: \u77ff\u56fd\u7684\u516c\u4e3b|Iron Defense|p1a: \u77ff\u56fd\u7684\u516c\u4e3b\n|-boost|p1a: \u77ff\u56fd\u7684\u516c\u4e3b|def|2\n|move|p2a: Clodsire|Earthquake|p1a: \u77ff\u56fd\u7684\u516c\u4e3b\n|-supereffective|p1a: \u77ff\u56fd\u7684\u516c\u4e3b\n|-damage|p1a: \u77ff\u56fd\u7684\u516c\u4e3b|8\/100 brn\n|\n|-heal|p1a: \u77ff\u56fd\u7684\u516c\u4e3b|14\/100 brn|[from] item: Leftovers\n|-heal|p2a: Clodsire|94\/100 brn|[from] item: Leftovers\n|-damage|p1a: \u77ff\u56fd\u7684\u516c\u4e3b|8\/100 brn|[from] brn\n|-damage|p2a: Clodsire|88\/100 brn|[from] brn\n|upkeep\n|turn|33\n|l|\u2606MMQZA10\n|inactive|MMQZA10 disconnected and has a minute to reconnect!\n|player|p2|\n|j|\u2606MMQZA10\n|inactive|MMQZA10 reconnected and has 120 seconds left.\n|player|p2|MMQZA10|2\n|c|\u2606MMQZA10|\u5e7b\u517d\u914d\u7f6e\u771f\u96be\u731c\n|\n|t:|1700992556\n|move|p1a: \u77ff\u56fd\u7684\u516c\u4e3b|Draining Kiss|p2a: Clodsire\n|-resisted|p2a: Clodsire\n|-damage|p2a: Clodsire|81\/100 brn\n|-heal|p1a: \u77ff\u56fd\u7684\u516c\u4e3b|15\/100 brn|[from] drain|[of] p2a: Clodsire\n|move|p2a: Clodsire|Earthquake|p1a: \u77ff\u56fd\u7684\u516c\u4e3b\n|-supereffective|p1a: \u77ff\u56fd\u7684\u516c\u4e3b\n|-damage|p1a: \u77ff\u56fd\u7684\u516c\u4e3b|0 fnt\n|faint|p1a: \u77ff\u56fd\u7684\u516c\u4e3b\n|\n|-heal|p2a: Clodsire|87\/100 brn|[from] item: Leftovers\n|-damage|p2a: Clodsire|81\/100 brn|[from] brn\n|upkeep\n|\n|t:|1700992569\n|switch|p1a: \u521b\u9020\u80dc\u5229|Victini, tera:Fire|59\/100\n|-damage|p1a: \u521b\u9020\u80dc\u5229|34\/100|[from] Stealth Rock\n|turn|34\n|\n|t:|1700992572\n|move|p1a: \u521b\u9020\u80dc\u5229|V-create|p2a: Clodsire\n|-damage|p2a: Clodsire|0 fnt\n|-unboost|p1a: \u521b\u9020\u80dc\u5229|spe|1\n|-unboost|p1a: \u521b\u9020\u80dc\u5229|def|1\n|-unboost|p1a: \u521b\u9020\u80dc\u5229|spd|1\n|faint|p2a: Clodsire\n|\n|upkeep\n|\n|t:|1700992574\n|switch|p2a: Slowking|Slowking, M|82\/100 brn\n|turn|35\n|-message|jira71 forfeited.\n|\n|win|MMQZA10\n|raw|jira71's rating: 1523 &rarr; <strong>1504<\/strong><br \/>(-19 for losing)\n|raw|MMQZA10's rating: 1544 &rarr; <strong>1563<\/strong><br \/>(+19 for winning)\n|l|\u2606jira71\n","uploadtime":1700992585,"views":1,"p1id":"jira71","p2id":"mmqza10","formatid":"gen9nationaldex","rating":1504,"private":0,"password":""}