{"id":"gen9nationaldex-1987829611","p1":"TriBot085","p2":"HolyChomper","format":"[Gen 9] National Dex","log":"|j|\u2606TriBot085\n|j|\u2606HolyChomper\n|t:|1699640701\n|gametype|singles\n|player|p1|TriBot085|adaman|1014\n|player|p2|HolyChomper|byron|1109\n|teamsize|p1|6\n|teamsize|p2|6\n|gen|9\n|tier|[Gen 9] National Dex\n|rated|\n|rule|HP Percentage Mod: HP is shown in percentages\n|rule|Endless Battle Clause: Forcing endless battles is banned\n|rule|OHKO Clause: OHKO moves are banned\n|rule|Evasion Clause: Evasion abilities, items, and moves are banned\n|rule|Evasion Abilities Clause: Evasion abilities are banned\n|rule|Evasion Items Clause: Evasion items are banned\n|rule|Evasion Moves Clause: Evasion moves are banned\n|rule|Species Clause: Limit one of each Pok\u00e9mon\n|rule|Sleep Clause Mod: Limit one foe put to sleep\n|clearpoke\n|poke|p1|Luxray, M|\n|poke|p1|Staraptor, M|\n|poke|p1|Golem, M|\n|poke|p1|Rapidash, M|\n|poke|p1|Beautifly, F|\n|poke|p1|Typhlosion-Hisui, F|\n|poke|p2|Pelipper, F|\n|poke|p2|Swampert, F|\n|poke|p2|Overqwil, M|\n|poke|p2|Scizor, M|\n|poke|p2|Kilowattrel, M|\n|poke|p2|Goodra, M|\n|teampreview\n|c|\u2606HolyChomper|Glhf\n|\n|t:|1699640715\n|start\n|switch|p1a: Luxray|Luxray, M|100\/100\n|switch|p2a: Goodra|Goodra, M|100\/100\n|turn|1\n|\n|t:|1699640726\n|move|p1a: Luxray|Thunderbolt|p2a: Goodra\n|-resisted|p2a: Goodra\n|-damage|p2a: Goodra|85\/100\n|move|p2a: Goodra|Draco Meteor|p1a: Luxray\n|-damage|p1a: Luxray|0 fnt\n|-unboost|p2a: Goodra|spa|2\n|faint|p1a: Luxray\n|\n|upkeep\n|\n|t:|1699640733\n|switch|p1a: Staraptor|Staraptor, M|100\/100\n|-ability|p1a: Staraptor|Intimidate|boost\n|-unboost|p2a: Goodra|atk|1\n|turn|2\n|\n|t:|1699640742\n|switch|p2a: Pelipper|Pelipper, F|100\/100\n|-weather|RainDance|[from] ability: Drizzle|[of] p2a: Pelipper\n|move|p1a: Staraptor|Acrobatics|p2a: Pelipper\n|-damage|p2a: Pelipper|64\/100\n|\n|-weather|RainDance|[upkeep]\n|upkeep\n|turn|3\n|\n|t:|1699640751\n|move|p1a: Staraptor|Quick Attack|p2a: Pelipper\n|-damage|p2a: Pelipper|50\/100\n|move|p2a: Pelipper|U-turn|p1a: Staraptor\n|-resisted|p1a: Staraptor\n|-damage|p1a: Staraptor|95\/100\n|\n|t:|1699640763\n|switch|p2a: Kilowattrel|Kilowattrel, M|100\/100|[from] U-turn\n|\n|-weather|RainDance|[upkeep]\n|upkeep\n|turn|4\n|\n|t:|1699640772\n|-terastallize|p2a: Kilowattrel|Water\n|move|p2a: Kilowattrel|Weather Ball|p1a: Staraptor\n|-damage|p1a: Staraptor|0 fnt\n|faint|p1a: Staraptor\n|-damage|p2a: Kilowattrel|91\/100|[from] item: Life Orb\n|\n|-weather|RainDance|[upkeep]\n|upkeep\n|\n|t:|1699640784\n|switch|p1a: Beautifly|Beautifly, F|100\/100\n|turn|5\n|\n|t:|1699640788\n|move|p2a: Kilowattrel|Thunder|p1a: Beautifly\n|-supereffective|p1a: Beautifly\n|-damage|p1a: Beautifly|0 fnt\n|faint|p1a: Beautifly\n|-damage|p2a: Kilowattrel|81\/100|[from] item: Life Orb\n|\n|-weather|RainDance|[upkeep]\n|upkeep\n|\n|t:|1699640792\n|switch|p1a: Golem|Golem, M|100\/100\n|turn|6\n|\n|t:|1699640798\n|move|p2a: Kilowattrel|Weather Ball|p1a: Golem\n|-supereffective|p1a: Golem\n|-damage|p1a: Golem|0 fnt\n|faint|p1a: Golem\n|-damage|p2a: Kilowattrel|71\/100|[from] item: Life Orb\n|\n|-weather|none\n|upkeep\n|\n|t:|1699640803\n|switch|p1a: Rapidash|Rapidash, M|100\/100\n|turn|7\n|\n|t:|1699640809\n|switch|p2a: Pelipper|Pelipper, F|50\/100\n|-weather|RainDance|[from] ability: Drizzle|[of] p2a: Pelipper\n|move|p1a: Rapidash|Drill Run|p2a: Pelipper\n|-immune|p2a: Pelipper\n|\n|-weather|RainDance|[upkeep]\n|upkeep\n|turn|8\n|\n|t:|1699640818\n|move|p1a: Rapidash|Poison Jab|p2a: Pelipper\n|-damage|p2a: Pelipper|35\/100\n|move|p2a: Pelipper|U-turn|p1a: Rapidash\n|-resisted|p1a: Rapidash\n|-damage|p1a: Rapidash|95\/100\n|\n|t:|1699640826\n|switch|p2a: Kilowattrel|Kilowattrel, M, tera:Water|71\/100|[from] U-turn\n|\n|-weather|RainDance|[upkeep]\n|upkeep\n|turn|9\n|\n|t:|1699640833\n|move|p2a: Kilowattrel|Weather Ball|p1a: Rapidash\n|-supereffective|p1a: Rapidash\n|-damage|p1a: Rapidash|0 fnt\n|faint|p1a: Rapidash\n|-damage|p2a: Kilowattrel|61\/100|[from] item: Life Orb\n|\n|-weather|RainDance|[upkeep]\n|upkeep\n|\n|t:|1699640836\n|switch|p1a: Typhlosion|Typhlosion-Hisui, F|100\/100\n|turn|10\n|\n|t:|1699640844\n|-terastallize|p1a: Typhlosion|Fire\n|move|p2a: Kilowattrel|Weather Ball|p1a: Typhlosion\n|-supereffective|p1a: Typhlosion\n|-damage|p1a: Typhlosion|0 fnt\n|faint|p1a: Typhlosion\n|-damage|p2a: Kilowattrel|51\/100|[from] item: Life Orb\n|\n|win|HolyChomper\n|raw|TriBot085's rating: 1014 &rarr; <strong>1005<\/strong><br \/>(-9 for losing)\n|raw|HolyChomper's rating: 1109 &rarr; <strong>1127<\/strong><br \/>(+18 for winning)\n|l|\u2606TriBot085\n|c|\u2606HolyChomper|Gg\n","uploadtime":1699640865,"views":5,"p1id":"tribot085","p2id":"holychomper","formatid":"gen9nationaldex","rating":1005,"private":0,"password":""}