{"id":"gen9nationaldex-1998313677","p1":"Oxxo_ntsm","p2":"mrpovea","format":"[Gen 9] National Dex","log":"|html|<div class=\"broadcast-blue\"><strong>[Gen 9] National Dex is currently suspecting Sneasler! For information on how to participate check out the <a href=\"https:\/\/www.smogon.com\/forums\/threads\/sv-national-dex-suspect-8-just-dance.3731534\/\">suspect thread<\/a>.<\/strong><\/div>\n|j|\u2606Oxxo_ntsm\n|j|\u2606mrpovea\n|t:|1700928257\n|gametype|singles\n|player|p1|Oxxo_ntsm|hilbert-wonderlauncher|\n|player|p2|mrpovea|169|\n|teamsize|p1|6\n|teamsize|p2|6\n|gen|9\n|tier|[Gen 9] National Dex\n|rule|HP Percentage Mod: HP is shown in percentages\n|rule|Endless Battle Clause: Forcing endless battles is banned\n|rule|OHKO Clause: OHKO moves are banned\n|rule|Evasion Clause: Evasion abilities, items, and moves are banned\n|rule|Evasion Abilities Clause: Evasion abilities are banned\n|rule|Evasion Items Clause: Evasion items are banned\n|rule|Evasion Moves Clause: Evasion moves are banned\n|rule|Species Clause: Limit one of each Pok\u00e9mon\n|rule|Sleep Clause Mod: Limit one foe put to sleep\n|clearpoke\n|poke|p1|Charizard, M|\n|poke|p1|Volcarona, F|\n|poke|p1|Victini|\n|poke|p1|Ceruledge, M|\n|poke|p1|Chandelure, F|\n|poke|p1|Flareon, M|\n|poke|p2|Swampert, F|\n|poke|p2|Gardevoir, F|\n|poke|p2|Breloom, F|\n|poke|p2|Manectric, M|\n|poke|p2|Crobat, M|\n|poke|p2|Absol, F|\n|teampreview\n|inactive|Battle timer is ON: inactive players will automatically lose when time's up. (requested by Oxxo_ntsm)\n|\n|t:|1700928268\n|start\n|switch|p1a: Nacho|Flareon, M|100\/100\n|switch|p2a: Swampert|Swampert, F|100\/100\n|turn|1\n|\n|t:|1700928282\n|move|p1a: Nacho|Wish|p1a: Nacho\n|move|p2a: Swampert|Liquidation|p1a: Nacho\n|-supereffective|p1a: Nacho\n|-damage|p1a: Nacho|0 fnt\n|faint|p1a: Nacho\n|\n|upkeep\n|\n|t:|1700928292\n|switch|p1a: Destripachorizo|Charizard, M, shiny|100\/100\n|turn|2\n|\n|t:|1700928311\n|detailschange|p1a: Destripachorizo|Charizard-Mega-Y, M, shiny\n|-mega|p1a: Destripachorizo|Charizard|Charizardite Y\n|-weather|SunnyDay|[from] ability: Drought|[of] p1a: Destripachorizo\n|move|p1a: Destripachorizo|Solar Beam||[still]\n|-prepare|p1a: Destripachorizo|Solar Beam\n|-anim|p1a: Destripachorizo|Solar Beam|p2a: Swampert\n|-supereffective|p2a: Swampert\n|-damage|p2a: Swampert|0 fnt\n|faint|p2a: Swampert\n|\n|-weather|SunnyDay|[upkeep]\n|upkeep\n|\n|t:|1700928320\n|switch|p2a: Manectric|Manectric, M|100\/100\n|turn|3\n|\n|t:|1700928325\n|move|p2a: Manectric|Discharge|p1a: Destripachorizo\n|-supereffective|p1a: Destripachorizo\n|-damage|p1a: Destripachorizo|29\/100\n|-status|p1a: Destripachorizo|par\n|cant|p1a: Destripachorizo|par\n|\n|-weather|SunnyDay|[upkeep]\n|upkeep\n|turn|4\n|\n|t:|1700928347\n|switch|p1a: Shin Chan|Chandelure, F|100\/100\n|move|p2a: Manectric|Discharge|p1a: Shin Chan\n|-damage|p1a: Shin Chan|46\/100\n|\n|-weather|SunnyDay|[upkeep]\n|upkeep\n|turn|5\n|inactive|Oxxo_ntsm has 270 seconds left.\n|\n|t:|1700928372\n|move|p2a: Manectric|Discharge|p1a: Shin Chan\n|-damage|p1a: Shin Chan|0 fnt\n|faint|p1a: Shin Chan\n|\n|-weather|SunnyDay|[upkeep]\n|upkeep\n|inactive|Oxxo_ntsm has 270 seconds left.\n|\n|t:|1700928379\n|switch|p1a: Mothra|Volcarona, F|100\/100\n|turn|6\n|inactive|mrpovea has 270 seconds left.\n|\n|t:|1700928412\n|-terastallize|p1a: Mothra|Ground\n|move|p2a: Manectric|Discharge|p1a: Mothra\n|-immune|p1a: Mothra\n|move|p1a: Mothra|Quiver Dance|p1a: Mothra\n|-boost|p1a: Mothra|spa|1\n|-boost|p1a: Mothra|spd|1\n|-boost|p1a: Mothra|spe|1\n|\n|-weather|none\n|upkeep\n|turn|7\n|inactive|mrpovea has 270 seconds left.\n|\n|t:|1700928425\n|switch|p2a: Crobat|Crobat, M|100\/100\n|move|p1a: Mothra|Quiver Dance|p1a: Mothra\n|-boost|p1a: Mothra|spa|1\n|-boost|p1a: Mothra|spd|1\n|-boost|p1a: Mothra|spe|1\n|\n|upkeep\n|turn|8\n|inactive|mrpovea has 270 seconds left.\n|\n|t:|1700928436\n|move|p1a: Mothra|Fiery Dance|p2a: Crobat\n|-damage|p2a: Crobat|0 fnt\n|-boost|p1a: Mothra|spa|1\n|faint|p2a: Crobat\n|\n|upkeep\n|inactive|mrpovea has 270 seconds left.\n|\n|t:|1700928455\n|switch|p2a: Absol|Absol, F|100\/100\n|turn|9\n|\n|t:|1700928463\n|move|p1a: Mothra|Tera Blast|p2a: Absol|[anim] Tera Blast Ground\n|-damage|p2a: Absol|0 fnt\n|faint|p2a: Absol\n|\n|upkeep\n|inactive|mrpovea has 270 seconds left.\n|\n|t:|1700928472\n|switch|p2a: Gardevoir|Gardevoir, F|100\/100\n|turn|10\n|\n|t:|1700928478\n|move|p1a: Mothra|Bug Buzz|p2a: Gardevoir\n|-damage|p2a: Gardevoir|0 fnt\n|faint|p2a: Gardevoir\n|\n|upkeep\n|inactive|mrpovea has 270 seconds left.\n|\n|t:|1700928493\n|switch|p2a: Manectric|Manectric, M|100\/100\n|turn|11\n|\n|t:|1700928498\n|move|p1a: Mothra|Tera Blast|p2a: Manectric|[anim] Tera Blast Ground\n|-supereffective|p2a: Manectric\n|-damage|p2a: Manectric|0 fnt\n|faint|p2a: Manectric\n|\n|upkeep\n|\n|t:|1700928505\n|switch|p2a: Breloom|Breloom, F|100\/100\n|turn|12\n|\n|t:|1700928512\n|move|p2a: Breloom|Mach Punch|p1a: Mothra\n|-damage|p1a: Mothra|64\/100\n|move|p1a: Mothra|Fiery Dance|p2a: Breloom\n|-supereffective|p2a: Breloom\n|-damage|p2a: Breloom|0 fnt\n|faint|p2a: Breloom\n|\n|win|Oxxo_ntsm\n","uploadtime":1700928525,"views":5,"p1id":"oxxontsm","p2id":"mrpovea","formatid":"gen9nationaldex","rating":0,"private":0,"password":""}