{"id":"gen9nationaldex-1999727042","p1":"Jonathan53332","p2":"Linkmasterjr","format":"[Gen 9] National Dex","log":"|html|<div class=\"broadcast-blue\"><strong>[Gen 9] National Dex is currently suspecting Sneasler! For information on how to participate check out the <a href=\"https:\/\/www.smogon.com\/forums\/threads\/sv-national-dex-suspect-8-just-dance.3731534\/\">suspect thread<\/a>.<\/strong><\/div>\n|j|\u2606Jonathan53332\n|j|\u2606Linkmasterjr\n|t:|1701111343\n|gametype|singles\n|player|p1|Jonathan53332|266|\n|player|p2|Linkmasterjr|blue|\n|teamsize|p1|6\n|teamsize|p2|6\n|gen|9\n|tier|[Gen 9] National Dex\n|rule|HP Percentage Mod: HP is shown in percentages\n|rule|Endless Battle Clause: Forcing endless battles is banned\n|rule|OHKO Clause: OHKO moves are banned\n|rule|Evasion Clause: Evasion abilities, items, and moves are banned\n|rule|Evasion Abilities Clause: Evasion abilities are banned\n|rule|Evasion Items Clause: Evasion items are banned\n|rule|Evasion Moves Clause: Evasion moves are banned\n|rule|Species Clause: Limit one of each Pok\u00e9mon\n|rule|Sleep Clause Mod: Limit one foe put to sleep\n|clearpoke\n|poke|p1|Dudunsparce-*, F|\n|poke|p1|Florges-Blue, F|\n|poke|p1|Barraskewda, F|\n|poke|p1|Kilowattrel, M|\n|poke|p1|Pyukumuku, F|\n|poke|p1|Pawmot, M|\n|poke|p2|Kommo-o, M|\n|poke|p2|Zoroark-Hisui, M|\n|poke|p2|Hatterene, F|\n|poke|p2|Ferrothorn, F|\n|poke|p2|Greninja-*, M|\n|poke|p2|Blaziken, F|\n|teampreview\n|\n|t:|1701111370\n|start\n|switch|p1a: Pawmot|Pawmot, M|100\/100\n|switch|p2a: Greninja|Greninja, M|100\/100\n|turn|1\n|\n|t:|1701111393\n|switch|p1a: Florges|Florges-Blue, F|100\/100\n|move|p2a: Greninja|Bitter Malice|p1a: Florges\n|-damage|p1a: Florges|76\/100\n|-unboost|p1a: Florges|atk|1\n|\n|-heal|p1a: Florges|82\/100|[from] item: Leftovers\n|-status|p2a: Greninja|brn|[from] item: Flame Orb\n|upkeep\n|turn|2\n|\n|t:|1701111407\n|move|p2a: Greninja|Sludge Bomb|p1a: Florges\n|-supereffective|p1a: Florges\n|-damage|p1a: Florges|41\/100\n|move|p1a: Florges|Calm Mind|p1a: Florges\n|-boost|p1a: Florges|spa|1\n|-boost|p1a: Florges|spd|1\n|\n|-heal|p1a: Florges|47\/100|[from] item: Leftovers\n|-damage|p2a: Greninja|94\/100 brn|[from] brn\n|upkeep\n|turn|3\n|\n|t:|1701111412\n|move|p2a: Greninja|Facade|p1a: Florges\n|-damage|p1a: Florges|0 fnt\n|faint|p1a: Florges\n|\n|-damage|p2a: Greninja|88\/100 brn|[from] brn\n|upkeep\n|\n|t:|1701111420\n|switch|p1a: Kilowattrel|Kilowattrel, M|100\/100\n|turn|4\n|\n|t:|1701111428\n|move|p1a: Kilowattrel|Tailwind|p1a: Kilowattrel\n|-sidestart|p1: Jonathan53332|move: Tailwind\n|move|p2a: Greninja|Facade|p1a: Kilowattrel\n|-damage|p1a: Kilowattrel|9\/100\n|\n|-damage|p2a: Greninja|82\/100 brn|[from] brn\n|upkeep\n|turn|5\n|\n|t:|1701111435\n|move|p1a: Kilowattrel|Thunderbolt|p2a: Greninja\n|-damage|p2a: Greninja|0 fnt\n|replace|p2a: Zoroark|Zoroark-Hisui, M\n|-end|p2a: Zoroark|Illusion\n|faint|p2a: Zoroark\n|\n|upkeep\n|\n|t:|1701111440\n|switch|p2a: Blaziken|Blaziken, F|100\/100\n|turn|6\n|\n|t:|1701111446\n|move|p1a: Kilowattrel|Air Slash|p2a: Blaziken\n|-supereffective|p2a: Blaziken\n|-damage|p2a: Blaziken|31\/100\n|move|p2a: Blaziken|Power-Up Punch|p1a: Kilowattrel\n|-resisted|p1a: Kilowattrel\n|-crit|p1a: Kilowattrel\n|-damage|p1a: Kilowattrel|0 fnt\n|-boost|p2a: Blaziken|atk|1\n|faint|p1a: Kilowattrel\n|\n|-ability|p2a: Blaziken|Speed Boost|boost\n|-boost|p2a: Blaziken|spe|1\n|upkeep\n|\n|t:|1701111454\n|switch|p1a: Barraskewda|Barraskewda, F|100\/100\n|turn|7\n|\n|t:|1701111464\n|switch|p2a: Ferrothorn|Ferrothorn, F|100\/100\n|move|p1a: Barraskewda|Liquidation|p2a: Ferrothorn\n|-resisted|p2a: Ferrothorn\n|-damage|p2a: Ferrothorn|74\/100\n|-unboost|p2a: Ferrothorn|def|1\n|-damage|p1a: Barraskewda|88\/100|[from] ability: Iron Barbs|[of] p2a: Ferrothorn\n|-damage|p1a: Barraskewda|72\/100|[from] item: Rocky Helmet|[of] p2a: Ferrothorn\n|\n|-sideend|p1: Jonathan53332|move: Tailwind\n|upkeep\n|turn|8\n|\n|t:|1701111471\n|switch|p1a: Pawmot|Pawmot, M|100\/100\n|move|p2a: Ferrothorn|Giga Drain|p1a: Pawmot\n|-damage|p1a: Pawmot|57\/100\n|-heal|p2a: Ferrothorn|93\/100|[from] drain|[of] p1a: Pawmot\n|\n|upkeep\n|turn|9\n|\n|t:|1701111478\n|-terastallize|p2a: Ferrothorn|Fire\n|move|p1a: Pawmot|Fire Punch|p2a: Ferrothorn\n|-resisted|p2a: Ferrothorn\n|-damage|p2a: Ferrothorn|75\/100\n|move|p2a: Ferrothorn|Thunderbolt|p1a: Pawmot\n|-resisted|p1a: Pawmot\n|-damage|p1a: Pawmot|40\/100\n|\n|upkeep\n|turn|10\n|\n|t:|1701111487\n|move|p1a: Pawmot|Thunder Punch|p2a: Ferrothorn\n|-damage|p2a: Ferrothorn|23\/100\n|move|p2a: Ferrothorn|Gyro Ball|p1a: Pawmot\n|-resisted|p1a: Pawmot\n|-damage|p1a: Pawmot|4\/100\n|\n|upkeep\n|turn|11\n|\n|t:|1701111491\n|move|p1a: Pawmot|Thunder Punch|p2a: Ferrothorn\n|-damage|p2a: Ferrothorn|0 fnt\n|faint|p2a: Ferrothorn\n|\n|upkeep\n|\n|t:|1701111496\n|switch|p2a: Greninja|Greninja, M|100\/100\n|turn|12\n|l|\u2606Linkmasterjr\n|player|p2|\n|j|\u2606Linkmasterjr\n|player|p2|Linkmasterjr|blue\n|\n|t:|1701111671\n|move|p1a: Pawmot|Mach Punch|p2a: Greninja\n|-supereffective|p2a: Greninja\n|-damage|p2a: Greninja|4\/100\n|move|p2a: Greninja|Water Pledge|p1a: Pawmot\n|-damage|p1a: Pawmot|0 fnt\n|faint|p1a: Pawmot\n|-ability|p2a: Greninja|Battle Bond|boost\n|-boost|p2a: Greninja|atk|1\n|-boost|p2a: Greninja|spa|1\n|-boost|p2a: Greninja|spe|1\n|-activate|p2a: Greninja|ability: Battle Bond\n|\n|upkeep\n|\n|t:|1701111677\n|switch|p1a: Barraskewda|Barraskewda, F|72\/100\n|turn|13\n|\n|t:|1701111683\n|move|p1a: Barraskewda|Aqua Jet|p2a: Greninja\n|-resisted|p2a: Greninja\n|-damage|p2a: Greninja|0 fnt\n|faint|p2a: Greninja\n|\n|upkeep\n|\n|t:|1701111690\n|switch|p2a: Blaziken|Blaziken, F|31\/100\n|turn|14\n|\n|t:|1701111692\n|move|p1a: Barraskewda|Aqua Jet|p2a: Blaziken\n|-supereffective|p2a: Blaziken\n|-damage|p2a: Blaziken|0 fnt\n|faint|p2a: Blaziken\n|\n|upkeep\n|\n|t:|1701111694\n|switch|p2a: Kommo-o|Kommo-o, M|100\/100\n|turn|15\n|\n|t:|1701111713\n|switch|p1a: Pyukumuku|Pyukumuku, F|100\/100\n|move|p2a: Kommo-o|Dragon Dance|p2a: Kommo-o\n|-boost|p2a: Kommo-o|atk|1\n|-boost|p2a: Kommo-o|spe|1\n|\n|upkeep\n|turn|16\n|\n|t:|1701111726\n|move|p2a: Kommo-o|Dragon Dance|p2a: Kommo-o\n|-boost|p2a: Kommo-o|atk|1\n|-boost|p2a: Kommo-o|spe|1\n|move|p1a: Pyukumuku|Toxic|p2a: Kommo-o\n|-status|p2a: Kommo-o|tox\n|\n|-damage|p2a: Kommo-o|94\/100 tox|[from] psn\n|upkeep\n|turn|17\n|\n|t:|1701111737\n|-zpower|p2a: Kommo-o\n|move|p2a: Kommo-o|Clangorous Soulblaze|p1a: Pyukumuku|[zeffect]\n|-damage|p1a: Pyukumuku|65\/100\n|-boost|p2a: Kommo-o|atk|1\n|-boost|p2a: Kommo-o|def|1\n|-boost|p2a: Kommo-o|spa|1\n|-boost|p2a: Kommo-o|spd|1\n|-boost|p2a: Kommo-o|spe|1\n|move|p1a: Pyukumuku|Counter||[still]\n|-fail|p1a: Pyukumuku\n|\n|-heal|p1a: Pyukumuku|71\/100|[from] item: Leftovers\n|-damage|p2a: Kommo-o|82\/100 tox|[from] psn\n|upkeep\n|turn|18\n|\n|t:|1701111747\n|move|p2a: Kommo-o|Poison Jab|p1a: Pyukumuku\n|-damage|p1a: Pyukumuku|16\/100\n|move|p1a: Pyukumuku|Recover|p1a: Pyukumuku\n|-heal|p1a: Pyukumuku|66\/100\n|\n|-heal|p1a: Pyukumuku|72\/100|[from] item: Leftovers\n|-damage|p2a: Kommo-o|63\/100 tox|[from] psn\n|upkeep\n|turn|19\n|\n|t:|1701111765\n|move|p2a: Kommo-o|Clanging Scales|p1a: Pyukumuku\n|-damage|p1a: Pyukumuku|38\/100\n|-unboost|p2a: Kommo-o|def|1\n|move|p1a: Pyukumuku|Recover|p1a: Pyukumuku\n|-heal|p1a: Pyukumuku|88\/100\n|\n|-heal|p1a: Pyukumuku|94\/100|[from] item: Leftovers\n|-damage|p2a: Kommo-o|39\/100 tox|[from] psn\n|upkeep\n|turn|20\n|\n|t:|1701111772\n|move|p2a: Kommo-o|Drain Punch|p1a: Pyukumuku\n|-damage|p1a: Pyukumuku|17\/100\n|-heal|p2a: Kommo-o|81\/100 tox|[from] drain|[of] p1a: Pyukumuku\n|move|p1a: Pyukumuku|Recover|p1a: Pyukumuku\n|-heal|p1a: Pyukumuku|67\/100\n|\n|-heal|p1a: Pyukumuku|73\/100|[from] item: Leftovers\n|-damage|p2a: Kommo-o|50\/100 tox|[from] psn\n|upkeep\n|turn|21\n|\n|t:|1701111779\n|move|p2a: Kommo-o|Drain Punch|p1a: Pyukumuku\n|-damage|p1a: Pyukumuku|0 fnt\n|-heal|p2a: Kommo-o|89\/100 tox|[from] drain|[of] p1a: Pyukumuku\n|-damage|p2a: Kommo-o|11\/100 tox|[from] ability: Innards Out|[of] p1a: Pyukumuku\n|faint|p1a: Pyukumuku\n|\n|-damage|p2a: Kommo-o|0 fnt|[from] psn\n|faint|p2a: Kommo-o\n|upkeep\n|\n|t:|1701111784\n|switch|p2a: Hatterene|Hatterene, F, shiny|100\/100\n|switch|p1a: Dudunsparce|Dudunsparce-Three-Segment, F|100\/100\n|turn|22\n|\n|t:|1701111796\n|move|p1a: Dudunsparce|Body Slam|p2a: Hatterene\n|-damage|p2a: Hatterene|45\/100\n|-status|p2a: Hatterene|par\n|move|p2a: Hatterene|Mystical Fire|p1a: Dudunsparce\n|-damage|p1a: Dudunsparce|74\/100\n|-unboost|p1a: Dudunsparce|spa|1\n|\n|upkeep\n|turn|23\n|\n|t:|1701111803\n|move|p1a: Dudunsparce|Body Slam|p2a: Hatterene\n|-damage|p2a: Hatterene|0 fnt\n|faint|p2a: Hatterene\n|\n|win|Jonathan53332\n","uploadtime":1701111807,"views":1,"p1id":"jonathan53332","p2id":"linkmasterjr","formatid":"gen9nationaldex","rating":0,"private":0,"password":""}