{"id":"gen9nationaldex-1997065268","p1":"eteleks","p2":"LeafStormHimNotMe","format":"[Gen 9] National Dex","log":"|html|<div class=\"broadcast-blue\"><strong>[Gen 9] National Dex is currently suspecting Sneasler! For information on how to participate check out the <a href=\"https:\/\/www.smogon.com\/forums\/threads\/sv-national-dex-suspect-8-just-dance.3731534\/\">suspect thread<\/a>.<\/strong><\/div>\n|j|\u2606eteleks\n|j|\u2606LeafStormHimNotMe\n|t:|1700760995\n|gametype|singles\n|player|p1|eteleks|veteran|1165\n|player|p2|LeafStormHimNotMe|skierf|1132\n|teamsize|p1|6\n|teamsize|p2|6\n|gen|9\n|tier|[Gen 9] National Dex\n|rated|\n|rule|HP Percentage Mod: HP is shown in percentages\n|rule|Endless Battle Clause: Forcing endless battles is banned\n|rule|OHKO Clause: OHKO moves are banned\n|rule|Evasion Clause: Evasion abilities, items, and moves are banned\n|rule|Evasion Abilities Clause: Evasion abilities are banned\n|rule|Evasion Items Clause: Evasion items are banned\n|rule|Evasion Moves Clause: Evasion moves are banned\n|rule|Species Clause: Limit one of each Pok\u00e9mon\n|rule|Sleep Clause Mod: Limit one foe put to sleep\n|clearpoke\n|poke|p1|Gardevoir, F|\n|poke|p1|Volcarona, M|\n|poke|p1|Tyranitar, M|\n|poke|p1|Skarmory, M|\n|poke|p1|Jolteon, F|\n|poke|p1|Milotic, F|\n|poke|p2|Cloyster, M|\n|poke|p2|Blastoise, M|\n|poke|p2|Shuckle, F|\n|poke|p2|Polteageist|\n|poke|p2|Barbaracle, F|\n|poke|p2|Gorebyss, F|\n|teampreview\n|c|\u2606LeafStormHimNotMe|glhf!\n|\n|t:|1700761008\n|start\n|switch|p1a: Jolteon|Jolteon, F|100\/100\n|switch|p2a: Blastoise|Blastoise, M|100\/100\n|turn|1\n|\n|t:|1700761015\n|move|p1a: Jolteon|Volt Switch|p2a: Blastoise\n|-supereffective|p2a: Blastoise\n|-damage|p2a: Blastoise|26\/100\n|\n|t:|1700761021\n|switch|p1a: Milotic|Milotic, F|100\/100|[from] Volt Switch\n|move|p2a: Blastoise|Shell Smash|p2a: Blastoise\n|-unboost|p2a: Blastoise|def|1\n|-unboost|p2a: Blastoise|spd|1\n|-boost|p2a: Blastoise|atk|2\n|-boost|p2a: Blastoise|spa|2\n|-boost|p2a: Blastoise|spe|2\n|\n|upkeep\n|turn|2\n|\n|t:|1700761034\n|-terastallize|p1a: Milotic|Dragon\n|move|p2a: Blastoise|Body Press|p1a: Milotic\n|-damage|p1a: Milotic|88\/100\n|move|p1a: Milotic|Ice Beam|p2a: Blastoise\n|-resisted|p2a: Blastoise\n|-crit|p2a: Blastoise\n|-damage|p2a: Blastoise|2\/100\n|\n|upkeep\n|turn|3\n|\n|t:|1700761043\n|move|p2a: Blastoise|Liquidation|p1a: Milotic\n|-resisted|p1a: Milotic\n|-damage|p1a: Milotic|33\/100\n|-unboost|p1a: Milotic|def|1\n|move|p1a: Milotic|Ice Beam|p2a: Blastoise\n|-resisted|p2a: Blastoise\n|-damage|p2a: Blastoise|0 fnt\n|faint|p2a: Blastoise\n|\n|upkeep\n|\n|t:|1700761051\n|switch|p2a: Gorebyss|Gorebyss, F|100\/100\n|turn|4\n|\n|t:|1700761057\n|switch|p1a: Skarmory|Skarmory, M|100\/100\n|move|p2a: Gorebyss|Shell Smash|p2a: Gorebyss\n|-unboost|p2a: Gorebyss|def|1\n|-unboost|p2a: Gorebyss|spd|1\n|-boost|p2a: Gorebyss|atk|2\n|-boost|p2a: Gorebyss|spa|2\n|-boost|p2a: Gorebyss|spe|2\n|\n|upkeep\n|turn|5\n|\n|t:|1700761071\n|move|p2a: Gorebyss|Scald|p1a: Skarmory\n|-ability|p1a: Skarmory|Sturdy\n|-damage|p1a: Skarmory|1\/100\n|-status|p1a: Skarmory|brn\n|move|p1a: Skarmory|Body Press|p2a: Gorebyss\n|-damage|p2a: Gorebyss|69\/100\n|\n|-damage|p1a: Skarmory|0 fnt|[from] brn\n|faint|p1a: Skarmory\n|upkeep\n|\n|t:|1700761081\n|switch|p1a: Jolteon|Jolteon, F|100\/100\n|turn|6\n|\n|t:|1700761087\n|move|p2a: Gorebyss|Scald|p1a: Jolteon\n|-damage|p1a: Jolteon|0 fnt\n|faint|p1a: Jolteon\n|\n|upkeep\n|\n|t:|1700761091\n|switch|p1a: Tyranitar|Tyranitar, M|100\/100\n|-weather|Sandstorm|[from] ability: Sand Stream|[of] p1a: Tyranitar\n|turn|7\n|\n|t:|1700761097\n|detailschange|p1a: Tyranitar|Tyranitar-Mega, M\n|-mega|p1a: Tyranitar|Tyranitar|Tyranitarite\n|move|p2a: Gorebyss|Scald|p1a: Tyranitar\n|-supereffective|p1a: Tyranitar\n|-damage|p1a: Tyranitar|20\/100\n|move|p1a: Tyranitar|Knock Off|p2a: Gorebyss\n|-damage|p2a: Gorebyss|0 fnt\n|-enditem|p2a: Gorebyss|Focus Sash|[from] move: Knock Off|[of] p1a: Tyranitar\n|faint|p2a: Gorebyss\n|\n|-weather|Sandstorm|[upkeep]\n|upkeep\n|\n|t:|1700761119\n|switch|p2a: Cloyster|Cloyster, M|100\/100\n|turn|8\n|\n|t:|1700761129\n|-terastallize|p2a: Cloyster|Water\n|move|p2a: Cloyster|Liquidation|p1a: Tyranitar\n|-supereffective|p1a: Tyranitar\n|-damage|p1a: Tyranitar|0 fnt\n|faint|p1a: Tyranitar\n|\n|-weather|Sandstorm|[upkeep]\n|-damage|p2a: Cloyster|94\/100|[from] Sandstorm\n|upkeep\n|\n|t:|1700761134\n|switch|p1a: Gardevoir|Gardevoir, F|100\/100\n|-ability|p1a: Gardevoir|Skill Link|[from] ability: Trace|[of] p2a: Cloyster\n|turn|9\n|\n|t:|1700761139\n|move|p1a: Gardevoir|Thunderbolt|p2a: Cloyster\n|-supereffective|p2a: Cloyster\n|-damage|p2a: Cloyster|0 fnt\n|faint|p2a: Cloyster\n|\n|-weather|Sandstorm|[upkeep]\n|-damage|p1a: Gardevoir|94\/100|[from] Sandstorm\n|upkeep\n|\n|t:|1700761145\n|switch|p2a: Shuckle|Shuckle, F|100\/100\n|turn|10\n|\n|t:|1700761150\n|switch|p1a: Milotic|Milotic, F, tera:Dragon|33\/100\n|move|p2a: Shuckle|Shell Smash|p2a: Shuckle\n|-boost|p2a: Shuckle|def|1\n|-boost|p2a: Shuckle|spd|1\n|-unboost|p2a: Shuckle|atk|2\n|-unboost|p2a: Shuckle|spa|2\n|-unboost|p2a: Shuckle|spe|2\n|\n|-weather|Sandstorm|[upkeep]\n|-damage|p1a: Milotic|27\/100|[from] Sandstorm\n|upkeep\n|turn|11\n|\n|t:|1700761156\n|move|p1a: Milotic|Scald|p2a: Shuckle\n|-supereffective|p2a: Shuckle\n|-damage|p2a: Shuckle|82\/100\n|move|p2a: Shuckle|Toxic|p1a: Milotic|[miss]\n|-miss|p2a: Shuckle|p1a: Milotic\n|\n|-weather|none\n|upkeep\n|turn|12\n|\n|t:|1700761162\n|move|p1a: Milotic|Recover|p1a: Milotic\n|-heal|p1a: Milotic|77\/100\n|move|p2a: Shuckle|Toxic|p1a: Milotic\n|-status|p1a: Milotic|tox\n|\n|-damage|p1a: Milotic|71\/100 tox|[from] psn\n|upkeep\n|turn|13\n|\n|t:|1700761166\n|move|p1a: Milotic|Scald|p2a: Shuckle\n|-supereffective|p2a: Shuckle\n|-damage|p2a: Shuckle|58\/100\n|move|p2a: Shuckle|Shell Smash|p2a: Shuckle\n|-boost|p2a: Shuckle|def|1\n|-boost|p2a: Shuckle|spd|1\n|-unboost|p2a: Shuckle|atk|2\n|-unboost|p2a: Shuckle|spa|2\n|-unboost|p2a: Shuckle|spe|2\n|\n|-damage|p1a: Milotic|58\/100 tox|[from] psn\n|upkeep\n|turn|14\n|\n|t:|1700761171\n|move|p1a: Milotic|Scald|p2a: Shuckle\n|-supereffective|p2a: Shuckle\n|-damage|p2a: Shuckle|40\/100\n|move|p2a: Shuckle|Shell Smash|p2a: Shuckle\n|-boost|p2a: Shuckle|def|1\n|-boost|p2a: Shuckle|spd|1\n|-unboost|p2a: Shuckle|atk|2\n|-unboost|p2a: Shuckle|spa|2\n|-unboost|p2a: Shuckle|spe|2\n|\n|-damage|p1a: Milotic|40\/100 tox|[from] psn\n|upkeep\n|turn|15\n|\n|t:|1700761177\n|switch|p1a: Volcarona|Volcarona, M|100\/100\n|move|p2a: Shuckle|Shell Smash|p2a: Shuckle\n|-boost|p2a: Shuckle|def|1\n|-boost|p2a: Shuckle|spd|1\n|-unboost|p2a: Shuckle|atk|0\n|-unboost|p2a: Shuckle|spa|0\n|-unboost|p2a: Shuckle|spe|0\n|\n|upkeep\n|turn|16\n|\n|t:|1700761187\n|move|p1a: Volcarona|Hidden Power|p2a: Shuckle\n|-damage|p2a: Shuckle|35\/100\n|move|p2a: Shuckle|Toxic|p1a: Volcarona\n|-status|p1a: Volcarona|tox\n|\n|-damage|p1a: Volcarona|94\/100 tox|[from] psn\n|upkeep\n|turn|17\n|\n|t:|1700761195\n|move|p2a: Shuckle|Protect|p2a: Shuckle\n|-singleturn|p2a: Shuckle|Protect\n|move|p1a: Volcarona|Quiver Dance|p1a: Volcarona\n|-boost|p1a: Volcarona|spa|1\n|-boost|p1a: Volcarona|spd|1\n|-boost|p1a: Volcarona|spe|1\n|\n|-damage|p1a: Volcarona|82\/100 tox|[from] psn\n|upkeep\n|turn|18\n|\n|t:|1700761202\n|move|p1a: Volcarona|Giga Drain|p2a: Shuckle\n|-damage|p2a: Shuckle|26\/100\n|-heal|p1a: Volcarona|86\/100 tox|[from] drain|[of] p2a: Shuckle\n|move|p2a: Shuckle|Shell Smash|p2a: Shuckle\n|-boost|p2a: Shuckle|def|1\n|-boost|p2a: Shuckle|spd|1\n|-unboost|p2a: Shuckle|atk|0\n|-unboost|p2a: Shuckle|spa|0\n|-unboost|p2a: Shuckle|spe|0\n|\n|-damage|p1a: Volcarona|67\/100 tox|[from] psn\n|upkeep\n|turn|19\n|\n|t:|1700761207\n|move|p1a: Volcarona|Flamethrower|p2a: Shuckle\n|-damage|p2a: Shuckle|12\/100\n|move|p2a: Shuckle|Shell Smash|p2a: Shuckle\n|-boost|p2a: Shuckle|def|1\n|-boost|p2a: Shuckle|spd|1\n|-unboost|p2a: Shuckle|atk|0\n|-unboost|p2a: Shuckle|spa|0\n|-unboost|p2a: Shuckle|spe|0\n|\n|-damage|p1a: Volcarona|43\/100 tox|[from] psn\n|upkeep\n|turn|20\n|\n|t:|1700761213\n|move|p2a: Shuckle|Protect|p2a: Shuckle\n|-singleturn|p2a: Shuckle|Protect\n|move|p1a: Volcarona|Flamethrower|p2a: Shuckle\n|-activate|p2a: Shuckle|move: Protect\n|\n|-damage|p1a: Volcarona|12\/100 tox|[from] psn\n|upkeep\n|turn|21\n|\n|t:|1700761220\n|switch|p1a: Gardevoir|Gardevoir, F|94\/100\n|-ability|p1a: Gardevoir|Contrary|[from] ability: Trace|[of] p2a: Shuckle\n|move|p2a: Shuckle|Rest|p2a: Shuckle\n|-status|p2a: Shuckle|slp|[from] move: Rest\n|-heal|p2a: Shuckle|100\/100 slp|[silent]\n|-enditem|p2a: Shuckle|Chesto Berry|[eat]\n|-curestatus|p2a: Shuckle|slp|[msg]\n|\n|upkeep\n|turn|22\n|\n|t:|1700761230\n|move|p1a: Gardevoir|Moonblast|p2a: Shuckle\n|-damage|p2a: Shuckle|91\/100\n|move|p2a: Shuckle|Toxic|p1a: Gardevoir\n|-status|p1a: Gardevoir|tox\n|\n|-damage|p1a: Gardevoir|88\/100 tox|[from] psn\n|upkeep\n|turn|23\n|-message|eteleks forfeited.\n|\n|win|LeafStormHimNotMe\n|raw|eteleks's rating: 1165 &rarr; <strong>1139<\/strong><br \/>(-26 for losing)\n|raw|LeafStormHimNotMe's rating: 1151 &rarr; <strong>1177<\/strong><br \/>(+26 for winning)\n|l|\u2606eteleks\n","uploadtime":1700761277,"views":17,"p1id":"eteleks","p2id":"leafstormhimnotme","formatid":"gen9nationaldex","rating":1139,"private":0,"password":""}