{"id":"gen9nationaldex-1989491358","p1":"Applejuicebruh","p2":"Tojtek338","format":"[Gen 9] National Dex","log":"|j|\u2606Applejuicebruh\n|j|\u2606Tojtek338\n|t:|1699859592\n|gametype|singles\n|player|p1|Applejuicebruh|crasherwake|1103\n|player|p2|Tojtek338|nate|1067\n|teamsize|p1|6\n|teamsize|p2|6\n|gen|9\n|tier|[Gen 9] National Dex\n|rated|\n|rule|HP Percentage Mod: HP is shown in percentages\n|rule|Endless Battle Clause: Forcing endless battles is banned\n|rule|OHKO Clause: OHKO moves are banned\n|rule|Evasion Clause: Evasion abilities, items, and moves are banned\n|rule|Evasion Abilities Clause: Evasion abilities are banned\n|rule|Evasion Items Clause: Evasion items are banned\n|rule|Evasion Moves Clause: Evasion moves are banned\n|rule|Species Clause: Limit one of each Pok\u00e9mon\n|rule|Sleep Clause Mod: Limit one foe put to sleep\n|clearpoke\n|poke|p1|Shuckle, M|\n|poke|p1|Beedrill, M|\n|poke|p1|Victini|\n|poke|p1|Togekiss, M|\n|poke|p1|Hawlucha, M|\n|poke|p1|Feraligatr, M|\n|poke|p2|Talonflame, F|\n|poke|p2|Staraptor, F|\n|poke|p2|Pawmot, F|\n|poke|p2|Drednaw, M|\n|poke|p2|Vivillon-Fancy, M|\n|poke|p2|Vileplume, M|\n|teampreview\n|\n|t:|1699859600\n|start\n|switch|p1a: John Cena|Victini|100\/100\n|switch|p2a: Drednaw|Drednaw, M|100\/100\n|turn|1\n|\n|t:|1699859606\n|move|p1a: John Cena|Trick|p2a: Drednaw\n|-activate|p1a: John Cena|move: Trick|[of] p2a: Drednaw\n|-item|p2a: Drednaw|Flame Orb|[from] move: Trick\n|-item|p1a: John Cena|Rocky Helmet|[from] move: Trick\n|move|p2a: Drednaw|Stealth Rock|p1a: John Cena\n|-sidestart|p1: Applejuicebruh|move: Stealth Rock\n|\n|-status|p2a: Drednaw|brn|[from] item: Flame Orb\n|upkeep\n|turn|2\n|\n|t:|1699859620\n|move|p1a: John Cena|Thunderbolt|p2a: Drednaw\n|-supereffective|p2a: Drednaw\n|-damage|p2a: Drednaw|25\/100 brn\n|move|p2a: Drednaw|Liquidation|p1a: John Cena\n|-supereffective|p1a: John Cena\n|-damage|p1a: John Cena|59\/100\n|-damage|p2a: Drednaw|9\/100 brn|[from] item: Rocky Helmet|[of] p1a: John Cena\n|\n|-damage|p2a: Drednaw|3\/100 brn|[from] brn\n|upkeep\n|turn|3\n|\n|t:|1699859629\n|move|p1a: John Cena|Light Screen|p1a: John Cena\n|-sidestart|p1: Applejuicebruh|move: Light Screen\n|move|p2a: Drednaw|Liquidation|p1a: John Cena\n|-supereffective|p1a: John Cena\n|-damage|p1a: John Cena|13\/100\n|-damage|p2a: Drednaw|0 fnt|[from] item: Rocky Helmet|[of] p1a: John Cena\n|faint|p2a: Drednaw\n|\n|upkeep\n|\n|t:|1699859644\n|switch|p2a: Pawmot|Pawmot, F|100\/100\n|turn|4\n|\n|t:|1699859648\n|move|p2a: Pawmot|Fake Out|p1a: John Cena\n|-damage|p1a: John Cena|0 fnt\n|-damage|p2a: Pawmot|84\/100|[from] item: Rocky Helmet|[of] p1a: John Cena\n|faint|p1a: John Cena\n|\n|upkeep\n|\n|t:|1699859657\n|switch|p1a: Rey Mysterio|Hawlucha, M, shiny|100\/100\n|-damage|p1a: Rey Mysterio|88\/100|[from] Stealth Rock\n|turn|5\n|\n|t:|1699859665\n|switch|p2a: Staraptor|Staraptor, F|100\/100\n|-ability|p2a: Staraptor|Intimidate|boost\n|-unboost|p1a: Rey Mysterio|atk|1\n|-terastallize|p1a: Rey Mysterio|Fighting\n|move|p1a: Rey Mysterio|Swagger|p2a: Staraptor\n|-boost|p2a: Staraptor|atk|2\n|-start|p2a: Staraptor|confusion\n|\n|upkeep\n|turn|6\n|\n|t:|1699859676\n|switch|p2a: Talonflame|Talonflame, F|100\/100\n|move|p1a: Rey Mysterio|Poison Jab|p2a: Talonflame\n|-damage|p2a: Talonflame|74\/100\n|\n|upkeep\n|turn|7\n|\n|t:|1699859691\n|move|p2a: Talonflame|Brave Bird|p1a: Rey Mysterio\n|-supereffective|p1a: Rey Mysterio\n|-damage|p1a: Rey Mysterio|0 fnt\n|faint|p1a: Rey Mysterio\n|-damage|p2a: Talonflame|44\/100|[from] Recoil\n|\n|-sideend|p1: Applejuicebruh|move: Light Screen\n|upkeep\n|\n|t:|1699859699\n|switch|p1a: Florida Man|Feraligatr, M, shiny|100\/100\n|-damage|p1a: Florida Man|88\/100|[from] Stealth Rock\n|turn|8\n|\n|t:|1699859703\n|move|p2a: Talonflame|U-turn|p1a: Florida Man\n|-damage|p1a: Florida Man|72\/100\n|\n|t:|1699859708\n|switch|p2a: Vileplume|Vileplume, M|100\/100|[from] U-turn\n|move|p1a: Florida Man|Dragon Dance|p1a: Florida Man\n|-boost|p1a: Florida Man|atk|1\n|-boost|p1a: Florida Man|spe|1\n|\n|-heal|p1a: Florida Man|78\/100|[from] item: Leftovers\n|upkeep\n|turn|9\n|\n|t:|1699859718\n|move|p1a: Florida Man|Ice Punch|p2a: Vileplume\n|-supereffective|p2a: Vileplume\n|-damage|p2a: Vileplume|17\/100\n|-status|p1a: Florida Man|psn|[from] ability: Effect Spore|[of] p2a: Vileplume\n|move|p2a: Vileplume|Giga Drain|p1a: Florida Man\n|-supereffective|p1a: Florida Man\n|-damage|p1a: Florida Man|5\/100 psn\n|-heal|p2a: Vileplume|54\/100|[from] drain|[of] p1a: Florida Man\n|\n|-heal|p1a: Florida Man|11\/100 psn|[from] item: Leftovers\n|-heal|p2a: Vileplume|60\/100|[from] item: Black Sludge\n|-damage|p1a: Florida Man|0 fnt|[from] psn\n|faint|p1a: Florida Man\n|upkeep\n|\n|t:|1699859722\n|switch|p1a: LGBT no pickles|Togekiss, M|100\/100\n|turn|10\n|\n|t:|1699859734\n|move|p1a: LGBT no pickles|Ancient Power|p2a: Vileplume\n|-damage|p2a: Vileplume|43\/100\n|-boost|p1a: LGBT no pickles|atk|1\n|-boost|p1a: LGBT no pickles|def|1\n|-boost|p1a: LGBT no pickles|spa|1\n|-boost|p1a: LGBT no pickles|spd|1\n|-boost|p1a: LGBT no pickles|spe|1\n|move|p2a: Vileplume|Sludge Bomb|p1a: LGBT no pickles\n|-supereffective|p1a: LGBT no pickles\n|-damage|p1a: LGBT no pickles|43\/100\n|\n|-heal|p2a: Vileplume|49\/100|[from] item: Black Sludge\n|upkeep\n|turn|11\n|\n|t:|1699859745\n|move|p1a: LGBT no pickles|Air Slash|p2a: Vileplume\n|-supereffective|p2a: Vileplume\n|-damage|p2a: Vileplume|0 fnt\n|faint|p2a: Vileplume\n|\n|upkeep\n|\n|t:|1699859756\n|switch|p2a: Pawmot|Pawmot, F|84\/100\n|turn|12\n|\n|t:|1699859760\n|move|p2a: Pawmot|Fake Out|p1a: LGBT no pickles\n|-damage|p1a: LGBT no pickles|35\/100\n|cant|p1a: LGBT no pickles|flinch\n|\n|upkeep\n|turn|13\n|\n|t:|1699859773\n|move|p1a: LGBT no pickles|Draining Kiss|p2a: Pawmot\n|-supereffective|p2a: Pawmot\n|-damage|p2a: Pawmot|0 fnt\n|-heal|p1a: LGBT no pickles|86\/100|[from] drain|[of] p2a: Pawmot\n|faint|p2a: Pawmot\n|\n|upkeep\n|\n|t:|1699859779\n|switch|p2a: Talonflame|Talonflame, F|44\/100\n|turn|14\n|\n|t:|1699859786\n|move|p1a: LGBT no pickles|Ancient Power|p2a: Talonflame\n|-supereffective|p2a: Talonflame\n|-damage|p2a: Talonflame|0 fnt\n|faint|p2a: Talonflame\n|\n|upkeep\n|-message|Tojtek338 forfeited.\n|\n|win|Applejuicebruh\n|raw|Applejuicebruh's rating: 1103 &rarr; <strong>1125<\/strong><br \/>(+22 for winning)\n|raw|Tojtek338's rating: 1067 &rarr; <strong>1049<\/strong><br \/>(-18 for losing)\n|l|\u2606Tojtek338\n","uploadtime":1699859801,"views":5,"p1id":"applejuicebruh","p2id":"tojtek338","formatid":"gen9nationaldex","rating":1049,"private":0,"password":""}