{"id":"gen9nationaldex-1992384285","p1":"osodelclima","p2":"Kuzwa","format":"[Gen 9] National Dex","log":"|j|\u2606osodelclima\n|j|\u2606Kuzwa\n|t:|1700181346\n|gametype|singles\n|player|p1|osodelclima|102|1305\n|player|p2|Kuzwa|swimmer-gen7|1329\n|teamsize|p1|6\n|teamsize|p2|6\n|gen|9\n|tier|[Gen 9] National Dex\n|rated|\n|rule|HP Percentage Mod: HP is shown in percentages\n|rule|Endless Battle Clause: Forcing endless battles is banned\n|rule|OHKO Clause: OHKO moves are banned\n|rule|Evasion Clause: Evasion abilities, items, and moves are banned\n|rule|Evasion Abilities Clause: Evasion abilities are banned\n|rule|Evasion Items Clause: Evasion items are banned\n|rule|Evasion Moves Clause: Evasion moves are banned\n|rule|Species Clause: Limit one of each Pok\u00e9mon\n|rule|Sleep Clause Mod: Limit one foe put to sleep\n|clearpoke\n|poke|p1|Kommo-o, M|\n|poke|p1|Ninetales, M|\n|poke|p1|Darmanitan, F|\n|poke|p1|Lucario, F|\n|poke|p1|Venusaur, F|\n|poke|p1|Maushold-Four|\n|poke|p2|Kartana|\n|poke|p2|Weavile, M|\n|poke|p2|Ogerpon-Wellspring, F|\n|poke|p2|Zeraora|\n|poke|p2|Glimmora, M|\n|poke|p2|Blaziken, M|\n|teampreview\n|\n|t:|1700181353\n|start\n|switch|p1a: Darmanitan|Darmanitan, F|100\/100\n|switch|p2a: thing|Glimmora, M|100\/100\n|-item|p2a: thing|Air Balloon\n|turn|1\n|\n|t:|1700181361\n|move|p1a: Darmanitan|U-turn|p2a: thing\n|-resisted|p2a: thing\n|-damage|p2a: thing|86\/100\n|-activate|p2a: thing|ability: Toxic Debris\n|-sidestart|p1: osodelclima|move: Toxic Spikes\n|-enditem|p2a: thing|Air Balloon\n|\n|t:|1700181368\n|switch|p1a: Venusaur|Venusaur, F|100\/100|[from] U-turn\n|-sideend|p1: osodelclima|move: Toxic Spikes|[of] p1a: Venusaur\n|move|p2a: thing|Power Gem|p1a: Venusaur\n|-damage|p1a: Venusaur|49\/100\n|\n|upkeep\n|turn|2\n|\n|t:|1700181377\n|move|p2a: thing|Power Gem|p1a: Venusaur\n|-damage|p1a: Venusaur|0 fnt\n|faint|p1a: Venusaur\n|\n|upkeep\n|\n|t:|1700181389\n|switch|p1a: Darmanitan|Darmanitan, F|100\/100\n|turn|3\n|\n|t:|1700181396\n|move|p1a: Darmanitan|Earthquake|p2a: thing\n|-supereffective|p2a: thing\n|-damage|p2a: thing|0 fnt\n|-activate|p2a: thing|ability: Toxic Debris\n|-sidestart|p1: osodelclima|move: Toxic Spikes\n|faint|p2a: thing\n|\n|upkeep\n|\n|t:|1700181415\n|switch|p2a: Akihiko Sanada|Blaziken, M, shiny|100\/100\n|turn|4\n|\n|t:|1700181461\n|move|p1a: Darmanitan|Earthquake|p2a: Akihiko Sanada\n|-supereffective|p2a: Akihiko Sanada\n|-enditem|p2a: Akihiko Sanada|Focus Sash\n|-damage|p2a: Akihiko Sanada|1\/100\n|move|p2a: Akihiko Sanada|Swords Dance|p2a: Akihiko Sanada\n|-boost|p2a: Akihiko Sanada|atk|2\n|\n|-ability|p2a: Akihiko Sanada|Speed Boost|boost\n|-boost|p2a: Akihiko Sanada|spe|1\n|upkeep\n|turn|5\n|\n|t:|1700181472\n|switch|p1a: Ninetales|Ninetales, M|100\/100\n|-status|p1a: Ninetales|psn\n|-weather|SunnyDay|[from] ability: Drought|[of] p1a: Ninetales\n|move|p2a: Akihiko Sanada|Protect||[still]\n|-fail|p2a: Akihiko Sanada\n|\n|-weather|SunnyDay|[upkeep]\n|-damage|p1a: Ninetales|88\/100 psn|[from] psn\n|-ability|p2a: Akihiko Sanada|Speed Boost|boost\n|-boost|p2a: Akihiko Sanada|spe|1\n|upkeep\n|turn|6\n|\n|t:|1700181484\n|move|p2a: Akihiko Sanada|Close Combat|p1a: Ninetales\n|-crit|p1a: Ninetales\n|-damage|p1a: Ninetales|0 fnt\n|-unboost|p2a: Akihiko Sanada|def|1\n|-unboost|p2a: Akihiko Sanada|spd|1\n|faint|p1a: Ninetales\n|\n|-weather|SunnyDay|[upkeep]\n|-ability|p2a: Akihiko Sanada|Speed Boost|boost\n|-boost|p2a: Akihiko Sanada|spe|1\n|upkeep\n|\n|t:|1700181494\n|switch|p1a: Lucario|Lucario, F|100\/100\n|turn|7\n|\n|t:|1700181507\n|move|p1a: Lucario|Bullet Punch|p2a: Akihiko Sanada\n|-resisted|p2a: Akihiko Sanada\n|-damage|p2a: Akihiko Sanada|0 fnt\n|faint|p2a: Akihiko Sanada\n|-damage|p1a: Lucario|91\/100|[from] item: Life Orb\n|\n|-weather|SunnyDay|[upkeep]\n|upkeep\n|\n|t:|1700181520\n|switch|p2a: Makoto Yuki|Kartana, shiny|100\/100\n|turn|8\n|\n|t:|1700181529\n|move|p2a: Makoto Yuki|Sacred Sword|p1a: Lucario\n|-supereffective|p1a: Lucario\n|-damage|p1a: Lucario|0 fnt\n|faint|p1a: Lucario\n|-ability|p2a: Makoto Yuki|Beast Boost|boost\n|-boost|p2a: Makoto Yuki|atk|1\n|\n|-weather|SunnyDay|[upkeep]\n|upkeep\n|\n|t:|1700181538\n|switch|p1a: Darmanitan|Darmanitan, F|100\/100\n|-status|p1a: Darmanitan|psn\n|turn|9\n|\n|t:|1700181543\n|move|p1a: Darmanitan|Flare Blitz|p2a: Makoto Yuki\n|-supereffective|p2a: Makoto Yuki\n|-enditem|p2a: Makoto Yuki|Focus Sash\n|-damage|p2a: Makoto Yuki|1\/100\n|-damage|p1a: Darmanitan|76\/100 psn|[from] Recoil\n|move|p2a: Makoto Yuki|Sacred Sword|p1a: Darmanitan\n|-damage|p1a: Darmanitan|0 fnt\n|faint|p1a: Darmanitan\n|-ability|p2a: Makoto Yuki|Beast Boost|boost\n|-boost|p2a: Makoto Yuki|atk|1\n|\n|-weather|SunnyDay|[upkeep]\n|upkeep\n|\n|t:|1700181555\n|switch|p1a: Maushold|Maushold-Four|100\/100\n|-status|p1a: Maushold|psn\n|turn|10\n|\n|t:|1700181563\n|-terastallize|p1a: Maushold|Ghost\n|move|p1a: Maushold|Tidy Up|p1a: Maushold\n|-sideend|p1: osodelclima|Toxic Spikes\n|-activate|p1a: Maushold|move: Tidy Up\n|-boost|p1a: Maushold|atk|1\n|-boost|p1a: Maushold|spe|1\n|move|p2a: Makoto Yuki|Leaf Blade|p1a: Maushold\n|-damage|p1a: Maushold|0 fnt\n|faint|p1a: Maushold\n|-ability|p2a: Makoto Yuki|Beast Boost|boost\n|-boost|p2a: Makoto Yuki|atk|1\n|\n|-weather|SunnyDay|[upkeep]\n|upkeep\n|\n|t:|1700181576\n|switch|p1a: Kommo-o|Kommo-o, M|100\/100\n|turn|11\n|\n|t:|1700181581\n|move|p2a: Makoto Yuki|Sacred Sword|p1a: Kommo-o\n|-damage|p1a: Kommo-o|6\/100\n|move|p1a: Kommo-o|Boomburst|p2a: Makoto Yuki\n|-resisted|p2a: Makoto Yuki\n|-damage|p2a: Makoto Yuki|0 fnt\n|faint|p2a: Makoto Yuki\n|-enditem|p1a: Kommo-o|Throat Spray\n|-boost|p1a: Kommo-o|spa|1|[from] item: Throat Spray\n|\n|-weather|SunnyDay|[upkeep]\n|upkeep\n|\n|t:|1700181588\n|switch|p2a: Ken Amada|Zeraora|100\/100\n|turn|12\n|\n|t:|1700181597\n|move|p2a: Ken Amada|Fake Out|p1a: Kommo-o\n|-damage|p1a: Kommo-o|0 fnt\n|faint|p1a: Kommo-o\n|\n|win|Kuzwa\n|raw|osodelclima's rating: 1305 &rarr; <strong>1286<\/strong><br \/>(-19 for losing)\n|raw|Kuzwa's rating: 1329 &rarr; <strong>1348<\/strong><br \/>(+19 for winning)\n","uploadtime":1700181601,"views":4,"p1id":"osodelclima","p2id":"kuzwa","formatid":"gen9nationaldex","rating":1286,"private":0,"password":""}