{"id":"gen9nationaldex-1987385643","p1":"Jarl_jake","p2":"vinhfancharizard","format":"[Gen 9] National Dex","log":"|j|\u2606Jarl_jake\n|j|\u2606vinhfancharizard\n|t:|1699584674\n|gametype|singles\n|player|p1|Jarl_jake|red|1087\n|player|p2|vinhfancharizard|n|1195\n|teamsize|p1|6\n|teamsize|p2|6\n|gen|9\n|tier|[Gen 9] National Dex\n|rated|\n|rule|HP Percentage Mod: HP is shown in percentages\n|rule|Endless Battle Clause: Forcing endless battles is banned\n|rule|OHKO Clause: OHKO moves are banned\n|rule|Evasion Clause: Evasion abilities, items, and moves are banned\n|rule|Evasion Abilities Clause: Evasion abilities are banned\n|rule|Evasion Items Clause: Evasion items are banned\n|rule|Evasion Moves Clause: Evasion moves are banned\n|rule|Species Clause: Limit one of each Pok\u00e9mon\n|rule|Sleep Clause Mod: Limit one foe put to sleep\n|clearpoke\n|poke|p1|Ting-Lu|\n|poke|p1|Infernape, M|\n|poke|p1|Wo-Chien|\n|poke|p1|Pangoro, M|\n|poke|p1|Drampa, M|\n|poke|p1|Gyarados, F|\n|poke|p2|Gliscor, F|\n|poke|p2|Infernape, F|\n|poke|p2|Torterra, M|\n|poke|p2|Floatzel, M|\n|poke|p2|Pikachu-Sinnoh, M|\n|poke|p2|Garchomp, F|\n|teampreview\n|\n|t:|1699584681\n|start\n|switch|p1a: Ting-Lu|Ting-Lu|100\/100\n|switch|p2a: Garchomp|Garchomp, F|100\/100\n|-ability|p1a: Ting-Lu|Vessel of Ruin\n|turn|1\n|\n|t:|1699584691\n|detailschange|p2a: Garchomp|Garchomp-Mega, F\n|-mega|p2a: Garchomp|Garchomp|Garchompite\n|move|p2a: Garchomp|Swords Dance|p2a: Garchomp\n|-boost|p2a: Garchomp|atk|2\n|move|p1a: Ting-Lu|Stealth Rock|p2a: Garchomp\n|-sidestart|p2: vinhfancharizard|move: Stealth Rock\n|\n|upkeep\n|turn|2\n|\n|t:|1699584699\n|move|p2a: Garchomp|Scale Shot|p1a: Ting-Lu\n|-damage|p1a: Ting-Lu|87\/100\n|-damage|p1a: Ting-Lu|75\/100\n|-damage|p1a: Ting-Lu|63\/100\n|-hitcount|p1a: Ting-Lu|3\n|-unboost|p2a: Garchomp|def|1\n|-boost|p2a: Garchomp|spe|1\n|move|p1a: Ting-Lu|Whirlwind|p2a: Garchomp\n|drag|p2a: Floatzel|Floatzel, M|100\/100\n|-damage|p2a: Floatzel|88\/100|[from] Stealth Rock\n|\n|-heal|p1a: Ting-Lu|69\/100|[from] item: Leftovers\n|upkeep\n|turn|3\n|\n|t:|1699584714\n|switch|p1a: Wo-Chien|Wo-Chien|100\/100\n|-ability|p1a: Wo-Chien|Tablets of Ruin\n|move|p2a: Floatzel|Rain Dance|p2a: Floatzel\n|-weather|RainDance\n|\n|-weather|RainDance|[upkeep]\n|upkeep\n|turn|4\n|\n|t:|1699584723\n|move|p2a: Floatzel|Ice Spinner|p1a: Wo-Chien\n|-supereffective|p1a: Wo-Chien\n|-damage|p1a: Wo-Chien|68\/100\n|move|p1a: Wo-Chien|Giga Drain|p2a: Floatzel\n|-supereffective|p2a: Floatzel\n|-damage|p2a: Floatzel|0 fnt\n|-heal|p1a: Wo-Chien|100\/100|[from] drain|[of] p2a: Floatzel\n|faint|p2a: Floatzel\n|\n|-weather|RainDance|[upkeep]\n|upkeep\n|\n|t:|1699584728\n|switch|p2a: Gliscor|Gliscor, F|100\/100\n|-damage|p2a: Gliscor|88\/100|[from] Stealth Rock\n|turn|5\n|\n|t:|1699584739\n|move|p2a: Gliscor|Defog|p1a: Wo-Chien\n|-unboost|p1a: Wo-Chien|evasion|1\n|-sideend|p2: vinhfancharizard|Stealth Rock|[from] move: Defog|[of] p2a: Gliscor\n|move|p1a: Wo-Chien|Leech Seed|p2a: Gliscor\n|-start|p2a: Gliscor|move: Leech Seed\n|\n|-weather|RainDance|[upkeep]\n|-damage|p2a: Gliscor|76\/100|[from] Leech Seed|[of] p1a: Wo-Chien\n|-status|p2a: Gliscor|tox|[from] item: Toxic Orb\n|upkeep\n|turn|6\n|\n|t:|1699584749\n|move|p2a: Gliscor|Toxic|p1a: Wo-Chien\n|-status|p1a: Wo-Chien|tox\n|move|p1a: Wo-Chien|Ruination|p2a: Gliscor\n|-damage|p2a: Gliscor|38\/100 tox\n|\n|-weather|RainDance|[upkeep]\n|-damage|p2a: Gliscor|26\/100 tox|[from] Leech Seed|[of] p1a: Wo-Chien\n|-heal|p2a: Gliscor|38\/100 tox|[from] ability: Poison Heal\n|-damage|p1a: Wo-Chien|94\/100 tox|[from] psn\n|upkeep\n|turn|7\n|\n|t:|1699584760\n|move|p2a: Gliscor|Protect|p2a: Gliscor\n|-singleturn|p2a: Gliscor|Protect\n|move|p1a: Wo-Chien|Snarl|p2a: Gliscor\n|-activate|p2a: Gliscor|move: Protect\n|\n|-weather|none\n|-heal|p1a: Wo-Chien|100\/100 tox|[from] item: Leftovers\n|-damage|p2a: Gliscor|26\/100 tox|[from] Leech Seed|[of] p1a: Wo-Chien\n|-heal|p2a: Gliscor|38\/100 tox|[from] ability: Poison Heal\n|-damage|p1a: Wo-Chien|88\/100 tox|[from] psn\n|upkeep\n|turn|8\n|\n|t:|1699584775\n|switch|p1a: Drampa|Drampa, M|100\/100\n|move|p2a: Gliscor|Earthquake|p1a: Drampa\n|-damage|p1a: Drampa|64\/100\n|\n|-damage|p2a: Gliscor|26\/100 tox|[from] Leech Seed|[of] p1a: Drampa\n|-heal|p1a: Drampa|75\/100|[silent]\n|-heal|p2a: Gliscor|38\/100 tox|[from] ability: Poison Heal\n|upkeep\n|turn|9\n|\n|t:|1699584786\n|move|p2a: Gliscor|Protect|p2a: Gliscor\n|-singleturn|p2a: Gliscor|Protect\n|move|p1a: Drampa|Ice Beam|p2a: Gliscor\n|-activate|p2a: Gliscor|move: Protect\n|\n|-damage|p2a: Gliscor|26\/100 tox|[from] Leech Seed|[of] p1a: Drampa\n|-heal|p1a: Drampa|86\/100|[silent]\n|-heal|p2a: Gliscor|38\/100 tox|[from] ability: Poison Heal\n|upkeep\n|turn|10\n|\n|t:|1699584799\n|move|p2a: Gliscor|Toxic|p1a: Drampa|[miss]\n|-miss|p2a: Gliscor|p1a: Drampa\n|move|p1a: Drampa|Draco Meteor|p2a: Gliscor\n|-damage|p2a: Gliscor|0 fnt\n|-unboost|p1a: Drampa|spa|2\n|faint|p2a: Gliscor\n|\n|upkeep\n|\n|t:|1699584804\n|switch|p2a: Infernape|Infernape, F|100\/100\n|turn|11\n|\n|t:|1699584815\n|switch|p1a: Gyarados|Gyarados, F|100\/100\n|move|p2a: Infernape|Swords Dance|p2a: Infernape\n|-boost|p2a: Infernape|atk|2\n|\n|upkeep\n|turn|12\n|\n|t:|1699584822\n|move|p2a: Infernape|Will-O-Wisp|p1a: Gyarados\n|-status|p1a: Gyarados|brn\n|-enditem|p1a: Gyarados|Lum Berry|[eat]\n|-curestatus|p1a: Gyarados|brn|[msg]\n|move|p1a: Gyarados|Waterfall|p2a: Infernape\n|-supereffective|p2a: Infernape\n|-damage|p2a: Infernape|0 fnt\n|faint|p2a: Infernape\n|-ability|p1a: Gyarados|Moxie|boost\n|-boost|p1a: Gyarados|atk|1\n|\n|upkeep\n|\n|t:|1699584828\n|switch|p2a: Pikachu|Pikachu-Sinnoh, M|100\/100\n|turn|13\n|\n|t:|1699584838\n|switch|p2a: Garchomp|Garchomp-Mega, F|100\/100\n|switch|p1a: Ting-Lu|Ting-Lu|69\/100\n|-ability|p1a: Ting-Lu|Vessel of Ruin\n|\n|-heal|p1a: Ting-Lu|75\/100|[from] item: Leftovers\n|upkeep\n|turn|14\n|\n|t:|1699584868\n|move|p2a: Garchomp|Swords Dance|p2a: Garchomp\n|-boost|p2a: Garchomp|atk|2\n|move|p1a: Ting-Lu|Lash Out|p2a: Garchomp\n|-damage|p2a: Garchomp|74\/100\n|\n|-heal|p1a: Ting-Lu|81\/100|[from] item: Leftovers\n|upkeep\n|turn|15\n|\n|t:|1699584885\n|-terastallize|p1a: Ting-Lu|Ground\n|move|p2a: Garchomp|Earthquake|p1a: Ting-Lu\n|-damage|p1a: Ting-Lu|23\/100\n|move|p1a: Ting-Lu|Earthquake|p2a: Garchomp\n|-damage|p2a: Garchomp|32\/100\n|\n|-heal|p1a: Ting-Lu|29\/100|[from] item: Leftovers\n|upkeep\n|turn|16\n|\n|t:|1699584904\n|move|p2a: Garchomp|Scale Shot|p1a: Ting-Lu\n|-damage|p1a: Ting-Lu|15\/100\n|-damage|p1a: Ting-Lu|1\/100\n|-damage|p1a: Ting-Lu|0 fnt\n|faint|p1a: Ting-Lu\n|-hitcount|p1: Ting-Lu|3\n|-unboost|p2a: Garchomp|def|1\n|-boost|p2a: Garchomp|spe|1\n|\n|upkeep\n|\n|t:|1699584914\n|switch|p1a: Infernape|Infernape, M|100\/100\n|turn|17\n|\n|t:|1699584917\n|move|p1a: Infernape|Mach Punch|p2a: Garchomp\n|-damage|p2a: Garchomp|4\/100\n|move|p2a: Garchomp|Earthquake|p1a: Infernape\n|-supereffective|p1a: Infernape\n|-damage|p1a: Infernape|0 fnt\n|faint|p1a: Infernape\n|\n|upkeep\n|\n|t:|1699584929\n|switch|p1a: Wo-Chien|Wo-Chien|88\/100 tox\n|-ability|p1a: Wo-Chien|Tablets of Ruin\n|turn|18\n|\n|t:|1699584934\n|move|p2a: Garchomp|Scale Shot|p1a: Wo-Chien\n|-damage|p1a: Wo-Chien|68\/100 tox\n|-damage|p1a: Wo-Chien|48\/100 tox\n|-damage|p1a: Wo-Chien|28\/100 tox\n|-hitcount|p1a: Wo-Chien|3\n|-unboost|p2a: Garchomp|def|1\n|-boost|p2a: Garchomp|spe|1\n|move|p1a: Wo-Chien|Giga Drain|p2a: Garchomp\n|-damage|p2a: Garchomp|0 fnt\n|-heal|p1a: Wo-Chien|29\/100 tox|[from] drain|[of] p2a: Garchomp\n|faint|p2a: Garchomp\n|\n|-heal|p1a: Wo-Chien|36\/100 tox|[from] item: Leftovers\n|-damage|p1a: Wo-Chien|29\/100 tox|[from] psn\n|upkeep\n|\n|t:|1699584953\n|switch|p2a: Pikachu|Pikachu-Sinnoh, M|100\/100\n|turn|19\n|\n|t:|1699584958\n|-terastallize|p2a: Pikachu|Ice\n|move|p2a: Pikachu|Tera Blast|p1a: Wo-Chien|[anim] Tera Blast Ice\n|-supereffective|p1a: Wo-Chien\n|-damage|p1a: Wo-Chien|0 fnt\n|faint|p1a: Wo-Chien\n|\n|upkeep\n|\n|t:|1699584966\n|switch|p1a: Pangoro|Pangoro, M|100\/100\n|turn|20\n|\n|t:|1699584970\n|move|p2a: Pikachu|Thunder|p1a: Pangoro\n|-damage|p1a: Pangoro|56\/100\n|move|p1a: Pangoro|Drain Punch|p2a: Pikachu\n|-supereffective|p2a: Pikachu\n|-damage|p2a: Pikachu|0 fnt\n|-heal|p1a: Pangoro|83\/100|[from] drain|[of] p2a: Pikachu\n|faint|p2a: Pikachu\n|\n|upkeep\n|\n|t:|1699584974\n|switch|p2a: Torterra|Torterra, M|100\/100\n|turn|21\n|\n|t:|1699584982\n|move|p2a: Torterra|Shell Smash|p2a: Torterra\n|-unboost|p2a: Torterra|def|1\n|-unboost|p2a: Torterra|spd|1\n|-boost|p2a: Torterra|atk|2\n|-boost|p2a: Torterra|spa|2\n|-boost|p2a: Torterra|spe|2\n|-enditem|p2a: Torterra|White Herb\n|-clearnegativeboost|p2a: Torterra|[silent]\n|move|p1a: Pangoro|Ice Punch|p2a: Torterra\n|-supereffective|p2a: Torterra\n|-damage|p2a: Torterra|0 fnt\n|faint|p2a: Torterra\n|\n|win|Jarl_jake\n|raw|Jarl_jake's rating: 1087 &rarr; <strong>1122<\/strong><br \/>(+35 for winning)\n|raw|vinhfancharizard's rating: 1195 &rarr; <strong>1162<\/strong><br \/>(-33 for losing)\n","uploadtime":1699584995,"views":19,"p1id":"jarljake","p2id":"vinhfancharizard","formatid":"gen9nationaldex","rating":1122,"private":0,"password":""}