{"id":"gen9nationaldex-1994335855","p1":"Malexrocks","p2":"Sieeemano","format":"[Gen 9] National Dex","log":"|j|\u2606Malexrocks\n|j|\u2606Sieeemano\n|t:|1700432413\n|gametype|singles\n|player|p1|Malexrocks|1|1328\n|player|p2|Sieeemano|170|1228\n|teamsize|p1|6\n|teamsize|p2|6\n|gen|9\n|tier|[Gen 9] National Dex\n|rated|\n|rule|HP Percentage Mod: HP is shown in percentages\n|rule|Endless Battle Clause: Forcing endless battles is banned\n|rule|OHKO Clause: OHKO moves are banned\n|rule|Evasion Clause: Evasion abilities, items, and moves are banned\n|rule|Evasion Abilities Clause: Evasion abilities are banned\n|rule|Evasion Items Clause: Evasion items are banned\n|rule|Evasion Moves Clause: Evasion moves are banned\n|rule|Species Clause: Limit one of each Pok\u00e9mon\n|rule|Sleep Clause Mod: Limit one foe put to sleep\n|clearpoke\n|poke|p1|Banette, F|\n|poke|p1|Enamorus, F|\n|poke|p1|Rillaboom, M|\n|poke|p1|Hippowdon, F|\n|poke|p1|Toxapex, M|\n|poke|p1|Sneasler, M|\n|poke|p2|Blaziken, F|\n|poke|p2|Swampert, F|\n|poke|p2|Weavile, F|\n|poke|p2|Serperior, M|\n|poke|p2|Dragonite, M|\n|poke|p2|Gliscor, F|\n|teampreview\n|\n|t:|1700432420\n|start\n|switch|p1a: 1800 PSI|Hippowdon, F|100\/100\n|switch|p2a: Gliscor|Gliscor, F|100\/100\n|-weather|Sandstorm|[from] ability: Sand Stream|[of] p1a: 1800 PSI\n|turn|1\n|\n|t:|1700432430\n|move|p2a: Gliscor|Toxic Spikes|p1a: 1800 PSI\n|-sidestart|p1: Malexrocks|move: Toxic Spikes\n|move|p1a: 1800 PSI|Stealth Rock|p2a: Gliscor\n|-sidestart|p2: Sieeemano|move: Stealth Rock\n|\n|-weather|Sandstorm|[upkeep]\n|-status|p2a: Gliscor|tox|[from] item: Toxic Orb\n|upkeep\n|turn|2\n|\n|t:|1700432436\n|switch|p1a: Toxapex|Toxapex, M, shiny|100\/100\n|-sideend|p1: Malexrocks|move: Toxic Spikes|[of] p1a: Toxapex\n|move|p2a: Gliscor|Toxic Spikes|p1a: Toxapex\n|-sidestart|p1: Malexrocks|move: Toxic Spikes\n|\n|-weather|Sandstorm|[upkeep]\n|-damage|p1a: Toxapex|95\/100|[from] Sandstorm\n|upkeep\n|turn|3\n|\n|t:|1700432448\n|switch|p1a: Enamorus|Enamorus, F|100\/100\n|move|p2a: Gliscor|Earthquake|p1a: Enamorus\n|-immune|p1a: Enamorus\n|\n|-weather|Sandstorm|[upkeep]\n|-damage|p1a: Enamorus|94\/100|[from] Sandstorm\n|upkeep\n|turn|4\n|\n|t:|1700432464\n|-terastallize|p2a: Gliscor|Normal\n|move|p1a: Enamorus|Moonblast|p2a: Gliscor\n|-damage|p2a: Gliscor|50\/100 tox\n|move|p2a: Gliscor|Facade|p1a: Enamorus\n|-damage|p1a: Enamorus|24\/100\n|\n|-weather|Sandstorm|[upkeep]\n|-damage|p1a: Enamorus|17\/100|[from] Sandstorm\n|-damage|p2a: Gliscor|44\/100 tox|[from] Sandstorm\n|-heal|p2a: Gliscor|57\/100 tox|[from] ability: Poison Heal\n|upkeep\n|turn|5\n|\n|t:|1700432477\n|-terastallize|p1a: Enamorus|Fairy\n|move|p1a: Enamorus|Moonblast|p2a: Gliscor\n|-crit|p2a: Gliscor\n|-damage|p2a: Gliscor|0 fnt\n|faint|p2a: Gliscor\n|\n|-weather|none\n|upkeep\n|\n|t:|1700432488\n|switch|p2a: Weavile|Weavile, F|100\/100\n|-damage|p2a: Weavile|76\/100|[from] Stealth Rock\n|-ability|p2a: Weavile|Pressure\n|turn|6\n|\n|t:|1700432503\n|switch|p1a: Toxapex|Toxapex, M, shiny|100\/100\n|-sideend|p1: Malexrocks|move: Toxic Spikes|[of] p1a: Toxapex\n|move|p2a: Weavile|Ice Spinner|p1a: Toxapex\n|-resisted|p1a: Toxapex\n|-damage|p1a: Toxapex|85\/100\n|-damage|p2a: Weavile|66\/100|[from] item: Life Orb\n|\n|upkeep\n|turn|7\n|\n|t:|1700432522\n|move|p2a: Weavile|Psycho Cut|p1a: Toxapex\n|-supereffective|p1a: Toxapex\n|-damage|p1a: Toxapex|51\/100\n|-damage|p2a: Weavile|56\/100|[from] item: Life Orb\n|move|p1a: Toxapex|Haze|p1a: Toxapex\n|-clearallboost\n|\n|upkeep\n|turn|8\n|\n|t:|1700432533\n|move|p2a: Weavile|Psycho Cut|p1a: Toxapex\n|-supereffective|p1a: Toxapex\n|-damage|p1a: Toxapex|15\/100\n|-damage|p2a: Weavile|46\/100|[from] item: Life Orb\n|move|p1a: Toxapex|Recover|p1a: Toxapex\n|-heal|p1a: Toxapex|65\/100\n|\n|upkeep\n|turn|9\n|\n|t:|1700432540\n|move|p2a: Weavile|Psycho Cut|p1a: Toxapex\n|-supereffective|p1a: Toxapex\n|-damage|p1a: Toxapex|31\/100\n|-damage|p2a: Weavile|36\/100|[from] item: Life Orb\n|move|p1a: Toxapex|Recover|p1a: Toxapex\n|-heal|p1a: Toxapex|81\/100\n|\n|upkeep\n|turn|10\n|\n|t:|1700432554\n|switch|p2a: Dragonite|Dragonite, M|100\/100\n|-damage|p2a: Dragonite|76\/100|[from] Stealth Rock\n|switch|p1a: 1800 PSI|Hippowdon, F|100\/100\n|-weather|Sandstorm|[from] ability: Sand Stream|[of] p1a: 1800 PSI\n|\n|-weather|Sandstorm|[upkeep]\n|-damage|p2a: Dragonite|70\/100|[from] Sandstorm\n|-heal|p2a: Dragonite|76\/100|[from] item: Leftovers\n|upkeep\n|turn|11\n|\n|t:|1700432574\n|move|p2a: Dragonite|Dragon Dance|p2a: Dragonite\n|-boost|p2a: Dragonite|atk|1\n|-boost|p2a: Dragonite|spe|1\n|move|p1a: 1800 PSI|Toxic|p2a: Dragonite\n|-status|p2a: Dragonite|tox\n|\n|-weather|Sandstorm|[upkeep]\n|-damage|p2a: Dragonite|70\/100 tox|[from] Sandstorm\n|-heal|p2a: Dragonite|76\/100 tox|[from] item: Leftovers\n|-damage|p2a: Dragonite|70\/100 tox|[from] psn\n|upkeep\n|turn|12\n|inactive|Battle timer is ON: inactive players will automatically lose when time's up. (requested by Malexrocks)\n|\n|t:|1700432590\n|switch|p1a: Toxapex|Toxapex, M, shiny|100\/100\n|move|p2a: Dragonite|Earthquake|p1a: Toxapex\n|-supereffective|p1a: Toxapex\n|-damage|p1a: Toxapex|25\/100\n|\n|-weather|Sandstorm|[upkeep]\n|-damage|p2a: Dragonite|63\/100 tox|[from] Sandstorm\n|-damage|p1a: Toxapex|19\/100|[from] Sandstorm\n|-heal|p2a: Dragonite|70\/100 tox|[from] item: Leftovers\n|-damage|p2a: Dragonite|57\/100 tox|[from] psn\n|upkeep\n|turn|13\n|\n|t:|1700432599\n|switch|p1a: Enamorus|Enamorus, F, tera:Fairy|17\/100\n|move|p2a: Dragonite|Earthquake|p1a: Enamorus\n|-damage|p1a: Enamorus|0 fnt\n|faint|p1a: Enamorus\n|\n|-weather|Sandstorm|[upkeep]\n|-damage|p2a: Dragonite|51\/100 tox|[from] Sandstorm\n|-heal|p2a: Dragonite|57\/100 tox|[from] item: Leftovers\n|-damage|p2a: Dragonite|39\/100 tox|[from] psn\n|upkeep\n|\n|t:|1700432611\n|switch|p1a: 1800 PSI|Hippowdon, F|100\/100\n|turn|14\n|\n|t:|1700432617\n|switch|p2a: Serperior|Serperior, M|100\/100\n|-damage|p2a: Serperior|88\/100|[from] Stealth Rock\n|move|p1a: 1800 PSI|Slack Off||[still]\n|-fail|p1a: 1800 PSI|heal\n|\n|-weather|none\n|-heal|p2a: Serperior|94\/100|[from] item: Leftovers\n|upkeep\n|turn|15\n|\n|t:|1700432627\n|move|p2a: Serperior|Leaf Storm|p1a: 1800 PSI\n|-supereffective|p1a: 1800 PSI\n|-damage|p1a: 1800 PSI|30\/100\n|-boost|p2a: Serperior|spa|2\n|move|p1a: 1800 PSI|High Horsepower|p2a: Serperior\n|-resisted|p2a: Serperior\n|-damage|p2a: Serperior|74\/100\n|\n|-heal|p2a: Serperior|80\/100|[from] item: Leftovers\n|-heal|p1a: 1800 PSI|37\/100|[from] item: Leftovers\n|upkeep\n|turn|16\n|\n|t:|1700432638\n|switch|p1a: Toxapex|Toxapex, M, shiny|53\/100\n|move|p2a: Serperior|Leaf Storm|p1a: Toxapex\n|-damage|p1a: Toxapex|0 fnt\n|-boost|p2a: Serperior|spa|2\n|faint|p1a: Toxapex\n|\n|-heal|p2a: Serperior|86\/100|[from] item: Leftovers\n|upkeep\n|\n|t:|1700432640\n|switch|p1a: Rillaboom|Rillaboom, M|100\/100\n|-fieldstart|move: Grassy Terrain|[from] ability: Grassy Surge|[of] p1a: Rillaboom\n|turn|17\n|\n|t:|1700432660\n|move|p2a: Serperior|Leaf Storm|p1a: Rillaboom\n|-resisted|p1a: Rillaboom\n|-damage|p1a: Rillaboom|0 fnt\n|-boost|p2a: Serperior|spa|2\n|faint|p1a: Rillaboom\n|\n|-heal|p2a: Serperior|93\/100|[from] Grassy Terrain\n|-heal|p2a: Serperior|99\/100|[from] item: Leftovers\n|upkeep\n|\n|t:|1700432664\n|switch|p1a: Sneasler|Sneasler, M|100\/100\n|-enditem|p1a: Sneasler|Grassy Seed\n|-boost|p1a: Sneasler|def|1|[from] item: Grassy Seed\n|turn|18\n|\n|t:|1700432689\n|move|p1a: Sneasler|Dire Claw|p2a: Serperior\n|-supereffective|p2a: Serperior\n|-damage|p2a: Serperior|0 fnt\n|faint|p2a: Serperior\n|\n|upkeep\n|inactive|Sieeemano has 120 seconds left.\n|\n|t:|1700432700\n|switch|p2a: Swampert|Swampert, F|100\/100\n|-damage|p2a: Swampert|94\/100|[from] Stealth Rock\n|turn|19\n|\n|t:|1700432710\n|detailschange|p2a: Swampert|Swampert-Mega, F\n|-mega|p2a: Swampert|Swampert|Swampertite\n|move|p1a: Sneasler|Dire Claw|p2a: Swampert\n|-resisted|p2a: Swampert\n|-damage|p2a: Swampert|78\/100\n|-status|p2a: Swampert|psn\n|move|p2a: Swampert|Earthquake|p1a: Sneasler\n|-supereffective|p1a: Sneasler\n|-damage|p1a: Sneasler|33\/100\n|\n|-heal|p1a: Sneasler|39\/100|[from] Grassy Terrain\n|-heal|p2a: Swampert|84\/100 psn|[from] Grassy Terrain\n|-damage|p2a: Swampert|72\/100 psn|[from] psn\n|upkeep\n|turn|20\n|inactive|Sieeemano has 120 seconds left.\n|\n|t:|1700432727\n|move|p1a: Sneasler|Close Combat|p2a: Swampert\n|-damage|p2a: Swampert|20\/100 psn\n|-unboost|p1a: Sneasler|def|1\n|-unboost|p1a: Sneasler|spd|1\n|move|p2a: Swampert|Earthquake|p1a: Sneasler\n|-supereffective|p1a: Sneasler\n|-damage|p1a: Sneasler|0 fnt\n|faint|p1a: Sneasler\n|\n|-heal|p2a: Swampert|26\/100 psn|[from] Grassy Terrain\n|-damage|p2a: Swampert|14\/100 psn|[from] psn\n|upkeep\n|l|\u2606Malexrocks\n|inactive|Malexrocks disconnected and has a minute to reconnect!\n|player|p1|\n|inactive|Malexrocks has 30 seconds to reconnect!\n|inactive|Malexrocks has 20 seconds to reconnect!\n|inactive|Malexrocks has 15 seconds to reconnect!\n|j|\u2606Malexrocks\n|inactive|Malexrocks reconnected and has 90 seconds left.\n|player|p1|Malexrocks|1\n|\n|t:|1700432790\n|switch|p1a: Banette|Banette, F|100\/100\n|turn|21\n|\n|t:|1700432798\n|detailschange|p1a: Banette|Banette-Mega, F\n|-mega|p1a: Banette|Banette|Banettite\n|move|p1a: Banette|Poltergeist|p2a: Swampert\n|-activate|p2a: Swampert|move: Poltergeist|Swampertite\n|-damage|p2a: Swampert|0 fnt\n|faint|p2a: Swampert\n|\n|-fieldend|move: Grassy Terrain\n|upkeep\n|\n|t:|1700432807\n|switch|p2a: Weavile|Weavile, F|36\/100\n|-damage|p2a: Weavile|11\/100|[from] Stealth Rock\n|-ability|p2a: Weavile|Pressure\n|turn|22\n|\n|t:|1700432814\n|switch|p1a: 1800 PSI|Hippowdon, F|37\/100\n|-weather|Sandstorm|[from] ability: Sand Stream|[of] p1a: 1800 PSI\n|move|p2a: Weavile|Knock Off|p1a: 1800 PSI\n|-damage|p1a: 1800 PSI|0 fnt\n|-enditem|p1a: 1800 PSI|Leftovers|[from] move: Knock Off|[of] p2a: Weavile\n|faint|p1a: 1800 PSI\n|-damage|p2a: Weavile|1\/100|[from] item: Life Orb\n|\n|-weather|Sandstorm|[upkeep]\n|-damage|p2a: Weavile|0 fnt|[from] Sandstorm\n|faint|p2a: Weavile\n|upkeep\n|\n|t:|1700432831\n|switch|p2a: Dragonite|Dragonite, M|39\/100 tox\n|switch|p1a: Banette|Banette-Mega, F|100\/100\n|-damage|p2a: Dragonite|14\/100 tox|[from] Stealth Rock\n|turn|23\n|inactive|Malexrocks has 120 seconds left.\n|\n|t:|1700432846\n|move|p2a: Dragonite|Earthquake|p1a: Banette\n|-damage|p1a: Banette|49\/100\n|move|p1a: Banette|Poltergeist|p2a: Dragonite\n|-activate|p2a: Dragonite|move: Poltergeist|Leftovers\n|-damage|p2a: Dragonite|0 fnt\n|faint|p2a: Dragonite\n|\n|-weather|Sandstorm|[upkeep]\n|-damage|p1a: Banette|42\/100|[from] Sandstorm\n|upkeep\n|\n|t:|1700432856\n|switch|p2a: Blaziken|Blaziken, F|100\/100\n|-damage|p2a: Blaziken|88\/100|[from] Stealth Rock\n|turn|24\n|\n|t:|1700432866\n|move|p2a: Blaziken|Protect|p2a: Blaziken\n|-singleturn|p2a: Blaziken|Protect\n|move|p1a: Banette|Destiny Bond|p1a: Banette\n|-singlemove|p1a: Banette|Destiny Bond\n|\n|-weather|Sandstorm|[upkeep]\n|-damage|p2a: Blaziken|82\/100|[from] Sandstorm\n|-damage|p1a: Banette|36\/100|[from] Sandstorm\n|-ability|p2a: Blaziken|Speed Boost|boost\n|-boost|p2a: Blaziken|spe|1\n|upkeep\n|turn|25\n|c|\u2606Malexrocks|U fucked up gg\n|\n|t:|1700432880\n|move|p1a: Banette|Encore|p2a: Blaziken\n|-start|p2a: Blaziken|Encore\n|move|p2a: Blaziken|Protect||[still]\n|-fail|p2a: Blaziken\n|\n|-weather|Sandstorm|[upkeep]\n|-damage|p2a: Blaziken|76\/100|[from] Sandstorm\n|-damage|p1a: Banette|30\/100|[from] Sandstorm\n|-ability|p2a: Blaziken|Speed Boost|boost\n|-boost|p2a: Blaziken|spe|1\n|upkeep\n|turn|26\n|\n|t:|1700432889\n|move|p2a: Blaziken|Protect|p2a: Blaziken\n|-singleturn|p2a: Blaziken|Protect\n|move|p1a: Banette|Poltergeist|p2a: Blaziken\n|-activate|p2a: Blaziken|move: Protect\n|\n|-weather|none\n|-ability|p2a: Blaziken|Speed Boost|boost\n|-boost|p2a: Blaziken|spe|1\n|upkeep\n|turn|27\n|l|\u2606Malexrocks\n|inactive|Malexrocks disconnected and has a minute to reconnect!\n|player|p1|\n|inactive|Malexrocks has 30 seconds to reconnect!\n|inactive|Malexrocks has 20 seconds to reconnect!\n|j|\u2606Malexrocks\n|inactive|Malexrocks reconnected and has 85 seconds left.\n|player|p1|Malexrocks|1\n|\n|t:|1700432961\n|move|p2a: Blaziken|Protect||[still]\n|-fail|p2a: Blaziken\n|move|p1a: Banette|Poltergeist|p2a: Blaziken\n|-activate|p2a: Blaziken|move: Poltergeist|Focus Sash\n|-damage|p2a: Blaziken|0 fnt\n|faint|p2a: Blaziken\n|\n|win|Malexrocks\n|raw|Malexrocks's rating: 1328 &rarr; <strong>1342<\/strong><br \/>(+14 for winning)\n|raw|Sieeemano's rating: 1228 &rarr; <strong>1210<\/strong><br \/>(-18 for losing)\n|l|\u2606Malexrocks\n|l|\u2606Sieeemano\n|j|\u2606Malexrocks\n|player|p1|Malexrocks|1\n","uploadtime":1700433040,"views":29,"p1id":"malexrocks","p2id":"sieeemano","formatid":"gen9nationaldex","rating":1210,"private":0,"password":""}