{"id":"gen9nationaldex-1993725274","p1":"kmrandy","p2":"Shovel Florentine","format":"[Gen 9] National Dex","log":"|j|\u2606kmrandy\n|j|\u2606Shovel Florentine\n|t:|1700349875\n|gametype|singles\n|player|p1|kmrandy|hilbert|1073\n|player|p2|Shovel Florentine|acetrainerf|1010\n|teamsize|p1|6\n|teamsize|p2|6\n|gen|9\n|tier|[Gen 9] National Dex\n|rated|\n|rule|HP Percentage Mod: HP is shown in percentages\n|rule|Endless Battle Clause: Forcing endless battles is banned\n|rule|OHKO Clause: OHKO moves are banned\n|rule|Evasion Clause: Evasion abilities, items, and moves are banned\n|rule|Evasion Abilities Clause: Evasion abilities are banned\n|rule|Evasion Items Clause: Evasion items are banned\n|rule|Evasion Moves Clause: Evasion moves are banned\n|rule|Species Clause: Limit one of each Pok\u00e9mon\n|rule|Sleep Clause Mod: Limit one foe put to sleep\n|clearpoke\n|poke|p1|Obstagoon, M|\n|poke|p1|Skeledirge, M|\n|poke|p1|Latios, M|\n|poke|p1|Galvantula, M|\n|poke|p1|Empoleon, M|\n|poke|p1|Klefki, M|\n|poke|p2|Jolteon, F|\n|poke|p2|Rapidash, F|\n|poke|p2|Scyther, M|\n|poke|p2|Poliwrath, M|\n|poke|p2|Hitmonlee, M|\n|poke|p2|Raticate, F|\n|teampreview\n|c|\u2606kmrandy|hello\n|c|\u2606kmrandy|glhf\n|\n|t:|1700349885\n|start\n|switch|p1a: Kingdom Key|Klefki, M, shiny|100\/100\n|switch|p2a: Raticate|Raticate, F, shiny|100\/100\n|turn|1\n|inactive|Battle timer is ON: inactive players will automatically lose when time's up. (requested by Shovel Florentine)\n|\n|t:|1700349890\n|move|p1a: Kingdom Key|Reflect|p1a: Kingdom Key\n|-sidestart|p1: kmrandy|Reflect\n|move|p2a: Raticate|Super Fang|p1a: Kingdom Key\n|-damage|p1a: Kingdom Key|50\/100\n|\n|-status|p2a: Raticate|brn|[from] item: Flame Orb\n|upkeep\n|turn|2\n|\n|t:|1700349896\n|move|p1a: Kingdom Key|Light Screen|p1a: Kingdom Key\n|-sidestart|p1: kmrandy|move: Light Screen\n|move|p2a: Raticate|Curse|p2a: Raticate\n|-unboost|p2a: Raticate|spe|1\n|-boost|p2a: Raticate|atk|1\n|-boost|p2a: Raticate|def|1\n|\n|-damage|p2a: Raticate|95\/100 brn|[from] brn\n|upkeep\n|turn|3\n|\n|t:|1700349900\n|move|p1a: Kingdom Key|Foul Play|p2a: Raticate\n|-damage|p2a: Raticate|59\/100 brn\n|move|p2a: Raticate|Curse|p2a: Raticate\n|-unboost|p2a: Raticate|spe|1\n|-boost|p2a: Raticate|atk|1\n|-boost|p2a: Raticate|def|1\n|\n|-damage|p2a: Raticate|53\/100 brn|[from] brn\n|upkeep\n|turn|4\n|\n|t:|1700349907\n|move|p1a: Kingdom Key|Foul Play|p2a: Raticate\n|-damage|p2a: Raticate|15\/100 brn\n|move|p2a: Raticate|Facade|p1a: Kingdom Key\n|-resisted|p1a: Kingdom Key\n|-damage|p1a: Kingdom Key|17\/100\n|\n|-damage|p2a: Raticate|9\/100 brn|[from] brn\n|upkeep\n|turn|5\n|\n|t:|1700349916\n|switch|p1a: Fuleco|Skeledirge, M|100\/100\n|move|p2a: Raticate|Sucker Punch||[still]\n|-fail|p2a: Raticate\n|\n|-damage|p2a: Raticate|3\/100 brn|[from] brn\n|upkeep\n|turn|6\n|\n|t:|1700349925\n|switch|p1a: Kingdom Key|Klefki, M, shiny|17\/100\n|move|p2a: Raticate|Super Fang|p1a: Kingdom Key\n|-damage|p1a: Kingdom Key|9\/100\n|\n|-damage|p2a: Raticate|0 fnt|[from] brn\n|faint|p2a: Raticate\n|upkeep\n|\n|t:|1700349930\n|switch|p2a: Sparky|Jolteon, F, shiny|100\/100\n|turn|7\n|\n|t:|1700349936\n|switch|p1a: Greg|Galvantula, M|100\/100\n|move|p2a: Sparky|Electro Ball|p1a: Greg\n|-resisted|p1a: Greg\n|-damage|p1a: Greg|93\/100\n|\n|-status|p2a: Sparky|brn|[from] item: Flame Orb\n|upkeep\n|turn|8\n|\n|t:|1700349946\n|switch|p2a: Charkorse|Rapidash, F, shiny|100\/100\n|move|p1a: Greg|Sticky Web|p2a: Charkorse\n|-sidestart|p2: Shovel Florentine|move: Sticky Web\n|\n|-sideend|p1: kmrandy|Reflect\n|upkeep\n|turn|9\n|\n|t:|1700349953\n|move|p1a: Greg|Thunder|p2a: Charkorse\n|-damage|p2a: Charkorse|37\/100\n|move|p2a: Charkorse|Flame Charge|p1a: Greg\n|-supereffective|p1a: Greg\n|-damage|p1a: Greg|0 fnt\n|-boost|p2a: Charkorse|spe|1\n|faint|p1a: Greg\n|\n|-sideend|p1: kmrandy|move: Light Screen\n|upkeep\n|\n|t:|1700349962\n|switch|p1a: Kingdom Key|Klefki, M, shiny|9\/100\n|turn|10\n|\n|t:|1700349966\n|move|p1a: Kingdom Key|Reflect|p1a: Kingdom Key\n|-sidestart|p1: kmrandy|Reflect\n|move|p2a: Charkorse|Flame Charge|p1a: Kingdom Key\n|-supereffective|p1a: Kingdom Key\n|-damage|p1a: Kingdom Key|0 fnt\n|-boost|p2a: Charkorse|spe|1\n|faint|p1a: Kingdom Key\n|\n|upkeep\n|\n|t:|1700349975\n|switch|p1a: Meteor|Empoleon, M|100\/100\n|turn|11\n|\n|t:|1700349993\n|-terastallize|p2a: Charkorse|Fighting\n|move|p2a: Charkorse|Low Kick|p1a: Meteor\n|-supereffective|p1a: Meteor\n|-damage|p1a: Meteor|55\/100\n|move|p1a: Meteor|Stealth Rock|p2a: Charkorse\n|-sidestart|p2: Shovel Florentine|move: Stealth Rock\n|\n|-heal|p1a: Meteor|61\/100|[from] item: Leftovers\n|upkeep\n|turn|12\n|\n|t:|1700350003\n|move|p2a: Charkorse|Low Kick|p1a: Meteor\n|-supereffective|p1a: Meteor\n|-damage|p1a: Meteor|16\/100\n|move|p1a: Meteor|Surf|p2a: Charkorse\n|-damage|p2a: Charkorse|0 fnt\n|faint|p2a: Charkorse\n|\n|-heal|p1a: Meteor|23\/100|[from] item: Leftovers\n|upkeep\n|\n|t:|1700350023\n|switch|p2a: Sparky|Jolteon, F, shiny|100\/100 brn\n|-activate|p2a: Sparky|move: Sticky Web\n|-unboost|p2a: Sparky|spe|1\n|-damage|p2a: Sparky|88\/100 brn|[from] Stealth Rock\n|turn|13\n|\n|t:|1700350033\n|move|p2a: Sparky|Electro Ball|p1a: Meteor\n|-supereffective|p1a: Meteor\n|-damage|p1a: Meteor|0 fnt\n|faint|p1a: Meteor\n|\n|-damage|p2a: Sparky|82\/100 brn|[from] brn\n|upkeep\n|\n|t:|1700350039\n|switch|p1a: Zang|Obstagoon, M|100\/100\n|turn|14\n|\n|t:|1700350043\n|move|p1a: Zang|Obstruct|p1a: Zang\n|-singleturn|p1a: Zang|Protect\n|move|p2a: Sparky|Charm|p1a: Zang\n|-unboost|p1a: Zang|atk|2\n|\n|-damage|p2a: Sparky|76\/100 brn|[from] brn\n|-status|p1a: Zang|brn|[from] item: Flame Orb\n|upkeep\n|turn|15\n|\n|t:|1700350052\n|switch|p1a: Blue|Latios, M|100\/100\n|move|p2a: Sparky|Charm|p1a: Blue\n|-unboost|p1a: Blue|atk|2\n|\n|-damage|p2a: Sparky|70\/100 brn|[from] brn\n|upkeep\n|turn|16\n|\n|t:|1700350055\n|detailschange|p1a: Blue|Latios-Mega, M\n|-mega|p1a: Blue|Latios|Latiosite\n|move|p1a: Blue|Psychic|p2a: Sparky\n|-damage|p2a: Sparky|5\/100 brn\n|move|p2a: Sparky|Shadow Ball|p1a: Blue\n|-supereffective|p1a: Blue\n|-damage|p1a: Blue|51\/100\n|\n|-damage|p2a: Sparky|0 fnt|[from] brn\n|faint|p2a: Sparky\n|upkeep\n|\n|t:|1700350068\n|switch|p2a: Knotch|Scyther, M, shiny|100\/100\n|-damage|p2a: Knotch|51\/100|[from] Stealth Rock\n|turn|17\n|\n|t:|1700350076\n|move|p1a: Blue|Ice Beam|p2a: Knotch\n|-supereffective|p2a: Knotch\n|-damage|p2a: Knotch|0 fnt\n|faint|p2a: Knotch\n|\n|-sideend|p1: kmrandy|Reflect\n|upkeep\n|\n|t:|1700350079\n|switch|p2a: Pulwrazer|Poliwrath, M|100\/100\n|-activate|p2a: Pulwrazer|move: Sticky Web\n|-unboost|p2a: Pulwrazer|spe|1\n|-damage|p2a: Pulwrazer|94\/100|[from] Stealth Rock\n|turn|18\n|\n|t:|1700350096\n|switch|p2a: Brucey|Hitmonlee, M|100\/100\n|-activate|p2a: Brucey|move: Sticky Web\n|-unboost|p2a: Brucey|spe|1\n|-damage|p2a: Brucey|94\/100|[from] Stealth Rock\n|move|p1a: Blue|Psychic|p2a: Brucey\n|-supereffective|p2a: Brucey\n|-damage|p2a: Brucey|0 fnt\n|faint|p2a: Brucey\n|\n|upkeep\n|\n|t:|1700350103\n|switch|p2a: Pulwrazer|Poliwrath, M|94\/100\n|-activate|p2a: Pulwrazer|move: Sticky Web\n|-unboost|p2a: Pulwrazer|spe|1\n|-damage|p2a: Pulwrazer|88\/100|[from] Stealth Rock\n|turn|19\n|-message|Shovel Florentine forfeited.\n|\n|win|kmrandy\n|raw|kmrandy's rating: 1073 &rarr; <strong>1097<\/strong><br \/>(+24 for winning)\n|raw|Shovel Florentine's rating: 1010 &rarr; <strong>1001<\/strong><br \/>(-9 for losing)\n|l|\u2606Shovel Florentine\n|c|\u2606kmrandy|gg\n","uploadtime":1700350115,"views":8,"p1id":"kmrandy","p2id":"shovelflorentine","formatid":"gen9nationaldex","rating":1001,"private":0,"password":""}