{"id":"gen9nationaldex-1993434381","p1":"HanFong","p2":"fyssqzh","format":"[Gen 9] National Dex","log":"|j|\u203dHanFong\n|j|\u2606fyssqzh\n|t:|1700317430\n|gametype|singles\n|player|p1|HanFong|1|1447\n|player|p2|fyssqzh|jasmine|1388\n|teamsize|p1|6\n|teamsize|p2|6\n|gen|9\n|tier|[Gen 9] National Dex\n|rated|\n|rule|HP Percentage Mod: HP is shown in percentages\n|rule|Endless Battle Clause: Forcing endless battles is banned\n|rule|OHKO Clause: OHKO moves are banned\n|rule|Evasion Clause: Evasion abilities, items, and moves are banned\n|rule|Evasion Abilities Clause: Evasion abilities are banned\n|rule|Evasion Items Clause: Evasion items are banned\n|rule|Evasion Moves Clause: Evasion moves are banned\n|rule|Species Clause: Limit one of each Pok\u00e9mon\n|rule|Sleep Clause Mod: Limit one foe put to sleep\n|clearpoke\n|poke|p1|Sneasler, M|\n|poke|p1|Rillaboom, M|\n|poke|p1|Zapdos|\n|poke|p1|Empoleon, M|\n|poke|p1|Ursaluna, F|\n|poke|p1|Heatran, F|\n|poke|p2|Banette, F|\n|poke|p2|Alomomola, F|\n|poke|p2|Moltres|\n|poke|p2|Kyurem|\n|poke|p2|Bastiodon, M|\n|poke|p2|Samurott-Hisui, F|\n|teampreview\n|\n|t:|1700317446\n|start\n|switch|p1a: Rillaboom|Rillaboom, M|100\/100\n|switch|p2a: Bastiodon|Bastiodon, M|100\/100\n|-fieldstart|move: Grassy Terrain|[from] ability: Grassy Surge|[of] p1a: Rillaboom\n|turn|1\n|\n|t:|1700317454\n|move|p2a: Bastiodon|Protect|p2a: Bastiodon\n|-singleturn|p2a: Bastiodon|Protect\n|move|p1a: Rillaboom|Knock Off|p2a: Bastiodon\n|-activate|p2a: Bastiodon|move: Protect\n|\n|upkeep\n|turn|2\n|\n|t:|1700317464\n|switch|p2a: Moltres|Moltres|100\/100\n|move|p1a: Rillaboom|Knock Off|p2a: Moltres\n|-damage|p2a: Moltres|74\/100\n|-enditem|p2a: Moltres|Heavy-Duty Boots|[from] move: Knock Off|[of] p1a: Rillaboom\n|\n|upkeep\n|turn|3\n|\n|t:|1700317472\n|switch|p1a: Zapdos|Zapdos|100\/100\n|move|p2a: Moltres|Flamethrower|p1a: Zapdos\n|-damage|p1a: Zapdos|66\/100\n|-status|p1a: Zapdos|brn\n|\n|-damage|p1a: Zapdos|60\/100 brn|[from] brn\n|upkeep\n|turn|4\n|\n|t:|1700317482\n|switch|p2a: Kyurem|Kyurem|100\/100\n|-ability|p2a: Kyurem|Pressure\n|move|p1a: Zapdos|Toxic|p2a: Kyurem\n|-status|p2a: Kyurem|tox\n|\n|-damage|p2a: Kyurem|94\/100 tox|[from] psn\n|-damage|p1a: Zapdos|54\/100 brn|[from] brn\n|upkeep\n|turn|5\n|\n|t:|1700317497\n|move|p2a: Kyurem|Earth Power|p1a: Zapdos\n|-immune|p1a: Zapdos\n|move|p1a: Zapdos|Volt Switch|p2a: Kyurem\n|-resisted|p2a: Kyurem\n|-damage|p2a: Kyurem|84\/100 tox\n|\n|t:|1700317507\n|switch|p1a: Empoleon|Empoleon, M|100\/100|[from] Volt Switch\n|\n|-heal|p2a: Kyurem|90\/100 tox|[from] Grassy Terrain\n|-damage|p2a: Kyurem|77\/100 tox|[from] psn\n|-fieldend|move: Grassy Terrain\n|upkeep\n|turn|6\n|\n|t:|1700317516\n|switch|p2a: Alomomola|Alomomola, F|100\/100\n|switch|p1a: Zapdos|Zapdos|54\/100 brn\n|\n|-damage|p1a: Zapdos|48\/100 brn|[from] brn\n|upkeep\n|turn|7\n|\n|t:|1700317530\n|switch|p2a: Banette|Banette, F|100\/100\n|move|p1a: Zapdos|Roost|p1a: Zapdos\n|-heal|p1a: Zapdos|98\/100 brn\n|-singleturn|p1a: Zapdos|move: Roost\n|\n|-damage|p1a: Zapdos|92\/100 brn|[from] brn\n|upkeep\n|turn|8\n|\n|t:|1700317540\n|detailschange|p2a: Banette|Banette-Mega, F\n|-mega|p2a: Banette|Banette|Banettite\n|move|p2a: Banette|Encore|p1a: Zapdos\n|-start|p1a: Zapdos|Encore\n|move|p1a: Zapdos|Roost|p1a: Zapdos\n|-heal|p1a: Zapdos|100\/100 brn\n|-singleturn|p1a: Zapdos|move: Roost\n|\n|-damage|p1a: Zapdos|94\/100 brn|[from] brn\n|upkeep\n|turn|9\n|\n|t:|1700317552\n|switch|p1a: Empoleon|Empoleon, M|100\/100\n|move|p2a: Banette|Thunder Wave|p1a: Empoleon\n|-status|p1a: Empoleon|par\n|\n|upkeep\n|turn|10\n|\n|t:|1700317562\n|switch|p2a: Alomomola|Alomomola, F|100\/100\n|move|p1a: Empoleon|Yawn|p2a: Alomomola\n|-start|p2a: Alomomola|move: Yawn|[of] p1a: Empoleon\n|\n|upkeep\n|turn|11\n|\n|t:|1700317569\n|move|p2a: Alomomola|Flip Turn|p1a: Empoleon\n|-resisted|p1a: Empoleon\n|-damage|p1a: Empoleon|93\/100 par\n|-damage|p2a: Alomomola|84\/100|[from] item: Rocky Helmet|[of] p1a: Empoleon\n|\n|t:|1700317580\n|switch|p2a: Kyurem|Kyurem|77\/100 tox|[from] Flip Turn\n|-ability|p2a: Kyurem|Pressure\n|move|p1a: Empoleon|Flip Turn|p2a: Kyurem\n|-resisted|p2a: Kyurem\n|-damage|p2a: Kyurem|69\/100 tox\n|\n|t:|1700317590\n|switch|p1a: Sneasler|Sneasler, M|100\/100|[from] Flip Turn\n|\n|-damage|p2a: Kyurem|63\/100 tox|[from] psn\n|upkeep\n|turn|12\n|\n|t:|1700317604\n|move|p1a: Sneasler|Close Combat|p2a: Kyurem\n|-supereffective|p2a: Kyurem\n|-damage|p2a: Kyurem|0 fnt\n|-unboost|p1a: Sneasler|def|1\n|-unboost|p1a: Sneasler|spd|1\n|faint|p2a: Kyurem\n|\n|upkeep\n|\n|t:|1700317613\n|switch|p2a: Bastiodon|Bastiodon, M|100\/100\n|turn|13\n|\n|t:|1700317620\n|switch|p1a: Rillaboom|Rillaboom, M|100\/100\n|-fieldstart|move: Grassy Terrain|[from] ability: Grassy Surge|[of] p1a: Rillaboom\n|move|p2a: Bastiodon|Protect||[still]\n|-fail|p2a: Bastiodon\n|\n|upkeep\n|turn|14\n|\n|t:|1700317627\n|move|p2a: Bastiodon|Protect|p2a: Bastiodon\n|-singleturn|p2a: Bastiodon|Protect\n|move|p1a: Rillaboom|Knock Off|p2a: Bastiodon\n|-activate|p2a: Bastiodon|move: Protect\n|\n|upkeep\n|turn|15\n|\n|t:|1700317634\n|switch|p1a: Ursaluna|Ursaluna, F|100\/100\n|switch|p2a: Moltres|Moltres|74\/100\n|\n|-status|p1a: Ursaluna|brn|[from] item: Flame Orb\n|upkeep\n|turn|16\n|\n|t:|1700317647\n|move|p1a: Ursaluna|Facade|p2a: Moltres\n|-damage|p2a: Moltres|0 fnt\n|faint|p2a: Moltres\n|\n|-damage|p1a: Ursaluna|94\/100 brn|[from] brn\n|upkeep\n|\n|t:|1700317655\n|switch|p2a: Banette|Banette-Mega, F|100\/100\n|turn|17\n|\n|t:|1700317658\n|move|p2a: Banette|Encore|p1a: Ursaluna\n|-start|p1a: Ursaluna|Encore\n|move|p1a: Ursaluna|Facade|p2a: Banette\n|-immune|p2a: Banette\n|\n|-heal|p1a: Ursaluna|100\/100 brn|[from] Grassy Terrain\n|-damage|p1a: Ursaluna|94\/100 brn|[from] brn\n|-fieldend|move: Grassy Terrain\n|upkeep\n|turn|18\n|\n|t:|1700317669\n|switch|p1a: Empoleon|Empoleon, M|93\/100 par\n|move|p2a: Banette|Poltergeist|p1a: Empoleon\n|-activate|p1a: Empoleon|move: Poltergeist|Rocky Helmet\n|-damage|p1a: Empoleon|37\/100 par\n|\n|upkeep\n|turn|19\n|\n|t:|1700317681\n|switch|p2a: Samurott|Samurott-Hisui, F|100\/100\n|cant|p1a: Empoleon|par\n|\n|upkeep\n|turn|20\n|\n|t:|1700317688\n|move|p2a: Samurott|Ceaseless Edge|p1a: Empoleon\n|-damage|p1a: Empoleon|0 fnt\n|-damage|p2a: Samurott|84\/100|[from] item: Rocky Helmet|[of] p1a: Empoleon\n|-sidestart|p1: HanFong|Spikes\n|faint|p1a: Empoleon\n|\n|upkeep\n|\n|t:|1700317692\n|switch|p1a: Rillaboom|Rillaboom, M|100\/100\n|-damage|p1a: Rillaboom|88\/100|[from] Spikes\n|-fieldstart|move: Grassy Terrain|[from] ability: Grassy Surge|[of] p1a: Rillaboom\n|turn|21\n|\n|t:|1700317700\n|-terastallize|p1a: Rillaboom|Grass\n|move|p2a: Samurott|Ceaseless Edge|p1a: Rillaboom\n|-damage|p1a: Rillaboom|45\/100\n|-sidestart|p1: HanFong|Spikes\n|move|p1a: Rillaboom|Wood Hammer|p2a: Samurott\n|-supereffective|p2a: Samurott\n|-damage|p2a: Samurott|0 fnt\n|faint|p2a: Samurott\n|-damage|p1a: Rillaboom|22\/100|[from] Recoil\n|\n|-heal|p1a: Rillaboom|28\/100|[from] Grassy Terrain\n|upkeep\n|\n|t:|1700317713\n|switch|p2a: Banette|Banette-Mega, F|100\/100\n|turn|22\n|\n|t:|1700317724\n|move|p1a: Rillaboom|Grassy Glide|p2a: Banette\n|-damage|p2a: Banette|19\/100\n|move|p2a: Banette|Destiny Bond|p2a: Banette\n|-singlemove|p2a: Banette|Destiny Bond\n|\n|-heal|p1a: Rillaboom|35\/100|[from] Grassy Terrain\n|-heal|p2a: Banette|25\/100|[from] Grassy Terrain\n|upkeep\n|turn|23\n|\n|t:|1700317735\n|switch|p1a: Zapdos|Zapdos|94\/100 brn\n|move|p2a: Banette|Poltergeist|p1a: Zapdos\n|-activate|p1a: Zapdos|move: Poltergeist|Heavy-Duty Boots\n|-damage|p1a: Zapdos|43\/100 brn\n|\n|-heal|p2a: Banette|31\/100|[from] Grassy Terrain\n|-damage|p1a: Zapdos|37\/100 brn|[from] brn\n|upkeep\n|turn|24\n|\n|t:|1700317746\n|move|p1a: Zapdos|Toxic|p2a: Banette\n|-status|p2a: Banette|tox\n|move|p2a: Banette|Poltergeist|p1a: Zapdos\n|-activate|p1a: Zapdos|move: Poltergeist|Heavy-Duty Boots\n|-damage|p1a: Zapdos|0 fnt\n|faint|p1a: Zapdos\n|\n|-heal|p2a: Banette|37\/100 tox|[from] Grassy Terrain\n|-damage|p2a: Banette|31\/100 tox|[from] psn\n|upkeep\n|\n|t:|1700317750\n|switch|p1a: Rillaboom|Rillaboom, M, tera:Grass|35\/100\n|-damage|p1a: Rillaboom|18\/100|[from] Spikes\n|turn|25\n|\n|t:|1700317772\n|switch|p2a: Alomomola|Alomomola, F|100\/100\n|move|p1a: Rillaboom|Grassy Glide|p2a: Alomomola\n|-supereffective|p2a: Alomomola\n|-damage|p2a: Alomomola|0 fnt\n|faint|p2a: Alomomola\n|\n|-heal|p1a: Rillaboom|24\/100|[from] Grassy Terrain\n|-fieldend|move: Grassy Terrain\n|upkeep\n|\n|t:|1700317783\n|switch|p2a: Banette|Banette-Mega, F|31\/100 tox\n|turn|26\n|\n|t:|1700317788\n|switch|p1a: Heatran|Heatran, F|100\/100\n|-damage|p1a: Heatran|84\/100|[from] Spikes\n|move|p2a: Banette|Poltergeist|p1a: Heatran\n|-activate|p1a: Heatran|move: Poltergeist|Leftovers\n|-damage|p1a: Heatran|40\/100\n|\n|-heal|p1a: Heatran|46\/100|[from] item: Leftovers\n|-damage|p2a: Banette|25\/100 tox|[from] psn\n|upkeep\n|turn|27\n|\n|t:|1700317800\n|move|p1a: Heatran|Protect|p1a: Heatran\n|-singleturn|p1a: Heatran|Protect\n|move|p2a: Banette|Destiny Bond|p2a: Banette\n|-singlemove|p2a: Banette|Destiny Bond\n|\n|-heal|p1a: Heatran|53\/100|[from] item: Leftovers\n|-damage|p2a: Banette|13\/100 tox|[from] psn\n|upkeep\n|turn|28\n|\n|t:|1700317810\n|move|p1a: Heatran|Protect||[still]\n|-fail|p1a: Heatran\n|move|p2a: Banette|Poltergeist|p1a: Heatran\n|-activate|p1a: Heatran|move: Poltergeist|Leftovers\n|-damage|p1a: Heatran|6\/100\n|\n|-heal|p1a: Heatran|13\/100|[from] item: Leftovers\n|-damage|p2a: Banette|0 fnt|[from] psn\n|faint|p2a: Banette\n|upkeep\n|\n|t:|1700317821\n|switch|p2a: Bastiodon|Bastiodon, M|100\/100\n|turn|29\n|\n|t:|1700317826\n|move|p1a: Heatran|Earth Power|p2a: Bastiodon\n|-supereffective|p2a: Bastiodon\n|-ability|p2a: Bastiodon|Sturdy\n|-damage|p2a: Bastiodon|1\/100\n|move|p2a: Bastiodon|Stone Edge|p1a: Heatran|[miss]\n|-miss|p2a: Bastiodon|p1a: Heatran\n|\n|-heal|p1a: Heatran|19\/100|[from] item: Leftovers\n|upkeep\n|turn|30\n|-enditem|p2a: Bastiodon|Custap Berry|[eat]\n|-activate|p2a: Bastiodon|item: Custap Berry|[consumed]\n|\n|t:|1700317837\n|move|p2a: Bastiodon|Stone Edge|p1a: Heatran\n|-damage|p1a: Heatran|0 fnt\n|faint|p1a: Heatran\n|\n|upkeep\n|\n|t:|1700317843\n|switch|p1a: Rillaboom|Rillaboom, M, tera:Grass|24\/100\n|-damage|p1a: Rillaboom|8\/100|[from] Spikes\n|-fieldstart|move: Grassy Terrain|[from] ability: Grassy Surge|[of] p1a: Rillaboom\n|turn|31\n|-message|fyssqzh forfeited.\n|\n|win|HanFong\n|raw|HanFong's rating: 1447 &rarr; <strong>1464<\/strong><br \/>(+17 for winning)\n|raw|fyssqzh's rating: 1388 &rarr; <strong>1371<\/strong><br \/>(-17 for losing)\n|l|\u2606fyssqzh\n","uploadtime":1700317853,"views":7,"p1id":"hanfong","p2id":"fyssqzh","formatid":"gen9nationaldex","rating":1371,"private":0,"password":""}