{"id":"gen9nationaldex-1989782260","p1":"Icefanngs","p2":"dgosilva","format":"[Gen 9] National Dex","log":"|j|\u2606Icefanngs\n|j|\u2606dgosilva\n|t:|1699895293\n|gametype|singles\n|player|p1|Icefanngs|265|1371\n|player|p2|dgosilva|ash|1439\n|teamsize|p1|6\n|teamsize|p2|6\n|gen|9\n|tier|[Gen 9] National Dex\n|rated|\n|rule|HP Percentage Mod: HP is shown in percentages\n|rule|Endless Battle Clause: Forcing endless battles is banned\n|rule|OHKO Clause: OHKO moves are banned\n|rule|Evasion Clause: Evasion abilities, items, and moves are banned\n|rule|Evasion Abilities Clause: Evasion abilities are banned\n|rule|Evasion Items Clause: Evasion items are banned\n|rule|Evasion Moves Clause: Evasion moves are banned\n|rule|Species Clause: Limit one of each Pok\u00e9mon\n|rule|Sleep Clause Mod: Limit one foe put to sleep\n|clearpoke\n|poke|p1|Spiritomb, M|\n|poke|p1|Roserade, F|\n|poke|p1|Togekiss, F|\n|poke|p1|Milotic, F|\n|poke|p1|Lucario, M|\n|poke|p1|Garchomp, M|\n|poke|p2|Venusaur, M|\n|poke|p2|Umbreon, F|\n|poke|p2|Arcanine-Hisui, M|\n|poke|p2|Kingdra, F|\n|poke|p2|Ninetales-Alola, M|\n|poke|p2|Weezing-Galar, M|\n|teampreview\n|inactive|Battle timer is ON: inactive players will automatically lose when time's up. (requested by Icefanngs)\n|c|\u2606dgosilva|i can hear the piano\n|c|\u2606dgosilva|time to beat cynthia\n|\n|t:|1699895323\n|start\n|switch|p1a: Lucario|Lucario, M|100\/100\n|switch|p2a: Bulba Fett|Venusaur, M|100\/100\n|turn|1\n|\n|t:|1699895349\n|switch|p1a: Togekiss|Togekiss, F|100\/100\n|detailschange|p2a: Bulba Fett|Venusaur-Mega, M\n|-mega|p2a: Bulba Fett|Venusaur|Venusaurite\n|move|p2a: Bulba Fett|Leech Seed|p1a: Togekiss\n|-start|p1a: Togekiss|move: Leech Seed\n|\n|-damage|p1a: Togekiss|88\/100|[from] Leech Seed|[of] p2a: Bulba Fett\n|upkeep\n|turn|2\n|\n|t:|1699895357\n|move|p1a: Togekiss|Air Slash|p2a: Bulba Fett\n|-supereffective|p2a: Bulba Fett\n|-damage|p2a: Bulba Fett|36\/100\n|cant|p2a: Bulba Fett|flinch\n|\n|-damage|p1a: Togekiss|75\/100|[from] Leech Seed|[of] p2a: Bulba Fett\n|-heal|p2a: Bulba Fett|49\/100|[silent]\n|upkeep\n|turn|3\n|\n|t:|1699895366\n|switch|p2a: Mononoke|Ninetales-Alola, M|100\/100\n|-weather|Snow|[from] ability: Snow Warning|[of] p2a: Mononoke\n|move|p1a: Togekiss|Air Slash|p2a: Mononoke|[miss]\n|-miss|p1a: Togekiss|p2a: Mononoke\n|\n|-weather|Snow|[upkeep]\n|-damage|p1a: Togekiss|63\/100|[from] Leech Seed|[of] p2a: Mononoke\n|upkeep\n|turn|4\n|\n|t:|1699895375\n|switch|p1a: Lucario|Lucario, M|100\/100\n|move|p2a: Mononoke|Aurora Veil|p2a: Mononoke\n|-sidestart|p2: dgosilva|move: Aurora Veil\n|\n|-weather|Snow|[upkeep]\n|upkeep\n|turn|5\n|\n|t:|1699895382\n|switch|p2a: Bulba Fett|Venusaur-Mega, M|49\/100\n|move|p1a: Lucario|Bullet Punch|p2a: Bulba Fett\n|-damage|p2a: Bulba Fett|36\/100\n|\n|-weather|Snow|[upkeep]\n|upkeep\n|turn|6\n|\n|t:|1699895398\n|switch|p1a: Togekiss|Togekiss, F|63\/100\n|move|p2a: Bulba Fett|Sludge Bomb|p1a: Togekiss\n|-supereffective|p1a: Togekiss\n|-damage|p1a: Togekiss|0 fnt\n|faint|p1a: Togekiss\n|\n|-weather|Snow|[upkeep]\n|upkeep\n|inactive|Icefanngs has 120 seconds left.\n|\n|t:|1699895429\n|switch|p1a: Spiritomb|Spiritomb, M|100\/100\n|turn|7\n|\n|t:|1699895433\n|move|p2a: Bulba Fett|Leech Seed|p1a: Spiritomb\n|-start|p1a: Spiritomb|move: Leech Seed\n|move|p1a: Spiritomb|Shadow Ball|p2a: Bulba Fett\n|-damage|p2a: Bulba Fett|2\/100\n|-unboost|p2a: Bulba Fett|spd|1\n|\n|-weather|none\n|-damage|p1a: Spiritomb|88\/100|[from] Leech Seed|[of] p2a: Bulba Fett\n|-heal|p2a: Bulba Fett|15\/100|[silent]\n|upkeep\n|turn|8\n|\n|t:|1699895438\n|switch|p2a: My old friend|Umbreon, F|100\/100\n|move|p1a: Spiritomb|Shadow Ball|p2a: My old friend\n|-resisted|p2a: My old friend\n|-crit|p2a: My old friend\n|-damage|p2a: My old friend|83\/100\n|-unboost|p2a: My old friend|spd|1\n|\n|-heal|p2a: My old friend|89\/100|[from] item: Leftovers\n|-damage|p1a: Spiritomb|75\/100|[from] Leech Seed|[of] p2a: My old friend\n|-heal|p2a: My old friend|99\/100|[silent]\n|upkeep\n|turn|9\n|\n|t:|1699895449\n|switch|p1a: Lucario|Lucario, M|100\/100\n|move|p2a: My old friend|Foul Play|p1a: Lucario\n|-resisted|p1a: Lucario\n|-damage|p1a: Lucario|65\/100\n|\n|-heal|p2a: My old friend|100\/100|[from] item: Leftovers\n|upkeep\n|turn|10\n|\n|t:|1699895469\n|move|p1a: Lucario|Bullet Punch|p2a: My old friend\n|-damage|p2a: My old friend|92\/100\n|move|p2a: My old friend|Foul Play|p1a: Lucario\n|-resisted|p1a: Lucario\n|-damage|p1a: Lucario|32\/100\n|\n|-heal|p2a: My old friend|98\/100|[from] item: Leftovers\n|upkeep\n|turn|11\n|\n|t:|1699895477\n|switch|p1a: Roserade|Roserade, F|100\/100\n|move|p2a: My old friend|Foul Play|p1a: Roserade\n|-damage|p1a: Roserade|73\/100\n|\n|-heal|p1a: Roserade|79\/100|[from] item: Leftovers\n|-heal|p2a: My old friend|100\/100|[from] item: Leftovers\n|-sideend|p2: dgosilva|move: Aurora Veil\n|upkeep\n|turn|12\n|inactive|dgosilva has 120 seconds left.\n|\n|t:|1699895531\n|switch|p1a: Lucario|Lucario, M|32\/100\n|switch|p2a: Bulba Fett|Venusaur-Mega, M|15\/100\n|\n|upkeep\n|turn|13\n|inactive|dgosilva has 90 seconds left.\n|\n|t:|1699895560\n|move|p1a: Lucario|Earthquake|p2a: Bulba Fett\n|-damage|p2a: Bulba Fett|0 fnt\n|faint|p2a: Bulba Fett\n|\n|upkeep\n|\n|t:|1699895571\n|switch|p2a: Sir Farts'alot|Weezing-Galar, M|100\/100\n|turn|14\n|\n|t:|1699895579\n|switch|p1a: Roserade|Roserade, F|79\/100\n|move|p2a: Sir Farts'alot|Will-O-Wisp|p1a: Roserade\n|-status|p1a: Roserade|brn\n|\n|-heal|p1a: Roserade|85\/100 brn|[from] item: Leftovers\n|-damage|p1a: Roserade|79\/100 brn|[from] brn\n|upkeep\n|turn|15\n|inactive|dgosilva has 90 seconds left.\n|\n|t:|1699895589\n|move|p1a: Roserade|Leech Seed|p2a: Sir Farts'alot\n|-start|p2a: Sir Farts'alot|move: Leech Seed\n|move|p2a: Sir Farts'alot|Strange Steam|p1a: Roserade\n|-resisted|p1a: Roserade\n|-damage|p1a: Roserade|70\/100 brn\n|\n|-heal|p1a: Roserade|76\/100 brn|[from] item: Leftovers\n|-damage|p2a: Sir Farts'alot|88\/100|[from] Leech Seed|[of] p1a: Roserade\n|-heal|p1a: Roserade|88\/100 brn|[silent]\n|-damage|p1a: Roserade|82\/100 brn|[from] brn\n|upkeep\n|turn|16\n|\n|t:|1699895599\n|switch|p2a: Mononoke|Ninetales-Alola, M|100\/100\n|-weather|Snow|[from] ability: Snow Warning|[of] p2a: Mononoke\n|move|p1a: Roserade|Leech Seed|p2a: Mononoke|[miss]\n|-miss|p1a: Roserade|p2a: Mononoke\n|\n|-weather|Snow|[upkeep]\n|-heal|p1a: Roserade|88\/100 brn|[from] item: Leftovers\n|-damage|p1a: Roserade|82\/100 brn|[from] brn\n|upkeep\n|turn|17\n|\n|t:|1699895613\n|-curestatus|p1a: Roserade|brn|[from] ability: Natural Cure\n|switch|p1a: Lucario|Lucario, M|32\/100\n|move|p2a: Mononoke|Encore||[still]\n|-fail|p2a: Mononoke\n|\n|-weather|Snow|[upkeep]\n|upkeep\n|turn|18\n|\n|t:|1699895621\n|switch|p2a: My old friend|Umbreon, F|100\/100\n|move|p1a: Lucario|Bullet Punch|p2a: My old friend\n|-damage|p2a: My old friend|84\/100\n|\n|-weather|Snow|[upkeep]\n|-heal|p2a: My old friend|90\/100|[from] item: Leftovers\n|upkeep\n|turn|19\n|\n|t:|1699895628\n|switch|p1a: Roserade|Roserade, F|82\/100\n|move|p2a: My old friend|Protect||[still]\n|-fail|p2a: My old friend\n|\n|-weather|Snow|[upkeep]\n|-heal|p1a: Roserade|88\/100|[from] item: Leftovers\n|-heal|p2a: My old friend|96\/100|[from] item: Leftovers\n|upkeep\n|turn|20\n|inactive|dgosilva has 120 seconds left.\n|\n|t:|1699895634\n|move|p1a: Roserade|Leech Seed|p2a: My old friend\n|-start|p2a: My old friend|move: Leech Seed\n|move|p2a: My old friend|Foul Play|p1a: Roserade\n|-damage|p1a: Roserade|60\/100\n|\n|-weather|none\n|-heal|p1a: Roserade|67\/100|[from] item: Leftovers\n|-heal|p2a: My old friend|100\/100|[from] item: Leftovers\n|-damage|p2a: My old friend|88\/100|[from] Leech Seed|[of] p1a: Roserade\n|-heal|p1a: Roserade|82\/100|[silent]\n|upkeep\n|turn|21\n|\n|t:|1699895639\n|switch|p2a: Mononoke|Ninetales-Alola, M|100\/100\n|-weather|Snow|[from] ability: Snow Warning|[of] p2a: Mononoke\n|move|p1a: Roserade|Toxic|p2a: Mononoke\n|-status|p2a: Mononoke|tox\n|\n|-weather|Snow|[upkeep]\n|-heal|p1a: Roserade|88\/100|[from] item: Leftovers\n|-damage|p2a: Mononoke|94\/100 tox|[from] psn\n|upkeep\n|turn|22\n|\n|t:|1699895648\n|move|p2a: Mononoke|Aurora Veil|p2a: Mononoke\n|-sidestart|p2: dgosilva|move: Aurora Veil\n|move|p1a: Roserade|Leech Seed|p2a: Mononoke\n|-start|p2a: Mononoke|move: Leech Seed\n|\n|-weather|Snow|[upkeep]\n|-heal|p1a: Roserade|94\/100|[from] item: Leftovers\n|-damage|p2a: Mononoke|82\/100 tox|[from] Leech Seed|[of] p1a: Roserade\n|-heal|p1a: Roserade|100\/100|[silent]\n|-damage|p2a: Mononoke|69\/100 tox|[from] psn\n|upkeep\n|turn|23\n|\n|t:|1699895657\n|switch|p2a: My old friend|Umbreon, F|88\/100\n|move|p1a: Roserade|Leech Seed|p2a: My old friend\n|-start|p2a: My old friend|move: Leech Seed\n|\n|-weather|Snow|[upkeep]\n|-heal|p2a: My old friend|94\/100|[from] item: Leftovers\n|-damage|p2a: My old friend|82\/100|[from] Leech Seed|[of] p1a: Roserade\n|upkeep\n|turn|24\n|\n|t:|1699895662\n|move|p1a: Roserade|Toxic|p2a: My old friend\n|-status|p2a: My old friend|tox\n|-activate|p2a: My old friend|ability: Synchronize\n|-immune|p1a: Roserade\n|move|p2a: My old friend|Heal Bell|p2a: My old friend\n|-activate|p2a: My old friend|move: Heal Bell\n|-curestatus|p2a: My old friend|tox|[msg]\n|-curestatus|p2: Mononoke|tox|[msg]\n|\n|-weather|Snow|[upkeep]\n|-heal|p2a: My old friend|88\/100|[from] item: Leftovers\n|-damage|p2a: My old friend|75\/100|[from] Leech Seed|[of] p1a: Roserade\n|upkeep\n|turn|25\n|\n|t:|1699895670\n|switch|p2a: King|Arcanine-Hisui, M|100\/100\n|move|p1a: Roserade|Toxic|p2a: King\n|-status|p2a: King|tox\n|\n|-weather|none\n|-damage|p2a: King|94\/100 tox|[from] psn\n|upkeep\n|turn|26\n|\n|t:|1699895675\n|move|p1a: Roserade|Protect|p1a: Roserade\n|-singleturn|p1a: Roserade|Protect\n|move|p2a: King|Flare Blitz|p1a: Roserade\n|-activate|p1a: Roserade|move: Protect\n|\n|-damage|p2a: King|82\/100 tox|[from] psn\n|upkeep\n|turn|27\n|inactive|Icefanngs has 120 seconds left.\n|\n|t:|1699895719\n|switch|p1a: Spiritomb|Spiritomb, M|75\/100\n|move|p2a: King|Head Smash|p1a: Spiritomb\n|-damage|p1a: Spiritomb|0 fnt\n|faint|p1a: Spiritomb\n|-damage|p2a: King|72\/100 tox|[from] item: Life Orb\n|\n|-damage|p2a: King|54\/100 tox|[from] psn\n|upkeep\n|inactive|Icefanngs has 90 seconds left.\n|\n|t:|1699895772\n|switch|p1a: Garchomp|Garchomp, M|100\/100\n|turn|28\n|\n|t:|1699895776\n|switch|p2a: Sir Farts'alot|Weezing-Galar, M|88\/100\n|move|p1a: Garchomp|Swords Dance|p1a: Garchomp\n|-boost|p1a: Garchomp|atk|2\n|\n|-heal|p2a: Sir Farts'alot|94\/100|[from] item: Black Sludge\n|upkeep\n|turn|29\n|\n|t:|1699895786\n|switch|p1a: Milotic|Milotic, F|100\/100\n|move|p2a: Sir Farts'alot|Will-O-Wisp|p1a: Milotic\n|-status|p1a: Milotic|brn\n|\n|-heal|p2a: Sir Farts'alot|99\/100|[from] item: Black Sludge\n|-damage|p1a: Milotic|94\/100 brn|[from] brn\n|-sideend|p2: dgosilva|move: Aurora Veil\n|upkeep\n|turn|30\n|\n|t:|1699895792\n|move|p1a: Milotic|Scald|p2a: Sir Farts'alot\n|-damage|p2a: Sir Farts'alot|62\/100\n|move|p2a: Sir Farts'alot|Strange Steam|p1a: Milotic\n|-damage|p1a: Milotic|74\/100 brn\n|\n|-heal|p2a: Sir Farts'alot|68\/100|[from] item: Black Sludge\n|-damage|p1a: Milotic|68\/100 brn|[from] brn\n|upkeep\n|turn|31\n|\n|t:|1699895803\n|switch|p2a: My old friend|Umbreon, F|75\/100\n|move|p1a: Milotic|Scald|p2a: My old friend\n|-damage|p2a: My old friend|53\/100\n|-status|p2a: My old friend|brn\n|-activate|p2a: My old friend|ability: Synchronize\n|-fail|p1a: Milotic|brn\n|\n|-heal|p2a: My old friend|59\/100 brn|[from] item: Leftovers\n|-damage|p1a: Milotic|62\/100 brn|[from] brn\n|-damage|p2a: My old friend|53\/100 brn|[from] brn\n|upkeep\n|turn|32\n|\n|t:|1699895810\n|move|p1a: Milotic|Recover|p1a: Milotic\n|-heal|p1a: Milotic|100\/100 brn\n|move|p2a: My old friend|Heal Bell|p2a: My old friend\n|-activate|p2a: My old friend|move: Heal Bell\n|-curestatus|p2a: My old friend|brn|[msg]\n|-curestatus|p2: King|tox|[msg]\n|\n|-heal|p2a: My old friend|59\/100|[from] item: Leftovers\n|-damage|p1a: Milotic|94\/100 brn|[from] brn\n|upkeep\n|turn|33\n|\n|t:|1699895813\n|switch|p1a: Roserade|Roserade, F|100\/100\n|move|p2a: My old friend|Foul Play|p1a: Roserade\n|-damage|p1a: Roserade|72\/100\n|\n|-heal|p1a: Roserade|78\/100|[from] item: Leftovers\n|-heal|p2a: My old friend|65\/100|[from] item: Leftovers\n|upkeep\n|turn|34\n|\n|t:|1699895818\n|move|p2a: My old friend|Protect|p2a: My old friend\n|-singleturn|p2a: My old friend|Protect\n|move|p1a: Roserade|Toxic|p2a: My old friend\n|-activate|p2a: My old friend|move: Protect\n|\n|-heal|p1a: Roserade|84\/100|[from] item: Leftovers\n|-heal|p2a: My old friend|72\/100|[from] item: Leftovers\n|upkeep\n|turn|35\n|\n|t:|1699895825\n|move|p1a: Roserade|Toxic|p2a: My old friend\n|-status|p2a: My old friend|tox\n|-activate|p2a: My old friend|ability: Synchronize\n|-immune|p1a: Roserade\n|move|p2a: My old friend|Foul Play|p1a: Roserade\n|-damage|p1a: Roserade|59\/100\n|\n|-heal|p1a: Roserade|65\/100|[from] item: Leftovers\n|-heal|p2a: My old friend|78\/100 tox|[from] item: Leftovers\n|-damage|p2a: My old friend|72\/100 tox|[from] psn\n|upkeep\n|turn|36\n|\n|t:|1699895830\n|switch|p2a: Sir Farts'alot|Weezing-Galar, M|68\/100\n|move|p1a: Roserade|Leech Seed|p2a: Sir Farts'alot\n|-start|p2a: Sir Farts'alot|move: Leech Seed\n|\n|-heal|p1a: Roserade|71\/100|[from] item: Leftovers\n|-heal|p2a: Sir Farts'alot|74\/100|[from] item: Black Sludge\n|-damage|p2a: Sir Farts'alot|61\/100|[from] Leech Seed|[of] p1a: Roserade\n|-heal|p1a: Roserade|84\/100|[silent]\n|upkeep\n|turn|37\n|\n|t:|1699895841\n|switch|p2a: Mononoke|Ninetales-Alola, M|69\/100\n|-weather|Snow|[from] ability: Snow Warning|[of] p2a: Mononoke\n|move|p1a: Roserade|Leech Seed|p2a: Mononoke|[miss]\n|-miss|p1a: Roserade|p2a: Mononoke\n|\n|-weather|Snow|[upkeep]\n|-heal|p1a: Roserade|90\/100|[from] item: Leftovers\n|upkeep\n|turn|38\n|\n|t:|1699895850\n|move|p2a: Mononoke|Encore|p1a: Roserade\n|-start|p1a: Roserade|Encore\n|move|p1a: Roserade|Leech Seed|p2a: Mononoke\n|-start|p2a: Mononoke|move: Leech Seed\n|\n|-weather|Snow|[upkeep]\n|-heal|p1a: Roserade|96\/100|[from] item: Leftovers\n|-damage|p2a: Mononoke|57\/100|[from] Leech Seed|[of] p1a: Roserade\n|-heal|p1a: Roserade|100\/100|[silent]\n|upkeep\n|turn|39\n|\n|t:|1699895856\n|switch|p1a: Milotic|Milotic, F|94\/100 brn\n|move|p2a: Mononoke|Aurora Veil|p2a: Mononoke\n|-sidestart|p2: dgosilva|move: Aurora Veil\n|\n|-weather|Snow|[upkeep]\n|-damage|p2a: Mononoke|44\/100|[from] Leech Seed|[of] p1a: Milotic\n|-heal|p1a: Milotic|100\/100 brn|[silent]\n|-damage|p1a: Milotic|94\/100 brn|[from] brn\n|upkeep\n|turn|40\n|\n|t:|1699895863\n|move|p2a: Mononoke|Pain Split|p1a: Milotic\n|-sethp|p1a: Milotic|63\/100 brn|[from] move: Pain Split|[silent]\n|-sethp|p2a: Mononoke|87\/100|[from] move: Pain Split\n|move|p1a: Milotic|Scald|p2a: Mononoke\n|-damage|p2a: Mononoke|70\/100\n|\n|-weather|Snow|[upkeep]\n|-damage|p2a: Mononoke|58\/100|[from] Leech Seed|[of] p1a: Milotic\n|-heal|p1a: Milotic|73\/100 brn|[silent]\n|-damage|p1a: Milotic|66\/100 brn|[from] brn\n|upkeep\n|turn|41\n|\n|t:|1699895879\n|switch|p2a: Queen|Kingdra, F|100\/100\n|switch|p1a: Lucario|Lucario, M|32\/100\n|\n|-weather|none\n|upkeep\n|turn|42\n|\n|t:|1699895892\n|switch|p1a: Roserade|Roserade, F|100\/100\n|move|p2a: Queen|Hydro Pump|p1a: Roserade\n|-resisted|p1a: Roserade\n|-damage|p1a: Roserade|84\/100\n|\n|-heal|p1a: Roserade|90\/100|[from] item: Leftovers\n|upkeep\n|turn|43\n|\n|t:|1699895900\n|switch|p2a: My old friend|Umbreon, F|72\/100 tox\n|move|p1a: Roserade|Leech Seed|p2a: My old friend\n|-start|p2a: My old friend|move: Leech Seed\n|\n|-heal|p1a: Roserade|96\/100|[from] item: Leftovers\n|-heal|p2a: My old friend|78\/100 tox|[from] item: Leftovers\n|-damage|p2a: My old friend|65\/100 tox|[from] Leech Seed|[of] p1a: Roserade\n|-heal|p1a: Roserade|100\/100|[silent]\n|-damage|p2a: My old friend|59\/100 tox|[from] psn\n|upkeep\n|turn|44\n|\n|t:|1699895910\n|switch|p1a: Lucario|Lucario, M|32\/100\n|move|p2a: My old friend|Heal Bell|p2a: My old friend\n|-activate|p2a: My old friend|move: Heal Bell\n|-curestatus|p2a: My old friend|tox|[msg]\n|\n|-heal|p2a: My old friend|65\/100|[from] item: Leftovers\n|-damage|p2a: My old friend|53\/100|[from] Leech Seed|[of] p1a: Lucario\n|-heal|p1a: Lucario|50\/100|[silent]\n|upkeep\n|turn|45\n|\n|t:|1699895921\n|switch|p2a: Sir Farts'alot|Weezing-Galar, M|61\/100\n|move|p1a: Lucario|Close Combat|p2a: Sir Farts'alot\n|-resisted|p2a: Sir Farts'alot\n|-damage|p2a: Sir Farts'alot|54\/100\n|-unboost|p1a: Lucario|def|1\n|-unboost|p1a: Lucario|spd|1\n|\n|-heal|p2a: Sir Farts'alot|60\/100|[from] item: Black Sludge\n|upkeep\n|turn|46\n|\n|t:|1699895929\n|switch|p1a: Roserade|Roserade, F|100\/100\n|move|p2a: Sir Farts'alot|Will-O-Wisp|p1a: Roserade\n|-status|p1a: Roserade|brn\n|\n|-heal|p2a: Sir Farts'alot|66\/100|[from] item: Black Sludge\n|-damage|p1a: Roserade|94\/100 brn|[from] brn\n|-sideend|p2: dgosilva|move: Aurora Veil\n|upkeep\n|turn|47\n|\n|t:|1699895936\n|move|p1a: Roserade|Leech Seed|p2a: Sir Farts'alot\n|-start|p2a: Sir Farts'alot|move: Leech Seed\n|move|p2a: Sir Farts'alot|Strange Steam|p1a: Roserade\n|-resisted|p1a: Roserade\n|-damage|p1a: Roserade|85\/100 brn\n|-start|p1a: Roserade|confusion\n|\n|-heal|p1a: Roserade|91\/100 brn|[from] item: Leftovers\n|-heal|p2a: Sir Farts'alot|72\/100|[from] item: Black Sludge\n|-damage|p2a: Sir Farts'alot|60\/100|[from] Leech Seed|[of] p1a: Roserade\n|-heal|p1a: Roserade|100\/100 brn|[silent]\n|-damage|p1a: Roserade|94\/100 brn|[from] brn\n|upkeep\n|turn|48\n|\n|t:|1699895943\n|switch|p2a: King|Arcanine-Hisui, M|54\/100\n|-activate|p1a: Roserade|confusion\n|move|p1a: Roserade|Leech Seed|p2a: King\n|-start|p2a: King|move: Leech Seed\n|\n|-heal|p1a: Roserade|100\/100 brn|[from] item: Leftovers\n|-damage|p2a: King|42\/100|[from] Leech Seed|[of] p1a: Roserade\n|-damage|p1a: Roserade|94\/100 brn|[from] brn\n|upkeep\n|turn|49\n|\n|t:|1699895951\n|-activate|p1a: Roserade|confusion\n|move|p1a: Roserade|Protect|p1a: Roserade\n|-singleturn|p1a: Roserade|Protect\n|move|p2a: King|Flare Blitz|p1a: Roserade\n|-activate|p1a: Roserade|move: Protect\n|\n|-heal|p1a: Roserade|100\/100 brn|[from] item: Leftovers\n|-damage|p2a: King|30\/100|[from] Leech Seed|[of] p1a: Roserade\n|-damage|p1a: Roserade|94\/100 brn|[from] brn\n|upkeep\n|turn|50\n|\n|t:|1699895960\n|switch|p2a: Mononoke|Ninetales-Alola, M|58\/100\n|-weather|Snow|[from] ability: Snow Warning|[of] p2a: Mononoke\n|-curestatus|p1a: Roserade|brn|[from] ability: Natural Cure\n|switch|p1a: Milotic|Milotic, F|66\/100 brn\n|\n|-weather|Snow|[upkeep]\n|-damage|p1a: Milotic|60\/100 brn|[from] brn\n|upkeep\n|turn|51\n|\n|t:|1699895969\n|move|p2a: Mononoke|Aurora Veil|p2a: Mononoke\n|-sidestart|p2: dgosilva|move: Aurora Veil\n|move|p1a: Milotic|Recover|p1a: Milotic\n|-heal|p1a: Milotic|100\/100 brn\n|\n|-weather|Snow|[upkeep]\n|-damage|p1a: Milotic|94\/100 brn|[from] brn\n|upkeep\n|turn|52\n|\n|t:|1699895973\n|switch|p1a: Lucario|Lucario, M|50\/100\n|move|p2a: Mononoke|Encore||[still]\n|-fail|p2a: Mononoke\n|\n|-weather|Snow|[upkeep]\n|upkeep\n|turn|53\n|\n|t:|1699895980\n|switch|p2a: Sir Farts'alot|Weezing-Galar, M|60\/100\n|move|p1a: Lucario|Bullet Punch|p2a: Sir Farts'alot\n|-supereffective|p2a: Sir Farts'alot\n|-damage|p2a: Sir Farts'alot|41\/100\n|\n|-weather|Snow|[upkeep]\n|-heal|p2a: Sir Farts'alot|47\/100|[from] item: Black Sludge\n|upkeep\n|turn|54\n|\n|t:|1699895988\n|switch|p1a: Roserade|Roserade, F|94\/100\n|move|p2a: Sir Farts'alot|Strange Steam|p1a: Roserade\n|-resisted|p1a: Roserade\n|-damage|p1a: Roserade|85\/100\n|\n|-weather|none\n|-heal|p1a: Roserade|92\/100|[from] item: Leftovers\n|-heal|p2a: Sir Farts'alot|53\/100|[from] item: Black Sludge\n|upkeep\n|turn|55\n|\n|t:|1699896003\n|switch|p2a: Mononoke|Ninetales-Alola, M|58\/100\n|-weather|Snow|[from] ability: Snow Warning|[of] p2a: Mononoke\n|move|p1a: Roserade|Leech Seed|p2a: Mononoke\n|-start|p2a: Mononoke|move: Leech Seed\n|\n|-weather|Snow|[upkeep]\n|-heal|p1a: Roserade|98\/100|[from] item: Leftovers\n|-damage|p2a: Mononoke|45\/100|[from] Leech Seed|[of] p1a: Roserade\n|-heal|p1a: Roserade|100\/100|[silent]\n|upkeep\n|turn|56\n|\n|t:|1699896010\n|move|p1a: Roserade|Protect|p1a: Roserade\n|-singleturn|p1a: Roserade|Protect\n|move|p2a: Mononoke|Freeze-Dry|p1a: Roserade\n|-activate|p1a: Roserade|move: Protect\n|\n|-weather|Snow|[upkeep]\n|-damage|p2a: Mononoke|33\/100|[from] Leech Seed|[of] p1a: Roserade\n|upkeep\n|turn|57\n|\n|t:|1699896017\n|move|p2a: Mononoke|Encore|p1a: Roserade\n|-start|p1a: Roserade|Encore\n|move|p1a: Roserade|Protect||[still]\n|-fail|p1a: Roserade\n|\n|-weather|Snow|[upkeep]\n|-damage|p2a: Mononoke|20\/100|[from] Leech Seed|[of] p1a: Roserade\n|upkeep\n|turn|58\n|\n|t:|1699896033\n|switch|p2a: Queen|Kingdra, F|100\/100\n|switch|p1a: Milotic|Milotic, F|94\/100 brn\n|\n|-weather|Snow|[upkeep]\n|-damage|p1a: Milotic|88\/100 brn|[from] brn\n|-sideend|p2: dgosilva|move: Aurora Veil\n|upkeep\n|turn|59\n|\n|t:|1699896041\n|move|p2a: Queen|Focus Energy|p2a: Queen\n|-start|p2a: Queen|move: Focus Energy\n|move|p1a: Milotic|Ice Beam|p2a: Queen\n|-damage|p2a: Queen|68\/100\n|\n|-weather|none\n|-damage|p1a: Milotic|82\/100 brn|[from] brn\n|upkeep\n|turn|60\n|\n|t:|1699896049\n|move|p2a: Queen|Scale Shot|p1a: Milotic\n|-crit|p1a: Milotic\n|-damage|p1a: Milotic|71\/100 brn\n|-crit|p1a: Milotic\n|-damage|p1a: Milotic|58\/100 brn\n|-crit|p1a: Milotic\n|-damage|p1a: Milotic|44\/100 brn\n|-hitcount|p1a: Milotic|3\n|-unboost|p2a: Queen|def|1\n|-boost|p2a: Queen|spe|1\n|move|p1a: Milotic|Ice Beam|p2a: Queen\n|-damage|p2a: Queen|37\/100\n|\n|-damage|p1a: Milotic|38\/100 brn|[from] brn\n|upkeep\n|turn|61\n|\n|t:|1699896058\n|move|p2a: Queen|Draco Meteor|p1a: Milotic\n|-crit|p1a: Milotic\n|-damage|p1a: Milotic|0 fnt\n|-unboost|p2a: Queen|spa|2\n|faint|p1a: Milotic\n|\n|upkeep\n|\n|t:|1699896063\n|switch|p1a: Lucario|Lucario, M|50\/100\n|turn|62\n|\n|t:|1699896069\n|switch|p2a: My old friend|Umbreon, F|53\/100\n|move|p1a: Lucario|Extreme Speed|p2a: My old friend\n|-damage|p2a: My old friend|30\/100\n|\n|-heal|p2a: My old friend|37\/100|[from] item: Leftovers\n|upkeep\n|turn|63\n|\n|t:|1699896086\n|switch|p1a: Roserade|Roserade, F|100\/100\n|move|p2a: My old friend|Protect||[still]\n|-fail|p2a: My old friend\n|\n|-heal|p2a: My old friend|43\/100|[from] item: Leftovers\n|upkeep\n|turn|64\n|\n|t:|1699896095\n|move|p2a: My old friend|Protect|p2a: My old friend\n|-singleturn|p2a: My old friend|Protect\n|move|p1a: Roserade|Leech Seed|p2a: My old friend\n|-activate|p2a: My old friend|move: Protect\n|\n|-heal|p2a: My old friend|49\/100|[from] item: Leftovers\n|upkeep\n|turn|65\n|\n|t:|1699896107\n|switch|p2a: Mononoke|Ninetales-Alola, M|20\/100\n|-weather|Snow|[from] ability: Snow Warning|[of] p2a: Mononoke\n|move|p1a: Roserade|Leech Seed|p2a: Mononoke\n|-start|p2a: Mononoke|move: Leech Seed\n|\n|-weather|Snow|[upkeep]\n|-damage|p2a: Mononoke|8\/100|[from] Leech Seed|[of] p1a: Roserade\n|upkeep\n|turn|66\n|\n|t:|1699896115\n|move|p1a: Roserade|Protect|p1a: Roserade\n|-singleturn|p1a: Roserade|Protect\n|move|p2a: Mononoke|Aurora Veil|p2a: Mononoke\n|-sidestart|p2: dgosilva|move: Aurora Veil\n|\n|-weather|Snow|[upkeep]\n|-damage|p2a: Mononoke|0 fnt|[from] Leech Seed|[of] p1a: Roserade\n|faint|p2a: Mononoke\n|upkeep\n|\n|t:|1699896123\n|switch|p2a: King|Arcanine-Hisui, M|30\/100\n|turn|67\n|\n|t:|1699896141\n|-terastallize|p1a: Roserade|Water\n|move|p2a: King|Flare Blitz|p1a: Roserade\n|-resisted|p1a: Roserade\n|-damage|p1a: Roserade|35\/100\n|-damage|p2a: King|20\/100|[from] item: Life Orb\n|move|p1a: Roserade|Leech Seed|p2a: King\n|-start|p2a: King|move: Leech Seed\n|\n|-weather|Snow|[upkeep]\n|-heal|p1a: Roserade|42\/100|[from] item: Leftovers\n|-damage|p2a: King|7\/100|[from] Leech Seed|[of] p1a: Roserade\n|-heal|p1a: Roserade|54\/100|[silent]\n|upkeep\n|turn|68\n|\n|t:|1699896153\n|switch|p2a: Sir Farts'alot|Weezing-Galar, M|53\/100\n|move|p1a: Roserade|Protect||[still]\n|-fail|p1a: Roserade\n|\n|-weather|Snow|[upkeep]\n|-heal|p1a: Roserade|60\/100|[from] item: Leftovers\n|-heal|p2a: Sir Farts'alot|59\/100|[from] item: Black Sludge\n|upkeep\n|turn|69\n|\n|t:|1699896164\n|move|p1a: Roserade|Leech Seed|p2a: Sir Farts'alot\n|-start|p2a: Sir Farts'alot|move: Leech Seed\n|move|p2a: Sir Farts'alot|Strange Steam|p1a: Roserade\n|-damage|p1a: Roserade|42\/100\n|\n|-weather|none\n|-heal|p1a: Roserade|48\/100|[from] item: Leftovers\n|-heal|p2a: Sir Farts'alot|65\/100|[from] item: Black Sludge\n|-damage|p2a: Sir Farts'alot|53\/100|[from] Leech Seed|[of] p1a: Roserade\n|-heal|p1a: Roserade|60\/100|[silent]\n|upkeep\n|turn|70\n|\n|t:|1699896176\n|switch|p2a: My old friend|Umbreon, F|49\/100\n|move|p1a: Roserade|Protect||[still]\n|-fail|p1a: Roserade\n|\n|-heal|p1a: Roserade|67\/100|[from] item: Leftovers\n|-heal|p2a: My old friend|55\/100|[from] item: Leftovers\n|upkeep\n|turn|71\n|\n|t:|1699896184\n|switch|p2a: Sir Farts'alot|Weezing-Galar, M|53\/100\n|move|p1a: Roserade|Toxic|p2a: Sir Farts'alot\n|-immune|p2a: Sir Farts'alot\n|\n|-heal|p1a: Roserade|73\/100|[from] item: Leftovers\n|-heal|p2a: Sir Farts'alot|59\/100|[from] item: Black Sludge\n|upkeep\n|turn|72\n|\n|t:|1699896192\n|move|p1a: Roserade|Protect|p1a: Roserade\n|-singleturn|p1a: Roserade|Protect\n|move|p2a: Sir Farts'alot|Will-O-Wisp|p1a: Roserade\n|-activate|p1a: Roserade|move: Protect\n|\n|-heal|p1a: Roserade|79\/100|[from] item: Leftovers\n|-heal|p2a: Sir Farts'alot|65\/100|[from] item: Black Sludge\n|upkeep\n|turn|73\n|\n|t:|1699896196\n|move|p1a: Roserade|Giga Drain|p2a: Sir Farts'alot\n|-resisted|p2a: Sir Farts'alot\n|-damage|p2a: Sir Farts'alot|55\/100\n|-heal|p1a: Roserade|84\/100|[from] drain|[of] p2a: Sir Farts'alot\n|move|p2a: Sir Farts'alot|Will-O-Wisp|p1a: Roserade\n|-status|p1a: Roserade|brn\n|\n|-heal|p1a: Roserade|90\/100 brn|[from] item: Leftovers\n|-heal|p2a: Sir Farts'alot|61\/100|[from] item: Black Sludge\n|-damage|p1a: Roserade|84\/100 brn|[from] brn\n|-sideend|p2: dgosilva|move: Aurora Veil\n|upkeep\n|turn|74\n|\n|t:|1699896207\n|move|p1a: Roserade|Giga Drain|p2a: Sir Farts'alot\n|-resisted|p2a: Sir Farts'alot\n|-damage|p2a: Sir Farts'alot|45\/100\n|-heal|p1a: Roserade|92\/100 brn|[from] drain|[of] p2a: Sir Farts'alot\n|move|p2a: Sir Farts'alot|Strange Steam|p1a: Roserade\n|-damage|p1a: Roserade|72\/100 brn\n|\n|-heal|p1a: Roserade|78\/100 brn|[from] item: Leftovers\n|-heal|p2a: Sir Farts'alot|50\/100|[from] item: Black Sludge\n|-damage|p1a: Roserade|72\/100 brn|[from] brn\n|upkeep\n|turn|75\n|\n|t:|1699896218\n|move|p1a: Roserade|Giga Drain|p2a: Sir Farts'alot\n|-resisted|p2a: Sir Farts'alot\n|-crit|p2a: Sir Farts'alot\n|-damage|p2a: Sir Farts'alot|24\/100\n|-heal|p1a: Roserade|85\/100 brn|[from] drain|[of] p2a: Sir Farts'alot\n|move|p2a: Sir Farts'alot|Strange Steam|p1a: Roserade\n|-damage|p1a: Roserade|64\/100 brn\n|\n|-heal|p1a: Roserade|70\/100 brn|[from] item: Leftovers\n|-heal|p2a: Sir Farts'alot|30\/100|[from] item: Black Sludge\n|-damage|p1a: Roserade|64\/100 brn|[from] brn\n|upkeep\n|turn|76\n|\n|t:|1699896229\n|switch|p2a: My old friend|Umbreon, F|55\/100\n|move|p1a: Roserade|Giga Drain|p2a: My old friend\n|-damage|p2a: My old friend|35\/100\n|-heal|p1a: Roserade|76\/100 brn|[from] drain|[of] p2a: My old friend\n|\n|-heal|p1a: Roserade|83\/100 brn|[from] item: Leftovers\n|-heal|p2a: My old friend|41\/100|[from] item: Leftovers\n|-damage|p1a: Roserade|76\/100 brn|[from] brn\n|upkeep\n|turn|77\n|\n|t:|1699896239\n|-curestatus|p1a: Roserade|brn|[from] ability: Natural Cure\n|switch|p1a: Garchomp|Garchomp, M|100\/100\n|move|p2a: My old friend|Protect||[still]\n|-fail|p2a: My old friend\n|\n|-heal|p2a: My old friend|47\/100|[from] item: Leftovers\n|upkeep\n|turn|78\n|\n|t:|1699896243\n|move|p1a: Garchomp|Swords Dance|p1a: Garchomp\n|-boost|p1a: Garchomp|atk|2\n|move|p2a: My old friend|Foul Play|p1a: Garchomp\n|-damage|p1a: Garchomp|10\/100\n|-damage|p2a: My old friend|35\/100|[from] ability: Rough Skin|[of] p1a: Garchomp\n|-enditem|p1a: Garchomp|Salac Berry|[eat]\n|-boost|p1a: Garchomp|spe|1|[from] item: Salac Berry\n|\n|-heal|p2a: My old friend|41\/100|[from] item: Leftovers\n|upkeep\n|turn|79\n|\n|t:|1699896252\n|move|p1a: Garchomp|Earthquake|p2a: My old friend\n|-damage|p2a: My old friend|0 fnt\n|faint|p2a: My old friend\n|\n|upkeep\n|\n|t:|1699896255\n|switch|p2a: King|Arcanine-Hisui, M|7\/100\n|turn|80\n|\n|t:|1699896260\n|move|p1a: Garchomp|Endure|p1a: Garchomp\n|-singleturn|p1a: Garchomp|move: Endure\n|move|p2a: King|Extreme Speed|p1a: Garchomp\n|-crit|p1a: Garchomp\n|-activate|p1a: Garchomp|move: Endure\n|-damage|p1a: Garchomp|1\/100\n|-damage|p2a: King|0 fnt|[from] ability: Rough Skin|[of] p1a: Garchomp\n|faint|p2a: King\n|\n|upkeep\n|\n|t:|1699896271\n|switch|p2a: Queen|Kingdra, F|37\/100\n|turn|81\n|\n|t:|1699896277\n|-terastallize|p2a: Queen|Fairy\n|move|p1a: Garchomp|Earthquake|p2a: Queen\n|-damage|p2a: Queen|0 fnt\n|faint|p2a: Queen\n|\n|upkeep\n|c|\u2606dgosilva|gg\n|\n|t:|1699896284\n|switch|p2a: Sir Farts'alot|Weezing-Galar, M|30\/100\n|turn|82\n|\n|t:|1699896286\n|move|p1a: Garchomp|Earthquake|p2a: Sir Farts'alot\n|-immune|p2a: Sir Farts'alot|[from] ability: Levitate\n|move|p2a: Sir Farts'alot|Strange Steam|p1a: Garchomp\n|-supereffective|p1a: Garchomp\n|-crit|p1a: Garchomp\n|-damage|p1a: Garchomp|0 fnt\n|faint|p1a: Garchomp\n|\n|-heal|p2a: Sir Farts'alot|36\/100|[from] item: Black Sludge\n|upkeep\n|\n|t:|1699896300\n|switch|p1a: Lucario|Lucario, M|50\/100\n|turn|83\n|\n|t:|1699896305\n|move|p1a: Lucario|Bullet Punch|p2a: Sir Farts'alot\n|-supereffective|p2a: Sir Farts'alot\n|-damage|p2a: Sir Farts'alot|0 fnt\n|faint|p2a: Sir Farts'alot\n|\n|win|Icefanngs\n|raw|Icefanngs's rating: 1371 &rarr; <strong>1395<\/strong><br \/>(+24 for winning)\n|raw|dgosilva's rating: 1439 &rarr; <strong>1415<\/strong><br \/>(-24 for losing)\n|l|\u2606dgosilva\n|c|\u2606Icefanngs|Gg\n","uploadtime":1699896328,"views":3,"p1id":"icefanngs","p2id":"dgosilva","formatid":"gen9nationaldex","rating":1395,"private":0,"password":""}