{"id":"gen9nationaldex-1999137987","p1":"Flames98765","p2":"IcyZoroark","format":"[Gen 9] National Dex","log":"|html|<div class=\"broadcast-blue\"><strong>[Gen 9] National Dex is currently suspecting Sneasler! For information on how to participate check out the <a href=\"https:\/\/www.smogon.com\/forums\/threads\/sv-national-dex-suspect-8-just-dance.3731534\/\">suspect thread<\/a>.<\/strong><\/div>\n|j|\u2606Flames98765\n|j|\u2606IcyZoroark\n|t:|1701037276\n|gametype|singles\n|player|p1|Flames98765|jasmine|\n|player|p2|IcyZoroark|169|\n|teamsize|p1|6\n|teamsize|p2|6\n|gen|9\n|tier|[Gen 9] National Dex\n|rule|HP Percentage Mod: HP is shown in percentages\n|rule|Endless Battle Clause: Forcing endless battles is banned\n|rule|OHKO Clause: OHKO moves are banned\n|rule|Evasion Clause: Evasion abilities, items, and moves are banned\n|rule|Evasion Abilities Clause: Evasion abilities are banned\n|rule|Evasion Items Clause: Evasion items are banned\n|rule|Evasion Moves Clause: Evasion moves are banned\n|rule|Species Clause: Limit one of each Pok\u00e9mon\n|rule|Sleep Clause Mod: Limit one foe put to sleep\n|clearpoke\n|poke|p1|Victini|\n|poke|p1|Tapu Lele|\n|poke|p1|Slowbro-Galar, M|\n|poke|p1|Latios, M|\n|poke|p1|Jirachi|\n|poke|p1|Claydol|\n|poke|p2|Volcarona, F|\n|poke|p2|Gyarados, F|\n|poke|p2|Landorus-Therian, M|\n|poke|p2|Rillaboom, F|\n|poke|p2|Heatran, F|\n|poke|p2|Dragonite, F|\n|teampreview\n|inactive|Battle timer is ON: inactive players will automatically lose when time's up. (requested by IcyZoroark)\n|inactive|Flames98765 has 270 seconds left.\n|\n|t:|1701037316\n|start\n|switch|p1a: Tapu Lele|Tapu Lele|100\/100\n|switch|p2a: Gyarados|Gyarados, F, shiny|100\/100\n|-fieldstart|move: Psychic Terrain|[from] ability: Psychic Surge|[of] p1a: Tapu Lele\n|-ability|p2a: Gyarados|Intimidate|boost\n|-unboost|p1a: Tapu Lele|atk|1\n|turn|1\n|\n|t:|1701037332\n|switch|p2a: Heatran|Heatran, F, shiny|100\/100\n|move|p1a: Tapu Lele|Moonblast|p2a: Heatran\n|-resisted|p2a: Heatran\n|-damage|p2a: Heatran|89\/100\n|-unboost|p2a: Heatran|spa|1\n|\n|-heal|p2a: Heatran|95\/100|[from] item: Leftovers\n|upkeep\n|turn|2\n|\n|t:|1701037345\n|switch|p1a: Latios|Latios, M|100\/100\n|move|p2a: Heatran|Taunt|p1a: Latios\n|-start|p1a: Latios|move: Taunt\n|\n|-heal|p2a: Heatran|100\/100|[from] item: Leftovers\n|upkeep\n|turn|3\n|\n|t:|1701037361\n|detailschange|p1a: Latios|Latios-Mega, M\n|-mega|p1a: Latios|Latios|Latiosite\n|move|p1a: Latios|Earthquake|p2a: Heatran\n|-supereffective|p2a: Heatran\n|-damage|p2a: Heatran|0 fnt\n|faint|p2a: Heatran\n|\n|upkeep\n|\n|t:|1701037374\n|switch|p2a: Landorus|Landorus-Therian, M, shiny|100\/100\n|-ability|p2a: Landorus|Intimidate|boost\n|-unboost|p1a: Latios|atk|1\n|turn|4\n|\n|t:|1701037385\n|switch|p1a: Claydol|Claydol|100\/100\n|move|p2a: Landorus|Defog|p1a: Claydol\n|-unboost|p1a: Claydol|evasion|1\n|-fieldend|move: Psychic Terrain\n|\n|upkeep\n|turn|5\n|\n|t:|1701037397\n|move|p2a: Landorus|Toxic|p1a: Claydol\n|-status|p1a: Claydol|tox\n|move|p1a: Claydol|Rapid Spin|p2a: Landorus\n|-damage|p2a: Landorus|92\/100\n|-boost|p1a: Claydol|spe|1\n|-damage|p1a: Claydol|84\/100 tox|[from] item: Rocky Helmet|[of] p2a: Landorus\n|\n|-heal|p1a: Claydol|90\/100 tox|[from] item: Leftovers\n|-damage|p1a: Claydol|84\/100 tox|[from] psn\n|upkeep\n|turn|6\n|\n|t:|1701037408\n|move|p2a: Landorus|U-turn|p1a: Claydol\n|-supereffective|p1a: Claydol\n|-damage|p1a: Claydol|40\/100 tox\n|\n|t:|1701037412\n|switch|p2a: Gyarados|Gyarados, F, shiny|100\/100|[from] U-turn\n|-ability|p2a: Gyarados|Intimidate|boost\n|-unboost|p1a: Claydol|atk|1\n|move|p1a: Claydol|Teleport|p1a: Claydol\n|\n|t:|1701037420\n|switch|p1a: Tapu Lele|Tapu Lele|100\/100|[from] Teleport\n|-fieldstart|move: Psychic Terrain|[from] ability: Psychic Surge|[of] p1a: Tapu Lele\n|\n|upkeep\n|turn|7\n|\n|t:|1701037435\n|move|p1a: Tapu Lele|Moonblast|p2a: Gyarados\n|-damage|p2a: Gyarados|20\/100\n|move|p2a: Gyarados|Dragon Dance|p2a: Gyarados\n|-boost|p2a: Gyarados|atk|1\n|-boost|p2a: Gyarados|spe|1\n|\n|upkeep\n|turn|8\n|inactive|Flames98765 has 270 seconds left.\n|\n|t:|1701037480\n|switch|p1a: Slowbro|Slowbro-Galar, M|100\/100\n|detailschange|p2a: Gyarados|Gyarados-Mega, F, shiny\n|-mega|p2a: Gyarados|Gyarados|Gyaradosite\n|-ability|p2a: Gyarados|Mold Breaker\n|move|p2a: Gyarados|Crunch|p1a: Slowbro\n|-supereffective|p1a: Slowbro\n|-damage|p1a: Slowbro|0 fnt\n|faint|p1a: Slowbro\n|\n|upkeep\n|\n|t:|1701037490\n|switch|p1a: Victini|Victini|100\/100\n|turn|9\n|\n|t:|1701037496\n|move|p1a: Victini|U-turn|p2a: Gyarados\n|-supereffective|p2a: Gyarados\n|-damage|p2a: Gyarados|0 fnt\n|faint|p2a: Gyarados\n|\n|t:|1701037510\n|switch|p1a: Tapu Lele|Tapu Lele|100\/100|[from] U-turn\n|\n|upkeep\n|\n|t:|1701037520\n|switch|p2a: Dragonite|Dragonite, F, shiny|100\/100\n|turn|10\n|\n|t:|1701037529\n|switch|p2a: Volcarona|Volcarona, F, shiny|100\/100\n|move|p1a: Tapu Lele|Psychic|p2a: Volcarona\n|-damage|p2a: Volcarona|1\/100\n|\n|-fieldend|move: Psychic Terrain\n|upkeep\n|turn|11\n|inactive|Flames98765 has 270 seconds left.\n|\n|t:|1701037541\n|switch|p1a: Victini|Victini|100\/100\n|move|p2a: Volcarona|Bug Buzz|p1a: Victini\n|-damage|p1a: Victini|51\/100\n|\n|upkeep\n|turn|12\n|\n|t:|1701037549\n|switch|p2a: Landorus|Landorus-Therian, M, shiny|92\/100\n|-ability|p2a: Landorus|Intimidate|boost\n|-unboost|p1a: Victini|atk|1\n|move|p1a: Victini|U-turn|p2a: Landorus\n|-resisted|p2a: Landorus\n|-damage|p2a: Landorus|87\/100\n|-damage|p1a: Victini|35\/100|[from] item: Rocky Helmet|[of] p2a: Landorus\n|\n|t:|1701037558\n|switch|p1a: Tapu Lele|Tapu Lele|100\/100|[from] U-turn\n|-fieldstart|move: Psychic Terrain|[from] ability: Psychic Surge|[of] p1a: Tapu Lele\n|\n|upkeep\n|turn|13\n|\n|t:|1701037564\n|switch|p2a: Rillaboom|Rillaboom, F, shiny|100\/100\n|-fieldstart|move: Grassy Terrain|[from] ability: Grassy Surge|[of] p2a: Rillaboom\n|move|p1a: Tapu Lele|Psychic|p2a: Rillaboom\n|-damage|p2a: Rillaboom|7\/100\n|\n|-heal|p2a: Rillaboom|13\/100|[from] Grassy Terrain\n|upkeep\n|turn|14\n|\n|t:|1701037576\n|move|p1a: Tapu Lele|Psychic|p2a: Rillaboom\n|-damage|p2a: Rillaboom|0 fnt\n|faint|p2a: Rillaboom\n|\n|upkeep\n|\n|t:|1701037587\n|switch|p2a: Landorus|Landorus-Therian, M, shiny|87\/100\n|-ability|p2a: Landorus|Intimidate|boost\n|-unboost|p1a: Tapu Lele|atk|1\n|turn|15\n|\n|t:|1701037607\n|switch|p1a: Claydol|Claydol|40\/100 tox\n|move|p2a: Landorus|U-turn|p1a: Claydol\n|-supereffective|p1a: Claydol\n|-damage|p1a: Claydol|0 fnt\n|faint|p1a: Claydol\n|\n|t:|1701037619\n|switch|p2a: Volcarona|Volcarona, F, shiny|1\/100|[from] U-turn\n|\n|-heal|p2a: Volcarona|7\/100|[from] Grassy Terrain\n|upkeep\n|\n|t:|1701037625\n|switch|p1a: Victini|Victini|35\/100\n|turn|16\n|\n|t:|1701037629\n|switch|p2a: Landorus|Landorus-Therian, M, shiny|87\/100\n|-ability|p2a: Landorus|Intimidate|boost\n|-unboost|p1a: Victini|atk|1\n|move|p1a: Victini|U-turn|p2a: Landorus\n|-resisted|p2a: Landorus\n|-damage|p2a: Landorus|83\/100\n|-damage|p1a: Victini|18\/100|[from] item: Rocky Helmet|[of] p2a: Landorus\n|\n|t:|1701037638\n|switch|p1a: Tapu Lele|Tapu Lele|100\/100|[from] U-turn\n|-fieldstart|move: Psychic Terrain|[from] ability: Psychic Surge|[of] p1a: Tapu Lele\n|\n|upkeep\n|turn|17\n|\n|t:|1701037646\n|move|p1a: Tapu Lele|Psychic|p2a: Landorus\n|-damage|p2a: Landorus|0 fnt\n|faint|p2a: Landorus\n|\n|upkeep\n|\n|t:|1701037653\n|switch|p2a: Dragonite|Dragonite, F, shiny|100\/100\n|turn|18\n|\n|t:|1701037660\n|move|p1a: Tapu Lele|Psychic|p2a: Dragonite\n|-damage|p2a: Dragonite|53\/100\n|move|p2a: Dragonite|Dragon Dance|p2a: Dragonite\n|-boost|p2a: Dragonite|atk|1\n|-boost|p2a: Dragonite|spe|1\n|\n|upkeep\n|turn|19\n|\n|t:|1701037679\n|switch|p1a: Latios|Latios-Mega, M|100\/100\n|move|p2a: Dragonite|Ice Spinner|p1a: Latios\n|-supereffective|p1a: Latios\n|-damage|p1a: Latios|0 fnt\n|-fieldend|move: Psychic Terrain\n|faint|p1a: Latios\n|\n|upkeep\n|\n|t:|1701037698\n|switch|p1a: Tapu Lele|Tapu Lele|100\/100\n|-fieldstart|move: Psychic Terrain|[from] ability: Psychic Surge|[of] p1a: Tapu Lele\n|turn|20\n|\n|t:|1701037710\n|-terastallize|p1a: Tapu Lele|Fighting\n|move|p2a: Dragonite|Earthquake|p1a: Tapu Lele\n|-damage|p1a: Tapu Lele|4\/100\n|move|p1a: Tapu Lele|Psychic|p2a: Dragonite\n|-damage|p2a: Dragonite|0 fnt\n|faint|p2a: Dragonite\n|\n|upkeep\n|\n|t:|1701037720\n|switch|p2a: Volcarona|Volcarona, F, shiny|7\/100\n|turn|21\n|\n|t:|1701037727\n|move|p2a: Volcarona|Bug Buzz|p1a: Tapu Lele\n|-resisted|p1a: Tapu Lele\n|-damage|p1a: Tapu Lele|0 fnt\n|faint|p1a: Tapu Lele\n|\n|upkeep\n|\n|t:|1701037732\n|switch|p1a: Victini|Victini|18\/100\n|turn|22\n|\n|t:|1701037737\n|move|p1a: Victini|U-turn|p2a: Volcarona\n|-resisted|p2a: Volcarona\n|-damage|p2a: Volcarona|0 fnt\n|faint|p2a: Volcarona\n|\n|win|Flames98765\n","uploadtime":1701037746,"views":94,"p1id":"flames98765","p2id":"icyzoroark","formatid":"gen9nationaldex","rating":0,"private":0,"password":""}