{"id":"gen9nationaldex-1989045828","p1":"Clearster","p2":"duckayz_","format":"[Gen 9] National Dex","log":"|j|\u2606Clearster\n|j|\u2606duckayz_\n|t:|1699806104\n|gametype|singles\n|player|p1|Clearster|byron|1090\n|player|p2|duckayz_|lady|1058\n|teamsize|p1|6\n|teamsize|p2|6\n|gen|9\n|tier|[Gen 9] National Dex\n|rated|\n|rule|HP Percentage Mod: HP is shown in percentages\n|rule|Endless Battle Clause: Forcing endless battles is banned\n|rule|OHKO Clause: OHKO moves are banned\n|rule|Evasion Clause: Evasion abilities, items, and moves are banned\n|rule|Evasion Abilities Clause: Evasion abilities are banned\n|rule|Evasion Items Clause: Evasion items are banned\n|rule|Evasion Moves Clause: Evasion moves are banned\n|rule|Species Clause: Limit one of each Pok\u00e9mon\n|rule|Sleep Clause Mod: Limit one foe put to sleep\n|clearpoke\n|poke|p1|Rotom-Wash|\n|poke|p1|Minior-Orange|\n|poke|p1|Galvantula, M|\n|poke|p1|Serperior, M|\n|poke|p1|Porygon-Z|\n|poke|p1|Runerigus, M|\n|poke|p2|Clodsire, M|\n|poke|p2|Moltres|\n|poke|p2|Tapu Fini|\n|poke|p2|Rillaboom, F|\n|poke|p2|Urshifu-*, M|\n|poke|p2|Diancie|\n|teampreview\n|\n|t:|1699806126\n|start\n|switch|p1a: Green|Serperior, M|100\/100\n|switch|p2a: Rillaboom|Rillaboom, F|100\/100\n|-fieldstart|move: Grassy Terrain|[from] ability: Grassy Surge|[of] p2a: Rillaboom\n|turn|1\n|\n|t:|1699806136\n|move|p1a: Green|Leaf Storm|p2a: Rillaboom\n|-resisted|p2a: Rillaboom\n|-damage|p2a: Rillaboom|58\/100\n|-boost|p1a: Green|spa|2\n|move|p2a: Rillaboom|U-turn|p1a: Green\n|-supereffective|p1a: Green\n|-damage|p1a: Green|8\/100\n|\n|t:|1699806141\n|switch|p2a: Urshifu|Urshifu-Rapid-Strike, M|100\/100|[from] U-turn\n|\n|-heal|p1a: Green|14\/100|[from] Grassy Terrain\n|-heal|p1a: Green|20\/100|[from] item: Leftovers\n|upkeep\n|turn|2\n|\n|t:|1699806161\n|move|p2a: Urshifu|Ice Spinner|p1a: Green\n|-supereffective|p1a: Green\n|-damage|p1a: Green|0 fnt\n|-fieldend|move: Grassy Terrain\n|faint|p1a: Green\n|\n|upkeep\n|\n|t:|1699806177\n|switch|p1a: Yellow|Galvantula, M|100\/100\n|turn|3\n|\n|t:|1699806183\n|move|p2a: Urshifu|Ice Spinner|p1a: Yellow\n|-damage|p1a: Yellow|49\/100\n|move|p1a: Yellow|Sticky Web|p2a: Urshifu\n|-sidestart|p2: duckayz_|move: Sticky Web\n|\n|upkeep\n|turn|4\n|\n|t:|1699806189\n|move|p2a: Urshifu|Ice Spinner|p1a: Yellow\n|-damage|p1a: Yellow|0 fnt\n|faint|p1a: Yellow\n|\n|upkeep\n|\n|t:|1699806192\n|switch|p1a: Red|Rotom-Wash, shiny|100\/100\n|turn|5\n|\n|t:|1699806201\n|switch|p2a: Clodsire|Clodsire, M|100\/100\n|-activate|p2a: Clodsire|move: Sticky Web\n|-unboost|p2a: Clodsire|spe|1\n|move|p1a: Red|Will-O-Wisp|p2a: Clodsire\n|-status|p2a: Clodsire|brn\n|\n|-damage|p2a: Clodsire|94\/100 brn|[from] brn\n|upkeep\n|turn|6\n|\n|t:|1699806210\n|move|p1a: Red|Hydro Pump|p2a: Clodsire\n|-heal|p2a: Clodsire|100\/100 brn|[from] ability: Water Absorb|[of] p1a: Red\n|move|p2a: Clodsire|Toxic Spikes|p1a: Red\n|-sidestart|p1: Clearster|move: Toxic Spikes\n|\n|-damage|p2a: Clodsire|94\/100 brn|[from] brn\n|upkeep\n|turn|7\n|\n|t:|1699806246\n|switch|p1a: Orange|Minior-Orange|100\/100\n|-formechange|p1a: Orange|Minior-Meteor||[from] ability: Shields Down\n|move|p2a: Clodsire|Gunk Shot|p1a: Orange\n|-resisted|p1a: Orange\n|-damage|p1a: Orange|91\/100\n|\n|-heal|p2a: Clodsire|100\/100 brn|[from] item: Leftovers\n|-damage|p2a: Clodsire|94\/100 brn|[from] brn\n|upkeep\n|turn|8\n|\n|t:|1699806265\n|switch|p2a: Urshifu|Urshifu-Rapid-Strike, M|100\/100\n|-activate|p2a: Urshifu|move: Sticky Web\n|-unboost|p2a: Urshifu|spe|1\n|move|p1a: Orange|Shell Smash|p1a: Orange\n|-unboost|p1a: Orange|def|1\n|-unboost|p1a: Orange|spd|1\n|-boost|p1a: Orange|atk|2\n|-boost|p1a: Orange|spa|2\n|-boost|p1a: Orange|spe|2\n|-enditem|p1a: Orange|White Herb\n|-clearnegativeboost|p1a: Orange|[silent]\n|\n|upkeep\n|turn|9\n|c|\u2606duckayz_|gulp\n|\n|t:|1699806277\n|move|p1a: Orange|Acrobatics|p2a: Urshifu\n|-supereffective|p2a: Urshifu\n|-damage|p2a: Urshifu|0 fnt\n|faint|p2a: Urshifu\n|\n|upkeep\n|\n|t:|1699806283\n|switch|p2a: Rillaboom|Rillaboom, F|58\/100\n|-activate|p2a: Rillaboom|move: Sticky Web\n|-unboost|p2a: Rillaboom|spe|1\n|-fieldstart|move: Grassy Terrain|[from] ability: Grassy Surge|[of] p2a: Rillaboom\n|turn|10\n|\n|t:|1699806288\n|move|p2a: Rillaboom|Grassy Glide|p1a: Orange\n|-damage|p1a: Orange|18\/100\n|move|p1a: Orange|Acrobatics|p2a: Rillaboom\n|-supereffective|p2a: Rillaboom\n|-damage|p2a: Rillaboom|0 fnt\n|faint|p2a: Rillaboom\n|\n|-formechange|p1a: Orange|Minior-Orange||[from] ability: Shields Down\n|upkeep\n|\n|t:|1699806301\n|switch|p2a: Tapu Fini|Tapu Fini|100\/100\n|-activate|p2a: Tapu Fini|move: Sticky Web\n|-unboost|p2a: Tapu Fini|spe|1\n|-fieldstart|move: Misty Terrain|[from] ability: Misty Surge|[of] p2a: Tapu Fini\n|turn|11\n|\n|t:|1699806308\n|move|p1a: Orange|Acrobatics|p2a: Tapu Fini\n|-damage|p2a: Tapu Fini|34\/100\n|move|p2a: Tapu Fini|Surf|p1a: Orange\n|-supereffective|p1a: Orange\n|-damage|p1a: Orange|0 fnt\n|faint|p1a: Orange\n|\n|-heal|p2a: Tapu Fini|40\/100|[from] item: Leftovers\n|upkeep\n|\n|t:|1699806313\n|switch|p1a: Red|Rotom-Wash, shiny|100\/100\n|turn|12\n|\n|t:|1699806326\n|switch|p1a: Purple|Runerigus, M, shiny|100\/100\n|switch|p2a: Clodsire|Clodsire, M|94\/100 brn\n|-activate|p2a: Clodsire|move: Sticky Web\n|-unboost|p2a: Clodsire|spe|1\n|\n|-heal|p2a: Clodsire|100\/100 brn|[from] item: Leftovers\n|-damage|p2a: Clodsire|94\/100 brn|[from] brn\n|upkeep\n|turn|13\n|\n|t:|1699806338\n|move|p1a: Purple|Earth Power|p2a: Clodsire\n|-supereffective|p2a: Clodsire\n|-damage|p2a: Clodsire|74\/100 brn\n|move|p2a: Clodsire|Gunk Shot|p1a: Purple\n|-resisted|p1a: Purple\n|-damage|p1a: Purple|98\/100\n|\n|-heal|p1a: Purple|100\/100|[from] item: Leftovers\n|-heal|p2a: Clodsire|81\/100 brn|[from] item: Leftovers\n|-damage|p2a: Clodsire|74\/100 brn|[from] brn\n|upkeep\n|turn|14\n|\n|t:|1699806347\n|switch|p2a: Tapu Fini|Tapu Fini|40\/100\n|-activate|p2a: Tapu Fini|move: Sticky Web\n|-unboost|p2a: Tapu Fini|spe|1\n|move|p1a: Purple|Earth Power|p2a: Tapu Fini\n|-damage|p2a: Tapu Fini|25\/100\n|\n|-heal|p2a: Tapu Fini|31\/100|[from] item: Leftovers\n|upkeep\n|turn|15\n|\n|t:|1699806354\n|switch|p1a: Red|Rotom-Wash, shiny|100\/100\n|move|p2a: Tapu Fini|Draining Kiss|p1a: Red\n|-damage|p1a: Red|84\/100\n|-heal|p2a: Tapu Fini|42\/100|[from] drain|[of] p1a: Red\n|\n|-heal|p1a: Red|90\/100|[from] item: Leftovers\n|-heal|p2a: Tapu Fini|48\/100|[from] item: Leftovers\n|-fieldend|Misty Terrain\n|upkeep\n|turn|16\n|\n|t:|1699806361\n|switch|p2a: Diancie|Diancie|100\/100\n|-activate|p2a: Diancie|move: Sticky Web\n|-fail|p2a: Diancie|unboost|[from] ability: Clear Body|[of] p2a: Diancie\n|move|p1a: Red|Volt Switch|p2a: Diancie\n|-crit|p2a: Diancie\n|-damage|p2a: Diancie|63\/100\n|\n|t:|1699806367\n|switch|p1a: Blue|Porygon-Z, shiny|100\/100|[from] Volt Switch\n|-status|p1a: Blue|psn\n|\n|-damage|p1a: Blue|88\/100 psn|[from] psn\n|upkeep\n|turn|17\n|\n|t:|1699806378\n|detailschange|p2a: Diancie|Diancie-Mega\n|-mega|p2a: Diancie|Diancie|Diancite\n|move|p2a: Diancie|Body Press|p1a: Blue\n|-supereffective|p1a: Blue\n|-damage|p1a: Blue|32\/100 psn\n|-zpower|p1a: Blue\n|move|p1a: Blue|Z-Conversion|p1a: Blue|[anim]Conversion\n|-boost|p1a: Blue|atk|1|[zeffect]\n|-boost|p1a: Blue|def|1|[zeffect]\n|-boost|p1a: Blue|spa|1|[zeffect]\n|-boost|p1a: Blue|spd|1|[zeffect]\n|-boost|p1a: Blue|spe|1|[zeffect]\n|-start|p1a: Blue|typechange|Electric\n|\n|-damage|p1a: Blue|20\/100 psn|[from] psn\n|upkeep\n|turn|18\n|\n|t:|1699806385\n|move|p1a: Blue|Thunderbolt|p2a: Diancie\n|-damage|p2a: Diancie|0 fnt\n|faint|p2a: Diancie\n|\n|-damage|p1a: Blue|8\/100 psn|[from] psn\n|upkeep\n|\n|t:|1699806391\n|switch|p2a: Moltres|Moltres|100\/100\n|turn|19\n|\n|t:|1699806399\n|move|p1a: Blue|Thunderbolt|p2a: Moltres\n|-supereffective|p2a: Moltres\n|-damage|p2a: Moltres|0 fnt\n|faint|p2a: Moltres\n|\n|-damage|p1a: Blue|0 fnt|[from] psn\n|faint|p1a: Blue\n|upkeep\n|\n|t:|1699806405\n|switch|p1a: Red|Rotom-Wash, shiny|90\/100\n|switch|p2a: Clodsire|Clodsire, M|74\/100 brn\n|-activate|p2a: Clodsire|move: Sticky Web\n|-unboost|p2a: Clodsire|spe|1\n|turn|20\n|\n|t:|1699806416\n|switch|p1a: Purple|Runerigus, M, shiny|100\/100\n|-status|p1a: Purple|psn\n|move|p2a: Clodsire|Gunk Shot|p1a: Purple|[miss]\n|-miss|p2a: Clodsire|p1a: Purple\n|\n|-heal|p2a: Clodsire|81\/100 brn|[from] item: Leftovers\n|-damage|p1a: Purple|88\/100 psn|[from] psn\n|-damage|p2a: Clodsire|74\/100 brn|[from] brn\n|upkeep\n|turn|21\n|\n|t:|1699806428\n|move|p1a: Purple|Hex|p2a: Clodsire\n|-damage|p2a: Clodsire|61\/100 brn\n|move|p2a: Clodsire|Gunk Shot|p1a: Purple|[miss]\n|-miss|p2a: Clodsire|p1a: Purple\n|\n|-heal|p1a: Purple|94\/100 psn|[from] item: Leftovers\n|-heal|p2a: Clodsire|68\/100 brn|[from] item: Leftovers\n|-damage|p1a: Purple|82\/100 psn|[from] psn\n|-damage|p2a: Clodsire|61\/100 brn|[from] brn\n|upkeep\n|turn|22\n|\n|t:|1699806433\n|move|p1a: Purple|Earth Power|p2a: Clodsire\n|-supereffective|p2a: Clodsire\n|-damage|p2a: Clodsire|42\/100 brn\n|move|p2a: Clodsire|Gunk Shot|p1a: Purple\n|-resisted|p1a: Purple\n|-damage|p1a: Purple|79\/100 psn\n|\n|-heal|p1a: Purple|85\/100 psn|[from] item: Leftovers\n|-heal|p2a: Clodsire|48\/100 brn|[from] item: Leftovers\n|-damage|p1a: Purple|72\/100 psn|[from] psn\n|-damage|p2a: Clodsire|42\/100 brn|[from] brn\n|upkeep\n|turn|23\n|\n|t:|1699806441\n|move|p1a: Purple|Earth Power|p2a: Clodsire\n|-supereffective|p2a: Clodsire\n|-damage|p2a: Clodsire|22\/100 brn\n|move|p2a: Clodsire|Recover|p2a: Clodsire\n|-heal|p2a: Clodsire|72\/100 brn\n|\n|-heal|p1a: Purple|79\/100 psn|[from] item: Leftovers\n|-heal|p2a: Clodsire|79\/100 brn|[from] item: Leftovers\n|-damage|p1a: Purple|66\/100 psn|[from] psn\n|-damage|p2a: Clodsire|72\/100 brn|[from] brn\n|upkeep\n|turn|24\n|\n|t:|1699806446\n|move|p1a: Purple|Earth Power|p2a: Clodsire\n|-supereffective|p2a: Clodsire\n|-damage|p2a: Clodsire|51\/100 brn\n|move|p2a: Clodsire|Recover|p2a: Clodsire\n|-heal|p2a: Clodsire|100\/100 brn\n|\n|-heal|p1a: Purple|72\/100 psn|[from] item: Leftovers\n|-damage|p1a: Purple|60\/100 psn|[from] psn\n|-damage|p2a: Clodsire|94\/100 brn|[from] brn\n|upkeep\n|turn|25\n|\n|t:|1699806450\n|move|p1a: Purple|Earth Power|p2a: Clodsire\n|-supereffective|p2a: Clodsire\n|-damage|p2a: Clodsire|76\/100 brn\n|move|p2a: Clodsire|Gunk Shot|p1a: Purple\n|-resisted|p1a: Purple\n|-damage|p1a: Purple|57\/100 psn\n|\n|-heal|p1a: Purple|63\/100 psn|[from] item: Leftovers\n|-heal|p2a: Clodsire|82\/100 brn|[from] item: Leftovers\n|-damage|p1a: Purple|50\/100 psn|[from] psn\n|-damage|p2a: Clodsire|76\/100 brn|[from] brn\n|upkeep\n|turn|26\n|\n|t:|1699806456\n|move|p1a: Purple|Earth Power|p2a: Clodsire\n|-supereffective|p2a: Clodsire\n|-damage|p2a: Clodsire|55\/100 brn\n|move|p2a: Clodsire|Gunk Shot|p1a: Purple\n|-resisted|p1a: Purple\n|-damage|p1a: Purple|47\/100 psn\n|\n|-heal|p1a: Purple|54\/100 psn|[from] item: Leftovers\n|-heal|p2a: Clodsire|62\/100 brn|[from] item: Leftovers\n|-damage|p1a: Purple|41\/100 psn|[from] psn\n|-damage|p2a: Clodsire|55\/100 brn|[from] brn\n|upkeep\n|turn|27\n|\n|t:|1699806461\n|move|p1a: Purple|Earth Power|p2a: Clodsire\n|-supereffective|p2a: Clodsire\n|-damage|p2a: Clodsire|37\/100 brn\n|move|p2a: Clodsire|Recover|p2a: Clodsire\n|-heal|p2a: Clodsire|87\/100 brn\n|\n|-heal|p1a: Purple|47\/100 psn|[from] item: Leftovers\n|-heal|p2a: Clodsire|94\/100 brn|[from] item: Leftovers\n|-damage|p1a: Purple|35\/100 psn|[from] psn\n|-damage|p2a: Clodsire|87\/100 brn|[from] brn\n|upkeep\n|turn|28\n|\n|t:|1699806470\n|move|p1a: Purple|Earth Power|p2a: Clodsire\n|-supereffective|p2a: Clodsire\n|-damage|p2a: Clodsire|69\/100 brn\n|move|p2a: Clodsire|Gunk Shot|p1a: Purple\n|-resisted|p1a: Purple\n|-damage|p1a: Purple|32\/100 psn\n|\n|-heal|p1a: Purple|38\/100 psn|[from] item: Leftovers\n|-heal|p2a: Clodsire|75\/100 brn|[from] item: Leftovers\n|-damage|p1a: Purple|25\/100 psn|[from] psn\n|-damage|p2a: Clodsire|69\/100 brn|[from] brn\n|upkeep\n|turn|29\n|\n|t:|1699806480\n|switch|p1a: Red|Rotom-Wash, shiny|90\/100\n|move|p2a: Clodsire|Recover|p2a: Clodsire\n|-heal|p2a: Clodsire|100\/100 brn\n|\n|-heal|p1a: Red|96\/100|[from] item: Leftovers\n|-damage|p2a: Clodsire|94\/100 brn|[from] brn\n|upkeep\n|turn|30\n|\n|t:|1699806487\n|switch|p2a: Tapu Fini|Tapu Fini|48\/100\n|-activate|p2a: Tapu Fini|move: Sticky Web\n|-unboost|p2a: Tapu Fini|spe|1\n|-fieldstart|move: Misty Terrain|[from] ability: Misty Surge|[of] p2a: Tapu Fini\n|move|p1a: Red|Thunder Wave|p2a: Tapu Fini\n|-activate|p2a: Tapu Fini|move: Misty Terrain\n|\n|-heal|p1a: Red|100\/100|[from] item: Leftovers\n|-heal|p2a: Tapu Fini|54\/100|[from] item: Leftovers\n|upkeep\n|turn|31\n|\n|t:|1699806493\n|move|p1a: Red|Hydro Pump|p2a: Tapu Fini|[miss]\n|-miss|p1a: Red|p2a: Tapu Fini\n|move|p2a: Tapu Fini|Calm Mind|p2a: Tapu Fini\n|-boost|p2a: Tapu Fini|spa|1\n|-boost|p2a: Tapu Fini|spd|1\n|\n|-heal|p2a: Tapu Fini|60\/100|[from] item: Leftovers\n|upkeep\n|turn|32\n|\n|t:|1699806497\n|move|p1a: Red|Volt Switch|p2a: Tapu Fini\n|-supereffective|p2a: Tapu Fini\n|-damage|p2a: Tapu Fini|25\/100\n|\n|t:|1699806500\n|switch|p1a: Purple|Runerigus, M, shiny|25\/100 psn|[from] Volt Switch\n|move|p2a: Tapu Fini|Nature's Madness|p1a: Purple\n|-damage|p1a: Purple|13\/100 psn\n|\n|-heal|p2a: Tapu Fini|32\/100|[from] item: Leftovers\n|-heal|p1a: Purple|19\/100 psn|[from] item: Leftovers\n|-damage|p1a: Purple|7\/100 psn|[from] psn\n|upkeep\n|turn|33\n|\n|t:|1699806506\n|move|p2a: Tapu Fini|Draining Kiss|p1a: Purple\n|-crit|p1a: Purple\n|-damage|p1a: Purple|0 fnt\n|-heal|p2a: Tapu Fini|36\/100|[from] drain|[of] p1a: Purple\n|-activate|p1a: Purple|ability: Wandering Spirit|Misty Surge|Wandering Spirit|[of] p2a: Tapu Fini\n|faint|p1a: Purple\n|\n|-heal|p2a: Tapu Fini|42\/100|[from] item: Leftovers\n|upkeep\n|\n|t:|1699806507\n|switch|p1a: Red|Rotom-Wash, shiny|100\/100\n|turn|34\n|\n|t:|1699806513\n|move|p1a: Red|Volt Switch|p2a: Tapu Fini\n|-supereffective|p2a: Tapu Fini\n|-damage|p2a: Tapu Fini|5\/100\n|move|p2a: Tapu Fini|Nature's Madness|p1a: Red\n|-damage|p1a: Red|50\/100\n|\n|-heal|p1a: Red|57\/100|[from] item: Leftovers\n|-heal|p2a: Tapu Fini|12\/100|[from] item: Leftovers\n|-fieldend|Misty Terrain\n|upkeep\n|turn|35\n|\n|t:|1699806519\n|switch|p2a: Clodsire|Clodsire, M|94\/100 brn\n|-activate|p2a: Clodsire|move: Sticky Web\n|-unboost|p2a: Clodsire|spe|1\n|-terastallize|p1a: Red|Electric\n|move|p1a: Red|Volt Switch|p2a: Clodsire\n|-immune|p2a: Clodsire\n|\n|-heal|p1a: Red|63\/100|[from] item: Leftovers\n|-heal|p2a: Clodsire|100\/100 brn|[from] item: Leftovers\n|-damage|p2a: Clodsire|94\/100 brn|[from] brn\n|upkeep\n|turn|36\n|\n|t:|1699806526\n|move|p1a: Red|Thunder Wave|p2a: Clodsire\n|-immune|p2a: Clodsire\n|move|p2a: Clodsire|Earthquake|p1a: Red\n|-immune|p1a: Red|[from] ability: Levitate\n|\n|-heal|p1a: Red|69\/100|[from] item: Leftovers\n|-heal|p2a: Clodsire|100\/100 brn|[from] item: Leftovers\n|-damage|p2a: Clodsire|94\/100 brn|[from] brn\n|upkeep\n|turn|37\n|\n|t:|1699806532\n|move|p1a: Red|Thunder Wave|p2a: Clodsire\n|-immune|p2a: Clodsire\n|move|p2a: Clodsire|Earthquake|p1a: Red\n|-immune|p1a: Red|[from] ability: Levitate\n|\n|-heal|p1a: Red|75\/100|[from] item: Leftovers\n|-heal|p2a: Clodsire|100\/100 brn|[from] item: Leftovers\n|-damage|p2a: Clodsire|94\/100 brn|[from] brn\n|upkeep\n|turn|38\n|c|\u2606Clearster|So how was your day\n|\n|t:|1699806547\n|move|p1a: Red|Thunder Wave|p2a: Clodsire\n|-immune|p2a: Clodsire\n|move|p2a: Clodsire|Toxic Spikes|p1a: Red\n|-sidestart|p1: Clearster|move: Toxic Spikes\n|\n|-heal|p1a: Red|82\/100|[from] item: Leftovers\n|-heal|p2a: Clodsire|100\/100 brn|[from] item: Leftovers\n|-damage|p2a: Clodsire|94\/100 brn|[from] brn\n|upkeep\n|turn|39\n|\n|t:|1699806552\n|move|p1a: Red|Thunder Wave|p2a: Clodsire\n|-immune|p2a: Clodsire\n|move|p2a: Clodsire|Toxic Spikes||[still]\n|-fail|p2a: Clodsire\n|\n|-heal|p1a: Red|88\/100|[from] item: Leftovers\n|-heal|p2a: Clodsire|100\/100 brn|[from] item: Leftovers\n|-damage|p2a: Clodsire|94\/100 brn|[from] brn\n|upkeep\n|turn|40\n|c|\u2606duckayz_|i woke up 2 hours ago and im still tired but fuck it we ball !!\n|\n|t:|1699806576\n|move|p1a: Red|Will-O-Wisp|p2a: Clodsire|[miss]\n|-miss|p1a: Red|p2a: Clodsire\n|move|p2a: Clodsire|Toxic Spikes||[still]\n|-fail|p2a: Clodsire\n|\n|-heal|p1a: Red|94\/100|[from] item: Leftovers\n|-heal|p2a: Clodsire|100\/100 brn|[from] item: Leftovers\n|-damage|p2a: Clodsire|94\/100 brn|[from] brn\n|upkeep\n|turn|41\n|c|\u2606Clearster|I was up ever since 3 in the morning\n|\n|t:|1699806601\n|move|p1a: Red|Will-O-Wisp|p2a: Clodsire\n|-fail|p2a: Clodsire|brn\n|move|p2a: Clodsire|Toxic Spikes||[still]\n|-fail|p2a: Clodsire\n|\n|-heal|p1a: Red|100\/100|[from] item: Leftovers\n|-heal|p2a: Clodsire|100\/100 brn|[from] item: Leftovers\n|-damage|p2a: Clodsire|94\/100 brn|[from] brn\n|upkeep\n|turn|42\n|\n|t:|1699806606\n|move|p1a: Red|Will-O-Wisp|p2a: Clodsire\n|-fail|p2a: Clodsire|brn\n|move|p2a: Clodsire|Toxic Spikes||[still]\n|-fail|p2a: Clodsire\n|\n|-heal|p2a: Clodsire|100\/100 brn|[from] item: Leftovers\n|-damage|p2a: Clodsire|94\/100 brn|[from] brn\n|upkeep\n|turn|43\n|\n|t:|1699806612\n|move|p1a: Red|Thunder Wave|p2a: Clodsire\n|-immune|p2a: Clodsire\n|move|p2a: Clodsire|Toxic Spikes||[still]\n|-fail|p2a: Clodsire\n|\n|-heal|p2a: Clodsire|100\/100 brn|[from] item: Leftovers\n|-damage|p2a: Clodsire|94\/100 brn|[from] brn\n|upkeep\n|turn|44\n|\n|t:|1699806617\n|move|p1a: Red|Will-O-Wisp|p2a: Clodsire|[miss]\n|-miss|p1a: Red|p2a: Clodsire\n|move|p2a: Clodsire|Toxic Spikes||[still]\n|-fail|p2a: Clodsire\n|\n|-heal|p2a: Clodsire|100\/100 brn|[from] item: Leftovers\n|-damage|p2a: Clodsire|94\/100 brn|[from] brn\n|upkeep\n|turn|45\n|\n|t:|1699806619\n|move|p1a: Red|Thunder Wave|p2a: Clodsire\n|-immune|p2a: Clodsire\n|move|p2a: Clodsire|Toxic Spikes||[still]\n|-fail|p2a: Clodsire\n|\n|-heal|p2a: Clodsire|100\/100 brn|[from] item: Leftovers\n|-damage|p2a: Clodsire|94\/100 brn|[from] brn\n|upkeep\n|turn|46\n|\n|t:|1699806623\n|move|p1a: Red|Will-O-Wisp|p2a: Clodsire|[miss]\n|-miss|p1a: Red|p2a: Clodsire\n|move|p2a: Clodsire|Toxic Spikes||[still]\n|-fail|p2a: Clodsire\n|\n|-heal|p2a: Clodsire|100\/100 brn|[from] item: Leftovers\n|-damage|p2a: Clodsire|94\/100 brn|[from] brn\n|upkeep\n|turn|47\n|\n|t:|1699806632\n|move|p1a: Red|Thunder Wave|p2a: Clodsire\n|-immune|p2a: Clodsire\n|move|p2a: Clodsire|Toxic Spikes||[still]\n|-fail|p2a: Clodsire\n|\n|-heal|p2a: Clodsire|100\/100 brn|[from] item: Leftovers\n|-damage|p2a: Clodsire|94\/100 brn|[from] brn\n|upkeep\n|turn|48\n|\n|t:|1699806637\n|move|p1a: Red|Thunder Wave|p2a: Clodsire\n|-immune|p2a: Clodsire\n|move|p2a: Clodsire|Toxic Spikes||[still]\n|-fail|p2a: Clodsire\n|\n|-heal|p2a: Clodsire|100\/100 brn|[from] item: Leftovers\n|-damage|p2a: Clodsire|94\/100 brn|[from] brn\n|upkeep\n|turn|49\n|\n|t:|1699806641\n|move|p1a: Red|Thunder Wave|p2a: Clodsire\n|-immune|p2a: Clodsire\n|move|p2a: Clodsire|Toxic Spikes||[still]\n|-fail|p2a: Clodsire\n|\n|-heal|p2a: Clodsire|100\/100 brn|[from] item: Leftovers\n|-damage|p2a: Clodsire|94\/100 brn|[from] brn\n|upkeep\n|turn|50\n|\n|t:|1699806645\n|move|p1a: Red|Thunder Wave|p2a: Clodsire\n|-immune|p2a: Clodsire\n|move|p2a: Clodsire|Toxic Spikes||[still]\n|-fail|p2a: Clodsire\n|\n|-heal|p2a: Clodsire|100\/100 brn|[from] item: Leftovers\n|-damage|p2a: Clodsire|94\/100 brn|[from] brn\n|upkeep\n|turn|51\n|\n|t:|1699806651\n|move|p1a: Red|Will-O-Wisp|p2a: Clodsire\n|-fail|p2a: Clodsire|brn\n|move|p2a: Clodsire|Toxic Spikes||[still]\n|-fail|p2a: Clodsire\n|\n|-heal|p2a: Clodsire|100\/100 brn|[from] item: Leftovers\n|-damage|p2a: Clodsire|94\/100 brn|[from] brn\n|upkeep\n|turn|52\n|\n|t:|1699806656\n|move|p1a: Red|Will-O-Wisp|p2a: Clodsire\n|-fail|p2a: Clodsire|brn\n|move|p2a: Clodsire|Toxic Spikes||[still]\n|-fail|p2a: Clodsire\n|\n|-heal|p2a: Clodsire|100\/100 brn|[from] item: Leftovers\n|-damage|p2a: Clodsire|94\/100 brn|[from] brn\n|upkeep\n|turn|53\n|\n|t:|1699806663\n|move|p1a: Red|Thunder Wave|p2a: Clodsire\n|-immune|p2a: Clodsire\n|move|p2a: Clodsire|Toxic Spikes||[still]\n|-fail|p2a: Clodsire\n|\n|-heal|p2a: Clodsire|100\/100 brn|[from] item: Leftovers\n|-damage|p2a: Clodsire|94\/100 brn|[from] brn\n|upkeep\n|turn|54\n|c|\u2606duckayz_|peak gameplay\n|\n|t:|1699806671\n|move|p1a: Red|Will-O-Wisp|p2a: Clodsire\n|-fail|p2a: Clodsire|brn\n|move|p2a: Clodsire|Toxic Spikes||[still]\n|-fail|p2a: Clodsire\n|\n|-heal|p2a: Clodsire|100\/100 brn|[from] item: Leftovers\n|-damage|p2a: Clodsire|94\/100 brn|[from] brn\n|upkeep\n|turn|55\n|\n|t:|1699806676\n|move|p1a: Red|Thunder Wave|p2a: Clodsire\n|-immune|p2a: Clodsire\n|move|p2a: Clodsire|Toxic Spikes||[still]\n|-fail|p2a: Clodsire\n|\n|-heal|p2a: Clodsire|100\/100 brn|[from] item: Leftovers\n|-damage|p2a: Clodsire|94\/100 brn|[from] brn\n|upkeep\n|turn|56\n|\n|t:|1699806687\n|move|p1a: Red|Thunder Wave|p2a: Clodsire\n|-immune|p2a: Clodsire\n|move|p2a: Clodsire|Toxic Spikes||[still]\n|-fail|p2a: Clodsire\n|\n|-heal|p2a: Clodsire|100\/100 brn|[from] item: Leftovers\n|-damage|p2a: Clodsire|94\/100 brn|[from] brn\n|upkeep\n|turn|57\n|c|\u2606Clearster|Ikr\n|c|\u2606Clearster|so amazing!\n|\n|t:|1699806706\n|move|p1a: Red|Thunder Wave|p2a: Clodsire\n|-immune|p2a: Clodsire\n|move|p2a: Clodsire|Toxic Spikes||[still]\n|-fail|p2a: Clodsire\n|\n|-heal|p2a: Clodsire|100\/100 brn|[from] item: Leftovers\n|-damage|p2a: Clodsire|94\/100 brn|[from] brn\n|upkeep\n|turn|58\n|\n|t:|1699806719\n|move|p1a: Red|Hydro Pump|p2a: Clodsire\n|-heal|p2a: Clodsire|100\/100 brn|[from] ability: Water Absorb|[of] p1a: Red\n|move|p2a: Clodsire|Toxic Spikes||[still]\n|-fail|p2a: Clodsire\n|\n|-damage|p2a: Clodsire|94\/100 brn|[from] brn\n|upkeep\n|turn|59\n|\n|t:|1699806733\n|move|p1a: Red|Thunder Wave|p2a: Clodsire\n|-immune|p2a: Clodsire\n|move|p2a: Clodsire|Toxic Spikes||[still]\n|-fail|p2a: Clodsire\n|\n|-heal|p2a: Clodsire|100\/100 brn|[from] item: Leftovers\n|-damage|p2a: Clodsire|94\/100 brn|[from] brn\n|upkeep\n|turn|60\n|\n|t:|1699806751\n|move|p1a: Red|Thunder Wave|p2a: Clodsire\n|-immune|p2a: Clodsire\n|move|p2a: Clodsire|Toxic Spikes||[still]\n|-fail|p2a: Clodsire\n|\n|-heal|p2a: Clodsire|100\/100 brn|[from] item: Leftovers\n|-damage|p2a: Clodsire|94\/100 brn|[from] brn\n|upkeep\n|turn|61\n|\n|t:|1699806760\n|move|p1a: Red|Thunder Wave|p2a: Clodsire\n|-immune|p2a: Clodsire\n|move|p2a: Clodsire|Toxic Spikes||[still]\n|-fail|p2a: Clodsire\n|\n|-heal|p2a: Clodsire|100\/100 brn|[from] item: Leftovers\n|-damage|p2a: Clodsire|94\/100 brn|[from] brn\n|upkeep\n|turn|62\n|\n|t:|1699806765\n|move|p1a: Red|Will-O-Wisp|p2a: Clodsire\n|-fail|p2a: Clodsire|brn\n|move|p2a: Clodsire|Toxic Spikes||[still]\n|-fail|p2a: Clodsire\n|\n|-heal|p2a: Clodsire|100\/100 brn|[from] item: Leftovers\n|-damage|p2a: Clodsire|94\/100 brn|[from] brn\n|upkeep\n|turn|63\n|j| fred fazbars\n|\n|t:|1699806778\n|move|p1a: Red|Thunder Wave|p2a: Clodsire\n|-immune|p2a: Clodsire\n|move|p2a: Clodsire|Toxic Spikes||[still]\n|-fail|p2a: Clodsire\n|\n|-heal|p2a: Clodsire|100\/100 brn|[from] item: Leftovers\n|-damage|p2a: Clodsire|94\/100 brn|[from] brn\n|upkeep\n|turn|64\n|\n|t:|1699806782\n|move|p1a: Red|Will-O-Wisp|p2a: Clodsire|[miss]\n|-miss|p1a: Red|p2a: Clodsire\n|move|p2a: Clodsire|Toxic Spikes||[still]\n|-fail|p2a: Clodsire\n|\n|-heal|p2a: Clodsire|100\/100 brn|[from] item: Leftovers\n|-damage|p2a: Clodsire|94\/100 brn|[from] brn\n|upkeep\n|turn|65\n|\n|t:|1699806791\n|move|p1a: Red|Will-O-Wisp|p2a: Clodsire|[miss]\n|-miss|p1a: Red|p2a: Clodsire\n|move|p2a: Clodsire|Toxic Spikes||[still]\n|-fail|p2a: Clodsire\n|\n|-heal|p2a: Clodsire|100\/100 brn|[from] item: Leftovers\n|-damage|p2a: Clodsire|94\/100 brn|[from] brn\n|upkeep\n|turn|66\n|\n|t:|1699806802\n|move|p1a: Red|Thunder Wave|p2a: Clodsire\n|-immune|p2a: Clodsire\n|move|p2a: Clodsire|Toxic Spikes||[still]\n|-fail|p2a: Clodsire\n|\n|-heal|p2a: Clodsire|100\/100 brn|[from] item: Leftovers\n|-damage|p2a: Clodsire|94\/100 brn|[from] brn\n|upkeep\n|turn|67\n|\n|t:|1699806809\n|move|p1a: Red|Will-O-Wisp|p2a: Clodsire\n|-fail|p2a: Clodsire|brn\n|move|p2a: Clodsire|Toxic Spikes||[still]\n|-fail|p2a: Clodsire\n|\n|-heal|p2a: Clodsire|100\/100 brn|[from] item: Leftovers\n|-damage|p2a: Clodsire|94\/100 brn|[from] brn\n|upkeep\n|turn|68\n|\n|t:|1699806821\n|move|p1a: Red|Thunder Wave|p2a: Clodsire\n|-immune|p2a: Clodsire\n|move|p2a: Clodsire|Toxic Spikes||[still]\n|-fail|p2a: Clodsire\n|\n|-heal|p2a: Clodsire|100\/100 brn|[from] item: Leftovers\n|-damage|p2a: Clodsire|94\/100 brn|[from] brn\n|upkeep\n|turn|69\n|\n|t:|1699806828\n|move|p1a: Red|Hydro Pump|p2a: Clodsire\n|-heal|p2a: Clodsire|100\/100 brn|[from] ability: Water Absorb|[of] p1a: Red\n|move|p2a: Clodsire|Earthquake|p1a: Red\n|-immune|p1a: Red|[from] ability: Levitate\n|\n|-damage|p2a: Clodsire|94\/100 brn|[from] brn\n|upkeep\n|turn|70\n|\n|t:|1699806837\n|move|p1a: Red|Thunder Wave|p2a: Clodsire\n|-immune|p2a: Clodsire\n|move|p2a: Clodsire|Earthquake|p1a: Red\n|-immune|p1a: Red|[from] ability: Levitate\n|\n|-heal|p2a: Clodsire|100\/100 brn|[from] item: Leftovers\n|-damage|p2a: Clodsire|94\/100 brn|[from] brn\n|upkeep\n|turn|71\n|\n|t:|1699806843\n|move|p1a: Red|Thunder Wave|p2a: Clodsire\n|-immune|p2a: Clodsire\n|move|p2a: Clodsire|Earthquake|p1a: Red\n|-immune|p1a: Red|[from] ability: Levitate\n|\n|-heal|p2a: Clodsire|100\/100 brn|[from] item: Leftovers\n|-damage|p2a: Clodsire|94\/100 brn|[from] brn\n|upkeep\n|turn|72\n|\n|t:|1699806849\n|move|p1a: Red|Volt Switch|p2a: Clodsire\n|-immune|p2a: Clodsire\n|move|p2a: Clodsire|Earthquake|p1a: Red\n|-immune|p1a: Red|[from] ability: Levitate\n|\n|-heal|p2a: Clodsire|100\/100 brn|[from] item: Leftovers\n|-damage|p2a: Clodsire|94\/100 brn|[from] brn\n|upkeep\n|turn|73\n|\n|t:|1699806860\n|move|p1a: Red|Thunder Wave|p2a: Clodsire\n|-immune|p2a: Clodsire\n|move|p2a: Clodsire|Earthquake|p1a: Red\n|-immune|p1a: Red|[from] ability: Levitate\n|\n|-heal|p2a: Clodsire|100\/100 brn|[from] item: Leftovers\n|-damage|p2a: Clodsire|94\/100 brn|[from] brn\n|upkeep\n|turn|74\n|\n|t:|1699806863\n|move|p1a: Red|Will-O-Wisp|p2a: Clodsire\n|-fail|p2a: Clodsire|brn\n|move|p2a: Clodsire|Earthquake|p1a: Red\n|-immune|p1a: Red|[from] ability: Levitate\n|\n|-heal|p2a: Clodsire|100\/100 brn|[from] item: Leftovers\n|-damage|p2a: Clodsire|94\/100 brn|[from] brn\n|upkeep\n|turn|75\n|\n|t:|1699806865\n|move|p1a: Red|Will-O-Wisp|p2a: Clodsire\n|-fail|p2a: Clodsire|brn\n|move|p2a: Clodsire|Earthquake|p1a: Red\n|-immune|p1a: Red|[from] ability: Levitate\n|\n|-heal|p2a: Clodsire|100\/100 brn|[from] item: Leftovers\n|-damage|p2a: Clodsire|94\/100 brn|[from] brn\n|upkeep\n|turn|76\n|\n|t:|1699806867\n|move|p1a: Red|Will-O-Wisp|p2a: Clodsire\n|-fail|p2a: Clodsire|brn\n|move|p2a: Clodsire|Earthquake|p1a: Red\n|-immune|p1a: Red|[from] ability: Levitate\n|\n|-heal|p2a: Clodsire|100\/100 brn|[from] item: Leftovers\n|-damage|p2a: Clodsire|94\/100 brn|[from] brn\n|upkeep\n|turn|77\n|\n|t:|1699806873\n|move|p1a: Red|Will-O-Wisp|p2a: Clodsire\n|-fail|p2a: Clodsire|brn\n|move|p2a: Clodsire|Earthquake|p1a: Red\n|-immune|p1a: Red|[from] ability: Levitate\n|\n|-heal|p2a: Clodsire|100\/100 brn|[from] item: Leftovers\n|-damage|p2a: Clodsire|94\/100 brn|[from] brn\n|upkeep\n|turn|78\n|c| fred fazbars|:skull:\n|\n|t:|1699806879\n|move|p1a: Red|Will-O-Wisp|p2a: Clodsire\n|-fail|p2a: Clodsire|brn\n|move|p2a: Clodsire|Earthquake|p1a: Red\n|-immune|p1a: Red|[from] ability: Levitate\n|\n|-heal|p2a: Clodsire|100\/100 brn|[from] item: Leftovers\n|-damage|p2a: Clodsire|94\/100 brn|[from] brn\n|upkeep\n|turn|79\n|\n|t:|1699806889\n|move|p1a: Red|Will-O-Wisp|p2a: Clodsire\n|-fail|p2a: Clodsire|brn\n|move|p2a: Clodsire|Earthquake|p1a: Red\n|-immune|p1a: Red|[from] ability: Levitate\n|\n|-heal|p2a: Clodsire|100\/100 brn|[from] item: Leftovers\n|-damage|p2a: Clodsire|94\/100 brn|[from] brn\n|upkeep\n|turn|80\n|\n|t:|1699806892\n|move|p1a: Red|Thunder Wave|p2a: Clodsire\n|-immune|p2a: Clodsire\n|move|p2a: Clodsire|Earthquake|p1a: Red\n|-immune|p1a: Red|[from] ability: Levitate\n|\n|-heal|p2a: Clodsire|100\/100 brn|[from] item: Leftovers\n|-damage|p2a: Clodsire|94\/100 brn|[from] brn\n|upkeep\n|turn|81\n|\n|t:|1699806897\n|move|p1a: Red|Will-O-Wisp|p2a: Clodsire\n|-fail|p2a: Clodsire|brn\n|move|p2a: Clodsire|Earthquake|p1a: Red\n|-immune|p1a: Red|[from] ability: Levitate\n|\n|-heal|p2a: Clodsire|100\/100 brn|[from] item: Leftovers\n|-damage|p2a: Clodsire|94\/100 brn|[from] brn\n|upkeep\n|turn|82\n|\n|t:|1699806904\n|move|p1a: Red|Thunder Wave|p2a: Clodsire\n|-immune|p2a: Clodsire\n|move|p2a: Clodsire|Earthquake|p1a: Red\n|-immune|p1a: Red|[from] ability: Levitate\n|\n|-heal|p2a: Clodsire|100\/100 brn|[from] item: Leftovers\n|-damage|p2a: Clodsire|94\/100 brn|[from] brn\n|upkeep\n|turn|83\n|\n|t:|1699806914\n|move|p1a: Red|Hydro Pump|p2a: Clodsire\n|-heal|p2a: Clodsire|100\/100 brn|[from] ability: Water Absorb|[of] p1a: Red\n|move|p2a: Clodsire|Recover||[still]\n|-fail|p2a: Clodsire|heal\n|\n|-damage|p2a: Clodsire|94\/100 brn|[from] brn\n|upkeep\n|turn|84\n|\n|t:|1699806917\n|move|p1a: Red|Hydro Pump|p2a: Clodsire\n|-heal|p2a: Clodsire|100\/100 brn|[from] ability: Water Absorb|[of] p1a: Red\n|move|p2a: Clodsire|Recover||[still]\n|-fail|p2a: Clodsire|heal\n|\n|-damage|p2a: Clodsire|94\/100 brn|[from] brn\n|upkeep\n|turn|85\n|\n|t:|1699806920\n|move|p1a: Red|Thunder Wave|p2a: Clodsire\n|-immune|p2a: Clodsire\n|move|p2a: Clodsire|Recover|p2a: Clodsire\n|-heal|p2a: Clodsire|100\/100 brn\n|\n|-damage|p2a: Clodsire|94\/100 brn|[from] brn\n|upkeep\n|turn|86\n|\n|t:|1699806923\n|move|p1a: Red|Will-O-Wisp|p2a: Clodsire\n|-fail|p2a: Clodsire|brn\n|move|p2a: Clodsire|Recover|p2a: Clodsire\n|-heal|p2a: Clodsire|100\/100 brn\n|\n|-damage|p2a: Clodsire|94\/100 brn|[from] brn\n|upkeep\n|turn|87\n|\n|t:|1699806932\n|move|p1a: Red|Thunder Wave|p2a: Clodsire\n|-immune|p2a: Clodsire\n|-activate|p2a: Clodsire|move: Struggle\n|move|p2a: Clodsire|Struggle|p1a: Red\n|-damage|p1a: Red|95\/100\n|-damage|p2a: Clodsire|69\/100 brn|[from] recoil\n|\n|-heal|p1a: Red|100\/100|[from] item: Leftovers\n|-heal|p2a: Clodsire|75\/100 brn|[from] item: Leftovers\n|-damage|p2a: Clodsire|69\/100 brn|[from] brn\n|upkeep\n|turn|88\n|\n|t:|1699806948\n|move|p1a: Red|Thunder Wave|p2a: Clodsire\n|-immune|p2a: Clodsire\n|-activate|p2a: Clodsire|move: Struggle\n|move|p2a: Clodsire|Struggle|p1a: Red\n|-damage|p1a: Red|96\/100\n|-damage|p2a: Clodsire|44\/100 brn|[from] recoil\n|\n|-heal|p1a: Red|100\/100|[from] item: Leftovers\n|-heal|p2a: Clodsire|50\/100 brn|[from] item: Leftovers\n|-damage|p2a: Clodsire|44\/100 brn|[from] brn\n|upkeep\n|turn|89\n|\n|t:|1699806955\n|move|p1a: Red|Thunder Wave|p2a: Clodsire\n|-immune|p2a: Clodsire\n|-activate|p2a: Clodsire|move: Struggle\n|move|p2a: Clodsire|Struggle|p1a: Red\n|-damage|p1a: Red|96\/100\n|-damage|p2a: Clodsire|19\/100 brn|[from] recoil\n|\n|-heal|p1a: Red|100\/100|[from] item: Leftovers\n|-heal|p2a: Clodsire|25\/100 brn|[from] item: Leftovers\n|-damage|p2a: Clodsire|19\/100 brn|[from] brn\n|upkeep\n|turn|90\n|\n|t:|1699806961\n|move|p1a: Red|Will-O-Wisp|p2a: Clodsire\n|-fail|p2a: Clodsire|brn\n|-activate|p2a: Clodsire|move: Struggle\n|move|p2a: Clodsire|Struggle|p1a: Red\n|-damage|p1a: Red|96\/100\n|-damage|p2a: Clodsire|0 fnt|[from] recoil\n|faint|p2a: Clodsire\n|\n|-heal|p1a: Red|100\/100|[from] item: Leftovers\n|upkeep\n|\n|t:|1699806964\n|switch|p2a: Tapu Fini|Tapu Fini|12\/100\n|-activate|p2a: Tapu Fini|move: Sticky Web\n|-unboost|p2a: Tapu Fini|spe|1\n|-fieldstart|move: Misty Terrain|[from] ability: Misty Surge|[of] p2a: Tapu Fini\n|turn|91\n|\n|t:|1699806969\n|-terastallize|p2a: Tapu Fini|Dark\n|move|p1a: Red|Volt Switch|p2a: Tapu Fini\n|-damage|p2a: Tapu Fini|0 fnt\n|faint|p2a: Tapu Fini\n|\n|win|Clearster\n|raw|Clearster's rating: 1090 &rarr; <strong>1114<\/strong><br \/>(+24 for winning)\n|raw|duckayz_'s rating: 1058 &rarr; <strong>1041<\/strong><br \/>(-17 for losing)\n|c|\u2606duckayz_|ggs lmfao\n|l|\u2606duckayz_\n|c|\u2606Clearster|Gg\n|c|\u2606Clearster|lmao\n","uploadtime":1699806992,"views":25,"p1id":"clearster","p2id":"duckayz","formatid":"gen9nationaldex","rating":1041,"private":0,"password":""}