{"id":"gen9nationaldex-1990869675","p1":"TuanAnhDzXD","p2":"Jarl_jake","format":"[Gen 9] National Dex","log":"|j|\u2606TuanAnhDzXD\n|j|\u2606Jarl_jake\n|t:|1700009571\n|gametype|singles\n|player|p1|TuanAnhDzXD|101|1394\n|player|p2|Jarl_jake|red|1349\n|teamsize|p1|6\n|teamsize|p2|6\n|gen|9\n|tier|[Gen 9] National Dex\n|rated|\n|rule|HP Percentage Mod: HP is shown in percentages\n|rule|Endless Battle Clause: Forcing endless battles is banned\n|rule|OHKO Clause: OHKO moves are banned\n|rule|Evasion Clause: Evasion abilities, items, and moves are banned\n|rule|Evasion Abilities Clause: Evasion abilities are banned\n|rule|Evasion Items Clause: Evasion items are banned\n|rule|Evasion Moves Clause: Evasion moves are banned\n|rule|Species Clause: Limit one of each Pok\u00e9mon\n|rule|Sleep Clause Mod: Limit one foe put to sleep\n|clearpoke\n|poke|p1|Gliscor, M|\n|poke|p1|Rotom-Wash|\n|poke|p1|Chansey, F|\n|poke|p1|Hatterene, F|\n|poke|p1|Lopunny, F|\n|poke|p1|Ditto|\n|poke|p2|Gyarados, M|\n|poke|p2|Latios, M|\n|poke|p2|Venusaur, F|\n|poke|p2|Volcarona, F|\n|poke|p2|Shuckle, F|\n|poke|p2|Great Tusk|\n|teampreview\n|\n|t:|1700009583\n|start\n|switch|p1a: Lopunny|Lopunny, F|100\/100\n|switch|p2a: Shuckie|Shuckle, F, shiny|100\/100\n|turn|1\n|\n|t:|1700009593\n|detailschange|p1a: Lopunny|Lopunny-Mega, F\n|-mega|p1a: Lopunny|Lopunny|Lopunnite\n|move|p1a: Lopunny|Fake Out|p2a: Shuckie\n|-resisted|p2a: Shuckie\n|-crit|p2a: Shuckie\n|-damage|p2a: Shuckie|90\/100\n|-enditem|p2a: Shuckie|Red Card|[of] p1a: Lopunny\n|drag|p1a: Ditto|Ditto|100\/100\n|-transform|p1a: Ditto|p2a: Shuckie|[from] ability: Imposter\n|cant|p2a: Shuckie|flinch\n|\n|upkeep\n|turn|2\n|\n|t:|1700009605\n|switch|p1a: Hatterene|Hatterene, F|100\/100\n|move|p2a: Shuckie|Sticky Web|p1a: Hatterene\n|move|p1a: Hatterene|Sticky Web|p2a: Shuckie|[from]ability: Magic Bounce\n|-sidestart|p2: Jarl_jake|move: Sticky Web\n|\n|upkeep\n|turn|3\n|\n|t:|1700009614\n|move|p1a: Hatterene|Future Sight|p2a: Shuckie\n|-start|p1a: Hatterene|move: Future Sight\n|move|p2a: Shuckie|Mud-Slap|p1a: Hatterene\n|-damage|p1a: Hatterene|99\/100\n|-unboost|p1a: Hatterene|accuracy|1\n|\n|-heal|p1a: Hatterene|100\/100|[from] item: Leftovers\n|upkeep\n|turn|4\n|\n|t:|1700009622\n|move|p1a: Hatterene|Nuzzle|p2a: Shuckie\n|-damage|p2a: Shuckie|87\/100\n|-status|p2a: Shuckie|par\n|cant|p2a: Shuckie|par\n|\n|upkeep\n|turn|5\n|\n|t:|1700009631\n|switch|p1a: Gliscor|Gliscor, M|100\/100\n|switch|p2a: Spicy Meatball|Volcarona, F, shiny|100\/100\n|\n|-end|p2a: Spicy Meatball|move: Future Sight\n|-damage|p2a: Spicy Meatball|46\/100\n|-status|p1a: Gliscor|tox|[from] item: Toxic Orb\n|upkeep\n|turn|6\n|\n|t:|1700009647\n|move|p2a: Spicy Meatball|Fiery Dance|p1a: Gliscor\n|-damage|p1a: Gliscor|52\/100 tox\n|move|p1a: Gliscor|Knock Off|p2a: Spicy Meatball\n|-damage|p2a: Spicy Meatball|25\/100\n|-enditem|p2a: Spicy Meatball|Heavy-Duty Boots|[from] move: Knock Off|[of] p1a: Gliscor\n|\n|-heal|p1a: Gliscor|64\/100 tox|[from] ability: Poison Heal\n|upkeep\n|turn|7\n|\n|t:|1700009656\n|-terastallize|p1a: Gliscor|Water\n|move|p2a: Spicy Meatball|Quiver Dance|p2a: Spicy Meatball\n|-boost|p2a: Spicy Meatball|spa|1\n|-boost|p2a: Spicy Meatball|spd|1\n|-boost|p2a: Spicy Meatball|spe|1\n|move|p1a: Gliscor|Stealth Rock|p2a: Spicy Meatball\n|-sidestart|p2: Jarl_jake|move: Stealth Rock\n|\n|-heal|p1a: Gliscor|77\/100 tox|[from] ability: Poison Heal\n|upkeep\n|turn|8\n|\n|t:|1700009667\n|move|p2a: Spicy Meatball|Giga Drain|p1a: Gliscor\n|-supereffective|p1a: Gliscor\n|-damage|p1a: Gliscor|0 fnt\n|-heal|p2a: Spicy Meatball|66\/100|[from] drain|[of] p1a: Gliscor\n|faint|p1a: Gliscor\n|\n|upkeep\n|\n|t:|1700009670\n|switch|p1a: Ditto|Ditto|100\/100\n|-transform|p1a: Ditto|p2a: Spicy Meatball|[from] ability: Imposter\n|turn|9\n|\n|t:|1700009694\n|move|p1a: Ditto|Fiery Dance|p2a: Spicy Meatball\n|-damage|p2a: Spicy Meatball|26\/100\n|-boost|p1a: Ditto|spa|1\n|move|p2a: Spicy Meatball|Fiery Dance|p1a: Ditto\n|-damage|p1a: Ditto|38\/100\n|\n|upkeep\n|turn|10\n|\n|t:|1700009705\n|move|p1a: Ditto|Fiery Dance|p2a: Spicy Meatball\n|-damage|p2a: Spicy Meatball|0 fnt\n|faint|p2a: Spicy Meatball\n|\n|upkeep\n|\n|t:|1700009714\n|switch|p2a: Fake Dragon|Gyarados, M, shiny|100\/100\n|-damage|p2a: Fake Dragon|75\/100|[from] Stealth Rock\n|turn|11\n|\n|t:|1700009719\n|move|p1a: Ditto|Fiery Dance|p2a: Fake Dragon\n|-resisted|p2a: Fake Dragon\n|-damage|p2a: Fake Dragon|34\/100\n|-boost|p1a: Ditto|spa|1\n|move|p2a: Fake Dragon|Waterfall|p1a: Ditto\n|-supereffective|p1a: Ditto\n|-damage|p1a: Ditto|0 fnt\n|-status|p2a: Fake Dragon|brn|[from] ability: Flame Body|[of] p1a: Ditto\n|-enditem|p2a: Fake Dragon|Lum Berry|[eat]\n|-curestatus|p2a: Fake Dragon|brn|[msg]\n|faint|p1a: Ditto\n|-ability|p2a: Fake Dragon|Moxie|boost\n|-boost|p2a: Fake Dragon|atk|1\n|\n|upkeep\n|\n|t:|1700009726\n|switch|p1a: Rotom|Rotom-Wash|100\/100\n|turn|12\n|\n|t:|1700009737\n|move|p2a: Fake Dragon|Crunch|p1a: Rotom\n|-damage|p1a: Rotom|64\/100\n|move|p1a: Rotom|Will-O-Wisp|p2a: Fake Dragon\n|-status|p2a: Fake Dragon|brn\n|\n|-heal|p1a: Rotom|71\/100|[from] item: Leftovers\n|-damage|p2a: Fake Dragon|28\/100 brn|[from] brn\n|upkeep\n|turn|13\n|\n|t:|1700009747\n|move|p2a: Fake Dragon|Crunch|p1a: Rotom\n|-damage|p1a: Rotom|54\/100\n|move|p1a: Rotom|Pain Split|p2a: Fake Dragon\n|-sethp|p2a: Fake Dragon|39\/100 brn|[from] move: Pain Split|[silent]\n|-sethp|p1a: Rotom|42\/100|[from] move: Pain Split\n|\n|-heal|p1a: Rotom|49\/100|[from] item: Leftovers\n|-damage|p2a: Fake Dragon|33\/100 brn|[from] brn\n|upkeep\n|turn|14\n|\n|t:|1700009758\n|move|p2a: Fake Dragon|Dragon Dance|p2a: Fake Dragon\n|-boost|p2a: Fake Dragon|atk|1\n|-boost|p2a: Fake Dragon|spe|1\n|move|p1a: Rotom|Volt Switch|p2a: Fake Dragon\n|-supereffective|p2a: Fake Dragon\n|-damage|p2a: Fake Dragon|0 fnt\n|faint|p2a: Fake Dragon\n|\n|t:|1700009764\n|switch|p1a: Hatterene|Hatterene, F|100\/100|[from] Volt Switch\n|\n|upkeep\n|\n|t:|1700009778\n|switch|p2a: Thunder Smash|Venusaur, F, shiny|100\/100\n|-activate|p2a: Thunder Smash|move: Sticky Web\n|-unboost|p2a: Thunder Smash|spe|1\n|-damage|p2a: Thunder Smash|88\/100|[from] Stealth Rock\n|turn|15\n|\n|t:|1700009785\n|detailschange|p2a: Thunder Smash|Venusaur-Mega, F, shiny\n|-mega|p2a: Thunder Smash|Venusaur|Venusaurite\n|move|p2a: Thunder Smash|Sludge Bomb|p1a: Hatterene\n|-supereffective|p1a: Hatterene\n|-damage|p1a: Hatterene|32\/100\n|move|p1a: Hatterene|Future Sight|p2a: Thunder Smash\n|-start|p1a: Hatterene|move: Future Sight\n|\n|-heal|p1a: Hatterene|38\/100|[from] item: Leftovers\n|upkeep\n|turn|16\n|\n|t:|1700009794\n|switch|p1a: Chansey|Chansey, F|100\/100\n|move|p2a: Thunder Smash|Sludge Bomb|p1a: Chansey\n|-damage|p1a: Chansey|90\/100\n|\n|upkeep\n|turn|17\n|\n|t:|1700009801\n|switch|p2a: Shuckie|Shuckle, F, shiny|87\/100 par\n|-activate|p2a: Shuckie|move: Sticky Web\n|-unboost|p2a: Shuckie|spe|1\n|-damage|p2a: Shuckie|62\/100 par|[from] Stealth Rock\n|move|p1a: Chansey|Seismic Toss|p2a: Shuckie\n|-damage|p2a: Shuckie|21\/100 par\n|\n|-end|p2a: Shuckie|move: Future Sight\n|-damage|p2a: Shuckie|0 fnt\n|faint|p2a: Shuckie\n|upkeep\n|\n|t:|1700009814\n|switch|p2a: Unga Bunga|Great Tusk, shiny|100\/100\n|-activate|p2a: Unga Bunga|move: Sticky Web\n|-unboost|p2a: Unga Bunga|spe|1\n|-damage|p2a: Unga Bunga|98\/100|[from] Stealth Rock\n|-enditem|p2a: Unga Bunga|Booster Energy\n|-activate|p2a: Unga Bunga|ability: Protosynthesis|[fromitem]\n|-start|p2a: Unga Bunga|protosynthesisatk\n|turn|18\n|\n|t:|1700009836\n|switch|p1a: Hatterene|Hatterene, F|38\/100\n|move|p2a: Unga Bunga|Rapid Spin|p1a: Hatterene\n|-damage|p1a: Hatterene|7\/100\n|-boost|p2a: Unga Bunga|spe|1\n|-sideend|p2: Jarl_jake|Stealth Rock|[from] move: Rapid Spin|[of] p2a: Unga Bunga\n|-sideend|p2: Jarl_jake|Sticky Web|[from] move: Rapid Spin|[of] p2a: Unga Bunga\n|\n|-heal|p1a: Hatterene|13\/100|[from] item: Leftovers\n|upkeep\n|turn|19\n|\n|t:|1700009848\n|move|p2a: Unga Bunga|Rapid Spin|p1a: Hatterene\n|-damage|p1a: Hatterene|0 fnt\n|-boost|p2a: Unga Bunga|spe|1\n|faint|p1a: Hatterene\n|\n|upkeep\n|\n|t:|1700009850\n|switch|p1a: Lopunny|Lopunny-Mega, F|100\/100\n|turn|20\n|\n|t:|1700009862\n|move|p1a: Lopunny|Fake Out|p2a: Unga Bunga\n|-damage|p2a: Unga Bunga|81\/100\n|cant|p2a: Unga Bunga|flinch\n|\n|upkeep\n|turn|21\n|\n|t:|1700009877\n|-terastallize|p2a: Unga Bunga|Ground\n|move|p2a: Unga Bunga|Headlong Rush|p1a: Lopunny\n|-crit|p1a: Lopunny\n|-damage|p1a: Lopunny|0 fnt\n|-unboost|p2a: Unga Bunga|def|1\n|-unboost|p2a: Unga Bunga|spd|1\n|faint|p1a: Lopunny\n|\n|upkeep\n|\n|t:|1700009882\n|switch|p1a: Rotom|Rotom-Wash|49\/100\n|turn|22\n|\n|t:|1700009888\n|move|p2a: Unga Bunga|Close Combat|p1a: Rotom\n|-damage|p1a: Rotom|0 fnt\n|-unboost|p2a: Unga Bunga|def|1\n|-unboost|p2a: Unga Bunga|spd|1\n|faint|p1a: Rotom\n|\n|upkeep\n|-message|TuanAnhDzXD forfeited.\n|\n|win|Jarl_jake\n|raw|TuanAnhDzXD's rating: 1394 &rarr; <strong>1371<\/strong><br \/>(-23 for losing)\n|raw|Jarl_jake's rating: 1349 &rarr; <strong>1372<\/strong><br \/>(+23 for winning)\n|l|\u2606TuanAnhDzXD\n","uploadtime":1700009898,"views":14,"p1id":"tuananhdzxd","p2id":"jarljake","formatid":"gen9nationaldex","rating":1371,"private":0,"password":""}