{"id":"gen9nationaldex-1988597265","p1":"Zera & Lucy","p2":"yoshin_71","format":"[Gen 9] National Dex","log":"|j|\u2606Zera & Lucy\n|j|\u2606yoshin_71\n|t:|1699740233\n|gametype|singles\n|player|p1|Zera & Lucy|cynthia|1122\n|player|p2|yoshin_71|hugh|1033\n|teamsize|p1|6\n|teamsize|p2|6\n|gen|9\n|tier|[Gen 9] National Dex\n|rated|\n|rule|HP Percentage Mod: HP is shown in percentages\n|rule|Endless Battle Clause: Forcing endless battles is banned\n|rule|OHKO Clause: OHKO moves are banned\n|rule|Evasion Clause: Evasion abilities, items, and moves are banned\n|rule|Evasion Abilities Clause: Evasion abilities are banned\n|rule|Evasion Items Clause: Evasion items are banned\n|rule|Evasion Moves Clause: Evasion moves are banned\n|rule|Species Clause: Limit one of each Pok\u00e9mon\n|rule|Sleep Clause Mod: Limit one foe put to sleep\n|clearpoke\n|poke|p1|Ambipom, F|\n|poke|p1|Zoroark-Hisui, F|\n|poke|p1|Cinccino, M|\n|poke|p1|Indeedee, M|\n|poke|p1|Cyclizar, F|\n|poke|p1|Heliolisk, F|\n|poke|p2|Mimikyu, F|\n|poke|p2|Tyrantrum, M|\n|poke|p2|Rotom-Wash|\n|poke|p2|Hawlucha, M|\n|poke|p2|Scizor, M|\n|poke|p2|Cinderace, M|\n|teampreview\n|inactive|Battle timer is ON: inactive players will automatically lose when time's up. (requested by Zera & Lucy)\n|\n|t:|1699740242\n|start\n|switch|p1a: Cyclizar|Cyclizar, F|100\/100\n|switch|p2a: Hawlucha|Hawlucha, M|100\/100\n|turn|1\n|\n|t:|1699740252\n|move|p1a: Cyclizar|Rain Dance|p1a: Cyclizar\n|-weather|RainDance\n|move|p2a: Hawlucha|Swords Dance|p2a: Hawlucha\n|-boost|p2a: Hawlucha|atk|2\n|\n|-weather|RainDance|[upkeep]\n|upkeep\n|turn|2\n|\n|t:|1699740259\n|move|p1a: Cyclizar|Taunt|p2a: Hawlucha\n|-start|p2a: Hawlucha|move: Taunt\n|move|p2a: Hawlucha|Close Combat|p1a: Cyclizar\n|-supereffective|p1a: Cyclizar\n|-damage|p1a: Cyclizar|0 fnt\n|-unboost|p2a: Hawlucha|def|1\n|-unboost|p2a: Hawlucha|spd|1\n|-enditem|p2a: Hawlucha|White Herb\n|-clearnegativeboost|p2a: Hawlucha|[silent]\n|faint|p1a: Cyclizar\n|\n|-weather|RainDance|[upkeep]\n|upkeep\n|\n|t:|1699740268\n|switch|p1a: Ambipom|Ambipom, F|100\/100\n|turn|3\n|\n|t:|1699740274\n|move|p2a: Hawlucha|Close Combat|p1a: Ambipom\n|-immune|p1a: Ambipom\n|move|p1a: Ambipom|Extrasensory|p2a: Hawlucha\n|-supereffective|p2a: Hawlucha\n|-damage|p2a: Hawlucha|0 fnt\n|faint|p2a: Hawlucha\n|\n|-weather|RainDance|[upkeep]\n|upkeep\n|\n|t:|1699740290\n|switch|p2a: Mimikyu|Mimikyu, F|100\/100\n|turn|4\n|\n|t:|1699740294\n|switch|p1a: Heliolisk|Heliolisk, F|100\/100\n|move|p2a: Mimikyu|Swords Dance|p2a: Mimikyu\n|-boost|p2a: Mimikyu|atk|2\n|\n|-weather|RainDance|[upkeep]\n|upkeep\n|turn|5\n|\n|t:|1699740303\n|move|p1a: Heliolisk|Thunderbolt|p2a: Mimikyu\n|-activate|p2a: Mimikyu|ability: Disguise\n|-damage|p2a: Mimikyu|100\/100\n|detailschange|p2a: Mimikyu|Mimikyu-Busted, F\n|-damage|p2a: Mimikyu|88\/100|[from] pokemon: Mimikyu-Busted\n|move|p2a: Mimikyu|Swords Dance|p2a: Mimikyu\n|-boost|p2a: Mimikyu|atk|2\n|\n|-weather|RainDance|[upkeep]\n|upkeep\n|turn|6\n|\n|t:|1699740316\n|move|p1a: Heliolisk|Thunderbolt|p2a: Mimikyu\n|-damage|p2a: Mimikyu|24\/100\n|move|p2a: Mimikyu|Play Rough|p1a: Heliolisk\n|-damage|p1a: Heliolisk|0 fnt\n|faint|p1a: Heliolisk\n|-damage|p2a: Mimikyu|14\/100|[from] item: Life Orb\n|\n|-weather|RainDance|[upkeep]\n|upkeep\n|\n|t:|1699740332\n|switch|p1a: Indeedee|Indeedee, M|100\/100\n|-fieldstart|move: Psychic Terrain|[from] ability: Psychic Surge|[of] p1a: Indeedee\n|turn|7\n|\n|t:|1699740337\n|-terastallize|p1a: Indeedee|Psychic\n|move|p2a: Mimikyu|Shadow Sneak|p1a: Indeedee\n|-activate|p1a: Indeedee|move: Psychic Terrain\n|move|p1a: Indeedee|Expanding Force|p2a: Mimikyu\n|-damage|p2a: Mimikyu|0 fnt\n|faint|p2a: Mimikyu\n|\n|-weather|RainDance|[upkeep]\n|upkeep\n|\n|t:|1699740359\n|switch|p2a: Tyrantrum|Tyrantrum, M|100\/100\n|turn|8\n|\n|t:|1699740371\n|move|p1a: Indeedee|Expanding Force|p2a: Tyrantrum\n|-damage|p2a: Tyrantrum|0 fnt\n|faint|p2a: Tyrantrum\n|\n|-weather|none\n|upkeep\n|\n|t:|1699740378\n|switch|p2a: Rotom|Rotom-Wash|100\/100\n|turn|9\n|\n|t:|1699740383\n|move|p1a: Indeedee|Expanding Force|p2a: Rotom\n|-crit|p2a: Rotom\n|-damage|p2a: Rotom|0 fnt\n|faint|p2a: Rotom\n|\n|upkeep\n|\n|t:|1699740388\n|switch|p2a: Scizor|Scizor, M|100\/100\n|turn|10\n|\n|t:|1699740392\n|switch|p1a: Cinccino|Cinccino, M|100\/100\n|move|p2a: Scizor|U-turn|p1a: Cinccino\n|-crit|p1a: Cinccino\n|-damage|p1a: Cinccino|0 fnt\n|faint|p1a: Cinccino\n|\n|t:|1699740401\n|switch|p2a: Cinderace|Cinderace, M|100\/100|[from] U-turn\n|\n|upkeep\n|\n|t:|1699740405\n|switch|p1a: Ambipom|Ambipom, F|100\/100\n|turn|11\n|\n|t:|1699740412\n|move|p2a: Cinderace|High Jump Kick|p1a: Ambipom\n|-start|p2a: Cinderace|typechange|Fighting|[from] ability: Libero\n|-immune|p1a: Ambipom\n|-damage|p2a: Cinderace|51\/100|[from] highjumpkick\n|move|p1a: Ambipom|Extrasensory|p2a: Cinderace\n|-supereffective|p2a: Cinderace\n|-damage|p2a: Cinderace|0 fnt\n|faint|p2a: Cinderace\n|\n|-fieldend|move: Psychic Terrain\n|upkeep\n|\n|t:|1699740424\n|switch|p2a: Scizor|Scizor, M|100\/100\n|turn|12\n|\n|t:|1699740431\n|switch|p1a: Indeedee|Indeedee, M, tera:Psychic|100\/100\n|-fieldstart|move: Psychic Terrain|[from] ability: Psychic Surge|[of] p1a: Indeedee\n|move|p2a: Scizor|Bullet Punch|p1a: Indeedee\n|-activate|p1a: Indeedee|move: Psychic Terrain\n|\n|upkeep\n|turn|13\n|-message|yoshin_71 forfeited.\n|\n|win|Zera & Lucy\n|raw|Zera &amp; Lucy's rating: 1122 &rarr; <strong>1141<\/strong><br \/>(+19 for winning)\n|raw|yoshin_71's rating: 1033 &rarr; <strong>1022<\/strong><br \/>(-11 for losing)\n|l|\u2606yoshin_71\n","uploadtime":1699740444,"views":10,"p1id":"zeralucy","p2id":"yoshin71","formatid":"gen9nationaldex","rating":1022,"private":0,"password":""}