{"id":"gen9nationaldex-1994467319","p1":"Mymic","p2":"gbootoxide","format":"[Gen 9] National Dex","log":"|j|\u2606Mymic\n|j|\u2606gbootoxide\n|t:|1700447289\n|gametype|singles\n|player|p1|Mymic|266|\n|player|p2|gbootoxide|evelyn|\n|teamsize|p1|6\n|teamsize|p2|6\n|gen|9\n|tier|[Gen 9] National Dex\n|rule|HP Percentage Mod: HP is shown in percentages\n|rule|Endless Battle Clause: Forcing endless battles is banned\n|rule|OHKO Clause: OHKO moves are banned\n|rule|Evasion Clause: Evasion abilities, items, and moves are banned\n|rule|Evasion Abilities Clause: Evasion abilities are banned\n|rule|Evasion Items Clause: Evasion items are banned\n|rule|Evasion Moves Clause: Evasion moves are banned\n|rule|Species Clause: Limit one of each Pok\u00e9mon\n|rule|Sleep Clause Mod: Limit one foe put to sleep\n|clearpoke\n|poke|p1|Gligar, M|\n|poke|p1|Snorlax, M|\n|poke|p1|Iron Valiant|\n|poke|p1|Haunter, F|\n|poke|p1|Lycanroc-Dusk, M|\n|poke|p1|Jirachi|\n|poke|p2|Lopunny, F|\n|poke|p2|Rotom-Mow|\n|poke|p2|Moltres|\n|poke|p2|Dugtrio-Alola, F|\n|poke|p2|Clawitzer, M|\n|poke|p2|Perrserker, F|\n|teampreview\n|\n|t:|1700447346\n|start\n|switch|p1a: Haunter|Haunter, F|100\/100\n|switch|p2a: Perrserker|Perrserker, F|100\/100\n|turn|1\n|\n|t:|1700447374\n|switch|p1a: Gligar|Gligar, M|100\/100\n|move|p2a: Perrserker|Knock Off|p1a: Gligar\n|-damage|p1a: Gligar|82\/100\n|-enditem|p1a: Gligar|Eviolite|[from] move: Knock Off|[of] p2a: Perrserker\n|\n|upkeep\n|turn|2\n|\n|t:|1700447408\n|move|p1a: Gligar|Spikes|p2a: Perrserker\n|-sidestart|p2: gbootoxide|Spikes\n|move|p2a: Perrserker|U-turn|p1a: Gligar\n|-resisted|p1a: Gligar\n|-damage|p1a: Gligar|70\/100\n|\n|t:|1700447427\n|switch|p2a: Clawitzer|Clawitzer, M|100\/100|[from] U-turn\n|-damage|p2a: Clawitzer|88\/100|[from] Spikes\n|\n|upkeep\n|turn|3\n|\n|t:|1700447455\n|move|p2a: Clawitzer|Water Pulse|p1a: Gligar\n|-supereffective|p1a: Gligar\n|-damage|p1a: Gligar|0 fnt\n|faint|p1a: Gligar\n|\n|upkeep\n|\n|t:|1700447492\n|switch|p1a: Haunter|Haunter, F|100\/100\n|turn|4\n|\n|t:|1700447517\n|switch|p2a: Moltres|Moltres|100\/100\n|move|p1a: Haunter|Energy Ball|p2a: Moltres\n|-resisted|p2a: Moltres\n|-damage|p2a: Moltres|94\/100\n|\n|upkeep\n|turn|5\n|\n|t:|1700447527\n|switch|p1a: Lycanroc|Lycanroc-Dusk, M|100\/100\n|move|p2a: Moltres|Defog|p1a: Lycanroc\n|-unboost|p1a: Lycanroc|evasion|1\n|-sideend|p2: gbootoxide|Spikes|[from] move: Defog|[of] p2a: Moltres\n|\n|upkeep\n|turn|6\n|\n|t:|1700447540\n|switch|p2a: Dugtrio|Dugtrio-Alola, F|100\/100\n|move|p1a: Lycanroc|Close Combat|p2a: Dugtrio\n|-supereffective|p2a: Dugtrio\n|-enditem|p2a: Dugtrio|Focus Sash\n|-damage|p2a: Dugtrio|1\/100\n|-unboost|p1a: Lycanroc|def|1\n|-unboost|p1a: Lycanroc|spd|1\n|-ability|p2a: Dugtrio|Tangling Hair\n|-unboost|p1a: Lycanroc|spe|1\n|\n|upkeep\n|turn|7\n|\n|t:|1700447556\n|move|p1a: Lycanroc|Accelerock|p2a: Dugtrio\n|-resisted|p2a: Dugtrio\n|-damage|p2a: Dugtrio|0 fnt\n|-ability|p2a: Dugtrio|Tangling Hair\n|-unboost|p1a: Lycanroc|spe|1\n|faint|p2a: Dugtrio\n|\n|upkeep\n|\n|t:|1700447600\n|switch|p2a: Rotom|Rotom-Mow|100\/100\n|turn|8\n|\n|t:|1700447632\n|switch|p1a: Haunter|Haunter, F|100\/100\n|move|p2a: Rotom|Volt Switch|p1a: Haunter\n|-damage|p1a: Haunter|28\/100\n|\n|t:|1700447686\n|switch|p2a: Moltres|Moltres|94\/100|[from] Volt Switch\n|\n|upkeep\n|turn|9\n|\n|t:|1700447693\n|switch|p1a: Snorlax|Snorlax, M|100\/100\n|move|p2a: Moltres|Roost|p2a: Moltres\n|-heal|p2a: Moltres|100\/100\n|-singleturn|p2a: Moltres|move: Roost\n|\n|upkeep\n|turn|10\n|\n|t:|1700447724\n|move|p2a: Moltres|Scorching Sands|p1a: Snorlax\n|-damage|p1a: Snorlax|88\/100\n|move|p1a: Snorlax|Rock Slide|p2a: Moltres\n|-supereffective|p2a: Moltres\n|-damage|p2a: Moltres|26\/100\n|\n|upkeep\n|turn|11\n|\n|t:|1700447732\n|move|p2a: Moltres|Roost|p2a: Moltres\n|-heal|p2a: Moltres|76\/100\n|-singleturn|p2a: Moltres|move: Roost\n|move|p1a: Snorlax|Earthquake|p2a: Moltres\n|-supereffective|p2a: Moltres\n|-damage|p2a: Moltres|30\/100\n|\n|upkeep\n|turn|12\n|\n|t:|1700447745\n|move|p2a: Moltres|Roost|p2a: Moltres\n|-heal|p2a: Moltres|80\/100\n|-singleturn|p2a: Moltres|move: Roost\n|move|p1a: Snorlax|Rock Slide|p2a: Moltres\n|-supereffective|p2a: Moltres\n|-damage|p2a: Moltres|43\/100\n|\n|upkeep\n|turn|13\n|\n|t:|1700447757\n|switch|p2a: Rotom|Rotom-Mow|100\/100\n|move|p1a: Snorlax|Rock Slide|p2a: Rotom\n|-crit|p2a: Rotom\n|-damage|p2a: Rotom|73\/100\n|\n|upkeep\n|turn|14\n|\n|t:|1700447786\n|move|p2a: Rotom|Volt Switch|p1a: Snorlax\n|-damage|p1a: Snorlax|70\/100\n|\n|t:|1700447789\n|switch|p2a: Clawitzer|Clawitzer, M|88\/100|[from] Volt Switch\n|move|p1a: Snorlax|Heat Crash|p2a: Clawitzer\n|-resisted|p2a: Clawitzer\n|-damage|p2a: Clawitzer|70\/100\n|\n|upkeep\n|turn|15\n|\n|t:|1700447809\n|move|p2a: Clawitzer|Water Pulse|p1a: Snorlax\n|-damage|p1a: Snorlax|30\/100\n|move|p1a: Snorlax|Earthquake|p2a: Clawitzer\n|-damage|p2a: Clawitzer|38\/100\n|\n|upkeep\n|turn|16\n|\n|t:|1700447829\n|move|p2a: Clawitzer|Water Pulse|p1a: Snorlax\n|-damage|p1a: Snorlax|0 fnt\n|faint|p1a: Snorlax\n|\n|upkeep\n|\n|t:|1700447856\n|switch|p1a: Iron Valiant|Iron Valiant|100\/100\n|turn|17\n|\n|t:|1700447870\n|move|p1a: Iron Valiant|Thunderbolt|p2a: Clawitzer\n|-supereffective|p2a: Clawitzer\n|-damage|p2a: Clawitzer|0 fnt\n|faint|p2a: Clawitzer\n|\n|upkeep\n|\n|t:|1700447894\n|switch|p2a: Rotom|Rotom-Mow|73\/100\n|turn|18\n|\n|t:|1700447933\n|-end|p1a: Iron Valiant|Quark Drive|[silent]\n|switch|p1a: Jirachi|Jirachi|100\/100\n|move|p2a: Rotom|Volt Switch|p1a: Jirachi\n|-damage|p1a: Jirachi|73\/100\n|\n|t:|1700447948\n|switch|p2a: Moltres|Moltres|43\/100|[from] Volt Switch\n|\n|upkeep\n|turn|19\n|\n|t:|1700447987\n|switch|p1a: Haunter|Haunter, F|28\/100\n|move|p2a: Moltres|Roost|p2a: Moltres\n|-heal|p2a: Moltres|93\/100\n|-singleturn|p2a: Moltres|move: Roost\n|\n|upkeep\n|turn|20\n|\n|t:|1700448018\n|move|p1a: Haunter|Psychic|p2a: Moltres\n|-damage|p2a: Moltres|68\/100\n|move|p2a: Moltres|Scorching Sands|p1a: Haunter\n|-immune|p1a: Haunter|[from] ability: Levitate\n|\n|upkeep\n|turn|21\n|\n|t:|1700448037\n|move|p1a: Haunter|Psychic|p2a: Moltres\n|-damage|p2a: Moltres|44\/100\n|move|p2a: Moltres|Roost|p2a: Moltres\n|-heal|p2a: Moltres|94\/100\n|-singleturn|p2a: Moltres|move: Roost\n|\n|upkeep\n|turn|22\n|\n|t:|1700448045\n|move|p1a: Haunter|Psychic|p2a: Moltres\n|-damage|p2a: Moltres|67\/100\n|move|p2a: Moltres|Flamethrower|p1a: Haunter\n|-damage|p1a: Haunter|0 fnt\n|faint|p1a: Haunter\n|\n|upkeep\n|\n|t:|1700448075\n|switch|p1a: Lycanroc|Lycanroc-Dusk, M|100\/100\n|turn|23\n|\n|t:|1700448094\n|switch|p2a: Perrserker|Perrserker, F|100\/100\n|move|p1a: Lycanroc|Accelerock|p2a: Perrserker\n|-resisted|p2a: Perrserker\n|-damage|p2a: Perrserker|88\/100\n|\n|upkeep\n|turn|24\n|\n|t:|1700448125\n|switch|p1a: Jirachi|Jirachi|73\/100\n|-terastallize|p2a: Perrserker|Poison\n|move|p2a: Perrserker|Iron Head|p1a: Jirachi\n|-resisted|p1a: Jirachi\n|-damage|p1a: Jirachi|58\/100\n|-damage|p2a: Perrserker|71\/100|[from] item: Rocky Helmet|[of] p1a: Jirachi\n|\n|upkeep\n|turn|25\n|\n|t:|1700448134\n|move|p1a: Jirachi|Wish|p1a: Jirachi\n|move|p2a: Perrserker|Knock Off|p1a: Jirachi\n|-supereffective|p1a: Jirachi\n|-damage|p1a: Jirachi|7\/100\n|-damage|p2a: Perrserker|55\/100|[from] item: Rocky Helmet|[of] p1a: Jirachi\n|-enditem|p1a: Jirachi|Rocky Helmet|[from] move: Knock Off|[of] p2a: Perrserker\n|\n|upkeep\n|turn|26\n|\n|t:|1700448154\n|move|p1a: Jirachi|Protect|p1a: Jirachi\n|-singleturn|p1a: Jirachi|Protect\n|move|p2a: Perrserker|Knock Off|p1a: Jirachi\n|-activate|p1a: Jirachi|move: Protect\n|\n|-heal|p1a: Jirachi|57\/100|[from] move: Wish|[wisher] Jirachi\n|upkeep\n|turn|27\n|\n|t:|1700448161\n|move|p1a: Jirachi|Psychic|p2a: Perrserker\n|-supereffective|p2a: Perrserker\n|-damage|p2a: Perrserker|0 fnt\n|faint|p2a: Perrserker\n|\n|upkeep\n|\n|t:|1700448177\n|switch|p2a: Moltres|Moltres|67\/100\n|turn|28\n|\n|t:|1700448208\n|move|p1a: Jirachi|Psychic|p2a: Moltres\n|-damage|p2a: Moltres|40\/100\n|move|p2a: Moltres|Flamethrower|p1a: Jirachi\n|-supereffective|p1a: Jirachi\n|-crit|p1a: Jirachi\n|-damage|p1a: Jirachi|0 fnt\n|faint|p1a: Jirachi\n|\n|upkeep\n|\n|t:|1700448233\n|switch|p1a: Lycanroc|Lycanroc-Dusk, M|100\/100\n|turn|29\n|\n|t:|1700448304\n|move|p1a: Lycanroc|Accelerock|p2a: Moltres\n|-supereffective|p2a: Moltres\n|-damage|p2a: Moltres|0 fnt\n|faint|p2a: Moltres\n|\n|upkeep\n|\n|t:|1700448332\n|switch|p2a: Lopunny|Lopunny, F|100\/100\n|turn|30\n|\n|t:|1700448378\n|detailschange|p2a: Lopunny|Lopunny-Mega, F\n|-mega|p2a: Lopunny|Lopunny|Lopunnite\n|move|p2a: Lopunny|U-turn|p1a: Lycanroc\n|-damage|p1a: Lycanroc|54\/100\n|-damage|p2a: Lopunny|84\/100|[from] item: Rocky Helmet|[of] p1a: Lycanroc\n|\n|t:|1700448384\n|switch|p2a: Rotom|Rotom-Mow|73\/100|[from] U-turn\n|move|p1a: Lycanroc|Close Combat|p2a: Rotom\n|-damage|p2a: Rotom|23\/100\n|-unboost|p1a: Lycanroc|def|1\n|-unboost|p1a: Lycanroc|spd|1\n|\n|upkeep\n|turn|31\n|c|\u2606Mymic|omg\n|c|\u2606Mymic|that was too stressful\n|c|\u2606gbootoxide|damn\n|c|\u2606gbootoxide|I was so sure you were gonna be sashed\n|c|\u2606Mymic|i forgot for a sec that lop got u turn\n|c|\u2606Mymic|nah\n|c|\u2606Mymic|im endure rocky\n|c|\u2606Mymic|w endeavor\n|\n|t:|1700448448\n|move|p1a: Lycanroc|Accelerock|p2a: Rotom\n|-damage|p2a: Rotom|0 fnt\n|faint|p2a: Rotom\n|\n|upkeep\n|\n|t:|1700448453\n|switch|p2a: Lopunny|Lopunny-Mega, F|84\/100\n|turn|32\n|\n|t:|1700448464\n|move|p1a: Lycanroc|Accelerock|p2a: Lopunny\n|-resisted|p2a: Lopunny\n|-crit|p2a: Lopunny\n|-damage|p2a: Lopunny|60\/100\n|move|p2a: Lopunny|Power-Up Punch|p1a: Lycanroc\n|-supereffective|p1a: Lycanroc\n|-damage|p1a: Lycanroc|0 fnt\n|-boost|p2a: Lopunny|atk|1\n|-damage|p2a: Lopunny|44\/100|[from] item: Rocky Helmet|[of] p1a: Lycanroc\n|faint|p1a: Lycanroc\n|\n|upkeep\n|c|\u2606Mymic|heat\n|\n|t:|1700448474\n|switch|p1a: Iron Valiant|Iron Valiant|100\/100\n|turn|33\n|\n|t:|1700448479\n|move|p1a: Iron Valiant|Moonblast|p2a: Lopunny\n|-supereffective|p2a: Lopunny\n|-damage|p2a: Lopunny|0 fnt\n|faint|p2a: Lopunny\n|\n|win|Mymic\n|c|\u2606gbootoxide|gg\n|c|\u2606Mymic|gg\n","uploadtime":1700448487,"views":28,"p1id":"mymic","p2id":"gbootoxide","formatid":"gen9nationaldex","rating":0,"private":0,"password":""}