{"id":"gen9nationaldex-1991694533","p1":"MrKetchup505","p2":"WillDog859","format":"[Gen 9] National Dex","log":"|j|\u2606MrKetchup505\n|j|\u2606WillDog859\n|t:|1700103551\n|gametype|singles\n|player|p1|MrKetchup505|drayden|1057\n|player|p2|WillDog859|ethan|1000\n|teamsize|p1|6\n|teamsize|p2|6\n|gen|9\n|tier|[Gen 9] National Dex\n|rated|\n|rule|HP Percentage Mod: HP is shown in percentages\n|rule|Endless Battle Clause: Forcing endless battles is banned\n|rule|OHKO Clause: OHKO moves are banned\n|rule|Evasion Clause: Evasion abilities, items, and moves are banned\n|rule|Evasion Abilities Clause: Evasion abilities are banned\n|rule|Evasion Items Clause: Evasion items are banned\n|rule|Evasion Moves Clause: Evasion moves are banned\n|rule|Species Clause: Limit one of each Pok\u00e9mon\n|rule|Sleep Clause Mod: Limit one foe put to sleep\n|clearpoke\n|poke|p1|Tinkaton, F|\n|poke|p1|Iron Valiant|\n|poke|p1|Drakloak, M|\n|poke|p1|Quaquaval, F|\n|poke|p1|Brute Bonnet|\n|poke|p1|Iron Treads|\n|poke|p2|Zeraora|\n|poke|p2|Tapu Koko|\n|poke|p2|Zapdos|\n|poke|p2|Iron Hands|\n|poke|p2|Rotom-Wash|\n|poke|p2|Vikavolt, M|\n|teampreview\n|\n|t:|1700103562\n|start\n|switch|p1a: Drakloak|Drakloak, M|100\/100\n|switch|p2a: Tapu Koko|Tapu Koko|100\/100\n|-fieldstart|move: Electric Terrain|[from] ability: Electric Surge|[of] p2a: Tapu Koko\n|turn|1\n|\n|t:|1700103572\n|switch|p1a: Iron Treads|Iron Treads|100\/100\n|-activate|p1a: Iron Treads|ability: Quark Drive\n|-start|p1a: Iron Treads|quarkdrivedef\n|move|p2a: Tapu Koko|Dazzling Gleam|p1a: Iron Treads\n|-resisted|p1a: Iron Treads\n|-damage|p1a: Iron Treads|81\/100\n|\n|-heal|p1a: Iron Treads|87\/100|[from] item: Leftovers\n|upkeep\n|turn|2\n|\n|t:|1700103582\n|switch|p2a: Rotom|Rotom-Wash, shiny|100\/100\n|move|p1a: Iron Treads|Heavy Slam|p2a: Rotom\n|-resisted|p2a: Rotom\n|-damage|p2a: Rotom|90\/100\n|\n|-heal|p1a: Iron Treads|94\/100|[from] item: Leftovers\n|upkeep\n|turn|3\n|\n|t:|1700103602\n|-end|p1a: Iron Treads|Quark Drive|[silent]\n|switch|p1a: Brute Bonnet|Brute Bonnet|100\/100\n|move|p2a: Rotom|Hydro Pump|p1a: Brute Bonnet|[miss]\n|-miss|p2a: Rotom|p1a: Brute Bonnet\n|\n|upkeep\n|turn|4\n|\n|t:|1700103614\n|move|p2a: Rotom|Volt Switch|p1a: Brute Bonnet\n|-resisted|p1a: Brute Bonnet\n|-damage|p1a: Brute Bonnet|90\/100\n|\n|t:|1700103623\n|switch|p2a: Iron Hands|Iron Hands, shiny|100\/100|[from] Volt Switch\n|-activate|p2a: Iron Hands|ability: Quark Drive\n|-start|p2a: Iron Hands|quarkdriveatk\n|move|p1a: Brute Bonnet|Giga Drain|p2a: Iron Hands\n|-damage|p2a: Iron Hands|81\/100\n|-heal|p1a: Brute Bonnet|100\/100|[from] drain|[of] p2a: Iron Hands\n|\n|upkeep\n|turn|5\n|\n|t:|1700103646\n|-end|p1a: Brute Bonnet|Protosynthesis|[silent]\n|switch|p1a: Iron Treads|Iron Treads|94\/100\n|-activate|p1a: Iron Treads|ability: Quark Drive\n|-start|p1a: Iron Treads|quarkdrivedef\n|move|p2a: Iron Hands|Fake Out|p1a: Iron Treads\n|-resisted|p1a: Iron Treads\n|-damage|p1a: Iron Treads|89\/100\n|\n|-heal|p1a: Iron Treads|95\/100|[from] item: Leftovers\n|upkeep\n|turn|6\n|\n|t:|1700103660\n|move|p1a: Iron Treads|Earthquake|p2a: Iron Hands\n|-supereffective|p2a: Iron Hands\n|-damage|p2a: Iron Hands|34\/100\n|move|p2a: Iron Hands|Ice Punch|p1a: Iron Treads\n|-damage|p1a: Iron Treads|77\/100\n|\n|-heal|p1a: Iron Treads|84\/100|[from] item: Leftovers\n|upkeep\n|turn|7\n|\n|t:|1700103667\n|move|p1a: Iron Treads|Earthquake|p2a: Iron Hands\n|-supereffective|p2a: Iron Hands\n|-damage|p2a: Iron Hands|0 fnt\n|faint|p2a: Iron Hands\n|-end|p2a: Iron Hands|Quark Drive|[silent]\n|\n|-heal|p1a: Iron Treads|90\/100|[from] item: Leftovers\n|upkeep\n|\n|t:|1700103672\n|switch|p2a: Zeraora|Zeraora|100\/100\n|turn|8\n|\n|t:|1700103682\n|move|p2a: Zeraora|Fake Out|p1a: Iron Treads\n|-resisted|p1a: Iron Treads\n|-damage|p1a: Iron Treads|86\/100\n|-damage|p2a: Zeraora|91\/100|[from] item: Life Orb\n|cant|p1a: Iron Treads|flinch\n|\n|-heal|p1a: Iron Treads|93\/100|[from] item: Leftovers\n|-fieldend|move: Electric Terrain\n|-end|p1a: Iron Treads|Quark Drive\n|upkeep\n|turn|9\n|\n|t:|1700103691\n|move|p2a: Zeraora|Knock Off|p1a: Iron Treads\n|-damage|p1a: Iron Treads|70\/100\n|-enditem|p1a: Iron Treads|Leftovers|[from] move: Knock Off|[of] p2a: Zeraora\n|-damage|p2a: Zeraora|81\/100|[from] item: Life Orb\n|move|p1a: Iron Treads|Heavy Slam|p2a: Zeraora\n|-resisted|p2a: Zeraora\n|-damage|p2a: Zeraora|50\/100\n|\n|upkeep\n|turn|10\n|\n|t:|1700103699\n|switch|p2a: Rotom|Rotom-Wash, shiny|90\/100\n|move|p1a: Iron Treads|Earthquake|p2a: Rotom\n|-immune|p2a: Rotom|[from] ability: Levitate\n|\n|upkeep\n|turn|11\n|\n|t:|1700103707\n|move|p1a: Iron Treads|Rapid Spin|p2a: Rotom\n|-damage|p2a: Rotom|79\/100\n|-boost|p1a: Iron Treads|spe|1\n|move|p2a: Rotom|Hydro Pump|p1a: Iron Treads\n|-supereffective|p1a: Iron Treads\n|-damage|p1a: Iron Treads|0 fnt\n|faint|p1a: Iron Treads\n|-end|p1a: Iron Treads|Quark Drive|[silent]\n|\n|upkeep\n|\n|t:|1700103718\n|switch|p1a: Brute Bonnet|Brute Bonnet|100\/100\n|turn|12\n|\n|t:|1700103725\n|move|p2a: Rotom|Reflect|p2a: Rotom\n|-sidestart|p2: WillDog859|Reflect\n|move|p1a: Brute Bonnet|Giga Drain|p2a: Rotom\n|-supereffective|p2a: Rotom\n|-damage|p2a: Rotom|19\/100\n|\n|upkeep\n|turn|13\n|\n|t:|1700103741\n|move|p2a: Rotom|Light Screen|p2a: Rotom\n|-sidestart|p2: WillDog859|move: Light Screen\n|move|p1a: Brute Bonnet|Giga Drain|p2a: Rotom\n|-supereffective|p2a: Rotom\n|-damage|p2a: Rotom|0 fnt\n|faint|p2a: Rotom\n|\n|upkeep\n|\n|t:|1700103755\n|switch|p2a: Vikavolt|Vikavolt, M, shiny|100\/100\n|turn|14\n|\n|t:|1700103771\n|-end|p1a: Brute Bonnet|Protosynthesis|[silent]\n|switch|p1a: Drakloak|Drakloak, M|100\/100\n|move|p2a: Vikavolt|Sticky Web|p1a: Drakloak\n|-sidestart|p1: MrKetchup505|move: Sticky Web\n|\n|upkeep\n|turn|15\n|\n|t:|1700103797\n|move|p1a: Drakloak|Fire Blast|p2a: Vikavolt\n|-supereffective|p2a: Vikavolt\n|-damage|p2a: Vikavolt|69\/100\n|move|p2a: Vikavolt|Energy Ball|p1a: Drakloak\n|-resisted|p1a: Drakloak\n|-damage|p1a: Drakloak|73\/100\n|-start|p2a: Vikavolt|Disable|Energy Ball|[from] ability: Cursed Body|[of] p1a: Drakloak\n|\n|upkeep\n|turn|16\n|\n|t:|1700103818\n|move|p1a: Drakloak|Fire Blast|p2a: Vikavolt\n|-supereffective|p2a: Vikavolt\n|-damage|p2a: Vikavolt|37\/100\n|move|p2a: Vikavolt|Volt Switch|p1a: Drakloak\n|-resisted|p1a: Drakloak\n|-damage|p1a: Drakloak|43\/100\n|\n|t:|1700103830\n|switch|p2a: Zapdos|Zapdos|100\/100|[from] Volt Switch\n|\n|upkeep\n|turn|17\n|\n|t:|1700103840\n|move|p1a: Drakloak|Fire Blast|p2a: Zapdos|[miss]\n|-miss|p1a: Drakloak|p2a: Zapdos\n|move|p2a: Zapdos|Hurricane|p1a: Drakloak\n|-damage|p1a: Drakloak|0 fnt\n|faint|p1a: Drakloak\n|\n|upkeep\n|\n|t:|1700103856\n|switch|p1a: Tinkaton|Tinkaton, F|100\/100\n|-activate|p1a: Tinkaton|move: Sticky Web\n|-unboost|p1a: Tinkaton|spe|1\n|-ability|p1a: Tinkaton|Mold Breaker\n|turn|18\n|\n|t:|1700103872\n|move|p2a: Zapdos|Hurricane|p1a: Tinkaton\n|-resisted|p1a: Tinkaton\n|-damage|p1a: Tinkaton|75\/100\n|-start|p1a: Tinkaton|confusion\n|-activate|p1a: Tinkaton|confusion\n|move|p1a: Tinkaton|Ice Hammer|p2a: Zapdos\n|-supereffective|p2a: Zapdos\n|-damage|p2a: Zapdos|82\/100\n|-unboost|p1a: Tinkaton|spe|1\n|\n|-heal|p1a: Tinkaton|82\/100|[from] item: Leftovers\n|upkeep\n|turn|19\n|\n|t:|1700103884\n|move|p2a: Zapdos|Volt Switch|p1a: Tinkaton\n|-damage|p1a: Tinkaton|51\/100\n|\n|t:|1700103889\n|switch|p2a: Tapu Koko|Tapu Koko|100\/100|[from] Volt Switch\n|-fieldstart|move: Electric Terrain|[from] ability: Electric Surge|[of] p2a: Tapu Koko\n|-activate|p1a: Tinkaton|confusion\n|move|p1a: Tinkaton|Ice Hammer|p2a: Tapu Koko\n|-damage|p2a: Tapu Koko|85\/100\n|-unboost|p1a: Tinkaton|spe|1\n|\n|-heal|p1a: Tinkaton|57\/100|[from] item: Leftovers\n|-sideend|p2: WillDog859|Reflect\n|upkeep\n|turn|20\n|\n|t:|1700103911\n|move|p2a: Tapu Koko|Dazzling Gleam|p1a: Tinkaton\n|-resisted|p1a: Tinkaton\n|-damage|p1a: Tinkaton|40\/100\n|-end|p1a: Tinkaton|confusion\n|move|p1a: Tinkaton|Gigaton Hammer|p2a: Tapu Koko\n|-damage|p2a: Tapu Koko|10\/100\n|\n|-heal|p1a: Tinkaton|46\/100|[from] item: Leftovers\n|-sideend|p2: WillDog859|move: Light Screen\n|upkeep\n|turn|21\n|\n|t:|1700103924\n|move|p2a: Tapu Koko|Roost|p2a: Tapu Koko\n|-heal|p2a: Tapu Koko|60\/100\n|-singleturn|p2a: Tapu Koko|move: Roost\n|move|p1a: Tinkaton|Draining Kiss|p2a: Tapu Koko\n|-damage|p2a: Tapu Koko|40\/100\n|-heal|p1a: Tinkaton|60\/100|[from] drain|[of] p2a: Tapu Koko\n|\n|-heal|p1a: Tinkaton|66\/100|[from] item: Leftovers\n|upkeep\n|turn|22\n|\n|t:|1700103932\n|move|p2a: Tapu Koko|Dazzling Gleam|p1a: Tinkaton\n|-resisted|p1a: Tinkaton\n|-damage|p1a: Tinkaton|50\/100\n|move|p1a: Tinkaton|Gigaton Hammer|p2a: Tapu Koko\n|-damage|p2a: Tapu Koko|0 fnt\n|faint|p2a: Tapu Koko\n|\n|-heal|p1a: Tinkaton|56\/100|[from] item: Leftovers\n|upkeep\n|\n|t:|1700103946\n|switch|p2a: Zeraora|Zeraora|50\/100\n|turn|23\n|\n|t:|1700103960\n|move|p2a: Zeraora|Fake Out|p1a: Tinkaton\n|-resisted|p1a: Tinkaton\n|-damage|p1a: Tinkaton|44\/100\n|-damage|p2a: Zeraora|40\/100|[from] item: Life Orb\n|cant|p1a: Tinkaton|flinch\n|\n|-heal|p1a: Tinkaton|50\/100|[from] item: Leftovers\n|upkeep\n|turn|24\n|\n|t:|1700103976\n|switch|p1a: Iron Valiant|Iron Valiant|100\/100\n|-activate|p1a: Iron Valiant|move: Sticky Web\n|-unboost|p1a: Iron Valiant|spe|1\n|-activate|p1a: Iron Valiant|ability: Quark Drive\n|-start|p1a: Iron Valiant|quarkdriveatk\n|move|p2a: Zeraora|Close Combat|p1a: Iron Valiant\n|-resisted|p1a: Iron Valiant\n|-damage|p1a: Iron Valiant|69\/100\n|-unboost|p2a: Zeraora|def|1\n|-unboost|p2a: Zeraora|spd|1\n|-damage|p2a: Zeraora|24\/100|[from] item: Rocky Helmet|[of] p1a: Iron Valiant\n|-damage|p2a: Zeraora|14\/100|[from] item: Life Orb\n|\n|upkeep\n|turn|25\n|\n|t:|1700103996\n|move|p2a: Zeraora|Plasma Fists|p1a: Iron Valiant\n|-damage|p1a: Iron Valiant|0 fnt\n|-fieldactivate|move: Ion Deluge\n|-hint|Normal-type moves become Electric-type after using Plasma Fists.\n|-damage|p2a: Zeraora|0 fnt|[from] item: Rocky Helmet|[of] p1a: Iron Valiant\n|faint|p1a: Iron Valiant\n|-end|p1a: Iron Valiant|Quark Drive|[silent]\n|faint|p2a: Zeraora\n|\n|upkeep\n|\n|t:|1700104004\n|switch|p2a: Zapdos|Zapdos|82\/100\n|switch|p1a: Brute Bonnet|Brute Bonnet|100\/100\n|-activate|p1a: Brute Bonnet|move: Sticky Web\n|-unboost|p1a: Brute Bonnet|spe|1\n|turn|26\n|\n|t:|1700104017\n|-terastallize|p1a: Brute Bonnet|Steel\n|move|p2a: Zapdos|Hurricane|p1a: Brute Bonnet|[miss]\n|-miss|p2a: Zapdos|p1a: Brute Bonnet\n|move|p1a: Brute Bonnet|Hex|p2a: Zapdos\n|-damage|p2a: Zapdos|66\/100\n|\n|-fieldend|move: Electric Terrain\n|upkeep\n|turn|27\n|\n|t:|1700104026\n|move|p2a: Zapdos|Hurricane|p1a: Brute Bonnet|[miss]\n|-miss|p2a: Zapdos|p1a: Brute Bonnet\n|move|p1a: Brute Bonnet|Hex|p2a: Zapdos\n|-damage|p2a: Zapdos|48\/100\n|\n|upkeep\n|turn|28\n|\n|t:|1700104036\n|move|p2a: Zapdos|Hurricane|p1a: Brute Bonnet\n|-resisted|p1a: Brute Bonnet\n|-damage|p1a: Brute Bonnet|81\/100\n|move|p1a: Brute Bonnet|Giga Drain|p2a: Zapdos\n|-resisted|p2a: Zapdos\n|-damage|p2a: Zapdos|34\/100\n|-heal|p1a: Brute Bonnet|87\/100|[from] drain|[of] p2a: Zapdos\n|\n|-heal|p1a: Brute Bonnet|93\/100|[from] item: Leftovers\n|upkeep\n|turn|29\n|\n|t:|1700104046\n|move|p2a: Zapdos|Volt Switch|p1a: Brute Bonnet\n|-damage|p1a: Brute Bonnet|70\/100\n|\n|t:|1700104050\n|switch|p2a: Vikavolt|Vikavolt, M, shiny|37\/100|[from] Volt Switch\n|move|p1a: Brute Bonnet|Giga Drain|p2a: Vikavolt\n|-resisted|p2a: Vikavolt\n|-damage|p2a: Vikavolt|19\/100\n|-heal|p1a: Brute Bonnet|77\/100|[from] drain|[of] p2a: Vikavolt\n|\n|-heal|p1a: Brute Bonnet|84\/100|[from] item: Leftovers\n|upkeep\n|turn|30\n|\n|t:|1700104059\n|move|p2a: Vikavolt|Bug Bite|p1a: Brute Bonnet\n|-resisted|p1a: Brute Bonnet\n|-damage|p1a: Brute Bonnet|77\/100\n|move|p1a: Brute Bonnet|Giga Drain|p2a: Vikavolt\n|-resisted|p2a: Vikavolt\n|-damage|p2a: Vikavolt|2\/100\n|-heal|p1a: Brute Bonnet|84\/100|[from] drain|[of] p2a: Vikavolt\n|\n|-heal|p1a: Brute Bonnet|90\/100|[from] item: Leftovers\n|upkeep\n|turn|31\n|\n|t:|1700104068\n|move|p2a: Vikavolt|Energy Ball|p1a: Brute Bonnet\n|-resisted|p1a: Brute Bonnet\n|-damage|p1a: Brute Bonnet|75\/100\n|move|p1a: Brute Bonnet|Giga Drain|p2a: Vikavolt\n|-resisted|p2a: Vikavolt\n|-damage|p2a: Vikavolt|0 fnt\n|-heal|p1a: Brute Bonnet|75\/100|[from] drain|[of] p2a: Vikavolt\n|faint|p2a: Vikavolt\n|\n|-heal|p1a: Brute Bonnet|81\/100|[from] item: Leftovers\n|upkeep\n|\n|t:|1700104072\n|switch|p2a: Zapdos|Zapdos|34\/100\n|turn|32\n|\n|t:|1700104082\n|move|p2a: Zapdos|Volt Switch|p1a: Brute Bonnet\n|-damage|p1a: Brute Bonnet|57\/100\n|move|p1a: Brute Bonnet|Giga Drain|p2a: Zapdos\n|-resisted|p2a: Zapdos\n|-damage|p2a: Zapdos|19\/100\n|-heal|p1a: Brute Bonnet|63\/100|[from] drain|[of] p2a: Zapdos\n|\n|-heal|p1a: Brute Bonnet|70\/100|[from] item: Leftovers\n|upkeep\n|turn|33\n|\n|t:|1700104091\n|move|p2a: Zapdos|Roost|p2a: Zapdos\n|-heal|p2a: Zapdos|69\/100\n|-singleturn|p2a: Zapdos|move: Roost\n|move|p1a: Brute Bonnet|Giga Drain|p2a: Zapdos\n|-damage|p2a: Zapdos|36\/100\n|-heal|p1a: Brute Bonnet|84\/100|[from] drain|[of] p2a: Zapdos\n|\n|-heal|p1a: Brute Bonnet|90\/100|[from] item: Leftovers\n|upkeep\n|turn|34\n|\n|t:|1700104100\n|move|p2a: Zapdos|Roost|p2a: Zapdos\n|-heal|p2a: Zapdos|86\/100\n|-singleturn|p2a: Zapdos|move: Roost\n|move|p1a: Brute Bonnet|Giga Drain|p2a: Zapdos\n|-damage|p2a: Zapdos|57\/100\n|-heal|p1a: Brute Bonnet|100\/100|[from] drain|[of] p2a: Zapdos\n|\n|upkeep\n|turn|35\n|\n|t:|1700104114\n|-terastallize|p2a: Zapdos|Steel\n|move|p2a: Zapdos|Volt Switch|p1a: Brute Bonnet\n|-damage|p1a: Brute Bonnet|78\/100\n|move|p1a: Brute Bonnet|Giga Drain|p2a: Zapdos\n|-resisted|p2a: Zapdos\n|-damage|p2a: Zapdos|41\/100\n|-heal|p1a: Brute Bonnet|85\/100|[from] drain|[of] p2a: Zapdos\n|\n|-heal|p1a: Brute Bonnet|91\/100|[from] item: Leftovers\n|upkeep\n|turn|36\n|\n|t:|1700104124\n|move|p2a: Zapdos|Hurricane|p1a: Brute Bonnet\n|-resisted|p1a: Brute Bonnet\n|-damage|p1a: Brute Bonnet|72\/100\n|move|p1a: Brute Bonnet|Giga Drain|p2a: Zapdos\n|-resisted|p2a: Zapdos\n|-damage|p2a: Zapdos|26\/100\n|-heal|p1a: Brute Bonnet|79\/100|[from] drain|[of] p2a: Zapdos\n|\n|-heal|p1a: Brute Bonnet|85\/100|[from] item: Leftovers\n|upkeep\n|turn|37\n|\n|t:|1700104137\n|move|p2a: Zapdos|Volt Switch|p1a: Brute Bonnet\n|-damage|p1a: Brute Bonnet|62\/100\n|move|p1a: Brute Bonnet|Giga Drain|p2a: Zapdos\n|-resisted|p2a: Zapdos\n|-damage|p2a: Zapdos|12\/100\n|-heal|p1a: Brute Bonnet|68\/100|[from] drain|[of] p2a: Zapdos\n|\n|-heal|p1a: Brute Bonnet|74\/100|[from] item: Leftovers\n|upkeep\n|turn|38\n|\n|t:|1700104161\n|move|p2a: Zapdos|Volt Switch|p1a: Brute Bonnet\n|-damage|p1a: Brute Bonnet|52\/100\n|move|p1a: Brute Bonnet|Giga Drain|p2a: Zapdos\n|-resisted|p2a: Zapdos\n|-crit|p2a: Zapdos\n|-damage|p2a: Zapdos|0 fnt\n|-heal|p1a: Brute Bonnet|58\/100|[from] drain|[of] p2a: Zapdos\n|faint|p2a: Zapdos\n|\n|win|MrKetchup505\n|raw|MrKetchup505's rating: 1057 &rarr; <strong>1083<\/strong><br \/>(+26 for winning)\n|raw|WillDog859's rating: 1000 &rarr; <strong>1000<\/strong><br \/>(+0 for losing)\n","uploadtime":1700104165,"views":15,"p1id":"mrketchup505","p2id":"willdog859","formatid":"gen9nationaldex","rating":1000,"private":0,"password":""}