{"id":"gen9nationaldex-1992178860","p1":"asoespresso","p2":"Plutonium PT","format":"[Gen 9] National Dex","log":"|j|\u2606asoespresso\n|j|\u2606Plutonium PT\n|inactive|Battle timer is ON: inactive players will automatically lose when time's up.\n|t:|1700161535\n|gametype|singles\n|player|p1|asoespresso|bede|\n|player|p2|Plutonium PT|clay|\n|teamsize|p1|6\n|teamsize|p2|6\n|gen|9\n|tier|[Gen 9] National Dex\n|rated|Tournament battle\n|rule|HP Percentage Mod: HP is shown in percentages\n|rule|Endless Battle Clause: Forcing endless battles is banned\n|rule|OHKO Clause: OHKO moves are banned\n|rule|Evasion Clause: Evasion abilities, items, and moves are banned\n|rule|Evasion Abilities Clause: Evasion abilities are banned\n|rule|Evasion Items Clause: Evasion items are banned\n|rule|Evasion Moves Clause: Evasion moves are banned\n|rule|Species Clause: Limit one of each Pok\u00e9mon\n|rule|Sleep Clause Mod: Limit one foe put to sleep\n|clearpoke\n|poke|p1|Tyranitar, M|\n|poke|p1|Excadrill, F|\n|poke|p1|Ogerpon-Wellspring, F|\n|poke|p1|Gliscor, M|\n|poke|p1|Alomomola, F|\n|poke|p1|Skarmory, F|\n|poke|p2|Lopunny, F|\n|poke|p2|Clefable, M|\n|poke|p2|Landorus-Therian, M|\n|poke|p2|Urshifu-*, M|\n|poke|p2|Kyurem|\n|poke|p2|Heatran, F|\n|teampreview\n|c|\u2606Plutonium PT|hf hf\n|c|\u2606asoespresso|hf\n|c|\u2606Plutonium PT|i stole this from someone\n|c|\u2606Plutonium PT|dont remember whom\n|inactive|asoespresso has 120 seconds left.\n|\n|t:|1700161572\n|start\n|switch|p1a: Phoenix|Skarmory, F|100\/100\n|switch|p2a: Urshifu|Urshifu-Rapid-Strike, M|100\/100\n|turn|1\n|\n|t:|1700161596\n|move|p2a: Urshifu|U-turn|p1a: Phoenix\n|-resisted|p1a: Phoenix\n|-damage|p1a: Phoenix|95\/100\n|\n|t:|1700161606\n|switch|p2a: Kyurem|Kyurem|100\/100|[from] U-turn\n|-ability|p2a: Kyurem|Pressure\n|move|p1a: Phoenix|Roost|p1a: Phoenix\n|-heal|p1a: Phoenix|100\/100\n|-singleturn|p1a: Phoenix|move: Roost\n|\n|upkeep\n|turn|2\n|\n|t:|1700161619\n|switch|p1a: Benzos|Tyranitar, M|100\/100\n|-weather|Sandstorm|[from] ability: Sand Stream|[of] p1a: Benzos\n|move|p2a: Kyurem|Earth Power|p1a: Benzos\n|-supereffective|p1a: Benzos\n|-damage|p1a: Benzos|62\/100\n|\n|-weather|Sandstorm|[upkeep]\n|-damage|p2a: Kyurem|94\/100|[from] Sandstorm\n|upkeep\n|turn|3\n|\n|t:|1700161637\n|-activate|p2a: Kyurem|move: Pursuit\n|detailschange|p1a: Benzos|Tyranitar-Mega, M\n|-mega|p1a: Benzos|Tyranitar|Tyranitarite\n|move|p1a: Benzos|Pursuit|p2a: Kyurem|[from]Pursuit\n|-damage|p2a: Kyurem|42\/100\n|switch|p2a: Landorus|Landorus-Therian, M|100\/100\n|-ability|p2a: Landorus|Intimidate|boost\n|-unboost|p1a: Benzos|atk|1\n|\n|-weather|Sandstorm|[upkeep]\n|upkeep\n|turn|4\n|\n|t:|1700161648\n|switch|p1a: UAREMYSPECIAL|Gliscor, M|100\/100\n|move|p2a: Landorus|U-turn|p1a: UAREMYSPECIAL\n|-resisted|p1a: UAREMYSPECIAL\n|-damage|p1a: UAREMYSPECIAL|90\/100\n|\n|t:|1700161652\n|switch|p2a: Kyurem|Kyurem|42\/100|[from] U-turn\n|-ability|p2a: Kyurem|Pressure\n|\n|-weather|Sandstorm|[upkeep]\n|-damage|p2a: Kyurem|36\/100|[from] Sandstorm\n|-status|p1a: UAREMYSPECIAL|tox|[from] item: Toxic Orb\n|upkeep\n|turn|5\n|\n|t:|1700161656\n|-terastallize|p1a: UAREMYSPECIAL|Fairy\n|move|p2a: Kyurem|Roost|p2a: Kyurem\n|-heal|p2a: Kyurem|86\/100\n|-singleturn|p2a: Kyurem|move: Roost\n|move|p1a: UAREMYSPECIAL|Facade|p2a: Kyurem\n|-crit|p2a: Kyurem\n|-damage|p2a: Kyurem|45\/100\n|\n|-weather|Sandstorm|[upkeep]\n|-damage|p2a: Kyurem|39\/100|[from] Sandstorm\n|-damage|p1a: UAREMYSPECIAL|84\/100 tox|[from] Sandstorm\n|-heal|p1a: UAREMYSPECIAL|97\/100 tox|[from] ability: Poison Heal\n|upkeep\n|turn|6\n|\n|t:|1700161663\n|move|p2a: Kyurem|Roost|p2a: Kyurem\n|-heal|p2a: Kyurem|89\/100\n|-singleturn|p2a: Kyurem|move: Roost\n|move|p1a: UAREMYSPECIAL|Swords Dance|p1a: UAREMYSPECIAL\n|-boost|p1a: UAREMYSPECIAL|atk|2\n|\n|-weather|none\n|-heal|p1a: UAREMYSPECIAL|100\/100 tox|[from] ability: Poison Heal\n|upkeep\n|turn|7\n|\n|t:|1700161667\n|move|p2a: Kyurem|Ice Beam|p1a: UAREMYSPECIAL\n|-damage|p1a: UAREMYSPECIAL|47\/100 tox\n|move|p1a: UAREMYSPECIAL|Facade|p2a: Kyurem\n|-damage|p2a: Kyurem|26\/100\n|\n|-heal|p1a: UAREMYSPECIAL|59\/100 tox|[from] ability: Poison Heal\n|upkeep\n|turn|8\n|\n|t:|1700161686\n|switch|p2a: Urshifu|Urshifu-Rapid-Strike, M|100\/100\n|switch|p1a: Benzos|Tyranitar-Mega, M|62\/100\n|-weather|Sandstorm|[from] ability: Sand Stream|[of] p1a: Benzos\n|\n|-weather|Sandstorm|[upkeep]\n|-damage|p2a: Urshifu|94\/100|[from] Sandstorm\n|upkeep\n|turn|9\n|\n|t:|1700161692\n|switch|p1a: Phoenix|Skarmory, F|100\/100\n|move|p2a: Urshifu|U-turn|p1a: Phoenix\n|-resisted|p1a: Phoenix\n|-damage|p1a: Phoenix|96\/100\n|\n|t:|1700161695\n|switch|p2a: Kyurem|Kyurem|26\/100|[from] U-turn\n|-ability|p2a: Kyurem|Pressure\n|\n|-weather|Sandstorm|[upkeep]\n|-damage|p2a: Kyurem|20\/100|[from] Sandstorm\n|upkeep\n|turn|10\n|\n|t:|1700161700\n|switch|p1a: UAREMYSPECIAL|Gliscor, M, tera:Fairy|59\/100 tox\n|move|p2a: Kyurem|Roost|p2a: Kyurem\n|-heal|p2a: Kyurem|70\/100\n|-singleturn|p2a: Kyurem|move: Roost\n|\n|-weather|Sandstorm|[upkeep]\n|-damage|p2a: Kyurem|64\/100|[from] Sandstorm\n|-damage|p1a: UAREMYSPECIAL|53\/100 tox|[from] Sandstorm\n|-heal|p1a: UAREMYSPECIAL|66\/100 tox|[from] ability: Poison Heal\n|upkeep\n|turn|11\n|\n|t:|1700161705\n|move|p2a: Kyurem|Ice Beam|p1a: UAREMYSPECIAL\n|-damage|p1a: UAREMYSPECIAL|11\/100 tox\n|move|p1a: UAREMYSPECIAL|Roost|p1a: UAREMYSPECIAL\n|-heal|p1a: UAREMYSPECIAL|61\/100 tox\n|\n|-weather|Sandstorm|[upkeep]\n|-damage|p2a: Kyurem|58\/100|[from] Sandstorm\n|-damage|p1a: UAREMYSPECIAL|54\/100 tox|[from] Sandstorm\n|-heal|p1a: UAREMYSPECIAL|67\/100 tox|[from] ability: Poison Heal\n|upkeep\n|turn|12\n|\n|t:|1700161713\n|move|p2a: Kyurem|Ice Beam|p1a: UAREMYSPECIAL\n|-damage|p1a: UAREMYSPECIAL|12\/100 tox\n|move|p1a: UAREMYSPECIAL|Roost|p1a: UAREMYSPECIAL\n|-heal|p1a: UAREMYSPECIAL|62\/100 tox\n|\n|-weather|none\n|-heal|p1a: UAREMYSPECIAL|75\/100 tox|[from] ability: Poison Heal\n|upkeep\n|turn|13\n|\n|t:|1700161719\n|move|p2a: Kyurem|Ice Beam|p1a: UAREMYSPECIAL\n|-damage|p1a: UAREMYSPECIAL|27\/100 tox\n|move|p1a: UAREMYSPECIAL|Roost|p1a: UAREMYSPECIAL\n|-heal|p1a: UAREMYSPECIAL|77\/100 tox\n|\n|-heal|p1a: UAREMYSPECIAL|90\/100 tox|[from] ability: Poison Heal\n|upkeep\n|turn|14\n|\n|t:|1700161724\n|move|p2a: Kyurem|Ice Beam|p1a: UAREMYSPECIAL\n|-damage|p1a: UAREMYSPECIAL|42\/100 tox\n|move|p1a: UAREMYSPECIAL|Swords Dance|p1a: UAREMYSPECIAL\n|-boost|p1a: UAREMYSPECIAL|atk|2\n|\n|-heal|p1a: UAREMYSPECIAL|54\/100 tox|[from] ability: Poison Heal\n|upkeep\n|turn|15\n|\n|t:|1700161740\n|switch|p1a: Benzos|Tyranitar-Mega, M|62\/100\n|-weather|Sandstorm|[from] ability: Sand Stream|[of] p1a: Benzos\n|move|p2a: Kyurem|Ice Beam|p1a: Benzos\n|-damage|p1a: Benzos|29\/100\n|\n|-weather|Sandstorm|[upkeep]\n|-damage|p2a: Kyurem|51\/100|[from] Sandstorm\n|upkeep\n|turn|16\n|\n|t:|1700161747\n|move|p2a: Kyurem|Earth Power|p1a: Benzos\n|-supereffective|p1a: Benzos\n|-damage|p1a: Benzos|0 fnt\n|faint|p1a: Benzos\n|\n|-weather|Sandstorm|[upkeep]\n|-damage|p2a: Kyurem|45\/100|[from] Sandstorm\n|upkeep\n|\n|t:|1700161751\n|switch|p1a: Drilla|Excadrill, F|100\/100\n|turn|17\n|c|\u2606Plutonium PT|dayum kyurem cookin\n|\n|t:|1700161757\n|switch|p2a: Landorus|Landorus-Therian, M|100\/100\n|-ability|p2a: Landorus|Intimidate|boost\n|-unboost|p1a: Drilla|atk|1\n|move|p1a: Drilla|Toxic|p2a: Landorus\n|-status|p2a: Landorus|tox\n|\n|-weather|Sandstorm|[upkeep]\n|-damage|p2a: Landorus|95\/100 tox|[from] psn\n|upkeep\n|turn|18\n|\n|t:|1700161768\n|switch|p1a: Phoenix|Skarmory, F|96\/100\n|move|p2a: Landorus|U-turn|p1a: Phoenix\n|-resisted|p1a: Phoenix\n|-damage|p1a: Phoenix|92\/100\n|\n|t:|1700161773\n|switch|p2a: Heatran|Heatran, F|100\/100|[from] U-turn\n|\n|-weather|Sandstorm|[upkeep]\n|upkeep\n|turn|19\n|\n|t:|1700161779\n|switch|p1a: ALL I NEED|Alomomola, F|100\/100\n|move|p2a: Heatran|Magma Storm|p1a: ALL I NEED\n|-resisted|p1a: ALL I NEED\n|-damage|p1a: ALL I NEED|80\/100\n|-activate|p1a: ALL I NEED|move: Magma Storm|[of] p2a: Heatran\n|\n|-weather|none\n|-damage|p1a: ALL I NEED|67\/100|[from] move: Magma Storm|[partiallytrapped]\n|upkeep\n|turn|20\n|\n|t:|1700161784\n|move|p2a: Heatran|Stealth Rock|p1a: ALL I NEED\n|-sidestart|p1: asoespresso|move: Stealth Rock\n|move|p1a: ALL I NEED|Flip Turn|p2a: Heatran\n|-supereffective|p2a: Heatran\n|-damage|p2a: Heatran|71\/100\n|\n|t:|1700161790\n|switch|p1a: UAREMYSPECIAL|Gliscor, M, tera:Fairy|54\/100 tox|[from] Flip Turn\n|-damage|p1a: UAREMYSPECIAL|42\/100 tox|[from] Stealth Rock\n|\n|-heal|p2a: Heatran|77\/100|[from] item: Leftovers\n|-heal|p1a: UAREMYSPECIAL|54\/100 tox|[from] ability: Poison Heal\n|upkeep\n|turn|21\n|\n|t:|1700161794\n|switch|p2a: Urshifu|Urshifu-Rapid-Strike, M|94\/100\n|move|p1a: UAREMYSPECIAL|Roost|p1a: UAREMYSPECIAL\n|-heal|p1a: UAREMYSPECIAL|100\/100 tox\n|\n|upkeep\n|turn|22\n|\n|t:|1700161798\n|switch|p1a: ALL I NEED|Alomomola, F|100\/100\n|move|p2a: Urshifu|Surging Strikes|p1a: ALL I NEED\n|-resisted|p1a: ALL I NEED\n|-crit|p1a: ALL I NEED\n|-damage|p1a: ALL I NEED|92\/100\n|-resisted|p1a: ALL I NEED\n|-crit|p1a: ALL I NEED\n|-damage|p1a: ALL I NEED|83\/100\n|-resisted|p1a: ALL I NEED\n|-crit|p1a: ALL I NEED\n|-damage|p1a: ALL I NEED|74\/100\n|-hitcount|p1a: ALL I NEED|3\n|\n|upkeep\n|turn|23\n|\n|t:|1700161805\n|switch|p2a: Clefable|Clefable, M|100\/100\n|move|p1a: ALL I NEED|Flip Turn|p2a: Clefable\n|-damage|p2a: Clefable|88\/100\n|\n|t:|1700161811\n|switch|p1a: Drilla|Excadrill, F|100\/100|[from] Flip Turn\n|-damage|p1a: Drilla|97\/100|[from] Stealth Rock\n|\n|-heal|p1a: Drilla|100\/100|[from] item: Leftovers\n|-heal|p2a: Clefable|94\/100|[from] item: Leftovers\n|upkeep\n|turn|24\n|\n|t:|1700161814\n|switch|p2a: Landorus|Landorus-Therian, M|95\/100 tox\n|-ability|p2a: Landorus|Intimidate|boost\n|-unboost|p1a: Drilla|atk|1\n|move|p1a: Drilla|Rapid Spin|p2a: Landorus\n|-damage|p2a: Landorus|84\/100 tox\n|-boost|p1a: Drilla|spe|1\n|-sideend|p1: asoespresso|Stealth Rock|[from] move: Rapid Spin|[of] p1a: Drilla\n|\n|-damage|p2a: Landorus|78\/100 tox|[from] psn\n|upkeep\n|turn|25\n|\n|t:|1700161824\n|switch|p1a: UAREMYSPECIAL|Gliscor, M, tera:Fairy|100\/100 tox\n|move|p2a: Landorus|U-turn|p1a: UAREMYSPECIAL\n|-resisted|p1a: UAREMYSPECIAL\n|-damage|p1a: UAREMYSPECIAL|89\/100 tox\n|\n|t:|1700161829\n|switch|p2a: Lopunny|Lopunny, F|100\/100|[from] U-turn\n|\n|-heal|p1a: UAREMYSPECIAL|100\/100 tox|[from] ability: Poison Heal\n|upkeep\n|turn|26\n|\n|t:|1700161833\n|switch|p1a: Phoenix|Skarmory, F|92\/100\n|detailschange|p2a: Lopunny|Lopunny-Mega, F\n|-mega|p2a: Lopunny|Lopunny|Lopunnite\n|move|p2a: Lopunny|Fake Out|p1a: Phoenix\n|-resisted|p1a: Phoenix\n|-damage|p1a: Phoenix|86\/100\n|\n|upkeep\n|turn|27\n|\n|t:|1700161839\n|switch|p1a: UAREMYSPECIAL|Gliscor, M, tera:Fairy|100\/100 tox\n|move|p2a: Lopunny|U-turn|p1a: UAREMYSPECIAL\n|-resisted|p1a: UAREMYSPECIAL\n|-damage|p1a: UAREMYSPECIAL|91\/100 tox\n|\n|t:|1700161844\n|switch|p2a: Urshifu|Urshifu-Rapid-Strike, M|94\/100|[from] U-turn\n|\n|-heal|p1a: UAREMYSPECIAL|100\/100 tox|[from] ability: Poison Heal\n|upkeep\n|turn|28\n|\n|t:|1700161851\n|switch|p1a: ALL I NEED|Alomomola, F|100\/100\n|-terastallize|p2a: Urshifu|Water\n|move|p2a: Urshifu|Surging Strikes|p1a: ALL I NEED\n|-resisted|p1a: ALL I NEED\n|-crit|p1a: ALL I NEED\n|-damage|p1a: ALL I NEED|88\/100\n|-resisted|p1a: ALL I NEED\n|-crit|p1a: ALL I NEED\n|-damage|p1a: ALL I NEED|76\/100\n|-resisted|p1a: ALL I NEED\n|-crit|p1a: ALL I NEED\n|-damage|p1a: ALL I NEED|65\/100\n|-hitcount|p1a: ALL I NEED|3\n|\n|upkeep\n|turn|29\n|\n|t:|1700161862\n|switch|p2a: Lopunny|Lopunny-Mega, F|100\/100\n|move|p1a: ALL I NEED|Flip Turn|p2a: Lopunny\n|-damage|p2a: Lopunny|77\/100\n|\n|t:|1700161872\n|switch|p1a: UAREMYSPECIAL|Gliscor, M, tera:Fairy|100\/100 tox|[from] Flip Turn\n|\n|upkeep\n|turn|30\n|\n|t:|1700161879\n|move|p2a: Lopunny|Fake Out|p1a: UAREMYSPECIAL\n|-damage|p1a: UAREMYSPECIAL|84\/100 tox\n|cant|p1a: UAREMYSPECIAL|flinch\n|\n|-heal|p1a: UAREMYSPECIAL|97\/100 tox|[from] ability: Poison Heal\n|upkeep\n|turn|31\n|\n|t:|1700161882\n|move|p2a: Lopunny|Return|p1a: UAREMYSPECIAL\n|-damage|p1a: UAREMYSPECIAL|51\/100 tox\n|move|p1a: UAREMYSPECIAL|Facade|p2a: Lopunny\n|-damage|p2a: Lopunny|37\/100\n|\n|-heal|p1a: UAREMYSPECIAL|64\/100 tox|[from] ability: Poison Heal\n|upkeep\n|turn|32\n|\n|t:|1700161890\n|move|p2a: Lopunny|U-turn|p1a: UAREMYSPECIAL\n|-resisted|p1a: UAREMYSPECIAL\n|-damage|p1a: UAREMYSPECIAL|54\/100 tox\n|\n|t:|1700161894\n|switch|p2a: Kyurem|Kyurem|45\/100|[from] U-turn\n|-ability|p2a: Kyurem|Pressure\n|move|p1a: UAREMYSPECIAL|Facade|p2a: Kyurem\n|-damage|p2a: Kyurem|14\/100\n|\n|-heal|p1a: UAREMYSPECIAL|67\/100 tox|[from] ability: Poison Heal\n|upkeep\n|turn|33\n|\n|t:|1700161902\n|move|p2a: Kyurem|Roost|p2a: Kyurem\n|-heal|p2a: Kyurem|64\/100\n|-singleturn|p2a: Kyurem|move: Roost\n|move|p1a: UAREMYSPECIAL|Earthquake|p2a: Kyurem\n|-damage|p2a: Kyurem|33\/100\n|\n|-heal|p1a: UAREMYSPECIAL|79\/100 tox|[from] ability: Poison Heal\n|upkeep\n|turn|34\n|\n|t:|1700161908\n|move|p2a: Kyurem|Ice Beam|p1a: UAREMYSPECIAL\n|-damage|p1a: UAREMYSPECIAL|28\/100 tox\n|move|p1a: UAREMYSPECIAL|Swords Dance|p1a: UAREMYSPECIAL\n|-boost|p1a: UAREMYSPECIAL|atk|2\n|\n|-heal|p1a: UAREMYSPECIAL|41\/100 tox|[from] ability: Poison Heal\n|upkeep\n|turn|35\n|\n|t:|1700161913\n|move|p2a: Kyurem|Ice Beam|p1a: UAREMYSPECIAL\n|-damage|p1a: UAREMYSPECIAL|0 fnt\n|faint|p1a: UAREMYSPECIAL\n|\n|upkeep\n|\n|t:|1700161917\n|switch|p1a: WaVyyy|Ogerpon-Wellspring, F|100\/100\n|turn|36\n|\n|t:|1700161929\n|switch|p2a: Clefable|Clefable, M|94\/100\n|move|p1a: WaVyyy|Play Rough|p2a: Clefable|[miss]\n|-miss|p1a: WaVyyy|p2a: Clefable\n|\n|-heal|p2a: Clefable|99\/100|[from] item: Leftovers\n|upkeep\n|turn|37\n|\n|t:|1700161938\n|switch|p1a: Drilla|Excadrill, F|100\/100\n|move|p2a: Clefable|Knock Off|p1a: Drilla\n|-damage|p1a: Drilla|81\/100\n|-enditem|p1a: Drilla|Leftovers|[from] move: Knock Off|[of] p2a: Clefable\n|\n|-heal|p2a: Clefable|100\/100|[from] item: Leftovers\n|upkeep\n|turn|38\n|j| elvisma\n|c|\u2606asoespresso|this world needs healing\n|\n|t:|1700161949\n|switch|p2a: Landorus|Landorus-Therian, M|78\/100 tox\n|-ability|p2a: Landorus|Intimidate|boost\n|-unboost|p1a: Drilla|atk|1\n|move|p1a: Drilla|Iron Head|p2a: Landorus\n|-damage|p2a: Landorus|48\/100 tox\n|\n|-damage|p2a: Landorus|43\/100 tox|[from] psn\n|upkeep\n|turn|39\n|c|\u2606Plutonium PT|wdym?\n|\n|t:|1700161956\n|move|p2a: Landorus|U-turn|p1a: Drilla\n|-resisted|p1a: Drilla\n|-damage|p1a: Drilla|63\/100\n|\n|t:|1700161961\n|switch|p2a: Urshifu|Urshifu-Rapid-Strike, M, tera:Water|94\/100|[from] U-turn\n|move|p1a: Drilla|Iron Head|p2a: Urshifu\n|-resisted|p2a: Urshifu\n|-damage|p2a: Urshifu|82\/100\n|\n|upkeep\n|turn|40\n|\n|t:|1700161968\n|switch|p1a: ALL I NEED|Alomomola, F|98\/100\n|move|p2a: Urshifu|Close Combat|p1a: ALL I NEED\n|-damage|p1a: ALL I NEED|47\/100\n|-unboost|p2a: Urshifu|def|1\n|-unboost|p2a: Urshifu|spd|1\n|\n|upkeep\n|turn|41\n|\n|t:|1700161973\n|switch|p1a: Phoenix|Skarmory, F|86\/100\n|move|p2a: Urshifu|Close Combat|p1a: Phoenix\n|-damage|p1a: Phoenix|26\/100\n|-unboost|p2a: Urshifu|def|1\n|-unboost|p2a: Urshifu|spd|1\n|\n|upkeep\n|turn|42\n|\n|t:|1700161979\n|move|p2a: Urshifu|Close Combat|p1a: Phoenix\n|-damage|p1a: Phoenix|0 fnt\n|-unboost|p2a: Urshifu|def|1\n|-unboost|p2a: Urshifu|spd|1\n|faint|p1a: Phoenix\n|\n|upkeep\n|\n|t:|1700161982\n|switch|p1a: WaVyyy|Ogerpon-Wellspring, F|100\/100\n|turn|43\n|\n|t:|1700161990\n|switch|p2a: Clefable|Clefable, M|100\/100\n|move|p1a: WaVyyy|Swords Dance|p1a: WaVyyy\n|-boost|p1a: WaVyyy|atk|2\n|\n|upkeep\n|turn|44\n|\n|t:|1700161995\n|move|p1a: WaVyyy|Ivy Cudgel|p2a: Clefable|[anim] Ivy Cudgel Water\n|-damage|p2a: Clefable|3\/100\n|move|p2a: Clefable|Moonblast|p1a: WaVyyy\n|-damage|p1a: WaVyyy|62\/100\n|\n|-heal|p2a: Clefable|9\/100|[from] item: Leftovers\n|upkeep\n|turn|45\n|\n|t:|1700162000\n|move|p1a: WaVyyy|Horn Leech|p2a: Clefable\n|-damage|p2a: Clefable|0 fnt\n|-heal|p1a: WaVyyy|68\/100|[from] drain|[of] p2a: Clefable\n|faint|p2a: Clefable\n|\n|upkeep\n|\n|t:|1700162003\n|switch|p2a: Landorus|Landorus-Therian, M|43\/100 tox\n|-ability|p2a: Landorus|Intimidate|boost\n|-unboost|p1a: WaVyyy|atk|1\n|turn|46\n|\n|t:|1700162008\n|move|p2a: Landorus|U-turn|p1a: WaVyyy\n|-supereffective|p1a: WaVyyy\n|-damage|p1a: WaVyyy|1\/100\n|\n|t:|1700162017\n|switch|p2a: Kyurem|Kyurem|33\/100|[from] U-turn\n|-ability|p2a: Kyurem|Pressure\n|move|p1a: WaVyyy|Horn Leech|p2a: Kyurem\n|-resisted|p2a: Kyurem\n|-damage|p2a: Kyurem|3\/100\n|-heal|p1a: WaVyyy|21\/100|[from] drain|[of] p2a: Kyurem\n|\n|upkeep\n|turn|47\n|\n|t:|1700162025\n|move|p1a: WaVyyy|Horn Leech|p2a: Kyurem\n|-resisted|p2a: Kyurem\n|-damage|p2a: Kyurem|0 fnt\n|-heal|p1a: WaVyyy|22\/100|[from] drain|[of] p2a: Kyurem\n|faint|p2a: Kyurem\n|\n|upkeep\n|c|\u2606Plutonium PT|i guarantee u it wasnt me the mastermind behind this\n|\n|t:|1700162033\n|switch|p2a: Landorus|Landorus-Therian, M|43\/100 tox\n|-ability|p2a: Landorus|Intimidate|boost\n|-unboost|p1a: WaVyyy|atk|1\n|turn|48\n|\n|t:|1700162044\n|switch|p1a: ALL I NEED|Alomomola, F|80\/100\n|move|p2a: Landorus|U-turn|p1a: ALL I NEED\n|-damage|p1a: ALL I NEED|64\/100\n|\n|t:|1700162048\n|switch|p2a: Lopunny|Lopunny-Mega, F|37\/100|[from] U-turn\n|\n|upkeep\n|turn|49\n|\n|t:|1700162052\n|move|p1a: ALL I NEED|Protect|p1a: ALL I NEED\n|-singleturn|p1a: ALL I NEED|Protect\n|move|p2a: Lopunny|Fake Out|p1a: ALL I NEED\n|-activate|p1a: ALL I NEED|move: Protect\n|\n|upkeep\n|turn|50\n|\n|t:|1700162055\n|move|p2a: Lopunny|Close Combat|p1a: ALL I NEED\n|-damage|p1a: ALL I NEED|26\/100\n|-unboost|p2a: Lopunny|def|1\n|-unboost|p2a: Lopunny|spd|1\n|move|p1a: ALL I NEED|Wish|p1a: ALL I NEED\n|\n|upkeep\n|turn|51\n|\n|t:|1700162060\n|switch|p2a: Urshifu|Urshifu-Rapid-Strike, M, tera:Water|82\/100\n|move|p1a: ALL I NEED|Protect||[still]\n|-fail|p1a: ALL I NEED\n|\n|-heal|p1a: ALL I NEED|76\/100|[from] move: Wish|[wisher] ALL I NEED\n|upkeep\n|turn|52\n|\n|t:|1700162067\n|move|p2a: Urshifu|Close Combat|p1a: ALL I NEED\n|-damage|p1a: ALL I NEED|18\/100\n|-unboost|p2a: Urshifu|def|1\n|-unboost|p2a: Urshifu|spd|1\n|move|p1a: ALL I NEED|Toxic|p2a: Urshifu|[miss]\n|-miss|p1a: ALL I NEED|p2a: Urshifu\n|\n|upkeep\n|turn|53\n|\n|t:|1700162074\n|move|p2a: Urshifu|Close Combat|p1a: ALL I NEED\n|-damage|p1a: ALL I NEED|0 fnt\n|-unboost|p2a: Urshifu|def|1\n|-unboost|p2a: Urshifu|spd|1\n|faint|p1a: ALL I NEED\n|\n|upkeep\n|\n|t:|1700162077\n|switch|p1a: WaVyyy|Ogerpon-Wellspring, F|22\/100\n|turn|54\n|\n|t:|1700162081\n|switch|p2a: Heatran|Heatran, F|77\/100\n|move|p1a: WaVyyy|Horn Leech|p2a: Heatran\n|-resisted|p2a: Heatran\n|-damage|p2a: Heatran|67\/100\n|-heal|p1a: WaVyyy|29\/100|[from] drain|[of] p2a: Heatran\n|\n|-heal|p2a: Heatran|73\/100|[from] item: Leftovers\n|upkeep\n|turn|55\n|\n|t:|1700162086\n|move|p1a: WaVyyy|Ivy Cudgel|p2a: Heatran|[anim] Ivy Cudgel Water\n|-supereffective|p2a: Heatran\n|-damage|p2a: Heatran|0 fnt\n|faint|p2a: Heatran\n|\n|upkeep\n|\n|t:|1700162091\n|switch|p2a: Lopunny|Lopunny-Mega, F|37\/100\n|turn|56\n|\n|t:|1700162094\n|switch|p1a: Drilla|Excadrill, F|63\/100\n|move|p2a: Lopunny|Return|p1a: Drilla\n|-resisted|p1a: Drilla\n|-damage|p1a: Drilla|31\/100\n|\n|upkeep\n|turn|57\n|c|\u2606asoespresso|ggs\n|c|\u2606Plutonium PT|ggs\n|\n|t:|1700162102\n|move|p2a: Lopunny|Return|p1a: Drilla\n|-resisted|p1a: Drilla\n|-damage|p1a: Drilla|0 fnt\n|faint|p1a: Drilla\n|\n|upkeep\n|l| elvisma\n|\n|t:|1700162107\n|switch|p1a: WaVyyy|Ogerpon-Wellspring, F|29\/100\n|turn|58\n|\n|t:|1700162110\n|move|p2a: Lopunny|Return|p1a: WaVyyy\n|-damage|p1a: WaVyyy|0 fnt\n|faint|p1a: WaVyyy\n|\n|win|Plutonium PT\n|n|\u2606asoespresso|asoespresso\n|n|\u2606Plutonium PT|plutoniumpt\n|l|\u2606asoespresso\n","uploadtime":1700162120,"views":12,"p1id":"asoespresso","p2id":"plutoniumpt","formatid":"gen9nationaldex","rating":0,"private":0,"password":""}