{"id":"gen9nationaldex-1994497461","p1":"slim36936","p2":"DualSource","format":"[Gen 9] National Dex","log":"|j|\u2606slim36936\n|j|\u2606DualSource\n|t:|1700450900\n|gametype|singles\n|player|p1|slim36936|cynthia-gen4|1278\n|player|p2|DualSource|dawn|1346\n|teamsize|p1|6\n|teamsize|p2|6\n|gen|9\n|tier|[Gen 9] National Dex\n|rated|\n|rule|HP Percentage Mod: HP is shown in percentages\n|rule|Endless Battle Clause: Forcing endless battles is banned\n|rule|OHKO Clause: OHKO moves are banned\n|rule|Evasion Clause: Evasion abilities, items, and moves are banned\n|rule|Evasion Abilities Clause: Evasion abilities are banned\n|rule|Evasion Items Clause: Evasion items are banned\n|rule|Evasion Moves Clause: Evasion moves are banned\n|rule|Species Clause: Limit one of each Pok\u00e9mon\n|rule|Sleep Clause Mod: Limit one foe put to sleep\n|clearpoke\n|poke|p1|Rillaboom, M|\n|poke|p1|Glimmora, M|\n|poke|p1|Sneasler, M|\n|poke|p1|Moltres|\n|poke|p1|Gyarados, M|\n|poke|p1|Garchomp, M|\n|poke|p2|Scizor, F|\n|poke|p2|Garganacl, F|\n|poke|p2|Gliscor, F|\n|poke|p2|Skeledirge, F|\n|poke|p2|Rotom-Wash|\n|poke|p2|Alomomola, M|\n|teampreview\n|inactive|Battle timer is ON: inactive players will automatically lose when time's up. (requested by DualSource)\n|inactive|DualSource has 120 seconds left.\n|\n|t:|1700450943\n|start\n|switch|p1a: Glimmora|Glimmora, M|100\/100\n|switch|p2a: Garganacl|Garganacl, F, shiny|100\/100\n|turn|1\n|\n|t:|1700450955\n|move|p1a: Glimmora|Stealth Rock|p2a: Garganacl\n|-sidestart|p2: DualSource|move: Stealth Rock\n|move|p2a: Garganacl|Salt Cure|p1a: Glimmora\n|-damage|p1a: Glimmora|75\/100\n|-start|p1a: Glimmora|Salt Cure\n|-activate|p1a: Glimmora|ability: Toxic Debris\n|-sidestart|p2: DualSource|move: Toxic Spikes\n|\n|-damage|p1a: Glimmora|62\/100|[from] Salt Cure\n|upkeep\n|turn|2\n|\n|t:|1700450965\n|switch|p2a: Rotom|Rotom-Wash, shiny|100\/100\n|-damage|p2a: Rotom|88\/100|[from] Stealth Rock\n|move|p1a: Glimmora|Spikes|p2a: Rotom\n|-sidestart|p2: DualSource|Spikes\n|\n|-heal|p2a: Rotom|94\/100|[from] item: Leftovers\n|-damage|p1a: Glimmora|50\/100|[from] Salt Cure\n|upkeep\n|turn|3\n|\n|t:|1700450988\n|switch|p1a: Rillaboom|Rillaboom, M|100\/100\n|-fieldstart|move: Grassy Terrain|[from] ability: Grassy Surge|[of] p1a: Rillaboom\n|move|p2a: Rotom|Defog|p1a: Rillaboom\n|-unboost|p1a: Rillaboom|evasion|1\n|-sideend|p2: DualSource|Spikes|[from] move: Defog|[of] p2a: Rotom\n|-sideend|p2: DualSource|Toxic Spikes|[from] move: Defog|[of] p2a: Rotom\n|-sideend|p2: DualSource|Stealth Rock|[from] move: Defog|[of] p2a: Rotom\n|-fieldend|move: Grassy Terrain\n|\n|-heal|p2a: Rotom|100\/100|[from] item: Leftovers\n|upkeep\n|turn|4\n|inactive|slim36936 has 120 seconds left.\n|\n|t:|1700451010\n|switch|p2a: Skeledirge|Skeledirge, F|100\/100\n|move|p1a: Rillaboom|Wood Hammer|p2a: Skeledirge\n|-resisted|p2a: Skeledirge\n|-damage|p2a: Skeledirge|62\/100\n|-damage|p1a: Rillaboom|85\/100|[from] Recoil\n|\n|upkeep\n|turn|5\n|inactive|slim36936 has 120 seconds left.\n|\n|t:|1700451026\n|switch|p1a: Gyarados|Gyarados, M, shiny|100\/100\n|-ability|p1a: Gyarados|Intimidate|boost\n|-unboost|p2a: Skeledirge|atk|1\n|move|p2a: Skeledirge|Torch Song|p1a: Gyarados\n|-resisted|p1a: Gyarados\n|-damage|p1a: Gyarados|81\/100\n|-boost|p2a: Skeledirge|spa|1\n|-enditem|p2a: Skeledirge|Throat Spray\n|-boost|p2a: Skeledirge|spa|1|[from] item: Throat Spray\n|\n|upkeep\n|turn|6\n|inactive|slim36936 has 120 seconds left.\n|\n|t:|1700451039\n|detailschange|p1a: Gyarados|Gyarados-Mega, M, shiny\n|-mega|p1a: Gyarados|Gyarados|Gyaradosite\n|-ability|p1a: Gyarados|Mold Breaker\n|-terastallize|p2a: Skeledirge|Grass\n|move|p1a: Gyarados|Substitute|p1a: Gyarados\n|-start|p1a: Gyarados|Substitute\n|-damage|p1a: Gyarados|57\/100\n|move|p2a: Skeledirge|Slack Off|p2a: Skeledirge\n|-heal|p2a: Skeledirge|100\/100\n|\n|upkeep\n|turn|7\n|inactive|slim36936 has 120 seconds left.\n|\n|t:|1700451052\n|move|p1a: Gyarados|Dragon Dance|p1a: Gyarados\n|-boost|p1a: Gyarados|atk|1\n|-boost|p1a: Gyarados|spe|1\n|move|p2a: Skeledirge|Torch Song|p1a: Gyarados\n|-resisted|p1a: Gyarados\n|-damage|p1a: Gyarados|23\/100\n|-boost|p2a: Skeledirge|spa|1\n|\n|upkeep\n|turn|8\n|inactive|slim36936 has 120 seconds left.\n|\n|t:|1700451064\n|move|p1a: Gyarados|Crunch|p2a: Skeledirge\n|-damage|p2a: Skeledirge|46\/100\n|move|p2a: Skeledirge|Torch Song|p1a: Gyarados\n|-resisted|p1a: Gyarados\n|-damage|p1a: Gyarados|0 fnt\n|-boost|p2a: Skeledirge|spa|1\n|faint|p1a: Gyarados\n|\n|upkeep\n|\n|t:|1700451075\n|switch|p1a: Moltres|Moltres|100\/100\n|turn|9\n|\n|t:|1700451080\n|move|p1a: Moltres|U-turn|p2a: Skeledirge\n|-supereffective|p2a: Skeledirge\n|-damage|p2a: Skeledirge|21\/100\n|\n|t:|1700451099\n|switch|p1a: Glimmora|Glimmora, M|50\/100|[from] U-turn\n|move|p2a: Skeledirge|Shadow Ball|p1a: Glimmora\n|-damage|p1a: Glimmora|0 fnt\n|faint|p1a: Glimmora\n|\n|upkeep\n|\n|t:|1700451114\n|switch|p1a: Garchomp|Garchomp, M, shiny|100\/100\n|turn|10\n|inactive|slim36936 has 90 seconds left.\n|\n|t:|1700451146\n|move|p1a: Garchomp|Shadow Claw|p2a: Skeledirge\n|-damage|p2a: Skeledirge|0 fnt\n|faint|p2a: Skeledirge\n|\n|upkeep\n|\n|t:|1700451157\n|switch|p2a: Garganacl|Garganacl, F, shiny|100\/100\n|turn|11\n|\n|t:|1700451165\n|move|p1a: Garchomp|Earthquake|p2a: Garganacl\n|-supereffective|p2a: Garganacl\n|-damage|p2a: Garganacl|30\/100\n|move|p2a: Garganacl|Avalanche|p1a: Garchomp\n|-supereffective|p1a: Garchomp\n|-damage|p1a: Garchomp|0 fnt\n|-damage|p2a: Garganacl|17\/100|[from] ability: Rough Skin|[of] p1a: Garchomp\n|faint|p1a: Garchomp\n|\n|upkeep\n|\n|t:|1700451176\n|switch|p1a: Rillaboom|Rillaboom, M|85\/100\n|-fieldstart|move: Grassy Terrain|[from] ability: Grassy Surge|[of] p1a: Rillaboom\n|turn|12\n|\n|t:|1700451190\n|switch|p2a: Scizor|Scizor, F|100\/100\n|move|p1a: Rillaboom|Grassy Glide|p2a: Scizor\n|-resisted|p2a: Scizor\n|-damage|p2a: Scizor|84\/100\n|\n|-heal|p1a: Rillaboom|91\/100|[from] Grassy Terrain\n|-heal|p2a: Scizor|90\/100|[from] Grassy Terrain\n|upkeep\n|turn|13\n|\n|t:|1700451207\n|switch|p1a: Sneasler|Sneasler, M|100\/100\n|-enditem|p1a: Sneasler|Grassy Seed\n|-boost|p1a: Sneasler|def|1|[from] item: Grassy Seed\n|detailschange|p2a: Scizor|Scizor-Mega, F\n|-mega|p2a: Scizor|Scizor|Scizorite\n|move|p2a: Scizor|U-turn|p1a: Sneasler\n|-resisted|p1a: Sneasler\n|-damage|p1a: Sneasler|88\/100\n|\n|t:|1700451214\n|switch|p2a: Alomomola|Alomomola, M|100\/100|[from] U-turn\n|\n|-heal|p1a: Sneasler|94\/100|[from] Grassy Terrain\n|upkeep\n|turn|14\n|\n|t:|1700451229\n|move|p1a: Sneasler|Swords Dance|p1a: Sneasler\n|-boost|p1a: Sneasler|atk|2\n|move|p2a: Alomomola|Wish|p2a: Alomomola\n|\n|-heal|p1a: Sneasler|99\/100|[from] Grassy Terrain\n|upkeep\n|turn|15\n|\n|t:|1700451237\n|move|p1a: Sneasler|Swords Dance|p1a: Sneasler\n|-boost|p1a: Sneasler|atk|2\n|move|p2a: Alomomola|Flip Turn|p1a: Sneasler\n|-damage|p1a: Sneasler|82\/100\n|\n|t:|1700451244\n|switch|p2a: Garganacl|Garganacl, F, shiny|17\/100|[from] Flip Turn\n|\n|-heal|p2a: Garganacl|96\/100|[from] move: Wish|[wisher] Alomomola\n|-heal|p1a: Sneasler|88\/100|[from] Grassy Terrain\n|-heal|p2a: Garganacl|100\/100|[from] Grassy Terrain\n|upkeep\n|turn|16\n|inactive|slim36936 has 90 seconds left.\n|\n|t:|1700451266\n|move|p1a: Sneasler|Close Combat|p2a: Garganacl\n|-supereffective|p2a: Garganacl\n|-damage|p2a: Garganacl|0 fnt\n|-unboost|p1a: Sneasler|def|1\n|-unboost|p1a: Sneasler|spd|1\n|faint|p2a: Garganacl\n|\n|-heal|p1a: Sneasler|94\/100|[from] Grassy Terrain\n|-fieldend|move: Grassy Terrain\n|upkeep\n|\n|t:|1700451280\n|switch|p2a: Gliscor|Gliscor, F, shiny|100\/100\n|turn|17\n|inactive|slim36936 has 90 seconds left.\n|\n|t:|1700451292\n|move|p1a: Sneasler|Dire Claw|p2a: Gliscor\n|-resisted|p2a: Gliscor\n|-damage|p2a: Gliscor|43\/100\n|-status|p2a: Gliscor|slp\n|cant|p2a: Gliscor|slp\n|\n|upkeep\n|turn|18\n|inactive|slim36936 has 90 seconds left.\n|\n|t:|1700451300\n|move|p1a: Sneasler|Dire Claw|p2a: Gliscor\n|-resisted|p2a: Gliscor\n|-damage|p2a: Gliscor|0 fnt\n|faint|p2a: Gliscor\n|\n|upkeep\n|\n|t:|1700451303\n|switch|p2a: Rotom|Rotom-Wash, shiny|100\/100\n|turn|19\n|inactive|slim36936 has 90 seconds left.\n|\n|t:|1700451319\n|-terastallize|p1a: Sneasler|Ground\n|move|p1a: Sneasler|Tera Blast|p2a: Rotom|[anim] Tera Blast Ground\n|-immune|p2a: Rotom|[from] ability: Levitate\n|move|p2a: Rotom|Volt Switch|p1a: Sneasler\n|-immune|p1a: Sneasler\n|\n|upkeep\n|turn|20\n|inactive|slim36936 has 90 seconds left.\n|\n|t:|1700451329\n|move|p1a: Sneasler|Dire Claw|p2a: Rotom\n|-damage|p2a: Rotom|0 fnt\n|faint|p2a: Rotom\n|\n|upkeep\n|\n|t:|1700451346\n|switch|p2a: Scizor|Scizor-Mega, F|90\/100\n|turn|21\n|\n|t:|1700451353\n|move|p2a: Scizor|Bullet Punch|p1a: Sneasler\n|-damage|p1a: Sneasler|28\/100\n|move|p1a: Sneasler|Close Combat|p2a: Scizor\n|-damage|p2a: Scizor|0 fnt\n|-unboost|p1a: Sneasler|def|1\n|-unboost|p1a: Sneasler|spd|1\n|faint|p2a: Scizor\n|\n|upkeep\n|\n|t:|1700451358\n|switch|p2a: Alomomola|Alomomola, M|100\/100\n|turn|22\n|c|\u2606DualSource|gg\n|\n|t:|1700451368\n|move|p1a: Sneasler|Dire Claw|p2a: Alomomola\n|-damage|p2a: Alomomola|31\/100\n|move|p2a: Alomomola|Flip Turn|p1a: Sneasler\n|-supereffective|p1a: Sneasler\n|-damage|p1a: Sneasler|0 fnt\n|faint|p1a: Sneasler\n|\n|-heal|p2a: Alomomola|37\/100|[from] item: Leftovers\n|upkeep\n|\n|t:|1700451379\n|switch|p1a: Rillaboom|Rillaboom, M|91\/100\n|-fieldstart|move: Grassy Terrain|[from] ability: Grassy Surge|[of] p1a: Rillaboom\n|turn|23\n|\n|t:|1700451384\n|move|p1a: Rillaboom|Wood Hammer|p2a: Alomomola\n|-supereffective|p2a: Alomomola\n|-damage|p2a: Alomomola|0 fnt\n|faint|p2a: Alomomola\n|-damage|p1a: Rillaboom|72\/100|[from] Recoil\n|\n|win|slim36936\n|raw|slim36936's rating: 1278 &rarr; <strong>1308<\/strong><br \/>(+30 for winning)\n|raw|DualSource's rating: 1346 &rarr; <strong>1322<\/strong><br \/>(-24 for losing)\n|l|\u2606DualSource\n","uploadtime":1700451394,"views":7,"p1id":"slim36936","p2id":"dualsource","formatid":"gen9nationaldex","rating":1308,"private":0,"password":""}