{"id":"gen9nationaldex-1998698199","p1":"OnlyPyper","p2":"JuzOzuj","format":"[Gen 9] National Dex","log":"|html|<div class=\"broadcast-blue\"><strong>[Gen 9] National Dex is currently suspecting Sneasler! For information on how to participate check out the <a href=\"https:\/\/www.smogon.com\/forums\/threads\/sv-national-dex-suspect-8-just-dance.3731534\/\">suspect thread<\/a>.<\/strong><\/div>\n|j|\u2606OnlyPyper\n|j|\u2606JuzOzuj\n|t:|1700974148\n|gametype|singles\n|player|p1|OnlyPyper|shauntal|\n|player|p2|JuzOzuj|265|\n|teamsize|p1|6\n|teamsize|p2|6\n|gen|9\n|tier|[Gen 9] National Dex\n|rule|HP Percentage Mod: HP is shown in percentages\n|rule|Endless Battle Clause: Forcing endless battles is banned\n|rule|OHKO Clause: OHKO moves are banned\n|rule|Evasion Clause: Evasion abilities, items, and moves are banned\n|rule|Evasion Abilities Clause: Evasion abilities are banned\n|rule|Evasion Items Clause: Evasion items are banned\n|rule|Evasion Moves Clause: Evasion moves are banned\n|rule|Species Clause: Limit one of each Pok\u00e9mon\n|rule|Sleep Clause Mod: Limit one foe put to sleep\n|clearpoke\n|poke|p1|Primarina, F|\n|poke|p1|Banette, F|\n|poke|p1|Raichu-Alola, F|\n|poke|p1|Masquerain, F|\n|poke|p1|Audino, F|\n|poke|p1|Toxicroak, F|\n|poke|p2|Meowscarada, M|\n|poke|p2|Blaziken, F|\n|poke|p2|Togekiss, F|\n|poke|p2|Hydreigon, M|\n|poke|p2|Golisopod, M|\n|poke|p2|Toxapex, F|\n|teampreview\n|c|\u2606JuzOzuj|Uys\n|c|\u2606JuzOzuj|y ese team?\n|c|\u2606OnlyPyper|Suerte\n|c|\u2606OnlyPyper|Reloaded\n|c|\u2606JuzOzuj|suertem\n|c|\u2606JuzOzuj|a lol\n|\n|t:|1700974185\n|start\n|switch|p1a: Isha|Audino, F|100\/100\n|switch|p2a: Asmodeus|Meowscarada, M|100\/100\n|turn|1\n|j| mixco\n|\n|t:|1700974222\n|move|p2a: Asmodeus|U-turn|p1a: Isha\n|-start|p2a: Asmodeus|typechange|Bug|[from] ability: Protean\n|-damage|p1a: Isha|79\/100\n|c|\u2606JuzOzuj|Wey\n|c|\u2606JuzOzuj|no se que hace audino\n|c|\u2606JuzOzuj|XDDDD\n|c|\u2606JuzOzuj|tengo miedo\n|c|\u2606OnlyPyper|Aguantar un chingo\n|c|\u2606OnlyPyper|Eso hace\n|\n|t:|1700974252\n|switch|p2a: Brigit|Blaziken, F|100\/100|[from] U-turn\n|move|p1a: Isha|Wish|p1a: Isha\n|\n|upkeep\n|turn|2\n|\n|t:|1700974260\n|switch|p1a: Dory|Banette, F|100\/100\n|-item|p2a: Brigit|Firium Z|[from] ability: Frisk|[of] p1a: Dory|[identify]\n|move|p2a: Brigit|Swords Dance|p2a: Brigit\n|-boost|p2a: Brigit|atk|2\n|\n|-ability|p2a: Brigit|Speed Boost|boost\n|-boost|p2a: Brigit|spe|1\n|upkeep\n|turn|3\n|\n|t:|1700974268\n|move|p2a: Brigit|Swords Dance|p2a: Brigit\n|-boost|p2a: Brigit|atk|2\n|move|p1a: Dory|Poltergeist|p2a: Brigit\n|-activate|p2a: Brigit|move: Poltergeist|Firium Z\n|-damage|p2a: Brigit|8\/100\n|\n|-ability|p2a: Brigit|Speed Boost|boost\n|-boost|p2a: Brigit|spe|1\n|upkeep\n|turn|4\n|\n|t:|1700974284\n|move|p2a: Brigit|Protect|p2a: Brigit\n|-singleturn|p2a: Brigit|Protect\n|move|p1a: Dory|Shadow Sneak|p2a: Brigit\n|-activate|p2a: Brigit|move: Protect\n|\n|-ability|p2a: Brigit|Speed Boost|boost\n|-boost|p2a: Brigit|spe|1\n|upkeep\n|turn|5\n|c|\u2606JuzOzuj|Claro\n|c|\u2606JuzOzuj|perfecto\n|\n|t:|1700974315\n|switch|p2a: Belfegor|Hydreigon, M|100\/100\n|move|p1a: Dory|Gunk Shot|p2a: Belfegor\n|-damage|p2a: Belfegor|52\/100\n|\n|upkeep\n|turn|6\n|c|\u2606JuzOzuj|pyper\n|c|\u2606JuzOzuj|con mucho cari\u00f1o\n|c|\u2606JuzOzuj|jodete\n|c|\u2606JuzOzuj|XD\n|\n|t:|1700974331\n|switch|p1a: Nerea|Primarina, F|100\/100\n|move|p2a: Belfegor|Dark Pulse|p1a: Nerea\n|-resisted|p1a: Nerea\n|-damage|p1a: Nerea|80\/100\n|\n|-heal|p1a: Nerea|86\/100|[from] item: Leftovers\n|upkeep\n|turn|7\n|c|\u2606OnlyPyper|UwU\n|\n|t:|1700974339\n|switch|p2a: Brigit|Blaziken, F|8\/100\n|switch|p1a: Teshie|Raichu-Alola, F|100\/100\n|\n|upkeep\n|turn|8\n|\n|t:|1700974353\n|switch|p1a: Dory|Banette, F|100\/100\n|-item|p2a: Brigit|Firium Z|[from] ability: Frisk|[of] p1a: Dory|[identify]\n|move|p2a: Brigit|Protect||[still]\n|-fail|p2a: Brigit\n|\n|-ability|p2a: Brigit|Speed Boost|boost\n|-boost|p2a: Brigit|spe|1\n|upkeep\n|turn|9\n|\n|t:|1700974360\n|switch|p2a: Belfegor|Hydreigon, M|52\/100\n|move|p1a: Dory|Shadow Sneak|p2a: Belfegor\n|-resisted|p2a: Belfegor\n|-damage|p2a: Belfegor|40\/100\n|\n|upkeep\n|turn|10\n|\n|t:|1700974369\n|move|p2a: Belfegor|U-turn|p1a: Dory\n|-resisted|p1a: Dory\n|-damage|p1a: Dory|87\/100\n|\n|t:|1700974375\n|switch|p2a: Asmodeus|Meowscarada, M|100\/100|[from] U-turn\n|move|p1a: Dory|Gunk Shot|p2a: Asmodeus|[miss]\n|-miss|p1a: Dory|p2a: Asmodeus\n|\n|upkeep\n|turn|11\n|c|\u2606OnlyPyper|Que suerte\n|\n|t:|1700974386\n|switch|p1a: Isha|Audino, F|100\/100\n|move|p2a: Asmodeus|Flower Trick|p1a: Isha\n|-start|p2a: Asmodeus|typechange|Grass|[from] ability: Protean\n|-crit|p1a: Isha\n|-damage|p1a: Isha|68\/100\n|\n|upkeep\n|turn|12\n|\n|t:|1700974393\n|switch|p2a: Brigit|Blaziken, F|8\/100\n|move|p1a: Isha|Wish|p1a: Isha\n|\n|upkeep\n|turn|13\n|\n|t:|1700974402\n|switch|p1a: Nerea|Primarina, F|86\/100\n|-zpower|p2a: Brigit\n|move|p2a: Brigit|Inferno Overdrive|p1a: Nerea|[zeffect]\n|-resisted|p1a: Nerea\n|-damage|p1a: Nerea|33\/100\n|\n|-heal|p1a: Nerea|100\/100|[from] move: Wish|[wisher] Isha\n|-ability|p2a: Brigit|Speed Boost|boost\n|-boost|p2a: Brigit|spe|1\n|upkeep\n|turn|14\n|c|\u2606JuzOzuj|EQUES\n|c|\u2606JuzOzuj|FUCKING\n|c|\u2606JuzOzuj|DEEE???\n|c|\u2606JuzOzuj|A\n|c|\u2606JuzOzuj|wish\n|c|\u2606OnlyPyper|Ekisde\n|\n|t:|1700974425\n|switch|p2a: Cass|Togekiss, F, shiny|100\/100\n|move|p1a: Nerea|Scald|p2a: Cass\n|-damage|p2a: Cass|79\/100\n|\n|upkeep\n|turn|15\n|c|\u2606OnlyPyper|Mensa uwu\n|c| mixco|Deja de darle a saltar animaci\u00f3n xd\n|c| mixco|No entiendo que toc tienen los jugadores de sd con esa mmda\n|\n|t:|1700974442\n|switch|p2a: Brigit|Blaziken, F|8\/100\n|move|p1a: Nerea|Draining Kiss|p2a: Brigit\n|-damage|p2a: Brigit|0 fnt\n|faint|p2a: Brigit\n|\n|upkeep\n|c|\u2606OnlyPyper|C\u00f3mo lo sab\u00eda\n|\n|t:|1700974450\n|switch|p2a: Asmodeus|Meowscarada, M|100\/100\n|turn|16\n|c|\u2606OnlyPyper|No juegues mi juego mensita uwu\n|\n|t:|1700974460\n|switch|p1a: Isha|Audino, F|100\/100\n|move|p2a: Asmodeus|Flower Trick|p1a: Isha\n|-start|p2a: Asmodeus|typechange|Grass|[from] ability: Protean\n|-crit|p1a: Isha\n|-damage|p1a: Isha|66\/100\n|\n|upkeep\n|turn|17\n|\n|t:|1700974465\n|move|p2a: Asmodeus|Flower Trick|p1a: Isha\n|-crit|p1a: Isha\n|-damage|p1a: Isha|34\/100\n|move|p1a: Isha|Wish|p1a: Isha\n|\n|upkeep\n|turn|18\n|\n|t:|1700974474\n|move|p1a: Isha|Protect|p1a: Isha\n|-singleturn|p1a: Isha|Protect\n|move|p2a: Asmodeus|Flower Trick|p1a: Isha\n|-activate|p1a: Isha|move: Protect\n|\n|-heal|p1a: Isha|84\/100|[from] move: Wish|[wisher] Isha\n|upkeep\n|turn|19\n|\n|t:|1700974481\n|move|p2a: Asmodeus|U-turn|p1a: Isha\n|-damage|p1a: Isha|71\/100\n|\n|t:|1700974485\n|switch|p2a: Abaddon|Golisopod, M|100\/100|[from] U-turn\n|move|p1a: Isha|Wish|p1a: Isha\n|\n|upkeep\n|turn|20\n|\n|t:|1700974494\n|switch|p1a: Ame|Masquerain, F|100\/100\n|-ability|p1a: Ame|Intimidate|boost\n|-unboost|p2a: Abaddon|atk|1\n|move|p2a: Abaddon|Poison Jab|p1a: Ame\n|-damage|p1a: Ame|80\/100\n|\n|-heal|p1a: Ame|100\/100|[from] move: Wish|[wisher] Isha\n|upkeep\n|turn|21\n|\n|t:|1700974501\n|switch|p2a: Cass|Togekiss, F, shiny|79\/100\n|move|p1a: Ame|Quiver Dance|p1a: Ame\n|-boost|p1a: Ame|spa|1\n|-boost|p1a: Ame|spd|1\n|-boost|p1a: Ame|spe|1\n|\n|upkeep\n|turn|22\n|\n|t:|1700974508\n|-terastallize|p1a: Ame|Ground\n|move|p1a: Ame|Quiver Dance|p1a: Ame\n|-boost|p1a: Ame|spa|1\n|-boost|p1a: Ame|spd|1\n|-boost|p1a: Ame|spe|1\n|move|p2a: Cass|Thunder Wave|p1a: Ame\n|-immune|p1a: Ame\n|\n|upkeep\n|turn|23\n|\n|t:|1700974519\n|switch|p2a: Abaddon|Golisopod, M|100\/100\n|move|p1a: Ame|Quiver Dance|p1a: Ame\n|-boost|p1a: Ame|spa|1\n|-boost|p1a: Ame|spd|1\n|-boost|p1a: Ame|spe|1\n|\n|upkeep\n|turn|24\n|\n|t:|1700974525\n|-terastallize|p2a: Abaddon|Steel\n|move|p1a: Ame|Hurricane|p2a: Abaddon|[miss]\n|-miss|p1a: Ame|p2a: Abaddon\n|move|p2a: Abaddon|Liquidation|p1a: Ame\n|-supereffective|p1a: Ame\n|-crit|p1a: Ame\n|-damage|p1a: Ame|0 fnt\n|faint|p1a: Ame\n|\n|upkeep\n|c|\u2606OnlyPyper|Ekisde\n|\n|t:|1700974535\n|switch|p1a: Summer|Toxicroak, F|100\/100\n|turn|25\n|\n|t:|1700974540\n|switch|p2a: Lotan|Toxapex, F|100\/100\n|move|p1a: Summer|Close Combat|p2a: Lotan\n|-resisted|p2a: Lotan\n|-damage|p2a: Lotan|74\/100\n|-unboost|p1a: Summer|def|1\n|-unboost|p1a: Summer|spd|1\n|\n|-heal|p2a: Lotan|80\/100|[from] item: Leftovers\n|upkeep\n|turn|26\n|\n|t:|1700974551\n|move|p1a: Summer|Close Combat|p2a: Lotan\n|-resisted|p2a: Lotan\n|-damage|p2a: Lotan|57\/100\n|-unboost|p1a: Summer|def|1\n|-unboost|p1a: Summer|spd|1\n|move|p2a: Lotan|Recover|p2a: Lotan\n|-heal|p2a: Lotan|100\/100\n|\n|upkeep\n|turn|27\n|c|\u2606OnlyPyper|No me tocas sabes\n|\n|t:|1700974574\n|switch|p2a: Cass|Togekiss, F, shiny|79\/100\n|move|p1a: Summer|Close Combat|p2a: Cass\n|-resisted|p2a: Cass\n|-damage|p2a: Cass|58\/100\n|-unboost|p1a: Summer|def|1\n|-unboost|p1a: Summer|spd|1\n|\n|upkeep\n|turn|28\n|\n|t:|1700974586\n|switch|p1a: Isha|Audino, F|100\/100\n|move|p2a: Cass|Air Slash|p1a: Isha\n|-crit|p1a: Isha\n|-damage|p1a: Isha|54\/100\n|\n|upkeep\n|turn|29\n|\n|t:|1700974591\n|move|p1a: Isha|Protect|p1a: Isha\n|-singleturn|p1a: Isha|Protect\n|move|p2a: Cass|Thunder Wave|p1a: Isha\n|-activate|p1a: Isha|move: Protect\n|\n|upkeep\n|turn|30\n|\n|t:|1700974598\n|move|p2a: Cass|Soft-Boiled|p2a: Cass\n|-heal|p2a: Cass|100\/100\n|move|p1a: Isha|Wish|p1a: Isha\n|\n|upkeep\n|turn|31\n|\n|t:|1700974607\n|switch|p1a: Teshie|Raichu-Alola, F|100\/100\n|move|p2a: Cass|Thunder Wave|p1a: Teshie\n|-immune|p1a: Teshie\n|\n|upkeep\n|turn|32\n|\n|t:|1700974614\n|switch|p2a: Belfegor|Hydreigon, M|40\/100\n|move|p1a: Teshie|Volt Switch|p2a: Belfegor\n|-resisted|p2a: Belfegor\n|-damage|p2a: Belfegor|14\/100\n|\n|t:|1700974630\n|switch|p1a: Nerea|Primarina, F|100\/100|[from] Volt Switch\n|\n|upkeep\n|turn|33\n|\n|t:|1700974638\n|move|p2a: Belfegor|U-turn|p1a: Nerea\n|-resisted|p1a: Nerea\n|-damage|p1a: Nerea|93\/100\n|\n|t:|1700974644\n|switch|p2a: Cass|Togekiss, F, shiny|100\/100|[from] U-turn\n|move|p1a: Nerea|Scald|p2a: Cass\n|-damage|p2a: Cass|80\/100\n|-status|p2a: Cass|brn\n|\n|-heal|p1a: Nerea|99\/100|[from] item: Leftovers\n|-damage|p2a: Cass|74\/100 brn|[from] brn\n|upkeep\n|turn|34\n|\n|t:|1700974653\n|move|p1a: Nerea|Encore||[still]\n|-fail|p1a: Nerea\n|move|p2a: Cass|Air Slash|p1a: Nerea\n|-damage|p1a: Nerea|71\/100\n|\n|-heal|p1a: Nerea|77\/100|[from] item: Leftovers\n|-damage|p2a: Cass|68\/100 brn|[from] brn\n|upkeep\n|turn|35\n|\n|t:|1700974666\n|switch|p2a: Abaddon|Golisopod, M, tera:Steel|100\/100\n|move|p1a: Nerea|Scald|p2a: Abaddon\n|-damage|p2a: Abaddon|80\/100\n|-status|p2a: Abaddon|brn\n|\n|-heal|p1a: Nerea|83\/100|[from] item: Leftovers\n|-damage|p2a: Abaddon|74\/100 brn|[from] brn\n|upkeep\n|turn|36\n|c|\u2606JuzOzuj|Diosmio\n|\n|t:|1700974681\n|switch|p1a: Isha|Audino, F|87\/100\n|move|p2a: Abaddon|Poison Jab|p1a: Isha\n|-crit|p1a: Isha\n|-damage|p1a: Isha|75\/100\n|\n|-damage|p2a: Abaddon|68\/100 brn|[from] brn\n|upkeep\n|turn|37\n|\n|t:|1700974697\n|switch|p2a: Belfegor|Hydreigon, M|14\/100\n|move|p1a: Isha|Wish|p1a: Isha\n|\n|upkeep\n|turn|38\n|\n|t:|1700974711\n|switch|p2a: Asmodeus|Meowscarada, M|100\/100\n|switch|p1a: Nerea|Primarina, F|83\/100\n|\n|-heal|p1a: Nerea|100\/100|[from] move: Wish|[wisher] Isha\n|upkeep\n|turn|39\n|\n|t:|1700974717\n|switch|p1a: Isha|Audino, F|100\/100\n|move|p2a: Asmodeus|Flower Trick|p1a: Isha\n|-start|p2a: Asmodeus|typechange|Grass|[from] ability: Protean\n|-crit|p1a: Isha\n|-damage|p1a: Isha|68\/100\n|\n|upkeep\n|turn|40\n|c|\u2606OnlyPyper|Quieres ver una linda sorpresa? UwU\n|\n|t:|1700974744\n|move|p2a: Asmodeus|Flower Trick|p1a: Isha\n|-crit|p1a: Isha\n|-damage|p1a: Isha|33\/100\n|move|p1a: Isha|Wish|p1a: Isha\n|\n|upkeep\n|turn|41\n|c|\u2606JuzOzuj|:when5turns:\n|\n|t:|1700974757\n|switch|p2a: Belfegor|Hydreigon, M|14\/100\n|detailschange|p1a: Isha|Audino-Mega, F\n|-mega|p1a: Isha|Audino|Audinite\n|move|p1a: Isha|Dazzling Gleam|p2a: Belfegor\n|-supereffective|p2a: Belfegor\n|-damage|p2a: Belfegor|0 fnt\n|faint|p2a: Belfegor\n|\n|-heal|p1a: Isha|83\/100|[from] move: Wish|[wisher] Isha\n|upkeep\n|c|\u2606OnlyPyper|UwU\n|\n|t:|1700974766\n|switch|p2a: Abaddon|Golisopod, M, tera:Steel|68\/100 brn\n|turn|42\n|\n|t:|1700974774\n|move|p1a: Isha|Protect|p1a: Isha\n|-singleturn|p1a: Isha|Protect\n|move|p2a: Abaddon|Knock Off|p1a: Isha\n|-activate|p1a: Isha|move: Protect\n|\n|-damage|p2a: Abaddon|62\/100 brn|[from] brn\n|upkeep\n|turn|43\n|\n|t:|1700974788\n|move|p1a: Isha|Wish|p1a: Isha\n|move|p2a: Abaddon|Poison Jab|p1a: Isha\n|-supereffective|p1a: Isha\n|-damage|p1a: Isha|70\/100\n|\n|-damage|p2a: Abaddon|55\/100 brn|[from] brn\n|upkeep\n|turn|44\n|c|\u2606JuzOzuj|nah que paja\n|c|\u2606JuzOzuj|gg\n|-message|JuzOzuj forfeited.\n|\n|win|OnlyPyper\n|l|\u2606JuzOzuj\n|c|\u2606OnlyPyper|Gg\n","uploadtime":1700974814,"views":3,"p1id":"onlypyper","p2id":"juzozuj","formatid":"gen9nationaldex","rating":0,"private":0,"password":""}