{"id":"gen9nationaldex-1995772068","p1":"pitiman","p2":"xCookieBallx","format":"[Gen 9] National Dex","log":"|html|<div class=\"broadcast-blue\"><strong>[Gen 9] National Dex is currently suspecting Sneasler! For information on how to participate check out the <a href=\"https:\/\/www.smogon.com\/forums\/threads\/sv-national-dex-suspect-8-just-dance.3731534\/\">suspect thread<\/a>.<\/strong><\/div>\n|j|\u2606pitiman\n|j|\u2606xCookieBallx\n|t:|1700601683\n|gametype|singles\n|player|p1|pitiman|cheren-gen5bw2|\n|player|p2|xCookieBallx|melony|\n|teamsize|p1|6\n|teamsize|p2|6\n|gen|9\n|tier|[Gen 9] National Dex\n|rule|HP Percentage Mod: HP is shown in percentages\n|rule|Endless Battle Clause: Forcing endless battles is banned\n|rule|OHKO Clause: OHKO moves are banned\n|rule|Evasion Clause: Evasion abilities, items, and moves are banned\n|rule|Evasion Abilities Clause: Evasion abilities are banned\n|rule|Evasion Items Clause: Evasion items are banned\n|rule|Evasion Moves Clause: Evasion moves are banned\n|rule|Species Clause: Limit one of each Pok\u00e9mon\n|rule|Sleep Clause Mod: Limit one foe put to sleep\n|clearpoke\n|poke|p1|Scizor, M|\n|poke|p1|Alomomola, M|\n|poke|p1|Gliscor, F|\n|poke|p1|Chansey, F|\n|poke|p1|Latios, M|\n|poke|p1|Xurkitree|\n|poke|p2|Frosmoth, F|\n|poke|p2|Mamoswine, M|\n|poke|p2|Eiscue, M|\n|poke|p2|Vanilluxe, M|\n|poke|p2|Arctozolt|\n|poke|p2|Cloyster, F|\n|teampreview\n|j| Void280\n|\n|t:|1700601748\n|start\n|switch|p1a: Alomomola|Alomomola, M|100\/100\n|switch|p2a: Oreo|Vanilluxe, M|100\/100\n|-weather|Snow|[from] ability: Snow Warning|[of] p2a: Oreo\n|turn|1\n|\n|t:|1700601759\n|move|p2a: Oreo|Toxic|p1a: Alomomola\n|-status|p1a: Alomomola|tox\n|move|p1a: Alomomola|Toxic|p2a: Oreo\n|-status|p2a: Oreo|tox\n|\n|-weather|Snow|[upkeep]\n|-damage|p2a: Oreo|94\/100 tox|[from] psn\n|-damage|p1a: Alomomola|94\/100 tox|[from] psn\n|upkeep\n|turn|2\n|\n|t:|1700601763\n|switch|p1a: Chansey|Chansey, F|100\/100\n|move|p2a: Oreo|Aurora Veil|p2a: Oreo\n|-sidestart|p2: xCookieBallx|move: Aurora Veil\n|\n|-weather|Snow|[upkeep]\n|-damage|p2a: Oreo|82\/100 tox|[from] psn\n|upkeep\n|turn|3\n|\n|t:|1700601770\n|move|p2a: Oreo|Toxic|p1a: Chansey\n|-status|p1a: Chansey|tox\n|move|p1a: Chansey|Teleport|p1a: Chansey\n|\n|t:|1700601773\n|-curestatus|p1a: Chansey|tox|[from] ability: Natural Cure\n|switch|p1a: Scizor|Scizor, M|100\/100|[from] Teleport\n|\n|-weather|Snow|[upkeep]\n|-damage|p2a: Oreo|64\/100 tox|[from] psn\n|upkeep\n|turn|4\n|\n|t:|1700601781\n|switch|p2a: Conchita|Cloyster, F|100\/100\n|detailschange|p1a: Scizor|Scizor-Mega, M\n|-mega|p1a: Scizor|Scizor|Scizorite\n|move|p1a: Scizor|Knock Off|p2a: Conchita\n|-damage|p2a: Conchita|89\/100\n|-enditem|p2a: Conchita|Focus Sash|[from] move: Knock Off|[of] p1a: Scizor\n|\n|-weather|Snow|[upkeep]\n|upkeep\n|turn|5\n|\n|t:|1700601788\n|switch|p1a: Alomomola|Alomomola, M|100\/100 tox\n|move|p2a: Conchita|Shell Smash|p2a: Conchita\n|-unboost|p2a: Conchita|def|1\n|-unboost|p2a: Conchita|spd|1\n|-boost|p2a: Conchita|atk|2\n|-boost|p2a: Conchita|spa|2\n|-boost|p2a: Conchita|spe|2\n|\n|-weather|Snow|[upkeep]\n|-damage|p1a: Alomomola|94\/100 tox|[from] psn\n|upkeep\n|turn|6\n|\n|t:|1700601792\n|move|p2a: Conchita|Rock Blast|p1a: Alomomola\n|-damage|p1a: Alomomola|87\/100 tox\n|-damage|p1a: Alomomola|78\/100 tox\n|-crit|p1a: Alomomola\n|-damage|p1a: Alomomola|65\/100 tox\n|-damage|p1a: Alomomola|57\/100 tox\n|-crit|p1a: Alomomola\n|-damage|p1a: Alomomola|44\/100 tox\n|-hitcount|p1a: Alomomola|5\n|move|p1a: Alomomola|Toxic|p2a: Conchita\n|-status|p2a: Conchita|tox\n|\n|-weather|Snow|[upkeep]\n|-heal|p1a: Alomomola|50\/100 tox|[from] item: Leftovers\n|-damage|p2a: Conchita|83\/100 tox|[from] psn\n|-damage|p1a: Alomomola|38\/100 tox|[from] psn\n|-sideend|p2: xCookieBallx|move: Aurora Veil\n|upkeep\n|turn|7\n|\n|t:|1700601810\n|switch|p1a: Scizor|Scizor-Mega, M|100\/100\n|move|p2a: Conchita|Explosion|p1a: Scizor\n|-resisted|p1a: Scizor\n|-damage|p1a: Scizor|48\/100\n|faint|p2a: Conchita\n|\n|-weather|Snow|[upkeep]\n|upkeep\n|\n|t:|1700601814\n|switch|p2a: Mebo|Arctozolt, shiny|100\/100\n|turn|8\n|\n|t:|1700601831\n|switch|p1a: Gliscor|Gliscor, F|100\/100\n|-terastallize|p2a: Mebo|Electric\n|move|p2a: Mebo|Bolt Beak|p1a: Gliscor\n|-immune|p1a: Gliscor\n|\n|-weather|none\n|-status|p1a: Gliscor|tox|[from] item: Toxic Orb\n|upkeep\n|turn|9\n|\n|t:|1700601840\n|switch|p2a: Oreo|Vanilluxe, M|64\/100 tox\n|-weather|Snow|[from] ability: Snow Warning|[of] p2a: Oreo\n|move|p1a: Gliscor|Stealth Rock|p2a: Oreo\n|-sidestart|p2: xCookieBallx|move: Stealth Rock\n|\n|-weather|Snow|[upkeep]\n|-damage|p2a: Oreo|58\/100 tox|[from] psn\n|upkeep\n|turn|10\n|\n|t:|1700601844\n|switch|p1a: Chansey|Chansey, F|100\/100\n|move|p2a: Oreo|Freeze-Dry|p1a: Chansey\n|-damage|p1a: Chansey|94\/100\n|\n|-weather|Snow|[upkeep]\n|-damage|p2a: Oreo|46\/100 tox|[from] psn\n|upkeep\n|turn|11\n|\n|t:|1700601851\n|switch|p2a: Eva|Frosmoth, F|100\/100\n|move|p1a: Chansey|Seismic Toss|p2a: Eva\n|-damage|p2a: Eva|68\/100\n|\n|-weather|Snow|[upkeep]\n|upkeep\n|turn|12\n|\n|t:|1700601854\n|move|p2a: Eva|Defog|p1a: Chansey\n|-unboost|p1a: Chansey|evasion|1\n|-sideend|p2: xCookieBallx|Stealth Rock|[from] move: Defog|[of] p2a: Eva\n|move|p1a: Chansey|Toxic|p2a: Eva\n|-status|p2a: Eva|tox\n|\n|-weather|Snow|[upkeep]\n|-damage|p2a: Eva|62\/100 tox|[from] psn\n|upkeep\n|turn|13\n|\n|t:|1700601860\n|move|p2a: Eva|Quiver Dance|p2a: Eva\n|-boost|p2a: Eva|spa|1\n|-boost|p2a: Eva|spd|1\n|-boost|p2a: Eva|spe|1\n|move|p1a: Chansey|Seismic Toss|p2a: Eva\n|-damage|p2a: Eva|29\/100 tox\n|\n|-weather|Snow|[upkeep]\n|-damage|p2a: Eva|17\/100 tox|[from] psn\n|upkeep\n|turn|14\n|\n|t:|1700601865\n|move|p2a: Eva|Ice Beam|p1a: Chansey\n|-damage|p1a: Chansey|80\/100\n|move|p1a: Chansey|Seismic Toss|p2a: Eva\n|-damage|p2a: Eva|0 fnt\n|faint|p2a: Eva\n|\n|-weather|Snow|[upkeep]\n|upkeep\n|\n|t:|1700601869\n|switch|p2a: Online|Mamoswine, M|100\/100\n|turn|15\n|\n|t:|1700601892\n|switch|p1a: Latios|Latios, M|100\/100\n|move|p2a: Online|Knock Off|p1a: Latios\n|-supereffective|p1a: Latios\n|-damage|p1a: Latios|0 fnt\n|-enditem|p1a: Latios|Life Orb|[from] move: Knock Off|[of] p2a: Online\n|faint|p1a: Latios\n|\n|-weather|Snow|[upkeep]\n|upkeep\n|\n|t:|1700601897\n|switch|p1a: Xurkitree|Xurkitree|100\/100\n|turn|16\n|\n|t:|1700601901\n|move|p1a: Xurkitree|Energy Ball|p2a: Online\n|-supereffective|p2a: Online\n|-damage|p2a: Online|0 fnt\n|faint|p2a: Online\n|-ability|p1a: Xurkitree|Beast Boost|boost\n|-boost|p1a: Xurkitree|spa|1\n|\n|-weather|none\n|upkeep\n|\n|t:|1700601907\n|switch|p2a: Oreo|Vanilluxe, M|46\/100 tox\n|-weather|Snow|[from] ability: Snow Warning|[of] p2a: Oreo\n|turn|17\n|\n|t:|1700601910\n|move|p1a: Xurkitree|Energy Ball|p2a: Oreo\n|-damage|p2a: Oreo|3\/100 tox\n|move|p2a: Oreo|Aurora Veil|p2a: Oreo\n|-sidestart|p2: xCookieBallx|move: Aurora Veil\n|\n|-weather|Snow|[upkeep]\n|-damage|p2a: Oreo|0 fnt|[from] psn\n|faint|p2a: Oreo\n|upkeep\n|\n|t:|1700601913\n|switch|p2a: Mebo|Arctozolt, shiny, tera:Electric|100\/100\n|turn|18\n|\n|t:|1700601923\n|switch|p1a: Chansey|Chansey, F|80\/100\n|move|p2a: Mebo|Stomping Tantrum|p1a: Chansey\n|-damage|p1a: Chansey|37\/100\n|-damage|p2a: Mebo|91\/100|[from] item: Life Orb\n|\n|-weather|Snow|[upkeep]\n|upkeep\n|turn|19\n|\n|t:|1700601943\n|move|p2a: Mebo|Icicle Crash|p1a: Chansey\n|-damage|p1a: Chansey|0 fnt\n|faint|p1a: Chansey\n|-damage|p2a: Mebo|81\/100|[from] item: Life Orb\n|\n|-weather|Snow|[upkeep]\n|upkeep\n|\n|t:|1700601963\n|switch|p1a: Alomomola|Alomomola, M|71\/100 tox\n|turn|20\n|\n|t:|1700601966\n|move|p1a: Alomomola|Protect|p1a: Alomomola\n|-singleturn|p1a: Alomomola|Protect\n|move|p2a: Mebo|Icicle Crash|p1a: Alomomola\n|-activate|p1a: Alomomola|move: Protect\n|\n|-weather|Snow|[upkeep]\n|-heal|p1a: Alomomola|77\/100 tox|[from] item: Leftovers\n|-damage|p1a: Alomomola|71\/100 tox|[from] psn\n|upkeep\n|turn|21\n|\n|t:|1700601969\n|switch|p1a: Xurkitree|Xurkitree|100\/100\n|move|p2a: Mebo|Bolt Beak|p1a: Xurkitree\n|-resisted|p1a: Xurkitree\n|-damage|p1a: Xurkitree|6\/100\n|-damage|p2a: Mebo|71\/100|[from] item: Life Orb\n|\n|-weather|Snow|[upkeep]\n|-sideend|p2: xCookieBallx|move: Aurora Veil\n|upkeep\n|turn|22\n|\n|t:|1700601979\n|move|p2a: Mebo|Icicle Crash|p1a: Xurkitree|[miss]\n|-miss|p2a: Mebo|p1a: Xurkitree\n|move|p1a: Xurkitree|Energy Ball|p2a: Mebo\n|-damage|p2a: Mebo|18\/100\n|\n|-weather|Snow|[upkeep]\n|upkeep\n|turn|23\n|\n|t:|1700601995\n|move|p2a: Mebo|Bolt Beak|p1a: Xurkitree\n|-resisted|p1a: Xurkitree\n|-damage|p1a: Xurkitree|0 fnt\n|faint|p1a: Xurkitree\n|-damage|p2a: Mebo|8\/100|[from] item: Life Orb\n|\n|-weather|Snow|[upkeep]\n|upkeep\n|\n|t:|1700601997\n|switch|p1a: Scizor|Scizor-Mega, M|48\/100\n|turn|24\n|\n|t:|1700602000\n|move|p1a: Scizor|Bullet Punch|p2a: Mebo\n|-resisted|p2a: Mebo\n|-damage|p2a: Mebo|0 fnt\n|faint|p2a: Mebo\n|\n|-weather|none\n|upkeep\n|\n|t:|1700602002\n|switch|p2a: King|Eiscue, M, shiny|100\/100\n|turn|25\n|\n|t:|1700602009\n|switch|p1a: Alomomola|Alomomola, M|100\/100 tox\n|move|p2a: King|Belly Drum|p2a: King\n|-damage|p2a: King|50\/100\n|-setboost|p2a: King|atk|6|[from] move: Belly Drum\n|-enditem|p2a: King|Sitrus Berry|[eat]\n|-heal|p2a: King|75\/100|[from] item: Sitrus Berry\n|\n|-damage|p1a: Alomomola|94\/100 tox|[from] psn\n|upkeep\n|turn|26\n|\n|t:|1700602012\n|move|p2a: King|Ice Spinner|p1a: Alomomola\n|-resisted|p1a: Alomomola\n|-damage|p1a: Alomomola|64\/100 tox\n|move|p1a: Alomomola|Toxic|p2a: King\n|-status|p2a: King|tox\n|\n|-heal|p1a: Alomomola|71\/100 tox|[from] item: Leftovers\n|-damage|p2a: King|69\/100 tox|[from] psn\n|-damage|p1a: Alomomola|58\/100 tox|[from] psn\n|upkeep\n|turn|27\n|\n|t:|1700602018\n|switch|p1a: Scizor|Scizor-Mega, M|48\/100\n|move|p2a: King|Ice Spinner|p1a: Scizor\n|-resisted|p1a: Scizor\n|-damage|p1a: Scizor|6\/100\n|\n|-damage|p2a: King|57\/100 tox|[from] psn\n|upkeep\n|turn|28\n|\n|t:|1700602022\n|move|p2a: King|Ice Spinner|p1a: Scizor\n|-resisted|p1a: Scizor\n|-damage|p1a: Scizor|0 fnt\n|faint|p1a: Scizor\n|\n|-damage|p2a: King|39\/100 tox|[from] psn\n|upkeep\n|\n|t:|1700602024\n|switch|p1a: Alomomola|Alomomola, M|92\/100 tox\n|turn|29\n|\n|t:|1700602027\n|move|p2a: King|Ice Spinner|p1a: Alomomola\n|-resisted|p1a: Alomomola\n|-damage|p1a: Alomomola|58\/100 tox\n|move|p1a: Alomomola|Wish|p1a: Alomomola\n|\n|-heal|p1a: Alomomola|64\/100 tox|[from] item: Leftovers\n|-damage|p2a: King|14\/100 tox|[from] psn\n|-damage|p1a: Alomomola|58\/100 tox|[from] psn\n|upkeep\n|turn|30\n|\n|t:|1700602029\n|move|p1a: Alomomola|Protect|p1a: Alomomola\n|-singleturn|p1a: Alomomola|Protect\n|move|p2a: King|Ice Spinner|p1a: Alomomola\n|-activate|p1a: Alomomola|move: Protect\n|\n|-heal|p1a: Alomomola|100\/100 tox|[from] move: Wish|[wisher] Alomomola\n|-damage|p2a: King|0 fnt|[from] psn\n|faint|p2a: King\n|\n|win|pitiman\n|upkeep\n|c|\u2606xCookieBallx|gg\n|c|\u2606pitiman|gg\n|l| Void280\n|j| Sylveon(404)\n","uploadtime":1700602071,"views":8,"p1id":"pitiman","p2id":"xcookieballx","formatid":"gen9nationaldex","rating":0,"private":0,"password":""}