{"id":"gen9nationaldex-1998532148","p1":"AndrewJM_123","p2":"imbwc","format":"[Gen 9] National Dex","log":"|html|<div class=\"broadcast-blue\"><strong>[Gen 9] National Dex is currently suspecting Sneasler! For information on how to participate check out the <a href=\"https:\/\/www.smogon.com\/forums\/threads\/sv-national-dex-suspect-8-just-dance.3731534\/\">suspect thread<\/a>.<\/strong><\/div>\n|j|\u2606AndrewJM_123\n|j|\u2606imbwc\n|t:|1700953041\n|gametype|singles\n|player|p1|AndrewJM_123|101|1070\n|player|p2|imbwc|poppy|1174\n|teamsize|p1|6\n|teamsize|p2|6\n|gen|9\n|tier|[Gen 9] National Dex\n|rated|\n|rule|HP Percentage Mod: HP is shown in percentages\n|rule|Endless Battle Clause: Forcing endless battles is banned\n|rule|OHKO Clause: OHKO moves are banned\n|rule|Evasion Clause: Evasion abilities, items, and moves are banned\n|rule|Evasion Abilities Clause: Evasion abilities are banned\n|rule|Evasion Items Clause: Evasion items are banned\n|rule|Evasion Moves Clause: Evasion moves are banned\n|rule|Species Clause: Limit one of each Pok\u00e9mon\n|rule|Sleep Clause Mod: Limit one foe put to sleep\n|clearpoke\n|poke|p1|Ambipom, F|\n|poke|p1|Crawdaunt, M|\n|poke|p1|Pelipper, F|\n|poke|p1|Espeon, M|\n|poke|p1|Steelix, F|\n|poke|p1|Amoonguss, F|\n|poke|p2|Moltres|\n|poke|p2|Necrozma|\n|poke|p2|Zamazenta-*|\n|poke|p2|Zangoose, M|\n|poke|p2|Ribombee, F|\n|poke|p2|Zoroark-Hisui, M|\n|teampreview\n|j| kung fu pokechu\n|j| TheStroker\n|j| mistahmerrikuu\n|\n|t:|1700953075\n|start\n|switch|p1a: Ambipom|Ambipom, F|100\/100\n|switch|p2a: no bee|Ribombee, F|100\/100\n|turn|1\n|\n|t:|1700953080\n|move|p1a: Ambipom|Fake Out|p2a: no bee\n|-damage|p2a: no bee|40\/100\n|move|p2a: no bee|Sticky Web|p1a: Ambipom\n|-sidestart|p1: AndrewJM_123|move: Sticky Web\n|\n|upkeep\n|turn|2\n|c| TheStroker|AndrewJM_123 you're noob\n|j| less might be more\n|\n|t:|1700953093\n|move|p2a: no bee|Stun Spore|p1a: Ambipom\n|-status|p1a: Ambipom|par\n|move|p1a: Ambipom|Return|p2a: no bee\n|-damage|p2a: no bee|0 fnt\n|faint|p2a: no bee\n|\n|upkeep\n|\n|t:|1700953099\n|switch|p2a: Miss|Zamazenta|100\/100\n|-ability|p2a: Miss|Dauntless Shield|boost\n|-boost|p2a: Miss|def|1\n|turn|3\n|\n|t:|1700953103\n|move|p2a: Miss|Substitute|p2a: Miss\n|-start|p2a: Miss|Substitute\n|-damage|p2a: Miss|75\/100\n|move|p1a: Ambipom|U-turn|p2a: Miss\n|-resisted|p2a: Miss\n|-activate|p2a: Miss|move: Substitute|[damage]\n|\n|t:|1700953117\n|switch|p1a: Pelipper|Pelipper, F|100\/100|[from] U-turn\n|-weather|RainDance|[from] ability: Drizzle|[of] p1a: Pelipper\n|\n|-weather|RainDance|[upkeep]\n|-heal|p2a: Miss|82\/100|[from] item: Leftovers\n|upkeep\n|turn|4\n|\n|t:|1700953125\n|move|p2a: Miss|Iron Defense|p2a: Miss\n|-boost|p2a: Miss|def|2\n|move|p1a: Pelipper|Weather Ball|p2a: Miss\n|-end|p2a: Miss|Substitute\n|\n|-weather|RainDance|[upkeep]\n|-heal|p2a: Miss|88\/100|[from] item: Leftovers\n|upkeep\n|turn|5\n|\n|t:|1700953132\n|-terastallize|p2a: Miss|Water\n|move|p2a: Miss|Substitute|p2a: Miss\n|-start|p2a: Miss|Substitute\n|-damage|p2a: Miss|63\/100\n|move|p1a: Pelipper|Weather Ball|p2a: Miss\n|-resisted|p2a: Miss\n|-end|p2a: Miss|Substitute\n|\n|-weather|RainDance|[upkeep]\n|-heal|p2a: Miss|69\/100|[from] item: Leftovers\n|upkeep\n|turn|6\n|\n|t:|1700953154\n|switch|p2a: PRISMED|Necrozma|100\/100\n|move|p1a: Pelipper|Weather Ball|p2a: PRISMED\n|-damage|p2a: PRISMED|0 fnt\n|faint|p2a: PRISMED\n|\n|-weather|RainDance|[upkeep]\n|upkeep\n|\n|t:|1700953166\n|switch|p2a: champ|Zangoose, M|100\/100\n|turn|7\n|\n|t:|1700953169\n|move|p2a: champ|Knock Off|p1a: Pelipper\n|-damage|p1a: Pelipper|61\/100\n|-enditem|p1a: Pelipper|Choice Specs|[from] move: Knock Off|[of] p2a: champ\n|move|p1a: Pelipper|Weather Ball|p2a: champ\n|-crit|p2a: champ\n|-damage|p2a: champ|0 fnt\n|faint|p2a: champ\n|\n|-weather|none\n|upkeep\n|\n|t:|1700953183\n|switch|p2a: Miss|Zamazenta|100\/100\n|-start|p2a: Miss|typechange|Water|[silent]\n|turn|8\n|\n|t:|1700953195\n|move|p2a: Miss|Nasty Plot|p2a: Miss\n|-boost|p2a: Miss|spa|2\n|move|p1a: Pelipper|U-turn|p2a: Miss\n|-resisted|p2a: Miss\n|-damage|p2a: Miss|93\/100\n|replace|p2a: Mangriff at home|Zoroark-Hisui, M\n|-end|p2a: Mangriff at home|Illusion\n|\n|t:|1700953207\n|switch|p1a: Crawdaunt|Crawdaunt, M|100\/100|[from] U-turn\n|-activate|p1a: Crawdaunt|move: Sticky Web\n|-unboost|p1a: Crawdaunt|spe|1\n|\n|upkeep\n|turn|9\n|\n|t:|1700953216\n|move|p2a: Mangriff at home|Tera Blast|p1a: Crawdaunt\n|-damage|p1a: Crawdaunt|0 fnt\n|faint|p1a: Crawdaunt\n|\n|upkeep\n|\n|t:|1700953227\n|switch|p1a: Ambipom|Ambipom, F|100\/100 par\n|-activate|p1a: Ambipom|move: Sticky Web\n|-unboost|p1a: Ambipom|spe|1\n|turn|10\n|\n|t:|1700953232\n|move|p1a: Ambipom|Fake Out|p2a: Mangriff at home\n|-immune|p2a: Mangriff at home\n|move|p2a: Mangriff at home|Tera Blast|p1a: Ambipom\n|-damage|p1a: Ambipom|0 fnt\n|faint|p1a: Ambipom\n|\n|upkeep\n|\n|t:|1700953243\n|switch|p1a: Espeon|Espeon, M|100\/100\n|-activate|p1a: Espeon|move: Sticky Web\n|-unboost|p1a: Espeon|spe|1\n|turn|11\n|-message|AndrewJM_123 forfeited.\n|\n|win|imbwc\n|raw|AndrewJM_123's rating: 1070 &rarr; <strong>1055<\/strong><br \/>(-15 for losing)\n|raw|imbwc's rating: 1174 &rarr; <strong>1192<\/strong><br \/>(+18 for winning)\n|l|\u2606AndrewJM_123\n","uploadtime":1700953254,"views":1,"p1id":"andrewjm123","p2id":"imbwc","formatid":"gen9nationaldex","rating":1055,"private":0,"password":""}