{"id":"gen9nationaldex-1995011921","p1":"sowa_limez","p2":"Eighty Battles","format":"[Gen 9] National Dex","log":"|html|<div class=\"broadcast-blue\"><strong>[Gen 9] National Dex is currently suspecting Sneasler! For information on how to participate check out the <a href=\"https:\/\/www.smogon.com\/forums\/threads\/sv-national-dex-suspect-8-just-dance.3731534\/\">suspect thread<\/a>.<\/strong><\/div>\n|j|\u2606sowa_limez\n|j|\u2606Eighty Battles\n|t:|1700513239\n|gametype|singles\n|player|p1|sowa_limez|blue-gen1champion|1033\n|player|p2|Eighty Battles|gentleman-gen4dp|1052\n|teamsize|p1|6\n|teamsize|p2|6\n|gen|9\n|tier|[Gen 9] National Dex\n|rated|\n|rule|HP Percentage Mod: HP is shown in percentages\n|rule|Endless Battle Clause: Forcing endless battles is banned\n|rule|OHKO Clause: OHKO moves are banned\n|rule|Evasion Clause: Evasion abilities, items, and moves are banned\n|rule|Evasion Abilities Clause: Evasion abilities are banned\n|rule|Evasion Items Clause: Evasion items are banned\n|rule|Evasion Moves Clause: Evasion moves are banned\n|rule|Species Clause: Limit one of each Pok\u00e9mon\n|rule|Sleep Clause Mod: Limit one foe put to sleep\n|clearpoke\n|poke|p1|Bellibolt, F|\n|poke|p1|Heliolisk, F|\n|poke|p1|Zapdos|\n|poke|p1|Ampharos, M|\n|poke|p1|Togedemaru, F|\n|poke|p1|Zebstrika, F|\n|poke|p2|Serperior, M|\n|poke|p2|Dachsbun, F|\n|poke|p2|Raichu, F|\n|poke|p2|Tauros-Paldea-Blaze, M|\n|poke|p2|Greedent, F|\n|poke|p2|Seaking, M|\n|teampreview\n|inactive|Battle timer is ON: inactive players will automatically lose when time's up. (requested by sowa_limez)\n|c|\u2606Eighty Battles|Pure Electric?\n|\n|t:|1700513265\n|start\n|switch|p1a: Togedemaru|Togedemaru, F|100\/100\n|switch|p2a: Dragon Cooker|Dachsbun, F|100\/100\n|turn|1\n|\n|t:|1700513272\n|move|p1a: Togedemaru|Agility|p1a: Togedemaru\n|-boost|p1a: Togedemaru|spe|2\n|move|p2a: Dragon Cooker|Stomping Tantrum|p1a: Togedemaru\n|-supereffective|p1a: Togedemaru\n|-ability|p1a: Togedemaru|Sturdy\n|-damage|p1a: Togedemaru|1\/100\n|-enditem|p1a: Togedemaru|Weakness Policy\n|-boost|p1a: Togedemaru|atk|2|[from] item: Weakness Policy\n|-boost|p1a: Togedemaru|spa|2|[from] item: Weakness Policy\n|\n|upkeep\n|turn|2\n|\n|t:|1700513286\n|move|p1a: Togedemaru|Iron Head|p2a: Dragon Cooker\n|-supereffective|p2a: Dragon Cooker\n|-damage|p2a: Dragon Cooker|0 fnt\n|faint|p2a: Dragon Cooker\n|\n|upkeep\n|\n|t:|1700513298\n|switch|p2a: The Bull|Tauros-Paldea-Blaze, M|100\/100\n|turn|3\n|\n|t:|1700513306\n|-terastallize|p1a: Togedemaru|Electric\n|move|p1a: Togedemaru|Zing Zap|p2a: The Bull\n|-damage|p2a: The Bull|0 fnt\n|faint|p2a: The Bull\n|\n|upkeep\n|\n|t:|1700513315\n|switch|p2a: Emperor|Serperior, M|100\/100\n|turn|4\n|\n|t:|1700513325\n|move|p1a: Togedemaru|Poison Jab|p2a: Emperor\n|-supereffective|p2a: Emperor\n|-damage|p2a: Emperor|0 fnt\n|faint|p2a: Emperor\n|\n|upkeep\n|\n|t:|1700513331\n|switch|p2a: Danger|Seaking, M|100\/100\n|turn|5\n|\n|t:|1700513340\n|move|p1a: Togedemaru|Poison Jab|p2a: Danger\n|-damage|p2a: Danger|25\/100\n|move|p2a: Danger|Aqua Tail|p1a: Togedemaru\n|-damage|p1a: Togedemaru|0 fnt\n|faint|p1a: Togedemaru\n|\n|upkeep\n|\n|t:|1700513351\n|switch|p1a: Bellibolt|Bellibolt, F, shiny|100\/100\n|turn|6\n|\n|t:|1700513365\n|move|p2a: Danger|Poison Jab|p1a: Bellibolt\n|-damage|p1a: Bellibolt|86\/100\n|-start|p1a: Bellibolt|Charge|Poison Jab|[from] ability: Electromorphosis\n|move|p1a: Bellibolt|Parabolic Charge|p2a: Danger\n|-ability|p2a: Danger|Lightning Rod|boost\n|-boost|p2a: Danger|spa|1\n|-end|p1a: Bellibolt|Charge|[silent]\n|\n|upkeep\n|turn|7\n|\n|t:|1700513378\n|switch|p1a: Zebstrika|Zebstrika, F|100\/100\n|move|p2a: Danger|Poison Jab|p1a: Zebstrika\n|-damage|p1a: Zebstrika|65\/100\n|-status|p1a: Zebstrika|psn\n|\n|-damage|p1a: Zebstrika|52\/100 psn|[from] psn\n|upkeep\n|turn|8\n|\n|t:|1700513389\n|move|p1a: Zebstrika|Frustration|p2a: Danger\n|-damage|p2a: Danger|0 fnt\n|faint|p2a: Danger\n|\n|-damage|p1a: Zebstrika|40\/100 psn|[from] psn\n|upkeep\n|\n|t:|1700513395\n|switch|p2a: Storm Summoner|Raichu, F|100\/100\n|-item|p2a: Storm Summoner|Air Balloon\n|turn|9\n|\n|t:|1700513403\n|move|p2a: Storm Summoner|Extreme Speed|p1a: Zebstrika\n|-damage|p1a: Zebstrika|6\/100 psn\n|move|p1a: Zebstrika|Flame Charge|p2a: Storm Summoner\n|-damage|p2a: Storm Summoner|68\/100\n|-boost|p1a: Zebstrika|spe|1\n|-enditem|p2a: Storm Summoner|Air Balloon\n|\n|-damage|p1a: Zebstrika|0 fnt|[from] psn\n|faint|p1a: Zebstrika\n|upkeep\n|\n|t:|1700513411\n|switch|p1a: Heliolisk|Heliolisk, F|100\/100\n|turn|10\n|\n|t:|1700513423\n|-terastallize|p2a: Storm Summoner|Fairy\n|move|p1a: Heliolisk|Sunny Day|p1a: Heliolisk\n|-weather|SunnyDay\n|move|p2a: Storm Summoner|Play Rough|p1a: Heliolisk\n|-damage|p1a: Heliolisk|28\/100\n|\n|-weather|SunnyDay|[upkeep]\n|-damage|p1a: Heliolisk|16\/100|[from] ability: Solar Power|[of] p1a: Heliolisk\n|upkeep\n|turn|11\n|\n|t:|1700513436\n|move|p1a: Heliolisk|Weather Ball|p2a: Storm Summoner\n|-damage|p2a: Storm Summoner|0 fnt\n|faint|p2a: Storm Summoner\n|-damage|p1a: Heliolisk|6\/100|[from] item: Life Orb\n|\n|-weather|SunnyDay|[upkeep]\n|-damage|p1a: Heliolisk|0 fnt|[from] ability: Solar Power|[of] p1a: Heliolisk\n|faint|p1a: Heliolisk\n|upkeep\n|\n|t:|1700513445\n|switch|p1a: Ampharos|Ampharos, M|100\/100\n|switch|p2a: Fattinous|Greedent, F|100\/100\n|turn|12\n|\n|t:|1700513459\n|move|p1a: Ampharos|Cotton Guard|p1a: Ampharos\n|-boost|p1a: Ampharos|def|3\n|move|p2a: Fattinous|Belly Drum|p2a: Fattinous\n|-damage|p2a: Fattinous|51\/100\n|-setboost|p2a: Fattinous|atk|6|[from] move: Belly Drum\n|\n|-weather|SunnyDay|[upkeep]\n|upkeep\n|turn|13\n|\n|t:|1700513470\n|move|p1a: Ampharos|Thunderbolt|p2a: Fattinous\n|-damage|p2a: Fattinous|10\/100\n|move|p2a: Fattinous|Rest|p2a: Fattinous\n|-status|p2a: Fattinous|slp|[from] move: Rest\n|-heal|p2a: Fattinous|100\/100 slp|[silent]\n|-enditem|p2a: Fattinous|Chesto Berry|[eat]\n|-curestatus|p2a: Fattinous|slp|[msg]\n|\n|-weather|SunnyDay|[upkeep]\n|upkeep\n|turn|14\n|\n|t:|1700513481\n|move|p1a: Ampharos|Thunderbolt|p2a: Fattinous\n|-damage|p2a: Fattinous|62\/100\n|move|p2a: Fattinous|Superpower|p1a: Ampharos\n|-damage|p1a: Ampharos|62\/100\n|-unboost|p2a: Fattinous|atk|1\n|-unboost|p2a: Fattinous|def|1\n|\n|-weather|none\n|upkeep\n|turn|15\n|\n|t:|1700513492\n|move|p1a: Ampharos|Cotton Guard|p1a: Ampharos\n|-boost|p1a: Ampharos|def|3\n|move|p2a: Fattinous|Superpower|p1a: Ampharos\n|-damage|p1a: Ampharos|44\/100\n|-unboost|p2a: Fattinous|atk|1\n|-unboost|p2a: Fattinous|def|1\n|\n|upkeep\n|turn|16\n|\n|t:|1700513501\n|move|p1a: Ampharos|Thunderbolt|p2a: Fattinous\n|-damage|p2a: Fattinous|28\/100\n|move|p2a: Fattinous|Crunch|p1a: Ampharos\n|-damage|p1a: Ampharos|33\/100\n|\n|upkeep\n|turn|17\n|\n|t:|1700513507\n|move|p1a: Ampharos|Thunderbolt|p2a: Fattinous\n|-damage|p2a: Fattinous|0 fnt\n|faint|p2a: Fattinous\n|\n|win|sowa_limez\n|raw|sowa_limez's rating: 1033 &rarr; <strong>1070<\/strong><br \/>(+37 for winning)\n|raw|Eighty Battles's rating: 1052 &rarr; <strong>1033<\/strong><br \/>(-19 for losing)\n|c|\u2606sowa_limez|Gg\n|c|\u2606Eighty Battles|GG\n","uploadtime":1700513572,"views":11,"p1id":"sowalimez","p2id":"eightybattles","formatid":"gen9nationaldex","rating":1033,"private":0,"password":""}