{"id":"gen9nationaldex-1997970610","p1":"Btmj02","p2":"NDSNEZyedropwhen","format":"[Gen 9] National Dex","log":"|html|<div class=\"broadcast-blue\"><strong>[Gen 9] National Dex is currently suspecting Sneasler! For information on how to participate check out the <a href=\"https:\/\/www.smogon.com\/forums\/threads\/sv-national-dex-suspect-8-just-dance.3731534\/\">suspect thread<\/a>.<\/strong><\/div>\n|j|\u2606Btmj02\n|j|\u2606NDSNEZyedropwhen\n|t:|1700873665\n|gametype|singles\n|player|p1|Btmj02|170|1116\n|player|p2|NDSNEZyedropwhen|adaman|1000\n|teamsize|p1|6\n|teamsize|p2|6\n|gen|9\n|tier|[Gen 9] National Dex\n|rated|\n|rule|HP Percentage Mod: HP is shown in percentages\n|rule|Endless Battle Clause: Forcing endless battles is banned\n|rule|OHKO Clause: OHKO moves are banned\n|rule|Evasion Clause: Evasion abilities, items, and moves are banned\n|rule|Evasion Abilities Clause: Evasion abilities are banned\n|rule|Evasion Items Clause: Evasion items are banned\n|rule|Evasion Moves Clause: Evasion moves are banned\n|rule|Species Clause: Limit one of each Pok\u00e9mon\n|rule|Sleep Clause Mod: Limit one foe put to sleep\n|clearpoke\n|poke|p1|Blaziken, F|\n|poke|p1|Lopunny, F|\n|poke|p1|Breloom, M|\n|poke|p1|Iron Valiant|\n|poke|p1|Okidogi, M|\n|poke|p1|Urshifu-*, M|\n|poke|p2|Toxapex, M|\n|poke|p2|Dondozo, F|\n|poke|p2|Gliscor, F|\n|poke|p2|Blissey, F|\n|poke|p2|Corviknight, F|\n|poke|p2|Tyranitar, M|\n|teampreview\n|inactive|Battle timer is ON: inactive players will automatically lose when time's up. (requested by NDSNEZyedropwhen)\n|\n|t:|1700873681\n|start\n|switch|p1a: Urshifu|Urshifu-Rapid-Strike, M|100\/100\n|switch|p2a: Gliscor|Gliscor, F|100\/100\n|turn|1\n|\n|t:|1700873706\n|switch|p2a: Toxapex|Toxapex, M|100\/100\n|move|p1a: Urshifu|Aqua Jet|p2a: Toxapex\n|-resisted|p2a: Toxapex\n|-damage|p2a: Toxapex|94\/100\n|\n|upkeep\n|turn|2\n|\n|t:|1700873716\n|switch|p1a: Breloom|Breloom, M|100\/100\n|move|p2a: Toxapex|Knock Off|p1a: Breloom\n|-resisted|p1a: Breloom\n|-damage|p1a: Breloom|89\/100\n|-enditem|p1a: Breloom|Heavy-Duty Boots|[from] move: Knock Off|[of] p2a: Toxapex\n|\n|upkeep\n|turn|3\n|\n|t:|1700873724\n|move|p2a: Toxapex|Baneful Bunker|p2a: Toxapex\n|-singleturn|p2a: Toxapex|move: Protect\n|move|p1a: Breloom|Spore|p2a: Toxapex\n|-activate|p2a: Toxapex|move: Protect\n|\n|upkeep\n|turn|4\n|\n|t:|1700873734\n|switch|p2a: Blissey|Blissey, F|100\/100\n|move|p1a: Breloom|Spore|p2a: Blissey\n|-status|p2a: Blissey|slp|[from] move: Spore\n|\n|upkeep\n|turn|5\n|\n|t:|1700873743\n|-curestatus|p2a: Blissey|slp|[from] ability: Natural Cure\n|switch|p2a: Gliscor|Gliscor, F|100\/100\n|move|p1a: Breloom|Mach Punch|p2a: Gliscor\n|-resisted|p2a: Gliscor\n|-damage|p2a: Gliscor|89\/100\n|\n|-status|p2a: Gliscor|tox|[from] item: Toxic Orb\n|upkeep\n|turn|6\n|\n|t:|1700873759\n|move|p2a: Gliscor|Protect|p2a: Gliscor\n|-singleturn|p2a: Gliscor|Protect\n|move|p1a: Breloom|Seed Bomb|p2a: Gliscor\n|-activate|p2a: Gliscor|move: Protect\n|\n|-heal|p2a: Gliscor|100\/100 tox|[from] ability: Poison Heal\n|upkeep\n|turn|7\n|\n|t:|1700873769\n|move|p1a: Breloom|Seed Bomb|p2a: Gliscor\n|-damage|p2a: Gliscor|71\/100 tox\n|move|p2a: Gliscor|Toxic|p1a: Breloom\n|-status|p1a: Breloom|tox\n|\n|-damage|p1a: Breloom|83\/100 tox|[from] psn\n|-heal|p2a: Gliscor|83\/100 tox|[from] ability: Poison Heal\n|upkeep\n|turn|8\n|\n|t:|1700873787\n|move|p2a: Gliscor|Protect|p2a: Gliscor\n|-singleturn|p2a: Gliscor|Protect\n|move|p1a: Breloom|Seed Bomb|p2a: Gliscor\n|-activate|p2a: Gliscor|move: Protect\n|\n|-damage|p1a: Breloom|71\/100 tox|[from] psn\n|-heal|p2a: Gliscor|96\/100 tox|[from] ability: Poison Heal\n|upkeep\n|turn|9\n|\n|t:|1700873799\n|move|p1a: Breloom|Seed Bomb|p2a: Gliscor\n|-damage|p2a: Gliscor|66\/100 tox\n|move|p2a: Gliscor|Spikes|p1a: Breloom\n|-sidestart|p1: Btmj02|Spikes\n|\n|-damage|p1a: Breloom|52\/100 tox|[from] psn\n|-heal|p2a: Gliscor|78\/100 tox|[from] ability: Poison Heal\n|upkeep\n|turn|10\n|\n|t:|1700873811\n|switch|p1a: Okidogi|Okidogi, M|100\/100\n|move|p2a: Gliscor|Protect||[still]\n|-fail|p2a: Gliscor\n|\n|-heal|p2a: Gliscor|91\/100 tox|[from] ability: Poison Heal\n|upkeep\n|turn|11\n|\n|t:|1700873833\n|move|p2a: Gliscor|Protect|p2a: Gliscor\n|-singleturn|p2a: Gliscor|Protect\n|move|p1a: Okidogi|Poison Jab|p2a: Gliscor\n|-activate|p2a: Gliscor|move: Protect\n|\n|-heal|p2a: Gliscor|100\/100 tox|[from] ability: Poison Heal\n|upkeep\n|turn|12\n|\n|t:|1700873844\n|move|p2a: Gliscor|Earthquake|p1a: Okidogi\n|-supereffective|p1a: Okidogi\n|-damage|p1a: Okidogi|47\/100\n|move|p1a: Okidogi|Poison Jab|p2a: Gliscor\n|-resisted|p2a: Gliscor\n|-damage|p2a: Gliscor|86\/100 tox\n|\n|-heal|p2a: Gliscor|99\/100 tox|[from] ability: Poison Heal\n|upkeep\n|turn|13\n|\n|t:|1700873854\n|move|p2a: Gliscor|Spikes|p1a: Okidogi\n|-sidestart|p1: Btmj02|Spikes\n|move|p1a: Okidogi|Poison Jab|p2a: Gliscor\n|-resisted|p2a: Gliscor\n|-damage|p2a: Gliscor|86\/100 tox\n|\n|-heal|p2a: Gliscor|98\/100 tox|[from] ability: Poison Heal\n|upkeep\n|turn|14\n|\n|t:|1700873867\n|move|p2a: Gliscor|Spikes|p1a: Okidogi\n|-sidestart|p1: Btmj02|Spikes\n|move|p1a: Okidogi|Poison Jab|p2a: Gliscor\n|-resisted|p2a: Gliscor\n|-damage|p2a: Gliscor|85\/100 tox\n|\n|-heal|p2a: Gliscor|97\/100 tox|[from] ability: Poison Heal\n|upkeep\n|turn|15\n|\n|t:|1700873882\n|move|p2a: Gliscor|Earthquake|p1a: Okidogi\n|-supereffective|p1a: Okidogi\n|-damage|p1a: Okidogi|0 fnt\n|faint|p1a: Okidogi\n|\n|-heal|p2a: Gliscor|100\/100 tox|[from] ability: Poison Heal\n|upkeep\n|\n|t:|1700873901\n|switch|p1a: Lopunny|Lopunny, F|100\/100\n|-damage|p1a: Lopunny|75\/100|[from] Spikes\n|turn|16\n|\n|t:|1700873927\n|detailschange|p1a: Lopunny|Lopunny-Mega, F\n|-mega|p1a: Lopunny|Lopunny|Lopunnite\n|move|p2a: Gliscor|Protect|p2a: Gliscor\n|-singleturn|p2a: Gliscor|Protect\n|move|p1a: Lopunny|Play Rough|p2a: Gliscor\n|-activate|p2a: Gliscor|move: Protect\n|\n|upkeep\n|turn|17\n|\n|t:|1700873936\n|switch|p2a: Toxapex|Toxapex, M|100\/100\n|move|p1a: Lopunny|Ice Punch|p2a: Toxapex\n|-resisted|p2a: Toxapex\n|-damage|p2a: Toxapex|92\/100\n|-status|p2a: Toxapex|frz\n|\n|upkeep\n|turn|18\n|\n|t:|1700873945\n|move|p1a: Lopunny|High Jump Kick|p2a: Toxapex|[miss]\n|-miss|p1a: Lopunny|p2a: Toxapex\n|-damage|p1a: Lopunny|25\/100|[from] highjumpkick\n|-curestatus|p2a: Toxapex|frz|[msg]\n|move|p2a: Toxapex|Toxic|p1a: Lopunny\n|-status|p1a: Lopunny|tox\n|\n|-damage|p1a: Lopunny|19\/100 tox|[from] psn\n|upkeep\n|turn|19\n|\n|t:|1700873956\n|move|p1a: Lopunny|High Jump Kick|p2a: Toxapex\n|-resisted|p2a: Toxapex\n|-damage|p2a: Toxapex|71\/100\n|move|p2a: Toxapex|Knock Off|p1a: Lopunny\n|-resisted|p1a: Lopunny\n|-damage|p1a: Lopunny|12\/100 tox\n|\n|-damage|p1a: Lopunny|0 fnt|[from] psn\n|faint|p1a: Lopunny\n|upkeep\n|-message|Btmj02 forfeited.\n|\n|win|NDSNEZyedropwhen\n|raw|Btmj02's rating: 1116 &rarr; <strong>1083<\/strong><br \/>(-33 for losing)\n|raw|NDSNEZyedropwhen's rating: 1000 &rarr; <strong>1053<\/strong><br \/>(+53 for winning)\n|l|\u2606Btmj02\n","uploadtime":1700873980,"views":2,"p1id":"btmj02","p2id":"ndsnezyedropwhen","formatid":"gen9nationaldex","rating":1053,"private":0,"password":""}