{"id":"gen9nationaldex-1996291903","p1":"TetraVentus","p2":"runeatest","format":"[Gen 9] National Dex","log":"|html|<div class=\"broadcast-blue\"><strong>[Gen 9] National Dex is currently suspecting Sneasler! For information on how to participate check out the <a href=\"https:\/\/www.smogon.com\/forums\/threads\/sv-national-dex-suspect-8-just-dance.3731534\/\">suspect thread<\/a>.<\/strong><\/div>\n|j|\u2606TetraVentus\n|j|\u2606runeatest\n|t:|1700668155\n|gametype|singles\n|player|p1|TetraVentus|caitlin|1109\n|player|p2|runeatest|fisherman-gen4|1125\n|teamsize|p1|6\n|teamsize|p2|6\n|gen|9\n|tier|[Gen 9] National Dex\n|rated|\n|rule|HP Percentage Mod: HP is shown in percentages\n|rule|Endless Battle Clause: Forcing endless battles is banned\n|rule|OHKO Clause: OHKO moves are banned\n|rule|Evasion Clause: Evasion abilities, items, and moves are banned\n|rule|Evasion Abilities Clause: Evasion abilities are banned\n|rule|Evasion Items Clause: Evasion items are banned\n|rule|Evasion Moves Clause: Evasion moves are banned\n|rule|Species Clause: Limit one of each Pok\u00e9mon\n|rule|Sleep Clause Mod: Limit one foe put to sleep\n|clearpoke\n|poke|p1|Landorus-Therian, M|\n|poke|p1|Tapu Lele|\n|poke|p1|Mawile, F|\n|poke|p1|Zapdos|\n|poke|p1|Volcanion|\n|poke|p1|Scizor, F|\n|poke|p2|Vaporeon, M|\n|poke|p2|Salamence, M|\n|poke|p2|Hitmontop, M|\n|poke|p2|Electivire, M|\n|poke|p2|Togekiss, M|\n|poke|p2|Houndoom, M|\n|teampreview\n|inactive|Battle timer is ON: inactive players will automatically lose when time's up. (requested by runeatest)\n|\n|t:|1700668195\n|start\n|switch|p1a: Tapu Lele|Tapu Lele|100\/100\n|switch|p2a: Salamence|Salamence, M|100\/100\n|-ability|p2a: Salamence|Intimidate|boost\n|-unboost|p1a: Tapu Lele|atk|1\n|-fieldstart|move: Psychic Terrain|[from] ability: Psychic Surge|[of] p1a: Tapu Lele\n|turn|1\n|inactive|runeatest has 120 seconds left.\n|inactive|runeatest has 90 seconds left.\n|\n|t:|1700668276\n|-terastallize|p2a: Salamence|Fire\n|move|p2a: Salamence|Flamethrower|p1a: Tapu Lele\n|-damage|p1a: Tapu Lele|29\/100\n|move|p1a: Tapu Lele|Moonblast|p2a: Salamence\n|-resisted|p2a: Salamence\n|-damage|p2a: Salamence|51\/100\n|\n|upkeep\n|turn|2\n|\n|t:|1700668288\n|move|p2a: Salamence|Flamethrower|p1a: Tapu Lele\n|-damage|p1a: Tapu Lele|0 fnt\n|faint|p1a: Tapu Lele\n|\n|upkeep\n|\n|t:|1700668290\n|switch|p1a: Volcanion|Volcanion|100\/100\n|turn|3\n|\n|t:|1700668298\n|switch|p2a: Vaporeon|Vaporeon, M|100\/100\n|move|p1a: Volcanion|Steam Eruption|p2a: Vaporeon\n|-immune|p2a: Vaporeon|[from] ability: Water Absorb\n|\n|upkeep\n|turn|4\n|inactive|runeatest has 90 seconds left.\n|\n|t:|1700668304\n|move|p1a: Volcanion|Sludge Bomb|p2a: Vaporeon\n|-damage|p2a: Vaporeon|69\/100\n|-status|p2a: Vaporeon|psn\n|move|p2a: Vaporeon|Hidden Power|p1a: Volcanion\n|-supereffective|p1a: Volcanion\n|-damage|p1a: Volcanion|54\/100\n|\n|-heal|p2a: Vaporeon|75\/100 psn|[from] item: Leftovers\n|-damage|p2a: Vaporeon|63\/100 psn|[from] psn\n|upkeep\n|turn|5\n|\n|t:|1700668314\n|move|p1a: Volcanion|Sludge Bomb|p2a: Vaporeon\n|-damage|p2a: Vaporeon|34\/100 psn\n|move|p2a: Vaporeon|Heal Bell|p2a: Vaporeon\n|-activate|p2a: Vaporeon|move: Heal Bell\n|-curestatus|p2a: Vaporeon|psn|[msg]\n|\n|-heal|p2a: Vaporeon|41\/100|[from] item: Leftovers\n|-fieldend|move: Psychic Terrain\n|upkeep\n|turn|6\n|\n|t:|1700668322\n|move|p1a: Volcanion|Sludge Bomb|p2a: Vaporeon\n|-damage|p2a: Vaporeon|10\/100\n|move|p2a: Vaporeon|Hidden Power|p1a: Volcanion\n|-supereffective|p1a: Volcanion\n|-damage|p1a: Volcanion|3\/100\n|\n|-heal|p2a: Vaporeon|16\/100|[from] item: Leftovers\n|upkeep\n|turn|7\n|\n|t:|1700668330\n|switch|p2a: Salamence|Salamence, M, tera:Fire|51\/100\n|-ability|p2a: Salamence|Intimidate|boost\n|-unboost|p1a: Volcanion|atk|1\n|move|p1a: Volcanion|Sludge Bomb|p2a: Salamence\n|-damage|p2a: Salamence|10\/100\n|-status|p2a: Salamence|psn\n|\n|-damage|p2a: Salamence|0 fnt|[from] psn\n|faint|p2a: Salamence\n|upkeep\n|\n|t:|1700668340\n|switch|p2a: Hitmontop|Hitmontop, M|100\/100\n|turn|8\n|\n|t:|1700668343\n|move|p2a: Hitmontop|Fake Out|p1a: Volcanion\n|-damage|p1a: Volcanion|0 fnt\n|faint|p1a: Volcanion\n|\n|upkeep\n|\n|t:|1700668347\n|switch|p1a: Scizor|Scizor, F|100\/100\n|turn|9\n|inactive|runeatest has 120 seconds left.\n|\n|t:|1700668370\n|switch|p2a: Houndoom|Houndoom, M|100\/100\n|move|p1a: Scizor|U-turn|p2a: Houndoom\n|-enditem|p2a: Houndoom|Focus Sash\n|-damage|p2a: Houndoom|1\/100\n|\n|t:|1700668374\n|switch|p1a: Mawile|Mawile, F|100\/100|[from] U-turn\n|-ability|p1a: Mawile|Intimidate|boost\n|-unboost|p2a: Houndoom|atk|1\n|\n|upkeep\n|turn|10\n|inactive|runeatest has 120 seconds left.\n|\n|t:|1700668379\n|detailschange|p1a: Mawile|Mawile-Mega, F\n|-mega|p1a: Mawile|Mawile|Mawilite\n|move|p1a: Mawile|Sucker Punch|p2a: Houndoom\n|-resisted|p2a: Houndoom\n|-damage|p2a: Houndoom|0 fnt\n|faint|p2a: Houndoom\n|\n|upkeep\n|inactive|runeatest has 120 seconds left.\n|\n|t:|1700668386\n|switch|p2a: Electivire|Electivire, M, shiny|100\/100\n|-item|p2a: Electivire|Air Balloon\n|turn|11\n|\n|t:|1700668392\n|move|p2a: Electivire|Earthquake|p1a: Mawile\n|-supereffective|p1a: Mawile\n|-damage|p1a: Mawile|20\/100\n|move|p1a: Mawile|Swords Dance|p1a: Mawile\n|-boost|p1a: Mawile|atk|2\n|\n|upkeep\n|turn|12\n|\n|t:|1700668398\n|switch|p2a: Hitmontop|Hitmontop, M|100\/100\n|move|p1a: Mawile|Sucker Punch||[still]\n|-fail|p1a: Mawile\n|\n|upkeep\n|turn|13\n|\n|t:|1700668410\n|move|p2a: Hitmontop|Fake Out|p1a: Mawile\n|-resisted|p1a: Mawile\n|-damage|p1a: Mawile|10\/100\n|cant|p1a: Mawile|flinch\n|\n|upkeep\n|turn|14\n|\n|t:|1700668418\n|move|p2a: Hitmontop|Sucker Punch|p1a: Mawile\n|-resisted|p1a: Mawile\n|-damage|p1a: Mawile|0 fnt\n|faint|p1a: Mawile\n|\n|upkeep\n|\n|t:|1700668430\n|switch|p1a: Landorus|Landorus-Therian, M|100\/100\n|-ability|p1a: Landorus|Intimidate|boost\n|-unboost|p2a: Hitmontop|atk|1\n|turn|15\n|\n|t:|1700668435\n|switch|p2a: Vaporeon|Vaporeon, M|16\/100\n|move|p1a: Landorus|Stealth Rock|p2a: Vaporeon\n|-sidestart|p2: runeatest|move: Stealth Rock\n|\n|-heal|p2a: Vaporeon|22\/100|[from] item: Leftovers\n|upkeep\n|turn|16\n|\n|t:|1700668442\n|switch|p1a: Scizor|Scizor, F|100\/100\n|move|p2a: Vaporeon|Ice Beam|p1a: Scizor\n|-resisted|p1a: Scizor\n|-damage|p1a: Scizor|83\/100\n|-status|p1a: Scizor|frz\n|\n|-heal|p2a: Vaporeon|29\/100|[from] item: Leftovers\n|upkeep\n|turn|17\n|\n|t:|1700668451\n|-curestatus|p1a: Scizor|frz|[msg]\n|move|p1a: Scizor|Knock Off|p2a: Vaporeon\n|-damage|p2a: Vaporeon|0 fnt\n|-enditem|p2a: Vaporeon|Leftovers|[from] move: Knock Off|[of] p1a: Scizor\n|faint|p2a: Vaporeon\n|\n|upkeep\n|\n|t:|1700668457\n|switch|p2a: Hitmontop|Hitmontop, M|100\/100\n|-damage|p2a: Hitmontop|94\/100|[from] Stealth Rock\n|turn|18\n|\n|t:|1700668462\n|move|p2a: Hitmontop|Rapid Spin|p1a: Scizor\n|-resisted|p1a: Scizor\n|-damage|p1a: Scizor|72\/100\n|-boost|p2a: Hitmontop|spe|1\n|-sideend|p2: runeatest|Stealth Rock|[from] move: Rapid Spin|[of] p2a: Hitmontop\n|move|p1a: Scizor|Knock Off|p2a: Hitmontop\n|-resisted|p2a: Hitmontop\n|-damage|p2a: Hitmontop|53\/100\n|-enditem|p2a: Hitmontop|Focus Sash|[from] move: Knock Off|[of] p1a: Scizor\n|\n|upkeep\n|turn|19\n|\n|t:|1700668470\n|switch|p1a: Zapdos|Zapdos|100\/100\n|move|p2a: Hitmontop|High Jump Kick|p1a: Zapdos\n|-resisted|p1a: Zapdos\n|-damage|p1a: Zapdos|77\/100\n|-status|p2a: Hitmontop|par|[from] ability: Static|[of] p1a: Zapdos\n|\n|upkeep\n|turn|20\n|\n|t:|1700668478\n|switch|p2a: Electivire|Electivire, M, shiny|100\/100\n|-item|p2a: Electivire|Air Balloon\n|move|p1a: Zapdos|Hurricane|p2a: Electivire\n|-resisted|p2a: Electivire\n|-damage|p2a: Electivire|70\/100\n|-enditem|p2a: Electivire|Air Balloon\n|\n|upkeep\n|turn|21\n|\n|t:|1700668489\n|move|p2a: Electivire|Ice Punch|p1a: Zapdos\n|-supereffective|p1a: Zapdos\n|-damage|p1a: Zapdos|34\/100\n|move|p1a: Zapdos|Heat Wave|p2a: Electivire\n|-damage|p2a: Electivire|35\/100\n|\n|upkeep\n|turn|22\n|\n|t:|1700668498\n|switch|p1a: Scizor|Scizor, F|72\/100\n|move|p2a: Electivire|Fire Punch|p1a: Scizor\n|-supereffective|p1a: Scizor\n|-damage|p1a: Scizor|0 fnt\n|faint|p1a: Scizor\n|\n|upkeep\n|\n|t:|1700668502\n|switch|p1a: Landorus|Landorus-Therian, M|100\/100\n|-ability|p1a: Landorus|Intimidate|boost\n|-unboost|p2a: Electivire|atk|1\n|turn|23\n|\n|t:|1700668509\n|move|p2a: Electivire|Ice Punch|p1a: Landorus\n|-supereffective|p1a: Landorus\n|-damage|p1a: Landorus|47\/100\n|-damage|p2a: Electivire|19\/100|[from] item: Rocky Helmet|[of] p1a: Landorus\n|move|p1a: Landorus|Earthquake|p2a: Electivire\n|-supereffective|p2a: Electivire\n|-damage|p2a: Electivire|0 fnt\n|faint|p2a: Electivire\n|\n|upkeep\n|\n|t:|1700668517\n|switch|p2a: Togekiss|Togekiss, M, shiny|100\/100\n|turn|24\n|\n|t:|1700668524\n|move|p2a: Togekiss|Air Slash|p1a: Landorus\n|-damage|p1a: Landorus|11\/100\n|cant|p1a: Landorus|flinch\n|\n|upkeep\n|turn|25\n|\n|t:|1700668529\n|move|p2a: Togekiss|Dazzling Gleam|p1a: Landorus\n|-crit|p1a: Landorus\n|-damage|p1a: Landorus|0 fnt\n|faint|p1a: Landorus\n|\n|upkeep\n|\n|t:|1700668531\n|switch|p1a: Zapdos|Zapdos|34\/100\n|turn|26\n|\n|t:|1700668537\n|move|p2a: Togekiss|Dazzling Gleam|p1a: Zapdos\n|-damage|p1a: Zapdos|0 fnt\n|faint|p1a: Zapdos\n|\n|win|runeatest\n|raw|TetraVentus's rating: 1109 &rarr; <strong>1085<\/strong><br \/>(-24 for losing)\n|raw|runeatest's rating: 1125 &rarr; <strong>1149<\/strong><br \/>(+24 for winning)\n|l|\u2606TetraVentus\n","uploadtime":1700668545,"views":1,"p1id":"tetraventus","p2id":"runeatest","formatid":"gen9nationaldex","rating":1085,"private":0,"password":""}