{"id":"gen9nationaldex-1995028832","p1":"Jose307505","p2":"flavitoes","format":"[Gen 9] National Dex","log":"|html|<div class=\"broadcast-blue\"><strong>[Gen 9] National Dex is currently suspecting Sneasler! For information on how to participate check out the <a href=\"https:\/\/www.smogon.com\/forums\/threads\/sv-national-dex-suspect-8-just-dance.3731534\/\">suspect thread<\/a>.<\/strong><\/div>\n|j|\u2606Jose307505\n|j|\u2606flavitoes\n|t:|1700514957\n|gametype|singles\n|player|p1|Jose307505|steven|\n|player|p2|flavitoes|ethan|\n|teamsize|p1|6\n|teamsize|p2|6\n|gen|9\n|tier|[Gen 9] National Dex\n|rule|HP Percentage Mod: HP is shown in percentages\n|rule|Endless Battle Clause: Forcing endless battles is banned\n|rule|OHKO Clause: OHKO moves are banned\n|rule|Evasion Clause: Evasion abilities, items, and moves are banned\n|rule|Evasion Abilities Clause: Evasion abilities are banned\n|rule|Evasion Items Clause: Evasion items are banned\n|rule|Evasion Moves Clause: Evasion moves are banned\n|rule|Species Clause: Limit one of each Pok\u00e9mon\n|rule|Sleep Clause Mod: Limit one foe put to sleep\n|clearpoke\n|poke|p1|Electivire, F|\n|poke|p1|Gastrodon, M|\n|poke|p1|Aggron, F|\n|poke|p1|Drapion, F|\n|poke|p1|Honchkrow, M|\n|poke|p1|Weavile, M|\n|poke|p2|Persian, F|\n|poke|p2|Nidoking, M|\n|poke|p2|Nidoqueen, F|\n|poke|p2|Moltres|\n|poke|p2|Dugtrio, M|\n|poke|p2|Rhyperior, M|\n|teampreview\n|inactive|Battle timer is ON: inactive players will automatically lose when time's up. (requested by Jose307505)\n|c|\u2606flavitoes|ola\n|c|\u2606Jose307505|Wenas\n|c|\u2606Jose307505|Buena suerte\n|inactive|flavitoes has 270 seconds left.\n|\n|t:|1700514991\n|start\n|switch|p1a: Honchkrow|Honchkrow, M, shiny|100\/100\n|switch|p2a: Rhyperior|Rhyperior, M|100\/100\n|turn|1\n|\n|t:|1700515003\n|move|p1a: Honchkrow|Superpower|p2a: Rhyperior\n|-supereffective|p2a: Rhyperior\n|-damage|p2a: Rhyperior|63\/100\n|-unboost|p1a: Honchkrow|atk|1\n|-unboost|p1a: Honchkrow|def|1\n|-enditem|p1a: Honchkrow|White Herb\n|-clearnegativeboost|p1a: Honchkrow|[silent]\n|move|p2a: Rhyperior|Stealth Rock|p1a: Honchkrow\n|-sidestart|p1: Jose307505|move: Stealth Rock\n|\n|-heal|p2a: Rhyperior|69\/100|[from] item: Leftovers\n|upkeep\n|turn|2\n|\n|t:|1700515015\n|move|p1a: Honchkrow|Acrobatics|p2a: Rhyperior\n|-resisted|p2a: Rhyperior\n|-damage|p2a: Rhyperior|50\/100\n|move|p2a: Rhyperior|Rock Slide|p1a: Honchkrow\n|-supereffective|p1a: Honchkrow\n|-damage|p1a: Honchkrow|0 fnt\n|faint|p1a: Honchkrow\n|\n|-heal|p2a: Rhyperior|56\/100|[from] item: Leftovers\n|upkeep\n|\n|t:|1700515022\n|switch|p1a: Gastrodon|Gastrodon, M, shiny|100\/100\n|-damage|p1a: Gastrodon|94\/100|[from] Stealth Rock\n|turn|3\n|inactive|flavitoes has 270 seconds left.\n|inactive|flavitoes has 240 seconds left.\n|\n|t:|1700515085\n|switch|p2a: Nidoqueen|Nidoqueen, F|100\/100\n|move|p1a: Gastrodon|Scald|p2a: Nidoqueen\n|-supereffective|p2a: Nidoqueen\n|-damage|p2a: Nidoqueen|34\/100\n|\n|-heal|p1a: Gastrodon|100\/100|[from] item: Leftovers\n|upkeep\n|turn|4\n|\n|t:|1700515094\n|move|p2a: Nidoqueen|Sludge Wave|p1a: Gastrodon\n|-resisted|p1a: Gastrodon\n|-damage|p1a: Gastrodon|77\/100\n|move|p1a: Gastrodon|Scald|p2a: Nidoqueen\n|-supereffective|p2a: Nidoqueen\n|-damage|p2a: Nidoqueen|0 fnt\n|faint|p2a: Nidoqueen\n|\n|-heal|p1a: Gastrodon|83\/100|[from] item: Leftovers\n|upkeep\n|\n|t:|1700515099\n|switch|p2a: Persian|Persian, F|100\/100\n|turn|5\n|\n|t:|1700515106\n|switch|p1a: Aggron|Aggron, F, shiny|100\/100\n|-damage|p1a: Aggron|94\/100|[from] Stealth Rock\n|move|p2a: Persian|Hidden Power|p1a: Aggron\n|-damage|p1a: Aggron|57\/100\n|\n|upkeep\n|turn|6\n|\n|t:|1700515118\n|switch|p2a: Rhyperior|Rhyperior, M|56\/100\n|detailschange|p1a: Aggron|Aggron-Mega, F, shiny\n|-mega|p1a: Aggron|Aggron|Aggronite\n|move|p1a: Aggron|Rock Polish|p1a: Aggron\n|-boost|p1a: Aggron|spe|2\n|\n|-heal|p2a: Rhyperior|62\/100|[from] item: Leftovers\n|upkeep\n|turn|7\n|\n|t:|1700515123\n|move|p1a: Aggron|Body Press|p2a: Rhyperior\n|-supereffective|p2a: Rhyperior\n|-damage|p2a: Rhyperior|21\/100\n|move|p2a: Rhyperior|Earthquake|p1a: Aggron\n|-supereffective|p1a: Aggron\n|-damage|p1a: Aggron|14\/100\n|\n|-heal|p2a: Rhyperior|27\/100|[from] item: Leftovers\n|upkeep\n|turn|8\n|\n|t:|1700515132\n|move|p1a: Aggron|Body Press|p2a: Rhyperior\n|-supereffective|p2a: Rhyperior\n|-damage|p2a: Rhyperior|0 fnt\n|faint|p2a: Rhyperior\n|\n|upkeep\n|\n|t:|1700515138\n|switch|p2a: Persian|Persian, F|100\/100\n|turn|9\n|\n|t:|1700515143\n|move|p1a: Aggron|Body Press|p2a: Persian\n|-supereffective|p2a: Persian\n|-enditem|p2a: Persian|Focus Sash\n|-damage|p2a: Persian|1\/100\n|move|p2a: Persian|Thunderbolt|p1a: Aggron\n|-damage|p1a: Aggron|0 fnt\n|faint|p1a: Aggron\n|\n|upkeep\n|\n|t:|1700515148\n|switch|p1a: Weavile|Weavile, M, shiny|100\/100\n|-damage|p1a: Weavile|76\/100|[from] Stealth Rock\n|-ability|p1a: Weavile|Pressure\n|turn|10\n|\n|t:|1700515154\n|move|p1a: Weavile|Triple Axel|p2a: Persian\n|-damage|p2a: Persian|0 fnt\n|faint|p2a: Persian\n|-hitcount|p2: Persian|1\n|\n|upkeep\n|\n|t:|1700515161\n|switch|p2a: Moltres|Moltres|100\/100\n|turn|11\n|\n|t:|1700515166\n|move|p1a: Weavile|Triple Axel|p2a: Moltres|[miss]\n|-miss|p1a: Weavile|p2a: Moltres\n|move|p2a: Moltres|Flamethrower|p1a: Weavile\n|-supereffective|p1a: Weavile\n|-damage|p1a: Weavile|0 fnt\n|faint|p1a: Weavile\n|\n|upkeep\n|\n|t:|1700515178\n|switch|p1a: Electivire|Electivire, F, shiny|100\/100\n|-damage|p1a: Electivire|88\/100|[from] Stealth Rock\n|turn|12\n|\n|t:|1700515186\n|move|p1a: Electivire|Ice Punch|p2a: Moltres\n|-damage|p2a: Moltres|84\/100\n|-status|p1a: Electivire|brn|[from] ability: Flame Body|[of] p2a: Moltres\n|move|p2a: Moltres|Will-O-Wisp|p1a: Electivire\n|-fail|p1a: Electivire|brn\n|\n|-damage|p1a: Electivire|82\/100 brn|[from] brn\n|upkeep\n|turn|13\n|j| Vaictador\n|\n|t:|1700515190\n|move|p1a: Electivire|Thunder Punch|p2a: Moltres\n|-supereffective|p2a: Moltres\n|-damage|p2a: Moltres|56\/100\n|move|p2a: Moltres|U-turn|p1a: Electivire\n|-damage|p1a: Electivire|58\/100 brn\n|\n|t:|1700515198\n|switch|p2a: Nidoking|Nidoking, M|100\/100|[from] U-turn\n|\n|-damage|p1a: Electivire|52\/100 brn|[from] brn\n|upkeep\n|turn|14\n|\n|t:|1700515202\n|move|p1a: Electivire|Earthquake|p2a: Nidoking\n|-supereffective|p2a: Nidoking\n|-damage|p2a: Nidoking|54\/100\n|move|p2a: Nidoking|Earth Power|p1a: Electivire\n|-supereffective|p1a: Electivire\n|-damage|p1a: Electivire|0 fnt\n|faint|p1a: Electivire\n|\n|upkeep\n|\n|t:|1700515206\n|switch|p1a: Gastrodon|Gastrodon, M, shiny|83\/100\n|-damage|p1a: Gastrodon|77\/100|[from] Stealth Rock\n|turn|15\n|\n|t:|1700515212\n|move|p2a: Nidoking|Hidden Power|p1a: Gastrodon\n|-supereffective|p1a: Gastrodon\n|-damage|p1a: Gastrodon|10\/100\n|-damage|p2a: Nidoking|44\/100|[from] item: Life Orb\n|move|p1a: Gastrodon|Scald|p2a: Nidoking\n|-supereffective|p2a: Nidoking\n|-crit|p2a: Nidoking\n|-damage|p2a: Nidoking|0 fnt\n|faint|p2a: Nidoking\n|\n|-heal|p1a: Gastrodon|16\/100|[from] item: Leftovers\n|upkeep\n|\n|t:|1700515216\n|switch|p2a: Dugtrio|Dugtrio, M|100\/100\n|turn|16\n|\n|t:|1700515219\n|move|p2a: Dugtrio|Earthquake|p1a: Gastrodon\n|-crit|p1a: Gastrodon\n|-damage|p1a: Gastrodon|0 fnt\n|faint|p1a: Gastrodon\n|-damage|p2a: Dugtrio|91\/100|[from] item: Life Orb\n|\n|upkeep\n|\n|t:|1700515224\n|switch|p1a: Drapion|Drapion, F, shiny|100\/100\n|-damage|p1a: Drapion|88\/100|[from] Stealth Rock\n|turn|17\n|\n|t:|1700515233\n|-terastallize|p1a: Drapion|Flying\n|move|p2a: Dugtrio|Earthquake|p1a: Drapion\n|-immune|p1a: Drapion\n|move|p1a: Drapion|Swords Dance|p1a: Drapion\n|-boost|p1a: Drapion|atk|2\n|\n|-heal|p1a: Drapion|94\/100|[from] item: Leftovers\n|upkeep\n|turn|18\n|\n|t:|1700515240\n|move|p2a: Dugtrio|Rock Slide|p1a: Drapion\n|-supereffective|p1a: Drapion\n|-damage|p1a: Drapion|27\/100\n|-damage|p2a: Dugtrio|81\/100|[from] item: Life Orb\n|move|p1a: Drapion|Knock Off|p2a: Dugtrio\n|-damage|p2a: Dugtrio|0 fnt\n|-enditem|p2a: Dugtrio|Life Orb|[from] move: Knock Off|[of] p1a: Drapion\n|faint|p2a: Dugtrio\n|\n|-heal|p1a: Drapion|33\/100|[from] item: Leftovers\n|upkeep\n|\n|t:|1700515245\n|switch|p2a: Moltres|Moltres|56\/100\n|turn|19\n|\n|t:|1700515252\n|-terastallize|p2a: Moltres|Fire\n|move|p1a: Drapion|Knock Off|p2a: Moltres\n|-damage|p2a: Moltres|0 fnt\n|-status|p1a: Drapion|brn|[from] ability: Flame Body|[of] p2a: Moltres\n|-enditem|p2a: Moltres|Heavy-Duty Boots|[from] move: Knock Off|[of] p1a: Drapion\n|faint|p2a: Moltres\n|\n|win|Jose307505\n|l|\u2606flavitoes\n|l| Vaictador\n","uploadtime":1700515261,"views":5,"p1id":"jose307505","p2id":"flavitoes","formatid":"gen9nationaldex","rating":0,"private":0,"password":""}