{"id":"gen9nationaldex-1993228603","p1":"SpecsGastr0","p2":"Ghostops","format":"[Gen 9] National Dex","log":"|j|\u2606SpecsGastr0\n|j|\u2606Ghostops\n|t:|1700280999\n|gametype|singles\n|player|p1|SpecsGastr0|colress|1222\n|player|p2|Ghostops|cynthia-gen4|1139\n|teamsize|p1|6\n|teamsize|p2|6\n|gen|9\n|tier|[Gen 9] National Dex\n|rated|\n|rule|HP Percentage Mod: HP is shown in percentages\n|rule|Endless Battle Clause: Forcing endless battles is banned\n|rule|OHKO Clause: OHKO moves are banned\n|rule|Evasion Clause: Evasion abilities, items, and moves are banned\n|rule|Evasion Abilities Clause: Evasion abilities are banned\n|rule|Evasion Items Clause: Evasion items are banned\n|rule|Evasion Moves Clause: Evasion moves are banned\n|rule|Species Clause: Limit one of each Pok\u00e9mon\n|rule|Sleep Clause Mod: Limit one foe put to sleep\n|clearpoke\n|poke|p1|Meganium, F|\n|poke|p1|Tsareena, F|\n|poke|p1|Scizor, M|\n|poke|p1|Calyrex|\n|poke|p1|Ledian, F|\n|poke|p1|Tapu Lele|\n|poke|p2|Flareon, M|\n|poke|p2|Umbreon, M|\n|poke|p2|Leafeon, F|\n|poke|p2|Espeon, F|\n|poke|p2|Vaporeon, M|\n|poke|p2|Jolteon, F|\n|teampreview\n|\n|t:|1700281016\n|start\n|switch|p1a: LUCKY STAR|Ledian, F, shiny|100\/100\n|switch|p2a: Flare|Flareon, M, shiny|100\/100\n|turn|1\n|\n|t:|1700281022\n|move|p1a: LUCKY STAR|Reflect|p1a: LUCKY STAR\n|-sidestart|p1: SpecsGastr0|Reflect\n|move|p2a: Flare|Flame Charge|p1a: LUCKY STAR\n|-supereffective|p1a: LUCKY STAR\n|-damage|p1a: LUCKY STAR|55\/100\n|-boost|p2a: Flare|spe|1\n|\n|-status|p2a: Flare|tox|[from] item: Toxic Orb\n|upkeep\n|turn|2\n|\n|t:|1700281035\n|move|p2a: Flare|Flame Charge|p1a: LUCKY STAR\n|-supereffective|p1a: LUCKY STAR\n|-damage|p1a: LUCKY STAR|0 fnt\n|-boost|p2a: Flare|spe|1\n|faint|p1a: LUCKY STAR\n|\n|-damage|p2a: Flare|94\/100 tox|[from] psn\n|upkeep\n|\n|t:|1700281050\n|switch|p1a: Sitting|Meganium, F|100\/100\n|turn|3\n|\n|t:|1700281054\n|-terastallize|p1a: Sitting|Water\n|move|p2a: Flare|Flame Charge|p1a: Sitting\n|-resisted|p1a: Sitting\n|-damage|p1a: Sitting|91\/100\n|-boost|p2a: Flare|spe|1\n|move|p1a: Sitting|Substitute|p1a: Sitting\n|-start|p1a: Sitting|Substitute\n|-damage|p1a: Sitting|66\/100\n|\n|-heal|p1a: Sitting|72\/100|[from] item: Leftovers\n|-damage|p2a: Flare|82\/100 tox|[from] psn\n|upkeep\n|turn|4\n|\n|t:|1700281066\n|move|p2a: Flare|Facade|p1a: Sitting\n|-end|p1a: Sitting|Substitute\n|move|p1a: Sitting|Leech Seed|p2a: Flare\n|-start|p2a: Flare|move: Leech Seed\n|\n|-heal|p1a: Sitting|78\/100|[from] item: Leftovers\n|-damage|p2a: Flare|69\/100 tox|[from] Leech Seed|[of] p1a: Sitting\n|-heal|p1a: Sitting|88\/100|[silent]\n|-damage|p2a: Flare|50\/100 tox|[from] psn\n|upkeep\n|turn|5\n|\n|t:|1700281074\n|move|p2a: Flare|Facade|p1a: Sitting\n|-damage|p1a: Sitting|52\/100\n|move|p1a: Sitting|Substitute|p1a: Sitting\n|-start|p1a: Sitting|Substitute\n|-damage|p1a: Sitting|27\/100\n|\n|-heal|p1a: Sitting|33\/100|[from] item: Leftovers\n|-damage|p2a: Flare|38\/100 tox|[from] Leech Seed|[of] p1a: Sitting\n|-heal|p1a: Sitting|43\/100|[silent]\n|-damage|p2a: Flare|13\/100 tox|[from] psn\n|upkeep\n|turn|6\n|\n|t:|1700281086\n|move|p2a: Flare|Facade|p1a: Sitting\n|-end|p1a: Sitting|Substitute\n|move|p1a: Sitting|Giga Drain|p2a: Flare\n|-resisted|p2a: Flare\n|-damage|p2a: Flare|2\/100 tox\n|-heal|p1a: Sitting|47\/100|[from] drain|[of] p2a: Flare\n|\n|-heal|p1a: Sitting|53\/100|[from] item: Leftovers\n|-damage|p2a: Flare|0 fnt|[from] Leech Seed|[of] p1a: Sitting\n|-heal|p1a: Sitting|54\/100|[silent]\n|faint|p2a: Flare\n|upkeep\n|\n|t:|1700281096\n|switch|p2a: Jolts|Jolteon, F, shiny|100\/100\n|turn|7\n|\n|t:|1700281109\n|switch|p1a: Luicfer|Tsareena, F|100\/100\n|move|p2a: Jolts|Thunderbolt|p1a: Luicfer\n|-resisted|p1a: Luicfer\n|-damage|p1a: Luicfer|74\/100\n|\n|upkeep\n|turn|8\n|\n|t:|1700281115\n|move|p2a: Jolts|Volt Switch|p1a: Luicfer\n|-resisted|p1a: Luicfer\n|-damage|p1a: Luicfer|53\/100\n|\n|t:|1700281121\n|switch|p2a: Shadow|Umbreon, M, shiny|100\/100|[from] Volt Switch\n|move|p1a: Luicfer|Rapid Spin|p2a: Shadow\n|-damage|p2a: Shadow|87\/100\n|-boost|p1a: Luicfer|spe|1\n|\n|-heal|p2a: Shadow|93\/100|[from] item: Leftovers\n|-sideend|p1: SpecsGastr0|Reflect\n|upkeep\n|turn|9\n|\n|t:|1700281131\n|move|p1a: Luicfer|High Jump Kick|p2a: Shadow\n|-supereffective|p2a: Shadow\n|-damage|p2a: Shadow|17\/100\n|move|p2a: Shadow|Foul Play|p1a: Luicfer\n|-damage|p1a: Luicfer|0 fnt\n|faint|p1a: Luicfer\n|\n|-heal|p2a: Shadow|23\/100|[from] item: Leftovers\n|upkeep\n|\n|t:|1700281155\n|switch|p1a: My Behated|Scizor, M|100\/100\n|turn|10\n|\n|t:|1700281162\n|move|p1a: My Behated|Trailblaze|p2a: Shadow\n|-damage|p2a: Shadow|2\/100\n|-boost|p1a: My Behated|spe|1\n|move|p2a: Shadow|Foul Play|p1a: My Behated\n|-damage|p1a: My Behated|33\/100\n|-enditem|p1a: My Behated|Sitrus Berry|[eat]\n|-heal|p1a: My Behated|58\/100|[from] item: Sitrus Berry\n|\n|-heal|p2a: Shadow|8\/100|[from] item: Leftovers\n|upkeep\n|turn|11\n|\n|t:|1700281178\n|move|p1a: My Behated|Trailblaze|p2a: Shadow\n|-damage|p2a: Shadow|0 fnt\n|-boost|p1a: My Behated|spe|1\n|faint|p2a: Shadow\n|\n|upkeep\n|\n|t:|1700281186\n|switch|p2a: Jolts|Jolteon, F, shiny|100\/100\n|turn|12\n|\n|t:|1700281192\n|move|p1a: My Behated|Bug Bite|p2a: Jolts\n|-damage|p2a: Jolts|3\/100\n|move|p2a: Jolts|Thunderbolt|p1a: My Behated\n|-damage|p1a: My Behated|3\/100\n|\n|upkeep\n|turn|13\n|\n|t:|1700281202\n|switch|p2a: Vapes|Vaporeon, M, shiny|100\/100\n|move|p1a: My Behated|Bug Bite|p2a: Vapes\n|-damage|p2a: Vapes|41\/100\n|\n|-heal|p2a: Vapes|47\/100|[from] item: Leftovers\n|upkeep\n|turn|14\n|\n|t:|1700281211\n|move|p1a: My Behated|Bug Bite|p2a: Vapes\n|-damage|p2a: Vapes|0 fnt\n|faint|p2a: Vapes\n|\n|upkeep\n|\n|t:|1700281216\n|switch|p2a: Twig|Leafeon, F, shiny|100\/100\n|turn|15\n|\n|t:|1700281220\n|move|p2a: Twig|Quick Attack|p1a: My Behated\n|-resisted|p1a: My Behated\n|-damage|p1a: My Behated|0 fnt\n|faint|p1a: My Behated\n|\n|upkeep\n|\n|t:|1700281230\n|switch|p1a: Wart|Calyrex|100\/100\n|-ability|p1a: Wart|Unnerve\n|turn|16\n|\n|t:|1700281240\n|move|p2a: Twig|Swords Dance|p2a: Twig\n|-boost|p2a: Twig|atk|2\n|move|p1a: Wart|Calm Mind|p1a: Wart\n|-boost|p1a: Wart|spa|1\n|-boost|p1a: Wart|spd|1\n|\n|upkeep\n|turn|17\n|\n|t:|1700281248\n|move|p2a: Twig|Swords Dance|p2a: Twig\n|-boost|p2a: Twig|atk|2\n|move|p1a: Wart|Stored Power|p2a: Twig\n|-damage|p2a: Twig|37\/100\n|\n|upkeep\n|turn|18\n|\n|t:|1700281255\n|move|p2a: Twig|Leaf Blade|p1a: Wart\n|-resisted|p1a: Wart\n|-damage|p1a: Wart|20\/100\n|move|p1a: Wart|Stored Power|p2a: Twig\n|-damage|p2a: Twig|0 fnt\n|faint|p2a: Twig\n|\n|upkeep\n|\n|t:|1700281263\n|switch|p2a: Jolts|Jolteon, F, shiny|3\/100\n|turn|19\n|\n|t:|1700281267\n|move|p2a: Jolts|Thunderbolt|p1a: Wart\n|-resisted|p1a: Wart\n|-damage|p1a: Wart|4\/100\n|-status|p1a: Wart|par\n|move|p1a: Wart|Stored Power|p2a: Jolts\n|-damage|p2a: Jolts|0 fnt\n|faint|p2a: Jolts\n|\n|upkeep\n|\n|t:|1700281274\n|switch|p2a: Esper|Espeon, F, shiny|100\/100\n|turn|20\n|\n|t:|1700281283\n|move|p2a: Esper|Shadow Ball|p1a: Wart\n|-supereffective|p1a: Wart\n|-damage|p1a: Wart|0 fnt\n|faint|p1a: Wart\n|\n|upkeep\n|\n|t:|1700281289\n|switch|p1a: Soul Survivor|Tapu Lele|100\/100\n|-fieldstart|move: Psychic Terrain|[from] ability: Psychic Surge|[of] p1a: Soul Survivor\n|turn|21\n|\n|t:|1700281298\n|move|p1a: Soul Survivor|Shadow Ball|p2a: Esper\n|-supereffective|p2a: Esper\n|-damage|p2a: Esper|33\/100\n|move|p2a: Esper|Shadow Ball|p1a: Soul Survivor\n|-supereffective|p1a: Soul Survivor\n|-damage|p1a: Soul Survivor|30\/100\n|\n|upkeep\n|turn|22\n|\n|t:|1700281305\n|-terastallize|p2a: Esper|Fairy\n|move|p1a: Soul Survivor|Shadow Ball|p2a: Esper\n|-damage|p2a: Esper|0 fnt\n|faint|p2a: Esper\n|\n|win|SpecsGastr0\n|raw|SpecsGastr0's rating: 1222 &rarr; <strong>1241<\/strong><br \/>(+19 for winning)\n|raw|Ghostops's rating: 1139 &rarr; <strong>1120<\/strong><br \/>(-19 for losing)\n","uploadtime":1700281312,"views":19,"p1id":"specsgastr0","p2id":"ghostops","formatid":"gen9nationaldex","rating":1120,"private":0,"password":""}