{"id":"gen9nationaldex-2000022296","p1":"Deriverse","p2":"sweetfood","format":"[Gen 9] National Dex","log":"|html|<div class=\"broadcast-blue\"><strong>[Gen 9] National Dex is currently suspecting Sneasler! For information on how to participate check out the <a href=\"https:\/\/www.smogon.com\/forums\/threads\/sv-national-dex-suspect-8-just-dance.3731534\/\">suspect thread<\/a>.<\/strong><\/div>\n|j|\u2606Deriverse\n|j|\u2606sweetfood\n|t:|1701142324\n|gametype|singles\n|player|p1|Deriverse|veteranf|1464\n|player|p2|sweetfood|blue|1585\n|teamsize|p1|6\n|teamsize|p2|6\n|gen|9\n|tier|[Gen 9] National Dex\n|rated|\n|rule|HP Percentage Mod: HP is shown in percentages\n|rule|Endless Battle Clause: Forcing endless battles is banned\n|rule|OHKO Clause: OHKO moves are banned\n|rule|Evasion Clause: Evasion abilities, items, and moves are banned\n|rule|Evasion Abilities Clause: Evasion abilities are banned\n|rule|Evasion Items Clause: Evasion items are banned\n|rule|Evasion Moves Clause: Evasion moves are banned\n|rule|Species Clause: Limit one of each Pok\u00e9mon\n|rule|Sleep Clause Mod: Limit one foe put to sleep\n|clearpoke\n|poke|p1|Gliscor, M|\n|poke|p1|Tapu Lele|\n|poke|p1|Volcarona, F|\n|poke|p1|Ferrothorn, F|\n|poke|p1|Toxapex, M|\n|poke|p1|Rotom-Wash|\n|poke|p2|Dragonite, M|\n|poke|p2|Ursaluna, F|\n|poke|p2|Tapu Koko|\n|poke|p2|Garchomp, M|\n|poke|p2|Hoopa-Unbound|\n|poke|p2|Moltres|\n|teampreview\n|inactive|Battle timer is ON: inactive players will automatically lose when time's up. (requested by Deriverse)\n|inactive|sweetfood also wants the timer to be on.\n|j| LJlol\n|\n|t:|1701142330\n|start\n|switch|p1a: Gliscor|Gliscor, M|100\/100\n|switch|p2a: Hoopa|Hoopa-Unbound|100\/100\n|turn|1\n|\n|t:|1701142338\n|move|p2a: Hoopa|Nasty Plot|p2a: Hoopa\n|-boost|p2a: Hoopa|spa|2\n|move|p1a: Gliscor|Toxic|p2a: Hoopa\n|-status|p2a: Hoopa|tox\n|\n|-damage|p2a: Hoopa|95\/100 tox|[from] psn\n|-status|p1a: Gliscor|tox|[from] item: Toxic Orb\n|upkeep\n|turn|2\n|\n|t:|1701142349\n|switch|p1a: Ferrothorn|Ferrothorn, F|100\/100\n|move|p2a: Hoopa|Dark Pulse|p1a: Ferrothorn\n|-damage|p1a: Ferrothorn|34\/100\n|\n|-heal|p1a: Ferrothorn|40\/100|[from] item: Leftovers\n|-damage|p2a: Hoopa|83\/100 tox|[from] psn\n|upkeep\n|turn|3\n|\n|t:|1701142355\n|move|p2a: Hoopa|Dark Pulse|p1a: Ferrothorn\n|-damage|p1a: Ferrothorn|0 fnt\n|faint|p1a: Ferrothorn\n|\n|-damage|p2a: Hoopa|65\/100 tox|[from] psn\n|upkeep\n|\n|t:|1701142359\n|switch|p1a: Tapu Lele|Tapu Lele|100\/100\n|-fieldstart|move: Psychic Terrain|[from] ability: Psychic Surge|[of] p1a: Tapu Lele\n|turn|4\n|\n|t:|1701142364\n|switch|p2a: Ursaluna|Ursaluna, F|100\/100\n|move|p1a: Tapu Lele|Moonblast|p2a: Ursaluna\n|-damage|p2a: Ursaluna|50\/100\n|\n|upkeep\n|turn|5\n|\n|t:|1701142375\n|move|p1a: Tapu Lele|Moonblast|p2a: Ursaluna\n|-damage|p2a: Ursaluna|0 fnt\n|faint|p2a: Ursaluna\n|\n|upkeep\n|\n|t:|1701142385\n|switch|p2a: Tapu Koko|Tapu Koko|100\/100\n|-fieldstart|move: Electric Terrain|[from] ability: Electric Surge|[of] p2a: Tapu Koko\n|turn|6\n|\n|t:|1701142389\n|switch|p1a: Gliscor|Gliscor, M|100\/100 tox\n|move|p2a: Tapu Koko|U-turn|p1a: Gliscor\n|-resisted|p1a: Gliscor\n|-damage|p1a: Gliscor|96\/100 tox\n|\n|t:|1701142392\n|switch|p2a: Hoopa|Hoopa-Unbound|65\/100 tox|[from] U-turn\n|\n|-damage|p2a: Hoopa|59\/100 tox|[from] psn\n|-heal|p1a: Gliscor|100\/100 tox|[from] ability: Poison Heal\n|upkeep\n|turn|7\n|\n|t:|1701142401\n|move|p2a: Hoopa|Dark Pulse|p1a: Gliscor\n|-damage|p1a: Gliscor|29\/100 tox\n|move|p1a: Gliscor|Earthquake|p2a: Hoopa\n|-damage|p2a: Hoopa|4\/100 tox\n|\n|-damage|p2a: Hoopa|0 fnt|[from] psn\n|faint|p2a: Hoopa\n|-heal|p1a: Gliscor|42\/100 tox|[from] ability: Poison Heal\n|upkeep\n|\n|t:|1701142413\n|switch|p2a: Tapu Koko|Tapu Koko|100\/100\n|turn|8\n|\n|t:|1701142417\n|move|p2a: Tapu Koko|Dazzling Gleam|p1a: Gliscor\n|-damage|p1a: Gliscor|0 fnt\n|faint|p1a: Gliscor\n|\n|upkeep\n|\n|t:|1701142421\n|switch|p1a: Tapu Lele|Tapu Lele|100\/100\n|-fieldstart|move: Psychic Terrain|[from] ability: Psychic Surge|[of] p1a: Tapu Lele\n|turn|9\n|\n|t:|1701142428\n|switch|p2a: Moltres|Moltres|100\/100\n|move|p1a: Tapu Lele|Psychic|p2a: Moltres\n|-damage|p2a: Moltres|3\/100\n|-unboost|p2a: Moltres|spd|1\n|\n|upkeep\n|turn|10\n|\n|t:|1701142433\n|move|p1a: Tapu Lele|Psychic|p2a: Moltres\n|-damage|p2a: Moltres|0 fnt\n|faint|p2a: Moltres\n|\n|upkeep\n|\n|t:|1701142436\n|switch|p2a: Tapu Koko|Tapu Koko|100\/100\n|-fieldstart|move: Electric Terrain|[from] ability: Electric Surge|[of] p2a: Tapu Koko\n|turn|11\n|\n|t:|1701142447\n|move|p2a: Tapu Koko|Thunderbolt|p1a: Tapu Lele\n|-damage|p1a: Tapu Lele|15\/100\n|move|p1a: Tapu Lele|Psychic|p2a: Tapu Koko\n|-damage|p2a: Tapu Koko|0 fnt\n|faint|p2a: Tapu Koko\n|\n|upkeep\n|\n|t:|1701142468\n|switch|p2a: Dragonite|Dragonite, M|100\/100\n|turn|12\n|\n|t:|1701142476\n|move|p2a: Dragonite|Extreme Speed|p1a: Tapu Lele\n|-damage|p1a: Tapu Lele|0 fnt\n|faint|p1a: Tapu Lele\n|\n|upkeep\n|\n|t:|1701142478\n|switch|p1a: Rotom|Rotom-Wash|100\/100\n|turn|13\n|\n|t:|1701142481\n|switch|p2a: Garchomp|Garchomp, M|100\/100\n|move|p1a: Rotom|Will-O-Wisp|p2a: Garchomp\n|-status|p2a: Garchomp|brn\n|\n|-damage|p2a: Garchomp|94\/100 brn|[from] brn\n|upkeep\n|turn|14\n|\n|t:|1701142490\n|move|p2a: Garchomp|Outrage|p1a: Rotom\n|-damage|p1a: Rotom|62\/100\n|move|p1a: Rotom|Hydro Pump|p2a: Garchomp\n|-damage|p2a: Garchomp|45\/100 brn\n|\n|-heal|p1a: Rotom|68\/100|[from] item: Leftovers\n|-damage|p2a: Garchomp|39\/100 brn|[from] brn\n|upkeep\n|turn|15\n|\n|t:|1701142497\n|switch|p1a: Toxapex|Toxapex, M|100\/100\n|move|p2a: Garchomp|Outrage|p1a: Toxapex|[from]lockedmove\n|-damage|p1a: Toxapex|81\/100\n|\n|-damage|p2a: Garchomp|32\/100 brn|[from] brn\n|-fieldend|move: Electric Terrain\n|upkeep\n|turn|16\n|\n|t:|1701142503\n|move|p2a: Garchomp|Outrage|p1a: Toxapex|[from]lockedmove\n|-damage|p1a: Toxapex|61\/100\n|-start|p2a: Garchomp|confusion|[fatigue]\n|move|p1a: Toxapex|Stockpile|p1a: Toxapex\n|-start|p1a: Toxapex|stockpile1\n|-boost|p1a: Toxapex|def|1\n|-boost|p1a: Toxapex|spd|1\n|\n|-damage|p2a: Garchomp|26\/100 brn|[from] brn\n|upkeep\n|turn|17\n|\n|t:|1701142511\n|switch|p2a: Dragonite|Dragonite, M|100\/100\n|move|p1a: Toxapex|Stockpile|p1a: Toxapex\n|-start|p1a: Toxapex|stockpile2\n|-boost|p1a: Toxapex|def|1\n|-boost|p1a: Toxapex|spd|1\n|\n|upkeep\n|turn|18\n|\n|t:|1701142516\n|switch|p2a: Garchomp|Garchomp, M|26\/100 brn\n|move|p1a: Toxapex|Scald|p2a: Garchomp\n|-damage|p2a: Garchomp|9\/100 brn\n|\n|-damage|p2a: Garchomp|3\/100 brn|[from] brn\n|upkeep\n|turn|19\n|l|\u2606Deriverse\n|inactive|Deriverse disconnected and has a minute to reconnect!\n|player|p1|\n|inactive|Deriverse has 30 seconds to reconnect!\n|inactive|Deriverse has 20 seconds to reconnect!\n|inactive|Deriverse has 15 seconds to reconnect!\n|l| LJlol\n|inactive|Deriverse has 10 seconds to reconnect!\n|j|\u2606Deriverse\n|inactive|Deriverse reconnected and has 75 seconds left.\n|player|p1|Deriverse|veteranf\n|\n|t:|1701142609\n|move|p2a: Garchomp|Earthquake|p1a: Toxapex\n|-supereffective|p1a: Toxapex\n|-damage|p1a: Toxapex|45\/100\n|move|p1a: Toxapex|Scald|p2a: Garchomp\n|-damage|p2a: Garchomp|0 fnt\n|faint|p2a: Garchomp\n|\n|upkeep\n|\n|t:|1701142618\n|switch|p2a: Dragonite|Dragonite, M|100\/100\n|turn|20\n|\n|t:|1701142625\n|move|p2a: Dragonite|Dual Wingbeat|p1a: Toxapex\n|-damage|p1a: Toxapex|33\/100\n|-damage|p1a: Toxapex|22\/100\n|-hitcount|p1a: Toxapex|2\n|move|p1a: Toxapex|Recover|p1a: Toxapex\n|-heal|p1a: Toxapex|72\/100\n|\n|upkeep\n|turn|21\n|-message|sweetfood forfeited.\n|\n|win|Deriverse\n|raw|Deriverse's rating: 1464 &rarr; <strong>1491<\/strong><br \/>(+27 for winning)\n|raw|sweetfood's rating: 1585 &rarr; <strong>1558<\/strong><br \/>(-27 for losing)\n|l|\u2606sweetfood\n","uploadtime":1701142648,"views":2,"p1id":"deriverse","p2id":"sweetfood","formatid":"gen9nationaldex","rating":1491,"private":0,"password":""}