{"id":"gen9nationaldex-1989917728","p1":"Lufano5","p2":"smeargleenjoyer259","format":"[Gen 9] National Dex","log":"|j|\u2606Lufano5\n|j|\u2606smeargleenjoyer259\n|t:|1699906602\n|gametype|singles\n|player|p1|Lufano5|1|1028\n|player|p2|smeargleenjoyer259|schoolkid|1119\n|teamsize|p1|6\n|teamsize|p2|6\n|gen|9\n|tier|[Gen 9] National Dex\n|rated|\n|rule|HP Percentage Mod: HP is shown in percentages\n|rule|Endless Battle Clause: Forcing endless battles is banned\n|rule|OHKO Clause: OHKO moves are banned\n|rule|Evasion Clause: Evasion abilities, items, and moves are banned\n|rule|Evasion Abilities Clause: Evasion abilities are banned\n|rule|Evasion Items Clause: Evasion items are banned\n|rule|Evasion Moves Clause: Evasion moves are banned\n|rule|Species Clause: Limit one of each Pok\u00e9mon\n|rule|Sleep Clause Mod: Limit one foe put to sleep\n|clearpoke\n|poke|p1|Lopunny, F|\n|poke|p1|Corviknight, F|\n|poke|p1|Orbeetle, F|\n|poke|p1|Volcarona, F|\n|poke|p1|Urshifu-*, M|\n|poke|p1|Tapu Lele|\n|poke|p2|Smeargle, M|\n|poke|p2|Shiftry, M|\n|poke|p2|Alomomola, F|\n|poke|p2|Orthworm, M|\n|poke|p2|Tyranitar, F|\n|poke|p2|Skeledirge, M|\n|teampreview\n|\n|t:|1699906615\n|start\n|switch|p1a: Orbeetle|Orbeetle, F|100\/100\n|switch|p2a: Smeargle|Smeargle, M|100\/100\n|-item|p2a: Smeargle|Focus Sash|[from] ability: Frisk|[of] p1a: Orbeetle|[identify]\n|turn|1\n|\n|t:|1699906625\n|move|p1a: Orbeetle|Trick|p2a: Smeargle\n|-activate|p1a: Orbeetle|move: Trick|[of] p2a: Smeargle\n|-item|p2a: Smeargle|Choice Scarf|[from] move: Trick\n|-item|p1a: Orbeetle|Focus Sash|[from] move: Trick\n|move|p2a: Smeargle|Nuzzle|p1a: Orbeetle\n|-crit|p1a: Orbeetle\n|-damage|p1a: Orbeetle|98\/100\n|-status|p1a: Orbeetle|par\n|\n|upkeep\n|turn|2\n|\n|t:|1699906637\n|switch|p2a: Shiftry|Shiftry, M|100\/100\n|move|p1a: Orbeetle|Sticky Web|p2a: Shiftry\n|-sidestart|p2: smeargleenjoyer259|move: Sticky Web\n|\n|upkeep\n|turn|3\n|\n|t:|1699906656\n|move|p2a: Shiftry|Swords Dance|p2a: Shiftry\n|-boost|p2a: Shiftry|atk|2\n|move|p1a: Orbeetle|Trick|p2a: Shiftry\n|-activate|p1a: Orbeetle|move: Trick|[of] p2a: Shiftry\n|-item|p2a: Shiftry|Focus Sash|[from] move: Trick\n|-item|p1a: Orbeetle|Life Orb|[from] move: Trick\n|\n|upkeep\n|turn|4\n|\n|t:|1699906668\n|move|p2a: Shiftry|Sucker Punch|p1a: Orbeetle\n|-supereffective|p1a: Orbeetle\n|-damage|p1a: Orbeetle|0 fnt\n|faint|p1a: Orbeetle\n|\n|upkeep\n|\n|t:|1699906676\n|switch|p1a: Corviknight|Corviknight, F|100\/100\n|-ability|p1a: Corviknight|Pressure\n|turn|5\n|\n|t:|1699906690\n|switch|p2a: Tyranitar|Tyranitar, F|100\/100\n|-weather|Sandstorm|[from] ability: Sand Stream|[of] p2a: Tyranitar\n|move|p1a: Corviknight|Drill Peck|p2a: Tyranitar\n|-resisted|p2a: Tyranitar\n|-damage|p2a: Tyranitar|89\/100\n|\n|-weather|Sandstorm|[upkeep]\n|upkeep\n|turn|6\n|\n|t:|1699906701\n|move|p1a: Corviknight|U-turn|p2a: Tyranitar\n|-supereffective|p2a: Tyranitar\n|-damage|p2a: Tyranitar|61\/100\n|\n|t:|1699906708\n|switch|p1a: Tapu Lele|Tapu Lele|100\/100|[from] U-turn\n|-fieldstart|move: Psychic Terrain|[from] ability: Psychic Surge|[of] p1a: Tapu Lele\n|move|p2a: Tyranitar|Thunder Wave|p1a: Tapu Lele\n|-status|p1a: Tapu Lele|par\n|\n|-weather|Sandstorm|[upkeep]\n|-damage|p1a: Tapu Lele|94\/100 par|[from] Sandstorm\n|upkeep\n|turn|7\n|\n|t:|1699906719\n|move|p2a: Tyranitar|Rock Blast|p1a: Tapu Lele\n|-damage|p1a: Tapu Lele|77\/100 par\n|-damage|p1a: Tapu Lele|60\/100 par\n|-hitcount|p1a: Tapu Lele|2\n|move|p1a: Tapu Lele|Moonblast|p2a: Tyranitar\n|-supereffective|p2a: Tyranitar\n|-damage|p2a: Tyranitar|16\/100\n|\n|-weather|Sandstorm|[upkeep]\n|-damage|p1a: Tapu Lele|54\/100 par|[from] Sandstorm\n|upkeep\n|turn|8\n|\n|t:|1699906732\n|switch|p2a: Alomomola|Alomomola, F|100\/100\n|move|p1a: Tapu Lele|Moonblast|p2a: Alomomola\n|-damage|p2a: Alomomola|53\/100\n|-unboost|p2a: Alomomola|spa|1\n|\n|-weather|Sandstorm|[upkeep]\n|-damage|p2a: Alomomola|47\/100|[from] Sandstorm\n|-damage|p1a: Tapu Lele|48\/100 par|[from] Sandstorm\n|upkeep\n|turn|9\n|\n|t:|1699906744\n|move|p2a: Alomomola|Protect|p2a: Alomomola\n|-singleturn|p2a: Alomomola|Protect\n|move|p1a: Tapu Lele|Moonblast|p2a: Alomomola\n|-activate|p2a: Alomomola|move: Protect\n|\n|-weather|none\n|upkeep\n|turn|10\n|\n|t:|1699906754\n|switch|p2a: Orthworm|Orthworm, M|100\/100\n|-activate|p2a: Orthworm|move: Sticky Web\n|-unboost|p2a: Orthworm|spe|1\n|move|p1a: Tapu Lele|Moonblast|p2a: Orthworm\n|-resisted|p2a: Orthworm\n|-damage|p2a: Orthworm|56\/100\n|\n|-heal|p2a: Orthworm|62\/100|[from] item: Leftovers\n|upkeep\n|turn|11\n|\n|t:|1699906764\n|move|p2a: Orthworm|Iron Tail|p1a: Tapu Lele\n|-supereffective|p1a: Tapu Lele\n|-damage|p1a: Tapu Lele|0 fnt\n|faint|p1a: Tapu Lele\n|\n|-heal|p2a: Orthworm|68\/100|[from] item: Leftovers\n|upkeep\n|\n|t:|1699906780\n|switch|p1a: Corviknight|Corviknight, F|100\/100\n|-ability|p1a: Corviknight|Pressure\n|turn|12\n|\n|t:|1699906789\n|switch|p2a: Alomomola|Alomomola, F|80\/100\n|move|p1a: Corviknight|Drill Peck|p2a: Alomomola\n|-damage|p2a: Alomomola|63\/100\n|\n|upkeep\n|turn|13\n|\n|t:|1699906796\n|switch|p1a: Urshifu|Urshifu-Rapid-Strike, M|100\/100\n|move|p2a: Alomomola|Protect||[still]\n|-fail|p2a: Alomomola\n|\n|-fieldend|move: Psychic Terrain\n|upkeep\n|turn|14\n|\n|t:|1699906805\n|move|p1a: Urshifu|Surging Strikes|p2a: Alomomola\n|-resisted|p2a: Alomomola\n|-crit|p2a: Alomomola\n|-damage|p2a: Alomomola|57\/100\n|-resisted|p2a: Alomomola\n|-crit|p2a: Alomomola\n|-damage|p2a: Alomomola|50\/100\n|-resisted|p2a: Alomomola\n|-crit|p2a: Alomomola\n|-damage|p2a: Alomomola|44\/100\n|-hitcount|p2a: Alomomola|3\n|move|p2a: Alomomola|Knock Off|p1a: Urshifu\n|-resisted|p1a: Urshifu\n|-damage|p1a: Urshifu|93\/100\n|-enditem|p1a: Urshifu|Razor Claw|[from] move: Knock Off|[of] p2a: Alomomola\n|\n|upkeep\n|turn|15\n|\n|t:|1699906821\n|move|p1a: Urshifu|Swords Dance|p1a: Urshifu\n|-boost|p1a: Urshifu|atk|2\n|move|p2a: Alomomola|Wish|p2a: Alomomola\n|\n|upkeep\n|turn|16\n|\n|t:|1699906830\n|move|p1a: Urshifu|Surging Strikes|p2a: Alomomola\n|-resisted|p2a: Alomomola\n|-crit|p2a: Alomomola\n|-damage|p2a: Alomomola|31\/100\n|-resisted|p2a: Alomomola\n|-crit|p2a: Alomomola\n|-damage|p2a: Alomomola|18\/100\n|-resisted|p2a: Alomomola\n|-crit|p2a: Alomomola\n|-damage|p2a: Alomomola|5\/100\n|-hitcount|p2a: Alomomola|3\n|move|p2a: Alomomola|Knock Off|p1a: Urshifu\n|-resisted|p1a: Urshifu\n|-damage|p1a: Urshifu|89\/100\n|\n|-heal|p2a: Alomomola|55\/100|[from] move: Wish|[wisher] Alomomola\n|upkeep\n|turn|17\n|\n|t:|1699906845\n|move|p1a: Urshifu|Swords Dance|p1a: Urshifu\n|-boost|p1a: Urshifu|atk|2\n|move|p2a: Alomomola|Flip Turn|p1a: Urshifu\n|-resisted|p1a: Urshifu\n|-damage|p1a: Urshifu|82\/100\n|\n|t:|1699906859\n|switch|p2a: Tyranitar|Tyranitar, F|16\/100|[from] Flip Turn\n|-weather|Sandstorm|[from] ability: Sand Stream|[of] p2a: Tyranitar\n|\n|-weather|Sandstorm|[upkeep]\n|-damage|p1a: Urshifu|76\/100|[from] Sandstorm\n|upkeep\n|turn|18\n|\n|t:|1699906869\n|move|p1a: Urshifu|Ice Spinner|p2a: Tyranitar\n|-damage|p2a: Tyranitar|0 fnt\n|faint|p2a: Tyranitar\n|\n|-weather|Sandstorm|[upkeep]\n|-damage|p1a: Urshifu|70\/100|[from] Sandstorm\n|upkeep\n|\n|t:|1699906876\n|switch|p2a: Smeargle|Smeargle, M|100\/100\n|-activate|p2a: Smeargle|move: Sticky Web\n|-unboost|p2a: Smeargle|spe|1\n|turn|19\n|\n|t:|1699906881\n|move|p2a: Smeargle|Rapid Spin|p1a: Urshifu\n|-damage|p1a: Urshifu|65\/100\n|-boost|p2a: Smeargle|spe|1\n|-sideend|p2: smeargleenjoyer259|Sticky Web|[from] move: Rapid Spin|[of] p2a: Smeargle\n|move|p1a: Urshifu|Surging Strikes|p2a: Smeargle\n|-crit|p2a: Smeargle\n|-damage|p2a: Smeargle|0 fnt\n|faint|p2a: Smeargle\n|-hitcount|p2: Smeargle|1\n|\n|-weather|Sandstorm|[upkeep]\n|-damage|p1a: Urshifu|59\/100|[from] Sandstorm\n|upkeep\n|\n|t:|1699906911\n|switch|p2a: Orthworm|Orthworm, M|68\/100\n|turn|20\n|\n|t:|1699906920\n|move|p2a: Orthworm|Iron Tail|p1a: Urshifu|[miss]\n|-miss|p2a: Orthworm|p1a: Urshifu\n|move|p1a: Urshifu|Close Combat|p2a: Orthworm\n|-supereffective|p2a: Orthworm\n|-damage|p2a: Orthworm|0 fnt\n|-unboost|p1a: Urshifu|def|1\n|-unboost|p1a: Urshifu|spd|1\n|faint|p2a: Orthworm\n|\n|-weather|Sandstorm|[upkeep]\n|-damage|p1a: Urshifu|53\/100|[from] Sandstorm\n|upkeep\n|\n|t:|1699906926\n|switch|p2a: Shiftry|Shiftry, M|100\/100\n|turn|21\n|\n|t:|1699906936\n|move|p2a: Shiftry|Sucker Punch|p1a: Urshifu\n|-resisted|p1a: Urshifu\n|-damage|p1a: Urshifu|34\/100\n|move|p1a: Urshifu|Close Combat|p2a: Shiftry\n|-supereffective|p2a: Shiftry\n|-enditem|p2a: Shiftry|Focus Sash\n|-damage|p2a: Shiftry|1\/100\n|-unboost|p1a: Urshifu|def|1\n|-unboost|p1a: Urshifu|spd|1\n|\n|-weather|none\n|upkeep\n|turn|22\n|\n|t:|1699906948\n|move|p2a: Shiftry|Sucker Punch|p1a: Urshifu\n|-resisted|p1a: Urshifu\n|-damage|p1a: Urshifu|6\/100\n|move|p1a: Urshifu|Surging Strikes|p2a: Shiftry\n|-resisted|p2a: Shiftry\n|-crit|p2a: Shiftry\n|-damage|p2a: Shiftry|0 fnt\n|faint|p2a: Shiftry\n|-hitcount|p2: Shiftry|1\n|\n|upkeep\n|\n|t:|1699906951\n|switch|p2a: Alomomola|Alomomola, F|88\/100\n|turn|23\n|\n|t:|1699906969\n|-terastallize|p1a: Urshifu|Fighting\n|move|p1a: Urshifu|Close Combat|p2a: Alomomola\n|-damage|p2a: Alomomola|0 fnt\n|-unboost|p1a: Urshifu|def|1\n|-unboost|p1a: Urshifu|spd|1\n|faint|p2a: Alomomola\n|\n|upkeep\n|\n|t:|1699906974\n|switch|p2a: Skeledirge|Skeledirge, M|100\/100\n|turn|24\n|\n|t:|1699906980\n|-terastallize|p2a: Skeledirge|Fire\n|move|p2a: Skeledirge|Sing|p1a: Urshifu\n|-status|p1a: Urshifu|slp|[from] move: Sing\n|cant|p1a: Urshifu|slp\n|\n|upkeep\n|turn|25\n|\n|t:|1699906992\n|switch|p1a: Volcarona|Volcarona, F|100\/100\n|move|p2a: Skeledirge|Torch Song|p1a: Volcarona\n|-damage|p1a: Volcarona|59\/100\n|-boost|p2a: Skeledirge|spa|1\n|\n|upkeep\n|turn|26\n|\n|t:|1699907003\n|move|p2a: Skeledirge|Torch Song|p1a: Volcarona\n|-damage|p1a: Volcarona|0 fnt\n|-boost|p2a: Skeledirge|spa|1\n|faint|p1a: Volcarona\n|\n|upkeep\n|\n|t:|1699907011\n|switch|p1a: Lopunny|Lopunny, F|100\/100\n|turn|27\n|\n|t:|1699907017\n|detailschange|p1a: Lopunny|Lopunny-Mega, F\n|-mega|p1a: Lopunny|Lopunny|Lopunnite\n|move|p1a: Lopunny|Return|p2a: Skeledirge\n|-damage|p2a: Skeledirge|44\/100\n|move|p2a: Skeledirge|Slack Off|p2a: Skeledirge\n|-heal|p2a: Skeledirge|94\/100\n|\n|upkeep\n|turn|28\n|\n|t:|1699907027\n|move|p1a: Lopunny|Return|p2a: Skeledirge\n|-damage|p2a: Skeledirge|39\/100\n|move|p2a: Skeledirge|Sing|p1a: Lopunny\n|-message|Sleep Clause Mod activated.\n|-hint|Sleep Clause Mod prevents players from putting more than one of their opponent's Pok\u00e9mon to sleep at a time\n|\n|upkeep\n|turn|29\n|\n|t:|1699907034\n|move|p1a: Lopunny|Return|p2a: Skeledirge\n|-damage|p2a: Skeledirge|0 fnt\n|faint|p2a: Skeledirge\n|\n|win|Lufano5\n|raw|Lufano5's rating: 1028 &rarr; <strong>1073<\/strong><br \/>(+45 for winning)\n|raw|smeargleenjoyer259's rating: 1119 &rarr; <strong>1088<\/strong><br \/>(-31 for losing)\n|c|\u2606Lufano5|GG\n|c|\u2606smeargleenjoyer259|Gg\n|l|\u2606smeargleenjoyer259\n","uploadtime":1699907073,"views":5,"p1id":"lufano5","p2id":"smeargleenjoyer259","formatid":"gen9nationaldex","rating":1073,"private":0,"password":""}