{"id":"gen9nationaldex-1999641189","p1":"wafflizer","p2":"champanthon","format":"[Gen 9] National Dex","log":"|html|<div class=\"broadcast-blue\"><strong>[Gen 9] National Dex is currently suspecting Sneasler! For information on how to participate check out the <a href=\"https:\/\/www.smogon.com\/forums\/threads\/sv-national-dex-suspect-8-just-dance.3731534\/\">suspect thread<\/a>.<\/strong><\/div>\n|j|\u2606wafflizer\n|j|\u2606champanthon\n|t:|1701103755\n|gametype|singles\n|player|p1|wafflizer|170|1000\n|player|p2|champanthon|170|1000\n|teamsize|p1|6\n|teamsize|p2|6\n|gen|9\n|tier|[Gen 9] National Dex\n|rated|\n|rule|HP Percentage Mod: HP is shown in percentages\n|rule|Endless Battle Clause: Forcing endless battles is banned\n|rule|OHKO Clause: OHKO moves are banned\n|rule|Evasion Clause: Evasion abilities, items, and moves are banned\n|rule|Evasion Abilities Clause: Evasion abilities are banned\n|rule|Evasion Items Clause: Evasion items are banned\n|rule|Evasion Moves Clause: Evasion moves are banned\n|rule|Species Clause: Limit one of each Pok\u00e9mon\n|rule|Sleep Clause Mod: Limit one foe put to sleep\n|clearpoke\n|poke|p1|Kyurem|\n|poke|p1|Kommo-o, M|\n|poke|p1|Milotic, M|\n|poke|p1|Duraludon, F|\n|poke|p1|Garchomp, F|\n|poke|p1|Goodra, F|\n|poke|p2|Ursaluna, M|\n|poke|p2|Meowscarada, F|\n|poke|p2|Blissey, F|\n|poke|p2|Scream Tail|\n|poke|p2|Samurott-Hisui, F|\n|poke|p2|Klefki, F|\n|teampreview\n|j| pyro36\n|\n|t:|1701103783\n|start\n|switch|p1a: Kommo-o|Kommo-o, M|100\/100\n|switch|p2a: Deez|Klefki, F, shiny|100\/100\n|turn|1\n|\n|t:|1701103799\n|move|p2a: Deez|Thunder Wave|p1a: Kommo-o\n|-status|p1a: Kommo-o|par\n|move|p1a: Kommo-o|Flamethrower|p2a: Deez\n|-supereffective|p2a: Deez\n|-damage|p2a: Deez|59\/100\n|\n|upkeep\n|turn|2\n|\n|t:|1701103817\n|move|p2a: Deez|Spikes|p1a: Kommo-o\n|-sidestart|p1: wafflizer|Spikes\n|cant|p1a: Kommo-o|par\n|\n|upkeep\n|turn|3\n|\n|t:|1701103826\n|move|p2a: Deez|Reflect|p2a: Deez\n|-sidestart|p2: champanthon|Reflect\n|move|p1a: Kommo-o|Flamethrower|p2a: Deez\n|-supereffective|p2a: Deez\n|-damage|p2a: Deez|20\/100\n|\n|upkeep\n|turn|4\n|\n|t:|1701103833\n|move|p2a: Deez|Dazzling Gleam|p1a: Kommo-o\n|-supereffective|p1a: Kommo-o\n|-crit|p1a: Kommo-o\n|-damage|p1a: Kommo-o|0 fnt\n|faint|p1a: Kommo-o\n|\n|upkeep\n|\n|t:|1701103844\n|switch|p1a: Kyurem|Kyurem|100\/100\n|-damage|p1a: Kyurem|88\/100|[from] Spikes\n|-ability|p1a: Kyurem|Pressure\n|turn|5\n|\n|t:|1701103855\n|move|p2a: Deez|Thunder Wave|p1a: Kyurem\n|-status|p1a: Kyurem|par\n|move|p1a: Kyurem|Ice Beam|p2a: Deez\n|-resisted|p2a: Deez\n|-damage|p2a: Deez|0 fnt\n|faint|p2a: Deez\n|\n|upkeep\n|\n|t:|1701103916\n|switch|p2a: Nutz|Ursaluna, M, shiny|100\/100\n|turn|6\n|\n|t:|1701103933\n|switch|p1a: Garchomp|Garchomp, F|100\/100\n|-damage|p1a: Garchomp|88\/100|[from] Spikes\n|move|p2a: Nutz|Drain Punch|p1a: Garchomp\n|-damage|p1a: Garchomp|63\/100\n|-damage|p2a: Nutz|88\/100|[from] ability: Rough Skin|[of] p1a: Garchomp\n|\n|-status|p2a: Nutz|brn|[from] item: Flame Orb\n|upkeep\n|turn|7\n|\n|t:|1701103981\n|switch|p2a: Samuraii|Samurott-Hisui, F, shiny|100\/100\n|detailschange|p1a: Garchomp|Garchomp-Mega, F\n|-mega|p1a: Garchomp|Garchomp|Garchompite\n|move|p1a: Garchomp|Outrage|p2a: Samuraii\n|-damage|p2a: Samuraii|57\/100\n|\n|upkeep\n|turn|8\n|\n|t:|1701104012\n|switch|p2a: UwU|Scream Tail, shiny|100\/100\n|move|p1a: Garchomp|Outrage|p2a: UwU|[from]lockedmove\n|-immune|p2a: UwU\n|\n|upkeep\n|turn|9\n|\n|t:|1701104024\n|switch|p1a: Duraludon|Duraludon, F|100\/100\n|-damage|p1a: Duraludon|88\/100|[from] Spikes\n|move|p2a: UwU|Wish|p2a: UwU\n|\n|upkeep\n|turn|10\n|\n|t:|1701104048\n|-end|p2a: UwU|Protosynthesis|[silent]\n|switch|p2a: Samuraii|Samurott-Hisui, F, shiny|57\/100\n|move|p1a: Duraludon|Flash Cannon|p2a: Samuraii\n|-resisted|p2a: Samuraii\n|-damage|p2a: Samuraii|45\/100\n|\n|-heal|p2a: Samuraii|100\/100|[from] move: Wish|[wisher] UwU\n|-sideend|p2: champanthon|Reflect\n|upkeep\n|turn|11\n|\n|t:|1701104081\n|switch|p1a: Garchomp|Garchomp-Mega, F|63\/100\n|-damage|p1a: Garchomp|51\/100|[from] Spikes\n|move|p2a: Samuraii|Ceaseless Edge|p1a: Garchomp\n|-damage|p1a: Garchomp|20\/100\n|-sidestart|p1: wafflizer|Spikes\n|\n|upkeep\n|turn|12\n|\n|t:|1701104094\n|move|p2a: Samuraii|Aqua Jet|p1a: Garchomp\n|-damage|p1a: Garchomp|6\/100\n|move|p1a: Garchomp|Outrage|p2a: Samuraii\n|-damage|p2a: Samuraii|19\/100\n|\n|upkeep\n|turn|13\n|\n|t:|1701104102\n|switch|p2a: UwU|Scream Tail, shiny|100\/100\n|move|p1a: Garchomp|Outrage|p2a: UwU|[from]lockedmove\n|-immune|p2a: UwU\n|\n|upkeep\n|turn|14\n|\n|t:|1701104121\n|switch|p1a: Duraludon|Duraludon, F|88\/100\n|-damage|p1a: Duraludon|72\/100|[from] Spikes\n|-end|p2a: UwU|Protosynthesis|[silent]\n|switch|p2a: Nutz|Ursaluna, M, shiny|88\/100 brn\n|\n|-damage|p2a: Nutz|82\/100 brn|[from] brn\n|upkeep\n|turn|15\n|\n|t:|1701104142\n|switch|p1a: Milotic|Milotic, M|100\/100\n|-damage|p1a: Milotic|84\/100|[from] Spikes\n|move|p2a: Nutz|Drain Punch|p1a: Milotic\n|-damage|p1a: Milotic|51\/100\n|-heal|p2a: Nutz|96\/100 brn|[from] drain|[of] p1a: Milotic\n|\n|-heal|p1a: Milotic|57\/100|[from] item: Leftovers\n|-damage|p2a: Nutz|90\/100 brn|[from] brn\n|upkeep\n|turn|16\n|\n|t:|1701104166\n|switch|p2a: Ur Mom|Blissey, F|100\/100\n|move|p1a: Milotic|Flip Turn|p2a: Ur Mom\n|-damage|p2a: Ur Mom|77\/100\n|l| pyro36\n|\n|t:|1701104192\n|switch|p1a: Goodra|Goodra, F|100\/100|[from] Flip Turn\n|-damage|p1a: Goodra|84\/100|[from] Spikes\n|\n|-heal|p2a: Ur Mom|84\/100|[from] item: Leftovers\n|upkeep\n|turn|17\n|\n|t:|1701104212\n|move|p1a: Goodra|Earthquake|p2a: Ur Mom\n|-damage|p2a: Ur Mom|37\/100\n|move|p2a: Ur Mom|Stealth Rock|p1a: Goodra\n|-sidestart|p1: wafflizer|move: Stealth Rock\n|\n|-heal|p2a: Ur Mom|43\/100|[from] item: Leftovers\n|upkeep\n|turn|18\n|\n|t:|1701104238\n|move|p1a: Goodra|Outrage|p2a: Ur Mom\n|-damage|p2a: Ur Mom|0 fnt\n|faint|p2a: Ur Mom\n|\n|upkeep\n|\n|t:|1701104243\n|switch|p2a: UwU|Scream Tail, shiny|100\/100\n|turn|19\n|\n|t:|1701104262\n|move|p1a: Goodra|Outrage|p2a: UwU|[from]lockedmove\n|-immune|p2a: UwU\n|move|p2a: UwU|Wish|p2a: UwU\n|\n|upkeep\n|turn|20\n|\n|t:|1701104276\n|-zpower|p1a: Goodra\n|move|p1a: Goodra|Devastating Drake|p2a: UwU|[zeffect]\n|-immune|p2a: UwU\n|move|p2a: UwU|Play Rough|p1a: Goodra\n|-supereffective|p1a: Goodra\n|-damage|p1a: Goodra|28\/100\n|\n|upkeep\n|turn|21\n|\n|t:|1701104289\n|move|p1a: Goodra|Earthquake|p2a: UwU\n|-damage|p2a: UwU|82\/100\n|move|p2a: UwU|Wish|p2a: UwU\n|\n|-heal|p2a: UwU|89\/100|[from] item: Leftovers\n|upkeep\n|turn|22\n|\n|t:|1701104297\n|switch|p1a: Duraludon|Duraludon, F|72\/100\n|-damage|p1a: Duraludon|55\/100|[from] Spikes\n|-damage|p1a: Duraludon|49\/100|[from] Stealth Rock\n|move|p2a: UwU|Play Rough|p1a: Duraludon\n|-damage|p1a: Duraludon|26\/100\n|\n|-heal|p2a: UwU|100\/100|[from] move: Wish|[wisher] UwU\n|upkeep\n|turn|23\n|\n|t:|1701104311\n|move|p2a: UwU|Protect|p2a: UwU\n|-singleturn|p2a: UwU|Protect\n|move|p1a: Duraludon|Flash Cannon|p2a: UwU\n|-activate|p2a: UwU|move: Protect\n|\n|upkeep\n|turn|24\n|\n|t:|1701104345\n|-terastallize|p1a: Duraludon|Steel\n|move|p1a: Duraludon|Flash Cannon|p2a: UwU\n|-supereffective|p2a: UwU\n|-damage|p2a: UwU|30\/100\n|move|p2a: UwU|Wish|p2a: UwU\n|\n|-heal|p2a: UwU|37\/100|[from] item: Leftovers\n|upkeep\n|turn|25\n|\n|t:|1701104357\n|-end|p2a: UwU|Protosynthesis|[silent]\n|switch|p2a: Samuraii|Samurott-Hisui, F, shiny|19\/100\n|move|p1a: Duraludon|Flash Cannon|p2a: Samuraii\n|-resisted|p2a: Samuraii\n|-damage|p2a: Samuraii|2\/100\n|\n|-heal|p2a: Samuraii|64\/100|[from] move: Wish|[wisher] UwU\n|upkeep\n|turn|26\n|\n|t:|1701104377\n|switch|p1a: Milotic|Milotic, M|57\/100\n|-damage|p1a: Milotic|41\/100|[from] Spikes\n|-damage|p1a: Milotic|28\/100|[from] Stealth Rock\n|move|p2a: Samuraii|Ceaseless Edge|p1a: Milotic\n|-damage|p1a: Milotic|0 fnt\n|-sidestart|p1: wafflizer|Spikes\n|faint|p1a: Milotic\n|\n|upkeep\n|\n|t:|1701104388\n|switch|p1a: Goodra|Goodra, F|28\/100\n|-damage|p1a: Goodra|3\/100|[from] Spikes\n|-damage|p1a: Goodra|0 fnt|[from] Stealth Rock\n|faint|p1a: Goodra\n|\n|t:|1701104393\n|switch|p1a: Kyurem|Kyurem|88\/100 par\n|-damage|p1a: Kyurem|63\/100 par|[from] Spikes\n|-damage|p1a: Kyurem|38\/100 par|[from] Stealth Rock\n|-ability|p1a: Kyurem|Pressure\n|turn|27\n|\n|t:|1701104405\n|move|p1a: Kyurem|Ice Beam|p2a: Samuraii\n|-resisted|p2a: Samuraii\n|-damage|p2a: Samuraii|42\/100\n|move|p2a: Samuraii|Avalanche|p1a: Kyurem\n|-damage|p1a: Kyurem|10\/100 par\n|\n|upkeep\n|turn|28\n|\n|t:|1701104414\n|move|p2a: Samuraii|Aqua Jet|p1a: Kyurem\n|-resisted|p1a: Kyurem\n|-damage|p1a: Kyurem|3\/100 par\n|move|p1a: Kyurem|Ice Beam|p2a: Samuraii\n|-resisted|p2a: Samuraii\n|-damage|p2a: Samuraii|20\/100\n|\n|upkeep\n|turn|29\n|\n|t:|1701104422\n|move|p2a: Samuraii|Aqua Jet|p1a: Kyurem\n|-resisted|p1a: Kyurem\n|-damage|p1a: Kyurem|0 fnt\n|faint|p1a: Kyurem\n|\n|upkeep\n|\n|t:|1701104427\n|switch|p1a: Duraludon|Duraludon, F, tera:Steel|26\/100\n|-damage|p1a: Duraludon|2\/100|[from] Spikes\n|-damage|p1a: Duraludon|0 fnt|[from] Stealth Rock\n|faint|p1a: Duraludon\n|\n|t:|1701104432\n|switch|p1a: Garchomp|Garchomp-Mega, F|6\/100\n|-damage|p1a: Garchomp|0 fnt|[from] Spikes\n|faint|p1a: Garchomp\n|\n|win|champanthon\n|raw|wafflizer's rating: 1000 &rarr; <strong>1000<\/strong><br \/>(+0 for losing)\n|raw|champanthon's rating: 1000 &rarr; <strong>1040<\/strong><br \/>(+40 for winning)\n|l|\u2606wafflizer\n","uploadtime":1701104443,"views":2,"p1id":"wafflizer","p2id":"champanthon","formatid":"gen9nationaldex","rating":1000,"private":0,"password":""}