{"id":"gen9nationaldex-1991704313","p1":"megawayneee","p2":"vestkid27","format":"[Gen 9] National Dex","log":"|j|\u2606megawayneee\n|j|\u2606vestkid27\n|t:|1700104725\n|gametype|singles\n|player|p1|megawayneee|265|1615\n|player|p2|vestkid27|janitor|1564\n|teamsize|p1|6\n|teamsize|p2|6\n|gen|9\n|tier|[Gen 9] National Dex\n|rated|\n|rule|HP Percentage Mod: HP is shown in percentages\n|rule|Endless Battle Clause: Forcing endless battles is banned\n|rule|OHKO Clause: OHKO moves are banned\n|rule|Evasion Clause: Evasion abilities, items, and moves are banned\n|rule|Evasion Abilities Clause: Evasion abilities are banned\n|rule|Evasion Items Clause: Evasion items are banned\n|rule|Evasion Moves Clause: Evasion moves are banned\n|rule|Species Clause: Limit one of each Pok\u00e9mon\n|rule|Sleep Clause Mod: Limit one foe put to sleep\n|clearpoke\n|poke|p1|Latios, M|\n|poke|p1|Azumarill, F|\n|poke|p1|Moltres|\n|poke|p1|Landorus-Therian, M|\n|poke|p1|Clodsire, M|\n|poke|p1|Bisharp, F|\n|poke|p2|Steelix, M|\n|poke|p2|Pinsir, F|\n|poke|p2|Victini|\n|poke|p2|Brambleghast, M|\n|poke|p2|Umbreon, M|\n|poke|p2|Druddigon, F|\n|teampreview\n|c|\u2606vestkid27|Glhf\n|inactive|Battle timer is ON: inactive players will automatically lose when time's up. (requested by megawayneee)\n|\n|t:|1700104746\n|start\n|switch|p1a: Latios|Latios, M|100\/100\n|switch|p2a: Victini|Victini|100\/100\n|turn|1\n|\n|t:|1700104753\n|switch|p1a: Moltres|Moltres|100\/100\n|move|p2a: Victini|U-turn|p1a: Moltres\n|-resisted|p1a: Moltres\n|-damage|p1a: Moltres|98\/100\n|\n|t:|1700104761\n|switch|p2a: Druddigon|Druddigon, F|100\/100|[from] U-turn\n|\n|upkeep\n|turn|2\n|\n|t:|1700104772\n|switch|p1a: Bisharp|Bisharp, F|100\/100\n|move|p2a: Druddigon|Glare|p1a: Bisharp\n|-status|p1a: Bisharp|par\n|\n|upkeep\n|turn|3\n|\n|t:|1700104782\n|move|p2a: Druddigon|Earthquake|p1a: Bisharp\n|-supereffective|p1a: Bisharp\n|-damage|p1a: Bisharp|61\/100 par\n|move|p1a: Bisharp|Knock Off|p2a: Druddigon\n|-damage|p2a: Druddigon|57\/100\n|-damage|p1a: Bisharp|49\/100 par|[from] ability: Rough Skin|[of] p2a: Druddigon\n|-damage|p1a: Bisharp|32\/100 par|[from] item: Rocky Helmet|[of] p2a: Druddigon\n|-enditem|p2a: Druddigon|Rocky Helmet|[from] move: Knock Off|[of] p1a: Bisharp\n|\n|upkeep\n|turn|4\n|\n|t:|1700104798\n|move|p1a: Bisharp|Sucker Punch|p2a: Druddigon\n|-damage|p2a: Druddigon|28\/100\n|-damage|p1a: Bisharp|20\/100 par|[from] ability: Rough Skin|[of] p2a: Druddigon\n|move|p2a: Druddigon|Earthquake|p1a: Bisharp\n|-supereffective|p1a: Bisharp\n|-damage|p1a: Bisharp|0 fnt\n|faint|p1a: Bisharp\n|\n|upkeep\n|\n|t:|1700104801\n|switch|p1a: Latios|Latios, M|100\/100\n|turn|5\n|\n|t:|1700104809\n|move|p1a: Latios|Ice Beam|p2a: Druddigon\n|-supereffective|p2a: Druddigon\n|-damage|p2a: Druddigon|0 fnt\n|faint|p2a: Druddigon\n|\n|upkeep\n|\n|t:|1700104836\n|switch|p2a: Steelix|Steelix, M|100\/100\n|turn|6\n|\n|t:|1700104851\n|switch|p1a: Moltres|Moltres|98\/100\n|move|p2a: Steelix|Rock Slide|p1a: Moltres\n|-supereffective|p1a: Moltres\n|-damage|p1a: Moltres|17\/100\n|\n|upkeep\n|turn|7\n|\n|t:|1700104863\n|switch|p2a: Victini|Victini|100\/100\n|move|p1a: Moltres|Flamethrower|p2a: Victini\n|-resisted|p2a: Victini\n|-damage|p2a: Victini|82\/100\n|\n|upkeep\n|turn|8\n|\n|t:|1700104872\n|switch|p1a: Clodsire|Clodsire, M|100\/100\n|move|p2a: Victini|Psychic|p1a: Clodsire\n|-supereffective|p1a: Clodsire\n|-damage|p1a: Clodsire|40\/100\n|\n|-heal|p1a: Clodsire|46\/100|[from] item: Black Sludge\n|upkeep\n|turn|9\n|\n|t:|1700104887\n|switch|p1a: Azumarill|Azumarill, F|100\/100\n|move|p2a: Victini|Psychic|p1a: Azumarill\n|-damage|p1a: Azumarill|41\/100\n|\n|upkeep\n|turn|10\n|\n|t:|1700104897\n|switch|p2a: Brambleghast|Brambleghast, M|100\/100\n|move|p1a: Azumarill|Aqua Jet|p2a: Brambleghast\n|-resisted|p2a: Brambleghast\n|-damage|p2a: Brambleghast|64\/100\n|\n|upkeep\n|turn|11\n|\n|t:|1700104909\n|switch|p1a: Moltres|Moltres|17\/100\n|move|p2a: Brambleghast|Poltergeist|p1a: Moltres\n|-activate|p1a: Moltres|move: Poltergeist|Heavy-Duty Boots\n|-damage|p1a: Moltres|0 fnt\n|faint|p1a: Moltres\n|\n|upkeep\n|\n|t:|1700104915\n|switch|p1a: Landorus|Landorus-Therian, M|100\/100\n|-ability|p1a: Landorus|Intimidate|boost\n|-unboost|p2a: Brambleghast|atk|1\n|turn|12\n|\n|t:|1700104938\n|switch|p2a: Umbreon|Umbreon, M|100\/100\n|move|p1a: Landorus|U-turn|p2a: Umbreon\n|-supereffective|p2a: Umbreon\n|-damage|p2a: Umbreon|66\/100\n|\n|t:|1700104960\n|switch|p1a: Clodsire|Clodsire, M|46\/100|[from] U-turn\n|\n|-heal|p2a: Umbreon|73\/100|[from] item: Leftovers\n|-heal|p1a: Clodsire|52\/100|[from] item: Black Sludge\n|upkeep\n|turn|13\n|\n|t:|1700104970\n|switch|p2a: Steelix|Steelix, M|100\/100\n|move|p1a: Clodsire|Toxic|p2a: Steelix\n|-immune|p2a: Steelix\n|\n|-heal|p1a: Clodsire|58\/100|[from] item: Black Sludge\n|upkeep\n|turn|14\n|\n|t:|1700104978\n|move|p2a: Steelix|Iron Head|p1a: Clodsire\n|-damage|p1a: Clodsire|7\/100\n|move|p1a: Clodsire|Stealth Rock|p2a: Steelix\n|-sidestart|p2: vestkid27|move: Stealth Rock\n|\n|-heal|p1a: Clodsire|14\/100|[from] item: Black Sludge\n|upkeep\n|turn|15\n|\n|t:|1700104989\n|switch|p2a: Brambleghast|Brambleghast, M|64\/100\n|switch|p1a: Landorus|Landorus-Therian, M|100\/100\n|-ability|p1a: Landorus|Intimidate|boost\n|-unboost|p2a: Brambleghast|atk|1\n|\n|upkeep\n|turn|16\n|\n|t:|1700104997\n|move|p1a: Landorus|U-turn|p2a: Brambleghast\n|-damage|p2a: Brambleghast|15\/100\n|\n|t:|1700105000\n|switch|p1a: Clodsire|Clodsire, M|14\/100|[from] U-turn\n|move|p2a: Brambleghast|Rapid Spin|p1a: Clodsire\n|-damage|p1a: Clodsire|1\/100\n|-boost|p2a: Brambleghast|spe|1\n|-sideend|p2: vestkid27|Stealth Rock|[from] move: Rapid Spin|[of] p2a: Brambleghast\n|\n|-heal|p1a: Clodsire|7\/100|[from] item: Black Sludge\n|upkeep\n|turn|17\n|\n|t:|1700105012\n|move|p2a: Brambleghast|Rapid Spin|p1a: Clodsire\n|-crit|p1a: Clodsire\n|-damage|p1a: Clodsire|0 fnt\n|-boost|p2a: Brambleghast|spe|1\n|faint|p1a: Clodsire\n|\n|upkeep\n|\n|t:|1700105015\n|switch|p1a: Azumarill|Azumarill, F|41\/100\n|turn|18\n|\n|t:|1700105021\n|move|p1a: Azumarill|Aqua Jet|p2a: Brambleghast\n|-resisted|p2a: Brambleghast\n|-damage|p2a: Brambleghast|0 fnt\n|faint|p2a: Brambleghast\n|\n|upkeep\n|\n|t:|1700105047\n|switch|p2a: Pinsir|Pinsir, F|100\/100\n|turn|19\n|\n|t:|1700105056\n|switch|p1a: Landorus|Landorus-Therian, M|100\/100\n|-ability|p1a: Landorus|Intimidate|boost\n|-unboost|p2a: Pinsir|atk|1\n|detailschange|p2a: Pinsir|Pinsir-Mega, F\n|-mega|p2a: Pinsir|Pinsir|Pinsirite\n|move|p2a: Pinsir|Return|p1a: Landorus\n|-damage|p1a: Landorus|44\/100\n|\n|upkeep\n|turn|20\n|\n|t:|1700105067\n|switch|p2a: Steelix|Steelix, M|100\/100\n|-terastallize|p1a: Landorus|Flying\n|move|p1a: Landorus|Tera Blast|p2a: Steelix|[anim] Tera Blast Flying\n|-resisted|p2a: Steelix\n|-damage|p2a: Steelix|84\/100\n|\n|upkeep\n|turn|21\n|\n|t:|1700105085\n|switch|p1a: Azumarill|Azumarill, F|41\/100\n|move|p2a: Steelix|Iron Head|p1a: Azumarill\n|-damage|p1a: Azumarill|0 fnt\n|faint|p1a: Azumarill\n|\n|upkeep\n|\n|t:|1700105088\n|switch|p1a: Latios|Latios, M|100\/100\n|turn|22\n|\n|t:|1700105099\n|move|p1a: Latios|Draco Meteor|p2a: Steelix\n|-resisted|p2a: Steelix\n|-damage|p2a: Steelix|37\/100\n|-unboost|p1a: Latios|spa|2\n|move|p2a: Steelix|Iron Head|p1a: Latios\n|-damage|p1a: Latios|40\/100\n|\n|upkeep\n|turn|23\n|\n|t:|1700105107\n|switch|p1a: Landorus|Landorus-Therian, M, tera:Flying|44\/100\n|-ability|p1a: Landorus|Intimidate|boost\n|-unboost|p2a: Steelix|atk|1\n|move|p2a: Steelix|Iron Head|p1a: Landorus\n|-crit|p1a: Landorus\n|-damage|p1a: Landorus|0 fnt\n|faint|p1a: Landorus\n|\n|upkeep\n|\n|t:|1700105110\n|switch|p1a: Latios|Latios, M|40\/100\n|turn|24\n|-message|megawayneee forfeited.\n|\n|win|vestkid27\n|raw|megawayneee's rating: 1615 &rarr; <strong>1592<\/strong><br \/>(-23 for losing)\n|raw|vestkid27's rating: 1564 &rarr; <strong>1587<\/strong><br \/>(+23 for winning)\n|l|\u2606megawayneee\n","uploadtime":1700105124,"views":6,"p1id":"megawayneee","p2id":"vestkid27","formatid":"gen9nationaldex","rating":1587,"private":0,"password":""}