{"id":"gen9nationaldex-1997501807","p1":"NDSNEZgoinginsane","p2":"qisama","format":"[Gen 9] National Dex","log":"|html|<div class=\"broadcast-blue\"><strong>[Gen 9] National Dex is currently suspecting Sneasler! For information on how to participate check out the <a href=\"https:\/\/www.smogon.com\/forums\/threads\/sv-national-dex-suspect-8-just-dance.3731534\/\">suspect thread<\/a>.<\/strong><\/div>\n|j|\u2606NDSNEZgoinginsane\n|j|\u2606qisama\n|t:|1700816335\n|gametype|singles\n|player|p1|NDSNEZgoinginsane|steven-masters|1606\n|player|p2|qisama|winona|1520\n|teamsize|p1|6\n|teamsize|p2|6\n|gen|9\n|tier|[Gen 9] National Dex\n|rated|\n|rule|HP Percentage Mod: HP is shown in percentages\n|rule|Endless Battle Clause: Forcing endless battles is banned\n|rule|OHKO Clause: OHKO moves are banned\n|rule|Evasion Clause: Evasion abilities, items, and moves are banned\n|rule|Evasion Abilities Clause: Evasion abilities are banned\n|rule|Evasion Items Clause: Evasion items are banned\n|rule|Evasion Moves Clause: Evasion moves are banned\n|rule|Species Clause: Limit one of each Pok\u00e9mon\n|rule|Sleep Clause Mod: Limit one foe put to sleep\n|clearpoke\n|poke|p1|Garganacl, M|\n|poke|p1|Ogerpon-Wellspring, F|\n|poke|p1|Iron Valiant|\n|poke|p1|Scizor, F|\n|poke|p1|Garchomp, F|\n|poke|p1|Zapdos|\n|poke|p2|Gliscor, M|\n|poke|p2|Alomomola, F|\n|poke|p2|Garganacl, F|\n|poke|p2|Aegislash, M|\n|poke|p2|Scizor, M|\n|poke|p2|Skeledirge, F|\n|teampreview\n|inactive|Battle timer is ON: inactive players will automatically lose when time's up. (requested by qisama)\n|\n|t:|1700816347\n|start\n|switch|p1a: Garchomp|Garchomp, F, shiny|100\/100\n|switch|p2a: Alomomola|Alomomola, F|100\/100\n|turn|1\n|\n|t:|1700816352\n|switch|p1a: Scizor|Scizor, F|100\/100\n|move|p2a: Alomomola|Toxic|p1a: Scizor\n|-immune|p1a: Scizor\n|\n|upkeep\n|turn|2\n|\n|t:|1700816358\n|switch|p1a: Ogerpon|Ogerpon-Wellspring, F|100\/100\n|move|p2a: Alomomola|Protect||[still]\n|-fail|p2a: Alomomola\n|\n|upkeep\n|turn|3\n|\n|t:|1700816363\n|move|p1a: Ogerpon|Taunt|p2a: Alomomola\n|-start|p2a: Alomomola|move: Taunt\n|cant|p2a: Alomomola|move: Taunt|Toxic\n|\n|upkeep\n|turn|4\n|\n|t:|1700816368\n|switch|p2a: Scizor|Scizor, M|100\/100\n|move|p1a: Ogerpon|Ivy Cudgel|p2a: Scizor|[anim] Ivy Cudgel Water\n|-damage|p2a: Scizor|50\/100\n|\n|upkeep\n|turn|5\n|\n|t:|1700816373\n|switch|p1a: Zapdos|Zapdos, shiny|100\/100\n|detailschange|p2a: Scizor|Scizor-Mega, M\n|-mega|p2a: Scizor|Scizor|Scizorite\n|move|p2a: Scizor|Roost|p2a: Scizor\n|-heal|p2a: Scizor|99\/100\n|-singleturn|p2a: Scizor|move: Roost\n|\n|upkeep\n|turn|6\n|\n|t:|1700816378\n|switch|p2a: Garganacl|Garganacl, F|100\/100\n|move|p1a: Zapdos|Hurricane|p2a: Garganacl\n|-resisted|p2a: Garganacl\n|-damage|p2a: Garganacl|85\/100\n|\n|-heal|p2a: Garganacl|91\/100|[from] item: Leftovers\n|upkeep\n|turn|7\n|\n|t:|1700816383\n|move|p1a: Zapdos|Volt Switch|p2a: Garganacl\n|-damage|p2a: Garganacl|72\/100\n|\n|t:|1700816386\n|switch|p1a: Garchomp|Garchomp, F, shiny|100\/100|[from] Volt Switch\n|move|p2a: Garganacl|Stealth Rock|p1a: Garchomp\n|-sidestart|p1: NDSNEZgoinginsane|move: Stealth Rock\n|\n|-heal|p2a: Garganacl|78\/100|[from] item: Leftovers\n|upkeep\n|turn|8\n|\n|t:|1700816391\n|switch|p2a: Alomomola|Alomomola, F|100\/100\n|move|p1a: Garchomp|Stealth Rock|p2a: Alomomola\n|-sidestart|p2: qisama|move: Stealth Rock\n|\n|upkeep\n|turn|9\n|\n|t:|1700816395\n|switch|p1a: Garganacl|Garganacl, M|100\/100\n|-damage|p1a: Garganacl|88\/100|[from] Stealth Rock\n|move|p2a: Alomomola|Toxic|p1a: Garganacl\n|-immune|p1a: Garganacl|[from] ability: Purifying Salt\n|\n|-heal|p1a: Garganacl|94\/100|[from] item: Leftovers\n|upkeep\n|turn|10\n|\n|t:|1700816400\n|switch|p1a: Ogerpon|Ogerpon-Wellspring, F|100\/100\n|-damage|p1a: Ogerpon|88\/100|[from] Stealth Rock\n|move|p2a: Alomomola|Flip Turn|p1a: Ogerpon\n|-heal|p1a: Ogerpon|100\/100|[from] ability: Water Absorb|[of] p2a: Alomomola\n|\n|upkeep\n|turn|11\n|\n|t:|1700816407\n|switch|p2a: Scizor|Scizor-Mega, M|99\/100\n|-damage|p2a: Scizor|87\/100|[from] Stealth Rock\n|move|p1a: Ogerpon|Ivy Cudgel|p2a: Scizor|[anim] Ivy Cudgel Water\n|-damage|p2a: Scizor|46\/100\n|\n|upkeep\n|turn|12\n|\n|t:|1700816413\n|move|p1a: Ogerpon|U-turn|p2a: Scizor\n|-resisted|p2a: Scizor\n|-damage|p2a: Scizor|35\/100\n|\n|t:|1700816415\n|switch|p1a: Zapdos|Zapdos, shiny|100\/100|[from] U-turn\n|move|p2a: Scizor|Roost|p2a: Scizor\n|-heal|p2a: Scizor|85\/100\n|-singleturn|p2a: Scizor|move: Roost\n|\n|upkeep\n|turn|13\n|\n|t:|1700816418\n|move|p1a: Zapdos|Hurricane|p2a: Scizor\n|-damage|p2a: Scizor|51\/100\n|move|p2a: Scizor|Knock Off|p1a: Zapdos\n|-damage|p1a: Zapdos|71\/100\n|-enditem|p1a: Zapdos|Heavy-Duty Boots|[from] move: Knock Off|[of] p2a: Scizor\n|\n|upkeep\n|turn|14\n|\n|t:|1700816421\n|move|p1a: Zapdos|Hurricane|p2a: Scizor|[miss]\n|-miss|p1a: Zapdos|p2a: Scizor\n|move|p2a: Scizor|Roost|p2a: Scizor\n|-heal|p2a: Scizor|100\/100\n|-singleturn|p2a: Scizor|move: Roost\n|\n|upkeep\n|turn|15\n|\n|t:|1700816427\n|switch|p2a: Gliscor|Gliscor, M|100\/100\n|-damage|p2a: Gliscor|88\/100|[from] Stealth Rock\n|move|p1a: Zapdos|Hurricane|p2a: Gliscor\n|-damage|p2a: Gliscor|47\/100\n|-start|p2a: Gliscor|confusion\n|\n|-status|p2a: Gliscor|tox|[from] item: Toxic Orb\n|upkeep\n|turn|16\n|\n|t:|1700816434\n|move|p1a: Zapdos|Hurricane|p2a: Gliscor|[miss]\n|-miss|p1a: Zapdos|p2a: Gliscor\n|-activate|p2a: Gliscor|confusion\n|move|p2a: Gliscor|Spikes|p1a: Zapdos\n|-sidestart|p1: NDSNEZgoinginsane|Spikes\n|\n|-heal|p2a: Gliscor|60\/100 tox|[from] ability: Poison Heal\n|upkeep\n|turn|17\n|\n|t:|1700816440\n|-end|p2a: Gliscor|confusion\n|move|p2a: Gliscor|Protect|p2a: Gliscor\n|-singleturn|p2a: Gliscor|Protect\n|move|p1a: Zapdos|Defog|p2a: Gliscor\n|-activate|p2a: Gliscor|move: Protect\n|\n|-heal|p2a: Gliscor|72\/100 tox|[from] ability: Poison Heal\n|upkeep\n|turn|18\n|\n|t:|1700816444\n|switch|p1a: Scizor|Scizor, F|100\/100\n|-damage|p1a: Scizor|88\/100|[from] Stealth Rock\n|-damage|p1a: Scizor|76\/100|[from] Spikes\n|switch|p2a: Garganacl|Garganacl, F|78\/100\n|-damage|p2a: Garganacl|65\/100|[from] Stealth Rock\n|\n|-heal|p2a: Garganacl|72\/100|[from] item: Leftovers\n|upkeep\n|turn|19\n|\n|t:|1700816449\n|detailschange|p1a: Scizor|Scizor-Mega, F\n|-mega|p1a: Scizor|Scizor|Scizorite\n|move|p1a: Scizor|Knock Off|p2a: Garganacl\n|-damage|p2a: Garganacl|48\/100\n|-enditem|p2a: Garganacl|Leftovers|[from] move: Knock Off|[of] p1a: Scizor\n|move|p2a: Garganacl|Salt Cure|p1a: Scizor\n|-damage|p1a: Scizor|66\/100\n|-start|p1a: Scizor|Salt Cure\n|\n|-damage|p1a: Scizor|41\/100|[from] Salt Cure\n|upkeep\n|turn|20\n|\n|t:|1700816456\n|switch|p1a: Garchomp|Garchomp, F, shiny|100\/100\n|-damage|p1a: Garchomp|94\/100|[from] Stealth Rock\n|-damage|p1a: Garchomp|82\/100|[from] Spikes\n|move|p2a: Garganacl|Recover|p2a: Garganacl\n|-heal|p2a: Garganacl|98\/100\n|\n|upkeep\n|turn|21\n|\n|t:|1700816462\n|switch|p2a: Alomomola|Alomomola, F|100\/100\n|move|p1a: Garchomp|Earthquake|p2a: Alomomola\n|-damage|p2a: Alomomola|72\/100\n|-damage|p1a: Garchomp|72\/100|[from] item: Life Orb\n|\n|upkeep\n|turn|22\n|\n|t:|1700816468\n|move|p1a: Garchomp|Earthquake|p2a: Alomomola\n|-damage|p2a: Alomomola|40\/100\n|-damage|p1a: Garchomp|62\/100|[from] item: Life Orb\n|move|p2a: Alomomola|Wish|p2a: Alomomola\n|\n|upkeep\n|turn|23\n|\n|t:|1700816480\n|switch|p2a: Scizor|Scizor-Mega, M|100\/100\n|-damage|p2a: Scizor|88\/100|[from] Stealth Rock\n|move|p1a: Garchomp|Draco Meteor|p2a: Scizor\n|-resisted|p2a: Scizor\n|-damage|p2a: Scizor|64\/100\n|-unboost|p1a: Garchomp|spa|2\n|-damage|p1a: Garchomp|53\/100|[from] item: Life Orb\n|\n|-heal|p2a: Scizor|100\/100|[from] move: Wish|[wisher] Alomomola\n|upkeep\n|turn|24\n|\n|t:|1700816490\n|switch|p2a: Gliscor|Gliscor, M|72\/100 tox\n|-damage|p2a: Gliscor|60\/100 tox|[from] Stealth Rock\n|move|p1a: Garchomp|Fire Blast|p2a: Gliscor\n|-damage|p2a: Gliscor|46\/100 tox\n|-damage|p1a: Garchomp|43\/100|[from] item: Life Orb\n|\n|-heal|p2a: Gliscor|58\/100 tox|[from] ability: Poison Heal\n|upkeep\n|turn|25\n|\n|t:|1700816498\n|switch|p1a: Zapdos|Zapdos, shiny|71\/100\n|-damage|p1a: Zapdos|46\/100|[from] Stealth Rock\n|move|p2a: Gliscor|U-turn|p1a: Zapdos\n|-resisted|p1a: Zapdos\n|-crit|p1a: Zapdos\n|-damage|p1a: Zapdos|36\/100\n|\n|t:|1700816506\n|switch|p2a: Garganacl|Garganacl, F|98\/100|[from] U-turn\n|-damage|p2a: Garganacl|86\/100|[from] Stealth Rock\n|\n|upkeep\n|turn|26\n|\n|t:|1700816509\n|move|p1a: Zapdos|Defog|p2a: Garganacl\n|-unboost|p2a: Garganacl|evasion|1\n|-sideend|p2: qisama|Stealth Rock|[from] move: Defog|[of] p1a: Zapdos\n|-sideend|p1: NDSNEZgoinginsane|Spikes|[from] move: Defog|[of] p1a: Zapdos\n|-sideend|p1: NDSNEZgoinginsane|Stealth Rock|[from] move: Defog|[of] p1a: Zapdos\n|move|p2a: Garganacl|Salt Cure|p1a: Zapdos\n|-supereffective|p1a: Zapdos\n|-damage|p1a: Zapdos|9\/100\n|-start|p1a: Zapdos|Salt Cure\n|\n|-damage|p1a: Zapdos|0 fnt|[from] Salt Cure\n|faint|p1a: Zapdos\n|upkeep\n|\n|t:|1700816516\n|switch|p1a: Garganacl|Garganacl, M|94\/100\n|turn|27\n|\n|t:|1700816518\n|move|p2a: Garganacl|Stealth Rock|p1a: Garganacl\n|-sidestart|p1: NDSNEZgoinginsane|move: Stealth Rock\n|move|p1a: Garganacl|Salt Cure|p2a: Garganacl\n|-damage|p2a: Garganacl|77\/100\n|-start|p2a: Garganacl|Salt Cure\n|\n|-heal|p1a: Garganacl|100\/100|[from] item: Leftovers\n|-damage|p2a: Garganacl|64\/100|[from] Salt Cure\n|upkeep\n|turn|28\n|\n|t:|1700816520\n|move|p2a: Garganacl|Salt Cure|p1a: Garganacl\n|-damage|p1a: Garganacl|91\/100\n|-start|p1a: Garganacl|Salt Cure\n|move|p1a: Garganacl|Salt Cure|p2a: Garganacl\n|-damage|p2a: Garganacl|56\/100\n|\n|-heal|p1a: Garganacl|97\/100|[from] item: Leftovers\n|-damage|p1a: Garganacl|85\/100|[from] Salt Cure\n|-damage|p2a: Garganacl|43\/100|[from] Salt Cure\n|upkeep\n|turn|29\n|\n|t:|1700816525\n|switch|p2a: Gliscor|Gliscor, M|58\/100 tox\n|move|p1a: Garganacl|Body Press|p2a: Gliscor\n|-resisted|p2a: Gliscor\n|-damage|p2a: Gliscor|49\/100 tox\n|\n|-heal|p1a: Garganacl|91\/100|[from] item: Leftovers\n|-heal|p2a: Gliscor|61\/100 tox|[from] ability: Poison Heal\n|-damage|p1a: Garganacl|78\/100|[from] Salt Cure\n|upkeep\n|turn|30\n|\n|t:|1700816527\n|move|p2a: Gliscor|Spikes|p1a: Garganacl\n|-sidestart|p1: NDSNEZgoinginsane|Spikes\n|move|p1a: Garganacl|Salt Cure|p2a: Gliscor\n|-damage|p2a: Gliscor|50\/100 tox\n|-start|p2a: Gliscor|Salt Cure\n|\n|-heal|p1a: Garganacl|85\/100|[from] item: Leftovers\n|-heal|p2a: Gliscor|63\/100 tox|[from] ability: Poison Heal\n|-damage|p2a: Gliscor|50\/100 tox|[from] Salt Cure\n|-damage|p1a: Garganacl|72\/100|[from] Salt Cure\n|upkeep\n|turn|31\n|\n|t:|1700816530\n|move|p2a: Gliscor|Spikes|p1a: Garganacl\n|-sidestart|p1: NDSNEZgoinginsane|Spikes\n|move|p1a: Garganacl|Recover|p1a: Garganacl\n|-heal|p1a: Garganacl|100\/100\n|\n|-heal|p2a: Gliscor|63\/100 tox|[from] ability: Poison Heal\n|-damage|p2a: Gliscor|50\/100 tox|[from] Salt Cure\n|-damage|p1a: Garganacl|88\/100|[from] Salt Cure\n|upkeep\n|turn|32\n|\n|t:|1700816538\n|switch|p1a: Ogerpon|Ogerpon-Wellspring, F|100\/100\n|-damage|p1a: Ogerpon|88\/100|[from] Stealth Rock\n|-damage|p1a: Ogerpon|72\/100|[from] Spikes\n|move|p2a: Gliscor|Spikes|p1a: Ogerpon\n|-sidestart|p1: NDSNEZgoinginsane|Spikes\n|\n|-heal|p2a: Gliscor|63\/100 tox|[from] ability: Poison Heal\n|-damage|p2a: Gliscor|50\/100 tox|[from] Salt Cure\n|upkeep\n|turn|33\n|\n|t:|1700816544\n|switch|p2a: Scizor|Scizor-Mega, M|100\/100\n|-terastallize|p1a: Ogerpon|Water\n|detailschange|p1a: Ogerpon|Ogerpon-Wellspring-Tera, F, tera:Water\n|-ability|p1a: Ogerpon|Embody Aspect (Wellspring)|boost\n|-boost|p1a: Ogerpon|spd|1\n|move|p1a: Ogerpon|Ivy Cudgel|p2a: Scizor|[anim] Ivy Cudgel Water\n|-damage|p2a: Scizor|45\/100\n|\n|upkeep\n|turn|34\n|\n|t:|1700816555\n|switch|p2a: Alomomola|Alomomola, F|73\/100\n|move|p1a: Ogerpon|Ivy Cudgel|p2a: Alomomola|[anim] Ivy Cudgel Water\n|-resisted|p2a: Alomomola\n|-damage|p2a: Alomomola|52\/100\n|\n|upkeep\n|turn|35\n|\n|t:|1700816562\n|-terastallize|p2a: Alomomola|Dragon\n|move|p1a: Ogerpon|Taunt|p2a: Alomomola\n|-start|p2a: Alomomola|move: Taunt\n|cant|p2a: Alomomola|move: Taunt|Wish\n|\n|upkeep\n|turn|36\n|\n|t:|1700816573\n|move|p1a: Ogerpon|Ivy Cudgel|p2a: Alomomola|[anim] Ivy Cudgel Water\n|-resisted|p2a: Alomomola\n|-damage|p2a: Alomomola|30\/100\n|move|p2a: Alomomola|Flip Turn|p1a: Ogerpon\n|-resisted|p1a: Ogerpon\n|-damage|p1a: Ogerpon|61\/100\n|\n|t:|1700816581\n|switch|p2a: Aegislash|Aegislash, M|100\/100|[from] Flip Turn\n|\n|upkeep\n|turn|37\n|\n|t:|1700816585\n|move|p2a: Aegislash|King's Shield|p2a: Aegislash\n|-singleturn|p2a: Aegislash|Protect\n|move|p1a: Ogerpon|U-turn|p2a: Aegislash\n|-activate|p2a: Aegislash|move: Protect\n|-unboost|p1a: Ogerpon|atk|1\n|\n|upkeep\n|turn|38\n|\n|t:|1700816592\n|switch|p1a: Garganacl|Garganacl, M|88\/100\n|-damage|p1a: Garganacl|76\/100|[from] Stealth Rock\n|-damage|p1a: Garganacl|51\/100|[from] Spikes\n|move|p2a: Aegislash|Substitute|p2a: Aegislash\n|-start|p2a: Aegislash|Substitute\n|-damage|p2a: Aegislash|75\/100\n|\n|-heal|p2a: Aegislash|82\/100|[from] item: Leftovers\n|-heal|p1a: Garganacl|57\/100|[from] item: Leftovers\n|upkeep\n|turn|39\n|\n|t:|1700816597\n|-formechange|p2a: Aegislash|Aegislash-Blade||[from] ability: Stance Change\n|move|p2a: Aegislash|Flash Cannon|p1a: Garganacl\n|-supereffective|p1a: Garganacl\n|-damage|p1a: Garganacl|2\/100\n|move|p1a: Garganacl|Recover|p1a: Garganacl\n|-heal|p1a: Garganacl|52\/100\n|\n|-heal|p2a: Aegislash|88\/100|[from] item: Leftovers\n|-heal|p1a: Garganacl|58\/100|[from] item: Leftovers\n|upkeep\n|turn|40\n|\n|t:|1700816605\n|move|p2a: Aegislash|Flash Cannon|p1a: Garganacl\n|-supereffective|p1a: Garganacl\n|-damage|p1a: Garganacl|2\/100\n|move|p1a: Garganacl|Recover|p1a: Garganacl\n|-heal|p1a: Garganacl|52\/100\n|\n|-heal|p2a: Aegislash|94\/100|[from] item: Leftovers\n|-heal|p1a: Garganacl|58\/100|[from] item: Leftovers\n|upkeep\n|turn|41\n|\n|t:|1700816609\n|switch|p1a: Scizor|Scizor-Mega, F|41\/100\n|-damage|p1a: Scizor|29\/100|[from] Stealth Rock\n|-damage|p1a: Scizor|4\/100|[from] Spikes\n|move|p2a: Aegislash|Flash Cannon|p1a: Scizor\n|-resisted|p1a: Scizor\n|-damage|p1a: Scizor|0 fnt\n|faint|p1a: Scizor\n|\n|-heal|p2a: Aegislash|99\/100|[from] item: Leftovers\n|upkeep\n|\n|t:|1700816613\n|switch|p1a: Garchomp|Garchomp, F, shiny|43\/100\n|-damage|p1a: Garchomp|37\/100|[from] Stealth Rock\n|-damage|p1a: Garchomp|12\/100|[from] Spikes\n|turn|42\n|\n|t:|1700816615\n|move|p1a: Garchomp|Earthquake|p2a: Aegislash\n|-supereffective|p2a: Aegislash\n|-end|p2a: Aegislash|Substitute\n|-damage|p1a: Garchomp|2\/100|[from] item: Life Orb\n|move|p2a: Aegislash|Shadow Ball|p1a: Garchomp\n|-damage|p1a: Garchomp|0 fnt\n|faint|p1a: Garchomp\n|\n|-heal|p2a: Aegislash|100\/100|[from] item: Leftovers\n|upkeep\n|\n|t:|1700816628\n|switch|p1a: Ogerpon|Ogerpon-Wellspring-Tera, F, tera:Water|61\/100\n|-damage|p1a: Ogerpon|49\/100|[from] Stealth Rock\n|-damage|p1a: Ogerpon|24\/100|[from] Spikes\n|-ability|p1a: Ogerpon|Embody Aspect (Wellspring)|boost\n|-boost|p1a: Ogerpon|spd|1\n|turn|43\n|\n|t:|1700816632\n|-formechange|p2a: Aegislash|Aegislash||[from] ability: Stance Change\n|move|p2a: Aegislash|King's Shield|p2a: Aegislash\n|-singleturn|p2a: Aegislash|Protect\n|move|p1a: Ogerpon|Ivy Cudgel|p2a: Aegislash|[anim] Ivy Cudgel Water\n|-activate|p2a: Aegislash|move: Protect\n|\n|upkeep\n|turn|44\n|\n|t:|1700816638\n|move|p1a: Ogerpon|Ivy Cudgel|p2a: Aegislash|[anim] Ivy Cudgel Water\n|-damage|p2a: Aegislash|36\/100\n|-formechange|p2a: Aegislash|Aegislash-Blade||[from] ability: Stance Change\n|move|p2a: Aegislash|Shadow Ball|p1a: Ogerpon\n|-damage|p1a: Ogerpon|0 fnt\n|faint|p1a: Ogerpon\n|\n|-heal|p2a: Aegislash|42\/100|[from] item: Leftovers\n|upkeep\n|\n|t:|1700816647\n|switch|p1a: Iron Valiant|Iron Valiant|100\/100\n|-damage|p1a: Iron Valiant|94\/100|[from] Stealth Rock\n|-damage|p1a: Iron Valiant|69\/100|[from] Spikes\n|-enditem|p1a: Iron Valiant|Booster Energy\n|-activate|p1a: Iron Valiant|ability: Quark Drive|[fromitem]\n|-start|p1a: Iron Valiant|quarkdrivespe\n|turn|45\n|\n|t:|1700816652\n|switch|p2a: Skeledirge|Skeledirge, F|100\/100\n|move|p1a: Iron Valiant|Thunderbolt|p2a: Skeledirge\n|-damage|p2a: Skeledirge|78\/100\n|\n|upkeep\n|turn|46\n|\n|t:|1700816659\n|move|p1a: Iron Valiant|Thunderbolt|p2a: Skeledirge\n|-damage|p2a: Skeledirge|54\/100\n|move|p2a: Skeledirge|Torch Song|p1a: Iron Valiant\n|-damage|p1a: Iron Valiant|12\/100\n|-boost|p2a: Skeledirge|spa|1\n|\n|upkeep\n|turn|47\n|\n|t:|1700816663\n|move|p1a: Iron Valiant|Thunderbolt|p2a: Skeledirge\n|-damage|p2a: Skeledirge|34\/100\n|move|p2a: Skeledirge|Slack Off|p2a: Skeledirge\n|-heal|p2a: Skeledirge|84\/100\n|\n|upkeep\n|turn|48\n|\n|t:|1700816665\n|move|p1a: Iron Valiant|Thunderbolt|p2a: Skeledirge\n|-damage|p2a: Skeledirge|62\/100\n|move|p2a: Skeledirge|Torch Song|p1a: Iron Valiant\n|-damage|p1a: Iron Valiant|0 fnt\n|-boost|p2a: Skeledirge|spa|1\n|faint|p1a: Iron Valiant\n|-end|p1a: Iron Valiant|Quark Drive|[silent]\n|\n|upkeep\n|\n|t:|1700816667\n|switch|p1a: Garganacl|Garganacl, M|58\/100\n|-damage|p1a: Garganacl|46\/100|[from] Stealth Rock\n|-damage|p1a: Garganacl|21\/100|[from] Spikes\n|turn|49\n|\n|t:|1700816672\n|move|p2a: Skeledirge|Torch Song|p1a: Garganacl\n|-resisted|p1a: Garganacl\n|-damage|p1a: Garganacl|1\/100\n|-boost|p2a: Skeledirge|spa|1\n|move|p1a: Garganacl|Recover|p1a: Garganacl\n|-heal|p1a: Garganacl|51\/100\n|\n|-heal|p1a: Garganacl|58\/100|[from] item: Leftovers\n|upkeep\n|turn|50\n|\n|t:|1700816676\n|move|p2a: Skeledirge|Torch Song|p1a: Garganacl\n|-resisted|p1a: Garganacl\n|-damage|p1a: Garganacl|33\/100\n|-boost|p2a: Skeledirge|spa|1\n|move|p1a: Garganacl|Recover|p1a: Garganacl\n|-heal|p1a: Garganacl|83\/100\n|\n|-heal|p1a: Garganacl|89\/100|[from] item: Leftovers\n|upkeep\n|turn|51\n|\n|t:|1700816679\n|move|p2a: Skeledirge|Torch Song|p1a: Garganacl\n|-resisted|p1a: Garganacl\n|-damage|p1a: Garganacl|61\/100\n|-boost|p2a: Skeledirge|spa|1\n|move|p1a: Garganacl|Salt Cure|p2a: Skeledirge\n|-supereffective|p2a: Skeledirge\n|-damage|p2a: Skeledirge|39\/100\n|-start|p2a: Skeledirge|Salt Cure\n|\n|-heal|p1a: Garganacl|67\/100|[from] item: Leftovers\n|-damage|p2a: Skeledirge|26\/100|[from] Salt Cure\n|upkeep\n|turn|52\n|\n|t:|1700816686\n|move|p2a: Skeledirge|Torch Song|p1a: Garganacl\n|-resisted|p1a: Garganacl\n|-damage|p1a: Garganacl|32\/100\n|-boost|p2a: Skeledirge|spa|1\n|move|p1a: Garganacl|Salt Cure|p2a: Skeledirge\n|-supereffective|p2a: Skeledirge\n|-damage|p2a: Skeledirge|4\/100\n|\n|-heal|p1a: Garganacl|39\/100|[from] item: Leftovers\n|-damage|p2a: Skeledirge|0 fnt|[from] Salt Cure\n|faint|p2a: Skeledirge\n|upkeep\n|\n|t:|1700816689\n|switch|p2a: Aegislash|Aegislash, M|42\/100\n|turn|53\n|\n|t:|1700816692\n|move|p2a: Aegislash|Substitute|p2a: Aegislash\n|-start|p2a: Aegislash|Substitute\n|-damage|p2a: Aegislash|17\/100\n|move|p1a: Garganacl|Salt Cure|p2a: Aegislash\n|-resisted|p2a: Aegislash\n|-activate|p2a: Aegislash|move: Substitute|[damage]\n|\n|-heal|p2a: Aegislash|24\/100|[from] item: Leftovers\n|-heal|p1a: Garganacl|45\/100|[from] item: Leftovers\n|upkeep\n|turn|54\n|\n|t:|1700816695\n|-formechange|p2a: Aegislash|Aegislash-Blade||[from] ability: Stance Change\n|move|p2a: Aegislash|Flash Cannon|p1a: Garganacl\n|-supereffective|p1a: Garganacl\n|-damage|p1a: Garganacl|0 fnt\n|faint|p1a: Garganacl\n|\n|win|qisama\n|raw|NDSNEZgoinginsane's rating: 1606 &rarr; <strong>1581<\/strong><br \/>(-25 for losing)\n|raw|qisama's rating: 1520 &rarr; <strong>1545<\/strong><br \/>(+25 for winning)\n|c|\u2606NDSNEZgoinginsane|cant wait to play 60 more games to finish reqs\n|c|\u2606NDSNEZgoinginsane|fml\n|c|\u2606NDSNEZgoinginsane|this is so ass\n","uploadtime":1700816712,"views":3,"p1id":"ndsnezgoinginsane","p2id":"qisama","formatid":"gen9nationaldex","rating":1545,"private":0,"password":""}