{"id":"gen9nationaldex-1995839522","p1":"Wibler.o.","p2":"kenshiro33","format":"[Gen 9] National Dex","log":"|html|<div class=\"broadcast-blue\"><strong>[Gen 9] National Dex is currently suspecting Sneasler! For information on how to participate check out the <a href=\"https:\/\/www.smogon.com\/forums\/threads\/sv-national-dex-suspect-8-just-dance.3731534\/\">suspect thread<\/a>.<\/strong><\/div>\n|j|\u2606Wibler.o.\n|j|\u2606kenshiro33\n|t:|1700608356\n|gametype|singles\n|player|p1|Wibler.o.|elesa|1360\n|player|p2|kenshiro33|169|1371\n|teamsize|p1|6\n|teamsize|p2|6\n|gen|9\n|tier|[Gen 9] National Dex\n|rated|\n|rule|HP Percentage Mod: HP is shown in percentages\n|rule|Endless Battle Clause: Forcing endless battles is banned\n|rule|OHKO Clause: OHKO moves are banned\n|rule|Evasion Clause: Evasion abilities, items, and moves are banned\n|rule|Evasion Abilities Clause: Evasion abilities are banned\n|rule|Evasion Items Clause: Evasion items are banned\n|rule|Evasion Moves Clause: Evasion moves are banned\n|rule|Species Clause: Limit one of each Pok\u00e9mon\n|rule|Sleep Clause Mod: Limit one foe put to sleep\n|clearpoke\n|poke|p1|Samurott-Hisui, F|\n|poke|p1|Iron Valiant|\n|poke|p1|Meowscarada, F|\n|poke|p1|Volcarona, F|\n|poke|p1|Great Tusk|\n|poke|p1|Corviknight, M|\n|poke|p2|Chandelure, M|\n|poke|p2|Porygon2|\n|poke|p2|Great Tusk|\n|poke|p2|Ditto|\n|poke|p2|Sneasler, F|\n|poke|p2|Masquerain, F|\n|teampreview\n|inactive|Battle timer is ON: inactive players will automatically lose when time's up. (requested by Wibler.o.)\n|\n|t:|1700608365\n|start\n|switch|p1a: Samurott|Samurott-Hisui, F|100\/100\n|switch|p2a: sigma|Ditto|100\/100\n|-transform|p2a: sigma|p1a: Samurott|[from] ability: Imposter\n|turn|1\n|\n|t:|1700608375\n|move|p2a: sigma|Sacred Sword|p1a: Samurott\n|-supereffective|p1a: Samurott\n|-damage|p1a: Samurott|26\/100\n|move|p1a: Samurott|Sacred Sword|p2a: sigma\n|-supereffective|p2a: sigma\n|-damage|p2a: sigma|11\/100\n|\n|upkeep\n|turn|2\n|\n|t:|1700608383\n|switch|p1a: Volcarona|Volcarona, F|100\/100\n|move|p2a: sigma|Sacred Sword|p1a: Volcarona\n|-resisted|p1a: Volcarona\n|-damage|p1a: Volcarona|72\/100\n|\n|upkeep\n|turn|3\n|\n|t:|1700608393\n|switch|p2a: chibi|Chandelure, M|100\/100\n|move|p1a: Volcarona|Quiver Dance|p1a: Volcarona\n|-boost|p1a: Volcarona|spa|1\n|-boost|p1a: Volcarona|spd|1\n|-boost|p1a: Volcarona|spe|1\n|\n|upkeep\n|turn|4\n|\n|t:|1700608422\n|move|p1a: Volcarona|Hidden Power|p2a: chibi\n|-supereffective|p2a: chibi\n|-damage|p2a: chibi|13\/100\n|move|p2a: chibi|Overheat|p1a: Volcarona\n|-damage|p1a: Volcarona|20\/100\n|-unboost|p2a: chibi|spa|2\n|\n|upkeep\n|turn|5\n|\n|t:|1700608430\n|switch|p2a: dewey|Porygon2|100\/100\n|-ability|p2a: dewey|Flame Body|[from] ability: Trace|[of] p1a: Volcarona\n|move|p1a: Volcarona|Hidden Power|p2a: dewey\n|-damage|p2a: dewey|82\/100\n|\n|upkeep\n|turn|6\n|\n|t:|1700608444\n|move|p1a: Volcarona|Giga Drain|p2a: dewey\n|-damage|p2a: dewey|59\/100\n|-heal|p1a: Volcarona|32\/100|[from] drain|[of] p2a: dewey\n|move|p2a: dewey|Toxic|p1a: Volcarona\n|-status|p1a: Volcarona|tox\n|\n|-damage|p1a: Volcarona|26\/100 tox|[from] psn\n|upkeep\n|turn|7\n|\n|t:|1700608448\n|move|p1a: Volcarona|Giga Drain|p2a: dewey\n|-damage|p2a: dewey|37\/100\n|-heal|p1a: Volcarona|37\/100 tox|[from] drain|[of] p2a: dewey\n|move|p2a: dewey|Recover|p2a: dewey\n|-heal|p2a: dewey|87\/100\n|\n|-damage|p1a: Volcarona|25\/100 tox|[from] psn\n|upkeep\n|turn|8\n|\n|t:|1700608459\n|move|p1a: Volcarona|Fiery Dance|p2a: dewey\n|-damage|p2a: dewey|51\/100\n|move|p2a: dewey|Recover|p2a: dewey\n|-heal|p2a: dewey|100\/100\n|\n|-damage|p1a: Volcarona|6\/100 tox|[from] psn\n|upkeep\n|turn|9\n|\n|t:|1700608473\n|move|p1a: Volcarona|Fiery Dance|p2a: dewey\n|-damage|p2a: dewey|61\/100\n|-boost|p1a: Volcarona|spa|1\n|move|p2a: dewey|Recover|p2a: dewey\n|-heal|p2a: dewey|100\/100\n|\n|-damage|p1a: Volcarona|0 fnt|[from] psn\n|faint|p1a: Volcarona\n|upkeep\n|\n|t:|1700608477\n|switch|p1a: Iron Valiant|Iron Valiant|100\/100\n|-enditem|p1a: Iron Valiant|Booster Energy\n|-activate|p1a: Iron Valiant|ability: Quark Drive|[fromitem]\n|-start|p1a: Iron Valiant|quarkdrivespe\n|turn|10\n|inactive|kenshiro33 has 120 seconds left.\n|\n|t:|1700608510\n|-terastallize|p2a: dewey|Ghost\n|move|p1a: Iron Valiant|Encore|p2a: dewey\n|-start|p2a: dewey|Encore\n|move|p2a: dewey|Recover||[still]\n|-fail|p2a: dewey|heal\n|\n|upkeep\n|turn|11\n|inactive|kenshiro33 has 120 seconds left.\n|\n|t:|1700608530\n|switch|p2a: omega|Masquerain, F|100\/100\n|-ability|p2a: omega|Intimidate|boost\n|-unboost|p1a: Iron Valiant|atk|1\n|move|p1a: Iron Valiant|Swords Dance|p1a: Iron Valiant\n|-boost|p1a: Iron Valiant|atk|2\n|\n|upkeep\n|turn|12\n|inactive|kenshiro33 has 120 seconds left.\n|\n|t:|1700608553\n|move|p1a: Iron Valiant|Knock Off|p2a: omega\n|-damage|p2a: omega|8\/100\n|-enditem|p2a: omega|Focus Sash|[from] move: Knock Off|[of] p1a: Iron Valiant\n|move|p2a: omega|Sticky Web|p1a: Iron Valiant\n|-sidestart|p1: Wibler.o.|move: Sticky Web\n|\n|upkeep\n|turn|13\n|inactive|kenshiro33 has 90 seconds left.\n|\n|t:|1700608595\n|switch|p2a: zeb|Great Tusk|100\/100\n|move|p1a: Iron Valiant|Knock Off|p2a: zeb\n|-resisted|p2a: zeb\n|-damage|p2a: zeb|83\/100\n|-enditem|p2a: zeb|Heavy-Duty Boots|[from] move: Knock Off|[of] p1a: Iron Valiant\n|\n|upkeep\n|turn|14\n|\n|t:|1700608605\n|move|p1a: Iron Valiant|Swords Dance|p1a: Iron Valiant\n|-boost|p1a: Iron Valiant|atk|2\n|move|p2a: zeb|Earthquake|p1a: Iron Valiant\n|-damage|p1a: Iron Valiant|31\/100\n|\n|upkeep\n|turn|15\n|\n|t:|1700608621\n|-terastallize|p1a: Iron Valiant|Fighting\n|move|p1a: Iron Valiant|Close Combat|p2a: zeb\n|-damage|p2a: zeb|0 fnt\n|-unboost|p1a: Iron Valiant|def|1\n|-unboost|p1a: Iron Valiant|spd|1\n|faint|p2a: zeb\n|-end|p2a: zeb|Protosynthesis|[silent]\n|\n|upkeep\n|inactive|kenshiro33 has 60 seconds left.\n|\n|t:|1700608645\n|switch|p2a: omega|Masquerain, F|8\/100\n|-ability|p2a: omega|Intimidate|boost\n|-unboost|p1a: Iron Valiant|atk|1\n|turn|16\n|inactive|kenshiro33 has 60 seconds left.\n|\n|t:|1700608652\n|move|p2a: omega|Aqua Jet|p1a: Iron Valiant\n|-damage|p1a: Iron Valiant|14\/100\n|move|p1a: Iron Valiant|Knock Off|p2a: omega\n|-damage|p2a: omega|0 fnt\n|faint|p2a: omega\n|\n|upkeep\n|inactive|kenshiro33 has 60 seconds left.\n|\n|t:|1700608665\n|switch|p2a: sigma|Ditto|11\/100\n|-transform|p2a: sigma|p1a: Iron Valiant|[from] ability: Imposter\n|-start|p2a: sigma|typechange|Fairy\/Fighting|[silent]\n|turn|17\n|inactive|kenshiro33 has 60 seconds left.\n|\n|t:|1700608673\n|move|p1a: Iron Valiant|Knock Off|p2a: sigma\n|-resisted|p2a: sigma\n|-damage|p2a: sigma|0 fnt\n|-enditem|p2a: sigma|Choice Scarf|[from] move: Knock Off|[of] p1a: Iron Valiant\n|faint|p2a: sigma\n|-end|p2a: sigma|Quark Drive|[silent]\n|\n|upkeep\n|\n|t:|1700608678\n|switch|p2a: may|Sneasler, F|100\/100\n|turn|18\n|\n|t:|1700608685\n|move|p1a: Iron Valiant|Close Combat|p2a: may\n|-resisted|p2a: may\n|-damage|p2a: may|0 fnt\n|-unboost|p1a: Iron Valiant|def|1\n|-unboost|p1a: Iron Valiant|spd|1\n|faint|p2a: may\n|\n|upkeep\n|inactive|kenshiro33 has 60 seconds left.\n|\n|t:|1700608705\n|switch|p2a: dewey|Porygon2, tera:Ghost|100\/100\n|turn|19\n|inactive|kenshiro33 has 60 seconds left.\n|\n|t:|1700608720\n|move|p1a: Iron Valiant|Knock Off|p2a: dewey\n|-supereffective|p2a: dewey\n|-damage|p2a: dewey|14\/100\n|-enditem|p2a: dewey|Eviolite|[from] move: Knock Off|[of] p1a: Iron Valiant\n|move|p2a: dewey|Shadow Ball|p1a: Iron Valiant\n|-damage|p1a: Iron Valiant|0 fnt\n|faint|p1a: Iron Valiant\n|-end|p1a: Iron Valiant|Quark Drive|[silent]\n|\n|upkeep\n|c|\u2606Wibler.o.|Bro\n|\n|t:|1700608730\n|switch|p1a: Samurott|Samurott-Hisui, F|26\/100\n|-ability|p2a: dewey|Sharpness|[from] ability: Trace|[of] p1a: Samurott\n|-activate|p1a: Samurott|move: Sticky Web\n|-unboost|p1a: Samurott|spe|1\n|turn|20\n|inactive|kenshiro33 has 60 seconds left.\n|\n|t:|1700608756\n|move|p2a: dewey|Discharge|p1a: Samurott\n|-supereffective|p1a: Samurott\n|-damage|p1a: Samurott|0 fnt\n|faint|p1a: Samurott\n|\n|upkeep\n|\n|t:|1700608768\n|switch|p1a: Great Tusk|Great Tusk|100\/100\n|-activate|p1a: Great Tusk|move: Sticky Web\n|-unboost|p1a: Great Tusk|spe|1\n|turn|21\n|\n|t:|1700608791\n|move|p1a: Great Tusk|Headlong Rush|p2a: dewey\n|-damage|p2a: dewey|0 fnt\n|-unboost|p1a: Great Tusk|def|1\n|-unboost|p1a: Great Tusk|spd|1\n|faint|p2a: dewey\n|\n|upkeep\n|\n|t:|1700608795\n|switch|p2a: chibi|Chandelure, M|13\/100\n|turn|22\n|\n|t:|1700608802\n|move|p2a: chibi|Flamethrower|p1a: Great Tusk\n|-damage|p1a: Great Tusk|0 fnt\n|faint|p1a: Great Tusk\n|-end|p1a: Great Tusk|Protosynthesis|[silent]\n|\n|upkeep\n|\n|t:|1700608808\n|switch|p1a: Corviknight|Corviknight, M|100\/100\n|turn|23\n|inactive|kenshiro33 has 60 seconds left.\n|inactive|kenshiro33 has 30 seconds left.\n|\n|t:|1700608851\n|move|p2a: chibi|Overheat|p1a: Corviknight\n|-supereffective|p1a: Corviknight\n|-damage|p1a: Corviknight|0 fnt\n|-unboost|p2a: chibi|spa|2\n|faint|p1a: Corviknight\n|\n|upkeep\n|inactive|kenshiro33 has 30 seconds left this turn.\n|\n|t:|1700608855\n|switch|p1a: Meowscarada|Meowscarada, F|100\/100\n|-activate|p1a: Meowscarada|move: Sticky Web\n|-unboost|p1a: Meowscarada|spe|1\n|turn|24\n|\n|t:|1700608858\n|move|p2a: chibi|Overheat|p1a: Meowscarada\n|-supereffective|p1a: Meowscarada\n|-damage|p1a: Meowscarada|0 fnt\n|-unboost|p2a: chibi|spa|2\n|faint|p1a: Meowscarada\n|\n|win|kenshiro33\n|raw|Wibler.o.'s rating: 1360 &rarr; <strong>1339<\/strong><br \/>(-21 for losing)\n|raw|kenshiro33's rating: 1346 &rarr; <strong>1367<\/strong><br \/>(+21 for winning)\n","uploadtime":1700608862,"views":0,"p1id":"wiblero","p2id":"kenshiro33","formatid":"gen9nationaldex","rating":1339,"private":0,"password":""}