{"id":"gen9nationaldex-1996192626","p1":"Slimie","p2":"JWZ456","format":"[Gen 9] National Dex","log":"|html|<div class=\"broadcast-blue\"><strong>[Gen 9] National Dex is currently suspecting Sneasler! For information on how to participate check out the <a href=\"https:\/\/www.smogon.com\/forums\/threads\/sv-national-dex-suspect-8-just-dance.3731534\/\">suspect thread<\/a>.<\/strong><\/div>\n|j|\u2606Slimie\n|j|\u203dJWZ456\n|t:|1700657406\n|gametype|singles\n|player|p1|Slimie|sabrina|1672\n|player|p2|JWZ456|170|1723\n|teamsize|p1|6\n|teamsize|p2|6\n|gen|9\n|tier|[Gen 9] National Dex\n|rated|\n|rule|HP Percentage Mod: HP is shown in percentages\n|rule|Endless Battle Clause: Forcing endless battles is banned\n|rule|OHKO Clause: OHKO moves are banned\n|rule|Evasion Clause: Evasion abilities, items, and moves are banned\n|rule|Evasion Abilities Clause: Evasion abilities are banned\n|rule|Evasion Items Clause: Evasion items are banned\n|rule|Evasion Moves Clause: Evasion moves are banned\n|rule|Species Clause: Limit one of each Pok\u00e9mon\n|rule|Sleep Clause Mod: Limit one foe put to sleep\n|clearpoke\n|poke|p1|Absol, M|\n|poke|p1|Slowbro, F|\n|poke|p1|Heatran, M|\n|poke|p1|Staraptor, F|\n|poke|p1|Landorus-Therian, M|\n|poke|p1|Tapu Fini|\n|poke|p2|Alomomola, M|\n|poke|p2|Breloom, M|\n|poke|p2|Aegislash, M|\n|poke|p2|Rotom-Heat|\n|poke|p2|Enamorus, F|\n|poke|p2|Tyranitar, M|\n|teampreview\n|j| element order\n|\n|t:|1700657433\n|start\n|switch|p1a: Landorus|Landorus-Therian, M|100\/100\n|switch|p2a: Alomomola|Alomomola, M, shiny|100\/100\n|-ability|p1a: Landorus|Intimidate|boost\n|-unboost|p2a: Alomomola|atk|1\n|turn|1\n|inactive|Battle timer is ON: inactive players will automatically lose when time's up. (requested by JWZ456)\n|\n|t:|1700657441\n|switch|p1a: Tapu Fini|Tapu Fini|100\/100\n|-fieldstart|move: Misty Terrain|[from] ability: Misty Surge|[of] p1a: Tapu Fini\n|move|p2a: Alomomola|Toxic|p1a: Tapu Fini\n|-activate|p1a: Tapu Fini|move: Misty Terrain\n|\n|upkeep\n|turn|2\n|inactive|Slimie has 120 seconds left.\n|\n|t:|1700657496\n|move|p1a: Tapu Fini|Moonblast|p2a: Alomomola\n|-crit|p2a: Alomomola\n|-damage|p2a: Alomomola|42\/100\n|move|p2a: Alomomola|Flip Turn|p1a: Tapu Fini\n|-resisted|p1a: Tapu Fini\n|-damage|p1a: Tapu Fini|96\/100\n|inactive|JWZ456 has 120 seconds left.\n|\n|t:|1700657527\n|switch|p2a: Enamorus|Enamorus, F|100\/100|[from] Flip Turn\n|\n|-heal|p1a: Tapu Fini|100\/100|[from] item: Leftovers\n|upkeep\n|turn|3\n|\n|t:|1700657538\n|move|p2a: Enamorus|Earth Power|p1a: Tapu Fini\n|-damage|p1a: Tapu Fini|65\/100\n|move|p1a: Tapu Fini|Taunt|p2a: Enamorus\n|-start|p2a: Enamorus|move: Taunt\n|\n|-heal|p1a: Tapu Fini|71\/100|[from] item: Leftovers\n|upkeep\n|turn|4\n|inactive|JWZ456 has 120 seconds left.\n|\n|t:|1700657554\n|switch|p2a: Aegislash|Aegislash, M|100\/100\n|switch|p1a: Landorus|Landorus-Therian, M|100\/100\n|-ability|p1a: Landorus|Intimidate|boost\n|-unboost|p2a: Aegislash|atk|1\n|\n|upkeep\n|turn|5\n|\n|t:|1700657563\n|switch|p2a: Alomomola|Alomomola, M, shiny|75\/100\n|move|p1a: Landorus|Stealth Rock|p2a: Alomomola\n|-sidestart|p2: JWZ456|move: Stealth Rock\n|\n|-fieldend|Misty Terrain\n|upkeep\n|turn|6\n|\n|t:|1700657567\n|move|p1a: Landorus|Swords Dance|p1a: Landorus\n|-boost|p1a: Landorus|atk|2\n|move|p2a: Alomomola|Flip Turn|p1a: Landorus\n|-supereffective|p1a: Landorus\n|-damage|p1a: Landorus|59\/100\n|\n|t:|1700657573\n|switch|p2a: Enamorus|Enamorus, F|100\/100|[from] Flip Turn\n|-damage|p2a: Enamorus|76\/100|[from] Stealth Rock\n|\n|upkeep\n|turn|7\n|\n|t:|1700657579\n|move|p2a: Enamorus|Moonblast|p1a: Landorus\n|-damage|p1a: Landorus|0 fnt\n|faint|p1a: Landorus\n|\n|upkeep\n|\n|t:|1700657582\n|switch|p1a: Heatran|Heatran, M|100\/100\n|turn|8\n|\n|t:|1700657586\n|switch|p2a: Rotom|Rotom-Heat|100\/100\n|move|p1a: Heatran|Eruption|p2a: Rotom\n|-resisted|p2a: Rotom\n|-damage|p2a: Rotom|69\/100\n|\n|upkeep\n|turn|9\n|\n|t:|1700657596\n|switch|p1a: Tapu Fini|Tapu Fini|71\/100\n|-fieldstart|move: Misty Terrain|[from] ability: Misty Surge|[of] p1a: Tapu Fini\n|move|p2a: Rotom|Defog|p1a: Tapu Fini\n|-unboost|p1a: Tapu Fini|evasion|1\n|-sideend|p2: JWZ456|Stealth Rock|[from] move: Defog|[of] p2a: Rotom\n|-fieldend|Misty Terrain\n|\n|-heal|p1a: Tapu Fini|77\/100|[from] item: Leftovers\n|upkeep\n|turn|10\n|\n|t:|1700657605\n|switch|p2a: Aegislash|Aegislash, M|100\/100\n|move|p1a: Tapu Fini|Scald|p2a: Aegislash\n|-damage|p2a: Aegislash|86\/100\n|\n|-heal|p1a: Tapu Fini|83\/100|[from] item: Leftovers\n|-heal|p2a: Aegislash|92\/100|[from] item: Leftovers\n|upkeep\n|turn|11\n|\n|t:|1700657632\n|switch|p1a: Staraptor|Staraptor, F|100\/100\n|-formechange|p2a: Aegislash|Aegislash-Blade||[from] ability: Stance Change\n|move|p2a: Aegislash|Iron Head|p1a: Staraptor\n|-damage|p1a: Staraptor|48\/100\n|\n|-heal|p2a: Aegislash|98\/100|[from] item: Leftovers\n|upkeep\n|turn|12\n|\n|t:|1700657640\n|switch|p1a: Slowbro|Slowbro, F|100\/100\n|switch|p2a: Alomomola|Alomomola, M, shiny|100\/100\n|\n|upkeep\n|turn|13\n|\n|t:|1700657650\n|switch|p1a: Tapu Fini|Tapu Fini|83\/100\n|-fieldstart|move: Misty Terrain|[from] ability: Misty Surge|[of] p1a: Tapu Fini\n|move|p2a: Alomomola|Flip Turn|p1a: Tapu Fini\n|-resisted|p1a: Tapu Fini\n|-damage|p1a: Tapu Fini|76\/100\n|\n|t:|1700657654\n|switch|p2a: Breloom|Breloom, M|100\/100|[from] Flip Turn\n|\n|-heal|p1a: Tapu Fini|82\/100|[from] item: Leftovers\n|upkeep\n|turn|14\n|\n|t:|1700657659\n|move|p1a: Tapu Fini|Moonblast|p2a: Breloom\n|-supereffective|p2a: Breloom\n|-enditem|p2a: Breloom|Focus Sash\n|-damage|p2a: Breloom|1\/100\n|move|p2a: Breloom|Bullet Seed|p1a: Tapu Fini\n|-supereffective|p1a: Tapu Fini\n|-damage|p1a: Tapu Fini|46\/100\n|-supereffective|p1a: Tapu Fini\n|-damage|p1a: Tapu Fini|7\/100\n|-supereffective|p1a: Tapu Fini\n|-damage|p1a: Tapu Fini|0 fnt\n|faint|p1a: Tapu Fini\n|-hitcount|p1: Tapu Fini|3\n|\n|upkeep\n|\n|t:|1700657664\n|switch|p1a: Absol|Absol, M|100\/100\n|turn|15\n|\n|t:|1700657671\n|switch|p2a: Alomomola|Alomomola, M, shiny|100\/100\n|detailschange|p1a: Absol|Absol-Mega, M\n|-mega|p1a: Absol|Absol|Absolite\n|move|p1a: Absol|Sucker Punch||[still]\n|-fail|p1a: Absol\n|\n|upkeep\n|turn|16\n|\n|t:|1700657677\n|move|p1a: Absol|Swords Dance|p1a: Absol\n|-boost|p1a: Absol|atk|2\n|move|p2a: Alomomola|Flip Turn|p1a: Absol\n|-damage|p1a: Absol|68\/100\n|c|\u2606Slimie|gg\n|\n|t:|1700657697\n|switch|p2a: Enamorus|Enamorus, F|76\/100|[from] Flip Turn\n|\n|upkeep\n|turn|17\n|\n|t:|1700657704\n|switch|p1a: Heatran|Heatran, M|100\/100\n|switch|p2a: Alomomola|Alomomola, M, shiny|100\/100\n|\n|-fieldend|Misty Terrain\n|upkeep\n|turn|18\n|\n|t:|1700657708\n|move|p1a: Heatran|Eruption|p2a: Alomomola\n|-resisted|p2a: Alomomola\n|-damage|p2a: Alomomola|56\/100\n|move|p2a: Alomomola|Flip Turn|p1a: Heatran\n|-supereffective|p1a: Heatran\n|-damage|p1a: Heatran|65\/100\n|\n|t:|1700657722\n|switch|p2a: Tyranitar|Tyranitar, M|100\/100|[from] Flip Turn\n|-weather|Sandstorm|[from] ability: Sand Stream|[of] p2a: Tyranitar\n|\n|-weather|Sandstorm|[upkeep]\n|upkeep\n|turn|19\n|\n|t:|1700657729\n|switch|p1a: Slowbro|Slowbro, F|100\/100\n|detailschange|p2a: Tyranitar|Tyranitar-Mega, M\n|-mega|p2a: Tyranitar|Tyranitar|Tyranitarite\n|move|p2a: Tyranitar|Stone Edge|p1a: Slowbro\n|-damage|p1a: Slowbro|66\/100\n|\n|-weather|Sandstorm|[upkeep]\n|-damage|p1a: Slowbro|60\/100|[from] Sandstorm\n|upkeep\n|turn|20\n|\n|t:|1700657740\n|move|p2a: Tyranitar|Knock Off|p1a: Slowbro\n|-supereffective|p1a: Slowbro\n|-damage|p1a: Slowbro|0 fnt\n|-damage|p2a: Tyranitar|84\/100|[from] item: Rocky Helmet|[of] p1a: Slowbro\n|-enditem|p1a: Slowbro|Rocky Helmet|[from] move: Knock Off|[of] p2a: Tyranitar\n|faint|p1a: Slowbro\n|\n|-weather|Sandstorm|[upkeep]\n|upkeep\n|\n|t:|1700657742\n|switch|p1a: Absol|Absol-Mega, M|68\/100\n|turn|21\n|l| element order\n|\n|t:|1700657750\n|switch|p2a: Alomomola|Alomomola, M, shiny|90\/100\n|move|p1a: Absol|Swords Dance|p1a: Absol\n|-boost|p1a: Absol|atk|2\n|\n|-weather|Sandstorm|[upkeep]\n|-damage|p1a: Absol|62\/100|[from] Sandstorm\n|-damage|p2a: Alomomola|83\/100|[from] Sandstorm\n|upkeep\n|turn|22\n|\n|t:|1700657760\n|move|p1a: Absol|Swords Dance|p1a: Absol\n|-boost|p1a: Absol|atk|2\n|move|p2a: Alomomola|Flip Turn|p1a: Absol\n|-damage|p1a: Absol|33\/100\n|\n|t:|1700657764\n|switch|p2a: Enamorus|Enamorus, F|76\/100|[from] Flip Turn\n|\n|-weather|none\n|upkeep\n|turn|23\n|\n|t:|1700657767\n|move|p1a: Absol|Knock Off|p2a: Enamorus\n|-resisted|p2a: Enamorus\n|-damage|p2a: Enamorus|0 fnt\n|-enditem|p2a: Enamorus|Choice Specs|[from] move: Knock Off|[of] p1a: Absol\n|faint|p2a: Enamorus\n|\n|upkeep\n|\n|t:|1700657772\n|switch|p2a: Alomomola|Alomomola, M, shiny|100\/100\n|turn|24\n|\n|t:|1700657775\n|move|p1a: Absol|Knock Off|p2a: Alomomola\n|-damage|p2a: Alomomola|17\/100\n|-damage|p1a: Absol|16\/100|[from] item: Rocky Helmet|[of] p2a: Alomomola\n|-enditem|p2a: Alomomola|Rocky Helmet|[from] move: Knock Off|[of] p1a: Absol\n|move|p2a: Alomomola|Wish|p2a: Alomomola\n|\n|upkeep\n|turn|25\n|j| xuxiansheng\n|\n|t:|1700657784\n|move|p2a: Alomomola|Protect|p2a: Alomomola\n|-singleturn|p2a: Alomomola|Protect\n|move|p1a: Absol|Knock Off|p2a: Alomomola\n|-activate|p2a: Alomomola|move: Protect\n|\n|-heal|p2a: Alomomola|67\/100|[from] move: Wish|[wisher] Alomomola\n|upkeep\n|turn|26\n|\n|t:|1700657788\n|move|p1a: Absol|Knock Off|p2a: Alomomola\n|-damage|p2a: Alomomola|8\/100\n|move|p2a: Alomomola|Flip Turn|p1a: Absol\n|-damage|p1a: Absol|0 fnt\n|faint|p1a: Absol\n|\n|t:|1700657806\n|switch|p2a: Rotom|Rotom-Heat|69\/100|[from] Flip Turn\n|\n|upkeep\n|\n|t:|1700657808\n|switch|p1a: Staraptor|Staraptor, F|48\/100\n|turn|27\n|\n|t:|1700657812\n|move|p1a: Staraptor|Double-Edge|p2a: Rotom\n|-damage|p2a: Rotom|0 fnt\n|faint|p2a: Rotom\n|-damage|p1a: Staraptor|26\/100|[from] Recoil\n|\n|upkeep\n|\n|t:|1700657821\n|switch|p2a: Aegislash|Aegislash, M|98\/100\n|turn|28\n|\n|t:|1700657826\n|switch|p1a: Heatran|Heatran, M|65\/100\n|move|p2a: Aegislash|Substitute|p2a: Aegislash\n|-start|p2a: Aegislash|Substitute\n|-damage|p2a: Aegislash|73\/100\n|\n|-heal|p2a: Aegislash|79\/100|[from] item: Leftovers\n|upkeep\n|turn|29\n|\n|t:|1700657837\n|-terastallize|p1a: Heatran|Flying\n|move|p1a: Heatran|Earth Power|p2a: Aegislash\n|-supereffective|p2a: Aegislash\n|-end|p2a: Aegislash|Substitute\n|-formechange|p2a: Aegislash|Aegislash-Blade||[from] ability: Stance Change\n|move|p2a: Aegislash|Shadow Ball|p1a: Heatran\n|-damage|p1a: Heatran|31\/100\n|\n|-heal|p2a: Aegislash|86\/100|[from] item: Leftovers\n|upkeep\n|turn|30\n|\n|t:|1700657851\n|-formechange|p2a: Aegislash|Aegislash||[from] ability: Stance Change\n|move|p2a: Aegislash|King's Shield|p2a: Aegislash\n|-singleturn|p2a: Aegislash|Protect\n|move|p1a: Heatran|Earth Power|p2a: Aegislash\n|-activate|p2a: Aegislash|move: Protect\n|\n|-heal|p2a: Aegislash|92\/100|[from] item: Leftovers\n|upkeep\n|turn|31\n|-message|Slimie forfeited.\n|\n|win|JWZ456\n|raw|Slimie's rating: 1672 &rarr; <strong>1655<\/strong><br \/>(-17 for losing)\n|raw|JWZ456's rating: 1723 &rarr; <strong>1740<\/strong><br \/>(+17 for winning)\n","uploadtime":1700657908,"views":0,"p1id":"slimie","p2id":"jwz456","formatid":"gen9nationaldex","rating":1655,"private":0,"password":""}