{"id":"gen9nationaldex-1998720156","p1":"Greedy Monarch","p2":"leeshmow","format":"[Gen 9] National Dex","log":"|html|<div class=\"broadcast-blue\"><strong>[Gen 9] National Dex is currently suspecting Sneasler! For information on how to participate check out the <a href=\"https:\/\/www.smogon.com\/forums\/threads\/sv-national-dex-suspect-8-just-dance.3731534\/\">suspect thread<\/a>.<\/strong><\/div>\n|j|\u2606Greedy Monarch\n|j|\u2606leeshmow\n|t:|1700977574\n|gametype|singles\n|player|p1|Greedy Monarch|265|1126\n|player|p2|leeshmow|170|1142\n|teamsize|p1|6\n|teamsize|p2|6\n|gen|9\n|tier|[Gen 9] National Dex\n|rated|\n|rule|HP Percentage Mod: HP is shown in percentages\n|rule|Endless Battle Clause: Forcing endless battles is banned\n|rule|OHKO Clause: OHKO moves are banned\n|rule|Evasion Clause: Evasion abilities, items, and moves are banned\n|rule|Evasion Abilities Clause: Evasion abilities are banned\n|rule|Evasion Items Clause: Evasion items are banned\n|rule|Evasion Moves Clause: Evasion moves are banned\n|rule|Species Clause: Limit one of each Pok\u00e9mon\n|rule|Sleep Clause Mod: Limit one foe put to sleep\n|clearpoke\n|poke|p1|Kleavor, M|\n|poke|p1|Scolipede, M|\n|poke|p1|Scizor, M|\n|poke|p1|Volcarona, F|\n|poke|p1|Buzzwole|\n|poke|p1|Vikavolt, M|\n|poke|p2|Hippowdon, M|\n|poke|p2|Tyranitar, F|\n|poke|p2|Stoutland, M|\n|poke|p2|Alakazam, F|\n|poke|p2|Gliscor, F|\n|poke|p2|Ferrothorn, F|\n|teampreview\n|\n|t:|1700977595\n|start\n|switch|p1a: West-Nile|Buzzwole|100\/100\n|switch|p2a: Gliscor|Gliscor, F|100\/100\n|turn|1\n|inactive|Battle timer is ON: inactive players will automatically lose when time's up. (requested by leeshmow)\n|\n|t:|1700977600\n|move|p2a: Gliscor|Stealth Rock|p1a: West-Nile\n|-sidestart|p1: Greedy Monarch|move: Stealth Rock\n|move|p1a: West-Nile|Ice Punch|p2a: Gliscor\n|-supereffective|p2a: Gliscor\n|-damage|p2a: Gliscor|13\/100\n|\n|-status|p2a: Gliscor|tox|[from] item: Toxic Orb\n|upkeep\n|turn|2\n|\n|t:|1700977609\n|switch|p2a: Ferrothorn|Ferrothorn, F|100\/100\n|move|p1a: West-Nile|Power-Up Punch|p2a: Ferrothorn\n|-supereffective|p2a: Ferrothorn\n|-damage|p2a: Ferrothorn|69\/100\n|-boost|p1a: West-Nile|atk|1\n|\n|upkeep\n|turn|3\n|\n|t:|1700977618\n|move|p1a: West-Nile|Drain Punch|p2a: Ferrothorn\n|-supereffective|p2a: Ferrothorn\n|-damage|p2a: Ferrothorn|0 fnt\n|faint|p2a: Ferrothorn\n|-ability|p1a: West-Nile|Beast Boost|boost\n|-boost|p1a: West-Nile|atk|1\n|\n|upkeep\n|\n|t:|1700977624\n|switch|p2a: Hippowdon|Hippowdon, M|100\/100\n|-weather|Sandstorm|[from] ability: Sand Stream|[of] p2a: Hippowdon\n|turn|4\n|\n|t:|1700977628\n|move|p1a: West-Nile|Ice Punch|p2a: Hippowdon\n|-supereffective|p2a: Hippowdon\n|-damage|p2a: Hippowdon|37\/100\n|move|p2a: Hippowdon|Toxic|p1a: West-Nile\n|-status|p1a: West-Nile|tox\n|\n|-weather|Sandstorm|[upkeep]\n|-damage|p1a: West-Nile|94\/100 tox|[from] Sandstorm\n|-heal|p2a: Hippowdon|43\/100|[from] item: Leftovers\n|-damage|p1a: West-Nile|88\/100 tox|[from] psn\n|upkeep\n|turn|5\n|\n|t:|1700977638\n|move|p2a: Hippowdon|Protect|p2a: Hippowdon\n|-singleturn|p2a: Hippowdon|Protect\n|move|p1a: West-Nile|Ice Punch|p2a: Hippowdon\n|-activate|p2a: Hippowdon|move: Protect\n|\n|-weather|Sandstorm|[upkeep]\n|-damage|p1a: West-Nile|82\/100 tox|[from] Sandstorm\n|-heal|p2a: Hippowdon|49\/100|[from] item: Leftovers\n|-damage|p1a: West-Nile|70\/100 tox|[from] psn\n|upkeep\n|turn|6\n|\n|t:|1700977644\n|move|p1a: West-Nile|Ice Punch|p2a: Hippowdon\n|-supereffective|p2a: Hippowdon\n|-damage|p2a: Hippowdon|0 fnt\n|faint|p2a: Hippowdon\n|-ability|p1a: West-Nile|Beast Boost|boost\n|-boost|p1a: West-Nile|atk|1\n|\n|-weather|Sandstorm|[upkeep]\n|-damage|p1a: West-Nile|63\/100 tox|[from] Sandstorm\n|-damage|p1a: West-Nile|45\/100 tox|[from] psn\n|upkeep\n|\n|t:|1700977650\n|switch|p2a: Stoutland|Stoutland, M|100\/100\n|turn|7\n|\n|t:|1700977652\n|move|p2a: Stoutland|Return|p1a: West-Nile\n|-damage|p1a: West-Nile|16\/100 tox\n|move|p1a: West-Nile|Drain Punch|p2a: Stoutland\n|-supereffective|p2a: Stoutland\n|-damage|p2a: Stoutland|0 fnt\n|-heal|p1a: West-Nile|60\/100 tox|[from] drain|[of] p2a: Stoutland\n|faint|p2a: Stoutland\n|-ability|p1a: West-Nile|Beast Boost|boost\n|-boost|p1a: West-Nile|atk|1\n|\n|-weather|Sandstorm|[upkeep]\n|-damage|p1a: West-Nile|54\/100 tox|[from] Sandstorm\n|-damage|p1a: West-Nile|29\/100 tox|[from] psn\n|upkeep\n|\n|t:|1700977659\n|switch|p2a: Alakazam|Alakazam, F|100\/100\n|turn|8\n|inactive|Greedy Monarch has 120 seconds left.\n|\n|t:|1700977690\n|move|p2a: Alakazam|Psychic|p1a: West-Nile\n|-supereffective|p1a: West-Nile\n|-damage|p1a: West-Nile|0 fnt\n|faint|p1a: West-Nile\n|\n|-weather|none\n|upkeep\n|\n|t:|1700977693\n|switch|p1a: Sector|Scizor, M|100\/100\n|-damage|p1a: Sector|88\/100|[from] Stealth Rock\n|turn|9\n|\n|t:|1700977701\n|switch|p2a: Gliscor|Gliscor, F|13\/100 tox\n|move|p1a: Sector|Defog|p2a: Gliscor\n|-unboost|p2a: Gliscor|evasion|1\n|-sideend|p1: Greedy Monarch|Stealth Rock|[from] move: Defog|[of] p1a: Sector\n|\n|-heal|p2a: Gliscor|26\/100 tox|[from] ability: Poison Heal\n|upkeep\n|turn|10\n|\n|t:|1700977707\n|-terastallize|p1a: Sector|Steel\n|move|p1a: Sector|Bullet Punch|p2a: Gliscor\n|-damage|p2a: Gliscor|0 fnt\n|faint|p2a: Gliscor\n|\n|upkeep\n|\n|t:|1700977714\n|switch|p2a: Tyranitar|Tyranitar, F|100\/100\n|-weather|Sandstorm|[from] ability: Sand Stream|[of] p2a: Tyranitar\n|turn|11\n|\n|t:|1700977717\n|detailschange|p2a: Tyranitar|Tyranitar-Mega, F\n|-mega|p2a: Tyranitar|Tyranitar|Tyranitarite\n|move|p1a: Sector|Bullet Punch|p2a: Tyranitar\n|-supereffective|p2a: Tyranitar\n|-damage|p2a: Tyranitar|35\/100\n|move|p2a: Tyranitar|Fire Punch|p1a: Sector\n|-supereffective|p1a: Sector\n|-damage|p1a: Sector|15\/100\n|-status|p1a: Sector|brn\n|\n|-weather|Sandstorm|[upkeep]\n|-damage|p1a: Sector|9\/100 brn|[from] brn\n|upkeep\n|turn|12\n|\n|t:|1700977727\n|move|p1a: Sector|Bullet Punch|p2a: Tyranitar\n|-supereffective|p2a: Tyranitar\n|-damage|p2a: Tyranitar|0 fnt\n|faint|p2a: Tyranitar\n|\n|-weather|Sandstorm|[upkeep]\n|-damage|p1a: Sector|3\/100 brn|[from] brn\n|upkeep\n|\n|t:|1700977730\n|switch|p2a: Alakazam|Alakazam, F|100\/100\n|turn|13\n|\n|t:|1700977735\n|-terastallize|p2a: Alakazam|Psychic\n|move|p1a: Sector|Bullet Punch|p2a: Alakazam\n|-damage|p2a: Alakazam|40\/100\n|move|p2a: Alakazam|Psychic|p1a: Sector\n|-resisted|p1a: Sector\n|-damage|p1a: Sector|0 fnt\n|faint|p1a: Sector\n|\n|-weather|Sandstorm|[upkeep]\n|upkeep\n|\n|t:|1700977743\n|switch|p1a: Power-Trip|Vikavolt, M|100\/100\n|turn|14\n|\n|t:|1700977746\n|move|p2a: Alakazam|Psychic|p1a: Power-Trip\n|-damage|p1a: Power-Trip|24\/100\n|move|p1a: Power-Trip|Bug Buzz|p2a: Alakazam\n|-supereffective|p2a: Alakazam\n|-damage|p2a: Alakazam|0 fnt\n|faint|p2a: Alakazam\n|\n|win|Greedy Monarch\n|raw|Greedy Monarch's rating: 1126 &rarr; <strong>1152<\/strong><br \/>(+26 for winning)\n|raw|leeshmow's rating: 1142 &rarr; <strong>1116<\/strong><br \/>(-26 for losing)\n|l|\u2606leeshmow\n|c|\u2606Greedy Monarch|Gg\n","uploadtime":1700977761,"views":2,"p1id":"greedymonarch","p2id":"leeshmow","formatid":"gen9nationaldex","rating":1116,"private":0,"password":""}