{"id":"gen9nationaldex-1995867848","p1":"susu uwu==-","p2":"Elite R2Dnl","format":"[Gen 9] National Dex","log":"|html|<div class=\"broadcast-blue\"><strong>[Gen 9] National Dex is currently suspecting Sneasler! For information on how to participate check out the <a href=\"https:\/\/www.smogon.com\/forums\/threads\/sv-national-dex-suspect-8-just-dance.3731534\/\">suspect thread<\/a>.<\/strong><\/div>\n|j|\u2606susu uwu==-\n|j|\u2606Elite R2Dnl\n|t:|1700611498\n|gametype|singles\n|player|p1|susu uwu==-|volkner|1203\n|player|p2|Elite R2Dnl|kimonogirl|1280\n|teamsize|p1|6\n|teamsize|p2|6\n|gen|9\n|tier|[Gen 9] National Dex\n|rated|\n|rule|HP Percentage Mod: HP is shown in percentages\n|rule|Endless Battle Clause: Forcing endless battles is banned\n|rule|OHKO Clause: OHKO moves are banned\n|rule|Evasion Clause: Evasion abilities, items, and moves are banned\n|rule|Evasion Abilities Clause: Evasion abilities are banned\n|rule|Evasion Items Clause: Evasion items are banned\n|rule|Evasion Moves Clause: Evasion moves are banned\n|rule|Species Clause: Limit one of each Pok\u00e9mon\n|rule|Sleep Clause Mod: Limit one foe put to sleep\n|clearpoke\n|poke|p1|Lopunny, F|\n|poke|p1|Aegislash, M|\n|poke|p1|Enamorus, F|\n|poke|p1|Alomomola, F|\n|poke|p1|Cinderace, M|\n|poke|p1|Rillaboom, F|\n|poke|p2|Garchomp, M|\n|poke|p2|Scizor, M|\n|poke|p2|Zapdos|\n|poke|p2|Rotom-Wash|\n|poke|p2|Greninja-*, M|\n|poke|p2|Landorus-Therian, M|\n|teampreview\n|inactive|Battle timer is ON: inactive players will automatically lose when time's up. (requested by Elite R2Dnl)\n|\n|t:|1700611521\n|start\n|switch|p1a: Aegislash|Aegislash, M|100\/100\n|switch|p2a: Torrent|Rotom-Wash|100\/100\n|turn|1\n|\n|t:|1700611529\n|move|p1a: Aegislash|King's Shield|p1a: Aegislash\n|-singleturn|p1a: Aegislash|Protect\n|move|p2a: Torrent|Volt Switch|p1a: Aegislash\n|-activate|p1a: Aegislash|move: Protect\n|\n|upkeep\n|turn|2\n|\n|t:|1700611542\n|move|p2a: Torrent|Volt Switch|p1a: Aegislash\n|-damage|p1a: Aegislash|85\/100\n|\n|t:|1700611546\n|switch|p2a: Finch|Landorus-Therian, M|100\/100|[from] Volt Switch\n|-ability|p2a: Finch|Intimidate|boost\n|-unboost|p1a: Aegislash|atk|1\n|move|p1a: Aegislash|Substitute|p1a: Aegislash\n|-start|p1a: Aegislash|Substitute\n|-damage|p1a: Aegislash|61\/100\n|\n|-heal|p1a: Aegislash|67\/100|[from] item: Leftovers\n|upkeep\n|turn|3\n|\n|t:|1700611556\n|move|p1a: Aegislash|King's Shield|p1a: Aegislash\n|-singleturn|p1a: Aegislash|Protect\n|move|p2a: Finch|Earthquake|p1a: Aegislash\n|-activate|p1a: Aegislash|move: Protect\n|\n|-heal|p1a: Aegislash|73\/100|[from] item: Leftovers\n|upkeep\n|turn|4\n|\n|t:|1700611561\n|move|p2a: Finch|Earthquake|p1a: Aegislash\n|-supereffective|p1a: Aegislash\n|-end|p1a: Aegislash|Substitute\n|move|p1a: Aegislash|Toxic|p2a: Finch\n|-status|p2a: Finch|tox\n|\n|-heal|p1a: Aegislash|79\/100|[from] item: Leftovers\n|-damage|p2a: Finch|95\/100 tox|[from] psn\n|upkeep\n|turn|5\n|\n|t:|1700611566\n|move|p1a: Aegislash|King's Shield|p1a: Aegislash\n|-singleturn|p1a: Aegislash|Protect\n|move|p2a: Finch|Earthquake|p1a: Aegislash\n|-activate|p1a: Aegislash|move: Protect\n|\n|-heal|p1a: Aegislash|85\/100|[from] item: Leftovers\n|-damage|p2a: Finch|83\/100 tox|[from] psn\n|upkeep\n|turn|6\n|\n|t:|1700611571\n|switch|p1a: Enamorus|Enamorus, F|100\/100\n|move|p2a: Finch|Earthquake|p1a: Enamorus\n|-immune|p1a: Enamorus\n|\n|-damage|p2a: Finch|65\/100 tox|[from] psn\n|upkeep\n|turn|7\n|\n|t:|1700611584\n|switch|p2a: Clhodowech|Zapdos|100\/100\n|move|p1a: Enamorus|Mystical Fire|p2a: Clhodowech\n|-damage|p2a: Clhodowech|68\/100\n|-unboost|p2a: Clhodowech|spa|1\n|\n|upkeep\n|turn|8\n|\n|t:|1700611598\n|switch|p1a: Aegislash|Aegislash, M|85\/100\n|move|p2a: Clhodowech|Thunderbolt|p1a: Aegislash\n|-damage|p1a: Aegislash|69\/100\n|\n|-heal|p1a: Aegislash|75\/100|[from] item: Leftovers\n|upkeep\n|turn|9\n|\n|t:|1700611604\n|move|p2a: Clhodowech|Heat Wave|p1a: Aegislash\n|-supereffective|p1a: Aegislash\n|-damage|p1a: Aegislash|48\/100\n|move|p1a: Aegislash|Toxic|p2a: Clhodowech\n|-status|p2a: Clhodowech|tox\n|\n|-heal|p1a: Aegislash|54\/100|[from] item: Leftovers\n|-damage|p2a: Clhodowech|62\/100 tox|[from] psn\n|upkeep\n|turn|10\n|inactive|Elite R2Dnl has 120 seconds left.\n|\n|t:|1700611639\n|switch|p2a: Edward|Scizor, M|100\/100\n|-formechange|p1a: Aegislash|Aegislash-Blade||[from] ability: Stance Change\n|move|p1a: Aegislash|Shadow Ball|p2a: Edward\n|-damage|p2a: Edward|56\/100\n|\n|-heal|p1a: Aegislash|60\/100|[from] item: Leftovers\n|upkeep\n|turn|11\n|\n|t:|1700611649\n|detailschange|p2a: Edward|Scizor-Mega, M\n|-mega|p2a: Edward|Scizor|Scizorite\n|move|p2a: Edward|Knock Off|p1a: Aegislash\n|-supereffective|p1a: Aegislash\n|-damage|p1a: Aegislash|0 fnt\n|-enditem|p1a: Aegislash|Leftovers|[from] move: Knock Off|[of] p2a: Edward\n|faint|p1a: Aegislash\n|\n|upkeep\n|\n|t:|1700611654\n|switch|p1a: Cinderace|Cinderace, M|100\/100\n|turn|12\n|\n|t:|1700611660\n|switch|p2a: Torrent|Rotom-Wash|100\/100\n|move|p1a: Cinderace|Will-O-Wisp|p2a: Torrent\n|-status|p2a: Torrent|brn\n|\n|-damage|p2a: Torrent|94\/100 brn|[from] brn\n|upkeep\n|turn|13\n|\n|t:|1700611667\n|switch|p1a: Rillaboom|Rillaboom, F|100\/100\n|-fieldstart|move: Grassy Terrain|[from] ability: Grassy Surge|[of] p1a: Rillaboom\n|move|p2a: Torrent|Hydro Pump|p1a: Rillaboom|[miss]\n|-miss|p2a: Torrent|p1a: Rillaboom\n|\n|-heal|p2a: Torrent|100\/100 brn|[from] item: Leftovers\n|-damage|p2a: Torrent|94\/100 brn|[from] brn\n|upkeep\n|turn|14\n|\n|t:|1700611682\n|switch|p2a: Edward|Scizor-Mega, M|56\/100\n|move|p1a: Rillaboom|U-turn|p2a: Edward\n|-resisted|p2a: Edward\n|-damage|p2a: Edward|44\/100\n|\n|t:|1700611689\n|switch|p1a: Cinderace|Cinderace, M|100\/100|[from] U-turn\n|\n|-heal|p2a: Edward|50\/100|[from] Grassy Terrain\n|upkeep\n|turn|15\n|\n|t:|1700611707\n|switch|p2a: Torrent|Rotom-Wash|94\/100 brn\n|move|p1a: Cinderace|U-turn|p2a: Torrent\n|-start|p1a: Cinderace|typechange|Bug|[from] ability: Libero\n|-damage|p2a: Torrent|67\/100 brn\n|\n|t:|1700611710\n|switch|p1a: Rillaboom|Rillaboom, F|100\/100|[from] U-turn\n|\n|-heal|p2a: Torrent|74\/100 brn|[from] item: Leftovers\n|-damage|p2a: Torrent|67\/100 brn|[from] brn\n|upkeep\n|turn|16\n|\n|t:|1700611726\n|move|p1a: Rillaboom|Knock Off|p2a: Torrent\n|-damage|p2a: Torrent|31\/100 brn\n|-enditem|p2a: Torrent|Leftovers|[from] move: Knock Off|[of] p1a: Rillaboom\n|move|p2a: Torrent|Volt Switch|p1a: Rillaboom\n|-resisted|p1a: Rillaboom\n|-damage|p1a: Rillaboom|84\/100\n|\n|t:|1700611751\n|switch|p2a: Edward|Scizor-Mega, M|50\/100|[from] Volt Switch\n|\n|-heal|p1a: Rillaboom|90\/100|[from] Grassy Terrain\n|-heal|p2a: Edward|56\/100|[from] Grassy Terrain\n|upkeep\n|turn|17\n|\n|t:|1700611758\n|switch|p1a: Alomomola|Alomomola, F|100\/100\n|move|p2a: Edward|U-turn|p1a: Alomomola\n|-damage|p1a: Alomomola|79\/100\n|\n|t:|1700611768\n|switch|p2a: Clhodowech|Zapdos|62\/100 tox|[from] U-turn\n|\n|-heal|p1a: Alomomola|85\/100|[from] Grassy Terrain\n|-heal|p1a: Alomomola|92\/100|[from] item: Leftovers\n|-damage|p2a: Clhodowech|55\/100 tox|[from] psn\n|-fieldend|move: Grassy Terrain\n|upkeep\n|turn|18\n|\n|t:|1700611777\n|move|p1a: Alomomola|Protect|p1a: Alomomola\n|-singleturn|p1a: Alomomola|Protect\n|move|p2a: Clhodowech|Thunderbolt|p1a: Alomomola\n|-activate|p1a: Alomomola|move: Protect\n|\n|-heal|p1a: Alomomola|98\/100|[from] item: Leftovers\n|-damage|p2a: Clhodowech|43\/100 tox|[from] psn\n|upkeep\n|turn|19\n|\n|t:|1700611805\n|-terastallize|p1a: Alomomola|Ghost\n|move|p2a: Clhodowech|Thunderbolt|p1a: Alomomola\n|-crit|p1a: Alomomola\n|-damage|p1a: Alomomola|11\/100\n|move|p1a: Alomomola|Flip Turn|p2a: Clhodowech\n|-damage|p2a: Clhodowech|21\/100 tox\n|\n|t:|1700611819\n|switch|p1a: Rillaboom|Rillaboom, F|90\/100|[from] Flip Turn\n|-fieldstart|move: Grassy Terrain|[from] ability: Grassy Surge|[of] p1a: Rillaboom\n|\n|-heal|p1a: Rillaboom|96\/100|[from] Grassy Terrain\n|-damage|p2a: Clhodowech|2\/100 tox|[from] psn\n|upkeep\n|turn|20\n|\n|t:|1700611827\n|move|p1a: Rillaboom|Grassy Glide|p2a: Clhodowech\n|-resisted|p2a: Clhodowech\n|-damage|p2a: Clhodowech|0 fnt\n|faint|p2a: Clhodowech\n|\n|-heal|p1a: Rillaboom|100\/100|[from] Grassy Terrain\n|upkeep\n|inactive|Elite R2Dnl has 120 seconds left.\n|\n|t:|1700611866\n|switch|p2a: Edward|Scizor-Mega, M|56\/100\n|turn|21\n|\n|t:|1700611877\n|switch|p1a: Cinderace|Cinderace, M|100\/100\n|move|p2a: Edward|Knock Off|p1a: Cinderace\n|-damage|p1a: Cinderace|52\/100\n|-enditem|p1a: Cinderace|Heavy-Duty Boots|[from] move: Knock Off|[of] p2a: Edward\n|\n|-heal|p1a: Cinderace|58\/100|[from] Grassy Terrain\n|-heal|p2a: Edward|62\/100|[from] Grassy Terrain\n|upkeep\n|turn|22\n|\n|t:|1700611900\n|switch|p2a: Finch|Landorus-Therian, M|65\/100 tox\n|-ability|p2a: Finch|Intimidate|boost\n|-unboost|p1a: Cinderace|atk|1\n|move|p1a: Cinderace|U-turn|p2a: Finch\n|-start|p1a: Cinderace|typechange|Bug|[from] ability: Libero\n|-resisted|p2a: Finch\n|-damage|p2a: Finch|52\/100 tox\n|-damage|p1a: Cinderace|41\/100|[from] item: Rocky Helmet|[of] p2a: Finch\n|\n|t:|1700611903\n|switch|p1a: Enamorus|Enamorus, F|100\/100|[from] U-turn\n|\n|-damage|p2a: Finch|46\/100 tox|[from] psn\n|upkeep\n|turn|23\n|\n|t:|1700611924\n|move|p1a: Enamorus|Moonblast|p2a: Finch\n|-damage|p2a: Finch|0 fnt\n|faint|p2a: Finch\n|\n|-fieldend|move: Grassy Terrain\n|upkeep\n|inactive|Elite R2Dnl has 90 seconds left.\n|\n|t:|1700611936\n|switch|p2a: Kakashi|Greninja, M|100\/100\n|turn|24\n|\n|t:|1700611946\n|switch|p1a: Alomomola|Alomomola, F, tera:Ghost|44\/100\n|-zpower|p2a: Kakashi\n|move|p2a: Kakashi|Hydro Vortex|p1a: Alomomola|[zeffect]\n|-damage|p1a: Alomomola|0 fnt\n|faint|p1a: Alomomola\n|-ability|p2a: Kakashi|Battle Bond|boost\n|-boost|p2a: Kakashi|atk|1\n|-boost|p2a: Kakashi|spa|1\n|-boost|p2a: Kakashi|spe|1\n|-activate|p2a: Kakashi|ability: Battle Bond\n|\n|upkeep\n|\n|t:|1700611953\n|switch|p1a: Rillaboom|Rillaboom, F|100\/100\n|-fieldstart|move: Grassy Terrain|[from] ability: Grassy Surge|[of] p1a: Rillaboom\n|turn|25\n|\n|t:|1700611968\n|move|p1a: Rillaboom|Grassy Glide|p2a: Kakashi\n|-supereffective|p2a: Kakashi\n|-damage|p2a: Kakashi|0 fnt\n|faint|p2a: Kakashi\n|\n|upkeep\n|inactive|Elite R2Dnl has 90 seconds left.\n|\n|t:|1700611993\n|switch|p2a: Edward|Scizor-Mega, M|62\/100\n|turn|26\n|\n|t:|1700611996\n|move|p1a: Rillaboom|Grassy Glide|p2a: Edward\n|-resisted|p2a: Edward\n|-damage|p2a: Edward|53\/100\n|move|p2a: Edward|Aerial Ace|p1a: Rillaboom\n|-supereffective|p1a: Rillaboom\n|-damage|p1a: Rillaboom|21\/100\n|\n|-heal|p1a: Rillaboom|27\/100|[from] Grassy Terrain\n|-heal|p2a: Edward|59\/100|[from] Grassy Terrain\n|upkeep\n|turn|27\n|inactive|Elite R2Dnl has 90 seconds left.\n|\n|t:|1700612008\n|switch|p1a: Enamorus|Enamorus, F|100\/100\n|move|p2a: Edward|Knock Off|p1a: Enamorus\n|-resisted|p1a: Enamorus\n|-damage|p1a: Enamorus|69\/100\n|-enditem|p1a: Enamorus|Choice Specs|[from] move: Knock Off|[of] p2a: Edward\n|\n|-heal|p2a: Edward|65\/100|[from] Grassy Terrain\n|upkeep\n|turn|28\n|\n|t:|1700612027\n|switch|p1a: Lopunny|Lopunny, F|100\/100\n|move|p2a: Edward|Bullet Punch|p1a: Lopunny\n|-damage|p1a: Lopunny|54\/100\n|\n|-heal|p1a: Lopunny|60\/100|[from] Grassy Terrain\n|-heal|p2a: Edward|71\/100|[from] Grassy Terrain\n|upkeep\n|turn|29\n|inactive|Elite R2Dnl has 90 seconds left.\n|\n|t:|1700612050\n|detailschange|p1a: Lopunny|Lopunny-Mega, F\n|-mega|p1a: Lopunny|Lopunny|Lopunnite\n|move|p1a: Lopunny|High Jump Kick|p2a: Edward\n|-damage|p2a: Edward|26\/100\n|move|p2a: Edward|Aerial Ace|p1a: Lopunny\n|-supereffective|p1a: Lopunny\n|-damage|p1a: Lopunny|0 fnt\n|faint|p1a: Lopunny\n|\n|-heal|p2a: Edward|32\/100|[from] Grassy Terrain\n|-fieldend|move: Grassy Terrain\n|upkeep\n|\n|t:|1700612057\n|switch|p1a: Cinderace|Cinderace, M|41\/100\n|turn|30\n|\n|t:|1700612063\n|switch|p2a: Torrent|Rotom-Wash|31\/100 brn\n|move|p1a: Cinderace|U-turn|p2a: Torrent\n|-start|p1a: Cinderace|typechange|Bug|[from] ability: Libero\n|-damage|p2a: Torrent|6\/100 brn\n|\n|t:|1700612068\n|switch|p1a: Enamorus|Enamorus, F|69\/100|[from] U-turn\n|\n|-damage|p2a: Torrent|0 fnt|[from] brn\n|faint|p2a: Torrent\n|upkeep\n|\n|t:|1700612085\n|switch|p2a: Edward|Scizor-Mega, M|32\/100\n|turn|31\n|\n|t:|1700612093\n|move|p2a: Edward|Bullet Punch|p1a: Enamorus\n|-supereffective|p1a: Enamorus\n|-damage|p1a: Enamorus|0 fnt\n|faint|p1a: Enamorus\n|\n|upkeep\n|\n|t:|1700612095\n|switch|p1a: Cinderace|Cinderace, M|41\/100\n|turn|32\n|\n|t:|1700612106\n|move|p2a: Edward|Bullet Punch|p1a: Cinderace\n|-resisted|p1a: Cinderace\n|-damage|p1a: Cinderace|16\/100\n|move|p1a: Cinderace|Will-O-Wisp|p2a: Edward\n|-status|p2a: Edward|brn\n|\n|-damage|p2a: Edward|26\/100 brn|[from] brn\n|upkeep\n|turn|33\n|\n|t:|1700612112\n|move|p1a: Cinderace|Pyro Ball|p2a: Edward\n|-supereffective|p2a: Edward\n|-damage|p2a: Edward|0 fnt\n|faint|p2a: Edward\n|\n|upkeep\n|\n|t:|1700612115\n|switch|p2a: Glaurung|Garchomp, M|100\/100\n|turn|34\n|inactive|Elite R2Dnl has 120 seconds left.\n|\n|t:|1700612124\n|-terastallize|p2a: Glaurung|Fire\n|move|p1a: Cinderace|Will-O-Wisp|p2a: Glaurung\n|-immune|p2a: Glaurung\n|move|p2a: Glaurung|Swords Dance|p2a: Glaurung\n|-boost|p2a: Glaurung|atk|2\n|\n|upkeep\n|turn|35\n|\n|t:|1700612132\n|move|p1a: Cinderace|Pyro Ball|p2a: Glaurung\n|-resisted|p2a: Glaurung\n|-crit|p2a: Glaurung\n|-damage|p2a: Glaurung|69\/100\n|move|p2a: Glaurung|Scale Shot|p1a: Cinderace\n|-damage|p1a: Cinderace|0 fnt\n|faint|p1a: Cinderace\n|-hitcount|p1: Cinderace|1\n|-unboost|p2a: Glaurung|def|1\n|-boost|p2a: Glaurung|spe|1\n|\n|upkeep\n|\n|t:|1700612136\n|switch|p1a: Rillaboom|Rillaboom, F|27\/100\n|-fieldstart|move: Grassy Terrain|[from] ability: Grassy Surge|[of] p1a: Rillaboom\n|turn|36\n|\n|t:|1700612150\n|move|p1a: Rillaboom|Grassy Glide|p2a: Glaurung\n|-resisted|p2a: Glaurung\n|-damage|p2a: Glaurung|36\/100\n|-damage|p1a: Rillaboom|15\/100|[from] ability: Rough Skin|[of] p2a: Glaurung\n|move|p2a: Glaurung|Scale Shot|p1a: Rillaboom\n|-damage|p1a: Rillaboom|0 fnt\n|faint|p1a: Rillaboom\n|-hitcount|p1: Rillaboom|1\n|\n|win|Elite R2Dnl\n|raw|susu uwu==-'s rating: 1203 &rarr; <strong>1183<\/strong><br \/>(-20 for losing)\n|raw|Elite R2Dnl's rating: 1280 &rarr; <strong>1300<\/strong><br \/>(+20 for winning)\n|l|\u2606susu uwu==-\n","uploadtime":1700612161,"views":1,"p1id":"susuuwu","p2id":"eliter2dnl","formatid":"gen9nationaldex","rating":1183,"private":0,"password":""}