{"id":"gen9nationaldex-1989842744","p1":"Marty1010","p2":"LOCKEDaltator","format":"[Gen 9] National Dex","log":"|j|\u2606Marty1010\n|j|\u2606LOCKEDaltator\n|t:|1699900319\n|gametype|singles\n|player|p1|Marty1010|crasherwake|1214\n|player|p2|LOCKEDaltator|ghetsis|1170\n|teamsize|p1|6\n|teamsize|p2|6\n|gen|9\n|tier|[Gen 9] National Dex\n|rated|\n|rule|HP Percentage Mod: HP is shown in percentages\n|rule|Endless Battle Clause: Forcing endless battles is banned\n|rule|OHKO Clause: OHKO moves are banned\n|rule|Evasion Clause: Evasion abilities, items, and moves are banned\n|rule|Evasion Abilities Clause: Evasion abilities are banned\n|rule|Evasion Items Clause: Evasion items are banned\n|rule|Evasion Moves Clause: Evasion moves are banned\n|rule|Species Clause: Limit one of each Pok\u00e9mon\n|rule|Sleep Clause Mod: Limit one foe put to sleep\n|clearpoke\n|poke|p1|Chansey, F|\n|poke|p1|Lucario, M|\n|poke|p1|Glimmora, F|\n|poke|p1|Gliscor, F|\n|poke|p1|Milotic, F|\n|poke|p1|Umbreon, M|\n|poke|p2|Salazzle, F|\n|poke|p2|Magnemite, L1|\n|poke|p2|Probopass, L2, M|\n|poke|p2|Mandibuzz, F|\n|poke|p2|Nosepass, L1, M|\n|poke|p2|Tentacruel, F|\n|teampreview\n|\n|t:|1699900324\n|start\n|switch|p1a: Max|Umbreon, M|100\/100\n|switch|p2a: Sh\ud83d\udca9tsquid|Tentacruel, F|100\/100\n|turn|1\n|\n|t:|1699900359\n|switch|p1a: Fionna|Chansey, F|100\/100\n|move|p2a: Sh\ud83d\udca9tsquid|Toxic|p1a: Fionna\n|-status|p1a: Fionna|tox\n|\n|-damage|p1a: Fionna|94\/100 tox|[from] psn\n|upkeep\n|turn|2\n|\n|t:|1699900367\n|move|p2a: Sh\ud83d\udca9tsquid|Knock Off|p1a: Fionna\n|-damage|p1a: Fionna|84\/100 tox\n|-enditem|p1a: Fionna|Eviolite|[from] move: Knock Off|[of] p2a: Sh\ud83d\udca9tsquid\n|move|p1a: Fionna|Wish|p1a: Fionna\n|\n|-damage|p1a: Fionna|72\/100 tox|[from] psn\n|upkeep\n|turn|3\n|\n|t:|1699900374\n|switch|p1a: Marceline|Gliscor, F|100\/100\n|move|p2a: Sh\ud83d\udca9tsquid|Toxic|p1a: Marceline\n|-status|p1a: Marceline|tox\n|\n|upkeep\n|turn|4\n|\n|t:|1699900380\n|move|p1a: Marceline|Protect|p1a: Marceline\n|-singleturn|p1a: Marceline|Protect\n|move|p2a: Sh\ud83d\udca9tsquid|Scald|p1a: Marceline\n|-activate|p1a: Marceline|move: Protect\n|\n|upkeep\n|turn|5\n|inactive|Battle timer is ON: inactive players will automatically lose when time's up. (requested by LOCKEDaltator)\n|\n|t:|1699900395\n|switch|p1a: Fionna|Chansey, F|72\/100 tox\n|move|p2a: Sh\ud83d\udca9tsquid|Toxic|p1a: Fionna\n|-fail|p1a: Fionna|tox\n|\n|-damage|p1a: Fionna|66\/100 tox|[from] psn\n|upkeep\n|turn|6\n|\n|t:|1699900421\n|move|p2a: Sh\ud83d\udca9tsquid|Knock Off|p1a: Fionna\n|-damage|p1a: Fionna|57\/100 tox\n|move|p1a: Fionna|Wish|p1a: Fionna\n|\n|-damage|p1a: Fionna|44\/100 tox|[from] psn\n|upkeep\n|turn|7\n|\n|t:|1699900427\n|move|p1a: Fionna|Protect|p1a: Fionna\n|-singleturn|p1a: Fionna|Protect\n|move|p2a: Sh\ud83d\udca9tsquid|Toxic|p1a: Fionna\n|-activate|p1a: Fionna|move: Protect\n|\n|-heal|p1a: Fionna|94\/100 tox|[from] move: Wish|[wisher] Fionna\n|-damage|p1a: Fionna|76\/100 tox|[from] psn\n|upkeep\n|turn|8\n|\n|t:|1699900433\n|move|p2a: Sh\ud83d\udca9tsquid|Toxic|p1a: Fionna\n|-fail|p1a: Fionna|tox\n|move|p1a: Fionna|Heal Bell|p1a: Fionna\n|-activate|p1a: Fionna|move: Heal Bell\n|-curestatus|p1a: Fionna|tox|[msg]\n|-curestatus|p1: Marceline|tox|[msg]\n|\n|upkeep\n|turn|9\n|\n|t:|1699900440\n|switch|p1a: Rio|Lucario, M|100\/100\n|move|p2a: Sh\ud83d\udca9tsquid|Scald|p1a: Rio\n|-damage|p1a: Rio|64\/100\n|\n|upkeep\n|turn|10\n|\n|t:|1699900447\n|move|p2a: Sh\ud83d\udca9tsquid|Scald|p1a: Rio\n|-damage|p1a: Rio|25\/100\n|move|p1a: Rio|Flash Cannon|p2a: Sh\ud83d\udca9tsquid\n|-resisted|p2a: Sh\ud83d\udca9tsquid\n|-damage|p2a: Sh\ud83d\udca9tsquid|84\/100\n|\n|-heal|p2a: Sh\ud83d\udca9tsquid|90\/100|[from] item: Leftovers\n|upkeep\n|turn|11\n|c|\u2606LOCKEDaltator|lol\n|\n|t:|1699900458\n|switch|p1a: Marceline|Gliscor, F|100\/100\n|move|p2a: Sh\ud83d\udca9tsquid|Scald|p1a: Marceline\n|-supereffective|p1a: Marceline\n|-damage|p1a: Marceline|57\/100\n|\n|-heal|p2a: Sh\ud83d\udca9tsquid|96\/100|[from] item: Leftovers\n|-status|p1a: Marceline|tox|[from] item: Toxic Orb\n|upkeep\n|turn|12\n|\n|t:|1699900470\n|-terastallize|p2a: Sh\ud83d\udca9tsquid|Flying\n|move|p1a: Marceline|Protect|p1a: Marceline\n|-singleturn|p1a: Marceline|Protect\n|move|p2a: Sh\ud83d\udca9tsquid|Scald|p1a: Marceline\n|-activate|p1a: Marceline|move: Protect\n|\n|-heal|p2a: Sh\ud83d\udca9tsquid|100\/100|[from] item: Leftovers\n|-heal|p1a: Marceline|70\/100 tox|[from] ability: Poison Heal\n|upkeep\n|turn|13\n|\n|t:|1699900480\n|switch|p1a: Allura|Milotic, F|100\/100\n|move|p2a: Sh\ud83d\udca9tsquid|Toxic|p1a: Allura\n|-status|p1a: Allura|tox\n|\n|-damage|p1a: Allura|94\/100 tox|[from] psn\n|upkeep\n|turn|14\n|\n|t:|1699900488\n|move|p2a: Sh\ud83d\udca9tsquid|Knock Off|p1a: Allura\n|-crit|p1a: Allura\n|-damage|p1a: Allura|67\/100 tox\n|-enditem|p1a: Allura|Choice Specs|[from] move: Knock Off|[of] p2a: Sh\ud83d\udca9tsquid\n|move|p1a: Allura|Ice Beam|p2a: Sh\ud83d\udca9tsquid\n|-supereffective|p2a: Sh\ud83d\udca9tsquid\n|-damage|p2a: Sh\ud83d\udca9tsquid|61\/100\n|\n|-heal|p2a: Sh\ud83d\udca9tsquid|67\/100|[from] item: Leftovers\n|-damage|p1a: Allura|55\/100 tox|[from] psn\n|upkeep\n|turn|15\n|\n|t:|1699900498\n|switch|p2a: No Fun Allowed|Salazzle, F|100\/100\n|move|p1a: Allura|Ice Beam|p2a: No Fun Allowed\n|-resisted|p2a: No Fun Allowed\n|-damage|p2a: No Fun Allowed|77\/100\n|\n|-heal|p2a: No Fun Allowed|83\/100|[from] item: Leftovers\n|-damage|p1a: Allura|37\/100 tox|[from] psn\n|upkeep\n|turn|16\n|\n|t:|1699900508\n|switch|p1a: Marceline|Gliscor, F|70\/100 tox\n|move|p2a: No Fun Allowed|Substitute|p2a: No Fun Allowed\n|-start|p2a: No Fun Allowed|Substitute\n|-damage|p2a: No Fun Allowed|58\/100\n|\n|-heal|p2a: No Fun Allowed|64\/100|[from] item: Leftovers\n|-heal|p1a: Marceline|82\/100 tox|[from] ability: Poison Heal\n|upkeep\n|turn|17\n|\n|t:|1699900516\n|move|p2a: No Fun Allowed|Flamethrower|p1a: Marceline\n|-damage|p1a: Marceline|37\/100 tox\n|move|p1a: Marceline|Swords Dance|p1a: Marceline\n|-boost|p1a: Marceline|atk|2\n|\n|-heal|p2a: No Fun Allowed|71\/100|[from] item: Leftovers\n|-heal|p1a: Marceline|49\/100 tox|[from] ability: Poison Heal\n|upkeep\n|turn|18\n|\n|t:|1699900525\n|move|p1a: Marceline|Protect|p1a: Marceline\n|-singleturn|p1a: Marceline|Protect\n|move|p2a: No Fun Allowed|Flamethrower|p1a: Marceline\n|-activate|p1a: Marceline|move: Protect\n|\n|-heal|p2a: No Fun Allowed|77\/100|[from] item: Leftovers\n|-heal|p1a: Marceline|61\/100 tox|[from] ability: Poison Heal\n|upkeep\n|turn|19\n|\n|t:|1699900533\n|move|p2a: No Fun Allowed|Flamethrower|p1a: Marceline\n|-damage|p1a: Marceline|20\/100 tox\n|move|p1a: Marceline|Swords Dance|p1a: Marceline\n|-boost|p1a: Marceline|atk|2\n|\n|-heal|p2a: No Fun Allowed|83\/100|[from] item: Leftovers\n|-heal|p1a: Marceline|32\/100 tox|[from] ability: Poison Heal\n|upkeep\n|turn|20\n|\n|t:|1699900546\n|move|p1a: Marceline|Protect|p1a: Marceline\n|-singleturn|p1a: Marceline|Protect\n|move|p2a: No Fun Allowed|Flamethrower|p1a: Marceline\n|-activate|p1a: Marceline|move: Protect\n|\n|-heal|p2a: No Fun Allowed|89\/100|[from] item: Leftovers\n|-heal|p1a: Marceline|45\/100 tox|[from] ability: Poison Heal\n|upkeep\n|turn|21\n|c|\u2606LOCKEDaltator|lol\n|\n|t:|1699900555\n|move|p2a: No Fun Allowed|Flamethrower|p1a: Marceline\n|-damage|p1a: Marceline|0 fnt\n|faint|p1a: Marceline\n|\n|-heal|p2a: No Fun Allowed|95\/100|[from] item: Leftovers\n|upkeep\n|c|\u2606LOCKEDaltator|with your bootleg stall team\n|-message|Marty1010 forfeited.\n|\n|win|LOCKEDaltator\n|raw|Marty1010's rating: 1214 &rarr; <strong>1188<\/strong><br \/>(-26 for losing)\n|raw|LOCKEDaltator's rating: 1197 &rarr; <strong>1223<\/strong><br \/>(+26 for winning)\n|l|\u2606Marty1010\n","uploadtime":1699900590,"views":8,"p1id":"marty1010","p2id":"lockedaltator","formatid":"gen9nationaldex","rating":1188,"private":0,"password":""}