{"id":"gen9nationaldex-1999340896","p1":"Saltator","p2":"Alroce","format":"[Gen 9] National Dex","log":"|html|<div class=\"broadcast-blue\"><strong>[Gen 9] National Dex is currently suspecting Sneasler! For information on how to participate check out the <a href=\"https:\/\/www.smogon.com\/forums\/threads\/sv-national-dex-suspect-8-just-dance.3731534\/\">suspect thread<\/a>.<\/strong><\/div>\n|j|\u2606Saltator\n|j|\u2606Alroce\n|t:|1701063122\n|gametype|singles\n|player|p1|Saltator|ghetsis|1363\n|player|p2|Alroce|hilbert|1242\n|teamsize|p1|6\n|teamsize|p2|6\n|gen|9\n|tier|[Gen 9] National Dex\n|rated|\n|rule|HP Percentage Mod: HP is shown in percentages\n|rule|Endless Battle Clause: Forcing endless battles is banned\n|rule|OHKO Clause: OHKO moves are banned\n|rule|Evasion Clause: Evasion abilities, items, and moves are banned\n|rule|Evasion Abilities Clause: Evasion abilities are banned\n|rule|Evasion Items Clause: Evasion items are banned\n|rule|Evasion Moves Clause: Evasion moves are banned\n|rule|Species Clause: Limit one of each Pok\u00e9mon\n|rule|Sleep Clause Mod: Limit one foe put to sleep\n|clearpoke\n|poke|p1|Salazzle, F|\n|poke|p1|Magnemite, L1|\n|poke|p1|Probopass, L2, M|\n|poke|p1|Mandibuzz, F|\n|poke|p1|Nosepass, L1, M|\n|poke|p1|Tentacruel, M|\n|poke|p2|Lopunny, F|\n|poke|p2|Tapu Fini|\n|poke|p2|Garchomp, F|\n|poke|p2|Corviknight, M|\n|poke|p2|Volcarona, M|\n|poke|p2|Rillaboom, M|\n|teampreview\n|inactive|Battle timer is ON: inactive players will automatically lose when time's up. (requested by Alroce)\n|\n|t:|1701063174\n|start\n|switch|p1a: Sh\ud83d\udca9tsquid|Tentacruel, M|100\/100\n|switch|p2a: Lopunny|Lopunny, F, shiny|100\/100\n|turn|1\n|\n|t:|1701063201\n|switch|p1a: Sh\ud83d\udca9tbird|Mandibuzz, F|100\/100\n|detailschange|p2a: Lopunny|Lopunny-Mega, F, shiny\n|-mega|p2a: Lopunny|Lopunny|Lopunnite\n|move|p2a: Lopunny|Fake Out|p1a: Sh\ud83d\udca9tbird\n|-crit|p1a: Sh\ud83d\udca9tbird\n|-damage|p1a: Sh\ud83d\udca9tbird|83\/100\n|\n|upkeep\n|turn|2\n|inactive|Saltator has 120 seconds left.\n|\n|t:|1701063232\n|switch|p2a: Tapu Fini|Tapu Fini|100\/100\n|-fieldstart|move: Misty Terrain|[from] ability: Misty Surge|[of] p2a: Tapu Fini\n|move|p1a: Sh\ud83d\udca9tbird|Defog|p2a: Tapu Fini\n|-unboost|p2a: Tapu Fini|evasion|1\n|-fieldend|Misty Terrain\n|\n|upkeep\n|turn|3\n|\n|t:|1701063239\n|move|p2a: Tapu Fini|Moonblast|p1a: Sh\ud83d\udca9tbird\n|-supereffective|p1a: Sh\ud83d\udca9tbird\n|-damage|p1a: Sh\ud83d\udca9tbird|32\/100\n|move|p1a: Sh\ud83d\udca9tbird|Toxic|p2a: Tapu Fini\n|-status|p2a: Tapu Fini|tox\n|\n|-damage|p2a: Tapu Fini|94\/100 tox|[from] psn\n|upkeep\n|turn|4\n|\n|t:|1701063247\n|switch|p2a: Volcarona|Volcarona, M|100\/100\n|switch|p1a: Literally Level 1|Magnemite, L1|100\/100\n|\n|upkeep\n|turn|5\n|\n|t:|1701063252\n|switch|p2a: Rillaboom|Rillaboom, M|100\/100\n|-fieldstart|move: Grassy Terrain|[from] ability: Grassy Surge|[of] p2a: Rillaboom\n|move|p1a: Literally Level 1|Toxic|p2a: Rillaboom\n|-status|p2a: Rillaboom|tox\n|\n|-damage|p2a: Rillaboom|94\/100 tox|[from] psn\n|upkeep\n|turn|6\n|\n|t:|1701063281\n|switch|p2a: Corviknight|Corviknight, M, shiny|100\/100\n|-ability|p2a: Corviknight|Pressure\n|move|p1a: Literally Level 1|Protect||[still]\n|-fail|p1a: Literally Level 1\n|\n|upkeep\n|turn|7\n|\n|t:|1701063289\n|switch|p1a: Sh\ud83d\udca9tsquid|Tentacruel, M|100\/100\n|move|p2a: Corviknight|Body Press|p1a: Sh\ud83d\udca9tsquid\n|-resisted|p1a: Sh\ud83d\udca9tsquid\n|-damage|p1a: Sh\ud83d\udca9tsquid|82\/100\n|\n|-heal|p1a: Sh\ud83d\udca9tsquid|88\/100|[from] Grassy Terrain\n|-heal|p1a: Sh\ud83d\udca9tsquid|94\/100|[from] item: Leftovers\n|upkeep\n|turn|8\n|\n|t:|1701063296\n|move|p1a: Sh\ud83d\udca9tsquid|Knock Off|p2a: Corviknight\n|-damage|p2a: Corviknight|92\/100\n|-enditem|p2a: Corviknight|Leftovers|[from] move: Knock Off|[of] p1a: Sh\ud83d\udca9tsquid\n|move|p2a: Corviknight|Brave Bird|p1a: Sh\ud83d\udca9tsquid\n|-damage|p1a: Sh\ud83d\udca9tsquid|44\/100\n|-damage|p2a: Corviknight|77\/100|[from] Recoil\n|\n|-heal|p1a: Sh\ud83d\udca9tsquid|50\/100|[from] Grassy Terrain\n|-heal|p1a: Sh\ud83d\udca9tsquid|57\/100|[from] item: Leftovers\n|upkeep\n|turn|9\n|\n|t:|1701063310\n|switch|p1a: Sh\ud83d\udca9tbird|Mandibuzz, F|32\/100\n|move|p2a: Corviknight|Brave Bird|p1a: Sh\ud83d\udca9tbird\n|-damage|p1a: Sh\ud83d\udca9tbird|11\/100\n|-damage|p2a: Corviknight|70\/100|[from] Recoil\n|\n|-fieldend|move: Grassy Terrain\n|upkeep\n|turn|10\n|\n|t:|1701063316\n|move|p1a: Sh\ud83d\udca9tbird|Roost|p1a: Sh\ud83d\udca9tbird\n|-heal|p1a: Sh\ud83d\udca9tbird|61\/100\n|-singleturn|p1a: Sh\ud83d\udca9tbird|move: Roost\n|move|p2a: Corviknight|Brave Bird|p1a: Sh\ud83d\udca9tbird\n|-damage|p1a: Sh\ud83d\udca9tbird|38\/100\n|-damage|p2a: Corviknight|62\/100|[from] Recoil\n|\n|upkeep\n|turn|11\n|\n|t:|1701063326\n|move|p1a: Sh\ud83d\udca9tbird|Roost|p1a: Sh\ud83d\udca9tbird\n|-heal|p1a: Sh\ud83d\udca9tbird|88\/100\n|-singleturn|p1a: Sh\ud83d\udca9tbird|move: Roost\n|move|p2a: Corviknight|Body Press|p1a: Sh\ud83d\udca9tbird\n|-supereffective|p1a: Sh\ud83d\udca9tbird\n|-damage|p1a: Sh\ud83d\udca9tbird|56\/100\n|\n|upkeep\n|turn|12\n|\n|t:|1701063329\n|move|p1a: Sh\ud83d\udca9tbird|Roost|p1a: Sh\ud83d\udca9tbird\n|-heal|p1a: Sh\ud83d\udca9tbird|100\/100\n|-singleturn|p1a: Sh\ud83d\udca9tbird|move: Roost\n|move|p2a: Corviknight|Bulk Up|p2a: Corviknight\n|-boost|p2a: Corviknight|atk|1\n|-boost|p2a: Corviknight|def|1\n|\n|upkeep\n|turn|13\n|\n|t:|1701063332\n|switch|p1a: No Fun Allowed|Salazzle, F|100\/100\n|move|p2a: Corviknight|Bulk Up|p2a: Corviknight\n|-boost|p2a: Corviknight|atk|1\n|-boost|p2a: Corviknight|def|1\n|\n|upkeep\n|turn|14\n|\n|t:|1701063336\n|switch|p2a: Tapu Fini|Tapu Fini|94\/100 tox\n|-fieldstart|move: Misty Terrain|[from] ability: Misty Surge|[of] p2a: Tapu Fini\n|move|p1a: No Fun Allowed|Substitute|p1a: No Fun Allowed\n|-start|p1a: No Fun Allowed|Substitute\n|-damage|p1a: No Fun Allowed|76\/100\n|\n|-heal|p1a: No Fun Allowed|82\/100|[from] item: Leftovers\n|-heal|p2a: Tapu Fini|100\/100 tox|[from] item: Leftovers\n|-damage|p2a: Tapu Fini|94\/100 tox|[from] psn\n|upkeep\n|turn|15\n|\n|t:|1701063339\n|move|p1a: No Fun Allowed|Protect|p1a: No Fun Allowed\n|-singleturn|p1a: No Fun Allowed|Protect\n|move|p2a: Tapu Fini|Scald|p1a: No Fun Allowed\n|-activate|p1a: No Fun Allowed|move: Protect\n|\n|-heal|p1a: No Fun Allowed|88\/100|[from] item: Leftovers\n|-heal|p2a: Tapu Fini|100\/100 tox|[from] item: Leftovers\n|-damage|p2a: Tapu Fini|88\/100 tox|[from] psn\n|upkeep\n|turn|16\n|\n|t:|1701063349\n|move|p1a: No Fun Allowed|Flamethrower|p2a: Tapu Fini\n|-resisted|p2a: Tapu Fini\n|-damage|p2a: Tapu Fini|74\/100 tox\n|move|p2a: Tapu Fini|Scald|p1a: No Fun Allowed\n|-supereffective|p1a: No Fun Allowed\n|-end|p1a: No Fun Allowed|Substitute\n|\n|-heal|p1a: No Fun Allowed|94\/100|[from] item: Leftovers\n|-heal|p2a: Tapu Fini|80\/100 tox|[from] item: Leftovers\n|-damage|p2a: Tapu Fini|62\/100 tox|[from] psn\n|upkeep\n|turn|17\n|\n|t:|1701063352\n|move|p1a: No Fun Allowed|Substitute|p1a: No Fun Allowed\n|-start|p1a: No Fun Allowed|Substitute\n|-damage|p1a: No Fun Allowed|69\/100\n|move|p2a: Tapu Fini|Scald|p1a: No Fun Allowed\n|-supereffective|p1a: No Fun Allowed\n|-end|p1a: No Fun Allowed|Substitute\n|\n|-heal|p1a: No Fun Allowed|75\/100|[from] item: Leftovers\n|-heal|p2a: Tapu Fini|68\/100 tox|[from] item: Leftovers\n|-damage|p2a: Tapu Fini|44\/100 tox|[from] psn\n|upkeep\n|turn|18\n|\n|t:|1701063367\n|switch|p2a: Lopunny|Lopunny-Mega, F, shiny|100\/100\n|move|p1a: No Fun Allowed|Protect||[still]\n|-fail|p1a: No Fun Allowed\n|\n|-heal|p1a: No Fun Allowed|81\/100|[from] item: Leftovers\n|-fieldend|Misty Terrain\n|upkeep\n|turn|19\n|\n|t:|1701063374\n|move|p1a: No Fun Allowed|Protect|p1a: No Fun Allowed\n|-singleturn|p1a: No Fun Allowed|Protect\n|move|p2a: Lopunny|Fake Out|p1a: No Fun Allowed\n|-activate|p1a: No Fun Allowed|move: Protect\n|\n|-heal|p1a: No Fun Allowed|88\/100|[from] item: Leftovers\n|upkeep\n|turn|20\n|\n|t:|1701063377\n|switch|p1a: Sh\ud83d\udca9tbird|Mandibuzz, F|100\/100\n|move|p2a: Lopunny|Return|p1a: Sh\ud83d\udca9tbird\n|-damage|p1a: Sh\ud83d\udca9tbird|69\/100\n|\n|upkeep\n|turn|21\n|\n|t:|1701063385\n|switch|p2a: Volcarona|Volcarona, M|100\/100\n|move|p1a: Sh\ud83d\udca9tbird|Roost|p1a: Sh\ud83d\udca9tbird\n|-heal|p1a: Sh\ud83d\udca9tbird|100\/100\n|-singleturn|p1a: Sh\ud83d\udca9tbird|move: Roost\n|\n|upkeep\n|turn|22\n|\n|t:|1701063390\n|move|p2a: Volcarona|Quiver Dance|p2a: Volcarona\n|-boost|p2a: Volcarona|spa|1\n|-boost|p2a: Volcarona|spd|1\n|-boost|p2a: Volcarona|spe|1\n|move|p1a: Sh\ud83d\udca9tbird|Toxic|p2a: Volcarona\n|-status|p2a: Volcarona|tox\n|\n|-damage|p2a: Volcarona|94\/100 tox|[from] psn\n|upkeep\n|turn|23\n|\n|t:|1701063394\n|switch|p1a: Literally Level 1|Magnemite, L1|100\/100\n|move|p2a: Volcarona|Fiery Dance|p1a: Literally Level 1\n|-supereffective|p1a: Literally Level 1\n|-ability|p1a: Literally Level 1|Sturdy\n|-damage|p1a: Literally Level 1|10\/100\n|-boost|p2a: Volcarona|spa|1\n|-enditem|p1a: Literally Level 1|Berry Juice\n|-heal|p1a: Literally Level 1|100\/100|[from] item: Berry Juice\n|\n|-damage|p2a: Volcarona|82\/100 tox|[from] psn\n|upkeep\n|turn|24\n|\n|t:|1701063401\n|move|p2a: Volcarona|Bug Buzz|p1a: Literally Level 1\n|-resisted|p1a: Literally Level 1\n|-ability|p1a: Literally Level 1|Sturdy\n|-damage|p1a: Literally Level 1|10\/100\n|move|p1a: Literally Level 1|Recycle|p1a: Literally Level 1\n|-item|p1a: Literally Level 1|Berry Juice|[from] move: Recycle\n|-enditem|p1a: Literally Level 1|Berry Juice\n|-heal|p1a: Literally Level 1|100\/100|[from] item: Berry Juice\n|\n|-damage|p2a: Volcarona|64\/100 tox|[from] psn\n|upkeep\n|turn|25\n|\n|t:|1701063410\n|switch|p2a: Lopunny|Lopunny-Mega, F, shiny|100\/100\n|move|p1a: Literally Level 1|Recycle|p1a: Literally Level 1\n|-item|p1a: Literally Level 1|Berry Juice|[from] move: Recycle\n|\n|upkeep\n|turn|26\n|\n|t:|1701063413\n|move|p1a: Literally Level 1|Protect|p1a: Literally Level 1\n|-singleturn|p1a: Literally Level 1|Protect\n|move|p2a: Lopunny|Fake Out|p1a: Literally Level 1\n|-activate|p1a: Literally Level 1|move: Protect\n|\n|upkeep\n|turn|27\n|\n|t:|1701063415\n|move|p2a: Lopunny|Quick Attack|p1a: Literally Level 1\n|-resisted|p1a: Literally Level 1\n|-ability|p1a: Literally Level 1|Sturdy\n|-damage|p1a: Literally Level 1|10\/100\n|-enditem|p1a: Literally Level 1|Berry Juice\n|-heal|p1a: Literally Level 1|100\/100|[from] item: Berry Juice\n|move|p1a: Literally Level 1|Toxic|p2a: Lopunny\n|-status|p2a: Lopunny|tox\n|\n|-damage|p2a: Lopunny|95\/100 tox|[from] psn\n|upkeep\n|turn|28\n|\n|t:|1701063417\n|move|p2a: Lopunny|Quick Attack|p1a: Literally Level 1\n|-resisted|p1a: Literally Level 1\n|-ability|p1a: Literally Level 1|Sturdy\n|-damage|p1a: Literally Level 1|10\/100\n|move|p1a: Literally Level 1|Recycle|p1a: Literally Level 1\n|-item|p1a: Literally Level 1|Berry Juice|[from] move: Recycle\n|-enditem|p1a: Literally Level 1|Berry Juice\n|-heal|p1a: Literally Level 1|100\/100|[from] item: Berry Juice\n|\n|-damage|p2a: Lopunny|83\/100 tox|[from] psn\n|upkeep\n|turn|29\n|c|\u2606Saltator|gg\n|\n|t:|1701063431\n|switch|p2a: Tapu Fini|Tapu Fini|44\/100 tox\n|-fieldstart|move: Misty Terrain|[from] ability: Misty Surge|[of] p2a: Tapu Fini\n|move|p1a: Literally Level 1|Recycle|p1a: Literally Level 1\n|-item|p1a: Literally Level 1|Berry Juice|[from] move: Recycle\n|\n|-heal|p2a: Tapu Fini|50\/100 tox|[from] item: Leftovers\n|-damage|p2a: Tapu Fini|44\/100 tox|[from] psn\n|upkeep\n|turn|30\n|\n|t:|1701063435\n|switch|p2a: Garchomp|Garchomp, F|100\/100\n|move|p1a: Literally Level 1|Protect||[still]\n|-fail|p1a: Literally Level 1\n|\n|upkeep\n|turn|31\n|\n|t:|1701063438\n|switch|p1a: Sh\ud83d\udca9tbird|Mandibuzz, F|100\/100\n|move|p2a: Garchomp|Stealth Rock|p1a: Sh\ud83d\udca9tbird\n|-sidestart|p1: Saltator|move: Stealth Rock\n|\n|upkeep\n|turn|32\n|\n|t:|1701063441\n|move|p2a: Garchomp|Swords Dance|p2a: Garchomp\n|-boost|p2a: Garchomp|atk|2\n|move|p1a: Sh\ud83d\udca9tbird|Defog|p2a: Garchomp\n|-unboost|p2a: Garchomp|evasion|1\n|-sideend|p1: Saltator|Stealth Rock|[from] move: Defog|[of] p1a: Sh\ud83d\udca9tbird\n|-fieldend|Misty Terrain\n|\n|upkeep\n|turn|33\n|\n|t:|1701063444\n|-zpower|p2a: Garchomp\n|move|p2a: Garchomp|Continental Crush|p1a: Sh\ud83d\udca9tbird|[zeffect]\n|-supereffective|p1a: Sh\ud83d\udca9tbird\n|-damage|p1a: Sh\ud83d\udca9tbird|0 fnt\n|faint|p1a: Sh\ud83d\udca9tbird\n|\n|upkeep\n|\n|t:|1701063455\n|switch|p1a: Click the \u274c|Nosepass, L1, M, shiny|100\/100\n|turn|34\n|\n|t:|1701063468\n|switch|p2a: Tapu Fini|Tapu Fini|44\/100 tox\n|-fieldstart|move: Misty Terrain|[from] ability: Misty Surge|[of] p2a: Tapu Fini\n|move|p1a: Click the \u274c|Toxic|p2a: Tapu Fini\n|-fail|p2a: Tapu Fini|tox\n|\n|-heal|p2a: Tapu Fini|50\/100 tox|[from] item: Leftovers\n|-damage|p2a: Tapu Fini|44\/100 tox|[from] psn\n|upkeep\n|turn|35\n|\n|t:|1701063473\n|switch|p2a: Rillaboom|Rillaboom, M|94\/100 tox\n|-fieldstart|move: Grassy Terrain|[from] ability: Grassy Surge|[of] p2a: Rillaboom\n|move|p1a: Click the \u274c|Protect||[still]\n|-fail|p1a: Click the \u274c\n|\n|-heal|p2a: Rillaboom|100\/100 tox|[from] Grassy Terrain\n|-damage|p2a: Rillaboom|94\/100 tox|[from] psn\n|upkeep\n|turn|36\n|\n|t:|1701063476\n|move|p1a: Click the \u274c|Protect|p1a: Click the \u274c\n|-singleturn|p1a: Click the \u274c|Protect\n|move|p2a: Rillaboom|U-turn|p1a: Click the \u274c\n|-activate|p1a: Click the \u274c|move: Protect\n|\n|-heal|p2a: Rillaboom|100\/100 tox|[from] Grassy Terrain\n|-damage|p2a: Rillaboom|88\/100 tox|[from] psn\n|upkeep\n|turn|37\n|\n|t:|1701063485\n|move|p2a: Rillaboom|U-turn|p1a: Click the \u274c\n|-ability|p1a: Click the \u274c|Sturdy\n|-damage|p1a: Click the \u274c|10\/100\n|-enditem|p1a: Click the \u274c|Berry Juice\n|-heal|p1a: Click the \u274c|100\/100|[from] item: Berry Juice\n|\n|t:|1701063490\n|switch|p2a: Corviknight|Corviknight, M, shiny|62\/100|[from] U-turn\n|-ability|p2a: Corviknight|Pressure\n|move|p1a: Click the \u274c|Toxic|p2a: Corviknight\n|-immune|p2a: Corviknight\n|\n|upkeep\n|turn|38\n|\n|t:|1701063495\n|move|p1a: Click the \u274c|Protect|p1a: Click the \u274c\n|-singleturn|p1a: Click the \u274c|Protect\n|move|p2a: Corviknight|Body Press|p1a: Click the \u274c\n|-activate|p1a: Click the \u274c|move: Protect\n|\n|upkeep\n|turn|39\n|\n|t:|1701063498\n|move|p2a: Corviknight|Body Press|p1a: Click the \u274c\n|-supereffective|p1a: Click the \u274c\n|-ability|p1a: Click the \u274c|Sturdy\n|-damage|p1a: Click the \u274c|10\/100\n|move|p1a: Click the \u274c|Pain Split|p2a: Corviknight\n|-sethp|p2a: Corviknight|31\/100|[from] move: Pain Split|[silent]\n|-sethp|p1a: Click the \u274c|100\/100|[from] move: Pain Split\n|\n|-fieldend|move: Grassy Terrain\n|upkeep\n|turn|40\n|\n|t:|1701063501\n|switch|p1a: No Fun Allowed|Salazzle, F|88\/100\n|move|p2a: Corviknight|Roost|p2a: Corviknight\n|-heal|p2a: Corviknight|81\/100\n|-singleturn|p2a: Corviknight|move: Roost\n|\n|-heal|p1a: No Fun Allowed|94\/100|[from] item: Leftovers\n|upkeep\n|turn|41\n|\n|t:|1701063504\n|switch|p2a: Tapu Fini|Tapu Fini|44\/100 tox\n|-fieldstart|move: Misty Terrain|[from] ability: Misty Surge|[of] p2a: Tapu Fini\n|move|p1a: No Fun Allowed|Substitute|p1a: No Fun Allowed\n|-start|p1a: No Fun Allowed|Substitute\n|-damage|p1a: No Fun Allowed|69\/100\n|\n|-heal|p1a: No Fun Allowed|75\/100|[from] item: Leftovers\n|-heal|p2a: Tapu Fini|50\/100 tox|[from] item: Leftovers\n|-damage|p2a: Tapu Fini|44\/100 tox|[from] psn\n|upkeep\n|turn|42\n|\n|t:|1701063510\n|switch|p2a: Volcarona|Volcarona, M|64\/100 tox\n|move|p1a: No Fun Allowed|Protect||[still]\n|-fail|p1a: No Fun Allowed\n|\n|-heal|p1a: No Fun Allowed|81\/100|[from] item: Leftovers\n|-damage|p2a: Volcarona|57\/100 tox|[from] psn\n|upkeep\n|turn|43\n|\n|t:|1701063513\n|move|p1a: No Fun Allowed|Flamethrower|p2a: Volcarona\n|-damage|p2a: Volcarona|23\/100 tox\n|move|p2a: Volcarona|Bug Buzz|p1a: No Fun Allowed\n|-resisted|p1a: No Fun Allowed\n|-damage|p1a: No Fun Allowed|63\/100\n|-unboost|p1a: No Fun Allowed|spd|1\n|\n|-heal|p1a: No Fun Allowed|69\/100|[from] item: Leftovers\n|-damage|p2a: Volcarona|11\/100 tox|[from] psn\n|upkeep\n|turn|44\n|\n|t:|1701063517\n|move|p1a: No Fun Allowed|Flamethrower|p2a: Volcarona\n|-damage|p2a: Volcarona|0 fnt\n|faint|p2a: Volcarona\n|\n|-heal|p1a: No Fun Allowed|76\/100|[from] item: Leftovers\n|upkeep\n|\n|t:|1701063520\n|switch|p2a: Lopunny|Lopunny-Mega, F, shiny|83\/100 tox\n|turn|45\n|\n|t:|1701063523\n|move|p1a: No Fun Allowed|Protect|p1a: No Fun Allowed\n|-singleturn|p1a: No Fun Allowed|Protect\n|move|p2a: Lopunny|Return|p1a: No Fun Allowed\n|-activate|p1a: No Fun Allowed|move: Protect\n|\n|-heal|p1a: No Fun Allowed|82\/100|[from] item: Leftovers\n|-damage|p2a: Lopunny|77\/100 tox|[from] psn\n|-fieldend|Misty Terrain\n|upkeep\n|turn|46\n|\n|t:|1701063526\n|move|p2a: Lopunny|Return|p1a: No Fun Allowed\n|-end|p1a: No Fun Allowed|Substitute\n|move|p1a: No Fun Allowed|Substitute|p1a: No Fun Allowed\n|-start|p1a: No Fun Allowed|Substitute\n|-damage|p1a: No Fun Allowed|57\/100\n|\n|-heal|p1a: No Fun Allowed|63\/100|[from] item: Leftovers\n|-damage|p2a: Lopunny|65\/100 tox|[from] psn\n|upkeep\n|turn|47\n|\n|t:|1701063533\n|switch|p2a: Tapu Fini|Tapu Fini|44\/100 tox\n|-fieldstart|move: Misty Terrain|[from] ability: Misty Surge|[of] p2a: Tapu Fini\n|move|p1a: No Fun Allowed|Flamethrower|p2a: Tapu Fini\n|-resisted|p2a: Tapu Fini\n|-damage|p2a: Tapu Fini|30\/100 tox\n|\n|-heal|p1a: No Fun Allowed|69\/100|[from] item: Leftovers\n|-heal|p2a: Tapu Fini|36\/100 tox|[from] item: Leftovers\n|-damage|p2a: Tapu Fini|30\/100 tox|[from] psn\n|upkeep\n|turn|48\n|\n|t:|1701063543\n|switch|p2a: Garchomp|Garchomp, F|100\/100\n|move|p1a: No Fun Allowed|Protect||[still]\n|-fail|p1a: No Fun Allowed\n|\n|-heal|p1a: No Fun Allowed|75\/100|[from] item: Leftovers\n|upkeep\n|turn|49\n|\n|t:|1701063552\n|move|p1a: No Fun Allowed|Flamethrower|p2a: Garchomp\n|-resisted|p2a: Garchomp\n|-crit|p2a: Garchomp\n|-damage|p2a: Garchomp|64\/100\n|move|p2a: Garchomp|Stealth Rock|p1a: No Fun Allowed\n|-sidestart|p1: Saltator|move: Stealth Rock\n|\n|-heal|p1a: No Fun Allowed|81\/100|[from] item: Leftovers\n|upkeep\n|turn|50\n|\n|t:|1701063559\n|move|p1a: No Fun Allowed|Protect|p1a: No Fun Allowed\n|-singleturn|p1a: No Fun Allowed|Protect\n|move|p2a: Garchomp|Earthquake|p1a: No Fun Allowed\n|-activate|p1a: No Fun Allowed|move: Protect\n|\n|-heal|p1a: No Fun Allowed|88\/100|[from] item: Leftovers\n|upkeep\n|turn|51\n|\n|t:|1701063563\n|move|p1a: No Fun Allowed|Flamethrower|p2a: Garchomp\n|-resisted|p2a: Garchomp\n|-damage|p2a: Garchomp|39\/100\n|move|p2a: Garchomp|Earthquake|p1a: No Fun Allowed\n|-supereffective|p1a: No Fun Allowed\n|-end|p1a: No Fun Allowed|Substitute\n|\n|-heal|p1a: No Fun Allowed|94\/100|[from] item: Leftovers\n|-fieldend|Misty Terrain\n|upkeep\n|turn|52\n|\n|t:|1701063573\n|switch|p2a: Lopunny|Lopunny-Mega, F, shiny|65\/100 tox\n|-terastallize|p1a: No Fun Allowed|Flying\n|move|p1a: No Fun Allowed|Flamethrower|p2a: Lopunny\n|-damage|p2a: Lopunny|13\/100 tox\n|\n|-heal|p1a: No Fun Allowed|99\/100|[from] item: Leftovers\n|-damage|p2a: Lopunny|7\/100 tox|[from] psn\n|upkeep\n|turn|53\n|\n|t:|1701063583\n|move|p1a: No Fun Allowed|Protect|p1a: No Fun Allowed\n|-singleturn|p1a: No Fun Allowed|Protect\n|move|p2a: Lopunny|Quick Attack|p1a: No Fun Allowed\n|-activate|p1a: No Fun Allowed|move: Protect\n|\n|-heal|p1a: No Fun Allowed|100\/100|[from] item: Leftovers\n|-damage|p2a: Lopunny|0 fnt|[from] psn\n|faint|p2a: Lopunny\n|upkeep\n|\n|t:|1701063589\n|switch|p2a: Garchomp|Garchomp, F|39\/100\n|turn|54\n|\n|t:|1701063592\n|move|p1a: No Fun Allowed|Substitute|p1a: No Fun Allowed\n|-start|p1a: No Fun Allowed|Substitute\n|-damage|p1a: No Fun Allowed|76\/100\n|move|p2a: Garchomp|Stone Edge|p1a: No Fun Allowed\n|-supereffective|p1a: No Fun Allowed\n|-end|p1a: No Fun Allowed|Substitute\n|\n|-heal|p1a: No Fun Allowed|82\/100|[from] item: Leftovers\n|upkeep\n|turn|55\n|\n|t:|1701063595\n|move|p1a: No Fun Allowed|Protect|p1a: No Fun Allowed\n|-singleturn|p1a: No Fun Allowed|Protect\n|move|p2a: Garchomp|Stone Edge|p1a: No Fun Allowed\n|-activate|p1a: No Fun Allowed|move: Protect\n|\n|-heal|p1a: No Fun Allowed|88\/100|[from] item: Leftovers\n|upkeep\n|turn|56\n|\n|t:|1701063599\n|switch|p2a: Rillaboom|Rillaboom, M|88\/100 tox\n|-fieldstart|move: Grassy Terrain|[from] ability: Grassy Surge|[of] p2a: Rillaboom\n|move|p1a: No Fun Allowed|Substitute|p1a: No Fun Allowed\n|-start|p1a: No Fun Allowed|Substitute\n|-damage|p1a: No Fun Allowed|63\/100\n|\n|-heal|p1a: No Fun Allowed|69\/100|[from] item: Leftovers\n|-heal|p2a: Rillaboom|94\/100 tox|[from] Grassy Terrain\n|-damage|p2a: Rillaboom|88\/100 tox|[from] psn\n|upkeep\n|turn|57\n|\n|t:|1701063602\n|move|p1a: No Fun Allowed|Protect|p1a: No Fun Allowed\n|-singleturn|p1a: No Fun Allowed|Protect\n|move|p2a: Rillaboom|Grassy Glide|p1a: No Fun Allowed\n|-activate|p1a: No Fun Allowed|move: Protect\n|\n|-heal|p1a: No Fun Allowed|75\/100|[from] item: Leftovers\n|-heal|p2a: Rillaboom|94\/100 tox|[from] Grassy Terrain\n|-damage|p2a: Rillaboom|82\/100 tox|[from] psn\n|upkeep\n|turn|58\n|\n|t:|1701063607\n|move|p2a: Rillaboom|Grassy Glide|p1a: No Fun Allowed\n|-resisted|p1a: No Fun Allowed\n|-end|p1a: No Fun Allowed|Substitute\n|move|p1a: No Fun Allowed|Flamethrower|p2a: Rillaboom\n|-supereffective|p2a: Rillaboom\n|-damage|p2a: Rillaboom|0 fnt\n|faint|p2a: Rillaboom\n|\n|-heal|p1a: No Fun Allowed|81\/100|[from] item: Leftovers\n|upkeep\n|-message|Alroce forfeited.\n|\n|win|Saltator\n|raw|Saltator's rating: 1378 &rarr; <strong>1391<\/strong><br \/>(+13 for winning)\n|raw|Alroce's rating: 1242 &rarr; <strong>1226<\/strong><br \/>(-16 for losing)\n|l|\u2606Alroce\n","uploadtime":1701063617,"views":1,"p1id":"saltator","p2id":"alroce","formatid":"gen9nationaldex","rating":1226,"private":0,"password":""}