{"id":"gen9nationaldex-1997850519","p1":"SunAndMoonLesGoooo","p2":"p4b10_mn","format":"[Gen 9] National Dex","log":"|html|<div class=\"broadcast-blue\"><strong>[Gen 9] National Dex is currently suspecting Sneasler! For information on how to participate check out the <a href=\"https:\/\/www.smogon.com\/forums\/threads\/sv-national-dex-suspect-8-just-dance.3731534\/\">suspect thread<\/a>.<\/strong><\/div>\n|j|\u2606SunAndMoonLesGoooo\n|j|\u2606p4b10_mn\n|t:|1700859610\n|gametype|singles\n|player|p1|SunAndMoonLesGoooo|101|1086\n|player|p2|p4b10_mn|266|1051\n|teamsize|p1|6\n|teamsize|p2|6\n|gen|9\n|tier|[Gen 9] National Dex\n|rated|\n|rule|HP Percentage Mod: HP is shown in percentages\n|rule|Endless Battle Clause: Forcing endless battles is banned\n|rule|OHKO Clause: OHKO moves are banned\n|rule|Evasion Clause: Evasion abilities, items, and moves are banned\n|rule|Evasion Abilities Clause: Evasion abilities are banned\n|rule|Evasion Items Clause: Evasion items are banned\n|rule|Evasion Moves Clause: Evasion moves are banned\n|rule|Species Clause: Limit one of each Pok\u00e9mon\n|rule|Sleep Clause Mod: Limit one foe put to sleep\n|clearpoke\n|poke|p1|Toucannon, F|\n|poke|p1|Bewear, M|\n|poke|p1|Kommo-o, M|\n|poke|p1|Pyukumuku, M|\n|poke|p1|Decidueye, F|\n|poke|p1|Salazzle, F|\n|poke|p2|Iron Moth|\n|poke|p2|Swampert, M|\n|poke|p2|Eelektross, M|\n|poke|p2|Mimikyu, F|\n|poke|p2|Gliscor, M|\n|poke|p2|Ferrothorn, M|\n|teampreview\n|\n|t:|1700859629\n|start\n|switch|p1a: White gal jumpscar|Salazzle, F, shiny|100\/100\n|switch|p2a: Gliscor|Gliscor, M|100\/100\n|turn|1\n|\n|t:|1700859639\n|move|p1a: White gal jumpscar|Hidden Power|p2a: Gliscor\n|-supereffective|p2a: Gliscor\n|-damage|p2a: Gliscor|25\/100\n|move|p2a: Gliscor|Earthquake|p1a: White gal jumpscar\n|-supereffective|p1a: White gal jumpscar\n|-enditem|p1a: White gal jumpscar|Focus Sash\n|-damage|p1a: White gal jumpscar|1\/100\n|\n|-status|p2a: Gliscor|tox|[from] item: Toxic Orb\n|upkeep\n|turn|2\n|\n|t:|1700859652\n|move|p2a: Gliscor|Protect|p2a: Gliscor\n|-singleturn|p2a: Gliscor|Protect\n|move|p1a: White gal jumpscar|Hidden Power|p2a: Gliscor\n|-activate|p2a: Gliscor|move: Protect\n|\n|-heal|p2a: Gliscor|38\/100 tox|[from] ability: Poison Heal\n|upkeep\n|turn|3\n|\n|t:|1700859662\n|move|p1a: White gal jumpscar|Hidden Power|p2a: Gliscor\n|-supereffective|p2a: Gliscor\n|-damage|p2a: Gliscor|0 fnt\n|faint|p2a: Gliscor\n|\n|upkeep\n|\n|t:|1700859668\n|switch|p2a: Ferrothorn|Ferrothorn, M|100\/100\n|turn|4\n|\n|t:|1700859675\n|move|p1a: White gal jumpscar|Toxic|p2a: Ferrothorn\n|-status|p2a: Ferrothorn|tox\n|move|p2a: Ferrothorn|Power Whip|p1a: White gal jumpscar\n|-resisted|p1a: White gal jumpscar\n|-damage|p1a: White gal jumpscar|0 fnt\n|faint|p1a: White gal jumpscar\n|\n|-damage|p2a: Ferrothorn|94\/100 tox|[from] psn\n|upkeep\n|\n|t:|1700859687\n|switch|p1a: Golden Freddy|Bewear, M, shiny|100\/100\n|turn|5\n|\n|t:|1700859701\n|switch|p2a: Mimikyu|Mimikyu, F, shiny|100\/100\n|move|p1a: Golden Freddy|Swords Dance|p1a: Golden Freddy\n|-boost|p1a: Golden Freddy|atk|2\n|\n|upkeep\n|turn|6\n|\n|t:|1700859712\n|-zpower|p2a: Mimikyu\n|move|p2a: Mimikyu|Never-Ending Nightmare|p1a: Golden Freddy|[zeffect]\n|-immune|p1a: Golden Freddy\n|move|p1a: Golden Freddy|Shadow Claw|p2a: Mimikyu\n|-activate|p2a: Mimikyu|ability: Disguise\n|-damage|p2a: Mimikyu|100\/100\n|detailschange|p2a: Mimikyu|Mimikyu-Busted, F, shiny\n|-damage|p2a: Mimikyu|88\/100|[from] pokemon: Mimikyu-Busted\n|\n|upkeep\n|turn|7\n|\n|t:|1700859726\n|move|p2a: Mimikyu|Play Rough|p1a: Golden Freddy\n|-supereffective|p1a: Golden Freddy\n|-damage|p1a: Golden Freddy|58\/100\n|move|p1a: Golden Freddy|Shadow Claw|p2a: Mimikyu\n|-supereffective|p2a: Mimikyu\n|-crit|p2a: Mimikyu\n|-damage|p2a: Mimikyu|0 fnt\n|faint|p2a: Mimikyu\n|\n|upkeep\n|\n|t:|1700859785\n|switch|p2a: Swampert|Swampert, M, shiny|100\/100\n|turn|8\n|\n|t:|1700859793\n|move|p2a: Swampert|Ice Punch|p1a: Golden Freddy\n|-damage|p1a: Golden Freddy|45\/100\n|move|p1a: Golden Freddy|Double-Edge|p2a: Swampert\n|-damage|p2a: Swampert|0 fnt\n|faint|p2a: Swampert\n|-damage|p1a: Golden Freddy|15\/100|[from] Recoil\n|\n|upkeep\n|\n|t:|1700859804\n|switch|p2a: Eelektross|Eelektross, M|100\/100\n|turn|9\n|\n|t:|1700859809\n|move|p1a: Golden Freddy|Drain Punch|p2a: Eelektross\n|-damage|p2a: Eelektross|0 fnt\n|-heal|p1a: Golden Freddy|56\/100|[from] drain|[of] p2a: Eelektross\n|faint|p2a: Eelektross\n|\n|upkeep\n|\n|t:|1700859813\n|switch|p2a: Ferrothorn|Ferrothorn, M|94\/100 tox\n|turn|10\n|\n|t:|1700859818\n|move|p1a: Golden Freddy|Drain Punch|p2a: Ferrothorn\n|-supereffective|p2a: Ferrothorn\n|-damage|p2a: Ferrothorn|0 fnt\n|-heal|p1a: Golden Freddy|99\/100|[from] drain|[of] p2a: Ferrothorn\n|-damage|p1a: Golden Freddy|87\/100|[from] ability: Iron Barbs|[of] p2a: Ferrothorn\n|faint|p2a: Ferrothorn\n|\n|upkeep\n|\n|t:|1700859819\n|switch|p2a: Iron Moth|Iron Moth, shiny|100\/100\n|-enditem|p2a: Iron Moth|Booster Energy\n|-activate|p2a: Iron Moth|ability: Quark Drive|[fromitem]\n|-start|p2a: Iron Moth|quarkdrivespe\n|turn|11\n|\n|t:|1700859830\n|-terastallize|p2a: Iron Moth|Fairy\n|move|p2a: Iron Moth|Dazzling Gleam|p1a: Golden Freddy\n|-supereffective|p1a: Golden Freddy\n|-damage|p1a: Golden Freddy|0 fnt\n|faint|p1a: Golden Freddy\n|\n|upkeep\n|\n|t:|1700859838\n|switch|p1a: Emo|Decidueye, F, shiny|100\/100\n|turn|12\n|inactive|Battle timer is ON: inactive players will automatically lose when time's up. (requested by p4b10_mn)\n|\n|t:|1700859843\n|move|p2a: Iron Moth|Fiery Dance|p1a: Emo\n|-supereffective|p1a: Emo\n|-damage|p1a: Emo|28\/100\n|move|p1a: Emo|Toxic|p2a: Iron Moth\n|-status|p2a: Iron Moth|tox\n|\n|-heal|p1a: Emo|34\/100|[from] item: Leftovers\n|-damage|p2a: Iron Moth|95\/100 tox|[from] psn\n|upkeep\n|turn|13\n|\n|t:|1700859853\n|move|p1a: Emo|Protect|p1a: Emo\n|-singleturn|p1a: Emo|Protect\n|move|p2a: Iron Moth|Fiery Dance|p1a: Emo\n|-activate|p1a: Emo|move: Protect\n|\n|-heal|p1a: Emo|40\/100|[from] item: Leftovers\n|-damage|p2a: Iron Moth|83\/100 tox|[from] psn\n|upkeep\n|turn|14\n|\n|t:|1700859865\n|switch|p1a: Barney|Kommo-o, M, shiny|100\/100\n|move|p2a: Iron Moth|Fiery Dance|p1a: Barney\n|-resisted|p1a: Barney\n|-crit|p1a: Barney\n|-damage|p1a: Barney|68\/100\n|-boost|p2a: Iron Moth|spa|1\n|\n|-heal|p1a: Barney|74\/100|[from] item: Leftovers\n|-damage|p2a: Iron Moth|65\/100 tox|[from] psn\n|upkeep\n|turn|15\n|\n|t:|1700859890\n|switch|p1a: Emo|Decidueye, F, shiny|40\/100\n|move|p2a: Iron Moth|Dazzling Gleam|p1a: Emo\n|-damage|p1a: Emo|0 fnt\n|faint|p1a: Emo\n|\n|-damage|p2a: Iron Moth|41\/100 tox|[from] psn\n|upkeep\n|\n|t:|1700859901\n|switch|p1a: puke my gutzz 0_o|Pyukumuku, M|100\/100\n|turn|16\n|\n|t:|1700859909\n|move|p2a: Iron Moth|Energy Ball|p1a: puke my gutzz 0_o\n|-supereffective|p1a: puke my gutzz 0_o\n|-damage|p1a: puke my gutzz 0_o|33\/100\n|move|p1a: puke my gutzz 0_o|Mirror Coat|p2a: Iron Moth\n|-damage|p2a: Iron Moth|0 fnt\n|faint|p2a: Iron Moth\n|-end|p2a: Iron Moth|Quark Drive|[silent]\n|\n|win|SunAndMoonLesGoooo\n|raw|SunAndMoonLesGoooo's rating: 1086 &rarr; <strong>1110<\/strong><br \/>(+24 for winning)\n|raw|p4b10_mn's rating: 1051 &rarr; <strong>1035<\/strong><br \/>(-16 for losing)\n","uploadtime":1700859920,"views":1,"p1id":"sunandmoonlesgoooo","p2id":"p4b10mn","formatid":"gen9nationaldex","rating":1035,"private":0,"password":""}