{"id":"gen9nationaldex-1999253382","p1":"Richie2016","p2":"thunderroar955","format":"[Gen 9] National Dex","log":"|html|<div class=\"broadcast-blue\"><strong>[Gen 9] National Dex is currently suspecting Sneasler! For information on how to participate check out the <a href=\"https:\/\/www.smogon.com\/forums\/threads\/sv-national-dex-suspect-8-just-dance.3731534\/\">suspect thread<\/a>.<\/strong><\/div>\n|j|\u2606Richie2016\n|j|\u2606thunderroar955\n|t:|1701051106\n|gametype|singles\n|player|p1|Richie2016|cynthia|1562\n|player|p2|thunderroar955|striker|1505\n|teamsize|p1|6\n|teamsize|p2|6\n|gen|9\n|tier|[Gen 9] National Dex\n|rated|\n|rule|HP Percentage Mod: HP is shown in percentages\n|rule|Endless Battle Clause: Forcing endless battles is banned\n|rule|OHKO Clause: OHKO moves are banned\n|rule|Evasion Clause: Evasion abilities, items, and moves are banned\n|rule|Evasion Abilities Clause: Evasion abilities are banned\n|rule|Evasion Items Clause: Evasion items are banned\n|rule|Evasion Moves Clause: Evasion moves are banned\n|rule|Species Clause: Limit one of each Pok\u00e9mon\n|rule|Sleep Clause Mod: Limit one foe put to sleep\n|clearpoke\n|poke|p1|Lopunny, F|\n|poke|p1|Alomomola, F|\n|poke|p1|Moltres|\n|poke|p1|Ferrothorn, F|\n|poke|p1|Gliscor, F|\n|poke|p1|Greninja-*, M|\n|poke|p2|Garchomp, M|\n|poke|p2|Tyranitar, F|\n|poke|p2|Hippowdon, F|\n|poke|p2|Dracozolt|\n|poke|p2|Corviknight, F|\n|poke|p2|Lycanroc-Dusk, M|\n|teampreview\n|inactive|Battle timer is ON: inactive players will automatically lose when time's up. (requested by thunderroar955)\n|\n|t:|1701051126\n|start\n|switch|p1a: Gliscor|Gliscor, F, shiny|100\/100\n|switch|p2a: Garchomp|Garchomp, M, shiny|100\/100\n|turn|1\n|\n|t:|1701051139\n|switch|p2a: Corviknight|Corviknight, F, shiny|100\/100\n|move|p1a: Gliscor|Toxic|p2a: Corviknight\n|-immune|p2a: Corviknight\n|\n|-status|p1a: Gliscor|tox|[from] item: Toxic Orb\n|upkeep\n|turn|2\n|\n|t:|1701051150\n|move|p1a: Gliscor|Stealth Rock|p2a: Corviknight\n|-sidestart|p2: thunderroar955|move: Stealth Rock\n|move|p2a: Corviknight|Iron Head|p1a: Gliscor\n|-damage|p1a: Gliscor|82\/100 tox\n|\n|-heal|p1a: Gliscor|95\/100 tox|[from] ability: Poison Heal\n|upkeep\n|turn|3\n|\n|t:|1701051156\n|switch|p1a: Moltres|Moltres|100\/100\n|move|p2a: Corviknight|Defog|p1a: Moltres\n|-unboost|p1a: Moltres|evasion|1\n|-sideend|p2: thunderroar955|Stealth Rock|[from] move: Defog|[of] p2a: Corviknight\n|\n|upkeep\n|turn|4\n|\n|t:|1701051171\n|switch|p1a: Alomomola|Alomomola, F|100\/100\n|switch|p2a: Garchomp|Garchomp, M, shiny|100\/100\n|\n|upkeep\n|turn|5\n|\n|t:|1701051178\n|switch|p2a: Corviknight|Corviknight, F, shiny|100\/100\n|move|p1a: Alomomola|Toxic|p2a: Corviknight\n|-immune|p2a: Corviknight\n|\n|upkeep\n|turn|6\n|\n|t:|1701051184\n|switch|p1a: Moltres|Moltres|100\/100\n|move|p2a: Corviknight|Iron Head|p1a: Moltres\n|-resisted|p1a: Moltres\n|-damage|p1a: Moltres|90\/100\n|-status|p2a: Corviknight|brn|[from] ability: Flame Body|[of] p1a: Moltres\n|\n|-damage|p2a: Corviknight|94\/100 brn|[from] brn\n|upkeep\n|turn|7\n|\n|t:|1701051192\n|move|p1a: Moltres|Mystical Fire|p2a: Corviknight\n|-supereffective|p2a: Corviknight\n|-damage|p2a: Corviknight|36\/100 brn\n|-ability|p2a: Corviknight|Mirror Armor\n|-unboost|p1a: Moltres|spa|1\n|move|p2a: Corviknight|U-turn|p1a: Moltres\n|-resisted|p1a: Moltres\n|-damage|p1a: Moltres|89\/100\n|\n|t:|1701051215\n|switch|p2a: Lycanroc|Lycanroc-Dusk, M|100\/100|[from] U-turn\n|\n|upkeep\n|turn|8\n|\n|t:|1701051222\n|switch|p1a: Alomomola|Alomomola, F|100\/100\n|move|p2a: Lycanroc|Accelerock|p1a: Alomomola\n|-damage|p1a: Alomomola|85\/100\n|\n|upkeep\n|turn|9\n|\n|t:|1701051228\n|switch|p2a: Corviknight|Corviknight, F, shiny|36\/100 brn\n|move|p1a: Alomomola|Flip Turn|p2a: Corviknight\n|-damage|p2a: Corviknight|26\/100 brn\n|\n|t:|1701051238\n|switch|p1a: Greninja|Greninja, M|100\/100|[from] Flip Turn\n|\n|-heal|p2a: Corviknight|33\/100 brn|[from] item: Leftovers\n|-damage|p2a: Corviknight|26\/100 brn|[from] brn\n|upkeep\n|turn|10\n|\n|t:|1701051247\n|move|p1a: Greninja|Hydro Pump|p2a: Corviknight\n|-damage|p2a: Corviknight|0 fnt\n|faint|p2a: Corviknight\n|-ability|p1a: Greninja|Battle Bond|boost\n|-boost|p1a: Greninja|atk|1\n|-boost|p1a: Greninja|spa|1\n|-boost|p1a: Greninja|spe|1\n|-activate|p1a: Greninja|ability: Battle Bond\n|-damage|p1a: Greninja|91\/100|[from] item: Life Orb\n|\n|upkeep\n|\n|t:|1701051257\n|switch|p2a: Hippowdon|Hippowdon, F|100\/100\n|-weather|Sandstorm|[from] ability: Sand Stream|[of] p2a: Hippowdon\n|turn|11\n|\n|t:|1701051264\n|-terastallize|p2a: Hippowdon|Water\n|move|p1a: Greninja|Grass Knot|p2a: Hippowdon\n|-supereffective|p2a: Hippowdon\n|-damage|p2a: Hippowdon|0 fnt\n|faint|p2a: Hippowdon\n|-damage|p1a: Greninja|81\/100|[from] item: Life Orb\n|\n|-weather|Sandstorm|[upkeep]\n|-damage|p1a: Greninja|75\/100|[from] Sandstorm\n|upkeep\n|\n|t:|1701051271\n|switch|p2a: Dracozolt|Dracozolt|100\/100\n|turn|12\n|\n|t:|1701051295\n|move|p1a: Greninja|Dark Pulse|p2a: Dracozolt\n|-crit|p2a: Dracozolt\n|-damage|p2a: Dracozolt|0 fnt\n|faint|p2a: Dracozolt\n|-damage|p1a: Greninja|65\/100|[from] item: Life Orb\n|\n|-weather|Sandstorm|[upkeep]\n|-damage|p1a: Greninja|59\/100|[from] Sandstorm\n|upkeep\n|\n|t:|1701051301\n|switch|p2a: Garchomp|Garchomp, M, shiny|100\/100\n|turn|13\n|\n|t:|1701051307\n|move|p1a: Greninja|Hydro Pump|p2a: Garchomp|[miss]\n|-miss|p1a: Greninja|p2a: Garchomp\n|move|p2a: Garchomp|Draco Meteor|p1a: Greninja|[miss]\n|-miss|p2a: Garchomp|p1a: Greninja\n|\n|-weather|Sandstorm|[upkeep]\n|-damage|p1a: Greninja|53\/100|[from] Sandstorm\n|upkeep\n|turn|14\n|\n|t:|1701051315\n|move|p1a: Greninja|Hydro Pump|p2a: Garchomp|[miss]\n|-miss|p1a: Greninja|p2a: Garchomp\n|move|p2a: Garchomp|Draco Meteor|p1a: Greninja|[miss]\n|-miss|p2a: Garchomp|p1a: Greninja\n|\n|-weather|Sandstorm|[upkeep]\n|-damage|p1a: Greninja|47\/100|[from] Sandstorm\n|upkeep\n|turn|15\n|\n|t:|1701051321\n|move|p1a: Greninja|Hydro Pump|p2a: Garchomp\n|-damage|p2a: Garchomp|0 fnt\n|faint|p2a: Garchomp\n|-damage|p1a: Greninja|37\/100|[from] item: Life Orb\n|\n|-weather|Sandstorm|[upkeep]\n|-damage|p1a: Greninja|31\/100|[from] Sandstorm\n|upkeep\n|-message|thunderroar955 forfeited.\n|\n|win|Richie2016\n|raw|Richie2016's rating: 1562 &rarr; <strong>1579<\/strong><br \/>(+17 for winning)\n|raw|thunderroar955's rating: 1505 &rarr; <strong>1488<\/strong><br \/>(-17 for losing)\n|l|\u2606thunderroar955\n","uploadtime":1701051333,"views":2,"p1id":"richie2016","p2id":"thunderroar955","formatid":"gen9nationaldex","rating":1488,"private":0,"password":""}