{"id":"gen9nationaldex-2000088219","p1":"Capnoob62087","p2":"mantidfly","format":"[Gen 9] National Dex","log":"|html|<div class=\"broadcast-blue\"><strong>[Gen 9] National Dex is currently suspecting Sneasler! For information on how to participate check out the <a href=\"https:\/\/www.smogon.com\/forums\/threads\/sv-national-dex-suspect-8-just-dance.3731534\/\">suspect thread<\/a>.<\/strong><\/div>\n|j|\u2606Capnoob62087\n|j|\u2606mantidfly\n|t:|1701152535\n|gametype|singles\n|player|p1|Capnoob62087|265|1107\n|player|p2|mantidfly|rocketgrunt|1098\n|teamsize|p1|6\n|teamsize|p2|6\n|gen|9\n|tier|[Gen 9] National Dex\n|rated|\n|rule|HP Percentage Mod: HP is shown in percentages\n|rule|Endless Battle Clause: Forcing endless battles is banned\n|rule|OHKO Clause: OHKO moves are banned\n|rule|Evasion Clause: Evasion abilities, items, and moves are banned\n|rule|Evasion Abilities Clause: Evasion abilities are banned\n|rule|Evasion Items Clause: Evasion items are banned\n|rule|Evasion Moves Clause: Evasion moves are banned\n|rule|Species Clause: Limit one of each Pok\u00e9mon\n|rule|Sleep Clause Mod: Limit one foe put to sleep\n|clearpoke\n|poke|p1|Jolteon, F|\n|poke|p1|Primeape, F|\n|poke|p1|Gyarados, M|\n|poke|p1|Slowbro, F|\n|poke|p1|Gengar, F|\n|poke|p1|Dragonite, F|\n|poke|p2|Sceptile, F|\n|poke|p2|Ceruledge, F|\n|poke|p2|Aegislash, F|\n|poke|p2|Suicune|\n|poke|p2|Salamence, F|\n|poke|p2|Mienshao, F|\n|teampreview\n|inactive|Battle timer is ON: inactive players will automatically lose when time's up. (requested by mantidfly)\n|c|\u2606mantidfly|Glhf\n|\n|t:|1701152559\n|start\n|switch|p1a: Gengar|Gengar, F|100\/100\n|switch|p2a: Mienshao|Mienshao, F|100\/100\n|turn|1\n|\n|t:|1701152570\n|move|p1a: Gengar|Will-O-Wisp|p2a: Mienshao\n|-status|p2a: Mienshao|brn\n|move|p2a: Mienshao|Fling|p1a: Gengar\n|-supereffective|p1a: Gengar\n|-damage|p1a: Gengar|92\/100\n|-enditem|p2a: Mienshao|Choice Band|[from] move: Fling\n|\n|-heal|p1a: Gengar|98\/100|[from] item: Leftovers\n|-damage|p2a: Mienshao|95\/100 brn|[from] brn\n|upkeep\n|turn|2\n|\n|t:|1701152580\n|move|p1a: Gengar|Toxic Spikes|p2a: Mienshao\n|-sidestart|p2: mantidfly|move: Toxic Spikes\n|move|p2a: Mienshao|U-turn|p1a: Gengar\n|-resisted|p1a: Gengar\n|-damage|p1a: Gengar|93\/100\n|\n|t:|1701152590\n|switch|p2a: Ceruledge|Ceruledge, F|100\/100|[from] U-turn\n|-status|p2a: Ceruledge|psn\n|\n|-heal|p1a: Gengar|99\/100|[from] item: Leftovers\n|-damage|p2a: Ceruledge|88\/100 psn|[from] psn\n|upkeep\n|turn|3\n|\n|t:|1701152601\n|move|p2a: Ceruledge|Shadow Sneak|p1a: Gengar\n|-supereffective|p1a: Gengar\n|-damage|p1a: Gengar|0 fnt\n|faint|p1a: Gengar\n|\n|-damage|p2a: Ceruledge|76\/100 psn|[from] psn\n|upkeep\n|\n|t:|1701152618\n|switch|p1a: Gyarados|Gyarados, M|100\/100\n|turn|4\n|\n|t:|1701152629\n|move|p2a: Ceruledge|Shadow Sneak|p1a: Gyarados\n|-damage|p1a: Gyarados|59\/100\n|move|p1a: Gyarados|Waterfall|p2a: Ceruledge\n|-supereffective|p2a: Ceruledge\n|-damage|p2a: Ceruledge|0 fnt\n|faint|p2a: Ceruledge\n|-ability|p1a: Gyarados|Moxie|boost\n|-boost|p1a: Gyarados|atk|1\n|\n|upkeep\n|\n|t:|1701152651\n|switch|p2a: Suicune|Suicune|100\/100\n|-status|p2a: Suicune|psn\n|-ability|p2a: Suicune|Pressure\n|turn|5\n|inactive|Capnoob62087 has 120 seconds left.\n|\n|t:|1701152677\n|switch|p1a: Primeape|Primeape, F|100\/100\n|move|p2a: Suicune|Calm Mind|p2a: Suicune\n|-boost|p2a: Suicune|spa|1\n|-boost|p2a: Suicune|spd|1\n|\n|-damage|p2a: Suicune|88\/100 psn|[from] psn\n|upkeep\n|turn|6\n|inactive|Capnoob62087 has 120 seconds left.\n|\n|t:|1701152692\n|move|p1a: Primeape|Taunt|p2a: Suicune\n|-start|p2a: Suicune|move: Taunt\n|cant|p2a: Suicune|move: Taunt|Calm Mind\n|\n|-heal|p2a: Suicune|94\/100 psn|[from] item: Leftovers\n|-damage|p2a: Suicune|82\/100 psn|[from] psn\n|upkeep\n|turn|7\n|inactive|Capnoob62087 has 120 seconds left.\n|\n|t:|1701152704\n|move|p1a: Primeape|Bulk Up|p1a: Primeape\n|-boost|p1a: Primeape|atk|1\n|-boost|p1a: Primeape|def|1\n|move|p2a: Suicune|Scald|p1a: Primeape\n|-damage|p1a: Primeape|77\/100\n|\n|-heal|p2a: Suicune|88\/100 psn|[from] item: Leftovers\n|-damage|p2a: Suicune|76\/100 psn|[from] psn\n|upkeep\n|turn|8\n|inactive|Capnoob62087 has 120 seconds left.\n|\n|t:|1701152715\n|move|p1a: Primeape|Bulk Up|p1a: Primeape\n|-boost|p1a: Primeape|atk|1\n|-boost|p1a: Primeape|def|1\n|move|p2a: Suicune|Scald|p1a: Primeape\n|-damage|p1a: Primeape|51\/100\n|-status|p1a: Primeape|brn\n|\n|-heal|p2a: Suicune|82\/100 psn|[from] item: Leftovers\n|-damage|p2a: Suicune|70\/100 psn|[from] psn\n|-damage|p1a: Primeape|45\/100 brn|[from] brn\n|-end|p2a: Suicune|move: Taunt\n|upkeep\n|turn|9\n|inactive|Capnoob62087 has 120 seconds left.\n|\n|t:|1701152727\n|move|p1a: Primeape|Drain Punch|p2a: Suicune\n|-damage|p2a: Suicune|55\/100 psn\n|-heal|p1a: Primeape|54\/100 brn|[from] drain|[of] p2a: Suicune\n|move|p2a: Suicune|Scald|p1a: Primeape\n|-damage|p1a: Primeape|30\/100 brn\n|\n|-heal|p2a: Suicune|61\/100 psn|[from] item: Leftovers\n|-damage|p2a: Suicune|49\/100 psn|[from] psn\n|-damage|p1a: Primeape|24\/100 brn|[from] brn\n|upkeep\n|turn|10\n|inactive|Capnoob62087 has 120 seconds left.\n|\n|t:|1701152738\n|move|p1a: Primeape|Rage Fist|p2a: Suicune\n|-damage|p2a: Suicune|24\/100 psn\n|move|p2a: Suicune|Calm Mind|p2a: Suicune\n|-boost|p2a: Suicune|spa|1\n|-boost|p2a: Suicune|spd|1\n|\n|-heal|p2a: Suicune|30\/100 psn|[from] item: Leftovers\n|-damage|p2a: Suicune|18\/100 psn|[from] psn\n|-damage|p1a: Primeape|18\/100 brn|[from] brn\n|upkeep\n|turn|11\n|\n|t:|1701152747\n|move|p1a: Primeape|Rage Fist|p2a: Suicune\n|-damage|p2a: Suicune|0 fnt\n|faint|p2a: Suicune\n|\n|-damage|p1a: Primeape|12\/100 brn|[from] brn\n|upkeep\n|\n|t:|1701152761\n|switch|p2a: Salamence|Salamence, F|100\/100\n|turn|12\n|\n|t:|1701152770\n|move|p2a: Salamence|Dragon Dance|p2a: Salamence\n|-boost|p2a: Salamence|atk|1\n|-boost|p2a: Salamence|spe|1\n|move|p1a: Primeape|Rage Fist|p2a: Salamence\n|-damage|p2a: Salamence|39\/100\n|\n|-damage|p1a: Primeape|6\/100 brn|[from] brn\n|upkeep\n|turn|13\n|\n|t:|1701152778\n|move|p2a: Salamence|Dual Wingbeat|p1a: Primeape\n|-supereffective|p1a: Primeape\n|-damage|p1a: Primeape|0 fnt\n|faint|p1a: Primeape\n|-ability|p2a: Salamence|Moxie|boost\n|-boost|p2a: Salamence|atk|1\n|-hitcount|p1: Primeape|1\n|-damage|p2a: Salamence|29\/100|[from] item: Life Orb\n|\n|upkeep\n|\n|t:|1701152795\n|switch|p1a: Jolteon|Jolteon, F|100\/100\n|turn|14\n|\n|t:|1701152802\n|move|p2a: Salamence|Dragon Claw|p1a: Jolteon\n|-damage|p1a: Jolteon|0 fnt\n|faint|p1a: Jolteon\n|-ability|p2a: Salamence|Moxie|boost\n|-boost|p2a: Salamence|atk|1\n|-damage|p2a: Salamence|19\/100|[from] item: Life Orb\n|\n|upkeep\n|\n|t:|1701152813\n|switch|p1a: Slowbro|Slowbro, F|100\/100\n|turn|15\n|\n|t:|1701152825\n|move|p2a: Salamence|Dragon Claw|p1a: Slowbro\n|-crit|p1a: Slowbro\n|-damage|p1a: Slowbro|0 fnt\n|-damage|p2a: Salamence|2\/100|[from] item: Rocky Helmet|[of] p1a: Slowbro\n|faint|p1a: Slowbro\n|-ability|p2a: Salamence|Moxie|boost\n|-boost|p2a: Salamence|atk|1\n|-damage|p2a: Salamence|0 fnt|[from] item: Life Orb\n|faint|p2a: Salamence\n|\n|upkeep\n|\n|t:|1701152839\n|switch|p2a: Sceptile|Sceptile, F|100\/100\n|switch|p1a: Dragonite|Dragonite, F|100\/100\n|-status|p2a: Sceptile|psn\n|turn|16\n|\n|t:|1701152863\n|move|p2a: Sceptile|Acrobatics|p1a: Dragonite\n|-damage|p1a: Dragonite|93\/100\n|move|p1a: Dragonite|Dragon Dance|p1a: Dragonite\n|-boost|p1a: Dragonite|atk|1\n|-boost|p1a: Dragonite|spe|1\n|\n|-damage|p2a: Sceptile|88\/100 psn|[from] psn\n|upkeep\n|turn|17\n|\n|t:|1701152878\n|move|p2a: Sceptile|Acrobatics|p1a: Dragonite\n|-damage|p1a: Dragonite|78\/100\n|move|p1a: Dragonite|Air Slash|p2a: Sceptile\n|-supereffective|p2a: Sceptile\n|-damage|p2a: Sceptile|22\/100 psn\n|-enditem|p2a: Sceptile|Weakness Policy\n|-boost|p2a: Sceptile|atk|2|[from] item: Weakness Policy\n|-boost|p2a: Sceptile|spa|2|[from] item: Weakness Policy\n|\n|-damage|p2a: Sceptile|9\/100 psn|[from] psn\n|upkeep\n|turn|18\n|\n|t:|1701152891\n|-terastallize|p2a: Sceptile|Flying\n|move|p2a: Sceptile|Acrobatics|p1a: Dragonite\n|-damage|p1a: Dragonite|0 fnt\n|faint|p1a: Dragonite\n|\n|-damage|p2a: Sceptile|0 fnt|[from] psn\n|faint|p2a: Sceptile\n|upkeep\n|\n|t:|1701152898\n|switch|p2a: Aegislash|Aegislash, F|100\/100\n|switch|p1a: Gyarados|Gyarados, M|59\/100\n|turn|19\n|\n|t:|1701152908\n|-formechange|p2a: Aegislash|Aegislash-Blade||[from] ability: Stance Change\n|move|p2a: Aegislash|Shadow Sneak|p1a: Gyarados\n|-damage|p1a: Gyarados|19\/100\n|-damage|p2a: Aegislash|91\/100|[from] item: Life Orb\n|move|p1a: Gyarados|Earthquake|p2a: Aegislash\n|-supereffective|p2a: Aegislash\n|-damage|p2a: Aegislash|0 fnt\n|faint|p2a: Aegislash\n|-ability|p1a: Gyarados|Moxie|boost\n|-boost|p1a: Gyarados|atk|1\n|\n|upkeep\n|\n|t:|1701152914\n|switch|p2a: Mienshao|Mienshao, F|95\/100 brn\n|turn|20\n|\n|t:|1701152919\n|move|p1a: Gyarados|Earthquake|p2a: Mienshao\n|-damage|p2a: Mienshao|0 fnt\n|faint|p2a: Mienshao\n|\n|win|Capnoob62087\n|raw|Capnoob62087's rating: 1107 &rarr; <strong>1131<\/strong><br \/>(+24 for winning)\n|raw|mantidfly's rating: 1098 &rarr; <strong>1074<\/strong><br \/>(-24 for losing)\n|l|\u2606Capnoob62087\n|c|\u2606mantidfly|Gg\n","uploadtime":1701152931,"views":2,"p1id":"capnoob62087","p2id":"mantidfly","formatid":"gen9nationaldex","rating":1074,"private":0,"password":""}