{"id":"gen9nationaldex-1999831639","p1":"Xalvadore","p2":"had sweep","format":"[Gen 9] National Dex","log":"|html|<div class=\"broadcast-blue\"><strong>[Gen 9] National Dex is currently suspecting Sneasler! For information on how to participate check out the <a href=\"https:\/\/www.smogon.com\/forums\/threads\/sv-national-dex-suspect-8-just-dance.3731534\/\">suspect thread<\/a>.<\/strong><\/div>\n|j|\u2606Xalvadore\n|j|\u203dhad sweep\n|t:|1701120833\n|gametype|singles\n|player|p1|Xalvadore|marnie|\n|player|p2|had sweep|swimmer-gen4|\n|teamsize|p1|6\n|teamsize|p2|6\n|gen|9\n|tier|[Gen 9] National Dex\n|rule|HP Percentage Mod: HP is shown in percentages\n|rule|Endless Battle Clause: Forcing endless battles is banned\n|rule|OHKO Clause: OHKO moves are banned\n|rule|Evasion Clause: Evasion abilities, items, and moves are banned\n|rule|Evasion Abilities Clause: Evasion abilities are banned\n|rule|Evasion Items Clause: Evasion items are banned\n|rule|Evasion Moves Clause: Evasion moves are banned\n|rule|Species Clause: Limit one of each Pok\u00e9mon\n|rule|Sleep Clause Mod: Limit one foe put to sleep\n|clearpoke\n|poke|p1|Rotom-Wash|\n|poke|p1|Skarmory, M|\n|poke|p1|Magnezone|\n|poke|p1|Garchomp, M|\n|poke|p1|Clefable, F|\n|poke|p1|Tangrowth, F|\n|poke|p2|Weavile, F|\n|poke|p2|Rotom-Wash|\n|poke|p2|Latias, F|\n|poke|p2|Garchomp, M|\n|poke|p2|Clefable, F|\n|poke|p2|Tyranitar, F|\n|teampreview\n|inactive|Battle timer is ON: inactive players will automatically lose when time's up. (requested by had sweep)\n|\n|t:|1701120846\n|start\n|switch|p1a: Skarmory|Skarmory, M|100\/100\n|switch|p2a: Rotom|Rotom-Wash|100\/100\n|turn|1\n|\n|t:|1701120860\n|switch|p1a: Tangrowth|Tangrowth, F|100\/100\n|move|p2a: Rotom|Volt Switch|p1a: Tangrowth\n|-resisted|p1a: Tangrowth\n|-damage|p1a: Tangrowth|93\/100\n|\n|t:|1701120868\n|switch|p2a: Latias|Latias, F|100\/100|[from] Volt Switch\n|\n|upkeep\n|turn|2\n|\n|t:|1701120873\n|move|p2a: Latias|Draco Meteor|p1a: Tangrowth\n|-damage|p1a: Tangrowth|50\/100\n|-unboost|p2a: Latias|spa|2\n|move|p1a: Tangrowth|Knock Off|p2a: Latias\n|-supereffective|p2a: Latias\n|-damage|p2a: Latias|45\/100\n|-enditem|p2a: Latias|Soul Dew|[from] move: Knock Off|[of] p1a: Tangrowth\n|\n|upkeep\n|turn|3\n|\n|t:|1701120883\n|switch|p1a: Skarmory|Skarmory, M|100\/100\n|move|p2a: Latias|Roost|p2a: Latias\n|-heal|p2a: Latias|95\/100\n|-singleturn|p2a: Latias|move: Roost\n|\n|upkeep\n|turn|4\n|\n|t:|1701120890\n|switch|p2a: Rotom|Rotom-Wash|100\/100\n|move|p1a: Skarmory|Spikes|p2a: Rotom\n|-sidestart|p2: had sweep|Spikes\n|\n|upkeep\n|turn|5\n|\n|t:|1701120897\n|switch|p1a: Tangrowth|Tangrowth, F|83\/100\n|move|p2a: Rotom|Defog|p1a: Tangrowth\n|-unboost|p1a: Tangrowth|evasion|1\n|-sideend|p2: had sweep|Spikes|[from] move: Defog|[of] p2a: Rotom\n|\n|upkeep\n|turn|6\n|\n|t:|1701120915\n|move|p2a: Rotom|Will-O-Wisp|p1a: Tangrowth\n|-status|p1a: Tangrowth|brn\n|move|p1a: Tangrowth|Knock Off|p2a: Rotom\n|-damage|p2a: Rotom|93\/100\n|-enditem|p2a: Rotom|Leftovers|[from] move: Knock Off|[of] p1a: Tangrowth\n|\n|-damage|p1a: Tangrowth|77\/100 brn|[from] brn\n|upkeep\n|turn|7\n|\n|t:|1701120924\n|move|p2a: Rotom|Volt Switch|p1a: Tangrowth\n|-resisted|p1a: Tangrowth\n|-damage|p1a: Tangrowth|69\/100 brn\n|\n|t:|1701120929\n|switch|p2a: Latias|Latias, F|95\/100|[from] Volt Switch\n|move|p1a: Tangrowth|Giga Drain|p2a: Latias\n|-resisted|p2a: Latias\n|-damage|p2a: Latias|82\/100\n|-heal|p1a: Tangrowth|73\/100 brn|[from] drain|[of] p2a: Latias\n|\n|-damage|p1a: Tangrowth|67\/100 brn|[from] brn\n|upkeep\n|turn|8\n|\n|t:|1701120942\n|move|p2a: Latias|Psyshock|p1a: Tangrowth\n|-damage|p1a: Tangrowth|41\/100 brn\n|move|p1a: Tangrowth|Knock Off|p2a: Latias\n|-supereffective|p2a: Latias\n|-damage|p2a: Latias|65\/100\n|\n|-damage|p1a: Tangrowth|35\/100 brn|[from] brn\n|upkeep\n|turn|9\n|\n|t:|1701120950\n|switch|p1a: Clefable|Clefable, F|100\/100\n|move|p2a: Latias|Psyshock|p1a: Clefable\n|-damage|p1a: Clefable|68\/100\n|\n|-heal|p1a: Clefable|74\/100|[from] item: Leftovers\n|upkeep\n|turn|10\n|\n|t:|1701120957\n|switch|p2a: Tyranitar|Tyranitar, F|100\/100\n|-weather|Sandstorm|[from] ability: Sand Stream|[of] p2a: Tyranitar\n|move|p1a: Clefable|Thunder Wave|p2a: Tyranitar\n|-status|p2a: Tyranitar|par\n|\n|-weather|Sandstorm|[upkeep]\n|-heal|p1a: Clefable|80\/100|[from] item: Leftovers\n|upkeep\n|turn|11\n|\n|t:|1701120969\n|move|p1a: Clefable|Moonblast|p2a: Tyranitar\n|-supereffective|p2a: Tyranitar\n|-damage|p2a: Tyranitar|66\/100 par\n|move|p2a: Tyranitar|Heavy Slam|p1a: Clefable\n|-supereffective|p1a: Clefable\n|-damage|p1a: Clefable|21\/100\n|\n|-weather|Sandstorm|[upkeep]\n|-heal|p1a: Clefable|27\/100|[from] item: Leftovers\n|-heal|p2a: Tyranitar|73\/100 par|[from] item: Leftovers\n|upkeep\n|turn|12\n|\n|t:|1701120978\n|move|p1a: Clefable|Soft-Boiled|p1a: Clefable\n|-heal|p1a: Clefable|77\/100\n|cant|p2a: Tyranitar|par\n|\n|-weather|Sandstorm|[upkeep]\n|-heal|p1a: Clefable|83\/100|[from] item: Leftovers\n|-heal|p2a: Tyranitar|79\/100 par|[from] item: Leftovers\n|upkeep\n|turn|13\n|\n|t:|1701120988\n|switch|p1a: Magnezone|Magnezone|100\/100\n|move|p2a: Tyranitar|Knock Off|p1a: Magnezone\n|-damage|p1a: Magnezone|51\/100\n|-enditem|p1a: Magnezone|Choice Scarf|[from] move: Knock Off|[of] p2a: Tyranitar\n|\n|-weather|Sandstorm|[upkeep]\n|-heal|p2a: Tyranitar|85\/100 par|[from] item: Leftovers\n|upkeep\n|turn|14\n|\n|t:|1701120997\n|switch|p2a: Latias|Latias, F|65\/100\n|move|p1a: Magnezone|Flash Cannon|p2a: Latias\n|-damage|p2a: Latias|24\/100\n|\n|-weather|none\n|upkeep\n|turn|15\n|\n|t:|1701121004\n|move|p2a: Latias|Roost|p2a: Latias\n|-heal|p2a: Latias|74\/100\n|-singleturn|p2a: Latias|move: Roost\n|move|p1a: Magnezone|Flash Cannon|p2a: Latias\n|-damage|p2a: Latias|36\/100\n|\n|upkeep\n|turn|16\n|\n|t:|1701121013\n|move|p2a: Latias|Roost|p2a: Latias\n|-heal|p2a: Latias|87\/100\n|-singleturn|p2a: Latias|move: Roost\n|move|p1a: Magnezone|Flash Cannon|p2a: Latias\n|-damage|p2a: Latias|51\/100\n|-unboost|p2a: Latias|spd|1\n|\n|upkeep\n|turn|17\n|\n|t:|1701121019\n|switch|p2a: Rotom|Rotom-Wash|93\/100\n|move|p1a: Magnezone|Flash Cannon|p2a: Rotom\n|-resisted|p2a: Rotom\n|-damage|p2a: Rotom|81\/100\n|\n|upkeep\n|turn|18\n|\n|t:|1701121033\n|switch|p1a: Tangrowth|Tangrowth, F|68\/100 brn\n|switch|p2a: Garchomp|Garchomp, M|100\/100\n|\n|-damage|p1a: Tangrowth|62\/100 brn|[from] brn\n|upkeep\n|turn|19\n|\n|t:|1701121040\n|move|p2a: Garchomp|Stealth Rock|p1a: Tangrowth\n|-sidestart|p1: Xalvadore|move: Stealth Rock\n|move|p1a: Tangrowth|Knock Off|p2a: Garchomp\n|-damage|p2a: Garchomp|93\/100\n|-damage|p1a: Tangrowth|49\/100 brn|[from] ability: Rough Skin|[of] p2a: Garchomp\n|-damage|p1a: Tangrowth|33\/100 brn|[from] item: Rocky Helmet|[of] p2a: Garchomp\n|-enditem|p2a: Garchomp|Rocky Helmet|[from] move: Knock Off|[of] p1a: Tangrowth\n|\n|-damage|p1a: Tangrowth|26\/100 brn|[from] brn\n|upkeep\n|turn|20\n|\n|t:|1701121051\n|switch|p1a: Rotom|Rotom-Wash|100\/100\n|-damage|p1a: Rotom|88\/100|[from] Stealth Rock\n|move|p2a: Garchomp|Spikes|p1a: Rotom\n|-sidestart|p1: Xalvadore|Spikes\n|\n|-heal|p1a: Rotom|94\/100|[from] item: Leftovers\n|upkeep\n|turn|21\n|\n|t:|1701121059\n|move|p1a: Rotom|Will-O-Wisp|p2a: Garchomp\n|-status|p2a: Garchomp|brn\n|move|p2a: Garchomp|Dragon Tail|p1a: Rotom\n|-damage|p1a: Rotom|84\/100\n|drag|p1a: Garchomp|Garchomp, M|100\/100\n|-damage|p1a: Garchomp|94\/100|[from] Stealth Rock\n|-damage|p1a: Garchomp|82\/100|[from] Spikes\n|\n|-damage|p2a: Garchomp|87\/100 brn|[from] brn\n|upkeep\n|turn|22\n|\n|t:|1701121070\n|move|p1a: Garchomp|Scale Shot|p2a: Garchomp\n|-supereffective|p2a: Garchomp\n|-damage|p2a: Garchomp|67\/100 brn\n|-supereffective|p2a: Garchomp\n|-damage|p2a: Garchomp|46\/100 brn\n|-supereffective|p2a: Garchomp\n|-damage|p2a: Garchomp|29\/100 brn\n|-hitcount|p2a: Garchomp|3\n|-unboost|p1a: Garchomp|def|1\n|-boost|p1a: Garchomp|spe|1\n|move|p2a: Garchomp|Dragon Tail|p1a: Garchomp\n|-supereffective|p1a: Garchomp\n|-damage|p1a: Garchomp|42\/100\n|-damage|p2a: Garchomp|16\/100 brn|[from] ability: Rough Skin|[of] p1a: Garchomp\n|drag|p1a: Skarmory|Skarmory, M|100\/100\n|-damage|p1a: Skarmory|88\/100|[from] Stealth Rock\n|\n|-damage|p2a: Garchomp|10\/100 brn|[from] brn\n|upkeep\n|turn|23\n|\n|t:|1701121087\n|switch|p2a: Rotom|Rotom-Wash|81\/100\n|move|p1a: Skarmory|Spikes|p2a: Rotom\n|-sidestart|p2: had sweep|Spikes\n|\n|upkeep\n|turn|24\n|\n|t:|1701121096\n|switch|p1a: Clefable|Clefable, F|83\/100\n|move|p2a: Rotom|Volt Switch|p1a: Clefable\n|-damage|p1a: Clefable|63\/100\n|\n|t:|1701121105\n|switch|p2a: Tyranitar|Tyranitar, F|85\/100 par|[from] Volt Switch\n|-damage|p2a: Tyranitar|73\/100 par|[from] Spikes\n|-weather|Sandstorm|[from] ability: Sand Stream|[of] p2a: Tyranitar\n|\n|-weather|Sandstorm|[upkeep]\n|-heal|p1a: Clefable|69\/100|[from] item: Leftovers\n|-heal|p2a: Tyranitar|79\/100 par|[from] item: Leftovers\n|upkeep\n|turn|25\n|\n|t:|1701121117\n|switch|p1a: Rotom|Rotom-Wash|84\/100\n|-damage|p1a: Rotom|72\/100|[from] Stealth Rock\n|move|p2a: Tyranitar|Heavy Slam|p1a: Rotom\n|-resisted|p1a: Rotom\n|-damage|p1a: Rotom|66\/100\n|\n|-weather|Sandstorm|[upkeep]\n|-damage|p1a: Rotom|59\/100|[from] Sandstorm\n|-heal|p1a: Rotom|66\/100|[from] item: Leftovers\n|-heal|p2a: Tyranitar|85\/100 par|[from] item: Leftovers\n|upkeep\n|turn|26\n|\n|t:|1701121144\n|move|p1a: Rotom|Hydro Pump|p2a: Tyranitar\n|-supereffective|p2a: Tyranitar\n|-damage|p2a: Tyranitar|46\/100 par\n|move|p2a: Tyranitar|Knock Off|p1a: Rotom\n|-crit|p1a: Rotom\n|-damage|p1a: Rotom|16\/100\n|-enditem|p1a: Rotom|Leftovers|[from] move: Knock Off|[of] p2a: Tyranitar\n|\n|-weather|Sandstorm|[upkeep]\n|-damage|p1a: Rotom|10\/100|[from] Sandstorm\n|-heal|p2a: Tyranitar|52\/100 par|[from] item: Leftovers\n|upkeep\n|turn|27\n|\n|t:|1701121153\n|switch|p2a: Latias|Latias, F|51\/100\n|move|p1a: Rotom|Hydro Pump|p2a: Latias|[miss]\n|-miss|p1a: Rotom|p2a: Latias\n|\n|-weather|Sandstorm|[upkeep]\n|-damage|p2a: Latias|45\/100|[from] Sandstorm\n|-damage|p1a: Rotom|3\/100|[from] Sandstorm\n|upkeep\n|turn|28\n|\n|t:|1701121161\n|move|p2a: Latias|Psyshock|p1a: Rotom\n|-damage|p1a: Rotom|0 fnt\n|faint|p1a: Rotom\n|\n|-weather|none\n|upkeep\n|\n|t:|1701121167\n|switch|p1a: Magnezone|Magnezone|51\/100\n|-damage|p1a: Magnezone|45\/100|[from] Stealth Rock\n|-damage|p1a: Magnezone|33\/100|[from] Spikes\n|turn|29\n|\n|t:|1701121173\n|move|p2a: Latias|Mystical Fire|p1a: Magnezone\n|-supereffective|p1a: Magnezone\n|-damage|p1a: Magnezone|0 fnt\n|faint|p1a: Magnezone\n|\n|upkeep\n|\n|t:|1701121178\n|switch|p1a: Clefable|Clefable, F|69\/100\n|turn|30\n|\n|t:|1701121183\n|move|p2a: Latias|Psyshock|p1a: Clefable\n|-damage|p1a: Clefable|37\/100\n|move|p1a: Clefable|Moonblast|p2a: Latias\n|-supereffective|p2a: Latias\n|-damage|p2a: Latias|0 fnt\n|faint|p2a: Latias\n|\n|-heal|p1a: Clefable|43\/100|[from] item: Leftovers\n|upkeep\n|\n|t:|1701121186\n|switch|p2a: Weavile|Weavile, F|100\/100\n|-damage|p2a: Weavile|88\/100|[from] Spikes\n|turn|31\n|\n|t:|1701121198\n|move|p2a: Weavile|Triple Axel|p1a: Clefable\n|-damage|p1a: Clefable|33\/100\n|-damage|p1a: Clefable|17\/100\n|-damage|p1a: Clefable|0 fnt\n|faint|p1a: Clefable\n|-hitcount|p1: Clefable|3\n|\n|upkeep\n|\n|t:|1701121204\n|switch|p1a: Skarmory|Skarmory, M|88\/100\n|-damage|p1a: Skarmory|76\/100|[from] Stealth Rock\n|turn|32\n|\n|t:|1701121210\n|switch|p2a: Rotom|Rotom-Wash|81\/100\n|move|p1a: Skarmory|Spikes|p2a: Rotom\n|-sidestart|p2: had sweep|Spikes\n|\n|upkeep\n|turn|33\n|\n|t:|1701121219\n|switch|p1a: Tangrowth|Tangrowth, F|60\/100 brn\n|-damage|p1a: Tangrowth|47\/100 brn|[from] Stealth Rock\n|-damage|p1a: Tangrowth|35\/100 brn|[from] Spikes\n|move|p2a: Rotom|Volt Switch|p1a: Tangrowth\n|-resisted|p1a: Tangrowth\n|-damage|p1a: Tangrowth|26\/100 brn\n|\n|t:|1701121222\n|switch|p2a: Weavile|Weavile, F|88\/100|[from] Volt Switch\n|-damage|p2a: Weavile|72\/100|[from] Spikes\n|\n|-damage|p1a: Tangrowth|20\/100 brn|[from] brn\n|upkeep\n|turn|34\n|\n|t:|1701121241\n|move|p2a: Weavile|Knock Off|p1a: Tangrowth\n|-damage|p1a: Tangrowth|0 fnt\n|-enditem|p1a: Tangrowth|Assault Vest|[from] move: Knock Off|[of] p2a: Weavile\n|faint|p1a: Tangrowth\n|\n|upkeep\n|\n|t:|1701121246\n|switch|p1a: Skarmory|Skarmory, M|76\/100\n|-damage|p1a: Skarmory|64\/100|[from] Stealth Rock\n|turn|35\n|\n|t:|1701121251\n|move|p2a: Weavile|Taunt|p1a: Skarmory\n|-start|p1a: Skarmory|move: Taunt\n|move|p1a: Skarmory|Body Press|p2a: Weavile\n|-supereffective|p2a: Weavile\n|-damage|p2a: Weavile|0 fnt\n|faint|p2a: Weavile\n|\n|upkeep\n|\n|t:|1701121253\n|switch|p2a: Rotom|Rotom-Wash|81\/100\n|turn|36\n|\n|t:|1701121262\n|move|p2a: Rotom|Will-O-Wisp|p1a: Skarmory\n|-status|p1a: Skarmory|brn\n|move|p1a: Skarmory|Body Press|p2a: Rotom\n|-damage|p2a: Rotom|70\/100\n|\n|-damage|p1a: Skarmory|58\/100 brn|[from] brn\n|upkeep\n|turn|37\n|\n|t:|1701121271\n|switch|p1a: Garchomp|Garchomp, M|42\/100\n|-damage|p1a: Garchomp|36\/100|[from] Stealth Rock\n|-damage|p1a: Garchomp|24\/100|[from] Spikes\n|move|p2a: Rotom|Hydro Pump|p1a: Garchomp\n|-damage|p1a: Garchomp|0 fnt\n|faint|p1a: Garchomp\n|\n|upkeep\n|\n|t:|1701121279\n|switch|p1a: Skarmory|Skarmory, M|58\/100 brn\n|-damage|p1a: Skarmory|45\/100 brn|[from] Stealth Rock\n|turn|38\n|\n|t:|1701121285\n|move|p2a: Rotom|Volt Switch|p1a: Skarmory\n|-supereffective|p1a: Skarmory\n|-damage|p1a: Skarmory|0 fnt\n|faint|p1a: Skarmory\n|\n|win|had sweep\n|c|\u2606Xalvadore|gg\n","uploadtime":1701121295,"views":4,"p1id":"xalvadore","p2id":"hadsweep","formatid":"gen9nationaldex","rating":0,"private":0,"password":""}