{"id":"gen9nationaldex-2000035251","p1":"ZYD523","p2":"loch2009","format":"[Gen 9] National Dex","log":"|html|<div class=\"broadcast-blue\"><strong>[Gen 9] National Dex is currently suspecting Sneasler! For information on how to participate check out the <a href=\"https:\/\/www.smogon.com\/forums\/threads\/sv-national-dex-suspect-8-just-dance.3731534\/\">suspect thread<\/a>.<\/strong><\/div>\n|j|\u2606ZYD523\n|j|\u2606loch2009\n|t:|1701144022\n|gametype|singles\n|player|p1|ZYD523|2|1035\n|player|p2|loch2009|lance-gen3|1071\n|teamsize|p1|6\n|teamsize|p2|6\n|gen|9\n|tier|[Gen 9] National Dex\n|rated|\n|rule|HP Percentage Mod: HP is shown in percentages\n|rule|Endless Battle Clause: Forcing endless battles is banned\n|rule|OHKO Clause: OHKO moves are banned\n|rule|Evasion Clause: Evasion abilities, items, and moves are banned\n|rule|Evasion Abilities Clause: Evasion abilities are banned\n|rule|Evasion Items Clause: Evasion items are banned\n|rule|Evasion Moves Clause: Evasion moves are banned\n|rule|Species Clause: Limit one of each Pok\u00e9mon\n|rule|Sleep Clause Mod: Limit one foe put to sleep\n|clearpoke\n|poke|p1|Grimmsnarl, M|\n|poke|p1|Ceruledge, M|\n|poke|p1|Nidoking, M|\n|poke|p1|Iron Hands|\n|poke|p1|Gyarados, F|\n|poke|p1|Ambipom, M|\n|poke|p2|Medicham, M|\n|poke|p2|Gliscor, M|\n|poke|p2|Tapu Koko|\n|poke|p2|Garchomp, M|\n|poke|p2|Blaziken, M|\n|poke|p2|Ribombee, F|\n|teampreview\n|inactive|Battle timer is ON: inactive players will automatically lose when time's up. (requested by ZYD523)\n|c|\u2606loch2009|glhf\n|\n|t:|1701144034\n|start\n|switch|p1a: Grimmsnarl|Grimmsnarl, M|100\/100\n|switch|p2a: Blaziken|Blaziken, M|100\/100\n|turn|1\n|\n|t:|1701144041\n|move|p1a: Grimmsnarl|Reflect|p1a: Grimmsnarl\n|-sidestart|p1: ZYD523|Reflect\n|move|p2a: Blaziken|Focus Energy|p2a: Blaziken\n|-start|p2a: Blaziken|move: Focus Energy\n|\n|-ability|p2a: Blaziken|Speed Boost|boost\n|-boost|p2a: Blaziken|spe|1\n|upkeep\n|turn|2\n|\n|t:|1701144050\n|move|p1a: Grimmsnarl|Parting Shot|p2a: Blaziken\n|-unboost|p2a: Blaziken|atk|1\n|-unboost|p2a: Blaziken|spa|1\n|\n|t:|1701144053\n|switch|p1a: Gyarados|Gyarados, F|100\/100|[from] Parting Shot\n|-ability|p1a: Gyarados|Intimidate|boost\n|-unboost|p2a: Blaziken|atk|1\n|move|p2a: Blaziken|Overheat|p1a: Gyarados\n|-resisted|p1a: Gyarados\n|-crit|p1a: Gyarados\n|-damage|p1a: Gyarados|58\/100\n|-unboost|p2a: Blaziken|spa|2\n|\n|-ability|p2a: Blaziken|Speed Boost|boost\n|-boost|p2a: Blaziken|spe|1\n|upkeep\n|turn|3\n|\n|t:|1701144065\n|move|p2a: Blaziken|Overheat|p1a: Gyarados\n|-resisted|p1a: Gyarados\n|-crit|p1a: Gyarados\n|-damage|p1a: Gyarados|14\/100\n|-unboost|p2a: Blaziken|spa|2\n|move|p1a: Gyarados|Thunder Wave|p2a: Blaziken\n|-status|p2a: Blaziken|par\n|\n|-ability|p2a: Blaziken|Speed Boost|boost\n|-boost|p2a: Blaziken|spe|1\n|upkeep\n|turn|4\n|\n|t:|1701144079\n|switch|p1a: Iron Hands|Iron Hands|100\/100\n|move|p2a: Blaziken|Overheat|p1a: Iron Hands\n|-crit|p1a: Iron Hands\n|-damage|p1a: Iron Hands|39\/100\n|-unboost|p2a: Blaziken|spa|1\n|\n|-ability|p2a: Blaziken|Speed Boost|boost\n|-boost|p2a: Blaziken|spe|1\n|upkeep\n|turn|5\n|\n|t:|1701144090\n|move|p2a: Blaziken|Overheat|p1a: Iron Hands\n|-crit|p1a: Iron Hands\n|-damage|p1a: Iron Hands|0 fnt\n|faint|p1a: Iron Hands\n|-end|p1a: Iron Hands|Quark Drive|[silent]\n|\n|-ability|p2a: Blaziken|Speed Boost|boost\n|-boost|p2a: Blaziken|spe|1\n|upkeep\n|\n|t:|1701144098\n|switch|p1a: Grimmsnarl|Grimmsnarl, M|100\/100\n|turn|6\n|\n|t:|1701144102\n|move|p1a: Grimmsnarl|Light Screen|p1a: Grimmsnarl\n|-sidestart|p1: ZYD523|move: Light Screen\n|move|p2a: Blaziken|Overheat|p1a: Grimmsnarl\n|-crit|p1a: Grimmsnarl\n|-damage|p1a: Grimmsnarl|1\/100\n|\n|-ability|p2a: Blaziken|Speed Boost|boost\n|-boost|p2a: Blaziken|spe|1\n|upkeep\n|turn|7\n|\n|t:|1701144112\n|move|p1a: Grimmsnarl|Parting Shot|p2a: Blaziken\n|-unboost|p2a: Blaziken|atk|1\n|-unboost|p2a: Blaziken|spa|0\n|\n|t:|1701144118\n|switch|p1a: Nidoking|Nidoking, M|100\/100|[from] Parting Shot\n|move|p2a: Blaziken|Hidden Power|p1a: Nidoking\n|-crit|p1a: Nidoking\n|-damage|p1a: Nidoking|65\/100\n|\n|upkeep\n|turn|8\n|\n|t:|1701144126\n|move|p2a: Blaziken|Overheat|p1a: Nidoking\n|-crit|p1a: Nidoking\n|-damage|p1a: Nidoking|0 fnt\n|faint|p1a: Nidoking\n|\n|-sideend|p1: ZYD523|Reflect\n|upkeep\n|-message|ZYD523 forfeited.\n|\n|win|loch2009\n|raw|ZYD523's rating: 1035 &rarr; <strong>1021<\/strong><br \/>(-14 for losing)\n|raw|loch2009's rating: 1071 &rarr; <strong>1097<\/strong><br \/>(+26 for winning)\n|l|\u2606ZYD523\n|c|\u2606loch2009|ggwp\n","uploadtime":1701144145,"views":1,"p1id":"zyd523","p2id":"loch2009","formatid":"gen9nationaldex","rating":1021,"private":0,"password":""}