{"id":"gen9nationaldex-2000079817","p1":"Zersturer23","p2":"Jjumkmyjj","format":"[Gen 9] National Dex","log":"|html|<div class=\"broadcast-blue\"><strong>[Gen 9] National Dex is currently suspecting Sneasler! For information on how to participate check out the <a href=\"https:\/\/www.smogon.com\/forums\/threads\/sv-national-dex-suspect-8-just-dance.3731534\/\">suspect thread<\/a>.<\/strong><\/div>\n|j|\u2606Zersturer23\n|j|\u203dJjumkmyjj\n|t:|1701150985\n|gametype|singles\n|player|p1|Zersturer23|266|1123\n|player|p2|Jjumkmyjj|marlon|1046\n|teamsize|p1|6\n|teamsize|p2|6\n|gen|9\n|tier|[Gen 9] National Dex\n|rated|\n|rule|HP Percentage Mod: HP is shown in percentages\n|rule|Endless Battle Clause: Forcing endless battles is banned\n|rule|OHKO Clause: OHKO moves are banned\n|rule|Evasion Clause: Evasion abilities, items, and moves are banned\n|rule|Evasion Abilities Clause: Evasion abilities are banned\n|rule|Evasion Items Clause: Evasion items are banned\n|rule|Evasion Moves Clause: Evasion moves are banned\n|rule|Species Clause: Limit one of each Pok\u00e9mon\n|rule|Sleep Clause Mod: Limit one foe put to sleep\n|clearpoke\n|poke|p1|Torterra, M|\n|poke|p1|Ribombee, F|\n|poke|p1|Weavile, F|\n|poke|p1|Thundurus-Therian, M|\n|poke|p1|Aggron, F|\n|poke|p1|Mantine, M|\n|poke|p2|Espeon, M|\n|poke|p2|Zygarde-10%|\n|poke|p2|Nihilego|\n|poke|p2|Porygon2|\n|poke|p2|Pinsir, M|\n|poke|p2|Emboar, F|\n|teampreview\n|\n|t:|1701150989\n|start\n|switch|p1a: Ribombee|Ribombee, F|100\/100\n|switch|p2a: Espeon|Espeon, M|100\/100\n|turn|1\n|\n|t:|1701151000\n|move|p1a: Ribombee|Skill Swap|p2a: Espeon\n|-activate|p1a: Ribombee|move: Skill Swap|Magic Bounce|Shield Dust|[of] p2a: Espeon\n|move|p2a: Espeon|Substitute|p2a: Espeon\n|-start|p2a: Espeon|Substitute\n|-damage|p2a: Espeon|76\/100\n|\n|-heal|p2a: Espeon|82\/100|[from] item: Leftovers\n|upkeep\n|turn|2\n|inactive|Battle timer is ON: inactive players will automatically lose when time's up. (requested by Zersturer23)\n|\n|t:|1701151034\n|move|p1a: Ribombee|Sticky Web|p2a: Espeon\n|-sidestart|p2: Jjumkmyjj|move: Sticky Web\n|move|p2a: Espeon|Calm Mind|p2a: Espeon\n|-boost|p2a: Espeon|spa|1\n|-boost|p2a: Espeon|spd|1\n|\n|-heal|p2a: Espeon|88\/100|[from] item: Leftovers\n|upkeep\n|turn|3\n|\n|t:|1701151047\n|move|p1a: Ribombee|Moonblast|p2a: Espeon\n|-end|p2a: Espeon|Substitute\n|move|p2a: Espeon|Calm Mind|p2a: Espeon\n|-boost|p2a: Espeon|spa|1\n|-boost|p2a: Espeon|spd|1\n|\n|-heal|p2a: Espeon|93\/100|[from] item: Leftovers\n|upkeep\n|turn|4\n|\n|t:|1701151052\n|move|p1a: Ribombee|Stun Spore|p2a: Espeon|[miss]\n|-miss|p1a: Ribombee|p2a: Espeon\n|move|p2a: Espeon|Psychic|p1a: Ribombee\n|-enditem|p1a: Ribombee|Focus Sash\n|-damage|p1a: Ribombee|1\/100\n|\n|-heal|p2a: Espeon|99\/100|[from] item: Leftovers\n|upkeep\n|turn|5\n|\n|t:|1701151063\n|move|p1a: Ribombee|Stun Spore|p2a: Espeon\n|-status|p2a: Espeon|par\n|move|p2a: Espeon|Substitute|p2a: Espeon\n|-start|p2a: Espeon|Substitute\n|-damage|p2a: Espeon|75\/100 par\n|\n|-heal|p2a: Espeon|81\/100 par|[from] item: Leftovers\n|upkeep\n|turn|6\n|\n|t:|1701151069\n|move|p1a: Ribombee|Moonblast|p2a: Espeon\n|-end|p2a: Espeon|Substitute\n|move|p2a: Espeon|Psychic|p1a: Ribombee\n|-damage|p1a: Ribombee|0 fnt\n|faint|p1a: Ribombee\n|\n|-heal|p2a: Espeon|86\/100 par|[from] item: Leftovers\n|upkeep\n|\n|t:|1701151080\n|switch|p1a: Mantine|Mantine, M|100\/100\n|turn|7\n|\n|t:|1701151083\n|move|p1a: Mantine|Haze|p1a: Mantine\n|-clearallboost\n|move|p2a: Espeon|Psychic|p1a: Mantine\n|-damage|p1a: Mantine|77\/100\n|\n|-heal|p1a: Mantine|83\/100|[from] item: Leftovers\n|-heal|p2a: Espeon|92\/100 par|[from] item: Leftovers\n|upkeep\n|turn|8\n|inactive|Zersturer23 has 120 seconds left.\n|inactive|Zersturer23 has 90 seconds left.\n|\n|t:|1701151151\n|switch|p1a: Weavile|Weavile, F|100\/100\n|-ability|p1a: Weavile|Pressure\n|move|p2a: Espeon|Substitute|p2a: Espeon\n|-start|p2a: Espeon|Substitute\n|-damage|p2a: Espeon|68\/100 par\n|\n|-heal|p2a: Espeon|74\/100 par|[from] item: Leftovers\n|upkeep\n|turn|9\n|inactive|Zersturer23 has 90 seconds left.\n|inactive|Jjumkmyjj has 120 seconds left.\n|\n|t:|1701151178\n|move|p1a: Weavile|Pursuit|p2a: Espeon\n|-supereffective|p2a: Espeon\n|-end|p2a: Espeon|Substitute\n|move|p2a: Espeon|Dazzling Gleam|p1a: Weavile\n|-supereffective|p1a: Weavile\n|-damage|p1a: Weavile|22\/100\n|\n|-heal|p2a: Espeon|79\/100 par|[from] item: Leftovers\n|upkeep\n|turn|10\n|\n|t:|1701151187\n|move|p1a: Weavile|Pursuit|p2a: Espeon\n|-supereffective|p2a: Espeon\n|-damage|p2a: Espeon|0 fnt\n|faint|p2a: Espeon\n|\n|upkeep\n|inactive|Jjumkmyjj has 120 seconds left.\n|\n|t:|1701151200\n|switch|p2a: Emboar|Emboar, F|100\/100\n|-activate|p2a: Emboar|move: Sticky Web\n|-unboost|p2a: Emboar|spe|1\n|turn|11\n|inactive|Jjumkmyjj has 120 seconds left.\n|\n|t:|1701151216\n|switch|p1a: Mantine|Mantine, M|83\/100\n|move|p2a: Emboar|Wild Charge|p1a: Mantine\n|-supereffective|p1a: Mantine\n|-damage|p1a: Mantine|0 fnt\n|faint|p1a: Mantine\n|-damage|p2a: Emboar|82\/100|[from] Recoil\n|\n|upkeep\n|\n|t:|1701151226\n|switch|p1a: Weavile|Weavile, F|22\/100\n|-ability|p1a: Weavile|Pressure\n|turn|12\n|inactive|Jjumkmyjj has 120 seconds left.\n|inactive|Jjumkmyjj has 90 seconds left.\n|\n|t:|1701151294\n|move|p1a: Weavile|Poison Jab|p2a: Emboar\n|-damage|p2a: Emboar|38\/100\n|move|p2a: Emboar|Flare Blitz|p1a: Weavile\n|-supereffective|p1a: Weavile\n|-damage|p1a: Weavile|0 fnt\n|faint|p1a: Weavile\n|-damage|p2a: Emboar|33\/100|[from] Recoil\n|\n|upkeep\n|inactive|Zersturer23 has 90 seconds left.\n|\n|t:|1701151318\n|switch|p1a: Torterra|Torterra, M|100\/100\n|turn|13\n|\n|t:|1701151331\n|-terastallize|p1a: Torterra|Water\n|move|p1a: Torterra|Shell Smash|p1a: Torterra\n|-unboost|p1a: Torterra|def|1\n|-unboost|p1a: Torterra|spd|1\n|-boost|p1a: Torterra|atk|2\n|-boost|p1a: Torterra|spa|2\n|-boost|p1a: Torterra|spe|2\n|move|p2a: Emboar|Flare Blitz|p1a: Torterra\n|-resisted|p1a: Torterra\n|-damage|p1a: Torterra|38\/100\n|-damage|p2a: Emboar|17\/100|[from] Recoil\n|-enditem|p2a: Emboar|Aguav Berry|[eat]\n|-heal|p2a: Emboar|50\/100|[from] item: Aguav Berry\n|\n|upkeep\n|turn|14\n|inactive|Zersturer23 has 90 seconds left.\n|\n|t:|1701151345\n|move|p1a: Torterra|Rock Blast|p2a: Emboar\n|-damage|p2a: Emboar|30\/100\n|-damage|p2a: Emboar|11\/100\n|-damage|p2a: Emboar|0 fnt\n|faint|p2a: Emboar\n|-hitcount|p2: Emboar|3\n|\n|upkeep\n|\n|t:|1701151362\n|switch|p2a: Pinsir|Pinsir, M|100\/100\n|-activate|p2a: Pinsir|move: Sticky Web\n|-unboost|p2a: Pinsir|spe|1\n|turn|15\n|inactive|Zersturer23 has 90 seconds left.\n|\n|t:|1701151398\n|detailschange|p2a: Pinsir|Pinsir-Mega, M\n|-mega|p2a: Pinsir|Pinsir|Pinsirite\n|move|p2a: Pinsir|Quick Attack|p1a: Torterra\n|-damage|p1a: Torterra|0 fnt\n|faint|p1a: Torterra\n|\n|upkeep\n|\n|t:|1701151407\n|switch|p1a: Thundurus|Thundurus-Therian, M|100\/100\n|turn|16\n|\n|t:|1701151418\n|switch|p2a: Nihilego|Nihilego|100\/100\n|-activate|p2a: Nihilego|move: Sticky Web\n|-unboost|p2a: Nihilego|spe|1\n|move|p1a: Thundurus|Thunderbolt|p2a: Nihilego\n|-damage|p2a: Nihilego|58\/100\n|\n|upkeep\n|turn|17\n|\n|t:|1701151431\n|move|p1a: Thundurus|Thunderbolt|p2a: Nihilego\n|-damage|p2a: Nihilego|19\/100\n|move|p2a: Nihilego|Meteor Beam||[still]\n|-prepare|p2a: Nihilego|Meteor Beam\n|-boost|p2a: Nihilego|spa|1\n|-enditem|p2a: Nihilego|Power Herb\n|-anim|p2a: Nihilego|Meteor Beam|p1a: Thundurus|[miss]\n|-miss|p2a: Nihilego|p1a: Thundurus\n|\n|upkeep\n|turn|18\n|inactive|Jjumkmyjj has 90 seconds left.\n|\n|t:|1701151440\n|move|p1a: Thundurus|Thunderbolt|p2a: Nihilego\n|-damage|p2a: Nihilego|0 fnt\n|faint|p2a: Nihilego\n|\n|upkeep\n|inactive|Jjumkmyjj has 90 seconds left.\n|\n|t:|1701151449\n|switch|p2a: Zygarde|Zygarde-10%|100\/100\n|-activate|p2a: Zygarde|move: Sticky Web\n|-unboost|p2a: Zygarde|spe|1\n|-ability|p2a: Zygarde|Aura Break\n|turn|19\n|\n|t:|1701151454\n|move|p1a: Thundurus|Hidden Power|p2a: Zygarde\n|-supereffective|p2a: Zygarde\n|-damage|p2a: Zygarde|0 fnt\n|faint|p2a: Zygarde\n|\n|upkeep\n|\n|t:|1701151459\n|switch|p2a: Porygon2|Porygon2|100\/100\n|-activate|p2a: Porygon2|move: Sticky Web\n|-unboost|p2a: Porygon2|spe|1\n|turn|20\n|\n|t:|1701151468\n|switch|p1a: Aggron|Aggron, F|100\/100\n|move|p2a: Porygon2|Tri Attack|p1a: Aggron\n|-resisted|p1a: Aggron\n|-damage|p1a: Aggron|82\/100\n|\n|upkeep\n|turn|21\n|\n|t:|1701151474\n|switch|p2a: Pinsir|Pinsir-Mega, M|100\/100\n|detailschange|p1a: Aggron|Aggron-Mega, F\n|-mega|p1a: Aggron|Aggron|Aggronite\n|move|p1a: Aggron|Toxic|p2a: Pinsir\n|-status|p2a: Pinsir|tox\n|\n|-damage|p2a: Pinsir|95\/100 tox|[from] psn\n|upkeep\n|turn|22\n|\n|t:|1701151483\n|move|p2a: Pinsir|Earthquake|p1a: Aggron\n|-supereffective|p1a: Aggron\n|-crit|p1a: Aggron\n|-damage|p1a: Aggron|50\/100\n|move|p1a: Aggron|Stealth Rock|p2a: Pinsir\n|-sidestart|p2: Jjumkmyjj|move: Stealth Rock\n|\n|-damage|p2a: Pinsir|83\/100 tox|[from] psn\n|upkeep\n|turn|23\n|inactive|Zersturer23 has 120 seconds left.\n|inactive|Jjumkmyjj has 120 seconds left.\n|\n|t:|1701151490\n|move|p1a: Aggron|Protect|p1a: Aggron\n|-singleturn|p1a: Aggron|Protect\n|move|p2a: Pinsir|Earthquake|p1a: Aggron\n|-activate|p1a: Aggron|move: Protect\n|\n|-damage|p2a: Pinsir|65\/100 tox|[from] psn\n|upkeep\n|turn|24\n|inactive|Zersturer23 has 120 seconds left.\n|\n|t:|1701151502\n|move|p2a: Pinsir|Return|p1a: Aggron\n|-resisted|p1a: Aggron\n|-damage|p1a: Aggron|36\/100\n|move|p1a: Aggron|Roar|p2a: Pinsir\n|drag|p2a: Porygon2|Porygon2|100\/100\n|-activate|p2a: Porygon2|move: Sticky Web\n|-unboost|p2a: Porygon2|spe|1\n|-damage|p2a: Porygon2|88\/100|[from] Stealth Rock\n|\n|upkeep\n|turn|25\n|\n|t:|1701151511\n|move|p1a: Aggron|Toxic|p2a: Porygon2\n|-status|p2a: Porygon2|tox\n|move|p2a: Porygon2|Tri Attack|p1a: Aggron\n|-resisted|p1a: Aggron\n|-damage|p1a: Aggron|6\/100\n|\n|-damage|p2a: Porygon2|82\/100 tox|[from] psn\n|upkeep\n|turn|26\n|\n|t:|1701151521\n|move|p1a: Aggron|Protect|p1a: Aggron\n|-singleturn|p1a: Aggron|Protect\n|move|p2a: Porygon2|Tri Attack|p1a: Aggron\n|-activate|p1a: Aggron|move: Protect\n|\n|-damage|p2a: Porygon2|70\/100 tox|[from] psn\n|upkeep\n|turn|27\n|\n|t:|1701151537\n|move|p1a: Aggron|Protect|p1a: Aggron\n|-singleturn|p1a: Aggron|Protect\n|move|p2a: Porygon2|Tri Attack|p1a: Aggron\n|-activate|p1a: Aggron|move: Protect\n|\n|-damage|p2a: Porygon2|51\/100 tox|[from] psn\n|upkeep\n|turn|28\n|\n|t:|1701151547\n|move|p1a: Aggron|Protect||[still]\n|-fail|p1a: Aggron\n|move|p2a: Porygon2|Tri Attack|p1a: Aggron\n|-resisted|p1a: Aggron\n|-damage|p1a: Aggron|0 fnt\n|faint|p1a: Aggron\n|\n|-damage|p2a: Porygon2|27\/100 tox|[from] psn\n|upkeep\n|\n|t:|1701151552\n|switch|p1a: Thundurus|Thundurus-Therian, M|100\/100\n|turn|29\n|\n|t:|1701151556\n|switch|p2a: Pinsir|Pinsir-Mega, M|65\/100 tox\n|-damage|p2a: Pinsir|15\/100 tox|[from] Stealth Rock\n|move|p1a: Thundurus|Thunderbolt|p2a: Pinsir\n|-supereffective|p2a: Pinsir\n|-damage|p2a: Pinsir|0 fnt\n|faint|p2a: Pinsir\n|\n|upkeep\n|\n|t:|1701151561\n|switch|p2a: Porygon2|Porygon2|27\/100 tox\n|-activate|p2a: Porygon2|move: Sticky Web\n|-unboost|p2a: Porygon2|spe|1\n|-damage|p2a: Porygon2|14\/100 tox|[from] Stealth Rock\n|turn|30\n|\n|t:|1701151568\n|move|p1a: Thundurus|Thunderbolt|p2a: Porygon2\n|-damage|p2a: Porygon2|0 fnt\n|faint|p2a: Porygon2\n|\n|win|Zersturer23\n|raw|Zersturer23's rating: 1123 &rarr; <strong>1145<\/strong><br \/>(+22 for winning)\n|raw|Jjumkmyjj's rating: 1077 &rarr; <strong>1058<\/strong><br \/>(-19 for losing)\n|l|\u203dJjumkmyjj\n","uploadtime":1701151575,"views":2,"p1id":"zersturer23","p2id":"jjumkmyjj","formatid":"gen9nationaldex","rating":1058,"private":0,"password":""}