{"id":"gen9nationaldex-1998239233","p1":"Sokko666","p2":"AvaIWillWinYou","format":"[Gen 9] National Dex","log":"|html|<div class=\"broadcast-blue\"><strong>[Gen 9] National Dex is currently suspecting Sneasler! For information on how to participate check out the <a href=\"https:\/\/www.smogon.com\/forums\/threads\/sv-national-dex-suspect-8-just-dance.3731534\/\">suspect thread<\/a>.<\/strong><\/div>\n|j|\u2606Sokko666\n|j|\u2606AvaIWillWinYou\n|t:|1700918129\n|gametype|singles\n|player|p1|Sokko666|wattson|1263\n|player|p2|AvaIWillWinYou|cynthia|1284\n|teamsize|p1|6\n|teamsize|p2|6\n|gen|9\n|tier|[Gen 9] National Dex\n|rated|\n|rule|HP Percentage Mod: HP is shown in percentages\n|rule|Endless Battle Clause: Forcing endless battles is banned\n|rule|OHKO Clause: OHKO moves are banned\n|rule|Evasion Clause: Evasion abilities, items, and moves are banned\n|rule|Evasion Abilities Clause: Evasion abilities are banned\n|rule|Evasion Items Clause: Evasion items are banned\n|rule|Evasion Moves Clause: Evasion moves are banned\n|rule|Species Clause: Limit one of each Pok\u00e9mon\n|rule|Sleep Clause Mod: Limit one foe put to sleep\n|clearpoke\n|poke|p1|Charizard, F|\n|poke|p1|Venusaur, F|\n|poke|p1|Great Tusk|\n|poke|p1|Grimmsnarl, M|\n|poke|p1|Alomomola, F|\n|poke|p1|Aegislash, M|\n|poke|p2|Urshifu-*, M|\n|poke|p2|Polteageist|\n|poke|p2|Togedemaru, L1, F|\n|poke|p2|Beedrill, F|\n|poke|p2|Slurpuff, F|\n|poke|p2|Celesteela|\n|teampreview\n|inactive|Battle timer is ON: inactive players will automatically lose when time's up. (requested by AvaIWillWinYou)\n|\n|t:|1700918152\n|start\n|switch|p1a: Charizard|Charizard, F|100\/100\n|switch|p2a: Lowbudget Kirby|Slurpuff, F|100\/100\n|turn|1\n|inactive|AvaIWillWinYou has 120 seconds left.\n|\n|t:|1700918186\n|detailschange|p1a: Charizard|Charizard-Mega-Y, F\n|-mega|p1a: Charizard|Charizard|Charizardite Y\n|-weather|SunnyDay|[from] ability: Drought|[of] p1a: Charizard\n|move|p1a: Charizard|Flamethrower|p2a: Lowbudget Kirby\n|-damage|p2a: Lowbudget Kirby|0 fnt\n|faint|p2a: Lowbudget Kirby\n|\n|-weather|SunnyDay|[upkeep]\n|upkeep\n|inactive|AvaIWillWinYou has 120 seconds left.\n|\n|t:|1700918198\n|switch|p2a: Freddy Fazbear|Urshifu-Rapid-Strike, M|100\/100\n|turn|2\n|inactive|AvaIWillWinYou has 120 seconds left.\n|\n|t:|1700918222\n|move|p2a: Freddy Fazbear|Surging Strikes|p1a: Charizard\n|-supereffective|p1a: Charizard\n|-crit|p1a: Charizard\n|-damage|p1a: Charizard|74\/100\n|-supereffective|p1a: Charizard\n|-crit|p1a: Charizard\n|-damage|p1a: Charizard|45\/100\n|-supereffective|p1a: Charizard\n|-crit|p1a: Charizard\n|-damage|p1a: Charizard|16\/100\n|-hitcount|p1a: Charizard|3\n|move|p1a: Charizard|Solar Beam||[still]\n|-prepare|p1a: Charizard|Solar Beam\n|-anim|p1a: Charizard|Solar Beam|p2a: Freddy Fazbear\n|-supereffective|p2a: Freddy Fazbear\n|-damage|p2a: Freddy Fazbear|0 fnt\n|faint|p2a: Freddy Fazbear\n|\n|-weather|SunnyDay|[upkeep]\n|upkeep\n|inactive|AvaIWillWinYou has 120 seconds left.\n|\n|t:|1700918238\n|switch|p2a: Beedrill|Beedrill, F|100\/100\n|turn|3\n|\n|t:|1700918245\n|switch|p1a: Aegislash|Aegislash, M|100\/100\n|detailschange|p2a: Beedrill|Beedrill-Mega, F\n|-mega|p2a: Beedrill|Beedrill|Beedrillite\n|move|p2a: Beedrill|Fell Stinger|p1a: Aegislash\n|-resisted|p1a: Aegislash\n|-damage|p1a: Aegislash|92\/100\n|\n|-weather|SunnyDay|[upkeep]\n|-heal|p1a: Aegislash|99\/100|[from] item: Leftovers\n|upkeep\n|turn|4\n|\n|t:|1700918254\n|move|p2a: Beedrill|Knock Off|p1a: Aegislash\n|-supereffective|p1a: Aegislash\n|-damage|p1a: Aegislash|41\/100\n|-enditem|p1a: Aegislash|Leftovers|[from] move: Knock Off|[of] p2a: Beedrill\n|move|p1a: Aegislash|Substitute|p1a: Aegislash\n|-start|p1a: Aegislash|Substitute\n|-damage|p1a: Aegislash|16\/100\n|\n|-weather|SunnyDay|[upkeep]\n|upkeep\n|turn|5\n|\n|t:|1700918263\n|move|p1a: Aegislash|King's Shield|p1a: Aegislash\n|-singleturn|p1a: Aegislash|Protect\n|move|p2a: Beedrill|Knock Off|p1a: Aegislash\n|-activate|p1a: Aegislash|move: Protect\n|-unboost|p2a: Beedrill|atk|1\n|\n|-weather|none\n|upkeep\n|turn|6\n|\n|t:|1700918272\n|move|p2a: Beedrill|Knock Off|p1a: Aegislash\n|-supereffective|p1a: Aegislash\n|-end|p1a: Aegislash|Substitute\n|move|p1a: Aegislash|Toxic|p2a: Beedrill\n|-immune|p2a: Beedrill\n|\n|upkeep\n|turn|7\n|\n|t:|1700918284\n|move|p1a: Aegislash|King's Shield|p1a: Aegislash\n|-singleturn|p1a: Aegislash|Protect\n|move|p2a: Beedrill|Drill Run|p1a: Aegislash\n|-activate|p1a: Aegislash|move: Protect\n|-unboost|p2a: Beedrill|atk|1\n|\n|upkeep\n|turn|8\n|\n|t:|1700918300\n|switch|p1a: Charizard|Charizard-Mega-Y, F|16\/100\n|-weather|SunnyDay|[from] ability: Drought|[of] p1a: Charizard\n|move|p2a: Beedrill|Drill Run|p1a: Charizard\n|-immune|p1a: Charizard\n|\n|-weather|SunnyDay|[upkeep]\n|upkeep\n|turn|9\n|\n|t:|1700918312\n|switch|p2a: Tea|Polteageist|100\/100\n|switch|p1a: Aegislash|Aegislash, M|16\/100\n|\n|-weather|SunnyDay|[upkeep]\n|upkeep\n|turn|10\n|\n|t:|1700918319\n|move|p2a: Tea|Shell Smash|p2a: Tea\n|-unboost|p2a: Tea|def|1\n|-unboost|p2a: Tea|spd|1\n|-boost|p2a: Tea|atk|2\n|-boost|p2a: Tea|spa|2\n|-boost|p2a: Tea|spe|2\n|-formechange|p1a: Aegislash|Aegislash-Blade||[from] ability: Stance Change\n|move|p1a: Aegislash|Shadow Ball|p2a: Tea\n|-supereffective|p2a: Tea\n|-enditem|p2a: Tea|Focus Sash\n|-damage|p2a: Tea|1\/100\n|\n|-weather|SunnyDay|[upkeep]\n|upkeep\n|turn|11\n|\n|t:|1700918331\n|move|p2a: Tea|Stored Power|p1a: Aegislash\n|-resisted|p1a: Aegislash\n|-damage|p1a: Aegislash|0 fnt\n|faint|p1a: Aegislash\n|\n|-weather|SunnyDay|[upkeep]\n|upkeep\n|\n|t:|1700918338\n|switch|p1a: Grimmsnarl|Grimmsnarl, M|100\/100\n|turn|12\n|\n|t:|1700918346\n|-terastallize|p2a: Tea|Fighting\n|move|p1a: Grimmsnarl|Light Screen|p1a: Grimmsnarl\n|-sidestart|p1: Sokko666|move: Light Screen\n|move|p2a: Tea|Tera Blast|p1a: Grimmsnarl|[anim] Tera Blast Fighting\n|-damage|p1a: Grimmsnarl|68\/100\n|\n|-weather|none\n|upkeep\n|turn|13\n|\n|t:|1700918359\n|move|p2a: Tea|Shadow Ball|p1a: Grimmsnarl\n|-resisted|p1a: Grimmsnarl\n|-damage|p1a: Grimmsnarl|49\/100\n|move|p1a: Grimmsnarl|Spirit Break|p2a: Tea\n|-supereffective|p2a: Tea\n|-damage|p2a: Tea|0 fnt\n|-start|p1a: Grimmsnarl|Disable|Spirit Break|[from] ability: Cursed Body|[of] p2a: Tea\n|faint|p2a: Tea\n|\n|upkeep\n|\n|t:|1700918365\n|switch|p2a: Not A Football|Togedemaru, L1, F|100\/100\n|turn|14\n|\n|t:|1700918371\n|move|p1a: Grimmsnarl|Parting Shot|p2a: Not A Football\n|-unboost|p2a: Not A Football|atk|1\n|-unboost|p2a: Not A Football|spa|1\n|\n|t:|1700918379\n|switch|p1a: Great Tusk|Great Tusk|100\/100|[from] Parting Shot\n|move|p2a: Not A Football|Endeavor|p1a: Great Tusk\n|-damage|p1a: Great Tusk|4\/100\n|\n|upkeep\n|turn|15\n|\n|t:|1700918391\n|move|p2a: Not A Football|Spiky Shield|p2a: Not A Football\n|-singleturn|p2a: Not A Football|move: Protect\n|move|p1a: Great Tusk|Headlong Rush|p2a: Not A Football\n|-activate|p2a: Not A Football|move: Protect\n|-damage|p1a: Great Tusk|0 fnt|[from] Spiky Shield|[of] p2a: Not A Football\n|faint|p1a: Great Tusk\n|-end|p1a: Great Tusk|Protosynthesis|[silent]\n|\n|upkeep\n|\n|t:|1700918398\n|switch|p1a: Charizard|Charizard-Mega-Y, F|16\/100\n|-weather|SunnyDay|[from] ability: Drought|[of] p1a: Charizard\n|turn|16\n|\n|t:|1700918404\n|move|p1a: Charizard|Flamethrower|p2a: Not A Football\n|-supereffective|p2a: Not A Football\n|-ability|p2a: Not A Football|Sturdy\n|-damage|p2a: Not A Football|8\/100\n|move|p2a: Not A Football|Endeavor|p1a: Charizard\n|-damage|p1a: Charizard|1\/100\n|-heal|p2a: Not A Football|47\/100|[from] item: Shell Bell|[of] p1a: Charizard\n|\n|-weather|SunnyDay|[upkeep]\n|upkeep\n|turn|17\n|\n|t:|1700918413\n|move|p2a: Not A Football|Spiky Shield|p2a: Not A Football\n|-singleturn|p2a: Not A Football|move: Protect\n|move|p1a: Charizard|Flamethrower|p2a: Not A Football\n|-activate|p2a: Not A Football|move: Protect\n|\n|-weather|SunnyDay|[upkeep]\n|upkeep\n|turn|18\n|\n|t:|1700918419\n|move|p1a: Charizard|Flamethrower|p2a: Not A Football\n|-supereffective|p2a: Not A Football\n|-crit|p2a: Not A Football\n|-damage|p2a: Not A Football|0 fnt\n|faint|p2a: Not A Football\n|\n|-weather|SunnyDay|[upkeep]\n|upkeep\n|\n|t:|1700918422\n|switch|p2a: Beedrill|Beedrill-Mega, F|100\/100\n|turn|19\n|\n|t:|1700918428\n|switch|p1a: Alomomola|Alomomola, F|100\/100\n|move|p2a: Beedrill|Fell Stinger|p1a: Alomomola\n|-damage|p1a: Alomomola|78\/100\n|\n|-weather|SunnyDay|[upkeep]\n|-sideend|p1: Sokko666|move: Light Screen\n|upkeep\n|turn|20\n|\n|t:|1700918438\n|switch|p2a: Celesteela|Celesteela|100\/100\n|move|p1a: Alomomola|Wish|p1a: Alomomola\n|\n|-weather|none\n|upkeep\n|turn|21\n|\n|t:|1700918444\n|move|p2a: Celesteela|Autotomize|p2a: Celesteela\n|-boost|p2a: Celesteela|spe|2\n|-start|p2a: Celesteela|Autotomize\n|move|p1a: Alomomola|Flip Turn|p2a: Celesteela\n|-damage|p2a: Celesteela|84\/100\n|\n|t:|1700918452\n|switch|p1a: Charizard|Charizard-Mega-Y, F|1\/100|[from] Flip Turn\n|-weather|SunnyDay|[from] ability: Drought|[of] p1a: Charizard\n|\n|-weather|SunnyDay|[upkeep]\n|-heal|p1a: Charizard|80\/100|[from] move: Wish|[wisher] Alomomola\n|upkeep\n|turn|22\n|\n|t:|1700918459\n|move|p2a: Celesteela|Meteor Beam||[still]\n|-prepare|p2a: Celesteela|Meteor Beam\n|-boost|p2a: Celesteela|spa|1\n|-enditem|p2a: Celesteela|Power Herb\n|-anim|p2a: Celesteela|Meteor Beam|p1a: Charizard\n|-supereffective|p1a: Charizard\n|-damage|p1a: Charizard|0 fnt\n|faint|p1a: Charizard\n|-ability|p2a: Celesteela|Beast Boost|boost\n|-boost|p2a: Celesteela|spa|1\n|\n|-weather|SunnyDay|[upkeep]\n|upkeep\n|\n|t:|1700918468\n|switch|p1a: Venusaur|Venusaur, F|100\/100\n|turn|23\n|\n|t:|1700918472\n|move|p1a: Venusaur|Weather Ball|p2a: Celesteela\n|-supereffective|p2a: Celesteela\n|-damage|p2a: Celesteela|0 fnt\n|faint|p2a: Celesteela\n|-damage|p1a: Venusaur|91\/100|[from] item: Life Orb\n|\n|-weather|SunnyDay|[upkeep]\n|upkeep\n|\n|t:|1700918480\n|switch|p2a: Beedrill|Beedrill-Mega, F|100\/100\n|turn|24\n|\n|t:|1700918487\n|move|p1a: Venusaur|Weather Ball|p2a: Beedrill\n|-supereffective|p2a: Beedrill\n|-crit|p2a: Beedrill\n|-damage|p2a: Beedrill|0 fnt\n|faint|p2a: Beedrill\n|-damage|p1a: Venusaur|81\/100|[from] item: Life Orb\n|\n|win|Sokko666\n|raw|Sokko666's rating: 1263 &rarr; <strong>1290<\/strong><br \/>(+27 for winning)\n|raw|AvaIWillWinYou's rating: 1284 &rarr; <strong>1257<\/strong><br \/>(-27 for losing)\n|l|\u2606AvaIWillWinYou\n","uploadtime":1700918501,"views":17,"p1id":"sokko666","p2id":"avaiwillwinyou","formatid":"gen9nationaldex","rating":1257,"private":0,"password":""}