{"id":"gen9nationaldex-1993053979","p1":"LeafyWithChin","p2":"gock glocker","format":"[Gen 9] National Dex","log":"|j|\u2606LeafyWithChin\n|j|\u2606gock glocker\n|t:|1700259639\n|gametype|singles\n|player|p1|LeafyWithChin|red|1500\n|player|p2|gock glocker|acerola-masters|1562\n|teamsize|p1|6\n|teamsize|p2|6\n|gen|9\n|tier|[Gen 9] National Dex\n|rated|\n|rule|HP Percentage Mod: HP is shown in percentages\n|rule|Endless Battle Clause: Forcing endless battles is banned\n|rule|OHKO Clause: OHKO moves are banned\n|rule|Evasion Clause: Evasion abilities, items, and moves are banned\n|rule|Evasion Abilities Clause: Evasion abilities are banned\n|rule|Evasion Items Clause: Evasion items are banned\n|rule|Evasion Moves Clause: Evasion moves are banned\n|rule|Species Clause: Limit one of each Pok\u00e9mon\n|rule|Sleep Clause Mod: Limit one foe put to sleep\n|clearpoke\n|poke|p1|Tornadus-Therian, M|\n|poke|p1|Iron Valiant|\n|poke|p1|Slowking-Galar, F|\n|poke|p1|Dondozo, M|\n|poke|p1|Clodsire, F|\n|poke|p1|Kartana|\n|poke|p2|Quagsire, F|\n|poke|p2|Ogerpon-Wellspring, F|\n|poke|p2|Volcarona, F|\n|poke|p2|Gliscor, M|\n|poke|p2|Diancie|\n|poke|p2|Heatran, F|\n|teampreview\n|inactive|Battle timer is ON: inactive players will automatically lose when time's up. (requested by gock glocker)\n|\n|t:|1700259644\n|start\n|switch|p1a: TrumpSupporter|Tornadus-Therian, M, shiny|100\/100\n|switch|p2a: Diancie|Diancie|100\/100\n|turn|1\n|\n|t:|1700259649\n|switch|p1a: Autism CEO|Slowking-Galar, F|100\/100\n|detailschange|p2a: Diancie|Diancie-Mega\n|-mega|p2a: Diancie|Diancie|Diancite\n|move|p2a: Diancie|Stealth Rock|p1a: Autism CEO\n|-sidestart|p1: LeafyWithChin|move: Stealth Rock\n|\n|upkeep\n|turn|2\n|\n|t:|1700259657\n|switch|p2a: Heatran|Heatran, F|100\/100\n|move|p1a: Autism CEO|Sludge Bomb|p2a: Heatran\n|-immune|p2a: Heatran\n|\n|upkeep\n|turn|3\n|\n|t:|1700259667\n|switch|p1a: Unaware Wife|Clodsire, F, shiny|100\/100\n|-damage|p1a: Unaware Wife|94\/100|[from] Stealth Rock\n|move|p2a: Heatran|Magma Storm|p1a: Unaware Wife\n|-damage|p1a: Unaware Wife|73\/100\n|-activate|p1a: Unaware Wife|move: Magma Storm|[of] p2a: Heatran\n|\n|-heal|p1a: Unaware Wife|80\/100|[from] item: Leftovers\n|-damage|p1a: Unaware Wife|67\/100|[from] move: Magma Storm|[partiallytrapped]\n|upkeep\n|turn|4\n|l|\u2606LeafyWithChin\n|inactive|LeafyWithChin disconnected and has a minute to reconnect!\n|player|p1|\n|j|\u2606LeafyWithChin\n|inactive|LeafyWithChin reconnected and has 125 seconds left.\n|player|p1|LeafyWithChin|red\n|inactive|LeafyWithChin has 120 seconds left.\n|\n|t:|1700259698\n|switch|p2a: Ogerpon|Ogerpon-Wellspring, F|100\/100\n|move|p1a: Unaware Wife|Recover|p1a: Unaware Wife\n|-heal|p1a: Unaware Wife|100\/100\n|\n|-end|p1a: Unaware Wife|Magma Storm|[partiallytrapped]|[silent]\n|upkeep\n|turn|5\n|\n|t:|1700259711\n|move|p2a: Ogerpon|Swords Dance|p2a: Ogerpon\n|-boost|p2a: Ogerpon|atk|2\n|move|p1a: Unaware Wife|Toxic|p2a: Ogerpon\n|-status|p2a: Ogerpon|tox\n|\n|-damage|p2a: Ogerpon|95\/100 tox|[from] psn\n|upkeep\n|turn|6\n|\n|t:|1700259722\n|switch|p1a: Clod Lover|Dondozo, M|100\/100\n|-damage|p1a: Clod Lover|88\/100|[from] Stealth Rock\n|move|p2a: Ogerpon|Power Whip|p1a: Clod Lover|[miss]\n|-miss|p2a: Ogerpon|p1a: Clod Lover\n|\n|-heal|p1a: Clod Lover|94\/100|[from] item: Leftovers\n|-damage|p2a: Ogerpon|83\/100 tox|[from] psn\n|upkeep\n|turn|7\n|c|\u2606gock glocker|not like this\n|inactive|LeafyWithChin has 120 seconds left.\n|c|\u2606LeafyWithChin|im ultra super duper gay\n|\n|t:|1700259747\n|-terastallize|p1a: Clod Lover|Grass\n|move|p2a: Ogerpon|Power Whip|p1a: Clod Lover\n|-resisted|p1a: Clod Lover\n|-damage|p1a: Clod Lover|77\/100\n|move|p1a: Clod Lover|Curse|p1a: Clod Lover\n|-unboost|p1a: Clod Lover|spe|1\n|-boost|p1a: Clod Lover|atk|1\n|-boost|p1a: Clod Lover|def|1\n|\n|-heal|p1a: Clod Lover|84\/100|[from] item: Leftovers\n|-damage|p2a: Ogerpon|65\/100 tox|[from] psn\n|upkeep\n|turn|8\n|\n|t:|1700259752\n|move|p2a: Ogerpon|Play Rough|p1a: Clod Lover\n|-damage|p1a: Clod Lover|73\/100\n|move|p1a: Clod Lover|Curse|p1a: Clod Lover\n|-unboost|p1a: Clod Lover|spe|1\n|-boost|p1a: Clod Lover|atk|1\n|-boost|p1a: Clod Lover|def|1\n|\n|-heal|p1a: Clod Lover|79\/100|[from] item: Leftovers\n|-damage|p2a: Ogerpon|41\/100 tox|[from] psn\n|upkeep\n|turn|9\n|\n|t:|1700259759\n|move|p2a: Ogerpon|Ivy Cudgel|p1a: Clod Lover|[anim] Ivy Cudgel Water\n|-resisted|p1a: Clod Lover\n|-damage|p1a: Clod Lover|72\/100\n|move|p1a: Clod Lover|Liquidation|p2a: Ogerpon\n|-heal|p2a: Ogerpon|66\/100 tox|[from] ability: Water Absorb|[of] p1a: Clod Lover\n|\n|-heal|p1a: Clod Lover|78\/100|[from] item: Leftovers\n|-damage|p2a: Ogerpon|36\/100 tox|[from] psn\n|upkeep\n|turn|10\n|\n|t:|1700259763\n|move|p2a: Ogerpon|Ivy Cudgel|p1a: Clod Lover|[anim] Ivy Cudgel Water\n|-resisted|p1a: Clod Lover\n|-damage|p1a: Clod Lover|72\/100\n|move|p1a: Clod Lover|Curse|p1a: Clod Lover\n|-unboost|p1a: Clod Lover|spe|1\n|-boost|p1a: Clod Lover|atk|1\n|-boost|p1a: Clod Lover|def|1\n|\n|-heal|p1a: Clod Lover|78\/100|[from] item: Leftovers\n|-damage|p2a: Ogerpon|0 fnt|[from] psn\n|faint|p2a: Ogerpon\n|upkeep\n|\n|t:|1700259767\n|switch|p2a: Heatran|Heatran, F|100\/100\n|turn|11\n|\n|t:|1700259774\n|switch|p1a: TrumpSupporter|Tornadus-Therian, M, shiny|100\/100\n|move|p2a: Heatran|Magma Storm|p1a: TrumpSupporter\n|-damage|p1a: TrumpSupporter|70\/100\n|-activate|p1a: TrumpSupporter|move: Magma Storm|[of] p2a: Heatran\n|\n|-damage|p1a: TrumpSupporter|57\/100|[from] move: Magma Storm|[partiallytrapped]\n|upkeep\n|turn|12\n|\n|t:|1700259781\n|move|p1a: TrumpSupporter|U-turn|p2a: Heatran\n|-resisted|p2a: Heatran\n|-damage|p2a: Heatran|97\/100\n|\n|t:|1700259783\n|switch|p1a: Autism CEO|Slowking-Galar, F|100\/100|[from] U-turn\n|-damage|p1a: Autism CEO|88\/100|[from] Stealth Rock\n|move|p2a: Heatran|Taunt|p1a: Autism CEO\n|-start|p1a: Autism CEO|move: Taunt\n|\n|-heal|p2a: Heatran|100\/100|[from] item: Leftovers\n|upkeep\n|turn|13\n|\n|t:|1700259786\n|move|p2a: Heatran|Magma Storm|p1a: Autism CEO\n|-damage|p1a: Autism CEO|69\/100\n|-activate|p1a: Autism CEO|move: Magma Storm|[of] p2a: Heatran\n|move|p1a: Autism CEO|Future Sight|p2a: Heatran\n|-start|p1a: Autism CEO|move: Future Sight\n|\n|-damage|p1a: Autism CEO|57\/100|[from] move: Magma Storm|[partiallytrapped]\n|upkeep\n|turn|14\n|\n|t:|1700259801\n|move|p2a: Heatran|Earth Power|p1a: Autism CEO\n|-supereffective|p1a: Autism CEO\n|-damage|p1a: Autism CEO|34\/100\n|-unboost|p1a: Autism CEO|spd|1\n|move|p1a: Autism CEO|Sludge Bomb|p2a: Heatran\n|-immune|p2a: Heatran\n|\n|-damage|p1a: Autism CEO|21\/100|[from] move: Magma Storm|[partiallytrapped]\n|-end|p1a: Autism CEO|move: Taunt\n|upkeep\n|turn|15\n|\n|t:|1700259809\n|move|p2a: Heatran|Earth Power|p1a: Autism CEO\n|-supereffective|p1a: Autism CEO\n|-damage|p1a: Autism CEO|0 fnt\n|faint|p1a: Autism CEO\n|\n|-end|p2a: Heatran|move: Future Sight\n|-resisted|p2a: Heatran\n|-damage|p2a: Heatran|85\/100\n|-heal|p2a: Heatran|91\/100|[from] item: Leftovers\n|upkeep\n|\n|t:|1700259819\n|switch|p1a: Femboy|Iron Valiant|100\/100\n|-damage|p1a: Femboy|94\/100|[from] Stealth Rock\n|-enditem|p1a: Femboy|Booster Energy\n|-activate|p1a: Femboy|ability: Quark Drive|[fromitem]\n|-start|p1a: Femboy|quarkdrivespe\n|turn|16\n|\n|t:|1700259847\n|move|p1a: Femboy|Aura Sphere|p2a: Heatran\n|-supereffective|p2a: Heatran\n|-damage|p2a: Heatran|40\/100\n|move|p2a: Heatran|Magma Storm|p1a: Femboy|[miss]\n|-miss|p2a: Heatran|p1a: Femboy\n|\n|-heal|p2a: Heatran|46\/100|[from] item: Leftovers\n|upkeep\n|turn|17\n|\n|t:|1700259852\n|switch|p2a: Gliscor|Gliscor, M|100\/100\n|move|p1a: Femboy|Aura Sphere|p2a: Gliscor\n|-resisted|p2a: Gliscor\n|-damage|p2a: Gliscor|85\/100\n|\n|-status|p2a: Gliscor|tox|[from] item: Toxic Orb\n|upkeep\n|turn|18\n|\n|t:|1700259857\n|move|p1a: Femboy|Moonblast|p2a: Gliscor\n|-damage|p2a: Gliscor|44\/100 tox\n|move|p2a: Gliscor|Toxic|p1a: Femboy\n|-status|p1a: Femboy|tox\n|\n|-damage|p1a: Femboy|88\/100 tox|[from] psn\n|-heal|p2a: Gliscor|57\/100 tox|[from] ability: Poison Heal\n|upkeep\n|turn|19\n|\n|t:|1700259861\n|-end|p1a: Femboy|Quark Drive|[silent]\n|switch|p1a: TrumpSupporter|Tornadus-Therian, M, shiny|90\/100\n|move|p2a: Gliscor|Roost|p2a: Gliscor\n|-heal|p2a: Gliscor|100\/100 tox\n|-singleturn|p2a: Gliscor|move: Roost\n|\n|upkeep\n|turn|20\n|\n|t:|1700259864\n|move|p1a: TrumpSupporter|Taunt|p2a: Gliscor\n|-start|p2a: Gliscor|move: Taunt\n|cant|p2a: Gliscor|move: Taunt|Toxic\n|\n|upkeep\n|turn|21\n|\n|t:|1700259868\n|switch|p2a: Diancie|Diancie-Mega|100\/100\n|move|p1a: TrumpSupporter|Defog|p2a: Diancie\n|move|p2a: Diancie|Defog|p1a: TrumpSupporter|[from]ability: Magic Bounce\n|-unboost|p1a: TrumpSupporter|evasion|1\n|-sideend|p1: LeafyWithChin|Stealth Rock|[from] move: Defog|[of] p2a: Diancie\n|\n|upkeep\n|turn|22\n|\n|t:|1700259873\n|switch|p1a: Unaware Wife|Clodsire, F, shiny|100\/100\n|move|p2a: Diancie|Stealth Rock|p1a: Unaware Wife\n|-sidestart|p1: LeafyWithChin|move: Stealth Rock\n|\n|upkeep\n|turn|23\n|\n|t:|1700259896\n|switch|p2a: Gliscor|Gliscor, M|100\/100 tox\n|move|p1a: Unaware Wife|Earthquake|p2a: Gliscor\n|-immune|p2a: Gliscor\n|\n|upkeep\n|turn|24\n|\n|t:|1700259903\n|move|p2a: Gliscor|Toxic|p1a: Unaware Wife\n|-immune|p1a: Unaware Wife\n|move|p1a: Unaware Wife|Toxic|p2a: Gliscor\n|-fail|p2a: Gliscor|tox\n|\n|upkeep\n|turn|25\n|\n|t:|1700259906\n|move|p2a: Gliscor|Earthquake|p1a: Unaware Wife\n|-supereffective|p1a: Unaware Wife\n|-damage|p1a: Unaware Wife|29\/100\n|move|p1a: Unaware Wife|Haze|p1a: Unaware Wife\n|-clearallboost\n|\n|-heal|p1a: Unaware Wife|35\/100|[from] item: Leftovers\n|upkeep\n|turn|26\n|\n|t:|1700259919\n|move|p2a: Gliscor|Earthquake|p1a: Unaware Wife\n|-supereffective|p1a: Unaware Wife\n|-damage|p1a: Unaware Wife|0 fnt\n|faint|p1a: Unaware Wife\n|\n|upkeep\n|\n|t:|1700259925\n|switch|p1a: Clod Lover|Dondozo, M, tera:Grass|78\/100\n|-damage|p1a: Clod Lover|66\/100|[from] Stealth Rock\n|turn|27\n|c|\u2606gock glocker|intresting sack\n|\n|t:|1700259927\n|move|p2a: Gliscor|Toxic|p1a: Clod Lover\n|-status|p1a: Clod Lover|tox\n|move|p1a: Clod Lover|Liquidation|p2a: Gliscor\n|-supereffective|p2a: Gliscor\n|-damage|p2a: Gliscor|53\/100 tox\n|\n|-heal|p1a: Clod Lover|72\/100 tox|[from] item: Leftovers\n|-heal|p2a: Gliscor|65\/100 tox|[from] ability: Poison Heal\n|-damage|p1a: Clod Lover|66\/100 tox|[from] psn\n|upkeep\n|turn|28\n|c|\u2606LeafyWithChin|Ye tought you'll predict torn with toxic\n|\n|t:|1700259950\n|switch|p2a: Diancie|Diancie-Mega|100\/100\n|move|p1a: Clod Lover|Liquidation|p2a: Diancie\n|-supereffective|p2a: Diancie\n|-damage|p2a: Diancie|8\/100\n|\n|-heal|p1a: Clod Lover|72\/100 tox|[from] item: Leftovers\n|-damage|p1a: Clod Lover|60\/100 tox|[from] psn\n|upkeep\n|turn|29\n|c|\u2606gock glocker|i did\n|\n|t:|1700259963\n|switch|p1a: LinkinParkPapercut|Kartana, shiny|100\/100\n|-damage|p1a: LinkinParkPapercut|94\/100|[from] Stealth Rock\n|move|p2a: Diancie|Moonblast|p1a: LinkinParkPapercut\n|-resisted|p1a: LinkinParkPapercut\n|-damage|p1a: LinkinParkPapercut|5\/100\n|-unboost|p1a: LinkinParkPapercut|spa|1\n|\n|upkeep\n|turn|30\n|\n|t:|1700259979\n|switch|p2a: Volcarona|Volcarona, F|100\/100\n|move|p1a: LinkinParkPapercut|Knock Off|p2a: Volcarona\n|-damage|p2a: Volcarona|54\/100\n|\n|upkeep\n|turn|31\n|\n|t:|1700259986\n|move|p1a: LinkinParkPapercut|Knock Off|p2a: Volcarona\n|-damage|p2a: Volcarona|5\/100\n|move|p2a: Volcarona|Quiver Dance|p2a: Volcarona\n|-boost|p2a: Volcarona|spa|1\n|-boost|p2a: Volcarona|spd|1\n|-boost|p2a: Volcarona|spe|1\n|\n|upkeep\n|turn|32\n|\n|t:|1700259989\n|move|p1a: LinkinParkPapercut|Knock Off|p2a: Volcarona\n|-crit|p2a: Volcarona\n|-damage|p2a: Volcarona|0 fnt\n|-status|p1a: LinkinParkPapercut|brn|[from] ability: Flame Body|[of] p2a: Volcarona\n|faint|p2a: Volcarona\n|-ability|p1a: LinkinParkPapercut|Beast Boost|boost\n|-boost|p1a: LinkinParkPapercut|atk|1\n|\n|-damage|p1a: LinkinParkPapercut|0 fnt|[from] brn\n|faint|p1a: LinkinParkPapercut\n|upkeep\n|c|\u2606gock glocker|i shouldnt have trusted volcarona\n|inactive|gock glocker has 120 seconds left.\n|c|\u2606gock glocker|bros actualy paper\n|\n|t:|1700260027\n|switch|p1a: Femboy|Iron Valiant|88\/100 tox\n|switch|p2a: Diancie|Diancie-Mega|8\/100\n|-damage|p1a: Femboy|82\/100 tox|[from] Stealth Rock\n|turn|33\n|\n|t:|1700260036\n|move|p1a: Femboy|Moonblast|p2a: Diancie\n|-damage|p2a: Diancie|0 fnt\n|faint|p2a: Diancie\n|\n|-damage|p1a: Femboy|76\/100 tox|[from] psn\n|upkeep\n|\n|t:|1700260037\n|switch|p2a: Gliscor|Gliscor, M|65\/100 tox\n|turn|34\n|\n|t:|1700260043\n|-end|p1a: Femboy|Quark Drive|[silent]\n|switch|p1a: Clod Lover|Dondozo, M, tera:Grass|60\/100 tox\n|-damage|p1a: Clod Lover|47\/100 tox|[from] Stealth Rock\n|move|p2a: Gliscor|Earthquake|p1a: Clod Lover\n|-resisted|p1a: Clod Lover\n|-damage|p1a: Clod Lover|41\/100 tox\n|\n|-heal|p1a: Clod Lover|47\/100 tox|[from] item: Leftovers\n|-heal|p2a: Gliscor|78\/100 tox|[from] ability: Poison Heal\n|-damage|p1a: Clod Lover|41\/100 tox|[from] psn\n|upkeep\n|turn|35\n|\n|t:|1700260046\n|switch|p2a: Heatran|Heatran, F|46\/100\n|move|p1a: Clod Lover|Liquidation|p2a: Heatran\n|-supereffective|p2a: Heatran\n|-damage|p2a: Heatran|0 fnt\n|faint|p2a: Heatran\n|\n|-heal|p1a: Clod Lover|47\/100 tox|[from] item: Leftovers\n|-damage|p1a: Clod Lover|34\/100 tox|[from] psn\n|upkeep\n|\n|t:|1700260048\n|switch|p2a: Quagsire|Quagsire, F|100\/100\n|turn|36\n|\n|t:|1700260055\n|-singleturn|p2a: Quagsire|move: Focus Punch\n|move|p1a: Clod Lover|Rest|p1a: Clod Lover\n|-status|p1a: Clod Lover|slp|[from] move: Rest\n|-heal|p1a: Clod Lover|100\/100 slp|[silent]\n|move|p2a: Quagsire|Focus Punch|p1a: Clod Lover\n|-damage|p1a: Clod Lover|70\/100 slp\n|\n|-heal|p1a: Clod Lover|76\/100 slp|[from] item: Leftovers\n|upkeep\n|turn|37\n|\n|t:|1700260066\n|-terastallize|p2a: Quagsire|Fighting\n|-singleturn|p2a: Quagsire|move: Focus Punch\n|cant|p1a: Clod Lover|slp\n|move|p1a: Clod Lover|Sleep Talk|p1a: Clod Lover\n|move|p1a: Clod Lover|Rest||[from]move: Sleep Talk|[still]\n|-fail|p1a: Clod Lover\n|move|p2a: Quagsire|Focus Punch|p1a: Clod Lover\n|-damage|p1a: Clod Lover|31\/100 slp\n|\n|-heal|p1a: Clod Lover|37\/100 slp|[from] item: Leftovers\n|upkeep\n|turn|38\n|\n|t:|1700260069\n|-singleturn|p2a: Quagsire|move: Focus Punch\n|cant|p1a: Clod Lover|slp\n|move|p1a: Clod Lover|Sleep Talk|p1a: Clod Lover\n|move|p1a: Clod Lover|Curse|p1a: Clod Lover|[from]move: Sleep Talk\n|-unboost|p1a: Clod Lover|spe|1\n|-boost|p1a: Clod Lover|atk|1\n|-boost|p1a: Clod Lover|def|1\n|move|p2a: Quagsire|Focus Punch|p1a: Clod Lover\n|-damage|p1a: Clod Lover|0 fnt\n|faint|p1a: Clod Lover\n|\n|upkeep\n|c|\u2606gock glocker|YES\n|c|\u2606LeafyWithChin|DAMN\n|c|\u2606gock glocker|quagsire to goat\n|c|\u2606LeafyWithChin|that shit strong\n|c|\u2606LeafyWithChin|never seen that\n|\n|t:|1700260091\n|switch|p1a: Femboy|Iron Valiant|76\/100 tox\n|-damage|p1a: Femboy|69\/100 tox|[from] Stealth Rock\n|turn|39\n|\n|t:|1700260094\n|switch|p2a: Gliscor|Gliscor, M|78\/100 tox\n|move|p1a: Femboy|Moonblast|p2a: Gliscor\n|-damage|p2a: Gliscor|35\/100 tox\n|\n|-damage|p1a: Femboy|63\/100 tox|[from] psn\n|-heal|p2a: Gliscor|47\/100 tox|[from] ability: Poison Heal\n|upkeep\n|turn|40\n|\n|t:|1700260099\n|move|p1a: Femboy|Moonblast|p2a: Gliscor\n|-damage|p2a: Gliscor|10\/100 tox\n|move|p2a: Gliscor|Roost|p2a: Gliscor\n|-heal|p2a: Gliscor|60\/100 tox\n|-singleturn|p2a: Gliscor|move: Roost\n|\n|-damage|p1a: Femboy|51\/100 tox|[from] psn\n|-heal|p2a: Gliscor|72\/100 tox|[from] ability: Poison Heal\n|upkeep\n|turn|41\n|\n|t:|1700260104\n|move|p1a: Femboy|Moonblast|p2a: Gliscor\n|-damage|p2a: Gliscor|31\/100 tox\n|-unboost|p2a: Gliscor|spa|1\n|move|p2a: Gliscor|Roost|p2a: Gliscor\n|-heal|p2a: Gliscor|81\/100 tox\n|-singleturn|p2a: Gliscor|move: Roost\n|\n|-damage|p1a: Femboy|32\/100 tox|[from] psn\n|-heal|p2a: Gliscor|94\/100 tox|[from] ability: Poison Heal\n|upkeep\n|turn|42\n|\n|t:|1700260106\n|move|p1a: Femboy|Moonblast|p2a: Gliscor\n|-damage|p2a: Gliscor|55\/100 tox\n|move|p2a: Gliscor|Roost|p2a: Gliscor\n|-heal|p2a: Gliscor|100\/100 tox\n|-singleturn|p2a: Gliscor|move: Roost\n|\n|-damage|p1a: Femboy|7\/100 tox|[from] psn\n|upkeep\n|turn|43\n|\n|t:|1700260111\n|move|p1a: Femboy|Energy Ball|p2a: Gliscor\n|-damage|p2a: Gliscor|75\/100 tox\n|move|p2a: Gliscor|Earthquake|p1a: Femboy\n|-damage|p1a: Femboy|0 fnt\n|faint|p1a: Femboy\n|-end|p1a: Femboy|Quark Drive|[silent]\n|\n|-heal|p2a: Gliscor|87\/100 tox|[from] ability: Poison Heal\n|upkeep\n|\n|t:|1700260114\n|switch|p1a: TrumpSupporter|Tornadus-Therian, M, shiny|100\/100\n|turn|44\n|\n|t:|1700260117\n|move|p1a: TrumpSupporter|Taunt|p2a: Gliscor\n|-start|p2a: Gliscor|move: Taunt\n|cant|p2a: Gliscor|move: Taunt|Toxic\n|\n|-heal|p2a: Gliscor|99\/100 tox|[from] ability: Poison Heal\n|upkeep\n|turn|45\n|c|\u2606LeafyWithChin|well gg i guess\n|\n|t:|1700260122\n|switch|p2a: Quagsire|Quagsire, F, tera:Fighting|100\/100\n|move|p1a: TrumpSupporter|Knock Off|p2a: Quagsire\n|-resisted|p2a: Quagsire\n|-damage|p2a: Quagsire|88\/100\n|-enditem|p2a: Quagsire|Choice Band|[from] move: Knock Off|[of] p1a: TrumpSupporter\n|\n|upkeep\n|turn|46\n|c|\u2606LeafyWithChin|banded sire\n|\n|t:|1700260130\n|move|p1a: TrumpSupporter|Taunt|p2a: Quagsire\n|-start|p2a: Quagsire|move: Taunt\n|move|p2a: Quagsire|Liquidation|p1a: TrumpSupporter\n|-damage|p1a: TrumpSupporter|60\/100\n|\n|upkeep\n|turn|47\n|c|\u2606LeafyWithChin|gg\n|-message|LeafyWithChin forfeited.\n|\n|win|gock glocker\n|raw|LeafyWithChin's rating: 1500 &rarr; <strong>1484<\/strong><br \/>(-16 for losing)\n|raw|gock glocker's rating: 1562 &rarr; <strong>1578<\/strong><br \/>(+16 for winning)\n","uploadtime":1700260157,"views":9,"p1id":"leafywithchin","p2id":"gockglocker","formatid":"gen9nationaldex","rating":1484,"private":0,"password":""}