{"id":"gen9nationaldex-1990996738","p1":"djgengar666","p2":"trix_n_trsh","format":"[Gen 9] National Dex","log":"|j|\u2606djgengar666\n|j|\u2606trix_n_trsh\n|t:|1700025229\n|gametype|singles\n|player|p1|djgengar666|shadowtriad|1253\n|player|p2|trix_n_trsh|pokemonbreeder-gen4|1289\n|teamsize|p1|6\n|teamsize|p2|6\n|gen|9\n|tier|[Gen 9] National Dex\n|rated|\n|rule|HP Percentage Mod: HP is shown in percentages\n|rule|Endless Battle Clause: Forcing endless battles is banned\n|rule|OHKO Clause: OHKO moves are banned\n|rule|Evasion Clause: Evasion abilities, items, and moves are banned\n|rule|Evasion Abilities Clause: Evasion abilities are banned\n|rule|Evasion Items Clause: Evasion items are banned\n|rule|Evasion Moves Clause: Evasion moves are banned\n|rule|Species Clause: Limit one of each Pok\u00e9mon\n|rule|Sleep Clause Mod: Limit one foe put to sleep\n|clearpoke\n|poke|p1|Banette, F|\n|poke|p1|Obstagoon, M|\n|poke|p1|Drapion, F|\n|poke|p1|Golisopod, F|\n|poke|p1|Noivern, M|\n|poke|p1|Hoopa-Unbound|\n|poke|p2|Blastoise, M|\n|poke|p2|Sandy Shocks|\n|poke|p2|Delphox, F|\n|poke|p2|Kilowattrel, M|\n|poke|p2|Hydreigon, F|\n|poke|p2|Brambleghast, M|\n|teampreview\n|inactive|Battle timer is ON: inactive players will automatically lose when time's up. (requested by trix_n_trsh)\n|\n|t:|1700025247\n|start\n|switch|p1a: Drapion|Drapion, F|100\/100\n|switch|p2a: Sandy Shocks|Sandy Shocks|100\/100\n|turn|1\n|\n|t:|1700025253\n|switch|p1a: Noivern|Noivern, M|100\/100\n|move|p2a: Sandy Shocks|Reflect|p2a: Sandy Shocks\n|-sidestart|p2: trix_n_trsh|Reflect\n|\n|upkeep\n|turn|2\n|\n|t:|1700025259\n|move|p1a: Noivern|Hurricane|p2a: Sandy Shocks|[miss]\n|-miss|p1a: Noivern|p2a: Sandy Shocks\n|move|p2a: Sandy Shocks|Light Screen|p2a: Sandy Shocks\n|-sidestart|p2: trix_n_trsh|move: Light Screen\n|\n|upkeep\n|turn|3\n|\n|t:|1700025267\n|move|p1a: Noivern|Defog|p2a: Sandy Shocks\n|-unboost|p2a: Sandy Shocks|evasion|1\n|-sideend|p2: trix_n_trsh|Reflect\n|-sideend|p2: trix_n_trsh|move: Light Screen\n|move|p2a: Sandy Shocks|Discharge|p1a: Noivern\n|-damage|p1a: Noivern|49\/100\n|\n|upkeep\n|turn|4\n|\n|t:|1700025275\n|switch|p1a: Drapion|Drapion, F|100\/100\n|move|p2a: Sandy Shocks|Light Screen|p2a: Sandy Shocks\n|-sidestart|p2: trix_n_trsh|move: Light Screen\n|\n|upkeep\n|turn|5\n|\n|t:|1700025281\n|move|p2a: Sandy Shocks|Earth Power|p1a: Drapion\n|-supereffective|p1a: Drapion\n|-damage|p1a: Drapion|0 fnt\n|faint|p1a: Drapion\n|\n|upkeep\n|\n|t:|1700025288\n|switch|p1a: Belial|Hoopa-Unbound|100\/100\n|turn|6\n|\n|t:|1700025293\n|move|p2a: Sandy Shocks|Reflect|p2a: Sandy Shocks\n|-sidestart|p2: trix_n_trsh|Reflect\n|move|p1a: Belial|Psyshock|p2a: Sandy Shocks\n|-damage|p2a: Sandy Shocks|70\/100\n|\n|upkeep\n|turn|7\n|\n|t:|1700025297\n|move|p2a: Sandy Shocks|Discharge|p1a: Belial\n|-damage|p1a: Belial|77\/100\n|-status|p1a: Belial|par\n|move|p1a: Belial|Psychic|p2a: Sandy Shocks\n|-damage|p2a: Sandy Shocks|28\/100\n|\n|upkeep\n|turn|8\n|\n|t:|1700025307\n|move|p2a: Sandy Shocks|Discharge|p1a: Belial\n|-damage|p1a: Belial|56\/100 par\n|move|p1a: Belial|Psychic|p2a: Sandy Shocks\n|-damage|p2a: Sandy Shocks|0 fnt\n|faint|p2a: Sandy Shocks\n|-end|p2a: Sandy Shocks|Protosynthesis|[silent]\n|\n|upkeep\n|\n|t:|1700025327\n|switch|p2a: Blastoise|Blastoise, M|100\/100\n|turn|9\n|\n|t:|1700025331\n|switch|p1a: Noivern|Noivern, M|49\/100\n|move|p2a: Blastoise|Shell Smash|p2a: Blastoise\n|-unboost|p2a: Blastoise|def|1\n|-unboost|p2a: Blastoise|spd|1\n|-boost|p2a: Blastoise|atk|2\n|-boost|p2a: Blastoise|spa|2\n|-boost|p2a: Blastoise|spe|2\n|-enditem|p2a: Blastoise|White Herb\n|-clearnegativeboost|p2a: Blastoise|[silent]\n|\n|upkeep\n|turn|10\n|\n|t:|1700025341\n|move|p2a: Blastoise|Ice Beam|p1a: Noivern\n|-supereffective|p1a: Noivern\n|-damage|p1a: Noivern|0 fnt\n|faint|p1a: Noivern\n|\n|upkeep\n|\n|t:|1700025352\n|switch|p1a: Belial|Hoopa-Unbound|56\/100 par\n|turn|11\n|\n|t:|1700025354\n|move|p2a: Blastoise|Scald|p1a: Belial\n|-damage|p1a: Belial|23\/100 par\n|move|p1a: Belial|Thunderbolt|p2a: Blastoise\n|-supereffective|p2a: Blastoise\n|-damage|p2a: Blastoise|51\/100\n|\n|-sideend|p2: trix_n_trsh|move: Light Screen\n|upkeep\n|turn|12\n|\n|t:|1700025362\n|move|p2a: Blastoise|Scald|p1a: Belial\n|-damage|p1a: Belial|0 fnt\n|faint|p1a: Belial\n|\n|upkeep\n|\n|t:|1700025367\n|switch|p1a: Obstagoon|Obstagoon, M|100\/100\n|turn|13\n|\n|t:|1700025371\n|move|p1a: Obstagoon|Obstruct|p1a: Obstagoon\n|-singleturn|p1a: Obstagoon|Protect\n|move|p2a: Blastoise|Scald|p1a: Obstagoon\n|-activate|p1a: Obstagoon|move: Protect\n|\n|-sideend|p2: trix_n_trsh|Reflect\n|-status|p1a: Obstagoon|brn|[from] item: Flame Orb\n|upkeep\n|turn|14\n|\n|t:|1700025380\n|move|p2a: Blastoise|Scald|p1a: Obstagoon\n|-damage|p1a: Obstagoon|26\/100 brn\n|move|p1a: Obstagoon|Facade|p2a: Blastoise\n|-damage|p2a: Blastoise|0 fnt\n|faint|p2a: Blastoise\n|\n|-damage|p1a: Obstagoon|20\/100 brn|[from] brn\n|upkeep\n|\n|t:|1700025389\n|switch|p2a: Kilowattrel|Kilowattrel, M|100\/100\n|turn|15\n|\n|t:|1700025394\n|move|p2a: Kilowattrel|Volt Switch|p1a: Obstagoon\n|-damage|p1a: Obstagoon|0 fnt\n|faint|p1a: Obstagoon\n|\n|t:|1700025403\n|switch|p2a: Brambleghast|Brambleghast, M|100\/100|[from] Volt Switch\n|\n|upkeep\n|\n|t:|1700025410\n|switch|p1a: Banette|Banette, F|100\/100\n|-item|p2a: Brambleghast|Heavy-Duty Boots|[from] ability: Frisk|[of] p1a: Banette|[identify]\n|turn|16\n|\n|t:|1700025419\n|detailschange|p1a: Banette|Banette-Mega, F\n|-mega|p1a: Banette|Banette|Banettite\n|move|p1a: Banette|Cotton Guard|p1a: Banette\n|-boost|p1a: Banette|def|3\n|move|p2a: Brambleghast|Strength Sap|p1a: Banette\n|-unboost|p1a: Banette|atk|1\n|\n|upkeep\n|turn|17\n|\n|t:|1700025427\n|move|p2a: Brambleghast|Poltergeist|p1a: Banette\n|-activate|p1a: Banette|move: Poltergeist|Banettite\n|-supereffective|p1a: Banette\n|-damage|p1a: Banette|29\/100\n|move|p1a: Banette|Poltergeist|p2a: Brambleghast\n|-activate|p2a: Brambleghast|move: Poltergeist|Heavy-Duty Boots\n|-supereffective|p2a: Brambleghast\n|-damage|p2a: Brambleghast|0 fnt\n|faint|p2a: Brambleghast\n|\n|upkeep\n|\n|t:|1700025438\n|switch|p2a: Hydreigon|Hydreigon, F|100\/100\n|turn|18\n|\n|t:|1700025442\n|move|p1a: Banette|Destiny Bond|p1a: Banette\n|-singlemove|p1a: Banette|Destiny Bond\n|move|p2a: Hydreigon|Dark Pulse|p1a: Banette\n|-supereffective|p1a: Banette\n|-damage|p1a: Banette|0 fnt\n|faint|p1a: Banette\n|-activate|p1a: Banette|move: Destiny Bond\n|faint|p2a: Hydreigon\n|\n|upkeep\n|\n|t:|1700025450\n|switch|p2a: Delphox|Delphox, F|100\/100\n|switch|p1a: Golisopod|Golisopod, F, shiny|100\/100\n|turn|19\n|\n|t:|1700025456\n|-terastallize|p1a: Golisopod|Water\n|move|p2a: Delphox|Mystical Fire|p1a: Golisopod\n|-resisted|p1a: Golisopod\n|-damage|p1a: Golisopod|77\/100\n|-unboost|p1a: Golisopod|spa|1\n|move|p1a: Golisopod|Liquidation|p2a: Delphox\n|-supereffective|p2a: Delphox\n|-damage|p2a: Delphox|0 fnt\n|faint|p2a: Delphox\n|\n|upkeep\n|\n|t:|1700025461\n|switch|p2a: Kilowattrel|Kilowattrel, M|100\/100\n|turn|20\n|\n|t:|1700025469\n|-terastallize|p2a: Kilowattrel|Electric\n|move|p1a: Golisopod|Sucker Punch|p2a: Kilowattrel\n|-damage|p2a: Kilowattrel|50\/100\n|move|p2a: Kilowattrel|Volt Switch|p1a: Golisopod\n|-supereffective|p1a: Golisopod\n|-crit|p1a: Golisopod\n|-damage|p1a: Golisopod|0 fnt\n|faint|p1a: Golisopod\n|\n|win|trix_n_trsh\n|raw|djgengar666's rating: 1253 &rarr; <strong>1231<\/strong><br \/>(-22 for losing)\n|raw|trix_n_trsh's rating: 1289 &rarr; <strong>1311<\/strong><br \/>(+22 for winning)\n|l|\u2606djgengar666\n","uploadtime":1700025487,"views":4,"p1id":"djgengar666","p2id":"trixntrsh","formatid":"gen9nationaldex","rating":1231,"private":0,"password":""}