{"id":"gen9nationaldex-1997360412","p1":"Maeby Mitenaut","p2":"covidfromthevoid","format":"[Gen 9] National Dex","log":"|html|<div class=\"broadcast-blue\"><strong>[Gen 9] National Dex is currently suspecting Sneasler! For information on how to participate check out the <a href=\"https:\/\/www.smogon.com\/forums\/threads\/sv-national-dex-suspect-8-just-dance.3731534\/\">suspect thread<\/a>.<\/strong><\/div>\n|j|\u2606Maeby Mitenaut\n|j|\u2606covidfromthevoid\n|t:|1700794051\n|gametype|singles\n|player|p1|Maeby Mitenaut|dahlia|1191\n|player|p2|covidfromthevoid|266|1151\n|teamsize|p1|6\n|teamsize|p2|6\n|gen|9\n|tier|[Gen 9] National Dex\n|rated|\n|rule|HP Percentage Mod: HP is shown in percentages\n|rule|Endless Battle Clause: Forcing endless battles is banned\n|rule|OHKO Clause: OHKO moves are banned\n|rule|Evasion Clause: Evasion abilities, items, and moves are banned\n|rule|Evasion Abilities Clause: Evasion abilities are banned\n|rule|Evasion Items Clause: Evasion items are banned\n|rule|Evasion Moves Clause: Evasion moves are banned\n|rule|Species Clause: Limit one of each Pok\u00e9mon\n|rule|Sleep Clause Mod: Limit one foe put to sleep\n|clearpoke\n|poke|p1|Raichu-Alola, M|\n|poke|p1|Clodsire, F|\n|poke|p1|Tapu Koko|\n|poke|p1|Arctozolt|\n|poke|p1|Iron Hands|\n|poke|p1|Ninetales-Alola, M|\n|poke|p2|Regidrago|\n|poke|p2|Cramorant, M|\n|poke|p2|Diggersby, F|\n|poke|p2|Ninjask, F|\n|poke|p2|Ceruledge, F|\n|poke|p2|Maushold-Four|\n|teampreview\n|inactive|Battle timer is ON: inactive players will automatically lose when time's up. (requested by covidfromthevoid)\n|\n|t:|1700794077\n|start\n|switch|p1a: Ice Spice|Ninetales-Alola, M, shiny|100\/100\n|switch|p2a: Diggersby|Diggersby, F|100\/100\n|-weather|Snow|[from] ability: Snow Warning|[of] p1a: Ice Spice\n|turn|1\n|inactive|Maeby Mitenaut has 120 seconds left.\n|\n|t:|1700794109\n|switch|p2a: Cramorant|Cramorant, M|100\/100\n|move|p1a: Ice Spice|Aurora Veil|p1a: Ice Spice\n|-sidestart|p1: Maeby Mitenaut|move: Aurora Veil\n|\n|-weather|Snow|[upkeep]\n|upkeep\n|turn|2\n|inactive|Maeby Mitenaut has 120 seconds left.\n|\n|t:|1700794119\n|switch|p1a: Bluck Buck|Tapu Koko, shiny|100\/100\n|-fieldstart|move: Electric Terrain|[from] ability: Electric Surge|[of] p1a: Bluck Buck\n|move|p2a: Cramorant|Agility|p2a: Cramorant\n|-boost|p2a: Cramorant|spe|2\n|\n|-weather|Snow|[upkeep]\n|upkeep\n|turn|3\n|inactive|Maeby Mitenaut has 120 seconds left.\n|\n|t:|1700794132\n|move|p2a: Cramorant|Surf|p1a: Bluck Buck\n|-formechange|p2a: Cramorant|Cramorant-Gulping|\n|-damage|p1a: Bluck Buck|76\/100\n|move|p1a: Bluck Buck|Thunder Wave|p2a: Cramorant\n|-status|p2a: Cramorant|par\n|\n|-weather|Snow|[upkeep]\n|upkeep\n|turn|4\n|\n|t:|1700794143\n|move|p1a: Bluck Buck|Taunt|p2a: Cramorant\n|-start|p2a: Cramorant|move: Taunt\n|cant|p2a: Cramorant|par\n|\n|-weather|Snow|[upkeep]\n|upkeep\n|turn|5\n|\n|t:|1700794150\n|switch|p1a: Gritty|Arctozolt, shiny|100\/100\n|cant|p2a: Cramorant|par\n|\n|-weather|Snow|[upkeep]\n|-sideend|p1: Maeby Mitenaut|move: Aurora Veil\n|upkeep\n|turn|6\n|\n|t:|1700794155\n|move|p1a: Gritty|Bolt Beak|p2a: Cramorant\n|-supereffective|p2a: Cramorant\n|-damage|p2a: Cramorant|0 fnt\n|-damage|p1a: Gritty|76\/100|[from] ability: Gulp Missile|[of] p2a: Cramorant\n|-unboost|p1a: Gritty|def|1\n|-formechange|p2a: Cramorant|Cramorant|\n|faint|p2a: Cramorant\n|\n|-weather|Snow|[upkeep]\n|upkeep\n|\n|t:|1700794160\n|switch|p2a: Diggersby|Diggersby, F|100\/100\n|turn|7\n|\n|t:|1700794172\n|move|p1a: Gritty|Blizzard|p2a: Diggersby\n|-supereffective|p2a: Diggersby\n|-damage|p2a: Diggersby|25\/100\n|move|p2a: Diggersby|Earthquake|p1a: Gritty\n|-supereffective|p1a: Gritty\n|-damage|p1a: Gritty|0 fnt\n|faint|p1a: Gritty\n|\n|-weather|Snow|[upkeep]\n|upkeep\n|\n|t:|1700794180\n|switch|p1a: Ice Spice|Ninetales-Alola, M, shiny|100\/100\n|turn|8\n|\n|t:|1700794189\n|move|p1a: Ice Spice|Blizzard|p2a: Diggersby\n|-supereffective|p2a: Diggersby\n|-damage|p2a: Diggersby|0 fnt\n|faint|p2a: Diggersby\n|\n|-weather|none\n|upkeep\n|\n|t:|1700794193\n|switch|p2a: Ceruledge|Ceruledge, F|100\/100\n|turn|9\n|inactive|Maeby Mitenaut has 120 seconds left.\n|\n|t:|1700794224\n|switch|p1a: Muddy Buddy|Clodsire, F|100\/100\n|move|p2a: Ceruledge|Swords Dance|p2a: Ceruledge\n|-boost|p2a: Ceruledge|atk|2\n|\n|-fieldend|move: Electric Terrain\n|upkeep\n|turn|10\n|\n|t:|1700794232\n|move|p2a: Ceruledge|Bitter Blade|p1a: Muddy Buddy\n|-damage|p1a: Muddy Buddy|49\/100\n|move|p1a: Muddy Buddy|Toxic|p2a: Ceruledge\n|-status|p2a: Ceruledge|tox\n|\n|-heal|p1a: Muddy Buddy|55\/100|[from] item: Leftovers\n|-damage|p2a: Ceruledge|94\/100 tox|[from] psn\n|upkeep\n|turn|11\n|\n|t:|1700794244\n|-terastallize|p1a: Muddy Buddy|Flying\n|move|p2a: Ceruledge|Bitter Blade|p1a: Muddy Buddy\n|-damage|p1a: Muddy Buddy|7\/100\n|-heal|p2a: Ceruledge|100\/100 tox|[from] drain|[of] p1a: Muddy Buddy\n|move|p1a: Muddy Buddy|Recover|p1a: Muddy Buddy\n|-heal|p1a: Muddy Buddy|57\/100\n|\n|-heal|p1a: Muddy Buddy|64\/100|[from] item: Leftovers\n|-damage|p2a: Ceruledge|88\/100 tox|[from] psn\n|upkeep\n|turn|12\n|\n|t:|1700794254\n|-terastallize|p2a: Ceruledge|Electric\n|move|p2a: Ceruledge|Tera Blast|p1a: Muddy Buddy|[anim] Tera Blast Electric\n|-supereffective|p1a: Muddy Buddy\n|-damage|p1a: Muddy Buddy|0 fnt\n|faint|p1a: Muddy Buddy\n|\n|-damage|p2a: Ceruledge|70\/100 tox|[from] psn\n|upkeep\n|inactive|Maeby Mitenaut has 120 seconds left.\n|\n|t:|1700794265\n|switch|p1a: Ice Spice|Ninetales-Alola, M, shiny|100\/100\n|-weather|Snow|[from] ability: Snow Warning|[of] p1a: Ice Spice\n|turn|13\n|\n|t:|1700794275\n|switch|p1a: Bluck Buck|Tapu Koko, shiny|76\/100\n|-fieldstart|move: Electric Terrain|[from] ability: Electric Surge|[of] p1a: Bluck Buck\n|move|p2a: Ceruledge|Bitter Blade|p1a: Bluck Buck\n|-damage|p1a: Bluck Buck|0 fnt\n|-heal|p2a: Ceruledge|100\/100 tox|[from] drain|[of] p1a: Bluck Buck\n|faint|p1a: Bluck Buck\n|\n|-weather|Snow|[upkeep]\n|-damage|p2a: Ceruledge|76\/100 tox|[from] psn\n|upkeep\n|inactive|Maeby Mitenaut has 120 seconds left.\n|\n|t:|1700794285\n|switch|p1a: Big Pap\u00ed|Iron Hands|100\/100\n|-activate|p1a: Big Pap\u00ed|ability: Quark Drive\n|-start|p1a: Big Pap\u00ed|quarkdriveatk\n|turn|14\n|\n|t:|1700794290\n|move|p2a: Ceruledge|Bitter Blade|p1a: Big Pap\u00ed\n|-damage|p1a: Big Pap\u00ed|41\/100\n|-heal|p2a: Ceruledge|100\/100 tox|[from] drain|[of] p1a: Big Pap\u00ed\n|move|p1a: Big Pap\u00ed|Earthquake|p2a: Ceruledge\n|-supereffective|p2a: Ceruledge\n|-enditem|p2a: Ceruledge|Focus Sash\n|-damage|p2a: Ceruledge|1\/100 tox\n|-ability|p2a: Ceruledge|Weak Armor|boost\n|-unboost|p2a: Ceruledge|def|1\n|-boost|p2a: Ceruledge|spe|2\n|\n|-weather|Snow|[upkeep]\n|-damage|p2a: Ceruledge|0 fnt|[from] psn\n|faint|p2a: Ceruledge\n|upkeep\n|\n|t:|1700794301\n|switch|p2a: Ninjask|Ninjask, F|100\/100\n|turn|15\n|\n|t:|1700794306\n|move|p2a: Ninjask|Final Gambit|p1a: Big Pap\u00ed\n|-damage|p1a: Big Pap\u00ed|0 fnt\n|faint|p2a: Ninjask\n|faint|p1a: Big Pap\u00ed\n|-end|p1a: Big Pap\u00ed|Quark Drive|[silent]\n|\n|-weather|Snow|[upkeep]\n|upkeep\n|\n|t:|1700794317\n|switch|p2a: Regidrago|Regidrago|100\/100\n|switch|p1a: Ice Spice|Ninetales-Alola, M, shiny|100\/100\n|turn|16\n|\n|t:|1700794332\n|switch|p2a: Maushold|Maushold-Four|100\/100\n|move|p1a: Ice Spice|Moonblast|p2a: Maushold\n|-crit|p2a: Maushold\n|-damage|p2a: Maushold|43\/100\n|\n|-weather|Snow|[upkeep]\n|upkeep\n|turn|17\n|\n|t:|1700794342\n|move|p2a: Maushold|Switcheroo|p1a: Ice Spice\n|-activate|p2a: Maushold|move: Trick|[of] p1a: Ice Spice\n|-item|p1a: Ice Spice|Choice Scarf|[from] move: Switcheroo\n|-item|p2a: Maushold|Icy Rock|[from] move: Switcheroo\n|move|p1a: Ice Spice|Blizzard|p2a: Maushold\n|-damage|p2a: Maushold|0 fnt\n|faint|p2a: Maushold\n|\n|-weather|Snow|[upkeep]\n|upkeep\n|\n|t:|1700794349\n|switch|p2a: Regidrago|Regidrago|100\/100\n|turn|18\n|\n|t:|1700794357\n|move|p1a: Ice Spice|Blizzard|p2a: Regidrago\n|-supereffective|p2a: Regidrago\n|-damage|p2a: Regidrago|33\/100\n|move|p2a: Regidrago|Explosion|p1a: Ice Spice\n|-damage|p1a: Ice Spice|58\/100\n|faint|p2a: Regidrago\n|\n|win|Maeby Mitenaut\n|raw|Maeby Mitenaut's rating: 1191 &rarr; <strong>1213<\/strong><br \/>(+22 for winning)\n|raw|covidfromthevoid's rating: 1151 &rarr; <strong>1129<\/strong><br \/>(-22 for losing)\n|l|\u2606covidfromthevoid\n|c|\u2606Maeby Mitenaut|ggz\n","uploadtime":1700794368,"views":5,"p1id":"maebymitenaut","p2id":"covidfromthevoid","formatid":"gen9nationaldex","rating":1129,"private":0,"password":""}