{"id":"gen9nationaldex-1988597150","p1":"CanTotallyDunk","p2":"Vvbttij","format":"[Gen 9] National Dex","log":"|j|\u2606CanTotallyDunk\n|j|\u2606Vvbttij\n|t:|1699740220\n|gametype|singles\n|player|p1|CanTotallyDunk|alder|1086\n|player|p2|Vvbttij|red|1049\n|teamsize|p1|6\n|teamsize|p2|6\n|gen|9\n|tier|[Gen 9] National Dex\n|rated|\n|rule|HP Percentage Mod: HP is shown in percentages\n|rule|Endless Battle Clause: Forcing endless battles is banned\n|rule|OHKO Clause: OHKO moves are banned\n|rule|Evasion Clause: Evasion abilities, items, and moves are banned\n|rule|Evasion Abilities Clause: Evasion abilities are banned\n|rule|Evasion Items Clause: Evasion items are banned\n|rule|Evasion Moves Clause: Evasion moves are banned\n|rule|Species Clause: Limit one of each Pok\u00e9mon\n|rule|Sleep Clause Mod: Limit one foe put to sleep\n|clearpoke\n|poke|p1|Kingdra, M|\n|poke|p1|Zeraora|\n|poke|p1|Cofagrigus, M|\n|poke|p1|Gallade, M|\n|poke|p1|Milotic, F|\n|poke|p1|Delibird, M|\n|poke|p2|Charizard, F|\n|poke|p2|Blastoise, M|\n|poke|p2|Venusaur, F|\n|poke|p2|Snorlax, M|\n|poke|p2|Lapras, M|\n|poke|p2|Pikachu, F|\n|teampreview\n|\n|t:|1699740226\n|start\n|switch|p1a: Zeraora|Zeraora, shiny|100\/100\n|switch|p2a: Charizard|Charizard, F|100\/100\n|turn|1\n|\n|t:|1699740234\n|switch|p2a: Pikachu|Pikachu, F|100\/100\n|move|p1a: Zeraora|Plasma Fists|p2a: Pikachu\n|-ability|p2a: Pikachu|Lightning Rod|boost\n|-boost|p2a: Pikachu|spa|1\n|\n|upkeep\n|turn|2\n|\n|t:|1699740243\n|move|p1a: Zeraora|Drain Punch|p2a: Pikachu\n|-damage|p2a: Pikachu|19\/100\n|-enditem|p2a: Pikachu|Salac Berry|[eat]\n|-boost|p2a: Pikachu|spe|1|[from] item: Salac Berry\n|move|p2a: Pikachu|Nuzzle|p1a: Zeraora\n|-immune|p1a: Zeraora|[from] ability: Volt Absorb\n|\n|upkeep\n|turn|3\n|\n|t:|1699740254\n|move|p2a: Pikachu|Endeavor|p1a: Zeraora\n|-damage|p1a: Zeraora|12\/100\n|move|p1a: Zeraora|Drain Punch|p2a: Pikachu\n|-damage|p2a: Pikachu|0 fnt\n|-heal|p1a: Zeraora|18\/100|[from] drain|[of] p2a: Pikachu\n|faint|p2a: Pikachu\n|\n|upkeep\n|\n|t:|1699740261\n|switch|p2a: Snorlax|Snorlax, M, shiny|100\/100\n|turn|4\n|\n|t:|1699740271\n|-terastallize|p2a: Snorlax|Ghost\n|move|p1a: Zeraora|Drain Punch|p2a: Snorlax\n|-immune|p2a: Snorlax\n|move|p2a: Snorlax|Belly Drum|p2a: Snorlax\n|-damage|p2a: Snorlax|50\/100\n|-setboost|p2a: Snorlax|atk|6|[from] move: Belly Drum\n|\n|upkeep\n|turn|5\n|\n|t:|1699740280\n|move|p1a: Zeraora|Plasma Fists|p2a: Snorlax\n|-damage|p2a: Snorlax|5\/100\n|-fieldactivate|move: Ion Deluge\n|-hint|Normal-type moves become Electric-type after using Plasma Fists.\n|move|p2a: Snorlax|Rest|p2a: Snorlax\n|-status|p2a: Snorlax|slp|[from] move: Rest\n|-heal|p2a: Snorlax|100\/100 slp|[silent]\n|-enditem|p2a: Snorlax|Chesto Berry|[eat]\n|-curestatus|p2a: Snorlax|slp|[msg]\n|\n|upkeep\n|turn|6\n|\n|t:|1699740291\n|move|p1a: Zeraora|Plasma Fists|p2a: Snorlax\n|-damage|p2a: Snorlax|60\/100\n|-fieldactivate|move: Ion Deluge\n|-hint|Normal-type moves become Electric-type after using Plasma Fists.\n|move|p2a: Snorlax|Earthquake|p1a: Zeraora\n|-supereffective|p1a: Zeraora\n|-damage|p1a: Zeraora|0 fnt\n|faint|p1a: Zeraora\n|\n|upkeep\n|\n|t:|1699740320\n|switch|p1a: Delibird|Delibird, M, shiny|100\/100\n|turn|7\n|\n|t:|1699740326\n|move|p1a: Delibird|Tailwind|p1a: Delibird\n|-sidestart|p1: CanTotallyDunk|move: Tailwind\n|move|p2a: Snorlax|Ice Punch|p1a: Delibird\n|-damage|p1a: Delibird|0 fnt\n|faint|p1a: Delibird\n|\n|upkeep\n|\n|t:|1699740345\n|switch|p1a: Cofagrigus|Cofagrigus, M|100\/100\n|turn|8\n|\n|t:|1699740350\n|move|p1a: Cofagrigus|Trick|p2a: Snorlax\n|-activate|p1a: Cofagrigus|move: Trick|[of] p2a: Snorlax\n|-item|p2a: Snorlax|Choice Scarf|[from] move: Trick\n|-enditem|p1a: Cofagrigus|Choice Scarf|[silent]|[from] move: Trick\n|move|p2a: Snorlax|Earthquake|p1a: Cofagrigus\n|-damage|p1a: Cofagrigus|0 fnt\n|faint|p1a: Cofagrigus\n|\n|upkeep\n|\n|t:|1699740356\n|switch|p1a: Milotic|Milotic, F|100\/100\n|turn|9\n|\n|t:|1699740361\n|move|p1a: Milotic|Ice Beam|p2a: Snorlax\n|-damage|p2a: Snorlax|47\/100\n|move|p2a: Snorlax|Earthquake|p1a: Milotic\n|-damage|p1a: Milotic|0 fnt\n|faint|p1a: Milotic\n|\n|upkeep\n|\n|t:|1699740367\n|switch|p1a: Kingdra|Kingdra, M|100\/100\n|turn|10\n|\n|t:|1699740370\n|move|p1a: Kingdra|Clear Smog|p2a: Snorlax\n|-resisted|p2a: Snorlax\n|-damage|p2a: Snorlax|42\/100\n|-clearboost|p2a: Snorlax\n|move|p2a: Snorlax|Earthquake|p1a: Kingdra\n|-damage|p1a: Kingdra|56\/100\n|\n|-sideend|p1: CanTotallyDunk|move: Tailwind\n|upkeep\n|turn|11\n|\n|t:|1699740379\n|move|p1a: Kingdra|Surf|p2a: Snorlax\n|-damage|p2a: Snorlax|16\/100\n|move|p2a: Snorlax|Earthquake|p1a: Kingdra\n|-damage|p1a: Kingdra|16\/100\n|\n|upkeep\n|turn|12\n|\n|t:|1699740385\n|move|p1a: Kingdra|Surf|p2a: Snorlax\n|-damage|p2a: Snorlax|0 fnt\n|faint|p2a: Snorlax\n|\n|upkeep\n|\n|t:|1699740395\n|switch|p2a: Charizard|Charizard, F|100\/100\n|turn|13\n|\n|t:|1699740399\n|move|p2a: Charizard|Dual Wingbeat|p1a: Kingdra\n|-damage|p1a: Kingdra|0 fnt\n|faint|p1a: Kingdra\n|-hitcount|p1: Kingdra|1\n|\n|upkeep\n|\n|t:|1699740403\n|switch|p1a: Gallade|Gallade, M, shiny|100\/100\n|turn|14\n|\n|t:|1699740407\n|detailschange|p1a: Gallade|Gallade-Mega, M, shiny\n|-mega|p1a: Gallade|Gallade|Galladite\n|move|p1a: Gallade|Aqua Cutter|p2a: Charizard\n|-supereffective|p2a: Charizard\n|-damage|p2a: Charizard|13\/100\n|-enditem|p2a: Charizard|Salac Berry|[eat]\n|-boost|p2a: Charizard|spe|1|[from] item: Salac Berry\n|move|p2a: Charizard|Dual Wingbeat|p1a: Gallade\n|-supereffective|p1a: Gallade\n|-damage|p1a: Gallade|62\/100\n|-supereffective|p1a: Gallade\n|-damage|p1a: Gallade|20\/100\n|-hitcount|p1a: Gallade|2\n|\n|upkeep\n|turn|15\n|\n|t:|1699740418\n|move|p2a: Charizard|Dual Wingbeat|p1a: Gallade\n|-supereffective|p1a: Gallade\n|-damage|p1a: Gallade|0 fnt\n|faint|p1a: Gallade\n|-hitcount|p1: Gallade|1\n|\n|win|Vvbttij\n|raw|CanTotallyDunk's rating: 1086 &rarr; <strong>1061<\/strong><br \/>(-25 for losing)\n|raw|Vvbttij's rating: 1049 &rarr; <strong>1085<\/strong><br \/>(+36 for winning)\n|c|\u2606Vvbttij|Gg\n|l|\u2606CanTotallyDunk\n","uploadtime":1699740430,"views":4,"p1id":"cantotallydunk","p2id":"vvbttij","formatid":"gen9nationaldex","rating":1061,"private":0,"password":""}