{"id":"gen9nationaldex-2000480847","p1":"L3afGreen","p2":"1Tyler08","format":"[Gen 9] National Dex","log":"|html|<div class=\"broadcast-blue\"><strong>[Gen 9] National Dex is currently suspecting Sneasler! For information on how to participate check out the <a href=\"https:\/\/www.smogon.com\/forums\/threads\/sv-national-dex-suspect-8-just-dance.3731534\/\">suspect thread<\/a>.<\/strong><\/div>\n|j|\u2606L3afGreen\n|j|\u26061Tyler08\n|t:|1701198384\n|gametype|singles\n|player|p1|L3afGreen|green|1073\n|player|p2|1Tyler08|brycenman|1103\n|teamsize|p1|6\n|teamsize|p2|6\n|gen|9\n|tier|[Gen 9] National Dex\n|rated|\n|rule|HP Percentage Mod: HP is shown in percentages\n|rule|Endless Battle Clause: Forcing endless battles is banned\n|rule|OHKO Clause: OHKO moves are banned\n|rule|Evasion Clause: Evasion abilities, items, and moves are banned\n|rule|Evasion Abilities Clause: Evasion abilities are banned\n|rule|Evasion Items Clause: Evasion items are banned\n|rule|Evasion Moves Clause: Evasion moves are banned\n|rule|Species Clause: Limit one of each Pok\u00e9mon\n|rule|Sleep Clause Mod: Limit one foe put to sleep\n|clearpoke\n|poke|p1|Sceptile, F|\n|poke|p1|Metagross|\n|poke|p1|Skarmory, F|\n|poke|p1|Chansey, F|\n|poke|p1|Gastrodon-East, F|\n|poke|p1|Heatran, F|\n|poke|p2|Ferrothorn, M|\n|poke|p2|Samurott-Hisui, M|\n|poke|p2|Clodsire, F|\n|poke|p2|Ribombee, F|\n|poke|p2|Garganacl, M|\n|poke|p2|Garchomp, F|\n|teampreview\n|\n|t:|1701198403\n|start\n|switch|p1a: Heatran|Heatran, F|100\/100\n|switch|p2a: DefPoisonPoint|Clodsire, F|100\/100\n|turn|1\n|c|\u26061Tyler08|i respect the sceptile\n|\n|t:|1701198411\n|switch|p1a: Skarmory|Skarmory, F|100\/100\n|move|p2a: DefPoisonPoint|Yawn|p1a: Skarmory\n|-start|p1a: Skarmory|move: Yawn|[of] p2a: DefPoisonPoint\n|\n|upkeep\n|turn|2\n|\n|t:|1701198421\n|move|p1a: Skarmory|Spikes|p2a: DefPoisonPoint\n|-sidestart|p2: 1Tyler08|Spikes\n|move|p2a: DefPoisonPoint|Toxic Spikes|p1a: Skarmory\n|-sidestart|p1: L3afGreen|move: Toxic Spikes\n|\n|-end|p1a: Skarmory|move: Yawn|[silent]\n|-status|p1a: Skarmory|slp\n|upkeep\n|turn|3\n|\n|t:|1701198444\n|switch|p1a: Sceptile|Sceptile, F|100\/100\n|-status|p1a: Sceptile|psn\n|move|p2a: DefPoisonPoint|Toxic Spikes|p1a: Sceptile\n|-sidestart|p1: L3afGreen|move: Toxic Spikes\n|\n|-damage|p1a: Sceptile|88\/100 psn|[from] psn\n|upkeep\n|turn|4\n|\n|t:|1701198461\n|detailschange|p1a: Sceptile|Sceptile-Mega, F\n|-mega|p1a: Sceptile|Sceptile|Sceptilite\n|move|p1a: Sceptile|Leaf Storm|p2a: DefPoisonPoint\n|-damage|p2a: DefPoisonPoint|49\/100\n|-unboost|p1a: Sceptile|spa|2\n|move|p2a: DefPoisonPoint|Stealth Rock|p1a: Sceptile\n|-sidestart|p1: L3afGreen|move: Stealth Rock\n|\n|-damage|p1a: Sceptile|76\/100 psn|[from] psn\n|upkeep\n|turn|5\n|\n|t:|1701198474\n|move|p1a: Sceptile|Leech Seed|p2a: DefPoisonPoint\n|-start|p2a: DefPoisonPoint|move: Leech Seed\n|move|p2a: DefPoisonPoint|Ancient Power|p1a: Sceptile\n|-damage|p1a: Sceptile|67\/100 psn\n|-boost|p2a: DefPoisonPoint|atk|1\n|-boost|p2a: DefPoisonPoint|def|1\n|-boost|p2a: DefPoisonPoint|spa|1\n|-boost|p2a: DefPoisonPoint|spd|1\n|-boost|p2a: DefPoisonPoint|spe|1\n|\n|-damage|p2a: DefPoisonPoint|36\/100|[from] Leech Seed|[of] p1a: Sceptile\n|-heal|p1a: Sceptile|87\/100 psn|[silent]\n|-damage|p1a: Sceptile|75\/100 psn|[from] psn\n|upkeep\n|turn|6\n|\n|t:|1701198486\n|move|p1a: Sceptile|Leaf Storm|p2a: DefPoisonPoint\n|-damage|p2a: DefPoisonPoint|20\/100\n|-unboost|p1a: Sceptile|spa|2\n|-enditem|p2a: DefPoisonPoint|Aguav Berry|[eat]\n|-heal|p2a: DefPoisonPoint|53\/100|[from] item: Aguav Berry\n|move|p2a: DefPoisonPoint|Ancient Power|p1a: Sceptile\n|-damage|p1a: Sceptile|60\/100 psn\n|-boost|p2a: DefPoisonPoint|atk|1\n|-boost|p2a: DefPoisonPoint|def|1\n|-boost|p2a: DefPoisonPoint|spa|1\n|-boost|p2a: DefPoisonPoint|spd|1\n|-boost|p2a: DefPoisonPoint|spe|1\n|\n|-damage|p2a: DefPoisonPoint|41\/100|[from] Leech Seed|[of] p1a: Sceptile\n|-heal|p1a: Sceptile|81\/100 psn|[silent]\n|-damage|p1a: Sceptile|68\/100 psn|[from] psn\n|upkeep\n|turn|7\n|\n|t:|1701198503\n|switch|p1a: Gastrodon|Gastrodon-East, F|100\/100\n|-status|p1a: Gastrodon|tox\n|-damage|p1a: Gastrodon|94\/100 tox|[from] Stealth Rock\n|move|p2a: DefPoisonPoint|Ancient Power|p1a: Gastrodon\n|-resisted|p1a: Gastrodon\n|-damage|p1a: Gastrodon|90\/100 tox\n|\n|-heal|p1a: Gastrodon|96\/100 tox|[from] item: Leftovers\n|-damage|p2a: DefPoisonPoint|28\/100|[from] Leech Seed|[of] p1a: Gastrodon\n|-heal|p1a: Gastrodon|100\/100 tox|[silent]\n|-damage|p1a: Gastrodon|94\/100 tox|[from] psn\n|upkeep\n|turn|8\n|\n|t:|1701198517\n|switch|p2a: U Get Cut|Samurott-Hisui, M|100\/100\n|-damage|p2a: U Get Cut|88\/100|[from] Spikes\n|move|p1a: Gastrodon|Earthquake|p2a: U Get Cut\n|-damage|p2a: U Get Cut|49\/100\n|\n|-heal|p2a: U Get Cut|56\/100|[from] item: Leftovers\n|-heal|p1a: Gastrodon|100\/100 tox|[from] item: Leftovers\n|-damage|p1a: Gastrodon|88\/100 tox|[from] psn\n|upkeep\n|turn|9\n|\n|t:|1701198529\n|move|p2a: U Get Cut|Ceaseless Edge|p1a: Gastrodon\n|-damage|p1a: Gastrodon|36\/100 tox\n|-sidestart|p1: L3afGreen|Spikes\n|move|p1a: Gastrodon|Toxic|p2a: U Get Cut\n|-status|p2a: U Get Cut|tox\n|\n|-heal|p2a: U Get Cut|62\/100 tox|[from] item: Leftovers\n|-heal|p1a: Gastrodon|42\/100 tox|[from] item: Leftovers\n|-damage|p2a: U Get Cut|56\/100 tox|[from] psn\n|-damage|p1a: Gastrodon|24\/100 tox|[from] psn\n|upkeep\n|turn|10\n|\n|t:|1701198541\n|switch|p1a: Skarmory|Skarmory, F|100\/100 slp\n|-damage|p1a: Skarmory|88\/100 slp|[from] Stealth Rock\n|move|p2a: U Get Cut|Ceaseless Edge|p1a: Skarmory\n|-damage|p1a: Skarmory|61\/100 slp\n|-damage|p2a: U Get Cut|39\/100 tox|[from] item: Rocky Helmet|[of] p1a: Skarmory\n|-sidestart|p1: L3afGreen|Spikes\n|\n|-heal|p2a: U Get Cut|45\/100 tox|[from] item: Leftovers\n|-damage|p2a: U Get Cut|33\/100 tox|[from] psn\n|upkeep\n|turn|11\n|\n|t:|1701198557\n|move|p2a: U Get Cut|Ceaseless Edge|p1a: Skarmory\n|-damage|p1a: Skarmory|35\/100 slp\n|-damage|p2a: U Get Cut|16\/100 tox|[from] item: Rocky Helmet|[of] p1a: Skarmory\n|-sidestart|p1: L3afGreen|Spikes\n|cant|p1a: Skarmory|slp\n|\n|-heal|p2a: U Get Cut|23\/100 tox|[from] item: Leftovers\n|-damage|p2a: U Get Cut|4\/100 tox|[from] psn\n|upkeep\n|turn|12\n|\n|t:|1701198573\n|move|p2a: U Get Cut|Knock Off|p1a: Skarmory\n|-damage|p1a: Skarmory|9\/100 slp\n|-damage|p2a: U Get Cut|0 fnt|[from] item: Rocky Helmet|[of] p1a: Skarmory\n|faint|p2a: U Get Cut\n|-curestatus|p1a: Skarmory|slp|[msg]\n|move|p1a: Skarmory|Roost|p1a: Skarmory\n|-heal|p1a: Skarmory|59\/100\n|-singleturn|p1a: Skarmory|move: Roost\n|\n|upkeep\n|\n|t:|1701198584\n|switch|p2a: Just a Bee|Ribombee, F|100\/100\n|-damage|p2a: Just a Bee|88\/100|[from] Spikes\n|turn|13\n|\n|t:|1701198593\n|move|p2a: Just a Bee|Sticky Web|p1a: Skarmory\n|-sidestart|p1: L3afGreen|move: Sticky Web\n|move|p1a: Skarmory|Spikes|p2a: Just a Bee\n|-sidestart|p2: 1Tyler08|Spikes\n|\n|upkeep\n|turn|14\n|\n|t:|1701198600\n|move|p2a: Just a Bee|Draining Kiss|p1a: Skarmory\n|-resisted|p1a: Skarmory\n|-damage|p1a: Skarmory|46\/100\n|-heal|p2a: Just a Bee|100\/100|[from] drain|[of] p1a: Skarmory\n|-damage|p2a: Just a Bee|84\/100|[from] item: Rocky Helmet|[of] p1a: Skarmory\n|move|p1a: Skarmory|Spikes|p2a: Just a Bee\n|-sidestart|p2: 1Tyler08|Spikes\n|\n|upkeep\n|turn|15\n|\n|t:|1701198610\n|move|p2a: Just a Bee|Dazzling Gleam|p1a: Skarmory\n|-resisted|p1a: Skarmory\n|-damage|p1a: Skarmory|24\/100\n|move|p1a: Skarmory|Roost|p1a: Skarmory\n|-heal|p1a: Skarmory|74\/100\n|-singleturn|p1a: Skarmory|move: Roost\n|\n|upkeep\n|turn|16\n|\n|t:|1701198621\n|switch|p1a: Metagross|Metagross|100\/100\n|-damage|p1a: Metagross|94\/100|[from] Stealth Rock\n|-damage|p1a: Metagross|69\/100|[from] Spikes\n|-activate|p1a: Metagross|move: Sticky Web\n|-fail|p1a: Metagross|unboost|[from] ability: Clear Body|[of] p1a: Metagross\n|move|p2a: Just a Bee|Dual Wingbeat|p1a: Metagross\n|-resisted|p1a: Metagross\n|-damage|p1a: Metagross|67\/100\n|-resisted|p1a: Metagross\n|-damage|p1a: Metagross|65\/100\n|-hitcount|p1a: Metagross|2\n|\n|upkeep\n|turn|17\n|\n|t:|1701198635\n|move|p2a: Just a Bee|Draining Kiss|p1a: Metagross\n|-resisted|p1a: Metagross\n|-damage|p1a: Metagross|57\/100\n|-heal|p2a: Just a Bee|92\/100|[from] drain|[of] p1a: Metagross\n|move|p1a: Metagross|Meteor Mash|p2a: Just a Bee\n|-supereffective|p2a: Just a Bee\n|-damage|p2a: Just a Bee|0 fnt\n|faint|p2a: Just a Bee\n|\n|upkeep\n|\n|t:|1701198645\n|switch|p2a: TearsOfEnemies|Garganacl, M|100\/100\n|turn|18\n|\n|t:|1701198654\n|-terastallize|p2a: TearsOfEnemies|Grass\n|move|p1a: Metagross|Meteor Mash|p2a: TearsOfEnemies|[miss]\n|-miss|p1a: Metagross|p2a: TearsOfEnemies\n|move|p2a: TearsOfEnemies|Salt Cure|p1a: Metagross\n|-resisted|p1a: Metagross\n|-damage|p1a: Metagross|52\/100\n|-start|p1a: Metagross|Salt Cure\n|\n|-damage|p1a: Metagross|27\/100|[from] Salt Cure\n|upkeep\n|turn|19\n|\n|t:|1701198669\n|switch|p1a: Chansey|Chansey, F|100\/100\n|-status|p1a: Chansey|tox\n|-damage|p1a: Chansey|88\/100 tox|[from] Stealth Rock\n|-damage|p1a: Chansey|63\/100 tox|[from] Spikes\n|-activate|p1a: Chansey|move: Sticky Web\n|-unboost|p1a: Chansey|spe|1\n|move|p2a: TearsOfEnemies|Ancient Power|p1a: Chansey\n|-crit|p1a: Chansey\n|-damage|p1a: Chansey|58\/100 tox\n|\n|-damage|p1a: Chansey|52\/100 tox|[from] psn\n|upkeep\n|turn|20\n|\n|t:|1701198695\n|move|p2a: TearsOfEnemies|Salt Cure|p1a: Chansey\n|-damage|p1a: Chansey|43\/100 tox\n|-start|p1a: Chansey|Salt Cure\n|move|p1a: Chansey|Stealth Rock|p2a: TearsOfEnemies\n|-sidestart|p2: 1Tyler08|move: Stealth Rock\n|\n|-damage|p1a: Chansey|31\/100 tox|[from] psn\n|-damage|p1a: Chansey|19\/100 tox|[from] Salt Cure\n|upkeep\n|turn|21\n|\n|t:|1701198707\n|move|p2a: TearsOfEnemies|Ancient Power|p1a: Chansey\n|-damage|p1a: Chansey|15\/100 tox\n|move|p1a: Chansey|Soft-Boiled|p1a: Chansey\n|-heal|p1a: Chansey|65\/100 tox\n|\n|-damage|p1a: Chansey|47\/100 tox|[from] psn\n|-damage|p1a: Chansey|35\/100 tox|[from] Salt Cure\n|upkeep\n|turn|22\n|\n|t:|1701198717\n|-curestatus|p1a: Chansey|tox|[from] ability: Natural Cure\n|switch|p1a: Gastrodon|Gastrodon-East, F|24\/100 tox\n|-damage|p1a: Gastrodon|17\/100 tox|[from] Stealth Rock\n|-damage|p1a: Gastrodon|0 fnt|[from] Spikes\n|-activate|p1a: Gastrodon|move: Sticky Web\n|faint|p1a: Gastrodon\n|move|p2a: TearsOfEnemies|Ancient Power|p1: Gastrodon|[notarget]\n|-fail|p2a: TearsOfEnemies\n|\n|upkeep\n|\n|t:|1701198731\n|switch|p1a: Heatran|Heatran, F|100\/100\n|-damage|p1a: Heatran|88\/100|[from] Stealth Rock\n|-damage|p1a: Heatran|63\/100|[from] Spikes\n|-activate|p1a: Heatran|move: Sticky Web\n|-unboost|p1a: Heatran|spe|1\n|turn|23\n|\n|t:|1701198740\n|move|p1a: Heatran|Magma Storm|p2a: TearsOfEnemies\n|-supereffective|p2a: TearsOfEnemies\n|-damage|p2a: TearsOfEnemies|16\/100\n|-activate|p2a: TearsOfEnemies|move: Magma Storm|[of] p1a: Heatran\n|move|p2a: TearsOfEnemies|Salt Cure|p1a: Heatran\n|-damage|p1a: Heatran|50\/100\n|-start|p1a: Heatran|Salt Cure\n|\n|-heal|p1a: Heatran|57\/100|[from] item: Leftovers\n|-damage|p1a: Heatran|32\/100|[from] Salt Cure\n|-damage|p2a: TearsOfEnemies|3\/100|[from] move: Magma Storm|[partiallytrapped]\n|upkeep\n|turn|24\n|\n|t:|1701198752\n|move|p1a: Heatran|Earth Power|p2a: TearsOfEnemies\n|-resisted|p2a: TearsOfEnemies\n|-damage|p2a: TearsOfEnemies|0 fnt\n|faint|p2a: TearsOfEnemies\n|\n|-heal|p1a: Heatran|38\/100|[from] item: Leftovers\n|-damage|p1a: Heatran|13\/100|[from] Salt Cure\n|upkeep\n|\n|t:|1701198764\n|switch|p2a: DoYouFearDeath|Ferrothorn, M|100\/100\n|-damage|p2a: DoYouFearDeath|75\/100|[from] Spikes\n|-damage|p2a: DoYouFearDeath|69\/100|[from] Stealth Rock\n|turn|25\n|\n|t:|1701198769\n|move|p1a: Heatran|Magma Storm|p2a: DoYouFearDeath\n|-supereffective|p2a: DoYouFearDeath\n|-damage|p2a: DoYouFearDeath|0 fnt\n|faint|p2a: DoYouFearDeath\n|\n|-heal|p1a: Heatran|19\/100|[from] item: Leftovers\n|-damage|p1a: Heatran|0 fnt|[from] Salt Cure\n|faint|p1a: Heatran\n|upkeep\n|\n|t:|1701198781\n|switch|p1a: Metagross|Metagross|27\/100\n|switch|p2a: GameShark|Garchomp, F|100\/100\n|-damage|p2a: GameShark|76\/100|[from] Spikes\n|-damage|p2a: GameShark|69\/100|[from] Stealth Rock\n|-damage|p1a: Metagross|21\/100|[from] Stealth Rock\n|-damage|p1a: Metagross|0 fnt|[from] Spikes\n|-activate|p1a: Metagross|move: Sticky Web\n|faint|p1a: Metagross\n|\n|t:|1701198792\n|switch|p1a: Sceptile|Sceptile-Mega, F|68\/100 psn\n|-damage|p1a: Sceptile|56\/100 psn|[from] Stealth Rock\n|-damage|p1a: Sceptile|31\/100 psn|[from] Spikes\n|-activate|p1a: Sceptile|move: Sticky Web\n|-unboost|p1a: Sceptile|spe|1\n|turn|26\n|\n|t:|1701198800\n|move|p1a: Sceptile|Dragon Pulse|p2a: GameShark\n|-supereffective|p2a: GameShark\n|-damage|p2a: GameShark|0 fnt\n|faint|p2a: GameShark\n|\n|-damage|p1a: Sceptile|18\/100 psn|[from] psn\n|upkeep\n|\n|t:|1701198806\n|switch|p2a: DefPoisonPoint|Clodsire, F|28\/100\n|-damage|p2a: DefPoisonPoint|3\/100|[from] Spikes\n|-damage|p2a: DefPoisonPoint|0 fnt|[from] Stealth Rock\n|faint|p2a: DefPoisonPoint\n|\n|win|L3afGreen\n|raw|L3afGreen's rating: 1073 &rarr; <strong>1105<\/strong><br \/>(+32 for winning)\n|raw|1Tyler08's rating: 1103 &rarr; <strong>1076<\/strong><br \/>(-27 for losing)\n|c|\u26061Tyler08|gg\n|l|\u26061Tyler08\n|c|\u2606L3afGreen|Gg\n","uploadtime":1701198823,"views":1,"p1id":"l3afgreen","p2id":"1tyler08","formatid":"gen9nationaldex","rating":1076,"private":0,"password":""}