{"id":"gen9nationaldex-1987319227","p1":"yanami-go","p2":"A Ira de Deus","format":"[Gen 9] National Dex","log":"|j|\u2606yanami-go\n|j|\u2606A Ira de Deus\n|t:|1699577014\n|gametype|singles\n|player|p1|yanami-go|dawn-masters3|1554\n|player|p2|A Ira de Deus|unknown|1792\n|teamsize|p1|6\n|teamsize|p2|6\n|gen|9\n|tier|[Gen 9] National Dex\n|rated|\n|rule|HP Percentage Mod: HP is shown in percentages\n|rule|Endless Battle Clause: Forcing endless battles is banned\n|rule|OHKO Clause: OHKO moves are banned\n|rule|Evasion Clause: Evasion abilities, items, and moves are banned\n|rule|Evasion Abilities Clause: Evasion abilities are banned\n|rule|Evasion Items Clause: Evasion items are banned\n|rule|Evasion Moves Clause: Evasion moves are banned\n|rule|Species Clause: Limit one of each Pok\u00e9mon\n|rule|Sleep Clause Mod: Limit one foe put to sleep\n|clearpoke\n|poke|p1|Dondozo, F|\n|poke|p1|Tapu Lele|\n|poke|p1|Ting-Lu|\n|poke|p1|Sneasler, F|\n|poke|p1|Empoleon, M|\n|poke|p1|Dragonite, F|\n|poke|p2|Charizard, M|\n|poke|p2|Kyurem|\n|poke|p2|Clefable, M|\n|poke|p2|Toxapex, M|\n|poke|p2|Chansey, F|\n|poke|p2|Gliscor, M|\n|teampreview\n|inactive|Battle timer is ON: inactive players will automatically lose when time's up. (requested by A Ira de Deus)\n|\n|t:|1699577034\n|start\n|switch|p1a: Ting-Lu|Ting-Lu|100\/100\n|switch|p2a: Antarctic circle|Kyurem|100\/100\n|-ability|p2a: Antarctic circle|Pressure\n|-ability|p1a: Ting-Lu|Vessel of Ruin\n|turn|1\n|\n|t:|1699577045\n|move|p2a: Antarctic circle|Freeze-Dry|p1a: Ting-Lu\n|-supereffective|p1a: Ting-Lu\n|-damage|p1a: Ting-Lu|57\/100\n|-status|p1a: Ting-Lu|frz\n|cant|p1a: Ting-Lu|frz\n|\n|-heal|p1a: Ting-Lu|64\/100 frz|[from] item: Leftovers\n|upkeep\n|turn|2\n|\n|t:|1699577049\n|move|p2a: Antarctic circle|Freeze-Dry|p1a: Ting-Lu\n|-supereffective|p1a: Ting-Lu\n|-damage|p1a: Ting-Lu|16\/100 frz\n|-curestatus|p1a: Ting-Lu|frz|[msg]\n|move|p1a: Ting-Lu|Stealth Rock|p2a: Antarctic circle\n|-sidestart|p2: A Ira de Deus|move: Stealth Rock\n|\n|-heal|p1a: Ting-Lu|23\/100|[from] item: Leftovers\n|upkeep\n|turn|3\n|\n|t:|1699577055\n|switch|p1a: Empoleon|Empoleon, M|100\/100\n|move|p2a: Antarctic circle|Freeze-Dry|p1a: Empoleon\n|-damage|p1a: Empoleon|67\/100\n|\n|-heal|p1a: Empoleon|74\/100|[from] item: Leftovers\n|upkeep\n|turn|4\n|\n|t:|1699577059\n|switch|p2a: Tree of Life|Chansey, F|100\/100\n|-damage|p2a: Tree of Life|88\/100|[from] Stealth Rock\n|move|p1a: Empoleon|Toxic|p2a: Tree of Life\n|-status|p2a: Tree of Life|tox\n|\n|-heal|p1a: Empoleon|80\/100|[from] item: Leftovers\n|-damage|p2a: Tree of Life|82\/100 tox|[from] psn\n|upkeep\n|turn|5\n|\n|t:|1699577063\n|move|p1a: Empoleon|Knock Off|p2a: Tree of Life\n|-damage|p2a: Tree of Life|71\/100 tox\n|-enditem|p2a: Tree of Life|Eviolite|[from] move: Knock Off|[of] p1a: Empoleon\n|move|p2a: Tree of Life|Teleport|p2a: Tree of Life\n|\n|t:|1699577065\n|-curestatus|p2a: Tree of Life|tox|[from] ability: Natural Cure\n|switch|p2a: Flat Earth|Gliscor, M, shiny|100\/100|[from] Teleport\n|-damage|p2a: Flat Earth|88\/100|[from] Stealth Rock\n|\n|-heal|p1a: Empoleon|86\/100|[from] item: Leftovers\n|-status|p2a: Flat Earth|tox|[from] item: Toxic Orb\n|upkeep\n|turn|6\n|\n|t:|1699577069\n|move|p2a: Flat Earth|Defog|p1a: Empoleon\n|-unboost|p1a: Empoleon|evasion|1\n|-ability|p1a: Empoleon|Competitive|boost\n|-boost|p1a: Empoleon|spa|2\n|-sideend|p2: A Ira de Deus|Stealth Rock|[from] move: Defog|[of] p2a: Flat Earth\n|move|p1a: Empoleon|Scald|p2a: Flat Earth\n|-supereffective|p2a: Flat Earth\n|-damage|p2a: Flat Earth|0 fnt\n|faint|p2a: Flat Earth\n|\n|-heal|p1a: Empoleon|92\/100|[from] item: Leftovers\n|upkeep\n|\n|t:|1699577082\n|switch|p2a: Antarctic circle|Kyurem|100\/100\n|-ability|p2a: Antarctic circle|Pressure\n|turn|7\n|\n|t:|1699577084\n|move|p2a: Antarctic circle|Earth Power|p1a: Empoleon\n|-supereffective|p1a: Empoleon\n|-damage|p1a: Empoleon|30\/100\n|move|p1a: Empoleon|Toxic|p2a: Antarctic circle\n|-status|p2a: Antarctic circle|tox\n|\n|-heal|p1a: Empoleon|36\/100|[from] item: Leftovers\n|-damage|p2a: Antarctic circle|94\/100 tox|[from] psn\n|upkeep\n|turn|8\n|\n|t:|1699577090\n|switch|p2a: Consuming Fire|Charizard, M|100\/100\n|-terastallize|p1a: Empoleon|Grass\n|move|p1a: Empoleon|Roost|p1a: Empoleon\n|-heal|p1a: Empoleon|86\/100\n|\n|-heal|p1a: Empoleon|92\/100|[from] item: Leftovers\n|upkeep\n|turn|9\n|-message|A Ira de Deus forfeited.\n|\n|win|yanami-go\n|raw|yanami-go's rating: 1554 &rarr; <strong>1586<\/strong><br \/>(+32 for winning)\n|raw|A Ira de Deus's rating: 1792 &rarr; <strong>1760<\/strong><br \/>(-32 for losing)\n|l|\u2606A Ira de Deus\n","uploadtime":1699577105,"views":18,"p1id":"yanamigo","p2id":"airadedeus","formatid":"gen9nationaldex","rating":1586,"private":0,"password":""}