{"id":"gen9nationaldex-1988675295","p1":"Dairy Duke","p2":"MMQZA6","format":"[Gen 9] National Dex","log":"|j|\u2606Dairy Duke\n|j|\u2606MMQZA6\n|t:|1699749218\n|gametype|singles\n|player|p1|Dairy Duke|kamado-armor|1445\n|player|p2|MMQZA6|169|1555\n|teamsize|p1|6\n|teamsize|p2|6\n|gen|9\n|tier|[Gen 9] National Dex\n|rated|\n|rule|HP Percentage Mod: HP is shown in percentages\n|rule|Endless Battle Clause: Forcing endless battles is banned\n|rule|OHKO Clause: OHKO moves are banned\n|rule|Evasion Clause: Evasion abilities, items, and moves are banned\n|rule|Evasion Abilities Clause: Evasion abilities are banned\n|rule|Evasion Items Clause: Evasion items are banned\n|rule|Evasion Moves Clause: Evasion moves are banned\n|rule|Species Clause: Limit one of each Pok\u00e9mon\n|rule|Sleep Clause Mod: Limit one foe put to sleep\n|clearpoke\n|poke|p1|Pelipper, M|\n|poke|p1|Swampert, F|\n|poke|p1|Urshifu-*, F|\n|poke|p1|Ferrothorn, F|\n|poke|p1|Veluza, F|\n|poke|p1|Zapdos|\n|poke|p2|Hatterene, F|\n|poke|p2|Ninetales-Alola, M|\n|poke|p2|Garchomp, M|\n|poke|p2|Glimmora, F|\n|poke|p2|Volcarona, M|\n|poke|p2|Zamazenta-*|\n|teampreview\n|c|\u2606Dairy Duke|glhf\n|inactive|Battle timer is ON: inactive players will automatically lose when time's up. (requested by Dairy Duke)\n|\n|t:|1699749244\n|start\n|switch|p1a: Belfast|Veluza, F|100\/100\n|switch|p2a: Glimmora|Glimmora, F|100\/100\n|-ability|p1a: Belfast|Mold Breaker\n|turn|1\n|\n|t:|1699749253\n|move|p1a: Belfast|Final Gambit|p2a: Glimmora\n|-enditem|p2a: Glimmora|Focus Sash\n|-damage|p2a: Glimmora|1\/100\n|faint|p1a: Belfast\n|move|p2a: Glimmora|Energy Ball|p1: Belfast|[notarget]\n|-fail|p2a: Glimmora\n|\n|upkeep\n|\n|t:|1699749259\n|switch|p1a: Edinburgh|Ferrothorn, F|100\/100\n|turn|2\n|\n|t:|1699749273\n|switch|p2a: Ninetales|Ninetales-Alola, M|100\/100\n|-weather|Snow|[from] ability: Snow Warning|[of] p2a: Ninetales\n|move|p1a: Edinburgh|Seed Bomb|p2a: Ninetales\n|-damage|p2a: Ninetales|80\/100\n|\n|-weather|Snow|[upkeep]\n|upkeep\n|turn|3\n|\n|t:|1699749278\n|move|p2a: Ninetales|Encore|p1a: Edinburgh\n|-start|p1a: Edinburgh|Encore\n|move|p1a: Edinburgh|Seed Bomb|p2a: Ninetales\n|-damage|p2a: Ninetales|58\/100\n|\n|-weather|Snow|[upkeep]\n|upkeep\n|turn|4\n|\n|t:|1699749284\n|switch|p1a: Cardiff|Pelipper, M|100\/100\n|-weather|RainDance|[from] ability: Drizzle|[of] p1a: Cardiff\n|move|p2a: Ninetales|Snowscape|p2a: Ninetales\n|-weather|Snow\n|\n|-weather|Snow|[upkeep]\n|upkeep\n|turn|5\n|\n|t:|1699749290\n|switch|p1a: Edinburgh|Ferrothorn, F|100\/100\n|move|p2a: Ninetales|Aurora Veil|p2a: Ninetales\n|-sidestart|p2: MMQZA6|move: Aurora Veil\n|\n|-weather|Snow|[upkeep]\n|upkeep\n|turn|6\n|\n|t:|1699749315\n|switch|p2a: Volcarona|Volcarona, M|100\/100\n|move|p1a: Edinburgh|Gyro Ball|p2a: Volcarona\n|-resisted|p2a: Volcarona\n|-damage|p2a: Volcarona|82\/100\n|\n|-weather|Snow|[upkeep]\n|upkeep\n|turn|7\n|\n|t:|1699749322\n|switch|p1a: Cardiff|Pelipper, M|100\/100\n|-weather|RainDance|[from] ability: Drizzle|[of] p1a: Cardiff\n|move|p2a: Volcarona|Quiver Dance|p2a: Volcarona\n|-boost|p2a: Volcarona|spa|1\n|-boost|p2a: Volcarona|spd|1\n|-boost|p2a: Volcarona|spe|1\n|\n|-weather|RainDance|[upkeep]\n|upkeep\n|turn|8\n|\n|t:|1699749330\n|-terastallize|p2a: Volcarona|Grass\n|move|p2a: Volcarona|Quiver Dance|p2a: Volcarona\n|-boost|p2a: Volcarona|spa|1\n|-boost|p2a: Volcarona|spd|1\n|-boost|p2a: Volcarona|spe|1\n|move|p1a: Cardiff|U-turn|p2a: Volcarona\n|-supereffective|p2a: Volcarona\n|-damage|p2a: Volcarona|68\/100\n|\n|t:|1699749335\n|switch|p1a: Saint Peter's Port|Zapdos|100\/100|[from] U-turn\n|-ability|p1a: Saint Peter's Port|Pressure\n|\n|-weather|RainDance|[upkeep]\n|upkeep\n|turn|9\n|\n|t:|1699749353\n|move|p2a: Volcarona|Flamethrower|p1a: Saint Peter's Port\n|-damage|p1a: Saint Peter's Port|60\/100\n|move|p1a: Saint Peter's Port|Hurricane|p2a: Volcarona\n|-supereffective|p2a: Volcarona\n|-damage|p2a: Volcarona|40\/100\n|\n|-weather|RainDance|[upkeep]\n|upkeep\n|turn|10\n|\n|t:|1699749359\n|move|p2a: Volcarona|Flamethrower|p1a: Saint Peter's Port\n|-damage|p1a: Saint Peter's Port|17\/100\n|move|p1a: Saint Peter's Port|Hurricane|p2a: Volcarona\n|-supereffective|p2a: Volcarona\n|-damage|p2a: Volcarona|11\/100\n|-start|p2a: Volcarona|confusion\n|\n|-weather|RainDance|[upkeep]\n|upkeep\n|turn|11\n|\n|t:|1699749362\n|-activate|p2a: Volcarona|confusion\n|move|p2a: Volcarona|Flamethrower|p1a: Saint Peter's Port\n|-damage|p1a: Saint Peter's Port|0 fnt\n|faint|p1a: Saint Peter's Port\n|\n|-weather|RainDance|[upkeep]\n|upkeep\n|\n|t:|1699749365\n|switch|p1a: Douglas|Urshifu-Rapid-Strike, F|100\/100\n|turn|12\n|\n|t:|1699749367\n|move|p1a: Douglas|Aqua Jet|p2a: Volcarona\n|-resisted|p2a: Volcarona\n|-damage|p2a: Volcarona|0 fnt\n|faint|p2a: Volcarona\n|\n|-weather|RainDance|[upkeep]\n|-sideend|p2: MMQZA6|move: Aurora Veil\n|upkeep\n|\n|t:|1699749381\n|switch|p2a: Glimmora|Glimmora, F|1\/100\n|turn|13\n|\n|t:|1699749385\n|switch|p1a: Edinburgh|Ferrothorn, F|100\/100\n|move|p2a: Glimmora|Stealth Rock|p1a: Edinburgh\n|-sidestart|p1: Dairy Duke|move: Stealth Rock\n|\n|-weather|RainDance|[upkeep]\n|upkeep\n|turn|14\n|\n|t:|1699749395\n|move|p2a: Glimmora|Energy Ball|p1a: Edinburgh\n|-resisted|p1a: Edinburgh\n|-damage|p1a: Edinburgh|94\/100\n|move|p1a: Edinburgh|Seed Bomb|p2a: Glimmora\n|-damage|p2a: Glimmora|0 fnt\n|-activate|p2a: Glimmora|ability: Toxic Debris\n|-sidestart|p1: Dairy Duke|move: Toxic Spikes\n|faint|p2a: Glimmora\n|\n|-weather|none\n|upkeep\n|\n|t:|1699749404\n|switch|p2a: Zamazenta|Zamazenta|100\/100\n|-ability|p2a: Zamazenta|Dauntless Shield|boost\n|-boost|p2a: Zamazenta|def|1\n|turn|15\n|\n|t:|1699749410\n|move|p2a: Zamazenta|Howl|p2a: Zamazenta\n|-boost|p2a: Zamazenta|atk|1\n|move|p1a: Edinburgh|Leech Seed|p2a: Zamazenta|[miss]\n|-miss|p1a: Edinburgh|p2a: Zamazenta\n|\n|upkeep\n|turn|16\n|\n|t:|1699749413\n|move|p2a: Zamazenta|Close Combat|p1a: Edinburgh\n|-supereffective|p1a: Edinburgh\n|-damage|p1a: Edinburgh|0 fnt\n|-unboost|p2a: Zamazenta|def|1\n|-unboost|p2a: Zamazenta|spd|1\n|-damage|p2a: Zamazenta|88\/100|[from] ability: Iron Barbs|[of] p1a: Edinburgh\n|-damage|p2a: Zamazenta|72\/100|[from] item: Rocky Helmet|[of] p1a: Edinburgh\n|faint|p1a: Edinburgh\n|\n|upkeep\n|\n|t:|1699749418\n|switch|p1a: Douglas|Urshifu-Rapid-Strike, F|100\/100\n|-damage|p1a: Douglas|94\/100|[from] Stealth Rock\n|-status|p1a: Douglas|psn\n|turn|17\n|l|\u2606MMQZA6\n|inactive|MMQZA6 disconnected and has a minute to reconnect!\n|player|p2|\n|j|\u2606MMQZA6\n|inactive|MMQZA6 reconnected and has 125 seconds left.\n|player|p2|MMQZA6|169\n|inactive|MMQZA6 has 120 seconds left.\n|\n|t:|1699749453\n|-terastallize|p1a: Douglas|Water\n|move|p1a: Douglas|Surging Strikes|p2a: Zamazenta\n|-crit|p2a: Zamazenta\n|-damage|p2a: Zamazenta|48\/100\n|-crit|p2a: Zamazenta\n|-damage|p2a: Zamazenta|21\/100\n|-crit|p2a: Zamazenta\n|-damage|p2a: Zamazenta|0 fnt\n|faint|p2a: Zamazenta\n|-hitcount|p2: Zamazenta|3\n|\n|-damage|p1a: Douglas|82\/100 psn|[from] psn\n|upkeep\n|inactive|MMQZA6 has 120 seconds left.\n|\n|t:|1699749485\n|switch|p2a: Garchomp|Garchomp, M|100\/100\n|turn|18\n|\n|t:|1699749493\n|move|p1a: Douglas|Surging Strikes|p2a: Garchomp\n|-crit|p2a: Garchomp\n|-damage|p2a: Garchomp|76\/100\n|-damage|p1a: Douglas|70\/100 psn|[from] ability: Rough Skin|[of] p2a: Garchomp\n|-crit|p2a: Garchomp\n|-damage|p2a: Garchomp|50\/100\n|-damage|p1a: Douglas|57\/100 psn|[from] ability: Rough Skin|[of] p2a: Garchomp\n|-crit|p2a: Garchomp\n|-damage|p2a: Garchomp|24\/100\n|-damage|p1a: Douglas|45\/100 psn|[from] ability: Rough Skin|[of] p2a: Garchomp\n|-hitcount|p2a: Garchomp|3\n|move|p2a: Garchomp|Scale Shot|p1a: Douglas\n|-damage|p1a: Douglas|32\/100 psn\n|-crit|p1a: Douglas\n|-damage|p1a: Douglas|10\/100 psn\n|-damage|p1a: Douglas|0 fnt\n|faint|p1a: Douglas\n|-hitcount|p1: Douglas|3\n|-unboost|p2a: Garchomp|def|1\n|-boost|p2a: Garchomp|spe|1\n|\n|upkeep\n|\n|t:|1699749497\n|switch|p1a: London|Swampert, F|100\/100\n|-damage|p1a: London|94\/100|[from] Stealth Rock\n|-status|p1a: London|psn\n|turn|19\n|\n|t:|1699749510\n|detailschange|p1a: London|Swampert-Mega, F\n|-mega|p1a: London|Swampert|Swampertite\n|move|p2a: Garchomp|Scale Shot|p1a: London\n|-damage|p1a: London|83\/100 psn\n|-damage|p1a: London|69\/100 psn\n|-damage|p1a: London|56\/100 psn\n|-damage|p1a: London|44\/100 psn\n|-hitcount|p1a: London|4\n|-unboost|p2a: Garchomp|def|1\n|-boost|p2a: Garchomp|spe|1\n|move|p1a: London|Ice Punch|p2a: Garchomp\n|-supereffective|p2a: Garchomp\n|-damage|p2a: Garchomp|0 fnt\n|-damage|p1a: London|31\/100 psn|[from] ability: Rough Skin|[of] p2a: Garchomp\n|faint|p2a: Garchomp\n|\n|-damage|p1a: London|19\/100 psn|[from] psn\n|upkeep\n|\n|t:|1699749519\n|switch|p2a: Ninetales|Ninetales-Alola, M|58\/100\n|-weather|Snow|[from] ability: Snow Warning|[of] p2a: Ninetales\n|turn|20\n|\n|t:|1699749527\n|move|p2a: Ninetales|Freeze-Dry|p1a: London\n|-supereffective|p1a: London\n|-crit|p1a: London\n|-damage|p1a: London|0 fnt\n|faint|p1a: London\n|\n|-weather|Snow|[upkeep]\n|upkeep\n|\n|t:|1699749530\n|switch|p1a: Cardiff|Pelipper, M|100\/100\n|-damage|p1a: Cardiff|76\/100|[from] Stealth Rock\n|-weather|RainDance|[from] ability: Drizzle|[of] p1a: Cardiff\n|turn|21\n|\n|t:|1699749535\n|move|p2a: Ninetales|Freeze-Dry|p1a: Cardiff\n|-supereffective|p1a: Cardiff\n|-damage|p1a: Cardiff|0 fnt\n|faint|p1a: Cardiff\n|\n|win|MMQZA6\n|raw|Dairy Duke's rating: 1445 &rarr; <strong>1431<\/strong><br \/>(-14 for losing)\n|raw|MMQZA6's rating: 1555 &rarr; <strong>1569<\/strong><br \/>(+14 for winning)\n","uploadtime":1699749541,"views":4,"p1id":"dairyduke","p2id":"mmqza6","formatid":"gen9nationaldex","rating":1431,"private":0,"password":""}