{"id":"gen9nationaldex-1993557426","p1":"superflyghtheart","p2":"guess 19","format":"[Gen 9] National Dex","log":"|j|\u2606superflyghtheart\n|j|\u2606guess 19\n|t:|1700331498\n|gametype|singles\n|player|p1|superflyghtheart|birdkeeper|1501\n|player|p2|guess 19|brock|1498\n|teamsize|p1|6\n|teamsize|p2|6\n|gen|9\n|tier|[Gen 9] National Dex\n|rated|\n|rule|HP Percentage Mod: HP is shown in percentages\n|rule|Endless Battle Clause: Forcing endless battles is banned\n|rule|OHKO Clause: OHKO moves are banned\n|rule|Evasion Clause: Evasion abilities, items, and moves are banned\n|rule|Evasion Abilities Clause: Evasion abilities are banned\n|rule|Evasion Items Clause: Evasion items are banned\n|rule|Evasion Moves Clause: Evasion moves are banned\n|rule|Species Clause: Limit one of each Pok\u00e9mon\n|rule|Sleep Clause Mod: Limit one foe put to sleep\n|clearpoke\n|poke|p1|Charizard, M|\n|poke|p1|Leafeon, M|\n|poke|p1|Torkoal, M|\n|poke|p1|Heatran, M|\n|poke|p1|Great Tusk|\n|poke|p1|Venusaur, F|\n|poke|p2|Steelix, F|\n|poke|p2|Yanmega, F|\n|poke|p2|Spiritomb, M|\n|poke|p2|Infernape, M|\n|poke|p2|Porygon2|\n|poke|p2|Thundurus-Therian, M|\n|teampreview\n|\n|t:|1700331512\n|start\n|switch|p1a: Torkoal|Torkoal, M|100\/100\n|switch|p2a: Yanmega|Yanmega, F|100\/100\n|-weather|SunnyDay|[from] ability: Drought|[of] p1a: Torkoal\n|turn|1\n|\n|t:|1700331529\n|move|p2a: Yanmega|U-turn|p1a: Torkoal\n|-resisted|p1a: Torkoal\n|-damage|p1a: Torkoal|96\/100\n|\n|t:|1700331538\n|switch|p2a: Porygon2|Porygon2|100\/100|[from] U-turn\n|-ability|p2a: Porygon2|Drought|[from] ability: Trace|[of] p1a: Torkoal\n|move|p1a: Torkoal|Overheat|p2a: Porygon2\n|-damage|p2a: Porygon2|72\/100\n|-unboost|p1a: Torkoal|spa|2\n|\n|-weather|SunnyDay|[upkeep]\n|upkeep\n|turn|2\n|\n|t:|1700331556\n|move|p2a: Porygon2|Discharge|p1a: Torkoal\n|-damage|p1a: Torkoal|72\/100\n|move|p1a: Torkoal|Yawn|p2a: Porygon2\n|-start|p2a: Porygon2|move: Yawn|[of] p1a: Torkoal\n|\n|-weather|SunnyDay|[upkeep]\n|upkeep\n|turn|3\n|\n|t:|1700331564\n|move|p1a: Torkoal|Stealth Rock|p2a: Porygon2\n|-sidestart|p2: guess 19|move: Stealth Rock\n|move|p2a: Porygon2|Teleport|p2a: Porygon2\n|\n|t:|1700331575\n|switch|p2a: Steelix|Steelix, F|100\/100|[from] Teleport\n|-damage|p2a: Steelix|97\/100|[from] Stealth Rock\n|\n|-weather|SunnyDay|[upkeep]\n|upkeep\n|turn|4\n|\n|t:|1700331581\n|switch|p1a: Great Tusk|Great Tusk|100\/100\n|-activate|p1a: Great Tusk|ability: Protosynthesis\n|-start|p1a: Great Tusk|protosynthesisatk\n|-terastallize|p2a: Steelix|Ghost\n|move|p2a: Steelix|Stealth Rock|p1a: Great Tusk\n|-sidestart|p1: superflyghtheart|move: Stealth Rock\n|\n|-weather|SunnyDay|[upkeep]\n|upkeep\n|turn|5\n|\n|t:|1700331597\n|move|p1a: Great Tusk|Headlong Rush|p2a: Steelix\n|-damage|p2a: Steelix|56\/100\n|-unboost|p1a: Great Tusk|def|1\n|-unboost|p1a: Great Tusk|spd|1\n|-damage|p1a: Great Tusk|84\/100|[from] item: Rocky Helmet|[of] p2a: Steelix\n|move|p2a: Steelix|Dragon Tail|p1a: Great Tusk\n|-damage|p1a: Great Tusk|71\/100\n|-end|p1a: Great Tusk|Protosynthesis|[silent]\n|drag|p1a: Heatran|Heatran, M|100\/100\n|-damage|p1a: Heatran|88\/100|[from] Stealth Rock\n|-item|p1a: Heatran|Air Balloon\n|\n|-weather|SunnyDay|[upkeep]\n|upkeep\n|turn|6\n|\n|t:|1700331613\n|move|p1a: Heatran|Magma Storm|p2a: Steelix\n|-damage|p2a: Steelix|1\/100\n|-activate|p2a: Steelix|move: Magma Storm|[of] p1a: Heatran\n|move|p2a: Steelix|Body Press|p1a: Heatran\n|-supereffective|p1a: Heatran\n|-damage|p1a: Heatran|33\/100\n|-enditem|p1a: Heatran|Air Balloon\n|\n|-weather|SunnyDay|[upkeep]\n|-damage|p2a: Steelix|0 fnt|[from] move: Magma Storm|[partiallytrapped]\n|faint|p2a: Steelix\n|upkeep\n|\n|t:|1700331628\n|switch|p2a: Thundurus|Thundurus-Therian, M|100\/100\n|turn|7\n|\n|t:|1700331643\n|move|p2a: Thundurus|Thunderbolt|p1a: Heatran\n|-damage|p1a: Heatran|1\/100\n|-status|p1a: Heatran|par\n|move|p1a: Heatran|Magma Storm|p2a: Thundurus|[miss]\n|-miss|p1a: Heatran|p2a: Thundurus\n|\n|-weather|SunnyDay|[upkeep]\n|upkeep\n|turn|8\n|\n|t:|1700331653\n|switch|p1a: Great Tusk|Great Tusk|71\/100\n|-damage|p1a: Great Tusk|68\/100|[from] Stealth Rock\n|-activate|p1a: Great Tusk|ability: Protosynthesis\n|-start|p1a: Great Tusk|protosynthesisatk\n|move|p2a: Thundurus|Thunderbolt|p1a: Great Tusk\n|-immune|p1a: Great Tusk\n|\n|-weather|none\n|-end|p1a: Great Tusk|Protosynthesis\n|upkeep\n|turn|9\n|\n|t:|1700331662\n|move|p2a: Thundurus|Grass Knot|p1a: Great Tusk\n|-supereffective|p1a: Great Tusk\n|-damage|p1a: Great Tusk|0 fnt\n|faint|p1a: Great Tusk\n|-end|p1a: Great Tusk|Protosynthesis|[silent]\n|\n|upkeep\n|\n|t:|1700331665\n|switch|p1a: Torkoal|Torkoal, M|72\/100\n|-damage|p1a: Torkoal|47\/100|[from] Stealth Rock\n|-weather|SunnyDay|[from] ability: Drought|[of] p1a: Torkoal\n|turn|10\n|\n|t:|1700331676\n|switch|p1a: Venusaur|Venusaur, F|100\/100\n|-damage|p1a: Venusaur|88\/100|[from] Stealth Rock\n|move|p2a: Thundurus|Focus Blast|p1a: Venusaur\n|-resisted|p1a: Venusaur\n|-damage|p1a: Venusaur|64\/100\n|\n|-weather|SunnyDay|[upkeep]\n|upkeep\n|turn|11\n|\n|t:|1700331703\n|switch|p2a: Yanmega|Yanmega, F|100\/100\n|move|p1a: Venusaur|Weather Ball|p2a: Yanmega\n|-supereffective|p2a: Yanmega\n|-damage|p2a: Yanmega|0 fnt\n|faint|p2a: Yanmega\n|-damage|p1a: Venusaur|54\/100|[from] item: Life Orb\n|\n|-weather|SunnyDay|[upkeep]\n|upkeep\n|\n|t:|1700331715\n|switch|p2a: Porygon2|Porygon2|72\/100\n|-damage|p2a: Porygon2|59\/100|[from] Stealth Rock\n|-ability|p2a: Porygon2|Chlorophyll|[from] ability: Trace|[of] p1a: Venusaur\n|turn|12\n|\n|t:|1700331717\n|move|p1a: Venusaur|Giga Drain|p2a: Porygon2\n|-damage|p2a: Porygon2|38\/100\n|-heal|p1a: Venusaur|68\/100|[from] drain|[of] p2a: Porygon2\n|-damage|p1a: Venusaur|58\/100|[from] item: Life Orb\n|move|p2a: Porygon2|Recover|p2a: Porygon2\n|-heal|p2a: Porygon2|88\/100\n|\n|-weather|SunnyDay|[upkeep]\n|upkeep\n|turn|13\n|\n|t:|1700331727\n|move|p1a: Venusaur|Growth|p1a: Venusaur\n|-boost|p1a: Venusaur|atk|2\n|-boost|p1a: Venusaur|spa|2\n|move|p2a: Porygon2|Ice Beam|p1a: Venusaur\n|-supereffective|p1a: Venusaur\n|-damage|p1a: Venusaur|7\/100\n|\n|-weather|SunnyDay|[upkeep]\n|upkeep\n|turn|14\n|\n|t:|1700331739\n|move|p1a: Venusaur|Giga Drain|p2a: Porygon2\n|-damage|p2a: Porygon2|46\/100\n|-heal|p1a: Venusaur|33\/100|[from] drain|[of] p2a: Porygon2\n|-damage|p1a: Venusaur|23\/100|[from] item: Life Orb\n|move|p2a: Porygon2|Ice Beam|p1a: Venusaur\n|-supereffective|p1a: Venusaur\n|-damage|p1a: Venusaur|0 fnt\n|faint|p1a: Venusaur\n|\n|-weather|SunnyDay|[upkeep]\n|upkeep\n|\n|t:|1700331744\n|switch|p1a: Leafeon|Leafeon, M|100\/100\n|-damage|p1a: Leafeon|88\/100|[from] Stealth Rock\n|turn|15\n|\n|t:|1700331761\n|-terastallize|p1a: Leafeon|Fire\n|move|p1a: Leafeon|Tera Blast|p2a: Porygon2|[anim] Tera Blast Fire\n|-damage|p2a: Porygon2|0 fnt\n|faint|p2a: Porygon2\n|\n|-weather|SunnyDay|[upkeep]\n|upkeep\n|\n|t:|1700331781\n|switch|p2a: Spiritomb|Spiritomb, M|100\/100\n|-damage|p2a: Spiritomb|88\/100|[from] Stealth Rock\n|turn|16\n|\n|t:|1700331789\n|move|p1a: Leafeon|Tera Blast|p2a: Spiritomb|[anim] Tera Blast Fire\n|-damage|p2a: Spiritomb|18\/100\n|move|p2a: Spiritomb|Pain Split|p1a: Leafeon\n|-sethp|p1a: Leafeon|54\/100|[from] move: Pain Split|[silent]\n|-sethp|p2a: Spiritomb|48\/100|[from] move: Pain Split\n|\n|-weather|SunnyDay|[upkeep]\n|-heal|p2a: Spiritomb|54\/100|[from] item: Leftovers\n|upkeep\n|turn|17\n|\n|t:|1700331812\n|move|p1a: Leafeon|Tera Blast|p2a: Spiritomb|[anim] Tera Blast Fire\n|-damage|p2a: Spiritomb|0 fnt\n|faint|p2a: Spiritomb\n|\n|-weather|none\n|upkeep\n|\n|t:|1700331823\n|switch|p2a: Infernape|Infernape, M|100\/100\n|-damage|p2a: Infernape|88\/100|[from] Stealth Rock\n|turn|18\n|\n|t:|1700331833\n|switch|p1a: Torkoal|Torkoal, M|47\/100\n|-damage|p1a: Torkoal|23\/100|[from] Stealth Rock\n|-weather|SunnyDay|[from] ability: Drought|[of] p1a: Torkoal\n|move|p2a: Infernape|Close Combat|p1a: Torkoal\n|-damage|p1a: Torkoal|0 fnt\n|-unboost|p2a: Infernape|def|1\n|-unboost|p2a: Infernape|spd|1\n|faint|p1a: Torkoal\n|-damage|p2a: Infernape|78\/100|[from] item: Life Orb\n|\n|-weather|SunnyDay|[upkeep]\n|upkeep\n|\n|t:|1700331836\n|switch|p1a: Leafeon|Leafeon, M, tera:Fire|54\/100\n|-damage|p1a: Leafeon|29\/100|[from] Stealth Rock\n|turn|19\n|\n|t:|1700331841\n|switch|p2a: Thundurus|Thundurus-Therian, M|100\/100\n|move|p1a: Leafeon|Retaliate|p2a: Thundurus\n|-damage|p2a: Thundurus|0 fnt\n|faint|p2a: Thundurus\n|\n|-weather|SunnyDay|[upkeep]\n|upkeep\n|\n|t:|1700331850\n|switch|p2a: Infernape|Infernape, M|78\/100\n|-damage|p2a: Infernape|66\/100|[from] Stealth Rock\n|turn|20\n|\n|t:|1700331853\n|switch|p1a: Heatran|Heatran, M|1\/100 par\n|-damage|p1a: Heatran|0 fnt|[from] Stealth Rock\n|faint|p1a: Heatran\n|move|p2a: Infernape|Mach Punch|p1: Heatran|[notarget]\n|-fail|p2a: Infernape\n|\n|-weather|SunnyDay|[upkeep]\n|upkeep\n|\n|t:|1700331855\n|switch|p1a: Leafeon|Leafeon, M, tera:Fire|29\/100\n|-damage|p1a: Leafeon|5\/100|[from] Stealth Rock\n|turn|21\n|\n|t:|1700331859\n|move|p2a: Infernape|Mach Punch|p1a: Leafeon\n|-damage|p1a: Leafeon|0 fnt\n|faint|p1a: Leafeon\n|-damage|p2a: Infernape|56\/100|[from] item: Life Orb\n|\n|-weather|SunnyDay|[upkeep]\n|upkeep\n|\n|t:|1700331861\n|switch|p1a: Charizard|Charizard, M|100\/100\n|-damage|p1a: Charizard|51\/100|[from] Stealth Rock\n|turn|22\n|\n|t:|1700331870\n|detailschange|p1a: Charizard|Charizard-Mega-Y, M\n|-mega|p1a: Charizard|Charizard|Charizardite Y\n|move|p2a: Infernape|Thunder Punch|p1a: Charizard\n|-supereffective|p1a: Charizard\n|-damage|p1a: Charizard|0 fnt\n|faint|p1a: Charizard\n|-damage|p2a: Infernape|46\/100|[from] item: Life Orb\n|\n|win|guess 19\n|raw|superflyghtheart's rating: 1501 &rarr; <strong>1481<\/strong><br \/>(-20 for losing)\n|raw|guess 19's rating: 1498 &rarr; <strong>1518<\/strong><br \/>(+20 for winning)\n|c|\u2606superflyghtheart|gg\n|l|\u2606superflyghtheart\n|c|\u2606guess 19|gg\n","uploadtime":1700331891,"views":7,"p1id":"superflyghtheart","p2id":"guess19","formatid":"gen9nationaldex","rating":1481,"private":0,"password":""}