{"id":"gen9nationaldex-1989132237","p1":"rimetrost","p2":"SlowySlow","format":"[Gen 9] National Dex","log":"|j|\u2606rimetrost\n|j|\u2606SlowySlow\n|t:|1699815674\n|gametype|singles\n|player|p1|rimetrost|waiter|1153\n|player|p2|SlowySlow|rocker-gen3|1189\n|teamsize|p1|6\n|teamsize|p2|6\n|gen|9\n|tier|[Gen 9] National Dex\n|rated|\n|rule|HP Percentage Mod: HP is shown in percentages\n|rule|Endless Battle Clause: Forcing endless battles is banned\n|rule|OHKO Clause: OHKO moves are banned\n|rule|Evasion Clause: Evasion abilities, items, and moves are banned\n|rule|Evasion Abilities Clause: Evasion abilities are banned\n|rule|Evasion Items Clause: Evasion items are banned\n|rule|Evasion Moves Clause: Evasion moves are banned\n|rule|Species Clause: Limit one of each Pok\u00e9mon\n|rule|Sleep Clause Mod: Limit one foe put to sleep\n|clearpoke\n|poke|p1|Beedrill, F|\n|poke|p1|Gliscor, M|\n|poke|p1|Aegislash, M|\n|poke|p1|Hoopa-Unbound|\n|poke|p1|Tapu Koko|\n|poke|p1|Ferrothorn, M|\n|poke|p2|Torkoal, M|\n|poke|p2|Charizard, F|\n|poke|p2|Venusaur, F|\n|poke|p2|Kartana|\n|poke|p2|Landorus-Therian, M|\n|poke|p2|Morpeko, M|\n|teampreview\n|inactive|Battle timer is ON: inactive players will automatically lose when time's up. (requested by SlowySlow)\n|c|\u2606rimetrost|glhf\n|c|\u2606SlowySlow|glhf\n|\n|t:|1699815683\n|start\n|switch|p1a: Sparky|Tapu Koko, shiny|100\/100\n|switch|p2a: Torkoal|Torkoal, M|100\/100\n|-fieldstart|move: Electric Terrain|[from] ability: Electric Surge|[of] p1a: Sparky\n|-weather|SunnyDay|[from] ability: Drought|[of] p2a: Torkoal\n|turn|1\n|\n|t:|1699815692\n|move|p1a: Sparky|Thunderbolt|p2a: Torkoal\n|-damage|p2a: Torkoal|41\/100\n|move|p2a: Torkoal|Stealth Rock|p1a: Sparky\n|-sidestart|p1: rimetrost|move: Stealth Rock\n|\n|-weather|SunnyDay|[upkeep]\n|upkeep\n|turn|2\n|\n|t:|1699815700\n|move|p1a: Sparky|U-turn|p2a: Torkoal\n|-resisted|p2a: Torkoal\n|-damage|p2a: Torkoal|35\/100\n|\n|t:|1699815705\n|switch|p1a: Banned in OU :(|Gliscor, M, shiny|100\/100|[from] U-turn\n|-damage|p1a: Banned in OU :(|88\/100|[from] Stealth Rock\n|move|p2a: Torkoal|Stealth Rock||[still]\n|-fail|p2a: Torkoal\n|\n|-weather|SunnyDay|[upkeep]\n|-status|p1a: Banned in OU :(|tox|[from] item: Toxic Orb\n|upkeep\n|turn|3\n|c|\u2606SlowySlow|missclick\n|\n|t:|1699815714\n|move|p1a: Banned in OU :(|Toxic|p2a: Torkoal\n|-status|p2a: Torkoal|tox\n|move|p2a: Torkoal|Weather Ball|p1a: Banned in OU :(\n|-crit|p1a: Banned in OU :(\n|-damage|p1a: Banned in OU :(|0 fnt\n|faint|p1a: Banned in OU :(\n|\n|-weather|SunnyDay|[upkeep]\n|-damage|p2a: Torkoal|29\/100 tox|[from] psn\n|upkeep\n|c|\u2606SlowySlow|WHATTHEFUCK\n|c|\u2606rimetrost|christ\n|\n|t:|1699815741\n|switch|p1a: Vesper|Beedrill, F|100\/100\n|-damage|p1a: Vesper|76\/100|[from] Stealth Rock\n|turn|4\n|\n|t:|1699815752\n|detailschange|p1a: Vesper|Beedrill-Mega, F\n|-mega|p1a: Vesper|Beedrill|Beedrillite\n|move|p1a: Vesper|Knock Off|p2a: Torkoal\n|-damage|p2a: Torkoal|0 fnt\n|-enditem|p2a: Torkoal|Heat Rock|[from] move: Knock Off|[of] p1a: Vesper\n|faint|p2a: Torkoal\n|\n|-weather|SunnyDay|[upkeep]\n|upkeep\n|\n|t:|1699815771\n|switch|p2a: Venusaur|Venusaur, F|100\/100\n|turn|5\n|\n|t:|1699815779\n|switch|p1a: Sparky|Tapu Koko, shiny|100\/100\n|move|p2a: Venusaur|Weather Ball|p1a: Sparky\n|-damage|p1a: Sparky|12\/100\n|-damage|p2a: Venusaur|91\/100|[from] item: Life Orb\n|\n|-weather|SunnyDay|[upkeep]\n|-fieldend|move: Electric Terrain\n|upkeep\n|turn|6\n|\n|t:|1699815800\n|move|p2a: Venusaur|Growth|p2a: Venusaur\n|-boost|p2a: Venusaur|atk|2\n|-boost|p2a: Venusaur|spa|2\n|move|p1a: Sparky|U-turn|p2a: Venusaur\n|-damage|p2a: Venusaur|69\/100\n|\n|t:|1699815810\n|switch|p1a: Dr Strange|Hoopa-Unbound|100\/100|[from] U-turn\n|-damage|p1a: Dr Strange|88\/100|[from] Stealth Rock\n|\n|-weather|SunnyDay|[upkeep]\n|upkeep\n|turn|7\n|\n|t:|1699815827\n|move|p2a: Venusaur|Solar Beam||[still]\n|-prepare|p2a: Venusaur|Solar Beam\n|-anim|p2a: Venusaur|Solar Beam|p1a: Dr Strange\n|-damage|p1a: Dr Strange|0 fnt\n|faint|p1a: Dr Strange\n|-damage|p2a: Venusaur|59\/100|[from] item: Life Orb\n|\n|-weather|SunnyDay|[upkeep]\n|upkeep\n|c|\u2606rimetrost|I have zero answer to sun teams lmao\n|c|\u2606rimetrost|gg\n|c|\u2606SlowySlow|gg\n|-message|rimetrost forfeited.\n|\n|win|SlowySlow\n|raw|rimetrost's rating: 1153 &rarr; <strong>1131<\/strong><br \/>(-22 for losing)\n|raw|SlowySlow's rating: 1189 &rarr; <strong>1211<\/strong><br \/>(+22 for winning)\n|l|\u2606rimetrost\n","uploadtime":1699815850,"views":4,"p1id":"rimetrost","p2id":"slowyslow","formatid":"gen9nationaldex","rating":1131,"private":0,"password":""}