{"id":"gen9nationaldex-1995085806","p1":"jm1011","p2":"Onlymanever","format":"[Gen 9] National Dex","log":"|html|<div class=\"broadcast-blue\"><strong>[Gen 9] National Dex is currently suspecting Sneasler! For information on how to participate check out the <a href=\"https:\/\/www.smogon.com\/forums\/threads\/sv-national-dex-suspect-8-just-dance.3731534\/\">suspect thread<\/a>.<\/strong><\/div>\n|j|\u2606jm1011\n|j|\u203dOnlymanever\n|t:|1700520964\n|gametype|singles\n|player|p1|jm1011|2|1088\n|player|p2|Onlymanever|lyra|1020\n|teamsize|p1|6\n|teamsize|p2|6\n|gen|9\n|tier|[Gen 9] National Dex\n|rated|\n|rule|HP Percentage Mod: HP is shown in percentages\n|rule|Endless Battle Clause: Forcing endless battles is banned\n|rule|OHKO Clause: OHKO moves are banned\n|rule|Evasion Clause: Evasion abilities, items, and moves are banned\n|rule|Evasion Abilities Clause: Evasion abilities are banned\n|rule|Evasion Items Clause: Evasion items are banned\n|rule|Evasion Moves Clause: Evasion moves are banned\n|rule|Species Clause: Limit one of each Pok\u00e9mon\n|rule|Sleep Clause Mod: Limit one foe put to sleep\n|clearpoke\n|poke|p1|Gyarados, M|\n|poke|p1|Greninja-*, M|\n|poke|p1|Gliscor, M|\n|poke|p1|Tropius, M|\n|poke|p1|Ogerpon-Wellspring, F|\n|poke|p1|Kleavor, F|\n|poke|p2|Medicham, F|\n|poke|p2|Leafeon, F|\n|poke|p2|Staraptor, M|\n|poke|p2|Ceruledge, F|\n|poke|p2|Electivire, M|\n|poke|p2|Inteleon, M|\n|teampreview\n|\n|t:|1700520970\n|start\n|switch|p1a: Gyarados|Gyarados, M|100\/100\n|switch|p2a: Inteleon|Inteleon, M|100\/100\n|turn|1\n|\n|t:|1700520980\n|move|p2a: Inteleon|Ice Beam|p1a: Gyarados\n|-damage|p1a: Gyarados|67\/100\n|move|p1a: Gyarados|Dragon Dance|p1a: Gyarados\n|-boost|p1a: Gyarados|atk|1\n|-boost|p1a: Gyarados|spe|1\n|\n|-heal|p1a: Gyarados|73\/100|[from] item: Leftovers\n|upkeep\n|turn|2\n|\n|t:|1700520990\n|move|p1a: Gyarados|Dragon Dance|p1a: Gyarados\n|-boost|p1a: Gyarados|atk|1\n|-boost|p1a: Gyarados|spe|1\n|move|p2a: Inteleon|Haze|p2a: Inteleon\n|-clearallboost\n|\n|-heal|p1a: Gyarados|79\/100|[from] item: Leftovers\n|upkeep\n|turn|3\n|\n|t:|1700521001\n|move|p2a: Inteleon|Ice Beam|p1a: Gyarados\n|-damage|p1a: Gyarados|50\/100\n|-status|p1a: Gyarados|frz\n|cant|p1a: Gyarados|frz\n|\n|-heal|p1a: Gyarados|56\/100 frz|[from] item: Leftovers\n|upkeep\n|turn|4\n|\n|t:|1700521022\n|switch|p1a: Ogerpon|Ogerpon-Wellspring, F|100\/100\n|move|p2a: Inteleon|Ice Beam|p1a: Ogerpon\n|-damage|p1a: Ogerpon|73\/100\n|\n|upkeep\n|turn|5\n|\n|t:|1700521034\n|switch|p2a: Leafeon|Leafeon, F|100\/100\n|move|p1a: Ogerpon|Spiky Shield||[still]\n|-fail|p1a: Ogerpon\n|\n|upkeep\n|turn|6\n|\n|t:|1700521041\n|switch|p1a: Gliscor|Gliscor, M|100\/100\n|move|p2a: Leafeon|Swords Dance|p2a: Leafeon\n|-boost|p2a: Leafeon|atk|2\n|\n|-status|p1a: Gliscor|tox|[from] item: Toxic Orb\n|upkeep\n|turn|7\n|\n|t:|1700521050\n|move|p1a: Gliscor|Acrobatics|p2a: Leafeon\n|-supereffective|p2a: Leafeon\n|-damage|p2a: Leafeon|54\/100\n|move|p2a: Leafeon|Leaf Blade|p1a: Gliscor\n|-damage|p1a: Gliscor|20\/100 tox\n|\n|-heal|p2a: Leafeon|60\/100|[from] item: Leftovers\n|-heal|p1a: Gliscor|32\/100 tox|[from] ability: Poison Heal\n|upkeep\n|turn|8\n|\n|t:|1700521062\n|move|p1a: Gliscor|Acrobatics|p2a: Leafeon\n|-supereffective|p2a: Leafeon\n|-damage|p2a: Leafeon|9\/100\n|move|p2a: Leafeon|Leaf Blade|p1a: Gliscor\n|-damage|p1a: Gliscor|0 fnt\n|faint|p1a: Gliscor\n|\n|-heal|p2a: Leafeon|15\/100|[from] item: Leftovers\n|upkeep\n|\n|t:|1700521068\n|switch|p1a: Tropius|Tropius, M|100\/100\n|turn|9\n|\n|t:|1700521081\n|switch|p2a: Staraptor|Staraptor, M|100\/100\n|move|p1a: Tropius|Swords Dance|p1a: Tropius\n|-boost|p1a: Tropius|atk|2\n|\n|upkeep\n|turn|10\n|\n|t:|1700521091\n|switch|p1a: Kleavor|Kleavor, F|100\/100\n|move|p2a: Staraptor|Brave Bird|p1a: Kleavor\n|-damage|p1a: Kleavor|5\/100\n|-damage|p2a: Staraptor|72\/100|[from] Recoil\n|\n|-heal|p2a: Staraptor|78\/100|[from] item: Leftovers\n|upkeep\n|turn|11\n|inactive|Battle timer is ON: inactive players will automatically lose when time's up. (requested by jm1011)\n|\n|t:|1700521113\n|switch|p2a: Leafeon|Leafeon, F|15\/100\n|move|p1a: Kleavor|Stone Axe|p2a: Leafeon\n|-damage|p2a: Leafeon|0 fnt\n|-sidestart|p2: Onlymanever|move: Stealth Rock\n|faint|p2a: Leafeon\n|-damage|p1a: Kleavor|0 fnt|[from] item: Life Orb\n|faint|p1a: Kleavor\n|\n|upkeep\n|\n|t:|1700521127\n|switch|p1a: Gyarados|Gyarados, M|56\/100 frz\n|switch|p2a: Electivire|Electivire, M|100\/100\n|-damage|p2a: Electivire|88\/100|[from] Stealth Rock\n|turn|12\n|\n|t:|1700521134\n|cant|p1a: Gyarados|frz\n|move|p2a: Electivire|Meditate|p2a: Electivire\n|-boost|p2a: Electivire|atk|1\n|\n|-heal|p1a: Gyarados|62\/100 frz|[from] item: Leftovers\n|-heal|p2a: Electivire|94\/100|[from] item: Leftovers\n|upkeep\n|turn|13\n|\n|t:|1700521145\n|-curestatus|p1a: Gyarados|frz|[msg]\n|move|p1a: Gyarados|Earthquake|p2a: Electivire\n|-supereffective|p2a: Electivire\n|-damage|p2a: Electivire|6\/100\n|move|p2a: Electivire|Thunderbolt|p1a: Gyarados\n|-supereffective|p1a: Gyarados\n|-damage|p1a: Gyarados|0 fnt\n|faint|p1a: Gyarados\n|\n|-heal|p2a: Electivire|13\/100|[from] item: Leftovers\n|upkeep\n|\n|t:|1700521151\n|switch|p1a: Greninja|Greninja, M|100\/100\n|turn|14\n|inactive|Onlymanever has 120 seconds left.\n|\n|t:|1700521183\n|switch|p2a: Medicham|Medicham, F|100\/100\n|-damage|p2a: Medicham|94\/100|[from] Stealth Rock\n|move|p1a: Greninja|Night Slash|p2a: Medicham\n|-damage|p2a: Medicham|61\/100\n|\n|-heal|p2a: Medicham|67\/100|[from] item: Leftovers\n|upkeep\n|turn|15\n|inactive|Onlymanever has 120 seconds left.\n|\n|t:|1700521194\n|move|p1a: Greninja|Acrobatics|p2a: Medicham\n|-supereffective|p2a: Medicham\n|-damage|p2a: Medicham|37\/100\n|move|p2a: Medicham|Close Combat|p1a: Greninja\n|-supereffective|p1a: Greninja\n|-damage|p1a: Greninja|0 fnt\n|-unboost|p2a: Medicham|def|1\n|-unboost|p2a: Medicham|spd|1\n|faint|p1a: Greninja\n|\n|-heal|p2a: Medicham|43\/100|[from] item: Leftovers\n|upkeep\n|\n|t:|1700521201\n|switch|p1a: Ogerpon|Ogerpon-Wellspring, F|73\/100\n|turn|16\n|\n|t:|1700521212\n|move|p1a: Ogerpon|Spiky Shield|p1a: Ogerpon\n|-singleturn|p1a: Ogerpon|move: Protect\n|move|p2a: Medicham|Close Combat|p1a: Ogerpon\n|-activate|p1a: Ogerpon|move: Protect\n|-damage|p2a: Medicham|31\/100|[from] Spiky Shield|[of] p1a: Ogerpon\n|\n|-heal|p2a: Medicham|37\/100|[from] item: Leftovers\n|upkeep\n|turn|17\n|\n|t:|1700521222\n|-terastallize|p1a: Ogerpon|Water\n|detailschange|p1a: Ogerpon|Ogerpon-Wellspring-Tera, F, tera:Water\n|-ability|p1a: Ogerpon|Embody Aspect (Wellspring)|boost\n|-boost|p1a: Ogerpon|spd|1\n|move|p1a: Ogerpon|Ivy Cudgel|p2a: Medicham|[anim] Ivy Cudgel Water\n|-crit|p2a: Medicham\n|-damage|p2a: Medicham|0 fnt\n|faint|p2a: Medicham\n|\n|upkeep\n|\n|t:|1700521236\n|switch|p2a: Electivire|Electivire, M|13\/100\n|-damage|p2a: Electivire|0 fnt|[from] Stealth Rock\n|faint|p2a: Electivire\n|inactive|Onlymanever has 120 seconds left.\n|\n|t:|1700521250\n|switch|p2a: Staraptor|Staraptor, M|78\/100\n|-damage|p2a: Staraptor|53\/100|[from] Stealth Rock\n|turn|18\n|\n|t:|1700521256\n|move|p1a: Ogerpon|Ivy Cudgel|p2a: Staraptor|[anim] Ivy Cudgel Water\n|-damage|p2a: Staraptor|0 fnt\n|faint|p2a: Staraptor\n|\n|upkeep\n|\n|t:|1700521265\n|switch|p2a: Ceruledge|Ceruledge, F|100\/100\n|-damage|p2a: Ceruledge|76\/100|[from] Stealth Rock\n|turn|19\n|\n|t:|1700521273\n|-terastallize|p2a: Ceruledge|Fighting\n|move|p1a: Ogerpon|Ivy Cudgel|p2a: Ceruledge|[anim] Ivy Cudgel Water\n|-damage|p2a: Ceruledge|4\/100\n|move|p2a: Ceruledge|Close Combat|p1a: Ogerpon\n|-damage|p1a: Ogerpon|1\/100\n|-unboost|p2a: Ceruledge|def|1\n|-unboost|p2a: Ceruledge|spd|1\n|\n|-heal|p2a: Ceruledge|11\/100|[from] item: Leftovers\n|upkeep\n|turn|20\n|\n|t:|1700521287\n|move|p1a: Ogerpon|Spiky Shield|p1a: Ogerpon\n|-singleturn|p1a: Ogerpon|move: Protect\n|move|p2a: Ceruledge|Shadow Sneak|p1a: Ogerpon\n|-activate|p1a: Ogerpon|move: Protect\n|-damage|p2a: Ceruledge|0 fnt|[from] Spiky Shield|[of] p1a: Ogerpon\n|faint|p2a: Ceruledge\n|\n|upkeep\n|\n|t:|1700521295\n|switch|p2a: Inteleon|Inteleon, M|100\/100\n|-damage|p2a: Inteleon|88\/100|[from] Stealth Rock\n|turn|21\n|\n|t:|1700521301\n|move|p1a: Ogerpon|Spiky Shield||[still]\n|-fail|p1a: Ogerpon\n|move|p2a: Inteleon|Aqua Jet|p1a: Ogerpon\n|-resisted|p1a: Ogerpon\n|-damage|p1a: Ogerpon|0 fnt\n|faint|p1a: Ogerpon\n|\n|-heal|p2a: Inteleon|94\/100|[from] item: Leftovers\n|upkeep\n|\n|t:|1700521307\n|switch|p1a: Tropius|Tropius, M|100\/100\n|turn|22\n|\n|t:|1700521313\n|move|p2a: Inteleon|Ice Beam|p1a: Tropius\n|-supereffective|p1a: Tropius\n|-damage|p1a: Tropius|0 fnt\n|faint|p1a: Tropius\n|\n|win|Onlymanever\n|raw|jm1011's rating: 1088 &rarr; <strong>1060<\/strong><br \/>(-28 for losing)\n|raw|Onlymanever's rating: 1020 &rarr; <strong>1064<\/strong><br \/>(+44 for winning)\n","uploadtime":1700521320,"views":4,"p1id":"jm1011","p2id":"onlymanever","formatid":"gen9nationaldex","rating":1060,"private":0,"password":""}