{"id":"gen9nationaldex-1998701660","p1":"milizuishuai","p2":"Rmpemeta","format":"[Gen 9] National Dex","log":"|html|<div class=\"broadcast-blue\"><strong>[Gen 9] National Dex is currently suspecting Sneasler! For information on how to participate check out the <a href=\"https:\/\/www.smogon.com\/forums\/threads\/sv-national-dex-suspect-8-just-dance.3731534\/\">suspect thread<\/a>.<\/strong><\/div>\n|j|\u2606milizuishuai\n|j|\u2606Rmpemeta\n|t:|1700974659\n|gametype|singles\n|player|p1|milizuishuai|n|1420\n|player|p2|Rmpemeta|2|1355\n|teamsize|p1|6\n|teamsize|p2|6\n|gen|9\n|tier|[Gen 9] National Dex\n|rated|\n|rule|HP Percentage Mod: HP is shown in percentages\n|rule|Endless Battle Clause: Forcing endless battles is banned\n|rule|OHKO Clause: OHKO moves are banned\n|rule|Evasion Clause: Evasion abilities, items, and moves are banned\n|rule|Evasion Abilities Clause: Evasion abilities are banned\n|rule|Evasion Items Clause: Evasion items are banned\n|rule|Evasion Moves Clause: Evasion moves are banned\n|rule|Species Clause: Limit one of each Pok\u00e9mon\n|rule|Sleep Clause Mod: Limit one foe put to sleep\n|clearpoke\n|poke|p1|Ogerpon, F|\n|poke|p1|Corviknight, M|\n|poke|p1|Clodsire, F|\n|poke|p1|Tyranitar, F|\n|poke|p1|Tapu Fini|\n|poke|p1|Banette, F|\n|poke|p2|Hatterene, F|\n|poke|p2|Mawile, F|\n|poke|p2|Porygon2|\n|poke|p2|Landorus-Therian, M|\n|poke|p2|Ursaluna, M|\n|poke|p2|Tapu Lele|\n|teampreview\n|inactive|Battle timer is ON: inactive players will automatically lose when time's up. (requested by milizuishuai)\n|\n|t:|1700974681\n|start\n|switch|p1a: Tyranitar|Tyranitar, F|100\/100\n|switch|p2a: Landorus|Landorus-Therian, M|100\/100\n|-ability|p2a: Landorus|Intimidate|boost\n|-unboost|p1a: Tyranitar|atk|1\n|-weather|Sandstorm|[from] ability: Sand Stream|[of] p1a: Tyranitar\n|turn|1\n|\n|t:|1700974688\n|move|p2a: Landorus|Substitute|p2a: Landorus\n|-start|p2a: Landorus|Substitute\n|-damage|p2a: Landorus|76\/100\n|move|p1a: Tyranitar|Ice Beam|p2a: Landorus\n|-supereffective|p2a: Landorus\n|-end|p2a: Landorus|Substitute\n|\n|-weather|Sandstorm|[upkeep]\n|upkeep\n|turn|2\n|\n|t:|1700974716\n|switch|p1a: Corviknight|Corviknight, M|100\/100\n|-ability|p1a: Corviknight|Pressure\n|move|p2a: Landorus|Earthquake|p1a: Corviknight\n|-immune|p1a: Corviknight\n|\n|-weather|Sandstorm|[upkeep]\n|upkeep\n|turn|3\n|inactive|milizuishuai has 120 seconds left.\n|\n|t:|1700974746\n|switch|p2a: Porygon2|Porygon2|100\/100\n|-ability|p2a: Porygon2|Pressure\n|-ability|p2a: Porygon2|Pressure|[from] ability: Trace|[of] p1a: Corviknight\n|move|p1a: Corviknight|U-turn|p2a: Porygon2\n|-damage|p2a: Porygon2|92\/100\n|\n|t:|1700974761\n|switch|p1a: Banette|Banette, F|100\/100|[from] U-turn\n|-item|p2a: Porygon2|Eviolite|[from] ability: Frisk|[of] p1a: Banette|[identify]\n|\n|-weather|Sandstorm|[upkeep]\n|-damage|p1a: Banette|95\/100|[from] Sandstorm\n|-damage|p2a: Porygon2|86\/100|[from] Sandstorm\n|upkeep\n|turn|4\n|inactive|milizuishuai has 90 seconds left.\n|\n|t:|1700974792\n|switch|p1a: Corviknight|Corviknight, M|100\/100\n|-ability|p1a: Corviknight|Pressure\n|move|p2a: Porygon2|Trick Room|p2a: Porygon2\n|-fieldstart|move: Trick Room|[of] p2a: Porygon2\n|\n|-weather|Sandstorm|[upkeep]\n|-damage|p2a: Porygon2|80\/100|[from] Sandstorm\n|upkeep\n|turn|5\n|\n|t:|1700974805\n|move|p1a: Corviknight|Body Press|p2a: Porygon2\n|-supereffective|p2a: Porygon2\n|-crit|p2a: Porygon2\n|-damage|p2a: Porygon2|40\/100\n|move|p2a: Porygon2|Teleport|p2a: Porygon2\n|\n|t:|1700974811\n|switch|p2a: Ursaluna|Ursaluna, M|100\/100|[from] Teleport\n|\n|-weather|none\n|-status|p2a: Ursaluna|brn|[from] item: Flame Orb\n|upkeep\n|turn|6\n|inactive|milizuishuai has 90 seconds left.\n|\n|t:|1700974822\n|-terastallize|p2a: Ursaluna|Normal\n|move|p2a: Ursaluna|Facade|p1a: Corviknight\n|-resisted|p1a: Corviknight\n|-damage|p1a: Corviknight|54\/100\n|move|p1a: Corviknight|Iron Defense|p1a: Corviknight\n|-boost|p1a: Corviknight|def|2\n|\n|-damage|p2a: Ursaluna|94\/100 brn|[from] brn\n|upkeep\n|turn|7\n|inactive|milizuishuai has 90 seconds left.\n|\n|t:|1700974836\n|move|p2a: Ursaluna|Swords Dance|p2a: Ursaluna\n|-boost|p2a: Ursaluna|atk|2\n|move|p1a: Corviknight|Roost|p1a: Corviknight\n|-heal|p1a: Corviknight|100\/100\n|-singleturn|p1a: Corviknight|move: Roost\n|\n|-damage|p2a: Ursaluna|88\/100 brn|[from] brn\n|upkeep\n|turn|8\n|\n|t:|1700974849\n|move|p2a: Ursaluna|Facade|p1a: Corviknight\n|-resisted|p1a: Corviknight\n|-damage|p1a: Corviknight|47\/100\n|move|p1a: Corviknight|Body Press|p2a: Ursaluna\n|-supereffective|p2a: Ursaluna\n|-damage|p2a: Ursaluna|18\/100 brn\n|\n|-damage|p2a: Ursaluna|12\/100 brn|[from] brn\n|-fieldend|move: Trick Room\n|upkeep\n|turn|9\n|\n|t:|1700974860\n|move|p1a: Corviknight|Body Press|p2a: Ursaluna\n|-supereffective|p2a: Ursaluna\n|-damage|p2a: Ursaluna|0 fnt\n|faint|p2a: Ursaluna\n|\n|upkeep\n|\n|t:|1700974866\n|switch|p2a: Tapu Lele|Tapu Lele|100\/100\n|-fieldstart|move: Psychic Terrain|[from] ability: Psychic Surge|[of] p2a: Tapu Lele\n|turn|10\n|\n|t:|1700974874\n|switch|p1a: Clodsire|Clodsire, F|100\/100\n|move|p2a: Tapu Lele|Hidden Power|p1a: Clodsire\n|-damage|p1a: Clodsire|89\/100\n|\n|-heal|p1a: Clodsire|95\/100|[from] item: Leftovers\n|upkeep\n|turn|11\n|\n|t:|1700974883\n|switch|p2a: Porygon2|Porygon2|40\/100\n|-ability|p2a: Porygon2|Water Absorb|[from] ability: Trace|[of] p1a: Clodsire\n|move|p1a: Clodsire|Stealth Rock|p2a: Porygon2\n|-sidestart|p2: Rmpemeta|move: Stealth Rock\n|\n|-heal|p1a: Clodsire|100\/100|[from] item: Leftovers\n|upkeep\n|turn|12\n|\n|t:|1700974892\n|switch|p1a: Corviknight|Corviknight, M|47\/100\n|-ability|p1a: Corviknight|Pressure\n|move|p2a: Porygon2|Recover|p2a: Porygon2\n|-heal|p2a: Porygon2|90\/100\n|\n|upkeep\n|turn|13\n|inactive|milizuishuai has 120 seconds left.\n|\n|t:|1700974899\n|move|p1a: Corviknight|Roost|p1a: Corviknight\n|-heal|p1a: Corviknight|97\/100\n|-singleturn|p1a: Corviknight|move: Roost\n|move|p2a: Porygon2|Trick Room|p2a: Porygon2\n|-fieldstart|move: Trick Room|[of] p2a: Porygon2\n|\n|upkeep\n|turn|14\n|\n|t:|1700974908\n|move|p1a: Corviknight|Body Press|p2a: Porygon2\n|-supereffective|p2a: Porygon2\n|-damage|p2a: Porygon2|62\/100\n|move|p2a: Porygon2|Teleport|p2a: Porygon2\n|\n|t:|1700974913\n|switch|p2a: Mawile|Mawile, F, shiny|100\/100|[from] Teleport\n|-damage|p2a: Mawile|95\/100|[from] Stealth Rock\n|\n|-fieldend|move: Psychic Terrain\n|upkeep\n|turn|15\n|\n|t:|1700974921\n|detailschange|p2a: Mawile|Mawile-Mega, F, shiny\n|-mega|p2a: Mawile|Mawile|Mawilite\n|move|p2a: Mawile|Swords Dance|p2a: Mawile\n|-boost|p2a: Mawile|atk|2\n|move|p1a: Corviknight|Iron Defense|p1a: Corviknight\n|-boost|p1a: Corviknight|def|2\n|\n|upkeep\n|turn|16\n|\n|t:|1700974930\n|move|p2a: Mawile|Fire Fang|p1a: Corviknight\n|-supereffective|p1a: Corviknight\n|-damage|p1a: Corviknight|44\/100\n|move|p1a: Corviknight|Body Press|p2a: Mawile\n|-damage|p2a: Mawile|41\/100\n|\n|upkeep\n|turn|17\n|\n|t:|1700974942\n|-terastallize|p1a: Corviknight|Dragon\n|move|p2a: Mawile|Fire Fang|p1a: Corviknight\n|-resisted|p1a: Corviknight\n|-damage|p1a: Corviknight|32\/100\n|move|p1a: Corviknight|Body Press|p2a: Mawile\n|-damage|p2a: Mawile|0 fnt\n|faint|p2a: Mawile\n|\n|-fieldend|move: Trick Room\n|upkeep\n|\n|t:|1700974951\n|switch|p2a: Landorus|Landorus-Therian, M|76\/100\n|-damage|p2a: Landorus|64\/100|[from] Stealth Rock\n|-ability|p2a: Landorus|Intimidate|boost\n|-unboost|p1a: Corviknight|atk|1\n|turn|18\n|\n|t:|1700974958\n|-zpower|p2a: Landorus\n|move|p2a: Landorus|Supersonic Skystrike|p1a: Corviknight|[zeffect]\n|-damage|p1a: Corviknight|3\/100\n|move|p1a: Corviknight|Roost|p1a: Corviknight\n|-heal|p1a: Corviknight|53\/100\n|\n|upkeep\n|turn|19\n|-message|Rmpemeta forfeited.\n|\n|win|milizuishuai\n|raw|milizuishuai's rating: 1420 &rarr; <strong>1436<\/strong><br \/>(+16 for winning)\n|raw|Rmpemeta's rating: 1355 &rarr; <strong>1339<\/strong><br \/>(-16 for losing)\n|l|\u2606Rmpemeta\n","uploadtime":1700974973,"views":5,"p1id":"milizuishuai","p2id":"rmpemeta","formatid":"gen9nationaldex","rating":1339,"private":0,"password":""}