{"id":"gen9nationaldex-1990695313","p1":"JauT","p2":"JWZ456","format":"[Gen 9] National Dex","log":"|j|\u2606JauT\n|j|\u203dJWZ456\n|t:|1699992484\n|gametype|singles\n|player|p1|JauT|2|1583\n|player|p2|JWZ456|265|1689\n|teamsize|p1|6\n|teamsize|p2|6\n|gen|9\n|tier|[Gen 9] National Dex\n|rated|\n|rule|HP Percentage Mod: HP is shown in percentages\n|rule|Endless Battle Clause: Forcing endless battles is banned\n|rule|OHKO Clause: OHKO moves are banned\n|rule|Evasion Clause: Evasion abilities, items, and moves are banned\n|rule|Evasion Abilities Clause: Evasion abilities are banned\n|rule|Evasion Items Clause: Evasion items are banned\n|rule|Evasion Moves Clause: Evasion moves are banned\n|rule|Species Clause: Limit one of each Pok\u00e9mon\n|rule|Sleep Clause Mod: Limit one foe put to sleep\n|clearpoke\n|poke|p1|Ogerpon-Wellspring, F|\n|poke|p1|Volcarona, M|\n|poke|p1|Landorus-Therian, M|\n|poke|p1|Iron Valiant|\n|poke|p1|Scizor, F|\n|poke|p1|Weavile, F|\n|poke|p2|Alomomola, F|\n|poke|p2|Breloom, M|\n|poke|p2|Aegislash, F|\n|poke|p2|Rotom-Heat|\n|poke|p2|Enamorus, F|\n|poke|p2|Tyranitar, M|\n|teampreview\n|inactive|Battle timer is ON: inactive players will automatically lose when time's up. (requested by JauT)\n|\n|t:|1699992497\n|start\n|switch|p1a: Iron Valiant|Iron Valiant|100\/100\n|switch|p2a: Breloom|Breloom, M|100\/100\n|-enditem|p1a: Iron Valiant|Booster Energy\n|-activate|p1a: Iron Valiant|ability: Quark Drive|[fromitem]\n|-start|p1a: Iron Valiant|quarkdrivespe\n|turn|1\n|\n|t:|1699992503\n|switch|p2a: Aegislash|Aegislash, F|100\/100\n|move|p1a: Iron Valiant|Moonblast|p2a: Aegislash\n|-resisted|p2a: Aegislash\n|-damage|p2a: Aegislash|87\/100\n|\n|-heal|p2a: Aegislash|94\/100|[from] item: Leftovers\n|upkeep\n|turn|2\n|\n|t:|1699992506\n|move|p1a: Iron Valiant|Thunderbolt|p2a: Aegislash\n|-damage|p2a: Aegislash|76\/100\n|move|p2a: Aegislash|Substitute|p2a: Aegislash\n|-start|p2a: Aegislash|Substitute\n|-damage|p2a: Aegislash|51\/100\n|\n|-heal|p2a: Aegislash|57\/100|[from] item: Leftovers\n|upkeep\n|turn|3\n|\n|t:|1699992513\n|move|p1a: Iron Valiant|Thunderbolt|p2a: Aegislash\n|-activate|p2a: Aegislash|move: Substitute|[damage]\n|-formechange|p2a: Aegislash|Aegislash-Blade||[from] ability: Stance Change\n|move|p2a: Aegislash|Iron Head|p1a: Iron Valiant\n|-supereffective|p1a: Iron Valiant\n|-damage|p1a: Iron Valiant|3\/100\n|\n|-heal|p2a: Aegislash|64\/100|[from] item: Leftovers\n|upkeep\n|turn|4\n|\n|t:|1699992518\n|-formechange|p2a: Aegislash|Aegislash||[from] ability: Stance Change\n|move|p2a: Aegislash|King's Shield|p2a: Aegislash\n|-singleturn|p2a: Aegislash|Protect\n|move|p1a: Iron Valiant|Thunderbolt|p2a: Aegislash\n|-activate|p2a: Aegislash|move: Protect\n|\n|-heal|p2a: Aegislash|70\/100|[from] item: Leftovers\n|upkeep\n|turn|5\n|\n|t:|1699992520\n|move|p1a: Iron Valiant|Thunderbolt|p2a: Aegislash\n|-end|p2a: Aegislash|Substitute\n|move|p2a: Aegislash|Substitute|p2a: Aegislash\n|-start|p2a: Aegislash|Substitute\n|-damage|p2a: Aegislash|45\/100\n|\n|-heal|p2a: Aegislash|51\/100|[from] item: Leftovers\n|upkeep\n|turn|6\n|\n|t:|1699992525\n|move|p1a: Iron Valiant|Thunderbolt|p2a: Aegislash\n|-activate|p2a: Aegislash|move: Substitute|[damage]\n|-formechange|p2a: Aegislash|Aegislash-Blade||[from] ability: Stance Change\n|move|p2a: Aegislash|Shadow Ball|p1a: Iron Valiant\n|-damage|p1a: Iron Valiant|0 fnt\n|faint|p1a: Iron Valiant\n|-end|p1a: Iron Valiant|Quark Drive|[silent]\n|\n|-heal|p2a: Aegislash|57\/100|[from] item: Leftovers\n|upkeep\n|\n|t:|1699992528\n|switch|p1a: Landorus|Landorus-Therian, M|100\/100\n|-ability|p1a: Landorus|Intimidate|boost\n|-immune|p2a: Aegislash\n|turn|7\n|\n|t:|1699992536\n|move|p1a: Landorus|Earthquake|p2a: Aegislash\n|-supereffective|p2a: Aegislash\n|-end|p2a: Aegislash|Substitute\n|move|p2a: Aegislash|Shadow Ball|p1a: Landorus\n|-damage|p1a: Landorus|52\/100\n|-unboost|p1a: Landorus|spd|1\n|\n|-heal|p2a: Aegislash|64\/100|[from] item: Leftovers\n|upkeep\n|turn|8\n|\n|t:|1699992541\n|switch|p1a: Weavile|Weavile, F|100\/100\n|-ability|p1a: Weavile|Pressure\n|switch|p2a: Enamorus|Enamorus, F|100\/100\n|\n|upkeep\n|turn|9\n|\n|t:|1699992546\n|switch|p2a: Alomomola|Alomomola, F, shiny|100\/100\n|move|p1a: Weavile|Knock Off|p2a: Alomomola\n|-damage|p2a: Alomomola|65\/100\n|-damage|p1a: Weavile|84\/100|[from] item: Rocky Helmet|[of] p2a: Alomomola\n|-enditem|p2a: Alomomola|Rocky Helmet|[from] move: Knock Off|[of] p1a: Weavile\n|\n|upkeep\n|turn|10\n|\n|t:|1699992552\n|switch|p1a: Ogerpon|Ogerpon-Wellspring, F|100\/100\n|move|p2a: Alomomola|Toxic|p1a: Ogerpon\n|-status|p1a: Ogerpon|tox\n|\n|-damage|p1a: Ogerpon|95\/100 tox|[from] psn\n|upkeep\n|turn|11\n|\n|t:|1699992557\n|switch|p2a: Breloom|Breloom, M|100\/100\n|move|p1a: Ogerpon|Swords Dance|p1a: Ogerpon\n|-boost|p1a: Ogerpon|atk|2\n|\n|-damage|p1a: Ogerpon|83\/100 tox|[from] psn\n|upkeep\n|turn|12\n|\n|t:|1699992560\n|move|p1a: Ogerpon|Play Rough|p2a: Breloom\n|-supereffective|p2a: Breloom\n|-enditem|p2a: Breloom|Focus Sash\n|-damage|p2a: Breloom|1\/100\n|move|p2a: Breloom|Bullet Seed|p1a: Ogerpon\n|-damage|p1a: Ogerpon|56\/100 tox\n|-damage|p1a: Ogerpon|26\/100 tox\n|-damage|p1a: Ogerpon|0 fnt\n|faint|p1a: Ogerpon\n|-hitcount|p1: Ogerpon|3\n|\n|upkeep\n|\n|t:|1699992564\n|switch|p1a: Landorus|Landorus-Therian, M|52\/100\n|-ability|p1a: Landorus|Intimidate|boost\n|-unboost|p2a: Breloom|atk|1\n|turn|13\n|\n|t:|1699992569\n|switch|p2a: Alomomola|Alomomola, F, shiny|98\/100\n|move|p1a: Landorus|U-turn|p2a: Alomomola\n|-damage|p2a: Alomomola|82\/100\n|\n|t:|1699992576\n|switch|p1a: Scizor|Scizor, F|100\/100|[from] U-turn\n|\n|upkeep\n|turn|14\n|j| Reallyepicthrow\n|\n|t:|1699992582\n|detailschange|p1a: Scizor|Scizor-Mega, F\n|-mega|p1a: Scizor|Scizor|Scizorite\n|move|p1a: Scizor|Curse|p1a: Scizor\n|-unboost|p1a: Scizor|spe|1\n|-boost|p1a: Scizor|atk|1\n|-boost|p1a: Scizor|def|1\n|move|p2a: Alomomola|Flip Turn|p1a: Scizor\n|-damage|p1a: Scizor|93\/100\n|\n|t:|1699992585\n|switch|p2a: Rotom|Rotom-Heat|100\/100|[from] Flip Turn\n|\n|upkeep\n|turn|15\n|\n|t:|1699992589\n|move|p2a: Rotom|Overheat|p1a: Scizor\n|-supereffective|p1a: Scizor\n|-damage|p1a: Scizor|0 fnt\n|-unboost|p2a: Rotom|spa|2\n|faint|p1a: Scizor\n|\n|upkeep\n|\n|t:|1699992591\n|switch|p1a: Volcarona|Volcarona, M|100\/100\n|turn|16\n|\n|t:|1699992595\n|switch|p2a: Tyranitar|Tyranitar, M|100\/100\n|-weather|Sandstorm|[from] ability: Sand Stream|[of] p2a: Tyranitar\n|move|p1a: Volcarona|Quiver Dance|p1a: Volcarona\n|-boost|p1a: Volcarona|spa|1\n|-boost|p1a: Volcarona|spd|1\n|-boost|p1a: Volcarona|spe|1\n|\n|-weather|Sandstorm|[upkeep]\n|-damage|p1a: Volcarona|94\/100|[from] Sandstorm\n|upkeep\n|turn|17\n|l| Reallyepicthrow\n|\n|t:|1699992602\n|detailschange|p2a: Tyranitar|Tyranitar-Mega, M\n|-mega|p2a: Tyranitar|Tyranitar|Tyranitarite\n|-terastallize|p1a: Volcarona|Ground\n|move|p1a: Volcarona|Quiver Dance|p1a: Volcarona\n|-boost|p1a: Volcarona|spa|1\n|-boost|p1a: Volcarona|spd|1\n|-boost|p1a: Volcarona|spe|1\n|move|p2a: Tyranitar|Stone Edge|p1a: Volcarona\n|-resisted|p1a: Volcarona\n|-damage|p1a: Volcarona|52\/100\n|\n|-weather|Sandstorm|[upkeep]\n|upkeep\n|turn|18\n|\n|t:|1699992608\n|move|p1a: Volcarona|Tera Blast|p2a: Tyranitar|[anim] Tera Blast Ground\n|-supereffective|p2a: Tyranitar\n|-damage|p2a: Tyranitar|11\/100\n|move|p2a: Tyranitar|Knock Off|p1a: Volcarona\n|-damage|p1a: Volcarona|0 fnt\n|-enditem|p1a: Volcarona|Heavy-Duty Boots|[from] move: Knock Off|[of] p2a: Tyranitar\n|faint|p1a: Volcarona\n|\n|-weather|Sandstorm|[upkeep]\n|upkeep\n|-message|JauT forfeited.\n|\n|win|JWZ456\n|raw|JauT's rating: 1583 &rarr; <strong>1569<\/strong><br \/>(-14 for losing)\n|raw|JWZ456's rating: 1689 &rarr; <strong>1703<\/strong><br \/>(+14 for winning)\n|l|\u2606JauT\n","uploadtime":1699992696,"views":4,"p1id":"jaut","p2id":"jwz456","formatid":"gen9nationaldex","rating":1569,"private":0,"password":""}