{"id":"gen9nationaldex-1998072548","p1":"raynee22","p2":"Hud015","format":"[Gen 9] National Dex","log":"|html|<div class=\"broadcast-blue\"><strong>[Gen 9] National Dex is currently suspecting Sneasler! For information on how to participate check out the <a href=\"https:\/\/www.smogon.com\/forums\/threads\/sv-national-dex-suspect-8-just-dance.3731534\/\">suspect thread<\/a>.<\/strong><\/div>\n|j|\u2606raynee22\n|j|\u2606Hud015\n|t:|1700886955\n|gametype|singles\n|player|p1|raynee22|265|\n|player|p2|Hud015|n|\n|teamsize|p1|6\n|teamsize|p2|6\n|gen|9\n|tier|[Gen 9] National Dex\n|rule|HP Percentage Mod: HP is shown in percentages\n|rule|Endless Battle Clause: Forcing endless battles is banned\n|rule|OHKO Clause: OHKO moves are banned\n|rule|Evasion Clause: Evasion abilities, items, and moves are banned\n|rule|Evasion Abilities Clause: Evasion abilities are banned\n|rule|Evasion Items Clause: Evasion items are banned\n|rule|Evasion Moves Clause: Evasion moves are banned\n|rule|Species Clause: Limit one of each Pok\u00e9mon\n|rule|Sleep Clause Mod: Limit one foe put to sleep\n|clearpoke\n|poke|p1|Empoleon, M|\n|poke|p1|Scizor, M|\n|poke|p1|Greninja-*, F|\n|poke|p1|Lilligant-Hisui, F|\n|poke|p1|Nidoking, M|\n|poke|p1|Pawmot, F|\n|poke|p2|Buzzwole|\n|poke|p2|Ting-Lu|\n|poke|p2|Heatran, M|\n|poke|p2|Latias, F|\n|poke|p2|Kyurem|\n|poke|p2|Thwackey, M|\n|teampreview\n|\n|t:|1700887005\n|start\n|switch|p1a: Cold Birb|Empoleon, M|100\/100\n|switch|p2a: Winton|Latias, F|100\/100\n|turn|1\n|j| dinosrrcool\n|c| dinosrrcool|*hacker voice* i'm in\n|\n|t:|1700887077\n|detailschange|p2a: Winton|Latias-Mega, F\n|-mega|p2a: Winton|Latias|Latiasite\n|move|p2a: Winton|Thunder|p1a: Cold Birb\n|-supereffective|p1a: Cold Birb\n|-damage|p1a: Cold Birb|42\/100\n|-status|p1a: Cold Birb|par\n|move|p1a: Cold Birb|Yawn|p2a: Winton\n|-start|p2a: Winton|move: Yawn|[of] p1a: Cold Birb\n|\n|-heal|p1a: Cold Birb|48\/100 par|[from] item: Leftovers\n|upkeep\n|turn|2\n|\n|t:|1700887101\n|switch|p2a: Drumman|Thwackey, M|100\/100\n|-fieldstart|move: Grassy Terrain|[from] ability: Grassy Surge|[of] p2a: Drumman\n|move|p1a: Cold Birb|Stealth Rock|p2a: Drumman\n|-sidestart|p2: Hud015|move: Stealth Rock\n|\n|-heal|p1a: Cold Birb|54\/100 par|[from] Grassy Terrain\n|-heal|p1a: Cold Birb|60\/100 par|[from] item: Leftovers\n|upkeep\n|turn|3\n|j| dunsparcedingo\n|\n|t:|1700887118\n|-terastallize|p1a: Cold Birb|Fire\n|move|p2a: Drumman|Grassy Glide|p1a: Cold Birb\n|-resisted|p1a: Cold Birb\n|-damage|p1a: Cold Birb|38\/100 par\n|move|p1a: Cold Birb|Hidden Power|p2a: Drumman\n|-supereffective|p2a: Drumman\n|-damage|p2a: Drumman|17\/100\n|\n|-heal|p2a: Drumman|23\/100|[from] Grassy Terrain\n|-heal|p1a: Cold Birb|44\/100 par|[from] Grassy Terrain\n|-heal|p1a: Cold Birb|50\/100 par|[from] item: Leftovers\n|upkeep\n|turn|4\n|\n|t:|1700887149\n|switch|p2a: Bic|Heatran, M|100\/100\n|-damage|p2a: Bic|88\/100|[from] Stealth Rock\n|move|p1a: Cold Birb|Hidden Power|p2a: Bic\n|-start|p2a: Bic|ability: Flash Fire\n|\n|-heal|p2a: Bic|94\/100|[from] Grassy Terrain\n|-heal|p1a: Cold Birb|56\/100 par|[from] Grassy Terrain\n|-heal|p1a: Cold Birb|62\/100 par|[from] item: Leftovers\n|upkeep\n|turn|5\n|\n|t:|1700887163\n|switch|p1a: Ninja Frog|Greninja, F|100\/100\n|-terastallize|p2a: Bic|Fire\n|move|p2a: Bic|Eruption|p1a: Ninja Frog\n|-resisted|p1a: Ninja Frog\n|-damage|p1a: Ninja Frog|0 fnt\n|faint|p1a: Ninja Frog\n|\n|-heal|p2a: Bic|100\/100|[from] Grassy Terrain\n|upkeep\n|\n|t:|1700887179\n|switch|p1a: Standing Mouse|Pawmot, F|100\/100\n|turn|6\n|\n|t:|1700887182\n|move|p2a: Bic|Eruption|p1a: Standing Mouse\n|-enditem|p1a: Standing Mouse|Focus Sash\n|-damage|p1a: Standing Mouse|1\/100\n|move|p1a: Standing Mouse|Revival Blessing|p1a: Standing Mouse\n|\n|t:|1700887189\n|-heal|p1: Ninja Frog|50\/100|[from] move: Revival Blessing\n|\n|-heal|p1a: Standing Mouse|7\/100|[from] Grassy Terrain\n|-fieldend|move: Grassy Terrain\n|upkeep\n|turn|7\n|\n|t:|1700887198\n|move|p2a: Bic|Eruption|p1a: Standing Mouse\n|-damage|p1a: Standing Mouse|0 fnt\n|faint|p1a: Standing Mouse\n|\n|upkeep\n|\n|t:|1700887228\n|switch|p1a: Ninja Frog|Greninja, F|50\/100\n|turn|8\n|\n|t:|1700887232\n|move|p1a: Ninja Frog|Water Shuriken|p2a: Bic\n|-supereffective|p2a: Bic\n|-damage|p2a: Bic|87\/100\n|-supereffective|p2a: Bic\n|-damage|p2a: Bic|74\/100\n|-hitcount|p2a: Bic|2\n|-damage|p1a: Ninja Frog|40\/100|[from] item: Life Orb\n|move|p2a: Bic|Eruption|p1a: Ninja Frog\n|-resisted|p1a: Ninja Frog\n|-damage|p1a: Ninja Frog|0 fnt\n|faint|p1a: Ninja Frog\n|\n|upkeep\n|\n|t:|1700887249\n|switch|p1a: BasicallyArmadillo|Nidoking, M|100\/100\n|turn|9\n|\n|t:|1700887258\n|move|p2a: Bic|Eruption|p1a: BasicallyArmadillo\n|-damage|p1a: BasicallyArmadillo|0 fnt\n|faint|p1a: BasicallyArmadillo\n|\n|upkeep\n|\n|t:|1700887267\n|switch|p1a: Cold Birb|Empoleon, M, tera:Fire|62\/100 par\n|turn|10\n|\n|t:|1700887270\n|move|p2a: Bic|Eruption|p1a: Cold Birb\n|-resisted|p1a: Cold Birb\n|-damage|p1a: Cold Birb|20\/100 par\n|move|p1a: Cold Birb|Scald|p2a: Bic\n|-supereffective|p2a: Bic\n|-damage|p2a: Bic|0 fnt\n|faint|p2a: Bic\n|\n|-heal|p1a: Cold Birb|26\/100 par|[from] item: Leftovers\n|upkeep\n|\n|t:|1700887281\n|switch|p2a: Winton|Latias-Mega, F|100\/100\n|-damage|p2a: Winton|88\/100|[from] Stealth Rock\n|turn|11\n|\n|t:|1700887298\n|move|p2a: Winton|Thunder|p1a: Cold Birb\n|-damage|p1a: Cold Birb|0 fnt\n|faint|p1a: Cold Birb\n|\n|upkeep\n|\n|t:|1700887303\n|switch|p1a: Dancing Flower|Lilligant-Hisui, F|100\/100\n|turn|12\n|\n|t:|1700887308\n|move|p1a: Dancing Flower|Ice Spinner|p2a: Winton\n|-supereffective|p2a: Winton\n|-damage|p2a: Winton|49\/100\n|move|p2a: Winton|Mystical Fire|p1a: Dancing Flower\n|-supereffective|p1a: Dancing Flower\n|-damage|p1a: Dancing Flower|12\/100\n|-unboost|p1a: Dancing Flower|spa|1\n|\n|upkeep\n|turn|13\n|\n|t:|1700887337\n|move|p1a: Dancing Flower|Ice Spinner|p2a: Winton\n|-supereffective|p2a: Winton\n|-damage|p2a: Winton|11\/100\n|move|p2a: Winton|Roost|p2a: Winton\n|-heal|p2a: Winton|61\/100\n|-singleturn|p2a: Winton|move: Roost\n|\n|upkeep\n|turn|14\n|\n|t:|1700887350\n|move|p1a: Dancing Flower|Ice Spinner|p2a: Winton\n|-supereffective|p2a: Winton\n|-damage|p2a: Winton|22\/100\n|move|p2a: Winton|Roost|p2a: Winton\n|-heal|p2a: Winton|72\/100\n|-singleturn|p2a: Winton|move: Roost\n|\n|upkeep\n|turn|15\n|\n|t:|1700887356\n|move|p1a: Dancing Flower|Ice Spinner|p2a: Winton\n|-supereffective|p2a: Winton\n|-damage|p2a: Winton|31\/100\n|move|p2a: Winton|Mystical Fire|p1a: Dancing Flower\n|-supereffective|p1a: Dancing Flower\n|-damage|p1a: Dancing Flower|0 fnt\n|faint|p1a: Dancing Flower\n|\n|upkeep\n|\n|t:|1700887363\n|switch|p1a: Metal Bug|Scizor, M|100\/100\n|turn|16\n|\n|t:|1700887369\n|detailschange|p1a: Metal Bug|Scizor-Mega, M\n|-mega|p1a: Metal Bug|Scizor|Scizorite\n|move|p1a: Metal Bug|Bullet Punch|p2a: Winton\n|-damage|p2a: Winton|3\/100\n|move|p2a: Winton|Mystical Fire|p1a: Metal Bug\n|-supereffective|p1a: Metal Bug\n|-damage|p1a: Metal Bug|0 fnt\n|faint|p1a: Metal Bug\n|\n|win|Hud015\n","uploadtime":1700887378,"views":4,"p1id":"raynee22","p2id":"hud015","formatid":"gen9nationaldex","rating":0,"private":0,"password":""}