{"id":"gen9nationaldex-1994896054","p1":"DS blue","p2":"Frititi","format":"[Gen 9] National Dex","log":"|html|<div class=\"broadcast-blue\"><strong>[Gen 9] National Dex is currently suspecting Sneasler! For information on how to participate check out the <a href=\"https:\/\/www.smogon.com\/forums\/threads\/sv-national-dex-suspect-8-just-dance.3731534\/\">suspect thread<\/a>.<\/strong><\/div>\n|j|\u2606DS blue\n|j|\u2606Frititi\n|t:|1700502601\n|gametype|singles\n|player|p1|DS blue|blue|\n|player|p2|Frititi|byron|\n|teamsize|p1|6\n|teamsize|p2|6\n|gen|9\n|tier|[Gen 9] National Dex\n|rule|HP Percentage Mod: HP is shown in percentages\n|rule|Endless Battle Clause: Forcing endless battles is banned\n|rule|OHKO Clause: OHKO moves are banned\n|rule|Evasion Clause: Evasion abilities, items, and moves are banned\n|rule|Evasion Abilities Clause: Evasion abilities are banned\n|rule|Evasion Items Clause: Evasion items are banned\n|rule|Evasion Moves Clause: Evasion moves are banned\n|rule|Species Clause: Limit one of each Pok\u00e9mon\n|rule|Sleep Clause Mod: Limit one foe put to sleep\n|clearpoke\n|poke|p1|Glimmora, F|\n|poke|p1|Ceruledge, M|\n|poke|p1|Volcarona, M|\n|poke|p1|Weavile, F|\n|poke|p1|Pinsir, M|\n|poke|p1|Greninja-*, M|\n|poke|p2|Ting-Lu|\n|poke|p2|Toxapex, F|\n|poke|p2|Iron Moth|\n|poke|p2|Zoroark-Hisui, M|\n|poke|p2|Clodsire, M|\n|poke|p2|Scizor, M|\n|teampreview\n|\n|t:|1700502627\n|start\n|switch|p1a: Glimmora|Glimmora, F|100\/100\n|switch|p2a: Scizor|Scizor, M|100\/100\n|turn|1\n|\n|t:|1700502638\n|replace|p2a: Zoroark|Zoroark-Hisui, M\n|-end|p2a: Zoroark|Illusion\n|-zpower|p2a: Zoroark\n|move|p2a: Zoroark|Z-Happy Hour|p2a: Zoroark|[anim]Happy Hour\n|-boost|p2a: Zoroark|atk|1|[zeffect]\n|-boost|p2a: Zoroark|def|1|[zeffect]\n|-boost|p2a: Zoroark|spa|1|[zeffect]\n|-boost|p2a: Zoroark|spd|1|[zeffect]\n|-boost|p2a: Zoroark|spe|1|[zeffect]\n|move|p1a: Glimmora|Stealth Rock|p2a: Zoroark\n|-sidestart|p2: Frititi|move: Stealth Rock\n|\n|upkeep\n|turn|2\n|\n|t:|1700502658\n|move|p2a: Zoroark|Focus Blast|p1a: Glimmora\n|-damage|p1a: Glimmora|27\/100\n|move|p1a: Glimmora|Power Gem|p2a: Zoroark\n|-damage|p2a: Zoroark|40\/100\n|\n|upkeep\n|turn|3\n|\n|t:|1700502667\n|move|p2a: Zoroark|Shadow Ball|p1a: Glimmora\n|-damage|p1a: Glimmora|0 fnt\n|faint|p1a: Glimmora\n|\n|upkeep\n|c|\u2606Frititi|lag?\n|\n|t:|1700502758\n|switch|p1a: Weavile|Weavile, F|100\/100\n|-ability|p1a: Weavile|Pressure\n|turn|4\n|\n|t:|1700502764\n|move|p1a: Weavile|Ice Shard|p2a: Zoroark\n|-damage|p2a: Zoroark|13\/100\n|move|p2a: Zoroark|Focus Blast|p1a: Weavile\n|-supereffective|p1a: Weavile\n|-damage|p1a: Weavile|0 fnt\n|faint|p1a: Weavile\n|\n|upkeep\n|\n|t:|1700502772\n|switch|p1a: Greninja|Greninja, M|100\/100\n|turn|5\n|\n|t:|1700502778\n|move|p1a: Greninja|Water Shuriken|p2a: Zoroark\n|-damage|p2a: Zoroark|0 fnt\n|faint|p2a: Zoroark\n|-ability|p1a: Greninja|Battle Bond|boost\n|-boost|p1a: Greninja|atk|1\n|-boost|p1a: Greninja|spa|1\n|-boost|p1a: Greninja|spe|1\n|-activate|p1a: Greninja|ability: Battle Bond\n|-hitcount|p2: Zoroark|1\n|-damage|p1a: Greninja|91\/100|[from] item: Life Orb\n|\n|upkeep\n|\n|t:|1700502794\n|switch|p2a: Scizor|Scizor, M|100\/100\n|-damage|p2a: Scizor|88\/100|[from] Stealth Rock\n|turn|6\n|\n|t:|1700502801\n|detailschange|p2a: Scizor|Scizor-Mega, M\n|-mega|p2a: Scizor|Scizor|Scizorite\n|move|p1a: Greninja|Scald|p2a: Scizor\n|-damage|p2a: Scizor|22\/100\n|-damage|p1a: Greninja|81\/100|[from] item: Life Orb\n|move|p2a: Scizor|U-turn|p1a: Greninja\n|-supereffective|p1a: Greninja\n|-damage|p1a: Greninja|0 fnt\n|faint|p1a: Greninja\n|\n|t:|1700502827\n|switch|p2a: Toxapex|Toxapex, F|100\/100|[from] U-turn\n|-damage|p2a: Toxapex|88\/100|[from] Stealth Rock\n|\n|-heal|p2a: Toxapex|94\/100|[from] item: Black Sludge\n|upkeep\n|\n|t:|1700502831\n|switch|p1a: Pinsir|Pinsir, M|100\/100\n|turn|7\n|\n|t:|1700502835\n|detailschange|p1a: Pinsir|Pinsir-Mega, M\n|-mega|p1a: Pinsir|Pinsir|Pinsirite\n|move|p1a: Pinsir|Swords Dance|p1a: Pinsir\n|-boost|p1a: Pinsir|atk|2\n|move|p2a: Toxapex|Toxic|p1a: Pinsir\n|-status|p1a: Pinsir|tox\n|\n|-heal|p2a: Toxapex|100\/100|[from] item: Black Sludge\n|-damage|p1a: Pinsir|95\/100 tox|[from] psn\n|upkeep\n|turn|8\n|\n|t:|1700502841\n|move|p1a: Pinsir|Facade|p2a: Toxapex\n|-damage|p2a: Toxapex|0 fnt\n|faint|p2a: Toxapex\n|\n|-damage|p1a: Pinsir|83\/100 tox|[from] psn\n|upkeep\n|\n|t:|1700502846\n|switch|p2a: Clodsire|Clodsire, M|100\/100\n|-damage|p2a: Clodsire|94\/100|[from] Stealth Rock\n|turn|9\n|\n|t:|1700502851\n|move|p1a: Pinsir|Facade|p2a: Clodsire\n|-damage|p2a: Clodsire|26\/100\n|move|p2a: Clodsire|Stealth Rock|p1a: Pinsir\n|-sidestart|p1: DS blue|move: Stealth Rock\n|\n|-heal|p2a: Clodsire|33\/100|[from] item: Black Sludge\n|-damage|p1a: Pinsir|65\/100 tox|[from] psn\n|upkeep\n|turn|10\n|c|\u2606Frititi|miss xd\n|\n|t:|1700502895\n|move|p1a: Pinsir|Facade|p2a: Clodsire\n|-damage|p2a: Clodsire|0 fnt\n|faint|p2a: Clodsire\n|\n|-damage|p1a: Pinsir|41\/100 tox|[from] psn\n|upkeep\n|\n|t:|1700502918\n|switch|p2a: Ting-Lu|Ting-Lu|100\/100\n|-damage|p2a: Ting-Lu|94\/100|[from] Stealth Rock\n|-ability|p2a: Ting-Lu|Vessel of Ruin\n|turn|11\n|\n|t:|1700502925\n|-terastallize|p2a: Ting-Lu|Ghost\n|move|p1a: Pinsir|Facade|p2a: Ting-Lu\n|-damage|p2a: Ting-Lu|0 fnt\n|faint|p2a: Ting-Lu\n|\n|-damage|p1a: Pinsir|12\/100 tox|[from] psn\n|upkeep\n|c|\u2606Frititi|a?\n|c|\u2606Frititi|es vaolador dxd\n|c|\u2606Frititi|fuck\n|\n|t:|1700502943\n|switch|p2a: Scizor|Scizor-Mega, M|22\/100\n|-damage|p2a: Scizor|10\/100|[from] Stealth Rock\n|turn|12\n|c|\u2606DS blue|Gg\n|l|\u2606Frititi\n|player|p2|\n|j|\u2606Frititi\n|player|p2|Frititi|byron\n|\n|t:|1700502979\n|move|p1a: Pinsir|Quick Attack|p2a: Scizor\n|-damage|p2a: Scizor|0 fnt\n|faint|p2a: Scizor\n|\n|-damage|p1a: Pinsir|0 fnt|[from] psn\n|faint|p1a: Pinsir\n|upkeep\n|\n|t:|1700502997\n|switch|p1a: Ceruledge|Ceruledge, M|100\/100\n|switch|p2a: Iron Moth|Iron Moth|100\/100\n|-damage|p2a: Iron Moth|76\/100|[from] Stealth Rock\n|-damage|p1a: Ceruledge|76\/100|[from] Stealth Rock\n|turn|13\n|\n|t:|1700503017\n|move|p2a: Iron Moth|Flamethrower|p1a: Ceruledge\n|-resisted|p1a: Ceruledge\n|-damage|p1a: Ceruledge|29\/100\n|-zpower|p1a: Ceruledge\n|move|p1a: Ceruledge|Never-Ending Nightmare|p2a: Iron Moth|[zeffect]\n|-damage|p2a: Iron Moth|0 fnt\n|faint|p2a: Iron Moth\n|-end|p2a: Iron Moth|Quark Drive|[silent]\n|\n|win|DS blue\n|l|\u2606Frititi\n","uploadtime":1700503031,"views":2,"p1id":"dsblue","p2id":"frititi","formatid":"gen9nationaldex","rating":0,"private":0,"password":""}