{"id":"gen9nationaldex-1991256074","p1":"Caden_B_Fadin","p2":"shengye121","format":"[Gen 9] National Dex","log":"|j|\u2606Caden_B_Fadin\n|j|\u2606shengye121\n|t:|1700061778\n|gametype|singles\n|player|p1|Caden_B_Fadin|roughneck-gen4|1327\n|player|p2|shengye121|169|1303\n|teamsize|p1|6\n|teamsize|p2|6\n|gen|9\n|tier|[Gen 9] National Dex\n|rated|\n|rule|HP Percentage Mod: HP is shown in percentages\n|rule|Endless Battle Clause: Forcing endless battles is banned\n|rule|OHKO Clause: OHKO moves are banned\n|rule|Evasion Clause: Evasion abilities, items, and moves are banned\n|rule|Evasion Abilities Clause: Evasion abilities are banned\n|rule|Evasion Items Clause: Evasion items are banned\n|rule|Evasion Moves Clause: Evasion moves are banned\n|rule|Species Clause: Limit one of each Pok\u00e9mon\n|rule|Sleep Clause Mod: Limit one foe put to sleep\n|clearpoke\n|poke|p1|Zapdos|\n|poke|p1|Diancie|\n|poke|p1|Great Tusk|\n|poke|p1|Toxapex, F|\n|poke|p1|Heatran, M|\n|poke|p1|Weavile, F|\n|poke|p2|Hydreigon, M|\n|poke|p2|Ditto|\n|poke|p2|Lopunny, F|\n|poke|p2|Excadrill, F|\n|poke|p2|Greninja-*, M|\n|poke|p2|Ogerpon-Cornerstone, F|\n|teampreview\n|\n|t:|1700061783\n|start\n|switch|p1a: Zapdos|Zapdos|100\/100\n|switch|p2a: Excadrill|Excadrill, F|100\/100\n|-ability|p2a: Excadrill|Mold Breaker\n|turn|1\n|c|\u2606Caden_B_Fadin|glhd\n|\n|t:|1700061794\n|switch|p2a: Hydreigon|Hydreigon, M|100\/100\n|switch|p1a: Great Tusk|Great Tusk|100\/100\n|\n|upkeep\n|turn|2\n|inactive|Battle timer is ON: inactive players will automatically lose when time's up. (requested by shengye121)\n|\n|t:|1700061805\n|-end|p1a: Great Tusk|Protosynthesis|[silent]\n|switch|p1a: Toxapex|Toxapex, F|100\/100\n|move|p2a: Hydreigon|Draco Meteor|p1a: Toxapex\n|-damage|p1a: Toxapex|17\/100\n|-unboost|p2a: Hydreigon|spa|2\n|-enditem|p1a: Toxapex|Eject Button\n|\n|t:|1700061812\n|switch|p1a: Diancie|Diancie|100\/100\n|\n|upkeep\n|turn|3\n|\n|t:|1700061816\n|switch|p2a: Excadrill|Excadrill, F|100\/100\n|-ability|p2a: Excadrill|Mold Breaker\n|detailschange|p1a: Diancie|Diancie-Mega\n|-mega|p1a: Diancie|Diancie|Diancite\n|move|p1a: Diancie|Diamond Storm|p2a: Excadrill\n|-resisted|p2a: Excadrill\n|-damage|p2a: Excadrill|82\/100\n|\n|upkeep\n|turn|4\n|c|\u2606shengye121|hi\n|c|\u2606Caden_B_Fadin|hey\n|\n|t:|1700061832\n|move|p1a: Diancie|Earth Power|p2a: Excadrill\n|-supereffective|p2a: Excadrill\n|-damage|p2a: Excadrill|0 fnt\n|faint|p2a: Excadrill\n|\n|upkeep\n|\n|t:|1700061845\n|switch|p2a: Lopunny|Lopunny, F|100\/100\n|turn|5\n|\n|t:|1700061851\n|switch|p1a: Zapdos|Zapdos|100\/100\n|detailschange|p2a: Lopunny|Lopunny-Mega, F\n|-mega|p2a: Lopunny|Lopunny|Lopunnite\n|move|p2a: Lopunny|Fake Out|p1a: Zapdos\n|-damage|p1a: Zapdos|78\/100\n|\n|upkeep\n|turn|6\n|\n|t:|1700061857\n|switch|p2a: Hydreigon|Hydreigon, M|100\/100\n|move|p1a: Zapdos|Volt Switch|p2a: Hydreigon\n|-resisted|p2a: Hydreigon\n|-damage|p2a: Hydreigon|81\/100\n|\n|t:|1700061861\n|switch|p1a: Diancie|Diancie-Mega|100\/100|[from] Volt Switch\n|\n|upkeep\n|turn|7\n|\n|t:|1700061865\n|-terastallize|p2a: Hydreigon|Steel\n|move|p1a: Diancie|Moonblast|p2a: Hydreigon\n|-resisted|p2a: Hydreigon\n|-damage|p2a: Hydreigon|49\/100\n|move|p2a: Hydreigon|Flash Cannon|p1a: Diancie\n|-supereffective|p1a: Diancie\n|-damage|p1a: Diancie|0 fnt\n|faint|p1a: Diancie\n|\n|upkeep\n|\n|t:|1700061876\n|switch|p1a: Heatran|Heatran, M|100\/100\n|turn|8\n|\n|t:|1700061881\n|switch|p2a: Ditto|Ditto|100\/100\n|-transform|p2a: Ditto|p1a: Heatran|[from] ability: Imposter\n|move|p1a: Heatran|Magma Storm|p2a: Ditto\n|-start|p2a: Ditto|ability: Flash Fire\n|\n|upkeep\n|turn|9\n|\n|t:|1700061889\n|-terastallize|p1a: Heatran|Grass\n|move|p2a: Ditto|Earth Power|p1a: Heatran\n|-resisted|p1a: Heatran\n|-damage|p1a: Heatran|92\/100\n|move|p1a: Heatran|Earth Power|p2a: Ditto\n|-supereffective|p2a: Ditto\n|-damage|p2a: Ditto|15\/100\n|\n|-heal|p1a: Heatran|98\/100|[from] item: Leftovers\n|upkeep\n|turn|10\n|\n|t:|1700061900\n|-end|p2a: Ditto|ability: Flash Fire|[silent]\n|switch|p2a: Hydreigon|Hydreigon, M, tera:Steel|49\/100\n|move|p1a: Heatran|Magma Storm|p2a: Hydreigon\n|-supereffective|p2a: Hydreigon\n|-damage|p2a: Hydreigon|0 fnt\n|faint|p2a: Hydreigon\n|\n|-heal|p1a: Heatran|100\/100|[from] item: Leftovers\n|upkeep\n|\n|t:|1700061906\n|switch|p2a: Lopunny|Lopunny-Mega, F|100\/100\n|turn|11\n|\n|t:|1700061910\n|move|p2a: Lopunny|Fake Out|p1a: Heatran\n|-damage|p1a: Heatran|82\/100\n|cant|p1a: Heatran|flinch\n|\n|-heal|p1a: Heatran|89\/100|[from] item: Leftovers\n|upkeep\n|turn|12\n|\n|t:|1700061913\n|move|p2a: Lopunny|U-turn|p1a: Heatran\n|-supereffective|p1a: Heatran\n|-damage|p1a: Heatran|44\/100\n|\n|t:|1700061916\n|switch|p2a: Ditto|Ditto|15\/100|[from] U-turn\n|-transform|p2a: Ditto|p1a: Heatran|[from] ability: Imposter\n|move|p1a: Heatran|Magma Storm|p2a: Ditto\n|-start|p2a: Ditto|ability: Flash Fire\n|\n|-heal|p1a: Heatran|50\/100|[from] item: Leftovers\n|upkeep\n|-start|p2a: Ditto|typechange|Fire\/Steel|[silent]\n|turn|13\n|\n|t:|1700061927\n|switch|p1a: Toxapex|Toxapex, F|51\/100\n|move|p2a: Ditto|Stealth Rock|p1a: Toxapex\n|-sidestart|p1: Caden_B_Fadin|move: Stealth Rock\n|\n|upkeep\n|turn|14\n|\n|t:|1700061937\n|-end|p2a: Ditto|ability: Flash Fire|[silent]\n|switch|p2a: Lopunny|Lopunny-Mega, F|100\/100\n|move|p1a: Toxapex|Recover|p1a: Toxapex\n|-heal|p1a: Toxapex|100\/100\n|\n|upkeep\n|turn|15\n|\n|t:|1700061940\n|switch|p2a: Ditto|Ditto|15\/100\n|-transform|p2a: Ditto|p1a: Toxapex|[from] ability: Imposter\n|move|p1a: Toxapex|Toxic|p2a: Ditto\n|-immune|p2a: Ditto\n|\n|upkeep\n|turn|16\n|\n|t:|1700061948\n|move|p2a: Ditto|Recover|p2a: Ditto\n|-heal|p2a: Ditto|65\/100\n|move|p1a: Toxapex|Scald|p2a: Ditto\n|-resisted|p2a: Ditto\n|-damage|p2a: Ditto|58\/100\n|\n|upkeep\n|turn|17\n|\n|t:|1700061950\n|switch|p1a: Zapdos|Zapdos|78\/100\n|-damage|p1a: Zapdos|53\/100|[from] Stealth Rock\n|move|p2a: Ditto|Recover|p2a: Ditto\n|-heal|p2a: Ditto|100\/100\n|\n|upkeep\n|turn|18\n|\n|t:|1700061956\n|switch|p2a: Ogerpon|Ogerpon-Cornerstone, F|100\/100\n|move|p1a: Zapdos|Thunderbolt|p2a: Ogerpon\n|-resisted|p2a: Ogerpon\n|-damage|p2a: Ogerpon|73\/100\n|\n|upkeep\n|turn|19\n|\n|t:|1700061960\n|switch|p1a: Heatran|Heatran, M, tera:Grass|50\/100\n|-damage|p1a: Heatran|38\/100|[from] Stealth Rock\n|move|p2a: Ogerpon|Ivy Cudgel|p1a: Heatran|[anim] Ivy Cudgel Rock\n|-damage|p1a: Heatran|0 fnt\n|faint|p1a: Heatran\n|\n|upkeep\n|\n|t:|1700061966\n|switch|p1a: Weavile|Weavile, F|100\/100\n|-damage|p1a: Weavile|76\/100|[from] Stealth Rock\n|-ability|p1a: Weavile|Pressure\n|turn|20\n|\n|t:|1700061984\n|move|p1a: Weavile|Triple Axel|p2a: Ogerpon\n|-supereffective|p2a: Ogerpon\n|-damage|p2a: Ogerpon|33\/100\n|-supereffective|p2a: Ogerpon\n|-damage|p2a: Ogerpon|0 fnt\n|faint|p2a: Ogerpon\n|-hitcount|p2: Ogerpon|2\n|\n|upkeep\n|\n|t:|1700061987\n|switch|p2a: Lopunny|Lopunny-Mega, F|100\/100\n|turn|21\n|\n|t:|1700061993\n|switch|p1a: Zapdos|Zapdos|53\/100\n|-damage|p1a: Zapdos|28\/100|[from] Stealth Rock\n|move|p2a: Lopunny|U-turn|p1a: Zapdos\n|-resisted|p1a: Zapdos\n|-damage|p1a: Zapdos|13\/100\n|\n|t:|1700061999\n|switch|p2a: Greninja|Greninja, M|100\/100|[from] U-turn\n|\n|upkeep\n|turn|22\n|\n|t:|1700062004\n|switch|p1a: Toxapex|Toxapex, F|100\/100\n|-damage|p1a: Toxapex|88\/100|[from] Stealth Rock\n|move|p2a: Greninja|Extrasensory|p1a: Toxapex\n|-supereffective|p1a: Toxapex\n|-damage|p1a: Toxapex|42\/100\n|-damage|p2a: Greninja|91\/100|[from] item: Life Orb\n|\n|upkeep\n|turn|23\n|\n|t:|1700062030\n|move|p2a: Greninja|Extrasensory|p1a: Toxapex\n|-supereffective|p1a: Toxapex\n|-damage|p1a: Toxapex|0 fnt\n|faint|p1a: Toxapex\n|-ability|p2a: Greninja|Battle Bond|boost\n|-boost|p2a: Greninja|atk|1\n|-boost|p2a: Greninja|spa|1\n|-boost|p2a: Greninja|spe|1\n|-activate|p2a: Greninja|ability: Battle Bond\n|-damage|p2a: Greninja|81\/100|[from] item: Life Orb\n|\n|upkeep\n|inactive|Caden_B_Fadin has 120 seconds left.\n|\n|t:|1700062040\n|switch|p1a: Zapdos|Zapdos|13\/100\n|-damage|p1a: Zapdos|0 fnt|[from] Stealth Rock\n|faint|p1a: Zapdos\n|\n|t:|1700062044\n|switch|p1a: Great Tusk|Great Tusk|100\/100\n|turn|24\n|\n|t:|1700062047\n|move|p2a: Greninja|Surf|p1a: Great Tusk\n|-supereffective|p1a: Great Tusk\n|-crit|p1a: Great Tusk\n|-damage|p1a: Great Tusk|0 fnt\n|faint|p1a: Great Tusk\n|-end|p1a: Great Tusk|Protosynthesis|[silent]\n|-damage|p2a: Greninja|71\/100|[from] item: Life Orb\n|\n|upkeep\n|\n|t:|1700062049\n|switch|p1a: Weavile|Weavile, F|76\/100\n|-damage|p1a: Weavile|51\/100|[from] Stealth Rock\n|-ability|p1a: Weavile|Pressure\n|turn|25\n|\n|t:|1700062052\n|move|p1a: Weavile|Ice Shard|p2a: Greninja\n|-resisted|p2a: Greninja\n|-damage|p2a: Greninja|49\/100\n|move|p2a: Greninja|Surf|p1a: Weavile\n|-damage|p1a: Weavile|0 fnt\n|faint|p1a: Weavile\n|-damage|p2a: Greninja|40\/100|[from] item: Life Orb\n|\n|win|shengye121\n|raw|Caden_B_Fadin's rating: 1327 &rarr; <strong>1306<\/strong><br \/>(-21 for losing)\n|raw|shengye121's rating: 1303 &rarr; <strong>1324<\/strong><br \/>(+21 for winning)\n|c|\u2606Caden_B_Fadin|gg\n|c|\u2606shengye121|gg\n","uploadtime":1700062067,"views":18,"p1id":"cadenbfadin","p2id":"shengye121","formatid":"gen9nationaldex","rating":1306,"private":0,"password":""}