{"id":"gen9nationaldex-1991886914","p1":"TuanAnhDzXD","p2":"zzloopy","format":"[Gen 9] National Dex","log":"|j|\u2606TuanAnhDzXD\n|j|\u2606zzloopy\n|t:|1700133772\n|gametype|singles\n|player|p1|TuanAnhDzXD|102|1415\n|player|p2|zzloopy|blue|1459\n|teamsize|p1|6\n|teamsize|p2|6\n|gen|9\n|tier|[Gen 9] National Dex\n|rated|\n|rule|HP Percentage Mod: HP is shown in percentages\n|rule|Endless Battle Clause: Forcing endless battles is banned\n|rule|OHKO Clause: OHKO moves are banned\n|rule|Evasion Clause: Evasion abilities, items, and moves are banned\n|rule|Evasion Abilities Clause: Evasion abilities are banned\n|rule|Evasion Items Clause: Evasion items are banned\n|rule|Evasion Moves Clause: Evasion moves are banned\n|rule|Species Clause: Limit one of each Pok\u00e9mon\n|rule|Sleep Clause Mod: Limit one foe put to sleep\n|clearpoke\n|poke|p1|Enamorus, F|\n|poke|p1|Blacephalon|\n|poke|p1|Rillaboom, F|\n|poke|p1|Greninja-*, M|\n|poke|p1|Corviknight, M|\n|poke|p1|Salamence, F|\n|poke|p2|Urshifu-*, M|\n|poke|p2|Ting-Lu|\n|poke|p2|Banette, M|\n|poke|p2|Blaziken, M|\n|poke|p2|Rillaboom, M|\n|poke|p2|Bisharp, M|\n|teampreview\n|\n|t:|1700133786\n|start\n|switch|p1a: Rillaboom|Rillaboom, F|100\/100\n|switch|p2a: Ting-Lu|Ting-Lu|100\/100\n|-fieldstart|move: Grassy Terrain|[from] ability: Grassy Surge|[of] p1a: Rillaboom\n|-ability|p2a: Ting-Lu|Vessel of Ruin\n|turn|1\n|\n|t:|1700133800\n|move|p1a: Rillaboom|Growth|p1a: Rillaboom\n|-boost|p1a: Rillaboom|atk|1\n|-boost|p1a: Rillaboom|spa|1\n|move|p2a: Ting-Lu|Stealth Rock|p1a: Rillaboom\n|-sidestart|p1: TuanAnhDzXD|move: Stealth Rock\n|\n|upkeep\n|turn|2\n|\n|t:|1700133807\n|move|p1a: Rillaboom|Giga Drain|p2a: Ting-Lu\n|-supereffective|p2a: Ting-Lu\n|-damage|p2a: Ting-Lu|29\/100\n|-damage|p1a: Rillaboom|91\/100|[from] item: Life Orb\n|move|p2a: Ting-Lu|Whirlwind|p1a: Rillaboom\n|drag|p1a: Enamorus|Enamorus, F|100\/100\n|-damage|p1a: Enamorus|76\/100|[from] Stealth Rock\n|\n|-heal|p1a: Enamorus|82\/100|[from] item: Leftovers\n|-heal|p2a: Ting-Lu|35\/100|[from] Grassy Terrain\n|-heal|p2a: Ting-Lu|42\/100|[from] item: Leftovers\n|upkeep\n|turn|3\n|\n|t:|1700133818\n|move|p1a: Enamorus|Superpower|p2a: Ting-Lu\n|-supereffective|p2a: Ting-Lu\n|-damage|p2a: Ting-Lu|4\/100\n|-boost|p1a: Enamorus|atk|1\n|-boost|p1a: Enamorus|def|1\n|move|p2a: Ting-Lu|Spikes|p1a: Enamorus\n|-sidestart|p1: TuanAnhDzXD|Spikes\n|\n|-heal|p1a: Enamorus|88\/100|[from] item: Leftovers\n|-heal|p2a: Ting-Lu|10\/100|[from] Grassy Terrain\n|-heal|p2a: Ting-Lu|16\/100|[from] item: Leftovers\n|upkeep\n|turn|4\n|\n|t:|1700133829\n|-terastallize|p2a: Ting-Lu|Ghost\n|move|p1a: Enamorus|Play Rough|p2a: Ting-Lu\n|-damage|p2a: Ting-Lu|0 fnt\n|faint|p2a: Ting-Lu\n|\n|-heal|p1a: Enamorus|94\/100|[from] item: Leftovers\n|upkeep\n|\n|t:|1700133837\n|switch|p2a: Banette|Banette, M|100\/100\n|turn|5\n|\n|t:|1700133841\n|detailschange|p2a: Banette|Banette-Mega, M\n|-mega|p2a: Banette|Banette|Banettite\n|move|p1a: Enamorus|Play Rough|p2a: Banette\n|-damage|p2a: Banette|11\/100\n|move|p2a: Banette|Poltergeist|p1a: Enamorus\n|-activate|p1a: Enamorus|move: Poltergeist|Leftovers\n|-damage|p1a: Enamorus|10\/100\n|\n|-heal|p1a: Enamorus|16\/100|[from] item: Leftovers\n|-heal|p2a: Banette|17\/100|[from] Grassy Terrain\n|-fieldend|move: Grassy Terrain\n|upkeep\n|turn|6\n|\n|t:|1700133853\n|move|p2a: Banette|Destiny Bond|p2a: Banette\n|-singlemove|p2a: Banette|Destiny Bond\n|move|p1a: Enamorus|Play Rough|p2a: Banette\n|-damage|p2a: Banette|0 fnt\n|faint|p2a: Banette\n|-activate|p2a: Banette|move: Destiny Bond\n|faint|p1a: Enamorus\n|\n|upkeep\n|\n|t:|1700133863\n|switch|p1a: Corviknight|Corviknight, M|100\/100\n|switch|p2a: Urshifu|Urshifu-Rapid-Strike, M|100\/100\n|-damage|p1a: Corviknight|88\/100|[from] Stealth Rock\n|-ability|p1a: Corviknight|Pressure\n|turn|7\n|\n|t:|1700133869\n|switch|p2a: Bisharp|Bisharp, M|100\/100\n|move|p1a: Corviknight|Defog|p2a: Bisharp\n|-unboost|p2a: Bisharp|evasion|1\n|-ability|p2a: Bisharp|Defiant|boost\n|-boost|p2a: Bisharp|atk|2\n|-sideend|p1: TuanAnhDzXD|Spikes|[from] move: Defog|[of] p1a: Corviknight\n|-sideend|p1: TuanAnhDzXD|Stealth Rock|[from] move: Defog|[of] p1a: Corviknight\n|\n|upkeep\n|turn|8\n|\n|t:|1700133877\n|move|p2a: Bisharp|Knock Off|p1a: Corviknight\n|-damage|p1a: Corviknight|27\/100\n|-damage|p2a: Bisharp|84\/100|[from] item: Rocky Helmet|[of] p1a: Corviknight\n|-enditem|p1a: Corviknight|Rocky Helmet|[from] move: Knock Off|[of] p2a: Bisharp\n|move|p1a: Corviknight|U-turn|p2a: Bisharp\n|-damage|p2a: Bisharp|71\/100\n|\n|t:|1700133885\n|switch|p1a: Greninja|Greninja, M|100\/100|[from] U-turn\n|\n|upkeep\n|turn|9\n|\n|t:|1700133892\n|move|p1a: Greninja|Liquidation|p2a: Bisharp\n|-start|p1a: Greninja|typechange|Water|[from] ability: Protean\n|-damage|p2a: Bisharp|24\/100\n|move|p2a: Bisharp|Rock Polish|p2a: Bisharp\n|-boost|p2a: Bisharp|spe|2\n|\n|upkeep\n|turn|10\n|\n|t:|1700133899\n|move|p2a: Bisharp|Sucker Punch|p1a: Greninja\n|-damage|p1a: Greninja|0 fnt\n|faint|p1a: Greninja\n|\n|upkeep\n|\n|t:|1700133903\n|switch|p1a: Corviknight|Corviknight, M|27\/100\n|-ability|p1a: Corviknight|Pressure\n|turn|11\n|\n|t:|1700133907\n|move|p2a: Bisharp|Knock Off|p1a: Corviknight\n|-damage|p1a: Corviknight|0 fnt\n|faint|p1a: Corviknight\n|\n|upkeep\n|-message|TuanAnhDzXD forfeited.\n|\n|win|zzloopy\n|raw|TuanAnhDzXD's rating: 1415 &rarr; <strong>1398<\/strong><br \/>(-17 for losing)\n|raw|zzloopy's rating: 1459 &rarr; <strong>1476<\/strong><br \/>(+17 for winning)\n|l|\u2606TuanAnhDzXD\n","uploadtime":1700133932,"views":10,"p1id":"tuananhdzxd","p2id":"zzloopy","formatid":"gen9nationaldex","rating":1398,"private":0,"password":""}