{"id":"gen9nationaldex-1991077645","p1":"ordja","p2":"GAGA233","format":"[Gen 9] National Dex","log":"|j|\u2606ordja\n|j|\u2606GAGA233\n|t:|1700039279\n|gametype|singles\n|player|p1|ordja|1|1753\n|player|p2|GAGA233|red|1660\n|teamsize|p1|6\n|teamsize|p2|6\n|gen|9\n|tier|[Gen 9] National Dex\n|rated|\n|rule|HP Percentage Mod: HP is shown in percentages\n|rule|Endless Battle Clause: Forcing endless battles is banned\n|rule|OHKO Clause: OHKO moves are banned\n|rule|Evasion Clause: Evasion abilities, items, and moves are banned\n|rule|Evasion Abilities Clause: Evasion abilities are banned\n|rule|Evasion Items Clause: Evasion items are banned\n|rule|Evasion Moves Clause: Evasion moves are banned\n|rule|Species Clause: Limit one of each Pok\u00e9mon\n|rule|Sleep Clause Mod: Limit one foe put to sleep\n|clearpoke\n|poke|p1|Garchomp, M|\n|poke|p1|Ogerpon-Wellspring, F|\n|poke|p1|Dondozo, F|\n|poke|p1|Heatran, M|\n|poke|p1|Zapdos|\n|poke|p1|Chansey, F|\n|poke|p2|Ogerpon, F|\n|poke|p2|Corviknight, M|\n|poke|p2|Clodsire, F|\n|poke|p2|Tyranitar, F|\n|poke|p2|Alomomola, F|\n|poke|p2|Banette, F|\n|teampreview\n|inactive|Battle timer is ON: inactive players will automatically lose when time's up. (requested by GAGA233)\n|\n|t:|1700039300\n|start\n|switch|p1a: Heatran|Heatran, M|100\/100\n|switch|p2a: Banette|Banette, F|100\/100\n|turn|1\n|\n|t:|1700039307\n|switch|p2a: Tyranitar|Tyranitar, F|100\/100\n|-weather|Sandstorm|[from] ability: Sand Stream|[of] p2a: Tyranitar\n|-terastallize|p1a: Heatran|Fire\n|move|p1a: Heatran|Eruption|p2a: Tyranitar\n|-resisted|p2a: Tyranitar\n|-damage|p2a: Tyranitar|75\/100\n|\n|-weather|Sandstorm|[upkeep]\n|-damage|p1a: Heatran|94\/100|[from] Sandstorm\n|upkeep\n|turn|2\n|\n|t:|1700039320\n|-activate|p1a: Heatran|move: Pursuit\n|move|p2a: Tyranitar|Pursuit|p1a: Heatran|[from]Pursuit\n|-crit|p1a: Heatran\n|-damage|p1a: Heatran|42\/100\n|switch|p1a: Dondozo|Dondozo, F|100\/100\n|\n|-weather|Sandstorm|[upkeep]\n|-damage|p1a: Dondozo|94\/100|[from] Sandstorm\n|-heal|p1a: Dondozo|100\/100|[from] item: Leftovers\n|upkeep\n|turn|3\n|\n|t:|1700039330\n|switch|p2a: Clodsire|Clodsire, F|100\/100\n|move|p1a: Dondozo|Curse|p1a: Dondozo\n|-unboost|p1a: Dondozo|spe|1\n|-boost|p1a: Dondozo|atk|1\n|-boost|p1a: Dondozo|def|1\n|\n|-weather|Sandstorm|[upkeep]\n|-damage|p1a: Dondozo|94\/100|[from] Sandstorm\n|-heal|p1a: Dondozo|100\/100|[from] item: Leftovers\n|upkeep\n|turn|4\n|\n|t:|1700039339\n|move|p2a: Clodsire|Stealth Rock|p1a: Dondozo\n|-sidestart|p1: ordja|move: Stealth Rock\n|move|p1a: Dondozo|Curse|p1a: Dondozo\n|-unboost|p1a: Dondozo|spe|1\n|-boost|p1a: Dondozo|atk|1\n|-boost|p1a: Dondozo|def|1\n|\n|-weather|Sandstorm|[upkeep]\n|-damage|p1a: Dondozo|94\/100|[from] Sandstorm\n|-heal|p1a: Dondozo|100\/100|[from] item: Leftovers\n|upkeep\n|turn|5\n|\n|t:|1700039347\n|move|p2a: Clodsire|Yawn|p1a: Dondozo\n|-start|p1a: Dondozo|move: Yawn|[of] p2a: Clodsire\n|move|p1a: Dondozo|Curse|p1a: Dondozo\n|-unboost|p1a: Dondozo|spe|1\n|-boost|p1a: Dondozo|atk|1\n|-boost|p1a: Dondozo|def|1\n|\n|-weather|none\n|upkeep\n|turn|6\n|\n|t:|1700039354\n|move|p2a: Clodsire|Earthquake|p1a: Dondozo\n|-crit|p1a: Dondozo\n|-damage|p1a: Dondozo|82\/100\n|move|p1a: Dondozo|Curse|p1a: Dondozo\n|-unboost|p1a: Dondozo|spe|1\n|-boost|p1a: Dondozo|atk|1\n|-boost|p1a: Dondozo|def|1\n|\n|-heal|p1a: Dondozo|88\/100|[from] item: Leftovers\n|-end|p1a: Dondozo|move: Yawn|[silent]\n|-status|p1a: Dondozo|slp\n|upkeep\n|turn|7\n|\n|t:|1700039366\n|switch|p2a: Alomomola|Alomomola, F|100\/100\n|cant|p1a: Dondozo|slp\n|\n|-heal|p1a: Dondozo|94\/100 slp|[from] item: Leftovers\n|upkeep\n|turn|8\n|\n|t:|1700039373\n|move|p2a: Alomomola|Protect|p2a: Alomomola\n|-singleturn|p2a: Alomomola|Protect\n|cant|p1a: Dondozo|slp\n|\n|-heal|p1a: Dondozo|100\/100 slp|[from] item: Leftovers\n|upkeep\n|turn|9\n|\n|t:|1700039378\n|move|p2a: Alomomola|Wish|p2a: Alomomola\n|cant|p1a: Dondozo|slp\n|\n|upkeep\n|turn|10\n|\n|t:|1700039383\n|move|p2a: Alomomola|Protect|p2a: Alomomola\n|-singleturn|p2a: Alomomola|Protect\n|-curestatus|p1a: Dondozo|slp|[msg]\n|move|p1a: Dondozo|Curse|p1a: Dondozo\n|-unboost|p1a: Dondozo|spe|1\n|-boost|p1a: Dondozo|atk|1\n|-boost|p1a: Dondozo|def|1\n|\n|upkeep\n|turn|11\n|\n|t:|1700039390\n|move|p2a: Alomomola|Toxic|p1a: Dondozo\n|-status|p1a: Dondozo|tox\n|move|p1a: Dondozo|Curse|p1a: Dondozo\n|-unboost|p1a: Dondozo|spe|1\n|-boost|p1a: Dondozo|atk|1\n|-boost|p1a: Dondozo|def|1\n|\n|-damage|p1a: Dondozo|94\/100 tox|[from] psn\n|upkeep\n|turn|12\n|\n|t:|1700039398\n|switch|p2a: Clodsire|Clodsire, F|100\/100\n|move|p1a: Dondozo|Curse|p1a: Dondozo\n|\n|-heal|p1a: Dondozo|100\/100 tox|[from] item: Leftovers\n|-damage|p1a: Dondozo|88\/100 tox|[from] psn\n|upkeep\n|turn|13\n|\n|t:|1700039405\n|move|p2a: Clodsire|Stealth Rock||[still]\n|-fail|p2a: Clodsire\n|move|p1a: Dondozo|Body Press|p2a: Clodsire\n|-resisted|p2a: Clodsire\n|-damage|p2a: Clodsire|39\/100\n|\n|-heal|p2a: Clodsire|45\/100|[from] item: Leftovers\n|-heal|p1a: Dondozo|94\/100 tox|[from] item: Leftovers\n|-damage|p1a: Dondozo|76\/100 tox|[from] psn\n|upkeep\n|turn|14\n|\n|t:|1700039417\n|switch|p2a: Banette|Banette, F|100\/100\n|move|p1a: Dondozo|Body Press|p2a: Banette\n|-immune|p2a: Banette\n|\n|-heal|p1a: Dondozo|82\/100 tox|[from] item: Leftovers\n|-damage|p1a: Dondozo|57\/100 tox|[from] psn\n|upkeep\n|turn|15\n|\n|t:|1700039425\n|detailschange|p2a: Banette|Banette-Mega, F\n|-mega|p2a: Banette|Banette|Banettite\n|move|p2a: Banette|Encore|p1a: Dondozo\n|-start|p1a: Dondozo|Encore\n|move|p1a: Dondozo|Body Press|p2a: Banette\n|-immune|p2a: Banette\n|\n|-heal|p1a: Dondozo|64\/100 tox|[from] item: Leftovers\n|-damage|p1a: Dondozo|33\/100 tox|[from] psn\n|upkeep\n|turn|16\n|\n|t:|1700039440\n|switch|p2a: Clodsire|Clodsire, F|45\/100\n|switch|p1a: Chansey|Chansey, F|100\/100\n|-damage|p1a: Chansey|88\/100|[from] Stealth Rock\n|\n|-heal|p2a: Clodsire|51\/100|[from] item: Leftovers\n|upkeep\n|turn|17\n|\n|t:|1700039450\n|move|p1a: Chansey|Wish|p1a: Chansey\n|move|p2a: Clodsire|Recover|p2a: Clodsire\n|-heal|p2a: Clodsire|100\/100\n|\n|upkeep\n|turn|18\n|\n|t:|1700039454\n|switch|p1a: Dondozo|Dondozo, F|33\/100 tox\n|-damage|p1a: Dondozo|20\/100 tox|[from] Stealth Rock\n|switch|p2a: Ogerpon|Ogerpon, F|100\/100\n|\n|-heal|p1a: Dondozo|90\/100 tox|[from] move: Wish|[wisher] Chansey\n|-heal|p1a: Dondozo|96\/100 tox|[from] item: Leftovers\n|-damage|p1a: Dondozo|90\/100 tox|[from] psn\n|upkeep\n|turn|19\n|\n|t:|1700039465\n|move|p2a: Ogerpon|Swords Dance|p2a: Ogerpon\n|-boost|p2a: Ogerpon|atk|2\n|move|p1a: Dondozo|Body Press|p2a: Ogerpon\n|-damage|p2a: Ogerpon|67\/100\n|\n|-heal|p1a: Dondozo|96\/100 tox|[from] item: Leftovers\n|-damage|p1a: Dondozo|84\/100 tox|[from] psn\n|upkeep\n|turn|20\n|\n|t:|1700039474\n|switch|p1a: Heatran|Heatran, M, tera:Fire|42\/100\n|-damage|p1a: Heatran|18\/100|[from] Stealth Rock\n|-terastallize|p2a: Ogerpon|Grass\n|detailschange|p2a: Ogerpon|Ogerpon-Teal-Tera, F, tera:Grass\n|-ability|p2a: Ogerpon|Embody Aspect (Teal)|boost\n|-boost|p2a: Ogerpon|spe|1\n|move|p2a: Ogerpon|Ivy Cudgel|p1a: Heatran\n|-resisted|p1a: Heatran\n|-damage|p1a: Heatran|0 fnt\n|faint|p1a: Heatran\n|\n|upkeep\n|\n|t:|1700039494\n|switch|p1a: Dondozo|Dondozo, F|84\/100 tox\n|-damage|p1a: Dondozo|71\/100 tox|[from] Stealth Rock\n|turn|21\n|\n|t:|1700039501\n|move|p2a: Ogerpon|Ivy Cudgel|p1a: Dondozo\n|-supereffective|p1a: Dondozo\n|-damage|p1a: Dondozo|14\/100 tox\n|move|p1a: Dondozo|Body Press|p2a: Ogerpon\n|-damage|p2a: Ogerpon|27\/100\n|\n|-heal|p1a: Dondozo|20\/100 tox|[from] item: Leftovers\n|-damage|p1a: Dondozo|14\/100 tox|[from] psn\n|upkeep\n|turn|22\n|\n|t:|1700039510\n|move|p2a: Ogerpon|Rock Tomb|p1a: Dondozo\n|-crit|p1a: Dondozo\n|-damage|p1a: Dondozo|0 fnt\n|faint|p1a: Dondozo\n|\n|upkeep\n|\n|t:|1700039516\n|switch|p1a: Chansey|Chansey, F|88\/100\n|-damage|p1a: Chansey|76\/100|[from] Stealth Rock\n|turn|23\n|\n|t:|1700039519\n|move|p2a: Ogerpon|Superpower|p1a: Chansey\n|-supereffective|p1a: Chansey\n|-damage|p1a: Chansey|0 fnt\n|-unboost|p2a: Ogerpon|atk|1\n|-unboost|p2a: Ogerpon|def|1\n|faint|p1a: Chansey\n|\n|upkeep\n|\n|t:|1700039527\n|switch|p1a: Garchomp|Garchomp, M|100\/100\n|-damage|p1a: Garchomp|94\/100|[from] Stealth Rock\n|turn|24\n|\n|t:|1700039536\n|switch|p2a: Corviknight|Corviknight, M|100\/100\n|-ability|p2a: Corviknight|Pressure\n|move|p1a: Garchomp|Earthquake|p2a: Corviknight\n|-immune|p2a: Corviknight\n|\n|upkeep\n|turn|25\n|\n|t:|1700039542\n|switch|p1a: Zapdos|Zapdos|100\/100\n|move|p2a: Corviknight|Iron Defense|p2a: Corviknight\n|-boost|p2a: Corviknight|def|2\n|\n|upkeep\n|turn|26\n|\n|t:|1700039548\n|switch|p2a: Clodsire|Clodsire, F|100\/100\n|move|p1a: Zapdos|Volt Switch|p2a: Clodsire\n|-immune|p2a: Clodsire\n|\n|upkeep\n|turn|27\n|\n|t:|1700039555\n|move|p1a: Zapdos|Hurricane|p2a: Clodsire|[miss]\n|-miss|p1a: Zapdos|p2a: Clodsire\n|move|p2a: Clodsire|Yawn|p1a: Zapdos\n|-start|p1a: Zapdos|move: Yawn|[of] p2a: Clodsire\n|\n|upkeep\n|turn|28\n|\n|t:|1700039563\n|switch|p1a: Garchomp|Garchomp, M|94\/100\n|-damage|p1a: Garchomp|88\/100|[from] Stealth Rock\n|switch|p2a: Alomomola|Alomomola, F|100\/100\n|\n|upkeep\n|turn|29\n|\n|t:|1700039570\n|switch|p1a: Ogerpon|Ogerpon-Wellspring, F|100\/100\n|-damage|p1a: Ogerpon|88\/100|[from] Stealth Rock\n|move|p2a: Alomomola|Toxic|p1a: Ogerpon\n|-status|p1a: Ogerpon|tox\n|\n|-damage|p1a: Ogerpon|82\/100 tox|[from] psn\n|upkeep\n|turn|30\n|\n|t:|1700039581\n|move|p1a: Ogerpon|Swords Dance|p1a: Ogerpon\n|-boost|p1a: Ogerpon|atk|2\n|move|p2a: Alomomola|Wish|p2a: Alomomola\n|\n|-damage|p1a: Ogerpon|70\/100 tox|[from] psn\n|upkeep\n|turn|31\n|\n|t:|1700039592\n|move|p1a: Ogerpon|Horn Leech|p2a: Alomomola\n|-supereffective|p2a: Alomomola\n|-damage|p2a: Alomomola|5\/100\n|-heal|p1a: Ogerpon|100\/100 tox|[from] drain|[of] p2a: Alomomola\n|move|p2a: Alomomola|Toxic|p1a: Ogerpon\n|-fail|p1a: Ogerpon|tox\n|\n|-heal|p2a: Alomomola|55\/100|[from] move: Wish|[wisher] Alomomola\n|-damage|p1a: Ogerpon|83\/100 tox|[from] psn\n|upkeep\n|turn|32\n|\n|t:|1700039602\n|move|p2a: Alomomola|Protect|p2a: Alomomola\n|-singleturn|p2a: Alomomola|Protect\n|move|p1a: Ogerpon|Swords Dance|p1a: Ogerpon\n|-boost|p1a: Ogerpon|atk|2\n|\n|-damage|p1a: Ogerpon|59\/100 tox|[from] psn\n|upkeep\n|turn|33\n|\n|t:|1700039609\n|switch|p2a: Corviknight|Corviknight, M|100\/100\n|-ability|p2a: Corviknight|Pressure\n|move|p1a: Ogerpon|Horn Leech|p2a: Corviknight\n|-resisted|p2a: Corviknight\n|-damage|p2a: Corviknight|81\/100\n|-heal|p1a: Ogerpon|72\/100 tox|[from] drain|[of] p2a: Corviknight\n|\n|-damage|p1a: Ogerpon|42\/100 tox|[from] psn\n|upkeep\n|turn|34\n|\n|t:|1700039620\n|switch|p2a: Clodsire|Clodsire, F|100\/100\n|move|p1a: Ogerpon|Ivy Cudgel|p2a: Clodsire|[anim] Ivy Cudgel Water\n|-immune|p2a: Clodsire|[from] ability: Water Absorb\n|\n|-damage|p1a: Ogerpon|6\/100 tox|[from] psn\n|upkeep\n|turn|35\n|\n|t:|1700039629\n|switch|p2a: Corviknight|Corviknight, M|81\/100\n|-ability|p2a: Corviknight|Pressure\n|move|p1a: Ogerpon|Horn Leech|p2a: Corviknight\n|-resisted|p2a: Corviknight\n|-damage|p2a: Corviknight|63\/100\n|-heal|p1a: Ogerpon|18\/100 tox|[from] drain|[of] p2a: Corviknight\n|\n|-damage|p1a: Ogerpon|0 fnt|[from] psn\n|faint|p1a: Ogerpon\n|upkeep\n|-message|ordja forfeited.\n|\n|win|GAGA233\n|raw|ordja's rating: 1753 &rarr; <strong>1728<\/strong><br \/>(-25 for losing)\n|raw|GAGA233's rating: 1660 &rarr; <strong>1685<\/strong><br \/>(+25 for winning)\n|l|\u2606ordja\n","uploadtime":1700039636,"views":22,"p1id":"ordja","p2id":"gaga233","formatid":"gen9nationaldex","rating":1685,"private":0,"password":""}