{"id":"gen9nationaldex-1996466269","p1":"Will u marry meh","p2":"Lufano5","format":"[Gen 9] National Dex","log":"|html|<div class=\"broadcast-blue\"><strong>[Gen 9] National Dex is currently suspecting Sneasler! For information on how to participate check out the <a href=\"https:\/\/www.smogon.com\/forums\/threads\/sv-national-dex-suspect-8-just-dance.3731534\/\">suspect thread<\/a>.<\/strong><\/div>\n|j|\u2606Will u marry meh\n|j|\u2606Lufano5\n|t:|1700684739\n|gametype|singles\n|player|p1|Will u marry meh|workerice|1175\n|player|p2|Lufano5|pokemaniac|1120\n|teamsize|p1|6\n|teamsize|p2|6\n|gen|9\n|tier|[Gen 9] National Dex\n|rated|\n|rule|HP Percentage Mod: HP is shown in percentages\n|rule|Endless Battle Clause: Forcing endless battles is banned\n|rule|OHKO Clause: OHKO moves are banned\n|rule|Evasion Clause: Evasion abilities, items, and moves are banned\n|rule|Evasion Abilities Clause: Evasion abilities are banned\n|rule|Evasion Items Clause: Evasion items are banned\n|rule|Evasion Moves Clause: Evasion moves are banned\n|rule|Species Clause: Limit one of each Pok\u00e9mon\n|rule|Sleep Clause Mod: Limit one foe put to sleep\n|clearpoke\n|poke|p1|Rapidash, F|\n|poke|p1|Donphan, F|\n|poke|p1|Mismagius, F|\n|poke|p1|Basculin, F|\n|poke|p1|Conkeldurr, F|\n|poke|p1|Comfey, F|\n|poke|p2|Weezing-Galar, F|\n|poke|p2|Hatterene, F|\n|poke|p2|Mimikyu, M|\n|poke|p2|Ambipom, M|\n|poke|p2|Slurpuff, F|\n|poke|p2|Ninetales-Alola, F|\n|teampreview\n|c|\u2606Will u marry meh|hi\n|c|\u2606Will u marry meh|gl\n|inactive|Battle timer is ON: inactive players will automatically lose when time's up. (requested by Will u marry meh)\n|\n|t:|1700684764\n|start\n|switch|p1a: Body builder|Conkeldurr, F, shiny|100\/100\n|switch|p2a: Weezing|Weezing-Galar, F|100\/100\n|-ability|p2a: Weezing|Neutralizing Gas\n|turn|1\n|c|\u2606Will u marry meh|ur team no scare me\n|\n|t:|1700684775\n|move|p2a: Weezing|Toxic Spikes|p1a: Body builder\n|-sidestart|p1: Will u marry meh|move: Toxic Spikes\n|move|p1a: Body builder|Fire Punch|p2a: Weezing\n|-damage|p2a: Weezing|74\/100\n|\n|upkeep\n|turn|2\n|\n|t:|1700684793\n|move|p2a: Weezing|Corrosive Gas|p1a: Body builder\n|-enditem|p1a: Body builder|Punching Glove|[from] move: Corrosive Gas|[of] p2a: Weezing\n|move|p1a: Body builder|Ice Punch|p2a: Weezing\n|-damage|p2a: Weezing|51\/100\n|\n|upkeep\n|turn|3\n|c|\u2606Will u marry meh|my item\n|c|\u2606Will u marry meh|and my ability\n|inactive|Will u marry meh has 120 seconds left.\n|\n|t:|1700684819\n|move|p2a: Weezing|Pain Split|p1a: Body builder\n|-sethp|p1a: Body builder|69\/100|[from] move: Pain Split|[silent]\n|-sethp|p2a: Weezing|94\/100|[from] move: Pain Split\n|move|p1a: Body builder|Ice Punch|p2a: Weezing\n|-damage|p2a: Weezing|69\/100\n|\n|upkeep\n|turn|4\n|c|\u2606Lufano5|Hi\n|c|\u2606Lufano5|Gl\n|c|\u2606Will u marry meh|bye\n|inactive|Will u marry meh has 120 seconds left.\n|c|\u2606Will u marry meh|u scaryeyye\n|\n|t:|1700684843\n|switch|p1a: Guess my tera|Mismagius, F, shiny|100\/100\n|-status|p1a: Guess my tera|psn\n|move|p2a: Weezing|Pain Split|p1a: Guess my tera\n|-sethp|p1a: Guess my tera|90\/100 psn|[from] move: Pain Split|[silent]\n|-sethp|p2a: Weezing|78\/100|[from] move: Pain Split\n|\n|-damage|p1a: Guess my tera|78\/100 psn|[from] psn\n|upkeep\n|turn|5\n|\n|t:|1700684855\n|move|p1a: Guess my tera|Psychic|p2a: Weezing\n|-supereffective|p2a: Weezing\n|-damage|p2a: Weezing|0 fnt\n|faint|p2a: Weezing\n|-end|p2a: Weezing|ability: Neutralizing Gas\n|\n|-damage|p1a: Guess my tera|66\/100 psn|[from] psn\n|upkeep\n|\n|t:|1700684870\n|switch|p2a: Ninetales|Ninetales-Alola, F|100\/100\n|-weather|Snow|[from] ability: Snow Warning|[of] p2a: Ninetales\n|turn|6\n|\n|t:|1700684879\n|move|p2a: Ninetales|Aurora Veil|p2a: Ninetales\n|-sidestart|p2: Lufano5|move: Aurora Veil\n|move|p1a: Guess my tera|Shadow Ball|p2a: Ninetales\n|-damage|p2a: Ninetales|79\/100\n|\n|-weather|Snow|[upkeep]\n|-damage|p1a: Guess my tera|53\/100 psn|[from] psn\n|upkeep\n|turn|7\n|\n|t:|1700684891\n|move|p2a: Ninetales|Blizzard|p1a: Guess my tera\n|-damage|p1a: Guess my tera|3\/100 psn\n|move|p1a: Guess my tera|Shadow Ball|p2a: Ninetales\n|-damage|p2a: Ninetales|58\/100\n|\n|-weather|Snow|[upkeep]\n|-damage|p1a: Guess my tera|0 fnt|[from] psn\n|faint|p1a: Guess my tera\n|upkeep\n|\n|t:|1700684901\n|switch|p1a: bad teeth|Donphan, F|100\/100\n|-status|p1a: bad teeth|psn\n|turn|8\n|\n|t:|1700684912\n|move|p2a: Ninetales|Blizzard|p1a: bad teeth\n|-supereffective|p1a: bad teeth\n|-ability|p1a: bad teeth|Sturdy\n|-damage|p1a: bad teeth|1\/100 psn\n|move|p1a: bad teeth|Rapid Spin|p2a: Ninetales\n|-damage|p2a: Ninetales|48\/100\n|-boost|p1a: bad teeth|spe|1\n|-sideend|p1: Will u marry meh|Toxic Spikes|[from] move: Rapid Spin|[of] p1a: bad teeth\n|\n|-weather|Snow|[upkeep]\n|-damage|p1a: bad teeth|0 fnt|[from] psn\n|faint|p1a: bad teeth\n|upkeep\n|\n|t:|1700684934\n|switch|p1a: dirty hair|Rapidash, F, shiny|100\/100\n|turn|9\n|\n|t:|1700684942\n|switch|p2a: Hatterene|Hatterene, F|100\/100\n|move|p1a: dirty hair|Flare Blitz|p2a: Hatterene\n|-damage|p2a: Hatterene|60\/100\n|-damage|p1a: dirty hair|86\/100|[from] Recoil\n|-damage|p1a: dirty hair|76\/100|[from] item: Life Orb\n|\n|-weather|Snow|[upkeep]\n|-heal|p2a: Hatterene|66\/100|[from] item: Leftovers\n|upkeep\n|turn|10\n|\n|t:|1700684958\n|move|p1a: dirty hair|Flare Blitz|p2a: Hatterene\n|-damage|p2a: Hatterene|26\/100\n|-damage|p1a: dirty hair|62\/100|[from] Recoil\n|-damage|p1a: dirty hair|53\/100|[from] item: Life Orb\n|move|p2a: Hatterene|Trick Room|p2a: Hatterene\n|-fieldstart|move: Trick Room|[of] p2a: Hatterene\n|\n|-weather|none\n|-heal|p2a: Hatterene|32\/100|[from] item: Leftovers\n|upkeep\n|turn|11\n|\n|t:|1700684971\n|move|p2a: Hatterene|Draining Kiss|p1a: dirty hair\n|-resisted|p1a: dirty hair\n|-damage|p1a: dirty hair|29\/100\n|-heal|p2a: Hatterene|49\/100|[from] drain|[of] p1a: dirty hair\n|move|p1a: dirty hair|Wild Charge|p2a: Hatterene\n|-damage|p2a: Hatterene|29\/100\n|-damage|p1a: dirty hair|23\/100|[from] Recoil\n|-damage|p1a: dirty hair|13\/100|[from] item: Life Orb\n|\n|-heal|p2a: Hatterene|35\/100|[from] item: Leftovers\n|upkeep\n|turn|12\n|c|\u2606Will u marry meh|ooof\n|c|\u2606Will u marry meh|i dumb\n|\n|t:|1700684984\n|move|p1a: dirty hair|Quick Attack|p2a: Hatterene\n|-damage|p2a: Hatterene|25\/100\n|-damage|p1a: dirty hair|3\/100|[from] item: Life Orb\n|move|p2a: Hatterene|Draining Kiss|p1a: dirty hair\n|-resisted|p1a: dirty hair\n|-damage|p1a: dirty hair|0 fnt\n|-heal|p2a: Hatterene|27\/100|[from] drain|[of] p1a: dirty hair\n|faint|p1a: dirty hair\n|\n|-heal|p2a: Hatterene|33\/100|[from] item: Leftovers\n|upkeep\n|\n|t:|1700684999\n|switch|p1a: Snapchat gyal|Comfey, F|100\/100\n|turn|13\n|\n|t:|1700685007\n|move|p1a: Snapchat gyal|Giga Drain|p2a: Hatterene\n|-damage|p2a: Hatterene|23\/100\n|move|p2a: Hatterene|Mystical Fire|p1a: Snapchat gyal\n|-damage|p1a: Snapchat gyal|61\/100\n|-unboost|p1a: Snapchat gyal|spa|1\n|\n|-heal|p2a: Hatterene|29\/100|[from] item: Leftovers\n|-sideend|p2: Lufano5|move: Aurora Veil\n|upkeep\n|turn|14\n|\n|t:|1700685019\n|move|p1a: Snapchat gyal|Giga Drain|p2a: Hatterene\n|-damage|p2a: Hatterene|16\/100\n|-heal|p1a: Snapchat gyal|68\/100|[from] drain|[of] p2a: Hatterene\n|move|p2a: Hatterene|Mystical Fire|p1a: Snapchat gyal\n|-damage|p1a: Snapchat gyal|33\/100\n|-unboost|p1a: Snapchat gyal|spa|1\n|\n|-heal|p2a: Hatterene|22\/100|[from] item: Leftovers\n|-fieldend|move: Trick Room\n|upkeep\n|turn|15\n|\n|t:|1700685035\n|switch|p1a: Body builder|Conkeldurr, F, shiny|69\/100\n|move|p2a: Hatterene|Mystical Fire|p1a: Body builder\n|-damage|p1a: Body builder|35\/100\n|-unboost|p1a: Body builder|spa|1\n|\n|-heal|p2a: Hatterene|28\/100|[from] item: Leftovers\n|upkeep\n|turn|16\n|\n|t:|1700685052\n|move|p1a: Body builder|Fire Punch|p2a: Hatterene\n|-damage|p2a: Hatterene|0 fnt\n|faint|p2a: Hatterene\n|\n|upkeep\n|\n|t:|1700685059\n|switch|p2a: Ninetales|Ninetales-Alola, F|48\/100\n|-weather|Snow|[from] ability: Snow Warning|[of] p2a: Ninetales\n|turn|17\n|\n|t:|1700685067\n|move|p2a: Ninetales|Aurora Veil|p2a: Ninetales\n|-sidestart|p2: Lufano5|move: Aurora Veil\n|move|p1a: Body builder|Drain Punch|p2a: Ninetales\n|-damage|p2a: Ninetales|22\/100\n|-heal|p1a: Body builder|44\/100|[from] drain|[of] p2a: Ninetales\n|\n|-weather|Snow|[upkeep]\n|upkeep\n|turn|18\n|\n|t:|1700685077\n|move|p1a: Body builder|Mach Punch|p2a: Ninetales\n|-damage|p2a: Ninetales|9\/100\n|move|p2a: Ninetales|Moonblast|p1a: Body builder\n|-supereffective|p1a: Body builder\n|-damage|p1a: Body builder|0 fnt\n|faint|p1a: Body builder\n|\n|-weather|Snow|[upkeep]\n|upkeep\n|\n|t:|1700685085\n|switch|p1a: Snapchat gyal|Comfey, F|33\/100\n|turn|19\n|\n|t:|1700685091\n|move|p1a: Snapchat gyal|Giga Drain|p2a: Ninetales\n|-damage|p2a: Ninetales|0 fnt\n|-heal|p1a: Snapchat gyal|38\/100|[from] drain|[of] p2a: Ninetales\n|faint|p2a: Ninetales\n|\n|-weather|Snow|[upkeep]\n|upkeep\n|\n|t:|1700685104\n|switch|p2a: Slurpuff|Slurpuff, F|100\/100\n|turn|20\n|\n|t:|1700685109\n|move|p1a: Snapchat gyal|Defog|p2a: Slurpuff\n|-unboost|p2a: Slurpuff|evasion|1\n|-sideend|p2: Lufano5|move: Aurora Veil\n|move|p2a: Slurpuff|Substitute|p2a: Slurpuff\n|-start|p2a: Slurpuff|Substitute\n|-damage|p2a: Slurpuff|76\/100\n|\n|-weather|Snow|[upkeep]\n|upkeep\n|turn|21\n|c|\u2606Will u marry meh|i feel dumb\n|\n|t:|1700685120\n|move|p1a: Snapchat gyal|Giga Drain|p2a: Slurpuff\n|-end|p2a: Slurpuff|Substitute\n|-heal|p1a: Snapchat gyal|54\/100|[from] drain|[of] p2a: Slurpuff\n|move|p2a: Slurpuff|Belly Drum|p2a: Slurpuff\n|-damage|p2a: Slurpuff|26\/100\n|-setboost|p2a: Slurpuff|atk|6|[from] move: Belly Drum\n|-enditem|p2a: Slurpuff|Sitrus Berry|[eat]\n|-heal|p2a: Slurpuff|51\/100|[from] item: Sitrus Berry\n|\n|-weather|none\n|upkeep\n|turn|22\n|\n|t:|1700685133\n|move|p1a: Snapchat gyal|Giga Drain|p2a: Slurpuff\n|-damage|p2a: Slurpuff|23\/100\n|-heal|p1a: Snapchat gyal|71\/100|[from] drain|[of] p2a: Slurpuff\n|move|p2a: Slurpuff|Drain Punch|p1a: Snapchat gyal\n|-resisted|p1a: Snapchat gyal\n|-damage|p1a: Snapchat gyal|16\/100\n|-heal|p2a: Slurpuff|45\/100|[from] drain|[of] p1a: Snapchat gyal\n|\n|upkeep\n|turn|23\n|\n|t:|1700685143\n|move|p1a: Snapchat gyal|Giga Drain|p2a: Slurpuff\n|-damage|p2a: Slurpuff|16\/100\n|-heal|p1a: Snapchat gyal|34\/100|[from] drain|[of] p2a: Slurpuff\n|move|p2a: Slurpuff|Drain Punch|p1a: Snapchat gyal\n|-resisted|p1a: Snapchat gyal\n|-damage|p1a: Snapchat gyal|0 fnt\n|-heal|p2a: Slurpuff|29\/100|[from] drain|[of] p1a: Snapchat gyal\n|faint|p1a: Snapchat gyal\n|\n|upkeep\n|\n|t:|1700685151\n|switch|p1a: no make-up|Basculin, F|100\/100\n|turn|24\n|c|\u2606Will u marry meh|u dont scare me\n|\n|t:|1700685165\n|move|p1a: no make-up|Aqua Jet|p2a: Slurpuff\n|-damage|p2a: Slurpuff|3\/100\n|move|p2a: Slurpuff|Drain Punch|p1a: no make-up\n|-damage|p1a: no make-up|0 fnt\n|-heal|p2a: Slurpuff|50\/100|[from] drain|[of] p1a: no make-up\n|faint|p1a: no make-up\n|\n|win|Lufano5\n|raw|Will u marry meh's rating: 1175 &rarr; <strong>1146<\/strong><br \/>(-29 for losing)\n|raw|Lufano5's rating: 1120 &rarr; <strong>1149<\/strong><br \/>(+29 for winning)\n|c|\u2606Will u marry meh|ooof\n|c|\u2606Will u marry meh|gg\n|c|\u2606Will u marry meh|wp\n|c|\u2606Lufano5|Gg\n|c|\u2606Will u marry meh|:)\n|l|\u2606Will u marry meh\n|c|\u2606Lufano5|:))\n","uploadtime":1700685226,"views":0,"p1id":"willumarrymeh","p2id":"lufano5","formatid":"gen9nationaldex","rating":1146,"private":0,"password":""}