{"id":"gen9nationaldex-1995442101","p1":"cliffy91","p2":"baigu2","format":"[Gen 9] National Dex","log":"|html|<div class=\"broadcast-blue\"><strong>[Gen 9] National Dex is currently suspecting Sneasler! For information on how to participate check out the <a href=\"https:\/\/www.smogon.com\/forums\/threads\/sv-national-dex-suspect-8-just-dance.3731534\/\">suspect thread<\/a>.<\/strong><\/div>\n|j|\u2606cliffy91\n|j|\u2606baigu2\n|t:|1700571254\n|gametype|singles\n|player|p1|cliffy91|lucas|1671\n|player|p2|baigu2|101|1718\n|teamsize|p1|6\n|teamsize|p2|6\n|gen|9\n|tier|[Gen 9] National Dex\n|rated|\n|rule|HP Percentage Mod: HP is shown in percentages\n|rule|Endless Battle Clause: Forcing endless battles is banned\n|rule|OHKO Clause: OHKO moves are banned\n|rule|Evasion Clause: Evasion abilities, items, and moves are banned\n|rule|Evasion Abilities Clause: Evasion abilities are banned\n|rule|Evasion Items Clause: Evasion items are banned\n|rule|Evasion Moves Clause: Evasion moves are banned\n|rule|Species Clause: Limit one of each Pok\u00e9mon\n|rule|Sleep Clause Mod: Limit one foe put to sleep\n|clearpoke\n|poke|p1|Houndoom, F|\n|poke|p1|Skarmory, M|\n|poke|p1|Gastrodon, F|\n|poke|p1|Breloom, F|\n|poke|p1|Jirachi|\n|poke|p1|Starmie|\n|poke|p2|Ursaluna, F|\n|poke|p2|Dragonite, M|\n|poke|p2|Slowking, M|\n|poke|p2|Tapu Koko|\n|poke|p2|Hoopa-Unbound|\n|poke|p2|Great Tusk|\n|teampreview\n|inactive|Battle timer is ON: inactive players will automatically lose when time's up. (requested by cliffy91)\n|\n|t:|1700571270\n|start\n|switch|p1a: Jirachi|Jirachi|100\/100\n|switch|p2a: Slowking|Slowking, M|100\/100\n|turn|1\n|\n|t:|1700571279\n|move|p1a: Jirachi|Trick|p2a: Slowking\n|-activate|p1a: Jirachi|move: Trick|[of] p2a: Slowking\n|-item|p2a: Slowking|Choice Scarf|[from] move: Trick\n|-item|p1a: Jirachi|Heavy-Duty Boots|[from] move: Trick\n|move|p2a: Slowking|Scald|p1a: Jirachi\n|-damage|p1a: Jirachi|74\/100\n|\n|upkeep\n|turn|2\n|\n|t:|1700571285\n|move|p1a: Jirachi|U-turn|p2a: Slowking\n|-supereffective|p2a: Slowking\n|-damage|p2a: Slowking|58\/100\n|\n|t:|1700571293\n|switch|p1a: Starmie|Starmie|100\/100|[from] U-turn\n|move|p2a: Slowking|Scald|p1a: Starmie\n|-resisted|p1a: Starmie\n|-damage|p1a: Starmie|80\/100\n|\n|upkeep\n|turn|3\n|\n|t:|1700571300\n|move|p1a: Starmie|Hydro Pump|p2a: Slowking\n|-resisted|p2a: Slowking\n|-damage|p2a: Slowking|44\/100\n|move|p2a: Slowking|Scald|p1a: Starmie\n|-resisted|p1a: Starmie\n|-damage|p1a: Starmie|61\/100\n|\n|upkeep\n|turn|4\n|\n|t:|1700571308\n|move|p1a: Starmie|Rapid Spin|p2a: Slowking\n|-damage|p2a: Slowking|36\/100\n|-boost|p1a: Starmie|spe|1\n|move|p2a: Slowking|Scald|p1a: Starmie\n|-resisted|p1a: Starmie\n|-damage|p1a: Starmie|41\/100\n|-status|p1a: Starmie|brn\n|\n|-damage|p1a: Starmie|35\/100 brn|[from] brn\n|upkeep\n|turn|5\n|\n|t:|1700571317\n|switch|p1a: Gastrodon|Gastrodon, F|100\/100\n|move|p2a: Slowking|Scald|p1a: Gastrodon\n|-ability|p1a: Gastrodon|Storm Drain|boost\n|-boost|p1a: Gastrodon|spa|1\n|\n|upkeep\n|turn|6\n|\n|t:|1700571325\n|switch|p2a: Hoopa|Hoopa-Unbound|100\/100\n|move|p1a: Gastrodon|Scald|p2a: Hoopa\n|-damage|p2a: Hoopa|63\/100\n|\n|upkeep\n|turn|7\n|\n|t:|1700571342\n|-zpower|p2a: Hoopa\n|move|p2a: Hoopa|All-Out Pummeling|p1a: Gastrodon|[zeffect]\n|-damage|p1a: Gastrodon|48\/100\n|move|p1a: Gastrodon|Scald|p2a: Hoopa\n|-damage|p2a: Hoopa|26\/100\n|-status|p2a: Hoopa|brn\n|\n|-heal|p1a: Gastrodon|54\/100|[from] item: Leftovers\n|-damage|p2a: Hoopa|20\/100 brn|[from] brn\n|upkeep\n|turn|8\n|\n|t:|1700571355\n|switch|p2a: Dragonite|Dragonite, M|100\/100\n|move|p1a: Gastrodon|Recover|p1a: Gastrodon\n|-heal|p1a: Gastrodon|100\/100\n|\n|upkeep\n|turn|9\n|\n|t:|1700571367\n|move|p2a: Dragonite|Outrage|p1a: Gastrodon\n|-damage|p1a: Gastrodon|0 fnt\n|faint|p1a: Gastrodon\n|\n|upkeep\n|\n|t:|1700571373\n|switch|p1a: Skarmory|Skarmory, M|100\/100\n|turn|10\n|\n|t:|1700571376\n|move|p2a: Dragonite|Outrage|p1a: Skarmory|[from]lockedmove\n|-resisted|p1a: Skarmory\n|-damage|p1a: Skarmory|67\/100\n|-start|p2a: Dragonite|confusion|[fatigue]\n|move|p1a: Skarmory|Stealth Rock|p2a: Dragonite\n|-sidestart|p2: baigu2|move: Stealth Rock\n|\n|-heal|p1a: Skarmory|73\/100|[from] item: Leftovers\n|upkeep\n|turn|11\n|\n|t:|1700571387\n|switch|p2a: Great Tusk|Great Tusk|100\/100\n|switch|p1a: Starmie|Starmie|35\/100 brn\n|\n|-damage|p1a: Starmie|28\/100 brn|[from] brn\n|upkeep\n|turn|12\n|\n|t:|1700571396\n|switch|p1a: Breloom|Breloom, F|100\/100\n|-end|p2a: Great Tusk|Protosynthesis|[silent]\n|switch|p2a: Slowking|Slowking, M|70\/100\n|-damage|p2a: Slowking|57\/100|[from] Stealth Rock\n|\n|upkeep\n|turn|13\n|\n|t:|1700571405\n|switch|p2a: Dragonite|Dragonite, M|100\/100\n|-damage|p2a: Dragonite|76\/100|[from] Stealth Rock\n|move|p1a: Breloom|Bullet Seed|p2a: Dragonite\n|-resisted|p2a: Dragonite\n|-damage|p2a: Dragonite|71\/100\n|-resisted|p2a: Dragonite\n|-damage|p2a: Dragonite|66\/100\n|-resisted|p2a: Dragonite\n|-damage|p2a: Dragonite|62\/100\n|-resisted|p2a: Dragonite\n|-damage|p2a: Dragonite|58\/100\n|-hitcount|p2a: Dragonite|4\n|\n|upkeep\n|turn|14\n|\n|t:|1700571417\n|switch|p1a: Houndoom|Houndoom, F|100\/100\n|move|p2a: Dragonite|Extreme Speed|p1a: Houndoom\n|-damage|p1a: Houndoom|9\/100\n|\n|upkeep\n|turn|15\n|\n|t:|1700571425\n|move|p2a: Dragonite|Extreme Speed|p1a: Houndoom\n|-damage|p1a: Houndoom|0 fnt\n|faint|p1a: Houndoom\n|\n|upkeep\n|j| fn_etf f_\n|j| xsk123\n|\n|t:|1700571436\n|switch|p1a: Jirachi|Jirachi|74\/100\n|turn|16\n|\n|t:|1700571442\n|switch|p2a: Tapu Koko|Tapu Koko|100\/100\n|-damage|p2a: Tapu Koko|88\/100|[from] Stealth Rock\n|-fieldstart|move: Electric Terrain|[from] ability: Electric Surge|[of] p2a: Tapu Koko\n|move|p1a: Jirachi|U-turn|p2a: Tapu Koko\n|-resisted|p2a: Tapu Koko\n|-damage|p2a: Tapu Koko|73\/100\n|-message|cliffy91 forfeited.\n|\n|win|baigu2\n|raw|cliffy91's rating: 1671 &rarr; <strong>1654<\/strong><br \/>(-17 for losing)\n|raw|baigu2's rating: 1718 &rarr; <strong>1735<\/strong><br \/>(+17 for winning)\n|l|\u2606cliffy91\n","uploadtime":1700571447,"views":0,"p1id":"cliffy91","p2id":"baigu2","formatid":"gen9nationaldex","rating":1654,"private":0,"password":""}