{"id":"gen9nationaldex-1987520921","p1":"fengfengzuikeai","p2":"Sirrawrzy","format":"[Gen 9] National Dex","log":"|j|\u2606fengfengzuikeai\n|j|\u2606Sirrawrzy\n|t:|1699605811\n|gametype|singles\n|player|p1|fengfengzuikeai|1|1681\n|player|p2|Sirrawrzy|emmet|1589\n|teamsize|p1|6\n|teamsize|p2|6\n|gen|9\n|tier|[Gen 9] National Dex\n|rated|\n|rule|HP Percentage Mod: HP is shown in percentages\n|rule|Endless Battle Clause: Forcing endless battles is banned\n|rule|OHKO Clause: OHKO moves are banned\n|rule|Evasion Clause: Evasion abilities, items, and moves are banned\n|rule|Evasion Abilities Clause: Evasion abilities are banned\n|rule|Evasion Items Clause: Evasion items are banned\n|rule|Evasion Moves Clause: Evasion moves are banned\n|rule|Species Clause: Limit one of each Pok\u00e9mon\n|rule|Sleep Clause Mod: Limit one foe put to sleep\n|clearpoke\n|poke|p1|Urshifu-*, F|\n|poke|p1|Garchomp, F|\n|poke|p1|Zapdos|\n|poke|p1|Blaziken, F|\n|poke|p1|Rillaboom, M|\n|poke|p1|Slowking, F|\n|poke|p2|Ninetales, M|\n|poke|p2|Venusaur, M|\n|poke|p2|Jolteon, F|\n|poke|p2|Blastoise, M|\n|poke|p2|Rhydon, F|\n|poke|p2|Dragonite, M|\n|teampreview\n|\n|t:|1699605817\n|start\n|switch|p1a: Slowking|Slowking, F|100\/100\n|switch|p2a: Rhydon|Rhydon, F, shiny|100\/100\n|turn|1\n|\n|t:|1699605820\n|move|p2a: Rhydon|Stealth Rock|p1a: Slowking\n|-sidestart|p1: fengfengzuikeai|move: Stealth Rock\n|move|p1a: Slowking|Scald|p2a: Rhydon\n|-supereffective|p2a: Rhydon\n|-damage|p2a: Rhydon|28\/100\n|-status|p2a: Rhydon|brn\n|\n|-damage|p2a: Rhydon|22\/100 brn|[from] brn\n|upkeep\n|turn|2\n|\n|t:|1699605832\n|switch|p2a: Jolteon|Jolteon, F, shiny|100\/100\n|move|p1a: Slowking|Future Sight|p2a: Jolteon\n|-start|p1a: Slowking|move: Future Sight\n|\n|-status|p2a: Jolteon|brn|[from] item: Flame Orb\n|upkeep\n|turn|3\n|\n|t:|1699605842\n|move|p2a: Jolteon|Copycat|p2a: Jolteon\n|move|p2a: Jolteon|Future Sight|p1a: Slowking|[from]move: Copycat\n|-start|p2a: Jolteon|move: Future Sight\n|move|p1a: Slowking|Chilly Reception|p1a: Slowking\n|-weather|Snow\n|\n|t:|1699605860\n|switch|p1a: Urshifu|Urshifu-Rapid-Strike, F|100\/100|[from] Chilly Reception\n|-damage|p1a: Urshifu|94\/100|[from] Stealth Rock\n|\n|-weather|Snow|[upkeep]\n|-damage|p2a: Jolteon|94\/100 brn|[from] brn\n|upkeep\n|turn|4\n|\n|t:|1699605867\n|-terastallize|p1a: Urshifu|Water\n|move|p2a: Jolteon|Volt Switch|p1a: Urshifu\n|-supereffective|p1a: Urshifu\n|-damage|p1a: Urshifu|1\/100\n|\n|t:|1699605872\n|switch|p2a: Blastoise|Blastoise, M, shiny|100\/100|[from] Volt Switch\n|move|p1a: Urshifu|Surging Strikes|p2a: Blastoise\n|-resisted|p2a: Blastoise\n|-crit|p2a: Blastoise\n|-damage|p2a: Blastoise|91\/100\n|-resisted|p2a: Blastoise\n|-crit|p2a: Blastoise\n|-damage|p2a: Blastoise|81\/100\n|-resisted|p2a: Blastoise\n|-crit|p2a: Blastoise\n|-damage|p2a: Blastoise|72\/100\n|-hitcount|p2a: Blastoise|3\n|\n|-weather|Snow|[upkeep]\n|-end|p2a: Blastoise|move: Future Sight\n|-damage|p2a: Blastoise|49\/100\n|upkeep\n|turn|5\n|\n|t:|1699605877\n|move|p1a: Urshifu|Surging Strikes|p2a: Blastoise\n|-resisted|p2a: Blastoise\n|-crit|p2a: Blastoise\n|-damage|p2a: Blastoise|39\/100\n|-resisted|p2a: Blastoise\n|-crit|p2a: Blastoise\n|-damage|p2a: Blastoise|29\/100\n|-resisted|p2a: Blastoise\n|-crit|p2a: Blastoise\n|-damage|p2a: Blastoise|21\/100\n|-hitcount|p2a: Blastoise|3\n|move|p2a: Blastoise|Flip Turn|p1a: Urshifu\n|-resisted|p1a: Urshifu\n|-damage|p1a: Urshifu|0 fnt\n|faint|p1a: Urshifu\n|\n|t:|1699605883\n|switch|p2a: Jolteon|Jolteon, F, shiny|94\/100 brn|[from] Flip Turn\n|\n|-weather|Snow|[upkeep]\n|-hint|Future Sight did not hit because the target is fainted.\n|-damage|p2a: Jolteon|88\/100 brn|[from] brn\n|upkeep\n|\n|t:|1699605895\n|switch|p1a: Rillaboom|Rillaboom, M|100\/100\n|-damage|p1a: Rillaboom|88\/100|[from] Stealth Rock\n|-fieldstart|move: Grassy Terrain|[from] ability: Grassy Surge|[of] p1a: Rillaboom\n|turn|6\n|\n|t:|1699605903\n|move|p1a: Rillaboom|Grassy Glide|p2a: Jolteon\n|-crit|p2a: Jolteon\n|-damage|p2a: Jolteon|0 fnt\n|faint|p2a: Jolteon\n|\n|-weather|Snow|[upkeep]\n|-heal|p1a: Rillaboom|94\/100|[from] Grassy Terrain\n|-heal|p1a: Rillaboom|100\/100|[from] item: Leftovers\n|upkeep\n|\n|t:|1699605915\n|switch|p2a: Dragonite|Dragonite, M, shiny|100\/100\n|turn|7\n|\n|t:|1699605918\n|switch|p1a: Zapdos|Zapdos|100\/100\n|move|p2a: Dragonite|Curse|p2a: Dragonite\n|-unboost|p2a: Dragonite|spe|1\n|-boost|p2a: Dragonite|atk|1\n|-boost|p2a: Dragonite|def|1\n|\n|-weather|none\n|upkeep\n|turn|8\n|\n|t:|1699605921\n|move|p1a: Zapdos|Toxic|p2a: Dragonite\n|-status|p2a: Dragonite|tox\n|move|p2a: Dragonite|Curse|p2a: Dragonite\n|-unboost|p2a: Dragonite|spe|1\n|-boost|p2a: Dragonite|atk|1\n|-boost|p2a: Dragonite|def|1\n|\n|-damage|p2a: Dragonite|94\/100 tox|[from] psn\n|upkeep\n|turn|9\n|\n|t:|1699605925\n|-terastallize|p2a: Dragonite|Normal\n|move|p1a: Zapdos|Defog|p2a: Dragonite\n|-unboost|p2a: Dragonite|evasion|1\n|-sideend|p1: fengfengzuikeai|Stealth Rock|[from] move: Defog|[of] p1a: Zapdos\n|-fieldend|move: Grassy Terrain\n|move|p2a: Dragonite|Curse|p2a: Dragonite\n|-unboost|p2a: Dragonite|spe|1\n|-boost|p2a: Dragonite|atk|1\n|-boost|p2a: Dragonite|def|1\n|\n|-heal|p2a: Dragonite|100\/100 tox|[from] item: Leftovers\n|-damage|p2a: Dragonite|88\/100 tox|[from] psn\n|upkeep\n|turn|10\n|\n|t:|1699605933\n|move|p1a: Zapdos|Volt Switch|p2a: Dragonite\n|-damage|p2a: Dragonite|55\/100 tox\n|\n|t:|1699605938\n|switch|p1a: Blaziken|Blaziken, F|100\/100|[from] Volt Switch\n|move|p2a: Dragonite|Dual Wingbeat|p1a: Blaziken\n|-supereffective|p1a: Blaziken\n|-damage|p1a: Blaziken|0 fnt\n|faint|p1a: Blaziken\n|-hitcount|p1: Blaziken|1\n|\n|-heal|p2a: Dragonite|61\/100 tox|[from] item: Leftovers\n|-damage|p2a: Dragonite|43\/100 tox|[from] psn\n|upkeep\n|\n|t:|1699605946\n|switch|p1a: Slowking|Slowking, F|100\/100\n|turn|11\n|\n|t:|1699605950\n|switch|p1a: Zapdos|Zapdos|100\/100\n|move|p2a: Dragonite|Dual Wingbeat|p1a: Zapdos\n|-resisted|p1a: Zapdos\n|-damage|p1a: Zapdos|71\/100\n|-resisted|p1a: Zapdos\n|-damage|p1a: Zapdos|41\/100\n|-hitcount|p1a: Zapdos|2\n|\n|-heal|p2a: Dragonite|49\/100 tox|[from] item: Leftovers\n|-damage|p2a: Dragonite|24\/100 tox|[from] psn\n|upkeep\n|turn|12\n|\n|t:|1699605957\n|move|p2a: Dragonite|Extreme Speed|p1a: Zapdos\n|-damage|p1a: Zapdos|0 fnt\n|faint|p1a: Zapdos\n|\n|-heal|p2a: Dragonite|30\/100 tox|[from] item: Leftovers\n|-damage|p2a: Dragonite|0 fnt|[from] psn\n|faint|p2a: Dragonite\n|upkeep\n|\n|t:|1699605967\n|switch|p1a: Garchomp|Garchomp, F|100\/100\n|switch|p2a: Venusaur|Venusaur, M, shiny|100\/100\n|turn|13\n|\n|t:|1699605971\n|detailschange|p1a: Garchomp|Garchomp-Mega, F\n|-mega|p1a: Garchomp|Garchomp|Garchompite\n|move|p2a: Venusaur|Giga Drain|p1a: Garchomp\n|-damage|p1a: Garchomp|60\/100\n|-damage|p2a: Venusaur|91\/100|[from] item: Life Orb\n|move|p1a: Garchomp|Fire Blast|p2a: Venusaur\n|-supereffective|p2a: Venusaur\n|-damage|p2a: Venusaur|19\/100\n|\n|upkeep\n|turn|14\n|\n|t:|1699605980\n|switch|p2a: Blastoise|Blastoise, M, shiny|21\/100\n|move|p1a: Garchomp|Earth Power|p2a: Blastoise\n|-damage|p2a: Blastoise|0 fnt\n|faint|p2a: Blastoise\n|\n|upkeep\n|\n|t:|1699605984\n|switch|p2a: Ninetales|Ninetales, M, shiny|100\/100\n|-weather|SunnyDay|[from] ability: Drought|[of] p2a: Ninetales\n|turn|15\n|\n|t:|1699605999\n|switch|p2a: Rhydon|Rhydon, F, shiny|22\/100 brn\n|move|p1a: Garchomp|Stealth Rock|p2a: Rhydon\n|-sidestart|p2: Sirrawrzy|move: Stealth Rock\n|\n|-weather|SunnyDay|[upkeep]\n|-damage|p2a: Rhydon|16\/100 brn|[from] brn\n|upkeep\n|turn|16\n|\n|t:|1699606002\n|move|p1a: Garchomp|Earth Power|p2a: Rhydon\n|-supereffective|p2a: Rhydon\n|-damage|p2a: Rhydon|0 fnt\n|faint|p2a: Rhydon\n|\n|-weather|SunnyDay|[upkeep]\n|upkeep\n|\n|t:|1699606014\n|switch|p2a: Ninetales|Ninetales, M, shiny|100\/100\n|-damage|p2a: Ninetales|76\/100|[from] Stealth Rock\n|turn|17\n|\n|t:|1699606023\n|switch|p1a: Slowking|Slowking, F|100\/100\n|move|p2a: Ninetales|Healing Wish|p2a: Ninetales\n|faint|p2a: Ninetales\n|\n|-weather|SunnyDay|[upkeep]\n|upkeep\n|\n|t:|1699606025\n|switch|p2a: Venusaur|Venusaur, M, shiny|19\/100\n|-heal|p2a: Venusaur|100\/100|[from] move: Healing Wish\n|-damage|p2a: Venusaur|88\/100|[from] Stealth Rock\n|turn|18\n|\n|t:|1699606029\n|move|p2a: Venusaur|Giga Drain|p1a: Slowking\n|-supereffective|p1a: Slowking\n|-damage|p1a: Slowking|44\/100\n|-heal|p2a: Venusaur|100\/100|[from] drain|[of] p1a: Slowking\n|-damage|p2a: Venusaur|91\/100|[from] item: Life Orb\n|move|p1a: Slowking|Future Sight|p2a: Venusaur\n|-start|p1a: Slowking|move: Future Sight\n|\n|-weather|SunnyDay|[upkeep]\n|upkeep\n|turn|19\n|\n|t:|1699606034\n|switch|p1a: Rillaboom|Rillaboom, M|100\/100\n|-fieldstart|move: Grassy Terrain|[from] ability: Grassy Surge|[of] p1a: Rillaboom\n|move|p2a: Venusaur|Giga Drain|p1a: Rillaboom\n|-resisted|p1a: Rillaboom\n|-damage|p1a: Rillaboom|68\/100\n|-heal|p2a: Venusaur|100\/100|[from] drain|[of] p1a: Rillaboom\n|-damage|p2a: Venusaur|91\/100|[from] item: Life Orb\n|\n|-weather|none\n|-heal|p2a: Venusaur|97\/100|[from] Grassy Terrain\n|-heal|p1a: Rillaboom|74\/100|[from] Grassy Terrain\n|-heal|p1a: Rillaboom|80\/100|[from] item: Leftovers\n|upkeep\n|turn|20\n|\n|t:|1699606037\n|move|p2a: Venusaur|Giga Drain|p1a: Rillaboom\n|-resisted|p1a: Rillaboom\n|-damage|p1a: Rillaboom|45\/100\n|-heal|p2a: Venusaur|100\/100|[from] drain|[of] p1a: Rillaboom\n|-damage|p2a: Venusaur|91\/100|[from] item: Life Orb\n|move|p1a: Rillaboom|Knock Off|p2a: Venusaur\n|-damage|p2a: Venusaur|46\/100\n|-enditem|p2a: Venusaur|Life Orb|[from] move: Knock Off|[of] p1a: Rillaboom\n|\n|-end|p2a: Venusaur|move: Future Sight\n|-supereffective|p2a: Venusaur\n|-damage|p2a: Venusaur|0 fnt\n|faint|p2a: Venusaur\n|\n|win|fengfengzuikeai\n|upkeep\n|raw|fengfengzuikeai's rating: 1681 &rarr; <strong>1696<\/strong><br \/>(+15 for winning)\n|raw|Sirrawrzy's rating: 1589 &rarr; <strong>1574<\/strong><br \/>(-15 for losing)\n|l|\u2606Sirrawrzy\n","uploadtime":1699606042,"views":4,"p1id":"fengfengzuikeai","p2id":"sirrawrzy","formatid":"gen9nationaldex","rating":1574,"private":0,"password":""}