{"id":"gen9nationaldex-1989059685","p1":"Escaliburito","p2":"Orujo2","format":"[Gen 9] National Dex","log":"|j|\u2606Escaliburito\n|j|\u2606Orujo2\n|t:|1699807713\n|gametype|singles\n|player|p1|Escaliburito|swimmerf-gen4|\n|player|p2|Orujo2|hiker-gen4|\n|teamsize|p1|6\n|teamsize|p2|6\n|gen|9\n|tier|[Gen 9] National Dex\n|rule|HP Percentage Mod: HP is shown in percentages\n|rule|Endless Battle Clause: Forcing endless battles is banned\n|rule|OHKO Clause: OHKO moves are banned\n|rule|Evasion Clause: Evasion abilities, items, and moves are banned\n|rule|Evasion Abilities Clause: Evasion abilities are banned\n|rule|Evasion Items Clause: Evasion items are banned\n|rule|Evasion Moves Clause: Evasion moves are banned\n|rule|Species Clause: Limit one of each Pok\u00e9mon\n|rule|Sleep Clause Mod: Limit one foe put to sleep\n|clearpoke\n|poke|p1|Sceptile, M|\n|poke|p1|Gallade, M|\n|poke|p1|Dragonite, M|\n|poke|p1|Iron Moth|\n|poke|p1|Barraskewda, M|\n|poke|p1|Kleavor, M|\n|poke|p2|Swampert, F|\n|poke|p2|Tapu Koko|\n|poke|p2|Garchomp, M|\n|poke|p2|Kartana|\n|poke|p2|Volcarona, F|\n|poke|p2|Meowscarada, M|\n|teampreview\n|j| Guillarco28\n|\n|t:|1699807737\n|start\n|switch|p1a: Mi veivi|Sceptile, M|100\/100\n|switch|p2a: Swagmpert|Swampert, F, shiny|100\/100\n|turn|1\n|\n|t:|1699807753\n|detailschange|p1a: Mi veivi|Sceptile-Mega, M\n|-mega|p1a: Mi veivi|Sceptile|Sceptilite\n|-terastallize|p2a: Swagmpert|Electric\n|move|p1a: Mi veivi|Leaf Storm|p2a: Swagmpert\n|-damage|p2a: Swagmpert|50\/100\n|-unboost|p1a: Mi veivi|spa|2\n|-enditem|p2a: Swagmpert|Sitrus Berry|[eat]\n|-heal|p2a: Swagmpert|75\/100|[from] item: Sitrus Berry\n|move|p2a: Swagmpert|Stealth Rock|p1a: Mi veivi\n|-sidestart|p1: Escaliburito|move: Stealth Rock\n|\n|upkeep\n|turn|2\n|\n|t:|1699807784\n|move|p1a: Mi veivi|Earthquake|p2a: Swagmpert\n|-supereffective|p2a: Swagmpert\n|-damage|p2a: Swagmpert|31\/100\n|move|p2a: Swagmpert|Ice Punch|p1a: Mi veivi\n|-supereffective|p1a: Mi veivi\n|-damage|p1a: Mi veivi|0 fnt\n|faint|p1a: Mi veivi\n|\n|upkeep\n|\n|t:|1699807812\n|switch|p1a: Invadir Marruecos|Gallade, M, shiny|100\/100\n|-damage|p1a: Invadir Marruecos|94\/100|[from] Stealth Rock\n|turn|3\n|\n|t:|1699807870\n|switch|p2a: Pasa la papela|Kartana|100\/100\n|move|p1a: Invadir Marruecos|Earthquake|p2a: Pasa la papela\n|-damage|p2a: Pasa la papela|65\/100\n|\n|upkeep\n|turn|4\n|\n|t:|1699807903\n|switch|p1a: Rascador|Iron Moth, shiny|100\/100\n|-damage|p1a: Rascador|76\/100|[from] Stealth Rock\n|-enditem|p1a: Rascador|Booster Energy\n|-activate|p1a: Rascador|ability: Quark Drive|[fromitem]\n|-start|p1a: Rascador|quarkdrivespa\n|move|p2a: Pasa la papela|Aerial Ace|p1a: Rascador\n|-damage|p1a: Rascador|28\/100\n|\n|upkeep\n|turn|5\n|\n|t:|1699807933\n|move|p1a: Rascador|Fiery Dance|p2a: Pasa la papela\n|-supereffective|p2a: Pasa la papela\n|-crit|p2a: Pasa la papela\n|-damage|p2a: Pasa la papela|0 fnt\n|faint|p2a: Pasa la papela\n|\n|upkeep\n|\n|t:|1699807950\n|switch|p2a: Swagmpert|Swampert, F, shiny, tera:Electric|31\/100\n|turn|6\n|\n|t:|1699807987\n|move|p1a: Rascador|Fiery Dance|p2a: Swagmpert\n|-damage|p2a: Swagmpert|0 fnt\n|faint|p2a: Swagmpert\n|\n|upkeep\n|\n|t:|1699807996\n|switch|p2a: Garch\u00f3n|Garchomp, M, shiny|100\/100\n|turn|7\n|c|\u2606Escaliburito|en fin\n|\n|t:|1699808012\n|detailschange|p2a: Garch\u00f3n|Garchomp-Mega, M, shiny\n|-mega|p2a: Garch\u00f3n|Garchomp|Garchompite\n|move|p1a: Rascador|Dazzling Gleam|p2a: Garch\u00f3n\n|-supereffective|p2a: Garch\u00f3n\n|-damage|p2a: Garch\u00f3n|22\/100\n|move|p2a: Garch\u00f3n|Earthquake|p1a: Rascador\n|-supereffective|p1a: Rascador\n|-damage|p1a: Rascador|0 fnt\n|faint|p1a: Rascador\n|-end|p1a: Rascador|Quark Drive|[silent]\n|\n|upkeep\n|\n|t:|1699808035\n|switch|p1a: Yoshi de Hacendado|Dragonite, M, shiny|100\/100\n|-damage|p1a: Yoshi de Hacendado|76\/100|[from] Stealth Rock\n|turn|8\n|\n|t:|1699808057\n|-terastallize|p1a: Yoshi de Hacendado|Normal\n|move|p1a: Yoshi de Hacendado|Extreme Speed|p2a: Garch\u00f3n\n|-damage|p2a: Garch\u00f3n|0 fnt\n|faint|p2a: Garch\u00f3n\n|\n|upkeep\n|\n|t:|1699808077\n|switch|p2a: TAPU G.O.A.T.|Tapu Koko, shiny|100\/100\n|-fieldstart|move: Electric Terrain|[from] ability: Electric Surge|[of] p2a: TAPU G.O.A.T.\n|turn|9\n|\n|t:|1699808116\n|move|p2a: TAPU G.O.A.T.|Thunderbolt|p1a: Yoshi de Hacendado\n|-damage|p1a: Yoshi de Hacendado|45\/100\n|-status|p1a: Yoshi de Hacendado|par\n|cant|p1a: Yoshi de Hacendado|par\n|\n|upkeep\n|turn|10\n|c|\u2606Escaliburito|no puedo con mi vida\n|\n|t:|1699808134\n|move|p2a: TAPU G.O.A.T.|Thunderbolt|p1a: Yoshi de Hacendado\n|-damage|p1a: Yoshi de Hacendado|17\/100 par\n|move|p1a: Yoshi de Hacendado|Earthquake|p2a: TAPU G.O.A.T.\n|-supereffective|p2a: TAPU G.O.A.T.\n|-enditem|p2a: TAPU G.O.A.T.|Focus Sash\n|-damage|p2a: TAPU G.O.A.T.|1\/100\n|\n|upkeep\n|turn|11\n|\n|t:|1699808143\n|move|p1a: Yoshi de Hacendado|Extreme Speed|p2a: TAPU G.O.A.T.\n|-damage|p2a: TAPU G.O.A.T.|0 fnt\n|faint|p2a: TAPU G.O.A.T.\n|\n|upkeep\n|\n|t:|1699808148\n|switch|p2a: El Polillo|Volcarona, F|100\/100\n|turn|12\n|c|\u2606Orujo2|no vamo a la B\n|\n|t:|1699808165\n|cant|p1a: Yoshi de Hacendado|par\n|move|p2a: El Polillo|Fiery Dance|p1a: Yoshi de Hacendado\n|-damage|p1a: Yoshi de Hacendado|0 fnt\n|faint|p1a: Yoshi de Hacendado\n|\n|upkeep\n|\n|t:|1699808173\n|switch|p1a: Txapote|Kleavor, M, shiny|100\/100\n|-damage|p1a: Txapote|76\/100|[from] Stealth Rock\n|turn|13\n|\n|t:|1699808185\n|move|p1a: Txapote|Stone Axe|p2a: El Polillo\n|-supereffective|p2a: El Polillo\n|-damage|p2a: El Polillo|0 fnt\n|-sidestart|p2: Orujo2|move: Stealth Rock\n|faint|p2a: El Polillo\n|\n|-fieldend|move: Electric Terrain\n|upkeep\n|\n|t:|1699808191\n|switch|p2a: Es un Garchomp|Meowscarada, M|100\/100\n|-damage|p2a: Es un Garchomp|88\/100|[from] Stealth Rock\n|turn|14\n|\n|t:|1699808209\n|switch|p1a: Invadir Marruecos|Gallade, M, shiny|94\/100\n|-damage|p1a: Invadir Marruecos|88\/100|[from] Stealth Rock\n|move|p2a: Es un Garchomp|Low Kick|p1a: Invadir Marruecos\n|-resisted|p1a: Invadir Marruecos\n|-damage|p1a: Invadir Marruecos|59\/100\n|-damage|p2a: Es un Garchomp|78\/100|[from] item: Life Orb\n|\n|upkeep\n|turn|15\n|\n|t:|1699808237\n|move|p1a: Invadir Marruecos|Close Combat|p2a: Es un Garchomp\n|-supereffective|p2a: Es un Garchomp\n|-damage|p2a: Es un Garchomp|0 fnt\n|-unboost|p1a: Invadir Marruecos|def|1\n|-unboost|p1a: Invadir Marruecos|spd|1\n|faint|p2a: Es un Garchomp\n|\n|win|Escaliburito\n|c|\u2606Escaliburito|GG\n|c|\u2606Orujo2|gg\n","uploadtime":1699808257,"views":16,"p1id":"escaliburito","p2id":"orujo2","formatid":"gen9nationaldex","rating":0,"private":0,"password":""}