{"id":"gen9nationaldex-1989390821","p1":"chuntaro-kun","p2":"CowmanderJBBWN","format":"[Gen 9] National Dex","log":"|j|\u2606chuntaro-kun\n|j|\u2606CowmanderJBBWN\n|t:|1699844242\n|gametype|singles\n|player|p1|chuntaro-kun|carmine-festival|1311\n|player|p2|CowmanderJBBWN|janitor|1333\n|teamsize|p1|6\n|teamsize|p2|6\n|gen|9\n|tier|[Gen 9] National Dex\n|rated|\n|rule|HP Percentage Mod: HP is shown in percentages\n|rule|Endless Battle Clause: Forcing endless battles is banned\n|rule|OHKO Clause: OHKO moves are banned\n|rule|Evasion Clause: Evasion abilities, items, and moves are banned\n|rule|Evasion Abilities Clause: Evasion abilities are banned\n|rule|Evasion Items Clause: Evasion items are banned\n|rule|Evasion Moves Clause: Evasion moves are banned\n|rule|Species Clause: Limit one of each Pok\u00e9mon\n|rule|Sleep Clause Mod: Limit one foe put to sleep\n|clearpoke\n|poke|p1|Ogerpon, F|\n|poke|p1|Heatran, F|\n|poke|p1|Zamazenta-*|\n|poke|p1|Tapu Lele|\n|poke|p1|Samurott-Hisui, M|\n|poke|p1|Landorus-Therian, M|\n|poke|p2|Basculegion, M|\n|poke|p2|Meloetta|\n|poke|p2|Okidogi, M|\n|poke|p2|Meowscarada, F|\n|poke|p2|Zarude-Dada|\n|poke|p2|Tornadus-Therian, M|\n|teampreview\n|inactive|Battle timer is ON: inactive players will automatically lose when time's up. (requested by chuntaro-kun)\n|c|\u2606chuntaro-kun|wow\n|c|\u2606chuntaro-kun|all green ??\n|\n|t:|1699844260\n|start\n|switch|p1a: Tapu Lele|Tapu Lele, shiny|100\/100\n|switch|p2a: Epic fish|Basculegion, M, shiny|100\/100\n|-fieldstart|move: Psychic Terrain|[from] ability: Psychic Surge|[of] p1a: Tapu Lele\n|turn|1\n|c|\u2606CowmanderJBBWN|yep+\n|c|\u2606CowmanderJBBWN|yep!\n|c|\u2606chuntaro-kun|nice\n|\n|t:|1699844274\n|move|p1a: Tapu Lele|Moonblast|p2a: Epic fish\n|-damage|p2a: Epic fish|49\/100\n|move|p2a: Epic fish|Phantom Force||[still]\n|-prepare|p2a: Epic fish|Phantom Force\n|\n|upkeep\n|turn|2\n|\n|t:|1699844282\n|switch|p1a: Landorus|Landorus-Therian, M|100\/100\n|-ability|p1a: Landorus|Intimidate|boost\n|-unboost|p2a: Epic fish|atk|1\n|move|p2a: Epic fish|Phantom Force|p1a: Landorus|[from]lockedmove\n|-damage|p1a: Landorus|68\/100\n|-damage|p2a: Epic fish|33\/100|[from] item: Rocky Helmet|[of] p1a: Landorus\n|-damage|p2a: Epic fish|23\/100|[from] item: Life Orb\n|\n|upkeep\n|turn|3\n|\n|t:|1699844292\n|move|p2a: Epic fish|Wave Crash|p1a: Landorus\n|-supereffective|p1a: Landorus\n|-damage|p1a: Landorus|0 fnt\n|-damage|p2a: Epic fish|6\/100|[from] item: Rocky Helmet|[of] p1a: Landorus\n|faint|p1a: Landorus\n|-damage|p2a: Epic fish|0 fnt|[from] Recoil\n|faint|p2a: Epic fish\n|\n|upkeep\n|\n|t:|1699844305\n|switch|p2a: Magic Cat|Meowscarada, F, shiny|100\/100\n|switch|p1a: Heatran|Heatran, F, shiny|100\/100\n|turn|4\n|\n|t:|1699844314\n|move|p2a: Magic Cat|Trick|p1a: Heatran\n|-start|p2a: Magic Cat|typechange|Psychic|[from] ability: Protean\n|-activate|p2a: Magic Cat|move: Trick|[of] p1a: Heatran\n|-item|p1a: Heatran|Choice Scarf|[from] move: Trick\n|-item|p2a: Magic Cat|Leftovers|[from] move: Trick\n|move|p1a: Heatran|Stealth Rock|p2a: Magic Cat\n|-sidestart|p2: CowmanderJBBWN|move: Stealth Rock\n|\n|upkeep\n|turn|5\n|\n|t:|1699844327\n|switch|p1a: Samurott|Samurott-Hisui, M|100\/100\n|move|p2a: Magic Cat|Flower Trick|p1a: Samurott\n|-supereffective|p1a: Samurott\n|-crit|p1a: Samurott\n|-damage|p1a: Samurott|16\/100\n|\n|-fieldend|move: Psychic Terrain\n|upkeep\n|turn|6\n|\n|t:|1699844337\n|move|p1a: Samurott|Sucker Punch||[still]\n|-fail|p1a: Samurott\n|move|p2a: Magic Cat|Trick|p1a: Samurott\n|-activate|p2a: Magic Cat|move: Trick|[of] p1a: Samurott\n|-item|p1a: Samurott|Leftovers|[from] move: Trick\n|-item|p2a: Magic Cat|Black Glasses|[from] move: Trick\n|\n|-heal|p1a: Samurott|22\/100|[from] item: Leftovers\n|upkeep\n|turn|7\n|c|\u2606chuntaro-kun|...\n|c|\u2606chuntaro-kun|??\n|\n|t:|1699844352\n|move|p1a: Samurott|Sucker Punch|p2a: Magic Cat\n|-supereffective|p2a: Magic Cat\n|-damage|p2a: Magic Cat|6\/100\n|move|p2a: Magic Cat|U-turn|p1a: Samurott\n|-supereffective|p1a: Samurott\n|-damage|p1a: Samurott|0 fnt\n|faint|p1a: Samurott\n|c|\u2606CowmanderJBBWN|to not get sucker punched\n|c|\u2606chuntaro-kun|..\n|c|\u2606chuntaro-kun|smart lucky\n|\n|t:|1699844375\n|switch|p2a: Mustache bird|Tornadus-Therian, M|100\/100|[from] U-turn\n|\n|upkeep\n|\n|t:|1699844382\n|switch|p1a: Tapu Lele|Tapu Lele, shiny|100\/100\n|-fieldstart|move: Psychic Terrain|[from] ability: Psychic Surge|[of] p1a: Tapu Lele\n|turn|8\n|c|\u2606CowmanderJBBWN|yeah that was very lucky\n|\n|t:|1699844387\n|move|p1a: Tapu Lele|Moonblast|p2a: Mustache bird\n|-damage|p2a: Mustache bird|39\/100\n|move|p2a: Mustache bird|Defog|p1a: Tapu Lele\n|-unboost|p1a: Tapu Lele|evasion|1\n|-sideend|p2: CowmanderJBBWN|Stealth Rock|[from] move: Defog|[of] p2a: Mustache bird\n|-fieldend|move: Psychic Terrain\n|\n|upkeep\n|turn|9\n|c|\u2606chuntaro-kun|mhm\n|\n|t:|1699844393\n|switch|p1a: Heatran|Heatran, F, shiny|100\/100\n|move|p2a: Mustache bird|Bleakwind Storm|p1a: Heatran\n|-resisted|p1a: Heatran\n|-damage|p1a: Heatran|85\/100\n|\n|upkeep\n|turn|10\n|\n|t:|1699844400\n|move|p2a: Mustache bird|Bleakwind Storm|p1a: Heatran|[miss]\n|-miss|p2a: Mustache bird|p1a: Heatran\n|move|p1a: Heatran|Stealth Rock|p2a: Mustache bird\n|-sidestart|p2: CowmanderJBBWN|move: Stealth Rock\n|\n|upkeep\n|turn|11\n|\n|t:|1699844410\n|switch|p1a: Tapu Lele|Tapu Lele, shiny|100\/100\n|-fieldstart|move: Psychic Terrain|[from] ability: Psychic Surge|[of] p1a: Tapu Lele\n|move|p2a: Mustache bird|Defog|p1a: Tapu Lele\n|-unboost|p1a: Tapu Lele|evasion|1\n|-sideend|p2: CowmanderJBBWN|Stealth Rock|[from] move: Defog|[of] p2a: Mustache bird\n|-fieldend|move: Psychic Terrain\n|\n|upkeep\n|turn|12\n|\n|t:|1699844416\n|move|p1a: Tapu Lele|Moonblast|p2a: Mustache bird\n|-damage|p2a: Mustache bird|0 fnt\n|faint|p2a: Mustache bird\n|\n|upkeep\n|\n|t:|1699844420\n|switch|p2a: Magic Cat|Meowscarada, F, shiny|6\/100\n|turn|13\n|\n|t:|1699844426\n|move|p1a: Tapu Lele|Moonblast|p2a: Magic Cat\n|-supereffective|p2a: Magic Cat\n|-damage|p2a: Magic Cat|0 fnt\n|faint|p2a: Magic Cat\n|\n|upkeep\n|c|\u2606CowmanderJBBWN|oh its scarfed im dum lmao\n|\n|t:|1699844448\n|switch|p2a: Shes on Vocal Rest|Meloetta|100\/100\n|turn|14\n|\n|t:|1699844457\n|switch|p1a: Heatran|Heatran, F, shiny|85\/100\n|-zpower|p2a: Shes on Vocal Rest\n|move|p2a: Shes on Vocal Rest|Z-Celebrate|p2a: Shes on Vocal Rest|[anim]Celebrate\n|-boost|p2a: Shes on Vocal Rest|atk|1|[zeffect]\n|-boost|p2a: Shes on Vocal Rest|def|1|[zeffect]\n|-boost|p2a: Shes on Vocal Rest|spa|1|[zeffect]\n|-boost|p2a: Shes on Vocal Rest|spd|1|[zeffect]\n|-boost|p2a: Shes on Vocal Rest|spe|1|[zeffect]\n|-activate|p2a: Shes on Vocal Rest|move: Celebrate\n|\n|upkeep\n|turn|15\n|\n|t:|1699844461\n|move|p2a: Shes on Vocal Rest|Calm Mind|p2a: Shes on Vocal Rest\n|-boost|p2a: Shes on Vocal Rest|spa|1\n|-boost|p2a: Shes on Vocal Rest|spd|1\n|move|p1a: Heatran|Magma Storm|p2a: Shes on Vocal Rest\n|-damage|p2a: Shes on Vocal Rest|86\/100\n|-activate|p2a: Shes on Vocal Rest|move: Magma Storm|[of] p1a: Heatran\n|\n|-damage|p2a: Shes on Vocal Rest|74\/100|[from] move: Magma Storm|[partiallytrapped]\n|upkeep\n|turn|16\n|c|\u2606chuntaro-kun|wow\n|\n|t:|1699844471\n|move|p2a: Shes on Vocal Rest|Calm Mind|p2a: Shes on Vocal Rest\n|-boost|p2a: Shes on Vocal Rest|spa|1\n|-boost|p2a: Shes on Vocal Rest|spd|1\n|move|p1a: Heatran|Magma Storm|p2a: Shes on Vocal Rest\n|-damage|p2a: Shes on Vocal Rest|61\/100\n|\n|-damage|p2a: Shes on Vocal Rest|49\/100|[from] move: Magma Storm|[partiallytrapped]\n|upkeep\n|turn|17\n|\n|t:|1699844474\n|move|p2a: Shes on Vocal Rest|Calm Mind|p2a: Shes on Vocal Rest\n|-boost|p2a: Shes on Vocal Rest|spa|1\n|-boost|p2a: Shes on Vocal Rest|spd|1\n|move|p1a: Heatran|Magma Storm|p2a: Shes on Vocal Rest\n|-damage|p2a: Shes on Vocal Rest|39\/100\n|\n|-damage|p2a: Shes on Vocal Rest|27\/100|[from] move: Magma Storm|[partiallytrapped]\n|upkeep\n|turn|18\n|c|\u2606chuntaro-kun|okie that scaty\n|c|\u2606chuntaro-kun|sotred power ??\n|\n|t:|1699844485\n|move|p2a: Shes on Vocal Rest|Calm Mind|p2a: Shes on Vocal Rest\n|-boost|p2a: Shes on Vocal Rest|spa|1\n|-boost|p2a: Shes on Vocal Rest|spd|1\n|move|p1a: Heatran|Magma Storm|p2a: Shes on Vocal Rest|[miss]\n|-miss|p1a: Heatran|p2a: Shes on Vocal Rest\n|\n|-damage|p2a: Shes on Vocal Rest|14\/100|[from] move: Magma Storm|[partiallytrapped]\n|upkeep\n|turn|19\n|c|\u2606CowmanderJBBWN|nope\n|c|\u2606chuntaro-kun|YOU LUCKY !\n|\n|t:|1699844495\n|move|p2a: Shes on Vocal Rest|Rest|p2a: Shes on Vocal Rest\n|-status|p2a: Shes on Vocal Rest|slp|[from] move: Rest\n|-heal|p2a: Shes on Vocal Rest|100\/100 slp|[silent]\n|move|p1a: Heatran|Magma Storm|p2a: Shes on Vocal Rest\n|-crit|p2a: Shes on Vocal Rest\n|-damage|p2a: Shes on Vocal Rest|57\/100 slp\n|\n|-damage|p2a: Shes on Vocal Rest|44\/100 slp|[from] move: Magma Storm|[partiallytrapped]\n|upkeep\n|turn|20\n|c|\u2606CowmanderJBBWN|something dumber\n|c|\u2606CowmanderJBBWN|than stored poeer\n|\n|t:|1699844504\n|cant|p2a: Shes on Vocal Rest|slp\n|move|p2a: Shes on Vocal Rest|Snore|p1a: Heatran\n|-resisted|p1a: Heatran\n|-damage|p1a: Heatran|63\/100\n|cant|p1a: Heatran|flinch\n|\n|-end|p2a: Shes on Vocal Rest|Magma Storm|[partiallytrapped]\n|upkeep\n|turn|21\n|\n|t:|1699844513\n|cant|p2a: Shes on Vocal Rest|slp\n|move|p2a: Shes on Vocal Rest|Snore|p1a: Heatran\n|-resisted|p1a: Heatran\n|-damage|p1a: Heatran|39\/100\n|cant|p1a: Heatran|flinch\n|\n|upkeep\n|turn|22\n|c|\u2606chuntaro-kun|............\n|c|\u2606chuntaro-kun|!dt Snore\n|raw|<ul class=\"utilichart\"><li class=\"result\"><span class=\"col movenamecol\"><a href=\"https:\/\/dex.pokemonshowdown.com\/moves\/snore\">Snore<\/a><\/span> <span class=\"col typecol\"><img src=\"\/\/play.pokemonshowdown.com\/sprites\/types\/Normal.png\" alt=\"Normal\" width=\"32\" height=\"14\"><img src=\"\/\/play.pokemonshowdown.com\/sprites\/categories\/Special.png\" alt=\"Special\" width=\"32\" height=\"14\"><\/span> <span class=\"col labelcol\"><em>Power<\/em><br>50<\/span> <span class=\"col widelabelcol\"><em>Accuracy<\/em><br>100%<\/span> <span class=\"col pplabelcol\"><em>PP<\/em><br>24<\/span> <span class=\"col movedesccol\">User must be asleep. 30% chance to flinch target.<\/span> <\/li><li style=\"clear:both\"><\/li><\/ul>\n|raw|<font size=\"1\"><font color=\"#686868\">Priority:<\/font> 0&nbsp;|&ThickSpace;<font color=\"#686868\">Gen:<\/font> 2&nbsp;|&ThickSpace;&#10003; Boosted by Sheer Force&nbsp;|&ThickSpace;&#10003; Sound&nbsp;|&ThickSpace;&#10003; Bypasses Substitutes&nbsp;|&ThickSpace;<font color=\"#686868\">Z-Power:<\/font> 100&nbsp;|&ThickSpace;<font color=\"#686868\">Dynamax Power:<\/font> 100&nbsp;|&ThickSpace;<font color=\"#686868\">Target:<\/font> One Adjacent Pok\u00e9mon<\/font>\n\n|c|\u2606chuntaro-kun|......\n|c|\u2606CowmanderJBBWN|she is on vocal rest\n|\n|t:|1699844534\n|-curestatus|p2a: Shes on Vocal Rest|slp|[msg]\n|move|p2a: Shes on Vocal Rest|Calm Mind|p2a: Shes on Vocal Rest\n|-boost|p2a: Shes on Vocal Rest|spa|1\n|-boost|p2a: Shes on Vocal Rest|spd|1\n|move|p1a: Heatran|Magma Storm|p2a: Shes on Vocal Rest\n|-damage|p2a: Shes on Vocal Rest|37\/100\n|-activate|p2a: Shes on Vocal Rest|move: Magma Storm|[of] p1a: Heatran\n|\n|-damage|p2a: Shes on Vocal Rest|25\/100|[from] move: Magma Storm|[partiallytrapped]\n|upkeep\n|turn|23\n|\n|t:|1699844546\n|switch|p1a: Zamazenta|Zamazenta|100\/100\n|-ability|p1a: Zamazenta|Dauntless Shield|boost\n|-boost|p1a: Zamazenta|def|1\n|move|p2a: Shes on Vocal Rest|Rest|p2a: Shes on Vocal Rest\n|-status|p2a: Shes on Vocal Rest|slp|[from] move: Rest\n|-heal|p2a: Shes on Vocal Rest|100\/100 slp|[silent]\n|\n|-end|p2a: Shes on Vocal Rest|Magma Storm|[partiallytrapped]|[silent]\n|upkeep\n|turn|24\n|\n|t:|1699844549\n|cant|p2a: Shes on Vocal Rest|slp\n|move|p2a: Shes on Vocal Rest|Snore|p1a: Zamazenta\n|-damage|p1a: Zamazenta|19\/100\n|cant|p1a: Zamazenta|flinch\n|\n|upkeep\n|turn|25\n|c|\u2606chuntaro-kun|thats scary\n|c|\u2606CowmanderJBBWN|i needed the Z celebrate to be faster\n|c|\u2606CowmanderJBBWN|because if im slower the flinch is not gonna work\n|\n|t:|1699844569\n|cant|p2a: Shes on Vocal Rest|slp\n|move|p2a: Shes on Vocal Rest|Snore|p1a: Zamazenta\n|-damage|p1a: Zamazenta|0 fnt\n|faint|p1a: Zamazenta\n|\n|upkeep\n|\n|t:|1699844574\n|switch|p1a: Ogerpon|Ogerpon, F|100\/100\n|turn|26\n|c|\u2606chuntaro-kun|ill bring some twice as fast then\n|\n|t:|1699844586\n|-terastallize|p1a: Ogerpon|Grass\n|detailschange|p1a: Ogerpon|Ogerpon-Teal-Tera, F, tera:Grass\n|-ability|p1a: Ogerpon|Embody Aspect (Teal)|boost\n|-boost|p1a: Ogerpon|spe|1\n|move|p1a: Ogerpon|Ivy Cudgel|p2a: Shes on Vocal Rest\n|-damage|p2a: Shes on Vocal Rest|41\/100 slp\n|-damage|p1a: Ogerpon|91\/100|[from] item: Life Orb\n|-curestatus|p2a: Shes on Vocal Rest|slp|[msg]\n|move|p2a: Shes on Vocal Rest|Celebrate|p2a: Shes on Vocal Rest\n|-activate|p2a: Shes on Vocal Rest|move: Celebrate\n|\n|upkeep\n|turn|27\n|\n|t:|1699844597\n|move|p1a: Ogerpon|Ivy Cudgel|p2a: Shes on Vocal Rest\n|-damage|p2a: Shes on Vocal Rest|0 fnt\n|faint|p2a: Shes on Vocal Rest\n|-damage|p1a: Ogerpon|81\/100|[from] item: Life Orb\n|\n|upkeep\n|\n|t:|1699844603\n|switch|p2a: baked macaroni|Okidogi, M|100\/100\n|turn|28\n|\n|t:|1699844628\n|switch|p1a: Heatran|Heatran, F, shiny|39\/100\n|move|p2a: baked macaroni|Bulk Up|p2a: baked macaroni\n|-boost|p2a: baked macaroni|atk|1\n|-boost|p2a: baked macaroni|def|1\n|\n|upkeep\n|turn|29\n|c|\u2606CowmanderJBBWN|ogerpon is very speedy\n|\n|t:|1699844639\n|move|p1a: Heatran|Earth Power|p2a: baked macaroni\n|-supereffective|p2a: baked macaroni\n|-damage|p2a: baked macaroni|49\/100\n|move|p2a: baked macaroni|Drain Punch|p1a: Heatran\n|-supereffective|p1a: Heatran\n|-damage|p1a: Heatran|0 fnt\n|-heal|p2a: baked macaroni|69\/100|[from] drain|[of] p1a: Heatran\n|faint|p1a: Heatran\n|\n|-heal|p2a: baked macaroni|75\/100|[from] item: Black Sludge\n|upkeep\n|\n|t:|1699844643\n|switch|p1a: Tapu Lele|Tapu Lele, shiny|100\/100\n|-fieldstart|move: Psychic Terrain|[from] ability: Psychic Surge|[of] p1a: Tapu Lele\n|turn|30\n|\n|t:|1699844647\n|move|p1a: Tapu Lele|Psychic|p2a: baked macaroni\n|-supereffective|p2a: baked macaroni\n|-damage|p2a: baked macaroni|0 fnt\n|faint|p2a: baked macaroni\n|\n|upkeep\n|\n|t:|1699844649\n|switch|p2a: Bloons TD 6|Zarude-Dada|100\/100\n|turn|31\n|\n|t:|1699844654\n|switch|p1a: Ogerpon|Ogerpon-Teal-Tera, F, tera:Grass|81\/100\n|-ability|p1a: Ogerpon|Embody Aspect (Teal)|boost\n|-boost|p1a: Ogerpon|spe|1\n|move|p2a: Bloons TD 6|Trailblaze|p1a: Ogerpon\n|-resisted|p1a: Ogerpon\n|-damage|p1a: Ogerpon|67\/100\n|-boost|p2a: Bloons TD 6|spe|1\n|\n|upkeep\n|turn|32\n|c|\u2606chuntaro-kun|oh...\n|\n|t:|1699844663\n|move|p1a: Ogerpon|Superpower|p2a: Bloons TD 6\n|-supereffective|p2a: Bloons TD 6\n|-damage|p2a: Bloons TD 6|18\/100\n|-unboost|p1a: Ogerpon|atk|1\n|-unboost|p1a: Ogerpon|def|1\n|-damage|p1a: Ogerpon|57\/100|[from] item: Life Orb\n|move|p2a: Bloons TD 6|Trailblaze|p1a: Ogerpon\n|-resisted|p1a: Ogerpon\n|-damage|p1a: Ogerpon|36\/100\n|-boost|p2a: Bloons TD 6|spe|1\n|\n|-heal|p2a: Bloons TD 6|24\/100|[from] item: Leftovers\n|upkeep\n|turn|33\n|c|\u2606chuntaro-kun|gg\n|\n|t:|1699844676\n|move|p2a: Bloons TD 6|Trailblaze|p1a: Ogerpon\n|-resisted|p1a: Ogerpon\n|-damage|p1a: Ogerpon|13\/100\n|-boost|p2a: Bloons TD 6|spe|1\n|move|p1a: Ogerpon|Ivy Cudgel|p2a: Bloons TD 6\n|-resisted|p2a: Bloons TD 6\n|-damage|p2a: Bloons TD 6|1\/100\n|-damage|p1a: Ogerpon|3\/100|[from] item: Life Orb\n|\n|-heal|p2a: Bloons TD 6|7\/100|[from] item: Leftovers\n|upkeep\n|turn|34\n|c|\u2606CowmanderJBBWN|oh no\n|c|\u2606chuntaro-kun|wow\n|c|\u2606chuntaro-kun|...\n|c|\u2606CowmanderJBBWN|oh i thought im dead\n|\n|t:|1699844692\n|move|p2a: Bloons TD 6|Trailblaze|p1a: Ogerpon\n|-resisted|p1a: Ogerpon\n|-damage|p1a: Ogerpon|0 fnt\n|-boost|p2a: Bloons TD 6|spe|1\n|faint|p1a: Ogerpon\n|\n|-heal|p2a: Bloons TD 6|13\/100|[from] item: Leftovers\n|-fieldend|move: Psychic Terrain\n|upkeep\n|\n|t:|1699844694\n|switch|p1a: Tapu Lele|Tapu Lele, shiny|100\/100\n|-fieldstart|move: Psychic Terrain|[from] ability: Psychic Surge|[of] p1a: Tapu Lele\n|turn|35\n|c|\u2606chuntaro-kun|what witht hat speed\n|c|\u2606chuntaro-kun|??\n|c|\u2606chuntaro-kun|wait are you\n|c|\u2606chuntaro-kun|banded ??\n|c|\u2606CowmanderJBBWN|to outspeed scarf\n|c|\u2606chuntaro-kun|oh wait\n|c|\u2606CowmanderJBBWN|its actually a bulk up ser but i cant setup\n|\n|t:|1699844717\n|-terastallize|p2a: Bloons TD 6|Dark\n|move|p2a: Bloons TD 6|Darkest Lariat|p1a: Tapu Lele\n|-damage|p1a: Tapu Lele|19\/100\n|move|p1a: Tapu Lele|Moonblast|p2a: Bloons TD 6\n|-supereffective|p2a: Bloons TD 6\n|-damage|p2a: Bloons TD 6|0 fnt\n|faint|p2a: Bloons TD 6\n|\n|win|chuntaro-kun\n|raw|chuntaro-kun's rating: 1311 &rarr; <strong>1332<\/strong><br \/>(+21 for winning)\n|raw|CowmanderJBBWN's rating: 1333 &rarr; <strong>1312<\/strong><br \/>(-21 for losing)\n|c|\u2606CowmanderJBBWN|coz u hit hard lol\n|c|\u2606chuntaro-kun|gg\n|c|\u2606CowmanderJBBWN|Gg!\n|c|\u2606chuntaro-kun|mhm\n|c|\u2606chuntaro-kun|nice knowing ya\n|c|\u2606CowmanderJBBWN|it was a great battle\n|c|\u2606CowmanderJBBWN|Have fun!\n|c|\u2606chuntaro-kun|U2\n","uploadtime":1699844810,"views":8,"p1id":"chuntarokun","p2id":"cowmanderjbbwn","formatid":"gen9nationaldex","rating":1312,"private":0,"password":""}