{"id":"gen9nationaldex-1990969187","p1":"Zera & Lucy","p2":"Poke InkyLotus","format":"[Gen 9] National Dex","log":"|j|\u2606Zera & Lucy\n|j|\u2606Poke InkyLotus\n|t:|1700021239\n|gametype|singles\n|player|p1|Zera & Lucy|cynthia|1117\n|player|p2|Poke InkyLotus|lillie|1024\n|teamsize|p1|6\n|teamsize|p2|3\n|gen|9\n|tier|[Gen 9] National Dex\n|rated|\n|rule|HP Percentage Mod: HP is shown in percentages\n|rule|Endless Battle Clause: Forcing endless battles is banned\n|rule|OHKO Clause: OHKO moves are banned\n|rule|Evasion Clause: Evasion abilities, items, and moves are banned\n|rule|Evasion Abilities Clause: Evasion abilities are banned\n|rule|Evasion Items Clause: Evasion items are banned\n|rule|Evasion Moves Clause: Evasion moves are banned\n|rule|Species Clause: Limit one of each Pok\u00e9mon\n|rule|Sleep Clause Mod: Limit one foe put to sleep\n|clearpoke\n|poke|p1|Kleavor, M|\n|poke|p1|Arcanine-Hisui, F|\n|poke|p1|Lycanroc-Dusk, M|\n|poke|p1|Glimmora, F|\n|poke|p1|Nosepass, M|\n|poke|p1|Shuckle, F|\n|poke|p2|Azurill, F|\n|poke|p2|Lillipup, F|\n|poke|p2|Happiny, F|\n|teampreview\n|inactive|Battle timer is ON: inactive players will automatically lose when time's up. (requested by Zera & Lucy)\n|c|\u2606Poke InkyLotus|glhf\n|\n|t:|1700021244\n|start\n|switch|p1a: Shuckle|Shuckle, F|100\/100\n|switch|p2a: Azurill|Azurill, F|100\/100\n|turn|1\n|c|\u2606Zera & Lucy|Uhmmm\n|\n|t:|1700021256\n|move|p2a: Azurill|Mud-Slap|p1a: Shuckle\n|-damage|p1a: Shuckle|99\/100\n|-unboost|p1a: Shuckle|accuracy|1\n|move|p1a: Shuckle|Acupressure|p1a: Shuckle\n|-boost|p1a: Shuckle|def|2\n|\n|upkeep\n|turn|2\n|c|\u2606Poke InkyLotus|hmm?\n|\n|t:|1700021264\n|move|p2a: Azurill|Copycat|p2a: Azurill\n|move|p2a: Azurill|Acupressure|p2a: Azurill|[from]move: Copycat\n|-boost|p2a: Azurill|spd|2\n|-enditem|p1a: Shuckle|Mirror Herb\n|-boost|p1a: Shuckle|spd|2|[from] item: Mirror Herb\n|move|p1a: Shuckle|Sticky Web|p2a: Azurill\n|-sidestart|p2: Poke InkyLotus|move: Sticky Web\n|\n|upkeep\n|turn|3\n|\n|t:|1700021273\n|move|p2a: Azurill|Copycat|p2a: Azurill\n|move|p2a: Azurill|Sticky Web|p1a: Shuckle|[from]move: Copycat\n|-sidestart|p1: Zera & Lucy|move: Sticky Web\n|move|p1a: Shuckle|Knock Off|p2a: Azurill\n|-resisted|p2a: Azurill\n|-damage|p2a: Azurill|96\/100\n|-enditem|p2a: Azurill|Eviolite|[from] move: Knock Off|[of] p1a: Shuckle\n|\n|upkeep\n|turn|4\n|\n|t:|1700021282\n|move|p2a: Azurill|Copycat|p2a: Azurill\n|move|p2a: Azurill|Knock Off|p1a: Shuckle|[from]move: Copycat\n|-damage|p1a: Shuckle|92\/100\n|move|p1a: Shuckle|Acupressure|p1a: Shuckle\n|-boost|p1a: Shuckle|evasion|2\n|\n|upkeep\n|turn|5\n|\n|t:|1700021290\n|move|p2a: Azurill|Copycat|p2a: Azurill\n|move|p2a: Azurill|Acupressure|p2a: Azurill|[from]move: Copycat\n|-boost|p2a: Azurill|evasion|2\n|move|p1a: Shuckle|Acupressure|p1a: Shuckle\n|-boost|p1a: Shuckle|spd|2\n|\n|upkeep\n|turn|6\n|\n|t:|1700021297\n|move|p2a: Azurill|Copycat|p2a: Azurill\n|move|p2a: Azurill|Acupressure|p2a: Azurill|[from]move: Copycat\n|-boost|p2a: Azurill|def|2\n|move|p1a: Shuckle|Acupressure|p1a: Shuckle\n|-boost|p1a: Shuckle|spe|2\n|\n|upkeep\n|turn|7\n|\n|t:|1700021304\n|move|p1a: Shuckle|Acupressure|p1a: Shuckle\n|-boost|p1a: Shuckle|spd|2\n|move|p2a: Azurill|Copycat|p2a: Azurill\n|move|p2a: Azurill|Acupressure|p2a: Azurill|[from]move: Copycat\n|-boost|p2a: Azurill|accuracy|2\n|\n|upkeep\n|turn|8\n|\n|t:|1700021310\n|move|p1a: Shuckle|Acupressure|p1a: Shuckle\n|-boost|p1a: Shuckle|spa|2\n|move|p2a: Azurill|Copycat|p2a: Azurill\n|move|p2a: Azurill|Acupressure|p2a: Azurill|[from]move: Copycat\n|-boost|p2a: Azurill|evasion|2\n|\n|upkeep\n|turn|9\n|\n|t:|1700021315\n|move|p1a: Shuckle|Acupressure|p1a: Shuckle\n|-boost|p1a: Shuckle|spa|2\n|move|p2a: Azurill|Copycat|p2a: Azurill\n|move|p2a: Azurill|Acupressure|p2a: Azurill|[from]move: Copycat\n|-boost|p2a: Azurill|atk|2\n|\n|upkeep\n|turn|10\n|\n|t:|1700021322\n|move|p1a: Shuckle|Acupressure|p1a: Shuckle\n|-boost|p1a: Shuckle|def|2\n|move|p2a: Azurill|Copycat|p2a: Azurill\n|move|p2a: Azurill|Acupressure|p2a: Azurill|[from]move: Copycat\n|-boost|p2a: Azurill|spe|2\n|\n|upkeep\n|turn|11\n|\n|t:|1700021328\n|move|p2a: Azurill|Copycat|p2a: Azurill\n|move|p2a: Azurill|Acupressure|p2a: Azurill|[from]move: Copycat\n|-boost|p2a: Azurill|spa|2\n|move|p1a: Shuckle|Acupressure|p1a: Shuckle\n|-boost|p1a: Shuckle|spa|2\n|\n|upkeep\n|turn|12\n|\n|t:|1700021338\n|move|p2a: Azurill|Copycat|p2a: Azurill\n|move|p2a: Azurill|Acupressure|p2a: Azurill|[from]move: Copycat\n|-boost|p2a: Azurill|evasion|2\n|move|p1a: Shuckle|Acupressure|p1a: Shuckle\n|-boost|p1a: Shuckle|evasion|2\n|\n|upkeep\n|turn|13\n|\n|t:|1700021344\n|move|p2a: Azurill|Copycat|p2a: Azurill\n|move|p2a: Azurill|Acupressure|p2a: Azurill|[from]move: Copycat\n|-boost|p2a: Azurill|accuracy|2\n|move|p1a: Shuckle|Acupressure|p1a: Shuckle\n|-boost|p1a: Shuckle|spe|2\n|\n|upkeep\n|turn|14\n|\n|t:|1700021351\n|move|p2a: Azurill|Copycat|p2a: Azurill\n|move|p2a: Azurill|Acupressure|p2a: Azurill|[from]move: Copycat\n|-boost|p2a: Azurill|atk|2\n|move|p1a: Shuckle|Acupressure|p1a: Shuckle\n|-boost|p1a: Shuckle|def|2\n|\n|upkeep\n|turn|15\n|\n|t:|1700021358\n|move|p2a: Azurill|Copycat|p2a: Azurill\n|move|p2a: Azurill|Acupressure|p2a: Azurill|[from]move: Copycat\n|-boost|p2a: Azurill|spd|2\n|move|p1a: Shuckle|Acupressure|p1a: Shuckle\n|-boost|p1a: Shuckle|evasion|2\n|\n|upkeep\n|turn|16\n|\n|t:|1700021363\n|move|p2a: Azurill|Copycat|p2a: Azurill\n|move|p2a: Azurill|Acupressure|p2a: Azurill|[from]move: Copycat\n|-boost|p2a: Azurill|spa|2\n|move|p1a: Shuckle|Acupressure|p1a: Shuckle\n|-boost|p1a: Shuckle|atk|2\n|\n|upkeep\n|turn|17\n|\n|t:|1700021370\n|move|p2a: Azurill|Copycat|p2a: Azurill\n|move|p2a: Azurill|Acupressure|p2a: Azurill|[from]move: Copycat\n|-boost|p2a: Azurill|def|2\n|move|p1a: Shuckle|Acupressure|p1a: Shuckle\n|-boost|p1a: Shuckle|spe|2\n|\n|upkeep\n|turn|18\n|\n|t:|1700021375\n|move|p1a: Shuckle|Acupressure|p1a: Shuckle\n|-boost|p1a: Shuckle|atk|2\n|move|p2a: Azurill|Copycat|p2a: Azurill\n|move|p2a: Azurill|Acupressure|p2a: Azurill|[from]move: Copycat\n|-boost|p2a: Azurill|def|2\n|\n|upkeep\n|turn|19\n|\n|t:|1700021381\n|move|p1a: Shuckle|Acupressure|p1a: Shuckle\n|-boost|p1a: Shuckle|atk|2\n|move|p2a: Azurill|Copycat|p2a: Azurill\n|move|p2a: Azurill|Acupressure|p2a: Azurill|[from]move: Copycat\n|-boost|p2a: Azurill|accuracy|2\n|\n|upkeep\n|turn|20\n|\n|t:|1700021387\n|move|p1a: Shuckle|Acupressure|p1a: Shuckle\n|-boost|p1a: Shuckle|accuracy|2\n|move|p2a: Azurill|Copycat|p2a: Azurill\n|move|p2a: Azurill|Acupressure|p2a: Azurill|[from]move: Copycat\n|-boost|p2a: Azurill|spd|2\n|\n|upkeep\n|turn|21\n|\n|t:|1700021393\n|move|p1a: Shuckle|Acupressure|p1a: Shuckle\n|-boost|p1a: Shuckle|accuracy|2\n|move|p2a: Azurill|Copycat|p2a: Azurill\n|move|p2a: Azurill|Acupressure|p2a: Azurill|[from]move: Copycat\n|-boost|p2a: Azurill|atk|2\n|\n|upkeep\n|turn|22\n|\n|t:|1700021403\n|move|p1a: Shuckle|Acupressure|p1a: Shuckle\n|-boost|p1a: Shuckle|accuracy|2\n|move|p2a: Azurill|Copycat|p2a: Azurill\n|move|p2a: Azurill|Acupressure|p2a: Azurill|[from]move: Copycat\n|-boost|p2a: Azurill|spe|2\n|\n|upkeep\n|turn|23\n|\n|t:|1700021414\n|move|p2a: Azurill|Copycat|p2a: Azurill\n|move|p2a: Azurill|Acupressure|p2a: Azurill|[from]move: Copycat\n|-boost|p2a: Azurill|spa|2\n|move|p1a: Shuckle|Acupressure|p1a: Shuckle\n|-boost|p1a: Shuckle|accuracy|1\n|\n|upkeep\n|turn|24\n|\n|t:|1700021422\n|move|p2a: Azurill|Copycat|p2a: Azurill\n|move|p2a: Azurill|Acupressure|p2a: Azurill|[from]move: Copycat\n|-boost|p2a: Azurill|spe|2\n|move|p1a: Shuckle|Acupressure||[still]\n|-fail|p1a: Shuckle\n|\n|upkeep\n|turn|25\n|\n|t:|1700021437\n|move|p2a: Azurill|Bounce||[still]\n|-prepare|p2a: Azurill|Bounce\n|move|p1a: Shuckle|Sticky Web||[still]\n|-fail|p1a: Shuckle\n|\n|upkeep\n|turn|26\n|\n|t:|1700021442\n|move|p2a: Azurill|Bounce|p1a: Shuckle|[from]lockedmove\n|-damage|p1a: Shuckle|77\/100\n|-status|p1a: Shuckle|par\n|move|p1a: Shuckle|Earthquake|p2a: Azurill\n|-damage|p2a: Azurill|83\/100\n|\n|upkeep\n|turn|27\n|\n|t:|1700021453\n|move|p2a: Azurill|Bounce||[still]\n|-prepare|p2a: Azurill|Bounce\n|move|p1a: Shuckle|Earthquake|p2a: Azurill|[miss]\n|-miss|p1a: Shuckle|p2a: Azurill\n|\n|upkeep\n|turn|28\n|\n|t:|1700021458\n|move|p2a: Azurill|Bounce|p1a: Shuckle|[from]lockedmove\n|-damage|p1a: Shuckle|61\/100 par\n|cant|p1a: Shuckle|par\n|\n|upkeep\n|turn|29\n|\n|t:|1700021466\n|move|p2a: Azurill|Bounce||[still]\n|-prepare|p2a: Azurill|Bounce\n|move|p1a: Shuckle|Earthquake|p2a: Azurill|[miss]\n|-miss|p1a: Shuckle|p2a: Azurill\n|\n|upkeep\n|turn|30\n|\n|t:|1700021472\n|move|p2a: Azurill|Bounce|p1a: Shuckle|[from]lockedmove\n|-damage|p1a: Shuckle|46\/100 par\n|move|p1a: Shuckle|Sticky Web||[still]\n|-fail|p1a: Shuckle\n|\n|upkeep\n|turn|31\n|\n|t:|1700021478\n|move|p2a: Azurill|Bounce||[still]\n|-prepare|p2a: Azurill|Bounce\n|move|p1a: Shuckle|Sticky Web||[still]\n|-fail|p1a: Shuckle\n|\n|upkeep\n|turn|32\n|\n|t:|1700021482\n|move|p2a: Azurill|Bounce|p1a: Shuckle|[from]lockedmove\n|-damage|p1a: Shuckle|30\/100 par\n|move|p1a: Shuckle|Earthquake|p2a: Azurill\n|-damage|p2a: Azurill|72\/100\n|\n|upkeep\n|turn|33\n|\n|t:|1700021494\n|move|p2a: Azurill|Body Slam|p1a: Shuckle\n|-resisted|p1a: Shuckle\n|-damage|p1a: Shuckle|18\/100 par\n|move|p1a: Shuckle|Earthquake|p2a: Azurill\n|-damage|p2a: Azurill|58\/100\n|\n|upkeep\n|turn|34\n|\n|t:|1700021500\n|move|p2a: Azurill|Body Slam|p1a: Shuckle\n|-resisted|p1a: Shuckle\n|-damage|p1a: Shuckle|6\/100 par\n|move|p1a: Shuckle|Sticky Web||[still]\n|-fail|p1a: Shuckle\n|\n|upkeep\n|turn|35\n|\n|t:|1700021506\n|move|p2a: Azurill|Body Slam|p1a: Shuckle\n|-resisted|p1a: Shuckle\n|-damage|p1a: Shuckle|0 fnt\n|faint|p1a: Shuckle\n|\n|upkeep\n|\n|t:|1700021515\n|switch|p1a: Glimmora|Glimmora, F|100\/100\n|-activate|p1a: Glimmora|move: Sticky Web\n|-unboost|p1a: Glimmora|spe|1\n|turn|36\n|\n|t:|1700021525\n|move|p2a: Azurill|Mud-Slap|p1a: Glimmora\n|-supereffective|p1a: Glimmora\n|-damage|p1a: Glimmora|73\/100\n|-unboost|p1a: Glimmora|accuracy|1\n|move|p1a: Glimmora|Toxic|p2a: Azurill\n|-status|p2a: Azurill|tox\n|\n|-damage|p2a: Azurill|51\/100 tox|[from] psn\n|upkeep\n|turn|37\n|\n|t:|1700021538\n|move|p2a: Azurill|Mud-Slap|p1a: Glimmora\n|-supereffective|p1a: Glimmora\n|-damage|p1a: Glimmora|46\/100\n|-unboost|p1a: Glimmora|accuracy|1\n|move|p1a: Glimmora|Mortal Spin|p2a: Azurill|[miss]\n|-miss|p1a: Glimmora|p2a: Azurill\n|\n|-damage|p2a: Azurill|39\/100 tox|[from] psn\n|upkeep\n|turn|38\n|\n|t:|1700021546\n|move|p2a: Azurill|Mud-Slap|p1a: Glimmora\n|-supereffective|p1a: Glimmora\n|-damage|p1a: Glimmora|15\/100\n|-unboost|p1a: Glimmora|accuracy|1\n|move|p1a: Glimmora|Mortal Spin|p2a: Azurill|[miss]\n|-miss|p1a: Glimmora|p2a: Azurill\n|\n|-damage|p2a: Azurill|20\/100 tox|[from] psn\n|upkeep\n|turn|39\n|\n|t:|1700021555\n|move|p2a: Azurill|Mud-Slap|p1a: Glimmora\n|-supereffective|p1a: Glimmora\n|-damage|p1a: Glimmora|0 fnt\n|faint|p1a: Glimmora\n|\n|-damage|p2a: Azurill|0 fnt|[from] psn\n|faint|p2a: Azurill\n|upkeep\n|\n|t:|1700021565\n|switch|p1a: Kleavor|Kleavor, M|100\/100\n|switch|p2a: Lillipup|Lillipup, F, shiny|100\/100\n|-activate|p1a: Kleavor|move: Sticky Web\n|-unboost|p1a: Kleavor|spe|1\n|-activate|p2a: Lillipup|move: Sticky Web\n|-unboost|p2a: Lillipup|spe|1\n|turn|40\n|\n|t:|1700021574\n|move|p2a: Lillipup|Baby-Doll Eyes|p1a: Kleavor\n|-unboost|p1a: Kleavor|atk|1\n|move|p1a: Kleavor|Stone Axe|p2a: Lillipup|[miss]\n|-miss|p1a: Kleavor|p2a: Lillipup\n|\n|upkeep\n|turn|41\n|\n|t:|1700021581\n|move|p2a: Lillipup|Baby-Doll Eyes|p1a: Kleavor\n|-unboost|p1a: Kleavor|atk|1\n|move|p1a: Kleavor|Stone Axe|p2a: Lillipup\n|-damage|p2a: Lillipup|58\/100\n|-sidestart|p2: Poke InkyLotus|move: Stealth Rock\n|\n|upkeep\n|turn|42\n|\n|t:|1700021588\n|switch|p1a: Nosepass|Nosepass, M|100\/100\n|-activate|p1a: Nosepass|move: Sticky Web\n|-unboost|p1a: Nosepass|spe|1\n|move|p2a: Lillipup|Play Rough|p1a: Nosepass\n|-damage|p1a: Nosepass|87\/100\n|\n|upkeep\n|turn|43\n|\n|t:|1700021597\n|move|p2a: Lillipup|Play Rough|p1a: Nosepass\n|-damage|p1a: Nosepass|73\/100\n|move|p1a: Nosepass|Thunder Wave|p2a: Lillipup\n|-status|p2a: Lillipup|par\n|\n|upkeep\n|turn|44\n|\n|t:|1700021604\n|move|p1a: Nosepass|Body Press|p2a: Lillipup\n|-supereffective|p2a: Lillipup\n|-damage|p2a: Lillipup|0 fnt\n|faint|p2a: Lillipup\n|\n|upkeep\n|\n|t:|1700021609\n|switch|p2a: Happiny|Happiny, F|100\/100\n|-activate|p2a: Happiny|move: Sticky Web\n|-unboost|p2a: Happiny|spe|1\n|-damage|p2a: Happiny|88\/100|[from] Stealth Rock\n|turn|45\n|c|\u2606Poke InkyLotus|the totem is here\n|c|\u2606Zera & Lucy|Ok\n|\n|t:|1700021628\n|-terastallize|p2a: Happiny|Normal\n|move|p1a: Nosepass|Thunder Wave|p2a: Happiny\n|-status|p2a: Happiny|par\n|move|p2a: Happiny|Metronome|p2a: Happiny\n|move|p2a: Happiny|Rock Slide|p1a: Nosepass|[from]move: Metronome\n|-damage|p1a: Nosepass|69\/100\n|\n|upkeep\n|turn|46\n|\n|t:|1700021637\n|move|p1a: Nosepass|Body Press|p2a: Happiny\n|-supereffective|p2a: Happiny\n|-damage|p2a: Happiny|0 fnt\n|faint|p2a: Happiny\n|\n|win|Zera & Lucy\n|raw|Zera &amp; Lucy's rating: 1117 &rarr; <strong>1135<\/strong><br \/>(+18 for winning)\n|raw|Poke InkyLotus's rating: 1024 &rarr; <strong>1014<\/strong><br \/>(-10 for losing)\n|c|\u2606Poke InkyLotus|oh\n|c|\u2606Zera & Lucy|W totem\n|c|\u2606Zera & Lucy|LMAO\n|c|\u2606Poke InkyLotus|GG!\n|c|\u2606Zera & Lucy|Gg\n","uploadtime":1700021657,"views":5,"p1id":"zeralucy","p2id":"pokeinkylotus","formatid":"gen9nationaldex","rating":1014,"private":0,"password":""}