{"id":"gen9nationaldex-1995097650","p1":"beantheduck13","p2":"Elian190827","format":"[Gen 9] National Dex","log":"|html|<div class=\"broadcast-blue\"><strong>[Gen 9] National Dex is currently suspecting Sneasler! For information on how to participate check out the <a href=\"https:\/\/www.smogon.com\/forums\/threads\/sv-national-dex-suspect-8-just-dance.3731534\/\">suspect thread<\/a>.<\/strong><\/div>\n|j|\u2606beantheduck13\n|j|\u2606Elian190827\n|t:|1700522253\n|gametype|singles\n|player|p1|beantheduck13|backpacker|1227\n|player|p2|Elian190827|emmet|1185\n|teamsize|p1|6\n|teamsize|p2|6\n|gen|9\n|tier|[Gen 9] National Dex\n|rated|\n|rule|HP Percentage Mod: HP is shown in percentages\n|rule|Endless Battle Clause: Forcing endless battles is banned\n|rule|OHKO Clause: OHKO moves are banned\n|rule|Evasion Clause: Evasion abilities, items, and moves are banned\n|rule|Evasion Abilities Clause: Evasion abilities are banned\n|rule|Evasion Items Clause: Evasion items are banned\n|rule|Evasion Moves Clause: Evasion moves are banned\n|rule|Species Clause: Limit one of each Pok\u00e9mon\n|rule|Sleep Clause Mod: Limit one foe put to sleep\n|clearpoke\n|poke|p1|Kartana|\n|poke|p1|Lopunny, F|\n|poke|p1|Azelf|\n|poke|p1|Zoroark-Hisui, M|\n|poke|p1|Garchomp, M|\n|poke|p1|Primarina, M|\n|poke|p2|Bewear, F|\n|poke|p2|Corviknight, M|\n|poke|p2|Quagsire, M|\n|poke|p2|Inkay, M|\n|poke|p2|Florges-White, F|\n|poke|p2|Eelektross, M|\n|teampreview\n|inactive|Battle timer is ON: inactive players will automatically lose when time's up. (requested by Elian190827)\n|\n|t:|1700522276\n|start\n|switch|p1a: Frisk|Azelf|100\/100\n|switch|p2a: Bewear|Bewear, F|100\/100\n|turn|1\n|\n|t:|1700522283\n|move|p1a: Frisk|Reflect|p1a: Frisk\n|-sidestart|p1: beantheduck13|Reflect\n|move|p2a: Bewear|Darkest Lariat|p1a: Frisk\n|-supereffective|p1a: Frisk\n|-damage|p1a: Frisk|47\/100\n|\n|upkeep\n|turn|2\n|\n|t:|1700522289\n|move|p1a: Frisk|Light Screen|p1a: Frisk\n|-sidestart|p1: beantheduck13|move: Light Screen\n|move|p2a: Bewear|Darkest Lariat|p1a: Frisk\n|-supereffective|p1a: Frisk\n|-damage|p1a: Frisk|0 fnt\n|faint|p1a: Frisk\n|\n|upkeep\n|\n|t:|1700522301\n|switch|p1a: Bruce|Garchomp, M, shiny|100\/100\n|turn|3\n|\n|t:|1700522311\n|switch|p2a: Corviknight|Corviknight, M, shiny|100\/100\n|move|p1a: Bruce|Stealth Rock|p2a: Corviknight\n|-sidestart|p2: Elian190827|move: Stealth Rock\n|\n|upkeep\n|turn|4\n|\n|t:|1700522324\n|switch|p1a: Siren|Primarina, M, shiny|100\/100\n|move|p2a: Corviknight|Defog|p1a: Siren\n|-unboost|p1a: Siren|evasion|1\n|-sideend|p1: beantheduck13|Reflect\n|-sideend|p1: beantheduck13|move: Light Screen\n|-sideend|p2: Elian190827|Stealth Rock|[from] move: Defog|[of] p2a: Corviknight\n|\n|upkeep\n|turn|5\n|\n|t:|1700522332\n|switch|p2a: Florges|Florges-White, F|100\/100\n|move|p1a: Siren|Shadow Ball|p2a: Florges\n|-damage|p2a: Florges|64\/100\n|\n|-heal|p2a: Florges|70\/100|[from] item: Leftovers\n|upkeep\n|turn|6\n|\n|t:|1700522339\n|move|p1a: Siren|Shadow Ball|p2a: Florges\n|-damage|p2a: Florges|37\/100\n|move|p2a: Florges|Calm Mind|p2a: Florges\n|-boost|p2a: Florges|spa|1\n|-boost|p2a: Florges|spd|1\n|\n|-heal|p2a: Florges|44\/100|[from] item: Leftovers\n|upkeep\n|turn|7\n|\n|t:|1700522346\n|move|p1a: Siren|Shadow Ball|p2a: Florges\n|-damage|p2a: Florges|21\/100\n|move|p2a: Florges|Synthesis|p2a: Florges\n|-heal|p2a: Florges|71\/100\n|\n|-heal|p2a: Florges|77\/100|[from] item: Leftovers\n|upkeep\n|turn|8\n|\n|t:|1700522353\n|switch|p1a: Siren|Primarina, M, shiny|100\/100\n|move|p2a: Florges|Calm Mind|p2a: Florges\n|-boost|p2a: Florges|spa|1\n|-boost|p2a: Florges|spd|1\n|\n|-heal|p2a: Florges|83\/100|[from] item: Leftovers\n|upkeep\n|turn|9\n|\n|t:|1700522361\n|switch|p1a: Doc|Kartana, shiny|100\/100\n|move|p2a: Florges|Calm Mind|p2a: Florges\n|-boost|p2a: Florges|spa|1\n|-boost|p2a: Florges|spd|1\n|\n|-heal|p2a: Florges|89\/100|[from] item: Leftovers\n|upkeep\n|turn|10\n|\n|t:|1700522369\n|switch|p2a: Corviknight|Corviknight, M, shiny|100\/100\n|move|p1a: Doc|Smart Strike|p2a: Corviknight\n|-resisted|p2a: Corviknight\n|-damage|p2a: Corviknight|71\/100\n|-damage|p1a: Doc|91\/100|[from] item: Life Orb\n|\n|upkeep\n|turn|11\n|\n|t:|1700522390\n|move|p1a: Doc|Swords Dance|p1a: Doc\n|-boost|p1a: Doc|atk|2\n|move|p2a: Corviknight|Brave Bird|p1a: Doc\n|-damage|p1a: Doc|33\/100\n|-damage|p2a: Corviknight|59\/100|[from] Recoil\n|\n|upkeep\n|turn|12\n|\n|t:|1700522397\n|move|p1a: Doc|Smart Strike|p2a: Corviknight\n|-resisted|p2a: Corviknight\n|-damage|p2a: Corviknight|3\/100\n|-damage|p1a: Doc|23\/100|[from] item: Life Orb\n|move|p2a: Corviknight|Roost|p2a: Corviknight\n|-heal|p2a: Corviknight|53\/100\n|-singleturn|p2a: Corviknight|move: Roost\n|\n|upkeep\n|turn|13\n|\n|t:|1700522407\n|move|p1a: Doc|Smart Strike|p2a: Corviknight\n|-resisted|p2a: Corviknight\n|-damage|p2a: Corviknight|3\/100\n|-damage|p1a: Doc|13\/100|[from] item: Life Orb\n|move|p2a: Corviknight|Brave Bird|p1a: Doc\n|-damage|p1a: Doc|0 fnt\n|faint|p1a: Doc\n|-damage|p2a: Corviknight|0 fnt|[from] Recoil\n|faint|p2a: Corviknight\n|\n|upkeep\n|\n|t:|1700522420\n|switch|p1a: Bruce|Garchomp, M, shiny|100\/100\n|switch|p2a: Inkay|Inkay, M|100\/100\n|turn|14\n|\n|t:|1700522428\n|move|p1a: Bruce|Earthquake|p2a: Inkay\n|-damage|p2a: Inkay|40\/100\n|move|p2a: Inkay|Knock Off|p1a: Bruce\n|-damage|p1a: Bruce|85\/100\n|-damage|p2a: Inkay|28\/100|[from] ability: Rough Skin|[of] p1a: Bruce\n|-damage|p2a: Inkay|11\/100|[from] item: Rocky Helmet|[of] p1a: Bruce\n|-enditem|p1a: Bruce|Rocky Helmet|[from] move: Knock Off|[of] p2a: Inkay\n|\n|upkeep\n|turn|15\n|\n|t:|1700522436\n|move|p1a: Bruce|Earthquake|p2a: Inkay\n|-damage|p2a: Inkay|0 fnt\n|faint|p2a: Inkay\n|\n|upkeep\n|\n|t:|1700522446\n|switch|p2a: Bewear|Bewear, F|100\/100\n|turn|16\n|\n|t:|1700522455\n|-terastallize|p1a: Bruce|Fairy\n|move|p1a: Bruce|Earthquake|p2a: Bewear\n|-damage|p2a: Bewear|55\/100\n|move|p2a: Bewear|Ice Punch|p1a: Bruce\n|-damage|p1a: Bruce|66\/100\n|-status|p1a: Bruce|frz\n|-damage|p2a: Bewear|42\/100|[from] ability: Rough Skin|[of] p1a: Bruce\n|\n|upkeep\n|turn|17\n|\n|t:|1700522464\n|cant|p1a: Bruce|frz\n|move|p2a: Bewear|Body Slam|p1a: Bruce\n|-damage|p1a: Bruce|32\/100 frz\n|-damage|p2a: Bewear|30\/100|[from] ability: Rough Skin|[of] p1a: Bruce\n|\n|upkeep\n|turn|18\n|\n|t:|1700522470\n|cant|p1a: Bruce|frz\n|move|p2a: Bewear|Ice Punch|p1a: Bruce\n|-damage|p1a: Bruce|12\/100 frz\n|-damage|p2a: Bewear|17\/100|[from] ability: Rough Skin|[of] p1a: Bruce\n|\n|upkeep\n|turn|19\n|\n|t:|1700522476\n|cant|p1a: Bruce|frz\n|move|p2a: Bewear|Ice Punch|p1a: Bruce\n|-damage|p1a: Bruce|0 fnt\n|-damage|p2a: Bewear|5\/100|[from] ability: Rough Skin|[of] p1a: Bruce\n|faint|p1a: Bruce\n|\n|upkeep\n|\n|t:|1700522489\n|switch|p1a: Lo|Lopunny, F|100\/100\n|turn|20\n|\n|t:|1700522494\n|detailschange|p1a: Lo|Lopunny-Mega, F\n|-mega|p1a: Lo|Lopunny|Lopunnite\n|move|p1a: Lo|Return|p2a: Bewear\n|-damage|p2a: Bewear|0 fnt\n|faint|p2a: Bewear\n|\n|upkeep\n|\n|t:|1700522498\n|switch|p2a: Eelektross|Eelektross, M|100\/100\n|turn|21\n|\n|t:|1700522502\n|move|p1a: Lo|U-turn|p2a: Eelektross\n|-damage|p2a: Eelektross|72\/100\n|\n|t:|1700522506\n|switch|p1a: Siren|Primarina, M, shiny|100\/100|[from] U-turn\n|move|p2a: Eelektross|Discharge|p1a: Siren\n|-supereffective|p1a: Siren\n|-damage|p1a: Siren|54\/100\n|-status|p1a: Siren|par\n|\n|upkeep\n|turn|22\n|\n|t:|1700522517\n|move|p2a: Eelektross|Discharge|p1a: Siren\n|-supereffective|p1a: Siren\n|-damage|p1a: Siren|11\/100 par\n|move|p1a: Siren|Moonblast|p2a: Eelektross\n|-damage|p2a: Eelektross|18\/100\n|\n|upkeep\n|turn|23\n|\n|t:|1700522526\n|move|p2a: Eelektross|Giga Drain|p1a: Siren\n|-supereffective|p1a: Siren\n|-damage|p1a: Siren|0 fnt\n|-heal|p2a: Eelektross|22\/100|[from] drain|[of] p1a: Siren\n|faint|p1a: Siren\n|\n|upkeep\n|\n|t:|1700522532\n|switch|p1a: Lo|Lopunny-Mega, F|100\/100\n|turn|24\n|\n|t:|1700522535\n|move|p1a: Lo|Return|p2a: Eelektross\n|-damage|p2a: Eelektross|0 fnt\n|faint|p2a: Eelektross\n|\n|upkeep\n|\n|t:|1700522540\n|switch|p2a: Quagsire|Quagsire, M|100\/100\n|turn|25\n|\n|t:|1700522554\n|move|p1a: Lo|U-turn|p2a: Quagsire\n|-damage|p2a: Quagsire|82\/100\n|\n|t:|1700522556\n|switch|p1a: Lo|Lopunny-Mega, F|100\/100|[from] U-turn\n|move|p2a: Quagsire|Curse|p2a: Quagsire\n|-unboost|p2a: Quagsire|spe|1\n|-boost|p2a: Quagsire|atk|1\n|-boost|p2a: Quagsire|def|1\n|\n|-heal|p2a: Quagsire|88\/100|[from] item: Leftovers\n|upkeep\n|turn|26\n|\n|t:|1700522566\n|switch|p2a: Florges|Florges-White, F|89\/100\n|move|p1a: Lo|Shadow Ball|p2a: Florges\n|-damage|p2a: Florges|58\/100\n|\n|-heal|p2a: Florges|64\/100|[from] item: Leftovers\n|upkeep\n|turn|27\n|\n|t:|1700522573\n|switch|p1a: Lo|Lopunny-Mega, F|100\/100\n|move|p2a: Florges|Draining Kiss|p1a: Lo\n|-supereffective|p1a: Lo\n|-damage|p1a: Lo|50\/100\n|-heal|p2a: Florges|93\/100|[from] drain|[of] p1a: Lo\n|\n|-heal|p2a: Florges|99\/100|[from] item: Leftovers\n|upkeep\n|turn|28\n|\n|t:|1700522583\n|switch|p2a: Quagsire|Quagsire, M|88\/100\n|move|p1a: Lo|Fake Out|p2a: Quagsire\n|-damage|p2a: Quagsire|71\/100\n|\n|-heal|p2a: Quagsire|77\/100|[from] item: Leftovers\n|upkeep\n|turn|29\n|\n|t:|1700522590\n|move|p1a: Lo|Close Combat|p2a: Quagsire\n|-damage|p2a: Quagsire|25\/100\n|-unboost|p1a: Lo|def|1\n|-unboost|p1a: Lo|spd|1\n|move|p2a: Quagsire|Recover|p2a: Quagsire\n|-heal|p2a: Quagsire|75\/100\n|\n|-heal|p2a: Quagsire|81\/100|[from] item: Leftovers\n|upkeep\n|turn|30\n|\n|t:|1700522601\n|move|p1a: Lo|Close Combat|p2a: Quagsire\n|-damage|p2a: Quagsire|36\/100\n|-unboost|p1a: Lo|def|1\n|-unboost|p1a: Lo|spd|1\n|move|p2a: Quagsire|Curse|p2a: Quagsire\n|-unboost|p2a: Quagsire|spe|1\n|-boost|p2a: Quagsire|atk|1\n|-boost|p2a: Quagsire|def|1\n|\n|-heal|p2a: Quagsire|42\/100|[from] item: Leftovers\n|upkeep\n|turn|31\n|\n|t:|1700522615\n|move|p1a: Lo|U-turn|p2a: Quagsire\n|-damage|p2a: Quagsire|28\/100\n|\n|t:|1700522618\n|switch|p1a: Lo|Lopunny-Mega, F|100\/100|[from] U-turn\n|move|p2a: Quagsire|Recover|p2a: Quagsire\n|-heal|p2a: Quagsire|78\/100\n|\n|-heal|p2a: Quagsire|84\/100|[from] item: Leftovers\n|upkeep\n|turn|32\n|\n|t:|1700522625\n|move|p1a: Lo|Hyper Voice|p2a: Quagsire\n|-damage|p2a: Quagsire|0 fnt\n|faint|p2a: Quagsire\n|\n|upkeep\n|\n|t:|1700522627\n|switch|p2a: Florges|Florges-White, F|99\/100\n|turn|33\n|\n|t:|1700522631\n|move|p1a: Lo|Hyper Voice|p2a: Florges\n|-damage|p2a: Florges|61\/100\n|move|p2a: Florges|Calm Mind|p2a: Florges\n|-boost|p2a: Florges|spa|1\n|-boost|p2a: Florges|spd|1\n|\n|-heal|p2a: Florges|67\/100|[from] item: Leftovers\n|upkeep\n|turn|34\n|\n|t:|1700522638\n|move|p1a: Lo|Hyper Voice|p2a: Florges\n|-damage|p2a: Florges|40\/100\n|move|p2a: Florges|Draining Kiss|p1a: Lo\n|-crit|p1a: Lo\n|-damage|p1a: Lo|19\/100\n|-heal|p2a: Florges|83\/100|[from] drain|[of] p1a: Lo\n|replace|p1a: Crow|Zoroark-Hisui, M, shiny\n|-end|p1a: Crow|Illusion\n|\n|-heal|p2a: Florges|89\/100|[from] item: Leftovers\n|upkeep\n|turn|35\n|\n|t:|1700522648\n|move|p1a: Crow|Hyper Voice|p2a: Florges\n|-damage|p2a: Florges|64\/100\n|move|p2a: Florges|Draining Kiss|p1a: Crow\n|-damage|p1a: Crow|0 fnt\n|-heal|p2a: Florges|74\/100|[from] drain|[of] p1a: Crow\n|faint|p1a: Crow\n|\n|-heal|p2a: Florges|80\/100|[from] item: Leftovers\n|upkeep\n|\n|t:|1700522657\n|switch|p1a: Lo|Lopunny-Mega, F|50\/100\n|turn|36\n|\n|t:|1700522660\n|move|p1a: Lo|Fake Out|p2a: Florges\n|-damage|p2a: Florges|46\/100\n|cant|p2a: Florges|flinch\n|\n|-heal|p2a: Florges|52\/100|[from] item: Leftovers\n|upkeep\n|turn|37\n|\n|t:|1700522666\n|move|p1a: Lo|Return|p2a: Florges\n|-damage|p2a: Florges|0 fnt\n|faint|p2a: Florges\n|\n|win|beantheduck13\n|raw|beantheduck13's rating: 1227 &rarr; <strong>1249<\/strong><br \/>(+22 for winning)\n|raw|Elian190827's rating: 1185 &rarr; <strong>1163<\/strong><br \/>(-22 for losing)\n|l|\u2606Elian190827\n","uploadtime":1700522929,"views":1,"p1id":"beantheduck13","p2id":"elian190827","formatid":"gen9nationaldex","rating":1163,"private":0,"password":""}