{"id":"gen9nationaldex-1989704798","p1":"salpicadura","p2":"lchx","format":"[Gen 9] National Dex","log":"|j|\u2606salpicadura\n|j|\u2606lchx\n|t:|1699888543\n|gametype|singles\n|player|p1|salpicadura|170|1841\n|player|p2|lchx|ghetsis|1779\n|teamsize|p1|6\n|teamsize|p2|6\n|gen|9\n|tier|[Gen 9] National Dex\n|rated|\n|rule|HP Percentage Mod: HP is shown in percentages\n|rule|Endless Battle Clause: Forcing endless battles is banned\n|rule|OHKO Clause: OHKO moves are banned\n|rule|Evasion Clause: Evasion abilities, items, and moves are banned\n|rule|Evasion Abilities Clause: Evasion abilities are banned\n|rule|Evasion Items Clause: Evasion items are banned\n|rule|Evasion Moves Clause: Evasion moves are banned\n|rule|Species Clause: Limit one of each Pok\u00e9mon\n|rule|Sleep Clause Mod: Limit one foe put to sleep\n|clearpoke\n|poke|p1|Alomomola, F|\n|poke|p1|Hoopa-Unbound|\n|poke|p1|Rillaboom, M|\n|poke|p1|Heatran, M|\n|poke|p1|Zapdos|\n|poke|p1|Tapu Lele|\n|poke|p2|Rillaboom, F|\n|poke|p2|Iron Treads|\n|poke|p2|Iron Valiant|\n|poke|p2|Ceruledge, F|\n|poke|p2|Sneasler, M|\n|poke|p2|Nihilego|\n|teampreview\n|j| KoKohs\n|inactive|Battle timer is ON: inactive players will automatically lose when time's up. (requested by lchx)\n|\n|t:|1699888577\n|start\n|switch|p1a: Rillaboom|Rillaboom, M|100\/100\n|switch|p2a: Iron Treads|Iron Treads, shiny|100\/100\n|-fieldstart|move: Grassy Terrain|[from] ability: Grassy Surge|[of] p1a: Rillaboom\n|-enditem|p2a: Iron Treads|Booster Energy\n|-activate|p2a: Iron Treads|ability: Quark Drive|[fromitem]\n|-start|p2a: Iron Treads|quarkdrivespe\n|turn|1\n|\n|t:|1699888580\n|move|p2a: Iron Treads|Stealth Rock|p1a: Rillaboom\n|-sidestart|p1: salpicadura|move: Stealth Rock\n|move|p1a: Rillaboom|Wood Hammer|p2a: Iron Treads\n|-damage|p2a: Iron Treads|0 fnt\n|faint|p2a: Iron Treads\n|-end|p2a: Iron Treads|Quark Drive|[silent]\n|-damage|p1a: Rillaboom|69\/100|[from] Recoil\n|\n|-heal|p1a: Rillaboom|76\/100|[from] Grassy Terrain\n|upkeep\n|\n|t:|1699888585\n|switch|p2a: Nihilego|Nihilego|100\/100\n|turn|2\n|\n|t:|1699888612\n|switch|p1a: Heatran|Heatran, M|100\/100\n|-damage|p1a: Heatran|88\/100|[from] Stealth Rock\n|-item|p1a: Heatran|Air Balloon\n|move|p2a: Nihilego|Meteor Beam||[still]\n|-prepare|p2a: Nihilego|Meteor Beam\n|-boost|p2a: Nihilego|spa|1\n|-enditem|p2a: Nihilego|Power Herb\n|-anim|p2a: Nihilego|Meteor Beam|p1a: Heatran\n|-damage|p1a: Heatran|31\/100\n|-enditem|p1a: Heatran|Air Balloon\n|\n|-heal|p1a: Heatran|37\/100|[from] Grassy Terrain\n|upkeep\n|turn|3\n|inactive|lchx has 120 seconds left.\n|\n|t:|1699888650\n|move|p2a: Nihilego|Power Gem|p1a: Heatran\n|-damage|p1a: Heatran|4\/100\n|move|p1a: Heatran|Magma Storm|p2a: Nihilego\n|-resisted|p2a: Nihilego\n|-damage|p2a: Nihilego|86\/100\n|-activate|p2a: Nihilego|move: Magma Storm|[of] p1a: Heatran\n|\n|-heal|p2a: Nihilego|92\/100|[from] Grassy Terrain\n|-heal|p1a: Heatran|11\/100|[from] Grassy Terrain\n|-damage|p2a: Nihilego|80\/100|[from] move: Magma Storm|[partiallytrapped]\n|upkeep\n|turn|4\n|inactive|lchx has 120 seconds left.\n|\n|t:|1699888661\n|switch|p1a: Hoopa|Hoopa-Unbound|100\/100\n|-damage|p1a: Hoopa|88\/100|[from] Stealth Rock\n|move|p2a: Nihilego|Power Gem|p1a: Hoopa\n|-damage|p1a: Hoopa|36\/100\n|\n|-heal|p2a: Nihilego|86\/100|[from] Grassy Terrain\n|-heal|p1a: Hoopa|42\/100|[from] Grassy Terrain\n|-end|p2a: Nihilego|Magma Storm|[partiallytrapped]|[silent]\n|upkeep\n|turn|5\n|\n|t:|1699888670\n|switch|p1a: Heatran|Heatran, M|11\/100\n|-damage|p1a: Heatran|0 fnt|[from] Stealth Rock\n|faint|p1a: Heatran\n|move|p2a: Nihilego|Power Gem|p1: Heatran|[notarget]\n|-fail|p2a: Nihilego\n|\n|-heal|p2a: Nihilego|92\/100|[from] Grassy Terrain\n|-fieldend|move: Grassy Terrain\n|upkeep\n|\n|t:|1699888677\n|switch|p1a: Rillaboom|Rillaboom, M|76\/100\n|-damage|p1a: Rillaboom|63\/100|[from] Stealth Rock\n|-fieldstart|move: Grassy Terrain|[from] ability: Grassy Surge|[of] p1a: Rillaboom\n|turn|6\n|\n|t:|1699888684\n|-terastallize|p2a: Nihilego|Flying\n|move|p1a: Rillaboom|Grassy Glide|p2a: Nihilego\n|-resisted|p2a: Nihilego\n|-damage|p2a: Nihilego|43\/100\n|move|p2a: Nihilego|Sludge Wave|p1a: Rillaboom\n|-supereffective|p1a: Rillaboom\n|-damage|p1a: Rillaboom|0 fnt\n|faint|p1a: Rillaboom\n|-ability|p2a: Nihilego|Beast Boost|boost\n|-boost|p2a: Nihilego|spe|1\n|\n|upkeep\n|\n|t:|1699888688\n|switch|p1a: Zapdos|Zapdos|100\/100\n|turn|7\n|\n|t:|1699888692\n|-terastallize|p1a: Zapdos|Steel\n|move|p2a: Nihilego|Power Gem|p1a: Zapdos\n|-resisted|p1a: Zapdos\n|-crit|p1a: Zapdos\n|-damage|p1a: Zapdos|56\/100\n|move|p1a: Zapdos|Volt Switch|p2a: Nihilego\n|-supereffective|p2a: Nihilego\n|-damage|p2a: Nihilego|2\/100\n|\n|t:|1699888707\n|switch|p1a: Tapu Lele|Tapu Lele|100\/100|[from] Volt Switch\n|-damage|p1a: Tapu Lele|88\/100|[from] Stealth Rock\n|-fieldstart|move: Psychic Terrain|[from] ability: Psychic Surge|[of] p1a: Tapu Lele\n|\n|upkeep\n|turn|8\n|\n|t:|1699888712\n|switch|p1a: Zapdos|Zapdos, tera:Steel|56\/100\n|move|p2a: Nihilego|Sludge Wave|p1a: Zapdos\n|-immune|p1a: Zapdos\n|\n|upkeep\n|turn|9\n|inactive|salpicadura has 120 seconds left.\n|inactive|salpicadura has 90 seconds left.\n|j| zgiatq\u8d85\u7ea7\u53ef\u7231\u4e4b\u795e\n|\n|t:|1699888795\n|move|p2a: Nihilego|Power Gem|p1a: Zapdos\n|-resisted|p1a: Zapdos\n|-damage|p1a: Zapdos|28\/100\n|move|p1a: Zapdos|Volt Switch|p2a: Nihilego\n|-supereffective|p2a: Nihilego\n|-damage|p2a: Nihilego|0 fnt\n|faint|p2a: Nihilego\n|\n|t:|1699888803\n|switch|p1a: Alomomola|Alomomola, F|100\/100|[from] Volt Switch\n|-damage|p1a: Alomomola|88\/100|[from] Stealth Rock\n|\n|upkeep\n|\n|t:|1699888813\n|switch|p2a: Rillaboom|Rillaboom, F, shiny|100\/100\n|-fieldstart|move: Grassy Terrain|[from] ability: Grassy Surge|[of] p2a: Rillaboom\n|turn|10\n|inactive|salpicadura has 60 seconds left.\n|inactive|salpicadura has 30 seconds left.\n|\n|t:|1699888877\n|move|p1a: Alomomola|Protect|p1a: Alomomola\n|-singleturn|p1a: Alomomola|Protect\n|move|p2a: Rillaboom|Knock Off|p1a: Alomomola\n|-activate|p1a: Alomomola|move: Protect\n|\n|-heal|p1a: Alomomola|94\/100|[from] Grassy Terrain\n|upkeep\n|turn|11\n|\n|t:|1699888902\n|switch|p1a: Zapdos|Zapdos, tera:Steel|28\/100\n|move|p2a: Rillaboom|Knock Off|p1a: Zapdos\n|-damage|p1a: Zapdos|4\/100\n|-status|p2a: Rillaboom|par|[from] ability: Static|[of] p1a: Zapdos\n|-enditem|p1a: Zapdos|Heavy-Duty Boots|[from] move: Knock Off|[of] p2a: Rillaboom\n|\n|-heal|p1a: Zapdos|10\/100|[from] Grassy Terrain\n|upkeep\n|turn|12\n|inactive|salpicadura has 30 seconds left.\n|inactive|salpicadura has 20 seconds left.\n|\n|t:|1699888931\n|cant|p2a: Rillaboom|par\n|move|p1a: Zapdos|Roost|p1a: Zapdos\n|-heal|p1a: Zapdos|60\/100\n|\n|-heal|p1a: Zapdos|66\/100|[from] Grassy Terrain\n|upkeep\n|turn|13\n|inactive|salpicadura has 30 seconds left this turn.\n|inactive|lchx has 120 seconds left.\n|\n|t:|1699888955\n|move|p1a: Zapdos|Hurricane|p2a: Rillaboom\n|-supereffective|p2a: Rillaboom\n|-damage|p2a: Rillaboom|0 fnt\n|faint|p2a: Rillaboom\n|\n|-heal|p1a: Zapdos|73\/100|[from] Grassy Terrain\n|upkeep\n|inactive|salpicadura has 30 seconds left this turn.\n|\n|t:|1699888960\n|switch|p2a: Iron Valiant|Iron Valiant, shiny|100\/100\n|-enditem|p2a: Iron Valiant|Booster Energy\n|-activate|p2a: Iron Valiant|ability: Quark Drive|[fromitem]\n|-start|p2a: Iron Valiant|quarkdrivespe\n|turn|14\n|inactive|salpicadura has 30 seconds left.\n|inactive|salpicadura has 20 seconds left.\n|inactive|salpicadura has 15 seconds left.\n|inactive|salpicadura has 10 seconds left.\n|inactive|salpicadura has 5 seconds left.\n|\n|t:|1699888998\n|move|p2a: Iron Valiant|Close Combat|p1a: Zapdos\n|-supereffective|p1a: Zapdos\n|-damage|p1a: Zapdos|0 fnt\n|-unboost|p2a: Iron Valiant|def|1\n|-unboost|p2a: Iron Valiant|spd|1\n|faint|p1a: Zapdos\n|\n|upkeep\n|inactive|salpicadura has 10 seconds left this turn.\n|\n|t:|1699889002\n|switch|p1a: Tapu Lele|Tapu Lele|88\/100\n|-damage|p1a: Tapu Lele|76\/100|[from] Stealth Rock\n|-fieldstart|move: Psychic Terrain|[from] ability: Psychic Surge|[of] p1a: Tapu Lele\n|turn|15\n|inactive|salpicadura has 20 seconds left this turn.\n|\n|t:|1699889018\n|move|p2a: Iron Valiant|Destiny Bond|p2a: Iron Valiant\n|-singlemove|p2a: Iron Valiant|Destiny Bond\n|move|p1a: Tapu Lele|Psychic|p2a: Iron Valiant\n|-supereffective|p2a: Iron Valiant\n|-damage|p2a: Iron Valiant|0 fnt\n|faint|p2a: Iron Valiant\n|-activate|p2a: Iron Valiant|move: Destiny Bond\n|-end|p2a: Iron Valiant|Quark Drive|[silent]\n|faint|p1a: Tapu Lele\n|\n|upkeep\n|inactive|salpicadura has 30 seconds left this turn.\n|inactive|salpicadura has 20 seconds left.\n|inactive|salpicadura has 15 seconds left.\n|inactive|salpicadura has 10 seconds left.\n|inactive|salpicadura has 5 seconds left.\n|-message|salpicadura lost due to inactivity.\n|\n|win|lchx\n|raw|salpicadura's rating: 1811 &rarr; <strong>1789<\/strong><br \/>(-22 for losing)\n|raw|lchx's rating: 1779 &rarr; <strong>1801<\/strong><br \/>(+22 for winning)\n|l|\u2606salpicadura\n|l| KoKohs\n","uploadtime":1699889117,"views":10,"p1id":"salpicadura","p2id":"lchx","formatid":"gen9nationaldex","rating":1789,"private":0,"password":""}