{"id":"gen9nationaldex-2000153567","p1":"WhoisFranz","p2":"kapukokokikokiko","format":"[Gen 9] National Dex","log":"|html|<div class=\"broadcast-blue\"><strong>[Gen 9] National Dex is currently suspecting Sneasler! For information on how to participate check out the <a href=\"https:\/\/www.smogon.com\/forums\/threads\/sv-national-dex-suspect-8-just-dance.3731534\/\">suspect thread<\/a>.<\/strong><\/div>\n|j|\u2606WhoisFranz\n|j|\u2606kapukokokikokiko\n|t:|1701164089\n|gametype|singles\n|player|p1|WhoisFranz|unknown|1070\n|player|p2|kapukokokikokiko|roxie|1119\n|teamsize|p1|6\n|teamsize|p2|6\n|gen|9\n|tier|[Gen 9] National Dex\n|rated|\n|rule|HP Percentage Mod: HP is shown in percentages\n|rule|Endless Battle Clause: Forcing endless battles is banned\n|rule|OHKO Clause: OHKO moves are banned\n|rule|Evasion Clause: Evasion abilities, items, and moves are banned\n|rule|Evasion Abilities Clause: Evasion abilities are banned\n|rule|Evasion Items Clause: Evasion items are banned\n|rule|Evasion Moves Clause: Evasion moves are banned\n|rule|Species Clause: Limit one of each Pok\u00e9mon\n|rule|Sleep Clause Mod: Limit one foe put to sleep\n|clearpoke\n|poke|p1|Rattata, L1, F|\n|poke|p1|Garchomp, F|\n|poke|p1|Metagross|\n|poke|p1|Starmie|\n|poke|p1|Maushold-Four|\n|poke|p1|Heatran, F|\n|poke|p2|Rapidash-Galar, M|\n|poke|p2|Mudsdale, F|\n|poke|p2|Keldeo-Resolute|\n|poke|p2|Zebstrika, M|\n|poke|p2|Silvally-*|\n|poke|p2|Glastrier|\n|teampreview\n|inactive|Battle timer is ON: inactive players will automatically lose when time's up. (requested by kapukokokikokiko)\n|\n|t:|1701164107\n|start\n|switch|p1a: Heatran|Heatran, F, shiny|100\/100\n|switch|p2a: \u5927\u5b9b|Mudsdale, F|100\/100\n|-item|p1a: Heatran|Air Balloon\n|turn|1\n|\n|t:|1701164116\n|move|p1a: Heatran|Taunt|p2a: \u5927\u5b9b\n|-start|p2a: \u5927\u5b9b|move: Taunt\n|cant|p2a: \u5927\u5b9b|move: Taunt|Stealth Rock\n|\n|upkeep\n|turn|2\n|\n|t:|1701164121\n|move|p1a: Heatran|Stealth Rock|p2a: \u5927\u5b9b\n|-sidestart|p2: kapukokokikokiko|move: Stealth Rock\n|move|p2a: \u5927\u5b9b|Heavy Slam|p1a: Heatran\n|-resisted|p1a: Heatran\n|-damage|p1a: Heatran|97\/100\n|-enditem|p1a: Heatran|Air Balloon\n|\n|upkeep\n|turn|3\n|\n|t:|1701164129\n|move|p1a: Heatran|Magma Storm|p2a: \u5927\u5b9b|[miss]\n|-miss|p1a: Heatran|p2a: \u5927\u5b9b\n|move|p2a: \u5927\u5b9b|Earthquake|p1a: Heatran\n|-supereffective|p1a: Heatran\n|-damage|p1a: Heatran|0 fnt\n|faint|p1a: Heatran\n|\n|-end|p2a: \u5927\u5b9b|move: Taunt\n|upkeep\n|\n|t:|1701164144\n|switch|p1a: Starmie|Starmie, shiny|100\/100\n|turn|4\n|\n|t:|1701164159\n|move|p1a: Starmie|Gravity|p1a: Starmie\n|-fieldstart|move: Gravity\n|move|p2a: \u5927\u5b9b|Stealth Rock|p1a: Starmie\n|-sidestart|p1: WhoisFranz|move: Stealth Rock\n|\n|upkeep\n|turn|5\n|\n|t:|1701164168\n|move|p1a: Starmie|Hydro Pump|p2a: \u5927\u5b9b\n|-supereffective|p2a: \u5927\u5b9b\n|-damage|p2a: \u5927\u5b9b|0 fnt\n|faint|p2a: \u5927\u5b9b\n|\n|upkeep\n|\n|t:|1701164174\n|switch|p2a: \u7edd\u5f71|Zebstrika, M|100\/100\n|-damage|p2a: \u7edd\u5f71|88\/100|[from] Stealth Rock\n|turn|6\n|\n|t:|1701164187\n|switch|p1a: Garchomp|Garchomp, F|100\/100\n|-damage|p1a: Garchomp|94\/100|[from] Stealth Rock\n|move|p2a: \u7edd\u5f71|Volt Switch|p1a: Garchomp\n|-immune|p1a: Garchomp\n|\n|upkeep\n|turn|7\n|inactive|WhoisFranz has 120 seconds left.\n|\n|t:|1701164233\n|switch|p2a: \u7684\u5362|Glastrier|100\/100\n|-damage|p2a: \u7684\u5362|76\/100|[from] Stealth Rock\n|move|p1a: Garchomp|Swords Dance|p1a: Garchomp\n|-boost|p1a: Garchomp|atk|2\n|\n|upkeep\n|turn|8\n|inactive|WhoisFranz has 90 seconds left.\n|\n|t:|1701164259\n|move|p1a: Garchomp|Scale Shot|p2a: \u7684\u5362\n|-damage|p2a: \u7684\u5362|53\/100\n|-damage|p2a: \u7684\u5362|31\/100\n|-damage|p2a: \u7684\u5362|7\/100\n|-hitcount|p2a: \u7684\u5362|3\n|-unboost|p1a: Garchomp|def|1\n|-boost|p1a: Garchomp|spe|1\n|-damage|p1a: Garchomp|85\/100|[from] item: Life Orb\n|move|p2a: \u7684\u5362|Icicle Crash|p1a: Garchomp\n|-supereffective|p1a: Garchomp\n|-damage|p1a: Garchomp|0 fnt\n|faint|p1a: Garchomp\n|-ability|p2a: \u7684\u5362|Chilling Neigh|boost\n|-boost|p2a: \u7684\u5362|atk|1\n|\n|-fieldend|move: Gravity\n|upkeep\n|inactive|WhoisFranz has 90 seconds left.\n|inactive|WhoisFranz has 60 seconds left.\n|inactive|WhoisFranz has 30 seconds left.\n|\n|t:|1701164330\n|switch|p1a: Maushold|Maushold-Four|100\/100\n|-damage|p1a: Maushold|88\/100|[from] Stealth Rock\n|turn|9\n|-enditem|p2a: \u7684\u5362|Custap Berry|[eat]\n|-activate|p2a: \u7684\u5362|item: Custap Berry|[consumed]\n|\n|t:|1701164339\n|-terastallize|p1a: Maushold|Normal\n|move|p2a: \u7684\u5362|Close Combat|p1a: Maushold\n|-supereffective|p1a: Maushold\n|-damage|p1a: Maushold|0 fnt\n|-unboost|p2a: \u7684\u5362|def|1\n|-unboost|p2a: \u7684\u5362|spd|1\n|faint|p1a: Maushold\n|-ability|p2a: \u7684\u5362|Chilling Neigh|boost\n|-boost|p2a: \u7684\u5362|atk|1\n|\n|upkeep\n|inactive|WhoisFranz has 30 seconds left.\n|inactive|WhoisFranz has 20 seconds left.\n|-message|WhoisFranz forfeited.\n|\n|win|kapukokokikokiko\n|inactive|WhoisFranz has 25 seconds left this turn.\n|raw|WhoisFranz's rating: 1070 &rarr; <strong>1052<\/strong><br \/>(-18 for losing)\n|raw|kapukokokikokiko's rating: 1119 &rarr; <strong>1140<\/strong><br \/>(+21 for winning)\n|l|\u2606WhoisFranz\n","uploadtime":1701164378,"views":1,"p1id":"whoisfranz","p2id":"kapukokokikokiko","formatid":"gen9nationaldex","rating":1052,"private":0,"password":""}