{"id":"gen9nationaldex-1990309055","p1":"azeniya","p2":"KarmaNightraide","format":"[Gen 9] National Dex","log":"|j|\u2606azeniya\n|j|\u2606KarmaNightraide\n|t:|1699954548\n|gametype|singles\n|player|p1|azeniya|roxie|1159\n|player|p2|KarmaNightraide|unknown|1154\n|teamsize|p1|6\n|teamsize|p2|6\n|gen|9\n|tier|[Gen 9] National Dex\n|rated|\n|rule|HP Percentage Mod: HP is shown in percentages\n|rule|Endless Battle Clause: Forcing endless battles is banned\n|rule|OHKO Clause: OHKO moves are banned\n|rule|Evasion Clause: Evasion abilities, items, and moves are banned\n|rule|Evasion Abilities Clause: Evasion abilities are banned\n|rule|Evasion Items Clause: Evasion items are banned\n|rule|Evasion Moves Clause: Evasion moves are banned\n|rule|Species Clause: Limit one of each Pok\u00e9mon\n|rule|Sleep Clause Mod: Limit one foe put to sleep\n|clearpoke\n|poke|p1|Ribombee, F|\n|poke|p1|Tapu Lele|\n|poke|p1|Diancie|\n|poke|p1|Tapu Fini|\n|poke|p1|Enamorus, F|\n|poke|p1|Mimikyu, M|\n|poke|p2|Drifblim, M|\n|poke|p2|Runerigus, M|\n|poke|p2|Chandelure, M|\n|poke|p2|Jellicent, M|\n|poke|p2|Mimikyu, M|\n|poke|p2|Froslass, F|\n|teampreview\n|\n|t:|1699954554\n|start\n|switch|p1a: Diancie|Diancie|100\/100\n|switch|p2a: Icy Wifey|Froslass, F, shiny|100\/100\n|turn|1\n|inactive|Battle timer is ON: inactive players will automatically lose when time's up. (requested by azeniya)\n|\n|t:|1699954573\n|detailschange|p1a: Diancie|Diancie-Mega\n|-mega|p1a: Diancie|Diancie|Diancite\n|move|p1a: Diancie|Diamond Storm|p2a: Icy Wifey\n|-supereffective|p2a: Icy Wifey\n|-damage|p2a: Icy Wifey|0 fnt\n|-start|p1a: Diancie|Disable|Diamond Storm|[from] ability: Cursed Body|[of] p2a: Icy Wifey\n|faint|p2a: Icy Wifey\n|\n|upkeep\n|\n|t:|1699954598\n|switch|p2a: Ragnar\u00f6k|Runerigus, M|100\/100\n|turn|2\n|\n|t:|1699954608\n|switch|p1a: Tapu Fini|Tapu Fini|100\/100\n|-fieldstart|move: Misty Terrain|[from] ability: Misty Surge|[of] p1a: Tapu Fini\n|move|p2a: Ragnar\u00f6k|Earthquake|p1a: Tapu Fini\n|-damage|p1a: Tapu Fini|57\/100\n|\n|-heal|p1a: Tapu Fini|63\/100|[from] item: Leftovers\n|upkeep\n|turn|3\n|inactive|KarmaNightraide has 120 seconds left.\n|\n|t:|1699954645\n|move|p1a: Tapu Fini|Calm Mind|p1a: Tapu Fini\n|-boost|p1a: Tapu Fini|spa|1\n|-boost|p1a: Tapu Fini|spd|1\n|move|p2a: Ragnar\u00f6k|Poltergeist|p1a: Tapu Fini\n|-activate|p1a: Tapu Fini|move: Poltergeist|Leftovers\n|-damage|p1a: Tapu Fini|14\/100\n|\n|-heal|p1a: Tapu Fini|20\/100|[from] item: Leftovers\n|upkeep\n|turn|4\n|\n|t:|1699954658\n|move|p1a: Tapu Fini|Draining Kiss|p2a: Ragnar\u00f6k\n|-damage|p2a: Ragnar\u00f6k|77\/100\n|-heal|p1a: Tapu Fini|34\/100|[from] drain|[of] p2a: Ragnar\u00f6k\n|-activate|p2a: Ragnar\u00f6k|ability: Wandering Spirit|Misty Surge|Wandering Spirit|[of] p1a: Tapu Fini\n|move|p2a: Ragnar\u00f6k|Body Press|p1a: Tapu Fini\n|-resisted|p1a: Tapu Fini\n|-damage|p1a: Tapu Fini|23\/100\n|-activate|p1a: Tapu Fini|ability: Wandering Spirit|Misty Surge|Wandering Spirit|[of] p2a: Ragnar\u00f6k\n|\n|-heal|p1a: Tapu Fini|29\/100|[from] item: Leftovers\n|upkeep\n|turn|5\n|\n|t:|1699954686\n|switch|p1a: Mimikyu|Mimikyu, M|100\/100\n|move|p2a: Ragnar\u00f6k|Poltergeist|p1a: Mimikyu\n|-activate|p1a: Mimikyu|move: Poltergeist|Life Orb\n|-activate|p1a: Mimikyu|ability: Disguise\n|-damage|p1a: Mimikyu|100\/100\n|detailschange|p1a: Mimikyu|Mimikyu-Busted, M\n|-damage|p1a: Mimikyu|88\/100|[from] pokemon: Mimikyu-Busted\n|\n|upkeep\n|turn|6\n|\n|t:|1699954696\n|move|p1a: Mimikyu|Shadow Claw|p2a: Ragnar\u00f6k\n|-supereffective|p2a: Ragnar\u00f6k\n|-damage|p2a: Ragnar\u00f6k|4\/100\n|-damage|p1a: Mimikyu|78\/100|[from] item: Life Orb\n|move|p2a: Ragnar\u00f6k|Poltergeist|p1a: Mimikyu\n|-activate|p1a: Mimikyu|move: Poltergeist|Life Orb\n|-supereffective|p1a: Mimikyu\n|-damage|p1a: Mimikyu|0 fnt\n|faint|p1a: Mimikyu\n|\n|-fieldend|Misty Terrain\n|upkeep\n|\n|t:|1699954703\n|switch|p1a: Ribombee|Ribombee, F|100\/100\n|turn|7\n|inactive|KarmaNightraide has 120 seconds left.\n|inactive|KarmaNightraide has 90 seconds left.\n|\n|t:|1699954740\n|move|p1a: Ribombee|Sticky Web|p2a: Ragnar\u00f6k\n|-sidestart|p2: KarmaNightraide|move: Sticky Web\n|move|p2a: Ragnar\u00f6k|Stone Edge|p1a: Ribombee\n|-supereffective|p1a: Ribombee\n|-damage|p1a: Ribombee|3\/100\n|\n|upkeep\n|turn|8\n|\n|t:|1699954749\n|move|p1a: Ribombee|Toxic|p2a: Ragnar\u00f6k\n|-status|p2a: Ragnar\u00f6k|tox\n|move|p2a: Ragnar\u00f6k|Stone Edge|p1a: Ribombee|[miss]\n|-miss|p2a: Ragnar\u00f6k|p1a: Ribombee\n|\n|-damage|p2a: Ragnar\u00f6k|0 fnt|[from] psn\n|faint|p2a: Ragnar\u00f6k\n|upkeep\n|\n|t:|1699954758\n|switch|p2a: 'Loon|Drifblim, M|100\/100\n|turn|9\n|\n|t:|1699954765\n|move|p1a: Ribombee|Toxic|p2a: 'Loon\n|-status|p2a: 'Loon|tox\n|move|p2a: 'Loon|Defog|p1a: Ribombee\n|-unboost|p1a: Ribombee|evasion|1\n|-sideend|p2: KarmaNightraide|Sticky Web|[from] move: Defog|[of] p2a: 'Loon\n|\n|-damage|p2a: 'Loon|94\/100 tox|[from] psn\n|upkeep\n|turn|10\n|\n|t:|1699954776\n|move|p1a: Ribombee|Trick|p2a: 'Loon\n|-activate|p1a: Ribombee|move: Trick|[of] p2a: 'Loon\n|-item|p2a: 'Loon|Focus Sash|[from] move: Trick\n|-item|p1a: Ribombee|Flame Orb|[from] move: Trick\n|move|p2a: 'Loon|Air Slash|p1a: Ribombee\n|-supereffective|p1a: Ribombee\n|-damage|p1a: Ribombee|0 fnt\n|faint|p1a: Ribombee\n|\n|-damage|p2a: 'Loon|82\/100 tox|[from] psn\n|upkeep\n|\n|t:|1699954791\n|switch|p1a: Tapu Lele|Tapu Lele|100\/100\n|-fieldstart|move: Psychic Terrain|[from] ability: Psychic Surge|[of] p1a: Tapu Lele\n|turn|11\n|\n|t:|1699954812\n|switch|p2a: LittleLightOfMine|Chandelure, M|100\/100\n|move|p1a: Tapu Lele|Psychic|p2a: LittleLightOfMine\n|-damage|p2a: LittleLightOfMine|6\/100\n|\n|upkeep\n|turn|12\n|inactive|KarmaNightraide has 90 seconds left.\n|\n|t:|1699954837\n|move|p1a: Tapu Lele|Psychic|p2a: LittleLightOfMine\n|-damage|p2a: LittleLightOfMine|0 fnt\n|faint|p2a: LittleLightOfMine\n|\n|upkeep\n|\n|t:|1699954841\n|switch|p2a: 'Lil guy my man|Mimikyu, M|100\/100\n|turn|13\n|\n|t:|1699954850\n|move|p2a: 'Lil guy my man|Swords Dance|p2a: 'Lil guy my man\n|-boost|p2a: 'Lil guy my man|atk|2\n|move|p1a: Tapu Lele|Psychic|p2a: 'Lil guy my man\n|-activate|p2a: 'Lil guy my man|ability: Disguise\n|-damage|p2a: 'Lil guy my man|100\/100\n|detailschange|p2a: 'Lil guy my man|Mimikyu-Busted, M\n|-damage|p2a: 'Lil guy my man|88\/100|[from] pokemon: Mimikyu-Busted\n|\n|upkeep\n|turn|14\n|\n|t:|1699954863\n|-zpower|p2a: 'Lil guy my man\n|move|p2a: 'Lil guy my man|Let's Snuggle Forever|p1a: Tapu Lele|[zeffect]\n|-damage|p1a: Tapu Lele|0 fnt\n|faint|p1a: Tapu Lele\n|\n|upkeep\n|\n|t:|1699954879\n|switch|p1a: Diancie|Diancie-Mega|100\/100\n|turn|15\n|\n|t:|1699954895\n|move|p2a: 'Lil guy my man|Shadow Sneak|p1a: Diancie\n|-activate|p1a: Diancie|move: Psychic Terrain\n|move|p1a: Diancie|Diamond Storm|p2a: 'Lil guy my man\n|-damage|p2a: 'Lil guy my man|0 fnt\n|faint|p2a: 'Lil guy my man\n|\n|-fieldend|move: Psychic Terrain\n|upkeep\n|\n|t:|1699954903\n|switch|p2a: Nice 'Stache|Jellicent, M|100\/100\n|turn|16\n|\n|t:|1699954913\n|-terastallize|p2a: Nice 'Stache|Fairy\n|move|p1a: Diancie|Moonblast|p2a: Nice 'Stache\n|-damage|p2a: Nice 'Stache|52\/100\n|move|p2a: Nice 'Stache|Scald|p1a: Diancie\n|-supereffective|p1a: Diancie\n|-damage|p1a: Diancie|1\/100\n|-status|p1a: Diancie|brn\n|\n|-heal|p2a: Nice 'Stache|58\/100|[from] item: Leftovers\n|-damage|p1a: Diancie|0 fnt|[from] brn\n|faint|p1a: Diancie\n|upkeep\n|\n|t:|1699954918\n|switch|p1a: Enamorus|Enamorus, F|100\/100\n|turn|17\n|\n|t:|1699954943\n|move|p1a: Enamorus|Superpower|p2a: Nice 'Stache\n|-resisted|p2a: Nice 'Stache\n|-damage|p2a: Nice 'Stache|33\/100\n|-unboost|p1a: Enamorus|atk|1\n|-unboost|p1a: Enamorus|def|1\n|move|p2a: Nice 'Stache|Ice Beam|p1a: Enamorus\n|-supereffective|p1a: Enamorus\n|-damage|p1a: Enamorus|49\/100\n|\n|-heal|p2a: Nice 'Stache|39\/100|[from] item: Leftovers\n|upkeep\n|turn|18\n|\n|t:|1699954965\n|move|p1a: Enamorus|Play Rough|p2a: Nice 'Stache\n|-damage|p2a: Nice 'Stache|0 fnt\n|faint|p2a: Nice 'Stache\n|\n|upkeep\n|\n|t:|1699954970\n|switch|p2a: 'Loon|Drifblim, M|82\/100 tox\n|turn|19\n|\n|t:|1699954976\n|move|p1a: Enamorus|Play Rough|p2a: 'Loon\n|-damage|p2a: 'Loon|39\/100 tox\n|move|p2a: 'Loon|Thunderbolt|p1a: Enamorus\n|-supereffective|p1a: Enamorus\n|-damage|p1a: Enamorus|0 fnt\n|faint|p1a: Enamorus\n|\n|-damage|p2a: 'Loon|32\/100 tox|[from] psn\n|upkeep\n|\n|t:|1699954980\n|switch|p1a: Tapu Fini|Tapu Fini|29\/100\n|-fieldstart|move: Misty Terrain|[from] ability: Misty Surge|[of] p1a: Tapu Fini\n|turn|20\n|\n|t:|1699955002\n|move|p2a: 'Loon|Thunderbolt|p1a: Tapu Fini\n|-supereffective|p1a: Tapu Fini\n|-damage|p1a: Tapu Fini|0 fnt\n|faint|p1a: Tapu Fini\n|\n|win|KarmaNightraide\n|raw|azeniya's rating: 1159 &rarr; <strong>1134<\/strong><br \/>(-25 for losing)\n|raw|KarmaNightraide's rating: 1154 &rarr; <strong>1179<\/strong><br \/>(+25 for winning)\n|l|\u2606azeniya\n|l|\u2606KarmaNightraide\n|j|\u2606KarmaNightraide\n|player|p2|KarmaNightraide|unknown\n","uploadtime":1699955044,"views":12,"p1id":"azeniya","p2id":"karmanightraide","formatid":"gen9nationaldex","rating":1134,"private":0,"password":""}