{"id":"gen9nationaldex-1988321566","p1":"flysix","p2":"kehantor","format":"[Gen 9] National Dex","log":"|j|\u2606flysix\n|j|\u2606kehantor\n|t:|1699708176\n|gametype|singles\n|player|p1|flysix|rosa|1513\n|player|p2|kehantor|101|1434\n|teamsize|p1|6\n|teamsize|p2|6\n|gen|9\n|tier|[Gen 9] National Dex\n|rated|\n|rule|HP Percentage Mod: HP is shown in percentages\n|rule|Endless Battle Clause: Forcing endless battles is banned\n|rule|OHKO Clause: OHKO moves are banned\n|rule|Evasion Clause: Evasion abilities, items, and moves are banned\n|rule|Evasion Abilities Clause: Evasion abilities are banned\n|rule|Evasion Items Clause: Evasion items are banned\n|rule|Evasion Moves Clause: Evasion moves are banned\n|rule|Species Clause: Limit one of each Pok\u00e9mon\n|rule|Sleep Clause Mod: Limit one foe put to sleep\n|clearpoke\n|poke|p1|Torterra, M|\n|poke|p1|Ninetales-Alola, M|\n|poke|p1|Quaquaval, M|\n|poke|p1|Heatran, F|\n|poke|p1|Armarouge, F|\n|poke|p1|Kommo-o, M|\n|poke|p2|Pelipper, M|\n|poke|p2|Zapdos|\n|poke|p2|Iron Valiant|\n|poke|p2|Kartana|\n|poke|p2|Basculegion-F, F|\n|poke|p2|Swampert, M|\n|teampreview\n|inactive|Battle timer is ON: inactive players will automatically lose when time's up. (requested by flysix)\n|\n|t:|1699708202\n|start\n|switch|p1a: Heatran|Heatran, F|100\/100\n|switch|p2a: Kartana|Kartana|100\/100\n|turn|1\n|\n|t:|1699708224\n|switch|p2a: Swampert|Swampert, M|100\/100\n|move|p1a: Heatran|Stealth Rock|p2a: Swampert\n|-sidestart|p2: kehantor|move: Stealth Rock\n|\n|upkeep\n|turn|2\n|\n|t:|1699708243\n|switch|p1a: Ninetales|Ninetales-Alola, M|100\/100\n|-weather|Snow|[from] ability: Snow Warning|[of] p1a: Ninetales\n|detailschange|p2a: Swampert|Swampert-Mega, M\n|-mega|p2a: Swampert|Swampert|Swampertite\n|move|p2a: Swampert|Flip Turn|p1a: Ninetales\n|-damage|p1a: Ninetales|66\/100\n|\n|t:|1699708275\n|switch|p2a: Kartana|Kartana|100\/100|[from] Flip Turn\n|-damage|p2a: Kartana|94\/100|[from] Stealth Rock\n|\n|-weather|Snow|[upkeep]\n|upkeep\n|turn|3\n|\n|t:|1699708294\n|switch|p1a: Monkey Posession|Armarouge, F|100\/100\n|move|p2a: Kartana|Substitute|p2a: Kartana\n|-start|p2a: Kartana|Substitute\n|-damage|p2a: Kartana|69\/100\n|\n|-weather|Snow|[upkeep]\n|upkeep\n|turn|4\n|\n|t:|1699708306\n|-zpower|p2a: Kartana\n|move|p2a: Kartana|Bloom Doom|p1a: Monkey Posession|[zeffect]\n|-resisted|p1a: Monkey Posession\n|-crit|p1a: Monkey Posession\n|-damage|p1a: Monkey Posession|38\/100\n|-ability|p1a: Monkey Posession|Weak Armor|boost\n|-unboost|p1a: Monkey Posession|def|1\n|-boost|p1a: Monkey Posession|spe|2\n|move|p1a: Monkey Posession|Flamethrower|p2a: Kartana\n|-supereffective|p2a: Kartana\n|-end|p2a: Kartana|Substitute\n|\n|-weather|Snow|[upkeep]\n|upkeep\n|turn|5\n|\n|t:|1699708321\n|switch|p2a: Pelipper|Pelipper, M|100\/100\n|-damage|p2a: Pelipper|76\/100|[from] Stealth Rock\n|-weather|RainDance|[from] ability: Drizzle|[of] p2a: Pelipper\n|move|p1a: Monkey Posession|Flamethrower|p2a: Pelipper\n|-resisted|p2a: Pelipper\n|-damage|p2a: Pelipper|64\/100\n|\n|-weather|RainDance|[upkeep]\n|upkeep\n|turn|6\n|\n|t:|1699708334\n|switch|p1a: Ninetales|Ninetales-Alola, M|66\/100\n|-weather|Snow|[from] ability: Snow Warning|[of] p1a: Ninetales\n|move|p2a: Pelipper|U-turn|p1a: Ninetales\n|-resisted|p1a: Ninetales\n|-damage|p1a: Ninetales|62\/100\n|\n|t:|1699708342\n|switch|p2a: Kartana|Kartana|69\/100|[from] U-turn\n|-damage|p2a: Kartana|63\/100|[from] Stealth Rock\n|\n|-weather|Snow|[upkeep]\n|upkeep\n|turn|7\n|\n|t:|1699708348\n|switch|p1a: Monkey Posession|Armarouge, F|38\/100\n|move|p2a: Kartana|Smart Strike|p1a: Monkey Posession\n|-resisted|p1a: Monkey Posession\n|-damage|p1a: Monkey Posession|23\/100\n|-ability|p1a: Monkey Posession|Weak Armor|boost\n|-unboost|p1a: Monkey Posession|def|1\n|-boost|p1a: Monkey Posession|spe|2\n|\n|-weather|Snow|[upkeep]\n|upkeep\n|turn|8\n|\n|t:|1699708359\n|switch|p2a: Pelipper|Pelipper, M|64\/100\n|-damage|p2a: Pelipper|39\/100|[from] Stealth Rock\n|-weather|RainDance|[from] ability: Drizzle|[of] p2a: Pelipper\n|move|p1a: Monkey Posession|Calm Mind|p1a: Monkey Posession\n|-boost|p1a: Monkey Posession|spa|1\n|-boost|p1a: Monkey Posession|spd|1\n|\n|-weather|RainDance|[upkeep]\n|upkeep\n|turn|9\n|\n|t:|1699708372\n|switch|p2a: Swampert|Swampert-Mega, M|100\/100\n|-damage|p2a: Swampert|94\/100|[from] Stealth Rock\n|move|p1a: Monkey Posession|Stored Power|p2a: Swampert\n|-damage|p2a: Swampert|34\/100\n|\n|-weather|RainDance|[upkeep]\n|upkeep\n|turn|10\n|\n|t:|1699708382\n|move|p2a: Swampert|Flip Turn|p1a: Monkey Posession\n|-supereffective|p1a: Monkey Posession\n|-damage|p1a: Monkey Posession|0 fnt\n|faint|p1a: Monkey Posession\n|\n|t:|1699708398\n|switch|p2a: Pelipper|Pelipper, M|39\/100|[from] Flip Turn\n|-damage|p2a: Pelipper|14\/100|[from] Stealth Rock\n|\n|-weather|RainDance|[upkeep]\n|upkeep\n|\n|t:|1699708401\n|switch|p1a: Ninetales|Ninetales-Alola, M|62\/100\n|-weather|Snow|[from] ability: Snow Warning|[of] p1a: Ninetales\n|turn|11\n|\n|t:|1699708408\n|move|p1a: Ninetales|Aurora Veil|p1a: Ninetales\n|-sidestart|p1: flysix|move: Aurora Veil\n|move|p2a: Pelipper|Defog|p1a: Ninetales\n|-unboost|p1a: Ninetales|evasion|1\n|-sideend|p1: flysix|move: Aurora Veil\n|-sideend|p2: kehantor|Stealth Rock|[from] move: Defog|[of] p2a: Pelipper\n|\n|-weather|Snow|[upkeep]\n|upkeep\n|turn|12\n|\n|t:|1699708421\n|switch|p2a: Kartana|Kartana|63\/100\n|move|p1a: Ninetales|Aurora Veil|p1a: Ninetales\n|-sidestart|p1: flysix|move: Aurora Veil\n|\n|-weather|Snow|[upkeep]\n|upkeep\n|turn|13\n|\n|t:|1699708433\n|switch|p1a: Heatran|Heatran, F|100\/100\n|switch|p2a: Pelipper|Pelipper, M|14\/100\n|-weather|RainDance|[from] ability: Drizzle|[of] p2a: Pelipper\n|\n|-weather|RainDance|[upkeep]\n|upkeep\n|turn|14\n|\n|t:|1699708442\n|switch|p2a: Swampert|Swampert-Mega, M|34\/100\n|-zpower|p1a: Heatran\n|move|p1a: Heatran|Corkscrew Crash|p2a: Swampert|[zeffect]\n|-resisted|p2a: Swampert\n|-damage|p2a: Swampert|0 fnt\n|faint|p2a: Swampert\n|\n|-weather|RainDance|[upkeep]\n|upkeep\n|\n|t:|1699708455\n|switch|p2a: Basculegion|Basculegion-F, F|100\/100\n|turn|15\n|\n|t:|1699708465\n|-terastallize|p2a: Basculegion|Water\n|move|p2a: Basculegion|Surf|p1a: Heatran\n|-supereffective|p1a: Heatran\n|-damage|p1a: Heatran|0 fnt\n|faint|p1a: Heatran\n|\n|-weather|RainDance|[upkeep]\n|upkeep\n|\n|t:|1699708468\n|switch|p1a: Ninetales|Ninetales-Alola, M|62\/100\n|-weather|Snow|[from] ability: Snow Warning|[of] p1a: Ninetales\n|turn|16\n|\n|t:|1699708486\n|switch|p2a: Iron Valiant|Iron Valiant|100\/100\n|-enditem|p2a: Iron Valiant|Booster Energy\n|-activate|p2a: Iron Valiant|ability: Quark Drive|[fromitem]\n|-start|p2a: Iron Valiant|quarkdrivespe\n|move|p1a: Ninetales|Freeze-Dry|p2a: Iron Valiant\n|-damage|p2a: Iron Valiant|61\/100\n|\n|-weather|Snow|[upkeep]\n|upkeep\n|turn|17\n|\n|t:|1699708498\n|move|p2a: Iron Valiant|Focus Blast|p1a: Ninetales\n|-damage|p1a: Ninetales|32\/100\n|move|p1a: Ninetales|Freeze-Dry|p2a: Iron Valiant\n|-damage|p2a: Iron Valiant|24\/100\n|\n|-weather|Snow|[upkeep]\n|upkeep\n|turn|18\n|\n|t:|1699708511\n|move|p2a: Iron Valiant|Destiny Bond|p2a: Iron Valiant\n|-singlemove|p2a: Iron Valiant|Destiny Bond\n|move|p1a: Ninetales|Freeze-Dry|p2a: Iron Valiant\n|-damage|p2a: Iron Valiant|0 fnt\n|faint|p2a: Iron Valiant\n|-activate|p2a: Iron Valiant|move: Destiny Bond\n|-end|p2a: Iron Valiant|Quark Drive|[silent]\n|faint|p1a: Ninetales\n|\n|-weather|Snow|[upkeep]\n|upkeep\n|\n|t:|1699708521\n|switch|p2a: Pelipper|Pelipper, M|14\/100\n|switch|p1a: Kommo-o|Kommo-o, M|100\/100\n|-weather|RainDance|[from] ability: Drizzle|[of] p2a: Pelipper\n|turn|19\n|\n|t:|1699708534\n|move|p1a: Kommo-o|Clanging Scales|p2a: Pelipper\n|-damage|p2a: Pelipper|0 fnt\n|faint|p2a: Pelipper\n|-unboost|p1a: Kommo-o|def|1\n|-enditem|p1a: Kommo-o|Throat Spray\n|-boost|p1a: Kommo-o|spa|1|[from] item: Throat Spray\n|\n|-weather|RainDance|[upkeep]\n|-sideend|p1: flysix|move: Aurora Veil\n|upkeep\n|\n|t:|1699708553\n|switch|p2a: Kartana|Kartana|63\/100\n|turn|20\n|\n|t:|1699708571\n|-terastallize|p1a: Kommo-o|Steel\n|move|p2a: Kartana|Leaf Blade|p1a: Kommo-o\n|-resisted|p1a: Kommo-o\n|-damage|p1a: Kommo-o|57\/100\n|move|p1a: Kommo-o|Clangorous Soul|p1a: Kommo-o\n|-boost|p1a: Kommo-o|atk|1\n|-boost|p1a: Kommo-o|def|1\n|-boost|p1a: Kommo-o|spa|1\n|-boost|p1a: Kommo-o|spd|1\n|-boost|p1a: Kommo-o|spe|1\n|-damage|p1a: Kommo-o|24\/100\n|\n|-weather|RainDance|[upkeep]\n|upkeep\n|turn|21\n|\n|t:|1699708585\n|move|p1a: Kommo-o|Flamethrower|p2a: Kartana\n|-supereffective|p2a: Kartana\n|-damage|p2a: Kartana|0 fnt\n|faint|p2a: Kartana\n|\n|-weather|RainDance|[upkeep]\n|upkeep\n|\n|t:|1699708591\n|switch|p2a: Basculegion|Basculegion-F, F, tera:Water|100\/100\n|turn|22\n|\n|t:|1699708596\n|move|p2a: Basculegion|Shadow Ball|p1a: Kommo-o\n|-immune|p1a: Kommo-o|[from] ability: Bulletproof\n|move|p1a: Kommo-o|Clanging Scales|p2a: Basculegion\n|-damage|p2a: Basculegion|0 fnt\n|faint|p2a: Basculegion\n|-unboost|p1a: Kommo-o|def|1\n|\n|-weather|RainDance|[upkeep]\n|upkeep\n|-message|kehantor forfeited.\n|\n|win|flysix\n|raw|flysix's rating: 1513 &rarr; <strong>1529<\/strong><br \/>(+16 for winning)\n|raw|kehantor's rating: 1434 &rarr; <strong>1418<\/strong><br \/>(-16 for losing)\n|l|\u2606kehantor\n","uploadtime":1699708612,"views":4,"p1id":"flysix","p2id":"kehantor","formatid":"gen9nationaldex","rating":1418,"private":0,"password":""}