{"id":"gen9nationaldex-1991375925","p1":"Generation why?","p2":"Supremium_Gmr","format":"[Gen 9] National Dex","log":"|j|\u2606Generation why?\n|j|\u2606Supremium_Gmr\n|t:|1700071940\n|gametype|singles\n|player|p1|Generation why?|265|1148\n|player|p2|Supremium_Gmr|hiker-gen4|1054\n|teamsize|p1|6\n|teamsize|p2|6\n|gen|9\n|tier|[Gen 9] National Dex\n|rated|\n|rule|HP Percentage Mod: HP is shown in percentages\n|rule|Endless Battle Clause: Forcing endless battles is banned\n|rule|OHKO Clause: OHKO moves are banned\n|rule|Evasion Clause: Evasion abilities, items, and moves are banned\n|rule|Evasion Abilities Clause: Evasion abilities are banned\n|rule|Evasion Items Clause: Evasion items are banned\n|rule|Evasion Moves Clause: Evasion moves are banned\n|rule|Species Clause: Limit one of each Pok\u00e9mon\n|rule|Sleep Clause Mod: Limit one foe put to sleep\n|clearpoke\n|poke|p1|Gastrodon-East, M|\n|poke|p1|Torterra, F|\n|poke|p1|Talonflame, M|\n|poke|p1|Purugly, F|\n|poke|p1|Articuno-Galar|\n|poke|p1|Glimmora, M|\n|poke|p2|Landorus-Therian, M|\n|poke|p2|Ninetales, F|\n|poke|p2|Ogerpon-Wellspring, F|\n|poke|p2|Regice|\n|poke|p2|Sharpedo, M|\n|poke|p2|Ribombee, M|\n|teampreview\n|\n|t:|1700071957\n|start\n|switch|p1a: Glimmora|Glimmora, M|100\/100\n|switch|p2a: Ribombee|Ribombee, M|100\/100\n|turn|1\n|c|\u2606Generation why?|glhf\n|\n|t:|1700071970\n|move|p2a: Ribombee|Sticky Web|p1a: Glimmora\n|-sidestart|p1: Generation why?|move: Sticky Web\n|move|p1a: Glimmora|Power Gem|p2a: Ribombee\n|-supereffective|p2a: Ribombee\n|-enditem|p2a: Ribombee|Focus Sash\n|-damage|p2a: Ribombee|1\/100\n|\n|upkeep\n|turn|2\n|\n|t:|1700071982\n|move|p2a: Ribombee|Moonblast|p1a: Glimmora\n|-resisted|p1a: Glimmora\n|-damage|p1a: Glimmora|73\/100\n|-unboost|p1a: Glimmora|spa|1\n|move|p1a: Glimmora|Stealth Rock|p2a: Ribombee\n|-sidestart|p2: Supremium_Gmr|move: Stealth Rock\n|\n|upkeep\n|turn|3\n|\n|t:|1700071988\n|move|p2a: Ribombee|Tailwind|p2a: Ribombee\n|-sidestart|p2: Supremium_Gmr|move: Tailwind\n|move|p1a: Glimmora|Sludge Wave|p2a: Ribombee\n|-supereffective|p2a: Ribombee\n|-crit|p2a: Ribombee\n|-damage|p2a: Ribombee|0 fnt\n|faint|p2a: Ribombee\n|\n|upkeep\n|\n|t:|1700072004\n|switch|p2a: Ninetales|Ninetales, F|100\/100\n|-damage|p2a: Ninetales|76\/100|[from] Stealth Rock\n|-weather|SunnyDay|[from] ability: Drought|[of] p2a: Ninetales\n|turn|4\n|\n|t:|1700072007\n|move|p2a: Ninetales|Extrasensory|p1a: Glimmora\n|-supereffective|p1a: Glimmora\n|-damage|p1a: Glimmora|18\/100\n|move|p1a: Glimmora|Power Gem|p2a: Ninetales\n|-supereffective|p2a: Ninetales\n|-damage|p2a: Ninetales|10\/100\n|\n|-weather|SunnyDay|[upkeep]\n|upkeep\n|turn|5\n|\n|t:|1700072014\n|move|p2a: Ninetales|Extrasensory|p1a: Glimmora\n|-supereffective|p1a: Glimmora\n|-damage|p1a: Glimmora|0 fnt\n|faint|p1a: Glimmora\n|\n|-weather|SunnyDay|[upkeep]\n|upkeep\n|\n|t:|1700072020\n|switch|p1a: Talonflame|Talonflame, M|100\/100\n|turn|6\n|\n|t:|1700072024\n|move|p2a: Ninetales|Extrasensory|p1a: Talonflame\n|-damage|p1a: Talonflame|66\/100\n|move|p1a: Talonflame|Dual Wingbeat|p2a: Ninetales\n|-damage|p2a: Ninetales|0 fnt\n|faint|p2a: Ninetales\n|-hitcount|p2: Ninetales|1\n|\n|-weather|SunnyDay|[upkeep]\n|-sideend|p2: Supremium_Gmr|move: Tailwind\n|upkeep\n|\n|t:|1700072039\n|switch|p2a: Landorus|Landorus-Therian, M|100\/100\n|-damage|p2a: Landorus|88\/100|[from] Stealth Rock\n|-ability|p2a: Landorus|Intimidate|boost\n|-unboost|p1a: Talonflame|atk|1\n|turn|7\n|\n|t:|1700072070\n|move|p2a: Landorus|Knock Off|p1a: Talonflame\n|-crit|p1a: Talonflame\n|-damage|p1a: Talonflame|0 fnt\n|-enditem|p1a: Talonflame|Heavy-Duty Boots|[from] move: Knock Off|[of] p2a: Landorus\n|faint|p1a: Talonflame\n|\n|-weather|SunnyDay|[upkeep]\n|upkeep\n|\n|t:|1700072076\n|switch|p1a: Despair Slug|Gastrodon-East, M, shiny|100\/100\n|-activate|p1a: Despair Slug|move: Sticky Web\n|-unboost|p1a: Despair Slug|spe|1\n|turn|8\n|\n|t:|1700072080\n|move|p2a: Landorus|Knock Off|p1a: Despair Slug\n|-damage|p1a: Despair Slug|71\/100\n|-enditem|p1a: Despair Slug|Leftovers|[from] move: Knock Off|[of] p2a: Landorus\n|move|p1a: Despair Slug|Ice Beam|p2a: Landorus\n|-supereffective|p2a: Landorus\n|-damage|p2a: Landorus|0 fnt\n|faint|p2a: Landorus\n|\n|-weather|none\n|upkeep\n|\n|t:|1700072094\n|switch|p2a: Ogerpon|Ogerpon-Wellspring, F|100\/100\n|-damage|p2a: Ogerpon|88\/100|[from] Stealth Rock\n|turn|9\n|\n|t:|1700072099\n|-terastallize|p1a: Despair Slug|Poison\n|move|p2a: Ogerpon|Focus Energy|p2a: Ogerpon\n|-start|p2a: Ogerpon|move: Focus Energy\n|move|p1a: Despair Slug|Scald|p2a: Ogerpon\n|-heal|p2a: Ogerpon|100\/100|[from] ability: Water Absorb|[of] p1a: Despair Slug\n|\n|upkeep\n|turn|10\n|c|\u2606Generation why?|misclick fuck\n|\n|t:|1700072119\n|move|p2a: Ogerpon|Play Rough|p1a: Despair Slug\n|-resisted|p1a: Despair Slug\n|-crit|p1a: Despair Slug\n|-damage|p1a: Despair Slug|53\/100\n|move|p1a: Despair Slug|Ice Beam|p2a: Ogerpon\n|-damage|p2a: Ogerpon|80\/100\n|\n|upkeep\n|turn|11\n|\n|t:|1700072125\n|move|p2a: Ogerpon|Horn Leech|p1a: Despair Slug\n|-resisted|p1a: Despair Slug\n|-damage|p1a: Despair Slug|37\/100\n|-heal|p2a: Ogerpon|91\/100|[from] drain|[of] p1a: Despair Slug\n|move|p1a: Despair Slug|Ice Beam|p2a: Ogerpon\n|-damage|p2a: Ogerpon|68\/100\n|\n|upkeep\n|turn|12\n|\n|t:|1700072131\n|move|p2a: Ogerpon|Horn Leech|p1a: Despair Slug\n|-resisted|p1a: Despair Slug\n|-crit|p1a: Despair Slug\n|-damage|p1a: Despair Slug|13\/100\n|-heal|p2a: Ogerpon|85\/100|[from] drain|[of] p1a: Despair Slug\n|move|p1a: Despair Slug|Recover|p1a: Despair Slug\n|-heal|p1a: Despair Slug|63\/100\n|\n|upkeep\n|turn|13\n|\n|t:|1700072145\n|move|p2a: Ogerpon|Horn Leech|p1a: Despair Slug\n|-resisted|p1a: Despair Slug\n|-damage|p1a: Despair Slug|47\/100\n|-heal|p2a: Ogerpon|97\/100|[from] drain|[of] p1a: Despair Slug\n|move|p1a: Despair Slug|Ice Beam|p2a: Ogerpon\n|-damage|p2a: Ogerpon|75\/100\n|-status|p2a: Ogerpon|frz\n|\n|upkeep\n|turn|14\n|\n|t:|1700072153\n|switch|p2a: Regice|Regice|100\/100\n|-damage|p2a: Regice|75\/100|[from] Stealth Rock\n|switch|p1a: Articuno|Articuno-Galar|100\/100\n|\n|-heal|p2a: Regice|82\/100|[from] item: Leftovers\n|upkeep\n|turn|15\n|\n|t:|1700072160\n|move|p1a: Articuno|Calm Mind|p1a: Articuno\n|-boost|p1a: Articuno|spa|1\n|-boost|p1a: Articuno|spd|1\n|move|p2a: Regice|Ice Beam|p1a: Articuno\n|-supereffective|p1a: Articuno\n|-damage|p1a: Articuno|41\/100\n|\n|-heal|p2a: Regice|88\/100|[from] item: Leftovers\n|upkeep\n|turn|16\n|-message|Supremium_Gmr forfeited.\n|\n|win|Generation why?\n|raw|Generation why?'s rating: 1148 &rarr; <strong>1166<\/strong><br \/>(+18 for winning)\n|raw|Supremium_Gmr's rating: 1054 &rarr; <strong>1041<\/strong><br \/>(-13 for losing)\n","uploadtime":1700072110,"views":4,"p1id":"generationwhy","p2id":"supremiumgmr","formatid":"gen9nationaldex","rating":1041,"private":0,"password":""}