{"id":"gen9nationaldex-1991647794","p1":"runeatest","p2":"AquaWaves","format":"[Gen 9] National Dex","log":"|j|\u2606runeatest\n|j|\u2606AquaWaves\n|t:|1700098172\n|gametype|singles\n|player|p1|runeatest|fisherman-gen4|1152\n|player|p2|AquaWaves|nessa-masters|1258\n|teamsize|p1|6\n|teamsize|p2|6\n|gen|9\n|tier|[Gen 9] National Dex\n|rated|\n|rule|HP Percentage Mod: HP is shown in percentages\n|rule|Endless Battle Clause: Forcing endless battles is banned\n|rule|OHKO Clause: OHKO moves are banned\n|rule|Evasion Clause: Evasion abilities, items, and moves are banned\n|rule|Evasion Abilities Clause: Evasion abilities are banned\n|rule|Evasion Items Clause: Evasion items are banned\n|rule|Evasion Moves Clause: Evasion moves are banned\n|rule|Species Clause: Limit one of each Pok\u00e9mon\n|rule|Sleep Clause Mod: Limit one foe put to sleep\n|clearpoke\n|poke|p1|Glaceon, M|\n|poke|p1|Flygon, M|\n|poke|p1|Emolga, M|\n|poke|p1|Marowak-Alola, M|\n|poke|p1|Sirfetch\u2019d, M|\n|poke|p1|Lapras, M|\n|poke|p2|Corviknight, F|\n|poke|p2|Ribombee, F|\n|poke|p2|Ceruledge, F|\n|poke|p2|Great Tusk|\n|poke|p2|Tapu Lele|\n|poke|p2|Moltres|\n|teampreview\n|inactive|Battle timer is ON: inactive players will automatically lose when time's up. (requested by runeatest)\n|\n|t:|1700098185\n|start\n|switch|p1a: Sirfetch\u2019d|Sirfetch\u2019d, M|100\/100\n|switch|p2a: Honeymoon|Ribombee, F, shiny|100\/100\n|turn|1\n|\n|t:|1700098192\n|move|p2a: Honeymoon|Sticky Web|p1a: Sirfetch\u2019d\n|-sidestart|p1: runeatest|move: Sticky Web\n|move|p1a: Sirfetch\u2019d|Defog|p2a: Honeymoon\n|-unboost|p2a: Honeymoon|evasion|1\n|-sideend|p1: runeatest|Sticky Web|[from] move: Defog|[of] p1a: Sirfetch\u2019d\n|\n|upkeep\n|turn|2\n|\n|t:|1700098198\n|move|p2a: Honeymoon|Moonblast|p1a: Sirfetch\u2019d\n|-supereffective|p1a: Sirfetch\u2019d\n|-damage|p1a: Sirfetch\u2019d|0 fnt\n|faint|p1a: Sirfetch\u2019d\n|\n|upkeep\n|\n|t:|1700098202\n|switch|p1a: Emolga|Emolga, M|100\/100\n|turn|3\n|\n|t:|1700098222\n|switch|p2a: Reverb|Tapu Lele, shiny|100\/100\n|-fieldstart|move: Psychic Terrain|[from] ability: Psychic Surge|[of] p2a: Reverb\n|move|p1a: Emolga|Nuzzle|p2a: Reverb\n|-damage|p2a: Reverb|92\/100\n|-status|p2a: Reverb|par\n|\n|upkeep\n|turn|4\n|\n|t:|1700098243\n|move|p1a: Emolga|Air Slash|p2a: Reverb\n|-damage|p2a: Reverb|58\/100 par\n|move|p2a: Reverb|Psyshock|p1a: Emolga\n|-enditem|p1a: Emolga|Focus Sash\n|-damage|p1a: Emolga|1\/100\n|\n|upkeep\n|turn|5\n|\n|t:|1700098254\n|move|p1a: Emolga|Air Slash|p2a: Reverb\n|-damage|p2a: Reverb|26\/100 par\n|cant|p2a: Reverb|flinch\n|\n|upkeep\n|turn|6\n|\n|t:|1700098259\n|move|p1a: Emolga|Thunderbolt|p2a: Reverb\n|-damage|p2a: Reverb|0 fnt\n|faint|p2a: Reverb\n|\n|upkeep\n|\n|t:|1700098268\n|switch|p2a: Honeymoon|Ribombee, F, shiny|100\/100\n|turn|7\n|\n|t:|1700098276\n|move|p2a: Honeymoon|Moonblast|p1a: Emolga\n|-damage|p1a: Emolga|0 fnt\n|faint|p1a: Emolga\n|\n|-fieldend|move: Psychic Terrain\n|upkeep\n|\n|t:|1700098286\n|switch|p1a: Marowak|Marowak-Alola, M|100\/100\n|turn|8\n|\n|t:|1700098307\n|switch|p2a: Urban Risks|Great Tusk|100\/100\n|-enditem|p2a: Urban Risks|Booster Energy\n|-activate|p2a: Urban Risks|ability: Protosynthesis|[fromitem]\n|-start|p2a: Urban Risks|protosynthesisatk\n|move|p1a: Marowak|Flare Blitz|p2a: Urban Risks\n|-damage|p2a: Urban Risks|25\/100\n|\n|upkeep\n|turn|9\n|\n|t:|1700098321\n|switch|p1a: Flygon|Flygon, M|100\/100\n|move|p2a: Urban Risks|Stone Edge|p1a: Flygon\n|-resisted|p1a: Flygon\n|-crit|p1a: Flygon\n|-damage|p1a: Flygon|57\/100\n|\n|upkeep\n|turn|10\n|\n|t:|1700098332\n|-end|p2a: Urban Risks|Protosynthesis|[silent]\n|switch|p2a: Keep Me Movin'|Corviknight, F, shiny|100\/100\n|move|p1a: Flygon|Earthquake|p2a: Keep Me Movin'\n|-immune|p2a: Keep Me Movin'\n|\n|upkeep\n|turn|11\n|\n|t:|1700098343\n|switch|p1a: Marowak|Marowak-Alola, M|100\/100\n|switch|p2a: Funkytown!|Moltres, shiny|100\/100\n|\n|upkeep\n|turn|12\n|inactive|AquaWaves has 120 seconds left.\n|\n|t:|1700098364\n|-terastallize|p2a: Funkytown!|Ground\n|move|p2a: Funkytown!|Tera Blast|p1a: Marowak|[anim] Tera Blast Ground\n|-supereffective|p1a: Marowak\n|-damage|p1a: Marowak|0 fnt\n|faint|p1a: Marowak\n|\n|upkeep\n|\n|t:|1700098375\n|switch|p1a: Flygon|Flygon, M|57\/100\n|turn|13\n|\n|t:|1700098382\n|move|p1a: Flygon|Dragon Dance|p1a: Flygon\n|-boost|p1a: Flygon|atk|1\n|-boost|p1a: Flygon|spe|1\n|move|p2a: Funkytown!|Hurricane|p1a: Flygon\n|-damage|p1a: Flygon|0 fnt\n|faint|p1a: Flygon\n|\n|upkeep\n|-message|runeatest forfeited.\n|\n|win|AquaWaves\n|raw|runeatest's rating: 1152 &rarr; <strong>1134<\/strong><br \/>(-18 for losing)\n|raw|AquaWaves's rating: 1258 &rarr; <strong>1276<\/strong><br \/>(+18 for winning)\n|l|\u2606runeatest\n","uploadtime":1700098391,"views":4,"p1id":"runeatest","p2id":"aquawaves","formatid":"gen9nationaldex","rating":1134,"private":0,"password":""}