{"id":"gen9nationaldex-1994535623","p1":"Faiz Kediri Butuh","p2":"Soundz2","format":"[Gen 9] National Dex","log":"|j|\u2606Faiz Kediri Butuh\n|j|\u2606Soundz2\n|t:|1700456029\n|gametype|singles\n|player|p1|Faiz Kediri Butuh|preschoolerf-gen7|1380\n|player|p2|Soundz2|bellelba|1433\n|teamsize|p1|6\n|teamsize|p2|6\n|gen|9\n|tier|[Gen 9] National Dex\n|rated|\n|rule|HP Percentage Mod: HP is shown in percentages\n|rule|Endless Battle Clause: Forcing endless battles is banned\n|rule|OHKO Clause: OHKO moves are banned\n|rule|Evasion Clause: Evasion abilities, items, and moves are banned\n|rule|Evasion Abilities Clause: Evasion abilities are banned\n|rule|Evasion Items Clause: Evasion items are banned\n|rule|Evasion Moves Clause: Evasion moves are banned\n|rule|Species Clause: Limit one of each Pok\u00e9mon\n|rule|Sleep Clause Mod: Limit one foe put to sleep\n|clearpoke\n|poke|p1|Malamar, F|\n|poke|p1|Quagsire, F|\n|poke|p1|Clefable, F|\n|poke|p1|Manectric, F|\n|poke|p1|Sandaconda, F|\n|poke|p1|Gyarados, F|\n|poke|p2|Iron Valiant|\n|poke|p2|Tapu Koko|\n|poke|p2|Vikavolt, F|\n|poke|p2|Iron Moth|\n|poke|p2|Diancie|\n|poke|p2|Skarmory, F|\n|teampreview\n|inactive|Battle timer is ON: inactive players will automatically lose when time's up. (requested by Soundz2)\n|\n|t:|1700456046\n|start\n|switch|p1a: Thicc Snake|Sandaconda, F|100\/100\n|switch|p2a: Tapu Koko|Tapu Koko|100\/100\n|-fieldstart|move: Electric Terrain|[from] ability: Electric Surge|[of] p2a: Tapu Koko\n|turn|1\n|\n|t:|1700456055\n|switch|p2a: Skarmory|Skarmory, F|100\/100\n|move|p1a: Thicc Snake|Glare|p2a: Skarmory\n|-status|p2a: Skarmory|par\n|\n|upkeep\n|turn|2\n|\n|t:|1700456064\n|move|p1a: Thicc Snake|Stealth Rock|p2a: Skarmory\n|-sidestart|p2: Soundz2|move: Stealth Rock\n|move|p2a: Skarmory|Toxic|p1a: Thicc Snake\n|-status|p1a: Thicc Snake|tox\n|\n|-damage|p1a: Thicc Snake|95\/100 tox|[from] psn\n|upkeep\n|turn|3\n|\n|t:|1700456075\n|switch|p1a: Cute Gengar|Clefable, F|100\/100\n|move|p2a: Skarmory|Defog|p1a: Cute Gengar\n|-unboost|p1a: Cute Gengar|evasion|1\n|-sideend|p2: Soundz2|Stealth Rock|[from] move: Defog|[of] p2a: Skarmory\n|-fieldend|move: Electric Terrain\n|\n|upkeep\n|turn|4\n|\n|t:|1700456088\n|switch|p1a: Thicc Snake|Sandaconda, F|95\/100 tox\n|switch|p2a: Iron Moth|Iron Moth|100\/100\n|-enditem|p2a: Iron Moth|Booster Energy\n|-activate|p2a: Iron Moth|ability: Quark Drive|[fromitem]\n|-start|p2a: Iron Moth|quarkdrivespa\n|\n|-activate|p1a: Thicc Snake|ability: Shed Skin\n|-curestatus|p1a: Thicc Snake|tox|[msg]\n|upkeep\n|turn|5\n|\n|t:|1700456105\n|-end|p2a: Iron Moth|Quark Drive|[silent]\n|switch|p2a: Vikavolt|Vikavolt, F, shiny|100\/100\n|move|p1a: Thicc Snake|Glare|p2a: Vikavolt\n|-immune|p2a: Vikavolt\n|\n|upkeep\n|turn|6\n|\n|t:|1700456112\n|-terastallize|p2a: Vikavolt|Ice\n|move|p2a: Vikavolt|Tera Blast|p1a: Thicc Snake|[anim] Tera Blast Ice\n|-supereffective|p1a: Thicc Snake\n|-damage|p1a: Thicc Snake|0 fnt\n|faint|p1a: Thicc Snake\n|\n|upkeep\n|\n|t:|1700456120\n|switch|p1a: Cute Gengar|Clefable, F|100\/100\n|turn|7\n|\n|t:|1700456123\n|move|p2a: Vikavolt|Zap Cannon|p1a: Cute Gengar\n|-damage|p1a: Cute Gengar|45\/100\n|-status|p1a: Cute Gengar|par\n|move|p1a: Cute Gengar|Thunder Wave|p2a: Vikavolt\n|-status|p2a: Vikavolt|par\n|\n|upkeep\n|turn|8\n|\n|t:|1700456131\n|move|p2a: Vikavolt|Zap Cannon|p1a: Cute Gengar|[miss]\n|-miss|p2a: Vikavolt|p1a: Cute Gengar\n|-enditem|p2a: Vikavolt|Blunder Policy\n|-boost|p2a: Vikavolt|spe|2\n|move|p1a: Cute Gengar|Soft-Boiled|p1a: Cute Gengar\n|-heal|p1a: Cute Gengar|95\/100 par\n|\n|upkeep\n|turn|9\n|\n|t:|1700456140\n|switch|p1a: Masbro|Quagsire, F|100\/100\n|move|p2a: Vikavolt|Thunderbolt|p1a: Masbro\n|-immune|p1a: Masbro\n|\n|upkeep\n|turn|10\n|\n|t:|1700456148\n|switch|p1a: Cute Gengar|Clefable, F|95\/100 par\n|move|p2a: Vikavolt|Tera Blast|p1a: Cute Gengar|[anim] Tera Blast Ice\n|-damage|p1a: Cute Gengar|53\/100 par\n|\n|upkeep\n|turn|11\n|\n|t:|1700456155\n|move|p2a: Vikavolt|Tera Blast|p1a: Cute Gengar|[anim] Tera Blast Ice\n|-damage|p1a: Cute Gengar|13\/100 par\n|move|p1a: Cute Gengar|Soft-Boiled|p1a: Cute Gengar\n|-heal|p1a: Cute Gengar|64\/100 par\n|\n|upkeep\n|turn|12\n|\n|t:|1700456162\n|switch|p2a: Iron Moth|Iron Moth|100\/100\n|move|p1a: Cute Gengar|Soft-Boiled|p1a: Cute Gengar\n|-heal|p1a: Cute Gengar|100\/100 par\n|\n|upkeep\n|turn|13\n|\n|t:|1700456169\n|move|p2a: Iron Moth|Sludge Wave|p1a: Cute Gengar\n|-supereffective|p1a: Cute Gengar\n|-damage|p1a: Cute Gengar|10\/100 par\n|move|p1a: Cute Gengar|Thunder Wave|p2a: Iron Moth\n|-status|p2a: Iron Moth|par\n|\n|upkeep\n|turn|14\n|\n|t:|1700456178\n|move|p2a: Iron Moth|Sludge Wave|p1a: Cute Gengar\n|-supereffective|p1a: Cute Gengar\n|-damage|p1a: Cute Gengar|0 fnt\n|faint|p1a: Cute Gengar\n|\n|upkeep\n|\n|t:|1700456191\n|switch|p1a: Dark Squidward|Malamar, F|100\/100\n|turn|15\n|\n|t:|1700456200\n|-end|p2a: Iron Moth|Quark Drive|[silent]\n|switch|p2a: Skarmory|Skarmory, F|100\/100 par\n|move|p1a: Dark Squidward|Superpower|p2a: Skarmory\n|-damage|p2a: Skarmory|78\/100 par\n|-boost|p1a: Dark Squidward|atk|1\n|-boost|p1a: Dark Squidward|def|1\n|\n|upkeep\n|turn|16\n|\n|t:|1700456209\n|move|p1a: Dark Squidward|Knock Off|p2a: Skarmory\n|-damage|p2a: Skarmory|39\/100 par\n|-enditem|p2a: Skarmory|Heavy-Duty Boots|[from] move: Knock Off|[of] p1a: Dark Squidward\n|move|p2a: Skarmory|Toxic|p1a: Dark Squidward|[miss]\n|-miss|p2a: Skarmory|p1a: Dark Squidward\n|\n|upkeep\n|turn|17\n|\n|t:|1700456217\n|move|p1a: Dark Squidward|Superpower|p2a: Skarmory\n|-damage|p2a: Skarmory|6\/100 par\n|-boost|p1a: Dark Squidward|atk|1\n|-boost|p1a: Dark Squidward|def|1\n|move|p2a: Skarmory|Toxic|p1a: Dark Squidward|[miss]\n|-miss|p2a: Skarmory|p1a: Dark Squidward\n|\n|upkeep\n|turn|18\n|\n|t:|1700456228\n|move|p1a: Dark Squidward|Superpower|p2a: Skarmory\n|-damage|p2a: Skarmory|0 fnt\n|-boost|p1a: Dark Squidward|atk|1\n|-boost|p1a: Dark Squidward|def|1\n|faint|p2a: Skarmory\n|\n|upkeep\n|\n|t:|1700456231\n|switch|p2a: Diancie|Diancie|100\/100\n|turn|19\n|\n|t:|1700456251\n|detailschange|p2a: Diancie|Diancie-Mega\n|-mega|p2a: Diancie|Diancie|Diancite\n|move|p2a: Diancie|Moonblast|p1a: Dark Squidward\n|-supereffective|p1a: Dark Squidward\n|-damage|p1a: Dark Squidward|0 fnt\n|faint|p1a: Dark Squidward\n|\n|upkeep\n|\n|t:|1700456264\n|switch|p1a: Masbro|Quagsire, F|100\/100\n|turn|20\n|\n|t:|1700456270\n|move|p2a: Diancie|Moonblast|p1a: Masbro\n|-damage|p1a: Masbro|38\/100\n|move|p1a: Masbro|Earthquake|p2a: Diancie\n|-supereffective|p2a: Diancie\n|-damage|p2a: Diancie|10\/100\n|\n|-heal|p1a: Masbro|44\/100|[from] item: Leftovers\n|upkeep\n|turn|21\n|\n|t:|1700456279\n|move|p2a: Diancie|Moonblast|p1a: Masbro\n|-damage|p1a: Masbro|0 fnt\n|faint|p1a: Masbro\n|\n|upkeep\n|\n|t:|1700456284\n|switch|p1a: Paw Patrol|Manectric, F|100\/100\n|turn|22\n|\n|t:|1700456291\n|detailschange|p1a: Paw Patrol|Manectric-Mega, F\n|-mega|p1a: Paw Patrol|Manectric|Manectite\n|-ability|p1a: Paw Patrol|Intimidate|boost\n|-unboost|p2a: Diancie|atk|1\n|move|p1a: Paw Patrol|Hidden Power|p2a: Diancie\n|-supereffective|p2a: Diancie\n|-damage|p2a: Diancie|0 fnt\n|faint|p2a: Diancie\n|\n|upkeep\n|\n|t:|1700456302\n|switch|p2a: Iron Moth|Iron Moth|100\/100 par\n|turn|23\n|\n|t:|1700456306\n|move|p1a: Paw Patrol|Thunderbolt|p2a: Iron Moth\n|-damage|p2a: Iron Moth|42\/100 par\n|cant|p2a: Iron Moth|par\n|\n|upkeep\n|turn|24\n|\n|t:|1700456312\n|move|p1a: Paw Patrol|Thunderbolt|p2a: Iron Moth\n|-damage|p2a: Iron Moth|0 fnt\n|faint|p2a: Iron Moth\n|-end|p2a: Iron Moth|Quark Drive|[silent]\n|\n|upkeep\n|\n|t:|1700456314\n|switch|p2a: Tapu Koko|Tapu Koko|100\/100\n|-fieldstart|move: Electric Terrain|[from] ability: Electric Surge|[of] p2a: Tapu Koko\n|turn|25\n|\n|t:|1700456321\n|move|p2a: Tapu Koko|Dazzling Gleam|p1a: Paw Patrol\n|-damage|p1a: Paw Patrol|41\/100\n|-damage|p2a: Tapu Koko|91\/100|[from] item: Life Orb\n|move|p1a: Paw Patrol|Thunderbolt|p2a: Tapu Koko\n|-resisted|p2a: Tapu Koko\n|-damage|p2a: Tapu Koko|38\/100\n|\n|upkeep\n|turn|26\n|\n|t:|1700456329\n|move|p2a: Tapu Koko|Dazzling Gleam|p1a: Paw Patrol\n|-damage|p1a: Paw Patrol|0 fnt\n|faint|p1a: Paw Patrol\n|-damage|p2a: Tapu Koko|28\/100|[from] item: Life Orb\n|\n|upkeep\n|\n|t:|1700456335\n|switch|p1a: Leviathan|Gyarados, F|100\/100\n|turn|27\n|\n|t:|1700456340\n|-terastallize|p1a: Leviathan|Ground\n|move|p2a: Tapu Koko|Thunderbolt|p1a: Leviathan\n|-immune|p1a: Leviathan\n|move|p1a: Leviathan|Dragon Dance|p1a: Leviathan\n|-boost|p1a: Leviathan|atk|1\n|-boost|p1a: Leviathan|spe|1\n|\n|upkeep\n|turn|28\n|\n|t:|1700456349\n|move|p1a: Leviathan|Earthquake|p2a: Tapu Koko\n|-supereffective|p2a: Tapu Koko\n|-damage|p2a: Tapu Koko|0 fnt\n|faint|p2a: Tapu Koko\n|-ability|p1a: Leviathan|Moxie|boost\n|-boost|p1a: Leviathan|atk|1\n|\n|upkeep\n|\n|t:|1700456354\n|switch|p2a: Vikavolt|Vikavolt, F, shiny, tera:Ice|100\/100 par\n|turn|29\n|\n|t:|1700456362\n|move|p1a: Leviathan|Waterfall|p2a: Vikavolt\n|-damage|p2a: Vikavolt|5\/100 par\n|move|p2a: Vikavolt|Tera Blast|p1a: Leviathan|[anim] Tera Blast Ice\n|-supereffective|p1a: Leviathan\n|-damage|p1a: Leviathan|1\/100\n|\n|-fieldend|move: Electric Terrain\n|upkeep\n|turn|30\n|\n|t:|1700456372\n|move|p1a: Leviathan|Waterfall|p2a: Vikavolt\n|-damage|p2a: Vikavolt|0 fnt\n|faint|p2a: Vikavolt\n|-ability|p1a: Leviathan|Moxie|boost\n|-boost|p1a: Leviathan|atk|1\n|\n|upkeep\n|\n|t:|1700456374\n|switch|p2a: Iron Valiant|Iron Valiant|100\/100\n|turn|31\n|\n|t:|1700456382\n|move|p1a: Leviathan|Earthquake|p2a: Iron Valiant\n|-damage|p2a: Iron Valiant|0 fnt\n|faint|p2a: Iron Valiant\n|-end|p2a: Iron Valiant|Quark Drive|[silent]\n|\n|win|Faiz Kediri Butuh\n|raw|Faiz Kediri Butuh's rating: 1380 &rarr; <strong>1403<\/strong><br \/>(+23 for winning)\n|raw|Soundz2's rating: 1433 &rarr; <strong>1410<\/strong><br \/>(-23 for losing)\n|l|\u2606Soundz2\n","uploadtime":1700456399,"views":13,"p1id":"faizkediributuh","p2id":"soundz2","formatid":"gen9nationaldex","rating":1403,"private":0,"password":""}