{"id":"gen9nationaldex-1992162258","p1":"Ikeikef","p2":"looking for toxics","format":"[Gen 9] National Dex","log":"|j|\u2606Ikeikef\n|j|\u2606looking for toxics\n|t:|1700160177\n|gametype|singles\n|player|p1|Ikeikef|cynthia|1108\n|player|p2|looking for toxics|1|1061\n|teamsize|p1|6\n|teamsize|p2|6\n|gen|9\n|tier|[Gen 9] National Dex\n|rated|\n|rule|HP Percentage Mod: HP is shown in percentages\n|rule|Endless Battle Clause: Forcing endless battles is banned\n|rule|OHKO Clause: OHKO moves are banned\n|rule|Evasion Clause: Evasion abilities, items, and moves are banned\n|rule|Evasion Abilities Clause: Evasion abilities are banned\n|rule|Evasion Items Clause: Evasion items are banned\n|rule|Evasion Moves Clause: Evasion moves are banned\n|rule|Species Clause: Limit one of each Pok\u00e9mon\n|rule|Sleep Clause Mod: Limit one foe put to sleep\n|clearpoke\n|poke|p1|Florges-White, F|\n|poke|p1|Mimikyu, F|\n|poke|p1|Rapidash-Galar, F|\n|poke|p1|Altaria, F|\n|poke|p1|Primarina, F|\n|poke|p1|Togekiss, F|\n|poke|p2|Lopunny, F|\n|poke|p2|Primarina, F|\n|poke|p2|Marowak-Alola, M|\n|poke|p2|Great Tusk|\n|poke|p2|Ninetales-Alola, M|\n|poke|p2|Samurott-Hisui, F|\n|teampreview\n|inactive|Battle timer is ON: inactive players will automatically lose when time's up. (requested by Ikeikef)\n|\n|t:|1700160191\n|start\n|switch|p1a: Primarina|Primarina, F|100\/100\n|switch|p2a: Ninetales|Ninetales-Alola, M|100\/100\n|-weather|Snow|[from] ability: Snow Warning|[of] p2a: Ninetales\n|turn|1\n|\n|t:|1700160208\n|move|p2a: Ninetales|Aurora Veil|p2a: Ninetales\n|-sidestart|p2: looking for toxics|move: Aurora Veil\n|-zpower|p1a: Primarina\n|move|p1a: Primarina|Oceanic Operetta|p2a: Ninetales|[zeffect]\n|-damage|p2a: Ninetales|38\/100\n|\n|-weather|Snow|[upkeep]\n|upkeep\n|turn|2\n|\n|t:|1700160221\n|switch|p1a: Rapidash|Rapidash-Galar, F|100\/100\n|move|p2a: Ninetales|Moonblast|p1a: Rapidash\n|-damage|p1a: Rapidash|44\/100\n|-unboost|p1a: Rapidash|spa|1\n|\n|-weather|Snow|[upkeep]\n|upkeep\n|turn|3\n|\n|t:|1700160230\n|move|p2a: Ninetales|Blizzard|p1a: Rapidash\n|-crit|p1a: Rapidash\n|-damage|p1a: Rapidash|0 fnt\n|faint|p1a: Rapidash\n|\n|-weather|Snow|[upkeep]\n|upkeep\n|\n|t:|1700160243\n|switch|p1a: Florges|Florges-White, F|100\/100\n|turn|4\n|\n|t:|1700160249\n|move|p2a: Ninetales|Blizzard|p1a: Florges\n|-damage|p1a: Florges|74\/100\n|move|p1a: Florges|Wish|p1a: Florges\n|\n|-weather|Snow|[upkeep]\n|-heal|p1a: Florges|80\/100|[from] item: Leftovers\n|upkeep\n|turn|5\n|\n|t:|1700160257\n|move|p2a: Ninetales|Blizzard|p1a: Florges\n|-damage|p1a: Florges|58\/100\n|move|p1a: Florges|Moonblast|p2a: Ninetales\n|-damage|p2a: Ninetales|12\/100\n|-unboost|p2a: Ninetales|spa|1\n|\n|-weather|none\n|-heal|p1a: Florges|100\/100|[from] move: Wish|[wisher] Florges\n|upkeep\n|turn|6\n|\n|t:|1700160280\n|switch|p2a: Marowak|Marowak-Alola, M|100\/100\n|move|p1a: Florges|Moonblast|p2a: Marowak\n|-resisted|p2a: Marowak\n|-damage|p2a: Marowak|86\/100\n|\n|upkeep\n|turn|7\n|\n|t:|1700160289\n|switch|p1a: Primarina|Primarina, F|100\/100\n|move|p2a: Marowak|Flare Blitz|p1a: Primarina\n|-resisted|p1a: Primarina\n|-damage|p1a: Primarina|42\/100\n|\n|upkeep\n|turn|8\n|\n|t:|1700160297\n|move|p1a: Primarina|Sparkling Aria|p2a: Marowak\n|-supereffective|p2a: Marowak\n|-damage|p2a: Marowak|23\/100\n|move|p2a: Marowak|Thunder Punch|p1a: Primarina\n|-supereffective|p1a: Primarina\n|-damage|p1a: Primarina|0 fnt\n|faint|p1a: Primarina\n|\n|-sideend|p2: looking for toxics|move: Aurora Veil\n|upkeep\n|\n|t:|1700160308\n|switch|p1a: Mimikyu|Mimikyu, F|100\/100\n|turn|9\n|\n|t:|1700160315\n|move|p1a: Mimikyu|Swords Dance|p1a: Mimikyu\n|-boost|p1a: Mimikyu|atk|2\n|move|p2a: Marowak|Flare Blitz|p1a: Mimikyu\n|-activate|p1a: Mimikyu|ability: Disguise\n|-damage|p1a: Mimikyu|100\/100\n|detailschange|p1a: Mimikyu|Mimikyu-Busted, F\n|-damage|p1a: Mimikyu|88\/100|[from] pokemon: Mimikyu-Busted\n|\n|upkeep\n|turn|10\n|\n|t:|1700160325\n|move|p1a: Mimikyu|Shadow Sneak|p2a: Marowak\n|-supereffective|p2a: Marowak\n|-damage|p2a: Marowak|0 fnt\n|faint|p2a: Marowak\n|-damage|p1a: Mimikyu|78\/100|[from] item: Life Orb\n|\n|upkeep\n|\n|t:|1700160328\n|switch|p2a: Lopunny|Lopunny, F|100\/100\n|turn|11\n|\n|t:|1700160338\n|detailschange|p2a: Lopunny|Lopunny-Mega, F\n|-mega|p2a: Lopunny|Lopunny|Lopunnite\n|move|p2a: Lopunny|Fake Out|p1a: Mimikyu\n|-damage|p1a: Mimikyu|46\/100\n|cant|p1a: Mimikyu|flinch\n|\n|upkeep\n|turn|12\n|\n|t:|1700160346\n|move|p2a: Lopunny|Return|p1a: Mimikyu\n|-damage|p1a: Mimikyu|0 fnt\n|faint|p1a: Mimikyu\n|\n|upkeep\n|\n|t:|1700160354\n|switch|p1a: Florges|Florges-White, F|100\/100\n|turn|13\n|\n|t:|1700160362\n|move|p2a: Lopunny|Return|p1a: Florges\n|-damage|p1a: Florges|35\/100\n|move|p1a: Florges|Moonblast|p2a: Lopunny\n|-supereffective|p2a: Lopunny\n|-damage|p2a: Lopunny|0 fnt\n|faint|p2a: Lopunny\n|\n|-heal|p1a: Florges|41\/100|[from] item: Leftovers\n|upkeep\n|\n|t:|1700160372\n|switch|p2a: Primarina|Primarina, F|100\/100\n|turn|14\n|\n|t:|1700160379\n|move|p1a: Florges|Giga Drain|p2a: Primarina\n|-supereffective|p2a: Primarina\n|-damage|p2a: Primarina|61\/100\n|-heal|p1a: Florges|60\/100|[from] drain|[of] p2a: Primarina\n|move|p2a: Primarina|Hyper Voice|p1a: Florges\n|-damage|p1a: Florges|28\/100\n|-enditem|p2a: Primarina|Throat Spray\n|-boost|p2a: Primarina|spa|1|[from] item: Throat Spray\n|\n|-heal|p1a: Florges|34\/100|[from] item: Leftovers\n|upkeep\n|turn|15\n|\n|t:|1700160391\n|-terastallize|p2a: Primarina|Grass\n|move|p1a: Florges|Giga Drain|p2a: Primarina\n|-resisted|p2a: Primarina\n|-damage|p2a: Primarina|51\/100\n|-heal|p1a: Florges|39\/100|[from] drain|[of] p2a: Primarina\n|move|p2a: Primarina|Moonblast|p1a: Florges\n|-damage|p1a: Florges|0 fnt\n|faint|p1a: Florges\n|\n|upkeep\n|\n|t:|1700160403\n|switch|p1a: Togekiss|Togekiss, F|100\/100\n|turn|16\n|\n|t:|1700160413\n|move|p1a: Togekiss|Air Slash|p2a: Primarina|[miss]\n|-miss|p1a: Togekiss|p2a: Primarina\n|move|p2a: Primarina|Ice Beam|p1a: Togekiss\n|-supereffective|p1a: Togekiss\n|-damage|p1a: Togekiss|20\/100\n|\n|-heal|p1a: Togekiss|26\/100|[from] item: Leftovers\n|upkeep\n|turn|17\n|\n|t:|1700160424\n|move|p1a: Togekiss|Air Slash|p2a: Primarina\n|-supereffective|p2a: Primarina\n|-damage|p2a: Primarina|0 fnt\n|faint|p2a: Primarina\n|\n|-heal|p1a: Togekiss|33\/100|[from] item: Leftovers\n|upkeep\n|\n|t:|1700160430\n|switch|p2a: Samurott|Samurott-Hisui, F|100\/100\n|turn|18\n|\n|t:|1700160440\n|-terastallize|p1a: Togekiss|Fairy\n|move|p2a: Samurott|Aqua Cutter|p1a: Togekiss\n|-crit|p1a: Togekiss\n|-damage|p1a: Togekiss|0 fnt\n|faint|p1a: Togekiss\n|\n|upkeep\n|\n|t:|1700160447\n|switch|p1a: Altaria|Altaria, F|100\/100\n|turn|19\n|\n|t:|1700160458\n|detailschange|p1a: Altaria|Altaria-Mega, F\n|-mega|p1a: Altaria|Altaria|Altarianite\n|move|p2a: Samurott|Ceaseless Edge|p1a: Altaria\n|-resisted|p1a: Altaria\n|-damage|p1a: Altaria|78\/100\n|-sidestart|p1: Ikeikef|Spikes\n|move|p1a: Altaria|Dragon Dance|p1a: Altaria\n|-boost|p1a: Altaria|atk|1\n|-boost|p1a: Altaria|spe|1\n|\n|upkeep\n|turn|20\n|\n|t:|1700160469\n|move|p1a: Altaria|Return|p2a: Samurott\n|-supereffective|p2a: Samurott\n|-damage|p2a: Samurott|0 fnt\n|faint|p2a: Samurott\n|\n|upkeep\n|\n|t:|1700160472\n|switch|p2a: Ninetales|Ninetales-Alola, M|12\/100\n|-weather|Snow|[from] ability: Snow Warning|[of] p2a: Ninetales\n|turn|21\n|\n|t:|1700160479\n|move|p1a: Altaria|Return|p2a: Ninetales\n|-damage|p2a: Ninetales|0 fnt\n|faint|p2a: Ninetales\n|\n|-weather|Snow|[upkeep]\n|upkeep\n|\n|t:|1700160483\n|switch|p2a: Great Tusk|Great Tusk|100\/100\n|turn|22\n|\n|t:|1700160488\n|move|p1a: Altaria|Return|p2a: Great Tusk\n|-supereffective|p2a: Great Tusk\n|-damage|p2a: Great Tusk|0 fnt\n|faint|p2a: Great Tusk\n|-end|p2a: Great Tusk|Protosynthesis|[silent]\n|\n|win|Ikeikef\n|raw|Ikeikef's rating: 1108 &rarr; <strong>1130<\/strong><br \/>(+22 for winning)\n|raw|looking for toxics's rating: 1061 &rarr; <strong>1044<\/strong><br \/>(-17 for losing)\n|l|\u2606looking for toxics\n","uploadtime":1700160498,"views":4,"p1id":"ikeikef","p2id":"lookingfortoxics","formatid":"gen9nationaldex","rating":1044,"private":0,"password":""}