{"id":"gen9nationaldex-1987143755","p1":"hightopfade69","p2":"zixtriv","format":"[Gen 9] National Dex","log":"|j|\u203dhightopfade69\n|j|\u2606zixtriv\n|t:|1699559692\n|gametype|singles\n|player|p1|hightopfade69|102|1325\n|player|p2|zixtriv|rocketgrunt|1270\n|teamsize|p1|6\n|teamsize|p2|6\n|gen|9\n|tier|[Gen 9] National Dex\n|rated|\n|rule|HP Percentage Mod: HP is shown in percentages\n|rule|Endless Battle Clause: Forcing endless battles is banned\n|rule|OHKO Clause: OHKO moves are banned\n|rule|Evasion Clause: Evasion abilities, items, and moves are banned\n|rule|Evasion Abilities Clause: Evasion abilities are banned\n|rule|Evasion Items Clause: Evasion items are banned\n|rule|Evasion Moves Clause: Evasion moves are banned\n|rule|Species Clause: Limit one of each Pok\u00e9mon\n|rule|Sleep Clause Mod: Limit one foe put to sleep\n|clearpoke\n|poke|p1|Druddigon, F|\n|poke|p1|Banette, F|\n|poke|p1|Tapu Koko|\n|poke|p1|Iron Moth|\n|poke|p1|Dondozo, M|\n|poke|p1|Iron Valiant|\n|poke|p2|Scizor, M|\n|poke|p2|Exeggutor-Alola, F|\n|poke|p2|Ferrothorn, M|\n|poke|p2|Jirachi|\n|poke|p2|Kommo-o, M|\n|poke|p2|Dragonite, M|\n|teampreview\n|\n|t:|1699559698\n|start\n|switch|p1a: Druddigon|Druddigon, F|100\/100\n|switch|p2a: just dragon|Kommo-o, M|100\/100\n|turn|1\n|\n|t:|1699559703\n|-zpower|p2a: just dragon\n|move|p2a: just dragon|Clangorous Soulblaze|p1a: Druddigon|[zeffect]\n|-supereffective|p1a: Druddigon\n|-damage|p1a: Druddigon|13\/100\n|-boost|p2a: just dragon|atk|1\n|-boost|p2a: just dragon|def|1\n|-boost|p2a: just dragon|spa|1\n|-boost|p2a: just dragon|spd|1\n|-boost|p2a: just dragon|spe|1\n|move|p1a: Druddigon|Glare|p2a: just dragon\n|-status|p2a: just dragon|par\n|\n|upkeep\n|turn|2\n|\n|t:|1699559715\n|move|p2a: just dragon|Aura Sphere|p1a: Druddigon\n|-damage|p1a: Druddigon|0 fnt\n|faint|p1a: Druddigon\n|\n|upkeep\n|\n|t:|1699559718\n|switch|p1a: Tapu Koko|Tapu Koko|100\/100\n|-fieldstart|move: Electric Terrain|[from] ability: Electric Surge|[of] p1a: Tapu Koko\n|turn|3\n|\n|t:|1699559723\n|move|p1a: Tapu Koko|Light Screen|p1a: Tapu Koko\n|-sidestart|p1: hightopfade69|move: Light Screen\n|move|p2a: just dragon|Iron Head|p1a: Tapu Koko\n|-damage|p1a: Tapu Koko|60\/100\n|\n|upkeep\n|turn|4\n|\n|t:|1699559727\n|move|p1a: Tapu Koko|Reflect|p1a: Tapu Koko\n|-sidestart|p1: hightopfade69|Reflect\n|cant|p2a: just dragon|par\n|\n|upkeep\n|turn|5\n|\n|t:|1699559733\n|move|p1a: Tapu Koko|U-turn|p2a: just dragon\n|-resisted|p2a: just dragon\n|-damage|p2a: just dragon|96\/100 par\n|\n|t:|1699559737\n|switch|p1a: Dondozo|Dondozo, M|100\/100|[from] U-turn\n|cant|p2a: just dragon|par\n|\n|upkeep\n|turn|6\n|\n|t:|1699559742\n|move|p2a: just dragon|Clangorous Soul|p2a: just dragon\n|-boost|p2a: just dragon|atk|1\n|-boost|p2a: just dragon|def|1\n|-boost|p2a: just dragon|spa|1\n|-boost|p2a: just dragon|spd|1\n|-boost|p2a: just dragon|spe|1\n|-damage|p2a: just dragon|63\/100 par\n|move|p1a: Dondozo|Curse|p1a: Dondozo\n|-unboost|p1a: Dondozo|spe|1\n|-boost|p1a: Dondozo|atk|1\n|-boost|p1a: Dondozo|def|1\n|\n|upkeep\n|turn|7\n|\n|t:|1699559751\n|cant|p2a: just dragon|par\n|move|p1a: Dondozo|Curse|p1a: Dondozo\n|-unboost|p1a: Dondozo|spe|1\n|-boost|p1a: Dondozo|atk|1\n|-boost|p1a: Dondozo|def|1\n|\n|-sideend|p1: hightopfade69|move: Light Screen\n|upkeep\n|turn|8\n|\n|t:|1699559758\n|move|p2a: just dragon|Clanging Scales|p1a: Dondozo\n|-crit|p1a: Dondozo\n|-damage|p1a: Dondozo|48\/100\n|-unboost|p2a: just dragon|def|1\n|move|p1a: Dondozo|Curse|p1a: Dondozo\n|-unboost|p1a: Dondozo|spe|1\n|-boost|p1a: Dondozo|atk|1\n|-boost|p1a: Dondozo|def|1\n|\n|-heal|p1a: Dondozo|54\/100|[from] item: Leftovers\n|-sideend|p1: hightopfade69|Reflect\n|upkeep\n|turn|9\n|\n|t:|1699559769\n|move|p2a: just dragon|Clanging Scales|p1a: Dondozo\n|-damage|p1a: Dondozo|20\/100\n|-unboost|p2a: just dragon|def|1\n|move|p1a: Dondozo|Earthquake|p2a: just dragon\n|-crit|p2a: just dragon\n|-damage|p2a: just dragon|0 fnt\n|faint|p2a: just dragon\n|\n|-heal|p1a: Dondozo|26\/100|[from] item: Leftovers\n|upkeep\n|\n|t:|1699559787\n|switch|p2a: coconut|Exeggutor-Alola, F|100\/100\n|turn|10\n|\n|t:|1699559793\n|move|p2a: coconut|Sunny Day|p2a: coconut\n|-weather|SunnyDay\n|move|p1a: Dondozo|Liquidation|p2a: coconut\n|-resisted|p2a: coconut\n|-damage|p2a: coconut|88\/100\n|\n|-weather|SunnyDay|[upkeep]\n|-heal|p1a: Dondozo|32\/100|[from] item: Leftovers\n|-fieldend|move: Electric Terrain\n|upkeep\n|turn|11\n|\n|t:|1699559801\n|move|p2a: coconut|Wood Hammer|p1a: Dondozo\n|-supereffective|p1a: Dondozo\n|-damage|p1a: Dondozo|7\/100\n|-damage|p2a: coconut|77\/100|[from] Recoil\n|move|p1a: Dondozo|Earthquake|p2a: coconut\n|-resisted|p2a: coconut\n|-damage|p2a: coconut|38\/100\n|-enditem|p2a: coconut|Sitrus Berry|[eat]\n|-heal|p2a: coconut|63\/100|[from] item: Sitrus Berry\n|\n|-weather|SunnyDay|[upkeep]\n|-heal|p1a: Dondozo|13\/100|[from] item: Leftovers\n|-item|p2a: coconut|Sitrus Berry|[from] ability: Harvest\n|upkeep\n|turn|12\n|\n|t:|1699559815\n|move|p2a: coconut|Wood Hammer|p1a: Dondozo\n|-supereffective|p1a: Dondozo\n|-damage|p1a: Dondozo|0 fnt\n|faint|p1a: Dondozo\n|-damage|p2a: coconut|57\/100|[from] Recoil\n|\n|-weather|SunnyDay|[upkeep]\n|upkeep\n|\n|t:|1699559818\n|switch|p1a: Tapu Koko|Tapu Koko|60\/100\n|-fieldstart|move: Electric Terrain|[from] ability: Electric Surge|[of] p1a: Tapu Koko\n|turn|13\n|\n|t:|1699559825\n|move|p1a: Tapu Koko|Reflect|p1a: Tapu Koko\n|-sidestart|p1: hightopfade69|Reflect\n|move|p2a: coconut|Synthesis|p2a: coconut\n|-heal|p2a: coconut|100\/100\n|\n|-weather|SunnyDay|[upkeep]\n|upkeep\n|turn|14\n|\n|t:|1699559831\n|move|p1a: Tapu Koko|U-turn|p2a: coconut\n|-supereffective|p2a: coconut\n|-damage|p2a: coconut|58\/100\n|\n|t:|1699559834\n|switch|p1a: Iron Moth|Iron Moth|100\/100|[from] U-turn\n|-activate|p1a: Iron Moth|ability: Quark Drive\n|-start|p1a: Iron Moth|quarkdrivespe\n|move|p2a: coconut|Wood Hammer|p1a: Iron Moth\n|-resisted|p1a: Iron Moth\n|-damage|p1a: Iron Moth|91\/100\n|-damage|p2a: coconut|55\/100|[from] Recoil\n|\n|-weather|none\n|upkeep\n|turn|15\n|\n|t:|1699559855\n|move|p1a: Iron Moth|Fiery Dance|p2a: coconut\n|-damage|p2a: coconut|0 fnt\n|-boost|p1a: Iron Moth|spa|1\n|faint|p2a: coconut\n|\n|upkeep\n|\n|t:|1699559861\n|switch|p2a: goofy ahh dragon|Dragonite, M|100\/100\n|turn|16\n|\n|t:|1699559868\n|-end|p1a: Iron Moth|Quark Drive|[silent]\n|switch|p1a: Tapu Koko|Tapu Koko|60\/100\n|move|p2a: goofy ahh dragon|Dragon Dance|p2a: goofy ahh dragon\n|-boost|p2a: goofy ahh dragon|atk|1\n|-boost|p2a: goofy ahh dragon|spe|1\n|\n|upkeep\n|turn|17\n|\n|t:|1699559874\n|-terastallize|p2a: goofy ahh dragon|Normal\n|move|p1a: Tapu Koko|Wild Charge|p2a: goofy ahh dragon\n|-damage|p2a: goofy ahh dragon|75\/100\n|-damage|p1a: Tapu Koko|51\/100|[from] Recoil\n|move|p2a: goofy ahh dragon|Dragon Dance|p2a: goofy ahh dragon\n|-boost|p2a: goofy ahh dragon|atk|1\n|-boost|p2a: goofy ahh dragon|spe|1\n|\n|-sideend|p1: hightopfade69|Reflect\n|upkeep\n|turn|18\n|\n|t:|1699559882\n|move|p1a: Tapu Koko|Reflect|p1a: Tapu Koko\n|-sidestart|p1: hightopfade69|Reflect\n|move|p2a: goofy ahh dragon|Dragon Dance|p2a: goofy ahh dragon\n|-boost|p2a: goofy ahh dragon|atk|1\n|-boost|p2a: goofy ahh dragon|spe|1\n|\n|upkeep\n|turn|19\n|\n|t:|1699559887\n|move|p2a: goofy ahh dragon|Dragon Dance|p2a: goofy ahh dragon\n|-boost|p2a: goofy ahh dragon|atk|1\n|-boost|p2a: goofy ahh dragon|spe|1\n|move|p1a: Tapu Koko|U-turn|p2a: goofy ahh dragon\n|-damage|p2a: goofy ahh dragon|52\/100\n|\n|t:|1699559889\n|switch|p1a: Banette|Banette, F|100\/100|[from] U-turn\n|-item|p2a: goofy ahh dragon|Sitrus Berry|[from] ability: Frisk|[of] p1a: Banette|[identify]\n|\n|upkeep\n|turn|20\n|\n|t:|1699559897\n|detailschange|p1a: Banette|Banette-Mega, F\n|-mega|p1a: Banette|Banette|Banettite\n|move|p1a: Banette|Encore|p2a: goofy ahh dragon\n|-start|p2a: goofy ahh dragon|Encore\n|move|p2a: goofy ahh dragon|Dragon Dance|p2a: goofy ahh dragon\n|-boost|p2a: goofy ahh dragon|atk|1\n|-boost|p2a: goofy ahh dragon|spe|1\n|\n|-fieldend|move: Electric Terrain\n|upkeep\n|turn|21\n|\n|t:|1699559906\n|move|p2a: goofy ahh dragon|Dragon Dance|p2a: goofy ahh dragon\n|-boost|p2a: goofy ahh dragon|atk|1\n|-boost|p2a: goofy ahh dragon|spe|1\n|move|p1a: Banette|Knock Off|p2a: goofy ahh dragon\n|-damage|p2a: goofy ahh dragon|13\/100\n|-enditem|p2a: goofy ahh dragon|Sitrus Berry|[from] move: Knock Off|[of] p1a: Banette\n|\n|upkeep\n|turn|22\n|\n|t:|1699559914\n|move|p2a: goofy ahh dragon|Dragon Dance|p2a: goofy ahh dragon\n|-boost|p2a: goofy ahh dragon|atk|0\n|-boost|p2a: goofy ahh dragon|spe|0\n|move|p1a: Banette|Knock Off|p2a: goofy ahh dragon\n|-damage|p2a: goofy ahh dragon|0 fnt\n|faint|p2a: goofy ahh dragon\n|\n|-sideend|p1: hightopfade69|Reflect\n|upkeep\n|\n|t:|1699559923\n|switch|p2a: nuclear bomb|Ferrothorn, M, shiny|100\/100\n|turn|23\n|\n|t:|1699559929\n|move|p1a: Banette|Knock Off|p2a: nuclear bomb\n|-damage|p2a: nuclear bomb|66\/100\n|-damage|p1a: Banette|88\/100|[from] ability: Iron Barbs|[of] p2a: nuclear bomb\n|-damage|p1a: Banette|72\/100|[from] item: Rocky Helmet|[of] p2a: nuclear bomb\n|-enditem|p2a: nuclear bomb|Rocky Helmet|[from] move: Knock Off|[of] p1a: Banette\n|move|p2a: nuclear bomb|Leech Seed|p1a: Banette\n|-start|p1a: Banette|move: Leech Seed\n|\n|-damage|p1a: Banette|59\/100|[from] Leech Seed|[of] p2a: nuclear bomb\n|-heal|p2a: nuclear bomb|80\/100|[silent]\n|upkeep\n|turn|24\n|\n|t:|1699559942\n|switch|p2a: \uff35\uff2c\uff34\uff29\uff2d\uff21\uff34\uff25 \uff30\uff2f\uff37\uff25\uff32|Scizor, M|100\/100\n|move|p1a: Banette|Encore||[still]\n|-fail|p1a: Banette\n|\n|-damage|p1a: Banette|47\/100|[from] Leech Seed|[of] p2a: \uff35\uff2c\uff34\uff29\uff2d\uff21\uff34\uff25 \uff30\uff2f\uff37\uff25\uff32\n|upkeep\n|turn|25\n|\n|t:|1699559949\n|switch|p2a: nuclear bomb|Ferrothorn, M, shiny|80\/100\n|move|p1a: Banette|Destiny Bond|p1a: Banette\n|-singlemove|p1a: Banette|Destiny Bond\n|\n|-damage|p1a: Banette|35\/100|[from] Leech Seed|[of] p2a: nuclear bomb\n|-heal|p2a: nuclear bomb|94\/100|[silent]\n|upkeep\n|turn|26\n|\n|t:|1699559958\n|switch|p1a: Tapu Koko|Tapu Koko|51\/100\n|-fieldstart|move: Electric Terrain|[from] ability: Electric Surge|[of] p1a: Tapu Koko\n|move|p2a: nuclear bomb|Gyro Ball|p1a: Tapu Koko\n|-damage|p1a: Tapu Koko|0 fnt\n|faint|p1a: Tapu Koko\n|\n|upkeep\n|\n|t:|1699559968\n|switch|p1a: Iron Moth|Iron Moth|91\/100\n|-activate|p1a: Iron Moth|ability: Quark Drive\n|-start|p1a: Iron Moth|quarkdrivespe\n|turn|27\n|\n|t:|1699559974\n|move|p1a: Iron Moth|Fiery Dance|p2a: nuclear bomb\n|-supereffective|p2a: nuclear bomb\n|-damage|p2a: nuclear bomb|0 fnt\n|faint|p2a: nuclear bomb\n|\n|upkeep\n|\n|t:|1699559981\n|switch|p2a: I wish to win|Jirachi|100\/100\n|turn|28\n|\n|t:|1699559987\n|move|p1a: Iron Moth|Fiery Dance|p2a: I wish to win\n|-supereffective|p2a: I wish to win\n|-damage|p2a: I wish to win|5\/100\n|-boost|p1a: Iron Moth|spa|1\n|move|p2a: I wish to win|Zen Headbutt|p1a: Iron Moth\n|-supereffective|p1a: Iron Moth\n|-damage|p1a: Iron Moth|6\/100\n|\n|-heal|p2a: I wish to win|11\/100|[from] item: Leftovers\n|upkeep\n|turn|29\n|\n|t:|1699559998\n|move|p1a: Iron Moth|Fiery Dance|p2a: I wish to win\n|-supereffective|p2a: I wish to win\n|-damage|p2a: I wish to win|0 fnt\n|faint|p2a: I wish to win\n|\n|upkeep\n|\n|t:|1699560002\n|switch|p2a: \uff35\uff2c\uff34\uff29\uff2d\uff21\uff34\uff25 \uff30\uff2f\uff37\uff25\uff32|Scizor, M|100\/100\n|turn|30\n|\n|t:|1699560007\n|detailschange|p2a: \uff35\uff2c\uff34\uff29\uff2d\uff21\uff34\uff25 \uff30\uff2f\uff37\uff25\uff32|Scizor-Mega, M\n|-mega|p2a: \uff35\uff2c\uff34\uff29\uff2d\uff21\uff34\uff25 \uff30\uff2f\uff37\uff25\uff32|Scizor|Scizorite\n|move|p2a: \uff35\uff2c\uff34\uff29\uff2d\uff21\uff34\uff25 \uff30\uff2f\uff37\uff25\uff32|Bullet Punch|p1a: Iron Moth\n|-resisted|p1a: Iron Moth\n|-damage|p1a: Iron Moth|0 fnt\n|faint|p1a: Iron Moth\n|-end|p1a: Iron Moth|Quark Drive|[silent]\n|\n|upkeep\n|\n|t:|1699560010\n|switch|p1a: Banette|Banette-Mega, F|35\/100\n|turn|31\n|\n|t:|1699560015\n|move|p1a: Banette|Destiny Bond|p1a: Banette\n|-singlemove|p1a: Banette|Destiny Bond\n|move|p2a: \uff35\uff2c\uff34\uff29\uff2d\uff21\uff34\uff25 \uff30\uff2f\uff37\uff25\uff32|Swords Dance|p2a: \uff35\uff2c\uff34\uff29\uff2d\uff21\uff34\uff25 \uff30\uff2f\uff37\uff25\uff32\n|-boost|p2a: \uff35\uff2c\uff34\uff29\uff2d\uff21\uff34\uff25 \uff30\uff2f\uff37\uff25\uff32|atk|2\n|\n|upkeep\n|turn|32\n|\n|t:|1699560020\n|move|p1a: Banette|Encore|p2a: \uff35\uff2c\uff34\uff29\uff2d\uff21\uff34\uff25 \uff30\uff2f\uff37\uff25\uff32\n|-start|p2a: \uff35\uff2c\uff34\uff29\uff2d\uff21\uff34\uff25 \uff30\uff2f\uff37\uff25\uff32|Encore\n|move|p2a: \uff35\uff2c\uff34\uff29\uff2d\uff21\uff34\uff25 \uff30\uff2f\uff37\uff25\uff32|Swords Dance|p2a: \uff35\uff2c\uff34\uff29\uff2d\uff21\uff34\uff25 \uff30\uff2f\uff37\uff25\uff32\n|-boost|p2a: \uff35\uff2c\uff34\uff29\uff2d\uff21\uff34\uff25 \uff30\uff2f\uff37\uff25\uff32|atk|2\n|\n|upkeep\n|turn|33\n|\n|t:|1699560025\n|move|p1a: Banette|Poltergeist|p2a: \uff35\uff2c\uff34\uff29\uff2d\uff21\uff34\uff25 \uff30\uff2f\uff37\uff25\uff32\n|-activate|p2a: \uff35\uff2c\uff34\uff29\uff2d\uff21\uff34\uff25 \uff30\uff2f\uff37\uff25\uff32|move: Poltergeist|Scizorite\n|-damage|p2a: \uff35\uff2c\uff34\uff29\uff2d\uff21\uff34\uff25 \uff30\uff2f\uff37\uff25\uff32|46\/100\n|move|p2a: \uff35\uff2c\uff34\uff29\uff2d\uff21\uff34\uff25 \uff30\uff2f\uff37\uff25\uff32|Swords Dance|p2a: \uff35\uff2c\uff34\uff29\uff2d\uff21\uff34\uff25 \uff30\uff2f\uff37\uff25\uff32\n|-boost|p2a: \uff35\uff2c\uff34\uff29\uff2d\uff21\uff34\uff25 \uff30\uff2f\uff37\uff25\uff32|atk|2\n|\n|-fieldend|move: Electric Terrain\n|upkeep\n|turn|34\n|\n|t:|1699560033\n|move|p1a: Banette|Poltergeist|p2a: \uff35\uff2c\uff34\uff29\uff2d\uff21\uff34\uff25 \uff30\uff2f\uff37\uff25\uff32\n|-activate|p2a: \uff35\uff2c\uff34\uff29\uff2d\uff21\uff34\uff25 \uff30\uff2f\uff37\uff25\uff32|move: Poltergeist|Scizorite\n|-damage|p2a: \uff35\uff2c\uff34\uff29\uff2d\uff21\uff34\uff25 \uff30\uff2f\uff37\uff25\uff32|0 fnt\n|faint|p2a: \uff35\uff2c\uff34\uff29\uff2d\uff21\uff34\uff25 \uff30\uff2f\uff37\uff25\uff32\n|\n|win|hightopfade69\n|raw|hightopfade69's rating: 1325 &rarr; <strong>1342<\/strong><br \/>(+17 for winning)\n|raw|zixtriv's rating: 1270 &rarr; <strong>1249<\/strong><br \/>(-21 for losing)\n|c|\u2606zixtriv|gg\n|l|\u2606zixtriv\n","uploadtime":1699560040,"views":15,"p1id":"hightopfade69","p2id":"zixtriv","formatid":"gen9nationaldex","rating":1249,"private":0,"password":""}