{"id":"gen9nationaldex-1992214948","p1":"N0mbreP","p2":"Tukitiko","format":"[Gen 9] National Dex","log":"|j|\u2606N0mbreP\n|j|\u2606Tukitiko\n|t:|1700164555\n|gametype|singles\n|player|p1|N0mbreP|lillie|\n|player|p2|Tukitiko|lusamine-nihilego|\n|teamsize|p1|6\n|teamsize|p2|6\n|gen|9\n|tier|[Gen 9] National Dex\n|rule|HP Percentage Mod: HP is shown in percentages\n|rule|Endless Battle Clause: Forcing endless battles is banned\n|rule|OHKO Clause: OHKO moves are banned\n|rule|Evasion Clause: Evasion abilities, items, and moves are banned\n|rule|Evasion Abilities Clause: Evasion abilities are banned\n|rule|Evasion Items Clause: Evasion items are banned\n|rule|Evasion Moves Clause: Evasion moves are banned\n|rule|Species Clause: Limit one of each Pok\u00e9mon\n|rule|Sleep Clause Mod: Limit one foe put to sleep\n|clearpoke\n|poke|p1|Sylveon, M|\n|poke|p1|Cinccino, F|\n|poke|p1|Wishiwashi, F|\n|poke|p1|Absol, M|\n|poke|p1|Xurkitree|\n|poke|p1|Darmanitan, M|\n|poke|p2|Inteleon, M|\n|poke|p2|Whimsicott, M|\n|poke|p2|Shelgon, M|\n|poke|p2|Alomomola, F|\n|poke|p2|Gumshoos, M|\n|poke|p2|Dudunsparce-*, M|\n|teampreview\n|inactive|Battle timer is ON: inactive players will automatically lose when time's up. (requested by Tukitiko)\n|\n|t:|1700164570\n|start\n|switch|p1a: Mi pichulaaa!!!|Xurkitree|100\/100\n|switch|p2a: Gumshoos|Gumshoos, M|100\/100\n|turn|1\n|\n|t:|1700164579\n|move|p1a: Mi pichulaaa!!!|Volt Switch|p2a: Gumshoos\n|-damage|p2a: Gumshoos|31\/100\n|\n|t:|1700164589\n|switch|p1a: bromita|Wishiwashi, F|100\/100|[from] Volt Switch\n|-formechange|p1a: bromita|Wishiwashi-School||[from] ability: Schooling\n|move|p2a: Gumshoos|Body Slam|p1a: bromita\n|-damage|p1a: bromita|25\/100\n|-status|p1a: bromita|par\n|\n|-heal|p1a: bromita|31\/100 par|[from] item: Leftovers\n|upkeep\n|turn|2\n|\n|t:|1700164599\n|move|p2a: Gumshoos|Body Slam|p1a: bromita\n|-crit|p1a: bromita\n|-damage|p1a: bromita|0 fnt\n|faint|p1a: bromita\n|\n|upkeep\n|\n|t:|1700164603\n|switch|p1a: Mi pichulaaa!!!|Xurkitree|100\/100\n|turn|3\n|\n|t:|1700164606\n|switch|p2a: Testicul\u00edn|Shelgon, M|100\/100\n|move|p1a: Mi pichulaaa!!!|Thunderbolt|p2a: Testicul\u00edn\n|-resisted|p2a: Testicul\u00edn\n|-damage|p2a: Testicul\u00edn|64\/100\n|-status|p2a: Testicul\u00edn|par\n|\n|upkeep\n|turn|4\n|\n|t:|1700164612\n|move|p1a: Mi pichulaaa!!!|Dazzling Gleam|p2a: Testicul\u00edn\n|-supereffective|p2a: Testicul\u00edn\n|-damage|p2a: Testicul\u00edn|0 fnt\n|faint|p2a: Testicul\u00edn\n|-ability|p1a: Mi pichulaaa!!!|Beast Boost|boost\n|-boost|p1a: Mi pichulaaa!!!|spa|1\n|\n|upkeep\n|\n|t:|1700164624\n|switch|p2a: Scott|Whimsicott, M, shiny|100\/100\n|turn|5\n|\n|t:|1700164633\n|move|p2a: Scott|Tailwind|p2a: Scott\n|-sidestart|p2: Tukitiko|move: Tailwind\n|move|p1a: Mi pichulaaa!!!|Volt Switch|p2a: Scott\n|-resisted|p2a: Scott\n|-damage|p2a: Scott|38\/100\n|\n|t:|1700164641\n|switch|p1a: Astolfo III|Sylveon, M, shiny|100\/100|[from] Volt Switch\n|\n|upkeep\n|turn|6\n|\n|t:|1700164647\n|move|p2a: Scott|Endure|p2a: Scott\n|-singleturn|p2a: Scott|move: Endure\n|move|p1a: Astolfo III|Hyper Voice|p2a: Scott\n|-activate|p2a: Scott|move: Endure\n|-damage|p2a: Scott|1\/100\n|\n|upkeep\n|turn|7\n|\n|t:|1700164652\n|move|p2a: Scott|Endeavor|p1a: Astolfo III\n|-damage|p1a: Astolfo III|1\/100\n|move|p1a: Astolfo III|Hyper Voice|p2a: Scott\n|-damage|p2a: Scott|0 fnt\n|faint|p2a: Scott\n|\n|upkeep\n|\n|t:|1700164657\n|switch|p2a: Inteleon|Inteleon, M|100\/100\n|turn|8\n|\n|t:|1700164662\n|move|p2a: Inteleon|Fell Stinger|p1a: Astolfo III\n|-resisted|p1a: Astolfo III\n|-damage|p1a: Astolfo III|0 fnt\n|faint|p1a: Astolfo III\n|-boost|p2a: Inteleon|atk|3\n|\n|-sideend|p2: Tukitiko|move: Tailwind\n|upkeep\n|\n|t:|1700164666\n|switch|p1a: Mi pichulaaa!!!|Xurkitree|100\/100\n|turn|9\n|\n|t:|1700164674\n|-terastallize|p1a: Mi pichulaaa!!!|Grass\n|move|p2a: Inteleon|Liquidation|p1a: Mi pichulaaa!!!\n|-resisted|p1a: Mi pichulaaa!!!\n|-damage|p1a: Mi pichulaaa!!!|41\/100\n|move|p1a: Mi pichulaaa!!!|Energy Ball|p2a: Inteleon\n|-supereffective|p2a: Inteleon\n|-enditem|p2a: Inteleon|Focus Sash\n|-damage|p2a: Inteleon|1\/100\n|-unboost|p2a: Inteleon|spd|1\n|\n|upkeep\n|turn|10\n|\n|t:|1700164697\n|-terastallize|p2a: Inteleon|Bug\n|move|p2a: Inteleon|Fell Stinger|p1a: Mi pichulaaa!!!\n|-supereffective|p1a: Mi pichulaaa!!!\n|-damage|p1a: Mi pichulaaa!!!|0 fnt\n|faint|p1a: Mi pichulaaa!!!\n|-boost|p2a: Inteleon|atk|3\n|\n|upkeep\n|\n|t:|1700164705\n|switch|p1a: Mega-Comunismo|Absol, M, shiny|100\/100\n|turn|11\n|\n|t:|1700164712\n|switch|p1a: THX organizacion|Cinccino, F|100\/100\n|move|p2a: Inteleon|Aqua Jet|p1a: THX organizacion\n|-damage|p1a: THX organizacion|0 fnt\n|faint|p1a: THX organizacion\n|\n|upkeep\n|\n|t:|1700164716\n|switch|p1a: Mega-Comunismo|Absol, M, shiny|100\/100\n|turn|12\n|\n|t:|1700164718\n|detailschange|p1a: Mega-Comunismo|Absol-Mega, M, shiny\n|-mega|p1a: Mega-Comunismo|Absol|Absolite\n|move|p2a: Inteleon|Aqua Jet|p1a: Mega-Comunismo\n|-damage|p1a: Mega-Comunismo|0 fnt\n|faint|p1a: Mega-Comunismo\n|\n|upkeep\n|\n|t:|1700164723\n|switch|p1a: Zen Maden'T|Darmanitan, M|100\/100\n|turn|13\n|\n|t:|1700164731\n|move|p2a: Inteleon|Liquidation|p1a: Zen Maden'T\n|-supereffective|p1a: Zen Maden'T\n|-damage|p1a: Zen Maden'T|0 fnt\n|faint|p1a: Zen Maden'T\n|\n|win|Tukitiko\n|l|\u2606N0mbreP\n","uploadtime":1700164738,"views":12,"p1id":"n0mbrep","p2id":"tukitiko","formatid":"gen9nationaldex","rating":0,"private":0,"password":""}