{"id":"gen9nationaldex-1988953143","p1":"the power in me","p2":"Profesor Turo","format":"[Gen 9] National Dex","log":"|j|\u2606the power in me\n|j|\u2606Profesor Turo\n|t:|1699793721\n|gametype|singles\n|player|p1|the power in me|cyrus|\n|player|p2|Profesor Turo|turo-ai|\n|teamsize|p1|6\n|teamsize|p2|6\n|gen|9\n|tier|[Gen 9] National Dex\n|rule|HP Percentage Mod: HP is shown in percentages\n|rule|Endless Battle Clause: Forcing endless battles is banned\n|rule|OHKO Clause: OHKO moves are banned\n|rule|Evasion Clause: Evasion abilities, items, and moves are banned\n|rule|Evasion Abilities Clause: Evasion abilities are banned\n|rule|Evasion Items Clause: Evasion items are banned\n|rule|Evasion Moves Clause: Evasion moves are banned\n|rule|Species Clause: Limit one of each Pok\u00e9mon\n|rule|Sleep Clause Mod: Limit one foe put to sleep\n|clearpoke\n|poke|p1|Landorus-Therian, M|\n|poke|p1|Lopunny, M|\n|poke|p1|Tapu Koko|\n|poke|p1|Hydreigon, M|\n|poke|p1|Ogerpon-Wellspring, F|\n|poke|p1|Ditto|\n|poke|p2|Tapu Koko|\n|poke|p2|Sneasler, F|\n|poke|p2|Iron Valiant|\n|poke|p2|Iron Moth|\n|poke|p2|Sinistcha|\n|poke|p2|Weavile, F|\n|teampreview\n|inactive|Battle timer is ON: inactive players will automatically lose when time's up. (requested by the power in me)\n|inactive|Profesor Turo also wants the timer to be on.\n|c|\u2606the power in me|Glhf\n|c|\u2606Profesor Turo|Ghlf\n|c|\u2606the power in me|I lied about bringing the same team btw\n|j| Pennys No.1 Fan\n|c| Pennys No.1 Fan|i am killing you\n|inactive|the power in me has 270 seconds left.\n|c|\u2606the power in me|Ok\n|j| Gaussfield\n|c|\u2606Profesor Turo|doesnt matter we win these\n|\n|t:|1699793765\n|start\n|switch|p1a: Ditto|Ditto|100\/100\n|switch|p2a: Sneasler|Sneasler, F|100\/100\n|-transform|p1a: Ditto|p2a: Sneasler|[from] ability: Imposter\n|turn|1\n|c| Pennys No.1 Fan|GAUSSFIELD???\n|j| Elvin Tay\n|j| Aeiou24\n|c| Pennys No.1 Fan|actually the 3d render is hella good\n|\n|t:|1699793790\n|switch|p1a: Tapu Koko|Tapu Koko|100\/100\n|-fieldstart|move: Electric Terrain|[from] ability: Electric Surge|[of] p1a: Tapu Koko\n|-enditem|p2a: Sneasler|Electric Seed\n|-boost|p2a: Sneasler|def|1|[from] item: Electric Seed\n|move|p2a: Sneasler|Dire Claw|p1a: Tapu Koko\n|-supereffective|p1a: Tapu Koko\n|-damage|p1a: Tapu Koko|0 fnt\n|faint|p1a: Tapu Koko\n|\n|upkeep\n|l| Gaussfield\n|l| Aeiou24\n|c|\u2606Profesor Turo|true\n|inactive|the power in me has 270 seconds left.\n|\n|t:|1699793809\n|switch|p1a: Landorus|Landorus-Therian, M|100\/100\n|-ability|p1a: Landorus|Intimidate|boost\n|-unboost|p2a: Sneasler|atk|1\n|turn|2\n|\n|t:|1699793815\n|move|p2a: Sneasler|Dire Claw|p1a: Landorus\n|-resisted|p1a: Landorus\n|-damage|p1a: Landorus|84\/100\n|-status|p1a: Landorus|psn\n|move|p1a: Landorus|Defog|p2a: Sneasler\n|-unboost|p2a: Sneasler|evasion|1\n|-fieldend|move: Electric Terrain\n|\n|-heal|p1a: Landorus|90\/100 psn|[from] item: Leftovers\n|-damage|p1a: Landorus|78\/100 psn|[from] psn\n|upkeep\n|turn|3\n|c| Pennys No.1 Fan|free unburden\n|c|\u2606the power in me|No more terrain\n|inactive|the power in me has 270 seconds left.\n|c| Pennys No.1 Fan|fml\n|\n|t:|1699793833\n|move|p2a: Sneasler|Acrobatics|p1a: Landorus\n|-damage|p1a: Landorus|47\/100 psn\n|move|p1a: Landorus|Earthquake|p2a: Sneasler\n|-supereffective|p2a: Sneasler\n|-damage|p2a: Sneasler|0 fnt\n|faint|p2a: Sneasler\n|\n|-heal|p1a: Landorus|53\/100 psn|[from] item: Leftovers\n|-damage|p1a: Landorus|41\/100 psn|[from] psn\n|upkeep\n|\n|t:|1699793837\n|switch|p2a: Tapu Koko|Tapu Koko|100\/100\n|-fieldstart|move: Electric Terrain|[from] ability: Electric Surge|[of] p2a: Tapu Koko\n|turn|4\n|\n|t:|1699793846\n|move|p2a: Tapu Koko|Hidden Power|p1a: Landorus\n|-supereffective|p1a: Landorus\n|-damage|p1a: Landorus|0 fnt\n|faint|p1a: Landorus\n|\n|upkeep\n|\n|t:|1699793853\n|switch|p1a: Hydreigon|Hydreigon, M|100\/100\n|turn|5\n|\n|t:|1699793864\n|move|p2a: Tapu Koko|U-turn|p1a: Hydreigon\n|-supereffective|p1a: Hydreigon\n|-damage|p1a: Hydreigon|55\/100\n|\n|t:|1699793866\n|switch|p2a: Iron Valiant|Iron Valiant|100\/100|[from] U-turn\n|-activate|p2a: Iron Valiant|ability: Quark Drive\n|-start|p2a: Iron Valiant|quarkdrivespe\n|-zpower|p1a: Hydreigon\n|move|p1a: Hydreigon|Corkscrew Crash|p2a: Iron Valiant|[zeffect]\n|-supereffective|p2a: Iron Valiant\n|-damage|p2a: Iron Valiant|0 fnt\n|faint|p2a: Iron Valiant\n|-end|p2a: Iron Valiant|Quark Drive|[silent]\n|\n|upkeep\n|\n|t:|1699793870\n|switch|p2a: Weavile|Weavile, F|100\/100\n|-ability|p2a: Weavile|Pressure\n|-enditem|p2a: Weavile|Electric Seed\n|-boost|p2a: Weavile|def|1|[from] item: Electric Seed\n|turn|6\n|\n|t:|1699793885\n|switch|p1a: Ditto|Ditto|100\/100\n|-transform|p1a: Ditto|p2a: Weavile|[from] ability: Imposter\n|-ability|p1a: Ditto|Pressure\n|move|p2a: Weavile|Triple Axel|p1a: Ditto\n|-resisted|p1a: Ditto\n|-damage|p1a: Ditto|97\/100\n|-resisted|p1a: Ditto\n|-damage|p1a: Ditto|90\/100\n|-resisted|p1a: Ditto\n|-damage|p1a: Ditto|81\/100\n|-hitcount|p1a: Ditto|3\n|\n|upkeep\n|turn|7\n|\n|t:|1699793900\n|move|p1a: Ditto|Knock Off|p2a: Weavile\n|-resisted|p2a: Weavile\n|-crit|p2a: Weavile\n|-damage|p2a: Weavile|76\/100\n|move|p2a: Weavile|Knock Off|p1a: Ditto\n|-resisted|p1a: Ditto\n|-damage|p1a: Ditto|67\/100\n|-enditem|p1a: Ditto|Choice Scarf|[from] move: Knock Off|[of] p2a: Weavile\n|\n|upkeep\n|turn|8\n|j| hell20\n|\n|t:|1699793907\n|move|p2a: Weavile|Swords Dance|p2a: Weavile\n|-boost|p2a: Weavile|atk|2\n|move|p1a: Ditto|Swords Dance|p1a: Ditto\n|-boost|p1a: Ditto|atk|2\n|\n|upkeep\n|turn|9\n|\n|t:|1699793919\n|move|p1a: Ditto|Triple Axel|p2a: Weavile\n|-resisted|p2a: Weavile\n|-damage|p2a: Weavile|69\/100\n|-resisted|p2a: Weavile\n|-damage|p2a: Weavile|56\/100\n|-resisted|p2a: Weavile\n|-damage|p2a: Weavile|36\/100\n|-hitcount|p2a: Weavile|3\n|move|p2a: Weavile|Triple Axel|p1a: Ditto|[miss]\n|-miss|p2a: Weavile|p1a: Ditto\n|\n|upkeep\n|turn|10\n|c| hell20|WHOA 3D SNEASLER\n|c|\u2606the power in me|Lol\n|c|\u2606the power in me|Watch me win the speed tie and ko\n|\n|t:|1699793939\n|move|p1a: Ditto|Triple Axel|p2a: Weavile\n|-resisted|p2a: Weavile\n|-damage|p2a: Weavile|30\/100\n|-resisted|p2a: Weavile\n|-damage|p2a: Weavile|16\/100\n|-resisted|p2a: Weavile\n|-damage|p2a: Weavile|0 fnt\n|faint|p2a: Weavile\n|-hitcount|p2: Weavile|3\n|\n|upkeep\n|c|\u2606Profesor Turo|rigged\n|c| Pennys No.1 Fan|hey hell20\n|c|\u2606the power in me|LOL\n|c|\u2606Profesor Turo|At least it isnt max attack\n|\n|t:|1699793955\n|switch|p2a: Iron Moth|Iron Moth|100\/100\n|-activate|p2a: Iron Moth|ability: Quark Drive\n|-start|p2a: Iron Moth|quarkdrivespa\n|turn|11\n|\n|t:|1699793961\n|move|p1a: Ditto|Knock Off|p2a: Iron Moth\n|-damage|p2a: Iron Moth|0 fnt\n|-enditem|p2a: Iron Moth|Heavy-Duty Boots|[from] move: Knock Off|[of] p1a: Ditto\n|faint|p2a: Iron Moth\n|-end|p2a: Iron Moth|Quark Drive|[silent]\n|\n|-fieldend|move: Electric Terrain\n|upkeep\n|c|\u2606Profesor Turo|Defensive spread paid off\n|c| hell20|hello Pennys No. 1 Fan\n|\n|t:|1699793973\n|switch|p2a: Tapu Koko|Tapu Koko|100\/100\n|-fieldstart|move: Electric Terrain|[from] ability: Electric Surge|[of] p2a: Tapu Koko\n|turn|12\n|c|\u2606the power in me|I\u2019m wrecking Pennys boyfriend\n|c| Pennys No.1 Fan|please just call me penny\n|\n|t:|1699793986\n|move|p2a: Tapu Koko|Thunderbolt|p1a: Ditto\n|-damage|p1a: Ditto|4\/100\n|move|p1a: Ditto|Triple Axel|p2a: Tapu Koko|[miss]\n|-miss|p1a: Ditto|p2a: Tapu Koko\n|\n|upkeep\n|turn|13\n|c| Pennys No.1 Fan|so am i\n|c| Pennys No.1 Fan|JOKING\n|\n|t:|1699793994\n|move|p1a: Ditto|Ice Shard|p2a: Tapu Koko\n|-damage|p2a: Tapu Koko|55\/100\n|move|p2a: Tapu Koko|U-turn|p1a: Ditto\n|-supereffective|p1a: Ditto\n|-damage|p1a: Ditto|0 fnt\n|faint|p1a: Ditto\n|\n|t:|1699793996\n|switch|p2a: Sinistcha|Sinistcha|100\/100|[from] U-turn\n|\n|upkeep\n|c| Pennys No.1 Fan|ngl i never knew triple axel could miss\n|\n|t:|1699794002\n|switch|p1a: Hydreigon|Hydreigon, M|55\/100\n|turn|14\n|c|\u2606the power in me|Well actually that\u2019s kinda obvious because it says it right on the teambuilder you don\u2019t know how to read \ud83e\udd13\n|inactive|the power in me has 270 seconds left.\n|\n|t:|1699794032\n|-terastallize|p2a: Sinistcha|Water\n|move|p1a: Hydreigon|Dark Pulse|p2a: Sinistcha\n|-damage|p2a: Sinistcha|52\/100\n|move|p2a: Sinistcha|Calm Mind|p2a: Sinistcha\n|-boost|p2a: Sinistcha|spa|1\n|-boost|p2a: Sinistcha|spd|1\n|\n|-heal|p2a: Sinistcha|58\/100|[from] item: Leftovers\n|upkeep\n|turn|15\n|\n|t:|1699794040\n|switch|p1a: Ogerpon|Ogerpon-Wellspring, F|100\/100\n|move|p2a: Sinistcha|Strength Sap|p1a: Ogerpon\n|-unboost|p1a: Ogerpon|atk|1\n|-heal|p2a: Sinistcha|100\/100\n|\n|upkeep\n|turn|16\n|c| Pennys No.1 Fan|okay but back in gen8 i have never missed a triple axel\n|inactive|the power in me has 270 seconds left.\n|\n|t:|1699794062\n|move|p1a: Ogerpon|Swords Dance|p1a: Ogerpon\n|-boost|p1a: Ogerpon|atk|2\n|move|p2a: Sinistcha|Matcha Gotcha|p1a: Ogerpon|[miss]\n|-miss|p2a: Sinistcha|p1a: Ogerpon\n|\n|upkeep\n|turn|17\n|inactive|the power in me has 270 seconds left.\n|c|\u2606Profesor Turo|this has been the most rigged natch ever\n|c|\u2606Profesor Turo|match\n|c|\u2606the power in me|Lol\n|c|\u2606Profesor Turo|Gg wp\n|\n|t:|1699794082\n|move|p1a: Ogerpon|Swords Dance|p1a: Ogerpon\n|-boost|p1a: Ogerpon|atk|2\n|move|p2a: Sinistcha|Matcha Gotcha|p1a: Ogerpon\n|-damage|p1a: Ogerpon|44\/100\n|\n|upkeep\n|turn|18\n|c| Pennys No.1 Fan|i told you to bring the stall team\n|\n|t:|1699794088\n|-terastallize|p1a: Ogerpon|Water\n|detailschange|p1a: Ogerpon|Ogerpon-Wellspring-Tera, F, tera:Water\n|-ability|p1a: Ogerpon|Embody Aspect (Wellspring)|boost\n|-boost|p1a: Ogerpon|spd|1\n|move|p1a: Ogerpon|Trailblaze|p2a: Sinistcha\n|-supereffective|p2a: Sinistcha\n|-damage|p2a: Sinistcha|0 fnt\n|-boost|p1a: Ogerpon|spe|1\n|faint|p2a: Sinistcha\n|\n|upkeep\n|c|\u2606Profesor Turo|I will die before i bring stall\n|\n|t:|1699794095\n|switch|p2a: Tapu Koko|Tapu Koko|55\/100\n|turn|19\n|c|\u2606the power in me|Good\n|\n|t:|1699794100\n|move|p1a: Ogerpon|Stomping Tantrum|p2a: Tapu Koko\n|-supereffective|p2a: Tapu Koko\n|-damage|p2a: Tapu Koko|0 fnt\n|faint|p2a: Tapu Koko\n|\n|win|the power in me\n|c|\u2606the power in me|Do t use it\n|c|\u2606the power in me|GG\n|c|\u2606the power in me|WP\n","uploadtime":1699794113,"views":4,"p1id":"thepowerinme","p2id":"profesorturo","formatid":"gen9nationaldex","rating":0,"private":0,"password":""}