{"id":"gen9nationaldex-1991778044","p1":"xiezhouqun","p2":"as cheu","format":"[Gen 9] National Dex","log":"|j|\u2606xiezhouqun\n|j|\u2606as cheu\n|t:|1700115561\n|gametype|singles\n|player|p1|xiezhouqun|fisherman-gen4|1716\n|player|p2|as cheu|101|1579\n|teamsize|p1|6\n|teamsize|p2|6\n|gen|9\n|tier|[Gen 9] National Dex\n|rated|\n|rule|HP Percentage Mod: HP is shown in percentages\n|rule|Endless Battle Clause: Forcing endless battles is banned\n|rule|OHKO Clause: OHKO moves are banned\n|rule|Evasion Clause: Evasion abilities, items, and moves are banned\n|rule|Evasion Abilities Clause: Evasion abilities are banned\n|rule|Evasion Items Clause: Evasion items are banned\n|rule|Evasion Moves Clause: Evasion moves are banned\n|rule|Species Clause: Limit one of each Pok\u00e9mon\n|rule|Sleep Clause Mod: Limit one foe put to sleep\n|clearpoke\n|poke|p1|Iron Valiant|\n|poke|p1|Rillaboom, M|\n|poke|p1|Banette, M|\n|poke|p1|Sneasler, M|\n|poke|p1|Hawlucha, M|\n|poke|p1|Aegislash, F|\n|poke|p2|Steelix, M|\n|poke|p2|Hatterene, F|\n|poke|p2|Greninja-*, M|\n|poke|p2|Medicham, F|\n|poke|p2|Marowak-Alola, M|\n|poke|p2|Salamence, M|\n|teampreview\n|inactive|Battle timer is ON: inactive players will automatically lose when time's up. (requested by as cheu)\n|inactive|xiezhouqun also wants the timer to be on.\n|\n|t:|1700115581\n|start\n|switch|p1a: Banette|Banette, M|100\/100\n|switch|p2a: Marowak|Marowak-Alola, M|100\/100\n|turn|1\n|\n|t:|1700115589\n|detailschange|p1a: Banette|Banette-Mega, M\n|-mega|p1a: Banette|Banette|Banettite\n|-terastallize|p2a: Marowak|Dark\n|move|p1a: Banette|Poltergeist|p2a: Marowak\n|-activate|p2a: Marowak|move: Poltergeist|Thick Club\n|-resisted|p2a: Marowak\n|-damage|p2a: Marowak|65\/100\n|move|p2a: Marowak|Poltergeist|p1a: Banette\n|-activate|p1a: Banette|move: Poltergeist|Banettite\n|-supereffective|p1a: Banette\n|-damage|p1a: Banette|0 fnt\n|faint|p1a: Banette\n|\n|upkeep\n|j| YJLF\n|\n|t:|1700115608\n|switch|p1a: Iron Valiant|Iron Valiant|100\/100\n|-enditem|p1a: Iron Valiant|Booster Energy\n|-activate|p1a: Iron Valiant|ability: Quark Drive|[fromitem]\n|-start|p1a: Iron Valiant|quarkdrivespe\n|turn|2\n|j| KoKohs\n|\n|t:|1700115616\n|switch|p2a: Hatterene|Hatterene, F|100\/100\n|move|p1a: Iron Valiant|Aura Sphere|p2a: Hatterene\n|-resisted|p2a: Hatterene\n|-damage|p2a: Hatterene|94\/100\n|\n|upkeep\n|turn|3\n|j| oomizuhasuoo\n|\n|t:|1700115633\n|move|p1a: Iron Valiant|Moonblast|p2a: Hatterene\n|-damage|p2a: Hatterene|59\/100\n|-unboost|p2a: Hatterene|spa|1\n|move|p2a: Hatterene|Nuzzle|p1a: Iron Valiant\n|-damage|p1a: Iron Valiant|96\/100\n|-status|p1a: Iron Valiant|par\n|\n|upkeep\n|turn|4\n|\n|t:|1700115642\n|move|p1a: Iron Valiant|Moonblast|p2a: Hatterene\n|-damage|p2a: Hatterene|29\/100\n|move|p2a: Hatterene|Draining Kiss|p1a: Iron Valiant\n|-supereffective|p1a: Iron Valiant\n|-damage|p1a: Iron Valiant|40\/100 par\n|-heal|p2a: Hatterene|67\/100|[from] drain|[of] p1a: Iron Valiant\n|\n|upkeep\n|turn|5\n|\n|t:|1700115651\n|-end|p1a: Iron Valiant|Quark Drive|[silent]\n|switch|p1a: Aegislash|Aegislash, F|100\/100\n|move|p2a: Hatterene|Draining Kiss|p1a: Aegislash\n|-resisted|p1a: Aegislash\n|-damage|p1a: Aegislash|93\/100\n|-heal|p2a: Hatterene|72\/100|[from] drain|[of] p1a: Aegislash\n|\n|upkeep\n|turn|6\n|\n|t:|1700115659\n|switch|p2a: Marowak|Marowak-Alola, M, tera:Dark|65\/100\n|move|p1a: Aegislash|Swords Dance|p1a: Aegislash\n|-boost|p1a: Aegislash|atk|2\n|\n|upkeep\n|turn|7\n|\n|t:|1700115665\n|-formechange|p1a: Aegislash|Aegislash-Blade||[from] ability: Stance Change\n|move|p1a: Aegislash|Close Combat|p2a: Marowak\n|-supereffective|p2a: Marowak\n|-damage|p2a: Marowak|0 fnt\n|-unboost|p1a: Aegislash|def|1\n|-unboost|p1a: Aegislash|spd|1\n|faint|p2a: Marowak\n|\n|upkeep\n|\n|t:|1700115671\n|switch|p2a: Greninja|Greninja, M|100\/100\n|turn|8\n|\n|t:|1700115678\n|switch|p1a: Iron Valiant|Iron Valiant|40\/100 par\n|move|p2a: Greninja|Dark Pulse|p1a: Iron Valiant\n|-start|p2a: Greninja|typechange|Dark|[from] ability: Protean\n|-resisted|p1a: Iron Valiant\n|-damage|p1a: Iron Valiant|23\/100 par\n|\n|upkeep\n|turn|9\n|\n|t:|1700115690\n|switch|p2a: Hatterene|Hatterene, F|72\/100\n|cant|p1a: Iron Valiant|par\n|\n|upkeep\n|turn|10\n|\n|t:|1700115695\n|-end|p1a: Iron Valiant|Quark Drive|[silent]\n|switch|p1a: Aegislash|Aegislash, F|93\/100\n|move|p2a: Hatterene|Draining Kiss|p1a: Aegislash\n|-resisted|p1a: Aegislash\n|-damage|p1a: Aegislash|83\/100\n|-heal|p2a: Hatterene|79\/100|[from] drain|[of] p1a: Aegislash\n|\n|upkeep\n|turn|11\n|\n|t:|1700115704\n|switch|p2a: Steelix|Steelix, M|100\/100\n|-formechange|p1a: Aegislash|Aegislash-Blade||[from] ability: Stance Change\n|move|p1a: Aegislash|Iron Head|p2a: Steelix\n|-resisted|p2a: Steelix\n|-damage|p2a: Steelix|87\/100\n|-damage|p1a: Aegislash|67\/100|[from] item: Rocky Helmet|[of] p2a: Steelix\n|\n|upkeep\n|turn|12\n|\n|t:|1700115713\n|switch|p1a: Rillaboom|Rillaboom, M|100\/100\n|-fieldstart|move: Grassy Terrain|[from] ability: Grassy Surge|[of] p1a: Rillaboom\n|move|p2a: Steelix|Stealth Rock|p1a: Rillaboom\n|-sidestart|p1: xiezhouqun|move: Stealth Rock\n|\n|-heal|p2a: Steelix|93\/100|[from] Grassy Terrain\n|upkeep\n|turn|13\n|\n|t:|1700115727\n|switch|p2a: Salamence|Salamence, M|100\/100\n|-ability|p2a: Salamence|Intimidate|boost\n|-unboost|p1a: Rillaboom|atk|1\n|move|p1a: Rillaboom|U-turn|p2a: Salamence\n|-resisted|p2a: Salamence\n|-damage|p2a: Salamence|91\/100\n|l| oomizuhasuoo\n|\n|t:|1700115740\n|switch|p1a: Sneasler|Sneasler, M|100\/100|[from] U-turn\n|-damage|p1a: Sneasler|95\/100|[from] Stealth Rock\n|-enditem|p1a: Sneasler|Grassy Seed\n|-boost|p1a: Sneasler|def|1|[from] item: Grassy Seed\n|\n|-heal|p1a: Sneasler|100\/100|[from] Grassy Terrain\n|upkeep\n|turn|14\n|\n|t:|1700115750\n|-terastallize|p1a: Sneasler|Flying\n|move|p1a: Sneasler|Swords Dance|p1a: Sneasler\n|-boost|p1a: Sneasler|atk|2\n|move|p2a: Salamence|Draco Meteor|p1a: Sneasler\n|-damage|p1a: Sneasler|4\/100\n|-unboost|p2a: Salamence|spa|2\n|\n|upkeep\n|turn|15\n|\n|t:|1700115760\n|switch|p2a: Steelix|Steelix, M|93\/100\n|move|p1a: Sneasler|Close Combat|p2a: Steelix\n|-supereffective|p2a: Steelix\n|-damage|p2a: Steelix|0 fnt\n|-unboost|p1a: Sneasler|def|1\n|-unboost|p1a: Sneasler|spd|1\n|-damage|p1a: Sneasler|0 fnt|[from] item: Rocky Helmet|[of] p2a: Steelix\n|faint|p2a: Steelix\n|faint|p1a: Sneasler\n|\n|upkeep\n|\n|t:|1700115775\n|switch|p1a: Aegislash|Aegislash, F|67\/100\n|switch|p2a: Salamence|Salamence, M|91\/100\n|-ability|p2a: Salamence|Intimidate|boost\n|-unboost|p1a: Aegislash|atk|1\n|-damage|p1a: Aegislash|61\/100|[from] Stealth Rock\n|turn|16\n|\n|t:|1700115797\n|move|p2a: Salamence|Flamethrower|p1a: Aegislash\n|-supereffective|p1a: Aegislash\n|-damage|p1a: Aegislash|9\/100\n|-enditem|p1a: Aegislash|Weakness Policy\n|-boost|p1a: Aegislash|atk|2|[from] item: Weakness Policy\n|-boost|p1a: Aegislash|spa|2|[from] item: Weakness Policy\n|move|p1a: Aegislash|Swords Dance|p1a: Aegislash\n|-boost|p1a: Aegislash|atk|2\n|\n|-heal|p1a: Aegislash|15\/100|[from] Grassy Terrain\n|-fieldend|move: Grassy Terrain\n|upkeep\n|turn|17\n|\n|t:|1700115811\n|-formechange|p1a: Aegislash|Aegislash-Blade||[from] ability: Stance Change\n|move|p1a: Aegislash|Shadow Sneak|p2a: Salamence\n|-damage|p2a: Salamence|14\/100\n|move|p2a: Salamence|Roost|p2a: Salamence\n|-heal|p2a: Salamence|64\/100\n|-singleturn|p2a: Salamence|move: Roost\n|\n|upkeep\n|turn|18\n|inactive|as cheu has 120 seconds left.\n|\n|t:|1700115865\n|switch|p2a: Medicham|Medicham, F|100\/100\n|move|p1a: Aegislash|Shadow Sneak|p2a: Medicham\n|-supereffective|p2a: Medicham\n|-damage|p2a: Medicham|0 fnt\n|faint|p2a: Medicham\n|\n|upkeep\n|\n|t:|1700115868\n|switch|p2a: Greninja|Greninja, M|100\/100\n|turn|19\n|\n|t:|1700115877\n|switch|p1a: Rillaboom|Rillaboom, M|100\/100\n|-damage|p1a: Rillaboom|88\/100|[from] Stealth Rock\n|-fieldstart|move: Grassy Terrain|[from] ability: Grassy Surge|[of] p1a: Rillaboom\n|move|p2a: Greninja|Dark Pulse|p1a: Rillaboom\n|-start|p2a: Greninja|typechange|Dark|[from] ability: Protean\n|-damage|p1a: Rillaboom|48\/100\n|\n|-heal|p1a: Rillaboom|54\/100|[from] Grassy Terrain\n|-heal|p1a: Rillaboom|60\/100|[from] item: Leftovers\n|upkeep\n|turn|20\n|inactive|as cheu has 120 seconds left.\n|j| cheese miestro\n|\n|t:|1700115894\n|switch|p2a: Salamence|Salamence, M|64\/100\n|-ability|p2a: Salamence|Intimidate|boost\n|-unboost|p1a: Rillaboom|atk|1\n|move|p1a: Rillaboom|U-turn|p2a: Salamence\n|-resisted|p2a: Salamence\n|-damage|p2a: Salamence|54\/100\n|\n|t:|1700115901\n|switch|p1a: Hawlucha|Hawlucha, M, shiny|100\/100|[from] U-turn\n|-damage|p1a: Hawlucha|88\/100|[from] Stealth Rock\n|-enditem|p1a: Hawlucha|Grassy Seed\n|-boost|p1a: Hawlucha|def|1|[from] item: Grassy Seed\n|\n|upkeep\n|turn|21\n|\n|t:|1700115912\n|move|p1a: Hawlucha|Swords Dance|p1a: Hawlucha\n|-boost|p1a: Hawlucha|atk|2\n|move|p2a: Salamence|Draco Meteor|p1a: Hawlucha\n|-damage|p1a: Hawlucha|0 fnt\n|-unboost|p2a: Salamence|spa|2\n|faint|p1a: Hawlucha\n|\n|upkeep\n|\n|t:|1700115923\n|switch|p1a: Iron Valiant|Iron Valiant|23\/100 par\n|-damage|p1a: Iron Valiant|17\/100 par|[from] Stealth Rock\n|turn|22\n|\n|t:|1700115927\n|move|p2a: Salamence|Flamethrower|p1a: Iron Valiant\n|-damage|p1a: Iron Valiant|0 fnt\n|faint|p1a: Iron Valiant\n|-end|p1a: Iron Valiant|Quark Drive|[silent]\n|\n|upkeep\n|\n|t:|1700115937\n|switch|p1a: Aegislash|Aegislash, F|15\/100\n|-damage|p1a: Aegislash|9\/100|[from] Stealth Rock\n|turn|23\n|\n|t:|1700115944\n|-formechange|p1a: Aegislash|Aegislash-Blade||[from] ability: Stance Change\n|move|p1a: Aegislash|Shadow Sneak|p2a: Salamence\n|-crit|p2a: Salamence\n|-damage|p2a: Salamence|10\/100\n|move|p2a: Salamence|Flamethrower|p1a: Aegislash\n|-supereffective|p1a: Aegislash\n|-damage|p1a: Aegislash|0 fnt\n|faint|p1a: Aegislash\n|\n|-fieldend|move: Grassy Terrain\n|upkeep\n|\n|t:|1700115955\n|switch|p1a: Rillaboom|Rillaboom, M|60\/100\n|-damage|p1a: Rillaboom|48\/100|[from] Stealth Rock\n|-fieldstart|move: Grassy Terrain|[from] ability: Grassy Surge|[of] p1a: Rillaboom\n|turn|24\n|\n|t:|1700115963\n|switch|p2a: Hatterene|Hatterene, F|79\/100\n|move|p1a: Rillaboom|U-turn|p2a: Hatterene\n|-damage|p2a: Hatterene|59\/100\n|\n|-heal|p1a: Rillaboom|54\/100|[from] Grassy Terrain\n|-heal|p1a: Rillaboom|60\/100|[from] item: Leftovers\n|-heal|p2a: Hatterene|65\/100|[from] Grassy Terrain\n|upkeep\n|turn|25\n|\n|t:|1700115973\n|move|p1a: Rillaboom|Swords Dance|p1a: Rillaboom\n|-boost|p1a: Rillaboom|atk|2\n|move|p2a: Hatterene|Nuzzle|p1a: Rillaboom\n|-resisted|p1a: Rillaboom\n|-damage|p1a: Rillaboom|58\/100\n|-status|p1a: Rillaboom|par\n|\n|-heal|p1a: Rillaboom|64\/100 par|[from] Grassy Terrain\n|-heal|p1a: Rillaboom|70\/100 par|[from] item: Leftovers\n|-heal|p2a: Hatterene|71\/100|[from] Grassy Terrain\n|upkeep\n|turn|26\n|\n|t:|1700115985\n|move|p1a: Rillaboom|Grassy Glide|p2a: Hatterene\n|-damage|p2a: Hatterene|3\/100\n|move|p2a: Hatterene|Mystical Fire|p1a: Rillaboom\n|-supereffective|p1a: Rillaboom\n|-damage|p1a: Rillaboom|15\/100 par\n|-unboost|p1a: Rillaboom|spa|1\n|\n|-heal|p1a: Rillaboom|21\/100 par|[from] Grassy Terrain\n|-heal|p1a: Rillaboom|27\/100 par|[from] item: Leftovers\n|-heal|p2a: Hatterene|9\/100|[from] Grassy Terrain\n|upkeep\n|turn|27\n|\n|t:|1700115998\n|move|p1a: Rillaboom|Grassy Glide|p2a: Hatterene\n|-damage|p2a: Hatterene|0 fnt\n|faint|p2a: Hatterene\n|\n|-heal|p1a: Rillaboom|33\/100 par|[from] Grassy Terrain\n|-heal|p1a: Rillaboom|39\/100 par|[from] item: Leftovers\n|upkeep\n|\n|t:|1700116001\n|switch|p2a: Salamence|Salamence, M|10\/100\n|-ability|p2a: Salamence|Intimidate|boost\n|-unboost|p1a: Rillaboom|atk|1\n|turn|28\n|l| YJLF\n|\n|t:|1700116010\n|move|p1a: Rillaboom|Grassy Glide|p2a: Salamence\n|-resisted|p2a: Salamence\n|-damage|p2a: Salamence|0 fnt\n|faint|p2a: Salamence\n|\n|-heal|p1a: Rillaboom|45\/100 par|[from] Grassy Terrain\n|-heal|p1a: Rillaboom|51\/100 par|[from] item: Leftovers\n|-fieldend|move: Grassy Terrain\n|upkeep\n|\n|t:|1700116012\n|switch|p2a: Greninja|Greninja, M|100\/100\n|turn|29\n|\n|t:|1700116021\n|move|p2a: Greninja|Ice Beam|p1a: Rillaboom\n|-start|p2a: Greninja|typechange|Ice|[from] ability: Protean\n|-supereffective|p1a: Rillaboom\n|-damage|p1a: Rillaboom|0 fnt\n|faint|p1a: Rillaboom\n|\n|win|as cheu\n|raw|xiezhouqun's rating: 1716 &rarr; <strong>1688<\/strong><br \/>(-28 for losing)\n|raw|as cheu's rating: 1579 &rarr; <strong>1607<\/strong><br \/>(+28 for winning)\n|l| KoKohs\n","uploadtime":1700116032,"views":5,"p1id":"xiezhouqun","p2id":"ascheu","formatid":"gen9nationaldex","rating":1607,"private":0,"password":""}