{"id":"gen9nationaldex-1989744977","p1":"Delreynan","p2":"rimetrost","format":"[Gen 9] National Dex","log":"|j|\u2606Delreynan\n|j|\u2606rimetrost\n|t:|1699892111\n|gametype|singles\n|player|p1|Delreynan|cynthia-gen4|1054\n|player|p2|rimetrost|waiter|1036\n|teamsize|p1|6\n|teamsize|p2|6\n|gen|9\n|tier|[Gen 9] National Dex\n|rated|\n|rule|HP Percentage Mod: HP is shown in percentages\n|rule|Endless Battle Clause: Forcing endless battles is banned\n|rule|OHKO Clause: OHKO moves are banned\n|rule|Evasion Clause: Evasion abilities, items, and moves are banned\n|rule|Evasion Abilities Clause: Evasion abilities are banned\n|rule|Evasion Items Clause: Evasion items are banned\n|rule|Evasion Moves Clause: Evasion moves are banned\n|rule|Species Clause: Limit one of each Pok\u00e9mon\n|rule|Sleep Clause Mod: Limit one foe put to sleep\n|clearpoke\n|poke|p1|Mudsdale, M|\n|poke|p1|Charizard, F|\n|poke|p1|Meowscarada, M|\n|poke|p1|Swampert, M|\n|poke|p1|Muk-Alola, M|\n|poke|p1|Maushold|\n|poke|p2|Scizor, F|\n|poke|p2|Clodsire, M|\n|poke|p2|Tapu Koko|\n|poke|p2|Iron Valiant|\n|poke|p2|Ceruledge, M|\n|poke|p2|Ribombee, F|\n|teampreview\n|c|\u2606rimetrost|glhf!\n|\n|t:|1699892122\n|start\n|switch|p1a: Gato de botas|Meowscarada, M, shiny|100\/100\n|switch|p2a: Silk|Ribombee, F, shiny|100\/100\n|turn|1\n|\n|t:|1699892129\n|move|p2a: Silk|Sticky Web|p1a: Gato de botas\n|-sidestart|p1: Delreynan|move: Sticky Web\n|move|p1a: Gato de botas|Leech Seed|p2a: Silk\n|-start|p1a: Gato de botas|typechange|Grass|[from] ability: Protean\n|-start|p2a: Silk|move: Leech Seed\n|\n|-damage|p2a: Silk|88\/100|[from] Leech Seed|[of] p1a: Gato de botas\n|upkeep\n|turn|2\n|\n|t:|1699892143\n|switch|p2a: Sparky|Tapu Koko, shiny|100\/100\n|-fieldstart|move: Electric Terrain|[from] ability: Electric Surge|[of] p2a: Sparky\n|move|p1a: Gato de botas|Toxic Spikes|p2a: Sparky\n|-sidestart|p2: rimetrost|move: Toxic Spikes\n|\n|upkeep\n|turn|3\n|\n|t:|1699892154\n|move|p2a: Sparky|Reflect|p2a: Sparky\n|-sidestart|p2: rimetrost|Reflect\n|move|p1a: Gato de botas|Leech Seed|p2a: Sparky\n|-start|p2a: Sparky|move: Leech Seed\n|\n|-damage|p2a: Sparky|88\/100|[from] Leech Seed|[of] p1a: Gato de botas\n|upkeep\n|turn|4\n|\n|t:|1699892159\n|move|p2a: Sparky|Light Screen|p2a: Sparky\n|-sidestart|p2: rimetrost|move: Light Screen\n|move|p1a: Gato de botas|Knock Off|p2a: Sparky\n|-resisted|p2a: Sparky\n|-damage|p2a: Sparky|79\/100\n|-enditem|p2a: Sparky|Light Clay|[from] move: Knock Off|[of] p1a: Gato de botas\n|\n|-damage|p2a: Sparky|67\/100|[from] Leech Seed|[of] p1a: Gato de botas\n|upkeep\n|turn|5\n|\n|t:|1699892167\n|move|p2a: Sparky|U-turn|p1a: Gato de botas\n|-supereffective|p1a: Gato de botas\n|-damage|p1a: Gato de botas|47\/100\n|\n|t:|1699892170\n|switch|p2a: Goober|Clodsire, M|100\/100|[from] U-turn\n|-sideend|p2: rimetrost|move: Toxic Spikes|[of] p2a: Goober\n|move|p1a: Gato de botas|Flower Trick|p2a: Goober\n|-crit|p2a: Goober\n|-damage|p2a: Goober|38\/100\n|\n|upkeep\n|turn|6\n|\n|t:|1699892180\n|switch|p2a: Sir Slicer|Ceruledge, M|100\/100\n|move|p1a: Gato de botas|Flower Trick|p2a: Sir Slicer\n|-resisted|p2a: Sir Slicer\n|-crit|p2a: Sir Slicer\n|-damage|p2a: Sir Slicer|59\/100\n|-ability|p2a: Sir Slicer|Weak Armor|boost\n|-unboost|p2a: Sir Slicer|def|1\n|-boost|p2a: Sir Slicer|spe|2\n|\n|-fieldend|move: Electric Terrain\n|upkeep\n|turn|7\n|\n|t:|1699892194\n|move|p2a: Sir Slicer|Bitter Blade|p1a: Gato de botas\n|-supereffective|p1a: Gato de botas\n|-damage|p1a: Gato de botas|0 fnt\n|-heal|p2a: Sir Slicer|83\/100|[from] drain|[of] p1a: Gato de botas\n|faint|p1a: Gato de botas\n|\n|upkeep\n|\n|t:|1699892199\n|switch|p1a: Lodo|Muk-Alola, M|100\/100\n|-activate|p1a: Lodo|move: Sticky Web\n|-unboost|p1a: Lodo|spe|1\n|turn|8\n|\n|t:|1699892204\n|move|p2a: Sir Slicer|Swords Dance|p2a: Sir Slicer\n|-boost|p2a: Sir Slicer|atk|2\n|move|p1a: Lodo|Knock Off|p2a: Sir Slicer\n|-supereffective|p2a: Sir Slicer\n|-damage|p2a: Sir Slicer|0 fnt\n|-enditem|p2a: Sir Slicer|Focus Sash|[from] move: Knock Off|[of] p1a: Lodo\n|faint|p2a: Sir Slicer\n|\n|upkeep\n|\n|t:|1699892216\n|switch|p2a: Sparky|Tapu Koko, shiny|67\/100\n|-fieldstart|move: Electric Terrain|[from] ability: Electric Surge|[of] p2a: Sparky\n|turn|9\n|\n|t:|1699892224\n|move|p2a: Sparky|U-turn|p1a: Lodo\n|-damage|p1a: Lodo|80\/100\n|\n|t:|1699892229\n|switch|p2a: EVA|Scizor, F, shiny|100\/100|[from] U-turn\n|move|p1a: Lodo|Poison Jab|p2a: EVA\n|-immune|p2a: EVA\n|\n|-heal|p1a: Lodo|86\/100|[from] item: Leftovers\n|upkeep\n|turn|10\n|\n|t:|1699892237\n|switch|p1a: Dragoa do burro|Charizard, F|100\/100\n|detailschange|p2a: EVA|Scizor-Mega, F, shiny\n|-mega|p2a: EVA|Scizor|Scizorite\n|move|p2a: EVA|Swords Dance|p2a: EVA\n|-boost|p2a: EVA|atk|2\n|\n|-sideend|p2: rimetrost|Reflect\n|upkeep\n|turn|11\n|\n|t:|1699892253\n|switch|p2a: Sir Cumsize|Iron Valiant|100\/100\n|-activate|p2a: Sir Cumsize|ability: Quark Drive\n|-start|p2a: Sir Cumsize|quarkdrivespe\n|-zpower|p1a: Dragoa do burro\n|move|p1a: Dragoa do burro|Inferno Overdrive|p2a: Sir Cumsize|[zeffect]\n|-damage|p2a: Sir Cumsize|25\/100\n|\n|-sideend|p2: rimetrost|move: Light Screen\n|upkeep\n|turn|12\n|\n|t:|1699892265\n|move|p2a: Sir Cumsize|Thunderbolt|p1a: Dragoa do burro\n|-supereffective|p1a: Dragoa do burro\n|-damage|p1a: Dragoa do burro|0 fnt\n|faint|p1a: Dragoa do burro\n|\n|upkeep\n|\n|t:|1699892271\n|switch|p1a: SWAMP|Swampert, M|100\/100\n|-activate|p1a: SWAMP|move: Sticky Web\n|-unboost|p1a: SWAMP|spe|1\n|turn|13\n|\n|t:|1699892280\n|-end|p2a: Sir Cumsize|Quark Drive|[silent]\n|switch|p2a: Silk|Ribombee, F, shiny|88\/100\n|detailschange|p1a: SWAMP|Swampert-Mega, M\n|-mega|p1a: SWAMP|Swampert|Swampertite\n|move|p1a: SWAMP|Rain Dance|p1a: SWAMP\n|-weather|RainDance\n|\n|-weather|RainDance|[upkeep]\n|-fieldend|move: Electric Terrain\n|upkeep\n|turn|14\n|\n|t:|1699892289\n|move|p2a: Silk|Stun Spore|p1a: SWAMP|[miss]\n|-miss|p2a: Silk|p1a: SWAMP\n|move|p1a: SWAMP|Waterfall|p2a: Silk\n|-crit|p2a: Silk\n|-damage|p2a: Silk|0 fnt\n|faint|p2a: Silk\n|\n|-weather|RainDance|[upkeep]\n|upkeep\n|\n|t:|1699892308\n|switch|p2a: Sir Cumsize|Iron Valiant|25\/100\n|turn|15\n|\n|t:|1699892314\n|move|p2a: Sir Cumsize|Focus Blast|p1a: SWAMP\n|-damage|p1a: SWAMP|30\/100\n|move|p1a: SWAMP|Waterfall|p2a: Sir Cumsize\n|-damage|p2a: Sir Cumsize|0 fnt\n|faint|p2a: Sir Cumsize\n|-end|p2a: Sir Cumsize|Quark Drive|[silent]\n|\n|-weather|RainDance|[upkeep]\n|upkeep\n|\n|t:|1699892321\n|switch|p2a: EVA|Scizor-Mega, F, shiny|100\/100\n|turn|16\n|\n|t:|1699892341\n|move|p1a: SWAMP|Waterfall|p2a: EVA\n|-damage|p2a: EVA|53\/100\n|cant|p2a: EVA|flinch\n|\n|-weather|RainDance|[upkeep]\n|upkeep\n|turn|17\n|\n|t:|1699892347\n|move|p1a: SWAMP|Waterfall|p2a: EVA\n|-damage|p2a: EVA|2\/100\n|move|p2a: EVA|Roost|p2a: EVA\n|-heal|p2a: EVA|52\/100\n|-singleturn|p2a: EVA|move: Roost\n|\n|-weather|none\n|upkeep\n|turn|18\n|\n|t:|1699892354\n|move|p2a: EVA|Roost|p2a: EVA\n|-heal|p2a: EVA|100\/100\n|-singleturn|p2a: EVA|move: Roost\n|move|p1a: SWAMP|Waterfall|p2a: EVA\n|-damage|p2a: EVA|71\/100\n|\n|upkeep\n|turn|19\n|\n|t:|1699892359\n|move|p2a: EVA|Swords Dance|p2a: EVA\n|-boost|p2a: EVA|atk|2\n|move|p1a: SWAMP|Rain Dance|p1a: SWAMP\n|-weather|RainDance\n|\n|-weather|RainDance|[upkeep]\n|upkeep\n|turn|20\n|\n|t:|1699892365\n|move|p1a: SWAMP|Waterfall|p2a: EVA\n|-damage|p2a: EVA|20\/100\n|move|p2a: EVA|Roost|p2a: EVA\n|-heal|p2a: EVA|70\/100\n|-singleturn|p2a: EVA|move: Roost\n|\n|-weather|RainDance|[upkeep]\n|upkeep\n|turn|21\n|\n|t:|1699892372\n|move|p2a: EVA|Bullet Punch|p1a: SWAMP\n|-resisted|p1a: SWAMP\n|-damage|p1a: SWAMP|7\/100\n|move|p1a: SWAMP|Ice Punch|p2a: EVA\n|-resisted|p2a: EVA\n|-crit|p2a: EVA\n|-damage|p2a: EVA|54\/100\n|\n|-weather|RainDance|[upkeep]\n|upkeep\n|turn|22\n|\n|t:|1699892382\n|move|p1a: SWAMP|Waterfall|p2a: EVA\n|-damage|p2a: EVA|8\/100\n|move|p2a: EVA|Swords Dance|p2a: EVA\n|-boost|p2a: EVA|atk|2\n|\n|-weather|RainDance|[upkeep]\n|upkeep\n|turn|23\n|\n|t:|1699892387\n|move|p2a: EVA|Bullet Punch|p1a: SWAMP\n|-resisted|p1a: SWAMP\n|-damage|p1a: SWAMP|0 fnt\n|faint|p1a: SWAMP\n|\n|-weather|none\n|upkeep\n|\n|t:|1699892393\n|switch|p1a: Lodo|Muk-Alola, M|86\/100\n|-activate|p1a: Lodo|move: Sticky Web\n|-unboost|p1a: Lodo|spe|1\n|turn|24\n|\n|t:|1699892398\n|move|p2a: EVA|Bullet Punch|p1a: Lodo\n|-damage|p1a: Lodo|0 fnt\n|faint|p1a: Lodo\n|\n|upkeep\n|\n|t:|1699892401\n|switch|p1a: Burro do Sherek|Mudsdale, M|100\/100\n|-activate|p1a: Burro do Sherek|move: Sticky Web\n|-unboost|p1a: Burro do Sherek|spe|1\n|turn|25\n|\n|t:|1699892405\n|-terastallize|p1a: Burro do Sherek|Steel\n|move|p2a: EVA|Roost|p2a: EVA\n|-heal|p2a: EVA|59\/100\n|-singleturn|p2a: EVA|move: Roost\n|move|p1a: Burro do Sherek|Earthquake|p2a: EVA\n|-damage|p2a: EVA|28\/100\n|\n|upkeep\n|turn|26\n|\n|t:|1699892411\n|move|p2a: EVA|Roost|p2a: EVA\n|-heal|p2a: EVA|78\/100\n|-singleturn|p2a: EVA|move: Roost\n|move|p1a: Burro do Sherek|Body Press|p2a: EVA\n|-damage|p2a: EVA|63\/100\n|\n|upkeep\n|turn|27\n|\n|t:|1699892418\n|move|p2a: EVA|Roost|p2a: EVA\n|-heal|p2a: EVA|100\/100\n|-singleturn|p2a: EVA|move: Roost\n|move|p1a: Burro do Sherek|Iron Defense|p1a: Burro do Sherek\n|-boost|p1a: Burro do Sherek|def|2\n|\n|upkeep\n|turn|28\n|\n|t:|1699892424\n|move|p2a: EVA|Swords Dance|p2a: EVA\n|-boost|p2a: EVA|atk|2\n|move|p1a: Burro do Sherek|Iron Defense|p1a: Burro do Sherek\n|-boost|p1a: Burro do Sherek|def|2\n|\n|upkeep\n|turn|29\n|\n|t:|1699892431\n|move|p2a: EVA|Bullet Punch|p1a: Burro do Sherek\n|-resisted|p1a: Burro do Sherek\n|-damage|p1a: Burro do Sherek|86\/100\n|-ability|p1a: Burro do Sherek|Stamina|boost\n|-boost|p1a: Burro do Sherek|def|1\n|move|p1a: Burro do Sherek|Body Press|p2a: EVA\n|-damage|p2a: EVA|48\/100\n|\n|-heal|p1a: Burro do Sherek|92\/100|[from] item: Leftovers\n|upkeep\n|turn|30\n|-message|rimetrost forfeited.\n|\n|win|Delreynan\n|raw|Delreynan's rating: 1054 &rarr; <strong>1084<\/strong><br \/>(+30 for winning)\n|raw|rimetrost's rating: 1036 &rarr; <strong>1021<\/strong><br \/>(-15 for losing)\n|l|\u2606rimetrost\n","uploadtime":1699892444,"views":6,"p1id":"delreynan","p2id":"rimetrost","formatid":"gen9nationaldex","rating":1021,"private":0,"password":""}