{"id":"gen9nationaldex-1989257235","p1":"yolo420dabmaster","p2":"I Hate AP Chem","format":"[Gen 9] National Dex","log":"|j|\u2606yolo420dabmaster\n|j|\u2606I Hate AP Chem\n|t:|1699828772\n|gametype|singles\n|player|p1|yolo420dabmaster|harlequin|\n|player|p2|I Hate AP Chem|sisandbro|\n|teamsize|p1|6\n|teamsize|p2|6\n|gen|9\n|tier|[Gen 9] National Dex\n|rule|HP Percentage Mod: HP is shown in percentages\n|rule|Endless Battle Clause: Forcing endless battles is banned\n|rule|OHKO Clause: OHKO moves are banned\n|rule|Evasion Clause: Evasion abilities, items, and moves are banned\n|rule|Evasion Abilities Clause: Evasion abilities are banned\n|rule|Evasion Items Clause: Evasion items are banned\n|rule|Evasion Moves Clause: Evasion moves are banned\n|rule|Species Clause: Limit one of each Pok\u00e9mon\n|rule|Sleep Clause Mod: Limit one foe put to sleep\n|clearpoke\n|poke|p1|Zeraora|\n|poke|p1|Kartana|\n|poke|p1|Zapdos|\n|poke|p1|Hariyama, M|\n|poke|p1|Diancie|\n|poke|p1|Azumarill, M|\n|poke|p2|Meowscarada, F|\n|poke|p2|Sneasler, M|\n|poke|p2|Blastoise, F|\n|poke|p2|Sandy Shocks|\n|poke|p2|Zapdos-Galar|\n|poke|p2|Ribombee, M|\n|teampreview\n|j| Porkedcar\n|j| carutothehocarge\n|j| Quorin\n|\n|t:|1699828801\n|start\n|switch|p1a: Zeraora|Zeraora|100\/100\n|switch|p2a: Sandy Shocks|Sandy Shocks|100\/100\n|turn|1\n|\n|t:|1699828906\n|switch|p1a: Eggdog|Azumarill, M|100\/100\n|move|p2a: Sandy Shocks|Earth Power|p1a: Eggdog\n|-damage|p1a: Eggdog|56\/100\n|\n|upkeep\n|turn|2\n|c| carutothehocarge|long long turn\n|c| Quorin|Partial nicknames\n|\n|t:|1699828947\n|-end|p2a: Sandy Shocks|Protosynthesis|[silent]\n|switch|p2a: Blastoise|Blastoise, F|100\/100\n|move|p1a: Eggdog|Aqua Jet|p2a: Blastoise\n|-resisted|p2a: Blastoise\n|-damage|p2a: Blastoise|96\/100\n|-enditem|p2a: Blastoise|Red Card|[of] p1a: Eggdog\n|drag|p1a: Uk flag but epic|Kartana|100\/100\n|\n|upkeep\n|turn|3\n|c| Quorin|rng carrying zoey\n|c| Porkedcar|as per usual\n|\n|t:|1699828992\n|move|p1a: Uk flag but epic|Knock Off|p2a: Blastoise\n|-damage|p2a: Blastoise|74\/100\n|move|p2a: Blastoise|Yawn|p1a: Uk flag but epic\n|-start|p1a: Uk flag but epic|move: Yawn|[of] p2a: Blastoise\n|\n|upkeep\n|turn|4\n|\n|t:|1699829006\n|switch|p1a: SPARE RIBS|Zapdos|100\/100\n|-ability|p1a: SPARE RIBS|Pressure\n|move|p2a: Blastoise|Flip Turn|p1a: SPARE RIBS\n|-damage|p1a: SPARE RIBS|85\/100\n|\n|t:|1699829048\n|switch|p2a: Sandy Shocks|Sandy Shocks|100\/100|[from] Flip Turn\n|\n|-heal|p1a: SPARE RIBS|92\/100|[from] item: Leftovers\n|upkeep\n|turn|5\n|\n|t:|1699829103\n|switch|p1a: Stat Check|Hariyama, M|100\/100\n|move|p2a: Sandy Shocks|Volt Switch|p1a: Stat Check\n|-damage|p1a: Stat Check|75\/100\n|\n|t:|1699829108\n|-end|p2a: Sandy Shocks|Protosynthesis|[silent]\n|switch|p2a: Zapdos|Zapdos-Galar|100\/100|[from] Volt Switch\n|\n|upkeep\n|turn|6\n|\n|t:|1699829147\n|move|p1a: Stat Check|Fake Out|p2a: Zapdos\n|-damage|p2a: Zapdos|83\/100\n|cant|p2a: Zapdos|flinch\n|\n|upkeep\n|turn|7\n|\n|t:|1699829176\n|switch|p1a: Deodorant (Stinky)|Diancie|100\/100\n|move|p2a: Zapdos|U-turn|p1a: Deodorant (Stinky)\n|-resisted|p1a: Deodorant (Stinky)\n|-damage|p1a: Deodorant (Stinky)|86\/100\n|-damage|p2a: Zapdos|73\/100|[from] item: Life Orb\n|\n|t:|1699829197\n|switch|p2a: Meowscarada|Meowscarada, F|100\/100|[from] U-turn\n|\n|upkeep\n|turn|8\n|\n|t:|1699829269\n|switch|p1a: Uk flag but epic|Kartana|100\/100\n|move|p2a: Meowscarada|Flower Trick|p1a: Uk flag but epic\n|-resisted|p1a: Uk flag but epic\n|-crit|p1a: Uk flag but epic\n|-damage|p1a: Uk flag but epic|85\/100\n|-damage|p2a: Meowscarada|91\/100|[from] item: Life Orb\n|\n|upkeep\n|turn|9\n|\n|t:|1699829298\n|move|p1a: Uk flag but epic|Sacred Sword|p2a: Meowscarada\n|-supereffective|p2a: Meowscarada\n|-damage|p2a: Meowscarada|0 fnt\n|faint|p2a: Meowscarada\n|-ability|p1a: Uk flag but epic|Beast Boost|boost\n|-boost|p1a: Uk flag but epic|atk|1\n|\n|upkeep\n|\n|t:|1699829330\n|switch|p2a: Sneasler|Sneasler, M|100\/100\n|turn|10\n|j| dinguskringus\n|\n|t:|1699829379\n|switch|p1a: Stat Check|Hariyama, M|75\/100\n|move|p2a: Sneasler|Close Combat|p1a: Stat Check\n|-damage|p1a: Stat Check|0 fnt\n|-unboost|p2a: Sneasler|def|1\n|-unboost|p2a: Sneasler|spd|1\n|faint|p1a: Stat Check\n|-damage|p2a: Sneasler|91\/100|[from] item: Life Orb\n|\n|upkeep\n|c| Quorin|4 lifeorbs\n|c| Quorin|based nugget\n|\n|t:|1699829431\n|switch|p1a: SPARE RIBS|Zapdos|92\/100\n|-ability|p1a: SPARE RIBS|Pressure\n|turn|11\n|\n|t:|1699829452\n|switch|p2a: Sandy Shocks|Sandy Shocks|100\/100\n|move|p1a: SPARE RIBS|Hurricane|p2a: Sandy Shocks\n|-resisted|p2a: Sandy Shocks\n|-damage|p2a: Sandy Shocks|72\/100\n|\n|-heal|p1a: SPARE RIBS|98\/100|[from] item: Leftovers\n|upkeep\n|turn|12\n|\n|t:|1699829475\n|switch|p1a: Eggdog|Azumarill, M|56\/100\n|move|p2a: Sandy Shocks|Volt Switch|p1a: Eggdog\n|-supereffective|p1a: Eggdog\n|-damage|p1a: Eggdog|0 fnt\n|faint|p1a: Eggdog\n|\n|t:|1699829487\n|-end|p2a: Sandy Shocks|Protosynthesis|[silent]\n|switch|p2a: Ribombee|Ribombee, M|100\/100|[from] Volt Switch\n|\n|upkeep\n|j| soupman42069\n|c| Quorin|clutch switch\n|\n|t:|1699829492\n|switch|p1a: Zeraora|Zeraora|100\/100\n|turn|13\n|\n|t:|1699829522\n|move|p1a: Zeraora|Plasma Fists|p2a: Ribombee\n|-enditem|p2a: Ribombee|Focus Sash\n|-damage|p2a: Ribombee|1\/100\n|-fieldactivate|move: Ion Deluge\n|-hint|Normal-type moves become Electric-type after using Plasma Fists.\n|-damage|p1a: Zeraora|91\/100|[from] item: Life Orb\n|move|p2a: Ribombee|Sticky Web|p1a: Zeraora\n|-sidestart|p1: yolo420dabmaster|move: Sticky Web\n|\n|upkeep\n|turn|14\n|\n|t:|1699829548\n|move|p1a: Zeraora|Bulk Up|p1a: Zeraora\n|-boost|p1a: Zeraora|atk|1\n|-boost|p1a: Zeraora|def|1\n|move|p2a: Ribombee|Charm|p1a: Zeraora\n|-unboost|p1a: Zeraora|atk|2\n|\n|upkeep\n|turn|15\n|\n|t:|1699829558\n|move|p1a: Zeraora|Knock Off|p2a: Ribombee\n|-resisted|p2a: Ribombee\n|-damage|p2a: Ribombee|0 fnt\n|faint|p2a: Ribombee\n|-damage|p1a: Zeraora|81\/100|[from] item: Life Orb\n|\n|upkeep\n|\n|t:|1699829564\n|switch|p2a: Sandy Shocks|Sandy Shocks|72\/100\n|turn|16\n|\n|t:|1699829596\n|move|p2a: Sandy Shocks|Volt Switch|p1a: Zeraora\n|-heal|p1a: Zeraora|100\/100|[from] ability: Volt Absorb|[of] p2a: Sandy Shocks\n|move|p1a: Zeraora|Knock Off|p2a: Sandy Shocks\n|-damage|p2a: Sandy Shocks|41\/100\n|-enditem|p2a: Sandy Shocks|Choice Scarf|[from] move: Knock Off|[of] p1a: Zeraora\n|-damage|p1a: Zeraora|91\/100|[from] item: Life Orb\n|\n|upkeep\n|turn|17\n|c| soupman42069|send out pikachu\n|\n|t:|1699829609\n|move|p1a: Zeraora|Knock Off|p2a: Sandy Shocks\n|-damage|p2a: Sandy Shocks|20\/100\n|-damage|p1a: Zeraora|81\/100|[from] item: Life Orb\n|move|p2a: Sandy Shocks|Earth Power|p1a: Zeraora\n|-supereffective|p1a: Zeraora\n|-damage|p1a: Zeraora|0 fnt\n|faint|p1a: Zeraora\n|\n|upkeep\n|\n|t:|1699829629\n|switch|p1a: Deodorant (Stinky)|Diancie|86\/100\n|-activate|p1a: Deodorant (Stinky)|move: Sticky Web\n|-fail|p1a: Deodorant (Stinky)|unboost|[from] ability: Clear Body|[of] p1a: Deodorant (Stinky)\n|turn|18\n|\n|t:|1699829642\n|detailschange|p1a: Deodorant (Stinky)|Diancie-Mega\n|-mega|p1a: Deodorant (Stinky)|Diancie|Diancite\n|move|p2a: Sandy Shocks|Flash Cannon|p1a: Deodorant (Stinky)\n|-supereffective|p1a: Deodorant (Stinky)\n|-damage|p1a: Deodorant (Stinky)|0 fnt\n|faint|p1a: Deodorant (Stinky)\n|\n|upkeep\n|\n|t:|1699829649\n|switch|p1a: Uk flag but epic|Kartana|85\/100\n|-activate|p1a: Uk flag but epic|move: Sticky Web\n|-unboost|p1a: Uk flag but epic|spe|1\n|turn|19\n|\n|t:|1699829657\n|move|p2a: Sandy Shocks|Earth Power|p1a: Uk flag but epic\n|-damage|p1a: Uk flag but epic|0 fnt\n|faint|p1a: Uk flag but epic\n|\n|upkeep\n|\n|t:|1699829661\n|switch|p1a: SPARE RIBS|Zapdos|98\/100\n|-ability|p1a: SPARE RIBS|Pressure\n|turn|20\n|\n|t:|1699829685\n|move|p2a: Sandy Shocks|Volt Switch|p1a: SPARE RIBS\n|-damage|p1a: SPARE RIBS|66\/100\n|\n|t:|1699829688\n|-end|p2a: Sandy Shocks|Protosynthesis|[silent]\n|switch|p2a: Blastoise|Blastoise, F|74\/100|[from] Volt Switch\n|move|p1a: SPARE RIBS|Hurricane|p2a: Blastoise\n|-damage|p2a: Blastoise|33\/100\n|-start|p2a: Blastoise|confusion\n|\n|-heal|p1a: SPARE RIBS|72\/100|[from] item: Leftovers\n|upkeep\n|turn|21\n|\n|t:|1699829703\n|move|p1a: SPARE RIBS|Volt Switch|p2a: Blastoise\n|-supereffective|p2a: Blastoise\n|-damage|p2a: Blastoise|0 fnt\n|faint|p2a: Blastoise\n|\n|-heal|p1a: SPARE RIBS|78\/100|[from] item: Leftovers\n|upkeep\n|\n|t:|1699829709\n|switch|p2a: Sneasler|Sneasler, M|91\/100\n|turn|22\n|\n|t:|1699829715\n|move|p2a: Sneasler|Dire Claw|p1a: SPARE RIBS\n|-damage|p1a: SPARE RIBS|22\/100\n|-damage|p2a: Sneasler|81\/100|[from] item: Life Orb\n|move|p1a: SPARE RIBS|Hurricane|p2a: Sneasler\n|-supereffective|p2a: Sneasler\n|-damage|p2a: Sneasler|0 fnt\n|faint|p2a: Sneasler\n|\n|-heal|p1a: SPARE RIBS|28\/100|[from] item: Leftovers\n|upkeep\n|\n|t:|1699829721\n|switch|p2a: Sandy Shocks|Sandy Shocks|20\/100\n|turn|23\n|\n|t:|1699829731\n|move|p2a: Sandy Shocks|Thunderbolt|p1a: SPARE RIBS\n|-damage|p1a: SPARE RIBS|0 fnt\n|faint|p1a: SPARE RIBS\n|\n|win|I Hate AP Chem\n|l| dinguskringus\n|l|\u2606yolo420dabmaster\n|l| soupman42069\n","uploadtime":1699829743,"views":17,"p1id":"yolo420dabmaster","p2id":"ihateapchem","formatid":"gen9nationaldex","rating":0,"private":0,"password":""}