{"id":"gen9nationaldex-1997893176","p1":"SorinhaBrando","p2":"YameLegal","format":"[Gen 9] National Dex","log":"|html|<div class=\"broadcast-blue\"><strong>[Gen 9] National Dex is currently suspecting Sneasler! For information on how to participate check out the <a href=\"https:\/\/www.smogon.com\/forums\/threads\/sv-national-dex-suspect-8-just-dance.3731534\/\">suspect thread<\/a>.<\/strong><\/div>\n|j|\u2606SorinhaBrando\n|j|\u2606YameLegal\n|t:|1700864492\n|gametype|singles\n|player|p1|SorinhaBrando|alec-anime|\n|player|p2|YameLegal|iris-gen5bw2|\n|teamsize|p1|6\n|teamsize|p2|6\n|gen|9\n|tier|[Gen 9] National Dex\n|rule|HP Percentage Mod: HP is shown in percentages\n|rule|Endless Battle Clause: Forcing endless battles is banned\n|rule|OHKO Clause: OHKO moves are banned\n|rule|Evasion Clause: Evasion abilities, items, and moves are banned\n|rule|Evasion Abilities Clause: Evasion abilities are banned\n|rule|Evasion Items Clause: Evasion items are banned\n|rule|Evasion Moves Clause: Evasion moves are banned\n|rule|Species Clause: Limit one of each Pok\u00e9mon\n|rule|Sleep Clause Mod: Limit one foe put to sleep\n|clearpoke\n|poke|p1|Zoroark-Hisui, M|\n|poke|p1|Gliscor, M|\n|poke|p1|Cinderace, M|\n|poke|p1|Malamar, F|\n|poke|p1|Golisopod, M|\n|poke|p1|Togedemaru, M|\n|poke|p2|Arcanine-Hisui, M|\n|poke|p2|Serperior, M|\n|poke|p2|Samurott-Hisui, M|\n|poke|p2|Flygon, F|\n|poke|p2|Toxtricity-Low-Key, M|\n|poke|p2|Mimikyu, F|\n|teampreview\n|\n|t:|1700864529\n|start\n|switch|p1a: Glanga|Gliscor, M|100\/100\n|switch|p2a: Obsidian|Samurott-Hisui, M|100\/100\n|turn|1\n|\n|t:|1700864550\n|switch|p1a: Poli|Golisopod, M|100\/100\n|move|p2a: Obsidian|Aqua Cutter|p1a: Poli\n|-resisted|p1a: Poli\n|-damage|p1a: Poli|82\/100\n|\n|-heal|p1a: Poli|88\/100|[from] item: Leftovers\n|upkeep\n|turn|2\n|\n|t:|1700864577\n|switch|p2a: Rock|Toxtricity-Low-Key, M|100\/100\n|move|p1a: Poli|First Impression|p2a: Rock\n|-resisted|p2a: Rock\n|-damage|p2a: Rock|67\/100\n|\n|-heal|p2a: Rock|73\/100|[from] item: Black Sludge\n|-heal|p1a: Poli|94\/100|[from] item: Leftovers\n|upkeep\n|turn|3\n|\n|t:|1700864591\n|switch|p1a: Glanga|Gliscor, M|100\/100\n|move|p2a: Rock|Overdrive|p1a: Glanga\n|-immune|p1a: Glanga\n|\n|-heal|p2a: Rock|79\/100|[from] item: Black Sludge\n|-status|p1a: Glanga|tox|[from] item: Toxic Orb\n|upkeep\n|turn|4\n|\n|t:|1700864608\n|move|p1a: Glanga|Knock Off|p2a: Rock\n|-damage|p2a: Rock|45\/100\n|-enditem|p2a: Rock|Black Sludge|[from] move: Knock Off|[of] p1a: Glanga\n|move|p2a: Rock|Boomburst|p1a: Glanga\n|-crit|p1a: Glanga\n|-damage|p1a: Glanga|0 fnt\n|faint|p1a: Glanga\n|\n|upkeep\n|\n|t:|1700864616\n|switch|p1a: Poli|Golisopod, M|100\/100\n|turn|5\n|\n|t:|1700864633\n|-terastallize|p2a: Rock|Flying\n|move|p1a: Poli|Shadow Ball|p2a: Rock\n|-damage|p2a: Rock|10\/100\n|move|p2a: Rock|Overdrive|p1a: Poli\n|-damage|p1a: Poli|13\/100\n|replace|p1a: Zork|Zoroark-Hisui, M\n|-end|p1a: Zork|Illusion\n|\n|-heal|p1a: Zork|19\/100|[from] item: Leftovers\n|upkeep\n|turn|6\n|j| BaraoZX\n|c| BaraoZX|net\n|\n|t:|1700864655\n|move|p1a: Zork|Flamethrower|p2a: Rock\n|-damage|p2a: Rock|0 fnt\n|faint|p2a: Rock\n|\n|-heal|p1a: Zork|25\/100|[from] item: Leftovers\n|upkeep\n|\n|t:|1700864661\n|switch|p2a: Kitsune|Arcanine-Hisui, M|100\/100\n|turn|7\n|\n|t:|1700864684\n|switch|p1a: Poli|Golisopod, M|94\/100\n|move|p2a: Kitsune|Extreme Speed|p1a: Poli\n|-damage|p1a: Poli|70\/100\n|-damage|p2a: Kitsune|91\/100|[from] item: Life Orb\n|\n|-heal|p1a: Poli|76\/100|[from] item: Leftovers\n|upkeep\n|turn|8\n|\n|t:|1700864698\n|move|p1a: Poli|First Impression|p2a: Kitsune\n|-resisted|p2a: Kitsune\n|-crit|p2a: Kitsune\n|-damage|p2a: Kitsune|41\/100\n|move|p2a: Kitsune|Head Smash|p1a: Poli\n|-supereffective|p1a: Poli\n|-damage|p1a: Poli|0 fnt\n|faint|p1a: Poli\n|-damage|p2a: Kitsune|31\/100|[from] item: Life Orb\n|\n|upkeep\n|c| BaraoZX|ta fortinho hein\n|\n|t:|1700864714\n|switch|p1a: Malina|Malamar, F|100\/100\n|turn|9\n|\n|t:|1700864731\n|switch|p2a: Obsidian|Samurott-Hisui, M|100\/100\n|-terastallize|p1a: Malina|Fighting\n|move|p1a: Malina|Superpower|p2a: Obsidian\n|-supereffective|p2a: Obsidian\n|-damage|p2a: Obsidian|0 fnt\n|-boost|p1a: Malina|atk|1\n|-boost|p1a: Malina|def|1\n|faint|p2a: Obsidian\n|\n|upkeep\n|\n|t:|1700864755\n|switch|p2a: Pikachu 2|Mimikyu, F|100\/100\n|turn|10\n|\n|t:|1700864761\n|switch|p1a: Toge|Togedemaru, M|100\/100\n|-zpower|p2a: Pikachu 2\n|move|p2a: Pikachu 2|Let's Snuggle Forever|p1a: Toge|[zeffect]\n|-resisted|p1a: Toge\n|-damage|p1a: Toge|41\/100\n|-damage|p2a: Pikachu 2|88\/100|[from] ability: Iron Barbs|[of] p1a: Toge\n|-damage|p2a: Pikachu 2|72\/100|[from] item: Rocky Helmet|[of] p1a: Toge\n|\n|upkeep\n|turn|11\n|c| BaraoZX|pikachu 2 kkkkkkkk\n|\n|t:|1700864779\n|move|p2a: Pikachu 2|Substitute|p2a: Pikachu 2\n|-start|p2a: Pikachu 2|Substitute\n|-damage|p2a: Pikachu 2|47\/100\n|move|p1a: Toge|Wish|p1a: Toge\n|\n|upkeep\n|turn|12\n|\n|t:|1700864785\n|move|p2a: Pikachu 2|Drain Punch|p1a: Toge\n|-supereffective|p1a: Toge\n|-damage|p1a: Toge|0 fnt\n|-heal|p2a: Pikachu 2|74\/100|[from] drain|[of] p1a: Toge\n|-damage|p2a: Pikachu 2|61\/100|[from] ability: Iron Barbs|[of] p1a: Toge\n|-damage|p2a: Pikachu 2|45\/100|[from] item: Rocky Helmet|[of] p1a: Toge\n|faint|p1a: Toge\n|\n|upkeep\n|\n|t:|1700864797\n|switch|p1a: Malina|Malamar, F|25\/100\n|-start|p1a: Malina|typechange|Fighting|[silent]\n|turn|13\n|c| BaraoZX|p-p virou o rusty que tem seus mil pikachu?\n|\n|t:|1700864806\n|move|p2a: Pikachu 2|Shadow Sneak|p1a: Malina\n|-immune|p1a: Malina\n|move|p1a: Malina|Shadow Ball|p2a: Pikachu 2\n|-supereffective|p2a: Pikachu 2\n|-end|p2a: Pikachu 2|Substitute\n|\n|-heal|p1a: Malina|31\/100|[from] item: Leftovers\n|upkeep\n|turn|14\n|\n|t:|1700864820\n|move|p1a: Malina|Shadow Ball|p2a: Pikachu 2\n|-activate|p2a: Pikachu 2|ability: Disguise\n|-damage|p2a: Pikachu 2|45\/100\n|detailschange|p2a: Pikachu 2|Mimikyu-Busted, F\n|-damage|p2a: Pikachu 2|33\/100|[from] pokemon: Mimikyu-Busted\n|move|p2a: Pikachu 2|Play Rough|p1a: Malina\n|-damage|p1a: Malina|0 fnt\n|replace|p1a: Zork|Zoroark-Hisui, M\n|-end|p1a: Zork|Illusion\n|faint|p1a: Zork\n|\n|upkeep\n|\n|t:|1700864831\n|switch|p1a: Libot|Cinderace, M|100\/100\n|turn|15\n|\n|t:|1700864843\n|move|p2a: Pikachu 2|Shadow Sneak|p1a: Libot\n|-damage|p1a: Libot|75\/100\n|move|p1a: Libot|Pyro Ball|p2a: Pikachu 2\n|-damage|p2a: Pikachu 2|0 fnt\n|faint|p2a: Pikachu 2\n|\n|upkeep\n|\n|t:|1700864867\n|switch|p2a: Flyga|Flygon, F|100\/100\n|turn|16\n|\n|t:|1700864873\n|switch|p1a: Malina|Malamar, F, tera:Fighting|100\/100\n|move|p2a: Flyga|Earthquake|p1a: Malina\n|-damage|p1a: Malina|42\/100\n|\n|upkeep\n|turn|17\n|\n|t:|1700864886\n|switch|p2a: Vibora|Serperior, M|100\/100\n|move|p1a: Malina|Superpower|p2a: Vibora\n|-damage|p2a: Vibora|47\/100\n|-boost|p1a: Malina|atk|1\n|-boost|p1a: Malina|def|1\n|\n|upkeep\n|turn|18\n|\n|t:|1700864893\n|move|p1a: Malina|Superpower|p2a: Vibora\n|-damage|p2a: Vibora|0 fnt\n|-boost|p1a: Malina|atk|1\n|-boost|p1a: Malina|def|1\n|faint|p2a: Vibora\n|\n|upkeep\n|\n|t:|1700864899\n|switch|p2a: Flyga|Flygon, F|100\/100\n|turn|19\n|\n|t:|1700864903\n|move|p1a: Malina|Superpower|p2a: Flyga\n|-damage|p2a: Flyga|0 fnt\n|-boost|p1a: Malina|atk|1\n|-boost|p1a: Malina|def|1\n|faint|p2a: Flyga\n|\n|upkeep\n|\n|t:|1700864909\n|switch|p2a: Kitsune|Arcanine-Hisui, M|31\/100\n|turn|20\n|c|\u2606SorinhaBrando|MALINA! ACABE COM ISSO! SUPER POWAAA!!\n|\n|t:|1700864919\n|move|p2a: Kitsune|Extreme Speed|p1a: Malina\n|-damage|p1a: Malina|27\/100\n|-damage|p2a: Kitsune|21\/100|[from] item: Life Orb\n|move|p1a: Malina|Superpower|p2a: Kitsune\n|-supereffective|p2a: Kitsune\n|-damage|p2a: Kitsune|0 fnt\n|-boost|p1a: Malina|atk|1\n|-boost|p1a: Malina|def|1\n|faint|p2a: Kitsune\n|\n|win|SorinhaBrando\n|c| BaraoZX|kkkkkkkkkkkkkk\n|c| BaraoZX|def de fdp\n|c| BaraoZX|kkkkkkkk\n","uploadtime":1700864954,"views":2,"p1id":"sorinhabrando","p2id":"yamelegal","formatid":"gen9nationaldex","rating":0,"private":0,"password":""}