{"id":"gen9nationaldex-1988642797","p1":"Art5623","p2":"Handium","format":"[Gen 9] National Dex","log":"|j|\u2606Art5623\n|j|\u2606Handium\n|t:|1699745376\n|gametype|singles\n|player|p1|Art5623|hilbert|1040\n|player|p2|Handium|artist|1072\n|teamsize|p1|6\n|teamsize|p2|6\n|gen|9\n|tier|[Gen 9] National Dex\n|rated|\n|rule|HP Percentage Mod: HP is shown in percentages\n|rule|Endless Battle Clause: Forcing endless battles is banned\n|rule|OHKO Clause: OHKO moves are banned\n|rule|Evasion Clause: Evasion abilities, items, and moves are banned\n|rule|Evasion Abilities Clause: Evasion abilities are banned\n|rule|Evasion Items Clause: Evasion items are banned\n|rule|Evasion Moves Clause: Evasion moves are banned\n|rule|Species Clause: Limit one of each Pok\u00e9mon\n|rule|Sleep Clause Mod: Limit one foe put to sleep\n|clearpoke\n|poke|p1|Primarina, M|\n|poke|p1|Diggersby, M|\n|poke|p1|Talonflame, M|\n|poke|p1|Luxray, M|\n|poke|p1|Azumarill, F|\n|poke|p1|Zoroark, M|\n|poke|p2|Porygon-Z|\n|poke|p2|Blacephalon|\n|poke|p2|Minior-Yellow|\n|poke|p2|Bewear, F|\n|poke|p2|Altaria, F|\n|poke|p2|Absol, F|\n|teampreview\n|inactive|Battle timer is ON: inactive players will automatically lose when time's up. (requested by Handium)\n|inactive|Art5623 also wants the timer to be on.\n|inactive|Art5623 has 120 seconds left.\n|\n|t:|1699745412\n|start\n|switch|p1a: Luxray|Luxray, M|100\/100\n|switch|p2a: Minior|Minior-Yellow|100\/100\n|-formechange|p2a: Minior|Minior-Meteor||[from] ability: Shields Down\n|-ability|p1a: Luxray|Intimidate|boost\n|-unboost|p2a: Minior|atk|1\n|-enditem|p2a: Minior|White Herb\n|-clearnegativeboost|p2a: Minior|[silent]\n|turn|1\n|\n|t:|1699745425\n|move|p1a: Luxray|Wild Charge|p2a: Minior\n|-supereffective|p2a: Minior\n|-damage|p2a: Minior|0 fnt\n|faint|p2a: Minior\n|-damage|p1a: Luxray|79\/100|[from] Recoil\n|\n|upkeep\n|\n|t:|1699745437\n|switch|p2a: Bewear|Bewear, F|100\/100\n|turn|2\n|\n|t:|1699745441\n|move|p1a: Luxray|Superpower|p2a: Bewear\n|-supereffective|p2a: Bewear\n|-damage|p2a: Bewear|65\/100\n|-unboost|p1a: Luxray|atk|1\n|-unboost|p1a: Luxray|def|1\n|move|p2a: Bewear|Earthquake|p1a: Luxray\n|-supereffective|p1a: Luxray\n|-damage|p1a: Luxray|0 fnt\n|faint|p1a: Luxray\n|\n|upkeep\n|\n|t:|1699745449\n|switch|p1a: Diggersby|Diggersby, M|100\/100\n|turn|3\n|\n|t:|1699745460\n|-terastallize|p1a: Diggersby|Flying\n|move|p1a: Diggersby|Hammer Arm|p2a: Bewear\n|-supereffective|p2a: Bewear\n|-damage|p2a: Bewear|17\/100\n|-unboost|p1a: Diggersby|spe|1\n|move|p2a: Bewear|Close Combat|p1a: Diggersby\n|-resisted|p1a: Diggersby\n|-damage|p1a: Diggersby|64\/100\n|-unboost|p2a: Bewear|def|1\n|-unboost|p2a: Bewear|spd|1\n|\n|upkeep\n|turn|4\n|\n|t:|1699745482\n|switch|p2a: Blacephalon|Blacephalon|100\/100\n|move|p1a: Diggersby|Hammer Arm|p2a: Blacephalon\n|-immune|p2a: Blacephalon\n|\n|upkeep\n|turn|5\n|\n|t:|1699745490\n|move|p2a: Blacephalon|Knock Off|p1a: Diggersby\n|-damage|p1a: Diggersby|24\/100\n|-enditem|p1a: Diggersby|Muscle Band|[from] move: Knock Off|[of] p2a: Blacephalon\n|move|p1a: Diggersby|Earthquake|p2a: Blacephalon\n|-supereffective|p2a: Blacephalon\n|-enditem|p2a: Blacephalon|Focus Sash\n|-damage|p2a: Blacephalon|1\/100\n|\n|upkeep\n|turn|6\n|\n|t:|1699745504\n|move|p2a: Blacephalon|Protect|p2a: Blacephalon\n|-singleturn|p2a: Blacephalon|Protect\n|move|p1a: Diggersby|Earthquake|p2a: Blacephalon\n|-activate|p2a: Blacephalon|move: Protect\n|\n|upkeep\n|turn|7\n|\n|t:|1699745509\n|move|p2a: Blacephalon|Knock Off|p1a: Diggersby\n|-damage|p1a: Diggersby|0 fnt\n|faint|p1a: Diggersby\n|-ability|p2a: Blacephalon|Beast Boost|boost\n|-boost|p2a: Blacephalon|atk|1\n|\n|upkeep\n|\n|t:|1699745518\n|switch|p1a: Primarino|Primarina, M|100\/100\n|turn|8\n|\n|t:|1699745522\n|move|p2a: Blacephalon|Protect|p2a: Blacephalon\n|-singleturn|p2a: Blacephalon|Protect\n|move|p1a: Primarino|Aqua Jet|p2a: Blacephalon\n|-activate|p2a: Blacephalon|move: Protect\n|\n|upkeep\n|turn|9\n|\n|t:|1699745532\n|move|p1a: Primarino|Aqua Jet|p2a: Blacephalon\n|-supereffective|p2a: Blacephalon\n|-damage|p2a: Blacephalon|0 fnt\n|faint|p2a: Blacephalon\n|\n|upkeep\n|\n|t:|1699745543\n|switch|p2a: Porygon-Z|Porygon-Z|100\/100\n|-ability|p2a: Porygon-Z|Download|boost\n|-boost|p2a: Porygon-Z|atk|1\n|turn|10\n|\n|t:|1699745551\n|move|p2a: Porygon-Z|Thunder Wave|p1a: Primarino\n|-status|p1a: Primarino|par\n|move|p1a: Primarino|Sparkling Aria|p2a: Porygon-Z\n|-damage|p2a: Porygon-Z|36\/100\n|\n|upkeep\n|turn|11\n|\n|t:|1699745561\n|switch|p2a: Absol|Absol, F|100\/100\n|cant|p1a: Primarino|par\n|\n|upkeep\n|turn|12\n|\n|t:|1699745578\n|-terastallize|p2a: Absol|Fairy\n|move|p2a: Absol|Frustration|p1a: Primarino\n|-damage|p1a: Primarino|15\/100 par\n|cant|p1a: Primarino|par\n|\n|upkeep\n|turn|13\n|\n|t:|1699745592\n|move|p2a: Absol|Frustration|p1a: Primarino\n|-damage|p1a: Primarino|0 fnt\n|faint|p1a: Primarino\n|\n|upkeep\n|\n|t:|1699745599\n|switch|p1a: Talonflame|Talonflame, M|100\/100\n|turn|14\n|\n|t:|1699745605\n|move|p1a: Talonflame|Fly||[still]\n|-prepare|p1a: Talonflame|Fly\n|-enditem|p1a: Talonflame|Power Herb\n|-anim|p1a: Talonflame|Fly|p2a: Absol\n|-damage|p2a: Absol|37\/100\n|move|p2a: Absol|Frustration|p1a: Talonflame\n|-damage|p1a: Talonflame|15\/100\n|-status|p2a: Absol|brn|[from] ability: Flame Body|[of] p1a: Talonflame\n|\n|-damage|p2a: Absol|31\/100 brn|[from] brn\n|upkeep\n|turn|15\n|\n|t:|1699745614\n|move|p1a: Talonflame|Acrobatics|p2a: Absol\n|-damage|p2a: Absol|0 fnt\n|faint|p2a: Absol\n|\n|upkeep\n|\n|t:|1699745617\n|switch|p2a: Porygon-Z|Porygon-Z|36\/100\n|-ability|p2a: Porygon-Z|Download|boost\n|-boost|p2a: Porygon-Z|spa|1\n|turn|16\n|\n|t:|1699745631\n|move|p2a: Porygon-Z|Tri Attack|p1a: Talonflame\n|-damage|p1a: Talonflame|0 fnt\n|faint|p1a: Talonflame\n|\n|upkeep\n|\n|t:|1699745645\n|switch|p1a: Azumarill|Azumarill, F|100\/100\n|turn|17\n|\n|t:|1699745656\n|move|p2a: Porygon-Z|Tri Attack|p1a: Azumarill\n|-enditem|p1a: Azumarill|Focus Sash\n|-damage|p1a: Azumarill|1\/100\n|-status|p1a: Azumarill|par\n|replace|p1a: Zoroark|Zoroark, M\n|-end|p1a: Zoroark|Illusion\n|move|p1a: Zoroark|Night Daze|p2a: Porygon-Z\n|-damage|p2a: Porygon-Z|0 fnt\n|faint|p2a: Porygon-Z\n|\n|upkeep\n|\n|t:|1699745670\n|switch|p2a: Bewear|Bewear, F|17\/100\n|turn|18\n|\n|t:|1699745683\n|move|p1a: Zoroark|Sludge Bomb|p2a: Bewear\n|-damage|p2a: Bewear|0 fnt\n|faint|p2a: Bewear\n|\n|upkeep\n|\n|t:|1699745686\n|switch|p2a: Altaria|Altaria, F|100\/100\n|turn|19\n|\n|t:|1699745699\n|detailschange|p2a: Altaria|Altaria-Mega, F\n|-mega|p2a: Altaria|Altaria|Altarianite\n|move|p2a: Altaria|Moonblast|p1a: Zoroark\n|-supereffective|p1a: Zoroark\n|-damage|p1a: Zoroark|0 fnt\n|faint|p1a: Zoroark\n|\n|upkeep\n|\n|t:|1699745704\n|switch|p1a: Azumarill|Azumarill, F|100\/100\n|turn|20\n|\n|t:|1699745716\n|move|p2a: Altaria|Cotton Guard|p2a: Altaria\n|-boost|p2a: Altaria|def|3\n|move|p1a: Azumarill|Play Rough|p2a: Altaria\n|-supereffective|p2a: Altaria\n|-damage|p2a: Altaria|78\/100\n|\n|upkeep\n|turn|21\n|\n|t:|1699745723\n|move|p2a: Altaria|Cotton Guard|p2a: Altaria\n|-boost|p2a: Altaria|def|3\n|move|p1a: Azumarill|Aqua Ring|p1a: Azumarill\n|-start|p1a: Azumarill|Aqua Ring\n|\n|upkeep\n|turn|22\n|\n|t:|1699745727\n|move|p2a: Altaria|Dual Wingbeat|p1a: Azumarill\n|-damage|p1a: Azumarill|89\/100\n|-damage|p1a: Azumarill|78\/100\n|-hitcount|p1a: Azumarill|2\n|move|p1a: Azumarill|Play Rough|p2a: Altaria|[miss]\n|-miss|p1a: Azumarill|p2a: Altaria\n|\n|-heal|p1a: Azumarill|84\/100|[from] Aqua Ring\n|upkeep\n|turn|23\n|\n|t:|1699745738\n|move|p2a: Altaria|Moonblast|p1a: Azumarill\n|-damage|p1a: Azumarill|37\/100\n|-unboost|p1a: Azumarill|spa|1\n|-enditem|p1a: Azumarill|Sitrus Berry|[eat]\n|-heal|p1a: Azumarill|62\/100|[from] item: Sitrus Berry\n|move|p1a: Azumarill|Play Rough|p2a: Altaria\n|-supereffective|p2a: Altaria\n|-damage|p2a: Altaria|59\/100\n|\n|-heal|p1a: Azumarill|68\/100|[from] Aqua Ring\n|upkeep\n|turn|24\n|\n|t:|1699745748\n|move|p2a: Altaria|Moonblast|p1a: Azumarill\n|-damage|p1a: Azumarill|21\/100\n|move|p1a: Azumarill|Play Rough|p2a: Altaria\n|-supereffective|p2a: Altaria\n|-damage|p2a: Altaria|42\/100\n|\n|-heal|p1a: Azumarill|27\/100|[from] Aqua Ring\n|upkeep\n|turn|25\n|\n|t:|1699745756\n|move|p2a: Altaria|Moonblast|p1a: Azumarill\n|-damage|p1a: Azumarill|0 fnt\n|faint|p1a: Azumarill\n|\n|win|Handium\n|raw|Art5623's rating: 1040 &rarr; <strong>1025<\/strong><br \/>(-15 for losing)\n|raw|Handium's rating: 1072 &rarr; <strong>1099<\/strong><br \/>(+27 for winning)\n|l|\u2606Art5623\n|c|\u2606Handium|Gg\n","uploadtime":1699745774,"views":17,"p1id":"art5623","p2id":"handium","formatid":"gen9nationaldex","rating":1025,"private":0,"password":""}