{"id":"gen9nationaldex-1987275639","p1":"bacontwin","p2":"NM Nidokings","format":"[Gen 9] National Dex","log":"|j|\u2606bacontwin\n|j|\u2606NM Nidokings\n|t:|1699572123\n|gametype|singles\n|player|p1|bacontwin|170|\n|player|p2|NM Nidokings|101|\n|teamsize|p1|6\n|teamsize|p2|6\n|gen|9\n|tier|[Gen 9] National Dex\n|rule|HP Percentage Mod: HP is shown in percentages\n|rule|Endless Battle Clause: Forcing endless battles is banned\n|rule|OHKO Clause: OHKO moves are banned\n|rule|Evasion Clause: Evasion abilities, items, and moves are banned\n|rule|Evasion Abilities Clause: Evasion abilities are banned\n|rule|Evasion Items Clause: Evasion items are banned\n|rule|Evasion Moves Clause: Evasion moves are banned\n|rule|Species Clause: Limit one of each Pok\u00e9mon\n|rule|Sleep Clause Mod: Limit one foe put to sleep\n|clearpoke\n|poke|p1|Tyranitar, M|\n|poke|p1|Starmie|\n|poke|p1|Ninetales-Alola, M|\n|poke|p1|Sandslash-Alola, F|\n|poke|p1|Corsola-Galar, M|\n|poke|p1|Luxray, M|\n|poke|p2|Nidoking, M|\n|poke|p2|Arcanine-Hisui, M|\n|poke|p2|Kilowattrel, M|\n|poke|p2|Flamigo, M|\n|poke|p2|Revavroom, F|\n|poke|p2|Primarina, F|\n|teampreview\n|\n|t:|1699572159\n|start\n|switch|p1a: Reptar|Tyranitar, M|100\/100\n|switch|p2a: Scar|Nidoking, M|100\/100\n|-weather|Sandstorm|[from] ability: Sand Stream|[of] p1a: Reptar\n|turn|1\n|\n|t:|1699572180\n|move|p2a: Scar|Brick Break|p1a: Reptar\n|-supereffective|p1a: Reptar\n|-damage|p1a: Reptar|54\/100\n|move|p1a: Reptar|Knock Off|p2a: Scar\n|-damage|p2a: Scar|33\/100\n|-enditem|p2a: Scar|Focus Sash|[from] move: Knock Off|[of] p1a: Reptar\n|\n|-weather|Sandstorm|[upkeep]\n|upkeep\n|turn|2\n|\n|t:|1699572190\n|move|p2a: Scar|Stealth Rock|p1a: Reptar\n|-sidestart|p1: bacontwin|move: Stealth Rock\n|move|p1a: Reptar|Knock Off|p2a: Scar\n|-damage|p2a: Scar|0 fnt\n|faint|p2a: Scar\n|\n|-weather|Sandstorm|[upkeep]\n|upkeep\n|\n|t:|1699572215\n|switch|p2a: Armstrong|Flamigo, M|100\/100\n|turn|3\n|\n|t:|1699572235\n|switch|p1a: Snow Miser|Ninetales-Alola, M|100\/100\n|-damage|p1a: Snow Miser|76\/100|[from] Stealth Rock\n|-weather|Snow|[from] ability: Snow Warning|[of] p1a: Snow Miser\n|move|p2a: Armstrong|Swords Dance|p2a: Armstrong\n|-boost|p2a: Armstrong|atk|2\n|\n|-weather|Snow|[upkeep]\n|upkeep\n|turn|4\n|\n|t:|1699572245\n|-terastallize|p2a: Armstrong|Steel\n|move|p1a: Snow Miser|Aurora Veil|p1a: Snow Miser\n|-sidestart|p1: bacontwin|move: Aurora Veil\n|move|p2a: Armstrong|Tera Blast|p1a: Snow Miser|[anim] Tera Blast Steel\n|-supereffective|p1a: Snow Miser\n|-damage|p1a: Snow Miser|0 fnt\n|faint|p1a: Snow Miser\n|\n|-weather|Snow|[upkeep]\n|upkeep\n|\n|t:|1699572256\n|switch|p1a: Titanic Sinker|Sandslash-Alola, F|100\/100\n|-damage|p1a: Titanic Sinker|88\/100|[from] Stealth Rock\n|turn|5\n|\n|t:|1699572262\n|move|p1a: Titanic Sinker|Earthquake|p2a: Armstrong\n|-supereffective|p2a: Armstrong\n|-damage|p2a: Armstrong|16\/100\n|move|p2a: Armstrong|Close Combat|p1a: Titanic Sinker\n|-supereffective|p1a: Titanic Sinker\n|-damage|p1a: Titanic Sinker|0 fnt\n|-unboost|p2a: Armstrong|def|1\n|-unboost|p2a: Armstrong|spd|1\n|faint|p1a: Titanic Sinker\n|\n|-weather|Snow|[upkeep]\n|upkeep\n|\n|t:|1699572275\n|switch|p1a: Shuriken|Starmie, shiny|100\/100\n|-damage|p1a: Shuriken|88\/100|[from] Stealth Rock\n|turn|6\n|\n|t:|1699572292\n|switch|p2a: Lust|Primarina, F|100\/100\n|move|p1a: Shuriken|Surf|p2a: Lust\n|-resisted|p2a: Lust\n|-damage|p2a: Lust|86\/100\n|\n|-weather|Snow|[upkeep]\n|upkeep\n|turn|7\n|\n|t:|1699572302\n|switch|p1a: Luxray|Luxray, M|100\/100\n|-damage|p1a: Luxray|88\/100|[from] Stealth Rock\n|move|p2a: Lust|Moonblast|p1a: Luxray\n|-damage|p1a: Luxray|52\/100\n|-unboost|p1a: Luxray|spa|1\n|\n|-weather|Snow|[upkeep]\n|-status|p1a: Luxray|brn|[from] item: Flame Orb\n|upkeep\n|turn|8\n|\n|t:|1699572322\n|switch|p2a: Roy|Arcanine-Hisui, M|100\/100\n|-ability|p2a: Roy|Intimidate|boost\n|-unboost|p1a: Luxray|atk|1\n|move|p1a: Luxray|Facade|p2a: Roy\n|-resisted|p2a: Roy\n|-damage|p2a: Roy|72\/100\n|\n|-weather|Snow|[upkeep]\n|-damage|p1a: Luxray|46\/100 brn|[from] brn\n|-sideend|p1: bacontwin|move: Aurora Veil\n|upkeep\n|turn|9\n|\n|t:|1699572337\n|switch|p1a: sad rock|Corsola-Galar, M|100\/100\n|-damage|p1a: sad rock|88\/100|[from] Stealth Rock\n|move|p2a: Roy|Flare Blitz|p1a: sad rock\n|-damage|p1a: sad rock|54\/100\n|-start|p2a: Roy|Disable|Flare Blitz|[from] ability: Cursed Body|[of] p1a: sad rock\n|-damage|p2a: Roy|61\/100|[from] Recoil\n|\n|-weather|Snow|[upkeep]\n|upkeep\n|turn|10\n|\n|t:|1699572352\n|switch|p2a: Lust|Primarina, F|86\/100\n|move|p1a: sad rock|Strength Sap|p2a: Lust\n|-unboost|p2a: Lust|atk|1\n|-heal|p1a: sad rock|100\/100\n|\n|-weather|none\n|upkeep\n|turn|11\n|\n|t:|1699572369\n|switch|p1a: Luxray|Luxray, M|46\/100 brn\n|-damage|p1a: Luxray|33\/100 brn|[from] Stealth Rock\n|move|p2a: Lust|Scald|p1a: Luxray\n|-damage|p1a: Luxray|0 fnt\n|faint|p1a: Luxray\n|\n|upkeep\n|\n|t:|1699572376\n|switch|p1a: Shuriken|Starmie, shiny|88\/100\n|-damage|p1a: Shuriken|76\/100|[from] Stealth Rock\n|turn|12\n|\n|t:|1699572396\n|switch|p2a: Winry|Revavroom, F|100\/100\n|move|p1a: Shuriken|Thunderbolt|p2a: Winry\n|-damage|p2a: Winry|73\/100\n|\n|-heal|p2a: Winry|79\/100|[from] item: Black Sludge\n|upkeep\n|turn|13\n|\n|t:|1699572408\n|switch|p1a: sad rock|Corsola-Galar, M|100\/100\n|-damage|p1a: sad rock|88\/100|[from] Stealth Rock\n|move|p2a: Winry|Toxic|p1a: sad rock\n|-status|p1a: sad rock|tox\n|\n|-heal|p2a: Winry|85\/100|[from] item: Black Sludge\n|-damage|p1a: sad rock|82\/100 tox|[from] psn\n|upkeep\n|turn|14\n|\n|t:|1699572423\n|switch|p2a: Lust|Primarina, F|86\/100\n|move|p1a: sad rock|Strength Sap|p2a: Lust\n|-unboost|p2a: Lust|atk|1\n|-heal|p1a: sad rock|100\/100 tox\n|\n|-damage|p1a: sad rock|88\/100 tox|[from] psn\n|upkeep\n|turn|15\n|\n|t:|1699572433\n|switch|p1a: Shuriken|Starmie, shiny|76\/100\n|-damage|p1a: Shuriken|64\/100|[from] Stealth Rock\n|move|p2a: Lust|Moonblast|p1a: Shuriken\n|-damage|p1a: Shuriken|0 fnt\n|faint|p1a: Shuriken\n|\n|upkeep\n|\n|t:|1699572440\n|switch|p1a: Reptar|Tyranitar, M|54\/100\n|-damage|p1a: Reptar|42\/100|[from] Stealth Rock\n|-weather|Sandstorm|[from] ability: Sand Stream|[of] p1a: Reptar\n|turn|16\n|\n|t:|1699572451\n|switch|p2a: Roy|Arcanine-Hisui, M|61\/100\n|-ability|p2a: Roy|Intimidate|boost\n|-unboost|p1a: Reptar|atk|1\n|move|p1a: Reptar|Knock Off|p2a: Roy\n|-damage|p2a: Roy|21\/100\n|-enditem|p2a: Roy|Heavy-Duty Boots|[from] move: Knock Off|[of] p1a: Reptar\n|\n|-weather|Sandstorm|[upkeep]\n|upkeep\n|turn|17\n|\n|t:|1699572466\n|move|p2a: Roy|Close Combat|p1a: Reptar\n|-supereffective|p1a: Reptar\n|-damage|p1a: Reptar|0 fnt\n|-unboost|p2a: Roy|def|1\n|-unboost|p2a: Roy|spd|1\n|faint|p1a: Reptar\n|\n|-weather|Sandstorm|[upkeep]\n|upkeep\n|\n|t:|1699572472\n|switch|p1a: sad rock|Corsola-Galar, M|88\/100 tox\n|-damage|p1a: sad rock|76\/100 tox|[from] Stealth Rock\n|turn|18\n|\n|t:|1699572479\n|move|p2a: Roy|Flare Blitz|p1a: sad rock\n|-damage|p1a: sad rock|39\/100 tox\n|-damage|p2a: Roy|9\/100|[from] Recoil\n|move|p1a: sad rock|Whirlpool|p2a: Roy\n|-supereffective|p2a: Roy\n|-damage|p2a: Roy|0 fnt\n|faint|p2a: Roy\n|\n|-weather|Sandstorm|[upkeep]\n|-damage|p1a: sad rock|33\/100 tox|[from] Sandstorm\n|-damage|p1a: sad rock|27\/100 tox|[from] psn\n|upkeep\n|\n|t:|1699572493\n|switch|p2a: Armstrong|Flamigo, M, tera:Steel|16\/100\n|turn|19\n|\n|t:|1699572497\n|move|p2a: Armstrong|Tera Blast|p1a: sad rock|[anim] Tera Blast Steel\n|-damage|p1a: sad rock|2\/100 tox\n|move|p1a: sad rock|Strength Sap|p2a: Armstrong\n|-unboost|p2a: Armstrong|atk|1\n|-heal|p1a: sad rock|100\/100 tox\n|\n|-weather|Sandstorm|[upkeep]\n|-damage|p1a: sad rock|94\/100 tox|[from] Sandstorm\n|-damage|p1a: sad rock|82\/100 tox|[from] psn\n|upkeep\n|turn|20\n|\n|t:|1699572509\n|move|p2a: Armstrong|U-turn|p1a: sad rock\n|-resisted|p1a: sad rock\n|-damage|p1a: sad rock|77\/100 tox\n|\n|t:|1699572513\n|switch|p2a: Winry|Revavroom, F|85\/100|[from] U-turn\n|move|p1a: sad rock|Night Shade|p2a: Winry\n|-damage|p2a: Winry|58\/100\n|\n|-weather|none\n|-heal|p2a: Winry|64\/100|[from] item: Black Sludge\n|-damage|p1a: sad rock|59\/100 tox|[from] psn\n|upkeep\n|turn|21\n|\n|t:|1699572523\n|move|p2a: Winry|Spin Out|p1a: sad rock\n|-damage|p1a: sad rock|32\/100 tox\n|-unboost|p2a: Winry|spe|2\n|-start|p2a: Winry|Disable|Spin Out|[from] ability: Cursed Body|[of] p1a: sad rock\n|move|p1a: sad rock|Strength Sap|p2a: Winry\n|-unboost|p2a: Winry|atk|1\n|-heal|p1a: sad rock|100\/100 tox\n|\n|-heal|p2a: Winry|70\/100|[from] item: Black Sludge\n|-damage|p1a: sad rock|76\/100 tox|[from] psn\n|upkeep\n|turn|22\n|\n|t:|1699572538\n|move|p2a: Winry|Parting Shot|p1a: sad rock\n|-unboost|p1a: sad rock|atk|1\n|-unboost|p1a: sad rock|spa|1\n|\n|t:|1699572542\n|switch|p2a: Riza Hawkeye|Kilowattrel, M|100\/100|[from] Parting Shot\n|move|p1a: sad rock|Whirlpool|p2a: Riza Hawkeye\n|-damage|p2a: Riza Hawkeye|93\/100\n|-activate|p2a: Riza Hawkeye|move: Whirlpool|[of] p1a: sad rock\n|\n|-damage|p1a: sad rock|45\/100 tox|[from] psn\n|-damage|p2a: Riza Hawkeye|81\/100|[from] move: Whirlpool|[partiallytrapped]\n|upkeep\n|turn|23\n|\n|t:|1699572553\n|move|p2a: Riza Hawkeye|Thunder|p1a: sad rock\n|-damage|p1a: sad rock|5\/100 tox\n|move|p1a: sad rock|Strength Sap|p2a: Riza Hawkeye\n|-unboost|p2a: Riza Hawkeye|atk|1\n|-heal|p1a: sad rock|60\/100 tox\n|\n|-damage|p1a: sad rock|23\/100 tox|[from] psn\n|-damage|p2a: Riza Hawkeye|68\/100|[from] move: Whirlpool|[partiallytrapped]\n|upkeep\n|turn|24\n|\n|t:|1699572564\n|move|p2a: Riza Hawkeye|Thunder|p1a: sad rock\n|-damage|p1a: sad rock|0 fnt\n|-start|p2a: Riza Hawkeye|Disable|Thunder|[from] ability: Cursed Body|[of] p1a: sad rock\n|faint|p1a: sad rock\n|\n|win|NM Nidokings\n|c|\u2606bacontwin|gg\n|c|\u2606NM Nidokings|gg\n","uploadtime":1699572574,"views":74,"p1id":"bacontwin","p2id":"nmnidokings","formatid":"gen9nationaldex","rating":0,"private":0,"password":""}