{"id":"gen9nationaldex-1998235275","p1":"TexanFarmersMarket","p2":"shaddngel","format":"[Gen 9] National Dex","log":"|html|<div class=\"broadcast-blue\"><strong>[Gen 9] National Dex is currently suspecting Sneasler! For information on how to participate check out the <a href=\"https:\/\/www.smogon.com\/forums\/threads\/sv-national-dex-suspect-8-just-dance.3731534\/\">suspect thread<\/a>.<\/strong><\/div>\n|j|\u2606TexanFarmersMarket\n|j|\u2606shaddngel\n|t:|1700917473\n|gametype|singles\n|player|p1|TexanFarmersMarket|artist-gen4|1128\n|player|p2|shaddngel|n|1246\n|teamsize|p1|6\n|teamsize|p2|6\n|gen|9\n|tier|[Gen 9] National Dex\n|rated|\n|rule|HP Percentage Mod: HP is shown in percentages\n|rule|Endless Battle Clause: Forcing endless battles is banned\n|rule|OHKO Clause: OHKO moves are banned\n|rule|Evasion Clause: Evasion abilities, items, and moves are banned\n|rule|Evasion Abilities Clause: Evasion abilities are banned\n|rule|Evasion Items Clause: Evasion items are banned\n|rule|Evasion Moves Clause: Evasion moves are banned\n|rule|Species Clause: Limit one of each Pok\u00e9mon\n|rule|Sleep Clause Mod: Limit one foe put to sleep\n|clearpoke\n|poke|p1|Quaquaval, M|\n|poke|p1|Typhlosion-Hisui, M|\n|poke|p1|Charizard, F|\n|poke|p1|Torterra, M|\n|poke|p1|Serperior, M|\n|poke|p1|Empoleon, F|\n|poke|p2|Zamazenta-*|\n|poke|p2|Hoopa-Unbound|\n|poke|p2|Blaziken, F|\n|poke|p2|Charizard, F|\n|poke|p2|Ninetales-Alola, M|\n|poke|p2|Azumarill, F|\n|teampreview\n|inactive|Battle timer is ON: inactive players will automatically lose when time's up. (requested by TexanFarmersMarket)\n|\n|t:|1700917478\n|start\n|switch|p1a: Quaquaval|Quaquaval, M|100\/100\n|switch|p2a: Ninetales|Ninetales-Alola, M|100\/100\n|-weather|Snow|[from] ability: Snow Warning|[of] p2a: Ninetales\n|turn|1\n|\n|t:|1700917480\n|-terastallize|p1a: Quaquaval|Water\n|move|p2a: Ninetales|Aurora Veil|p2a: Ninetales\n|-sidestart|p2: shaddngel|move: Aurora Veil\n|move|p1a: Quaquaval|Aqua Step|p2a: Ninetales\n|-damage|p2a: Ninetales|61\/100\n|-boost|p1a: Quaquaval|spe|1\n|-enditem|p2a: Ninetales|Eject Button\n|\n|t:|1700917492\n|switch|p2a: Azumarill|Azumarill, F|100\/100\n|\n|-weather|Snow|[upkeep]\n|upkeep\n|turn|2\n|\n|t:|1700917496\n|move|p1a: Quaquaval|Aqua Step|p2a: Azumarill\n|-resisted|p2a: Azumarill\n|-damage|p2a: Azumarill|81\/100\n|-boost|p1a: Quaquaval|spe|1\n|move|p2a: Azumarill|Belly Drum|p2a: Azumarill\n|-damage|p2a: Azumarill|31\/100\n|-setboost|p2a: Azumarill|atk|6|[from] move: Belly Drum\n|\n|-weather|Snow|[upkeep]\n|upkeep\n|turn|3\n|\n|t:|1700917508\n|switch|p1a: Empoleon|Empoleon, F|100\/100\n|-terastallize|p2a: Azumarill|Water\n|move|p2a: Azumarill|Aqua Jet|p1a: Empoleon\n|-resisted|p1a: Empoleon\n|-crit|p1a: Empoleon\n|-damage|p1a: Empoleon|1\/100\n|\n|-weather|Snow|[upkeep]\n|upkeep\n|turn|4\n|c|\u2606TexanFarmersMarket|WOAH\n|\n|t:|1700917528\n|move|p2a: Azumarill|Aqua Jet|p1a: Empoleon\n|-resisted|p1a: Empoleon\n|-damage|p1a: Empoleon|0 fnt\n|faint|p1a: Empoleon\n|\n|-weather|Snow|[upkeep]\n|upkeep\n|\n|t:|1700917531\n|switch|p1a: Serperior|Serperior, M|100\/100\n|turn|5\n|\n|t:|1700917544\n|move|p2a: Azumarill|Aqua Jet|p1a: Serperior\n|-resisted|p1a: Serperior\n|-damage|p1a: Serperior|20\/100\n|move|p1a: Serperior|Leaf Storm|p2a: Azumarill\n|-supereffective|p2a: Azumarill\n|-damage|p2a: Azumarill|0 fnt\n|-boost|p1a: Serperior|spa|2\n|faint|p2a: Azumarill\n|\n|-weather|none\n|-sideend|p2: shaddngel|move: Aurora Veil\n|upkeep\n|\n|t:|1700917552\n|switch|p2a: Zamazenta|Zamazenta|100\/100\n|-ability|p2a: Zamazenta|Dauntless Shield|boost\n|-boost|p2a: Zamazenta|def|1\n|turn|6\n|\n|t:|1700917554\n|move|p2a: Zamazenta|Body Press|p1a: Serperior\n|-damage|p1a: Serperior|0 fnt\n|faint|p1a: Serperior\n|\n|upkeep\n|\n|t:|1700917557\n|switch|p1a: Charizard|Charizard, F|100\/100\n|turn|7\n|\n|t:|1700917566\n|switch|p2a: Ninetales|Ninetales-Alola, M|61\/100\n|-weather|Snow|[from] ability: Snow Warning|[of] p2a: Ninetales\n|detailschange|p1a: Charizard|Charizard-Mega-X, F\n|-mega|p1a: Charizard|Charizard|Charizardite X\n|move|p1a: Charizard|Dragon Dance|p1a: Charizard\n|-boost|p1a: Charizard|atk|1\n|-boost|p1a: Charizard|spe|1\n|\n|-weather|Snow|[upkeep]\n|upkeep\n|turn|8\n|\n|t:|1700917574\n|move|p1a: Charizard|Dragon Dance|p1a: Charizard\n|-boost|p1a: Charizard|atk|1\n|-boost|p1a: Charizard|spe|1\n|move|p2a: Ninetales|Aurora Veil|p2a: Ninetales\n|-sidestart|p2: shaddngel|move: Aurora Veil\n|\n|-weather|Snow|[upkeep]\n|upkeep\n|turn|9\n|\n|t:|1700917580\n|move|p1a: Charizard|Fire Punch|p2a: Ninetales\n|-supereffective|p2a: Ninetales\n|-damage|p2a: Ninetales|0 fnt\n|faint|p2a: Ninetales\n|\n|-weather|Snow|[upkeep]\n|upkeep\n|\n|t:|1700917600\n|switch|p2a: Hoopa|Hoopa-Unbound|100\/100\n|turn|10\n|\n|t:|1700917603\n|move|p1a: Charizard|Dragon Claw|p2a: Hoopa\n|-damage|p2a: Hoopa|0 fnt\n|faint|p2a: Hoopa\n|\n|-weather|Snow|[upkeep]\n|upkeep\n|\n|t:|1700917606\n|switch|p2a: Zamazenta|Zamazenta|100\/100\n|turn|11\n|\n|t:|1700917610\n|move|p1a: Charizard|Dragon Claw|p2a: Zamazenta\n|-crit|p2a: Zamazenta\n|-damage|p2a: Zamazenta|0 fnt\n|faint|p2a: Zamazenta\n|\n|-weather|none\n|upkeep\n|c|\u2606shaddngel|damn that crit\n|\n|t:|1700917624\n|switch|p2a: Charizard|Charizard, F|100\/100\n|turn|12\n|\n|t:|1700917633\n|detailschange|p2a: Charizard|Charizard-Mega-Y, F\n|-mega|p2a: Charizard|Charizard|Charizardite Y\n|-weather|SunnyDay|[from] ability: Drought|[of] p2a: Charizard\n|move|p1a: Charizard|Thunder Punch|p2a: Charizard\n|-supereffective|p2a: Charizard\n|-damage|p2a: Charizard|0 fnt\n|faint|p2a: Charizard\n|\n|-weather|SunnyDay|[upkeep]\n|-sideend|p2: shaddngel|move: Aurora Veil\n|upkeep\n|\n|t:|1700917638\n|switch|p2a: Blaziken|Blaziken, F|100\/100\n|turn|13\n|c|\u2606TexanFarmersMarket|the crit prob mattered\n|\n|t:|1700917645\n|move|p2a: Blaziken|Protect|p2a: Blaziken\n|-singleturn|p2a: Blaziken|Protect\n|move|p1a: Charizard|Dragon Claw|p2a: Blaziken\n|-activate|p2a: Blaziken|move: Protect\n|\n|-weather|SunnyDay|[upkeep]\n|-ability|p2a: Blaziken|Speed Boost|boost\n|-boost|p2a: Blaziken|spe|1\n|upkeep\n|turn|14\n|\n|t:|1700917647\n|move|p1a: Charizard|Dragon Claw|p2a: Blaziken\n|-enditem|p2a: Blaziken|Focus Sash\n|-damage|p2a: Blaziken|1\/100\n|move|p2a: Blaziken|Swords Dance|p2a: Blaziken\n|-boost|p2a: Blaziken|atk|2\n|\n|-weather|SunnyDay|[upkeep]\n|-ability|p2a: Blaziken|Speed Boost|boost\n|-boost|p2a: Blaziken|spe|1\n|upkeep\n|turn|15\n|\n|t:|1700917656\n|move|p2a: Blaziken|Protect|p2a: Blaziken\n|-singleturn|p2a: Blaziken|Protect\n|move|p1a: Charizard|Dragon Claw|p2a: Blaziken\n|-activate|p2a: Blaziken|move: Protect\n|\n|-weather|SunnyDay|[upkeep]\n|-ability|p2a: Blaziken|Speed Boost|boost\n|-boost|p2a: Blaziken|spe|1\n|upkeep\n|turn|16\n|\n|t:|1700917659\n|move|p2a: Blaziken|Close Combat|p1a: Charizard\n|-damage|p1a: Charizard|0 fnt\n|-unboost|p2a: Blaziken|def|1\n|-unboost|p2a: Blaziken|spd|1\n|faint|p1a: Charizard\n|\n|-weather|none\n|-ability|p2a: Blaziken|Speed Boost|boost\n|-boost|p2a: Blaziken|spe|1\n|upkeep\n|\n|t:|1700917663\n|switch|p1a: Typhlosion|Typhlosion-Hisui, M|100\/100\n|turn|17\n|\n|t:|1700917668\n|move|p2a: Blaziken|Blaze Kick|p1a: Typhlosion\n|-resisted|p1a: Typhlosion\n|-damage|p1a: Typhlosion|30\/100\n|move|p1a: Typhlosion|Infernal Parade|p2a: Blaziken\n|-damage|p2a: Blaziken|0 fnt\n|faint|p2a: Blaziken\n|\n|win|TexanFarmersMarket\n|raw|TexanFarmersMarket's rating: 1128 &rarr; <strong>1161<\/strong><br \/>(+33 for winning)\n|raw|shaddngel's rating: 1246 &rarr; <strong>1213<\/strong><br \/>(-33 for losing)\n|c|\u2606shaddngel|gg\n|l|\u2606shaddngel\n|c|\u2606TexanFarmersMarket|ggwp\n","uploadtime":1700917677,"views":17,"p1id":"texanfarmersmarket","p2id":"shaddngel","formatid":"gen9nationaldex","rating":1161,"private":0,"password":""}