{"id":"gen9nationaldex-1992436222","p1":"djkslaf","p2":"chase demons","format":"[Gen 9] National Dex","log":"|j|\u2606djkslaf\n|j|\u2606chase demons\n|t:|1700187364\n|gametype|singles\n|player|p1|djkslaf|lyra|1186\n|player|p2|chase demons|169|1097\n|teamsize|p1|6\n|teamsize|p2|6\n|gen|9\n|tier|[Gen 9] National Dex\n|rated|\n|rule|HP Percentage Mod: HP is shown in percentages\n|rule|Endless Battle Clause: Forcing endless battles is banned\n|rule|OHKO Clause: OHKO moves are banned\n|rule|Evasion Clause: Evasion abilities, items, and moves are banned\n|rule|Evasion Abilities Clause: Evasion abilities are banned\n|rule|Evasion Items Clause: Evasion items are banned\n|rule|Evasion Moves Clause: Evasion moves are banned\n|rule|Species Clause: Limit one of each Pok\u00e9mon\n|rule|Sleep Clause Mod: Limit one foe put to sleep\n|clearpoke\n|poke|p1|Kommo-o, M|\n|poke|p1|Heatran, F|\n|poke|p1|Latias, F|\n|poke|p1|Ferrothorn, F|\n|poke|p1|Iron Hands|\n|poke|p1|Volcanion|\n|poke|p2|Empoleon, F|\n|poke|p2|Staraptor, F|\n|poke|p2|Luxray, F|\n|poke|p2|Mismagius, M|\n|poke|p2|Drapion, F|\n|poke|p2|Mesprit|\n|teampreview\n|inactive|Battle timer is ON: inactive players will automatically lose when time's up. (requested by djkslaf)\n|\n|t:|1700187380\n|start\n|switch|p1a: Ferrothorn|Ferrothorn, F|100\/100\n|switch|p2a: Mesprit|Mesprit|100\/100\n|turn|1\n|\n|t:|1700187387\n|switch|p2a: Mismagius|Mismagius, M|100\/100\n|move|p1a: Ferrothorn|Stealth Rock|p2a: Mismagius\n|-sidestart|p2: chase demons|move: Stealth Rock\n|\n|upkeep\n|turn|2\n|\n|t:|1700187395\n|move|p1a: Ferrothorn|Protect|p1a: Ferrothorn\n|-singleturn|p1a: Ferrothorn|Protect\n|move|p2a: Mismagius|Mystical Fire|p1a: Ferrothorn\n|-activate|p1a: Ferrothorn|move: Protect\n|\n|upkeep\n|turn|3\n|\n|t:|1700187408\n|switch|p2a: Luxray|Luxray, F|100\/100\n|-damage|p2a: Luxray|88\/100|[from] Stealth Rock\n|switch|p1a: Heatran|Heatran, F|100\/100\n|\n|-status|p2a: Luxray|brn|[from] item: Flame Orb\n|upkeep\n|turn|4\n|\n|t:|1700187428\n|switch|p1a: Latias|Latias, F|100\/100\n|-terastallize|p2a: Luxray|Ground\n|move|p2a: Luxray|Tera Blast|p1a: Latias|[anim] Tera Blast Ground\n|-immune|p1a: Latias|[from] ability: Levitate\n|\n|-damage|p2a: Luxray|82\/100 brn|[from] brn\n|upkeep\n|turn|5\n|\n|t:|1700187442\n|move|p1a: Latias|Calm Mind|p1a: Latias\n|-boost|p1a: Latias|spa|1\n|-boost|p1a: Latias|spd|1\n|move|p2a: Luxray|Ice Fang|p1a: Latias\n|-supereffective|p1a: Latias\n|-crit|p1a: Latias\n|-damage|p1a: Latias|15\/100\n|\n|-damage|p2a: Luxray|76\/100 brn|[from] brn\n|upkeep\n|turn|6\n|\n|t:|1700187453\n|move|p1a: Latias|Psyshock|p2a: Luxray\n|-crit|p2a: Luxray\n|-damage|p2a: Luxray|0 fnt\n|faint|p2a: Luxray\n|\n|upkeep\n|\n|t:|1700187473\n|switch|p2a: Drapion|Drapion, F|100\/100\n|-damage|p2a: Drapion|88\/100|[from] Stealth Rock\n|turn|7\n|\n|t:|1700187482\n|detailschange|p1a: Latias|Latias-Mega, F\n|-mega|p1a: Latias|Latias|Latiasite\n|move|p1a: Latias|Mystical Fire|p2a: Drapion\n|-damage|p2a: Drapion|37\/100\n|-unboost|p2a: Drapion|spa|1\n|move|p2a: Drapion|Fell Stinger|p1a: Latias\n|-supereffective|p1a: Latias\n|-damage|p1a: Latias|0 fnt\n|faint|p1a: Latias\n|-boost|p2a: Drapion|atk|3\n|\n|upkeep\n|\n|t:|1700187503\n|switch|p1a: Kommo-o|Kommo-o, M|100\/100\n|turn|8\n|\n|t:|1700187511\n|-zpower|p1a: Kommo-o\n|move|p1a: Kommo-o|Clangorous Soulblaze|p2a: Drapion|[zeffect]\n|-damage|p2a: Drapion|0 fnt\n|faint|p2a: Drapion\n|-boost|p1a: Kommo-o|atk|1\n|-boost|p1a: Kommo-o|def|1\n|-boost|p1a: Kommo-o|spa|1\n|-boost|p1a: Kommo-o|spd|1\n|-boost|p1a: Kommo-o|spe|1\n|\n|upkeep\n|\n|t:|1700187531\n|switch|p2a: Staraptor|Staraptor, F|100\/100\n|-damage|p2a: Staraptor|76\/100|[from] Stealth Rock\n|turn|9\n|\n|t:|1700187546\n|move|p2a: Staraptor|Brave Bird|p1a: Kommo-o\n|-supereffective|p1a: Kommo-o\n|-damage|p1a: Kommo-o|3\/100\n|-damage|p2a: Staraptor|45\/100|[from] Recoil\n|move|p1a: Kommo-o|Flamethrower|p2a: Staraptor\n|-damage|p2a: Staraptor|0 fnt\n|faint|p2a: Staraptor\n|\n|upkeep\n|\n|t:|1700187557\n|switch|p2a: Empoleon|Empoleon, F, shiny|100\/100\n|-damage|p2a: Empoleon|94\/100|[from] Stealth Rock\n|turn|10\n|\n|t:|1700187562\n|move|p1a: Kommo-o|Drain Punch|p2a: Empoleon\n|-supereffective|p2a: Empoleon\n|-damage|p2a: Empoleon|2\/100\n|-heal|p1a: Kommo-o|50\/100|[from] drain|[of] p2a: Empoleon\n|move|p2a: Empoleon|Scald|p1a: Kommo-o\n|-resisted|p1a: Kommo-o\n|-damage|p1a: Kommo-o|33\/100\n|-status|p1a: Kommo-o|brn\n|\n|-heal|p2a: Empoleon|9\/100|[from] item: Leftovers\n|-damage|p1a: Kommo-o|27\/100 brn|[from] brn\n|upkeep\n|turn|11\n|\n|t:|1700187576\n|move|p1a: Kommo-o|Flamethrower|p2a: Empoleon\n|-damage|p2a: Empoleon|0 fnt\n|faint|p2a: Empoleon\n|\n|-damage|p1a: Kommo-o|21\/100 brn|[from] brn\n|upkeep\n|\n|t:|1700187583\n|switch|p2a: Mesprit|Mesprit|100\/100\n|-damage|p2a: Mesprit|88\/100|[from] Stealth Rock\n|turn|12\n|-message|chase demons forfeited.\n|\n|win|djkslaf\n|raw|djkslaf's rating: 1186 &rarr; <strong>1205<\/strong><br \/>(+19 for winning)\n|raw|chase demons's rating: 1097 &rarr; <strong>1079<\/strong><br \/>(-18 for losing)\n|l|\u2606chase demons\n","uploadtime":1700187597,"views":4,"p1id":"djkslaf","p2id":"chasedemons","formatid":"gen9nationaldex","rating":1079,"private":0,"password":""}