{"id":"gen9nationaldex-1994380034","p1":"Kevelek17","p2":"NotAmazingYT","format":"[Gen 9] National Dex","log":"|j|\u2606Kevelek17\n|j|\u2606NotAmazingYT\n|t:|1700437274\n|gametype|singles\n|player|p1|Kevelek17|youngster-gen4dp|1318\n|player|p2|NotAmazingYT|cynthia-gen4|1230\n|teamsize|p1|6\n|teamsize|p2|6\n|gen|9\n|tier|[Gen 9] National Dex\n|rated|\n|rule|HP Percentage Mod: HP is shown in percentages\n|rule|Endless Battle Clause: Forcing endless battles is banned\n|rule|OHKO Clause: OHKO moves are banned\n|rule|Evasion Clause: Evasion abilities, items, and moves are banned\n|rule|Evasion Abilities Clause: Evasion abilities are banned\n|rule|Evasion Items Clause: Evasion items are banned\n|rule|Evasion Moves Clause: Evasion moves are banned\n|rule|Species Clause: Limit one of each Pok\u00e9mon\n|rule|Sleep Clause Mod: Limit one foe put to sleep\n|clearpoke\n|poke|p1|Chansey, F|\n|poke|p1|Forretress, M|\n|poke|p1|Gyarados, M|\n|poke|p1|Mimikyu, M|\n|poke|p1|Swampert, F|\n|poke|p1|Goodra, F|\n|poke|p2|Garchomp, M|\n|poke|p2|Gliscor, M|\n|poke|p2|Heatran, M|\n|poke|p2|Manaphy|\n|poke|p2|Zoroark-Hisui, M|\n|poke|p2|Weavile, M|\n|teampreview\n|\n|t:|1700437285\n|start\n|switch|p1a: Gyarados|Gyarados, M, shiny|100\/100\n|switch|p2a: DeepDish|Heatran, M|100\/100\n|-ability|p1a: Gyarados|Intimidate|boost\n|-unboost|p2a: DeepDish|atk|1\n|turn|1\n|\n|t:|1700437295\n|move|p1a: Gyarados|Substitute|p1a: Gyarados\n|-start|p1a: Gyarados|Substitute\n|-damage|p1a: Gyarados|76\/100\n|move|p2a: DeepDish|Taunt|p1a: Gyarados\n|-start|p1a: Gyarados|move: Taunt\n|\n|upkeep\n|turn|2\n|\n|t:|1700437311\n|move|p1a: Gyarados|Waterfall|p2a: DeepDish\n|-supereffective|p2a: DeepDish\n|-damage|p2a: DeepDish|17\/100\n|move|p2a: DeepDish|Magma Storm|p1a: Gyarados|[miss]\n|-miss|p2a: DeepDish|p1a: Gyarados\n|\n|-heal|p2a: DeepDish|24\/100|[from] item: Leftovers\n|upkeep\n|turn|3\n|\n|t:|1700437331\n|switch|p2a: Twilight|Gliscor, M|100\/100\n|move|p1a: Gyarados|Waterfall|p2a: Twilight\n|-supereffective|p2a: Twilight\n|-damage|p2a: Twilight|55\/100\n|\n|-status|p2a: Twilight|tox|[from] item: Toxic Orb\n|upkeep\n|turn|4\n|\n|t:|1700437353\n|switch|p2a: Gummis|Manaphy|100\/100\n|detailschange|p1a: Gyarados|Gyarados-Mega, M, shiny\n|-mega|p1a: Gyarados|Gyarados|Gyaradosite\n|-ability|p1a: Gyarados|Mold Breaker\n|move|p1a: Gyarados|Waterfall|p2a: Gummis\n|-resisted|p2a: Gummis\n|-damage|p2a: Gummis|79\/100\n|\n|-end|p1a: Gyarados|move: Taunt\n|upkeep\n|turn|5\n|\n|t:|1700437365\n|move|p2a: Gummis|Tail Glow|p2a: Gummis\n|-boost|p2a: Gummis|spa|3\n|move|p1a: Gyarados|Dragon Dance|p1a: Gyarados\n|-boost|p1a: Gyarados|atk|1\n|-boost|p1a: Gyarados|spe|1\n|\n|upkeep\n|turn|6\n|\n|t:|1700437376\n|move|p1a: Gyarados|Crunch|p2a: Gummis\n|-damage|p2a: Gummis|21\/100\n|-enditem|p2a: Gummis|Salac Berry|[eat]\n|-boost|p2a: Gummis|spe|1|[from] item: Salac Berry\n|move|p2a: Gummis|Energy Ball|p1a: Gyarados\n|-supereffective|p1a: Gyarados\n|-end|p1a: Gyarados|Substitute\n|\n|upkeep\n|turn|7\n|\n|t:|1700437386\n|-terastallize|p2a: Gummis|Grass\n|move|p2a: Gummis|Energy Ball|p1a: Gyarados\n|-supereffective|p1a: Gyarados\n|-damage|p1a: Gyarados|0 fnt\n|faint|p1a: Gyarados\n|\n|upkeep\n|\n|t:|1700437393\n|switch|p1a: Goodra|Goodra, F|100\/100\n|turn|8\n|\n|t:|1700437402\n|-terastallize|p1a: Goodra|Water\n|move|p2a: Gummis|Dazzling Gleam|p1a: Goodra\n|-damage|p1a: Goodra|83\/100\n|move|p1a: Goodra|Sludge Bomb|p2a: Gummis\n|-supereffective|p2a: Gummis\n|-damage|p2a: Gummis|0 fnt\n|faint|p2a: Gummis\n|\n|upkeep\n|\n|t:|1700437421\n|switch|p2a: Cyrus|Weavile, M|100\/100\n|turn|9\n|inactive|Battle timer is ON: inactive players will automatically lose when time's up. (requested by Kevelek17)\n|\n|t:|1700437426\n|move|p2a: Cyrus|Trick|p1a: Goodra\n|-activate|p2a: Cyrus|move: Trick|[of] p1a: Goodra\n|-item|p1a: Goodra|Choice Scarf|[from] move: Trick\n|-item|p2a: Cyrus|Assault Vest|[from] move: Trick\n|move|p1a: Goodra|Focus Blast|p2a: Cyrus\n|-immune|p2a: Cyrus\n|\n|upkeep\n|turn|10\n|\n|t:|1700437439\n|switch|p1a: Swampert|Swampert, F, shiny|100\/100\n|move|p2a: Cyrus|Grass Knot|p1a: Swampert\n|-supereffective|p1a: Swampert\n|-damage|p1a: Swampert|8\/100\n|\n|-heal|p1a: Swampert|15\/100|[from] item: Leftovers\n|upkeep\n|turn|11\n|\n|t:|1700437455\n|switch|p1a: Forretress|Forretress, M|100\/100\n|move|p2a: Cyrus|Grass Knot|p1a: Forretress\n|-resisted|p1a: Forretress\n|-damage|p1a: Forretress|89\/100\n|-damage|p2a: Cyrus|84\/100|[from] item: Rocky Helmet|[of] p1a: Forretress\n|\n|upkeep\n|turn|12\n|\n|t:|1700437463\n|switch|p2a: DeepDish|Heatran, M|24\/100\n|move|p1a: Forretress|Spikes|p2a: DeepDish\n|-sidestart|p2: NotAmazingYT|Spikes\n|\n|-heal|p2a: DeepDish|30\/100|[from] item: Leftovers\n|upkeep\n|turn|13\n|\n|t:|1700437470\n|move|p2a: DeepDish|Magma Storm|p1a: Forretress\n|-supereffective|p1a: Forretress\n|-damage|p1a: Forretress|0 fnt\n|faint|p1a: Forretress\n|\n|-heal|p2a: DeepDish|36\/100|[from] item: Leftovers\n|upkeep\n|\n|t:|1700437478\n|switch|p1a: Mimikyu|Mimikyu, M, shiny|100\/100\n|turn|14\n|\n|t:|1700437498\n|move|p1a: Mimikyu|Swords Dance|p1a: Mimikyu\n|-boost|p1a: Mimikyu|atk|2\n|move|p2a: DeepDish|Magma Storm|p1a: Mimikyu\n|-activate|p1a: Mimikyu|ability: Disguise\n|-damage|p1a: Mimikyu|100\/100\n|-activate|p1a: Mimikyu|move: Magma Storm|[of] p2a: DeepDish\n|detailschange|p1a: Mimikyu|Mimikyu-Busted, M, shiny\n|-damage|p1a: Mimikyu|88\/100|[from] pokemon: Mimikyu-Busted\n|\n|-heal|p2a: DeepDish|42\/100|[from] item: Leftovers\n|-damage|p1a: Mimikyu|76\/100|[from] move: Magma Storm|[partiallytrapped]\n|upkeep\n|turn|15\n|\n|t:|1700437511\n|switch|p2a: Cyrus|Weavile, M|84\/100\n|-damage|p2a: Cyrus|72\/100|[from] Spikes\n|move|p1a: Mimikyu|Shadow Claw|p2a: Cyrus\n|-immune|p2a: Cyrus\n|\n|-end|p1a: Mimikyu|Magma Storm|[partiallytrapped]|[silent]\n|upkeep\n|turn|16\n|\n|t:|1700437518\n|move|p2a: Cyrus|Shadow Ball|p1a: Mimikyu\n|-supereffective|p1a: Mimikyu\n|-damage|p1a: Mimikyu|0 fnt\n|faint|p1a: Mimikyu\n|\n|upkeep\n|-message|Kevelek17 forfeited.\n|\n|win|NotAmazingYT\n|raw|Kevelek17's rating: 1318 &rarr; <strong>1293<\/strong><br \/>(-25 for losing)\n|raw|NotAmazingYT's rating: 1230 &rarr; <strong>1261<\/strong><br \/>(+31 for winning)\n|l|\u2606Kevelek17\n","uploadtime":1700437525,"views":4,"p1id":"kevelek17","p2id":"notamazingyt","formatid":"gen9nationaldex","rating":1261,"private":0,"password":""}