{"id":"gen9nationaldex-1999990430","p1":"FrogKins","p2":"Zersturer23","format":"[Gen 9] National Dex","log":"|html|<div class=\"broadcast-blue\"><strong>[Gen 9] National Dex is currently suspecting Sneasler! For information on how to participate check out the <a href=\"https:\/\/www.smogon.com\/forums\/threads\/sv-national-dex-suspect-8-just-dance.3731534\/\">suspect thread<\/a>.<\/strong><\/div>\n|j|\u2606FrogKins\n|j|\u2606Zersturer23\n|t:|1701138393\n|gametype|singles\n|player|p1|FrogKins|2|1000\n|player|p2|Zersturer23|266|1077\n|teamsize|p1|6\n|teamsize|p2|6\n|gen|9\n|tier|[Gen 9] National Dex\n|rated|\n|rule|HP Percentage Mod: HP is shown in percentages\n|rule|Endless Battle Clause: Forcing endless battles is banned\n|rule|OHKO Clause: OHKO moves are banned\n|rule|Evasion Clause: Evasion abilities, items, and moves are banned\n|rule|Evasion Abilities Clause: Evasion abilities are banned\n|rule|Evasion Items Clause: Evasion items are banned\n|rule|Evasion Moves Clause: Evasion moves are banned\n|rule|Species Clause: Limit one of each Pok\u00e9mon\n|rule|Sleep Clause Mod: Limit one foe put to sleep\n|clearpoke\n|poke|p1|Camerupt, M|\n|poke|p1|Musharna, F|\n|poke|p1|Sandy Shocks|\n|poke|p1|Ninetales, M|\n|poke|p1|Clodsire, M|\n|poke|p1|Jirachi|\n|poke|p2|Centiskorch, F|\n|poke|p2|Salamence, M|\n|poke|p2|Ferrothorn, F|\n|poke|p2|Articuno|\n|poke|p2|Sharpedo, M|\n|poke|p2|Garchomp, M|\n|teampreview\n|\n|t:|1701138407\n|start\n|switch|p1a: Musharna|Musharna, F|100\/100\n|switch|p2a: Sharpedo|Sharpedo, M|100\/100\n|turn|1\n|\n|t:|1701138421\n|move|p2a: Sharpedo|Crunch|p1a: Musharna\n|-supereffective|p1a: Musharna\n|-damage|p1a: Musharna|24\/100\n|-unboost|p1a: Musharna|def|1\n|-enditem|p1a: Musharna|Figy Berry|[eat]\n|-heal|p1a: Musharna|58\/100|[from] item: Figy Berry\n|move|p1a: Musharna|Trick Room|p1a: Musharna\n|-fieldstart|move: Trick Room|[of] p1a: Musharna\n|\n|-ability|p2a: Sharpedo|Speed Boost|boost\n|-boost|p2a: Sharpedo|spe|1\n|upkeep\n|turn|2\n|\n|t:|1701138436\n|detailschange|p2a: Sharpedo|Sharpedo-Mega, M\n|-mega|p2a: Sharpedo|Sharpedo|Sharpedonite\n|move|p1a: Musharna|Dazzling Gleam|p2a: Sharpedo\n|-supereffective|p2a: Sharpedo\n|-damage|p2a: Sharpedo|3\/100\n|move|p2a: Sharpedo|Crunch|p1a: Musharna\n|-supereffective|p1a: Musharna\n|-damage|p1a: Musharna|0 fnt\n|faint|p1a: Musharna\n|\n|upkeep\n|\n|t:|1701138455\n|switch|p1a: Camerupt|Camerupt, M|100\/100\n|turn|3\n|\n|t:|1701138473\n|switch|p2a: Salamence|Salamence, M|100\/100\n|detailschange|p1a: Camerupt|Camerupt-Mega, M\n|-mega|p1a: Camerupt|Camerupt|Cameruptite\n|move|p1a: Camerupt|Eruption|p2a: Salamence\n|-resisted|p2a: Salamence\n|-damage|p2a: Salamence|46\/100\n|\n|upkeep\n|turn|4\n|\n|t:|1701138493\n|switch|p2a: Ferrothorn|Ferrothorn, F|100\/100\n|move|p1a: Camerupt|Eruption|p2a: Ferrothorn\n|-supereffective|p2a: Ferrothorn\n|-damage|p2a: Ferrothorn|0 fnt\n|faint|p2a: Ferrothorn\n|\n|upkeep\n|\n|t:|1701138497\n|switch|p2a: Sharpedo|Sharpedo-Mega, M|3\/100\n|turn|5\n|\n|t:|1701138509\n|move|p2a: Sharpedo|Protect|p2a: Sharpedo\n|-singleturn|p2a: Sharpedo|Protect\n|move|p1a: Camerupt|Eruption|p2a: Sharpedo\n|-activate|p2a: Sharpedo|move: Protect\n|\n|-fieldend|move: Trick Room\n|upkeep\n|turn|6\n|\n|t:|1701138521\n|switch|p1a: Jirachi|Jirachi|100\/100\n|move|p2a: Sharpedo|Crunch|p1a: Jirachi\n|-supereffective|p1a: Jirachi\n|-damage|p1a: Jirachi|0 fnt\n|faint|p1a: Jirachi\n|\n|upkeep\n|\n|t:|1701138531\n|switch|p1a: Sandy Shocks|Sandy Shocks|100\/100\n|-enditem|p1a: Sandy Shocks|Booster Energy\n|-activate|p1a: Sandy Shocks|ability: Protosynthesis|[fromitem]\n|-start|p1a: Sandy Shocks|protosynthesisspa\n|turn|7\n|\n|t:|1701138545\n|move|p1a: Sandy Shocks|Discharge|p2a: Sharpedo\n|-supereffective|p2a: Sharpedo\n|-damage|p2a: Sharpedo|0 fnt\n|faint|p2a: Sharpedo\n|\n|upkeep\n|\n|t:|1701138558\n|switch|p2a: Garchomp|Garchomp, M|100\/100\n|turn|8\n|\n|t:|1701138578\n|-end|p1a: Sandy Shocks|Protosynthesis|[silent]\n|switch|p1a: Clodsire|Clodsire, M|100\/100\n|move|p2a: Garchomp|Earthquake|p1a: Clodsire\n|-supereffective|p1a: Clodsire\n|-damage|p1a: Clodsire|0 fnt\n|faint|p1a: Clodsire\n|\n|upkeep\n|\n|t:|1701138588\n|switch|p1a: Ninetales|Ninetales, M, shiny|100\/100\n|-weather|SunnyDay|[from] ability: Drought|[of] p1a: Ninetales\n|turn|9\n|\n|t:|1701138606\n|-terastallize|p1a: Ninetales|Water\n|-zpower|p2a: Garchomp\n|move|p2a: Garchomp|Continental Crush|p1a: Ninetales|[zeffect]\n|-damage|p1a: Ninetales|9\/100\n|move|p1a: Ninetales|Will-O-Wisp|p2a: Garchomp|[miss]\n|-miss|p1a: Ninetales|p2a: Garchomp\n|\n|-weather|SunnyDay|[upkeep]\n|upkeep\n|turn|10\n|c|\u2606FrogKins|no way\n|\n|t:|1701138619\n|move|p2a: Garchomp|Earthquake|p1a: Ninetales\n|-damage|p1a: Ninetales|0 fnt\n|faint|p1a: Ninetales\n|\n|-weather|SunnyDay|[upkeep]\n|upkeep\n|c|\u2606FrogKins|im shaking my butt on the weekend\n|\n|t:|1701138632\n|switch|p1a: Sandy Shocks|Sandy Shocks|100\/100\n|-activate|p1a: Sandy Shocks|ability: Protosynthesis\n|-start|p1a: Sandy Shocks|protosynthesisspa\n|turn|11\n|\n|t:|1701138647\n|move|p2a: Garchomp|Earthquake|p1a: Sandy Shocks\n|-supereffective|p1a: Sandy Shocks\n|-crit|p1a: Sandy Shocks\n|-damage|p1a: Sandy Shocks|0 fnt\n|faint|p1a: Sandy Shocks\n|-end|p1a: Sandy Shocks|Protosynthesis|[silent]\n|\n|-weather|SunnyDay|[upkeep]\n|upkeep\n|\n|t:|1701138652\n|switch|p1a: Camerupt|Camerupt-Mega, M|100\/100\n|turn|12\n|c|\u2606Zersturer23|gg\n|\n|t:|1701138659\n|move|p2a: Garchomp|Earthquake|p1a: Camerupt\n|-supereffective|p1a: Camerupt\n|-damage|p1a: Camerupt|3\/100\n|move|p1a: Camerupt|Eruption|p2a: Garchomp\n|-resisted|p2a: Garchomp\n|-damage|p2a: Garchomp|99\/100\n|\n|-weather|SunnyDay|[upkeep]\n|upkeep\n|turn|13\n|c|\u2606FrogKins|gg\n|\n|t:|1701138671\n|move|p2a: Garchomp|Earthquake|p1a: Camerupt\n|-supereffective|p1a: Camerupt\n|-damage|p1a: Camerupt|0 fnt\n|faint|p1a: Camerupt\n|\n|win|Zersturer23\n|raw|FrogKins's rating: 1000 &rarr; <strong>1000<\/strong><br \/>(+0 for losing)\n|raw|Zersturer23's rating: 1077 &rarr; <strong>1099<\/strong><br \/>(+22 for winning)\n","uploadtime":1701138674,"views":2,"p1id":"frogkins","p2id":"zersturer23","formatid":"gen9nationaldex","rating":1000,"private":0,"password":""}