{"id":"gen9nationaldex-1993624342","p1":"RandoTestAccount","p2":"bookwormboi","format":"[Gen 9] National Dex","log":"|j|\u2606RandoTestAccount\n|j|\u2606bookwormboi\n|t:|1700338743\n|gametype|singles\n|player|p1|RandoTestAccount|pokemonrangerf|1326\n|player|p2|bookwormboi|red|1255\n|teamsize|p1|6\n|teamsize|p2|6\n|gen|9\n|tier|[Gen 9] National Dex\n|rated|\n|rule|HP Percentage Mod: HP is shown in percentages\n|rule|Endless Battle Clause: Forcing endless battles is banned\n|rule|OHKO Clause: OHKO moves are banned\n|rule|Evasion Clause: Evasion abilities, items, and moves are banned\n|rule|Evasion Abilities Clause: Evasion abilities are banned\n|rule|Evasion Items Clause: Evasion items are banned\n|rule|Evasion Moves Clause: Evasion moves are banned\n|rule|Species Clause: Limit one of each Pok\u00e9mon\n|rule|Sleep Clause Mod: Limit one foe put to sleep\n|clearpoke\n|poke|p1|Umbreon, F|\n|poke|p1|Excadrill, F|\n|poke|p1|Corviknight, F|\n|poke|p1|Sableye, F|\n|poke|p1|Tapu Fini|\n|poke|p1|Dragalge, F|\n|poke|p2|Tapu Lele|\n|poke|p2|Azelf|\n|poke|p2|Indeedee, M|\n|poke|p2|Iron Leaves|\n|poke|p2|Articuno-Galar|\n|poke|p2|Gallade, M|\n|teampreview\n|inactive|Battle timer is ON: inactive players will automatically lose when time's up. (requested by RandoTestAccount)\n|\n|t:|1700338754\n|start\n|switch|p1a: Spectre of Emerald|Sableye, F, shiny|100\/100\n|switch|p2a: Azelf|Azelf|100\/100\n|turn|1\n|\n|t:|1700338771\n|switch|p2a: Indeedee|Indeedee, M|100\/100\n|-fieldstart|move: Psychic Terrain|[from] ability: Psychic Surge|[of] p2a: Indeedee\n|detailschange|p1a: Spectre of Emerald|Sableye-Mega, F, shiny\n|-mega|p1a: Spectre of Emerald|Sableye|Sablenite\n|move|p1a: Spectre of Emerald|Calm Mind|p1a: Spectre of Emerald\n|-boost|p1a: Spectre of Emerald|spa|1\n|-boost|p1a: Spectre of Emerald|spd|1\n|\n|upkeep\n|turn|2\n|\n|t:|1700338782\n|move|p2a: Indeedee|Mystical Fire|p1a: Spectre of Emerald\n|-damage|p1a: Spectre of Emerald|86\/100\n|-unboost|p1a: Spectre of Emerald|spa|1\n|move|p1a: Spectre of Emerald|Calm Mind|p1a: Spectre of Emerald\n|-boost|p1a: Spectre of Emerald|spa|1\n|-boost|p1a: Spectre of Emerald|spd|1\n|\n|upkeep\n|turn|3\n|\n|t:|1700338788\n|move|p2a: Indeedee|Mystical Fire|p1a: Spectre of Emerald\n|-damage|p1a: Spectre of Emerald|75\/100\n|-unboost|p1a: Spectre of Emerald|spa|1\n|move|p1a: Spectre of Emerald|Calm Mind|p1a: Spectre of Emerald\n|-boost|p1a: Spectre of Emerald|spa|1\n|-boost|p1a: Spectre of Emerald|spd|1\n|\n|upkeep\n|turn|4\n|\n|t:|1700338792\n|move|p2a: Indeedee|Mystical Fire|p1a: Spectre of Emerald\n|-damage|p1a: Spectre of Emerald|65\/100\n|-unboost|p1a: Spectre of Emerald|spa|1\n|move|p1a: Spectre of Emerald|Calm Mind|p1a: Spectre of Emerald\n|-boost|p1a: Spectre of Emerald|spa|1\n|-boost|p1a: Spectre of Emerald|spd|1\n|\n|upkeep\n|turn|5\n|\n|t:|1700338798\n|move|p2a: Indeedee|Mystical Fire|p1a: Spectre of Emerald\n|-damage|p1a: Spectre of Emerald|58\/100\n|-unboost|p1a: Spectre of Emerald|spa|1\n|move|p1a: Spectre of Emerald|Calm Mind|p1a: Spectre of Emerald\n|-boost|p1a: Spectre of Emerald|spa|1\n|-boost|p1a: Spectre of Emerald|spd|1\n|\n|-fieldend|move: Psychic Terrain\n|upkeep\n|turn|6\n|\n|t:|1700338805\n|move|p2a: Indeedee|Mystical Fire|p1a: Spectre of Emerald\n|-damage|p1a: Spectre of Emerald|51\/100\n|-unboost|p1a: Spectre of Emerald|spa|1\n|move|p1a: Spectre of Emerald|Calm Mind|p1a: Spectre of Emerald\n|-boost|p1a: Spectre of Emerald|spa|1\n|-boost|p1a: Spectre of Emerald|spd|1\n|\n|upkeep\n|turn|7\n|\n|t:|1700338808\n|move|p2a: Indeedee|Mystical Fire|p1a: Spectre of Emerald\n|-damage|p1a: Spectre of Emerald|46\/100\n|-unboost|p1a: Spectre of Emerald|spa|1\n|move|p1a: Spectre of Emerald|Dark Pulse|p2a: Indeedee\n|-supereffective|p2a: Indeedee\n|-damage|p2a: Indeedee|38\/100\n|\n|upkeep\n|turn|8\n|\n|t:|1700338814\n|move|p2a: Indeedee|Mystical Fire|p1a: Spectre of Emerald\n|-damage|p1a: Spectre of Emerald|40\/100\n|-unboost|p1a: Spectre of Emerald|spa|1\n|move|p1a: Spectre of Emerald|Recover|p1a: Spectre of Emerald\n|-heal|p1a: Spectre of Emerald|90\/100\n|\n|upkeep\n|turn|9\n|\n|t:|1700338819\n|move|p2a: Indeedee|Mystical Fire|p1a: Spectre of Emerald\n|-damage|p1a: Spectre of Emerald|85\/100\n|-unboost|p1a: Spectre of Emerald|spa|1\n|move|p1a: Spectre of Emerald|Dark Pulse|p2a: Indeedee\n|-supereffective|p2a: Indeedee\n|-damage|p2a: Indeedee|7\/100\n|\n|upkeep\n|turn|10\n|\n|t:|1700338825\n|move|p2a: Indeedee|Mystical Fire|p1a: Spectre of Emerald\n|-damage|p1a: Spectre of Emerald|79\/100\n|-unboost|p1a: Spectre of Emerald|spa|1\n|move|p1a: Spectre of Emerald|Dark Pulse|p2a: Indeedee\n|-supereffective|p2a: Indeedee\n|-damage|p2a: Indeedee|0 fnt\n|faint|p2a: Indeedee\n|\n|upkeep\n|\n|t:|1700338837\n|switch|p2a: Iron Leaves|Iron Leaves|100\/100\n|turn|11\n|\n|t:|1700338842\n|move|p2a: Iron Leaves|Leaf Blade|p1a: Spectre of Emerald\n|-damage|p1a: Spectre of Emerald|39\/100\n|-damage|p2a: Iron Leaves|91\/100|[from] item: Life Orb\n|move|p1a: Spectre of Emerald|Will-O-Wisp|p2a: Iron Leaves\n|-status|p2a: Iron Leaves|brn\n|\n|-damage|p2a: Iron Leaves|84\/100 brn|[from] brn\n|upkeep\n|turn|12\n|\n|t:|1700338852\n|move|p2a: Iron Leaves|Leaf Blade|p1a: Spectre of Emerald\n|-damage|p1a: Spectre of Emerald|16\/100\n|-damage|p2a: Iron Leaves|74\/100 brn|[from] item: Life Orb\n|move|p1a: Spectre of Emerald|Recover|p1a: Spectre of Emerald\n|-heal|p1a: Spectre of Emerald|66\/100\n|\n|-damage|p2a: Iron Leaves|68\/100 brn|[from] brn\n|upkeep\n|turn|13\n|\n|t:|1700338855\n|move|p2a: Iron Leaves|Leaf Blade|p1a: Spectre of Emerald\n|-damage|p1a: Spectre of Emerald|47\/100\n|-damage|p2a: Iron Leaves|58\/100 brn|[from] item: Life Orb\n|move|p1a: Spectre of Emerald|Calm Mind|p1a: Spectre of Emerald\n|-boost|p1a: Spectre of Emerald|spa|1\n|-boost|p1a: Spectre of Emerald|spd|0\n|\n|-damage|p2a: Iron Leaves|52\/100 brn|[from] brn\n|upkeep\n|turn|14\n|\n|t:|1700338858\n|move|p2a: Iron Leaves|Leaf Blade|p1a: Spectre of Emerald\n|-damage|p1a: Spectre of Emerald|26\/100\n|-damage|p2a: Iron Leaves|42\/100 brn|[from] item: Life Orb\n|move|p1a: Spectre of Emerald|Recover|p1a: Spectre of Emerald\n|-heal|p1a: Spectre of Emerald|76\/100\n|\n|-damage|p2a: Iron Leaves|36\/100 brn|[from] brn\n|upkeep\n|turn|15\n|\n|t:|1700338862\n|move|p2a: Iron Leaves|Leaf Blade|p1a: Spectre of Emerald\n|-damage|p1a: Spectre of Emerald|55\/100\n|-damage|p2a: Iron Leaves|26\/100 brn|[from] item: Life Orb\n|move|p1a: Spectre of Emerald|Calm Mind|p1a: Spectre of Emerald\n|-boost|p1a: Spectre of Emerald|spa|1\n|-boost|p1a: Spectre of Emerald|spd|0\n|\n|-damage|p2a: Iron Leaves|20\/100 brn|[from] brn\n|upkeep\n|turn|16\n|\n|t:|1700338866\n|move|p2a: Iron Leaves|Leaf Blade|p1a: Spectre of Emerald\n|-crit|p1a: Spectre of Emerald\n|-damage|p1a: Spectre of Emerald|22\/100\n|-damage|p2a: Iron Leaves|10\/100 brn|[from] item: Life Orb\n|move|p1a: Spectre of Emerald|Recover|p1a: Spectre of Emerald\n|-heal|p1a: Spectre of Emerald|72\/100\n|\n|-damage|p2a: Iron Leaves|3\/100 brn|[from] brn\n|upkeep\n|turn|17\n|\n|t:|1700338869\n|move|p2a: Iron Leaves|Leaf Blade|p1a: Spectre of Emerald\n|-damage|p1a: Spectre of Emerald|52\/100\n|-damage|p2a: Iron Leaves|0 fnt|[from] item: Life Orb\n|faint|p2a: Iron Leaves\n|-end|p2a: Iron Leaves|Quark Drive|[silent]\n|move|p1a: Spectre of Emerald|Calm Mind|p1a: Spectre of Emerald\n|-boost|p1a: Spectre of Emerald|spa|1\n|-boost|p1a: Spectre of Emerald|spd|0\n|\n|upkeep\n|-message|bookwormboi forfeited.\n|\n|win|RandoTestAccount\n|raw|RandoTestAccount's rating: 1326 &rarr; <strong>1342<\/strong><br \/>(+16 for winning)\n|raw|bookwormboi's rating: 1255 &rarr; <strong>1235<\/strong><br \/>(-20 for losing)\n|l|\u2606bookwormboi\n","uploadtime":1700338881,"views":7,"p1id":"randotestaccount","p2id":"bookwormboi","formatid":"gen9nationaldex","rating":1235,"private":0,"password":""}