{"id":"gen9nationaldex-1993321959","p1":"weiwoduzun\u696a\u7948","p2":"akxhdwy","format":"[Gen 9] National Dex","log":"|j|\u2606weiwoduzun\u696a\u7948\n|j|\u2606akxhdwy\n|t:|1700297977\n|gametype|singles\n|player|p1|weiwoduzun\u696a\u7948|266|1549\n|player|p2|akxhdwy|swimmerf|1697\n|teamsize|p1|6\n|teamsize|p2|6\n|gen|9\n|tier|[Gen 9] National Dex\n|rated|\n|rule|HP Percentage Mod: HP is shown in percentages\n|rule|Endless Battle Clause: Forcing endless battles is banned\n|rule|OHKO Clause: OHKO moves are banned\n|rule|Evasion Clause: Evasion abilities, items, and moves are banned\n|rule|Evasion Abilities Clause: Evasion abilities are banned\n|rule|Evasion Items Clause: Evasion items are banned\n|rule|Evasion Moves Clause: Evasion moves are banned\n|rule|Species Clause: Limit one of each Pok\u00e9mon\n|rule|Sleep Clause Mod: Limit one foe put to sleep\n|clearpoke\n|poke|p1|Tapu Lele|\n|poke|p1|Armarouge, M|\n|poke|p1|Ceruledge, F|\n|poke|p1|Zapdos|\n|poke|p1|Hatterene, F|\n|poke|p1|Polteageist-Antique|\n|poke|p2|Weavile, M|\n|poke|p2|Landorus-Therian, M|\n|poke|p2|Zapdos|\n|poke|p2|Volcanion|\n|poke|p2|Ursaluna, F|\n|poke|p2|Kartana|\n|teampreview\n|inactive|Battle timer is ON: inactive players will automatically lose when time's up. (requested by weiwoduzun\u696a\u7948)\n|\n|t:|1700297995\n|start\n|switch|p1a: Tapu Lele|Tapu Lele|100\/100\n|switch|p2a: Weavile|Weavile, M|100\/100\n|-ability|p2a: Weavile|Pressure\n|-fieldstart|move: Psychic Terrain|[from] ability: Psychic Surge|[of] p1a: Tapu Lele\n|turn|1\n|\n|t:|1700298000\n|switch|p1a: Hatterene|Hatterene, F|100\/100\n|-terastallize|p2a: Weavile|Dark\n|move|p2a: Weavile|Beat Up|p1a: Hatterene\n|-damage|p1a: Hatterene|80\/100\n|-damage|p1a: Hatterene|57\/100\n|-crit|p1a: Hatterene\n|-damage|p1a: Hatterene|34\/100\n|-damage|p1a: Hatterene|16\/100\n|-damage|p1a: Hatterene|0 fnt\n|faint|p1a: Hatterene\n|-hitcount|p1: Hatterene|5\n|\n|upkeep\n|\n|t:|1700298005\n|switch|p1a: Armarouge|Armarouge, M|100\/100\n|turn|2\n|\n|t:|1700298009\n|move|p1a: Armarouge|Endure|p1a: Armarouge\n|-singleturn|p1a: Armarouge|move: Endure\n|move|p2a: Weavile|Beat Up|p1a: Armarouge\n|-supereffective|p1a: Armarouge\n|-damage|p1a: Armarouge|62\/100\n|-ability|p1a: Armarouge|Weak Armor|boost\n|-unboost|p1a: Armarouge|def|1\n|-boost|p1a: Armarouge|spe|2\n|-enditem|p1a: Armarouge|Weakness Policy\n|-boost|p1a: Armarouge|atk|2|[from] item: Weakness Policy\n|-boost|p1a: Armarouge|spa|2|[from] item: Weakness Policy\n|-supereffective|p1a: Armarouge\n|-damage|p1a: Armarouge|3\/100\n|-ability|p1a: Armarouge|Weak Armor|boost\n|-unboost|p1a: Armarouge|def|1\n|-boost|p1a: Armarouge|spe|2\n|-supereffective|p1a: Armarouge\n|-activate|p1a: Armarouge|move: Endure\n|-damage|p1a: Armarouge|1\/100\n|-ability|p1a: Armarouge|Weak Armor|boost\n|-unboost|p1a: Armarouge|def|1\n|-boost|p1a: Armarouge|spe|2\n|-supereffective|p1a: Armarouge\n|-activate|p1a: Armarouge|move: Endure\n|-damage|p1a: Armarouge|1\/100\n|-ability|p1a: Armarouge|Weak Armor|boost\n|-unboost|p1a: Armarouge|def|1\n|-supereffective|p1a: Armarouge\n|-activate|p1a: Armarouge|move: Endure\n|-damage|p1a: Armarouge|1\/100\n|-ability|p1a: Armarouge|Weak Armor|boost\n|-unboost|p1a: Armarouge|def|1\n|-supereffective|p1a: Armarouge\n|-activate|p1a: Armarouge|move: Endure\n|-damage|p1a: Armarouge|1\/100\n|-ability|p1a: Armarouge|Weak Armor|boost\n|-unboost|p1a: Armarouge|def|1\n|-hitcount|p1a: Armarouge|6\n|\n|upkeep\n|turn|3\n|\n|t:|1700298033\n|switch|p2a: Zapdos|Zapdos|100\/100\n|move|p1a: Armarouge|Armor Cannon|p2a: Zapdos\n|-damage|p2a: Zapdos|0 fnt\n|-unboost|p1a: Armarouge|spd|1\n|faint|p2a: Zapdos\n|\n|upkeep\n|inactive|akxhdwy has 120 seconds left.\n|\n|t:|1700298049\n|switch|p2a: Volcanion|Volcanion|100\/100\n|turn|4\n|\n|t:|1700298054\n|switch|p2a: Weavile|Weavile, M, tera:Dark|100\/100\n|-ability|p2a: Weavile|Pressure\n|move|p1a: Armarouge|Expanding Force|p2a: Weavile\n|-immune|p2a: Weavile\n|\n|upkeep\n|turn|5\n|\n|t:|1700298065\n|move|p1a: Armarouge|Armor Cannon|p2a: Weavile\n|-damage|p2a: Weavile|0 fnt\n|-unboost|p1a: Armarouge|spd|1\n|faint|p2a: Weavile\n|\n|upkeep\n|\n|t:|1700298070\n|switch|p2a: Landorus|Landorus-Therian, M|100\/100\n|-ability|p2a: Landorus|Intimidate|boost\n|-unboost|p1a: Armarouge|atk|1\n|turn|6\n|\n|t:|1700298075\n|move|p1a: Armarouge|Expanding Force|p2a: Landorus\n|-damage|p2a: Landorus|0 fnt\n|faint|p2a: Landorus\n|\n|upkeep\n|\n|t:|1700298081\n|switch|p2a: Volcanion|Volcanion|100\/100\n|turn|7\n|\n|t:|1700298084\n|move|p1a: Armarouge|Expanding Force|p2a: Volcanion\n|-damage|p2a: Volcanion|0 fnt\n|faint|p2a: Volcanion\n|\n|upkeep\n|\n|t:|1700298088\n|switch|p2a: Ursaluna|Ursaluna, F|100\/100\n|turn|8\n|\n|t:|1700298090\n|move|p1a: Armarouge|Expanding Force|p2a: Ursaluna\n|-damage|p2a: Ursaluna|0 fnt\n|faint|p2a: Ursaluna\n|\n|-fieldend|move: Psychic Terrain\n|upkeep\n|\n|t:|1700298092\n|switch|p2a: Kartana|Kartana|100\/100\n|turn|9\n|\n|t:|1700298097\n|move|p1a: Armarouge|Endure|p1a: Armarouge\n|-singleturn|p1a: Armarouge|move: Endure\n|move|p2a: Kartana|Knock Off|p1a: Armarouge\n|-supereffective|p1a: Armarouge\n|-activate|p1a: Armarouge|move: Endure\n|-damage|p1a: Armarouge|1\/100\n|\n|upkeep\n|turn|10\n|\n|t:|1700298102\n|move|p1a: Armarouge|Armor Cannon|p2a: Kartana\n|-supereffective|p2a: Kartana\n|-damage|p2a: Kartana|0 fnt\n|-unboost|p1a: Armarouge|spd|1\n|faint|p2a: Kartana\n|\n|win|weiwoduzun\u696a\u7948\n|raw|weiwoduzun\u696a\u7948's rating: 1549 &rarr; <strong>1577<\/strong><br \/>(+28 for winning)\n|raw|akxhdwy's rating: 1697 &rarr; <strong>1669<\/strong><br \/>(-28 for losing)\n|l|\u2606akxhdwy\n","uploadtime":1700298108,"views":5,"p1id":"weiwoduzun","p2id":"akxhdwy","formatid":"gen9nationaldex","rating":1577,"private":0,"password":""}