{"id":"gen9nationaldex-1992543091","p1":"Durr plant100","p2":"chh12345","format":"[Gen 9] National Dex","log":"|j|\u2606Durr plant100\n|j|\u2606chh12345\n|t:|1700202709\n|gametype|singles\n|player|p1|Durr plant100|ultraforestkartenvoy|1545\n|player|p2|chh12345|cynthia-gen4|1567\n|teamsize|p1|6\n|teamsize|p2|6\n|gen|9\n|tier|[Gen 9] National Dex\n|rated|\n|rule|HP Percentage Mod: HP is shown in percentages\n|rule|Endless Battle Clause: Forcing endless battles is banned\n|rule|OHKO Clause: OHKO moves are banned\n|rule|Evasion Clause: Evasion abilities, items, and moves are banned\n|rule|Evasion Abilities Clause: Evasion abilities are banned\n|rule|Evasion Items Clause: Evasion items are banned\n|rule|Evasion Moves Clause: Evasion moves are banned\n|rule|Species Clause: Limit one of each Pok\u00e9mon\n|rule|Sleep Clause Mod: Limit one foe put to sleep\n|clearpoke\n|poke|p1|Volcarona, F|\n|poke|p1|Tyranitar, M|\n|poke|p1|Excadrill, M|\n|poke|p1|Nihilego|\n|poke|p1|Ogerpon-Wellspring, F|\n|poke|p1|Gliscor, M|\n|poke|p2|Serperior, M|\n|poke|p2|Togekiss, M|\n|poke|p2|Galvantula, M|\n|poke|p2|Landorus-Therian, M|\n|poke|p2|Heatran, M|\n|poke|p2|Lopunny, F|\n|teampreview\n|inactive|Battle timer is ON: inactive players will automatically lose when time's up. (requested by Durr plant100)\n|\n|t:|1700202727\n|start\n|switch|p1a: Varan|Gliscor, M|100\/100\n|switch|p2a: Togekiss|Togekiss, M|100\/100\n|turn|1\n|\n|t:|1700202733\n|switch|p1a: Godzilla|Tyranitar, M|100\/100\n|-weather|Sandstorm|[from] ability: Sand Stream|[of] p1a: Godzilla\n|move|p2a: Togekiss|Air Slash|p1a: Godzilla\n|-resisted|p1a: Godzilla\n|-damage|p1a: Godzilla|93\/100\n|\n|-weather|Sandstorm|[upkeep]\n|-damage|p2a: Togekiss|94\/100|[from] Sandstorm\n|upkeep\n|turn|2\n|\n|t:|1700202737\n|move|p2a: Togekiss|Aura Sphere|p1a: Godzilla\n|-supereffective|p1a: Godzilla\n|-damage|p1a: Godzilla|56\/100\n|move|p1a: Godzilla|Ice Punch|p2a: Togekiss\n|-supereffective|p2a: Togekiss\n|-damage|p2a: Togekiss|32\/100\n|\n|-weather|Sandstorm|[upkeep]\n|-damage|p2a: Togekiss|25\/100|[from] Sandstorm\n|upkeep\n|turn|3\n|\n|t:|1700202746\n|switch|p1a: Mothra|Volcarona, F, shiny|100\/100\n|move|p2a: Togekiss|Aura Sphere|p1a: Mothra\n|-resisted|p1a: Mothra\n|-damage|p1a: Mothra|83\/100\n|\n|-weather|Sandstorm|[upkeep]\n|-damage|p1a: Mothra|77\/100|[from] Sandstorm\n|-damage|p2a: Togekiss|19\/100|[from] Sandstorm\n|upkeep\n|turn|4\n|\n|t:|1700202752\n|move|p1a: Mothra|Fiery Dance|p2a: Togekiss\n|-damage|p2a: Togekiss|0 fnt\n|-boost|p1a: Mothra|spa|1\n|faint|p2a: Togekiss\n|\n|-weather|Sandstorm|[upkeep]\n|-damage|p1a: Mothra|71\/100|[from] Sandstorm\n|upkeep\n|\n|t:|1700202763\n|switch|p2a: Heatran|Heatran, M|100\/100\n|turn|5\n|\n|t:|1700202773\n|-terastallize|p1a: Mothra|Water\n|move|p1a: Mothra|Hidden Power|p2a: Heatran\n|-supereffective|p2a: Heatran\n|-crit|p2a: Heatran\n|-damage|p2a: Heatran|0 fnt\n|faint|p2a: Heatran\n|\n|-weather|none\n|upkeep\n|\n|t:|1700202782\n|switch|p2a: Galvantula|Galvantula, M|100\/100\n|turn|6\n|\n|t:|1700202798\n|switch|p1a: Godzilla|Tyranitar, M|56\/100\n|-weather|Sandstorm|[from] ability: Sand Stream|[of] p1a: Godzilla\n|move|p2a: Galvantula|Thunder Wave|p1a: Godzilla\n|-status|p1a: Godzilla|par\n|\n|-weather|Sandstorm|[upkeep]\n|-damage|p2a: Galvantula|94\/100|[from] Sandstorm\n|upkeep\n|turn|7\n|\n|t:|1700202806\n|move|p2a: Galvantula|Sticky Web|p1a: Godzilla\n|-sidestart|p1: Durr plant100|move: Sticky Web\n|move|p1a: Godzilla|Stone Edge|p2a: Galvantula\n|-supereffective|p2a: Galvantula\n|-damage|p2a: Galvantula|0 fnt\n|faint|p2a: Galvantula\n|\n|-weather|Sandstorm|[upkeep]\n|upkeep\n|\n|t:|1700202808\n|switch|p2a: Serperior|Serperior, M|100\/100\n|turn|8\n|j| Ghha\n|\n|t:|1700202816\n|-terastallize|p2a: Serperior|Fire\n|move|p2a: Serperior|Leaf Storm|p1a: Godzilla\n|-supereffective|p1a: Godzilla\n|-crit|p1a: Godzilla\n|-damage|p1a: Godzilla|5\/100 par\n|-boost|p2a: Serperior|spa|2\n|move|p1a: Godzilla|Ice Punch|p2a: Serperior\n|-resisted|p2a: Serperior\n|-damage|p2a: Serperior|84\/100\n|\n|-weather|Sandstorm|[upkeep]\n|-damage|p2a: Serperior|78\/100|[from] Sandstorm\n|-heal|p2a: Serperior|84\/100|[from] item: Leftovers\n|upkeep\n|turn|9\n|\n|t:|1700202827\n|move|p2a: Serperior|Substitute|p2a: Serperior\n|-start|p2a: Serperior|Substitute\n|-damage|p2a: Serperior|59\/100\n|move|p1a: Godzilla|Stone Edge|p2a: Serperior\n|-supereffective|p2a: Serperior\n|-crit|p2a: Serperior\n|-end|p2a: Serperior|Substitute\n|\n|-weather|Sandstorm|[upkeep]\n|-damage|p2a: Serperior|53\/100|[from] Sandstorm\n|-heal|p2a: Serperior|59\/100|[from] item: Leftovers\n|upkeep\n|turn|10\n|\n|t:|1700202833\n|move|p2a: Serperior|Substitute|p2a: Serperior\n|-start|p2a: Serperior|Substitute\n|-damage|p2a: Serperior|34\/100\n|cant|p1a: Godzilla|par\n|\n|-weather|none\n|-heal|p2a: Serperior|40\/100|[from] item: Leftovers\n|upkeep\n|turn|11\n|\n|t:|1700202837\n|switch|p1a: Mothra|Volcarona, F, shiny, tera:Water|71\/100\n|move|p2a: Serperior|Leaf Storm|p1a: Mothra\n|-supereffective|p1a: Mothra\n|-damage|p1a: Mothra|0 fnt\n|-boost|p2a: Serperior|spa|2\n|faint|p1a: Mothra\n|\n|-heal|p2a: Serperior|46\/100|[from] item: Leftovers\n|upkeep\n|\n|t:|1700202840\n|switch|p1a: Godzilla|Tyranitar, M|5\/100 par\n|-activate|p1a: Godzilla|move: Sticky Web\n|-unboost|p1a: Godzilla|spe|1\n|-weather|Sandstorm|[from] ability: Sand Stream|[of] p1a: Godzilla\n|turn|12\n|\n|t:|1700202846\n|move|p2a: Serperior|Hidden Power|p1a: Godzilla\n|-resisted|p1a: Godzilla\n|-damage|p1a: Godzilla|0 fnt\n|faint|p1a: Godzilla\n|\n|-weather|Sandstorm|[upkeep]\n|-damage|p2a: Serperior|40\/100|[from] Sandstorm\n|-heal|p2a: Serperior|46\/100|[from] item: Leftovers\n|upkeep\n|\n|t:|1700202849\n|switch|p1a: Anguirus|Excadrill, M|100\/100\n|-activate|p1a: Anguirus|move: Sticky Web\n|-unboost|p1a: Anguirus|spe|1\n|turn|13\n|\n|t:|1700202852\n|move|p1a: Anguirus|Rapid Spin|p2a: Serperior\n|-activate|p2a: Serperior|move: Substitute|[damage]\n|-sideend|p1: Durr plant100|Sticky Web|[from] move: Rapid Spin|[of] p1a: Anguirus\n|-boost|p1a: Anguirus|spe|1\n|move|p2a: Serperior|Glare|p1a: Anguirus\n|-status|p1a: Anguirus|par\n|\n|-weather|Sandstorm|[upkeep]\n|-damage|p2a: Serperior|40\/100|[from] Sandstorm\n|-heal|p2a: Serperior|46\/100|[from] item: Leftovers\n|upkeep\n|turn|14\n|\n|t:|1700202857\n|move|p2a: Serperior|Leaf Storm|p1a: Anguirus\n|-damage|p1a: Anguirus|0 fnt\n|-boost|p2a: Serperior|spa|2\n|faint|p1a: Anguirus\n|\n|-weather|Sandstorm|[upkeep]\n|-damage|p2a: Serperior|40\/100|[from] Sandstorm\n|-heal|p2a: Serperior|46\/100|[from] item: Leftovers\n|upkeep\n|inactive|Durr plant100 has 120 seconds left.\n|c|\u2606Durr plant100|???\n|\n|t:|1700202910\n|switch|p1a: Millenian|Nihilego|100\/100\n|turn|15\n|c|\u2606chh12345|\u3002\n|\n|t:|1700202920\n|move|p2a: Serperior|Leaf Storm|p1a: Millenian\n|-damage|p1a: Millenian|13\/100\n|move|p1a: Millenian|Meteor Beam||[still]\n|-prepare|p1a: Millenian|Meteor Beam\n|-boost|p1a: Millenian|spa|1\n|-enditem|p1a: Millenian|Power Herb\n|-anim|p1a: Millenian|Meteor Beam|p2a: Serperior\n|-supereffective|p2a: Serperior\n|-end|p2a: Serperior|Substitute\n|\n|-weather|Sandstorm|[upkeep]\n|-damage|p2a: Serperior|40\/100|[from] Sandstorm\n|-heal|p2a: Serperior|46\/100|[from] item: Leftovers\n|upkeep\n|turn|16\n|\n|t:|1700202928\n|move|p2a: Serperior|Hidden Power|p1a: Millenian\n|-resisted|p1a: Millenian\n|-damage|p1a: Millenian|0 fnt\n|faint|p1a: Millenian\n|\n|-weather|none\n|-heal|p2a: Serperior|52\/100|[from] item: Leftovers\n|upkeep\n|\n|t:|1700202933\n|switch|p1a: Varan|Gliscor, M|100\/100\n|turn|17\n|\n|t:|1700202941\n|move|p2a: Serperior|Leaf Storm|p1a: Varan\n|-damage|p1a: Varan|0 fnt\n|faint|p1a: Varan\n|\n|-heal|p2a: Serperior|58\/100|[from] item: Leftovers\n|upkeep\n|\n|t:|1700202946\n|switch|p1a: Gabara|Ogerpon-Wellspring, F|100\/100\n|turn|18\n|\n|t:|1700202949\n|move|p2a: Serperior|Glare|p1a: Gabara\n|-status|p1a: Gabara|par\n|move|p1a: Gabara|Knock Off|p2a: Serperior\n|-damage|p2a: Serperior|12\/100\n|-enditem|p2a: Serperior|Leftovers|[from] move: Knock Off|[of] p1a: Gabara\n|\n|upkeep\n|turn|19\n|\n|t:|1700202953\n|move|p2a: Serperior|Leaf Storm|p1a: Gabara\n|-damage|p1a: Gabara|0 fnt\n|faint|p1a: Gabara\n|\n|win|chh12345\n|raw|Durr plant100's rating: 1545 &rarr; <strong>1526<\/strong><br \/>(-19 for losing)\n|raw|chh12345's rating: 1567 &rarr; <strong>1586<\/strong><br \/>(+19 for winning)\n|l|\u2606chh12345\n|l| Ghha\n","uploadtime":1700202998,"views":33,"p1id":"durrplant100","p2id":"chh12345","formatid":"gen9nationaldex","rating":1526,"private":0,"password":""}