{"id":"gen9nationaldex-1995414662","p1":"Myuuian strats","p2":"WowACow","format":"[Gen 9] National Dex","log":"|html|<div class=\"broadcast-blue\"><strong>[Gen 9] National Dex is currently suspecting Sneasler! For information on how to participate check out the <a href=\"https:\/\/www.smogon.com\/forums\/threads\/sv-national-dex-suspect-8-just-dance.3731534\/\">suspect thread<\/a>.<\/strong><\/div>\n|j|\u2606Myuuian strats\n|j|\u2606WowACow\n|t:|1700567708\n|gametype|singles\n|player|p1|Myuuian strats|lucas|1314\n|player|p2|WowACow|youngster-gen4dp|1255\n|teamsize|p1|6\n|teamsize|p2|6\n|gen|9\n|tier|[Gen 9] National Dex\n|rated|\n|rule|HP Percentage Mod: HP is shown in percentages\n|rule|Endless Battle Clause: Forcing endless battles is banned\n|rule|OHKO Clause: OHKO moves are banned\n|rule|Evasion Clause: Evasion abilities, items, and moves are banned\n|rule|Evasion Abilities Clause: Evasion abilities are banned\n|rule|Evasion Items Clause: Evasion items are banned\n|rule|Evasion Moves Clause: Evasion moves are banned\n|rule|Species Clause: Limit one of each Pok\u00e9mon\n|rule|Sleep Clause Mod: Limit one foe put to sleep\n|clearpoke\n|poke|p1|Conkeldurr, M|\n|poke|p1|Infernape, F|\n|poke|p1|Ogerpon-Wellspring, F|\n|poke|p1|Victreebel, M|\n|poke|p1|Empoleon, F|\n|poke|p1|Ribombee, M|\n|poke|p2|Tyranitar, F|\n|poke|p2|Aegislash, M|\n|poke|p2|Tornadus-Therian, M|\n|poke|p2|Scizor, M|\n|poke|p2|Iron Valiant|\n|poke|p2|Gastrodon, F|\n|teampreview\n|inactive|Battle timer is ON: inactive players will automatically lose when time's up. (requested by Myuuian strats)\n|j| Ryoko7\n|\n|t:|1700567723\n|start\n|switch|p1a: Beckett|Ribombee, M|100\/100\n|switch|p2a: Tyranitar|Tyranitar, F|100\/100\n|-weather|Sandstorm|[from] ability: Sand Stream|[of] p2a: Tyranitar\n|turn|1\n|\n|t:|1700567729\n|move|p1a: Beckett|Sticky Web|p2a: Tyranitar\n|-sidestart|p2: WowACow|move: Sticky Web\n|move|p2a: Tyranitar|Stone Edge|p1a: Beckett|[miss]\n|-miss|p2a: Tyranitar|p1a: Beckett\n|\n|-weather|Sandstorm|[upkeep]\n|-damage|p1a: Beckett|94\/100|[from] Sandstorm\n|upkeep\n|turn|2\n|\n|t:|1700567738\n|switch|p2a: Scizor|Scizor, M|100\/100\n|move|p1a: Beckett|Moonblast|p2a: Scizor\n|-resisted|p2a: Scizor\n|-damage|p2a: Scizor|78\/100\n|\n|-weather|Sandstorm|[upkeep]\n|-damage|p1a: Beckett|88\/100|[from] Sandstorm\n|upkeep\n|turn|3\n|\n|t:|1700567749\n|switch|p1a: Victor|Victreebel, M|100\/100\n|move|p2a: Scizor|Bullet Punch|p1a: Victor\n|-damage|p1a: Victor|70\/100\n|\n|-weather|Sandstorm|[upkeep]\n|-damage|p1a: Victor|64\/100|[from] Sandstorm\n|upkeep\n|turn|4\n|\n|t:|1700567757\n|switch|p2a: Tornadus|Tornadus-Therian, M|100\/100\n|move|p1a: Victor|Strength Sap|p2a: Tornadus\n|-unboost|p2a: Tornadus|atk|1\n|-heal|p1a: Victor|100\/100\n|\n|-weather|Sandstorm|[upkeep]\n|-damage|p2a: Tornadus|94\/100|[from] Sandstorm\n|-damage|p1a: Victor|94\/100|[from] Sandstorm\n|upkeep\n|turn|5\n|l| Ryoko7\n|\n|t:|1700567761\n|switch|p1a: Celia|Empoleon, F|100\/100\n|move|p2a: Tornadus|U-turn|p1a: Celia\n|-resisted|p1a: Celia\n|-damage|p1a: Celia|95\/100\n|\n|t:|1700567774\n|switch|p2a: Scizor|Scizor, M|78\/100|[from] U-turn\n|\n|-weather|none\n|-heal|p1a: Celia|100\/100|[from] item: Leftovers\n|upkeep\n|turn|6\n|\n|t:|1700567779\n|move|p2a: Scizor|Close Combat|p1a: Celia\n|-supereffective|p1a: Celia\n|-damage|p1a: Celia|0 fnt\n|-unboost|p2a: Scizor|def|1\n|-unboost|p2a: Scizor|spd|1\n|faint|p1a: Celia\n|\n|upkeep\n|\n|t:|1700567783\n|switch|p1a: Liz|Infernape, F|100\/100\n|turn|7\n|\n|t:|1700567787\n|move|p1a: Liz|Nasty Plot|p1a: Liz\n|-boost|p1a: Liz|spa|2\n|move|p2a: Scizor|U-turn|p1a: Liz\n|-resisted|p1a: Liz\n|-damage|p1a: Liz|86\/100\n|\n|t:|1700567793\n|switch|p2a: Tornadus|Tornadus-Therian, M|100\/100|[from] U-turn\n|\n|-heal|p1a: Liz|92\/100|[from] item: Leftovers\n|upkeep\n|turn|8\n|\n|t:|1700567799\n|-terastallize|p1a: Liz|Flying\n|move|p2a: Tornadus|Bleakwind Storm|p1a: Liz\n|-damage|p1a: Liz|37\/100\n|-unboost|p1a: Liz|spe|1\n|move|p1a: Liz|Fire Blast|p2a: Tornadus\n|-damage|p2a: Tornadus|0 fnt\n|faint|p2a: Tornadus\n|\n|-heal|p1a: Liz|43\/100|[from] item: Leftovers\n|upkeep\n|\n|t:|1700567805\n|switch|p2a: Scizor|Scizor, M|78\/100\n|turn|9\n|\n|t:|1700567812\n|move|p2a: Scizor|Bullet Punch|p1a: Liz\n|-damage|p1a: Liz|0 fnt\n|faint|p1a: Liz\n|\n|upkeep\n|\n|t:|1700567817\n|switch|p1a: Azure|Ogerpon-Wellspring, F|100\/100\n|turn|10\n|\n|t:|1700567826\n|move|p1a: Azure|Knock Off|p2a: Scizor\n|-damage|p2a: Scizor|40\/100\n|-enditem|p2a: Scizor|Heavy-Duty Boots|[from] move: Knock Off|[of] p1a: Azure\n|move|p2a: Scizor|U-turn|p1a: Azure\n|-supereffective|p1a: Azure\n|-damage|p1a: Azure|0 fnt\n|faint|p1a: Azure\n|-message|Myuuian strats forfeited.\n|\n|win|WowACow\n|raw|Myuuian strats's rating: 1314 &rarr; <strong>1291<\/strong><br \/>(-23 for losing)\n|raw|WowACow's rating: 1255 &rarr; <strong>1284<\/strong><br \/>(+29 for winning)\n|l|\u2606Myuuian strats\n","uploadtime":1700567836,"views":0,"p1id":"myuuianstrats","p2id":"wowacow","formatid":"gen9nationaldex","rating":1284,"private":0,"password":""}