{"id":"gen9nationaldex-1991119000","p1":"Twind_gg","p2":"Lena The Lesbian","format":"[Gen 9] National Dex","log":"|j|\u2606Twind_gg\n|j|\u2606Lena The Lesbian\n|t:|1700045822\n|gametype|singles\n|player|p1|Twind_gg|falkner|1059\n|player|p2|Lena The Lesbian|dawn|1087\n|teamsize|p1|6\n|teamsize|p2|6\n|gen|9\n|tier|[Gen 9] National Dex\n|rated|\n|rule|HP Percentage Mod: HP is shown in percentages\n|rule|Endless Battle Clause: Forcing endless battles is banned\n|rule|OHKO Clause: OHKO moves are banned\n|rule|Evasion Clause: Evasion abilities, items, and moves are banned\n|rule|Evasion Abilities Clause: Evasion abilities are banned\n|rule|Evasion Items Clause: Evasion items are banned\n|rule|Evasion Moves Clause: Evasion moves are banned\n|rule|Species Clause: Limit one of each Pok\u00e9mon\n|rule|Sleep Clause Mod: Limit one foe put to sleep\n|clearpoke\n|poke|p1|Gallade, M|\n|poke|p1|Aegislash, M|\n|poke|p1|Garganacl, F|\n|poke|p1|Volcarona, M|\n|poke|p1|Zapdos|\n|poke|p1|Politoed, F|\n|poke|p2|Tangela, F|\n|poke|p2|Piloswine, F|\n|poke|p2|Araquanid, F|\n|poke|p2|Murkrow, F|\n|poke|p2|Nihilego|\n|poke|p2|Slowking, F|\n|teampreview\n|\n|t:|1700045830\n|start\n|switch|p1a: Zapdos|Zapdos|100\/100\n|switch|p2a: Charlotte|Araquanid, F, shiny|100\/100\n|turn|1\n|\n|t:|1700045840\n|switch|p2a: Pillow|Piloswine, F, shiny|100\/100\n|move|p1a: Zapdos|Volt Switch|p2a: Pillow\n|-immune|p2a: Pillow\n|\n|upkeep\n|turn|2\n|\n|t:|1700045848\n|switch|p1a: Politoed|Politoed, F|100\/100\n|-weather|RainDance|[from] ability: Drizzle|[of] p1a: Politoed\n|move|p2a: Pillow|Earthquake|p1a: Politoed\n|-damage|p1a: Politoed|49\/100\n|\n|-weather|RainDance|[upkeep]\n|upkeep\n|turn|3\n|\n|t:|1700045868\n|switch|p2a: Charlotte|Araquanid, F, shiny|100\/100\n|-terastallize|p1a: Politoed|Ground\n|move|p1a: Politoed|Scald|p2a: Charlotte\n|-resisted|p2a: Charlotte\n|-damage|p2a: Charlotte|77\/100\n|\n|-weather|RainDance|[upkeep]\n|upkeep\n|turn|4\n|\n|t:|1700045882\n|-terastallize|p2a: Charlotte|Water\n|move|p1a: Politoed|Earth Power|p2a: Charlotte\n|-damage|p2a: Charlotte|42\/100\n|move|p2a: Charlotte|Liquidation|p1a: Politoed\n|-supereffective|p1a: Politoed\n|-damage|p1a: Politoed|0 fnt\n|faint|p1a: Politoed\n|\n|-weather|RainDance|[upkeep]\n|upkeep\n|inactive|Battle timer is ON: inactive players will automatically lose when time's up. (requested by Lena The Lesbian)\n|\n|t:|1700045892\n|switch|p1a: Zapdos|Zapdos|100\/100\n|turn|5\n|\n|t:|1700045900\n|move|p1a: Zapdos|Hurricane|p2a: Charlotte\n|-damage|p2a: Charlotte|0 fnt\n|faint|p2a: Charlotte\n|\n|-weather|RainDance|[upkeep]\n|upkeep\n|\n|t:|1700045906\n|switch|p2a: Bloo|Nihilego, shiny|100\/100\n|turn|6\n|\n|t:|1700045914\n|switch|p1a: Kingsler|Gallade, M, shiny|100\/100\n|move|p2a: Bloo|Power Gem|p1a: Kingsler\n|-resisted|p1a: Kingsler\n|-damage|p1a: Kingsler|77\/100\n|\n|-weather|RainDance|[upkeep]\n|upkeep\n|turn|7\n|inactive|Twind_gg has 120 seconds left.\n|\n|t:|1700045956\n|switch|p2a: Noodle|Tangela, F, shiny|100\/100\n|move|p1a: Kingsler|Sacred Sword|p2a: Noodle\n|-damage|p2a: Noodle|58\/100\n|\n|-weather|RainDance|[upkeep]\n|upkeep\n|turn|8\n|inactive|Lena The Lesbian has 120 seconds left.\n|\n|t:|1700045994\n|detailschange|p1a: Kingsler|Gallade-Mega, M, shiny\n|-mega|p1a: Kingsler|Gallade|Galladite\n|move|p1a: Kingsler|Psycho Cut|p2a: Noodle\n|-damage|p2a: Noodle|30\/100\n|move|p2a: Noodle|Giga Drain|p1a: Kingsler\n|-damage|p1a: Kingsler|38\/100\n|-heal|p2a: Noodle|46\/100|[from] drain|[of] p1a: Kingsler\n|\n|-weather|RainDance|[upkeep]\n|upkeep\n|turn|9\n|inactive|Lena The Lesbian has 120 seconds left.\n|\n|t:|1700046007\n|move|p1a: Kingsler|Sacred Sword|p2a: Noodle\n|-damage|p2a: Noodle|13\/100\n|move|p2a: Noodle|Giga Drain|p1a: Kingsler\n|-damage|p1a: Kingsler|0 fnt\n|-heal|p2a: Noodle|29\/100|[from] drain|[of] p1a: Kingsler\n|faint|p1a: Kingsler\n|\n|-weather|none\n|upkeep\n|\n|t:|1700046018\n|switch|p1a: Volcarona|Volcarona, M, shiny|100\/100\n|turn|10\n|\n|t:|1700046022\n|switch|p2a: Bloo|Nihilego, shiny|100\/100\n|move|p1a: Volcarona|Fiery Dance|p2a: Bloo\n|-resisted|p2a: Bloo\n|-damage|p2a: Bloo|88\/100\n|-boost|p1a: Volcarona|spa|1\n|\n|upkeep\n|turn|11\n|inactive|Twind_gg has 120 seconds left.\n|\n|t:|1700046034\n|move|p2a: Bloo|Power Gem|p1a: Volcarona\n|-supereffective|p1a: Volcarona\n|-enditem|p1a: Volcarona|Focus Sash\n|-damage|p1a: Volcarona|1\/100\n|move|p1a: Volcarona|Giga Drain|p2a: Bloo\n|-damage|p2a: Bloo|67\/100\n|-heal|p1a: Volcarona|11\/100|[from] drain|[of] p2a: Bloo\n|\n|upkeep\n|turn|12\n|inactive|Twind_gg has 120 seconds left.\n|\n|t:|1700046049\n|switch|p1a: Garganacl|Garganacl, F|100\/100\n|move|p2a: Bloo|Power Gem|p1a: Garganacl\n|-damage|p1a: Garganacl|75\/100\n|\n|upkeep\n|turn|13\n|inactive|Twind_gg has 120 seconds left.\n|\n|t:|1700046060\n|switch|p2a: Noodle|Tangela, F, shiny|62\/100\n|move|p1a: Garganacl|Earthquake|p2a: Noodle\n|-resisted|p2a: Noodle\n|-damage|p2a: Noodle|52\/100\n|\n|upkeep\n|turn|14\n|\n|t:|1700046069\n|move|p2a: Noodle|Infestation|p1a: Garganacl\n|-damage|p1a: Garganacl|70\/100\n|-activate|p1a: Garganacl|move: Infestation|[of] p2a: Noodle\n|move|p1a: Garganacl|Salt Cure|p2a: Noodle\n|-damage|p2a: Noodle|42\/100\n|-start|p2a: Noodle|Salt Cure\n|\n|-damage|p2a: Noodle|29\/100|[from] Salt Cure\n|-damage|p1a: Garganacl|58\/100|[from] move: Infestation|[partiallytrapped]\n|upkeep\n|turn|15\n|\n|t:|1700046079\n|move|p2a: Noodle|Giga Drain|p1a: Garganacl\n|-supereffective|p1a: Garganacl\n|-damage|p1a: Garganacl|14\/100\n|-heal|p2a: Noodle|56\/100|[from] drain|[of] p1a: Garganacl\n|move|p1a: Garganacl|Avalanche|p2a: Noodle\n|-supereffective|p2a: Noodle\n|-damage|p2a: Noodle|9\/100\n|\n|-damage|p2a: Noodle|0 fnt|[from] Salt Cure\n|faint|p2a: Noodle\n|-end|p1a: Garganacl|Infestation|[partiallytrapped]|[silent]\n|upkeep\n|\n|t:|1700046094\n|switch|p2a: Bloo|Nihilego, shiny|67\/100\n|turn|16\n|\n|t:|1700046103\n|move|p2a: Bloo|Power Gem|p1a: Garganacl\n|-damage|p1a: Garganacl|0 fnt\n|faint|p1a: Garganacl\n|-ability|p2a: Bloo|Beast Boost|boost\n|-boost|p2a: Bloo|spa|1\n|\n|upkeep\n|\n|t:|1700046110\n|switch|p1a: Aegislash|Aegislash, M, shiny|100\/100\n|turn|17\n|\n|t:|1700046127\n|move|p2a: Bloo|Thunderbolt|p1a: Aegislash\n|-damage|p1a: Aegislash|64\/100\n|-formechange|p1a: Aegislash|Aegislash-Blade||[from] ability: Stance Change\n|move|p1a: Aegislash|Brick Break|p2a: Bloo\n|-damage|p2a: Bloo|14\/100\n|\n|upkeep\n|turn|18\n|\n|t:|1700046135\n|-formechange|p1a: Aegislash|Aegislash||[from] ability: Stance Change\n|move|p1a: Aegislash|King's Shield|p1a: Aegislash\n|-singleturn|p1a: Aegislash|Protect\n|move|p2a: Bloo|Thunderbolt|p1a: Aegislash\n|-activate|p1a: Aegislash|move: Protect\n|\n|upkeep\n|turn|19\n|\n|t:|1700046142\n|move|p2a: Bloo|Thunderbolt|p1a: Aegislash\n|-damage|p1a: Aegislash|30\/100\n|-formechange|p1a: Aegislash|Aegislash-Blade||[from] ability: Stance Change\n|move|p1a: Aegislash|Brick Break|p2a: Bloo\n|-damage|p2a: Bloo|0 fnt\n|faint|p2a: Bloo\n|\n|upkeep\n|\n|t:|1700046163\n|switch|p2a: Nimbus|Murkrow, F, shiny|100\/100\n|turn|20\n|\n|t:|1700046168\n|-formechange|p1a: Aegislash|Aegislash||[from] ability: Stance Change\n|move|p1a: Aegislash|King's Shield|p1a: Aegislash\n|-singleturn|p1a: Aegislash|Protect\n|move|p2a: Nimbus|Substitute|p2a: Nimbus\n|-start|p2a: Nimbus|Substitute\n|-damage|p2a: Nimbus|76\/100\n|\n|upkeep\n|turn|21\n|\n|t:|1700046187\n|switch|p1a: Zapdos|Zapdos|100\/100\n|move|p2a: Nimbus|Sucker Punch||[still]\n|-fail|p2a: Nimbus\n|\n|upkeep\n|turn|22\n|inactive|Twind_gg has 120 seconds left.\n|\n|t:|1700046216\n|move|p2a: Nimbus|Sucker Punch|p1a: Zapdos\n|-damage|p1a: Zapdos|60\/100\n|move|p1a: Zapdos|Volt Switch|p2a: Nimbus\n|-supereffective|p2a: Nimbus\n|-end|p2a: Nimbus|Substitute\n|inactive|Twind_gg has 120 seconds left.\n|\n|t:|1700046226\n|switch|p1a: Volcarona|Volcarona, M, shiny|11\/100|[from] Volt Switch\n|\n|upkeep\n|turn|23\n|inactive|Twind_gg has 120 seconds left.\n|\n|t:|1700046237\n|move|p2a: Nimbus|Sucker Punch||[still]\n|-fail|p2a: Nimbus\n|move|p1a: Volcarona|Quiver Dance|p1a: Volcarona\n|-boost|p1a: Volcarona|spa|1\n|-boost|p1a: Volcarona|spd|1\n|-boost|p1a: Volcarona|spe|1\n|\n|upkeep\n|turn|24\n|inactive|Twind_gg has 120 seconds left.\n|\n|t:|1700046246\n|move|p2a: Nimbus|Substitute|p2a: Nimbus\n|-start|p2a: Nimbus|Substitute\n|-damage|p2a: Nimbus|51\/100\n|move|p1a: Volcarona|Quiver Dance|p1a: Volcarona\n|-boost|p1a: Volcarona|spa|1\n|-boost|p1a: Volcarona|spd|1\n|-boost|p1a: Volcarona|spe|1\n|\n|upkeep\n|turn|25\n|\n|t:|1700046253\n|move|p2a: Nimbus|Sucker Punch||[still]\n|-fail|p2a: Nimbus\n|move|p1a: Volcarona|Quiver Dance|p1a: Volcarona\n|-boost|p1a: Volcarona|spa|1\n|-boost|p1a: Volcarona|spd|1\n|-boost|p1a: Volcarona|spe|1\n|\n|upkeep\n|turn|26\n|\n|t:|1700046260\n|move|p1a: Volcarona|Quiver Dance|p1a: Volcarona\n|-boost|p1a: Volcarona|spa|1\n|-boost|p1a: Volcarona|spd|1\n|-boost|p1a: Volcarona|spe|1\n|move|p2a: Nimbus|Brave Bird|p1a: Volcarona\n|-supereffective|p1a: Volcarona\n|-damage|p1a: Volcarona|0 fnt\n|-status|p2a: Nimbus|brn|[from] ability: Flame Body|[of] p1a: Volcarona\n|faint|p1a: Volcarona\n|-damage|p2a: Nimbus|46\/100 brn|[from] Recoil\n|\n|-damage|p2a: Nimbus|40\/100 brn|[from] brn\n|upkeep\n|\n|t:|1700046271\n|switch|p1a: Zapdos|Zapdos|60\/100\n|turn|27\n|\n|t:|1700046276\n|move|p2a: Nimbus|Sucker Punch|p1a: Zapdos\n|-damage|p1a: Zapdos|42\/100\n|move|p1a: Zapdos|Thunder|p2a: Nimbus|[miss]\n|-miss|p1a: Zapdos|p2a: Nimbus\n|\n|-damage|p2a: Nimbus|33\/100 brn|[from] brn\n|upkeep\n|turn|28\n|\n|t:|1700046284\n|-zpower|p2a: Nimbus\n|move|p2a: Nimbus|Z-Mirror Move|p1a: Zapdos|[anim]Mirror Move\n|-boost|p2a: Nimbus|atk|2|[zeffect]\n|move|p2a: Nimbus|Gigavolt Havoc|p1a: Zapdos|[from]move: Mirror Move\n|-damage|p1a: Zapdos|0 fnt\n|faint|p1a: Zapdos\n|\n|-damage|p2a: Nimbus|27\/100 brn|[from] brn\n|upkeep\n|\n|t:|1700046295\n|switch|p1a: Aegislash|Aegislash, M, shiny|30\/100\n|turn|29\n|\n|t:|1700046302\n|move|p2a: Nimbus|Sucker Punch|p1a: Aegislash\n|-supereffective|p1a: Aegislash\n|-damage|p1a: Aegislash|0 fnt\n|faint|p1a: Aegislash\n|\n|win|Lena The Lesbian\n|raw|Twind_gg's rating: 1059 &rarr; <strong>1042<\/strong><br \/>(-17 for losing)\n|raw|Lena The Lesbian's rating: 1087 &rarr; <strong>1112<\/strong><br \/>(+25 for winning)\n|l|\u2606Twind_gg\n","uploadtime":1700046314,"views":4,"p1id":"twindgg","p2id":"lenathelesbian","formatid":"gen9nationaldex","rating":1042,"private":0,"password":""}