{"id":"gen9nationaldex-1988838832","p1":"dadi02","p2":"ValJester","format":"[Gen 9] National Dex","log":"|j|\u2606dadi02\n|j|\u2606ValJester\n|t:|1699771203\n|gametype|singles\n|player|p1|dadi02|guitarist|1273\n|player|p2|ValJester|artist-gen4|1294\n|teamsize|p1|6\n|teamsize|p2|6\n|gen|9\n|tier|[Gen 9] National Dex\n|rated|\n|rule|HP Percentage Mod: HP is shown in percentages\n|rule|Endless Battle Clause: Forcing endless battles is banned\n|rule|OHKO Clause: OHKO moves are banned\n|rule|Evasion Clause: Evasion abilities, items, and moves are banned\n|rule|Evasion Abilities Clause: Evasion abilities are banned\n|rule|Evasion Items Clause: Evasion items are banned\n|rule|Evasion Moves Clause: Evasion moves are banned\n|rule|Species Clause: Limit one of each Pok\u00e9mon\n|rule|Sleep Clause Mod: Limit one foe put to sleep\n|clearpoke\n|poke|p1|Golisopod, F|\n|poke|p1|Hoopa-Unbound|\n|poke|p1|Zapdos|\n|poke|p1|Landorus-Therian, M|\n|poke|p1|Heatran, M|\n|poke|p1|Scizor, F|\n|poke|p2|Lokix, M|\n|poke|p2|Centiskorch, F|\n|poke|p2|Ogerpon, F|\n|poke|p2|Galvantula, F|\n|poke|p2|Glimmora, F|\n|poke|p2|Goodra-Hisui, M|\n|teampreview\n|inactive|Battle timer is ON: inactive players will automatically lose when time's up. (requested by dadi02)\n|\n|t:|1699771211\n|start\n|switch|p1a: Scizor|Scizor, F|100\/100\n|switch|p2a: Ogerpon|Ogerpon, F|100\/100\n|turn|1\n|\n|t:|1699771217\n|detailschange|p1a: Scizor|Scizor-Mega, F\n|-mega|p1a: Scizor|Scizor|Scizorite\n|move|p2a: Ogerpon|U-turn|p1a: Scizor\n|-resisted|p1a: Scizor\n|-damage|p1a: Scizor|92\/100\n|\n|t:|1699771219\n|switch|p2a: Goodra|Goodra-Hisui, M|100\/100|[from] U-turn\n|move|p1a: Scizor|U-turn|p2a: Goodra\n|-resisted|p2a: Goodra\n|-crit|p2a: Goodra\n|-damage|p2a: Goodra|77\/100\n|\n|t:|1699771226\n|switch|p1a: Hoopa|Hoopa-Unbound|100\/100|[from] U-turn\n|\n|-heal|p2a: Goodra|83\/100|[from] item: Leftovers\n|upkeep\n|turn|2\n|\n|t:|1699771232\n|switch|p2a: Glimmora|Glimmora, F|100\/100\n|-terastallize|p1a: Hoopa|Dark\n|move|p1a: Hoopa|Hyperspace Fury|p2a: Glimmora\n|-enditem|p2a: Glimmora|Focus Sash\n|-damage|p2a: Glimmora|1\/100\n|-unboost|p1a: Hoopa|def|1\n|-activate|p2a: Glimmora|ability: Toxic Debris\n|-sidestart|p1: dadi02|move: Toxic Spikes\n|\n|upkeep\n|turn|3\n|\n|t:|1699771246\n|move|p2a: Glimmora|Stealth Rock|p1a: Hoopa\n|-sidestart|p1: dadi02|move: Stealth Rock\n|move|p1a: Hoopa|Hyperspace Fury|p2a: Glimmora\n|-damage|p2a: Glimmora|0 fnt\n|-unboost|p1a: Hoopa|def|1\n|-activate|p2a: Glimmora|ability: Toxic Debris\n|-sidestart|p1: dadi02|move: Toxic Spikes\n|faint|p2a: Glimmora\n|\n|upkeep\n|\n|t:|1699771251\n|switch|p2a: Ogerpon|Ogerpon, F|100\/100\n|turn|4\n|\n|t:|1699771262\n|switch|p1a: Zapdos|Zapdos|100\/100\n|move|p2a: Ogerpon|U-turn|p1a: Zapdos\n|-resisted|p1a: Zapdos\n|-damage|p1a: Zapdos|93\/100\n|-status|p2a: Ogerpon|par|[from] ability: Static|[of] p1a: Zapdos\n|\n|t:|1699771269\n|switch|p2a: Galvantula|Galvantula, F|100\/100|[from] U-turn\n|\n|upkeep\n|turn|5\n|\n|t:|1699771274\n|move|p2a: Galvantula|Thunder|p1a: Zapdos\n|-damage|p1a: Zapdos|30\/100\n|move|p1a: Zapdos|Defog|p2a: Galvantula\n|-unboost|p2a: Galvantula|evasion|1\n|-sideend|p1: dadi02|Toxic Spikes|[from] move: Defog|[of] p1a: Zapdos\n|-sideend|p1: dadi02|Stealth Rock|[from] move: Defog|[of] p1a: Zapdos\n|\n|upkeep\n|turn|6\n|\n|t:|1699771282\n|switch|p2a: Ogerpon|Ogerpon, F|100\/100 par\n|switch|p1a: Landorus|Landorus-Therian, M, shiny|100\/100\n|-ability|p1a: Landorus|Intimidate|boost\n|-unboost|p2a: Ogerpon|atk|1\n|-ability|p2a: Ogerpon|Defiant|boost\n|-boost|p2a: Ogerpon|atk|2\n|\n|upkeep\n|turn|7\n|\n|t:|1699771299\n|move|p1a: Landorus|U-turn|p2a: Ogerpon\n|-supereffective|p2a: Ogerpon\n|-damage|p2a: Ogerpon|35\/100 par\n|\n|t:|1699771306\n|switch|p1a: Scizor|Scizor-Mega, F|92\/100|[from] U-turn\n|move|p2a: Ogerpon|Knock Off|p1a: Scizor\n|-damage|p1a: Scizor|69\/100\n|\n|upkeep\n|turn|8\n|-message|ValJester forfeited.\n|\n|win|dadi02\n|raw|dadi02's rating: 1273 &rarr; <strong>1300<\/strong><br \/>(+27 for winning)\n|raw|ValJester's rating: 1294 &rarr; <strong>1267<\/strong><br \/>(-27 for losing)\n|l|\u2606ValJester\n","uploadtime":1699771318,"views":5,"p1id":"dadi02","p2id":"valjester","formatid":"gen9nationaldex","rating":1267,"private":0,"password":""}